,NLS Time (ET),NLS Price,NLS Share Volume
1,09:59:40,$ 3420.10,100
2,09:59:36,$ 3420.805,179
3,09:59:36,$ 3420.9434,292
4,09:59:30,$ 3420.83,100
5,09:59:00,$ 3419.88,150
6,09:59:00,$ 3419.88,100
7,09:58:53,$ 3419.58,109
8,09:58:53,$ 3419.41,117
9,09:58:41,$ 3418.87,120
10,09:58:33,$ 3418.99,180
11,09:58:28,$ 3418.13,100
12,09:58:10,$ 3419.195,100
13,09:58:10,$ 3419.81,100
14,09:58:07,$ 3419.62,100
15,09:58:07,$ 3420.05,200
16,09:58:07,$ 3418.54,100
17,09:58:07,$ 3418.54,500
18,09:57:59,$ 3418.58,200
19,09:57:58,$ 3418.57,385
20,09:57:58,$ 3418.58,200
22,09:57:56,$ 3418.3758,100
23,09:57:52,$ 3418.00,100
24,09:57:36,$ 3418.115,100
25,09:57:29,$ 3418.47,100
26,09:57:28,$ 3419.91,100
27,09:57:14,$ 3421.385,100
28,09:57:13,$ 3422.175,100
29,09:57:10,$ 3421.4687,100
30,09:57:04,$ 3422.08,100
31,09:57:03,$ 3421.395,100
32,09:57:00,$ 3422.70,100
33,09:57:00,$ 3421.38,100
34,09:56:57,$ 3422.69,100
35,09:56:57,$ 3422.84,100
36,09:56:40,$ 3423.535,100
37,09:56:18,$ 3422.70,105
38,09:56:18,$ 3422.70,119
39,09:56:09,$ 3421.37,100
40,09:56:09,$ 3422.72,100
41,09:55:55,$ 3420.545,500
43,09:55:54,$ 3420.47,100
44,09:55:53,$ 3420.72,100
45,09:55:41,$ 3419.53,100
46,09:55:39,$ 3419.51,100
47,09:55:39,$ 3419.6228,200
48,09:55:39,$ 3419.21,100
49,09:55:39,$ 3419.60,100
50,09:55:37,$ 3420.10,100
51,09:55:37,$ 3420.68,100
52,09:55:37,$ 3420.28,100
53,09:55:22,$ 3421.00,100
54,09:55:22,$ 3419.2101,100
55,09:55:21,$ 3419.70,100
56,09:55:19,$ 3419.31,100
57,09:55:14,$ 3419.97,117
58,09:55:11,$ 3419.32,100
59,09:55:11,$ 3419.41,100
60,09:55:11,$ 3419.41,100
61,09:55:11,$ 3419.41,100
62,09:55:11,$ 3419.41,100
64,09:55:11,$ 3419.41,100
65,09:55:10,$ 3418.91,100
66,09:55:08,$ 3419.41,100
67,09:55:08,$ 3418.55,200
68,09:55:02,$ 3418.8922,100
69,09:54:59,$ 3418.9575,100
70,09:54:54,$ 3419.53,100
71,09:54:50,$ 3420.1316,100
72,09:54:46,$ 3419.75,100
73,09:54:46,$ 3419.75,100
74,09:54:46,$ 3419.76,102
75,09:54:46,$ 3419.50,100
76,09:54:46,$ 3419.76,100
77,09:54:46,$ 3419.76,100
78,09:54:46,$ 3419.50,100
79,09:54:46,$ 3418.33,100
80,09:54:45,$ 3418.40,180
81,09:54:45,$ 3418.29,100
82,09:54:45,$ 3418.30,100
83,09:54:45,$ 3418.41,100
85,09:54:45,$ 3418.64,300
86,09:54:37,$ 3417.06,100
87,09:54:37,$ 3417.65,100
88,09:54:37,$ 3418.00,200
89,09:54:36,$ 3416.74,100
90,09:54:36,$ 3417.38,108
91,09:54:31,$ 3415.325,100
92,09:54:24,$ 3416.30,200
93,09:54:22,$ 3416.62,100
94,09:54:12,$ 3417.08,100
95,09:54:12,$ 3416.76,100
96,09:54:09,$ 3418.32,100
97,09:54:01,$ 3416.36,100
98,09:53:54,$ 3416.7213,101
99,09:53:42,$ 3417.00,100
100,09:53:42,$ 3417.21,100
101,09:53:24,$ 3417.50,100
102,09:53:24,$ 3417.00,100
103,09:53:21,$ 3418.1657,100
104,09:53:18,$ 3417.39,100
106,09:53:06,$ 3417.27,100
107,09:53:03,$ 3416.01,114
108,09:53:03,$ 3416.01,200
109,09:52:56,$ 3416.32,100
110,09:52:56,$ 3416.32,100
111,09:52:50,$ 3417.03,235
112,09:52:49,$ 3416.53,100
113,09:52:49,$ 3416.53,100
114,09:52:44,$ 3415.437,500
115,09:52:43,$ 3417.22,100
116,09:52:41,$ 3416.437,500
117,09:52:35,$ 3417.03,100
118,09:52:31,$ 3417.45,100
119,09:52:26,$ 3420.24,223
120,09:52:23,$ 3420.6628,500
121,09:52:15,$ 3421.02,100
122,09:52:11,$ 3420.14,500
123,09:52:08,$ 3420.32,100
124,09:52:06,$ 3419.88,100
125,09:51:58,$ 3420.4787,239
127,09:51:58,$ 3420.4787,106
128,09:51:58,$ 3420.3545,740
129,09:51:56,$ 3419.21,100
130,09:51:54,$ 3418.64,130
131,09:51:54,$ 3418.3958,100
132,09:51:46,$ 3417.855,500
133,09:51:42,$ 3417.115,100
134,09:51:41,$ 3418.42,100
135,09:51:39,$ 3417.62,100
136,09:51:39,$ 3417.26,100
137,09:51:39,$ 3418.45,100
138,09:51:39,$ 3418.18,100
139,09:51:39,$ 3417.13,100
140,09:51:33,$ 3417.115,100
141,09:51:24,$ 3417.765,500
142,09:51:22,$ 3417.29,100
143,09:51:17,$ 3419.125,100
144,09:51:06,$ 3420.005,200
145,09:50:50,$ 3421.03,100
146,09:50:49,$ 3419.755,100
148,09:50:48,$ 3418.94,100
149,09:50:47,$ 3420.5272,996
150,09:50:41,$ 3420.20,100
151,09:50:39,$ 3419.80,100
152,09:50:39,$ 3420.38,101
153,09:50:30,$ 3423.00,115
154,09:50:15,$ 3424.00,100
155,09:50:04,$ 3422.455,100
156,09:50:03,$ 3423.02,100
157,09:50:03,$ 3422.84,100
158,09:49:40,$ 3422.122,500
159,09:49:30,$ 3421.06,100
160,09:49:29,$ 3421.05,472
161,09:49:25,$ 3419.45,117
162,09:49:25,$ 3419.46,115
163,09:49:24,$ 3418.535,100
164,09:49:15,$ 3419.27,100
165,09:49:15,$ 3419.02,100
166,09:49:06,$ 3418.53,114
167,09:49:05,$ 3416.275,100
169,09:49:05,$ 3418.82,100
170,09:49:05,$ 3418.47,100
171,09:49:02,$ 3418.07,100
172,09:49:00,$ 3418.50,123
173,09:49:00,$ 3418.50,100
174,09:48:56,$ 3419.198,500
175,09:48:55,$ 3419.14,100
176,09:48:49,$ 3419.23,100
177,09:48:49,$ 3420.00,100
178,09:48:49,$ 3420.00,100
179,09:48:38,$ 3421.99,500
180,09:48:33,$ 3421.125,100
181,09:48:30,$ 3421.81,100
182,09:48:25,$ 3422.368,100
183,09:48:25,$ 3422.392,114
184,09:48:25,$ 3422.40,100
185,09:48:23,$ 3421.81,100
186,09:48:20,$ 3422.67,100
187,09:48:18,$ 3423.405,100
188,09:48:16,$ 3424.025,100
190,09:48:15,$ 3423.30,100
191,09:48:12,$ 3424.995,100
192,09:48:09,$ 3425.01,100
193,09:48:02,$ 3425.1047,100
194,09:47:52,$ 3423.835,100
195,09:47:47,$ 3423.24,200
196,09:47:46,$ 3424.01,100
197,09:47:44,$ 3425.00,153
198,09:47:44,$ 3425.00,100
199,09:47:41,$ 3424.37,100
200,09:47:36,$ 3422.01,500
201,09:47:22,$ 3422.06,110
202,09:47:16,$ 3421.8394,150
203,09:47:02,$ 3422.06,100
204,09:47:02,$ 3422.07,115
205,09:47:02,$ 3422.08,117
206,09:46:51,$ 3421.54,200
207,09:46:51,$ 3421.00,100
208,09:46:49,$ 3422.01,100
209,09:46:49,$ 3422.00,253
211,09:46:49,$ 3422.625,100
212,09:46:47,$ 3422.00,100
213,09:46:47,$ 3422.645,250
214,09:46:42,$ 3423.98,100
215,09:46:42,$ 3422.87,100
216,09:46:39,$ 3422.87,100
217,09:46:39,$ 3421.935,200
218,09:46:39,$ 3421.00,100
219,09:46:31,$ 3423.29,100
220,09:46:25,$ 3423.18,100
221,09:46:25,$ 3423.24,100
222,09:46:24,$ 3422.91,100
223,09:46:23,$ 3423.31,100
224,09:46:21,$ 3422.85,200
225,09:46:21,$ 3423.81,100
226,09:46:20,$ 3424.38,100
227,09:46:20,$ 3423.69,100
228,09:46:20,$ 3423.64,200
229,09:46:20,$ 3423.66,100
230,09:46:20,$ 3423.66,130
232,09:46:19,$ 3423.055,100
233,09:46:19,$ 3423.045,100
234,09:46:19,$ 3423.135,100
235,09:46:19,$ 3423.04,100
236,09:46:19,$ 3423.045,100
237,09:46:19,$ 3423.045,100
238,09:46:19,$ 3422.48,100
239,09:46:19,$ 3422.48,100
240,09:46:19,$ 3422.47,100
241,09:46:17,$ 3423.06,400
242,09:46:17,$ 3422.52,100
243,09:46:10,$ 3423.00,100
244,09:46:05,$ 3422.175,100
245,09:46:05,$ 3422.175,100
246,09:46:04,$ 3422.875,100
247,09:45:59,$ 3421.385,100
248,09:45:59,$ 3422.465,100
249,09:45:59,$ 3422.27,117
250,09:45:57,$ 3422.34,100
251,09:45:54,$ 3421.16,100
253,09:45:54,$ 3421.13,100
254,09:45:48,$ 3420.9601,100
255,09:45:45,$ 3422.325,116
256,09:45:45,$ 3422.42,100
257,09:45:45,$ 3422.43,100
258,09:45:45,$ 3422.43,100
259,09:45:45,$ 3422.42,100
260,09:45:43,$ 3423.3725,100
261,09:45:42,$ 3422.4201,100
262,09:45:40,$ 3423.6645,100
263,09:45:36,$ 3421.44,500
264,09:45:34,$ 3422.4526,100
265,09:45:31,$ 3423.02,100
266,09:45:31,$ 3423.14,100
267,09:45:31,$ 3423.42,100
268,09:45:28,$ 3424.28,100
269,09:45:26,$ 3423.80,200
270,09:45:25,$ 3424.33,300
271,09:45:25,$ 3423.18,100
272,09:45:25,$ 3423.18,100
274,09:45:25,$ 3423.18,100
275,09:45:25,$ 3422.03,300
276,09:45:25,$ 3422.02,100
277,09:45:25,$ 3422.70,100
278,09:45:25,$ 3422.56,500
279,09:45:23,$ 3422.45,100
280,09:45:22,$ 3421.20,100
281,09:45:22,$ 3422.25,100
282,09:45:22,$ 3421.37,100
283,09:45:22,$ 3421.19,100
284,09:45:22,$ 3421.77,100
285,09:45:22,$ 3421.28,100
286,09:45:22,$ 3421.28,100
287,09:45:22,$ 3421.67,100
288,09:45:21,$ 3421.245,100
289,09:45:18,$ 3420.0636,100
290,09:45:10,$ 3423.18,105
291,09:45:04,$ 3418.81,100
292,09:45:00,$ 3417.76,100
293,09:44:59,$ 3418.15,100
295,09:44:45,$ 3416.86,100
296,09:44:44,$ 3416.6926,100
297,09:44:37,$ 3415.5855,150
298,09:44:35,$ 3417.25,100
299,09:44:35,$ 3415.87,100
300,09:44:35,$ 3415.75,200
301,09:44:33,$ 3415.375,200
302,09:44:33,$ 3414.93,100
303,09:44:33,$ 3414.90,100
304,09:44:33,$ 3414.85,100
305,09:44:30,$ 3415.435,500
306,09:44:30,$ 3415.50,100
307,09:44:29,$ 3415.43,176
308,09:44:28,$ 3414.65,194
309,09:44:28,$ 3414.39,115
310,09:44:28,$ 3414.54,100
311,09:44:27,$ 3413.73,100
312,09:44:26,$ 3414.39,100
313,09:44:26,$ 3414.38,100
314,09:44:25,$ 3414.374,100
316,09:44:25,$ 3414.342,100
317,09:44:24,$ 3414.18,100
318,09:44:23,$ 3413.335,100
319,09:44:22,$ 3414.05,100
320,09:44:22,$ 3414.08,100
321,09:44:19,$ 3414.135,100
322,09:44:19,$ 3414.60,500
323,09:44:18,$ 3414.82,100
324,09:44:17,$ 3414.90,100
325,09:44:11,$ 3414.75,100
326,09:44:08,$ 3414.70,100
327,09:44:06,$ 3415.86,100
328,09:44:06,$ 3415.61,100
329,09:44:06,$ 3417.62,100
330,09:44:06,$ 3417.62,100
331,09:44:05,$ 3417.62,100
332,09:44:05,$ 3417.62,100
333,09:44:05,$ 3416.79,100
334,09:44:02,$ 3416.87,100
335,09:44:00,$ 3417.955,100
337,09:44:00,$ 3418.95,250
338,09:43:58,$ 3419.34,100
339,09:43:56,$ 3419.37,100
340,09:43:56,$ 3419.60,100
341,09:43:55,$ 3420.65,"1,998"
342,09:43:54,$ 3420.09,100
343,09:43:54,$ 3418.95,100
344,09:43:54,$ 3418.93,100
345,09:43:54,$ 3418.96,100
346,09:43:54,$ 3419.38,100
347,09:43:54,$ 3419.33,100
348,09:43:54,$ 3419.09,100
349,09:43:54,$ 3419.28,100
350,09:43:51,$ 3417.71,100
351,09:43:49,$ 3418.32,100
352,09:43:47,$ 3417.69,100
353,09:43:46,$ 3417.015,100
354,09:43:46,$ 3418.11,150
355,09:43:46,$ 3418.11,150
356,09:43:46,$ 3418.10,100
358,09:43:44,$ 3419.2046,100
359,09:43:41,$ 3418.56,100
360,09:43:41,$ 3418.69,500
361,09:43:30,$ 3417.73,325
362,09:43:30,$ 3418.02,100
363,09:43:30,$ 3418.10,100
364,09:43:30,$ 3418.22,100
365,09:43:30,$ 3418.28,100
366,09:43:30,$ 3418.27,100
367,09:43:28,$ 3416.3901,100
368,09:43:27,$ 3417.61,100
369,09:43:27,$ 3417.69,100
370,09:43:27,$ 3417.49,100
371,09:43:22,$ 3415.295,100
372,09:43:17,$ 3414.50,100
373,09:43:12,$ 3413.00,100
374,09:43:12,$ 3413.1192,257
375,09:43:08,$ 3413.6435,350
376,09:43:06,$ 3414.20,100
377,09:42:58,$ 3415.03,500
379,09:42:58,$ 3415.99,100
380,09:42:58,$ 3416.00,200
381,09:42:57,$ 3415.71,100
382,09:42:57,$ 3414.95,100
383,09:42:51,$ 3414.41,100
384,09:42:51,$ 3414.00,478
385,09:42:51,$ 3414.84,100
386,09:42:45,$ 3415.3142,150
387,09:42:44,$ 3415.64,100
388,09:42:44,$ 3415.65,152
389,09:42:43,$ 3414.95,100
390,09:42:41,$ 3415.53,100
391,09:42:40,$ 3415.22,100
392,09:42:40,$ 3415.30,100
393,09:42:39,$ 3415.03,100
394,09:42:39,$ 3414.84,100
395,09:42:39,$ 3415.36,100
396,09:42:35,$ 3416.08,100
397,09:42:33,$ 3416.66,180
398,09:42:32,$ 3416.33,100
400,09:42:32,$ 3416.42,100
401,09:42:32,$ 3417.9399,100
402,09:42:26,$ 3417.08,300
403,09:42:25,$ 3418.01,100
404,09:42:23,$ 3418.585,500
405,09:42:22,$ 3418.01,100
406,09:42:17,$ 3418.83,100
407,09:42:17,$ 3418.695,100
408,09:42:16,$ 3418.828,500
409,09:42:12,$ 3419.21,100
410,09:42:07,$ 3420.73,100
411,09:42:04,$ 3421.295,215
412,09:41:56,$ 3422.45,100
413,09:41:55,$ 3421.7649,292
414,09:41:46,$ 3422.12,100
415,09:41:45,$ 3423.10,100
416,09:41:45,$ 3422.86,100
417,09:41:44,$ 3420.53,100
418,09:41:44,$ 3421.2528,100
419,09:41:38,$ 3420.20,100
421,09:41:38,$ 3420.39,100
422,09:41:38,$ 3420.22,100
423,09:41:38,$ 3420.34,100
424,09:41:36,$ 3420.00,273
425,09:41:36,$ 3420.39,100
426,09:41:33,$ 3419.69,100
427,09:41:29,$ 3418.31,133
428,09:41:29,$ 3417.75,100
429,09:41:29,$ 3417.66,100
430,09:41:27,$ 3416.1849,337
431,09:41:26,$ 3417.495,100
432,09:41:26,$ 3417.50,100
433,09:41:23,$ 3417.60,100
434,09:41:23,$ 3417.77,100
435,09:41:20,$ 3417.6467,600
436,09:41:15,$ 3417.64,100
437,09:41:15,$ 3417.77,100
438,09:41:14,$ 3417.89,100
439,09:41:14,$ 3417.69,100
440,09:41:12,$ 3418.00,136
442,09:41:12,$ 3417.2901,100
443,09:41:12,$ 3418.00,100
444,09:41:12,$ 3418.97,100
445,09:41:09,$ 3418.88,100
446,09:41:08,$ 3418.9779,100
447,09:41:08,$ 3418.89,100
448,09:41:08,$ 3419.37,100
449,09:41:07,$ 3419.37,100
450,09:41:05,$ 3420.39,100
451,09:41:04,$ 3420.8479,250
452,09:40:59,$ 3422.02,100
453,09:40:48,$ 3421.03,100
454,09:40:46,$ 3420.805,100
455,09:40:46,$ 3421.35,100
456,09:40:43,$ 3421.14,100
457,09:40:42,$ 3421.83,100
458,09:40:42,$ 3422.105,100
459,09:40:42,$ 3421.35,100
460,09:40:42,$ 3422.375,100
461,09:40:42,$ 3421.73,100
463,09:40:42,$ 3422.375,100
464,09:40:41,$ 3422.52,100
465,09:40:41,$ 3422.1841,220
466,09:40:38,$ 3424.42,303
467,09:40:38,$ 3423.90,100
468,09:40:38,$ 3423.14,100
469,09:40:38,$ 3423.14,100
470,09:40:38,$ 3422.66,100
471,09:40:38,$ 3422.66,100
472,09:40:32,$ 3422.94,127
473,09:40:29,$ 3422.475,100
474,09:40:27,$ 3422.47,100
475,09:40:27,$ 3422.45,100
476,09:40:27,$ 3422.30,100
477,09:40:26,$ 3422.13,100
478,09:40:24,$ 3421.96,100
479,09:40:23,$ 3422.60,100
480,09:40:22,$ 3422.02,100
481,09:40:21,$ 3422.54,500
482,09:40:19,$ 3422.0066,292
484,09:40:07,$ 3420.45,100
485,09:40:04,$ 3421.205,100
486,09:39:55,$ 3420.385,100
487,09:39:55,$ 3419.51,200
488,09:39:51,$ 3419.74,101
489,09:39:47,$ 3420.90,100
490,09:39:46,$ 3422.41,100
491,09:39:45,$ 3420.645,100
492,09:39:44,$ 3419.91,100
493,09:39:35,$ 3419.46,100
494,09:39:33,$ 3419.22,100
495,09:39:32,$ 3418.27,100
496,09:39:32,$ 3418.35,100
497,09:39:29,$ 3418.35,100
498,09:39:29,$ 3418.2521,154
499,09:39:29,$ 3420.02,100
500,09:39:29,$ 3420.00,154
501,09:39:29,$ 3420.00,100
502,09:39:29,$ 3420.00,207
503,09:39:28,$ 3420.29,100
505,09:39:28,$ 3420.29,100
506,09:39:28,$ 3420.13,100
507,09:39:28,$ 3420.13,100
508,09:39:24,$ 3421.135,100
509,09:39:15,$ 3421.39,100
510,09:39:15,$ 3422.69,100
511,09:39:15,$ 3422.68,100
512,09:39:15,$ 3422.69,100
513,09:39:15,$ 3422.69,100
514,09:39:04,$ 3423.92,100
515,09:39:01,$ 3423.21,100
516,09:39:01,$ 3423.40,100
517,09:38:59,$ 3424.49,100
518,09:38:50,$ 3423.74,100
519,09:38:50,$ 3423.47,100
520,09:38:50,$ 3423.47,100
521,09:38:44,$ 3424.49,100
522,09:38:41,$ 3423.935,250
523,09:38:40,$ 3425.11,100
524,09:38:40,$ 3424.65,116
526,09:38:38,$ 3424.16,100
527,09:38:37,$ 3424.04,165
528,09:38:37,$ 3424.15,100
529,09:38:37,$ 3424.17,135
530,09:38:36,$ 3422.52,165
531,09:38:31,$ 3425.06,100
532,09:38:31,$ 3425.30,100
533,09:38:28,$ 3425.26,100
534,09:38:28,$ 3425.12,100
535,09:38:26,$ 3427.6933,"2,255"
536,09:38:26,$ 3427.61,100
537,09:38:26,$ 3427.74,100
538,09:38:26,$ 3427.72,100
539,09:38:26,$ 3427.75,100
540,09:38:26,$ 3425.04,100
541,09:38:26,$ 3426.045,200
542,09:38:26,$ 3425.14,100
543,09:38:25,$ 3427.685,100
544,09:38:25,$ 3427.85,100
545,09:38:25,$ 3427.24,100
547,09:38:25,$ 3427.795,100
548,09:38:25,$ 3427.645,100
549,09:38:25,$ 3427.54,100
550,09:38:25,$ 3427.775,100
551,09:38:25,$ 3423.965,100
552,09:38:24,$ 3426.61,100
553,09:38:24,$ 3424.91,100
554,09:38:24,$ 3422.00,100
555,09:38:24,$ 3425.00,275
556,09:38:24,$ 3425.01,100
557,09:38:24,$ 3425.03,100
558,09:38:24,$ 3425.00,100
559,09:38:24,$ 3425.00,100
560,09:38:24,$ 3425.00,100
561,09:38:22,$ 3426.205,100
562,09:38:22,$ 3426.23,100
563,09:38:17,$ 3427.02,100
564,09:38:02,$ 3428.04,100
565,09:38:02,$ 3427.80,100
566,09:38:00,$ 3429.12,100
568,09:37:57,$ 3429.16,100
569,09:37:55,$ 3428.15,100
570,09:37:53,$ 3427.85,100
571,09:37:49,$ 3427.83,100
572,09:37:46,$ 3428.08,186
573,09:37:42,$ 3429.00,103
574,09:37:42,$ 3430.00,100
575,09:37:38,$ 3430.46,100
576,09:37:33,$ 3430.00,100
577,09:37:32,$ 3430.945,300
578,09:37:25,$ 3430.00,100
579,09:37:24,$ 3430.00,100
580,09:37:24,$ 3430.00,100
581,09:37:16,$ 3429.88,100
582,09:37:16,$ 3430.00,100
583,09:37:16,$ 3429.83,100
584,09:37:16,$ 3430.00,100
585,09:37:16,$ 3429.83,100
586,09:37:12,$ 3430.00,100
587,09:37:09,$ 3431.75,100
589,09:37:02,$ 3429.365,100
590,09:36:59,$ 3428.00,110
591,09:36:58,$ 3429.00,100
592,09:36:58,$ 3429.50,100
593,09:36:47,$ 3430.25,100
594,09:36:40,$ 3430.78,100
595,09:36:36,$ 3431.64,115
596,09:36:36,$ 3431.30,200
597,09:36:36,$ 3430.60,100
598,09:36:35,$ 3430.04,100
599,09:36:32,$ 3429.81,100
600,09:36:32,$ 3429.81,100
601,09:36:31,$ 3428.94,100
602,09:36:29,$ 3430.00,100
603,09:36:29,$ 3430.23,100
604,09:36:27,$ 3432.00,100
605,09:36:27,$ 3432.00,100
606,09:36:27,$ 3432.00,100
607,09:36:26,$ 3432.1993,100
608,09:36:25,$ 3433.18,100
610,09:36:23,$ 3433.1196,295
611,09:36:18,$ 3433.58,100
612,09:36:15,$ 3434.31,100
613,09:36:12,$ 3433.41,100
614,09:36:11,$ 3433.41,100
615,09:36:10,$ 3433.29,100
616,09:36:10,$ 3433.52,100
617,09:35:58,$ 3435.65,100
618,09:35:58,$ 3436.07,100
619,09:35:52,$ 3437.22,200
620,09:35:50,$ 3437.40,100
621,09:35:50,$ 3437.89,200
622,09:35:49,$ 3437.42,100
623,09:35:49,$ 3437.42,100
624,09:35:42,$ 3438.31,100
625,09:35:41,$ 3436.71,100
626,09:35:41,$ 3436.70,200
627,09:35:35,$ 3435.56,100
628,09:35:33,$ 3434.95,100
629,09:35:33,$ 3435.56,100
631,09:35:28,$ 3434.74,100
632,09:35:19,$ 3435.87,100
633,09:35:19,$ 3435.88,100
634,09:35:19,$ 3435.10,100
635,09:35:17,$ 3434.67,100
636,09:35:11,$ 3435.00,400
637,09:35:10,$ 3434.14,100
638,09:35:09,$ 3434.58,100
639,09:35:05,$ 3434.60,100
640,09:35:00,$ 3435.14,100
641,09:35:00,$ 3435.205,100
642,09:35:00,$ 3436.60,100
643,09:34:58,$ 3437.08,200
644,09:34:58,$ 3435.0001,200
645,09:34:54,$ 3435.305,100
646,09:34:48,$ 3436.27,100
647,09:34:19,$ 3440.13,100
648,09:34:19,$ 3439.68,100
649,09:34:19,$ 3439.955,100
650,09:34:18,$ 3438.53,100
652,09:34:14,$ 3439.18,100
653,09:34:01,$ 3442.81,100
654,09:34:00,$ 3441.21,100
655,09:33:58,$ 3442.19,100
656,09:33:55,$ 3442.18,100
657,09:33:55,$ 3442.18,100
658,09:33:52,$ 3439.93,500
659,09:33:51,$ 3442.18,200
660,09:33:50,$ 3444.0941,799
661,09:33:50,$ 3441.222,100
662,09:33:50,$ 3441.24,150
663,09:33:50,$ 3441.19,100
664,09:33:50,$ 3441.04,100
665,09:33:50,$ 3440.54,100
666,09:33:50,$ 3439.645,100
667,09:33:50,$ 3440.03,100
668,09:33:50,$ 3439.67,100
669,09:33:50,$ 3437.964,100
670,09:33:50,$ 3437.66,100
671,09:33:41,$ 3434.44,100
673,09:33:23,$ 3435.31,224
674,09:33:23,$ 3434.647,224
675,09:33:21,$ 3435.8502,100
676,09:33:18,$ 3437.25,200
677,09:33:17,$ 3437.535,100
678,09:33:14,$ 3435.00,100
679,09:33:14,$ 3435.00,119
680,09:33:09,$ 3433.22,100
681,09:32:59,$ 3432.50,100
682,09:32:59,$ 3432.40,100
683,09:32:59,$ 3432.51,100
684,09:32:59,$ 3432.42,100
685,09:32:59,$ 3430.00,500
686,09:32:57,$ 3432.56,600
687,09:32:57,$ 3433.235,229
688,09:32:57,$ 3432.79,100
689,09:32:51,$ 3431.65,100
690,09:32:51,$ 3430.70,100
691,09:32:51,$ 3430.00,100
692,09:32:51,$ 3433.10,100
694,09:32:51,$ 3433.09,100
695,09:32:49,$ 3434.7289,100
696,09:32:46,$ 3432.61,100
697,09:32:46,$ 3432.89,100
698,09:32:46,$ 3435.00,100
699,09:32:46,$ 3435.46,100
700,09:32:46,$ 3436.49,100
701,09:32:46,$ 3436.22,100
702,09:32:46,$ 3435.86,100
703,09:32:46,$ 3435.42,100
704,09:32:40,$ 3437.00,100
705,09:32:40,$ 3437.35,100
706,09:32:40,$ 3437.35,100
707,09:32:40,$ 3438.08,100
708,09:32:33,$ 3440.01,208
709,09:32:32,$ 3441.14,100
710,09:32:32,$ 3441.00,200
711,09:32:32,$ 3441.00,100
712,09:32:18,$ 3443.689,100
713,09:32:08,$ 3445.86,100
715,09:32:08,$ 3446.26,100
716,09:32:00,$ 3445.21,100
717,09:31:54,$ 3443.1401,100
718,09:31:48,$ 3446.61,100
719,09:31:48,$ 3441.08,646
720,09:31:46,$ 3444.245,700
721,09:31:46,$ 3443.98,109
722,09:31:40,$ 3447.42,"1,688"
723,09:31:40,$ 3447.37,100
724,09:31:39,$ 3447.43,100
725,09:31:39,$ 3446.83,197
726,09:31:39,$ 3444.17,100
727,09:31:39,$ 3446.275,100
728,09:31:39,$ 3443.19,456
729,09:31:39,$ 3446.83,200
730,09:31:39,$ 3446.80,100
731,09:31:39,$ 3446.71,100
732,09:31:39,$ 3447.01,100
733,09:31:39,$ 3447.00,200
734,09:31:39,$ 3446.78,100
736,09:31:39,$ 3446.87,100
737,09:31:39,$ 3445.54,100
738,09:31:39,$ 3443.996,100
739,09:31:39,$ 3443.97,100
740,09:31:33,$ 3442.59,100
741,09:31:33,$ 3442.59,200
742,09:31:31,$ 3444.18,100
743,09:31:31,$ 3444.23,100
744,09:31:31,$ 3443.37,300
745,09:31:31,$ 3442.6455,345
746,09:31:26,$ 3443.23,100
747,09:31:23,$ 3444.71,293
748,09:31:17,$ 3446.045,100
749,09:31:17,$ 3446.0425,100
750,09:31:05,$ 3447.23,100
751,09:31:05,$ 3446.47,100
752,09:31:05,$ 3446.47,102
753,09:31:00,$ 3446.47,100
754,09:31:00,$ 3446.72,100
755,09:31:00,$ 3446.69,100
757,09:31:00,$ 3446.67,100
758,09:31:00,$ 3450.00,100
759,09:31:00,$ 3448.22,100
760,09:31:00,$ 3448.69,100
761,09:31:00,$ 3448.27,100
762,09:31:00,$ 3448.22,100
763,09:31:00,$ 3450.00,100
764,09:31:00,$ 3450.00,100
765,09:31:00,$ 3450.00,115
766,09:31:00,$ 3450.00,117
767,09:31:00,$ 3450.00,100
768,09:31:00,$ 3450.00,898
769,09:31:00,$ 3450.00,100
770,09:31:00,$ 3450.00,100
771,09:31:00,$ 3450.00,117
772,09:31:00,$ 3450.00,117
773,09:31:00,$ 3450.00,100
774,09:31:00,$ 3450.00,117
775,09:31:00,$ 3450.00,115
776,09:31:00,$ 3449.99,100
778,09:31:00,$ 3450.00,174
779,09:31:00,$ 3450.00,100
780,09:31:00,$ 3450.00,272
781,09:31:00,$ 3450.00,115
782,09:31:00,$ 3450.00,117
783,09:31:00,$ 3450.00,115
784,09:31:00,$ 3448.99,100
785,09:31:00,$ 3448.99,244
786,09:31:00,$ 3449.26,100
787,09:30:59,$ 3447.62,100
788,09:30:58,$ 3447.61,100
789,09:30:58,$ 3448.62,100
790,09:30:56,$ 3447.805,100
791,09:30:56,$ 3447.15,100
792,09:30:56,$ 3447.13,100
793,09:30:50,$ 3446.65,100
794,09:30:49,$ 3447.65,100
795,09:30:49,$ 3447.60,100
796,09:30:49,$ 3448.30,100
797,09:30:48,$ 3448.82,100
799,09:30:48,$ 3448.32,100
800,09:30:48,$ 3448.27,100
801,09:30:48,$ 3448.62,100
802,09:30:48,$ 3448.66,100
803,09:30:42,$ 3446.06,100
804,09:30:41,$ 3446.94,100
805,09:30:35,$ 3445.24,300
806,09:30:35,$ 3445.24,200
807,09:30:30,$ 3446.67,100
808,09:30:25,$ 3446.98,100
809,09:30:24,$ 3447.2062,150
810,09:30:22,$ 3446.50,100
811,09:30:22,$ 3446.99,100
812,09:30:19,$ 3446.54,100
813,09:30:14,$ 3446.99,150
814,09:30:14,$ 3446.57,100
815,09:30:14,$ 3446.54,100
816,09:30:14,$ 3446.49,982
817,09:30:14,$ 3446.49,200
818,09:30:05,$ 3447.10,100
820,09:30:05,$ 3446.50,100
821,09:30:03,$ 3446.88,100
822,09:30:03,$ 3444.91,100
823,09:30:03,$ 3445.42,100
824,09:30:03,$ 3444.42,100
825,09:30:02,$ 3442.52,2
826,09:30:02,$ 3442.52,5
827,09:30:02,$ 3442.52,2
828,09:30:02,$ 3442.52,7
829,09:30:02,$ 3442.52,3
830,09:30:02,$ 3442.52,1
831,09:30:02,$ 3442.52,1
832,09:30:02,$ 3442.52,2
833,09:30:02,$ 3442.52,2
834,09:30:02,$ 3442.52,2
835,09:30:02,$ 3442.52,3
836,09:30:02,$ 3442.52,6
837,09:30:02,$ 3442.52,1
838,09:30:02,$ 3442.52,2
839,09:30:02,$ 3442.52,14
841,09:30:02,$ 3442.52,466
842,09:30:02,$ 3442.52,9
843,09:30:02,$ 3442.52,10
844,09:30:02,$ 3442.52,3
845,09:30:02,$ 3442.52,182
846,09:30:02,$ 3442.52,2
847,09:30:02,$ 3442.52,98
848,09:30:02,$ 3442.52,1
849,09:30:02,$ 3442.52,2
850,09:30:02,$ 3442.52,5
851,09:30:02,$ 3442.52,4
852,09:30:02,$ 3442.52,1
853,09:30:02,$ 3442.52,4
854,09:30:02,$ 3442.52,7
855,09:30:02,$ 3442.52,2
856,09:30:02,$ 3442.52,3
857,09:30:02,$ 3442.52,2
858,09:30:02,$ 3442.52,1
859,09:30:02,$ 3442.52,1
860,09:30:02,$ 3442.52,5
862,09:30:02,$ 3442.52,5
863,09:30:02,$ 3442.52,1
864,09:30:02,$ 3442.52,1
865,09:30:02,$ 3442.52,5
866,09:30:02,$ 3442.52,3
867,09:30:02,$ 3442.52,2
868,09:30:02,$ 3442.52,4
869,09:30:02,$ 3442.52,17
870,09:30:02,$ 3442.52,2
871,09:30:02,$ 3442.52,37
872,09:30:02,$ 3442.52,6
873,09:30:02,$ 3442.52,150
874,09:30:02,$ 3442.52,1
875,09:30:02,$ 3442.52,1
876,09:30:02,$ 3442.52,1
877,09:30:02,$ 3442.52,1
878,09:30:02,$ 3442.52,10
879,09:30:02,$ 3442.52,200
880,09:30:02,$ 3442.52,3
881,09:30:02,$ 3442.52,1
883,09:30:02,$ 3442.52,25
884,09:30:02,$ 3442.52,1
885,09:30:02,$ 3442.52,5
886,09:30:02,$ 3442.52,8
887,09:30:02,$ 3442.52,1
888,09:30:02,$ 3442.52,1
889,09:30:02,$ 3442.52,10
890,09:30:02,$ 3442.52,1
891,09:30:02,$ 3442.52,1
892,09:30:02,$ 3442.52,1
893,09:30:02,$ 3442.52,1
894,09:30:02,$ 3442.52,29
895,09:30:02,$ 3442.52,1
896,09:30:02,$ 3442.52,2
897,09:30:02,$ 3442.52,1
898,09:30:02,$ 3442.52,1
899,09:30:02,$ 3442.52,1
900,09:30:02,$ 3442.52,1
901,09:30:02,$ 3442.52,1
902,09:30:02,$ 3442.52,5
904,09:30:02,$ 3442.52,2
905,09:30:02,$ 3442.52,2
906,09:30:02,$ 3442.52,3
907,09:30:02,$ 3442.52,1
908,09:30:02,$ 3442.52,2
909,09:30:02,$ 3442.52,1
910,09:30:02,$ 3442.52,1
911,09:30:02,$ 3442.52,1
912,09:30:02,$ 3442.52,1
913,09:30:02,$ 3442.52,1
914,09:30:02,$ 3442.52,1
915,09:30:02,$ 3442.52,1
916,09:30:02,$ 3442.52,9
917,09:30:02,$ 3442.52,3
918,09:30:02,$ 3442.52,60
919,09:30:02,$ 3442.52,2
920,09:30:02,$ 3442.52,1
921,09:30:02,$ 3442.52,1
922,09:30:02,$ 3442.52,6
923,09:30:02,$ 3442.52,3
925,09:30:02,$ 3442.52,1
926,09:30:02,$ 3442.52,3
927,09:30:02,$ 3442.52,25
928,09:30:02,$ 3442.52,2
929,09:30:02,$ 3442.52,1
930,09:30:02,$ 3442.52,1
931,09:30:02,$ 3442.52,1
932,09:30:02,$ 3442.52,1
933,09:30:02,$ 3442.52,8
934,09:30:02,$ 3442.52,28
935,09:30:02,$ 3442.52,6
936,09:30:02,$ 3442.52,3
937,09:30:02,$ 3442.52,23
938,09:30:02,$ 3442.52,3
939,09:30:02,$ 3442.52,6
940,09:30:02,$ 3442.52,5
941,09:30:02,$ 3442.52,30
942,09:30:02,$ 3442.52,26
943,09:30:02,$ 3442.52,10
944,09:30:02,$ 3442.52,23
946,09:30:02,$ 3442.52,3
947,09:30:02,$ 3442.52,10
948,09:30:02,$ 3442.52,44
949,09:30:02,$ 3442.52,14
950,09:30:02,$ 3442.52,7
951,09:30:02,$ 3442.52,10
952,09:30:02,$ 3442.52,3
953,09:30:02,$ 3442.52,7
954,09:30:02,$ 3442.52,10
955,09:30:02,$ 3442.52,9
956,09:30:02,$ 3442.52,100
957,09:30:02,$ 3442.52,1
958,09:30:02,$ 3442.52,5
959,09:30:02,$ 3442.52,3
960,09:30:02,$ 3442.52,5
961,09:30:02,$ 3442.52,1
962,09:30:02,$ 3442.52,1
963,09:30:02,$ 3442.52,1
964,09:30:02,$ 3442.52,5
965,09:30:02,$ 3442.52,1
967,09:30:02,$ 3442.52,1
968,09:30:02,$ 3442.52,1
969,09:30:02,$ 3442.52,3
970,09:30:02,$ 3442.52,1
971,09:30:02,$ 3442.52,1
972,09:30:02,$ 3442.52,5
973,09:30:02,$ 3442.52,1
974,09:30:02,$ 3442.52,3
975,09:30:02,$ 3442.52,9
976,09:30:02,$ 3442.52,3
977,09:30:02,$ 3442.52,2
978,09:30:02,$ 3442.52,1
979,09:30:02,$ 3442.52,1
980,09:30:02,$ 3442.52,3
981,09:30:02,$ 3442.52,3
982,09:30:02,$ 3442.52,1
983,09:30:02,$ 3442.52,1
984,09:30:02,$ 3442.52,1
985,09:30:02,$ 3442.52,2
986,09:30:02,$ 3442.52,1
988,09:30:02,$ 3442.52,2
989,09:30:02,$ 3442.52,1
990,09:30:02,$ 3442.52,3
991,09:30:02,$ 3442.52,1
992,09:30:02,$ 3442.52,1
993,09:30:02,$ 3442.52,8
994,09:30:02,$ 3442.52,2
995,09:30:02,$ 3442.52,5
996,09:30:02,$ 3442.52,1
997,09:30:02,$ 3442.52,1
998,09:30:02,$ 3442.52,1
999,09:30:02,$ 3442.52,6
1000,09:30:02,$ 3442.52,1
1001,09:30:02,$ 3442.52,2
1002,09:30:02,$ 3442.52,1
1003,09:30:02,$ 3442.52,1
1004,09:30:02,$ 3442.52,13
1005,09:30:02,$ 3442.52,12
1006,09:30:02,$ 3442.52,1
1007,09:30:02,$ 3442.52,2
1009,09:30:02,$ 3442.52,1
1010,09:30:02,$ 3442.52,4
1011,09:30:02,$ 3442.52,1
1012,09:30:02,$ 3442.52,3
1013,09:30:02,$ 3442.52,40
1014,09:30:02,$ 3442.52,1
1015,09:30:02,$ 3442.52,5
1016,09:30:02,$ 3442.52,670
1017,09:30:02,$ 3442.52,5
1018,09:30:02,$ 3442.52,1
1019,09:30:02,$ 3442.52,3
1020,09:30:02,$ 3442.52,5
1021,09:30:02,$ 3442.52,1
1022,09:30:02,$ 3442.52,1
1023,09:30:02,$ 3442.52,4
1024,09:30:02,$ 3442.52,4
1025,09:30:02,$ 3442.52,1
1026,09:30:02,$ 3442.52,46
1027,09:30:02,$ 3442.52,1
1028,09:30:02,$ 3442.52,7
1030,09:30:02,$ 3442.52,10
1031,09:30:02,$ 3442.52,3
1032,09:30:02,$ 3442.52,2
1033,09:30:02,$ 3442.52,1
1034,09:30:02,$ 3442.52,2
1035,09:30:02,$ 3442.52,1
1036,09:30:02,$ 3442.52,1
1037,09:30:02,$ 3442.52,2
1038,09:30:02,$ 3442.52,3
1039,09:30:02,$ 3442.52,4
1040,09:30:02,$ 3442.52,2
1041,09:30:02,$ 3442.52,2
1042,09:30:02,$ 3442.52,1
1043,09:30:02,$ 3442.52,2
1044,09:30:02,$ 3442.52,3
1045,09:30:02,$ 3442.52,1
1046,09:30:02,$ 3442.52,2
1047,09:30:02,$ 3442.52,1
1048,09:30:02,$ 3442.52,2
1049,09:30:02,$ 3442.52,1
1051,09:30:02,$ 3442.52,15
1052,09:30:02,$ 3442.52,2
1053,09:30:02,$ 3442.52,3
1054,09:30:02,$ 3442.52,1
1055,09:30:02,$ 3442.52,2
1056,09:30:02,$ 3442.52,2
1057,09:30:02,$ 3442.52,1
1058,09:30:02,$ 3442.52,3
1059,09:30:02,$ 3442.52,3
1060,09:30:02,$ 3442.52,5
1061,09:30:02,$ 3442.52,1
1062,09:30:02,$ 3442.52,1
1063,09:30:02,$ 3442.52,3
1064,09:30:02,$ 3442.52,2
1065,09:30:02,$ 3442.52,1
1066,09:30:02,$ 3442.52,1
1067,09:30:02,$ 3442.52,3
1068,09:30:02,$ 3442.52,1
1069,09:30:02,$ 3442.52,1
1070,09:30:02,$ 3442.52,2
1072,09:30:02,$ 3442.52,1
1073,09:30:02,$ 3442.52,4
1074,09:30:02,$ 3442.52,1
1075,09:30:02,$ 3442.52,3
1076,09:30:02,$ 3442.52,2
1077,09:30:02,$ 3442.52,3
1078,09:30:02,$ 3442.52,5
1079,09:30:02,$ 3442.52,1
1080,09:30:02,$ 3442.52,2
1081,09:30:02,$ 3442.52,1
1082,09:30:02,$ 3442.52,5
1083,09:30:02,$ 3442.52,5
1084,09:30:02,$ 3442.52,1
1085,09:30:02,$ 3442.52,2
1086,09:30:02,$ 3442.52,2
1087,09:30:02,$ 3442.52,3
1088,09:30:02,$ 3442.52,25
1089,09:30:02,$ 3442.52,5
1090,09:30:02,$ 3442.52,1
1091,09:30:02,$ 3442.52,2
1093,09:30:02,$ 3442.52,3
1094,09:30:02,$ 3442.52,1
1095,09:30:02,$ 3442.52,2
1096,09:30:02,$ 3442.52,1
1097,09:30:02,$ 3442.52,3
1098,09:30:02,$ 3442.52,1
1099,09:30:02,$ 3442.52,16
1100,09:30:02,$ 3442.52,1
1101,09:30:02,$ 3442.52,1
1102,09:30:02,$ 3442.52,20
1103,09:30:02,$ 3442.52,8
1104,09:30:02,$ 3442.52,8
1105,09:30:02,$ 3442.52,4
1106,09:30:02,$ 3442.52,10
1107,09:30:02,$ 3442.52,1
1108,09:30:02,$ 3442.52,10
1109,09:30:02,$ 3442.52,1
1110,09:30:02,$ 3442.52,2
1111,09:30:02,$ 3442.52,1
1112,09:30:02,$ 3442.52,1
1114,09:30:02,$ 3442.52,21
1115,09:30:02,$ 3442.52,30
1116,09:30:02,$ 3442.52,1
1117,09:30:02,$ 3442.52,2
1118,09:30:02,$ 3442.52,5
1119,09:30:02,$ 3442.52,11
1120,09:30:02,$ 3442.52,1
1121,09:30:02,$ 3442.52,10
1122,09:30:02,$ 3442.52,2
1123,09:30:02,$ 3442.52,3
1124,09:30:02,$ 3442.52,1
1125,09:30:02,$ 3442.52,8
1126,09:30:02,$ 3442.52,10
1127,09:30:02,$ 3442.52,1
1128,09:30:02,$ 3442.52,1
1129,09:30:02,$ 3442.52,1
1130,09:30:02,$ 3442.52,7
1131,09:30:02,$ 3442.52,7
1132,09:30:02,$ 3442.52,1
1133,09:30:02,$ 3442.52,2
1135,09:30:02,$ 3442.52,13
1136,09:30:02,$ 3442.52,1
1137,09:30:02,$ 3442.52,2
1138,09:30:02,$ 3442.52,3
1139,09:30:02,$ 3442.52,8
1140,09:30:02,$ 3442.52,6
1141,09:30:02,$ 3442.52,1
1142,09:30:02,$ 3442.52,3
1143,09:30:02,$ 3442.52,1
1144,09:30:02,$ 3442.52,1
1145,09:30:02,$ 3442.52,1
1146,09:30:02,$ 3442.52,4
1147,09:30:02,$ 3442.52,2
1148,09:30:02,$ 3442.52,1
1149,09:30:02,$ 3442.52,1
1150,09:30:02,$ 3442.52,1
1151,09:30:02,$ 3442.52,2
1152,09:30:02,$ 3442.52,1
1153,09:30:02,$ 3442.52,7
1154,09:30:02,$ 3442.52,50
1156,09:30:02,$ 3442.52,2
1157,09:30:02,$ 3442.52,7
1158,09:30:02,$ 3442.52,14
1159,09:30:02,$ 3442.52,2
1160,09:30:02,$ 3442.52,10
1161,09:30:02,$ 3442.52,1
1162,09:30:02,$ 3442.52,8
1163,09:30:02,$ 3442.52,5
1164,09:30:02,$ 3442.52,1
1165,09:30:02,$ 3442.52,1
1166,09:30:02,$ 3442.52,1
1167,09:30:02,$ 3442.52,1
1168,09:30:02,$ 3442.52,1
1169,09:30:02,$ 3442.52,3
1170,09:30:02,$ 3442.52,1
1171,09:30:02,$ 3442.52,13
1172,09:30:02,$ 3442.52,1
1173,09:30:02,$ 3442.52,1
1174,09:30:02,$ 3442.52,1
1175,09:30:02,$ 3442.52,1
1177,09:30:02,$ 3442.52,5
1178,09:30:02,$ 3442.52,37
1179,09:30:02,$ 3442.52,3
1180,09:30:02,$ 3442.52,2
1181,09:30:02,$ 3442.52,5
1182,09:30:02,$ 3442.52,1
1183,09:30:02,$ 3442.52,2
1184,09:30:02,$ 3442.52,9
1185,09:30:02,$ 3442.52,5
1186,09:30:02,$ 3442.52,1
1187,09:30:02,$ 3442.52,2
1188,09:30:02,$ 3442.52,3
1189,09:30:02,$ 3442.52,2
1190,09:30:02,$ 3442.52,5
1191,09:30:02,$ 3442.52,9
1192,09:30:02,$ 3442.52,886
1193,09:30:02,$ 3442.52,79
1194,09:30:02,$ 3442.52,1
1195,09:30:02,$ 3442.52,41
1196,09:30:02,$ 3442.52,1
1198,09:30:02,$ 3442.52,4
1199,09:30:02,$ 3442.52,2
1200,09:30:02,$ 3442.52,2
1201,09:30:02,$ 3442.52,5
1202,09:30:02,$ 3442.52,1
1203,09:30:02,$ 3442.52,1
1204,09:30:02,$ 3442.52,4
1205,09:30:02,$ 3442.52,1
1206,09:30:02,$ 3442.52,3
1207,09:30:02,$ 3442.52,1
1208,09:30:02,$ 3442.52,1
1209,09:30:02,$ 3442.52,1
1210,09:30:02,$ 3442.52,2
1211,09:30:02,$ 3442.52,2
1212,09:30:02,$ 3442.52,2
1213,09:30:02,$ 3442.52,1
1214,09:30:02,$ 3442.52,1
1215,09:30:02,$ 3442.52,10
1216,09:30:02,$ 3442.52,3
1217,09:30:02,$ 3442.52,709
1219,09:30:02,$ 3442.52,1
1220,09:30:02,$ 3442.52,1
1221,09:30:02,$ 3442.52,1
1222,09:30:02,$ 3442.52,1
1223,09:30:02,$ 3442.52,2
1224,09:30:02,$ 3442.52,1
1225,09:30:02,$ 3442.52,1
1226,09:30:02,$ 3442.52,1
1227,09:30:02,$ 3442.52,1
1228,09:30:02,$ 3442.52,7
1229,09:30:02,$ 3442.52,1
1230,09:30:02,$ 3442.52,1
1231,09:30:02,$ 3442.52,1
1232,09:30:02,$ 3442.52,1
1233,09:30:02,$ 3442.52,1
1234,09:30:02,$ 3442.52,1
1235,09:30:02,$ 3442.52,1
1236,09:30:02,$ 3442.52,1
1237,09:30:02,$ 3442.52,1
1238,09:30:02,$ 3442.52,1
1240,09:30:02,$ 3442.52,1
1241,09:30:02,$ 3442.52,1
1242,09:30:02,$ 3442.52,1
1243,09:30:02,$ 3442.52,1
1244,09:30:02,$ 3442.52,1
1245,09:30:02,$ 3442.52,1
1246,09:30:02,$ 3442.52,1
1247,09:30:02,$ 3442.52,1
1248,09:30:02,$ 3442.52,1
1249,09:30:02,$ 3442.52,1
1250,09:30:02,$ 3442.52,1
1251,09:30:02,$ 3442.52,1
1252,09:30:02,$ 3442.52,1
1253,09:30:02,$ 3442.52,1
1254,09:30:02,$ 3442.52,1
1255,09:30:02,$ 3442.52,1
1256,09:30:02,$ 3442.52,1
1257,09:30:02,$ 3442.52,1
1258,09:30:02,$ 3442.52,1
1259,09:30:02,$ 3442.52,3
1261,09:30:02,$ 3442.52,3
1262,09:30:02,$ 3442.52,3
1263,09:30:02,$ 3442.52,3
1264,09:30:02,$ 3442.52,1
1265,09:30:02,$ 3442.52,1
1266,09:30:02,$ 3442.52,3
1267,09:30:02,$ 3442.52,1
1268,09:30:02,$ 3442.52,2
1269,09:30:02,$ 3442.52,3
1270,09:30:02,$ 3442.52,1
1271,09:30:02,$ 3442.52,1
1272,09:30:02,$ 3442.52,3
1273,09:30:02,$ 3442.52,1
1274,09:30:02,$ 3442.52,1
1275,09:30:02,$ 3442.52,50
1276,09:30:02,$ 3442.52,3
1277,09:30:02,$ 3442.52,1
1278,09:30:02,$ 3442.52,1
1279,09:30:02,$ 3442.52,7
1280,09:30:02,$ 3442.52,1
1282,09:30:02,$ 3442.52,1
1283,09:30:02,$ 3442.52,2
1284,09:30:02,$ 3442.52,1
1285,09:30:02,$ 3442.52,2
1286,09:30:02,$ 3442.52,5
1287,09:30:02,$ 3442.52,6
1288,09:30:02,$ 3442.52,4
1289,09:30:02,$ 3442.52,15
1290,09:30:02,$ 3442.52,1
1291,09:30:02,$ 3442.52,1
1292,09:30:02,$ 3442.52,31
1293,09:30:02,$ 3442.52,5
1294,09:30:02,$ 3442.52,2
1295,09:30:02,$ 3442.52,1
1296,09:30:02,$ 3442.52,3
1297,09:30:02,$ 3442.52,10
1298,09:30:02,$ 3442.52,1
1299,09:30:02,$ 3442.52,4
1300,09:30:02,$ 3442.52,1
1301,09:30:02,$ 3442.52,1
1303,09:30:02,$ 3442.52,1
1304,09:30:02,$ 3442.52,1
1305,09:30:02,$ 3442.52,1
1306,09:30:02,$ 3442.52,1
1307,09:30:02,$ 3442.52,41
1308,09:30:02,$ 3442.52,1
1309,09:30:02,$ 3442.52,1
1310,09:30:02,$ 3442.52,1
1311,09:30:02,$ 3442.52,1
1312,09:30:02,$ 3442.52,1
1313,09:30:02,$ 3442.52,1
1314,09:30:02,$ 3442.52,1
1315,09:30:02,$ 3442.52,1
1316,09:30:02,$ 3442.52,1
1317,09:30:02,$ 3442.52,1
1318,09:30:02,$ 3442.52,1
1319,09:30:02,$ 3442.52,1
1320,09:30:02,$ 3442.52,1
1321,09:30:02,$ 3442.52,1
1322,09:30:02,$ 3442.52,1
1324,09:30:02,$ 3442.52,1
1325,09:30:02,$ 3442.52,2
1326,09:30:02,$ 3442.52,1
1327,09:30:02,$ 3442.52,1
1328,09:30:02,$ 3442.52,1
1329,09:30:02,$ 3442.52,1
1330,09:30:02,$ 3442.52,1
1331,09:30:02,$ 3442.52,1
1332,09:30:02,$ 3442.52,1
1333,09:30:02,$ 3442.52,1
1334,09:30:02,$ 3442.52,1
1335,09:30:02,$ 3442.52,1
1336,09:30:02,$ 3442.52,1
1337,09:30:02,$ 3442.52,1
1338,09:30:02,$ 3442.52,1
1339,09:30:02,$ 3442.52,1
1340,09:30:02,$ 3442.52,1
1341,09:30:02,$ 3442.52,1
1342,09:30:02,$ 3442.52,1
1343,09:30:02,$ 3442.52,1
1345,09:30:02,$ 3442.52,1
1346,09:30:02,$ 3442.52,1
1347,09:30:02,$ 3442.52,1
1348,09:30:02,$ 3442.52,1
1349,09:30:02,$ 3442.52,1
1350,09:30:02,$ 3442.52,15
1351,09:30:02,$ 3442.52,14
1352,09:30:02,$ 3442.52,11
1353,09:30:02,$ 3442.52,1
1354,09:30:02,$ 3442.52,35
1355,09:30:02,$ 3442.52,10
1356,09:30:02,$ 3442.52,3
1357,09:30:02,$ 3442.52,2
1358,09:30:02,$ 3442.52,2
1359,09:30:02,$ 3442.52,4
1360,09:30:02,$ 3442.52,4
1361,09:30:02,$ 3442.52,92
1362,09:30:02,$ 3442.52,1
1363,09:30:02,$ 3442.52,3
1364,09:30:02,$ 3442.52,3
1366,09:30:02,$ 3442.52,25
1367,09:30:02,$ 3442.52,1
1368,09:30:02,$ 3442.52,1
1369,09:30:02,$ 3442.52,1
1370,09:30:02,$ 3442.52,2
1371,09:30:02,$ 3442.52,3
1372,09:30:02,$ 3442.52,1
1373,09:30:02,$ 3442.52,2
1374,09:30:02,$ 3442.52,3
1375,09:30:02,$ 3442.52,10
1376,09:30:02,$ 3442.52,1
1377,09:30:02,$ 3442.52,1
1378,09:30:02,$ 3442.52,10
1379,09:30:02,$ 3442.52,20
1380,09:30:02,$ 3442.52,7
1381,09:30:02,$ 3442.52,1
1382,09:30:02,$ 3442.52,4
1383,09:30:02,$ 3442.52,4
1384,09:30:02,$ 3442.52,10
1385,09:30:02,$ 3442.52,1
1387,09:30:02,$ 3442.52,3
1388,09:30:02,$ 3442.52,60
1389,09:30:02,$ 3442.52,1
1390,09:30:02,$ 3442.52,2
1391,09:30:02,$ 3442.52,1
1392,09:30:02,$ 3442.52,8
1393,09:30:02,$ 3442.52,1
1394,09:30:02,$ 3442.52,17
1395,09:30:02,$ 3442.52,1
1396,09:30:02,$ 3442.52,14
1397,09:30:02,$ 3442.52,1
1398,09:30:02,$ 3442.52,1
1399,09:30:02,$ 3442.52,2
1400,09:30:02,$ 3442.52,1
1401,09:30:02,$ 3442.52,200
1402,09:30:02,$ 3442.52,1
1403,09:30:02,$ 3442.52,1
1404,09:30:02,$ 3442.52,6
1405,09:30:02,$ 3442.52,1
1406,09:30:02,$ 3442.52,3
1408,09:30:02,$ 3442.52,1
1409,09:30:02,$ 3442.52,13
1410,09:30:02,$ 3442.52,2
1411,09:30:02,$ 3442.52,5
1412,09:30:02,$ 3442.52,15
1413,09:30:02,$ 3442.52,7
1414,09:30:02,$ 3442.52,10
1415,09:30:02,$ 3442.52,1
1416,09:30:02,$ 3442.52,3
1417,09:30:02,$ 3442.52,4
1418,09:30:02,$ 3442.52,40
1419,09:30:02,$ 3442.52,4
1420,09:30:02,$ 3442.52,3
1421,09:30:02,$ 3442.52,5
1422,09:30:02,$ 3442.52,2
1423,09:30:02,$ 3442.52,10
1424,09:30:02,$ 3442.52,11
1425,09:30:02,$ 3442.52,1
1426,09:30:02,$ 3442.52,2
1427,09:30:02,$ 3442.52,9
1429,09:30:02,$ 3442.52,2
1430,09:30:02,$ 3442.52,3
1431,09:30:02,$ 3442.52,20
1432,09:30:02,$ 3442.52,4
1433,09:30:02,$ 3442.52,6
1434,09:30:02,$ 3442.52,4
1435,09:30:02,$ 3442.52,3
1436,09:30:02,$ 3442.52,7
1437,09:30:02,$ 3442.52,7
1438,09:30:02,$ 3442.52,5
1439,09:30:02,$ 3442.52,2
1440,09:30:02,$ 3442.52,10
1441,09:30:02,$ 3442.52,3
1442,09:30:02,$ 3442.52,10
1443,09:30:02,$ 3442.52,17
1444,09:30:02,$ 3442.52,1
1445,09:30:02,$ 3442.52,7
1446,09:30:02,$ 3442.52,10
1447,09:30:02,$ 3442.52,1
1448,09:30:02,$ 3442.52,1
1450,09:30:02,$ 3442.52,3
1451,09:30:02,$ 3442.52,7
1452,09:30:02,$ 3442.52,14
1453,09:30:02,$ 3442.52,7
1454,09:30:02,$ 3442.52,7
1455,09:30:02,$ 3442.52,8
1456,09:30:02,$ 3442.52,20
1457,09:30:02,$ 3442.52,11
1458,09:30:02,$ 3442.52,15
1459,09:30:02,$ 3442.52,5
1460,09:30:02,$ 3442.52,5
1461,09:30:02,$ 3442.52,11
1462,09:30:02,$ 3442.52,1
1463,09:30:02,$ 3442.52,2
1464,09:30:02,$ 3442.52,5
1465,09:30:02,$ 3442.52,1
1466,09:30:02,$ 3442.52,5
1467,09:30:02,$ 3442.52,5
1468,09:30:02,$ 3442.52,3
1469,09:30:02,$ 3442.52,47
1471,09:30:02,$ 3442.52,4
1472,09:30:02,$ 3442.52,4
1473,09:30:02,$ 3442.52,2
1474,09:30:02,$ 3442.52,28
1475,09:30:02,$ 3442.52,1
1476,09:30:02,$ 3442.52,8
1477,09:30:02,$ 3442.52,2
1478,09:30:02,$ 3442.52,1
1479,09:30:02,$ 3442.52,5
1480,09:30:02,$ 3442.52,4
1481,09:30:02,$ 3442.52,1
1482,09:30:02,$ 3442.52,4
1483,09:30:02,$ 3442.52,1
1484,09:30:02,$ 3442.52,33
1485,09:30:02,$ 3442.52,386
1486,09:30:02,$ 3442.52,2
1487,09:30:02,$ 3442.52,7
1488,09:30:02,$ 3442.52,2
1489,09:30:02,$ 3442.52,1
1490,09:30:02,$ 3442.52,1
1492,09:30:02,$ 3442.52,11
1493,09:30:02,$ 3442.52,58
1494,09:30:02,$ 3442.52,7
1495,09:30:02,$ 3442.52,15
1496,09:30:02,$ 3442.52,1
1497,09:30:02,$ 3442.52,8
1498,09:30:02,$ 3442.52,3
1499,09:30:02,$ 3442.52,2
1500,09:30:02,$ 3442.52,1
1501,09:30:02,$ 3442.52,1
1502,09:30:02,$ 3442.52,1
1503,09:30:02,$ 3442.52,2
1504,09:30:02,$ 3442.52,1
1505,09:30:02,$ 3442.52,5
1506,09:30:02,$ 3442.52,28
1507,09:30:02,$ 3442.52,3
1508,09:30:02,$ 3442.52,50
1509,09:30:02,$ 3442.52,15
1510,09:30:02,$ 3442.52,3
1511,09:30:02,$ 3442.52,2
1513,09:30:02,$ 3442.52,1
1514,09:30:02,$ 3442.52,4
1515,09:30:02,$ 3442.52,1
1516,09:30:02,$ 3442.52,53
1517,09:30:02,$ 3442.52,54
1518,09:30:02,$ 3442.52,109
1519,09:30:02,$ 3442.52,53
1520,09:30:02,$ 3442.52,500
1521,09:30:02,$ 3442.52,2
1522,09:30:02,$ 3442.52,100
1523,09:30:02,$ 3442.52,2
1524,09:30:02,$ 3442.52,145
1525,09:30:02,$ 3442.52,100
1526,09:30:02,$ 3442.52,108
1527,09:30:02,$ 3442.52,1
1528,09:30:02,$ 3442.52,52
1529,09:30:02,$ 3442.52,29
1530,09:30:02,$ 3442.52,196
1531,09:30:02,$ 3442.52,145
1532,09:30:02,$ 3442.52,2
1534,09:30:02,$ 3442.52,50
1535,09:30:02,$ 3442.52,80
1536,09:30:02,$ 3442.52,42
1537,09:30:02,$ 3442.52,2
1538,09:30:02,$ 3442.52,1
1539,09:30:02,$ 3442.52,10
1540,09:30:02,$ 3442.52,73
1541,09:30:02,$ 3442.52,100
1542,09:30:02,$ 3442.52,1
1543,09:30:02,$ 3442.52,2
1544,09:30:02,$ 3442.52,1
1545,09:30:02,$ 3442.52,4
1546,09:30:02,$ 3442.52,200
1547,09:30:02,$ 3442.52,10
1548,09:30:02,$ 3442.52,19
1549,09:30:02,$ 3442.52,1
1550,09:30:02,$ 3442.52,1
1551,09:30:02,$ 3442.52,1
1552,09:30:02,$ 3442.52,1
1553,09:30:02,$ 3442.52,2
1555,09:30:02,$ 3442.52,25
1556,09:30:02,$ 3442.52,2
1557,09:30:02,$ 3442.52,1
1558,09:30:02,$ 3442.52,1
1559,09:30:02,$ 3442.52,2
1560,09:30:02,$ 3442.52,10
1561,09:30:02,$ 3442.52,5
1562,09:30:02,$ 3442.52,100
1563,09:30:02,$ 3442.52,2
1564,09:30:02,$ 3442.52,7
1565,09:30:02,$ 3442.52,1
1566,09:30:02,$ 3442.52,1
1567,09:30:02,$ 3442.52,2
1568,09:30:02,$ 3442.52,100
1569,09:30:02,$ 3442.52,100
1570,09:30:02,$ 3442.52,1
1571,09:30:02,$ 3442.52,50
1572,09:30:02,$ 3442.52,10
1573,09:30:02,$ 3442.52,1
1574,09:30:02,$ 3442.52,1
1576,09:30:02,$ 3442.52,1
1577,09:30:02,$ 3442.52,1
1578,09:30:02,$ 3442.52,2
1579,09:30:02,$ 3442.52,400
1580,09:30:02,$ 3442.52,1
1581,09:30:02,$ 3442.52,5
1582,09:30:02,$ 3442.52,1
1583,09:30:02,$ 3442.52,1
1584,09:30:02,$ 3442.52,1
1585,09:30:02,$ 3442.52,1
1586,09:30:02,$ 3442.52,10
1587,09:30:02,$ 3442.52,5
1588,09:30:02,$ 3442.52,2
1589,09:30:02,$ 3442.52,1
1590,09:30:02,$ 3442.52,5
1591,09:30:02,$ 3442.52,4
1592,09:30:02,$ 3442.52,1
1593,09:30:02,$ 3442.52,1
1594,09:30:02,$ 3442.52,1
1595,09:30:02,$ 3442.52,1
1597,09:30:02,$ 3442.52,2
1598,09:30:02,$ 3442.52,1
1599,09:30:02,$ 3442.52,1
1600,09:30:02,$ 3442.52,85
1601,09:30:02,$ 3442.52,2
1602,09:30:02,$ 3442.52,1
1603,09:30:02,$ 3442.52,100
1604,09:30:02,$ 3442.52,2
1605,09:30:02,$ 3442.52,2
1606,09:30:02,$ 3442.52,1
1607,09:30:02,$ 3442.52,2
1608,09:30:02,$ 3442.52,2
1609,09:30:02,$ 3442.52,18
1610,09:30:02,$ 3442.52,1
1611,09:30:02,$ 3442.52,15
1612,09:30:02,$ 3442.52,15
1613,09:30:02,$ 3442.52,10
1614,09:30:02,$ 3442.52,1
1615,09:30:02,$ 3442.52,1
1616,09:30:02,$ 3442.52,1
1618,09:30:02,$ 3442.52,1
1619,09:30:02,$ 3442.52,2
1620,09:30:02,$ 3442.52,188
1621,09:30:02,$ 3442.52,100
1622,09:30:02,$ 3442.52,10
1623,09:30:02,$ 3442.52,1
1624,09:30:02,$ 3442.52,1
1625,09:30:02,$ 3442.52,50
1626,09:30:02,$ 3442.52,1
1627,09:30:02,$ 3442.52,100
1628,09:30:02,$ 3442.52,10
1629,09:30:02,$ 3442.52,5
1630,09:30:02,$ 3442.52,1
1631,09:30:02,$ 3442.52,43
1632,09:30:02,$ 3442.52,175
1633,09:30:02,$ 3442.52,10
1634,09:30:02,$ 3442.52,2
1635,09:30:02,$ 3442.52,1
1636,09:30:02,$ 3442.52,39
1637,09:30:02,$ 3442.52,1
1639,09:30:02,$ 3442.52,28
1640,09:30:02,$ 3442.52,3
1641,09:30:02,$ 3442.52,20
1642,09:30:02,$ 3442.52,6
1643,09:30:02,$ 3442.52,1
1644,09:30:02,$ 3442.52,5
1645,09:30:02,$ 3442.52,16
1646,09:30:02,$ 3442.52,2
1647,09:30:02,$ 3442.52,10
1648,09:30:02,$ 3442.52,1
1649,09:30:02,$ 3442.52,1
1650,09:30:02,$ 3442.52,4
1651,09:30:02,$ 3442.52,7
1652,09:30:02,$ 3442.52,90
1653,09:30:02,$ 3442.52,1
1654,09:30:02,$ 3442.52,3
1655,09:30:02,$ 3442.52,20
1656,09:30:02,$ 3442.52,5
1657,09:30:02,$ 3442.52,2
1658,09:30:02,$ 3442.52,6
1660,09:30:02,$ 3442.52,2
1661,09:30:02,$ 3442.52,1
1662,09:30:02,$ 3442.52,1
1663,09:30:02,$ 3442.52,1
1664,09:30:02,$ 3442.52,3
1665,09:30:02,$ 3442.52,1
1666,09:30:02,$ 3442.52,2
1667,09:30:02,$ 3442.52,1
1668,09:30:02,$ 3442.52,1
1669,09:30:02,$ 3442.52,2
1670,09:30:02,$ 3442.52,2
1671,09:30:02,$ 3442.52,41
1672,09:30:02,$ 3442.52,1
1673,09:30:02,$ 3442.52,1
1674,09:30:02,$ 3442.52,1
1675,09:30:02,$ 3442.52,2
1676,09:30:02,$ 3442.52,1
1677,09:30:02,$ 3442.52,1
1678,09:30:02,$ 3442.52,5
1679,09:30:02,$ 3442.52,1
1681,09:30:02,$ 3442.52,2
1682,09:30:02,$ 3442.52,5
1683,09:30:02,$ 3442.52,2
1684,09:30:02,$ 3442.52,1
1685,09:30:02,$ 3442.52,1
1686,09:30:02,$ 3442.52,1
1687,09:30:02,$ 3442.52,1
1688,09:30:02,$ 3442.52,6
1689,09:30:02,$ 3442.52,3
1690,09:30:02,$ 3442.52,1
1691,09:30:02,$ 3442.52,15
1692,09:30:02,$ 3442.52,3
1693,09:30:02,$ 3442.52,2
1694,09:30:02,$ 3442.52,1
1695,09:30:02,$ 3442.52,1
1696,09:30:02,$ 3442.52,1
1697,09:30:02,$ 3442.52,1
1698,09:30:02,$ 3442.52,17
1699,09:30:02,$ 3442.52,3
1700,09:30:02,$ 3442.52,3
1702,09:30:02,$ 3442.52,1
1703,09:30:02,$ 3442.52,1
1704,09:30:02,$ 3442.52,10
1705,09:30:02,$ 3442.52,10
1706,09:30:02,$ 3442.52,1
1707,09:30:02,$ 3442.52,2
1708,09:30:02,$ 3442.52,2
1709,09:30:02,$ 3442.52,7
1710,09:30:02,$ 3442.52,1
1711,09:30:02,$ 3442.52,3
1712,09:30:02,$ 3442.52,1
1713,09:30:02,$ 3442.52,1
1714,09:30:02,$ 3442.52,1
1715,09:30:02,$ 3442.52,1
1716,09:30:02,$ 3442.52,2
1717,09:30:02,$ 3442.52,2
1718,09:30:02,$ 3442.52,1
1719,09:30:02,$ 3442.52,1
1720,09:30:02,$ 3442.52,40
1721,09:30:02,$ 3442.52,1
1723,09:30:02,$ 3442.52,1
1724,09:30:02,$ 3442.52,4
1725,09:30:02,$ 3442.52,1
1726,09:30:02,$ 3442.52,1
1727,09:30:02,$ 3442.52,5
1728,09:30:02,$ 3442.52,1
1729,09:30:02,$ 3442.52,5
1730,09:30:02,$ 3442.52,1
1731,09:30:02,$ 3442.52,7
1732,09:30:02,$ 3442.52,10
1733,09:30:02,$ 3442.52,14
1734,09:30:02,$ 3442.52,1
1735,09:30:02,$ 3442.52,6
1736,09:30:02,$ 3442.52,1
1737,09:30:02,$ 3442.52,100
1738,09:30:02,$ 3442.52,1
1739,09:30:02,$ 3442.52,1
1740,09:30:02,$ 3442.52,1
1741,09:30:02,$ 3442.52,13
1742,09:30:02,$ 3442.52,10
1744,09:30:02,$ 3442.52,28
1745,09:30:02,$ 3442.52,1
1746,09:30:02,$ 3442.52,90
1747,09:30:02,$ 3442.52,50
1748,09:30:02,$ 3442.52,50
1749,09:30:02,$ 3442.52,50
1750,09:30:02,$ 3442.52,2
1751,09:30:02,$ 3442.52,1
1752,09:30:02,$ 3442.52,12
1753,09:30:02,$ 3442.52,3
1754,09:30:02,$ 3442.52,1
1755,09:30:02,$ 3442.52,1
1756,09:30:02,$ 3442.52,3
1757,09:30:02,$ 3442.52,1
1758,09:30:02,$ 3442.52,3
1759,09:30:02,$ 3442.52,1
1760,09:30:02,$ 3442.52,2
1761,09:30:02,$ 3442.52,1
1762,09:30:02,$ 3442.52,7
1763,09:30:02,$ 3442.52,8
1765,09:30:02,$ 3442.52,14
1766,09:30:02,$ 3442.52,8
1767,09:30:02,$ 3442.52,2
1768,09:30:02,$ 3442.52,28
1769,09:30:02,$ 3442.52,8
1770,09:30:02,$ 3442.52,1
1771,09:30:02,$ 3442.52,1
1772,09:30:02,$ 3442.52,1
1773,09:30:02,$ 3442.52,30
1774,09:30:02,$ 3442.52,20
1775,09:30:02,$ 3442.52,40
1776,09:30:02,$ 3442.52,29
1777,09:30:02,$ 3442.52,1
1778,09:30:02,$ 3442.52,5
1779,09:30:02,$ 3442.52,2
1780,09:30:02,$ 3442.52,1
1781,09:30:02,$ 3442.52,6
1782,09:30:02,$ 3442.52,2
1783,09:30:02,$ 3442.52,1
1784,09:30:02,$ 3442.52,4
1786,09:30:02,$ 3442.52,3
1787,09:30:02,$ 3442.52,18
1788,09:30:02,$ 3442.52,20
1789,09:30:02,$ 3442.52,10
1790,09:30:02,$ 3442.52,11
1791,09:30:02,$ 3442.52,4
1792,09:30:02,$ 3442.52,2
1793,09:30:02,$ 3442.52,2
1794,09:30:02,$ 3442.52,2
1795,09:30:02,$ 3442.52,2
1796,09:30:02,$ 3442.52,7
1797,09:30:02,$ 3442.52,2
1798,09:30:02,$ 3442.52,1
1799,09:30:02,$ 3442.52,46
1800,09:30:02,$ 3442.52,1
1801,09:30:02,$ 3442.52,8
1802,09:30:02,$ 3442.52,1
1803,09:30:02,$ 3442.52,10
1804,09:30:02,$ 3442.52,431
1805,09:30:02,$ 3442.52,89
1807,09:30:02,$ 3442.52,1
1808,09:30:02,$ 3442.52,2
1809,09:30:02,$ 3442.52,1
1810,09:30:02,$ 3442.52,1
1811,09:30:02,$ 3442.52,1
1812,09:30:02,$ 3442.52,1
1813,09:30:02,$ 3442.52,2
1814,09:30:02,$ 3442.52,1
1815,09:30:02,$ 3442.52,1
1816,09:30:02,$ 3442.52,1
1817,09:30:02,$ 3442.52,1
1818,09:30:02,$ 3442.52,1
1819,09:30:02,$ 3442.52,1
1820,09:30:02,$ 3442.52,1
1821,09:30:02,$ 3442.52,1
1822,09:30:02,$ 3442.52,1
1823,09:30:02,$ 3442.52,3
1824,09:30:02,$ 3442.52,1
1825,09:30:02,$ 3442.52,1
1826,09:30:02,$ 3442.52,1
1828,09:30:02,$ 3442.52,1
1829,09:30:02,$ 3442.52,1
1830,09:30:02,$ 3442.52,1
1831,09:30:02,$ 3442.52,1
1832,09:30:02,$ 3442.52,1
1833,09:30:02,$ 3442.52,1
1834,09:30:02,$ 3442.52,1
1835,09:30:02,$ 3442.52,1
1836,09:30:02,$ 3442.52,1
1837,09:30:02,$ 3442.52,1
1838,09:30:02,$ 3442.52,1
1839,09:30:02,$ 3442.52,1
1840,09:30:02,$ 3442.52,1
1841,09:30:02,$ 3442.52,1
1842,09:30:02,$ 3442.52,1
1843,09:30:02,$ 3442.52,1
1844,09:30:02,$ 3442.52,1
1845,09:30:02,$ 3442.52,1
1846,09:30:02,$ 3442.52,1
1847,09:30:02,$ 3442.52,685
1849,09:30:02,$ 3442.52,10
1850,09:30:02,$ 3442.52,1
1851,09:30:02,$ 3442.52,3
1852,09:30:02,$ 3442.52,1
1853,09:30:02,$ 3442.52,1
1854,09:30:02,$ 3442.52,2
1855,09:30:02,$ 3442.52,1
1856,09:30:02,$ 3442.52,3
1857,09:30:02,$ 3442.52,2
1858,09:30:02,$ 3442.52,2
1859,09:30:02,$ 3442.52,2
1860,09:30:02,$ 3442.52,6
1861,09:30:02,$ 3442.52,2
1862,09:30:02,$ 3442.52,1
1863,09:30:02,$ 3442.52,25
1864,09:30:02,$ 3442.52,3
1865,09:30:02,$ 3442.52,175
1866,09:30:02,$ 3442.52,5
1867,09:30:02,$ 3442.52,1
1868,09:30:02,$ 3442.52,1
1870,09:30:02,$ 3442.52,3
1871,09:30:02,$ 3442.52,1
1872,09:30:02,$ 3442.52,1
1873,09:30:02,$ 3442.52,1
1874,09:30:02,$ 3442.52,2
1875,09:30:02,$ 3442.52,2
1876,09:30:02,$ 3442.52,2
1877,09:30:02,$ 3442.52,1
1878,09:30:02,$ 3442.52,2
1879,09:30:02,$ 3442.52,2
1880,09:30:02,$ 3442.52,1
1881,09:30:02,$ 3442.52,1
1882,09:30:02,$ 3442.52,1
1883,09:30:02,$ 3442.52,2
1884,09:30:02,$ 3442.52,1
1885,09:30:02,$ 3442.52,2
1886,09:30:02,$ 3442.52,6
1887,09:30:02,$ 3442.52,1
1888,09:30:02,$ 3442.52,1
1889,09:30:02,$ 3442.52,1
1891,09:30:02,$ 3442.52,11
1892,09:30:02,$ 3442.52,2
1893,09:30:02,$ 3442.52,3
1894,09:30:02,$ 3442.52,2
1895,09:30:02,$ 3442.52,6
1896,09:30:02,$ 3442.52,1
1897,09:30:02,$ 3442.52,2
1898,09:30:02,$ 3442.52,1
1899,09:30:02,$ 3442.52,3
1900,09:30:02,$ 3442.52,3
1901,09:30:02,$ 3442.52,1
1902,09:30:02,$ 3442.52,1
1903,09:30:02,$ 3442.52,2
1904,09:30:02,$ 3442.52,1
1905,09:30:02,$ 3442.52,1
1906,09:30:02,$ 3442.52,3
1907,09:30:02,$ 3442.52,10
1908,09:30:02,$ 3442.52,24
1909,09:30:02,$ 3442.52,5
1910,09:30:02,$ 3442.52,1
1912,09:30:02,$ 3442.52,9
1913,09:30:02,$ 3442.52,2
1914,09:30:02,$ 3442.52,24
1915,09:30:02,$ 3442.52,27
1916,09:30:02,$ 3442.52,91
1917,09:30:02,$ 3442.52,3
1918,09:30:02,$ 3442.52,30
1919,09:30:02,$ 3442.52,100
1920,09:30:02,$ 3442.52,10
1921,09:30:02,$ 3442.52,3
1922,09:30:02,$ 3442.52,1
1923,09:30:02,$ 3442.52,97
1924,09:30:02,$ 3442.52,18
1925,09:30:02,$ 3442.52,5
1926,09:30:02,$ 3442.52,600
1927,09:30:02,$ 3442.52,2
1928,09:30:02,$ 3442.52,26
1929,09:30:02,$ 3442.52,74
1930,09:30:02,$ 3442.52,100
1931,09:30:02,$ 3442.52,14
1933,09:30:02,$ 3442.52,223
1934,09:30:02,$ 3442.52,2
1935,09:30:02,$ 3442.52,1
1936,09:30:02,$ 3442.52,5
1937,09:30:02,$ 3442.52,100
1938,09:30:02,$ 3442.52,1
1939,09:30:02,$ 3442.52,56
1940,09:30:02,$ 3442.52,3
1941,09:30:02,$ 3442.52,28
1942,09:30:02,$ 3442.52,9
1943,09:30:02,$ 3442.52,63
1944,09:30:02,$ 3442.52,435
1945,09:30:02,$ 3442.52,16
1946,09:30:02,$ 3442.52,72
1947,09:30:02,$ 3442.52,95
1948,09:30:02,$ 3442.52,1
1949,09:30:02,$ 3442.52,2
1950,09:30:02,$ 3442.52,100
1951,09:30:02,$ 3442.52,24
1952,09:30:02,$ 3442.52,20
1954,09:30:02,$ 3442.52,506
1955,09:30:02,$ 3442.52,11
1956,09:30:02,$ 3442.52,24
1957,09:30:02,$ 3442.52,52
1958,09:30:02,$ 3442.52,5
1959,09:30:02,$ 3442.52,141
1960,09:30:02,$ 3442.52,5
1961,09:30:02,$ 3442.52,3
1962,09:30:02,$ 3442.52,5
1963,09:30:02,$ 3442.52,2
1964,09:30:02,$ 3442.52,1
1965,09:30:02,$ 3442.52,1
1966,09:30:02,$ 3442.52,1
1967,09:30:02,$ 3442.52,800
1968,09:30:02,$ 3442.52,1
1969,09:30:02,$ 3442.52,3
1970,09:30:02,$ 3442.52,19
1971,09:30:02,$ 3442.52,2
1972,09:30:02,$ 3442.52,3
1973,09:30:02,$ 3442.52,14
1975,09:30:02,$ 3442.52,782
1976,09:30:02,$ 3442.52,13
1977,09:30:02,$ 3442.52,22
1978,09:30:02,$ 3442.52,18
1979,09:30:02,$ 3442.52,15
1980,09:30:02,$ 3442.52,329
1981,09:30:02,$ 3442.52,6
1982,09:30:02,$ 3442.52,9
1983,09:30:02,$ 3442.52,5
1984,09:30:02,$ 3442.52,7
1985,09:30:02,$ 3442.52,6
1986,09:30:02,$ 3442.52,10
1987,09:30:02,$ 3442.52,6
1988,09:30:02,$ 3442.52,5
1989,09:30:02,$ 3442.52,1
1990,09:30:02,$ 3442.52,2
1991,09:30:02,$ 3442.52,8
1992,09:30:02,$ 3442.52,4
1993,09:30:02,$ 3442.52,4
1994,09:30:02,$ 3442.52,40
1996,09:30:02,$ 3442.52,2
1997,09:30:02,$ 3442.52,7
1998,09:30:02,$ 3442.52,10
1999,09:30:02,$ 3442.52,2
2000,09:30:02,$ 3442.52,8
2001,09:30:02,$ 3442.52,6
2002,09:30:02,$ 3442.52,6
2003,09:30:02,$ 3442.52,3
2004,09:30:02,$ 3442.52,5
2005,09:30:02,$ 3442.52,1
2006,09:30:02,$ 3442.52,15
2007,09:30:02,$ 3442.52,1
2008,09:30:02,$ 3442.52,1
2009,09:30:02,$ 3442.52,1
2010,09:30:02,$ 3442.52,1
2011,09:30:02,$ 3442.52,3
2012,09:30:02,$ 3442.52,1
2013,09:30:02,$ 3442.52,4
2014,09:30:02,$ 3442.52,54
2015,09:30:02,$ 3442.52,124
2017,09:30:02,$ 3442.52,20
2018,09:30:02,$ 3442.52,1
2019,09:30:02,$ 3442.52,1
2020,09:30:02,$ 3442.52,3
2021,09:30:02,$ 3442.52,1
2022,09:30:02,$ 3442.52,1
2023,09:30:02,$ 3442.52,1
2024,09:30:02,$ 3442.52,1
2025,09:30:02,$ 3442.52,6
2026,09:30:02,$ 3442.52,1
2027,09:30:02,$ 3442.52,1
2028,09:30:02,$ 3442.52,1
2029,09:30:02,$ 3442.52,1
2030,09:30:02,$ 3442.52,2
2031,09:30:02,$ 3442.52,40
2032,09:30:02,$ 3442.52,5
2033,09:30:02,$ 3442.52,1
2034,09:30:02,$ 3442.52,1
2035,09:30:02,$ 3442.52,2
2036,09:30:02,$ 3442.52,38
2038,09:30:02,$ 3442.52,8
2039,09:30:02,$ 3442.52,13
2040,09:30:02,$ 3442.52,16
2041,09:30:02,$ 3442.52,18
2042,09:30:02,$ 3442.52,107
2043,09:30:02,$ 3442.52,1
2044,09:30:02,$ 3442.52,333
2045,09:30:02,$ 3442.52,1
2046,09:30:02,$ 3442.52,33
2047,09:30:02,$ 3442.52,3
2048,09:30:02,$ 3442.52,8
2049,09:30:02,$ 3442.52,2
2050,09:30:02,$ 3442.52,13
2051,09:30:02,$ 3442.52,10
2052,09:30:02,$ 3442.52,2
2053,09:30:02,$ 3442.52,2
2054,09:30:02,$ 3442.52,445
2055,09:30:02,$ 3442.52,38
2056,09:30:02,$ 3442.52,4
2057,09:30:02,$ 3442.52,1
2059,09:30:02,$ 3442.52,1
2060,09:30:02,$ 3442.52,124
2061,09:30:02,$ 3442.52,100
2062,09:30:02,$ 3442.52,1
2063,09:30:02,$ 3442.52,5
2064,09:30:02,$ 3442.52,16
2065,09:30:02,$ 3442.52,8
2066,09:30:02,$ 3442.52,30
2067,09:30:02,$ 3442.52,5
2068,09:30:02,$ 3442.52,1
2069,09:30:02,$ 3442.52,6
2070,09:30:02,$ 3442.52,2
2071,09:30:02,$ 3442.52,1
2072,09:30:02,$ 3442.52,1
2073,09:30:02,$ 3442.52,11
2074,09:30:02,$ 3442.52,12
2075,09:30:02,$ 3442.52,2
2076,09:30:02,$ 3442.52,4
2077,09:30:02,$ 3442.52,53
2078,09:30:02,$ 3442.52,1
2080,09:30:02,$ 3442.52,3
2081,09:30:02,$ 3442.52,1
2082,09:30:02,$ 3442.52,4
2083,09:30:02,$ 3442.52,1
2084,09:30:02,$ 3442.52,1
2085,09:30:02,$ 3442.52,2
2086,09:30:02,$ 3442.52,1
2087,09:30:02,$ 3442.52,8
2088,09:30:02,$ 3442.52,8
2089,09:30:02,$ 3442.52,4
2090,09:30:02,$ 3442.52,99
2091,09:30:02,$ 3442.52,6
2092,09:30:02,$ 3442.52,119
2093,09:30:02,$ 3442.52,32
2094,09:30:02,$ 3442.52,6
2095,09:30:02,$ 3442.52,55
2096,09:30:02,$ 3442.52,113
2097,09:30:02,$ 3442.52,60
2098,09:30:02,$ 3442.52,3
2099,09:30:02,$ 3442.52,1
2101,09:30:02,$ 3442.52,1
2102,09:30:02,$ 3442.52,5
2103,09:30:02,$ 3442.52,1
2104,09:30:02,$ 3442.52,5
2105,09:30:02,$ 3442.52,1
2106,09:30:02,$ 3442.52,3
2107,09:30:02,$ 3442.52,31
2108,09:30:02,$ 3442.52,1
2109,09:30:02,$ 3442.52,19
2110,09:30:02,$ 3442.52,10
2111,09:30:02,$ 3442.52,8
2112,09:30:02,$ 3442.52,2
2113,09:30:02,$ 3442.52,1
2114,09:30:02,$ 3442.52,5
2115,09:30:02,$ 3442.52,1
2116,09:30:02,$ 3442.52,2
2117,09:30:02,$ 3442.52,63
2118,09:30:02,$ 3442.52,30
2119,09:30:02,$ 3442.52,2
2120,09:30:02,$ 3442.52,1
2122,09:30:02,$ 3442.52,3
2123,09:30:02,$ 3442.52,1
2124,09:30:02,$ 3442.52,4
2125,09:30:01,$ 3446.31,100
2126,09:30:01,$ 3446.11,100
2127,09:30:01,$ 3446.21,100
2128,09:30:01,$ 3446.01,100
2129,09:30:01,$ 3444.06,100
2130,09:30:01,$ 3443.01,600
2131,09:30:01,$ 3443.85,230
2132,09:30:01,$ 3444.94,100
2133,09:30:00,$ 3445.27,100
2134,09:30:00,$ 3445.21,100
2135,09:30:00,$ 3448.95,100
2136,09:30:00,$ 3448.99,143
2137,09:30:00,$ 3448.99,762
2138,09:30:00,$ 3448.99,707
2139,09:30:00,$ 3447.9958,391
2140,09:30:00,$ 3444.35,127
2141,09:30:00,$ 3443.93,100
2143,09:30:00,$ 3442.52,10
2144,09:30:00,$ 3442.52,25
2145,09:30:00,$ 3442.52,10
2146,09:30:00,$ 3442.52,10
2147,09:30:00,$ 3442.52,25
2148,09:30:00,$ 3442.52,10
2150,10:29:51,$ 3408.54,100
2151,10:29:50,$ 3408.76,100
2152,10:29:50,$ 3408.77,100
2153,10:29:45,$ 3408.86,100
2154,10:29:45,$ 3408.08,100
2155,10:29:36,$ 3409.2681,121
2156,10:29:32,$ 3407.938,500
2157,10:29:17,$ 3408.65,100
2158,10:29:15,$ 3406.69,"1,039"
2159,10:29:15,$ 3406.46,200
2160,10:29:15,$ 3406.69,115
2161,10:29:15,$ 3406.00,100
2162,10:29:15,$ 3406.00,200
2163,10:29:15,$ 3405.20,100
2164,10:28:55,$ 3405.28,100
2165,10:28:54,$ 3405.77,100
2166,10:28:53,$ 3405.78,100
2167,10:28:53,$ 3405.77,100
2168,10:28:53,$ 3405.78,100
2169,10:28:49,$ 3406.23,100
2171,10:28:40,$ 3407.5921,100
2172,10:28:35,$ 3407.495,100
2173,10:28:33,$ 3407.0742,500
2174,10:28:30,$ 3407.145,100
2175,10:28:27,$ 3408.00,108
2176,10:28:13,$ 3408.80,100
2177,10:28:13,$ 3408.565,100
2178,10:28:07,$ 3408.05,100
2179,10:28:00,$ 3408.51,100
2180,10:28:00,$ 3408.40,100
2181,10:27:49,$ 3409.19,100
2182,10:27:48,$ 3409.16,100
2183,10:27:48,$ 3409.18,100
2184,10:27:48,$ 3409.27,100
2185,10:27:48,$ 3409.21,100
2186,10:27:47,$ 3409.625,100
2187,10:27:42,$ 3410.10,117
2188,10:27:42,$ 3410.10,115
2189,10:27:42,$ 3410.10,100
2190,10:27:30,$ 3409.95,100
2192,10:27:30,$ 3410.00,100
2193,10:27:30,$ 3410.41,100
2194,10:27:30,$ 3410.77,191
2195,10:27:25,$ 3410.385,179
2196,10:27:24,$ 3410.0001,100
2197,10:27:17,$ 3411.045,100
2198,10:27:00,$ 3411.135,200
2199,10:26:59,$ 3411.34,100
2200,10:26:48,$ 3412.37,100
2201,10:26:48,$ 3412.50,100
2202,10:26:39,$ 3412.99,110
2203,10:26:37,$ 3412.4916,300
2204,10:26:04,$ 3413.50,100
2205,10:25:30,$ 3411.83,100
2206,10:25:30,$ 3411.78,100
2207,10:25:19,$ 3412.3974,100
2208,10:25:19,$ 3412.24,117
2209,10:25:19,$ 3412.24,101
2210,10:25:15,$ 3411.92,100
2211,10:24:54,$ 3412.445,100
2213,10:24:53,$ 3412.64,100
2214,10:24:46,$ 3413.125,100
2215,10:24:31,$ 3412.31,100
2216,10:24:31,$ 3412.47,100
2217,10:24:26,$ 3412.2801,100
2218,10:24:21,$ 3412.82,100
2219,10:24:21,$ 3413.29,100
2220,10:24:13,$ 3413.525,100
2221,10:23:58,$ 3412.97,100
2222,10:23:58,$ 3412.97,100
2223,10:23:58,$ 3413.20,100
2224,10:23:45,$ 3413.5335,100
2225,10:23:39,$ 3413.1572,103
2226,10:23:32,$ 3413.02,100
2227,10:23:32,$ 3412.74,100
2228,10:23:32,$ 3412.945,100
2229,10:23:29,$ 3412.54,100
2230,10:23:17,$ 3412.00,100
2231,10:23:13,$ 3412.00,100
2232,10:23:13,$ 3412.00,100
2234,10:23:13,$ 3412.00,100
2235,10:23:12,$ 3412.20,100
2236,10:23:11,$ 3412.435,100
2237,10:23:11,$ 3412.435,100
2238,10:23:05,$ 3412.44,100
2239,10:23:05,$ 3412.44,100
2240,10:23:05,$ 3412.34,100
2241,10:23:04,$ 3411.915,200
2242,10:23:00,$ 3410.55,100
2243,10:22:59,$ 3411.49,100
2244,10:22:59,$ 3411.50,100
2245,10:22:59,$ 3411.34,100
2246,10:22:59,$ 3411.35,153
2247,10:22:57,$ 3410.72,100
2248,10:22:57,$ 3410.84,115
2249,10:22:57,$ 3410.84,117
2250,10:22:49,$ 3410.72,100
2251,10:22:48,$ 3411.035,200
2252,10:22:47,$ 3411.12,300
2253,10:22:46,$ 3411.12,100
2255,10:22:42,$ 3410.81,100
2256,10:22:41,$ 3410.83,100
2257,10:22:41,$ 3410.775,100
2258,10:22:41,$ 3410.81,100
2259,10:22:39,$ 3411.225,100
2260,10:22:39,$ 3411.06,100
2261,10:22:39,$ 3412.26,100
2262,10:22:37,$ 3411.72,100
2263,10:22:37,$ 3411.80,100
2264,10:22:37,$ 3411.76,100
2265,10:22:37,$ 3411.71,100
2266,10:22:37,$ 3411.76,100
2267,10:22:37,$ 3411.76,100
2268,10:22:37,$ 3411.87,100
2269,10:22:37,$ 3411.76,100
2270,10:22:30,$ 3412.08,100
2271,10:22:30,$ 3412.08,100
2272,10:22:26,$ 3410.30,100
2273,10:22:26,$ 3410.20,100
2274,10:22:26,$ 3411.1725,100
2276,10:22:25,$ 3412.08,337
2277,10:22:25,$ 3411.115,100
2278,10:22:25,$ 3411.115,100
2279,10:22:25,$ 3411.115,100
2280,10:22:25,$ 3411.115,100
2281,10:22:24,$ 3411.115,100
2282,10:22:24,$ 3411.115,100
2283,10:22:24,$ 3411.20,100
2284,10:22:24,$ 3412.56,100
2285,10:22:20,$ 3413.005,100
2286,10:22:11,$ 3412.60,100
2287,10:22:09,$ 3412.16,100
2288,10:22:07,$ 3412.235,100
2289,10:22:07,$ 3413.43,100
2290,10:22:07,$ 3412.73,100
2291,10:22:06,$ 3412.71,143
2292,10:22:06,$ 3412.9764,143
2293,10:22:06,$ 3412.9764,100
2294,10:22:06,$ 3412.54,100
2295,10:22:05,$ 3412.50,100
2297,10:22:04,$ 3413.48,100
2298,10:21:57,$ 3413.45,100
2299,10:21:57,$ 3414.01,100
2300,10:21:56,$ 3414.00,117
2301,10:21:56,$ 3414.00,105
2302,10:21:52,$ 3413.99,100
2303,10:21:52,$ 3413.86,100
2304,10:21:52,$ 3413.90,100
2305,10:21:52,$ 3413.85,100
2306,10:21:44,$ 3414.148,500
2307,10:21:39,$ 3414.75,115
2308,10:21:39,$ 3414.75,191
2309,10:21:39,$ 3414.62,100
2310,10:21:39,$ 3411.90,100
2311,10:21:39,$ 3414.10,199
2312,10:21:39,$ 3411.90,100
2313,10:21:39,$ 3411.90,100
2314,10:21:39,$ 3411.89,100
2315,10:21:39,$ 3411.79,100
2316,10:21:39,$ 3411.90,100
2318,10:21:39,$ 3411.83,100
2319,10:21:36,$ 3411.03,100
2320,10:21:36,$ 3411.20,100
2321,10:21:36,$ 3411.70,400
2322,10:21:34,$ 3411.20,100
2323,10:21:34,$ 3410.97,100
2324,10:21:33,$ 3411.1999,100
2325,10:21:33,$ 3411.1999,100
2326,10:21:33,$ 3410.61,100
2327,10:21:33,$ 3410.61,100
2328,10:21:33,$ 3410.60,100
2329,10:21:33,$ 3410.60,100
2330,10:21:33,$ 3410.60,100
2331,10:21:33,$ 3410.60,100
2332,10:21:31,$ 3410.395,100
2333,10:21:31,$ 3410.72,100
2334,10:21:27,$ 3410.065,100
2335,10:21:26,$ 3409.29,100
2336,10:21:26,$ 3410.00,100
2337,10:21:26,$ 3410.04,100
2339,10:21:26,$ 3410.02,100
2340,10:21:26,$ 3410.05,100
2341,10:21:26,$ 3410.07,100
2342,10:21:26,$ 3410.07,100
2343,10:21:26,$ 3410.08,100
2344,10:21:26,$ 3410.09,100
2345,10:21:24,$ 3409.819,100
2346,10:21:18,$ 3410.01,100
2347,10:21:12,$ 3409.00,100
2348,10:21:12,$ 3409.00,200
2349,10:21:12,$ 3409.00,100
2350,10:20:55,$ 3409.00,100
2351,10:20:52,$ 3408.7401,200
2352,10:20:47,$ 3408.73,100
2353,10:20:40,$ 3409.29,100
2354,10:20:40,$ 3408.72,100
2355,10:20:29,$ 3409.345,150
2356,10:20:24,$ 3409.78,100
2357,10:20:23,$ 3409.79,100
2358,10:20:16,$ 3409.78,100
2360,10:20:16,$ 3409.78,100
2361,10:20:15,$ 3410.19,100
2362,10:20:08,$ 3409.57,100
2363,10:20:04,$ 3409.70,100
2364,10:20:04,$ 3409.65,100
2365,10:20:03,$ 3409.6601,100
2366,10:19:52,$ 3409.74,100
2367,10:19:45,$ 3409.11,100
2368,10:19:45,$ 3409.11,227
2369,10:19:45,$ 3409.11,173
2370,10:19:43,$ 3408.7006,100
2371,10:19:37,$ 3408.34,100
2372,10:19:33,$ 3408.975,100
2373,10:19:25,$ 3408.22,100
2374,10:19:21,$ 3408.51,100
2375,10:19:18,$ 3408.20,100
2376,10:19:17,$ 3408.79,100
2377,10:19:13,$ 3409.0025,100
2378,10:19:07,$ 3408.785,100
2379,10:18:59,$ 3409.24,100
2381,10:18:56,$ 3409.72,117
2382,10:18:55,$ 3409.71,100
2383,10:18:55,$ 3409.70,141
2384,10:18:55,$ 3409.05,100
2385,10:18:50,$ 3407.26,100
2386,10:18:50,$ 3407.41,100
2387,10:18:50,$ 3407.24,100
2388,10:18:47,$ 3406.96,100
2389,10:18:47,$ 3405.881,158
2390,10:18:39,$ 3406.17,100
2391,10:18:37,$ 3406.73,100
2392,10:18:36,$ 3406.72,100
2393,10:18:34,$ 3406.35,100
2394,10:18:34,$ 3406.41,100
2395,10:18:27,$ 3405.51,100
2396,10:18:27,$ 3405.51,100
2397,10:18:27,$ 3405.75,200
2398,10:18:26,$ 3405.85,100
2399,10:18:16,$ 3406.29,100
2400,10:18:15,$ 3406.00,200
2402,10:18:15,$ 3405.90,100
2403,10:18:11,$ 3405.105,100
2404,10:18:07,$ 3404.40,100
2405,10:18:07,$ 3404.48,101
2406,10:18:06,$ 3404.14,100
2407,10:18:01,$ 3404.151,100
2408,10:17:59,$ 3404.3508,100
2409,10:17:58,$ 3404.385,100
2410,10:17:51,$ 3405.66,100
2411,10:17:43,$ 3405.115,100
2412,10:17:34,$ 3405.64,100
2413,10:17:30,$ 3405.975,100
2414,10:17:28,$ 3405.975,100
2415,10:17:27,$ 3407.31,100
2416,10:17:26,$ 3406.55,100
2417,10:17:26,$ 3407.2318,200
2418,10:17:25,$ 3407.19,100
2419,10:17:21,$ 3407.4578,200
2420,10:17:21,$ 3407.181,100
2421,10:17:17,$ 3407.56,100
2423,10:17:17,$ 3406.49,100
2424,10:17:17,$ 3406.75,100
2425,10:17:15,$ 3406.065,100
2426,10:17:00,$ 3407.08,100
2427,10:16:59,$ 3406.8006,100
2428,10:16:54,$ 3406.601,100
2429,10:16:53,$ 3407.37,100
2430,10:16:50,$ 3407.3714,100
2431,10:16:47,$ 3406.83,100
2432,10:16:45,$ 3406.31,100
2433,10:16:45,$ 3406.40,100
2434,10:16:45,$ 3407.88,100
2435,10:16:43,$ 3406.76,100
2436,10:16:36,$ 3406.32,100
2437,10:16:32,$ 3406.00,100
2438,10:16:22,$ 3405.77,100
2439,10:16:22,$ 3405.00,900
2440,10:16:21,$ 3403.657,500
2441,10:16:21,$ 3404.30,100
2442,10:16:18,$ 3403.655,100
2444,10:16:06,$ 3403.16,131
2445,10:15:55,$ 3402.101,100
2446,10:15:54,$ 3402.01,100
2447,10:15:54,$ 3402.01,100
2448,10:15:54,$ 3402.44,100
2449,10:15:53,$ 3402.51,200
2450,10:15:53,$ 3402.51,100
2451,10:15:48,$ 3402.81,200
2452,10:15:48,$ 3402.85,100
2453,10:15:48,$ 3402.80,100
2454,10:15:48,$ 3402.89,100
2455,10:15:48,$ 3402.81,100
2456,10:15:45,$ 3403.59,100
2457,10:15:45,$ 3403.57,100
2458,10:15:41,$ 3402.6975,100
2459,10:15:41,$ 3403.25,100
2460,10:15:40,$ 3402.37,100
2461,10:15:33,$ 3403.85,100
2462,10:15:32,$ 3403.36,100
2463,10:15:32,$ 3403.35,100
2465,10:15:31,$ 3404.005,100
2466,10:15:27,$ 3403.865,100
2467,10:15:27,$ 3403.86,100
2468,10:15:27,$ 3403.87,100
2469,10:15:27,$ 3403.87,100
2470,10:15:27,$ 3404.325,100
2471,10:15:27,$ 3404.325,100
2472,10:15:18,$ 3403.5326,100
2473,10:15:17,$ 3404.48,100
2474,10:15:14,$ 3404.44,100
2475,10:15:12,$ 3406.07,100
2476,10:15:11,$ 3404.9201,500
2477,10:15:09,$ 3405.13,100
2478,10:15:09,$ 3406.09,100
2479,10:15:09,$ 3406.08,100
2480,10:15:07,$ 3407.139,100
2481,10:15:02,$ 3406.545,100
2482,10:14:55,$ 3406.6635,261
2483,10:14:54,$ 3406.65,100
2484,10:14:54,$ 3406.978,500
2486,10:14:52,$ 3406.85,100
2487,10:14:51,$ 3407.6463,500
2488,10:14:48,$ 3407.64,100
2489,10:14:46,$ 3407.1248,200
2490,10:14:39,$ 3407.82,100
2491,10:14:33,$ 3408.28,100
2492,10:14:31,$ 3408.03,100
2493,10:14:24,$ 3407.08,100
2494,10:14:20,$ 3407.065,200
2495,10:14:19,$ 3406.26,100
2496,10:14:13,$ 3405.98,100
2497,10:14:13,$ 3405.91,100
2498,10:14:13,$ 3405.905,100
2499,10:14:13,$ 3405.925,100
2500,10:14:06,$ 3404.67,100
2501,10:14:04,$ 3405.205,100
2502,10:14:03,$ 3404.75,100
2503,10:14:02,$ 3405.205,500
2504,10:14:01,$ 3405.5175,100
2505,10:14:01,$ 3405.205,100
2507,10:13:55,$ 3404.80,100
2508,10:13:55,$ 3404.847,220
2509,10:13:54,$ 3405.385,250
2510,10:13:52,$ 3405.38,100
2511,10:13:50,$ 3406.1299,500
2512,10:13:47,$ 3405.385,100
2513,10:13:39,$ 3404.67,100
2514,10:13:38,$ 3404.89,100
2515,10:13:37,$ 3403.81,100
2516,10:13:34,$ 3404.345,100
2517,10:13:33,$ 3404.345,100
2518,10:13:32,$ 3404.53,350
2519,10:13:32,$ 3404.345,100
2520,10:13:32,$ 3404.94,100
2521,10:13:22,$ 3406.26,100
2522,10:13:18,$ 3405.60,100
2523,10:13:12,$ 3406.7526,100
2524,10:12:57,$ 3407.5196,150
2525,10:12:51,$ 3407.66,100
2526,10:12:42,$ 3407.62,230
2528,10:12:39,$ 3407.72,100
2529,10:12:37,$ 3406.815,100
2530,10:12:33,$ 3406.87,100
2531,10:12:18,$ 3407.755,100
2532,10:12:15,$ 3407.755,100
2533,10:12:12,$ 3409.18,100
2534,10:12:00,$ 3407.18,100
2535,10:12:00,$ 3407.20,100
2536,10:11:58,$ 3407.695,100
2537,10:11:58,$ 3407.18,100
2538,10:11:57,$ 3407.695,100
2539,10:11:51,$ 3408.73,100
2540,10:11:48,$ 3408.365,200
2541,10:11:47,$ 3408.68,100
2542,10:11:46,$ 3407.755,100
2543,10:11:45,$ 3407.505,100
2544,10:11:45,$ 3407.21,100
2545,10:11:45,$ 3407.18,100
2546,10:11:45,$ 3407.70,100
2547,10:11:45,$ 3408.32,100
2549,10:11:45,$ 3407.21,100
2550,10:11:45,$ 3407.29,200
2551,10:11:44,$ 3407.755,100
2552,10:11:42,$ 3407.52,100
2553,10:11:39,$ 3408.40,139
2554,10:11:37,$ 3409.04,100
2555,10:11:37,$ 3409.41,100
2556,10:11:33,$ 3409.3375,100
2557,10:11:33,$ 3410.00,169
2558,10:11:33,$ 3410.00,100
2559,10:11:33,$ 3410.00,111
2560,10:11:33,$ 3410.11,100
2561,10:11:33,$ 3410.14,100
2562,10:11:17,$ 3410.59,100
2563,10:11:17,$ 3410.76,100
2564,10:11:17,$ 3410.93,100
2565,10:11:17,$ 3410.94,115
2566,10:11:17,$ 3410.94,120
2567,10:11:17,$ 3410.92,100
2568,10:11:17,$ 3410.93,100
2570,10:11:17,$ 3410.67,100
2571,10:11:17,$ 3411.15,100
2572,10:11:17,$ 3410.82,100
2573,10:11:17,$ 3410.97,100
2574,10:11:17,$ 3410.98,100
2575,10:11:17,$ 3410.98,100
2576,10:11:17,$ 3410.98,100
2577,10:11:16,$ 3410.59,100
2578,10:11:15,$ 3410.41,100
2579,10:11:15,$ 3410.28,100
2580,10:11:15,$ 3410.28,189
2581,10:11:07,$ 3410.13,100
2582,10:11:04,$ 3410.50,100
2583,10:11:04,$ 3410.51,117
2584,10:11:04,$ 3410.51,278
2585,10:11:04,$ 3410.50,178
2586,10:11:04,$ 3410.50,100
2587,10:11:04,$ 3410.51,"1,071"
2588,10:11:01,$ 3410.5001,100
2589,10:11:00,$ 3410.51,100
2591,10:11:00,$ 3410.52,100
2592,10:10:51,$ 3411.00,100
2593,10:10:51,$ 3411.01,102
2594,10:10:51,$ 3411.01,102
2595,10:10:51,$ 3411.01,169
2596,10:10:46,$ 3411.56,100
2597,10:10:45,$ 3411.865,500
2598,10:10:44,$ 3411.57,108
2599,10:10:43,$ 3411.57,106
2600,10:10:41,$ 3411.61,101
2601,10:10:41,$ 3411.61,218
2602,10:10:41,$ 3411.61,100
2603,10:10:41,$ 3411.61,100
2604,10:10:37,$ 3411.60,149
2605,10:10:28,$ 3412.2375,100
2606,10:10:21,$ 3412.15,100
2607,10:10:16,$ 3411.56,100
2608,10:10:02,$ 3411.56,117
2609,10:10:00,$ 3411.56,100
2610,10:10:00,$ 3411.56,115
2612,10:10:00,$ 3411.56,115
2613,10:09:54,$ 3412.39,200
2614,10:09:51,$ 3413.09,100
2615,10:09:51,$ 3413.01,"1,000"
2616,10:09:50,$ 3413.01,100
2617,10:09:50,$ 3413.02,104
2618,10:09:50,$ 3413.9899,300
2619,10:09:37,$ 3413.27,100
2620,10:09:30,$ 3411.93,110
2621,10:09:27,$ 3412.2004,253
2622,10:09:22,$ 3412.0278,311
2623,10:09:21,$ 3411.54,100
2624,10:09:21,$ 3411.54,100
2625,10:09:21,$ 3411.56,100
2626,10:09:16,$ 3411.05,100
2627,10:09:16,$ 3411.05,100
2628,10:09:16,$ 3410.74,100
2629,10:09:12,$ 3410.29,264
2630,10:09:08,$ 3410.29,130
2631,10:09:00,$ 3411.94,100
2633,10:08:44,$ 3412.44,100
2634,10:08:44,$ 3412.96,100
2635,10:08:43,$ 3412.69,100
2636,10:08:41,$ 3411.1801,125
2637,10:08:34,$ 3410.94,100
2638,10:08:34,$ 3411.23,100
2639,10:08:34,$ 3411.23,200
2640,10:08:34,$ 3410.94,100
2641,10:08:33,$ 3412.00,100
2642,10:08:33,$ 3412.04,100
2643,10:08:33,$ 3411.97,100
2644,10:08:33,$ 3411.97,100
2645,10:08:33,$ 3412.208,100
2646,10:08:33,$ 3412.37,100
2647,10:08:33,$ 3412.29,200
2648,10:08:22,$ 3412.17,100
2649,10:08:22,$ 3412.63,300
2650,10:08:21,$ 3413.01,100
2651,10:08:21,$ 3413.01,100
2652,10:08:15,$ 3412.01,100
2654,10:08:15,$ 3412.9017,700
2655,10:08:15,$ 3412.11,100
2656,10:08:15,$ 3412.38,100
2657,10:08:15,$ 3412.03,100
2658,10:08:13,$ 3413.59,100
2659,10:08:11,$ 3412.45,100
2660,10:08:11,$ 3411.91,100
2661,10:08:05,$ 3411.96,100
2662,10:08:05,$ 3411.91,100
2663,10:08:04,$ 3413.29,100
2664,10:07:54,$ 3414.45,100
2665,10:07:53,$ 3412.94,100
2666,10:07:53,$ 3413.61,100
2667,10:07:53,$ 3413.62,100
2668,10:07:49,$ 3413.62,150
2669,10:07:48,$ 3413.16,100
2670,10:07:48,$ 3412.64,100
2671,10:07:44,$ 3410.825,100
2672,10:07:43,$ 3412.55,100
2673,10:07:42,$ 3413.0033,100
2675,10:07:42,$ 3412.46,100
2676,10:07:41,$ 3412.01,100
2677,10:07:41,$ 3412.184,100
2678,10:07:39,$ 3413.7511,100
2679,10:07:34,$ 3414.295,100
2680,10:07:33,$ 3415.5734,100
2681,10:07:33,$ 3414.31,100
2682,10:07:33,$ 3415.00,100
2683,10:07:32,$ 3415.40,100
2684,10:07:18,$ 3417.34,100
2685,10:07:12,$ 3418.3453,100
2686,10:07:11,$ 3417.90,100
2687,10:06:55,$ 3417.486,250
2688,10:06:43,$ 3418.41,100
2689,10:06:34,$ 3416.8405,100
2690,10:06:29,$ 3417.03,100
2691,10:06:21,$ 3418.91,100
2692,10:06:10,$ 3418.22,100
2693,10:06:10,$ 3418.24,100
2694,10:06:10,$ 3419.035,700
2696,10:06:06,$ 3418.91,100
2697,10:06:06,$ 3419.29,100
2698,10:05:59,$ 3417.415,100
2699,10:05:58,$ 3418.42,100
2700,10:05:58,$ 3418.31,100
2701,10:05:57,$ 3418.365,100
2702,10:05:57,$ 3418.365,100
2703,10:05:37,$ 3417.82,100
2704,10:05:37,$ 3416.53,100
2705,10:05:37,$ 3417.07,300
2706,10:05:37,$ 3417.10,100
2707,10:05:37,$ 3417.16,100
2708,10:05:05,$ 3418.02,100
2709,10:05:02,$ 3418.15,100
2710,10:05:02,$ 3418.15,100
2711,10:05:00,$ 3418.55,100
2712,10:04:58,$ 3418.26,100
2713,10:04:58,$ 3418.26,100
2714,10:04:58,$ 3418.28,100
2715,10:04:58,$ 3418.27,100
2717,10:04:58,$ 3418.05,100
2718,10:04:58,$ 3418.16,100
2719,10:04:58,$ 3418.26,100
2720,10:04:58,$ 3418.00,100
2721,10:04:56,$ 3418.3293,250
2722,10:04:47,$ 3417.26,100
2723,10:04:44,$ 3417.345,100
2724,10:04:44,$ 3417.64,300
2725,10:04:43,$ 3417.88,100
2726,10:04:40,$ 3418.67,100
2727,10:04:25,$ 3420.00,100
2728,10:04:25,$ 3420.15,187
2729,10:04:15,$ 3420.18,100
2730,10:04:10,$ 3420.915,100
2731,10:04:00,$ 3420.15,100
2732,10:04:00,$ 3420.15,100
2733,10:03:51,$ 3420.56,100
2734,10:03:51,$ 3420.24,100
2735,10:03:51,$ 3420.19,100
2736,10:03:49,$ 3420.845,100
2738,10:03:47,$ 3420.855,100
2739,10:03:24,$ 3420.41,117
2740,10:03:21,$ 3419.826,110
2741,10:03:18,$ 3419.5961,176
2742,10:03:14,$ 3420.055,100
2743,10:03:08,$ 3421.53,100
2744,10:03:07,$ 3420.8125,100
2745,10:03:06,$ 3420.985,100
2746,10:03:05,$ 3421.44,300
2747,10:03:05,$ 3421.458,200
2748,10:03:05,$ 3421.00,184
2749,10:03:05,$ 3421.07,100
2750,10:02:56,$ 3418.965,100
2751,10:02:55,$ 3419.48,100
2752,10:02:55,$ 3419.63,100
2753,10:02:55,$ 3419.63,100
2754,10:02:55,$ 3419.63,100
2755,10:02:45,$ 3417.9823,100
2756,10:02:40,$ 3418.48,100
2757,10:02:36,$ 3416.94,100
2759,10:02:36,$ 3416.26,300
2760,10:02:36,$ 3416.96,100
2761,10:02:36,$ 3416.96,100
2762,10:02:36,$ 3417.02,100
2763,10:02:36,$ 3417.22,100
2764,10:02:33,$ 3416.8203,175
2765,10:02:25,$ 3415.39,402
2766,10:02:19,$ 3414.62,100
2767,10:02:14,$ 3414.61,100
2768,10:02:06,$ 3413.885,100
2769,10:02:06,$ 3413.885,100
2770,10:02:05,$ 3414.6099,100
2771,10:02:04,$ 3413.95,100
2772,10:02:04,$ 3413.965,100
2773,10:02:04,$ 3414.33,100
2774,10:02:02,$ 3414.32,100
2775,10:02:02,$ 3414.00,100
2776,10:01:58,$ 3413.935,100
2777,10:01:53,$ 3413.30,100
2778,10:01:53,$ 3413.71,100
2780,10:01:53,$ 3413.71,100
2781,10:01:27,$ 3415.49,100
2782,10:01:25,$ 3414.15,100
2783,10:01:25,$ 3414.02,100
2784,10:01:23,$ 3415.55,100
2785,10:01:23,$ 3415.19,100
2786,10:01:21,$ 3415.025,100
2787,10:01:16,$ 3415.00,400
2788,10:01:16,$ 3415.01,100
2789,10:01:10,$ 3416.5199,100
2790,10:01:06,$ 3415.22,100
2791,10:01:05,$ 3416.38,100
2792,10:01:05,$ 3416.38,100
2793,10:01:02,$ 3416.01,100
2794,10:00:56,$ 3418.27,100
2795,10:00:53,$ 3418.30,100
2796,10:00:33,$ 3418.50,100
2797,10:00:16,$ 3419.57,100
2798,10:00:11,$ 3420.42,100
2799,10:00:11,$ 3420.42,100
2801,10:00:11,$ 3420.41,100
2802,10:00:11,$ 3420.30,100
2803,10:00:11,$ 3420.30,100
2804,10:00:06,$ 3420.731,120
2805,10:00:02,$ 3420.81,200
2806,10:00:02,$ 3420.48,100
2807,10:00:02,$ 3420.6253,157
2808,10:00:01,$ 3421.15,100
2809,10:00:01,$ 3421.14,100
2811,10:59:49,$ 3416.185,100
2812,10:59:21,$ 3414.45,286
2813,10:59:21,$ 3414.46,143
2814,10:59:21,$ 3414.45,100
2815,10:59:21,$ 3414.4388,100
2816,10:59:16,$ 3414.735,100
2817,10:59:08,$ 3416.3139,200
2818,10:58:39,$ 3416.27,100
2819,10:58:36,$ 3417.67,100
2820,10:58:21,$ 3418.59,100
2821,10:58:21,$ 3418.62,100
2822,10:58:10,$ 3419.72,100
2823,10:58:10,$ 3419.71,100
2824,10:58:04,$ 3418.85,100
2825,10:58:04,$ 3418.85,100
2826,10:57:58,$ 3418.165,100
2827,10:57:56,$ 3418.83,100
2828,10:57:56,$ 3418.71,100
2829,10:57:50,$ 3418.80,100
2830,10:57:47,$ 3417.995,500
2832,10:57:44,$ 3417.14,100
2833,10:57:44,$ 3417.98,100
2834,10:57:43,$ 3418.37,100
2835,10:57:42,$ 3418.36,100
2836,10:57:42,$ 3417.71,100
2837,10:57:35,$ 3417.15,100
2838,10:57:35,$ 3417.19,100
2839,10:57:24,$ 3416.18,100
2840,10:57:24,$ 3416.16,100
2841,10:57:24,$ 3416.16,100
2842,10:57:24,$ 3416.16,100
2843,10:57:06,$ 3417.0395,200
2844,10:57:04,$ 3416.4884,132
2845,10:56:54,$ 3417.94,100
2846,10:56:54,$ 3417.48,100
2847,10:56:54,$ 3417.48,100
2848,10:56:37,$ 3417.99,100
2849,10:56:37,$ 3417.99,500
2850,10:56:37,$ 3417.99,100
2851,10:56:37,$ 3418.00,100
2853,10:56:32,$ 3417.39,100
2854,10:56:27,$ 3417.88,100
2855,10:56:10,$ 3416.89,100
2856,10:56:10,$ 3416.89,100
2857,10:55:46,$ 3416.06,100
2858,10:55:41,$ 3416.51,100
2859,10:55:41,$ 3416.51,100
2860,10:55:41,$ 3416.74,100
2861,10:55:24,$ 3416.52,100
2862,10:54:44,$ 3415.775,100
2863,10:54:41,$ 3416.885,100
2864,10:54:30,$ 3416.49,100
2865,10:54:30,$ 3416.50,100
2866,10:54:23,$ 3416.49,100
2867,10:54:23,$ 3416.50,100
2868,10:54:14,$ 3416.76,100
2869,10:54:04,$ 3417.32,100
2870,10:53:59,$ 3417.01,247
2871,10:53:50,$ 3417.51,114
2872,10:53:48,$ 3417.26,100
2874,10:53:46,$ 3417.47,109
2875,10:53:31,$ 3417.695,110
2876,10:53:20,$ 3417.89,139
2877,10:53:12,$ 3417.21,100
2878,10:53:08,$ 3418.22,120
2879,10:53:04,$ 3418.11,200
2880,10:52:59,$ 3417.38,100
2881,10:52:53,$ 3416.48,100
2882,10:52:53,$ 3416.48,100
2883,10:52:51,$ 3416.65,100
2884,10:52:50,$ 3416.65,100
2885,10:52:20,$ 3416.47,100
2886,10:52:18,$ 3416.48,100
2887,10:52:17,$ 3416.48,100
2888,10:52:17,$ 3416.48,100
2889,10:52:16,$ 3416.48,100
2890,10:52:07,$ 3416.48,100
2891,10:51:51,$ 3415.82,244
2892,10:51:51,$ 3415.82,216
2893,10:51:13,$ 3417.082,100
2895,10:51:13,$ 3416.36,170
2896,10:51:13,$ 3416.36,100
2897,10:51:02,$ 3417.00,662
2898,10:51:00,$ 3417.00,100
2899,10:50:42,$ 3417.99,100
2900,10:50:38,$ 3418.55,200
2901,10:50:35,$ 3419.10,100
2902,10:50:31,$ 3419.55,109
2903,10:50:28,$ 3419.18,100
2904,10:50:27,$ 3419.55,100
2905,10:50:20,$ 3419.39,100
2906,10:50:20,$ 3419.39,200
2907,10:50:20,$ 3419.40,100
2908,10:50:20,$ 3419.00,100
2909,10:50:14,$ 3418.32,100
2910,10:50:08,$ 3417.71,100
2911,10:50:08,$ 3418.03,111
2912,10:50:06,$ 3417.41,100
2913,10:50:00,$ 3418.36,100
2914,10:49:57,$ 3419.11,100
2916,10:49:41,$ 3418.872,500
2917,10:49:39,$ 3419.23,100
2918,10:49:34,$ 3419.26,100
2919,10:49:13,$ 3420.21,100
2920,10:49:13,$ 3420.21,293
2921,10:49:13,$ 3420.21,100
2922,10:48:59,$ 3420.168,328
2923,10:48:59,$ 3420.168,100
2924,10:48:59,$ 3420.00,900
2925,10:48:59,$ 3420.00,100
2926,10:48:59,$ 3419.99,100
2927,10:48:59,$ 3420.00,199
2928,10:48:54,$ 3420.00,100
2929,10:48:46,$ 3419.635,100
2930,10:48:45,$ 3418.92,100
2931,10:48:40,$ 3418.95,100
2932,10:48:40,$ 3418.95,166
2933,10:48:21,$ 3419.25,100
2934,10:48:17,$ 3419.11,100
2935,10:48:11,$ 3418.5401,100
2937,10:48:07,$ 3418.92,100
2938,10:48:07,$ 3418.91,100
2939,10:47:58,$ 3417.675,134
2940,10:47:43,$ 3417.75,100
2941,10:47:41,$ 3418.265,100
2942,10:47:41,$ 3418.16,100
2943,10:47:23,$ 3418.415,100
2944,10:47:23,$ 3417.92,100
2945,10:47:03,$ 3418.31,100
2946,10:46:52,$ 3416.89,100
2947,10:46:32,$ 3415.25,100
2948,10:46:11,$ 3416.97,100
2949,10:46:07,$ 3416.475,100
2950,10:45:52,$ 3417.615,100
2951,10:45:52,$ 3417.05,100
2952,10:45:52,$ 3417.05,100
2953,10:45:39,$ 3418.2499,100
2954,10:45:36,$ 3417.45,100
2955,10:45:28,$ 3416.91,300
2956,10:45:28,$ 3417.025,200
2958,10:45:28,$ 3416.99,100
2959,10:45:00,$ 3415.51,100
2960,10:44:36,$ 3415.53,200
2961,10:44:29,$ 3415.51,100
2962,10:44:21,$ 3415.155,100
2963,10:44:00,$ 3414.91,100
2964,10:44:00,$ 3414.80,103
2965,10:43:31,$ 3416.48,100
2966,10:43:22,$ 3415.635,100
2967,10:43:05,$ 3415.005,100
2968,10:42:56,$ 3415.035,120
2969,10:42:55,$ 3414.88,100
2970,10:42:30,$ 3415.49,100
2971,10:42:29,$ 3415.195,100
2972,10:42:27,$ 3415.195,100
2973,10:42:23,$ 3414.40,100
2974,10:42:23,$ 3414.20,100
2975,10:42:23,$ 3414.22,100
2976,10:42:23,$ 3414.41,100
2977,10:42:23,$ 3414.48,100
2979,10:42:23,$ 3413.895,150
2980,10:42:16,$ 3413.48,100
2981,10:42:04,$ 3413.69,100
2982,10:41:56,$ 3414.00,100
2983,10:41:52,$ 3414.01,100
2984,10:41:49,$ 3414.65,100
2985,10:41:47,$ 3414.50,100
2986,10:41:47,$ 3414.96,100
2987,10:41:47,$ 3414.96,100
2988,10:41:47,$ 3414.96,100
2989,10:41:47,$ 3415.00,100
2990,10:41:47,$ 3415.19,100
2991,10:41:47,$ 3415.19,100
2992,10:41:47,$ 3415.19,100
2993,10:41:47,$ 3415.19,100
2994,10:41:47,$ 3415.19,100
2995,10:41:47,$ 3415.29,100
2996,10:41:47,$ 3415.45,100
2997,10:41:47,$ 3416.29,100
2998,10:41:46,$ 3416.32,100
3000,10:41:46,$ 3417.84,"2,066"
3001,10:41:42,$ 3415.405,156
3002,10:41:29,$ 3415.10,100
3003,10:41:24,$ 3416.22,100
3004,10:41:24,$ 3416.47,100
3005,10:41:22,$ 3415.80,100
3006,10:41:06,$ 3416.7716,"1,000"
3007,10:40:58,$ 3417.76,100
3008,10:40:58,$ 3417.76,100
3009,10:40:58,$ 3417.76,100
3010,10:40:51,$ 3416.71,100
3011,10:40:41,$ 3416.3558,250
3012,10:40:41,$ 3417.13,100
3013,10:40:24,$ 3417.76,100
3014,10:40:24,$ 3417.7604,100
3015,10:40:18,$ 3419.79,100
3016,10:40:16,$ 3418.27,100
3017,10:40:16,$ 3417.335,100
3018,10:40:04,$ 3419.055,100
3019,10:39:58,$ 3419.71,100
3021,10:39:54,$ 3420.47,100
3022,10:39:54,$ 3420.46,100
3023,10:39:52,$ 3420.06,100
3024,10:39:50,$ 3419.99,100
3025,10:39:50,$ 3420.00,100
3026,10:39:39,$ 3418.08,111
3027,10:39:32,$ 3419.00,139
3028,10:39:32,$ 3418.99,100
3029,10:39:28,$ 3418.98,100
3030,10:39:28,$ 3418.90,100
3031,10:39:12,$ 3419.00,300
3032,10:38:55,$ 3418.88,128
3033,10:38:54,$ 3419.13,100
3034,10:38:52,$ 3418.3347,484
3035,10:38:40,$ 3418.92,100
3036,10:38:34,$ 3418.9999,200
3037,10:38:34,$ 3418.465,100
3038,10:38:19,$ 3418.86,250
3039,10:38:17,$ 3418.2901,100
3040,10:38:02,$ 3418.98,110
3042,10:37:58,$ 3419.125,100
3043,10:37:57,$ 3418.25,100
3044,10:37:57,$ 3418.25,100
3045,10:37:57,$ 3418.25,185
3046,10:37:57,$ 3418.25,154
3047,10:37:57,$ 3418.25,100
3048,10:37:56,$ 3418.43,100
3049,10:37:56,$ 3418.25,117
3050,10:37:56,$ 3418.25,100
3051,10:37:56,$ 3418.25,314
3052,10:37:55,$ 3417.965,118
3053,10:37:39,$ 3418.9799,100
3054,10:37:33,$ 3416.59,100
3055,10:37:27,$ 3416.60,100
3056,10:37:13,$ 3415.8425,400
3057,10:37:09,$ 3416.32,100
3058,10:36:59,$ 3417.21,100
3059,10:36:47,$ 3417.735,100
3060,10:36:29,$ 3418.10,100
3061,10:36:28,$ 3418.675,100
3063,10:36:17,$ 3418.1046,250
3064,10:36:16,$ 3418.1048,110
3065,10:36:13,$ 3419.64,102
3066,10:36:07,$ 3420.0395,100
3067,10:35:58,$ 3420.59,300
3068,10:35:43,$ 3419.73,100
3069,10:35:32,$ 3419.14,100
3070,10:35:27,$ 3420.00,100
3071,10:35:27,$ 3418.985,100
3072,10:35:27,$ 3419.105,100
3073,10:35:23,$ 3420.00,150
3074,10:35:23,$ 3420.00,100
3075,10:35:18,$ 3419.165,100
3076,10:35:10,$ 3420.70,100
3077,10:35:10,$ 3420.70,100
3078,10:35:10,$ 3420.49,100
3079,10:35:10,$ 3420.37,100
3080,10:35:08,$ 3419.81,100
3081,10:35:06,$ 3420.041,100
3082,10:35:06,$ 3420.53,133
3084,10:35:04,$ 3419.57,100
3085,10:35:03,$ 3420.7499,100
3086,10:35:03,$ 3420.50,133
3087,10:35:00,$ 3417.85,100
3088,10:35:00,$ 3418.07,100
3089,10:34:55,$ 3418.74,100
3090,10:34:54,$ 3418.74,100
3091,10:34:52,$ 3418.74,100
3092,10:34:51,$ 3418.9143,200
3093,10:34:48,$ 3419.97,300
3094,10:34:42,$ 3419.36,100
3095,10:34:41,$ 3419.62,100
3096,10:34:41,$ 3418.4363,100
3097,10:34:41,$ 3419.03,100
3098,10:34:38,$ 3418.9899,100
3099,10:34:35,$ 3417.22,100
3100,10:34:35,$ 3417.20,100
3101,10:34:34,$ 3417.06,100
3102,10:34:34,$ 3416.89,100
3103,10:34:33,$ 3416.50,100
3105,10:34:28,$ 3415.86,100
3106,10:34:28,$ 3415.86,100
3107,10:34:28,$ 3415.54,100
3108,10:34:20,$ 3416.12,100
3109,10:34:16,$ 3417.3543,163
3110,10:34:12,$ 3417.295,200
3111,10:34:10,$ 3418.02,100
3112,10:34:08,$ 3418.02,100
3113,10:34:02,$ 3417.47,100
3114,10:34:01,$ 3417.5325,292
3115,10:34:00,$ 3417.82,100
3116,10:33:59,$ 3417.08,100
3117,10:33:58,$ 3417.80,100
3118,10:33:56,$ 3417.07,200
3119,10:33:55,$ 3416.62,100
3120,10:33:25,$ 3415.56,100
3121,10:33:25,$ 3415.32,100
3122,10:33:25,$ 3415.56,100
3123,10:33:25,$ 3415.56,100
3124,10:33:25,$ 3415.56,100
3126,10:33:25,$ 3415.56,138
3127,10:33:25,$ 3416.02,100
3128,10:33:22,$ 3414.67,100
3129,10:33:20,$ 3414.975,117
3130,10:33:17,$ 3415.16,100
3131,10:33:15,$ 3415.44,225
3132,10:33:01,$ 3414.58,100
3133,10:32:58,$ 3415.275,250
3134,10:32:54,$ 3414.6115,285
3135,10:32:46,$ 3415.00,100
3136,10:32:46,$ 3415.00,100
3137,10:32:45,$ 3414.61,100
3138,10:32:45,$ 3414.025,100
3139,10:32:26,$ 3413.60,100
3140,10:32:26,$ 3413.64,100
3141,10:32:24,$ 3414.75,100
3142,10:32:24,$ 3414.75,100
3143,10:32:24,$ 3413.91,100
3144,10:32:12,$ 3413.33,100
3145,10:32:12,$ 3413.33,100
3147,10:32:10,$ 3412.93,100
3148,10:32:10,$ 3413.04,100
3149,10:32:09,$ 3412.05,100
3150,10:32:09,$ 3412.60,100
3151,10:32:07,$ 3412.95,100
3152,10:32:06,$ 3412.375,100
3153,10:32:02,$ 3412.1727,100
3154,10:31:57,$ 3412.21,100
3155,10:31:43,$ 3412.493,100
3156,10:31:39,$ 3411.76,200
3157,10:31:24,$ 3411.02,100
3158,10:31:24,$ 3411.20,100
3159,10:31:23,$ 3410.55,100
3160,10:31:22,$ 3411.145,100
3161,10:31:20,$ 3411.00,100
3162,10:31:16,$ 3411.00,100
3163,10:31:16,$ 3411.00,100
3164,10:31:15,$ 3410.91,100
3165,10:31:15,$ 3411.01,100
3166,10:31:15,$ 3410.91,100
3168,10:31:11,$ 3411.11,100
3169,10:31:11,$ 3412.005,100
3170,10:31:02,$ 3412.40,100
3171,10:31:00,$ 3411.53,100
3172,10:30:53,$ 3411.4375,100
3173,10:30:48,$ 3410.81,100
3174,10:30:46,$ 3410.50,100
3175,10:30:45,$ 3410.55,200
3176,10:30:40,$ 3410.49,100
3177,10:30:40,$ 3410.00,119
3178,10:30:40,$ 3410.26,100
3179,10:30:35,$ 3409.60,250
3180,10:30:35,$ 3409.97,100
3181,10:30:28,$ 3409.9999,300
3182,10:30:24,$ 3408.63,200
3183,10:30:14,$ 3408.085,100
3184,10:30:14,$ 3408.63,112
3185,10:30:14,$ 3408.29,100
3186,10:30:13,$ 3407.609,100
3187,10:30:11,$ 3408.685,100
3189,11:29:58,$ 3412.59,100
3190,11:29:54,$ 3412.45,100
3191,11:29:54,$ 3413.24,100
3192,11:29:54,$ 3413.51,100
3193,11:29:51,$ 3414.00,387
3194,11:29:51,$ 3414.00,113
3195,11:29:23,$ 3413.50,130
3196,11:29:19,$ 3414.1501,100
3197,11:29:09,$ 3413.88,100
3198,11:29:09,$ 3414.375,200
3199,11:28:48,$ 3415.23,100
3200,11:28:48,$ 3415.24,100
3201,11:28:21,$ 3415.40,100
3202,11:28:21,$ 3415.32,100
3203,11:28:13,$ 3416.40,100
3204,11:28:12,$ 3415.285,100
3205,11:27:42,$ 3414.14,100
3206,11:27:30,$ 3415.85,100
3207,11:27:21,$ 3416.59,100
3208,11:27:16,$ 3416.59,100
3210,11:27:16,$ 3416.59,100
3211,11:27:15,$ 3416.08,107
3212,11:27:06,$ 3416.219,100
3213,11:27:03,$ 3416.04,100
3214,11:26:47,$ 3415.57,100
3215,11:26:03,$ 3416.27,100
3216,11:25:42,$ 3416.205,100
3217,11:25:42,$ 3416.5996,100
3218,11:25:42,$ 3416.205,100
3219,11:25:02,$ 3416.185,300
3220,11:24:57,$ 3416.625,115
3221,11:24:57,$ 3416.63,200
3222,11:24:53,$ 3416.32,100
3223,11:24:26,$ 3415.79,109
3224,11:24:20,$ 3415.82,117
3225,11:24:19,$ 3415.82,100
3226,11:24:06,$ 3415.47,100
3227,11:24:01,$ 3415.265,100
3228,11:24:00,$ 3415.00,115
3229,11:23:59,$ 3414.85,100
3231,11:23:32,$ 3413.40,100
3232,11:23:24,$ 3412.915,100
3233,11:23:23,$ 3412.91,117
3234,11:23:23,$ 3412.915,117
3235,11:22:57,$ 3413.065,100
3236,11:22:55,$ 3412.65,100
3237,11:22:29,$ 3412.63,200
3238,11:22:21,$ 3413.02,100
3239,11:21:42,$ 3416.00,100
3240,11:21:32,$ 3415.07,100
3241,11:21:32,$ 3415.23,100
3242,11:21:32,$ 3415.23,100
3243,11:21:24,$ 3415.13,100
3244,11:21:18,$ 3413.78,100
3245,11:20:46,$ 3416.535,100
3246,11:20:45,$ 3416.08,100
3247,11:20:38,$ 3414.90,100
3248,11:20:09,$ 3414.55,100
3249,11:19:58,$ 3415.57,100
3250,11:19:54,$ 3414.175,100
3252,11:19:43,$ 3414.23,100
3253,11:19:39,$ 3413.85,100
3254,11:19:06,$ 3412.62,100
3255,11:19:06,$ 3413.05,100
3256,11:19:00,$ 3413.07,100
3257,11:19:00,$ 3413.185,100
3258,11:19:00,$ 3412.84,100
3259,11:18:40,$ 3412.87,100
3260,11:18:25,$ 3413.74,100
3261,11:18:15,$ 3414.66,117
3262,11:18:07,$ 3415.035,100
3263,11:18:07,$ 3415.44,100
3264,11:18:06,$ 3414.985,100
3265,11:17:50,$ 3414.935,100
3266,11:17:33,$ 3415.34,100
3267,11:17:26,$ 3415.2799,100
3268,11:16:10,$ 3415.70,115
3269,11:15:49,$ 3413.77,100
3270,11:15:37,$ 3412.805,200
3271,11:15:33,$ 3412.4501,100
3273,11:15:30,$ 3413.21,100
3274,11:15:30,$ 3413.22,100
3275,11:15:28,$ 3413.91,100
3276,11:14:54,$ 3413.66,100
3277,11:14:39,$ 3414.31,100
3278,11:14:30,$ 3414.29,100
3279,11:13:26,$ 3414.45,100
3280,11:12:24,$ 3415.36,117
3281,11:12:14,$ 3414.9923,107
3282,11:12:01,$ 3414.65,100
3283,11:11:34,$ 3414.63,100
3284,11:11:24,$ 3415.64,100
3285,11:11:24,$ 3415.64,100
3286,11:11:24,$ 3414.675,100
3287,11:11:24,$ 3414.15,100
3288,11:10:49,$ 3414.09,100
3289,11:10:49,$ 3414.10,100
3290,11:10:30,$ 3414.04,100
3291,11:10:24,$ 3415.65,100
3292,11:10:20,$ 3414.95,100
3294,11:10:19,$ 3414.85,100
3295,11:10:19,$ 3415.32,100
3296,11:10:19,$ 3415.42,100
3297,11:10:09,$ 3415.4175,100
3298,11:10:09,$ 3415.99,100
3299,11:09:50,$ 3414.80,100
3300,11:09:50,$ 3414.98,100
3301,11:09:50,$ 3414.71,100
3302,11:09:45,$ 3415.41,100
3303,11:09:33,$ 3414.81,100
3304,11:09:25,$ 3415.32,100
3305,11:09:06,$ 3416.725,100
3306,11:09:02,$ 3416.00,100
3307,11:09:02,$ 3416.00,115
3308,11:09:01,$ 3416.00,100
3309,11:09:01,$ 3416.00,192
3310,11:09:01,$ 3416.71,100
3311,11:09:00,$ 3416.89,100
3312,11:09:00,$ 3417.20,100
3313,11:08:57,$ 3416.81,194
3315,11:08:48,$ 3417.035,100
3316,11:08:47,$ 3416.55,100
3317,11:08:45,$ 3416.00,200
3318,11:08:45,$ 3415.87,200
3319,11:07:41,$ 3414.81,100
3320,11:07:40,$ 3414.81,100
3321,11:07:40,$ 3414.81,100
3322,11:06:55,$ 3415.7215,100
3323,11:06:39,$ 3416.98,100
3324,11:06:08,$ 3418.33,308
3325,11:05:58,$ 3418.26,100
3326,11:05:58,$ 3417.14,100
3327,11:05:58,$ 3417.14,100
3328,11:05:58,$ 3417.13,100
3329,11:05:58,$ 3416.98,106
3330,11:05:38,$ 3416.37,100
3331,11:05:37,$ 3417.00,100
3332,11:05:35,$ 3417.57,100
3333,11:05:06,$ 3418.07,100
3334,11:05:06,$ 3418.12,100
3336,11:04:54,$ 3417.21,100
3337,11:04:54,$ 3417.70,100
3338,11:04:38,$ 3417.13,100
3339,11:04:28,$ 3417.11,100
3340,11:04:28,$ 3417.10,100
3341,11:04:25,$ 3416.28,100
3342,11:04:24,$ 3416.465,100
3343,11:04:24,$ 3416.37,100
3344,11:04:16,$ 3417.10,100
3345,11:04:03,$ 3418.58,220
3346,11:03:52,$ 3418.03,100
3347,11:03:52,$ 3418.06,100
3348,11:03:52,$ 3418.035,100
3349,11:03:52,$ 3418.405,100
3350,11:03:52,$ 3418.41,100
3351,11:03:52,$ 3418.41,100
3352,11:03:46,$ 3418.64,100
3353,11:03:46,$ 3419.11,100
3354,11:03:26,$ 3419.80,100
3355,11:03:24,$ 3419.09,100
3357,11:03:14,$ 3419.80,100
3358,11:03:14,$ 3419.77,100
3359,11:02:50,$ 3416.45,100
3360,11:02:49,$ 3417.205,100
3361,11:02:41,$ 3417.45,150
3362,11:01:49,$ 3417.455,100
3363,11:01:46,$ 3416.69,100
3364,11:01:18,$ 3416.45,100
3365,11:00:42,$ 3417.68,100
3366,11:00:41,$ 3417.4954,253
3367,11:00:41,$ 3417.7582,202
3368,11:00:36,$ 3417.87,100
3369,11:00:33,$ 3417.88,100
3370,11:00:30,$ 3417.30,100
3372,11:59:51,$ 3414.01,100
3373,11:59:47,$ 3414.28,100
3374,11:59:36,$ 3413.78,100
3375,11:59:11,$ 3414.39,300
3376,11:59:10,$ 3414.31,100
3377,11:59:05,$ 3414.05,255
3378,11:59:05,$ 3414.05,646
3379,11:59:05,$ 3413.98,100
3380,11:59:05,$ 3414.1504,200
3381,11:59:05,$ 3414.16,100
3382,11:59:05,$ 3414.13,100
3383,11:59:05,$ 3414.18,200
3384,11:58:45,$ 3413.5594,100
3385,11:58:24,$ 3413.48,100
3386,11:56:59,$ 3412.15,100
3387,11:56:57,$ 3411.65,131
3388,11:56:57,$ 3411.65,100
3389,11:56:41,$ 3411.43,100
3390,11:56:22,$ 3411.68,100
3391,11:56:22,$ 3411.68,100
3393,11:56:04,$ 3411.20,100
3394,11:56:03,$ 3411.27,100
3395,11:54:57,$ 3408.61,100
3396,11:54:36,$ 3408.65,127
3397,11:54:17,$ 3409.14,100
3398,11:54:14,$ 3408.72,100
3399,11:54:05,$ 3409.26,100
3400,11:54:05,$ 3409.27,100
3401,11:54:04,$ 3409.66,100
3402,11:54:03,$ 3409.59,100
3403,11:53:47,$ 3409.42,100
3404,11:53:29,$ 3409.72,100
3405,11:53:15,$ 3410.2193,100
3406,11:53:07,$ 3410.3473,100
3407,11:53:02,$ 3410.57,100
3408,11:52:51,$ 3410.1249,100
3409,11:52:32,$ 3410.59,100
3410,11:51:54,$ 3410.11,100
3411,11:51:52,$ 3410.11,100
3412,11:51:47,$ 3409.03,100
3414,11:51:43,$ 3409.33,100
3415,11:51:17,$ 3410.545,100
3416,11:50:57,$ 3410.59,100
3417,11:50:53,$ 3410.585,100
3418,11:50:16,$ 3410.16,100
3419,11:50:16,$ 3409.99,100
3420,11:49:47,$ 3409.29,100
3421,11:49:47,$ 3409.29,100
3422,11:49:09,$ 3408.62,100
3423,11:49:03,$ 3408.78,100
3424,11:48:43,$ 3409.1981,100
3425,11:48:17,$ 3409.33,100
3426,11:47:49,$ 3409.63,100
3427,11:47:47,$ 3409.89,100
3428,11:47:46,$ 3409.6774,250
3429,11:47:40,$ 3409.71,100
3430,11:46:56,$ 3410.34,100
3431,11:46:46,$ 3410.04,100
3432,11:46:07,$ 3409.01,100
3433,11:45:13,$ 3410.49,100
3435,11:45:01,$ 3410.00,100
3436,11:44:53,$ 3410.03,100
3437,11:44:49,$ 3409.96,100
3438,11:44:49,$ 3409.945,100
3439,11:44:49,$ 3409.945,100
3440,11:44:49,$ 3409.945,100
3441,11:44:49,$ 3410.00,100
3442,11:44:33,$ 3410.639,100
3443,11:44:23,$ 3410.60,100
3444,11:43:58,$ 3411.10,100
3445,11:43:42,$ 3411.7797,100
3446,11:43:30,$ 3411.125,100
3447,11:43:25,$ 3410.57,120
3448,11:43:20,$ 3412.00,100
3449,11:42:45,$ 3412.47,129
3450,11:42:21,$ 3412.21,100
3451,11:42:07,$ 3412.12,100
3452,11:41:55,$ 3411.95,100
3453,11:41:45,$ 3411.25,100
3454,11:41:35,$ 3410.92,100
3456,11:40:25,$ 3412.75,100
3457,11:40:20,$ 3412.42,100
3458,11:40:20,$ 3412.48,100
3459,11:40:15,$ 3412.00,100
3460,11:40:10,$ 3411.65,180
3461,11:39:56,$ 3412.25,100
3462,11:39:51,$ 3412.50,100
3463,11:39:51,$ 3412.15,100
3464,11:39:09,$ 3412.43,100
3465,11:38:48,$ 3412.02,100
3466,11:38:48,$ 3412.21,100
3467,11:38:13,$ 3412.59,100
3468,11:37:54,$ 3413.04,100
3469,11:37:51,$ 3413.58,100
3470,11:37:44,$ 3413.42,100
3471,11:37:44,$ 3413.38,100
3472,11:37:35,$ 3412.88,100
3473,11:37:35,$ 3412.88,100
3474,11:37:35,$ 3411.85,100
3475,11:37:35,$ 3411.60,100
3477,11:37:35,$ 3411.75,100
3478,11:37:14,$ 3411.74,100
3479,11:36:57,$ 3411.65,100
3480,11:36:49,$ 3411.42,100
3481,11:36:35,$ 3411.05,100
3482,11:36:21,$ 3411.63,200
3483,11:36:06,$ 3411.7277,150
3484,11:36:04,$ 3411.845,100
3485,11:35:57,$ 3412.65,100
3486,11:35:27,$ 3412.71,100
3487,11:35:22,$ 3412.68,100
3488,11:35:22,$ 3412.71,100
3489,11:35:22,$ 3412.71,100
3490,11:35:08,$ 3412.30,300
3491,11:35:00,$ 3412.28,100
3492,11:35:00,$ 3412.50,100
3493,11:34:56,$ 3412.906,300
3494,11:34:51,$ 3412.57,100
3495,11:34:15,$ 3412.88,100
3496,11:34:15,$ 3412.99,100
3498,11:34:14,$ 3413.61,100
3499,11:34:11,$ 3413.40,100
3500,11:34:09,$ 3413.00,100
3501,11:33:24,$ 3412.09,100
3502,11:33:24,$ 3412.14,100
3503,11:33:12,$ 3411.5899,100
3504,11:32:57,$ 3411.34,100
3505,11:32:57,$ 3411.19,100
3506,11:32:57,$ 3411.10,275
3507,11:32:57,$ 3411.01,100
3508,11:32:57,$ 3411.01,100
3509,11:32:57,$ 3411.07,100
3510,11:32:49,$ 3410.16,100
3511,11:32:47,$ 3410.15,100
3512,11:32:36,$ 3410.53,100
3513,11:32:16,$ 3411.00,250
3514,11:31:53,$ 3411.25,100
3515,11:31:31,$ 3410.70,100
3516,11:31:28,$ 3410.00,196
3517,11:31:10,$ 3409.4599,300
3519,11:31:01,$ 3408.50,300
3521,12:29:55,$ 3423.14,100
3522,12:29:55,$ 3423.1484,122
3523,12:29:55,$ 3423.1484,219
3524,12:29:55,$ 3423.2963,500
3525,12:29:39,$ 3424.21,100
3526,12:29:07,$ 3425.055,100
3527,12:28:20,$ 3425.84,100
3528,12:28:20,$ 3426.50,100
3529,12:28:16,$ 3427.215,100
3530,12:28:10,$ 3427.86,100
3531,12:27:27,$ 3426.4495,180
3532,12:27:22,$ 3426.8896,418
3533,12:26:55,$ 3425.52,100
3534,12:26:49,$ 3426.97,100
3535,12:26:45,$ 3426.25,100
3536,12:26:25,$ 3426.99,100
3537,12:26:24,$ 3426.495,350
3538,12:26:17,$ 3426.8603,250
3539,12:25:58,$ 3425.81,100
3540,12:25:41,$ 3425.13,350
3542,12:25:33,$ 3425.00,100
3543,12:25:31,$ 3425.00,100
3544,12:25:31,$ 3425.00,100
3545,12:25:27,$ 3424.32,100
3546,12:25:18,$ 3423.54,100
3547,12:25:18,$ 3423.59,100
3548,12:25:01,$ 3422.93,100
3549,12:24:53,$ 3424.07,100
3550,12:24:48,$ 3424.07,100
3551,12:24:48,$ 3424.07,100
3552,12:24:46,$ 3423.98,209
3553,12:24:45,$ 3423.93,100
3554,12:24:38,$ 3422.91,400
3555,12:24:27,$ 3423.25,100
3556,12:24:23,$ 3422.8225,100
3557,12:24:22,$ 3422.70,100
3558,12:24:14,$ 3421.81,100
3559,12:24:13,$ 3421.24,100
3560,12:24:13,$ 3421.23,100
3561,12:24:13,$ 3421.11,100
3563,12:24:13,$ 3421.67,100
3564,12:24:13,$ 3421.72,100
3565,12:23:41,$ 3421.60,100
3566,12:23:23,$ 3419.8901,100
3567,12:23:11,$ 3420.37,100
3568,12:22:23,$ 3420.79,100
3569,12:22:20,$ 3421.035,100
3570,12:21:47,$ 3421.2073,164
3571,12:21:24,$ 3420.25,100
3572,12:21:16,$ 3420.62,100
3573,12:20:30,$ 3419.943,100
3574,12:20:30,$ 3419.978,100
3575,12:20:30,$ 3419.96,100
3576,12:20:30,$ 3419.7766,100
3577,12:20:30,$ 3419.9795,100
3578,12:20:23,$ 3418.235,100
3579,12:20:17,$ 3418.50,100
3580,12:20:15,$ 3419.00,900
3581,12:20:01,$ 3420.205,100
3582,12:19:41,$ 3420.78,100
3584,12:19:28,$ 3420.7501,100
3585,12:19:27,$ 3421.09,194
3586,12:18:39,$ 3420.54,100
3587,12:18:38,$ 3420.89,100
3588,12:18:26,$ 3420.53,100
3589,12:18:26,$ 3420.96,200
3590,12:17:44,$ 3420.38,100
3591,12:17:44,$ 3420.38,100
3592,12:17:44,$ 3420.38,150
3593,12:16:01,$ 3420.00,654
3594,12:15:59,$ 3420.00,100
3595,12:15:59,$ 3420.00,100
3596,12:15:59,$ 3419.99,100
3597,12:14:54,$ 3418.16,100
3598,12:14:34,$ 3419.47,100
3599,12:13:50,$ 3419.00,100
3600,12:13:40,$ 3418.865,100
3601,12:13:29,$ 3417.90,100
3602,12:13:24,$ 3418.64,100
3603,12:13:02,$ 3418.9999,"1,000"
3605,12:12:16,$ 3420.00,111
3606,12:12:04,$ 3421.33,100
3607,12:11:21,$ 3421.945,100
3608,12:11:19,$ 3421.9925,100
3609,12:11:19,$ 3421.945,100
3610,12:11:19,$ 3421.945,100
3611,12:11:08,$ 3422.61,100
3612,12:11:08,$ 3422.10,100
3613,12:10:49,$ 3422.70,100
3614,12:10:49,$ 3422.70,100
3615,12:10:49,$ 3422.70,100
3616,12:10:41,$ 3422.45,100
3617,12:10:41,$ 3422.45,100
3618,12:10:38,$ 3422.51,100
3619,12:10:36,$ 3422.905,100
3620,12:10:20,$ 3423.55,100
3621,12:10:12,$ 3422.92,100
3622,12:09:44,$ 3422.80,100
3623,12:09:17,$ 3424.03,100
3624,12:09:01,$ 3423.425,194
3626,12:08:53,$ 3421.50,132
3627,12:08:29,$ 3422.40,200
3628,12:08:17,$ 3421.41,200
3629,12:08:13,$ 3421.75,200
3630,12:08:12,$ 3421.76,100
3631,12:07:50,$ 3421.525,100
3632,12:07:34,$ 3420.82,100
3633,12:07:32,$ 3421.00,227
3634,12:07:32,$ 3420.82,100
3635,12:07:31,$ 3420.95,100
3636,12:07:31,$ 3419.85,100
3637,12:07:31,$ 3419.91,100
3638,12:07:31,$ 3419.91,100
3639,12:07:31,$ 3420.00,300
3640,12:07:26,$ 3418.98,100
3641,12:07:26,$ 3418.98,200
3642,12:07:18,$ 3419.00,210
3643,12:07:18,$ 3418.57,299
3644,12:07:11,$ 3418.50,100
3645,12:07:08,$ 3417.2399,100
3647,12:07:03,$ 3416.71,100
3648,12:07:03,$ 3416.73,100
3649,12:07:03,$ 3416.73,460
3650,12:06:55,$ 3416.09,100
3651,12:06:55,$ 3416.09,100
3652,12:06:39,$ 3415.1027,145
3653,12:06:18,$ 3415.35,100
3654,12:05:53,$ 3413.69,100
3655,12:05:53,$ 3413.54,100
3656,12:04:59,$ 3413.34,100
3657,12:04:29,$ 3413.40,100
3658,12:04:26,$ 3414.15,200
3659,12:04:01,$ 3413.2417,100
3660,12:04:00,$ 3413.63,100
3661,12:03:52,$ 3413.435,100
3662,12:03:49,$ 3413.08,100
3663,12:03:00,$ 3414.39,100
3664,12:02:37,$ 3414.99,100
3665,12:00:38,$ 3413.33,100
3666,12:00:08,$ 3414.00,100
3668,12:59:42,$ 3442.83,500
3669,12:59:41,$ 3443.74,100
3670,12:59:41,$ 3443.74,209
3671,12:59:39,$ 3443.79,100
3672,12:59:33,$ 3444.13,100
3673,12:59:32,$ 3443.72,500
3674,12:59:21,$ 3442.65,100
3675,12:59:21,$ 3442.15,100
3676,12:59:05,$ 3443.24,100
3677,12:59:05,$ 3443.24,100
3678,12:59:05,$ 3443.72,200
3679,12:59:05,$ 3443.60,100
3680,12:58:51,$ 3443.1117,300
3681,12:58:48,$ 3443.44,100
3682,12:58:39,$ 3443.60,100
3683,12:58:39,$ 3443.60,100
3684,12:58:26,$ 3443.00,100
3685,12:58:17,$ 3442.73,100
3686,12:58:10,$ 3443.08,100
3687,12:58:01,$ 3443.105,100
3689,12:57:59,$ 3443.24,100
3690,12:57:46,$ 3442.34,100
3691,12:57:42,$ 3441.43,100
3692,12:57:31,$ 3441.17,167
3693,12:57:24,$ 3441.9023,100
3694,12:57:23,$ 3442.2991,500
3695,12:57:22,$ 3442.40,200
3696,12:56:46,$ 3442.59,100
3697,12:56:45,$ 3441.99,300
3698,12:56:38,$ 3442.44,100
3699,12:56:31,$ 3441.88,200
3700,12:56:31,$ 3442.09,100
3701,12:56:31,$ 3442.04,100
3702,12:56:28,$ 3442.00,100
3703,12:56:15,$ 3440.06,100
3704,12:56:14,$ 3440.30,100
3705,12:56:01,$ 3440.12,250
3706,12:55:53,$ 3439.9501,100
3707,12:55:52,$ 3440.30,100
3708,12:55:51,$ 3439.5283,100
3710,12:55:51,$ 3439.93,100
3711,12:55:48,$ 3440.00,110
3712,12:55:44,$ 3440.835,120
3713,12:55:40,$ 3440.0101,100
3714,12:55:34,$ 3440.58,100
3715,12:55:34,$ 3440.57,100
3716,12:55:33,$ 3441.9999,"1,000"
3717,12:55:28,$ 3441.915,100
3718,12:55:28,$ 3441.99,100
3719,12:55:28,$ 3441.95,100
3720,12:55:28,$ 3441.975,100
3721,12:55:25,$ 3439.64,100
3722,12:55:20,$ 3439.76,100
3723,12:55:20,$ 3439.52,187
3724,12:55:20,$ 3439.52,100
3725,12:55:18,$ 3439.76,115
3726,12:55:15,$ 3439.52,100
3727,12:55:14,$ 3438.95,100
3728,12:55:05,$ 3437.9423,100
3729,12:55:01,$ 3437.76,100
3731,12:54:57,$ 3437.05,100
3732,12:54:41,$ 3437.41,100
3733,12:54:36,$ 3437.41,100
3734,12:54:27,$ 3437.58,100
3735,12:54:08,$ 3437.275,100
3736,12:54:04,$ 3436.11,100
3737,12:53:55,$ 3437.78,100
3738,12:53:48,$ 3436.74,300
3739,12:53:42,$ 3436.99,100
3740,12:53:37,$ 3437.5168,128
3741,12:53:17,$ 3437.5517,"1,000"
3742,12:52:44,$ 3437.405,100
3743,12:52:40,$ 3437.57,100
3744,12:52:40,$ 3437.57,100
3745,12:52:12,$ 3437.885,200
3746,12:51:53,$ 3437.5496,221
3747,12:51:42,$ 3437.305,100
3748,12:51:03,$ 3437.91,100
3749,12:50:42,$ 3438.00,150
3750,12:50:41,$ 3438.37,100
3752,12:50:33,$ 3438.37,100
3753,12:50:22,$ 3437.93,100
3754,12:50:19,$ 3438.20,765
3755,12:50:16,$ 3438.47,100
3756,12:50:12,$ 3437.8462,100
3757,12:49:56,$ 3436.06,100
3758,12:49:43,$ 3436.04,100
3759,12:48:57,$ 3437.87,100
3760,12:48:47,$ 3438.717,301
3761,12:48:47,$ 3438.49,100
3762,12:48:47,$ 3438.49,200
3763,12:48:47,$ 3438.51,100
3764,12:48:43,$ 3438.432,500
3765,12:48:40,$ 3438.4357,624
3766,12:48:36,$ 3438.06,100
3767,12:48:34,$ 3438.0001,100
3768,12:48:07,$ 3437.88,100
3769,12:47:57,$ 3437.6369,100
3770,12:47:49,$ 3437.50,100
3771,12:47:41,$ 3437.49,100
3773,12:47:38,$ 3437.2289,175
3774,12:47:20,$ 3437.24,100
3775,12:47:19,$ 3438.43,100
3776,12:47:10,$ 3438.0956,100
3777,12:47:08,$ 3438.13,100
3778,12:47:08,$ 3438.25,100
3779,12:47:03,$ 3438.48,500
3780,12:47:01,$ 3438.26,200
3781,12:47:01,$ 3438.26,100
3782,12:46:46,$ 3438.125,100
3783,12:46:29,$ 3436.89,100
3784,12:46:13,$ 3436.00,200
3785,12:46:13,$ 3435.98,100
3786,12:46:13,$ 3436.00,102
3787,12:46:13,$ 3436.00,100
3788,12:46:04,$ 3435.79,100
3789,12:46:04,$ 3435.79,100
3790,12:46:03,$ 3435.71,100
3791,12:45:59,$ 3435.34,500
3792,12:45:59,$ 3435.345,100
3794,12:45:59,$ 3435.64,100
3795,12:45:51,$ 3434.92,100
3796,12:45:40,$ 3435.56,121
3797,12:45:40,$ 3435.58,100
3798,12:45:19,$ 3435.5001,300
3799,12:45:18,$ 3436.42,100
3800,12:45:08,$ 3435.975,100
3801,12:45:04,$ 3434.43,100
3802,12:45:03,$ 3435.78,100
3803,12:45:03,$ 3434.99,100
3804,12:45:03,$ 3435.45,100
3805,12:45:03,$ 3435.74,100
3806,12:44:54,$ 3436.15,115
3807,12:44:54,$ 3436.27,100
3808,12:44:53,$ 3436.74,100
3809,12:44:50,$ 3436.14,100
3810,12:44:40,$ 3436.97,140
3811,12:44:40,$ 3437.3367,"1,000"
3812,12:44:25,$ 3437.33,175
3813,12:44:23,$ 3438.055,100
3815,12:44:13,$ 3438.135,200
3816,12:44:09,$ 3437.32,100
3817,12:44:09,$ 3437.31,100
3818,12:44:08,$ 3437.37,200
3819,12:44:04,$ 3438.00,100
3820,12:43:59,$ 3437.7564,426
3821,12:43:52,$ 3437.9898,100
3822,12:43:48,$ 3438.4699,100
3823,12:43:46,$ 3437.82,100
3824,12:43:46,$ 3437.74,100
3825,12:43:46,$ 3437.80,100
3826,12:43:46,$ 3437.81,100
3827,12:43:34,$ 3436.00,100
3828,12:43:34,$ 3435.80,100
3829,12:43:34,$ 3435.65,100
3830,12:43:07,$ 3435.52,100
3831,12:42:52,$ 3435.34,100
3832,12:42:51,$ 3435.31,100
3833,12:42:36,$ 3435.72,100
3834,12:42:36,$ 3435.72,100
3836,12:42:36,$ 3435.00,100
3837,12:42:36,$ 3435.46,200
3838,12:42:36,$ 3435.66,100
3839,12:42:35,$ 3434.80,100
3840,12:42:35,$ 3434.80,100
3841,12:42:33,$ 3435.00,100
3842,12:42:21,$ 3435.495,143
3843,12:42:01,$ 3436.07,100
