,NLS Time (ET),NLS Price,NLS Share Volume
1,09:59:58,$ 3400.41,100
2,09:59:38,$ 3400.115,100
3,09:59:38,$ 3399.9201,100
4,09:59:35,$ 3400.1022,100
5,09:59:27,$ 3398.68,100
6,09:59:16,$ 3398.04,100
7,09:59:14,$ 3397.00,100
8,09:59:09,$ 3397.11,100
9,09:59:07,$ 3396.81,100
10,09:59:05,$ 3395.64,100
11,09:59:05,$ 3395.64,100
12,09:59:05,$ 3395.64,100
13,09:59:05,$ 3395.6101,100
14,09:59:02,$ 3397.5421,140
15,09:58:48,$ 3400.00,100
16,09:58:45,$ 3400.20,100
17,09:58:23,$ 3402.04,100
18,09:58:05,$ 3401.28,100
19,09:57:59,$ 3402.25,132
20,09:57:20,$ 3401.28,100
22,09:57:16,$ 3401.64,100
23,09:57:10,$ 3403.66,200
24,09:56:55,$ 3403.06,100
25,09:56:55,$ 3403.06,100
26,09:56:55,$ 3403.19,100
27,09:56:55,$ 3404.54,100
28,09:56:20,$ 3404.41,100
29,09:55:59,$ 3405.38,100
30,09:55:48,$ 3405.00,100
31,09:55:44,$ 3404.99,140
32,09:55:16,$ 3404.7608,193
33,09:54:33,$ 3404.38,100
34,09:54:15,$ 3403.015,100
35,09:53:29,$ 3405.471,100
36,09:53:18,$ 3404.89,100
37,09:53:14,$ 3406.7008,100
38,09:53:11,$ 3406.13,100
39,09:53:11,$ 3406.13,100
40,09:53:11,$ 3403.98,100
41,09:53:11,$ 3403.93,100
43,09:53:06,$ 3403.14,100
44,09:53:04,$ 3403.145,100
45,09:53:03,$ 3403.14,100
46,09:52:51,$ 3404.41,100
47,09:52:34,$ 3401.555,100
48,09:52:22,$ 3400.985,100
49,09:52:15,$ 3400.105,100
50,09:51:57,$ 3399.98,100
51,09:51:53,$ 3398.19,100
52,09:51:49,$ 3399.99,100
53,09:51:46,$ 3399.485,100
54,09:51:46,$ 3400.20,100
55,09:51:45,$ 3400.11,178
56,09:51:45,$ 3400.11,100
57,09:51:44,$ 3400.32,100
58,09:51:41,$ 3400.95,100
59,09:51:13,$ 3402.60,100
60,09:51:10,$ 3403.33,100
61,09:51:09,$ 3403.33,100
62,09:51:09,$ 3403.32,100
64,09:50:58,$ 3403.11,100
65,09:50:44,$ 3401.5919,187
66,09:50:25,$ 3401.93,100
67,09:50:25,$ 3401.93,100
68,09:50:25,$ 3401.695,100
69,09:50:22,$ 3401.08,100
70,09:50:16,$ 3401.60,100
71,09:50:16,$ 3401.60,100
72,09:50:14,$ 3401.80,100
73,09:50:11,$ 3402.73,100
74,09:50:06,$ 3402.65,100
75,09:50:05,$ 3402.76,100
76,09:50:00,$ 3403.17,100
77,09:49:42,$ 3404.38,100
78,09:49:32,$ 3404.27,"1,000"
79,09:49:32,$ 3404.22,100
80,09:49:25,$ 3403.435,100
81,09:49:25,$ 3403.435,100
82,09:49:22,$ 3403.19,360
83,09:49:20,$ 3403.32,100
85,09:49:20,$ 3404.7364,250
86,09:49:05,$ 3406.42,100
87,09:49:05,$ 3406.57,100
88,09:49:02,$ 3407.35,100
89,09:49:02,$ 3406.75,100
90,09:49:00,$ 3407.9667,100
91,09:48:47,$ 3405.4621,140
92,09:48:42,$ 3405.60,100
93,09:48:39,$ 3404.28,100
94,09:48:37,$ 3404.115,100
95,09:48:30,$ 3405.16,100
96,09:48:30,$ 3404.27,100
97,09:48:30,$ 3404.44,100
98,09:48:26,$ 3404.685,100
99,09:48:22,$ 3403.24,159
100,09:48:21,$ 3403.49,100
101,09:48:20,$ 3406.065,100
102,09:48:20,$ 3404.80,100
103,09:48:20,$ 3404.70,100
104,09:48:12,$ 3404.14,100
106,09:48:12,$ 3404.59,100
107,09:48:12,$ 3404.60,100
108,09:47:50,$ 3402.8401,100
109,09:47:50,$ 3405.00,100
110,09:47:44,$ 3403.185,100
111,09:47:43,$ 3402.82,100
112,09:47:42,$ 3404.00,115
113,09:47:42,$ 3403.24,100
114,09:47:41,$ 3404.885,100
115,09:47:40,$ 3403.2928,232
116,09:47:36,$ 3402.81,100
117,09:47:36,$ 3402.81,400
118,09:47:35,$ 3403.37,500
119,09:47:34,$ 3404.3999,100
120,09:47:31,$ 3401.7028,100
121,09:47:31,$ 3404.31,100
122,09:47:28,$ 3406.17,100
123,09:47:28,$ 3405.8853,589
124,09:47:16,$ 3407.77,100
125,09:47:12,$ 3409.05,500
127,09:47:07,$ 3409.08,100
128,09:47:06,$ 3408.65,100
129,09:47:06,$ 3408.64,100
130,09:47:06,$ 3408.64,100
131,09:47:02,$ 3409.05,100
132,09:47:00,$ 3409.86,100
133,09:46:53,$ 3410.375,223
134,09:46:51,$ 3409.49,500
135,09:46:47,$ 3410.4275,100
136,09:46:46,$ 3409.01,100
137,09:46:46,$ 3409.51,100
138,09:46:46,$ 3410.03,100
139,09:46:43,$ 3411.81,100
140,09:46:43,$ 3411.03,100
141,09:46:43,$ 3410.92,150
142,09:46:43,$ 3410.92,100
143,09:46:43,$ 3410.87,100
144,09:46:43,$ 3410.59,100
145,09:46:41,$ 3411.89,100
146,09:46:41,$ 3411.89,100
148,09:46:36,$ 3411.595,100
149,09:46:34,$ 3411.09,100
150,09:46:32,$ 3411.90,360
151,09:46:32,$ 3412.00,200
152,09:46:16,$ 3409.9075,100
153,09:46:13,$ 3408.5951,110
154,09:46:12,$ 3409.505,100
155,09:46:12,$ 3409.40,300
156,09:46:11,$ 3408.73,300
157,09:46:11,$ 3408.73,100
158,09:46:08,$ 3407.44,100
159,09:46:04,$ 3408.995,100
160,09:46:04,$ 3409.91,300
161,09:46:03,$ 3410.74,200
162,09:46:03,$ 3410.59,100
163,09:46:03,$ 3410.64,100
164,09:46:03,$ 3410.59,100
165,09:46:02,$ 3410.62,100
166,09:46:00,$ 3411.29,300
167,09:45:55,$ 3410.88,100
169,09:45:49,$ 3411.40,144
170,09:45:49,$ 3411.40,172
171,09:45:49,$ 3411.40,187
172,09:45:49,$ 3411.40,187
173,09:45:49,$ 3411.40,187
174,09:45:49,$ 3411.50,100
175,09:45:42,$ 3410.4525,100
176,09:45:35,$ 3409.815,300
177,09:45:23,$ 3410.00,699
178,09:45:23,$ 3410.50,100
179,09:45:14,$ 3409.19,101
180,09:45:07,$ 3409.425,100
181,09:45:07,$ 3409.425,220
182,09:45:05,$ 3408.62,100
183,09:45:05,$ 3409.08,100
184,09:45:00,$ 3408.26,100
185,09:45:00,$ 3408.74,100
186,09:45:00,$ 3408.89,100
187,09:44:52,$ 3408.51,100
188,09:44:47,$ 3409.99,100
190,09:44:36,$ 3409.01,146
191,09:44:35,$ 3409.03,100
192,09:44:32,$ 3409.735,100
193,09:44:26,$ 3408.73,100
194,09:44:25,$ 3408.82,100
195,09:44:25,$ 3408.41,100
196,09:44:25,$ 3408.81,100
197,09:44:24,$ 3409.10,100
198,09:44:24,$ 3409.04,100
199,09:44:21,$ 3409.00,100
200,09:44:16,$ 3409.93,100
201,09:44:13,$ 3411.375,100
202,09:44:09,$ 3410.00,386
203,09:44:09,$ 3410.00,100
204,09:44:05,$ 3409.84,521
205,09:44:05,$ 3409.45,100
206,09:44:05,$ 3409.84,479
207,09:44:05,$ 3409.45,"1,000"
208,09:44:01,$ 3407.44,100
209,09:43:58,$ 3407.04,100
211,09:43:52,$ 3406.52,100
212,09:43:46,$ 3406.025,375
213,09:43:45,$ 3406.17,100
214,09:43:45,$ 3406.17,100
215,09:43:43,$ 3406.82,100
216,09:43:43,$ 3406.81,100
217,09:43:43,$ 3406.66,100
218,09:43:43,$ 3406.66,100
219,09:43:41,$ 3407.66,178
220,09:43:32,$ 3407.06,396
221,09:43:27,$ 3406.175,150
222,09:43:26,$ 3406.84,100
223,09:43:25,$ 3406.16,150
224,09:43:24,$ 3405.80,100
225,09:43:21,$ 3407.17,100
226,09:43:21,$ 3407.17,100
227,09:43:21,$ 3407.17,100
228,09:43:20,$ 3406.04,100
229,09:43:07,$ 3405.00,100
230,09:43:06,$ 3404.94,100
232,09:43:03,$ 3404.00,100
233,09:43:03,$ 3403.28,100
234,09:43:02,$ 3403.13,100
235,09:42:55,$ 3402.71,100
236,09:42:48,$ 3400.39,100
237,09:42:43,$ 3400.082,100
238,09:42:43,$ 3399.91,100
239,09:42:36,$ 3399.65,100
240,09:42:36,$ 3401.09,100
241,09:42:36,$ 3400.98,100
242,09:42:34,$ 3401.21,100
243,09:42:34,$ 3401.14,100
244,09:42:17,$ 3400.885,300
245,09:42:08,$ 3399.9673,100
246,09:42:00,$ 3398.83,100
247,09:41:54,$ 3400.00,100
248,09:41:53,$ 3401.6639,360
249,09:41:52,$ 3399.49,100
250,09:41:50,$ 3400.8497,100
251,09:41:48,$ 3398.0191,100
253,09:41:45,$ 3399.74,100
254,09:41:45,$ 3400.00,100
255,09:41:42,$ 3400.9236,100
256,09:41:40,$ 3400.0001,100
257,09:41:38,$ 3401.18,200
258,09:41:38,$ 3401.42,100
259,09:41:35,$ 3401.86,100
260,09:41:35,$ 3403.69,100
261,09:41:35,$ 3401.86,100
262,09:41:35,$ 3401.86,100
263,09:41:34,$ 3400.00,180
264,09:41:34,$ 3400.00,126
265,09:41:34,$ 3400.00,153
266,09:41:34,$ 3400.00,100
267,09:41:34,$ 3400.00,100
268,09:41:34,$ 3400.00,100
269,09:41:34,$ 3400.00,100
270,09:41:33,$ 3399.005,100
271,09:41:27,$ 3399.84,100
272,09:41:27,$ 3400.00,100
274,09:41:27,$ 3398.15,100
275,09:41:26,$ 3399.925,100
276,09:41:26,$ 3399.87,100
277,09:41:23,$ 3397.99,100
278,09:41:22,$ 3394.5801,100
279,09:41:18,$ 3397.90,100
280,09:41:07,$ 3395.605,100
281,09:41:05,$ 3396.66,394
282,09:41:02,$ 3395.055,100
283,09:40:55,$ 3395.29,100
284,09:40:44,$ 3394.59,100
285,09:40:41,$ 3395.7291,100
286,09:40:37,$ 3395.005,100
287,09:40:35,$ 3395.6828,168
288,09:40:20,$ 3395.96,100
289,09:40:20,$ 3395.92,100
290,09:40:20,$ 3394.90,100
291,09:40:16,$ 3395.95,100
292,09:40:16,$ 3395.9499,100
293,09:40:11,$ 3395.45,100
295,09:40:05,$ 3394.0595,100
296,09:39:58,$ 3393.96,100
297,09:39:55,$ 3395.79,100
298,09:39:53,$ 3393.49,100
299,09:39:51,$ 3394.40,100
300,09:39:42,$ 3395.00,150
301,09:39:42,$ 3394.98,100
302,09:39:42,$ 3394.86,100
303,09:39:42,$ 3394.98,100
304,09:39:42,$ 3394.98,100
305,09:39:36,$ 3394.68,100
306,09:39:36,$ 3394.89,100
307,09:39:16,$ 3394.9999,100
308,09:39:14,$ 3394.00,100
309,09:39:14,$ 3394.00,200
310,09:39:14,$ 3393.61,100
311,09:39:10,$ 3392.7714,100
312,09:39:05,$ 3391.33,100
313,09:38:57,$ 3392.00,100
314,09:38:57,$ 3391.21,100
316,09:38:56,$ 3390.96,100
317,09:38:56,$ 3390.81,100
318,09:38:54,$ 3390.494,100
319,09:38:54,$ 3390.33,100
320,09:38:54,$ 3390.31,100
321,09:38:54,$ 3390.05,100
322,09:38:54,$ 3390.44,100
323,09:38:36,$ 3388.54,100
324,09:38:36,$ 3388.54,100
325,09:38:36,$ 3388.81,100
326,09:38:34,$ 3390.38,100
327,09:38:09,$ 3388.20,100
328,09:38:09,$ 3387.99,200
329,09:37:57,$ 3388.345,100
330,09:37:52,$ 3387.24,100
331,09:37:52,$ 3388.43,100
332,09:37:46,$ 3388.47,100
333,09:37:46,$ 3388.34,144
334,09:37:41,$ 3388.38,100
335,09:37:24,$ 3392.9899,150
337,09:37:21,$ 3390.2199,191
338,09:37:14,$ 3389.16,100
339,09:37:02,$ 3388.33,100
340,09:37:02,$ 3388.42,100
341,09:37:01,$ 3388.50,100
342,09:37:01,$ 3388.45,100
343,09:37:00,$ 3389.50,100
344,09:36:52,$ 3391.17,100
345,09:36:50,$ 3390.42,100
346,09:36:42,$ 3390.12,100
347,09:36:40,$ 3389.88,100
348,09:36:39,$ 3390.1726,500
349,09:36:37,$ 3389.79,100
350,09:36:23,$ 3394.91,100
351,09:36:22,$ 3395.00,100
352,09:36:14,$ 3391.22,100
353,09:36:14,$ 3391.23,100
354,09:36:12,$ 3389.68,100
355,09:36:12,$ 3390.21,100
356,09:36:12,$ 3391.17,100
358,09:36:07,$ 3389.575,100
359,09:36:05,$ 3390.00,100
360,09:35:43,$ 3388.623,300
361,09:35:43,$ 3386.00,100
362,09:35:35,$ 3386.63,100
363,09:35:24,$ 3384.51,100
364,09:35:24,$ 3384.37,100
365,09:35:22,$ 3384.81,111
366,09:35:22,$ 3384.40,100
367,09:35:22,$ 3384.77,100
368,09:35:16,$ 3382.92,100
369,09:35:14,$ 3382.17,100
370,09:35:14,$ 3382.91,100
371,09:35:10,$ 3382.1103,335
372,09:35:09,$ 3381.415,100
373,09:35:09,$ 3381.165,100
374,09:35:08,$ 3382.81,100
375,09:35:06,$ 3381.937,100
376,09:35:04,$ 3381.32,102
377,09:35:01,$ 3385.00,200
379,09:35:01,$ 3385.00,210
380,09:35:01,$ 3385.00,100
381,09:35:01,$ 3385.00,100
382,09:35:00,$ 3385.67,100
383,09:34:54,$ 3388.755,100
384,09:34:44,$ 3387.3574,100
385,09:34:41,$ 3386.82,100
386,09:34:40,$ 3385.27,200
387,09:34:40,$ 3385.285,100
388,09:34:40,$ 3385.655,700
389,09:34:37,$ 3386.54,100
390,09:34:33,$ 3385.2844,100
391,09:34:33,$ 3385.15,100
392,09:34:28,$ 3388.1175,100
393,09:34:24,$ 3389.9999,150
394,09:34:12,$ 3389.62,100
395,09:34:10,$ 3391.965,100
396,09:34:03,$ 3393.14,100
397,09:34:03,$ 3391.975,500
398,09:34:00,$ 3391.82,100
400,09:33:59,$ 3392.00,100
401,09:33:59,$ 3392.00,100
402,09:33:52,$ 3393.7004,100
403,09:33:34,$ 3391.345,100
404,09:33:31,$ 3393.21,100
405,09:33:31,$ 3393.21,100
406,09:33:17,$ 3395.895,100
407,09:33:11,$ 3396.9999,100
408,09:33:09,$ 3394.52,100
409,09:33:09,$ 3394.52,100
410,09:33:07,$ 3395.41,100
411,09:33:04,$ 3394.13,100
412,09:33:00,$ 3392.01,100
413,09:33:00,$ 3392.77,100
414,09:32:58,$ 3392.50,100
415,09:32:46,$ 3393.20,100
416,09:32:14,$ 3391.7028,100
417,09:31:59,$ 3390.71,155
418,09:31:59,$ 3390.72,500
419,09:31:54,$ 3390.18,100
421,09:31:54,$ 3390.175,100
422,09:31:49,$ 3392.02,100
423,09:31:41,$ 3391.0894,140
424,09:31:35,$ 3391.26,100
425,09:31:35,$ 3391.20,100
426,09:31:35,$ 3391.08,100
427,09:31:32,$ 3390.84,100
428,09:31:29,$ 3390.205,140
429,09:31:27,$ 3394.2064,500
430,09:31:27,$ 3390.82,100
431,09:31:27,$ 3391.68,100
432,09:31:10,$ 3392.31,200
433,09:31:08,$ 3394.9366,100
434,09:31:06,$ 3395.8699,500
435,09:30:58,$ 3394.17,100
436,09:30:57,$ 3394.22,200
437,09:30:57,$ 3394.02,100
438,09:30:57,$ 3394.19,100
439,09:30:54,$ 3390.0501,150
440,09:30:53,$ 3393.69,100
442,09:30:46,$ 3393.38,100
443,09:30:43,$ 3396.5763,100
444,09:30:36,$ 3395.14,150
445,09:30:36,$ 3395.5099,100
446,09:30:35,$ 3395.505,100
447,09:30:32,$ 3394.52,100
448,09:30:32,$ 3394.91,125
449,09:30:32,$ 3394.91,125
450,09:30:32,$ 3394.91,125
451,09:30:32,$ 3394.91,125
452,09:30:32,$ 3395.00,153
453,09:30:29,$ 3393.34,150
454,09:30:21,$ 3391.28,100
455,09:30:21,$ 3392.35,100
456,09:30:20,$ 3390.51,100
457,09:30:03,$ 3391.115,100
458,09:30:03,$ 3390.87,162
459,09:30:03,$ 3390.87,187
460,09:30:03,$ 3390.87,330
461,09:30:02,$ 3391.60,100
463,09:30:02,$ 3388.00,1
464,09:30:02,$ 3388.00,1
465,09:30:02,$ 3388.00,1
466,09:30:02,$ 3388.00,1
467,09:30:02,$ 3388.00,3
468,09:30:02,$ 3388.00,1
469,09:30:02,$ 3388.00,1
470,09:30:02,$ 3388.00,1
471,09:30:02,$ 3388.00,1
472,09:30:02,$ 3388.00,1
473,09:30:02,$ 3388.00,1
474,09:30:02,$ 3388.00,1
475,09:30:02,$ 3388.00,1
476,09:30:02,$ 3388.00,1
477,09:30:02,$ 3388.00,1
478,09:30:02,$ 3388.00,1
479,09:30:02,$ 3388.00,1
480,09:30:02,$ 3388.00,1
481,09:30:02,$ 3388.00,1
482,09:30:02,$ 3388.00,1
484,09:30:02,$ 3388.00,1
485,09:30:02,$ 3388.00,1
486,09:30:02,$ 3388.00,1
487,09:30:02,$ 3388.00,1
488,09:30:02,$ 3388.00,1
489,09:30:02,$ 3388.00,1
490,09:30:02,$ 3388.00,1
491,09:30:02,$ 3388.00,1
492,09:30:02,$ 3388.00,1
493,09:30:02,$ 3388.00,1
494,09:30:02,$ 3388.00,1
495,09:30:02,$ 3388.00,1
496,09:30:02,$ 3388.00,1
497,09:30:02,$ 3388.00,1
498,09:30:02,$ 3388.00,1
499,09:30:02,$ 3388.00,1
500,09:30:02,$ 3388.00,1
501,09:30:02,$ 3388.00,5
502,09:30:02,$ 3388.00,1
503,09:30:02,$ 3388.00,5
505,09:30:02,$ 3388.00,2
506,09:30:02,$ 3388.00,1
507,09:30:02,$ 3388.00,1
508,09:30:02,$ 3388.00,1
509,09:30:02,$ 3388.00,10
510,09:30:02,$ 3388.00,1
511,09:30:02,$ 3388.00,3
512,09:30:02,$ 3388.00,1
513,09:30:02,$ 3388.00,5
514,09:30:02,$ 3388.00,1
515,09:30:02,$ 3388.00,1
516,09:30:02,$ 3388.00,25
517,09:30:02,$ 3388.00,1
518,09:30:02,$ 3388.00,1
519,09:30:02,$ 3388.00,1
520,09:30:02,$ 3388.00,1
521,09:30:02,$ 3388.00,1
522,09:30:02,$ 3388.00,8
523,09:30:02,$ 3388.00,4
524,09:30:02,$ 3388.00,5
526,09:30:02,$ 3388.00,2
527,09:30:02,$ 3388.00,1
528,09:30:02,$ 3388.00,1
529,09:30:02,$ 3388.00,1
530,09:30:02,$ 3388.00,2
531,09:30:02,$ 3388.00,3
532,09:30:02,$ 3388.00,9
533,09:30:02,$ 3388.00,1
534,09:30:02,$ 3388.00,9
535,09:30:02,$ 3388.00,1
536,09:30:02,$ 3388.00,1
537,09:30:02,$ 3388.00,1
538,09:30:02,$ 3388.00,2
539,09:30:02,$ 3388.00,1
540,09:30:02,$ 3388.00,2
541,09:30:02,$ 3388.00,5
542,09:30:02,$ 3388.00,1
543,09:30:02,$ 3388.00,1
544,09:30:02,$ 3388.00,5
545,09:30:02,$ 3388.00,2
547,09:30:02,$ 3388.00,1
548,09:30:02,$ 3388.00,1
549,09:30:02,$ 3388.00,1
550,09:30:02,$ 3388.00,1
551,09:30:02,$ 3388.00,1
552,09:30:02,$ 3388.00,1
553,09:30:02,$ 3388.00,1
554,09:30:02,$ 3388.00,1
555,09:30:02,$ 3388.00,1
556,09:30:02,$ 3388.00,1
557,09:30:02,$ 3388.00,1
558,09:30:02,$ 3388.00,1
559,09:30:02,$ 3388.00,1
560,09:30:02,$ 3388.00,1
561,09:30:02,$ 3388.00,1
562,09:30:02,$ 3388.00,1
563,09:30:02,$ 3388.00,1
564,09:30:02,$ 3388.00,1
565,09:30:02,$ 3388.00,1
566,09:30:02,$ 3388.00,1
568,09:30:02,$ 3388.00,1
569,09:30:02,$ 3388.00,1
570,09:30:02,$ 3388.00,1
571,09:30:02,$ 3388.00,1
572,09:30:02,$ 3388.00,1
573,09:30:02,$ 3388.00,1
574,09:30:02,$ 3388.00,1
575,09:30:02,$ 3388.00,1
576,09:30:02,$ 3388.00,1
577,09:30:02,$ 3388.00,1
578,09:30:02,$ 3388.00,1
579,09:30:02,$ 3388.00,1
580,09:30:02,$ 3388.00,1
581,09:30:02,$ 3388.00,1
582,09:30:02,$ 3388.00,1
583,09:30:02,$ 3388.00,1
584,09:30:02,$ 3388.00,1
585,09:30:02,$ 3388.00,1
586,09:30:02,$ 3388.00,1
587,09:30:02,$ 3388.00,1
589,09:30:02,$ 3388.00,1
590,09:30:02,$ 3388.00,1
591,09:30:02,$ 3388.00,1
592,09:30:02,$ 3388.00,47
593,09:30:02,$ 3388.00,1
594,09:30:02,$ 3388.00,1
595,09:30:02,$ 3388.00,1
596,09:30:02,$ 3388.00,1
597,09:30:02,$ 3388.00,1
598,09:30:02,$ 3388.00,1
599,09:30:02,$ 3388.00,1
600,09:30:02,$ 3388.00,1
601,09:30:02,$ 3388.00,1
602,09:30:02,$ 3388.00,1
603,09:30:02,$ 3388.00,1
604,09:30:02,$ 3388.00,1
605,09:30:02,$ 3388.00,1
606,09:30:02,$ 3388.00,1
607,09:30:02,$ 3388.00,1
608,09:30:02,$ 3388.00,1
610,09:30:02,$ 3388.00,1
611,09:30:02,$ 3388.00,1
612,09:30:02,$ 3388.00,1
613,09:30:02,$ 3388.00,1
614,09:30:02,$ 3388.00,1
615,09:30:02,$ 3388.00,1
616,09:30:02,$ 3388.00,1
617,09:30:02,$ 3388.00,1
618,09:30:02,$ 3388.00,1
619,09:30:02,$ 3388.00,1
620,09:30:02,$ 3388.00,1
621,09:30:02,$ 3388.00,1
622,09:30:02,$ 3388.00,1
623,09:30:02,$ 3388.00,1
624,09:30:02,$ 3388.00,1
625,09:30:02,$ 3388.00,1
626,09:30:02,$ 3388.00,1
627,09:30:02,$ 3388.00,1
628,09:30:02,$ 3388.00,1
629,09:30:02,$ 3388.00,1
631,09:30:02,$ 3388.00,1
632,09:30:02,$ 3388.00,1
633,09:30:02,$ 3388.00,1
634,09:30:02,$ 3388.00,1
635,09:30:02,$ 3388.00,1
636,09:30:02,$ 3388.00,1
637,09:30:02,$ 3388.00,1
638,09:30:02,$ 3388.00,1
639,09:30:02,$ 3388.00,1
640,09:30:02,$ 3388.00,1
641,09:30:02,$ 3388.00,1
642,09:30:02,$ 3388.00,1
643,09:30:02,$ 3388.00,1
644,09:30:02,$ 3388.00,1
645,09:30:02,$ 3388.00,1
646,09:30:02,$ 3388.00,1
647,09:30:02,$ 3388.00,1
648,09:30:02,$ 3388.00,1
649,09:30:02,$ 3388.00,1
650,09:30:02,$ 3388.00,1
652,09:30:02,$ 3388.00,1
653,09:30:02,$ 3388.00,1
654,09:30:02,$ 3388.00,1
655,09:30:02,$ 3388.00,1
656,09:30:02,$ 3388.00,1
657,09:30:02,$ 3388.00,1
658,09:30:02,$ 3388.00,1
659,09:30:02,$ 3388.00,1
660,09:30:02,$ 3388.00,1
661,09:30:02,$ 3388.00,1
662,09:30:02,$ 3388.00,1
663,09:30:02,$ 3388.00,1
664,09:30:02,$ 3388.00,1
665,09:30:02,$ 3388.00,1
666,09:30:02,$ 3388.00,1
667,09:30:02,$ 3388.00,1
668,09:30:02,$ 3388.00,1
669,09:30:02,$ 3388.00,1
670,09:30:02,$ 3388.00,1
671,09:30:02,$ 3388.00,1
673,09:30:02,$ 3388.00,1
674,09:30:02,$ 3388.00,1
675,09:30:02,$ 3388.00,1
676,09:30:02,$ 3388.00,1
677,09:30:02,$ 3388.00,1
678,09:30:02,$ 3388.00,1
679,09:30:02,$ 3388.00,1
680,09:30:02,$ 3388.00,1
681,09:30:02,$ 3388.00,1
682,09:30:02,$ 3388.00,1
683,09:30:02,$ 3388.00,1
684,09:30:02,$ 3388.00,1
685,09:30:02,$ 3388.00,1
686,09:30:02,$ 3388.00,1
687,09:30:02,$ 3388.00,1
688,09:30:02,$ 3388.00,1
689,09:30:02,$ 3388.00,1
690,09:30:02,$ 3388.00,1
691,09:30:02,$ 3388.00,1
692,09:30:02,$ 3388.00,1
694,09:30:02,$ 3388.00,1
695,09:30:02,$ 3388.00,1
696,09:30:02,$ 3388.00,1
697,09:30:02,$ 3388.00,50
698,09:30:02,$ 3388.00,1
699,09:30:02,$ 3388.00,1
700,09:30:02,$ 3388.00,1
701,09:30:02,$ 3388.00,1
702,09:30:02,$ 3388.00,1
703,09:30:02,$ 3388.00,1
704,09:30:02,$ 3388.00,1
705,09:30:02,$ 3388.00,9
706,09:30:02,$ 3388.00,2
707,09:30:02,$ 3388.00,1
708,09:30:02,$ 3388.00,1
709,09:30:02,$ 3388.00,20
710,09:30:02,$ 3388.00,1
711,09:30:02,$ 3388.00,3
712,09:30:02,$ 3388.00,10
713,09:30:02,$ 3388.00,10
715,09:30:02,$ 3388.00,1
716,09:30:02,$ 3388.00,2
717,09:30:02,$ 3388.00,6
718,09:30:02,$ 3388.00,1
719,09:30:02,$ 3388.00,1
720,09:30:02,$ 3388.00,2
721,09:30:02,$ 3388.00,1
722,09:30:02,$ 3388.00,2
723,09:30:02,$ 3388.00,2
724,09:30:02,$ 3388.00,2
725,09:30:02,$ 3388.00,4
726,09:30:02,$ 3388.00,6
727,09:30:02,$ 3388.00,3
728,09:30:02,$ 3388.00,10
729,09:30:02,$ 3388.00,4
730,09:30:02,$ 3388.00,1
731,09:30:02,$ 3388.00,3
732,09:30:02,$ 3388.00,2
733,09:30:02,$ 3388.00,1
734,09:30:02,$ 3388.00,3
736,09:30:02,$ 3388.00,2
737,09:30:02,$ 3388.00,15
738,09:30:02,$ 3388.00,1
739,09:30:02,$ 3388.00,30
740,09:30:02,$ 3388.00,10
741,09:30:02,$ 3388.00,1
742,09:30:02,$ 3388.00,3
743,09:30:02,$ 3388.00,22
744,09:30:02,$ 3388.00,2
745,09:30:02,$ 3388.00,18
746,09:30:02,$ 3388.00,15
747,09:30:02,$ 3388.00,1
748,09:30:02,$ 3388.00,98
749,09:30:02,$ 3388.00,2
750,09:30:02,$ 3388.00,1
751,09:30:02,$ 3388.00,1
752,09:30:02,$ 3388.00,1
753,09:30:02,$ 3388.00,1
754,09:30:02,$ 3388.00,1
755,09:30:02,$ 3388.00,1
757,09:30:02,$ 3388.00,1
758,09:30:02,$ 3388.00,1
759,09:30:02,$ 3388.00,1
760,09:30:02,$ 3388.00,1
761,09:30:02,$ 3388.00,1
762,09:30:02,$ 3388.00,1
763,09:30:02,$ 3388.00,1
764,09:30:02,$ 3388.00,1
765,09:30:02,$ 3388.00,1
766,09:30:02,$ 3388.00,1
767,09:30:02,$ 3388.00,1
768,09:30:02,$ 3388.00,1
769,09:30:02,$ 3388.00,1
770,09:30:02,$ 3388.00,1
771,09:30:02,$ 3388.00,1
772,09:30:02,$ 3388.00,1
773,09:30:02,$ 3388.00,1
774,09:30:02,$ 3388.00,1
775,09:30:02,$ 3388.00,1
776,09:30:02,$ 3388.00,1
778,09:30:02,$ 3388.00,1
779,09:30:02,$ 3388.00,1
780,09:30:02,$ 3388.00,1
781,09:30:02,$ 3388.00,1
782,09:30:02,$ 3388.00,1
783,09:30:02,$ 3388.00,1
784,09:30:02,$ 3388.00,1
785,09:30:02,$ 3388.00,1
786,09:30:02,$ 3388.00,1
787,09:30:02,$ 3388.00,1
788,09:30:02,$ 3388.00,1
789,09:30:02,$ 3388.00,1
790,09:30:02,$ 3388.00,1
791,09:30:02,$ 3388.00,1
792,09:30:02,$ 3388.00,1
793,09:30:02,$ 3388.00,1
794,09:30:02,$ 3388.00,1
795,09:30:02,$ 3388.00,1
796,09:30:02,$ 3388.00,1
797,09:30:02,$ 3388.00,1
799,09:30:02,$ 3388.00,1
800,09:30:02,$ 3388.00,1
801,09:30:02,$ 3388.00,1
802,09:30:02,$ 3388.00,1
803,09:30:02,$ 3388.00,1
804,09:30:02,$ 3388.00,1
805,09:30:02,$ 3388.00,1
806,09:30:02,$ 3388.00,1
807,09:30:02,$ 3388.00,1
808,09:30:02,$ 3388.00,1
809,09:30:02,$ 3388.00,1
810,09:30:02,$ 3388.00,1
811,09:30:02,$ 3388.00,1
812,09:30:02,$ 3388.00,1
813,09:30:02,$ 3388.00,1
814,09:30:02,$ 3388.00,1
815,09:30:02,$ 3388.00,1
816,09:30:02,$ 3388.00,1
817,09:30:02,$ 3388.00,1
818,09:30:02,$ 3388.00,1
820,09:30:02,$ 3388.00,1
821,09:30:02,$ 3388.00,1
822,09:30:02,$ 3388.00,1
823,09:30:02,$ 3388.00,1
824,09:30:02,$ 3388.00,1
825,09:30:02,$ 3388.00,1
826,09:30:02,$ 3388.00,26
827,09:30:02,$ 3388.00,1
828,09:30:02,$ 3388.00,1
829,09:30:02,$ 3388.00,1
830,09:30:02,$ 3388.00,1
831,09:30:02,$ 3388.00,1
832,09:30:02,$ 3388.00,1
833,09:30:02,$ 3388.00,1
834,09:30:02,$ 3388.00,1
835,09:30:02,$ 3388.00,1
836,09:30:02,$ 3388.00,1
837,09:30:02,$ 3388.00,1
838,09:30:02,$ 3388.00,1
839,09:30:02,$ 3388.00,1
841,09:30:02,$ 3388.00,1
842,09:30:02,$ 3388.00,1
843,09:30:02,$ 3388.00,1
844,09:30:02,$ 3388.00,1
845,09:30:02,$ 3388.00,1
846,09:30:02,$ 3388.00,1
847,09:30:02,$ 3388.00,1
848,09:30:02,$ 3388.00,1
849,09:30:02,$ 3388.00,1
850,09:30:02,$ 3388.00,1
851,09:30:02,$ 3388.00,1
852,09:30:02,$ 3388.00,3
853,09:30:02,$ 3388.00,2
854,09:30:02,$ 3388.00,17
855,09:30:02,$ 3388.00,2
856,09:30:02,$ 3388.00,2
857,09:30:02,$ 3388.00,1
858,09:30:02,$ 3388.00,3
859,09:30:02,$ 3388.00,25
860,09:30:02,$ 3388.00,1
862,09:30:02,$ 3388.00,3
863,09:30:02,$ 3388.00,16
864,09:30:02,$ 3388.00,2
865,09:30:02,$ 3388.00,16
866,09:30:02,$ 3388.00,1
867,09:30:02,$ 3388.00,9
868,09:30:02,$ 3388.00,5
869,09:30:02,$ 3388.00,1
870,09:30:02,$ 3388.00,2
871,09:30:02,$ 3388.00,190
872,09:30:02,$ 3388.00,5
873,09:30:02,$ 3388.00,1
874,09:30:02,$ 3388.00,1
875,09:30:02,$ 3388.00,27
876,09:30:02,$ 3388.00,2
877,09:30:02,$ 3388.00,50
878,09:30:02,$ 3388.00,5
879,09:30:02,$ 3388.00,2
880,09:30:02,$ 3388.00,1
881,09:30:02,$ 3388.00,69
883,09:30:02,$ 3388.00,13
884,09:30:02,$ 3388.00,2
885,09:30:02,$ 3388.00,1
886,09:30:02,$ 3388.00,5
887,09:30:02,$ 3388.00,2
888,09:30:02,$ 3388.00,1
889,09:30:02,$ 3388.00,30
890,09:30:02,$ 3388.00,17
891,09:30:02,$ 3388.00,2
892,09:30:02,$ 3388.00,2
893,09:30:02,$ 3388.00,3
894,09:30:02,$ 3388.00,2
895,09:30:02,$ 3388.00,3
896,09:30:02,$ 3388.00,14
897,09:30:02,$ 3388.00,2
898,09:30:02,$ 3388.00,3
899,09:30:02,$ 3388.00,1
900,09:30:02,$ 3388.00,1
901,09:30:02,$ 3388.00,1
902,09:30:02,$ 3388.00,52
904,09:30:02,$ 3388.00,8
905,09:30:02,$ 3388.00,1
906,09:30:02,$ 3388.00,2
907,09:30:02,$ 3388.00,5
908,09:30:02,$ 3388.00,4
909,09:30:02,$ 3388.00,4
910,09:30:02,$ 3388.00,7
911,09:30:02,$ 3388.00,1
912,09:30:02,$ 3388.00,10
913,09:30:02,$ 3388.00,2
914,09:30:02,$ 3388.00,2
915,09:30:02,$ 3388.00,1
916,09:30:02,$ 3388.00,3
917,09:30:02,$ 3388.00,10
918,09:30:02,$ 3388.00,3
919,09:30:02,$ 3388.00,9
920,09:30:02,$ 3388.00,5
921,09:30:02,$ 3388.00,5
922,09:30:02,$ 3388.00,2
923,09:30:02,$ 3388.00,7
925,09:30:02,$ 3388.00,3
926,09:30:02,$ 3388.00,3
927,09:30:02,$ 3388.00,4
928,09:30:02,$ 3388.00,2
929,09:30:02,$ 3388.00,4
930,09:30:02,$ 3388.00,3
931,09:30:02,$ 3388.00,2
932,09:30:02,$ 3388.00,3
933,09:30:02,$ 3388.00,35
934,09:30:02,$ 3388.00,150
935,09:30:02,$ 3388.00,3
936,09:30:02,$ 3388.00,3
937,09:30:02,$ 3388.00,2
938,09:30:02,$ 3388.00,2
939,09:30:02,$ 3388.00,15
940,09:30:02,$ 3388.00,4
941,09:30:02,$ 3388.00,24
942,09:30:02,$ 3388.00,6
943,09:30:02,$ 3388.00,2
944,09:30:02,$ 3388.00,2
946,09:30:02,$ 3388.00,4
947,09:30:02,$ 3388.00,2
948,09:30:02,$ 3388.00,3
949,09:30:02,$ 3388.00,5
950,09:30:02,$ 3388.00,3
951,09:30:02,$ 3388.00,39
952,09:30:02,$ 3388.00,35
953,09:30:02,$ 3388.00,2
954,09:30:02,$ 3388.00,1
955,09:30:02,$ 3388.00,1
956,09:30:02,$ 3388.00,1
957,09:30:02,$ 3388.00,4
958,09:30:02,$ 3388.00,1
959,09:30:02,$ 3388.00,1
960,09:30:02,$ 3388.00,4
961,09:30:02,$ 3388.00,4
962,09:30:02,$ 3388.00,1
963,09:30:02,$ 3388.00,1
964,09:30:02,$ 3388.00,1
965,09:30:02,$ 3388.00,2
967,09:30:02,$ 3388.00,4
968,09:30:02,$ 3388.00,18
969,09:30:02,$ 3388.00,14
970,09:30:02,$ 3388.00,1
971,09:30:02,$ 3388.00,25
972,09:30:02,$ 3388.00,78
973,09:30:02,$ 3388.00,88
974,09:30:02,$ 3388.00,4
975,09:30:02,$ 3388.00,1
976,09:30:02,$ 3388.00,103
977,09:30:02,$ 3388.00,59
978,09:30:02,$ 3388.00,65
979,09:30:02,$ 3388.00,4
980,09:30:02,$ 3388.00,2
981,09:30:02,$ 3388.00,7
982,09:30:02,$ 3388.00,4
983,09:30:02,$ 3388.00,1
984,09:30:02,$ 3388.00,7
985,09:30:02,$ 3388.00,1
986,09:30:02,$ 3388.00,1
988,09:30:02,$ 3388.00,60
989,09:30:02,$ 3388.00,10
990,09:30:02,$ 3388.00,5
991,09:30:02,$ 3388.00,2
992,09:30:02,$ 3388.00,10
993,09:30:02,$ 3388.00,2
994,09:30:02,$ 3388.00,2
995,09:30:02,$ 3388.00,2
996,09:30:02,$ 3388.00,3
997,09:30:02,$ 3388.00,10
998,09:30:02,$ 3388.00,4
999,09:30:02,$ 3388.00,5
1000,09:30:02,$ 3388.00,15
1001,09:30:02,$ 3388.00,14
1002,09:30:02,$ 3388.00,18
1003,09:30:02,$ 3388.00,1
1004,09:30:02,$ 3388.00,1
1005,09:30:02,$ 3388.00,1
1006,09:30:02,$ 3388.00,1
1007,09:30:02,$ 3388.00,2
1009,09:30:02,$ 3388.00,1
1010,09:30:02,$ 3388.00,2
1011,09:30:02,$ 3388.00,2
1012,09:30:02,$ 3388.00,1
1013,09:30:02,$ 3388.00,1
1014,09:30:02,$ 3388.00,2
1015,09:30:02,$ 3388.00,2
1016,09:30:02,$ 3388.00,1
1017,09:30:02,$ 3388.00,6
1018,09:30:02,$ 3388.00,1
1019,09:30:02,$ 3388.00,2
1020,09:30:02,$ 3388.00,1
1021,09:30:02,$ 3388.00,1
1022,09:30:02,$ 3388.00,1
1023,09:30:02,$ 3388.00,10
1024,09:30:02,$ 3388.00,5
1025,09:30:02,$ 3388.00,2
1026,09:30:02,$ 3388.00,1
1027,09:30:02,$ 3388.00,1
1028,09:30:02,$ 3388.00,11
1030,09:30:02,$ 3388.00,2
1031,09:30:02,$ 3388.00,1
1032,09:30:02,$ 3388.00,1
1033,09:30:02,$ 3388.00,5
1034,09:30:02,$ 3388.00,2
1035,09:30:02,$ 3388.00,3
1036,09:30:02,$ 3388.00,2
1037,09:30:02,$ 3388.00,1
1038,09:30:02,$ 3388.00,4
1039,09:30:02,$ 3388.00,4
1040,09:30:02,$ 3388.00,13
1041,09:30:02,$ 3388.00,11
1042,09:30:02,$ 3388.00,2
1043,09:30:02,$ 3388.00,2
1044,09:30:02,$ 3388.00,65
1045,09:30:02,$ 3388.00,7
1046,09:30:02,$ 3388.00,2
1047,09:30:02,$ 3388.00,2
1048,09:30:02,$ 3388.00,1
1049,09:30:02,$ 3388.00,5
1051,09:30:02,$ 3388.00,4
1052,09:30:02,$ 3388.00,6
1053,09:30:02,$ 3388.00,25
1054,09:30:02,$ 3388.00,8
1055,09:30:02,$ 3388.00,4
1056,09:30:02,$ 3388.00,1
1057,09:30:02,$ 3388.00,31
1058,09:30:02,$ 3388.00,20
1059,09:30:02,$ 3388.00,1
1060,09:30:02,$ 3388.00,1
1061,09:30:02,$ 3388.00,1
1062,09:30:02,$ 3388.00,2
1063,09:30:02,$ 3388.00,1
1064,09:30:02,$ 3388.00,3
1065,09:30:02,$ 3388.00,2
1066,09:30:02,$ 3388.00,1
1067,09:30:02,$ 3388.00,1
1068,09:30:02,$ 3388.00,1
1069,09:30:02,$ 3388.00,1
1070,09:30:02,$ 3388.00,4
1072,09:30:02,$ 3388.00,2
1073,09:30:02,$ 3388.00,3
1074,09:30:02,$ 3388.00,1
1075,09:30:02,$ 3388.00,3
1076,09:30:02,$ 3388.00,2
1077,09:30:02,$ 3388.00,2
1078,09:30:02,$ 3388.00,2
1079,09:30:02,$ 3388.00,1
1080,09:30:02,$ 3388.00,6
1081,09:30:02,$ 3388.00,1
1082,09:30:02,$ 3388.00,2
1083,09:30:02,$ 3388.00,2
1084,09:30:02,$ 3388.00,3
1085,09:30:02,$ 3388.00,5
1086,09:30:02,$ 3388.00,1
1087,09:30:02,$ 3388.00,1
1088,09:30:02,$ 3388.00,1
1089,09:30:02,$ 3388.00,2
1090,09:30:02,$ 3388.00,2
1091,09:30:02,$ 3388.00,2
1093,09:30:02,$ 3388.00,1
1094,09:30:02,$ 3388.00,3
1095,09:30:02,$ 3388.00,3
1096,09:30:02,$ 3388.00,2
1097,09:30:02,$ 3388.00,5
1098,09:30:02,$ 3388.00,2
1099,09:30:02,$ 3388.00,1
1100,09:30:02,$ 3388.00,5
1101,09:30:02,$ 3388.00,21
1102,09:30:02,$ 3388.00,1
1103,09:30:02,$ 3388.00,3
1104,09:30:02,$ 3388.00,5
1105,09:30:02,$ 3388.00,1
1106,09:30:02,$ 3388.00,1
1107,09:30:02,$ 3388.00,21
1108,09:30:02,$ 3388.00,7
1109,09:30:02,$ 3388.00,2
1110,09:30:02,$ 3388.00,1
1111,09:30:02,$ 3388.00,1
1112,09:30:02,$ 3388.00,7
1114,09:30:02,$ 3388.00,1
1115,09:30:02,$ 3388.00,2
1116,09:30:02,$ 3388.00,2
1117,09:30:02,$ 3388.00,7
1118,09:30:02,$ 3388.00,1
1119,09:30:02,$ 3388.00,11
1120,09:30:02,$ 3388.00,7
1121,09:30:02,$ 3388.00,6
1122,09:30:02,$ 3388.00,2
1123,09:30:02,$ 3388.00,4
1124,09:30:02,$ 3388.00,1
1125,09:30:02,$ 3388.00,14
1126,09:30:02,$ 3388.00,4
1127,09:30:02,$ 3388.00,60
1128,09:30:02,$ 3388.00,6
1129,09:30:02,$ 3388.00,1
1130,09:30:02,$ 3388.00,26
1131,09:30:02,$ 3388.00,3
1132,09:30:02,$ 3388.00,38
1133,09:30:02,$ 3388.00,10
1135,09:30:02,$ 3388.00,120
1136,09:30:02,$ 3388.00,1
1137,09:30:02,$ 3388.00,100
1138,09:30:02,$ 3388.00,2
1139,09:30:02,$ 3388.00,3
1140,09:30:02,$ 3388.00,3
1141,09:30:02,$ 3388.00,3
1142,09:30:02,$ 3388.00,8
1143,09:30:02,$ 3388.00,35
1144,09:30:02,$ 3388.00,3
1145,09:30:02,$ 3388.00,8
1146,09:30:02,$ 3388.00,3
1147,09:30:02,$ 3388.00,8
1148,09:30:02,$ 3388.00,1
1149,09:30:02,$ 3388.00,100
1150,09:30:02,$ 3388.00,75
1151,09:30:02,$ 3388.00,12
1152,09:30:02,$ 3388.00,1
1153,09:30:02,$ 3388.00,1
1154,09:30:02,$ 3388.00,5
1156,09:30:02,$ 3388.00,27
1157,09:30:02,$ 3388.00,20
1158,09:30:02,$ 3388.00,99
1159,09:30:02,$ 3388.00,2
1160,09:30:02,$ 3388.00,750
1161,09:30:02,$ 3388.00,100
1162,09:30:02,$ 3388.00,5
1163,09:30:02,$ 3388.00,6
1164,09:30:02,$ 3388.00,19
1165,09:30:02,$ 3388.00,1
1166,09:30:02,$ 3388.00,1
1167,09:30:02,$ 3388.00,1
1168,09:30:02,$ 3388.00,3
1169,09:30:02,$ 3388.00,15
1170,09:30:02,$ 3388.00,21
1171,09:30:02,$ 3388.00,177
1172,09:30:02,$ 3388.00,5
1173,09:30:02,$ 3388.00,1
1174,09:30:02,$ 3388.00,1
1175,09:30:02,$ 3388.00,2
1177,09:30:02,$ 3388.00,12
1178,09:30:02,$ 3388.00,5
1179,09:30:02,$ 3388.00,1
1180,09:30:02,$ 3388.00,4
1181,09:30:02,$ 3388.00,1
1182,09:30:02,$ 3388.00,5
1183,09:30:02,$ 3388.00,1
1184,09:30:02,$ 3388.00,3
1185,09:30:02,$ 3388.00,1
1186,09:30:02,$ 3388.00,4
1187,09:30:02,$ 3388.00,10
1188,09:30:02,$ 3388.00,3
1189,09:30:02,$ 3388.00,1
1190,09:30:02,$ 3388.00,15
1191,09:30:02,$ 3388.00,100
1192,09:30:02,$ 3388.00,2
1193,09:30:02,$ 3388.00,1
1194,09:30:02,$ 3388.00,1
1195,09:30:02,$ 3388.00,9
1196,09:30:02,$ 3388.00,25
1198,09:30:02,$ 3388.00,17
1199,09:30:02,$ 3388.00,9
1200,09:30:02,$ 3388.00,1
1201,09:30:02,$ 3388.00,1
1202,09:30:02,$ 3388.00,1
1203,09:30:02,$ 3388.00,20
1204,09:30:02,$ 3388.00,254
1205,09:30:02,$ 3388.00,50
1206,09:30:02,$ 3388.00,5
1207,09:30:02,$ 3388.00,3
1208,09:30:02,$ 3388.00,1
1209,09:30:02,$ 3388.00,16
1210,09:30:02,$ 3388.00,5
1211,09:30:02,$ 3388.00,25
1212,09:30:02,$ 3388.00,5
1213,09:30:02,$ 3388.00,2
1214,09:30:02,$ 3388.00,1
1215,09:30:02,$ 3388.00,3
1216,09:30:02,$ 3388.00,12
1217,09:30:02,$ 3388.00,1
1219,09:30:02,$ 3388.00,1
1220,09:30:02,$ 3388.00,3
1221,09:30:02,$ 3388.00,100
1222,09:30:02,$ 3388.00,2
1223,09:30:02,$ 3388.00,18
1224,09:30:02,$ 3388.00,34
1225,09:30:02,$ 3388.00,18
1226,09:30:02,$ 3388.00,30
1227,09:30:02,$ 3388.00,1
1228,09:30:02,$ 3388.00,5
1229,09:30:02,$ 3388.00,1
1230,09:30:02,$ 3388.00,"2,700"
1231,09:30:02,$ 3388.00,29
1232,09:30:02,$ 3388.00,"2,000"
1233,09:30:02,$ 3388.00,15
1234,09:30:02,$ 3388.00,2
1235,09:30:02,$ 3388.00,6
1236,09:30:02,$ 3388.00,2
1237,09:30:02,$ 3388.00,52
1238,09:30:02,$ 3388.00,50
1240,09:30:02,$ 3388.00,1
1241,09:30:02,$ 3388.00,1
1242,09:30:02,$ 3388.00,40
1243,09:30:02,$ 3388.00,20
1244,09:30:02,$ 3388.00,5
1245,09:30:02,$ 3388.00,1
1246,09:30:02,$ 3388.00,1
1247,09:30:02,$ 3388.00,50
1248,09:30:02,$ 3388.00,1
1249,09:30:02,$ 3388.00,13
1250,09:30:02,$ 3388.00,2
1251,09:30:02,$ 3388.00,38
1252,09:30:02,$ 3388.00,10
1253,09:30:02,$ 3388.00,365
1254,09:30:02,$ 3388.00,4
1255,09:30:02,$ 3388.00,1
1256,09:30:02,$ 3388.00,4
1257,09:30:02,$ 3388.00,2
1258,09:30:02,$ 3388.00,15
1259,09:30:02,$ 3388.00,1
1261,09:30:02,$ 3388.00,6
1262,09:30:02,$ 3388.00,1
1263,09:30:02,$ 3388.00,5
1264,09:30:02,$ 3388.00,3
1265,09:30:02,$ 3388.00,2
1266,09:30:02,$ 3388.00,1
1267,09:30:02,$ 3388.00,3
1268,09:30:02,$ 3388.00,3
1269,09:30:02,$ 3388.00,3
1270,09:30:02,$ 3388.00,1
1271,09:30:02,$ 3388.00,2
1272,09:30:02,$ 3388.00,6
1273,09:30:02,$ 3388.00,1
1274,09:30:02,$ 3388.00,50
1275,09:30:02,$ 3388.00,10
1276,09:30:02,$ 3388.00,2
1277,09:30:02,$ 3388.00,1
1278,09:30:02,$ 3388.00,9
1279,09:30:02,$ 3388.00,1
1280,09:30:02,$ 3388.00,111
1282,09:30:02,$ 3388.00,3
1283,09:30:02,$ 3388.00,1
1284,09:30:02,$ 3388.00,300
1285,09:30:02,$ 3388.00,300
1286,09:30:02,$ 3388.00,2
1287,09:30:02,$ 3388.00,1
1288,09:30:02,$ 3388.00,1
1289,09:30:02,$ 3388.00,1
1290,09:30:02,$ 3388.00,"1,067"
1291,09:30:02,$ 3388.00,1
1292,09:30:02,$ 3388.00,1
1293,09:30:02,$ 3388.00,4
1294,09:30:02,$ 3388.00,1
1295,09:30:02,$ 3388.00,50
1296,09:30:02,$ 3388.00,2
1297,09:30:02,$ 3388.00,6
1298,09:30:02,$ 3388.00,1
1299,09:30:02,$ 3388.00,3
1300,09:30:02,$ 3388.00,5
1301,09:30:02,$ 3388.00,2
1303,09:30:02,$ 3388.00,39
1304,09:30:02,$ 3388.00,15
1305,09:30:02,$ 3388.00,4
1306,09:30:02,$ 3388.00,16
1307,09:30:02,$ 3388.00,27
1308,09:30:02,$ 3388.00,2
1309,09:30:02,$ 3388.00,1
1310,09:30:02,$ 3388.00,5
1311,09:30:02,$ 3388.00,2
1312,09:30:02,$ 3388.00,5
1313,09:30:02,$ 3388.00,1
1314,09:30:02,$ 3388.00,1
1315,09:30:02,$ 3388.00,1
1316,09:30:02,$ 3388.00,8
1317,09:30:02,$ 3388.00,25
1318,09:30:02,$ 3388.00,3
1319,09:30:02,$ 3388.00,1
1320,09:30:02,$ 3388.00,3
1321,09:30:02,$ 3388.00,1
1322,09:30:02,$ 3388.00,10
1324,09:30:02,$ 3388.00,1
1325,09:30:02,$ 3388.00,1
1326,09:30:02,$ 3388.00,1
1327,09:30:02,$ 3388.00,1
1328,09:30:02,$ 3388.00,3
1329,09:30:02,$ 3388.00,1
1330,09:30:02,$ 3388.00,1
1331,09:30:02,$ 3388.00,1
1332,09:30:02,$ 3388.00,1
1333,09:30:02,$ 3388.00,26
1334,09:30:02,$ 3388.00,1
1335,09:30:02,$ 3388.00,14
1336,09:30:02,$ 3388.00,443
1337,09:30:02,$ 3388.00,25
1338,09:30:02,$ 3388.00,100
1339,09:30:02,$ 3388.00,1
1340,09:30:02,$ 3388.00,1
1341,09:30:02,$ 3388.00,1
1342,09:30:02,$ 3388.00,3
1343,09:30:02,$ 3388.00,3
1345,09:30:02,$ 3388.00,2
1346,09:30:02,$ 3388.00,1
1347,09:30:02,$ 3388.00,202
1348,09:30:02,$ 3388.00,21
1349,09:30:02,$ 3388.00,7
1350,09:30:02,$ 3388.00,4
1351,09:30:02,$ 3388.00,2
1352,09:30:02,$ 3388.00,5
1353,09:30:02,$ 3388.00,1
1354,09:30:02,$ 3388.00,6
1355,09:30:02,$ 3388.00,1
1356,09:30:02,$ 3388.00,4
1357,09:30:02,$ 3388.00,12
1358,09:30:02,$ 3388.00,5
1359,09:30:02,$ 3388.00,15
1360,09:30:02,$ 3388.00,8
1361,09:30:02,$ 3388.00,20
1362,09:30:02,$ 3388.00,1
1363,09:30:02,$ 3388.00,10
1364,09:30:02,$ 3388.00,1
1366,09:30:02,$ 3388.00,2
1367,09:30:02,$ 3388.00,2
1368,09:30:02,$ 3388.00,1
1369,09:30:02,$ 3388.00,5
1370,09:30:02,$ 3388.00,3
1371,09:30:02,$ 3388.00,1
1372,09:30:02,$ 3388.00,1
1373,09:30:02,$ 3388.00,1
1374,09:30:02,$ 3388.00,8
1375,09:30:02,$ 3388.00,1
1376,09:30:02,$ 3388.00,15
1377,09:30:02,$ 3388.00,2
1378,09:30:02,$ 3388.00,1
1379,09:30:02,$ 3388.00,7
1380,09:30:02,$ 3388.00,110
1381,09:30:02,$ 3388.00,2
1382,09:30:02,$ 3388.00,1
1383,09:30:02,$ 3388.00,1
1384,09:30:02,$ 3388.00,2
1385,09:30:02,$ 3388.00,1
1387,09:30:02,$ 3388.00,3
1388,09:30:02,$ 3388.00,5
1389,09:30:02,$ 3388.00,1
1390,09:30:02,$ 3388.00,1
1391,09:30:02,$ 3388.00,5
1392,09:30:02,$ 3388.00,10
1393,09:30:02,$ 3388.00,25
1394,09:30:02,$ 3388.00,13
1395,09:30:02,$ 3388.00,2
1396,09:30:02,$ 3388.00,1
1397,09:30:02,$ 3388.00,6
1398,09:30:02,$ 3388.00,1
1399,09:30:02,$ 3388.00,1
1400,09:30:02,$ 3388.00,1
1401,09:30:02,$ 3388.00,10
1402,09:30:02,$ 3388.00,2
1403,09:30:02,$ 3388.00,5
1404,09:30:02,$ 3388.00,13
1405,09:30:02,$ 3388.00,1
1406,09:30:02,$ 3388.00,4
1408,09:30:02,$ 3388.00,10
1409,09:30:02,$ 3388.00,5
1410,09:30:02,$ 3388.00,4
1411,09:30:02,$ 3388.00,2
1412,09:30:02,$ 3388.00,10
1413,09:30:02,$ 3388.00,1
1414,09:30:02,$ 3388.00,199
1415,09:30:02,$ 3388.00,25
1416,09:30:02,$ 3388.00,1
1417,09:30:02,$ 3388.00,2
1418,09:30:02,$ 3388.00,12
1419,09:30:02,$ 3388.00,39
1420,09:30:02,$ 3388.00,25
1421,09:30:02,$ 3388.00,10
1422,09:30:02,$ 3388.00,45
1423,09:30:02,$ 3388.00,3
1424,09:30:02,$ 3388.00,7
1425,09:30:02,$ 3388.00,1
1426,09:30:02,$ 3388.00,1
1427,09:30:02,$ 3388.00,5
1429,09:30:02,$ 3388.00,2
1430,09:30:02,$ 3388.00,1
1431,09:30:02,$ 3388.00,3
1432,09:30:02,$ 3388.00,4
1433,09:30:02,$ 3388.00,1
1434,09:30:02,$ 3388.00,20
1435,09:30:02,$ 3388.00,4
1436,09:30:02,$ 3388.00,31
1437,09:30:02,$ 3388.00,1
1438,09:30:02,$ 3388.00,11
1439,09:30:02,$ 3388.00,1
1440,09:30:02,$ 3388.00,2
1441,09:30:02,$ 3388.00,2
1442,09:30:02,$ 3388.00,100
1443,09:30:02,$ 3388.00,2
1444,09:30:02,$ 3388.00,1
1445,09:30:02,$ 3388.00,1
1446,09:30:02,$ 3388.00,5
1447,09:30:02,$ 3388.00,1
1448,09:30:02,$ 3388.00,3
1450,09:30:02,$ 3388.00,2
1451,09:30:02,$ 3388.00,1
1452,09:30:02,$ 3388.00,35
1453,09:30:02,$ 3388.00,1
1454,09:30:02,$ 3388.00,7
1455,09:30:02,$ 3388.00,13
1456,09:30:02,$ 3388.00,3
1457,09:30:02,$ 3388.00,1
1458,09:30:02,$ 3388.00,2
1459,09:30:02,$ 3388.00,1
1460,09:30:02,$ 3388.00,5
1461,09:30:02,$ 3388.00,1
1462,09:30:02,$ 3388.00,8
1463,09:30:02,$ 3388.00,1
1464,09:30:02,$ 3388.00,1
1465,09:30:02,$ 3388.00,3
1466,09:30:02,$ 3388.00,13
1467,09:30:02,$ 3388.00,1
1468,09:30:02,$ 3388.00,2
1469,09:30:02,$ 3388.00,1
1471,09:30:02,$ 3388.00,100
1472,09:30:02,$ 3388.00,7
1473,09:30:02,$ 3388.00,1
1474,09:30:02,$ 3388.00,1
1475,09:30:02,$ 3388.00,2
1476,09:30:02,$ 3388.00,5
1477,09:30:02,$ 3388.00,2
1478,09:30:02,$ 3388.00,1
1479,09:30:02,$ 3388.00,1
1480,09:30:02,$ 3388.00,1
1481,09:30:02,$ 3388.00,9
1482,09:30:02,$ 3388.00,5
1483,09:30:02,$ 3388.00,1
1484,09:30:02,$ 3388.00,3
1485,09:30:02,$ 3388.00,3
1486,09:30:02,$ 3388.00,5
1487,09:30:02,$ 3388.00,10
1488,09:30:02,$ 3388.00,1
1489,09:30:02,$ 3388.00,6
1490,09:30:02,$ 3388.00,1
1492,09:30:02,$ 3388.00,15
1493,09:30:02,$ 3388.00,14
1494,09:30:02,$ 3388.00,76
1495,09:30:02,$ 3388.00,2
1496,09:30:02,$ 3388.00,80
1497,09:30:02,$ 3388.00,65
1498,09:30:02,$ 3388.00,11
1499,09:30:02,$ 3388.00,3
1500,09:30:02,$ 3388.00,6
1501,09:30:02,$ 3388.00,40
1502,09:30:02,$ 3388.00,4
1503,09:30:02,$ 3388.00,7
1504,09:30:02,$ 3388.00,1
1505,09:30:02,$ 3388.00,3
1506,09:30:02,$ 3388.00,10
1507,09:30:02,$ 3388.00,7
1508,09:30:02,$ 3388.00,4
1509,09:30:02,$ 3388.00,8
1510,09:30:02,$ 3388.00,2
1511,09:30:02,$ 3388.00,1
1513,09:30:02,$ 3388.00,3
1514,09:30:02,$ 3388.00,10
1515,09:30:02,$ 3388.00,1
1516,09:30:02,$ 3388.00,6
1517,09:30:02,$ 3388.00,2
1518,09:30:02,$ 3388.00,6
1519,09:30:02,$ 3388.00,1
1520,09:30:02,$ 3388.00,1
1521,09:30:02,$ 3388.00,1
1522,09:30:02,$ 3388.00,50
1523,09:30:02,$ 3388.00,4
1524,09:30:02,$ 3388.00,2
1525,09:30:02,$ 3388.00,3
1526,09:30:02,$ 3388.00,1
1527,09:30:02,$ 3388.00,4
1528,09:30:02,$ 3388.00,1
1529,09:30:02,$ 3388.00,1
1530,09:30:02,$ 3388.00,1
1531,09:30:02,$ 3388.00,1
1532,09:30:02,$ 3388.00,2
1534,09:30:02,$ 3388.00,1
1535,09:30:02,$ 3388.00,1
1536,09:30:02,$ 3388.00,1
1537,09:30:02,$ 3388.00,2
1538,09:30:02,$ 3388.00,5
1539,09:30:02,$ 3388.00,2
1540,09:30:02,$ 3388.00,1
1541,09:30:02,$ 3388.00,1
1542,09:30:02,$ 3388.00,1
1543,09:30:02,$ 3388.00,4
1544,09:30:02,$ 3388.00,10
1545,09:30:02,$ 3388.00,1
1546,09:30:02,$ 3388.00,1
1547,09:30:02,$ 3388.00,1
1548,09:30:02,$ 3388.00,4
1549,09:30:02,$ 3388.00,15
1550,09:30:02,$ 3388.00,1
1551,09:30:02,$ 3388.00,1
1552,09:30:02,$ 3388.00,3
1553,09:30:02,$ 3388.00,10
1555,09:30:02,$ 3388.00,2
1556,09:30:02,$ 3388.00,1
1557,09:30:02,$ 3388.00,5
1558,09:30:02,$ 3388.00,2
1559,09:30:02,$ 3388.00,10
1560,09:30:02,$ 3388.00,1
1561,09:30:02,$ 3388.00,1
1562,09:30:02,$ 3388.00,5
1563,09:30:02,$ 3388.00,14
1564,09:30:02,$ 3388.00,10
1565,09:30:02,$ 3388.00,2
1566,09:30:02,$ 3388.00,2
1567,09:30:02,$ 3388.00,3
1568,09:30:02,$ 3388.00,1
1569,09:30:02,$ 3388.00,4
1570,09:30:02,$ 3388.00,4
1571,09:30:02,$ 3388.00,1
1572,09:30:02,$ 3388.00,1
1573,09:30:02,$ 3388.00,5
1574,09:30:02,$ 3388.00,1
1576,09:30:02,$ 3388.00,3
1577,09:30:02,$ 3388.00,1
1578,09:30:02,$ 3388.00,1
1579,09:30:02,$ 3388.00,1
1580,09:30:02,$ 3388.00,1
1581,09:30:02,$ 3388.00,3
1582,09:30:02,$ 3388.00,1
1583,09:30:02,$ 3388.00,1
1584,09:30:02,$ 3388.00,10
1585,09:30:02,$ 3388.00,1
1586,09:30:02,$ 3388.00,3
1587,09:30:02,$ 3388.00,8
1588,09:30:02,$ 3388.00,1
1589,09:30:02,$ 3388.00,4
1590,09:30:02,$ 3388.00,4
1591,09:30:02,$ 3388.00,2
1592,09:30:02,$ 3388.00,1
1593,09:30:02,$ 3388.00,1
1594,09:30:02,$ 3388.00,1
1595,09:30:02,$ 3388.00,1
1597,09:30:02,$ 3388.00,1
1598,09:30:02,$ 3388.00,1
1599,09:30:02,$ 3388.00,1
1600,09:30:02,$ 3388.00,1
1601,09:30:02,$ 3388.00,1
1602,09:30:02,$ 3388.00,1
1603,09:30:02,$ 3388.00,2
1604,09:30:02,$ 3388.00,2
1605,09:30:02,$ 3388.00,1
1606,09:30:02,$ 3388.00,1
1607,09:30:02,$ 3388.00,1
1608,09:30:02,$ 3388.00,5
1609,09:30:02,$ 3388.00,8
1610,09:30:02,$ 3388.00,4
1611,09:30:02,$ 3388.00,1
1612,09:30:02,$ 3388.00,1
1613,09:30:02,$ 3388.00,7
1614,09:30:02,$ 3388.00,1
1615,09:30:02,$ 3388.00,1
1616,09:30:02,$ 3388.00,1
1618,09:30:02,$ 3388.00,5
1619,09:30:02,$ 3388.00,1
1620,09:30:02,$ 3388.00,2
1621,09:30:02,$ 3388.00,7
1622,09:30:02,$ 3388.00,1
1623,09:30:02,$ 3388.00,3
1624,09:30:02,$ 3388.00,3
1625,09:30:02,$ 3388.00,1
1626,09:30:02,$ 3388.00,3
1627,09:30:02,$ 3388.00,2
1628,09:30:02,$ 3388.00,3
1629,09:30:02,$ 3388.00,2
1630,09:30:02,$ 3388.00,3
1631,09:30:02,$ 3388.00,1
1632,09:30:02,$ 3388.00,1
1633,09:30:02,$ 3388.00,3
1634,09:30:02,$ 3388.00,1
1635,09:30:02,$ 3388.00,1
1636,09:30:02,$ 3388.00,4
1637,09:30:02,$ 3388.00,3
1639,09:30:02,$ 3388.00,2
1640,09:30:02,$ 3388.00,5
1641,09:30:02,$ 3388.00,1
1642,09:30:02,$ 3388.00,2
1643,09:30:02,$ 3388.00,1
1644,09:30:02,$ 3388.00,1
1645,09:30:02,$ 3388.00,5
1646,09:30:02,$ 3388.00,2
1647,09:30:02,$ 3388.00,10
1648,09:30:02,$ 3388.00,1
1649,09:30:02,$ 3388.00,2
1650,09:30:02,$ 3388.00,7
1651,09:30:02,$ 3388.00,5
1652,09:30:02,$ 3388.00,3
1653,09:30:02,$ 3388.00,1
1654,09:30:02,$ 3388.00,4
1655,09:30:02,$ 3388.00,2
1656,09:30:02,$ 3388.00,7
1657,09:30:02,$ 3388.00,2
1658,09:30:02,$ 3388.00,3
1660,09:30:02,$ 3388.00,1
1661,09:30:02,$ 3388.00,1
1662,09:30:02,$ 3388.00,12
1663,09:30:02,$ 3388.00,6
1664,09:30:02,$ 3388.00,1
1665,09:30:02,$ 3388.00,2
1666,09:30:02,$ 3388.00,6
1667,09:30:02,$ 3388.00,24
1668,09:30:02,$ 3388.00,1
1669,09:30:02,$ 3388.00,23
1670,09:30:02,$ 3388.00,10
1671,09:30:02,$ 3388.00,2
1672,09:30:02,$ 3388.00,31
1673,09:30:02,$ 3388.00,2
1674,09:30:02,$ 3388.00,3
1675,09:30:02,$ 3388.00,1
1676,09:30:02,$ 3388.00,2
1677,09:30:02,$ 3388.00,3
1678,09:30:02,$ 3388.00,1
1679,09:30:02,$ 3388.00,2
1681,09:30:02,$ 3388.00,5
1682,09:30:02,$ 3388.00,1
1683,09:30:02,$ 3388.00,10
1684,09:30:02,$ 3388.00,1
1685,09:30:02,$ 3388.00,6
1686,09:30:02,$ 3388.00,5
1687,09:30:02,$ 3388.00,1
1688,09:30:02,$ 3388.00,8
1689,09:30:02,$ 3388.00,21
1690,09:30:02,$ 3388.00,5
1691,09:30:02,$ 3388.00,2
1692,09:30:02,$ 3388.00,26
1693,09:30:02,$ 3388.00,1
1694,09:30:02,$ 3388.00,7
1695,09:30:02,$ 3388.00,4
1696,09:30:02,$ 3388.00,141
1697,09:30:02,$ 3388.00,1
1698,09:30:02,$ 3388.00,18
1699,09:30:02,$ 3388.00,10
1700,09:30:02,$ 3388.00,4
1702,09:30:02,$ 3388.00,1
1703,09:30:02,$ 3388.00,2
1704,09:30:02,$ 3388.00,1
1705,09:30:02,$ 3388.00,2
1706,09:30:02,$ 3388.00,1
1707,09:30:02,$ 3388.00,1
1708,09:30:02,$ 3388.00,1
1709,09:30:02,$ 3388.00,1
1710,09:30:02,$ 3388.00,3
1711,09:30:02,$ 3388.00,3
1712,09:30:02,$ 3388.00,3
1713,09:30:02,$ 3388.00,1
1714,09:30:02,$ 3388.00,1
1715,09:30:02,$ 3388.00,17
1716,09:30:02,$ 3388.00,3
1717,09:30:02,$ 3388.00,30
1718,09:30:02,$ 3388.00,3
1719,09:30:02,$ 3388.00,2
1720,09:30:02,$ 3388.00,1
1721,09:30:02,$ 3388.00,1
1723,09:30:02,$ 3388.00,2
1724,09:30:02,$ 3388.00,20
1725,09:30:02,$ 3388.00,3
1726,09:30:02,$ 3388.00,2
1727,09:30:02,$ 3388.00,2
1728,09:30:02,$ 3388.00,1
1729,09:30:02,$ 3388.00,3
1730,09:30:02,$ 3388.00,2
1731,09:30:02,$ 3388.00,3
1732,09:30:02,$ 3388.00,3
1733,09:30:02,$ 3388.00,1
1734,09:30:02,$ 3388.00,1
1735,09:30:02,$ 3388.00,3
1736,09:30:02,$ 3388.00,1
1737,09:30:02,$ 3388.00,6
1738,09:30:02,$ 3388.00,1
1739,09:30:02,$ 3388.00,2
1740,09:30:02,$ 3388.00,3
1741,09:30:02,$ 3388.00,1
1742,09:30:02,$ 3388.00,1
1744,09:30:02,$ 3388.00,2
1745,09:30:02,$ 3388.00,9
1746,09:30:02,$ 3388.00,2
1747,09:30:02,$ 3388.00,10
1748,09:30:02,$ 3388.00,2
1749,09:30:02,$ 3388.00,1
1750,09:30:02,$ 3388.00,5
1751,09:30:02,$ 3388.00,1
1752,09:30:02,$ 3388.00,1
1753,09:30:02,$ 3388.00,1
1754,09:30:02,$ 3388.00,20
1755,09:30:02,$ 3388.00,10
1756,09:30:02,$ 3388.00,1
1757,09:30:02,$ 3388.00,1
1758,09:30:02,$ 3388.00,1
1759,09:30:02,$ 3388.00,1
1760,09:30:02,$ 3388.00,1
1761,09:30:02,$ 3388.00,2
1762,09:30:02,$ 3388.00,1
1763,09:30:02,$ 3388.00,2
1765,09:30:02,$ 3388.00,1
1766,09:30:02,$ 3388.00,2
1767,09:30:02,$ 3388.00,1
1768,09:30:02,$ 3388.00,300
1769,09:30:02,$ 3388.00,1
1770,09:30:02,$ 3388.00,20
1771,09:30:02,$ 3388.00,6
1772,09:30:02,$ 3388.00,1
1773,09:30:02,$ 3388.00,3
1774,09:30:02,$ 3388.00,6
1775,09:30:02,$ 3388.00,3
1776,09:30:02,$ 3388.00,2
1777,09:30:02,$ 3388.00,1
1778,09:30:02,$ 3388.00,50
1779,09:30:02,$ 3388.00,11
1780,09:30:02,$ 3388.00,10
1781,09:30:02,$ 3388.00,10
1782,09:30:02,$ 3388.00,1
1783,09:30:02,$ 3388.00,3
1784,09:30:02,$ 3388.00,15
1786,09:30:02,$ 3388.00,3
1787,09:30:02,$ 3388.00,15
1788,09:30:02,$ 3388.00,1
1789,09:30:02,$ 3388.00,1
1790,09:30:02,$ 3388.00,1
1791,09:30:02,$ 3388.00,1
1792,09:30:02,$ 3388.00,1
1793,09:30:02,$ 3388.00,1
1794,09:30:02,$ 3388.00,1
1795,09:30:02,$ 3388.00,1
1796,09:30:02,$ 3388.00,1
1797,09:30:02,$ 3388.00,1
1798,09:30:02,$ 3388.00,1
1799,09:30:02,$ 3388.00,1
1800,09:30:02,$ 3388.00,1
1801,09:30:02,$ 3388.00,1
1802,09:30:02,$ 3388.00,1
1803,09:30:02,$ 3388.00,1
1804,09:30:02,$ 3388.00,1
1805,09:30:02,$ 3388.00,1
1807,09:30:02,$ 3388.00,1
1808,09:30:02,$ 3388.00,1
1809,09:30:02,$ 3388.00,1
1810,09:30:02,$ 3388.00,1
1811,09:30:02,$ 3388.00,1
1812,09:30:02,$ 3388.00,1
1813,09:30:02,$ 3388.00,1
1814,09:30:02,$ 3388.00,1
1815,09:30:02,$ 3388.00,1
1816,09:30:02,$ 3388.00,2
1817,09:30:02,$ 3388.00,5
1818,09:30:02,$ 3388.00,66
1819,09:30:02,$ 3388.00,1
1820,09:30:02,$ 3388.00,1
1821,09:30:02,$ 3388.00,6
1822,09:30:02,$ 3388.00,1
1823,09:30:02,$ 3388.00,1
1824,09:30:02,$ 3388.00,200
1825,09:30:02,$ 3388.00,100
1826,09:30:02,$ 3388.00,19
1828,09:30:02,$ 3388.00,4
1829,09:30:02,$ 3388.00,162
1830,09:30:02,$ 3388.00,10
1831,09:30:02,$ 3388.00,29
1832,09:30:02,$ 3388.00,23
1833,09:30:02,$ 3388.00,2
1834,09:30:02,$ 3388.00,2
1835,09:30:02,$ 3388.00,2
1836,09:30:02,$ 3388.00,38
1837,09:30:02,$ 3388.00,1
1838,09:30:02,$ 3388.00,1
1839,09:30:02,$ 3388.00,3
1840,09:30:02,$ 3388.00,2
1841,09:30:02,$ 3388.00,3
1842,09:30:02,$ 3388.00,2
1843,09:30:02,$ 3388.00,4
1844,09:30:02,$ 3388.00,5
1845,09:30:02,$ 3388.00,15
1846,09:30:02,$ 3388.00,2
1847,09:30:02,$ 3388.00,4
1849,09:30:02,$ 3388.00,13
1850,09:30:02,$ 3388.00,1
1851,09:30:02,$ 3388.00,1
1852,09:30:02,$ 3388.00,3
1853,09:30:02,$ 3388.00,6
1854,09:30:02,$ 3388.00,15
1855,09:30:02,$ 3388.00,3
1856,09:30:02,$ 3388.00,3
1857,09:30:02,$ 3388.00,4
1858,09:30:02,$ 3388.00,1
1859,09:30:02,$ 3388.00,2
1860,09:30:02,$ 3388.00,6
1861,09:30:02,$ 3388.00,1
1862,09:30:02,$ 3388.00,1
1863,09:30:02,$ 3388.00,1
1864,09:30:02,$ 3388.00,176
1865,09:30:02,$ 3388.00,100
1866,09:30:02,$ 3388.00,30
1867,09:30:02,$ 3388.00,6
1868,09:30:02,$ 3388.00,20
1870,09:30:02,$ 3388.00,191
1871,09:30:02,$ 3388.00,1
1872,09:30:02,$ 3388.00,1
1873,09:30:02,$ 3388.00,3
1874,09:30:02,$ 3388.00,1
1875,09:30:02,$ 3388.00,7
1876,09:30:02,$ 3388.00,1
1877,09:30:02,$ 3388.00,68
1878,09:30:02,$ 3388.00,1
1879,09:30:02,$ 3388.00,5
1880,09:30:02,$ 3388.00,1
1881,09:30:02,$ 3388.00,5
1882,09:30:02,$ 3388.00,2
1883,09:30:02,$ 3388.00,2
1884,09:30:02,$ 3388.00,1
1885,09:30:02,$ 3388.00,3
1886,09:30:02,$ 3388.00,3
1887,09:30:02,$ 3388.00,3
1888,09:30:02,$ 3388.00,2
1889,09:30:02,$ 3388.00,3
1891,09:30:02,$ 3388.00,4
1892,09:30:02,$ 3388.00,4
1893,09:30:02,$ 3388.00,5
1894,09:30:02,$ 3388.00,2
1895,09:30:02,$ 3388.00,2
1896,09:30:02,$ 3388.00,1
1897,09:30:02,$ 3388.00,5
1898,09:30:02,$ 3388.00,9
1899,09:30:02,$ 3388.00,31
1900,09:30:02,$ 3388.00,5
1901,09:30:02,$ 3388.00,1
1902,09:30:02,$ 3388.00,1
1903,09:30:02,$ 3388.00,1
1904,09:30:02,$ 3388.00,1
1905,09:30:02,$ 3388.00,2
1906,09:30:02,$ 3388.00,10
1907,09:30:02,$ 3388.00,2
1908,09:30:02,$ 3388.00,45
1909,09:30:02,$ 3388.00,"1,100"
1910,09:30:02,$ 3388.00,2
1912,09:30:02,$ 3388.00,2
1913,09:30:02,$ 3388.00,2
1914,09:30:02,$ 3388.00,2
1915,09:30:02,$ 3388.00,5
1916,09:30:02,$ 3388.00,1
1917,09:30:02,$ 3388.00,25
1918,09:30:02,$ 3388.00,3
1919,09:30:02,$ 3388.00,12
1920,09:30:02,$ 3388.00,3
1921,09:30:02,$ 3388.00,3
1922,09:30:02,$ 3388.00,2
1923,09:30:02,$ 3388.00,10
1924,09:30:02,$ 3388.00,8
1925,09:30:02,$ 3388.00,2
1926,09:30:02,$ 3388.00,8
1927,09:30:02,$ 3388.00,8
1928,09:30:02,$ 3388.00,2
1929,09:30:02,$ 3388.00,20
1930,09:30:02,$ 3388.00,7
1931,09:30:02,$ 3388.00,4
1933,09:30:02,$ 3388.00,2
1934,09:30:02,$ 3388.00,1
1935,09:30:02,$ 3388.00,1
1936,09:30:02,$ 3388.00,13
1937,09:30:02,$ 3388.00,25
1938,09:30:02,$ 3388.00,10
1939,09:30:02,$ 3388.00,10
1940,09:30:02,$ 3388.00,3
1941,09:30:02,$ 3388.00,1
1942,09:30:02,$ 3388.00,37
1943,09:30:02,$ 3388.00,4
1944,09:30:02,$ 3388.00,2
1945,09:30:02,$ 3388.00,14
1946,09:30:02,$ 3388.00,10
1947,09:30:02,$ 3388.00,20
1948,09:30:02,$ 3388.00,7
1949,09:30:02,$ 3388.00,1
1950,09:30:02,$ 3388.00,1
1951,09:30:02,$ 3388.00,49
1952,09:30:02,$ 3388.00,1
1954,09:30:02,$ 3388.00,32
1955,09:30:02,$ 3388.00,5
1956,09:30:02,$ 3388.00,9
1957,09:30:02,$ 3388.00,2
1958,09:30:02,$ 3388.00,35
1959,09:30:02,$ 3388.00,3
1960,09:30:02,$ 3388.00,1
1961,09:30:02,$ 3388.00,4
1962,09:30:02,$ 3388.00,1
1963,09:30:02,$ 3388.00,1
1964,09:30:02,$ 3388.00,1
1965,09:30:02,$ 3388.00,20
1966,09:30:02,$ 3388.00,3
1967,09:30:02,$ 3388.00,30
1968,09:30:02,$ 3388.00,1
1969,09:30:02,$ 3388.00,1
1970,09:30:02,$ 3388.00,1
1971,09:30:02,$ 3388.00,2
1972,09:30:02,$ 3388.00,1
1973,09:30:02,$ 3389.92,100
1975,09:30:01,$ 3389.7461,100
1976,09:30:01,$ 3390.00,200
1977,09:30:00,$ 3388.00,25
1978,09:30:00,$ 3388.00,10
1979,09:30:00,$ 3388.00,29
1980,09:30:00,$ 3388.00,5
1981,09:30:00,$ 3388.00,39
1982,09:30:00,$ 3388.00,268
1984,10:29:41,$ 3386.515,100
1985,10:29:37,$ 3385.85,100
1986,10:29:37,$ 3386.26,100
1987,10:29:37,$ 3386.25,118
1988,10:29:31,$ 3387.01,700
1989,10:29:31,$ 3387.01,100
1990,10:29:31,$ 3387.02,100
1991,10:29:31,$ 3387.03,100
1992,10:29:31,$ 3387.02,100
1993,10:29:31,$ 3387.01,100
1994,10:29:31,$ 3387.52,100
1995,10:29:29,$ 3388.15,100
1996,10:29:25,$ 3388.135,100
1997,10:29:19,$ 3388.45,100
1998,10:29:12,$ 3386.215,100
1999,10:29:12,$ 3386.21,100
2000,10:29:12,$ 3385.42,100
2001,10:29:12,$ 3385.42,100
2002,10:29:12,$ 3385.41,100
2003,10:28:51,$ 3387.00,100
2005,10:28:50,$ 3386.67,300
2006,10:28:50,$ 3386.265,100
2007,10:28:49,$ 3386.68,100
2008,10:28:41,$ 3385.45,100
2009,10:28:30,$ 3384.995,100
2010,10:28:29,$ 3384.995,100
2011,10:28:26,$ 3385.54,100
2012,10:28:20,$ 3384.01,100
2013,10:28:05,$ 3385.465,100
2014,10:28:03,$ 3386.3299,129
2015,10:27:59,$ 3384.775,200
2016,10:27:59,$ 3384.775,100
2017,10:27:55,$ 3383.93,100
2018,10:27:53,$ 3384.43,100
2019,10:27:51,$ 3385.01,100
2020,10:27:44,$ 3386.525,100
2021,10:27:43,$ 3387.125,100
2022,10:27:43,$ 3386.69,123
2023,10:27:41,$ 3388.07,100
2024,10:27:41,$ 3387.42,100
2026,10:27:41,$ 3388.065,100
2027,10:27:40,$ 3388.07,100
2028,10:27:40,$ 3388.42,100
2029,10:27:39,$ 3388.735,100
2030,10:27:39,$ 3389.08,100
2031,10:27:35,$ 3388.415,100
2032,10:27:35,$ 3388.425,100
2033,10:27:31,$ 3388.45,100
2034,10:27:28,$ 3387.9422,255
2035,10:27:28,$ 3387.9422,233
2036,10:27:28,$ 3388.82,100
2037,10:27:28,$ 3388.84,100
2038,10:27:11,$ 3390.12,300
2039,10:27:10,$ 3389.0001,275
2040,10:27:10,$ 3390.35,100
2041,10:27:09,$ 3390.35,100
2042,10:27:07,$ 3389.84,100
2043,10:26:55,$ 3390.00,100
2044,10:26:55,$ 3390.00,100
2045,10:26:49,$ 3388.80,100
2047,10:26:42,$ 3389.8023,500
2048,10:26:40,$ 3390.784,250
2049,10:26:40,$ 3390.78,100
2050,10:26:37,$ 3390.00,100
2051,10:26:32,$ 3391.005,100
2052,10:26:30,$ 3390.39,100
2053,10:26:29,$ 3391.315,100
2054,10:26:29,$ 3391.35,100
2055,10:26:29,$ 3390.62,100
2056,10:26:26,$ 3391.376,224
2057,10:26:24,$ 3391.375,100
2058,10:26:24,$ 3391.38,100
2059,10:26:19,$ 3390.77,100
2060,10:26:18,$ 3391.125,100
2061,10:26:18,$ 3390.73,100
2062,10:26:17,$ 3391.07,100
2063,10:26:17,$ 3391.06,100
2064,10:26:15,$ 3392.60,100
2065,10:26:13,$ 3391.74,100
2066,10:26:12,$ 3391.00,164
2068,10:26:09,$ 3389.79,137
2069,10:26:09,$ 3390.29,100
2070,10:26:05,$ 3389.00,186
2071,10:26:04,$ 3388.94,100
2072,10:26:01,$ 3389.00,100
2073,10:25:55,$ 3388.67,100
2074,10:25:54,$ 3388.23,100
2075,10:25:54,$ 3388.33,100
2076,10:25:48,$ 3388.825,300
2077,10:25:47,$ 3389.18,100
2078,10:25:47,$ 3388.67,100
2079,10:25:47,$ 3389.00,100
2080,10:25:47,$ 3389.11,200
2081,10:25:47,$ 3388.97,100
2082,10:25:41,$ 3387.9225,323
2083,10:25:41,$ 3388.80,100
2084,10:25:37,$ 3388.31,100
2085,10:25:36,$ 3387.60,100
2086,10:25:32,$ 3388.36,100
2087,10:25:24,$ 3387.48,100
2089,10:25:23,$ 3386.4068,100
2090,10:25:21,$ 3387.44,100
2091,10:25:12,$ 3387.00,100
2092,10:25:05,$ 3386.00,100
2093,10:24:56,$ 3386.1877,300
2094,10:24:52,$ 3385.765,100
2095,10:24:52,$ 3384.8146,500
2096,10:24:45,$ 3385.75,100
2097,10:24:44,$ 3386.08,100
2098,10:24:44,$ 3386.605,100
2099,10:24:44,$ 3386.68,100
2100,10:24:44,$ 3386.69,100
2101,10:24:44,$ 3386.45,100
2102,10:24:44,$ 3386.07,100
2103,10:24:44,$ 3386.68,100
2104,10:24:44,$ 3386.05,100
2105,10:24:43,$ 3385.20,100
2106,10:24:43,$ 3385.17,100
2107,10:24:43,$ 3385.15,100
2108,10:24:38,$ 3385.53,100
2110,10:24:38,$ 3385.74,100
2111,10:24:36,$ 3386.085,100
2112,10:24:36,$ 3385.99,100
2113,10:24:30,$ 3385.92,100
2114,10:24:30,$ 3384.22,100
2115,10:24:26,$ 3384.38,109
2116,10:24:26,$ 3384.38,100
2117,10:24:26,$ 3384.25,100
2118,10:24:26,$ 3384.25,100
2119,10:24:05,$ 3383.63,100
2120,10:23:52,$ 3382.39,196
2121,10:23:52,$ 3382.39,100
2122,10:23:49,$ 3383.38,100
2123,10:23:39,$ 3382.555,100
2124,10:23:39,$ 3382.555,100
2125,10:23:39,$ 3382.555,100
2126,10:23:33,$ 3382.555,100
2127,10:22:54,$ 3382.42,100
2128,10:22:37,$ 3382.90,127
2129,10:22:37,$ 3382.13,100
2131,10:22:30,$ 3382.61,100
2132,10:22:27,$ 3381.755,100
2133,10:22:26,$ 3381.9211,100
2134,10:22:24,$ 3382.22,100
2135,10:22:24,$ 3383.505,100
2136,10:22:23,$ 3383.48,100
2137,10:22:20,$ 3383.48,100
2138,10:22:15,$ 3382.0422,100
2139,10:22:11,$ 3383.13,100
2140,10:22:08,$ 3383.4599,100
2141,10:21:50,$ 3380.17,100
2142,10:21:32,$ 3378.145,100
2143,10:21:30,$ 3378.00,100
2144,10:21:22,$ 3377.8108,500
2145,10:21:15,$ 3377.20,104
2146,10:21:12,$ 3377.00,100
2147,10:21:00,$ 3377.93,100
2148,10:20:50,$ 3378.025,100
2149,10:20:23,$ 3376.38,100
2150,10:20:21,$ 3378.345,100
2152,10:20:21,$ 3378.35,100
2153,10:20:21,$ 3378.325,100
2154,10:20:21,$ 3378.325,100
2155,10:20:15,$ 3376.99,100
2156,10:20:15,$ 3377.00,100
2157,10:20:06,$ 3376.095,200
2158,10:19:53,$ 3377.4499,100
2159,10:19:52,$ 3375.1375,100
2160,10:19:35,$ 3373.9283,120
2161,10:19:33,$ 3373.78,100
2162,10:19:26,$ 3373.75,100
2163,10:19:25,$ 3373.75,500
2164,10:19:24,$ 3374.25,100
2165,10:19:19,$ 3372.5007,100
2166,10:19:01,$ 3373.33,100
2167,10:18:55,$ 3373.32,100
2168,10:18:49,$ 3374.5926,100
2169,10:18:46,$ 3374.22,100
2170,10:18:33,$ 3373.20,100
2171,10:18:15,$ 3371.765,100
2173,10:18:14,$ 3371.71,100
2174,10:18:09,$ 3371.73,100
2175,10:17:57,$ 3371.4534,150
2176,10:17:50,$ 3372.25,100
2177,10:17:49,$ 3373.175,100
2178,10:17:49,$ 3373.175,100
2179,10:17:46,$ 3372.46,100
2180,10:17:38,$ 3372.38,100
2181,10:17:38,$ 3372.755,100
2182,10:17:32,$ 3372.56,100
2183,10:17:29,$ 3372.65,100
2184,10:17:29,$ 3372.66,100
2185,10:17:29,$ 3372.67,100
2186,10:17:15,$ 3375.74,100
2187,10:17:15,$ 3376.21,100
2188,10:17:15,$ 3375.00,100
2189,10:17:13,$ 3373.2859,500
2190,10:16:58,$ 3374.285,100
2191,10:16:57,$ 3374.01,100
2192,10:16:53,$ 3372.895,110
2194,10:16:53,$ 3372.895,296
2195,10:16:51,$ 3373.0383,200
2196,10:16:51,$ 3373.285,200
2197,10:16:49,$ 3371.808,500
2198,10:16:45,$ 3371.47,100
2199,10:16:40,$ 3372.01,100
2200,10:16:40,$ 3372.055,100
2201,10:16:40,$ 3372.105,100
2202,10:16:32,$ 3372.875,100
2203,10:15:54,$ 3375.24,200
2204,10:15:46,$ 3375.87,100
2205,10:15:41,$ 3375.015,200
2206,10:15:40,$ 3374.2489,100
2207,10:15:39,$ 3374.65,150
2208,10:15:38,$ 3373.005,100
2209,10:15:34,$ 3372.67,100
2210,10:15:32,$ 3372.84,237
2211,10:15:29,$ 3372.85,100
2212,10:15:29,$ 3373.00,100
2213,10:15:28,$ 3373.00,250
2215,10:15:24,$ 3373.2217,100
2216,10:15:23,$ 3373.42,100
2217,10:15:19,$ 3375.00,300
2218,10:15:16,$ 3375.17,100
2219,10:15:12,$ 3375.33,100
2220,10:15:05,$ 3375.815,100
2221,10:15:05,$ 3375.815,100
2222,10:15:02,$ 3377.11,100
2223,10:14:59,$ 3377.675,100
2224,10:14:51,$ 3377.7507,250
2225,10:14:41,$ 3378.62,100
2226,10:14:41,$ 3378.16,100
2227,10:14:41,$ 3378.15,100
2228,10:14:39,$ 3379.628,100
2229,10:14:33,$ 3378.14,146
2230,10:14:32,$ 3378.065,100
2231,10:14:29,$ 3378.46,100
2232,10:14:25,$ 3378.4538,100
2233,10:14:02,$ 3380.115,100
2234,10:13:58,$ 3380.38,100
2236,10:13:50,$ 3380.5643,100
2237,10:13:45,$ 3380.035,100
2238,10:13:34,$ 3379.86,116
2239,10:13:32,$ 3379.105,100
2240,10:13:32,$ 3379.10,100
2241,10:13:04,$ 3378.8201,100
2242,10:13:03,$ 3379.33,100
2243,10:13:02,$ 3379.33,100
2244,10:13:01,$ 3378.82,100
2245,10:13:01,$ 3378.82,100
2246,10:13:01,$ 3378.82,100
2247,10:12:28,$ 3380.00,100
2248,10:11:51,$ 3382.26,100
2249,10:11:50,$ 3383.26,100
2250,10:11:50,$ 3382.765,100
2251,10:11:49,$ 3382.55,100
2252,10:11:36,$ 3380.76,100
2253,10:11:33,$ 3380.01,100
2254,10:11:32,$ 3380.385,100
2255,10:11:26,$ 3382.1974,140
2257,10:11:24,$ 3382.33,100
2258,10:11:24,$ 3382.34,100
2259,10:11:24,$ 3381.83,100
2260,10:11:23,$ 3381.9611,450
2261,10:11:03,$ 3383.02,100
2262,10:11:00,$ 3382.99,149
2263,10:10:57,$ 3382.94,100
2264,10:10:57,$ 3382.935,100
2265,10:10:40,$ 3384.6595,185
2266,10:10:29,$ 3384.24,103
2267,10:10:29,$ 3383.83,100
2268,10:10:19,$ 3382.44,100
2269,10:10:18,$ 3381.4737,100
2270,10:10:14,$ 3382.8802,140
2271,10:10:05,$ 3381.9099,100
2272,10:09:47,$ 3382.025,100
2273,10:09:46,$ 3383.6997,100
2274,10:09:46,$ 3383.70,100
2275,10:09:45,$ 3381.5318,100
2276,10:09:41,$ 3380.87,100
2278,10:09:41,$ 3380.79,200
2279,10:09:36,$ 3382.7799,100
2280,10:09:35,$ 3381.54,100
2281,10:09:35,$ 3380.87,100
2282,10:09:23,$ 3379.11,100
2283,10:09:23,$ 3379.10,100
2284,10:09:23,$ 3379.31,100
2285,10:09:23,$ 3379.42,100
2286,10:09:23,$ 3379.51,100
2287,10:09:23,$ 3379.52,100
2288,10:09:23,$ 3379.63,100
2289,10:09:15,$ 3377.85,100
2290,10:09:15,$ 3377.85,100
2291,10:09:15,$ 3377.85,100
2292,10:09:15,$ 3377.85,100
2293,10:09:15,$ 3377.835,100
2294,10:09:14,$ 3376.935,100
2295,10:09:14,$ 3377.92,153
2296,10:09:12,$ 3377.79,100
2297,10:08:59,$ 3378.50,100
2299,10:08:59,$ 3378.50,100
2300,10:08:59,$ 3378.25,100
2301,10:08:54,$ 3377.09,100
2302,10:08:53,$ 3377.125,100
2303,10:08:48,$ 3377.765,100
2304,10:08:47,$ 3378.96,100
2305,10:08:47,$ 3378.91,100
2306,10:08:46,$ 3378.4233,100
2307,10:08:45,$ 3377.6575,100
2308,10:08:45,$ 3377.50,100
2309,10:08:45,$ 3377.50,100
2310,10:08:45,$ 3377.50,100
2311,10:08:45,$ 3376.75,100
2312,10:08:45,$ 3377.43,100
2313,10:08:45,$ 3376.50,100
2314,10:08:45,$ 3376.13,100
2315,10:08:45,$ 3376.24,100
2316,10:08:42,$ 3375.62,118
2317,10:08:42,$ 3376.2799,100
2318,10:08:27,$ 3376.755,100
2320,10:08:13,$ 3377.50,100
2321,10:08:13,$ 3377.50,100
2322,10:07:54,$ 3376.31,100
2323,10:07:53,$ 3376.81,115
2324,10:07:53,$ 3377.50,100
2325,10:07:53,$ 3377.50,100
2326,10:07:53,$ 3377.50,100
2327,10:07:52,$ 3377.50,100
2328,10:07:51,$ 3377.49,307
2329,10:07:51,$ 3377.50,100
2330,10:07:51,$ 3377.50,100
2331,10:07:51,$ 3377.43,100
2332,10:07:50,$ 3377.50,100
2333,10:07:50,$ 3377.50,100
2334,10:07:50,$ 3377.49,100
2335,10:07:50,$ 3377.52,100
2336,10:07:50,$ 3377.51,100
2337,10:07:50,$ 3378.73,100
2338,10:07:50,$ 3378.76,100
2339,10:07:47,$ 3379.93,283
2341,10:07:45,$ 3378.92,200
2342,10:07:41,$ 3377.66,100
2343,10:07:33,$ 3377.70,498
2344,10:07:22,$ 3378.16,100
2345,10:07:22,$ 3378.6275,100
2346,10:07:21,$ 3377.84,100
2347,10:07:18,$ 3377.27,100
2348,10:07:18,$ 3376.93,150
2349,10:07:17,$ 3377.27,100
2350,10:07:15,$ 3376.68,200
2351,10:07:14,$ 3376.68,100
2352,10:07:14,$ 3376.68,100
2353,10:07:14,$ 3377.00,100
2354,10:07:14,$ 3377.00,100
2355,10:07:14,$ 3377.00,100
2356,10:07:14,$ 3377.00,200
2357,10:07:11,$ 3378.01,100
2358,10:07:10,$ 3379.345,100
2359,10:07:04,$ 3380.00,100
2360,10:06:47,$ 3382.15,100
2362,10:06:46,$ 3382.15,100
2363,10:06:21,$ 3380.72,100
2364,10:06:07,$ 3380.086,100
2365,10:06:07,$ 3380.27,100
2366,10:06:07,$ 3380.12,100
2367,10:06:07,$ 3380.30,100
2368,10:06:07,$ 3380.44,100
2369,10:06:07,$ 3380.49,200
2370,10:06:07,$ 3380.22,100
2371,10:06:07,$ 3380.3725,100
2372,10:05:56,$ 3383.0419,100
2373,10:05:54,$ 3382.065,150
2374,10:05:53,$ 3381.095,100
2375,10:05:45,$ 3381.22,100
2376,10:05:35,$ 3382.07,100
2377,10:05:30,$ 3381.04,100
2378,10:05:18,$ 3381.72,200
2379,10:05:18,$ 3382.47,295
2380,10:05:18,$ 3382.78,100
2381,10:05:18,$ 3380.61,100
2383,10:05:17,$ 3382.0466,258
2384,10:05:15,$ 3382.54,100
2385,10:05:14,$ 3382.84,100
2386,10:05:13,$ 3381.39,100
2387,10:05:12,$ 3379.9001,100
2388,10:05:10,$ 3382.31,100
2389,10:05:09,$ 3382.48,100
2390,10:05:05,$ 3381.27,100
2391,10:05:05,$ 3380.99,100
2392,10:05:05,$ 3381.00,100
2393,10:05:03,$ 3380.07,100
2394,10:05:02,$ 3380.46,100
2395,10:04:54,$ 3380.88,100
2396,10:04:51,$ 3380.815,100
2397,10:04:40,$ 3381.1727,295
2398,10:04:40,$ 3380.56,100
2399,10:04:38,$ 3379.97,"1,000"
2400,10:04:35,$ 3379.00,100
2401,10:04:35,$ 3379.00,174
2402,10:04:35,$ 3379.05,100
2404,10:04:35,$ 3378.83,100
2405,10:04:35,$ 3379.01,129
2406,10:04:35,$ 3380.00,100
2407,10:04:21,$ 3382.00,100
2408,10:04:12,$ 3381.9908,600
2409,10:04:07,$ 3380.62,100
2410,10:04:06,$ 3382.98,100
2411,10:04:04,$ 3384.6451,100
2412,10:03:49,$ 3383.8125,100
2413,10:03:49,$ 3383.8125,100
2414,10:03:49,$ 3384.66,100
2415,10:03:49,$ 3384.01,100
2416,10:03:49,$ 3382.98,100
2417,10:03:49,$ 3383.07,100
2418,10:03:49,$ 3382.9701,212
2419,10:03:45,$ 3384.39,153
2420,10:03:45,$ 3384.95,100
2421,10:03:45,$ 3385.08,100
2422,10:03:45,$ 3385.16,150
2423,10:03:45,$ 3385.19,112
2425,10:03:45,$ 3385.19,125
2426,10:03:45,$ 3385.19,125
2427,10:03:41,$ 3385.25,100
2428,10:03:41,$ 3385.42,109
2429,10:03:36,$ 3386.00,100
2430,10:03:33,$ 3386.41,100
2431,10:03:33,$ 3386.6883,100
2432,10:03:28,$ 3388.00,180
2433,10:03:28,$ 3388.00,177
2434,10:03:28,$ 3388.16,100
2435,10:03:17,$ 3389.99,152
2436,10:03:17,$ 3389.99,100
2437,10:03:10,$ 3389.2179,327
2438,10:03:03,$ 3389.065,100
2439,10:02:59,$ 3389.0823,471
2440,10:02:47,$ 3390.96,100
2441,10:02:47,$ 3390.95,100
2442,10:02:46,$ 3390.95,155
2443,10:02:45,$ 3391.145,100
2444,10:02:44,$ 3391.06,100
2446,10:02:44,$ 3391.00,165
2447,10:02:44,$ 3391.05,100
2448,10:02:44,$ 3391.71,100
2449,10:02:41,$ 3393.28,100
2450,10:02:36,$ 3393.50,100
2451,10:02:31,$ 3396.6626,400
2452,10:02:26,$ 3394.18,100
2453,10:02:09,$ 3396.492,500
2454,10:02:08,$ 3396.42,100
2455,10:02:07,$ 3395.715,100
2456,10:02:06,$ 3395.72,100
2457,10:01:51,$ 3395.76,100
2458,10:01:47,$ 3395.57,100
2459,10:01:46,$ 3396.08,100
2460,10:01:43,$ 3396.685,100
2461,10:01:42,$ 3397.28,100
2462,10:01:22,$ 3396.89,100
2463,10:01:22,$ 3396.92,100
2464,10:01:15,$ 3396.76,100
2465,10:01:13,$ 3397.805,100
2467,10:01:02,$ 3398.63,100
2468,10:00:59,$ 3398.1264,294
2469,10:00:59,$ 3397.93,156
2470,10:00:47,$ 3397.1066,122
2471,10:00:47,$ 3397.1066,123
2472,10:00:37,$ 3397.64,100
2473,10:00:33,$ 3398.02,100
2474,10:00:33,$ 3397.38,100
2475,10:00:33,$ 3397.38,100
2476,10:00:23,$ 3397.68,100
2477,10:00:19,$ 3396.46,100
2478,10:00:17,$ 3397.00,300
2479,10:00:17,$ 3397.82,100
2480,10:00:08,$ 3400.42,100
2481,10:00:08,$ 3400.645,100
2483,10:59:57,$ 3386.695,100
2484,10:59:23,$ 3386.73,136
2485,10:59:23,$ 3386.73,125
2486,10:59:17,$ 3386.81,100
2487,10:59:12,$ 3387.32,100
2488,10:59:09,$ 3387.04,100
2489,10:59:07,$ 3387.52,100
2490,10:58:21,$ 3387.47,100
2491,10:58:21,$ 3387.435,100
2492,10:58:21,$ 3387.42,100
2493,10:58:19,$ 3388.01,100
2494,10:58:09,$ 3388.26,105
2495,10:58:00,$ 3388.445,100
2496,10:58:00,$ 3387.875,100
2497,10:57:59,$ 3389.08,100
2498,10:57:59,$ 3389.08,100
2499,10:57:59,$ 3388.60,100
2500,10:57:59,$ 3388.84,100
2501,10:57:59,$ 3388.85,100
2502,10:57:59,$ 3388.61,100
2504,10:57:59,$ 3389.02,100
2505,10:57:59,$ 3389.00,100
2506,10:57:49,$ 3387.8155,100
2507,10:57:42,$ 3389.08,130
2508,10:57:32,$ 3389.27,100
2509,10:57:32,$ 3389.27,100
2510,10:57:28,$ 3391.33,100
2511,10:57:28,$ 3390.00,100
2512,10:57:28,$ 3390.00,100
2513,10:57:18,$ 3393.01,100
2514,10:57:18,$ 3393.36,100
2515,10:57:08,$ 3392.00,100
2516,10:57:08,$ 3392.00,100
2517,10:57:07,$ 3391.54,400
2518,10:57:07,$ 3391.90,400
2519,10:57:07,$ 3393.21,100
2520,10:57:07,$ 3391.86,100
2521,10:57:07,$ 3392.91,100
2522,10:57:07,$ 3393.02,100
2523,10:57:06,$ 3394.22,100
2525,10:56:55,$ 3393.88,142
2526,10:56:50,$ 3396.09,100
2527,10:56:49,$ 3395.69,100
2528,10:56:49,$ 3395.06,100
2529,10:56:49,$ 3395.06,100
2530,10:56:40,$ 3397.07,100
2531,10:56:40,$ 3396.45,100
2532,10:56:40,$ 3396.36,100
2533,10:56:40,$ 3396.28,100
2534,10:56:29,$ 3395.886,233
2535,10:56:27,$ 3396.448,100
2536,10:56:23,$ 3395.87,100
2537,10:56:23,$ 3395.87,100
2538,10:56:23,$ 3395.91,100
2539,10:56:19,$ 3395.615,100
2540,10:56:19,$ 3395.615,200
2541,10:56:19,$ 3395.615,100
2542,10:56:19,$ 3395.97,100
2543,10:56:18,$ 3395.97,100
2544,10:56:18,$ 3395.615,130
2546,10:56:18,$ 3396.00,100
2547,10:56:18,$ 3395.97,100
2548,10:56:18,$ 3395.84,100
2549,10:56:18,$ 3395.94,100
2550,10:56:18,$ 3395.615,100
2551,10:56:12,$ 3395.07,100
2552,10:56:11,$ 3395.14,250
2553,10:56:09,$ 3395.99,100
2554,10:56:07,$ 3395.19,100
2555,10:56:07,$ 3395.06,100
2556,10:56:01,$ 3395.995,250
2557,10:56:00,$ 3395.45,100
2558,10:56:00,$ 3396.46,100
2559,10:55:56,$ 3395.168,100
2560,10:55:56,$ 3395.23,100
2561,10:55:51,$ 3394.99,100
2562,10:55:51,$ 3395.00,100
2563,10:55:51,$ 3395.68,100
2564,10:55:51,$ 3395.75,100
2565,10:55:51,$ 3394.112,100
2567,10:55:50,$ 3394.495,100
2568,10:55:50,$ 3394.05,100
2569,10:55:48,$ 3394.9999,100
2570,10:55:29,$ 3393.00,100
2571,10:55:28,$ 3391.77,100
2572,10:55:16,$ 3391.77,100
2573,10:55:15,$ 3392.07,100
2574,10:55:15,$ 3391.87,100
2575,10:55:13,$ 3391.69,100
2576,10:55:13,$ 3391.23,100
2577,10:55:13,$ 3390.58,100
2578,10:55:13,$ 3390.57,100
2579,10:55:13,$ 3390.785,100
2580,10:55:01,$ 3390.4145,150
2581,10:55:01,$ 3390.495,100
2582,10:54:50,$ 3389.07,100
2583,10:54:41,$ 3387.575,100
2584,10:54:41,$ 3388.815,100
2585,10:54:40,$ 3388.82,100
2586,10:54:40,$ 3388.79,100
2588,10:54:40,$ 3388.855,100
2589,10:54:40,$ 3388.845,100
2590,10:54:29,$ 3385.55,125
2591,10:54:07,$ 3384.08,100
2592,10:53:51,$ 3385.3376,100
2593,10:53:48,$ 3385.89,100
2594,10:53:39,$ 3385.00,150
2595,10:53:39,$ 3384.58,100
2596,10:53:39,$ 3384.83,100
2597,10:53:38,$ 3384.425,100
2598,10:53:24,$ 3383.79,100
2599,10:53:23,$ 3384.42,100
2600,10:53:23,$ 3383.79,100
2601,10:53:18,$ 3383.79,138
2602,10:53:13,$ 3383.40,100
2603,10:53:13,$ 3383.15,100
2604,10:53:13,$ 3383.35,100
2605,10:53:13,$ 3383.20,100
2606,10:53:13,$ 3383.39,100
2607,10:53:13,$ 3383.27,100
2609,10:52:58,$ 3384.865,100
2610,10:52:40,$ 3384.61,100
2611,10:52:36,$ 3384.03,100
2612,10:51:57,$ 3381.88,100
2613,10:51:14,$ 3383.15,100
2614,10:50:43,$ 3381.535,100
2615,10:50:27,$ 3381.725,300
2616,10:50:22,$ 3381.17,100
2617,10:50:20,$ 3380.96,108
2618,10:50:18,$ 3380.395,100
2619,10:50:18,$ 3380.99,100
2620,10:50:03,$ 3380.49,100
2621,10:49:57,$ 3379.63,100
2622,10:49:57,$ 3379.60,100
2623,10:49:57,$ 3379.61,100
2624,10:49:57,$ 3379.63,100
2625,10:49:53,$ 3378.70,100
2626,10:49:53,$ 3379.115,100
2627,10:49:43,$ 3379.35,100
2628,10:49:18,$ 3381.665,100
2630,10:49:16,$ 3381.57,100
2631,10:49:04,$ 3379.30,100
2632,10:48:50,$ 3379.235,100
2633,10:48:50,$ 3379.235,100
2634,10:48:45,$ 3378.35,150
2635,10:48:37,$ 3378.58,100
2636,10:48:37,$ 3378.17,100
2637,10:48:01,$ 3376.23,100
2638,10:48:01,$ 3376.23,100
2639,10:48:01,$ 3376.23,100
2640,10:48:00,$ 3375.62,100
2641,10:48:00,$ 3376.23,100
2642,10:48:00,$ 3376.25,100
2643,10:48:00,$ 3376.23,100
2644,10:47:49,$ 3377.6699,100
2645,10:47:46,$ 3377.38,100
2646,10:47:46,$ 3376.58,100
2647,10:47:46,$ 3378.57,100
2648,10:47:46,$ 3378.20,100
2649,10:47:46,$ 3378.11,100
2651,10:47:39,$ 3378.41,100
2652,10:47:28,$ 3381.47,100
2653,10:47:28,$ 3381.47,100
2654,10:47:27,$ 3380.7305,200
2655,10:47:24,$ 3380.88,100
2656,10:47:12,$ 3380.36,300
2657,10:47:09,$ 3379.04,100
2658,10:47:09,$ 3379.04,100
2659,10:46:59,$ 3379.54,199
2660,10:46:50,$ 3380.12,100
2661,10:46:50,$ 3381.16,100
2662,10:46:45,$ 3381.58,100
2663,10:46:45,$ 3382.17,100
2664,10:46:45,$ 3382.00,400
2665,10:46:40,$ 3382.90,200
2666,10:46:12,$ 3383.63,750
2667,10:46:00,$ 3383.63,200
2668,10:45:57,$ 3384.50,100
2669,10:45:54,$ 3383.78,100
2670,10:45:01,$ 3386.425,200
2672,10:44:51,$ 3386.91,100
2673,10:44:51,$ 3386.715,100
2674,10:44:40,$ 3385.11,108
2675,10:44:00,$ 3384.57,400
2676,10:43:52,$ 3384.56,100
2677,10:43:41,$ 3385.29,100
2678,10:43:39,$ 3386.07,100
2679,10:43:33,$ 3387.03,100
2680,10:43:30,$ 3386.81,100
2681,10:43:24,$ 3386.765,250
2682,10:43:22,$ 3386.18,100
2683,10:43:22,$ 3385.69,100
2684,10:42:59,$ 3387.74,100
2685,10:42:50,$ 3388.40,100
2686,10:42:50,$ 3388.16,100
2687,10:42:49,$ 3388.235,100
2688,10:42:36,$ 3389.5034,100
2689,10:41:59,$ 3388.045,100
2690,10:41:59,$ 3388.045,100
2691,10:41:59,$ 3388.205,100
2693,10:41:58,$ 3387.825,100
2694,10:41:58,$ 3387.70,100
2695,10:41:58,$ 3387.86,100
2696,10:41:48,$ 3388.36,100
2697,10:41:46,$ 3388.465,100
2698,10:41:43,$ 3388.9064,100
2699,10:41:23,$ 3387.62,100
2700,10:41:21,$ 3387.04,100
2701,10:41:21,$ 3387.02,100
2702,10:41:21,$ 3387.63,175
2703,10:41:17,$ 3387.80,100
2704,10:41:17,$ 3387.69,100
2705,10:41:17,$ 3389.2199,300
2706,10:41:11,$ 3389.07,100
2707,10:41:05,$ 3389.415,100
2708,10:41:01,$ 3389.4525,100
2709,10:41:01,$ 3389.625,125
2710,10:40:58,$ 3390.60,100
2711,10:40:58,$ 3389.6375,100
2712,10:40:57,$ 3389.62,200
2714,10:40:47,$ 3389.24,100
2715,10:40:45,$ 3389.24,300
2716,10:40:39,$ 3389.07,100
2717,10:40:39,$ 3388.845,100
2718,10:40:38,$ 3389.88,100
2719,10:40:38,$ 3389.51,100
2720,10:40:38,$ 3388.84,100
2721,10:40:38,$ 3388.845,300
2722,10:40:38,$ 3389.54,200
2723,10:40:38,$ 3389.3925,100
2724,10:40:38,$ 3388.6675,100
2725,10:40:37,$ 3387.97,100
2726,10:40:33,$ 3389.18,100
2727,10:40:23,$ 3389.39,200
2728,10:40:19,$ 3389.4475,100
2729,10:40:19,$ 3389.4775,100
2730,10:40:19,$ 3389.4675,100
2731,10:40:19,$ 3389.415,100
2732,10:40:19,$ 3389.415,100
2733,10:40:19,$ 3389.415,100
2735,10:40:19,$ 3389.42,100
2736,10:40:19,$ 3389.415,100
2737,10:40:18,$ 3389.935,100
2738,10:40:18,$ 3389.925,100
2739,10:40:18,$ 3389.925,100
2740,10:40:18,$ 3389.925,100
2741,10:40:17,$ 3390.22,250
2742,10:40:16,$ 3390.00,427
2743,10:40:16,$ 3390.00,226
2744,10:40:16,$ 3390.00,100
2745,10:40:07,$ 3389.425,100
2746,10:40:05,$ 3388.235,200
2747,10:40:05,$ 3387.97,147
2748,10:40:03,$ 3387.00,100
2749,10:39:54,$ 3386.955,100
2750,10:39:43,$ 3387.24,100
2751,10:39:35,$ 3386.805,100
2752,10:39:35,$ 3387.535,100
2753,10:39:35,$ 3387.03,100
2754,10:39:35,$ 3387.21,100
2756,10:39:35,$ 3386.71,100
2757,10:39:35,$ 3386.71,100
2758,10:39:35,$ 3386.53,100
2759,10:39:35,$ 3386.46,100
2760,10:39:35,$ 3386.45,147
2761,10:39:29,$ 3386.95,100
2762,10:39:26,$ 3386.6143,885
2763,10:39:26,$ 3386.6112,115
2764,10:39:05,$ 3386.41,292
2765,10:39:05,$ 3386.41,142
2766,10:39:05,$ 3386.41,123
2767,10:39:05,$ 3386.41,100
2768,10:39:05,$ 3386.41,207
2769,10:38:58,$ 3386.18,100
2770,10:38:17,$ 3383.91,100
2771,10:38:17,$ 3383.915,100
2772,10:38:08,$ 3383.375,100
2773,10:38:03,$ 3383.91,269
2774,10:38:03,$ 3384.18,100
2775,10:38:00,$ 3384.88,100
2777,10:37:36,$ 3384.53,100
2778,10:37:23,$ 3386.08,100
2779,10:37:21,$ 3385.70,100
2780,10:37:19,$ 3385.75,240
2781,10:37:17,$ 3384.92,100
2782,10:37:17,$ 3383.93,100
2783,10:37:10,$ 3384.40,100
2784,10:36:18,$ 3385.665,100
2785,10:36:09,$ 3385.296,100
2786,10:35:34,$ 3383.9084,100
2787,10:35:31,$ 3384.00,100
2788,10:35:28,$ 3384.915,100
2789,10:35:22,$ 3385.19,100
2790,10:35:06,$ 3387.11,200
2791,10:35:04,$ 3386.81,100
2792,10:34:29,$ 3387.73,100
2793,10:34:24,$ 3386.76,100
2794,10:34:20,$ 3387.775,100
2795,10:34:19,$ 3387.07,100
2796,10:34:17,$ 3386.90,100
2798,10:34:15,$ 3387.00,100
2799,10:33:59,$ 3385.275,300
2800,10:33:49,$ 3383.57,100
2801,10:33:43,$ 3385.485,100
2802,10:33:42,$ 3386.10,100
2803,10:33:42,$ 3386.374,100
2804,10:33:42,$ 3386.0275,100
2805,10:32:43,$ 3385.02,100
2806,10:32:01,$ 3383.815,100
2807,10:32:01,$ 3383.88,100
2808,10:31:52,$ 3382.99,100
2809,10:31:52,$ 3383.15,100
2810,10:31:33,$ 3382.06,100
2811,10:31:32,$ 3382.025,100
2812,10:31:31,$ 3382.5714,100
2813,10:31:26,$ 3381.9675,100
2814,10:31:26,$ 3381.88,100
2815,10:31:26,$ 3381.97,100
2816,10:31:26,$ 3381.88,125
2817,10:31:25,$ 3381.89,100
2819,10:31:25,$ 3381.89,100
2820,10:31:13,$ 3381.455,100
2821,10:31:11,$ 3382.60,100
2822,10:31:11,$ 3382.60,100
2823,10:31:11,$ 3382.645,100
2824,10:31:11,$ 3383.29,100
2825,10:31:01,$ 3384.485,100
2826,10:31:01,$ 3384.485,125
2827,10:31:01,$ 3384.485,125
2828,10:31:00,$ 3385.01,100
2829,10:31:00,$ 3385.00,100
2830,10:31:00,$ 3385.00,100
2831,10:30:51,$ 3386.25,200
2832,10:30:51,$ 3386.25,125
2833,10:30:51,$ 3386.25,125
2834,10:30:51,$ 3386.25,125
2835,10:30:48,$ 3386.855,100
2836,10:30:48,$ 3387.65,100
2837,10:30:47,$ 3387.00,147
2838,10:30:47,$ 3387.32,130
2840,10:30:45,$ 3388.115,200
2841,10:30:39,$ 3388.07,100
2842,10:30:34,$ 3388.405,100
2843,10:30:34,$ 3388.405,125
2844,10:30:34,$ 3388.405,125
2845,10:30:34,$ 3388.405,125
2846,10:30:28,$ 3388.245,100
2847,10:30:25,$ 3388.245,100
2848,10:30:25,$ 3388.245,100
2849,10:30:20,$ 3389.17,100
2850,10:30:10,$ 3388.98,101
2852,11:29:53,$ 3389.17,100
2853,11:29:47,$ 3389.54,200
2854,11:29:27,$ 3389.8455,100
2855,11:29:15,$ 3390.7614,200
2856,11:29:15,$ 3389.76,110
2857,11:29:07,$ 3388.755,275
2858,11:29:06,$ 3389.78,100
2859,11:29:06,$ 3389.78,100
2860,11:29:06,$ 3389.77,100
2861,11:29:02,$ 3387.59,100
2862,11:28:58,$ 3388.73,100
2863,11:28:57,$ 3389.385,100
2864,11:28:50,$ 3389.8016,132
2865,11:28:36,$ 3389.35,100
2866,11:28:22,$ 3390.0855,100
2867,11:27:23,$ 3388.98,100
2868,11:27:23,$ 3388.30,100
2869,11:27:22,$ 3387.7258,200
2870,11:26:48,$ 3388.2999,100
2871,11:26:31,$ 3388.76,100
2873,11:26:23,$ 3388.69,150
2874,11:26:11,$ 3388.04,200
2875,11:26:02,$ 3388.15,318
2876,11:26:00,$ 3388.07,100
2877,11:25:42,$ 3388.38,200
2878,11:25:18,$ 3389.70,100
2879,11:25:18,$ 3389.75,114
2880,11:25:18,$ 3389.75,100
2881,11:25:12,$ 3390.305,200
2882,11:25:10,$ 3390.35,100
2883,11:25:04,$ 3390.40,100
2884,11:24:49,$ 3389.455,146
2885,11:24:03,$ 3391.20,100
2886,11:23:47,$ 3390.44,100
2887,11:23:47,$ 3390.41,100
2888,11:23:47,$ 3390.50,100
2889,11:23:47,$ 3390.41,100
2890,11:22:54,$ 3391.24,100
2891,11:22:53,$ 3392.045,200
2892,11:22:34,$ 3392.315,100
2894,11:22:18,$ 3392.37,100
2895,11:22:17,$ 3392.83,100
2896,11:22:17,$ 3392.83,100
2897,11:22:05,$ 3394.3439,135
2898,11:22:05,$ 3394.04,100
2899,11:22:01,$ 3394.30,100
2900,11:22:01,$ 3394.30,421
2901,11:22:01,$ 3394.30,100
2902,11:22:01,$ 3394.30,125
2903,11:21:58,$ 3394.30,100
2904,11:21:58,$ 3394.30,125
2905,11:21:57,$ 3394.30,100
2906,11:21:57,$ 3394.30,100
2907,11:21:56,$ 3394.30,100
2908,11:21:56,$ 3394.30,125
2909,11:21:56,$ 3394.30,100
2910,11:21:56,$ 3394.30,100
2911,11:21:56,$ 3394.30,100
2912,11:21:56,$ 3394.30,125
2913,11:21:56,$ 3394.30,125
2915,11:21:56,$ 3394.30,113
2916,11:21:56,$ 3393.19,100
2917,11:21:56,$ 3393.24,100
2918,11:21:54,$ 3393.17,100
2919,11:21:50,$ 3394.00,100
2920,11:21:06,$ 3392.09,100
2921,11:21:00,$ 3391.11,100
2922,11:20:55,$ 3390.09,100
2923,11:20:55,$ 3390.065,100
2924,11:20:55,$ 3390.215,100
2925,11:20:55,$ 3390.295,100
2926,11:20:45,$ 3391.61,145
2927,11:20:45,$ 3391.59,100
2928,11:20:42,$ 3392.25,200
2929,11:20:36,$ 3392.98,200
2930,11:20:35,$ 3393.55,100
2931,11:20:32,$ 3392.98,174
2932,11:20:16,$ 3392.64,200
2933,11:20:08,$ 3393.20,169
2934,11:20:01,$ 3393.5499,100
2936,11:19:56,$ 3392.41,100
2937,11:19:49,$ 3391.93,100
2938,11:19:49,$ 3392.01,174
2939,11:19:47,$ 3391.36,100
2940,11:19:33,$ 3391.90,100
2941,11:19:33,$ 3392.18,126
2942,11:19:30,$ 3392.445,100
2943,11:19:26,$ 3392.08,100
2944,11:19:16,$ 3391.64,200
2945,11:19:08,$ 3391.76,100
2946,11:18:59,$ 3391.95,100
2947,11:18:59,$ 3391.95,100
2948,11:18:45,$ 3392.135,100
2949,11:18:43,$ 3392.74,100
2950,11:18:34,$ 3393.38,100
2951,11:17:55,$ 3394.2634,300
2952,11:17:41,$ 3394.44,100
2953,11:17:29,$ 3394.952,500
2954,11:17:23,$ 3396.015,100
2955,11:17:23,$ 3395.93,100
2957,11:17:23,$ 3395.84,100
2958,11:17:23,$ 3395.955,100
2959,11:17:13,$ 3394.93,200
2960,11:17:09,$ 3395.00,100
2961,11:17:06,$ 3394.19,100
2962,11:17:04,$ 3394.19,100
2963,11:17:03,$ 3394.20,100
2964,11:16:08,$ 3392.32,100
2965,11:16:01,$ 3391.485,159
2966,11:15:54,$ 3391.36,100
2967,11:15:13,$ 3391.92,100
2968,11:14:15,$ 3392.69,100
2969,11:14:07,$ 3391.9301,105
2970,11:14:04,$ 3393.055,100
2971,11:13:54,$ 3394.22,100
2972,11:13:54,$ 3394.8473,100
2973,11:13:20,$ 3394.80,100
2974,11:13:13,$ 3394.51,100
2975,11:13:00,$ 3395.52,100
2976,11:13:00,$ 3396.49,100
2978,11:13:00,$ 3394.68,100
2979,11:13:00,$ 3393.98,100
2980,11:13:00,$ 3393.98,100
2981,11:13:00,$ 3393.55,100
2982,11:12:30,$ 3393.0317,300
2983,11:12:22,$ 3393.25,100
2984,11:12:21,$ 3393.00,100
2985,11:12:20,$ 3393.50,700
2986,11:12:17,$ 3393.51,700
2987,11:12:03,$ 3393.75,100
2988,11:11:58,$ 3393.62,100
2989,11:11:27,$ 3392.4576,140
2990,11:10:08,$ 3391.00,100
2991,11:09:35,$ 3393.30,100
2992,11:09:35,$ 3393.22,100
2993,11:09:35,$ 3393.21,147
2994,11:09:34,$ 3394.60,100
2995,11:09:31,$ 3394.95,100
2996,11:09:31,$ 3394.95,100
2997,11:09:25,$ 3395.26,"1,000"
2999,11:09:22,$ 3395.345,100
3000,11:09:21,$ 3395.37,100
3001,11:09:09,$ 3394.88,175
3002,11:09:02,$ 3393.1701,100
3003,11:08:52,$ 3393.93,100
3004,11:08:48,$ 3393.19,100
3005,11:08:30,$ 3394.095,100
3006,11:08:01,$ 3394.06,100
3007,11:07:46,$ 3393.50,132
3008,11:07:40,$ 3394.22,100
3009,11:07:40,$ 3395.9799,200
3010,11:07:39,$ 3393.51,100
3011,11:07:39,$ 3394.30,100
3012,11:07:34,$ 3395.36,117
3013,11:07:18,$ 3395.01,100
3014,11:07:12,$ 3395.08,108
3015,11:06:59,$ 3394.68,100
3016,11:06:59,$ 3394.72,100
3017,11:06:59,$ 3394.655,100
3018,11:06:59,$ 3394.71,100
3020,11:06:59,$ 3394.72,100
3021,11:06:45,$ 3393.58,100
3022,11:06:43,$ 3393.60,100
3023,11:06:41,$ 3393.735,100
3024,11:06:17,$ 3394.01,100
3025,11:06:16,$ 3394.01,900
3026,11:06:09,$ 3394.37,100
3027,11:06:09,$ 3394.32,100
3028,11:06:09,$ 3394.32,100
3029,11:06:09,$ 3394.36,100
3030,11:06:09,$ 3394.36,122
3031,11:06:08,$ 3393.28,100
3032,11:06:03,$ 3393.94,100
3033,11:05:59,$ 3393.435,100
3034,11:05:46,$ 3391.565,107
3035,11:05:46,$ 3391.75,100
3036,11:05:41,$ 3391.06,100
3037,11:05:28,$ 3390.91,100
3038,11:05:25,$ 3391.26,100
3039,11:05:22,$ 3390.43,100
3041,11:05:14,$ 3390.70,100
3042,11:04:44,$ 3389.825,100
3043,11:04:42,$ 3389.08,100
3044,11:04:42,$ 3388.92,100
3045,11:04:42,$ 3388.93,100
3046,11:04:11,$ 3388.98,100
3047,11:04:11,$ 3388.99,100
3048,11:02:38,$ 3386.85,100
3049,11:02:37,$ 3387.10,100
3050,11:02:03,$ 3387.40,100
3051,11:01:58,$ 3387.855,100
3052,11:01:58,$ 3388.39,100
3053,11:01:58,$ 3388.69,100
3054,11:01:29,$ 3387.37,100
3055,11:01:29,$ 3387.37,100
3056,11:01:28,$ 3388.70,100
3057,11:01:28,$ 3388.70,100
3058,11:01:28,$ 3388.70,100
3059,11:01:28,$ 3388.41,200
3060,11:01:28,$ 3388.70,100
3062,11:01:28,$ 3388.07,100
3063,11:01:17,$ 3388.00,200
3064,11:01:17,$ 3388.05,100
3065,11:01:17,$ 3388.01,100
3066,11:01:13,$ 3388.3528,145
3067,11:00:53,$ 3387.99,220
3068,11:00:44,$ 3389.25,100
3069,11:00:42,$ 3389.33,100
3070,11:00:19,$ 3386.88,100
3071,11:00:15,$ 3387.00,100
3072,11:00:15,$ 3385.95,100
3073,11:00:14,$ 3387.00,100
3074,11:00:14,$ 3386.35,100
3075,11:00:14,$ 3386.42,100
3076,11:00:14,$ 3386.99,100
3077,11:00:14,$ 3387.00,147
3078,11:00:14,$ 3387.00,100
3079,11:00:14,$ 3387.00,135
3080,11:00:01,$ 3385.45,100
3081,11:00:01,$ 3385.20,100
3083,11:59:43,$ 3389.80,100
3084,11:59:40,$ 3388.775,100
3085,11:59:26,$ 3388.51,100
3086,11:58:29,$ 3385.01,100
3087,11:58:27,$ 3385.70,100
3088,11:58:27,$ 3385.69,100
3089,11:58:26,$ 3386.02,100
3090,11:58:26,$ 3386.00,100
3091,11:58:24,$ 3386.02,100
3092,11:58:07,$ 3386.2674,100
3093,11:58:03,$ 3386.20,100
3094,11:58:03,$ 3386.03,100
3095,11:57:57,$ 3386.95,100
3096,11:57:36,$ 3386.68,100
3097,11:57:24,$ 3386.62,100
3098,11:57:11,$ 3386.84,100
3099,11:56:50,$ 3386.0616,200
3100,11:56:40,$ 3387.095,100
3101,11:56:35,$ 3386.00,400
3102,11:56:35,$ 3386.00,100
3104,11:56:26,$ 3385.02,100
3105,11:56:26,$ 3385.02,100
3106,11:56:08,$ 3385.58,125
3107,11:56:08,$ 3385.58,270
3108,11:55:54,$ 3385.449,150
3109,11:55:54,$ 3385.20,"1,665"
3110,11:55:54,$ 3385.199,150
3111,11:55:53,$ 3384.62,100
3112,11:55:49,$ 3384.337,500
3113,11:55:45,$ 3383.795,100
3114,11:55:44,$ 3382.71,100
3115,11:55:43,$ 3382.16,100
3116,11:55:37,$ 3381.99,100
3117,11:55:31,$ 3381.95,100
3118,11:55:30,$ 3381.95,100
3119,11:55:28,$ 3381.25,100
3120,11:55:21,$ 3380.873,500
3121,11:55:19,$ 3380.315,100
3122,11:55:16,$ 3379.16,100
3123,11:55:06,$ 3379.68,100
3125,11:54:42,$ 3380.00,100
3126,11:54:42,$ 3380.55,100
3127,11:54:35,$ 3381.075,150
3128,11:54:16,$ 3380.306,100
3129,11:52:24,$ 3382.135,100
3130,11:52:24,$ 3382.22,100
3131,11:51:04,$ 3380.65,100
3132,11:50:55,$ 3381.62,100
3133,11:50:54,$ 3382.00,100
3134,11:50:35,$ 3383.0768,239
3135,11:50:28,$ 3382.43,100
3136,11:50:28,$ 3382.34,100
3137,11:50:28,$ 3382.34,149
3138,11:50:28,$ 3382.34,100
3139,11:50:11,$ 3383.85,200
3140,11:50:05,$ 3383.441,100
3141,11:50:05,$ 3384.176,100
3142,11:49:16,$ 3383.2283,150
3143,11:49:10,$ 3383.66,100
3144,11:48:56,$ 3383.81,190
3146,11:48:29,$ 3384.29,100
3147,11:48:19,$ 3384.22,100
3148,11:48:06,$ 3383.8591,170
3149,11:47:50,$ 3383.875,100
3150,11:47:32,$ 3383.90,100
3151,11:47:32,$ 3383.91,100
3152,11:47:25,$ 3384.06,100
3153,11:47:20,$ 3383.50,187
3154,11:47:20,$ 3383.49,100
3155,11:47:16,$ 3383.11,198
3156,11:47:13,$ 3382.65,100
3157,11:46:31,$ 3381.5099,200
3158,11:46:12,$ 3381.93,100
3159,11:46:12,$ 3381.622,675
3160,11:46:12,$ 3382.29,100
3161,11:46:12,$ 3382.56,100
3162,11:46:05,$ 3382.30,100
3163,11:45:32,$ 3381.33,103
3164,11:44:33,$ 3382.4312,"1,317"
3165,11:44:24,$ 3382.62,163
3167,11:43:03,$ 3381.50,100
3168,11:43:03,$ 3381.97,100
3169,11:42:51,$ 3382.23,100
3170,11:42:38,$ 3382.115,100
3171,11:42:33,$ 3382.5713,143
3172,11:42:04,$ 3381.70,100
3173,11:41:52,$ 3381.11,100
3174,11:41:41,$ 3381.1102,200
3175,11:41:39,$ 3381.435,100
3176,11:41:39,$ 3381.45,100
3177,11:41:03,$ 3381.00,125
3178,11:40:51,$ 3381.575,210
3179,11:40:37,$ 3382.28,100
3180,11:40:34,$ 3382.29,100
3181,11:40:28,$ 3381.92,100
3182,11:40:28,$ 3381.92,100
3183,11:40:22,$ 3381.96,100
3184,11:40:20,$ 3381.665,100
3185,11:40:20,$ 3381.35,100
3186,11:40:20,$ 3382.00,100
3188,11:40:20,$ 3382.00,100
3189,11:40:20,$ 3382.00,125
3190,11:40:19,$ 3382.355,100
3191,11:40:18,$ 3382.3525,400
3192,11:40:05,$ 3382.66,100
3193,11:39:56,$ 3382.675,100
3194,11:39:30,$ 3382.831,200
3195,11:39:13,$ 3382.00,100
3196,11:39:13,$ 3382.2284,500
3197,11:39:13,$ 3382.47,200
3198,11:38:45,$ 3384.20,100
3199,11:38:45,$ 3384.25,187
3200,11:38:45,$ 3384.25,102
3201,11:38:36,$ 3383.935,200
3202,11:38:28,$ 3383.9416,100
3203,11:38:28,$ 3383.9416,100
3204,11:38:28,$ 3384.13,100
3205,11:38:28,$ 3384.39,100
3206,11:38:14,$ 3383.86,200
3207,11:38:08,$ 3384.05,100
3209,11:38:08,$ 3384.10,100
3210,11:37:45,$ 3384.178,500
3211,11:37:25,$ 3384.88,100
3212,11:37:23,$ 3385.34,200
3213,11:37:18,$ 3385.45,100
3214,11:37:15,$ 3385.86,100
3215,11:37:05,$ 3386.19,100
3216,11:37:05,$ 3386.24,154
3217,11:37:05,$ 3386.24,100
3218,11:37:05,$ 3386.24,100
3219,11:37:03,$ 3385.865,"1,000"
3220,11:36:27,$ 3387.80,100
3221,11:36:22,$ 3387.24,100
3222,11:36:17,$ 3386.99,100
3223,11:35:25,$ 3388.98,100
3224,11:35:13,$ 3388.0575,100
3225,11:34:43,$ 3390.195,118
3226,11:34:43,$ 3390.01,117
3227,11:34:28,$ 3389.88,100
3228,11:34:05,$ 3390.50,100
3230,11:34:05,$ 3390.94,100
3231,11:34:05,$ 3390.96,100
3232,11:34:05,$ 3390.80,100
3233,11:34:05,$ 3390.94,100
3234,11:34:05,$ 3390.86,100
3235,11:34:05,$ 3390.90,100
3236,11:34:05,$ 3390.93,100
3237,11:34:04,$ 3390.51,175
3238,11:34:03,$ 3390.507,500
3239,11:33:59,$ 3390.50,200
3240,11:33:58,$ 3390.1387,100
3241,11:33:48,$ 3390.7799,205
3242,11:33:38,$ 3388.98,100
3243,11:33:37,$ 3388.93,100
3244,11:33:37,$ 3389.09,105
3245,11:33:32,$ 3388.493,372
3246,11:33:32,$ 3388.493,125
3247,11:32:11,$ 3390.495,100
3248,11:32:10,$ 3390.505,100
3249,11:32:03,$ 3390.585,100
3251,11:32:03,$ 3390.65,100
3252,11:31:55,$ 3390.97,100
3253,11:31:48,$ 3390.95,100
3254,11:31:35,$ 3389.835,100
3255,11:31:30,$ 3390.695,100
3256,11:31:30,$ 3390.40,194
3257,11:31:30,$ 3390.40,434
3258,11:31:30,$ 3390.40,187
3259,11:31:20,$ 3390.0316,150
3260,11:31:07,$ 3390.35,100
3261,11:31:03,$ 3390.30,100
3263,12:29:26,$ 3399.00,100
3264,12:29:26,$ 3399.00,122
3265,12:29:24,$ 3399.445,100
3266,12:29:08,$ 3399.8137,100
3267,12:28:49,$ 3399.077,100
3268,12:28:40,$ 3398.9757,100
3269,12:28:38,$ 3398.295,100
3270,12:28:38,$ 3398.01,100
3271,12:28:38,$ 3398.01,100
3272,12:28:13,$ 3397.16,100
3273,12:28:12,$ 3398.31,150
3274,12:28:11,$ 3397.605,100
3275,12:28:09,$ 3398.20,100
3276,12:28:09,$ 3398.05,100
3277,12:27:47,$ 3399.22,100
3278,12:27:47,$ 3399.00,200
3279,12:27:34,$ 3399.05,100
3280,12:26:59,$ 3399.3599,499
3281,12:26:40,$ 3398.88,111
3282,12:26:30,$ 3398.53,150
3284,12:26:29,$ 3398.39,100
3285,12:26:29,$ 3398.515,100
3286,12:26:20,$ 3398.4135,100
3287,12:25:30,$ 3395.9201,100
3288,12:25:23,$ 3396.775,100
3289,12:25:16,$ 3397.33,100
3290,12:25:16,$ 3396.97,100
3291,12:25:16,$ 3397.2325,100
3292,12:25:01,$ 3396.16,100
3293,12:24:58,$ 3395.36,100
3294,12:24:58,$ 3395.37,124
3295,12:24:20,$ 3396.48,100
3296,12:24:20,$ 3396.479,100
3297,12:24:20,$ 3396.26,100
3298,12:24:16,$ 3395.6836,100
3299,12:23:50,$ 3395.13,100
3300,12:23:25,$ 3395.13,100
3301,12:22:53,$ 3395.329,100
3302,12:22:40,$ 3394.72,190
3303,12:22:40,$ 3394.56,100
3305,12:22:40,$ 3394.81,100
3306,12:21:33,$ 3395.06,100
3307,12:21:19,$ 3395.6913,290
3308,12:20:44,$ 3396.49,100
3309,12:20:12,$ 3396.19,100
3310,12:20:11,$ 3397.16,100
3311,12:19:57,$ 3396.65,100
3312,12:19:34,$ 3397.00,100
3313,12:19:25,$ 3397.2264,290
3314,12:19:11,$ 3396.634,375
3315,12:19:11,$ 3396.97,100
3316,12:19:07,$ 3396.555,100
3317,12:19:01,$ 3397.47,100
3318,12:18:48,$ 3397.26,100
3319,12:18:43,$ 3397.00,100
3320,12:18:27,$ 3397.25,200
3321,12:18:27,$ 3397.01,100
3322,12:18:27,$ 3397.01,125
3323,12:18:21,$ 3397.685,100
3324,12:18:20,$ 3397.875,100
3326,12:18:05,$ 3398.01,100
3327,12:18:05,$ 3397.99,100
3328,12:18:04,$ 3398.395,700
3329,12:17:40,$ 3399.51,100
3330,12:17:40,$ 3399.51,100
3331,12:17:40,$ 3399.02,100
3332,12:17:40,$ 3399.00,100
3333,12:17:40,$ 3398.815,100
3334,12:17:19,$ 3397.001,100
3335,12:17:19,$ 3398.04,100
3336,12:16:59,$ 3398.60,100
3337,12:16:59,$ 3398.51,100
3338,12:16:59,$ 3398.51,280
3339,12:16:56,$ 3399.10,100
3340,12:16:44,$ 3398.68,100
3341,12:16:44,$ 3398.68,213
3342,12:16:43,$ 3399.09,900
3343,12:16:28,$ 3400.9899,100
3344,12:16:20,$ 3400.00,100
3345,12:16:20,$ 3399.97,100
3347,12:16:20,$ 3400.00,187
3348,12:16:20,$ 3400.01,100
3349,12:16:20,$ 3400.00,119
3350,12:16:20,$ 3399.86,100
3351,12:16:20,$ 3399.97,100
3352,12:16:20,$ 3399.98,100
3353,12:16:20,$ 3400.00,100
3354,12:16:20,$ 3400.00,200
3355,12:16:20,$ 3400.00,119
3356,12:16:11,$ 3399.50,100
3357,12:16:05,$ 3398.99,100
3358,12:15:56,$ 3397.97,100
3359,12:15:56,$ 3398.00,100
3360,12:15:47,$ 3397.65,200
3361,12:15:44,$ 3397.96,100
3362,12:15:39,$ 3397.79,100
3363,12:15:22,$ 3397.27,300
3364,12:15:15,$ 3397.00,100
3365,12:15:13,$ 3396.48,100
3366,12:15:12,$ 3395.98,100
3368,12:15:11,$ 3396.00,100
3369,12:14:57,$ 3395.495,100
3370,12:14:52,$ 3395.445,100
3371,12:14:32,$ 3394.95,100
3372,12:14:31,$ 3394.92,100
3373,12:14:27,$ 3394.83,100
3374,12:14:27,$ 3395.00,900
3375,12:14:27,$ 3395.00,100
3376,12:14:25,$ 3394.80,100
3377,12:13:42,$ 3392.02,100
3378,12:13:40,$ 3393.85,100
3379,12:13:32,$ 3392.87,100
3380,12:12:24,$ 3393.29,100
3381,12:11:48,$ 3393.37,100
3382,12:11:44,$ 3393.06,100
3383,12:11:05,$ 3391.40,100
3384,12:11:05,$ 3391.42,100
3385,12:10:44,$ 3391.38,100
3386,12:10:21,$ 3390.48,100
3387,12:09:51,$ 3389.46,100
3389,12:09:45,$ 3390.60,100
3390,12:09:42,$ 3390.03,100
3391,12:09:42,$ 3389.77,100
3392,12:09:35,$ 3389.41,100
3393,12:09:35,$ 3389.46,100
3394,12:09:35,$ 3389.125,100
3395,12:09:32,$ 3389.46,100
3396,12:09:32,$ 3389.535,100
3397,12:09:21,$ 3389.565,100
3398,12:09:17,$ 3389.525,100
3399,12:09:16,$ 3390.00,900
3400,12:08:46,$ 3390.70,100
3401,12:08:45,$ 3391.46,266
3402,12:08:45,$ 3391.46,311
3403,12:08:45,$ 3391.46,125
3404,12:08:41,$ 3391.88,100
3405,12:08:41,$ 3392.26,100
3406,12:08:32,$ 3392.19,100
3407,12:08:22,$ 3392.60,100
3408,12:08:02,$ 3393.91,100
3410,12:07:30,$ 3393.415,200
3411,12:06:50,$ 3393.63,100
3412,12:06:47,$ 3394.648,184
3413,12:06:47,$ 3393.975,450
3414,12:06:35,$ 3393.23,100
3415,12:06:18,$ 3393.475,100
3416,12:06:16,$ 3393.635,100
3417,12:06:16,$ 3393.635,100
3418,12:06:16,$ 3393.24,100
3419,12:06:16,$ 3393.24,100
3420,12:06:16,$ 3393.25,100
3421,12:06:16,$ 3393.53,100
3422,12:06:13,$ 3392.79,100
3423,12:06:13,$ 3392.57,100
3424,12:06:13,$ 3392.77,100
3425,12:06:13,$ 3392.97,100
3426,12:06:13,$ 3392.765,100
3427,12:06:13,$ 3392.61,100
3428,12:06:13,$ 3392.60,100
3429,12:06:13,$ 3392.62,100
3431,12:06:13,$ 3392.67,100
3432,12:06:13,$ 3392.89,100
3433,12:06:13,$ 3392.92,100
3434,12:06:13,$ 3392.95,100
3435,12:06:13,$ 3392.95,100
3436,12:06:13,$ 3392.97,123
3437,12:06:02,$ 3391.86,100
3438,12:06:02,$ 3392.00,100
3439,12:06:02,$ 3391.93,100
3440,12:06:02,$ 3391.82,244
3441,12:06:02,$ 3392.25,100
3442,12:06:02,$ 3392.07,100
3443,12:06:02,$ 3392.52,100
3444,12:06:02,$ 3392.80,100
3445,12:06:02,$ 3392.62,100
3446,12:06:02,$ 3392.52,100
3447,12:06:02,$ 3393.14,100
3448,12:06:02,$ 3393.71,100
3449,12:06:02,$ 3393.701,100
3450,12:06:02,$ 3393.86,300
3452,12:06:02,$ 3393.69,100
3453,12:06:02,$ 3393.68,100
3454,12:06:02,$ 3393.74,100
3455,12:06:02,$ 3393.78,100
3456,12:06:02,$ 3393.71,100
3457,12:06:02,$ 3393.70,100
3458,12:06:02,$ 3393.70,100
3459,12:06:02,$ 3394.42,100
3460,12:06:01,$ 3394.09,100
3461,12:05:54,$ 3392.96,100
3462,12:05:50,$ 3393.655,100
3463,12:05:44,$ 3392.89,100
3464,12:05:44,$ 3392.89,100
3465,12:05:28,$ 3391.7193,100
3466,12:04:37,$ 3394.22,100
3467,12:04:37,$ 3394.16,100
3468,12:04:11,$ 3393.41,100
3469,12:02:56,$ 3393.189,100
3470,12:02:56,$ 3392.73,100
3471,12:02:16,$ 3392.31,100
3473,12:01:34,$ 3393.00,100
3474,12:01:31,$ 3392.17,100
3475,12:01:13,$ 3392.17,100
3476,12:01:13,$ 3391.61,100
3477,12:01:13,$ 3391.87,100
3478,12:01:09,$ 3390.99,100
3479,12:00:57,$ 3389.67,100
3480,12:00:34,$ 3388.886,100
3482,12:59:58,$ 3414.69,100
3483,12:59:57,$ 3415.37,300
3484,12:59:39,$ 3416.39,100
3485,12:59:25,$ 3417.87,175
3486,12:59:25,$ 3418.28,100
3487,12:59:23,$ 3417.255,300
3488,12:59:21,$ 3417.20,100
3489,12:59:21,$ 3417.23,100
3490,12:59:21,$ 3417.25,100
3491,12:59:11,$ 3418.3899,400
3492,12:59:10,$ 3417.23,100
3493,12:59:10,$ 3417.29,500
3494,12:59:05,$ 3417.21,100
3495,12:59:02,$ 3417.9499,100
3496,12:58:59,$ 3417.03,100
3497,12:58:56,$ 3417.95,100
3498,12:58:56,$ 3417.99,100
3499,12:58:52,$ 3417.84,300
3500,12:58:28,$ 3418.425,100
3501,12:58:28,$ 3418.405,100
3503,12:58:28,$ 3418.395,100
3504,12:58:28,$ 3418.345,100
3505,12:58:28,$ 3418.44,100
3506,12:58:25,$ 3416.735,100
3507,12:58:21,$ 3417.2984,200
3508,12:58:14,$ 3417.17,100
3509,12:58:11,$ 3416.42,100
3510,12:58:10,$ 3417.095,100
3511,12:57:56,$ 3416.445,105
3512,12:57:55,$ 3416.78,100
3513,12:57:53,$ 3416.505,100
3514,12:57:51,$ 3416.59,100
3515,12:57:45,$ 3416.8195,100
3516,12:57:42,$ 3416.51,100
3517,12:57:41,$ 3416.51,100
3518,12:57:41,$ 3416.9399,100
3519,12:57:41,$ 3416.31,100
3520,12:57:41,$ 3416.28,100
3521,12:57:36,$ 3416.27,100
3522,12:57:35,$ 3416.8643,100
3524,12:57:35,$ 3416.3744,100
3525,12:57:32,$ 3416.07,100
3526,12:57:32,$ 3416.07,124
3527,12:57:31,$ 3415.97,734
3528,12:57:26,$ 3416.325,100
3529,12:57:26,$ 3416.11,130
3530,12:57:24,$ 3415.65,100
3531,12:57:24,$ 3416.32,100
3532,12:57:23,$ 3415.65,100
3533,12:57:21,$ 3416.066,"1,000"
3534,12:57:15,$ 3415.54,100
3535,12:57:14,$ 3415.16,187
3536,12:57:14,$ 3415.01,100
3537,12:57:14,$ 3414.62,100
3538,12:57:12,$ 3414.155,100
3539,12:57:05,$ 3414.19,100
3540,12:57:02,$ 3415.17,100
3541,12:57:02,$ 3415.15,200
3542,12:57:02,$ 3415.15,800
3543,12:57:01,$ 3414.83,100
3545,12:57:01,$ 3414.96,100
3546,12:57:01,$ 3415.00,100
3547,12:57:00,$ 3414.515,300
3548,12:56:59,$ 3414.08,100
3549,12:56:59,$ 3414.05,100
3550,12:56:58,$ 3413.87,100
3551,12:56:58,$ 3414.46,100
3552,12:56:58,$ 3414.48,100
3553,12:56:58,$ 3414.38,100
3554,12:56:52,$ 3413.00,100
3555,12:56:52,$ 3412.94,100
3556,12:56:52,$ 3412.95,100
3557,12:56:52,$ 3412.95,900
3558,12:56:45,$ 3412.94,100
3559,12:56:43,$ 3412.70,100
3560,12:56:43,$ 3412.92,100
3561,12:56:43,$ 3412.92,100
3562,12:56:43,$ 3412.92,100
3563,12:56:35,$ 3412.34,100
3564,12:56:35,$ 3411.72,100
3566,12:56:32,$ 3412.05,100
3567,12:56:31,$ 3412.325,290
3568,12:56:31,$ 3412.09,100
3569,12:56:29,$ 3412.3967,267
3570,12:56:28,$ 3411.655,250
3571,12:56:23,$ 3411.35,100
3572,12:56:23,$ 3411.35,100
3573,12:56:20,$ 3411.55,100
3574,12:56:20,$ 3410.83,100
3575,12:56:16,$ 3410.00,100
3576,12:56:16,$ 3410.00,962
3577,12:56:15,$ 3409.735,100
3578,12:56:15,$ 3409.86,100
3579,12:56:09,$ 3409.40,100
3580,12:56:09,$ 3409.40,100
3581,12:56:09,$ 3409.1293,100
3582,12:55:22,$ 3409.37,100
3583,12:55:22,$ 3409.39,100
3584,12:55:22,$ 3409.4265,100
3585,12:55:22,$ 3409.29,100
3587,12:55:22,$ 3409.21,100
3588,12:54:45,$ 3408.77,186
3589,12:54:34,$ 3409.03,100
3590,12:54:29,$ 3409.01,123
3591,12:54:25,$ 3408.93,100
3592,12:54:25,$ 3408.92,100
3593,12:54:21,$ 3408.85,151
3594,12:54:20,$ 3409.00,318
3595,12:53:43,$ 3407.99,100
3596,12:53:43,$ 3408.01,100
3597,12:53:34,$ 3407.42,100
3598,12:53:26,$ 3408.00,100
3599,12:53:21,$ 3407.6231,300
3600,12:53:09,$ 3408.43,200
3601,12:53:05,$ 3408.32,100
3602,12:53:05,$ 3408.31,113
3603,12:53:04,$ 3408.33,100
3604,12:53:04,$ 3408.15,100
3605,12:53:01,$ 3407.35,100
3606,12:53:01,$ 3407.975,100
3608,12:52:46,$ 3407.512,100
3609,12:52:46,$ 3407.96,100
3610,12:52:41,$ 3407.925,100
3611,12:52:24,$ 3407.67,100
3612,12:52:10,$ 3408.00,100
3613,12:51:33,$ 3408.38,100
3614,12:51:18,$ 3408.79,100
3615,12:51:16,$ 3408.57,100
3616,12:51:16,$ 3408.78,215
3617,12:51:16,$ 3408.73,100
3618,12:50:55,$ 3408.00,300
3619,12:50:36,$ 3407.72,500
3620,12:50:25,$ 3407.75,100
3621,12:50:25,$ 3407.76,100
3622,12:50:24,$ 3407.27,100
3623,12:50:00,$ 3407.70,100
3624,12:49:37,$ 3407.01,100
3625,12:49:37,$ 3406.99,100
3626,12:49:37,$ 3407.58,100
3627,12:49:34,$ 3407.75,100
3629,12:49:34,$ 3407.675,100
3630,12:49:18,$ 3407.63,100
3631,12:49:17,$ 3407.27,100
3632,12:49:12,$ 3407.14,272
3633,12:48:48,$ 3406.946,250
3634,12:48:40,$ 3406.69,100
3635,12:48:09,$ 3406.17,300
3636,12:48:02,$ 3405.83,100
3637,12:47:50,$ 3406.51,100
3638,12:47:50,$ 3405.52,100
3639,12:47:50,$ 3405.00,100
3640,12:47:50,$ 3405.52,100
3641,12:47:50,$ 3405.50,126
3642,12:47:50,$ 3405.52,100
3643,12:47:49,$ 3404.69,300
3644,12:47:45,$ 3404.829,236
3645,12:47:37,$ 3403.96,100
3646,12:47:37,$ 3405.23,100
3647,12:47:37,$ 3405.2301,150
3648,12:47:32,$ 3406.00,318
3650,12:47:08,$ 3406.87,100
3651,12:46:36,$ 3408.00,100
3652,12:46:36,$ 3408.28,100
3653,12:46:36,$ 3408.28,289
3654,12:46:27,$ 3408.02,100
3655,12:46:22,$ 3408.65,300
3656,12:46:20,$ 3409.02,100
3657,12:46:12,$ 3408.09,100
3658,12:46:11,$ 3408.34,100
3659,12:46:11,$ 3408.51,100
3660,12:45:59,$ 3408.64,100
3661,12:45:57,$ 3408.74,232
3662,12:45:56,$ 3408.67,100
3663,12:45:52,$ 3409.02,100
3664,12:45:52,$ 3408.925,100
3665,12:45:52,$ 3408.96,100
3666,12:45:52,$ 3409.00,100
3667,12:45:52,$ 3409.02,100
3668,12:45:52,$ 3409.015,100
3669,12:45:39,$ 3408.5825,100
3671,12:45:26,$ 3407.88,100
3672,12:45:26,$ 3407.41,100
3673,12:45:26,$ 3407.40,100
3674,12:45:26,$ 3407.16,100
3675,12:45:26,$ 3407.30,100
3676,12:45:26,$ 3407.41,100
3677,12:45:26,$ 3407.22,100
3678,12:45:26,$ 3406.89,100
3679,12:45:17,$ 3407.77,100
3680,12:45:02,$ 3406.85,100
3681,12:45:02,$ 3407.00,100
3682,12:45:02,$ 3407.00,123
3683,12:45:00,$ 3407.74,100
3684,12:44:54,$ 3407.38,100
3685,12:44:49,$ 3407.115,145
3686,12:44:47,$ 3406.8636,100
3687,12:44:29,$ 3405.70,100
3688,12:43:40,$ 3407.9996,100
3689,12:43:26,$ 3407.695,100
3690,12:43:26,$ 3407.99,100
3692,12:43:23,$ 3407.74,100
3693,12:43:20,$ 3407.4187,100
3694,12:43:03,$ 3407.42,100
3695,12:43:03,$ 3407.35,100
3696,12:43:03,$ 3407.72,100
3697,12:42:54,$ 3407.6612,100
3698,12:42:42,$ 3407.88,100
3699,12:42:42,$ 3407.15,100
3700,12:42:10,$ 3407.0704,100
3701,12:42:09,$ 3406.104,100
3702,12:42:03,$ 3405.775,100
3703,12:41:46,$ 3405.00,170
3704,12:41:45,$ 3405.00,100
3705,12:41:42,$ 3403.75,100
3706,12:41:37,$ 3402.69,181
3707,12:41:37,$ 3402.69,109
3708,12:41:02,$ 3402.51,100
3709,12:40:36,$ 3402.64,100
3710,12:40:20,$ 3402.50,127
3711,12:40:11,$ 3402.40,100
3713,12:40:11,$ 3402.52,100
3714,12:40:10,$ 3402.09,100
3715,12:39:58,$ 3401.995,100
3716,12:39:53,$ 3402.36,145
3717,12:39:50,$ 3401.63,100
3718,12:39:18,$ 3402.16,134
3719,12:39:12,$ 3403.16,100
3720,12:39:07,$ 3403.705,100
3721,12:38:55,$ 3403.695,100
3722,12:38:45,$ 3403.825,100
3723,12:38:44,$ 3403.825,900
3724,12:38:32,$ 3403.835,100
3725,12:38:06,$ 3404.055,100
3726,12:38:05,$ 3404.055,100
3727,12:38:04,$ 3404.42,100
3728,12:38:04,$ 3404.03,100
3729,12:38:04,$ 3403.83,100
3730,12:38:03,$ 3403.165,100
3731,12:38:02,$ 3403.35,100
3732,12:38:02,$ 3403.35,100
3734,12:37:37,$ 3402.395,100
3735,12:37:37,$ 3402.395,100
3736,12:37:37,$ 3402.395,100
3737,12:37:37,$ 3402.9796,300
3738,12:37:37,$ 3403.35,100
3739,12:37:37,$ 3402.41,242
3740,12:37:37,$ 3401.72,100
3741,12:37:36,$ 3401.69,100
3742,12:37:36,$ 3401.70,100
3743,12:37:36,$ 3401.655,100
3744,12:37:01,$ 3401.1933,119
3745,12:36:33,$ 3400.7698,106
3746,12:36:30,$ 3401.6284,100
3747,12:36:26,$ 3400.895,100
3748,12:36:15,$ 3400.105,200
3749,12:35:59,$ 3399.475,100
3750,12:35:50,$ 3399.35,100
3751,12:35:35,$ 3400.275,100
3752,12:35:32,$ 3400.255,100
3753,12:35:26,$ 3400.245,100
3755,12:35:23,$ 3400.33,100
3756,12:34:43,$ 3399.03,100
3757,12:34:26,$ 3398.12,100
3758,12:32:57,$ 3400.995,100
3759,12:32:57,$ 3400.00,100
3760,12:32:52,$ 3399.68,100
3761,12:32:52,$ 3399.00,100
3762,12:32:52,$ 3399.02,100
3763,12:32:52,$ 3399.11,100
3764,12:32:52,$ 3399.21,100
3765,12:32:52,$ 3399.075,100
3766,12:32:52,$ 3398.93,100
3767,12:32:13,$ 3396.775,818
3768,12:31:10,$ 3396.882,125
3769,12:31:07,$ 3396.765,100
3770,12:30:54,$ 3397.02,100
3771,12:30:52,$ 3397.43,100
3772,12:30:48,$ 3397.915,100
3773,12:30:36,$ 3398.24,100
3774,12:30:18,$ 3398.035,100
3776,13:29:57,$ 3432.33,100
3777,13:29:57,$ 3432.204,250
3778,13:29:41,$ 3432.09,100
3779,13:29:39,$ 3430.83,200
3780,13:29:37,$ 3430.34,100
3781,13:29:35,$ 3430.4325,100
3782,13:29:34,$ 3430.02,100
3783,13:29:34,$ 3430.00,100
3784,13:29:34,$ 3430.37,100
3785,13:29:31,$ 3431.74,100
3786,13:29:31,$ 3432.375,100
3787,13:29:31,$ 3431.34,100
3788,13:29:31,$ 3432.25,100
3789,13:29:31,$ 3433.42,100
3790,13:29:31,$ 3432.48,100
3791,13:29:31,$ 3433.655,100
3792,13:29:31,$ 3432.01,100
3793,13:29:31,$ 3432.26,100
3794,13:29:31,$ 3432.99,100
3795,13:29:31,$ 3432.77,100
3797,13:29:31,$ 3432.45,100
3798,13:29:25,$ 3434.05,100
3799,13:29:24,$ 3433.86,100
3800,13:29:24,$ 3434.52,100
3801,13:29:24,$ 3433.94,100
3802,13:29:22,$ 3434.755,100
3803,13:29:21,$ 3434.56,100
3804,13:29:18,$ 3434.72,107
3805,13:29:18,$ 3434.72,106
3806,13:28:58,$ 3435.495,100
3807,13:28:56,$ 3435.779,250
3808,13:28:53,$ 3436.08,200
3809,13:28:53,$ 3435.5425,100
3810,13:28:52,$ 3436.2118,200
3811,13:28:45,$ 3435.75,500
3812,13:28:40,$ 3436.21,138
3813,13:28:38,$ 3435.40,100
3814,13:28:38,$ 3435.44,100
3815,13:28:35,$ 3436.84,145
3816,13:28:10,$ 3435.855,100
3818,13:28:04,$ 3436.22,100
3819,13:28:03,$ 3436.3733,100
3820,13:28:03,$ 3435.74,100
3821,13:28:02,$ 3435.74,100
3822,13:28:00,$ 3435.465,"1,000"
3823,13:27:57,$ 3434.67,100
3824,13:27:53,$ 3435.10,100
3825,13:27:49,$ 3434.90,100
3826,13:27:49,$ 3434.4617,120
3827,13:27:48,$ 3435.3825,100
3828,13:27:41,$ 3435.69,100
3829,13:27:32,$ 3435.85,100
3830,13:27:32,$ 3435.54,100
3831,13:27:32,$ 3436.15,107
3832,13:27:32,$ 3436.5625,100
3833,13:27:27,$ 3436.31,100
3834,13:27:26,$ 3437.00,100
3835,13:27:26,$ 3437.00,100
3836,13:27:18,$ 3436.17,100
3837,13:27:18,$ 3436.18,100
3839,13:27:14,$ 3435.715,100
3840,13:27:08,$ 3436.45,100
3841,13:27:08,$ 3436.45,100
3842,13:27:08,$ 3436.39,100
3843,13:27:07,$ 3435.87,150
3844,13:27:06,$ 3436.2668,100
3845,13:27:05,$ 3436.26,100
3846,13:26:59,$ 3436.255,"1,200"
3847,13:26:59,$ 3436.00,101
3848,13:26:47,$ 3435.38,350
3849,13:26:33,$ 3435.1583,100
3850,13:26:31,$ 3434.289,100
3851,13:26:31,$ 3434.54,100
3852,13:26:14,$ 3435.14,500
3853,13:26:05,$ 3435.06,"1,000"
3854,13:26:01,$ 3435.00,100
3855,13:25:52,$ 3435.67,100
