,NLS Time (ET),NLS Price,NLS Share Volume
1,09:59:58,$ 3212.00,100
2,09:59:58,$ 3211.56,100
3,09:59:55,$ 3211.00,100
4,09:59:55,$ 3211.00,100
5,09:59:52,$ 3210.78,100
6,09:59:52,$ 3210.78,100
7,09:59:44,$ 3211.00,100
8,09:59:43,$ 3211.00,100
9,09:59:43,$ 3211.00,100
10,09:59:43,$ 3211.00,100
11,09:59:43,$ 3211.00,100
12,09:59:43,$ 3211.00,100
13,09:59:43,$ 3211.00,148
14,09:59:41,$ 3211.00,100
15,09:59:41,$ 3211.00,100
16,09:59:40,$ 3211.00,100
17,09:59:15,$ 3212.29,100
18,09:59:09,$ 3212.01,100
19,09:59:05,$ 3212.52,100
20,09:59:03,$ 3212.98,100
22,09:59:03,$ 3213.00,200
23,09:58:55,$ 3213.445,100
24,09:58:31,$ 3212.69,100
25,09:58:29,$ 3213.03,100
26,09:58:25,$ 3213.68,100
27,09:58:24,$ 3214.50,100
28,09:58:19,$ 3212.9901,200
29,09:58:08,$ 3212.40,100
30,09:57:42,$ 3212.41,100
31,09:57:31,$ 3211.00,100
32,09:57:26,$ 3211.39,100
33,09:57:10,$ 3212.02,100
34,09:57:07,$ 3212.675,170
35,09:57:02,$ 3212.48,100
36,09:57:02,$ 3212.44,100
37,09:56:56,$ 3212.56,100
38,09:56:47,$ 3213.08,100
39,09:56:30,$ 3213.24,150
40,09:56:23,$ 3213.00,100
41,09:56:17,$ 3212.9378,140
43,09:56:13,$ 3212.97,100
44,09:56:10,$ 3213.3581,150
45,09:56:05,$ 3213.50,362
46,09:56:05,$ 3213.98,100
47,09:56:05,$ 3214.02,269
48,09:56:05,$ 3213.48,100
49,09:56:02,$ 3211.53,"1,000"
50,09:55:42,$ 3209.80,100
51,09:55:10,$ 3210.91,100
52,09:55:09,$ 3211.46,100
53,09:55:00,$ 3210.15,100
54,09:54:42,$ 3210.49,100
55,09:54:37,$ 3209.61,100
56,09:54:29,$ 3210.43,100
57,09:54:21,$ 3211.51,100
58,09:54:19,$ 3210.74,"1,986"
59,09:54:19,$ 3210.06,100
60,09:54:19,$ 3211.00,324
61,09:54:16,$ 3213.50,100
62,09:54:16,$ 3213.50,113
64,09:54:16,$ 3213.50,254
65,09:53:51,$ 3211.995,750
66,09:53:29,$ 3211.68,100
67,09:53:28,$ 3213.31,100
68,09:53:28,$ 3213.49,300
69,09:53:27,$ 3213.00,294
70,09:53:27,$ 3213.00,375
71,09:53:25,$ 3213.9104,200
72,09:52:58,$ 3213.00,"1,800"
73,09:52:58,$ 3213.00,170
74,09:52:58,$ 3212.50,100
75,09:52:58,$ 3212.51,100
76,09:52:54,$ 3213.30,100
77,09:52:45,$ 3211.93,100
78,09:52:45,$ 3211.91,100
79,09:52:42,$ 3211.91,100
80,09:52:41,$ 3211.75,100
81,09:52:39,$ 3211.78,100
82,09:52:39,$ 3211.80,100
83,09:52:39,$ 3212.12,100
85,09:52:33,$ 3212.49,100
86,09:52:28,$ 3212.6113,143
87,09:52:28,$ 3212.6113,307
88,09:52:21,$ 3213.85,100
89,09:52:18,$ 3213.4413,500
90,09:52:12,$ 3212.49,100
91,09:52:05,$ 3212.69,100
92,09:51:56,$ 3211.97,100
93,09:51:53,$ 3212.73,100
94,09:51:48,$ 3212.96,110
95,09:51:48,$ 3213.01,109
96,09:51:43,$ 3211.74,100
97,09:51:42,$ 3212.90,100
98,09:51:42,$ 3212.90,100
99,09:51:42,$ 3213.025,100
100,09:51:42,$ 3213.025,100
101,09:51:42,$ 3213.2475,100
102,09:51:37,$ 3213.01,100
103,09:51:25,$ 3213.57,100
104,09:51:25,$ 3213.80,100
106,09:51:22,$ 3214.34,100
107,09:50:59,$ 3215.87,100
108,09:50:50,$ 3215.38,100
109,09:50:49,$ 3215.22,169
110,09:50:24,$ 3216.17,100
111,09:50:17,$ 3216.17,121
112,09:50:08,$ 3216.5433,250
113,09:50:06,$ 3215.30,100
114,09:50:00,$ 3214.99,100
115,09:49:56,$ 3213.995,100
116,09:49:51,$ 3214.65,100
117,09:49:51,$ 3214.85,100
118,09:49:47,$ 3214.9839,250
119,09:49:46,$ 3215.32,100
120,09:49:46,$ 3214.00,100
121,09:49:29,$ 3215.35,100
122,09:49:27,$ 3215.47,100
123,09:49:27,$ 3215.47,100
124,09:49:22,$ 3216.99,200
125,09:49:21,$ 3216.02,178
127,09:49:15,$ 3216.26,100
128,09:49:13,$ 3216.26,100
129,09:49:05,$ 3216.33,100
130,09:49:05,$ 3216.235,100
131,09:49:05,$ 3216.61,100
132,09:49:05,$ 3216.12,100
133,09:49:05,$ 3216.61,100
134,09:49:02,$ 3215.24,100
135,09:49:02,$ 3215.93,100
136,09:48:52,$ 3215.405,100
137,09:48:51,$ 3215.01,100
138,09:48:47,$ 3215.69,100
139,09:48:46,$ 3215.69,100
140,09:48:43,$ 3216.347,500
141,09:48:39,$ 3217.00,100
142,09:48:38,$ 3216.99,100
143,09:48:36,$ 3217.00,100
144,09:48:36,$ 3217.40,100
145,09:48:36,$ 3217.36,100
146,09:48:36,$ 3217.28,100
148,09:48:36,$ 3218.00,100
149,09:48:36,$ 3218.00,100
150,09:48:34,$ 3217.99,100
151,09:48:34,$ 3217.91,100
152,09:48:34,$ 3218.00,100
153,09:48:34,$ 3218.00,100
154,09:48:34,$ 3217.085,100
155,09:48:30,$ 3217.455,100
156,09:48:28,$ 3217.66,100
157,09:48:28,$ 3217.69,100
158,09:48:28,$ 3217.69,100
159,09:48:27,$ 3217.01,100
160,09:48:27,$ 3217.01,100
161,09:48:27,$ 3217.01,108
162,09:48:25,$ 3217.33,200
163,09:48:24,$ 3218.00,100
164,09:48:23,$ 3217.98,100
165,09:48:21,$ 3217.91,100
166,09:48:21,$ 3217.91,100
167,09:48:19,$ 3217.73,100
169,09:48:19,$ 3217.70,100
170,09:48:19,$ 3217.35,100
171,09:48:19,$ 3217.35,100
172,09:48:18,$ 3215.665,100
173,09:48:17,$ 3216.00,100
174,09:48:17,$ 3216.00,100
175,09:48:15,$ 3216.00,100
176,09:48:15,$ 3216.00,100
177,09:48:14,$ 3215.99,100
178,09:48:14,$ 3216.00,100
179,09:48:14,$ 3215.955,100
180,09:48:12,$ 3215.97,100
181,09:48:11,$ 3215.90,100
182,09:48:11,$ 3216.00,100
183,09:48:10,$ 3215.66,100
184,09:48:10,$ 3216.00,100
185,09:48:10,$ 3217.19,200
186,09:48:10,$ 3216.00,100
187,09:48:10,$ 3216.60,100
188,09:48:10,$ 3216.01,100
190,09:48:10,$ 3217.56,100
191,09:48:07,$ 3217.37,212
192,09:48:07,$ 3217.075,"1,000"
193,09:48:04,$ 3215.9662,200
194,09:48:01,$ 3217.00,100
195,09:47:57,$ 3216.00,400
196,09:47:55,$ 3216.50,100
197,09:47:51,$ 3217.79,100
198,09:47:51,$ 3217.72,100
199,09:47:51,$ 3218.805,100
200,09:47:50,$ 3218.13,500
201,09:47:50,$ 3218.82,100
202,09:47:50,$ 3218.82,100
203,09:47:48,$ 3218.775,100
204,09:47:46,$ 3217.72,100
205,09:47:45,$ 3218.385,100
206,09:47:45,$ 3218.30,100
207,09:47:44,$ 3216.97,100
208,09:47:44,$ 3217.345,100
209,09:47:43,$ 3217.00,100
211,09:47:43,$ 3216.97,260
212,09:47:43,$ 3217.00,100
213,09:47:43,$ 3217.00,100
214,09:47:43,$ 3217.00,239
215,09:47:43,$ 3217.00,100
216,09:47:40,$ 3217.94,100
217,09:47:38,$ 3218.01,100
218,09:47:34,$ 3218.55,100
219,09:47:34,$ 3218.635,100
220,09:47:31,$ 3218.06,400
221,09:47:31,$ 3217.572,100
222,09:47:31,$ 3217.5899,100
223,09:47:31,$ 3217.59,100
224,09:47:31,$ 3217.57,100
225,09:47:30,$ 3217.88,280
226,09:47:30,$ 3217.37,100
227,09:47:29,$ 3216.885,100
228,09:47:23,$ 3217.20,100
229,09:47:19,$ 3217.275,100
230,09:47:16,$ 3216.00,100
232,09:47:16,$ 3215.78,100
233,09:47:14,$ 3215.01,100
234,09:47:13,$ 3215.7913,200
235,09:47:11,$ 3215.465,100
236,09:47:11,$ 3215.53,100
237,09:47:11,$ 3215.54,100
238,09:47:07,$ 3215.53,100
239,09:47:07,$ 3215.515,100
240,09:47:07,$ 3215.29,100
241,09:47:07,$ 3214.76,100
242,09:47:00,$ 3214.37,100
243,09:46:55,$ 3214.3994,200
244,09:46:54,$ 3214.12,100
245,09:46:52,$ 3214.82,100
246,09:46:50,$ 3214.95,100
247,09:46:44,$ 3214.00,100
248,09:46:44,$ 3214.00,100
249,09:46:44,$ 3214.00,100
250,09:46:44,$ 3213.99,200
251,09:46:44,$ 3215.465,300
253,09:46:44,$ 3213.99,200
254,09:46:44,$ 3215.465,200
255,09:46:44,$ 3214.335,200
256,09:46:44,$ 3214.00,100
257,09:46:44,$ 3214.00,100
258,09:46:44,$ 3214.00,100
259,09:46:44,$ 3214.745,100
260,09:46:44,$ 3214.40,100
261,09:46:44,$ 3215.76,100
262,09:46:41,$ 3215.67,100
263,09:46:30,$ 3215.67,100
264,09:46:27,$ 3215.13,100
265,09:46:26,$ 3212.9811,100
266,09:46:24,$ 3215.24,100
267,09:46:24,$ 3215.29,100
268,09:46:24,$ 3215.765,100
269,09:46:23,$ 3215.765,100
270,09:46:18,$ 3215.75,100
271,09:46:18,$ 3215.87,100
272,09:46:18,$ 3216.00,100
274,09:46:18,$ 3215.86,100
275,09:46:18,$ 3215.86,100
276,09:46:18,$ 3215.86,100
277,09:46:18,$ 3215.62,100
278,09:46:17,$ 3216.66,100
279,09:46:16,$ 3216.71,100
280,09:46:15,$ 3216.86,100
281,09:46:15,$ 3216.25,100
282,09:46:15,$ 3216.24,126
283,09:46:14,$ 3216.86,390
284,09:46:12,$ 3216.417,100
285,09:46:12,$ 3216.61,100
286,09:46:11,$ 3215.941,100
287,09:46:11,$ 3216.535,100
288,09:46:10,$ 3216.265,100
289,09:46:10,$ 3216.225,100
290,09:46:10,$ 3215.63,100
291,09:46:10,$ 3215.63,100
292,09:46:10,$ 3214.35,106
293,09:46:10,$ 3215.10,100
295,09:46:10,$ 3214.3401,500
296,09:46:09,$ 3216.72,100
297,09:46:09,$ 3216.21,100
298,09:46:09,$ 3216.44,100
299,09:46:09,$ 3216.20,100
300,09:46:09,$ 3216.40,100
301,09:46:09,$ 3215.99,171
302,09:46:09,$ 3215.79,100
303,09:46:09,$ 3215.99,149
304,09:46:09,$ 3215.79,100
305,09:46:09,$ 3214.3301,200
306,09:46:09,$ 3215.99,100
307,09:46:09,$ 3215.99,100
308,09:46:09,$ 3215.00,595
309,09:46:09,$ 3215.00,100
310,09:46:09,$ 3215.00,950
311,09:46:09,$ 3214.44,100
312,09:46:07,$ 3214.84,100
313,09:46:07,$ 3214.605,100
314,09:46:07,$ 3214.64,100
316,09:46:06,$ 3214.2367,111
317,09:46:06,$ 3214.50,100
318,09:46:06,$ 3214.07,100
319,09:46:06,$ 3214.10,100
320,09:46:05,$ 3214.05,100
321,09:46:05,$ 3214.05,100
322,09:46:04,$ 3213.88,100
323,09:46:03,$ 3213.56,100
324,09:46:03,$ 3213.67,228
325,09:46:03,$ 3213.67,100
326,09:46:03,$ 3213.56,100
327,09:46:03,$ 3213.55,100
328,09:46:03,$ 3213.67,127
329,09:46:03,$ 3213.56,100
330,09:46:03,$ 3213.67,133
331,09:46:03,$ 3213.67,211
332,09:46:03,$ 3213.47,100
333,09:46:02,$ 3213.56,100
334,09:46:02,$ 3213.56,100
335,09:46:02,$ 3213.56,100
337,09:46:02,$ 3213.56,100
338,09:46:02,$ 3213.56,100
339,09:46:01,$ 3212.74,100
340,09:46:01,$ 3212.75,100
341,09:46:00,$ 3213.55,100
342,09:46:00,$ 3213.56,100
343,09:45:58,$ 3212.76,200
344,09:45:56,$ 3213.155,100
345,09:45:55,$ 3213.56,100
346,09:45:55,$ 3213.43,100
347,09:45:54,$ 3212.74,100
348,09:45:54,$ 3213.05,100
349,09:45:54,$ 3212.93,100
350,09:45:54,$ 3212.88,100
351,09:45:53,$ 3212.79,114
352,09:45:53,$ 3213.02,100
353,09:45:53,$ 3213.01,100
354,09:45:43,$ 3213.98,100
355,09:45:41,$ 3213.80,100
356,09:45:36,$ 3213.385,100
358,09:45:36,$ 3213.41,100
359,09:45:33,$ 3213.385,100
360,09:45:30,$ 3213.60,100
361,09:45:29,$ 3212.95,100
362,09:45:21,$ 3211.63,300
363,09:45:21,$ 3211.80,100
364,09:45:21,$ 3212.33,100
365,09:45:14,$ 3212.52,100
366,09:45:12,$ 3213.31,100
367,09:45:10,$ 3213.4621,125
368,09:45:09,$ 3212.86,100
369,09:45:09,$ 3212.88,100
370,09:45:09,$ 3212.80,100
371,09:45:09,$ 3212.735,100
372,09:45:08,$ 3212.80,150
373,09:45:03,$ 3211.73,100
374,09:45:02,$ 3211.55,100
375,09:45:02,$ 3211.00,363
376,09:45:02,$ 3210.92,100
377,09:45:00,$ 3209.55,100
379,09:45:00,$ 3209.55,100
380,09:44:56,$ 3208.885,100
381,09:44:53,$ 3208.74,100
382,09:44:53,$ 3208.89,100
383,09:44:46,$ 3209.21,100
384,09:44:45,$ 3208.21,100
385,09:44:44,$ 3208.86,146
386,09:44:41,$ 3210.385,100
387,09:44:34,$ 3209.63,100
388,09:44:32,$ 3209.39,100
389,09:44:17,$ 3210.00,200
390,09:44:14,$ 3210.1394,459
391,09:44:05,$ 3208.745,100
392,09:44:04,$ 3209.41,100
393,09:44:04,$ 3209.42,100
394,09:44:00,$ 3208.675,100
395,09:44:00,$ 3207.94,100
396,09:44:00,$ 3207.93,100
397,09:44:00,$ 3207.93,100
398,09:43:57,$ 3207.93,100
400,09:43:56,$ 3207.37,100
401,09:43:55,$ 3208.22,100
402,09:43:55,$ 3208.00,500
403,09:43:55,$ 3208.935,100
404,09:43:55,$ 3208.22,139
405,09:43:55,$ 3208.22,100
406,09:43:40,$ 3210.00,573
407,09:43:38,$ 3209.92,100
408,09:43:38,$ 3209.925,100
409,09:43:37,$ 3209.47,100
410,09:43:37,$ 3209.47,100
411,09:43:29,$ 3208.22,100
412,09:43:29,$ 3208.22,100
413,09:43:29,$ 3208.22,100
414,09:43:28,$ 3208.22,100
415,09:43:28,$ 3208.22,100
416,09:43:28,$ 3208.23,100
417,09:43:28,$ 3208.22,100
418,09:43:28,$ 3208.22,100
419,09:43:28,$ 3208.22,100
421,09:43:28,$ 3208.22,100
422,09:43:24,$ 3208.54,100
423,09:43:21,$ 3210.00,239
424,09:43:21,$ 3210.00,161
425,09:43:09,$ 3211.41,100
426,09:43:06,$ 3210.88,100
427,09:42:59,$ 3210.085,100
428,09:42:59,$ 3209.60,100
429,09:42:15,$ 3208.47,100
430,09:42:15,$ 3208.47,100
431,09:42:15,$ 3208.47,120
432,09:42:15,$ 3208.47,100
433,09:42:14,$ 3209.18,100
434,09:42:14,$ 3209.11,100
435,09:42:14,$ 3208.47,100
436,09:42:14,$ 3208.47,100
437,09:42:13,$ 3210.1101,100
438,09:42:13,$ 3209.12,100
439,09:42:13,$ 3208.85,100
440,09:42:13,$ 3209.10,123
442,09:42:09,$ 3210.685,100
443,09:42:02,$ 3209.98,100
444,09:41:48,$ 3208.76,100
445,09:41:48,$ 3208.65,200
446,09:41:48,$ 3208.78,100
447,09:41:47,$ 3208.65,100
448,09:41:47,$ 3208.65,100
449,09:41:47,$ 3208.65,100
450,09:41:46,$ 3208.65,100
451,09:41:45,$ 3208.65,100
452,09:41:43,$ 3208.65,100
453,09:41:43,$ 3208.65,100
454,09:41:42,$ 3208.82,100
455,09:41:39,$ 3208.85,100
456,09:41:36,$ 3208.65,100
457,09:41:36,$ 3208.65,100
458,09:41:30,$ 3210.00,100
459,09:41:14,$ 3208.65,100
460,09:41:14,$ 3208.66,100
461,09:41:07,$ 3209.42,100
463,09:41:02,$ 3209.00,267
464,09:41:02,$ 3209.00,100
465,09:41:02,$ 3209.00,100
466,09:41:02,$ 3209.00,152
467,09:41:00,$ 3206.13,100
468,09:41:00,$ 3207.54,100
469,09:41:00,$ 3207.53,100
470,09:40:58,$ 3208.00,152
471,09:40:39,$ 3207.55,100
472,09:40:31,$ 3208.60,500
473,09:40:18,$ 3210.00,100
474,09:40:17,$ 3209.95,100
475,09:40:17,$ 3209.90,100
476,09:40:16,$ 3210.865,100
477,09:40:16,$ 3210.62,100
478,09:40:16,$ 3210.54,100
479,09:40:16,$ 3211.195,100
480,09:40:15,$ 3212.74,222
481,09:40:15,$ 3210.57,100
482,09:40:15,$ 3211.0864,116
484,09:40:15,$ 3210.56,116
485,09:40:15,$ 3211.0964,100
486,09:40:15,$ 3210.59,100
487,09:40:15,$ 3211.5264,100
488,09:40:15,$ 3211.5264,100
489,09:40:15,$ 3211.5264,100
490,09:40:15,$ 3211.00,100
491,09:40:15,$ 3211.00,100
492,09:40:12,$ 3211.20,100
493,09:40:11,$ 3211.00,800
494,09:40:11,$ 3211.00,100
495,09:40:08,$ 3210.09,100
496,09:40:06,$ 3209.685,100
497,09:40:06,$ 3209.705,100
498,09:40:06,$ 3209.595,100
499,09:40:02,$ 3209.49,100
500,09:40:02,$ 3209.50,435
501,09:40:02,$ 3209.50,565
502,09:40:02,$ 3209.50,100
503,09:40:02,$ 3209.00,100
505,09:40:02,$ 3208.99,100
506,09:39:52,$ 3208.20,100
507,09:39:50,$ 3207.525,100
508,09:39:47,$ 3207.00,100
509,09:39:47,$ 3206.00,100
510,09:39:43,$ 3205.38,100
511,09:39:37,$ 3205.975,100
512,09:39:35,$ 3204.73,100
513,09:39:35,$ 3204.73,100
514,09:39:31,$ 3204.84,450
515,09:39:28,$ 3205.19,100
516,09:39:28,$ 3205.18,100
517,09:39:28,$ 3205.18,100
518,09:39:28,$ 3205.18,100
519,09:39:25,$ 3205.18,100
520,09:39:25,$ 3205.18,100
521,09:39:25,$ 3205.79,100
522,09:39:22,$ 3206.06,118
523,09:39:18,$ 3205.95,100
524,09:39:17,$ 3205.13,100
526,09:39:13,$ 3206.02,100
527,09:39:13,$ 3206.00,100
528,09:39:11,$ 3206.858,500
529,09:39:01,$ 3206.87,100
530,09:38:44,$ 3205.30,100
531,09:38:44,$ 3205.30,100
532,09:38:44,$ 3205.30,100
533,09:38:44,$ 3205.50,100
534,09:38:03,$ 3208.87,100
535,09:38:02,$ 3208.87,100
536,09:38:02,$ 3208.85,100
537,09:38:02,$ 3208.02,100
538,09:37:55,$ 3208.88,200
539,09:37:52,$ 3208.82,100
540,09:37:52,$ 3208.88,100
541,09:37:52,$ 3209.49,100
542,09:37:52,$ 3208.89,100
543,09:37:48,$ 3208.18,100
544,09:37:47,$ 3208.12,100
545,09:37:46,$ 3207.71,100
547,09:37:46,$ 3207.72,100
548,09:37:46,$ 3207.50,100
549,09:37:45,$ 3208.31,200
550,09:37:39,$ 3208.44,100
551,09:37:23,$ 3211.205,100
552,09:37:17,$ 3210.415,100
553,09:37:16,$ 3210.61,100
554,09:37:13,$ 3211.00,217
555,09:37:13,$ 3211.00,382
556,09:37:12,$ 3210.00,500
557,09:37:12,$ 3209.97,100
558,09:37:12,$ 3209.766,100
559,09:37:06,$ 3208.89,100
560,09:37:06,$ 3208.879,247
561,09:37:05,$ 3207.53,100
562,09:37:04,$ 3207.54,100
563,09:36:51,$ 3210.04,100
564,09:36:50,$ 3209.35,100
565,09:36:42,$ 3209.42,200
566,09:36:33,$ 3209.54,100
568,09:36:33,$ 3209.54,154
569,09:36:30,$ 3209.14,110
570,09:36:26,$ 3209.065,100
571,09:36:20,$ 3209.25,300
572,09:36:18,$ 3210.87,100
573,09:36:13,$ 3210.81,200
574,09:36:11,$ 3210.81,200
575,09:36:10,$ 3211.00,166
576,09:36:10,$ 3210.49,100
577,09:36:07,$ 3209.585,600
578,09:36:07,$ 3209.585,200
579,09:36:07,$ 3209.585,200
580,09:36:05,$ 3209.73,100
581,09:36:04,$ 3209.79,100
582,09:36:04,$ 3209.73,100
583,09:36:03,$ 3209.79,194
584,09:36:02,$ 3210.00,100
585,09:36:02,$ 3208.99,100
586,09:36:02,$ 3208.99,100
587,09:36:01,$ 3209.40,100
589,09:35:59,$ 3208.76,100
590,09:35:59,$ 3208.52,100
591,09:35:57,$ 3208.525,300
592,09:35:53,$ 3207.56,100
593,09:35:51,$ 3208.00,100
594,09:35:49,$ 3208.56,100
595,09:35:45,$ 3206.92,100
596,09:35:45,$ 3206.92,100
597,09:35:45,$ 3206.92,100
598,09:35:45,$ 3206.92,100
599,09:35:42,$ 3207.06,400
600,09:35:42,$ 3207.78,100
601,09:35:40,$ 3206.5122,311
602,09:35:40,$ 3206.5215,415
603,09:35:40,$ 3206.88,100
604,09:35:40,$ 3206.21,100
605,09:35:27,$ 3206.24,100
606,09:35:26,$ 3206.24,100
607,09:35:23,$ 3206.54,100
608,09:35:23,$ 3206.06,100
610,09:35:22,$ 3207.42,100
611,09:35:22,$ 3207.47,100
612,09:35:22,$ 3208.13,100
613,09:35:22,$ 3208.06,100
614,09:35:20,$ 3208.25,500
615,09:35:18,$ 3208.53,200
616,09:35:16,$ 3208.48,200
617,09:35:16,$ 3208.48,200
618,09:35:06,$ 3208.00,100
619,09:35:06,$ 3207.47,100
620,09:35:00,$ 3206.44,100
621,09:34:57,$ 3206.0475,100
622,09:34:57,$ 3206.00,940
623,09:34:50,$ 3206.44,100
624,09:34:50,$ 3206.63,100
625,09:34:49,$ 3205.36,100
626,09:34:47,$ 3206.88,100
627,09:34:43,$ 3204.54,100
628,09:34:42,$ 3206.00,100
629,09:34:38,$ 3206.00,200
631,09:34:22,$ 3204.5299,100
632,09:34:21,$ 3202.38,100
633,09:34:21,$ 3202.61,100
634,09:34:17,$ 3202.98,100
635,09:34:16,$ 3203.77,100
636,09:34:13,$ 3205.10,100
637,09:34:13,$ 3205.10,100
638,09:34:13,$ 3205.08,100
639,09:34:13,$ 3205.09,100
640,09:34:13,$ 3205.63,146
641,09:34:13,$ 3204.65,110
642,09:34:03,$ 3203.508,128
643,09:33:59,$ 3203.12,100
644,09:33:54,$ 3203.01,100
645,09:33:54,$ 3202.465,100
646,09:33:54,$ 3202.14,100
647,09:33:54,$ 3203.00,102
648,09:33:47,$ 3201.99,354
649,09:33:47,$ 3203.465,100
650,09:33:36,$ 3203.52,100
652,09:33:33,$ 3204.48,100
653,09:33:14,$ 3205.94,100
654,09:33:12,$ 3206.06,100
655,09:33:07,$ 3206.09,116
656,09:33:06,$ 3204.58,100
657,09:33:06,$ 3204.42,100
658,09:33:00,$ 3203.57,100
659,09:32:59,$ 3203.30,100
660,09:32:50,$ 3206.57,100
661,09:32:46,$ 3205.735,100
662,09:32:40,$ 3206.295,100
663,09:32:39,$ 3205.9915,100
664,09:32:24,$ 3205.655,100
665,09:32:21,$ 3207.89,100
666,09:32:14,$ 3207.11,100
667,09:32:14,$ 3206.58,100
668,09:32:04,$ 3204.3339,200
669,09:32:02,$ 3204.71,100
670,09:31:56,$ 3205.02,100
671,09:31:48,$ 3203.58,100
673,09:31:47,$ 3203.50,100
674,09:31:38,$ 3204.44,100
675,09:31:38,$ 3204.44,393
676,09:31:38,$ 3204.445,150
677,09:31:38,$ 3204.92,168
678,09:31:38,$ 3204.92,274
679,09:31:38,$ 3204.92,158
680,09:31:38,$ 3206.45,100
681,09:31:38,$ 3206.00,100
682,09:31:38,$ 3206.00,100
683,09:31:38,$ 3206.295,100
684,09:31:38,$ 3206.00,100
685,09:31:38,$ 3206.00,100
686,09:31:34,$ 3206.61,100
687,09:31:34,$ 3206.00,100
688,09:31:34,$ 3206.00,100
689,09:31:34,$ 3206.50,100
690,09:31:34,$ 3206.44,100
691,09:31:34,$ 3206.41,100
692,09:31:33,$ 3208.18,200
694,09:31:31,$ 3207.80,100
695,09:31:31,$ 3206.92,100
696,09:31:31,$ 3208.81,100
697,09:31:28,$ 3207.42,100
698,09:31:28,$ 3207.89,100
699,09:31:24,$ 3206.09,300
700,09:31:22,$ 3206.83,100
701,09:31:20,$ 3206.17,100
702,09:30:59,$ 3206.75,100
703,09:30:55,$ 3208.00,100
704,09:30:49,$ 3207.02,100
705,09:30:49,$ 3207.60,100
706,09:30:49,$ 3207.96,100
707,09:30:27,$ 3207.635,100
708,09:30:21,$ 3208.26,100
709,09:30:21,$ 3208.26,100
710,09:30:18,$ 3209.9999,175
711,09:30:18,$ 3209.95,175
712,09:30:18,$ 3209.9999,100
713,09:30:16,$ 3209.7203,100
715,09:30:06,$ 3210.80,100
716,09:30:06,$ 3210.90,100
717,09:30:06,$ 3210.70,100
718,09:30:05,$ 3210.50,100
719,09:30:05,$ 3211.05,100
720,09:30:05,$ 3211.035,100
721,09:30:04,$ 3212.00,100
722,09:30:04,$ 3212.00,100
723,09:30:04,$ 3212.04,100
724,09:30:04,$ 3212.5201,100
725,09:30:03,$ 3212.92,100
726,09:30:03,$ 3212.515,100
727,09:30:03,$ 3212.99,100
728,09:30:02,$ 3213.00,100
729,09:30:02,$ 3212.84,100
730,09:30:02,$ 3213.00,254
731,09:30:02,$ 3213.00,209
732,09:30:02,$ 3213.00,100
733,09:30:02,$ 3212.95,100
734,09:30:01,$ 3212.999,100
736,09:30:01,$ 3212.00,5
737,09:30:01,$ 3212.00,2
738,09:30:01,$ 3212.00,2
739,09:30:01,$ 3212.00,5
740,09:30:01,$ 3212.00,10
741,09:30:01,$ 3212.00,1
742,09:30:01,$ 3212.00,16
743,09:30:01,$ 3212.00,3
744,09:30:01,$ 3212.00,1
745,09:30:01,$ 3212.00,1
746,09:30:01,$ 3212.00,1
747,09:30:01,$ 3212.00,1
748,09:30:01,$ 3212.00,4
749,09:30:01,$ 3212.00,2
750,09:30:01,$ 3212.00,3
751,09:30:01,$ 3212.00,5
752,09:30:01,$ 3212.00,1
753,09:30:01,$ 3212.00,5
754,09:30:01,$ 3212.00,10
755,09:30:01,$ 3212.00,1
757,09:30:01,$ 3212.00,1
758,09:30:01,$ 3212.00,1
759,09:30:01,$ 3212.00,3
760,09:30:01,$ 3212.00,4
761,09:30:01,$ 3212.00,1
762,09:30:01,$ 3212.00,1
763,09:30:01,$ 3212.00,1
764,09:30:01,$ 3212.00,3
765,09:30:01,$ 3212.00,14
766,09:30:01,$ 3212.00,23
767,09:30:01,$ 3212.00,10
768,09:30:01,$ 3212.00,26
769,09:30:01,$ 3212.00,3
770,09:30:01,$ 3212.00,2
771,09:30:01,$ 3212.00,39
772,09:30:01,$ 3212.00,1
773,09:30:01,$ 3212.00,1
774,09:30:01,$ 3212.00,3
775,09:30:01,$ 3212.00,1
776,09:30:01,$ 3212.00,3
778,09:30:01,$ 3212.00,2
779,09:30:01,$ 3212.00,1
780,09:30:01,$ 3212.00,3
781,09:30:01,$ 3212.00,1
782,09:30:01,$ 3212.00,3
783,09:30:01,$ 3212.00,1
784,09:30:01,$ 3212.00,5
785,09:30:01,$ 3212.00,5
786,09:30:01,$ 3212.00,1
787,09:30:01,$ 3212.00,5
788,09:30:01,$ 3212.00,1
789,09:30:01,$ 3212.00,5
790,09:30:01,$ 3212.00,1
791,09:30:01,$ 3212.00,1
792,09:30:01,$ 3212.00,1
793,09:30:01,$ 3212.00,1
794,09:30:01,$ 3212.00,1
795,09:30:01,$ 3212.00,1
796,09:30:01,$ 3212.00,1
797,09:30:01,$ 3212.00,1
799,09:30:01,$ 3212.00,6
800,09:30:01,$ 3212.00,1
801,09:30:01,$ 3212.00,7
802,09:30:01,$ 3212.00,1
803,09:30:01,$ 3212.00,2
804,09:30:01,$ 3212.00,1
805,09:30:01,$ 3212.00,1
806,09:30:01,$ 3212.00,2
807,09:30:01,$ 3212.00,10
808,09:30:01,$ 3212.00,2
809,09:30:01,$ 3212.00,8
810,09:30:01,$ 3212.00,1
811,09:30:01,$ 3212.00,1
812,09:30:01,$ 3212.00,3
813,09:30:01,$ 3212.00,1
814,09:30:01,$ 3212.00,2
815,09:30:01,$ 3212.00,1
816,09:30:01,$ 3212.00,100
817,09:30:01,$ 3212.00,1
818,09:30:01,$ 3212.00,134
820,09:30:01,$ 3212.00,2
821,09:30:01,$ 3212.00,1
822,09:30:01,$ 3212.00,1
823,09:30:01,$ 3212.00,1
824,09:30:01,$ 3212.00,1
825,09:30:01,$ 3212.00,2
826,09:30:01,$ 3212.00,33
827,09:30:01,$ 3212.00,6
828,09:30:01,$ 3212.00,4
829,09:30:01,$ 3212.00,141
830,09:30:01,$ 3212.00,100
831,09:30:01,$ 3212.00,10
832,09:30:01,$ 3212.00,3
833,09:30:01,$ 3212.00,7
834,09:30:01,$ 3212.00,8
835,09:30:01,$ 3212.00,3
836,09:30:01,$ 3212.00,70
837,09:30:01,$ 3212.00,8
838,09:30:01,$ 3212.00,5
839,09:30:01,$ 3212.00,100
841,09:30:01,$ 3212.00,5
842,09:30:01,$ 3212.00,2
843,09:30:01,$ 3212.00,1
844,09:30:01,$ 3212.00,10
845,09:30:01,$ 3212.00,63
846,09:30:01,$ 3212.00,21
847,09:30:01,$ 3212.00,11
848,09:30:01,$ 3212.00,38
849,09:30:01,$ 3212.00,30
850,09:30:01,$ 3212.00,3
851,09:30:01,$ 3212.00,7
852,09:30:01,$ 3212.00,19
853,09:30:01,$ 3212.00,7
854,09:30:01,$ 3212.00,10
855,09:30:01,$ 3212.00,10
856,09:30:01,$ 3212.00,2
857,09:30:01,$ 3212.00,1
858,09:30:01,$ 3212.00,78
859,09:30:01,$ 3212.00,40
860,09:30:01,$ 3212.00,3
862,09:30:01,$ 3212.00,6
863,09:30:01,$ 3212.00,1
864,09:30:01,$ 3212.00,10
865,09:30:01,$ 3212.00,2
866,09:30:01,$ 3212.00,9
867,09:30:01,$ 3212.00,3
868,09:30:01,$ 3212.00,5
869,09:30:01,$ 3212.00,5
870,09:30:01,$ 3212.00,2
871,09:30:01,$ 3212.00,2
872,09:30:01,$ 3212.00,1
873,09:30:01,$ 3212.00,15
874,09:30:01,$ 3212.00,2
875,09:30:01,$ 3212.00,4
876,09:30:01,$ 3212.00,1
877,09:30:01,$ 3212.00,35
878,09:30:01,$ 3212.00,27
879,09:30:01,$ 3212.00,9
880,09:30:01,$ 3212.00,98
881,09:30:01,$ 3212.00,34
883,09:30:01,$ 3212.00,2
884,09:30:01,$ 3212.00,50
885,09:30:01,$ 3212.00,1
886,09:30:01,$ 3212.00,1
887,09:30:01,$ 3212.00,1
888,09:30:01,$ 3212.00,1
889,09:30:01,$ 3212.00,1
890,09:30:01,$ 3212.00,5
891,09:30:01,$ 3212.00,1
892,09:30:01,$ 3212.00,10
893,09:30:01,$ 3212.00,24
894,09:30:01,$ 3212.00,8
895,09:30:01,$ 3212.00,2
896,09:30:01,$ 3212.00,14
897,09:30:01,$ 3212.00,1
898,09:30:01,$ 3212.00,1
899,09:30:01,$ 3212.00,3
900,09:30:01,$ 3212.00,1
901,09:30:01,$ 3212.00,1
902,09:30:01,$ 3212.00,6
904,09:30:01,$ 3212.00,5
905,09:30:01,$ 3212.00,1
906,09:30:01,$ 3212.00,1
907,09:30:01,$ 3212.00,2
908,09:30:01,$ 3212.00,1
909,09:30:01,$ 3212.00,1
910,09:30:01,$ 3212.00,2
911,09:30:01,$ 3212.00,1
912,09:30:01,$ 3212.00,10
913,09:30:01,$ 3212.00,2
914,09:30:01,$ 3212.00,1
915,09:30:01,$ 3212.00,1
916,09:30:01,$ 3212.00,2
917,09:30:01,$ 3212.00,2
918,09:30:01,$ 3212.00,1
919,09:30:01,$ 3212.00,1
920,09:30:01,$ 3212.00,4
921,09:30:01,$ 3212.00,40
922,09:30:01,$ 3212.00,15
923,09:30:01,$ 3212.00,1
925,09:30:01,$ 3212.00,8
926,09:30:01,$ 3212.00,22
927,09:30:01,$ 3212.00,2
928,09:30:01,$ 3212.00,20
929,09:30:01,$ 3212.00,3
930,09:30:01,$ 3212.00,3
931,09:30:01,$ 3212.00,7
932,09:30:01,$ 3212.00,8
933,09:30:01,$ 3212.00,2
934,09:30:01,$ 3212.00,10
935,09:30:01,$ 3212.00,125
936,09:30:01,$ 3212.00,2
937,09:30:01,$ 3212.00,1
938,09:30:01,$ 3212.00,2
939,09:30:01,$ 3212.00,8
940,09:30:01,$ 3212.00,100
941,09:30:01,$ 3212.00,27
942,09:30:01,$ 3212.00,20
943,09:30:01,$ 3212.00,4
944,09:30:01,$ 3212.00,20
946,09:30:01,$ 3212.00,7
947,09:30:01,$ 3212.00,1
948,09:30:01,$ 3212.00,1
949,09:30:01,$ 3212.00,2
950,09:30:01,$ 3212.00,10
951,09:30:01,$ 3212.00,5
952,09:30:01,$ 3212.00,1
953,09:30:01,$ 3212.00,50
954,09:30:01,$ 3212.00,3
955,09:30:01,$ 3212.00,3
956,09:30:01,$ 3212.00,169
957,09:30:01,$ 3212.00,9
958,09:30:01,$ 3212.00,10
959,09:30:01,$ 3212.00,2
960,09:30:01,$ 3212.00,26
961,09:30:01,$ 3212.00,1
962,09:30:01,$ 3212.00,1
963,09:30:01,$ 3212.00,500
964,09:30:01,$ 3212.00,1
965,09:30:01,$ 3212.00,10
967,09:30:01,$ 3212.00,1
968,09:30:01,$ 3212.00,14
969,09:30:01,$ 3212.00,14
970,09:30:01,$ 3212.00,16
971,09:30:01,$ 3212.00,75
972,09:30:01,$ 3212.00,8
973,09:30:01,$ 3212.00,2
974,09:30:01,$ 3212.00,6
975,09:30:01,$ 3212.00,5
976,09:30:01,$ 3212.00,40
977,09:30:01,$ 3212.00,1
978,09:30:01,$ 3212.00,1
979,09:30:01,$ 3212.00,1
980,09:30:01,$ 3212.00,1
981,09:30:01,$ 3212.00,1
982,09:30:01,$ 3212.00,1
983,09:30:01,$ 3212.00,1
984,09:30:01,$ 3212.00,3
985,09:30:01,$ 3212.00,10
986,09:30:01,$ 3212.00,1
988,09:30:01,$ 3212.00,13
989,09:30:01,$ 3212.00,34
990,09:30:01,$ 3212.00,16
991,09:30:01,$ 3212.00,1
992,09:30:01,$ 3212.00,15
993,09:30:01,$ 3212.00,30
994,09:30:01,$ 3212.00,7
995,09:30:01,$ 3212.00,30
996,09:30:01,$ 3212.00,1
997,09:30:01,$ 3212.00,101
998,09:30:01,$ 3212.00,1
999,09:30:01,$ 3212.00,20
1000,09:30:01,$ 3212.00,1
1001,09:30:01,$ 3212.00,17
1002,09:30:01,$ 3212.00,1
1003,09:30:01,$ 3212.00,70
1004,09:30:01,$ 3212.00,4
1005,09:30:01,$ 3212.00,1
1006,09:30:01,$ 3212.00,4
1007,09:30:01,$ 3212.00,7
1009,09:30:01,$ 3212.00,3
1010,09:30:01,$ 3212.00,5
1011,09:30:01,$ 3212.00,1
1012,09:30:01,$ 3212.00,2
1013,09:30:01,$ 3212.00,1
1014,09:30:01,$ 3212.00,4
1015,09:30:01,$ 3212.00,3
1016,09:30:01,$ 3212.00,1
1017,09:30:01,$ 3212.00,10
1018,09:30:01,$ 3212.00,1
1019,09:30:01,$ 3212.00,129
1020,09:30:01,$ 3212.00,15
1021,09:30:01,$ 3212.00,1
1022,09:30:01,$ 3212.00,3
1023,09:30:01,$ 3212.00,219
1024,09:30:01,$ 3212.00,1
1025,09:30:01,$ 3212.00,1
1026,09:30:01,$ 3212.00,1
1027,09:30:01,$ 3212.00,"2,000"
1028,09:30:01,$ 3212.00,1
1030,09:30:01,$ 3212.00,10
1031,09:30:01,$ 3212.00,20
1032,09:30:01,$ 3212.00,2
1033,09:30:01,$ 3212.00,1
1034,09:30:01,$ 3212.00,31
1035,09:30:01,$ 3212.00,4
1036,09:30:01,$ 3212.00,61
1037,09:30:01,$ 3212.00,71
1038,09:30:01,$ 3212.00,6
1039,09:30:01,$ 3212.00,3
1040,09:30:01,$ 3212.00,4
1041,09:30:01,$ 3212.00,3
1042,09:30:01,$ 3212.00,127
1043,09:30:01,$ 3212.00,17
1044,09:30:01,$ 3212.00,3
1045,09:30:01,$ 3212.00,1
1046,09:30:01,$ 3212.00,1
1047,09:30:01,$ 3212.00,5
1048,09:30:01,$ 3212.00,1
1049,09:30:01,$ 3212.00,2
1051,09:30:01,$ 3212.00,5
1052,09:30:01,$ 3212.00,5
1053,09:30:01,$ 3212.00,26
1054,09:30:01,$ 3212.00,1
1055,09:30:01,$ 3212.00,4
1056,09:30:01,$ 3212.00,2
1057,09:30:01,$ 3212.00,1
1058,09:30:01,$ 3212.00,2
1059,09:30:01,$ 3212.00,6
1060,09:30:01,$ 3212.00,5
1061,09:30:01,$ 3212.00,5
1062,09:30:01,$ 3212.00,10
1063,09:30:01,$ 3212.00,5
1064,09:30:01,$ 3212.00,1
1065,09:30:01,$ 3212.00,14
1066,09:30:01,$ 3212.00,1
1067,09:30:01,$ 3212.00,10
1068,09:30:01,$ 3212.00,1
1069,09:30:01,$ 3212.00,2
1070,09:30:01,$ 3212.00,6
1072,09:30:01,$ 3212.00,5
1073,09:30:01,$ 3212.00,1
1074,09:30:01,$ 3212.00,1
1075,09:30:01,$ 3212.00,1
1076,09:30:01,$ 3212.00,10
1077,09:30:01,$ 3212.00,5
1078,09:30:01,$ 3212.00,1
1079,09:30:01,$ 3212.00,2
1080,09:30:01,$ 3212.00,1
1081,09:30:01,$ 3212.00,2
1082,09:30:01,$ 3212.00,1
1083,09:30:01,$ 3212.00,10
1084,09:30:01,$ 3212.00,6
1085,09:30:01,$ 3212.00,3
1086,09:30:01,$ 3212.00,3
1087,09:30:01,$ 3212.00,1
1088,09:30:01,$ 3212.00,1
1089,09:30:01,$ 3212.00,1
1090,09:30:01,$ 3212.00,2
1091,09:30:01,$ 3212.00,120
1093,09:30:01,$ 3212.00,4
1094,09:30:01,$ 3212.00,6
1095,09:30:01,$ 3212.00,1
1096,09:30:01,$ 3212.00,1
1097,09:30:01,$ 3212.00,1
1098,09:30:01,$ 3212.00,1
1099,09:30:01,$ 3212.00,5
1100,09:30:01,$ 3212.00,6
1101,09:30:01,$ 3212.00,1
1102,09:30:01,$ 3212.00,10
1103,09:30:01,$ 3212.00,16
1104,09:30:01,$ 3212.00,2
1105,09:30:01,$ 3212.00,2
1106,09:30:01,$ 3212.00,12
1107,09:30:01,$ 3212.00,6
1108,09:30:01,$ 3212.00,17
1109,09:30:01,$ 3212.00,1
1110,09:30:01,$ 3212.00,1
1111,09:30:01,$ 3212.00,1
1112,09:30:01,$ 3212.00,10
1114,09:30:01,$ 3212.00,1
1115,09:30:01,$ 3212.00,1
1116,09:30:01,$ 3212.00,16
1117,09:30:01,$ 3212.00,2
1118,09:30:01,$ 3212.00,5
1119,09:30:01,$ 3212.00,2
1120,09:30:01,$ 3212.00,6
1121,09:30:01,$ 3212.00,1
1122,09:30:01,$ 3212.00,1
1123,09:30:01,$ 3212.00,2
1124,09:30:01,$ 3212.00,3
1125,09:30:01,$ 3212.00,10
1126,09:30:01,$ 3212.00,10
1127,09:30:01,$ 3212.00,40
1128,09:30:01,$ 3212.00,142
1129,09:30:01,$ 3212.00,23
1130,09:30:01,$ 3212.00,9
1131,09:30:01,$ 3212.00,21
1132,09:30:01,$ 3212.00,41
1133,09:30:01,$ 3212.00,31
1135,09:30:01,$ 3212.00,1
1136,09:30:01,$ 3212.00,11
1137,09:30:01,$ 3212.00,2
1138,09:30:01,$ 3212.00,50
1139,09:30:01,$ 3212.00,1
1140,09:30:01,$ 3212.00,29
1141,09:30:01,$ 3212.00,1
1142,09:30:01,$ 3212.00,16
1143,09:30:01,$ 3212.00,15
1144,09:30:01,$ 3212.00,4
1145,09:30:01,$ 3212.00,4
1146,09:30:01,$ 3212.00,1
1147,09:30:01,$ 3212.00,8
1148,09:30:01,$ 3212.00,1
1149,09:30:01,$ 3212.00,12
1150,09:30:01,$ 3212.00,1
1151,09:30:01,$ 3212.00,1
1152,09:30:01,$ 3212.00,2
1153,09:30:01,$ 3212.00,2
1154,09:30:01,$ 3212.00,1
1156,09:30:01,$ 3212.00,1
1157,09:30:01,$ 3212.00,1
1158,09:30:01,$ 3212.00,1
1159,09:30:01,$ 3212.00,1
1160,09:30:01,$ 3212.00,1
1161,09:30:01,$ 3212.00,4
1162,09:30:01,$ 3212.00,4
1163,09:30:01,$ 3212.00,2
1164,09:30:01,$ 3212.00,1
1165,09:30:01,$ 3212.00,1
1166,09:30:01,$ 3212.00,1
1167,09:30:01,$ 3212.00,1
1168,09:30:01,$ 3212.00,10
1169,09:30:01,$ 3212.00,1
1170,09:30:01,$ 3212.00,5
1171,09:30:01,$ 3212.00,2
1172,09:30:01,$ 3212.00,6
1173,09:30:01,$ 3212.00,10
1174,09:30:01,$ 3212.00,4
1175,09:30:01,$ 3212.00,5
1177,09:30:01,$ 3212.00,1
1178,09:30:01,$ 3212.00,67
1179,09:30:01,$ 3212.00,25
1180,09:30:01,$ 3212.00,1
1181,09:30:01,$ 3212.00,43
1182,09:30:01,$ 3212.00,140
1183,09:30:01,$ 3212.00,1
1184,09:30:01,$ 3212.00,3
1185,09:30:01,$ 3212.00,20
1186,09:30:01,$ 3212.00,3
1187,09:30:01,$ 3212.00,11
1188,09:30:01,$ 3212.00,2
1189,09:30:01,$ 3212.00,16
1190,09:30:01,$ 3212.00,3
1191,09:30:01,$ 3212.00,1
1192,09:30:01,$ 3212.00,1
1193,09:30:01,$ 3212.00,2
1194,09:30:01,$ 3212.00,1
1195,09:30:01,$ 3212.00,5
1196,09:30:01,$ 3212.00,1
1198,09:30:01,$ 3212.00,1
1199,09:30:01,$ 3212.00,10
1200,09:30:01,$ 3212.00,4
1201,09:30:01,$ 3212.00,2
1202,09:30:01,$ 3212.00,1
1203,09:30:01,$ 3212.00,5
1204,09:30:01,$ 3212.00,1
1205,09:30:01,$ 3212.00,1
1206,09:30:01,$ 3212.00,15
1207,09:30:01,$ 3212.00,6
1208,09:30:01,$ 3212.00,59
1209,09:30:01,$ 3212.00,2
1210,09:30:01,$ 3212.00,1
1211,09:30:01,$ 3212.00,3
1212,09:30:01,$ 3212.00,1
1213,09:30:01,$ 3212.00,10
1214,09:30:01,$ 3212.00,588
1215,09:30:01,$ 3212.00,5
1216,09:30:01,$ 3212.00,6
1217,09:30:01,$ 3212.00,1
1219,09:30:01,$ 3212.00,2
1220,09:30:01,$ 3212.00,10
1221,09:30:01,$ 3212.00,1
1222,09:30:01,$ 3212.00,5
1223,09:30:01,$ 3212.00,2
1224,09:30:01,$ 3212.00,54
1225,09:30:01,$ 3212.00,1
1226,09:30:01,$ 3212.00,1
1227,09:30:01,$ 3212.00,1
1228,09:30:01,$ 3212.00,1
1229,09:30:01,$ 3212.00,3
1230,09:30:01,$ 3212.00,10
1231,09:30:01,$ 3212.00,4
1232,09:30:01,$ 3212.00,20
1233,09:30:01,$ 3212.00,1
1234,09:30:01,$ 3212.00,1
1235,09:30:01,$ 3212.00,1
1236,09:30:01,$ 3212.00,1
1237,09:30:01,$ 3212.00,1
1238,09:30:01,$ 3212.00,2
1240,09:30:01,$ 3212.00,1
1241,09:30:01,$ 3212.00,3
1242,09:30:01,$ 3212.00,1
1243,09:30:01,$ 3212.00,3
1244,09:30:01,$ 3212.00,3
1245,09:30:01,$ 3212.00,1
1246,09:30:01,$ 3212.00,1
1247,09:30:01,$ 3212.00,5
1248,09:30:01,$ 3212.00,2
1249,09:30:01,$ 3212.00,1
1250,09:30:01,$ 3212.00,1
1251,09:30:01,$ 3212.00,2
1252,09:30:01,$ 3212.00,1
1253,09:30:01,$ 3212.00,1
1254,09:30:01,$ 3212.00,3
1255,09:30:01,$ 3212.00,1
1256,09:30:01,$ 3212.00,1
1257,09:30:01,$ 3212.00,4
1258,09:30:01,$ 3212.00,2
1259,09:30:01,$ 3212.00,10
1261,09:30:01,$ 3212.00,11
1262,09:30:01,$ 3212.00,3
1263,09:30:01,$ 3212.00,1
1264,09:30:01,$ 3212.00,2
1265,09:30:01,$ 3212.00,1
1266,09:30:01,$ 3212.00,2
1267,09:30:01,$ 3212.00,1
1268,09:30:01,$ 3212.00,1
1269,09:30:01,$ 3212.00,1
1270,09:30:01,$ 3212.00,1
1271,09:30:01,$ 3212.00,1
1272,09:30:01,$ 3212.00,3
1273,09:30:01,$ 3212.00,4
1274,09:30:01,$ 3212.00,1
1275,09:30:01,$ 3212.00,4
1276,09:30:01,$ 3212.00,4
1277,09:30:01,$ 3212.00,1
1278,09:30:01,$ 3212.00,3
1279,09:30:01,$ 3212.00,1
1280,09:30:01,$ 3212.00,5
1282,09:30:01,$ 3212.00,1
1283,09:30:01,$ 3212.00,2
1284,09:30:01,$ 3212.00,1
1285,09:30:01,$ 3212.00,4
1286,09:30:01,$ 3212.00,2
1287,09:30:01,$ 3212.00,6
1288,09:30:01,$ 3212.00,2
1289,09:30:01,$ 3212.00,3
1290,09:30:01,$ 3212.00,1
1291,09:30:01,$ 3212.00,1
1292,09:30:01,$ 3212.00,4
1293,09:30:01,$ 3212.00,3
1294,09:30:01,$ 3212.00,2
1295,09:30:01,$ 3212.00,3
1296,09:30:01,$ 3212.00,3
1297,09:30:01,$ 3212.00,3
1298,09:30:01,$ 3212.00,3
1299,09:30:01,$ 3212.00,1
1300,09:30:01,$ 3212.00,3
1301,09:30:01,$ 3212.00,25
1303,09:30:01,$ 3212.00,2
1304,09:30:01,$ 3212.00,7
1305,09:30:01,$ 3212.00,2
1306,09:30:01,$ 3212.00,1
1307,09:30:01,$ 3212.00,7
1308,09:30:01,$ 3212.00,5
1309,09:30:01,$ 3212.00,1
1310,09:30:01,$ 3212.00,5
1311,09:30:01,$ 3212.00,3
1312,09:30:01,$ 3212.00,1
1313,09:30:01,$ 3212.00,2
1314,09:30:01,$ 3212.00,1
1315,09:30:01,$ 3212.00,1
1316,09:30:01,$ 3212.00,7
1317,09:30:01,$ 3212.00,9
1318,09:30:01,$ 3212.00,10
1319,09:30:01,$ 3212.00,4
1320,09:30:01,$ 3212.00,1
1321,09:30:01,$ 3212.00,2
1322,09:30:01,$ 3212.00,1
1324,09:30:01,$ 3212.00,100
1325,09:30:01,$ 3212.00,100
1326,09:30:01,$ 3212.00,3
1327,09:30:01,$ 3212.00,36
1328,09:30:01,$ 3212.00,1
1329,09:30:01,$ 3212.00,13
1330,09:30:01,$ 3212.00,1
1331,09:30:01,$ 3212.00,7
1332,09:30:01,$ 3212.00,1
1333,09:30:01,$ 3212.00,1
1334,09:30:01,$ 3212.00,1
1335,09:30:01,$ 3212.00,1
1336,09:30:01,$ 3212.00,20
1337,09:30:01,$ 3212.00,1
1338,09:30:01,$ 3212.00,300
1339,09:30:01,$ 3212.00,3
1340,09:30:01,$ 3212.00,1
1341,09:30:01,$ 3212.00,3
1342,09:30:01,$ 3212.00,300
1343,09:30:01,$ 3212.00,1
1345,09:30:01,$ 3212.00,1
1346,09:30:01,$ 3212.00,5
1347,09:30:01,$ 3212.00,4
1348,09:30:01,$ 3212.00,2
1349,09:30:01,$ 3212.00,2
1350,09:30:01,$ 3212.00,1
1351,09:30:01,$ 3212.00,2
1352,09:30:01,$ 3212.00,15
1353,09:30:01,$ 3212.00,8
1354,09:30:01,$ 3212.00,6
1355,09:30:01,$ 3212.00,1
1356,09:30:01,$ 3212.00,1
1357,09:30:01,$ 3212.00,1
1358,09:30:01,$ 3212.00,4
1359,09:30:01,$ 3212.00,1
1360,09:30:01,$ 3212.00,11
1361,09:30:01,$ 3212.00,16
1362,09:30:01,$ 3212.00,1
1363,09:30:01,$ 3212.00,1
1364,09:30:01,$ 3212.00,8
1366,09:30:01,$ 3212.00,2
1367,09:30:01,$ 3212.00,2
1368,09:30:01,$ 3212.00,9
1369,09:30:01,$ 3212.00,1
1370,09:30:01,$ 3212.00,1
1371,09:30:01,$ 3212.00,30
1372,09:30:01,$ 3212.00,62
1373,09:30:01,$ 3212.00,1
1374,09:30:01,$ 3212.00,21
1375,09:30:01,$ 3212.00,32
1376,09:30:01,$ 3212.00,28
1377,09:30:01,$ 3212.00,1
1378,09:30:01,$ 3212.00,10
1379,09:30:01,$ 3212.00,2
1380,09:30:01,$ 3212.00,1
1381,09:30:01,$ 3212.00,1
1382,09:30:01,$ 3212.00,1
1383,09:30:01,$ 3212.00,1
1384,09:30:01,$ 3212.00,1
1385,09:30:01,$ 3212.00,50
1387,09:30:01,$ 3212.00,3
1388,09:30:01,$ 3212.00,33
1389,09:30:01,$ 3212.00,17
1390,09:30:01,$ 3212.00,9
1391,09:30:01,$ 3212.00,3
1392,09:30:01,$ 3212.00,1
1393,09:30:01,$ 3212.00,3
1394,09:30:01,$ 3212.00,2
1395,09:30:01,$ 3212.00,1
1396,09:30:01,$ 3212.00,2
1397,09:30:01,$ 3212.00,10
1398,09:30:01,$ 3212.00,7
1399,09:30:01,$ 3212.00,1
1400,09:30:01,$ 3212.00,1
1401,09:30:01,$ 3212.00,1
1402,09:30:01,$ 3212.00,3
1403,09:30:01,$ 3212.00,2
1404,09:30:01,$ 3212.00,6
1405,09:30:01,$ 3212.00,4
1406,09:30:01,$ 3212.00,1
1408,09:30:01,$ 3212.00,1
1409,09:30:01,$ 3212.00,2
1410,09:30:01,$ 3212.00,2
1411,09:30:01,$ 3212.00,1
1412,09:30:01,$ 3212.00,7
1413,09:30:01,$ 3212.00,12
1414,09:30:01,$ 3212.00,1
1415,09:30:01,$ 3212.00,4
1416,09:30:01,$ 3212.00,1
1417,09:30:01,$ 3212.00,7
1418,09:30:01,$ 3212.00,10
1419,09:30:01,$ 3212.00,2
1420,09:30:01,$ 3212.00,1
1421,09:30:01,$ 3212.00,11
1422,09:30:01,$ 3212.00,1
1423,09:30:01,$ 3212.00,3
1424,09:30:01,$ 3212.00,1
1425,09:30:01,$ 3212.00,30
1426,09:30:01,$ 3212.00,1
1427,09:30:01,$ 3212.00,1
1429,09:30:01,$ 3212.00,1
1430,09:30:01,$ 3212.00,3
1431,09:30:01,$ 3212.00,1
1432,09:30:01,$ 3212.00,3
1433,09:30:01,$ 3212.00,1
1434,09:30:01,$ 3212.00,10
1435,09:30:01,$ 3212.00,2
1436,09:30:01,$ 3212.00,1
1437,09:30:01,$ 3212.00,4
1438,09:30:01,$ 3212.00,13
1439,09:30:01,$ 3212.00,3
1440,09:30:01,$ 3212.00,1
1441,09:30:01,$ 3212.00,3
1442,09:30:01,$ 3212.00,6
1443,09:30:01,$ 3212.00,62
1444,09:30:01,$ 3212.00,1
1445,09:30:01,$ 3212.00,6
1446,09:30:01,$ 3212.00,1
1447,09:30:01,$ 3212.00,1
1448,09:30:01,$ 3212.00,1
1450,09:30:01,$ 3212.00,40
1451,09:30:01,$ 3212.00,1
1452,09:30:01,$ 3212.00,7
1453,09:30:01,$ 3212.00,5
1454,09:30:01,$ 3212.00,2
1455,09:30:01,$ 3212.00,3
1456,09:30:01,$ 3212.00,5
1457,09:30:01,$ 3212.00,1
1458,09:30:01,$ 3212.00,1
1459,09:30:01,$ 3212.00,1
1460,09:30:01,$ 3212.00,15
1461,09:30:01,$ 3212.00,5
1462,09:30:01,$ 3212.00,4
1463,09:30:01,$ 3212.00,1
1464,09:30:01,$ 3212.00,2
1465,09:30:01,$ 3212.00,2
1466,09:30:01,$ 3212.00,2
1467,09:30:01,$ 3212.00,2
1468,09:30:01,$ 3212.00,1
1469,09:30:01,$ 3212.00,1
1471,09:30:01,$ 3212.00,1
1472,09:30:01,$ 3212.00,4
1473,09:30:01,$ 3212.00,1
1474,09:30:01,$ 3212.00,2
1475,09:30:01,$ 3212.00,5
1476,09:30:01,$ 3212.00,5
1477,09:30:01,$ 3212.00,1
1478,09:30:01,$ 3212.00,7
1479,09:30:01,$ 3212.00,1
1480,09:30:01,$ 3212.00,1
1481,09:30:01,$ 3212.00,1
1482,09:30:01,$ 3212.00,1
1483,09:30:01,$ 3212.00,2
1484,09:30:01,$ 3212.00,1
1485,09:30:01,$ 3212.00,2
1486,09:30:01,$ 3212.00,1
1487,09:30:01,$ 3212.00,1
1488,09:30:01,$ 3212.00,1
1489,09:30:01,$ 3212.00,1
1490,09:30:01,$ 3212.00,1
1492,09:30:01,$ 3212.00,1
1493,09:30:01,$ 3212.00,3
1494,09:30:01,$ 3212.00,50
1495,09:30:01,$ 3212.00,1
1496,09:30:01,$ 3212.00,20
1497,09:30:01,$ 3212.00,1
1498,09:30:01,$ 3212.00,1
1499,09:30:01,$ 3212.00,3
1500,09:30:01,$ 3212.00,2
1501,09:30:01,$ 3212.00,2
1502,09:30:01,$ 3212.00,5
1503,09:30:01,$ 3212.00,10
1504,09:30:01,$ 3212.00,5
1505,09:30:01,$ 3212.00,2
1506,09:30:01,$ 3212.00,9
1507,09:30:01,$ 3212.00,1
1508,09:30:01,$ 3212.00,6
1509,09:30:01,$ 3212.00,2
1510,09:30:01,$ 3212.00,10
1511,09:30:01,$ 3212.00,1
1513,09:30:01,$ 3212.00,1
1514,09:30:01,$ 3212.00,2
1515,09:30:01,$ 3212.00,2
1516,09:30:01,$ 3212.00,2
1517,09:30:01,$ 3212.00,1
1518,09:30:01,$ 3212.00,6
1519,09:30:01,$ 3212.00,1
1520,09:30:01,$ 3212.00,1
1521,09:30:01,$ 3212.00,2
1522,09:30:01,$ 3212.00,3
1523,09:30:01,$ 3212.00,1
1524,09:30:01,$ 3212.00,50
1525,09:30:01,$ 3212.00,1
1526,09:30:01,$ 3212.00,1
1527,09:30:01,$ 3212.00,3
1528,09:30:01,$ 3212.00,1
1529,09:30:01,$ 3212.00,3
1530,09:30:01,$ 3212.00,3
1531,09:30:01,$ 3212.00,13
1532,09:30:01,$ 3212.00,1
1534,09:30:01,$ 3212.00,2
1535,09:30:01,$ 3212.00,1
1536,09:30:01,$ 3212.00,2
1537,09:30:01,$ 3212.00,1
1538,09:30:01,$ 3212.00,2
1539,09:30:01,$ 3212.00,1
1540,09:30:01,$ 3212.00,1
1541,09:30:01,$ 3212.00,10
1542,09:30:01,$ 3212.00,1
1543,09:30:01,$ 3212.00,1
1544,09:30:01,$ 3212.00,1
1545,09:30:01,$ 3212.00,1
1546,09:30:01,$ 3212.00,2
1547,09:30:01,$ 3212.00,1
1548,09:30:01,$ 3212.00,2
1549,09:30:01,$ 3212.00,1
1550,09:30:01,$ 3212.00,1
1551,09:30:01,$ 3212.00,1
1552,09:30:01,$ 3212.00,1
1553,09:30:01,$ 3212.00,2
1555,09:30:01,$ 3212.00,1
1556,09:30:01,$ 3212.00,1
1557,09:30:01,$ 3212.00,2
1558,09:30:01,$ 3212.00,2
1559,09:30:01,$ 3212.00,16
1560,09:30:01,$ 3212.00,5
1561,09:30:01,$ 3212.00,10
1562,09:30:01,$ 3212.00,10
1563,09:30:01,$ 3212.00,3
1564,09:30:01,$ 3212.00,1
1565,09:30:01,$ 3212.00,1
1566,09:30:01,$ 3212.00,2
1567,09:30:01,$ 3212.00,1
1568,09:30:01,$ 3212.00,1
1569,09:30:01,$ 3212.00,1
1570,09:30:01,$ 3212.00,2
1571,09:30:01,$ 3212.00,1
1572,09:30:01,$ 3212.00,12
1573,09:30:01,$ 3212.00,1
1574,09:30:01,$ 3212.00,2
1576,09:30:01,$ 3212.00,1
1577,09:30:01,$ 3212.00,188
1578,09:30:01,$ 3212.00,43
1579,09:30:01,$ 3212.00,22
1580,09:30:01,$ 3212.00,5
1581,09:30:01,$ 3212.00,16
1582,09:30:01,$ 3212.00,132
1583,09:30:01,$ 3212.00,1
1584,09:30:01,$ 3212.00,3
1585,09:30:01,$ 3212.00,1
1586,09:30:01,$ 3212.00,4
1587,09:30:01,$ 3212.00,56
1588,09:30:01,$ 3212.00,1
1589,09:30:01,$ 3212.00,7
1590,09:30:01,$ 3212.00,1
1591,09:30:01,$ 3212.00,1
1592,09:30:01,$ 3212.00,1
1593,09:30:01,$ 3212.00,1
1594,09:30:01,$ 3212.00,1
1595,09:30:01,$ 3212.00,1
1597,09:30:01,$ 3212.00,1
1598,09:30:01,$ 3212.00,1
1599,09:30:01,$ 3212.00,4
1600,09:30:01,$ 3212.00,2
1601,09:30:01,$ 3212.00,40
1602,09:30:01,$ 3212.00,1
1603,09:30:01,$ 3212.00,1
1604,09:30:01,$ 3212.00,1
1605,09:30:01,$ 3212.00,2
1606,09:30:01,$ 3212.00,2
1607,09:30:01,$ 3212.00,1
1608,09:30:01,$ 3212.00,1
1609,09:30:01,$ 3212.00,1
1610,09:30:01,$ 3212.00,3
1611,09:30:01,$ 3212.00,10
1612,09:30:01,$ 3212.00,2
1613,09:30:01,$ 3212.00,1
1614,09:30:01,$ 3212.00,300
1615,09:30:01,$ 3212.00,1
1616,09:30:01,$ 3212.00,25
1618,09:30:01,$ 3212.00,1
1619,09:30:01,$ 3212.00,16
1620,09:30:01,$ 3212.00,31
1621,09:30:01,$ 3212.00,83
1622,09:30:01,$ 3212.00,200
1623,09:30:01,$ 3212.00,15
1624,09:30:01,$ 3212.00,5
1625,09:30:01,$ 3212.00,1
1626,09:30:01,$ 3212.00,5
1627,09:30:01,$ 3212.00,186
1628,09:30:01,$ 3212.00,194
1629,09:30:01,$ 3212.00,3
1630,09:30:01,$ 3212.00,5
1631,09:30:01,$ 3212.00,5
1632,09:30:01,$ 3212.00,190
1633,09:30:01,$ 3212.00,1
1634,09:30:01,$ 3212.00,28
1635,09:30:01,$ 3212.00,2
1636,09:30:01,$ 3212.00,4
1637,09:30:01,$ 3212.00,1
1639,09:30:01,$ 3212.00,100
1640,09:30:01,$ 3212.00,100
1641,09:30:01,$ 3212.00,4
1642,09:30:01,$ 3212.00,3
1643,09:30:01,$ 3212.00,7
1644,09:30:01,$ 3212.00,40
1645,09:30:01,$ 3212.00,246
1646,09:30:01,$ 3212.00,5
1647,09:30:01,$ 3212.00,12
1648,09:30:01,$ 3212.00,5
1649,09:30:01,$ 3212.00,10
1650,09:30:01,$ 3212.00,10
1651,09:30:01,$ 3212.00,2
1652,09:30:01,$ 3212.00,1
1653,09:30:01,$ 3212.00,1
1654,09:30:01,$ 3212.00,5
1655,09:30:01,$ 3212.00,2
1656,09:30:01,$ 3212.00,81
1657,09:30:01,$ 3212.00,2
1658,09:30:01,$ 3212.00,24
1660,09:30:01,$ 3212.00,49
1661,09:30:01,$ 3212.00,1
1662,09:30:01,$ 3212.00,1
1663,09:30:01,$ 3212.00,1
1664,09:30:01,$ 3212.00,1
1665,09:30:01,$ 3212.00,1
1666,09:30:01,$ 3212.00,1
1667,09:30:01,$ 3212.00,1
1668,09:30:01,$ 3212.00,1
1669,09:30:01,$ 3212.00,1
1670,09:30:01,$ 3212.00,1
1671,09:30:01,$ 3212.00,1
1672,09:30:01,$ 3212.00,60
1673,09:30:01,$ 3212.00,1
1674,09:30:01,$ 3212.00,1
1675,09:30:01,$ 3212.00,1
1676,09:30:01,$ 3212.00,3
1677,09:30:01,$ 3212.00,2
1678,09:30:01,$ 3212.00,1
1679,09:30:01,$ 3212.00,1
1681,09:30:01,$ 3212.00,1
1682,09:30:01,$ 3212.00,1
1683,09:30:01,$ 3212.00,1
1684,09:30:01,$ 3212.00,1
1685,09:30:01,$ 3212.00,1
1686,09:30:01,$ 3212.00,1
1687,09:30:01,$ 3212.00,103
1688,09:30:01,$ 3212.00,1
1689,09:30:01,$ 3212.00,3
1690,09:30:01,$ 3212.00,1
1691,09:30:01,$ 3212.00,1
1692,09:30:01,$ 3212.00,1
1693,09:30:01,$ 3212.00,3
1694,09:30:01,$ 3212.00,1
1695,09:30:01,$ 3212.00,9
1696,09:30:01,$ 3212.00,1
1697,09:30:01,$ 3212.00,1
1698,09:30:01,$ 3212.00,1
1699,09:30:01,$ 3212.00,1
1700,09:30:01,$ 3212.00,1
1702,09:30:01,$ 3212.00,1
1703,09:30:01,$ 3212.00,10
1704,09:30:01,$ 3212.00,1
1705,09:30:01,$ 3212.00,11
1706,09:30:01,$ 3212.00,5
1707,09:30:01,$ 3212.00,5
1708,09:30:01,$ 3212.00,28
1709,09:30:01,$ 3212.00,1
1710,09:30:01,$ 3212.00,1
1711,09:30:01,$ 3212.00,1
1712,09:30:01,$ 3212.00,1
1713,09:30:01,$ 3212.00,1
1714,09:30:01,$ 3212.00,240
1715,09:30:01,$ 3212.00,6
1716,09:30:01,$ 3212.00,3
1717,09:30:01,$ 3212.00,3
1718,09:30:01,$ 3212.00,1
1719,09:30:01,$ 3212.00,2
1720,09:30:01,$ 3212.00,16
1721,09:30:01,$ 3212.00,8
1723,09:30:01,$ 3212.00,1
1724,09:30:01,$ 3212.00,12
1725,09:30:01,$ 3212.00,5
1726,09:30:01,$ 3212.00,1
1727,09:30:01,$ 3212.00,1
1728,09:30:01,$ 3212.00,1
1729,09:30:01,$ 3212.00,2
1730,09:30:01,$ 3212.00,1
1731,09:30:01,$ 3212.00,2
1732,09:30:01,$ 3212.00,4
1733,09:30:01,$ 3212.00,6
1734,09:30:01,$ 3212.00,3
1735,09:30:01,$ 3212.00,2
1736,09:30:01,$ 3212.00,1
1737,09:30:01,$ 3212.00,1
1738,09:30:01,$ 3212.00,1
1739,09:30:01,$ 3212.00,3
1740,09:30:01,$ 3212.00,8
1741,09:30:01,$ 3212.00,8
1742,09:30:01,$ 3212.00,5
1744,09:30:01,$ 3212.00,2
1745,09:30:01,$ 3212.00,3
1746,09:30:01,$ 3212.00,47
1747,09:30:01,$ 3212.00,"1,600"
1748,09:30:01,$ 3212.00,14
1749,09:30:01,$ 3212.00,126
1750,09:30:01,$ 3212.00,4
1751,09:30:01,$ 3212.00,2
1752,09:30:01,$ 3212.00,14
1753,09:30:01,$ 3212.00,212
1754,09:30:01,$ 3212.00,10
1755,09:30:01,$ 3212.00,12
1756,09:30:01,$ 3212.00,29
1757,09:30:01,$ 3212.00,1
1758,09:30:01,$ 3212.00,700
1759,09:30:01,$ 3212.00,2
1760,09:30:01,$ 3212.00,12
1761,09:30:01,$ 3212.00,1
1762,09:30:01,$ 3212.00,400
1763,09:30:01,$ 3212.00,3
1765,09:30:01,$ 3212.00,41
1766,09:30:01,$ 3212.00,4
1767,09:30:01,$ 3212.00,4
1768,09:30:01,$ 3212.00,1
1769,09:30:01,$ 3212.00,1
1770,09:30:01,$ 3212.00,90
1771,09:30:01,$ 3212.00,4
1772,09:30:01,$ 3212.00,9
1773,09:30:01,$ 3212.00,4
1774,09:30:01,$ 3212.00,21
1775,09:30:01,$ 3212.00,5
1776,09:30:01,$ 3212.00,10
1777,09:30:01,$ 3212.00,40
1778,09:30:01,$ 3212.00,2
1779,09:30:01,$ 3212.00,2
1780,09:30:01,$ 3212.00,23
1781,09:30:01,$ 3212.00,4
1782,09:30:01,$ 3212.00,3
1783,09:30:01,$ 3212.00,132
1784,09:30:01,$ 3212.00,6
1786,09:30:01,$ 3212.00,5
1787,09:30:01,$ 3212.00,18
1788,09:30:01,$ 3212.00,1
1789,09:30:01,$ 3212.00,256
1790,09:30:01,$ 3212.00,1
1791,09:30:01,$ 3212.00,2
1792,09:30:01,$ 3212.00,1
1793,09:30:01,$ 3212.00,10
1794,09:30:01,$ 3212.00,5
1795,09:30:01,$ 3212.00,1
1796,09:30:01,$ 3212.00,10
1797,09:30:01,$ 3212.00,25
1798,09:30:01,$ 3212.00,3
1799,09:30:01,$ 3212.00,3
1800,09:30:01,$ 3212.00,1
1801,09:30:01,$ 3212.00,16
1802,09:30:01,$ 3212.00,1
1803,09:30:01,$ 3212.00,1
1804,09:30:01,$ 3212.00,93
1805,09:30:01,$ 3212.00,2
1807,09:30:01,$ 3212.00,12
1808,09:30:01,$ 3212.00,90
1809,09:30:01,$ 3212.00,1
1810,09:30:01,$ 3212.00,10
1811,09:30:01,$ 3212.00,4
1812,09:30:01,$ 3212.00,4
1813,09:30:01,$ 3212.00,80
1814,09:30:01,$ 3212.00,6
1815,09:30:01,$ 3212.00,2
1816,09:30:01,$ 3212.00,8
1817,09:30:01,$ 3212.00,4
1818,09:30:01,$ 3212.00,10
1819,09:30:01,$ 3212.00,1
1820,09:30:01,$ 3212.00,2
1821,09:30:01,$ 3212.00,15
1822,09:30:01,$ 3212.00,13
1823,09:30:01,$ 3212.00,4
1824,09:30:01,$ 3212.00,66
1825,09:30:01,$ 3212.00,2
1826,09:30:01,$ 3212.00,146
1828,09:30:01,$ 3212.00,294
1829,09:30:01,$ 3212.00,20
1830,09:30:01,$ 3212.00,7
1831,09:30:01,$ 3212.00,2
1832,09:30:01,$ 3212.00,1
1833,09:30:01,$ 3212.00,16
1834,09:30:01,$ 3212.00,25
1835,09:30:01,$ 3212.00,6
1836,09:30:01,$ 3212.00,16
1837,09:30:01,$ 3212.00,10
1838,09:30:01,$ 3212.00,4
1839,09:30:01,$ 3212.00,35
1840,09:30:01,$ 3212.00,3
1841,09:30:01,$ 3212.00,2
1842,09:30:01,$ 3212.00,194
1843,09:30:01,$ 3212.00,3
1844,09:30:01,$ 3212.00,2
1845,09:30:01,$ 3212.00,2
1846,09:30:01,$ 3212.00,16
1847,09:30:01,$ 3212.00,2
1849,09:30:01,$ 3212.00,15
1850,09:30:01,$ 3212.00,261
1851,09:30:01,$ 3212.00,1
1852,09:30:01,$ 3212.00,1
1853,09:30:01,$ 3212.00,1
1854,09:30:01,$ 3212.00,8
1855,09:30:01,$ 3212.00,1
1856,09:30:01,$ 3212.00,106
1857,09:30:01,$ 3212.00,1
1858,09:30:01,$ 3212.00,6
1859,09:30:01,$ 3212.00,25
1860,09:30:01,$ 3212.00,3
1861,09:30:01,$ 3212.00,22
1862,09:30:01,$ 3212.00,500
1863,09:30:01,$ 3212.00,4
1864,09:30:01,$ 3212.00,2
1865,09:30:01,$ 3212.00,94
1866,09:30:01,$ 3212.00,1
1867,09:30:01,$ 3212.00,300
1868,09:30:01,$ 3212.00,10
1870,09:30:01,$ 3212.00,4
1871,09:30:01,$ 3212.00,200
1872,09:30:01,$ 3212.00,11
1873,09:30:01,$ 3212.00,3
1874,09:30:01,$ 3212.00,1
1875,09:30:01,$ 3212.00,50
1876,09:30:01,$ 3212.00,1
1877,09:30:01,$ 3212.00,10
1878,09:30:01,$ 3212.00,3
1879,09:30:01,$ 3212.00,10
1880,09:30:01,$ 3212.00,10
1881,09:30:01,$ 3212.00,8
1882,09:30:01,$ 3212.00,8
1883,09:30:01,$ 3212.00,5
1884,09:30:01,$ 3212.00,6
1885,09:30:01,$ 3212.00,17
1886,09:30:01,$ 3212.00,31
1887,09:30:01,$ 3212.00,184
1888,09:30:01,$ 3212.00,1
1889,09:30:01,$ 3212.00,15
1891,09:30:01,$ 3212.00,18
1892,09:30:01,$ 3212.00,63
1893,09:30:01,$ 3212.00,200
1894,09:30:01,$ 3212.00,2
1895,09:30:01,$ 3212.00,2
1896,09:30:01,$ 3212.00,109
1897,09:30:01,$ 3212.00,2
1898,09:30:01,$ 3212.00,1
1899,09:30:01,$ 3212.00,30
1900,09:30:01,$ 3212.00,8
1901,09:30:01,$ 3212.00,11
1902,09:30:01,$ 3212.00,2
1903,09:30:01,$ 3212.00,2
1904,09:30:01,$ 3212.00,19
1905,09:30:01,$ 3212.00,1
1906,09:30:01,$ 3212.00,1
1907,09:30:01,$ 3212.00,100
1908,09:30:01,$ 3212.00,3
1909,09:30:01,$ 3212.00,1
1910,09:30:01,$ 3212.00,21
1912,09:30:01,$ 3212.00,1
1913,09:30:01,$ 3212.00,2
1914,09:30:01,$ 3212.00,4
1915,09:30:01,$ 3212.00,2
1916,09:30:01,$ 3212.00,4
1917,09:30:01,$ 3212.00,4
1918,09:30:01,$ 3212.00,5
1919,09:30:01,$ 3212.00,4
1920,09:30:01,$ 3212.00,1
1921,09:30:01,$ 3212.00,59
1922,09:30:01,$ 3212.00,20
1923,09:30:01,$ 3212.00,1
1924,09:30:01,$ 3212.00,5
1925,09:30:01,$ 3212.00,1
1926,09:30:01,$ 3212.00,2
1927,09:30:01,$ 3212.00,1
1928,09:30:01,$ 3212.00,25
1929,09:30:01,$ 3212.00,5
1930,09:30:01,$ 3212.00,3
1931,09:30:01,$ 3212.00,4
1933,09:30:01,$ 3212.00,2
1934,09:30:01,$ 3212.00,17
1935,09:30:01,$ 3212.00,1
1936,09:30:01,$ 3212.00,7
1937,09:30:01,$ 3212.00,15
1938,09:30:01,$ 3212.00,2
1939,09:30:01,$ 3212.00,17
1940,09:30:01,$ 3212.00,5
1941,09:30:01,$ 3212.00,10
1942,09:30:01,$ 3212.00,4
1943,09:30:01,$ 3212.00,1
1944,09:30:01,$ 3212.00,1
1945,09:30:01,$ 3212.00,1
1946,09:30:01,$ 3212.00,3
1947,09:30:01,$ 3212.00,22
1948,09:30:01,$ 3212.00,1
1949,09:30:01,$ 3212.00,123
1950,09:30:01,$ 3212.00,1
1951,09:30:01,$ 3212.00,1
1952,09:30:01,$ 3212.00,3
1954,09:30:01,$ 3212.00,476
1955,09:30:01,$ 3212.00,1
1956,09:30:01,$ 3212.00,1
1957,09:30:01,$ 3212.00,12
1958,09:30:01,$ 3212.00,2
1959,09:30:01,$ 3212.00,1
1960,09:30:01,$ 3212.00,1
1961,09:30:01,$ 3212.00,5
1962,09:30:01,$ 3212.00,50
1963,09:30:01,$ 3212.00,1
1964,09:30:01,$ 3212.00,8
1965,09:30:00,$ 3212.01,158
1966,09:30:00,$ 3212.01,563
1967,09:30:00,$ 3212.00,10
1968,09:30:00,$ 3212.00,10
1969,09:30:00,$ 3212.00,100
1970,09:30:00,$ 3212.00,25
1971,09:30:00,$ 3212.00,85
1972,09:30:00,$ 3212.00,100
1973,09:30:00,$ 3212.00,1
1975,09:30:00,$ 3212.00,"1,457"
1977,10:29:40,$ 3210.62,100
1978,10:29:40,$ 3210.00,100
1979,10:29:39,$ 3210.76,100
1980,10:29:29,$ 3211.89,100
1981,10:29:26,$ 3211.84,233
1982,10:29:21,$ 3211.83,100
1983,10:29:21,$ 3211.795,100
1984,10:29:10,$ 3212.1834,237
1985,10:29:01,$ 3212.30,103
1986,10:29:00,$ 3212.24,100
1987,10:28:35,$ 3211.49,100
1988,10:28:32,$ 3211.45,200
1989,10:28:17,$ 3210.55,100
1990,10:27:57,$ 3211.28,100
1991,10:27:37,$ 3212.42,100
1992,10:27:37,$ 3212.03,100
1993,10:27:37,$ 3212.01,100
1994,10:27:27,$ 3211.50,100
1995,10:27:19,$ 3212.00,100
1996,10:26:56,$ 3211.62,100
1998,10:26:55,$ 3212.5361,199
1999,10:26:07,$ 3211.71,100
2000,10:25:48,$ 3212.01,100
2001,10:25:41,$ 3212.60,200
2002,10:25:31,$ 3212.39,100
2003,10:24:59,$ 3214.00,100
2004,10:24:59,$ 3214.00,100
2005,10:24:59,$ 3214.00,100
2006,10:24:58,$ 3213.74,100
2007,10:24:58,$ 3213.74,100
2008,10:24:58,$ 3213.74,100
2009,10:24:46,$ 3213.17,166
2010,10:24:19,$ 3211.60,100
2011,10:24:13,$ 3212.54,100
2012,10:24:05,$ 3211.45,100
2013,10:24:00,$ 3211.805,100
2014,10:23:56,$ 3211.97,100
2015,10:23:51,$ 3211.1301,200
2016,10:23:49,$ 3211.12,100
2017,10:23:49,$ 3211.12,100
2019,10:23:38,$ 3212.08,100
2020,10:23:34,$ 3211.00,100
2021,10:23:33,$ 3211.565,118
2022,10:22:31,$ 3210.93,100
2023,10:22:31,$ 3210.93,100
2024,10:22:11,$ 3211.5131,200
2025,10:22:04,$ 3209.52,100
2026,10:22:04,$ 3210.60,100
2027,10:22:04,$ 3210.58,100
2028,10:22:02,$ 3209.90,100
2029,10:21:59,$ 3209.62,100
2030,10:21:46,$ 3209.62,100
2031,10:21:46,$ 3209.175,100
2032,10:21:32,$ 3209.12,234
2033,10:21:23,$ 3209.15,100
2034,10:21:22,$ 3209.7525,100
2035,10:21:14,$ 3210.26,100
2036,10:20:39,$ 3209.92,100
2037,10:20:36,$ 3209.47,100
2038,10:20:33,$ 3210.045,100
2040,10:20:24,$ 3209.47,178
2041,10:20:24,$ 3209.77,100
2042,10:20:24,$ 3210.00,500
2043,10:20:24,$ 3210.00,100
2044,10:20:24,$ 3210.00,100
2045,10:20:24,$ 3210.00,100
2046,10:20:20,$ 3210.67,100
2047,10:20:20,$ 3210.69,162
2048,10:19:51,$ 3210.68,100
2049,10:19:39,$ 3210.79,100
2050,10:19:25,$ 3211.40,100
2051,10:19:17,$ 3211.37,500
2052,10:18:47,$ 3211.98,100
2053,10:18:47,$ 3211.96,100
2054,10:18:19,$ 3213.90,100
2055,10:17:51,$ 3213.90,100
2056,10:17:51,$ 3213.89,100
2057,10:17:37,$ 3212.90,100
2058,10:17:37,$ 3212.91,100
2059,10:17:29,$ 3212.31,100
2061,10:16:41,$ 3213.99,100
2062,10:16:41,$ 3213.94,100
2063,10:16:41,$ 3213.88,100
2064,10:16:07,$ 3215.00,100
2065,10:16:07,$ 3215.00,340
2066,10:15:58,$ 3214.54,100
2067,10:15:56,$ 3214.4162,200
2068,10:15:19,$ 3214.6869,100
2069,10:15:18,$ 3213.0801,170
2070,10:14:36,$ 3213.21,100
2071,10:14:36,$ 3213.1801,100
2072,10:14:23,$ 3214.13,100
2073,10:14:11,$ 3214.423,200
2074,10:14:11,$ 3214.51,100
2075,10:14:11,$ 3214.12,100
2076,10:14:11,$ 3214.00,100
2077,10:14:11,$ 3214.525,100
2078,10:14:11,$ 3214.39,300
2079,10:14:04,$ 3212.1401,100
2080,10:14:01,$ 3214.31,100
2082,10:14:00,$ 3213.89,100
2083,10:14:00,$ 3213.90,100
2084,10:13:42,$ 3212.38,100
2085,10:13:02,$ 3213.10,100
2086,10:12:59,$ 3212.97,165
2087,10:12:44,$ 3213.00,481
2088,10:12:44,$ 3212.95,100
2089,10:12:35,$ 3212.8565,100
2090,10:12:31,$ 3212.44,100
2091,10:12:30,$ 3212.24,100
2092,10:12:14,$ 3211.12,200
2093,10:11:47,$ 3210.62,100
2094,10:11:33,$ 3209.85,100
2095,10:11:31,$ 3209.838,100
2096,10:11:31,$ 3210.10,240
2097,10:11:09,$ 3210.16,100
2098,10:11:03,$ 3210.64,100
2099,10:10:51,$ 3211.21,100
2100,10:10:50,$ 3210.71,250
2101,10:10:50,$ 3211.35,100
2103,10:10:48,$ 3211.2599,160
2104,10:10:48,$ 3211.26,100
2105,10:10:42,$ 3211.1189,200
2106,10:10:42,$ 3211.26,100
2107,10:10:36,$ 3211.21,100
2108,10:10:36,$ 3211.25,100
2109,10:10:19,$ 3211.27,100
2110,10:09:51,$ 3211.35,100
2111,10:09:30,$ 3211.89,100
2112,10:09:24,$ 3210.36,100
2113,10:09:01,$ 3212.51,100
2114,10:09:00,$ 3212.00,100
2115,10:08:51,$ 3210.97,100
2116,10:08:51,$ 3210.255,100
2117,10:08:51,$ 3211.00,100
2118,10:08:51,$ 3211.00,100
2119,10:08:48,$ 3210.94,100
2120,10:08:25,$ 3210.94,100
2121,10:08:20,$ 3210.67,100
2122,10:08:18,$ 3209.7653,150
2124,10:08:15,$ 3209.98,100
2125,10:08:03,$ 3210.92,100
2126,10:08:00,$ 3211.00,100
2127,10:08:00,$ 3211.00,281
2128,10:08:00,$ 3211.00,134
2129,10:08:00,$ 3211.00,600
2130,10:07:47,$ 3210.4729,100
2131,10:07:27,$ 3210.09,100
2132,10:07:08,$ 3209.98,100
2133,10:06:45,$ 3209.71,100
2134,10:06:45,$ 3209.92,100
2135,10:06:35,$ 3210.94,100
2136,10:06:35,$ 3211.00,260
2137,10:06:35,$ 3211.00,100
2138,10:06:35,$ 3211.00,299
2139,10:06:35,$ 3211.00,100
2140,10:05:18,$ 3211.21,100
2141,10:05:12,$ 3209.10,115
2142,10:05:06,$ 3211.04,100
2143,10:05:01,$ 3210.3754,100
2145,10:05:01,$ 3210.95,100
2146,10:05:01,$ 3211.00,100
2147,10:04:57,$ 3209.87,100
2148,10:04:55,$ 3210.75,100
2149,10:04:55,$ 3210.95,100
2150,10:04:55,$ 3211.00,278
2151,10:04:55,$ 3211.00,100
2152,10:04:54,$ 3210.42,100
2153,10:04:51,$ 3210.2456,250
2154,10:04:49,$ 3209.80,100
2155,10:04:45,$ 3210.0219,100
2156,10:04:42,$ 3209.79,100
2157,10:04:42,$ 3210.00,400
2158,10:04:42,$ 3210.00,277
2159,10:04:42,$ 3209.3567,100
2160,10:04:42,$ 3209.3567,100
2161,10:04:42,$ 3210.00,100
2162,10:04:40,$ 3210.75,100
2163,10:04:37,$ 3210.81,100
2164,10:04:37,$ 3211.00,100
2166,10:04:37,$ 3210.81,100
2167,10:04:37,$ 3210.99,100
2168,10:04:37,$ 3211.00,100
2169,10:04:37,$ 3211.00,269
2170,10:04:37,$ 3211.00,100
2171,10:04:35,$ 3211.234,100
2172,10:04:35,$ 3211.35,100
2173,10:04:35,$ 3211.205,100
2174,10:04:15,$ 3212.00,100
2175,10:04:13,$ 3210.2727,200
2176,10:04:12,$ 3211.42,100
2177,10:04:12,$ 3211.82,100
2178,10:04:11,$ 3210.98,100
2179,10:04:11,$ 3210.91,100
2180,10:04:11,$ 3210.94,100
2181,10:04:09,$ 3210.41,100
2182,10:04:03,$ 3211.865,100
2183,10:03:46,$ 3212.35,100
2184,10:03:46,$ 3212.35,100
2185,10:03:46,$ 3212.41,100
2187,10:03:46,$ 3212.36,100
2188,10:03:46,$ 3212.27,100
2189,10:03:44,$ 3213.81,200
2190,10:03:34,$ 3213.03,100
2191,10:03:34,$ 3213.02,100
2192,10:03:34,$ 3213.03,100
2193,10:03:19,$ 3215.31,100
2194,10:03:19,$ 3215.235,100
2195,10:03:12,$ 3214.90,100
2196,10:03:06,$ 3215.76,100
2197,10:03:01,$ 3216.07,100
2198,10:03:01,$ 3216.07,100
2199,10:02:59,$ 3216.0614,100
2200,10:02:48,$ 3215.00,100
2201,10:02:48,$ 3215.00,100
2202,10:02:48,$ 3215.00,100
2203,10:02:41,$ 3214.99,100
2204,10:02:34,$ 3214.54,100
2205,10:02:31,$ 3214.57,100
2206,10:02:30,$ 3215.27,100
2208,10:02:27,$ 3215.15,100
2209,10:02:24,$ 3215.00,186
2210,10:02:15,$ 3215.00,100
2211,10:02:12,$ 3214.9172,100
2212,10:02:12,$ 3215.00,100
2213,10:02:12,$ 3214.77,105
2214,10:02:05,$ 3213.79,100
2215,10:01:54,$ 3213.19,100
2216,10:01:52,$ 3212.445,100
2217,10:01:51,$ 3212.34,100
2218,10:01:50,$ 3213.08,100
2219,10:01:48,$ 3213.80,100
2220,10:01:41,$ 3214.84,100
2221,10:01:30,$ 3214.29,100
2222,10:01:14,$ 3215.53,100
2223,10:01:09,$ 3215.99,100
2224,10:01:09,$ 3215.59,273
2225,10:01:08,$ 3215.572,100
2226,10:01:08,$ 3215.476,372
2227,10:01:06,$ 3215.00,804
2229,10:01:06,$ 3215.00,100
2230,10:01:06,$ 3215.00,100
2231,10:01:05,$ 3214.58,100
2232,10:01:05,$ 3214.52,100
2233,10:01:05,$ 3214.4187,100
2234,10:01:04,$ 3214.52,100
2235,10:01:04,$ 3214.53,100
2236,10:00:55,$ 3213.79,100
2237,10:00:55,$ 3212.72,100
2238,10:00:55,$ 3212.72,100
2239,10:00:55,$ 3212.69,200
2240,10:00:50,$ 3213.64,100
2241,10:00:50,$ 3212.62,100
2242,10:00:45,$ 3212.28,115
2243,10:00:43,$ 3212.29,100
2244,10:00:42,$ 3212.92,100
2245,10:00:42,$ 3212.45,100
2246,10:00:42,$ 3212.50,100
2247,10:00:16,$ 3212.66,100
2248,10:00:16,$ 3212.23,100
2250,10:00:14,$ 3212.3384,300
2251,10:00:13,$ 3212.6975,100
2253,10:59:57,$ 3204.00,100
2254,10:59:47,$ 3204.475,102
2255,10:59:47,$ 3204.475,102
2256,10:59:27,$ 3204.70,100
2257,10:59:17,$ 3205.49,100
2258,10:59:11,$ 3205.6099,311
2259,10:59:11,$ 3205.45,200
2260,10:59:11,$ 3205.45,489
2261,10:58:15,$ 3204.0896,"2,000"
2262,10:58:12,$ 3203.905,100
2263,10:57:52,$ 3204.28,100
2264,10:57:46,$ 3204.345,100
2265,10:57:46,$ 3204.34,100
2266,10:57:46,$ 3204.29,100
2267,10:57:27,$ 3204.75,100
2268,10:57:23,$ 3204.87,100
2269,10:57:23,$ 3205.105,274
2270,10:57:23,$ 3205.02,100
2271,10:57:10,$ 3204.71,100
2272,10:57:07,$ 3205.10,100
2274,10:57:06,$ 3205.79,100
2275,10:56:35,$ 3206.84,100
2276,10:56:24,$ 3207.11,140
2277,10:55:57,$ 3206.47,100
2278,10:55:48,$ 3206.945,200
2279,10:55:48,$ 3206.945,100
2280,10:55:48,$ 3206.945,100
2281,10:55:33,$ 3208.234,445
2282,10:54:53,$ 3207.40,100
2283,10:54:48,$ 3206.9362,100
2284,10:54:43,$ 3208.13,100
2285,10:54:28,$ 3207.61,100
2286,10:54:22,$ 3208.00,100
2287,10:54:02,$ 3206.8101,229
2288,10:53:58,$ 3206.94,100
2289,10:53:58,$ 3206.93,100
2290,10:53:52,$ 3207.00,"1,255"
2291,10:53:52,$ 3207.00,100
2292,10:53:52,$ 3206.97,100
2293,10:53:52,$ 3206.97,100
2295,10:53:51,$ 3206.76,100
2296,10:53:50,$ 3206.85,100
2297,10:53:29,$ 3205.26,100
2298,10:53:16,$ 3205.81,200
2299,10:53:13,$ 3205.8099,100
2300,10:52:57,$ 3205.10,100
2301,10:52:57,$ 3205.13,100
2302,10:52:57,$ 3205.105,100
2303,10:52:57,$ 3205.08,100
2304,10:52:57,$ 3205.12,100
2305,10:52:56,$ 3205.00,100
2306,10:52:56,$ 3205.46,100
2307,10:52:41,$ 3205.61,202
2308,10:52:24,$ 3205.61,100
2309,10:51:40,$ 3205.1258,174
2310,10:51:14,$ 3204.91,100
2311,10:51:07,$ 3204.65,300
2312,10:50:52,$ 3204.965,100
2313,10:50:48,$ 3205.05,100
2314,10:50:47,$ 3205.01,100
2316,10:50:46,$ 3205.05,100
2317,10:50:40,$ 3205.50,100
2318,10:49:55,$ 3205.00,100
2319,10:49:55,$ 3205.52,100
2320,10:49:42,$ 3205.21,400
2321,10:49:31,$ 3205.64,100
2322,10:49:13,$ 3205.785,101
2323,10:49:09,$ 3206.00,100
2324,10:49:09,$ 3206.00,100
2325,10:49:08,$ 3206.00,127
2326,10:49:08,$ 3206.24,100
2327,10:49:04,$ 3206.685,100
2328,10:49:04,$ 3206.59,100
2329,10:49:04,$ 3206.705,100
2330,10:48:59,$ 3206.42,100
2331,10:48:59,$ 3207.01,100
2332,10:48:54,$ 3206.10,100
2333,10:48:53,$ 3206.40,100
2334,10:48:53,$ 3206.40,100
2335,10:48:26,$ 3206.13,100
2337,10:48:23,$ 3205.82,100
2338,10:48:21,$ 3205.84,190
2339,10:48:21,$ 3205.99,100
2340,10:48:17,$ 3206.015,100
2341,10:48:15,$ 3206.32,135
2342,10:48:14,$ 3206.32,100
2343,10:48:08,$ 3206.77,100
2344,10:48:03,$ 3206.20,100
2345,10:48:00,$ 3206.475,100
2346,10:47:56,$ 3206.64,100
2347,10:47:56,$ 3206.565,100
2348,10:47:55,$ 3207.05,100
2349,10:47:55,$ 3206.79,100
2350,10:47:55,$ 3206.76,100
2351,10:47:52,$ 3206.60,100
2352,10:47:49,$ 3206.455,100
2353,10:47:35,$ 3206.425,100
2354,10:47:35,$ 3206.425,100
2355,10:47:35,$ 3206.425,100
2356,10:47:35,$ 3206.10,100
2358,10:47:35,$ 3205.98,100
2359,10:47:35,$ 3206.10,100
2360,10:47:31,$ 3206.035,100
2361,10:47:31,$ 3206.035,100
2362,10:47:26,$ 3205.985,100
2363,10:47:26,$ 3205.985,100
2364,10:47:26,$ 3205.925,125
2365,10:47:25,$ 3205.53,100
2366,10:47:25,$ 3205.53,100
2367,10:47:25,$ 3205.83,100
2368,10:47:20,$ 3205.995,100
2369,10:47:09,$ 3205.89,100
2370,10:47:09,$ 3206.845,100
2371,10:47:09,$ 3205.20,100
2372,10:47:09,$ 3206.01,100
2373,10:47:08,$ 3206.52,131
2374,10:47:08,$ 3206.52,100
2375,10:47:02,$ 3206.52,101
2376,10:46:59,$ 3206.00,126
2377,10:46:59,$ 3206.21,100
2379,10:46:55,$ 3206.50,100
2380,10:46:55,$ 3206.50,100
2381,10:46:54,$ 3206.73,100
2382,10:46:51,$ 3206.24,100
2383,10:46:35,$ 3206.15,100
2384,10:46:31,$ 3206.11,100
2385,10:46:24,$ 3205.98,100
2386,10:46:15,$ 3207.00,100
2387,10:45:57,$ 3206.72,102
2388,10:45:56,$ 3207.13,200
2389,10:45:49,$ 3207.00,900
2390,10:45:49,$ 3207.00,100
2391,10:45:26,$ 3207.91,100
2392,10:45:10,$ 3208.00,275
2393,10:45:10,$ 3208.00,100
2394,10:45:04,$ 3208.78,100
2395,10:45:04,$ 3208.885,100
2396,10:44:47,$ 3208.38,100
2397,10:44:45,$ 3208.38,100
2398,10:44:36,$ 3208.76,100
2400,10:44:35,$ 3208.30,100
2401,10:44:33,$ 3208.80,100
2402,10:44:22,$ 3209.2859,268
2403,10:44:04,$ 3208.88,100
2404,10:43:57,$ 3208.30,100
2405,10:43:39,$ 3208.41,100
2406,10:43:08,$ 3209.80,100
2407,10:42:47,$ 3210.35,100
2408,10:41:45,$ 3210.33,100
2409,10:41:09,$ 3210.17,100
2410,10:41:00,$ 3210.46,595
2411,10:41:00,$ 3210.06,100
2412,10:40:27,$ 3210.10,200
2413,10:39:51,$ 3209.84,100
2414,10:39:50,$ 3210.10,100
2415,10:39:50,$ 3210.10,100
2416,10:39:50,$ 3210.69,100
2417,10:39:50,$ 3210.71,100
2418,10:39:50,$ 3210.73,100
2419,10:39:50,$ 3210.75,100
2421,10:39:50,$ 3210.02,100
2422,10:39:50,$ 3210.04,100
2423,10:39:50,$ 3210.04,100
2424,10:39:50,$ 3210.06,100
2425,10:39:50,$ 3210.06,100
2426,10:39:50,$ 3210.06,100
2427,10:39:24,$ 3209.215,100
2428,10:38:52,$ 3211.175,100
2429,10:38:43,$ 3210.49,100
2430,10:38:31,$ 3209.87,100
2431,10:38:30,$ 3211.21,100
2432,10:38:17,$ 3211.21,100
2433,10:38:14,$ 3211.21,100
2434,10:38:03,$ 3210.81,100
2435,10:38:01,$ 3210.56,100
2436,10:37:56,$ 3210.84,100
2437,10:37:54,$ 3210.3846,100
2438,10:37:50,$ 3210.2556,154
2439,10:37:50,$ 3210.04,151
2440,10:37:49,$ 3210.15,100
2442,10:37:47,$ 3210.09,100
2443,10:37:42,$ 3209.085,100
2444,10:37:35,$ 3210.00,100
2445,10:37:32,$ 3209.24,100
2446,10:37:17,$ 3209.29,100
2447,10:37:06,$ 3210.07,100
2448,10:36:27,$ 3209.30,100
2449,10:36:21,$ 3210.33,100
2450,10:36:06,$ 3210.02,100
2451,10:36:01,$ 3209.43,100
2452,10:36:01,$ 3209.45,100
2453,10:35:59,$ 3208.41,100
2454,10:35:53,$ 3209.03,200
2455,10:35:51,$ 3209.64,100
2456,10:35:45,$ 3209.06,100
2457,10:35:31,$ 3209.00,100
2458,10:35:12,$ 3209.27,200
2459,10:34:56,$ 3207.98,100
2460,10:34:41,$ 3208.90,100
2461,10:33:57,$ 3209.835,100
2463,10:33:56,$ 3208.83,100
2464,10:33:46,$ 3207.91,100
2465,10:33:21,$ 3208.59,100
2466,10:33:21,$ 3208.63,100
2467,10:33:20,$ 3209.06,100
2468,10:33:20,$ 3209.21,136
2469,10:33:20,$ 3209.00,100
2470,10:33:20,$ 3209.00,100
2471,10:33:13,$ 3209.37,100
2472,10:33:13,$ 3209.60,100
2473,10:33:13,$ 3209.61,100
2474,10:33:04,$ 3209.58,100
2475,10:33:04,$ 3209.62,100
2476,10:32:48,$ 3210.105,107
2477,10:32:20,$ 3209.56,100
2478,10:32:06,$ 3209.32,100
2479,10:32:04,$ 3210.28,100
2480,10:31:59,$ 3209.78,100
2481,10:31:54,$ 3210.11,100
2482,10:31:27,$ 3210.315,100
2484,10:31:13,$ 3210.68,100
2485,10:30:07,$ 3210.3349,181
2486,10:30:03,$ 3211.18,100
2487,10:30:03,$ 3211.19,100
2489,11:29:48,$ 3218.19,300
2490,11:29:44,$ 3217.20,100
2491,11:29:44,$ 3217.14,100
2492,11:29:35,$ 3216.83,148
2493,11:29:35,$ 3216.99,100
2494,11:29:35,$ 3216.99,101
2495,11:29:24,$ 3216.9865,100
2496,11:29:22,$ 3216.0935,100
2497,11:29:15,$ 3216.26,100
2498,11:29:13,$ 3216.066,300
2499,11:29:00,$ 3215.47,100
2500,11:28:29,$ 3214.40,100
2501,11:28:29,$ 3214.44,100
2502,11:28:29,$ 3214.76,100
2503,11:28:26,$ 3214.50,100
2504,11:28:26,$ 3214.60,100
2505,11:28:26,$ 3214.34,100
2506,11:28:15,$ 3216.00,282
2507,11:28:06,$ 3215.34,100
2508,11:28:06,$ 3215.45,100
2510,11:27:51,$ 3216.07,100
2511,11:27:51,$ 3216.46,100
2512,11:27:37,$ 3217.13,100
2513,11:27:37,$ 3217.13,100
2514,11:27:16,$ 3217.54,100
2515,11:27:05,$ 3218.00,294
2516,11:26:32,$ 3217.79,100
2517,11:25:47,$ 3217.435,100
2518,11:25:40,$ 3217.835,100
2519,11:25:40,$ 3217.63,100
2520,11:25:40,$ 3217.62,100
2521,11:25:23,$ 3217.58,100
2522,11:25:23,$ 3217.61,100
2523,11:25:21,$ 3218.338,148
2524,11:25:20,$ 3218.00,100
2525,11:25:20,$ 3217.999,300
2526,11:25:20,$ 3217.986,100
2527,11:25:12,$ 3217.28,100
2528,11:25:10,$ 3217.23,100
2529,11:25:00,$ 3216.45,100
2531,11:24:51,$ 3217.01,173
2532,11:24:39,$ 3217.75,100
2533,11:24:35,$ 3217.315,100
2534,11:24:34,$ 3217.325,100
2535,11:24:26,$ 3217.68,199
2536,11:24:26,$ 3217.89,100
2537,11:24:03,$ 3217.265,100
2538,11:23:54,$ 3216.755,100
2539,11:23:50,$ 3216.39,100
2540,11:23:44,$ 3216.50,154
2541,11:23:37,$ 3216.49,100
2542,11:23:34,$ 3216.035,100
2543,11:23:33,$ 3215.9486,146
2544,11:23:33,$ 3215.9486,369
2545,11:23:33,$ 3215.9486,432
2546,11:23:32,$ 3215.84,191
2547,11:23:31,$ 3216.05,187
2548,11:23:20,$ 3215.96,100
2549,11:23:20,$ 3216.00,100
2550,11:23:20,$ 3216.00,100
2552,11:23:17,$ 3215.61,100
2553,11:23:17,$ 3215.62,100
2554,11:23:17,$ 3215.00,180
2555,11:23:17,$ 3215.00,100
2556,11:23:17,$ 3214.72,100
2557,11:23:15,$ 3214.49,100
2558,11:23:05,$ 3214.22,130
2559,11:23:04,$ 3214.24,200
2560,11:23:00,$ 3214.20,156
2561,11:22:58,$ 3214.10,100
2562,11:22:57,$ 3214.00,100
2563,11:22:40,$ 3213.50,100
2564,11:22:32,$ 3213.02,100
2565,11:22:32,$ 3213.00,100
2566,11:22:11,$ 3213.10,100
2567,11:22:11,$ 3213.64,100
2568,11:21:42,$ 3213.07,100
2569,11:21:24,$ 3213.67,100
2570,11:21:24,$ 3213.57,100
2571,11:21:23,$ 3213.35,100
2573,11:21:21,$ 3213.35,100
2574,11:21:21,$ 3213.35,100
2575,11:21:21,$ 3213.35,100
2576,11:21:17,$ 3213.67,100
2577,11:21:14,$ 3213.35,100
2578,11:21:14,$ 3213.40,100
2579,11:21:12,$ 3213.78,100
2580,11:21:10,$ 3213.65,100
2581,11:21:07,$ 3213.40,200
2582,11:21:05,$ 3213.525,400
2583,11:21:01,$ 3213.59,100
2584,11:21:01,$ 3213.95,100
2585,11:21:01,$ 3213.57,100
2586,11:21:01,$ 3213.26,100
2587,11:20:54,$ 3213.465,100
2588,11:20:43,$ 3213.27,100
2589,11:20:37,$ 3213.00,100
2590,11:20:30,$ 3213.10,100
2591,11:20:30,$ 3213.09,100
2592,11:20:25,$ 3212.98,100
2594,11:20:23,$ 3213.49,100
2595,11:20:16,$ 3213.32,100
2596,11:20:11,$ 3213.425,100
2597,11:20:10,$ 3213.04,100
2598,11:20:10,$ 3213.04,100
2599,11:20:10,$ 3213.45,100
2600,11:20:07,$ 3213.405,100
2601,11:20:03,$ 3212.088,200
2602,11:20:03,$ 3213.425,100
2603,11:20:03,$ 3212.52,100
2604,11:20:03,$ 3212.35,100
2605,11:20:03,$ 3212.52,600
2606,11:20:03,$ 3212.31,100
2607,11:19:54,$ 3211.78,100
2608,11:19:51,$ 3211.66,100
2609,11:19:44,$ 3211.49,100
2610,11:19:27,$ 3211.50,100
2611,11:19:26,$ 3211.47,100
2612,11:19:20,$ 3210.88,100
2613,11:19:19,$ 3211.13,100
2615,11:19:12,$ 3211.075,100
2616,11:19:10,$ 3211.02,100
2617,11:19:03,$ 3210.76,100
2618,11:16:50,$ 3208.88,100
2619,11:16:18,$ 3208.35,100
2620,11:15:49,$ 3208.24,100
2621,11:15:49,$ 3208.23,100
2622,11:15:23,$ 3207.855,100
2623,11:14:52,$ 3207.3025,100
2624,11:14:06,$ 3207.12,100
2625,11:13:33,$ 3207.52,100
2626,11:13:28,$ 3207.945,100
2627,11:13:23,$ 3208.53,100
2628,11:13:23,$ 3208.45,100
2629,11:13:13,$ 3208.745,127
2630,11:13:11,$ 3208.46,100
2631,11:13:07,$ 3209.2775,100
2632,11:13:06,$ 3209.03,100
2633,11:12:17,$ 3209.372,122
2634,11:11:59,$ 3210.23,100
2636,11:11:37,$ 3210.49,100
2637,11:11:16,$ 3210.18,100
2638,11:11:16,$ 3210.18,100
2639,11:11:11,$ 3210.6425,100
2640,11:11:06,$ 3211.34,100
2641,11:11:03,$ 3211.185,100
2642,11:11:03,$ 3210.84,100
2643,11:10:56,$ 3211.17,100
2644,11:10:56,$ 3211.31,100
2645,11:10:55,$ 3209.73,100
2646,11:10:31,$ 3209.51,100
2647,11:10:24,$ 3208.22,"1,898"
2648,11:10:19,$ 3209.14,150
2649,11:09:25,$ 3208.42,100
2650,11:09:15,$ 3208.18,100
2651,11:08:57,$ 3208.01,100
2652,11:08:55,$ 3208.06,100
2653,11:07:50,$ 3207.38,100
2654,11:06:53,$ 3206.72,100
2655,11:06:53,$ 3206.3833,218
2657,11:06:37,$ 3207.61,100
2658,11:06:16,$ 3207.552,100
2659,11:06:16,$ 3207.99,324
2660,11:06:06,$ 3206.4273,300
2661,11:05:41,$ 3208.00,100
2662,11:05:41,$ 3207.95,125
2663,11:05:32,$ 3206.99,100
2664,11:05:21,$ 3206.74,100
2665,11:05:08,$ 3206.00,179
2666,11:05:08,$ 3205.82,100
2667,11:05:08,$ 3205.98,100
2668,11:04:57,$ 3205.415,375
2669,11:04:57,$ 3205.025,100
2670,11:04:39,$ 3205.42,100
2671,11:04:21,$ 3204.52,100
2672,11:03:55,$ 3205.01,100
2673,11:02:09,$ 3204.37,100
2674,11:02:03,$ 3204.00,200
2675,11:01:47,$ 3205.27,100
2676,11:01:44,$ 3204.66,100
2678,11:01:32,$ 3205.27,100
2679,11:01:04,$ 3204.02,100
2680,11:00:54,$ 3203.7516,150
2681,11:00:52,$ 3203.90,100
2682,11:00:44,$ 3204.24,100
2683,11:00:11,$ 3204.075,100
2684,11:00:11,$ 3204.37,100
2686,11:59:41,$ 3214.42,100
2687,11:59:09,$ 3214.255,100
2688,11:58:41,$ 3214.00,100
2689,11:58:03,$ 3214.29,100
2690,11:58:02,$ 3214.00,100
2691,11:57:30,$ 3213.675,182
2692,11:57:17,$ 3213.99,100
2693,11:57:05,$ 3213.70,100
2694,11:56:54,$ 3214.00,100
2695,11:56:54,$ 3214.00,100
2696,11:56:44,$ 3213.83,100
2697,11:56:13,$ 3214.00,100
2698,11:55:56,$ 3213.69,100
2699,11:55:54,$ 3214.11,100
2700,11:55:54,$ 3214.07,100
2701,11:55:54,$ 3214.315,100
2702,11:55:54,$ 3214.125,100
2703,11:55:54,$ 3214.04,100
2704,11:55:54,$ 3214.00,300
2705,11:55:44,$ 3214.58,100
2707,11:55:37,$ 3214.31,100
2708,11:55:35,$ 3214.17,100
2709,11:55:32,$ 3214.31,100
2710,11:55:29,$ 3214.00,100
2711,11:55:09,$ 3214.00,150
2712,11:54:41,$ 3214.00,100
2713,11:54:40,$ 3213.84,200
2714,11:54:40,$ 3214.00,100
2715,11:54:37,$ 3213.835,100
2716,11:54:27,$ 3214.32,100
2717,11:54:23,$ 3214.00,100
2718,11:54:23,$ 3214.00,100
2719,11:54:23,$ 3213.90,100
2720,11:53:27,$ 3214.52,100
2721,11:53:16,$ 3214.46,100
2722,11:53:16,$ 3214.52,100
2723,11:53:09,$ 3215.06,100
2724,11:53:09,$ 3215.06,100
2725,11:53:00,$ 3214.99,100
2726,11:52:53,$ 3214.60,100
2728,11:52:30,$ 3214.97,100
2729,11:52:02,$ 3214.41,100
2730,11:51:36,$ 3214.01,100
2731,11:51:36,$ 3214.01,163
2732,11:51:31,$ 3214.48,677
2733,11:51:31,$ 3213.95,100
2734,11:51:28,$ 3214.00,100
2735,11:51:28,$ 3213.93,100
2736,11:51:28,$ 3214.34,100
2737,11:51:24,$ 3214.605,100
2738,11:51:23,$ 3214.485,100
2739,11:51:23,$ 3213.91,200
2740,11:50:16,$ 3214.79,100
2741,11:49:51,$ 3214.86,100
2742,11:49:49,$ 3214.74,100
2743,11:49:48,$ 3214.845,100
2744,11:49:34,$ 3214.00,100
2745,11:49:14,$ 3214.376,100
2746,11:49:14,$ 3214.43,100
2747,11:49:14,$ 3214.412,100
2749,11:49:14,$ 3214.23,100
2750,11:49:09,$ 3213.90,100
2751,11:49:09,$ 3214.415,100
2752,11:49:09,$ 3213.90,100
2753,11:49:09,$ 3214.415,100
2754,11:48:49,$ 3215.07,100
2755,11:48:07,$ 3214.62,100
2756,11:48:07,$ 3214.45,100
2757,11:47:37,$ 3214.62,100
2758,11:47:30,$ 3214.60,100
2759,11:47:17,$ 3214.50,100
2760,11:47:17,$ 3214.62,100
2761,11:47:15,$ 3215.00,100
2762,11:47:15,$ 3214.50,300
2763,11:46:58,$ 3215.3912,112
2764,11:46:42,$ 3214.86,100
2765,11:46:20,$ 3214.87,100
2766,11:46:20,$ 3214.75,100
2767,11:46:02,$ 3214.85,100
2768,11:45:55,$ 3215.025,100
2770,11:45:38,$ 3215.13,100
2771,11:45:20,$ 3214.88,100
2772,11:45:16,$ 3214.60,100
2773,11:45:16,$ 3214.54,100
2774,11:45:16,$ 3214.37,100
2775,11:45:16,$ 3214.29,100
2776,11:44:54,$ 3215.13,100
2777,11:44:54,$ 3215.05,100
2778,11:44:54,$ 3215.05,100
2779,11:44:36,$ 3215.69,100
2780,11:44:35,$ 3215.61,100
2781,11:43:27,$ 3215.355,100
2782,11:43:26,$ 3214.70,100
2783,11:43:10,$ 3215.475,100
2784,11:43:08,$ 3215.40,100
2785,11:43:08,$ 3215.235,100
2786,11:43:08,$ 3215.01,100
2787,11:43:08,$ 3215.01,100
2788,11:42:33,$ 3215.26,100
2789,11:42:33,$ 3215.14,100
2791,11:42:31,$ 3215.135,100
2792,11:42:13,$ 3214.7442,100
2793,11:42:00,$ 3215.31,100
2794,11:41:51,$ 3215.11,100
2795,11:41:50,$ 3215.11,100
2796,11:41:02,$ 3214.365,100
2797,11:40:39,$ 3214.42,100
2798,11:40:32,$ 3214.08,100
2799,11:40:20,$ 3214.49,100
2800,11:40:09,$ 3214.74,100
2801,11:40:09,$ 3214.74,100
2802,11:40:06,$ 3214.06,100
2803,11:39:47,$ 3214.25,100
2804,11:39:41,$ 3214.31,100
2805,11:39:37,$ 3213.97,100
2806,11:39:37,$ 3214.2295,180
2807,11:39:16,$ 3214.22,100
2808,11:39:09,$ 3214.09,100
2809,11:39:09,$ 3213.54,100
2810,11:39:07,$ 3213.59,100
2812,11:39:06,$ 3213.78,300
2813,11:39:02,$ 3213.10,100
2814,11:38:34,$ 3213.3175,100
2815,11:38:08,$ 3213.20,100
2816,11:37:52,$ 3213.585,100
2817,11:37:52,$ 3213.33,100
2818,11:37:51,$ 3213.165,100
2819,11:37:51,$ 3212.9983,100
2820,11:37:28,$ 3213.50,891
2821,11:37:22,$ 3214.20,100
2822,11:37:20,$ 3214.29,100
2823,11:37:10,$ 3213.72,100
2824,11:36:30,$ 3213.63,100
2825,11:36:22,$ 3213.97,100
2826,11:36:00,$ 3214.65,100
2827,11:35:55,$ 3214.135,100
2828,11:35:52,$ 3214.01,100
2829,11:35:44,$ 3214.00,100
2830,11:35:36,$ 3214.03,100
2831,11:35:34,$ 3214.49,100
2833,11:35:30,$ 3215.00,100
2834,11:35:29,$ 3215.405,100
2835,11:35:20,$ 3215.415,100
2836,11:34:58,$ 3214.97,100
2837,11:34:49,$ 3214.9225,100
2838,11:34:24,$ 3215.40,100
2839,11:34:16,$ 3215.70,100
2840,11:33:52,$ 3215.75,100
2841,11:33:48,$ 3215.4963,100
2842,11:33:47,$ 3215.23,100
2843,11:33:45,$ 3215.615,100
2844,11:33:28,$ 3215.465,100
2845,11:33:25,$ 3215.00,376
2846,11:33:18,$ 3215.615,100
2847,11:33:14,$ 3215.06,100
2848,11:32:51,$ 3215.04,100
2849,11:32:41,$ 3215.15,115
2850,11:32:41,$ 3215.15,120
2851,11:32:41,$ 3215.15,100
2852,11:31:33,$ 3216.085,100
2854,11:31:28,$ 3216.36,100
2855,11:31:25,$ 3216.76,100
2856,11:31:24,$ 3216.13,100
2857,11:31:09,$ 3216.49,100
2859,12:28:05,$ 3216.07,100
2860,12:27:57,$ 3216.00,100
2861,12:27:57,$ 3216.00,249
2862,12:27:57,$ 3216.00,122
2863,12:27:57,$ 3216.00,278
2864,12:27:57,$ 3216.00,250
2865,12:27:56,$ 3216.00,100
2866,12:27:55,$ 3216.00,419
2867,12:27:55,$ 3215.95,100
2868,12:27:55,$ 3215.98,100
2869,12:27:55,$ 3216.00,100
2870,12:25:51,$ 3215.00,448
2871,12:25:51,$ 3215.12,100
2872,12:25:51,$ 3215.12,100
2873,12:25:51,$ 3215.36,100
2874,12:25:51,$ 3215.21,100
2875,12:25:51,$ 3215.36,100
2876,12:25:30,$ 3214.87,100
2877,12:25:19,$ 3215.17,100
2878,12:25:19,$ 3214.508,100
2880,12:25:15,$ 3214.67,100
2881,12:25:11,$ 3214.29,100
2882,12:25:11,$ 3214.31,100
2883,12:25:11,$ 3214.25,100
2884,12:24:19,$ 3214.28,100
2885,12:24:10,$ 3213.64,100
2886,12:23:29,$ 3214.20,100
2887,12:23:29,$ 3214.09,100
2888,12:23:27,$ 3214.21,100
2889,12:23:05,$ 3213.83,100
2890,12:22:45,$ 3213.90,100
2891,12:22:45,$ 3213.91,100
2892,12:20:26,$ 3212.805,100
2893,12:20:26,$ 3212.815,100
2894,12:20:26,$ 3212.94,100
2895,12:20:26,$ 3213.11,100
2896,12:20:26,$ 3213.08,100
2897,12:20:26,$ 3213.01,100
2898,12:20:26,$ 3213.00,100
2899,12:20:20,$ 3213.275,100
2901,12:19:28,$ 3213.56,100
2902,12:18:06,$ 3212.775,100
2903,12:17:48,$ 3212.96,100
2904,12:17:46,$ 3212.845,100
2905,12:17:41,$ 3212.73,100
2906,12:17:12,$ 3212.81,100
2907,12:17:11,$ 3212.68,200
2908,12:17:11,$ 3212.785,100
2909,12:16:27,$ 3213.25,100
2910,12:16:27,$ 3213.25,200
2911,12:16:07,$ 3213.73,100
2912,12:16:05,$ 3213.7101,250
2913,12:15:27,$ 3214.29,100
2914,12:14:39,$ 3214.45,165
2915,12:14:35,$ 3214.99,200
2916,12:13:08,$ 3215.08,100
2917,12:12:51,$ 3215.81,100
2918,12:12:48,$ 3216.00,100
2919,12:12:34,$ 3215.04,145
2920,12:12:25,$ 3215.97,100
2922,12:12:25,$ 3215.97,100
2923,12:12:06,$ 3215.38,100
2924,12:12:06,$ 3215.38,100
2925,12:12:01,$ 3216.075,100
2926,12:12:00,$ 3215.91,100
2927,12:11:52,$ 3216.2825,100
2928,12:11:51,$ 3215.765,100
2929,12:11:51,$ 3215.915,100
2930,12:11:25,$ 3215.38,100
2931,12:11:09,$ 3215.905,100
2932,12:11:05,$ 3215.90,225
2933,12:11:04,$ 3215.90,100
2934,12:10:46,$ 3215.67,100
2935,12:10:34,$ 3215.68,100
2936,12:10:29,$ 3215.7676,100
2937,12:10:17,$ 3216.21,100
2938,12:09:58,$ 3215.495,100
2939,12:09:02,$ 3215.22,200
2940,12:07:36,$ 3213.46,100
2941,12:07:36,$ 3213.41,100
2943,12:07:20,$ 3212.71,100
2944,12:05:48,$ 3212.755,100
2945,12:05:35,$ 3213.50,"1,000"
2946,12:04:52,$ 3212.27,100
2947,12:04:37,$ 3212.598,100
2948,12:04:37,$ 3212.59,100
2949,12:04:37,$ 3212.614,100
2950,12:04:37,$ 3212.77,100
2951,12:04:25,$ 3212.62,100
2952,12:04:06,$ 3213.70,125
2953,12:03:42,$ 3213.79,100
2954,12:02:16,$ 3214.205,100
2955,12:02:16,$ 3214.00,900
2956,12:01:40,$ 3213.61,100
2957,12:01:02,$ 3213.73,150
2958,12:00:58,$ 3213.32,100
2959,12:00:43,$ 3213.77,100
2960,12:00:43,$ 3213.92,100
2961,12:00:43,$ 3213.865,100
2962,12:00:43,$ 3213.53,100
2964,12:00:29,$ 3214.00,100
2965,12:00:28,$ 3214.00,100
2966,12:00:13,$ 3215.21,100
2967,12:00:13,$ 3214.90,100
2969,12:59:49,$ 3218.1175,100
2970,12:59:49,$ 3218.015,100
2971,12:59:49,$ 3218.015,100
2972,12:59:25,$ 3218.78,100
2973,12:59:25,$ 3218.78,777
2974,12:59:25,$ 3218.77,100
2975,12:58:58,$ 3218.97,100
2976,12:58:48,$ 3218.5894,113
2977,12:58:16,$ 3218.3683,124
2978,12:58:13,$ 3218.43,100
2979,12:57:51,$ 3218.17,500
2980,12:57:05,$ 3217.49,500
2981,12:56:30,$ 3217.69,100
2982,12:56:19,$ 3217.35,100
2983,12:55:26,$ 3216.97,100
2984,12:55:18,$ 3216.8601,100
2985,12:55:05,$ 3217.24,100
2986,12:52:58,$ 3216.20,100
2987,12:52:58,$ 3216.32,200
2988,12:52:50,$ 3215.42,100
2990,12:52:27,$ 3215.12,100
2991,12:52:27,$ 3215.12,100
2992,12:52:27,$ 3215.12,100
2993,12:51:25,$ 3216.00,100
2994,12:49:16,$ 3216.87,100
2995,12:47:44,$ 3217.00,100
2996,12:47:38,$ 3217.26,100
2997,12:47:38,$ 3217.27,100
2998,12:47:37,$ 3217.47,100
2999,12:47:37,$ 3217.70,100
3000,12:47:33,$ 3217.67,100
3001,12:46:16,$ 3217.00,100
3002,12:46:16,$ 3217.00,100
3003,12:46:16,$ 3217.00,598
3004,12:46:09,$ 3217.71,100
3005,12:45:10,$ 3218.3096,886
3006,12:44:38,$ 3219.0001,125
3007,12:44:03,$ 3219.2925,310
3008,12:44:03,$ 3219.2925,141
3009,12:43:02,$ 3219.045,100
3011,12:43:02,$ 3218.17,500
3012,12:43:00,$ 3218.75,110
3013,12:42:55,$ 3218.59,100
3014,12:42:51,$ 3219.00,239
3015,12:42:50,$ 3219.00,100
3016,12:42:49,$ 3219.00,199
3017,12:42:05,$ 3220.08,100
3018,12:41:26,$ 3220.70,100
3019,12:41:26,$ 3220.70,100
3020,12:41:25,$ 3220.70,100
3021,12:41:08,$ 3221.00,100
3022,12:41:08,$ 3221.00,176
3023,12:40:43,$ 3220.8439,100
3024,12:40:37,$ 3220.50,100
3025,12:40:28,$ 3220.392,100
3026,12:40:17,$ 3220.00,100
3027,12:40:14,$ 3219.925,100
3028,12:40:00,$ 3219.885,100
3029,12:39:21,$ 3220.00,100
3030,12:39:14,$ 3220.025,100
3032,12:39:04,$ 3219.935,300
3033,12:38:57,$ 3220.05,100
3034,12:38:50,$ 3220.46,100
3035,12:38:24,$ 3220.56,100
3036,12:38:24,$ 3220.45,100
3037,12:38:08,$ 3220.02,100
3038,12:38:03,$ 3220.5769,100
3039,12:38:03,$ 3220.028,100
3040,12:37:52,$ 3221.00,100
3041,12:37:52,$ 3221.00,100
3042,12:37:49,$ 3220.00,150
3043,12:37:49,$ 3220.00,"1,472"
3044,12:37:49,$ 3220.00,100
3045,12:37:49,$ 3220.00,100
3046,12:37:49,$ 3219.95,100
3047,12:37:49,$ 3219.99,184
3048,12:37:44,$ 3219.495,100
3049,12:37:01,$ 3219.00,138
3050,12:36:47,$ 3218.66,100
3051,12:36:47,$ 3218.59,100
3053,12:36:36,$ 3218.02,100
3054,12:36:17,$ 3218.00,100
3055,12:36:17,$ 3218.00,100
3056,12:35:32,$ 3217.55,100
3057,12:34:35,$ 3218.00,100
3058,12:34:35,$ 3217.70,100
3059,12:34:07,$ 3217.40,100
3060,12:34:07,$ 3217.73,100
3061,12:33:53,$ 3217.375,100
3062,12:33:51,$ 3217.6458,135
3063,12:33:23,$ 3217.30,100
3064,12:33:11,$ 3217.3071,160
3065,12:33:02,$ 3217.455,100
3066,12:32:39,$ 3217.19,100
3067,12:31:59,$ 3218.00,100
3068,12:31:59,$ 3217.95,100
3069,12:31:59,$ 3217.98,100
3070,12:31:59,$ 3217.98,100
3071,12:31:59,$ 3217.50,600
3072,12:31:59,$ 3217.87,100
3074,12:31:56,$ 3217.41,100
3075,12:31:51,$ 3217.88,100
3076,12:31:51,$ 3217.87,100
3077,12:31:51,$ 3217.87,100
3078,12:31:51,$ 3217.62,100
3079,12:31:36,$ 3216.82,100
3080,12:31:14,$ 3216.59,100
3081,12:31:14,$ 3216.63,100
3082,12:30:25,$ 3216.11,100
3083,12:30:25,$ 3216.27,100
3084,12:30:25,$ 3216.43,100
3085,12:30:16,$ 3216.36,100
3086,12:30:11,$ 3216.09,100
3087,12:30:02,$ 3216.24,100
3088,12:30:02,$ 3216.34,100
3090,13:28:50,$ 3215.07,100
3091,13:26:55,$ 3215.68,100
3092,13:26:38,$ 3215.855,100
3093,13:26:38,$ 3215.55,100
3094,13:26:38,$ 3215.56,100
3095,13:26:37,$ 3215.45,100
3096,13:26:15,$ 3215.00,195
3097,13:26:15,$ 3215.00,226
3098,13:26:15,$ 3215.00,100
3099,13:25:19,$ 3215.01,100
3100,13:23:43,$ 3214.285,125
3101,13:22:58,$ 3214.00,100
3102,13:22:32,$ 3214.00,300
3103,13:22:32,$ 3214.11,100
3104,13:22:30,$ 3214.68,100
3105,13:21:51,$ 3215.5428,100
3106,13:21:36,$ 3215.4475,100
3107,13:20:29,$ 3214.725,100
3108,13:20:14,$ 3215.01,100
3109,13:20:14,$ 3215.224,100
3111,13:20:14,$ 3215.04,100
3112,13:19:08,$ 3216.58,100
3113,13:18:37,$ 3216.5001,100
3114,13:18:28,$ 3216.82,100
3115,13:18:12,$ 3216.74,100
3116,13:18:10,$ 3216.3855,100
3117,13:17:55,$ 3216.28,196
3118,13:16:49,$ 3215.1701,100
3119,13:16:36,$ 3214.85,100
3120,13:14:52,$ 3215.605,100
3121,13:14:43,$ 3215.30,100
3122,13:14:18,$ 3215.62,100
3123,13:12:14,$ 3215.67,100
3124,13:10:45,$ 3216.4194,179
3125,13:09:44,$ 3215.94,100
3126,13:09:44,$ 3215.85,100
3127,13:09:40,$ 3217.03,"2,033"
3128,13:09:29,$ 3216.07,950
3129,13:09:04,$ 3216.00,100
3130,13:09:04,$ 3216.18,100
3132,13:08:16,$ 3216.00,100
3133,13:07:41,$ 3215.03,100
3134,13:07:23,$ 3215.28,100
3135,13:06:34,$ 3215.89,100
3136,13:06:34,$ 3215.90,100
3137,13:06:23,$ 3216.35,100
3138,13:06:01,$ 3216.9265,100
3139,13:05:54,$ 3216.875,100
3140,13:05:53,$ 3216.67,100
3141,13:05:53,$ 3216.52,100
3142,13:05:53,$ 3217.34,100
3143,13:05:53,$ 3217.20,100
3144,13:05:53,$ 3217.20,284
3145,13:03:22,$ 3217.27,100
3146,13:03:21,$ 3217.06,250
3147,13:03:21,$ 3217.29,100
3148,13:03:21,$ 3218.189,100
3149,13:03:21,$ 3217.65,100
3150,13:01:44,$ 3218.50,139
3151,13:01:00,$ 3218.615,500
3153,13:00:50,$ 3218.38,155
3154,13:00:45,$ 3218.45,100
3155,13:00:23,$ 3217.98,100
3156,13:00:23,$ 3218.64,100
3157,13:00:23,$ 3218.20,100
3158,13:00:23,$ 3218.6373,200
3159,13:00:23,$ 3218.03,100
3161,13:59:44,$ 3213.69,100
3162,13:59:02,$ 3213.09,100
3163,13:58:39,$ 3213.93,100
3164,13:57:51,$ 3213.78,100
3165,13:57:51,$ 3213.91,100
3166,13:57:51,$ 3214.00,218
3167,13:57:31,$ 3214.06,100
3168,13:57:24,$ 3212.665,100
3169,13:56:11,$ 3212.375,100
3170,13:55:43,$ 3212.22,123
3171,13:55:43,$ 3212.22,100
3172,13:52:57,$ 3212.5401,300
3173,13:52:48,$ 3212.25,150
3174,13:51:42,$ 3211.83,100
3175,13:51:25,$ 3211.74,100
3176,13:51:25,$ 3211.87,100
3177,13:51:25,$ 3212.02,100
3178,13:50:38,$ 3212.26,198
3179,13:50:37,$ 3212.26,102
3180,13:50:00,$ 3211.79,100
3182,13:49:42,$ 3212.5625,100
3183,13:49:42,$ 3212.525,100
3184,13:49:42,$ 3212.525,100
3185,13:49:21,$ 3212.81,120
3186,13:47:02,$ 3213.23,100
3187,13:46:56,$ 3213.29,100
3188,13:46:26,$ 3213.43,100
3189,13:46:17,$ 3213.43,100
3190,13:46:17,$ 3213.185,100
3191,13:46:17,$ 3213.185,100
3192,13:46:16,$ 3213.07,100
3193,13:46:00,$ 3213.40,100
3194,13:45:52,$ 3213.21,100
3195,13:45:45,$ 3212.91,100
3196,13:45:45,$ 3213.00,711
3197,13:45:04,$ 3213.005,100
3198,13:44:57,$ 3213.09,100
3199,13:44:57,$ 3213.026,100
3200,13:44:57,$ 3212.97,100
3201,13:44:57,$ 3212.75,100
3203,13:44:53,$ 3212.76,100
3204,13:44:28,$ 3212.81,100
3205,13:44:08,$ 3212.65,100
3206,13:42:26,$ 3213.13,100
3207,13:42:26,$ 3212.83,100
3208,13:42:22,$ 3213.01,100
3209,13:42:22,$ 3211.22,371
3210,13:42:22,$ 3211.22,264
3211,13:42:22,$ 3212.12,197
3212,13:42:17,$ 3212.39,100
3213,13:42:15,$ 3212.22,100
3214,13:41:08,$ 3211.35,100
3215,13:40:58,$ 3211.92,100
3216,13:40:48,$ 3212.04,100
3217,13:40:25,$ 3212.28,100
3218,13:40:25,$ 3212.28,100
3219,13:40:25,$ 3212.00,100
3220,13:40:20,$ 3212.00,100
3221,13:40:16,$ 3212.16,100
3222,13:40:16,$ 3212.00,100
3224,13:40:08,$ 3212.01,100
3225,13:40:06,$ 3212.72,100
3226,13:40:05,$ 3212.20,100
3227,13:40:05,$ 3212.21,100
3228,13:39:52,$ 3212.39,100
3229,13:39:24,$ 3212.00,100
3230,13:39:16,$ 3212.36,100
3231,13:39:06,$ 3212.12,100
3232,13:39:06,$ 3212.00,100
3233,13:39:06,$ 3212.15,100
3234,13:39:06,$ 3212.15,100
3235,13:39:04,$ 3212.38,100
3236,13:39:04,$ 3212.14,100
3237,13:39:01,$ 3212.15,100
3238,13:39:01,$ 3212.64,100
3239,13:39:01,$ 3212.15,100
3240,13:39:01,$ 3212.84,100
3241,13:38:46,$ 3213.2101,300
3242,13:37:46,$ 3213.94,100
3243,13:37:46,$ 3213.52,100
3245,13:37:46,$ 3213.23,100
3246,13:37:46,$ 3213.08,100
3247,13:37:46,$ 3213.08,100
3248,13:37:46,$ 3213.97,191
3249,13:37:46,$ 3213.81,175
3250,13:37:43,$ 3213.44,100
3251,13:36:26,$ 3214.62,100
3252,13:35:33,$ 3214.75,100
3253,13:33:48,$ 3215.065,110
3254,13:32:17,$ 3214.68,100
3255,13:31:36,$ 3214.565,100
3256,13:31:11,$ 3215.64,100
3257,13:30:41,$ 3215.695,100
3258,13:30:36,$ 3215.25,100
3260,14:29:33,$ 3207.32,100
3261,14:29:33,$ 3207.29,100
3262,14:29:16,$ 3207.6999,100
3263,14:29:04,$ 3207.49,100
3264,14:28:38,$ 3207.9899,100
3265,14:28:38,$ 3207.9899,200
3266,14:26:45,$ 3208.38,190
3267,14:26:15,$ 3208.56,100
3268,14:26:15,$ 3209.29,100
3269,14:26:15,$ 3209.24,100
3270,14:26:15,$ 3209.29,581
3271,14:26:15,$ 3209.18,100
3272,14:26:15,$ 3209.11,100
3273,14:26:13,$ 3209.15,100
3274,14:25:47,$ 3208.615,100
3275,14:25:30,$ 3209.1015,150
3276,14:25:29,$ 3209.34,100
3277,14:25:29,$ 3209.23,100
3278,14:24:48,$ 3209.00,100
3279,14:24:43,$ 3208.90,100
3281,14:24:43,$ 3208.89,100
3282,14:24:39,$ 3208.9451,491
3283,14:24:26,$ 3208.98,100
3284,14:24:26,$ 3208.98,100
3285,14:24:26,$ 3209.00,100
3286,14:24:26,$ 3209.01,100
3287,14:24:17,$ 3209.02,100
3288,14:24:16,$ 3209.08,100
3289,14:24:15,$ 3209.33,100
3290,14:24:05,$ 3210.02,100
3291,14:24:05,$ 3210.09,"1,000"
3292,14:23:45,$ 3210.765,100
3293,14:23:34,$ 3210.57,100
3294,14:23:24,$ 3210.14,"1,000"
3295,14:22:57,$ 3210.04,100
3296,14:22:57,$ 3210.00,100
3297,14:22:52,$ 3210.64,100
3298,14:22:45,$ 3210.95,100
3299,14:21:34,$ 3210.93,100
3300,14:21:19,$ 3210.91,100
3302,14:21:19,$ 3210.8147,140
3303,14:21:18,$ 3210.14,100
3304,14:21:18,$ 3210.14,100
3305,14:21:18,$ 3210.93,276
3306,14:21:18,$ 3211.00,100
3307,14:21:18,$ 3210.95,100
3308,14:21:18,$ 3211.00,100
3309,14:21:18,$ 3211.00,100
3310,14:21:14,$ 3211.10,100
3311,14:21:13,$ 3211.2074,192
3312,14:21:13,$ 3211.515,100
3313,14:21:10,$ 3211.0501,180
3314,14:20:49,$ 3211.39,100
3315,14:20:31,$ 3211.81,100
3316,14:20:30,$ 3211.82,100
3317,14:20:30,$ 3211.02,100
3318,14:20:30,$ 3211.12,100
3319,14:20:30,$ 3211.12,100
3320,14:20:30,$ 3212.00,100
3321,14:20:30,$ 3212.00,100
3323,14:20:30,$ 3211.69,100
3324,14:20:30,$ 3212.01,100
3325,14:20:30,$ 3211.64,100
3326,14:20:30,$ 3211.62,100
3327,14:20:30,$ 3212.27,100
3328,14:20:30,$ 3211.945,100
3329,14:20:30,$ 3211.62,100
3330,14:20:30,$ 3212.21,100
3331,14:20:30,$ 3211.63,100
3332,14:20:30,$ 3212.04,100
3333,14:20:07,$ 3212.7473,190
3334,14:20:04,$ 3212.41,107
3335,14:19:55,$ 3213.00,"1,000"
3336,14:19:47,$ 3212.245,100
3337,14:19:39,$ 3212.41,100
3338,14:19:11,$ 3212.32,100
3339,14:19:11,$ 3212.40,100
3340,14:19:11,$ 3212.65,"1,000"
3341,14:18:31,$ 3213.15,100
3342,14:18:11,$ 3212.67,247
3344,14:18:11,$ 3212.55,100
3345,14:18:01,$ 3212.9671,100
3346,14:17:32,$ 3213.21,100
3347,14:17:31,$ 3213.10,100
3348,14:17:31,$ 3212.73,100
3349,14:17:31,$ 3212.365,100
3350,14:17:30,$ 3212.86,100
3351,14:16:16,$ 3212.99,100
3352,14:16:05,$ 3212.82,100
3353,14:16:05,$ 3213.0559,250
3354,14:15:59,$ 3213.18,100
3355,14:15:43,$ 3213.2846,138
3356,14:15:12,$ 3212.48,100
3357,14:14:30,$ 3212.00,900
3358,14:14:30,$ 3212.00,100
3359,14:14:29,$ 3212.34,125
3360,14:14:29,$ 3212.53,278
3361,14:14:19,$ 3213.44,100
3362,14:13:57,$ 3212.795,100
3363,14:13:42,$ 3212.6232,101
3365,14:13:39,$ 3213.041,250
3366,14:13:27,$ 3213.34,100
3367,14:11:41,$ 3212.53,100
3368,14:11:35,$ 3212.93,100
3369,14:11:35,$ 3212.86,100
3370,14:11:35,$ 3212.86,100
3371,14:11:35,$ 3212.90,100
3372,14:11:35,$ 3213.00,100
3373,14:11:35,$ 3212.97,100
3374,14:11:35,$ 3212.915,100
3375,14:11:35,$ 3212.915,100
3376,14:11:35,$ 3212.97,100
3377,14:10:53,$ 3213.67,100
3378,14:10:52,$ 3213.07,100
3379,14:10:51,$ 3213.24,100
3380,14:10:51,$ 3213.10,100
3381,14:10:51,$ 3213.08,100
3382,14:10:51,$ 3213.31,100
3383,14:10:44,$ 3213.37,100
3384,14:10:44,$ 3213.30,100
3386,14:09:57,$ 3213.24,100
3387,14:09:57,$ 3213.44,100
3388,14:09:57,$ 3213.44,100
3389,14:09:21,$ 3213.33,100
3390,14:09:21,$ 3213.335,100
3391,14:09:14,$ 3213.30,100
3392,14:09:12,$ 3213.64,100
3393,14:09:12,$ 3213.61,100
3394,14:09:09,$ 3213.62,100
3395,14:09:06,$ 3213.11,100
3396,14:09:06,$ 3213.155,100
3397,14:09:04,$ 3213.11,100
3398,14:09:04,$ 3213.42,100
3399,14:08:55,$ 3213.57,100
3400,14:08:51,$ 3213.83,100
3401,14:08:42,$ 3213.22,100
3402,14:08:37,$ 3212.70,100
3403,14:08:14,$ 3212.3445,100
3404,14:08:14,$ 3213.03,100
3405,14:08:10,$ 3213.60,100
3407,14:07:22,$ 3213.905,200
3408,14:07:21,$ 3213.91,100
3409,14:06:13,$ 3213.95,100
3410,14:06:10,$ 3214.20,100
3411,14:06:10,$ 3214.21,100
3412,14:06:10,$ 3214.20,100
3413,14:06:10,$ 3214.18,100
3414,14:06:10,$ 3214.16,100
3415,14:05:24,$ 3214.94,100
3416,14:05:19,$ 3214.60,100
3417,14:05:19,$ 3214.87,100
3418,14:05:15,$ 3214.795,100
3419,14:05:04,$ 3215.09,100
3420,14:04:54,$ 3214.6475,100
3421,14:04:52,$ 3214.65,100
3422,14:04:46,$ 3215.10,100
3423,14:04:45,$ 3215.11,100
3424,14:04:45,$ 3215.1296,400
3425,14:04:45,$ 3215.00,900
3426,14:04:45,$ 3215.08,100
3428,14:04:45,$ 3215.12,100
3429,14:04:45,$ 3215.08,100
3430,14:04:45,$ 3214.99,100
3431,14:04:45,$ 3214.982,100
3432,14:04:45,$ 3214.98,100
3433,14:04:33,$ 3214.74,100
3434,14:03:54,$ 3213.99,100
3435,14:03:49,$ 3214.16,100
3436,14:03:48,$ 3213.52,100
3437,14:03:28,$ 3213.64,200
3438,14:02:46,$ 3212.605,100
3439,14:02:43,$ 3213.41,100
3440,14:02:35,$ 3213.59,100
3441,14:02:35,$ 3213.25,100
3442,14:02:15,$ 3212.9875,100
3443,14:02:14,$ 3213.10,100
3444,14:02:07,$ 3213.29,100
3445,14:02:07,$ 3213.29,100
3446,14:02:07,$ 3213.31,100
3447,14:02:07,$ 3213.2938,199
3449,14:02:07,$ 3213.31,100
3450,14:01:22,$ 3213.195,100
3451,14:01:10,$ 3213.40,100
3452,14:01:10,$ 3213.43,370
3453,14:00:52,$ 3213.23,100
3454,14:00:52,$ 3213.125,100
3455,14:00:52,$ 3213.04,100
3456,14:00:52,$ 3213.505,100
3457,14:00:33,$ 3213.36,100
3459,14:59:38,$ 3200.86,100
3460,14:59:29,$ 3200.84,100
3461,14:59:29,$ 3200.92,100
3462,14:59:19,$ 3200.25,100
3463,14:59:16,$ 3200.16,100
3464,14:58:54,$ 3200.26,100
3465,14:58:54,$ 3200.28,100
3466,14:58:54,$ 3199.65,100
3467,14:58:54,$ 3199.65,100
3468,14:58:47,$ 3199.65,100
3469,14:58:10,$ 3200.10,100
3470,14:57:59,$ 3200.1001,199
3471,14:57:50,$ 3200.725,300
3472,14:57:23,$ 3200.81,100
3473,14:57:19,$ 3200.75,109
3474,14:57:19,$ 3200.03,100
3475,14:57:19,$ 3200.44,100
3476,14:57:19,$ 3200.40,100
3477,14:57:09,$ 3200.83,100
3478,14:57:09,$ 3200.835,100
3480,14:57:06,$ 3200.835,100
3481,14:55:58,$ 3201.9017,236
3482,14:55:57,$ 3201.89,150
3483,14:55:40,$ 3202.50,100
3484,14:55:40,$ 3202.48,100
3485,14:55:40,$ 3202.40,100
3486,14:55:40,$ 3202.34,100
3487,14:55:19,$ 3202.66,100
3488,14:54:59,$ 3202.955,100
3489,14:54:31,$ 3202.14,100
3490,14:54:28,$ 3202.31,141
3491,14:54:28,$ 3202.18,100
3492,14:53:15,$ 3202.635,100
3493,14:53:06,$ 3202.60,100
3494,14:52:59,$ 3202.8234,131
3495,14:52:44,$ 3202.415,100
3496,14:52:38,$ 3202.3797,235
3497,14:52:33,$ 3202.48,400
3498,14:52:33,$ 3202.48,384
3499,14:52:33,$ 3202.65,100
3501,14:52:14,$ 3203.515,100
3502,14:52:14,$ 3203.76,100
3503,14:52:14,$ 3203.81,100
3504,14:52:14,$ 3203.81,100
3505,14:52:14,$ 3203.81,100
3506,14:52:14,$ 3203.36,100
3507,14:52:14,$ 3203.21,100
3508,14:52:14,$ 3203.36,100
3509,14:52:14,$ 3203.20,100
3510,14:52:09,$ 3202.82,100
3511,14:52:05,$ 3202.48,100
3512,14:52:05,$ 3202.46,100
3513,14:52:05,$ 3202.46,100
3514,14:52:05,$ 3202.46,100
3515,14:52:05,$ 3202.48,100
3516,14:52:02,$ 3202.17,100
3517,14:52:01,$ 3202.38,100
3518,14:52:01,$ 3202.04,100
3519,14:52:00,$ 3202.56,100
3520,14:52:00,$ 3202.54,100
3522,14:50:45,$ 3204.01,100
3523,14:50:32,$ 3203.8633,350
3524,14:50:30,$ 3204.2595,100
3525,14:50:07,$ 3204.53,100
3526,14:49:59,$ 3204.51,100
3527,14:49:46,$ 3204.915,100
3528,14:49:28,$ 3204.67,100
3529,14:48:57,$ 3203.0201,300
3530,14:48:33,$ 3203.7399,400
3531,14:48:26,$ 3204.305,100
3532,14:48:21,$ 3204.0795,100
3533,14:48:21,$ 3204.05,100
3534,14:48:21,$ 3203.81,400
3535,14:48:14,$ 3203.61,100
3536,14:48:11,$ 3203.09,100
3537,14:48:06,$ 3203.13,100
3538,14:48:06,$ 3203.085,100
3539,14:48:06,$ 3203.05,100
3540,14:47:58,$ 3202.62,100
3541,14:47:31,$ 3202.35,100
3543,14:47:30,$ 3202.45,100
3544,14:46:07,$ 3202.57,100
3545,14:45:32,$ 3203.31,450
3546,14:45:21,$ 3203.4228,300
3547,14:45:18,$ 3203.17,100
3548,14:44:58,$ 3204.045,100
3549,14:44:57,$ 3203.59,100
3550,14:44:57,$ 3203.50,100
3551,14:44:39,$ 3203.25,100
3552,14:44:39,$ 3203.25,100
3553,14:44:25,$ 3202.87,100
3554,14:43:31,$ 3203.09,100
3555,14:43:30,$ 3203.32,100
3556,14:43:27,$ 3203.09,100
3557,14:43:15,$ 3202.13,100
3558,14:43:12,$ 3202.50,100
3559,14:43:05,$ 3202.2883,150
3560,14:42:31,$ 3202.04,147
3561,14:42:31,$ 3201.95,100
3562,14:42:19,$ 3202.205,100
3564,14:42:18,$ 3202.205,150
3565,14:42:02,$ 3202.1384,108
3566,14:41:27,$ 3201.2001,100
3567,14:41:21,$ 3201.445,750
3568,14:41:05,$ 3201.85,100
3569,14:41:05,$ 3201.62,100
3570,14:41:05,$ 3201.65,100
3571,14:41:05,$ 3201.67,100
3572,14:41:05,$ 3201.67,225
3573,14:41:05,$ 3201.61,100
3574,14:41:05,$ 3201.5062,200
3575,14:41:05,$ 3201.6673,100
3576,14:41:05,$ 3201.44,100
3577,14:41:01,$ 3201.076,100
3578,14:40:56,$ 3201.66,100
3579,14:40:52,$ 3201.85,200
3580,14:40:40,$ 3202.12,100
3581,14:40:40,$ 3202.12,100
3582,14:40:38,$ 3201.20,100
3583,14:40:38,$ 3201.42,100
3585,14:40:38,$ 3201.58,100
3586,14:40:38,$ 3201.58,100
3587,14:40:32,$ 3200.14,100
3588,14:40:32,$ 3199.4046,100
3589,14:40:29,$ 3199.49,100
3590,14:40:28,$ 3200.00,400
3591,14:40:28,$ 3200.00,100
3592,14:40:28,$ 3200.00,100
3593,14:40:28,$ 3200.00,100
3594,14:40:28,$ 3200.00,"1,200"
3595,14:40:28,$ 3200.04,100
3596,14:40:27,$ 3200.03,100
3597,14:40:27,$ 3200.06,100
3598,14:40:27,$ 3200.20,300
3599,14:40:26,$ 3200.55,100
3600,14:40:25,$ 3200.7995,103
3601,14:40:24,$ 3200.61,137
3602,14:40:23,$ 3200.54,100
3603,14:40:23,$ 3200.55,100
3604,14:40:21,$ 3200.55,100
3606,14:40:21,$ 3200.55,100
3607,14:40:21,$ 3200.55,100
3608,14:40:21,$ 3200.675,100
3609,14:40:21,$ 3200.55,400
3610,14:40:21,$ 3200.62,300
3611,14:40:21,$ 3200.58,100
3612,14:40:21,$ 3200.61,100
3613,14:40:21,$ 3200.64,100
3614,14:40:21,$ 3200.80,100
3615,14:40:17,$ 3201.02,100
3616,14:40:15,$ 3201.47,300
3617,14:40:15,$ 3201.20,100
3618,14:40:10,$ 3200.58,100
3619,14:40:10,$ 3201.01,100
3620,14:40:10,$ 3201.02,100
3621,14:40:07,$ 3201.425,100
3622,14:40:06,$ 3201.54,100
3623,14:40:05,$ 3201.42,100
3624,14:40:05,$ 3201.80,100
3625,14:40:05,$ 3201.65,100
3627,14:40:05,$ 3201.65,153
3628,14:40:01,$ 3201.9662,100
3629,14:39:57,$ 3201.76,145
3630,14:39:57,$ 3202.37,100
3631,14:39:57,$ 3202.74,100
3632,14:39:41,$ 3203.00,100
3633,14:39:19,$ 3203.03,100
3634,14:39:19,$ 3203.10,100
3635,14:39:19,$ 3203.00,100
3636,14:38:57,$ 3204.31,200
3637,14:38:28,$ 3204.05,100
3638,14:38:27,$ 3203.93,100
3639,14:38:27,$ 3203.14,100
3640,14:38:27,$ 3203.33,100
3641,14:38:27,$ 3203.98,100
3642,14:38:12,$ 3203.02,100
3643,14:38:12,$ 3203.48,100
3644,14:38:12,$ 3203.03,100
3645,14:38:12,$ 3203.266,100
3646,14:38:12,$ 3203.03,100
3648,14:38:12,$ 3203.07,100
3649,14:38:12,$ 3203.0238,200
3650,14:38:12,$ 3203.05,100
3651,14:38:12,$ 3203.03,100
3652,14:38:06,$ 3204.45,100
3653,14:38:06,$ 3204.64,100
3654,14:37:30,$ 3205.62,100
3655,14:37:30,$ 3205.11,100
3656,14:37:30,$ 3205.31,168
3657,14:37:29,$ 3205.24,100
3658,14:37:29,$ 3205.62,100
3659,14:37:29,$ 3205.80,100
3660,14:37:29,$ 3205.80,100
3661,14:37:29,$ 3205.62,100
3662,14:37:29,$ 3205.62,100
3663,14:37:29,$ 3205.65,100
3664,14:37:29,$ 3205.62,100
3665,14:37:29,$ 3205.62,100
3666,14:37:29,$ 3205.62,100
3667,14:37:29,$ 3205.76,100
3669,14:37:19,$ 3207.04,100
3670,14:37:19,$ 3206.95,100
3671,14:37:11,$ 3206.92,100
3672,14:37:11,$ 3206.88,190
3673,14:37:11,$ 3206.40,100
3674,14:36:53,$ 3206.14,122
3675,14:36:53,$ 3206.02,285
3676,14:36:53,$ 3206.00,100
3677,14:36:47,$ 3205.5773,219
3678,14:36:47,$ 3205.76,100
3679,14:36:46,$ 3205.3586,263
3680,14:36:43,$ 3205.26,100
3681,14:36:43,$ 3205.26,100
3682,14:36:43,$ 3205.26,185
3683,14:36:43,$ 3205.30,100
3684,14:36:38,$ 3205.82,100
3685,14:36:38,$ 3205.46,100
3686,14:36:38,$ 3205.46,100
3687,14:36:38,$ 3205.48,100
3688,14:36:38,$ 3205.515,100
3690,14:36:38,$ 3205.57,100
3691,14:36:31,$ 3205.08,100
3692,14:36:30,$ 3206.00,100
3693,14:36:19,$ 3206.31,100
3694,14:36:12,$ 3207.04,100
3695,14:36:01,$ 3206.88,100
3696,14:36:01,$ 3207.005,500
3697,14:35:54,$ 3207.00,100
3698,14:35:34,$ 3207.04,100
3699,14:35:28,$ 3207.4736,100
3700,14:34:40,$ 3208.05,100
3701,14:34:40,$ 3208.40,100
3702,14:34:28,$ 3208.13,100
3703,14:34:27,$ 3208.685,100
3704,14:34:02,$ 3209.07,124
3705,14:33:57,$ 3209.21,100
3706,14:33:28,$ 3208.48,100
3707,14:33:25,$ 3208.24,100
3708,14:33:00,$ 3208.02,100
3709,14:32:59,$ 3207.96,100
3711,14:32:59,$ 3207.60,100
3712,14:32:22,$ 3208.21,125
3713,14:31:56,$ 3209.00,100
3714,14:31:54,$ 3208.76,100
3715,14:31:54,$ 3208.75,100
3716,14:31:38,$ 3208.26,400
3717,14:31:34,$ 3208.24,100
3718,14:31:31,$ 3207.865,100
3719,14:31:06,$ 3207.965,100
3720,14:30:34,$ 3207.565,200
3721,14:30:32,$ 3207.703,200
3722,14:30:25,$ 3208.10,100
3724,15:29:58,$ 3202.72,466
3725,15:29:06,$ 3203.20,100
3726,15:28:47,$ 3203.00,100
3727,15:28:47,$ 3202.99,100
3728,15:28:47,$ 3202.94,100
3729,15:28:35,$ 3203.025,100
3730,15:28:33,$ 3203.28,100
3731,15:28:33,$ 3203.18,100
3732,15:28:28,$ 3202.87,191
3733,15:28:28,$ 3202.74,199
3734,15:28:18,$ 3202.3755,149
3735,15:28:15,$ 3202.37,100
3736,15:28:08,$ 3202.15,100
3737,15:27:51,$ 3202.4767,150
3738,15:27:36,$ 3202.86,187
3739,15:27:17,$ 3202.8899,200
3740,15:27:02,$ 3202.70,192
3741,15:26:48,$ 3202.99,100
3742,15:26:36,$ 3202.865,100
3743,15:26:36,$ 3202.865,100
3745,15:26:35,$ 3202.77,100
3746,15:26:29,$ 3202.77,100
3747,15:26:25,$ 3202.76,100
3748,15:26:13,$ 3202.75,100
3749,15:26:05,$ 3203.19,100
3750,15:25:33,$ 3203.115,100
3751,15:25:32,$ 3203.115,100
3752,15:25:24,$ 3202.82,100
3753,15:25:19,$ 3202.87,100
3754,15:25:16,$ 3202.81,100
3755,15:25:16,$ 3202.86,100
3756,15:25:16,$ 3202.72,100
3757,15:25:16,$ 3202.81,100
3758,15:25:15,$ 3202.12,100
3759,15:25:12,$ 3202.00,100
3760,15:24:31,$ 3201.654,400
3761,15:24:06,$ 3201.36,100
3762,15:24:01,$ 3201.26,100
3763,15:23:07,$ 3201.96,100
3764,15:23:07,$ 3201.33,100
3766,15:22:25,$ 3201.265,100
3767,15:21:49,$ 3200.64,100
3768,15:21:49,$ 3200.68,100
3769,15:21:48,$ 3200.58,100
3770,15:21:48,$ 3200.57,100
3771,15:21:47,$ 3200.74,100
3772,15:21:47,$ 3200.91,100
3773,15:21:47,$ 3201.07,100
3774,15:21:40,$ 3202.43,100
3775,15:21:30,$ 3202.00,100
3776,15:21:30,$ 3202.00,100
3777,15:21:30,$ 3201.95,100
3778,15:21:22,$ 3201.435,132
3779,15:21:09,$ 3201.58,100
3780,15:20:17,$ 3201.69,100
3781,15:19:49,$ 3201.94,271
3782,15:19:29,$ 3201.70,100
3783,15:18:46,$ 3201.69,100
3784,15:18:46,$ 3201.70,129
3785,15:18:46,$ 3201.55,100
3787,15:18:30,$ 3201.3256,241
3788,15:18:21,$ 3201.48,100
3789,15:18:21,$ 3200.56,100
3790,15:18:21,$ 3200.59,100
3791,15:18:20,$ 3200.955,100
3792,15:18:20,$ 3200.96,100
3793,15:18:20,$ 3200.57,100
3794,15:18:20,$ 3200.53,100
3795,15:18:18,$ 3201.015,100
3796,15:18:15,$ 3200.535,100
3797,15:17:54,$ 3200.995,225
3798,15:17:46,$ 3200.77,100
3799,15:17:45,$ 3200.31,100
3800,15:17:23,$ 3199.265,100
3801,15:17:23,$ 3199.00,100
3802,15:17:22,$ 3199.36,100
3803,15:16:58,$ 3199.34,100
3804,15:16:44,$ 3199.98,100
3805,15:16:44,$ 3199.94,100
3806,15:16:43,$ 3200.00,350
3808,15:16:09,$ 3199.26,100
3809,15:16:08,$ 3199.3967,100
3810,15:16:07,$ 3199.00,200
3811,15:15:57,$ 3199.525,100
3812,15:15:41,$ 3199.46,100
3813,15:15:33,$ 3199.70,100
3814,15:15:33,$ 3199.66,100
3815,15:15:33,$ 3199.55,100
3816,15:15:33,$ 3199.70,100
3817,15:15:23,$ 3199.65,100
3818,15:14:52,$ 3200.205,300
3819,15:14:42,$ 3200.30,100
3820,15:14:34,$ 3200.4799,100
3821,15:14:10,$ 3199.92,100
3822,15:14:06,$ 3199.74,100
3823,15:14:00,$ 3200.185,100
3824,15:13:54,$ 3200.00,100
3825,15:13:54,$ 3200.00,100
3826,15:13:46,$ 3200.56,152
3827,15:13:29,$ 3200.825,100
3829,15:13:29,$ 3200.41,100
3830,15:13:29,$ 3200.64,100
3831,15:13:27,$ 3201.09,343
3832,15:12:48,$ 3201.8197,300
3833,15:12:35,$ 3201.15,100
3834,15:12:26,$ 3201.91,100
3835,15:11:34,$ 3202.9217,102
3836,15:11:34,$ 3202.74,102
3837,15:11:34,$ 3202.9217,100
3838,15:11:34,$ 3202.78,100
3839,15:11:15,$ 3203.25,100
3840,15:11:04,$ 3203.72,100
3841,15:10:43,$ 3203.10,200
3842,15:10:34,$ 3202.9999,100
3843,15:10:34,$ 3203.00,100
