,NLS Time (ET),NLS Price,NLS Share Volume
1,09:59:59,$ 3246.42,100
2,09:59:59,$ 3247.175,100
3,09:59:47,$ 3247.46,100
4,09:59:35,$ 3247.595,100
5,09:59:03,$ 3246.99,100
6,09:58:54,$ 3247.25,100
7,09:58:47,$ 3247.24,100
8,09:58:12,$ 3246.755,100
9,09:58:00,$ 3245.965,149
10,09:57:47,$ 3245.555,100
11,09:57:47,$ 3245.555,100
12,09:57:46,$ 3245.56,100
13,09:57:32,$ 3244.865,100
14,09:57:27,$ 3245.24,100
15,09:57:24,$ 3245.64,100
16,09:57:14,$ 3246.80,100
17,09:57:14,$ 3246.76,100
18,09:57:14,$ 3246.44,100
19,09:56:45,$ 3246.00,100
20,09:56:45,$ 3246.0001,400
22,09:56:45,$ 3246.15,100
23,09:56:45,$ 3246.00,333
24,09:56:45,$ 3246.00,100
25,09:56:45,$ 3246.00,159
26,09:56:45,$ 3246.25,100
27,09:56:38,$ 3247.07,100
28,09:56:14,$ 3247.3501,"1,661"
29,09:56:07,$ 3247.76,144
30,09:55:57,$ 3247.2012,250
31,09:55:53,$ 3247.325,100
32,09:55:27,$ 3247.71,100
33,09:55:05,$ 3246.70,100
34,09:54:46,$ 3248.03,100
35,09:54:39,$ 3245.84,100
36,09:54:23,$ 3247.0193,499
37,09:53:35,$ 3246.82,100
38,09:53:34,$ 3246.5625,100
39,09:53:30,$ 3247.1288,110
40,09:53:24,$ 3248.855,100
41,09:53:21,$ 3249.08,100
43,09:53:20,$ 3248.95,100
44,09:53:00,$ 3249.26,100
45,09:52:54,$ 3247.53,100
46,09:52:31,$ 3248.29,398
47,09:52:00,$ 3250.64,100
48,09:52:00,$ 3250.01,100
49,09:52:00,$ 3249.99,117
50,09:52:00,$ 3249.98,328
51,09:52:00,$ 3249.98,181
52,09:52:00,$ 3249.98,107
53,09:52:00,$ 3249.98,112
54,09:52:00,$ 3249.98,108
55,09:51:53,$ 3250.33,100
56,09:51:48,$ 3250.00,100
57,09:51:48,$ 3249.96,100
58,09:51:48,$ 3249.94,100
59,09:51:42,$ 3249.475,100
60,09:51:41,$ 3249.54,100
61,09:51:41,$ 3249.69,100
62,09:51:41,$ 3249.6865,100
64,09:51:39,$ 3249.719,100
65,09:51:39,$ 3249.58,100
66,09:51:39,$ 3249.68,100
67,09:51:39,$ 3249.63,300
68,09:51:39,$ 3249.68,100
69,09:51:39,$ 3249.72,100
70,09:51:32,$ 3249.70,100
71,09:51:17,$ 3248.10,100
72,09:51:16,$ 3245.88,100
73,09:51:15,$ 3247.17,100
74,09:50:58,$ 3247.94,100
75,09:50:49,$ 3245.495,100
76,09:50:16,$ 3244.20,100
77,09:50:16,$ 3244.20,100
78,09:50:15,$ 3244.84,200
79,09:50:15,$ 3244.84,100
80,09:50:15,$ 3244.9125,100
81,09:50:15,$ 3244.84,100
82,09:50:09,$ 3246.005,100
83,09:50:08,$ 3246.00,100
85,09:50:00,$ 3248.08,100
86,09:49:39,$ 3247.87,100
87,09:49:34,$ 3248.06,100
88,09:49:31,$ 3247.63,100
89,09:49:30,$ 3247.63,100
90,09:49:30,$ 3247.63,100
91,09:49:30,$ 3247.63,100
92,09:49:30,$ 3247.63,100
93,09:49:28,$ 3247.10,100
94,09:49:28,$ 3247.00,100
95,09:49:28,$ 3247.00,789
96,09:49:16,$ 3246.525,100
97,09:49:16,$ 3246.45,100
98,09:49:15,$ 3246.45,100
99,09:49:15,$ 3246.60,100
100,09:48:59,$ 3248.3307,170
101,09:48:35,$ 3246.8101,100
102,09:48:07,$ 3245.07,100
103,09:48:05,$ 3244.64,100
104,09:48:03,$ 3244.635,100
106,09:48:03,$ 3244.635,100
107,09:48:02,$ 3245.12,100
108,09:48:02,$ 3244.63,100
109,09:48:02,$ 3244.565,200
110,09:47:59,$ 3245.752,308
111,09:47:59,$ 3245.61,189
112,09:47:59,$ 3245.16,100
113,09:47:59,$ 3245.752,502
114,09:47:59,$ 3245.11,189
115,09:47:55,$ 3244.99,290
116,09:47:55,$ 3244.54,100
117,09:47:55,$ 3244.52,200
118,09:47:55,$ 3244.54,100
119,09:47:55,$ 3245.00,100
120,09:47:55,$ 3245.00,100
121,09:47:55,$ 3245.00,250
122,09:47:55,$ 3245.49,110
123,09:47:50,$ 3246.445,100
124,09:47:50,$ 3246.00,100
125,09:47:42,$ 3246.00,133
127,09:47:41,$ 3245.11,100
128,09:47:41,$ 3245.50,138
129,09:47:40,$ 3246.99,100
130,09:47:31,$ 3247.30,100
131,09:47:31,$ 3247.30,159
132,09:47:30,$ 3246.17,100
133,09:47:29,$ 3246.58,100
134,09:47:04,$ 3246.40,100
135,09:47:04,$ 3246.40,100
136,09:47:03,$ 3246.00,100
137,09:47:03,$ 3247.09,100
138,09:46:56,$ 3247.57,100
139,09:46:48,$ 3245.64,100
140,09:46:47,$ 3245.88,100
141,09:46:46,$ 3246.03,100
142,09:46:46,$ 3246.09,100
143,09:46:44,$ 3246.3671,299
144,09:46:43,$ 3246.807,397
145,09:46:43,$ 3246.807,100
146,09:46:37,$ 3246.63,100
148,09:46:36,$ 3247.00,100
149,09:46:35,$ 3248.00,100
150,09:46:34,$ 3248.495,150
151,09:46:30,$ 3248.31,108
152,09:46:29,$ 3248.58,100
153,09:46:00,$ 3250.11,100
154,09:46:00,$ 3250.12,100
155,09:45:57,$ 3249.28,100
156,09:45:54,$ 3247.646,100
157,09:45:53,$ 3247.76,100
158,09:45:48,$ 3247.75,100
159,09:45:32,$ 3248.945,100
160,09:45:27,$ 3251.22,100
161,09:45:26,$ 3250.03,100
162,09:45:24,$ 3250.715,100
163,09:45:23,$ 3249.65,300
164,09:45:21,$ 3250.57,100
165,09:45:20,$ 3249.40,100
166,09:45:15,$ 3248.06,100
167,09:45:05,$ 3248.21,100
169,09:45:05,$ 3249.325,100
170,09:45:00,$ 3248.57,100
171,09:44:50,$ 3250.00,400
172,09:44:47,$ 3250.12,100
173,09:44:42,$ 3250.14,100
174,09:44:42,$ 3251.45,100
175,09:44:35,$ 3252.51,100
176,09:44:35,$ 3252.51,100
177,09:44:35,$ 3252.51,111
178,09:44:34,$ 3254.1352,250
179,09:44:33,$ 3253.94,100
180,09:44:29,$ 3252.51,100
181,09:44:29,$ 3252.51,100
182,09:44:29,$ 3252.51,100
183,09:44:29,$ 3252.51,100
184,09:44:20,$ 3252.755,100
185,09:44:19,$ 3253.32,100
186,09:44:14,$ 3252.005,100
187,09:44:14,$ 3252.295,100
188,09:44:07,$ 3253.91,100
190,09:44:05,$ 3253.175,100
191,09:44:05,$ 3253.40,100
192,09:43:52,$ 3255.00,100
193,09:43:52,$ 3254.63,100
194,09:43:50,$ 3255.99,100
195,09:43:45,$ 3254.62,200
196,09:43:45,$ 3254.51,100
197,09:43:45,$ 3254.05,100
198,09:43:44,$ 3254.77,200
199,09:43:44,$ 3254.43,100
200,09:43:43,$ 3254.99,100
201,09:43:43,$ 3255.025,100
202,09:43:37,$ 3254.99,100
203,09:43:35,$ 3253.95,100
204,09:43:31,$ 3254.81,100
205,09:43:31,$ 3254.72,100
206,09:43:30,$ 3254.64,100
207,09:43:30,$ 3254.00,100
208,09:43:30,$ 3253.46,100
209,09:43:30,$ 3253.44,100
211,09:43:30,$ 3253.41,100
212,09:43:28,$ 3253.76,100
213,09:43:28,$ 3253.41,100
214,09:43:25,$ 3253.15,100
215,09:43:24,$ 3253.41,100
216,09:43:22,$ 3253.25,100
217,09:43:22,$ 3253.63,100
218,09:43:22,$ 3253.42,100
219,09:43:22,$ 3252.14,100
220,09:43:22,$ 3251.79,100
221,09:43:22,$ 3251.87,100
222,09:43:14,$ 3251.57,200
223,09:43:02,$ 3251.74,100
224,09:42:55,$ 3250.90,200
225,09:42:53,$ 3249.755,200
226,09:42:53,$ 3249.795,200
227,09:42:53,$ 3249.03,100
228,09:42:53,$ 3249.05,100
229,09:42:41,$ 3250.15,200
230,09:42:29,$ 3249.965,106
232,09:42:21,$ 3249.73,100
233,09:42:13,$ 3250.82,100
234,09:42:05,$ 3248.74,200
235,09:42:03,$ 3249.79,200
236,09:41:57,$ 3248.505,100
237,09:41:56,$ 3250.44,200
238,09:41:56,$ 3248.01,100
239,09:41:56,$ 3248.00,100
240,09:41:56,$ 3248.10,100
241,09:41:56,$ 3248.64,100
242,09:41:55,$ 3249.425,100
243,09:41:52,$ 3249.699,249
244,09:41:43,$ 3250.21,200
245,09:41:43,$ 3250.21,200
246,09:41:37,$ 3249.4221,349
247,09:41:29,$ 3251.39,200
248,09:41:28,$ 3250.12,166
249,09:41:28,$ 3249.91,100
250,09:41:28,$ 3250.18,100
251,09:41:11,$ 3250.97,100
253,09:41:11,$ 3250.10,100
254,09:41:05,$ 3250.49,200
255,09:41:01,$ 3251.00,200
256,09:41:00,$ 3251.34,100
257,09:40:58,$ 3253.795,200
258,09:40:58,$ 3253.10,100
259,09:40:52,$ 3252.56,100
260,09:40:51,$ 3252.61,100
261,09:40:51,$ 3252.22,100
262,09:40:51,$ 3251.95,200
263,09:40:50,$ 3251.43,100
264,09:40:50,$ 3251.38,100
265,09:40:26,$ 3252.00,100
266,09:40:26,$ 3252.915,100
267,09:40:26,$ 3253.00,100
268,09:40:26,$ 3252.59,100
269,09:40:25,$ 3250.5587,499
270,09:40:21,$ 3250.97,100
271,09:40:21,$ 3250.97,100
272,09:40:21,$ 3250.97,100
274,09:40:21,$ 3250.97,100
275,09:40:21,$ 3250.97,100
276,09:40:19,$ 3250.05,100
277,09:40:13,$ 3249.545,100
278,09:40:13,$ 3249.75,200
279,09:40:12,$ 3250.00,100
280,09:40:12,$ 3250.00,100
281,09:40:11,$ 3250.15,100
282,09:40:09,$ 3251.22,100
283,09:40:08,$ 3252.2125,100
284,09:40:08,$ 3252.00,100
285,09:40:05,$ 3251.60,100
286,09:40:03,$ 3253.145,100
287,09:40:01,$ 3252.58,111
288,09:40:00,$ 3251.51,100
289,09:39:53,$ 3252.58,100
290,09:39:53,$ 3253.37,100
291,09:39:53,$ 3252.65,100
292,09:39:53,$ 3252.82,100
293,09:39:53,$ 3252.69,100
295,09:39:53,$ 3254.36,110
296,09:39:44,$ 3255.19,100
297,09:39:43,$ 3254.00,100
298,09:39:43,$ 3253.89,100
299,09:39:41,$ 3253.90,100
300,09:38:30,$ 3252.00,428
301,09:38:30,$ 3252.00,100
302,09:38:26,$ 3252.80,100
303,09:38:17,$ 3251.89,100
304,09:38:15,$ 3249.8537,196
305,09:38:15,$ 3250.0786,100
306,09:38:15,$ 3251.12,100
307,09:38:13,$ 3250.4625,113
308,09:38:12,$ 3250.00,297
309,09:38:11,$ 3250.09,100
310,09:38:11,$ 3250.25,100
311,09:38:07,$ 3250.38,100
312,09:38:07,$ 3250.33,100
313,09:38:07,$ 3250.29,100
314,09:38:07,$ 3250.90,100
316,09:38:05,$ 3251.40,100
317,09:38:04,$ 3251.39,100
318,09:38:01,$ 3254.02,100
319,09:37:56,$ 3255.14,100
320,09:37:54,$ 3255.875,100
321,09:37:53,$ 3256.9999,100
322,09:37:43,$ 3256.04,100
323,09:37:28,$ 3254.08,100
324,09:37:27,$ 3255.31,100
325,09:37:26,$ 3255.37,100
326,09:37:13,$ 3254.83,100
327,09:37:12,$ 3254.55,100
328,09:37:12,$ 3255.54,100
329,09:37:12,$ 3254.60,100
330,09:37:12,$ 3254.71,100
331,09:37:06,$ 3253.99,100
332,09:37:05,$ 3253.235,100
333,09:37:04,$ 3254.59,100
334,09:36:56,$ 3254.67,100
335,09:36:49,$ 3255.44,100
337,09:36:36,$ 3257.01,100
338,09:36:36,$ 3256.86,100
339,09:36:35,$ 3258.05,100
340,09:36:30,$ 3257.85,100
341,09:36:30,$ 3256.565,100
342,09:36:28,$ 3257.18,100
343,09:36:24,$ 3256.00,100
344,09:36:24,$ 3256.00,100
345,09:36:19,$ 3254.20,100
346,09:36:16,$ 3252.51,100
347,09:36:12,$ 3252.49,100
348,09:36:08,$ 3253.00,100
349,09:36:05,$ 3253.01,100
350,09:36:04,$ 3253.10,100
351,09:36:04,$ 3253.22,100
352,09:36:01,$ 3254.87,100
353,09:36:01,$ 3254.15,100
354,09:35:39,$ 3255.00,100
355,09:35:36,$ 3254.82,100
356,09:35:20,$ 3251.41,100
358,09:35:18,$ 3251.00,200
359,09:35:12,$ 3248.28,100
360,09:35:10,$ 3247.60,100
361,09:35:05,$ 3248.395,100
362,09:35:05,$ 3247.15,131
363,09:35:00,$ 3249.09,100
364,09:34:59,$ 3248.0301,352
365,09:34:58,$ 3248.72,100
366,09:34:47,$ 3249.76,100
367,09:34:46,$ 3247.51,350
368,09:34:43,$ 3249.50,100
369,09:34:40,$ 3250.95,100
370,09:34:32,$ 3249.99,100
371,09:34:14,$ 3247.38,100
372,09:34:14,$ 3247.38,100
373,09:34:14,$ 3247.38,100
374,09:34:14,$ 3247.38,100
375,09:34:14,$ 3247.38,100
376,09:34:13,$ 3246.02,400
377,09:34:12,$ 3246.42,100
379,09:34:11,$ 3247.38,300
380,09:34:11,$ 3247.38,100
381,09:34:11,$ 3247.38,100
382,09:34:11,$ 3247.40,400
383,09:34:11,$ 3247.925,400
384,09:34:11,$ 3247.59,200
385,09:34:11,$ 3247.552,250
386,09:34:08,$ 3247.39,100
387,09:34:07,$ 3247.27,100
388,09:34:06,$ 3247.27,100
389,09:34:05,$ 3247.20,100
390,09:34:02,$ 3247.56,100
391,09:34:02,$ 3247.48,100
392,09:34:02,$ 3247.48,100
393,09:33:58,$ 3248.3484,149
394,09:33:57,$ 3248.21,100
395,09:33:56,$ 3248.51,100
396,09:33:56,$ 3249.32,100
397,09:33:49,$ 3249.18,100
398,09:33:49,$ 3250.66,100
400,09:33:49,$ 3251.2325,100
401,09:33:42,$ 3251.21,100
402,09:33:25,$ 3251.40,100
403,09:33:14,$ 3249.4978,100
404,09:33:14,$ 3250.80,100
405,09:33:07,$ 3248.365,100
406,09:33:04,$ 3248.00,137
407,09:33:04,$ 3248.00,112
408,09:33:03,$ 3248.46,100
409,09:33:03,$ 3248.52,100
410,09:33:01,$ 3250.12,100
411,09:32:29,$ 3250.60,100
412,09:32:25,$ 3250.26,100
413,09:32:25,$ 3250.4027,199
414,09:32:15,$ 3254.43,100
415,09:32:12,$ 3250.06,100
416,09:32:07,$ 3250.24,100
417,09:31:50,$ 3254.25,100
418,09:31:49,$ 3256.15,100
419,09:31:49,$ 3256.27,100
421,09:31:49,$ 3253.93,100
422,09:31:49,$ 3253.86,100
423,09:31:44,$ 3254.00,100
424,09:31:32,$ 3254.01,100
425,09:31:29,$ 3255.09,100
426,09:31:29,$ 3255.11,100
427,09:30:58,$ 3258.4237,499
428,09:30:54,$ 3257.29,100
429,09:30:53,$ 3259.70,100
430,09:30:53,$ 3259.2387,500
431,09:30:53,$ 3255.42,100
432,09:30:53,$ 3254.98,100
433,09:30:52,$ 3255.01,100
434,09:30:51,$ 3254.37,100
435,09:30:51,$ 3254.36,225
436,09:30:51,$ 3255.03,100
437,09:30:51,$ 3255.03,100
438,09:30:51,$ 3255.04,100
439,09:30:47,$ 3253.857,239
440,09:30:47,$ 3253.70,113
442,09:30:40,$ 3253.78,100
443,09:30:40,$ 3253.74,100
444,09:30:40,$ 3253.50,289
445,09:30:40,$ 3253.50,188
446,09:30:34,$ 3252.615,"2,000"
447,09:30:33,$ 3252.60,100
448,09:30:33,$ 3252.62,100
449,09:30:33,$ 3252.82,100
450,09:30:33,$ 3252.95,100
451,09:30:26,$ 3251.00,144
452,09:30:26,$ 3251.01,100
453,09:30:26,$ 3252.30,137
454,09:30:26,$ 3253.01,100
455,09:30:26,$ 3252.30,112
456,09:30:26,$ 3253.8764,100
457,09:30:23,$ 3253.82,100
458,09:30:23,$ 3253.74,100
459,09:30:22,$ 3254.38,100
460,09:30:22,$ 3255.04,239
461,09:30:22,$ 3254.93,100
463,09:30:22,$ 3255.03,100
464,09:30:22,$ 3254.55,100
465,09:30:21,$ 3255.00,"1,000"
466,09:30:21,$ 3255.05,100
467,09:30:20,$ 3255.17,100
468,09:30:20,$ 3255.11,100
469,09:30:20,$ 3255.06,100
470,09:30:20,$ 3255.07,100
471,09:30:20,$ 3255.05,100
472,09:30:19,$ 3255.13,100
473,09:30:19,$ 3255.13,100
474,09:30:19,$ 3255.08,100
475,09:30:19,$ 3255.76,100
476,09:30:19,$ 3255.52,100
477,09:30:11,$ 3256.25,100
478,09:30:07,$ 3259.00,100
479,09:30:06,$ 3257.04,100
480,09:30:05,$ 3257.425,100
481,09:30:03,$ 3257.36,100
482,09:30:03,$ 3257.07,100
484,09:30:02,$ 3257.94,100
485,09:30:02,$ 3257.00,100
486,09:30:02,$ 3257.00,100
487,09:30:02,$ 3257.10,100
488,09:30:02,$ 3257.05,100
489,09:30:02,$ 3257.01,100
490,09:30:02,$ 3257.00,100
491,09:30:01,$ 3258.43,100
492,09:30:01,$ 3255.81,1
493,09:30:01,$ 3255.81,10
494,09:30:01,$ 3255.81,15
495,09:30:01,$ 3255.81,1
496,09:30:01,$ 3255.81,10
497,09:30:01,$ 3255.81,61
498,09:30:01,$ 3255.81,1
499,09:30:01,$ 3255.81,1
500,09:30:01,$ 3255.81,40
501,09:30:01,$ 3255.81,56
502,09:30:01,$ 3255.81,6
503,09:30:01,$ 3255.81,126
505,09:30:01,$ 3255.81,1
506,09:30:01,$ 3255.81,17
507,09:30:01,$ 3255.81,"2,119"
508,09:30:01,$ 3255.81,4
509,09:30:01,$ 3255.81,10
510,09:30:01,$ 3255.81,1
511,09:30:01,$ 3255.81,1
512,09:30:01,$ 3255.81,5
513,09:30:01,$ 3255.81,2
514,09:30:01,$ 3255.81,1
515,09:30:01,$ 3255.81,3
516,09:30:01,$ 3255.81,5
517,09:30:01,$ 3255.81,1
518,09:30:01,$ 3255.81,2
519,09:30:01,$ 3255.81,12
520,09:30:01,$ 3255.81,19
521,09:30:01,$ 3255.81,1
522,09:30:01,$ 3255.81,1
523,09:30:01,$ 3255.81,3
524,09:30:01,$ 3255.81,3
526,09:30:01,$ 3255.81,1
527,09:30:01,$ 3255.81,1
528,09:30:01,$ 3255.81,2
529,09:30:01,$ 3255.81,1
530,09:30:01,$ 3255.81,1
531,09:30:01,$ 3255.81,1
532,09:30:01,$ 3255.81,1
533,09:30:01,$ 3255.81,7
534,09:30:01,$ 3255.81,1
535,09:30:01,$ 3255.81,1
536,09:30:01,$ 3255.81,1
537,09:30:01,$ 3255.81,2
538,09:30:01,$ 3255.81,1
539,09:30:01,$ 3255.81,5
540,09:30:01,$ 3255.81,20
541,09:30:01,$ 3255.81,15
542,09:30:01,$ 3255.81,3
543,09:30:01,$ 3255.81,2
544,09:30:01,$ 3255.81,2
545,09:30:01,$ 3255.81,2
547,09:30:01,$ 3255.81,12
548,09:30:01,$ 3255.81,100
549,09:30:01,$ 3255.81,2
550,09:30:01,$ 3255.81,2
551,09:30:01,$ 3255.81,1
552,09:30:01,$ 3255.81,4
553,09:30:01,$ 3255.81,1
554,09:30:01,$ 3255.81,2
555,09:30:01,$ 3255.81,1
556,09:30:01,$ 3255.81,1
557,09:30:01,$ 3255.81,1
558,09:30:01,$ 3255.81,8
559,09:30:01,$ 3255.81,3
560,09:30:01,$ 3255.81,1
561,09:30:01,$ 3255.81,3
562,09:30:01,$ 3255.81,2
563,09:30:01,$ 3255.81,92
564,09:30:01,$ 3255.81,1
565,09:30:01,$ 3255.81,8
566,09:30:01,$ 3255.81,1
568,09:30:01,$ 3255.81,2
569,09:30:01,$ 3255.81,1
570,09:30:01,$ 3255.81,1
571,09:30:01,$ 3255.81,50
572,09:30:01,$ 3255.81,1
573,09:30:01,$ 3255.81,1
574,09:30:01,$ 3255.81,6
575,09:30:01,$ 3255.81,1
576,09:30:01,$ 3255.81,1
577,09:30:01,$ 3255.81,5
578,09:30:01,$ 3255.81,1
579,09:30:01,$ 3255.81,1
580,09:30:01,$ 3255.81,2
581,09:30:01,$ 3255.81,1
582,09:30:01,$ 3255.81,9
583,09:30:01,$ 3255.81,1
584,09:30:01,$ 3255.81,1
585,09:30:01,$ 3255.81,1
586,09:30:01,$ 3255.81,1
587,09:30:01,$ 3255.81,1
589,09:30:01,$ 3255.81,1
590,09:30:01,$ 3255.81,3
591,09:30:01,$ 3255.81,1
592,09:30:01,$ 3255.81,1
593,09:30:01,$ 3255.81,1
594,09:30:01,$ 3255.81,2
595,09:30:01,$ 3255.81,3
596,09:30:01,$ 3255.81,1
597,09:30:01,$ 3255.81,1
598,09:30:01,$ 3255.81,3
599,09:30:01,$ 3255.81,1
600,09:30:01,$ 3255.81,4
601,09:30:01,$ 3255.81,1
602,09:30:01,$ 3255.81,3
603,09:30:01,$ 3255.81,2
604,09:30:01,$ 3255.81,4
605,09:30:01,$ 3255.81,1
606,09:30:01,$ 3255.81,1
607,09:30:01,$ 3255.81,2
608,09:30:01,$ 3255.81,1
610,09:30:01,$ 3255.81,1
611,09:30:01,$ 3255.81,4
612,09:30:01,$ 3255.81,1
613,09:30:01,$ 3255.81,1
614,09:30:01,$ 3255.81,9
615,09:30:01,$ 3255.81,1
616,09:30:01,$ 3255.81,9
617,09:30:01,$ 3255.81,1
618,09:30:01,$ 3255.81,1
619,09:30:01,$ 3255.81,5
620,09:30:01,$ 3255.81,2
621,09:30:01,$ 3255.81,2
622,09:30:01,$ 3255.81,4
623,09:30:01,$ 3255.81,1
624,09:30:01,$ 3255.81,5
625,09:30:01,$ 3255.81,2
626,09:30:01,$ 3255.81,1
627,09:30:01,$ 3255.81,25
628,09:30:01,$ 3255.81,5
629,09:30:01,$ 3255.81,10
631,09:30:01,$ 3255.81,3
632,09:30:01,$ 3255.81,1
633,09:30:01,$ 3255.81,19
634,09:30:01,$ 3255.81,3
635,09:30:01,$ 3255.81,4
636,09:30:01,$ 3255.81,3
637,09:30:01,$ 3255.81,12
638,09:30:01,$ 3255.81,1
639,09:30:01,$ 3255.81,1
640,09:30:01,$ 3255.81,15
641,09:30:01,$ 3255.81,2
642,09:30:01,$ 3255.81,1
643,09:30:01,$ 3255.81,2
644,09:30:01,$ 3255.81,3
645,09:30:01,$ 3255.81,1
646,09:30:01,$ 3255.81,3
647,09:30:01,$ 3255.81,3
648,09:30:01,$ 3255.81,10
649,09:30:01,$ 3255.81,1
650,09:30:01,$ 3255.81,4
652,09:30:01,$ 3255.81,4
653,09:30:01,$ 3255.81,4
654,09:30:01,$ 3255.81,8
655,09:30:01,$ 3255.81,1
656,09:30:01,$ 3255.81,5
657,09:30:01,$ 3255.81,4
658,09:30:01,$ 3255.81,3
659,09:30:01,$ 3255.81,5
660,09:30:01,$ 3255.81,3
661,09:30:01,$ 3255.81,2
662,09:30:01,$ 3255.81,28
663,09:30:01,$ 3255.81,2
664,09:30:01,$ 3255.81,2
665,09:30:01,$ 3255.81,5
666,09:30:01,$ 3255.81,2
667,09:30:01,$ 3255.81,2
668,09:30:01,$ 3255.81,1
669,09:30:01,$ 3255.81,2
670,09:30:01,$ 3255.81,8
671,09:30:01,$ 3255.81,8
673,09:30:01,$ 3255.81,2
674,09:30:01,$ 3255.81,1
675,09:30:01,$ 3255.81,6
676,09:30:01,$ 3255.81,44
677,09:30:01,$ 3255.81,10
678,09:30:01,$ 3255.81,40
679,09:30:01,$ 3255.81,25
680,09:30:01,$ 3255.81,3
681,09:30:01,$ 3255.81,47
682,09:30:01,$ 3255.81,26
683,09:30:01,$ 3255.81,2
684,09:30:01,$ 3255.81,200
685,09:30:01,$ 3255.81,5
686,09:30:01,$ 3255.81,2
687,09:30:01,$ 3255.81,5
688,09:30:01,$ 3255.81,3
689,09:30:01,$ 3255.81,92
690,09:30:01,$ 3255.81,7
691,09:30:01,$ 3255.81,5
692,09:30:01,$ 3255.81,15
694,09:30:01,$ 3255.81,4
695,09:30:01,$ 3255.81,1
696,09:30:01,$ 3255.81,5
697,09:30:01,$ 3255.81,8
698,09:30:01,$ 3255.81,5
699,09:30:01,$ 3255.81,3
700,09:30:01,$ 3255.81,2
701,09:30:01,$ 3255.81,2
702,09:30:01,$ 3255.81,2
703,09:30:01,$ 3255.81,13
704,09:30:01,$ 3255.81,1
705,09:30:01,$ 3255.81,1
706,09:30:01,$ 3255.81,1
707,09:30:01,$ 3255.81,1
708,09:30:01,$ 3255.81,50
709,09:30:01,$ 3255.81,20
710,09:30:01,$ 3255.81,2
711,09:30:01,$ 3255.81,4
712,09:30:01,$ 3255.81,2
713,09:30:01,$ 3255.81,60
715,09:30:01,$ 3255.81,2
716,09:30:01,$ 3255.81,10
717,09:30:01,$ 3255.81,5
718,09:30:01,$ 3255.81,24
719,09:30:01,$ 3255.81,112
720,09:30:01,$ 3255.81,30
721,09:30:01,$ 3255.81,14
722,09:30:01,$ 3255.81,11
723,09:30:01,$ 3255.81,2
724,09:30:01,$ 3255.81,9
725,09:30:01,$ 3255.81,3
726,09:30:01,$ 3255.81,4
727,09:30:01,$ 3255.81,2
728,09:30:01,$ 3255.81,1
729,09:30:01,$ 3255.81,2
730,09:30:01,$ 3255.81,7
731,09:30:01,$ 3255.81,10
732,09:30:01,$ 3255.81,66
733,09:30:01,$ 3255.81,18
734,09:30:01,$ 3255.81,100
736,09:30:01,$ 3255.81,20
737,09:30:01,$ 3255.81,1
738,09:30:01,$ 3255.81,10
739,09:30:01,$ 3255.81,1
740,09:30:01,$ 3255.81,1
741,09:30:01,$ 3255.81,2
742,09:30:01,$ 3255.81,1
743,09:30:01,$ 3255.81,1
744,09:30:01,$ 3255.81,1
745,09:30:01,$ 3255.81,1
746,09:30:01,$ 3255.81,2
747,09:30:01,$ 3255.81,1
748,09:30:01,$ 3255.81,2
749,09:30:01,$ 3255.81,2
750,09:30:01,$ 3255.81,1
751,09:30:01,$ 3255.81,3
752,09:30:01,$ 3255.81,1
753,09:30:01,$ 3255.81,3
754,09:30:01,$ 3255.81,3
755,09:30:01,$ 3255.81,1
757,09:30:01,$ 3255.81,1
758,09:30:01,$ 3255.81,1
759,09:30:01,$ 3255.81,2
760,09:30:01,$ 3255.81,1
761,09:30:01,$ 3255.81,3
762,09:30:01,$ 3255.81,2
763,09:30:01,$ 3255.81,1
764,09:30:01,$ 3255.81,3
765,09:30:01,$ 3255.81,1
766,09:30:01,$ 3255.81,1
767,09:30:01,$ 3255.81,1
768,09:30:01,$ 3255.81,1
769,09:30:01,$ 3255.81,1
770,09:30:01,$ 3255.81,1
771,09:30:01,$ 3255.81,1
772,09:30:01,$ 3255.81,15
773,09:30:01,$ 3255.81,15
774,09:30:01,$ 3255.81,2
775,09:30:01,$ 3255.81,1
776,09:30:01,$ 3255.81,2
778,09:30:01,$ 3255.81,1
779,09:30:01,$ 3255.81,3
780,09:30:01,$ 3255.81,5
781,09:30:01,$ 3255.81,2
782,09:30:01,$ 3255.81,1
783,09:30:01,$ 3255.81,4
784,09:30:01,$ 3255.81,1
785,09:30:01,$ 3255.81,1
786,09:30:01,$ 3255.81,9
787,09:30:01,$ 3255.81,2
788,09:30:01,$ 3255.81,8
789,09:30:01,$ 3255.81,2
790,09:30:01,$ 3255.81,1
791,09:30:01,$ 3255.81,1
792,09:30:01,$ 3255.81,1
793,09:30:01,$ 3255.81,5
794,09:30:01,$ 3255.81,4
795,09:30:01,$ 3255.81,2
796,09:30:01,$ 3255.81,3
797,09:30:01,$ 3255.81,3
799,09:30:01,$ 3255.81,1
800,09:30:01,$ 3255.81,3
801,09:30:01,$ 3255.81,3
802,09:30:01,$ 3255.81,2
803,09:30:01,$ 3255.81,2
804,09:30:01,$ 3255.81,176
805,09:30:01,$ 3255.81,1
806,09:30:01,$ 3255.81,1
807,09:30:01,$ 3255.81,1
808,09:30:01,$ 3255.81,6
809,09:30:01,$ 3255.81,1
810,09:30:01,$ 3255.81,1
811,09:30:01,$ 3255.81,1
812,09:30:01,$ 3255.81,2
813,09:30:01,$ 3255.81,1
814,09:30:01,$ 3255.81,10
815,09:30:01,$ 3255.81,6
816,09:30:01,$ 3255.81,22
817,09:30:01,$ 3255.81,10
818,09:30:01,$ 3255.81,1
820,09:30:01,$ 3255.81,1
821,09:30:01,$ 3255.81,1
822,09:30:01,$ 3255.81,4
823,09:30:01,$ 3255.81,11
824,09:30:01,$ 3255.81,9
825,09:30:01,$ 3255.81,1
826,09:30:01,$ 3255.81,5
827,09:30:01,$ 3255.81,17
828,09:30:01,$ 3255.81,17
829,09:30:01,$ 3255.81,100
830,09:30:01,$ 3255.81,1
831,09:30:01,$ 3255.81,2
832,09:30:01,$ 3255.81,3
833,09:30:01,$ 3255.81,5
834,09:30:01,$ 3255.81,1
835,09:30:01,$ 3255.81,7
836,09:30:01,$ 3255.81,1
837,09:30:01,$ 3255.81,2
838,09:30:01,$ 3255.81,5
839,09:30:01,$ 3255.81,1
841,09:30:01,$ 3255.81,4
842,09:30:01,$ 3255.81,2
843,09:30:01,$ 3255.81,5
844,09:30:01,$ 3255.81,2
845,09:30:01,$ 3255.81,1
846,09:30:01,$ 3255.81,1
847,09:30:01,$ 3255.81,2
848,09:30:01,$ 3255.81,1
849,09:30:01,$ 3255.81,3
850,09:30:01,$ 3255.81,4
851,09:30:01,$ 3255.81,1
852,09:30:01,$ 3255.81,2
853,09:30:01,$ 3255.81,1
854,09:30:01,$ 3255.81,6
855,09:30:01,$ 3255.81,7
856,09:30:01,$ 3255.81,4
857,09:30:01,$ 3255.81,1
858,09:30:01,$ 3255.81,1
859,09:30:01,$ 3255.81,1
860,09:30:01,$ 3255.81,1
862,09:30:01,$ 3255.81,2
863,09:30:01,$ 3255.81,6
864,09:30:01,$ 3255.81,4
865,09:30:01,$ 3255.81,1
866,09:30:01,$ 3255.81,2
867,09:30:01,$ 3255.81,1
868,09:30:01,$ 3255.81,1
869,09:30:01,$ 3255.81,1
870,09:30:01,$ 3255.81,2
871,09:30:01,$ 3255.81,1
872,09:30:01,$ 3255.81,1
873,09:30:01,$ 3255.81,1
874,09:30:01,$ 3255.81,2
875,09:30:01,$ 3255.81,16
876,09:30:01,$ 3255.81,12
877,09:30:01,$ 3255.81,6
878,09:30:01,$ 3255.81,11
879,09:30:01,$ 3255.81,1
880,09:30:01,$ 3255.81,1
881,09:30:01,$ 3255.81,5
883,09:30:01,$ 3255.81,1
884,09:30:01,$ 3255.81,3
885,09:30:01,$ 3255.81,4
886,09:30:01,$ 3255.81,1
887,09:30:01,$ 3255.81,8
888,09:30:01,$ 3255.81,10
889,09:30:01,$ 3255.81,1
890,09:30:01,$ 3255.81,1
891,09:30:01,$ 3255.81,2
892,09:30:01,$ 3255.81,1
893,09:30:01,$ 3255.81,10
894,09:30:01,$ 3255.81,1
895,09:30:01,$ 3255.81,1
896,09:30:01,$ 3255.81,2
897,09:30:01,$ 3255.81,1
898,09:30:01,$ 3255.81,10
899,09:30:01,$ 3255.81,10
900,09:30:01,$ 3255.81,2
901,09:30:01,$ 3255.81,1
902,09:30:01,$ 3255.81,1
904,09:30:01,$ 3255.81,12
905,09:30:01,$ 3255.81,4
906,09:30:01,$ 3255.81,2
907,09:30:01,$ 3255.81,2
908,09:30:01,$ 3255.81,1
909,09:30:01,$ 3255.81,1
910,09:30:01,$ 3255.81,1
911,09:30:01,$ 3255.81,15
912,09:30:01,$ 3255.81,1
913,09:30:01,$ 3255.81,5
914,09:30:01,$ 3255.81,5
915,09:30:01,$ 3255.81,1
916,09:30:01,$ 3255.81,3
917,09:30:01,$ 3255.81,5
918,09:30:01,$ 3255.81,10
919,09:30:01,$ 3255.81,5
920,09:30:01,$ 3255.81,1
921,09:30:01,$ 3255.81,3
922,09:30:01,$ 3255.81,13
923,09:30:01,$ 3255.81,7
925,09:30:01,$ 3255.81,5
926,09:30:01,$ 3255.81,1
927,09:30:01,$ 3255.81,1
928,09:30:01,$ 3255.81,8
929,09:30:01,$ 3255.81,100
930,09:30:01,$ 3255.81,2
931,09:30:01,$ 3255.81,5
932,09:30:01,$ 3255.81,1
933,09:30:01,$ 3255.81,3
934,09:30:01,$ 3255.81,2
935,09:30:01,$ 3255.81,1
936,09:30:01,$ 3255.81,2
937,09:30:01,$ 3255.81,1
938,09:30:01,$ 3255.81,7
939,09:30:01,$ 3255.81,2
940,09:30:01,$ 3255.81,3
941,09:30:01,$ 3255.81,4
942,09:30:01,$ 3255.81,3
943,09:30:01,$ 3255.81,3
944,09:30:01,$ 3255.81,1
946,09:30:01,$ 3255.81,5
947,09:30:01,$ 3255.81,1
948,09:30:01,$ 3255.81,20
949,09:30:01,$ 3255.81,2
950,09:30:01,$ 3255.81,3
951,09:30:01,$ 3255.81,1
952,09:30:01,$ 3255.81,1
953,09:30:01,$ 3255.81,10
954,09:30:01,$ 3255.81,1
955,09:30:01,$ 3255.81,5
956,09:30:01,$ 3255.81,4
957,09:30:01,$ 3255.81,2
958,09:30:01,$ 3255.81,5
959,09:30:01,$ 3255.81,2
960,09:30:01,$ 3255.81,3
961,09:30:01,$ 3255.81,1
962,09:30:01,$ 3255.81,4
963,09:30:01,$ 3255.81,1
964,09:30:01,$ 3255.81,2
965,09:30:01,$ 3255.81,3
967,09:30:01,$ 3255.81,1
968,09:30:01,$ 3255.81,2
969,09:30:01,$ 3255.81,2
970,09:30:01,$ 3255.81,2
971,09:30:01,$ 3255.81,18
972,09:30:01,$ 3255.81,36
973,09:30:01,$ 3255.81,6
974,09:30:01,$ 3255.81,7
975,09:30:01,$ 3255.81,1
976,09:30:01,$ 3255.81,1
977,09:30:01,$ 3255.81,1
978,09:30:01,$ 3255.81,2
979,09:30:01,$ 3255.81,1
980,09:30:01,$ 3255.81,1
981,09:30:01,$ 3255.81,6
982,09:30:01,$ 3255.81,1
983,09:30:01,$ 3255.81,1
984,09:30:01,$ 3255.81,2
985,09:30:01,$ 3255.81,22
986,09:30:01,$ 3255.81,3
988,09:30:01,$ 3255.81,38
989,09:30:01,$ 3255.81,1
990,09:30:01,$ 3255.81,20
991,09:30:01,$ 3255.81,1
992,09:30:01,$ 3255.81,3
993,09:30:01,$ 3255.81,1
994,09:30:01,$ 3255.81,6
995,09:30:01,$ 3255.81,16
996,09:30:01,$ 3255.81,2
997,09:30:01,$ 3255.81,1
998,09:30:01,$ 3255.81,1
999,09:30:01,$ 3255.81,3
1000,09:30:01,$ 3255.81,1
1001,09:30:01,$ 3255.81,2
1002,09:30:01,$ 3255.81,3
1003,09:30:01,$ 3255.81,1
1004,09:30:01,$ 3255.81,8
1005,09:30:01,$ 3255.81,1
1006,09:30:01,$ 3255.81,1
1007,09:30:01,$ 3255.81,10
1009,09:30:01,$ 3255.81,6
1010,09:30:01,$ 3255.81,3
1011,09:30:01,$ 3255.81,1
1012,09:30:01,$ 3255.81,1
1013,09:30:01,$ 3255.81,14
1014,09:30:01,$ 3255.81,1
1015,09:30:01,$ 3255.81,2
1016,09:30:01,$ 3255.81,5
1017,09:30:01,$ 3255.81,3
1018,09:30:01,$ 3255.81,5
1019,09:30:01,$ 3255.81,2
1020,09:30:01,$ 3255.81,1
1021,09:30:01,$ 3255.81,1
1022,09:30:01,$ 3255.81,2
1023,09:30:01,$ 3255.81,2
1024,09:30:01,$ 3255.81,1
1025,09:30:01,$ 3255.81,10
1026,09:30:01,$ 3255.81,2
1027,09:30:01,$ 3255.81,1
1028,09:30:01,$ 3255.81,15
1030,09:30:01,$ 3255.81,10
1031,09:30:01,$ 3255.81,4
1032,09:30:01,$ 3255.81,1
1033,09:30:01,$ 3255.81,3
1034,09:30:01,$ 3255.81,30
1035,09:30:01,$ 3255.81,1
1036,09:30:01,$ 3255.81,1
1037,09:30:01,$ 3255.81,2
1038,09:30:01,$ 3255.81,2
1039,09:30:01,$ 3255.81,1
1040,09:30:01,$ 3255.81,1
1041,09:30:01,$ 3255.81,5
1042,09:30:01,$ 3255.81,3
1043,09:30:01,$ 3255.81,1
1044,09:30:01,$ 3255.81,2
1045,09:30:01,$ 3255.81,1
1046,09:30:01,$ 3255.81,3
1047,09:30:01,$ 3255.81,6
1048,09:30:01,$ 3255.81,1
1049,09:30:01,$ 3255.81,12
1051,09:30:01,$ 3255.81,1
1052,09:30:01,$ 3255.81,2
1053,09:30:01,$ 3255.81,2
1054,09:30:01,$ 3255.81,1
1055,09:30:01,$ 3255.81,1
1056,09:30:01,$ 3255.81,10
1057,09:30:01,$ 3255.81,4
1058,09:30:01,$ 3255.81,1
1059,09:30:01,$ 3255.81,2
1060,09:30:01,$ 3255.81,1
1061,09:30:01,$ 3255.81,1
1062,09:30:01,$ 3255.81,2
1063,09:30:01,$ 3255.81,5
1064,09:30:01,$ 3255.81,1
1065,09:30:01,$ 3255.81,2
1066,09:30:01,$ 3255.81,1
1067,09:30:01,$ 3255.81,1
1068,09:30:01,$ 3255.81,6
1069,09:30:01,$ 3255.81,1
1070,09:30:01,$ 3255.81,2
1072,09:30:01,$ 3255.81,3
1073,09:30:01,$ 3255.81,2
1074,09:30:01,$ 3255.81,1
1075,09:30:01,$ 3255.81,1
1076,09:30:01,$ 3255.81,2
1077,09:30:01,$ 3255.81,40
1078,09:30:01,$ 3255.81,15
1079,09:30:01,$ 3255.81,3
1080,09:30:01,$ 3255.81,6
1081,09:30:01,$ 3255.81,1
1082,09:30:01,$ 3255.81,1
1083,09:30:01,$ 3255.81,2
1084,09:30:01,$ 3255.81,2
1085,09:30:01,$ 3255.81,1
1086,09:30:01,$ 3255.81,9
1087,09:30:01,$ 3255.81,2
1088,09:30:01,$ 3255.81,2
1089,09:30:01,$ 3255.81,5
1090,09:30:01,$ 3255.81,22
1091,09:30:01,$ 3255.81,3
1093,09:30:01,$ 3255.81,8
1094,09:30:01,$ 3255.81,20
1095,09:30:01,$ 3255.81,5
1096,09:30:01,$ 3255.81,7
1097,09:30:01,$ 3255.81,1
1098,09:30:01,$ 3255.81,1
1099,09:30:01,$ 3255.81,1
1100,09:30:01,$ 3255.81,5
1101,09:30:01,$ 3255.81,3
1102,09:30:01,$ 3255.81,1
1103,09:30:01,$ 3255.81,1
1104,09:30:01,$ 3255.81,1
1105,09:30:01,$ 3255.81,3
1106,09:30:01,$ 3255.81,1
1107,09:30:01,$ 3255.81,5
1108,09:30:01,$ 3255.81,2
1109,09:30:01,$ 3255.81,5
1110,09:30:01,$ 3255.81,7
1111,09:30:01,$ 3255.81,5
1112,09:30:01,$ 3255.81,1
1114,09:30:01,$ 3255.81,1
1115,09:30:01,$ 3255.81,5
1116,09:30:01,$ 3255.81,3
1117,09:30:01,$ 3255.81,20
1118,09:30:01,$ 3255.81,1
1119,09:30:01,$ 3255.81,1
1120,09:30:01,$ 3255.81,1
1121,09:30:01,$ 3255.81,2
1122,09:30:01,$ 3255.81,1
1123,09:30:01,$ 3255.81,1
1124,09:30:01,$ 3255.81,2
1125,09:30:01,$ 3255.81,1
1126,09:30:01,$ 3255.81,9
1127,09:30:01,$ 3255.81,1
1128,09:30:01,$ 3255.81,1
1129,09:30:01,$ 3255.81,8
1130,09:30:01,$ 3255.81,2
1131,09:30:01,$ 3255.81,4
1132,09:30:01,$ 3255.81,2
1133,09:30:01,$ 3255.81,2
1135,09:30:01,$ 3255.81,1
1136,09:30:01,$ 3255.81,2
1137,09:30:01,$ 3255.81,1
1138,09:30:01,$ 3255.81,1
1139,09:30:01,$ 3255.81,6
1140,09:30:01,$ 3255.81,1
1141,09:30:01,$ 3255.81,10
1142,09:30:01,$ 3255.81,5
1143,09:30:01,$ 3255.81,2
1144,09:30:01,$ 3255.81,5
1145,09:30:01,$ 3255.81,2
1146,09:30:01,$ 3255.81,1
1147,09:30:01,$ 3255.81,2
1148,09:30:01,$ 3255.81,5
1149,09:30:01,$ 3255.81,1
1150,09:30:01,$ 3255.81,1
1151,09:30:01,$ 3255.81,5
1152,09:30:01,$ 3255.81,1
1153,09:30:01,$ 3255.81,10
1154,09:30:01,$ 3255.81,1
1156,09:30:01,$ 3255.81,2
1157,09:30:01,$ 3255.81,3
1158,09:30:01,$ 3255.81,1
1159,09:30:01,$ 3255.81,1
1160,09:30:01,$ 3255.81,500
1161,09:30:01,$ 3255.81,1
1162,09:30:01,$ 3255.81,4
1163,09:30:01,$ 3255.81,5
1164,09:30:01,$ 3255.81,3
1165,09:30:01,$ 3255.81,2
1166,09:30:01,$ 3255.81,13
1167,09:30:01,$ 3255.81,2
1168,09:30:01,$ 3255.81,1
1169,09:30:01,$ 3255.81,1
1170,09:30:01,$ 3255.81,1
1171,09:30:01,$ 3255.81,1
1172,09:30:01,$ 3255.81,1
1173,09:30:01,$ 3255.81,1
1174,09:30:01,$ 3255.81,2
1175,09:30:01,$ 3255.81,47
1177,09:30:01,$ 3255.81,234
1178,09:30:01,$ 3255.81,264
1179,09:30:01,$ 3255.81,3
1180,09:30:01,$ 3255.81,122
1181,09:30:01,$ 3255.81,6
1182,09:30:01,$ 3255.81,61
1183,09:30:01,$ 3255.81,48
1184,09:30:01,$ 3255.81,5
1185,09:30:01,$ 3255.81,6
1186,09:30:01,$ 3255.81,1
1187,09:30:01,$ 3255.81,3
1188,09:30:01,$ 3255.81,5
1189,09:30:01,$ 3255.81,1
1190,09:30:01,$ 3255.81,3
1191,09:30:01,$ 3255.81,5
1192,09:30:01,$ 3255.81,6
1193,09:30:01,$ 3255.81,1
1194,09:30:01,$ 3255.81,1
1195,09:30:01,$ 3255.81,2
1196,09:30:01,$ 3255.81,1
1198,09:30:01,$ 3255.81,2
1199,09:30:01,$ 3255.81,1
1200,09:30:01,$ 3255.81,1
1201,09:30:01,$ 3255.81,16
1202,09:30:01,$ 3255.81,1
1203,09:30:01,$ 3255.81,1
1204,09:30:01,$ 3255.81,2
1205,09:30:01,$ 3255.81,3
1206,09:30:01,$ 3255.81,1
1207,09:30:01,$ 3255.81,1
1208,09:30:01,$ 3255.81,2
1209,09:30:01,$ 3255.81,5
1210,09:30:01,$ 3255.81,2
1211,09:30:01,$ 3255.81,1
1212,09:30:01,$ 3255.81,4
1213,09:30:01,$ 3255.81,2
1214,09:30:01,$ 3255.81,1
1215,09:30:01,$ 3255.81,1
1216,09:30:01,$ 3255.81,8
1217,09:30:01,$ 3255.81,1
1219,09:30:01,$ 3255.81,5
1220,09:30:01,$ 3255.81,1
1221,09:30:01,$ 3255.81,3
1222,09:30:01,$ 3255.81,12
1223,09:30:01,$ 3255.81,2
1224,09:30:01,$ 3255.81,1
1225,09:30:01,$ 3255.81,6
1226,09:30:01,$ 3255.81,38
1227,09:30:01,$ 3255.81,29
1228,09:30:01,$ 3255.81,1
1229,09:30:01,$ 3255.81,2
1230,09:30:01,$ 3255.81,10
1231,09:30:01,$ 3255.81,15
1232,09:30:01,$ 3255.81,2
1233,09:30:01,$ 3255.81,100
1234,09:30:01,$ 3255.81,10
1235,09:30:01,$ 3255.81,2
1236,09:30:01,$ 3255.81,100
1237,09:30:01,$ 3255.81,126
1238,09:30:01,$ 3255.81,564
1240,09:30:01,$ 3255.81,"1,632"
1241,09:30:01,$ 3255.81,4
1242,09:30:01,$ 3255.81,252
1243,09:30:01,$ 3255.81,100
1244,09:30:01,$ 3255.81,100
1245,09:30:01,$ 3255.81,317
1246,09:30:01,$ 3255.81,1
1247,09:30:01,$ 3255.81,2
1248,09:30:01,$ 3255.81,1
1249,09:30:01,$ 3255.81,53
1250,09:30:01,$ 3255.81,4
1251,09:30:01,$ 3255.81,4
1252,09:30:01,$ 3255.81,6
1253,09:30:01,$ 3255.81,4
1254,09:30:01,$ 3255.81,84
1255,09:30:01,$ 3255.81,9
1256,09:30:01,$ 3255.81,3
1257,09:30:01,$ 3255.81,7
1258,09:30:01,$ 3255.81,1
1259,09:30:01,$ 3255.81,89
1261,09:30:01,$ 3255.81,55
1262,09:30:01,$ 3255.81,12
1263,09:30:01,$ 3255.81,1
1264,09:30:01,$ 3255.81,2
1265,09:30:01,$ 3255.81,81
1266,09:30:01,$ 3255.81,28
1267,09:30:01,$ 3255.81,2
1268,09:30:01,$ 3255.81,250
1269,09:30:01,$ 3255.81,8
1270,09:30:01,$ 3255.81,126
1271,09:30:01,$ 3255.81,15
1272,09:30:01,$ 3255.81,3
1273,09:30:01,$ 3255.81,1
1274,09:30:01,$ 3255.81,252
1275,09:30:01,$ 3255.81,303
1276,09:30:01,$ 3255.81,1
1277,09:30:01,$ 3255.81,3
1278,09:30:01,$ 3255.81,1
1279,09:30:01,$ 3255.81,4
1280,09:30:01,$ 3255.81,2
1282,09:30:01,$ 3255.81,2
1283,09:30:01,$ 3255.81,5
1284,09:30:01,$ 3255.81,6
1285,09:30:01,$ 3255.81,1
1286,09:30:01,$ 3255.81,5
1287,09:30:01,$ 3255.81,3
1288,09:30:01,$ 3255.81,1
1289,09:30:01,$ 3255.81,367
1290,09:30:01,$ 3255.81,2
1291,09:30:01,$ 3255.81,7
1292,09:30:01,$ 3255.81,38
1293,09:30:01,$ 3255.81,15
1294,09:30:01,$ 3255.81,15
1295,09:30:01,$ 3255.81,3
1296,09:30:01,$ 3255.81,20
1297,09:30:01,$ 3255.81,2
1298,09:30:01,$ 3255.81,25
1299,09:30:01,$ 3255.81,2
1300,09:30:01,$ 3255.81,26
1301,09:30:01,$ 3255.81,1
1303,09:30:01,$ 3255.81,12
1304,09:30:01,$ 3255.81,3
1305,09:30:01,$ 3255.81,5
1306,09:30:01,$ 3255.81,3
1307,09:30:01,$ 3255.81,1
1308,09:30:01,$ 3255.81,7
1309,09:30:01,$ 3255.81,42
1310,09:30:01,$ 3255.81,10
1311,09:30:01,$ 3255.81,2
1312,09:30:01,$ 3255.81,185
1313,09:30:01,$ 3255.81,200
1314,09:30:01,$ 3255.81,1
1315,09:30:01,$ 3255.81,3
1316,09:30:01,$ 3255.81,5
1317,09:30:01,$ 3255.81,1
1318,09:30:01,$ 3255.81,2
1319,09:30:01,$ 3255.81,2
1320,09:30:01,$ 3255.81,3
1321,09:30:01,$ 3255.81,5
1322,09:30:01,$ 3255.81,1
1324,09:30:01,$ 3255.81,1
1325,09:30:01,$ 3255.81,3
1326,09:30:01,$ 3255.81,7
1327,09:30:01,$ 3255.81,1
1328,09:30:01,$ 3255.81,30
1329,09:30:01,$ 3255.81,15
1330,09:30:01,$ 3255.81,1
1331,09:30:01,$ 3255.81,8
1332,09:30:01,$ 3255.81,4
1333,09:30:01,$ 3255.81,2
1334,09:30:01,$ 3255.81,1
1335,09:30:01,$ 3255.81,12
1336,09:30:01,$ 3255.81,3
1337,09:30:01,$ 3255.81,1
1338,09:30:01,$ 3255.81,2
1339,09:30:01,$ 3255.81,35
1340,09:30:01,$ 3255.81,1
1341,09:30:01,$ 3255.81,600
1342,09:30:01,$ 3255.81,6
1343,09:30:01,$ 3255.81,1
1345,09:30:01,$ 3255.81,2
1346,09:30:01,$ 3255.81,1
1347,09:30:01,$ 3255.81,2
1348,09:30:01,$ 3255.81,6
1349,09:30:01,$ 3255.81,43
1350,09:30:01,$ 3255.81,29
1351,09:30:01,$ 3255.81,29
1352,09:30:01,$ 3255.81,5
1353,09:30:01,$ 3255.81,3
1354,09:30:01,$ 3255.81,1
1355,09:30:01,$ 3255.81,1
1356,09:30:01,$ 3255.81,3
1357,09:30:01,$ 3255.81,46
1358,09:30:01,$ 3255.81,1
1359,09:30:01,$ 3255.81,13
1360,09:30:01,$ 3255.81,5
1361,09:30:01,$ 3255.81,7
1362,09:30:01,$ 3255.81,3
1363,09:30:01,$ 3255.81,31
1364,09:30:01,$ 3255.81,2
1366,09:30:01,$ 3255.81,5
1367,09:30:01,$ 3255.81,2
1368,09:30:01,$ 3255.81,1
1369,09:30:01,$ 3255.81,100
1370,09:30:01,$ 3255.81,4
1371,09:30:01,$ 3255.81,1
1372,09:30:01,$ 3255.81,1
1373,09:30:01,$ 3255.81,4
1374,09:30:01,$ 3255.81,10
1375,09:30:01,$ 3255.81,12
1376,09:30:01,$ 3255.81,1
1377,09:30:01,$ 3255.81,6
1378,09:30:01,$ 3255.81,5
1379,09:30:01,$ 3255.81,2
1380,09:30:01,$ 3255.81,1
1381,09:30:01,$ 3255.81,1
1382,09:30:01,$ 3255.81,1
1383,09:30:01,$ 3255.81,9
1384,09:30:01,$ 3255.81,6
1385,09:30:01,$ 3255.81,15
1387,09:30:01,$ 3255.81,38
1388,09:30:01,$ 3255.81,5
1389,09:30:01,$ 3255.81,6
1390,09:30:01,$ 3255.81,15
1391,09:30:01,$ 3255.81,5
1392,09:30:01,$ 3255.81,3
1393,09:30:01,$ 3255.81,29
1394,09:30:01,$ 3255.81,10
1395,09:30:01,$ 3255.81,37
1396,09:30:01,$ 3255.81,37
1397,09:30:01,$ 3255.81,8
1398,09:30:01,$ 3255.81,101
1399,09:30:01,$ 3255.81,15
1400,09:30:01,$ 3255.81,10
1401,09:30:01,$ 3255.81,13
1402,09:30:01,$ 3255.81,45
1403,09:30:01,$ 3255.81,2
1404,09:30:01,$ 3255.81,1
1405,09:30:01,$ 3255.81,1
1406,09:30:01,$ 3255.81,5
1408,09:30:01,$ 3255.81,9
1409,09:30:01,$ 3255.81,11
1410,09:30:01,$ 3255.81,30
1411,09:30:01,$ 3255.81,5
1412,09:30:01,$ 3255.81,3
1413,09:30:01,$ 3255.81,5
1414,09:30:01,$ 3255.81,1
1415,09:30:01,$ 3255.81,1
1416,09:30:01,$ 3255.81,1
1417,09:30:01,$ 3255.81,7
1418,09:30:01,$ 3255.81,6
1419,09:30:01,$ 3255.81,60
1420,09:30:01,$ 3255.81,2
1421,09:30:01,$ 3255.81,1
1422,09:30:01,$ 3255.81,6
1423,09:30:01,$ 3255.81,4
1424,09:30:01,$ 3255.81,14
1425,09:30:01,$ 3255.81,6
1426,09:30:01,$ 3255.81,3
1427,09:30:01,$ 3255.81,740
1429,09:30:01,$ 3255.81,3
1430,09:30:01,$ 3255.81,3
1431,09:30:01,$ 3255.81,210
1432,09:30:01,$ 3255.81,1
1433,09:30:01,$ 3255.81,99
1434,09:30:01,$ 3255.81,10
1435,09:30:01,$ 3255.81,3
1436,09:30:01,$ 3255.81,1
1437,09:30:01,$ 3255.81,1
1438,09:30:01,$ 3255.81,100
1439,09:30:01,$ 3255.81,50
1440,09:30:01,$ 3255.81,45
1441,09:30:01,$ 3255.81,1
1442,09:30:01,$ 3255.81,2
1443,09:30:01,$ 3255.81,3
1444,09:30:01,$ 3255.81,200
1445,09:30:01,$ 3255.81,300
1446,09:30:01,$ 3255.81,2
1447,09:30:01,$ 3255.81,2
1448,09:30:01,$ 3255.81,10
1450,09:30:01,$ 3255.81,3
1451,09:30:01,$ 3255.81,1
1452,09:30:01,$ 3255.81,1
1453,09:30:01,$ 3255.81,1
1454,09:30:01,$ 3255.81,6
1455,09:30:01,$ 3255.81,261
1456,09:30:01,$ 3255.81,3
1457,09:30:01,$ 3255.81,5
1458,09:30:01,$ 3255.81,1
1459,09:30:01,$ 3255.81,3
1460,09:30:01,$ 3255.81,2
1461,09:30:01,$ 3255.81,7
1462,09:30:01,$ 3255.81,5
1463,09:30:01,$ 3255.81,1
1464,09:30:01,$ 3255.81,13
1465,09:30:01,$ 3255.81,18
1466,09:30:01,$ 3255.81,1
1467,09:30:01,$ 3255.81,4
1468,09:30:01,$ 3255.81,5
1469,09:30:01,$ 3255.81,1
1471,09:30:01,$ 3255.81,2
1472,09:30:01,$ 3255.81,2
1473,09:30:01,$ 3255.81,2
1474,09:30:01,$ 3255.81,15
1475,09:30:01,$ 3255.81,3
1476,09:30:01,$ 3255.81,4
1477,09:30:01,$ 3255.81,3
1478,09:30:01,$ 3255.81,6
1479,09:30:01,$ 3255.81,1
1480,09:30:01,$ 3255.81,5
1481,09:30:01,$ 3255.81,40
1482,09:30:01,$ 3255.81,5
1483,09:30:01,$ 3255.81,12
1484,09:30:01,$ 3255.81,30
1485,09:30:01,$ 3255.81,171
1486,09:30:01,$ 3255.81,12
1487,09:30:01,$ 3255.81,1
1488,09:30:01,$ 3255.81,8
1489,09:30:01,$ 3255.81,15
1490,09:30:01,$ 3255.81,1
1492,09:30:01,$ 3255.81,3
1493,09:30:01,$ 3255.81,5
1494,09:30:01,$ 3255.81,8
1495,09:30:01,$ 3255.81,20
1496,09:30:01,$ 3255.81,2
1497,09:30:01,$ 3255.81,1
1498,09:30:01,$ 3255.81,27
1499,09:30:01,$ 3255.81,10
1500,09:30:01,$ 3255.81,20
1501,09:30:01,$ 3255.81,1
1502,09:30:01,$ 3255.81,1
1503,09:30:01,$ 3255.81,30
1504,09:30:01,$ 3255.81,11
1505,09:30:01,$ 3255.81,19
1506,09:30:01,$ 3255.81,7
1507,09:30:01,$ 3255.81,5
1508,09:30:01,$ 3255.81,6
1509,09:30:01,$ 3255.81,1
1510,09:30:01,$ 3255.81,45
1511,09:30:01,$ 3255.81,5
1513,09:30:01,$ 3255.81,100
1514,09:30:01,$ 3255.81,20
1515,09:30:01,$ 3255.81,1
1516,09:30:01,$ 3255.81,29
1517,09:30:01,$ 3255.81,11
1518,09:30:01,$ 3255.81,1
1519,09:30:01,$ 3255.81,2
1520,09:30:01,$ 3255.81,128
1521,09:30:01,$ 3255.81,25
1522,09:30:01,$ 3255.81,1
1523,09:30:01,$ 3255.81,1
1524,09:30:01,$ 3255.81,10
1525,09:30:01,$ 3255.81,1
1526,09:30:01,$ 3255.81,10
1527,09:30:01,$ 3255.81,1
1528,09:30:01,$ 3255.81,6
1529,09:30:01,$ 3255.81,1
1530,09:30:01,$ 3255.81,1
1531,09:30:01,$ 3255.81,2
1532,09:30:01,$ 3255.81,10
1534,09:30:01,$ 3255.81,1
1535,09:30:01,$ 3255.81,4
1536,09:30:01,$ 3255.81,3
1537,09:30:01,$ 3255.81,100
1538,09:30:01,$ 3255.81,15
1539,09:30:01,$ 3255.81,2
1540,09:30:01,$ 3255.81,8
1541,09:30:01,$ 3255.81,1
1542,09:30:01,$ 3255.81,11
1543,09:30:01,$ 3255.81,2
1544,09:30:01,$ 3255.81,3
1545,09:30:01,$ 3255.81,1
1546,09:30:01,$ 3255.81,4
1547,09:30:01,$ 3255.81,4
1548,09:30:01,$ 3255.81,1
1549,09:30:01,$ 3255.81,15
1550,09:30:01,$ 3255.81,1
1551,09:30:01,$ 3255.81,1
1552,09:30:01,$ 3255.81,4
1553,09:30:01,$ 3255.81,1
1555,09:30:01,$ 3255.81,6
1556,09:30:01,$ 3255.81,19
1557,09:30:01,$ 3255.81,1
1558,09:30:01,$ 3255.81,10
1559,09:30:01,$ 3255.81,1
1560,09:30:01,$ 3255.81,5
1561,09:30:01,$ 3255.81,5
1562,09:30:01,$ 3255.81,11
1563,09:30:01,$ 3255.81,7
1564,09:30:01,$ 3255.81,2
1565,09:30:01,$ 3255.81,2
1566,09:30:01,$ 3255.81,2
1567,09:30:01,$ 3255.81,1
1568,09:30:01,$ 3255.81,1
1569,09:30:01,$ 3255.81,3
1570,09:30:01,$ 3255.81,2
1571,09:30:01,$ 3255.81,4
1572,09:30:01,$ 3255.81,1
1573,09:30:01,$ 3255.81,1
1574,09:30:01,$ 3255.81,1
1576,09:30:01,$ 3255.81,1
1577,09:30:01,$ 3255.81,4
1578,09:30:01,$ 3255.81,2
1579,09:30:01,$ 3255.81,1
1580,09:30:01,$ 3255.81,5
1581,09:30:01,$ 3255.81,1
1582,09:30:01,$ 3255.81,2
1583,09:30:01,$ 3255.81,2
1584,09:30:01,$ 3255.81,90
1585,09:30:01,$ 3255.81,3
1586,09:30:01,$ 3255.81,1
1587,09:30:01,$ 3255.81,1
1588,09:30:01,$ 3255.81,5
1589,09:30:01,$ 3255.81,1
1590,09:30:01,$ 3255.81,3
1591,09:30:01,$ 3255.81,1
1592,09:30:01,$ 3255.81,10
1593,09:30:01,$ 3255.81,1
1594,09:30:01,$ 3255.81,1
1595,09:30:01,$ 3255.81,1
1597,09:30:01,$ 3255.81,10
1598,09:30:01,$ 3255.81,1
1599,09:30:01,$ 3255.81,1
1600,09:30:01,$ 3255.81,1
1601,09:30:01,$ 3255.81,10
1602,09:30:01,$ 3255.81,1
1603,09:30:01,$ 3255.81,5
1604,09:30:01,$ 3255.81,5
1605,09:30:01,$ 3255.81,4
1606,09:30:01,$ 3255.81,1
1607,09:30:01,$ 3255.81,9
1608,09:30:01,$ 3255.81,1
1609,09:30:01,$ 3255.81,15
1610,09:30:01,$ 3255.81,2
1611,09:30:01,$ 3255.81,10
1612,09:30:01,$ 3255.81,1
1613,09:30:01,$ 3255.81,7
1614,09:30:01,$ 3255.81,1
1615,09:30:01,$ 3255.81,1
1616,09:30:01,$ 3255.81,2
1618,09:30:01,$ 3255.81,2
1619,09:30:01,$ 3255.81,7
1620,09:30:01,$ 3255.81,1
1621,09:30:01,$ 3255.81,2
1622,09:30:01,$ 3255.81,32
1623,09:30:01,$ 3255.81,3
1624,09:30:01,$ 3255.81,6
1625,09:30:01,$ 3255.81,50
1626,09:30:01,$ 3255.81,3
1627,09:30:01,$ 3255.81,190
1628,09:30:01,$ 3255.81,1
1629,09:30:01,$ 3255.81,2
1630,09:30:01,$ 3255.81,75
1631,09:30:01,$ 3255.81,1
1632,09:30:01,$ 3255.81,9
1633,09:30:01,$ 3255.81,11
1634,09:30:01,$ 3255.81,200
1635,09:30:01,$ 3255.81,5
1636,09:30:01,$ 3255.81,4
1637,09:30:01,$ 3255.81,10
1639,09:30:01,$ 3255.81,1
1640,09:30:01,$ 3255.81,1
1641,09:30:01,$ 3255.81,2
1642,09:30:01,$ 3255.81,20
1643,09:30:01,$ 3255.81,1
1644,09:30:01,$ 3255.81,12
1645,09:30:01,$ 3255.81,10
1646,09:30:01,$ 3255.81,1
1647,09:30:01,$ 3255.81,3
1648,09:30:01,$ 3255.81,14
1649,09:30:01,$ 3255.81,3
1650,09:30:01,$ 3255.81,12
1651,09:30:01,$ 3255.81,66
1652,09:30:01,$ 3255.81,13
1653,09:30:01,$ 3255.81,1
1654,09:30:01,$ 3255.81,20
1655,09:30:01,$ 3255.81,6
1656,09:30:01,$ 3255.81,1
1657,09:30:01,$ 3255.81,3
1658,09:30:01,$ 3255.81,8
1660,09:30:01,$ 3255.81,3
1661,09:30:01,$ 3255.81,10
1662,09:30:01,$ 3255.81,6
1663,09:30:01,$ 3255.81,9
1664,09:30:01,$ 3255.81,2
1665,09:30:01,$ 3255.81,10
1666,09:30:01,$ 3255.81,1
1667,09:30:01,$ 3255.81,3
1668,09:30:01,$ 3255.81,6
1669,09:30:01,$ 3255.81,8
1670,09:30:01,$ 3255.81,2
1671,09:30:01,$ 3255.81,10
1672,09:30:01,$ 3255.81,2
1673,09:30:01,$ 3255.81,10
1674,09:30:01,$ 3255.81,1
1675,09:30:01,$ 3255.81,4
1676,09:30:01,$ 3255.81,2
1677,09:30:01,$ 3255.81,2
1678,09:30:01,$ 3255.81,4
1679,09:30:01,$ 3255.81,2
1681,09:30:01,$ 3255.81,10
1682,09:30:01,$ 3255.81,16
1683,09:30:01,$ 3255.81,6
1684,09:30:01,$ 3255.81,3
1685,09:30:01,$ 3255.81,1
1686,09:30:01,$ 3255.81,1
1687,09:30:01,$ 3255.81,1
1688,09:30:01,$ 3255.81,2
1689,09:30:01,$ 3255.81,2
1690,09:30:01,$ 3255.81,7
1691,09:30:01,$ 3255.81,1
1692,09:30:01,$ 3255.81,3
1693,09:30:01,$ 3255.81,1
1694,09:30:01,$ 3255.81,2
1695,09:30:01,$ 3255.81,1
1696,09:30:01,$ 3255.81,1
1697,09:30:01,$ 3255.81,1
1698,09:30:01,$ 3255.81,1
1699,09:30:01,$ 3255.81,3
1700,09:30:01,$ 3255.81,1
1702,09:30:01,$ 3255.81,1
1703,09:30:01,$ 3255.81,1
1704,09:30:01,$ 3255.81,2
1705,09:30:01,$ 3255.81,2
1706,09:30:01,$ 3255.81,10
1707,09:30:01,$ 3255.81,1
1708,09:30:01,$ 3255.81,1
1709,09:30:01,$ 3255.81,13
1710,09:30:01,$ 3255.81,1
1711,09:30:01,$ 3255.81,1
1712,09:30:01,$ 3255.81,7
1713,09:30:01,$ 3255.81,1
1714,09:30:01,$ 3255.81,1
1715,09:30:01,$ 3255.81,1
1716,09:30:01,$ 3255.81,2
1717,09:30:01,$ 3255.81,1
1718,09:30:01,$ 3255.81,1
1719,09:30:01,$ 3255.81,1
1720,09:30:01,$ 3255.81,1
1721,09:30:01,$ 3255.81,1
1723,09:30:01,$ 3255.81,7
1724,09:30:01,$ 3255.81,1
1725,09:30:01,$ 3255.81,1
1726,09:30:01,$ 3255.81,5
1727,09:30:01,$ 3255.81,"2,000"
1728,09:30:01,$ 3255.81,1
1729,09:30:01,$ 3255.81,6
1730,09:30:01,$ 3255.81,2
1731,09:30:01,$ 3255.81,1
1732,09:30:01,$ 3255.81,2
1733,09:30:01,$ 3255.81,1
1734,09:30:01,$ 3255.81,2
1735,09:30:01,$ 3255.81,1
1736,09:30:01,$ 3255.81,2
1737,09:30:01,$ 3255.81,1
1738,09:30:01,$ 3255.81,2
1739,09:30:01,$ 3255.81,8
1740,09:30:01,$ 3255.81,10
1741,09:30:01,$ 3255.81,2
1742,09:30:01,$ 3255.81,4
1744,09:30:01,$ 3255.81,1
1745,09:30:01,$ 3255.81,30
1746,09:30:01,$ 3255.81,1
1747,09:30:01,$ 3255.81,3
1748,09:30:01,$ 3255.81,1
1749,09:30:01,$ 3255.81,2
1750,09:30:01,$ 3255.81,8
1751,09:30:01,$ 3255.81,1
1752,09:30:01,$ 3255.81,3
1753,09:30:01,$ 3255.81,8
1754,09:30:01,$ 3255.81,3
1755,09:30:01,$ 3255.81,1
1756,09:30:01,$ 3255.81,2
1757,09:30:01,$ 3255.81,4
1758,09:30:01,$ 3255.81,1
1759,09:30:01,$ 3255.81,4
1760,09:30:01,$ 3255.81,1
1761,09:30:01,$ 3255.81,1
1762,09:30:01,$ 3255.81,2
1763,09:30:01,$ 3255.81,5
1765,09:30:01,$ 3255.81,2
1766,09:30:01,$ 3255.81,4
1767,09:30:01,$ 3255.81,1
1768,09:30:01,$ 3255.81,7
1769,09:30:01,$ 3255.81,1
1770,09:30:01,$ 3255.81,11
1771,09:30:01,$ 3255.81,1
1772,09:30:01,$ 3255.81,1
1773,09:30:01,$ 3255.81,1
1774,09:30:01,$ 3255.81,1
1775,09:30:01,$ 3255.81,1
1776,09:30:01,$ 3255.81,2
1777,09:30:01,$ 3255.81,3
1778,09:30:01,$ 3255.81,1
1779,09:30:01,$ 3255.81,5
1780,09:30:01,$ 3255.81,100
1781,09:30:01,$ 3255.81,4
1782,09:30:01,$ 3255.81,1
1783,09:30:01,$ 3255.81,48
1784,09:30:01,$ 3255.81,1
1786,09:30:01,$ 3255.81,1
1787,09:30:01,$ 3255.81,2
1788,09:30:01,$ 3255.81,8
1789,09:30:01,$ 3255.81,2
1790,09:30:01,$ 3255.81,8
1791,09:30:01,$ 3255.81,4
1792,09:30:01,$ 3255.81,1
1793,09:30:01,$ 3255.81,6
1794,09:30:01,$ 3255.81,1
1795,09:30:01,$ 3255.81,2
1796,09:30:01,$ 3255.81,1
1797,09:30:01,$ 3255.81,1
1798,09:30:01,$ 3255.81,100
1799,09:30:01,$ 3255.81,100
1800,09:30:01,$ 3255.81,5
1801,09:30:01,$ 3255.81,9
1802,09:30:01,$ 3255.81,2
1803,09:30:01,$ 3255.81,3
1804,09:30:01,$ 3255.81,1
1805,09:30:01,$ 3255.81,1
1807,09:30:01,$ 3255.81,9
1808,09:30:01,$ 3255.81,2
1809,09:30:01,$ 3255.81,5
1810,09:30:01,$ 3255.81,1
1811,09:30:01,$ 3255.81,6
1812,09:30:01,$ 3255.81,1
1813,09:30:01,$ 3255.81,6
1814,09:30:01,$ 3255.81,2
1815,09:30:01,$ 3255.81,2
1816,09:30:01,$ 3255.81,1
1817,09:30:01,$ 3255.81,4
1818,09:30:01,$ 3255.81,1
1819,09:30:01,$ 3255.81,7
1820,09:30:01,$ 3255.81,1
1821,09:30:01,$ 3255.81,2
1822,09:30:01,$ 3255.81,4
1823,09:30:01,$ 3255.81,8
1824,09:30:01,$ 3255.81,2
1825,09:30:01,$ 3255.81,3
1826,09:30:01,$ 3255.81,7
1828,09:30:01,$ 3255.81,4
1829,09:30:01,$ 3255.81,1
1830,09:30:01,$ 3255.81,1
1831,09:30:01,$ 3255.81,1
1832,09:30:01,$ 3255.81,4
1833,09:30:01,$ 3255.81,2
1834,09:30:01,$ 3255.81,3
1835,09:30:01,$ 3255.81,3
1836,09:30:01,$ 3255.81,10
1837,09:30:01,$ 3255.81,1
1838,09:30:01,$ 3255.81,2
1839,09:30:01,$ 3255.81,1
1840,09:30:01,$ 3255.81,6
1841,09:30:01,$ 3255.81,4
1842,09:30:01,$ 3255.81,1
1843,09:30:01,$ 3255.81,2
1844,09:30:01,$ 3255.81,3
1845,09:30:01,$ 3255.81,1
1846,09:30:01,$ 3255.81,2
1847,09:30:01,$ 3255.81,6
1849,09:30:01,$ 3255.81,9
1850,09:30:01,$ 3255.81,2
1851,09:30:01,$ 3255.81,10
1852,09:30:01,$ 3255.81,10
1853,09:30:01,$ 3255.81,168
1854,09:30:01,$ 3255.81,9
1855,09:30:01,$ 3255.81,30
1856,09:30:01,$ 3255.81,96
1857,09:30:01,$ 3255.81,92
1858,09:30:01,$ 3255.81,15
1859,09:30:01,$ 3255.81,4
1860,09:30:01,$ 3255.81,15
1861,09:30:01,$ 3255.81,6
1862,09:30:01,$ 3255.81,3
1863,09:30:01,$ 3255.81,4
1864,09:30:01,$ 3255.81,10
1865,09:30:01,$ 3255.81,1
1866,09:30:01,$ 3255.81,15
1867,09:30:01,$ 3255.81,2
1868,09:30:01,$ 3255.81,158
1870,09:30:01,$ 3255.81,1
1871,09:30:01,$ 3255.81,8
1872,09:30:01,$ 3255.81,1
1873,09:30:01,$ 3255.81,1
1874,09:30:01,$ 3255.81,50
1875,09:30:01,$ 3255.81,1
1876,09:30:01,$ 3255.81,1
1877,09:30:01,$ 3255.81,1
1878,09:30:01,$ 3255.81,2
1879,09:30:01,$ 3255.81,1
1880,09:30:01,$ 3255.81,1
1881,09:30:01,$ 3255.81,1
1882,09:30:01,$ 3255.81,1
1883,09:30:01,$ 3255.81,5
1884,09:30:01,$ 3255.81,16
1885,09:30:01,$ 3255.81,195
1886,09:30:01,$ 3255.81,3
1887,09:30:01,$ 3255.81,1
1888,09:30:01,$ 3255.81,1
1889,09:30:01,$ 3255.81,200
1891,09:30:01,$ 3255.81,3
1892,09:30:01,$ 3255.81,1
1893,09:30:01,$ 3255.81,1
1894,09:30:01,$ 3255.81,5
1895,09:30:01,$ 3255.81,34
1896,09:30:01,$ 3255.81,1
1897,09:30:01,$ 3255.81,5
1898,09:30:01,$ 3255.81,4
1899,09:30:01,$ 3255.81,2
1900,09:30:01,$ 3255.81,50
1901,09:30:01,$ 3255.81,5
1902,09:30:01,$ 3255.81,1
1903,09:30:01,$ 3255.81,4
1904,09:30:01,$ 3255.81,1
1905,09:30:01,$ 3255.81,4
1906,09:30:01,$ 3255.81,1
1907,09:30:01,$ 3255.81,183
1908,09:30:01,$ 3255.81,174
1909,09:30:01,$ 3255.81,1
1910,09:30:01,$ 3255.81,3
1912,09:30:01,$ 3255.81,1
1913,09:30:01,$ 3255.81,30
1914,09:30:01,$ 3255.81,1
1915,09:30:01,$ 3255.81,3
1916,09:30:01,$ 3255.81,1
1917,09:30:01,$ 3255.81,2
1918,09:30:01,$ 3255.81,3
1919,09:30:01,$ 3255.81,10
1920,09:30:01,$ 3255.81,10
1921,09:30:01,$ 3255.81,30
1922,09:30:01,$ 3255.81,1
1923,09:30:01,$ 3255.81,17
1924,09:30:01,$ 3255.81,3
1925,09:30:01,$ 3255.81,15
1926,09:30:01,$ 3255.81,10
1927,09:30:01,$ 3255.81,4
1928,09:30:01,$ 3255.81,1
1929,09:30:01,$ 3255.81,3
1930,09:30:01,$ 3255.81,1
1931,09:30:01,$ 3255.81,1
1933,09:30:01,$ 3255.81,1
1934,09:30:01,$ 3255.81,2
1935,09:30:01,$ 3255.81,10
1936,09:30:01,$ 3255.81,1
1937,09:30:01,$ 3255.81,5
1938,09:30:01,$ 3255.81,5
1939,09:30:01,$ 3255.81,30
1940,09:30:01,$ 3255.81,2
1941,09:30:01,$ 3255.81,1
1942,09:30:01,$ 3255.81,10
1943,09:30:01,$ 3255.81,1
1944,09:30:01,$ 3255.81,200
1945,09:30:01,$ 3255.81,1
1946,09:30:01,$ 3255.81,1
1947,09:30:01,$ 3255.81,1
1948,09:30:01,$ 3255.81,1
1949,09:30:01,$ 3255.81,1
1950,09:30:01,$ 3255.81,2
1951,09:30:01,$ 3255.81,5
1952,09:30:01,$ 3255.81,1
1954,09:30:01,$ 3255.81,10
1955,09:30:01,$ 3255.81,1
1956,09:30:01,$ 3255.81,5
1957,09:30:01,$ 3255.81,9
1958,09:30:01,$ 3255.81,31
1959,09:30:01,$ 3255.81,40
1960,09:30:01,$ 3255.81,2
1961,09:30:01,$ 3255.81,4
1962,09:30:01,$ 3255.81,20
1963,09:30:01,$ 3255.81,1
1964,09:30:01,$ 3255.81,1
1965,09:30:01,$ 3255.81,8
1966,09:30:01,$ 3255.81,1
1967,09:30:01,$ 3255.81,2
1968,09:30:01,$ 3255.81,1
1969,09:30:01,$ 3255.81,1
1970,09:30:01,$ 3255.81,4
1971,09:30:01,$ 3255.81,9
1972,09:30:01,$ 3255.81,1
1973,09:30:01,$ 3255.81,6
1975,09:30:01,$ 3255.81,1
1976,09:30:01,$ 3255.81,1
1977,09:30:01,$ 3255.81,10
1978,09:30:01,$ 3255.81,25
1979,09:30:01,$ 3255.81,1
1980,09:30:01,$ 3255.81,9
1981,09:30:01,$ 3255.81,40
1982,09:30:01,$ 3255.81,16
1983,09:30:01,$ 3255.81,10
1984,09:30:01,$ 3255.81,10
1985,09:30:01,$ 3255.81,9
1986,09:30:01,$ 3255.81,4
1987,09:30:01,$ 3255.81,1
1988,09:30:01,$ 3255.81,3
1989,09:30:01,$ 3255.81,1
1990,09:30:01,$ 3255.81,13
1991,09:30:01,$ 3255.81,1
1992,09:30:01,$ 3255.81,1
1993,09:30:01,$ 3255.81,10
1994,09:30:01,$ 3255.81,3
1996,09:30:01,$ 3255.81,3
1997,09:30:01,$ 3255.81,3
1998,09:30:01,$ 3255.81,1
1999,09:30:01,$ 3255.81,1
2000,09:30:01,$ 3255.81,7
2001,09:30:01,$ 3255.81,2
2002,09:30:01,$ 3255.81,10
2003,09:30:01,$ 3255.81,5
2004,09:30:01,$ 3255.81,1
2005,09:30:01,$ 3255.81,3
2006,09:30:01,$ 3255.81,2
2007,09:30:01,$ 3255.81,47
2008,09:30:01,$ 3255.81,3
2009,09:30:01,$ 3255.81,1
2010,09:30:01,$ 3255.81,11
2011,09:30:01,$ 3255.81,1
2012,09:30:01,$ 3255.81,1
2013,09:30:01,$ 3255.81,2
2014,09:30:01,$ 3255.81,2
2015,09:30:01,$ 3255.81,100
2017,09:30:01,$ 3255.81,3
2018,09:30:01,$ 3255.81,1
2019,09:30:01,$ 3255.81,2
2020,09:30:01,$ 3255.81,10
2021,09:30:01,$ 3255.81,1
2022,09:30:01,$ 3255.81,1
2023,09:30:01,$ 3255.81,1
2024,09:30:01,$ 3255.81,3
2025,09:30:01,$ 3255.81,12
2026,09:30:01,$ 3255.81,10
2027,09:30:01,$ 3255.81,5
2028,09:30:01,$ 3255.81,1
2029,09:30:01,$ 3255.81,10
2030,09:30:01,$ 3255.81,2
2031,09:30:01,$ 3255.81,4
2032,09:30:01,$ 3255.81,10
2033,09:30:01,$ 3255.81,1
2034,09:30:01,$ 3255.81,5
2035,09:30:01,$ 3255.81,1
2036,09:30:01,$ 3255.81,1
2038,09:30:01,$ 3255.81,1
2039,09:30:01,$ 3255.81,3
2040,09:30:01,$ 3255.81,1
2041,09:30:01,$ 3255.81,1
2042,09:30:01,$ 3255.81,2
2043,09:30:01,$ 3255.81,1
2044,09:30:01,$ 3255.81,11
2045,09:30:01,$ 3255.81,5
2046,09:30:01,$ 3255.81,15
2047,09:30:01,$ 3255.81,10
2048,09:30:01,$ 3255.81,5
2049,09:30:01,$ 3255.81,1
2050,09:30:01,$ 3255.81,1
2051,09:30:01,$ 3255.81,15
2052,09:30:01,$ 3255.81,1
2053,09:30:01,$ 3255.81,9
2054,09:30:01,$ 3255.81,2
2055,09:30:01,$ 3255.81,19
2056,09:30:01,$ 3255.81,5
2057,09:30:01,$ 3255.81,3
2059,09:30:01,$ 3255.81,1
2060,09:30:01,$ 3255.81,8
2061,09:30:01,$ 3255.81,1
2062,09:30:01,$ 3255.81,1
2063,09:30:01,$ 3255.81,1
2064,09:30:01,$ 3255.81,1
2065,09:30:01,$ 3255.81,1
2066,09:30:01,$ 3255.81,5
2067,09:30:01,$ 3255.81,5
2068,09:30:01,$ 3255.81,3
2069,09:30:01,$ 3255.81,1
2070,09:30:01,$ 3255.81,1
2071,09:30:01,$ 3255.81,1
2072,09:30:01,$ 3255.81,20
2073,09:30:01,$ 3255.81,3
2074,09:30:01,$ 3255.81,1
2075,09:30:01,$ 3255.81,1
2076,09:30:01,$ 3255.81,1
2077,09:30:01,$ 3255.81,1
2078,09:30:01,$ 3255.81,1
2080,09:30:01,$ 3255.81,2
2081,09:30:01,$ 3255.81,1
2082,09:30:01,$ 3255.81,1
2083,09:30:01,$ 3255.81,19
2084,09:30:01,$ 3255.81,5
2085,09:30:01,$ 3255.81,5
2086,09:30:01,$ 3255.81,7
2087,09:30:01,$ 3255.81,2
2088,09:30:01,$ 3255.81,5
2089,09:30:01,$ 3255.81,1
2090,09:30:01,$ 3255.81,2
2091,09:30:01,$ 3255.81,1
2092,09:30:01,$ 3255.81,2
2093,09:30:01,$ 3255.81,2
2094,09:30:01,$ 3255.81,1
2095,09:30:01,$ 3255.81,50
2096,09:30:01,$ 3255.81,8
2097,09:30:01,$ 3255.81,18
2098,09:30:01,$ 3255.81,1
2099,09:30:01,$ 3255.81,56
2101,09:30:01,$ 3255.81,4
2102,09:30:01,$ 3255.81,4
2103,09:30:01,$ 3255.81,18
2104,09:30:01,$ 3255.81,1
2105,09:30:01,$ 3255.81,2
2106,09:30:01,$ 3255.81,1
2107,09:30:01,$ 3255.81,3
2108,09:30:01,$ 3255.81,2
2109,09:30:01,$ 3255.81,25
2110,09:30:01,$ 3255.81,2
2111,09:30:01,$ 3255.81,1
2112,09:30:01,$ 3255.81,2
2113,09:30:01,$ 3255.81,1
2114,09:30:01,$ 3255.81,2
2115,09:30:01,$ 3255.81,1
2116,09:30:01,$ 3255.81,10
2117,09:30:01,$ 3255.81,1
2118,09:30:01,$ 3255.81,3
2119,09:30:01,$ 3255.81,1
2120,09:30:01,$ 3255.81,1
2122,09:30:01,$ 3255.81,1
2123,09:30:01,$ 3255.81,1
2124,09:30:01,$ 3255.81,1
2125,09:30:01,$ 3255.81,2
2126,09:30:01,$ 3255.81,2
2127,09:30:01,$ 3255.81,4
2128,09:30:01,$ 3255.81,2
2129,09:30:01,$ 3255.81,150
2130,09:30:01,$ 3255.81,1
2131,09:30:01,$ 3255.81,1
2132,09:30:01,$ 3255.81,1
2133,09:30:01,$ 3255.81,2
2134,09:30:01,$ 3255.81,1
2135,09:30:01,$ 3255.81,2
2136,09:30:01,$ 3255.81,1
2137,09:30:01,$ 3255.81,5
2138,09:30:01,$ 3255.81,2
2139,09:30:01,$ 3255.81,4
2140,09:30:01,$ 3255.81,3
2141,09:30:01,$ 3255.81,1
2143,09:30:01,$ 3255.81,2
2144,09:30:01,$ 3255.81,1
2145,09:30:01,$ 3255.81,1
2146,09:30:01,$ 3255.81,1
2147,09:30:01,$ 3255.81,1
2148,09:30:01,$ 3255.81,1
2149,09:30:01,$ 3255.81,2
2150,09:30:01,$ 3255.81,1
2151,09:30:01,$ 3255.81,1
2152,09:30:01,$ 3255.81,4
2153,09:30:01,$ 3255.81,3
2154,09:30:01,$ 3255.81,4
2155,09:30:01,$ 3255.81,30
2156,09:30:01,$ 3255.81,9
2157,09:30:01,$ 3255.81,1
2158,09:30:01,$ 3255.81,24
2159,09:30:01,$ 3255.81,1
2160,09:30:01,$ 3255.81,1
2161,09:30:01,$ 3255.81,37
2162,09:30:01,$ 3255.81,1
2164,09:30:01,$ 3255.81,5
2165,09:30:01,$ 3255.81,5
2166,09:30:01,$ 3255.81,1
2167,09:30:01,$ 3255.81,1
2168,09:30:01,$ 3255.81,1
2169,09:30:01,$ 3255.81,3
2170,09:30:01,$ 3255.81,5
2171,09:30:01,$ 3255.81,1
2172,09:30:01,$ 3255.81,1
2173,09:30:01,$ 3255.81,1
2174,09:30:01,$ 3255.81,1
2175,09:30:01,$ 3255.81,10
2176,09:30:01,$ 3255.81,4
2177,09:30:01,$ 3255.81,12
2178,09:30:01,$ 3255.81,6
2179,09:30:01,$ 3255.81,5
2180,09:30:01,$ 3255.81,3
2181,09:30:01,$ 3255.81,1
2182,09:30:01,$ 3255.81,100
2183,09:30:01,$ 3255.81,1
2185,09:30:01,$ 3255.81,1
2186,09:30:01,$ 3255.81,2
2187,09:30:01,$ 3255.81,5
2188,09:30:01,$ 3255.81,5
2189,09:30:01,$ 3255.81,3
2190,09:30:01,$ 3255.81,2
2191,09:30:01,$ 3255.81,1
2192,09:30:01,$ 3255.81,6
2193,09:30:01,$ 3255.81,6
2194,09:30:01,$ 3255.81,98
2195,09:30:01,$ 3255.81,8
2196,09:30:01,$ 3255.81,17
2197,09:30:01,$ 3255.81,10
2198,09:30:01,$ 3255.81,3
2199,09:30:01,$ 3255.81,1
2200,09:30:01,$ 3255.81,1
2201,09:30:01,$ 3255.81,1
2202,09:30:01,$ 3255.81,85
2203,09:30:01,$ 3255.81,3
2204,09:30:01,$ 3255.81,2
2206,09:30:01,$ 3255.81,2
2207,09:30:01,$ 3255.81,2
2208,09:30:01,$ 3255.81,7
2209,09:30:01,$ 3255.81,16
2210,09:30:01,$ 3255.81,1
2211,09:30:01,$ 3255.81,1
2212,09:30:01,$ 3255.81,4
2213,09:30:01,$ 3255.81,1
2214,09:30:01,$ 3255.81,10
2215,09:30:01,$ 3255.81,7
2216,09:30:01,$ 3255.81,1
2217,09:30:01,$ 3255.81,3
2218,09:30:01,$ 3255.81,1
2219,09:30:01,$ 3255.81,2
2220,09:30:01,$ 3255.81,1
2221,09:30:01,$ 3255.81,1
2222,09:30:01,$ 3255.81,1
2223,09:30:01,$ 3255.81,1
2224,09:30:01,$ 3255.81,5
2225,09:30:01,$ 3255.81,1
2227,09:30:01,$ 3255.81,18
2228,09:30:01,$ 3255.81,5
2229,09:30:01,$ 3255.81,3
2230,09:30:01,$ 3255.81,1
2231,09:30:01,$ 3255.81,1
2232,09:30:01,$ 3255.81,1
2233,09:30:01,$ 3255.81,1
2234,09:30:01,$ 3255.81,1
2235,09:30:01,$ 3255.81,1
2236,09:30:01,$ 3255.81,1
2237,09:30:01,$ 3255.81,2
2238,09:30:01,$ 3255.81,6
2239,09:30:01,$ 3255.81,10
2240,09:30:01,$ 3255.81,1
2241,09:30:01,$ 3255.81,1
2242,09:30:01,$ 3255.81,3
2243,09:30:01,$ 3255.81,3
2244,09:30:01,$ 3255.81,2
2245,09:30:01,$ 3255.81,1
2246,09:30:01,$ 3255.81,4
2248,09:30:01,$ 3255.81,4
2249,09:30:01,$ 3255.81,2
2250,09:30:01,$ 3255.81,4
2251,09:30:01,$ 3255.81,3
2252,09:30:01,$ 3255.81,2
2253,09:30:01,$ 3255.81,1
2254,09:30:01,$ 3255.81,2
2255,09:30:01,$ 3255.81,4
2256,09:30:01,$ 3255.81,1
2257,09:30:01,$ 3255.81,1
2258,09:30:01,$ 3255.81,1
2259,09:30:01,$ 3255.81,3
2260,09:30:01,$ 3255.81,10
2261,09:30:01,$ 3255.81,2
2262,09:30:01,$ 3255.81,3
2263,09:30:01,$ 3255.81,5
2264,09:30:01,$ 3255.81,1
2265,09:30:01,$ 3255.81,2
2266,09:30:01,$ 3255.81,1
2267,09:30:01,$ 3255.81,1
2269,09:30:01,$ 3255.81,1
2270,09:30:01,$ 3255.81,1
2271,09:30:01,$ 3255.81,1
2272,09:30:01,$ 3255.81,3
2273,09:30:01,$ 3255.81,1
2274,09:30:01,$ 3255.81,1
2275,09:30:01,$ 3255.81,5
2276,09:30:01,$ 3255.81,27
2277,09:30:01,$ 3255.81,8
2278,09:30:01,$ 3255.81,4
2279,09:30:01,$ 3255.81,1
2280,09:30:01,$ 3255.81,1
2281,09:30:01,$ 3255.81,1
2282,09:30:01,$ 3255.81,3
2283,09:30:01,$ 3255.81,1
2284,09:30:01,$ 3255.81,5
2285,09:30:01,$ 3255.81,18
2286,09:30:01,$ 3255.81,4
2287,09:30:01,$ 3255.81,30
2288,09:30:01,$ 3255.81,6
2290,09:30:01,$ 3255.81,1
2291,09:30:01,$ 3255.81,1
2292,09:30:01,$ 3255.81,375
2293,09:30:01,$ 3255.81,2
2294,09:30:01,$ 3255.81,1
2295,09:30:01,$ 3255.81,7
2296,09:30:01,$ 3255.81,10
2297,09:30:01,$ 3255.81,4
2298,09:30:01,$ 3255.81,1
2299,09:30:01,$ 3255.81,2
2300,09:30:01,$ 3255.81,1
2301,09:30:01,$ 3255.81,1
2302,09:30:01,$ 3255.81,1
2303,09:30:01,$ 3255.81,10
2304,09:30:01,$ 3255.81,18
2305,09:30:01,$ 3255.81,1
2306,09:30:01,$ 3255.81,1
2307,09:30:01,$ 3255.81,1
2308,09:30:01,$ 3255.81,2
2309,09:30:01,$ 3255.81,1
2311,09:30:01,$ 3255.81,4
2312,09:30:01,$ 3255.81,2
2313,09:30:01,$ 3255.81,2
2314,09:30:01,$ 3255.81,2
2315,09:30:01,$ 3255.81,2
2316,09:30:01,$ 3255.81,1
2317,09:30:01,$ 3255.81,1
2318,09:30:01,$ 3255.81,1
2319,09:30:01,$ 3255.81,1
2320,09:30:01,$ 3255.81,1
2321,09:30:01,$ 3255.81,1
2322,09:30:01,$ 3255.81,2
2323,09:30:01,$ 3255.81,4
2324,09:30:01,$ 3255.81,3
2325,09:30:01,$ 3255.81,1
2326,09:30:01,$ 3255.81,40
2327,09:30:01,$ 3255.81,5
2328,09:30:01,$ 3255.81,1
2329,09:30:01,$ 3255.81,2
2330,09:30:01,$ 3255.81,4
2332,09:30:01,$ 3255.81,4
2333,09:30:01,$ 3255.81,1
2334,09:30:01,$ 3255.81,8
2335,09:30:01,$ 3255.81,2
2336,09:30:01,$ 3255.81,2
2337,09:30:01,$ 3255.81,10
2338,09:30:01,$ 3255.81,1
2339,09:30:01,$ 3255.81,3
2340,09:30:01,$ 3255.81,15
2341,09:30:01,$ 3255.81,3
2342,09:30:01,$ 3255.81,10
2343,09:30:01,$ 3255.81,1
2344,09:30:01,$ 3255.81,1
2345,09:30:01,$ 3255.81,5
2346,09:30:01,$ 3255.81,5
2347,09:30:01,$ 3255.81,4
2348,09:30:01,$ 3255.81,1
2349,09:30:01,$ 3255.81,2
2350,09:30:01,$ 3255.81,6
2351,09:30:01,$ 3255.81,3
2353,09:30:01,$ 3255.81,3
2354,09:30:01,$ 3255.81,7
2355,09:30:01,$ 3255.81,7
2356,09:30:01,$ 3255.81,3
2357,09:30:01,$ 3255.81,2
2358,09:30:01,$ 3255.81,1
2359,09:30:01,$ 3255.81,30
2360,09:30:01,$ 3255.81,2
2361,09:30:01,$ 3255.81,2
2362,09:30:01,$ 3255.81,2
2363,09:30:01,$ 3255.81,1
2364,09:30:01,$ 3255.81,1
2365,09:30:01,$ 3255.81,1
2366,09:30:01,$ 3255.81,1
2367,09:30:01,$ 3255.81,2
2368,09:30:01,$ 3255.81,10
2369,09:30:01,$ 3255.81,10
2370,09:30:01,$ 3255.81,10
2371,09:30:01,$ 3255.81,3
2372,09:30:01,$ 3255.81,1
2374,09:30:01,$ 3255.81,50
2375,09:30:01,$ 3255.81,6
2376,09:30:01,$ 3255.81,2
2377,09:30:01,$ 3255.81,1
2378,09:30:01,$ 3255.81,1
2379,09:30:01,$ 3255.81,25
2380,09:30:01,$ 3255.81,285
2381,09:30:01,$ 3255.81,2
2382,09:30:01,$ 3255.81,23
2383,09:30:01,$ 3255.81,1
2384,09:30:01,$ 3255.81,2
2385,09:30:01,$ 3255.81,9
2386,09:30:01,$ 3255.81,1
2387,09:30:01,$ 3255.81,1
2388,09:30:01,$ 3255.81,15
2389,09:30:01,$ 3255.81,50
2390,09:30:01,$ 3255.81,1
2391,09:30:01,$ 3255.81,1
2392,09:30:01,$ 3255.81,14
2393,09:30:01,$ 3255.81,23
2395,09:30:01,$ 3255.81,9
2396,09:30:01,$ 3255.81,3
2397,09:30:01,$ 3255.81,1
2398,09:30:01,$ 3255.81,1
2399,09:30:01,$ 3255.81,2
2400,09:30:01,$ 3255.81,2
2401,09:30:01,$ 3255.81,1
2402,09:30:01,$ 3255.81,1
2403,09:30:01,$ 3255.81,1
2404,09:30:01,$ 3255.81,1
2405,09:30:01,$ 3255.81,10
2406,09:30:01,$ 3255.81,1
2407,09:30:01,$ 3255.81,4
2408,09:30:01,$ 3255.81,2
2409,09:30:01,$ 3255.81,1
2410,09:30:01,$ 3255.81,1
2411,09:30:01,$ 3255.81,1
2412,09:30:01,$ 3255.81,5
2413,09:30:01,$ 3255.81,1
2414,09:30:01,$ 3255.81,1
2416,09:30:01,$ 3255.81,5
2417,09:30:01,$ 3255.81,3
2418,09:30:01,$ 3255.81,1
2419,09:30:01,$ 3255.81,1
2420,09:30:01,$ 3255.81,3
2421,09:30:01,$ 3255.81,1
2422,09:30:01,$ 3255.81,1
2423,09:30:01,$ 3255.81,2
2424,09:30:01,$ 3255.81,2
2425,09:30:01,$ 3255.81,1
2426,09:30:01,$ 3255.81,2
2427,09:30:01,$ 3255.81,1
2428,09:30:01,$ 3255.81,1
2429,09:30:01,$ 3255.81,8
2430,09:30:01,$ 3255.81,3
2431,09:30:01,$ 3255.81,1
2432,09:30:01,$ 3255.81,1
2433,09:30:01,$ 3255.81,1
2434,09:30:01,$ 3255.81,1
2435,09:30:01,$ 3255.81,5
2437,09:30:01,$ 3255.81,2
2438,09:30:01,$ 3255.81,1
2439,09:30:01,$ 3255.81,1
2440,09:30:01,$ 3255.81,2
2441,09:30:00,$ 3258.40,100
2442,09:30:00,$ 3257.94,100
2443,09:30:00,$ 3257.185,100
2444,09:30:00,$ 3255.57,100
2445,09:30:00,$ 3255.53,100
2446,09:30:00,$ 3256.01,100
2447,09:30:00,$ 3256.01,100
2448,09:30:00,$ 3256.01,101
2450,10:29:57,$ 3252.64,100
2451,10:29:57,$ 3252.47,100
2452,10:29:47,$ 3253.69,100
2453,10:29:47,$ 3253.69,100
2454,10:29:41,$ 3254.935,100
2455,10:29:41,$ 3254.90,112
2456,10:29:29,$ 3254.27,100
2457,10:29:29,$ 3254.34,100
2458,10:29:29,$ 3253.86,100
2459,10:29:29,$ 3254.19,100
2460,10:29:20,$ 3253.64,100
2461,10:29:16,$ 3253.74,100
2462,10:29:15,$ 3253.955,100
2463,10:29:15,$ 3253.97,100
2464,10:29:15,$ 3253.96,100
2465,10:29:14,$ 3253.86,100
2466,10:29:14,$ 3254.50,100
2467,10:29:14,$ 3253.98,100
2468,10:29:14,$ 3254.04,100
2469,10:29:10,$ 3253.86,100
2471,10:29:10,$ 3253.885,100
2472,10:29:10,$ 3253.8925,100
2473,10:29:10,$ 3253.885,100
2474,10:29:07,$ 3254.8699,100
2475,10:29:03,$ 3254.80,100
2476,10:28:35,$ 3254.50,100
2477,10:28:32,$ 3254.67,100
2478,10:28:28,$ 3255.465,100
2479,10:28:05,$ 3255.29,100
2480,10:28:05,$ 3255.32,100
2481,10:27:43,$ 3255.00,100
2482,10:27:16,$ 3255.42,100
2483,10:26:45,$ 3254.735,500
2484,10:26:36,$ 3254.98,100
2485,10:26:21,$ 3254.31,100
2486,10:26:19,$ 3255.44,100
2487,10:26:08,$ 3257.085,100
2488,10:26:00,$ 3257.58,100
2489,10:26:00,$ 3257.34,300
2490,10:26:00,$ 3257.26,100
2492,10:25:46,$ 3256.775,100
2493,10:25:43,$ 3255.25,100
2494,10:25:29,$ 3255.76,100
2495,10:25:22,$ 3255.35,100
2496,10:25:15,$ 3254.20,100
2497,10:25:07,$ 3255.05,100
2498,10:25:06,$ 3254.305,100
2499,10:24:52,$ 3254.20,100
2500,10:24:52,$ 3254.20,100
2501,10:24:34,$ 3254.18,100
2502,10:24:34,$ 3254.18,100
2503,10:24:34,$ 3254.19,159
2504,10:24:21,$ 3254.765,100
2505,10:23:59,$ 3255.13,100
2506,10:23:53,$ 3254.60,100
2507,10:23:50,$ 3255.095,100
2508,10:23:49,$ 3255.00,100
2509,10:23:39,$ 3256.41,100
2510,10:23:16,$ 3257.26,100
2511,10:23:12,$ 3257.48,100
2513,10:23:04,$ 3257.00,140
2514,10:23:04,$ 3256.99,280
2515,10:23:04,$ 3256.99,100
2516,10:23:04,$ 3256.445,293
2517,10:22:54,$ 3256.30,100
2518,10:21:57,$ 3256.30,100
2519,10:21:52,$ 3256.35,100
2520,10:21:30,$ 3257.325,100
2521,10:21:23,$ 3257.40,100
2522,10:21:23,$ 3257.50,100
2523,10:21:23,$ 3257.40,100
2524,10:21:21,$ 3257.59,100
2525,10:21:18,$ 3256.99,100
2526,10:21:11,$ 3256.87,100
2527,10:21:06,$ 3256.745,196
2528,10:21:06,$ 3257.19,100
2529,10:21:06,$ 3257.20,100
2530,10:21:06,$ 3257.21,100
2531,10:21:04,$ 3256.90,171
2532,10:21:04,$ 3256.905,100
2534,10:20:54,$ 3257.25,111
2535,10:20:54,$ 3257.80,100
2536,10:20:54,$ 3257.82,100
2537,10:20:54,$ 3257.85,480
2538,10:20:54,$ 3257.23,100
2539,10:20:54,$ 3257.23,100
2540,10:20:54,$ 3257.04,100
2541,10:20:54,$ 3257.23,100
2542,10:20:54,$ 3257.2465,100
2543,10:20:54,$ 3257.10,100
2544,10:20:54,$ 3257.21,100
2545,10:20:54,$ 3257.21,100
2546,10:20:54,$ 3257.21,100
2547,10:20:32,$ 3257.12,100
2548,10:20:25,$ 3256.305,100
2549,10:20:14,$ 3256.52,100
2550,10:19:09,$ 3257.015,300
2551,10:19:09,$ 3257.60,100
2552,10:19:06,$ 3256.98,100
2553,10:18:37,$ 3256.8148,199
2555,10:18:30,$ 3256.16,300
2556,10:18:29,$ 3256.21,100
2557,10:18:28,$ 3257.2024,200
2558,10:18:26,$ 3256.88,100
2559,10:18:11,$ 3257.49,100
2560,10:17:53,$ 3256.50,100
2561,10:17:52,$ 3256.50,491
2562,10:17:51,$ 3256.06,100
2563,10:17:46,$ 3255.82,100
2564,10:17:40,$ 3256.50,100
2565,10:17:40,$ 3256.48,100
2566,10:17:40,$ 3256.49,100
2567,10:17:28,$ 3255.32,100
2568,10:16:34,$ 3254.57,350
2569,10:16:26,$ 3254.58,100
2570,10:16:07,$ 3254.29,100
2571,10:16:07,$ 3254.34,100
2572,10:16:07,$ 3254.34,100
2573,10:16:03,$ 3253.71,355
2574,10:16:00,$ 3253.2756,199
2576,10:15:27,$ 3253.85,100
2577,10:15:23,$ 3254.08,100
2578,10:14:33,$ 3255.04,100
2579,10:14:00,$ 3255.05,100
2580,10:13:53,$ 3254.24,100
2581,10:13:40,$ 3255.52,100
2582,10:13:19,$ 3255.67,100
2583,10:13:19,$ 3255.50,100
2584,10:13:19,$ 3255.67,100
2585,10:13:17,$ 3255.5494,125
2586,10:12:47,$ 3255.30,100
2587,10:12:42,$ 3255.06,100
2588,10:12:39,$ 3255.11,100
2589,10:12:31,$ 3255.14,100
2590,10:12:31,$ 3255.72,100
2591,10:12:18,$ 3255.94,100
2592,10:12:06,$ 3256.69,100
2593,10:12:05,$ 3257.00,100
2594,10:11:57,$ 3256.76,100
2595,10:11:47,$ 3256.135,100
2597,10:11:39,$ 3255.6566,276
2598,10:11:33,$ 3255.855,100
2599,10:11:27,$ 3256.43,100
2600,10:11:27,$ 3256.82,100
2601,10:11:25,$ 3257.00,300
2602,10:11:25,$ 3256.99,100
2603,10:11:05,$ 3255.21,100
2604,10:11:05,$ 3255.00,100
2605,10:11:02,$ 3256.00,153
2606,10:11:01,$ 3254.98,100
2607,10:10:52,$ 3254.17,100
2608,10:10:41,$ 3254.47,134
2609,10:10:26,$ 3254.16,100
2610,10:10:18,$ 3254.2099,100
2611,10:10:01,$ 3253.85,120
2612,10:09:51,$ 3254.02,108
2613,10:08:45,$ 3254.9928,100
2614,10:08:45,$ 3255.00,100
2615,10:08:44,$ 3254.68,100
2616,10:08:43,$ 3254.5455,199
2618,10:08:41,$ 3254.5089,138
2619,10:08:21,$ 3253.72,100
2620,10:08:04,$ 3253.72,100
2621,10:07:52,$ 3252.1201,200
2622,10:07:23,$ 3251.05,100
2623,10:07:00,$ 3250.685,100
2624,10:06:50,$ 3250.59,100
2625,10:06:05,$ 3249.66,100
2626,10:05:33,$ 3251.05,100
2627,10:05:00,$ 3251.79,100
2628,10:04:51,$ 3251.13,100
2629,10:04:49,$ 3251.325,100
2630,10:04:18,$ 3253.4727,445
2631,10:04:18,$ 3252.285,100
2632,10:04:09,$ 3253.485,100
2633,10:03:17,$ 3254.035,100
2634,10:03:16,$ 3254.00,100
2635,10:03:02,$ 3252.69,100
2636,10:03:02,$ 3252.70,147
2637,10:02:58,$ 3252.935,100
2639,10:02:56,$ 3252.60,100
2640,10:02:55,$ 3253.81,100
2641,10:02:51,$ 3253.88,100
2642,10:02:51,$ 3253.50,100
2643,10:02:49,$ 3253.00,250
2644,10:02:49,$ 3252.905,100
2645,10:02:47,$ 3252.0969,250
2646,10:02:46,$ 3252.905,100
2647,10:02:46,$ 3252.65,100
2648,10:02:45,$ 3252.18,100
2649,10:02:45,$ 3252.3205,176
2650,10:02:45,$ 3252.51,100
2651,10:02:31,$ 3252.525,100
2652,10:02:28,$ 3252.13,200
2653,10:02:25,$ 3252.00,100
2654,10:02:25,$ 3251.87,100
2655,10:02:25,$ 3251.88,100
2656,10:02:22,$ 3251.615,100
2657,10:02:22,$ 3251.58,100
2658,10:02:19,$ 3251.69,100
2660,10:02:12,$ 3251.02,100
2661,10:02:00,$ 3250.68,100
2662,10:02:00,$ 3250.66,100
2663,10:02:00,$ 3250.68,100
2664,10:02:00,$ 3250.69,100
2665,10:02:00,$ 3250.68,100
2666,10:02:00,$ 3250.92,100
2667,10:02:00,$ 3250.68,100
2668,10:02:00,$ 3250.6627,100
2669,10:02:00,$ 3250.69,100
2670,10:02:00,$ 3250.95,300
2671,10:01:56,$ 3250.38,100
2672,10:01:50,$ 3250.00,100
2673,10:01:50,$ 3249.65,100
2674,10:01:50,$ 3249.63,100
2675,10:01:48,$ 3248.1175,100
2676,10:01:43,$ 3248.6075,100
2677,10:01:42,$ 3249.95,100
2678,10:01:35,$ 3249.952,100
2679,10:01:35,$ 3249.355,499
2681,10:01:22,$ 3247.36,100
2682,10:01:15,$ 3247.35,100
2683,10:00:48,$ 3245.52,100
2684,10:00:42,$ 3246.03,100
2685,10:00:26,$ 3245.60,100
2686,10:00:08,$ 3245.82,100
2687,10:00:03,$ 3245.495,100
2689,10:59:52,$ 3249.10,100
2690,10:59:50,$ 3249.30,100
2691,10:59:48,$ 3249.94,100
2692,10:59:16,$ 3250.61,100
2693,10:58:37,$ 3249.56,120
2694,10:58:22,$ 3250.8656,756
2695,10:58:02,$ 3249.04,100
2696,10:58:02,$ 3248.56,100
2697,10:57:29,$ 3248.555,100
2698,10:57:15,$ 3246.725,200
2699,10:57:08,$ 3247.56,100
2700,10:57:08,$ 3247.39,100
2701,10:57:08,$ 3247.29,100
2702,10:57:08,$ 3247.38,100
2703,10:56:50,$ 3248.84,100
2704,10:56:50,$ 3249.15,100
2705,10:56:36,$ 3248.17,100
2706,10:56:35,$ 3248.67,100
2707,10:56:32,$ 3249.36,100
2708,10:56:32,$ 3249.45,100
2710,10:56:14,$ 3249.715,101
2711,10:56:11,$ 3249.39,100
2712,10:56:05,$ 3249.04,110
2713,10:56:04,$ 3248.52,100
2714,10:56:04,$ 3248.52,298
2715,10:55:39,$ 3249.27,100
2716,10:55:37,$ 3249.61,100
2717,10:55:37,$ 3249.375,100
2718,10:55:29,$ 3250.13,100
2719,10:55:29,$ 3250.13,299
2720,10:55:22,$ 3249.64,100
2721,10:55:20,$ 3248.53,100
2722,10:55:17,$ 3249.025,100
2723,10:55:13,$ 3248.895,100
2724,10:55:13,$ 3248.895,200
2725,10:55:02,$ 3248.835,200
2726,10:55:01,$ 3248.825,200
2727,10:54:53,$ 3249.6362,149
2728,10:54:53,$ 3249.02,100
2729,10:54:52,$ 3248.38,100
2731,10:54:51,$ 3248.45,248
2732,10:54:50,$ 3248.635,100
2733,10:54:40,$ 3248.01,100
2734,10:54:31,$ 3248.00,100
2735,10:54:31,$ 3247.97,100
2736,10:54:26,$ 3248.805,100
2737,10:54:24,$ 3248.735,100
2738,10:53:56,$ 3248.84,100
2739,10:53:51,$ 3249.234,124
2740,10:53:51,$ 3249.50,100
2741,10:53:42,$ 3249.26,235
2742,10:53:38,$ 3250.27,100
2743,10:53:35,$ 3250.00,100
2744,10:53:35,$ 3250.01,100
2745,10:53:30,$ 3250.00,100
2746,10:52:58,$ 3249.5117,100
2747,10:52:32,$ 3247.88,100
2748,10:52:30,$ 3248.50,397
2749,10:52:26,$ 3247.61,100
2750,10:52:24,$ 3247.725,100
2752,10:52:22,$ 3247.50,100
2753,10:52:09,$ 3246.025,100
2754,10:51:58,$ 3246.0001,100
2755,10:51:58,$ 3246.38,100
2756,10:51:41,$ 3246.26,100
2757,10:51:40,$ 3247.495,100
2758,10:51:40,$ 3247.515,100
2759,10:51:40,$ 3247.99,100
2760,10:51:40,$ 3247.495,100
2761,10:51:39,$ 3247.29,100
2762,10:51:39,$ 3247.46,100
2763,10:51:23,$ 3248.12,100
2764,10:50:48,$ 3249.49,157
2765,10:50:47,$ 3248.94,101
2766,10:50:45,$ 3247.365,100
2767,10:50:44,$ 3247.32,119
2768,10:50:42,$ 3248.14,100
2769,10:50:42,$ 3249.555,100
2770,10:50:33,$ 3250.00,300
2771,10:50:32,$ 3250.60,100
2773,10:50:32,$ 3250.365,100
2774,10:50:32,$ 3250.55,100
2775,10:50:32,$ 3250.29,100
2776,10:50:32,$ 3250.22,100
2777,10:50:32,$ 3250.10,100
2778,10:50:31,$ 3251.235,100
2779,10:50:30,$ 3250.00,182
2780,10:50:30,$ 3251.67,159
2781,10:50:28,$ 3253.54,100
2782,10:50:28,$ 3252.80,100
2783,10:50:27,$ 3253.10,100
2784,10:50:12,$ 3252.59,100
2785,10:50:11,$ 3252.46,100
2786,10:50:11,$ 3252.45,100
2787,10:50:11,$ 3253.00,100
2788,10:50:11,$ 3253.00,358
2789,10:49:51,$ 3253.411,110
2790,10:49:08,$ 3254.82,121
2791,10:49:06,$ 3254.82,400
2792,10:49:04,$ 3254.83,400
2794,10:48:22,$ 3254.94,100
2795,10:47:55,$ 3254.00,282
2796,10:47:55,$ 3254.00,100
2797,10:47:49,$ 3254.795,100
2798,10:47:36,$ 3255.1434,150
2799,10:46:49,$ 3255.32,100
2800,10:46:34,$ 3254.51,100
2801,10:46:28,$ 3255.1796,250
2802,10:46:24,$ 3254.72,100
2803,10:46:10,$ 3255.22,100
2804,10:46:03,$ 3255.49,100
2805,10:45:31,$ 3254.45,182
2806,10:45:14,$ 3255.27,100
2807,10:45:14,$ 3255.11,192
2808,10:44:52,$ 3254.03,100
2809,10:44:05,$ 3256.105,100
2810,10:44:05,$ 3255.01,100
2811,10:44:01,$ 3256.048,100
2812,10:44:01,$ 3256.048,181
2813,10:43:46,$ 3255.106,199
2815,10:43:35,$ 3256.125,100
2816,10:43:32,$ 3255.69,100
2817,10:43:32,$ 3256.00,124
2818,10:43:04,$ 3255.802,100
2819,10:43:04,$ 3255.82,100
2820,10:42:41,$ 3254.11,100
2821,10:42:41,$ 3253.9751,100
2822,10:42:16,$ 3253.08,100
2823,10:42:09,$ 3253.21,100
2824,10:42:07,$ 3253.3502,458
2825,10:41:58,$ 3254.54,100
2826,10:41:29,$ 3255.00,100
2827,10:41:29,$ 3255.00,200
2828,10:41:26,$ 3255.40,100
2829,10:41:25,$ 3255.42,100
2830,10:41:17,$ 3257.00,100
2831,10:40:28,$ 3257.17,100
2832,10:40:26,$ 3256.94,100
2833,10:40:22,$ 3256.095,100
2834,10:40:21,$ 3256.775,100
2836,10:40:18,$ 3257.005,100
2837,10:40:12,$ 3257.73,100
2838,10:40:12,$ 3257.73,100
2839,10:39:59,$ 3259.3035,100
2840,10:39:54,$ 3259.20,100
2841,10:39:50,$ 3259.025,100
2842,10:39:48,$ 3258.81,100
2843,10:39:41,$ 3259.005,100
2844,10:39:30,$ 3258.84,100
2845,10:39:23,$ 3258.45,100
2846,10:39:06,$ 3259.105,100
2847,10:39:02,$ 3259.62,100
2848,10:39:01,$ 3259.60,100
2849,10:38:56,$ 3258.6498,250
2850,10:38:45,$ 3258.76,100
2851,10:38:43,$ 3259.00,287
2852,10:38:25,$ 3259.62,200
2853,10:38:01,$ 3258.30,147
2854,10:37:50,$ 3258.975,100
2855,10:37:47,$ 3258.51,100
2857,10:37:40,$ 3258.37,100
2858,10:37:35,$ 3258.86,100
2859,10:37:13,$ 3259.70,100
2860,10:36:35,$ 3258.89,100
2861,10:35:53,$ 3257.41,100
2862,10:35:53,$ 3257.42,100
2863,10:35:53,$ 3257.42,100
2864,10:35:51,$ 3256.72,100
2865,10:35:51,$ 3256.72,100
2866,10:35:51,$ 3256.91,100
2867,10:35:51,$ 3256.90,179
2868,10:35:50,$ 3256.90,111
2869,10:35:20,$ 3258.04,100
2870,10:35:05,$ 3257.92,100
2871,10:35:01,$ 3258.00,100
2872,10:34:59,$ 3257.735,100
2873,10:34:55,$ 3257.56,100
2874,10:34:49,$ 3258.41,100
2875,10:34:43,$ 3258.42,100
2876,10:34:38,$ 3258.38,100
2878,10:34:38,$ 3258.37,100
2879,10:34:38,$ 3258.50,100
2880,10:34:34,$ 3258.595,100
2881,10:34:34,$ 3258.57,100
2882,10:34:22,$ 3258.91,300
2883,10:34:03,$ 3259.51,100
2884,10:34:03,$ 3259.435,100
2885,10:34:03,$ 3259.65,100
2886,10:34:03,$ 3259.65,100
2887,10:34:03,$ 3259.58,100
2888,10:34:02,$ 3259.59,100
2889,10:34:01,$ 3259.55,100
2890,10:34:01,$ 3259.55,100
2891,10:34:01,$ 3259.59,100
2892,10:34:01,$ 3259.59,100
2893,10:34:01,$ 3259.59,100
2894,10:34:01,$ 3259.59,100
2895,10:34:00,$ 3259.62,100
2896,10:34:00,$ 3260.355,100
2897,10:34:00,$ 3259.38,100
2899,10:34:00,$ 3259.71,114
2900,10:34:00,$ 3259.71,100
2901,10:34:00,$ 3259.70,100
2902,10:34:00,$ 3259.71,100
2903,10:34:00,$ 3259.71,182
2904,10:34:00,$ 3259.66,100
2905,10:34:00,$ 3259.67,100
2906,10:34:00,$ 3259.53,100
2907,10:34:00,$ 3260.00,100
2908,10:34:00,$ 3259.48,100
2909,10:34:00,$ 3259.58,100
2910,10:33:51,$ 3259.47,100
2911,10:33:49,$ 3259.45,100
2912,10:33:49,$ 3259.04,100
2913,10:33:49,$ 3259.41,100
2914,10:33:49,$ 3258.71,100
2915,10:33:49,$ 3258.71,231
2916,10:33:49,$ 3258.71,178
2917,10:33:49,$ 3258.71,100
2918,10:33:49,$ 3258.71,100
2920,10:33:37,$ 3259.19,100
2921,10:33:34,$ 3258.335,100
2922,10:33:28,$ 3258.615,"1,000"
2923,10:33:21,$ 3258.20,100
2924,10:33:05,$ 3259.31,100
2925,10:33:03,$ 3259.00,915
2926,10:33:03,$ 3259.00,100
2927,10:33:03,$ 3259.00,100
2928,10:33:01,$ 3258.985,100
2929,10:32:24,$ 3257.41,100
2930,10:32:12,$ 3256.68,100
2931,10:32:03,$ 3256.71,100
2932,10:31:56,$ 3255.88,100
2933,10:31:46,$ 3256.23,100
2934,10:31:41,$ 3256.61,100
2935,10:31:36,$ 3257.63,100
2936,10:31:36,$ 3257.61,100
2937,10:31:26,$ 3258.37,100
2938,10:31:14,$ 3257.70,100
2939,10:31:09,$ 3257.83,100
2941,10:31:06,$ 3258.38,100
2942,10:31:06,$ 3257.635,100
2943,10:31:00,$ 3257.51,100
2944,10:30:55,$ 3257.44,100
2945,10:30:54,$ 3258.325,100
2946,10:30:54,$ 3258.57,100
2947,10:30:54,$ 3258.43,100
2948,10:30:53,$ 3258.605,100
2949,10:30:52,$ 3258.99,238
2950,10:30:52,$ 3258.99,209
2951,10:30:48,$ 3259.66,100
2952,10:30:46,$ 3258.37,100
2953,10:30:39,$ 3258.905,100
2954,10:30:39,$ 3258.895,100
2955,10:30:39,$ 3258.955,100
2956,10:30:39,$ 3258.26,100
2957,10:30:38,$ 3258.00,507
2958,10:30:38,$ 3258.00,100
2959,10:30:38,$ 3258.00,100
2960,10:30:38,$ 3257.80,100
2962,10:30:34,$ 3257.56,100
2963,10:30:31,$ 3257.185,100
2964,10:30:28,$ 3257.16,100
2965,10:30:23,$ 3256.735,100
2966,10:30:21,$ 3256.52,100
2967,10:30:19,$ 3256.52,100
2968,10:30:18,$ 3256.475,100
2969,10:30:16,$ 3256.18,100
2970,10:30:15,$ 3255.63,100
2971,10:30:15,$ 3255.66,100
2972,10:30:13,$ 3255.456,100
2973,10:30:10,$ 3255.635,100
2974,10:30:08,$ 3253.939,100
2975,10:30:07,$ 3254.215,100
2976,10:30:07,$ 3253.72,100
2977,10:30:01,$ 3253.07,100
2978,10:30:01,$ 3253.07,100
2979,10:30:01,$ 3253.08,100
2980,10:30:01,$ 3253.08,100
2982,11:29:59,$ 3248.91,100
2983,11:29:59,$ 3248.91,100
2984,11:29:46,$ 3249.21,100
2985,11:29:02,$ 3251.40,100
2986,11:28:53,$ 3251.54,100
2987,11:28:53,$ 3251.46,100
2988,11:28:45,$ 3251.39,100
2989,11:28:42,$ 3251.38,100
2990,11:28:33,$ 3250.79,100
2991,11:28:33,$ 3250.16,100
2992,11:28:30,$ 3250.80,232
2993,11:28:30,$ 3250.80,100
2994,11:28:21,$ 3250.16,100
2995,11:28:20,$ 3249.7877,196
2996,11:28:19,$ 3250.55,188
2997,11:28:07,$ 3250.70,100
2998,11:27:11,$ 3250.14,600
2999,11:27:05,$ 3250.965,100
3000,11:27:00,$ 3249.29,100
3001,11:26:45,$ 3249.51,100
3003,11:26:45,$ 3249.40,100
3004,11:26:45,$ 3249.40,100
3005,11:26:21,$ 3249.06,100
3006,11:26:21,$ 3249.16,100
3007,11:26:03,$ 3248.90,100
3008,11:25:40,$ 3249.69,116
3009,11:25:17,$ 3250.31,100
3010,11:24:54,$ 3249.10,100
3011,11:24:47,$ 3250.2105,"2,000"
3012,11:23:44,$ 3250.74,100
3013,11:23:33,$ 3250.89,100
3014,11:23:32,$ 3250.73,100
3015,11:23:32,$ 3250.38,111
3016,11:22:50,$ 3250.645,100
3017,11:22:44,$ 3249.98,100
3018,11:22:32,$ 3249.99,100
3019,11:22:32,$ 3249.92,100
3020,11:22:15,$ 3250.11,100
3021,11:21:50,$ 3250.08,100
3022,11:21:49,$ 3250.07,100
3024,11:21:49,$ 3249.93,100
3025,11:21:40,$ 3249.335,100
3026,11:21:24,$ 3250.29,100
3027,11:21:05,$ 3251.58,100
3028,11:20:07,$ 3251.08,100
3029,11:19:32,$ 3250.50,100
3030,11:19:24,$ 3250.34,100
3031,11:19:22,$ 3250.23,100
3032,11:19:06,$ 3250.13,100
3033,11:18:53,$ 3249.685,100
3034,11:18:52,$ 3249.10,100
3035,11:18:50,$ 3249.26,100
3036,11:18:44,$ 3249.7525,100
3037,11:18:43,$ 3250.00,100
3038,11:18:25,$ 3248.50,100
3039,11:18:25,$ 3248.50,100
3040,11:18:25,$ 3248.65,100
3041,11:18:25,$ 3248.80,100
3042,11:18:25,$ 3248.81,100
3043,11:18:25,$ 3248.92,100
3045,11:18:25,$ 3249.00,100
3046,11:17:58,$ 3247.58,100
3047,11:17:58,$ 3247.58,100
3048,11:17:58,$ 3247.58,220
3049,11:17:53,$ 3247.39,100
3050,11:17:53,$ 3247.01,100
3051,11:17:32,$ 3248.6989,500
3052,11:17:00,$ 3248.01,100
3053,11:16:42,$ 3247.515,100
3054,11:16:33,$ 3247.50,100
3055,11:16:33,$ 3247.51,100
3056,11:16:33,$ 3247.50,110
3057,11:16:33,$ 3247.50,100
3058,11:16:18,$ 3248.08,100
3059,11:16:10,$ 3249.12,100
3060,11:16:10,$ 3249.24,100
3061,11:15:37,$ 3249.17,100
3062,11:15:37,$ 3249.16,100
3063,11:15:35,$ 3249.17,100
3064,11:15:34,$ 3249.15,100
3066,11:15:34,$ 3249.15,100
3067,11:15:34,$ 3249.08,100
3068,11:15:34,$ 3249.02,100
3069,11:15:07,$ 3249.17,100
3070,11:15:05,$ 3249.235,100
3071,11:15:00,$ 3249.22,100
3072,11:14:24,$ 3248.67,100
3073,11:14:24,$ 3248.67,161
3074,11:14:11,$ 3248.03,100
3075,11:14:08,$ 3248.065,100
3076,11:13:57,$ 3249.955,100
3077,11:13:51,$ 3249.55,100
3078,11:13:26,$ 3249.55,100
3079,11:13:11,$ 3250.40,100
3080,11:13:11,$ 3250.40,100
3081,11:12:53,$ 3250.025,100
3082,11:12:47,$ 3249.51,100
3083,11:12:39,$ 3250.31,100
3084,11:12:05,$ 3250.19,100
3085,11:12:04,$ 3249.65,100
3087,11:12:03,$ 3250.134,100
3088,11:12:03,$ 3250.189,399
3089,11:12:03,$ 3250.116,100
3090,11:12:03,$ 3249.88,100
3091,11:11:55,$ 3249.37,100
3092,11:11:54,$ 3249.82,100
3093,11:11:54,$ 3249.91,100
3094,11:11:54,$ 3249.915,100
3095,11:11:40,$ 3250.5284,197
3096,11:11:40,$ 3250.498,100
3097,11:11:40,$ 3250.529,200
3098,11:11:29,$ 3250.61,100
3099,11:11:26,$ 3250.71,100
3100,11:11:03,$ 3250.3258,150
3101,11:11:03,$ 3251.04,100
3102,11:10:54,$ 3250.58,100
3103,11:10:32,$ 3251.70,100
3104,11:10:32,$ 3252.7247,795
3105,11:10:32,$ 3252.7247,114
3106,11:10:32,$ 3251.70,100
3108,11:10:32,$ 3251.40,100
3109,11:10:32,$ 3251.61,100
3110,11:10:32,$ 3251.63,100
3111,11:10:32,$ 3251.56,100
3112,11:10:26,$ 3250.76,100
3113,11:10:26,$ 3251.00,100
3114,11:10:26,$ 3250.7596,100
3115,11:10:26,$ 3250.759,100
3116,11:10:26,$ 3250.84,100
3117,11:10:24,$ 3250.62,100
3118,11:09:41,$ 3249.66,100
3119,11:09:37,$ 3249.03,100
3120,11:09:35,$ 3249.03,168
3121,11:09:35,$ 3249.43,100
3122,11:09:23,$ 3249.75,100
3123,11:09:07,$ 3248.835,100
3124,11:09:05,$ 3249.00,100
3125,11:09:00,$ 3248.22,100
3126,11:08:51,$ 3248.885,100
3127,11:08:37,$ 3247.82,100
3129,11:08:16,$ 3248.00,100
3130,11:08:01,$ 3247.93,100
3131,11:08:00,$ 3247.73,100
3132,11:07:57,$ 3247.73,100
3133,11:07:47,$ 3247.12,100
3134,11:07:21,$ 3247.70,100
3135,11:07:14,$ 3246.44,100
3136,11:07:12,$ 3247.18,100
3137,11:07:12,$ 3247.005,100
3138,11:07:10,$ 3248.46,100
3139,11:07:08,$ 3247.72,100
3140,11:07:08,$ 3247.35,100
3141,11:07:03,$ 3247.00,500
3142,11:07:03,$ 3247.00,100
3143,11:06:58,$ 3247.16,100
3144,11:05:34,$ 3247.92,100
3145,11:05:31,$ 3247.52,100
3146,11:05:30,$ 3247.20,102
3147,11:05:20,$ 3248.35,100
3148,11:05:07,$ 3249.16,100
3150,11:05:07,$ 3248.36,100
3151,11:05:01,$ 3248.58,100
3152,11:05:01,$ 3248.75,100
3153,11:04:57,$ 3249.73,100
3154,11:04:53,$ 3249.80,100
3155,11:04:49,$ 3249.81,100
3156,11:04:46,$ 3250.005,100
3157,11:04:44,$ 3250.01,100
3158,11:04:33,$ 3250.96,100
3159,11:04:33,$ 3250.52,100
3160,11:04:33,$ 3250.87,100
3161,11:04:28,$ 3250.855,100
3162,11:04:28,$ 3250.855,100
3163,11:04:28,$ 3250.93,100
3164,11:04:28,$ 3250.93,100
3165,11:04:05,$ 3250.24,100
3166,11:03:58,$ 3250.93,100
3167,11:03:47,$ 3250.36,100
3168,11:03:31,$ 3251.5416,122
3169,11:03:07,$ 3250.30,100
3171,11:03:07,$ 3250.22,100
3172,11:03:07,$ 3250.3819,212
3173,11:02:54,$ 3249.74,100
3174,11:02:37,$ 3250.42,100
3175,11:02:30,$ 3250.24,100
3176,11:02:24,$ 3250.00,100
3177,11:02:05,$ 3250.63,100
3178,11:01:24,$ 3251.45,100
3179,11:01:12,$ 3251.35,100
3180,11:00:52,$ 3251.68,100
3181,11:00:51,$ 3251.6397,499
3182,11:00:48,$ 3252.17,100
3183,11:00:40,$ 3250.945,100
3184,11:00:14,$ 3251.735,300
3185,11:00:10,$ 3251.82,100
3186,11:00:03,$ 3250.77,200
3188,11:59:59,$ 3255.4201,136
3189,11:59:44,$ 3255.99,100
3190,11:59:44,$ 3255.84,100
3191,11:59:24,$ 3256.00,100
3192,11:59:24,$ 3256.00,406
3193,11:59:24,$ 3256.00,138
3194,11:59:24,$ 3256.00,100
3195,11:59:24,$ 3256.00,100
3196,11:59:18,$ 3255.69,100
3197,11:59:14,$ 3255.065,100
3198,11:59:09,$ 3255.29,160
3199,11:59:05,$ 3255.80,400
3200,11:59:05,$ 3255.80,100
3201,11:59:05,$ 3255.80,149
3202,11:59:05,$ 3255.68,100
3203,11:59:03,$ 3255.00,100
3204,11:58:58,$ 3253.965,100
3205,11:58:57,$ 3254.455,100
3206,11:58:57,$ 3253.91,100
3207,11:58:56,$ 3255.00,300
3209,11:58:56,$ 3255.00,100
3210,11:57:31,$ 3253.75,100
3211,11:57:31,$ 3253.18,100
3212,11:57:31,$ 3253.00,100
3213,11:56:54,$ 3252.11,100
3214,11:56:53,$ 3251.62,100
3215,11:56:46,$ 3251.18,100
3216,11:56:46,$ 3251.75,100
3217,11:55:59,$ 3252.13,100
3218,11:55:59,$ 3250.975,100
3219,11:55:54,$ 3252.15,100
3220,11:55:54,$ 3252.52,100
3221,11:55:11,$ 3252.70,100
3222,11:54:40,$ 3250.66,100
3223,11:53:07,$ 3250.97,100
3224,11:53:07,$ 3250.97,100
3225,11:52:53,$ 3250.11,100
3226,11:52:53,$ 3250.10,100
3227,11:52:23,$ 3251.15,100
3228,11:51:50,$ 3251.20,100
3230,11:51:18,$ 3252.3159,299
3231,11:51:17,$ 3250.92,100
3232,11:50:24,$ 3251.04,100
3233,11:50:24,$ 3251.26,100
3234,11:50:20,$ 3251.45,100
3235,11:49:29,$ 3251.83,100
3236,11:49:11,$ 3251.68,100
3237,11:48:15,$ 3252.19,100
3238,11:48:15,$ 3252.18,100
3239,11:48:01,$ 3252.61,100
3240,11:47:11,$ 3253.29,100
3241,11:47:11,$ 3253.28,100
3242,11:46:51,$ 3253.42,100
3243,11:46:51,$ 3253.55,100
3244,11:46:28,$ 3253.3204,189
3245,11:46:00,$ 3253.00,800
3246,11:45:58,$ 3252.49,100
3247,11:45:35,$ 3251.565,100
3248,11:45:03,$ 3252.49,100
3249,11:45:03,$ 3252.51,100
3251,11:44:56,$ 3252.24,100
3252,11:44:56,$ 3251.98,100
3253,11:44:50,$ 3251.95,100
3254,11:44:46,$ 3250.67,100
3255,11:44:42,$ 3251.745,100
3256,11:43:51,$ 3252.40,100
3257,11:42:53,$ 3253.17,100
3258,11:42:28,$ 3252.76,100
3259,11:41:56,$ 3253.695,100
3260,11:41:31,$ 3253.92,100
3261,11:41:31,$ 3253.92,100
3262,11:41:23,$ 3254.00,250
3263,11:41:13,$ 3254.00,100
3264,11:41:13,$ 3254.00,100
3265,11:41:13,$ 3254.00,168
3266,11:41:13,$ 3254.00,150
3267,11:41:01,$ 3254.00,100
3268,11:40:47,$ 3254.00,300
3269,11:40:47,$ 3254.00,138
3270,11:40:47,$ 3253.95,100
3272,11:40:41,$ 3253.11,100
3273,11:40:32,$ 3253.00,100
3274,11:40:32,$ 3253.00,242
3275,11:40:32,$ 3253.00,202
3276,11:40:32,$ 3253.00,199
3277,11:40:32,$ 3253.00,157
3278,11:40:20,$ 3252.31,100
3279,11:39:55,$ 3251.50,100
3280,11:39:43,$ 3250.53,100
3281,11:39:30,$ 3249.71,100
3282,11:39:19,$ 3249.11,100
3283,11:39:16,$ 3249.90,100
3284,11:38:58,$ 3250.18,100
3285,11:38:36,$ 3250.30,100
3286,11:38:16,$ 3250.14,100
3287,11:38:03,$ 3251.00,100
3288,11:38:03,$ 3251.00,100
3289,11:37:39,$ 3250.17,100
3290,11:37:26,$ 3249.75,600
3291,11:36:57,$ 3249.38,100
3293,11:36:55,$ 3249.34,100
3294,11:36:18,$ 3249.50,200
3295,11:35:46,$ 3249.35,100
3296,11:34:50,$ 3249.42,100
3297,11:34:50,$ 3249.50,100
3298,11:34:43,$ 3249.00,100
3299,11:34:29,$ 3249.03,100
3300,11:34:05,$ 3249.66,100
3301,11:33:51,$ 3248.65,100
3302,11:33:18,$ 3249.14,100
3303,11:33:16,$ 3249.00,100
3304,11:33:14,$ 3248.70,100
3305,11:33:14,$ 3248.75,100
3306,11:33:14,$ 3248.75,100
3307,11:32:35,$ 3248.8163,207
3308,11:32:35,$ 3248.868,223
3309,11:32:23,$ 3248.60,100
3310,11:32:14,$ 3247.515,100
3311,11:32:12,$ 3247.60,100
3312,11:31:57,$ 3248.45,100
3314,11:31:54,$ 3247.44,100
3315,11:31:54,$ 3247.62,100
3316,11:31:54,$ 3247.80,100
3317,11:31:48,$ 3247.19,100
3318,11:31:13,$ 3246.065,100
3319,11:31:13,$ 3246.02,100
3320,11:31:08,$ 3245.31,100
3321,11:31:08,$ 3245.28,100
3322,11:31:08,$ 3246.00,100
3323,11:31:08,$ 3246.00,102
3324,11:31:08,$ 3246.00,100
3325,11:31:08,$ 3246.06,100
3326,11:31:08,$ 3246.01,100
3327,11:31:08,$ 3246.00,235
3328,11:30:59,$ 3247.17,100
3330,12:29:04,$ 3253.21,129
3331,12:28:40,$ 3252.785,100
3332,12:27:30,$ 3252.50,250
3333,12:26:37,$ 3252.42,100
3334,12:25:26,$ 3252.65,100
3335,12:25:14,$ 3251.545,100
3336,12:24:33,$ 3251.94,100
3337,12:24:33,$ 3251.73,100
3338,12:24:31,$ 3250.56,100
3339,12:24:24,$ 3251.52,100
3340,12:23:56,$ 3251.405,100
3341,12:23:48,$ 3250.665,100
3342,12:23:45,$ 3251.26,100
3343,12:23:33,$ 3251.22,100
3344,12:23:33,$ 3252.01,100
3345,12:23:33,$ 3252.00,285
3346,12:23:33,$ 3252.00,192
3347,12:23:33,$ 3252.00,251
3348,12:23:33,$ 3252.00,110
3349,12:23:32,$ 3252.08,100
3351,12:23:20,$ 3253.25,200
3352,12:23:19,$ 3253.19,113
3353,12:23:18,$ 3252.69,100
3354,12:22:30,$ 3253.19,200
3355,12:22:19,$ 3252.69,100
3356,12:22:09,$ 3253.09,100
3357,12:22:05,$ 3253.085,100
3358,12:22:03,$ 3253.075,100
3359,12:21:54,$ 3253.72,100
3360,12:21:44,$ 3253.29,100
3361,12:21:22,$ 3253.09,100
3362,12:21:12,$ 3253.565,100
3363,12:20:52,$ 3254.28,100
3364,12:20:35,$ 3254.36,100
3365,12:20:31,$ 3254.99,200
3366,12:20:31,$ 3254.985,325
3367,12:20:30,$ 3254.895,100
3368,12:20:30,$ 3254.895,100
3369,12:20:24,$ 3254.875,325
3370,12:19:56,$ 3255.02,100
3372,12:19:52,$ 3255.28,100
3373,12:19:05,$ 3256.90,100
3374,12:17:26,$ 3256.455,100
3375,12:16:56,$ 3256.155,100
3376,12:16:42,$ 3256.135,100
3377,12:16:13,$ 3255.63,100
3378,12:16:13,$ 3255.933,150
3379,12:16:11,$ 3255.66,100
3380,12:16:07,$ 3256.24,100
3381,12:16:07,$ 3256.24,100
3382,12:16:07,$ 3256.26,100
3383,12:16:07,$ 3256.25,100
3384,12:15:51,$ 3256.10,100
3385,12:15:42,$ 3256.08,100
3386,12:15:39,$ 3256.79,100
3387,12:15:33,$ 3256.98,100
3388,12:15:30,$ 3257.14,100
3389,12:15:24,$ 3258.18,100
3390,12:15:24,$ 3257.61,100
3391,12:15:24,$ 3257.64,100
3393,12:15:24,$ 3257.69,100
3394,12:15:24,$ 3258.11,100
3395,12:15:16,$ 3256.46,100
3396,12:15:07,$ 3255.12,100
3397,12:14:54,$ 3255.18,100
3398,12:14:27,$ 3255.24,100
3399,12:14:15,$ 3255.08,105
3400,12:12:45,$ 3255.40,100
3401,12:11:36,$ 3257.00,100
3402,12:11:16,$ 3256.57,100
3403,12:11:08,$ 3256.96,100
3404,12:10:28,$ 3256.58,100
3405,12:10:16,$ 3256.9599,400
3406,12:10:09,$ 3255.99,100
3407,12:10:06,$ 3255.45,100
3408,12:09:50,$ 3254.82,100
3409,12:09:50,$ 3254.87,100
3410,12:08:59,$ 3252.92,100
3411,12:08:58,$ 3252.33,100
3412,12:08:51,$ 3252.34,190
3414,12:08:45,$ 3253.09,100
3415,12:08:42,$ 3253.185,100
3416,12:08:41,$ 3253.20,100
3417,12:08:41,$ 3253.20,100
3418,12:08:41,$ 3253.6011,307
3419,12:08:41,$ 3253.7211,100
3420,12:08:41,$ 3253.29,100
3421,12:08:41,$ 3253.7011,100
3422,12:08:41,$ 3253.7011,100
3423,12:08:41,$ 3253.7911,100
3424,12:08:41,$ 3253.22,100
3425,12:08:34,$ 3254.045,100
3426,12:08:30,$ 3253.91,100
3427,12:08:30,$ 3254.00,100
3428,12:08:01,$ 3254.7839,100
3429,12:07:56,$ 3254.00,100
3430,12:07:45,$ 3254.83,100
3431,12:07:41,$ 3255.145,100
3432,12:07:40,$ 3255.145,100
3433,12:07:27,$ 3255.06,100
3435,12:07:22,$ 3255.65,100
3436,12:07:11,$ 3254.93,100
3437,12:07:11,$ 3255.14,100
3438,12:07:03,$ 3255.12,100
3439,12:06:44,$ 3256.17,100
3440,12:06:16,$ 3256.185,100
3441,12:06:15,$ 3256.14,100
3442,12:06:15,$ 3256.96,100
3443,12:05:19,$ 3256.37,100
3444,12:05:19,$ 3256.38,100
3445,12:05:08,$ 3255.88,100
3446,12:05:08,$ 3255.96,100
3447,12:04:07,$ 3256.67,100
3448,12:03:57,$ 3255.89,100
3449,12:03:54,$ 3256.15,100
3450,12:03:52,$ 3256.54,100
3451,12:03:52,$ 3256.82,100
3452,12:03:50,$ 3256.85,100
3453,12:03:29,$ 3257.61,100
3454,12:03:20,$ 3258.275,100
3456,12:03:19,$ 3258.755,100
3457,12:03:19,$ 3258.00,100
3458,12:03:19,$ 3257.50,259
3459,12:03:19,$ 3257.685,200
3460,12:03:19,$ 3257.685,100
3461,12:03:18,$ 3256.78,100
3462,12:03:16,$ 3256.77,100
3463,12:03:15,$ 3257.08,100
3464,12:03:06,$ 3256.91,100
3465,12:03:06,$ 3256.86,100
3466,12:03:06,$ 3256.94,100
3467,12:03:06,$ 3256.85,100
3468,12:03:06,$ 3256.83,100
3469,12:02:55,$ 3256.09,100
3470,12:02:46,$ 3255.60,100
3471,12:02:39,$ 3255.48,100
3472,12:02:24,$ 3255.11,100
3473,12:02:24,$ 3255.15,100
3474,12:02:05,$ 3254.32,100
3475,12:02:03,$ 3254.32,100
3477,12:02:03,$ 3254.32,100
3478,12:01:41,$ 3254.53,100
3479,12:01:31,$ 3254.92,100
3480,12:01:24,$ 3254.96,100
3481,12:01:11,$ 3256.09,100
3482,12:00:58,$ 3254.69,100
3483,12:00:47,$ 3253.195,100
3484,12:00:39,$ 3255.09,100
3485,12:00:39,$ 3255.10,100
3486,12:00:39,$ 3255.338,100
3487,12:00:34,$ 3255.69,100
3488,12:00:16,$ 3255.69,100
3489,12:00:11,$ 3255.585,100
3491,12:59:55,$ 3254.47,100
3492,12:59:45,$ 3254.49,100
3493,12:59:45,$ 3253.98,100
3494,12:59:45,$ 3253.931,300
3495,12:59:45,$ 3253.68,100
3496,12:59:20,$ 3252.24,100
3497,12:58:11,$ 3252.50,100
3498,12:57:46,$ 3253.2899,100
3499,12:57:45,$ 3252.34,100
3500,12:57:31,$ 3252.32,100
3501,12:55:55,$ 3251.88,100
3502,12:55:55,$ 3251.87,100
3503,12:55:51,$ 3252.45,100
3504,12:54:28,$ 3252.09,100
3505,12:52:51,$ 3251.2628,495
3506,12:52:48,$ 3252.29,100
3507,12:52:45,$ 3252.238,139
3508,12:52:41,$ 3252.53,100
3509,12:52:19,$ 3252.26,285
3510,12:51:48,$ 3251.46,344
3512,12:51:48,$ 3251.46,122
3513,12:51:48,$ 3251.46,108
3514,12:51:48,$ 3251.98,100
3515,12:51:06,$ 3251.71,100
3516,12:50:42,$ 3252.36,100
3517,12:50:36,$ 3252.17,100
3518,12:50:09,$ 3251.46,100
3519,12:50:04,$ 3250.325,100
3520,12:49:49,$ 3250.31,100
3521,12:49:40,$ 3250.36,100
3522,12:49:40,$ 3250.58,100
3523,12:49:40,$ 3250.59,100
3524,12:49:30,$ 3249.26,100
3525,12:49:18,$ 3250.13,100
3526,12:49:15,$ 3250.07,100
3527,12:49:14,$ 3250.36,100
3528,12:49:14,$ 3250.38,100
3529,12:49:14,$ 3250.38,100
3530,12:49:14,$ 3250.38,112
3531,12:49:14,$ 3250.38,110
3533,12:48:51,$ 3250.99,100
3534,12:48:14,$ 3251.94,100
3535,12:48:14,$ 3251.95,100
3536,12:48:14,$ 3251.95,100
3537,12:48:14,$ 3251.95,188
3538,12:48:06,$ 3251.58,100
3539,12:47:56,$ 3251.57,100
3540,12:47:41,$ 3251.15,100
3541,12:47:38,$ 3251.25,100
3542,12:47:29,$ 3251.85,100
3543,12:47:28,$ 3250.99,100
3544,12:47:28,$ 3251.00,100
3545,12:46:51,$ 3251.83,100
3546,12:46:50,$ 3250.98,100
3547,12:46:48,$ 3250.555,100
3548,12:46:48,$ 3250.88,100
3549,12:46:25,$ 3250.095,100
3550,12:46:19,$ 3250.94,100
3551,12:46:12,$ 3250.14,100
3552,12:46:12,$ 3250.15,100
3554,12:46:12,$ 3250.13,100
3555,12:46:12,$ 3250.13,100
3556,12:46:12,$ 3250.13,100
3557,12:46:12,$ 3250.13,100
3558,12:45:40,$ 3250.98,100
3559,12:45:40,$ 3250.74,100
3560,12:45:40,$ 3250.74,100
3561,12:45:32,$ 3250.74,100
3562,12:45:32,$ 3250.395,227
3563,12:45:17,$ 3250.385,100
3564,12:45:07,$ 3250.38,100
3565,12:45:01,$ 3250.04,100
3566,12:44:47,$ 3250.645,100
3567,12:44:43,$ 3250.645,100
3568,12:44:41,$ 3250.645,100
3569,12:44:32,$ 3250.6326,249
3570,12:44:26,$ 3250.495,100
3571,12:43:59,$ 3249.735,100
3572,12:43:50,$ 3250.365,100
3573,12:43:29,$ 3249.435,100
3575,12:43:21,$ 3249.30,100
3576,12:43:04,$ 3250.135,100
3577,12:42:57,$ 3250.73,100
3578,12:42:57,$ 3250.71,100
3579,12:42:57,$ 3251.01,100
3580,12:42:34,$ 3250.765,100
3581,12:42:31,$ 3250.78,100
3582,12:42:25,$ 3250.84,103
3583,12:42:17,$ 3250.61,100
3584,12:41:43,$ 3251.17,100
3585,12:41:43,$ 3251.57,100
3586,12:41:36,$ 3251.51,100
3587,12:41:35,$ 3251.925,100
3588,12:41:34,$ 3251.63,100
3589,12:41:13,$ 3251.56,100
3590,12:40:03,$ 3252.76,100
3591,12:40:03,$ 3252.76,100
3592,12:39:55,$ 3252.18,100
3593,12:39:55,$ 3252.23,102
3594,12:39:13,$ 3251.50,100
3596,12:38:48,$ 3251.05,100
3597,12:38:47,$ 3251.21,100
3598,12:38:24,$ 3251.07,100
3599,12:38:24,$ 3251.75,100
3600,12:38:24,$ 3251.57,200
3601,12:38:12,$ 3251.75,100
3602,12:37:47,$ 3251.9717,149
3603,12:37:02,$ 3251.20,100
3604,12:36:41,$ 3250.65,100
3605,12:36:05,$ 3251.05,100
3606,12:35:43,$ 3251.36,100
3607,12:35:41,$ 3251.13,100
3608,12:35:41,$ 3251.20,100
3609,12:35:37,$ 3251.22,100
3610,12:35:37,$ 3251.19,100
3611,12:35:34,$ 3251.645,100
3612,12:35:34,$ 3251.61,500
3613,12:35:28,$ 3251.60,100
3614,12:35:05,$ 3251.645,100
3615,12:35:02,$ 3251.585,100
3617,12:34:42,$ 3251.53,100
3618,12:33:55,$ 3251.755,200
3619,12:33:21,$ 3252.67,500
3620,12:33:02,$ 3250.545,100
3621,12:32:58,$ 3250.55,100
3622,12:32:53,$ 3250.57,100
3623,12:32:53,$ 3250.57,100
3624,12:32:53,$ 3250.57,100
3625,12:32:51,$ 3250.50,100
3626,12:32:51,$ 3250.50,100
3627,12:32:49,$ 3250.69,100
3628,12:32:49,$ 3250.51,100
3629,12:32:48,$ 3250.51,100
3630,12:32:48,$ 3250.855,100
3631,12:32:48,$ 3250.50,100
3632,12:32:48,$ 3250.51,100
3633,12:32:48,$ 3250.71,100
3634,12:32:48,$ 3250.71,100
3635,12:32:48,$ 3250.51,100
3636,12:32:48,$ 3250.51,200
3638,12:32:48,$ 3250.52,100
3639,12:32:48,$ 3250.875,100
3640,12:32:48,$ 3250.87,100
3641,12:32:48,$ 3250.865,100
3642,12:32:48,$ 3251.23,100
3643,12:32:48,$ 3251.21,100
3644,12:32:48,$ 3251.04,100
3645,12:32:48,$ 3251.65,350
3646,12:32:46,$ 3251.65,100
3647,12:32:15,$ 3251.45,100
3648,12:32:13,$ 3251.26,100
3649,12:32:00,$ 3251.96,100
3650,12:32:00,$ 3251.97,100
3651,12:31:54,$ 3251.45,100
3652,12:31:54,$ 3251.44,100
3653,12:31:06,$ 3253.15,100
3654,12:30:39,$ 3253.16,100
3655,12:30:25,$ 3253.20,100
3656,12:30:24,$ 3253.97,100
3657,12:30:04,$ 3253.09,100
3659,13:29:04,$ 3252.17,129
3660,13:28:57,$ 3251.585,100
3661,13:28:51,$ 3251.595,100
3662,13:28:46,$ 3251.57,146
3663,13:28:42,$ 3251.96,100
3664,13:28:17,$ 3251.20,100
3665,13:28:15,$ 3251.19,100
3666,13:27:58,$ 3251.27,100
3667,13:27:44,$ 3252.06,100
3668,13:27:38,$ 3252.025,100
3669,13:27:18,$ 3251.60,100
3670,13:27:18,$ 3251.56,100
3671,13:27:18,$ 3251.56,100
3672,13:27:18,$ 3251.58,100
3673,13:27:18,$ 3251.61,100
3674,13:27:18,$ 3251.61,100
3675,13:27:18,$ 3251.62,200
3676,13:27:18,$ 3251.72,100
3677,13:27:18,$ 3251.82,100
3678,13:27:04,$ 3250.655,100
3680,13:26:56,$ 3251.15,100
3681,13:26:56,$ 3251.16,100
3682,13:26:53,$ 3251.00,322
3683,13:26:53,$ 3251.00,169
3684,13:26:52,$ 3251.59,100
3685,13:26:36,$ 3251.675,100
3686,13:26:31,$ 3251.68,100
3687,13:26:18,$ 3252.30,100
3688,13:26:18,$ 3252.30,100
3689,13:26:17,$ 3252.29,100
3690,13:26:17,$ 3252.29,100
3691,13:26:17,$ 3252.29,100
3692,13:26:17,$ 3252.29,100
3693,13:26:12,$ 3252.27,100
3694,13:26:12,$ 3252.28,100
3695,13:26:12,$ 3252.32,100
3696,13:26:12,$ 3252.43,100
3697,13:25:12,$ 3252.385,100
3698,13:25:00,$ 3253.32,100
3699,13:23:05,$ 3252.55,100
3701,13:20:45,$ 3253.17,100
3702,13:20:41,$ 3253.16,100
3703,13:20:41,$ 3253.16,110
3704,13:20:40,$ 3253.762,100
3705,13:20:38,$ 3253.21,100
3706,13:19:45,$ 3253.87,100
3707,13:19:25,$ 3254.3959,100
3708,13:19:00,$ 3254.61,100
3709,13:18:36,$ 3254.49,100
3710,13:18:08,$ 3254.62,100
3711,13:18:07,$ 3254.62,100
3712,13:18:04,$ 3254.25,469
3713,13:18:04,$ 3254.25,153
3714,13:18:04,$ 3254.25,100
3715,13:18:00,$ 3253.84,100
3716,13:15:16,$ 3252.84,200
3717,13:15:09,$ 3252.72,100
3718,13:15:09,$ 3252.9425,100
3719,13:15:09,$ 3252.72,100
3720,13:15:09,$ 3252.72,100
3722,13:15:09,$ 3252.72,100
3723,13:15:09,$ 3252.72,100
3724,13:14:30,$ 3253.99,100
3725,13:13:32,$ 3253.66,100
3726,13:12:29,$ 3253.20,100
3727,13:11:37,$ 3251.50,100
3728,13:11:33,$ 3251.998,100
3729,13:11:33,$ 3252.15,100
3730,13:10:45,$ 3251.69,100
3731,13:10:23,$ 3251.8008,154
3732,13:09:34,$ 3251.2219,124
3733,13:09:09,$ 3251.4104,181
3734,13:08:40,$ 3252.53,110
3735,13:08:36,$ 3252.82,100
3736,13:07:40,$ 3253.005,100
3737,13:06:25,$ 3252.16,100
3738,13:06:00,$ 3252.42,100
3739,13:06:00,$ 3252.33,100
3740,13:05:48,$ 3251.99,100
3741,13:05:34,$ 3251.6057,200
3743,13:05:33,$ 3252.38,100
3744,13:04:36,$ 3253.89,100
3745,13:01:21,$ 3253.12,100
3746,13:01:01,$ 3254.31,100
3747,13:00:09,$ 3255.18,100
3748,13:00:07,$ 3255.48,130
3750,13:59:31,$ 3251.79,101
3751,13:59:29,$ 3251.89,100
3752,13:57:02,$ 3251.28,100
3753,13:56:33,$ 3251.91,100
3754,13:56:25,$ 3251.13,100
3755,13:56:11,$ 3251.20,100
3756,13:56:08,$ 3251.69,100
3757,13:56:03,$ 3251.44,100
3758,13:55:31,$ 3251.615,100
3759,13:55:14,$ 3251.64,100
3760,13:54:24,$ 3251.1225,100
3761,13:54:21,$ 3251.485,100
3762,13:54:20,$ 3251.34,100
3763,13:54:13,$ 3251.35,100
3764,13:53:59,$ 3251.35,100
3765,13:53:59,$ 3251.27,100
3766,13:53:52,$ 3251.825,400
3767,13:53:32,$ 3251.57,100
3768,13:53:29,$ 3251.48,100
3769,13:53:07,$ 3251.505,100
3771,13:52:52,$ 3251.71,100
3772,13:52:52,$ 3251.72,100
3773,13:52:21,$ 3250.88,100
3774,13:51:58,$ 3251.235,100
3775,13:51:25,$ 3251.685,100
3776,13:51:25,$ 3251.68,100
3777,13:51:09,$ 3251.675,100
3778,13:51:03,$ 3251.90,100
3779,13:50:49,$ 3251.75,100
3780,13:50:48,$ 3251.725,100
3781,13:50:45,$ 3251.58,100
3782,13:50:44,$ 3252.055,200
3783,13:50:43,$ 3251.83,100
3784,13:50:43,$ 3251.76,100
3785,13:50:43,$ 3252.135,200
3786,13:50:36,$ 3252.195,200
3787,13:50:36,$ 3252.195,200
3788,13:50:36,$ 3251.7707,403
3789,13:50:36,$ 3252.195,300
3790,13:50:36,$ 3252.195,200
3792,13:50:36,$ 3252.195,200
3793,13:50:29,$ 3252.185,100
3794,13:50:29,$ 3252.185,100
3795,13:50:07,$ 3251.60,320
3796,13:50:05,$ 3251.10,100
3797,13:49:59,$ 3251.00,100
3798,13:49:35,$ 3250.535,100
3799,13:49:00,$ 3250.81,100
3800,13:48:33,$ 3250.34,100
3801,13:48:33,$ 3250.34,100
3802,13:48:33,$ 3250.34,100
3803,13:48:19,$ 3249.635,100
3804,13:48:17,$ 3250.01,100
3805,13:48:12,$ 3250.00,100
3806,13:48:02,$ 3249.9667,500
3807,13:47:39,$ 3250.415,100
3808,13:47:22,$ 3250.58,100
3809,13:47:18,$ 3249.56,100
3810,13:46:54,$ 3249.29,100
3811,13:46:54,$ 3249.27,100
3813,13:46:33,$ 3248.29,100
3814,13:46:27,$ 3248.91,100
3815,13:45:32,$ 3249.092,499
3816,13:45:19,$ 3249.92,100
3817,13:44:20,$ 3249.025,100
3818,13:44:15,$ 3249.965,100
3819,13:44:14,$ 3249.46,100
3820,13:44:11,$ 3249.4613,100
3821,13:43:59,$ 3249.64,100
3822,13:43:49,$ 3249.74,100
3823,13:43:07,$ 3250.47,100
3824,13:43:07,$ 3250.25,100
3825,13:43:07,$ 3250.24,185
3826,13:41:42,$ 3249.49,100
3827,13:41:25,$ 3248.77,100
3828,13:41:21,$ 3249.50,154
3829,13:40:57,$ 3249.62,100
3830,13:40:53,$ 3250.265,100
3831,13:40:39,$ 3248.84,100
3832,13:40:35,$ 3249.63,100
3834,13:40:20,$ 3248.66,100
3835,13:40:03,$ 3250.32,100
3836,13:39:59,$ 3249.58,100
3837,13:39:59,$ 3249.63,100
3838,13:39:54,$ 3249.56,100
3839,13:39:26,$ 3249.17,100
3840,13:38:56,$ 3249.07,100
3841,13:38:56,$ 3249.07,100
3842,13:38:56,$ 3249.08,100
3843,13:38:55,$ 3247.99,100
3844,13:38:52,$ 3248.05,100
3845,13:38:51,$ 3247.99,100
3846,13:38:48,$ 3248.015,100
3847,13:38:45,$ 3247.98,100
3848,13:38:41,$ 3248.31,100
3849,13:38:35,$ 3248.36,100
3850,13:38:32,$ 3249.51,100
3851,13:38:14,$ 3248.13,105
3852,13:38:09,$ 3249.32,100
3853,13:38:07,$ 3249.06,100
3855,13:37:55,$ 3249.22,100
3856,13:37:53,$ 3250.01,100
3857,13:37:52,$ 3250.02,100
3858,13:37:51,$ 3250.04,100
3859,13:37:51,$ 3250.05,100
3860,13:37:51,$ 3249.70,100
3861,13:37:50,$ 3248.88,100
3862,13:37:50,$ 3249.40,100
3863,13:37:50,$ 3249.43,100
3864,13:37:50,$ 3249.57,109
3865,13:37:49,$ 3249.66,100
3866,13:37:49,$ 3249.67,100
3867,13:37:48,$ 3250.06,100
3868,13:37:48,$ 3249.97,100
3869,13:37:47,$ 3250.12,100
3870,13:37:47,$ 3250.08,110
3871,13:37:47,$ 3250.00,100
3872,13:37:47,$ 3250.00,100
3873,13:37:47,$ 3250.00,100
3874,13:37:00,$ 3251.57,100
3876,13:36:05,$ 3251.20,100
3877,13:34:32,$ 3250.01,100
3878,13:34:22,$ 3250.445,100
3879,13:34:22,$ 3250.73,100
3880,13:34:20,$ 3250.92,100
3881,13:33:40,$ 3251.68,100
3882,13:33:40,$ 3251.66,100
3883,13:33:40,$ 3251.66,100
3884,13:33:40,$ 3251.67,100
3885,13:33:34,$ 3251.0867,149
3886,13:33:28,$ 3250.7128,119
3887,13:33:06,$ 3250.995,100
3888,13:33:06,$ 3250.88,100
3889,13:33:02,$ 3251.19,100
3890,13:32:18,$ 3250.7401,500
3891,13:32:13,$ 3250.96,100
3892,13:32:13,$ 3250.96,100
3893,13:32:13,$ 3250.96,100
3894,13:30:13,$ 3251.20,100
