,NLS Time (ET),NLS Price,NLS Share Volume
1,09:59:59,$ 3423.905,100
2,09:59:59,$ 3424.245,200
3,09:59:59,$ 3424.245,100
4,09:59:58,$ 3424.7568,130
5,09:59:45,$ 3426.23,100
6,09:59:29,$ 3427.26,100
7,09:59:18,$ 3427.85,424
8,09:59:18,$ 3428.42,100
9,09:59:18,$ 3428.44,100
10,09:59:18,$ 3427.94,100
11,09:59:17,$ 3428.42,"1,000"
12,09:59:16,$ 3427.565,100
13,09:59:15,$ 3428.36,200
14,09:59:14,$ 3427.905,200
15,09:59:11,$ 3428.71,100
16,09:59:06,$ 3427.7291,200
17,09:59:02,$ 3428.64,100
18,09:59:00,$ 3427.96,100
19,09:58:55,$ 3428.40,100
20,09:58:46,$ 3426.95,100
22,09:58:46,$ 3428.4289,966
23,09:58:45,$ 3428.425,400
24,09:58:45,$ 3428.53,100
25,09:58:45,$ 3427.96,100
26,09:58:45,$ 3428.53,100
27,09:58:44,$ 3428.91,100
28,09:58:44,$ 3428.97,100
29,09:58:44,$ 3428.965,100
30,09:58:38,$ 3427.95,100
31,09:58:34,$ 3428.875,100
32,09:58:29,$ 3429.26,100
33,09:58:28,$ 3429.86,100
34,09:58:28,$ 3429.57,100
35,09:58:27,$ 3429.9999,100
36,09:58:25,$ 3429.26,100
37,09:58:18,$ 3428.215,200
38,09:58:18,$ 3428.9608,200
39,09:58:09,$ 3427.45,100
40,09:58:05,$ 3427.425,100
41,09:58:04,$ 3427.00,100
43,09:58:03,$ 3426.93,100
44,09:58:00,$ 3425.885,300
45,09:57:57,$ 3426.245,100
46,09:57:57,$ 3426.28,100
47,09:57:56,$ 3426.26,100
48,09:57:51,$ 3425.44,100
49,09:57:46,$ 3425.99,100
50,09:57:44,$ 3425.43,250
51,09:57:43,$ 3425.43,100
52,09:57:43,$ 3425.43,100
53,09:57:40,$ 3425.65,101
54,09:57:35,$ 3426.135,100
55,09:57:34,$ 3427.30,250
56,09:57:33,$ 3426.60,100
57,09:57:31,$ 3426.205,100
58,09:57:25,$ 3426.055,100
59,09:57:25,$ 3425.9077,100
60,09:57:24,$ 3426.4923,100
61,09:57:24,$ 3426.00,187
62,09:57:22,$ 3425.49,100
64,09:57:22,$ 3425.50,100
65,09:57:16,$ 3424.76,100
66,09:57:15,$ 3424.75,120
67,09:57:10,$ 3424.77,100
68,09:57:10,$ 3424.77,100
69,09:57:10,$ 3424.77,100
70,09:57:10,$ 3424.77,100
71,09:57:10,$ 3424.77,100
72,09:57:07,$ 3424.125,275
73,09:56:58,$ 3424.3971,500
74,09:56:58,$ 3423.929,116
75,09:56:58,$ 3423.93,100
76,09:56:56,$ 3424.519,"1,000"
77,09:56:54,$ 3424.575,100
78,09:56:40,$ 3425.31,100
79,09:56:39,$ 3425.301,250
80,09:56:34,$ 3424.455,100
81,09:56:31,$ 3425.4225,339
82,09:56:31,$ 3425.4225,388
83,09:56:30,$ 3425.93,107
85,09:56:30,$ 3425.92,100
86,09:56:30,$ 3423.3994,100
87,09:56:29,$ 3424.0297,100
88,09:56:29,$ 3424.03,100
89,09:56:28,$ 3424.3682,878
90,09:56:26,$ 3425.1519,200
91,09:56:00,$ 3426.592,100
92,09:55:41,$ 3427.385,100
93,09:55:34,$ 3428.865,100
94,09:55:34,$ 3428.865,100
95,09:55:34,$ 3428.865,100
96,09:55:34,$ 3428.39,292
97,09:55:34,$ 3428.865,100
98,09:55:34,$ 3428.865,100
99,09:55:34,$ 3427.925,100
100,09:55:34,$ 3427.38,100
101,09:55:34,$ 3427.87,100
102,09:55:34,$ 3427.87,100
103,09:55:34,$ 3427.975,100
104,09:55:34,$ 3427.46,100
106,09:55:34,$ 3427.84,100
107,09:55:34,$ 3428.00,200
108,09:55:34,$ 3428.00,196
109,09:55:34,$ 3428.00,100
110,09:55:34,$ 3427.95,100
111,09:55:34,$ 3427.95,100
112,09:55:32,$ 3426.78,129
113,09:55:29,$ 3425.5898,200
114,09:55:29,$ 3426.0026,100
115,09:55:24,$ 3427.515,100
116,09:55:24,$ 3427.03,100
117,09:55:24,$ 3427.475,100
118,09:55:20,$ 3426.95,100
119,09:55:20,$ 3427.01,100
120,09:55:16,$ 3427.3211,100
121,09:55:13,$ 3427.065,250
122,09:55:10,$ 3427.03,100
123,09:55:10,$ 3426.97,100
124,09:55:10,$ 3426.97,949
125,09:55:10,$ 3427.03,100
127,09:55:10,$ 3427.03,100
128,09:55:10,$ 3427.03,100
129,09:55:07,$ 3427.0301,"1,000"
130,09:55:06,$ 3427.075,200
131,09:55:04,$ 3427.00,100
132,09:55:03,$ 3426.24,100
133,09:55:03,$ 3426.19,100
134,09:55:02,$ 3426.82,100
135,09:55:01,$ 3426.00,100
136,09:54:59,$ 3426.00,100
137,09:54:56,$ 3424.555,100
138,09:54:54,$ 3424.46,100
139,09:54:50,$ 3424.955,100
140,09:54:50,$ 3424.955,100
141,09:54:50,$ 3424.925,100
142,09:54:50,$ 3425.00,100
143,09:54:49,$ 3424.3032,650
144,09:54:40,$ 3424.575,100
145,09:54:40,$ 3425.20,100
146,09:54:33,$ 3424.00,200
148,09:54:33,$ 3424.32,124
149,09:54:32,$ 3424.97,100
150,09:54:22,$ 3425.30,100
151,09:54:11,$ 3425.15,100
152,09:54:09,$ 3424.6635,200
153,09:54:08,$ 3425.30,200
154,09:54:06,$ 3424.99,100
155,09:54:02,$ 3424.99,100
156,09:54:01,$ 3425.28,100
157,09:54:00,$ 3425.25,100
158,09:54:00,$ 3424.805,100
159,09:53:56,$ 3424.785,100
160,09:53:53,$ 3424.735,200
161,09:53:47,$ 3424.945,100
162,09:53:47,$ 3424.915,100
163,09:53:46,$ 3424.22,100
164,09:53:40,$ 3424.785,100
165,09:53:40,$ 3424.80,100
166,09:53:37,$ 3423.775,100
167,09:53:34,$ 3424.59,100
169,09:53:32,$ 3424.245,100
170,09:53:28,$ 3424.5347,100
171,09:53:28,$ 3423.61,100
172,09:53:25,$ 3423.38,100
173,09:53:24,$ 3424.975,100
174,09:53:24,$ 3424.975,100
175,09:53:24,$ 3424.77,100
176,09:53:24,$ 3424.14,100
177,09:53:24,$ 3423.985,100
178,09:53:24,$ 3423.975,100
179,09:53:23,$ 3425.00,347
180,09:53:23,$ 3425.00,103
181,09:53:23,$ 3424.78,100
182,09:53:22,$ 3423.14,100
183,09:53:22,$ 3423.03,100
184,09:53:22,$ 3422.86,100
185,09:53:22,$ 3422.43,100
186,09:53:21,$ 3422.80,500
187,09:53:20,$ 3422.80,100
188,09:53:16,$ 3423.13,100
190,09:53:14,$ 3422.46,100
191,09:53:13,$ 3423.17,100
192,09:53:13,$ 3422.46,100
193,09:53:10,$ 3422.80,100
194,09:53:10,$ 3423.00,100
195,09:53:02,$ 3422.89,137
196,09:53:01,$ 3422.64,100
197,09:53:00,$ 3422.845,100
198,09:52:59,$ 3423.33,100
199,09:52:55,$ 3422.82,100
200,09:52:52,$ 3422.805,100
201,09:52:48,$ 3423.00,821
202,09:52:48,$ 3423.00,200
203,09:52:48,$ 3423.00,100
204,09:52:44,$ 3422.9999,600
205,09:52:44,$ 3421.9295,292
206,09:52:44,$ 3421.73,100
207,09:52:44,$ 3421.73,100
208,09:52:44,$ 3421.78,100
209,09:52:42,$ 3421.17,"1,000"
211,09:52:38,$ 3421.7849,100
212,09:52:34,$ 3421.00,100
213,09:52:30,$ 3421.22,100
214,09:52:28,$ 3421.2925,100
215,09:52:27,$ 3421.13,100
216,09:52:25,$ 3421.1209,200
217,09:52:25,$ 3420.97,100
218,09:52:20,$ 3421.13,100
219,09:52:20,$ 3421.13,100
220,09:52:16,$ 3421.00,130
221,09:52:16,$ 3421.04,100
222,09:52:14,$ 3422.39,100
223,09:52:09,$ 3422.94,100
224,09:52:09,$ 3423.00,157
225,09:52:09,$ 3422.99,100
226,09:52:07,$ 3421.86,100
227,09:52:02,$ 3422.562,100
228,09:52:02,$ 3422.554,100
229,09:52:02,$ 3422.37,100
230,09:52:02,$ 3422.41,100
232,09:52:02,$ 3422.42,100
233,09:52:02,$ 3422.47,100
234,09:52:01,$ 3422.175,100
235,09:51:57,$ 3422.185,100
236,09:51:55,$ 3422.05,100
237,09:51:52,$ 3422.14,100
238,09:51:50,$ 3422.58,100
239,09:51:46,$ 3422.69,100
240,09:51:46,$ 3422.68,100
241,09:51:40,$ 3422.29,100
242,09:51:37,$ 3421.40,400
243,09:51:37,$ 3421.55,100
244,09:51:36,$ 3421.875,100
245,09:51:32,$ 3422.355,"1,000"
246,09:51:32,$ 3421.9954,"1,000"
247,09:51:31,$ 3423.44,"1,000"
248,09:51:30,$ 3422.14,100
249,09:51:29,$ 3422.99,100
250,09:51:24,$ 3422.89,100
251,09:51:21,$ 3423.00,200
253,09:51:21,$ 3422.75,198
254,09:51:14,$ 3421.99,100
255,09:51:13,$ 3423.4037,100
256,09:51:12,$ 3422.39,100
257,09:51:12,$ 3422.375,100
258,09:51:00,$ 3421.06,100
259,09:50:57,$ 3420.00,106
260,09:50:56,$ 3420.53,100
261,09:50:54,$ 3420.525,300
262,09:50:50,$ 3420.69,100
263,09:50:49,$ 3420.029,100
264,09:50:45,$ 3420.8618,100
265,09:50:40,$ 3420.169,250
266,09:50:39,$ 3420.56,150
267,09:50:38,$ 3420.16,100
268,09:50:30,$ 3419.6901,200
269,09:50:28,$ 3420.60,100
270,09:50:26,$ 3421.4427,500
271,09:50:26,$ 3420.45,100
272,09:50:24,$ 3421.90,"2,000"
274,09:50:22,$ 3420.56,100
275,09:50:22,$ 3420.75,100
276,09:50:19,$ 3420.88,100
277,09:50:19,$ 3420.62,100
278,09:50:15,$ 3420.235,100
279,09:50:15,$ 3420.9999,100
280,09:50:13,$ 3420.04,100
281,09:50:12,$ 3420.79,100
282,09:50:12,$ 3420.95,100
283,09:50:12,$ 3420.40,100
284,09:50:07,$ 3419.89,100
285,09:50:06,$ 3420.405,100
286,09:50:01,$ 3419.33,100
287,09:50:00,$ 3420.00,100
288,09:50:00,$ 3420.00,249
289,09:49:56,$ 3419.496,250
290,09:49:55,$ 3419.50,100
291,09:49:53,$ 3418.96,100
292,09:49:49,$ 3418.48,100
293,09:49:42,$ 3417.57,100
295,09:49:42,$ 3418.25,100
296,09:49:42,$ 3418.37,100
297,09:49:42,$ 3418.37,100
298,09:49:42,$ 3418.49,200
299,09:49:42,$ 3418.37,100
300,09:49:42,$ 3418.27,100
301,09:49:42,$ 3417.84,100
302,09:49:42,$ 3418.95,100
303,09:49:42,$ 3418.94,200
304,09:49:42,$ 3419.15,100
305,09:49:42,$ 3417.54,100
306,09:49:21,$ 3417.40,100
307,09:49:20,$ 3417.40,100
308,09:49:09,$ 3418.46,339
309,09:49:09,$ 3418.00,200
310,09:49:09,$ 3418.15,100
311,09:49:09,$ 3417.63,100
312,09:49:03,$ 3416.58,100
313,09:49:00,$ 3416.26,100
314,09:48:57,$ 3417.9999,100
316,09:48:55,$ 3417.05,100
317,09:48:47,$ 3416.40,100
318,09:48:43,$ 3416.375,"1,000"
319,09:48:42,$ 3416.556,"1,000"
320,09:48:41,$ 3416.20,100
321,09:48:41,$ 3415.82,100
322,09:48:41,$ 3415.87,100
323,09:48:26,$ 3414.96,100
324,09:48:26,$ 3414.95,100
325,09:48:23,$ 3414.0101,"1,000"
326,09:48:21,$ 3415.1841,125
327,09:48:21,$ 3414.50,292
328,09:48:21,$ 3414.56,100
329,09:48:21,$ 3414.06,100
330,09:48:21,$ 3414.30,100
331,09:48:21,$ 3414.29,100
332,09:48:21,$ 3414.29,100
333,09:48:21,$ 3414.31,149
334,09:48:21,$ 3414.81,149
335,09:48:21,$ 3414.86,100
337,09:48:21,$ 3414.36,100
338,09:48:21,$ 3414.86,100
339,09:48:21,$ 3414.36,100
340,09:48:21,$ 3414.96,100
341,09:48:17,$ 3415.00,100
342,09:48:15,$ 3415.77,100
343,09:48:05,$ 3415.79,100
344,09:48:03,$ 3416.92,100
345,09:48:03,$ 3417.26,100
346,09:48:03,$ 3417.13,100
347,09:47:58,$ 3415.80,100
348,09:47:51,$ 3415.72,100
349,09:47:51,$ 3415.72,100
350,09:47:50,$ 3415.596,683
351,09:47:50,$ 3415.736,100
352,09:47:28,$ 3414.78,100
353,09:47:25,$ 3415.475,100
354,09:47:16,$ 3415.47,100
355,09:47:16,$ 3415.095,100
356,09:47:12,$ 3415.14,100
358,09:47:07,$ 3415.4107,150
359,09:47:01,$ 3417.1598,115
360,09:47:01,$ 3417.1598,198
361,09:47:01,$ 3417.1598,616
362,09:46:59,$ 3416.79,100
363,09:46:59,$ 3415.79,100
364,09:46:59,$ 3415.80,100
365,09:46:48,$ 3415.00,100
366,09:46:46,$ 3415.69,100
367,09:46:44,$ 3416.2048,296
368,09:46:43,$ 3415.69,100
369,09:46:35,$ 3416.03,100
370,09:46:34,$ 3416.03,380
371,09:46:32,$ 3417.01,100
372,09:46:28,$ 3415.955,100
373,09:46:19,$ 3415.65,100
374,09:46:16,$ 3416.26,100
375,09:46:09,$ 3416.86,100
376,09:46:09,$ 3417.12,100
377,09:46:09,$ 3417.32,100
379,09:46:09,$ 3417.26,100
380,09:46:09,$ 3417.56,100
381,09:46:08,$ 3417.4477,141
382,09:46:07,$ 3417.2001,205
383,09:46:06,$ 3417.48,100
384,09:46:05,$ 3418.22,250
385,09:45:58,$ 3416.04,100
386,09:45:58,$ 3416.04,900
387,09:45:58,$ 3416.125,100
388,09:45:57,$ 3415.2192,106
389,09:45:57,$ 3415.2192,272
390,09:45:57,$ 3415.85,100
391,09:45:57,$ 3416.00,200
392,09:45:57,$ 3415.99,100
393,09:45:57,$ 3416.78,100
394,09:45:56,$ 3417.245,"1,000"
395,09:45:44,$ 3416.946,200
396,09:45:43,$ 3417.785,100
397,09:45:41,$ 3417.305,100
398,09:45:40,$ 3417.675,100
400,09:45:38,$ 3417.71,100
401,09:45:34,$ 3418.35,100
402,09:45:30,$ 3416.81,100
403,09:45:29,$ 3416.50,100
404,09:45:27,$ 3417.07,100
405,09:45:12,$ 3416.06,100
406,09:45:08,$ 3417.05,100
407,09:45:07,$ 3416.04,100
408,09:45:06,$ 3417.06,100
409,09:45:04,$ 3417.70,100
410,09:45:03,$ 3417.71,100
411,09:45:03,$ 3417.87,100
412,09:45:02,$ 3417.80,100
413,09:44:59,$ 3415.99,100
414,09:44:41,$ 3414.465,100
415,09:44:41,$ 3414.0806,100
416,09:44:38,$ 3415.0728,100
417,09:44:38,$ 3415.23,100
418,09:44:37,$ 3415.795,100
419,09:44:37,$ 3415.72,100
421,09:44:35,$ 3414.62,100
422,09:44:32,$ 3414.22,100
423,09:44:27,$ 3415.22,300
424,09:44:25,$ 3415.22,100
425,09:44:24,$ 3414.855,200
426,09:44:21,$ 3414.41,100
427,09:44:20,$ 3414.045,100
428,09:44:15,$ 3414.05,188
429,09:44:15,$ 3414.05,212
430,09:44:14,$ 3414.04,100
431,09:44:14,$ 3414.02,100
432,09:44:14,$ 3413.36,100
433,09:44:14,$ 3413.36,100
434,09:44:14,$ 3413.36,100
435,09:44:14,$ 3413.73,200
436,09:44:14,$ 3413.36,100
437,09:44:14,$ 3413.34,100
438,09:44:14,$ 3413.36,100
439,09:44:14,$ 3413.36,100
440,09:44:14,$ 3413.57,100
442,09:44:13,$ 3414.91,100
443,09:44:13,$ 3414.65,100
444,09:44:13,$ 3414.66,100
445,09:44:13,$ 3414.65,100
446,09:44:11,$ 3415.6465,100
447,09:44:11,$ 3416.055,100
448,09:44:09,$ 3415.856,200
449,09:44:07,$ 3415.435,100
450,09:44:07,$ 3415.8353,200
451,09:44:06,$ 3416.725,100
452,09:44:05,$ 3415.70,100
453,09:44:05,$ 3416.34,100
454,09:44:02,$ 3415.4409,200
455,09:44:02,$ 3415.735,100
456,09:44:01,$ 3414.9807,339
457,09:44:01,$ 3415.09,100
458,09:44:01,$ 3414.64,100
459,09:44:01,$ 3414.99,100
460,09:44:01,$ 3415.14,100
461,09:44:01,$ 3414.59,100
463,09:44:01,$ 3414.49,100
464,09:44:01,$ 3415.45,100
465,09:44:01,$ 3414.41,100
466,09:44:01,$ 3414.2901,"1,000"
467,09:44:00,$ 3414.90,100
468,09:43:59,$ 3414.395,"1,000"
469,09:43:59,$ 3414.1963,200
470,09:43:58,$ 3413.3549,150
471,09:43:58,$ 3413.3549,339
472,09:43:58,$ 3414.16,100
473,09:43:58,$ 3414.33,100
474,09:43:55,$ 3415.45,100
475,09:43:54,$ 3415.3694,100
476,09:43:53,$ 3416.0499,100
477,09:43:53,$ 3415.78,100
478,09:43:53,$ 3416.195,200
479,09:43:53,$ 3415.06,100
480,09:43:52,$ 3415.55,200
481,09:43:52,$ 3415.55,200
482,09:43:51,$ 3415.60,100
484,09:43:51,$ 3415.60,100
485,09:43:49,$ 3415.76,200
486,09:43:49,$ 3415.615,100
487,09:43:49,$ 3415.52,300
488,09:43:49,$ 3415.52,200
489,09:43:49,$ 3415.92,100
490,09:43:47,$ 3415.99,100
491,09:43:46,$ 3415.51,150
492,09:43:44,$ 3415.51,100
493,09:43:43,$ 3416.38,100
494,09:43:43,$ 3416.39,100
495,09:43:43,$ 3415.97,100
496,09:43:41,$ 3416.015,100
497,09:43:40,$ 3415.0626,300
498,09:43:38,$ 3416.52,100
499,09:43:36,$ 3417.40,100
500,09:43:29,$ 3418.565,100
501,09:43:29,$ 3418.565,100
502,09:43:28,$ 3418.565,200
503,09:43:28,$ 3418.565,100
505,09:43:28,$ 3418.565,200
506,09:43:28,$ 3417.43,151
507,09:43:27,$ 3418.285,500
508,09:43:27,$ 3418.61,100
509,09:43:27,$ 3418.73,100
510,09:43:27,$ 3418.57,100
511,09:43:26,$ 3418.625,100
512,09:43:25,$ 3417.9125,100
513,09:43:24,$ 3418.30,100
514,09:43:24,$ 3418.74,200
515,09:43:24,$ 3419.06,100
516,09:43:23,$ 3418.68,676
517,09:43:23,$ 3418.68,100
518,09:43:23,$ 3418.41,100
519,09:43:21,$ 3418.34,100
520,09:43:19,$ 3419.17,100
521,09:43:19,$ 3419.16,100
522,09:43:16,$ 3418.80,100
523,09:43:16,$ 3419.75,100
524,09:43:16,$ 3418.31,100
526,09:43:14,$ 3419.01,100
527,09:43:14,$ 3419.30,200
528,09:43:13,$ 3420.115,100
529,09:43:11,$ 3420.395,100
530,09:43:10,$ 3420.40,100
531,09:43:05,$ 3419.6435,500
532,09:43:04,$ 3420.30,100
533,09:43:04,$ 3419.33,100
534,09:43:04,$ 3419.57,100
535,09:43:04,$ 3419.35,100
536,09:43:04,$ 3419.31,100
537,09:43:03,$ 3420.06,100
538,09:43:03,$ 3420.00,140
539,09:43:03,$ 3420.00,100
540,09:43:01,$ 3420.54,100
541,09:43:01,$ 3420.32,100
542,09:43:01,$ 3420.11,100
543,09:43:01,$ 3420.11,100
544,09:43:00,$ 3420.45,100
545,09:43:00,$ 3421.31,100
547,09:42:55,$ 3421.985,100
548,09:42:49,$ 3421.0795,400
549,09:42:49,$ 3421.66,"1,000"
550,09:42:48,$ 3422.25,100
551,09:42:48,$ 3422.25,100
552,09:42:48,$ 3422.23,399
553,09:42:48,$ 3422.23,164
554,09:42:48,$ 3422.285,100
555,09:42:48,$ 3421.321,100
556,09:42:48,$ 3421.68,100
557,09:42:48,$ 3421.32,100
558,09:42:48,$ 3421.32,100
559,09:42:48,$ 3421.80,100
560,09:42:47,$ 3421.7825,100
561,09:42:47,$ 3422.36,100
562,09:42:47,$ 3422.34,100
563,09:42:47,$ 3422.67,100
564,09:42:47,$ 3421.745,100
565,09:42:47,$ 3422.64,100
566,09:42:47,$ 3422.44,100
568,09:42:47,$ 3422.4398,100
569,09:42:47,$ 3421.685,100
570,09:42:47,$ 3422.43,200
571,09:42:47,$ 3422.23,100
572,09:42:46,$ 3421.685,100
573,09:42:43,$ 3422.4265,206
574,09:42:38,$ 3422.38,100
575,09:42:38,$ 3422.576,300
576,09:42:37,$ 3421.61,200
577,09:42:37,$ 3422.3289,101
578,09:42:31,$ 3423.3567,250
579,09:42:29,$ 3423.5171,200
580,09:42:27,$ 3422.205,100
581,09:42:26,$ 3422.195,100
582,09:42:26,$ 3422.36,100
583,09:42:26,$ 3422.43,100
584,09:42:23,$ 3421.56,100
585,09:42:23,$ 3421.84,100
586,09:42:23,$ 3421.83,100
587,09:42:19,$ 3423.50,188
589,09:42:18,$ 3423.70,100
590,09:42:18,$ 3423.685,100
591,09:42:17,$ 3424.275,100
592,09:42:17,$ 3423.88,100
593,09:42:17,$ 3423.67,100
594,09:42:17,$ 3424.265,100
595,09:42:17,$ 3424.265,100
596,09:42:17,$ 3424.72,100
597,09:42:17,$ 3424.90,100
598,09:42:17,$ 3424.98,100
599,09:42:17,$ 3424.99,100
600,09:42:17,$ 3425.00,100
601,09:42:17,$ 3425.01,100
602,09:42:17,$ 3425.03,100
603,09:42:17,$ 3425.03,200
604,09:42:17,$ 3423.52,100
605,09:42:16,$ 3423.52,100
606,09:42:16,$ 3423.52,100
607,09:42:16,$ 3423.52,100
608,09:42:16,$ 3423.52,100
610,09:42:16,$ 3423.52,100
611,09:42:16,$ 3423.575,100
612,09:42:15,$ 3423.52,100
613,09:42:14,$ 3423.52,100
614,09:42:14,$ 3423.54,100
615,09:42:11,$ 3423.70,100
616,09:42:08,$ 3425.0354,200
617,09:42:05,$ 3423.89,100
618,09:42:05,$ 3423.80,100
619,09:42:05,$ 3424.01,100
620,09:42:05,$ 3424.05,100
621,09:42:04,$ 3423.51,189
622,09:42:04,$ 3424.21,100
623,09:42:03,$ 3424.77,100
624,09:42:03,$ 3424.43,100
625,09:42:03,$ 3425.38,100
626,09:42:01,$ 3425.245,100
627,09:42:00,$ 3424.8163,910
628,09:41:58,$ 3425.64,100
629,09:41:57,$ 3426.00,100
631,09:41:57,$ 3426.63,100
632,09:41:57,$ 3426.02,100
633,09:41:57,$ 3426.02,100
634,09:41:56,$ 3426.02,100
635,09:41:56,$ 3427.20,100
636,09:41:56,$ 3427.31,100
637,09:41:56,$ 3427.39,100
638,09:41:56,$ 3427.42,100
639,09:41:56,$ 3427.48,100
640,09:41:56,$ 3427.48,100
641,09:41:56,$ 3427.92,100
642,09:41:55,$ 3426.08,100
643,09:41:55,$ 3426.08,100
644,09:41:55,$ 3426.075,100
645,09:41:55,$ 3426.025,100
646,09:41:55,$ 3426.195,100
647,09:41:54,$ 3426.32,100
648,09:41:54,$ 3426.14,100
649,09:41:53,$ 3426.08,100
650,09:41:52,$ 3426.02,100
652,09:41:52,$ 3427.005,"1,000"
653,09:41:51,$ 3426.01,300
654,09:41:51,$ 3427.2979,898
655,09:41:51,$ 3427.2979,102
656,09:41:49,$ 3426.01,100
657,09:41:49,$ 3426.5075,100
658,09:41:49,$ 3426.01,100
659,09:41:49,$ 3426.23,100
660,09:41:49,$ 3426.58,100
661,09:41:49,$ 3426.58,100
662,09:41:48,$ 3426.01,100
663,09:41:48,$ 3426.00,100
664,09:41:47,$ 3427.00,100
665,09:41:47,$ 3426.67,100
666,09:41:47,$ 3426.4975,100
667,09:41:47,$ 3426.00,100
668,09:41:47,$ 3426.00,100
669,09:41:46,$ 3426.01,100
670,09:41:46,$ 3426.00,100
671,09:41:46,$ 3426.00,100
673,09:41:46,$ 3426.00,100
674,09:41:46,$ 3426.00,100
675,09:41:46,$ 3426.00,100
676,09:41:46,$ 3426.00,100
677,09:41:46,$ 3427.00,300
678,09:41:43,$ 3427.29,100
679,09:41:40,$ 3427.07,100
680,09:41:40,$ 3426.93,100
681,09:41:40,$ 3426.58,100
682,09:41:38,$ 3427.0299,100
683,09:41:38,$ 3425.514,689
684,09:41:38,$ 3425.37,100
685,09:41:38,$ 3425.43,100
686,09:41:34,$ 3427.305,100
687,09:41:33,$ 3426.00,"1,000"
688,09:41:23,$ 3427.02,100
689,09:41:23,$ 3426.2746,200
690,09:41:22,$ 3428.00,100
691,09:41:20,$ 3426.38,200
692,09:41:16,$ 3426.735,200
694,09:41:15,$ 3426.51,100
695,09:41:14,$ 3427.4836,301
696,09:41:14,$ 3427.4836,576
697,09:41:14,$ 3427.4999,100
698,09:41:14,$ 3427.4999,100
699,09:41:13,$ 3426.535,"1,000"
700,09:41:09,$ 3427.00,100
701,09:41:09,$ 3426.86,100
702,09:41:09,$ 3426.59,100
703,09:41:08,$ 3424.895,200
704,09:41:03,$ 3424.59,100
705,09:41:02,$ 3425.05,100
706,09:41:01,$ 3425.4948,100
707,09:40:56,$ 3424.425,100
708,09:40:56,$ 3425.16,100
709,09:40:55,$ 3422.75,100
710,09:40:55,$ 3423.99,100
711,09:40:52,$ 3424.08,100
712,09:40:52,$ 3424.58,100
713,09:40:51,$ 3426.35,100
715,09:40:49,$ 3423.46,100
716,09:40:49,$ 3423.50,100
717,09:40:49,$ 3422.35,100
718,09:40:49,$ 3423.26,100
719,09:40:49,$ 3423.15,100
720,09:40:49,$ 3422.37,100
721,09:40:48,$ 3421.56,100
722,09:40:48,$ 3421.62,100
723,09:40:48,$ 3422.35,"1,000"
724,09:40:45,$ 3422.16,100
725,09:40:44,$ 3421.26,100
726,09:40:43,$ 3422.12,100
727,09:40:31,$ 3422.81,100
728,09:40:28,$ 3423.185,100
729,09:40:28,$ 3423.185,100
730,09:40:21,$ 3423.38,100
731,09:40:21,$ 3424.095,100
732,09:40:19,$ 3424.48,100
733,09:40:19,$ 3426.1499,100
734,09:40:18,$ 3422.9601,"1,000"
736,09:40:17,$ 3422.68,100
737,09:40:17,$ 3422.12,108
738,09:40:17,$ 3422.46,100
739,09:40:17,$ 3422.55,100
740,09:40:17,$ 3423.22,100
741,09:40:16,$ 3424.125,100
742,09:40:16,$ 3425.6291,"1,000"
743,09:40:14,$ 3426.26,100
744,09:40:12,$ 3426.8532,100
745,09:40:11,$ 3425.14,"1,000"
746,09:40:05,$ 3426.76,100
747,09:40:03,$ 3426.265,100
748,09:40:01,$ 3426.20,100
749,09:40:01,$ 3425.45,200
750,09:39:59,$ 3426.20,100
751,09:39:57,$ 3425.915,100
752,09:39:53,$ 3426.81,100
753,09:39:45,$ 3426.025,100
754,09:39:42,$ 3426.785,800
755,09:39:42,$ 3426.735,100
757,09:39:41,$ 3427.7099,"1,000"
758,09:39:41,$ 3427.7099,150
759,09:39:40,$ 3426.735,"1,000"
760,09:39:34,$ 3426.00,100
761,09:39:33,$ 3425.80,150
762,09:39:32,$ 3426.54,151
763,09:39:27,$ 3425.6092,200
764,09:39:25,$ 3425.245,100
765,09:39:25,$ 3425.4885,300
766,09:39:25,$ 3425.24,900
767,09:39:25,$ 3425.24,100
768,09:39:22,$ 3424.55,100
769,09:39:21,$ 3425.145,"1,000"
770,09:39:21,$ 3425.13,100
771,09:39:21,$ 3425.13,100
772,09:39:21,$ 3427.0854,"1,000"
773,09:39:19,$ 3425.51,100
774,09:39:18,$ 3425.595,100
775,09:39:10,$ 3426.225,"1,000"
776,09:39:09,$ 3426.02,100
778,09:39:09,$ 3425.76,100
779,09:39:09,$ 3426.3049,"1,000"
780,09:39:08,$ 3426.47,"1,000"
781,09:39:07,$ 3425.7001,100
782,09:39:00,$ 3425.60,100
783,09:39:00,$ 3424.22,186
784,09:39:00,$ 3425.60,100
785,09:38:58,$ 3425.72,100
786,09:38:57,$ 3425.69,100
787,09:38:57,$ 3425.71,100
788,09:38:56,$ 3424.57,100
789,09:38:56,$ 3425.73,106
790,09:38:56,$ 3425.68,100
791,09:38:56,$ 3424.74,200
792,09:38:56,$ 3425.56,100
793,09:38:54,$ 3423.885,100
794,09:38:54,$ 3423.92,100
795,09:38:54,$ 3424.46,100
796,09:38:52,$ 3423.75,215
797,09:38:50,$ 3424.6949,100
799,09:38:49,$ 3423.33,300
800,09:38:46,$ 3425.6847,291
801,09:38:46,$ 3425.6847,221
802,09:38:46,$ 3424.95,100
803,09:38:46,$ 3424.97,100
804,09:38:46,$ 3425.47,100
805,09:38:46,$ 3424.97,100
806,09:38:46,$ 3425.45,100
807,09:38:46,$ 3425.47,100
808,09:38:46,$ 3425.49,100
809,09:38:45,$ 3425.48,100
810,09:38:45,$ 3424.265,100
811,09:38:45,$ 3425.00,291
812,09:38:45,$ 3425.00,367
813,09:38:45,$ 3425.00,116
814,09:38:45,$ 3424.82,100
815,09:38:45,$ 3425.30,100
816,09:38:45,$ 3424.80,100
817,09:38:45,$ 3425.32,100
818,09:38:44,$ 3425.53,"1,000"
820,09:38:44,$ 3424.7991,"1,000"
821,09:38:40,$ 3423.00,606
822,09:38:40,$ 3423.00,100
823,09:38:38,$ 3422.215,100
824,09:38:38,$ 3422.185,100
825,09:38:38,$ 3423.80,100
826,09:38:38,$ 3423.47,"1,000"
827,09:38:38,$ 3423.24,100
828,09:38:37,$ 3423.51,100
829,09:38:37,$ 3423.50,100
830,09:38:36,$ 3424.85,"1,000"
831,09:38:34,$ 3423.55,100
832,09:38:34,$ 3424.73,100
833,09:38:29,$ 3426.0735,105
834,09:38:23,$ 3426.42,100
835,09:38:22,$ 3425.81,100
836,09:38:19,$ 3425.815,100
837,09:38:18,$ 3426.8999,100
838,09:38:13,$ 3426.14,100
839,09:38:13,$ 3425.14,100
841,09:38:12,$ 3425.48,100
842,09:38:10,$ 3425.385,100
843,09:38:09,$ 3425.04,100
844,09:38:04,$ 3425.085,100
845,09:38:02,$ 3426.15,102
846,09:38:00,$ 3425.2586,100
847,09:38:00,$ 3424.61,"1,000"
848,09:37:59,$ 3424.245,"1,000"
849,09:37:59,$ 3423.89,100
850,09:37:59,$ 3423.73,100
851,09:37:59,$ 3423.73,100
852,09:37:59,$ 3423.84,100
853,09:37:59,$ 3424.06,100
854,09:37:59,$ 3423.56,100
855,09:37:59,$ 3424.07,100
856,09:37:59,$ 3423.57,100
857,09:37:59,$ 3424.06,100
858,09:37:59,$ 3423.56,100
859,09:37:59,$ 3424.93,100
860,09:37:58,$ 3425.565,100
862,09:37:57,$ 3426.1399,200
863,09:37:57,$ 3425.03,100
864,09:37:54,$ 3425.97,100
865,09:37:54,$ 3425.85,100
866,09:37:54,$ 3425.92,100
867,09:37:54,$ 3425.92,100
868,09:37:51,$ 3426.225,100
869,09:37:49,$ 3426.02,100
870,09:37:46,$ 3426.02,100
871,09:37:45,$ 3427.005,100
872,09:37:43,$ 3426.91,"1,000"
873,09:37:42,$ 3424.7601,"1,000"
874,09:37:41,$ 3428.45,918
875,09:37:40,$ 3427.67,100
876,09:37:39,$ 3427.87,120
877,09:37:39,$ 3427.69,100
878,09:37:39,$ 3426.2503,300
879,09:37:38,$ 3427.215,100
880,09:37:37,$ 3427.00,100
881,09:37:36,$ 3424.865,"1,000"
883,09:37:33,$ 3424.97,100
884,09:37:32,$ 3423.77,100
885,09:37:29,$ 3424.23,100
886,09:37:28,$ 3423.445,100
887,09:37:27,$ 3424.49,400
888,09:37:27,$ 3424.49,400
889,09:37:27,$ 3423.90,100
890,09:37:27,$ 3423.235,100
891,09:37:26,$ 3423.225,"1,000"
892,09:37:23,$ 3424.00,107
893,09:37:23,$ 3424.00,110
894,09:37:23,$ 3423.05,100
895,09:37:09,$ 3422.905,100
896,09:37:03,$ 3420.95,100
897,09:37:03,$ 3421.38,200
898,09:37:03,$ 3423.29,100
899,09:37:03,$ 3422.47,155
900,09:37:03,$ 3422.53,100
901,09:37:02,$ 3421.43,100
902,09:37:02,$ 3422.45,100
904,09:37:01,$ 3421.1895,300
905,09:36:58,$ 3421.03,200
906,09:36:58,$ 3420.39,100
907,09:36:58,$ 3420.38,100
908,09:36:56,$ 3421.45,100
909,09:36:56,$ 3421.5653,100
910,09:36:54,$ 3421.43,100
911,09:36:54,$ 3421.01,100
912,09:36:53,$ 3421.785,100
913,09:36:47,$ 3421.975,100
914,09:36:37,$ 3421.87,100
915,09:36:30,$ 3421.86,100
916,09:36:23,$ 3423.21,200
917,09:36:23,$ 3422.57,100
918,09:36:20,$ 3423.21,100
919,09:36:18,$ 3423.30,100
920,09:36:18,$ 3423.93,100
921,09:36:18,$ 3423.30,100
922,09:36:18,$ 3423.30,100
923,09:36:18,$ 3423.30,100
925,09:36:15,$ 3424.39,100
926,09:36:15,$ 3424.765,"1,000"
927,09:36:15,$ 3424.40,201
928,09:36:15,$ 3425.66,100
929,09:36:12,$ 3424.8564,300
930,09:36:10,$ 3424.78,100
931,09:36:09,$ 3425.92,100
932,09:36:08,$ 3426.00,700
933,09:36:08,$ 3424.925,100
934,09:36:08,$ 3425.5999,100
935,09:36:08,$ 3425.60,100
936,09:36:08,$ 3425.59,100
937,09:36:08,$ 3425.24,100
938,09:36:08,$ 3425.60,100
939,09:36:08,$ 3424.7499,100
940,09:36:08,$ 3424.80,200
941,09:36:08,$ 3425.00,792
942,09:36:07,$ 3424.025,100
943,09:36:07,$ 3424.41,100
944,09:36:07,$ 3424.67,100
946,09:36:07,$ 3424.40,100
947,09:36:07,$ 3424.64,100
948,09:36:07,$ 3424.55,100
949,09:36:07,$ 3424.58,100
950,09:36:07,$ 3424.08,400
951,09:36:07,$ 3424.6399,100
952,09:36:07,$ 3424.64,100
953,09:36:07,$ 3424.63,100
954,09:36:06,$ 3423.30,100
955,09:36:05,$ 3423.30,121
956,09:36:05,$ 3423.29,100
957,09:36:04,$ 3422.03,100
958,09:35:59,$ 3422.64,100
959,09:35:59,$ 3423.26,100
960,09:35:59,$ 3423.26,100
961,09:35:59,$ 3423.26,100
962,09:35:56,$ 3421.63,100
963,09:35:56,$ 3421.655,100
964,09:35:52,$ 3421.9948,300
965,09:35:48,$ 3421.565,100
967,09:35:48,$ 3420.33,100
968,09:35:48,$ 3421.67,100
969,09:35:48,$ 3420.17,100
970,09:35:48,$ 3421.86,100
971,09:35:48,$ 3421.16,100
972,09:35:48,$ 3422.62,100
973,09:35:48,$ 3422.62,100
974,09:35:48,$ 3422.62,100
975,09:35:48,$ 3422.12,100
976,09:35:48,$ 3422.81,100
977,09:35:48,$ 3422.92,100
978,09:35:48,$ 3422.42,100
979,09:35:48,$ 3423.91,100
980,09:35:47,$ 3423.30,100
981,09:35:47,$ 3424.41,239
982,09:35:47,$ 3423.224,100
983,09:35:47,$ 3423.12,100
984,09:35:47,$ 3423.10,100
985,09:35:47,$ 3422.60,100
986,09:35:47,$ 3422.84,100
988,09:35:47,$ 3423.224,100
989,09:35:47,$ 3423.10,100
990,09:35:47,$ 3422.78,100
991,09:35:47,$ 3422.62,100
992,09:35:47,$ 3423.58,100
993,09:35:46,$ 3423.03,100
994,09:35:45,$ 3423.32,100
995,09:35:45,$ 3422.5406,762
996,09:35:45,$ 3423.029,100
997,09:35:45,$ 3422.75,100
998,09:35:45,$ 3423.06,200
999,09:35:44,$ 3422.04,100
1000,09:35:44,$ 3422.04,100
1001,09:35:44,$ 3422.04,800
1002,09:35:43,$ 3422.04,100
1003,09:35:42,$ 3422.61,100
1004,09:35:42,$ 3423.95,100
1005,09:35:42,$ 3422.65,100
1006,09:35:41,$ 3423.75,100
1007,09:35:37,$ 3422.875,500
1009,09:35:25,$ 3422.89,100
1010,09:35:24,$ 3422.79,100
1011,09:35:22,$ 3422.294,100
1012,09:35:21,$ 3422.04,100
1013,09:35:21,$ 3422.04,100
1014,09:35:19,$ 3423.58,100
1015,09:35:19,$ 3422.3032,"1,000"
1016,09:35:18,$ 3423.17,100
1017,09:35:17,$ 3423.8199,100
1018,09:35:14,$ 3422.87,100
1019,09:35:14,$ 3422.5405,727
1020,09:35:14,$ 3422.869,100
1021,09:35:14,$ 3422.72,100
1022,09:35:14,$ 3422.869,100
1023,09:35:14,$ 3422.66,100
1024,09:35:13,$ 3423.00,400
1025,09:35:09,$ 3422.00,100
1026,09:35:09,$ 3422.00,100
1027,09:35:07,$ 3420.7463,100
1028,09:35:06,$ 3421.6834,100
1030,09:35:05,$ 3420.435,100
1031,09:35:05,$ 3419.20,100
1032,09:35:05,$ 3419.28,100
1033,09:35:05,$ 3420.83,100
1034,09:35:04,$ 3419.805,100
1035,09:35:02,$ 3420.31,100
1036,09:35:01,$ 3419.02,100
1037,09:35:01,$ 3419.12,100
1038,09:34:59,$ 3419.77,100
1039,09:34:57,$ 3420.29,100
1040,09:34:57,$ 3419.1653,200
1041,09:34:55,$ 3420.51,100
1042,09:34:53,$ 3421.9999,100
1043,09:34:48,$ 3418.845,100
1044,09:34:32,$ 3418.415,100
1045,09:34:25,$ 3416.4987,100
1046,09:34:25,$ 3420.64,100
1047,09:34:23,$ 3421.10,100
1048,09:34:23,$ 3421.11,100
1049,09:34:16,$ 3422.05,100
1051,09:34:12,$ 3420.365,100
1052,09:34:12,$ 3420.48,100
1053,09:34:08,$ 3421.551,300
1054,09:34:04,$ 3421.446,250
1055,09:34:04,$ 3421.45,100
1056,09:34:03,$ 3422.12,100
1057,09:34:03,$ 3420.83,181
1058,09:34:02,$ 3420.00,181
1059,09:34:02,$ 3420.00,702
1060,09:34:02,$ 3420.00,100
1061,09:34:02,$ 3419.49,125
1062,09:34:01,$ 3418.93,100
1063,09:34:01,$ 3419.4899,250
1064,09:34:01,$ 3418.63,100
1065,09:34:01,$ 3418.565,100
1066,09:34:00,$ 3417.88,100
1067,09:34:00,$ 3417.97,200
1068,09:34:00,$ 3418.00,100
1069,09:33:59,$ 3417.14,100
1070,09:33:56,$ 3417.02,100
1072,09:33:48,$ 3417.9999,250
1073,09:33:47,$ 3417.01,150
1074,09:33:46,$ 3416.22,200
1075,09:33:44,$ 3416.335,140
1076,09:33:40,$ 3415.77,100
1077,09:33:39,$ 3416.00,100
1078,09:33:39,$ 3416.52,100
1079,09:33:36,$ 3417.49,100
1080,09:33:35,$ 3417.55,100
1081,09:33:34,$ 3416.64,100
1082,09:33:33,$ 3417.765,300
1083,09:33:33,$ 3417.76,100
1084,09:33:33,$ 3417.765,100
1085,09:33:33,$ 3417.2624,900
1086,09:33:30,$ 3417.92,197
1087,09:33:27,$ 3417.76,100
1088,09:33:26,$ 3417.5442,100
1089,09:33:23,$ 3417.76,100
1090,09:33:23,$ 3417.76,156
1091,09:33:23,$ 3418.00,100
1093,09:33:23,$ 3418.00,400
1094,09:33:21,$ 3418.00,100
1095,09:33:21,$ 3418.00,100
1096,09:33:17,$ 3418.70,100
1097,09:33:15,$ 3419.00,162
1098,09:33:13,$ 3418.00,100
1099,09:33:13,$ 3418.00,100
1100,09:33:13,$ 3418.00,100
1101,09:33:13,$ 3418.05,100
1102,09:33:11,$ 3417.23,100
1103,09:33:09,$ 3416.52,300
1104,09:32:58,$ 3418.79,100
1105,09:32:56,$ 3418.70,100
1106,09:32:52,$ 3421.085,300
1107,09:32:51,$ 3420.83,100
1108,09:32:50,$ 3421.1905,100
1109,09:32:49,$ 3421.16,100
1110,09:32:48,$ 3421.62,100
1111,09:32:48,$ 3421.08,"1,000"
1112,09:32:48,$ 3422.4515,626
1114,09:32:48,$ 3421.60,196
1115,09:32:48,$ 3422.10,196
1116,09:32:48,$ 3421.37,100
1117,09:32:48,$ 3421.87,100
1118,09:32:47,$ 3420.83,200
1119,09:32:47,$ 3420.825,400
1120,09:32:47,$ 3420.966,100
1121,09:32:47,$ 3421.00,100
1122,09:32:47,$ 3420.00,100
1123,09:32:46,$ 3419.4904,343
1124,09:32:46,$ 3418.646,100
1125,09:32:46,$ 3418.646,100
1126,09:32:46,$ 3418.146,100
1127,09:32:46,$ 3418.146,100
1128,09:32:46,$ 3418.02,100
1129,09:32:46,$ 3418.12,100
1130,09:32:46,$ 3418.05,100
1131,09:32:46,$ 3418.07,100
1132,09:32:46,$ 3418.55,100
1133,09:32:46,$ 3418.57,100
1135,09:32:46,$ 3418.62,100
1136,09:32:45,$ 3418.24,"1,000"
1137,09:32:44,$ 3418.25,100
1138,09:32:44,$ 3418.25,114
1139,09:32:44,$ 3418.25,100
1140,09:32:44,$ 3418.25,100
1141,09:32:44,$ 3418.11,137
1142,09:32:44,$ 3417.36,100
1143,09:32:43,$ 3416.56,100
1144,09:32:42,$ 3418.00,100
1145,09:32:42,$ 3417.70,177
1146,09:32:42,$ 3417.70,100
1147,09:32:42,$ 3417.11,100
1148,09:32:40,$ 3417.075,100
1149,09:32:36,$ 3415.6175,100
1150,09:32:36,$ 3416.00,100
1151,09:32:36,$ 3416.00,100
1152,09:32:35,$ 3415.85,100
1153,09:32:35,$ 3414.985,186
1154,09:32:35,$ 3415.0818,814
1156,09:32:35,$ 3415.00,100
1157,09:32:35,$ 3415.00,100
1158,09:32:31,$ 3415.50,100
1159,09:32:28,$ 3415.25,100
1160,09:32:28,$ 3414.39,100
1161,09:32:28,$ 3414.20,100
1162,09:32:25,$ 3412.47,100
1163,09:32:25,$ 3413.15,100
1164,09:32:25,$ 3412.81,100
1165,09:32:25,$ 3413.16,100
1166,09:32:25,$ 3413.15,100
1167,09:32:23,$ 3412.8101,"1,000"
1168,09:32:22,$ 3413.5537,"1,000"
1169,09:32:22,$ 3414.03,"1,000"
1170,09:32:18,$ 3415.24,100
1171,09:32:17,$ 3415.00,200
1172,09:32:17,$ 3415.00,100
1173,09:32:17,$ 3415.00,212
1174,09:32:17,$ 3414.50,200
1175,09:32:15,$ 3414.10,455
1177,09:32:10,$ 3412.68,100
1178,09:32:10,$ 3413.01,100
1179,09:32:10,$ 3413.01,100
1180,09:32:10,$ 3413.01,100
1181,09:32:10,$ 3413.01,100
1182,09:32:06,$ 3411.99,100
1183,09:32:06,$ 3412.00,100
1184,09:32:06,$ 3412.00,100
1185,09:32:06,$ 3412.00,100
1186,09:32:06,$ 3412.00,100
1187,09:32:06,$ 3412.00,100
1188,09:32:06,$ 3411.99,100
1189,09:32:02,$ 3411.98,300
1190,09:32:02,$ 3411.11,100
1191,09:32:02,$ 3411.7492,"1,083"
1192,09:32:02,$ 3411.73,150
1193,09:32:02,$ 3411.98,150
1194,09:32:02,$ 3411.716,100
1195,09:32:00,$ 3411.98,100
1196,09:32:00,$ 3412.15,200
1198,09:31:54,$ 3410.16,100
1199,09:31:54,$ 3411.04,100
1200,09:31:54,$ 3411.04,100
1201,09:31:51,$ 3411.33,100
1202,09:31:51,$ 3411.32,100
1203,09:31:40,$ 3409.86,100
1204,09:31:35,$ 3409.86,100
1205,09:31:35,$ 3411.42,100
1206,09:31:33,$ 3410.00,800
1207,09:31:28,$ 3413.125,100
1208,09:31:26,$ 3412.2253,100
1209,09:31:26,$ 3412.76,100
1210,09:31:24,$ 3411.72,100
1211,09:31:24,$ 3411.72,111
1212,09:31:24,$ 3411.72,167
1213,09:31:19,$ 3411.40,100
1214,09:31:19,$ 3414.1326,902
1215,09:31:19,$ 3414.03,100
1216,09:31:19,$ 3413.80,100
1217,09:31:19,$ 3414.13,100
1219,09:31:19,$ 3412.79,100
1220,09:31:19,$ 3412.79,100
1221,09:31:11,$ 3411.535,300
1222,09:31:09,$ 3410.43,100
1223,09:31:09,$ 3410.97,200
1224,09:31:07,$ 3410.67,100
1225,09:31:07,$ 3410.80,100
1226,09:31:07,$ 3410.67,100
1227,09:31:06,$ 3410.76,100
1228,09:31:04,$ 3412.37,100
1229,09:31:04,$ 3414.00,100
1230,09:31:04,$ 3412.00,100
1231,09:31:04,$ 3412.00,696
1232,09:31:04,$ 3412.00,100
1233,09:31:04,$ 3412.00,200
1234,09:31:03,$ 3410.749,100
1235,09:31:03,$ 3410.69,100
1236,09:31:03,$ 3410.71,100
1237,09:31:03,$ 3409.00,100
1238,09:31:03,$ 3410.71,100
1240,09:31:03,$ 3411.00,197
1241,09:31:03,$ 3411.00,774
1242,09:31:03,$ 3411.00,100
1243,09:31:03,$ 3410.08,100
1244,09:31:03,$ 3410.08,100
1245,09:31:03,$ 3410.08,100
1246,09:30:59,$ 3408.47,100
1247,09:30:56,$ 3408.16,100
1248,09:30:56,$ 3409.045,300
1249,09:30:55,$ 3409.37,100
1250,09:30:55,$ 3409.05,100
1251,09:30:54,$ 3408.11,100
1252,09:30:52,$ 3409.045,100
1253,09:30:50,$ 3408.42,100
1254,09:30:50,$ 3408.42,100
1255,09:30:48,$ 3408.6601,150
1256,09:30:48,$ 3410.825,100
1257,09:30:47,$ 3408.15,100
1258,09:30:45,$ 3408.80,100
1259,09:30:45,$ 3408.15,100
1261,09:30:44,$ 3410.00,100
1262,09:30:44,$ 3410.00,213
1263,09:30:44,$ 3410.00,117
1264,09:30:44,$ 3410.00,123
1265,09:30:44,$ 3410.00,126
1266,09:30:43,$ 3409.30,100
1267,09:30:42,$ 3407.80,100
1268,09:30:42,$ 3408.79,100
1269,09:30:41,$ 3408.9143,330
1270,09:30:41,$ 3408.56,100
1271,09:30:41,$ 3408.56,200
1272,09:30:40,$ 3407.715,100
1273,09:30:38,$ 3407.67,100
1274,09:30:38,$ 3409.44,168
1275,09:30:38,$ 3409.44,100
1276,09:30:37,$ 3409.12,524
1277,09:30:37,$ 3408.9999,100
1278,09:30:37,$ 3408.9999,100
1279,09:30:37,$ 3408.9999,100
1280,09:30:37,$ 3408.9999,100
1282,09:30:37,$ 3409.00,100
1283,09:30:37,$ 3409.00,100
1284,09:30:37,$ 3409.00,100
1285,09:30:36,$ 3408.00,200
1286,09:30:36,$ 3407.63,100
1287,09:30:36,$ 3407.63,100
1288,09:30:36,$ 3406.07,300
1289,09:30:33,$ 3404.99,111
1290,09:30:33,$ 3405.00,364
1291,09:30:33,$ 3405.00,200
1292,09:30:32,$ 3404.29,100
1293,09:30:32,$ 3403.5316,129
1294,09:30:32,$ 3404.98,100
1295,09:30:30,$ 3404.99,100
1296,09:30:29,$ 3403.525,100
1297,09:30:28,$ 3403.9227,300
1298,09:30:26,$ 3404.705,100
1299,09:30:23,$ 3403.88,100
1300,09:30:19,$ 3402.92,100
1301,09:30:17,$ 3403.28,300
1303,09:30:11,$ 3402.02,115
1304,09:30:10,$ 3403.285,100
1305,09:30:10,$ 3401.85,100
1306,09:30:09,$ 3402.6101,100
1307,09:30:06,$ 3403.67,100
1308,09:30:06,$ 3403.73,100
1309,09:30:03,$ 3403.28,100
1310,09:30:01,$ 3402.54,174
1311,09:30:01,$ 3401.00,3
1312,09:30:01,$ 3401.00,5
1313,09:30:01,$ 3401.00,4
1314,09:30:01,$ 3401.00,1
1315,09:30:01,$ 3401.00,32
1316,09:30:01,$ 3401.00,1
1317,09:30:01,$ 3401.00,55
1318,09:30:01,$ 3401.00,1
1319,09:30:01,$ 3401.00,1
1320,09:30:01,$ 3401.00,5
1321,09:30:01,$ 3401.00,1
1322,09:30:01,$ 3401.00,1
1324,09:30:01,$ 3401.00,5
1325,09:30:01,$ 3401.00,1
1326,09:30:01,$ 3401.00,1
1327,09:30:01,$ 3401.00,5
1328,09:30:01,$ 3401.00,63
1329,09:30:01,$ 3401.00,1
1330,09:30:01,$ 3401.00,5
1331,09:30:01,$ 3401.00,8
1332,09:30:01,$ 3401.00,6
1333,09:30:01,$ 3401.00,1
1334,09:30:01,$ 3401.00,3
1335,09:30:01,$ 3401.00,1
1336,09:30:01,$ 3401.00,1
1337,09:30:01,$ 3401.00,2
1338,09:30:01,$ 3401.00,6
1339,09:30:01,$ 3401.00,113
1340,09:30:01,$ 3401.00,4
1341,09:30:01,$ 3401.00,2
1342,09:30:01,$ 3401.00,1
1343,09:30:01,$ 3401.00,10
1345,09:30:01,$ 3401.00,3
1346,09:30:01,$ 3401.00,2
1347,09:30:01,$ 3401.00,2
1348,09:30:01,$ 3401.00,1
1349,09:30:01,$ 3401.00,1
1350,09:30:01,$ 3401.00,2
1351,09:30:01,$ 3401.00,2
1352,09:30:01,$ 3401.00,2
1353,09:30:01,$ 3401.00,1
1354,09:30:01,$ 3401.00,1
1355,09:30:01,$ 3401.00,4
1356,09:30:01,$ 3401.00,2
1357,09:30:01,$ 3401.00,2
1358,09:30:01,$ 3401.00,1
1359,09:30:01,$ 3401.00,5
1360,09:30:01,$ 3401.00,1
1361,09:30:01,$ 3401.00,1
1362,09:30:01,$ 3401.00,1
1363,09:30:01,$ 3401.00,1
1364,09:30:01,$ 3401.00,23
1366,09:30:01,$ 3401.00,1
1367,09:30:01,$ 3401.00,6
1368,09:30:01,$ 3401.00,1
1369,09:30:01,$ 3401.00,1
1370,09:30:01,$ 3401.00,2
1371,09:30:01,$ 3401.00,1
1372,09:30:01,$ 3401.00,2
1373,09:30:01,$ 3401.00,3
1374,09:30:01,$ 3401.00,1
1375,09:30:01,$ 3401.00,5
1376,09:30:01,$ 3401.00,1
1377,09:30:01,$ 3401.00,3
1378,09:30:01,$ 3401.00,6
1379,09:30:01,$ 3401.00,1
1380,09:30:01,$ 3401.00,10
1381,09:30:01,$ 3401.00,5
1382,09:30:01,$ 3401.00,1
1383,09:30:01,$ 3401.00,8
1384,09:30:01,$ 3401.00,10
1385,09:30:01,$ 3401.00,5
1387,09:30:01,$ 3401.00,2
1388,09:30:01,$ 3401.00,17
1389,09:30:01,$ 3401.00,5
1390,09:30:01,$ 3401.00,3
1391,09:30:01,$ 3401.00,60
1392,09:30:01,$ 3401.00,1
1393,09:30:01,$ 3401.00,5
1394,09:30:01,$ 3401.00,1
1395,09:30:01,$ 3401.00,1
1396,09:30:01,$ 3401.00,1
1397,09:30:01,$ 3401.00,4
1398,09:30:01,$ 3401.00,1
1399,09:30:01,$ 3401.00,1
1400,09:30:01,$ 3401.00,1
1401,09:30:01,$ 3401.00,1
1402,09:30:01,$ 3401.00,18
1403,09:30:01,$ 3401.00,3
1404,09:30:01,$ 3401.00,3
1405,09:30:01,$ 3401.00,5
1406,09:30:01,$ 3401.00,1
1408,09:30:01,$ 3401.00,2
1409,09:30:01,$ 3401.00,1
1410,09:30:01,$ 3401.00,4
1411,09:30:01,$ 3401.00,1
1412,09:30:01,$ 3401.00,15
1413,09:30:01,$ 3401.00,1
1414,09:30:01,$ 3401.00,1
1415,09:30:01,$ 3401.00,1
1416,09:30:01,$ 3401.00,3
1417,09:30:01,$ 3401.00,1
1418,09:30:01,$ 3401.00,2
1419,09:30:01,$ 3401.00,2
1420,09:30:01,$ 3401.00,2
1421,09:30:01,$ 3401.00,4
1422,09:30:01,$ 3401.00,2
1423,09:30:01,$ 3401.00,1
1424,09:30:01,$ 3401.00,5
1425,09:30:01,$ 3401.00,150
1426,09:30:01,$ 3401.00,1
1427,09:30:01,$ 3401.00,1
1429,09:30:01,$ 3401.00,7
1430,09:30:01,$ 3401.00,1
1431,09:30:01,$ 3401.00,4
1432,09:30:01,$ 3401.00,1
1433,09:30:01,$ 3401.00,3
1434,09:30:01,$ 3401.00,3
1435,09:30:01,$ 3401.00,80
1436,09:30:01,$ 3401.00,5
1437,09:30:01,$ 3401.00,4
1438,09:30:01,$ 3401.00,10
1439,09:30:01,$ 3401.00,1
1440,09:30:01,$ 3401.00,10
1441,09:30:01,$ 3401.00,1
1442,09:30:01,$ 3401.00,3
1443,09:30:01,$ 3401.00,5
1444,09:30:01,$ 3401.00,1
1445,09:30:01,$ 3401.00,8
1446,09:30:01,$ 3401.00,4
1447,09:30:01,$ 3401.00,2
1448,09:30:01,$ 3401.00,2
1450,09:30:01,$ 3401.00,5
1451,09:30:01,$ 3401.00,1
1452,09:30:01,$ 3401.00,1
1453,09:30:01,$ 3401.00,1
1454,09:30:01,$ 3401.00,3
1455,09:30:01,$ 3401.00,1
1456,09:30:01,$ 3401.00,5
1457,09:30:01,$ 3401.00,2
1458,09:30:01,$ 3401.00,3
1459,09:30:01,$ 3401.00,271
1460,09:30:01,$ 3401.00,19
1461,09:30:01,$ 3401.00,5
1462,09:30:01,$ 3401.00,2
1463,09:30:01,$ 3401.00,29
1464,09:30:01,$ 3401.00,9
1465,09:30:01,$ 3401.00,2
1466,09:30:01,$ 3401.00,3
1467,09:30:01,$ 3401.00,3
1468,09:30:01,$ 3401.00,1
1469,09:30:01,$ 3401.00,5
1471,09:30:01,$ 3401.00,8
1472,09:30:01,$ 3401.00,24
1473,09:30:01,$ 3401.00,15
1474,09:30:01,$ 3401.00,60
1475,09:30:01,$ 3401.00,3
1476,09:30:01,$ 3401.00,1
1477,09:30:01,$ 3401.00,1
1478,09:30:01,$ 3401.00,3
1479,09:30:01,$ 3401.00,1
1480,09:30:01,$ 3401.00,4
1481,09:30:01,$ 3401.00,3
1482,09:30:01,$ 3401.00,1
1483,09:30:01,$ 3401.00,4
1484,09:30:01,$ 3401.00,18
1485,09:30:01,$ 3401.00,1
1486,09:30:01,$ 3401.00,25
1487,09:30:01,$ 3401.00,2
1488,09:30:01,$ 3401.00,30
1489,09:30:01,$ 3401.00,3
1490,09:30:01,$ 3401.00,10
1492,09:30:01,$ 3401.00,1
1493,09:30:01,$ 3401.00,12
1494,09:30:01,$ 3401.00,9
1495,09:30:01,$ 3401.00,13
1496,09:30:01,$ 3401.00,9
1497,09:30:01,$ 3401.00,2
1498,09:30:01,$ 3401.00,2
1499,09:30:01,$ 3401.00,4
1500,09:30:01,$ 3401.00,12
1501,09:30:01,$ 3401.00,1
1502,09:30:01,$ 3401.00,344
1503,09:30:01,$ 3401.00,30
1504,09:30:01,$ 3401.00,5
1505,09:30:01,$ 3401.00,2
1506,09:30:01,$ 3401.00,2
1507,09:30:01,$ 3401.00,10
1508,09:30:01,$ 3401.00,1
1509,09:30:01,$ 3401.00,11
1510,09:30:01,$ 3401.00,6
1511,09:30:01,$ 3401.00,1
1513,09:30:01,$ 3401.00,3
1514,09:30:01,$ 3401.00,50
1515,09:30:01,$ 3401.00,2
1516,09:30:01,$ 3401.00,1
1517,09:30:01,$ 3401.00,36
1518,09:30:01,$ 3401.00,2
1519,09:30:01,$ 3401.00,13
1520,09:30:01,$ 3401.00,2
1521,09:30:01,$ 3401.00,1
1522,09:30:01,$ 3401.00,2
1523,09:30:01,$ 3401.00,2
1524,09:30:01,$ 3401.00,3
1525,09:30:01,$ 3401.00,15
1526,09:30:01,$ 3401.00,4
1527,09:30:01,$ 3401.00,1
1528,09:30:01,$ 3401.00,1
1529,09:30:01,$ 3401.00,1
1530,09:30:01,$ 3401.00,1
1531,09:30:01,$ 3401.00,1
1532,09:30:01,$ 3401.00,1
1534,09:30:01,$ 3401.00,1
1535,09:30:01,$ 3401.00,1
1536,09:30:01,$ 3401.00,5
1537,09:30:01,$ 3401.00,3
1538,09:30:01,$ 3401.00,1
1539,09:30:01,$ 3401.00,2
1540,09:30:01,$ 3401.00,1
1541,09:30:01,$ 3401.00,1
1542,09:30:01,$ 3401.00,1
1543,09:30:01,$ 3401.00,186
1544,09:30:01,$ 3401.00,37
1545,09:30:01,$ 3401.00,3
1546,09:30:01,$ 3401.00,1
1547,09:30:01,$ 3401.00,4
1548,09:30:01,$ 3401.00,1
1549,09:30:01,$ 3401.00,2
1550,09:30:01,$ 3401.00,2
1551,09:30:01,$ 3401.00,1
1552,09:30:01,$ 3401.00,7
1553,09:30:01,$ 3401.00,1
1555,09:30:01,$ 3401.00,4
1556,09:30:01,$ 3401.00,1
1557,09:30:01,$ 3401.00,2
1558,09:30:01,$ 3401.00,3
1559,09:30:01,$ 3401.00,2
1560,09:30:01,$ 3401.00,1
1561,09:30:01,$ 3401.00,1
1562,09:30:01,$ 3401.00,1
1563,09:30:01,$ 3401.00,1
1564,09:30:01,$ 3401.00,2
1565,09:30:01,$ 3401.00,5
1566,09:30:01,$ 3401.00,8
1567,09:30:01,$ 3401.00,1
1568,09:30:01,$ 3401.00,1
1569,09:30:01,$ 3401.00,1
1570,09:30:01,$ 3401.00,1
1571,09:30:01,$ 3401.00,1
1572,09:30:01,$ 3401.00,5
1573,09:30:01,$ 3401.00,15
1574,09:30:01,$ 3401.00,1
1576,09:30:01,$ 3401.00,12
1577,09:30:01,$ 3401.00,1
1578,09:30:01,$ 3401.00,1
1579,09:30:01,$ 3401.00,2
1580,09:30:01,$ 3401.00,2
1581,09:30:01,$ 3401.00,1
1582,09:30:01,$ 3401.00,4
1583,09:30:01,$ 3401.00,10
1584,09:30:01,$ 3401.00,10
1585,09:30:01,$ 3401.00,70
1586,09:30:01,$ 3401.00,3
1587,09:30:01,$ 3401.00,4
1588,09:30:01,$ 3401.00,3
1589,09:30:01,$ 3401.00,1
1590,09:30:01,$ 3401.00,6
1591,09:30:01,$ 3401.00,1
1592,09:30:01,$ 3401.00,1
1593,09:30:01,$ 3401.00,1
1594,09:30:01,$ 3401.00,10
1595,09:30:01,$ 3401.00,10
1597,09:30:01,$ 3401.00,10
1598,09:30:01,$ 3401.00,2
1599,09:30:01,$ 3401.00,5
1600,09:30:01,$ 3401.00,1
1601,09:30:01,$ 3401.00,3
1602,09:30:01,$ 3401.00,5
1603,09:30:01,$ 3401.00,5
1604,09:30:01,$ 3401.00,1
1605,09:30:01,$ 3401.00,15
1606,09:30:01,$ 3401.00,1
1607,09:30:01,$ 3401.00,3
1608,09:30:01,$ 3401.00,3
1609,09:30:01,$ 3401.00,3
1610,09:30:01,$ 3401.00,1
1611,09:30:01,$ 3401.00,4
1612,09:30:01,$ 3401.00,1
1613,09:30:01,$ 3401.00,10
1614,09:30:01,$ 3401.00,1
1615,09:30:01,$ 3401.00,3
1616,09:30:01,$ 3401.00,2
1618,09:30:01,$ 3401.00,2
1619,09:30:01,$ 3401.00,2
1620,09:30:01,$ 3401.00,8
1621,09:30:01,$ 3401.00,5
1622,09:30:01,$ 3401.00,7
1623,09:30:01,$ 3401.00,2
1624,09:30:01,$ 3401.00,1
1625,09:30:01,$ 3401.00,1
1626,09:30:01,$ 3401.00,12
1627,09:30:01,$ 3401.00,6
1628,09:30:01,$ 3401.00,9
1629,09:30:01,$ 3401.00,19
1630,09:30:01,$ 3401.00,19
1631,09:30:01,$ 3401.00,5
1632,09:30:01,$ 3401.00,5
1633,09:30:01,$ 3401.00,268
1634,09:30:01,$ 3401.00,154
1635,09:30:01,$ 3401.00,100
1636,09:30:01,$ 3401.00,13
1637,09:30:01,$ 3401.00,16
1639,09:30:01,$ 3401.00,100
1640,09:30:01,$ 3401.00,100
1641,09:30:01,$ 3401.00,100
1642,09:30:01,$ 3401.00,200
1643,09:30:01,$ 3401.00,1
1644,09:30:01,$ 3401.00,58
1645,09:30:01,$ 3401.00,3
1646,09:30:01,$ 3401.00,200
1647,09:30:01,$ 3401.00,276
1648,09:30:01,$ 3401.00,1
1649,09:30:01,$ 3401.00,12
1650,09:30:01,$ 3401.00,8
1651,09:30:01,$ 3401.00,1
1652,09:30:01,$ 3401.00,3
1653,09:30:01,$ 3401.00,25
1654,09:30:01,$ 3401.00,1
1655,09:30:01,$ 3401.00,3
1656,09:30:01,$ 3401.00,176
1657,09:30:01,$ 3401.00,1
1658,09:30:01,$ 3401.00,89
1660,09:30:01,$ 3401.00,1
1661,09:30:01,$ 3401.00,19
1662,09:30:01,$ 3401.00,1
1663,09:30:01,$ 3401.00,22
1664,09:30:01,$ 3401.00,56
1665,09:30:01,$ 3401.00,3
1666,09:30:01,$ 3401.00,3
1667,09:30:01,$ 3401.00,95
1668,09:30:01,$ 3401.00,1
1669,09:30:01,$ 3401.00,1
1670,09:30:01,$ 3401.00,89
1671,09:30:01,$ 3401.00,100
1672,09:30:01,$ 3401.00,3
1673,09:30:01,$ 3401.00,6
1674,09:30:01,$ 3401.00,45
1675,09:30:01,$ 3401.00,5
1676,09:30:01,$ 3401.00,51
1677,09:30:01,$ 3401.00,1
1678,09:30:01,$ 3401.00,61
1679,09:30:01,$ 3401.00,100
1681,09:30:01,$ 3401.00,1
1682,09:30:01,$ 3401.00,5
1683,09:30:01,$ 3401.00,11
1684,09:30:01,$ 3401.00,300
1685,09:30:01,$ 3401.00,5
1686,09:30:01,$ 3401.00,258
1687,09:30:01,$ 3401.00,40
1688,09:30:01,$ 3401.00,25
1689,09:30:01,$ 3401.00,500
1690,09:30:01,$ 3401.00,30
1691,09:30:01,$ 3401.00,1
1692,09:30:01,$ 3401.00,50
1693,09:30:01,$ 3401.00,4
1694,09:30:01,$ 3401.00,1
1695,09:30:01,$ 3401.00,2
1696,09:30:01,$ 3401.00,6
1697,09:30:01,$ 3401.00,244
1698,09:30:01,$ 3401.00,122
1699,09:30:01,$ 3401.00,100
1700,09:30:01,$ 3401.00,5
1702,09:30:01,$ 3401.00,32
1703,09:30:01,$ 3401.00,45
1704,09:30:01,$ 3401.00,5
1705,09:30:01,$ 3401.00,8
1706,09:30:01,$ 3401.00,3
1707,09:30:01,$ 3401.00,3
1708,09:30:01,$ 3401.00,7
1709,09:30:01,$ 3401.00,14
1710,09:30:01,$ 3401.00,5
1711,09:30:01,$ 3401.00,60
1712,09:30:01,$ 3401.00,20
1713,09:30:01,$ 3401.00,3
1714,09:30:01,$ 3401.00,1
1715,09:30:01,$ 3401.00,1
1716,09:30:01,$ 3401.00,19
1717,09:30:01,$ 3401.00,14
1718,09:30:01,$ 3401.00,3
1719,09:30:01,$ 3401.00,1
1720,09:30:01,$ 3401.00,63
1721,09:30:01,$ 3401.00,2
1723,09:30:01,$ 3401.00,"1,949"
1724,09:30:01,$ 3401.00,5
1725,09:30:01,$ 3401.00,4
1726,09:30:01,$ 3401.00,1
1727,09:30:01,$ 3401.00,8
1728,09:30:01,$ 3401.00,5
1729,09:30:01,$ 3401.00,18
1730,09:30:01,$ 3401.00,2
1731,09:30:01,$ 3401.00,6
1732,09:30:01,$ 3401.00,78
1733,09:30:01,$ 3401.00,2
1734,09:30:01,$ 3401.00,5
1735,09:30:01,$ 3401.00,1
1736,09:30:01,$ 3401.00,7
1737,09:30:01,$ 3401.00,252
1738,09:30:01,$ 3401.00,4
1739,09:30:01,$ 3401.00,10
1740,09:30:01,$ 3401.00,1
1741,09:30:01,$ 3401.00,2
1742,09:30:01,$ 3401.00,3
1744,09:30:01,$ 3401.00,1
1745,09:30:01,$ 3401.00,1
1746,09:30:01,$ 3401.00,2
1747,09:30:01,$ 3401.00,1
1748,09:30:01,$ 3401.00,3
1749,09:30:01,$ 3401.00,1
1750,09:30:01,$ 3401.00,1
1751,09:30:01,$ 3401.00,62
1752,09:30:01,$ 3401.00,660
1753,09:30:01,$ 3401.00,502
1754,09:30:01,$ 3401.00,3
1755,09:30:01,$ 3401.00,30
1756,09:30:01,$ 3401.00,72
1757,09:30:01,$ 3401.00,44
1758,09:30:01,$ 3401.00,3
1759,09:30:01,$ 3401.00,2
1760,09:30:01,$ 3401.00,244
1761,09:30:01,$ 3401.00,146
1762,09:30:01,$ 3401.00,8
1763,09:30:01,$ 3401.00,1
1765,09:30:01,$ 3401.00,1
1766,09:30:01,$ 3401.00,1
1767,09:30:01,$ 3401.00,3
1768,09:30:01,$ 3401.00,1
1769,09:30:01,$ 3401.00,100
1770,09:30:01,$ 3401.00,1
1771,09:30:01,$ 3401.00,25
1772,09:30:01,$ 3401.00,3
1773,09:30:01,$ 3401.00,18
1774,09:30:01,$ 3401.00,11
1775,09:30:01,$ 3401.00,1
1776,09:30:01,$ 3401.00,5
1777,09:30:01,$ 3401.00,1
1778,09:30:01,$ 3401.00,20
1779,09:30:01,$ 3401.00,1
1780,09:30:01,$ 3401.00,18
1781,09:30:01,$ 3401.00,161
1782,09:30:01,$ 3401.00,119
1783,09:30:01,$ 3401.00,6
1784,09:30:01,$ 3401.00,161
1786,09:30:01,$ 3401.00,79
1787,09:30:01,$ 3401.00,140
1788,09:30:01,$ 3401.00,139
1789,09:30:01,$ 3401.00,1
1790,09:30:01,$ 3401.00,39
1791,09:30:01,$ 3401.00,4
1792,09:30:01,$ 3401.00,2
1793,09:30:01,$ 3401.00,1
1794,09:30:01,$ 3401.00,19
1795,09:30:01,$ 3401.00,5
1796,09:30:01,$ 3401.00,264
1797,09:30:01,$ 3401.00,2
1798,09:30:01,$ 3401.00,4
1799,09:30:01,$ 3401.00,188
1800,09:30:01,$ 3401.00,3
1801,09:30:01,$ 3401.00,1
1802,09:30:01,$ 3401.00,7
1803,09:30:01,$ 3401.00,2
1804,09:30:01,$ 3401.00,100
1805,09:30:01,$ 3401.00,10
1807,09:30:01,$ 3401.00,9
1808,09:30:01,$ 3401.00,9
1809,09:30:01,$ 3401.00,4
1810,09:30:01,$ 3401.00,100
1811,09:30:01,$ 3401.00,4
1812,09:30:01,$ 3401.00,3
1813,09:30:01,$ 3401.00,12
1814,09:30:01,$ 3401.00,16
1815,09:30:01,$ 3401.00,87
1816,09:30:01,$ 3401.00,1
1817,09:30:01,$ 3401.00,600
1818,09:30:01,$ 3401.00,9
1819,09:30:01,$ 3401.00,1
1820,09:30:01,$ 3401.00,30
1821,09:30:01,$ 3401.00,117
1822,09:30:01,$ 3401.00,3
1823,09:30:01,$ 3401.00,5
1824,09:30:01,$ 3401.00,1
1825,09:30:01,$ 3401.00,4
1826,09:30:01,$ 3401.00,150
1828,09:30:01,$ 3401.00,185
1829,09:30:01,$ 3401.00,30
1830,09:30:01,$ 3401.00,1
1831,09:30:01,$ 3401.00,1
1832,09:30:01,$ 3401.00,71
1833,09:30:01,$ 3401.00,4
1834,09:30:01,$ 3401.00,1
1835,09:30:01,$ 3401.00,5
1836,09:30:01,$ 3401.00,6
1837,09:30:01,$ 3401.00,12
1838,09:30:01,$ 3401.00,13
1839,09:30:01,$ 3401.00,21
1840,09:30:01,$ 3401.00,3
1841,09:30:01,$ 3401.00,1
1842,09:30:01,$ 3401.00,174
1843,09:30:01,$ 3401.00,9
1844,09:30:01,$ 3401.00,1
1845,09:30:01,$ 3401.00,4
1846,09:30:01,$ 3401.00,90
1847,09:30:01,$ 3401.00,71
1849,09:30:01,$ 3401.00,48
1850,09:30:01,$ 3401.00,100
1851,09:30:01,$ 3401.00,1
1852,09:30:01,$ 3401.00,4
1853,09:30:01,$ 3401.00,2
1854,09:30:01,$ 3401.00,2
1855,09:30:01,$ 3401.00,1
1856,09:30:01,$ 3401.00,1
1857,09:30:01,$ 3401.00,1
1858,09:30:01,$ 3401.00,2
1859,09:30:01,$ 3401.00,7
1860,09:30:01,$ 3401.00,5
1861,09:30:01,$ 3401.00,9
1862,09:30:01,$ 3401.00,2
1863,09:30:01,$ 3401.00,1
1864,09:30:01,$ 3401.00,8
1865,09:30:01,$ 3401.00,10
1866,09:30:01,$ 3401.00,100
1867,09:30:01,$ 3401.00,5
1868,09:30:01,$ 3401.00,2
1870,09:30:01,$ 3401.00,1
1871,09:30:01,$ 3401.00,15
1872,09:30:01,$ 3401.00,1
1873,09:30:01,$ 3401.00,3
1874,09:30:01,$ 3401.00,2
1875,09:30:01,$ 3401.00,1
1876,09:30:01,$ 3401.00,1
1877,09:30:01,$ 3401.00,7
1878,09:30:01,$ 3401.00,21
1879,09:30:01,$ 3401.00,3
1880,09:30:01,$ 3401.00,1
1881,09:30:01,$ 3401.00,21
1882,09:30:01,$ 3401.00,18
1883,09:30:01,$ 3401.00,5
1884,09:30:01,$ 3401.00,7
1885,09:30:01,$ 3401.00,1
1886,09:30:01,$ 3401.00,10
1887,09:30:01,$ 3401.00,2
1888,09:30:01,$ 3401.00,1
1889,09:30:01,$ 3401.00,25
1891,09:30:01,$ 3401.00,1
1892,09:30:01,$ 3401.00,3
1893,09:30:01,$ 3401.00,1
1894,09:30:01,$ 3401.00,2
1895,09:30:01,$ 3401.00,1
1896,09:30:01,$ 3401.00,1
1897,09:30:01,$ 3401.00,1
1898,09:30:01,$ 3401.00,167
1899,09:30:01,$ 3401.00,16
1900,09:30:01,$ 3401.00,3
1901,09:30:01,$ 3401.00,2
1902,09:30:01,$ 3401.00,1
1903,09:30:01,$ 3401.00,1
1904,09:30:01,$ 3401.00,3
1905,09:30:01,$ 3401.00,4
1906,09:30:01,$ 3401.00,3
1907,09:30:01,$ 3401.00,1
1908,09:30:01,$ 3401.00,7
1909,09:30:01,$ 3401.00,6
1910,09:30:01,$ 3401.00,4
1912,09:30:01,$ 3401.00,6
1913,09:30:01,$ 3401.00,22
1914,09:30:01,$ 3401.00,5
1915,09:30:01,$ 3401.00,3
1916,09:30:01,$ 3401.00,2
1917,09:30:01,$ 3401.00,1
1918,09:30:01,$ 3401.00,4
1919,09:30:01,$ 3401.00,6
1920,09:30:01,$ 3401.00,10
1921,09:30:01,$ 3401.00,10
1922,09:30:01,$ 3401.00,25
1923,09:30:01,$ 3401.00,70
1924,09:30:01,$ 3401.00,10
1925,09:30:01,$ 3401.00,2
1926,09:30:01,$ 3401.00,1
1927,09:30:01,$ 3401.00,1
1928,09:30:01,$ 3401.00,1
1929,09:30:01,$ 3401.00,1
1930,09:30:01,$ 3401.00,109
1931,09:30:01,$ 3401.00,22
1933,09:30:01,$ 3401.00,94
1934,09:30:01,$ 3401.00,3
1935,09:30:01,$ 3401.00,1
1936,09:30:01,$ 3401.00,3
1937,09:30:01,$ 3401.00,3
1938,09:30:01,$ 3401.00,1
1939,09:30:01,$ 3401.00,4
1940,09:30:01,$ 3401.00,3
1941,09:30:01,$ 3401.00,1
1942,09:30:01,$ 3401.00,2
1943,09:30:01,$ 3401.00,1
1944,09:30:01,$ 3401.00,1
1945,09:30:01,$ 3401.00,1
1946,09:30:01,$ 3401.00,50
1947,09:30:01,$ 3401.00,5
1948,09:30:01,$ 3401.00,11
1949,09:30:01,$ 3401.00,5
1950,09:30:01,$ 3401.00,1
1951,09:30:01,$ 3401.00,8
1952,09:30:01,$ 3401.00,1
1954,09:30:01,$ 3401.00,2
1955,09:30:01,$ 3401.00,4
1956,09:30:01,$ 3401.00,1
1957,09:30:01,$ 3401.00,1
1958,09:30:01,$ 3401.00,73
1959,09:30:01,$ 3401.00,25
1960,09:30:01,$ 3401.00,1
1961,09:30:01,$ 3401.00,2
1962,09:30:01,$ 3401.00,20
1963,09:30:01,$ 3401.00,1
1964,09:30:01,$ 3401.00,1
1965,09:30:01,$ 3401.00,3
1966,09:30:01,$ 3401.00,10
1967,09:30:01,$ 3401.00,10
1968,09:30:01,$ 3401.00,1
1969,09:30:01,$ 3401.00,2
1970,09:30:01,$ 3401.00,4
1971,09:30:01,$ 3401.00,1
1972,09:30:01,$ 3401.00,20
1973,09:30:01,$ 3401.00,3
1975,09:30:01,$ 3401.00,4
1976,09:30:01,$ 3401.00,5
1977,09:30:01,$ 3401.00,75
1978,09:30:01,$ 3401.00,5
1979,09:30:01,$ 3401.00,1
1980,09:30:01,$ 3401.00,1
1981,09:30:01,$ 3401.00,5
1982,09:30:01,$ 3401.00,4
1983,09:30:01,$ 3401.00,1
1984,09:30:01,$ 3401.00,2
1985,09:30:01,$ 3401.00,"2,000"
1986,09:30:01,$ 3401.00,20
1987,09:30:01,$ 3401.00,2
1988,09:30:01,$ 3401.00,8
1989,09:30:01,$ 3401.00,8
1990,09:30:01,$ 3401.00,5
1991,09:30:01,$ 3401.00,25
1992,09:30:01,$ 3401.00,3
1993,09:30:01,$ 3401.00,1
1994,09:30:01,$ 3401.00,68
1996,09:30:01,$ 3401.00,1
1997,09:30:01,$ 3401.00,5
1998,09:30:01,$ 3401.00,1
1999,09:30:01,$ 3401.00,5
2000,09:30:01,$ 3401.00,2
2001,09:30:01,$ 3401.00,41
2002,09:30:01,$ 3401.00,25
2003,09:30:01,$ 3401.00,5
2004,09:30:01,$ 3401.00,1
2005,09:30:01,$ 3401.00,15
2006,09:30:01,$ 3401.00,1
2007,09:30:01,$ 3401.00,5
2008,09:30:01,$ 3401.00,2
2009,09:30:01,$ 3401.00,5
2010,09:30:01,$ 3401.00,5
2011,09:30:01,$ 3401.00,35
2012,09:30:01,$ 3401.00,4
2013,09:30:01,$ 3401.00,1
2014,09:30:01,$ 3401.00,5
2015,09:30:01,$ 3401.00,5
2017,09:30:01,$ 3401.00,6
2018,09:30:01,$ 3401.00,2
2019,09:30:01,$ 3401.00,6
2020,09:30:01,$ 3401.00,5
2021,09:30:01,$ 3401.00,4
2022,09:30:01,$ 3401.00,29
2023,09:30:01,$ 3401.00,2
2024,09:30:01,$ 3401.00,5
2025,09:30:01,$ 3401.00,11
2026,09:30:01,$ 3401.00,1
2027,09:30:01,$ 3401.00,11
2028,09:30:01,$ 3401.00,1
2029,09:30:01,$ 3401.00,6
2030,09:30:01,$ 3401.00,6
2031,09:30:01,$ 3401.00,5
2032,09:30:01,$ 3401.00,2
2033,09:30:01,$ 3401.00,5
2034,09:30:01,$ 3401.00,2
2035,09:30:01,$ 3401.00,1
2036,09:30:01,$ 3401.00,100
2038,09:30:01,$ 3401.00,1
2039,09:30:01,$ 3401.00,1
2040,09:30:01,$ 3401.00,10
2041,09:30:01,$ 3401.00,1
2042,09:30:01,$ 3401.00,1
2043,09:30:01,$ 3401.00,3
2044,09:30:01,$ 3401.00,1
2045,09:30:01,$ 3401.00,1
2046,09:30:01,$ 3401.00,1
2047,09:30:01,$ 3401.00,1
2048,09:30:01,$ 3401.00,1
2049,09:30:01,$ 3401.00,2
2050,09:30:01,$ 3401.00,20
2051,09:30:01,$ 3401.00,1
2052,09:30:01,$ 3401.00,4
2053,09:30:01,$ 3401.00,1
2054,09:30:01,$ 3401.00,3
2055,09:30:01,$ 3401.00,1
2056,09:30:01,$ 3401.00,2
2057,09:30:01,$ 3401.00,12
2059,09:30:01,$ 3401.00,10
2060,09:30:01,$ 3401.00,10
2061,09:30:01,$ 3401.00,3
2062,09:30:01,$ 3401.00,1
2063,09:30:01,$ 3401.00,5
2064,09:30:01,$ 3401.00,1
2065,09:30:01,$ 3401.00,1
2066,09:30:01,$ 3401.00,131
2067,09:30:01,$ 3401.00,1
2068,09:30:01,$ 3401.00,1
2069,09:30:01,$ 3401.00,1
2070,09:30:01,$ 3401.00,20
2071,09:30:01,$ 3401.00,1
2072,09:30:01,$ 3401.00,2
2073,09:30:01,$ 3401.00,7
2074,09:30:01,$ 3401.00,2
2075,09:30:01,$ 3401.00,1
2076,09:30:01,$ 3401.00,18
2077,09:30:01,$ 3401.00,1
2078,09:30:01,$ 3401.00,2
2080,09:30:01,$ 3401.00,3
2081,09:30:01,$ 3401.00,3
2082,09:30:01,$ 3401.00,22
2083,09:30:01,$ 3401.00,10
2084,09:30:01,$ 3401.00,5
2085,09:30:01,$ 3401.00,10
2086,09:30:01,$ 3401.00,4
2087,09:30:01,$ 3401.00,5
2088,09:30:01,$ 3401.00,13
2089,09:30:01,$ 3401.00,1
2090,09:30:01,$ 3401.00,3
2091,09:30:01,$ 3401.00,1
2092,09:30:01,$ 3401.00,2
2093,09:30:01,$ 3401.00,1
2094,09:30:01,$ 3401.00,1
2095,09:30:01,$ 3401.00,1
2096,09:30:01,$ 3401.00,8
2097,09:30:01,$ 3401.00,3
2098,09:30:01,$ 3401.00,1
2099,09:30:01,$ 3401.00,2
2101,09:30:01,$ 3401.00,15
2102,09:30:01,$ 3401.00,1
2103,09:30:01,$ 3401.00,2
2104,09:30:01,$ 3401.00,1
2105,09:30:01,$ 3401.00,1
2106,09:30:01,$ 3401.00,2
2107,09:30:01,$ 3401.00,2
2108,09:30:01,$ 3401.00,10
2109,09:30:01,$ 3401.00,4
2110,09:30:01,$ 3401.00,1
2111,09:30:01,$ 3401.00,5
2112,09:30:01,$ 3401.00,4
2113,09:30:01,$ 3401.00,5
2114,09:30:01,$ 3401.00,1
2115,09:30:01,$ 3401.00,1
2116,09:30:01,$ 3401.00,2
2117,09:30:01,$ 3401.00,3
2118,09:30:01,$ 3401.00,2
2119,09:30:01,$ 3401.00,2
2120,09:30:01,$ 3401.00,1
2122,09:30:01,$ 3401.00,1
2123,09:30:01,$ 3401.00,6
2124,09:30:01,$ 3401.00,1
2125,09:30:01,$ 3401.00,2
2126,09:30:01,$ 3401.00,5
2127,09:30:01,$ 3401.00,1
2128,09:30:01,$ 3401.00,4
2129,09:30:01,$ 3401.00,2
2130,09:30:01,$ 3401.00,5
2131,09:30:01,$ 3401.00,3
2132,09:30:01,$ 3401.00,3
2133,09:30:01,$ 3401.00,2
2134,09:30:01,$ 3401.00,3
2135,09:30:01,$ 3401.00,1
2136,09:30:01,$ 3401.00,2
2137,09:30:01,$ 3401.00,2
2138,09:30:01,$ 3401.00,6
2139,09:30:01,$ 3401.00,2
2140,09:30:01,$ 3401.00,2
2141,09:30:01,$ 3401.00,2
2143,09:30:01,$ 3401.00,1
2144,09:30:01,$ 3401.00,3
2145,09:30:01,$ 3401.00,2
2146,09:30:01,$ 3401.00,2
2147,09:30:01,$ 3401.00,1
2148,09:30:01,$ 3401.00,8
2149,09:30:01,$ 3401.00,3
2150,09:30:01,$ 3401.00,5
2151,09:30:01,$ 3401.00,2
2152,09:30:01,$ 3401.00,1
2153,09:30:01,$ 3401.00,1
2154,09:30:01,$ 3401.00,1
2155,09:30:01,$ 3401.00,2
2156,09:30:01,$ 3401.00,2
2157,09:30:01,$ 3401.00,2
2158,09:30:01,$ 3401.00,1
2159,09:30:01,$ 3401.00,1
2160,09:30:01,$ 3401.00,70
2161,09:30:01,$ 3401.00,1
2162,09:30:01,$ 3401.00,5
2164,09:30:01,$ 3401.00,15
2165,09:30:01,$ 3401.00,3
2166,09:30:01,$ 3401.00,10
2167,09:30:01,$ 3401.00,3
2168,09:30:01,$ 3401.00,1
2169,09:30:01,$ 3401.00,2
2170,09:30:01,$ 3401.00,3
2171,09:30:01,$ 3401.00,2
2172,09:30:01,$ 3401.00,2
2173,09:30:01,$ 3401.00,30
2174,09:30:01,$ 3401.00,2
2175,09:30:01,$ 3401.00,3
2176,09:30:01,$ 3401.00,3
2177,09:30:01,$ 3401.00,2
2178,09:30:01,$ 3401.00,1
2179,09:30:01,$ 3401.00,1
2180,09:30:01,$ 3401.00,1
2181,09:30:01,$ 3401.00,2
2182,09:30:01,$ 3401.00,1
2183,09:30:01,$ 3401.00,1
2185,09:30:01,$ 3401.00,1
2186,09:30:01,$ 3401.00,5
2187,09:30:01,$ 3401.00,4
2188,09:30:01,$ 3401.00,1
2189,09:30:01,$ 3401.00,1
2190,09:30:01,$ 3401.00,19
2191,09:30:01,$ 3401.00,1
2192,09:30:01,$ 3401.00,1
2193,09:30:01,$ 3401.00,10
2194,09:30:01,$ 3401.00,1
2195,09:30:01,$ 3401.00,1
2196,09:30:01,$ 3401.00,3
2197,09:30:01,$ 3401.00,2
2198,09:30:01,$ 3401.00,2
2199,09:30:01,$ 3401.00,2
2200,09:30:01,$ 3401.00,10
2201,09:30:01,$ 3401.00,5
2202,09:30:01,$ 3401.00,3
2203,09:30:01,$ 3401.00,1
2204,09:30:01,$ 3401.00,1
2206,09:30:01,$ 3401.00,10
2207,09:30:01,$ 3401.00,1
2208,09:30:01,$ 3401.00,1
2209,09:30:01,$ 3401.00,1
2210,09:30:01,$ 3401.00,1
2211,09:30:01,$ 3401.00,1
2212,09:30:01,$ 3401.00,1
2213,09:30:01,$ 3401.00,10
2214,09:30:01,$ 3401.00,2
2215,09:30:01,$ 3401.00,1
2216,09:30:01,$ 3401.00,1
2217,09:30:01,$ 3401.00,3
2218,09:30:01,$ 3401.00,7
2219,09:30:01,$ 3401.00,30
2220,09:30:01,$ 3401.00,38
2221,09:30:01,$ 3401.00,4
2222,09:30:01,$ 3401.00,1
2223,09:30:01,$ 3401.00,1
2224,09:30:01,$ 3401.00,97
2225,09:30:01,$ 3401.00,3
2227,09:30:01,$ 3401.00,1
2228,09:30:01,$ 3401.00,3
2229,09:30:01,$ 3401.00,2
2230,09:30:01,$ 3401.00,2
2231,09:30:01,$ 3401.00,4
2232,09:30:01,$ 3401.00,14
2233,09:30:01,$ 3401.00,11
2234,09:30:01,$ 3401.00,1
2235,09:30:01,$ 3401.00,3
2236,09:30:01,$ 3401.00,2
2237,09:30:01,$ 3401.00,1
2238,09:30:01,$ 3401.00,1
2239,09:30:01,$ 3401.00,1
2240,09:30:01,$ 3401.00,1
2241,09:30:01,$ 3401.00,6
2242,09:30:01,$ 3401.00,1
2243,09:30:01,$ 3401.00,1
2244,09:30:01,$ 3401.00,1
2245,09:30:01,$ 3401.00,1
2246,09:30:01,$ 3401.00,8
2248,09:30:01,$ 3401.00,1
2249,09:30:01,$ 3401.00,5
2250,09:30:01,$ 3401.00,1
2251,09:30:01,$ 3401.00,4
2252,09:30:01,$ 3401.00,1
2253,09:30:01,$ 3401.00,20
2254,09:30:01,$ 3401.00,3
2255,09:30:01,$ 3401.00,1
2256,09:30:01,$ 3401.00,10
2257,09:30:01,$ 3401.00,80
2258,09:30:01,$ 3401.00,4
2259,09:30:01,$ 3401.00,1
2260,09:30:01,$ 3401.00,2
2261,09:30:01,$ 3401.00,3
2262,09:30:01,$ 3401.00,30
2263,09:30:01,$ 3401.00,1
2264,09:30:01,$ 3401.00,4
2265,09:30:01,$ 3401.00,1
2266,09:30:01,$ 3401.00,10
2267,09:30:01,$ 3401.00,3
2269,09:30:01,$ 3401.00,2
2270,09:30:01,$ 3401.00,63
2271,09:30:01,$ 3401.00,6
2272,09:30:01,$ 3401.00,7
2273,09:30:01,$ 3401.00,1
2274,09:30:01,$ 3401.00,2
2275,09:30:01,$ 3401.00,1
2276,09:30:01,$ 3401.00,100
2277,09:30:01,$ 3401.00,14
2278,09:30:01,$ 3401.00,4
2279,09:30:01,$ 3401.00,1
2280,09:30:01,$ 3401.00,7
2281,09:30:01,$ 3401.00,25
2282,09:30:01,$ 3401.00,2
2283,09:30:01,$ 3401.00,18
2284,09:30:01,$ 3401.00,1
2285,09:30:01,$ 3401.00,4
2286,09:30:01,$ 3401.00,30
2287,09:30:01,$ 3401.00,20
2288,09:30:01,$ 3401.00,2
2290,09:30:01,$ 3401.00,1
2291,09:30:01,$ 3401.00,3
2292,09:30:01,$ 3401.00,10
2293,09:30:01,$ 3401.00,1
2294,09:30:01,$ 3401.00,1
2295,09:30:01,$ 3401.00,1
2296,09:30:01,$ 3401.00,5
2297,09:30:01,$ 3401.00,5
2298,09:30:01,$ 3401.00,15
2299,09:30:01,$ 3401.00,1
2300,09:30:01,$ 3401.00,1
2301,09:30:01,$ 3401.00,500
2302,09:30:01,$ 3401.00,500
2303,09:30:01,$ 3401.00,200
2304,09:30:01,$ 3401.00,7
2305,09:30:01,$ 3401.00,10
2306,09:30:01,$ 3401.00,25
2307,09:30:01,$ 3401.00,10
2308,09:30:01,$ 3401.00,25
2309,09:30:01,$ 3401.00,100
2311,09:30:01,$ 3401.00,2
2312,09:30:01,$ 3401.00,2
2313,09:30:01,$ 3401.00,2
2314,09:30:01,$ 3401.00,2
2315,09:30:01,$ 3401.00,300
2316,09:30:01,$ 3401.00,400
2317,09:30:01,$ 3401.00,25
2318,09:30:01,$ 3401.00,25
2319,09:30:01,$ 3401.00,25
2320,09:30:01,$ 3401.00,25
2321,09:30:01,$ 3401.00,162
2322,09:30:01,$ 3401.00,143
2323,09:30:01,$ 3401.00,29
2324,09:30:01,$ 3401.00,14
2325,09:30:01,$ 3401.00,80
2326,09:30:01,$ 3401.00,220
2327,09:30:01,$ 3401.00,88
2328,09:30:01,$ 3401.00,310
2329,09:30:01,$ 3401.00,391
2330,09:30:01,$ 3401.00,705
2332,09:30:01,$ 3401.00,1
2333,09:30:01,$ 3401.00,2
2334,09:30:01,$ 3401.00,2
2335,09:30:01,$ 3401.00,5
2336,09:30:01,$ 3401.00,25
2337,09:30:01,$ 3401.00,3
2338,09:30:01,$ 3401.00,40
2339,09:30:01,$ 3401.00,2
2340,09:30:01,$ 3401.00,10
2341,09:30:01,$ 3401.00,3
2342,09:30:01,$ 3401.00,3
2343,09:30:01,$ 3401.00,3
2344,09:30:01,$ 3401.00,1
2345,09:30:01,$ 3401.00,5
2346,09:30:01,$ 3401.00,1
2347,09:30:01,$ 3401.00,1
2348,09:30:01,$ 3401.00,1
2349,09:30:01,$ 3401.00,15
2350,09:30:01,$ 3401.00,3
2351,09:30:01,$ 3401.00,1
2353,09:30:01,$ 3401.00,1
2354,09:30:01,$ 3401.00,1
2355,09:30:01,$ 3401.00,2
2356,09:30:01,$ 3401.00,1
2357,09:30:01,$ 3401.00,2
2358,09:30:01,$ 3401.00,20
2359,09:30:01,$ 3401.00,1
2360,09:30:01,$ 3401.00,2
2361,09:30:01,$ 3401.00,10
2362,09:30:01,$ 3401.00,2
2363,09:30:01,$ 3401.00,1
2364,09:30:01,$ 3401.00,7
2365,09:30:01,$ 3401.00,1
2366,09:30:01,$ 3401.00,1
2367,09:30:01,$ 3401.00,101
2368,09:30:01,$ 3401.00,5
2369,09:30:01,$ 3401.00,1
2370,09:30:01,$ 3401.00,1
2371,09:30:01,$ 3401.00,14
2372,09:30:01,$ 3401.00,1
2374,09:30:01,$ 3401.00,100
2375,09:30:01,$ 3401.00,1
2376,09:30:01,$ 3401.00,4
2377,09:30:01,$ 3401.00,10
2378,09:30:01,$ 3401.00,5
2379,09:30:01,$ 3401.00,1
2380,09:30:01,$ 3401.00,1
2381,09:30:01,$ 3401.00,2
2382,09:30:01,$ 3401.00,3
2383,09:30:01,$ 3401.00,3
2384,09:30:01,$ 3401.00,100
2385,09:30:01,$ 3401.00,2
2386,09:30:01,$ 3401.00,500
2387,09:30:01,$ 3401.00,1
2388,09:30:01,$ 3401.00,10
2389,09:30:01,$ 3401.00,8
2390,09:30:01,$ 3401.00,5
2391,09:30:01,$ 3401.00,1
2392,09:30:01,$ 3401.00,8
2393,09:30:01,$ 3401.00,1
2395,09:30:01,$ 3401.00,9
2396,09:30:01,$ 3401.00,3
2397,09:30:01,$ 3401.00,1
2398,09:30:01,$ 3401.00,1
2399,09:30:01,$ 3401.00,1
2400,09:30:01,$ 3401.00,2
2401,09:30:01,$ 3401.00,1
2402,09:30:01,$ 3401.00,1
2403,09:30:01,$ 3401.00,2
2404,09:30:01,$ 3401.00,10
2405,09:30:01,$ 3401.00,10
2406,09:30:01,$ 3401.00,1
2407,09:30:01,$ 3401.00,10
2408,09:30:01,$ 3401.00,4
2409,09:30:01,$ 3401.00,1
2410,09:30:01,$ 3401.00,1
2411,09:30:01,$ 3401.00,300
2412,09:30:01,$ 3401.00,3
2413,09:30:01,$ 3401.00,100
2414,09:30:01,$ 3401.00,5
2416,09:30:01,$ 3401.00,7
2417,09:30:01,$ 3401.00,100
2418,09:30:01,$ 3401.00,2
2419,09:30:01,$ 3401.00,1
2420,09:30:01,$ 3401.00,2
2421,09:30:01,$ 3401.00,1
2422,09:30:01,$ 3401.00,6
2423,09:30:01,$ 3401.00,5
2424,09:30:01,$ 3401.00,4
2425,09:30:01,$ 3401.00,1
2426,09:30:01,$ 3401.00,38
2427,09:30:01,$ 3401.00,1
2428,09:30:01,$ 3401.00,15
2429,09:30:01,$ 3401.00,"1,000"
2430,09:30:01,$ 3401.00,2
2431,09:30:01,$ 3401.00,6
2432,09:30:01,$ 3401.00,1
2433,09:30:01,$ 3401.00,1
2434,09:30:01,$ 3401.00,1
2435,09:30:01,$ 3401.00,1
2437,09:30:01,$ 3401.00,1
2438,09:30:01,$ 3401.00,1
2439,09:30:01,$ 3401.00,1
2440,09:30:01,$ 3401.00,1
2441,09:30:01,$ 3401.00,7
2442,09:30:01,$ 3401.00,2
2443,09:30:01,$ 3401.00,25
2444,09:30:01,$ 3401.00,3
2445,09:30:01,$ 3401.00,3
2446,09:30:01,$ 3401.00,1
2447,09:30:01,$ 3401.00,1
2448,09:30:01,$ 3401.00,28
2449,09:30:01,$ 3401.00,4
2450,09:30:01,$ 3401.00,14
2451,09:30:01,$ 3401.00,2
2452,09:30:01,$ 3401.00,8
2453,09:30:01,$ 3401.00,5
2454,09:30:01,$ 3401.00,1
2455,09:30:01,$ 3401.00,1
2456,09:30:01,$ 3401.00,10
2458,09:30:01,$ 3401.00,28
2459,09:30:01,$ 3401.00,10
2460,09:30:01,$ 3401.00,91
2461,09:30:01,$ 3401.00,81
2462,09:30:01,$ 3401.00,10
2463,09:30:01,$ 3401.00,3
2464,09:30:01,$ 3401.00,343
2465,09:30:01,$ 3401.00,100
2466,09:30:01,$ 3401.00,4
2467,09:30:01,$ 3401.00,1
2468,09:30:01,$ 3401.00,2
2469,09:30:01,$ 3401.00,8
2470,09:30:01,$ 3401.00,2
2471,09:30:01,$ 3401.00,1
2472,09:30:01,$ 3401.00,14
2473,09:30:01,$ 3401.00,1
2474,09:30:01,$ 3401.00,1
2475,09:30:01,$ 3401.00,10
2476,09:30:01,$ 3401.00,1
2477,09:30:01,$ 3401.00,3
2479,09:30:01,$ 3401.00,2
2480,09:30:01,$ 3401.00,2
2481,09:30:01,$ 3401.00,1
2482,09:30:01,$ 3401.00,1
2483,09:30:01,$ 3401.00,8
2484,09:30:01,$ 3401.00,11
2485,09:30:01,$ 3401.00,8
2486,09:30:01,$ 3401.00,1
2487,09:30:01,$ 3401.00,6
2488,09:30:01,$ 3401.00,1
2489,09:30:01,$ 3401.00,2
2490,09:30:01,$ 3401.00,3
2491,09:30:01,$ 3401.00,1
2492,09:30:01,$ 3401.00,2
2493,09:30:01,$ 3401.00,3
2494,09:30:01,$ 3401.00,2
2495,09:30:01,$ 3401.00,10
2496,09:30:01,$ 3401.00,1
2497,09:30:01,$ 3401.00,1
2498,09:30:01,$ 3401.00,1
2500,09:30:01,$ 3401.00,1
2501,09:30:01,$ 3401.00,11
2502,09:30:01,$ 3401.00,38
2503,09:30:01,$ 3401.00,1
2504,09:30:01,$ 3401.00,1
2505,09:30:01,$ 3401.00,1
2506,09:30:01,$ 3401.00,1
2507,09:30:01,$ 3401.00,1
2508,09:30:01,$ 3401.00,30
2509,09:30:01,$ 3401.00,1
2510,09:30:01,$ 3401.00,1
2511,09:30:01,$ 3401.00,25
2512,09:30:01,$ 3401.00,2
2513,09:30:01,$ 3401.00,2
2514,09:30:01,$ 3401.00,5
2515,09:30:01,$ 3401.00,30
2516,09:30:01,$ 3401.00,40
2517,09:30:01,$ 3401.00,1
2518,09:30:01,$ 3401.00,120
2519,09:30:01,$ 3401.00,2
2521,09:30:01,$ 3401.00,3
2522,09:30:01,$ 3401.00,2
2523,09:30:01,$ 3401.00,1
2524,09:30:01,$ 3401.00,8
2525,09:30:01,$ 3401.00,8
2526,09:30:01,$ 3401.00,2
2527,09:30:01,$ 3401.00,63
2528,09:30:01,$ 3401.00,1
2529,09:30:01,$ 3401.00,1
2530,09:30:01,$ 3401.00,2
2531,09:30:01,$ 3401.00,3
2532,09:30:01,$ 3401.00,1
2533,09:30:01,$ 3401.00,1
2534,09:30:01,$ 3401.00,2
2535,09:30:01,$ 3401.00,1
2536,09:30:01,$ 3401.00,1
2537,09:30:01,$ 3401.00,1
2538,09:30:01,$ 3401.00,30
2539,09:30:01,$ 3401.00,1
2540,09:30:01,$ 3401.00,6
2542,09:30:01,$ 3401.00,34
2543,09:30:01,$ 3401.00,40
2544,09:30:01,$ 3401.00,100
2545,09:30:01,$ 3401.00,9
2546,09:30:01,$ 3401.00,4
2547,09:30:01,$ 3401.00,293
2548,09:30:01,$ 3401.00,2
2549,09:30:01,$ 3401.00,4
2550,09:30:01,$ 3401.00,728
2551,09:30:01,$ 3401.00,3
2552,09:30:01,$ 3401.00,2
2553,09:30:01,$ 3401.00,125
2554,09:30:01,$ 3401.00,1
2555,09:30:01,$ 3401.00,5
2556,09:30:01,$ 3401.00,4
2557,09:30:01,$ 3401.00,2
2558,09:30:01,$ 3401.00,7
2559,09:30:01,$ 3401.00,5
2560,09:30:01,$ 3401.00,15
2561,09:30:01,$ 3401.00,818
2563,09:30:01,$ 3401.00,1
2564,09:30:01,$ 3401.00,1
2565,09:30:01,$ 3401.00,4
2566,09:30:01,$ 3401.00,100
2567,09:30:01,$ 3401.00,1
2568,09:30:01,$ 3401.00,7
2569,09:30:01,$ 3401.00,3
2570,09:30:01,$ 3401.00,1
2571,09:30:01,$ 3401.00,19
2572,09:30:01,$ 3401.00,1
2573,09:30:01,$ 3401.00,52
2574,09:30:01,$ 3401.00,86
2575,09:30:01,$ 3401.00,626
2576,09:30:01,$ 3401.00,1
2577,09:30:01,$ 3401.00,1
2578,09:30:01,$ 3401.00,1
2579,09:30:01,$ 3401.00,1
2580,09:30:01,$ 3401.00,1
2581,09:30:01,$ 3401.00,1
2582,09:30:01,$ 3401.00,1
2584,09:30:01,$ 3401.00,1
2585,09:30:01,$ 3401.00,1
2586,09:30:01,$ 3401.00,1
2587,09:30:01,$ 3401.00,1
2588,09:30:01,$ 3401.00,1
2589,09:30:01,$ 3401.00,1
2590,09:30:01,$ 3401.00,1
2591,09:30:01,$ 3401.00,1
2592,09:30:01,$ 3401.00,1
2593,09:30:01,$ 3401.00,1
2594,09:30:01,$ 3401.00,1
2595,09:30:01,$ 3401.00,1
2596,09:30:01,$ 3401.00,1
2597,09:30:01,$ 3401.00,1
2598,09:30:01,$ 3401.00,1
2599,09:30:01,$ 3401.00,1
2600,09:30:01,$ 3401.00,1
2601,09:30:01,$ 3401.00,1
2602,09:30:01,$ 3401.00,1
2603,09:30:01,$ 3401.00,2
2605,09:30:01,$ 3401.00,1
2606,09:30:01,$ 3401.00,4
2607,09:30:01,$ 3401.00,4
2608,09:30:01,$ 3401.00,1
2609,09:30:01,$ 3401.00,1
2610,09:30:01,$ 3401.00,1
2611,09:30:01,$ 3401.00,1
2612,09:30:01,$ 3401.00,1
2613,09:30:01,$ 3401.00,1
2614,09:30:01,$ 3401.00,1
2615,09:30:01,$ 3401.00,1
2616,09:30:01,$ 3401.00,1
2617,09:30:01,$ 3401.00,1
2618,09:30:01,$ 3401.00,1
2619,09:30:01,$ 3401.00,2
2620,09:30:01,$ 3401.00,1
2621,09:30:01,$ 3401.00,12
2622,09:30:01,$ 3401.00,9
2623,09:30:01,$ 3401.00,2
2624,09:30:01,$ 3401.00,1
2626,09:30:01,$ 3401.00,1
2627,09:30:01,$ 3401.00,1
2628,09:30:01,$ 3401.00,10
2629,09:30:01,$ 3401.00,1
2630,09:30:01,$ 3401.00,2
2631,09:30:01,$ 3401.00,1
2632,09:30:01,$ 3401.00,1
2633,09:30:01,$ 3401.00,28
2634,09:30:01,$ 3401.00,3
2635,09:30:01,$ 3401.00,2
2636,09:30:01,$ 3401.00,3
2637,09:30:01,$ 3401.00,13
2638,09:30:01,$ 3401.00,2
2639,09:30:01,$ 3401.00,3
2640,09:30:01,$ 3401.00,1
2641,09:30:01,$ 3401.00,1
2642,09:30:01,$ 3401.00,1
2643,09:30:01,$ 3401.00,2
2644,09:30:01,$ 3401.00,1
2645,09:30:01,$ 3401.00,23
2647,09:30:01,$ 3401.00,2
2648,09:30:01,$ 3401.00,1
2649,09:30:01,$ 3401.00,2
2650,09:30:01,$ 3401.00,2
2651,09:30:01,$ 3401.00,4
2652,09:30:01,$ 3401.00,3
2653,09:30:01,$ 3401.00,1
2654,09:30:01,$ 3401.00,2
2655,09:30:01,$ 3401.00,1
2656,09:30:01,$ 3401.00,3
2657,09:30:01,$ 3401.00,2
2658,09:30:00,$ 3401.00,25
2659,09:30:00,$ 3401.00,25
2660,09:30:00,$ 3401.00,30
2661,09:30:00,$ 3401.00,1
2662,09:30:00,$ 3401.00,1
2663,09:30:00,$ 3401.00,100
2664,09:30:00,$ 3401.00,300
2665,09:30:00,$ 3401.00,63
2666,09:30:00,$ 3401.00,10
2668,09:30:00,$ 3401.00,99
2670,10:29:57,$ 3429.00,100
2671,10:29:57,$ 3429.00,400
2672,10:29:55,$ 3429.19,100
2673,10:29:52,$ 3428.445,360
2674,10:29:49,$ 3429.95,100
2675,10:29:49,$ 3429.295,100
2676,10:29:44,$ 3428.57,100
2677,10:29:43,$ 3428.73,100
2678,10:29:39,$ 3429.365,100
2679,10:29:37,$ 3429.165,100
2680,10:29:16,$ 3429.02,100
2681,10:29:11,$ 3429.92,100
2682,10:29:11,$ 3429.93,100
2683,10:29:11,$ 3429.93,100
2684,10:29:11,$ 3429.92,100
2685,10:29:08,$ 3430.54,100
2686,10:28:57,$ 3429.13,100
2687,10:28:41,$ 3429.645,100
2688,10:28:40,$ 3428.962,100
2689,10:28:35,$ 3428.755,100
2691,10:28:32,$ 3429.29,130
2692,10:28:19,$ 3430.44,100
2693,10:28:17,$ 3429.3275,100
2694,10:28:17,$ 3429.20,100
2695,10:28:15,$ 3430.13,100
2696,10:28:12,$ 3429.03,100
2697,10:28:07,$ 3429.88,100
2698,10:28:06,$ 3428.86,100
2699,10:27:42,$ 3429.32,100
2700,10:27:42,$ 3429.3669,200
2701,10:27:33,$ 3429.7299,100
2702,10:27:18,$ 3429.705,100
2703,10:27:16,$ 3429.70,100
2704,10:27:11,$ 3430.26,100
2705,10:27:10,$ 3431.00,100
2706,10:26:59,$ 3430.05,100
2707,10:26:59,$ 3429.445,100
2708,10:26:52,$ 3428.48,100
2709,10:26:44,$ 3428.00,250
2710,10:26:38,$ 3427.90,100
2712,10:26:26,$ 3427.87,100
2713,10:26:19,$ 3427.40,100
2714,10:26:18,$ 3426.74,100
2715,10:26:09,$ 3426.00,100
2716,10:25:59,$ 3426.215,100
2717,10:25:59,$ 3426.31,100
2718,10:25:39,$ 3425.83,100
2719,10:25:38,$ 3425.335,100
2720,10:25:26,$ 3424.87,100
2721,10:25:26,$ 3424.92,125
2722,10:25:16,$ 3426.36,100
2723,10:25:16,$ 3425.64,190
2724,10:25:14,$ 3426.00,475
2725,10:24:51,$ 3424.56,100
2726,10:24:51,$ 3425.46,100
2727,10:24:43,$ 3424.67,100
2728,10:24:41,$ 3424.56,100
2729,10:24:39,$ 3424.55,100
2730,10:24:39,$ 3425.57,100
2731,10:24:38,$ 3425.475,100
2733,10:24:38,$ 3425.51,100
2734,10:24:38,$ 3425.5971,200
2735,10:24:32,$ 3426.335,100
2736,10:24:31,$ 3425.45,100
2737,10:24:31,$ 3425.42,100
2738,10:24:31,$ 3426.285,100
2739,10:24:31,$ 3426.33,100
2740,10:24:30,$ 3427.29,100
2741,10:24:30,$ 3427.355,100
2742,10:24:30,$ 3426.41,100
2743,10:24:21,$ 3427.28,135
2744,10:24:15,$ 3427.78,100
2745,10:24:15,$ 3427.65,100
2746,10:24:15,$ 3427.72,100
2747,10:24:15,$ 3428.165,100
2748,10:24:15,$ 3428.165,100
2749,10:24:15,$ 3427.92,100
2750,10:24:12,$ 3427.6031,100
2751,10:24:11,$ 3427.81,108
2752,10:24:11,$ 3427.84,100
2754,10:23:57,$ 3427.77,100
2755,10:23:47,$ 3428.40,100
2756,10:23:47,$ 3427.67,198
2757,10:23:46,$ 3429.09,100
2758,10:23:44,$ 3429.09,149
2759,10:23:43,$ 3429.574,306
2760,10:23:43,$ 3429.574,436
2761,10:23:43,$ 3429.57,"1,000"
2762,10:23:40,$ 3430.7457,100
2763,10:23:39,$ 3430.06,100
2764,10:23:39,$ 3430.88,100
2765,10:23:39,$ 3430.80,150
2766,10:23:39,$ 3430.65,100
2767,10:23:39,$ 3431.135,100
2768,10:23:31,$ 3430.655,100
2769,10:23:30,$ 3431.00,200
2770,10:23:25,$ 3430.13,"1,000"
2771,10:23:24,$ 3430.95,995
2772,10:23:01,$ 3430.21,100
2773,10:22:55,$ 3429.31,100
2775,10:22:47,$ 3429.24,100
2776,10:22:47,$ 3429.08,100
2777,10:22:47,$ 3429.81,100
2778,10:22:43,$ 3429.82,100
2779,10:22:35,$ 3429.81,200
2780,10:22:31,$ 3430.78,207
2781,10:22:26,$ 3430.035,100
2782,10:22:26,$ 3429.742,200
2783,10:22:20,$ 3429.935,100
2784,10:22:13,$ 3429.95,100
2785,10:22:13,$ 3429.686,400
2786,10:22:13,$ 3429.53,100
2787,10:22:11,$ 3429.832,500
2788,10:22:11,$ 3429.84,100
2789,10:22:06,$ 3430.135,100
2790,10:22:06,$ 3429.98,100
2791,10:22:05,$ 3430.11,100
2792,10:22:05,$ 3430.15,100
2793,10:22:05,$ 3430.16,100
2794,10:22:05,$ 3430.27,100
2796,10:22:05,$ 3429.96,100
2797,10:22:05,$ 3429.705,100
2798,10:22:04,$ 3429.65,200
2799,10:22:04,$ 3429.475,100
2800,10:22:04,$ 3429.515,100
2801,10:22:04,$ 3429.65,200
2802,10:22:03,$ 3430.292,100
2803,10:22:02,$ 3430.40,100
2804,10:22:01,$ 3429.96,400
2805,10:22:00,$ 3430.35,100
2806,10:21:59,$ 3430.83,100
2807,10:21:59,$ 3430.84,100
2808,10:21:59,$ 3429.5758,500
2809,10:21:58,$ 3430.00,250
2810,10:21:58,$ 3430.00,100
2811,10:21:58,$ 3430.00,100
2812,10:21:58,$ 3430.00,100
2813,10:21:58,$ 3430.00,126
2814,10:21:58,$ 3430.00,100
2815,10:21:58,$ 3430.00,100
2817,10:21:56,$ 3429.855,100
2818,10:21:56,$ 3429.705,100
2819,10:21:56,$ 3429.865,100
2820,10:21:54,$ 3429.065,100
2821,10:21:54,$ 3429.00,100
2822,10:21:49,$ 3428.75,100
2823,10:21:45,$ 3428.24,182
2824,10:21:45,$ 3427.99,100
2825,10:21:45,$ 3427.98,100
2826,10:21:45,$ 3428.00,106
2827,10:21:44,$ 3427.865,100
2828,10:21:44,$ 3427.28,100
2829,10:21:39,$ 3428.00,100
2830,10:21:39,$ 3427.83,100
2831,10:21:39,$ 3427.815,100
2832,10:21:39,$ 3427.83,100
2833,10:21:34,$ 3426.50,100
2834,10:21:32,$ 3426.90,100
2835,10:21:19,$ 3426.1125,100
2836,10:21:15,$ 3425.99,100
2838,10:21:13,$ 3426.00,100
2839,10:21:04,$ 3425.01,100
2840,10:21:04,$ 3425.4925,256
2841,10:21:04,$ 3425.495,100
2842,10:20:58,$ 3425.58,100
2843,10:20:58,$ 3425.51,100
2844,10:20:52,$ 3425.24,100
2845,10:20:50,$ 3425.045,100
2846,10:20:39,$ 3424.53,100
2847,10:20:29,$ 3425.335,100
2848,10:20:29,$ 3424.23,100
2849,10:20:29,$ 3424.95,100
2850,10:20:26,$ 3425.20,100
2851,10:19:59,$ 3426.11,100
2852,10:19:54,$ 3426.00,100
2853,10:19:48,$ 3426.00,263
2854,10:19:24,$ 3425.165,100
2855,10:19:24,$ 3425.15,100
2856,10:19:20,$ 3424.775,100
2857,10:19:17,$ 3425.41,100
2859,10:19:16,$ 3425.43,100
2860,10:19:14,$ 3425.22,100
2861,10:19:14,$ 3425.36,100
2862,10:19:14,$ 3425.46,100
2863,10:19:10,$ 3425.24,100
2864,10:19:10,$ 3425.225,100
2865,10:19:08,$ 3425.47,100
2866,10:19:06,$ 3424.865,100
2867,10:18:58,$ 3424.86,100
2868,10:18:48,$ 3424.865,100
2869,10:18:48,$ 3424.865,100
2870,10:18:42,$ 3424.93,100
2871,10:18:37,$ 3425.09,100
2872,10:18:35,$ 3424.89,100
2873,10:18:32,$ 3424.95,100
2874,10:18:32,$ 3424.97,100
2875,10:18:28,$ 3424.535,100
2876,10:18:25,$ 3424.535,100
2877,10:18:24,$ 3424.97,100
2878,10:18:21,$ 3424.80,100
2880,10:18:17,$ 3425.17,100
2881,10:18:01,$ 3425.00,100
2882,10:18:00,$ 3424.82,100
2883,10:17:50,$ 3424.42,100
2884,10:17:50,$ 3424.30,100
2885,10:17:35,$ 3423.89,100
2886,10:17:31,$ 3424.27,100
2887,10:17:02,$ 3424.465,100
2888,10:17:01,$ 3424.69,100
2889,10:17:00,$ 3423.47,100
2890,10:17:00,$ 3423.97,100
2891,10:17:00,$ 3423.79,200
2892,10:17:00,$ 3423.76,100
2893,10:17:00,$ 3423.97,100
2894,10:16:52,$ 3423.50,179
2895,10:16:49,$ 3423.22,100
2896,10:16:49,$ 3424.605,100
2897,10:16:41,$ 3421.2884,200
2898,10:16:18,$ 3423.71,100
2899,10:16:15,$ 3424.69,100
2901,10:16:15,$ 3424.69,100
2902,10:16:15,$ 3424.74,100
2903,10:16:14,$ 3424.71,100
2904,10:16:00,$ 3424.94,200
2905,10:15:57,$ 3424.53,294
2906,10:15:53,$ 3424.14,100
2907,10:15:53,$ 3424.12,100
2908,10:15:50,$ 3423.73,100
2909,10:15:50,$ 3423.725,100
2910,10:15:50,$ 3423.765,100
2911,10:15:49,$ 3423.97,340
2912,10:15:46,$ 3425.225,100
2913,10:15:45,$ 3424.6311,360
2914,10:15:42,$ 3424.75,300
2915,10:15:42,$ 3424.8825,100
2916,10:15:42,$ 3424.6675,100
2917,10:15:38,$ 3423.845,100
2918,10:15:38,$ 3423.845,100
2919,10:15:29,$ 3423.87,100
2920,10:15:12,$ 3423.82,100
2922,10:15:07,$ 3423.815,100
2923,10:15:05,$ 3423.03,100
2924,10:14:52,$ 3422.09,100
2925,10:14:52,$ 3422.955,100
2926,10:14:41,$ 3421.73,100
2927,10:14:37,$ 3421.69,100
2928,10:14:13,$ 3422.01,100
2929,10:14:13,$ 3421.78,100
2930,10:14:10,$ 3421.61,100
2931,10:14:10,$ 3421.61,"1,000"
2932,10:14:08,$ 3421.621,"1,000"
2933,10:14:07,$ 3421.99,100
2934,10:14:07,$ 3421.62,100
2935,10:14:02,$ 3420.83,100
2936,10:14:00,$ 3419.83,100
2937,10:14:00,$ 3420.00,100
2938,10:13:59,$ 3420.711,119
2939,10:13:59,$ 3421.1301,100
2940,10:13:59,$ 3421.1301,100
2941,10:13:59,$ 3421.13,100
2943,10:13:57,$ 3421.3009,"1,000"
2944,10:13:56,$ 3421.37,"1,000"
2945,10:13:50,$ 3420.995,100
2946,10:13:40,$ 3420.875,100
2947,10:13:38,$ 3421.00,134
2948,10:13:37,$ 3421.425,114
2949,10:13:33,$ 3421.54,100
2950,10:13:28,$ 3420.94,100
2951,10:13:11,$ 3420.55,"1,000"
2952,10:13:10,$ 3420.556,"1,000"
2953,10:13:08,$ 3420.4257,"3,000"
2954,10:12:52,$ 3419.77,100
2955,10:12:46,$ 3420.81,123
2956,10:12:24,$ 3421.305,100
2957,10:12:20,$ 3421.185,100
2958,10:12:19,$ 3421.19,100
2959,10:12:19,$ 3421.2175,100
2960,10:12:18,$ 3421.195,"1,000"
2961,10:12:18,$ 3421.0922,"1,000"
2962,10:12:16,$ 3421.47,267
2964,10:12:16,$ 3421.73,100
2965,10:12:16,$ 3421.82,100
2966,10:12:16,$ 3421.89,100
2967,10:12:03,$ 3422.00,100
2968,10:11:56,$ 3420.54,100
2969,10:11:47,$ 3421.28,100
2970,10:11:44,$ 3420.93,100
2971,10:11:36,$ 3421.86,100
2972,10:11:21,$ 3420.61,100
2973,10:11:15,$ 3421.34,100
2974,10:11:11,$ 3420.98,100
2975,10:11:09,$ 3422.00,194
2976,10:10:56,$ 3420.08,100
2977,10:10:56,$ 3420.08,100
2978,10:10:37,$ 3419.16,100
2979,10:10:36,$ 3419.71,100
2980,10:10:30,$ 3418.71,100
2981,10:10:29,$ 3418.71,100
2982,10:10:21,$ 3420.26,100
2983,10:10:20,$ 3420.32,100
2985,10:10:19,$ 3419.90,100
2986,10:10:16,$ 3421.0074,130
2987,10:10:13,$ 3421.21,100
2988,10:09:44,$ 3420.00,200
2989,10:09:43,$ 3420.01,100
2990,10:09:33,$ 3420.93,100
2991,10:09:32,$ 3420.93,100
2992,10:09:32,$ 3420.06,199
2993,10:09:32,$ 3420.93,100
2994,10:09:31,$ 3421.00,100
2995,10:09:31,$ 3421.62,100
2996,10:09:31,$ 3420.98,100
2997,10:09:31,$ 3420.97,100
2998,10:09:31,$ 3420.87,150
2999,10:09:31,$ 3420.98,100
3000,10:09:31,$ 3420.99,100
3001,10:09:31,$ 3420.95,100
3002,10:09:31,$ 3420.87,100
3003,10:09:31,$ 3420.9993,100
3004,10:09:31,$ 3420.97,100
3006,10:09:31,$ 3420.9962,100
3007,10:09:31,$ 3420.9965,100
3008,10:09:31,$ 3420.345,100
3009,10:09:31,$ 3420.74,100
3010,10:09:31,$ 3420.74,200
3011,10:09:31,$ 3420.9965,100
3012,10:09:28,$ 3419.64,100
3013,10:09:25,$ 3419.0227,"1,000"
3014,10:09:11,$ 3419.40,100
3015,10:09:09,$ 3418.88,100
3016,10:08:46,$ 3419.5399,100
3017,10:08:40,$ 3419.85,100
3018,10:08:39,$ 3419.54,100
3019,10:08:20,$ 3419.00,100
3020,10:08:20,$ 3419.01,100
3021,10:08:20,$ 3419.24,100
3022,10:08:16,$ 3418.8144,200
3023,10:08:12,$ 3418.98,100
3024,10:08:10,$ 3418.65,100
3025,10:08:10,$ 3418.48,100
3027,10:08:10,$ 3418.66,100
3028,10:08:10,$ 3418.22,100
3029,10:08:10,$ 3418.34,100
3030,10:08:10,$ 3418.19,182
3031,10:08:10,$ 3418.20,100
3032,10:08:10,$ 3418.905,100
3033,10:08:10,$ 3418.20,100
3034,10:08:10,$ 3418.04,100
3035,10:08:09,$ 3418.46,100
3036,10:08:09,$ 3418.46,100
3037,10:08:09,$ 3419.01,100
3038,10:08:09,$ 3418.81,200
3039,10:08:09,$ 3418.46,100
3040,10:08:09,$ 3418.43,100
3041,10:08:09,$ 3418.46,100
3042,10:07:52,$ 3417.52,100
3043,10:07:52,$ 3417.53,100
3044,10:07:52,$ 3418.00,100
3045,10:07:52,$ 3417.50,100
3046,10:07:52,$ 3418.02,100
3048,10:07:48,$ 3418.51,100
3049,10:07:46,$ 3418.86,100
3050,10:07:45,$ 3418.915,100
3051,10:07:44,$ 3418.915,100
3052,10:07:38,$ 3418.76,100
3053,10:07:37,$ 3419.30,"2,326"
3054,10:07:37,$ 3419.587,500
3055,10:07:34,$ 3418.63,100
3056,10:07:33,$ 3418.60,100
3057,10:07:33,$ 3418.63,100
3058,10:07:33,$ 3418.56,100
3059,10:07:33,$ 3419.36,100
3060,10:07:33,$ 3419.365,100
3061,10:07:33,$ 3419.37,100
3062,10:07:33,$ 3418.69,100
3063,10:07:32,$ 3419.5222,100
3064,10:07:28,$ 3420.79,100
3065,10:07:27,$ 3421.5557,125
3066,10:07:17,$ 3423.06,100
3067,10:07:15,$ 3423.06,144
3069,10:07:09,$ 3421.71,100
3070,10:06:55,$ 3423.16,100
3071,10:06:52,$ 3423.01,100
3072,10:06:46,$ 3423.7412,261
3073,10:06:17,$ 3422.86,100
3074,10:06:14,$ 3422.49,100
3075,10:06:12,$ 3423.53,100
3076,10:06:12,$ 3424.36,285
3077,10:06:12,$ 3423.52,144
3078,10:06:08,$ 3423.0389,129
3079,10:06:03,$ 3422.26,100
3080,10:06:02,$ 3424.08,100
3081,10:05:51,$ 3422.82,100
3082,10:05:46,$ 3424.04,100
3083,10:05:43,$ 3424.305,100
3084,10:05:42,$ 3423.54,100
3085,10:05:41,$ 3424.00,100
3086,10:05:41,$ 3424.31,100
3087,10:05:41,$ 3424.47,100
3088,10:05:41,$ 3424.4801,100
3090,10:05:41,$ 3424.4801,100
3091,10:05:41,$ 3424.4801,100
3092,10:05:41,$ 3424.48,100
3093,10:05:41,$ 3424.4801,100
3094,10:05:41,$ 3424.48,100
3095,10:05:41,$ 3423.47,348
3096,10:05:41,$ 3425.19,100
3097,10:05:41,$ 3425.18,375
3098,10:05:40,$ 3426.63,100
3099,10:05:39,$ 3426.755,"1,000"
3100,10:05:36,$ 3428.415,100
3101,10:05:35,$ 3428.46,100
3102,10:05:34,$ 3428.46,240
3103,10:05:28,$ 3428.465,100
3104,10:05:27,$ 3429.63,100
3105,10:05:27,$ 3429.59,100
3106,10:05:27,$ 3428.98,100
3107,10:05:27,$ 3428.56,100
3108,10:05:23,$ 3429.00,100
3109,10:05:18,$ 3428.37,100
3111,10:05:16,$ 3429.25,200
3112,10:05:12,$ 3429.3723,100
3113,10:05:03,$ 3428.22,400
3114,10:05:03,$ 3427.60,100
3115,10:05:02,$ 3427.5955,220
3116,10:05:02,$ 3428.3102,127
3117,10:05:02,$ 3428.3521,826
3118,10:05:02,$ 3426.95,100
3119,10:05:02,$ 3428.25,100
3120,10:05:02,$ 3428.26,100
3121,10:05:02,$ 3427.60,100
3122,10:05:02,$ 3426.32,100
3123,10:04:59,$ 3427.00,150
3124,10:04:59,$ 3426.99,100
3125,10:04:58,$ 3426.124,350
3126,10:04:52,$ 3426.2511,100
3127,10:04:43,$ 3426.45,100
3128,10:04:40,$ 3426.82,100
3129,10:04:30,$ 3426.15,100
3130,10:04:30,$ 3426.15,100
3132,10:04:22,$ 3424.77,100
3133,10:04:21,$ 3425.5429,109
3134,10:04:21,$ 3425.5429,146
3135,10:04:18,$ 3425.94,100
3136,10:04:18,$ 3425.965,100
3137,10:04:18,$ 3425.90,100
3138,10:04:17,$ 3425.365,100
3139,10:04:17,$ 3425.00,100
3140,10:04:14,$ 3424.91,100
3141,10:04:13,$ 3425.6196,100
3142,10:04:10,$ 3425.96,100
3143,10:04:00,$ 3424.84,100
3144,10:03:59,$ 3426.09,100
3145,10:03:59,$ 3426.26,100
3146,10:03:59,$ 3426.13,200
3147,10:03:59,$ 3425.97,100
3148,10:03:59,$ 3424.84,100
3149,10:03:58,$ 3425.54,100
3150,10:03:58,$ 3425.155,100
3151,10:03:57,$ 3426.02,100
3153,10:03:57,$ 3425.70,100
3154,10:03:55,$ 3426.17,100
3155,10:03:49,$ 3425.68,100
3156,10:03:48,$ 3425.88,100
3157,10:03:48,$ 3425.725,100
3158,10:03:47,$ 3425.65,100
3159,10:03:28,$ 3426.23,100
3160,10:03:26,$ 3426.20,100
3161,10:03:26,$ 3426.85,100
3162,10:03:25,$ 3426.23,100
3163,10:03:24,$ 3426.375,100
3164,10:03:23,$ 3426.89,100
3165,10:03:23,$ 3426.89,100
3166,10:03:23,$ 3426.23,100
3167,10:03:20,$ 3426.53,200
3168,10:03:20,$ 3426.53,200
3169,10:03:19,$ 3426.825,100
3170,10:03:19,$ 3427.625,100
3171,10:03:18,$ 3427.635,100
3172,10:03:15,$ 3428.005,100
3174,10:03:15,$ 3427.53,100
3175,10:03:15,$ 3427.27,100
3176,10:03:15,$ 3427.83,100
3177,10:03:15,$ 3427.26,100
3178,10:03:14,$ 3427.835,100
3179,10:03:14,$ 3427.535,200
3180,10:03:09,$ 3427.825,100
3181,10:03:09,$ 3427.115,100
3182,10:03:09,$ 3427.11,100
3183,10:03:09,$ 3427.5575,100
3184,10:03:09,$ 3427.825,100
3185,10:03:09,$ 3427.19,200
3186,10:03:09,$ 3426.85,100
3187,10:03:09,$ 3427.905,100
3188,10:03:08,$ 3427.90,100
3189,10:03:02,$ 3427.43,100
3190,10:03:01,$ 3428.00,"1,800"
3191,10:03:01,$ 3428.00,147
3192,10:03:01,$ 3427.91,100
3193,10:03:00,$ 3427.05,100
3195,10:03:00,$ 3427.05,100
3196,10:03:00,$ 3427.05,100
3197,10:03:00,$ 3427.01,100
3198,10:02:57,$ 3427.06,100
3199,10:02:56,$ 3427.05,100
3200,10:02:56,$ 3427.57,100
3201,10:02:56,$ 3428.00,102
3202,10:02:56,$ 3427.80,100
3203,10:02:56,$ 3427.80,100
3204,10:02:56,$ 3427.93,100
3205,10:02:56,$ 3427.95,100
3206,10:02:56,$ 3427.98,100
3207,10:02:56,$ 3428.00,100
3208,10:02:56,$ 3427.07,100
3209,10:02:55,$ 3426.22,100
3210,10:02:49,$ 3426.30,100
3211,10:02:46,$ 3426.275,129
3212,10:02:44,$ 3426.34,200
3213,10:02:43,$ 3426.86,100
3214,10:02:43,$ 3426.84,100
3216,10:02:43,$ 3426.84,100
3217,10:02:43,$ 3426.84,100
3218,10:02:37,$ 3426.275,100
3219,10:02:36,$ 3426.8799,100
3220,10:02:35,$ 3426.17,100
3221,10:02:32,$ 3426.275,100
3222,10:02:31,$ 3426.17,100
3223,10:02:29,$ 3426.12,100
3224,10:02:29,$ 3426.17,100
3225,10:02:28,$ 3426.84,100
3226,10:02:25,$ 3426.72,100
3227,10:02:18,$ 3427.37,100
3228,10:02:17,$ 3426.345,"1,000"
3229,10:02:13,$ 3425.15,100
3230,10:02:12,$ 3425.692,"1,000"
3231,10:02:12,$ 3425.59,250
3232,10:02:08,$ 3424.83,100
3233,10:02:05,$ 3423.035,100
3234,10:02:04,$ 3423.425,100
3235,10:02:04,$ 3423.425,100
3237,10:02:04,$ 3423.425,200
3238,10:02:04,$ 3423.43,100
3239,10:02:04,$ 3423.43,100
3240,10:02:04,$ 3423.465,100
3241,10:02:04,$ 3423.465,100
3242,10:02:04,$ 3423.465,100
3243,10:02:04,$ 3423.465,100
3244,10:02:04,$ 3423.435,100
3245,10:02:04,$ 3423.07,100
3246,10:02:04,$ 3423.08,100
3247,10:02:04,$ 3423.505,100
3248,10:02:04,$ 3423.505,200
3249,10:02:03,$ 3423.505,170
3250,10:02:03,$ 3423.2956,292
3251,10:02:03,$ 3424.00,481
3252,10:02:03,$ 3423.505,900
3253,10:02:03,$ 3423.505,100
3254,10:02:01,$ 3423.8699,250
3255,10:02:01,$ 3423.505,100
3256,10:02:00,$ 3423.55,100
3258,10:02:00,$ 3423.5025,100
3259,10:02:00,$ 3423.55,100
3260,10:02:00,$ 3423.55,100
3261,10:02:00,$ 3423.55,100
3262,10:02:00,$ 3423.00,100
3263,10:01:53,$ 3422.89,100
3264,10:01:52,$ 3423.4573,"1,000"
3265,10:01:51,$ 3422.90,100
3266,10:01:51,$ 3422.8501,"1,000"
3267,10:01:50,$ 3423.58,100
3268,10:01:50,$ 3423.46,100
3269,10:01:45,$ 3422.14,100
3270,10:01:39,$ 3422.315,100
3271,10:01:34,$ 3422.39,100
3272,10:01:34,$ 3421.02,100
3273,10:01:34,$ 3421.69,100
3274,10:01:34,$ 3421.69,100
3275,10:01:34,$ 3421.69,100
3276,10:01:34,$ 3421.565,100
3277,10:01:34,$ 3421.565,100
3279,10:01:32,$ 3421.36,100
3280,10:01:31,$ 3422.3999,100
3281,10:01:30,$ 3422.005,100
3282,10:01:30,$ 3422.01,100
3283,10:01:30,$ 3422.01,100
3284,10:01:30,$ 3422.01,100
3285,10:01:30,$ 3422.01,100
3286,10:01:28,$ 3422.01,100
3287,10:01:28,$ 3421.96,400
3288,10:01:28,$ 3422.01,100
3289,10:01:25,$ 3421.45,401
3290,10:01:25,$ 3421.54,100
3291,10:01:25,$ 3421.54,100
3292,10:01:25,$ 3421.54,100
3293,10:01:24,$ 3420.9199,108
3294,10:01:24,$ 3420.9199,400
3295,10:01:24,$ 3420.9199,200
3296,10:01:24,$ 3420.92,108
3297,10:01:24,$ 3420.92,200
3298,10:01:24,$ 3420.90,100
3300,10:01:21,$ 3420.425,100
3301,10:01:21,$ 3420.495,100
3302,10:01:21,$ 3420.495,100
3303,10:01:21,$ 3420.495,100
3304,10:01:20,$ 3420.596,"1,000"
3305,10:01:19,$ 3420.60,177
3306,10:01:17,$ 3420.495,100
3307,10:01:17,$ 3420.495,200
3308,10:01:07,$ 3420.505,100
3309,10:00:56,$ 3420.5078,129
3310,10:00:49,$ 3421.54,100
3311,10:00:49,$ 3421.86,100
3312,10:00:49,$ 3421.86,120
3313,10:00:49,$ 3421.66,124
3314,10:00:47,$ 3421.24,100
3315,10:00:42,$ 3421.75,100
3316,10:00:38,$ 3422.00,200
3317,10:00:35,$ 3421.985,100
3318,10:00:35,$ 3421.995,100
3319,10:00:35,$ 3422.035,100
3321,10:00:33,$ 3422.82,100
3322,10:00:33,$ 3422.14,100
3323,10:00:27,$ 3423.285,100
3324,10:00:27,$ 3423.30,100
3325,10:00:27,$ 3423.355,100
3326,10:00:21,$ 3424.06,100
3327,10:00:17,$ 3422.92,100
3328,10:00:17,$ 3423.27,100
3329,10:00:17,$ 3423.27,100
3330,10:00:17,$ 3423.63,100
3332,10:59:35,$ 3427.24,100
3333,10:59:34,$ 3426.57,100
3334,10:59:30,$ 3425.97,100
3335,10:59:29,$ 3425.5101,100
3336,10:59:05,$ 3425.94,100
3337,10:58:52,$ 3425.065,100
3338,10:58:49,$ 3425.97,100
3339,10:58:46,$ 3425.13,100
3340,10:58:46,$ 3425.13,100
3341,10:58:46,$ 3425.28,200
3342,10:58:46,$ 3425.13,100
3343,10:58:45,$ 3425.53,100
3344,10:58:31,$ 3425.10,100
3345,10:58:12,$ 3425.635,114
3346,10:57:58,$ 3425.47,100
3347,10:57:58,$ 3425.50,198
3348,10:57:58,$ 3425.50,100
3349,10:57:58,$ 3425.50,100
3350,10:57:53,$ 3425.61,100
3351,10:57:53,$ 3426.00,100
3353,10:57:10,$ 3425.635,100
3354,10:56:56,$ 3424.66,100
3355,10:56:56,$ 3424.84,100
3356,10:56:52,$ 3424.695,100
3357,10:56:48,$ 3424.32,100
3358,10:56:48,$ 3424.695,100
3359,10:56:41,$ 3424.53,100
3360,10:56:40,$ 3424.74,100
3361,10:56:40,$ 3424.72,100
3362,10:56:39,$ 3425.33,100
3363,10:56:39,$ 3425.33,200
3364,10:56:39,$ 3425.15,100
3365,10:56:39,$ 3425.13,100
3366,10:56:35,$ 3425.45,100
3367,10:56:30,$ 3426.095,100
3368,10:56:29,$ 3425.44,100
3369,10:56:29,$ 3425.795,100
3370,10:56:29,$ 3426.10,102
3371,10:56:29,$ 3426.10,142
3372,10:56:22,$ 3427.00,100
3374,10:56:22,$ 3427.01,100
3375,10:56:22,$ 3427.04,100
3376,10:56:20,$ 3427.00,100
3377,10:56:20,$ 3427.00,200
3378,10:56:20,$ 3427.03,100
3379,10:56:16,$ 3427.00,100
3380,10:56:01,$ 3427.61,100
3381,10:55:59,$ 3428.1525,291
3382,10:55:58,$ 3428.325,100
3383,10:55:57,$ 3428.33,100
3384,10:55:49,$ 3428.51,100
3385,10:55:49,$ 3428.54,100
3386,10:55:49,$ 3428.54,100
3387,10:55:47,$ 3429.26,100
3388,10:55:35,$ 3428.64,100
3389,10:55:34,$ 3428.67,100
3390,10:55:34,$ 3428.67,100
3391,10:55:33,$ 3429.90,100
3392,10:55:33,$ 3429.61,200
3393,10:55:33,$ 3429.90,100
3395,10:55:33,$ 3429.61,100
3396,10:55:30,$ 3430.115,100
3397,10:55:20,$ 3429.63,100
3398,10:55:20,$ 3430.00,100
3399,10:55:18,$ 3430.04,100
3400,10:55:11,$ 3429.14,100
3401,10:55:05,$ 3430.20,100
3402,10:54:58,$ 3429.035,100
3403,10:54:58,$ 3429.33,100
3404,10:54:58,$ 3429.29,200
3405,10:54:58,$ 3429.264,100
3406,10:54:58,$ 3429.24,100
3407,10:54:58,$ 3429.005,100
3408,10:54:58,$ 3429.0035,100
3409,10:54:58,$ 3429.57,100
3410,10:54:19,$ 3429.265,100
3411,10:54:00,$ 3428.80,100
3412,10:53:59,$ 3428.15,100
3413,10:53:59,$ 3428.145,100
3414,10:53:57,$ 3427.99,100
3416,10:53:57,$ 3427.80,100
3417,10:53:51,$ 3428.41,100
3418,10:53:48,$ 3428.925,100
3419,10:53:42,$ 3429.01,100
3420,10:53:42,$ 3429.00,169
3421,10:53:42,$ 3429.00,100
3422,10:53:42,$ 3429.23,100
3423,10:53:42,$ 3429.23,100
3424,10:53:34,$ 3429.94,100
3425,10:53:34,$ 3429.95,100
3426,10:53:21,$ 3430.00,340
3427,10:53:21,$ 3430.15,100
3428,10:53:21,$ 3430.13,100
3429,10:53:21,$ 3430.03,100
3430,10:53:20,$ 3430.93,100
3431,10:53:20,$ 3430.96,100
3432,10:53:20,$ 3430.96,100
3433,10:53:20,$ 3430.66,100
3434,10:53:20,$ 3430.92,100
3435,10:53:20,$ 3430.965,100
3437,10:53:20,$ 3430.92,100
3438,10:53:20,$ 3430.52,100
3439,10:53:20,$ 3430.95,100
3440,10:53:20,$ 3430.52,100
3441,10:53:20,$ 3430.52,100
3442,10:53:20,$ 3430.95,100
3443,10:52:59,$ 3430.30,100
3444,10:52:59,$ 3430.31,100
3445,10:52:35,$ 3430.01,100
3446,10:52:35,$ 3429.98,142
3447,10:52:29,$ 3430.545,100
3448,10:52:27,$ 3430.78,100
3449,10:52:24,$ 3430.51,100
3450,10:52:24,$ 3430.51,100
3451,10:52:18,$ 3430.26,150
3452,10:52:15,$ 3430.50,298
3453,10:52:15,$ 3430.50,100
3454,10:52:08,$ 3431.475,100
3455,10:52:06,$ 3431.50,140
3456,10:52:05,$ 3431.50,198
3458,10:52:05,$ 3431.46,100
3459,10:52:00,$ 3431.92,100
3460,10:52:00,$ 3431.86,100
3461,10:52:00,$ 3431.86,100
3462,10:52:00,$ 3431.82,100
3463,10:52:00,$ 3431.72,100
3464,10:51:56,$ 3432.38,100
3465,10:51:56,$ 3432.42,100
3466,10:51:55,$ 3432.4716,400
3467,10:51:41,$ 3433.88,100
3468,10:51:41,$ 3433.86,100
3469,10:51:41,$ 3433.86,100
3470,10:51:41,$ 3433.88,100
3471,10:51:41,$ 3433.46,100
3472,10:51:40,$ 3433.32,100
3473,10:51:36,$ 3432.67,100
3474,10:51:28,$ 3432.865,100
3475,10:51:27,$ 3432.87,100
3476,10:51:10,$ 3432.995,100
3477,10:51:05,$ 3432.53,100
3479,10:50:48,$ 3432.47,100
3480,10:50:47,$ 3432.87,100
3481,10:50:47,$ 3432.87,100
3482,10:50:30,$ 3432.97,100
3483,10:50:30,$ 3432.97,100
3484,10:50:30,$ 3432.97,100
3485,10:50:30,$ 3432.96,100
3486,10:50:30,$ 3432.96,100
3487,10:49:43,$ 3432.424,100
3488,10:49:43,$ 3432.412,100
3489,10:49:43,$ 3432.368,100
3490,10:49:43,$ 3431.29,200
3491,10:49:43,$ 3432.00,100
3492,10:49:33,$ 3432.57,100
3493,10:49:33,$ 3432.55,100
3494,10:49:33,$ 3432.78,870
3495,10:49:22,$ 3432.02,100
3496,10:49:19,$ 3431.80,100
3497,10:49:19,$ 3431.54,100
3498,10:49:03,$ 3430.83,270
3500,10:49:03,$ 3430.74,100
3501,10:48:55,$ 3430.385,100
3502,10:48:47,$ 3430.045,100
3503,10:48:46,$ 3430.63,100
3504,10:48:45,$ 3430.00,161
3505,10:48:45,$ 3430.00,100
3506,10:48:45,$ 3430.00,100
3507,10:48:39,$ 3429.0682,100
3508,10:48:39,$ 3429.39,108
3509,10:48:38,$ 3430.09,100
3510,10:48:36,$ 3430.45,100
3511,10:48:36,$ 3430.68,100
3512,10:48:36,$ 3431.44,100
3513,10:48:36,$ 3431.35,100
3514,10:48:36,$ 3430.935,100
3515,10:48:34,$ 3430.321,100
3516,10:48:34,$ 3430.61,100
3517,10:48:34,$ 3430.90,100
3518,10:48:34,$ 3430.68,100
3519,10:48:34,$ 3430.54,100
3521,10:48:19,$ 3431.07,100
3522,10:48:02,$ 3430.99,200
3523,10:48:02,$ 3431.00,100
3524,10:48:00,$ 3430.9127,100
3525,10:47:51,$ 3431.53,100
3526,10:47:51,$ 3431.50,100
3527,10:47:44,$ 3432.07,500
3528,10:47:33,$ 3432.82,100
3529,10:47:10,$ 3434.465,100
3530,10:47:08,$ 3434.23,100
3531,10:47:06,$ 3434.52,100
3532,10:47:05,$ 3434.245,100
3533,10:47:05,$ 3434.52,100
3534,10:47:02,$ 3434.57,100
3535,10:47:02,$ 3435.385,100
3536,10:46:20,$ 3435.1522,100
3537,10:46:18,$ 3434.90,573
3538,10:46:18,$ 3435.28,100
3539,10:46:08,$ 3434.95,100
3540,10:46:07,$ 3435.53,193
3542,10:46:07,$ 3434.95,300
3543,10:46:04,$ 3435.19,100
3544,10:46:04,$ 3435.68,100
3545,10:46:04,$ 3435.72,400
3546,10:46:04,$ 3434.945,720
3547,10:46:03,$ 3435.73,100
3548,10:46:03,$ 3436.00,100
3549,10:46:02,$ 3435.68,100
3550,10:45:30,$ 3435.18,100
3551,10:45:07,$ 3434.81,100
3552,10:45:07,$ 3434.885,100
3553,10:45:07,$ 3434.50,100
3554,10:45:03,$ 3433.775,100
3555,10:44:50,$ 3433.85,100
3556,10:44:44,$ 3434.04,100
3557,10:44:19,$ 3433.0701,100
3558,10:44:15,$ 3433.67,100
3559,10:44:10,$ 3433.64,157
3560,10:44:06,$ 3432.645,100
3561,10:44:03,$ 3432.195,100
3563,10:44:03,$ 3432.08,100
3564,10:43:58,$ 3431.61,100
3565,10:43:54,$ 3432.10,100
3566,10:43:54,$ 3432.09,100
3567,10:43:53,$ 3432.10,100
3568,10:43:52,$ 3432.175,100
3569,10:43:43,$ 3433.89,400
3570,10:43:43,$ 3433.195,100
3571,10:43:41,$ 3433.00,100
3572,10:43:38,$ 3433.01,100
3573,10:43:38,$ 3433.43,100
3574,10:43:32,$ 3433.445,100
3575,10:43:27,$ 3433.7505,100
3576,10:43:22,$ 3433.50,100
3577,10:43:22,$ 3433.50,100
3578,10:43:22,$ 3433.90,100
3579,10:43:18,$ 3433.53,100
3580,10:43:18,$ 3434.00,100
3581,10:43:18,$ 3433.99,100
3582,10:43:10,$ 3433.46,100
3584,10:43:00,$ 3433.73,100
3585,10:43:00,$ 3434.15,100
3586,10:42:58,$ 3433.32,100
3587,10:42:58,$ 3432.58,100
3588,10:42:57,$ 3433.22,100
3589,10:42:57,$ 3433.22,100
3590,10:42:46,$ 3433.44,100
3591,10:42:41,$ 3434.025,100
3592,10:42:41,$ 3434.025,"1,000"
3593,10:42:22,$ 3433.79,100
3594,10:42:22,$ 3433.80,100
3595,10:42:22,$ 3434.00,100
3596,10:42:22,$ 3434.00,100
3597,10:42:19,$ 3433.97,100
3598,10:42:16,$ 3433.975,100
3599,10:42:12,$ 3433.8794,100
3600,10:42:12,$ 3433.615,164
3601,10:41:59,$ 3433.42,100
3602,10:41:43,$ 3432.64,295
3603,10:41:37,$ 3433.5765,100
3605,10:41:33,$ 3433.54,100
3606,10:41:26,$ 3432.46,100
3607,10:41:26,$ 3432.45,100
3608,10:41:03,$ 3434.35,100
3609,10:40:59,$ 3433.3383,100
3610,10:40:59,$ 3434.00,800
3611,10:40:22,$ 3435.165,100
3612,10:40:10,$ 3434.81,100
3613,10:40:10,$ 3434.55,109
3614,10:40:07,$ 3436.00,250
3615,10:40:04,$ 3434.95,100
3616,10:40:04,$ 3435.00,309
3617,10:39:59,$ 3433.86,100
3618,10:39:51,$ 3433.37,100
3619,10:39:35,$ 3433.01,100
3620,10:39:32,$ 3433.485,100
3621,10:39:20,$ 3433.98,100
3622,10:39:19,$ 3433.215,100
3623,10:39:16,$ 3433.16,100
3624,10:39:16,$ 3433.17,100
3626,10:39:16,$ 3433.565,100
3627,10:39:16,$ 3433.565,100
3628,10:39:04,$ 3433.332,100
3629,10:38:46,$ 3433.60,100
3630,10:38:46,$ 3433.50,100
3631,10:38:46,$ 3433.7386,100
3632,10:38:41,$ 3433.60,100
3633,10:38:40,$ 3434.19,100
3634,10:38:38,$ 3434.23,100
3635,10:38:36,$ 3433.87,100
3636,10:38:35,$ 3435.06,100
3637,10:38:31,$ 3435.22,100
3638,10:38:30,$ 3435.3269,100
3639,10:38:20,$ 3435.835,100
3640,10:38:18,$ 3435.835,100
3641,10:38:12,$ 3435.89,100
3642,10:38:09,$ 3435.50,100
3643,10:38:09,$ 3435.50,100
3644,10:38:01,$ 3435.53,100
3645,10:38:00,$ 3435.945,200
3647,10:37:59,$ 3436.29,100
3648,10:37:55,$ 3435.29,100
3649,10:37:54,$ 3435.89,100
3650,10:37:47,$ 3435.28,100
3651,10:37:47,$ 3435.885,100
3652,10:37:47,$ 3435.80,100
3653,10:37:46,$ 3435.29,100
3654,10:37:46,$ 3435.95,100
3655,10:37:20,$ 3436.31,100
3656,10:37:09,$ 3436.31,100
3657,10:37:09,$ 3436.62,100
3658,10:37:09,$ 3436.622,100
3659,10:37:09,$ 3436.62,100
3660,10:37:09,$ 3436.574,100
3661,10:37:09,$ 3436.314,100
3662,10:37:08,$ 3436.576,100
3663,10:37:08,$ 3436.316,"1,000"
3664,10:37:06,$ 3436.2175,100
3665,10:37:06,$ 3436.315,"1,000"
3666,10:37:06,$ 3436.315,100
3668,10:37:04,$ 3436.41,100
3669,10:37:02,$ 3436.51,132
3670,10:36:48,$ 3435.69,100
3671,10:36:47,$ 3435.63,100
3672,10:36:44,$ 3435.01,100
3673,10:36:44,$ 3435.00,200
3674,10:36:41,$ 3435.53,100
3675,10:36:41,$ 3436.5367,200
3676,10:36:37,$ 3436.11,"1,000"
3677,10:36:36,$ 3436.109,100
3678,10:36:36,$ 3436.109,100
3679,10:36:36,$ 3436.109,100
3680,10:36:36,$ 3435.80,100
3681,10:36:36,$ 3436.109,100
3682,10:36:36,$ 3436.109,100
3683,10:36:36,$ 3435.72,100
3684,10:36:36,$ 3435.63,100
3685,10:36:35,$ 3435.98,489
3686,10:36:35,$ 3435.64,100
3687,10:36:35,$ 3436.28,100
3689,10:36:33,$ 3436.485,"1,000"
3690,10:36:32,$ 3436.534,"1,000"
3691,10:36:29,$ 3436.0301,100
3692,10:36:28,$ 3437.31,100
3693,10:36:25,$ 3436.82,100
3694,10:36:24,$ 3436.99,100
3695,10:36:20,$ 3437.516,100
3696,10:36:20,$ 3437.33,100
3697,10:36:19,$ 3436.43,100
3698,10:36:17,$ 3437.00,100
3699,10:36:17,$ 3437.00,356
3700,10:36:17,$ 3436.55,100
3701,10:36:14,$ 3435.995,100
3702,10:36:14,$ 3436.36,290
3703,10:36:13,$ 3436.33,100
3704,10:36:13,$ 3436.28,100
3705,10:36:13,$ 3436.28,100
3706,10:36:13,$ 3436.78,100
3707,10:36:13,$ 3436.28,100
3708,10:36:13,$ 3436.78,100
3710,10:36:13,$ 3436.83,100
3711,10:36:12,$ 3435.94,500
3712,10:36:12,$ 3436.85,100
3713,10:36:12,$ 3436.44,100
3714,10:36:12,$ 3436.44,100
3715,10:36:10,$ 3436.2616,284
3716,10:36:10,$ 3435.67,100
3717,10:36:10,$ 3436.17,100
3718,10:36:10,$ 3435.57,100
3719,10:36:10,$ 3436.00,200
3720,10:36:10,$ 3435.50,200
3721,10:36:10,$ 3436.07,100
3722,10:36:08,$ 3435.26,100
3723,10:36:08,$ 3435.70,100
3724,10:36:08,$ 3435.70,100
3725,10:36:08,$ 3436.00,100
3726,10:35:59,$ 3435.66,100
3727,10:35:58,$ 3434.45,100
3728,10:35:58,$ 3435.34,100
3729,10:35:58,$ 3435.28,100
3731,10:35:58,$ 3435.33,140
3732,10:35:58,$ 3435.32,100
3733,10:35:58,$ 3435.34,100
3734,10:35:57,$ 3434.98,100
3735,10:35:57,$ 3435.31,100
3736,10:35:57,$ 3435.34,100
3737,10:35:57,$ 3434.96,100
3738,10:35:57,$ 3435.31,100
3739,10:35:57,$ 3435.31,100
3740,10:35:57,$ 3435.31,100
3741,10:35:57,$ 3435.17,100
3742,10:35:57,$ 3435.3365,100
3743,10:35:57,$ 3435.335,100
3744,10:35:57,$ 3435.26,200
3745,10:35:43,$ 3434.8052,100
3746,10:35:41,$ 3435.00,100
3747,10:35:35,$ 3434.71,100
3748,10:35:31,$ 3433.95,100
3749,10:35:31,$ 3433.95,100
3750,10:35:28,$ 3433.96,100
3752,10:35:26,$ 3434.145,100
3753,10:35:22,$ 3434.38,100
3754,10:35:22,$ 3434.00,100
3755,10:35:19,$ 3434.745,100
3756,10:35:18,$ 3435.89,100
3757,10:35:14,$ 3434.63,100
3758,10:35:14,$ 3435.00,200
3759,10:35:14,$ 3435.00,100
3760,10:35:13,$ 3434.63,100
3761,10:35:12,$ 3434.98,100
3762,10:35:12,$ 3434.55,100
3763,10:35:12,$ 3434.52,109
3764,10:35:11,$ 3435.06,150
3765,10:35:11,$ 3435.13,100
3766,10:35:10,$ 3437.00,100
3767,10:35:09,$ 3436.0294,139
3768,10:35:09,$ 3435.01,198
3769,10:35:08,$ 3435.01,107
3770,10:35:08,$ 3435.90,100
3771,10:35:08,$ 3435.48,100
3773,10:35:08,$ 3435.46,100
3774,10:35:07,$ 3435.57,100
3775,10:35:06,$ 3435.40,220
3776,10:35:06,$ 3435.40,100
3777,10:35:06,$ 3435.22,100
3778,10:35:06,$ 3435.40,100
3779,10:35:06,$ 3435.19,100
3780,10:35:06,$ 3435.10,100
3781,10:35:06,$ 3435.01,136
3782,10:35:06,$ 3435.03,137
3783,10:35:06,$ 3435.04,100
3784,10:35:01,$ 3434.22,100
3785,10:34:59,$ 3434.04,133
3786,10:34:57,$ 3434.50,100
3787,10:34:57,$ 3434.04,100
3788,10:34:56,$ 3434.3389,104
3789,10:34:48,$ 3435.0205,100
3790,10:34:46,$ 3435.19,100
3791,10:34:45,$ 3434.09,100
3792,10:34:44,$ 3434.30,100
3794,10:34:44,$ 3434.326,100
3795,10:34:44,$ 3434.324,100
3796,10:34:44,$ 3434.33,100
3797,10:34:44,$ 3434.39,100
3798,10:34:44,$ 3434.38,100
3799,10:34:43,$ 3434.00,297
3800,10:34:43,$ 3434.00,160
3801,10:34:41,$ 3434.88,100
3802,10:34:41,$ 3434.84,100
3803,10:34:41,$ 3434.4364,"1,000"
3804,10:34:36,$ 3434.18,100
3805,10:34:34,$ 3434.99,100
3806,10:34:26,$ 3434.935,100
3807,10:34:26,$ 3433.73,100
3808,10:34:22,$ 3433.26,100
3809,10:34:21,$ 3435.68,100
3810,10:34:19,$ 3434.00,100
3811,10:34:19,$ 3433.46,100
3812,10:34:19,$ 3434.15,100
3813,10:34:19,$ 3434.46,100
3815,10:34:09,$ 3434.95,100
3816,10:34:09,$ 3435.43,100
3817,10:34:07,$ 3435.47,100
3818,10:34:07,$ 3435.8128,250
3819,10:34:05,$ 3435.00,100
3820,10:34:04,$ 3434.735,100
3821,10:34:04,$ 3435.335,100
3822,10:34:00,$ 3435.42,100
3823,10:34:00,$ 3435.43,100
3824,10:34:00,$ 3435.43,100
3825,10:34:00,$ 3435.43,100
3826,10:33:58,$ 3435.97,100
3827,10:33:56,$ 3435.09,100
