,NLS Time (ET),NLS Price,NLS Share Volume
1,09:59:59,$ 3278.84,100
2,09:59:57,$ 3278.84,100
3,09:59:52,$ 3279.535,"1,000"
4,09:59:50,$ 3279.95,100
5,09:59:50,$ 3280.00,100
6,09:59:44,$ 3279.53,100
7,09:59:39,$ 3280.9784,500
8,09:59:38,$ 3280.93,100
9,09:59:38,$ 3281.00,100
10,09:59:37,$ 3280.68,400
11,09:59:25,$ 3281.01,102
12,09:59:21,$ 3280.11,"1,500"
13,09:59:13,$ 3281.32,100
14,09:59:07,$ 3282.12,100
15,09:59:07,$ 3281.99,100
16,09:59:03,$ 3280.365,100
17,09:58:53,$ 3281.1178,250
18,09:58:48,$ 3281.79,100
19,09:58:47,$ 3281.79,151
20,09:58:40,$ 3282.935,100
22,09:58:36,$ 3283.02,100
23,09:58:31,$ 3281.17,102
24,09:58:23,$ 3283.00,100
25,09:58:19,$ 3282.00,200
26,09:58:19,$ 3282.00,231
27,09:58:19,$ 3281.86,100
28,09:58:14,$ 3279.95,150
29,09:58:09,$ 3278.8694,100
30,09:58:00,$ 3280.14,100
31,09:57:42,$ 3280.3709,110
32,09:57:42,$ 3281.00,100
33,09:57:32,$ 3280.20,500
34,09:57:32,$ 3280.20,100
35,09:57:29,$ 3280.49,100
36,09:57:29,$ 3280.49,100
37,09:57:29,$ 3279.25,100
38,09:57:23,$ 3279.395,200
39,09:57:02,$ 3280.00,100
40,09:57:02,$ 3280.00,100
41,09:57:02,$ 3279.97,100
43,09:56:52,$ 3280.21,139
44,09:56:46,$ 3279.52,102
45,09:56:44,$ 3278.54,144
46,09:56:37,$ 3278.01,100
47,09:56:37,$ 3278.01,100
48,09:56:35,$ 3278.00,100
49,09:56:29,$ 3281.53,100
50,09:56:27,$ 3282.00,200
51,09:56:27,$ 3281.33,100
52,09:56:25,$ 3280.5781,102
53,09:56:24,$ 3282.00,200
54,09:56:22,$ 3281.04,100
55,09:56:18,$ 3281.95,100
56,09:56:18,$ 3281.44,100
57,09:56:18,$ 3280.765,"1,000"
58,09:56:17,$ 3281.9268,"1,000"
59,09:56:11,$ 3283.20,754
60,09:56:11,$ 3280.40,100
61,09:56:11,$ 3280.90,100
62,09:56:10,$ 3281.37,100
64,09:56:08,$ 3283.80,100
65,09:56:08,$ 3281.6901,"1,000"
66,09:56:07,$ 3283.325,150
67,09:56:05,$ 3283.7894,102
68,09:56:02,$ 3282.75,100
69,09:55:59,$ 3280.05,100
70,09:55:59,$ 3280.05,100
71,09:55:56,$ 3280.3021,100
72,09:55:53,$ 3280.65,"1,000"
73,09:55:52,$ 3279.915,"1,000"
74,09:55:51,$ 3280.00,400
75,09:55:49,$ 3278.08,111
76,09:55:49,$ 3278.08,100
77,09:55:49,$ 3276.28,100
78,09:55:44,$ 3277.76,100
79,09:55:40,$ 3277.275,100
80,09:55:37,$ 3276.40,100
81,09:55:35,$ 3277.00,100
82,09:55:31,$ 3276.9999,"1,000"
83,09:55:31,$ 3275.48,100
85,09:55:31,$ 3275.6602,102
86,09:55:31,$ 3275.48,100
87,09:55:31,$ 3275.49,100
88,09:55:30,$ 3275.48,100
89,09:55:30,$ 3275.48,200
90,09:55:30,$ 3275.48,300
91,09:55:30,$ 3274.98,100
92,09:55:30,$ 3274.98,100
93,09:55:30,$ 3275.48,100
94,09:55:30,$ 3274.98,200
95,09:55:30,$ 3274.98,300
96,09:55:30,$ 3275.48,129
97,09:55:30,$ 3274.98,129
98,09:55:23,$ 3275.1899,223
99,09:55:23,$ 3273.47,500
100,09:55:23,$ 3275.19,223
101,09:55:23,$ 3275.19,200
102,09:55:22,$ 3273.365,102
103,09:55:22,$ 3273.365,"1,000"
104,09:55:22,$ 3272.40,100
106,09:55:21,$ 3274.325,"1,000"
107,09:55:10,$ 3273.305,100
108,09:55:04,$ 3273.76,100
109,09:55:04,$ 3273.76,100
110,09:55:02,$ 3273.58,100
111,09:55:02,$ 3273.58,100
112,09:55:02,$ 3273.58,100
113,09:55:02,$ 3273.58,100
114,09:55:02,$ 3273.58,100
115,09:55:00,$ 3273.955,"1,000"
116,09:54:59,$ 3273.8118,110
117,09:54:59,$ 3273.8118,139
118,09:54:59,$ 3274.57,100
119,09:54:59,$ 3274.57,188
120,09:54:59,$ 3273.8118,463
121,09:54:57,$ 3274.53,100
122,09:54:56,$ 3274.20,100
123,09:54:49,$ 3275.21,100
124,09:54:48,$ 3275.22,100
125,09:54:39,$ 3277.40,427
127,09:54:39,$ 3276.636,427
128,09:54:32,$ 3278.00,643
129,09:54:28,$ 3277.99,100
130,09:54:25,$ 3277.015,100
131,09:54:19,$ 3276.64,200
132,09:54:13,$ 3275.635,100
133,09:54:12,$ 3274.902,200
134,09:54:11,$ 3275.59,100
135,09:54:09,$ 3276.4654,200
136,09:54:08,$ 3276.28,100
137,09:53:58,$ 3277.76,100
138,09:53:58,$ 3277.77,100
139,09:53:56,$ 3275.681,100
140,09:53:50,$ 3276.53,100
141,09:53:50,$ 3276.705,150
142,09:53:43,$ 3278.80,100
143,09:53:43,$ 3279.10,250
144,09:53:36,$ 3277.925,100
145,09:53:35,$ 3277.68,100
146,09:53:34,$ 3277.68,100
148,09:53:34,$ 3277.68,100
149,09:53:33,$ 3277.95,100
150,09:53:33,$ 3277.3519,100
151,09:53:31,$ 3277.34,100
152,09:53:24,$ 3276.56,100
153,09:53:14,$ 3276.92,300
154,09:53:14,$ 3276.92,300
155,09:53:08,$ 3275.8625,100
156,09:53:08,$ 3275.905,100
157,09:53:04,$ 3274.8801,100
158,09:53:03,$ 3275.6433,300
159,09:53:03,$ 3275.486,288
160,09:53:03,$ 3275.00,288
161,09:53:03,$ 3275.486,159
162,09:53:03,$ 3275.00,200
163,09:53:03,$ 3275.6027,200
164,09:53:03,$ 3275.64,100
165,09:53:02,$ 3276.41,200
166,09:53:02,$ 3276.41,100
167,09:53:02,$ 3276.21,100
169,09:53:00,$ 3274.765,100
170,09:53:00,$ 3276.40,100
171,09:52:57,$ 3275.54,100
172,09:52:55,$ 3274.74,100
173,09:52:53,$ 3275.94,100
174,09:52:47,$ 3275.29,100
175,09:52:47,$ 3275.31,100
176,09:52:47,$ 3275.31,100
177,09:52:46,$ 3274.89,200
178,09:52:46,$ 3274.89,174
179,09:52:38,$ 3275.31,300
180,09:52:37,$ 3275.31,100
181,09:52:31,$ 3276.845,100
182,09:52:30,$ 3275.60,100
183,09:52:26,$ 3275.8576,374
184,09:52:24,$ 3275.80,100
185,09:52:20,$ 3274.4475,200
186,09:52:20,$ 3275.79,100
187,09:52:20,$ 3274.1998,248
188,09:52:20,$ 3274.1998,290
190,09:52:17,$ 3274.03,168
191,09:52:16,$ 3274.915,100
192,09:52:15,$ 3274.915,150
193,09:52:09,$ 3275.05,100
194,09:52:08,$ 3275.86,100
195,09:52:07,$ 3275.855,200
196,09:51:56,$ 3276.54,200
197,09:51:56,$ 3276.89,194
198,09:51:55,$ 3275.491,100
199,09:51:52,$ 3276.50,100
200,09:51:52,$ 3276.50,100
201,09:51:49,$ 3274.03,200
202,09:51:49,$ 3274.04,100
203,09:51:49,$ 3274.06,100
204,09:51:49,$ 3274.06,100
205,09:51:49,$ 3274.06,100
206,09:51:49,$ 3275.00,200
207,09:51:46,$ 3274.955,100
208,09:51:46,$ 3275.00,100
209,09:51:46,$ 3275.00,308
211,09:51:46,$ 3275.00,172
212,09:51:46,$ 3275.00,697
213,09:51:46,$ 3275.00,100
214,09:51:42,$ 3275.53,100
215,09:51:40,$ 3276.17,100
216,09:51:32,$ 3278.465,100
217,09:51:28,$ 3278.5717,300
218,09:51:27,$ 3278.62,100
219,09:51:27,$ 3278.62,600
220,09:51:26,$ 3280.83,100
221,09:51:20,$ 3280.911,100
222,09:51:19,$ 3281.83,100
223,09:51:16,$ 3280.99,100
224,09:51:16,$ 3280.98,100
225,09:51:16,$ 3280.99,100
226,09:51:16,$ 3280.98,100
227,09:51:16,$ 3280.98,100
228,09:51:16,$ 3281.36,100
229,09:51:14,$ 3281.9083,130
230,09:51:14,$ 3282.81,100
232,09:51:09,$ 3281.665,200
233,09:51:08,$ 3282.78,100
234,09:51:07,$ 3280.4901,"1,000"
235,09:51:07,$ 3282.95,100
236,09:51:07,$ 3281.95,100
237,09:51:06,$ 3281.245,"1,000"
238,09:51:06,$ 3280.4901,"1,000"
239,09:51:05,$ 3281.99,100
240,09:51:02,$ 3280.00,200
241,09:51:02,$ 3280.00,205
242,09:50:53,$ 3278.81,100
243,09:50:53,$ 3277.89,100
244,09:50:47,$ 3277.80,100
245,09:50:47,$ 3277.80,100
246,09:50:47,$ 3277.95,100
247,09:50:46,$ 3276.50,150
248,09:50:46,$ 3276.505,800
249,09:50:46,$ 3276.505,200
250,09:50:45,$ 3277.7895,"1,000"
251,09:50:43,$ 3277.15,100
253,09:50:43,$ 3277.12,100
254,09:50:43,$ 3277.15,112
255,09:50:28,$ 3277.71,100
256,09:50:28,$ 3277.96,100
257,09:50:27,$ 3276.51,101
258,09:50:27,$ 3276.62,107
259,09:50:27,$ 3276.9733,304
260,09:50:27,$ 3277.11,100
261,09:50:27,$ 3277.56,200
262,09:50:26,$ 3276.9263,421
263,09:50:26,$ 3279.85,305
264,09:50:25,$ 3276.9436,100
265,09:50:25,$ 3276.9044,832
266,09:50:16,$ 3282.00,100
267,09:50:14,$ 3282.245,150
268,09:50:14,$ 3282.06,100
269,09:50:14,$ 3282.06,100
270,09:50:14,$ 3282.55,100
271,09:50:14,$ 3282.05,100
272,09:50:14,$ 3282.05,100
274,09:50:14,$ 3282.05,200
275,09:50:14,$ 3282.06,100
276,09:50:14,$ 3282.06,100
277,09:50:14,$ 3282.05,100
278,09:50:14,$ 3282.05,100
279,09:50:10,$ 3280.00,100
280,09:50:10,$ 3280.00,100
281,09:50:10,$ 3281.945,100
282,09:50:04,$ 3282.05,100
283,09:50:04,$ 3282.05,100
284,09:50:03,$ 3282.05,117
285,09:50:03,$ 3282.05,100
286,09:50:03,$ 3282.995,102
287,09:50:03,$ 3282.05,100
288,09:50:03,$ 3282.995,100
289,09:50:02,$ 3282.05,100
290,09:50:02,$ 3282.05,100
291,09:50:01,$ 3281.14,100
292,09:50:01,$ 3281.15,100
293,09:50:01,$ 3280.02,"1,000"
295,09:50:01,$ 3280.94,100
296,09:50:01,$ 3280.94,140
297,09:50:01,$ 3280.44,100
298,09:50:01,$ 3280.44,140
299,09:50:00,$ 3280.95,100
300,09:50:00,$ 3280.63,100
301,09:50:00,$ 3280.45,100
302,09:50:00,$ 3280.95,200
303,09:50:00,$ 3280.45,200
304,09:50:00,$ 3280.95,101
305,09:50:00,$ 3280.95,101
306,09:50:00,$ 3280.95,101
307,09:50:00,$ 3280.95,101
308,09:50:00,$ 3280.95,100
309,09:50:00,$ 3280.2833,289
310,09:50:00,$ 3280.44,100
311,09:50:00,$ 3280.44,100
312,09:50:00,$ 3280.45,100
313,09:50:00,$ 3280.94,100
314,09:50:00,$ 3280.95,100
316,09:49:55,$ 3280.99,100
317,09:49:53,$ 3281.00,100
318,09:49:49,$ 3282.05,100
319,09:49:49,$ 3280.91,102
320,09:49:44,$ 3280.82,100
321,09:49:44,$ 3280.8099,"1,000"
322,09:49:44,$ 3278.19,100
323,09:49:44,$ 3280.81,100
324,09:49:44,$ 3280.50,200
325,09:49:44,$ 3280.50,100
326,09:49:44,$ 3280.00,200
327,09:49:44,$ 3280.00,100
328,09:49:44,$ 3280.50,100
329,09:49:44,$ 3280.00,100
330,09:49:43,$ 3281.9799,"1,000"
331,09:49:41,$ 3280.00,100
332,09:49:35,$ 3282.02,100
333,09:49:31,$ 3282.07,100
334,09:49:31,$ 3282.07,100
335,09:49:26,$ 3283.6687,100
337,09:49:21,$ 3283.56,100
338,09:49:20,$ 3281.68,800
339,09:49:20,$ 3282.49,102
340,09:49:13,$ 3283.10,100
341,09:49:13,$ 3283.03,100
342,09:49:10,$ 3282.67,300
343,09:49:09,$ 3282.22,104
344,09:49:08,$ 3284.51,100
345,09:49:08,$ 3284.51,100
346,09:49:08,$ 3283.03,"1,000"
347,09:49:08,$ 3284.01,100
348,09:49:08,$ 3284.01,100
349,09:49:08,$ 3284.51,184
350,09:49:08,$ 3284.51,100
351,09:49:08,$ 3284.51,200
352,09:49:08,$ 3284.51,100
353,09:49:08,$ 3284.51,100
354,09:49:08,$ 3284.51,100
355,09:49:08,$ 3285.002,100
356,09:49:08,$ 3285.00,100
358,09:49:07,$ 3285.99,100
359,09:49:07,$ 3285.94,100
360,09:49:06,$ 3284.309,100
361,09:49:05,$ 3285.98,100
362,09:49:04,$ 3285.83,100
363,09:49:01,$ 3284.03,100
364,09:48:57,$ 3283.31,100
365,09:48:56,$ 3282.7638,"1,000"
366,09:48:49,$ 3284.3999,100
367,09:48:48,$ 3285.10,526
368,09:48:48,$ 3284.38,200
369,09:48:41,$ 3285.55,100
370,09:48:41,$ 3286.14,100
371,09:48:41,$ 3285.56,100
372,09:48:41,$ 3285.56,100
373,09:48:38,$ 3284.99,140
374,09:48:32,$ 3283.57,150
375,09:48:31,$ 3283.6101,"1,000"
376,09:48:30,$ 3284.85,"1,000"
377,09:48:30,$ 3284.26,165
379,09:48:29,$ 3285.84,102
380,09:48:27,$ 3286.6699,150
381,09:48:26,$ 3285.11,100
382,09:48:26,$ 3286.00,100
383,09:48:26,$ 3285.11,100
384,09:48:25,$ 3285.11,215
385,09:48:19,$ 3284.74,100
386,09:48:18,$ 3286.18,100
387,09:48:14,$ 3283.0001,180
388,09:48:11,$ 3286.53,100
389,09:48:11,$ 3287.7136,102
390,09:48:11,$ 3288.00,196
391,09:48:11,$ 3286.00,133
392,09:48:10,$ 3287.00,100
393,09:48:08,$ 3286.95,153
394,09:48:06,$ 3286.42,100
395,09:48:03,$ 3285.75,100
396,09:47:55,$ 3284.23,100
397,09:47:47,$ 3282.895,100
398,09:47:44,$ 3283.1502,100
400,09:47:38,$ 3284.30,100
401,09:47:38,$ 3285.79,200
402,09:47:37,$ 3284.57,100
403,09:47:32,$ 3280.32,165
404,09:47:22,$ 3280.1995,112
405,09:47:22,$ 3279.28,100
406,09:47:18,$ 3280.115,102
407,09:47:15,$ 3280.01,103
408,09:47:13,$ 3284.7023,100
409,09:47:12,$ 3283.235,100
410,09:47:12,$ 3283.52,104
411,09:47:11,$ 3286.64,"1,000"
412,09:47:11,$ 3286.165,180
413,09:47:10,$ 3286.0301,"1,000"
414,09:47:10,$ 3287.89,100
415,09:47:10,$ 3287.89,100
416,09:47:09,$ 3287.91,125
417,09:47:05,$ 3287.325,102
418,09:47:05,$ 3287.00,100
419,09:47:03,$ 3286.0298,200
421,09:47:01,$ 3286.24,100
422,09:46:58,$ 3286.37,100
423,09:46:58,$ 3286.39,100
424,09:46:58,$ 3286.39,288
425,09:46:55,$ 3285.025,125
426,09:46:52,$ 3284.325,300
427,09:46:51,$ 3284.4999,100
428,09:46:51,$ 3284.4999,100
429,09:46:51,$ 3284.50,100
430,09:46:50,$ 3284.50,100
431,09:46:50,$ 3284.45,100
432,09:46:49,$ 3283.35,200
433,09:46:49,$ 3283.905,100
434,09:46:49,$ 3284.50,100
435,09:46:49,$ 3284.0399,100
436,09:46:49,$ 3284.0399,100
437,09:46:49,$ 3284.04,100
438,09:46:48,$ 3283.7786,100
439,09:46:45,$ 3284.78,100
440,09:46:44,$ 3284.0616,300
442,09:46:44,$ 3284.145,100
443,09:46:42,$ 3284.78,100
444,09:46:36,$ 3281.21,500
445,09:46:34,$ 3280.57,100
446,09:46:34,$ 3280.77,100
447,09:46:32,$ 3281.0858,882
448,09:46:32,$ 3280.5401,100
449,09:46:27,$ 3282.3954,100
450,09:46:25,$ 3281.345,100
451,09:46:24,$ 3283.0637,100
452,09:46:16,$ 3283.8018,200
453,09:46:12,$ 3286.00,100
454,09:46:11,$ 3284.99,100
455,09:46:11,$ 3285.00,100
456,09:46:11,$ 3285.00,250
457,09:46:11,$ 3285.00,100
458,09:46:11,$ 3284.90,100
459,09:46:10,$ 3283.85,100
460,09:46:09,$ 3283.38,100
461,09:46:09,$ 3283.00,100
463,09:46:09,$ 3283.00,142
464,09:46:09,$ 3283.00,100
465,09:46:05,$ 3281.63,100
466,09:46:03,$ 3283.00,100
467,09:46:03,$ 3283.00,100
468,09:46:02,$ 3281.8318,111
469,09:46:02,$ 3281.78,100
470,09:46:02,$ 3281.8318,139
471,09:46:00,$ 3283.00,100
472,09:45:58,$ 3281.62,100
473,09:45:58,$ 3281.62,100
474,09:45:58,$ 3281.60,100
475,09:45:57,$ 3282.035,100
476,09:45:57,$ 3280.87,100
477,09:45:57,$ 3282.035,100
478,09:45:54,$ 3282.655,100
479,09:45:54,$ 3283.00,115
480,09:45:54,$ 3283.00,100
481,09:45:53,$ 3283.00,100
482,09:45:53,$ 3283.00,100
484,09:45:53,$ 3283.32,100
485,09:45:53,$ 3283.00,100
486,09:45:50,$ 3283.00,100
487,09:45:48,$ 3281.88,100
488,09:45:47,$ 3281.74,100
489,09:45:47,$ 3282.00,100
490,09:45:43,$ 3280.9947,100
491,09:45:38,$ 3281.288,100
492,09:45:38,$ 3281.20,151
493,09:45:36,$ 3277.90,100
494,09:45:35,$ 3278.68,500
495,09:45:15,$ 3278.1201,100
496,09:45:13,$ 3281.98,100
497,09:45:12,$ 3281.919,100
498,09:45:12,$ 3281.98,100
499,09:45:11,$ 3281.9999,100
500,09:45:10,$ 3279.995,100
501,09:45:10,$ 3279.2782,200
502,09:45:09,$ 3282.00,300
503,09:45:06,$ 3280.3468,100
505,09:45:05,$ 3280.816,166
506,09:45:05,$ 3280.00,200
507,09:45:05,$ 3280.00,"1,706"
508,09:45:05,$ 3280.00,100
509,09:45:05,$ 3277.884,100
510,09:45:05,$ 3277.9899,150
511,09:45:05,$ 3277.95,100
512,09:45:05,$ 3277.98,200
513,09:45:04,$ 3275.66,100
514,09:45:03,$ 3275.20,100
515,09:45:03,$ 3275.00,198
516,09:45:03,$ 3275.00,222
517,09:45:03,$ 3275.00,157
518,09:45:01,$ 3274.17,100
519,09:44:57,$ 3274.1275,100
520,09:44:51,$ 3274.8468,"1,000"
521,09:44:49,$ 3273.745,100
522,09:44:49,$ 3274.035,100
523,09:44:48,$ 3274.165,100
524,09:44:48,$ 3274.165,100
526,09:44:48,$ 3274.37,100
527,09:44:42,$ 3274.3887,450
528,09:44:42,$ 3275.305,100
529,09:44:42,$ 3275.00,200
530,09:44:42,$ 3275.00,400
531,09:44:42,$ 3275.2561,120
532,09:44:42,$ 3275.50,200
533,09:44:42,$ 3275.00,280
534,09:44:42,$ 3275.50,280
535,09:44:42,$ 3275.50,400
536,09:44:41,$ 3276.25,304
537,09:44:41,$ 3275.50,125
538,09:44:41,$ 3276.25,310
539,09:44:41,$ 3275.50,100
540,09:44:41,$ 3275.00,125
541,09:44:41,$ 3274.98,100
542,09:44:41,$ 3275.00,100
543,09:44:41,$ 3274.48,100
544,09:44:41,$ 3275.28,100
545,09:44:33,$ 3276.635,250
547,09:44:28,$ 3274.3701,"1,000"
548,09:44:28,$ 3275.35,190
549,09:44:11,$ 3276.9606,200
550,09:44:02,$ 3274.74,100
551,09:44:01,$ 3275.00,100
552,09:43:58,$ 3276.355,100
553,09:43:58,$ 3276.00,100
554,09:43:58,$ 3276.32,100
555,09:43:49,$ 3277.934,100
556,09:43:47,$ 3278.545,100
557,09:43:47,$ 3278.55,100
558,09:43:47,$ 3278.55,100
559,09:43:47,$ 3278.975,100
560,09:43:47,$ 3278.1582,245
561,09:43:47,$ 3279.05,100
562,09:43:47,$ 3279.05,200
563,09:43:47,$ 3278.75,100
564,09:43:47,$ 3279.10,100
565,09:43:44,$ 3279.7893,100
566,09:43:36,$ 3278.395,100
568,09:43:36,$ 3276.974,846
569,09:43:36,$ 3278.18,100
570,09:43:30,$ 3278.005,100
571,09:43:20,$ 3281.11,451
572,09:43:20,$ 3279.59,100
573,09:43:20,$ 3279.09,100
574,09:43:19,$ 3282.76,100
575,09:43:19,$ 3283.99,577
576,09:43:19,$ 3282.70,100
577,09:43:19,$ 3282.20,100
578,09:43:18,$ 3282.6562,"1,000"
579,09:43:14,$ 3284.39,100
580,09:43:14,$ 3283.0817,300
581,09:43:12,$ 3283.96,149
582,09:43:12,$ 3283.26,100
583,09:43:10,$ 3281.81,100
584,09:43:09,$ 3283.26,100
585,09:43:09,$ 3282.387,150
586,09:43:08,$ 3280.6929,"1,000"
587,09:43:08,$ 3283.20,100
589,09:43:08,$ 3282.79,300
590,09:43:08,$ 3282.64,100
591,09:43:08,$ 3282.62,100
592,09:43:08,$ 3281.24,375
593,09:43:08,$ 3281.50,200
594,09:43:08,$ 3281.50,100
595,09:43:08,$ 3282.00,200
596,09:43:07,$ 3279.97,300
597,09:43:07,$ 3281.205,150
598,09:43:07,$ 3279.9999,100
599,09:43:07,$ 3279.9999,108
600,09:43:07,$ 3279.9999,100
601,09:43:07,$ 3280.00,100
602,09:43:07,$ 3280.00,108
603,09:43:07,$ 3280.00,643
604,09:43:07,$ 3280.00,261
605,09:43:07,$ 3280.00,100
606,09:43:07,$ 3280.00,216
607,09:43:06,$ 3278.30,627
608,09:43:06,$ 3279.4188,285
610,09:43:06,$ 3278.80,627
611,09:43:06,$ 3278.80,100
612,09:43:06,$ 3278.80,211
613,09:43:05,$ 3277.7683,104
614,09:43:05,$ 3277.7683,196
615,09:43:01,$ 3278.4845,942
616,09:43:01,$ 3275.81,100
617,09:43:01,$ 3275.80,100
618,09:42:57,$ 3275.33,100
619,09:42:45,$ 3275.00,100
620,09:42:44,$ 3274.0374,500
621,09:42:43,$ 3277.3545,200
622,09:42:40,$ 3276.8223,500
623,09:42:37,$ 3274.58,100
624,09:42:37,$ 3274.50,743
625,09:42:37,$ 3274.08,100
626,09:42:37,$ 3276.32,100
627,09:42:37,$ 3278.3167,122
628,09:42:37,$ 3278.3167,100
629,09:42:37,$ 3277.22,100
631,09:42:36,$ 3277.0799,"1,000"
632,09:42:35,$ 3278.2905,"1,000"
633,09:42:30,$ 3277.185,250
634,09:42:29,$ 3277.838,100
635,09:42:28,$ 3277.99,100
636,09:42:27,$ 3276.30,244
637,09:42:27,$ 3276.30,121
638,09:42:27,$ 3276.26,100
639,09:42:27,$ 3276.80,121
640,09:42:27,$ 3276.76,100
641,09:42:27,$ 3275.62,100
642,09:42:27,$ 3275.066,100
643,09:42:27,$ 3275.066,100
644,09:42:26,$ 3275.62,200
645,09:42:26,$ 3274.44,208
646,09:42:26,$ 3274.44,199
647,09:42:26,$ 3274.2773,100
648,09:42:26,$ 3274.13,100
649,09:42:26,$ 3273.90,100
650,09:42:26,$ 3274.40,100
652,09:42:26,$ 3274.42,100
653,09:42:26,$ 3274.63,100
654,09:42:25,$ 3274.725,"1,000"
655,09:42:24,$ 3272.13,200
656,09:42:21,$ 3272.50,600
657,09:42:15,$ 3276.80,200
658,09:42:14,$ 3273.29,100
659,09:42:11,$ 3275.82,100
660,09:42:09,$ 3275.08,100
661,09:42:08,$ 3275.8483,300
662,09:42:08,$ 3275.11,100
663,09:41:57,$ 3274.28,100
664,09:41:53,$ 3274.24,100
665,09:41:53,$ 3274.27,100
666,09:41:52,$ 3274.00,445
667,09:41:51,$ 3275.615,150
668,09:41:47,$ 3276.515,100
669,09:41:46,$ 3275.02,100
670,09:41:44,$ 3275.98,300
671,09:41:37,$ 3277.3788,297
673,09:41:37,$ 3276.44,100
674,09:41:30,$ 3278.39,100
675,09:41:30,$ 3277.3449,304
676,09:41:28,$ 3279.6175,100
677,09:41:26,$ 3278.17,100
678,09:41:25,$ 3279.52,400
679,09:41:21,$ 3280.00,100
680,09:41:18,$ 3281.73,100
681,09:41:17,$ 3279.065,250
682,09:41:11,$ 3279.67,"1,000"
683,09:41:10,$ 3279.7117,300
684,09:41:07,$ 3281.21,100
685,09:41:06,$ 3280.26,138
686,09:41:06,$ 3277.7301,100
687,09:40:59,$ 3279.825,100
688,09:40:59,$ 3280.93,100
689,09:40:55,$ 3281.00,100
690,09:40:55,$ 3282.51,100
691,09:40:53,$ 3283.22,100
692,09:40:53,$ 3281.79,100
694,09:40:53,$ 3281.00,100
695,09:40:53,$ 3280.58,100
696,09:40:53,$ 3280.00,150
697,09:40:53,$ 3280.07,100
698,09:40:51,$ 3279.95,100
699,09:40:48,$ 3279.928,100
700,09:40:48,$ 3277.43,100
701,09:40:47,$ 3277.39,100
702,09:40:47,$ 3276.78,348
703,09:40:47,$ 3276.78,210
704,09:40:47,$ 3278.32,100
705,09:40:46,$ 3278.92,100
706,09:40:46,$ 3279.99,100
707,09:40:45,$ 3279.99,100
708,09:40:43,$ 3279.69,100
709,09:40:41,$ 3277.625,100
710,09:40:41,$ 3278.49,100
711,09:40:41,$ 3277.615,100
712,09:40:39,$ 3277.07,100
713,09:40:37,$ 3276.76,100
715,09:40:31,$ 3278.29,270
716,09:40:28,$ 3280.54,178
717,09:40:28,$ 3280.3821,"1,676"
718,09:40:28,$ 3280.00,100
719,09:40:28,$ 3280.00,200
720,09:40:28,$ 3280.00,100
721,09:40:28,$ 3279.95,100
722,09:40:28,$ 3276.85,100
723,09:40:28,$ 3276.69,100
724,09:40:23,$ 3275.765,100
725,09:40:21,$ 3278.175,100
726,09:40:20,$ 3279.345,100
727,09:40:20,$ 3278.72,100
728,09:40:15,$ 3279.38,100
729,09:40:15,$ 3277.9325,100
730,09:40:14,$ 3278.7122,200
731,09:40:13,$ 3279.38,100
732,09:40:13,$ 3279.385,100
733,09:40:13,$ 3279.36,100
734,09:40:12,$ 3279.36,100
736,09:40:12,$ 3278.79,100
737,09:40:12,$ 3279.36,100
738,09:40:11,$ 3276.95,124
739,09:40:11,$ 3277.64,100
740,09:40:10,$ 3277.645,100
741,09:40:10,$ 3278.12,100
742,09:40:10,$ 3276.97,100
743,09:40:10,$ 3278.12,100
744,09:40:10,$ 3275.94,100
745,09:40:10,$ 3275.94,300
746,09:40:08,$ 3276.87,100
747,09:40:04,$ 3275.749,100
748,09:40:04,$ 3275.749,200
749,09:40:04,$ 3275.28,100
750,09:40:04,$ 3275.75,100
751,09:40:03,$ 3274.715,200
752,09:40:03,$ 3275.47,100
753,09:40:02,$ 3274.94,156
754,09:40:01,$ 3274.91,100
755,09:40:01,$ 3274.46,100
757,09:40:01,$ 3273.8962,100
758,09:40:01,$ 3273.00,100
759,09:40:01,$ 3272.49,100
760,09:40:01,$ 3271.5571,100
761,09:40:01,$ 3272.67,100
762,09:40:01,$ 3272.67,100
763,09:40:01,$ 3272.49,100
764,09:40:01,$ 3272.18,100
765,09:39:55,$ 3272.90,500
766,09:39:54,$ 3272.75,100
767,09:39:53,$ 3272.31,250
768,09:39:51,$ 3274.17,125
769,09:39:47,$ 3273.72,100
770,09:39:46,$ 3273.0008,200
771,09:39:46,$ 3272.51,100
772,09:39:43,$ 3272.905,199
773,09:39:43,$ 3272.44,100
774,09:39:43,$ 3272.0692,300
775,09:39:42,$ 3273.50,100
776,09:39:41,$ 3274.94,100
778,09:39:40,$ 3272.355,100
779,09:39:39,$ 3271.045,300
780,09:39:39,$ 3271.045,300
781,09:39:39,$ 3271.045,300
782,09:39:38,$ 3271.83,100
783,09:39:38,$ 3273.28,200
784,09:39:36,$ 3270.8837,100
785,09:39:35,$ 3270.535,100
786,09:39:35,$ 3270.0908,100
787,09:39:34,$ 3271.835,100
788,09:39:34,$ 3271.835,100
789,09:39:33,$ 3271.831,250
790,09:39:33,$ 3270.82,500
791,09:39:32,$ 3270.82,100
792,09:39:30,$ 3269.90,100
793,09:39:19,$ 3269.3417,200
794,09:39:13,$ 3267.975,100
795,09:39:08,$ 3267.39,100
796,09:39:07,$ 3265.99,100
797,09:39:07,$ 3265.58,160
799,09:39:07,$ 3265.03,100
800,09:39:07,$ 3265.03,100
801,09:39:07,$ 3265.57,300
802,09:39:07,$ 3265.02,100
803,09:39:07,$ 3265.03,100
804,09:39:06,$ 3268.11,100
805,09:39:06,$ 3267.66,157
806,09:39:06,$ 3266.99,203
807,09:39:06,$ 3267.04,100
808,09:39:04,$ 3265.995,100
809,09:39:04,$ 3265.9984,300
810,09:39:04,$ 3266.97,100
811,09:39:04,$ 3266.56,100
812,09:39:04,$ 3266.81,100
813,09:39:04,$ 3266.57,100
814,09:39:03,$ 3265.995,100
815,09:39:03,$ 3266.84,100
816,09:39:03,$ 3266.99,100
817,09:39:03,$ 3266.98,100
818,09:39:03,$ 3266.98,100
820,09:39:03,$ 3266.99,100
821,09:39:03,$ 3266.985,100
822,09:39:00,$ 3266.33,100
823,09:38:56,$ 3265.8409,110
824,09:38:55,$ 3266.33,200
825,09:38:54,$ 3266.00,400
826,09:38:54,$ 3266.00,100
827,09:38:54,$ 3266.32,100
828,09:38:54,$ 3267.075,100
829,09:38:54,$ 3267.075,100
830,09:38:53,$ 3267.625,100
831,09:38:53,$ 3266.00,219
832,09:38:52,$ 3267.685,100
833,09:38:50,$ 3268.185,100
834,09:38:47,$ 3268.45,100
835,09:38:46,$ 3267.379,250
836,09:38:44,$ 3268.845,500
837,09:38:42,$ 3269.57,100
838,09:38:42,$ 3269.6904,100
839,09:38:41,$ 3268.845,100
841,09:38:40,$ 3269.95,100
842,09:38:40,$ 3269.95,200
843,09:38:40,$ 3269.95,100
844,09:38:40,$ 3269.89,100
845,09:38:40,$ 3269.94,116
846,09:38:40,$ 3269.93,100
847,09:38:40,$ 3269.89,100
848,09:38:40,$ 3269.89,100
849,09:38:38,$ 3269.94,100
850,09:38:37,$ 3268.735,100
851,09:38:37,$ 3269.9399,100
852,09:38:35,$ 3267.61,100
853,09:38:35,$ 3268.18,100
854,09:38:35,$ 3268.18,100
855,09:38:35,$ 3267.37,122
856,09:38:35,$ 3269.05,100
857,09:38:35,$ 3268.17,100
858,09:38:35,$ 3269.04,100
859,09:38:35,$ 3268.14,150
860,09:38:33,$ 3269.26,100
862,09:38:32,$ 3268.655,200
863,09:38:28,$ 3269.225,100
864,09:38:27,$ 3268.99,116
865,09:38:27,$ 3269.00,100
866,09:38:27,$ 3268.00,100
867,09:38:27,$ 3268.00,100
868,09:38:26,$ 3267.36,140
869,09:38:26,$ 3267.905,500
870,09:38:25,$ 3267.855,100
871,09:38:25,$ 3267.605,157
872,09:38:21,$ 3267.855,300
873,09:38:19,$ 3267.18,100
874,09:38:16,$ 3267.3425,100
875,09:38:15,$ 3267.855,100
876,09:38:14,$ 3267.7009,100
877,09:38:10,$ 3267.885,100
878,09:38:10,$ 3267.00,788
879,09:38:10,$ 3267.00,141
880,09:38:10,$ 3267.22,100
881,09:38:05,$ 3267.015,100
883,09:38:05,$ 3267.45,100
884,09:38:02,$ 3266.8197,100
885,09:38:02,$ 3268.56,200
886,09:38:01,$ 3269.025,100
887,09:38:01,$ 3269.025,100
888,09:37:59,$ 3268.765,100
889,09:37:59,$ 3268.765,100
890,09:37:58,$ 3269.85,100
891,09:37:58,$ 3267.40,100
892,09:37:54,$ 3268.605,100
893,09:37:54,$ 3268.8292,400
894,09:37:53,$ 3267.0416,100
895,09:37:51,$ 3267.99,100
896,09:37:51,$ 3267.99,220
897,09:37:50,$ 3266.21,100
898,09:37:50,$ 3266.21,100
899,09:37:46,$ 3266.58,100
900,09:37:46,$ 3266.79,100
901,09:37:46,$ 3266.97,100
902,09:37:46,$ 3267.00,100
904,09:37:46,$ 3266.98,100
905,09:37:46,$ 3266.97,100
906,09:37:46,$ 3266.97,100
907,09:37:43,$ 3263.99,100
908,09:37:42,$ 3263.985,100
909,09:37:42,$ 3264.49,100
910,09:37:37,$ 3264.005,500
911,09:37:28,$ 3261.9001,130
912,09:37:27,$ 3263.2074,200
913,09:37:26,$ 3263.10,100
914,09:37:26,$ 3264.47,100
915,09:37:26,$ 3263.48,100
916,09:37:26,$ 3262.96,100
917,09:37:26,$ 3256.415,100
918,09:37:26,$ 3262.31,100
919,09:37:26,$ 3261.62,150
920,09:37:26,$ 3261.34,100
921,09:37:26,$ 3260.99,100
922,09:37:25,$ 3257.00,400
923,09:37:24,$ 3258.615,100
925,09:37:21,$ 3261.225,300
926,09:37:21,$ 3261.21,100
927,09:37:20,$ 3262.1454,140
928,09:37:19,$ 3263.42,100
929,09:37:13,$ 3261.885,100
930,09:37:12,$ 3263.48,100
931,09:37:12,$ 3263.48,100
932,09:37:04,$ 3263.88,200
933,09:37:04,$ 3262.60,100
934,09:37:04,$ 3262.59,100
935,09:37:04,$ 3262.60,100
936,09:37:02,$ 3264.48,100
937,09:37:02,$ 3264.21,100
938,09:37:02,$ 3263.00,910
939,09:37:02,$ 3262.235,100
940,09:37:02,$ 3262.00,676
941,09:37:02,$ 3261.95,134
942,09:37:02,$ 3260.70,300
943,09:37:01,$ 3261.45,100
944,09:37:00,$ 3259.535,100
946,09:37:00,$ 3259.625,100
947,09:36:57,$ 3261.98,100
948,09:36:53,$ 3261.23,200
949,09:36:53,$ 3262.00,100
950,09:36:50,$ 3261.85,200
951,09:36:46,$ 3262.36,100
952,09:36:46,$ 3259.75,100
953,09:36:46,$ 3260.00,100
954,09:36:42,$ 3258.78,100
955,09:36:40,$ 3259.25,100
956,09:36:38,$ 3257.00,100
957,09:36:36,$ 3256.07,100
958,09:36:34,$ 3255.1292,400
959,09:36:34,$ 3253.85,100
960,09:36:34,$ 3255.00,100
961,09:36:34,$ 3255.00,100
962,09:36:34,$ 3254.93,249
963,09:36:33,$ 3254.15,119
964,09:36:33,$ 3252.76,100
965,09:36:30,$ 3252.79,100
967,09:36:30,$ 3252.79,100
968,09:36:30,$ 3252.79,100
969,09:36:30,$ 3252.80,100
970,09:36:27,$ 3254.0153,121
971,09:36:24,$ 3253.3375,200
972,09:36:21,$ 3253.68,100
973,09:36:20,$ 3252.525,100
974,09:36:18,$ 3257.3799,100
975,09:36:17,$ 3254.26,100
976,09:36:15,$ 3256.08,100
977,09:36:12,$ 3256.585,100
978,09:36:12,$ 3256.175,100
979,09:36:08,$ 3258.2601,100
980,09:36:07,$ 3259.07,100
981,09:36:04,$ 3258.41,112
982,09:36:03,$ 3257.59,100
983,09:36:03,$ 3258.70,105
984,09:36:03,$ 3258.69,100
985,09:36:00,$ 3259.85,100
986,09:35:59,$ 3258.77,300
988,09:35:56,$ 3259.63,156
989,09:35:56,$ 3257.565,100
990,09:35:54,$ 3256.7101,100
991,09:35:53,$ 3258.20,100
992,09:35:51,$ 3256.40,100
993,09:35:50,$ 3257.51,100
994,09:35:50,$ 3255.88,100
995,09:35:50,$ 3257.46,100
996,09:35:50,$ 3257.51,100
997,09:35:50,$ 3255.88,100
998,09:35:50,$ 3256.20,100
999,09:35:50,$ 3256.22,100
1000,09:35:50,$ 3256.695,100
1001,09:35:49,$ 3255.89,500
1002,09:35:48,$ 3255.905,100
1003,09:35:47,$ 3255.87,367
1004,09:35:44,$ 3254.00,100
1005,09:35:43,$ 3252.38,100
1006,09:35:43,$ 3252.34,100
1007,09:35:42,$ 3253.87,100
1009,09:35:42,$ 3252.89,100
1010,09:35:38,$ 3254.248,100
1011,09:35:38,$ 3253.84,100
1012,09:35:37,$ 3253.84,100
1013,09:35:36,$ 3254.7981,100
1014,09:35:35,$ 3254.855,100
1015,09:35:34,$ 3254.85,100
1016,09:35:33,$ 3256.05,100
1017,09:35:33,$ 3254.54,980
1018,09:35:33,$ 3254.54,322
1019,09:35:33,$ 3254.54,124
1020,09:35:33,$ 3254.99,100
1021,09:35:33,$ 3254.14,425
1022,09:35:33,$ 3253.74,100
1023,09:35:32,$ 3252.00,219
1024,09:35:32,$ 3252.00,111
1025,09:35:32,$ 3252.00,170
1026,09:35:32,$ 3252.00,100
1027,09:35:23,$ 3248.77,100
1028,09:35:23,$ 3248.91,100
1030,09:35:23,$ 3248.91,200
1031,09:35:21,$ 3247.20,100
1032,09:35:21,$ 3247.50,100
1033,09:35:20,$ 3248.354,100
1034,09:35:20,$ 3247.53,100
1035,09:35:20,$ 3246.14,300
1036,09:35:17,$ 3247.545,100
1037,09:35:13,$ 3247.555,100
1038,09:35:11,$ 3247.565,100
1039,09:35:09,$ 3248.9799,100
1040,09:35:09,$ 3247.56,100
1041,09:35:06,$ 3249.98,"1,000"
1042,09:35:04,$ 3249.96,100
1043,09:35:04,$ 3249.94,100
1044,09:34:58,$ 3249.995,100
1045,09:34:56,$ 3251.055,100
1046,09:34:55,$ 3249.99,200
1047,09:34:55,$ 3249.99,149
1048,09:34:55,$ 3250.00,111
1049,09:34:55,$ 3250.00,111
1051,09:34:55,$ 3250.00,100
1052,09:34:55,$ 3250.00,100
1053,09:34:54,$ 3248.98,100
1054,09:34:52,$ 3249.99,100
1055,09:34:52,$ 3249.99,115
1056,09:34:52,$ 3248.07,100
1057,09:34:49,$ 3250.01,100
1058,09:34:48,$ 3251.835,100
1059,09:34:46,$ 3250.01,100
1060,09:34:43,$ 3250.2333,100
1061,09:34:43,$ 3249.005,100
1062,09:34:43,$ 3253.87,100
1063,09:34:43,$ 3249.865,100
1064,09:34:40,$ 3252.065,100
1065,09:34:39,$ 3250.135,100
1066,09:34:37,$ 3255.235,100
1067,09:34:36,$ 3252.65,100
1068,09:34:36,$ 3255.45,100
1069,09:34:34,$ 3253.245,100
1070,09:34:34,$ 3256.02,300
1072,09:34:32,$ 3262.295,100
1073,09:34:30,$ 3261.55,100
1074,09:34:30,$ 3261.82,100
1075,09:34:30,$ 3261.80,100
1076,09:34:30,$ 3261.53,103
1077,09:34:30,$ 3261.53,100
1078,09:34:28,$ 3263.11,100
1079,09:34:27,$ 3260.00,100
1080,09:34:25,$ 3262.14,119
1081,09:34:25,$ 3262.50,100
1082,09:34:25,$ 3262.45,100
1083,09:34:25,$ 3262.4975,100
1084,09:34:24,$ 3261.89,158
1085,09:34:24,$ 3262.00,100
1086,09:34:24,$ 3260.52,100
1087,09:34:24,$ 3258.6017,500
1088,09:34:23,$ 3260.00,100
1089,09:34:23,$ 3258.29,100
1090,09:34:23,$ 3256.64,100
1091,09:34:22,$ 3258.21,100
1093,09:34:21,$ 3259.3603,103
1094,09:34:21,$ 3259.34,100
1095,09:34:20,$ 3257.80,100
1096,09:34:20,$ 3258.7577,369
1097,09:34:19,$ 3254.30,100
1098,09:34:17,$ 3252.00,200
1099,09:34:17,$ 3252.00,100
1100,09:34:16,$ 3250.05,100
1101,09:34:16,$ 3251.1474,200
1102,09:34:16,$ 3251.02,100
1103,09:34:15,$ 3250.87,100
1104,09:34:15,$ 3250.00,238
1105,09:34:08,$ 3243.26,300
1106,09:34:08,$ 3244.98,100
1107,09:34:08,$ 3244.00,270
1108,09:34:08,$ 3243.60,100
1109,09:34:08,$ 3243.999,100
1110,09:34:08,$ 3243.995,100
1111,09:34:08,$ 3243.20,100
1112,09:34:03,$ 3245.088,500
1114,09:34:02,$ 3244.79,100
1115,09:34:02,$ 3242.69,100
1116,09:34:02,$ 3243.34,111
1117,09:34:01,$ 3242.557,300
1118,09:34:00,$ 3242.44,100
1119,09:33:57,$ 3241.58,180
1120,09:33:57,$ 3241.53,100
1121,09:33:56,$ 3241.79,100
1122,09:33:56,$ 3242.46,100
1123,09:33:55,$ 3241.58,100
1124,09:33:55,$ 3241.932,100
1125,09:33:51,$ 3243.00,100
1126,09:33:50,$ 3245.20,100
1127,09:33:50,$ 3245.44,100
1128,09:33:50,$ 3243.7966,"1,000"
1129,09:33:49,$ 3244.60,103
1130,09:33:46,$ 3244.66,300
1131,09:33:46,$ 3244.66,100
1132,09:33:45,$ 3244.43,100
1133,09:33:45,$ 3242.80,100
1135,09:33:44,$ 3243.50,100
1136,09:33:39,$ 3244.20,100
1137,09:33:33,$ 3241.52,100
1138,09:33:33,$ 3243.22,100
1139,09:33:33,$ 3242.33,286
1140,09:33:33,$ 3245.57,100
1141,09:33:33,$ 3241.57,100
1142,09:33:33,$ 3241.57,100
1143,09:33:33,$ 3245.75,100
1144,09:33:33,$ 3245.62,100
1145,09:33:33,$ 3245.57,100
1146,09:33:33,$ 3247.94,526
1147,09:33:32,$ 3246.49,100
1148,09:33:32,$ 3244.32,100
1149,09:33:32,$ 3244.84,100
1150,09:33:32,$ 3244.44,100
1151,09:33:32,$ 3244.49,100
1152,09:33:32,$ 3242.56,100
1153,09:33:32,$ 3243.16,200
1154,09:33:32,$ 3243.20,111
1156,09:33:32,$ 3243.20,116
1157,09:33:32,$ 3242.76,100
1158,09:33:32,$ 3242.76,169
1159,09:33:32,$ 3242.76,100
1160,09:33:32,$ 3242.77,100
1161,09:33:32,$ 3242.76,100
1162,09:33:32,$ 3241.395,100
1163,09:33:25,$ 3241.93,100
1164,09:33:25,$ 3242.13,176
1165,09:33:25,$ 3242.13,100
1166,09:33:25,$ 3241.41,100
1167,09:33:23,$ 3240.7472,300
1168,09:33:21,$ 3240.65,100
1169,09:33:17,$ 3243.36,100
1170,09:33:15,$ 3245.00,100
1171,09:33:15,$ 3243.54,100
1172,09:33:13,$ 3242.34,197
1173,09:33:12,$ 3240.35,100
1174,09:33:12,$ 3240.36,100
1175,09:33:12,$ 3240.25,100
1177,09:33:12,$ 3240.24,100
1178,09:33:12,$ 3238.23,100
1179,09:33:11,$ 3239.29,100
1180,09:33:09,$ 3238.9372,103
1181,09:33:09,$ 3239.53,100
1182,09:33:08,$ 3238.1647,100
1183,09:33:08,$ 3239.04,100
1184,09:33:08,$ 3240.00,204
1185,09:33:08,$ 3240.00,100
1186,09:33:08,$ 3240.00,107
1187,09:33:08,$ 3240.00,566
1188,09:33:08,$ 3240.00,"1,704"
1189,09:33:08,$ 3240.00,"2,296"
1190,09:33:08,$ 3240.02,100
1191,09:33:07,$ 3241.66,154
1192,09:32:58,$ 3244.60,100
1193,09:32:58,$ 3244.49,100
1194,09:32:57,$ 3242.2924,300
1195,09:32:56,$ 3247.2486,643
1196,09:32:56,$ 3242.68,100
1198,09:32:55,$ 3241.30,100
1199,09:32:51,$ 3242.84,100
1200,09:32:48,$ 3244.075,100
1201,09:32:46,$ 3244.21,100
1202,09:32:43,$ 3243.44,100
1203,09:32:43,$ 3243.20,445
1204,09:32:43,$ 3244.42,100
1205,09:32:43,$ 3244.00,100
1206,09:32:43,$ 3245.00,100
1207,09:32:43,$ 3245.00,100
1208,09:32:43,$ 3246.01,100
1209,09:32:43,$ 3246.01,100
1210,09:32:43,$ 3247.37,100
1211,09:32:43,$ 3247.00,188
1212,09:32:15,$ 3249.49,100
1213,09:32:13,$ 3245.33,100
1214,09:32:13,$ 3245.09,369
1215,09:32:10,$ 3245.345,100
1216,09:32:08,$ 3245.0901,200
1217,09:32:06,$ 3247.40,100
1219,09:32:05,$ 3246.78,100
1220,09:32:04,$ 3245.455,100
1221,09:32:00,$ 3250.04,100
1222,09:32:00,$ 3250.00,100
1223,09:32:00,$ 3249.95,100
1224,09:31:58,$ 3250.11,100
1225,09:31:57,$ 3250.01,100
1226,09:31:54,$ 3251.8358,103
1227,09:31:51,$ 3253.5145,100
1228,09:31:48,$ 3252.84,100
1229,09:31:42,$ 3255.135,150
1230,09:31:38,$ 3253.53,100
1231,09:31:36,$ 3253.00,100
1232,09:31:34,$ 3251.81,100
1233,09:31:34,$ 3252.29,100
1234,09:31:34,$ 3252.76,100
1235,09:31:28,$ 3249.99,100
1236,09:31:25,$ 3250.325,300
1237,09:31:24,$ 3251.1472,100
1238,09:31:24,$ 3249.49,500
1240,09:31:22,$ 3247.4122,100
1241,09:31:16,$ 3249.0899,100
1242,09:31:14,$ 3247.871,145
1243,09:31:14,$ 3247.82,194
1244,09:31:14,$ 3247.82,100
1245,09:31:14,$ 3251.7801,100
1246,09:31:13,$ 3251.9999,600
1247,09:31:13,$ 3251.00,100
1248,09:31:13,$ 3251.00,100
1249,09:31:12,$ 3251.7746,100
1250,09:31:11,$ 3253.40,100
1251,09:31:11,$ 3252.055,100
1252,09:31:09,$ 3252.065,100
1253,09:31:08,$ 3252.88,100
1254,09:31:07,$ 3252.065,100
1255,09:31:07,$ 3252.0633,120
1256,09:31:04,$ 3252.055,100
1257,09:31:04,$ 3251.0275,100
1258,09:31:03,$ 3253.03,100
1259,09:31:01,$ 3253.03,100
1261,09:31:00,$ 3253.68,100
1262,09:31:00,$ 3254.14,100
1263,09:31:00,$ 3255.00,100
1264,09:31:00,$ 3254.42,100
1265,09:30:56,$ 3255.00,100
1266,09:30:55,$ 3255.00,380
1267,09:30:53,$ 3253.11,100
1268,09:30:53,$ 3253.74,100
1269,09:30:53,$ 3253.77,100
1270,09:30:53,$ 3253.74,100
1271,09:30:53,$ 3253.74,100
1272,09:30:53,$ 3252.56,100
1273,09:30:52,$ 3253.74,100
1274,09:30:52,$ 3253.74,100
1275,09:30:50,$ 3255.00,100
1276,09:30:49,$ 3254.24,183
1277,09:30:48,$ 3255.32,100
1278,09:30:48,$ 3254.77,100
1279,09:30:46,$ 3255.00,100
1280,09:30:45,$ 3256.3466,100
1282,09:30:41,$ 3256.24,100
1283,09:30:37,$ 3259.95,100
1284,09:30:36,$ 3258.97,100
1285,09:30:36,$ 3258.98,200
1286,09:30:32,$ 3257.00,144
1287,09:30:32,$ 3256.10,100
1288,09:30:32,$ 3256.555,200
1289,09:30:32,$ 3255.94,100
1290,09:30:30,$ 3254.745,100
1291,09:30:27,$ 3255.38,100
1292,09:30:27,$ 3256.55,100
1293,09:30:26,$ 3256.56,100
1294,09:30:26,$ 3257.775,100
1295,09:30:25,$ 3256.8765,158
1296,09:30:25,$ 3257.9481,100
1297,09:30:24,$ 3257.4112,103
1298,09:30:23,$ 3257.00,100
1299,09:30:23,$ 3257.00,100
1300,09:30:23,$ 3255.6556,230
1301,09:30:22,$ 3255.805,100
1303,09:30:21,$ 3255.00,100
1304,09:30:16,$ 3253.36,100
1305,09:30:15,$ 3253.90,101
1306,09:30:15,$ 3252.70,100
1307,09:30:13,$ 3253.33,116
1308,09:30:12,$ 3251.96,100
1309,09:30:11,$ 3249.575,100
1310,09:30:10,$ 3251.76,100
1311,09:30:07,$ 3248.7925,100
1312,09:30:07,$ 3252.88,100
1313,09:30:07,$ 3251.95,100
1314,09:30:07,$ 3252.00,100
1315,09:30:07,$ 3249.91,100
1316,09:30:07,$ 3250.00,132
1317,09:30:07,$ 3250.00,500
1318,09:30:07,$ 3249.91,100
1319,09:30:06,$ 3248.565,300
1320,09:30:05,$ 3248.565,100
1321,09:30:04,$ 3248.3475,100
1322,09:30:04,$ 3248.565,200
1324,09:30:04,$ 3248.6375,100
1325,09:30:04,$ 3247.995,100
1326,09:30:04,$ 3248.695,100
1327,09:30:04,$ 3248.695,100
1328,09:30:04,$ 3248.41,100
1329,09:30:04,$ 3248.695,100
1330,09:30:03,$ 3248.295,100
1331,09:30:03,$ 3248.295,100
1332,09:30:03,$ 3248.2625,100
1333,09:30:03,$ 3247.165,100
1334,09:30:03,$ 3248.295,100
1335,09:30:02,$ 3248.15,100
1336,09:30:01,$ 3246.99,187
1337,09:30:01,$ 3247.165,100
1338,09:30:01,$ 3247.05,100
1339,09:30:00,$ 3247.00,206
1340,09:30:00,$ 3246.50,100
1341,09:30:00,$ 3246.50,100
1342,09:30:00,$ 3246.405,100
1343,09:30:00,$ 3246.405,100
1345,09:30:00,$ 3246.405,200
1346,09:30:00,$ 3246.405,100
1347,09:30:00,$ 3245.82,100
1348,09:30:00,$ 3245.93,9
1349,09:30:00,$ 3245.93,6
1350,09:30:00,$ 3245.93,4
1351,09:30:00,$ 3245.93,3
1352,09:30:00,$ 3245.93,1
1353,09:30:00,$ 3245.93,5
1354,09:30:00,$ 3245.93,1
1355,09:30:00,$ 3245.93,2
1356,09:30:00,$ 3245.93,5
1357,09:30:00,$ 3245.93,6
1358,09:30:00,$ 3245.93,1
1359,09:30:00,$ 3245.93,5
1360,09:30:00,$ 3245.93,4
1361,09:30:00,$ 3245.93,10
1362,09:30:00,$ 3245.93,1
1363,09:30:00,$ 3245.93,10
1364,09:30:00,$ 3245.93,8
1366,09:30:00,$ 3245.93,1
1367,09:30:00,$ 3245.93,15
1368,09:30:00,$ 3245.93,6
1369,09:30:00,$ 3245.93,1
1370,09:30:00,$ 3245.93,1
1371,09:30:00,$ 3245.93,1
1372,09:30:00,$ 3245.93,1
1373,09:30:00,$ 3245.93,23
1374,09:30:00,$ 3245.93,2
1375,09:30:00,$ 3245.93,4
1376,09:30:00,$ 3245.93,2
1377,09:30:00,$ 3245.93,1
1378,09:30:00,$ 3245.93,2
1379,09:30:00,$ 3245.93,4
1380,09:30:00,$ 3245.93,1
1381,09:30:00,$ 3245.93,2
1382,09:30:00,$ 3245.93,2
1383,09:30:00,$ 3245.93,6
1384,09:30:00,$ 3245.93,3
1385,09:30:00,$ 3245.93,71
1387,09:30:00,$ 3245.93,38
1388,09:30:00,$ 3245.93,31
1389,09:30:00,$ 3245.93,5
1390,09:30:00,$ 3245.93,7
1391,09:30:00,$ 3245.93,170
1392,09:30:00,$ 3245.93,120
1393,09:30:00,$ 3245.93,2
1394,09:30:00,$ 3245.93,2
1395,09:30:00,$ 3245.93,1
1396,09:30:00,$ 3245.93,2
1397,09:30:00,$ 3245.93,3
1398,09:30:00,$ 3245.93,1
1399,09:30:00,$ 3245.93,15
1400,09:30:00,$ 3245.93,50
1401,09:30:00,$ 3245.93,5
1402,09:30:00,$ 3245.93,4
1403,09:30:00,$ 3245.93,10
1404,09:30:00,$ 3245.93,20
1405,09:30:00,$ 3245.93,3
1406,09:30:00,$ 3245.93,1
1408,09:30:00,$ 3245.93,2
1409,09:30:00,$ 3245.93,3
1410,09:30:00,$ 3245.93,5
1411,09:30:00,$ 3245.93,23
1412,09:30:00,$ 3245.93,21
1413,09:30:00,$ 3245.93,179
1414,09:30:00,$ 3245.93,257
1415,09:30:00,$ 3245.93,14
1416,09:30:00,$ 3245.93,4
1417,09:30:00,$ 3245.93,6
1418,09:30:00,$ 3245.93,55
1419,09:30:00,$ 3245.93,2
1420,09:30:00,$ 3245.93,5
1421,09:30:00,$ 3245.93,18
1422,09:30:00,$ 3245.93,31
1423,09:30:00,$ 3245.93,5
1424,09:30:00,$ 3245.93,1
1425,09:30:00,$ 3245.93,1
1426,09:30:00,$ 3245.93,1
1427,09:30:00,$ 3245.93,45
1429,09:30:00,$ 3245.93,10
1430,09:30:00,$ 3245.93,2
1431,09:30:00,$ 3245.93,12
1432,09:30:00,$ 3245.93,1
1433,09:30:00,$ 3245.93,1
1434,09:30:00,$ 3245.93,4
1435,09:30:00,$ 3245.93,3
1436,09:30:00,$ 3245.93,1
1437,09:30:00,$ 3245.93,1
1438,09:30:00,$ 3245.93,1
1439,09:30:00,$ 3245.93,1
1440,09:30:00,$ 3245.93,8
1441,09:30:00,$ 3245.93,2
1442,09:30:00,$ 3245.93,1
1443,09:30:00,$ 3245.93,1
1444,09:30:00,$ 3245.93,2
1445,09:30:00,$ 3245.93,1
1446,09:30:00,$ 3245.93,1
1447,09:30:00,$ 3245.93,1
1448,09:30:00,$ 3245.93,5
1450,09:30:00,$ 3245.93,1
1451,09:30:00,$ 3245.93,2
1452,09:30:00,$ 3245.93,2
1453,09:30:00,$ 3245.93,1
1454,09:30:00,$ 3245.93,1
1455,09:30:00,$ 3245.93,2
1456,09:30:00,$ 3245.93,1
1457,09:30:00,$ 3245.93,2
1458,09:30:00,$ 3245.93,1
1459,09:30:00,$ 3245.93,1
1460,09:30:00,$ 3245.93,8
1461,09:30:00,$ 3245.93,2
1462,09:30:00,$ 3245.93,1
1463,09:30:00,$ 3245.93,1
1464,09:30:00,$ 3245.93,1
1465,09:30:00,$ 3245.93,1
1466,09:30:00,$ 3245.93,1
1467,09:30:00,$ 3245.93,1
1468,09:30:00,$ 3245.93,2
1469,09:30:00,$ 3245.93,5
1471,09:30:00,$ 3245.93,700
1472,09:30:00,$ 3245.93,1
1473,09:30:00,$ 3245.93,396
1474,09:30:00,$ 3245.93,1
1475,09:30:00,$ 3245.93,1
1476,09:30:00,$ 3245.93,1
1477,09:30:00,$ 3245.93,1
1478,09:30:00,$ 3245.93,1
1479,09:30:00,$ 3245.93,1
1480,09:30:00,$ 3245.93,1
1481,09:30:00,$ 3245.93,1
1482,09:30:00,$ 3245.93,1
1483,09:30:00,$ 3245.93,2
1484,09:30:00,$ 3245.93,1
1485,09:30:00,$ 3245.93,10
1486,09:30:00,$ 3245.93,1
1487,09:30:00,$ 3245.93,1
1488,09:30:00,$ 3245.93,1
1489,09:30:00,$ 3245.93,4
1490,09:30:00,$ 3245.93,1
1492,09:30:00,$ 3245.93,3
1493,09:30:00,$ 3245.93,1
1494,09:30:00,$ 3245.93,2
1495,09:30:00,$ 3245.93,1
1496,09:30:00,$ 3245.93,2
1497,09:30:00,$ 3245.93,1
1498,09:30:00,$ 3245.93,1
1499,09:30:00,$ 3245.93,5
1500,09:30:00,$ 3245.93,1
1501,09:30:00,$ 3245.93,1
1502,09:30:00,$ 3245.93,1
1503,09:30:00,$ 3245.93,1
1504,09:30:00,$ 3245.93,5
1505,09:30:00,$ 3245.93,6
1506,09:30:00,$ 3245.93,8
1507,09:30:00,$ 3245.93,15
1508,09:30:00,$ 3245.93,30
1509,09:30:00,$ 3245.93,33
1510,09:30:00,$ 3245.93,5
1511,09:30:00,$ 3245.93,1
1513,09:30:00,$ 3245.93,1
1514,09:30:00,$ 3245.93,1
1515,09:30:00,$ 3245.93,2
1516,09:30:00,$ 3245.93,3
1517,09:30:00,$ 3245.93,40
1518,09:30:00,$ 3245.93,1
1519,09:30:00,$ 3245.93,1
1520,09:30:00,$ 3245.93,2
1521,09:30:00,$ 3245.93,1
1522,09:30:00,$ 3245.93,6
1523,09:30:00,$ 3245.93,1
1524,09:30:00,$ 3245.93,3
1525,09:30:00,$ 3245.93,7
1526,09:30:00,$ 3245.93,7
1527,09:30:00,$ 3245.93,10
1528,09:30:00,$ 3245.93,5
1529,09:30:00,$ 3245.93,2
1530,09:30:00,$ 3245.93,4
1531,09:30:00,$ 3245.93,1
1532,09:30:00,$ 3245.93,59
1534,09:30:00,$ 3245.93,1
1535,09:30:00,$ 3245.93,1
1536,09:30:00,$ 3245.93,2
1537,09:30:00,$ 3245.93,9
1538,09:30:00,$ 3245.93,1
1539,09:30:00,$ 3245.93,2
1540,09:30:00,$ 3245.93,2
1541,09:30:00,$ 3245.93,2
1542,09:30:00,$ 3245.93,4
1543,09:30:00,$ 3245.93,3
1544,09:30:00,$ 3245.93,1
1545,09:30:00,$ 3245.93,10
1546,09:30:00,$ 3245.93,5
1547,09:30:00,$ 3245.93,1
1548,09:30:00,$ 3245.93,50
1549,09:30:00,$ 3245.93,1
1550,09:30:00,$ 3245.93,1
1551,09:30:00,$ 3245.93,1
1552,09:30:00,$ 3245.93,1
1553,09:30:00,$ 3245.93,1
1555,09:30:00,$ 3245.93,2
1556,09:30:00,$ 3245.93,1
1557,09:30:00,$ 3245.93,2
1558,09:30:00,$ 3245.93,1
1559,09:30:00,$ 3245.93,10
1560,09:30:00,$ 3245.93,1
1561,09:30:00,$ 3245.93,1
1562,09:30:00,$ 3245.93,1
1563,09:30:00,$ 3245.93,2
1564,09:30:00,$ 3245.93,1
1565,09:30:00,$ 3245.93,1
1566,09:30:00,$ 3245.93,1
1567,09:30:00,$ 3245.93,1
1568,09:30:00,$ 3245.93,5
1569,09:30:00,$ 3245.93,1
1570,09:30:00,$ 3245.93,1
1571,09:30:00,$ 3245.93,57
1572,09:30:00,$ 3245.93,2
1573,09:30:00,$ 3245.93,10
1574,09:30:00,$ 3245.93,4
1576,09:30:00,$ 3245.93,10
1577,09:30:00,$ 3245.93,3
1578,09:30:00,$ 3245.93,3
1579,09:30:00,$ 3245.93,5
1580,09:30:00,$ 3245.93,1
1581,09:30:00,$ 3245.93,1
1582,09:30:00,$ 3245.93,1
1583,09:30:00,$ 3245.93,9
1584,09:30:00,$ 3245.93,2
1585,09:30:00,$ 3245.93,1
1586,09:30:00,$ 3245.93,2
1587,09:30:00,$ 3245.93,12
1588,09:30:00,$ 3245.93,6
1589,09:30:00,$ 3245.93,1
1590,09:30:00,$ 3245.93,1
1591,09:30:00,$ 3245.93,2
1592,09:30:00,$ 3245.93,3
1593,09:30:00,$ 3245.93,2
1594,09:30:00,$ 3245.93,1
1595,09:30:00,$ 3245.93,5
1597,09:30:00,$ 3245.93,1
1598,09:30:00,$ 3245.93,2
1599,09:30:00,$ 3245.93,2
1600,09:30:00,$ 3245.93,3
1601,09:30:00,$ 3245.93,1
1602,09:30:00,$ 3245.93,3
1603,09:30:00,$ 3245.93,1
1604,09:30:00,$ 3245.93,5
1605,09:30:00,$ 3245.93,1
1606,09:30:00,$ 3245.93,2
1607,09:30:00,$ 3245.93,10
1608,09:30:00,$ 3245.93,8
1609,09:30:00,$ 3245.93,10
1610,09:30:00,$ 3245.93,68
1611,09:30:00,$ 3245.93,6
1612,09:30:00,$ 3245.93,57
1613,09:30:00,$ 3245.93,18
1614,09:30:00,$ 3245.93,10
1615,09:30:00,$ 3245.93,100
1616,09:30:00,$ 3245.93,3
1618,09:30:00,$ 3245.93,5
1619,09:30:00,$ 3245.93,1
1620,09:30:00,$ 3245.93,1
1621,09:30:00,$ 3245.93,3
1622,09:30:00,$ 3245.93,53
1623,09:30:00,$ 3245.93,3
1624,09:30:00,$ 3245.93,2
1625,09:30:00,$ 3245.93,3
1626,09:30:00,$ 3245.93,5
1627,09:30:00,$ 3245.93,9
1628,09:30:00,$ 3245.93,1
1629,09:30:00,$ 3245.93,6
1630,09:30:00,$ 3245.93,8
1631,09:30:00,$ 3245.93,16
1632,09:30:00,$ 3245.93,8
1633,09:30:00,$ 3245.93,40
1634,09:30:00,$ 3245.93,10
1635,09:30:00,$ 3245.93,12
1636,09:30:00,$ 3245.93,29
1637,09:30:00,$ 3245.93,4
1639,09:30:00,$ 3245.93,1
1640,09:30:00,$ 3245.93,34
1641,09:30:00,$ 3245.93,1
1642,09:30:00,$ 3245.93,1
1643,09:30:00,$ 3245.93,4
1644,09:30:00,$ 3245.93,6
1645,09:30:00,$ 3245.93,34
1646,09:30:00,$ 3245.93,31
1647,09:30:00,$ 3245.93,10
1648,09:30:00,$ 3245.93,6
1649,09:30:00,$ 3245.93,8
1650,09:30:00,$ 3245.93,6
1651,09:30:00,$ 3245.93,10
1652,09:30:00,$ 3245.93,9
1653,09:30:00,$ 3245.93,2
1654,09:30:00,$ 3245.93,13
1655,09:30:00,$ 3245.93,2
1656,09:30:00,$ 3245.93,3
1657,09:30:00,$ 3245.93,2
1658,09:30:00,$ 3245.93,1
1660,09:30:00,$ 3245.93,5
1661,09:30:00,$ 3245.93,20
1662,09:30:00,$ 3245.93,5
1663,09:30:00,$ 3245.93,1
1664,09:30:00,$ 3245.93,10
1665,09:30:00,$ 3245.93,1
1666,09:30:00,$ 3245.93,1
1667,09:30:00,$ 3245.93,1
1668,09:30:00,$ 3245.93,9
1669,09:30:00,$ 3245.93,25
1670,09:30:00,$ 3245.93,1
1671,09:30:00,$ 3245.93,40
1672,09:30:00,$ 3245.93,50
1673,09:30:00,$ 3245.93,2
1674,09:30:00,$ 3245.93,5
1675,09:30:00,$ 3245.93,4
1676,09:30:00,$ 3245.93,1
1677,09:30:00,$ 3245.93,16
1678,09:30:00,$ 3245.93,6
1679,09:30:00,$ 3245.93,2
1681,09:30:00,$ 3245.93,1
1682,09:30:00,$ 3245.93,10
1683,09:30:00,$ 3245.93,6
1684,09:30:00,$ 3245.93,1
1685,09:30:00,$ 3245.93,100
1686,09:30:00,$ 3245.93,1
1687,09:30:00,$ 3245.93,8
1688,09:30:00,$ 3245.93,1
1689,09:30:00,$ 3245.93,1
1690,09:30:00,$ 3245.93,20
1691,09:30:00,$ 3245.93,12
1692,09:30:00,$ 3245.93,11
1693,09:30:00,$ 3245.93,12
1694,09:30:00,$ 3245.93,1
1695,09:30:00,$ 3245.93,1
1696,09:30:00,$ 3245.93,1
1697,09:30:00,$ 3245.93,1
1698,09:30:00,$ 3245.93,3
1699,09:30:00,$ 3245.93,31
1700,09:30:00,$ 3245.93,2
1702,09:30:00,$ 3245.93,1
1703,09:30:00,$ 3245.93,18
1704,09:30:00,$ 3245.93,2
1705,09:30:00,$ 3245.93,1
1706,09:30:00,$ 3245.93,1
1707,09:30:00,$ 3245.93,1
1708,09:30:00,$ 3245.93,10
1709,09:30:00,$ 3245.93,28
1710,09:30:00,$ 3245.93,1
1711,09:30:00,$ 3245.93,2
1712,09:30:00,$ 3245.93,1
1713,09:30:00,$ 3245.93,2
1714,09:30:00,$ 3245.93,1
1715,09:30:00,$ 3245.93,1
1716,09:30:00,$ 3245.93,1
1717,09:30:00,$ 3245.93,5
1718,09:30:00,$ 3245.93,2
1719,09:30:00,$ 3245.93,1
1720,09:30:00,$ 3245.93,1
1721,09:30:00,$ 3245.93,1
1723,09:30:00,$ 3245.93,1
1724,09:30:00,$ 3245.93,1
1725,09:30:00,$ 3245.93,1
1726,09:30:00,$ 3245.93,1
1727,09:30:00,$ 3245.93,3
1728,09:30:00,$ 3245.93,1
1729,09:30:00,$ 3245.93,2
1730,09:30:00,$ 3245.93,1
1731,09:30:00,$ 3245.93,10
1732,09:30:00,$ 3245.93,2
1733,09:30:00,$ 3245.93,1
1734,09:30:00,$ 3245.93,2
1735,09:30:00,$ 3245.93,1
1736,09:30:00,$ 3245.93,1
1737,09:30:00,$ 3245.93,2
1738,09:30:00,$ 3245.93,10
1739,09:30:00,$ 3245.93,1
1740,09:30:00,$ 3245.93,1
1741,09:30:00,$ 3245.93,140
1742,09:30:00,$ 3245.93,7
1744,09:30:00,$ 3245.93,2
1745,09:30:00,$ 3245.93,1
1746,09:30:00,$ 3245.93,3
1747,09:30:00,$ 3245.93,50
1748,09:30:00,$ 3245.93,8
1749,09:30:00,$ 3245.93,2
1750,09:30:00,$ 3245.93,4
1751,09:30:00,$ 3245.93,2
1752,09:30:00,$ 3245.93,5
1753,09:30:00,$ 3245.93,33
1754,09:30:00,$ 3245.93,7
1755,09:30:00,$ 3245.93,7
1756,09:30:00,$ 3245.93,1
1757,09:30:00,$ 3245.93,31
1758,09:30:00,$ 3245.93,3
1759,09:30:00,$ 3245.93,2
1760,09:30:00,$ 3245.93,10
1761,09:30:00,$ 3245.93,25
1762,09:30:00,$ 3245.93,2
1763,09:30:00,$ 3245.93,6
1765,09:30:00,$ 3245.93,1
1766,09:30:00,$ 3245.93,2
1767,09:30:00,$ 3245.93,2
1768,09:30:00,$ 3245.93,1
1769,09:30:00,$ 3245.93,4
1770,09:30:00,$ 3245.93,1
1771,09:30:00,$ 3245.93,10
1772,09:30:00,$ 3245.93,5
1773,09:30:00,$ 3245.93,1
1774,09:30:00,$ 3245.93,2
1775,09:30:00,$ 3245.93,1
1776,09:30:00,$ 3245.93,3
1777,09:30:00,$ 3245.93,3
1778,09:30:00,$ 3245.93,2
1779,09:30:00,$ 3245.93,1
1780,09:30:00,$ 3245.93,4
1781,09:30:00,$ 3245.93,6
1782,09:30:00,$ 3245.93,1
1783,09:30:00,$ 3245.93,2
1784,09:30:00,$ 3245.93,3
1786,09:30:00,$ 3245.93,1
1787,09:30:00,$ 3245.93,6
1788,09:30:00,$ 3245.93,4
1789,09:30:00,$ 3245.93,1
1790,09:30:00,$ 3245.93,5
1791,09:30:00,$ 3245.93,2
1792,09:30:00,$ 3245.93,2
1793,09:30:00,$ 3245.93,3
1794,09:30:00,$ 3245.93,2
1795,09:30:00,$ 3245.93,10
1796,09:30:00,$ 3245.93,1
1797,09:30:00,$ 3245.93,1
1798,09:30:00,$ 3245.93,1
1799,09:30:00,$ 3245.93,5
1800,09:30:00,$ 3245.93,3
1801,09:30:00,$ 3245.93,5
1802,09:30:00,$ 3245.93,3
1803,09:30:00,$ 3245.93,1
1804,09:30:00,$ 3245.93,10
1805,09:30:00,$ 3245.93,3
1807,09:30:00,$ 3245.93,2
1808,09:30:00,$ 3245.93,2
1809,09:30:00,$ 3245.93,3
1810,09:30:00,$ 3245.93,1
1811,09:30:00,$ 3245.93,1
1812,09:30:00,$ 3245.93,1
1813,09:30:00,$ 3245.93,1
1814,09:30:00,$ 3245.93,1
1815,09:30:00,$ 3245.93,2
1816,09:30:00,$ 3245.93,8
1817,09:30:00,$ 3245.93,40
1818,09:30:00,$ 3245.93,1
1819,09:30:00,$ 3245.93,2
1820,09:30:00,$ 3245.93,20
1821,09:30:00,$ 3245.93,1
1822,09:30:00,$ 3245.93,3
1823,09:30:00,$ 3245.93,1
1824,09:30:00,$ 3245.93,1
1825,09:30:00,$ 3245.93,1
1826,09:30:00,$ 3245.93,1
1828,09:30:00,$ 3245.93,1
1829,09:30:00,$ 3245.93,1
1830,09:30:00,$ 3245.93,1
1831,09:30:00,$ 3245.93,20
1832,09:30:00,$ 3245.93,1
1833,09:30:00,$ 3245.93,1
1834,09:30:00,$ 3245.93,2
1835,09:30:00,$ 3245.93,1
1836,09:30:00,$ 3245.93,2
1837,09:30:00,$ 3245.93,1
1838,09:30:00,$ 3245.93,10
1839,09:30:00,$ 3245.93,5
1840,09:30:00,$ 3245.93,2
1841,09:30:00,$ 3245.93,3
1842,09:30:00,$ 3245.93,5
1843,09:30:00,$ 3245.93,1
1844,09:30:00,$ 3245.93,1
1845,09:30:00,$ 3245.93,5
1846,09:30:00,$ 3245.93,12
1847,09:30:00,$ 3245.93,2
1849,09:30:00,$ 3245.93,6
1850,09:30:00,$ 3245.93,1
1851,09:30:00,$ 3245.93,1
1852,09:30:00,$ 3245.93,3
1853,09:30:00,$ 3245.93,1
1854,09:30:00,$ 3245.93,2
1855,09:30:00,$ 3245.93,1
1856,09:30:00,$ 3245.93,1
1857,09:30:00,$ 3245.93,1
1858,09:30:00,$ 3245.93,1
1859,09:30:00,$ 3245.93,6
1860,09:30:00,$ 3245.93,1
1861,09:30:00,$ 3245.93,8
1862,09:30:00,$ 3245.93,3
1863,09:30:00,$ 3245.93,2
1864,09:30:00,$ 3245.93,1
1865,09:30:00,$ 3245.93,22
1866,09:30:00,$ 3245.93,1
1867,09:30:00,$ 3245.93,1
1868,09:30:00,$ 3245.93,2
1870,09:30:00,$ 3245.93,1
1871,09:30:00,$ 3245.93,2
1872,09:30:00,$ 3245.93,1
1873,09:30:00,$ 3245.93,1
1874,09:30:00,$ 3245.93,4
1875,09:30:00,$ 3245.93,1
1876,09:30:00,$ 3245.93,1
1877,09:30:00,$ 3245.93,1
1878,09:30:00,$ 3245.93,20
1879,09:30:00,$ 3245.93,1
1880,09:30:00,$ 3245.93,1
1881,09:30:00,$ 3245.93,1
1882,09:30:00,$ 3245.93,1
1883,09:30:00,$ 3245.93,3
1884,09:30:00,$ 3245.93,1
1885,09:30:00,$ 3245.93,1
1886,09:30:00,$ 3245.93,16
1887,09:30:00,$ 3245.93,8
1888,09:30:00,$ 3245.93,10
1889,09:30:00,$ 3245.93,2
1891,09:30:00,$ 3245.93,1
1892,09:30:00,$ 3245.93,1
1893,09:30:00,$ 3245.93,3
1894,09:30:00,$ 3245.93,2
1895,09:30:00,$ 3245.93,30
1896,09:30:00,$ 3245.93,3
1897,09:30:00,$ 3245.93,1
1898,09:30:00,$ 3245.93,2
1899,09:30:00,$ 3245.93,2
1900,09:30:00,$ 3245.93,1
1901,09:30:00,$ 3245.93,5
1902,09:30:00,$ 3245.93,1
1903,09:30:00,$ 3245.93,2
1904,09:30:00,$ 3245.93,1
1905,09:30:00,$ 3245.93,1
1906,09:30:00,$ 3245.93,5
1907,09:30:00,$ 3245.93,1
1908,09:30:00,$ 3245.93,4
1909,09:30:00,$ 3245.93,4
1910,09:30:00,$ 3245.93,3
1912,09:30:00,$ 3245.93,5
1913,09:30:00,$ 3245.93,2
1914,09:30:00,$ 3245.93,1
1915,09:30:00,$ 3245.93,5
1916,09:30:00,$ 3245.93,5
1917,09:30:00,$ 3245.93,2
1918,09:30:00,$ 3245.93,1
1919,09:30:00,$ 3245.93,1
1920,09:30:00,$ 3245.93,2
1921,09:30:00,$ 3245.93,3
1922,09:30:00,$ 3245.93,16
1923,09:30:00,$ 3245.93,1
1924,09:30:00,$ 3245.93,5
1925,09:30:00,$ 3245.93,2
1926,09:30:00,$ 3245.93,34
1927,09:30:00,$ 3245.93,5
1928,09:30:00,$ 3245.93,1
1929,09:30:00,$ 3245.93,9
1930,09:30:00,$ 3245.93,3
1931,09:30:00,$ 3245.93,4
1933,09:30:00,$ 3245.93,9
1934,09:30:00,$ 3245.93,3
1935,09:30:00,$ 3245.93,1
1936,09:30:00,$ 3245.93,4
1937,09:30:00,$ 3245.93,1
1938,09:30:00,$ 3245.93,1
1939,09:30:00,$ 3245.93,4
1940,09:30:00,$ 3245.93,3
1941,09:30:00,$ 3245.93,4
1942,09:30:00,$ 3245.93,2
1943,09:30:00,$ 3245.93,60
1944,09:30:00,$ 3245.93,4
1945,09:30:00,$ 3245.93,1
1946,09:30:00,$ 3245.93,3
1947,09:30:00,$ 3245.93,25
1948,09:30:00,$ 3245.93,100
1949,09:30:00,$ 3245.93,1
1950,09:30:00,$ 3245.93,1
1951,09:30:00,$ 3245.93,5
1952,09:30:00,$ 3245.93,2
1954,09:30:00,$ 3245.93,1
1955,09:30:00,$ 3245.93,2
1956,09:30:00,$ 3245.93,3
1957,09:30:00,$ 3245.93,1
1958,09:30:00,$ 3245.93,3
1959,09:30:00,$ 3245.93,3
1960,09:30:00,$ 3245.93,3
1961,09:30:00,$ 3245.93,1
1962,09:30:00,$ 3245.93,20
1963,09:30:00,$ 3245.93,3
1964,09:30:00,$ 3245.93,1
1965,09:30:00,$ 3245.93,80
1966,09:30:00,$ 3245.93,4
1967,09:30:00,$ 3245.93,1
1968,09:30:00,$ 3245.93,22
1969,09:30:00,$ 3245.93,4
1970,09:30:00,$ 3245.93,8
1971,09:30:00,$ 3245.93,5
1972,09:30:00,$ 3245.93,4
1973,09:30:00,$ 3245.93,10
1975,09:30:00,$ 3245.93,1
1976,09:30:00,$ 3245.93,2
1977,09:30:00,$ 3245.93,2
1978,09:30:00,$ 3245.93,2
1979,09:30:00,$ 3245.93,1
1980,09:30:00,$ 3245.93,2
1981,09:30:00,$ 3245.93,3
1982,09:30:00,$ 3245.93,1
1983,09:30:00,$ 3245.93,5
1984,09:30:00,$ 3245.93,1
1985,09:30:00,$ 3245.93,8
1986,09:30:00,$ 3245.93,2
1987,09:30:00,$ 3245.93,4
1988,09:30:00,$ 3245.93,1
1989,09:30:00,$ 3245.93,1
1990,09:30:00,$ 3245.93,1
1991,09:30:00,$ 3245.93,5
1992,09:30:00,$ 3245.93,1
1993,09:30:00,$ 3245.93,1
1994,09:30:00,$ 3245.93,1
1996,09:30:00,$ 3245.93,2
1997,09:30:00,$ 3245.93,1
1998,09:30:00,$ 3245.93,100
1999,09:30:00,$ 3245.93,5
2000,09:30:00,$ 3245.93,3
2001,09:30:00,$ 3245.93,1
2002,09:30:00,$ 3245.93,4
2003,09:30:00,$ 3245.93,1
2004,09:30:00,$ 3245.93,1
2005,09:30:00,$ 3245.93,2
2006,09:30:00,$ 3245.93,1
2007,09:30:00,$ 3245.93,2
2008,09:30:00,$ 3245.93,8
2009,09:30:00,$ 3245.93,2
2010,09:30:00,$ 3245.93,1
2011,09:30:00,$ 3245.93,1
2012,09:30:00,$ 3245.93,5
2013,09:30:00,$ 3245.93,2
2014,09:30:00,$ 3245.93,1
2015,09:30:00,$ 3245.93,1
2017,09:30:00,$ 3245.93,2
2018,09:30:00,$ 3245.93,3
2019,09:30:00,$ 3245.93,1
2020,09:30:00,$ 3245.93,5
2021,09:30:00,$ 3245.93,4
2022,09:30:00,$ 3245.93,4
2023,09:30:00,$ 3245.93,1
2024,09:30:00,$ 3245.93,1
2025,09:30:00,$ 3245.93,1
2026,09:30:00,$ 3245.93,6
2027,09:30:00,$ 3245.93,1
2028,09:30:00,$ 3245.93,1
2029,09:30:00,$ 3245.93,2
2030,09:30:00,$ 3245.93,3
2031,09:30:00,$ 3245.93,5
2032,09:30:00,$ 3245.93,3
2033,09:30:00,$ 3245.93,3
2034,09:30:00,$ 3245.93,2
2035,09:30:00,$ 3245.93,5
2036,09:30:00,$ 3245.93,5
2038,09:30:00,$ 3245.93,1
2039,09:30:00,$ 3245.93,1
2040,09:30:00,$ 3245.93,2
2041,09:30:00,$ 3245.93,12
2042,09:30:00,$ 3245.93,1
2043,09:30:00,$ 3245.93,1
2044,09:30:00,$ 3245.93,1
2045,09:30:00,$ 3245.93,5
2046,09:30:00,$ 3245.93,3
2047,09:30:00,$ 3245.93,3
2048,09:30:00,$ 3245.93,1
2049,09:30:00,$ 3245.93,8
2050,09:30:00,$ 3245.93,3
2051,09:30:00,$ 3245.93,31
2052,09:30:00,$ 3245.93,1
2053,09:30:00,$ 3245.93,2
2054,09:30:00,$ 3245.93,4
2055,09:30:00,$ 3245.93,8
2056,09:30:00,$ 3245.93,1
2057,09:30:00,$ 3245.93,2
2059,09:30:00,$ 3245.93,2
2060,09:30:00,$ 3245.93,2
2061,09:30:00,$ 3245.93,5
2062,09:30:00,$ 3245.93,1
2063,09:30:00,$ 3245.93,1
2064,09:30:00,$ 3245.93,3
2065,09:30:00,$ 3245.93,5
2066,09:30:00,$ 3245.93,11
2067,09:30:00,$ 3245.93,4
2068,09:30:00,$ 3245.93,10
2069,09:30:00,$ 3245.93,5
2070,09:30:00,$ 3245.93,1
2071,09:30:00,$ 3245.93,2
2072,09:30:00,$ 3245.93,1
2073,09:30:00,$ 3245.93,3
2074,09:30:00,$ 3245.93,1
2075,09:30:00,$ 3245.93,1
2076,09:30:00,$ 3245.93,1
2077,09:30:00,$ 3245.93,7
2078,09:30:00,$ 3245.93,1
2080,09:30:00,$ 3245.93,3
2081,09:30:00,$ 3245.93,6
2082,09:30:00,$ 3245.93,1
2083,09:30:00,$ 3245.93,3
2084,09:30:00,$ 3245.93,2
2085,09:30:00,$ 3245.93,1
2086,09:30:00,$ 3245.93,3
2087,09:30:00,$ 3245.93,1
2088,09:30:00,$ 3245.93,1
2089,09:30:00,$ 3245.93,1
2090,09:30:00,$ 3245.93,1
2091,09:30:00,$ 3245.93,12
2092,09:30:00,$ 3245.93,8
2093,09:30:00,$ 3245.93,3
2094,09:30:00,$ 3245.93,2
2095,09:30:00,$ 3245.93,7
2096,09:30:00,$ 3245.93,32
2097,09:30:00,$ 3245.93,1
2098,09:30:00,$ 3245.93,5
2099,09:30:00,$ 3245.93,2
2101,09:30:00,$ 3245.93,15
2102,09:30:00,$ 3245.93,1
2103,09:30:00,$ 3245.93,5
2104,09:30:00,$ 3245.93,1
2105,09:30:00,$ 3245.93,1
2106,09:30:00,$ 3245.93,6
2107,09:30:00,$ 3245.93,100
2108,09:30:00,$ 3245.93,1
2109,09:30:00,$ 3245.93,2
2110,09:30:00,$ 3245.93,1
2111,09:30:00,$ 3245.93,1
2112,09:30:00,$ 3245.93,2
2113,09:30:00,$ 3245.93,1
2114,09:30:00,$ 3245.93,1
2115,09:30:00,$ 3245.93,2
2116,09:30:00,$ 3245.93,3
2117,09:30:00,$ 3245.93,1
2118,09:30:00,$ 3245.93,12
2119,09:30:00,$ 3245.93,3
2120,09:30:00,$ 3245.93,2
2122,09:30:00,$ 3245.93,12
2123,09:30:00,$ 3245.93,1
2124,09:30:00,$ 3245.93,1
2125,09:30:00,$ 3245.93,2
2126,09:30:00,$ 3245.93,23
2127,09:30:00,$ 3245.93,10
2128,09:30:00,$ 3245.93,2
2129,09:30:00,$ 3245.93,1
2130,09:30:00,$ 3245.93,2
2131,09:30:00,$ 3245.93,4
2132,09:30:00,$ 3245.93,1
2133,09:30:00,$ 3245.93,5
2134,09:30:00,$ 3245.93,1
2135,09:30:00,$ 3245.93,10
2136,09:30:00,$ 3245.93,3
2137,09:30:00,$ 3245.93,3
2138,09:30:00,$ 3245.93,10
2139,09:30:00,$ 3245.93,4
2140,09:30:00,$ 3245.93,1
2141,09:30:00,$ 3245.93,1
2143,09:30:00,$ 3245.93,1
2144,09:30:00,$ 3245.93,1
2145,09:30:00,$ 3245.93,5
2146,09:30:00,$ 3245.93,2
2147,09:30:00,$ 3245.93,66
2148,09:30:00,$ 3245.93,1
2149,09:30:00,$ 3245.93,1
2150,09:30:00,$ 3245.93,2
2151,09:30:00,$ 3245.93,1
2152,09:30:00,$ 3245.93,7
2153,09:30:00,$ 3245.93,1
2154,09:30:00,$ 3245.93,1
2155,09:30:00,$ 3245.93,3
2156,09:30:00,$ 3245.93,1
2157,09:30:00,$ 3245.93,1
2158,09:30:00,$ 3245.93,1
2159,09:30:00,$ 3245.93,1
2160,09:30:00,$ 3245.93,2
2161,09:30:00,$ 3245.93,10
2162,09:30:00,$ 3245.93,3
2164,09:30:00,$ 3245.93,1
2165,09:30:00,$ 3245.93,1
2166,09:30:00,$ 3245.93,2
2167,09:30:00,$ 3245.93,1
2168,09:30:00,$ 3245.93,1
2169,09:30:00,$ 3245.93,13
2170,09:30:00,$ 3245.93,7
2171,09:30:00,$ 3245.93,43
2172,09:30:00,$ 3245.93,4
2173,09:30:00,$ 3245.93,39
2174,09:30:00,$ 3245.93,15
2175,09:30:00,$ 3245.93,10
2176,09:30:00,$ 3245.93,2
2177,09:30:00,$ 3245.93,1
2178,09:30:00,$ 3245.93,2
2179,09:30:00,$ 3245.93,1
2180,09:30:00,$ 3245.93,5
2181,09:30:00,$ 3245.93,1
2182,09:30:00,$ 3245.93,2
2183,09:30:00,$ 3245.93,1
2185,09:30:00,$ 3245.93,1
2186,09:30:00,$ 3245.93,3
2187,09:30:00,$ 3245.93,1
2188,09:30:00,$ 3245.93,10
2189,09:30:00,$ 3245.93,1
2190,09:30:00,$ 3245.93,1
2191,09:30:00,$ 3245.93,4
2192,09:30:00,$ 3245.93,10
2193,09:30:00,$ 3245.93,5
2194,09:30:00,$ 3245.93,3
2195,09:30:00,$ 3245.93,6
2196,09:30:00,$ 3245.93,2
2197,09:30:00,$ 3245.93,1
2198,09:30:00,$ 3245.93,1
2199,09:30:00,$ 3245.93,1
2200,09:30:00,$ 3245.93,10
2201,09:30:00,$ 3245.93,1
2202,09:30:00,$ 3245.93,12
2203,09:30:00,$ 3245.93,2
2204,09:30:00,$ 3245.93,10
2206,09:30:00,$ 3245.93,1
2207,09:30:00,$ 3245.93,2
2208,09:30:00,$ 3245.93,1
2209,09:30:00,$ 3245.93,1
2210,09:30:00,$ 3245.93,1
2211,09:30:00,$ 3245.93,1
2212,09:30:00,$ 3245.93,1
2213,09:30:00,$ 3245.93,5
2214,09:30:00,$ 3245.93,1
2215,09:30:00,$ 3245.93,2
2216,09:30:00,$ 3245.93,1
2217,09:30:00,$ 3245.93,1
2218,09:30:00,$ 3245.93,1
2219,09:30:00,$ 3245.93,1
2220,09:30:00,$ 3245.93,4
2221,09:30:00,$ 3245.93,1
2222,09:30:00,$ 3245.93,1
2223,09:30:00,$ 3245.93,2
2224,09:30:00,$ 3245.93,1
2225,09:30:00,$ 3245.93,1
2227,09:30:00,$ 3245.93,1
2228,09:30:00,$ 3245.93,1
2229,09:30:00,$ 3245.93,3
2230,09:30:00,$ 3245.93,1
2231,09:30:00,$ 3245.93,2
2232,09:30:00,$ 3245.93,2
2233,09:30:00,$ 3245.93,1
2234,09:30:00,$ 3245.93,1
2235,09:30:00,$ 3245.93,1
2236,09:30:00,$ 3245.93,2
2237,09:30:00,$ 3245.93,1
2238,09:30:00,$ 3245.93,1
2239,09:30:00,$ 3245.93,2
2240,09:30:00,$ 3245.93,10
2241,09:30:00,$ 3245.93,20
2242,09:30:00,$ 3245.93,7
2243,09:30:00,$ 3245.93,10
2244,09:30:00,$ 3245.93,5
2245,09:30:00,$ 3245.93,5
2246,09:30:00,$ 3245.93,2
2248,09:30:00,$ 3245.93,2
2249,09:30:00,$ 3245.93,38
2250,09:30:00,$ 3245.93,62
2251,09:30:00,$ 3245.93,25
2252,09:30:00,$ 3245.93,57
2253,09:30:00,$ 3245.93,9
2254,09:30:00,$ 3245.93,50
2255,09:30:00,$ 3245.93,1
2256,09:30:00,$ 3245.93,16
2257,09:30:00,$ 3245.93,1
2258,09:30:00,$ 3245.93,2
2259,09:30:00,$ 3245.93,6
2260,09:30:00,$ 3245.93,3
2261,09:30:00,$ 3245.93,7
2262,09:30:00,$ 3245.93,10
2263,09:30:00,$ 3245.93,50
2264,09:30:00,$ 3245.93,30
2265,09:30:00,$ 3245.93,13
2266,09:30:00,$ 3245.93,25
2267,09:30:00,$ 3245.93,25
2269,09:30:00,$ 3245.93,5
2270,09:30:00,$ 3245.93,3
2271,09:30:00,$ 3245.93,2
2272,09:30:00,$ 3245.93,3
2273,09:30:00,$ 3245.93,155
2274,09:30:00,$ 3245.93,16
2275,09:30:00,$ 3245.93,1
2276,09:30:00,$ 3245.93,117
2277,09:30:00,$ 3245.93,1
2278,09:30:00,$ 3245.93,2
2279,09:30:00,$ 3245.93,3
2280,09:30:00,$ 3245.93,4
2281,09:30:00,$ 3245.93,1
2282,09:30:00,$ 3245.93,1
2283,09:30:00,$ 3245.93,1
2284,09:30:00,$ 3245.93,2
2285,09:30:00,$ 3245.93,2
2286,09:30:00,$ 3245.93,1
2287,09:30:00,$ 3245.93,3
2288,09:30:00,$ 3245.93,1
2290,09:30:00,$ 3245.93,1
2291,09:30:00,$ 3245.93,1
2292,09:30:00,$ 3245.93,1
2293,09:30:00,$ 3245.93,1
2294,09:30:00,$ 3245.93,1
2295,09:30:00,$ 3245.93,1
2296,09:30:00,$ 3245.93,1
2297,09:30:00,$ 3245.93,2
2298,09:30:00,$ 3245.93,1
2299,09:30:00,$ 3245.93,1
2300,09:30:00,$ 3245.93,7
2301,09:30:00,$ 3245.93,1
2302,09:30:00,$ 3245.93,1
2303,09:30:00,$ 3245.93,1
2304,09:30:00,$ 3245.93,1
2305,09:30:00,$ 3245.93,1
2306,09:30:00,$ 3245.93,1
2307,09:30:00,$ 3245.93,1
2308,09:30:00,$ 3245.93,1
2309,09:30:00,$ 3245.93,1
2311,09:30:00,$ 3245.93,1
2312,09:30:00,$ 3245.93,1
2313,09:30:00,$ 3245.93,1
2314,09:30:00,$ 3245.93,9
2315,09:30:00,$ 3245.93,8
2316,09:30:00,$ 3245.93,4
2317,09:30:00,$ 3245.93,10
2318,09:30:00,$ 3245.93,1
2319,09:30:00,$ 3245.93,4
2320,09:30:00,$ 3245.93,1
2321,09:30:00,$ 3245.93,1
2322,09:30:00,$ 3245.93,1
2323,09:30:00,$ 3245.93,1
2324,09:30:00,$ 3245.93,10
2325,09:30:00,$ 3245.93,15
2326,09:30:00,$ 3245.93,1
2327,09:30:00,$ 3245.93,10
2328,09:30:00,$ 3245.93,2
2329,09:30:00,$ 3245.93,2
2330,09:30:00,$ 3245.93,1
2332,09:30:00,$ 3245.93,1
2333,09:30:00,$ 3245.93,1
2334,09:30:00,$ 3245.93,3
2335,09:30:00,$ 3245.93,2
2336,09:30:00,$ 3245.93,1
2337,09:30:00,$ 3245.93,6
2338,09:30:00,$ 3245.93,2
2339,09:30:00,$ 3245.93,4
2340,09:30:00,$ 3245.93,10
2341,09:30:00,$ 3245.93,1
2342,09:30:00,$ 3245.93,2
2343,09:30:00,$ 3245.93,2
2344,09:30:00,$ 3245.93,4
2345,09:30:00,$ 3245.93,2
2346,09:30:00,$ 3245.93,1
2347,09:30:00,$ 3245.93,1
2348,09:30:00,$ 3245.93,10
2349,09:30:00,$ 3245.93,1
2350,09:30:00,$ 3245.93,1
2351,09:30:00,$ 3245.93,50
2353,09:30:00,$ 3245.93,3
2354,09:30:00,$ 3245.93,1
2355,09:30:00,$ 3245.93,1
2356,09:30:00,$ 3245.93,2
2357,09:30:00,$ 3245.93,31
2358,09:30:00,$ 3245.93,2
2359,09:30:00,$ 3245.93,1
2360,09:30:00,$ 3245.93,4
2361,09:30:00,$ 3245.93,2
2362,09:30:00,$ 3245.93,30
2363,09:30:00,$ 3245.93,4
2364,09:30:00,$ 3245.93,14
2365,09:30:00,$ 3245.93,2
2366,09:30:00,$ 3245.93,1
2367,09:30:00,$ 3245.93,1
2368,09:30:00,$ 3245.93,1
2369,09:30:00,$ 3245.93,1
2370,09:30:00,$ 3245.93,5
2371,09:30:00,$ 3245.93,10
2372,09:30:00,$ 3245.93,2
2374,09:30:00,$ 3245.93,8
2375,09:30:00,$ 3245.93,1
2376,09:30:00,$ 3245.93,1
2377,09:30:00,$ 3245.93,5
2378,09:30:00,$ 3245.93,15
2379,09:30:00,$ 3245.93,8
2380,09:30:00,$ 3245.93,1
2381,09:30:00,$ 3245.93,6
2382,09:30:00,$ 3245.93,1
2383,09:30:00,$ 3245.93,1
2384,09:30:00,$ 3245.93,1
2385,09:30:00,$ 3245.93,1
2386,09:30:00,$ 3245.93,2
2387,09:30:00,$ 3245.93,9
2388,09:30:00,$ 3245.93,1
2389,09:30:00,$ 3245.93,4
2390,09:30:00,$ 3245.93,2
2391,09:30:00,$ 3245.93,3
2392,09:30:00,$ 3245.93,1
2393,09:30:00,$ 3245.93,1
2395,09:30:00,$ 3245.93,18
2396,09:30:00,$ 3245.93,2
2397,09:30:00,$ 3245.93,1
2398,09:30:00,$ 3245.93,31
2399,09:30:00,$ 3245.93,10
2400,09:30:00,$ 3245.93,4
2401,09:30:00,$ 3245.93,1
2402,09:30:00,$ 3245.93,1
2403,09:30:00,$ 3245.93,1
2404,09:30:00,$ 3245.93,1
2405,09:30:00,$ 3245.93,2
2406,09:30:00,$ 3245.93,5
2407,09:30:00,$ 3245.93,6
2408,09:30:00,$ 3245.93,20
2409,09:30:00,$ 3245.93,1
2410,09:30:00,$ 3245.93,2
2411,09:30:00,$ 3245.93,1
2412,09:30:00,$ 3245.93,11
2413,09:30:00,$ 3245.93,2
2414,09:30:00,$ 3245.93,1
2416,09:30:00,$ 3245.93,10
2417,09:30:00,$ 3245.93,3
2418,09:30:00,$ 3245.93,20
2419,09:30:00,$ 3245.93,3
2420,09:30:00,$ 3245.93,1
2421,09:30:00,$ 3245.93,20
2422,09:30:00,$ 3245.93,5
2423,09:30:00,$ 3245.93,10
2424,09:30:00,$ 3245.93,1
2425,09:30:00,$ 3245.93,1
2426,09:30:00,$ 3245.93,3
2427,09:30:00,$ 3245.93,1
2428,09:30:00,$ 3245.93,2
2429,09:30:00,$ 3245.93,3
2430,09:30:00,$ 3245.93,3
2431,09:30:00,$ 3245.93,2
2432,09:30:00,$ 3245.93,106
2433,09:30:00,$ 3245.93,42
2434,09:30:00,$ 3245.93,7
2435,09:30:00,$ 3245.93,1
2437,09:30:00,$ 3245.93,1
2438,09:30:00,$ 3245.93,6
2439,09:30:00,$ 3245.93,1
2440,09:30:00,$ 3245.93,10
2441,09:30:00,$ 3245.93,3
2442,09:30:00,$ 3245.93,1
2443,09:30:00,$ 3245.93,6
2444,09:30:00,$ 3245.93,"2,000"
2445,09:30:00,$ 3245.93,1
2446,09:30:00,$ 3245.93,3
2447,09:30:00,$ 3245.93,1
2448,09:30:00,$ 3245.93,4
2449,09:30:00,$ 3245.93,1
2450,09:30:00,$ 3245.93,10
2451,09:30:00,$ 3245.93,1
2452,09:30:00,$ 3245.93,1
2453,09:30:00,$ 3245.93,1
2454,09:30:00,$ 3245.93,4
2455,09:30:00,$ 3245.93,1
2456,09:30:00,$ 3245.93,1
2458,09:30:00,$ 3245.93,1
2459,09:30:00,$ 3245.93,1
2460,09:30:00,$ 3245.93,6
2461,09:30:00,$ 3245.93,2
2462,09:30:00,$ 3245.93,5
2463,09:30:00,$ 3245.93,1
2464,09:30:00,$ 3245.93,5
2465,09:30:00,$ 3245.93,4
2466,09:30:00,$ 3245.93,140
2467,09:30:00,$ 3245.93,2
2468,09:30:00,$ 3245.93,2
2469,09:30:00,$ 3245.93,1
2470,09:30:00,$ 3245.93,8
2471,09:30:00,$ 3245.93,3
2472,09:30:00,$ 3245.93,8
2473,09:30:00,$ 3245.93,2
2474,09:30:00,$ 3245.93,6
2475,09:30:00,$ 3245.93,2
2476,09:30:00,$ 3245.93,3
2477,09:30:00,$ 3245.93,3
2479,09:30:00,$ 3245.93,10
2480,09:30:00,$ 3245.93,3
2481,09:30:00,$ 3245.93,70
2482,09:30:00,$ 3245.93,2
2483,09:30:00,$ 3245.93,3
2484,09:30:00,$ 3245.93,2
2485,09:30:00,$ 3245.93,2
2486,09:30:00,$ 3245.93,1
2487,09:30:00,$ 3245.93,171
2488,09:30:00,$ 3245.93,42
2489,09:30:00,$ 3245.93,7
2490,09:30:00,$ 3245.93,4
2491,09:30:00,$ 3245.93,14
2492,09:30:00,$ 3245.93,1
2493,09:30:00,$ 3245.93,7
2494,09:30:00,$ 3245.93,25
2495,09:30:00,$ 3245.93,5
2496,09:30:00,$ 3245.93,5
2497,09:30:00,$ 3245.93,3
2498,09:30:00,$ 3245.93,6
2500,09:30:00,$ 3245.93,2
2501,09:30:00,$ 3245.93,1
2502,09:30:00,$ 3245.93,6
2503,09:30:00,$ 3245.93,1
2504,09:30:00,$ 3245.93,14
2505,09:30:00,$ 3245.93,3
2506,09:30:00,$ 3245.93,52
2507,09:30:00,$ 3245.93,8
2508,09:30:00,$ 3245.93,28
2509,09:30:00,$ 3245.93,10
2510,09:30:00,$ 3245.93,50
2511,09:30:00,$ 3245.93,1
2512,09:30:00,$ 3245.93,10
2513,09:30:00,$ 3245.93,57
2514,09:30:00,$ 3245.93,4
2515,09:30:00,$ 3245.93,1
2516,09:30:00,$ 3245.93,20
2517,09:30:00,$ 3245.93,20
2518,09:30:00,$ 3245.93,1
2519,09:30:00,$ 3245.93,1
2521,09:30:00,$ 3245.93,1
2522,09:30:00,$ 3245.93,5
2523,09:30:00,$ 3245.93,1
2524,09:30:00,$ 3245.93,"1,000"
2525,09:30:00,$ 3245.93,100
2526,09:30:00,$ 3245.93,31
2527,09:30:00,$ 3245.93,1
2528,09:30:00,$ 3245.93,2
2529,09:30:00,$ 3245.93,3
2530,09:30:00,$ 3245.93,1
2531,09:30:00,$ 3245.93,200
2532,09:30:00,$ 3245.93,55
2533,09:30:00,$ 3245.93,35
2534,09:30:00,$ 3245.93,6
2535,09:30:00,$ 3245.93,35
2536,09:30:00,$ 3245.93,1
2537,09:30:00,$ 3245.93,2
2538,09:30:00,$ 3245.93,1
2539,09:30:00,$ 3245.93,10
2540,09:30:00,$ 3245.93,5
2542,09:30:00,$ 3245.93,1
2543,09:30:00,$ 3245.93,15
2544,09:30:00,$ 3245.93,341
2545,09:30:00,$ 3245.93,2
2546,09:30:00,$ 3245.93,3
2547,09:30:00,$ 3245.93,5
2548,09:30:00,$ 3245.93,1
2549,09:30:00,$ 3245.93,1
2550,09:30:00,$ 3245.93,32
2551,09:30:00,$ 3245.93,2
2552,09:30:00,$ 3245.93,3
2553,09:30:00,$ 3245.93,100
2554,09:30:00,$ 3245.93,1
2555,09:30:00,$ 3245.93,40
2556,09:30:00,$ 3245.93,18
2557,09:30:00,$ 3245.93,2
2558,09:30:00,$ 3245.93,1
2559,09:30:00,$ 3245.93,14
2560,09:30:00,$ 3245.93,1
2561,09:30:00,$ 3245.93,3
2563,09:30:00,$ 3245.93,4
2564,09:30:00,$ 3245.93,1
2565,09:30:00,$ 3245.93,1
2566,09:30:00,$ 3245.93,50
2567,09:30:00,$ 3245.93,1
2568,09:30:00,$ 3245.93,36
2569,09:30:00,$ 3245.93,10
2570,09:30:00,$ 3245.93,4
2571,09:30:00,$ 3245.93,2
2572,09:30:00,$ 3245.93,1
2573,09:30:00,$ 3245.93,2
2574,09:30:00,$ 3245.93,10
2575,09:30:00,$ 3245.93,25
2576,09:30:00,$ 3245.93,12
2577,09:30:00,$ 3245.93,3
2578,09:30:00,$ 3245.93,130
2579,09:30:00,$ 3245.93,2
2580,09:30:00,$ 3245.93,3
2581,09:30:00,$ 3245.93,2
2582,09:30:00,$ 3245.93,1
2584,09:30:00,$ 3245.93,22
2585,09:30:00,$ 3245.93,2
2586,09:30:00,$ 3245.93,1
2587,09:30:00,$ 3245.93,1
2588,09:30:00,$ 3245.93,9
2589,09:30:00,$ 3245.93,7
2590,09:30:00,$ 3245.93,2
2591,09:30:00,$ 3245.93,371
2592,09:30:00,$ 3245.93,4
2593,09:30:00,$ 3245.93,15
2594,09:30:00,$ 3245.93,15
2595,09:30:00,$ 3245.93,1
2596,09:30:00,$ 3245.93,2
2597,09:30:00,$ 3245.93,2
2598,09:30:00,$ 3245.93,7
2599,09:30:00,$ 3245.93,1
2600,09:30:00,$ 3245.93,10
2601,09:30:00,$ 3245.93,5
2602,09:30:00,$ 3245.93,5
2603,09:30:00,$ 3245.93,2
2605,09:30:00,$ 3245.93,"2,620"
2606,09:30:00,$ 3245.93,100
2607,09:30:00,$ 3245.93,200
2608,09:30:00,$ 3245.93,26
2609,09:30:00,$ 3245.93,40
2610,09:30:00,$ 3245.93,4
2611,09:30:00,$ 3245.93,1
2612,09:30:00,$ 3245.93,2
2613,09:30:00,$ 3245.93,13
2614,09:30:00,$ 3245.93,1
2615,09:30:00,$ 3245.93,3
2616,09:30:00,$ 3245.93,1
2617,09:30:00,$ 3245.93,7
2618,09:30:00,$ 3245.93,1
2619,09:30:00,$ 3245.93,"3,000"
2620,09:30:00,$ 3245.93,2
2621,09:30:00,$ 3245.93,1
2622,09:30:00,$ 3245.93,62
2623,09:30:00,$ 3245.93,68
2624,09:30:00,$ 3245.93,57
2626,09:30:00,$ 3245.93,75
2627,09:30:00,$ 3245.93,55
2628,09:30:00,$ 3245.93,61
2629,09:30:00,$ 3245.93,3
2630,09:30:00,$ 3245.93,4
2631,09:30:00,$ 3245.93,73
2632,09:30:00,$ 3245.93,6
2633,09:30:00,$ 3245.93,17
2634,09:30:00,$ 3245.93,7
2635,09:30:00,$ 3245.93,2
2636,09:30:00,$ 3245.93,11
2637,09:30:00,$ 3245.93,1
2638,09:30:00,$ 3245.93,1
2639,09:30:00,$ 3245.93,2
2640,09:30:00,$ 3245.93,1
2641,09:30:00,$ 3245.93,4
2642,09:30:00,$ 3245.93,7
2643,09:30:00,$ 3245.93,17
2644,09:30:00,$ 3245.93,100
2645,09:30:00,$ 3245.93,7
2647,09:30:00,$ 3245.93,6
2648,09:30:00,$ 3245.93,10
2649,09:30:00,$ 3245.93,10
2650,09:30:00,$ 3245.93,5
2651,09:30:00,$ 3245.93,1
2652,09:30:00,$ 3245.93,1
2653,09:30:00,$ 3245.93,1
2654,09:30:00,$ 3245.93,700
2655,09:30:00,$ 3245.93,1
2656,09:30:00,$ 3245.93,50
2657,09:30:00,$ 3245.93,1
2658,09:30:00,$ 3245.93,4
2659,09:30:00,$ 3245.93,1
2660,09:30:00,$ 3245.93,200
2661,09:30:00,$ 3245.93,6
2662,09:30:00,$ 3245.93,71
2663,09:30:00,$ 3245.93,1
2664,09:30:00,$ 3245.93,8
2665,09:30:00,$ 3245.93,1
2666,09:30:00,$ 3245.93,2
2668,09:30:00,$ 3245.93,626
2669,09:30:00,$ 3245.93,2
2670,09:30:00,$ 3245.93,1
2671,09:30:00,$ 3245.93,800
2672,09:30:00,$ 3245.93,9
2673,09:30:00,$ 3245.93,18
2674,09:30:00,$ 3245.93,1
2675,09:30:00,$ 3245.93,50
2676,09:30:00,$ 3245.93,20
2677,09:30:00,$ 3245.93,1
2678,09:30:00,$ 3245.93,300
2679,09:30:00,$ 3245.93,100
2680,09:30:00,$ 3245.93,2
2681,09:30:00,$ 3245.93,2
2682,09:30:00,$ 3245.93,16
2683,09:30:00,$ 3245.93,8
2684,09:30:00,$ 3245.93,1
2685,09:30:00,$ 3245.93,1
2686,09:30:00,$ 3245.93,1
2687,09:30:00,$ 3245.93,2
2689,09:30:00,$ 3245.93,62
2690,09:30:00,$ 3245.93,200
2691,09:30:00,$ 3245.93,20
2692,09:30:00,$ 3245.93,200
2693,09:30:00,$ 3245.93,6
2694,09:30:00,$ 3245.93,1
2695,09:30:00,$ 3245.93,1
2696,09:30:00,$ 3245.93,10
2697,09:30:00,$ 3245.93,10
2698,09:30:00,$ 3245.93,20
2699,09:30:00,$ 3245.93,2
2700,09:30:00,$ 3245.93,1
2701,09:30:00,$ 3245.93,3
2702,09:30:00,$ 3245.93,10
2703,09:30:00,$ 3245.93,1
2704,09:30:00,$ 3245.93,2
2705,09:30:00,$ 3245.93,2
2706,09:30:00,$ 3245.93,1
2707,09:30:00,$ 3245.93,1
2708,09:30:00,$ 3245.93,1
2710,09:30:00,$ 3245.93,8
2711,09:30:00,$ 3245.93,1
2712,09:30:00,$ 3245.93,15
2713,09:30:00,$ 3245.93,14
2714,09:30:00,$ 3245.93,3
2715,09:30:00,$ 3245.93,6
2716,09:30:00,$ 3245.93,2
2717,09:30:00,$ 3245.93,4
2718,09:30:00,$ 3245.93,2
2719,09:30:00,$ 3245.93,69
2720,09:30:00,$ 3245.93,18
2721,09:30:00,$ 3245.93,1
2722,09:30:00,$ 3245.93,22
2723,09:30:00,$ 3245.93,100
2724,09:30:00,$ 3245.93,5
2725,09:30:00,$ 3245.93,2
2726,09:30:00,$ 3245.93,50
2727,09:30:00,$ 3245.93,1
2728,09:30:00,$ 3245.93,1
2729,09:30:00,$ 3245.93,200
2731,09:30:00,$ 3245.93,8
2732,09:30:00,$ 3245.93,2
2733,09:30:00,$ 3245.93,3
2734,09:30:00,$ 3245.93,200
2735,09:30:00,$ 3245.93,1
2736,09:30:00,$ 3245.93,15
2737,09:30:00,$ 3245.93,6
2738,09:30:00,$ 3245.93,4
2739,09:30:00,$ 3245.93,100
2740,09:30:00,$ 3245.93,1
2741,09:30:00,$ 3245.93,3
2742,09:30:00,$ 3245.93,100
2743,09:30:00,$ 3245.93,6
2744,09:30:00,$ 3245.93,5
2745,09:30:00,$ 3245.93,10
2746,09:30:00,$ 3245.93,209
2747,09:30:00,$ 3245.93,1
2748,09:30:00,$ 3245.93,2
2749,09:30:00,$ 3245.93,1
2750,09:30:00,$ 3245.93,10
2752,09:30:00,$ 3245.93,15
2753,09:30:00,$ 3245.93,2
2754,09:30:00,$ 3245.93,3
2755,09:30:00,$ 3245.93,370
2756,09:30:00,$ 3245.93,3
2757,09:30:00,$ 3245.93,2
2758,09:30:00,$ 3245.93,1
2759,09:30:00,$ 3245.93,1
2760,09:30:00,$ 3245.93,20
2761,09:30:00,$ 3245.93,1
2762,09:30:00,$ 3245.93,16
2763,09:30:00,$ 3245.93,2
2764,09:30:00,$ 3245.93,92
2765,09:30:00,$ 3245.93,2
2766,09:30:00,$ 3245.93,1
2767,09:30:00,$ 3245.93,100
2768,09:30:00,$ 3245.93,62
2769,09:30:00,$ 3245.93,5
2770,09:30:00,$ 3245.93,30
2771,09:30:00,$ 3245.93,5
2773,09:30:00,$ 3245.93,23
2774,09:30:00,$ 3245.93,200
2775,09:30:00,$ 3245.93,1
2776,09:30:00,$ 3245.93,1
2777,09:30:00,$ 3245.93,1
2778,09:30:00,$ 3245.93,1
2779,09:30:00,$ 3245.93,3
2780,09:30:00,$ 3245.93,1
2781,09:30:00,$ 3245.93,2
2782,09:30:00,$ 3245.93,10
2783,09:30:00,$ 3245.93,1
2784,09:30:00,$ 3245.93,2
2785,09:30:00,$ 3245.93,10
2786,09:30:00,$ 3245.93,50
2787,09:30:00,$ 3245.93,1
2788,09:30:00,$ 3245.93,1
2789,09:30:00,$ 3245.93,2
2790,09:30:00,$ 3245.93,1
2791,09:30:00,$ 3245.93,1
2792,09:30:00,$ 3245.93,1
2794,09:30:00,$ 3245.93,1
2795,09:30:00,$ 3245.93,1
2796,09:30:00,$ 3245.93,5
2797,09:30:00,$ 3245.93,7
2798,09:30:00,$ 3245.93,5
2799,09:30:00,$ 3245.93,500
2800,09:30:00,$ 3245.93,20
2801,09:30:00,$ 3245.93,5
2802,09:30:00,$ 3245.93,61
2803,09:30:00,$ 3245.93,4
2804,09:30:00,$ 3245.93,1
2805,09:30:00,$ 3245.93,20
2806,09:30:00,$ 3245.93,5
2807,09:30:00,$ 3245.93,10
2808,09:30:00,$ 3245.93,1
2809,09:30:00,$ 3245.93,203
2810,09:30:00,$ 3245.93,28
2811,09:30:00,$ 3245.93,1
2812,09:30:00,$ 3245.93,25
2813,09:30:00,$ 3245.93,3
2815,09:30:00,$ 3245.93,50
2816,09:30:00,$ 3245.93,150
2817,09:30:00,$ 3245.93,2
2818,09:30:00,$ 3245.93,4
2819,09:30:00,$ 3245.93,6
2820,09:30:00,$ 3245.93,2
2821,09:30:00,$ 3245.93,20
2822,09:30:00,$ 3245.93,40
2823,09:30:00,$ 3245.93,4
2824,09:30:00,$ 3245.93,1
2825,09:30:00,$ 3245.93,8
2826,09:30:00,$ 3245.93,1
2827,09:30:00,$ 3245.93,2
2828,09:30:00,$ 3245.93,1
2829,09:30:00,$ 3245.93,1
2830,09:30:00,$ 3245.93,1
2831,09:30:00,$ 3245.93,8
2832,09:30:00,$ 3245.93,20
2833,09:30:00,$ 3245.93,3
2834,09:30:00,$ 3245.93,8
2836,09:30:00,$ 3245.93,2
2837,09:30:00,$ 3245.93,20
2838,09:30:00,$ 3245.93,1
2839,09:30:00,$ 3245.93,3
2840,09:30:00,$ 3245.93,2
2841,09:30:00,$ 3245.93,3
2842,09:30:00,$ 3245.93,4
2843,09:30:00,$ 3245.93,3
2844,09:30:00,$ 3245.93,1
2845,09:30:00,$ 3245.93,2
2846,09:30:00,$ 3245.93,5
2847,09:30:00,$ 3245.93,1
2848,09:30:00,$ 3245.93,2
2849,09:30:00,$ 3245.93,1
2850,09:30:00,$ 3245.93,26
2851,09:30:00,$ 3245.93,4
2852,09:30:00,$ 3245.93,16
2853,09:30:00,$ 3245.93,1
2854,09:30:00,$ 3245.93,5
2855,09:30:00,$ 3245.93,2
2857,09:30:00,$ 3245.93,1
2858,09:30:00,$ 3245.93,2
2859,09:30:00,$ 3245.93,1
2860,09:30:00,$ 3245.93,30
2861,09:30:00,$ 3245.93,2
2862,09:30:00,$ 3245.93,3
2863,09:30:00,$ 3245.93,1
2864,09:30:00,$ 3245.93,1
2865,09:30:00,$ 3245.93,1
2866,09:30:00,$ 3245.93,2
2867,09:30:00,$ 3245.93,1
2868,09:30:00,$ 3245.93,2
2869,09:30:00,$ 3245.93,13
2870,09:30:00,$ 3245.93,1
2871,09:30:00,$ 3245.93,1
2872,09:30:00,$ 3245.93,2
2873,09:30:00,$ 3245.93,1
2874,09:30:00,$ 3245.93,1
2875,09:30:00,$ 3245.93,1
2876,09:30:00,$ 3245.93,1
2878,09:30:00,$ 3245.93,2
2879,09:30:00,$ 3245.93,1
2880,09:30:00,$ 3245.93,2
2881,09:30:00,$ 3245.93,3
2882,09:30:00,$ 3245.93,1
2883,09:30:00,$ 3245.93,1
2884,09:30:00,$ 3245.93,1
2885,09:30:00,$ 3245.93,1
2886,09:30:00,$ 3245.93,21
2887,09:30:00,$ 3245.93,2
2888,09:30:00,$ 3245.93,1
2889,09:30:00,$ 3245.93,1
2890,09:30:00,$ 3245.93,3
2891,09:30:00,$ 3245.93,1
2892,09:30:00,$ 3245.93,4
2893,09:30:00,$ 3245.93,1
2894,09:30:00,$ 3245.93,1
2895,09:30:00,$ 3245.93,1
2896,09:30:00,$ 3245.93,1
2897,09:30:00,$ 3245.93,1
2899,09:30:00,$ 3245.93,1
2900,09:30:00,$ 3245.93,2
2901,09:30:00,$ 3245.93,1
2902,09:30:00,$ 3245.93,4
2903,09:30:00,$ 3245.93,1
2904,09:30:00,$ 3245.93,1
2905,09:30:00,$ 3245.93,1
2906,09:30:00,$ 3245.93,117
2907,09:30:00,$ 3245.93,8
2908,09:30:00,$ 3245.93,3
2909,09:30:00,$ 3245.93,8
2910,09:30:00,$ 3245.93,12
2911,09:30:00,$ 3245.93,3
2912,09:30:00,$ 3245.93,5
2913,09:30:00,$ 3245.93,1
2914,09:30:00,$ 3245.93,5
2915,09:30:00,$ 3245.93,4
2916,09:30:00,$ 3245.93,1
2917,09:30:00,$ 3245.93,1
2918,09:30:00,$ 3245.93,1
2920,09:30:00,$ 3245.93,1
2921,09:30:00,$ 3245.93,1
2922,09:30:00,$ 3245.93,1
2923,09:30:00,$ 3245.93,1
2924,09:30:00,$ 3245.93,4
2925,09:30:00,$ 3245.93,2
2926,09:30:00,$ 3245.93,1
2927,09:30:00,$ 3245.93,1
2928,09:30:00,$ 3245.93,1
2929,09:30:00,$ 3245.93,1
2930,09:30:00,$ 3245.93,1
2931,09:30:00,$ 3245.93,4
2932,09:30:00,$ 3245.93,1
2933,09:30:00,$ 3245.93,1
2934,09:30:00,$ 3245.93,1
2935,09:30:00,$ 3245.93,3
2936,09:30:00,$ 3245.93,1
2937,09:30:00,$ 3245.93,1
2938,09:30:00,$ 3245.93,3
2939,09:30:00,$ 3245.93,1
2941,09:30:00,$ 3245.93,1
2942,09:30:00,$ 3245.93,1
2943,09:30:00,$ 3245.93,1
2944,09:30:00,$ 3245.93,1
2945,09:30:00,$ 3245.93,1
2946,09:30:00,$ 3245.93,1
2947,09:30:00,$ 3245.93,1
2948,09:30:00,$ 3245.93,1
2949,09:30:00,$ 3245.93,2
2950,09:30:00,$ 3245.93,1
2951,09:30:00,$ 3245.93,2
2952,09:30:00,$ 3245.93,1
2953,09:30:00,$ 3245.93,1
2954,09:30:00,$ 3245.93,1
2955,09:30:00,$ 3245.93,4
2956,09:30:00,$ 3245.93,1
2957,09:30:00,$ 3245.93,3
2958,09:30:00,$ 3245.93,1
2959,09:30:00,$ 3245.93,1
2960,09:30:00,$ 3245.93,1
2962,09:30:00,$ 3245.93,3
2963,09:30:00,$ 3245.93,2
2964,09:30:00,$ 3245.93,1
2965,09:30:00,$ 3245.93,1
2966,09:30:00,$ 3245.93,1
2967,09:30:00,$ 3245.93,1
2968,09:30:00,$ 3245.93,10
2969,09:30:00,$ 3245.93,145
2970,09:30:00,$ 3245.93,6
2971,09:30:00,$ 3245.93,37
2972,09:30:00,$ 3245.93,1
2973,09:30:00,$ 3245.93,1
2974,09:30:00,$ 3245.93,1
2975,09:30:00,$ 3245.93,1
2976,09:30:00,$ 3245.93,1
2977,09:30:00,$ 3245.93,1
2978,09:30:00,$ 3245.93,1
2979,09:30:00,$ 3245.93,3
2980,09:30:00,$ 3245.93,1
2981,09:30:00,$ 3245.93,1
2983,09:30:00,$ 3245.93,7
2984,09:30:00,$ 3245.93,6
2985,09:30:00,$ 3245.93,3
2986,09:30:00,$ 3245.93,3
2987,09:30:00,$ 3245.93,1
2988,09:30:00,$ 3245.93,1
2989,09:30:00,$ 3245.93,1
2990,09:30:00,$ 3245.93,121
2991,09:30:00,$ 3245.93,121
2992,09:30:00,$ 3245.93,120
2993,09:30:00,$ 3245.93,3
2994,09:30:00,$ 3245.93,1
2995,09:30:00,$ 3245.93,10
2996,09:30:00,$ 3245.93,1
2997,09:30:00,$ 3245.93,3
2998,09:30:00,$ 3245.93,121
2999,09:30:00,$ 3245.93,121
3000,09:30:00,$ 3245.93,1
3001,09:30:00,$ 3245.93,120
3002,09:30:00,$ 3245.93,121
3004,09:30:00,$ 3245.93,8
3005,09:30:00,$ 3245.93,121
3006,09:30:00,$ 3245.93,1
3007,09:30:00,$ 3245.93,120
3008,09:30:00,$ 3245.93,121
3009,09:30:00,$ 3245.93,121
3010,09:30:00,$ 3245.93,120
3011,09:30:00,$ 3245.93,121
3012,09:30:00,$ 3245.93,121
3013,09:30:00,$ 3245.93,120
3014,09:30:00,$ 3245.93,121
3015,09:30:00,$ 3245.93,121
3016,09:30:00,$ 3245.93,120
3017,09:30:00,$ 3245.93,121
3018,09:30:00,$ 3245.93,121
3019,09:30:00,$ 3245.93,120
3020,09:30:00,$ 3245.93,121
3021,09:30:00,$ 3245.93,121
3022,09:30:00,$ 3245.93,121
3023,09:30:00,$ 3245.93,2
3025,09:30:00,$ 3245.93,1
3026,09:30:00,$ 3245.93,120
3027,09:30:00,$ 3245.93,5
3028,09:30:00,$ 3245.93,50
3029,09:30:00,$ 3245.93,15
3030,09:30:00,$ 3245.93,4
3031,09:30:00,$ 3245.93,2
3032,09:30:00,$ 3245.93,2
3033,09:30:00,$ 3245.93,3
3034,09:30:00,$ 3245.93,20
3035,09:30:00,$ 3245.93,15
3036,09:30:00,$ 3245.93,121
3037,09:30:00,$ 3245.93,121
3038,09:30:00,$ 3245.93,120
3039,09:30:00,$ 3245.93,2
3040,09:30:00,$ 3245.93,121
3041,09:30:00,$ 3245.93,121
3042,09:30:00,$ 3245.93,60
3043,09:30:00,$ 3245.93,60
3044,09:30:00,$ 3245.93,61
3046,09:30:00,$ 3245.93,60
3047,09:30:00,$ 3245.93,60
3048,09:30:00,$ 3245.93,61
3049,09:30:00,$ 3245.93,60
3050,09:30:00,$ 3245.93,60
3051,09:30:00,$ 3245.93,61
3052,09:30:00,$ 3245.93,60
3053,09:30:00,$ 3245.93,1
3054,09:30:00,$ 3245.93,1
3055,09:30:00,$ 3245.93,2
3056,09:30:00,$ 3245.93,1
3057,09:30:00,$ 3245.93,1
3058,09:30:00,$ 3245.93,3
3059,09:30:00,$ 3245.93,3
3060,09:30:00,$ 3245.93,2
3061,09:30:00,$ 3245.93,1
3062,09:30:00,$ 3245.93,1
3063,09:30:00,$ 3245.93,1
3064,09:30:00,$ 3245.93,5
3065,09:30:00,$ 3245.93,1
3067,09:30:00,$ 3245.93,6
3068,09:30:00,$ 3245.93,100
3069,09:30:00,$ 3245.93,10
3070,09:30:00,$ 3245.93,48
3071,09:30:00,$ 3245.93,5
3072,09:30:00,$ 3245.93,1
3073,09:30:00,$ 3245.93,20
3074,09:30:00,$ 3245.93,5
3075,09:30:00,$ 3245.93,1
3076,09:30:00,$ 3245.93,1
3077,09:30:00,$ 3245.93,5
3078,09:30:00,$ 3245.93,8
3079,09:30:00,$ 3245.93,7
3080,09:30:00,$ 3245.93,5
3081,09:30:00,$ 3245.93,5
3082,09:30:00,$ 3245.93,2
3083,09:30:00,$ 3245.93,1
3084,09:30:00,$ 3245.93,1
3085,09:30:00,$ 3245.93,5
3086,09:30:00,$ 3245.93,30
3088,09:30:00,$ 3245.93,1
3089,09:30:00,$ 3245.93,4
3090,09:30:00,$ 3245.93,2
3091,09:30:00,$ 3245.93,50
3092,09:30:00,$ 3245.93,1
3093,09:30:00,$ 3245.93,5
3094,09:30:00,$ 3245.93,6
3095,09:30:00,$ 3245.93,8
3096,09:30:00,$ 3245.93,5
3097,09:30:00,$ 3245.93,4
3098,09:30:00,$ 3245.93,10
3099,09:30:00,$ 3245.93,3
3100,09:30:00,$ 3245.93,3
3101,09:30:00,$ 3245.93,6
3102,09:30:00,$ 3245.93,5
3103,09:30:00,$ 3245.93,4
3104,09:30:00,$ 3245.93,7
3105,09:30:00,$ 3245.93,10
3106,09:30:00,$ 3245.93,3
3107,09:30:00,$ 3245.93,24
3109,09:30:00,$ 3245.93,17
3110,09:30:00,$ 3245.93,30
3111,09:30:00,$ 3245.93,30
3112,09:30:00,$ 3245.93,1
3113,09:30:00,$ 3245.93,25
3114,09:30:00,$ 3245.93,1
3115,09:30:00,$ 3245.93,15
3116,09:30:00,$ 3245.93,3
3117,09:30:00,$ 3245.93,100
3118,09:30:00,$ 3245.93,7
3119,09:30:00,$ 3245.93,2
3120,09:30:00,$ 3245.93,3
3121,09:30:00,$ 3245.93,1
3122,09:30:00,$ 3245.93,6
3123,09:30:00,$ 3245.93,6
3124,09:30:00,$ 3245.93,7
3125,09:30:00,$ 3245.93,5
3126,09:30:00,$ 3245.93,20
3127,09:30:00,$ 3245.93,30
3128,09:30:00,$ 3245.93,8
3130,09:30:00,$ 3245.93,25
3131,09:30:00,$ 3245.93,25
3132,09:30:00,$ 3245.93,2
3133,09:30:00,$ 3245.93,1
3134,09:30:00,$ 3245.93,2
3135,09:30:00,$ 3245.93,9
3136,09:30:00,$ 3245.93,199
3137,09:30:00,$ 3245.93,120
3138,09:30:00,$ 3245.93,121
3139,09:30:00,$ 3245.93,121
3140,09:30:00,$ 3245.93,120
3141,09:30:00,$ 3245.93,3
3142,09:30:00,$ 3245.93,121
3143,09:30:00,$ 3245.93,121
3144,09:30:00,$ 3245.93,120
3145,09:30:00,$ 3245.93,10
3146,09:30:00,$ 3245.93,5
3147,09:30:00,$ 3245.93,121
3148,09:30:00,$ 3245.93,7
3149,09:30:00,$ 3245.93,2
3151,09:30:00,$ 3245.93,121
3152,09:30:00,$ 3245.93,120
3153,09:30:00,$ 3245.93,50
3154,09:30:00,$ 3245.93,121
3155,09:30:00,$ 3245.93,5
3156,09:30:00,$ 3245.93,4
3157,09:30:00,$ 3245.93,2
3158,09:30:00,$ 3245.93,1
3159,09:30:00,$ 3245.93,3
3160,09:30:00,$ 3245.93,10
3161,09:30:00,$ 3245.93,1
3162,09:30:00,$ 3245.93,3
3163,09:30:00,$ 3245.93,10
3164,09:30:00,$ 3245.93,273
3165,09:30:00,$ 3245.93,120
3166,09:30:00,$ 3245.93,351
3167,09:30:00,$ 3245.93,121
3168,09:30:00,$ 3245.93,5
3169,09:30:00,$ 3245.93,15
3170,09:30:00,$ 3245.93,121
3172,09:30:00,$ 3245.93,120
3173,09:30:00,$ 3245.93,121
3174,09:30:00,$ 3245.93,121
3175,09:30:00,$ 3245.93,120
3176,09:30:00,$ 3245.93,121
3177,09:30:00,$ 3245.93,121
3178,09:30:00,$ 3245.93,1
3179,09:30:00,$ 3245.93,46
3180,09:30:00,$ 3245.93,1
3181,09:30:00,$ 3245.93,3
3182,09:30:00,$ 3245.93,3
3183,09:30:00,$ 3245.93,1
3184,09:30:00,$ 3245.93,40
3185,09:30:00,$ 3245.93,100
3186,09:30:00,$ 3245.93,1
3187,09:30:00,$ 3245.93,1
3188,09:30:00,$ 3245.93,50
3189,09:30:00,$ 3245.93,31
3190,09:30:00,$ 3245.93,15
3191,09:30:00,$ 3245.93,209
3193,09:30:00,$ 3245.93,3
3194,09:30:00,$ 3245.93,3
3195,09:30:00,$ 3245.93,2
3196,09:30:00,$ 3245.93,4
3197,09:30:00,$ 3245.93,10
3198,09:30:00,$ 3245.93,121
3199,09:30:00,$ 3245.93,120
3200,09:30:00,$ 3245.93,1
3201,09:30:00,$ 3245.93,121
3202,09:30:00,$ 3245.93,10
3203,09:30:00,$ 3245.93,121
3204,09:30:00,$ 3245.93,5
3205,09:30:00,$ 3245.93,2
3206,09:30:00,$ 3245.93,200
3207,09:30:00,$ 3245.93,121
3208,09:30:00,$ 3245.93,20
3209,09:30:00,$ 3246.285,100
3211,10:29:56,$ 3280.00,100
3212,10:29:55,$ 3281.095,100
3213,10:29:54,$ 3279.555,"1,000"
3214,10:29:54,$ 3280.2279,"1,000"
3215,10:29:53,$ 3280.98,200
3216,10:29:53,$ 3279.175,100
3217,10:29:53,$ 3279.175,"1,000"
3218,10:29:50,$ 3277.75,100
3219,10:29:42,$ 3280.3122,120
3220,10:29:42,$ 3280.3122,296
3221,10:29:42,$ 3281.024,100
3222,10:29:42,$ 3280.3122,156
3223,10:29:42,$ 3280.72,100
3224,10:29:42,$ 3281.024,100
3225,10:29:39,$ 3281.585,"1,000"
3226,10:29:38,$ 3282.60,100
3227,10:29:38,$ 3280.6649,"1,000"
3228,10:29:38,$ 3281.40,100
3229,10:29:38,$ 3281.61,100
3230,10:29:37,$ 3282.66,100
3232,10:29:37,$ 3281.555,"1,000"
3233,10:29:35,$ 3281.855,100
3234,10:29:34,$ 3281.98,100
3235,10:29:31,$ 3283.0117,"1,000"
3236,10:29:30,$ 3283.71,200
3237,10:29:30,$ 3282.59,100
3238,10:29:30,$ 3282.08,100
3239,10:29:30,$ 3281.0999,100
3240,10:29:29,$ 3280.84,100
3241,10:29:29,$ 3282.0899,100
3242,10:29:27,$ 3280.925,100
3243,10:29:25,$ 3283.3199,200
3244,10:29:19,$ 3282.556,249
3245,10:29:19,$ 3282.978,100
3246,10:29:19,$ 3282.92,100
3247,10:29:16,$ 3284.173,200
3248,10:29:13,$ 3284.055,100
3249,10:29:13,$ 3284.00,150
3250,10:29:13,$ 3283.3402,102
3251,10:29:12,$ 3283.9517,300
3253,10:29:05,$ 3284.95,100
3254,10:29:05,$ 3285.00,183
3255,10:29:05,$ 3285.00,100
3256,10:29:05,$ 3284.4009,117
3257,10:29:05,$ 3284.4009,304
3258,10:29:05,$ 3283.50,118
3259,10:29:05,$ 3284.00,767
3260,10:29:05,$ 3284.00,300
3261,10:29:05,$ 3283.50,100
3262,10:29:05,$ 3283.50,100
3263,10:29:05,$ 3283.99,100
3264,10:29:05,$ 3283.50,100
3265,10:29:05,$ 3284.00,118
3266,10:29:05,$ 3284.00,178
3267,10:29:05,$ 3284.00,100
3268,10:29:05,$ 3284.00,100
3269,10:29:05,$ 3283.999,100
3270,10:29:04,$ 3282.395,"1,000"
3271,10:29:03,$ 3284.00,100
3272,10:29:03,$ 3283.73,100
3274,10:29:03,$ 3283.1005,"1,000"
3275,10:29:02,$ 3282.95,100
3276,10:29:02,$ 3283.00,220
3277,10:29:02,$ 3283.00,169
3278,10:29:02,$ 3283.00,100
3279,10:29:02,$ 3282.32,100
3280,10:29:01,$ 3281.89,100
3281,10:28:59,$ 3281.56,"1,000"
3282,10:28:58,$ 3281.52,100
3283,10:28:58,$ 3281.56,100
3284,10:28:58,$ 3281.56,100
3285,10:28:58,$ 3281.564,100
3286,10:28:58,$ 3281.38,100
3287,10:28:58,$ 3281.12,100
3288,10:28:58,$ 3281.564,100
3289,10:28:58,$ 3281.06,100
3290,10:28:57,$ 3281.565,"1,000"
3291,10:28:56,$ 3282.32,100
3292,10:28:56,$ 3281.565,100
3293,10:28:50,$ 3281.265,158
3295,10:28:49,$ 3281.265,300
3296,10:28:41,$ 3282.15,100
3297,10:28:30,$ 3279.1701,100
3298,10:28:23,$ 3281.165,100
3299,10:28:22,$ 3282.21,102
3300,10:28:19,$ 3281.73,100
3301,10:28:16,$ 3283.00,100
3302,10:28:11,$ 3281.80,100
3303,10:28:11,$ 3281.78,100
3304,10:28:11,$ 3282.104,100
3305,10:28:11,$ 3281.67,100
3306,10:28:11,$ 3282.104,100
3307,10:28:11,$ 3281.64,100
3308,10:28:10,$ 3282.00,281
3309,10:28:10,$ 3281.135,"1,000"
3310,10:28:10,$ 3280.8554,"1,000"
3311,10:28:08,$ 3281.12,300
3312,10:28:03,$ 3282.00,100
3313,10:28:03,$ 3281.34,100
3314,10:27:58,$ 3279.825,100
3316,10:27:58,$ 3279.825,100
3317,10:27:54,$ 3279.585,117
3318,10:27:54,$ 3279.585,100
3319,10:27:51,$ 3278.7575,100
3320,10:27:51,$ 3279.52,"1,000"
3321,10:27:51,$ 3278.7125,100
3322,10:27:51,$ 3279.27,100
3323,10:27:51,$ 3277.65,100
3324,10:27:50,$ 3276.4125,100
3325,10:27:49,$ 3276.9869,"1,000"
3326,10:27:48,$ 3276.825,"1,000"
3327,10:27:44,$ 3276.43,100
3328,10:27:41,$ 3276.44,100
3329,10:27:31,$ 3277.89,100
3330,10:27:31,$ 3277.85,100
3331,10:27:25,$ 3277.37,200
3332,10:27:24,$ 3277.48,125
3333,10:27:21,$ 3280.439,300
3334,10:27:21,$ 3278.5079,200
3335,10:27:21,$ 3280.439,200
3337,10:27:21,$ 3280.00,100
3338,10:27:21,$ 3280.439,100
3339,10:27:21,$ 3280.00,300
3340,10:27:21,$ 3280.33,100
3341,10:27:21,$ 3280.00,200
3342,10:27:20,$ 3280.435,"1,000"
3343,10:27:20,$ 3280.3204,"1,000"
3344,10:27:07,$ 3280.24,140
3345,10:27:06,$ 3281.005,102
3346,10:27:02,$ 3281.215,400
3347,10:27:02,$ 3280.916,100
3348,10:27:02,$ 3279.9599,100
3349,10:27:02,$ 3279.96,100
3350,10:27:02,$ 3279.97,179
3351,10:27:02,$ 3279.9599,100
3352,10:27:01,$ 3279.62,100
3353,10:27:01,$ 3279.1739,"1,000"
3354,10:27:01,$ 3278.745,100
3355,10:27:01,$ 3278.745,"1,100"
3356,10:27:00,$ 3278.80,"1,000"
3358,10:26:55,$ 3278.71,100
3359,10:26:51,$ 3278.00,100
3360,10:26:48,$ 3278.355,100
3361,10:26:44,$ 3279.585,100
3362,10:26:30,$ 3280.485,100
3363,10:26:27,$ 3280.495,100
3364,10:26:27,$ 3281.52,200
3365,10:26:26,$ 3280.88,100
3366,10:26:26,$ 3280.40,100
3367,10:26:12,$ 3280.001,250
3368,10:26:05,$ 3280.78,102
3369,10:26:03,$ 3282.38,100
3370,10:26:00,$ 3281.275,400
3371,10:25:51,$ 3282.22,100
3372,10:25:50,$ 3282.7402,100
3373,10:25:49,$ 3282.235,100
3374,10:25:49,$ 3282.00,100
3375,10:25:48,$ 3282.93,100
3376,10:25:47,$ 3282.00,100
3377,10:25:47,$ 3282.00,296
3379,10:25:31,$ 3281.465,100
3380,10:25:25,$ 3279.8161,102
3381,10:25:18,$ 3280.50,100
3382,10:25:15,$ 3278.182,100
3383,10:25:13,$ 3279.46,100
3384,10:25:02,$ 3279.94,100
3385,10:24:55,$ 3279.045,100
3386,10:24:51,$ 3280.12,100
3387,10:24:49,$ 3279.935,100
3388,10:24:48,$ 3279.935,100
3389,10:24:40,$ 3281.30,100
3390,10:24:27,$ 3279.20,100
3391,10:24:26,$ 3279.90,100
3392,10:24:24,$ 3279.69,100
3393,10:24:21,$ 3282.00,100
3394,10:24:17,$ 3280.0001,200
3395,10:24:08,$ 3280.795,102
3396,10:24:08,$ 3280.00,100
3397,10:24:05,$ 3280.95,100
3398,10:24:05,$ 3281.00,180
3400,10:24:05,$ 3281.00,116
3401,10:24:04,$ 3279.6201,100
3402,10:24:04,$ 3280.67,100
3403,10:24:04,$ 3280.09,100
3404,10:24:04,$ 3280.00,296
3405,10:24:04,$ 3280.00,300
3406,10:24:03,$ 3279.135,100
3407,10:24:02,$ 3278.8185,100
3408,10:24:00,$ 3278.7933,100
3409,10:23:51,$ 3278.825,100
3410,10:23:49,$ 3279.00,125
3411,10:23:48,$ 3278.99,100
3412,10:23:48,$ 3278.73,100
3413,10:23:41,$ 3277.08,100
3414,10:23:40,$ 3277.45,300
3415,10:23:32,$ 3277.94,100
3416,10:23:31,$ 3277.00,100
3417,10:23:28,$ 3277.94,100
3418,10:23:27,$ 3277.94,100
3419,10:23:27,$ 3277.94,100
3421,10:23:19,$ 3278.00,397
3422,10:23:14,$ 3277.99,100
3423,10:23:14,$ 3277.96,100
3424,10:23:13,$ 3278.99,100
3425,10:23:13,$ 3277.60,100
3426,10:23:13,$ 3276.99,221
3427,10:23:13,$ 3277.44,100
3428,10:23:09,$ 3278.215,100
3429,10:22:59,$ 3278.00,198
3430,10:22:59,$ 3276.99,100
3431,10:22:59,$ 3276.94,100
3432,10:22:55,$ 3275.535,100
3433,10:22:54,$ 3277.00,100
3434,10:22:53,$ 3275.30,100
3435,10:22:51,$ 3275.795,100
3436,10:22:48,$ 3275.63,100
3437,10:22:48,$ 3275.68,100
3438,10:22:48,$ 3275.68,100
3439,10:22:48,$ 3275.82,100
3440,10:22:47,$ 3275.45,100
3442,10:22:34,$ 3274.73,100
3443,10:22:34,$ 3276.48,100
3444,10:22:32,$ 3274.4577,102
3445,10:22:29,$ 3276.755,120
3446,10:22:28,$ 3277.77,100
3447,10:22:27,$ 3276.995,100
3448,10:22:25,$ 3277.90,100
3449,10:22:24,$ 3277.62,100
3450,10:22:19,$ 3277.77,200
3451,10:22:19,$ 3277.617,100
3452,10:22:18,$ 3277.514,100
3453,10:22:13,$ 3277.9899,102
3454,10:22:13,$ 3277.99,100
3455,10:22:12,$ 3276.99,100
3456,10:22:12,$ 3277.00,206
3457,10:22:12,$ 3276.47,100
3458,10:22:12,$ 3276.52,100
3459,10:22:11,$ 3276.1182,300
3460,10:21:57,$ 3274.79,100
3461,10:21:57,$ 3275.43,100
3463,10:21:26,$ 3276.765,300
3464,10:21:22,$ 3276.905,250
3465,10:21:20,$ 3277.30,102
3466,10:21:20,$ 3277.905,100
3467,10:21:18,$ 3275.8256,100
3468,10:21:17,$ 3276.735,"1,452"
3469,10:21:17,$ 3276.00,100
3470,10:21:16,$ 3275.015,"1,500"
3471,10:21:15,$ 3274.71,100
3472,10:21:03,$ 3273.3058,305
3473,10:21:03,$ 3273.3058,267
3474,10:21:03,$ 3272.7975,129
3475,10:21:01,$ 3272.0101,"1,000"
3476,10:21:01,$ 3272.7799,305
3477,10:20:59,$ 3275.26,102
3478,10:20:56,$ 3275.17,150
3479,10:20:42,$ 3273.21,100
3480,10:20:40,$ 3273.4999,200
3481,10:20:36,$ 3274.9106,100
3482,10:20:35,$ 3272.284,100
3484,10:20:34,$ 3274.285,"1,000"
3485,10:20:33,$ 3274.2107,"1,000"
3486,10:20:30,$ 3273.648,102
3487,10:20:26,$ 3273.55,100
3488,10:20:26,$ 3273.56,100
3489,10:20:26,$ 3273.56,121
3490,10:20:26,$ 3273.55,101
3491,10:20:23,$ 3273.00,275
3492,10:20:21,$ 3273.00,100
3493,10:20:21,$ 3272.978,100
3494,10:20:21,$ 3272.5699,100
3495,10:20:21,$ 3272.5699,113
3496,10:20:21,$ 3272.5699,100
3497,10:20:21,$ 3272.5699,100
3498,10:20:21,$ 3272.57,100
3499,10:20:21,$ 3272.5699,100
3500,10:20:21,$ 3272.57,100
3501,10:20:21,$ 3272.56,100
3502,10:20:21,$ 3272.57,100
3503,10:20:21,$ 3272.5699,100
3505,10:20:21,$ 3271.6799,974
3506,10:20:20,$ 3271.22,"1,000"
3507,10:20:09,$ 3270.53,401
3508,10:20:09,$ 3270.53,275
3509,10:20:08,$ 3270.69,"1,000"
3510,10:20:08,$ 3269.2047,"1,000"
3511,10:20:04,$ 3270.69,"1,000"
3512,10:19:50,$ 3272.80,100
3513,10:19:43,$ 3272.04,300
3514,10:19:43,$ 3273.5399,600
3515,10:19:43,$ 3273.0381,443
3516,10:19:42,$ 3271.621,100
3517,10:19:42,$ 3271.621,100
3518,10:19:42,$ 3270.54,200
3519,10:19:42,$ 3271.15,100
3520,10:19:42,$ 3271.15,100
3521,10:19:42,$ 3270.98,100
3522,10:19:42,$ 3270.82,100
3523,10:19:41,$ 3270.4794,935
3524,10:19:40,$ 3269.895,"1,000"
3526,10:19:37,$ 3270.66,100
3527,10:19:34,$ 3269.50,500
3528,10:19:16,$ 3270.6207,100
3529,10:19:11,$ 3270.1461,498
3530,10:19:11,$ 3270.37,100
3531,10:19:11,$ 3268.91,100
3532,10:19:11,$ 3270.00,100
3533,10:19:09,$ 3270.823,500
3534,10:19:07,$ 3270.84,500
3535,10:19:05,$ 3270.4641,135
3536,10:19:00,$ 3271.94,500
3537,10:18:53,$ 3272.645,100
3538,10:18:52,$ 3272.7478,302
3539,10:18:50,$ 3272.905,100
3540,10:18:44,$ 3272.90,100
3541,10:18:41,$ 3271.89,120
3542,10:18:37,$ 3271.9683,271
3543,10:18:32,$ 3271.045,100
3544,10:18:28,$ 3271.055,102
3545,10:18:25,$ 3271.055,100
3547,10:18:21,$ 3270.1281,158
3548,10:18:04,$ 3269.875,100
3549,10:18:04,$ 3270.1065,200
3550,10:18:03,$ 3269.918,500
3551,10:18:02,$ 3269.92,500
3552,10:18:02,$ 3270.3106,"1,000"
3553,10:18:02,$ 3269.958,500
3554,10:17:53,$ 3269.07,100
3555,10:17:53,$ 3269.07,100
3556,10:17:53,$ 3269.16,100
3557,10:17:46,$ 3268.20,100
3558,10:17:43,$ 3267.92,100
3559,10:17:43,$ 3267.94,100
3560,10:17:42,$ 3266.6118,500
3561,10:17:42,$ 3266.34,500
3562,10:17:41,$ 3267.85,209
3563,10:17:38,$ 3268.07,100
3564,10:17:38,$ 3268.09,100
3565,10:17:38,$ 3268.07,100
3566,10:17:38,$ 3268.09,100
3568,10:17:29,$ 3267.64,100
3569,10:17:29,$ 3267.50,100
3570,10:17:29,$ 3268.455,100
3571,10:17:28,$ 3267.375,100
3572,10:17:28,$ 3269.37,100
3573,10:17:28,$ 3265.67,100
3574,10:17:18,$ 3269.94,100
3575,10:17:17,$ 3268.4798,102
3576,10:17:16,$ 3269.37,100
3577,10:17:15,$ 3270.0799,147
3578,10:17:05,$ 3269.16,100
3579,10:17:04,$ 3269.86,100
3580,10:17:03,$ 3270.43,144
3581,10:17:03,$ 3270.43,305
3582,10:17:02,$ 3269.1601,100
3583,10:17:02,$ 3269.775,"1,000"
3584,10:17:01,$ 3269.606,"1,000"
3585,10:16:59,$ 3268.995,100
3586,10:16:54,$ 3270.00,106
3587,10:16:54,$ 3269.772,100
3589,10:16:51,$ 3268.78,100
3590,10:16:50,$ 3267.88,100
3591,10:16:49,$ 3268.86,100
3592,10:16:48,$ 3267.8313,831
3593,10:16:47,$ 3265.26,800
3594,10:16:47,$ 3265.26,100
3595,10:16:46,$ 3264.005,102
3596,10:16:45,$ 3264.4482,200
3597,10:16:34,$ 3266.885,102
3598,10:16:34,$ 3265.9826,105
3599,10:16:26,$ 3265.25,100
3600,10:16:26,$ 3266.595,100
3601,10:16:23,$ 3267.2352,"1,000"
3602,10:16:22,$ 3266.5501,"1,000"
3603,10:16:21,$ 3267.1888,"1,000"
3604,10:16:18,$ 3267.48,400
3605,10:16:16,$ 3267.07,100
3606,10:16:16,$ 3267.49,100
3607,10:16:09,$ 3265.975,102
3608,10:16:09,$ 3266.88,100
3610,10:16:04,$ 3265.485,"1,000"
3611,10:16:03,$ 3263.24,771
3612,10:16:02,$ 3264.2999,"1,000"
3613,10:15:58,$ 3262.715,100
3614,10:15:55,$ 3263.0793,677
3615,10:15:55,$ 3262.49,100
3616,10:15:54,$ 3261.90,"1,000"
3617,10:15:53,$ 3262.3476,872
3618,10:15:53,$ 3262.3476,105
3619,10:15:42,$ 3259.2348,102
3620,10:15:34,$ 3259.39,100
3621,10:15:34,$ 3259.495,100
3622,10:15:34,$ 3259.18,100
3623,10:15:34,$ 3258.80,279
3624,10:15:26,$ 3259.61,100
3625,10:15:20,$ 3259.645,100
3626,10:15:19,$ 3259.73,100
3627,10:15:14,$ 3260.50,279
3628,10:15:14,$ 3260.50,117
3629,10:15:14,$ 3260.50,155
3631,10:15:10,$ 3260.50,111
3632,10:15:10,$ 3260.50,351
3633,10:15:10,$ 3258.8375,124
3634,10:15:07,$ 3259.75,100
3635,10:15:07,$ 3259.755,100
3636,10:15:07,$ 3259.755,100
3637,10:15:06,$ 3259.505,300
3638,10:15:06,$ 3259.515,300
3639,10:15:06,$ 3259.505,100
3640,10:15:06,$ 3259.51,100
3641,10:15:06,$ 3259.505,200
3642,10:15:06,$ 3259.505,194
3643,10:15:06,$ 3260.75,306
3644,10:15:06,$ 3259.505,500
3645,10:15:05,$ 3259.86,"1,000"
3646,10:15:05,$ 3259.86,200
3647,10:15:05,$ 3259.5862,306
3648,10:15:05,$ 3259.86,200
3649,10:15:05,$ 3259.86,294
3650,10:15:04,$ 3260.045,"1,000"
3652,10:15:04,$ 3259.37,100
3653,10:15:04,$ 3259.37,100
3654,10:15:04,$ 3259.32,200
3655,10:15:03,$ 3259.8933,306
3656,10:15:03,$ 3259.8933,409
3657,10:15:03,$ 3260.00,152
3658,10:15:03,$ 3260.304,152
3659,10:15:03,$ 3260.304,100
3660,10:15:03,$ 3260.00,100
3661,10:15:00,$ 3260.58,100
3662,10:14:57,$ 3260.98,102
3663,10:14:54,$ 3260.925,100
3664,10:14:49,$ 3261.99,100
3665,10:14:40,$ 3260.4648,102
3666,10:14:40,$ 3262.3499,200
3667,10:14:28,$ 3260.82,200
3668,10:14:28,$ 3261.97,500
3669,10:14:23,$ 3261.6806,"1,000"
3670,10:14:22,$ 3260.42,"1,000"
3671,10:14:19,$ 3262.00,100
3673,10:14:15,$ 3260.6102,102
3674,10:14:14,$ 3261.96,100
3675,10:14:06,$ 3263.7977,200
3676,10:14:00,$ 3261.36,100
3677,10:14:00,$ 3261.37,100
3678,10:14:00,$ 3261.38,100
3679,10:14:00,$ 3261.00,100
3680,10:14:00,$ 3260.80,100
3681,10:13:59,$ 3260.45,200
3682,10:13:51,$ 3260.00,100
3683,10:13:50,$ 3259.00,200
3684,10:13:50,$ 3258.7317,306
3685,10:13:50,$ 3259.00,200
3686,10:13:50,$ 3259.00,294
3687,10:13:50,$ 3259.00,"1,000"
3688,10:13:33,$ 3260.0603,121
3689,10:13:33,$ 3260.0603,249
3690,10:13:33,$ 3260.0603,"1,514"
3691,10:13:27,$ 3261.00,199
3692,10:13:27,$ 3260.10,100
3694,10:13:27,$ 3260.50,725
3695,10:13:27,$ 3260.60,100
3696,10:13:26,$ 3259.365,500
3697,10:13:26,$ 3260.38,100
3698,10:13:26,$ 3259.89,100
3699,10:13:26,$ 3259.00,100
3700,10:13:19,$ 3261.64,100
3701,10:13:08,$ 3261.23,100
3702,10:13:07,$ 3261.61,100
3703,10:13:06,$ 3260.805,102
3704,10:13:02,$ 3260.805,200
3705,10:12:57,$ 3262.11,176
3706,10:12:57,$ 3261.305,200
3707,10:12:44,$ 3262.452,"1,000"
3708,10:12:43,$ 3262.17,"1,000"
3709,10:12:38,$ 3263.465,102
3710,10:12:30,$ 3264.00,100
3711,10:12:30,$ 3264.00,100
3712,10:12:30,$ 3264.8015,506
3713,10:12:30,$ 3263.50,100
3715,10:12:30,$ 3263.50,100
3716,10:12:30,$ 3263.50,100
3717,10:12:29,$ 3264.00,100
3718,10:12:29,$ 3263.21,"1,000"
3719,10:12:28,$ 3264.00,100
3720,10:12:27,$ 3263.99,100
3721,10:12:27,$ 3263.99,100
3722,10:12:27,$ 3264.00,100
3723,10:12:27,$ 3263.21,100
3724,10:12:27,$ 3263.95,100
3725,10:12:27,$ 3264.00,100
3726,10:12:26,$ 3263.21,100
3727,10:12:20,$ 3264.90,100
3728,10:12:20,$ 3264.90,100
3729,10:12:20,$ 3264.90,100
3730,10:12:20,$ 3264.60,100
3731,10:12:06,$ 3262.8399,100
3732,10:12:06,$ 3262.84,100
3733,10:12:06,$ 3261.91,102
3734,10:12:04,$ 3261.25,100
3736,10:12:03,$ 3260.88,100
3737,10:11:58,$ 3260.50,400
3738,10:11:53,$ 3259.20,100
3739,10:11:52,$ 3259.20,100
3740,10:11:52,$ 3259.20,100
3741,10:11:52,$ 3259.20,100
3742,10:11:48,$ 3257.8845,100
3743,10:11:30,$ 3259.87,100
3744,10:11:26,$ 3258.4594,100
3745,10:11:22,$ 3258.005,100
3746,10:11:21,$ 3258.1346,100
3747,10:11:16,$ 3258.78,100
3748,10:11:15,$ 3260.16,100
3749,10:11:13,$ 3260.92,100
3750,10:11:13,$ 3259.89,100
3751,10:11:09,$ 3258.69,100
3752,10:11:07,$ 3258.57,102
3753,10:10:57,$ 3259.82,100
3754,10:10:55,$ 3259.26,102
3755,10:10:52,$ 3261.825,100
3757,10:10:52,$ 3261.81,100
3758,10:10:42,$ 3259.825,100
3759,10:10:40,$ 3262.1359,100
3760,10:10:32,$ 3263.3688,200
3761,10:10:31,$ 3263.255,100
3762,10:10:30,$ 3262.1651,"1,000"
3763,10:10:30,$ 3262.34,102
3764,10:10:29,$ 3262.29,"1,000"
3765,10:10:28,$ 3262.99,100
3766,10:10:27,$ 3262.2334,120
3767,10:10:27,$ 3261.4482,638
3768,10:10:27,$ 3260.37,100
3769,10:10:27,$ 3260.36,100
3770,10:10:27,$ 3260.86,100
3771,10:10:26,$ 3260.29,"1,000"
3772,10:10:20,$ 3260.8177,100
3773,10:10:18,$ 3261.0589,250
3774,10:10:14,$ 3260.5843,102
3775,10:10:09,$ 3258.9167,300
3776,10:10:08,$ 3258.825,100
3778,10:10:03,$ 3259.5604,189
3779,10:09:53,$ 3259.03,100
3780,10:09:49,$ 3257.35,100
3781,10:09:45,$ 3255.20,100
3782,10:09:45,$ 3255.64,100
3783,10:09:45,$ 3255.20,200
3784,10:09:45,$ 3255.20,100
3785,10:09:37,$ 3256.84,100
3786,10:09:32,$ 3257.345,150
3787,10:09:30,$ 3257.40,100
3788,10:09:30,$ 3258.10,302
3789,10:09:30,$ 3257.82,100
3790,10:09:30,$ 3257.82,100
3791,10:09:30,$ 3257.60,100
3792,10:09:29,$ 3257.82,"1,000"
3793,10:09:29,$ 3257.04,100
3794,10:09:28,$ 3257.03,100
3795,10:09:28,$ 3258.0995,568
3796,10:09:28,$ 3257.03,100
3797,10:09:28,$ 3257.51,100
3799,10:09:28,$ 3257.52,100
3800,10:09:28,$ 3257.398,100
3801,10:09:28,$ 3256.898,100
3802,10:09:28,$ 3256.96,100
3803,10:09:28,$ 3257.46,100
3804,10:09:28,$ 3257.10,100
3805,10:09:28,$ 3257.11,100
3806,10:09:27,$ 3256.11,100
3807,10:09:27,$ 3257.00,100
3808,10:09:27,$ 3257.01,100
3809,10:09:27,$ 3257.855,100
3810,10:09:23,$ 3257.89,100
3811,10:09:23,$ 3257.89,100
3812,10:09:21,$ 3258.3234,300
3813,10:09:18,$ 3257.885,100
3814,10:09:10,$ 3257.74,100
3815,10:09:09,$ 3258.0983,100
3816,10:09:08,$ 3257.995,100
3817,10:09:07,$ 3258.28,100
3818,10:09:07,$ 3258.28,100
3820,10:09:03,$ 3258.29,100
3821,10:09:03,$ 3258.25,131
3822,10:09:01,$ 3260.742,500
3823,10:09:01,$ 3261.305,100
3824,10:09:00,$ 3260.61,100
3825,10:09:00,$ 3260.7554,"1,000"
3826,10:09:00,$ 3261.30,"1,000"
3827,10:08:52,$ 3261.905,100
3828,10:08:49,$ 3261.93,200
3829,10:08:48,$ 3262.325,250
3830,10:08:35,$ 3262.245,100
3831,10:08:34,$ 3262.60,100
3832,10:08:34,$ 3263.76,100
3833,10:08:34,$ 3263.76,100
3834,10:08:33,$ 3263.77,100
3835,10:08:33,$ 3264.6321,250
3836,10:08:32,$ 3263.45,300
3837,10:08:25,$ 3263.51,100
3838,10:08:22,$ 3263.44,102
3839,10:08:20,$ 3263.5289,100
3841,10:08:15,$ 3263.475,100
3842,10:08:15,$ 3262.86,100
3843,10:08:15,$ 3262.86,100
3844,10:08:15,$ 3262.86,100
3845,10:08:14,$ 3261.40,100
3846,10:08:07,$ 3261.60,100
3847,10:08:07,$ 3261.36,102
3848,10:08:07,$ 3261.36,100
3849,10:08:07,$ 3260.4863,100
3850,10:08:05,$ 3260.11,100
3851,10:08:04,$ 3261.9027,140
3852,10:08:03,$ 3261.07,101
