,NLS Time (ET),NLS Price,NLS Share Volume
1,09:59:56,$ 3618.87,100
2,09:59:52,$ 3619.595,300
3,09:59:46,$ 3621.00,100
4,09:59:43,$ 3622.95,100
5,09:59:43,$ 3622.95,100
6,09:59:43,$ 3621.04,100
7,09:59:43,$ 3622.95,100
8,09:59:38,$ 3620.94,100
9,09:59:38,$ 3620.87,148
10,09:59:24,$ 3618.735,100
11,09:59:20,$ 3619.17,100
12,09:59:20,$ 3619.17,100
13,09:59:20,$ 3618.58,115
14,09:59:20,$ 3619.11,100
15,09:59:18,$ 3618.14,100
16,09:59:18,$ 3619.455,100
17,09:59:15,$ 3618.1301,300
18,09:59:14,$ 3619.00,100
19,09:59:13,$ 3618.88,100
20,09:59:11,$ 3619.085,100
22,09:59:11,$ 3620.00,100
23,09:59:11,$ 3619.08,100
24,09:59:11,$ 3619.085,100
25,09:59:11,$ 3619.085,100
26,09:59:04,$ 3619.67,100
27,09:59:04,$ 3618.905,100
28,09:59:04,$ 3619.67,100
29,09:59:04,$ 3619.67,100
30,09:59:01,$ 3618.39,122
31,09:59:00,$ 3618.90,100
32,09:58:56,$ 3618.37,100
33,09:58:56,$ 3618.26,100
34,09:58:55,$ 3618.36,100
35,09:58:55,$ 3618.24,100
36,09:58:54,$ 3618.50,100
37,09:58:54,$ 3620.00,100
38,09:58:54,$ 3621.00,291
39,09:58:52,$ 3621.25,100
40,09:58:45,$ 3621.26,100
41,09:58:44,$ 3622.51,100
43,09:58:44,$ 3622.51,100
44,09:58:44,$ 3622.90,200
45,09:58:44,$ 3622.64,100
46,09:58:44,$ 3622.51,100
47,09:58:44,$ 3622.70,100
48,09:58:44,$ 3622.59,131
49,09:58:44,$ 3623.49,100
50,09:58:35,$ 3623.37,100
51,09:58:31,$ 3623.10,100
52,09:58:26,$ 3623.166,100
53,09:58:25,$ 3622.91,100
54,09:58:25,$ 3622.87,100
55,09:58:25,$ 3622.975,100
56,09:58:18,$ 3623.59,100
57,09:58:18,$ 3623.56,100
58,09:58:03,$ 3623.00,100
59,09:57:52,$ 3622.68,100
60,09:57:52,$ 3623.05,100
61,09:57:52,$ 3623.11,100
62,09:57:52,$ 3622.64,100
64,09:57:52,$ 3622.64,100
65,09:57:46,$ 3623.03,100
66,09:57:46,$ 3622.85,200
67,09:57:44,$ 3621.35,100
68,09:57:44,$ 3621.345,100
69,09:57:39,$ 3622.26,100
70,09:57:29,$ 3621.24,100
71,09:57:07,$ 3621.11,100
72,09:56:58,$ 3621.82,100
73,09:56:38,$ 3623.31,100
74,09:56:36,$ 3623.85,100
75,09:56:20,$ 3624.22,100
76,09:56:20,$ 3624.19,100
77,09:56:20,$ 3623.85,120
78,09:56:16,$ 3624.19,100
79,09:56:13,$ 3625.095,100
80,09:56:13,$ 3625.06,100
81,09:56:10,$ 3624.62,100
82,09:56:01,$ 3624.30,100
83,09:55:48,$ 3626.22,150
85,09:55:46,$ 3626.215,100
86,09:55:39,$ 3626.52,150
87,09:55:38,$ 3625.52,100
88,09:55:38,$ 3625.52,100
89,09:55:38,$ 3626.52,300
90,09:55:35,$ 3626.515,150
91,09:55:35,$ 3625.639,100
92,09:55:34,$ 3626.36,100
93,09:55:34,$ 3625.535,100
94,09:55:33,$ 3626.515,100
95,09:55:27,$ 3627.5297,100
96,09:55:27,$ 3627.412,100
97,09:55:16,$ 3626.4866,131
98,09:55:09,$ 3626.485,100
99,09:54:57,$ 3625.27,100
100,09:54:57,$ 3625.30,100
101,09:54:57,$ 3625.36,100
102,09:54:57,$ 3625.35,200
103,09:54:57,$ 3625.33,100
104,09:54:57,$ 3625.47,100
106,09:54:57,$ 3625.38,100
107,09:54:57,$ 3625.69,100
108,09:54:55,$ 3625.00,100
109,09:54:55,$ 3625.05,100
110,09:54:55,$ 3625.00,100
111,09:54:55,$ 3624.27,100
112,09:54:55,$ 3623.88,100
113,09:54:29,$ 3623.87,100
114,09:54:29,$ 3624.59,150
115,09:54:24,$ 3624.93,100
116,09:54:19,$ 3623.69,100
117,09:54:19,$ 3624.56,100
118,09:54:19,$ 3624.48,100
119,09:54:17,$ 3625.195,100
120,09:54:17,$ 3625.195,100
121,09:54:16,$ 3625.195,100
122,09:54:16,$ 3624.94,100
123,09:54:15,$ 3624.00,100
124,09:54:02,$ 3624.00,100
125,09:53:58,$ 3624.582,100
127,09:53:54,$ 3624.50,100
128,09:53:48,$ 3625.00,100
129,09:53:44,$ 3625.93,100
130,09:53:44,$ 3625.93,100
131,09:53:44,$ 3625.70,100
132,09:53:44,$ 3625.81,100
133,09:53:43,$ 3625.18,150
134,09:53:33,$ 3625.40,100
135,09:53:21,$ 3625.095,100
136,09:53:21,$ 3625.42,100
137,09:53:21,$ 3625.42,100
138,09:53:21,$ 3625.02,100
139,09:53:21,$ 3625.00,100
140,09:53:21,$ 3625.72,100
141,09:53:14,$ 3624.875,100
142,09:53:14,$ 3624.21,100
143,09:53:05,$ 3624.9136,100
144,09:53:03,$ 3624.80,100
145,09:53:03,$ 3625.05,100
146,09:53:03,$ 3626.04,100
148,09:53:03,$ 3625.085,100
149,09:53:03,$ 3625.69,100
150,09:53:03,$ 3625.44,192
151,09:53:00,$ 3624.59,100
152,09:53:00,$ 3624.50,100
153,09:52:52,$ 3624.94,100
154,09:52:51,$ 3625.915,100
155,09:52:51,$ 3625.87,100
156,09:52:51,$ 3625.875,180
157,09:52:51,$ 3626.36,100
158,09:52:37,$ 3625.465,200
159,09:52:37,$ 3625.465,200
160,09:52:15,$ 3625.73,100
161,09:52:07,$ 3626.285,100
162,09:52:06,$ 3625.00,100
163,09:52:06,$ 3625.99,100
164,09:52:04,$ 3625.17,200
165,09:52:04,$ 3625.23,100
166,09:52:04,$ 3625.45,100
167,09:52:01,$ 3624.315,100
169,09:51:54,$ 3624.585,100
170,09:51:48,$ 3625.98,100
171,09:51:46,$ 3625.7622,200
172,09:51:39,$ 3625.05,200
173,09:51:39,$ 3625.00,100
174,09:51:30,$ 3625.00,100
175,09:51:30,$ 3625.00,100
176,09:51:30,$ 3625.00,100
177,09:51:11,$ 3626.24,100
178,09:51:09,$ 3626.425,116
179,09:51:07,$ 3626.40,100
180,09:51:07,$ 3626.40,120
181,09:51:01,$ 3626.315,100
182,09:50:58,$ 3625.855,200
183,09:50:57,$ 3625.07,100
184,09:50:57,$ 3625.99,100
185,09:50:55,$ 3625.35,100
186,09:50:54,$ 3625.00,100
187,09:50:54,$ 3625.00,100
188,09:50:54,$ 3625.00,100
190,09:50:54,$ 3625.02,100
191,09:50:53,$ 3624.99,100
192,09:50:53,$ 3624.12,100
193,09:50:51,$ 3624.71,100
194,09:50:46,$ 3624.99,100
195,09:50:32,$ 3624.705,100
196,09:50:31,$ 3623.8901,100
197,09:50:26,$ 3624.47,100
198,09:50:26,$ 3624.47,100
199,09:50:26,$ 3624.47,100
200,09:50:26,$ 3624.47,100
201,09:50:26,$ 3624.47,100
202,09:50:22,$ 3624.47,100
203,09:50:22,$ 3624.885,100
204,09:50:22,$ 3624.47,100
205,09:50:22,$ 3624.47,100
206,09:50:22,$ 3624.47,100
207,09:50:22,$ 3624.47,100
208,09:50:22,$ 3624.47,100
209,09:50:22,$ 3624.47,100
211,09:50:22,$ 3624.47,100
212,09:50:22,$ 3624.47,100
213,09:50:13,$ 3624.91,100
214,09:50:07,$ 3626.00,100
215,09:49:53,$ 3626.66,100
216,09:49:53,$ 3626.98,100
217,09:49:53,$ 3626.91,100
218,09:49:53,$ 3626.73,200
219,09:49:53,$ 3626.94,100
220,09:49:53,$ 3626.81,100
221,09:49:28,$ 3627.01,100
222,09:49:27,$ 3626.96,100
223,09:49:27,$ 3626.97,100
224,09:49:26,$ 3627.01,100
225,09:49:26,$ 3627.13,100
226,09:49:26,$ 3627.06,100
227,09:49:18,$ 3628.00,100
228,09:49:14,$ 3626.4901,400
229,09:49:10,$ 3626.33,100
230,09:49:02,$ 3627.89,100
232,09:49:02,$ 3627.33,100
233,09:49:02,$ 3627.32,100
234,09:49:02,$ 3627.32,100
235,09:48:58,$ 3629.076,200
236,09:48:54,$ 3628.2384,103
237,09:48:52,$ 3628.00,100
238,09:48:29,$ 3628.02,100
239,09:48:23,$ 3627.32,100
240,09:48:23,$ 3627.32,100
241,09:48:11,$ 3628.06,100
242,09:48:11,$ 3628.00,100
243,09:47:56,$ 3628.04,120
244,09:47:52,$ 3629.40,100
245,09:47:52,$ 3629.40,122
246,09:47:33,$ 3629.15,100
247,09:47:33,$ 3628.001,100
248,09:47:29,$ 3629.055,100
249,09:47:01,$ 3630.00,100
250,09:46:49,$ 3630.23,100
251,09:46:49,$ 3631.35,100
253,09:46:49,$ 3631.35,100
254,09:46:49,$ 3631.41,100
255,09:46:43,$ 3632.865,100
256,09:46:40,$ 3633.59,100
257,09:46:34,$ 3632.62,100
258,09:46:34,$ 3632.00,100
259,09:46:34,$ 3632.00,326
260,09:46:26,$ 3631.90,100
261,09:46:15,$ 3628.00,137
262,09:46:14,$ 3628.03,100
263,09:46:13,$ 3629.53,100
264,09:46:12,$ 3629.53,100
265,09:46:11,$ 3630.40,100
266,09:46:11,$ 3632.768,100
267,09:46:10,$ 3632.29,103
268,09:46:09,$ 3632.47,100
269,09:46:09,$ 3633.72,100
270,09:46:08,$ 3633.78,100
271,09:46:06,$ 3635.96,400
272,09:46:04,$ 3634.18,137
274,09:46:03,$ 3635.00,100
275,09:46:03,$ 3635.00,244
276,09:45:32,$ 3629.60,100
277,09:45:20,$ 3630.8758,168
278,09:45:13,$ 3629.81,100
279,09:45:13,$ 3629.84,100
280,09:45:13,$ 3629.90,100
281,09:45:13,$ 3629.81,100
282,09:45:09,$ 3631.04,100
283,09:45:09,$ 3631.90,100
284,09:45:08,$ 3631.23,100
285,09:45:03,$ 3629.89,100
286,09:45:02,$ 3628.40,100
287,09:45:02,$ 3629.775,100
288,09:45:02,$ 3629.11,100
289,09:45:01,$ 3627.715,100
290,09:44:58,$ 3627.00,100
291,09:44:51,$ 3627.7201,100
292,09:44:40,$ 3629.33,100
293,09:44:40,$ 3629.35,100
295,09:44:29,$ 3628.08,100
296,09:44:29,$ 3628.565,100
297,09:44:12,$ 3630.16,100
298,09:44:11,$ 3628.68,200
299,09:44:11,$ 3628.64,100
300,09:44:11,$ 3628.62,200
301,09:44:11,$ 3628.634,100
302,09:44:07,$ 3626.40,100
303,09:44:06,$ 3627.64,100
304,09:44:06,$ 3627.08,150
305,09:44:04,$ 3625.03,100
306,09:44:03,$ 3627.44,100
307,09:44:02,$ 3627.73,100
308,09:44:02,$ 3628.29,100
309,09:44:02,$ 3628.28,100
310,09:44:01,$ 3627.50,952
311,09:44:01,$ 3629.13,100
312,09:44:01,$ 3628.88,100
313,09:44:01,$ 3629.78,100
314,09:44:01,$ 3629.77,100
316,09:43:38,$ 3631.9699,100
317,09:43:35,$ 3629.7701,100
318,09:43:29,$ 3630.19,100
319,09:43:28,$ 3630.49,100
320,09:43:28,$ 3632.41,200
321,09:43:28,$ 3631.095,100
322,09:43:21,$ 3630.21,100
323,09:43:21,$ 3631.545,100
324,09:43:21,$ 3631.545,400
325,09:43:19,$ 3631.165,100
326,09:43:18,$ 3632.235,100
327,09:43:18,$ 3632.235,100
328,09:43:18,$ 3632.235,100
329,09:43:18,$ 3631.72,100
330,09:43:17,$ 3631.48,100
331,09:43:03,$ 3631.31,100
332,09:43:03,$ 3632.19,100
333,09:43:03,$ 3632.18,100
334,09:43:03,$ 3632.20,100
335,09:43:03,$ 3632.23,100
337,09:43:03,$ 3632.27,100
338,09:43:03,$ 3632.22,100
339,09:43:03,$ 3632.20,100
340,09:43:03,$ 3632.20,100
341,09:43:03,$ 3632.30,100
342,09:43:03,$ 3633.525,100
343,09:43:03,$ 3633.27,129
344,09:43:03,$ 3633.27,100
345,09:42:52,$ 3634.17,100
346,09:42:51,$ 3633.87,100
347,09:42:48,$ 3634.072,102
348,09:42:11,$ 3629.76,100
349,09:42:08,$ 3629.49,100
350,09:42:04,$ 3629.955,100
351,09:41:55,$ 3629.4516,400
352,09:41:50,$ 3630.00,100
353,09:41:39,$ 3630.00,100
354,09:41:37,$ 3630.39,100
355,09:41:33,$ 3630.43,100
356,09:41:32,$ 3631.00,100
358,09:41:29,$ 3632.155,100
359,09:41:27,$ 3632.29,100
360,09:41:11,$ 3634.86,100
361,09:41:06,$ 3634.1438,150
362,09:41:03,$ 3634.54,100
363,09:41:03,$ 3634.19,100
364,09:41:00,$ 3635.41,100
365,09:41:00,$ 3635.42,100
366,09:40:59,$ 3634.42,100
367,09:40:59,$ 3635.555,600
368,09:40:59,$ 3635.555,200
369,09:40:54,$ 3634.1834,169
370,09:40:54,$ 3635.00,100
371,09:40:54,$ 3635.00,100
372,09:40:54,$ 3635.00,100
373,09:40:54,$ 3634.88,100
374,09:40:53,$ 3633.49,100
375,09:40:48,$ 3633.81,100
376,09:40:42,$ 3634.6526,200
377,09:40:40,$ 3633.5499,100
379,09:40:35,$ 3632.84,100
380,09:40:33,$ 3632.31,100
381,09:40:22,$ 3633.19,100
382,09:40:21,$ 3635.0877,100
383,09:40:20,$ 3635.12,100
384,09:40:20,$ 3635.12,175
385,09:40:20,$ 3635.12,100
386,09:40:20,$ 3635.12,100
387,09:40:20,$ 3635.37,100
388,09:40:19,$ 3636.9749,"5,000"
389,09:40:17,$ 3636.365,100
390,09:40:16,$ 3636.365,400
391,09:40:16,$ 3636.43,100
392,09:40:11,$ 3637.22,100
393,09:40:11,$ 3637.21,200
394,09:40:10,$ 3636.87,100
395,09:40:10,$ 3637.00,184
396,09:40:09,$ 3636.97,100
397,09:40:05,$ 3637.00,100
398,09:40:03,$ 3637.02,100
400,09:40:02,$ 3637.69,100
401,09:40:02,$ 3635.61,100
402,09:40:00,$ 3637.45,100
403,09:40:00,$ 3637.00,100
404,09:39:59,$ 3636.39,100
405,09:39:53,$ 3635.645,100
406,09:39:52,$ 3634.6826,100
407,09:39:51,$ 3635.04,200
408,09:39:49,$ 3635.3434,100
409,09:39:48,$ 3635.92,200
410,09:39:46,$ 3635.79,100
411,09:39:45,$ 3634.46,100
412,09:39:43,$ 3635.46,100
413,09:39:43,$ 3634.89,100
414,09:39:43,$ 3632.53,198
415,09:39:43,$ 3632.00,100
416,09:39:43,$ 3632.65,100
417,09:39:42,$ 3634.869,142
418,09:39:42,$ 3631.06,100
419,09:39:42,$ 3633.00,100
421,09:39:42,$ 3632.98,100
422,09:39:42,$ 3632.915,100
423,09:39:42,$ 3632.97,100
424,09:39:42,$ 3632.90,100
425,09:39:42,$ 3632.96,100
426,09:39:42,$ 3632.21,100
427,09:39:41,$ 3631.3958,100
428,09:39:40,$ 3631.69,100
429,09:39:39,$ 3631.695,120
430,09:39:32,$ 3631.83,100
431,09:39:20,$ 3630.00,100
432,09:39:17,$ 3629.4772,100
433,09:39:15,$ 3626.61,100
434,09:39:15,$ 3627.71,100
435,09:39:15,$ 3627.71,100
436,09:39:14,$ 3627.70,100
437,09:39:14,$ 3627.08,100
438,09:39:14,$ 3627.08,300
439,09:39:12,$ 3626.58,100
440,09:39:12,$ 3627.709,140
442,09:39:03,$ 3626.355,100
443,09:38:58,$ 3626.10,100
444,09:38:58,$ 3626.24,100
445,09:38:56,$ 3625.70,185
446,09:38:44,$ 3624.1423,112
447,09:38:43,$ 3624.00,100
448,09:38:42,$ 3623.73,100
449,09:38:35,$ 3624.74,100
450,09:38:30,$ 3625.61,100
451,09:38:29,$ 3623.22,100
452,09:38:26,$ 3624.395,154
453,09:38:23,$ 3625.67,100
454,09:38:19,$ 3624.99,100
455,09:38:11,$ 3622.76,156
456,09:38:06,$ 3622.98,100
457,09:38:01,$ 3625.71,100
458,09:38:00,$ 3626.02,100
459,09:38:00,$ 3626.02,100
460,09:37:58,$ 3626.02,100
461,09:37:57,$ 3626.025,100
463,09:37:51,$ 3626.02,298
464,09:37:46,$ 3626.015,100
465,09:37:46,$ 3627.36,101
466,09:37:38,$ 3624.965,100
467,09:37:38,$ 3625.65,100
468,09:37:38,$ 3625.69,110
469,09:37:38,$ 3625.69,100
470,09:37:31,$ 3624.70,100
471,09:37:26,$ 3625.48,100
472,09:37:26,$ 3625.00,300
473,09:37:25,$ 3624.57,100
474,09:37:25,$ 3624.99,100
475,09:37:25,$ 3625.00,100
476,09:37:25,$ 3625.00,100
477,09:37:25,$ 3624.31,100
478,09:37:24,$ 3623.31,100
479,09:37:24,$ 3623.34,100
480,09:37:24,$ 3623.33,110
481,09:37:24,$ 3624.16,100
482,09:37:23,$ 3624.145,100
484,09:37:20,$ 3624.145,385
485,09:37:20,$ 3624.01,100
486,09:37:20,$ 3624.01,100
487,09:37:20,$ 3623.68,100
488,09:37:20,$ 3624.76,100
489,09:37:20,$ 3624.99,100
490,09:37:20,$ 3624.99,204
491,09:37:19,$ 3624.98,100
492,09:37:18,$ 3622.66,100
493,09:37:11,$ 3622.38,181
494,09:37:05,$ 3620.962,100
495,09:37:05,$ 3621.78,100
496,09:37:05,$ 3620.96,100
497,09:37:05,$ 3620.962,100
498,09:37:05,$ 3621.43,100
499,09:37:05,$ 3620.98,100
500,09:37:03,$ 3620.735,100
501,09:37:03,$ 3620.74,100
502,09:36:58,$ 3621.01,100
503,09:36:54,$ 3622.0976,100
505,09:36:49,$ 3623.03,100
506,09:36:47,$ 3624.67,518
507,09:36:47,$ 3622.43,100
508,09:36:28,$ 3622.06,158
509,09:36:28,$ 3624.50,141
510,09:36:27,$ 3625.82,100
511,09:36:26,$ 3625.78,100
512,09:36:26,$ 3625.82,100
513,09:36:26,$ 3625.94,100
514,09:36:26,$ 3626.02,100
515,09:36:26,$ 3625.93,100
516,09:36:26,$ 3625.87,100
517,09:36:26,$ 3625.82,100
518,09:36:26,$ 3626.16,100
519,09:36:26,$ 3626.69,100
520,09:36:26,$ 3626.805,100
521,09:36:26,$ 3626.725,100
522,09:36:25,$ 3626.10,400
523,09:36:23,$ 3626.11,100
524,09:36:18,$ 3627.58,100
526,09:36:18,$ 3626.695,100
527,09:36:18,$ 3626.70,100
528,09:36:18,$ 3626.015,100
529,09:36:18,$ 3626.50,100
530,09:36:14,$ 3626.60,500
531,09:36:13,$ 3625.32,100
532,09:36:13,$ 3626.575,100
533,09:36:02,$ 3626.67,100
534,09:36:02,$ 3627.085,100
535,09:36:02,$ 3627.85,100
536,09:36:02,$ 3627.085,100
537,09:36:02,$ 3627.085,100
538,09:35:58,$ 3626.425,100
539,09:35:58,$ 3626.425,100
540,09:35:58,$ 3626.425,100
541,09:35:51,$ 3626.43,100
542,09:35:49,$ 3626.00,100
543,09:35:49,$ 3626.00,100
544,09:35:49,$ 3626.00,100
545,09:35:49,$ 3626.00,100
547,09:35:48,$ 3627.0002,200
548,09:35:42,$ 3626.935,100
549,09:35:34,$ 3624.775,100
550,09:35:33,$ 3625.02,100
551,09:35:27,$ 3626.80,100
552,09:35:27,$ 3626.18,100
553,09:35:26,$ 3626.17,100
554,09:35:26,$ 3626.28,100
555,09:35:26,$ 3626.25,100
556,09:35:26,$ 3626.11,100
557,09:35:26,$ 3627.125,100
558,09:35:26,$ 3627.13,100
559,09:35:24,$ 3627.13,100
560,09:35:24,$ 3627.13,100
561,09:35:17,$ 3626.10,100
562,09:35:08,$ 3627.605,100
563,09:35:07,$ 3627.285,100
564,09:35:07,$ 3627.285,100
565,09:35:07,$ 3627.285,100
566,09:35:07,$ 3627.285,100
568,09:35:07,$ 3628.15,100
569,09:35:07,$ 3628.15,100
570,09:35:02,$ 3625.10,100
571,09:35:00,$ 3624.38,100
572,09:34:56,$ 3624.3183,100
573,09:34:50,$ 3623.00,100
574,09:34:48,$ 3625.475,500
575,09:34:46,$ 3622.05,100
576,09:34:45,$ 3620.01,100
577,09:34:45,$ 3620.935,100
578,09:34:45,$ 3620.935,100
579,09:34:44,$ 3619.77,100
580,09:34:44,$ 3619.5367,200
581,09:34:44,$ 3621.8599,100
582,09:34:37,$ 3620.00,100
583,09:34:34,$ 3621.495,176
584,09:34:31,$ 3618.96,100
585,09:34:26,$ 3620.5897,400
586,09:34:22,$ 3620.14,500
587,09:34:22,$ 3620.26,100
589,09:34:21,$ 3621.565,100
590,09:34:19,$ 3621.07,100
591,09:34:19,$ 3621.62,100
592,09:34:18,$ 3620.75,147
593,09:34:18,$ 3621.16,100
594,09:34:17,$ 3620.01,100
595,09:34:17,$ 3620.83,100
596,09:34:17,$ 3620.54,100
597,09:34:17,$ 3620.54,100
598,09:34:14,$ 3621.46,100
599,09:34:14,$ 3621.80,100
600,09:34:11,$ 3620.55,100
601,09:34:11,$ 3622.0299,400
602,09:34:10,$ 3620.05,100
603,09:34:10,$ 3621.03,100
604,09:34:07,$ 3620.01,100
605,09:34:05,$ 3622.00,100
606,09:34:02,$ 3622.24,100
607,09:34:02,$ 3624.696,198
608,09:34:02,$ 3623.27,100
610,09:33:57,$ 3625.16,100
611,09:33:54,$ 3625.20,103
612,09:33:41,$ 3623.965,100
613,09:33:41,$ 3624.15,100
614,09:33:38,$ 3623.90,100
615,09:33:36,$ 3625.64,352
616,09:33:36,$ 3625.90,100
617,09:33:36,$ 3626.21,100
618,09:33:36,$ 3626.66,100
619,09:33:36,$ 3624.63,400
620,09:33:35,$ 3625.185,100
621,09:33:27,$ 3624.335,103
622,09:33:20,$ 3622.65,100
623,09:33:20,$ 3623.08,201
624,09:33:08,$ 3624.995,100
625,09:33:05,$ 3624.99,100
626,09:33:04,$ 3624.72,100
627,09:33:04,$ 3625.63,100
628,09:33:03,$ 3627.466,100
629,09:33:01,$ 3625.01,140
631,09:32:54,$ 3627.27,100
632,09:32:47,$ 3629.95,100
633,09:32:42,$ 3628.47,200
634,09:32:42,$ 3628.62,100
635,09:32:42,$ 3629.64,100
636,09:32:42,$ 3627.00,100
637,09:32:41,$ 3626.02,100
638,09:32:39,$ 3625.05,100
639,09:32:37,$ 3625.17,100
640,09:32:36,$ 3625.72,100
641,09:32:27,$ 3625.01,400
642,09:32:19,$ 3624.86,"1,800"
643,09:32:15,$ 3624.59,100
644,09:32:13,$ 3624.29,100
645,09:32:10,$ 3625.15,100
646,09:32:05,$ 3626.80,100
647,09:32:00,$ 3622.00,100
648,09:31:59,$ 3627.3246,100
649,09:31:54,$ 3629.50,588
650,09:31:44,$ 3626.8531,200
652,09:31:43,$ 3623.86,100
653,09:31:42,$ 3626.215,100
654,09:31:40,$ 3623.95,100
655,09:31:40,$ 3623.95,400
656,09:31:33,$ 3626.02,100
657,09:31:33,$ 3626.275,100
658,09:31:31,$ 3626.335,100
659,09:31:31,$ 3626.035,100
660,09:31:31,$ 3627.39,100
661,09:31:27,$ 3630.81,100
662,09:31:23,$ 3629.415,100
663,09:31:23,$ 3627.98,400
664,09:31:23,$ 3628.46,100
665,09:31:23,$ 3628.59,100
666,09:31:23,$ 3629.10,100
667,09:31:22,$ 3628.98,100
668,09:31:22,$ 3627.97,400
669,09:31:21,$ 3629.87,100
670,09:31:21,$ 3629.96,100
671,09:31:19,$ 3626.47,100
673,09:31:19,$ 3626.47,100
674,09:31:19,$ 3627.16,400
675,09:31:19,$ 3626.47,100
676,09:31:19,$ 3627.57,100
677,09:31:19,$ 3626.47,100
678,09:31:19,$ 3626.47,100
679,09:31:16,$ 3625.955,100
680,09:31:15,$ 3626.495,100
681,09:31:15,$ 3625.235,100
682,09:31:14,$ 3625.05,400
683,09:31:10,$ 3627.705,100
684,09:31:09,$ 3628.4563,500
685,09:31:08,$ 3627.515,100
686,09:31:07,$ 3626.76,100
687,09:31:07,$ 3627.402,100
688,09:31:05,$ 3628.365,100
689,09:31:05,$ 3627.58,100
690,09:31:03,$ 3626.76,100
691,09:31:02,$ 3628.72,400
692,09:31:02,$ 3628.72,400
694,09:31:02,$ 3628.775,100
695,09:31:02,$ 3628.15,100
696,09:31:02,$ 3627.665,100
697,09:31:02,$ 3627.665,100
698,09:31:02,$ 3628.365,100
699,09:31:02,$ 3627.665,100
700,09:31:02,$ 3627.665,100
701,09:31:02,$ 3628.42,100
702,09:31:02,$ 3628.48,100
703,09:31:02,$ 3628.62,100
704,09:31:02,$ 3628.75,100
705,09:31:01,$ 3627.51,100
706,09:31:00,$ 3627.68,100
707,09:31:00,$ 3628.01,100
708,09:30:59,$ 3629.14,198
709,09:30:59,$ 3629.14,218
710,09:30:59,$ 3627.69,100
711,09:30:59,$ 3628.87,100
712,09:30:59,$ 3628.87,100
713,09:30:59,$ 3627.97,100
715,09:30:59,$ 3627.68,100
716,09:30:59,$ 3628.87,100
717,09:30:59,$ 3628.87,100
718,09:30:59,$ 3628.87,100
719,09:30:58,$ 3627.99,100
720,09:30:56,$ 3628.255,116
721,09:30:54,$ 3628.8888,100
722,09:30:53,$ 3623.155,100
723,09:30:53,$ 3623.155,100
724,09:30:52,$ 3625.995,100
725,09:30:52,$ 3628.67,100
726,09:30:50,$ 3628.65,100
727,09:30:49,$ 3625.57,100
728,09:30:48,$ 3625.413,100
729,09:30:42,$ 3623.65,400
730,09:30:38,$ 3625.52,100
731,09:30:37,$ 3625.50,100
732,09:30:36,$ 3624.02,100
733,09:30:35,$ 3624.19,100
734,09:30:33,$ 3624.02,100
736,09:30:33,$ 3624.0254,104
737,09:30:30,$ 3621.51,100
738,09:30:29,$ 3624.88,100
739,09:30:27,$ 3623.2199,300
740,09:30:27,$ 3625.20,100
741,09:30:27,$ 3625.20,100
742,09:30:26,$ 3627.20,100
743,09:30:26,$ 3626.205,100
744,09:30:25,$ 3627.705,100
745,09:30:16,$ 3626.99,100
746,09:30:16,$ 3626.99,100
747,09:30:16,$ 3628.7799,100
748,09:30:16,$ 3628.7799,100
749,09:30:16,$ 3628.7799,100
750,09:30:16,$ 3628.7799,100
751,09:30:16,$ 3628.78,100
752,09:30:12,$ 3625.20,100
753,09:30:11,$ 3625.41,100
754,09:30:11,$ 3626.10,100
755,09:30:11,$ 3627.92,100
757,09:30:11,$ 3627.44,100
758,09:30:06,$ 3627.595,302
759,09:30:04,$ 3627.71,106
760,09:30:04,$ 3627.71,132
761,09:30:04,$ 3627.71,115
762,09:30:04,$ 3627.71,200
763,09:30:03,$ 3627.72,500
764,09:30:03,$ 3629.29,100
765,09:30:03,$ 3627.70,102
766,09:30:03,$ 3628.855,100
767,09:30:02,$ 3631.7039,500
768,09:30:02,$ 3627.91,100
769,09:30:01,$ 3629.29,100
770,09:30:01,$ 3630.00,297
771,09:30:01,$ 3630.00,110
772,09:30:01,$ 3630.00,115
773,09:30:01,$ 3629.33,100
774,09:30:01,$ 3627.75,1
775,09:30:01,$ 3627.75,10
776,09:30:01,$ 3627.75,5
778,09:30:01,$ 3627.75,20
779,09:30:01,$ 3627.75,1
780,09:30:01,$ 3627.75,6
781,09:30:01,$ 3627.75,2
782,09:30:01,$ 3627.75,3
783,09:30:01,$ 3627.75,1
784,09:30:01,$ 3627.75,1
785,09:30:01,$ 3627.75,6
786,09:30:01,$ 3627.75,3
787,09:30:01,$ 3627.75,1
788,09:30:01,$ 3627.75,50
789,09:30:01,$ 3627.75,1
790,09:30:01,$ 3627.75,1
791,09:30:01,$ 3627.75,2
792,09:30:01,$ 3627.75,1
793,09:30:01,$ 3627.75,2
794,09:30:01,$ 3627.75,1
795,09:30:01,$ 3627.75,6
796,09:30:01,$ 3627.75,25
797,09:30:01,$ 3627.75,2
799,09:30:01,$ 3627.75,1
800,09:30:01,$ 3627.75,97
801,09:30:01,$ 3627.75,5
802,09:30:01,$ 3627.75,7
803,09:30:01,$ 3627.75,4
804,09:30:01,$ 3627.75,10
805,09:30:01,$ 3627.75,1
806,09:30:01,$ 3627.75,1
807,09:30:01,$ 3627.75,4
808,09:30:01,$ 3627.75,1
809,09:30:01,$ 3627.75,1
810,09:30:01,$ 3627.75,1
811,09:30:01,$ 3627.75,1
812,09:30:01,$ 3627.75,1
813,09:30:01,$ 3627.75,1
814,09:30:01,$ 3627.75,1
815,09:30:01,$ 3627.75,1
816,09:30:01,$ 3627.75,1
817,09:30:01,$ 3627.75,1
818,09:30:01,$ 3627.75,1
820,09:30:01,$ 3627.75,1
821,09:30:01,$ 3627.75,1
822,09:30:01,$ 3627.75,1
823,09:30:01,$ 3627.75,1
824,09:30:01,$ 3627.75,1
825,09:30:01,$ 3627.75,1
826,09:30:01,$ 3627.75,1
827,09:30:01,$ 3627.75,1
828,09:30:01,$ 3627.75,1
829,09:30:01,$ 3627.75,1
830,09:30:01,$ 3627.75,1
831,09:30:01,$ 3627.75,1
832,09:30:01,$ 3627.75,1
833,09:30:01,$ 3627.75,1
834,09:30:01,$ 3627.75,1
835,09:30:01,$ 3627.75,1
836,09:30:01,$ 3627.75,1
837,09:30:01,$ 3627.75,1
838,09:30:01,$ 3627.75,1
839,09:30:01,$ 3627.75,1
841,09:30:01,$ 3627.75,1
842,09:30:01,$ 3627.75,1
843,09:30:01,$ 3627.75,1
844,09:30:01,$ 3627.75,1
845,09:30:01,$ 3627.75,1
846,09:30:01,$ 3627.75,1
847,09:30:01,$ 3627.75,1
848,09:30:01,$ 3627.75,1
849,09:30:01,$ 3627.75,2
850,09:30:01,$ 3627.75,1
851,09:30:01,$ 3627.75,1
852,09:30:01,$ 3627.75,1
853,09:30:01,$ 3627.75,1
854,09:30:01,$ 3627.75,1
855,09:30:01,$ 3627.75,1
856,09:30:01,$ 3627.75,1
857,09:30:01,$ 3627.75,1
858,09:30:01,$ 3627.75,1
859,09:30:01,$ 3627.75,1
860,09:30:01,$ 3627.75,1
862,09:30:01,$ 3627.75,1
863,09:30:01,$ 3627.75,1
864,09:30:01,$ 3627.75,1
865,09:30:01,$ 3627.75,1
866,09:30:01,$ 3627.75,1
867,09:30:01,$ 3627.75,1
868,09:30:01,$ 3627.75,1
869,09:30:01,$ 3627.75,1
870,09:30:01,$ 3627.75,1
871,09:30:01,$ 3627.75,1
872,09:30:01,$ 3627.75,1
873,09:30:01,$ 3627.75,1
874,09:30:01,$ 3627.75,1
875,09:30:01,$ 3627.75,1
876,09:30:01,$ 3627.75,1
877,09:30:01,$ 3627.75,1
878,09:30:01,$ 3627.75,1
879,09:30:01,$ 3627.75,1
880,09:30:01,$ 3627.75,1
881,09:30:01,$ 3627.75,1
883,09:30:01,$ 3627.75,1
884,09:30:01,$ 3627.75,1
885,09:30:01,$ 3627.75,1
886,09:30:01,$ 3627.75,1
887,09:30:01,$ 3627.75,1
888,09:30:01,$ 3627.75,1
889,09:30:01,$ 3627.75,1
890,09:30:01,$ 3627.75,1
891,09:30:01,$ 3627.75,1
892,09:30:01,$ 3627.75,1
893,09:30:01,$ 3627.75,1
894,09:30:01,$ 3627.75,1
895,09:30:01,$ 3627.75,1
896,09:30:01,$ 3627.75,1
897,09:30:01,$ 3627.75,1
898,09:30:01,$ 3627.75,1
899,09:30:01,$ 3627.75,1
900,09:30:01,$ 3627.75,1
901,09:30:01,$ 3627.75,1
902,09:30:01,$ 3627.75,1
904,09:30:01,$ 3627.75,1
905,09:30:01,$ 3627.75,1
906,09:30:01,$ 3627.75,1
907,09:30:01,$ 3627.75,1
908,09:30:01,$ 3627.75,1
909,09:30:01,$ 3627.75,1
910,09:30:01,$ 3627.75,3
911,09:30:01,$ 3627.75,1
912,09:30:01,$ 3627.75,1
913,09:30:01,$ 3627.75,1
914,09:30:01,$ 3627.75,1
915,09:30:01,$ 3627.75,1
916,09:30:01,$ 3627.75,1
917,09:30:01,$ 3627.75,1
918,09:30:01,$ 3627.75,1
919,09:30:01,$ 3627.75,1
920,09:30:01,$ 3627.75,1
921,09:30:01,$ 3627.75,1
922,09:30:01,$ 3627.75,1
923,09:30:01,$ 3627.75,1
925,09:30:01,$ 3627.75,1
926,09:30:01,$ 3627.75,1
927,09:30:01,$ 3627.75,1
928,09:30:01,$ 3627.75,1
929,09:30:01,$ 3627.75,1
930,09:30:01,$ 3627.75,1
931,09:30:01,$ 3627.75,1
932,09:30:01,$ 3627.75,1
933,09:30:01,$ 3627.75,1
934,09:30:01,$ 3627.75,1
935,09:30:01,$ 3627.75,1
936,09:30:01,$ 3627.75,1
937,09:30:01,$ 3627.75,1
938,09:30:01,$ 3627.75,1
939,09:30:01,$ 3627.75,1
940,09:30:01,$ 3627.75,1
941,09:30:01,$ 3627.75,1
942,09:30:01,$ 3627.75,1
943,09:30:01,$ 3627.75,1
944,09:30:01,$ 3627.75,1
946,09:30:01,$ 3627.75,1
947,09:30:01,$ 3627.75,1
948,09:30:01,$ 3627.75,1
949,09:30:01,$ 3627.75,1
950,09:30:01,$ 3627.75,1
951,09:30:01,$ 3627.75,1
952,09:30:01,$ 3627.75,1
953,09:30:01,$ 3627.75,1
954,09:30:01,$ 3627.75,1
955,09:30:01,$ 3627.75,1
956,09:30:01,$ 3627.75,1
957,09:30:01,$ 3627.75,1
958,09:30:01,$ 3627.75,1
959,09:30:01,$ 3627.75,1
960,09:30:01,$ 3627.75,1
961,09:30:01,$ 3627.75,1
962,09:30:01,$ 3627.75,1
963,09:30:01,$ 3627.75,1
964,09:30:01,$ 3627.75,1
965,09:30:01,$ 3627.75,1
967,09:30:01,$ 3627.75,1
968,09:30:01,$ 3627.75,1
969,09:30:01,$ 3627.75,1
970,09:30:01,$ 3627.75,1
971,09:30:01,$ 3627.75,1
972,09:30:01,$ 3627.75,1
973,09:30:01,$ 3627.75,1
974,09:30:01,$ 3627.75,1
975,09:30:01,$ 3627.75,1
976,09:30:01,$ 3627.75,1
977,09:30:01,$ 3627.75,1
978,09:30:01,$ 3627.75,1
979,09:30:01,$ 3627.75,1
980,09:30:01,$ 3627.75,1
981,09:30:01,$ 3627.75,1
982,09:30:01,$ 3627.75,1
983,09:30:01,$ 3627.75,1
984,09:30:01,$ 3627.75,1
985,09:30:01,$ 3627.75,1
986,09:30:01,$ 3627.75,1
988,09:30:01,$ 3627.75,1
989,09:30:01,$ 3627.75,1
990,09:30:01,$ 3627.75,1
991,09:30:01,$ 3627.75,1
992,09:30:01,$ 3627.75,1
993,09:30:01,$ 3627.75,1
994,09:30:01,$ 3627.75,1
995,09:30:01,$ 3627.75,1
996,09:30:01,$ 3627.75,1
997,09:30:01,$ 3627.75,1
998,09:30:01,$ 3627.75,1
999,09:30:01,$ 3627.75,1
1000,09:30:01,$ 3627.75,1
1001,09:30:01,$ 3627.75,1
1002,09:30:01,$ 3627.75,1
1003,09:30:01,$ 3627.75,1
1004,09:30:01,$ 3627.75,1
1005,09:30:01,$ 3627.75,1
1006,09:30:01,$ 3627.75,1
1007,09:30:01,$ 3627.75,1
1009,09:30:01,$ 3627.75,1
1010,09:30:01,$ 3627.75,1
1011,09:30:01,$ 3627.75,1
1012,09:30:01,$ 3627.75,1
1013,09:30:01,$ 3627.75,22
1014,09:30:01,$ 3627.75,15
1015,09:30:01,$ 3627.75,1
1016,09:30:01,$ 3627.75,1
1017,09:30:01,$ 3627.75,1
1018,09:30:01,$ 3627.75,1
1019,09:30:01,$ 3627.75,3
1020,09:30:01,$ 3627.75,1
1021,09:30:01,$ 3627.75,1
1022,09:30:01,$ 3627.75,1
1023,09:30:01,$ 3627.75,2
1024,09:30:01,$ 3627.75,19
1025,09:30:01,$ 3627.75,2
1026,09:30:01,$ 3627.75,1
1027,09:30:01,$ 3627.75,1
1028,09:30:01,$ 3627.75,5
1030,09:30:01,$ 3627.75,2
1031,09:30:01,$ 3627.75,4
1032,09:30:01,$ 3627.75,10
1033,09:30:01,$ 3627.75,5
1034,09:30:01,$ 3627.75,1
1035,09:30:01,$ 3627.75,2
1036,09:30:01,$ 3627.75,5
1037,09:30:01,$ 3627.75,2
1038,09:30:01,$ 3627.75,16
1039,09:30:01,$ 3627.75,9
1040,09:30:01,$ 3627.75,2
1041,09:30:01,$ 3627.75,3
1042,09:30:01,$ 3627.75,4
1043,09:30:01,$ 3627.75,2
1044,09:30:01,$ 3627.75,1
1045,09:30:01,$ 3627.75,1
1046,09:30:01,$ 3627.75,1
1047,09:30:01,$ 3627.75,2
1048,09:30:01,$ 3627.75,8
1049,09:30:01,$ 3627.75,3
1051,09:30:01,$ 3627.75,2
1052,09:30:01,$ 3627.75,11
1053,09:30:01,$ 3627.75,3
1054,09:30:01,$ 3627.75,11
1055,09:30:01,$ 3627.75,25
1056,09:30:01,$ 3627.75,25
1057,09:30:01,$ 3627.75,15
1058,09:30:01,$ 3627.75,15
1059,09:30:01,$ 3627.75,15
1060,09:30:01,$ 3627.75,11
1061,09:30:01,$ 3627.75,15
1062,09:30:01,$ 3627.75,11
1063,09:30:01,$ 3627.75,15
1064,09:30:01,$ 3627.75,10
1065,09:30:01,$ 3627.75,14
1066,09:30:01,$ 3627.75,15
1067,09:30:01,$ 3627.75,12
1068,09:30:01,$ 3627.75,20
1069,09:30:01,$ 3627.75,20
1070,09:30:01,$ 3627.75,12
1072,09:30:01,$ 3627.75,12
1073,09:30:01,$ 3627.75,15
1074,09:30:01,$ 3627.75,12
1075,09:30:01,$ 3627.75,12
1076,09:30:01,$ 3627.75,15
1077,09:30:01,$ 3627.75,9
1078,09:30:01,$ 3627.75,15
1079,09:30:01,$ 3627.75,12
1080,09:30:01,$ 3627.75,1
1081,09:30:01,$ 3627.75,4
1082,09:30:01,$ 3627.75,15
1083,09:30:01,$ 3627.75,13
1084,09:30:01,$ 3627.75,1
1085,09:30:01,$ 3627.75,9
1086,09:30:01,$ 3627.75,12
1087,09:30:01,$ 3627.75,15
1088,09:30:01,$ 3627.75,10
1089,09:30:01,$ 3627.75,1
1090,09:30:01,$ 3627.75,12
1091,09:30:01,$ 3627.75,10
1093,09:30:01,$ 3627.75,13
1094,09:30:01,$ 3627.75,11
1095,09:30:01,$ 3627.75,10
1096,09:30:01,$ 3627.75,12
1097,09:30:01,$ 3627.75,10
1098,09:30:01,$ 3627.75,11
1099,09:30:01,$ 3627.75,10
1100,09:30:01,$ 3627.75,9
1101,09:30:01,$ 3627.75,35
1102,09:30:01,$ 3627.75,9
1103,09:30:01,$ 3627.75,9
1104,09:30:01,$ 3627.75,9
1105,09:30:01,$ 3627.75,9
1106,09:30:01,$ 3627.75,12
1107,09:30:01,$ 3627.75,10
1108,09:30:01,$ 3627.75,8
1109,09:30:01,$ 3627.75,3
1110,09:30:01,$ 3627.75,9
1111,09:30:01,$ 3627.75,2
1112,09:30:01,$ 3627.75,9
1114,09:30:01,$ 3627.75,2
1115,09:30:01,$ 3627.75,9
1116,09:30:01,$ 3627.75,7
1117,09:30:01,$ 3627.75,20
1118,09:30:01,$ 3627.75,7
1119,09:30:01,$ 3627.75,2
1120,09:30:01,$ 3627.75,8
1121,09:30:01,$ 3627.75,10
1122,09:30:01,$ 3627.75,8
1123,09:30:01,$ 3627.75,10
1124,09:30:01,$ 3627.75,7
1125,09:30:01,$ 3627.75,7
1126,09:30:01,$ 3627.75,7
1127,09:30:01,$ 3627.75,10
1128,09:30:01,$ 3627.75,13
1129,09:30:01,$ 3627.75,10
1130,09:30:01,$ 3627.75,10
1131,09:30:01,$ 3627.75,10
1132,09:30:01,$ 3627.75,9
1133,09:30:01,$ 3627.75,9
1135,09:30:01,$ 3627.75,9
1136,09:30:01,$ 3627.75,8
1137,09:30:01,$ 3627.75,5
1138,09:30:01,$ 3627.75,9
1139,09:30:01,$ 3627.75,9
1140,09:30:01,$ 3627.75,9
1141,09:30:01,$ 3627.75,8
1142,09:30:01,$ 3627.75,8
1143,09:30:01,$ 3627.75,8
1144,09:30:01,$ 3627.75,3
1145,09:30:01,$ 3627.75,7
1146,09:30:01,$ 3627.75,7
1147,09:30:01,$ 3627.75,7
1148,09:30:01,$ 3627.75,8
1149,09:30:01,$ 3627.75,6
1150,09:30:01,$ 3627.75,8
1151,09:30:01,$ 3627.75,6
1152,09:30:01,$ 3627.75,6
1153,09:30:01,$ 3627.75,6
1154,09:30:01,$ 3627.75,6
1156,09:30:01,$ 3627.75,7
1157,09:30:01,$ 3627.75,7
1158,09:30:01,$ 3627.75,7
1159,09:30:01,$ 3627.75,6
1160,09:30:01,$ 3627.75,6
1161,09:30:01,$ 3627.75,6
1162,09:30:01,$ 3627.75,30
1163,09:30:01,$ 3627.75,30
1164,09:30:01,$ 3627.75,20
1165,09:30:01,$ 3627.75,35
1166,09:30:01,$ 3627.75,15
1167,09:30:01,$ 3627.75,7
1168,09:30:01,$ 3627.75,9
1169,09:30:01,$ 3627.75,30
1170,09:30:01,$ 3627.75,25
1171,09:30:01,$ 3627.75,5
1172,09:30:01,$ 3627.75,25
1173,09:30:01,$ 3627.75,25
1174,09:30:01,$ 3627.75,30
1175,09:30:01,$ 3627.75,35
1177,09:30:01,$ 3627.75,25
1178,09:30:01,$ 3627.75,20
1179,09:30:01,$ 3627.75,50
1180,09:30:01,$ 3627.75,2
1181,09:30:01,$ 3627.75,2
1182,09:30:01,$ 3627.75,1
1183,09:30:01,$ 3627.75,2
1184,09:30:01,$ 3627.75,75
1185,09:30:01,$ 3627.75,10
1186,09:30:01,$ 3627.75,5
1187,09:30:01,$ 3627.75,1
1188,09:30:01,$ 3627.75,1
1189,09:30:01,$ 3627.75,43
1190,09:30:01,$ 3627.75,10
1191,09:30:01,$ 3627.75,3
1192,09:30:01,$ 3627.75,1
1193,09:30:01,$ 3627.75,3
1194,09:30:01,$ 3627.75,20
1195,09:30:01,$ 3627.75,12
1196,09:30:01,$ 3627.75,10
1198,09:30:01,$ 3627.75,10
1199,09:30:01,$ 3627.75,3
1200,09:30:01,$ 3627.75,10
1201,09:30:01,$ 3627.75,1
1202,09:30:01,$ 3627.75,1
1203,09:30:01,$ 3627.75,1
1204,09:30:01,$ 3627.75,1
1205,09:30:01,$ 3627.75,5
1206,09:30:01,$ 3627.75,6
1207,09:30:01,$ 3627.75,1
1208,09:30:01,$ 3627.75,20
1209,09:30:01,$ 3627.75,1
1210,09:30:01,$ 3627.75,4
1211,09:30:01,$ 3627.75,5
1212,09:30:01,$ 3627.75,1
1213,09:30:01,$ 3627.75,15
1214,09:30:01,$ 3627.75,1
1215,09:30:01,$ 3627.75,1
1216,09:30:01,$ 3627.75,2
1217,09:30:01,$ 3627.75,1
1219,09:30:01,$ 3627.75,1
1220,09:30:01,$ 3627.75,1
1221,09:30:01,$ 3627.75,2
1222,09:30:01,$ 3627.75,7
1223,09:30:01,$ 3627.75,3
1224,09:30:01,$ 3627.75,1
1225,09:30:01,$ 3627.75,1
1226,09:30:01,$ 3627.75,1
1227,09:30:01,$ 3627.75,1
1228,09:30:01,$ 3627.75,1
1229,09:30:01,$ 3627.75,2
1230,09:30:01,$ 3627.75,1
1231,09:30:01,$ 3627.75,1
1232,09:30:01,$ 3627.75,1
1233,09:30:01,$ 3627.75,10
1234,09:30:01,$ 3627.75,16
1235,09:30:01,$ 3627.75,3
1236,09:30:01,$ 3627.75,33
1237,09:30:01,$ 3627.75,1
1238,09:30:01,$ 3627.75,27
1240,09:30:01,$ 3627.75,5
1241,09:30:01,$ 3627.75,14
1242,09:30:01,$ 3627.75,2
1243,09:30:01,$ 3627.75,1
1244,09:30:01,$ 3627.75,1
1245,09:30:01,$ 3627.75,1
1246,09:30:01,$ 3627.75,20
1247,09:30:01,$ 3627.75,2
1248,09:30:01,$ 3627.75,2
1249,09:30:01,$ 3627.75,6
1250,09:30:01,$ 3627.75,5
1251,09:30:01,$ 3627.75,10
1252,09:30:01,$ 3627.75,3
1253,09:30:01,$ 3627.75,1
1254,09:30:01,$ 3627.75,1
1255,09:30:01,$ 3627.75,15
1256,09:30:01,$ 3627.75,1
1257,09:30:01,$ 3627.75,1
1258,09:30:01,$ 3627.75,2
1259,09:30:01,$ 3627.75,1
1261,09:30:01,$ 3627.75,1
1262,09:30:01,$ 3627.75,1
1263,09:30:01,$ 3627.75,2
1264,09:30:01,$ 3627.75,4
1265,09:30:01,$ 3627.75,17
1266,09:30:01,$ 3627.75,1
1267,09:30:01,$ 3627.75,10
1268,09:30:01,$ 3627.75,2
1269,09:30:01,$ 3627.75,1
1270,09:30:01,$ 3627.75,2
1271,09:30:01,$ 3627.75,8
1272,09:30:01,$ 3627.75,6
1273,09:30:01,$ 3627.75,1
1274,09:30:01,$ 3627.75,4
1275,09:30:01,$ 3627.75,2
1276,09:30:01,$ 3627.75,2
1277,09:30:01,$ 3627.75,1
1278,09:30:01,$ 3627.75,7
1279,09:30:01,$ 3627.75,55
1280,09:30:01,$ 3627.75,75
1282,09:30:01,$ 3627.75,2
1283,09:30:01,$ 3627.75,100
1284,09:30:01,$ 3627.75,33
1285,09:30:01,$ 3627.75,1
1286,09:30:01,$ 3627.75,4
1287,09:30:01,$ 3627.75,5
1288,09:30:01,$ 3627.75,2
1289,09:30:01,$ 3627.75,25
1290,09:30:01,$ 3627.75,5
1291,09:30:01,$ 3627.75,24
1292,09:30:01,$ 3627.75,30
1293,09:30:01,$ 3627.75,3
1294,09:30:01,$ 3627.75,10
1295,09:30:01,$ 3627.75,15
1296,09:30:01,$ 3627.75,5
1297,09:30:01,$ 3627.75,2
1298,09:30:01,$ 3627.75,7
1299,09:30:01,$ 3627.75,25
1300,09:30:01,$ 3627.75,1
1301,09:30:01,$ 3627.75,1
1303,09:30:01,$ 3627.75,3
1304,09:30:01,$ 3627.75,4
1305,09:30:01,$ 3627.75,10
1306,09:30:01,$ 3627.75,3
1307,09:30:01,$ 3627.75,12
1308,09:30:01,$ 3627.75,4
1309,09:30:01,$ 3627.75,30
1310,09:30:01,$ 3627.75,20
1311,09:30:01,$ 3627.75,94
1312,09:30:01,$ 3627.75,14
1313,09:30:01,$ 3627.75,1
1314,09:30:01,$ 3627.75,35
1315,09:30:01,$ 3627.75,100
1316,09:30:01,$ 3627.75,104
1317,09:30:01,$ 3627.75,3
1318,09:30:01,$ 3627.75,5
1319,09:30:01,$ 3627.75,4
1320,09:30:01,$ 3627.75,20
1321,09:30:01,$ 3627.75,2
1322,09:30:01,$ 3627.75,7
1324,09:30:01,$ 3627.75,5
1325,09:30:01,$ 3627.75,1
1326,09:30:01,$ 3627.75,10
1327,09:30:01,$ 3627.75,10
1328,09:30:01,$ 3627.75,2
1329,09:30:01,$ 3627.75,2
1330,09:30:01,$ 3627.75,14
1331,09:30:01,$ 3627.75,1
1332,09:30:01,$ 3627.75,1
1333,09:30:01,$ 3627.75,6
1334,09:30:01,$ 3627.75,17
1335,09:30:01,$ 3627.75,4
1336,09:30:01,$ 3627.75,2
1337,09:30:01,$ 3627.75,4
1338,09:30:01,$ 3627.75,3
1339,09:30:01,$ 3627.75,1
1340,09:30:01,$ 3627.75,3
1341,09:30:01,$ 3627.75,1
1342,09:30:01,$ 3627.75,2
1343,09:30:01,$ 3627.75,5
1345,09:30:01,$ 3627.75,2
1346,09:30:01,$ 3627.75,7
1347,09:30:01,$ 3627.75,1
1348,09:30:01,$ 3627.75,8
1349,09:30:01,$ 3627.75,30
1350,09:30:01,$ 3627.75,1
1351,09:30:01,$ 3627.75,1
1352,09:30:01,$ 3627.75,1
1353,09:30:01,$ 3627.75,1
1354,09:30:01,$ 3627.75,2
1355,09:30:01,$ 3627.75,2
1356,09:30:01,$ 3627.75,20
1357,09:30:01,$ 3627.75,1
1358,09:30:01,$ 3627.75,1
1359,09:30:01,$ 3627.75,4
1360,09:30:01,$ 3627.75,2
1361,09:30:01,$ 3627.75,1
1362,09:30:01,$ 3627.75,1
1363,09:30:01,$ 3627.75,1
1364,09:30:01,$ 3627.75,1
1366,09:30:01,$ 3627.75,1
1367,09:30:01,$ 3627.75,1
1368,09:30:01,$ 3627.75,2
1369,09:30:01,$ 3627.75,1
1370,09:30:01,$ 3627.75,1
1371,09:30:01,$ 3627.75,1
1372,09:30:01,$ 3627.75,13
1373,09:30:01,$ 3627.75,10
1374,09:30:01,$ 3627.75,3
1375,09:30:01,$ 3627.75,10
1376,09:30:01,$ 3627.75,2
1377,09:30:01,$ 3627.75,8
1378,09:30:01,$ 3627.75,1
1379,09:30:01,$ 3627.75,7
1380,09:30:01,$ 3627.75,2
1381,09:30:01,$ 3627.75,2
1382,09:30:01,$ 3627.75,16
1383,09:30:01,$ 3627.75,3
1384,09:30:01,$ 3627.75,1
1385,09:30:01,$ 3627.75,2
1387,09:30:01,$ 3627.75,25
1388,09:30:01,$ 3627.75,2
1389,09:30:01,$ 3627.75,1
1390,09:30:01,$ 3627.75,17
1391,09:30:01,$ 3627.75,1
1392,09:30:01,$ 3627.75,15
1393,09:30:01,$ 3627.75,1
1394,09:30:01,$ 3627.75,2
1395,09:30:01,$ 3627.75,1
1396,09:30:01,$ 3627.75,1
1397,09:30:01,$ 3627.75,5
1398,09:30:01,$ 3627.75,1
1399,09:30:01,$ 3627.75,1
1400,09:30:01,$ 3627.75,1
1401,09:30:01,$ 3627.75,1
1402,09:30:01,$ 3627.75,1
1403,09:30:01,$ 3627.75,1
1404,09:30:01,$ 3627.75,27
1405,09:30:01,$ 3627.75,1
1406,09:30:01,$ 3627.75,1
1408,09:30:01,$ 3627.75,2
1409,09:30:01,$ 3627.75,4
1410,09:30:01,$ 3627.75,3
1411,09:30:01,$ 3627.75,25
1412,09:30:01,$ 3627.75,1
1413,09:30:01,$ 3627.75,1
1414,09:30:01,$ 3627.75,3
1415,09:30:01,$ 3627.75,3
1416,09:30:01,$ 3627.75,13
1417,09:30:01,$ 3627.75,3
1418,09:30:01,$ 3627.75,1
1419,09:30:01,$ 3627.75,1
1420,09:30:01,$ 3627.75,33
1421,09:30:01,$ 3627.75,67
1422,09:30:01,$ 3627.75,6
1423,09:30:01,$ 3627.75,10
1424,09:30:01,$ 3627.75,3
1425,09:30:01,$ 3627.75,1
1426,09:30:01,$ 3627.75,1
1427,09:30:01,$ 3627.75,2
1429,09:30:01,$ 3627.75,2
1430,09:30:01,$ 3627.75,8
1431,09:30:01,$ 3627.75,15
1432,09:30:01,$ 3627.75,2
1433,09:30:01,$ 3627.75,5
1434,09:30:01,$ 3627.75,1
1435,09:30:01,$ 3627.75,2
1436,09:30:01,$ 3627.75,2
1437,09:30:01,$ 3627.75,2
1438,09:30:01,$ 3627.75,8
1439,09:30:01,$ 3627.75,10
1440,09:30:01,$ 3627.75,2
1441,09:30:01,$ 3627.75,1
1442,09:30:01,$ 3627.75,2
1443,09:30:01,$ 3627.75,5
1444,09:30:01,$ 3627.75,4
1445,09:30:01,$ 3627.75,1
1446,09:30:01,$ 3627.75,4
1447,09:30:01,$ 3627.75,17
1448,09:30:01,$ 3627.75,7
1450,09:30:01,$ 3627.75,2
1451,09:30:01,$ 3627.75,15
1452,09:30:01,$ 3627.75,1
1453,09:30:01,$ 3627.75,10
1454,09:30:01,$ 3627.75,2
1455,09:30:01,$ 3627.75,47
1456,09:30:01,$ 3627.75,1
1457,09:30:01,$ 3627.75,8
1458,09:30:01,$ 3627.75,2
1459,09:30:01,$ 3627.75,8
1460,09:30:01,$ 3627.75,1
1461,09:30:01,$ 3627.75,1
1462,09:30:01,$ 3627.75,3
1463,09:30:01,$ 3627.75,10
1464,09:30:01,$ 3627.75,1
1465,09:30:01,$ 3627.75,2
1466,09:30:01,$ 3627.75,1
1467,09:30:01,$ 3627.75,1
1468,09:30:01,$ 3627.75,10
1469,09:30:01,$ 3627.75,1
1471,09:30:01,$ 3627.75,5
1472,09:30:01,$ 3627.75,1
1473,09:30:01,$ 3627.75,6
1474,09:30:01,$ 3627.75,1
1475,09:30:01,$ 3627.75,1
1476,09:30:01,$ 3627.75,1
1477,09:30:01,$ 3627.75,1
1478,09:30:01,$ 3627.75,3
1479,09:30:01,$ 3627.75,2
1480,09:30:01,$ 3627.75,1
1481,09:30:01,$ 3627.75,1
1482,09:30:01,$ 3627.75,1
1483,09:30:01,$ 3627.75,2
1484,09:30:01,$ 3627.75,1
1485,09:30:01,$ 3627.75,10
1486,09:30:01,$ 3627.75,2
1487,09:30:01,$ 3627.75,2
1488,09:30:01,$ 3627.75,1
1489,09:30:01,$ 3627.75,1
1490,09:30:01,$ 3627.75,3
1492,09:30:01,$ 3627.75,1
1493,09:30:01,$ 3627.75,2
1494,09:30:01,$ 3627.75,4
1495,09:30:01,$ 3627.75,3
1496,09:30:01,$ 3627.75,12
1497,09:30:01,$ 3627.75,16
1498,09:30:01,$ 3627.75,2
1499,09:30:01,$ 3627.75,1
1500,09:30:01,$ 3627.75,10
1501,09:30:01,$ 3627.75,5
1502,09:30:01,$ 3627.75,2
1503,09:30:01,$ 3627.75,2
1504,09:30:01,$ 3627.75,1
1505,09:30:01,$ 3627.75,12
1506,09:30:01,$ 3627.75,1
1507,09:30:01,$ 3627.75,10
1508,09:30:01,$ 3627.75,3
1509,09:30:01,$ 3627.75,1
1510,09:30:01,$ 3627.75,1
1511,09:30:01,$ 3627.75,1
1513,09:30:01,$ 3627.75,1
1514,09:30:01,$ 3627.75,1
1515,09:30:01,$ 3627.75,1
1516,09:30:01,$ 3627.75,1
1517,09:30:01,$ 3627.75,1
1518,09:30:01,$ 3627.75,1
1519,09:30:01,$ 3627.75,1
1520,09:30:01,$ 3627.75,1
1521,09:30:01,$ 3627.75,1
1522,09:30:01,$ 3627.75,1
1523,09:30:01,$ 3627.75,1
1524,09:30:01,$ 3627.75,1
1525,09:30:01,$ 3627.75,1
1526,09:30:01,$ 3627.75,1
1527,09:30:01,$ 3627.75,1
1528,09:30:01,$ 3627.75,1
1529,09:30:01,$ 3627.75,1
1530,09:30:01,$ 3627.75,1
1531,09:30:01,$ 3627.75,1
1532,09:30:01,$ 3627.75,1
1534,09:30:01,$ 3627.75,1
1535,09:30:01,$ 3627.75,1
1536,09:30:01,$ 3627.75,1
1537,09:30:01,$ 3627.75,1
1538,09:30:01,$ 3627.75,1
1539,09:30:01,$ 3627.75,1
1540,09:30:01,$ 3627.75,1
1541,09:30:01,$ 3627.75,1
1542,09:30:01,$ 3627.75,1
1543,09:30:01,$ 3627.75,1
1544,09:30:01,$ 3627.75,1
1545,09:30:01,$ 3627.75,1
1546,09:30:01,$ 3627.75,1
1547,09:30:01,$ 3627.75,1
1548,09:30:01,$ 3627.75,1
1549,09:30:01,$ 3627.75,1
1550,09:30:01,$ 3627.75,1
1551,09:30:01,$ 3627.75,1
1552,09:30:01,$ 3627.75,1
1553,09:30:01,$ 3627.75,7
1555,09:30:01,$ 3627.75,6
1556,09:30:01,$ 3627.75,1
1557,09:30:01,$ 3627.75,2
1558,09:30:01,$ 3627.75,2
1559,09:30:01,$ 3627.75,1
1560,09:30:01,$ 3627.75,1
1561,09:30:01,$ 3627.75,25
1562,09:30:01,$ 3627.75,5
1563,09:30:01,$ 3627.75,1
1564,09:30:01,$ 3627.75,1
1565,09:30:01,$ 3627.75,1
1566,09:30:01,$ 3627.75,1
1567,09:30:01,$ 3627.75,1
1568,09:30:01,$ 3627.75,10
1569,09:30:01,$ 3627.75,1
1570,09:30:01,$ 3627.75,1
1571,09:30:01,$ 3627.75,8
1572,09:30:01,$ 3627.75,1
1573,09:30:01,$ 3627.75,2
1574,09:30:01,$ 3627.75,5
1576,09:30:01,$ 3627.75,20
1577,09:30:01,$ 3627.75,1
1578,09:30:01,$ 3627.75,1
1579,09:30:01,$ 3627.75,1
1580,09:30:01,$ 3627.75,2
1581,09:30:01,$ 3627.75,9
1582,09:30:01,$ 3627.75,1
1583,09:30:01,$ 3627.75,45
1584,09:30:01,$ 3627.75,4
1585,09:30:01,$ 3627.75,3
1586,09:30:01,$ 3627.75,10
1587,09:30:01,$ 3627.75,1
1588,09:30:01,$ 3627.75,1
1589,09:30:01,$ 3627.75,1
1590,09:30:01,$ 3627.75,1
1591,09:30:01,$ 3627.75,1
1592,09:30:01,$ 3627.75,2
1593,09:30:01,$ 3627.75,2
1594,09:30:01,$ 3627.75,2
1595,09:30:01,$ 3627.75,2
1597,09:30:01,$ 3627.75,150
1598,09:30:01,$ 3627.75,6
1599,09:30:01,$ 3627.75,1
1600,09:30:01,$ 3627.75,1
1601,09:30:01,$ 3627.75,2
1602,09:30:01,$ 3627.75,5
1603,09:30:01,$ 3627.75,4
1604,09:30:01,$ 3627.75,1
1605,09:30:01,$ 3627.75,1
1606,09:30:01,$ 3627.75,1
1607,09:30:01,$ 3627.75,1
1608,09:30:01,$ 3627.75,8
1609,09:30:01,$ 3627.75,1
1610,09:30:01,$ 3627.75,1
1611,09:30:01,$ 3627.75,1
1612,09:30:01,$ 3627.75,3
1613,09:30:01,$ 3627.75,2
1614,09:30:01,$ 3627.75,1
1615,09:30:01,$ 3627.75,1
1616,09:30:01,$ 3627.75,1
1618,09:30:01,$ 3627.75,1
1619,09:30:01,$ 3627.75,1
1620,09:30:01,$ 3627.75,1
1621,09:30:01,$ 3627.75,1
1622,09:30:01,$ 3627.75,1
1623,09:30:01,$ 3627.75,1
1624,09:30:01,$ 3627.75,1
1625,09:30:01,$ 3627.75,1
1626,09:30:01,$ 3627.75,5
1627,09:30:01,$ 3627.75,25
1628,09:30:01,$ 3627.75,2
1629,09:30:01,$ 3627.75,10
1630,09:30:01,$ 3627.75,1
1631,09:30:01,$ 3627.75,1
1632,09:30:01,$ 3627.75,1
1633,09:30:01,$ 3627.75,5
1634,09:30:01,$ 3627.75,1
1635,09:30:01,$ 3627.75,1
1636,09:30:01,$ 3627.75,1
1637,09:30:01,$ 3627.75,1
1639,09:30:01,$ 3627.75,1
1640,09:30:01,$ 3627.75,1
1641,09:30:01,$ 3627.75,1
1642,09:30:01,$ 3627.75,2
1643,09:30:01,$ 3627.75,6
1644,09:30:01,$ 3627.75,1
1645,09:30:01,$ 3627.75,1
1646,09:30:01,$ 3627.75,1
1647,09:30:01,$ 3627.75,5
1648,09:30:01,$ 3627.75,6
1649,09:30:01,$ 3627.75,1
1650,09:30:01,$ 3627.75,1
1651,09:30:01,$ 3627.75,1
1652,09:30:01,$ 3627.75,27
1653,09:30:01,$ 3627.75,5
1654,09:30:01,$ 3627.75,5
1655,09:30:01,$ 3627.75,2
1656,09:30:01,$ 3627.75,30
1657,09:30:01,$ 3627.75,7
1658,09:30:01,$ 3627.75,2
1660,09:30:01,$ 3627.75,3
1661,09:30:01,$ 3627.75,1
1662,09:30:01,$ 3627.75,1
1663,09:30:01,$ 3627.75,1
1664,09:30:01,$ 3627.75,2
1665,09:30:01,$ 3627.75,1
1666,09:30:01,$ 3627.75,1
1667,09:30:01,$ 3627.75,1
1668,09:30:01,$ 3627.75,3
1669,09:30:01,$ 3627.75,1
1670,09:30:01,$ 3627.75,3
1671,09:30:01,$ 3627.75,6
1672,09:30:01,$ 3627.75,3
1673,09:30:01,$ 3627.75,5
1674,09:30:01,$ 3627.75,2
1675,09:30:01,$ 3627.75,5
1676,09:30:01,$ 3627.75,2
1677,09:30:01,$ 3627.75,1
1678,09:30:01,$ 3627.75,1
1679,09:30:01,$ 3627.75,14
1681,09:30:01,$ 3627.75,2
1682,09:30:01,$ 3627.75,7
1683,09:30:01,$ 3627.75,3
1684,09:30:01,$ 3627.75,3
1685,09:30:01,$ 3627.75,1
1686,09:30:01,$ 3627.75,4
1687,09:30:01,$ 3627.75,5
1688,09:30:01,$ 3627.75,1
1689,09:30:01,$ 3627.75,1
1690,09:30:01,$ 3627.75,3
1691,09:30:01,$ 3627.75,10
1692,09:30:01,$ 3627.75,5
1693,09:30:01,$ 3627.75,10
1694,09:30:01,$ 3627.75,6
1695,09:30:01,$ 3627.75,1
1696,09:30:01,$ 3627.75,1
1697,09:30:01,$ 3627.75,1
1698,09:30:01,$ 3627.75,1
1699,09:30:01,$ 3627.75,10
1700,09:30:01,$ 3627.75,1
1702,09:30:01,$ 3627.75,1
1703,09:30:01,$ 3627.75,1
1704,09:30:01,$ 3627.75,2
1705,09:30:01,$ 3627.75,4
1706,09:30:01,$ 3627.75,5
1707,09:30:01,$ 3627.75,1
1708,09:30:01,$ 3627.75,12
1709,09:30:01,$ 3627.75,4
1710,09:30:01,$ 3627.75,3
1711,09:30:01,$ 3627.75,5
1712,09:30:01,$ 3627.75,3
1713,09:30:01,$ 3627.75,1
1714,09:30:01,$ 3627.75,2
1715,09:30:01,$ 3627.75,250
1716,09:30:01,$ 3627.75,2
1717,09:30:01,$ 3627.75,1
1718,09:30:01,$ 3627.75,1
1719,09:30:01,$ 3627.75,1
1720,09:30:01,$ 3627.75,3
1721,09:30:01,$ 3627.75,4
1723,09:30:01,$ 3627.75,1
1724,09:30:01,$ 3627.75,6
1725,09:30:01,$ 3627.75,4
1726,09:30:01,$ 3627.75,2
1727,09:30:01,$ 3627.75,5
1728,09:30:01,$ 3627.75,1
1729,09:30:01,$ 3627.75,3
1730,09:30:01,$ 3627.75,3
1731,09:30:01,$ 3627.75,11
1732,09:30:01,$ 3627.75,7
1733,09:30:01,$ 3627.75,2
1734,09:30:01,$ 3627.75,1
1735,09:30:01,$ 3627.75,4
1736,09:30:01,$ 3627.75,1
1737,09:30:01,$ 3627.75,1
1738,09:30:01,$ 3627.75,2
1739,09:30:01,$ 3627.75,3
1740,09:30:01,$ 3627.75,1
1741,09:30:01,$ 3627.75,2
1742,09:30:01,$ 3627.75,2
1744,09:30:01,$ 3627.75,1
1745,09:30:01,$ 3627.75,1
1746,09:30:01,$ 3627.75,3
1747,09:30:01,$ 3627.75,25
1748,09:30:01,$ 3627.75,30
1749,09:30:01,$ 3627.75,1
1750,09:30:01,$ 3627.75,15
1751,09:30:01,$ 3627.75,13
1752,09:30:01,$ 3627.75,1
1753,09:30:01,$ 3627.75,11
1754,09:30:01,$ 3627.75,1
1755,09:30:01,$ 3627.75,1
1756,09:30:01,$ 3627.75,11
1757,09:30:01,$ 3627.75,3
1758,09:30:01,$ 3627.75,1
1759,09:30:01,$ 3627.75,2
1760,09:30:01,$ 3627.75,2
1761,09:30:01,$ 3627.75,2
1762,09:30:01,$ 3627.75,84
1763,09:30:01,$ 3627.75,5
1765,09:30:01,$ 3627.75,3
1766,09:30:01,$ 3627.75,500
1767,09:30:01,$ 3627.75,20
1768,09:30:01,$ 3627.75,1
1769,09:30:01,$ 3627.75,2
1770,09:30:01,$ 3627.75,3
1771,09:30:01,$ 3627.75,3
1772,09:30:01,$ 3627.75,1
1773,09:30:01,$ 3627.75,1
1774,09:30:01,$ 3627.75,20
1775,09:30:01,$ 3627.75,2
1776,09:30:01,$ 3627.75,1
1777,09:30:01,$ 3627.75,1
1778,09:30:01,$ 3627.75,1
1779,09:30:01,$ 3627.75,1
1780,09:30:01,$ 3627.75,10
1781,09:30:01,$ 3627.75,94
1782,09:30:01,$ 3627.75,1
1783,09:30:01,$ 3627.75,9
1784,09:30:01,$ 3627.75,3
1786,09:30:01,$ 3627.75,9
1787,09:30:01,$ 3627.75,1
1788,09:30:01,$ 3627.75,4
1789,09:30:01,$ 3627.75,1
1790,09:30:01,$ 3627.75,2
1791,09:30:01,$ 3627.75,3
1792,09:30:01,$ 3627.75,1
1793,09:30:01,$ 3627.75,1
1794,09:30:01,$ 3627.75,2
1795,09:30:01,$ 3627.75,15
1796,09:30:01,$ 3627.75,3
1797,09:30:01,$ 3627.75,1
1798,09:30:01,$ 3627.75,27
1799,09:30:01,$ 3627.75,5
1800,09:30:01,$ 3627.75,1
1801,09:30:01,$ 3627.75,5
1802,09:30:01,$ 3627.75,1
1803,09:30:01,$ 3627.75,1
1804,09:30:01,$ 3627.75,4
1805,09:30:01,$ 3627.75,5
1807,09:30:01,$ 3627.75,2
1808,09:30:01,$ 3627.75,5
1809,09:30:01,$ 3627.75,5
1810,09:30:01,$ 3627.75,30
1811,09:30:01,$ 3627.75,28
1812,09:30:01,$ 3627.75,3
1813,09:30:01,$ 3627.75,7
1814,09:30:01,$ 3627.75,12
1815,09:30:01,$ 3627.75,10
1816,09:30:01,$ 3627.75,2
1817,09:30:01,$ 3627.75,1
1818,09:30:01,$ 3627.75,4
1819,09:30:01,$ 3627.75,4
1820,09:30:01,$ 3627.75,3
1821,09:30:01,$ 3627.75,72
1822,09:30:01,$ 3627.75,27
1823,09:30:01,$ 3627.75,4
1824,09:30:01,$ 3627.75,3
1825,09:30:01,$ 3627.75,255
1826,09:30:01,$ 3627.75,2
1828,09:30:01,$ 3627.75,15
1829,09:30:01,$ 3627.75,6
1830,09:30:01,$ 3627.75,4
1831,09:30:01,$ 3627.75,32
1832,09:30:01,$ 3627.75,1
1833,09:30:01,$ 3627.75,1
1834,09:30:01,$ 3627.75,1
1835,09:30:01,$ 3627.75,1
1836,09:30:01,$ 3627.75,1
1837,09:30:01,$ 3627.75,5
1838,09:30:01,$ 3627.75,1
1839,09:30:01,$ 3627.75,2
1840,09:30:01,$ 3627.75,5
1841,09:30:01,$ 3627.75,1
1842,09:30:01,$ 3627.75,1
1843,09:30:01,$ 3627.75,1
1844,09:30:01,$ 3627.75,10
1845,09:30:01,$ 3627.75,3
1846,09:30:01,$ 3627.75,1
1847,09:30:01,$ 3627.75,2
1849,09:30:01,$ 3627.75,10
1850,09:30:01,$ 3627.75,2
1851,09:30:01,$ 3627.75,200
1852,09:30:01,$ 3627.75,30
1853,09:30:01,$ 3627.75,2
1854,09:30:01,$ 3627.75,50
1855,09:30:01,$ 3627.75,1
1856,09:30:01,$ 3627.75,3
1857,09:30:01,$ 3627.75,1
1858,09:30:01,$ 3627.75,4
1859,09:30:01,$ 3627.75,13
1860,09:30:01,$ 3627.75,1
1861,09:30:01,$ 3627.75,12
1862,09:30:01,$ 3627.75,8
1863,09:30:01,$ 3627.75,30
1864,09:30:01,$ 3627.75,6
1865,09:30:01,$ 3627.75,1
1866,09:30:01,$ 3627.75,1
1867,09:30:01,$ 3627.75,3
1868,09:30:01,$ 3627.75,1
1870,09:30:01,$ 3627.75,3
1871,09:30:01,$ 3627.75,1
1872,09:30:01,$ 3627.75,1
1873,09:30:01,$ 3627.75,50
1874,09:30:01,$ 3627.75,4
1875,09:30:01,$ 3627.75,5
1876,09:30:01,$ 3627.75,2
1877,09:30:01,$ 3627.75,1
1878,09:30:01,$ 3627.75,4
1879,09:30:01,$ 3627.75,10
1880,09:30:01,$ 3627.75,1
1881,09:30:01,$ 3627.75,1
1882,09:30:01,$ 3627.75,2
1883,09:30:01,$ 3627.75,2
1884,09:30:01,$ 3627.75,1
1885,09:30:01,$ 3627.75,1
1886,09:30:01,$ 3627.75,6
1887,09:30:01,$ 3627.75,2
1888,09:30:01,$ 3627.75,7
1889,09:30:01,$ 3627.75,2
1891,09:30:01,$ 3627.75,3
1892,09:30:01,$ 3627.75,6
1893,09:30:01,$ 3627.75,1
1894,09:30:01,$ 3627.75,2
1895,09:30:01,$ 3627.75,1
1896,09:30:01,$ 3627.75,1
1897,09:30:01,$ 3627.75,47
1898,09:30:01,$ 3627.75,1
1899,09:30:01,$ 3627.75,5
1900,09:30:01,$ 3627.75,27
1901,09:30:01,$ 3627.75,20
1902,09:30:01,$ 3627.75,1
1903,09:30:01,$ 3627.75,20
1904,09:30:01,$ 3627.75,1
1905,09:30:01,$ 3627.75,1
1906,09:30:01,$ 3627.75,13
1907,09:30:01,$ 3627.75,77
1908,09:30:01,$ 3627.75,1
1909,09:30:01,$ 3627.75,8
1910,09:30:01,$ 3627.75,10
1912,09:30:01,$ 3627.75,3
1913,09:30:01,$ 3627.75,8
1914,09:30:01,$ 3627.75,3
1915,09:30:01,$ 3627.75,3
1916,09:30:01,$ 3627.75,1
1917,09:30:01,$ 3627.75,6
1918,09:30:01,$ 3627.75,2
1919,09:30:01,$ 3627.75,1
1920,09:30:01,$ 3627.75,10
1921,09:30:01,$ 3627.75,19
1922,09:30:01,$ 3627.75,1
1923,09:30:01,$ 3627.75,1
1924,09:30:01,$ 3627.75,1
1925,09:30:01,$ 3627.75,1
1926,09:30:01,$ 3627.75,1
1927,09:30:01,$ 3627.75,1
1928,09:30:01,$ 3627.75,2
1929,09:30:01,$ 3627.75,5
1930,09:30:01,$ 3627.75,3
1931,09:30:01,$ 3627.75,5
1933,09:30:01,$ 3627.75,8
1934,09:30:01,$ 3627.75,1
1935,09:30:01,$ 3627.75,5
1936,09:30:01,$ 3627.75,11
1937,09:30:01,$ 3627.75,3
1938,09:30:01,$ 3627.75,14
1939,09:30:01,$ 3627.75,7
1940,09:30:01,$ 3627.75,5
1941,09:30:01,$ 3627.75,7
1942,09:30:01,$ 3627.75,3
1943,09:30:01,$ 3627.75,8
1944,09:30:01,$ 3627.75,1
1945,09:30:01,$ 3627.75,8
1946,09:30:01,$ 3627.75,10
1947,09:30:01,$ 3627.75,7
1948,09:30:01,$ 3627.75,3
1949,09:30:01,$ 3627.75,2
1950,09:30:01,$ 3627.75,10
1951,09:30:01,$ 3627.75,50
1952,09:30:01,$ 3627.75,177
1954,09:30:01,$ 3627.75,1
1955,09:30:01,$ 3627.75,1
1956,09:30:01,$ 3627.75,2
1957,09:30:01,$ 3627.75,2
1958,09:30:01,$ 3627.75,1
1959,09:30:01,$ 3627.75,1
1960,09:30:01,$ 3627.75,2
1961,09:30:01,$ 3627.75,1
1962,09:30:01,$ 3627.75,1
1963,09:30:01,$ 3627.75,32
1964,09:30:01,$ 3627.75,164
1965,09:30:01,$ 3627.75,311
1966,09:30:01,$ 3627.75,1
1967,09:30:01,$ 3627.75,45
1968,09:30:01,$ 3627.75,8
1969,09:30:01,$ 3627.75,10
1970,09:30:01,$ 3627.75,1
1971,09:30:01,$ 3627.75,6
1972,09:30:01,$ 3627.75,1
1973,09:30:01,$ 3627.75,10
1975,09:30:01,$ 3627.75,6
1976,09:30:01,$ 3627.75,2
1977,09:30:01,$ 3627.75,2
1978,09:30:01,$ 3627.75,1
1979,09:30:01,$ 3627.75,2
1980,09:30:01,$ 3627.75,50
1981,09:30:01,$ 3627.75,21
1982,09:30:01,$ 3627.75,1
1983,09:30:01,$ 3627.75,22
1984,09:30:01,$ 3627.75,10
1985,09:30:01,$ 3627.75,1
1986,09:30:01,$ 3627.75,1
1987,09:30:01,$ 3627.75,90
1988,09:30:01,$ 3627.75,2
1989,09:30:01,$ 3627.75,1
1990,09:30:01,$ 3627.75,2
1991,09:30:01,$ 3627.75,1
1992,09:30:01,$ 3627.75,1
1993,09:30:01,$ 3627.75,3
1994,09:30:01,$ 3627.75,5
1996,09:30:01,$ 3627.75,58
1997,09:30:01,$ 3627.75,14
1998,09:30:01,$ 3627.75,7
1999,09:30:01,$ 3627.75,73
2000,09:30:01,$ 3627.75,9
2001,09:30:01,$ 3627.75,3
2002,09:30:01,$ 3627.75,1
2003,09:30:01,$ 3627.75,19
2004,09:30:01,$ 3627.75,1
2005,09:30:01,$ 3627.75,1
2006,09:30:01,$ 3627.75,5
2007,09:30:01,$ 3627.75,7
2008,09:30:01,$ 3627.75,7
2009,09:30:01,$ 3627.75,7
2010,09:30:01,$ 3627.75,9
2011,09:30:01,$ 3627.75,10
2012,09:30:01,$ 3627.75,10
2013,09:30:01,$ 3627.75,16
2014,09:30:01,$ 3627.75,1
2015,09:30:01,$ 3627.75,5
2017,09:30:01,$ 3627.75,19
2018,09:30:01,$ 3627.75,5
2019,09:30:01,$ 3627.75,1
2020,09:30:01,$ 3627.75,10
2021,09:30:01,$ 3627.75,1
2022,09:30:01,$ 3627.75,2
2023,09:30:01,$ 3627.75,3
2024,09:30:01,$ 3627.75,4
2025,09:30:01,$ 3627.75,4
2026,09:30:01,$ 3627.75,4
2027,09:30:01,$ 3627.75,2
2028,09:30:01,$ 3627.75,4
2029,09:30:01,$ 3627.75,5
2030,09:30:01,$ 3627.75,1
2031,09:30:01,$ 3627.75,14
2032,09:30:01,$ 3627.75,1
2033,09:30:01,$ 3627.75,1
2034,09:30:01,$ 3627.75,2
2035,09:30:01,$ 3627.75,57
2036,09:30:01,$ 3627.75,17
2038,09:30:01,$ 3627.75,3
2039,09:30:01,$ 3627.75,1
2040,09:30:01,$ 3627.75,1
2041,09:30:01,$ 3627.75,10
2042,09:30:01,$ 3627.75,20
2043,09:30:01,$ 3627.75,41
2044,09:30:01,$ 3627.75,1
2045,09:30:01,$ 3627.75,141
2046,09:30:01,$ 3627.75,1
2047,09:30:01,$ 3627.75,1
2048,09:30:01,$ 3627.75,1
2049,09:30:01,$ 3627.75,20
2050,09:30:01,$ 3627.75,2
2051,09:30:01,$ 3627.75,6
2052,09:30:01,$ 3627.75,15
2053,09:30:01,$ 3627.75,2
2054,09:30:01,$ 3627.75,28
2055,09:30:01,$ 3627.75,2
2056,09:30:01,$ 3627.75,1
2057,09:30:01,$ 3627.75,4
2059,09:30:01,$ 3627.75,1
2060,09:30:01,$ 3627.75,28
2061,09:30:01,$ 3627.75,9
2062,09:30:01,$ 3627.75,5
2063,09:30:01,$ 3627.75,8
2064,09:30:01,$ 3627.75,11
2065,09:30:01,$ 3627.75,99
2066,09:30:01,$ 3627.75,6
2067,09:30:01,$ 3627.75,20
2068,09:30:01,$ 3627.75,9
2069,09:30:01,$ 3627.75,27
2070,09:30:01,$ 3627.75,10
2071,09:30:01,$ 3627.75,11
2072,09:30:01,$ 3627.75,14
2073,09:30:01,$ 3627.75,1
2074,09:30:01,$ 3627.75,5
2075,09:30:01,$ 3627.75,12
2076,09:30:01,$ 3627.75,40
2077,09:30:01,$ 3627.75,4
2078,09:30:01,$ 3627.75,50
2080,09:30:01,$ 3627.75,55
2081,09:30:01,$ 3627.75,191
2082,09:30:01,$ 3627.75,8
2083,09:30:01,$ 3627.75,1
2084,09:30:01,$ 3627.75,2
2085,09:30:01,$ 3627.75,1
2086,09:30:01,$ 3627.75,1
2087,09:30:01,$ 3627.75,6
2088,09:30:01,$ 3627.75,100
2089,09:30:00,$ 3627.75,8
2090,09:30:00,$ 3627.75,4
2091,09:30:00,$ 3627.75,4
2092,09:30:00,$ 3627.75,3
2093,09:30:00,$ 3627.75,2
2094,09:30:00,$ 3627.75,5
2095,09:30:00,$ 3627.75,1
2096,09:30:00,$ 3627.75,1
2097,09:30:00,$ 3627.75,100
2098,09:30:00,$ 3627.75,5
2099,09:30:00,$ 3627.75,10
2101,09:30:00,$ 3627.75,1
2102,09:30:00,$ 3627.75,1
2103,09:30:00,$ 3627.75,1
2104,09:30:00,$ 3627.75,1
2105,09:30:00,$ 3627.75,7
2106,09:30:00,$ 3627.75,100
2107,09:30:00,$ 3627.75,1
2108,09:30:00,$ 3627.75,1
2109,09:30:00,$ 3627.75,24
2110,09:30:00,$ 3627.75,700
2111,09:30:00,$ 3627.75,24
2112,09:30:00,$ 3627.75,22
2113,09:30:00,$ 3627.75,2
2114,09:30:00,$ 3627.75,1
2115,09:30:00,$ 3627.75,1
2116,09:30:00,$ 3627.75,3
2117,09:30:00,$ 3627.75,1
2118,09:30:00,$ 3627.75,9
2119,09:30:00,$ 3627.75,1
2120,09:30:00,$ 3627.75,3
2122,09:30:00,$ 3627.75,10
2123,09:30:00,$ 3627.75,7
2124,09:30:00,$ 3627.75,19
2125,09:30:00,$ 3627.75,35
2126,09:30:00,$ 3627.75,28
2127,09:30:00,$ 3627.75,9
2128,09:30:00,$ 3627.75,5
2129,09:30:00,$ 3627.75,5
2130,09:30:00,$ 3627.75,100
2131,09:30:00,$ 3627.75,3
2132,09:30:00,$ 3627.75,1
2133,09:30:00,$ 3627.75,7
2134,09:30:00,$ 3627.75,3
2135,09:30:00,$ 3627.75,93
2136,09:30:00,$ 3627.75,1
2137,09:30:00,$ 3627.75,3
2138,09:30:00,$ 3627.75,4
2139,09:30:00,$ 3627.75,2
2140,09:30:00,$ 3627.75,1
2141,09:30:00,$ 3627.75,1
2143,09:30:00,$ 3627.75,313
2144,09:30:00,$ 3627.75,1
2145,09:30:00,$ 3627.75,2
2146,09:30:00,$ 3627.75,3
2147,09:30:00,$ 3627.75,1
2148,09:30:00,$ 3627.75,1
2149,09:30:00,$ 3627.75,5
2150,09:30:00,$ 3627.75,50
2151,09:30:00,$ 3627.75,5
2152,09:30:00,$ 3627.75,26
2153,09:30:00,$ 3627.75,40
2154,09:30:00,$ 3627.75,10
2155,09:30:00,$ 3627.75,1
2156,09:30:00,$ 3627.75,1
2157,09:30:00,$ 3627.75,5
2158,09:30:00,$ 3627.75,1
2159,09:30:00,$ 3627.75,2
2160,09:30:00,$ 3627.75,1
2161,09:30:00,$ 3627.75,1
2162,09:30:00,$ 3627.75,20
2164,09:30:00,$ 3627.75,1
2165,09:30:00,$ 3627.75,1
2166,09:30:00,$ 3627.75,15
2167,09:30:00,$ 3627.75,2
2168,09:30:00,$ 3627.75,5
2169,09:30:00,$ 3627.75,50
2170,09:30:00,$ 3627.75,1
2171,09:30:00,$ 3627.75,5
2172,09:30:00,$ 3627.75,3
2173,09:30:00,$ 3627.75,3
2174,09:30:00,$ 3627.75,2
2175,09:30:00,$ 3627.75,100
2176,09:30:00,$ 3627.75,114
2177,09:30:00,$ 3627.75,16
2178,09:30:00,$ 3627.75,3
2179,09:30:00,$ 3627.75,2
2180,09:30:00,$ 3627.75,1
2181,09:30:00,$ 3627.75,1
2182,09:30:00,$ 3627.75,20
2183,09:30:00,$ 3627.75,5
2185,09:30:00,$ 3627.75,10
2186,09:30:00,$ 3627.75,10
2187,09:30:00,$ 3627.75,92
2188,09:30:00,$ 3627.75,2
2189,09:30:00,$ 3627.75,4
2190,09:30:00,$ 3627.75,5
2191,09:30:00,$ 3627.75,3
2192,09:30:00,$ 3627.75,15
2193,09:30:00,$ 3627.75,10
2194,09:30:00,$ 3627.75,8
2195,09:30:00,$ 3627.75,7
2196,09:30:00,$ 3627.75,4
2197,09:30:00,$ 3627.75,1
2198,09:30:00,$ 3627.75,13
2199,09:30:00,$ 3627.75,3
2200,09:30:00,$ 3627.75,1
2201,09:30:00,$ 3627.75,1
2202,09:30:00,$ 3627.75,5
2203,09:30:00,$ 3627.75,2
2204,09:30:00,$ 3627.75,1
2206,09:30:00,$ 3627.75,3
2207,09:30:00,$ 3627.75,44
2208,09:30:00,$ 3627.75,132
2209,09:30:00,$ 3627.75,7
2210,09:30:00,$ 3627.75,35
2211,09:30:00,$ 3627.75,102
2212,09:30:00,$ 3627.75,7
2213,09:30:00,$ 3627.75,2
2214,09:30:00,$ 3627.75,30
2215,09:30:00,$ 3627.75,2
2216,09:30:00,$ 3627.75,6
2217,09:30:00,$ 3627.75,6
2218,09:30:00,$ 3627.75,12
2219,09:30:00,$ 3627.75,391
2220,09:30:00,$ 3627.75,700
2221,09:30:00,$ 3627.75,11
2222,09:30:00,$ 3627.75,15
2223,09:30:00,$ 3627.75,3
2224,09:30:00,$ 3627.75,250
2225,09:30:00,$ 3627.75,1
2227,09:30:00,$ 3627.75,14
2228,09:30:00,$ 3627.75,50
2229,09:30:00,$ 3627.75,6
2230,09:30:00,$ 3627.75,"1,262"
2231,09:30:00,$ 3627.75,3
2232,09:30:00,$ 3627.75,10
2233,09:30:00,$ 3627.75,20
2234,09:30:00,$ 3627.75,10
2235,09:30:00,$ 3627.75,20
2236,09:30:00,$ 3627.75,2
2237,09:30:00,$ 3627.75,7
2238,09:30:00,$ 3627.75,25
2239,09:30:00,$ 3627.75,5
2240,09:30:00,$ 3627.75,100
2241,09:30:00,$ 3627.75,6
2242,09:30:00,$ 3627.75,3
2243,09:30:00,$ 3627.75,150
2244,09:30:00,$ 3627.75,1
2245,09:30:00,$ 3627.75,21
2246,09:30:00,$ 3627.75,14
2248,09:30:00,$ 3627.75,1
2249,09:30:00,$ 3627.75,70
2250,09:30:00,$ 3627.75,4
2251,09:30:00,$ 3627.75,2
2252,09:30:00,$ 3627.75,2
2253,09:30:00,$ 3627.75,10
2254,09:30:00,$ 3627.75,2
2255,09:30:00,$ 3627.75,4
2256,09:30:00,$ 3627.75,2
2257,09:30:00,$ 3627.75,10
2258,09:30:00,$ 3627.75,19
2259,09:30:00,$ 3627.75,10
2260,09:30:00,$ 3627.75,59
2261,09:30:00,$ 3627.75,177
2262,09:30:00,$ 3627.75,142
2263,09:30:00,$ 3627.75,1
2264,09:30:00,$ 3627.75,200
2265,09:30:00,$ 3627.75,45
2266,09:30:00,$ 3627.75,355
2267,09:30:00,$ 3627.75,426
2269,09:30:00,$ 3627.75,10
2270,09:30:00,$ 3627.75,4
2271,09:30:00,$ 3627.75,175
2272,09:30:00,$ 3627.75,8
2273,09:30:00,$ 3627.75,1
2274,09:30:00,$ 3627.75,76
2275,09:30:00,$ 3627.75,1
2276,09:30:00,$ 3627.75,3
2277,09:30:00,$ 3627.75,2
2278,09:30:00,$ 3627.75,50
2279,09:30:00,$ 3627.75,3
2280,09:30:00,$ 3627.75,1
2281,09:30:00,$ 3627.75,2
2282,09:30:00,$ 3627.75,5
2283,09:30:00,$ 3627.75,3
2284,09:30:00,$ 3627.75,1
2285,09:30:00,$ 3627.75,5
2286,09:30:00,$ 3627.75,2
2287,09:30:00,$ 3627.75,1
2288,09:30:00,$ 3627.75,3
2290,09:30:00,$ 3627.75,1
2291,09:30:00,$ 3627.75,1
2292,09:30:00,$ 3627.75,1
2293,09:30:00,$ 3627.75,1
2294,09:30:00,$ 3627.75,1
2295,09:30:00,$ 3627.75,2
2296,09:30:00,$ 3627.75,2
2297,09:30:00,$ 3627.75,2
2298,09:30:00,$ 3627.75,2
2299,09:30:00,$ 3627.75,1
2300,09:30:00,$ 3627.75,1
2301,09:30:00,$ 3627.75,36
2302,09:30:00,$ 3627.75,39
2303,09:30:00,$ 3627.75,30
2304,09:30:00,$ 3627.75,100
2305,09:30:00,$ 3627.75,7
2306,09:30:00,$ 3627.75,216
2307,09:30:00,$ 3627.75,1
2308,09:30:00,$ 3627.75,1
2309,09:30:00,$ 3627.75,1
2311,09:30:00,$ 3627.75,3
2312,09:30:00,$ 3627.75,1
2313,09:30:00,$ 3627.75,3
2314,09:30:00,$ 3627.75,6
2315,09:30:00,$ 3627.75,2
2316,09:30:00,$ 3627.75,2
2317,09:30:00,$ 3627.75,16
2318,09:30:00,$ 3627.75,1
2319,09:30:00,$ 3627.75,13
2320,09:30:00,$ 3627.75,1
2321,09:30:00,$ 3627.75,3
2322,09:30:00,$ 3627.75,2
2323,09:30:00,$ 3627.75,2
2324,09:30:00,$ 3627.75,1
2325,09:30:00,$ 3627.75,2
2326,09:30:00,$ 3627.75,8
2327,09:30:00,$ 3627.75,1
2328,09:30:00,$ 3627.75,1
2329,09:30:00,$ 3627.75,1
2330,09:30:00,$ 3627.75,1
2332,09:30:00,$ 3627.75,1
2333,09:30:00,$ 3627.75,3
2334,09:30:00,$ 3627.75,1
2335,09:30:00,$ 3627.75,28
2336,09:30:00,$ 3627.75,3
2337,09:30:00,$ 3627.75,25
2338,09:30:00,$ 3627.75,1
2339,09:30:00,$ 3627.75,2
2340,09:30:00,$ 3627.75,16
2341,09:30:00,$ 3627.75,1
2342,09:30:00,$ 3627.75,1
2343,09:30:00,$ 3627.75,1
2344,09:30:00,$ 3627.75,1
2345,09:30:00,$ 3627.75,1
2346,09:30:00,$ 3627.75,1
2347,09:30:00,$ 3627.75,1
2348,09:30:00,$ 3627.75,1
2349,09:30:00,$ 3627.75,1
2350,09:30:00,$ 3627.75,10
2351,09:30:00,$ 3627.75,1
2353,09:30:00,$ 3627.75,2
2354,09:30:00,$ 3627.75,1
2355,09:30:00,$ 3627.75,1
2356,09:30:00,$ 3627.75,1
2357,09:30:00,$ 3627.75,1
2358,09:30:00,$ 3627.75,1
2359,09:30:00,$ 3627.75,8
2360,09:30:00,$ 3627.75,1
2361,09:30:00,$ 3627.75,2
2362,09:30:00,$ 3627.75,3
2363,09:30:00,$ 3627.75,1
2364,09:30:00,$ 3627.75,1
2365,09:30:00,$ 3627.75,1
2366,09:30:00,$ 3627.75,1
2367,09:30:00,$ 3627.75,6
2368,09:30:00,$ 3627.75,1
2369,09:30:00,$ 3627.75,13
2370,09:30:00,$ 3627.75,2
2371,09:30:00,$ 3627.75,1
2372,09:30:00,$ 3627.75,1
2374,09:30:00,$ 3627.75,4
2375,09:30:00,$ 3627.75,1
2376,09:30:00,$ 3627.75,532
2377,09:30:00,$ 3627.75,55
2378,09:30:00,$ 3627.75,41
2379,09:30:00,$ 3627.75,1
2380,09:30:00,$ 3627.75,2
2381,09:30:00,$ 3627.75,15
2382,09:30:00,$ 3627.75,20
2383,09:30:00,$ 3627.75,114
2384,09:30:00,$ 3627.75,190
2385,09:30:00,$ 3627.75,189
2386,09:30:00,$ 3627.75,1
2387,09:30:00,$ 3627.75,119
2388,09:30:00,$ 3627.75,3
2389,09:30:00,$ 3627.75,1
2390,09:30:00,$ 3627.75,2
2391,09:30:00,$ 3627.75,1
2392,09:30:00,$ 3627.75,2
2393,09:30:00,$ 3627.75,1
2395,09:30:00,$ 3627.75,1
2396,09:30:00,$ 3627.75,1
2397,09:30:00,$ 3627.75,14
2398,09:30:00,$ 3627.75,1
2399,09:30:00,$ 3627.75,1
2400,09:30:00,$ 3627.75,1
2401,09:30:00,$ 3627.75,1
2402,09:30:00,$ 3627.75,1
2403,09:30:00,$ 3627.75,1
2404,09:30:00,$ 3627.75,80
2405,09:30:00,$ 3627.75,5
2406,09:30:00,$ 3627.75,5
2407,09:30:00,$ 3627.75,10
2408,09:30:00,$ 3627.75,1
2409,09:30:00,$ 3627.75,23
2410,09:30:00,$ 3627.75,2
2411,09:30:00,$ 3627.75,18
2412,09:30:00,$ 3627.75,80
2413,09:30:00,$ 3627.75,3
2414,09:30:00,$ 3627.75,2
2416,09:30:00,$ 3627.75,6
2417,09:30:00,$ 3627.75,6
2418,09:30:00,$ 3627.75,1
2419,09:30:00,$ 3627.75,1
2420,09:30:00,$ 3627.75,2
2421,09:30:00,$ 3627.75,4
2422,09:30:00,$ 3627.75,2
2423,09:30:00,$ 3627.75,1
2424,09:30:00,$ 3627.75,24
2425,09:30:00,$ 3627.75,8
2426,09:30:00,$ 3627.75,46
2427,09:30:00,$ 3627.75,1
2428,09:30:00,$ 3627.75,6
2429,09:30:00,$ 3627.75,33
2430,09:30:00,$ 3627.75,15
2431,09:30:00,$ 3627.75,25
2432,09:30:00,$ 3627.75,243
2433,09:30:00,$ 3627.75,1
2434,09:30:00,$ 3627.75,1
2435,09:30:00,$ 3627.75,3
2437,09:30:00,$ 3627.75,30
2438,09:30:00,$ 3627.75,3
2439,09:30:00,$ 3627.75,5
2440,09:30:00,$ 3627.75,2
2441,09:30:00,$ 3627.75,2
2442,09:30:00,$ 3627.75,200
2443,09:30:00,$ 3627.75,150
2444,09:30:00,$ 3627.75,3
2445,09:30:00,$ 3627.75,7
2446,09:30:00,$ 3627.75,80
2447,09:30:00,$ 3627.75,20
2448,09:30:00,$ 3627.75,12
2449,09:30:00,$ 3627.75,1
2450,09:30:00,$ 3627.75,14
2451,09:30:00,$ 3627.75,3
2452,09:30:00,$ 3627.75,4
2453,09:30:00,$ 3627.75,10
2454,09:30:00,$ 3627.75,17
2455,09:30:00,$ 3627.75,2
2456,09:30:00,$ 3627.75,90
2458,09:30:00,$ 3627.75,4
2459,09:30:00,$ 3627.75,2
2460,09:30:00,$ 3627.75,3
2461,09:30:00,$ 3627.75,68
2462,09:30:00,$ 3627.75,1
2463,09:30:00,$ 3627.75,1
2464,09:30:00,$ 3627.75,10
2465,09:30:00,$ 3627.75,54
2466,09:30:00,$ 3627.75,34
2467,09:30:00,$ 3627.75,2
2468,09:30:00,$ 3627.75,18
2469,09:30:00,$ 3627.75,2
2470,09:30:00,$ 3627.75,3
2471,09:30:00,$ 3627.75,1
2472,09:30:00,$ 3627.75,5
2473,09:30:00,$ 3627.75,5
2474,09:30:00,$ 3627.75,189
2475,09:30:00,$ 3627.75,1
2476,09:30:00,$ 3627.75,13
2477,09:30:00,$ 3627.75,3
2479,09:30:00,$ 3627.75,200
2480,09:30:00,$ 3627.75,200
2481,09:30:00,$ 3627.75,200
2482,09:30:00,$ 3627.75,200
2483,09:30:00,$ 3627.75,200
2484,09:30:00,$ 3627.75,200
2485,09:30:00,$ 3627.75,108
2486,09:30:00,$ 3627.75,200
2487,09:30:00,$ 3627.75,200
2488,09:30:00,$ 3627.75,200
2489,09:30:00,$ 3627.75,80
2490,09:30:00,$ 3627.75,5
2491,09:30:00,$ 3627.75,20
2492,09:30:00,$ 3627.75,29
2493,09:30:00,$ 3627.75,1
2494,09:30:00,$ 3627.75,20
2495,09:30:00,$ 3627.75,2
2496,09:30:00,$ 3627.75,1
2497,09:30:00,$ 3627.75,1
2498,09:30:00,$ 3627.75,1
2500,09:30:00,$ 3627.75,1
2501,09:30:00,$ 3627.75,7
2502,09:30:00,$ 3627.75,1
2503,09:30:00,$ 3627.75,6
2504,09:30:00,$ 3627.75,3
2505,09:30:00,$ 3627.75,2
2506,09:30:00,$ 3627.75,1
2507,09:30:00,$ 3627.75,15
2508,09:30:00,$ 3627.75,320
2509,09:30:00,$ 3627.75,4
2510,09:30:00,$ 3627.75,1
2511,09:30:00,$ 3627.75,4
2512,09:30:00,$ 3627.75,20
2513,09:30:00,$ 3627.75,2
2514,09:30:00,$ 3627.75,5
2515,09:30:00,$ 3627.75,1
2516,09:30:00,$ 3627.75,10
2517,09:30:00,$ 3627.75,1
2518,09:30:00,$ 3627.75,1
2519,09:30:00,$ 3627.75,12
2521,09:30:00,$ 3627.75,3
2522,09:30:00,$ 3627.75,10
2523,09:30:00,$ 3627.75,20
2524,09:30:00,$ 3627.75,1
2525,09:30:00,$ 3627.75,13
2526,09:30:00,$ 3627.75,5
2527,09:30:00,$ 3627.75,3
2528,09:30:00,$ 3627.75,9
2529,09:30:00,$ 3627.75,16
2530,09:30:00,$ 3627.75,21
2531,09:30:00,$ 3627.75,3
2532,09:30:00,$ 3627.75,4
2533,09:30:00,$ 3627.75,77
2534,09:30:00,$ 3627.75,15
2535,09:30:00,$ 3627.75,10
2536,09:30:00,$ 3627.75,1
2537,09:30:00,$ 3627.75,5
2538,09:30:00,$ 3627.75,2
2539,09:30:00,$ 3627.75,1
2540,09:30:00,$ 3627.75,5
2542,09:30:00,$ 3627.75,1
2543,09:30:00,$ 3627.75,10
2544,09:30:00,$ 3627.75,2
2545,09:30:00,$ 3627.75,20
2546,09:30:00,$ 3627.75,13
2547,09:30:00,$ 3627.75,20
2548,09:30:00,$ 3627.75,4
2549,09:30:00,$ 3627.75,3
2550,09:30:00,$ 3627.75,10
2551,09:30:00,$ 3627.75,7
2552,09:30:00,$ 3627.75,10
2553,09:30:00,$ 3627.75,1
2554,09:30:00,$ 3627.75,1
2555,09:30:00,$ 3627.75,1
2556,09:30:00,$ 3627.75,1
2557,09:30:00,$ 3627.75,7
2558,09:30:00,$ 3627.75,4
2559,09:30:00,$ 3627.75,6
2560,09:30:00,$ 3627.75,100
2561,09:30:00,$ 3627.75,20
2563,09:30:00,$ 3627.75,20
2564,09:30:00,$ 3627.75,3
2565,09:30:00,$ 3627.75,1
2566,09:30:00,$ 3627.75,1
2567,09:30:00,$ 3627.75,50
2568,09:30:00,$ 3627.75,100
2569,09:30:00,$ 3627.75,2
2570,09:30:00,$ 3627.75,10
2571,09:30:00,$ 3627.75,1
2572,09:30:00,$ 3627.75,1
2573,09:30:00,$ 3627.75,5
2574,09:30:00,$ 3627.75,1
2575,09:30:00,$ 3627.75,25
2576,09:30:00,$ 3627.75,8
2577,09:30:00,$ 3627.75,1
2578,09:30:00,$ 3627.75,4
2579,09:30:00,$ 3627.75,3
2580,09:30:00,$ 3627.75,1
2581,09:30:00,$ 3627.75,3
2582,09:30:00,$ 3627.75,3
2584,09:30:00,$ 3627.75,2
2585,09:30:00,$ 3627.75,5
2586,09:30:00,$ 3627.75,2
2587,09:30:00,$ 3627.75,1
2588,09:30:00,$ 3627.75,3
2589,09:30:00,$ 3627.75,50
2590,09:30:00,$ 3627.75,370
2591,09:30:00,$ 3627.75,1
2592,09:30:00,$ 3627.75,2
2593,09:30:00,$ 3627.75,11
2594,09:30:00,$ 3627.75,3
2595,09:30:00,$ 3627.75,2
2596,09:30:00,$ 3627.75,3
2597,09:30:00,$ 3627.75,3
2598,09:30:00,$ 3627.75,3
2599,09:30:00,$ 3627.75,15
2600,09:30:00,$ 3627.75,1
2601,09:30:00,$ 3627.75,240
2602,09:30:00,$ 3627.75,1
2603,09:30:00,$ 3627.75,2
2605,09:30:00,$ 3627.75,50
2606,09:30:00,$ 3627.75,1
2607,09:30:00,$ 3627.75,2
2608,09:30:00,$ 3627.75,1
2609,09:30:00,$ 3627.75,1
2610,09:30:00,$ 3627.75,2
2611,09:30:00,$ 3627.75,5
2612,09:30:00,$ 3627.75,3
2613,09:30:00,$ 3627.75,10
2614,09:30:00,$ 3627.75,1
2615,09:30:00,$ 3627.75,1
2616,09:30:00,$ 3627.75,1
2617,09:30:00,$ 3627.75,19
2618,09:30:00,$ 3627.75,2
2619,09:30:00,$ 3627.75,1
2620,09:30:00,$ 3627.75,8
2621,09:30:00,$ 3627.75,1
2622,09:30:00,$ 3627.75,22
2623,09:30:00,$ 3627.75,3
2624,09:30:00,$ 3627.75,1
2626,09:30:00,$ 3627.75,164
2627,09:30:00,$ 3627.75,100
2628,09:30:00,$ 3627.75,1
2629,09:30:00,$ 3627.75,1
2630,09:30:00,$ 3627.75,1
2631,09:30:00,$ 3627.75,1
2632,09:30:00,$ 3627.75,10
2633,09:30:00,$ 3627.75,1
2634,09:30:00,$ 3627.75,1
2635,09:30:00,$ 3627.75,100
2636,09:30:00,$ 3627.75,178
2637,09:30:00,$ 3627.75,10
2638,09:30:00,$ 3627.75,63
2639,09:30:00,$ 3627.75,1
2640,09:30:00,$ 3627.75,371
2641,09:30:00,$ 3627.75,1
2642,09:30:00,$ 3627.75,1
2643,09:30:00,$ 3627.75,1
2644,09:30:00,$ 3627.75,20
2645,09:30:00,$ 3627.75,100
2647,09:30:00,$ 3627.75,500
2648,09:30:00,$ 3627.75,5
2649,09:30:00,$ 3627.75,2
2650,09:30:00,$ 3627.75,1
2651,09:30:00,$ 3627.75,1
2652,09:30:00,$ 3627.75,1
2653,09:30:00,$ 3627.75,554
2654,09:30:00,$ 3627.75,1
2655,09:30:00,$ 3627.75,3
2656,09:30:00,$ 3627.75,1
2657,09:30:00,$ 3627.75,1
2658,09:30:00,$ 3627.75,1
2659,09:30:00,$ 3627.75,1
2660,09:30:00,$ 3627.75,1
2661,09:30:00,$ 3627.75,1
2662,09:30:00,$ 3627.75,1
2663,09:30:00,$ 3627.75,1
2664,09:30:00,$ 3627.75,2
2665,09:30:00,$ 3627.75,1
2666,09:30:00,$ 3627.75,1
2668,09:30:00,$ 3627.75,1
2669,09:30:00,$ 3627.75,1
2670,09:30:00,$ 3627.75,557
2671,09:30:00,$ 3627.75,30
2672,09:30:00,$ 3627.75,10
2673,09:30:00,$ 3627.75,25
2674,09:30:00,$ 3627.75,5
2675,09:30:00,$ 3627.75,5
2676,09:30:00,$ 3627.75,10
2677,09:30:00,$ 3627.75,5
2678,09:30:00,$ 3627.75,1
2679,09:30:00,$ 3627.75,2
2680,09:30:00,$ 3627.75,2
2681,09:30:00,$ 3627.75,100
2682,09:30:00,$ 3627.75,1
2683,09:30:00,$ 3627.75,1
2684,09:30:00,$ 3627.75,1
2685,09:30:00,$ 3627.75,100
2686,09:30:00,$ 3627.75,462
2687,09:30:00,$ 3627.75,8
2689,09:30:00,$ 3627.75,1
2690,09:30:00,$ 3627.75,2
2691,09:30:00,$ 3627.75,2
2692,09:30:00,$ 3627.75,2
2693,09:30:00,$ 3627.75,1
2694,09:30:00,$ 3627.75,3
2695,09:30:00,$ 3627.75,5
2696,09:30:00,$ 3627.75,2
2697,09:30:00,$ 3627.75,1
2698,09:30:00,$ 3627.75,2
2699,09:30:00,$ 3627.75,17
2700,09:30:00,$ 3627.75,1
2701,09:30:00,$ 3627.75,17
2702,09:30:00,$ 3627.75,2
2703,09:30:00,$ 3627.75,3
2704,09:30:00,$ 3627.75,10
2705,09:30:00,$ 3627.75,1
2706,09:30:00,$ 3627.75,12
2707,09:30:00,$ 3627.75,3
2708,09:30:00,$ 3627.75,1
2710,09:30:00,$ 3627.75,3
2711,09:30:00,$ 3627.75,1
2712,09:30:00,$ 3627.75,1
2713,09:30:00,$ 3627.75,13
2714,09:30:00,$ 3627.75,20
2715,09:30:00,$ 3627.75,1
2716,09:30:00,$ 3627.75,6
2717,09:30:00,$ 3627.75,1
2718,09:30:00,$ 3627.75,1
2719,09:30:00,$ 3627.75,1
2720,09:30:00,$ 3627.75,5
2721,09:30:00,$ 3627.75,2
2722,09:30:00,$ 3627.75,7
2723,09:30:00,$ 3627.75,1
2724,09:30:00,$ 3627.75,1
2725,09:30:00,$ 3627.75,1
2726,09:30:00,$ 3627.75,1
2727,09:30:00,$ 3627.75,2
2728,09:30:00,$ 3627.75,3
2729,09:30:00,$ 3627.75,3
2731,09:30:00,$ 3627.75,5
2732,09:30:00,$ 3627.75,1
2733,09:30:00,$ 3627.75,1
2734,09:30:00,$ 3627.75,10
2735,09:30:00,$ 3627.75,10
2736,09:30:00,$ 3627.75,66
2737,09:30:00,$ 3627.75,2
2738,09:30:00,$ 3627.75,1
2739,09:30:00,$ 3627.75,1
2740,09:30:00,$ 3627.75,3
2741,09:30:00,$ 3627.75,6
2742,09:30:00,$ 3627.75,1
2743,09:30:00,$ 3627.75,5
2744,09:30:00,$ 3627.75,1
2745,09:30:00,$ 3627.75,1
2746,09:30:00,$ 3627.75,1
2747,09:30:00,$ 3627.75,20
2748,09:30:00,$ 3627.75,12
2749,09:30:00,$ 3627.75,3
2750,09:30:00,$ 3627.75,1
2752,09:30:00,$ 3627.75,5
2753,09:30:00,$ 3627.75,7
2754,09:30:00,$ 3627.75,300
2755,09:30:00,$ 3627.75,10
2756,09:30:00,$ 3627.75,15
2757,09:30:00,$ 3627.75,1
2758,09:30:00,$ 3627.75,1
2759,09:30:00,$ 3627.75,2
2760,09:30:00,$ 3627.75,2
2761,09:30:00,$ 3627.75,20
2762,09:30:00,$ 3627.75,1
2763,09:30:00,$ 3627.75,2
2764,09:30:00,$ 3627.75,6
2765,09:30:00,$ 3627.75,28
2766,09:30:00,$ 3627.75,3
2767,09:30:00,$ 3627.75,4
2768,09:30:00,$ 3627.75,2
2769,09:30:00,$ 3627.75,3
2770,09:30:00,$ 3627.75,10
2771,09:30:00,$ 3627.75,2
2773,09:30:00,$ 3627.75,1
2774,09:30:00,$ 3627.75,1
2775,09:30:00,$ 3627.75,1
2776,09:30:00,$ 3627.75,1
2777,09:30:00,$ 3627.75,1
2778,09:30:00,$ 3627.75,1
2779,09:30:00,$ 3627.75,3
2780,09:30:00,$ 3627.75,2
2781,09:30:00,$ 3627.75,1
2782,09:30:00,$ 3627.75,35
2783,09:30:00,$ 3627.75,1
2784,09:30:00,$ 3627.75,10
2785,09:30:00,$ 3627.75,4
2786,09:30:00,$ 3627.75,1
2787,09:30:00,$ 3627.75,12
2788,09:30:00,$ 3627.75,1
2789,09:30:00,$ 3627.75,1
2790,09:30:00,$ 3627.75,1
2791,09:30:00,$ 3627.75,3
2792,09:30:00,$ 3627.75,3
2794,09:30:00,$ 3627.75,1
2795,09:30:00,$ 3627.75,2
2796,09:30:00,$ 3627.75,10
2797,09:30:00,$ 3627.75,1
2798,09:30:00,$ 3627.75,25
2799,09:30:00,$ 3627.75,15
2800,09:30:00,$ 3627.75,1
2801,09:30:00,$ 3627.75,2
2802,09:30:00,$ 3627.75,3
2803,09:30:00,$ 3627.75,2
2804,09:30:00,$ 3627.75,1
2805,09:30:00,$ 3627.75,5
2806,09:30:00,$ 3627.75,10
2807,09:30:00,$ 3627.75,2
2808,09:30:00,$ 3627.75,8
2809,09:30:00,$ 3627.75,4
2810,09:30:00,$ 3627.75,38
2811,09:30:00,$ 3627.75,5
2812,09:30:00,$ 3627.75,4
2813,09:30:00,$ 3627.75,1
2815,09:30:00,$ 3627.75,5
2816,09:30:00,$ 3627.75,3
2817,09:30:00,$ 3627.75,3
2818,09:30:00,$ 3627.75,3
2819,09:30:00,$ 3627.75,7
2820,09:30:00,$ 3627.75,20
2821,09:30:00,$ 3627.75,1
2822,09:30:00,$ 3627.75,2
2823,09:30:00,$ 3627.75,50
2824,09:30:00,$ 3627.75,10
2825,09:30:00,$ 3627.75,3
2826,09:30:00,$ 3627.75,29
2827,09:30:00,$ 3627.75,192
2828,09:30:00,$ 3627.75,1
2829,09:30:00,$ 3627.75,2
2830,09:30:00,$ 3627.75,1
2831,09:30:00,$ 3627.75,1
2832,09:30:00,$ 3627.75,1
2833,09:30:00,$ 3627.75,3
2834,09:30:00,$ 3627.75,1
2836,09:30:00,$ 3627.75,2
2837,09:30:00,$ 3627.75,2
2838,09:30:00,$ 3627.75,132
2839,09:30:00,$ 3627.75,155
2840,09:30:00,$ 3627.75,1
2841,09:30:00,$ 3627.75,3
2842,09:30:00,$ 3627.75,1
2843,09:30:00,$ 3627.75,2
2844,09:30:00,$ 3627.75,1
2845,09:30:00,$ 3627.75,1
2846,09:30:00,$ 3627.75,2
2847,09:30:00,$ 3627.75,1
2848,09:30:00,$ 3627.75,1
2849,09:30:00,$ 3627.75,1
2850,09:30:00,$ 3627.75,1
2851,09:30:00,$ 3627.75,5
2852,09:30:00,$ 3627.75,1
2853,09:30:00,$ 3627.75,14
2854,09:30:00,$ 3627.75,464
2855,09:30:00,$ 3627.75,7
2857,09:30:00,$ 3627.75,1
2858,09:30:00,$ 3627.75,66
2859,09:30:00,$ 3627.75,50
2860,09:30:00,$ 3627.75,5
2861,09:30:00,$ 3627.75,10
2862,09:30:00,$ 3627.75,1
2863,09:30:00,$ 3627.75,5
2864,09:30:00,$ 3627.75,10
2865,09:30:00,$ 3627.75,2
2866,09:30:00,$ 3627.75,3
2867,09:30:00,$ 3627.75,130
2868,09:30:00,$ 3627.75,5
2869,09:30:00,$ 3627.75,1
2870,09:30:00,$ 3627.75,1
2871,09:30:00,$ 3627.75,3
2872,09:30:00,$ 3627.75,1
2873,09:30:00,$ 3627.75,1
2874,09:30:00,$ 3627.75,2
2875,09:30:00,$ 3627.75,2
2876,09:30:00,$ 3627.75,1
2878,09:30:00,$ 3627.75,10
2879,09:30:00,$ 3627.75,5
2880,09:30:00,$ 3627.75,1
2881,09:30:00,$ 3627.75,5
2882,09:30:00,$ 3627.75,5
2883,09:30:00,$ 3627.75,1
2884,09:30:00,$ 3627.75,1
2885,09:30:00,$ 3627.75,2
2886,09:30:00,$ 3627.75,2
2887,09:30:00,$ 3627.75,1
2888,09:30:00,$ 3627.75,1
2889,09:30:00,$ 3627.75,17
2890,09:30:00,$ 3627.75,1
2891,09:30:00,$ 3627.75,2
2892,09:30:00,$ 3627.75,1
2893,09:30:00,$ 3627.75,5
2894,09:30:00,$ 3627.75,20
2895,09:30:00,$ 3627.75,30
2896,09:30:00,$ 3627.75,1
2897,09:30:00,$ 3627.75,2
2899,09:30:00,$ 3627.75,15
2900,09:30:00,$ 3627.75,15
2901,09:30:00,$ 3627.75,1
2902,09:30:00,$ 3627.75,12
2903,09:30:00,$ 3627.75,400
2904,09:30:00,$ 3627.75,1
2905,09:30:00,$ 3630.00,108
2907,10:29:44,$ 3622.49,100
2908,10:29:44,$ 3622.47,100
2909,10:29:34,$ 3621.105,100
2910,10:29:27,$ 3622.16,100
2911,10:29:23,$ 3622.17,100
2912,10:29:22,$ 3622.65,200
2913,10:29:17,$ 3623.45,100
2914,10:29:17,$ 3623.35,100
2915,10:29:17,$ 3623.25,100
2916,10:29:15,$ 3624.08,100
2917,10:29:12,$ 3624.11,168
2918,10:29:09,$ 3624.12,137
2919,10:29:06,$ 3624.23,100
2920,10:29:06,$ 3624.12,110
2921,10:28:51,$ 3624.34,100
2922,10:28:51,$ 3624.46,100
2923,10:28:51,$ 3624.46,100
2924,10:28:40,$ 3623.64,100
2925,10:28:26,$ 3623.57,100
2926,10:27:51,$ 3623.35,100
2928,10:27:43,$ 3623.78,100
2929,10:27:19,$ 3623.68,100
2930,10:27:19,$ 3623.30,100
2931,10:27:04,$ 3623.58,100
2932,10:26:55,$ 3625.34,100
2933,10:26:55,$ 3625.33,200
2934,10:26:55,$ 3625.12,100
2935,10:26:55,$ 3625.02,100
2936,10:26:55,$ 3625.01,100
2937,10:26:55,$ 3625.01,100
2938,10:26:55,$ 3625.00,143
2939,10:26:49,$ 3624.29,100
2940,10:26:41,$ 3624.58,100
2941,10:26:40,$ 3624.56,100
2942,10:26:39,$ 3625.44,100
2943,10:26:32,$ 3624.28,100
2944,10:26:31,$ 3625.00,573
2945,10:26:31,$ 3624.99,100
2946,10:26:31,$ 3624.73,100
2947,10:26:31,$ 3624.73,100
2949,10:26:31,$ 3624.73,100
2950,10:26:31,$ 3624.579,200
2951,10:26:27,$ 3624.70,100
2952,10:26:27,$ 3624.70,100
2953,10:26:27,$ 3624.72,100
2954,10:26:27,$ 3624.70,100
2955,10:26:27,$ 3624.58,100
2956,10:26:10,$ 3622.94,100
2957,10:25:57,$ 3621.2201,100
2958,10:25:31,$ 3622.98,500
2959,10:24:56,$ 3620.51,100
2960,10:24:51,$ 3621.475,100
2961,10:24:46,$ 3622.56,127
2962,10:24:43,$ 3622.02,137
2963,10:24:33,$ 3622.49,100
2964,10:24:23,$ 3621.85,100
2965,10:24:23,$ 3621.24,100
2966,10:24:23,$ 3621.24,100
2967,10:24:22,$ 3621.355,100
2968,10:23:56,$ 3620.46,100
2970,10:23:56,$ 3620.16,138
2971,10:23:56,$ 3620.18,100
2972,10:23:45,$ 3619.78,100
2973,10:23:38,$ 3618.95,"1,250"
2974,10:23:38,$ 3618.12,100
2975,10:23:38,$ 3618.04,100
2976,10:23:38,$ 3618.40,100
2977,10:23:26,$ 3618.03,100
2978,10:23:01,$ 3619.9384,140
2979,10:22:52,$ 3620.2099,100
2980,10:22:50,$ 3617.725,100
2981,10:22:41,$ 3619.425,"1,250"
2982,10:22:40,$ 3618.6704,276
2983,10:22:40,$ 3618.78,100
2984,10:22:40,$ 3619.47,195
2985,10:22:40,$ 3619.51,200
2986,10:22:40,$ 3619.15,178
2987,10:22:40,$ 3619.55,178
2988,10:22:40,$ 3619.07,195
2989,10:22:40,$ 3619.51,100
2991,10:22:40,$ 3619.72,112
2992,10:22:36,$ 3620.745,100
2993,10:22:11,$ 3622.16,100
2994,10:22:11,$ 3622.16,100
2995,10:22:03,$ 3621.73,200
2996,10:21:51,$ 3620.59,100
2997,10:21:48,$ 3622.10,100
2998,10:21:48,$ 3622.03,100
2999,10:21:48,$ 3622.01,100
3000,10:21:48,$ 3622.00,100
3001,10:21:26,$ 3623.88,100
3002,10:21:26,$ 3623.53,200
3003,10:21:26,$ 3623.48,100
3004,10:21:24,$ 3622.89,100
3005,10:21:14,$ 3622.50,100
3006,10:21:13,$ 3623.52,100
3007,10:21:13,$ 3623.985,100
3008,10:21:05,$ 3624.14,100
3009,10:21:04,$ 3624.25,100
3010,10:21:01,$ 3623.89,100
3012,10:21:01,$ 3623.866,137
3013,10:20:53,$ 3622.495,100
3014,10:20:47,$ 3622.505,150
3015,10:20:42,$ 3621.695,200
3016,10:20:24,$ 3621.665,100
3017,10:20:24,$ 3621.8125,100
3018,10:20:21,$ 3620.98,100
3019,10:20:15,$ 3620.23,100
3020,10:20:15,$ 3619.50,100
3021,10:20:10,$ 3619.605,100
3022,10:20:07,$ 3619.46,100
3023,10:20:07,$ 3619.46,100
3024,10:20:04,$ 3619.46,100
3025,10:20:04,$ 3619.46,100
3026,10:20:04,$ 3618.03,100
3027,10:20:04,$ 3619.46,100
3028,10:20:04,$ 3619.23,100
3029,10:20:04,$ 3619.23,100
3030,10:20:02,$ 3618.985,100
3031,10:19:55,$ 3618.99,200
3033,10:19:55,$ 3618.99,116
3034,10:19:55,$ 3618.99,100
3035,10:19:55,$ 3618.02,200
3036,10:19:55,$ 3618.63,100
3037,10:19:55,$ 3618.32,100
3038,10:19:55,$ 3618.21,100
3039,10:19:48,$ 3619.595,150
3040,10:19:45,$ 3620.96,100
3041,10:19:45,$ 3620.979,185
3042,10:19:45,$ 3619.93,100
3043,10:19:41,$ 3618.99,146
3044,10:19:40,$ 3619.61,100
3045,10:19:39,$ 3619.085,100
3046,10:19:37,$ 3618.89,100
3047,10:19:25,$ 3619.09,100
3048,10:19:25,$ 3618.55,100
3049,10:19:24,$ 3619.04,160
3050,10:19:24,$ 3618.78,200
3051,10:19:24,$ 3618.83,100
3052,10:19:24,$ 3619.96,100
3054,10:19:21,$ 3618.49,300
3055,10:19:20,$ 3618.49,150
3056,10:19:17,$ 3618.15,100
3057,10:19:17,$ 3618.18,200
3058,10:19:12,$ 3618.435,101
3059,10:19:11,$ 3618.43,150
3060,10:19:09,$ 3617.01,100
3061,10:19:06,$ 3618.78,100
3062,10:19:06,$ 3617.235,100
3063,10:19:06,$ 3618.12,116
3064,10:19:06,$ 3617.89,100
3065,10:19:06,$ 3617.84,100
3066,10:19:06,$ 3617.01,199
3067,10:19:06,$ 3617.02,100
3068,10:19:06,$ 3617.02,100
3069,10:19:06,$ 3617.00,100
3070,10:19:06,$ 3617.00,100
3071,10:19:06,$ 3616.99,100
3072,10:19:06,$ 3616.99,100
3073,10:19:06,$ 3616.99,100
3075,10:18:59,$ 3616.7799,100
3076,10:18:57,$ 3616.05,100
3077,10:18:57,$ 3616.23,100
3078,10:18:57,$ 3616.22,116
3079,10:18:53,$ 3615.18,100
3080,10:18:52,$ 3614.01,100
3081,10:18:51,$ 3613.96,100
3082,10:18:51,$ 3613.96,100
3083,10:18:51,$ 3613.98,100
3084,10:18:51,$ 3614.00,100
3085,10:18:51,$ 3614.00,100
3086,10:18:45,$ 3613.88,100
3087,10:18:45,$ 3613.99,100
3088,10:18:40,$ 3613.59,200
3089,10:18:40,$ 3613.65,200
3090,10:18:39,$ 3613.52,100
3091,10:18:39,$ 3613.50,500
3092,10:18:18,$ 3613.145,150
3093,10:18:12,$ 3612.61,100
3094,10:18:12,$ 3612.81,100
3096,10:18:11,$ 3612.58,100
3097,10:18:08,$ 3611.4503,149
3098,10:18:04,$ 3611.51,199
3099,10:18:04,$ 3611.59,100
3100,10:18:03,$ 3612.51,100
3101,10:17:59,$ 3612.49,100
3102,10:17:59,$ 3612.005,100
3103,10:17:59,$ 3612.4999,100
3104,10:17:59,$ 3612.4999,100
3105,10:17:59,$ 3612.4999,100
3106,10:17:59,$ 3612.38,100
3107,10:17:59,$ 3612.155,200
3108,10:17:55,$ 3611.565,100
3109,10:17:49,$ 3611.275,100
3110,10:17:44,$ 3611.275,114
3111,10:17:18,$ 3612.2199,200
3112,10:17:00,$ 3610.00,100
3113,10:16:58,$ 3610.60,100
3114,10:16:58,$ 3610.78,102
3115,10:16:45,$ 3612.19,100
3117,10:16:43,$ 3612.05,100
3118,10:16:43,$ 3612.05,200
3119,10:16:43,$ 3612.27,400
3120,10:16:43,$ 3612.28,100
3121,10:16:43,$ 3612.03,100
3122,10:16:43,$ 3612.26,100
3123,10:16:43,$ 3612.04,105
3124,10:16:43,$ 3612.125,100
3125,10:16:43,$ 3611.41,100
3126,10:16:37,$ 3610.16,100
3127,10:16:33,$ 3610.805,100
3128,10:16:33,$ 3611.116,161
3129,10:16:33,$ 3610.43,100
3130,10:16:33,$ 3610.419,200
3131,10:16:32,$ 3610.04,100
3132,10:16:28,$ 3611.576,100
3133,10:16:10,$ 3610.03,100
3134,10:15:58,$ 3610.65,100
3135,10:15:54,$ 3609.22,100
3136,10:15:54,$ 3609.01,100
3138,10:15:52,$ 3609.89,500
3139,10:15:37,$ 3610.65,100
3140,10:15:37,$ 3609.75,100
3141,10:15:37,$ 3609.74,100
3142,10:15:02,$ 3608.96,660
3143,10:14:56,$ 3608.50,100
3144,10:14:37,$ 3610.16,100
3145,10:14:37,$ 3610.99,100
3146,10:14:24,$ 3609.20,100
3147,10:14:23,$ 3609.75,100
3148,10:14:22,$ 3610.60,108
3149,10:14:22,$ 3610.60,338
3150,10:14:22,$ 3610.60,100
3151,10:14:22,$ 3610.60,137
3152,10:14:20,$ 3610.58,115
3153,10:14:18,$ 3610.56,100
3154,10:14:16,$ 3609.31,100
3155,10:14:15,$ 3609.4694,200
3156,10:13:57,$ 3609.34,100
3157,10:13:56,$ 3609.2101,800
3159,10:13:51,$ 3610.25,100
3160,10:13:49,$ 3609.14,100
3161,10:13:48,$ 3609.2667,150
3162,10:13:45,$ 3609.11,101
3163,10:13:45,$ 3609.49,100
3164,10:13:40,$ 3610.12,100
3165,10:13:36,$ 3609.11,100
3166,10:13:33,$ 3609.715,100
3167,10:13:22,$ 3610.05,100
3168,10:13:14,$ 3610.82,100
3169,10:13:12,$ 3610.59,100
3170,10:13:10,$ 3610.10,100
3171,10:13:09,$ 3609.81,198
3172,10:12:54,$ 3611.00,100
3173,10:12:53,$ 3611.06,100
3174,10:12:50,$ 3610.00,100
3175,10:12:50,$ 3610.00,100
3176,10:12:50,$ 3610.00,200
3177,10:12:50,$ 3610.44,100
3178,10:12:45,$ 3611.62,100
3180,10:12:18,$ 3611.9099,100
3181,10:11:54,$ 3610.60,225
3182,10:11:54,$ 3610.70,133
3183,10:11:53,$ 3611.10,248
3184,10:11:41,$ 3611.12,100
3185,10:11:41,$ 3611.10,100
3186,10:11:40,$ 3611.625,100
3187,10:11:31,$ 3611.52,100
3188,10:11:26,$ 3612.01,100
3189,10:11:07,$ 3612.445,100
3190,10:10:55,$ 3613.48,100
3191,10:10:54,$ 3613.17,100
3192,10:10:51,$ 3613.27,100
3193,10:10:51,$ 3613.28,100
3194,10:10:51,$ 3613.44,100
3195,10:10:32,$ 3612.42,100
3196,10:10:31,$ 3612.1601,200
3197,10:10:26,$ 3613.095,100
3198,10:10:24,$ 3612.24,100
3199,10:10:15,$ 3611.22,100
3201,10:10:05,$ 3612.14,100
3202,10:09:57,$ 3613.8304,200
3203,10:09:55,$ 3612.55,100
3204,10:09:54,$ 3613.00,100
3205,10:09:54,$ 3613.01,100
3206,10:09:54,$ 3613.97,100
3207,10:09:54,$ 3613.22,100
3208,10:09:52,$ 3614.09,100
3209,10:09:30,$ 3615.00,100
3210,10:09:22,$ 3615.00,408
3211,10:08:59,$ 3616.40,100
3212,10:08:59,$ 3616.41,100
3213,10:08:47,$ 3615.27,110
3214,10:08:42,$ 3615.21,107
3215,10:08:39,$ 3614.73,100
3216,10:08:31,$ 3613.99,120
3217,10:08:31,$ 3613.99,100
3218,10:08:16,$ 3614.9834,103
3219,10:08:14,$ 3615.52,100
3220,10:08:11,$ 3613.22,110
3222,10:08:10,$ 3616.00,"1,800"
3223,10:08:10,$ 3616.00,200
3224,10:08:10,$ 3615.2541,100
3225,10:08:03,$ 3615.4901,100
3226,10:07:47,$ 3616.54,100
3227,10:07:45,$ 3616.165,100
3228,10:07:45,$ 3616.854,100
3229,10:07:39,$ 3613.48,100
3230,10:07:36,$ 3614.355,100
3231,10:07:35,$ 3615.185,100
3232,10:07:33,$ 3613.35,100
3233,10:07:30,$ 3614.28,150
3234,10:07:28,$ 3614.80,200
3235,10:07:15,$ 3612.475,100
3236,10:07:06,$ 3613.63,155
3237,10:07:06,$ 3613.58,100
3238,10:07:06,$ 3613.56,100
3239,10:07:01,$ 3612.26,524
3240,10:07:00,$ 3614.11,100
3241,10:06:58,$ 3614.63,200
3243,10:06:58,$ 3614.11,100
3244,10:06:57,$ 3614.03,100
3245,10:06:57,$ 3614.65,350
3246,10:06:56,$ 3614.655,100
3247,10:06:55,$ 3614.655,300
3248,10:06:55,$ 3614.655,100
3249,10:06:55,$ 3614.655,100
3250,10:06:37,$ 3614.07,200
3251,10:06:37,$ 3614.04,100
3252,10:06:37,$ 3614.68,450
3253,10:06:37,$ 3614.68,100
3254,10:06:36,$ 3615.00,200
3255,10:06:32,$ 3615.33,200
3256,10:06:26,$ 3614.895,600
3257,10:06:26,$ 3614.895,200
3258,10:06:23,$ 3614.685,110
3259,10:06:20,$ 3615.58,400
3260,10:06:20,$ 3615.58,200
3261,10:06:16,$ 3614.00,100
3262,10:05:50,$ 3613.6484,150
3264,10:05:47,$ 3613.58,100
3265,10:05:33,$ 3614.48,100
3266,10:05:33,$ 3614.48,100
3267,10:05:30,$ 3614.06,100
3268,10:05:26,$ 3612.545,100
3269,10:05:26,$ 3613.59,100
3270,10:05:17,$ 3612.35,150
3271,10:05:16,$ 3611.41,100
3272,10:05:15,$ 3612.00,100
3273,10:05:15,$ 3612.00,110
3274,10:05:14,$ 3612.52,100
3275,10:05:14,$ 3612.50,100
3276,10:05:13,$ 3612.64,100
3277,10:05:02,$ 3613.485,100
3278,10:05:02,$ 3613.99,100
3279,10:04:55,$ 3612.665,100
3280,10:04:53,$ 3614.3755,276
3281,10:04:49,$ 3613.62,100
3282,10:04:47,$ 3614.185,100
3283,10:04:43,$ 3613.50,100
3285,10:04:43,$ 3613.52,100
3286,10:04:43,$ 3613.92,100
3287,10:04:43,$ 3613.92,177
3288,10:04:42,$ 3612.94,144
3289,10:04:33,$ 3611.10,100
3290,10:04:30,$ 3611.46,100
3291,10:04:26,$ 3612.00,150
3292,10:04:26,$ 3611.48,100
3293,10:04:26,$ 3612.235,100
3294,10:04:26,$ 3612.01,100
3295,10:04:26,$ 3612.475,100
3296,10:04:23,$ 3612.88,100
3297,10:04:23,$ 3612.88,100
3298,10:04:20,$ 3611.33,100
3299,10:04:20,$ 3612.07,100
3300,10:04:20,$ 3612.11,100
3301,10:04:20,$ 3612.16,100
3302,10:04:20,$ 3612.17,834
3303,10:04:20,$ 3612.17,166
3304,10:04:18,$ 3612.00,100
3306,10:04:18,$ 3611.42,100
3307,10:04:18,$ 3611.3301,100
3308,10:04:15,$ 3612.00,100
3309,10:04:13,$ 3612.00,100
3310,10:04:10,$ 3612.18,100
3311,10:04:10,$ 3612.18,100
3312,10:04:09,$ 3612.19,100
3313,10:04:08,$ 3613.0753,174
3314,10:04:07,$ 3612.00,100
3315,10:04:07,$ 3612.55,100
3316,10:04:07,$ 3612.00,100
3317,10:03:59,$ 3613.00,100
3318,10:03:58,$ 3613.45,100
3319,10:03:52,$ 3614.0135,130
3320,10:03:45,$ 3614.295,100
3321,10:03:44,$ 3614.07,100
3322,10:03:38,$ 3612.42,142
3323,10:03:37,$ 3613.3275,100
3324,10:03:26,$ 3613.73,100
3325,10:03:26,$ 3613.7099,400
3327,10:03:07,$ 3614.2578,137
3328,10:03:07,$ 3612.43,100
3329,10:03:05,$ 3612.00,100
3330,10:03:05,$ 3611.865,100
3331,10:03:04,$ 3612.9873,130
3332,10:02:55,$ 3613.40,100
3333,10:02:46,$ 3613.345,100
3334,10:02:40,$ 3612.88,200
3335,10:02:39,$ 3612.58,100
3336,10:02:27,$ 3611.70,100
3337,10:02:25,$ 3612.08,100
3338,10:02:25,$ 3613.11,100
3339,10:02:25,$ 3613.00,100
3340,10:02:25,$ 3615.26,100
3341,10:02:24,$ 3613.03,100
3342,10:02:24,$ 3613.05,100
3343,10:02:23,$ 3616.00,100
3344,10:02:23,$ 3616.00,100
3345,10:02:22,$ 3616.03,100
3346,10:02:22,$ 3616.01,100
3348,10:02:22,$ 3616.28,100
3349,10:02:18,$ 3617.38,100
3350,10:02:18,$ 3617.23,100
3351,10:02:18,$ 3617.23,100
3352,10:02:18,$ 3617.23,100
3353,10:02:12,$ 3616.515,100
3354,10:02:05,$ 3615.85,100
3355,10:02:05,$ 3615.91,100
3356,10:02:05,$ 3616.38,100
3357,10:02:03,$ 3615.51,100
3358,10:02:01,$ 3614.70,100
3359,10:02:00,$ 3614.76,100
3360,10:01:59,$ 3614.59,100
3361,10:01:59,$ 3614.845,100
3362,10:01:59,$ 3614.845,100
3363,10:01:59,$ 3614.845,100
3364,10:01:57,$ 3614.72,100
3365,10:01:57,$ 3614.88,100
3366,10:01:57,$ 3615.16,100
3367,10:01:53,$ 3613.76,100
3369,10:01:53,$ 3613.555,200
3370,10:01:53,$ 3614.42,126
3371,10:01:51,$ 3613.17,100
3372,10:01:49,$ 3614.01,100
3373,10:01:49,$ 3614.01,100
3374,10:01:49,$ 3614.01,100
3375,10:01:49,$ 3614.00,125
3376,10:01:45,$ 3614.26,100
3377,10:01:45,$ 3615.20,100
3378,10:01:45,$ 3615.51,175
3379,10:01:40,$ 3614.565,100
3380,10:01:35,$ 3615.57,100
3381,10:01:34,$ 3615.105,100
3382,10:01:34,$ 3615.21,100
3383,10:01:34,$ 3615.21,100
3384,10:01:34,$ 3615.105,100
3385,10:01:31,$ 3615.92,100
3386,10:01:28,$ 3616.235,100
3387,10:01:26,$ 3615.12,100
3388,10:01:22,$ 3616.86,100
3390,10:01:12,$ 3617.67,100
3391,10:01:12,$ 3617.80,200
3392,10:01:12,$ 3617.68,100
3393,10:01:12,$ 3618.03,100
3394,10:01:12,$ 3617.64,100
3395,10:01:10,$ 3619.6499,100
3396,10:01:04,$ 3618.175,200
3397,10:01:01,$ 3615.9313,276
3398,10:01:01,$ 3616.29,100
3399,10:01:01,$ 3616.885,100
3400,10:00:58,$ 3616.33,100
3401,10:00:58,$ 3616.33,100
3402,10:00:58,$ 3616.00,103
3403,10:00:56,$ 3616.0001,100
3404,10:00:46,$ 3618.00,100
3405,10:00:36,$ 3618.87,100
3406,10:00:18,$ 3622.50,268
3407,10:00:12,$ 3620.70,100
3408,10:00:12,$ 3620.68,100
3409,10:00:03,$ 3621.97,100
3411,10:00:03,$ 3621.99,100
3412,10:00:03,$ 3621.99,100
3414,10:59:55,$ 3617.2178,104
3415,10:59:48,$ 3618.00,100
3416,10:59:43,$ 3619.30,100
3417,10:59:43,$ 3619.13,187
3418,10:59:43,$ 3618.96,200
3419,10:59:31,$ 3619.04,100
3420,10:59:31,$ 3618.165,100
3421,10:59:16,$ 3617.87,100
3422,10:59:16,$ 3617.67,100
3423,10:59:16,$ 3617.67,100
3424,10:59:11,$ 3616.835,100
3425,10:59:08,$ 3616.835,150
3426,10:58:50,$ 3617.32,100
3427,10:58:40,$ 3616.50,100
3428,10:58:36,$ 3617.60,100
3429,10:58:33,$ 3616.08,872
3430,10:58:33,$ 3615.78,100
3431,10:58:33,$ 3615.92,100
3432,10:58:33,$ 3615.75,100
3433,10:58:29,$ 3615.62,100
3435,10:58:22,$ 3616.36,200
3436,10:58:22,$ 3615.855,100
3437,10:58:07,$ 3616.14,100
3438,10:58:03,$ 3617.10,100
3439,10:58:03,$ 3617.09,100
3440,10:58:03,$ 3615.60,100
3441,10:58:03,$ 3616.62,"1,250"
3442,10:58:02,$ 3615.9234,946
3443,10:58:02,$ 3615.9234,110
3444,10:58:02,$ 3615.9234,194
3445,10:57:47,$ 3615.35,100
3446,10:57:47,$ 3617.42,149
3447,10:57:20,$ 3617.50,100
3448,10:57:00,$ 3620.57,100
3449,10:57:00,$ 3621.47,100
3450,10:57:00,$ 3621.46,100
3451,10:57:00,$ 3620.92,200
3452,10:57:00,$ 3621.45,100
3453,10:57:00,$ 3620.83,100
3454,10:57:00,$ 3620.91,200
3456,10:57:00,$ 3621.48,100
3457,10:57:00,$ 3621.45,100
3458,10:57:00,$ 3621.45,100
3459,10:56:26,$ 3618.00,100
3460,10:56:24,$ 3619.29,100
3461,10:56:18,$ 3620.00,100
3462,10:56:18,$ 3620.36,100
3463,10:56:01,$ 3620.96,100
3464,10:56:00,$ 3620.655,100
3465,10:56:00,$ 3620.32,100
3466,10:56:00,$ 3620.31,100
3467,10:56:00,$ 3620.31,100
3468,10:56:00,$ 3620.31,101
3469,10:56:00,$ 3620.31,100
3470,10:56:00,$ 3620.31,100
3471,10:56:00,$ 3620.31,101
3472,10:56:00,$ 3620.31,100
3473,10:56:00,$ 3620.31,100
3474,10:56:00,$ 3620.46,100
3475,10:56:00,$ 3621.00,100
3477,10:56:00,$ 3620.28,100
3478,10:55:28,$ 3622.47,143
3479,10:55:12,$ 3622.37,100
3480,10:55:12,$ 3622.49,100
3481,10:55:07,$ 3623.085,100
3482,10:55:07,$ 3623.10,100
3483,10:55:07,$ 3623.09,100
3484,10:55:03,$ 3622.99,100
3485,10:55:02,$ 3622.99,100
3486,10:55:02,$ 3622.99,100
3487,10:54:58,$ 3623.025,100
3488,10:54:55,$ 3623.8275,100
3489,10:54:55,$ 3623.36,100
3490,10:54:55,$ 3623.935,100
3491,10:54:55,$ 3623.935,100
3492,10:54:44,$ 3624.56,100
3493,10:54:44,$ 3623.505,100
3494,10:54:29,$ 3623.53,100
3495,10:54:28,$ 3623.50,100
3496,10:54:28,$ 3623.50,100
3498,10:54:23,$ 3622.26,100
3499,10:54:23,$ 3622.26,100
3500,10:54:09,$ 3622.805,100
3501,10:54:06,$ 3622.40,100
3502,10:53:35,$ 3620.47,100
3503,10:53:04,$ 3620.06,100
3504,10:52:57,$ 3621.17,100
3505,10:52:35,$ 3621.17,100
3506,10:52:35,$ 3619.91,100
3507,10:52:35,$ 3619.91,100
3508,10:52:35,$ 3620.00,100
3509,10:51:40,$ 3620.01,100
3510,10:51:40,$ 3620.00,100
3511,10:51:40,$ 3620.11,100
3512,10:51:40,$ 3620.05,100
3513,10:51:24,$ 3620.95,100
3514,10:51:24,$ 3620.91,100
3515,10:51:21,$ 3621.39,157
3516,10:51:21,$ 3621.39,105
3517,10:51:21,$ 3621.39,157
3519,10:51:21,$ 3621.39,100
3520,10:51:21,$ 3621.39,112
3521,10:51:21,$ 3621.39,100
3522,10:51:10,$ 3621.10,100
3523,10:51:10,$ 3621.01,100
3524,10:51:10,$ 3621.17,100
3525,10:51:10,$ 3621.65,150
3526,10:51:07,$ 3621.71,100
3527,10:50:54,$ 3620.96,100
3528,10:50:50,$ 3621.91,100
3529,10:50:46,$ 3623.17,100
3530,10:50:31,$ 3622.40,100
3531,10:50:13,$ 3621.905,100
3532,10:50:08,$ 3622.37,100
3533,10:50:08,$ 3622.37,100
3534,10:50:08,$ 3622.37,100
3535,10:49:57,$ 3621.26,100
3536,10:49:47,$ 3622.27,100
3537,10:49:46,$ 3621.46,200
3538,10:49:46,$ 3621.46,100
3540,10:49:46,$ 3621.46,100
3541,10:49:46,$ 3621.62,100
3542,10:49:46,$ 3620.31,100
3543,10:48:05,$ 3620.03,100
3544,10:47:53,$ 3621.23,100
3545,10:47:36,$ 3620.505,100
3546,10:47:34,$ 3619.30,100
3547,10:47:13,$ 3619.56,100
3548,10:47:13,$ 3619.56,100
3549,10:46:49,$ 3618.5901,100
3550,10:46:46,$ 3620.94,111
3551,10:46:46,$ 3619.80,100
3552,10:46:44,$ 3619.37,100
3553,10:46:22,$ 3618.13,155
3554,10:46:21,$ 3618.43,100
3555,10:46:09,$ 3619.18,147
3556,10:45:58,$ 3620.00,100
3557,10:45:58,$ 3620.15,100
3558,10:45:51,$ 3619.00,100
3559,10:45:33,$ 3620.65,100
3561,10:45:11,$ 3620.215,100
3562,10:45:00,$ 3619.95,100
3563,10:44:56,$ 3618.20,100
3564,10:44:54,$ 3618.78,117
3565,10:44:48,$ 3619.37,100
3566,10:44:42,$ 3618.54,100
3567,10:44:32,$ 3618.985,200
3568,10:44:22,$ 3618.9725,100
3569,10:44:22,$ 3619.56,112
3570,10:44:12,$ 3620.50,100
3571,10:44:03,$ 3621.625,100
3572,10:43:58,$ 3621.76,100
3573,10:43:58,$ 3621.29,100
3574,10:43:58,$ 3621.38,100
3575,10:43:49,$ 3621.35,100
3576,10:43:49,$ 3621.35,100
3577,10:43:37,$ 3621.83,100
3578,10:43:23,$ 3622.70,100
3579,10:43:20,$ 3622.68,100
3580,10:43:17,$ 3622.88,100
3582,10:43:16,$ 3623.495,"1,250"
3583,10:43:13,$ 3623.53,100
3584,10:43:12,$ 3624.365,100
3585,10:42:33,$ 3625.08,100
3586,10:42:33,$ 3625.09,100
3587,10:42:33,$ 3624.66,100
3588,10:42:33,$ 3624.66,100
3589,10:42:33,$ 3624.64,100
3590,10:42:33,$ 3624.88,100
3591,10:42:33,$ 3624.65,100
3592,10:42:33,$ 3624.83,100
3593,10:42:33,$ 3624.48,100
3594,10:42:33,$ 3624.64,100
3595,10:42:33,$ 3624.48,100
3596,10:42:33,$ 3624.43,100
3597,10:42:33,$ 3624.48,100
3598,10:42:33,$ 3624.88,100
3599,10:42:33,$ 3625.05,100
3600,10:42:33,$ 3625.06,100
3601,10:42:32,$ 3624.33,"1,250"
3603,10:42:29,$ 3624.60,100
3604,10:42:27,$ 3623.53,300
3605,10:42:27,$ 3624.00,100
3606,10:42:27,$ 3624.03,100
3607,10:42:27,$ 3624.03,123
3608,10:42:27,$ 3624.34,100
3609,10:42:27,$ 3624.04,100
3610,10:42:27,$ 3624.98,100
3611,10:42:13,$ 3623.95,100
3612,10:42:13,$ 3624.34,100
3613,10:42:04,$ 3624.3999,100
3614,10:41:44,$ 3624.445,100
3615,10:41:44,$ 3625.20,100
3616,10:41:43,$ 3625.83,100
3617,10:41:35,$ 3626.09,115
3618,10:41:24,$ 3627.17,100
3619,10:41:22,$ 3626.0015,250
3620,10:41:19,$ 3626.03,100
3621,10:40:44,$ 3628.18,100
3622,10:40:44,$ 3628.86,100
3624,10:40:18,$ 3627.49,100
3625,10:40:18,$ 3627.34,100
3626,10:39:58,$ 3626.575,100
3627,10:39:39,$ 3626.36,100
3628,10:39:29,$ 3624.80,100
3629,10:39:29,$ 3625.52,100
3630,10:39:21,$ 3625.83,100
3631,10:39:20,$ 3626.01,100
3632,10:39:05,$ 3628.44,100
3633,10:39:01,$ 3627.53,100
3634,10:38:55,$ 3627.88,100
3635,10:38:55,$ 3627.79,100
3636,10:38:31,$ 3628.18,100
3637,10:38:31,$ 3628.00,100
3638,10:38:28,$ 3629.0533,100
3639,10:38:28,$ 3629.0533,100
3640,10:38:28,$ 3629.72,100
3641,10:38:28,$ 3629.0433,100
3642,10:38:28,$ 3629.71,100
3643,10:38:28,$ 3629.72,100
3645,10:38:28,$ 3628.8713,100
3646,10:38:28,$ 3629.53,100
3647,10:38:17,$ 3629.38,100
3648,10:38:15,$ 3629.73,400
3649,10:38:15,$ 3628.71,100
3650,10:38:11,$ 3628.48,200
3651,10:38:09,$ 3628.55,100
3652,10:38:05,$ 3628.96,100
3653,10:37:34,$ 3627.19,250
3654,10:37:32,$ 3626.50,100
3655,10:37:31,$ 3626.64,100
3656,10:37:24,$ 3625.53,100
3657,10:36:59,$ 3624.75,100
3658,10:36:58,$ 3625.90,190
3659,10:36:55,$ 3625.675,100
3660,10:36:55,$ 3626.35,100
3661,10:36:55,$ 3625.68,200
3662,10:36:54,$ 3625.50,100
3663,10:36:54,$ 3625.50,100
3664,10:36:54,$ 3625.50,100
3666,10:36:47,$ 3625.00,100
3667,10:36:47,$ 3625.00,100
3668,10:36:23,$ 3623.93,100
3669,10:36:23,$ 3623.90,100
3670,10:36:16,$ 3622.50,271
3671,10:36:16,$ 3623.51,100
3672,10:36:04,$ 3623.15,100
3673,10:35:48,$ 3622.24,106
3674,10:35:45,$ 3623.91,100
3675,10:35:28,$ 3620.62,100
3676,10:35:28,$ 3620.64,100
3677,10:35:25,$ 3619.56,300
3678,10:35:19,$ 3620.50,100
3679,10:34:58,$ 3619.3025,400
3680,10:34:35,$ 3620.59,100
3681,10:34:20,$ 3620.00,900
3682,10:34:04,$ 3622.29,100
3683,10:34:02,$ 3622.00,200
3684,10:33:49,$ 3622.97,100
3685,10:33:39,$ 3623.24,100
3687,10:33:39,$ 3623.35,100
3688,10:33:32,$ 3622.23,100
3689,10:33:12,$ 3622.305,100
3690,10:33:12,$ 3622.305,100
3691,10:32:38,$ 3624.165,100
3692,10:32:34,$ 3623.96,100
3693,10:32:34,$ 3623.96,100
3694,10:32:34,$ 3623.95,200
3695,10:32:28,$ 3622.75,142
3696,10:31:48,$ 3620.90,100
3697,10:31:48,$ 3620.89,100
3698,10:31:44,$ 3621.81,100
3699,10:31:44,$ 3621.92,100
3700,10:31:30,$ 3621.24,104
3701,10:31:30,$ 3621.55,100
3702,10:31:30,$ 3621.48,100
3703,10:31:14,$ 3621.74,100
3704,10:31:10,$ 3622.535,100
3705,10:30:55,$ 3622.16,100
3706,10:30:47,$ 3621.17,100
3708,10:30:47,$ 3621.52,100
3709,10:30:47,$ 3621.65,100
3710,10:30:38,$ 3621.73,103
3711,10:30:36,$ 3622.90,100
3712,10:30:36,$ 3622.90,100
3713,10:30:34,$ 3623.74,100
3714,10:30:29,$ 3622.785,300
3715,10:30:28,$ 3622.85,100
3716,10:30:28,$ 3622.85,100
3717,10:30:28,$ 3622.85,100
3719,11:29:54,$ 3612.044,100
3720,11:29:34,$ 3611.92,100
3721,11:29:21,$ 3611.26,100
3722,11:29:21,$ 3612.4859,100
3723,11:29:16,$ 3611.495,130
3724,11:28:29,$ 3613.4999,100
3725,11:28:25,$ 3611.80,175
3726,11:28:23,$ 3611.80,100
3727,11:28:23,$ 3611.80,244
3728,11:28:18,$ 3611.00,100
3729,11:28:05,$ 3612.805,280
3730,11:28:05,$ 3612.00,100
3731,11:28:05,$ 3612.00,100
3732,11:28:01,$ 3611.06,100
3733,11:27:58,$ 3610.97,100
3734,11:27:58,$ 3610.99,100
3735,11:27:58,$ 3610.99,100
3736,11:27:57,$ 3610.80,100
3737,11:27:56,$ 3610.06,100
3738,11:27:51,$ 3610.19,113
3740,11:27:50,$ 3610.453,100
3741,11:27:39,$ 3610.825,100
3742,11:27:39,$ 3611.53,100
3743,11:27:39,$ 3611.54,100
3744,11:27:38,$ 3610.825,100
3745,11:27:35,$ 3610.825,100
3746,11:27:22,$ 3611.5359,114
3747,11:27:12,$ 3610.175,100
3748,11:27:07,$ 3611.00,127
3749,11:27:07,$ 3611.00,100
3750,11:27:03,$ 3611.62,100
3751,11:27:01,$ 3612.35,100
3752,11:26:58,$ 3612.395,100
3753,11:26:52,$ 3612.68,100
3754,11:26:52,$ 3612.68,110
3755,11:26:46,$ 3612.705,100
3756,11:26:43,$ 3612.36,100
3757,11:26:24,$ 3613.18,100
3758,11:26:24,$ 3613.061,127
3759,11:26:24,$ 3612.50,155
3761,11:26:07,$ 3613.37,100
3762,11:25:52,$ 3612.135,100
3763,11:25:48,$ 3612.93,100
3764,11:25:48,$ 3612.93,100
3765,11:25:45,$ 3612.93,100
3766,11:25:26,$ 3613.41,100
3767,11:25:14,$ 3613.431,100
3768,11:25:14,$ 3613.33,100
3769,11:25:14,$ 3613.1116,690
3770,11:25:14,$ 3613.12,400
3771,11:24:40,$ 3614.56,100
3772,11:24:37,$ 3615.17,100
3773,11:24:29,$ 3614.43,100
3774,11:24:12,$ 3613.35,100
3775,11:24:11,$ 3612.33,100
3776,11:24:08,$ 3613.90,100
3777,11:23:08,$ 3613.255,200
3778,11:22:59,$ 3613.26,100
3779,11:22:42,$ 3611.165,100
3780,11:22:33,$ 3611.485,100
3782,11:22:31,$ 3612.15,100
3783,11:22:31,$ 3613.212,200
3784,11:22:31,$ 3613.28,700
3785,11:22:31,$ 3612.94,100
3786,11:22:26,$ 3611.50,150
3787,11:22:25,$ 3611.10,100
3788,11:22:25,$ 3612.32,100
3789,11:22:19,$ 3611.245,100
3790,11:21:58,$ 3614.59,700
3791,11:21:56,$ 3614.3201,250
3792,11:21:43,$ 3614.42,100
3793,11:21:40,$ 3614.99,100
3794,11:21:36,$ 3614.3169,400
3795,11:21:34,$ 3613.72,100
3796,11:21:34,$ 3613.545,100
3797,11:21:34,$ 3613.67,100
3798,11:21:34,$ 3613.75,200
3799,11:21:34,$ 3613.42,100
3800,11:21:34,$ 3614.34,200
3801,11:21:34,$ 3613.90,100
3803,11:21:34,$ 3613.55,100
3804,11:21:23,$ 3614.923,110
3805,11:21:23,$ 3614.00,100
3806,11:21:16,$ 3612.12,100
3807,11:21:16,$ 3612.17,100
3808,11:21:16,$ 3612.17,200
3809,11:21:16,$ 3612.22,100
3810,11:21:14,$ 3611.74,342
3811,11:21:08,$ 3611.97,100
3812,11:21:04,$ 3611.47,100
3813,11:21:04,$ 3611.24,100
3814,11:20:58,$ 3611.00,100
3815,11:20:58,$ 3613.00,100
3816,11:20:58,$ 3613.00,166
3817,11:20:54,$ 3613.99,150
3818,11:20:52,$ 3614.9799,400
3819,11:20:49,$ 3613.00,100
3820,11:20:44,$ 3615.0199,100
3821,11:20:22,$ 3614.33,100
3822,11:20:22,$ 3614.34,100
3824,11:20:22,$ 3614.34,100
3825,11:20:03,$ 3614.38,100
3826,11:20:02,$ 3614.24,100
3827,11:20:02,$ 3614.24,100
3828,11:20:02,$ 3614.68,100
3829,11:20:02,$ 3614.60,100
3830,11:20:02,$ 3614.81,100
3831,11:19:59,$ 3613.00,100
3832,11:19:42,$ 3614.71,100
3833,11:19:42,$ 3614.70,100
3834,11:19:35,$ 3614.065,100
3835,11:19:22,$ 3615.50,100
3836,11:19:22,$ 3615.51,107
3837,11:19:12,$ 3614.78,100
3838,11:19:06,$ 3614.25,100
3839,11:18:57,$ 3613.52,100
3840,11:18:55,$ 3613.44,100
3841,11:18:51,$ 3613.6199,200
3842,11:18:46,$ 3613.10,100
3843,11:18:43,$ 3613.04,100
3845,11:18:43,$ 3613.525,100
3846,11:18:41,$ 3613.21,400
3847,11:18:41,$ 3613.51,100
3848,11:18:41,$ 3613.21,100
3849,11:18:41,$ 3613.20,155
3850,11:18:41,$ 3614.01,100
3851,11:18:35,$ 3614.505,100
3852,11:18:35,$ 3614.98,100
3853,11:18:35,$ 3614.98,100
3854,11:18:35,$ 3614.99,100
3855,11:18:35,$ 3614.505,100
3856,11:18:33,$ 3614.65,100
3857,11:18:33,$ 3614.88,100
3858,11:18:18,$ 3614.445,100
3859,11:18:09,$ 3615.19,100
3860,11:18:08,$ 3615.20,105
3861,11:17:42,$ 3615.81,100
3862,11:17:38,$ 3614.315,100
3863,11:17:29,$ 3616.41,100
3864,11:17:29,$ 3615.29,100
3866,11:17:22,$ 3615.00,100
3867,11:17:13,$ 3614.40,100
3868,11:17:11,$ 3615.91,100
3869,11:17:11,$ 3615.91,100
3870,11:17:11,$ 3615.95,100
3871,11:17:01,$ 3614.55,100
3872,11:16:52,$ 3614.45,100
3873,11:16:51,$ 3613.88,100
3874,11:16:39,$ 3613.34,100
3875,11:16:29,$ 3614.93,244
3876,11:16:14,$ 3614.4292,100
3877,11:16:01,$ 3616.29,100
3878,11:15:49,$ 3615.00,200
3879,11:15:49,$ 3614.00,100
3880,11:15:49,$ 3614.77,100
3881,11:15:31,$ 3613.20,200
3882,11:15:31,$ 3613.975,100
3883,11:15:24,$ 3614.195,100
3884,11:14:55,$ 3615.80,100
3885,11:14:16,$ 3615.105,100
3887,11:14:16,$ 3616.07,100
3888,11:14:08,$ 3616.085,100
3889,11:14:05,$ 3616.09,280
3890,11:14:02,$ 3616.93,100
3891,11:14:01,$ 3615.41,100
3892,11:14:01,$ 3616.02,169
3893,11:13:51,$ 3616.46,100
3894,11:13:44,$ 3617.56,100
3895,11:13:36,$ 3618.85,100
3896,11:13:34,$ 3617.34,100
3897,11:13:34,$ 3617.79,100
3898,11:13:34,$ 3617.75,100
3899,11:13:26,$ 3618.135,100
3900,11:13:23,$ 3619.14,100
3901,11:13:23,$ 3619.14,100
