,NLS Time (ET),NLS Price,NLS Share Volume
1,09:59:58,$ 3405.20,400
2,09:59:58,$ 3405.20,100
3,09:59:55,$ 3406.07,100
4,09:59:55,$ 3406.9235,100
5,09:59:52,$ 3406.6135,100
6,09:59:49,$ 3407.12,200
7,09:59:45,$ 3406.51,100
8,09:59:44,$ 3406.70,100
9,09:59:35,$ 3405.895,220
10,09:59:32,$ 3406.005,250
11,09:59:31,$ 3405.01,100
12,09:59:20,$ 3405.20,100
13,09:59:20,$ 3405.00,100
14,09:59:20,$ 3404.83,100
15,09:59:15,$ 3404.11,100
16,09:59:15,$ 3405.00,264
17,09:59:09,$ 3404.16,100
18,09:59:06,$ 3406.2699,100
19,09:59:03,$ 3404.79,100
20,09:59:02,$ 3405.36,100
22,09:59:01,$ 3404.8143,240
23,09:58:57,$ 3402.90,100
24,09:58:57,$ 3402.95,100
25,09:58:57,$ 3402.8122,293
26,09:58:57,$ 3402.8736,104
27,09:58:53,$ 3402.70,100
28,09:58:49,$ 3402.89,100
29,09:58:47,$ 3401.50,100
30,09:58:47,$ 3401.7206,100
31,09:58:46,$ 3402.7797,"1,000"
32,09:58:42,$ 3401.21,100
33,09:58:41,$ 3402.99,130
34,09:58:37,$ 3402.99,577
35,09:58:35,$ 3402.00,100
36,09:58:34,$ 3402.01,100
37,09:58:34,$ 3402.00,100
38,09:58:31,$ 3403.00,100
39,09:58:24,$ 3402.77,100
40,09:58:19,$ 3402.841,100
41,09:58:16,$ 3403.0432,100
43,09:58:15,$ 3403.7739,100
44,09:58:06,$ 3402.53,100
45,09:58:03,$ 3403.95,100
46,09:58:01,$ 3404.815,100
47,09:58:01,$ 3404.83,114
48,09:58:00,$ 3404.83,100
49,09:58:00,$ 3404.825,100
50,09:58:00,$ 3404.13,100
51,09:57:44,$ 3404.27,100
52,09:57:36,$ 3404.5011,100
53,09:57:31,$ 3405.54,100
54,09:57:20,$ 3406.12,100
55,09:57:20,$ 3406.12,100
56,09:57:10,$ 3407.07,100
57,09:57:10,$ 3407.07,100
58,09:57:10,$ 3406.81,200
59,09:57:10,$ 3406.80,100
60,09:57:00,$ 3406.275,100
61,09:57:00,$ 3405.52,100
62,09:57:00,$ 3405.60,100
64,09:56:55,$ 3405.38,200
65,09:56:55,$ 3406.00,100
66,09:56:55,$ 3406.46,100
67,09:56:55,$ 3406.50,100
68,09:56:55,$ 3406.40,100
69,09:56:48,$ 3407.795,100
70,09:56:47,$ 3407.14,100
71,09:56:42,$ 3408.65,100
72,09:56:37,$ 3407.98,100
73,09:56:37,$ 3407.995,100
74,09:56:33,$ 3408.465,100
75,09:56:33,$ 3408.51,100
76,09:56:33,$ 3407.98,100
77,09:56:32,$ 3407.66,100
78,09:56:28,$ 3406.40,100
79,09:56:27,$ 3407.09,100
80,09:56:26,$ 3407.07,100
81,09:56:25,$ 3407.695,100
82,09:56:24,$ 3407.13,100
83,09:56:24,$ 3407.40,100
85,09:56:19,$ 3407.775,250
86,09:56:15,$ 3408.35,100
87,09:56:15,$ 3408.01,100
88,09:56:15,$ 3407.78,100
89,09:56:05,$ 3408.7987,245
90,09:56:04,$ 3407.965,100
91,09:55:59,$ 3406.94,100
92,09:55:58,$ 3407.11,100
93,09:55:57,$ 3406.54,100
94,09:55:56,$ 3405.65,100
95,09:55:56,$ 3405.97,100
96,09:55:54,$ 3405.01,100
97,09:55:30,$ 3405.14,100
98,09:55:28,$ 3404.371,200
99,09:55:22,$ 3405.28,100
100,09:55:14,$ 3404.945,100
101,09:55:14,$ 3404.1401,100
102,09:55:14,$ 3404.12,100
103,09:55:14,$ 3404.14,100
104,09:55:14,$ 3404.945,100
106,09:55:13,$ 3406.11,100
107,09:55:13,$ 3406.10,100
108,09:55:13,$ 3406.34,100
109,09:55:13,$ 3406.75,100
110,09:55:12,$ 3406.12,100
111,09:55:12,$ 3406.1101,"1,000"
112,09:55:11,$ 3406.79,100
113,09:55:10,$ 3406.3166,100
114,09:55:09,$ 3407.20,100
115,09:55:02,$ 3407.4699,"1,000"
116,09:54:58,$ 3406.69,100
117,09:54:52,$ 3406.4833,100
118,09:54:38,$ 3406.79,100
119,09:54:38,$ 3407.00,100
120,09:54:34,$ 3407.58,100
121,09:54:18,$ 3408.0525,100
122,09:54:18,$ 3408.50,100
123,09:54:17,$ 3408.50,100
124,09:54:15,$ 3408.84,100
125,09:54:15,$ 3408.99,400
127,09:54:06,$ 3408.1799,"1,000"
128,09:54:05,$ 3408.18,109
129,09:54:05,$ 3407.49,100
130,09:54:05,$ 3407.6758,117
131,09:54:05,$ 3407.6758,206
132,09:54:05,$ 3407.50,100
133,09:54:05,$ 3407.95,100
134,09:54:05,$ 3407.46,100
135,09:54:05,$ 3406.96,100
136,09:54:05,$ 3407.34,100
137,09:54:05,$ 3407.29,100
138,09:54:04,$ 3406.85,289
139,09:54:04,$ 3406.85,133
140,09:54:04,$ 3406.70,100
141,09:53:55,$ 3407.47,100
142,09:53:55,$ 3405.00,100
143,09:53:50,$ 3405.66,100
144,09:53:49,$ 3404.90,100
145,09:53:49,$ 3405.018,100
146,09:53:48,$ 3405.27,"1,000"
148,09:53:39,$ 3406.19,100
149,09:53:39,$ 3405.72,100
150,09:53:39,$ 3405.85,100
151,09:53:37,$ 3405.855,100
152,09:53:35,$ 3406.00,600
153,09:53:35,$ 3406.00,100
154,09:53:35,$ 3405.966,100
155,09:53:35,$ 3405.93,100
156,09:53:34,$ 3405.21,100
157,09:53:34,$ 3405.3919,"1,000"
158,09:53:33,$ 3405.22,"1,000"
159,09:53:33,$ 3405.22,100
160,09:53:33,$ 3405.17,100
161,09:53:32,$ 3405.22,130
162,09:53:24,$ 3404.80,100
163,09:53:15,$ 3404.995,100
164,09:53:13,$ 3404.4001,100
165,09:53:13,$ 3405.453,100
166,09:53:12,$ 3404.4001,"1,000"
167,09:53:10,$ 3405.55,100
169,09:53:10,$ 3404.8053,"1,000"
170,09:53:08,$ 3404.565,100
171,09:52:58,$ 3405.0189,"1,000"
172,09:52:58,$ 3405.7199,100
173,09:52:53,$ 3403.50,100
174,09:52:51,$ 3404.00,100
175,09:52:51,$ 3404.00,100
176,09:52:51,$ 3403.73,100
177,09:52:51,$ 3403.73,100
178,09:52:51,$ 3403.5247,150
179,09:52:51,$ 3403.5247,116
180,09:52:51,$ 3403.73,100
181,09:52:51,$ 3403.73,100
182,09:52:51,$ 3403.73,100
183,09:52:51,$ 3403.47,100
184,09:52:51,$ 3403.6484,100
185,09:52:51,$ 3403.41,100
186,09:52:51,$ 3403.46,100
187,09:52:51,$ 3403.40,100
188,09:52:51,$ 3403.37,100
190,09:52:50,$ 3404.59,100
191,09:52:50,$ 3404.17,100
192,09:52:50,$ 3404.41,"1,000"
193,09:52:49,$ 3404.3934,"1,000"
194,09:52:45,$ 3402.97,293
195,09:52:45,$ 3402.97,100
196,09:52:45,$ 3402.97,100
197,09:52:45,$ 3402.97,100
198,09:52:45,$ 3402.97,100
199,09:52:45,$ 3403.11,100
200,09:52:45,$ 3402.97,100
201,09:52:45,$ 3403.17,100
202,09:52:45,$ 3402.97,100
203,09:52:45,$ 3403.17,100
204,09:52:45,$ 3403.21,100
205,09:52:45,$ 3403.32,100
206,09:52:44,$ 3403.00,210
207,09:52:44,$ 3403.012,581
208,09:52:44,$ 3402.98,100
209,09:52:43,$ 3402.88,"1,000"
211,09:52:43,$ 3403.0373,129
212,09:52:42,$ 3402.45,100
213,09:52:42,$ 3402.31,100
214,09:52:41,$ 3402.9315,137
215,09:52:38,$ 3403.00,100
216,09:52:38,$ 3403.00,100
217,09:52:38,$ 3403.00,100
218,09:52:37,$ 3402.97,100
219,09:52:36,$ 3403.05,100
220,09:52:35,$ 3403.80,100
221,09:52:35,$ 3402.90,250
222,09:52:35,$ 3402.91,100
223,09:52:34,$ 3403.30,100
224,09:52:28,$ 3404.135,100
225,09:52:28,$ 3403.08,100
226,09:52:21,$ 3404.45,100
227,09:52:20,$ 3404.46,100
228,09:52:19,$ 3404.84,100
229,09:52:16,$ 3404.77,100
230,09:52:13,$ 3405.535,"1,000"
232,09:52:13,$ 3406.02,100
233,09:52:13,$ 3405.44,100
234,09:52:13,$ 3405.49,100
235,09:52:13,$ 3405.88,100
236,09:52:12,$ 3406.55,100
237,09:52:11,$ 3406.49,100
238,09:52:11,$ 3406.50,100
239,09:52:09,$ 3407.57,100
240,09:52:09,$ 3407.51,100
241,09:52:06,$ 3407.6471,100
242,09:52:04,$ 3408.17,100
243,09:52:02,$ 3407.84,100
244,09:51:59,$ 3407.59,100
245,09:51:58,$ 3407.155,100
246,09:51:54,$ 3407.265,100
247,09:51:54,$ 3407.44,300
248,09:51:54,$ 3407.93,344
249,09:51:54,$ 3407.94,100
250,09:51:50,$ 3407.67,100
251,09:51:50,$ 3407.67,100
253,09:51:50,$ 3407.68,900
254,09:51:48,$ 3407.86,100
255,09:51:47,$ 3407.66,100
256,09:51:46,$ 3407.82,100
257,09:51:45,$ 3407.31,100
258,09:51:45,$ 3407.79,100
259,09:51:45,$ 3406.9975,820
260,09:51:45,$ 3406.9975,116
261,09:51:42,$ 3407.26,100
262,09:51:42,$ 3407.26,100
263,09:51:42,$ 3407.2699,"1,000"
264,09:51:40,$ 3407.36,200
265,09:51:40,$ 3407.36,184
266,09:51:35,$ 3406.86,200
267,09:51:34,$ 3407.025,100
268,09:51:33,$ 3407.00,100
269,09:51:32,$ 3406.72,100
270,09:51:32,$ 3406.79,100
271,09:51:32,$ 3406.03,100
272,09:51:27,$ 3406.16,100
274,09:51:22,$ 3406.035,100
275,09:51:21,$ 3406.11,100
276,09:51:21,$ 3405.39,100
277,09:51:19,$ 3405.40,132
278,09:51:18,$ 3406.11,100
279,09:51:18,$ 3405.95,100
280,09:51:18,$ 3405.56,100
281,09:51:17,$ 3404.98,100
282,09:51:17,$ 3404.76,100
283,09:51:17,$ 3404.77,100
284,09:51:17,$ 3404.56,192
285,09:51:17,$ 3404.56,166
286,09:51:17,$ 3404.59,243
287,09:51:17,$ 3404.59,168
288,09:51:15,$ 3404.34,100
289,09:51:11,$ 3404.5899,300
290,09:51:06,$ 3404.24,100
291,09:51:02,$ 3403.84,100
292,09:51:01,$ 3403.56,100
293,09:51:01,$ 3404.00,100
295,09:51:01,$ 3403.26,100
296,09:51:01,$ 3403.26,100
297,09:51:01,$ 3403.50,100
298,09:51:01,$ 3403.38,100
299,09:51:00,$ 3403.84,100
300,09:51:00,$ 3403.66,100
301,09:51:00,$ 3403.54,100
302,09:51:00,$ 3403.55,100
303,09:51:00,$ 3403.632,200
304,09:51:00,$ 3403.9101,100
305,09:51:00,$ 3403.92,100
306,09:50:59,$ 3404.26,100
307,09:50:55,$ 3404.185,"1,000"
308,09:50:53,$ 3403.96,100
309,09:50:53,$ 3404.10,100
310,09:50:46,$ 3404.18,100
311,09:50:42,$ 3404.10,200
312,09:50:41,$ 3404.06,100
313,09:50:41,$ 3404.1191,293
314,09:50:41,$ 3404.11,267
316,09:50:41,$ 3403.926,186
317,09:50:41,$ 3404.61,267
318,09:50:41,$ 3404.39,186
319,09:50:40,$ 3403.926,200
320,09:50:40,$ 3404.1146,112
321,09:50:40,$ 3404.1146,293
322,09:50:40,$ 3403.926,252
323,09:50:40,$ 3404.39,200
324,09:50:40,$ 3404.39,252
325,09:50:39,$ 3403.9749,"1,000"
326,09:50:38,$ 3404.00,100
327,09:50:37,$ 3404.04,100
328,09:50:36,$ 3404.098,100
329,09:50:35,$ 3404.17,100
330,09:50:35,$ 3404.31,100
331,09:50:34,$ 3404.61,100
332,09:50:34,$ 3405.08,100
333,09:50:34,$ 3404.93,100
334,09:50:34,$ 3405.00,100
335,09:50:32,$ 3405.66,100
337,09:50:32,$ 3405.02,100
338,09:50:21,$ 3405.86,100
339,09:50:19,$ 3405.83,100
340,09:50:18,$ 3405.42,100
341,09:50:18,$ 3405.65,100
342,09:50:18,$ 3406.295,100
343,09:50:16,$ 3406.78,120
344,09:50:16,$ 3406.79,100
345,09:50:13,$ 3406.16,"1,000"
346,09:50:11,$ 3406.80,100
347,09:50:11,$ 3407.034,100
348,09:50:11,$ 3406.90,100
349,09:50:11,$ 3407.034,100
350,09:50:11,$ 3407.034,100
351,09:50:11,$ 3407.034,100
352,09:50:11,$ 3406.97,100
353,09:50:11,$ 3407.034,100
354,09:50:11,$ 3407.034,100
355,09:50:11,$ 3407.332,100
356,09:50:11,$ 3407.034,100
358,09:50:11,$ 3406.92,100
359,09:50:11,$ 3406.80,100
360,09:50:11,$ 3407.90,200
361,09:50:11,$ 3406.80,100
362,09:50:10,$ 3406.24,100
363,09:50:05,$ 3405.275,100
364,09:50:03,$ 3405.35,100
365,09:50:02,$ 3405.00,100
366,09:49:55,$ 3403.16,100
367,09:49:51,$ 3402.925,288
368,09:49:51,$ 3403.31,100
369,09:49:51,$ 3403.259,165
370,09:49:51,$ 3403.36,100
371,09:49:51,$ 3402.8399,100
372,09:49:51,$ 3402.8399,100
373,09:49:51,$ 3402.8399,100
374,09:49:51,$ 3402.8399,100
375,09:49:51,$ 3402.84,100
376,09:49:51,$ 3402.8399,100
377,09:49:51,$ 3402.8399,100
379,09:49:51,$ 3402.84,100
380,09:49:51,$ 3402.84,100
381,09:49:51,$ 3402.84,100
382,09:49:50,$ 3402.215,"1,000"
383,09:49:32,$ 3401.51,125
384,09:49:30,$ 3402.14,100
385,09:49:20,$ 3401.19,230
386,09:49:20,$ 3401.524,100
387,09:49:20,$ 3401.524,100
388,09:49:20,$ 3401.19,100
389,09:49:20,$ 3401.524,100
390,09:49:20,$ 3401.19,100
391,09:49:20,$ 3401.52,100
392,09:49:20,$ 3401.06,100
393,09:49:20,$ 3401.524,100
394,09:49:20,$ 3401.14,100
395,09:49:19,$ 3401.52,"1,000"
396,09:49:18,$ 3401.3471,"1,000"
397,09:49:18,$ 3402.02,100
398,09:49:16,$ 3401.875,100
400,09:49:14,$ 3401.875,170
401,09:49:11,$ 3401.8867,290
402,09:49:11,$ 3402.28,100
403,09:49:11,$ 3401.8767,100
404,09:48:50,$ 3402.37,100
405,09:48:50,$ 3402.81,100
406,09:48:50,$ 3403.035,100
407,09:48:48,$ 3403.494,110
408,09:48:48,$ 3403.27,100
409,09:48:48,$ 3403.27,100
410,09:48:48,$ 3403.27,100
411,09:48:47,$ 3401.96,100
412,09:48:47,$ 3402.2994,290
413,09:48:47,$ 3401.96,100
414,09:48:47,$ 3402.46,100
415,09:48:47,$ 3401.95,300
416,09:48:47,$ 3402.45,100
417,09:48:47,$ 3401.95,100
418,09:48:47,$ 3402.45,300
419,09:48:46,$ 3401.855,500
421,09:48:46,$ 3402.4599,300
422,09:48:46,$ 3402.4599,100
423,09:48:44,$ 3403.68,100
424,09:48:43,$ 3402.07,100
425,09:48:43,$ 3402.25,100
426,09:48:42,$ 3402.29,300
427,09:48:41,$ 3402.441,209
428,09:48:38,$ 3401.99,100
429,09:48:11,$ 3399.79,100
430,09:48:10,$ 3400.52,100
431,09:48:10,$ 3400.00,400
432,09:48:10,$ 3400.00,500
433,09:48:10,$ 3400.00,177
434,09:48:10,$ 3399.50,116
435,09:48:10,$ 3399.50,294
436,09:48:10,$ 3400.00,194
437,09:48:10,$ 3399.49,100
438,09:48:10,$ 3398.78,100
439,09:48:10,$ 3398.78,100
440,09:48:10,$ 3398.77,100
442,09:48:10,$ 3399.27,100
443,09:48:10,$ 3399.28,100
444,09:48:10,$ 3399.28,100
445,09:48:09,$ 3399.33,100
446,09:48:09,$ 3398.615,"1,000"
447,09:48:08,$ 3399.28,100
448,09:48:08,$ 3398.6879,"1,000"
449,09:47:58,$ 3398.80,100
450,09:47:49,$ 3399.11,100
451,09:47:49,$ 3399.945,500
452,09:47:48,$ 3399.58,100
453,09:47:48,$ 3399.928,100
454,09:47:48,$ 3399.925,100
455,09:47:48,$ 3400.043,100
456,09:47:48,$ 3400.043,100
457,09:47:48,$ 3399.78,100
458,09:47:47,$ 3400.133,169
459,09:47:47,$ 3400.133,116
460,09:47:47,$ 3399.88,100
461,09:47:47,$ 3400.133,100
463,09:47:47,$ 3400.135,100
464,09:47:46,$ 3399.4401,500
465,09:47:45,$ 3399.45,500
466,09:47:44,$ 3399.588,500
467,09:47:40,$ 3400.312,196
468,09:47:40,$ 3400.312,303
469,09:47:39,$ 3401.62,100
470,09:47:39,$ 3400.56,100
471,09:47:30,$ 3400.8427,100
472,09:47:25,$ 3400.37,100
473,09:47:24,$ 3400.37,100
474,09:47:21,$ 3400.37,150
475,09:47:18,$ 3399.74,200
476,09:47:10,$ 3400.84,100
477,09:47:10,$ 3400.045,100
478,09:47:10,$ 3400.00,100
479,09:47:00,$ 3399.62,100
480,09:47:00,$ 3399.63,100
481,09:47:00,$ 3400.12,100
482,09:47:00,$ 3400.60,100
484,09:46:59,$ 3399.5201,100
485,09:46:58,$ 3400.755,100
486,09:46:57,$ 3401.62,100
487,09:46:56,$ 3401.686,400
488,09:46:54,$ 3401.10,100
489,09:46:50,$ 3400.72,100
490,09:46:50,$ 3400.71,103
491,09:46:50,$ 3400.94,100
492,09:46:46,$ 3401.40,100
493,09:46:46,$ 3400.7325,250
494,09:46:46,$ 3401.11,100
495,09:46:44,$ 3402.36,100
496,09:46:43,$ 3402.36,100
497,09:46:37,$ 3402.08,100
498,09:46:37,$ 3402.02,100
499,09:46:37,$ 3402.58,100
500,09:46:37,$ 3402.5767,300
501,09:46:30,$ 3402.5684,150
502,09:46:26,$ 3402.49,175
503,09:46:26,$ 3402.02,100
505,09:46:20,$ 3402.086,250
506,09:46:18,$ 3403.13,100
507,09:46:18,$ 3402.32,100
508,09:46:15,$ 3402.00,100
509,09:46:15,$ 3402.00,100
510,09:46:08,$ 3401.40,200
511,09:46:05,$ 3400.72,100
512,09:45:54,$ 3401.00,100
513,09:45:50,$ 3400.22,100
514,09:45:48,$ 3400.338,300
515,09:45:44,$ 3399.41,100
516,09:45:14,$ 3399.005,100
517,09:45:12,$ 3399.49,100
518,09:45:12,$ 3399.36,100
519,09:45:08,$ 3397.82,100
520,09:45:08,$ 3398.00,100
521,09:45:03,$ 3397.54,100
522,09:45:01,$ 3397.3545,100
523,09:45:00,$ 3397.00,100
524,09:45:00,$ 3397.00,144
526,09:45:00,$ 3397.00,153
527,09:45:00,$ 3396.96,100
528,09:44:52,$ 3396.00,100
529,09:44:52,$ 3396.15,100
530,09:44:52,$ 3396.03,100
531,09:44:49,$ 3397.12,100
532,09:44:49,$ 3396.55,100
533,09:44:33,$ 3396.55,100
534,09:44:26,$ 3396.6992,100
535,09:44:25,$ 3396.6811,200
536,09:44:22,$ 3397.8347,294
537,09:44:07,$ 3398.005,300
538,09:44:04,$ 3397.96,100
539,09:44:04,$ 3398.45,100
540,09:44:03,$ 3397.96,100
541,09:43:59,$ 3398.20,100
542,09:43:59,$ 3399.2981,"1,000"
543,09:43:58,$ 3398.74,100
544,09:43:58,$ 3398.74,"1,000"
545,09:43:58,$ 3397.91,100
547,09:43:57,$ 3399.21,100
548,09:43:56,$ 3398.552,100
549,09:43:56,$ 3398.572,100
550,09:43:56,$ 3399.21,100
551,09:43:54,$ 3399.00,100
552,09:43:54,$ 3399.00,100
553,09:43:51,$ 3399.42,100
554,09:43:45,$ 3401.18,100
555,09:43:39,$ 3400.46,100
556,09:43:39,$ 3400.12,100
557,09:43:39,$ 3399.62,100
558,09:43:39,$ 3400.34,100
559,09:43:39,$ 3399.84,100
560,09:43:39,$ 3400.76,100
561,09:43:39,$ 3400.96,100
562,09:43:39,$ 3400.46,100
563,09:43:39,$ 3400.96,100
564,09:43:39,$ 3400.97,100
565,09:43:39,$ 3400.47,100
566,09:43:38,$ 3401.23,400
568,09:43:38,$ 3401.23,100
569,09:43:38,$ 3401.96,100
570,09:43:38,$ 3401.975,100
571,09:43:38,$ 3401.73,100
572,09:43:38,$ 3401.80,100
573,09:43:38,$ 3401.15,100
574,09:43:37,$ 3401.23,"1,000"
575,09:43:37,$ 3401.97,100
576,09:43:36,$ 3401.09,100
577,09:43:36,$ 3401.10,200
578,09:43:24,$ 3401.715,100
579,09:43:23,$ 3402.31,100
580,09:43:21,$ 3401.655,200
581,09:43:09,$ 3400.28,100
582,09:43:03,$ 3400.69,100
583,09:43:03,$ 3399.965,100
584,09:43:02,$ 3399.94,100
585,09:43:00,$ 3399.99,100
586,09:43:00,$ 3400.00,100
587,09:42:59,$ 3400.0785,200
589,09:42:57,$ 3400.63,100
590,09:42:55,$ 3402.26,110
591,09:42:55,$ 3400.731,200
592,09:42:55,$ 3401.30,100
593,09:42:55,$ 3400.80,100
594,09:42:55,$ 3401.81,100
595,09:42:55,$ 3401.96,100
596,09:42:54,$ 3402.995,"1,000"
597,09:42:53,$ 3402.595,"1,000"
598,09:42:45,$ 3402.6101,100
599,09:42:45,$ 3403.51,100
600,09:42:39,$ 3404.33,100
601,09:42:39,$ 3404.46,100
602,09:42:39,$ 3405.11,100
603,09:42:39,$ 3405.98,100
604,09:42:39,$ 3405.335,100
605,09:42:37,$ 3405.37,100
606,09:42:37,$ 3404.97,100
607,09:42:37,$ 3404.989,200
608,09:42:37,$ 3403.695,100
610,09:42:37,$ 3403.695,300
611,09:42:37,$ 3403.948,100
612,09:42:37,$ 3403.80,100
613,09:42:36,$ 3402.60,100
614,09:42:36,$ 3402.60,100
615,09:42:36,$ 3402.5999,200
616,09:42:36,$ 3402.554,100
617,09:42:36,$ 3402.576,100
618,09:42:36,$ 3402.5999,400
619,09:42:36,$ 3402.524,100
620,09:42:31,$ 3403.79,224
621,09:42:31,$ 3402.34,100
622,09:42:31,$ 3402.99,100
623,09:42:31,$ 3403.17,100
624,09:42:31,$ 3403.10,100
625,09:42:31,$ 3402.95,100
626,09:42:31,$ 3403.31,300
627,09:42:27,$ 3403.76,100
628,09:42:27,$ 3404.01,100
629,09:42:21,$ 3403.4919,177
631,09:42:21,$ 3404.764,100
632,09:42:21,$ 3404.40,100
633,09:42:21,$ 3404.764,100
634,09:42:21,$ 3404.6075,100
635,09:42:21,$ 3404.40,100
636,09:42:21,$ 3404.78,231
637,09:42:20,$ 3405.16,100
638,09:42:20,$ 3405.16,200
639,09:42:20,$ 3405.1693,100
640,09:42:20,$ 3404.95,200
641,09:42:20,$ 3404.7662,"1,000"
642,09:42:20,$ 3405.97,100
643,09:42:19,$ 3404.00,200
644,09:42:19,$ 3404.00,100
645,09:42:19,$ 3404.00,300
646,09:42:19,$ 3404.00,100
647,09:42:19,$ 3403.99,100
648,09:42:19,$ 3403.99,200
649,09:42:19,$ 3403.40,"1,000"
650,09:42:18,$ 3402.9341,100
652,09:42:16,$ 3403.86,100
653,09:42:16,$ 3403.40,100
654,09:42:16,$ 3402.83,100
655,09:42:16,$ 3403.04,200
656,09:42:16,$ 3402.83,100
657,09:42:16,$ 3402.83,100
658,09:42:14,$ 3403.95,100
659,09:42:13,$ 3403.99,300
660,09:42:13,$ 3404.00,100
661,09:42:13,$ 3403.99,100
662,09:42:13,$ 3403.39,100
663,09:42:10,$ 3403.0567,200
664,09:42:08,$ 3401.89,100
665,09:42:05,$ 3402.00,100
666,09:42:05,$ 3402.00,165
667,09:42:05,$ 3402.00,678
668,09:42:05,$ 3402.00,100
669,09:42:05,$ 3401.4993,381
670,09:42:05,$ 3401.4993,113
671,09:42:05,$ 3401.30,100
673,09:42:05,$ 3401.45,100
674,09:42:05,$ 3401.30,100
675,09:42:05,$ 3401.80,100
676,09:42:04,$ 3401.2895,"1,000"
677,09:42:02,$ 3401.00,100
678,09:42:02,$ 3400.9999,100
679,09:42:01,$ 3400.375,250
680,09:41:56,$ 3399.6311,100
681,09:41:54,$ 3399.70,100
682,09:41:52,$ 3399.89,100
683,09:41:42,$ 3398.63,100
684,09:41:42,$ 3401.00,151
685,09:41:42,$ 3399.13,100
686,09:41:42,$ 3399.80,100
687,09:41:42,$ 3399.80,100
688,09:41:42,$ 3399.35,100
689,09:41:42,$ 3399.3001,389
690,09:41:42,$ 3399.30,125
691,09:41:42,$ 3399.33,100
692,09:41:42,$ 3399.39,100
694,09:41:41,$ 3399.3004,389
695,09:41:41,$ 3399.47,100
696,09:41:41,$ 3399.57,100
697,09:41:41,$ 3400.15,100
698,09:41:41,$ 3399.59,100
699,09:41:39,$ 3399.97,100
700,09:41:39,$ 3399.74,100
701,09:41:38,$ 3400.58,100
702,09:41:36,$ 3400.00,100
703,09:41:36,$ 3398.812,736
704,09:41:36,$ 3398.812,232
705,09:41:33,$ 3399.74,100
706,09:41:33,$ 3399.73,300
707,09:41:33,$ 3399.6257,300
708,09:41:33,$ 3399.035,100
709,09:41:32,$ 3398.98,352
710,09:41:31,$ 3398.80,100
711,09:41:31,$ 3397.73,100
712,09:41:27,$ 3397.73,100
713,09:41:19,$ 3397.78,100
715,09:41:19,$ 3397.52,100
716,09:41:19,$ 3397.78,100
717,09:41:18,$ 3397.19,100
718,09:41:18,$ 3397.24,100
719,09:41:18,$ 3396.96,100
720,09:41:18,$ 3397.1862,100
721,09:41:18,$ 3397.08,100
722,09:41:18,$ 3397.1865,100
723,09:41:18,$ 3397.18,100
724,09:41:18,$ 3397.18,100
725,09:41:18,$ 3397.18,125
726,09:41:18,$ 3397.18,125
727,09:41:18,$ 3397.18,100
728,09:41:18,$ 3397.18,100
729,09:41:15,$ 3397.16,100
730,09:41:15,$ 3396.595,500
731,09:41:15,$ 3397.04,116
732,09:41:15,$ 3397.04,100
733,09:41:14,$ 3397.17,100
734,09:41:14,$ 3396.60,"1,000"
736,09:41:10,$ 3396.3993,389
737,09:41:01,$ 3396.1888,"1,000"
738,09:41:01,$ 3397.07,100
739,09:41:01,$ 3397.2201,500
740,09:41:01,$ 3397.231,165
741,09:41:00,$ 3397.62,"1,000"
742,09:40:48,$ 3397.84,100
743,09:40:48,$ 3398.02,100
744,09:40:48,$ 3398.02,100
745,09:40:44,$ 3398.22,100
746,09:40:41,$ 3398.22,400
747,09:40:41,$ 3398.22,200
748,09:40:41,$ 3398.22,100
749,09:40:41,$ 3398.22,"1,000"
750,09:40:37,$ 3399.02,100
751,09:40:33,$ 3397.64,200
752,09:40:30,$ 3397.5201,100
753,09:40:24,$ 3398.90,100
754,09:40:24,$ 3399.21,100
755,09:40:21,$ 3399.9299,100
757,09:40:21,$ 3399.1205,500
758,09:40:15,$ 3399.8484,100
759,09:40:11,$ 3400.3736,100
760,09:40:08,$ 3400.39,100
761,09:40:08,$ 3400.45,100
762,09:40:08,$ 3400.61,100
763,09:40:04,$ 3400.62,250
764,09:40:02,$ 3401.97,100
765,09:40:02,$ 3401.94,100
766,09:40:00,$ 3401.99,100
767,09:40:00,$ 3402.00,100
768,09:39:59,$ 3401.14,100
769,09:39:51,$ 3401.195,100
770,09:39:44,$ 3401.185,"1,000"
771,09:39:42,$ 3401.8012,100
772,09:39:37,$ 3401.425,100
773,09:39:37,$ 3401.39,100
774,09:39:35,$ 3401.80,100
775,09:39:35,$ 3401.58,100
776,09:39:35,$ 3401.62,100
778,09:39:35,$ 3401.69,100
779,09:39:32,$ 3401.76,100
780,09:39:30,$ 3401.1234,193
781,09:39:29,$ 3401.61,100
782,09:39:29,$ 3401.55,100
783,09:39:29,$ 3401.62,100
784,09:39:24,$ 3400.25,100
785,09:39:24,$ 3401.49,100
786,09:39:24,$ 3401.58,100
787,09:39:24,$ 3401.44,100
788,09:39:24,$ 3400.91,100
789,09:39:24,$ 3400.87,100
790,09:39:23,$ 3401.51,100
791,09:39:23,$ 3401.8599,100
792,09:39:16,$ 3398.675,300
793,09:39:14,$ 3398.675,100
794,09:39:12,$ 3399.00,100
795,09:39:10,$ 3397.99,100
796,09:39:05,$ 3396.0001,100
797,09:38:59,$ 3397.31,200
799,09:38:48,$ 3396.99,100
800,09:38:48,$ 3397.894,100
801,09:38:43,$ 3396.135,"1,000"
802,09:38:42,$ 3396.135,"1,000"
803,09:38:41,$ 3397.0988,294
804,09:38:41,$ 3396.70,100
805,09:38:41,$ 3396.70,100
806,09:38:41,$ 3397.20,100
807,09:38:41,$ 3397.20,100
808,09:38:38,$ 3395.625,100
809,09:38:38,$ 3397.23,100
810,09:38:38,$ 3397.22,100
811,09:38:38,$ 3397.08,100
812,09:38:38,$ 3397.20,100
813,09:38:38,$ 3397.21,100
814,09:38:38,$ 3397.22,100
815,09:38:38,$ 3396.59,100
816,09:38:38,$ 3397.2265,100
817,09:38:38,$ 3397.22,100
818,09:38:34,$ 3397.18,100
820,09:38:34,$ 3396.13,100
821,09:38:34,$ 3396.96,100
822,09:38:34,$ 3396.84,100
823,09:38:34,$ 3396.3201,100
824,09:38:26,$ 3399.53,100
825,09:38:25,$ 3397.82,100
826,09:38:24,$ 3399.53,100
827,09:38:24,$ 3398.55,250
828,09:38:23,$ 3397.065,100
829,09:38:21,$ 3396.97,100
830,09:38:21,$ 3396.23,250
831,09:38:21,$ 3395.70,"1,000"
832,09:38:20,$ 3394.29,100
833,09:38:20,$ 3392.945,"1,000"
834,09:37:55,$ 3392.70,100
835,09:37:50,$ 3393.6123,250
836,09:37:46,$ 3392.595,100
837,09:37:46,$ 3392.95,380
838,09:37:46,$ 3392.95,100
839,09:37:45,$ 3392.8125,152
841,09:37:33,$ 3392.26,100
842,09:37:33,$ 3392.60,100
843,09:37:29,$ 3393.595,"1,000"
844,09:37:24,$ 3393.19,300
845,09:37:23,$ 3393.33,100
846,09:37:23,$ 3393.40,100
847,09:37:23,$ 3393.29,100
848,09:37:23,$ 3393.50,100
849,09:37:23,$ 3393.25,100
850,09:37:22,$ 3391.4501,100
851,09:37:20,$ 3392.37,100
852,09:37:20,$ 3391.67,300
853,09:37:20,$ 3390.88,139
854,09:37:20,$ 3391.00,100
855,09:37:20,$ 3391.27,100
856,09:37:20,$ 3391.15,100
857,09:37:20,$ 3392.02,100
858,09:37:20,$ 3392.51,100
859,09:37:20,$ 3392.16,100
860,09:37:20,$ 3392.00,100
862,09:37:13,$ 3392.95,100
863,09:37:13,$ 3393.52,100
864,09:37:10,$ 3392.95,200
865,09:37:06,$ 3393.24,100
866,09:37:06,$ 3392.97,100
867,09:37:06,$ 3393.52,200
868,09:37:05,$ 3393.70,100
869,09:37:02,$ 3393.5301,470
870,09:36:58,$ 3394.61,100
871,09:36:58,$ 3394.31,100
872,09:36:58,$ 3394.80,100
873,09:36:52,$ 3393.545,100
874,09:36:52,$ 3393.535,100
875,09:36:52,$ 3393.48,100
876,09:36:50,$ 3394.39,100
877,09:36:40,$ 3392.87,100
878,09:36:37,$ 3393.10,100
879,09:36:35,$ 3394.01,100
880,09:36:35,$ 3394.50,100
881,09:36:35,$ 3394.58,100
883,09:36:33,$ 3395.38,100
884,09:36:32,$ 3395.7559,750
885,09:36:31,$ 3398.30,100
886,09:36:28,$ 3399.1916,100
887,09:36:28,$ 3399.27,124
888,09:36:27,$ 3398.02,100
889,09:36:27,$ 3398.00,300
890,09:36:27,$ 3398.00,100
891,09:36:27,$ 3398.00,100
892,09:36:27,$ 3398.23,100
893,09:36:27,$ 3398.28,100
894,09:36:26,$ 3398.96,100
895,09:36:26,$ 3399.2588,100
896,09:36:25,$ 3398.28,100
897,09:36:22,$ 3398.75,300
898,09:36:22,$ 3398.75,100
899,09:36:22,$ 3398.15,100
900,09:36:17,$ 3398.87,400
901,09:36:14,$ 3399.62,100
902,09:36:13,$ 3398.94,100
904,09:36:12,$ 3399.2402,100
905,09:36:12,$ 3399.64,100
906,09:36:11,$ 3399.00,100
907,09:36:11,$ 3398.78,100
908,09:36:07,$ 3398.29,100
909,09:36:06,$ 3397.94,100
910,09:36:04,$ 3398.455,100
911,09:36:00,$ 3398.32,200
912,09:36:00,$ 3398.732,180
913,09:35:56,$ 3397.00,146
914,09:35:51,$ 3396.90,100
915,09:35:39,$ 3396.725,100
916,09:35:38,$ 3396.27,100
917,09:35:38,$ 3396.37,100
918,09:35:36,$ 3395.705,200
919,09:35:35,$ 3395.6036,100
920,09:35:33,$ 3395.732,111
921,09:35:33,$ 3395.732,389
922,09:35:31,$ 3395.845,100
923,09:35:31,$ 3396.2096,100
925,09:35:29,$ 3395.13,200
926,09:35:27,$ 3395.205,100
927,09:35:27,$ 3395.18,100
928,09:35:22,$ 3395.645,100
929,09:35:17,$ 3395.67,100
930,09:35:15,$ 3395.705,100
931,09:35:13,$ 3394.47,125
932,09:34:52,$ 3392.9001,100
933,09:34:50,$ 3394.51,100
934,09:34:37,$ 3394.4941,389
935,09:34:37,$ 3394.4941,294
936,09:34:37,$ 3394.4941,306
937,09:34:36,$ 3393.64,100
938,09:34:26,$ 3392.00,100
939,09:34:23,$ 3393.74,100
940,09:34:21,$ 3392.69,106
941,09:34:21,$ 3393.50,100
942,09:34:11,$ 3392.90,100
943,09:34:08,$ 3393.19,100
944,09:34:07,$ 3392.14,100
946,09:34:06,$ 3393.5778,100
947,09:34:01,$ 3392.14,100
948,09:33:57,$ 3392.14,100
949,09:33:56,$ 3392.14,100
950,09:33:55,$ 3392.13,100
951,09:33:52,$ 3392.11,100
952,09:33:50,$ 3394.69,100
953,09:33:50,$ 3393.46,300
954,09:33:43,$ 3393.8861,750
955,09:33:36,$ 3392.00,100
956,09:33:36,$ 3393.26,100
957,09:33:36,$ 3392.85,200
958,09:33:36,$ 3392.0005,100
959,09:33:36,$ 3392.50,400
960,09:33:36,$ 3392.00,100
961,09:33:35,$ 3394.855,100
962,09:33:35,$ 3396.83,100
963,09:33:35,$ 3393.47,200
964,09:33:31,$ 3393.61,200
965,09:33:31,$ 3395.41,100
967,09:33:24,$ 3395.015,300
968,09:33:24,$ 3393.43,100
969,09:33:24,$ 3392.60,100
970,09:33:23,$ 3392.69,200
971,09:33:16,$ 3392.605,100
972,09:33:14,$ 3394.50,500
973,09:33:12,$ 3392.00,194
974,09:33:12,$ 3392.445,100
975,09:33:12,$ 3392.24,100
976,09:33:11,$ 3393.59,100
977,09:33:06,$ 3392.645,295
978,09:33:06,$ 3392.00,100
979,09:33:04,$ 3392.73,100
980,09:33:04,$ 3392.73,100
981,09:32:57,$ 3393.10,100
982,09:32:57,$ 3392.185,100
983,09:32:57,$ 3392.36,100
984,09:32:57,$ 3391.44,100
985,09:32:51,$ 3392.0372,500
986,09:32:49,$ 3391.85,100
988,09:32:45,$ 3392.82,100
989,09:32:41,$ 3395.00,100
990,09:32:41,$ 3394.42,100
991,09:32:41,$ 3395.03,100
992,09:32:40,$ 3395.0375,100
993,09:32:37,$ 3395.02,200
994,09:32:37,$ 3394.855,100
995,09:32:37,$ 3394.85,100
996,09:32:37,$ 3394.85,100
997,09:32:37,$ 3395.02,100
998,09:32:37,$ 3394.01,100
999,09:32:37,$ 3395.70,100
1000,09:32:36,$ 3393.88,100
1001,09:32:36,$ 3394.948,200
1002,09:32:36,$ 3393.93,100
1003,09:32:36,$ 3394.01,100
1004,09:32:36,$ 3393.88,100
1005,09:32:36,$ 3395.104,200
1006,09:32:36,$ 3395.104,100
1007,09:32:36,$ 3394.66,100
1009,09:32:36,$ 3394.66,100
1010,09:32:32,$ 3394.73,100
1011,09:32:32,$ 3394.93,100
1012,09:32:32,$ 3395.27,100
1013,09:32:32,$ 3395.01,100
1014,09:32:27,$ 3396.52,100
1015,09:32:26,$ 3395.80,"1,000"
1016,09:32:25,$ 3395.6643,100
1017,09:32:23,$ 3395.27,100
1018,09:32:23,$ 3395.27,100
1019,09:32:22,$ 3396.115,100
1020,09:32:22,$ 3396.16,100
1021,09:32:21,$ 3396.00,100
1022,09:32:21,$ 3396.095,100
1023,09:32:21,$ 3396.00,100
1024,09:32:16,$ 3396.8541,100
1025,09:32:13,$ 3397.9267,100
1026,09:32:10,$ 3399.20,700
1027,09:32:08,$ 3399.3969,"1,000"
1028,09:32:08,$ 3400.13,100
1030,09:32:08,$ 3399.455,500
1031,09:32:07,$ 3399.05,100
1032,09:31:57,$ 3398.6057,150
1033,09:31:48,$ 3395.28,100
1034,09:31:45,$ 3397.68,967
1035,09:31:44,$ 3397.095,130
1036,09:31:43,$ 3398.1799,"1,000"
1037,09:31:38,$ 3397.00,"1,000"
1038,09:31:38,$ 3397.00,100
1039,09:31:38,$ 3397.00,100
1040,09:31:38,$ 3396.95,100
1041,09:31:38,$ 3397.995,200
1042,09:31:36,$ 3397.5875,"1,200"
1043,09:31:27,$ 3400.7599,100
1044,09:31:26,$ 3403.125,150
1045,09:31:20,$ 3402.55,100
1046,09:31:19,$ 3403.785,100
1047,09:31:19,$ 3403.74,100
1048,09:31:19,$ 3404.99,100
1049,09:31:17,$ 3402.55,"1,000"
1051,09:31:17,$ 3403.65,100
1052,09:31:17,$ 3403.63,100
1053,09:31:17,$ 3402.9446,"1,500"
1054,09:31:16,$ 3403.81,100
1055,09:31:16,$ 3403.80,"1,500"
1056,09:31:15,$ 3402.725,300
1057,09:31:15,$ 3402.675,100
1058,09:31:14,$ 3405.00,200
1059,09:31:14,$ 3404.98,115
1060,09:31:14,$ 3403.999,100
1061,09:31:14,$ 3404.00,917
1062,09:31:14,$ 3403.99,300
1063,09:31:14,$ 3403.99,100
1064,09:31:14,$ 3403.39,100
1065,09:31:12,$ 3401.97,100
1066,09:31:11,$ 3402.00,140
1067,09:31:11,$ 3401.01,100
1068,09:31:09,$ 3397.99,100
1069,09:31:08,$ 3399.80,100
1070,09:31:08,$ 3399.25,100
1072,09:31:08,$ 3399.40,100
1073,09:31:08,$ 3399.25,100
1074,09:31:08,$ 3400.00,100
1075,09:31:08,$ 3400.00,195
1076,09:31:08,$ 3400.00,250
1077,09:31:08,$ 3400.00,100
1078,09:31:08,$ 3400.00,100
1079,09:31:08,$ 3400.00,100
1080,09:31:08,$ 3400.00,100
1081,09:31:08,$ 3400.00,100
1082,09:31:08,$ 3400.00,200
1083,09:31:08,$ 3400.00,100
1084,09:31:08,$ 3400.00,123
1085,09:31:08,$ 3400.00,100
1086,09:31:08,$ 3400.00,100
1087,09:31:08,$ 3400.00,565
1088,09:31:08,$ 3400.00,172
1089,09:31:08,$ 3400.00,965
1090,09:31:08,$ 3400.00,295
1091,09:31:08,$ 3400.00,125
1093,09:31:08,$ 3400.00,250
1094,09:31:08,$ 3400.00,126
1095,09:31:08,$ 3399.75,100
1096,09:31:08,$ 3397.87,100
1097,09:31:08,$ 3399.00,100
1098,09:31:08,$ 3398.48,100
1099,09:31:08,$ 3398.61,275
1100,09:31:08,$ 3397.96,100
1101,09:31:08,$ 3399.38,100
1102,09:31:08,$ 3399.7462,370
1103,09:31:08,$ 3399.7465,100
1104,09:31:08,$ 3397.28,100
1105,09:31:07,$ 3397.22,100
1106,09:31:07,$ 3397.00,100
1107,09:31:07,$ 3397.93,100
1108,09:31:07,$ 3398.43,100
1109,09:31:05,$ 3399.19,100
1110,09:31:05,$ 3397.67,100
1111,09:31:05,$ 3397.67,100
1112,09:31:05,$ 3399.3499,100
1114,09:31:04,$ 3397.68,100
1115,09:30:56,$ 3397.285,100
1116,09:30:54,$ 3398.36,200
1117,09:30:54,$ 3399.5999,200
1118,09:30:54,$ 3399.5999,178
1119,09:30:54,$ 3399.5999,100
1120,09:30:54,$ 3399.5999,100
1121,09:30:54,$ 3399.5999,100
1122,09:30:54,$ 3399.5999,100
1123,09:30:54,$ 3399.5999,100
1124,09:30:54,$ 3399.60,100
1125,09:30:54,$ 3399.60,100
1126,09:30:54,$ 3399.08,100
1127,09:30:54,$ 3399.28,100
1128,09:30:54,$ 3399.28,100
1129,09:30:54,$ 3399.28,100
1130,09:30:54,$ 3396.30,"1,500"
1131,09:30:54,$ 3399.257,"1,448"
1132,09:30:52,$ 3396.30,"1,000"
1133,09:30:52,$ 3399.65,100
1135,09:30:52,$ 3399.78,100
1136,09:30:52,$ 3399.755,100
1137,09:30:52,$ 3399.60,100
1138,09:30:52,$ 3399.65,122
1139,09:30:52,$ 3398.125,200
1140,09:30:52,$ 3398.125,150
1141,09:30:49,$ 3399.78,100
1142,09:30:47,$ 3397.5484,200
1143,09:30:47,$ 3396.59,100
1144,09:30:47,$ 3397.935,100
1145,09:30:45,$ 3397.7893,200
1146,09:30:45,$ 3399.42,100
1147,09:30:42,$ 3399.49,100
1148,09:30:41,$ 3398.7182,"1,200"
1149,09:30:41,$ 3398.27,148
1150,09:30:40,$ 3398.30,100
1151,09:30:37,$ 3399.00,190
1152,09:30:37,$ 3399.00,100
1153,09:30:37,$ 3399.69,100
1154,09:30:37,$ 3399.80,100
1156,09:30:35,$ 3399.81,100
1157,09:30:32,$ 3399.97,100
1158,09:30:31,$ 3399.99,100
1159,09:30:31,$ 3400.00,100
1160,09:30:31,$ 3400.00,100
1161,09:30:31,$ 3400.00,100
1162,09:30:31,$ 3400.00,100
1163,09:30:31,$ 3400.00,100
1164,09:30:31,$ 3399.00,100
1165,09:30:31,$ 3399.00,133
1166,09:30:31,$ 3399.00,264
1167,09:30:31,$ 3399.00,100
1168,09:30:31,$ 3399.00,121
1169,09:30:31,$ 3399.00,100
1170,09:30:31,$ 3399.00,115
1171,09:30:30,$ 3398.96,100
1172,09:30:30,$ 3398.78,126
1173,09:30:30,$ 3398.26,100
1174,09:30:30,$ 3398.62,100
1175,09:30:30,$ 3398.00,189
1177,09:30:29,$ 3398.00,300
1178,09:30:28,$ 3396.4327,736
1179,09:30:28,$ 3396.00,100
1180,09:30:28,$ 3394.95,100
1181,09:30:27,$ 3394.826,100
1182,09:30:27,$ 3394.95,100
1183,09:30:19,$ 3391.088,100
1184,09:30:16,$ 3390.345,140
1185,09:30:16,$ 3388.978,100
1186,09:30:16,$ 3390.345,380
1187,09:30:16,$ 3388.961,260
1188,09:30:16,$ 3389.90,100
1189,09:30:16,$ 3390.40,100
1190,09:30:16,$ 3390.56,100
1191,09:30:15,$ 3391.68,100
1192,09:30:14,$ 3391.93,243
1193,09:30:12,$ 3391.80,100
1194,09:30:12,$ 3393.08,260
1195,09:30:11,$ 3391.64,100
1196,09:30:10,$ 3393.12,100
1198,09:30:10,$ 3393.23,100
1199,09:30:10,$ 3393.40,100
1200,09:30:10,$ 3393.74,100
1201,09:30:10,$ 3392.94,100
1202,09:30:10,$ 3392.99,100
1203,09:30:10,$ 3392.94,100
1204,09:30:08,$ 3394.11,100
1205,09:30:08,$ 3394.11,100
1206,09:30:05,$ 3394.50,200
1207,09:30:05,$ 3394.495,100
1208,09:30:04,$ 3395.5825,"1,022"
1209,09:30:04,$ 3395.00,184
1210,09:30:04,$ 3393.845,100
1211,09:30:04,$ 3393.50,100
1212,09:30:03,$ 3393.515,100
1213,09:30:02,$ 3392.5825,100
1214,09:30:02,$ 3392.52,100
1215,09:30:02,$ 3392.00,207
1216,09:30:02,$ 3392.00,1
1217,09:30:02,$ 3392.00,5
1219,09:30:02,$ 3392.00,7
1220,09:30:02,$ 3392.00,9
1221,09:30:02,$ 3392.00,23
1222,09:30:02,$ 3392.00,180
1223,09:30:02,$ 3392.00,5
1224,09:30:02,$ 3392.00,2
1225,09:30:02,$ 3392.00,77
1226,09:30:02,$ 3392.00,2
1227,09:30:02,$ 3392.00,12
1228,09:30:02,$ 3392.00,2
1229,09:30:02,$ 3392.00,2
1230,09:30:02,$ 3392.00,2
1231,09:30:02,$ 3392.00,15
1232,09:30:02,$ 3392.00,1
1233,09:30:02,$ 3392.00,3
1234,09:30:02,$ 3392.00,1
1235,09:30:02,$ 3392.00,38
1236,09:30:02,$ 3392.00,1
1237,09:30:02,$ 3392.00,5
1238,09:30:02,$ 3392.00,2
1240,09:30:02,$ 3392.00,1
1241,09:30:02,$ 3392.00,2
1242,09:30:02,$ 3392.00,20
1243,09:30:02,$ 3392.00,3
1244,09:30:02,$ 3392.00,12
1245,09:30:02,$ 3392.00,14
1246,09:30:02,$ 3392.00,1
1247,09:30:02,$ 3392.00,1
1248,09:30:02,$ 3392.00,5
1249,09:30:02,$ 3392.00,6
1250,09:30:02,$ 3392.00,9
1251,09:30:02,$ 3392.00,4
1252,09:30:02,$ 3392.00,3
1253,09:30:02,$ 3392.00,3
1254,09:30:02,$ 3392.00,10
1255,09:30:02,$ 3392.00,3
1256,09:30:02,$ 3392.00,14
1257,09:30:02,$ 3392.00,12
1258,09:30:02,$ 3392.00,4
1259,09:30:02,$ 3392.00,2
1261,09:30:02,$ 3392.00,2
1262,09:30:02,$ 3392.00,3
1263,09:30:02,$ 3392.00,3
1264,09:30:02,$ 3392.00,3
1265,09:30:02,$ 3392.00,3
1266,09:30:02,$ 3392.00,4
1267,09:30:02,$ 3392.00,2
1268,09:30:02,$ 3392.00,10
1269,09:30:02,$ 3392.00,2
1270,09:30:02,$ 3392.00,1
1271,09:30:02,$ 3392.00,35
1272,09:30:02,$ 3392.00,3
1273,09:30:02,$ 3392.00,5
1274,09:30:02,$ 3392.00,1
1275,09:30:02,$ 3392.00,1
1276,09:30:02,$ 3392.00,25
1277,09:30:02,$ 3392.00,3
1278,09:30:02,$ 3392.00,72
1279,09:30:02,$ 3392.00,254
1280,09:30:02,$ 3392.00,1
1282,09:30:02,$ 3392.00,18
1283,09:30:02,$ 3392.00,3
1284,09:30:02,$ 3392.00,5
1285,09:30:02,$ 3392.00,1
1286,09:30:02,$ 3392.00,40
1287,09:30:02,$ 3392.00,2
1288,09:30:02,$ 3392.00,2
1289,09:30:02,$ 3392.00,33
1290,09:30:02,$ 3392.00,22
1291,09:30:02,$ 3392.00,12
1292,09:30:02,$ 3392.00,15
1293,09:30:02,$ 3392.00,62
1294,09:30:02,$ 3392.00,1
1295,09:30:02,$ 3392.00,222
1296,09:30:02,$ 3392.00,1
1297,09:30:02,$ 3392.00,1
1298,09:30:02,$ 3392.00,1
1299,09:30:02,$ 3392.00,2
1300,09:30:02,$ 3392.00,25
1301,09:30:02,$ 3392.00,3
1303,09:30:02,$ 3392.00,2
1304,09:30:02,$ 3392.00,2
1305,09:30:02,$ 3392.00,2
1306,09:30:02,$ 3392.00,4
1307,09:30:02,$ 3392.00,1
1308,09:30:02,$ 3392.00,10
1309,09:30:02,$ 3392.00,1
1310,09:30:02,$ 3392.00,3
1311,09:30:02,$ 3392.00,3
1312,09:30:02,$ 3392.00,3
1313,09:30:02,$ 3392.00,1
1314,09:30:02,$ 3392.00,22
1315,09:30:02,$ 3392.00,15
1316,09:30:02,$ 3392.00,1
1317,09:30:02,$ 3392.00,1
1318,09:30:02,$ 3392.00,1
1319,09:30:02,$ 3392.00,"2,000"
1320,09:30:02,$ 3392.00,1
1321,09:30:02,$ 3392.00,4
1322,09:30:02,$ 3392.00,1
1324,09:30:02,$ 3392.00,1
1325,09:30:02,$ 3392.00,1
1326,09:30:02,$ 3392.00,1
1327,09:30:02,$ 3392.00,5
1328,09:30:02,$ 3392.00,1
1329,09:30:02,$ 3392.00,1
1330,09:30:02,$ 3392.00,1
1331,09:30:02,$ 3392.00,1
1332,09:30:02,$ 3392.00,15
1333,09:30:02,$ 3392.00,8
1334,09:30:02,$ 3392.00,8
1335,09:30:02,$ 3392.00,1
1336,09:30:02,$ 3392.00,3
1337,09:30:02,$ 3392.00,1
1338,09:30:02,$ 3392.00,1
1339,09:30:02,$ 3392.00,1
1340,09:30:02,$ 3392.00,1
1341,09:30:02,$ 3392.00,30
1342,09:30:02,$ 3392.00,1
1343,09:30:02,$ 3392.00,1
1345,09:30:02,$ 3392.00,1
1346,09:30:02,$ 3392.00,1
1347,09:30:02,$ 3392.00,1
1348,09:30:02,$ 3392.00,1
1349,09:30:02,$ 3392.00,5
1350,09:30:02,$ 3392.00,11
1351,09:30:02,$ 3392.00,9
1352,09:30:02,$ 3392.00,11
1353,09:30:02,$ 3392.00,1
1354,09:30:02,$ 3392.00,4
1355,09:30:02,$ 3392.00,13
1356,09:30:02,$ 3392.00,1
1357,09:30:02,$ 3392.00,5
1358,09:30:02,$ 3392.00,10
1359,09:30:02,$ 3392.00,1
1360,09:30:02,$ 3392.00,1
1361,09:30:02,$ 3392.00,8
1362,09:30:02,$ 3392.00,158
1363,09:30:02,$ 3392.00,163
1364,09:30:02,$ 3392.00,1
1366,09:30:02,$ 3392.00,19
1367,09:30:02,$ 3392.00,5
1368,09:30:02,$ 3392.00,65
1369,09:30:02,$ 3392.00,21
1370,09:30:02,$ 3392.00,1
1371,09:30:02,$ 3392.00,1
1372,09:30:02,$ 3392.00,7
1373,09:30:02,$ 3392.00,1
1374,09:30:02,$ 3392.00,1
1375,09:30:02,$ 3392.00,5
1376,09:30:02,$ 3392.00,10
1377,09:30:02,$ 3392.00,3
1378,09:30:02,$ 3392.00,30
1379,09:30:02,$ 3392.00,7
1380,09:30:02,$ 3392.00,2
1381,09:30:02,$ 3392.00,8
1382,09:30:02,$ 3392.00,9
1383,09:30:02,$ 3392.00,6
1384,09:30:02,$ 3392.00,3
1385,09:30:02,$ 3392.00,6
1387,09:30:02,$ 3392.00,10
1388,09:30:02,$ 3392.00,3
1389,09:30:02,$ 3392.00,3
1390,09:30:02,$ 3392.00,4
1391,09:30:02,$ 3392.00,5
1392,09:30:02,$ 3392.00,5
1393,09:30:02,$ 3392.00,8
1394,09:30:02,$ 3392.00,2
1395,09:30:02,$ 3392.00,2
1396,09:30:02,$ 3392.00,20
1397,09:30:02,$ 3392.00,15
1398,09:30:02,$ 3392.00,120
1399,09:30:02,$ 3392.00,65
1400,09:30:02,$ 3392.00,1
1401,09:30:02,$ 3392.00,1
1402,09:30:02,$ 3392.00,1
1403,09:30:02,$ 3392.00,2
1404,09:30:02,$ 3392.00,3
1405,09:30:02,$ 3392.00,2
1406,09:30:02,$ 3392.00,1
1408,09:30:02,$ 3392.00,4
1409,09:30:02,$ 3392.00,22
1410,09:30:02,$ 3392.00,15
1411,09:30:02,$ 3392.00,1
1412,09:30:02,$ 3392.00,1
1413,09:30:02,$ 3392.00,1
1414,09:30:02,$ 3392.00,1
1415,09:30:02,$ 3392.00,1
1416,09:30:02,$ 3392.00,1
1417,09:30:02,$ 3392.00,1
1418,09:30:02,$ 3392.00,1
1419,09:30:02,$ 3392.00,1
1420,09:30:02,$ 3392.00,1
1421,09:30:02,$ 3392.00,1
1422,09:30:02,$ 3392.00,2
1423,09:30:02,$ 3392.00,1
1424,09:30:02,$ 3392.00,7
1425,09:30:02,$ 3392.00,1
1426,09:30:02,$ 3392.00,1
1427,09:30:02,$ 3392.00,1
1429,09:30:02,$ 3392.00,13
1430,09:30:02,$ 3392.00,3
1431,09:30:02,$ 3392.00,1
1432,09:30:02,$ 3392.00,5
1433,09:30:02,$ 3392.00,1
1434,09:30:02,$ 3392.00,1
1435,09:30:02,$ 3392.00,1
1436,09:30:02,$ 3392.00,6
1437,09:30:02,$ 3392.00,2
1438,09:30:02,$ 3392.00,4
1439,09:30:02,$ 3392.00,1
1440,09:30:02,$ 3392.00,21
1441,09:30:02,$ 3392.00,6
1442,09:30:02,$ 3392.00,16
1443,09:30:02,$ 3392.00,1
1444,09:30:02,$ 3392.00,1
1445,09:30:02,$ 3392.00,11
1446,09:30:02,$ 3392.00,1
1447,09:30:02,$ 3392.00,4
1448,09:30:02,$ 3392.00,10
1450,09:30:02,$ 3392.00,1
1451,09:30:02,$ 3392.00,1
1452,09:30:02,$ 3392.00,3
1453,09:30:02,$ 3392.00,1
1454,09:30:02,$ 3392.00,15
1455,09:30:02,$ 3392.00,1
1456,09:30:02,$ 3392.00,1
1457,09:30:02,$ 3392.00,15
1458,09:30:02,$ 3392.00,3
1459,09:30:02,$ 3392.00,4
1460,09:30:02,$ 3392.00,5
1461,09:30:02,$ 3392.00,1
1462,09:30:02,$ 3392.00,8
1463,09:30:02,$ 3392.00,10
1464,09:30:02,$ 3392.00,1
1465,09:30:02,$ 3392.00,10
1466,09:30:02,$ 3392.00,23
1467,09:30:02,$ 3392.00,1
1468,09:30:02,$ 3392.00,6
1469,09:30:02,$ 3392.00,1
1471,09:30:02,$ 3392.00,5
1472,09:30:02,$ 3392.00,4
1473,09:30:02,$ 3392.00,1
1474,09:30:02,$ 3392.00,3
1475,09:30:02,$ 3392.00,6
1476,09:30:02,$ 3392.00,1
1477,09:30:02,$ 3392.00,2
1478,09:30:02,$ 3392.00,6
1479,09:30:02,$ 3392.00,1
1480,09:30:02,$ 3392.00,6
1481,09:30:02,$ 3392.00,49
1482,09:30:02,$ 3392.00,1
1483,09:30:02,$ 3392.00,15
1484,09:30:02,$ 3392.00,2
1485,09:30:02,$ 3392.00,1
1486,09:30:02,$ 3392.00,1
1487,09:30:02,$ 3392.00,2
1488,09:30:02,$ 3392.00,1
1489,09:30:02,$ 3392.00,1
1490,09:30:02,$ 3392.00,1
1492,09:30:02,$ 3392.00,2
1493,09:30:02,$ 3392.00,3
1494,09:30:02,$ 3392.00,1
1495,09:30:02,$ 3392.00,1
1496,09:30:02,$ 3392.00,1
1497,09:30:02,$ 3392.00,1
1498,09:30:02,$ 3392.00,3
1499,09:30:02,$ 3392.00,1
1500,09:30:02,$ 3392.00,5
1501,09:30:02,$ 3392.00,3
1502,09:30:02,$ 3392.00,11
1503,09:30:02,$ 3392.00,3
1504,09:30:02,$ 3392.00,2
1505,09:30:02,$ 3392.00,1
1506,09:30:02,$ 3392.00,2
1507,09:30:02,$ 3392.00,2
1508,09:30:02,$ 3392.00,9
1509,09:30:02,$ 3392.00,2
1510,09:30:02,$ 3392.00,1
1511,09:30:02,$ 3392.00,1
1513,09:30:02,$ 3392.00,4
1514,09:30:02,$ 3392.00,2
1515,09:30:02,$ 3392.00,1
1516,09:30:02,$ 3392.00,8
1517,09:30:02,$ 3392.00,1
1518,09:30:02,$ 3392.00,2
1519,09:30:02,$ 3392.00,2
1520,09:30:02,$ 3392.00,9
1521,09:30:02,$ 3392.00,1
1522,09:30:02,$ 3392.00,2
1523,09:30:02,$ 3392.00,1
1524,09:30:02,$ 3392.00,3
1525,09:30:02,$ 3392.00,1
1526,09:30:02,$ 3392.00,3
1527,09:30:02,$ 3392.00,1
1528,09:30:02,$ 3392.00,100
1529,09:30:02,$ 3392.00,2
1530,09:30:02,$ 3392.00,3
1531,09:30:02,$ 3392.00,2
1532,09:30:02,$ 3392.00,5
1534,09:30:02,$ 3392.00,100
1535,09:30:02,$ 3392.00,3
1536,09:30:02,$ 3392.00,3
1537,09:30:02,$ 3392.00,1
1538,09:30:02,$ 3392.00,5
1539,09:30:02,$ 3392.00,1
1540,09:30:02,$ 3392.00,1
1541,09:30:02,$ 3392.00,2
1542,09:30:02,$ 3392.00,3
1543,09:30:02,$ 3392.00,14
1544,09:30:02,$ 3392.00,10
1545,09:30:02,$ 3392.00,6
1546,09:30:02,$ 3392.00,2
1547,09:30:02,$ 3392.00,2
1548,09:30:02,$ 3392.00,1
1549,09:30:02,$ 3392.00,1
1550,09:30:02,$ 3392.00,1
1551,09:30:02,$ 3392.00,1
1552,09:30:02,$ 3392.00,2
1553,09:30:02,$ 3392.00,2
1555,09:30:02,$ 3392.00,3
1556,09:30:02,$ 3392.00,1
1557,09:30:02,$ 3392.00,1
1558,09:30:02,$ 3392.00,2
1559,09:30:02,$ 3392.00,7
1560,09:30:02,$ 3392.00,14
1561,09:30:02,$ 3392.00,1
1562,09:30:02,$ 3392.00,1
1563,09:30:02,$ 3392.00,1
1564,09:30:02,$ 3392.00,5
1565,09:30:02,$ 3392.00,1
1566,09:30:02,$ 3392.00,10
1567,09:30:02,$ 3392.00,8
1568,09:30:02,$ 3392.00,11
1569,09:30:02,$ 3392.00,1
1570,09:30:02,$ 3392.00,1
1571,09:30:02,$ 3392.00,1
1572,09:30:02,$ 3392.00,16
1573,09:30:02,$ 3392.00,2
1574,09:30:02,$ 3392.00,1
1576,09:30:02,$ 3392.00,3
1577,09:30:02,$ 3392.00,1
1578,09:30:02,$ 3392.00,2
1579,09:30:02,$ 3392.00,2
1580,09:30:02,$ 3392.00,22
1581,09:30:02,$ 3392.00,23
1582,09:30:02,$ 3392.00,1
1583,09:30:02,$ 3392.00,1
1584,09:30:02,$ 3392.00,2
1585,09:30:02,$ 3392.00,2
1586,09:30:02,$ 3392.00,2
1587,09:30:02,$ 3392.00,1
1588,09:30:02,$ 3392.00,3
1589,09:30:02,$ 3392.00,1
1590,09:30:02,$ 3392.00,3
1591,09:30:02,$ 3392.00,2
1592,09:30:02,$ 3392.00,5
1593,09:30:02,$ 3392.00,11
1594,09:30:02,$ 3392.00,5
1595,09:30:02,$ 3392.00,1
1597,09:30:02,$ 3392.00,2
1598,09:30:02,$ 3392.00,4
1599,09:30:02,$ 3392.00,2
1600,09:30:02,$ 3392.00,2
1601,09:30:02,$ 3392.00,5
1602,09:30:02,$ 3392.00,2
1603,09:30:02,$ 3392.00,3
1604,09:30:02,$ 3392.00,3
1605,09:30:02,$ 3392.00,1
1606,09:30:02,$ 3392.00,2
1607,09:30:02,$ 3392.00,4
1608,09:30:02,$ 3392.00,9
1609,09:30:02,$ 3392.00,16
1610,09:30:02,$ 3392.00,4
1611,09:30:02,$ 3392.00,1
1612,09:30:02,$ 3392.00,2
1613,09:30:02,$ 3392.00,1
1614,09:30:02,$ 3392.00,1
1615,09:30:02,$ 3392.00,5
1616,09:30:02,$ 3392.00,3
1618,09:30:02,$ 3392.00,1
1619,09:30:02,$ 3392.00,1
1620,09:30:02,$ 3392.00,2
1621,09:30:02,$ 3392.00,9
1622,09:30:02,$ 3392.00,4
1623,09:30:02,$ 3392.00,1
1624,09:30:02,$ 3392.00,2
1625,09:30:02,$ 3392.00,1
1626,09:30:02,$ 3392.00,2
1627,09:30:02,$ 3392.00,10
1628,09:30:02,$ 3392.00,5
1629,09:30:02,$ 3392.00,2
1630,09:30:02,$ 3392.00,11
1631,09:30:02,$ 3392.00,2
1632,09:30:02,$ 3392.00,6
1633,09:30:02,$ 3392.00,10
1634,09:30:02,$ 3392.00,3
1635,09:30:02,$ 3392.00,4
1636,09:30:02,$ 3392.00,6
1637,09:30:02,$ 3392.00,5
1639,09:30:02,$ 3392.00,5
1640,09:30:02,$ 3392.00,2
1641,09:30:02,$ 3392.00,82
1642,09:30:02,$ 3392.00,1
1643,09:30:02,$ 3392.00,2
1644,09:30:02,$ 3392.00,1
1645,09:30:02,$ 3392.00,2
1646,09:30:02,$ 3392.00,4
1647,09:30:02,$ 3392.00,72
1648,09:30:02,$ 3392.00,5
1649,09:30:02,$ 3392.00,35
1650,09:30:02,$ 3392.00,13
1651,09:30:02,$ 3392.00,2
1652,09:30:02,$ 3392.00,12
1653,09:30:02,$ 3392.00,55
1654,09:30:02,$ 3392.00,6
1655,09:30:02,$ 3392.00,4
1656,09:30:02,$ 3392.00,1
1657,09:30:02,$ 3392.00,1
1658,09:30:02,$ 3392.00,3
1660,09:30:02,$ 3392.00,1
1661,09:30:02,$ 3392.00,1
1662,09:30:02,$ 3392.00,1
1663,09:30:02,$ 3392.00,1
1664,09:30:02,$ 3392.00,1
1665,09:30:02,$ 3392.00,1
1666,09:30:02,$ 3392.00,5
1667,09:30:02,$ 3392.00,1
1668,09:30:02,$ 3392.00,20
1669,09:30:02,$ 3392.00,4
1670,09:30:02,$ 3392.00,1
1671,09:30:02,$ 3392.00,2
1672,09:30:02,$ 3392.00,5
1673,09:30:02,$ 3392.00,15
1674,09:30:02,$ 3392.00,1
1675,09:30:02,$ 3392.00,1
1676,09:30:02,$ 3392.00,2
1677,09:30:02,$ 3392.00,1
1678,09:30:02,$ 3392.00,1
1679,09:30:02,$ 3392.00,1
1681,09:30:02,$ 3392.00,30
1682,09:30:02,$ 3392.00,1
1683,09:30:02,$ 3392.00,1
1684,09:30:02,$ 3392.00,10
1685,09:30:02,$ 3392.00,2
1686,09:30:02,$ 3392.00,1
1687,09:30:02,$ 3392.00,1
1688,09:30:02,$ 3392.00,10
1689,09:30:02,$ 3392.00,5
1690,09:30:02,$ 3392.00,2
1691,09:30:02,$ 3392.00,1
1692,09:30:02,$ 3392.00,2
1693,09:30:02,$ 3392.00,4
1694,09:30:02,$ 3392.00,2
1695,09:30:02,$ 3392.00,1
1696,09:30:02,$ 3392.00,2
1697,09:30:02,$ 3392.00,19
1698,09:30:02,$ 3392.00,92
1699,09:30:02,$ 3392.00,1
1700,09:30:02,$ 3392.00,4
1702,09:30:02,$ 3392.00,5
1703,09:30:02,$ 3392.00,1
1704,09:30:02,$ 3392.00,2
1705,09:30:02,$ 3392.00,17
1706,09:30:02,$ 3392.00,3
1707,09:30:02,$ 3392.00,4
1708,09:30:02,$ 3392.00,7
1709,09:30:02,$ 3392.00,18
1710,09:30:02,$ 3392.00,7
1711,09:30:02,$ 3392.00,3
1712,09:30:02,$ 3392.00,2
1713,09:30:02,$ 3392.00,1
1714,09:30:02,$ 3392.00,1
1715,09:30:02,$ 3392.00,2
1716,09:30:02,$ 3392.00,1
1717,09:30:02,$ 3392.00,1
1718,09:30:02,$ 3392.00,2
1719,09:30:02,$ 3392.00,1
1720,09:30:02,$ 3392.00,1
1721,09:30:02,$ 3392.00,6
1723,09:30:02,$ 3392.00,1
1724,09:30:02,$ 3392.00,8
1725,09:30:02,$ 3392.00,30
1726,09:30:02,$ 3392.00,2
1727,09:30:02,$ 3392.00,2
1728,09:30:02,$ 3392.00,1
1729,09:30:02,$ 3392.00,1
1730,09:30:02,$ 3392.00,1
1731,09:30:02,$ 3392.00,2
1732,09:30:02,$ 3392.00,1
1733,09:30:02,$ 3392.00,1
1734,09:30:02,$ 3392.00,1
1735,09:30:02,$ 3392.00,2
1736,09:30:02,$ 3392.00,1
1737,09:30:02,$ 3392.00,2
1738,09:30:02,$ 3392.00,20
1739,09:30:02,$ 3392.00,10
1740,09:30:02,$ 3392.00,1
1741,09:30:02,$ 3392.00,1
1742,09:30:02,$ 3392.00,1
1744,09:30:02,$ 3392.00,2
1745,09:30:02,$ 3392.00,1
1746,09:30:02,$ 3392.00,1
1747,09:30:02,$ 3392.00,17
1748,09:30:02,$ 3392.00,14
1749,09:30:02,$ 3392.00,1
1750,09:30:02,$ 3392.00,2
1751,09:30:02,$ 3392.00,1
1752,09:30:02,$ 3392.00,1
1753,09:30:02,$ 3392.00,1
1754,09:30:02,$ 3392.00,1
1755,09:30:02,$ 3392.00,1
1756,09:30:02,$ 3392.00,2
1757,09:30:02,$ 3392.00,1
1758,09:30:02,$ 3392.00,80
1759,09:30:02,$ 3392.00,6
1760,09:30:02,$ 3392.00,5
1761,09:30:02,$ 3392.00,1
1762,09:30:02,$ 3392.00,3
1763,09:30:02,$ 3392.00,13
1765,09:30:02,$ 3392.00,4
1766,09:30:02,$ 3392.00,32
1767,09:30:02,$ 3392.00,2
1768,09:30:02,$ 3392.00,1
1769,09:30:02,$ 3392.00,2
1770,09:30:02,$ 3392.00,1
1771,09:30:02,$ 3392.00,5
1772,09:30:02,$ 3392.00,7
1773,09:30:02,$ 3392.00,8
1774,09:30:02,$ 3392.00,20
1775,09:30:02,$ 3392.00,80
1776,09:30:02,$ 3392.00,6
1777,09:30:02,$ 3392.00,9
1778,09:30:02,$ 3392.00,1
1779,09:30:02,$ 3392.00,4
1780,09:30:02,$ 3392.00,3
1781,09:30:02,$ 3392.00,1
1782,09:30:02,$ 3392.00,5
1783,09:30:02,$ 3392.00,21
1784,09:30:02,$ 3392.00,12
1786,09:30:02,$ 3392.00,9
1787,09:30:02,$ 3392.00,3
1788,09:30:02,$ 3392.00,1
1789,09:30:02,$ 3392.00,1
1790,09:30:02,$ 3392.00,4
1791,09:30:02,$ 3392.00,5
1792,09:30:02,$ 3392.00,1
1793,09:30:02,$ 3392.00,5
1794,09:30:02,$ 3392.00,5
1795,09:30:02,$ 3392.00,2
1796,09:30:02,$ 3392.00,5
1797,09:30:02,$ 3392.00,3
1798,09:30:02,$ 3392.00,3
1799,09:30:02,$ 3392.00,1
1800,09:30:02,$ 3392.00,2
1801,09:30:02,$ 3392.00,10
1802,09:30:02,$ 3392.00,2
1803,09:30:02,$ 3392.00,1
1804,09:30:02,$ 3392.00,1
1805,09:30:02,$ 3392.00,2
1807,09:30:02,$ 3392.00,5
1808,09:30:02,$ 3392.00,2
1809,09:30:02,$ 3392.00,6
1810,09:30:02,$ 3392.00,2
1811,09:30:02,$ 3392.00,1
1812,09:30:02,$ 3392.00,1
1813,09:30:02,$ 3392.00,2
1814,09:30:02,$ 3392.00,3
1815,09:30:02,$ 3392.00,2
1816,09:30:02,$ 3392.00,1
1817,09:30:02,$ 3392.00,6
1818,09:30:02,$ 3392.00,295
1819,09:30:02,$ 3392.00,251
1820,09:30:02,$ 3392.00,12
1821,09:30:02,$ 3392.00,1
1822,09:30:02,$ 3392.00,1
1823,09:30:02,$ 3392.00,1
1824,09:30:02,$ 3392.00,2
1825,09:30:02,$ 3392.00,10
1826,09:30:02,$ 3392.00,1
1828,09:30:02,$ 3392.00,2
1829,09:30:02,$ 3392.00,1
1830,09:30:02,$ 3392.00,2
1831,09:30:02,$ 3392.00,1
1832,09:30:02,$ 3392.00,1
1833,09:30:02,$ 3392.00,1
1834,09:30:02,$ 3392.00,1
1835,09:30:02,$ 3392.00,1
1836,09:30:02,$ 3392.00,1
1837,09:30:02,$ 3392.00,1
1838,09:30:02,$ 3392.00,1
1839,09:30:02,$ 3392.00,1
1840,09:30:02,$ 3392.00,10
1841,09:30:02,$ 3392.00,11
1842,09:30:02,$ 3392.00,5
1843,09:30:02,$ 3392.00,1
1844,09:30:02,$ 3392.00,2
1845,09:30:02,$ 3392.00,2
1846,09:30:02,$ 3392.00,1
1847,09:30:02,$ 3392.00,1
1849,09:30:02,$ 3392.00,1
1850,09:30:02,$ 3392.00,1
1851,09:30:02,$ 3392.00,1
1852,09:30:02,$ 3392.00,1
1853,09:30:02,$ 3392.00,1
1854,09:30:02,$ 3392.00,1
1855,09:30:02,$ 3392.00,2
1856,09:30:02,$ 3392.00,9
1857,09:30:02,$ 3392.00,5
1858,09:30:02,$ 3392.00,4
1859,09:30:02,$ 3392.00,3
1860,09:30:02,$ 3392.00,1
1861,09:30:02,$ 3392.00,30
1862,09:30:02,$ 3392.00,17
1863,09:30:02,$ 3392.00,4
1864,09:30:02,$ 3392.00,3
1865,09:30:02,$ 3392.00,2
1866,09:30:02,$ 3392.00,20
1867,09:30:02,$ 3392.00,9
1868,09:30:02,$ 3392.00,20
1870,09:30:02,$ 3392.00,2
1871,09:30:02,$ 3392.00,5
1872,09:30:02,$ 3392.00,10
1873,09:30:02,$ 3392.00,8
1874,09:30:02,$ 3392.00,4
1875,09:30:02,$ 3392.00,19
1876,09:30:02,$ 3392.00,4
1877,09:30:02,$ 3392.00,2
1878,09:30:02,$ 3392.00,3
1879,09:30:02,$ 3392.00,3
1880,09:30:02,$ 3392.00,4
1881,09:30:02,$ 3392.00,45
1882,09:30:02,$ 3392.00,56
1883,09:30:02,$ 3392.00,3
1884,09:30:02,$ 3392.00,5
1885,09:30:02,$ 3392.00,4
1886,09:30:02,$ 3392.00,1
1887,09:30:02,$ 3392.00,10
1888,09:30:02,$ 3392.00,2
1889,09:30:02,$ 3392.00,1
1891,09:30:02,$ 3392.00,15
1892,09:30:02,$ 3392.00,1
1893,09:30:02,$ 3392.00,1
1894,09:30:02,$ 3392.00,8
1895,09:30:02,$ 3392.00,12
1896,09:30:02,$ 3392.00,15
1897,09:30:02,$ 3392.00,5
1898,09:30:02,$ 3392.00,10
1899,09:30:02,$ 3392.00,6
1900,09:30:02,$ 3392.00,1
1901,09:30:02,$ 3392.00,15
1902,09:30:02,$ 3392.00,50
1903,09:30:02,$ 3392.00,1
1904,09:30:02,$ 3392.00,3
1905,09:30:02,$ 3392.00,2
1906,09:30:02,$ 3392.00,1
1907,09:30:02,$ 3392.00,3
1908,09:30:02,$ 3392.00,1
1909,09:30:02,$ 3392.00,1
1910,09:30:02,$ 3392.00,3
1912,09:30:02,$ 3392.00,8
1913,09:30:02,$ 3392.00,7
1914,09:30:02,$ 3392.00,2
1915,09:30:02,$ 3392.00,2
1916,09:30:02,$ 3392.00,2
1917,09:30:02,$ 3392.00,2
1918,09:30:02,$ 3392.00,15
1919,09:30:02,$ 3392.00,45
1920,09:30:02,$ 3392.00,1
1921,09:30:02,$ 3392.00,3
1922,09:30:02,$ 3392.00,4
1923,09:30:02,$ 3392.00,4
1924,09:30:02,$ 3392.00,2
1925,09:30:02,$ 3392.00,1
1926,09:30:02,$ 3392.00,1
1927,09:30:02,$ 3392.00,1
1928,09:30:02,$ 3392.00,2
1929,09:30:02,$ 3392.00,6
1930,09:30:02,$ 3392.00,8
1931,09:30:02,$ 3392.00,1
1933,09:30:02,$ 3392.00,1
1934,09:30:02,$ 3392.00,1
1935,09:30:02,$ 3392.00,1
1936,09:30:02,$ 3392.00,5
1937,09:30:02,$ 3392.00,1
1938,09:30:02,$ 3392.00,5
1939,09:30:02,$ 3392.00,2
1940,09:30:02,$ 3392.00,10
1941,09:30:02,$ 3392.00,1
1942,09:30:02,$ 3392.00,7
1943,09:30:02,$ 3392.00,20
1944,09:30:02,$ 3392.00,1
1945,09:30:02,$ 3392.00,3
1946,09:30:02,$ 3392.00,1
1947,09:30:02,$ 3392.00,3
1948,09:30:02,$ 3392.00,1
1949,09:30:02,$ 3392.00,7
1950,09:30:02,$ 3392.00,1
1951,09:30:02,$ 3392.00,1
1952,09:30:02,$ 3392.00,3
1954,09:30:02,$ 3392.00,148
1955,09:30:02,$ 3392.00,27
1956,09:30:02,$ 3392.00,24
1957,09:30:02,$ 3392.00,5
1958,09:30:02,$ 3392.00,4
1959,09:30:02,$ 3392.00,6
1960,09:30:02,$ 3392.00,60
1961,09:30:02,$ 3392.00,35
1962,09:30:02,$ 3392.00,24
1963,09:30:02,$ 3392.00,48
1964,09:30:02,$ 3392.00,15
1965,09:30:02,$ 3392.00,4
1966,09:30:02,$ 3392.00,1
1967,09:30:02,$ 3392.00,1
1968,09:30:02,$ 3392.00,2
1969,09:30:02,$ 3392.00,10
1970,09:30:02,$ 3392.00,58
1971,09:30:02,$ 3392.00,2
1972,09:30:02,$ 3392.00,5
1973,09:30:02,$ 3392.00,1
1975,09:30:02,$ 3392.00,1
1976,09:30:02,$ 3392.00,88
1977,09:30:02,$ 3392.00,1
1978,09:30:02,$ 3392.00,59
1979,09:30:02,$ 3392.00,59
1980,09:30:02,$ 3392.00,2
1981,09:30:02,$ 3392.00,58
1982,09:30:02,$ 3392.00,1
1983,09:30:02,$ 3392.00,17
1984,09:30:02,$ 3392.00,1
1985,09:30:02,$ 3392.00,1
1986,09:30:02,$ 3392.00,2
1987,09:30:02,$ 3392.00,4
1988,09:30:02,$ 3392.00,4
1989,09:30:02,$ 3392.00,59
1990,09:30:02,$ 3392.00,59
1991,09:30:02,$ 3392.00,5
1992,09:30:02,$ 3392.00,14
1993,09:30:02,$ 3392.00,1
1994,09:30:02,$ 3392.00,5
1996,09:30:02,$ 3392.00,1
1997,09:30:02,$ 3392.00,58
1998,09:30:02,$ 3392.00,1
1999,09:30:02,$ 3392.00,500
2000,09:30:02,$ 3392.00,59
2001,09:30:02,$ 3392.00,2
2002,09:30:02,$ 3392.00,17
2003,09:30:02,$ 3392.00,31
2004,09:30:02,$ 3392.00,28
2005,09:30:02,$ 3392.00,29
2006,09:30:02,$ 3392.00,25
2007,09:30:02,$ 3392.00,59
2008,09:30:02,$ 3392.00,15
2009,09:30:02,$ 3392.00,1
2010,09:30:02,$ 3392.00,50
2011,09:30:02,$ 3392.00,58
2012,09:30:02,$ 3392.00,59
2013,09:30:02,$ 3392.00,6
2014,09:30:02,$ 3392.00,100
2015,09:30:02,$ 3392.00,500
2017,09:30:02,$ 3392.00,3
2018,09:30:02,$ 3392.00,300
2019,09:30:02,$ 3392.00,20
2020,09:30:02,$ 3392.00,1
2021,09:30:02,$ 3392.00,1
2022,09:30:02,$ 3392.00,191
2023,09:30:02,$ 3392.00,59
2024,09:30:02,$ 3392.00,58
2025,09:30:02,$ 3392.00,59
2026,09:30:02,$ 3392.00,58
2027,09:30:02,$ 3392.00,59
2028,09:30:02,$ 3392.00,59
2029,09:30:02,$ 3392.00,58
2030,09:30:02,$ 3392.00,59
2031,09:30:02,$ 3392.00,10
2032,09:30:02,$ 3392.00,59
2033,09:30:02,$ 3392.00,58
2034,09:30:02,$ 3392.00,14
2035,09:30:02,$ 3392.00,88
2036,09:30:02,$ 3392.00,8
2038,09:30:02,$ 3392.00,29
2039,09:30:02,$ 3392.00,2
2040,09:30:02,$ 3392.00,8
2041,09:30:02,$ 3392.00,8
2042,09:30:02,$ 3392.00,59
2043,09:30:02,$ 3392.00,20
2044,09:30:02,$ 3392.00,59
2045,09:30:02,$ 3392.00,58
2046,09:30:02,$ 3392.00,59
2047,09:30:02,$ 3392.00,59
2048,09:30:02,$ 3392.00,58
2049,09:30:02,$ 3392.00,59
2050,09:30:02,$ 3392.00,59
2051,09:30:02,$ 3392.00,3
2052,09:30:02,$ 3392.00,7
2053,09:30:02,$ 3392.00,1
2054,09:30:02,$ 3392.00,1
2055,09:30:02,$ 3392.00,2
2056,09:30:02,$ 3392.00,4
2057,09:30:02,$ 3392.00,1
2059,09:30:02,$ 3392.00,3
2060,09:30:02,$ 3392.00,2
2061,09:30:02,$ 3392.00,2
2062,09:30:02,$ 3392.00,3
2063,09:30:02,$ 3392.00,10
2064,09:30:02,$ 3392.00,1
2065,09:30:02,$ 3392.00,1
2066,09:30:02,$ 3392.00,1
2067,09:30:02,$ 3392.00,9
2068,09:30:02,$ 3392.00,1
2069,09:30:02,$ 3392.00,3
2070,09:30:02,$ 3392.00,2
2071,09:30:02,$ 3392.00,30
2072,09:30:02,$ 3392.00,4
2073,09:30:02,$ 3392.00,19
2074,09:30:02,$ 3392.00,1
2075,09:30:02,$ 3392.00,58
2076,09:30:02,$ 3392.00,59
2077,09:30:02,$ 3392.00,59
2078,09:30:02,$ 3392.00,58
2080,09:30:02,$ 3392.00,59
2081,09:30:02,$ 3392.00,11
2082,09:30:02,$ 3392.00,59
2083,09:30:02,$ 3392.00,58
2084,09:30:02,$ 3392.00,59
2085,09:30:02,$ 3392.00,59
2086,09:30:02,$ 3392.00,58
2087,09:30:02,$ 3392.00,59
2088,09:30:02,$ 3392.00,1
2089,09:30:02,$ 3392.00,58
2090,09:30:02,$ 3392.00,59
2091,09:30:02,$ 3392.00,59
2092,09:30:02,$ 3392.00,58
2093,09:30:02,$ 3392.00,59
2094,09:30:02,$ 3392.00,59
2095,09:30:02,$ 3392.00,58
2096,09:30:02,$ 3392.00,59
2097,09:30:02,$ 3392.00,59
2098,09:30:02,$ 3392.00,58
2099,09:30:02,$ 3392.00,59
2101,09:30:02,$ 3392.00,59
2102,09:30:02,$ 3392.00,58
2103,09:30:02,$ 3392.00,59
2104,09:30:02,$ 3392.00,59
2105,09:30:02,$ 3392.00,58
2106,09:30:02,$ 3392.00,59
2107,09:30:02,$ 3392.00,59
2108,09:30:02,$ 3392.00,58
2109,09:30:02,$ 3392.00,59
2110,09:30:02,$ 3392.00,59
2111,09:30:02,$ 3392.00,58
2112,09:30:02,$ 3392.00,59
2113,09:30:02,$ 3392.00,58
2114,09:30:02,$ 3392.00,59
2115,09:30:02,$ 3392.00,59
2116,09:30:02,$ 3392.00,58
2117,09:30:02,$ 3392.00,59
2118,09:30:02,$ 3392.00,59
2119,09:30:02,$ 3392.00,30
2120,09:30:02,$ 3392.00,29
2122,09:30:02,$ 3392.00,30
2123,09:30:02,$ 3392.00,30
2124,09:30:02,$ 3392.00,30
2125,09:30:02,$ 3392.00,30
2126,09:30:02,$ 3392.00,30
2127,09:30:02,$ 3392.00,29
2128,09:30:02,$ 3392.00,30
2129,09:30:02,$ 3392.00,30
2130,09:30:02,$ 3392.00,1
2131,09:30:02,$ 3392.00,409
2132,09:30:02,$ 3392.00,294
2133,09:30:02,$ 3392.00,42
2134,09:30:02,$ 3392.00,3
2135,09:30:02,$ 3392.00,1
2136,09:30:02,$ 3392.00,2
2137,09:30:02,$ 3392.00,28
2138,09:30:02,$ 3392.00,5
2139,09:30:02,$ 3392.00,3
2140,09:30:02,$ 3392.00,387
2141,09:30:02,$ 3392.00,3
2143,09:30:02,$ 3392.00,1
2144,09:30:02,$ 3392.00,1
2145,09:30:02,$ 3392.00,1
2146,09:30:02,$ 3392.00,1
2147,09:30:02,$ 3392.00,1
2148,09:30:02,$ 3392.00,1
2149,09:30:02,$ 3392.00,1
2150,09:30:02,$ 3392.00,1
2151,09:30:02,$ 3392.00,1
2152,09:30:02,$ 3392.00,1
2153,09:30:02,$ 3392.00,1
2154,09:30:02,$ 3392.00,1
2155,09:30:02,$ 3392.00,155
2156,09:30:02,$ 3392.00,4
2157,09:30:02,$ 3392.00,1
2158,09:30:02,$ 3392.00,3
2159,09:30:02,$ 3392.00,1
2160,09:30:02,$ 3392.00,1
2161,09:30:02,$ 3392.00,1
2162,09:30:02,$ 3392.00,1
2164,09:30:02,$ 3392.00,1
2165,09:30:02,$ 3392.00,1
2166,09:30:02,$ 3392.00,1
2167,09:30:02,$ 3392.00,1
2168,09:30:02,$ 3392.00,5
2169,09:30:02,$ 3392.00,1
2170,09:30:02,$ 3392.00,1
2171,09:30:02,$ 3392.00,3
2172,09:30:02,$ 3392.00,3
2173,09:30:02,$ 3392.00,1
2174,09:30:02,$ 3392.00,2
2175,09:30:02,$ 3392.00,1
2176,09:30:02,$ 3392.00,1
2177,09:30:02,$ 3392.00,1
2178,09:30:02,$ 3392.00,1
2179,09:30:02,$ 3392.00,1
2180,09:30:02,$ 3392.00,4
2181,09:30:02,$ 3392.00,"3,000"
2182,09:30:02,$ 3392.00,980
2183,09:30:02,$ 3392.00,100
2185,09:30:02,$ 3392.00,5
2186,09:30:02,$ 3392.00,8
2187,09:30:02,$ 3392.00,1
2188,09:30:02,$ 3392.00,1
2189,09:30:02,$ 3392.00,2
2190,09:30:02,$ 3392.00,1
2191,09:30:02,$ 3392.00,4
2192,09:30:02,$ 3392.00,4
2193,09:30:02,$ 3392.00,1
2194,09:30:02,$ 3392.00,5
2195,09:30:02,$ 3392.00,15
2196,09:30:02,$ 3392.00,3
2197,09:30:02,$ 3392.00,2
2198,09:30:02,$ 3392.00,1
2199,09:30:02,$ 3392.00,3
2200,09:30:02,$ 3392.00,1
2201,09:30:02,$ 3392.00,6
2202,09:30:02,$ 3392.00,2
2203,09:30:02,$ 3392.00,1
2204,09:30:02,$ 3392.00,5
2206,09:30:02,$ 3392.00,2
2207,09:30:02,$ 3392.00,1
2208,09:30:02,$ 3392.00,1
2209,09:30:02,$ 3392.00,5
2210,09:30:02,$ 3392.00,4
2211,09:30:02,$ 3392.00,25
2212,09:30:02,$ 3392.00,5
2213,09:30:02,$ 3392.00,2
2214,09:30:02,$ 3392.00,2
2215,09:30:02,$ 3392.00,10
2216,09:30:02,$ 3392.00,1
2217,09:30:02,$ 3392.00,1
2218,09:30:02,$ 3392.00,5
2219,09:30:02,$ 3392.00,1
2220,09:30:02,$ 3392.00,1
2221,09:30:02,$ 3392.00,5
2222,09:30:02,$ 3392.00,1
2223,09:30:02,$ 3392.00,6
2224,09:30:02,$ 3392.00,200
2225,09:30:02,$ 3392.00,126
2227,09:30:02,$ 3392.00,100
2228,09:30:02,$ 3392.00,5
2229,09:30:02,$ 3392.00,8
2230,09:30:02,$ 3392.00,100
2231,09:30:02,$ 3392.00,100
2232,09:30:02,$ 3392.00,100
2233,09:30:02,$ 3392.00,126
2234,09:30:02,$ 3392.00,2
2235,09:30:02,$ 3392.00,10
2236,09:30:02,$ 3392.00,1
2237,09:30:02,$ 3392.00,200
2238,09:30:02,$ 3392.00,2
2239,09:30:02,$ 3392.00,23
2240,09:30:02,$ 3392.00,1
2241,09:30:02,$ 3392.00,10
2242,09:30:02,$ 3392.00,5
2243,09:30:02,$ 3392.00,2
2244,09:30:02,$ 3392.00,2
2245,09:30:02,$ 3392.00,4
2246,09:30:02,$ 3392.00,1
2248,09:30:02,$ 3392.00,6
2249,09:30:02,$ 3392.00,9
2250,09:30:02,$ 3392.00,5
2251,09:30:02,$ 3392.00,302
2252,09:30:02,$ 3392.00,1
2253,09:30:02,$ 3392.00,50
2254,09:30:02,$ 3392.00,162
2255,09:30:02,$ 3392.00,131
2256,09:30:02,$ 3392.00,350
2257,09:30:02,$ 3392.00,8
2258,09:30:02,$ 3392.00,3
2259,09:30:02,$ 3392.00,247
2260,09:30:02,$ 3392.00,176
2261,09:30:02,$ 3392.00,10
2262,09:30:02,$ 3392.00,1
2263,09:30:02,$ 3392.00,6
2264,09:30:02,$ 3392.00,2
2265,09:30:02,$ 3392.00,9
2266,09:30:02,$ 3392.00,352
2267,09:30:02,$ 3392.00,1
2269,09:30:02,$ 3392.00,1
2270,09:30:02,$ 3392.00,5
2271,09:30:02,$ 3392.00,2
2272,09:30:02,$ 3392.00,1
2273,09:30:02,$ 3392.00,45
2274,09:30:02,$ 3392.00,1
2275,09:30:02,$ 3392.00,265
2276,09:30:02,$ 3392.00,1
2277,09:30:02,$ 3392.00,2
2278,09:30:02,$ 3392.00,50
2279,09:30:02,$ 3392.00,2
2280,09:30:02,$ 3392.00,12
2281,09:30:02,$ 3392.00,25
2282,09:30:02,$ 3392.00,4
2283,09:30:02,$ 3392.00,2
2284,09:30:02,$ 3392.00,81
2285,09:30:02,$ 3392.00,123
2286,09:30:02,$ 3392.00,246
2287,09:30:02,$ 3392.00,3
2288,09:30:02,$ 3392.00,2
2290,09:30:02,$ 3392.00,2
2291,09:30:02,$ 3392.00,47
2292,09:30:02,$ 3392.00,14
2293,09:30:02,$ 3392.00,2
2294,09:30:02,$ 3392.00,71
2295,09:30:02,$ 3392.00,18
2296,09:30:02,$ 3392.00,5
2297,09:30:02,$ 3392.00,8
2298,09:30:02,$ 3392.00,76
2299,09:30:02,$ 3392.00,19
2300,09:30:02,$ 3392.00,17
2301,09:30:02,$ 3392.00,1
2302,09:30:02,$ 3392.00,30
2303,09:30:02,$ 3392.00,10
2304,09:30:02,$ 3392.00,20
2305,09:30:02,$ 3392.00,2
2306,09:30:02,$ 3392.00,1
2307,09:30:02,$ 3392.00,2
2308,09:30:02,$ 3392.00,1
2309,09:30:02,$ 3392.00,1
2311,09:30:02,$ 3392.00,200
2312,09:30:02,$ 3392.00,18
2313,09:30:02,$ 3392.00,4
2314,09:30:02,$ 3392.00,2
2315,09:30:02,$ 3392.00,40
2316,09:30:02,$ 3392.00,61
2317,09:30:02,$ 3392.00,90
2318,09:30:02,$ 3392.00,3
2319,09:30:02,$ 3392.00,150
2320,09:30:02,$ 3392.00,2
2321,09:30:02,$ 3392.00,1
2322,09:30:02,$ 3392.00,251
2323,09:30:02,$ 3392.00,10
2324,09:30:02,$ 3392.00,3
2325,09:30:02,$ 3392.00,100
2326,09:30:02,$ 3392.00,1
2327,09:30:02,$ 3392.00,4
2328,09:30:02,$ 3392.00,100
2329,09:30:02,$ 3392.00,1
2330,09:30:02,$ 3392.00,3
2332,09:30:02,$ 3392.00,1
2333,09:30:02,$ 3392.00,"1,100"
2334,09:30:02,$ 3392.00,1
2335,09:30:02,$ 3392.00,13
2336,09:30:02,$ 3392.00,50
2337,09:30:02,$ 3392.00,3
2338,09:30:02,$ 3392.00,2
2339,09:30:02,$ 3392.00,1
2340,09:30:02,$ 3392.00,2
2341,09:30:02,$ 3392.00,1
2342,09:30:02,$ 3392.00,12
2343,09:30:02,$ 3392.00,5
2344,09:30:02,$ 3392.00,2
2345,09:30:02,$ 3392.00,7
2346,09:30:02,$ 3392.00,4
2347,09:30:02,$ 3392.00,40
2348,09:30:02,$ 3392.00,7
2349,09:30:02,$ 3392.00,4
2350,09:30:02,$ 3392.00,4
2351,09:30:02,$ 3392.00,1
2353,09:30:02,$ 3392.00,1
2354,09:30:02,$ 3392.00,5
2355,09:30:02,$ 3392.00,12
2356,09:30:02,$ 3392.00,9
2357,09:30:02,$ 3392.00,17
2358,09:30:02,$ 3392.00,11
2359,09:30:02,$ 3392.00,15
2360,09:30:02,$ 3392.00,2
2361,09:30:02,$ 3392.00,107
2362,09:30:02,$ 3392.00,6
2363,09:30:02,$ 3392.00,1
2364,09:30:02,$ 3392.00,3
2365,09:30:02,$ 3392.00,6
2366,09:30:02,$ 3392.00,887
2367,09:30:02,$ 3392.00,1
2368,09:30:02,$ 3392.00,1
2369,09:30:02,$ 3392.00,8
2370,09:30:02,$ 3392.00,2
2371,09:30:02,$ 3392.00,2
2372,09:30:02,$ 3392.00,1
2374,09:30:02,$ 3392.00,1
2375,09:30:02,$ 3392.00,53
2376,09:30:02,$ 3392.00,2
2377,09:30:02,$ 3392.00,5
2378,09:30:02,$ 3392.00,1
2379,09:30:02,$ 3392.00,4
2380,09:30:02,$ 3392.00,245
2381,09:30:02,$ 3392.00,1
2382,09:30:02,$ 3392.00,10
2383,09:30:02,$ 3392.00,2
2384,09:30:02,$ 3392.00,1
2385,09:30:02,$ 3392.00,159
2386,09:30:02,$ 3392.00,1
2387,09:30:02,$ 3392.00,30
2388,09:30:02,$ 3392.00,15
2389,09:30:02,$ 3392.00,5
2390,09:30:02,$ 3392.00,2
2391,09:30:02,$ 3392.00,25
2392,09:30:02,$ 3392.00,2
2393,09:30:02,$ 3392.00,2
2395,09:30:02,$ 3392.00,1
2396,09:30:02,$ 3392.00,4
2397,09:30:02,$ 3392.00,2
2398,09:30:02,$ 3392.00,2
2399,09:30:02,$ 3392.00,3
2400,09:30:02,$ 3392.00,15
2401,09:30:02,$ 3392.00,1
2402,09:30:02,$ 3392.00,13
2403,09:30:02,$ 3392.00,3
2404,09:30:02,$ 3392.00,3
2405,09:30:02,$ 3392.00,35
2406,09:30:02,$ 3392.00,1
2407,09:30:02,$ 3392.00,3
2408,09:30:02,$ 3392.00,2
2409,09:30:02,$ 3392.00,2
2410,09:30:02,$ 3392.00,4
2411,09:30:02,$ 3392.00,4
2412,09:30:02,$ 3392.00,1
2413,09:30:02,$ 3392.00,24
2414,09:30:02,$ 3392.00,1
2416,09:30:02,$ 3392.00,7
2417,09:30:02,$ 3392.00,1
2418,09:30:02,$ 3392.00,1
2419,09:30:02,$ 3392.00,9
2420,09:30:02,$ 3392.00,184
2421,09:30:02,$ 3392.00,7
2422,09:30:02,$ 3392.00,20
2423,09:30:02,$ 3392.00,1
2424,09:30:02,$ 3392.00,1
2425,09:30:02,$ 3392.00,11
2426,09:30:02,$ 3392.00,1
2427,09:30:02,$ 3392.00,297
2428,09:30:02,$ 3392.00,5
2429,09:30:02,$ 3392.00,25
2430,09:30:02,$ 3392.00,3
2431,09:30:02,$ 3392.00,5
2432,09:30:02,$ 3392.00,1
2433,09:30:02,$ 3392.00,1
2434,09:30:02,$ 3392.00,1
2435,09:30:02,$ 3392.00,3
2437,09:30:02,$ 3392.00,1
2438,09:30:02,$ 3392.00,50
2439,09:30:02,$ 3392.00,5
2440,09:30:02,$ 3392.00,5
2441,09:30:02,$ 3392.00,2
2442,09:30:02,$ 3392.00,50
2443,09:30:02,$ 3392.00,1
2444,09:30:02,$ 3392.00,1
2445,09:30:02,$ 3392.00,2
2446,09:30:02,$ 3392.00,1
2447,09:30:02,$ 3392.00,2
2448,09:30:02,$ 3392.00,3
2449,09:30:02,$ 3392.00,19
2450,09:30:02,$ 3391.13,100
2451,09:30:01,$ 3391.72,100
2452,09:30:01,$ 3391.72,100
2453,09:30:01,$ 3391.13,100
2454,09:30:01,$ 3389.96,300
2455,09:30:01,$ 3389.96,199
2457,10:29:57,$ 3413.75,100
2458,10:29:57,$ 3414.49,100
2459,10:29:51,$ 3414.515,200
2460,10:29:49,$ 3413.99,100
2461,10:29:49,$ 3413.99,100
2462,10:29:42,$ 3413.1714,300
2463,10:29:40,$ 3413.35,100
2464,10:29:40,$ 3413.30,100
2465,10:29:40,$ 3413.35,100
2466,10:29:07,$ 3412.94,100
2467,10:29:05,$ 3412.9025,100
2468,10:29:04,$ 3412.885,100
2469,10:29:00,$ 3412.82,100
2470,10:29:00,$ 3412.84,100
2471,10:29:00,$ 3412.80,100
2472,10:28:56,$ 3412.575,100
2473,10:28:52,$ 3412.54,100
2474,10:28:40,$ 3412.3192,200
2475,10:28:37,$ 3412.59,100
2476,10:28:37,$ 3412.48,100
2478,10:28:37,$ 3412.47,100
2479,10:28:28,$ 3412.69,100
2480,10:28:27,$ 3412.30,100
2481,10:28:19,$ 3412.7433,300
2482,10:28:15,$ 3413.30,100
2483,10:28:15,$ 3413.26,100
2484,10:28:15,$ 3413.25,100
2485,10:28:10,$ 3413.2901,143
2486,10:28:06,$ 3413.88,100
2487,10:28:01,$ 3414.17,100
2488,10:28:01,$ 3414.04,100
2489,10:28:01,$ 3414.30,100
2490,10:28:01,$ 3414.27,100
2491,10:27:55,$ 3414.63,100
2492,10:27:53,$ 3414.685,100
2493,10:27:48,$ 3414.705,100
2494,10:27:24,$ 3415.005,100
2495,10:27:22,$ 3415.5606,500
2496,10:27:18,$ 3415.71,100
2497,10:27:18,$ 3415.71,100
2499,10:27:17,$ 3416.38,200
2500,10:27:09,$ 3416.39,100
2501,10:27:09,$ 3416.135,300
2502,10:27:06,$ 3416.19,100
2503,10:27:05,$ 3416.185,100
2504,10:27:04,$ 3416.68,100
2505,10:27:04,$ 3416.68,100
2506,10:27:04,$ 3416.43,182
2507,10:27:02,$ 3416.7339,293
2508,10:27:02,$ 3415.16,100
2509,10:27:02,$ 3415.97,324
2510,10:27:02,$ 3415.97,100
2511,10:26:55,$ 3415.70,100
2512,10:26:52,$ 3415.215,100
2513,10:26:49,$ 3414.545,100
2514,10:26:49,$ 3415.00,100
2515,10:26:49,$ 3414.54,100
2516,10:26:48,$ 3414.75,100
2517,10:26:47,$ 3413.27,150
2518,10:26:42,$ 3413.18,100
2520,10:26:40,$ 3413.18,100
2521,10:26:40,$ 3413.21,100
2522,10:26:40,$ 3413.04,100
2523,10:26:40,$ 3413.04,184
2524,10:26:40,$ 3413.04,205
2525,10:26:40,$ 3413.52,100
2526,10:26:40,$ 3413.06,100
2527,10:26:40,$ 3413.47,100
2528,10:26:40,$ 3413.18,100
2529,10:26:39,$ 3413.54,100
2530,10:26:34,$ 3413.82,100
2531,10:26:28,$ 3413.95,143
2532,10:26:28,$ 3413.95,100
2533,10:26:28,$ 3413.97,100
2534,10:26:28,$ 3414.025,117
2535,10:26:28,$ 3413.79,100
2536,10:26:28,$ 3414.26,100
2537,10:26:28,$ 3414.20,100
2538,10:26:28,$ 3414.26,100
2539,10:26:27,$ 3414.26,100
2541,10:26:25,$ 3414.245,100
2542,10:26:21,$ 3414.145,100
2543,10:26:21,$ 3414.18,100
2544,10:26:21,$ 3413.8175,122
2545,10:26:11,$ 3414.09,100
2546,10:26:10,$ 3414.11,100
2547,10:26:10,$ 3414.11,100
2548,10:26:10,$ 3414.10,100
2549,10:26:10,$ 3414.27,100
2550,10:26:07,$ 3414.28,100
2551,10:26:06,$ 3414.6011,266
2552,10:26:06,$ 3414.822,100
2553,10:26:06,$ 3414.83,100
2554,10:26:06,$ 3415.12,100
2555,10:26:03,$ 3414.742,100
2556,10:25:58,$ 3415.04,100
2557,10:25:54,$ 3415.54,100
2558,10:25:46,$ 3415.34,100
2559,10:25:25,$ 3415.0225,100
2560,10:25:24,$ 3415.7093,249
2562,10:25:23,$ 3415.4375,100
2563,10:25:11,$ 3415.59,100
2564,10:25:08,$ 3415.20,100
2565,10:25:04,$ 3414.82,100
2566,10:25:04,$ 3415.43,100
2567,10:25:04,$ 3415.07,100
2568,10:25:04,$ 3415.08,100
2569,10:24:59,$ 3415.80,100
2570,10:24:58,$ 3415.48,200
2571,10:24:51,$ 3415.00,100
2572,10:24:47,$ 3414.95,100
2573,10:24:45,$ 3414.92,100
2574,10:24:44,$ 3415.19,100
2575,10:24:26,$ 3414.69,100
2576,10:24:26,$ 3414.82,100
2577,10:24:26,$ 3414.84,100
2578,10:24:26,$ 3415.31,100
2579,10:24:25,$ 3415.76,100
2580,10:24:15,$ 3415.80,100
2581,10:24:08,$ 3415.72,100
2583,10:24:07,$ 3414.99,100
2584,10:24:01,$ 3414.705,100
2585,10:23:42,$ 3414.275,100
2586,10:23:33,$ 3414.61,100
2587,10:23:33,$ 3414.39,100
2588,10:23:33,$ 3414.55,100
2589,10:23:30,$ 3414.00,100
2590,10:23:30,$ 3414.00,239
2591,10:23:30,$ 3414.00,412
2592,10:23:24,$ 3414.175,100
2593,10:23:17,$ 3413.96,100
2594,10:23:00,$ 3413.64,100
2595,10:22:56,$ 3413.56,100
2596,10:22:46,$ 3413.185,100
2597,10:22:37,$ 3412.65,200
2598,10:22:36,$ 3413.14,100
2599,10:22:36,$ 3412.612,100
2600,10:22:35,$ 3413.40,100
2601,10:22:34,$ 3413.54,100
2602,10:22:34,$ 3413.48,100
2604,10:22:30,$ 3413.05,100
2605,10:22:30,$ 3413.13,100
2606,10:22:25,$ 3414.405,100
2607,10:22:25,$ 3413.87,100
2608,10:22:01,$ 3414.06,100
2609,10:22:00,$ 3415.00,312
2610,10:22:00,$ 3414.97,100
2611,10:22:00,$ 3415.00,391
2612,10:22:00,$ 3415.15,100
2613,10:21:59,$ 3415.50,100
2614,10:21:59,$ 3415.00,100
2615,10:21:54,$ 3415.70,100
2616,10:21:51,$ 3415.71,100
2617,10:21:51,$ 3415.71,289
2618,10:21:51,$ 3415.5799,195
2619,10:21:51,$ 3415.58,195
2620,10:21:50,$ 3415.22,100
2621,10:21:39,$ 3415.135,100
2622,10:21:37,$ 3414.76,100
2623,10:21:36,$ 3414.79,100
2625,10:21:26,$ 3415.16,100
2626,10:21:25,$ 3415.34,100
2627,10:21:23,$ 3414.87,100
2628,10:21:19,$ 3415.285,100
2629,10:21:19,$ 3415.35,120
2630,10:21:07,$ 3415.00,"1,100"
2631,10:21:01,$ 3414.70,"1,000"
2632,10:20:59,$ 3414.34,100
2633,10:20:54,$ 3413.99,100
2634,10:20:51,$ 3414.10,100
2635,10:20:33,$ 3413.99,100
2636,10:20:32,$ 3413.58,100
2637,10:20:30,$ 3413.17,100
2638,10:20:18,$ 3413.12,100
2639,10:20:18,$ 3413.12,100
2640,10:20:16,$ 3413.7886,100
2641,10:20:15,$ 3412.95,100
2642,10:20:15,$ 3412.99,290
2643,10:20:15,$ 3412.99,102
2644,10:19:58,$ 3412.63,100
2646,10:19:44,$ 3413.01,100
2647,10:19:38,$ 3412.96,100
2648,10:19:38,$ 3412.95,100
2649,10:19:38,$ 3413.48,120
2650,10:19:28,$ 3413.475,339
2651,10:19:28,$ 3413.47,100
2652,10:19:26,$ 3412.95,253
2653,10:19:22,$ 3413.55,170
2654,10:19:22,$ 3413.56,100
2655,10:19:22,$ 3414.00,100
2656,10:19:22,$ 3414.00,100
2657,10:19:21,$ 3413.44,100
2658,10:19:17,$ 3413.085,100
2659,10:19:13,$ 3412.93,100
2660,10:19:13,$ 3412.88,100
2661,10:19:13,$ 3412.93,100
2662,10:19:13,$ 3412.535,100
2663,10:19:06,$ 3412.535,100
2664,10:18:58,$ 3412.535,150
2665,10:18:54,$ 3412.1214,291
2667,10:18:54,$ 3412.22,100
2668,10:18:54,$ 3412.542,100
2669,10:18:54,$ 3412.59,100
2670,10:18:54,$ 3412.53,100
2671,10:18:51,$ 3412.89,100
2672,10:18:24,$ 3413.43,100
2673,10:18:24,$ 3413.36,100
2674,10:18:23,$ 3413.39,100
2675,10:18:18,$ 3413.7298,100
2676,10:18:15,$ 3413.56,100
2677,10:18:13,$ 3413.20,100
2678,10:18:12,$ 3412.83,100
2679,10:18:07,$ 3412.52,100
2680,10:18:04,$ 3412.12,100
2681,10:18:04,$ 3412.391,100
2682,10:18:04,$ 3412.391,100
2683,10:18:04,$ 3412.30,100
2684,10:18:04,$ 3412.3324,100
2685,10:18:04,$ 3412.32,100
2686,10:18:04,$ 3412.59,100
2688,10:17:50,$ 3412.92,100
2689,10:17:50,$ 3412.62,100
2690,10:17:50,$ 3412.92,200
2691,10:17:50,$ 3412.83,100
2692,10:17:23,$ 3411.92,100
2693,10:17:23,$ 3412.58,100
2694,10:17:18,$ 3412.7777,100
2695,10:17:08,$ 3412.28,300
2696,10:17:08,$ 3413.10,100
2697,10:17:06,$ 3413.07,100
2698,10:17:02,$ 3413.29,100
2699,10:16:58,$ 3412.96,100
2700,10:16:52,$ 3412.89,100
2701,10:16:47,$ 3411.96,100
2702,10:16:25,$ 3411.35,100
2703,10:16:23,$ 3411.00,100
2704,10:16:19,$ 3410.59,100
2705,10:16:18,$ 3410.56,100
2706,10:16:18,$ 3410.56,100
2707,10:16:18,$ 3410.58,310
2709,10:16:18,$ 3410.54,100
2710,10:16:17,$ 3410.56,100
2711,10:16:04,$ 3410.085,100
2712,10:16:04,$ 3410.085,100
2713,10:15:59,$ 3409.67,114
2714,10:15:59,$ 3409.66,100
2715,10:15:59,$ 3409.67,100
2716,10:15:46,$ 3410.45,100
2717,10:15:46,$ 3410.82,100
2718,10:15:35,$ 3410.74,100
2719,10:15:35,$ 3410.73,100
2720,10:15:18,$ 3411.305,100
2721,10:15:18,$ 3411.305,100
2722,10:15:18,$ 3411.30,100
2723,10:15:08,$ 3411.295,100
2724,10:15:05,$ 3411.33,100
2725,10:14:52,$ 3410.93,100
2726,10:14:51,$ 3411.00,100
2727,10:14:49,$ 3411.00,100
2728,10:14:47,$ 3410.92,100
2730,10:14:47,$ 3411.01,100
2731,10:14:47,$ 3411.30,100
2732,10:14:47,$ 3411.99,100
2733,10:14:47,$ 3410.92,100
2734,10:14:46,$ 3411.45,100
2735,10:14:46,$ 3411.04,100
2736,10:14:46,$ 3410.99,100
2737,10:14:46,$ 3410.485,100
2738,10:14:46,$ 3410.91,100
2739,10:14:46,$ 3410.80,100
2740,10:14:46,$ 3410.88,100
2741,10:14:46,$ 3410.32,100
2742,10:14:46,$ 3410.55,100
2743,10:14:46,$ 3410.47,100
2744,10:14:46,$ 3410.47,100
2745,10:14:46,$ 3410.51,100
2746,10:14:46,$ 3410.64,100
2747,10:14:46,$ 3410.33,100
2748,10:14:46,$ 3410.35,100
2749,10:14:39,$ 3409.995,139
2751,10:14:28,$ 3410.17,100
2752,10:14:27,$ 3409.99,190
2753,10:14:22,$ 3409.8863,101
2754,10:14:21,$ 3410.42,100
2755,10:14:14,$ 3410.44,100
2756,10:14:14,$ 3410.44,149
2757,10:14:14,$ 3410.44,100
2758,10:14:14,$ 3410.44,100
2759,10:14:09,$ 3410.305,100
2760,10:14:09,$ 3409.76,100
2761,10:14:08,$ 3410.38,100
2762,10:14:03,$ 3410.38,100
2763,10:14:03,$ 3410.465,100
2764,10:14:03,$ 3410.44,100
2765,10:14:03,$ 3410.45,100
2766,10:14:03,$ 3410.485,200
2767,10:14:03,$ 3410.45,100
2768,10:14:00,$ 3409.78,100
2769,10:13:59,$ 3410.38,100
2770,10:13:58,$ 3410.29,100
2772,10:13:58,$ 3410.29,100
2773,10:13:58,$ 3410.38,100
2774,10:13:58,$ 3410.39,100
2775,10:13:58,$ 3410.44,100
2776,10:13:57,$ 3410.285,100
2777,10:13:57,$ 3410.03,100
2778,10:13:36,$ 3409.88,100
2779,10:13:36,$ 3409.88,100
2780,10:13:34,$ 3410.05,200
2781,10:13:34,$ 3410.10,200
2782,10:13:28,$ 3410.38,100
2783,10:13:25,$ 3410.22,100
2784,10:13:24,$ 3410.00,100
2785,10:13:24,$ 3410.08,100
2786,10:13:24,$ 3410.00,100
2787,10:13:24,$ 3410.01,100
2788,10:13:24,$ 3410.08,100
2789,10:13:24,$ 3410.00,100
2790,10:13:24,$ 3410.00,100
2791,10:13:24,$ 3410.04,100
2793,10:13:24,$ 3410.025,100
2794,10:13:23,$ 3410.06,100
2795,10:13:23,$ 3410.00,100
2796,10:13:23,$ 3410.00,100
2797,10:13:23,$ 3409.64,100
2798,10:13:23,$ 3409.65,100
2799,10:13:22,$ 3409.2498,146
2800,10:13:19,$ 3409.01,100
2801,10:13:19,$ 3409.01,100
2802,10:13:19,$ 3409.91,100
2803,10:13:16,$ 3409.01,100
2804,10:13:14,$ 3410.04,100
2805,10:13:14,$ 3410.03,100
2806,10:13:14,$ 3410.00,100
2807,10:13:14,$ 3410.00,696
2808,10:13:14,$ 3410.00,100
2809,10:13:14,$ 3410.14,100
2810,10:13:06,$ 3410.18,100
2811,10:13:03,$ 3411.10,100
2812,10:13:03,$ 3411.22,100
2814,10:12:59,$ 3410.81,100
2815,10:12:46,$ 3411.44,100
2816,10:12:41,$ 3412.07,100
2817,10:12:39,$ 3411.81,100
2818,10:12:39,$ 3411.68,100
2819,10:12:35,$ 3412.07,100
2820,10:12:22,$ 3412.125,100
2821,10:12:15,$ 3411.70,100
2822,10:12:15,$ 3411.62,100
2823,10:12:08,$ 3412.03,100
2824,10:12:07,$ 3412.18,100
2825,10:12:04,$ 3411.70,100
2826,10:12:04,$ 3411.70,100
2827,10:12:04,$ 3411.72,100
2828,10:11:54,$ 3411.82,100
2829,10:11:54,$ 3411.86,100
2830,10:11:52,$ 3411.83,167
2831,10:11:49,$ 3411.73,300
2832,10:11:49,$ 3411.73,100
2833,10:11:40,$ 3411.83,100
2835,10:11:38,$ 3411.54,100
2836,10:11:38,$ 3411.54,100
2837,10:11:38,$ 3411.72,100
2838,10:11:26,$ 3412.1932,100
2839,10:11:20,$ 3411.78,100
2840,10:11:20,$ 3412.12,100
2841,10:11:09,$ 3412.60,100
2842,10:11:09,$ 3412.42,100
2843,10:11:08,$ 3412.70,100
2844,10:10:57,$ 3411.505,100
2845,10:10:57,$ 3412.00,100
2846,10:10:48,$ 3411.498,500
2847,10:10:47,$ 3411.8492,100
2848,10:10:42,$ 3411.62,100
2849,10:10:42,$ 3411.1101,100
2850,10:10:42,$ 3411.31,100
2851,10:10:42,$ 3411.31,400
2852,10:10:39,$ 3411.6199,200
2853,10:10:28,$ 3412.4736,100
2854,10:10:26,$ 3412.08,100
2856,10:10:17,$ 3411.8825,397
2857,10:10:17,$ 3412.00,100
2858,10:10:17,$ 3412.00,100
2859,10:10:17,$ 3411.71,100
2860,10:10:17,$ 3411.70,100
2861,10:10:16,$ 3412.845,100
2862,10:10:16,$ 3412.87,100
2863,10:10:12,$ 3413.21,100
2864,10:10:09,$ 3413.32,200
2865,10:10:06,$ 3412.62,268
2866,10:10:05,$ 3411.615,100
2867,10:10:05,$ 3412.16,100
2868,10:10:05,$ 3412.05,100
2869,10:10:05,$ 3411.94,100
2870,10:10:05,$ 3412.11,100
2871,10:10:05,$ 3411.6925,250
2872,10:09:59,$ 3412.01,100
2873,10:09:59,$ 3412.44,100
2874,10:09:57,$ 3411.93,100
2875,10:09:52,$ 3411.9299,200
2877,10:09:45,$ 3411.78,100
2878,10:09:45,$ 3411.74,150
2879,10:09:37,$ 3411.79,100
2880,10:09:37,$ 3411.895,100
2881,10:09:32,$ 3411.69,100
2882,10:09:32,$ 3411.14,100
2883,10:09:32,$ 3411.66,100
2884,10:09:32,$ 3411.66,100
2885,10:09:32,$ 3411.47,100
2886,10:09:32,$ 3411.59,100
2887,10:09:32,$ 3411.6862,100
2888,10:09:32,$ 3411.66,100
2889,10:09:32,$ 3411.66,100
2890,10:09:28,$ 3411.00,100
2891,10:09:22,$ 3410.57,100
2892,10:09:21,$ 3409.7362,100
2893,10:09:20,$ 3409.80,100
2894,10:09:15,$ 3410.43,100
2895,10:09:06,$ 3409.505,100
2896,10:09:05,$ 3409.51,100
2898,10:09:04,$ 3409.51,100
2899,10:09:02,$ 3409.34,100
2900,10:08:57,$ 3409.1874,112
2901,10:08:57,$ 3409.1874,331
2902,10:08:56,$ 3408.57,100
2903,10:08:55,$ 3409.15,156
2904,10:08:55,$ 3409.65,100
2905,10:08:52,$ 3409.46,200
2906,10:08:47,$ 3409.45,100
2907,10:08:47,$ 3409.65,100
2908,10:08:47,$ 3410.00,100
2909,10:08:47,$ 3410.00,100
2910,10:08:43,$ 3410.68,100
2911,10:08:42,$ 3410.77,100
2912,10:08:40,$ 3410.68,406
2913,10:08:40,$ 3410.72,100
2914,10:08:39,$ 3412.13,100
2915,10:08:39,$ 3411.63,100
2916,10:08:39,$ 3412.26,100
2917,10:08:39,$ 3412.26,100
2919,10:08:39,$ 3411.76,100
2920,10:08:39,$ 3412.406,100
2921,10:08:39,$ 3412.01,100
2922,10:08:39,$ 3412.505,100
2923,10:08:39,$ 3412.505,100
2924,10:08:39,$ 3412.05,100
2925,10:08:39,$ 3412.25,100
2926,10:08:31,$ 3412.35,100
2927,10:08:26,$ 3412.92,100
2928,10:08:19,$ 3412.34,100
2929,10:08:19,$ 3413.062,100
2930,10:08:19,$ 3413.09,100
2931,10:08:18,$ 3413.12,100
2932,10:08:16,$ 3412.595,100
2933,10:08:16,$ 3412.81,100
2934,10:08:15,$ 3412.04,100
2935,10:08:15,$ 3412.70,100
2936,10:08:10,$ 3411.995,100
2937,10:08:03,$ 3412.79,100
2938,10:08:03,$ 3412.70,100
2940,10:08:02,$ 3412.40,100
2941,10:07:57,$ 3411.99,400
2942,10:07:57,$ 3412.00,745
2943,10:07:57,$ 3412.07,200
2944,10:07:54,$ 3412.5168,100
2945,10:07:51,$ 3412.10,100
2946,10:07:51,$ 3412.07,100
2947,10:07:50,$ 3412.05,100
2948,10:07:48,$ 3411.86,100
2949,10:07:47,$ 3412.05,100
2950,10:07:46,$ 3412.065,400
2951,10:07:45,$ 3412.06,100
2952,10:07:45,$ 3411.4934,"1,000"
2953,10:07:42,$ 3412.21,"1,000"
2954,10:07:41,$ 3411.77,254
2955,10:07:41,$ 3412.2484,546
2956,10:07:40,$ 3411.67,100
2957,10:07:34,$ 3411.435,100
2958,10:07:34,$ 3411.57,100
2959,10:07:33,$ 3411.00,400
2961,10:07:33,$ 3410.90,100
2962,10:07:33,$ 3410.95,100
2963,10:07:33,$ 3410.95,100
2964,10:07:28,$ 3410.95,200
2965,10:07:27,$ 3410.47,100
2966,10:07:25,$ 3410.344,270
2967,10:07:22,$ 3410.3584,100
2968,10:07:19,$ 3410.21,100
2969,10:07:19,$ 3410.00,100
2970,10:07:19,$ 3409.99,100
2971,10:07:19,$ 3409.99,100
2972,10:07:19,$ 3409.91,100
2973,10:07:06,$ 3409.5125,100
2974,10:07:06,$ 3409.53,100
2975,10:07:05,$ 3409.695,100
2976,10:07:05,$ 3409.58,100
2977,10:07:05,$ 3409.50,100
2978,10:07:05,$ 3409.49,100
2979,10:07:05,$ 3409.49,144
2980,10:07:03,$ 3410.33,100
2982,10:07:03,$ 3410.32,100
2983,10:07:00,$ 3409.99,100
2984,10:06:57,$ 3410.8155,400
2985,10:06:56,$ 3410.56,100
2986,10:06:55,$ 3410.7987,100
2987,10:06:53,$ 3410.5699,100
2988,10:06:52,$ 3410.70,100
2989,10:06:50,$ 3410.21,280
2990,10:06:50,$ 3410.9999,100
2991,10:06:50,$ 3410.60,100
2992,10:06:49,$ 3410.005,100
2993,10:06:47,$ 3409.75,100
2994,10:06:47,$ 3409.5385,876
2995,10:06:47,$ 3409.5385,104
2996,10:06:46,$ 3410.00,100
2997,10:06:46,$ 3410.00,100
2998,10:06:46,$ 3410.00,300
2999,10:06:46,$ 3410.00,100
3000,10:06:46,$ 3410.00,163
3001,10:06:46,$ 3410.00,100
3003,10:06:43,$ 3409.49,100
3004,10:06:36,$ 3408.66,401
3005,10:06:32,$ 3408.4526,100
3006,10:06:30,$ 3408.00,310
3007,10:06:05,$ 3407.96,100
3008,10:06:05,$ 3408.00,189
3009,10:06:05,$ 3407.8593,100
3010,10:06:00,$ 3407.62,300
3011,10:06:00,$ 3408.00,100
3012,10:05:58,$ 3406.7404,300
3013,10:05:52,$ 3407.60,100
3014,10:05:36,$ 3407.18,100
3015,10:05:35,$ 3407.748,500
3016,10:05:19,$ 3408.475,100
3017,10:05:19,$ 3407.62,100
3018,10:05:17,$ 3408.56,100
3019,10:05:15,$ 3408.555,100
3020,10:05:12,$ 3408.9999,100
3021,10:05:12,$ 3408.76,100
3022,10:05:12,$ 3408.395,200
3024,10:05:11,$ 3408.29,100
3025,10:05:11,$ 3408.60,100
3026,10:05:08,$ 3407.17,100
3027,10:05:04,$ 3406.667,497
3028,10:05:03,$ 3405.9993,200
3029,10:05:01,$ 3407.77,100
3030,10:05:00,$ 3407.36,187
3031,10:05:00,$ 3407.00,721
3032,10:05:00,$ 3407.00,100
3033,10:05:00,$ 3406.54,100
3034,10:05:00,$ 3406.34,100
3035,10:04:58,$ 3406.30,100
3036,10:04:56,$ 3406.07,100
3037,10:04:56,$ 3406.07,100
3038,10:04:56,$ 3406.05,100
3039,10:04:50,$ 3405.95,100
3040,10:04:48,$ 3405.00,100
3041,10:04:48,$ 3405.00,300
3042,10:04:48,$ 3405.00,100
3043,10:04:48,$ 3405.00,100
3045,10:04:44,$ 3404.96,100
3046,10:04:42,$ 3404.565,100
3047,10:04:42,$ 3404.29,100
3048,10:04:41,$ 3404.60,100
3049,10:04:33,$ 3404.4401,300
3050,10:04:24,$ 3405.27,200
3051,10:04:24,$ 3405.275,100
3052,10:04:22,$ 3404.41,200
3053,10:04:18,$ 3403.56,100
3054,10:04:14,$ 3403.1201,130
3055,10:04:01,$ 3402.85,100
3056,10:04:01,$ 3402.99,"1,747"
3057,10:04:01,$ 3402.9998,100
3058,10:04:01,$ 3402.958,100
3059,10:04:01,$ 3402.95,100
3060,10:04:01,$ 3402.95,100
3061,10:03:59,$ 3402.39,100
3062,10:03:59,$ 3402.41,100
3063,10:03:58,$ 3402.77,100
3064,10:03:57,$ 3402.30,100
3066,10:03:57,$ 3402.30,100
3067,10:03:56,$ 3402.5521,500
3068,10:03:50,$ 3402.045,100
3069,10:03:49,$ 3401.97,100
3070,10:03:44,$ 3401.45,100
3071,10:03:42,$ 3402.00,100
3072,10:03:42,$ 3401.78,100
3073,10:03:42,$ 3402.14,100
3074,10:03:41,$ 3402.36,200
3075,10:03:39,$ 3402.70,100
3076,10:03:34,$ 3402.47,100
3077,10:03:34,$ 3403.05,100
3078,10:03:34,$ 3402.87,100
3079,10:03:32,$ 3403.38,100
3080,10:03:22,$ 3403.21,100
3081,10:03:22,$ 3403.21,100
3082,10:03:22,$ 3403.21,100
3083,10:03:22,$ 3403.21,100
3084,10:03:19,$ 3402.99,100
3085,10:02:57,$ 3402.912,280
3087,10:02:50,$ 3403.63,100
3088,10:02:46,$ 3403.49,100
3089,10:02:46,$ 3403.26,100
3090,10:02:41,$ 3403.51,100
3091,10:02:41,$ 3403.87,100
3092,10:02:41,$ 3403.82,100
3093,10:02:29,$ 3403.30,100
3094,10:02:29,$ 3403.31,100
3095,10:02:29,$ 3403.08,100
3096,10:02:26,$ 3403.0975,128
3097,10:02:24,$ 3403.30,114
3098,10:02:21,$ 3402.84,100
3099,10:02:21,$ 3402.82,100
3100,10:02:21,$ 3403.41,100
3101,10:02:21,$ 3403.46,100
3102,10:02:12,$ 3403.55,500
3103,10:02:07,$ 3403.00,132
3104,10:02:07,$ 3403.88,100
3105,10:02:07,$ 3403.81,100
3106,10:02:07,$ 3403.83,100
3108,10:02:02,$ 3403.47,100
3109,10:01:59,$ 3403.20,120
3110,10:01:54,$ 3402.80,100
3111,10:01:44,$ 3403.0338,250
3112,10:01:44,$ 3402.89,100
3113,10:01:33,$ 3404.02,100
3114,10:01:29,$ 3404.05,100
3115,10:01:28,$ 3404.41,100
3116,10:01:23,$ 3405.39,200
3117,10:01:18,$ 3405.22,100
3118,10:00:57,$ 3405.23,100
3119,10:00:49,$ 3405.0853,280
3120,10:00:46,$ 3405.82,500
3121,10:00:43,$ 3405.93,222
3122,10:00:42,$ 3405.93,100
3123,10:00:42,$ 3405.745,100
3124,10:00:40,$ 3405.00,100
3125,10:00:35,$ 3405.82,193
3126,10:00:29,$ 3405.14,100
3127,10:00:27,$ 3405.8192,150
3129,10:00:26,$ 3405.9852,209
3130,10:00:23,$ 3405.22,100
3131,10:00:22,$ 3405.23,226
3132,10:00:21,$ 3406.095,100
3133,10:00:18,$ 3406.25,227
3134,10:00:07,$ 3406.75,100
3135,10:00:01,$ 3407.37,100
3136,10:00:01,$ 3406.79,100
3137,10:00:01,$ 3406.76,100
3139,10:59:54,$ 3409.8217,100
3140,10:59:53,$ 3410.48,100
3141,10:59:53,$ 3410.61,290
3142,10:59:53,$ 3411.00,100
3143,10:59:51,$ 3411.41,280
3144,10:59:50,$ 3411.84,100
3145,10:59:50,$ 3411.50,100
3146,10:59:44,$ 3411.80,180
3147,10:59:44,$ 3411.345,100
3148,10:59:35,$ 3411.555,100
3149,10:59:24,$ 3411.52,100
3150,10:59:08,$ 3412.00,100
3151,10:59:03,$ 3411.995,100
3152,10:59:01,$ 3411.975,100
3153,10:58:15,$ 3411.70,100
3154,10:57:54,$ 3411.35,100
3155,10:57:53,$ 3411.154,100
3156,10:57:53,$ 3411.15,100
3157,10:57:52,$ 3411.50,100
3158,10:57:35,$ 3411.0918,147
3160,10:57:20,$ 3412.46,100
3161,10:57:19,$ 3412.73,119
3162,10:57:19,$ 3413.18,100
3163,10:57:18,$ 3412.45,100
3164,10:57:18,$ 3412.49,100
3165,10:57:18,$ 3412.49,100
3166,10:57:12,$ 3412.46,100
3167,10:56:53,$ 3412.97,100
3168,10:56:52,$ 3412.48,100
3169,10:56:30,$ 3412.56,100
3170,10:56:05,$ 3413.00,100
3171,10:55:19,$ 3411.46,100
3172,10:55:18,$ 3411.24,100
3173,10:55:18,$ 3411.40,100
3174,10:55:07,$ 3411.5286,100
3175,10:55:01,$ 3411.86,100
3176,10:55:00,$ 3411.66,100
3177,10:55:00,$ 3411.69,100
3178,10:55:00,$ 3411.74,100
3179,10:55:00,$ 3411.74,100
3181,10:54:20,$ 3411.375,200
3182,10:54:18,$ 3411.50,100
3183,10:54:00,$ 3412.384,100
3184,10:53:58,$ 3412.605,200
3185,10:53:46,$ 3412.51,100
3186,10:53:22,$ 3411.69,200
3187,10:52:57,$ 3412.07,100
3188,10:52:53,$ 3411.53,200
3189,10:52:50,$ 3412.39,100
3190,10:52:50,$ 3412.29,100
3191,10:52:33,$ 3412.06,100
3192,10:52:32,$ 3412.07,100
3193,10:52:27,$ 3411.5462,100
3194,10:52:15,$ 3412.679,293
3195,10:52:14,$ 3412.89,100
3196,10:52:14,$ 3412.89,100
3197,10:52:14,$ 3412.88,100
3198,10:52:14,$ 3412.85,100
3199,10:52:14,$ 3412.22,100
3200,10:52:11,$ 3412.165,100
3202,10:52:09,$ 3412.155,100
3203,10:52:09,$ 3412.155,100
3204,10:51:56,$ 3412.105,100
3205,10:51:53,$ 3412.16,100
3206,10:51:52,$ 3412.6375,200
3207,10:51:47,$ 3412.97,100
3208,10:51:41,$ 3413.25,100
3209,10:51:41,$ 3413.37,100
3210,10:51:39,$ 3413.374,274
3211,10:51:39,$ 3413.374,687
3212,10:51:29,$ 3413.22,100
3213,10:51:28,$ 3412.97,100
3214,10:51:28,$ 3412.83,100
3215,10:51:28,$ 3412.97,100
3216,10:51:28,$ 3413.37,100
3217,10:51:27,$ 3412.98,100
3218,10:51:25,$ 3413.2448,100
3219,10:51:16,$ 3413.4145,142
3220,10:51:12,$ 3413.2577,200
3221,10:51:12,$ 3412.96,200
3223,10:51:11,$ 3413.00,100
3224,10:51:11,$ 3412.98,100
3225,10:51:11,$ 3413.00,100
3226,10:51:11,$ 3412.93,100
3227,10:51:02,$ 3412.23,100
3228,10:50:58,$ 3412.39,100
3229,10:50:58,$ 3412.23,100
3230,10:50:28,$ 3411.235,100
3231,10:50:28,$ 3411.00,293
3232,10:50:19,$ 3410.60,100
3233,10:49:51,$ 3410.42,100
3234,10:49:28,$ 3409.0754,100
3235,10:49:27,$ 3409.204,199
3236,10:49:25,$ 3409.616,272
3237,10:49:19,$ 3409.0691,200
3238,10:49:15,$ 3409.54,100
3239,10:49:15,$ 3409.53,100
3240,10:49:12,$ 3410.2451,400
3241,10:49:00,$ 3410.09,100
3242,10:48:52,$ 3410.41,100
3244,10:48:52,$ 3410.17,100
3245,10:48:50,$ 3409.54,100
3246,10:48:49,$ 3409.7301,100
3247,10:48:49,$ 3409.7301,100
3248,10:48:42,$ 3410.43,100
3249,10:48:42,$ 3410.43,100
3250,10:48:42,$ 3410.39,100
3251,10:48:40,$ 3410.43,100
3252,10:48:39,$ 3410.44,199
3253,10:48:27,$ 3409.924,300
3254,10:48:25,$ 3410.23,100
3255,10:48:24,$ 3409.88,100
3256,10:48:20,$ 3410.26,100
3257,10:48:07,$ 3409.5789,127
3258,10:47:47,$ 3408.09,100
3259,10:47:42,$ 3407.7197,200
3260,10:47:33,$ 3407.90,100
3261,10:47:32,$ 3407.66,100
3262,10:47:32,$ 3408.4195,100
3263,10:47:31,$ 3408.18,100
3265,10:47:30,$ 3407.47,100
3266,10:47:21,$ 3407.28,100
3267,10:47:20,$ 3407.665,100
3268,10:47:20,$ 3407.63,100
3269,10:47:08,$ 3407.54,100
3270,10:47:05,$ 3407.71,100
3271,10:46:57,$ 3407.83,100
3272,10:46:35,$ 3407.49,100
3273,10:46:33,$ 3407.21,100
3274,10:46:21,$ 3407.30,100
3275,10:46:21,$ 3407.29,100
3276,10:46:20,$ 3407.8157,400
3277,10:46:08,$ 3406.85,100
3278,10:46:08,$ 3407.11,100
3279,10:46:08,$ 3407.07,100
3280,10:46:08,$ 3407.01,100
3281,10:46:02,$ 3407.54,100
3282,10:46:01,$ 3408.05,100
3283,10:46:01,$ 3408.00,100
3284,10:46:01,$ 3407.97,100
3286,10:45:58,$ 3408.52,100
3287,10:45:53,$ 3408.48,100
3288,10:45:52,$ 3407.98,100
3289,10:45:52,$ 3407.9742,175
3290,10:45:45,$ 3407.78,100
3291,10:45:45,$ 3407.65,100
3292,10:45:43,$ 3407.84,100
3293,10:45:41,$ 3407.80,100
3294,10:45:41,$ 3407.80,100
3295,10:45:34,$ 3408.13,200
3296,10:45:23,$ 3408.41,240
3297,10:45:23,$ 3408.41,100
3298,10:45:23,$ 3408.43,100
3299,10:45:23,$ 3408.41,100
3300,10:45:14,$ 3408.64,100
3301,10:45:14,$ 3408.61,100
3302,10:45:12,$ 3409.08,100
3303,10:45:10,$ 3408.784,100
3304,10:45:06,$ 3409.06,100
3305,10:45:06,$ 3409.06,100
3307,10:45:06,$ 3409.06,100
3308,10:45:00,$ 3409.82,170
3309,10:44:54,$ 3409.835,100
3310,10:44:44,$ 3409.57,100
3311,10:44:30,$ 3409.474,100
3312,10:44:18,$ 3409.45,100
3313,10:44:17,$ 3409.4532,117
3314,10:44:16,$ 3410.22,100
3315,10:44:16,$ 3410.10,100
3316,10:43:58,$ 3411.06,100
3317,10:43:57,$ 3411.12,100
3318,10:43:36,$ 3411.615,100
3319,10:43:13,$ 3412.3329,200
3320,10:42:57,$ 3412.20,100
3321,10:42:57,$ 3412.17,100
3322,10:42:49,$ 3411.77,147
3323,10:42:36,$ 3412.16,100
3324,10:42:33,$ 3411.30,100
3325,10:42:29,$ 3411.30,100
3326,10:42:27,$ 3411.089,100
3328,10:42:26,$ 3411.00,"1,685"
3329,10:42:26,$ 3410.96,100
3330,10:42:17,$ 3409.66,100
3331,10:41:48,$ 3409.24,100
3332,10:41:45,$ 3408.74,100
3333,10:41:45,$ 3408.73,100
3334,10:41:45,$ 3408.73,100
3335,10:41:45,$ 3408.74,100
3336,10:41:45,$ 3408.83,200
3337,10:41:45,$ 3408.74,100
3338,10:41:45,$ 3408.74,100
3339,10:41:43,$ 3408.62,100
3340,10:41:38,$ 3408.8257,200
3341,10:41:16,$ 3408.62,100
3342,10:41:11,$ 3408.62,100
3343,10:41:03,$ 3408.10,500
3344,10:40:51,$ 3408.60,100
3345,10:40:51,$ 3409.09,100
3346,10:40:51,$ 3409.08,100
3347,10:40:51,$ 3409.05,100
3349,10:40:47,$ 3409.8492,100
3350,10:40:46,$ 3409.02,100
3351,10:40:45,$ 3408.46,100
3352,10:40:45,$ 3408.46,100
3353,10:40:45,$ 3409.01,100
3354,10:40:44,$ 3409.1301,269
3355,10:40:42,$ 3409.50,100
3356,10:40:42,$ 3409.50,200
3357,10:40:32,$ 3409.66,100
3358,10:40:28,$ 3410.04,100
3359,10:40:21,$ 3409.90,100
3360,10:40:21,$ 3410.00,100
3361,10:40:19,$ 3410.555,100
3362,10:40:19,$ 3410.13,100
3363,10:40:19,$ 3410.41,100
3364,10:40:03,$ 3410.86,100
3365,10:40:02,$ 3410.88,100
3366,10:40:02,$ 3410.88,100
3367,10:40:02,$ 3410.91,100
3368,10:39:50,$ 3410.6164,100
3370,10:39:47,$ 3411.10,100
3371,10:39:42,$ 3411.32,100
3372,10:39:42,$ 3411.37,100
3373,10:39:42,$ 3411.37,100
3374,10:39:40,$ 3410.77,100
3375,10:39:40,$ 3410.77,100
3376,10:39:33,$ 3411.255,200
3377,10:39:25,$ 3411.56,100
3378,10:39:19,$ 3412.00,200
3379,10:39:19,$ 3412.05,100
3380,10:39:19,$ 3412.04,100
3381,10:39:10,$ 3412.2723,445
3382,10:39:10,$ 3412.89,100
3383,10:39:07,$ 3412.99,100
3384,10:38:49,$ 3413.68,100
3385,10:38:41,$ 3413.79,100
3386,10:38:41,$ 3413.73,100
3387,10:38:33,$ 3413.17,200
3388,10:38:22,$ 3413.05,100
3389,10:38:18,$ 3413.62,100
3391,10:38:10,$ 3413.7869,250
3392,10:38:07,$ 3413.77,100
3393,10:37:34,$ 3413.62,100
3394,10:37:31,$ 3413.61,100
3395,10:37:24,$ 3414.37,200
3396,10:37:20,$ 3414.28,100
3397,10:37:06,$ 3413.17,100
3398,10:37:04,$ 3413.055,100
3399,10:37:03,$ 3413.36,100
3400,10:36:49,$ 3413.68,100
3401,10:36:49,$ 3413.68,100
3402,10:36:49,$ 3412.96,100
3403,10:36:30,$ 3411.955,100
3404,10:36:29,$ 3412.08,100
3405,10:36:27,$ 3412.61,100
3406,10:36:27,$ 3412.60,100
3407,10:36:13,$ 3412.43,100
3408,10:36:13,$ 3412.20,100
3409,10:36:13,$ 3412.28,100
3410,10:36:13,$ 3412.32,100
3412,10:36:11,$ 3411.76,100
3413,10:36:04,$ 3412.14,100
3414,10:35:46,$ 3412.1722,100
3415,10:35:39,$ 3411.775,100
3416,10:35:38,$ 3411.25,100
3417,10:35:38,$ 3411.775,100
3418,10:35:25,$ 3411.35,100
3419,10:35:24,$ 3411.40,100
3420,10:35:23,$ 3411.665,200
3421,10:35:21,$ 3411.3967,100
3422,10:35:21,$ 3411.00,100
3423,10:35:21,$ 3410.53,100
3424,10:35:14,$ 3410.59,100
3425,10:35:14,$ 3410.58,100
3426,10:35:11,$ 3411.06,100
3427,10:35:08,$ 3411.15,100
3428,10:35:03,$ 3410.643,183
3429,10:34:59,$ 3410.41,100
3430,10:34:59,$ 3410.41,100
3431,10:34:55,$ 3410.42,100
3433,10:34:48,$ 3410.54,100
3434,10:34:44,$ 3410.86,100
3435,10:34:44,$ 3410.85,100
3436,10:34:41,$ 3411.00,200
3437,10:34:37,$ 3411.742,100
3438,10:34:35,$ 3411.50,100
3439,10:34:26,$ 3412.03,195
3440,10:34:26,$ 3412.03,205
3441,10:34:20,$ 3412.025,200
3442,10:34:06,$ 3412.24,100
3443,10:34:06,$ 3412.08,100
3444,10:34:02,$ 3413.09,100
3445,10:33:54,$ 3412.98,100
3446,10:33:54,$ 3412.98,100
3447,10:33:37,$ 3413.27,100
3448,10:33:37,$ 3413.26,100
3449,10:33:37,$ 3413.27,152
3450,10:33:31,$ 3413.22,100
3451,10:33:31,$ 3413.20,100
3452,10:33:23,$ 3413.34,100
3454,10:33:15,$ 3411.41,100
3455,10:33:14,$ 3411.335,100
3456,10:33:12,$ 3411.65,100
3457,10:33:11,$ 3411.61,100
3458,10:33:11,$ 3411.70,100
3459,10:33:11,$ 3411.69,100
3460,10:33:08,$ 3411.823,100
3461,10:33:03,$ 3412.04,100
3462,10:33:03,$ 3412.00,100
3463,10:33:03,$ 3412.00,369
3464,10:33:03,$ 3412.00,201
3465,10:33:03,$ 3412.00,100
3466,10:33:00,$ 3412.44,600
3467,10:33:00,$ 3412.46,100
3468,10:33:00,$ 3412.04,100
3469,10:32:59,$ 3412.06,100
3470,10:32:59,$ 3412.07,100
3471,10:32:59,$ 3412.13,100
3472,10:32:59,$ 3412.06,100
3473,10:32:59,$ 3412.07,100
3475,10:32:59,$ 3412.08,100
3476,10:32:59,$ 3412.08,100
3477,10:32:59,$ 3412.06,100
3478,10:32:59,$ 3412.31,100
3479,10:32:59,$ 3412.21,100
3480,10:32:59,$ 3412.15,100
3481,10:32:58,$ 3412.72,100
3482,10:32:50,$ 3412.58,100
3483,10:32:50,$ 3412.61,200
3484,10:32:48,$ 3412.72,100
3485,10:32:47,$ 3413.12,100
3486,10:32:42,$ 3413.47,100
3487,10:32:42,$ 3413.925,100
3488,10:32:41,$ 3413.69,100
3489,10:32:41,$ 3413.76,100
3490,10:32:38,$ 3413.67,100
3491,10:32:38,$ 3414.075,100
3492,10:32:29,$ 3414.332,500
3493,10:32:27,$ 3414.415,100
3494,10:32:24,$ 3414.70,100
3496,10:32:24,$ 3414.62,100
3497,10:32:21,$ 3413.68,100
3498,10:32:12,$ 3413.68,100
3499,10:32:06,$ 3414.37,100
3500,10:31:59,$ 3414.04,100
3501,10:31:53,$ 3414.74,100
3502,10:31:47,$ 3414.215,100
3503,10:31:44,$ 3414.50,100
3504,10:31:42,$ 3414.55,300
3505,10:31:42,$ 3414.405,100
3506,10:31:42,$ 3414.275,100
3507,10:31:42,$ 3414.275,100
3508,10:31:42,$ 3414.3475,100
3509,10:31:42,$ 3414.55,100
3510,10:31:42,$ 3414.3975,100
3511,10:31:42,$ 3414.53,100
3512,10:31:37,$ 3414.175,100
3513,10:31:36,$ 3413.83,100
3514,10:31:27,$ 3414.4539,"1,000"
3515,10:31:25,$ 3414.12,100
3517,10:31:25,$ 3414.09,100
3518,10:31:16,$ 3414.29,100
3519,10:31:16,$ 3414.06,100
3520,10:31:16,$ 3414.29,100
3521,10:31:16,$ 3413.56,100
3522,10:31:13,$ 3414.34,100
3523,10:31:05,$ 3414.04,100
3524,10:31:01,$ 3414.04,100
3525,10:30:59,$ 3414.335,100
3526,10:30:55,$ 3414.36,100
3527,10:30:49,$ 3414.11,100
3528,10:30:43,$ 3414.55,100
3529,10:30:17,$ 3414.17,100
3530,10:30:16,$ 3413.60,100
3531,10:30:07,$ 3414.285,200
3532,10:30:07,$ 3414.163,300
3534,11:29:51,$ 3406.54,100
3535,11:29:32,$ 3406.44,100
3536,11:29:10,$ 3405.85,100
3537,11:29:09,$ 3406.45,300
3538,11:28:50,$ 3407.1275,100
3539,11:28:50,$ 3406.83,100
3540,11:28:50,$ 3406.83,100
3541,11:28:44,$ 3407.37,100
3542,11:28:33,$ 3407.57,100
3543,11:28:27,$ 3406.91,100
3544,11:27:54,$ 3406.96,235
3545,11:27:26,$ 3406.53,100
3546,11:27:21,$ 3406.93,100
3547,11:26:41,$ 3405.25,100
3548,11:26:40,$ 3405.25,100
3549,11:26:38,$ 3405.425,100
3550,11:26:31,$ 3405.45,100
3551,11:26:31,$ 3405.56,100
3552,11:26:20,$ 3405.69,100
3553,11:26:17,$ 3405.86,100
3555,11:26:14,$ 3406.07,100
3556,11:26:13,$ 3406.39,100
3557,11:25:53,$ 3406.97,100
3558,11:25:37,$ 3407.11,100
3559,11:24:36,$ 3408.58,200
3560,11:24:31,$ 3408.16,200
3561,11:24:12,$ 3408.97,100
3562,11:24:01,$ 3408.92,100
3563,11:23:53,$ 3409.29,100
3564,11:23:53,$ 3409.15,100
3565,11:23:53,$ 3409.14,100
3566,11:23:53,$ 3409.34,100
3567,11:23:27,$ 3409.70,100
3568,11:22:51,$ 3409.35,100
3569,11:22:27,$ 3409.02,100
3570,11:21:57,$ 3409.27,100
3571,11:21:48,$ 3409.455,200
3572,11:21:47,$ 3409.99,100
3573,11:21:43,$ 3409.53,100
3574,11:20:39,$ 3408.3675,210
3576,11:20:21,$ 3408.86,100
3577,11:20:09,$ 3408.86,100
3578,11:20:00,$ 3409.53,100
3579,11:20:00,$ 3409.02,100
3580,11:19:37,$ 3408.80,100
3581,11:18:27,$ 3410.115,100
3582,11:18:23,$ 3409.19,100
3583,11:18:18,$ 3410.2093,275
3584,11:17:14,$ 3409.57,100
3585,11:16:52,$ 3409.85,126
3586,11:16:26,$ 3410.40,100
3587,11:16:26,$ 3410.40,100
3588,11:16:26,$ 3410.40,195
3589,11:16:26,$ 3410.40,178
3590,11:16:24,$ 3410.30,100
3591,11:15:36,$ 3410.4262,200
3592,11:15:08,$ 3410.70,100
3593,11:15:01,$ 3410.00,500
3594,11:14:37,$ 3409.89,100
3595,11:14:15,$ 3408.6101,100
3597,11:14:06,$ 3409.185,100
3598,11:14:01,$ 3409.89,100
3599,11:14:01,$ 3409.7807,"1,000"
3600,11:13:46,$ 3409.3225,100
3601,11:13:21,$ 3408.93,100
3602,11:13:16,$ 3408.45,100
3603,11:13:16,$ 3408.14,100
3604,11:13:13,$ 3408.45,100
3605,11:13:13,$ 3407.54,115
3606,11:13:12,$ 3407.62,100
3607,11:13:12,$ 3407.13,100
3608,11:13:12,$ 3406.685,587
3609,11:13:01,$ 3407.04,100
3610,11:12:58,$ 3407.4017,100
3611,11:12:55,$ 3407.76,100
3612,11:12:55,$ 3407.00,216
3613,11:12:55,$ 3407.00,142
3614,11:12:21,$ 3406.781,100
3615,11:12:21,$ 3406.93,100
3616,11:12:21,$ 3406.92,100
3618,11:12:10,$ 3406.37,100
3619,11:11:55,$ 3406.03,147
3620,11:11:35,$ 3406.14,100
3621,11:11:18,$ 3406.96,150
3622,11:11:04,$ 3406.9601,100
3623,11:11:04,$ 3407.02,100
3624,11:10:56,$ 3406.90,100
3625,11:10:29,$ 3407.03,100
3626,11:10:29,$ 3407.03,100
3627,11:10:29,$ 3407.03,100
3628,11:10:29,$ 3407.04,100
3629,11:10:29,$ 3407.04,100
3630,11:10:29,$ 3407.04,100
3631,11:10:29,$ 3407.35,100
3632,11:09:55,$ 3407.64,100
3633,11:09:41,$ 3407.1025,100
3634,11:09:21,$ 3407.02,100
3635,11:09:12,$ 3407.1201,145
3636,11:09:04,$ 3407.805,100
3637,11:08:53,$ 3407.40,100
3639,11:08:47,$ 3407.36,100
3640,11:08:31,$ 3407.225,100
3641,11:08:27,$ 3406.898,100
3642,11:08:27,$ 3406.72,200
3643,11:08:06,$ 3406.49,400
3644,11:08:00,$ 3406.01,100
3645,11:08:00,$ 3406.00,100
3646,11:07:43,$ 3406.96,100
3647,11:07:35,$ 3407.35,100
3648,11:07:35,$ 3407.49,100
3649,11:07:34,$ 3407.92,100
3650,11:07:14,$ 3408.34,100
3651,11:07:11,$ 3408.15,100
3652,11:07:06,$ 3407.46,100
3653,11:06:53,$ 3408.34,100
3654,11:06:48,$ 3408.11,100
3655,11:06:47,$ 3408.4886,100
3656,11:06:47,$ 3408.05,100
3657,11:06:39,$ 3408.717,154
3658,11:06:39,$ 3409.673,143
3660,11:06:33,$ 3409.69,100
3661,11:06:28,$ 3409.0957,300
3662,11:06:27,$ 3409.69,100
3663,11:06:27,$ 3409.69,100
3664,11:06:07,$ 3409.085,300
3665,11:06:04,$ 3409.085,100
3666,11:06:03,$ 3409.42,100
3667,11:06:03,$ 3409.37,100
3668,11:05:18,$ 3409.30,100
3669,11:05:17,$ 3409.30,100
3670,11:05:17,$ 3409.1952,200
3671,11:04:57,$ 3408.00,100
3672,11:04:37,$ 3408.78,300
3673,11:04:37,$ 3408.42,100
3674,11:04:37,$ 3407.91,100
3675,11:04:37,$ 3407.919,100
3676,11:04:18,$ 3407.265,400
3677,11:04:18,$ 3407.265,500
3678,11:04:13,$ 3406.67,146
3679,11:03:55,$ 3406.4025,400
3681,11:03:47,$ 3406.41,"1,000"
3682,11:03:41,$ 3406.8725,100
3683,11:03:41,$ 3406.50,100
3684,11:03:41,$ 3406.49,100
3685,11:03:36,$ 3406.51,100
3686,11:03:35,$ 3407.08,100
3687,11:03:19,$ 3406.7932,424
3688,11:03:01,$ 3405.7955,100
3689,11:02:48,$ 3406.26,221
3690,11:02:46,$ 3406.39,100
3691,11:02:42,$ 3406.52,100
3692,11:02:42,$ 3407.50,100
3693,11:02:41,$ 3407.23,100
3694,11:02:27,$ 3407.76,176
3695,11:02:27,$ 3407.76,165
3696,11:02:16,$ 3407.50,400
3697,11:02:12,$ 3407.27,100
3698,11:02:01,$ 3407.53,100
3699,11:02:01,$ 3407.67,100
3700,11:01:44,$ 3407.935,100
3702,11:01:40,$ 3408.4586,100
3703,11:01:30,$ 3407.83,226
3704,11:01:29,$ 3408.05,100
3705,11:01:29,$ 3408.00,100
3706,11:01:01,$ 3408.995,100
3707,11:00:55,$ 3409.9799,100
3708,11:00:55,$ 3409.93,100
3709,11:00:36,$ 3409.6803,300
3710,11:00:32,$ 3409.78,100
3711,11:00:25,$ 3409.9017,100
3712,11:00:11,$ 3410.00,100
3713,11:00:02,$ 3409.70,100
3714,11:00:02,$ 3409.75,177
3716,11:59:25,$ 3398.18,100
3717,11:59:25,$ 3398.15,200
3718,11:59:25,$ 3398.15,160
3719,11:58:55,$ 3397.44,100
3720,11:58:19,$ 3398.87,100
3721,11:58:14,$ 3398.30,100
3722,11:57:38,$ 3397.87,100
3723,11:57:26,$ 3397.11,200
3724,11:57:26,$ 3397.43,100
3725,11:57:26,$ 3397.40,100
3726,11:57:24,$ 3397.38,100
3727,11:57:16,$ 3396.52,100
3728,11:57:16,$ 3396.78,100
3729,11:57:15,$ 3396.78,157
3730,11:57:08,$ 3396.71,100
3731,11:57:08,$ 3396.92,100
3732,11:57:03,$ 3397.13,100
3733,11:57:03,$ 3397.377,500
3734,11:57:00,$ 3397.09,100
3735,11:56:50,$ 3397.22,100
3737,11:56:49,$ 3397.865,100
3738,11:56:27,$ 3397.51,100
3739,11:56:17,$ 3398.00,100
3740,11:56:01,$ 3398.095,100
3741,11:55:56,$ 3397.85,100
3742,11:55:44,$ 3397.8001,100
3743,11:55:41,$ 3398.52,200
3744,11:55:21,$ 3397.4101,600
3745,11:55:00,$ 3397.415,100
3746,11:55:00,$ 3398.15,166
3747,11:54:45,$ 3398.65,100
3748,11:54:07,$ 3398.865,500
3749,11:53:50,$ 3399.36,100
3750,11:53:50,$ 3399.07,100
3751,11:53:19,$ 3398.60,100
3752,11:53:19,$ 3398.57,100
3753,11:52:31,$ 3399.09,260
3754,11:52:25,$ 3398.815,100
3755,11:52:18,$ 3398.865,100
3756,11:52:10,$ 3398.12,100
3758,11:52:10,$ 3398.56,100
3759,11:52:10,$ 3398.85,100
3760,11:51:32,$ 3399.64,100
3761,11:51:30,$ 3398.8846,100
3762,11:51:20,$ 3399.045,500
3763,11:51:19,$ 3399.1362,100
3764,11:51:17,$ 3399.045,100
3765,11:51:06,$ 3399.69,100
3766,11:51:06,$ 3399.60,100
3767,11:51:06,$ 3399.59,100
3768,11:51:05,$ 3399.065,100
3769,11:50:59,$ 3399.60,100
3770,11:50:57,$ 3399.60,100
3771,11:50:57,$ 3399.41,100
3772,11:50:57,$ 3399.44,100
3773,11:50:57,$ 3399.51,100
3774,11:50:57,$ 3399.19,100
3775,11:50:52,$ 3399.00,100
3776,11:50:52,$ 3399.00,100
3777,11:50:52,$ 3399.13,150
3779,11:50:37,$ 3399.76,100
3780,11:50:34,$ 3400.21,100
3781,11:50:29,$ 3400.25,100
3782,11:50:21,$ 3400.695,100
3783,11:50:17,$ 3400.89,100
3784,11:50:16,$ 3401.24,100
3785,11:50:12,$ 3401.16,100
3786,11:50:12,$ 3401.20,"1,000"
3787,11:49:48,$ 3401.1091,140
3788,11:49:29,$ 3401.03,100
3789,11:49:29,$ 3401.07,100
3790,11:49:26,$ 3401.21,100
3791,11:48:46,$ 3401.19,100
3792,11:48:24,$ 3401.46,100
3793,11:48:17,$ 3400.90,100
3794,11:48:13,$ 3401.42,100
3795,11:48:13,$ 3401.41,100
3796,11:48:12,$ 3401.58,100
3797,11:48:03,$ 3401.35,100
3798,11:48:02,$ 3400.72,100
3800,11:48:02,$ 3400.96,100
3801,11:48:02,$ 3401.315,100
3802,11:48:00,$ 3400.99,100
3803,11:47:53,$ 3401.55,100
3804,11:47:47,$ 3401.0725,100
3805,11:47:21,$ 3400.165,137
3806,11:47:19,$ 3399.8644,142
3807,11:47:17,$ 3400.53,100
3808,11:47:08,$ 3400.744,300
3809,11:46:08,$ 3400.545,100
3810,11:45:11,$ 3400.2797,389
3811,11:45:01,$ 3400.32,100
3812,11:44:55,$ 3400.405,112
3813,11:44:45,$ 3400.0825,100
3814,11:44:34,$ 3399.5101,"1,000"
3815,11:44:31,$ 3400.03,100
3816,11:44:31,$ 3400.3867,150
3817,11:44:27,$ 3400.3352,100
3818,11:44:07,$ 3399.94,100
3819,11:44:04,$ 3399.9331,124
