,NLS Time (ET),NLS Price,NLS Share Volume
1,09:59:59,$ 3283.87,100
2,09:59:57,$ 3283.595,100
3,09:59:57,$ 3283.59,100
4,09:59:48,$ 3283.19,200
5,09:59:45,$ 3282.9175,100
6,09:59:45,$ 3283.335,100
7,09:59:42,$ 3283.41,100
8,09:59:42,$ 3283.1999,150
9,09:59:39,$ 3282.40,100
10,09:59:32,$ 3282.115,100
11,09:59:32,$ 3281.9225,100
12,09:59:32,$ 3281.935,100
13,09:59:29,$ 3280.3399,100
14,09:59:07,$ 3278.48,100
15,09:58:55,$ 3278.41,100
16,09:58:38,$ 3279.78,100
17,09:58:36,$ 3279.13,100
18,09:58:36,$ 3279.00,100
19,09:58:35,$ 3279.42,100
20,09:58:25,$ 3280.2486,990
22,09:58:22,$ 3280.3655,100
23,09:57:59,$ 3279.00,100
24,09:57:21,$ 3278.60,100
25,09:57:11,$ 3278.35,100
26,09:57:03,$ 3279.179,111
27,09:57:02,$ 3279.655,150
28,09:56:49,$ 3279.34,100
29,09:56:47,$ 3278.92,100
30,09:56:47,$ 3279.09,100
31,09:56:46,$ 3278.48,144
32,09:56:43,$ 3277.43,100
33,09:56:43,$ 3276.98,100
34,09:56:43,$ 3276.89,200
35,09:56:43,$ 3276.96,300
36,09:56:32,$ 3278.00,100
37,09:56:24,$ 3278.03,100
38,09:56:24,$ 3278.05,100
39,09:56:24,$ 3278.37,"1,533"
40,09:56:24,$ 3279.11,100
41,09:56:23,$ 3280.00,100
43,09:56:15,$ 3280.9999,200
44,09:56:14,$ 3279.86,100
45,09:56:08,$ 3279.93,100
46,09:56:08,$ 3279.93,100
47,09:56:05,$ 3279.93,114
48,09:56:03,$ 3279.98,100
49,09:55:56,$ 3281.093,100
50,09:55:53,$ 3281.10,100
51,09:55:37,$ 3281.26,100
52,09:55:27,$ 3280.84,100
53,09:55:24,$ 3281.06,100
54,09:55:24,$ 3281.00,100
55,09:55:24,$ 3280.73,100
56,09:55:03,$ 3281.84,100
57,09:55:00,$ 3281.00,100
58,09:54:55,$ 3282.90,100
59,09:54:53,$ 3282.07,100
60,09:54:53,$ 3282.56,100
61,09:54:41,$ 3284.26,200
62,09:54:39,$ 3283.2574,100
64,09:54:35,$ 3282.70,100
65,09:54:27,$ 3282.8925,100
66,09:54:14,$ 3282.27,100
67,09:54:14,$ 3281.84,100
68,09:54:04,$ 3282.68,100
69,09:54:03,$ 3283.34,100
70,09:54:02,$ 3283.37,100
71,09:54:02,$ 3285.20,300
72,09:53:58,$ 3284.50,100
73,09:53:58,$ 3284.15,100
74,09:53:45,$ 3282.59,100
75,09:53:45,$ 3282.72,100
76,09:53:45,$ 3283.04,100
77,09:53:39,$ 3280.74,110
78,09:53:35,$ 3281.03,100
79,09:53:35,$ 3281.03,100
80,09:53:32,$ 3281.08,100
81,09:53:29,$ 3281.256,150
82,09:53:16,$ 3282.72,100
83,09:53:16,$ 3283.62,100
85,09:53:15,$ 3284.10,100
86,09:53:15,$ 3284.12,100
87,09:53:15,$ 3284.07,100
88,09:53:15,$ 3284.04,100
89,09:53:15,$ 3283.91,100
90,09:53:01,$ 3284.6599,131
91,09:52:54,$ 3283.818,400
92,09:52:36,$ 3281.9499,200
93,09:52:27,$ 3282.7542,100
94,09:52:22,$ 3279.7295,158
95,09:52:22,$ 3279.3737,796
96,09:52:19,$ 3279.05,100
97,09:52:19,$ 3279.47,100
98,09:52:19,$ 3280.095,100
99,09:52:18,$ 3280.02,100
100,09:52:18,$ 3280.00,100
101,09:52:18,$ 3280.00,100
102,09:52:17,$ 3280.705,100
103,09:52:16,$ 3281.01,100
104,09:52:14,$ 3282.12,100
106,09:52:13,$ 3282.95,100
107,09:52:11,$ 3282.3001,124
108,09:52:10,$ 3283.26,100
109,09:52:09,$ 3282.88,100
110,09:52:09,$ 3284.05,100
111,09:52:09,$ 3284.00,100
112,09:52:09,$ 3284.00,100
113,09:52:09,$ 3284.00,100
114,09:52:07,$ 3284.775,300
115,09:51:58,$ 3285.00,100
116,09:51:55,$ 3284.40,100
117,09:51:41,$ 3286.155,100
118,09:51:30,$ 3288.37,100
119,09:51:21,$ 3286.25,100
120,09:51:19,$ 3286.95,100
121,09:51:16,$ 3286.57,100
122,09:50:52,$ 3287.00,100
123,09:50:52,$ 3287.00,100
124,09:50:52,$ 3287.00,100
125,09:50:52,$ 3287.00,100
127,09:50:43,$ 3286.00,100
128,09:50:41,$ 3288.52,100
129,09:50:40,$ 3287.90,100
130,09:50:01,$ 3286.45,100
131,09:49:58,$ 3287.37,100
132,09:49:58,$ 3289.96,500
133,09:49:49,$ 3288.63,100
134,09:49:39,$ 3287.06,100
135,09:49:34,$ 3288.25,114
136,09:49:29,$ 3286.8826,911
137,09:48:46,$ 3286.61,100
138,09:48:46,$ 3286.64,100
139,09:48:44,$ 3285.83,100
140,09:48:42,$ 3283.0389,178
141,09:48:38,$ 3283.48,100
142,09:48:28,$ 3284.16,100
143,09:48:25,$ 3284.48,100
144,09:48:20,$ 3285.15,100
145,09:48:17,$ 3284.5668,100
146,09:48:17,$ 3285.62,100
148,09:48:09,$ 3284.44,100
149,09:48:06,$ 3284.135,116
150,09:48:06,$ 3284.135,121
151,09:47:56,$ 3283.40,100
152,09:47:39,$ 3284.68,100
153,09:47:21,$ 3282.85,111
154,09:47:18,$ 3283.28,100
155,09:47:10,$ 3281.80,100
156,09:47:06,$ 3283.535,107
157,09:47:00,$ 3283.12,136
158,09:46:59,$ 3283.87,116
159,09:46:47,$ 3284.705,500
160,09:46:42,$ 3285.32,100
161,09:46:42,$ 3284.745,100
162,09:46:41,$ 3284.695,100
163,09:46:36,$ 3285.425,100
164,09:46:36,$ 3286.19,100
165,09:46:30,$ 3287.28,100
166,09:46:23,$ 3286.065,100
167,09:46:12,$ 3286.90,100
169,09:46:02,$ 3286.079,304
170,09:46:00,$ 3286.615,100
171,09:45:59,$ 3286.03,100
172,09:45:53,$ 3287.57,100
173,09:45:40,$ 3286.33,100
174,09:45:24,$ 3286.135,100
175,09:45:18,$ 3285.795,150
176,09:44:59,$ 3285.50,100
177,09:44:58,$ 3285.83,100
178,09:44:55,$ 3286.39,100
179,09:44:54,$ 3285.73,151
180,09:44:53,$ 3287.64,100
181,09:44:38,$ 3285.90,100
182,09:44:37,$ 3288.145,100
183,09:44:29,$ 3286.505,100
184,09:44:29,$ 3286.40,100
185,09:44:29,$ 3286.61,100
186,09:44:17,$ 3287.43,100
187,09:44:10,$ 3287.825,250
188,09:44:08,$ 3286.2861,100
190,09:44:03,$ 3287.00,100
191,09:44:03,$ 3287.5301,500
192,09:44:01,$ 3288.125,100
193,09:44:01,$ 3288.00,100
194,09:44:01,$ 3288.54,100
195,09:43:59,$ 3290.13,100
196,09:43:57,$ 3290.07,120
197,09:43:53,$ 3289.38,100
198,09:43:52,$ 3288.94,100
199,09:43:50,$ 3288.92,100
200,09:43:46,$ 3289.27,200
201,09:43:42,$ 3289.89,100
202,09:43:36,$ 3288.94,250
203,09:43:36,$ 3289.756,100
204,09:43:32,$ 3289.92,100
205,09:43:24,$ 3290.74,100
206,09:43:21,$ 3291.155,100
207,09:43:16,$ 3291.47,100
208,09:43:16,$ 3291.82,100
209,09:43:13,$ 3291.855,250
211,09:43:12,$ 3291.50,100
212,09:43:11,$ 3291.35,100
213,09:43:04,$ 3289.91,100
214,09:43:04,$ 3289.89,100
215,09:42:55,$ 3289.1699,900
216,09:42:54,$ 3288.305,100
217,09:42:44,$ 3288.03,100
218,09:42:44,$ 3288.04,100
219,09:42:44,$ 3289.15,100
220,09:42:25,$ 3289.21,100
221,09:41:47,$ 3286.50,100
222,09:41:47,$ 3285.33,100
223,09:41:44,$ 3285.63,100
224,09:41:44,$ 3285.05,200
225,09:41:44,$ 3285.28,100
226,09:41:44,$ 3285.28,100
227,09:41:44,$ 3285.4796,100
228,09:41:44,$ 3285.06,100
229,09:41:44,$ 3285.045,100
230,09:41:44,$ 3285.70,100
232,09:41:44,$ 3285.70,300
233,09:41:39,$ 3286.00,100
234,09:41:39,$ 3286.03,100
235,09:41:39,$ 3287.12,100
236,09:41:39,$ 3286.73,100
237,09:41:39,$ 3286.72,100
238,09:41:38,$ 3287.335,100
239,09:41:34,$ 3286.86,100
240,09:41:32,$ 3287.07,100
241,09:41:29,$ 3287.56,100
242,09:41:28,$ 3289.1841,150
243,09:41:25,$ 3287.80,100
244,09:41:25,$ 3287.80,100
245,09:41:25,$ 3287.80,100
246,09:41:25,$ 3287.80,100
247,09:41:25,$ 3289.25,100
248,09:41:24,$ 3288.67,100
249,09:41:23,$ 3288.66,100
250,09:41:23,$ 3288.675,100
251,09:41:23,$ 3288.70,100
253,09:41:23,$ 3290.61,100
254,09:41:23,$ 3290.61,100
255,09:41:23,$ 3290.23,100
256,09:41:23,$ 3289.85,100
257,09:41:23,$ 3290.30,100
258,09:41:22,$ 3289.85,100
259,09:41:22,$ 3290.04,100
260,09:41:22,$ 3289.87,100
261,09:41:21,$ 3289.887,100
262,09:41:21,$ 3289.88,100
263,09:41:21,$ 3289.88,100
264,09:41:21,$ 3289.88,100
265,09:41:21,$ 3289.88,100
266,09:41:21,$ 3289.8507,200
267,09:41:21,$ 3289.88,100
268,09:41:21,$ 3290.11,100
269,09:41:21,$ 3290.15,300
270,09:41:21,$ 3289.90,100
271,09:41:21,$ 3289.88,100
272,09:41:21,$ 3289.88,100
274,09:41:21,$ 3290.03,300
275,09:41:21,$ 3290.15,300
276,09:41:21,$ 3289.93,100
277,09:41:21,$ 3289.93,100
278,09:41:19,$ 3290.78,100
279,09:41:19,$ 3290.78,100
280,09:41:18,$ 3290.19,100
281,09:41:18,$ 3290.21,100
282,09:41:13,$ 3288.29,100
283,09:41:09,$ 3286.665,500
284,09:41:07,$ 3287.81,100
285,09:41:03,$ 3286.92,100
286,09:41:02,$ 3286.555,100
287,09:40:57,$ 3286.67,352
288,09:40:56,$ 3287.00,100
289,09:40:55,$ 3287.6424,193
290,09:40:45,$ 3288.09,190
291,09:40:41,$ 3289.8499,180
292,09:40:37,$ 3288.48,100
293,09:40:35,$ 3288.53,100
295,09:40:34,$ 3289.98,250
296,09:40:25,$ 3290.1483,100
297,09:40:16,$ 3289.42,159
298,09:40:16,$ 3290.461,100
299,09:40:12,$ 3289.425,100
300,09:40:10,$ 3288.64,100
301,09:40:09,$ 3289.11,100
302,09:40:06,$ 3290.80,100
303,09:40:05,$ 3289.95,311
304,09:40:04,$ 3291.00,100
305,09:40:03,$ 3289.8397,500
306,09:39:56,$ 3287.12,100
307,09:39:53,$ 3287.0701,100
308,09:39:51,$ 3287.283,100
309,09:39:51,$ 3288.00,100
310,09:39:50,$ 3289.08,100
311,09:39:47,$ 3289.09,100
312,09:39:41,$ 3290.8447,100
313,09:39:38,$ 3290.00,196
314,09:39:28,$ 3291.98,100
316,09:39:28,$ 3291.97,100
317,09:39:28,$ 3291.97,100
318,09:39:25,$ 3291.64,100
319,09:39:25,$ 3292.01,100
320,09:39:20,$ 3294.71,100
321,09:39:17,$ 3294.62,100
322,09:39:17,$ 3294.62,100
323,09:39:17,$ 3295.43,100
324,09:39:14,$ 3293.945,400
325,09:39:04,$ 3295.9999,100
326,09:38:58,$ 3295.61,100
327,09:38:58,$ 3295.45,100
328,09:38:58,$ 3295.97,419
329,09:38:53,$ 3295.52,100
330,09:38:53,$ 3297.14,100
331,09:38:53,$ 3296.28,100
332,09:38:53,$ 3296.09,100
333,09:38:53,$ 3296.04,100
334,09:38:53,$ 3296.04,100
335,09:38:53,$ 3295.61,100
337,09:38:51,$ 3298.2292,100
338,09:38:49,$ 3296.76,100
339,09:38:49,$ 3296.67,210
340,09:38:48,$ 3298.648,100
341,09:38:33,$ 3300.56,100
342,09:38:26,$ 3302.63,100
343,09:38:26,$ 3302.18,100
344,09:38:26,$ 3302.18,100
345,09:38:16,$ 3301.9522,100
346,09:38:14,$ 3301.83,100
347,09:38:14,$ 3300.3757,100
348,09:38:14,$ 3300.715,100
349,09:38:02,$ 3303.40,500
350,09:37:57,$ 3302.00,100
351,09:37:57,$ 3302.21,100
352,09:37:55,$ 3303.18,100
353,09:37:55,$ 3303.18,100
354,09:37:48,$ 3304.43,100
355,09:37:43,$ 3304.26,100
356,09:37:43,$ 3303.84,100
358,09:37:33,$ 3303.32,100
359,09:37:29,$ 3303.09,200
360,09:37:28,$ 3302.84,100
361,09:37:16,$ 3304.35,100
362,09:37:02,$ 3303.29,100
363,09:37:02,$ 3303.24,325
364,09:37:02,$ 3304.63,100
365,09:37:02,$ 3304.42,100
366,09:37:02,$ 3304.84,100
367,09:37:02,$ 3304.38,100
368,09:36:57,$ 3304.565,100
369,09:36:53,$ 3304.5684,300
370,09:36:52,$ 3304.565,100
371,09:36:47,$ 3304.77,100
372,09:36:47,$ 3304.77,279
373,09:36:47,$ 3304.77,100
374,09:36:46,$ 3304.78,100
375,09:36:46,$ 3304.78,100
376,09:36:46,$ 3304.78,100
377,09:36:46,$ 3305.10,100
379,09:36:46,$ 3305.15,100
380,09:36:46,$ 3305.755,100
381,09:36:46,$ 3305.15,100
382,09:36:46,$ 3305.10,100
383,09:36:42,$ 3307.00,100
384,09:36:42,$ 3305.99,101
385,09:36:42,$ 3305.99,100
386,09:36:42,$ 3305.99,100
387,09:36:42,$ 3306.00,100
388,09:36:40,$ 3305.385,100
389,09:36:36,$ 3305.90,100
390,09:36:35,$ 3307.00,300
391,09:36:35,$ 3307.00,100
392,09:36:32,$ 3304.11,100
393,09:36:32,$ 3304.11,100
394,09:36:31,$ 3304.11,100
395,09:36:30,$ 3304.65,100
396,09:36:30,$ 3303.87,100
397,09:36:29,$ 3303.845,100
398,09:36:29,$ 3303.79,100
400,09:36:29,$ 3303.50,100
401,09:36:29,$ 3303.995,100
402,09:36:29,$ 3303.50,100
403,09:36:23,$ 3304.93,100
404,09:36:12,$ 3306.11,141
405,09:36:12,$ 3306.895,100
406,09:36:12,$ 3306.895,100
407,09:36:10,$ 3306.98,100
408,09:36:09,$ 3306.0431,200
409,09:36:09,$ 3305.2325,500
410,09:36:09,$ 3307.185,100
411,09:36:09,$ 3306.07,100
412,09:36:09,$ 3306.77,100
413,09:36:08,$ 3307.20,100
414,09:36:06,$ 3307.835,100
415,09:36:06,$ 3307.38,100
416,09:36:06,$ 3307.38,100
417,09:36:04,$ 3308.415,150
418,09:36:03,$ 3309.1746,985
419,09:36:03,$ 3307.625,100
421,09:36:02,$ 3309.00,100
422,09:36:02,$ 3308.99,100
423,09:36:02,$ 3307.00,100
424,09:36:00,$ 3305.70,141
425,09:36:00,$ 3305.35,100
426,09:35:59,$ 3302.5811,100
427,09:35:59,$ 3304.67,100
428,09:35:59,$ 3304.67,100
429,09:35:59,$ 3304.67,100
430,09:35:57,$ 3304.6699,200
431,09:35:54,$ 3303.16,100
432,09:35:54,$ 3303.825,100
433,09:35:53,$ 3304.47,100
434,09:35:53,$ 3304.625,100
435,09:35:53,$ 3304.595,100
436,09:35:53,$ 3303.15,100
437,09:35:51,$ 3302.47,100
438,09:35:51,$ 3302.45,125
439,09:35:48,$ 3302.04,100
440,09:35:37,$ 3302.985,100
442,09:35:37,$ 3302.71,100
443,09:35:37,$ 3302.03,100
444,09:35:35,$ 3302.2816,150
445,09:35:34,$ 3301.91,100
446,09:35:31,$ 3302.035,100
447,09:35:31,$ 3300.00,259
448,09:35:31,$ 3300.00,191
449,09:35:31,$ 3300.00,100
450,09:35:31,$ 3300.00,200
451,09:35:31,$ 3300.00,545
452,09:35:31,$ 3300.00,100
453,09:35:31,$ 3300.00,502
454,09:35:31,$ 3300.00,100
455,09:35:31,$ 3300.00,199
456,09:35:30,$ 3299.61,100
457,09:35:28,$ 3297.66,100
458,09:35:27,$ 3298.51,100
459,09:35:21,$ 3296.90,100
460,09:35:21,$ 3297.87,100
461,09:35:20,$ 3296.89,100
463,09:35:20,$ 3295.35,100
464,09:35:20,$ 3295.55,100
465,09:35:10,$ 3295.58,168
466,09:35:07,$ 3295.1086,120
467,09:35:06,$ 3296.0657,200
468,09:35:00,$ 3295.4519,100
469,09:34:59,$ 3297.51,100
470,09:34:58,$ 3296.16,100
471,09:34:57,$ 3296.56,100
472,09:34:57,$ 3296.13,100
473,09:34:57,$ 3296.12,100
474,09:34:57,$ 3296.04,100
475,09:34:56,$ 3297.00,100
476,09:34:56,$ 3295.99,100
477,09:34:56,$ 3296.00,100
478,09:34:51,$ 3294.235,100
479,09:34:48,$ 3294.53,100
480,09:34:48,$ 3294.54,100
481,09:34:48,$ 3294.54,100
482,09:34:43,$ 3293.99,120
484,09:34:42,$ 3294.24,100
485,09:34:42,$ 3294.24,111
486,09:34:41,$ 3293.45,100
487,09:34:39,$ 3291.0501,150
488,09:34:36,$ 3293.27,100
489,09:34:36,$ 3292.77,100
490,09:34:35,$ 3291.70,100
491,09:34:34,$ 3290.51,100
492,09:34:28,$ 3291.55,100
493,09:34:28,$ 3291.575,100
494,09:34:27,$ 3291.065,100
495,09:34:27,$ 3292.03,500
496,09:34:25,$ 3291.355,100
497,09:34:25,$ 3291.39,100
498,09:34:24,$ 3290.6684,120
499,09:34:22,$ 3290.915,100
500,09:34:20,$ 3291.155,100
501,09:34:20,$ 3289.50,100
502,09:34:17,$ 3290.16,100
503,09:34:15,$ 3290.335,100
505,09:34:11,$ 3291.00,100
506,09:34:11,$ 3290.82,100
507,09:34:08,$ 3290.3775,100
508,09:34:08,$ 3290.755,300
509,09:34:02,$ 3290.895,100
510,09:33:57,$ 3290.94,100
511,09:33:54,$ 3292.2417,231
512,09:33:48,$ 3291.875,100
513,09:33:46,$ 3294.53,100
514,09:33:46,$ 3294.67,100
515,09:33:36,$ 3292.735,100
516,09:33:36,$ 3292.47,100
517,09:33:36,$ 3292.47,100
518,09:33:36,$ 3292.47,100
519,09:33:20,$ 3293.85,100
520,09:33:20,$ 3293.84,100
521,09:33:19,$ 3291.98,100
522,09:33:05,$ 3290.13,100
523,09:33:04,$ 3290.76,100
524,09:33:04,$ 3290.31,100
526,09:33:04,$ 3290.495,100
527,09:33:03,$ 3289.65,100
528,09:33:03,$ 3289.795,100
529,09:33:03,$ 3290.54,100
530,09:33:03,$ 3290.84,100
531,09:33:03,$ 3290.00,100
532,09:33:03,$ 3291.115,200
533,09:33:02,$ 3291.36,500
534,09:33:00,$ 3292.66,100
535,09:32:59,$ 3290.84,100
536,09:32:58,$ 3290.82,100
537,09:32:54,$ 3290.275,100
538,09:32:50,$ 3289.73,100
539,09:32:50,$ 3290.06,100
540,09:32:48,$ 3291.295,100
541,09:32:45,$ 3291.65,100
542,09:32:42,$ 3291.77,400
543,09:32:41,$ 3292.45,100
544,09:32:41,$ 3293.265,200
545,09:32:41,$ 3291.49,100
547,09:32:41,$ 3293.10,100
548,09:32:41,$ 3292.14,100
549,09:32:41,$ 3292.12,100
550,09:32:41,$ 3291.48,100
551,09:32:41,$ 3292.045,100
552,09:32:40,$ 3294.77,100
553,09:32:40,$ 3295.39,100
554,09:32:36,$ 3293.38,100
555,09:32:36,$ 3293.89,100
556,09:32:36,$ 3293.89,100
557,09:32:30,$ 3294.7701,500
558,09:32:30,$ 3294.77,100
559,09:32:25,$ 3295.085,100
560,09:32:25,$ 3295.08,100
561,09:32:25,$ 3294.39,100
562,09:32:25,$ 3294.39,100
563,09:32:22,$ 3295.16,100
564,09:32:16,$ 3294.77,100
565,09:32:16,$ 3295.00,100
566,09:32:16,$ 3295.00,100
568,09:32:16,$ 3295.04,100
569,09:32:16,$ 3295.40,100
570,09:32:12,$ 3293.41,400
571,09:32:12,$ 3293.41,100
572,09:32:11,$ 3294.7699,100
573,09:32:11,$ 3294.47,133
574,09:32:04,$ 3294.9599,100
575,09:32:00,$ 3292.795,100
576,09:31:56,$ 3292.84,100
577,09:31:53,$ 3293.81,100
578,09:31:53,$ 3295.00,100
579,09:31:48,$ 3295.6199,100
580,09:31:47,$ 3293.515,100
581,09:31:47,$ 3293.715,100
582,09:31:45,$ 3294.28,100
583,09:31:40,$ 3294.52,100
584,09:31:40,$ 3295.22,100
585,09:31:40,$ 3294.85,300
586,09:31:40,$ 3294.28,100
587,09:31:40,$ 3293.955,100
589,09:31:40,$ 3293.57,100
590,09:31:40,$ 3293.45,100
591,09:31:40,$ 3293.65,100
592,09:31:40,$ 3294.18,100
593,09:31:40,$ 3294.47,100
594,09:31:40,$ 3295.59,100
595,09:31:40,$ 3295.64,300
596,09:31:40,$ 3293.00,200
597,09:31:39,$ 3294.84,100
598,09:31:39,$ 3294.765,100
599,09:31:39,$ 3294.28,100
600,09:31:32,$ 3295.4222,100
601,09:31:31,$ 3294.55,100
602,09:31:31,$ 3295.01,100
603,09:31:29,$ 3295.19,100
604,09:31:28,$ 3295.47,100
605,09:31:28,$ 3295.47,100
606,09:31:20,$ 3296.5199,100
607,09:31:19,$ 3296.71,100
608,09:31:19,$ 3294.5165,200
610,09:31:19,$ 3296.4301,500
611,09:31:17,$ 3296.60,100
612,09:31:15,$ 3295.8841,100
613,09:31:15,$ 3295.65,100
614,09:31:15,$ 3294.41,100
615,09:31:15,$ 3294.2653,311
616,09:31:14,$ 3295.59,500
617,09:31:13,$ 3294.3976,100
618,09:31:12,$ 3294.65,100
619,09:31:10,$ 3293.79,100
620,09:31:06,$ 3292.79,100
621,09:31:05,$ 3292.6093,500
622,09:31:04,$ 3294.14,200
623,09:31:04,$ 3293.99,192
624,09:30:59,$ 3295.65,160
625,09:30:58,$ 3296.00,100
626,09:30:58,$ 3294.995,100
627,09:30:58,$ 3295.00,100
628,09:30:58,$ 3294.64,100
629,09:30:58,$ 3294.66,100
631,09:30:56,$ 3294.69,100
632,09:30:55,$ 3292.20,100
633,09:30:55,$ 3292.20,100
634,09:30:55,$ 3293.57,100
635,09:30:55,$ 3293.57,100
636,09:30:54,$ 3294.99,100
637,09:30:54,$ 3294.9999,400
638,09:30:54,$ 3294.99,100
639,09:30:53,$ 3293.99,100
640,09:30:53,$ 3293.99,134
641,09:30:53,$ 3293.06,100
642,09:30:46,$ 3293.005,100
643,09:30:46,$ 3293.005,100
644,09:30:43,$ 3293.16,100
645,09:30:43,$ 3293.16,100
646,09:30:42,$ 3293.295,100
647,09:30:42,$ 3293.19,100
648,09:30:42,$ 3293.19,100
649,09:30:42,$ 3293.19,100
650,09:30:37,$ 3294.74,100
652,09:30:36,$ 3293.445,300
653,09:30:36,$ 3293.29,100
654,09:30:36,$ 3293.79,100
655,09:30:36,$ 3293.69,100
656,09:30:32,$ 3294.99,100
657,09:30:31,$ 3295.115,100
658,09:30:27,$ 3295.275,100
659,09:30:26,$ 3296.95,100
660,09:30:25,$ 3295.395,100
661,09:30:25,$ 3296.75,100
662,09:30:25,$ 3296.99,100
663,09:30:25,$ 3295.00,318
664,09:30:24,$ 3295.99,100
665,09:30:23,$ 3295.69,100
666,09:30:23,$ 3296.00,100
667,09:30:23,$ 3296.00,100
668,09:30:23,$ 3296.00,104
669,09:30:19,$ 3294.98,100
670,09:30:19,$ 3295.96,100
671,09:30:18,$ 3294.98,100
673,09:30:17,$ 3294.99,100
674,09:30:17,$ 3295.00,100
675,09:30:12,$ 3294.07,100
676,09:30:11,$ 3293.99,100
677,09:30:11,$ 3291.495,100
678,09:30:10,$ 3292.50,181
679,09:30:10,$ 3292.50,100
680,09:30:10,$ 3291.22,100
681,09:30:10,$ 3291.25,"2,300"
682,09:30:06,$ 3291.505,100
683,09:30:02,$ 3289.01,2
684,09:30:02,$ 3289.01,3
685,09:30:02,$ 3289.01,6
686,09:30:02,$ 3289.01,1
687,09:30:02,$ 3289.01,2
688,09:30:02,$ 3289.01,180
689,09:30:02,$ 3289.01,4
690,09:30:02,$ 3289.01,3
691,09:30:02,$ 3289.01,3
692,09:30:02,$ 3289.01,1
694,09:30:02,$ 3289.01,3
695,09:30:02,$ 3289.01,76
696,09:30:02,$ 3289.01,12
697,09:30:02,$ 3289.01,16
698,09:30:02,$ 3289.01,8
699,09:30:02,$ 3289.01,1
700,09:30:02,$ 3289.01,1
701,09:30:02,$ 3289.01,11
702,09:30:02,$ 3289.01,1
703,09:30:02,$ 3289.01,2
704,09:30:02,$ 3289.01,5
705,09:30:02,$ 3289.01,60
706,09:30:02,$ 3289.01,8
707,09:30:02,$ 3289.01,1
708,09:30:02,$ 3289.01,7
709,09:30:02,$ 3289.01,1
710,09:30:02,$ 3289.01,1
711,09:30:02,$ 3289.01,1
712,09:30:02,$ 3289.01,1
713,09:30:02,$ 3289.01,4
715,09:30:02,$ 3289.01,1
716,09:30:02,$ 3289.01,1
717,09:30:02,$ 3289.01,2
718,09:30:02,$ 3289.01,1
719,09:30:02,$ 3289.01,5
720,09:30:02,$ 3289.01,5
721,09:30:02,$ 3289.01,17
722,09:30:02,$ 3289.01,10
723,09:30:02,$ 3289.01,1
724,09:30:02,$ 3289.01,1
725,09:30:02,$ 3289.01,1
726,09:30:02,$ 3289.01,1
727,09:30:02,$ 3289.01,2
728,09:30:02,$ 3289.01,1
729,09:30:02,$ 3289.01,2
730,09:30:02,$ 3289.01,1
731,09:30:02,$ 3289.01,5
732,09:30:02,$ 3289.01,5
733,09:30:02,$ 3289.01,10
734,09:30:02,$ 3289.01,4
736,09:30:02,$ 3289.01,1
737,09:30:02,$ 3289.01,10
738,09:30:02,$ 3289.01,3
739,09:30:02,$ 3289.01,5
740,09:30:02,$ 3289.01,15
741,09:30:02,$ 3289.01,5
742,09:30:02,$ 3289.01,10
743,09:30:02,$ 3289.01,12
744,09:30:02,$ 3289.01,1
745,09:30:02,$ 3289.01,4
746,09:30:02,$ 3289.01,2
747,09:30:02,$ 3289.01,10
748,09:30:02,$ 3289.01,1
749,09:30:02,$ 3289.01,1
750,09:30:02,$ 3289.01,2
751,09:30:02,$ 3289.01,1
752,09:30:02,$ 3289.01,5
753,09:30:02,$ 3289.01,6
754,09:30:02,$ 3289.01,5
755,09:30:02,$ 3289.01,1
757,09:30:02,$ 3289.01,2
758,09:30:02,$ 3289.01,263
759,09:30:02,$ 3289.01,1
760,09:30:02,$ 3289.01,2
761,09:30:02,$ 3289.01,3
762,09:30:02,$ 3289.01,1
763,09:30:02,$ 3289.01,10
764,09:30:02,$ 3289.01,10
765,09:30:02,$ 3289.01,1
766,09:30:02,$ 3289.01,3
767,09:30:02,$ 3289.01,2
768,09:30:02,$ 3289.01,3
769,09:30:02,$ 3289.01,3
770,09:30:02,$ 3289.01,2
771,09:30:02,$ 3289.01,3
772,09:30:02,$ 3289.01,1
773,09:30:02,$ 3289.01,1
774,09:30:02,$ 3289.01,1
775,09:30:02,$ 3289.01,1
776,09:30:02,$ 3289.01,2
778,09:30:02,$ 3289.01,2
779,09:30:02,$ 3289.01,3
780,09:30:02,$ 3289.01,10
781,09:30:02,$ 3289.01,4
782,09:30:02,$ 3289.01,1
783,09:30:02,$ 3289.01,1
784,09:30:02,$ 3289.01,1
785,09:30:02,$ 3289.01,1
786,09:30:02,$ 3289.01,1
787,09:30:02,$ 3289.01,1
788,09:30:02,$ 3289.01,1
789,09:30:02,$ 3289.01,11
790,09:30:02,$ 3289.01,1
791,09:30:02,$ 3289.01,4
792,09:30:02,$ 3289.01,8
793,09:30:02,$ 3289.01,6
794,09:30:02,$ 3289.01,3
795,09:30:02,$ 3289.01,1
796,09:30:02,$ 3289.01,1
797,09:30:02,$ 3289.01,1
799,09:30:02,$ 3289.01,2
800,09:30:02,$ 3289.01,2
801,09:30:02,$ 3289.01,3
802,09:30:02,$ 3289.01,1
803,09:30:02,$ 3289.01,1
804,09:30:02,$ 3289.01,1
805,09:30:02,$ 3289.01,15
806,09:30:02,$ 3289.01,334
807,09:30:02,$ 3289.01,5
808,09:30:02,$ 3289.01,3
809,09:30:02,$ 3289.01,1
810,09:30:02,$ 3289.01,1
811,09:30:02,$ 3289.01,1
812,09:30:02,$ 3289.01,1
813,09:30:02,$ 3289.01,1
814,09:30:02,$ 3289.01,6
815,09:30:02,$ 3289.01,3
816,09:30:02,$ 3289.01,3
817,09:30:02,$ 3289.01,2
818,09:30:02,$ 3289.01,2
820,09:30:02,$ 3289.01,5
821,09:30:02,$ 3289.01,100
822,09:30:02,$ 3289.01,1
823,09:30:02,$ 3289.01,3
824,09:30:02,$ 3289.01,3
825,09:30:02,$ 3289.01,5
826,09:30:02,$ 3289.01,1
827,09:30:02,$ 3289.01,1
828,09:30:02,$ 3289.01,3
829,09:30:02,$ 3289.01,1
830,09:30:02,$ 3289.01,1
831,09:30:02,$ 3289.01,2
832,09:30:02,$ 3289.01,4
833,09:30:02,$ 3289.01,1
834,09:30:02,$ 3289.01,1
835,09:30:02,$ 3289.01,1
836,09:30:02,$ 3289.01,1
837,09:30:02,$ 3289.01,1
838,09:30:02,$ 3289.01,1
839,09:30:02,$ 3289.01,3
841,09:30:02,$ 3289.01,4
842,09:30:02,$ 3289.01,1
843,09:30:02,$ 3289.01,26
844,09:30:02,$ 3289.01,1
845,09:30:02,$ 3289.01,1
846,09:30:02,$ 3289.01,1
847,09:30:02,$ 3289.01,1
848,09:30:02,$ 3289.01,1
849,09:30:02,$ 3289.01,1
850,09:30:02,$ 3289.01,1
851,09:30:02,$ 3289.01,1
852,09:30:02,$ 3289.01,1
853,09:30:02,$ 3289.01,1
854,09:30:02,$ 3289.01,1
855,09:30:02,$ 3289.01,1
856,09:30:02,$ 3289.01,1
857,09:30:02,$ 3289.01,1
858,09:30:02,$ 3289.01,1
859,09:30:02,$ 3289.01,1
860,09:30:02,$ 3289.01,1
862,09:30:02,$ 3289.01,1
863,09:30:02,$ 3289.01,1
864,09:30:02,$ 3289.01,1
865,09:30:02,$ 3289.01,1
866,09:30:02,$ 3289.01,1
867,09:30:02,$ 3289.01,1
868,09:30:02,$ 3289.01,1
869,09:30:02,$ 3289.01,1
870,09:30:02,$ 3289.01,1
871,09:30:02,$ 3289.01,1
872,09:30:02,$ 3289.01,1
873,09:30:02,$ 3289.01,1
874,09:30:02,$ 3289.01,1
875,09:30:02,$ 3289.01,1
876,09:30:02,$ 3289.01,1
877,09:30:02,$ 3289.01,1
878,09:30:02,$ 3289.01,1
879,09:30:02,$ 3289.01,1
880,09:30:02,$ 3289.01,1
881,09:30:02,$ 3289.01,1
883,09:30:02,$ 3289.01,1
884,09:30:02,$ 3289.01,1
885,09:30:02,$ 3289.01,1
886,09:30:02,$ 3289.01,1
887,09:30:02,$ 3289.01,1
888,09:30:02,$ 3289.01,1
889,09:30:02,$ 3289.01,1
890,09:30:02,$ 3289.01,1
891,09:30:02,$ 3289.01,1
892,09:30:02,$ 3289.01,1
893,09:30:02,$ 3289.01,1
894,09:30:02,$ 3289.01,1
895,09:30:02,$ 3289.01,1
896,09:30:02,$ 3289.01,1
897,09:30:02,$ 3289.01,1
898,09:30:02,$ 3289.01,1
899,09:30:02,$ 3289.01,1
900,09:30:02,$ 3289.01,1
901,09:30:02,$ 3289.01,1
902,09:30:02,$ 3289.01,1
904,09:30:02,$ 3289.01,1
905,09:30:02,$ 3289.01,1
906,09:30:02,$ 3289.01,1
907,09:30:02,$ 3289.01,1
908,09:30:02,$ 3289.01,2
909,09:30:02,$ 3289.01,1
910,09:30:02,$ 3289.01,1
911,09:30:02,$ 3289.01,1
912,09:30:02,$ 3289.01,1
913,09:30:02,$ 3289.01,1
914,09:30:02,$ 3289.01,1
915,09:30:02,$ 3289.01,10
916,09:30:02,$ 3289.01,3
917,09:30:02,$ 3289.01,1
918,09:30:02,$ 3289.01,2
919,09:30:02,$ 3289.01,1
920,09:30:02,$ 3289.01,10
921,09:30:02,$ 3289.01,1
922,09:30:02,$ 3289.01,30
923,09:30:02,$ 3289.01,1
925,09:30:02,$ 3289.01,2
926,09:30:02,$ 3289.01,6
927,09:30:02,$ 3289.01,1
928,09:30:02,$ 3289.01,1
929,09:30:02,$ 3289.01,2
930,09:30:02,$ 3289.01,3
931,09:30:02,$ 3289.01,2
932,09:30:02,$ 3289.01,1
933,09:30:02,$ 3289.01,1
934,09:30:02,$ 3289.01,1
935,09:30:02,$ 3289.01,1
936,09:30:02,$ 3289.01,3
937,09:30:02,$ 3289.01,1
938,09:30:02,$ 3289.01,1
939,09:30:02,$ 3289.01,97
940,09:30:02,$ 3289.01,1
941,09:30:02,$ 3289.01,2
942,09:30:02,$ 3289.01,1
943,09:30:02,$ 3289.01,1
944,09:30:02,$ 3289.01,1
946,09:30:02,$ 3289.01,1
947,09:30:02,$ 3289.01,1
948,09:30:02,$ 3289.01,1
949,09:30:02,$ 3289.01,2
950,09:30:02,$ 3289.01,1
951,09:30:02,$ 3289.01,1
952,09:30:02,$ 3289.01,3
953,09:30:02,$ 3289.01,3
954,09:30:02,$ 3289.01,1
955,09:30:02,$ 3289.01,3
956,09:30:02,$ 3289.01,1
957,09:30:02,$ 3289.01,5
958,09:30:02,$ 3289.01,1
959,09:30:02,$ 3289.01,1
960,09:30:02,$ 3289.01,1
961,09:30:02,$ 3289.01,1
962,09:30:02,$ 3289.01,1
963,09:30:02,$ 3289.01,1
964,09:30:02,$ 3289.01,1
965,09:30:02,$ 3289.01,1
967,09:30:02,$ 3289.01,1
968,09:30:02,$ 3289.01,1
969,09:30:02,$ 3289.01,1
970,09:30:02,$ 3289.01,1
971,09:30:02,$ 3289.01,1
972,09:30:02,$ 3289.01,1
973,09:30:02,$ 3289.01,1
974,09:30:02,$ 3289.01,1
975,09:30:02,$ 3289.01,1
976,09:30:02,$ 3289.01,3
977,09:30:02,$ 3289.01,1
978,09:30:02,$ 3289.01,1
979,09:30:02,$ 3289.01,1
980,09:30:02,$ 3289.01,1
981,09:30:02,$ 3289.01,1
982,09:30:02,$ 3289.01,1
983,09:30:02,$ 3289.01,1
984,09:30:02,$ 3289.01,1
985,09:30:02,$ 3289.01,1
986,09:30:02,$ 3289.01,1
988,09:30:02,$ 3289.01,1
989,09:30:02,$ 3289.01,1
990,09:30:02,$ 3289.01,1
991,09:30:02,$ 3289.01,1
992,09:30:02,$ 3289.01,1
993,09:30:02,$ 3289.01,1
994,09:30:02,$ 3289.01,1
995,09:30:02,$ 3289.01,1
996,09:30:02,$ 3289.01,1
997,09:30:02,$ 3289.01,1
998,09:30:02,$ 3289.01,1
999,09:30:02,$ 3289.01,1
1000,09:30:02,$ 3289.01,1
1001,09:30:02,$ 3289.01,3
1002,09:30:02,$ 3289.01,1
1003,09:30:02,$ 3289.01,1
1004,09:30:02,$ 3289.01,1
1005,09:30:02,$ 3289.01,1
1006,09:30:02,$ 3289.01,1
1007,09:30:02,$ 3289.01,1
1009,09:30:02,$ 3289.01,1
1010,09:30:02,$ 3289.01,1
1011,09:30:02,$ 3289.01,1
1012,09:30:02,$ 3289.01,1
1013,09:30:02,$ 3289.01,1
1014,09:30:02,$ 3289.01,1
1015,09:30:02,$ 3289.01,1
1016,09:30:02,$ 3289.01,1
1017,09:30:02,$ 3289.01,1
1018,09:30:02,$ 3289.01,1
1019,09:30:02,$ 3289.01,1
1020,09:30:02,$ 3289.01,1
1021,09:30:02,$ 3289.01,1
1022,09:30:02,$ 3289.01,1
1023,09:30:02,$ 3289.01,1
1024,09:30:02,$ 3289.01,1
1025,09:30:02,$ 3289.01,1
1026,09:30:02,$ 3289.01,1
1027,09:30:02,$ 3289.01,1
1028,09:30:02,$ 3289.01,1
1030,09:30:02,$ 3289.01,1
1031,09:30:02,$ 3289.01,1
1032,09:30:02,$ 3289.01,1
1033,09:30:02,$ 3289.01,1
1034,09:30:02,$ 3289.01,1
1035,09:30:02,$ 3289.01,1
1036,09:30:02,$ 3289.01,1
1037,09:30:02,$ 3289.01,1
1038,09:30:02,$ 3289.01,1
1039,09:30:02,$ 3289.01,1
1040,09:30:02,$ 3289.01,1
1041,09:30:02,$ 3289.01,1
1042,09:30:02,$ 3289.01,1
1043,09:30:02,$ 3289.01,1
1044,09:30:02,$ 3289.01,1
1045,09:30:02,$ 3289.01,1
1046,09:30:02,$ 3289.01,1
1047,09:30:02,$ 3289.01,1
1048,09:30:02,$ 3289.01,1
1049,09:30:02,$ 3289.01,1
1051,09:30:02,$ 3289.01,1
1052,09:30:02,$ 3289.01,1
1053,09:30:02,$ 3289.01,1
1054,09:30:02,$ 3289.01,1
1055,09:30:02,$ 3289.01,1
1056,09:30:02,$ 3289.01,1
1057,09:30:02,$ 3289.01,1
1058,09:30:02,$ 3289.01,1
1059,09:30:02,$ 3289.01,1
1060,09:30:02,$ 3289.01,4
1061,09:30:02,$ 3289.01,1
1062,09:30:02,$ 3289.01,1
1063,09:30:02,$ 3289.01,1
1064,09:30:02,$ 3289.01,15
1065,09:30:02,$ 3289.01,1
1066,09:30:02,$ 3289.01,1
1067,09:30:02,$ 3289.01,1
1068,09:30:02,$ 3289.01,1
1069,09:30:02,$ 3289.01,1
1070,09:30:02,$ 3289.01,35
1072,09:30:02,$ 3289.01,1
1073,09:30:02,$ 3289.01,2
1074,09:30:02,$ 3289.01,1
1075,09:30:02,$ 3289.01,4
1076,09:30:02,$ 3289.01,1
1077,09:30:02,$ 3289.01,10
1078,09:30:02,$ 3289.01,1
1079,09:30:02,$ 3289.01,1
1080,09:30:02,$ 3289.01,1
1081,09:30:02,$ 3289.01,8
1082,09:30:02,$ 3289.01,1
1083,09:30:02,$ 3289.01,43
1084,09:30:02,$ 3289.01,104
1085,09:30:02,$ 3289.01,95
1086,09:30:02,$ 3289.01,8
1087,09:30:02,$ 3289.01,40
1088,09:30:02,$ 3289.01,6
1089,09:30:02,$ 3289.01,1
1090,09:30:02,$ 3289.01,3
1091,09:30:02,$ 3289.01,7
1093,09:30:02,$ 3289.01,300
1094,09:30:02,$ 3289.01,1
1095,09:30:02,$ 3289.01,1
1096,09:30:02,$ 3289.01,1
1097,09:30:02,$ 3289.01,5
1098,09:30:02,$ 3289.01,1
1099,09:30:02,$ 3289.01,1
1100,09:30:02,$ 3289.01,1
1101,09:30:02,$ 3289.01,1
1102,09:30:02,$ 3289.01,1
1103,09:30:02,$ 3289.01,1
1104,09:30:02,$ 3289.01,9
1105,09:30:02,$ 3289.01,1
1106,09:30:02,$ 3289.01,1
1107,09:30:02,$ 3289.01,1
1108,09:30:02,$ 3289.01,1
1109,09:30:02,$ 3289.01,1
1110,09:30:02,$ 3289.01,2
1111,09:30:02,$ 3289.01,1
1112,09:30:02,$ 3289.01,1
1114,09:30:02,$ 3289.01,1
1115,09:30:02,$ 3289.01,1
1116,09:30:02,$ 3289.01,3
1117,09:30:02,$ 3289.01,3
1118,09:30:02,$ 3289.01,1
1119,09:30:02,$ 3289.01,80
1120,09:30:02,$ 3289.01,9
1121,09:30:02,$ 3289.01,3
1122,09:30:02,$ 3289.01,10
1123,09:30:02,$ 3289.01,1
1124,09:30:02,$ 3289.01,10
1125,09:30:02,$ 3289.01,1
1126,09:30:02,$ 3289.01,3
1127,09:30:02,$ 3289.01,10
1128,09:30:02,$ 3289.01,1
1129,09:30:02,$ 3289.01,1
1130,09:30:02,$ 3289.01,2
1131,09:30:02,$ 3289.01,16
1132,09:30:02,$ 3289.01,1
1133,09:30:02,$ 3289.01,2
1135,09:30:02,$ 3289.01,1
1136,09:30:02,$ 3289.01,3
1137,09:30:02,$ 3289.01,2
1138,09:30:02,$ 3289.01,10
1139,09:30:02,$ 3289.01,1
1140,09:30:02,$ 3289.01,31
1141,09:30:02,$ 3289.01,1
1142,09:30:02,$ 3289.01,2
1143,09:30:02,$ 3289.01,1
1144,09:30:02,$ 3289.01,2
1145,09:30:02,$ 3289.01,1
1146,09:30:02,$ 3289.01,5
1147,09:30:02,$ 3289.01,10
1148,09:30:02,$ 3289.01,1
1149,09:30:02,$ 3289.01,6
1150,09:30:02,$ 3289.01,3
1151,09:30:02,$ 3289.01,25
1152,09:30:02,$ 3289.01,1
1153,09:30:02,$ 3289.01,35
1154,09:30:02,$ 3289.01,33
1156,09:30:02,$ 3289.01,3
1157,09:30:02,$ 3289.01,50
1158,09:30:02,$ 3289.01,1
1159,09:30:02,$ 3289.01,4
1160,09:30:02,$ 3289.01,23
1161,09:30:02,$ 3289.01,6
1162,09:30:02,$ 3289.01,5
1163,09:30:02,$ 3289.01,15
1164,09:30:02,$ 3289.01,3
1165,09:30:02,$ 3289.01,1
1166,09:30:02,$ 3289.01,1
1167,09:30:02,$ 3289.01,23
1168,09:30:02,$ 3289.01,4
1169,09:30:02,$ 3289.01,1
1170,09:30:02,$ 3289.01,7
1171,09:30:02,$ 3289.01,4
1172,09:30:02,$ 3289.01,48
1173,09:30:02,$ 3289.01,4
1174,09:30:02,$ 3289.01,20
1175,09:30:02,$ 3289.01,2
1177,09:30:02,$ 3289.01,4
1178,09:30:02,$ 3289.01,2
1179,09:30:02,$ 3289.01,41
1180,09:30:02,$ 3289.01,15
1181,09:30:02,$ 3289.01,2
1182,09:30:02,$ 3289.01,8
1183,09:30:02,$ 3289.01,7
1184,09:30:02,$ 3289.01,15
1185,09:30:02,$ 3289.01,3
1186,09:30:02,$ 3289.01,1
1187,09:30:02,$ 3289.01,1
1188,09:30:02,$ 3289.01,1
1189,09:30:02,$ 3289.01,2
1190,09:30:02,$ 3289.01,8
1191,09:30:02,$ 3289.01,10
1192,09:30:02,$ 3289.01,10
1193,09:30:02,$ 3289.01,1
1194,09:30:02,$ 3289.01,3
1195,09:30:02,$ 3289.01,5
1196,09:30:02,$ 3289.01,2
1198,09:30:02,$ 3289.01,4
1199,09:30:02,$ 3289.01,2
1200,09:30:02,$ 3289.01,35
1201,09:30:02,$ 3289.01,1
1202,09:30:02,$ 3289.01,1
1203,09:30:02,$ 3289.01,1
1204,09:30:02,$ 3289.01,7
1205,09:30:02,$ 3289.01,2
1206,09:30:02,$ 3289.01,3
1207,09:30:02,$ 3289.01,10
1208,09:30:02,$ 3289.01,1
1209,09:30:02,$ 3289.01,2
1210,09:30:02,$ 3289.01,25
1211,09:30:02,$ 3289.01,10
1212,09:30:02,$ 3289.01,1
1213,09:30:02,$ 3289.01,4
1214,09:30:02,$ 3289.01,1
1215,09:30:02,$ 3289.01,1
1216,09:30:02,$ 3289.01,1
1217,09:30:02,$ 3289.01,1
1219,09:30:02,$ 3289.01,3
1220,09:30:02,$ 3289.01,1
1221,09:30:02,$ 3289.01,1
1222,09:30:02,$ 3289.01,1
1223,09:30:02,$ 3289.01,1
1224,09:30:02,$ 3289.01,1
1225,09:30:02,$ 3289.01,10
1226,09:30:02,$ 3289.01,6
1227,09:30:02,$ 3289.01,1
1228,09:30:02,$ 3289.01,6
1229,09:30:02,$ 3289.01,5
1230,09:30:02,$ 3289.01,2
1231,09:30:02,$ 3289.01,3
1232,09:30:02,$ 3289.01,1
1233,09:30:02,$ 3289.01,1
1234,09:30:02,$ 3289.01,7
1235,09:30:02,$ 3289.01,5
1236,09:30:02,$ 3289.01,10
1237,09:30:02,$ 3289.01,1
1238,09:30:02,$ 3289.01,22
1240,09:30:02,$ 3289.01,1
1241,09:30:02,$ 3289.01,1
1242,09:30:02,$ 3289.01,2
1243,09:30:02,$ 3289.01,2
1244,09:30:02,$ 3289.01,18
1245,09:30:02,$ 3289.01,4
1246,09:30:02,$ 3289.01,9
1247,09:30:02,$ 3289.01,1
1248,09:30:02,$ 3289.01,1
1249,09:30:02,$ 3289.01,1
1250,09:30:02,$ 3289.01,1
1251,09:30:02,$ 3289.01,16
1252,09:30:02,$ 3289.01,65
1253,09:30:02,$ 3289.01,2
1254,09:30:02,$ 3289.01,2
1255,09:30:02,$ 3289.01,65
1256,09:30:02,$ 3289.01,181
1257,09:30:02,$ 3289.01,4
1258,09:30:02,$ 3289.01,1
1259,09:30:02,$ 3289.01,4
1261,09:30:02,$ 3289.01,1
1262,09:30:02,$ 3289.01,3
1263,09:30:02,$ 3289.01,1
1264,09:30:02,$ 3289.01,1
1265,09:30:02,$ 3289.01,1
1266,09:30:02,$ 3289.01,3
1267,09:30:02,$ 3289.01,1
1268,09:30:02,$ 3289.01,25
1269,09:30:02,$ 3289.01,197
1270,09:30:02,$ 3289.01,65
1271,09:30:02,$ 3289.01,1
1272,09:30:02,$ 3289.01,1
1273,09:30:02,$ 3289.01,5
1274,09:30:02,$ 3289.01,2
1275,09:30:02,$ 3289.01,65
1276,09:30:02,$ 3289.01,65
1277,09:30:02,$ 3289.01,5
1278,09:30:02,$ 3289.01,65
1279,09:30:02,$ 3289.01,2
1280,09:30:02,$ 3289.01,1
1282,09:30:02,$ 3289.01,65
1283,09:30:02,$ 3289.01,65
1284,09:30:02,$ 3289.01,3
1285,09:30:02,$ 3289.01,2
1286,09:30:02,$ 3289.01,15
1287,09:30:02,$ 3289.01,5
1288,09:30:02,$ 3289.01,67
1289,09:30:02,$ 3289.01,2
1290,09:30:02,$ 3289.01,86
1291,09:30:02,$ 3289.01,65
1292,09:30:02,$ 3289.01,30
1293,09:30:02,$ 3289.01,2
1294,09:30:02,$ 3289.01,3
1295,09:30:02,$ 3289.01,1
1296,09:30:02,$ 3289.01,5
1297,09:30:02,$ 3289.01,1
1298,09:30:02,$ 3289.01,4
1299,09:30:02,$ 3289.01,6
1300,09:30:02,$ 3289.01,1
1301,09:30:02,$ 3289.01,3
1303,09:30:02,$ 3289.01,65
1304,09:30:02,$ 3289.01,64
1305,09:30:02,$ 3289.01,65
1306,09:30:02,$ 3289.01,10
1307,09:30:02,$ 3289.01,65
1308,09:30:02,$ 3289.01,65
1309,09:30:02,$ 3289.01,65
1310,09:30:02,$ 3289.01,65
1311,09:30:02,$ 3289.01,65
1312,09:30:02,$ 3289.01,65
1313,09:30:02,$ 3289.01,3
1314,09:30:02,$ 3289.01,33
1315,09:30:02,$ 3289.01,32
1316,09:30:02,$ 3289.01,33
1317,09:30:02,$ 3289.01,32
1318,09:30:02,$ 3289.01,33
1319,09:30:02,$ 3289.01,1
1320,09:30:02,$ 3289.01,1
1321,09:30:02,$ 3289.01,32
1322,09:30:02,$ 3289.01,33
1324,09:30:02,$ 3289.01,32
1325,09:30:02,$ 3289.01,33
1326,09:30:02,$ 3289.01,32
1327,09:30:02,$ 3289.01,100
1328,09:30:02,$ 3289.01,100
1329,09:30:02,$ 3289.01,1
1330,09:30:02,$ 3289.01,10
1331,09:30:02,$ 3289.01,1
1332,09:30:02,$ 3289.01,1
1333,09:30:02,$ 3289.01,22
1334,09:30:02,$ 3289.01,1
1335,09:30:02,$ 3289.01,1
1336,09:30:02,$ 3289.01,1
1337,09:30:02,$ 3289.01,2
1338,09:30:02,$ 3289.01,10
1339,09:30:02,$ 3289.01,25
1340,09:30:02,$ 3289.01,1
1341,09:30:02,$ 3289.01,5
1342,09:30:02,$ 3289.01,2
1343,09:30:02,$ 3289.01,1
1345,09:30:02,$ 3289.01,20
1346,09:30:02,$ 3289.01,13
1347,09:30:02,$ 3289.01,8
1348,09:30:02,$ 3289.01,16
1349,09:30:02,$ 3289.01,1
1350,09:30:02,$ 3289.01,50
1351,09:30:02,$ 3289.01,1
1352,09:30:02,$ 3289.01,1
1353,09:30:02,$ 3289.01,1
1354,09:30:02,$ 3289.01,1
1355,09:30:02,$ 3289.01,2
1356,09:30:02,$ 3289.01,700
1357,09:30:02,$ 3289.01,2
1358,09:30:02,$ 3289.01,5
1359,09:30:02,$ 3289.01,176
1360,09:30:02,$ 3289.01,1
1361,09:30:02,$ 3289.01,10
1362,09:30:02,$ 3289.01,2
1363,09:30:02,$ 3289.01,64
1364,09:30:02,$ 3289.01,2
1366,09:30:02,$ 3289.01,11
1367,09:30:02,$ 3289.01,3
1368,09:30:02,$ 3289.01,50
1369,09:30:02,$ 3289.01,1
1370,09:30:02,$ 3289.01,30
1371,09:30:02,$ 3289.01,30
1372,09:30:02,$ 3289.01,5
1373,09:30:02,$ 3289.01,30
1374,09:30:02,$ 3289.01,3
1375,09:30:02,$ 3289.01,13
1376,09:30:02,$ 3289.01,30
1377,09:30:02,$ 3289.01,40
1378,09:30:02,$ 3289.01,6
1379,09:30:02,$ 3289.01,10
1380,09:30:02,$ 3289.01,1
1381,09:30:02,$ 3289.01,57
1382,09:30:02,$ 3289.01,89
1383,09:30:02,$ 3289.01,60
1384,09:30:02,$ 3289.01,40
1385,09:30:02,$ 3289.01,3
1387,09:30:02,$ 3289.01,63
1388,09:30:02,$ 3289.01,1
1389,09:30:02,$ 3289.01,79
1390,09:30:02,$ 3289.01,5
1391,09:30:02,$ 3289.01,1
1392,09:30:02,$ 3289.01,2
1393,09:30:02,$ 3289.01,1
1394,09:30:02,$ 3289.01,1
1395,09:30:02,$ 3289.01,1
1396,09:30:02,$ 3289.01,1
1397,09:30:02,$ 3289.01,1
1398,09:30:02,$ 3289.01,1
1399,09:30:02,$ 3289.01,1
1400,09:30:02,$ 3289.01,2
1401,09:30:02,$ 3289.01,1
1402,09:30:02,$ 3289.01,2
1403,09:30:02,$ 3289.01,1
1404,09:30:02,$ 3289.01,1
1405,09:30:02,$ 3289.01,5
1406,09:30:02,$ 3289.01,1
1408,09:30:02,$ 3289.01,1
1409,09:30:02,$ 3289.01,1
1410,09:30:02,$ 3289.01,1
1411,09:30:02,$ 3289.01,1
1412,09:30:02,$ 3289.01,1
1413,09:30:02,$ 3289.01,1
1414,09:30:02,$ 3289.01,2
1415,09:30:02,$ 3289.01,1
1416,09:30:02,$ 3289.01,1
1417,09:30:02,$ 3289.01,1
1418,09:30:02,$ 3289.01,1
1419,09:30:02,$ 3289.01,1
1420,09:30:02,$ 3289.01,1
1421,09:30:02,$ 3289.01,1
1422,09:30:02,$ 3289.01,1
1423,09:30:02,$ 3289.01,1
1424,09:30:02,$ 3289.01,1
1425,09:30:02,$ 3289.01,1
1426,09:30:02,$ 3289.01,5
1427,09:30:02,$ 3289.01,1
1429,09:30:02,$ 3289.01,1
1430,09:30:02,$ 3289.01,1
1431,09:30:02,$ 3289.01,1
1432,09:30:02,$ 3289.01,1
1433,09:30:02,$ 3289.01,1
1434,09:30:02,$ 3289.01,2
1435,09:30:02,$ 3289.01,71
1436,09:30:02,$ 3289.01,5
1437,09:30:02,$ 3289.01,1
1438,09:30:02,$ 3289.01,12
1439,09:30:02,$ 3289.01,23
1440,09:30:02,$ 3289.01,5
1441,09:30:02,$ 3289.01,1
1442,09:30:02,$ 3289.01,1
1443,09:30:02,$ 3289.01,2
1444,09:30:02,$ 3289.01,1
1445,09:30:02,$ 3289.01,1
1446,09:30:02,$ 3289.01,1
1447,09:30:02,$ 3289.01,1
1448,09:30:02,$ 3289.01,6
1450,09:30:02,$ 3289.01,5
1451,09:30:02,$ 3289.01,7
1452,09:30:02,$ 3289.01,3
1453,09:30:02,$ 3289.01,1
1454,09:30:02,$ 3289.01,1
1455,09:30:02,$ 3289.01,1
1456,09:30:02,$ 3289.01,2
1457,09:30:02,$ 3289.01,4
1458,09:30:02,$ 3289.01,3
1459,09:30:02,$ 3289.01,2
1460,09:30:02,$ 3289.01,2
1461,09:30:02,$ 3289.01,1
1462,09:30:02,$ 3289.01,6
1463,09:30:02,$ 3289.01,4
1464,09:30:02,$ 3289.01,2
1465,09:30:02,$ 3289.01,14
1466,09:30:02,$ 3289.01,1
1467,09:30:02,$ 3289.01,1
1468,09:30:02,$ 3289.01,1
1469,09:30:02,$ 3289.01,2
1471,09:30:02,$ 3289.01,3
1472,09:30:02,$ 3289.01,11
1473,09:30:02,$ 3289.01,40
1474,09:30:02,$ 3289.01,1
1475,09:30:02,$ 3289.01,3
1476,09:30:02,$ 3289.01,2
1477,09:30:02,$ 3289.01,1
1478,09:30:02,$ 3289.01,1
1479,09:30:02,$ 3289.01,5
1480,09:30:02,$ 3289.01,4
1481,09:30:02,$ 3289.01,3
1482,09:30:02,$ 3289.01,5
1483,09:30:02,$ 3289.01,3
1484,09:30:02,$ 3289.01,1
1485,09:30:02,$ 3289.01,25
1486,09:30:02,$ 3289.01,1
1487,09:30:02,$ 3289.01,3
1488,09:30:02,$ 3289.01,4
1489,09:30:02,$ 3289.01,1
1490,09:30:02,$ 3289.01,7
1492,09:30:02,$ 3289.01,3
1493,09:30:02,$ 3289.01,3
1494,09:30:02,$ 3289.01,18
1495,09:30:02,$ 3289.01,800
1496,09:30:02,$ 3289.01,1
1497,09:30:02,$ 3289.01,388
1498,09:30:02,$ 3289.01,100
1499,09:30:02,$ 3289.01,32
1500,09:30:02,$ 3289.01,2
1501,09:30:02,$ 3289.01,251
1502,09:30:02,$ 3289.01,2
1503,09:30:02,$ 3289.01,100
1504,09:30:02,$ 3289.01,103
1505,09:30:02,$ 3289.01,6
1506,09:30:02,$ 3289.01,10
1507,09:30:02,$ 3289.01,11
1508,09:30:02,$ 3289.01,24
1509,09:30:02,$ 3289.01,192
1510,09:30:02,$ 3289.01,40
1511,09:30:02,$ 3289.01,1
1513,09:30:02,$ 3289.01,845
1514,09:30:02,$ 3289.01,139
1515,09:30:02,$ 3289.01,5
1516,09:30:02,$ 3289.01,300
1517,09:30:02,$ 3289.01,24
1518,09:30:02,$ 3289.01,281
1519,09:30:02,$ 3289.01,18
1520,09:30:02,$ 3289.01,3
1521,09:30:02,$ 3289.01,1
1522,09:30:02,$ 3289.01,1
1523,09:30:02,$ 3289.01,244
1524,09:30:02,$ 3289.01,17
1525,09:30:02,$ 3289.01,"1,258"
1526,09:30:02,$ 3289.01,8
1527,09:30:02,$ 3289.01,4
1528,09:30:02,$ 3289.01,5
1529,09:30:02,$ 3289.01,1
1530,09:30:02,$ 3289.01,75
1531,09:30:02,$ 3289.01,9
1532,09:30:02,$ 3289.01,30
1534,09:30:02,$ 3289.01,2
1535,09:30:02,$ 3289.01,1
1536,09:30:02,$ 3289.01,1
1537,09:30:02,$ 3289.01,1
1538,09:30:02,$ 3289.01,1
1539,09:30:02,$ 3289.01,4
1540,09:30:02,$ 3289.01,1
1541,09:30:02,$ 3289.01,2
1542,09:30:02,$ 3289.01,2
1543,09:30:02,$ 3289.01,30
1544,09:30:02,$ 3289.01,1
1545,09:30:02,$ 3289.01,2
1546,09:30:02,$ 3289.01,1
1547,09:30:02,$ 3289.01,3
1548,09:30:02,$ 3289.01,3
1549,09:30:02,$ 3289.01,5
1550,09:30:02,$ 3289.01,20
1551,09:30:02,$ 3289.01,10
1552,09:30:02,$ 3289.01,5
1553,09:30:02,$ 3289.01,2
1555,09:30:02,$ 3289.01,1
1556,09:30:02,$ 3289.01,20
1557,09:30:02,$ 3289.01,10
1558,09:30:02,$ 3289.01,8
1559,09:30:02,$ 3289.01,3
1560,09:30:02,$ 3289.01,2
1561,09:30:02,$ 3289.01,5
1562,09:30:02,$ 3289.01,3
1563,09:30:02,$ 3289.01,3
1564,09:30:02,$ 3289.01,66
1565,09:30:02,$ 3289.01,27
1566,09:30:02,$ 3289.01,1
1567,09:30:02,$ 3289.01,9
1568,09:30:02,$ 3289.01,6
1569,09:30:02,$ 3289.01,2
1570,09:30:02,$ 3289.01,5
1571,09:30:02,$ 3289.01,10
1572,09:30:02,$ 3289.01,5
1573,09:30:02,$ 3289.01,2
1574,09:30:02,$ 3289.01,2
1576,09:30:02,$ 3289.01,3
1577,09:30:02,$ 3289.01,"1,758"
1578,09:30:02,$ 3289.01,2
1579,09:30:02,$ 3289.01,1
1580,09:30:02,$ 3289.01,12
1581,09:30:02,$ 3289.01,2
1582,09:30:02,$ 3289.01,16
1583,09:30:02,$ 3289.01,10
1584,09:30:02,$ 3289.01,17
1585,09:30:02,$ 3289.01,1
1586,09:30:02,$ 3289.01,30
1587,09:30:02,$ 3289.01,"1,100"
1588,09:30:02,$ 3289.01,5
1589,09:30:02,$ 3289.01,11
1590,09:30:02,$ 3289.01,100
1591,09:30:02,$ 3289.01,11
1592,09:30:02,$ 3289.01,1
1593,09:30:02,$ 3289.01,150
1594,09:30:02,$ 3289.01,1
1595,09:30:02,$ 3289.01,1
1597,09:30:02,$ 3289.01,20
1598,09:30:02,$ 3289.01,2
1599,09:30:02,$ 3289.01,1
1600,09:30:02,$ 3289.01,1
1601,09:30:02,$ 3289.01,11
1602,09:30:02,$ 3289.01,2
1603,09:30:02,$ 3289.01,6
1604,09:30:02,$ 3289.01,3
1605,09:30:02,$ 3289.01,2
1606,09:30:02,$ 3289.01,16
1607,09:30:02,$ 3289.01,1
1608,09:30:02,$ 3289.01,1
1609,09:30:02,$ 3289.01,2
1610,09:30:02,$ 3289.01,1
1611,09:30:02,$ 3289.01,1
1612,09:30:02,$ 3289.01,1
1613,09:30:02,$ 3289.01,1
1614,09:30:02,$ 3289.01,3
1615,09:30:02,$ 3289.01,1
1616,09:30:02,$ 3289.01,355
1618,09:30:02,$ 3289.01,7
1619,09:30:02,$ 3289.01,69
1620,09:30:02,$ 3289.01,1
1621,09:30:02,$ 3289.01,1
1622,09:30:02,$ 3289.01,1
1623,09:30:02,$ 3289.01,1
1624,09:30:02,$ 3289.01,5
1625,09:30:02,$ 3289.01,24
1626,09:30:02,$ 3289.01,32
1627,09:30:02,$ 3289.01,6
1628,09:30:02,$ 3289.01,1
1629,09:30:02,$ 3289.01,41
1630,09:30:02,$ 3289.01,1
1631,09:30:02,$ 3289.01,1
1632,09:30:02,$ 3289.01,21
1633,09:30:02,$ 3289.01,42
1634,09:30:02,$ 3289.01,11
1635,09:30:02,$ 3289.01,3
1636,09:30:02,$ 3289.01,430
1637,09:30:02,$ 3289.01,8
1639,09:30:02,$ 3289.01,37
1640,09:30:02,$ 3289.01,3
1641,09:30:02,$ 3289.01,2
1642,09:30:02,$ 3289.01,600
1643,09:30:02,$ 3289.01,5
1644,09:30:02,$ 3289.01,1
1645,09:30:02,$ 3289.01,1
1646,09:30:02,$ 3289.01,4
1647,09:30:02,$ 3289.01,1
1648,09:30:02,$ 3289.01,30
1649,09:30:02,$ 3289.01,2
1650,09:30:02,$ 3289.01,2
1651,09:30:02,$ 3289.01,405
1652,09:30:02,$ 3289.01,5
1653,09:30:02,$ 3289.01,10
1654,09:30:02,$ 3289.01,30
1655,09:30:02,$ 3289.01,2
1656,09:30:02,$ 3289.01,2
1657,09:30:02,$ 3289.01,1
1658,09:30:02,$ 3289.01,5
1660,09:30:02,$ 3289.01,1
1661,09:30:02,$ 3289.01,1
1662,09:30:02,$ 3289.01,1
1663,09:30:02,$ 3289.01,2
1664,09:30:02,$ 3289.01,70
1665,09:30:02,$ 3289.01,12
1666,09:30:02,$ 3289.01,3
1667,09:30:02,$ 3289.01,50
1668,09:30:02,$ 3289.01,44
1669,09:30:02,$ 3289.01,2
1670,09:30:02,$ 3289.01,2
1671,09:30:02,$ 3289.01,4
1672,09:30:02,$ 3289.01,37
1673,09:30:02,$ 3289.01,10
1674,09:30:02,$ 3289.01,5
1675,09:30:02,$ 3289.01,30
1676,09:30:02,$ 3289.01,1
1677,09:30:02,$ 3289.01,1
1678,09:30:02,$ 3289.01,10
1679,09:30:02,$ 3289.01,55
1681,09:30:02,$ 3289.01,8
1682,09:30:02,$ 3289.01,6
1683,09:30:02,$ 3289.01,1
1684,09:30:02,$ 3289.01,1
1685,09:30:02,$ 3289.01,30
1686,09:30:02,$ 3289.01,1
1687,09:30:02,$ 3289.01,1
1688,09:30:02,$ 3289.01,2
1689,09:30:02,$ 3289.01,84
1690,09:30:02,$ 3289.01,4
1691,09:30:02,$ 3289.01,2
1692,09:30:02,$ 3289.01,1
1693,09:30:02,$ 3289.01,3
1694,09:30:02,$ 3289.01,212
1695,09:30:02,$ 3289.01,2
1696,09:30:02,$ 3289.01,1
1697,09:30:02,$ 3289.01,18
1698,09:30:02,$ 3289.01,8
1699,09:30:02,$ 3289.01,1
1700,09:30:02,$ 3289.01,20
1702,09:30:02,$ 3289.01,1
1703,09:30:02,$ 3289.01,1
1704,09:30:02,$ 3289.01,12
1705,09:30:02,$ 3289.01,2
1706,09:30:02,$ 3289.01,1
1707,09:30:02,$ 3289.01,1
1708,09:30:02,$ 3289.01,4
1709,09:30:02,$ 3289.01,3
1710,09:30:02,$ 3289.01,1
1711,09:30:02,$ 3289.01,1
1712,09:30:02,$ 3289.01,8
1713,09:30:02,$ 3289.01,1
1714,09:30:02,$ 3289.01,1
1715,09:30:02,$ 3289.01,5
1716,09:30:02,$ 3289.01,4
1717,09:30:02,$ 3289.01,1
1718,09:30:02,$ 3289.01,2
1719,09:30:02,$ 3289.01,16
1720,09:30:02,$ 3289.01,2
1721,09:30:02,$ 3289.01,4
1723,09:30:02,$ 3289.01,6
1724,09:30:02,$ 3289.01,100
1725,09:30:02,$ 3289.01,1
1726,09:30:02,$ 3289.01,10
1727,09:30:02,$ 3289.01,13
1728,09:30:02,$ 3289.01,4
1729,09:30:02,$ 3289.01,9
1730,09:30:02,$ 3289.01,1
1731,09:30:02,$ 3289.01,32
1732,09:30:02,$ 3289.01,10
1733,09:30:02,$ 3289.01,3
1734,09:30:02,$ 3289.01,2
1735,09:30:02,$ 3289.01,2
1736,09:30:02,$ 3289.01,2
1737,09:30:02,$ 3289.01,1
1738,09:30:02,$ 3289.01,1
1739,09:30:02,$ 3289.01,10
1740,09:30:02,$ 3289.01,1
1741,09:30:02,$ 3289.01,2
1742,09:30:02,$ 3289.01,1
1744,09:30:02,$ 3289.01,5
1745,09:30:02,$ 3289.01,15
1746,09:30:02,$ 3289.01,10
1747,09:30:02,$ 3289.01,2
1748,09:30:02,$ 3289.01,2
1749,09:30:02,$ 3289.01,2
1750,09:30:02,$ 3289.01,3
1751,09:30:02,$ 3289.01,5
1752,09:30:02,$ 3289.01,10
1753,09:30:02,$ 3289.01,1
1754,09:30:02,$ 3289.01,1
1755,09:30:02,$ 3289.01,1
1756,09:30:02,$ 3289.01,6
1757,09:30:02,$ 3289.01,28
1758,09:30:02,$ 3289.01,1
1759,09:30:02,$ 3289.01,5
1760,09:30:02,$ 3289.01,57
1761,09:30:02,$ 3289.01,8
1762,09:30:02,$ 3289.01,5
1763,09:30:02,$ 3289.01,1
1765,09:30:02,$ 3289.01,2
1766,09:30:02,$ 3289.01,3
1767,09:30:02,$ 3289.01,1
1768,09:30:02,$ 3289.01,2
1769,09:30:02,$ 3289.01,2
1770,09:30:02,$ 3289.01,1
1771,09:30:02,$ 3289.01,1
1772,09:30:02,$ 3289.01,10
1773,09:30:02,$ 3289.01,1
1774,09:30:02,$ 3289.01,2
1775,09:30:02,$ 3289.01,2
1776,09:30:02,$ 3289.01,1
1777,09:30:02,$ 3289.01,4
1778,09:30:02,$ 3289.01,34
1779,09:30:02,$ 3289.01,3
1780,09:30:02,$ 3289.01,6
1781,09:30:02,$ 3289.01,8
1782,09:30:02,$ 3289.01,1
1783,09:30:02,$ 3289.01,1
1784,09:30:02,$ 3289.01,10
1786,09:30:02,$ 3289.01,35
1787,09:30:02,$ 3289.01,200
1788,09:30:02,$ 3289.01,4
1789,09:30:02,$ 3289.01,1
1790,09:30:02,$ 3289.01,41
1791,09:30:02,$ 3289.01,13
1792,09:30:02,$ 3289.01,8
1793,09:30:02,$ 3289.01,1
1794,09:30:02,$ 3289.01,1
1795,09:30:02,$ 3289.01,6
1796,09:30:02,$ 3289.01,1
1797,09:30:02,$ 3289.01,1
1798,09:30:02,$ 3289.01,1
1799,09:30:02,$ 3289.01,5
1800,09:30:02,$ 3289.01,6
1801,09:30:02,$ 3289.01,11
1802,09:30:02,$ 3289.01,5
1803,09:30:02,$ 3289.01,1
1804,09:30:02,$ 3289.01,2
1805,09:30:02,$ 3289.01,10
1807,09:30:02,$ 3289.01,30
1808,09:30:02,$ 3289.01,20
1809,09:30:02,$ 3289.01,5
1810,09:30:02,$ 3289.01,3
1811,09:30:02,$ 3289.01,1
1812,09:30:02,$ 3289.01,10
1813,09:30:02,$ 3289.01,3
1814,09:30:02,$ 3289.01,50
1815,09:30:02,$ 3289.01,6
1816,09:30:02,$ 3289.01,1
1817,09:30:02,$ 3289.01,30
1818,09:30:02,$ 3289.01,1
1819,09:30:02,$ 3289.01,2
1820,09:30:02,$ 3289.01,5
1821,09:30:02,$ 3289.01,3
1822,09:30:02,$ 3289.01,1
1823,09:30:02,$ 3289.01,8
1824,09:30:02,$ 3289.01,25
1825,09:30:02,$ 3289.01,1
1826,09:30:02,$ 3289.01,1
1828,09:30:02,$ 3289.01,9
1829,09:30:02,$ 3289.01,1
1830,09:30:02,$ 3289.01,1
1831,09:30:02,$ 3289.01,1
1832,09:30:02,$ 3289.01,1
1833,09:30:02,$ 3289.01,2
1834,09:30:02,$ 3289.01,5
1835,09:30:02,$ 3289.01,1
1836,09:30:02,$ 3289.01,10
1837,09:30:02,$ 3289.01,5
1838,09:30:02,$ 3289.01,1
1839,09:30:02,$ 3289.01,1
1840,09:30:02,$ 3289.01,1
1841,09:30:02,$ 3289.01,3
1842,09:30:02,$ 3289.01,1
1843,09:30:02,$ 3289.01,1
1844,09:30:02,$ 3289.01,3
1845,09:30:02,$ 3289.01,3
1846,09:30:02,$ 3289.01,4
1847,09:30:02,$ 3289.01,5
1849,09:30:02,$ 3289.01,4
1850,09:30:02,$ 3289.01,2
1851,09:30:02,$ 3289.01,1
1852,09:30:02,$ 3289.01,10
1853,09:30:02,$ 3289.01,1
1854,09:30:02,$ 3289.01,1
1855,09:30:02,$ 3289.01,7
1856,09:30:02,$ 3289.01,4
1857,09:30:02,$ 3289.01,1
1858,09:30:02,$ 3289.01,1
1859,09:30:02,$ 3289.01,15
1860,09:30:02,$ 3289.01,5
1861,09:30:02,$ 3289.01,4
1862,09:30:02,$ 3289.01,3
1863,09:30:02,$ 3289.01,2
1864,09:30:02,$ 3289.01,1
1865,09:30:02,$ 3289.01,1
1866,09:30:02,$ 3289.01,5
1867,09:30:02,$ 3289.01,178
1868,09:30:02,$ 3289.01,1
1870,09:30:02,$ 3289.01,3
1871,09:30:02,$ 3289.01,3
1872,09:30:02,$ 3289.01,10
1873,09:30:02,$ 3289.01,1
1874,09:30:02,$ 3289.01,1
1875,09:30:02,$ 3289.01,4
1876,09:30:02,$ 3289.01,1
1877,09:30:02,$ 3289.01,1
1878,09:30:02,$ 3289.01,1
1879,09:30:02,$ 3289.01,1
1880,09:30:02,$ 3289.01,3
1881,09:30:02,$ 3289.01,2
1882,09:30:02,$ 3289.01,10
1883,09:30:02,$ 3289.01,1
1884,09:30:02,$ 3289.01,1
1885,09:30:02,$ 3289.01,1
1886,09:30:02,$ 3289.01,3
1887,09:30:02,$ 3289.01,6
1888,09:30:02,$ 3289.01,20
1889,09:30:02,$ 3289.01,1
1891,09:30:02,$ 3289.01,4
1892,09:30:02,$ 3289.01,1
1893,09:30:02,$ 3289.01,1
1894,09:30:02,$ 3289.01,1
1895,09:30:02,$ 3289.01,7
1896,09:30:02,$ 3289.01,2
1897,09:30:02,$ 3289.01,6
1898,09:30:02,$ 3289.01,9
1899,09:30:02,$ 3289.01,1
1900,09:30:02,$ 3289.01,1
1901,09:30:02,$ 3289.01,4
1902,09:30:02,$ 3289.01,2
1903,09:30:02,$ 3289.01,25
1904,09:30:02,$ 3289.01,1
1905,09:30:02,$ 3289.01,1
1906,09:30:02,$ 3289.01,3
1907,09:30:02,$ 3289.01,12
1908,09:30:02,$ 3289.01,1
1909,09:30:02,$ 3289.01,1
1910,09:30:02,$ 3289.01,5
1912,09:30:02,$ 3289.01,1
1913,09:30:02,$ 3289.01,1
1914,09:30:02,$ 3289.01,2
1915,09:30:02,$ 3289.01,1
1916,09:30:02,$ 3289.01,1
1917,09:30:02,$ 3289.01,1
1918,09:30:02,$ 3289.01,1
1919,09:30:02,$ 3289.01,1
1920,09:30:02,$ 3289.01,1
1921,09:30:02,$ 3289.01,9
1922,09:30:02,$ 3289.01,6
1923,09:30:02,$ 3289.01,1
1924,09:30:02,$ 3289.01,4
1925,09:30:02,$ 3289.01,4
1926,09:30:02,$ 3289.01,3
1927,09:30:02,$ 3289.01,8
1928,09:30:02,$ 3289.01,11
1929,09:30:02,$ 3289.01,200
1930,09:30:02,$ 3289.01,3
1931,09:30:02,$ 3289.01,2
1933,09:30:02,$ 3289.01,2
1934,09:30:02,$ 3289.01,25
1935,09:30:02,$ 3289.01,9
1936,09:30:02,$ 3289.01,10
1937,09:30:02,$ 3289.01,2
1938,09:30:02,$ 3289.01,1
1939,09:30:02,$ 3289.01,5
1940,09:30:02,$ 3289.01,5
1941,09:30:02,$ 3289.01,5
1942,09:30:02,$ 3289.01,4
1943,09:30:02,$ 3289.01,9
1944,09:30:02,$ 3289.01,5
1945,09:30:02,$ 3289.01,15
1946,09:30:02,$ 3289.01,2
1947,09:30:02,$ 3289.01,2
1948,09:30:02,$ 3289.01,1
1949,09:30:02,$ 3289.01,56
1950,09:30:02,$ 3289.01,2
1951,09:30:02,$ 3289.01,1
1952,09:30:02,$ 3289.01,1
1954,09:30:02,$ 3289.01,2
1955,09:30:02,$ 3289.01,5
1956,09:30:02,$ 3289.01,1
1957,09:30:02,$ 3289.01,2
1958,09:30:02,$ 3289.01,4
1959,09:30:02,$ 3289.01,362
1960,09:30:02,$ 3289.01,220
1961,09:30:02,$ 3289.01,1
1962,09:30:02,$ 3289.01,2
1963,09:30:02,$ 3289.01,4
1964,09:30:02,$ 3289.01,5
1965,09:30:02,$ 3289.01,1
1966,09:30:02,$ 3289.01,1
1967,09:30:02,$ 3289.01,1
1968,09:30:02,$ 3289.01,3
1969,09:30:02,$ 3289.01,9
1970,09:30:02,$ 3289.01,1
1971,09:30:02,$ 3289.01,2
1972,09:30:02,$ 3289.01,10
1973,09:30:02,$ 3289.01,5
1975,09:30:02,$ 3289.01,4
1976,09:30:02,$ 3289.01,2
1977,09:30:02,$ 3289.01,1
1978,09:30:02,$ 3289.01,3
1979,09:30:02,$ 3289.01,1
1980,09:30:02,$ 3289.01,1
1981,09:30:02,$ 3289.01,1
1982,09:30:02,$ 3289.01,2
1983,09:30:02,$ 3289.01,5
1984,09:30:02,$ 3289.01,3
1985,09:30:02,$ 3289.01,1
1986,09:30:02,$ 3289.01,2
1987,09:30:02,$ 3289.01,1
1988,09:30:02,$ 3289.01,5
1989,09:30:02,$ 3289.01,5
1990,09:30:02,$ 3289.01,5
1991,09:30:02,$ 3289.01,3
1992,09:30:02,$ 3289.01,1
1993,09:30:02,$ 3289.01,4
1994,09:30:02,$ 3289.01,2
1996,09:30:02,$ 3289.01,1
1997,09:30:02,$ 3289.01,1
1998,09:30:02,$ 3289.01,1
1999,09:30:02,$ 3289.01,1
2000,09:30:02,$ 3289.01,1
2001,09:30:02,$ 3289.01,4
2002,09:30:02,$ 3289.01,4
2003,09:30:02,$ 3289.01,3
2004,09:30:02,$ 3289.01,5
2005,09:30:02,$ 3289.01,1
2006,09:30:02,$ 3289.01,1
2007,09:30:02,$ 3289.01,1
2008,09:30:02,$ 3289.01,10
2009,09:30:02,$ 3289.01,8
2010,09:30:02,$ 3289.01,11
2011,09:30:02,$ 3289.01,1
2012,09:30:02,$ 3289.01,1
2013,09:30:02,$ 3289.01,1
2014,09:30:02,$ 3289.01,1
2015,09:30:02,$ 3289.01,1
2017,09:30:02,$ 3289.01,10
2018,09:30:02,$ 3289.01,125
2019,09:30:02,$ 3289.01,1
2020,09:30:02,$ 3289.01,1
2021,09:30:02,$ 3289.01,1
2022,09:30:02,$ 3289.01,1
2023,09:30:02,$ 3289.01,4
2024,09:30:02,$ 3289.01,1
2025,09:30:02,$ 3289.01,12
2026,09:30:02,$ 3289.01,5
2027,09:30:02,$ 3289.01,3
2028,09:30:02,$ 3289.01,4
2029,09:30:02,$ 3289.01,1
2030,09:30:02,$ 3289.01,2
2031,09:30:02,$ 3289.01,3
2032,09:30:02,$ 3289.01,1
2033,09:30:02,$ 3289.01,6
2034,09:30:02,$ 3289.01,2
2035,09:30:02,$ 3289.01,1
2036,09:30:02,$ 3289.01,1
2038,09:30:02,$ 3289.01,3
2039,09:30:02,$ 3289.01,10
2040,09:30:02,$ 3289.01,4
2041,09:30:02,$ 3289.01,1
2042,09:30:02,$ 3289.01,3
2043,09:30:02,$ 3289.01,3
2044,09:30:02,$ 3289.01,3
2045,09:30:02,$ 3289.01,1
2046,09:30:02,$ 3289.01,3
2047,09:30:02,$ 3289.01,2
2048,09:30:02,$ 3289.01,1
2049,09:30:02,$ 3289.01,1
2050,09:30:02,$ 3289.01,11
2051,09:30:02,$ 3289.01,2
2052,09:30:02,$ 3289.01,2
2053,09:30:02,$ 3289.01,1
2054,09:30:02,$ 3289.01,1
2055,09:30:02,$ 3289.01,2
2056,09:30:02,$ 3289.01,1
2057,09:30:02,$ 3289.01,1
2059,09:30:02,$ 3289.01,1
2060,09:30:02,$ 3289.01,1
2061,09:30:02,$ 3289.01,1
2062,09:30:02,$ 3289.01,3
2063,09:30:02,$ 3289.01,5
2064,09:30:02,$ 3289.01,1
2065,09:30:02,$ 3289.01,6
2066,09:30:02,$ 3289.01,5
2067,09:30:02,$ 3289.01,10
2068,09:30:02,$ 3289.01,10
2069,09:30:02,$ 3289.01,1
2070,09:30:02,$ 3289.01,3
2071,09:30:02,$ 3289.01,2
2072,09:30:02,$ 3289.01,15
2073,09:30:02,$ 3289.01,2
2074,09:30:02,$ 3289.01,152
2075,09:30:02,$ 3289.01,65
2076,09:30:02,$ 3289.01,17
2077,09:30:02,$ 3289.01,400
2078,09:30:02,$ 3289.01,65
2080,09:30:02,$ 3289.01,2
2081,09:30:02,$ 3289.01,65
2082,09:30:02,$ 3289.01,3
2083,09:30:02,$ 3289.01,1
2084,09:30:02,$ 3289.01,2
2085,09:30:02,$ 3289.01,1
2086,09:30:02,$ 3289.01,10
2087,09:30:02,$ 3289.01,2
2088,09:30:02,$ 3289.01,10
2089,09:30:02,$ 3289.01,1
2090,09:30:02,$ 3289.01,1
2091,09:30:02,$ 3289.01,10
2092,09:30:02,$ 3289.01,50
2093,09:30:02,$ 3289.01,3
2094,09:30:02,$ 3289.01,20
2095,09:30:02,$ 3289.01,1
2096,09:30:02,$ 3289.01,1
2097,09:30:02,$ 3289.01,1
2098,09:30:02,$ 3289.01,5
2099,09:30:02,$ 3289.01,1
2101,09:30:02,$ 3289.01,1
2102,09:30:02,$ 3289.01,2
2103,09:30:02,$ 3289.01,1
2104,09:30:02,$ 3289.01,35
2105,09:30:02,$ 3289.01,1
2106,09:30:02,$ 3289.01,4
2107,09:30:02,$ 3289.01,2
2108,09:30:02,$ 3289.01,1
2109,09:30:02,$ 3289.01,1
2110,09:30:02,$ 3289.01,5
2111,09:30:02,$ 3289.01,2
2112,09:30:02,$ 3289.01,1
2113,09:30:02,$ 3289.01,1
2114,09:30:02,$ 3289.01,1
2115,09:30:02,$ 3289.01,3
2116,09:30:02,$ 3289.01,1
2117,09:30:02,$ 3289.01,2
2118,09:30:02,$ 3289.01,2
2119,09:30:02,$ 3289.01,1
2120,09:30:02,$ 3289.01,1
2122,09:30:02,$ 3289.01,1
2123,09:30:02,$ 3289.01,3
2124,09:30:02,$ 3289.01,1
2125,09:30:02,$ 3289.01,1
2126,09:30:02,$ 3289.01,15
2127,09:30:02,$ 3289.01,1
2128,09:30:02,$ 3289.01,3
2129,09:30:02,$ 3289.01,1
2130,09:30:02,$ 3289.01,5
2131,09:30:02,$ 3289.01,1
2132,09:30:02,$ 3289.01,1
2133,09:30:02,$ 3289.01,2
2134,09:30:02,$ 3289.01,26
2135,09:30:02,$ 3289.01,1
2136,09:30:02,$ 3289.01,5
2137,09:30:02,$ 3289.01,1
2138,09:30:02,$ 3289.01,1
2139,09:30:02,$ 3289.01,1
2140,09:30:02,$ 3289.01,5
2141,09:30:02,$ 3289.01,65
2143,09:30:02,$ 3289.01,5
2144,09:30:02,$ 3289.01,25
2145,09:30:02,$ 3289.01,65
2146,09:30:02,$ 3289.01,2
2147,09:30:02,$ 3289.01,1
2148,09:30:02,$ 3289.01,9
2149,09:30:02,$ 3289.01,4
2150,09:30:02,$ 3289.01,2
2151,09:30:02,$ 3289.01,5
2152,09:30:02,$ 3289.01,17
2153,09:30:02,$ 3289.01,1
2154,09:30:02,$ 3289.01,65
2155,09:30:02,$ 3289.01,195
2156,09:30:02,$ 3289.01,2
2157,09:30:02,$ 3289.01,2
2158,09:30:02,$ 3289.01,1
2159,09:30:02,$ 3289.01,65
2160,09:30:02,$ 3289.01,3
2161,09:30:02,$ 3289.01,2
2162,09:30:02,$ 3289.01,65
2164,09:30:02,$ 3289.01,65
2165,09:30:02,$ 3289.01,3
2166,09:30:02,$ 3289.01,1
2167,09:30:02,$ 3289.01,15
2168,09:30:02,$ 3290.00,450
2169,09:30:02,$ 3290.00,100
2170,09:30:02,$ 3290.00,100
2171,09:30:02,$ 3290.00,100
2172,09:30:01,$ 3289.00,100
2174,10:29:59,$ 3266.40,100
2175,10:29:58,$ 3265.905,115
2176,10:29:50,$ 3265.70,100
2177,10:29:48,$ 3266.56,100
2178,10:29:48,$ 3265.9745,135
2179,10:29:44,$ 3265.15,400
2180,10:29:44,$ 3265.15,100
2181,10:29:44,$ 3265.70,100
2182,10:29:44,$ 3265.82,100
2183,10:29:44,$ 3266.27,100
2184,10:29:44,$ 3266.27,100
2185,10:29:38,$ 3266.78,100
2186,10:29:15,$ 3267.65,100
2187,10:29:02,$ 3267.00,100
2188,10:29:01,$ 3268.03,100
2189,10:28:40,$ 3268.32,100
2190,10:28:31,$ 3268.22,100
2191,10:28:31,$ 3268.77,100
2192,10:28:31,$ 3268.15,100
2193,10:28:31,$ 3268.62,100
2195,10:28:31,$ 3268.62,100
2196,10:28:31,$ 3268.72,100
2197,10:28:20,$ 3268.25,100
2198,10:28:20,$ 3268.86,150
2199,10:28:20,$ 3268.85,100
2200,10:28:13,$ 3268.08,100
2201,10:28:06,$ 3267.538,280
2202,10:28:03,$ 3266.125,100
2203,10:27:55,$ 3267.32,100
2204,10:27:47,$ 3267.65,100
2205,10:27:45,$ 3267.72,100
2206,10:27:21,$ 3268.1466,182
2207,10:27:21,$ 3268.50,100
2208,10:27:13,$ 3267.83,100
2209,10:27:13,$ 3267.83,100
2210,10:27:13,$ 3267.80,100
2211,10:27:13,$ 3267.82,100
2212,10:27:05,$ 3266.94,100
2213,10:27:03,$ 3266.785,100
2214,10:26:58,$ 3266.37,100
2216,10:26:58,$ 3266.80,100
2217,10:26:58,$ 3266.57,100
2218,10:26:58,$ 3267.20,100
2219,10:26:53,$ 3268.39,100
2220,10:26:49,$ 3269.7602,100
2221,10:26:40,$ 3270.62,100
2222,10:26:36,$ 3269.61,100
2223,10:26:10,$ 3265.56,100
2224,10:26:01,$ 3267.62,100
2225,10:25:53,$ 3267.305,100
2226,10:25:51,$ 3267.33,100
2227,10:25:51,$ 3267.33,200
2228,10:25:51,$ 3266.76,100
2229,10:25:47,$ 3267.32,100
2230,10:25:45,$ 3267.32,100
2231,10:25:32,$ 3266.24,100
2232,10:25:15,$ 3266.20,100
2233,10:24:58,$ 3268.02,100
2234,10:24:39,$ 3268.965,100
2235,10:24:33,$ 3269.5973,150
2237,10:24:28,$ 3267.93,100
2238,10:24:21,$ 3269.00,100
2239,10:24:18,$ 3267.645,"1,000"
2240,10:24:06,$ 3266.02,100
2241,10:24:04,$ 3266.86,100
2242,10:24:04,$ 3266.77,100
2243,10:23:57,$ 3265.98,155
2244,10:23:54,$ 3266.01,200
2245,10:23:44,$ 3266.19,340
2246,10:23:41,$ 3266.54,100
2247,10:23:36,$ 3265.92,100
2248,10:23:36,$ 3266.20,100
2249,10:23:33,$ 3267.6711,100
2250,10:23:31,$ 3267.99,100
2251,10:23:25,$ 3266.06,100
2252,10:23:25,$ 3266.84,100
2253,10:23:24,$ 3267.15,142
2254,10:23:21,$ 3267.74,100
2255,10:23:16,$ 3267.2465,100
2256,10:23:09,$ 3268.605,100
2258,10:23:01,$ 3267.55,160
2259,10:23:01,$ 3267.52,100
2260,10:23:01,$ 3267.55,100
2261,10:22:41,$ 3268.89,100
2262,10:22:41,$ 3268.825,100
2263,10:22:41,$ 3268.825,100
2264,10:22:41,$ 3268.825,100
2265,10:22:41,$ 3268.825,100
2266,10:22:41,$ 3268.825,100
2267,10:22:41,$ 3268.825,100
2268,10:22:41,$ 3268.825,100
2269,10:22:41,$ 3268.825,200
2270,10:22:33,$ 3268.4462,160
2271,10:22:32,$ 3268.68,100
2272,10:22:32,$ 3269.07,100
2273,10:22:29,$ 3268.405,100
2274,10:22:29,$ 3268.405,100
2275,10:22:29,$ 3268.405,100
2276,10:22:27,$ 3268.405,100
2277,10:22:20,$ 3268.38,118
2279,10:22:19,$ 3268.2243,119
2280,10:22:05,$ 3269.135,100
2281,10:21:59,$ 3268.055,100
2282,10:21:50,$ 3268.23,100
2283,10:21:47,$ 3267.00,100
2284,10:21:36,$ 3268.095,100
2285,10:21:21,$ 3268.725,100
2286,10:21:20,$ 3268.74,123
2287,10:21:19,$ 3269.94,100
2288,10:21:17,$ 3270.00,100
2289,10:20:55,$ 3269.46,100
2290,10:20:53,$ 3270.00,100
2291,10:20:51,$ 3269.22,100
2292,10:20:42,$ 3267.825,100
2293,10:20:40,$ 3268.1999,320
2294,10:20:40,$ 3268.08,347
2295,10:20:36,$ 3268.39,100
2296,10:20:34,$ 3268.4004,100
2297,10:20:29,$ 3268.92,100
2298,10:20:27,$ 3268.735,100
2300,10:20:26,$ 3268.00,100
2301,10:20:15,$ 3267.37,100
2302,10:20:12,$ 3267.16,400
2303,10:20:09,$ 3266.52,117
2304,10:20:07,$ 3267.11,100
2305,10:19:53,$ 3266.50,100
2306,10:19:45,$ 3267.11,200
2307,10:19:44,$ 3267.93,280
2308,10:19:44,$ 3267.34,100
2309,10:19:36,$ 3269.46,120
2310,10:19:35,$ 3269.045,375
2311,10:19:17,$ 3268.48,100
2312,10:19:09,$ 3267.833,500
2313,10:19:08,$ 3268.4999,100
2314,10:19:07,$ 3267.83,200
2315,10:19:06,$ 3267.34,300
2316,10:19:06,$ 3267.33,100
2317,10:19:05,$ 3267.00,115
2318,10:19:05,$ 3267.60,100
2319,10:19:05,$ 3267.50,300
2321,10:19:05,$ 3267.04,100
2322,10:18:59,$ 3267.00,100
2323,10:18:55,$ 3267.00,200
2324,10:18:50,$ 3268.4236,100
2325,10:18:46,$ 3267.90,100
2326,10:18:46,$ 3267.44,100
2327,10:18:40,$ 3268.01,100
2328,10:18:35,$ 3267.68,100
2329,10:18:32,$ 3269.48,500
2330,10:18:22,$ 3268.675,100
2331,10:18:18,$ 3267.67,375
2332,10:18:00,$ 3269.48,100
2333,10:17:53,$ 3270.6095,100
2334,10:17:52,$ 3270.995,100
2335,10:17:52,$ 3270.00,100
2336,10:17:51,$ 3271.34,100
2337,10:17:48,$ 3270.05,100
2338,10:17:46,$ 3268.00,104
2339,10:17:35,$ 3270.00,140
2340,10:17:35,$ 3270.00,100
2342,10:17:35,$ 3270.00,100
2343,10:17:35,$ 3270.00,300
2344,10:17:35,$ 3270.00,100
2345,10:17:35,$ 3270.00,100
2346,10:17:26,$ 3270.96,100
2347,10:17:25,$ 3272.00,200
2348,10:17:25,$ 3272.00,100
2349,10:17:20,$ 3272.88,100
2350,10:17:11,$ 3274.9999,100
2351,10:17:09,$ 3271.00,100
2352,10:17:07,$ 3271.735,100
2353,10:17:07,$ 3272.46,750
2354,10:16:57,$ 3271.885,100
2355,10:16:46,$ 3271.5057,300
2356,10:16:45,$ 3271.2487,750
2357,10:16:05,$ 3271.02,100
2358,10:16:01,$ 3270.10,100
2359,10:16:01,$ 3270.05,100
2360,10:16:01,$ 3270.10,100
2361,10:15:59,$ 3271.19,100
2363,10:15:54,$ 3271.245,100
2364,10:15:53,$ 3271.245,100
2365,10:15:52,$ 3272.04,100
2366,10:15:52,$ 3272.24,219
2367,10:15:52,$ 3272.30,100
2368,10:15:52,$ 3272.24,100
2369,10:15:47,$ 3274.5779,105
2370,10:15:40,$ 3273.69,100
2371,10:15:29,$ 3272.645,100
2372,10:15:29,$ 3272.645,100
2373,10:15:29,$ 3273.465,100
2374,10:15:28,$ 3273.21,385
2375,10:15:28,$ 3272.69,317
2376,10:15:28,$ 3273.85,100
2377,10:15:28,$ 3273.39,100
2378,10:15:24,$ 3271.38,100
2379,10:15:24,$ 3271.15,100
2380,10:15:24,$ 3271.10,100
2381,10:15:24,$ 3271.53,300
2382,10:15:24,$ 3271.53,300
2384,10:15:23,$ 3271.11,100
2385,10:15:23,$ 3272.09,100
2386,10:15:23,$ 3272.915,466
2387,10:15:21,$ 3273.37,551
2388,10:15:21,$ 3273.37,184
2389,10:15:21,$ 3273.37,160
2390,10:15:17,$ 3273.9006,100
2391,10:15:13,$ 3275.19,100
2392,10:15:12,$ 3274.07,195
2393,10:15:12,$ 3274.07,100
2394,10:15:11,$ 3275.17,100
2395,10:15:11,$ 3273.81,122
2396,10:15:09,$ 3274.49,200
2397,10:15:08,$ 3273.50,100
2398,10:15:08,$ 3273.525,100
2399,10:15:08,$ 3275.22,100
2400,10:15:06,$ 3276.10,100
2401,10:15:04,$ 3277.80,100
2402,10:15:01,$ 3278.39,100
2403,10:14:59,$ 3279.36,111
2405,10:14:59,$ 3279.64,100
2406,10:14:53,$ 3280.395,100
2407,10:14:53,$ 3280.40,285
2408,10:14:50,$ 3280.3901,100
2409,10:14:38,$ 3280.85,100
2410,10:14:38,$ 3281.17,100
2411,10:14:38,$ 3281.17,100
2412,10:14:28,$ 3282.085,100
2413,10:14:21,$ 3281.00,134
2414,10:14:20,$ 3281.745,200
2415,10:14:13,$ 3283.14,100
2416,10:14:10,$ 3283.00,168
2417,10:14:10,$ 3281.50,100
2418,10:14:02,$ 3283.82,100
2419,10:13:47,$ 3282.80,100
2420,10:13:47,$ 3283.00,100
2421,10:13:46,$ 3283.90,100
2422,10:13:41,$ 3282.785,100
2423,10:13:21,$ 3280.6103,150
2424,10:13:20,$ 3281.68,100
2426,10:13:17,$ 3280.35,100
2427,10:13:13,$ 3280.62,100
2428,10:12:52,$ 3279.34,100
2429,10:12:42,$ 3280.9599,100
2430,10:12:25,$ 3279.97,100
2431,10:12:22,$ 3281.00,142
2432,10:12:15,$ 3280.5944,100
2433,10:12:11,$ 3280.8444,100
2434,10:11:52,$ 3281.72,235
2435,10:11:52,$ 3281.44,100
2436,10:11:52,$ 3281.44,100
2437,10:11:52,$ 3281.72,100
2438,10:11:47,$ 3282.63,100
2439,10:11:45,$ 3281.83,111
2440,10:11:42,$ 3281.02,229
2441,10:11:42,$ 3281.05,100
2442,10:11:42,$ 3281.80,100
2443,10:11:42,$ 3281.02,100
2444,10:11:42,$ 3281.07,100
2445,10:11:42,$ 3281.43,100
2447,10:11:42,$ 3282.24,100
2448,10:11:42,$ 3282.33,100
2449,10:11:41,$ 3281.03,100
2450,10:11:41,$ 3281.04,100
2451,10:11:36,$ 3281.02,100
2452,10:11:04,$ 3277.94,100
2453,10:10:30,$ 3278.515,100
2454,10:10:27,$ 3278.56,100
2455,10:10:27,$ 3278.55,100
2456,10:10:20,$ 3278.3934,100
2457,10:10:09,$ 3279.48,192
2458,10:10:09,$ 3279.81,100
2459,10:10:09,$ 3279.81,100
2460,10:10:02,$ 3280.93,100
2461,10:09:49,$ 3278.91,100
2462,10:09:47,$ 3279.11,100
2463,10:09:37,$ 3278.81,100
2464,10:09:36,$ 3278.27,100
2465,10:09:35,$ 3277.635,117
2466,10:09:19,$ 3277.05,100
2468,10:09:16,$ 3277.50,100
2469,10:09:10,$ 3278.6999,100
2470,10:09:04,$ 3277.06,100
2471,10:09:03,$ 3277.865,100
2472,10:08:59,$ 3277.3255,100
2473,10:08:59,$ 3277.50,100
2474,10:08:56,$ 3277.935,150
2475,10:08:55,$ 3278.305,100
2476,10:08:55,$ 3278.725,100
2477,10:08:53,$ 3279.07,100
2478,10:08:40,$ 3280.39,100
2479,10:08:40,$ 3280.40,100
2480,10:08:40,$ 3280.49,100
2481,10:08:40,$ 3280.28,100
2482,10:08:40,$ 3280.26,100
2483,10:08:40,$ 3280.31,100
2484,10:08:37,$ 3281.58,150
2485,10:08:30,$ 3281.9353,103
2486,10:08:23,$ 3279.97,200
2487,10:08:18,$ 3280.04,100
2489,10:08:18,$ 3280.07,100
2490,10:08:18,$ 3280.07,100
2491,10:08:18,$ 3280.15,100
2492,10:08:18,$ 3280.18,100
2493,10:08:18,$ 3280.20,100
2494,10:08:13,$ 3280.76,100
2495,10:08:12,$ 3282.43,123
2496,10:08:04,$ 3281.25,100
2497,10:08:04,$ 3281.49,100
2498,10:08:04,$ 3281.49,100
2499,10:08:04,$ 3281.49,100
2500,10:07:44,$ 3281.49,100
2501,10:07:42,$ 3282.285,125
2502,10:07:35,$ 3282.34,100
2503,10:07:35,$ 3282.34,100
2504,10:07:35,$ 3282.32,100
2505,10:07:35,$ 3282.35,100
2506,10:07:35,$ 3282.34,100
2507,10:07:21,$ 3282.32,300
2508,10:07:11,$ 3283.08,100
2510,10:07:11,$ 3283.07,100
2511,10:07:11,$ 3283.07,100
2512,10:07:11,$ 3282.77,100
2513,10:07:09,$ 3284.99,100
2514,10:07:00,$ 3284.025,100
2515,10:06:57,$ 3284.905,100
2516,10:06:54,$ 3285.49,100
2517,10:06:51,$ 3285.61,100
2518,10:06:38,$ 3284.43,100
2519,10:06:35,$ 3283.485,100
2520,10:06:35,$ 3283.83,100
2521,10:06:32,$ 3283.60,100
2522,10:06:32,$ 3283.52,100
2523,10:06:29,$ 3283.55,100
2524,10:06:29,$ 3283.55,100
2525,10:06:26,$ 3282.375,100
2526,10:06:26,$ 3283.545,100
2527,10:06:09,$ 3281.98,100
2528,10:06:08,$ 3282.37,100
2529,10:06:06,$ 3284.2329,500
2531,10:06:03,$ 3282.70,100
2532,10:06:03,$ 3282.11,100
2533,10:05:40,$ 3280.17,100
2534,10:05:19,$ 3279.01,100
2535,10:04:59,$ 3278.87,100
2536,10:04:59,$ 3278.67,100
2537,10:04:52,$ 3279.76,500
2538,10:04:30,$ 3278.53,100
2539,10:04:30,$ 3279.00,254
2540,10:04:23,$ 3281.035,100
2541,10:04:21,$ 3281.39,100
2542,10:04:10,$ 3280.28,150
2543,10:04:04,$ 3281.23,100
2544,10:04:04,$ 3281.23,100
2545,10:04:03,$ 3281.93,100
2546,10:04:03,$ 3281.98,100
2547,10:04:03,$ 3281.93,100
2548,10:04:03,$ 3282.10,100
2549,10:04:02,$ 3283.36,100
2550,10:03:58,$ 3283.02,100
2552,10:03:58,$ 3283.07,100
2553,10:03:57,$ 3282.22,100
2554,10:03:52,$ 3280.21,100
2555,10:03:52,$ 3280.8467,150
2556,10:03:45,$ 3281.08,100
2557,10:03:45,$ 3281.21,100
2558,10:03:22,$ 3282.4727,500
2559,10:03:15,$ 3282.70,100
2560,10:03:05,$ 3282.59,100
2561,10:03:02,$ 3282.64,100
2562,10:03:02,$ 3283.9902,100
2563,10:02:59,$ 3284.08,100
2564,10:02:59,$ 3284.08,100
2565,10:02:59,$ 3284.18,100
2566,10:02:36,$ 3285.22,100
2567,10:02:33,$ 3284.00,100
2568,10:02:32,$ 3285.00,100
2569,10:02:26,$ 3286.46,100
2570,10:02:26,$ 3286.40,100
2571,10:02:26,$ 3286.61,100
2573,10:02:24,$ 3288.495,100
2574,10:02:23,$ 3288.10,100
2575,10:02:19,$ 3288.305,100
2576,10:02:15,$ 3287.46,100
2577,10:02:12,$ 3287.14,100
2578,10:02:09,$ 3285.5207,500
2579,10:02:02,$ 3284.99,100
2580,10:02:02,$ 3284.99,100
2581,10:02:02,$ 3283.47,100
2582,10:02:02,$ 3283.46,100
2583,10:02:02,$ 3283.17,100
2584,10:02:02,$ 3283.44,100
2585,10:01:55,$ 3282.77,100
2586,10:01:44,$ 3280.74,100
2587,10:01:39,$ 3280.32,100
2588,10:01:36,$ 3281.72,190
2589,10:01:35,$ 3283.60,100
2590,10:01:26,$ 3280.90,100
2591,10:01:25,$ 3280.90,100
2592,10:01:25,$ 3280.49,100
2594,10:01:24,$ 3282.12,100
2595,10:01:21,$ 3280.75,100
2596,10:01:21,$ 3281.20,100
2597,10:01:20,$ 3280.88,100
2598,10:01:20,$ 3280.55,100
2599,10:01:19,$ 3281.67,100
2600,10:01:15,$ 3279.36,340
2601,10:01:15,$ 3280.21,100
2602,10:01:12,$ 3280.00,191
2603,10:01:12,$ 3280.43,100
2604,10:01:06,$ 3281.65,100
2605,10:01:05,$ 3281.79,320
2606,10:00:57,$ 3282.375,100
2607,10:00:57,$ 3282.66,100
2608,10:00:57,$ 3282.46,100
2609,10:00:57,$ 3282.69,100
2610,10:00:57,$ 3282.05,200
2611,10:00:57,$ 3282.01,200
2612,10:00:45,$ 3281.32,200
2613,10:00:42,$ 3280.55,100
2615,10:00:37,$ 3280.755,100
2616,10:00:20,$ 3279.03,100
2617,10:00:20,$ 3279.01,100
2618,10:00:20,$ 3279.01,100
2619,10:00:13,$ 3279.7246,150
2620,10:00:04,$ 3281.45,100
2622,10:59:41,$ 3270.45,100
2623,10:59:34,$ 3269.99,430
2624,10:59:19,$ 3269.84,400
2625,10:59:01,$ 3269.13,100
2626,10:58:55,$ 3269.20,167
2627,10:58:48,$ 3269.1335,120
2628,10:58:48,$ 3269.3214,164
2629,10:58:30,$ 3270.715,100
2630,10:58:27,$ 3271.00,100
2631,10:58:24,$ 3270.60,100
2632,10:58:00,$ 3269.51,110
2633,10:57:51,$ 3269.495,100
2634,10:57:05,$ 3268.39,100
2635,10:57:05,$ 3268.59,100
2636,10:56:48,$ 3267.2499,101
2637,10:56:15,$ 3267.50,100
2638,10:56:10,$ 3266.85,100
2639,10:56:05,$ 3267.29,300
2640,10:56:03,$ 3268.04,100
2641,10:56:02,$ 3268.165,100
2643,10:56:02,$ 3268.02,100
2644,10:56:02,$ 3268.645,100
2645,10:55:58,$ 3267.37,100
2646,10:55:58,$ 3267.4366,100
2647,10:55:51,$ 3267.49,100
2648,10:55:51,$ 3267.435,100
2649,10:55:51,$ 3267.42,100
2650,10:55:50,$ 3266.75,100
2651,10:55:31,$ 3266.555,100
2652,10:55:30,$ 3266.2795,100
2653,10:55:29,$ 3266.99,100
2654,10:55:29,$ 3266.50,100
2655,10:55:18,$ 3265.1566,300
2656,10:55:16,$ 3264.74,100
2657,10:55:15,$ 3265.23,100
2658,10:55:15,$ 3264.72,100
2659,10:55:15,$ 3264.2911,100
2660,10:55:01,$ 3264.6499,100
2661,10:54:57,$ 3263.9147,100
2662,10:54:48,$ 3263.859,100
2664,10:54:39,$ 3264.14,100
2665,10:54:39,$ 3264.14,100
2666,10:54:28,$ 3265.15,100
2667,10:54:25,$ 3265.5407,120
2668,10:53:53,$ 3264.51,100
2669,10:53:25,$ 3264.50,100
2670,10:53:15,$ 3264.61,100
2671,10:52:50,$ 3266.6286,142
2672,10:52:40,$ 3263.62,100
2673,10:52:26,$ 3265.00,100
2674,10:52:19,$ 3264.00,100
2675,10:52:11,$ 3264.83,100
2676,10:51:55,$ 3266.15,100
2677,10:51:39,$ 3266.01,100
2678,10:51:24,$ 3264.36,100
2679,10:51:22,$ 3264.85,200
2680,10:51:17,$ 3264.18,100
2681,10:51:14,$ 3264.71,150
2682,10:51:01,$ 3267.175,500
2683,10:50:45,$ 3266.865,100
2685,10:50:40,$ 3266.57,100
2686,10:50:28,$ 3265.035,100
2687,10:50:12,$ 3265.0408,100
2688,10:49:58,$ 3267.00,100
2689,10:49:54,$ 3265.67,100
2690,10:49:51,$ 3265.8776,115
2691,10:49:41,$ 3265.08,100
2692,10:49:37,$ 3265.00,500
2693,10:49:36,$ 3265.49,100
2694,10:49:32,$ 3265.00,900
2695,10:49:13,$ 3266.32,100
2696,10:48:50,$ 3264.72,100
2697,10:48:50,$ 3264.64,100
2698,10:48:47,$ 3265.20,100
2699,10:48:39,$ 3265.30,100
2700,10:48:34,$ 3265.105,500
2701,10:48:33,$ 3265.00,192
2702,10:48:17,$ 3263.00,100
2703,10:48:15,$ 3263.195,100
2704,10:48:15,$ 3263.195,100
2706,10:48:15,$ 3263.195,100
2707,10:48:15,$ 3262.16,100
2708,10:48:13,$ 3261.675,100
2709,10:48:09,$ 3259.75,100
2710,10:48:09,$ 3260.95,200
2711,10:48:09,$ 3259.9394,150
2712,10:48:08,$ 3260.015,100
2713,10:48:06,$ 3261.255,100
2714,10:48:06,$ 3261.255,100
2715,10:48:06,$ 3260.42,100
2716,10:48:06,$ 3260.57,100
2717,10:48:06,$ 3260.64,100
2718,10:48:06,$ 3260.65,100
2719,10:47:58,$ 3260.14,100
2720,10:47:56,$ 3260.47,100
2721,10:47:42,$ 3261.355,100
2722,10:47:42,$ 3260.98,100
2723,10:47:42,$ 3261.00,100
2724,10:47:34,$ 3259.61,100
2725,10:47:27,$ 3260.80,100
2727,10:47:23,$ 3261.71,100
2728,10:47:21,$ 3260.84,100
2729,10:47:11,$ 3260.16,100
2730,10:46:58,$ 3260.03,100
2731,10:46:58,$ 3260.03,100
2732,10:46:58,$ 3259.85,100
2733,10:46:33,$ 3260.34,100
2734,10:46:14,$ 3257.87,100
2735,10:46:11,$ 3258.3849,168
2736,10:46:10,$ 3258.71,100
2737,10:46:02,$ 3258.66,100
2738,10:46:02,$ 3258.9182,150
2739,10:46:01,$ 3259.54,500
2740,10:46:00,$ 3258.75,132
2741,10:46:00,$ 3258.53,100
2742,10:46:00,$ 3258.60,100
2743,10:46:00,$ 3258.62,100
2744,10:45:59,$ 3258.185,100
2745,10:45:59,$ 3258.19,100
2746,10:45:57,$ 3258.12,100
2748,10:45:56,$ 3257.22,100
2749,10:45:56,$ 3257.22,100
2750,10:45:56,$ 3257.76,100
2751,10:45:53,$ 3257.23,100
2752,10:45:53,$ 3257.27,240
2753,10:45:47,$ 3256.70,100
2754,10:45:47,$ 3256.75,100
2755,10:45:46,$ 3256.30,100
2756,10:45:45,$ 3256.15,100
2757,10:45:45,$ 3256.64,100
2758,10:45:43,$ 3258.17,100
2759,10:45:41,$ 3256.35,100
2760,10:45:40,$ 3256.94,100
2761,10:45:40,$ 3256.96,100
2762,10:45:40,$ 3256.94,100
2763,10:45:40,$ 3256.94,100
2764,10:45:40,$ 3257.185,100
2765,10:45:40,$ 3256.94,100
2766,10:45:40,$ 3256.94,100
2767,10:45:40,$ 3257.43,100
2769,10:45:39,$ 3257.18,100
2770,10:45:39,$ 3256.34,100
2771,10:45:39,$ 3256.93,100
2772,10:45:39,$ 3256.94,100
2773,10:45:39,$ 3256.94,100
2774,10:45:39,$ 3256.94,100
2775,10:45:39,$ 3256.94,100
2776,10:45:39,$ 3257.01,100
2777,10:45:39,$ 3257.01,100
2778,10:45:39,$ 3256.34,100
2779,10:45:37,$ 3256.19,100
2780,10:45:32,$ 3256.01,100
2781,10:45:32,$ 3255.94,100
2782,10:45:32,$ 3256.02,100
2783,10:45:32,$ 3256.07,100
2784,10:45:32,$ 3256.10,100
2785,10:45:32,$ 3257.12,100
2786,10:45:32,$ 3257.08,100
2787,10:45:31,$ 3257.47,100
2788,10:45:29,$ 3257.47,200
2790,10:45:29,$ 3257.67,200
2791,10:45:27,$ 3257.18,100
2792,10:45:27,$ 3257.955,100
2793,10:45:27,$ 3257.955,100
2794,10:45:26,$ 3257.69,100
2795,10:45:26,$ 3256.89,100
2796,10:45:26,$ 3258.01,100
2797,10:45:26,$ 3258.90,200
2798,10:45:24,$ 3258.51,300
2799,10:45:23,$ 3258.67,100
2800,10:45:22,$ 3258.27,300
2801,10:45:21,$ 3258.54,200
2802,10:45:21,$ 3258.54,200
2803,10:45:20,$ 3258.00,100
2804,10:45:20,$ 3258.98,100
2805,10:45:20,$ 3258.00,100
2806,10:45:20,$ 3258.49,100
2807,10:45:18,$ 3259.01,100
2808,10:45:18,$ 3259.01,100
2809,10:45:18,$ 3259.01,100
2811,10:45:18,$ 3259.01,100
2812,10:45:18,$ 3259.01,100
2813,10:45:18,$ 3259.44,100
2814,10:45:18,$ 3259.44,100
2815,10:45:18,$ 3259.03,100
2816,10:45:18,$ 3260.00,100
2817,10:45:18,$ 3260.05,100
2818,10:45:18,$ 3260.02,100
2819,10:45:18,$ 3260.42,100
2820,10:45:18,$ 3260.37,100
2821,10:45:17,$ 3260.545,100
2822,10:45:15,$ 3260.547,500
2823,10:45:15,$ 3260.02,100
2824,10:45:15,$ 3260.00,100
2825,10:45:15,$ 3260.01,100
2826,10:45:15,$ 3260.09,200
2827,10:45:15,$ 3260.09,100
2828,10:45:14,$ 3260.00,100
2829,10:45:14,$ 3260.00,100
2830,10:45:14,$ 3260.00,100
2832,10:45:14,$ 3260.00,100
2833,10:45:14,$ 3260.00,100
2834,10:45:14,$ 3260.00,100
2835,10:45:12,$ 3260.52,300
2836,10:45:12,$ 3260.51,100
2837,10:45:11,$ 3261.33,105
2838,10:45:11,$ 3260.59,100
2839,10:45:11,$ 3260.51,100
2840,10:45:11,$ 3260.89,100
2841,10:45:11,$ 3260.89,100
2842,10:45:11,$ 3260.89,100
2843,10:45:11,$ 3261.34,100
2844,10:45:11,$ 3261.33,105
2845,10:45:11,$ 3261.33,100
2846,10:45:10,$ 3261.34,100
2847,10:45:10,$ 3261.44,100
2848,10:45:10,$ 3262.00,200
2849,10:45:07,$ 3261.89,108
2850,10:45:00,$ 3262.00,100
2851,10:45:00,$ 3262.00,100
2853,10:44:46,$ 3263.34,100
2854,10:44:46,$ 3263.34,100
2855,10:44:45,$ 3263.5116,150
2856,10:44:33,$ 3263.043,500
2857,10:44:29,$ 3262.57,100
2858,10:44:19,$ 3263.32,100
2859,10:44:18,$ 3264.14,100
2860,10:44:16,$ 3264.155,500
2861,10:44:09,$ 3263.68,100
2862,10:44:09,$ 3264.11,100
2863,10:44:05,$ 3263.07,100
2864,10:44:05,$ 3263.55,100
2865,10:44:00,$ 3263.80,100
2866,10:43:58,$ 3264.18,100
2867,10:43:58,$ 3263.93,100
2868,10:43:58,$ 3263.91,100
2869,10:43:47,$ 3266.0396,100
2870,10:43:45,$ 3264.9902,100
2871,10:43:42,$ 3264.65,100
2872,10:43:33,$ 3264.99,100
2874,10:43:33,$ 3264.99,100
2875,10:43:20,$ 3263.82,100
2876,10:43:20,$ 3265.645,270
2877,10:43:03,$ 3266.50,100
2878,10:42:57,$ 3266.33,100
2879,10:42:33,$ 3264.01,200
2880,10:42:33,$ 3264.98,100
2881,10:42:29,$ 3265.00,310
2882,10:42:29,$ 3265.01,167
2883,10:42:29,$ 3265.01,123
2884,10:42:17,$ 3266.03,100
2885,10:42:15,$ 3266.5356,150
2886,10:42:13,$ 3266.695,100
2887,10:42:11,$ 3266.81,100
2888,10:41:58,$ 3267.0181,100
2889,10:41:53,$ 3266.22,100
2890,10:41:29,$ 3267.06,100
2891,10:41:29,$ 3267.06,100
2892,10:41:20,$ 3267.705,100
2893,10:41:20,$ 3267.84,100
2895,10:41:18,$ 3268.695,100
2896,10:41:16,$ 3268.70,100
2897,10:41:16,$ 3268.78,100
2898,10:41:16,$ 3269.24,100
2899,10:41:16,$ 3269.18,100
2900,10:41:16,$ 3268.96,100
2901,10:41:12,$ 3269.21,100
2902,10:41:12,$ 3269.31,100
2903,10:41:12,$ 3269.29,100
2904,10:41:05,$ 3267.9263,100
2905,10:40:58,$ 3269.45,100
2906,10:40:58,$ 3270.10,100
2907,10:40:57,$ 3270.1165,100
2908,10:40:56,$ 3271.62,100
2909,10:40:53,$ 3270.24,100
2910,10:40:52,$ 3269.94,100
2911,10:40:51,$ 3270.60,100
2912,10:40:50,$ 3270.00,100
2913,10:40:50,$ 3270.11,100
2914,10:40:50,$ 3269.76,100
2916,10:40:50,$ 3269.70,100
2917,10:40:43,$ 3268.7958,305
2918,10:40:39,$ 3268.61,148
2919,10:40:24,$ 3267.41,100
2920,10:40:24,$ 3267.47,100
2921,10:40:23,$ 3266.49,100
2922,10:40:18,$ 3266.10,100
2923,10:40:15,$ 3265.17,100
2924,10:40:06,$ 3265.325,100
2925,10:40:00,$ 3262.6731,104
2926,10:40:00,$ 3262.67,100
2927,10:40:00,$ 3263.09,100
2928,10:40:00,$ 3262.64,100
2929,10:39:43,$ 3266.00,100
2930,10:39:41,$ 3266.00,100
2931,10:39:37,$ 3266.985,100
2932,10:39:35,$ 3266.72,100
2933,10:39:35,$ 3266.68,100
2934,10:39:35,$ 3266.66,100
2935,10:39:35,$ 3267.10,100
2937,10:39:27,$ 3267.35,100
2938,10:39:15,$ 3268.125,100
2939,10:38:48,$ 3266.79,100
2940,10:38:48,$ 3266.83,100
2941,10:38:30,$ 3266.89,100
2942,10:38:26,$ 3267.895,100
2943,10:38:23,$ 3268.8999,500
2944,10:38:09,$ 3268.3091,500
2945,10:37:50,$ 3268.00,100
2946,10:37:33,$ 3266.17,155
2947,10:37:28,$ 3266.07,100
2948,10:37:28,$ 3266.07,100
2949,10:37:28,$ 3266.07,100
2950,10:37:28,$ 3266.07,100
2951,10:37:02,$ 3266.65,100
2952,10:36:58,$ 3267.4469,100
2953,10:36:52,$ 3267.6499,100
2954,10:36:44,$ 3267.41,100
2955,10:36:28,$ 3266.55,546
2956,10:36:10,$ 3266.54,110
2958,10:36:06,$ 3266.54,100
2959,10:36:05,$ 3267.08,100
2960,10:35:56,$ 3267.42,110
2961,10:35:44,$ 3266.095,100
2962,10:35:36,$ 3266.09,100
2963,10:35:25,$ 3267.99,100
2964,10:35:14,$ 3265.40,100
2965,10:35:14,$ 3265.27,100
2966,10:35:10,$ 3265.05,100
2967,10:35:09,$ 3264.235,100
2968,10:35:03,$ 3264.395,100
2969,10:35:03,$ 3264.395,100
2970,10:35:03,$ 3264.395,100
2971,10:35:03,$ 3264.395,100
2972,10:35:03,$ 3264.395,100
2973,10:35:00,$ 3263.64,400
2974,10:34:13,$ 3266.10,100
2975,10:34:10,$ 3266.13,100
2976,10:34:09,$ 3265.47,200
2977,10:34:09,$ 3265.47,200
2979,10:34:09,$ 3265.47,200
2980,10:34:09,$ 3265.47,200
2981,10:33:48,$ 3266.13,100
2982,10:33:16,$ 3264.59,100
2983,10:33:16,$ 3263.56,400
2984,10:33:11,$ 3264.32,100
2985,10:33:10,$ 3263.37,400
2986,10:33:06,$ 3264.74,100
2987,10:33:06,$ 3265.115,100
2988,10:32:47,$ 3265.295,100
2989,10:32:28,$ 3265.55,135
2990,10:32:11,$ 3265.05,100
2991,10:32:09,$ 3266.43,100
2992,10:31:47,$ 3267.13,100
2993,10:31:40,$ 3266.4269,100
2994,10:31:36,$ 3265.1508,306
2995,10:31:25,$ 3265.67,100
2996,10:30:50,$ 3265.03,100
2997,10:30:47,$ 3265.48,100
2998,10:30:44,$ 3266.72,100
3000,10:30:44,$ 3266.20,100
3001,10:30:38,$ 3266.61,100
3002,10:30:32,$ 3267.00,100
3003,10:30:32,$ 3266.95,100
3004,10:30:32,$ 3267.00,127
3005,10:30:23,$ 3266.87,300
3006,10:30:23,$ 3266.85,100
3007,10:30:02,$ 3265.56,100
3008,10:30:02,$ 3265.56,100
3009,10:30:02,$ 3265.54,100
3011,11:29:47,$ 3280.42,100
3012,11:29:46,$ 3279.97,100
3013,11:29:44,$ 3280.44,100
3014,11:29:42,$ 3280.39,100
3015,11:29:42,$ 3280.40,100
3016,11:29:41,$ 3280.53,100
3017,11:29:38,$ 3279.95,100
3018,11:29:38,$ 3280.14,100
3019,11:29:38,$ 3279.96,500
3020,11:29:38,$ 3279.595,100
3021,11:29:32,$ 3279.23,200
3022,11:29:32,$ 3279.23,100
3023,11:29:32,$ 3279.23,115
3024,11:29:27,$ 3279.43,100
3025,11:29:15,$ 3279.10,100
3026,11:29:13,$ 3279.83,100
3027,11:29:02,$ 3280.66,100
3028,11:28:41,$ 3279.665,100
3029,11:28:26,$ 3279.58,100
3030,11:28:15,$ 3279.97,100
3032,11:27:54,$ 3279.135,188
3033,11:27:10,$ 3280.205,130
3034,11:27:06,$ 3280.525,100
3035,11:27:05,$ 3280.86,100
3036,11:26:54,$ 3278.89,120
3037,11:26:43,$ 3280.00,100
3038,11:26:41,$ 3279.41,100
3039,11:26:39,$ 3280.514,217
3040,11:26:04,$ 3279.51,100
3041,11:26:04,$ 3279.47,100
3042,11:25:48,$ 3281.0125,100
3043,11:25:48,$ 3280.9867,190
3044,11:25:43,$ 3280.7109,480
3045,11:25:42,$ 3281.24,100
3046,11:25:28,$ 3282.60,104
3047,11:25:23,$ 3282.965,100
3048,11:25:00,$ 3282.34,100
3049,11:24:49,$ 3282.53,100
3050,11:24:48,$ 3281.97,100
3051,11:24:43,$ 3281.71,100
3053,11:24:32,$ 3281.525,100
3054,11:24:30,$ 3282.00,140
3055,11:24:18,$ 3281.705,100
3056,11:24:16,$ 3282.335,108
3057,11:24:16,$ 3281.99,100
3058,11:24:16,$ 3281.99,100
3059,11:24:14,$ 3281.92,100
3060,11:23:55,$ 3282.00,100
3061,11:23:50,$ 3280.85,100
3062,11:23:49,$ 3280.00,101
3063,11:23:45,$ 3279.28,108
3064,11:23:41,$ 3279.965,100
3065,11:23:28,$ 3279.00,100
3066,11:23:21,$ 3279.35,100
3067,11:23:19,$ 3279.955,100
3068,11:23:11,$ 3280.51,100
3069,11:23:11,$ 3278.9901,300
3070,11:23:10,$ 3279.84,100
3071,11:23:08,$ 3281.25,100
3072,11:23:03,$ 3281.23,100
3074,11:22:54,$ 3280.60,111
3075,11:22:49,$ 3280.78,100
3076,11:22:47,$ 3280.76,140
3077,11:22:47,$ 3281.24,100
3078,11:22:39,$ 3280.70,100
3079,11:22:38,$ 3281.9899,300
3080,11:22:28,$ 3281.47,100
3081,11:22:25,$ 3280.6042,150
3082,11:22:18,$ 3281.135,100
3083,11:22:15,$ 3280.72,100
3084,11:21:58,$ 3279.00,100
3085,11:21:58,$ 3279.11,100
3086,11:21:58,$ 3279.01,100
3087,11:20:55,$ 3277.39,100
3088,11:20:55,$ 3277.29,100
3089,11:20:50,$ 3277.65,100
3090,11:20:45,$ 3277.655,100
3091,11:20:37,$ 3280.1329,100
3092,11:20:36,$ 3279.59,100
3093,11:20:30,$ 3279.998,100
3095,11:20:24,$ 3281.3049,159
3096,11:20:24,$ 3281.3049,248
3097,11:20:19,$ 3280.32,100
3098,11:20:17,$ 3281.1516,250
3099,11:20:15,$ 3280.7082,100
3100,11:20:02,$ 3280.605,100
3101,11:19:15,$ 3279.17,100
3102,11:18:55,$ 3280.04,100
3103,11:18:51,$ 3280.74,100
3104,11:18:27,$ 3280.1342,100
3105,11:18:26,$ 3280.37,246
3106,11:18:26,$ 3280.39,100
3107,11:18:19,$ 3279.4134,120
3108,11:18:13,$ 3279.41,100
3109,11:17:45,$ 3279.4099,204
3110,11:17:30,$ 3276.37,100
3111,11:17:02,$ 3278.96,100
3112,11:17:02,$ 3279.06,100
3113,11:17:02,$ 3279.51,100
3114,11:17:00,$ 3281.1102,100
3116,11:17:00,$ 3281.04,100
3117,11:17:00,$ 3280.76,100
3118,11:16:59,$ 3280.31,450
3119,11:16:59,$ 3280.94,100
3120,11:16:59,$ 3280.87,100
3121,11:16:59,$ 3281.69,300
3122,11:16:57,$ 3280.58,100
3123,11:16:57,$ 3280.07,100
3124,11:16:57,$ 3280.46,100
3125,11:16:57,$ 3280.49,100
3126,11:16:57,$ 3280.60,100
3127,11:16:57,$ 3280.61,100
3128,11:16:57,$ 3281.02,100
3129,11:16:57,$ 3281.22,100
3130,11:16:57,$ 3281.43,100
3131,11:16:57,$ 3278.995,100
3132,11:16:42,$ 3280.38,100
3133,11:16:41,$ 3280.0635,400
3134,11:16:37,$ 3279.47,100
3135,11:16:36,$ 3279.50,100
3137,11:16:36,$ 3279.41,100
3138,11:16:32,$ 3278.962,510
3139,11:16:31,$ 3279.30,100
3140,11:16:25,$ 3278.40,100
3141,11:16:25,$ 3277.94,100
3142,11:16:23,$ 3278.32,100
3143,11:16:23,$ 3278.40,100
3144,11:16:23,$ 3278.40,100
3145,11:16:23,$ 3278.49,100
3146,11:16:06,$ 3279.97,100
3147,11:16:01,$ 3279.33,100
3148,11:16:01,$ 3278.69,100
3149,11:15:51,$ 3277.7874,100
3150,11:15:37,$ 3277.97,100
3151,11:15:37,$ 3277.79,100
3152,11:15:35,$ 3277.80,100
3153,11:15:33,$ 3278.86,100
3154,11:15:33,$ 3278.16,100
3155,11:15:23,$ 3278.8953,415
3156,11:15:20,$ 3278.79,100
3158,11:15:20,$ 3278.72,100
3159,11:15:20,$ 3278.80,100
3160,11:15:04,$ 3276.97,187
3161,11:15:04,$ 3276.97,112
3162,11:15:04,$ 3277.495,100
3163,11:15:02,$ 3276.97,267
3164,11:15:02,$ 3276.97,100
3165,11:14:42,$ 3277.70,100
3166,11:14:36,$ 3276.776,250
3167,11:14:23,$ 3274.98,100
3168,11:14:23,$ 3275.00,100
3169,11:14:23,$ 3275.51,100
3170,11:14:23,$ 3274.76,100
3171,11:14:23,$ 3275.00,100
3172,11:14:18,$ 3274.49,172
3173,11:14:09,$ 3276.17,100
3174,11:13:59,$ 3275.00,100
3175,11:13:51,$ 3274.6496,100
3176,11:13:51,$ 3274.18,123
3177,11:13:50,$ 3274.00,100
3179,11:13:50,$ 3273.845,100
3180,11:13:48,$ 3272.83,100
3181,11:13:42,$ 3271.58,100
3182,11:13:38,$ 3272.835,100
3183,11:13:38,$ 3272.99,100
3184,11:13:37,$ 3272.00,100
3185,11:13:17,$ 3271.38,100
3186,11:13:15,$ 3270.29,100
3187,11:13:13,$ 3269.525,500
3188,11:13:13,$ 3269.60,100
3189,11:13:02,$ 3266.40,100
3190,11:13:02,$ 3266.975,100
3191,11:12:57,$ 3266.98,100
3192,11:12:48,$ 3267.23,100
3193,11:12:47,$ 3266.23,100
3194,11:12:47,$ 3266.00,100
3195,11:12:47,$ 3265.845,100
3196,11:12:45,$ 3266.31,100
3197,11:12:45,$ 3266.31,100
3198,11:12:38,$ 3265.22,200
3200,11:12:28,$ 3264.45,100
3201,11:12:09,$ 3265.233,100
3202,11:12:02,$ 3266.25,100
3203,11:11:32,$ 3264.41,100
3204,11:11:30,$ 3264.3759,150
3205,11:11:16,$ 3263.74,100
3206,11:11:16,$ 3263.755,100
3207,11:11:16,$ 3263.745,100
3208,11:11:16,$ 3263.885,100
3209,11:11:00,$ 3264.41,100
3210,11:10:51,$ 3264.50,200
3211,11:10:32,$ 3264.32,100
3212,11:10:32,$ 3264.21,100
3213,11:10:32,$ 3264.71,100
3214,11:10:32,$ 3264.71,100
3215,11:10:28,$ 3263.615,100
3216,11:10:27,$ 3264.02,100
3217,11:10:27,$ 3264.00,100
3218,11:10:25,$ 3265.025,100
3219,11:10:23,$ 3264.01,100
3221,11:10:20,$ 3265.235,100
3222,11:10:06,$ 3264.615,100
3223,11:10:05,$ 3264.3832,200
3224,11:10:04,$ 3265.0111,301
3225,11:09:59,$ 3263.69,100
3226,11:09:59,$ 3263.69,100
3227,11:09:59,$ 3263.615,100
3228,11:09:28,$ 3263.99,100
3229,11:09:26,$ 3263.7895,175
3230,11:09:26,$ 3264.33,100
3231,11:09:22,$ 3266.48,174
3232,11:09:14,$ 3266.125,100
3233,11:09:05,$ 3265.77,100
3234,11:08:45,$ 3266.89,100
3235,11:08:28,$ 3268.14,100
3236,11:07:48,$ 3268.855,100
3237,11:07:45,$ 3268.88,100
3238,11:07:33,$ 3269.05,100
3239,11:07:33,$ 3269.01,100
3240,11:07:21,$ 3270.485,100
3242,11:07:20,$ 3270.49,100
3243,11:07:06,$ 3270.8627,100
3244,11:06:47,$ 3269.935,100
3245,11:06:46,$ 3270.30,250
3246,11:06:21,$ 3271.047,114
3247,11:06:02,$ 3272.21,100
3248,11:06:01,$ 3271.64,100
3249,11:05:47,$ 3270.785,100
3250,11:05:46,$ 3271.06,100
3251,11:05:32,$ 3271.52,100
3252,11:05:32,$ 3271.52,100
3253,11:05:30,$ 3271.95,100
3254,11:05:30,$ 3271.91,100
3255,11:05:30,$ 3271.61,140
3256,11:05:26,$ 3271.42,100
3257,11:05:23,$ 3271.14,100
3258,11:05:15,$ 3270.851,250
3259,11:05:07,$ 3270.2074,100
3260,11:05:02,$ 3270.75,100
3261,11:04:51,$ 3270.77,300
3263,11:04:45,$ 3270.005,750
3264,11:04:43,$ 3270.53,100
3265,11:04:31,$ 3270.02,100
3266,11:04:31,$ 3270.13,100
3267,11:04:19,$ 3269.77,200
3268,11:04:12,$ 3270.60,100
3269,11:04:10,$ 3269.68,100
3270,11:04:03,$ 3269.38,100
3271,11:03:56,$ 3270.015,100
3272,11:03:44,$ 3270.06,150
3273,11:03:26,$ 3270.47,132
3274,11:03:24,$ 3270.385,610
3275,11:03:23,$ 3270.45,100
3276,11:03:10,$ 3270.30,100
3277,11:03:08,$ 3270.00,394
3278,11:03:08,$ 3269.99,100
3279,11:03:03,$ 3268.77,750
3280,11:02:51,$ 3269.36,100
3281,11:02:47,$ 3268.89,100
3282,11:02:26,$ 3270.33,100
3284,11:02:26,$ 3270.34,108
3285,11:02:09,$ 3271.15,100
3286,11:02:09,$ 3271.32,100
3287,11:02:09,$ 3270.63,100
3288,11:02:09,$ 3270.90,100
3289,11:02:08,$ 3270.57,100
3290,11:01:58,$ 3270.94,100
3291,11:01:57,$ 3270.115,100
3292,11:01:56,$ 3270.71,100
3293,11:01:56,$ 3270.58,100
3294,11:01:56,$ 3270.68,100
3295,11:01:45,$ 3269.37,100
3296,11:01:43,$ 3270.149,250
3297,11:01:41,$ 3270.79,100
3298,11:01:34,$ 3270.62,100
3299,11:01:25,$ 3269.54,100
3300,11:01:22,$ 3270.64,100
3301,11:01:22,$ 3270.52,100
3302,11:01:18,$ 3270.40,100
3303,11:01:09,$ 3270.7855,100
3305,11:01:08,$ 3270.54,100
3306,11:01:05,$ 3270.05,100
3307,11:00:55,$ 3270.76,100
3308,11:00:55,$ 3271.02,100
3309,11:00:54,$ 3271.58,250
3310,11:00:51,$ 3272.00,296
3311,11:00:04,$ 3269.74,100
3312,11:00:04,$ 3269.85,400
3314,11:59:58,$ 3276.89,100
3315,11:59:58,$ 3276.42,100
3316,11:59:45,$ 3276.00,100
3317,11:58:58,$ 3274.00,244
3318,11:58:34,$ 3274.755,100
3319,11:58:34,$ 3273.80,100
3320,11:58:12,$ 3274.43,103
3321,11:58:10,$ 3274.81,100
3322,11:57:46,$ 3274.905,100
3323,11:57:28,$ 3274.43,100
3324,11:57:25,$ 3274.44,100
3325,11:57:22,$ 3274.3471,100
3326,11:57:15,$ 3273.82,100
3327,11:57:03,$ 3274.865,100
3328,11:56:55,$ 3274.535,100
3329,11:56:47,$ 3274.4345,240
3330,11:56:29,$ 3273.4432,100
3331,11:55:58,$ 3275.44,100
3332,11:55:54,$ 3275.35,100
3333,11:55:38,$ 3275.665,115
3335,11:55:36,$ 3276.26,100
3336,11:55:36,$ 3276.09,116
3337,11:55:36,$ 3276.24,100
3338,11:55:36,$ 3276.24,100
3339,11:55:36,$ 3276.41,100
3340,11:55:11,$ 3277.08,100
3341,11:55:06,$ 3278.02,100
3342,11:55:05,$ 3277.63,100
3343,11:55:01,$ 3278.455,100
3344,11:54:57,$ 3279.355,100
3345,11:54:42,$ 3278.72,100
3346,11:54:05,$ 3278.50,100
3347,11:53:25,$ 3278.44,204
3348,11:53:25,$ 3278.44,100
3349,11:53:02,$ 3278.16,100
3350,11:52:57,$ 3276.71,100
3351,11:52:54,$ 3277.33,263
3352,11:52:54,$ 3277.02,100
3353,11:52:54,$ 3277.02,100
3354,11:52:54,$ 3276.82,100
3356,11:52:54,$ 3276.82,100
3357,11:52:54,$ 3277.01,100
3358,11:52:53,$ 3276.345,100
3359,11:52:52,$ 3276.49,100
3360,11:52:47,$ 3277.5879,100
3361,11:52:46,$ 3277.77,100
3362,11:52:46,$ 3277.77,100
3363,11:52:42,$ 3277.34,106
3364,11:52:42,$ 3277.34,106
3365,11:52:25,$ 3277.03,100
3366,11:52:13,$ 3278.00,100
3367,11:51:36,$ 3278.795,100
3368,11:51:01,$ 3279.51,100
3369,11:50:19,$ 3280.59,100
3370,11:50:04,$ 3280.85,101
3371,11:50:01,$ 3280.83,100
3372,11:49:56,$ 3280.57,100
3373,11:49:56,$ 3280.50,100
3374,11:49:17,$ 3281.435,100
3375,11:49:12,$ 3280.51,100
3377,11:49:12,$ 3282.04,100
3378,11:49:12,$ 3281.46,100
3379,11:49:12,$ 3282.05,100
3380,11:49:05,$ 3282.585,100
3381,11:49:04,$ 3282.10,100
3382,11:48:49,$ 3282.50,100
3383,11:48:32,$ 3283.62,100
3384,11:48:32,$ 3283.62,166
3385,11:48:32,$ 3283.62,100
3386,11:48:29,$ 3285.3864,100
3387,11:48:17,$ 3284.874,100
3388,11:47:45,$ 3284.70,100
3389,11:47:45,$ 3284.70,100
3390,11:47:45,$ 3285.05,100
3391,11:47:45,$ 3284.8729,100
3392,11:47:38,$ 3284.47,100
3393,11:47:25,$ 3284.09,100
3394,11:47:23,$ 3284.07,100
3395,11:47:01,$ 3282.9101,500
3396,11:47:00,$ 3283.17,100
3398,11:46:22,$ 3284.74,467
3399,11:46:03,$ 3283.4038,100
3400,11:45:44,$ 3283.79,312
3401,11:45:31,$ 3283.11,100
3402,11:45:17,$ 3285.215,100
3403,11:45:00,$ 3283.545,100
3404,11:44:58,$ 3284.1729,100
3405,11:44:52,$ 3284.70,100
3406,11:44:48,$ 3285.09,100
3407,11:44:44,$ 3285.17,100
3408,11:44:44,$ 3284.685,100
3409,11:44:44,$ 3285.00,100
3410,11:44:37,$ 3283.8974,120
3411,11:44:27,$ 3283.8991,100
3412,11:44:24,$ 3284.00,344
3413,11:44:19,$ 3283.15,200
3414,11:44:14,$ 3282.66,100
3415,11:43:50,$ 3282.1408,100
3416,11:43:40,$ 3282.34,100
3417,11:43:38,$ 3280.53,117
3419,11:42:18,$ 3282.175,100
3420,11:42:15,$ 3282.24,100
3421,11:42:06,$ 3281.30,136
3422,11:42:06,$ 3281.30,123
3423,11:42:01,$ 3281.44,100
3424,11:41:56,$ 3280.32,100
3425,11:41:40,$ 3280.395,100
3426,11:40:31,$ 3280.97,100
3427,11:40:31,$ 3280.99,100
3428,11:40:31,$ 3281.00,208
3429,11:40:18,$ 3281.2155,100
3430,11:39:52,$ 3279.62,100
3431,11:39:52,$ 3279.57,100
3432,11:39:52,$ 3279.57,100
3433,11:39:48,$ 3280.50,100
3434,11:39:48,$ 3280.59,100
3435,11:39:45,$ 3280.00,100
3436,11:39:01,$ 3280.24,100
3437,11:39:01,$ 3280.67,100
3438,11:39:01,$ 3280.92,100
3440,11:39:01,$ 3280.92,100
3441,11:39:01,$ 3281.00,100
3442,11:38:34,$ 3281.62,100
3443,11:38:33,$ 3281.08,100
3444,11:38:00,$ 3280.00,200
3445,11:37:45,$ 3280.12,100
3446,11:37:30,$ 3280.54,100
3447,11:37:30,$ 3281.79,133
3448,11:37:00,$ 3280.64,100
3449,11:37:00,$ 3280.64,100
3450,11:37:00,$ 3281.25,100
3451,11:37:00,$ 3281.33,100
3452,11:37:00,$ 3281.38,100
3453,11:36:30,$ 3279.74,100
3454,11:36:24,$ 3280.20,100
3455,11:35:42,$ 3279.5629,101
3456,11:35:37,$ 3280.055,100
3457,11:35:37,$ 3280.03,190
3458,11:35:37,$ 3280.095,100
3459,11:35:37,$ 3280.12,100
3461,11:35:32,$ 3281.085,250
3462,11:35:29,$ 3280.18,100
3463,11:35:23,$ 3281.015,100
3464,11:35:21,$ 3281.265,100
3465,11:35:19,$ 3282.35,143
3466,11:35:15,$ 3282.15,100
3467,11:35:15,$ 3282.38,100
3468,11:35:07,$ 3283.62,100
3469,11:35:04,$ 3283.88,100
3470,11:35:04,$ 3283.89,100
3471,11:35:04,$ 3283.89,100
3472,11:34:43,$ 3280.54,100
3473,11:34:23,$ 3281.335,115
3474,11:33:57,$ 3280.81,100
3475,11:33:29,$ 3280.96,100
3476,11:33:29,$ 3280.8244,200
3477,11:33:29,$ 3281.03,100
3478,11:33:29,$ 3280.84,100
3479,11:33:29,$ 3280.865,100
3480,11:33:20,$ 3280.4701,100
3482,11:33:00,$ 3282.66,100
3483,11:33:00,$ 3282.00,"1,559"
3484,11:33:00,$ 3282.00,101
3485,11:33:00,$ 3282.55,200
3486,11:33:00,$ 3282.55,115
3487,11:33:00,$ 3283.00,200
3488,11:33:00,$ 3282.551,200
3489,11:33:00,$ 3283.01,100
3490,11:33:00,$ 3283.02,100
3491,11:32:54,$ 3283.28,100
3492,11:32:54,$ 3283.39,100
3493,11:32:36,$ 3280.99,291
3494,11:32:33,$ 3280.505,100
3495,11:32:25,$ 3281.43,100
3496,11:32:24,$ 3280.525,100
3497,11:32:21,$ 3280.48,100
3498,11:32:21,$ 3280.96,100
3499,11:32:21,$ 3281.10,100
3500,11:32:19,$ 3281.95,100
3501,11:32:19,$ 3280.67,100
3503,11:32:19,$ 3280.67,100
3504,11:32:19,$ 3280.83,100
3505,11:32:19,$ 3280.47,400
3506,11:32:19,$ 3280.459,200
3507,11:32:19,$ 3280.469,100
3508,11:32:19,$ 3279.822,100
3509,11:32:06,$ 3279.1584,100
3510,11:32:05,$ 3278.3267,100
3511,11:31:58,$ 3278.00,100
3512,11:31:56,$ 3277.06,100
3513,11:31:56,$ 3277.3838,200
3514,11:31:25,$ 3279.0594,200
3516,12:29:51,$ 3269.44,100
3517,12:29:48,$ 3269.9713,100
3518,12:29:09,$ 3267.78,200
3519,12:29:08,$ 3267.39,100
3520,12:29:06,$ 3267.77,100
3521,12:29:05,$ 3267.77,100
3522,12:29:04,$ 3267.78,100
3523,12:29:04,$ 3267.78,100
3524,12:29:04,$ 3267.78,100
3525,12:29:02,$ 3267.83,100
3526,12:28:39,$ 3268.39,100
3527,12:28:39,$ 3268.39,100
3528,12:28:33,$ 3268.00,100
3529,12:28:30,$ 3267.77,100
3530,12:28:30,$ 3268.00,100
3531,12:28:25,$ 3268.365,100
3532,12:28:20,$ 3269.615,100
3533,12:28:20,$ 3269.62,100
3534,12:28:20,$ 3269.09,100
3535,12:28:20,$ 3269.62,100
3537,12:28:20,$ 3269.62,100
3538,12:28:20,$ 3269.615,200
3539,12:27:41,$ 3268.89,100
3540,12:27:41,$ 3268.89,100
3541,12:27:39,$ 3268.55,100
3542,12:27:39,$ 3268.55,100
3543,12:27:39,$ 3268.55,100
3544,12:27:22,$ 3269.5063,244
3545,12:27:13,$ 3268.11,100
3546,12:27:12,$ 3268.89,100
3547,12:27:06,$ 3269.00,100
3548,12:26:44,$ 3270.30,100
3549,12:26:32,$ 3271.185,100
3550,12:26:32,$ 3271.44,100
3551,12:26:32,$ 3271.185,100
3552,12:26:32,$ 3271.185,100
3553,12:26:18,$ 3270.715,100
3554,12:26:06,$ 3269.18,100
3555,12:26:02,$ 3269.49,100
3556,12:26:00,$ 3270.27,100
3558,12:25:54,$ 3271.22,100
3559,12:25:30,$ 3270.945,100
3560,12:25:27,$ 3271.015,100
3561,12:25:27,$ 3271.80,100
3562,12:25:26,$ 3271.03,100
3563,12:25:26,$ 3271.80,100
3564,12:25:26,$ 3271.83,100
3565,12:25:19,$ 3272.1499,100
3566,12:25:13,$ 3272.75,100
3567,12:25:05,$ 3272.1055,115
3568,12:24:52,$ 3272.665,100
3569,12:24:50,$ 3272.785,100
3570,12:24:49,$ 3272.44,100
3571,12:24:49,$ 3272.41,100
3572,12:24:48,$ 3272.985,281
3573,12:24:12,$ 3273.925,100
3574,12:23:59,$ 3273.595,100
3575,12:23:58,$ 3274.42,100
3576,12:23:58,$ 3274.13,100
3577,12:23:58,$ 3273.685,100
3579,12:23:58,$ 3273.81,100
3580,12:23:58,$ 3273.685,100
3581,12:23:58,$ 3273.685,100
3582,12:23:58,$ 3273.685,100
3583,12:23:58,$ 3273.81,100
3584,12:23:58,$ 3273.84,100
3585,12:23:58,$ 3273.84,100
3586,12:23:58,$ 3273.81,100
3587,12:23:58,$ 3273.81,100
3588,12:23:58,$ 3273.81,100
3589,12:23:58,$ 3273.81,100
3590,12:23:58,$ 3273.81,100
3591,12:23:58,$ 3274.62,100
3592,12:23:49,$ 3273.805,100
3593,12:23:49,$ 3273.805,140
3594,12:23:47,$ 3273.805,100
3595,12:23:47,$ 3273.805,100
3596,12:23:47,$ 3273.805,100
3597,12:23:47,$ 3274.225,100
3598,12:23:47,$ 3274.225,100
3600,12:23:47,$ 3274.225,100
3601,12:23:47,$ 3274.225,100
3602,12:23:47,$ 3274.225,100
3603,12:23:47,$ 3274.225,100
3604,12:23:47,$ 3274.225,100
3605,12:23:47,$ 3274.225,100
3606,12:23:47,$ 3274.225,100
3607,12:23:47,$ 3274.225,100
3608,12:23:46,$ 3275.345,100
3609,12:23:46,$ 3275.03,100
3610,12:23:35,$ 3271.38,100
3611,12:23:26,$ 3272.70,173
3612,12:22:44,$ 3270.175,100
3613,12:22:39,$ 3270.06,100
3614,12:22:32,$ 3271.74,100
3615,12:22:10,$ 3270.74,100
3616,12:21:47,$ 3272.03,100
3617,12:21:26,$ 3271.86,100
3618,12:21:26,$ 3271.86,100
3619,12:21:26,$ 3271.86,100
3621,12:21:25,$ 3271.86,100
3622,12:21:23,$ 3271.718,310
3623,12:21:05,$ 3271.78,100
3624,12:21:02,$ 3272.405,100
3625,12:21:00,$ 3272.85,100
3626,12:20:43,$ 3272.8899,100
3627,12:20:34,$ 3272.085,100
3628,12:20:30,$ 3271.31,100
3629,12:19:54,$ 3272.16,100
3630,12:19:53,$ 3271.44,100
3631,12:19:53,$ 3271.95,100
3632,12:19:41,$ 3271.8646,100
3633,12:19:18,$ 3270.7909,169
3634,12:19:18,$ 3270.26,100
3635,12:18:49,$ 3270.96,100
3636,12:18:47,$ 3270.03,100
3637,12:18:47,$ 3270.00,100
3638,12:18:47,$ 3270.00,192
3639,12:18:36,$ 3270.73,100
3640,12:17:51,$ 3271.28,100
3642,12:17:47,$ 3271.72,780
3643,12:17:47,$ 3271.26,100
3644,12:17:47,$ 3271.29,100
3645,12:17:42,$ 3270.74,100
3646,12:17:28,$ 3271.10,200
3647,12:17:08,$ 3269.845,100
3648,12:16:58,$ 3269.47,100
3649,12:16:58,$ 3269.92,100
3650,12:16:57,$ 3269.47,100
3651,12:16:53,$ 3268.6401,100
3652,12:16:52,$ 3269.47,100
3653,12:16:52,$ 3269.47,100
3654,12:16:52,$ 3269.47,100
3655,12:16:51,$ 3268.6311,100
3656,12:16:43,$ 3268.765,144
3657,12:16:43,$ 3268.76,100
3658,12:16:41,$ 3270.00,100
3659,12:16:40,$ 3269.80,100
3660,12:16:18,$ 3271.13,100
3661,12:16:18,$ 3271.50,100
3663,12:16:18,$ 3271.53,100
3664,12:16:18,$ 3272.95,100
3665,12:16:12,$ 3272.56,400
3666,12:16:08,$ 3272.89,100
3667,12:15:54,$ 3273.9913,115
3668,12:15:28,$ 3273.35,100
3669,12:15:28,$ 3273.37,100
3670,12:15:28,$ 3273.37,100
3671,12:15:28,$ 3273.41,100
3672,12:15:28,$ 3273.60,100
3673,12:15:28,$ 3273.57,100
3674,12:15:16,$ 3273.52,200
3675,12:15:04,$ 3273.45,100
3676,12:15:02,$ 3274.12,100
3677,12:14:55,$ 3274.03,100
3678,12:14:55,$ 3273.53,100
3679,12:14:55,$ 3273.43,100
3680,12:14:55,$ 3273.42,100
3681,12:14:47,$ 3273.02,100
3682,12:14:19,$ 3273.1539,500
3684,12:14:17,$ 3273.1261,100
3685,12:14:11,$ 3273.5204,100
3686,12:14:05,$ 3273.51,100
3687,12:14:00,$ 3274.06,114
3688,12:13:51,$ 3274.10,100
3689,12:13:51,$ 3274.44,178
3690,12:13:51,$ 3274.55,100
3691,12:13:51,$ 3274.44,275
3692,12:13:51,$ 3274.44,100
3693,12:13:50,$ 3274.89,100
3694,12:12:59,$ 3275.86,100
3695,12:12:59,$ 3275.82,100
3696,12:12:54,$ 3277.2106,100
3697,12:12:49,$ 3277.15,100
3698,12:12:45,$ 3276.56,100
3699,12:12:45,$ 3276.46,100
3700,12:12:40,$ 3275.20,100
3701,12:12:40,$ 3275.48,100
3702,12:12:40,$ 3276.0517,150
3703,12:12:33,$ 3276.26,100
3705,12:11:45,$ 3275.01,100
3706,12:11:45,$ 3275.01,100
3707,12:11:39,$ 3275.75,100
3708,12:11:39,$ 3275.27,100
3709,12:11:05,$ 3275.90,100
3710,12:10:36,$ 3275.9658,115
3711,12:10:35,$ 3276.02,100
3712,12:10:32,$ 3276.6899,100
3713,12:10:10,$ 3277.52,100
3714,12:09:03,$ 3277.74,100
3715,12:09:03,$ 3277.47,100
3716,12:09:03,$ 3277.40,100
3717,12:09:03,$ 3277.32,100
3718,12:09:01,$ 3277.48,100
3719,12:09:01,$ 3277.25,100
3720,12:08:08,$ 3275.58,112
3721,12:08:02,$ 3276.26,100
3722,12:07:21,$ 3277.45,100
3723,12:07:16,$ 3276.15,500
3724,12:07:12,$ 3276.115,100
3726,12:07:11,$ 3275.9258,100
3727,12:07:10,$ 3276.1367,120
3728,12:07:10,$ 3275.9274,305
3729,12:07:09,$ 3275.46,100
3730,12:07:09,$ 3275.46,100
3731,12:07:06,$ 3275.3191,100
3732,12:06:52,$ 3274.46,100
3733,12:06:48,$ 3274.59,100
3734,12:06:37,$ 3274.8617,130
3735,12:06:18,$ 3273.42,100
3736,12:06:18,$ 3273.92,254
3737,12:05:23,$ 3274.15,100
3738,12:04:47,$ 3272.89,100
3739,12:04:40,$ 3272.51,100
3740,12:04:40,$ 3272.71,230
3741,12:04:40,$ 3272.71,118
3742,12:04:40,$ 3272.71,100
3743,12:04:40,$ 3272.71,212
3744,12:04:40,$ 3272.71,305
3745,12:04:12,$ 3272.52,100
3747,12:03:58,$ 3273.41,100
3748,12:03:31,$ 3275.00,111
3749,12:03:29,$ 3273.805,100
3750,12:03:29,$ 3274.25,100
3751,12:03:13,$ 3276.19,111
3752,12:03:07,$ 3274.46,100
3753,12:03:02,$ 3274.31,100
3754,12:02:58,$ 3273.59,100
3755,12:02:58,$ 3273.745,100
3756,12:02:35,$ 3274.505,100
3757,12:02:19,$ 3274.275,100
3758,12:02:11,$ 3274.65,100
3759,12:01:49,$ 3273.40,100
3760,12:01:21,$ 3275.2916,100
3761,12:01:08,$ 3277.4615,100
3762,12:00:57,$ 3276.07,100
3763,12:00:57,$ 3276.31,100
3764,12:00:50,$ 3277.7765,100
3765,12:00:50,$ 3277.36,100
3766,12:00:50,$ 3277.63,100
3768,12:00:45,$ 3278.62,100
3769,12:00:45,$ 3278.62,340
3770,12:00:33,$ 3278.49,100
3771,12:00:18,$ 3277.8145,250
3772,12:00:10,$ 3277.685,100
3773,12:00:01,$ 3277.41,100
3775,12:59:59,$ 3266.20,100
3776,12:59:52,$ 3267.6835,100
3777,12:59:51,$ 3267.45,100
3778,12:59:41,$ 3267.4296,100
3779,12:58:49,$ 3266.4536,100
3780,12:58:19,$ 3266.20,100
3781,12:57:59,$ 3267.415,100
3782,12:57:37,$ 3266.748,328
3783,12:57:19,$ 3266.465,100
3784,12:57:07,$ 3267.27,100
3785,12:57:05,$ 3266.70,892
3786,12:56:50,$ 3266.46,100
3787,12:56:50,$ 3266.164,300
3788,12:56:37,$ 3265.83,100
3789,12:55:40,$ 3264.16,100
3790,12:55:40,$ 3264.18,100
3791,12:55:40,$ 3264.19,100
3792,12:55:40,$ 3264.20,100
3793,12:55:40,$ 3264.21,100
3794,12:55:24,$ 3263.20,100
3796,12:55:14,$ 3264.9057,100
3797,12:54:26,$ 3265.01,100
3798,12:54:26,$ 3265.28,100
3799,12:54:25,$ 3264.90,100
3800,12:54:21,$ 3264.78,100
3801,12:53:43,$ 3265.00,155
3802,12:53:23,$ 3263.47,100
3803,12:53:21,$ 3264.298,120
3804,12:53:17,$ 3264.33,100
3805,12:53:03,$ 3263.32,100
3806,12:52:55,$ 3262.24,100
3807,12:52:38,$ 3261.72,100
3808,12:52:35,$ 3261.44,100
3809,12:52:32,$ 3261.5835,100
3810,12:52:30,$ 3261.90,100
3811,12:52:25,$ 3263.1909,100
3812,12:52:20,$ 3263.06,100
3813,12:52:10,$ 3263.29,100
3814,12:52:10,$ 3263.31,100
3815,12:52:03,$ 3263.145,151
3817,12:51:50,$ 3264.35,100
3818,12:51:13,$ 3266.1199,205
3819,12:51:01,$ 3265.71,160
3820,12:50:56,$ 3266.00,199
3821,12:50:00,$ 3266.42,100
3822,12:49:51,$ 3265.94,100
3823,12:49:51,$ 3265.65,100
3824,12:49:51,$ 3265.66,100
3825,12:49:51,$ 3265.69,100
3826,12:49:35,$ 3264.85,100
3827,12:49:13,$ 3264.70,100
3828,12:49:12,$ 3264.87,100
3829,12:49:12,$ 3264.87,100
3830,12:49:05,$ 3265.08,100
3831,12:48:55,$ 3266.04,300
3832,12:48:53,$ 3265.575,100
3833,12:48:45,$ 3265.95,100
3834,12:48:45,$ 3265.635,100
3835,12:48:41,$ 3265.72,100
3836,12:48:34,$ 3265.25,212
3838,12:48:33,$ 3265.26,191
3839,12:48:28,$ 3265.525,100
3840,12:48:27,$ 3265.205,100
3841,12:48:27,$ 3264.78,100
3842,12:48:27,$ 3264.78,100
3843,12:48:27,$ 3265.25,100
3844,12:48:27,$ 3265.25,100
3845,12:48:27,$ 3264.83,100
3846,12:48:27,$ 3264.93,100
3847,12:48:26,$ 3264.70,100
3848,12:48:26,$ 3264.84,200
3849,12:48:24,$ 3264.80,100
3850,12:48:20,$ 3264.465,100
3851,12:48:20,$ 3265.04,100
3852,12:48:20,$ 3265.04,100
3853,12:48:20,$ 3264.545,100
3854,12:47:37,$ 3266.00,100
3855,12:47:14,$ 3265.51,100
