,NLS Time (ET),NLS Price,NLS Share Volume
1,09:59:49,$ 3440.01,100
2,09:59:49,$ 3440.00,100
3,09:59:49,$ 3440.00,100
4,09:59:49,$ 3440.00,423
5,09:59:49,$ 3440.00,215
6,09:59:49,$ 3440.00,993
7,09:59:44,$ 3442.03,100
8,09:59:44,$ 3442.04,100
9,09:59:44,$ 3442.00,100
10,09:59:44,$ 3442.00,100
11,09:59:38,$ 3442.67,100
12,09:59:38,$ 3443.09,100
13,09:59:38,$ 3442.69,100
14,09:59:36,$ 3442.42,100
15,09:59:32,$ 3441.51,100
16,09:59:32,$ 3441.51,100
17,09:59:32,$ 3441.46,100
18,09:59:29,$ 3441.84,100
19,09:59:29,$ 3441.46,100
20,09:59:29,$ 3441.905,250
22,09:59:10,$ 3443.00,150
23,09:59:06,$ 3443.77,100
24,09:59:04,$ 3443.69,100
25,09:59:00,$ 3443.21,100
26,09:58:45,$ 3444.951,250
27,09:58:30,$ 3444.95,100
28,09:58:30,$ 3444.94,100
29,09:57:58,$ 3445.02,100
30,09:57:56,$ 3445.515,100
31,09:57:51,$ 3443.755,100
32,09:57:36,$ 3445.57,154
33,09:57:36,$ 3445.93,100
34,09:57:36,$ 3446.20,100
35,09:57:11,$ 3447.84,100
36,09:57:11,$ 3446.89,100
37,09:57:10,$ 3445.96,100
38,09:56:57,$ 3446.12,100
39,09:56:52,$ 3446.88,100
40,09:56:40,$ 3445.025,100
41,09:56:40,$ 3445.03,100
43,09:56:40,$ 3444.62,100
44,09:56:40,$ 3444.86,100
45,09:56:38,$ 3443.68,100
46,09:56:37,$ 3442.95,100
47,09:56:37,$ 3443.445,100
48,09:56:35,$ 3443.18,100
49,09:56:35,$ 3443.485,100
50,09:56:35,$ 3443.485,100
51,09:56:35,$ 3443.395,100
52,09:56:35,$ 3443.00,306
53,09:56:34,$ 3444.00,100
54,09:56:30,$ 3444.38,100
55,09:56:30,$ 3444.21,100
56,09:56:12,$ 3442.93,100
57,09:56:11,$ 3444.00,335
58,09:56:11,$ 3444.00,186
59,09:55:59,$ 3445.0562,140
60,09:55:55,$ 3444.31,100
61,09:55:43,$ 3445.34,100
62,09:55:40,$ 3445.85,100
64,09:55:40,$ 3445.86,100
65,09:55:37,$ 3445.6893,134
66,09:55:37,$ 3446.3625,112
67,09:55:34,$ 3445.89,100
68,09:55:28,$ 3445.045,100
69,09:55:28,$ 3445.045,100
70,09:55:28,$ 3445.0425,100
71,09:55:23,$ 3444.96,100
72,09:55:23,$ 3444.96,100
73,09:55:21,$ 3444.815,100
74,09:55:20,$ 3443.61,103
75,09:55:20,$ 3443.195,100
76,09:55:15,$ 3442.84,100
77,09:55:05,$ 3442.08,100
78,09:54:59,$ 3442.21,100
79,09:54:59,$ 3441.92,300
80,09:54:53,$ 3443.04,290
81,09:54:53,$ 3443.04,"1,058"
82,09:54:53,$ 3443.04,116
83,09:54:53,$ 3443.02,100
85,09:54:52,$ 3443.2999,100
86,09:54:49,$ 3442.98,100
87,09:54:44,$ 3442.30,435
88,09:54:36,$ 3442.59,100
89,09:54:35,$ 3443.155,"2,100"
90,09:54:34,$ 3442.84,100
91,09:54:34,$ 3442.29,181
92,09:54:32,$ 3443.15,100
93,09:54:32,$ 3443.15,200
94,09:54:32,$ 3443.15,100
95,09:54:32,$ 3443.15,100
96,09:54:32,$ 3443.07,100
97,09:54:32,$ 3442.77,100
98,09:54:32,$ 3443.02,100
99,09:54:32,$ 3442.98,100
100,09:54:32,$ 3442.57,100
101,09:54:29,$ 3442.555,100
102,09:54:21,$ 3443.04,100
103,09:54:18,$ 3442.85,100
104,09:54:13,$ 3443.62,100
106,09:54:11,$ 3443.70,100
107,09:54:10,$ 3445.39,100
108,09:54:09,$ 3446.1158,100
109,09:54:04,$ 3446.58,100
110,09:53:57,$ 3447.29,100
111,09:53:50,$ 3447.24,100
112,09:53:50,$ 3446.675,100
113,09:53:50,$ 3446.15,100
114,09:53:50,$ 3446.15,100
115,09:53:49,$ 3446.2077,200
116,09:53:49,$ 3446.15,100
117,09:53:49,$ 3446.15,100
118,09:53:49,$ 3446.26,100
119,09:53:49,$ 3446.425,100
120,09:53:49,$ 3446.27,100
121,09:53:42,$ 3448.00,115
122,09:53:39,$ 3448.455,100
123,09:53:29,$ 3448.455,100
124,09:53:29,$ 3448.02,100
125,09:53:19,$ 3447.12,100
127,09:53:19,$ 3448.22,200
128,09:53:19,$ 3448.237,100
129,09:53:09,$ 3450.43,100
130,09:53:09,$ 3450.42,100
131,09:53:09,$ 3450.98,100
132,09:53:08,$ 3450.495,107
133,09:53:07,$ 3450.81,100
134,09:53:07,$ 3450.98,100
135,09:53:07,$ 3450.55,500
136,09:52:58,$ 3450.56,100
137,09:52:58,$ 3451.4375,100
138,09:52:58,$ 3450.98,100
139,09:52:58,$ 3451.33,100
140,09:52:58,$ 3451.33,100
141,09:52:44,$ 3452.20,100
142,09:52:44,$ 3452.00,100
143,09:52:37,$ 3453.13,100
144,09:52:37,$ 3453.00,718
145,09:52:36,$ 3453.45,100
146,09:52:35,$ 3453.00,100
148,09:52:35,$ 3452.99,100
149,09:52:35,$ 3452.99,100
150,09:52:12,$ 3454.93,100
151,09:52:07,$ 3453.7708,100
152,09:52:03,$ 3454.33,100
153,09:52:03,$ 3454.71,100
154,09:51:58,$ 3454.91,100
155,09:51:58,$ 3454.89,100
156,09:51:58,$ 3453.97,100
157,09:51:57,$ 3453.8422,259
158,09:51:57,$ 3452.9901,100
159,09:51:48,$ 3453.565,100
160,09:51:48,$ 3453.15,100
161,09:51:39,$ 3452.99,490
162,09:51:39,$ 3453.00,100
163,09:51:29,$ 3455.535,100
164,09:51:28,$ 3455.535,100
165,09:51:28,$ 3456.25,100
166,09:51:28,$ 3455.51,100
167,09:51:27,$ 3456.26,147
169,09:51:26,$ 3456.265,100
170,09:51:24,$ 3457.00,159
171,09:51:24,$ 3457.00,100
172,09:51:24,$ 3456.72,100
173,09:51:22,$ 3456.25,100
174,09:51:22,$ 3456.25,100
175,09:51:18,$ 3455.45,100
176,09:51:08,$ 3454.55,100
177,09:51:08,$ 3455.00,178
178,09:51:08,$ 3455.00,102
179,09:51:08,$ 3455.00,100
180,09:51:08,$ 3455.00,296
181,09:51:01,$ 3456.6035,900
182,09:51:00,$ 3456.69,100
183,09:51:00,$ 3456.11,200
184,09:50:58,$ 3456.25,100
185,09:50:56,$ 3456.00,100
186,09:50:56,$ 3456.00,100
187,09:50:55,$ 3455.00,900
188,09:50:55,$ 3455.00,184
190,09:50:55,$ 3455.00,100
191,09:50:51,$ 3454.50,100
192,09:50:50,$ 3454.00,566
193,09:50:50,$ 3454.00,201
194,09:50:50,$ 3453.23,100
195,09:50:48,$ 3453.70,100
196,09:50:46,$ 3453.67,100
197,09:50:37,$ 3453.66,100
198,09:50:37,$ 3453.21,100
199,09:50:35,$ 3453.71,100
200,09:50:33,$ 3452.845,100
201,09:50:33,$ 3452.80,100
202,09:50:33,$ 3452.82,100
203,09:50:32,$ 3452.0701,300
204,09:50:16,$ 3453.02,100
205,09:49:48,$ 3453.48,100
206,09:49:25,$ 3453.33,100
207,09:49:24,$ 3453.32,187
208,09:49:22,$ 3452.1527,100
209,09:49:15,$ 3451.65,100
211,09:49:13,$ 3452.75,100
212,09:49:10,$ 3452.3316,100
213,09:49:01,$ 3453.18,100
214,09:48:58,$ 3452.57,140
215,09:48:58,$ 3452.60,100
216,09:48:58,$ 3452.59,100
217,09:48:58,$ 3452.605,100
218,09:48:58,$ 3452.605,100
219,09:48:56,$ 3452.60,100
220,09:48:54,$ 3452.22,100
221,09:48:54,$ 3452.22,100
222,09:48:54,$ 3451.83,100
223,09:48:46,$ 3450.915,100
224,09:48:46,$ 3450.87,100
225,09:48:46,$ 3450.52,100
226,09:48:46,$ 3450.98,100
227,09:48:46,$ 3450.98,100
228,09:48:46,$ 3450.72,100
229,09:48:46,$ 3450.98,100
230,09:48:46,$ 3450.9325,100
232,09:48:46,$ 3450.75,100
233,09:48:46,$ 3451.025,100
234,09:48:46,$ 3451.025,100
235,09:48:46,$ 3450.12,100
236,09:48:46,$ 3450.12,104
237,09:48:35,$ 3451.055,"2,800"
238,09:48:31,$ 3451.055,150
239,09:48:21,$ 3450.97,100
240,09:48:16,$ 3450.88,100
241,09:48:16,$ 3451.41,100
242,09:48:14,$ 3451.3875,100
243,09:48:13,$ 3450.89,100
244,09:48:11,$ 3451.425,100
245,09:48:06,$ 3451.84,100
246,09:48:06,$ 3451.84,100
247,09:48:06,$ 3451.82,100
248,09:48:06,$ 3451.84,100
249,09:47:48,$ 3452.01,278
250,09:47:39,$ 3452.75,100
251,09:47:39,$ 3452.01,100
253,09:47:20,$ 3453.83,100
254,09:47:15,$ 3453.84,100
255,09:47:15,$ 3453.9998,200
256,09:47:08,$ 3454.08,144
257,09:47:08,$ 3454.8549,400
258,09:47:03,$ 3455.00,100
259,09:47:03,$ 3455.00,100
260,09:47:03,$ 3455.00,100
261,09:46:53,$ 3451.995,100
262,09:46:48,$ 3452.52,100
263,09:46:44,$ 3452.705,100
264,09:46:44,$ 3452.565,100
265,09:46:44,$ 3452.5575,100
266,09:46:44,$ 3452.565,100
267,09:46:41,$ 3453.96,100
268,09:46:40,$ 3453.40,100
269,09:46:33,$ 3452.5835,424
270,09:46:33,$ 3453.00,100
271,09:46:28,$ 3453.265,100
272,09:46:18,$ 3453.102,500
274,09:46:17,$ 3453.02,100
275,09:46:03,$ 3453.025,100
276,09:46:03,$ 3452.46,100
277,09:46:00,$ 3452.695,250
278,09:46:00,$ 3452.69,200
279,09:45:58,$ 3452.02,100
280,09:45:58,$ 3452.695,100
281,09:45:56,$ 3452.13,100
282,09:45:45,$ 3451.52,150
283,09:45:41,$ 3450.655,100
284,09:45:40,$ 3450.695,100
285,09:45:40,$ 3450.06,100
286,09:45:29,$ 3450.405,100
287,09:44:52,$ 3446.68,100
288,09:44:44,$ 3446.22,100
289,09:44:43,$ 3445.85,100
290,09:44:43,$ 3445.67,100
291,09:44:43,$ 3445.37,100
292,09:44:22,$ 3445.90,100
293,09:44:16,$ 3445.835,100
295,09:43:57,$ 3445.41,100
296,09:43:54,$ 3445.965,100
297,09:43:38,$ 3446.38,100
298,09:43:31,$ 3446.745,100
299,09:43:27,$ 3446.52,100
300,09:43:02,$ 3446.41,100
301,09:42:59,$ 3446.00,100
302,09:42:54,$ 3447.08,100
303,09:42:46,$ 3446.885,100
304,09:42:44,$ 3447.80,200
305,09:42:42,$ 3448.20,100
306,09:42:06,$ 3446.145,200
307,09:42:03,$ 3446.14,100
308,09:42:03,$ 3446.1532,"1,000"
309,09:41:50,$ 3445.57,100
310,09:41:50,$ 3444.875,100
311,09:41:14,$ 3446.45,100
312,09:41:11,$ 3446.01,100
313,09:41:11,$ 3446.00,100
314,09:41:11,$ 3446.08,100
316,09:41:11,$ 3446.43,100
317,09:41:11,$ 3447.01,100
318,09:41:03,$ 3446.83,112
319,09:40:57,$ 3446.97,100
320,09:40:57,$ 3446.875,100
321,09:40:53,$ 3446.30,100
322,09:40:53,$ 3446.15,100
323,09:40:52,$ 3446.81,100
324,09:40:40,$ 3448.99,100
325,09:40:39,$ 3449.875,100
326,09:40:39,$ 3449.57,100
327,09:40:36,$ 3450.6298,200
328,09:40:26,$ 3451.235,100
329,09:40:26,$ 3451.51,100
330,09:40:24,$ 3451.55,100
331,09:40:23,$ 3453.3075,100
332,09:40:19,$ 3453.705,100
333,09:40:07,$ 3453.48,100
334,09:40:05,$ 3454.87,100
335,09:40:04,$ 3451.93,100
337,09:40:04,$ 3453.10,100
338,09:39:46,$ 3449.9932,100
339,09:39:42,$ 3447.92,100
340,09:39:35,$ 3448.97,140
341,09:39:20,$ 3447.8751,326
342,09:39:20,$ 3447.66,100
343,09:39:17,$ 3448.70,100
344,09:39:09,$ 3449.71,100
345,09:39:09,$ 3450.08,100
346,09:39:08,$ 3449.29,100
347,09:39:08,$ 3449.29,100
348,09:39:08,$ 3449.29,100
349,09:38:57,$ 3449.095,100
350,09:38:50,$ 3450.51,100
351,09:38:50,$ 3450.8936,100
352,09:38:50,$ 3450.51,100
353,09:38:50,$ 3450.46,100
354,09:38:49,$ 3450.61,100
355,09:38:49,$ 3451.68,100
356,09:38:49,$ 3450.65,100
358,09:38:49,$ 3451.08,100
359,09:38:49,$ 3451.43,161
360,09:38:49,$ 3451.42,100
361,09:38:48,$ 3451.405,100
362,09:38:33,$ 3452.89,100
363,09:38:23,$ 3453.1365,946
364,09:38:00,$ 3455.0299,650
365,09:37:59,$ 3452.6811,100
366,09:37:57,$ 3455.49,100
367,09:37:57,$ 3455.49,100
368,09:37:57,$ 3455.49,100
369,09:37:50,$ 3454.84,100
370,09:37:42,$ 3455.29,100
371,09:37:39,$ 3454.8773,246
372,09:37:37,$ 3455.20,100
373,09:37:36,$ 3454.89,100
374,09:37:36,$ 3454.89,100
375,09:37:36,$ 3454.89,100
376,09:37:36,$ 3454.89,100
377,09:37:35,$ 3455.46,100
379,09:37:20,$ 3453.9947,100
380,09:37:20,$ 3454.285,100
381,09:37:09,$ 3454.46,100
382,09:36:54,$ 3454.25,100
383,09:36:53,$ 3454.13,100
384,09:36:53,$ 3454.31,100
385,09:36:53,$ 3454.32,133
386,09:36:46,$ 3453.6024,200
387,09:36:46,$ 3454.1995,100
388,09:36:44,$ 3454.395,100
389,09:36:39,$ 3455.00,100
390,09:36:39,$ 3454.00,100
391,09:36:39,$ 3453.89,220
392,09:36:35,$ 3452.13,100
393,09:36:32,$ 3452.47,100
394,09:36:31,$ 3451.49,100
395,09:36:27,$ 3452.3074,100
396,09:36:27,$ 3452.1973,300
397,09:36:26,$ 3452.12,100
398,09:36:26,$ 3451.365,100
400,09:36:26,$ 3451.85,100
401,09:36:17,$ 3450.245,100
402,09:36:13,$ 3451.085,100
403,09:36:09,$ 3451.00,"1,892"
404,09:36:04,$ 3450.285,100
405,09:36:03,$ 3451.075,200
406,09:35:58,$ 3451.065,100
407,09:35:50,$ 3448.82,100
408,09:35:33,$ 3449.30,100
409,09:35:27,$ 3449.575,100
410,09:35:20,$ 3449.465,100
411,09:35:18,$ 3448.6473,100
412,09:35:16,$ 3450.00,100
413,09:35:15,$ 3450.06,100
414,09:35:11,$ 3451.2969,200
415,09:35:10,$ 3451.98,100
416,09:35:05,$ 3451.00,100
417,09:35:00,$ 3452.29,100
418,09:34:58,$ 3450.10,100
419,09:34:53,$ 3449.15,100
421,09:34:51,$ 3449.85,100
422,09:34:51,$ 3450.00,175
423,09:34:51,$ 3449.15,200
424,09:34:41,$ 3448.94,100
425,09:34:41,$ 3447.8801,100
426,09:34:40,$ 3449.1496,100
427,09:34:37,$ 3449.27,100
428,09:34:37,$ 3450.00,237
429,09:34:37,$ 3450.00,140
430,09:34:37,$ 3449.42,200
431,09:34:37,$ 3449.42,200
432,09:34:37,$ 3450.00,100
433,09:34:35,$ 3447.84,100
434,09:34:35,$ 3447.84,200
435,09:34:32,$ 3447.00,228
436,09:34:30,$ 3446.3648,100
437,09:34:15,$ 3450.59,100
438,09:34:14,$ 3450.18,325
439,09:34:06,$ 3450.00,100
440,09:34:05,$ 3449.315,100
442,09:34:04,$ 3449.89,100
443,09:34:04,$ 3449.88,100
444,09:34:04,$ 3450.00,100
445,09:34:04,$ 3448.88,100
446,09:33:59,$ 3448.49,100
447,09:33:59,$ 3449.24,200
448,09:33:59,$ 3449.24,100
449,09:33:59,$ 3449.24,100
450,09:33:49,$ 3449.0907,200
451,09:33:40,$ 3449.645,100
452,09:33:40,$ 3449.4901,250
453,09:33:37,$ 3449.65,503
454,09:33:36,$ 3450.3124,"1,000"
455,09:33:36,$ 3449.65,500
456,09:33:35,$ 3449.4857,168
457,09:33:29,$ 3450.19,150
458,09:33:28,$ 3449.99,100
459,09:33:28,$ 3450.00,100
460,09:33:28,$ 3450.00,434
461,09:33:28,$ 3450.00,100
463,09:33:28,$ 3450.00,176
464,09:33:28,$ 3449.04,100
465,09:33:25,$ 3448.38,400
466,09:33:25,$ 3448.73,100
467,09:33:21,$ 3448.7453,"1,000"
468,09:33:20,$ 3447.4101,100
469,09:33:20,$ 3447.77,159
470,09:33:15,$ 3446.42,100
471,09:33:15,$ 3446.42,100
472,09:33:14,$ 3447.09,100
473,09:33:14,$ 3447.30,100
474,09:33:10,$ 3447.30,100
475,09:33:03,$ 3446.29,785
476,09:33:03,$ 3446.79,100
477,09:32:59,$ 3445.9021,100
478,09:32:57,$ 3445.57,100
479,09:32:57,$ 3446.7611,300
480,09:32:56,$ 3445.8864,800
481,09:32:56,$ 3446.89,100
482,09:32:52,$ 3445.55,100
484,09:32:52,$ 3445.09,100
485,09:32:50,$ 3446.3985,151
486,09:32:50,$ 3446.90,100
487,09:32:50,$ 3446.3985,443
488,09:32:50,$ 3446.3985,165
489,09:32:50,$ 3446.90,100
490,09:32:49,$ 3445.975,500
491,09:32:44,$ 3446.86,100
492,09:32:37,$ 3444.3246,100
493,09:32:37,$ 3443.75,100
494,09:32:29,$ 3442.98,100
495,09:32:29,$ 3442.979,100
496,09:32:29,$ 3441.84,200
497,09:32:29,$ 3442.979,200
498,09:32:23,$ 3441.845,100
499,09:32:21,$ 3442.00,106
500,09:32:19,$ 3440.91,100
501,09:32:19,$ 3441.42,100
502,09:32:19,$ 3440.98,100
503,09:32:19,$ 3440.98,368
505,09:32:19,$ 3440.97,100
506,09:32:12,$ 3440.00,749
507,09:32:12,$ 3439.976,100
508,09:32:11,$ 3440.00,331
509,09:32:11,$ 3440.00,100
510,09:32:11,$ 3440.00,185
511,09:32:11,$ 3440.00,100
512,09:32:09,$ 3438.0469,100
513,09:32:09,$ 3439.91,100
514,09:32:08,$ 3439.9899,100
515,09:32:08,$ 3440.9715,100
516,09:32:03,$ 3441.4616,125
517,09:32:03,$ 3441.4616,443
518,09:32:03,$ 3441.4616,371
519,09:31:49,$ 3438.00,100
520,09:31:48,$ 3437.99,100
521,09:31:48,$ 3437.0228,500
522,09:31:46,$ 3437.96,100
523,09:31:45,$ 3436.955,100
524,09:31:45,$ 3435.28,100
526,09:31:45,$ 3435.33,100
527,09:31:45,$ 3433.89,100
528,09:31:45,$ 3433.84,100
529,09:31:45,$ 3433.85,100
530,09:31:45,$ 3431.355,100
531,09:31:44,$ 3432.61,100
532,09:31:44,$ 3432.29,100
533,09:31:44,$ 3432.57,100
534,09:31:44,$ 3431.24,100
535,09:31:44,$ 3431.36,100
536,09:31:44,$ 3431.36,100
537,09:31:44,$ 3432.59,100
538,09:31:44,$ 3431.29,300
539,09:31:44,$ 3431.36,100
540,09:31:44,$ 3431.28,100
541,09:31:43,$ 3432.96,100
542,09:31:43,$ 3431.30,"1,000"
543,09:31:42,$ 3432.2964,100
544,09:31:42,$ 3433.905,100
545,09:31:42,$ 3431.372,110
547,09:31:42,$ 3433.51,100
548,09:31:42,$ 3433.00,900
549,09:31:42,$ 3433.00,"1,000"
550,09:31:42,$ 3433.00,140
551,09:31:42,$ 3433.00,100
552,09:31:42,$ 3433.505,100
553,09:31:41,$ 3434.00,100
554,09:31:23,$ 3436.145,100
555,09:31:16,$ 3438.38,100
556,09:31:16,$ 3438.42,100
557,09:31:16,$ 3438.43,100
558,09:31:16,$ 3435.4039,500
559,09:31:16,$ 3438.42,100
560,09:31:15,$ 3436.215,100
561,09:31:15,$ 3438.42,100
562,09:31:15,$ 3435.83,100
563,09:31:15,$ 3435.19,100
564,09:31:15,$ 3435.80,200
565,09:31:15,$ 3435.80,122
566,09:31:14,$ 3436.81,100
568,09:31:14,$ 3435.33,100
569,09:31:14,$ 3436.81,100
570,09:31:14,$ 3435.27,100
571,09:31:14,$ 3435.27,100
572,09:31:14,$ 3435.30,100
573,09:31:14,$ 3435.29,100
574,09:31:14,$ 3435.27,100
575,09:31:14,$ 3436.85,100
576,09:31:06,$ 3438.42,100
577,09:31:06,$ 3436.81,150
578,09:31:04,$ 3438.50,100
579,09:31:02,$ 3438.38,100
580,09:31:01,$ 3440.00,100
581,09:31:00,$ 3440.44,500
582,09:30:59,$ 3440.97,100
583,09:30:59,$ 3440.08,100
584,09:30:59,$ 3440.05,100
585,09:30:59,$ 3439.94,100
586,09:30:56,$ 3440.6662,171
587,09:30:56,$ 3440.7029,138
589,09:30:56,$ 3441.85,100
590,09:30:53,$ 3441.00,100
591,09:30:46,$ 3440.5512,500
592,09:30:45,$ 3439.23,100
593,09:30:32,$ 3438.80,100
594,09:30:21,$ 3436.9366,150
595,09:30:19,$ 3439.91,100
596,09:30:19,$ 3437.47,340
597,09:30:19,$ 3436.40,120
598,09:30:14,$ 3435.82,100
599,09:30:14,$ 3435.94,100
600,09:30:13,$ 3434.98,100
601,09:30:13,$ 3435.01,100
602,09:30:13,$ 3434.98,100
603,09:30:13,$ 3435.10,100
604,09:30:13,$ 3435.10,100
605,09:30:13,$ 3435.11,100
606,09:30:13,$ 3434.12,100
607,09:30:12,$ 3437.04,100
608,09:30:04,$ 3435.485,100
610,09:30:02,$ 3435.46,100
611,09:30:02,$ 3434.61,5
612,09:30:02,$ 3434.61,2
613,09:30:02,$ 3434.61,2
614,09:30:02,$ 3434.61,2
615,09:30:02,$ 3434.61,2
616,09:30:02,$ 3434.61,70
617,09:30:02,$ 3434.61,6
618,09:30:02,$ 3434.61,2
619,09:30:02,$ 3434.61,9
620,09:30:02,$ 3434.61,7
621,09:30:02,$ 3434.61,3
622,09:30:02,$ 3434.61,10
623,09:30:02,$ 3434.61,12
624,09:30:02,$ 3434.61,1
625,09:30:02,$ 3434.61,4
626,09:30:02,$ 3434.61,10
627,09:30:02,$ 3434.61,8
628,09:30:02,$ 3434.61,1
629,09:30:02,$ 3434.61,5
631,09:30:02,$ 3434.61,2
632,09:30:02,$ 3434.61,9
633,09:30:02,$ 3434.61,15
634,09:30:02,$ 3434.61,3
635,09:30:02,$ 3434.61,3
636,09:30:02,$ 3434.61,1
637,09:30:02,$ 3434.61,1
638,09:30:02,$ 3434.61,20
639,09:30:02,$ 3434.61,3
640,09:30:02,$ 3434.61,1
641,09:30:02,$ 3434.61,10
642,09:30:02,$ 3434.61,1
643,09:30:02,$ 3434.61,14
644,09:30:02,$ 3434.61,5
645,09:30:02,$ 3434.61,10
646,09:30:02,$ 3434.61,3
647,09:30:02,$ 3434.61,1
648,09:30:02,$ 3434.61,6
649,09:30:02,$ 3434.61,2
650,09:30:02,$ 3434.61,2
652,09:30:02,$ 3434.61,60
653,09:30:02,$ 3434.61,3
654,09:30:02,$ 3434.61,7
655,09:30:02,$ 3434.61,2
656,09:30:02,$ 3434.61,1
657,09:30:02,$ 3434.61,4
658,09:30:02,$ 3434.61,2
659,09:30:02,$ 3434.61,1
660,09:30:02,$ 3434.61,2
661,09:30:02,$ 3434.61,2
662,09:30:02,$ 3434.61,8
663,09:30:02,$ 3434.61,2
664,09:30:02,$ 3434.61,5
665,09:30:02,$ 3434.61,106
666,09:30:02,$ 3434.61,2
667,09:30:02,$ 3434.61,1
668,09:30:02,$ 3434.61,5
669,09:30:02,$ 3434.61,1
670,09:30:02,$ 3434.61,3
671,09:30:02,$ 3434.61,2
673,09:30:02,$ 3434.61,140
674,09:30:02,$ 3434.61,276
675,09:30:02,$ 3434.61,1
676,09:30:02,$ 3434.61,4
677,09:30:02,$ 3434.61,3
678,09:30:02,$ 3434.61,3
679,09:30:02,$ 3434.61,2
680,09:30:02,$ 3434.61,1
681,09:30:02,$ 3434.61,3
682,09:30:02,$ 3434.61,16
683,09:30:02,$ 3434.61,29
684,09:30:02,$ 3434.61,12
685,09:30:02,$ 3434.61,10
686,09:30:02,$ 3434.61,20
687,09:30:02,$ 3434.61,1
688,09:30:02,$ 3434.61,1
689,09:30:02,$ 3434.61,10
690,09:30:02,$ 3434.61,2
691,09:30:02,$ 3434.61,2
692,09:30:02,$ 3434.61,6
694,09:30:02,$ 3434.61,4
695,09:30:02,$ 3434.61,2
696,09:30:02,$ 3434.61,3
697,09:30:02,$ 3434.61,10
698,09:30:02,$ 3434.61,5
699,09:30:02,$ 3434.61,1
700,09:30:02,$ 3434.61,2
701,09:30:02,$ 3434.61,2
702,09:30:02,$ 3434.61,2
703,09:30:02,$ 3434.61,1
704,09:30:02,$ 3434.61,2
705,09:30:02,$ 3434.61,19
706,09:30:02,$ 3434.61,5
707,09:30:02,$ 3434.61,4
708,09:30:02,$ 3434.61,70
709,09:30:02,$ 3434.61,2
710,09:30:02,$ 3434.61,6
711,09:30:02,$ 3434.61,236
712,09:30:02,$ 3434.61,1
713,09:30:02,$ 3434.61,6
715,09:30:02,$ 3434.61,2
716,09:30:02,$ 3434.61,4
717,09:30:02,$ 3434.61,1
718,09:30:02,$ 3434.61,1
719,09:30:02,$ 3434.61,2
720,09:30:02,$ 3434.61,30
721,09:30:02,$ 3434.61,6
722,09:30:02,$ 3434.61,1
723,09:30:02,$ 3434.61,1
724,09:30:02,$ 3434.61,1
725,09:30:02,$ 3434.61,1
726,09:30:02,$ 3434.61,1
727,09:30:02,$ 3434.61,1
728,09:30:02,$ 3434.61,"2,000"
729,09:30:02,$ 3434.61,3
730,09:30:02,$ 3434.61,1
731,09:30:02,$ 3434.61,145
732,09:30:02,$ 3434.61,7
733,09:30:02,$ 3434.61,1
734,09:30:02,$ 3434.61,5
736,09:30:02,$ 3434.61,1
737,09:30:02,$ 3434.61,18
738,09:30:02,$ 3434.61,3
739,09:30:02,$ 3434.61,6
740,09:30:02,$ 3434.61,5
741,09:30:02,$ 3434.61,2
742,09:30:02,$ 3434.61,4
743,09:30:02,$ 3434.61,1
744,09:30:02,$ 3434.61,1
745,09:30:02,$ 3434.61,1
746,09:30:02,$ 3434.61,6
747,09:30:02,$ 3434.61,1
748,09:30:02,$ 3434.61,260
749,09:30:02,$ 3434.61,1
750,09:30:02,$ 3434.61,1
751,09:30:02,$ 3434.61,1
752,09:30:02,$ 3434.61,2
753,09:30:02,$ 3434.61,1
754,09:30:02,$ 3434.61,18
755,09:30:02,$ 3434.61,1
757,09:30:02,$ 3434.61,2
758,09:30:02,$ 3434.61,8
759,09:30:02,$ 3434.61,1
760,09:30:02,$ 3434.61,1
761,09:30:02,$ 3434.61,2
762,09:30:02,$ 3434.61,2
763,09:30:02,$ 3434.61,1
764,09:30:02,$ 3434.61,1
765,09:30:02,$ 3434.61,2
766,09:30:02,$ 3434.61,30
767,09:30:02,$ 3434.61,200
768,09:30:02,$ 3434.61,2
769,09:30:02,$ 3434.61,6
770,09:30:02,$ 3434.61,1
771,09:30:02,$ 3434.61,1
772,09:30:02,$ 3434.61,35
773,09:30:02,$ 3434.61,3
774,09:30:02,$ 3434.61,1
775,09:30:02,$ 3434.61,7
776,09:30:02,$ 3434.61,3
778,09:30:02,$ 3434.61,1
779,09:30:02,$ 3434.61,3
780,09:30:02,$ 3434.61,1
781,09:30:02,$ 3434.61,49
782,09:30:02,$ 3434.61,1
783,09:30:02,$ 3434.61,2
784,09:30:02,$ 3434.61,9
785,09:30:02,$ 3434.61,15
786,09:30:02,$ 3434.61,3
787,09:30:02,$ 3434.61,9
788,09:30:02,$ 3434.61,50
789,09:30:02,$ 3434.61,60
790,09:30:02,$ 3434.61,8
791,09:30:02,$ 3434.61,4
792,09:30:02,$ 3434.61,5
793,09:30:02,$ 3434.61,30
794,09:30:02,$ 3434.61,2
795,09:30:02,$ 3434.61,25
796,09:30:02,$ 3434.61,20
797,09:30:02,$ 3434.61,10
799,09:30:02,$ 3434.61,4
800,09:30:02,$ 3434.61,2
801,09:30:02,$ 3434.61,1
802,09:30:02,$ 3434.61,11
803,09:30:02,$ 3434.61,8
804,09:30:02,$ 3434.61,1
805,09:30:02,$ 3434.61,3
806,09:30:02,$ 3434.61,10
807,09:30:02,$ 3434.61,3
808,09:30:02,$ 3434.61,9
809,09:30:02,$ 3434.61,5
810,09:30:02,$ 3434.61,1
811,09:30:02,$ 3434.61,7
812,09:30:02,$ 3434.61,30
813,09:30:02,$ 3434.61,1
814,09:30:02,$ 3434.61,2
815,09:30:02,$ 3434.61,5
816,09:30:02,$ 3434.61,10
817,09:30:02,$ 3434.61,10
818,09:30:02,$ 3434.61,10
820,09:30:02,$ 3434.61,1
821,09:30:02,$ 3434.61,5
822,09:30:02,$ 3434.61,5
823,09:30:02,$ 3434.61,1
824,09:30:02,$ 3434.61,1
825,09:30:02,$ 3434.61,1
826,09:30:02,$ 3434.61,3
827,09:30:02,$ 3434.61,1
828,09:30:02,$ 3434.61,1
829,09:30:02,$ 3434.61,28
830,09:30:02,$ 3434.61,1
831,09:30:02,$ 3434.61,5
832,09:30:02,$ 3434.61,1
833,09:30:02,$ 3434.61,1
834,09:30:02,$ 3434.61,1
835,09:30:02,$ 3434.61,2
836,09:30:02,$ 3434.61,1
837,09:30:02,$ 3434.61,1
838,09:30:02,$ 3434.61,1
839,09:30:02,$ 3434.61,1
841,09:30:02,$ 3434.61,1
842,09:30:02,$ 3434.61,1
843,09:30:02,$ 3434.61,1
844,09:30:02,$ 3434.61,10
845,09:30:02,$ 3434.61,4
846,09:30:02,$ 3434.61,1
847,09:30:02,$ 3434.61,20
848,09:30:02,$ 3434.61,3
849,09:30:02,$ 3434.61,10
850,09:30:02,$ 3434.61,1
851,09:30:02,$ 3434.61,10
852,09:30:02,$ 3434.61,6
853,09:30:02,$ 3434.61,4
854,09:30:02,$ 3434.61,3
855,09:30:02,$ 3434.61,7
856,09:30:02,$ 3434.61,3
857,09:30:02,$ 3434.61,2
858,09:30:02,$ 3434.61,2
859,09:30:02,$ 3434.61,1
860,09:30:02,$ 3434.61,1
862,09:30:02,$ 3434.61,1
863,09:30:02,$ 3434.61,3
864,09:30:02,$ 3434.61,6
865,09:30:02,$ 3434.61,10
866,09:30:02,$ 3434.61,3
867,09:30:02,$ 3434.61,10
868,09:30:02,$ 3434.61,1
869,09:30:02,$ 3434.61,3
870,09:30:02,$ 3434.61,2
871,09:30:02,$ 3434.61,1
872,09:30:02,$ 3434.61,1
873,09:30:02,$ 3434.61,2
874,09:30:02,$ 3434.61,1
875,09:30:02,$ 3434.61,7
876,09:30:02,$ 3434.61,180
877,09:30:02,$ 3434.61,6
878,09:30:02,$ 3434.61,1
879,09:30:02,$ 3434.61,6
880,09:30:02,$ 3434.61,1
881,09:30:02,$ 3434.61,5
883,09:30:02,$ 3434.61,67
884,09:30:02,$ 3434.61,3
885,09:30:02,$ 3434.61,5
886,09:30:02,$ 3434.61,5
887,09:30:02,$ 3434.61,5
888,09:30:02,$ 3434.61,1
889,09:30:02,$ 3434.61,9
890,09:30:02,$ 3434.61,70
891,09:30:02,$ 3434.61,2
892,09:30:02,$ 3434.61,1
893,09:30:02,$ 3434.61,2
894,09:30:02,$ 3434.61,1
895,09:30:02,$ 3434.61,3
896,09:30:02,$ 3434.61,5
897,09:30:02,$ 3434.61,1
898,09:30:02,$ 3434.61,25
899,09:30:02,$ 3434.61,1
900,09:30:02,$ 3434.61,2
901,09:30:02,$ 3434.61,2
902,09:30:02,$ 3434.61,1
904,09:30:02,$ 3434.61,2
905,09:30:02,$ 3434.61,2
906,09:30:02,$ 3434.61,3
907,09:30:02,$ 3434.61,5
908,09:30:02,$ 3434.61,2
909,09:30:02,$ 3434.61,1
910,09:30:02,$ 3434.61,1
911,09:30:02,$ 3434.61,3
912,09:30:02,$ 3434.61,2
913,09:30:02,$ 3434.61,6
914,09:30:02,$ 3434.61,2
915,09:30:02,$ 3434.61,1
916,09:30:02,$ 3434.61,1
917,09:30:02,$ 3434.61,1
918,09:30:02,$ 3434.61,1
919,09:30:02,$ 3434.61,3
920,09:30:02,$ 3434.61,6
921,09:30:02,$ 3434.61,2
922,09:30:02,$ 3434.61,1
923,09:30:02,$ 3434.61,2
925,09:30:02,$ 3434.61,1
926,09:30:02,$ 3434.61,2
927,09:30:02,$ 3434.61,2
928,09:30:02,$ 3434.61,1
929,09:30:02,$ 3434.61,8
930,09:30:02,$ 3434.61,7
931,09:30:02,$ 3434.61,2
932,09:30:02,$ 3434.61,1
933,09:30:02,$ 3434.61,1
934,09:30:02,$ 3434.61,1
935,09:30:02,$ 3434.61,1
936,09:30:02,$ 3434.61,1
937,09:30:02,$ 3434.61,1
938,09:30:02,$ 3434.61,1
939,09:30:02,$ 3434.61,3
940,09:30:02,$ 3434.61,2
941,09:30:02,$ 3434.61,1
942,09:30:02,$ 3434.61,1
943,09:30:02,$ 3434.61,1
944,09:30:02,$ 3434.61,2
946,09:30:02,$ 3434.61,3
947,09:30:02,$ 3434.61,3
948,09:30:02,$ 3434.61,10
949,09:30:02,$ 3434.61,1
950,09:30:02,$ 3434.61,10
951,09:30:02,$ 3434.61,11
952,09:30:02,$ 3434.61,1
953,09:30:02,$ 3434.61,4
954,09:30:02,$ 3434.61,5
955,09:30:02,$ 3434.61,2
956,09:30:02,$ 3434.61,1
957,09:30:02,$ 3434.61,1
958,09:30:02,$ 3434.61,1
959,09:30:02,$ 3434.61,1
960,09:30:02,$ 3434.61,2
961,09:30:02,$ 3434.61,1
962,09:30:02,$ 3434.61,4
963,09:30:02,$ 3434.61,1
964,09:30:02,$ 3434.61,1
965,09:30:02,$ 3434.61,1
967,09:30:02,$ 3434.61,2
968,09:30:02,$ 3434.61,2
969,09:30:02,$ 3434.61,2
970,09:30:02,$ 3434.61,1
971,09:30:02,$ 3434.61,6
972,09:30:02,$ 3434.61,3
973,09:30:02,$ 3434.61,50
974,09:30:02,$ 3434.61,1
975,09:30:02,$ 3434.61,2
976,09:30:02,$ 3434.61,10
977,09:30:02,$ 3434.61,1
978,09:30:02,$ 3434.61,2
979,09:30:02,$ 3434.61,1
980,09:30:02,$ 3434.61,1
981,09:30:02,$ 3434.61,1
982,09:30:02,$ 3434.61,24
983,09:30:02,$ 3434.61,3
984,09:30:02,$ 3434.61,1
985,09:30:02,$ 3434.61,2
986,09:30:02,$ 3434.61,5
988,09:30:02,$ 3434.61,10
989,09:30:02,$ 3434.61,2
990,09:30:02,$ 3434.61,2
991,09:30:02,$ 3434.61,1
992,09:30:02,$ 3434.61,1
993,09:30:02,$ 3434.61,10
994,09:30:02,$ 3434.61,3
995,09:30:02,$ 3434.61,1
996,09:30:02,$ 3434.61,3
997,09:30:02,$ 3434.61,1
998,09:30:02,$ 3434.61,1
999,09:30:02,$ 3434.61,1
1000,09:30:02,$ 3434.61,5
1001,09:30:02,$ 3434.61,11
1002,09:30:02,$ 3434.61,3
1003,09:30:02,$ 3434.61,6
1004,09:30:02,$ 3434.61,4
1005,09:30:02,$ 3434.61,25
1006,09:30:02,$ 3434.61,5
1007,09:30:02,$ 3434.61,2
1009,09:30:02,$ 3434.61,4
1010,09:30:02,$ 3434.61,51
1011,09:30:02,$ 3434.61,5
1012,09:30:02,$ 3434.61,1
1013,09:30:02,$ 3434.61,2
1014,09:30:02,$ 3434.61,7
1015,09:30:02,$ 3434.61,5
1016,09:30:02,$ 3434.61,6
1017,09:30:02,$ 3434.61,2
1018,09:30:02,$ 3434.61,1
1019,09:30:02,$ 3434.61,1
1020,09:30:02,$ 3434.61,3
1021,09:30:02,$ 3434.61,25
1022,09:30:02,$ 3434.61,41
1023,09:30:02,$ 3434.61,68
1024,09:30:02,$ 3434.61,1
1025,09:30:02,$ 3434.61,1
1026,09:30:02,$ 3434.61,10
1027,09:30:02,$ 3434.61,45
1028,09:30:02,$ 3434.61,1
1030,09:30:02,$ 3434.61,11
1031,09:30:02,$ 3434.61,81
1032,09:30:02,$ 3434.61,5
1033,09:30:02,$ 3434.61,4
1034,09:30:02,$ 3434.61,5
1035,09:30:02,$ 3434.61,3
1036,09:30:02,$ 3434.61,5
1037,09:30:02,$ 3434.61,2
1038,09:30:02,$ 3434.61,4
1039,09:30:02,$ 3434.61,2
1040,09:30:02,$ 3434.61,2
1041,09:30:02,$ 3434.61,3
1042,09:30:02,$ 3434.61,1
1043,09:30:02,$ 3434.61,73
1044,09:30:02,$ 3434.61,4
1045,09:30:02,$ 3434.61,1
1046,09:30:02,$ 3434.61,1
1047,09:30:02,$ 3434.61,1
1048,09:30:02,$ 3434.61,6
1049,09:30:02,$ 3434.61,1
1051,09:30:02,$ 3434.61,12
1052,09:30:02,$ 3434.61,13
1053,09:30:02,$ 3434.61,8
1054,09:30:02,$ 3434.61,1
1055,09:30:02,$ 3434.61,10
1056,09:30:02,$ 3434.61,3
1057,09:30:02,$ 3434.61,30
1058,09:30:02,$ 3434.61,1
1059,09:30:02,$ 3434.61,2
1060,09:30:02,$ 3434.61,5
1061,09:30:02,$ 3434.61,1
1062,09:30:02,$ 3434.61,1
1063,09:30:02,$ 3434.61,1
1064,09:30:02,$ 3434.61,2
1065,09:30:02,$ 3434.61,3
1066,09:30:02,$ 3434.61,4
1067,09:30:02,$ 3434.61,1
1068,09:30:02,$ 3434.61,1
1069,09:30:02,$ 3434.61,10
1070,09:30:02,$ 3434.61,2
1072,09:30:02,$ 3434.61,10
1073,09:30:02,$ 3434.61,2
1074,09:30:02,$ 3434.61,5
1075,09:30:02,$ 3434.61,1
1076,09:30:02,$ 3434.61,1
1077,09:30:02,$ 3434.61,2
1078,09:30:02,$ 3434.61,3
1079,09:30:02,$ 3434.61,4
1080,09:30:02,$ 3434.61,1
1081,09:30:02,$ 3434.61,1
1082,09:30:02,$ 3434.61,10
1083,09:30:02,$ 3434.61,5
1084,09:30:02,$ 3434.61,1
1085,09:30:02,$ 3434.61,2
1086,09:30:02,$ 3434.61,4
1087,09:30:02,$ 3434.61,1
1088,09:30:02,$ 3434.61,2
1089,09:30:02,$ 3434.61,1
1090,09:30:02,$ 3434.61,1
1091,09:30:02,$ 3434.61,29
1093,09:30:02,$ 3434.61,3
1094,09:30:02,$ 3434.61,4
1095,09:30:02,$ 3434.61,10
1096,09:30:02,$ 3434.61,1
1097,09:30:02,$ 3434.61,2
1098,09:30:02,$ 3434.61,11
1099,09:30:02,$ 3434.61,1
1100,09:30:02,$ 3434.61,1
1101,09:30:02,$ 3434.61,1
1102,09:30:02,$ 3434.61,1
1103,09:30:02,$ 3434.61,2
1104,09:30:02,$ 3434.61,10
1105,09:30:02,$ 3434.61,2
1106,09:30:02,$ 3434.61,2
1107,09:30:02,$ 3434.61,10
1108,09:30:02,$ 3434.61,1
1109,09:30:02,$ 3434.61,1
1110,09:30:02,$ 3434.61,1
1111,09:30:02,$ 3434.61,1
1112,09:30:02,$ 3434.61,1
1114,09:30:02,$ 3434.61,7
1115,09:30:02,$ 3434.61,3
1116,09:30:02,$ 3434.61,5
1117,09:30:02,$ 3434.61,2
1118,09:30:02,$ 3434.61,1
1119,09:30:02,$ 3434.61,3
1120,09:30:02,$ 3434.61,12
1121,09:30:02,$ 3434.61,1
1122,09:30:02,$ 3434.61,3
1123,09:30:02,$ 3434.61,3
1124,09:30:02,$ 3434.61,1
1125,09:30:02,$ 3434.61,1
1126,09:30:02,$ 3434.61,1
1127,09:30:02,$ 3434.61,1
1128,09:30:02,$ 3434.61,1
1129,09:30:02,$ 3434.61,13
1130,09:30:02,$ 3434.61,3
1131,09:30:02,$ 3434.61,1
1132,09:30:02,$ 3434.61,1
1133,09:30:02,$ 3434.61,1
1135,09:30:02,$ 3434.61,5
1136,09:30:02,$ 3434.61,10
1137,09:30:02,$ 3434.61,2
1138,09:30:02,$ 3434.61,1
1139,09:30:02,$ 3434.61,5
1140,09:30:02,$ 3434.61,10
1141,09:30:02,$ 3434.61,5
1142,09:30:02,$ 3434.61,3
1143,09:30:02,$ 3434.61,2
1144,09:30:02,$ 3434.61,2
1145,09:30:02,$ 3434.61,1
1146,09:30:02,$ 3434.61,2
1147,09:30:02,$ 3434.61,2
1148,09:30:02,$ 3434.61,2
1149,09:30:02,$ 3434.61,3
1150,09:30:02,$ 3434.61,17
1151,09:30:02,$ 3434.61,151
1152,09:30:02,$ 3434.61,5
1153,09:30:02,$ 3434.61,1
1154,09:30:02,$ 3434.61,5
1156,09:30:02,$ 3434.61,60
1157,09:30:02,$ 3434.61,29
1158,09:30:02,$ 3434.61,6
1159,09:30:02,$ 3434.61,3
1160,09:30:02,$ 3434.61,1
1161,09:30:02,$ 3434.61,16
1162,09:30:02,$ 3434.61,3
1163,09:30:02,$ 3434.61,5
1164,09:30:02,$ 3434.61,22
1165,09:30:02,$ 3434.61,6
1166,09:30:02,$ 3434.61,1
1167,09:30:02,$ 3434.61,12
1168,09:30:02,$ 3434.61,2
1169,09:30:02,$ 3434.61,1
1170,09:30:02,$ 3434.61,1
1171,09:30:02,$ 3434.61,10
1172,09:30:02,$ 3434.61,1
1173,09:30:02,$ 3434.61,1
1174,09:30:02,$ 3434.61,1
1175,09:30:02,$ 3434.61,15
1177,09:30:02,$ 3434.61,1
1178,09:30:02,$ 3434.61,10
1179,09:30:02,$ 3434.61,4
1180,09:30:02,$ 3434.61,1
1181,09:30:02,$ 3434.61,1
1182,09:30:02,$ 3434.61,130
1183,09:30:02,$ 3434.61,2
1184,09:30:02,$ 3434.61,1
1185,09:30:02,$ 3434.61,5
1186,09:30:02,$ 3434.61,4
1187,09:30:02,$ 3434.61,2
1188,09:30:02,$ 3434.61,1
1189,09:30:02,$ 3434.61,1
1190,09:30:02,$ 3434.61,12
1191,09:30:02,$ 3434.61,123
1192,09:30:02,$ 3434.61,2
1193,09:30:02,$ 3434.61,1
1194,09:30:02,$ 3434.61,1
1195,09:30:02,$ 3434.61,1
1196,09:30:02,$ 3434.61,33
1198,09:30:02,$ 3434.61,1
1199,09:30:02,$ 3434.61,1
1200,09:30:02,$ 3434.61,1
1201,09:30:02,$ 3434.61,1
1202,09:30:02,$ 3434.61,15
1203,09:30:02,$ 3434.61,5
1204,09:30:02,$ 3434.61,5
1205,09:30:02,$ 3434.61,3
1206,09:30:02,$ 3434.61,14
1207,09:30:02,$ 3434.61,17
1208,09:30:02,$ 3434.61,7
1209,09:30:02,$ 3434.61,5
1210,09:30:02,$ 3434.61,2
1211,09:30:02,$ 3434.61,1
1212,09:30:02,$ 3434.61,1
1213,09:30:02,$ 3434.61,1
1214,09:30:02,$ 3434.61,5
1215,09:30:02,$ 3434.61,1
1216,09:30:02,$ 3434.61,2
1217,09:30:02,$ 3434.61,1
1219,09:30:02,$ 3434.61,2
1220,09:30:02,$ 3434.61,1
1221,09:30:02,$ 3434.61,2
1222,09:30:02,$ 3434.61,5
1223,09:30:02,$ 3434.61,1
1224,09:30:02,$ 3434.61,1
1225,09:30:02,$ 3434.61,1
1226,09:30:02,$ 3434.61,3
1227,09:30:02,$ 3434.61,1
1228,09:30:02,$ 3434.61,2
1229,09:30:02,$ 3434.61,10
1230,09:30:02,$ 3434.61,30
1231,09:30:02,$ 3434.61,16
1232,09:30:02,$ 3434.61,1
1233,09:30:02,$ 3434.61,1
1234,09:30:02,$ 3434.61,1
1235,09:30:02,$ 3434.61,2
1236,09:30:02,$ 3434.61,1
1237,09:30:02,$ 3434.61,1
1238,09:30:02,$ 3434.61,1
1240,09:30:02,$ 3434.61,1
1241,09:30:02,$ 3434.61,1
1242,09:30:02,$ 3434.61,1
1243,09:30:02,$ 3434.61,1
1244,09:30:02,$ 3434.61,1
1245,09:30:02,$ 3434.61,6
1246,09:30:02,$ 3434.61,5
1247,09:30:02,$ 3434.61,1
1248,09:30:02,$ 3434.61,6
1249,09:30:02,$ 3434.61,1
1250,09:30:02,$ 3434.61,1
1251,09:30:02,$ 3434.61,7
1252,09:30:02,$ 3434.61,2
1253,09:30:02,$ 3434.61,1
1254,09:30:02,$ 3434.61,1
1255,09:30:02,$ 3434.61,2
1256,09:30:02,$ 3434.61,1
1257,09:30:02,$ 3434.61,1
1258,09:30:02,$ 3434.61,1
1259,09:30:02,$ 3434.61,1
1261,09:30:02,$ 3434.61,2
1262,09:30:02,$ 3434.61,1
1263,09:30:02,$ 3434.61,14
1264,09:30:02,$ 3434.61,5
1265,09:30:02,$ 3434.61,1
1266,09:30:02,$ 3434.61,2
1267,09:30:02,$ 3434.61,5
1268,09:30:02,$ 3434.61,1
1269,09:30:02,$ 3434.61,4
1270,09:30:02,$ 3434.61,3
1271,09:30:02,$ 3434.61,5
1272,09:30:02,$ 3434.61,12
1273,09:30:02,$ 3434.61,1
1274,09:30:02,$ 3434.61,2
1275,09:30:02,$ 3434.61,7
1276,09:30:02,$ 3434.61,4
1277,09:30:02,$ 3434.61,5
1278,09:30:02,$ 3434.61,4
1279,09:30:02,$ 3434.61,10
1280,09:30:02,$ 3434.61,3
1282,09:30:02,$ 3434.61,4
1283,09:30:02,$ 3434.61,5
1284,09:30:02,$ 3434.61,1
1285,09:30:02,$ 3434.61,9
1286,09:30:02,$ 3434.61,7
1287,09:30:02,$ 3434.61,55
1288,09:30:02,$ 3434.61,1
1289,09:30:02,$ 3434.61,5
1290,09:30:02,$ 3434.61,35
1291,09:30:02,$ 3434.61,1
1292,09:30:02,$ 3434.61,15
1293,09:30:02,$ 3434.61,5
1294,09:30:02,$ 3434.61,5
1295,09:30:02,$ 3434.61,3
1296,09:30:02,$ 3434.61,90
1297,09:30:02,$ 3434.61,17
1298,09:30:02,$ 3434.61,30
1299,09:30:02,$ 3434.61,4
1300,09:30:02,$ 3434.61,5
1301,09:30:02,$ 3434.61,3
1303,09:30:02,$ 3434.61,6
1304,09:30:02,$ 3434.61,33
1305,09:30:02,$ 3434.61,5
1306,09:30:02,$ 3434.61,1
1307,09:30:02,$ 3434.61,5
1308,09:30:02,$ 3434.61,1
1309,09:30:02,$ 3434.61,1
1310,09:30:02,$ 3434.61,15
1311,09:30:02,$ 3434.61,2
1312,09:30:02,$ 3434.61,35
1313,09:30:02,$ 3434.61,10
1314,09:30:02,$ 3434.61,60
1315,09:30:02,$ 3434.61,2
1316,09:30:02,$ 3434.61,2
1317,09:30:02,$ 3434.61,5
1318,09:30:02,$ 3434.61,4
1319,09:30:02,$ 3434.61,1
1320,09:30:02,$ 3434.61,3
1321,09:30:02,$ 3434.61,1
1322,09:30:02,$ 3434.61,2
1324,09:30:02,$ 3434.61,9
1325,09:30:02,$ 3434.61,1
1326,09:30:02,$ 3434.61,1
1327,09:30:02,$ 3434.61,106
1328,09:30:02,$ 3434.61,2
1329,09:30:02,$ 3434.61,54
1330,09:30:02,$ 3434.61,4
1331,09:30:02,$ 3434.61,6
1332,09:30:02,$ 3434.61,17
1333,09:30:02,$ 3434.61,1
1334,09:30:02,$ 3434.61,1
1335,09:30:02,$ 3434.61,9
1336,09:30:02,$ 3434.61,10
1337,09:30:02,$ 3434.61,2
1338,09:30:02,$ 3434.61,6
1339,09:30:02,$ 3434.61,19
1340,09:30:02,$ 3434.61,1
1341,09:30:02,$ 3434.61,1
1342,09:30:02,$ 3434.61,20
1343,09:30:02,$ 3434.61,258
1345,09:30:02,$ 3434.61,5
1346,09:30:02,$ 3434.61,2
1347,09:30:02,$ 3434.61,3
1348,09:30:02,$ 3434.61,2
1349,09:30:02,$ 3434.61,4
1350,09:30:02,$ 3434.61,5
1351,09:30:02,$ 3434.61,5
1352,09:30:02,$ 3434.61,1
1353,09:30:02,$ 3434.61,6
1354,09:30:02,$ 3434.61,1
1355,09:30:02,$ 3434.61,5
1356,09:30:02,$ 3434.61,3
1357,09:30:02,$ 3434.61,1
1358,09:30:02,$ 3434.61,15
1359,09:30:02,$ 3434.61,1
1360,09:30:02,$ 3434.61,2
1361,09:30:02,$ 3434.61,1
1362,09:30:02,$ 3434.61,1
1363,09:30:02,$ 3434.61,1
1364,09:30:02,$ 3434.61,2
1366,09:30:02,$ 3434.61,58
1367,09:30:02,$ 3434.61,2
1368,09:30:02,$ 3434.61,17
1369,09:30:02,$ 3434.61,10
1370,09:30:02,$ 3434.61,9
1371,09:30:02,$ 3434.61,20
1372,09:30:02,$ 3434.61,1
1373,09:30:02,$ 3434.61,1
1374,09:30:02,$ 3434.61,1
1375,09:30:02,$ 3434.61,3
1376,09:30:02,$ 3434.61,1
1377,09:30:02,$ 3434.61,3
1378,09:30:02,$ 3434.61,3
1379,09:30:02,$ 3434.61,100
1380,09:30:02,$ 3434.61,1
1381,09:30:02,$ 3434.61,1
1382,09:30:02,$ 3434.61,1
1383,09:30:02,$ 3434.61,1
1384,09:30:02,$ 3434.61,1
1385,09:30:02,$ 3434.61,1
1387,09:30:02,$ 3434.61,2
1388,09:30:02,$ 3434.61,1
1389,09:30:02,$ 3434.61,1
1390,09:30:02,$ 3434.61,1
1391,09:30:02,$ 3434.61,1
1392,09:30:02,$ 3434.61,1
1393,09:30:02,$ 3434.61,3
1394,09:30:02,$ 3434.61,3
1395,09:30:02,$ 3434.61,2
1396,09:30:02,$ 3434.61,3
1397,09:30:02,$ 3434.61,1
1398,09:30:02,$ 3434.61,1
1399,09:30:02,$ 3434.61,1
1400,09:30:02,$ 3434.61,3
1401,09:30:02,$ 3434.61,9
1402,09:30:02,$ 3434.61,10
1403,09:30:02,$ 3434.61,2
1404,09:30:02,$ 3434.61,25
1405,09:30:02,$ 3434.61,200
1406,09:30:02,$ 3434.61,1
1408,09:30:02,$ 3434.61,1
1409,09:30:02,$ 3434.61,1
1410,09:30:02,$ 3434.61,1
1411,09:30:02,$ 3434.61,2
1412,09:30:02,$ 3434.61,1
1413,09:30:02,$ 3434.61,5
1414,09:30:02,$ 3434.61,100
1415,09:30:02,$ 3434.61,4
1416,09:30:02,$ 3434.61,10
1417,09:30:02,$ 3434.61,1
1418,09:30:02,$ 3434.61,1
1419,09:30:02,$ 3434.61,10
1420,09:30:02,$ 3434.61,1
1421,09:30:02,$ 3434.61,2
1422,09:30:02,$ 3434.61,8
1423,09:30:02,$ 3434.61,1
1424,09:30:02,$ 3434.61,10
1425,09:30:02,$ 3434.61,6
1426,09:30:02,$ 3434.61,3
1427,09:30:02,$ 3434.61,2
1429,09:30:02,$ 3434.61,343
1430,09:30:02,$ 3434.61,1
1431,09:30:02,$ 3434.61,3
1432,09:30:02,$ 3434.61,3
1433,09:30:02,$ 3434.61,1
1434,09:30:02,$ 3434.61,1
1435,09:30:02,$ 3434.61,16
1436,09:30:02,$ 3434.61,1
1437,09:30:02,$ 3434.61,1
1438,09:30:02,$ 3434.61,3
1439,09:30:02,$ 3434.61,2
1440,09:30:02,$ 3434.61,5
1441,09:30:02,$ 3434.61,9
1442,09:30:02,$ 3434.61,1
1443,09:30:02,$ 3434.61,2
1444,09:30:02,$ 3434.61,10
1445,09:30:02,$ 3434.61,1
1446,09:30:02,$ 3434.61,250
1447,09:30:02,$ 3434.61,1
1448,09:30:02,$ 3434.61,10
1450,09:30:02,$ 3434.61,1
1451,09:30:02,$ 3434.61,10
1452,09:30:02,$ 3434.61,5
1453,09:30:02,$ 3434.61,2
1454,09:30:02,$ 3434.61,4
1455,09:30:02,$ 3434.61,1
1456,09:30:02,$ 3434.61,1
1457,09:30:02,$ 3434.61,3
1458,09:30:02,$ 3434.61,160
1459,09:30:02,$ 3434.61,1
1460,09:30:02,$ 3434.61,92
1461,09:30:02,$ 3434.61,1
1462,09:30:02,$ 3434.61,3
1463,09:30:02,$ 3434.61,10
1464,09:30:02,$ 3434.61,3
1465,09:30:02,$ 3434.61,15
1466,09:30:02,$ 3434.61,10
1467,09:30:02,$ 3434.61,1
1468,09:30:02,$ 3434.61,1
1469,09:30:02,$ 3434.61,2
1471,09:30:02,$ 3434.61,5
1472,09:30:02,$ 3434.61,9
1473,09:30:02,$ 3434.61,5
1474,09:30:02,$ 3434.61,1
1475,09:30:02,$ 3434.61,1
1476,09:30:02,$ 3434.61,3
1477,09:30:02,$ 3434.61,1
1478,09:30:02,$ 3434.61,5
1479,09:30:02,$ 3434.61,1
1480,09:30:02,$ 3434.61,10
1481,09:30:02,$ 3434.61,1
1482,09:30:02,$ 3434.61,4
1483,09:30:02,$ 3434.61,1
1484,09:30:02,$ 3434.61,10
1485,09:30:02,$ 3434.61,2
1486,09:30:02,$ 3434.61,1
1487,09:30:02,$ 3434.61,1
1488,09:30:02,$ 3434.61,3
1489,09:30:02,$ 3434.61,1
1490,09:30:02,$ 3434.61,1
1492,09:30:02,$ 3434.61,1
1493,09:30:02,$ 3434.61,500
1494,09:30:02,$ 3434.61,1
1495,09:30:02,$ 3434.61,10
1496,09:30:02,$ 3434.61,10
1497,09:30:02,$ 3434.61,3
1498,09:30:02,$ 3434.61,2
1499,09:30:02,$ 3434.61,1
1500,09:30:02,$ 3434.61,1
1501,09:30:02,$ 3434.61,1
1502,09:30:02,$ 3434.61,1
1503,09:30:02,$ 3434.61,1
1504,09:30:02,$ 3434.61,1
1505,09:30:02,$ 3434.61,2
1506,09:30:02,$ 3434.61,6
1507,09:30:02,$ 3434.61,4
1508,09:30:02,$ 3434.61,1
1509,09:30:02,$ 3434.61,5
1510,09:30:02,$ 3434.61,1
1511,09:30:02,$ 3434.61,1
1513,09:30:02,$ 3434.61,1
1514,09:30:02,$ 3434.61,15
1515,09:30:02,$ 3434.61,1
1516,09:30:02,$ 3434.61,2
1517,09:30:02,$ 3434.61,10
1518,09:30:02,$ 3434.61,1
1519,09:30:02,$ 3434.61,1
1520,09:30:02,$ 3434.61,1
1521,09:30:02,$ 3434.61,2
1522,09:30:02,$ 3434.61,1
1523,09:30:02,$ 3434.61,4
1524,09:30:02,$ 3434.61,10
1525,09:30:02,$ 3434.61,5
1526,09:30:02,$ 3434.61,3
1527,09:30:02,$ 3434.61,29
1528,09:30:02,$ 3434.61,30
1529,09:30:02,$ 3434.61,1
1530,09:30:02,$ 3434.61,1
1531,09:30:02,$ 3434.61,1
1532,09:30:02,$ 3434.61,2
1534,09:30:02,$ 3434.61,4
1535,09:30:02,$ 3434.61,1
1536,09:30:02,$ 3434.61,1
1537,09:30:02,$ 3434.61,3
1538,09:30:02,$ 3434.61,1
1539,09:30:02,$ 3434.61,9
1540,09:30:02,$ 3434.61,1
1541,09:30:02,$ 3434.61,1
1542,09:30:02,$ 3434.61,50
1543,09:30:02,$ 3434.61,1
1544,09:30:02,$ 3434.61,15
1545,09:30:02,$ 3434.61,5
1546,09:30:02,$ 3434.61,1
1547,09:30:02,$ 3434.61,10
1548,09:30:02,$ 3434.61,1
1549,09:30:02,$ 3434.61,1
1550,09:30:02,$ 3434.61,3
1551,09:30:02,$ 3434.61,21
1552,09:30:02,$ 3434.61,29
1553,09:30:02,$ 3434.61,13
1555,09:30:02,$ 3434.61,8
1556,09:30:02,$ 3434.61,10
1557,09:30:02,$ 3434.61,5
1558,09:30:02,$ 3434.61,5
1559,09:30:02,$ 3434.61,1
1560,09:30:02,$ 3434.61,1
1561,09:30:02,$ 3434.61,2
1562,09:30:02,$ 3434.61,10
1563,09:30:02,$ 3434.61,2
1564,09:30:02,$ 3434.61,3
1565,09:30:02,$ 3434.61,1
1566,09:30:02,$ 3434.61,1
1567,09:30:02,$ 3434.61,119
1568,09:30:02,$ 3434.61,1
1569,09:30:02,$ 3434.61,1
1570,09:30:02,$ 3434.61,1
1571,09:30:02,$ 3434.61,2
1572,09:30:02,$ 3434.61,4
1573,09:30:02,$ 3434.61,3
1574,09:30:02,$ 3434.61,2
1576,09:30:02,$ 3434.61,13
1577,09:30:02,$ 3434.61,2
1578,09:30:02,$ 3434.61,6
1579,09:30:02,$ 3434.61,103
1580,09:30:02,$ 3434.61,3
1581,09:30:02,$ 3434.61,2
1582,09:30:02,$ 3434.61,100
1583,09:30:02,$ 3434.61,1
1584,09:30:02,$ 3434.61,15
1585,09:30:02,$ 3434.61,17
1586,09:30:02,$ 3434.61,1
1587,09:30:02,$ 3434.61,1
1588,09:30:02,$ 3434.61,2
1589,09:30:02,$ 3434.61,1
1590,09:30:02,$ 3434.61,2
1591,09:30:02,$ 3434.61,10
1592,09:30:02,$ 3434.61,2
1593,09:30:02,$ 3434.61,1
1594,09:30:02,$ 3434.61,1
1595,09:30:02,$ 3434.61,3
1597,09:30:02,$ 3434.61,29
1598,09:30:02,$ 3434.61,81
1599,09:30:02,$ 3434.61,81
1600,09:30:02,$ 3434.61,81
1601,09:30:02,$ 3434.61,43
1602,09:30:02,$ 3434.61,5
1603,09:30:02,$ 3434.61,1
1604,09:30:02,$ 3434.61,1
1605,09:30:02,$ 3434.61,1
1606,09:30:02,$ 3434.61,1
1607,09:30:02,$ 3434.61,10
1608,09:30:02,$ 3434.61,81
1609,09:30:02,$ 3434.61,15
1610,09:30:02,$ 3434.61,77
1611,09:30:02,$ 3434.61,3
1612,09:30:02,$ 3434.61,1
1613,09:30:02,$ 3434.61,3
1614,09:30:02,$ 3434.61,18
1615,09:30:02,$ 3434.61,1
1616,09:30:02,$ 3434.61,5
1618,09:30:02,$ 3434.61,39
1619,09:30:02,$ 3434.61,1
1620,09:30:02,$ 3434.61,1
1621,09:30:02,$ 3434.61,3
1622,09:30:02,$ 3434.61,1
1623,09:30:02,$ 3434.61,10
1624,09:30:02,$ 3434.61,80
1625,09:30:02,$ 3434.61,1
1626,09:30:02,$ 3434.61,1
1627,09:30:02,$ 3434.61,13
1628,09:30:02,$ 3434.61,5
1629,09:30:02,$ 3434.61,1
1630,09:30:02,$ 3434.61,2
1631,09:30:02,$ 3434.61,1
1632,09:30:02,$ 3434.61,1
1633,09:30:02,$ 3434.61,1
1634,09:30:02,$ 3434.61,1
1635,09:30:02,$ 3434.61,1
1636,09:30:02,$ 3434.61,4
1637,09:30:02,$ 3434.61,1
1639,09:30:02,$ 3434.61,5
1640,09:30:02,$ 3434.61,2
1641,09:30:02,$ 3434.61,1
1642,09:30:02,$ 3434.61,1
1643,09:30:02,$ 3434.61,3
1644,09:30:02,$ 3434.61,1
1645,09:30:02,$ 3434.61,18
1646,09:30:02,$ 3434.61,1
1647,09:30:02,$ 3434.61,122
1648,09:30:02,$ 3434.61,3
1649,09:30:02,$ 3434.61,2
1650,09:30:02,$ 3434.61,1
1651,09:30:02,$ 3434.61,3
1652,09:30:02,$ 3434.61,5
1653,09:30:02,$ 3434.61,1
1654,09:30:02,$ 3434.61,1
1655,09:30:02,$ 3434.61,1
1656,09:30:02,$ 3434.61,1
1657,09:30:02,$ 3434.61,1
1658,09:30:02,$ 3434.61,2
1660,09:30:02,$ 3434.61,10
1661,09:30:02,$ 3434.61,1
1662,09:30:02,$ 3434.61,2
1663,09:30:02,$ 3434.61,3
1664,09:30:02,$ 3434.61,5
1665,09:30:02,$ 3434.61,1
1666,09:30:02,$ 3434.61,1
1667,09:30:02,$ 3434.61,10
1668,09:30:02,$ 3434.61,1
1669,09:30:02,$ 3434.61,2
1670,09:30:02,$ 3434.61,1
1671,09:30:02,$ 3434.61,1
1672,09:30:02,$ 3434.61,1
1673,09:30:02,$ 3434.61,4
1674,09:30:02,$ 3434.61,1
1675,09:30:02,$ 3434.61,1
1676,09:30:02,$ 3434.61,100
1677,09:30:02,$ 3434.61,2
1678,09:30:02,$ 3434.61,1
1679,09:30:02,$ 3434.61,18
1681,09:30:02,$ 3434.61,173
1682,09:30:02,$ 3434.61,2
1683,09:30:02,$ 3434.61,1
1684,09:30:02,$ 3434.61,1
1685,09:30:02,$ 3434.61,188
1686,09:30:02,$ 3434.61,100
1687,09:30:02,$ 3434.61,1
1688,09:30:02,$ 3434.61,4
1689,09:30:02,$ 3434.61,1
1690,09:30:02,$ 3434.61,2
1691,09:30:02,$ 3434.61,4
1692,09:30:02,$ 3434.61,1
1693,09:30:02,$ 3434.61,1
1694,09:30:02,$ 3434.61,46
1695,09:30:02,$ 3434.61,1
1696,09:30:02,$ 3434.61,2
1697,09:30:02,$ 3434.61,1
1698,09:30:02,$ 3434.61,4
1699,09:30:02,$ 3434.61,3
1700,09:30:02,$ 3434.61,8
1702,09:30:02,$ 3434.61,4
1703,09:30:02,$ 3434.61,16
1704,09:30:02,$ 3434.61,2
1705,09:30:02,$ 3434.61,1
1706,09:30:02,$ 3434.61,8
1707,09:30:02,$ 3434.61,1
1708,09:30:02,$ 3434.61,24
1709,09:30:02,$ 3434.61,3
1710,09:30:02,$ 3434.61,1
1711,09:30:02,$ 3434.61,3
1712,09:30:02,$ 3434.61,1
1713,09:30:02,$ 3434.61,1
1714,09:30:02,$ 3434.61,2
1715,09:30:02,$ 3434.61,2
1716,09:30:02,$ 3434.61,10
1717,09:30:02,$ 3434.61,5
1718,09:30:02,$ 3434.61,6
1719,09:30:02,$ 3434.61,3
1720,09:30:02,$ 3434.61,11
1721,09:30:02,$ 3434.61,4
1723,09:30:02,$ 3434.61,10
1724,09:30:02,$ 3434.61,1
1725,09:30:02,$ 3434.61,5
1726,09:30:02,$ 3434.61,3
1727,09:30:02,$ 3434.61,13
1728,09:30:02,$ 3434.61,24
1729,09:30:02,$ 3434.61,5
1730,09:30:02,$ 3434.61,10
1731,09:30:02,$ 3434.61,60
1732,09:30:02,$ 3434.61,100
1733,09:30:02,$ 3434.61,200
1734,09:30:02,$ 3434.61,2
1735,09:30:02,$ 3434.61,2
1736,09:30:02,$ 3434.61,100
1737,09:30:02,$ 3434.61,10
1738,09:30:02,$ 3434.61,10
1739,09:30:02,$ 3434.61,12
1740,09:30:02,$ 3434.61,2
1741,09:30:02,$ 3434.61,2
1742,09:30:02,$ 3434.61,4
1744,09:30:02,$ 3434.61,6
1745,09:30:02,$ 3434.61,3
1746,09:30:02,$ 3434.61,4
1747,09:30:02,$ 3434.61,2
1748,09:30:02,$ 3434.61,1
1749,09:30:02,$ 3434.61,1
1750,09:30:02,$ 3434.61,1
1751,09:30:02,$ 3434.61,1
1752,09:30:02,$ 3434.61,18
1753,09:30:02,$ 3434.61,2
1754,09:30:02,$ 3434.61,1
1755,09:30:02,$ 3434.61,3
1756,09:30:02,$ 3434.61,"1,010"
1757,09:30:02,$ 3434.61,200
1758,09:30:02,$ 3434.61,20
1759,09:30:02,$ 3434.61,1
1760,09:30:02,$ 3434.61,321
1761,09:30:02,$ 3434.61,9
1762,09:30:02,$ 3434.61,1
1763,09:30:02,$ 3434.61,1
1765,09:30:02,$ 3434.61,1
1766,09:30:02,$ 3434.61,1
1767,09:30:02,$ 3434.61,1
1768,09:30:02,$ 3434.61,1
1769,09:30:02,$ 3434.61,2
1770,09:30:02,$ 3434.61,1
1771,09:30:02,$ 3434.61,1
1772,09:30:02,$ 3434.61,15
1773,09:30:02,$ 3434.61,1
1774,09:30:02,$ 3434.61,1
1775,09:30:02,$ 3434.61,1
1776,09:30:02,$ 3434.61,1
1777,09:30:02,$ 3434.61,1
1778,09:30:02,$ 3434.61,5
1779,09:30:02,$ 3434.61,1
1780,09:30:02,$ 3434.61,1
1781,09:30:02,$ 3434.61,1
1782,09:30:02,$ 3434.61,1
1783,09:30:02,$ 3434.61,1
1784,09:30:02,$ 3434.61,2
1786,09:30:02,$ 3434.61,2
1787,09:30:02,$ 3434.61,2
1788,09:30:02,$ 3434.61,2
1789,09:30:02,$ 3434.61,5
1790,09:30:02,$ 3434.61,16
1791,09:30:02,$ 3434.61,1
1792,09:30:02,$ 3434.61,1
1793,09:30:02,$ 3434.61,14
1794,09:30:02,$ 3434.61,4
1795,09:30:02,$ 3434.61,1
1796,09:30:02,$ 3434.61,1
1797,09:30:02,$ 3434.61,1
1798,09:30:02,$ 3434.61,3
1799,09:30:02,$ 3434.61,18
1800,09:30:02,$ 3434.61,70
1801,09:30:02,$ 3434.61,2
1802,09:30:02,$ 3434.61,1
1803,09:30:02,$ 3434.61,7
1804,09:30:02,$ 3434.61,1
1805,09:30:02,$ 3434.61,18
1807,09:30:02,$ 3434.61,1
1808,09:30:02,$ 3434.61,2
1809,09:30:02,$ 3434.61,1
1810,09:30:02,$ 3434.61,3
1811,09:30:02,$ 3434.61,700
1812,09:30:02,$ 3434.61,4
1813,09:30:02,$ 3434.61,6
1814,09:30:02,$ 3434.61,3
1815,09:30:02,$ 3434.61,7
1816,09:30:02,$ 3434.61,11
1817,09:30:02,$ 3434.61,2
1818,09:30:02,$ 3434.61,1
1819,09:30:02,$ 3434.61,4
1820,09:30:02,$ 3434.61,1
1821,09:30:02,$ 3434.61,2
1822,09:30:02,$ 3434.61,2
1823,09:30:02,$ 3434.61,1
1824,09:30:02,$ 3434.61,11
1825,09:30:02,$ 3434.61,98
1826,09:30:02,$ 3434.61,6
1828,09:30:02,$ 3434.61,6
1829,09:30:02,$ 3434.61,100
1830,09:30:02,$ 3434.61,501
1831,09:30:02,$ 3434.61,5
1832,09:30:02,$ 3434.61,65
1833,09:30:02,$ 3434.61,3
1834,09:30:02,$ 3434.61,10
1835,09:30:02,$ 3434.61,210
1836,09:30:02,$ 3434.61,100
1837,09:30:02,$ 3434.61,500
1838,09:30:02,$ 3434.61,"1,200"
1839,09:30:02,$ 3434.61,128
1840,09:30:02,$ 3434.61,15
1841,09:30:02,$ 3434.61,717
1842,09:30:02,$ 3434.61,4
1843,09:30:02,$ 3434.61,200
1844,09:30:02,$ 3434.61,294
1845,09:30:02,$ 3434.61,9
1846,09:30:02,$ 3434.61,19
1847,09:30:02,$ 3434.61,1
1849,09:30:02,$ 3434.61,1
1850,09:30:02,$ 3434.61,1
1851,09:30:02,$ 3434.61,2
1852,09:30:02,$ 3434.61,7
1853,09:30:02,$ 3434.61,4
1854,09:30:02,$ 3434.61,3
1855,09:30:02,$ 3434.61,50
1856,09:30:02,$ 3434.61,5
1857,09:30:02,$ 3434.61,20
1858,09:30:02,$ 3434.61,5
1859,09:30:02,$ 3434.61,25
1860,09:30:02,$ 3434.61,27
1861,09:30:02,$ 3434.61,6
1862,09:30:02,$ 3434.61,3
1863,09:30:02,$ 3434.61,2
1864,09:30:02,$ 3434.61,1
1865,09:30:02,$ 3434.61,1
1866,09:30:02,$ 3434.61,10
1867,09:30:02,$ 3434.61,10
1868,09:30:02,$ 3434.61,51
1870,09:30:02,$ 3434.61,2
1871,09:30:02,$ 3434.61,43
1872,09:30:02,$ 3434.61,13
1873,09:30:02,$ 3434.61,1
1874,09:30:02,$ 3434.61,380
1875,09:30:02,$ 3434.61,10
1876,09:30:02,$ 3434.61,30
1877,09:30:02,$ 3434.61,1
1878,09:30:02,$ 3434.61,13
1879,09:30:02,$ 3434.61,4
1880,09:30:02,$ 3434.61,405
1881,09:30:02,$ 3434.61,6
1882,09:30:02,$ 3434.61,193
1883,09:30:02,$ 3434.61,2
1884,09:30:02,$ 3434.61,14
1885,09:30:02,$ 3434.61,317
1886,09:30:02,$ 3434.61,3
1887,09:30:02,$ 3434.61,7
1888,09:30:02,$ 3434.61,100
1889,09:30:02,$ 3434.61,3
1891,09:30:02,$ 3434.61,18
1892,09:30:02,$ 3434.61,2
1893,09:30:02,$ 3434.61,2
1894,09:30:02,$ 3434.61,1
1895,09:30:02,$ 3434.61,1
1896,09:30:02,$ 3434.61,119
1897,09:30:02,$ 3434.61,3
1898,09:30:02,$ 3434.61,100
1899,09:30:02,$ 3434.61,3
1900,09:30:02,$ 3434.61,7
1901,09:30:02,$ 3434.61,1
1902,09:30:02,$ 3434.61,10
1903,09:30:02,$ 3434.61,5
1904,09:30:02,$ 3434.61,2
1905,09:30:02,$ 3434.61,12
1906,09:30:02,$ 3434.61,4
1907,09:30:02,$ 3434.61,9
1908,09:30:02,$ 3434.61,5
1909,09:30:02,$ 3434.61,5
1910,09:30:02,$ 3434.61,3
1912,09:30:02,$ 3434.61,1
1913,09:30:02,$ 3434.61,15
1914,09:30:02,$ 3434.61,2
1915,09:30:02,$ 3434.61,2
1916,09:30:02,$ 3434.61,9
1917,09:30:02,$ 3434.61,1
1918,09:30:02,$ 3434.61,1
1919,09:30:02,$ 3434.61,1
1920,09:30:02,$ 3434.61,1
1921,09:30:02,$ 3434.61,12
1922,09:30:02,$ 3434.61,3
1923,09:30:02,$ 3434.61,1
1924,09:30:02,$ 3434.61,10
1925,09:30:02,$ 3434.61,50
1926,09:30:02,$ 3434.61,92
1927,09:30:02,$ 3434.61,1
1928,09:30:02,$ 3434.61,2
1929,09:30:02,$ 3434.61,1
1930,09:30:02,$ 3434.61,5
1931,09:30:02,$ 3434.61,2
1933,09:30:02,$ 3434.61,100
1934,09:30:02,$ 3434.61,3
1935,09:30:02,$ 3434.61,1
1936,09:30:02,$ 3434.61,14
1937,09:30:02,$ 3434.61,1
1938,09:30:02,$ 3434.61,2
1939,09:30:02,$ 3434.61,2
1940,09:30:02,$ 3434.61,9
1941,09:30:02,$ 3434.61,1
1942,09:30:02,$ 3434.61,3
1943,09:30:02,$ 3434.61,2
1944,09:30:02,$ 3434.61,1
1945,09:30:02,$ 3434.61,15
1946,09:30:02,$ 3434.61,26
1947,09:30:02,$ 3434.61,15
1948,09:30:02,$ 3434.61,1
1949,09:30:02,$ 3434.61,51
1950,09:30:02,$ 3434.61,2
1951,09:30:02,$ 3434.61,100
1952,09:30:02,$ 3434.61,8
1954,09:30:02,$ 3434.61,15
1955,09:30:02,$ 3434.61,1
1956,09:30:02,$ 3434.61,5
1957,09:30:02,$ 3434.61,1
1958,09:30:02,$ 3434.61,200
1959,09:30:02,$ 3434.61,4
1960,09:30:02,$ 3434.61,1
1961,09:30:02,$ 3434.61,3
1962,09:30:02,$ 3434.61,4
1963,09:30:02,$ 3434.61,1
1964,09:30:02,$ 3434.61,21
1965,09:30:02,$ 3434.61,1
1966,09:30:02,$ 3434.61,5
1967,09:30:02,$ 3434.61,3
1968,09:30:02,$ 3434.61,6
1969,09:30:02,$ 3434.61,1
1970,09:30:02,$ 3434.61,18
1971,09:30:02,$ 3434.61,1
1972,09:30:02,$ 3434.61,2
1973,09:30:02,$ 3434.61,5
1975,09:30:02,$ 3434.61,5
1976,09:30:02,$ 3434.61,5
1977,09:30:02,$ 3434.61,15
1978,09:30:02,$ 3434.61,1
1979,09:30:02,$ 3434.61,2
1980,09:30:02,$ 3434.61,1
1981,09:30:02,$ 3434.61,12
1982,09:30:02,$ 3434.61,60
1983,09:30:02,$ 3434.61,1
1984,09:30:02,$ 3434.61,1
1985,09:30:02,$ 3434.61,2
1986,09:30:02,$ 3434.61,5
1987,09:30:02,$ 3434.61,5
1988,09:30:02,$ 3434.61,5
1989,09:30:02,$ 3434.61,2
1990,09:30:02,$ 3434.61,4
1991,09:30:02,$ 3434.61,1
1992,09:30:02,$ 3434.61,1
1993,09:30:02,$ 3434.61,1
1994,09:30:02,$ 3434.61,13
1996,09:30:02,$ 3434.61,5
1997,09:30:02,$ 3434.61,30
1998,09:30:02,$ 3434.61,7
1999,09:30:02,$ 3434.61,10
2000,09:30:02,$ 3434.61,10
2001,09:30:02,$ 3434.61,10
2002,09:30:02,$ 3434.61,2
2003,09:30:02,$ 3434.61,12
2004,09:30:02,$ 3434.61,23
2005,09:30:02,$ 3434.61,6
2006,09:30:02,$ 3434.61,2
2007,09:30:02,$ 3434.61,5
2008,09:30:02,$ 3434.61,1
2009,09:30:02,$ 3434.61,2
2010,09:30:02,$ 3434.61,115
2011,09:30:02,$ 3434.61,175
2012,09:30:02,$ 3434.61,1
2013,09:30:02,$ 3434.61,6
2014,09:30:02,$ 3434.61,10
2015,09:30:02,$ 3434.61,2
2017,09:30:02,$ 3434.61,2
2018,09:30:02,$ 3434.61,1
2019,09:30:02,$ 3434.61,10
2020,09:30:02,$ 3434.61,2
2021,09:30:02,$ 3434.61,400
2022,09:30:02,$ 3434.61,50
2023,09:30:02,$ 3434.61,5
2024,09:30:02,$ 3434.61,1
2025,09:30:02,$ 3434.61,1
2026,09:30:02,$ 3434.61,1
2027,09:30:02,$ 3434.61,2
2028,09:30:02,$ 3434.61,2
2029,09:30:02,$ 3434.61,50
2030,09:30:02,$ 3434.61,2
2031,09:30:02,$ 3434.61,1
2032,09:30:02,$ 3434.61,5
2033,09:30:02,$ 3434.61,3
2034,09:30:02,$ 3434.61,1
2035,09:30:02,$ 3434.61,1
2036,09:30:01,$ 3435.52,100
2038,10:29:40,$ 3438.413,100
2039,10:29:39,$ 3437.87,100
2040,10:29:38,$ 3437.9635,500
2041,10:29:37,$ 3437.8734,120
2042,10:29:13,$ 3438.3099,100
2043,10:29:07,$ 3437.45,100
2044,10:29:06,$ 3437.45,100
2045,10:28:45,$ 3435.945,100
2046,10:28:26,$ 3435.98,100
2047,10:28:21,$ 3436.675,100
2048,10:28:01,$ 3433.58,115
2049,10:27:59,$ 3433.70,100
2050,10:27:58,$ 3433.715,100
2051,10:27:53,$ 3434.495,100
2052,10:27:45,$ 3435.00,100
2053,10:27:22,$ 3436.25,100
2054,10:27:21,$ 3436.3399,200
2055,10:27:16,$ 3435.42,100
2056,10:27:15,$ 3435.475,100
2057,10:27:13,$ 3435.625,500
2059,10:26:53,$ 3436.075,100
2060,10:26:43,$ 3436.07,450
2061,10:26:27,$ 3434.655,143
2062,10:26:25,$ 3435.10,100
2063,10:26:19,$ 3435.6775,364
2064,10:26:09,$ 3435.90,729
2065,10:26:09,$ 3435.40,146
2066,10:26:09,$ 3435.45,100
2067,10:26:09,$ 3435.45,100
2068,10:26:09,$ 3435.76,100
2069,10:26:09,$ 3435.89,100
2070,10:26:09,$ 3435.90,215
2071,10:25:50,$ 3434.72,100
2072,10:25:38,$ 3435.40,212
2073,10:25:09,$ 3433.69,100
2074,10:25:03,$ 3434.75,100
2075,10:25:00,$ 3434.31,100
2076,10:24:52,$ 3435.3451,100
2077,10:24:47,$ 3435.16,100
2078,10:24:40,$ 3434.28,100
2080,10:24:33,$ 3434.87,100
2081,10:24:33,$ 3434.87,100
2082,10:24:33,$ 3434.87,100
2083,10:24:33,$ 3434.41,100
2084,10:24:33,$ 3434.41,100
2085,10:24:27,$ 3434.18,100
2086,10:24:26,$ 3434.34,400
2087,10:24:23,$ 3434.41,100
2088,10:24:15,$ 3433.67,100
2089,10:24:09,$ 3435.255,100
2090,10:24:02,$ 3435.315,100
2091,10:23:57,$ 3435.74,100
2092,10:23:56,$ 3435.395,100
2093,10:23:56,$ 3435.395,400
2094,10:23:55,$ 3435.405,100
2095,10:23:44,$ 3435.90,100
2096,10:23:33,$ 3434.325,100
2097,10:23:28,$ 3434.26,100
2098,10:23:23,$ 3434.164,100
2099,10:23:23,$ 3434.124,100
2101,10:23:23,$ 3433.30,100
2102,10:23:23,$ 3433.38,100
2103,10:23:23,$ 3433.30,100
2104,10:22:27,$ 3433.04,100
2105,10:22:24,$ 3433.72,100
2106,10:22:24,$ 3433.965,100
2107,10:22:11,$ 3434.00,123
2108,10:22:06,$ 3433.99,100
2109,10:22:06,$ 3433.67,100
2110,10:22:02,$ 3433.45,100
2111,10:22:02,$ 3433.47,100
2112,10:22:02,$ 3433.52,200
2113,10:21:58,$ 3433.3635,100
2114,10:21:57,$ 3432.785,100
2115,10:21:57,$ 3432.78,100
2116,10:21:57,$ 3432.62,100
2117,10:21:57,$ 3432.62,100
2118,10:21:57,$ 3432.69,100
2119,10:21:57,$ 3432.62,100
2120,10:21:43,$ 3432.0601,100
2122,10:21:39,$ 3433.0299,140
2123,10:21:22,$ 3432.5071,153
2124,10:21:14,$ 3432.5761,100
2125,10:21:12,$ 3432.00,100
2126,10:21:03,$ 3431.0279,900
2127,10:21:02,$ 3431.49,100
2128,10:21:01,$ 3431.495,200
2129,10:20:58,$ 3431.4985,454
2130,10:20:58,$ 3431.4985,116
2131,10:20:45,$ 3431.4378,400
2132,10:20:30,$ 3431.00,100
2133,10:20:27,$ 3431.985,100
2134,10:20:25,$ 3431.2249,100
2135,10:20:25,$ 3431.50,300
2136,10:20:22,$ 3431.6475,161
2137,10:20:22,$ 3431.24,100
2138,10:20:22,$ 3431.0125,100
2139,10:20:15,$ 3430.89,100
2140,10:20:11,$ 3430.52,100
2141,10:20:10,$ 3431.50,100
2143,10:20:09,$ 3431.6599,100
2144,10:20:07,$ 3428.81,100
2145,10:20:07,$ 3430.00,100
2146,10:20:07,$ 3430.00,221
2147,10:20:07,$ 3430.00,129
2148,10:20:07,$ 3430.00,200
2149,10:20:07,$ 3430.00,300
2150,10:20:07,$ 3430.01,100
2151,10:20:05,$ 3430.245,100
2152,10:20:02,$ 3431.00,100
2153,10:19:55,$ 3431.6101,100
2154,10:19:29,$ 3433.7832,300
2155,10:19:26,$ 3433.99,100
2156,10:19:25,$ 3434.6899,100
2157,10:19:19,$ 3433.48,100
2158,10:19:08,$ 3433.305,300
2159,10:19:08,$ 3433.305,100
2160,10:18:54,$ 3434.11,100
2161,10:18:53,$ 3434.895,100
2162,10:18:52,$ 3435.02,100
2164,10:18:42,$ 3435.00,100
2165,10:18:35,$ 3434.68,100
2166,10:18:28,$ 3434.02,100
2167,10:18:27,$ 3434.99,100
2168,10:18:27,$ 3434.26,100
2169,10:18:23,$ 3434.70,100
2170,10:18:11,$ 3433.97,100
2171,10:18:11,$ 3433.75,100
2172,10:18:10,$ 3433.2542,471
2173,10:18:02,$ 3433.64,100
2174,10:18:02,$ 3432.95,100
2175,10:17:52,$ 3433.49,100
2176,10:17:46,$ 3434.18,100
2177,10:17:39,$ 3434.03,100
2178,10:17:39,$ 3434.03,100
2179,10:17:39,$ 3434.03,100
2180,10:17:39,$ 3434.03,100
2181,10:17:39,$ 3434.26,100
2182,10:17:39,$ 3434.01,100
2183,10:17:39,$ 3434.01,100
2185,10:17:39,$ 3434.02,100
2186,10:17:39,$ 3434.03,100
2187,10:17:39,$ 3434.03,100
2188,10:17:38,$ 3435.15,145
2189,10:17:38,$ 3435.15,183
2190,10:17:38,$ 3435.15,100
2191,10:17:38,$ 3435.0035,100
2192,10:17:24,$ 3436.30,100
2193,10:17:19,$ 3437.13,100
2194,10:17:14,$ 3436.72,150
2195,10:17:11,$ 3437.27,100
2196,10:17:11,$ 3437.32,100
2197,10:17:02,$ 3436.405,400
2198,10:16:59,$ 3437.18,100
2199,10:16:59,$ 3437.24,100
2200,10:16:41,$ 3436.76,100
2201,10:16:37,$ 3436.2675,400
2202,10:16:37,$ 3436.79,100
2203,10:16:37,$ 3436.45,100
2204,10:16:34,$ 3435.915,200
2206,10:16:33,$ 3435.44,250
2207,10:16:29,$ 3435.69,100
2208,10:16:28,$ 3436.00,400
2209,10:16:28,$ 3436.75,100
2210,10:16:26,$ 3437.16,100
2211,10:16:22,$ 3437.29,194
2212,10:16:22,$ 3437.50,100
2213,10:16:18,$ 3438.00,100
2214,10:16:05,$ 3439.765,100
2215,10:15:59,$ 3440.92,100
2216,10:15:51,$ 3440.64,100
2217,10:15:51,$ 3441.3075,100
2218,10:15:51,$ 3441.3075,100
2219,10:15:51,$ 3441.3075,100
2220,10:15:51,$ 3440.71,100
2221,10:15:51,$ 3440.71,100
2222,10:15:51,$ 3440.68,100
2223,10:15:51,$ 3441.17,100
2224,10:15:15,$ 3441.62,100
2225,10:15:05,$ 3440.99,100
2227,10:15:05,$ 3440.815,100
2228,10:15:04,$ 3440.07,100
2229,10:15:04,$ 3440.00,900
2230,10:15:04,$ 3440.00,115
2231,10:15:04,$ 3440.35,100
2232,10:15:00,$ 3440.685,100
2233,10:14:36,$ 3441.0406,100
2234,10:14:26,$ 3441.01,100
2235,10:14:23,$ 3441.442,400
2236,10:14:20,$ 3441.31,100
2237,10:14:13,$ 3442.61,200
2238,10:14:05,$ 3442.38,100
2239,10:14:05,$ 3441.7843,100
2240,10:13:40,$ 3443.12,400
2241,10:13:32,$ 3442.50,100
2242,10:13:20,$ 3442.11,400
2243,10:13:19,$ 3441.30,100
2244,10:13:01,$ 3443.045,100
2245,10:12:58,$ 3443.3849,235
2246,10:12:17,$ 3444.68,100
2248,10:12:17,$ 3445.00,100
2249,10:12:11,$ 3444.91,100
2250,10:12:11,$ 3445.00,109
2251,10:11:45,$ 3444.06,100
2252,10:11:23,$ 3445.00,100
2253,10:11:23,$ 3443.99,100
2254,10:11:23,$ 3443.99,100
2255,10:10:50,$ 3442.88,300
2256,10:10:45,$ 3442.685,100
2257,10:10:42,$ 3442.06,100
2258,10:10:37,$ 3442.9942,260
2259,10:10:05,$ 3443.1099,100
2260,10:10:04,$ 3442.76,100
2261,10:09:26,$ 3441.495,100
2262,10:09:14,$ 3442.04,200
2263,10:08:43,$ 3443.6503,190
2264,10:08:41,$ 3442.5001,200
2265,10:08:33,$ 3443.79,100
2266,10:08:32,$ 3443.98,100
2267,10:08:22,$ 3444.8399,100
2269,10:08:20,$ 3443.80,100
2270,10:08:04,$ 3441.39,200
2271,10:08:04,$ 3441.005,100
2272,10:08:04,$ 3440.6201,100
2273,10:08:00,$ 3441.39,100
2274,10:07:32,$ 3442.112,100
2275,10:07:27,$ 3441.92,100
2276,10:07:10,$ 3441.794,100
2277,10:07:04,$ 3442.865,100
2278,10:06:51,$ 3443.04,100
2279,10:06:43,$ 3443.615,100
2280,10:06:37,$ 3442.69,100
2281,10:06:32,$ 3442.785,100
2282,10:06:31,$ 3442.49,100
2283,10:06:28,$ 3442.75,100
2284,10:06:24,$ 3443.135,100
2285,10:06:07,$ 3444.00,100
2286,10:05:59,$ 3443.155,100
2287,10:05:24,$ 3443.195,100
2288,10:05:19,$ 3443.885,100
2290,10:05:10,$ 3443.26,100
2291,10:04:39,$ 3443.725,100
2292,10:04:38,$ 3443.86,100
2293,10:04:37,$ 3443.47,100
2294,10:04:30,$ 3443.31,100
2295,10:04:30,$ 3443.2099,290
2296,10:04:30,$ 3442.29,100
2297,10:04:30,$ 3442.34,100
2298,10:04:30,$ 3442.56,100
2299,10:04:30,$ 3442.62,100
2300,10:04:30,$ 3442.9899,100
2301,10:04:26,$ 3442.24,100
2302,10:04:20,$ 3442.2287,100
2303,10:03:58,$ 3441.41,100
2304,10:03:58,$ 3441.38,100
2305,10:03:58,$ 3442.02,100
2306,10:03:58,$ 3441.97,100
2307,10:03:58,$ 3441.93,100
2308,10:03:47,$ 3442.025,100
2309,10:03:44,$ 3441.85,200
2311,10:03:37,$ 3441.1945,443
2312,10:03:25,$ 3441.29,100
2313,10:03:23,$ 3442.09,100
2314,10:03:22,$ 3442.085,"1,000"
2315,10:03:11,$ 3442.09,100
2316,10:03:06,$ 3442.765,100
2317,10:02:53,$ 3442.20,100
2318,10:02:38,$ 3442.89,150
2319,10:02:29,$ 3443.60,100
2320,10:02:28,$ 3443.176,300
2321,10:02:24,$ 3443.785,500
2322,10:02:20,$ 3443.08,100
2323,10:02:14,$ 3443.50,100
2324,10:02:14,$ 3443.50,395
2325,10:02:10,$ 3442.745,103
2326,10:02:08,$ 3442.805,100
2327,10:02:07,$ 3443.45,100
2328,10:02:07,$ 3443.47,100
2329,10:02:04,$ 3443.14,100
2330,10:02:02,$ 3442.67,100
2332,10:02:01,$ 3443.52,100
2333,10:02:01,$ 3443.30,100
2334,10:02:01,$ 3443.30,107
2335,10:01:49,$ 3442.27,100
2336,10:01:41,$ 3441.82,100
2337,10:01:37,$ 3441.67,100
2338,10:01:25,$ 3441.82,100
2339,10:01:21,$ 3440.92,100
2340,10:01:18,$ 3440.78,100
2341,10:01:09,$ 3442.0314,300
2342,10:01:08,$ 3441.76,100
2343,10:01:04,$ 3442.15,100
2344,10:01:02,$ 3442.00,592
2345,10:00:59,$ 3442.18,100
2346,10:00:56,$ 3442.00,100
2347,10:00:56,$ 3442.47,100
2348,10:00:53,$ 3442.665,100
2349,10:00:49,$ 3441.115,100
2350,10:00:48,$ 3440.40,100
2351,10:00:48,$ 3440.0812,500
2353,10:00:46,$ 3440.27,100
2354,10:00:46,$ 3440.565,100
2355,10:00:36,$ 3440.565,100
2356,10:00:30,$ 3440.03,100
2357,10:00:29,$ 3439.66,100
2358,10:00:21,$ 3439.2496,100
2359,10:00:19,$ 3440.36,159
2360,10:00:15,$ 3440.4397,131
2362,10:59:59,$ 3434.21,100
2363,10:59:42,$ 3433.75,100
2364,10:59:14,$ 3434.18,100
2365,10:59:14,$ 3434.00,300
2366,10:59:14,$ 3434.00,100
2367,10:58:49,$ 3434.00,100
2368,10:57:39,$ 3433.87,100
2369,10:57:39,$ 3432.15,100
2370,10:57:38,$ 3432.72,100
2371,10:57:38,$ 3432.73,100
2372,10:57:38,$ 3432.80,100
2373,10:57:32,$ 3433.295,100
2374,10:57:30,$ 3432.12,500
2375,10:57:29,$ 3432.41,100
2376,10:56:03,$ 3435.3414,437
2377,10:55:35,$ 3433.094,100
2378,10:54:04,$ 3433.72,100
2379,10:54:04,$ 3433.10,100
2380,10:53:42,$ 3433.93,100
2381,10:53:41,$ 3433.94,100
2383,10:53:26,$ 3434.6781,398
2384,10:53:25,$ 3434.44,150
2385,10:52:02,$ 3433.9899,100
2386,10:51:49,$ 3434.73,"1,000"
2387,10:51:42,$ 3434.0001,"1,000"
2388,10:51:28,$ 3434.42,100
2389,10:51:20,$ 3435.0351,100
2390,10:51:18,$ 3436.0899,125
2391,10:51:06,$ 3434.00,974
2392,10:51:05,$ 3434.82,100
2393,10:51:03,$ 3434.03,200
2394,10:50:26,$ 3432.755,100
2395,10:50:26,$ 3432.72,100
2396,10:50:26,$ 3432.79,100
2397,10:50:10,$ 3434.26,100
2398,10:50:05,$ 3433.65,100
2399,10:50:05,$ 3433.78,102
2400,10:50:03,$ 3434.205,450
2401,10:50:00,$ 3433.78,100
2402,10:49:41,$ 3434.65,100
2404,10:49:05,$ 3436.1384,400
2405,10:48:55,$ 3436.49,100
2406,10:48:55,$ 3436.45,100
2407,10:48:55,$ 3436.45,100
2408,10:47:31,$ 3437.923,145
2409,10:47:25,$ 3437.63,100
2410,10:47:25,$ 3438.16,100
2411,10:47:18,$ 3437.8897,188
2412,10:46:12,$ 3439.2949,100
2413,10:46:00,$ 3438.01,100
2414,10:45:46,$ 3436.3425,100
2415,10:45:40,$ 3437.345,100
2416,10:45:19,$ 3437.73,100
2417,10:45:16,$ 3437.73,155
2418,10:44:42,$ 3439.075,100
2419,10:44:38,$ 3438.76,100
2420,10:44:20,$ 3439.61,100
2421,10:44:20,$ 3439.605,100
2422,10:44:07,$ 3439.71,100
2423,10:43:14,$ 3440.2406,100
2425,10:43:14,$ 3439.8148,400
2426,10:42:56,$ 3440.3701,114
2427,10:42:34,$ 3439.4401,100
2428,10:42:32,$ 3440.00,100
2429,10:42:13,$ 3440.93,100
2430,10:41:54,$ 3441.52,100
2431,10:41:54,$ 3441.55,100
2432,10:41:54,$ 3441.65,100
2433,10:41:16,$ 3441.50,100
2434,10:40:47,$ 3441.915,100
2435,10:40:22,$ 3441.10,100
2436,10:40:11,$ 3441.42,100
2437,10:40:11,$ 3441.29,100
2438,10:40:11,$ 3441.29,100
2439,10:40:10,$ 3441.59,100
2440,10:39:38,$ 3441.08,100
2441,10:39:12,$ 3442.96,100
2442,10:39:12,$ 3442.96,100
2443,10:38:59,$ 3441.91,100
2444,10:38:50,$ 3442.55,100
2446,10:38:14,$ 3444.37,100
2447,10:38:13,$ 3444.26,100
2448,10:38:13,$ 3444.26,100
2449,10:38:09,$ 3444.2801,100
2450,10:37:41,$ 3445.54,100
2451,10:37:41,$ 3445.605,100
2452,10:37:41,$ 3445.07,100
2453,10:37:41,$ 3445.07,100
2454,10:37:37,$ 3445.989,172
2455,10:37:36,$ 3445.64,100
2456,10:37:36,$ 3445.63,100
2457,10:37:36,$ 3445.64,100
2458,10:37:36,$ 3445.07,100
2459,10:37:36,$ 3445.07,100
2460,10:37:24,$ 3444.83,100
2461,10:37:21,$ 3444.655,100
2462,10:37:17,$ 3444.58,100
2463,10:37:14,$ 3444.52,100
2464,10:37:14,$ 3444.995,100
2465,10:37:13,$ 3445.23,100
2467,10:37:13,$ 3444.995,107
2468,10:37:13,$ 3444.53,100
2469,10:37:13,$ 3445.26,100
2470,10:37:13,$ 3445.20,100
2471,10:37:13,$ 3445.24,100
2472,10:37:12,$ 3445.26,100
2473,10:37:12,$ 3445.19,100
2474,10:37:11,$ 3444.7135,"1,000"
2475,10:37:10,$ 3444.69,100
2476,10:37:02,$ 3444.47,200
2477,10:37:02,$ 3444.39,100
2478,10:37:02,$ 3444.39,100
2479,10:37:02,$ 3444.15,100
2480,10:36:57,$ 3443.982,100
2481,10:36:53,$ 3443.71,100
2482,10:36:53,$ 3443.43,100
2483,10:36:41,$ 3443.17,100
2484,10:36:41,$ 3443.175,450
2485,10:36:36,$ 3443.45,130
2486,10:36:31,$ 3443.00,100
2488,10:36:27,$ 3442.415,100
2489,10:36:07,$ 3442.0268,500
2490,10:36:06,$ 3443.00,900
2491,10:36:06,$ 3443.00,100
2492,10:36:06,$ 3442.29,100
2493,10:36:06,$ 3442.22,100
2494,10:36:06,$ 3442.21,100
2495,10:36:05,$ 3441.57,100
2496,10:36:01,$ 3441.71,100
2497,10:35:59,$ 3441.31,100
2498,10:35:35,$ 3441.36,100
2499,10:35:27,$ 3439.45,100
2500,10:34:52,$ 3439.655,100
2501,10:33:41,$ 3439.46,100
2502,10:33:30,$ 3439.46,100
2503,10:33:25,$ 3439.94,100
2504,10:33:20,$ 3439.02,100
2505,10:33:17,$ 3438.71,100
2506,10:33:16,$ 3438.69,399
2507,10:33:10,$ 3439.8334,150
2509,10:33:07,$ 3439.62,100
2510,10:33:07,$ 3439.55,100
2511,10:32:39,$ 3438.41,100
2512,10:32:36,$ 3437.55,100
2513,10:32:27,$ 3438.40,100
2514,10:32:25,$ 3438.1361,200
2515,10:31:57,$ 3436.98,100
2516,10:31:57,$ 3436.98,100
2517,10:31:49,$ 3437.33,100
2518,10:31:38,$ 3438.00,250
2519,10:31:27,$ 3436.61,100
2520,10:31:17,$ 3437.56,100
2521,10:31:17,$ 3437.56,100
2522,10:31:09,$ 3438.42,150
2523,10:31:05,$ 3437.55,100
2524,10:31:05,$ 3437.55,100
2525,10:31:02,$ 3437.672,100
2526,10:30:47,$ 3439.0701,200
2527,10:30:40,$ 3439.47,100
2528,10:30:40,$ 3439.50,100
2530,10:30:38,$ 3438.9999,100
2531,10:30:38,$ 3439.00,100
2532,10:30:35,$ 3438.775,100
2533,10:30:13,$ 3438.59,100
2535,11:29:51,$ 3420.635,100
2536,11:29:50,$ 3420.91,100
2537,11:29:49,$ 3420.445,100
2538,11:29:33,$ 3419.99,100
2539,11:29:26,$ 3420.2999,125
2540,11:29:08,$ 3419.12,100
2541,11:29:07,$ 3419.52,100
2542,11:29:07,$ 3419.50,100
2543,11:28:40,$ 3420.00,100
2544,11:28:33,$ 3420.3166,285
2545,11:28:06,$ 3420.31,100
2546,11:28:04,$ 3420.53,200
2547,11:28:00,$ 3420.68,100
2548,11:27:58,$ 3420.12,100
2549,11:27:55,$ 3421.06,100
2550,11:27:55,$ 3420.98,100
2551,11:27:54,$ 3420.2542,140
2552,11:27:53,$ 3421.3218,271
2553,11:27:53,$ 3420.39,100
2554,11:27:53,$ 3420.40,100
2556,11:27:50,$ 3420.00,100
2557,11:27:50,$ 3420.00,100
2558,11:27:50,$ 3419.91,100
2559,11:27:39,$ 3419.41,100
2560,11:27:39,$ 3419.42,100
2561,11:27:10,$ 3418.89,100
2562,11:27:07,$ 3418.8091,200
2563,11:27:06,$ 3419.36,100
2564,11:27:06,$ 3419.39,100
2565,11:27:06,$ 3418.83,100
2566,11:27:06,$ 3418.819,100
2567,11:26:45,$ 3417.81,117
2568,11:26:41,$ 3418.8426,100
2569,11:26:10,$ 3418.952,100
2570,11:25:46,$ 3419.524,100
2571,11:25:46,$ 3419.53,100
2572,11:25:42,$ 3419.968,"1,000"
2573,11:25:37,$ 3419.96,100
2574,11:25:33,$ 3420.50,100
2575,11:25:33,$ 3420.12,100
2577,11:25:32,$ 3419.8384,100
2578,11:25:30,$ 3420.30,100
2579,11:25:29,$ 3419.95,100
2580,11:25:29,$ 3419.95,100
2581,11:25:29,$ 3419.99,250
2582,11:25:29,$ 3420.00,800
2583,11:25:29,$ 3419.90,100
2584,11:25:09,$ 3418.82,100
2585,11:25:01,$ 3418.38,100
2586,11:24:55,$ 3419.1299,100
2587,11:24:39,$ 3419.63,100
2588,11:24:22,$ 3418.13,100
2589,11:24:17,$ 3417.84,249
2590,11:23:58,$ 3418.50,181
2591,11:23:22,$ 3420.16,100
2592,11:23:11,$ 3420.3979,259
2593,11:22:57,$ 3419.67,100
2594,11:22:49,$ 3420.145,200
2595,11:22:25,$ 3419.2517,100
2596,11:22:13,$ 3419.01,210
2598,11:22:12,$ 3419.97,100
2599,11:22:12,$ 3419.00,145
2600,11:22:12,$ 3419.00,150
2601,11:22:12,$ 3419.00,200
2602,11:22:12,$ 3419.00,150
2603,11:22:12,$ 3420.00,100
2604,11:22:12,$ 3420.01,100
2605,11:22:12,$ 3420.01,100
2606,11:22:12,$ 3420.01,289
2607,11:22:10,$ 3421.0199,100
2608,11:21:57,$ 3421.29,100
2609,11:21:57,$ 3421.43,400
2610,11:21:57,$ 3421.39,100
2611,11:21:48,$ 3420.24,100
2612,11:21:25,$ 3420.55,100
2613,11:21:17,$ 3421.00,159
2614,11:21:17,$ 3421.00,100
2615,11:21:17,$ 3421.00,100
2616,11:21:17,$ 3421.00,100
2617,11:21:17,$ 3421.9197,263
2619,11:21:17,$ 3421.07,100
2620,11:21:16,$ 3421.35,100
2621,11:21:12,$ 3421.965,200
2622,11:21:05,$ 3422.00,100
2623,11:20:58,$ 3423.10,100
2624,11:20:13,$ 3422.89,100
2625,11:20:01,$ 3424.1814,240
2626,11:19:55,$ 3423.05,103
2627,11:19:35,$ 3422.215,500
2628,11:19:32,$ 3421.80,100
2629,11:19:31,$ 3421.88,100
2630,11:19:19,$ 3422.00,113
2631,11:19:16,$ 3422.309,100
2632,11:19:14,$ 3422.0593,520
2633,11:19:14,$ 3423.0001,100
2634,11:19:14,$ 3423.00,100
2635,11:19:14,$ 3423.00,100
2636,11:19:13,$ 3423.8842,157
2637,11:19:02,$ 3422.88,150
2638,11:18:53,$ 3423.1654,259
2640,11:18:42,$ 3423.29,100
2641,11:18:26,$ 3424.67,100
2642,11:18:26,$ 3424.71,100
2643,11:18:26,$ 3424.60,100
2644,11:17:42,$ 3425.3701,500
2645,11:17:35,$ 3424.20,100
2646,11:17:32,$ 3424.82,100
2647,11:17:32,$ 3424.82,100
2648,11:16:44,$ 3424.21,126
2649,11:16:44,$ 3424.23,100
2650,11:16:44,$ 3424.225,100
2651,11:16:44,$ 3424.21,260
2652,11:16:44,$ 3424.22,100
2653,11:16:44,$ 3424.51,100
2654,11:16:44,$ 3424.51,100
2655,11:16:44,$ 3425.01,500
2656,11:16:44,$ 3425.10,100
2657,11:16:44,$ 3425.09,100
2658,11:16:44,$ 3425.14,100
2659,11:16:27,$ 3426.43,100
2661,11:16:25,$ 3426.295,200
2662,11:16:25,$ 3426.9721,200
2663,11:16:11,$ 3426.335,100
2664,11:16:07,$ 3426.5244,507
2665,11:15:59,$ 3426.93,100
2666,11:15:59,$ 3427.18,100
2667,11:15:47,$ 3425.9906,180
2668,11:15:44,$ 3425.968,500
2669,11:15:36,$ 3424.95,100
2670,11:15:30,$ 3425.43,200
2671,11:15:30,$ 3425.16,100
2672,11:15:30,$ 3425.60,100
2673,11:15:30,$ 3425.62,100
2674,11:15:20,$ 3426.24,500
2675,11:15:03,$ 3425.655,100
2676,11:14:53,$ 3425.99,100
2677,11:14:48,$ 3425.96,100
2678,11:14:38,$ 3425.06,100
2679,11:14:38,$ 3425.03,100
2680,11:14:38,$ 3425.02,100
2682,11:14:35,$ 3425.65,100
2683,11:14:33,$ 3425.87,102
2684,11:14:27,$ 3424.54,100
2685,11:14:19,$ 3425.9865,100
2686,11:14:14,$ 3425.10,100
2687,11:14:14,$ 3424.23,100
2688,11:14:10,$ 3424.48,100
2689,11:14:10,$ 3424.49,100
2690,11:13:55,$ 3425.20,100
2691,11:13:55,$ 3424.82,100
2692,11:13:55,$ 3424.45,100
2693,11:13:54,$ 3425.2517,100
2694,11:13:46,$ 3426.02,100
2695,11:12:23,$ 3426.255,147
2696,11:12:23,$ 3425.70,100
2697,11:12:23,$ 3425.70,100
2698,11:12:07,$ 3425.00,106
2699,11:12:05,$ 3424.23,100
2700,11:12:05,$ 3424.4609,100
2701,11:12:02,$ 3424.82,100
2703,11:11:54,$ 3424.21,200
2704,11:11:54,$ 3425.80,100
2705,11:11:52,$ 3425.92,500
2706,11:11:52,$ 3425.569,100
2707,11:11:35,$ 3425.00,900
2708,11:11:35,$ 3425.00,100
2709,11:11:25,$ 3425.68,100
2710,11:11:08,$ 3425.50,100
2711,11:11:05,$ 3425.58,100
2712,11:10:56,$ 3426.28,100
2713,11:10:56,$ 3426.15,100
2714,11:10:50,$ 3426.3939,200
2715,11:10:48,$ 3426.37,100
2716,11:10:42,$ 3426.448,100
2717,11:10:19,$ 3427.055,100
2718,11:10:17,$ 3427.645,100
2719,11:09:31,$ 3428.89,100
2720,11:09:30,$ 3427.25,100
2721,11:09:28,$ 3427.25,"1,200"
2722,11:09:23,$ 3426.128,100
2724,11:09:22,$ 3426.51,100
2725,11:09:10,$ 3426.9898,200
2726,11:09:04,$ 3426.00,100
2727,11:09:02,$ 3426.87,100
2728,11:09:02,$ 3426.80,100
2729,11:09:00,$ 3426.68,100
2730,11:09:00,$ 3426.69,100
2731,11:08:43,$ 3425.83,100
2732,11:08:38,$ 3426.02,100
2733,11:08:28,$ 3426.73,100
2734,11:08:26,$ 3427.158,443
2735,11:08:13,$ 3427.22,100
2736,11:08:13,$ 3427.50,200
2737,11:08:13,$ 3428.02,100
2738,11:08:06,$ 3427.28,100
2739,11:07:50,$ 3427.99,100
2740,11:07:31,$ 3427.81,100
2741,11:07:27,$ 3427.86,100
2742,11:07:27,$ 3427.86,100
2743,11:07:13,$ 3428.53,100
2745,11:06:58,$ 3429.545,100
2746,11:06:42,$ 3429.65,500
2747,11:06:40,$ 3429.71,100
2748,11:06:32,$ 3428.53,100
2749,11:06:32,$ 3428.53,100
2750,11:06:32,$ 3428.6372,200
2751,11:06:32,$ 3428.6372,100
2752,11:06:25,$ 3429.15,100
2753,11:06:25,$ 3429.17,100
2754,11:06:18,$ 3429.17,100
2755,11:06:18,$ 3429.599,180
2756,11:06:06,$ 3428.90,100
2757,11:06:06,$ 3429.01,100
2758,11:06:05,$ 3429.00,100
2759,11:06:05,$ 3429.02,100
2760,11:06:05,$ 3429.08,100
2761,11:06:04,$ 3429.48,100
2762,11:06:04,$ 3429.54,100
2763,11:06:04,$ 3430.00,211
2764,11:06:04,$ 3430.00,100
2766,11:06:04,$ 3431.00,200
2767,11:06:04,$ 3431.00,100
2768,11:06:04,$ 3431.00,117
2769,11:06:04,$ 3431.00,100
2770,11:06:00,$ 3431.12,100
2771,11:05:57,$ 3431.61,691
2772,11:05:57,$ 3431.29,100
2773,11:05:57,$ 3431.22,100
2774,11:05:33,$ 3431.42,100
2775,11:05:33,$ 3431.22,100
2776,11:05:04,$ 3432.0201,100
2777,11:05:01,$ 3433.185,200
2778,11:04:42,$ 3433.3949,400
2779,11:04:39,$ 3433.19,100
2780,11:04:30,$ 3433.23,100
2781,11:04:30,$ 3433.00,100
2782,11:01:55,$ 3434.78,100
2783,11:01:52,$ 3435.70,100
2784,11:00:19,$ 3434.09,100
2786,11:59:55,$ 3427.90,100
2787,11:59:55,$ 3427.85,100
2788,11:59:55,$ 3427.85,100
2789,11:58:32,$ 3426.395,100
2790,11:58:05,$ 3427.998,100
2791,11:57:02,$ 3427.985,100
2792,11:56:58,$ 3428.57,125
2793,11:56:47,$ 3428.61,100
2794,11:56:42,$ 3428.97,100
2795,11:56:42,$ 3429.13,100
2796,11:56:41,$ 3429.17,240
2797,11:56:30,$ 3429.2178,100
2798,11:56:23,$ 3429.38,100
2799,11:56:02,$ 3428.65,100
2800,11:55:58,$ 3428.405,125
2801,11:55:21,$ 3427.9501,100
2802,11:55:16,$ 3428.78,100
2803,11:55:16,$ 3428.628,100
2804,11:55:16,$ 3428.622,100
2805,11:54:27,$ 3426.8299,140
2807,11:54:25,$ 3426.04,100
2808,11:54:18,$ 3427.83,100
2809,11:54:18,$ 3428.4423,"1,000"
2810,11:54:18,$ 3427.38,949
2811,11:54:13,$ 3426.56,100
2812,11:54:13,$ 3426.57,100
2813,11:54:02,$ 3426.00,100
2814,11:54:02,$ 3426.00,155
2815,11:53:01,$ 3425.64,100
2816,11:52:16,$ 3424.5673,185
2817,11:52:08,$ 3424.942,120
2818,11:51:55,$ 3425.44,100
2819,11:51:48,$ 3424.44,100
2820,11:51:48,$ 3424.44,100
2821,11:51:43,$ 3424.54,100
2822,11:51:11,$ 3425.155,"1,000"
2823,11:51:00,$ 3424.965,100
2824,11:50:18,$ 3424.38,100
2825,11:49:31,$ 3424.375,100
2826,11:49:31,$ 3424.305,100
2828,11:48:24,$ 3423.09,100
2829,11:47:41,$ 3423.04,100
2830,11:47:14,$ 3422.821,150
2831,11:46:43,$ 3422.282,100
2832,11:46:38,$ 3422.05,100
2833,11:45:08,$ 3422.10,100
2834,11:44:47,$ 3422.00,118
2835,11:44:47,$ 3422.05,100
2836,11:44:47,$ 3422.27,100
2837,11:44:05,$ 3422.56,149
2838,11:44:02,$ 3422.9841,100
2839,11:43:52,$ 3423.6145,200
2840,11:43:28,$ 3422.555,100
2841,11:43:26,$ 3422.555,100
2842,11:43:01,$ 3422.355,100
2843,11:43:01,$ 3422.56,100
2844,11:42:53,$ 3422.0301,125
2845,11:42:39,$ 3422.51,100
2846,11:42:09,$ 3422.03,100
2847,11:42:07,$ 3422.185,100
2849,11:42:00,$ 3422.44,100
2850,11:42:00,$ 3422.75,150
2851,11:41:57,$ 3423.275,100
2852,11:41:57,$ 3423.44,100
2853,11:41:35,$ 3423.34,100
2854,11:41:16,$ 3423.5834,300
2855,11:40:35,$ 3422.51,100
2856,11:40:16,$ 3422.75,100
2857,11:40:08,$ 3423.045,100
2858,11:39:53,$ 3423.28,100
2859,11:39:50,$ 3423.74,100
2860,11:38:04,$ 3422.58,100
2861,11:37:58,$ 3422.445,170
2862,11:37:44,$ 3422.81,100
2863,11:37:44,$ 3422.46,100
2864,11:37:15,$ 3423.476,100
2865,11:37:11,$ 3423.01,100
2866,11:36:01,$ 3424.175,105
2867,11:35:46,$ 3424.75,100
2868,11:35:46,$ 3424.57,100
2870,11:35:46,$ 3424.58,100
2871,11:35:46,$ 3424.11,100
2872,11:34:49,$ 3423.51,100
2873,11:34:35,$ 3423.67,100
2874,11:34:35,$ 3423.65,100
2875,11:34:35,$ 3423.65,100
2876,11:34:35,$ 3423.32,100
2877,11:34:35,$ 3423.30,100
2878,11:34:17,$ 3422.15,100
2879,11:34:08,$ 3422.63,100
2880,11:33:58,$ 3423.08,100
2881,11:33:58,$ 3423.08,100
2882,11:33:58,$ 3423.08,107
2883,11:33:33,$ 3423.305,300
2884,11:33:12,$ 3423.00,100
2885,11:33:11,$ 3421.93,100
2886,11:33:11,$ 3421.91,100
2887,11:33:11,$ 3421.92,100
2888,11:32:57,$ 3421.14,100
2889,11:32:32,$ 3421.3772,100
2891,11:32:00,$ 3421.97,200
2892,11:31:14,$ 3421.56,100
2893,11:31:14,$ 3421.48,100
2895,12:29:54,$ 3419.58,100
2896,12:29:05,$ 3420.28,100
2897,12:29:01,$ 3419.65,100
2898,12:28:37,$ 3420.30,100
2899,12:28:37,$ 3420.30,100
2900,12:28:37,$ 3420.30,100
2901,12:28:37,$ 3420.30,100
2902,12:28:37,$ 3420.30,100
2903,12:28:37,$ 3420.30,100
2904,12:28:37,$ 3420.505,100
2905,12:28:37,$ 3420.50,100
2906,12:28:37,$ 3420.30,100
2907,12:28:37,$ 3420.50,100
2908,12:28:37,$ 3420.30,100
2909,12:28:37,$ 3420.50,100
2910,12:28:37,$ 3420.30,100
2911,12:28:37,$ 3420.81,100
2912,12:28:37,$ 3420.17,100
2913,12:28:37,$ 3419.89,100
2914,12:28:37,$ 3420.14,100
2916,12:28:15,$ 3420.475,100
2917,12:27:48,$ 3420.77,100
2918,12:27:14,$ 3421.0101,200
2919,12:26:55,$ 3420.83,100
2920,12:26:30,$ 3421.0347,300
2921,12:26:09,$ 3422.495,116
2922,12:25:59,$ 3422.305,100
2923,12:25:54,$ 3422.00,202
2924,12:25:54,$ 3421.825,300
2925,12:25:54,$ 3422.00,175
2926,12:25:37,$ 3421.9999,100
2927,12:25:05,$ 3421.615,200
2928,12:24:25,$ 3421.77,100
2929,12:24:18,$ 3420.78,100
2930,12:23:55,$ 3420.77,100
2931,12:23:54,$ 3421.64,100
2932,12:23:54,$ 3421.5618,175
2933,12:23:54,$ 3421.5618,325
2934,12:23:35,$ 3421.375,100
2935,12:23:09,$ 3420.62,100
2937,12:23:04,$ 3420.4412,100
2938,12:22:55,$ 3420.31,100
2939,12:22:55,$ 3420.24,100
2940,12:22:52,$ 3420.605,100
2941,12:22:50,$ 3420.615,100
2942,12:22:45,$ 3420.485,119
2943,12:22:39,$ 3419.32,154
2944,12:22:39,$ 3419.93,100
2945,12:21:34,$ 3418.745,400
2946,12:21:24,$ 3419.07,100
2947,12:21:14,$ 3418.51,100
2948,12:21:01,$ 3418.2519,100
2949,12:21:01,$ 3417.95,100
2950,12:20:55,$ 3417.28,100
2951,12:20:55,$ 3417.65,100
2952,12:20:30,$ 3418.635,156
2953,12:20:30,$ 3418.37,100
2954,12:20:30,$ 3419.00,500
2955,12:20:30,$ 3419.00,100
2956,12:20:10,$ 3419.62,100
2958,12:19:53,$ 3419.88,100
2959,12:19:27,$ 3420.00,100
2960,12:19:25,$ 3420.93,100
2961,12:19:18,$ 3420.99,100
2962,12:19:18,$ 3420.98,100
2963,12:19:15,$ 3420.99,100
2964,12:18:57,$ 3421.00,100
2965,12:18:31,$ 3422.80,100
2966,12:18:31,$ 3423.05,200
2967,12:18:30,$ 3422.51,102
2968,12:18:25,$ 3421.89,500
2969,12:18:20,$ 3421.88,100
2970,12:18:14,$ 3422.37,100
2971,12:17:55,$ 3423.34,573
2972,12:16:19,$ 3423.09,100
2973,12:16:16,$ 3423.81,100
2974,12:16:13,$ 3422.88,100
2975,12:16:12,$ 3422.60,100
2976,12:16:07,$ 3421.9457,500
2977,12:15:59,$ 3422.56,100
2979,12:15:44,$ 3422.2525,129
2980,12:15:24,$ 3423.115,100
2981,12:15:13,$ 3424.20,100
2982,12:15:13,$ 3424.41,100
2983,12:14:04,$ 3423.94,100
2984,12:14:04,$ 3424.45,100
2985,12:13:50,$ 3425.56,100
2986,12:13:15,$ 3426.29,100
2987,12:12:49,$ 3425.945,100
2988,12:12:31,$ 3426.38,100
2989,12:12:31,$ 3426.0131,750
2990,12:12:05,$ 3426.00,100
2991,12:12:05,$ 3426.03,100
2992,12:12:05,$ 3426.00,185
2993,12:12:05,$ 3426.00,286
2994,12:12:05,$ 3426.00,162
2995,12:12:00,$ 3426.53,100
2996,12:12:00,$ 3426.28,100
2997,12:11:01,$ 3426.59,100
2998,12:09:55,$ 3426.6275,100
3000,12:09:55,$ 3426.86,100
3001,12:09:01,$ 3428.00,100
3002,12:09:01,$ 3428.00,100
3003,12:09:01,$ 3428.02,100
3004,12:09:00,$ 3428.45,100
3005,12:08:04,$ 3427.4096,157
3006,12:07:54,$ 3427.89,100
3007,12:07:22,$ 3428.53,100
3008,12:06:26,$ 3427.11,100
3009,12:06:14,$ 3427.99,100
3010,12:06:14,$ 3427.92,100
3011,12:04:54,$ 3426.53,100
3012,12:03:39,$ 3428.12,100
3013,12:02:31,$ 3427.80,100
3014,12:01:31,$ 3429.20,100
3015,12:01:19,$ 3429.09,100
3016,12:01:18,$ 3429.21,100
3017,12:01:11,$ 3428.795,100
3018,12:00:42,$ 3428.47,100
3020,12:59:50,$ 3414.67,100
3021,12:59:50,$ 3414.66,100
3022,12:59:45,$ 3415.26,100
3023,12:59:40,$ 3415.00,100
3024,12:59:40,$ 3415.00,100
3025,12:59:24,$ 3414.485,116
3026,12:59:00,$ 3415.37,100
3027,12:58:53,$ 3415.28,100
3028,12:58:39,$ 3414.65,100
3029,12:58:35,$ 3414.32,100
3030,12:58:33,$ 3414.68,100
3031,12:58:15,$ 3413.03,253
3032,12:58:15,$ 3413.00,954
3033,12:58:15,$ 3413.06,100
3034,12:58:15,$ 3413.04,100
3035,12:58:15,$ 3413.17,100
3036,12:58:15,$ 3413.33,200
3037,12:58:15,$ 3413.40,400
3038,12:58:15,$ 3413.382,100
3039,12:58:15,$ 3414.00,100
3041,12:58:15,$ 3414.23,200
3042,12:58:15,$ 3414.28,100
3043,12:58:15,$ 3414.47,100
3044,12:58:15,$ 3414.46,100
3045,12:58:15,$ 3415.02,100
3046,12:58:15,$ 3415.00,100
3047,12:56:29,$ 3416.70,101
3048,12:56:21,$ 3416.656,300
3049,12:56:07,$ 3416.17,100
3050,12:54:27,$ 3414.805,100
3051,12:54:24,$ 3414.645,100
3052,12:54:06,$ 3414.06,100
3053,12:54:05,$ 3414.05,100
3054,12:54:03,$ 3414.9099,100
3055,12:53:28,$ 3414.91,100
3056,12:53:09,$ 3414.09,100
3057,12:53:07,$ 3414.5025,400
3058,12:53:07,$ 3414.09,100
3059,12:53:03,$ 3414.96,153
3060,12:53:01,$ 3415.35,100
3062,12:52:58,$ 3415.5101,100
3063,12:52:47,$ 3416.00,100
3064,12:52:31,$ 3417.05,100
3065,12:51:30,$ 3416.53,100
3066,12:51:00,$ 3417.07,100
3067,12:50:29,$ 3417.54,224
3068,12:49:28,$ 3417.235,100
3069,12:49:28,$ 3417.53,100
3070,12:49:26,$ 3417.84,230
3071,12:49:15,$ 3417.68,100
3072,12:48:41,$ 3417.4931,140
3073,12:48:02,$ 3417.96,100
3074,12:47:57,$ 3418.005,100
3075,12:47:55,$ 3418.005,100
3076,12:47:44,$ 3417.94,100
3077,12:47:44,$ 3417.80,100
3078,12:47:41,$ 3417.27,100
3079,12:47:39,$ 3417.05,100
3080,12:47:32,$ 3417.21,100
3081,12:47:32,$ 3417.20,100
3083,12:46:52,$ 3416.54,100
3084,12:46:52,$ 3416.78,100
3085,12:46:04,$ 3418.3117,108
3086,12:45:00,$ 3417.075,100
3087,12:44:54,$ 3417.95,100
3088,12:43:55,$ 3417.79,696
3089,12:43:55,$ 3417.65,100
3090,12:43:20,$ 3416.8876,100
3091,12:43:02,$ 3417.3673,100
3092,12:42:00,$ 3415.43,100
3093,12:41:19,$ 3415.87,100
3094,12:41:16,$ 3415.81,100
3095,12:41:06,$ 3415.76,100
3096,12:40:47,$ 3415.56,100
3097,12:40:47,$ 3415.61,100
3098,12:40:43,$ 3416.09,100
3099,12:40:27,$ 3415.96,100
3100,12:40:23,$ 3415.41,100
3101,12:40:16,$ 3415.36,100
3102,12:39:51,$ 3415.458,300
3104,12:39:46,$ 3415.1601,150
3105,12:39:23,$ 3415.4383,294
3106,12:39:11,$ 3414.91,100
3107,12:39:02,$ 3415.62,100
3108,12:38:29,$ 3414.2894,250
3109,12:38:19,$ 3415.03,100
3110,12:38:14,$ 3415.20,100
3111,12:38:12,$ 3415.20,493
3112,12:38:05,$ 3415.23,100
3113,12:37:34,$ 3415.725,250
3114,12:37:07,$ 3415.895,400
3115,12:37:01,$ 3415.68,100
3116,12:36:23,$ 3417.0999,500
3117,12:36:02,$ 3416.57,100
3118,12:35:55,$ 3416.4499,100
3119,12:35:30,$ 3416.01,300
3120,12:35:23,$ 3416.07,100
3121,12:35:06,$ 3416.03,100
3122,12:35:06,$ 3416.02,100
3123,12:35:05,$ 3416.00,137
3125,12:35:05,$ 3416.04,100
3126,12:35:05,$ 3416.61,100
3127,12:35:01,$ 3416.03,100
3128,12:35:00,$ 3416.46,100
3129,12:34:58,$ 3417.125,100
3130,12:33:08,$ 3417.61,100
3131,12:32:47,$ 3417.635,100
3132,12:32:45,$ 3417.30,100
3133,12:32:34,$ 3417.404,100
3134,12:32:23,$ 3417.95,100
3135,12:32:23,$ 3417.95,100
3136,12:32:23,$ 3417.95,100
3137,12:32:22,$ 3418.0601,400
3138,12:32:21,$ 3418.25,122
3139,12:32:07,$ 3418.81,100
3140,12:31:36,$ 3420.00,100
3141,12:31:35,$ 3419.06,100
3142,12:30:47,$ 3419.17,100
3143,12:30:47,$ 3419.17,100
3144,12:30:47,$ 3419.17,100
3146,12:30:39,$ 3418.618,500
3147,12:30:26,$ 3419.067,100
3148,12:30:25,$ 3418.815,165
3149,12:30:07,$ 3418.7835,100
3151,13:29:39,$ 3418.00,100
3152,13:29:38,$ 3418.0001,300
3153,13:29:36,$ 3418.29,100
3154,13:29:30,$ 3418.58,100
3155,13:29:30,$ 3418.56,100
3156,13:29:15,$ 3418.6001,100
3157,13:28:25,$ 3419.13,100
3158,13:28:09,$ 3419.175,100
3159,13:27:49,$ 3419.3583,150
3160,13:27:34,$ 3419.0226,150
3161,13:27:00,$ 3418.40,200
3162,13:26:59,$ 3418.3901,100
3163,13:26:10,$ 3416.81,100
3164,13:26:10,$ 3417.28,100
3165,13:26:09,$ 3416.55,119
3166,13:26:09,$ 3416.815,100
3167,13:26:01,$ 3418.4999,400
3168,13:26:00,$ 3417.46,100
3169,13:25:59,$ 3417.57,100
3170,13:25:56,$ 3417.31,100
3172,13:25:56,$ 3417.28,100
3173,13:25:56,$ 3417.28,100
3174,13:25:56,$ 3417.30,100
3175,13:25:56,$ 3417.31,100
3176,13:25:56,$ 3417.89,100
3177,13:25:56,$ 3417.28,100
3178,13:25:56,$ 3417.315,100
3179,13:25:56,$ 3417.55,100
3180,13:25:56,$ 3417.70,100
3181,13:25:17,$ 3416.00,100
3182,13:25:05,$ 3416.185,100
3183,13:24:23,$ 3416.00,100
3184,13:24:23,$ 3416.00,100
3185,13:24:07,$ 3415.09,100
3186,13:23:27,$ 3414.97,100
3187,13:21:51,$ 3413.07,100
3188,13:21:51,$ 3413.07,100
3189,13:21:27,$ 3413.00,100
3190,13:21:01,$ 3413.053,100
3191,13:20:21,$ 3412.24,100
3193,13:20:14,$ 3411.25,100
3194,13:20:14,$ 3411.29,100
3195,13:20:02,$ 3411.01,100
3196,13:19:52,$ 3411.615,100
3197,13:19:43,$ 3411.24,100
3198,13:19:43,$ 3411.02,100
3199,13:19:37,$ 3411.33,100
3200,13:19:24,$ 3410.79,100
3201,13:19:19,$ 3411.97,100
3202,13:19:19,$ 3411.26,100
3203,13:19:14,$ 3411.8477,100
3204,13:18:32,$ 3411.49,100
3205,13:18:27,$ 3410.899,100
3206,13:18:02,$ 3410.41,100
3207,13:18:02,$ 3410.41,115
3208,13:18:02,$ 3410.42,100
3209,13:17:58,$ 3410.12,100
3210,13:17:53,$ 3409.76,100
3211,13:17:22,$ 3409.4206,156
3212,13:17:21,$ 3410.00,400
3214,13:17:21,$ 3410.00,"1,134"
3215,13:17:21,$ 3410.00,100
3216,13:17:15,$ 3410.50,400
3217,13:17:15,$ 3410.50,100
3218,13:17:07,$ 3411.00,250
3219,13:16:14,$ 3412.205,100
3220,13:15:32,$ 3411.33,150
3221,13:14:23,$ 3411.94,100
3222,13:14:16,$ 3411.611,250
3223,13:14:05,$ 3411.55,100
3224,13:13:52,$ 3411.4484,300
3225,13:12:58,$ 3412.54,400
3226,13:12:51,$ 3412.545,100
3227,13:12:51,$ 3412.545,500
3228,13:12:04,$ 3412.98,100
3229,13:11:53,$ 3413.54,400
3230,13:11:48,$ 3412.955,100
3231,13:11:48,$ 3412.955,100
3232,13:11:25,$ 3414.00,100
3233,13:11:24,$ 3413.99,100
3235,13:11:23,$ 3413.15,100
3236,13:11:23,$ 3412.44,100
3237,13:11:12,$ 3411.9921,100
3238,13:11:05,$ 3412.00,100
3239,13:11:05,$ 3412.3325,400
3240,13:10:54,$ 3412.80,100
3241,13:10:54,$ 3412.80,352
3242,13:10:54,$ 3412.8475,155
3243,13:10:32,$ 3413.58,100
3244,13:10:32,$ 3413.56,100
3245,13:10:05,$ 3413.95,100
3246,13:10:04,$ 3413.95,112
3247,13:10:04,$ 3413.96,199
3248,13:09:58,$ 3414.92,100
3249,13:09:58,$ 3414.40,300
3250,13:09:48,$ 3414.55,100
3251,13:09:47,$ 3414.55,100
3252,13:09:43,$ 3414.26,149
3253,13:09:40,$ 3413.14,100
3254,13:09:37,$ 3413.455,100
3256,13:09:27,$ 3413.75,200
3257,13:09:25,$ 3413.60,100
3258,13:09:15,$ 3413.14,100
3259,13:08:12,$ 3412.60,100
3260,13:07:52,$ 3412.9501,100
3261,13:07:44,$ 3413.62,100
3262,13:07:44,$ 3413.55,100
3263,13:07:44,$ 3413.56,100
3264,13:07:29,$ 3413.27,200
3265,13:07:29,$ 3413.58,200
3266,13:07:27,$ 3413.265,100
3267,13:07:25,$ 3413.54,100
3268,13:07:25,$ 3413.5272,400
3269,13:07:25,$ 3413.60,100
3270,13:07:25,$ 3413.419,100
3271,13:06:50,$ 3412.92,100
3272,13:06:50,$ 3412.92,100
3273,13:06:42,$ 3412.302,210
3274,13:06:18,$ 3412.35,100
3275,13:06:00,$ 3412.81,100
3277,13:06:00,$ 3412.60,100
3278,13:05:39,$ 3412.3434,100
3279,13:05:38,$ 3412.79,100
3280,13:05:33,$ 3412.72,100
3281,13:05:29,$ 3412.72,100
3282,13:05:08,$ 3413.26,100
3283,13:05:01,$ 3413.45,100
3284,13:04:33,$ 3413.565,100
3285,13:04:25,$ 3413.03,100
3286,13:04:25,$ 3413.28,100
3287,13:04:24,$ 3413.34,100
3288,13:04:24,$ 3413.34,100
3289,13:04:24,$ 3413.34,100
3290,13:04:24,$ 3413.34,100
3291,13:03:50,$ 3414.45,198
3292,13:03:42,$ 3414.14,100
3293,13:01:49,$ 3414.20,100
3294,13:01:38,$ 3413.29,878
3295,13:01:21,$ 3414.00,129
3296,13:00:47,$ 3414.03,100
3298,13:00:36,$ 3413.99,100
3299,13:00:36,$ 3413.99,200
3300,13:00:36,$ 3413.99,100
3301,13:00:36,$ 3414.00,100
3302,13:00:36,$ 3413.99,100
3304,13:59:59,$ 3418.425,100
3305,13:59:36,$ 3418.575,339
3306,13:59:31,$ 3418.465,100
3307,13:59:01,$ 3419.475,200
3308,13:58:23,$ 3419.305,100
3309,13:58:18,$ 3419.26,100
3310,13:58:17,$ 3419.7923,248
3311,13:58:11,$ 3419.00,100
3312,13:57:41,$ 3418.22,100
3313,13:57:28,$ 3418.535,400
3314,13:57:08,$ 3419.24,100
3315,13:56:06,$ 3420.2018,200
3316,13:55:13,$ 3420.275,100
3317,13:53:38,$ 3421.2999,293
3318,13:53:34,$ 3421.15,100
3319,13:53:26,$ 3420.99,100
3320,13:53:26,$ 3420.73,100
3321,13:53:26,$ 3420.59,120
3322,13:53:26,$ 3420.59,100
3323,13:53:26,$ 3420.59,100
3325,13:52:56,$ 3420.00,100
3326,13:52:55,$ 3420.255,100
3327,13:52:50,$ 3420.03,100
3328,13:52:22,$ 3420.93,120
3329,13:52:21,$ 3421.00,100
3330,13:52:02,$ 3421.615,100
3331,13:51:57,$ 3421.59,100
3332,13:51:54,$ 3421.92,100
3333,13:51:52,$ 3421.94,100
3334,13:51:28,$ 3422.03,100
3335,13:51:24,$ 3422.06,100
3336,13:51:21,$ 3422.07,100
3337,13:51:19,$ 3422.07,100
3338,13:51:15,$ 3422.24,100
3339,13:50:57,$ 3423.00,100
3340,13:50:31,$ 3423.2986,221
3341,13:50:30,$ 3423.46,100
3342,13:50:06,$ 3423.1301,116
3343,13:49:40,$ 3424.0151,140
3344,13:49:35,$ 3423.61,100
3346,13:49:35,$ 3423.58,100
3347,13:49:26,$ 3424.5863,100
3348,13:49:26,$ 3424.325,100
3349,13:49:25,$ 3424.08,100
3350,13:49:23,$ 3424.0094,400
3351,13:47:40,$ 3425.498,100
3352,13:46:51,$ 3425.11,100
3353,13:46:48,$ 3424.2401,150
3354,13:46:31,$ 3424.9425,400
3355,13:46:29,$ 3424.2847,100
3356,13:46:01,$ 3424.55,100
3357,13:44:53,$ 3425.31,105
3358,13:44:41,$ 3425.05,171
3359,13:44:15,$ 3425.20,100
3360,13:44:15,$ 3425.05,100
3361,13:43:31,$ 3425.585,300
3362,13:43:01,$ 3426.25,100
3363,13:42:59,$ 3425.91,100
3364,13:42:40,$ 3425.77,100
3365,13:41:35,$ 3425.705,100
3367,13:41:35,$ 3425.705,100
3368,13:41:13,$ 3425.8048,100
3369,13:40:47,$ 3425.04,100
3370,13:40:40,$ 3425.4049,100
3371,13:39:33,$ 3426.30,100
3372,13:39:31,$ 3426.79,100
3373,13:39:26,$ 3426.1448,100
3374,13:39:17,$ 3425.93,100
3375,13:39:16,$ 3425.98,100
3376,13:39:16,$ 3425.945,285
3377,13:39:16,$ 3425.97,100
3378,13:39:16,$ 3425.972,100
3379,13:39:16,$ 3425.97,100
3380,13:39:10,$ 3425.46,200
3381,13:38:07,$ 3424.6863,100
3382,13:38:06,$ 3424.8092,100
3383,13:37:49,$ 3424.8386,100
3384,13:37:21,$ 3425.1236,100
3385,13:37:02,$ 3425.45,100
3386,13:36:28,$ 3425.00,100
3388,13:36:24,$ 3424.8699,120
3389,13:35:58,$ 3424.085,100
3390,13:35:58,$ 3424.4399,200
3391,13:35:58,$ 3424.4399,100
3392,13:35:58,$ 3424.4399,100
3393,13:35:58,$ 3424.4399,100
3394,13:35:57,$ 3423.81,144
3395,13:35:57,$ 3423.97,100
3396,13:35:56,$ 3423.69,101
3397,13:35:50,$ 3422.9997,200
3398,13:35:50,$ 3422.785,172
3399,13:35:49,$ 3423.00,100
3400,13:35:30,$ 3423.51,100
3401,13:35:27,$ 3423.88,400
3402,13:35:27,$ 3423.78,142
3403,13:35:08,$ 3423.57,100
3404,13:34:53,$ 3423.54,100
3405,13:34:53,$ 3423.55,103
3406,13:34:53,$ 3423.5399,300
3407,13:34:37,$ 3422.75,100
3409,13:34:37,$ 3421.605,100
3410,13:34:37,$ 3422.79,100
3411,13:34:37,$ 3423.02,100
3412,13:34:37,$ 3422.05,100
3413,13:34:37,$ 3421.98,100
3414,13:34:37,$ 3421.98,100
3415,13:34:37,$ 3421.37,100
3416,13:34:37,$ 3421.605,100
3417,13:34:37,$ 3421.84,200
3418,13:34:37,$ 3421.43,100
3419,13:34:25,$ 3421.31,100
3420,13:34:18,$ 3421.56,100
3421,13:34:15,$ 3421.0201,400
3422,13:34:12,$ 3421.00,386
3423,13:34:12,$ 3421.00,180
3424,13:34:12,$ 3421.00,345
3425,13:34:12,$ 3420.50,100
3426,13:34:12,$ 3420.78,100
3427,13:34:12,$ 3420.67,100
3428,13:34:12,$ 3420.76,100
3430,13:34:12,$ 3420.78,100
3431,13:34:12,$ 3420.45,100
3432,13:34:12,$ 3420.78,500
3433,13:34:05,$ 3419.81,100
3434,13:33:43,$ 3419.399,100
3435,13:33:21,$ 3419.655,100
3436,13:33:17,$ 3419.93,100
3437,13:33:09,$ 3418.9334,117
3438,13:33:09,$ 3420.2599,140
3439,13:33:08,$ 3420.0273,113
3440,13:33:08,$ 3418.9334,167
3441,13:33:08,$ 3419.53,100
3442,13:33:06,$ 3419.5301,100
3443,13:33:00,$ 3419.96,400
3444,13:32:16,$ 3420.25,100
3445,13:32:14,$ 3420.44,100
3446,13:32:10,$ 3420.7386,183
3447,13:31:55,$ 3420.11,250
3448,13:31:54,$ 3420.00,200
3449,13:31:26,$ 3418.73,100
3451,13:30:52,$ 3418.29,100
3453,14:29:17,$ 3426.93,100
3454,14:29:17,$ 3426.95,100
3455,14:29:17,$ 3426.99,100
3456,14:29:17,$ 3427.00,330
3457,14:28:47,$ 3426.82,100
3458,14:28:20,$ 3427.00,100
3459,14:28:20,$ 3427.35,100
3460,14:27:23,$ 3427.8275,351
3461,14:27:20,$ 3427.0001,100
3462,14:27:03,$ 3428.38,100
3463,14:26:58,$ 3427.69,400
3464,14:26:50,$ 3428.00,100
3465,14:26:15,$ 3429.045,400
3466,14:26:05,$ 3429.27,100
3467,14:26:05,$ 3428.84,100
3468,14:25:23,$ 3429.01,100
3469,14:25:23,$ 3429.01,100
3470,14:25:22,$ 3429.90,100
3471,14:25:09,$ 3430.9999,100
3472,14:24:59,$ 3429.5601,100
3474,14:24:53,$ 3429.81,100
3475,14:24:09,$ 3428.985,100
3476,14:23:59,$ 3429.21,100
3477,14:23:38,$ 3429.20,200
3478,14:23:37,$ 3429.0895,100
3479,14:23:23,$ 3430.15,100
3480,14:23:23,$ 3430.12,100
3481,14:23:23,$ 3430.12,100
3482,14:23:23,$ 3430.12,100
3483,14:23:23,$ 3430.12,100
3484,14:23:23,$ 3430.12,100
3485,14:23:23,$ 3430.12,100
3486,14:23:23,$ 3430.07,100
3487,14:23:19,$ 3428.88,100
3488,14:23:19,$ 3429.234,200
3489,14:23:19,$ 3429.26,100
3490,14:23:07,$ 3430.82,100
3491,14:23:07,$ 3430.84,489
3492,14:22:57,$ 3429.56,108
3493,14:22:57,$ 3429.49,200
3495,14:22:36,$ 3429.4899,100
3496,14:22:26,$ 3429.425,100
3497,14:22:25,$ 3429.03,450
3498,14:22:17,$ 3428.49,100
3499,14:22:17,$ 3428.26,100
3500,14:21:38,$ 3427.375,100
3501,14:21:33,$ 3427.375,100
3502,14:21:25,$ 3427.47,100
3503,14:20:52,$ 3426.58,100
3504,14:20:32,$ 3427.015,100
3505,14:20:32,$ 3427.01,100
3506,14:20:31,$ 3426.8746,400
3507,14:20:26,$ 3426.84,200
3508,14:20:22,$ 3426.34,100
3509,14:20:22,$ 3426.7778,107
3510,14:20:06,$ 3426.86,100
3511,14:20:02,$ 3426.835,100
3512,14:19:41,$ 3426.8298,400
3513,14:19:38,$ 3426.58,100
3514,14:19:32,$ 3427.02,100
3516,14:18:53,$ 3426.50,100
3517,14:17:41,$ 3425.4709,160
3518,14:17:40,$ 3426.00,100
3519,14:17:30,$ 3425.56,100
3520,14:17:09,$ 3425.355,100
3521,14:17:04,$ 3425.0403,400
3522,14:16:46,$ 3424.89,100
3523,14:16:23,$ 3424.4082,292
3524,14:15:01,$ 3424.805,150
3525,14:14:41,$ 3424.81,100
3526,14:14:41,$ 3424.295,100
3527,14:14:41,$ 3424.58,100
3528,14:14:25,$ 3424.9799,400
3529,14:14:14,$ 3423.46,200
3530,14:14:14,$ 3423.85,100
3531,14:14:14,$ 3423.85,895
3532,14:13:55,$ 3423.33,100
3533,14:13:38,$ 3423.2097,335
3534,14:13:23,$ 3424.50,100
3535,14:13:23,$ 3424.51,100
3537,14:12:56,$ 3425.23,100
3538,14:12:19,$ 3425.14,100
3539,14:11:06,$ 3425.0708,100
3540,14:10:46,$ 3425.67,100
3541,14:10:07,$ 3426.8146,500
3542,14:09:34,$ 3427.95,100
3543,14:09:26,$ 3428.5985,290
3544,14:09:26,$ 3427.89,200
3545,14:09:26,$ 3427.70,100
3546,14:09:26,$ 3427.72,100
3547,14:09:26,$ 3427.97,100
3548,14:09:26,$ 3427.95,100
3549,14:09:26,$ 3427.64,200
3550,14:09:26,$ 3427.64,200
3551,14:09:26,$ 3427.64,200
3552,14:09:26,$ 3427.89,200
3553,14:09:26,$ 3427.89,200
3554,14:09:26,$ 3427.36,100
3555,14:09:26,$ 3427.37,200
3556,14:09:26,$ 3426.93,200
3558,14:08:59,$ 3426.5575,400
3559,14:08:31,$ 3425.71,100
3560,14:08:31,$ 3425.49,100
3561,14:08:18,$ 3425.275,400
3562,14:08:08,$ 3424.9184,300
3563,14:08:07,$ 3425.185,100
3564,14:08:04,$ 3425.27,100
3565,14:08:01,$ 3425.4115,203
3566,14:07:59,$ 3425.65,100
3567,14:07:32,$ 3425.765,100
3568,14:07:07,$ 3427.08,100
3569,14:07:07,$ 3427.08,100
3570,14:07:06,$ 3427.1201,200
3571,14:06:40,$ 3427.48,250
3572,14:06:37,$ 3427.38,100
3573,14:06:35,$ 3428.05,100
3574,14:06:35,$ 3428.15,100
3575,14:06:34,$ 3428.16,100
3576,14:06:31,$ 3428.15,260
3577,14:06:31,$ 3428.13,100
3579,14:06:20,$ 3427.7917,100
3580,14:05:48,$ 3426.55,200
3581,14:05:46,$ 3426.88,100
3582,14:05:46,$ 3426.25,122
3583,14:05:40,$ 3425.305,100
3584,14:05:40,$ 3425.27,133
3585,14:05:37,$ 3424.89,121
3586,14:05:00,$ 3424.00,100
3587,14:03:53,$ 3423.2856,120
3588,14:02:57,$ 3421.83,100
3589,14:02:28,$ 3420.54,100
3590,14:02:21,$ 3421.00,100
3591,14:02:21,$ 3421.00,100
3592,14:01:16,$ 3418.39,100
3593,14:01:00,$ 3417.56,200
3594,14:00:46,$ 3418.485,100
3595,14:00:36,$ 3418.94,100
3596,14:00:36,$ 3418.41,100
3598,14:59:27,$ 3424.3993,400
3599,14:59:24,$ 3424.9499,100
3600,14:59:13,$ 3424.87,464
3601,14:59:07,$ 3424.53,100
3602,14:58:45,$ 3423.995,400
3603,14:58:26,$ 3424.3473,100
3604,14:58:03,$ 3424.47,400
3605,14:57:24,$ 3425.77,100
3606,14:57:13,$ 3425.7699,100
3607,14:57:11,$ 3425.00,900
3608,14:56:06,$ 3425.83,100
3609,14:56:00,$ 3426.045,100
3610,14:55:53,$ 3426.58,100
3611,14:55:48,$ 3426.39,100
3612,14:55:22,$ 3426.1801,100
3613,14:54:24,$ 3427.10,100
3614,14:52:01,$ 3428.58,100
3615,14:51:53,$ 3429.07,"3,600"
3616,14:51:53,$ 3429.07,150
3617,14:51:53,$ 3429.07,174
3619,14:51:50,$ 3428.98,100
3620,14:51:48,$ 3428.61,100
3621,14:51:22,$ 3428.15,100
3622,14:51:18,$ 3427.62,100
3623,14:50:50,$ 3428.00,173
3624,14:50:50,$ 3427.88,100
3625,14:50:50,$ 3428.00,107
3626,14:50:46,$ 3427.81,400
3627,14:49:55,$ 3428.4475,383
3628,14:49:45,$ 3428.5283,150
3629,14:49:33,$ 3428.65,100
3630,14:48:58,$ 3428.18,400
3631,14:48:43,$ 3427.77,100
3632,14:48:42,$ 3428.11,100
3633,14:48:31,$ 3428.4134,300
3634,14:48:22,$ 3428.57,100
3635,14:48:02,$ 3428.1375,400
3636,14:47:27,$ 3428.39,100
3637,14:47:27,$ 3428.3899,100
3638,14:47:27,$ 3428.3899,100
3640,14:47:27,$ 3428.39,100
3641,14:47:27,$ 3428.3899,100
3642,14:47:17,$ 3427.97,200
3643,14:47:13,$ 3427.87,100
3644,14:47:09,$ 3427.92,100
3645,14:46:54,$ 3428.2708,856
3646,14:46:54,$ 3428.2708,161
3647,14:46:54,$ 3427.86,100
3648,14:46:43,$ 3427.71,100
3649,14:46:43,$ 3427.79,100
3650,14:46:43,$ 3427.84,100
3651,14:46:33,$ 3428.21,100
3652,14:44:47,$ 3427.20,200
3653,14:44:37,$ 3427.81,100
3654,14:44:36,$ 3428.05,100
3655,14:44:36,$ 3427.99,100
3656,14:44:35,$ 3427.25,194
3657,14:44:35,$ 3427.25,245
3658,14:44:12,$ 3427.56,100
3659,14:42:05,$ 3425.95,100
3661,14:41:36,$ 3425.17,100
3662,14:41:14,$ 3424.1101,100
3663,14:40:36,$ 3425.00,500
3664,14:40:16,$ 3425.49,100
3665,14:38:21,$ 3425.67,100
3666,14:38:21,$ 3426.265,100
3667,14:37:45,$ 3427.1799,100
3668,14:36:37,$ 3426.52,400
3669,14:36:29,$ 3426.44,100
3670,14:36:25,$ 3426.70,100
3671,14:36:09,$ 3426.87,100
3672,14:35:59,$ 3427.425,400
3673,14:35:57,$ 3427.10,100
3674,14:35:42,$ 3427.48,100
3675,14:35:40,$ 3428.835,100
3676,14:35:07,$ 3428.6631,400
3677,14:35:01,$ 3428.17,966
3678,14:35:01,$ 3428.19,100
3679,14:34:07,$ 3428.012,264
3680,14:34:00,$ 3428.42,100
3682,14:33:13,$ 3427.98,400
3683,14:32:52,$ 3426.91,100
3684,14:32:47,$ 3428.52,100
3685,14:32:21,$ 3427.77,300
3686,14:32:21,$ 3427.485,400
3687,14:32:08,$ 3427.315,100
3688,14:30:13,$ 3427.18,100
3690,15:28:59,$ 3429.93,100
3691,15:28:58,$ 3429.53,100
3692,15:28:47,$ 3428.94,100
3693,15:28:42,$ 3428.935,400
3694,15:28:30,$ 3429.36,100
3695,15:28:21,$ 3428.50,100
3696,15:28:15,$ 3429.10,100
3697,15:27:38,$ 3430.46,100
3698,15:27:12,$ 3430.525,100
3699,15:26:54,$ 3430.72,100
3700,15:26:54,$ 3431.24,100
3701,15:26:43,$ 3431.6675,219
3702,15:26:21,$ 3431.22,100
3703,15:26:21,$ 3431.22,100
3704,15:26:21,$ 3431.69,100
3705,15:26:21,$ 3432.005,100
3706,15:26:16,$ 3432.47,100
3707,15:25:06,$ 3432.678,100
3708,15:25:01,$ 3432.11,100
3709,15:24:48,$ 3432.02,100
3711,15:23:41,$ 3431.0001,400
3712,15:23:29,$ 3431.725,100
3713,15:23:17,$ 3431.28,100
3714,15:23:11,$ 3431.10,265
3715,15:23:11,$ 3432.29,100
3716,15:22:04,$ 3430.57,100
3717,15:22:04,$ 3430.57,100
3718,15:22:00,$ 3430.30,400
3719,15:21:56,$ 3430.56,100
3720,15:21:56,$ 3430.58,100
3721,15:21:16,$ 3430.15,100
3722,15:20:42,$ 3430.755,400
3723,15:20:41,$ 3430.765,100
3724,15:20:06,$ 3430.05,100
3725,15:19:42,$ 3428.50,400
3726,15:19:30,$ 3429.4008,475
3727,15:19:30,$ 3429.4008,290
3728,15:19:30,$ 3429.23,181
3729,15:19:15,$ 3428.3899,400
3730,15:19:11,$ 3428.04,100
3732,15:19:11,$ 3427.88,100
3733,15:19:04,$ 3426.466,350
3734,15:18:48,$ 3426.6898,112
3735,15:18:45,$ 3426.62,100
3736,15:18:44,$ 3426.73,100
3737,15:18:38,$ 3426.5325,400
3738,15:18:29,$ 3426.03,100
3739,15:18:26,$ 3427.00,100
3740,15:18:16,$ 3427.46,100
3741,15:18:16,$ 3427.43,100
3742,15:18:16,$ 3427.43,100
3743,15:18:04,$ 3427.915,500
3744,15:17:26,$ 3428.235,100
3745,15:17:23,$ 3427.6307,443
3746,15:17:11,$ 3429.385,100
3747,15:17:09,$ 3429.0501,400
3748,15:16:59,$ 3429.47,400
3749,15:16:27,$ 3428.8601,100
3750,15:16:10,$ 3429.15,100
3751,15:16:09,$ 3429.0096,452
3753,15:16:06,$ 3429.9951,200
3754,15:15:35,$ 3429.4625,174
3755,15:15:35,$ 3429.4625,139
3756,15:15:20,$ 3429.455,100
3757,15:15:14,$ 3429.07,100
3758,15:15:12,$ 3429.0273,100
3759,15:14:55,$ 3428.7362,100
3760,15:14:40,$ 3429.76,100
3761,15:14:38,$ 3428.85,100
3762,15:14:38,$ 3428.67,100
3763,15:14:37,$ 3428.44,300
3764,15:14:35,$ 3428.01,100
3765,15:14:35,$ 3428.00,100
3766,15:14:35,$ 3428.00,100
3767,15:14:35,$ 3428.02,100
3768,15:14:35,$ 3428.00,200
3769,15:14:35,$ 3428.00,115
3770,15:14:34,$ 3429.11,100
3771,15:14:34,$ 3428.07,100
3772,15:14:34,$ 3428.02,100
3774,15:14:34,$ 3428.72,115
3775,15:14:33,$ 3429.69,100
3776,15:14:33,$ 3429.74,100
3777,15:14:16,$ 3430.07,100
3778,15:14:05,$ 3430.16,100
3779,15:13:57,$ 3430.96,120
3780,15:13:38,$ 3430.44,100
3781,15:13:21,$ 3430.761,110
3782,15:13:20,$ 3430.45,100
3783,15:13:14,$ 3431.51,300
3784,15:12:54,$ 3432.32,100
3785,15:12:51,$ 3432.33,100
3786,15:12:51,$ 3432.33,100
3787,15:12:34,$ 3431.72,100
3788,15:12:31,$ 3432.216,100
3789,15:12:24,$ 3433.00,100
3790,15:12:06,$ 3432.51,100
3791,15:12:06,$ 3432.51,100
3792,15:12:01,$ 3432.77,100
3793,15:12:00,$ 3432.29,400
3795,15:11:32,$ 3432.73,136
3796,15:11:05,$ 3432.73,100
3797,15:11:03,$ 3431.45,"1,000"
3798,15:11:02,$ 3432.37,400
3799,15:10:42,$ 3431.37,100
3800,15:10:42,$ 3431.36,100
3801,15:10:29,$ 3431.40,100
3802,15:10:26,$ 3431.7575,400
3803,15:10:26,$ 3431.84,100
3804,15:10:23,$ 3431.90,100
3805,15:10:22,$ 3432.11,102
3806,15:10:15,$ 3431.96,100
3807,15:10:00,$ 3431.88,100
3808,15:10:00,$ 3432.1125,100
3809,15:09:57,$ 3432.2868,100
3810,15:09:52,$ 3432.06,100
3811,15:09:49,$ 3431.775,100
3812,15:09:43,$ 3432.01,100
3813,15:09:43,$ 3432.01,100
3814,15:09:43,$ 3432.00,100
3816,15:09:26,$ 3433.00,500
3817,15:09:13,$ 3432.3601,400
3818,15:09:13,$ 3432.62,100
3819,15:09:13,$ 3432.62,100
3820,15:08:45,$ 3432.48,100
3821,15:08:45,$ 3432.00,100
3822,15:08:19,$ 3430.65,100
3823,15:08:13,$ 3430.40,100
3824,15:08:05,$ 3430.4975,400
3825,15:07:58,$ 3430.265,100
3826,15:07:56,$ 3430.47,100
3827,15:07:52,$ 3429.88,100
3828,15:07:52,$ 3430.00,100
3829,15:07:25,$ 3429.21,100
3830,15:07:11,$ 3429.63,100
3831,15:07:03,$ 3429.14,100
3832,15:06:46,$ 3428.31,100
3833,15:06:44,$ 3428.87,100
3834,15:06:44,$ 3428.6532,100
3835,15:06:37,$ 3428.95,100
3837,15:06:33,$ 3428.87,100
3838,15:05:51,$ 3429.30,500
3839,15:05:47,$ 3428.62,400
3840,15:05:46,$ 3429.00,296
3841,15:05:35,$ 3429.02,100
3842,15:05:04,$ 3428.76,100
