,NLS Time (ET),NLS Price,NLS Share Volume
1,09:59:53,$ 3737.14,270
2,09:59:46,$ 3739.0433,100
3,09:59:35,$ 3738.51,100
4,09:59:35,$ 3737.582,100
5,09:59:35,$ 3738.212,100
6,09:59:32,$ 3739.35,100
7,09:59:19,$ 3738.65,100
8,09:59:18,$ 3738.99,100
9,09:59:18,$ 3739.29,100
10,09:59:02,$ 3738.21,100
11,09:59:02,$ 3737.80,170
12,09:58:56,$ 3738.52,100
13,09:58:55,$ 3738.01,100
14,09:58:50,$ 3738.00,200
15,09:58:48,$ 3737.815,100
16,09:58:45,$ 3737.4534,730
17,09:58:45,$ 3737.53,100
18,09:58:45,$ 3737.55,100
19,09:58:45,$ 3738.02,100
20,09:58:44,$ 3738.764,250
22,09:58:44,$ 3739.08,100
23,09:58:37,$ 3739.70,100
24,09:58:33,$ 3740.2927,100
25,09:58:32,$ 3740.43,100
26,09:58:32,$ 3740.52,100
27,09:58:32,$ 3740.26,100
28,09:58:32,$ 3740.08,100
29,09:58:31,$ 3740.4265,100
30,09:58:31,$ 3740.5058,695
31,09:58:31,$ 3741.051,171
32,09:58:31,$ 3740.97,100
33,09:58:22,$ 3741.035,"1,000"
34,09:58:16,$ 3740.5601,300
35,09:58:16,$ 3741.64,100
36,09:58:16,$ 3742.00,130
37,09:58:16,$ 3742.00,100
38,09:58:13,$ 3740.43,200
39,09:57:58,$ 3740.00,100
40,09:57:58,$ 3740.00,100
41,09:57:57,$ 3739.09,100
43,09:57:57,$ 3739.00,100
44,09:57:57,$ 3738.63,116
45,09:57:56,$ 3738.00,200
46,09:57:56,$ 3738.00,100
47,09:57:50,$ 3737.64,100
48,09:57:49,$ 3738.165,100
49,09:57:44,$ 3737.935,100
50,09:57:43,$ 3737.2501,126
51,09:57:42,$ 3737.94,100
52,09:57:35,$ 3737.30,100
53,09:57:29,$ 3738.59,100
54,09:57:28,$ 3737.875,270
55,09:57:21,$ 3737.86,100
56,09:57:06,$ 3737.05,100
57,09:57:04,$ 3737.22,100
58,09:56:59,$ 3736.805,100
59,09:56:59,$ 3737.37,100
60,09:56:58,$ 3736.80,100
61,09:56:58,$ 3737.00,100
62,09:56:58,$ 3736.99,100
64,09:56:58,$ 3737.00,100
65,09:56:52,$ 3736.50,100
66,09:56:46,$ 3736.11,100
67,09:56:46,$ 3736.11,100
68,09:56:46,$ 3735.97,100
69,09:56:40,$ 3736.475,100
70,09:56:12,$ 3736.29,100
71,09:56:09,$ 3737.335,200
72,09:56:04,$ 3735.93,128
73,09:56:03,$ 3735.93,100
74,09:56:02,$ 3735.3017,245
75,09:56:02,$ 3735.36,100
76,09:56:02,$ 3735.31,100
77,09:56:00,$ 3735.845,100
78,09:55:59,$ 3735.815,200
79,09:55:56,$ 3735.22,100
80,09:55:56,$ 3735.20,100
81,09:55:56,$ 3735.795,100
82,09:55:56,$ 3735.795,100
83,09:55:56,$ 3735.99,100
85,09:55:52,$ 3735.21,100
86,09:55:51,$ 3735.605,100
87,09:55:48,$ 3737.40,100
88,09:55:44,$ 3736.32,100
89,09:55:38,$ 3736.2454,481
90,09:55:30,$ 3735.9401,100
91,09:55:28,$ 3736.6999,200
92,09:55:27,$ 3738.16,100
93,09:55:27,$ 3739.14,100
94,09:55:26,$ 3739.3134,100
95,09:55:17,$ 3740.22,100
96,09:55:15,$ 3739.885,500
97,09:55:14,$ 3740.00,100
98,09:55:13,$ 3740.41,100
99,09:55:11,$ 3740.00,100
100,09:55:11,$ 3740.00,100
101,09:55:09,$ 3738.8736,100
102,09:55:08,$ 3738.925,100
103,09:55:07,$ 3738.99,100
104,09:55:07,$ 3739.25,100
106,09:55:07,$ 3739.00,100
107,09:55:05,$ 3738.63,100
108,09:55:03,$ 3739.00,100
109,09:55:03,$ 3739.00,100
110,09:55:03,$ 3738.00,117
111,09:55:02,$ 3738.00,100
112,09:55:02,$ 3738.00,100
113,09:55:00,$ 3738.00,100
114,09:55:00,$ 3738.00,100
115,09:55:00,$ 3738.05,100
116,09:55:00,$ 3737.88,100
117,09:55:00,$ 3738.00,100
118,09:55:00,$ 3738.00,158
119,09:55:00,$ 3738.00,100
120,09:55:00,$ 3737.36,100
121,09:54:41,$ 3736.18,100
122,09:54:41,$ 3736.305,100
123,09:54:41,$ 3736.205,100
124,09:54:41,$ 3736.205,100
125,09:54:27,$ 3734.70,100
127,09:54:27,$ 3734.70,100
128,09:54:27,$ 3735.24,100
129,09:54:27,$ 3735.00,100
130,09:54:27,$ 3735.15,100
131,09:54:27,$ 3735.14,100
132,09:54:20,$ 3735.80,100
133,09:54:15,$ 3735.165,100
134,09:54:08,$ 3735.71,200
135,09:54:08,$ 3735.71,200
136,09:54:04,$ 3735.8925,100
137,09:53:56,$ 3734.4985,100
138,09:53:56,$ 3734.515,100
139,09:53:55,$ 3735.00,200
140,09:53:51,$ 3735.82,100
141,09:53:47,$ 3736.244,133
142,09:53:44,$ 3735.71,100
143,09:53:37,$ 3736.85,100
144,09:53:27,$ 3736.4601,100
145,09:53:19,$ 3737.9822,150
146,09:53:16,$ 3738.00,133
148,09:53:15,$ 3736.6273,400
149,09:53:07,$ 3738.00,100
150,09:53:04,$ 3737.20,100
151,09:53:04,$ 3738.2999,100
152,09:53:04,$ 3737.00,327
153,09:52:54,$ 3737.6352,133
154,09:52:53,$ 3735.55,100
155,09:52:47,$ 3734.85,145
156,09:52:47,$ 3735.54,145
157,09:52:41,$ 3734.33,100
158,09:52:41,$ 3733.1713,150
159,09:52:33,$ 3733.70,100
160,09:52:17,$ 3733.73,100
161,09:52:15,$ 3733.708,100
162,09:52:15,$ 3733.735,100
163,09:52:10,$ 3734.41,100
164,09:52:07,$ 3734.41,100
165,09:52:06,$ 3734.41,100
166,09:52:05,$ 3736.42,100
167,09:52:01,$ 3735.82,100
169,09:52:00,$ 3735.0201,100
170,09:51:59,$ 3735.02,100
171,09:51:58,$ 3735.02,100
172,09:51:58,$ 3735.77,100
173,09:51:58,$ 3735.77,100
174,09:51:57,$ 3735.87,"1,000"
175,09:51:56,$ 3737.2229,100
176,09:51:55,$ 3736.49,100
177,09:51:55,$ 3737.195,100
178,09:51:55,$ 3737.87,315
179,09:51:55,$ 3737.87,160
180,09:51:53,$ 3738.52,100
181,09:51:52,$ 3737.57,400
182,09:51:51,$ 3738.976,100
183,09:51:50,$ 3738.92,100
184,09:51:50,$ 3738.05,100
185,09:51:50,$ 3737.93,100
186,09:51:39,$ 3736.50,100
187,09:51:34,$ 3735.00,100
188,09:51:25,$ 3733.675,100
190,09:51:25,$ 3733.675,150
191,09:51:13,$ 3733.00,100
192,09:51:11,$ 3732.975,100
193,09:50:52,$ 3731.28,100
194,09:50:52,$ 3732.27,100
195,09:50:52,$ 3732.21,100
196,09:50:49,$ 3730.6998,100
197,09:50:48,$ 3731.61,147
198,09:50:47,$ 3731.45,100
199,09:50:47,$ 3732.01,100
200,09:50:38,$ 3733.0351,156
201,09:50:33,$ 3733.98,"1,000"
202,09:50:33,$ 3733.5648,400
203,09:50:27,$ 3733.67,100
204,09:50:27,$ 3733.70,100
205,09:50:13,$ 3732.6948,450
206,09:50:12,$ 3732.96,100
207,09:50:12,$ 3733.09,100
208,09:50:12,$ 3733.35,100
209,09:50:12,$ 3733.34,100
211,09:50:10,$ 3734.02,100
212,09:50:10,$ 3734.02,115
213,09:50:10,$ 3734.00,100
214,09:50:10,$ 3734.50,100
215,09:50:09,$ 3734.2759,300
216,09:50:08,$ 3735.10,100
217,09:50:05,$ 3735.27,100
218,09:50:04,$ 3734.37,100
219,09:50:03,$ 3732.23,100
220,09:50:03,$ 3734.0801,100
221,09:50:03,$ 3734.08,100
222,09:50:03,$ 3734.38,100
223,09:50:03,$ 3734.10,100
224,09:50:03,$ 3734.26,100
225,09:50:03,$ 3734.20,100
226,09:50:02,$ 3734.545,100
227,09:50:01,$ 3736.03,100
228,09:49:59,$ 3735.6395,459
229,09:49:59,$ 3735.6395,205
230,09:49:59,$ 3736.1395,251
232,09:49:58,$ 3735.075,100
233,09:49:49,$ 3733.33,100
234,09:49:48,$ 3734.02,100
235,09:49:48,$ 3734.97,100
236,09:49:47,$ 3735.58,100
237,09:49:46,$ 3735.59,100
238,09:49:45,$ 3736.505,300
239,09:49:45,$ 3736.505,100
240,09:49:45,$ 3736.50,100
241,09:49:45,$ 3736.50,100
242,09:49:45,$ 3735.87,100
243,09:49:45,$ 3735.7032,459
244,09:49:45,$ 3735.7032,267
245,09:49:45,$ 3735.7032,807
246,09:49:45,$ 3735.42,100
247,09:49:45,$ 3734.69,100
248,09:49:45,$ 3734.69,100
249,09:49:45,$ 3734.98,100
250,09:49:33,$ 3732.01,100
251,09:49:33,$ 3732.89,100
253,09:49:32,$ 3733.90,250
254,09:49:31,$ 3733.58,100
255,09:49:29,$ 3732.9366,300
256,09:49:28,$ 3733.65,100
257,09:49:26,$ 3732.025,100
258,09:49:26,$ 3732.025,100
259,09:49:25,$ 3732.61,100
260,09:49:24,$ 3732.295,100
261,09:49:23,$ 3732.045,100
262,09:49:22,$ 3732.14,105
263,09:49:22,$ 3731.45,200
264,09:49:22,$ 3731.7399,100
265,09:49:22,$ 3731.7399,100
266,09:49:22,$ 3731.7399,100
267,09:49:22,$ 3731.7399,100
268,09:49:22,$ 3731.74,100
269,09:49:22,$ 3731.74,100
270,09:49:22,$ 3731.74,100
271,09:49:21,$ 3731.58,100
272,09:49:20,$ 3731.359,100
274,09:49:19,$ 3730.31,100
275,09:49:16,$ 3729.215,200
276,09:49:14,$ 3729.85,100
277,09:49:14,$ 3729.85,100
278,09:49:14,$ 3729.6267,"1,000"
279,09:49:13,$ 3729.405,154
280,09:49:10,$ 3730.4744,100
281,09:49:09,$ 3729.30,100
282,09:49:07,$ 3729.59,100
283,09:49:03,$ 3729.90,100
284,09:49:03,$ 3730.64,100
285,09:48:56,$ 3728.00,100
286,09:48:56,$ 3727.695,100
287,09:48:56,$ 3728.00,100
288,09:48:52,$ 3729.075,100
289,09:48:51,$ 3728.12,100
290,09:48:51,$ 3728.16,100
291,09:48:51,$ 3728.42,100
292,09:48:51,$ 3728.31,100
293,09:48:50,$ 3729.06,100
295,09:48:47,$ 3728.19,126
296,09:48:46,$ 3728.00,100
297,09:48:46,$ 3728.90,100
298,09:48:45,$ 3728.895,100
299,09:48:44,$ 3727.915,200
300,09:48:43,$ 3727.915,800
301,09:48:41,$ 3727.365,100
302,09:48:41,$ 3727.10,100
303,09:48:36,$ 3727.38,100
304,09:48:36,$ 3727.73,100
305,09:48:36,$ 3727.84,100
306,09:48:34,$ 3727.6701,400
307,09:48:33,$ 3728.50,100
308,09:48:33,$ 3728.00,100
309,09:48:24,$ 3726.7566,150
310,09:48:22,$ 3727.97,100
311,09:48:21,$ 3727.125,100
312,09:48:20,$ 3727.00,100
313,09:48:19,$ 3726.7629,"1,000"
314,09:48:19,$ 3726.68,100
316,09:48:14,$ 3727.2033,247
317,09:48:13,$ 3726.89,100
318,09:48:09,$ 3726.89,400
319,09:48:07,$ 3725.895,100
320,09:48:05,$ 3725.82,100
321,09:48:02,$ 3725.00,400
322,09:48:02,$ 3725.00,100
323,09:48:02,$ 3725.00,100
324,09:48:02,$ 3725.00,100
325,09:48:02,$ 3724.92,100
326,09:48:01,$ 3723.965,140
327,09:47:48,$ 3723.35,100
328,09:47:38,$ 3722.66,100
329,09:47:37,$ 3721.66,100
330,09:47:19,$ 3722.6599,100
331,09:47:18,$ 3721.99,150
332,09:46:53,$ 3720.15,123
333,09:46:52,$ 3721.365,100
334,09:46:52,$ 3721.9999,100
335,09:46:47,$ 3720.52,100
337,09:46:47,$ 3720.63,100
338,09:46:41,$ 3722.00,100
339,09:46:41,$ 3721.91,100
340,09:46:35,$ 3721.69,100
341,09:46:30,$ 3721.51,100
342,09:46:26,$ 3722.0967,300
343,09:46:22,$ 3722.10,250
344,09:46:10,$ 3723.345,200
345,09:46:09,$ 3722.975,200
346,09:46:08,$ 3723.67,100
347,09:46:06,$ 3722.975,100
348,09:46:05,$ 3722.965,100
349,09:46:04,$ 3722.2386,100
350,09:45:55,$ 3720.91,100
351,09:45:53,$ 3719.84,100
352,09:45:53,$ 3722.65,"1,000"
353,09:45:53,$ 3721.53,100
354,09:45:46,$ 3722.8978,200
355,09:45:43,$ 3721.72,100
356,09:45:42,$ 3722.84,100
358,09:45:36,$ 3721.82,100
359,09:45:36,$ 3721.81,100
360,09:45:35,$ 3722.00,617
361,09:45:31,$ 3721.9999,100
362,09:45:30,$ 3721.00,184
363,09:45:08,$ 3717.68,100
364,09:45:06,$ 3717.6399,100
365,09:45:06,$ 3716.295,100
366,09:45:04,$ 3716.50,100
367,09:44:54,$ 3714.74,100
368,09:44:45,$ 3715.36,100
369,09:44:31,$ 3713.91,100
370,09:44:31,$ 3713.91,100
371,09:44:31,$ 3713.91,100
372,09:44:31,$ 3715.13,100
373,09:44:31,$ 3713.56,100
374,09:44:31,$ 3713.94,100
375,09:44:30,$ 3711.8822,200
376,09:44:28,$ 3712.38,100
377,09:44:25,$ 3714.01,100
379,09:44:25,$ 3714.0101,100
380,09:44:16,$ 3714.794,375
381,09:44:16,$ 3714.234,100
382,09:44:08,$ 3717.02,100
383,09:43:51,$ 3717.81,100
384,09:43:51,$ 3717.81,100
385,09:43:42,$ 3717.15,100
386,09:43:41,$ 3717.15,100
387,09:43:40,$ 3717.8016,100
388,09:43:38,$ 3717.8016,100
389,09:43:35,$ 3718.00,200
390,09:43:34,$ 3719.5891,215
391,09:43:31,$ 3719.885,100
392,09:43:30,$ 3719.1744,500
393,09:43:28,$ 3720.0886,100
394,09:43:27,$ 3718.75,100
395,09:43:18,$ 3719.62,100
396,09:43:14,$ 3718.71,100
397,09:43:13,$ 3720.8415,100
398,09:43:11,$ 3720.50,100
400,09:43:10,$ 3720.6283,500
401,09:43:01,$ 3720.05,100
402,09:42:54,$ 3718.40,100
403,09:42:50,$ 3720.77,100
404,09:42:49,$ 3720.80,100
405,09:42:49,$ 3720.76,100
406,09:42:46,$ 3720.54,100
407,09:42:45,$ 3721.78,100
408,09:42:45,$ 3720.87,113
409,09:42:44,$ 3720.54,100
410,09:42:42,$ 3722.50,113
411,09:42:41,$ 3721.68,100
412,09:42:40,$ 3720.47,100
413,09:42:24,$ 3719.59,100
414,09:42:23,$ 3719.53,157
415,09:42:23,$ 3720.62,100
416,09:42:20,$ 3719.54,100
417,09:42:07,$ 3718.36,100
418,09:42:06,$ 3718.254,100
419,09:42:06,$ 3718.24,100
421,09:42:06,$ 3718.90,100
422,09:42:05,$ 3718.04,100
423,09:42:03,$ 3719.89,100
424,09:42:03,$ 3719.87,100
425,09:42:02,$ 3719.87,100
426,09:42:01,$ 3719.76,100
427,09:42:00,$ 3719.45,100
428,09:42:00,$ 3719.81,100
429,09:41:59,$ 3718.65,100
430,09:41:59,$ 3718.77,100
431,09:41:59,$ 3719.85,100
432,09:41:59,$ 3719.85,100
433,09:41:53,$ 3720.488,100
434,09:41:53,$ 3719.97,100
435,09:41:51,$ 3719.87,100
436,09:41:39,$ 3722.00,267
437,09:41:39,$ 3721.99,109
438,09:41:39,$ 3721.87,100
439,09:41:31,$ 3721.14,100
440,09:41:30,$ 3720.97,100
442,09:41:30,$ 3720.97,100
443,09:41:30,$ 3720.00,100
444,09:41:27,$ 3717.97,100
445,09:41:06,$ 3719.32,500
446,09:41:04,$ 3719.5331,400
447,09:41:04,$ 3719.76,100
448,09:41:03,$ 3717.15,100
449,09:41:02,$ 3718.99,100
450,09:41:02,$ 3719.79,100
451,09:41:01,$ 3720.9727,181
452,09:40:58,$ 3720.0612,100
453,09:40:58,$ 3720.035,100
454,09:40:57,$ 3720.44,100
455,09:40:56,$ 3718.18,100
456,09:40:52,$ 3719.50,100
457,09:40:52,$ 3719.90,110
458,09:40:51,$ 3717.3153,100
459,09:40:48,$ 3717.05,100
460,09:40:48,$ 3717.995,100
461,09:40:47,$ 3718.855,100
463,09:40:46,$ 3716.38,100
464,09:40:46,$ 3718.7618,100
465,09:40:37,$ 3717.63,100
466,09:40:35,$ 3717.03,100
467,09:40:33,$ 3715.965,100
468,09:40:23,$ 3714.18,100
469,09:40:23,$ 3714.10,100
470,09:40:23,$ 3714.05,100
471,09:40:23,$ 3715.67,100
472,09:40:05,$ 3712.90,100
473,09:40:05,$ 3713.03,100
474,09:40:05,$ 3712.9001,200
475,09:40:02,$ 3712.98,100
476,09:40:00,$ 3712.48,100
477,09:39:57,$ 3711.4201,100
478,09:39:56,$ 3712.02,100
479,09:39:55,$ 3712.09,100
480,09:39:55,$ 3713.4999,130
481,09:39:55,$ 3713.25,100
482,09:39:55,$ 3713.50,100
484,09:39:54,$ 3713.61,100
485,09:39:50,$ 3713.21,100
486,09:39:50,$ 3713.16,100
487,09:39:50,$ 3713.16,100
488,09:39:41,$ 3713.76,100
489,09:39:31,$ 3712.17,100
490,09:39:31,$ 3712.11,100
491,09:39:31,$ 3712.06,100
492,09:39:26,$ 3713.05,100
493,09:39:26,$ 3713.00,100
494,09:39:22,$ 3712.87,100
495,09:39:20,$ 3714.07,100
496,09:38:58,$ 3713.89,100
497,09:38:46,$ 3715.35,100
498,09:38:41,$ 3715.345,500
499,09:38:40,$ 3715.51,100
500,09:38:40,$ 3715.72,100
501,09:38:24,$ 3712.59,100
502,09:38:22,$ 3712.58,100
503,09:38:22,$ 3714.06,272
505,09:38:19,$ 3713.61,100
506,09:38:13,$ 3712.46,100
507,09:38:12,$ 3713.625,500
508,09:38:11,$ 3713.19,100
509,09:38:02,$ 3714.7153,226
510,09:38:02,$ 3715.40,100
511,09:38:02,$ 3714.452,100
512,09:38:01,$ 3713.21,100
513,09:37:55,$ 3713.95,100
514,09:37:55,$ 3713.95,100
515,09:37:55,$ 3713.95,100
516,09:37:55,$ 3713.18,200
517,09:37:43,$ 3715.00,200
518,09:37:43,$ 3712.42,100
519,09:37:33,$ 3714.3503,100
520,09:37:26,$ 3714.615,100
521,09:37:25,$ 3713.555,100
522,09:37:24,$ 3713.375,100
523,09:37:23,$ 3712.03,100
524,09:37:19,$ 3713.82,100
526,09:37:19,$ 3713.87,100
527,09:37:10,$ 3713.48,100
528,09:36:57,$ 3713.20,100
529,09:36:51,$ 3713.63,100
530,09:36:51,$ 3715.28,100
531,09:36:51,$ 3715.23,100
532,09:36:50,$ 3716.075,113
533,09:36:41,$ 3714.77,100
534,09:36:33,$ 3715.28,100
535,09:36:31,$ 3714.81,200
536,09:36:23,$ 3715.02,100
537,09:36:17,$ 3715.03,100
538,09:36:06,$ 3715.82,100
539,09:36:03,$ 3717.16,200
540,09:36:02,$ 3716.40,100
541,09:36:02,$ 3715.94,100
542,09:36:00,$ 3715.67,100
543,09:35:42,$ 3714.27,100
544,09:35:37,$ 3714.25,100
545,09:35:36,$ 3715.52,100
547,09:35:32,$ 3714.13,100
548,09:35:32,$ 3715.03,100
549,09:35:30,$ 3715.06,100
550,09:35:11,$ 3715.00,100
551,09:35:11,$ 3716.315,100
552,09:35:09,$ 3716.565,500
553,09:35:09,$ 3716.4198,200
554,09:35:05,$ 3717.577,100
555,09:35:03,$ 3717.026,100
556,09:35:03,$ 3717.01,161
557,09:34:58,$ 3719.3269,100
558,09:34:56,$ 3719.8628,100
559,09:34:51,$ 3720.00,100
560,09:34:49,$ 3718.48,142
561,09:34:49,$ 3719.02,100
562,09:34:42,$ 3721.70,100
563,09:34:42,$ 3721.73,100
564,09:34:42,$ 3721.69,100
565,09:34:41,$ 3721.905,100
566,09:34:41,$ 3723.845,500
568,09:34:40,$ 3721.905,100
569,09:34:35,$ 3723.18,100
570,09:34:35,$ 3723.17,100
571,09:34:35,$ 3723.03,100
572,09:34:33,$ 3725.50,100
573,09:34:32,$ 3724.436,100
574,09:34:31,$ 3725.00,112
575,09:34:31,$ 3725.00,100
576,09:34:28,$ 3724.9999,100
577,09:34:27,$ 3723.43,100
578,09:34:27,$ 3723.44,100
579,09:34:25,$ 3721.915,200
580,09:34:25,$ 3722.86,100
581,09:34:25,$ 3722.90,100
582,09:34:25,$ 3722.63,100
583,09:34:25,$ 3719.585,200
584,09:34:25,$ 3721.65,100
585,09:34:25,$ 3721.65,100
586,09:34:25,$ 3721.39,100
587,09:34:25,$ 3720.24,200
589,09:34:25,$ 3720.00,100
590,09:34:25,$ 3720.76,100
591,09:34:25,$ 3717.825,200
592,09:34:25,$ 3719.49,107
593,09:34:21,$ 3718.00,200
594,09:34:21,$ 3719.49,157
595,09:34:21,$ 3719.47,100
596,09:34:03,$ 3717.0101,100
597,09:34:01,$ 3718.176,121
598,09:34:00,$ 3718.005,100
599,09:33:55,$ 3717.835,100
600,09:33:54,$ 3717.6367,100
601,09:33:48,$ 3719.34,100
602,09:33:47,$ 3716.16,100
603,09:33:47,$ 3717.158,218
604,09:33:40,$ 3716.01,100
605,09:33:25,$ 3720.00,100
606,09:33:24,$ 3717.62,100
607,09:33:17,$ 3718.00,184
608,09:33:15,$ 3718.4316,200
610,09:33:14,$ 3718.56,100
611,09:33:14,$ 3719.00,200
612,09:33:14,$ 3717.95,100
613,09:33:13,$ 3718.00,100
614,09:33:13,$ 3717.993,100
615,09:33:12,$ 3717.77,100
616,09:33:09,$ 3715.00,604
617,09:33:09,$ 3715.00,394
618,09:33:09,$ 3713.12,100
619,09:33:09,$ 3714.58,100
620,09:33:05,$ 3714.45,100
621,09:33:04,$ 3712.58,100
622,09:33:04,$ 3712.74,100
623,09:33:04,$ 3711.82,100
624,09:33:03,$ 3710.8402,130
625,09:33:02,$ 3708.5453,500
626,09:32:53,$ 3709.64,200
627,09:32:53,$ 3710.00,100
628,09:32:52,$ 3710.06,100
629,09:32:52,$ 3710.12,100
631,09:32:47,$ 3711.20,100
632,09:32:46,$ 3712.2217,100
633,09:32:41,$ 3711.15,100
634,09:32:39,$ 3711.06,100
635,09:32:35,$ 3712.785,100
636,09:32:35,$ 3714.06,100
637,09:32:29,$ 3712.23,100
638,09:32:24,$ 3711.68,100
639,09:32:14,$ 3710.47,100
640,09:32:09,$ 3713.53,100
641,09:32:09,$ 3714.255,100
642,09:32:08,$ 3714.2667,150
643,09:32:05,$ 3713.00,100
644,09:31:59,$ 3711.13,100
645,09:31:48,$ 3709.94,100
646,09:31:46,$ 3711.26,100
647,09:31:38,$ 3707.27,100
648,09:31:37,$ 3711.45,100
649,09:31:37,$ 3711.94,100
650,09:31:37,$ 3712.00,993
652,09:31:37,$ 3711.20,100
653,09:31:37,$ 3712.00,100
654,09:31:35,$ 3708.00,100
655,09:31:32,$ 3707.60,100
656,09:31:29,$ 3707.08,100
657,09:31:22,$ 3705.68,100
658,09:31:21,$ 3708.06,100
659,09:31:19,$ 3709.795,100
660,09:31:17,$ 3711.50,189
661,09:31:16,$ 3707.65,100
662,09:31:11,$ 3707.74,100
663,09:31:11,$ 3709.1453,100
664,09:31:03,$ 3710.52,100
665,09:31:03,$ 3710.63,100
666,09:30:58,$ 3708.82,100
667,09:30:58,$ 3707.66,100
668,09:30:58,$ 3708.805,200
669,09:30:57,$ 3707.70,100
670,09:30:57,$ 3708.75,100
671,09:30:57,$ 3709.00,100
673,09:30:57,$ 3709.00,100
674,09:30:55,$ 3708.22,100
675,09:30:55,$ 3708.12,100
676,09:30:53,$ 3705.16,100
677,09:30:49,$ 3705.00,100
678,09:30:48,$ 3705.03,200
679,09:30:48,$ 3705.03,200
680,09:30:48,$ 3705.11,100
681,09:30:46,$ 3705.02,400
682,09:30:46,$ 3705.00,100
683,09:30:35,$ 3704.31,100
684,09:30:33,$ 3705.17,100
685,09:30:23,$ 3705.90,150
686,09:30:23,$ 3704.2804,100
687,09:30:21,$ 3707.11,100
688,09:30:13,$ 3708.99,100
689,09:30:12,$ 3705.00,100
690,09:30:12,$ 3708.9999,150
691,09:30:11,$ 3706.97,100
692,09:30:11,$ 3706.92,734
694,09:30:10,$ 3706.58,133
695,09:30:10,$ 3706.58,174
696,09:30:10,$ 3706.58,129
697,09:30:03,$ 3703.35,100
698,09:30:03,$ 3702.62,100
699,09:30:03,$ 3702.62,100
700,09:30:03,$ 3702.61,100
701,09:30:02,$ 3702.10,1
702,09:30:02,$ 3702.10,1
703,09:30:02,$ 3702.10,1
704,09:30:02,$ 3702.10,5
705,09:30:02,$ 3702.10,4
706,09:30:02,$ 3702.10,1
707,09:30:02,$ 3702.10,1
708,09:30:02,$ 3702.10,14
709,09:30:02,$ 3702.10,4
710,09:30:02,$ 3702.10,1
711,09:30:02,$ 3702.10,1
712,09:30:02,$ 3702.10,1
713,09:30:02,$ 3702.10,12
715,09:30:02,$ 3702.10,1
716,09:30:02,$ 3702.10,1
717,09:30:02,$ 3702.10,1
718,09:30:02,$ 3702.10,3
719,09:30:02,$ 3702.10,1
720,09:30:02,$ 3702.10,6
721,09:30:02,$ 3702.10,3
722,09:30:02,$ 3702.10,30
723,09:30:02,$ 3702.10,1
724,09:30:02,$ 3702.10,1
725,09:30:02,$ 3702.10,8
726,09:30:02,$ 3702.10,14
727,09:30:02,$ 3702.10,3
728,09:30:02,$ 3702.10,12
729,09:30:02,$ 3702.10,2
730,09:30:02,$ 3702.10,2
731,09:30:02,$ 3702.10,10
732,09:30:02,$ 3702.10,2
733,09:30:02,$ 3702.10,48
734,09:30:02,$ 3702.10,2
736,09:30:02,$ 3702.10,2
737,09:30:02,$ 3702.10,12
738,09:30:02,$ 3702.10,7
739,09:30:02,$ 3702.10,50
740,09:30:02,$ 3702.10,1
741,09:30:02,$ 3702.10,2
742,09:30:02,$ 3702.10,2
743,09:30:02,$ 3702.10,1
744,09:30:02,$ 3702.10,1
745,09:30:02,$ 3702.10,28
746,09:30:02,$ 3702.10,2
747,09:30:02,$ 3702.10,26
748,09:30:02,$ 3702.10,2
749,09:30:02,$ 3702.10,6
750,09:30:02,$ 3702.10,31
751,09:30:02,$ 3702.10,43
752,09:30:02,$ 3702.10,6
753,09:30:02,$ 3702.10,20
754,09:30:02,$ 3702.10,9
755,09:30:02,$ 3702.10,14
757,09:30:02,$ 3702.10,3
758,09:30:02,$ 3702.10,7
759,09:30:02,$ 3702.10,5
760,09:30:02,$ 3702.10,10
761,09:30:02,$ 3702.10,15
762,09:30:02,$ 3702.10,1
763,09:30:02,$ 3702.10,1
764,09:30:02,$ 3702.10,10
765,09:30:02,$ 3702.10,3
766,09:30:02,$ 3702.10,10
767,09:30:02,$ 3702.10,5
768,09:30:02,$ 3702.10,1
769,09:30:02,$ 3702.10,1
770,09:30:02,$ 3702.10,3
771,09:30:02,$ 3702.10,3
772,09:30:02,$ 3702.10,5
773,09:30:02,$ 3702.10,7
774,09:30:02,$ 3702.10,1
775,09:30:02,$ 3702.10,3
776,09:30:02,$ 3702.10,20
778,09:30:02,$ 3702.10,1
779,09:30:02,$ 3702.10,1
780,09:30:02,$ 3702.10,1
781,09:30:02,$ 3702.10,1
782,09:30:02,$ 3702.10,1
783,09:30:02,$ 3702.10,1
784,09:30:02,$ 3702.10,3
785,09:30:02,$ 3702.10,1
786,09:30:02,$ 3702.10,1
787,09:30:02,$ 3702.10,1
788,09:30:02,$ 3702.10,1
789,09:30:02,$ 3702.10,4
790,09:30:02,$ 3702.10,1
791,09:30:02,$ 3702.10,1
792,09:30:02,$ 3702.10,1
793,09:30:02,$ 3702.10,1
794,09:30:02,$ 3702.10,1
795,09:30:02,$ 3702.10,2
796,09:30:02,$ 3702.10,4
797,09:30:02,$ 3702.10,6
799,09:30:02,$ 3702.10,3
800,09:30:02,$ 3702.10,1
801,09:30:02,$ 3702.10,1
802,09:30:02,$ 3702.10,5
803,09:30:02,$ 3702.10,1
804,09:30:02,$ 3702.10,1
805,09:30:02,$ 3702.10,1
806,09:30:02,$ 3702.10,1
807,09:30:02,$ 3702.10,1
808,09:30:02,$ 3702.10,2
809,09:30:02,$ 3702.10,1
810,09:30:02,$ 3702.10,1
811,09:30:02,$ 3702.10,1
812,09:30:02,$ 3702.10,1
813,09:30:02,$ 3702.10,2
814,09:30:02,$ 3702.10,3
815,09:30:02,$ 3702.10,1
816,09:30:02,$ 3702.10,1
817,09:30:02,$ 3702.10,1
818,09:30:02,$ 3702.10,1
820,09:30:02,$ 3702.10,1
821,09:30:02,$ 3702.10,1
822,09:30:02,$ 3702.10,3
823,09:30:02,$ 3702.10,"2,000"
824,09:30:02,$ 3702.10,3
825,09:30:02,$ 3702.10,15
826,09:30:02,$ 3702.10,1
827,09:30:02,$ 3702.10,2
828,09:30:02,$ 3702.10,2
829,09:30:02,$ 3702.10,15
830,09:30:02,$ 3702.10,31
831,09:30:02,$ 3702.10,5
832,09:30:02,$ 3702.10,3
833,09:30:02,$ 3702.10,1
834,09:30:02,$ 3702.10,5
835,09:30:02,$ 3702.10,1
836,09:30:02,$ 3702.10,3
837,09:30:02,$ 3702.10,5
838,09:30:02,$ 3702.10,2
839,09:30:02,$ 3702.10,1
841,09:30:02,$ 3702.10,3
842,09:30:02,$ 3702.10,1
843,09:30:02,$ 3702.10,3
844,09:30:02,$ 3702.10,2
845,09:30:02,$ 3702.10,10
846,09:30:02,$ 3702.10,2
847,09:30:02,$ 3702.10,1
848,09:30:02,$ 3702.10,1
849,09:30:02,$ 3702.10,1
850,09:30:02,$ 3702.10,5
851,09:30:02,$ 3702.10,58
852,09:30:02,$ 3702.10,20
853,09:30:02,$ 3702.10,1
854,09:30:02,$ 3702.10,900
855,09:30:02,$ 3702.10,2
856,09:30:02,$ 3702.10,3
857,09:30:02,$ 3702.10,27
858,09:30:02,$ 3702.10,1
859,09:30:02,$ 3702.10,4
860,09:30:02,$ 3702.10,16
862,09:30:02,$ 3702.10,10
863,09:30:02,$ 3702.10,1
864,09:30:02,$ 3702.10,30
865,09:30:02,$ 3702.10,4
866,09:30:02,$ 3702.10,1
867,09:30:02,$ 3702.10,1
868,09:30:02,$ 3702.10,1
869,09:30:02,$ 3702.10,21
870,09:30:02,$ 3702.10,2
871,09:30:02,$ 3702.10,3
872,09:30:02,$ 3702.10,4
873,09:30:02,$ 3702.10,1
874,09:30:02,$ 3702.10,1
875,09:30:02,$ 3702.10,3
876,09:30:02,$ 3702.10,3
877,09:30:02,$ 3702.10,1
878,09:30:02,$ 3702.10,6
879,09:30:02,$ 3702.10,1
880,09:30:02,$ 3702.10,1
881,09:30:02,$ 3702.10,6
883,09:30:02,$ 3702.10,1
884,09:30:02,$ 3702.10,1
885,09:30:02,$ 3702.10,1
886,09:30:02,$ 3702.10,2
887,09:30:02,$ 3702.10,10
888,09:30:02,$ 3702.10,3
889,09:30:02,$ 3702.10,2
890,09:30:02,$ 3702.10,1
891,09:30:02,$ 3702.10,1
892,09:30:02,$ 3702.10,6
893,09:30:02,$ 3702.10,1
894,09:30:02,$ 3702.10,1
895,09:30:02,$ 3702.10,5
896,09:30:02,$ 3702.10,1
897,09:30:02,$ 3702.10,1
898,09:30:02,$ 3702.10,3
899,09:30:02,$ 3702.10,1
900,09:30:02,$ 3702.10,1
901,09:30:02,$ 3702.10,3
902,09:30:02,$ 3702.10,8
904,09:30:02,$ 3702.10,2
905,09:30:02,$ 3702.10,2
906,09:30:02,$ 3702.10,1
907,09:30:02,$ 3702.10,2
908,09:30:02,$ 3702.10,1
909,09:30:02,$ 3702.10,2
910,09:30:02,$ 3702.10,3
911,09:30:02,$ 3702.10,2
912,09:30:02,$ 3702.10,5
913,09:30:02,$ 3702.10,4
914,09:30:02,$ 3702.10,1
915,09:30:02,$ 3702.10,2
916,09:30:02,$ 3702.10,2
917,09:30:02,$ 3702.10,5
918,09:30:02,$ 3702.10,1
919,09:30:02,$ 3702.10,1
920,09:30:02,$ 3702.10,2
921,09:30:02,$ 3702.10,3
922,09:30:02,$ 3702.10,2
923,09:30:02,$ 3702.10,6
925,09:30:02,$ 3702.10,1
926,09:30:02,$ 3702.10,1
927,09:30:02,$ 3702.10,4
928,09:30:02,$ 3702.10,1
929,09:30:02,$ 3702.10,1
930,09:30:02,$ 3702.10,1
931,09:30:02,$ 3702.10,1
932,09:30:02,$ 3702.10,1
933,09:30:02,$ 3702.10,7
934,09:30:02,$ 3702.10,7
935,09:30:02,$ 3702.10,10
936,09:30:02,$ 3702.10,8
937,09:30:02,$ 3702.10,6
938,09:30:02,$ 3702.10,1
939,09:30:02,$ 3702.10,1
940,09:30:02,$ 3702.10,12
941,09:30:02,$ 3702.10,27
942,09:30:02,$ 3702.10,27
943,09:30:02,$ 3702.10,27
944,09:30:02,$ 3702.10,1
946,09:30:02,$ 3702.10,1
947,09:30:02,$ 3702.10,1
948,09:30:02,$ 3702.10,2
949,09:30:02,$ 3702.10,10
950,09:30:02,$ 3702.10,64
951,09:30:02,$ 3702.10,10
952,09:30:02,$ 3702.10,50
953,09:30:02,$ 3702.10,8
954,09:30:02,$ 3702.10,12
955,09:30:02,$ 3702.10,19
956,09:30:02,$ 3702.10,22
957,09:30:02,$ 3702.10,2
958,09:30:02,$ 3702.10,2
959,09:30:02,$ 3702.10,1
960,09:30:02,$ 3702.10,2
961,09:30:02,$ 3702.10,15
962,09:30:02,$ 3702.10,2
963,09:30:02,$ 3702.10,5
964,09:30:02,$ 3702.10,2
965,09:30:02,$ 3702.10,13
967,09:30:02,$ 3702.10,2
968,09:30:02,$ 3702.10,4
969,09:30:02,$ 3702.10,6
970,09:30:02,$ 3702.10,3
971,09:30:02,$ 3702.10,17
972,09:30:02,$ 3702.10,4
973,09:30:02,$ 3702.10,25
974,09:30:02,$ 3702.10,1
975,09:30:02,$ 3702.10,3
976,09:30:02,$ 3702.10,1
977,09:30:02,$ 3702.10,4
978,09:30:02,$ 3702.10,1
979,09:30:02,$ 3702.10,10
980,09:30:02,$ 3702.10,20
981,09:30:02,$ 3702.10,4
982,09:30:02,$ 3702.10,2
983,09:30:02,$ 3702.10,5
984,09:30:02,$ 3702.10,3
985,09:30:02,$ 3702.10,5
986,09:30:02,$ 3702.10,1
988,09:30:02,$ 3702.10,3
989,09:30:02,$ 3702.10,1
990,09:30:02,$ 3702.10,5
991,09:30:02,$ 3702.10,6
992,09:30:02,$ 3702.10,1
993,09:30:02,$ 3702.10,1
994,09:30:02,$ 3702.10,2
995,09:30:02,$ 3702.10,50
996,09:30:02,$ 3702.10,25
997,09:30:02,$ 3702.10,16
998,09:30:02,$ 3702.10,1
999,09:30:02,$ 3702.10,9
1000,09:30:02,$ 3702.10,5
1001,09:30:02,$ 3702.10,100
1002,09:30:02,$ 3702.10,1
1003,09:30:02,$ 3702.10,10
1004,09:30:02,$ 3702.10,1
1005,09:30:02,$ 3702.10,6
1006,09:30:02,$ 3702.10,2
1007,09:30:02,$ 3702.10,10
1009,09:30:02,$ 3702.10,2
1010,09:30:02,$ 3702.10,1
1011,09:30:02,$ 3702.10,2
1012,09:30:02,$ 3702.10,2
1013,09:30:02,$ 3702.10,1
1014,09:30:02,$ 3702.10,1
1015,09:30:02,$ 3702.10,7
1016,09:30:02,$ 3702.10,30
1017,09:30:02,$ 3702.10,2
1018,09:30:02,$ 3702.10,50
1019,09:30:02,$ 3702.10,51
1020,09:30:02,$ 3702.10,435
1021,09:30:02,$ 3702.10,3
1022,09:30:02,$ 3702.10,152
1023,09:30:02,$ 3702.10,100
1024,09:30:02,$ 3702.10,28
1025,09:30:02,$ 3702.10,12
1026,09:30:02,$ 3702.10,4
1027,09:30:02,$ 3702.10,1
1028,09:30:02,$ 3702.10,5
1030,09:30:02,$ 3702.10,1
1031,09:30:02,$ 3702.10,3
1032,09:30:02,$ 3702.10,3
1033,09:30:02,$ 3702.10,3
1034,09:30:02,$ 3702.10,8
1035,09:30:02,$ 3702.10,2
1036,09:30:02,$ 3702.10,3
1037,09:30:02,$ 3702.10,4
1038,09:30:02,$ 3702.10,21
1039,09:30:02,$ 3702.10,1
1040,09:30:02,$ 3702.10,8
1041,09:30:02,$ 3702.10,2
1042,09:30:02,$ 3702.10,1
1043,09:30:02,$ 3702.10,10
1044,09:30:02,$ 3702.10,2
1045,09:30:02,$ 3702.10,5
1046,09:30:02,$ 3702.10,1
1047,09:30:02,$ 3702.10,1
1048,09:30:02,$ 3702.10,200
1049,09:30:02,$ 3702.10,5
1051,09:30:02,$ 3702.10,4
1052,09:30:02,$ 3702.10,5
1053,09:30:02,$ 3702.10,1
1054,09:30:02,$ 3702.10,2
1055,09:30:02,$ 3702.10,5
1056,09:30:02,$ 3702.10,3
1057,09:30:02,$ 3702.10,2
1058,09:30:02,$ 3702.10,1
1059,09:30:02,$ 3702.10,2
1060,09:30:02,$ 3702.10,2
1061,09:30:02,$ 3702.10,1
1062,09:30:02,$ 3702.10,3
1063,09:30:02,$ 3702.10,6
1064,09:30:02,$ 3702.10,1
1065,09:30:02,$ 3702.10,2
1066,09:30:02,$ 3702.10,13
1067,09:30:02,$ 3702.10,1
1068,09:30:02,$ 3702.10,3
1069,09:30:02,$ 3702.10,1
1070,09:30:02,$ 3702.10,1
1072,09:30:02,$ 3702.10,1
1073,09:30:02,$ 3702.10,1
1074,09:30:02,$ 3702.10,1
1075,09:30:02,$ 3702.10,3
1076,09:30:02,$ 3702.10,3
1077,09:30:02,$ 3702.10,2
1078,09:30:02,$ 3702.10,3
1079,09:30:02,$ 3702.10,5
1080,09:30:02,$ 3702.10,3
1081,09:30:02,$ 3702.10,10
1082,09:30:02,$ 3702.10,10
1083,09:30:02,$ 3702.10,2
1084,09:30:02,$ 3702.10,25
1085,09:30:02,$ 3702.10,10
1086,09:30:02,$ 3702.10,6
1087,09:30:02,$ 3702.10,10
1088,09:30:02,$ 3702.10,10
1089,09:30:02,$ 3702.10,1
1090,09:30:02,$ 3702.10,1
1091,09:30:02,$ 3702.10,1
1093,09:30:02,$ 3702.10,3
1094,09:30:02,$ 3702.10,1
1095,09:30:02,$ 3702.10,5
1096,09:30:02,$ 3702.10,1
1097,09:30:02,$ 3702.10,1
1098,09:30:02,$ 3702.10,1
1099,09:30:02,$ 3702.10,1
1100,09:30:02,$ 3702.10,3
1101,09:30:02,$ 3702.10,1
1102,09:30:02,$ 3702.10,4
1103,09:30:02,$ 3702.10,2
1104,09:30:02,$ 3702.10,10
1105,09:30:02,$ 3702.10,10
1106,09:30:02,$ 3702.10,1
1107,09:30:02,$ 3702.10,1
1108,09:30:02,$ 3702.10,2
1109,09:30:02,$ 3702.10,2
1110,09:30:02,$ 3702.10,5
1111,09:30:02,$ 3702.10,1
1112,09:30:02,$ 3702.10,1
1114,09:30:02,$ 3702.10,1
1115,09:30:02,$ 3702.10,8
1116,09:30:02,$ 3702.10,10
1117,09:30:02,$ 3702.10,1
1118,09:30:02,$ 3702.10,1
1119,09:30:02,$ 3702.10,4
1120,09:30:02,$ 3702.10,4
1121,09:30:02,$ 3702.10,1
1122,09:30:02,$ 3702.10,3
1123,09:30:02,$ 3702.10,5
1124,09:30:02,$ 3702.10,10
1125,09:30:02,$ 3702.10,10
1126,09:30:02,$ 3702.10,2
1127,09:30:02,$ 3702.10,1
1128,09:30:02,$ 3702.10,2
1129,09:30:02,$ 3702.10,1
1130,09:30:02,$ 3702.10,5
1131,09:30:02,$ 3702.10,5
1132,09:30:02,$ 3702.10,2
1133,09:30:02,$ 3702.10,2
1135,09:30:02,$ 3702.10,3
1136,09:30:02,$ 3702.10,2
1137,09:30:02,$ 3702.10,1
1138,09:30:02,$ 3702.10,1
1139,09:30:02,$ 3702.10,1
1140,09:30:02,$ 3702.10,2
1141,09:30:02,$ 3702.10,1
1142,09:30:02,$ 3702.10,3
1143,09:30:02,$ 3702.10,1
1144,09:30:02,$ 3702.10,1
1145,09:30:02,$ 3702.10,4
1146,09:30:02,$ 3702.10,3
1147,09:30:02,$ 3702.10,10
1148,09:30:02,$ 3702.10,3
1149,09:30:02,$ 3702.10,1
1150,09:30:02,$ 3702.10,1
1151,09:30:02,$ 3702.10,5
1152,09:30:02,$ 3702.10,1
1153,09:30:02,$ 3702.10,4
1154,09:30:02,$ 3702.10,15
1156,09:30:02,$ 3702.10,1
1157,09:30:02,$ 3702.10,7
1158,09:30:02,$ 3702.10,5
1159,09:30:02,$ 3702.10,3
1160,09:30:02,$ 3702.10,5
1161,09:30:02,$ 3702.10,6
1162,09:30:02,$ 3702.10,3
1163,09:30:02,$ 3702.10,1
1164,09:30:02,$ 3702.10,4
1165,09:30:02,$ 3702.10,4
1166,09:30:02,$ 3702.10,7
1167,09:30:02,$ 3702.10,3
1168,09:30:02,$ 3702.10,1
1169,09:30:02,$ 3702.10,1
1170,09:30:02,$ 3702.10,1
1171,09:30:02,$ 3702.10,1
1172,09:30:02,$ 3702.10,20
1173,09:30:02,$ 3702.10,1
1174,09:30:02,$ 3702.10,2
1175,09:30:02,$ 3702.10,1
1177,09:30:02,$ 3702.10,10
1178,09:30:02,$ 3702.10,1
1179,09:30:02,$ 3702.10,2
1180,09:30:02,$ 3702.10,1
1181,09:30:02,$ 3702.10,2
1182,09:30:02,$ 3702.10,4
1183,09:30:02,$ 3702.10,10
1184,09:30:02,$ 3702.10,2
1185,09:30:02,$ 3702.10,1
1186,09:30:02,$ 3702.10,2
1187,09:30:02,$ 3702.10,2
1188,09:30:02,$ 3702.10,2
1189,09:30:02,$ 3702.10,2
1190,09:30:02,$ 3702.10,10
1191,09:30:02,$ 3702.10,15
1192,09:30:02,$ 3702.10,6
1193,09:30:02,$ 3702.10,20
1194,09:30:02,$ 3702.10,5
1195,09:30:02,$ 3702.10,3
1196,09:30:02,$ 3702.10,4
1198,09:30:02,$ 3702.10,2
1199,09:30:02,$ 3702.10,1
1200,09:30:02,$ 3702.10,1
1201,09:30:02,$ 3702.10,3
1202,09:30:02,$ 3702.10,1
1203,09:30:02,$ 3702.10,1
1204,09:30:02,$ 3702.10,1
1205,09:30:02,$ 3702.10,1
1206,09:30:02,$ 3702.10,10
1207,09:30:02,$ 3702.10,1
1208,09:30:02,$ 3702.10,1
1209,09:30:02,$ 3702.10,1
1210,09:30:02,$ 3702.10,1
1211,09:30:02,$ 3702.10,5
1212,09:30:02,$ 3702.10,1
1213,09:30:02,$ 3702.10,3
1214,09:30:02,$ 3702.10,2
1215,09:30:02,$ 3702.10,10
1216,09:30:02,$ 3702.10,1
1217,09:30:02,$ 3702.10,1
1219,09:30:02,$ 3702.10,50
1220,09:30:02,$ 3702.10,11
1221,09:30:02,$ 3702.10,2
1222,09:30:02,$ 3702.10,3
1223,09:30:02,$ 3702.10,8
1224,09:30:02,$ 3702.10,10
1225,09:30:02,$ 3702.10,10
1226,09:30:02,$ 3702.10,2
1227,09:30:02,$ 3702.10,30
1228,09:30:02,$ 3702.10,1
1229,09:30:02,$ 3702.10,3
1230,09:30:02,$ 3702.10,40
1231,09:30:02,$ 3702.10,4
1232,09:30:02,$ 3702.10,4
1233,09:30:02,$ 3702.10,26
1234,09:30:02,$ 3702.10,15
1235,09:30:02,$ 3702.10,1
1236,09:30:02,$ 3702.10,3
1237,09:30:02,$ 3702.10,10
1238,09:30:02,$ 3702.10,1
1240,09:30:02,$ 3702.10,1
1241,09:30:02,$ 3702.10,20
1242,09:30:02,$ 3702.10,7
1243,09:30:02,$ 3702.10,3
1244,09:30:02,$ 3702.10,2
1245,09:30:02,$ 3702.10,1
1246,09:30:02,$ 3702.10,1
1247,09:30:02,$ 3702.10,5
1248,09:30:02,$ 3702.10,2
1249,09:30:02,$ 3702.10,27
1250,09:30:02,$ 3702.10,10
1251,09:30:02,$ 3702.10,1
1252,09:30:02,$ 3702.10,4
1253,09:30:02,$ 3702.10,10
1254,09:30:02,$ 3702.10,1
1255,09:30:02,$ 3702.10,4
1256,09:30:02,$ 3702.10,1
1257,09:30:02,$ 3702.10,2
1258,09:30:02,$ 3702.10,3
1259,09:30:02,$ 3702.10,2
1261,09:30:02,$ 3702.10,80
1262,09:30:02,$ 3702.10,30
1263,09:30:02,$ 3702.10,109
1264,09:30:02,$ 3702.10,1
1265,09:30:02,$ 3702.10,1
1266,09:30:02,$ 3702.10,1
1267,09:30:02,$ 3702.10,3
1268,09:30:02,$ 3702.10,3
1269,09:30:02,$ 3702.10,1
1270,09:30:02,$ 3702.10,4
1271,09:30:02,$ 3702.10,25
1272,09:30:02,$ 3702.10,1
1273,09:30:02,$ 3702.10,1
1274,09:30:02,$ 3702.10,2
1275,09:30:02,$ 3702.10,1
1276,09:30:02,$ 3702.10,1
1277,09:30:02,$ 3702.10,1
1278,09:30:02,$ 3702.10,1
1279,09:30:02,$ 3702.10,1
1280,09:30:02,$ 3702.10,1
1282,09:30:02,$ 3702.10,4
1283,09:30:02,$ 3702.10,3
1284,09:30:02,$ 3702.10,1
1285,09:30:02,$ 3702.10,2
1286,09:30:02,$ 3702.10,4
1287,09:30:02,$ 3702.10,3
1288,09:30:02,$ 3702.10,2
1289,09:30:02,$ 3702.10,1
1290,09:30:02,$ 3702.10,2
1291,09:30:02,$ 3702.10,1
1292,09:30:02,$ 3702.10,1
1293,09:30:02,$ 3702.10,100
1294,09:30:02,$ 3702.10,1
1295,09:30:02,$ 3702.10,2
1296,09:30:02,$ 3702.10,1
1297,09:30:02,$ 3702.10,1
1298,09:30:02,$ 3702.10,3
1299,09:30:02,$ 3702.10,1
1300,09:30:02,$ 3702.10,1
1301,09:30:02,$ 3702.10,3
1303,09:30:02,$ 3702.10,3
1304,09:30:02,$ 3702.10,6
1305,09:30:02,$ 3702.10,1
1306,09:30:02,$ 3702.10,8
1307,09:30:02,$ 3702.10,1
1308,09:30:02,$ 3702.10,1
1309,09:30:02,$ 3702.10,1
1310,09:30:02,$ 3702.10,2
1311,09:30:02,$ 3702.10,2
1312,09:30:02,$ 3702.10,1
1313,09:30:02,$ 3702.10,1
1314,09:30:02,$ 3702.10,2
1315,09:30:02,$ 3702.10,3
1316,09:30:02,$ 3702.10,5
1317,09:30:02,$ 3702.10,1
1318,09:30:02,$ 3702.10,15
1319,09:30:02,$ 3702.10,5
1320,09:30:02,$ 3702.10,1
1321,09:30:02,$ 3702.10,1
1322,09:30:02,$ 3702.10,1
1324,09:30:02,$ 3702.10,2
1325,09:30:02,$ 3702.10,1
1326,09:30:02,$ 3702.10,2
1327,09:30:02,$ 3702.10,25
1328,09:30:02,$ 3702.10,1
1329,09:30:02,$ 3702.10,5
1330,09:30:02,$ 3702.10,2
1331,09:30:02,$ 3702.10,1
1332,09:30:02,$ 3702.10,1
1333,09:30:02,$ 3702.10,8
1334,09:30:02,$ 3702.10,20
1335,09:30:02,$ 3702.10,1
1336,09:30:02,$ 3702.10,2
1337,09:30:02,$ 3702.10,1
1338,09:30:02,$ 3702.10,10
1339,09:30:02,$ 3702.10,5
1340,09:30:02,$ 3702.10,6
1341,09:30:02,$ 3702.10,2
1342,09:30:02,$ 3702.10,8
1343,09:30:02,$ 3702.10,3
1345,09:30:02,$ 3702.10,10
1346,09:30:02,$ 3702.10,5
1347,09:30:02,$ 3702.10,2
1348,09:30:02,$ 3702.10,2
1349,09:30:02,$ 3702.10,3
1350,09:30:02,$ 3702.10,2
1351,09:30:02,$ 3702.10,6
1352,09:30:02,$ 3702.10,5
1353,09:30:02,$ 3702.10,1
1354,09:30:02,$ 3702.10,2
1355,09:30:02,$ 3702.10,8
1356,09:30:02,$ 3702.10,15
1357,09:30:02,$ 3702.10,7
1358,09:30:02,$ 3702.10,15
1359,09:30:02,$ 3702.10,72
1360,09:30:02,$ 3702.10,10
1361,09:30:02,$ 3702.10,1
1362,09:30:02,$ 3702.10,50
1363,09:30:02,$ 3702.10,7
1364,09:30:02,$ 3702.10,12
1366,09:30:02,$ 3702.10,111
1367,09:30:02,$ 3702.10,7
1368,09:30:02,$ 3702.10,29
1369,09:30:02,$ 3702.10,6
1370,09:30:02,$ 3702.10,4
1371,09:30:02,$ 3702.10,3
1372,09:30:02,$ 3702.10,97
1373,09:30:02,$ 3702.10,3
1374,09:30:02,$ 3702.10,5
1375,09:30:02,$ 3702.10,3
1376,09:30:02,$ 3702.10,2
1377,09:30:02,$ 3702.10,1
1378,09:30:02,$ 3702.10,4
1379,09:30:02,$ 3702.10,2
1380,09:30:02,$ 3702.10,5
1381,09:30:02,$ 3702.10,2
1382,09:30:02,$ 3702.10,100
1383,09:30:02,$ 3702.10,20
1384,09:30:02,$ 3702.10,24
1385,09:30:02,$ 3702.10,10
1387,09:30:02,$ 3702.10,10
1388,09:30:02,$ 3702.10,9
1389,09:30:02,$ 3702.10,10
1390,09:30:02,$ 3702.10,60
1391,09:30:02,$ 3702.10,2
1392,09:30:02,$ 3702.10,7
1393,09:30:02,$ 3702.10,3
1394,09:30:02,$ 3702.10,2
1395,09:30:02,$ 3702.10,4
1396,09:30:02,$ 3702.10,47
1397,09:30:02,$ 3702.10,4
1398,09:30:02,$ 3702.10,3
1399,09:30:02,$ 3702.10,70
1400,09:30:02,$ 3702.10,5
1401,09:30:02,$ 3702.10,1
1402,09:30:02,$ 3702.10,2
1403,09:30:02,$ 3702.10,1
1404,09:30:02,$ 3702.10,1
1405,09:30:02,$ 3702.10,2
1406,09:30:02,$ 3702.10,4
1408,09:30:02,$ 3702.10,2
1409,09:30:02,$ 3702.10,2
1410,09:30:02,$ 3702.10,4
1411,09:30:02,$ 3702.10,7
1412,09:30:02,$ 3702.10,1
1413,09:30:02,$ 3702.10,3
1414,09:30:02,$ 3702.10,1
1415,09:30:02,$ 3702.10,1
1416,09:30:02,$ 3702.10,4
1417,09:30:02,$ 3702.10,1
1418,09:30:02,$ 3702.10,3
1419,09:30:02,$ 3702.10,2
1420,09:30:02,$ 3702.10,25
1421,09:30:02,$ 3702.10,1
1422,09:30:02,$ 3702.10,1
1423,09:30:02,$ 3702.10,50
1424,09:30:02,$ 3702.10,3
1425,09:30:02,$ 3702.10,3
1426,09:30:02,$ 3702.10,9
1427,09:30:02,$ 3702.10,1
1429,09:30:02,$ 3702.10,5
1430,09:30:02,$ 3702.10,2
1431,09:30:02,$ 3702.10,2
1432,09:30:02,$ 3702.10,1
1433,09:30:02,$ 3702.10,2
1434,09:30:02,$ 3702.10,1
1435,09:30:02,$ 3702.10,1
1436,09:30:02,$ 3702.10,11
1437,09:30:02,$ 3702.10,1
1438,09:30:02,$ 3702.10,3
1439,09:30:02,$ 3702.10,2
1440,09:30:02,$ 3702.10,2
1441,09:30:02,$ 3702.10,7
1442,09:30:02,$ 3702.10,1
1443,09:30:02,$ 3702.10,1
1444,09:30:02,$ 3702.10,2
1445,09:30:02,$ 3702.10,1
1446,09:30:02,$ 3702.10,2
1447,09:30:02,$ 3702.10,1
1448,09:30:02,$ 3702.10,1
1450,09:30:02,$ 3702.10,2
1451,09:30:02,$ 3702.10,4
1452,09:30:02,$ 3702.10,1
1453,09:30:02,$ 3702.10,5
1454,09:30:02,$ 3702.10,6
1455,09:30:02,$ 3702.10,1
1456,09:30:02,$ 3702.10,1
1457,09:30:02,$ 3702.10,1
1458,09:30:02,$ 3702.10,5
1459,09:30:02,$ 3702.10,1
1460,09:30:02,$ 3702.10,116
1461,09:30:02,$ 3702.10,"1,001"
1462,09:30:02,$ 3702.10,66
1463,09:30:02,$ 3702.10,1
1464,09:30:02,$ 3702.10,161
1465,09:30:02,$ 3702.10,1
1466,09:30:02,$ 3702.10,5
1467,09:30:02,$ 3702.10,10
1468,09:30:02,$ 3702.10,100
1469,09:30:02,$ 3702.10,8
1471,09:30:02,$ 3702.10,1
1472,09:30:02,$ 3702.10,1
1473,09:30:02,$ 3702.10,5
1474,09:30:02,$ 3702.10,10
1475,09:30:02,$ 3702.10,7
1476,09:30:02,$ 3702.10,5
1477,09:30:02,$ 3702.10,1
1478,09:30:02,$ 3702.10,175
1479,09:30:02,$ 3702.10,150
1480,09:30:02,$ 3702.10,1
1481,09:30:02,$ 3702.10,11
1482,09:30:02,$ 3702.10,3
1483,09:30:02,$ 3702.10,1
1484,09:30:02,$ 3702.10,1
1485,09:30:02,$ 3702.10,300
1486,09:30:02,$ 3702.10,3
1487,09:30:02,$ 3702.10,1
1488,09:30:02,$ 3702.10,15
1489,09:30:02,$ 3702.10,4
1490,09:30:02,$ 3702.10,1
1492,09:30:02,$ 3702.10,3
1493,09:30:02,$ 3702.10,13
1494,09:30:02,$ 3702.10,3
1495,09:30:02,$ 3702.10,1
1496,09:30:02,$ 3702.10,6
1497,09:30:02,$ 3702.10,2
1498,09:30:02,$ 3702.10,900
1499,09:30:02,$ 3702.10,1
1500,09:30:02,$ 3702.10,70
1501,09:30:02,$ 3702.10,1
1502,09:30:02,$ 3702.10,2
1503,09:30:02,$ 3702.10,20
1504,09:30:02,$ 3702.10,1
1505,09:30:02,$ 3702.10,10
1506,09:30:02,$ 3702.10,3
1507,09:30:02,$ 3702.10,1
1508,09:30:02,$ 3702.10,1
1509,09:30:02,$ 3702.10,1
1510,09:30:02,$ 3702.10,27
1511,09:30:02,$ 3702.10,2
1513,09:30:02,$ 3702.10,100
1514,09:30:02,$ 3702.10,1
1515,09:30:02,$ 3702.10,1
1516,09:30:02,$ 3702.10,5
1517,09:30:02,$ 3702.10,1
1518,09:30:02,$ 3702.10,3
1519,09:30:02,$ 3702.10,1
1520,09:30:02,$ 3702.10,55
1521,09:30:02,$ 3702.10,4
1522,09:30:02,$ 3702.10,1
1523,09:30:02,$ 3702.10,10
1524,09:30:02,$ 3702.10,1
1525,09:30:02,$ 3702.10,1
1526,09:30:02,$ 3702.10,1
1527,09:30:02,$ 3702.10,2
1528,09:30:02,$ 3702.10,1
1529,09:30:02,$ 3702.10,1
1530,09:30:02,$ 3702.10,1
1531,09:30:02,$ 3702.10,1
1532,09:30:02,$ 3702.10,5
1534,09:30:02,$ 3702.10,5
1535,09:30:02,$ 3702.10,3
1536,09:30:02,$ 3702.10,17
1537,09:30:02,$ 3702.10,2
1538,09:30:02,$ 3702.10,2
1539,09:30:02,$ 3702.10,5
1540,09:30:02,$ 3702.10,1
1541,09:30:02,$ 3702.10,4
1542,09:30:02,$ 3702.10,1
1543,09:30:02,$ 3702.10,1
1544,09:30:02,$ 3702.10,21
1545,09:30:02,$ 3702.10,5
1546,09:30:02,$ 3702.10,4
1547,09:30:02,$ 3702.10,1
1548,09:30:02,$ 3702.10,1
1549,09:30:02,$ 3702.10,1
1550,09:30:02,$ 3702.10,18
1551,09:30:02,$ 3702.10,13
1552,09:30:02,$ 3702.10,2
1553,09:30:02,$ 3702.10,2
1555,09:30:02,$ 3702.10,4
1556,09:30:02,$ 3702.10,4
1557,09:30:02,$ 3702.10,1
1558,09:30:02,$ 3702.10,2
1559,09:30:02,$ 3702.10,1
1560,09:30:02,$ 3702.10,1
1561,09:30:02,$ 3702.10,10
1562,09:30:02,$ 3702.10,1
1563,09:30:02,$ 3702.10,5
1564,09:30:02,$ 3702.10,10
1565,09:30:02,$ 3702.10,1
1566,09:30:02,$ 3702.10,8
1567,09:30:02,$ 3702.10,1
1568,09:30:02,$ 3702.10,2
1569,09:30:02,$ 3702.10,2
1570,09:30:02,$ 3702.10,1
1571,09:30:02,$ 3702.10,1
1572,09:30:02,$ 3702.10,2
1573,09:30:02,$ 3702.10,1
1574,09:30:02,$ 3702.10,1
1576,09:30:02,$ 3702.10,6
1577,09:30:02,$ 3702.10,1
1578,09:30:02,$ 3702.10,2
1579,09:30:02,$ 3702.10,1
1580,09:30:02,$ 3702.10,4
1581,09:30:02,$ 3702.10,3
1582,09:30:02,$ 3702.10,1
1583,09:30:02,$ 3702.10,1
1584,09:30:02,$ 3702.10,1
1585,09:30:02,$ 3702.10,3
1586,09:30:02,$ 3702.10,3
1587,09:30:02,$ 3702.10,5
1588,09:30:02,$ 3702.10,10
1589,09:30:02,$ 3702.10,1
1590,09:30:02,$ 3702.10,2
1591,09:30:02,$ 3702.10,4
1592,09:30:02,$ 3702.10,1
1593,09:30:02,$ 3702.10,1
1594,09:30:02,$ 3702.10,1
1595,09:30:02,$ 3702.10,1
1597,09:30:02,$ 3702.10,2
1598,09:30:02,$ 3702.10,2
1599,09:30:02,$ 3702.10,1
1600,09:30:02,$ 3702.10,1
1601,09:30:02,$ 3702.10,2
1602,09:30:02,$ 3702.10,3
1603,09:30:02,$ 3702.10,3
1604,09:30:02,$ 3702.10,3
1605,09:30:02,$ 3702.10,1
1606,09:30:02,$ 3702.10,4
1607,09:30:02,$ 3702.10,1
1608,09:30:02,$ 3702.10,46
1609,09:30:02,$ 3702.10,3
1610,09:30:02,$ 3702.10,13
1611,09:30:02,$ 3702.10,1
1612,09:30:02,$ 3702.10,20
1613,09:30:02,$ 3702.10,1
1614,09:30:02,$ 3702.10,1
1615,09:30:02,$ 3702.10,1
1616,09:30:02,$ 3702.10,1
1618,09:30:02,$ 3702.10,1
1619,09:30:02,$ 3702.10,1
1620,09:30:02,$ 3702.10,1
1621,09:30:02,$ 3702.10,1
1622,09:30:02,$ 3702.10,2
1623,09:30:02,$ 3702.10,1
1624,09:30:02,$ 3702.10,4
1625,09:30:02,$ 3702.10,1
1626,09:30:02,$ 3702.10,3
1627,09:30:02,$ 3702.10,1
1628,09:30:02,$ 3702.10,1
1629,09:30:02,$ 3702.10,2
1630,09:30:02,$ 3702.10,1
1631,09:30:02,$ 3702.10,5
1632,09:30:02,$ 3702.10,8
1633,09:30:02,$ 3702.10,1
1634,09:30:02,$ 3702.10,1
1635,09:30:02,$ 3702.10,1
1636,09:30:02,$ 3702.10,1
1637,09:30:02,$ 3702.10,2
1639,09:30:02,$ 3702.10,5
1640,09:30:02,$ 3702.10,1
1641,09:30:02,$ 3702.10,10
1642,09:30:02,$ 3702.10,6
1643,09:30:02,$ 3702.10,2
1644,09:30:02,$ 3702.10,5
1645,09:30:02,$ 3702.10,3
1646,09:30:02,$ 3702.10,1
1647,09:30:02,$ 3702.10,4
1648,09:30:02,$ 3702.10,4
1649,09:30:02,$ 3702.10,1
1650,09:30:02,$ 3702.10,20
1651,09:30:02,$ 3702.10,1
1652,09:30:02,$ 3702.10,1
1653,09:30:02,$ 3702.10,1
1654,09:30:02,$ 3702.10,1
1655,09:30:02,$ 3702.10,10
1656,09:30:02,$ 3702.10,1
1657,09:30:02,$ 3702.10,1
1658,09:30:02,$ 3702.10,1
1660,09:30:02,$ 3702.10,4
1661,09:30:02,$ 3702.10,1
1662,09:30:02,$ 3702.10,5
1663,09:30:02,$ 3702.10,13
1664,09:30:02,$ 3702.10,26
1665,09:30:02,$ 3702.10,1
1666,09:30:02,$ 3702.10,1
1667,09:30:02,$ 3702.10,1
1668,09:30:02,$ 3702.10,1
1669,09:30:02,$ 3702.10,3
1670,09:30:02,$ 3702.10,15
1671,09:30:02,$ 3702.10,2
1672,09:30:02,$ 3702.10,30
1673,09:30:02,$ 3702.10,1
1674,09:30:02,$ 3702.10,2
1675,09:30:02,$ 3702.10,1
1676,09:30:02,$ 3702.10,1
1677,09:30:02,$ 3702.10,10
1678,09:30:02,$ 3702.10,10
1679,09:30:02,$ 3702.10,10
1681,09:30:02,$ 3702.10,10
1682,09:30:02,$ 3702.10,10
1683,09:30:02,$ 3702.10,10
1684,09:30:02,$ 3702.10,10
1685,09:30:02,$ 3702.10,10
1686,09:30:02,$ 3702.10,10
1687,09:30:02,$ 3702.10,2
1688,09:30:02,$ 3702.10,2
1689,09:30:02,$ 3702.10,20
1690,09:30:02,$ 3702.10,3
1691,09:30:02,$ 3702.10,1
1692,09:30:02,$ 3702.10,1
1693,09:30:02,$ 3702.10,6
1694,09:30:02,$ 3702.10,1
1695,09:30:02,$ 3702.10,30
1696,09:30:02,$ 3702.10,3
1697,09:30:02,$ 3702.10,1
1698,09:30:02,$ 3702.10,2
1699,09:30:02,$ 3702.10,1
1700,09:30:02,$ 3702.10,1
1702,09:30:02,$ 3702.10,3
1703,09:30:02,$ 3702.10,1
1704,09:30:02,$ 3702.10,1
1705,09:30:02,$ 3702.10,1
1706,09:30:02,$ 3702.10,1
1707,09:30:02,$ 3702.10,1
1708,09:30:02,$ 3702.10,1
1709,09:30:02,$ 3702.10,2
1710,09:30:02,$ 3702.10,8
1711,09:30:02,$ 3702.10,1
1712,09:30:02,$ 3702.10,3
1713,09:30:02,$ 3702.10,1
1714,09:30:02,$ 3702.10,2
1715,09:30:02,$ 3702.10,4
1716,09:30:02,$ 3702.10,1
1717,09:30:02,$ 3702.10,1
1718,09:30:02,$ 3702.10,11
1719,09:30:02,$ 3702.10,1
1720,09:30:02,$ 3702.10,4
1721,09:30:02,$ 3702.10,2
1723,09:30:02,$ 3702.10,5
1724,09:30:02,$ 3702.10,12
1725,09:30:02,$ 3702.10,2
1726,09:30:02,$ 3702.10,1
1727,09:30:02,$ 3702.10,3
1728,09:30:02,$ 3702.10,1
1729,09:30:02,$ 3702.10,23
1730,09:30:02,$ 3702.10,2
1731,09:30:02,$ 3702.10,8
1732,09:30:02,$ 3702.10,10
1733,09:30:02,$ 3702.10,1
1734,09:30:02,$ 3702.10,1
1735,09:30:02,$ 3702.10,2
1736,09:30:02,$ 3702.10,4
1737,09:30:02,$ 3702.10,1
1738,09:30:02,$ 3702.10,13
1739,09:30:02,$ 3702.10,1
1740,09:30:02,$ 3702.10,1
1741,09:30:02,$ 3702.10,1
1742,09:30:02,$ 3702.10,1
1744,09:30:02,$ 3702.10,2
1745,09:30:02,$ 3702.10,2
1746,09:30:02,$ 3702.10,3
1747,09:30:02,$ 3702.10,1
1748,09:30:02,$ 3702.10,1
1749,09:30:02,$ 3702.10,1
1750,09:30:02,$ 3702.10,1
1751,09:30:02,$ 3702.10,1
1752,09:30:02,$ 3702.10,2
1753,09:30:02,$ 3702.10,1
1754,09:30:02,$ 3702.10,6
1755,09:30:02,$ 3702.10,4
1756,09:30:02,$ 3702.10,3
1757,09:30:02,$ 3702.10,6
1758,09:30:02,$ 3702.10,6
1759,09:30:02,$ 3702.10,2
1760,09:30:02,$ 3702.10,2
1761,09:30:02,$ 3702.10,2
1762,09:30:02,$ 3702.10,1
1763,09:30:02,$ 3702.10,2
1765,09:30:02,$ 3702.10,2
1766,09:30:02,$ 3702.10,1
1767,09:30:02,$ 3702.10,1
1768,09:30:02,$ 3702.10,2
1769,09:30:02,$ 3702.10,1
1770,09:30:02,$ 3702.10,6
1771,09:30:02,$ 3702.10,30
1772,09:30:02,$ 3702.10,1
1773,09:30:02,$ 3702.10,1
1774,09:30:02,$ 3702.10,1
1775,09:30:02,$ 3702.10,32
1776,09:30:02,$ 3702.10,18
1777,09:30:02,$ 3702.10,10
1778,09:30:02,$ 3702.10,1
1779,09:30:02,$ 3702.10,21
1780,09:30:02,$ 3702.10,28
1781,09:30:02,$ 3702.10,6
1782,09:30:02,$ 3702.10,3
1783,09:30:02,$ 3702.10,10
1784,09:30:02,$ 3702.10,3
1786,09:30:02,$ 3702.10,1
1787,09:30:02,$ 3702.10,2
1788,09:30:02,$ 3702.10,3
1789,09:30:02,$ 3702.10,90
1790,09:30:02,$ 3702.10,2
1791,09:30:02,$ 3702.10,2
1792,09:30:02,$ 3702.10,1
1793,09:30:02,$ 3702.10,1
1794,09:30:02,$ 3702.10,100
1795,09:30:02,$ 3702.10,40
1796,09:30:02,$ 3702.10,39
1797,09:30:02,$ 3702.10,24
1798,09:30:02,$ 3702.10,15
1799,09:30:02,$ 3702.10,1
1800,09:30:02,$ 3702.10,5
1801,09:30:02,$ 3702.10,13
1802,09:30:02,$ 3702.10,1
1803,09:30:02,$ 3702.10,1
1804,09:30:02,$ 3702.10,2
1805,09:30:02,$ 3702.10,10
1807,09:30:02,$ 3702.10,1
1808,09:30:02,$ 3702.10,1
1809,09:30:02,$ 3702.10,1
1810,09:30:02,$ 3702.10,2
1811,09:30:02,$ 3702.10,1
1812,09:30:02,$ 3702.10,1
1813,09:30:02,$ 3702.10,4
1814,09:30:02,$ 3702.10,2
1815,09:30:02,$ 3702.10,1
1816,09:30:02,$ 3702.10,1
1817,09:30:02,$ 3702.10,7
1818,09:30:02,$ 3702.10,200
1819,09:30:02,$ 3702.10,2
1820,09:30:02,$ 3702.10,7
1821,09:30:02,$ 3702.10,1
1822,09:30:02,$ 3702.10,1
1823,09:30:02,$ 3702.10,1
1824,09:30:02,$ 3702.10,7
1825,09:30:02,$ 3702.10,2
1826,09:30:02,$ 3702.10,2
1828,09:30:02,$ 3702.10,300
1829,09:30:02,$ 3702.10,2
1830,09:30:02,$ 3702.10,6
1831,09:30:02,$ 3702.10,4
1832,09:30:02,$ 3702.10,1
1833,09:30:02,$ 3702.10,2
1834,09:30:02,$ 3702.10,1
1835,09:30:02,$ 3702.10,3
1836,09:30:02,$ 3702.10,3
1837,09:30:02,$ 3702.10,5
1838,09:30:02,$ 3702.10,2
1839,09:30:02,$ 3702.10,1
1840,09:30:02,$ 3702.10,1
1841,09:30:02,$ 3702.10,10
1842,09:30:02,$ 3702.10,100
1843,09:30:02,$ 3702.10,1
1844,09:30:02,$ 3702.10,6
1845,09:30:02,$ 3702.10,1
1846,09:30:02,$ 3702.10,4
1847,09:30:02,$ 3702.10,1
1849,09:30:02,$ 3702.10,11
1850,09:30:02,$ 3702.10,1
1851,09:30:02,$ 3702.10,10
1852,09:30:02,$ 3702.10,1
1853,09:30:02,$ 3702.10,100
1854,09:30:02,$ 3702.10,1
1855,09:30:02,$ 3702.10,276
1856,09:30:02,$ 3702.10,10
1857,09:30:02,$ 3702.10,1
1858,09:30:02,$ 3702.10,2
1859,09:30:02,$ 3702.10,1
1860,09:30:02,$ 3702.10,1
1861,09:30:02,$ 3702.10,270
1862,09:30:02,$ 3702.10,2
1863,09:30:02,$ 3702.10,47
1864,09:30:02,$ 3702.10,50
1865,09:30:02,$ 3702.10,20
1866,09:30:02,$ 3702.10,8
1867,09:30:02,$ 3702.10,1
1868,09:30:02,$ 3702.10,4
1870,09:30:02,$ 3702.10,2
1871,09:30:02,$ 3702.10,20
1872,09:30:02,$ 3702.10,5
1873,09:30:02,$ 3702.10,2
1874,09:30:02,$ 3702.10,1
1875,09:30:02,$ 3702.10,14
1876,09:30:02,$ 3702.10,1
1877,09:30:02,$ 3702.10,1
1878,09:30:02,$ 3702.10,3
1879,09:30:02,$ 3702.10,1
1880,09:30:02,$ 3702.10,12
1881,09:30:02,$ 3702.10,54
1882,09:30:02,$ 3702.10,27
1883,09:30:02,$ 3702.10,4
1884,09:30:02,$ 3702.10,2
1885,09:30:02,$ 3702.10,1
1886,09:30:02,$ 3702.10,9
1887,09:30:02,$ 3702.10,19
1888,09:30:02,$ 3702.10,7
1889,09:30:02,$ 3702.10,2
1891,09:30:02,$ 3702.10,6
1892,09:30:02,$ 3702.10,5
1893,09:30:02,$ 3702.10,1
1894,09:30:02,$ 3702.10,1
1895,09:30:02,$ 3702.10,1
1896,09:30:02,$ 3702.10,1
1897,09:30:02,$ 3702.10,1
1898,09:30:02,$ 3702.10,1
1899,09:30:02,$ 3702.10,1
1900,09:30:02,$ 3702.10,2
1901,09:30:02,$ 3702.10,1
1902,09:30:02,$ 3702.10,1
1903,09:30:02,$ 3702.10,1
1904,09:30:02,$ 3702.10,4
1905,09:30:02,$ 3702.10,1
1906,09:30:02,$ 3702.10,2
1907,09:30:02,$ 3702.10,1
1908,09:30:02,$ 3702.10,1
1909,09:30:02,$ 3702.10,2
1910,09:30:02,$ 3702.10,1
1912,09:30:02,$ 3702.10,2
1913,09:30:02,$ 3702.10,1
1914,09:30:02,$ 3702.10,1
1915,09:30:02,$ 3702.10,1
1916,09:30:02,$ 3702.10,1
1917,09:30:02,$ 3702.10,1
1918,09:30:02,$ 3702.10,2
1919,09:30:02,$ 3702.10,1
1920,09:30:02,$ 3702.10,1
1921,09:30:02,$ 3702.10,1
1922,09:30:02,$ 3702.10,5
1923,09:30:02,$ 3702.10,1
1924,09:30:02,$ 3702.10,2
1925,09:30:02,$ 3702.10,1
1926,09:30:02,$ 3702.10,1
1927,09:30:02,$ 3702.10,1
1928,09:30:02,$ 3702.10,10
1929,09:30:02,$ 3702.10,1
1930,09:30:02,$ 3702.10,15
1931,09:30:02,$ 3702.10,1
1933,09:30:02,$ 3702.10,1
1934,09:30:02,$ 3702.10,2
1935,09:30:02,$ 3702.10,1
1936,09:30:02,$ 3702.10,1
1937,09:30:02,$ 3702.10,2
1938,09:30:02,$ 3702.10,2
1939,09:30:02,$ 3702.10,1
1940,09:30:02,$ 3702.10,18
1941,09:30:02,$ 3702.10,10
1942,09:30:02,$ 3702.10,3
1943,09:30:02,$ 3702.10,3
1944,09:30:02,$ 3702.10,1
1945,09:30:02,$ 3702.10,2
1946,09:30:02,$ 3702.10,1
1947,09:30:02,$ 3702.10,11
1948,09:30:02,$ 3702.10,2
1949,09:30:02,$ 3702.10,2
1950,09:30:02,$ 3702.10,1
1951,09:30:02,$ 3702.10,6
1952,09:30:02,$ 3702.10,2
1954,09:30:02,$ 3702.10,2
1955,09:30:02,$ 3702.10,1
1956,09:30:02,$ 3702.10,1
1957,09:30:02,$ 3702.10,2
1958,09:30:02,$ 3702.10,4
1959,09:30:02,$ 3702.10,1
1960,09:30:02,$ 3702.10,1
1961,09:30:02,$ 3702.10,1
1962,09:30:02,$ 3702.10,1
1963,09:30:02,$ 3702.10,1
1964,09:30:02,$ 3702.10,1
1965,09:30:02,$ 3702.10,13
1966,09:30:02,$ 3702.10,3
1967,09:30:02,$ 3702.10,1
1968,09:30:02,$ 3702.10,1
1969,09:30:02,$ 3702.10,1
1970,09:30:02,$ 3702.10,6
1971,09:30:02,$ 3702.10,3
1972,09:30:02,$ 3702.10,13
1973,09:30:02,$ 3702.10,2
1975,09:30:02,$ 3702.10,3
1976,09:30:02,$ 3702.10,2
1977,09:30:02,$ 3702.10,1
1978,09:30:02,$ 3702.10,5
1979,09:30:02,$ 3702.10,5
1980,09:30:02,$ 3702.10,1
1981,09:30:02,$ 3702.10,1
1982,09:30:02,$ 3702.10,1
1983,09:30:02,$ 3702.10,1
1984,09:30:02,$ 3702.10,1
1985,09:30:02,$ 3702.10,1
1986,09:30:02,$ 3702.10,1
1987,09:30:02,$ 3702.10,4
1988,09:30:02,$ 3702.10,145
1989,09:30:02,$ 3702.10,7
1990,09:30:02,$ 3702.10,2
1991,09:30:02,$ 3702.10,5
1992,09:30:02,$ 3702.10,4
1993,09:30:02,$ 3702.10,10
1994,09:30:02,$ 3702.10,67
1996,09:30:02,$ 3702.10,1
1997,09:30:02,$ 3702.10,1
1998,09:30:02,$ 3702.10,7
1999,09:30:02,$ 3702.10,202
2000,09:30:02,$ 3702.10,71
2001,09:30:02,$ 3702.10,14
2002,09:30:02,$ 3702.10,10
2003,09:30:02,$ 3702.10,1
2004,09:30:02,$ 3702.10,21
2005,09:30:02,$ 3702.10,14
2006,09:30:02,$ 3702.10,86
2007,09:30:02,$ 3702.10,1
2008,09:30:02,$ 3702.10,15
2009,09:30:02,$ 3702.10,8
2010,09:30:02,$ 3702.10,6
2011,09:30:02,$ 3702.10,176
2012,09:30:02,$ 3702.10,3
2013,09:30:02,$ 3702.10,353
2014,09:30:02,$ 3702.10,1
2015,09:30:02,$ 3702.10,214
2017,09:30:02,$ 3702.10,24
2018,09:30:02,$ 3702.10,94
2019,09:30:02,$ 3702.10,2
2020,09:30:02,$ 3702.10,2
2021,09:30:02,$ 3702.10,24
2022,09:30:02,$ 3702.10,2
2023,09:30:02,$ 3702.10,2
2024,09:30:02,$ 3702.10,1
2025,09:30:02,$ 3702.10,13
2026,09:30:02,$ 3702.10,177
2027,09:30:02,$ 3702.10,1
2028,09:30:02,$ 3702.10,7
2029,09:30:02,$ 3702.10,1
2030,09:30:02,$ 3702.10,59
2031,09:30:02,$ 3702.10,1
2032,09:30:02,$ 3702.10,206
2033,09:30:02,$ 3702.10,5
2034,09:30:02,$ 3702.10,211
2035,09:30:02,$ 3702.10,2
2036,09:30:02,$ 3702.10,20
2038,09:30:02,$ 3702.10,4
2039,09:30:02,$ 3702.10,50
2040,09:30:02,$ 3702.10,20
2041,09:30:02,$ 3702.10,13
2042,09:30:02,$ 3702.10,4
2043,09:30:02,$ 3702.10,1
2044,09:30:02,$ 3702.10,224
2045,09:30:02,$ 3702.10,112
2046,09:30:02,$ 3702.10,2
2047,09:30:02,$ 3702.10,20
2048,09:30:02,$ 3702.10,5
2049,09:30:02,$ 3702.10,5
2050,09:30:02,$ 3702.10,1
2051,09:30:02,$ 3702.10,80
2052,09:30:02,$ 3702.10,25
2053,09:30:02,$ 3702.10,2
2054,09:30:02,$ 3702.10,5
2055,09:30:02,$ 3702.10,6
2056,09:30:02,$ 3702.10,11
2057,09:30:02,$ 3702.10,1
2059,09:30:02,$ 3702.10,1
2060,09:30:02,$ 3702.10,2
2061,09:30:02,$ 3702.10,25
2062,09:30:02,$ 3702.10,9
2063,09:30:02,$ 3702.10,268
2064,09:30:02,$ 3702.10,2
2065,09:30:02,$ 3702.10,1
2066,09:30:02,$ 3702.10,100
2067,09:30:02,$ 3702.10,1
2068,09:30:02,$ 3702.10,3
2069,09:30:02,$ 3702.10,1
2070,09:30:02,$ 3702.10,13
2071,09:30:02,$ 3702.10,1
2072,09:30:02,$ 3702.10,1
2073,09:30:02,$ 3702.10,2
2074,09:30:02,$ 3702.10,177
2075,09:30:02,$ 3702.10,9
2076,09:30:02,$ 3702.10,3
2077,09:30:02,$ 3702.10,2
2078,09:30:02,$ 3702.10,1
2080,09:30:02,$ 3702.10,600
2081,09:30:02,$ 3702.10,1
2082,09:30:02,$ 3702.10,4
2083,09:30:02,$ 3702.10,12
2084,09:30:02,$ 3702.10,20
2085,09:30:02,$ 3702.10,8
2086,09:30:02,$ 3702.10,722
2087,09:30:02,$ 3702.10,9
2088,09:30:02,$ 3702.10,19
2089,09:30:02,$ 3702.10,8
2090,09:30:02,$ 3702.10,3
2091,09:30:02,$ 3702.10,3
2092,09:30:02,$ 3702.10,202
2093,09:30:02,$ 3702.10,1
2094,09:30:02,$ 3702.10,1
2095,09:30:02,$ 3702.10,1
2096,09:30:02,$ 3702.10,1
2097,09:30:02,$ 3702.10,16
2098,09:30:02,$ 3702.10,2
2099,09:30:02,$ 3702.10,3
2101,09:30:02,$ 3702.10,5
2102,09:30:02,$ 3702.10,1
2103,09:30:02,$ 3702.10,193
2104,09:30:02,$ 3702.10,1
2105,09:30:02,$ 3702.10,21
2106,09:30:02,$ 3702.10,19
2107,09:30:02,$ 3702.10,40
2108,09:30:02,$ 3702.10,33
2109,09:30:02,$ 3702.10,23
2110,09:30:02,$ 3702.10,1
2111,09:30:02,$ 3702.10,1
2112,09:30:02,$ 3702.10,1
2113,09:30:02,$ 3702.10,2
2114,09:30:02,$ 3702.10,2
2115,09:30:02,$ 3702.10,1
2116,09:30:02,$ 3702.10,1
2117,09:30:02,$ 3702.10,1
2118,09:30:02,$ 3702.10,13
2119,09:30:02,$ 3702.10,4
2120,09:30:02,$ 3702.10,3
2122,09:30:02,$ 3702.10,1
2123,09:30:02,$ 3702.10,1
2124,09:30:02,$ 3702.10,15
2125,09:30:02,$ 3702.10,4
2126,09:30:02,$ 3702.10,2
2127,09:30:02,$ 3702.10,31
2128,09:30:02,$ 3702.10,9
2129,09:30:02,$ 3702.10,1
2130,09:30:02,$ 3702.10,5
2131,09:30:02,$ 3702.10,1
2132,09:30:02,$ 3702.10,2
2133,09:30:02,$ 3702.10,3
2134,09:30:02,$ 3702.10,3
2135,09:30:02,$ 3702.10,105
2136,09:30:02,$ 3702.10,1
2137,09:30:02,$ 3702.10,88
2138,09:30:02,$ 3702.10,50
2139,09:30:02,$ 3702.10,5
2140,09:30:02,$ 3702.10,3
2141,09:30:02,$ 3702.10,68
2143,09:30:02,$ 3702.10,2
2144,09:30:02,$ 3702.10,31
2145,09:30:02,$ 3702.10,3
2146,09:30:02,$ 3702.10,7
2147,09:30:02,$ 3702.10,2
2148,09:30:02,$ 3702.10,76
2149,09:30:02,$ 3702.10,100
2150,09:30:02,$ 3702.10,2
2151,09:30:02,$ 3702.10,4
2152,09:30:02,$ 3702.10,4
2153,09:30:02,$ 3702.10,1
2154,09:30:02,$ 3702.10,2
2155,09:30:02,$ 3702.10,6
2156,09:30:02,$ 3702.10,3
2157,09:30:02,$ 3702.10,157
2158,09:30:02,$ 3702.10,26
2159,09:30:02,$ 3702.10,2
2160,09:30:02,$ 3702.10,4
2161,09:30:02,$ 3702.10,2
2162,09:30:02,$ 3702.10,3
2164,09:30:02,$ 3702.10,50
2165,09:30:02,$ 3702.10,35
2166,09:30:02,$ 3702.10,2
2167,09:30:02,$ 3702.10,1
2168,09:30:02,$ 3702.10,11
2169,09:30:02,$ 3702.10,1
2170,09:30:02,$ 3702.10,1
2171,09:30:02,$ 3702.10,6
2172,09:30:02,$ 3702.10,1
2173,09:30:02,$ 3702.10,2
2174,09:30:02,$ 3702.10,10
2175,09:30:02,$ 3702.10,50
2176,09:30:02,$ 3702.10,1
2177,09:30:02,$ 3702.10,67
2178,09:30:02,$ 3702.10,10
2179,09:30:02,$ 3702.10,4
2180,09:30:02,$ 3702.10,2
2181,09:30:02,$ 3702.10,15
2182,09:30:02,$ 3702.10,17
2183,09:30:02,$ 3702.10,6
2185,09:30:02,$ 3702.10,2
2186,09:30:02,$ 3702.10,1
2187,09:30:02,$ 3702.10,3
2188,09:30:02,$ 3702.10,1
2189,09:30:02,$ 3702.10,1
2190,09:30:02,$ 3702.10,1
2191,09:30:02,$ 3702.10,5
2192,09:30:02,$ 3702.10,1
2193,09:30:02,$ 3702.10,1
2194,09:30:02,$ 3702.10,7
2195,09:30:02,$ 3702.10,1
2196,09:30:02,$ 3702.10,5
2197,09:30:02,$ 3702.10,1
2198,09:30:02,$ 3702.10,268
2199,09:30:02,$ 3702.10,1
2200,09:30:02,$ 3702.10,1
2201,09:30:02,$ 3702.10,2
2202,09:30:02,$ 3702.10,35
2203,09:30:02,$ 3702.10,4
2204,09:30:02,$ 3702.10,4
2206,09:30:02,$ 3702.10,2
2207,09:30:02,$ 3702.10,35
2208,09:30:02,$ 3702.10,4
2209,09:30:02,$ 3702.10,2
2210,09:30:02,$ 3702.10,7
2211,09:30:02,$ 3702.10,15
2212,09:30:02,$ 3702.10,5
2213,09:30:02,$ 3702.10,40
2214,09:30:02,$ 3702.10,5
2215,09:30:02,$ 3702.10,5
2216,09:30:02,$ 3702.10,5
2217,09:30:02,$ 3702.10,2
2218,09:30:02,$ 3702.10,1
2219,09:30:02,$ 3702.10,2
2220,09:30:02,$ 3702.10,1
2221,09:30:02,$ 3702.10,4
2222,09:30:02,$ 3702.10,32
2223,09:30:02,$ 3702.10,5
2224,09:30:02,$ 3702.10,5
2225,09:30:02,$ 3702.10,1
2227,09:30:02,$ 3702.10,1
2228,09:30:02,$ 3702.10,72
2229,09:30:02,$ 3702.10,1
2230,09:30:02,$ 3702.10,13
2231,09:30:02,$ 3702.10,9
2232,09:30:02,$ 3702.10,138
2233,09:30:02,$ 3702.10,3
2234,09:30:02,$ 3702.10,32
2235,09:30:02,$ 3702.10,3
2236,09:30:02,$ 3702.10,5
2237,09:30:02,$ 3702.10,2
2238,09:30:02,$ 3702.10,25
2239,09:30:02,$ 3702.10,5
2240,09:30:02,$ 3702.10,2
2241,09:30:02,$ 3702.10,117
2242,09:30:02,$ 3702.10,3
2243,09:30:02,$ 3702.10,1
2244,09:30:02,$ 3702.10,3
2245,09:30:02,$ 3702.10,3
2246,09:30:02,$ 3702.10,1
2248,09:30:02,$ 3702.10,2
2249,09:30:02,$ 3702.10,2
2250,09:30:02,$ 3702.10,3
2251,09:30:02,$ 3702.10,5
2252,09:30:02,$ 3702.10,2
2253,09:30:02,$ 3702.10,1
2254,09:30:02,$ 3702.10,120
2255,09:30:02,$ 3702.10,4
2256,09:30:02,$ 3702.10,10
2257,09:30:02,$ 3702.10,3
2258,09:30:02,$ 3702.10,1
2259,09:30:02,$ 3702.10,2
2260,09:30:02,$ 3702.10,10
2261,09:30:02,$ 3702.10,2
2262,09:30:02,$ 3702.10,600
2263,09:30:02,$ 3702.10,134
2264,09:30:02,$ 3702.10,20
2265,09:30:02,$ 3702.10,25
2266,09:30:02,$ 3702.10,25
2267,09:30:02,$ 3702.10,26
2269,09:30:02,$ 3702.10,100
2270,09:30:02,$ 3702.10,25
2271,09:30:02,$ 3702.10,27
2272,09:30:02,$ 3702.10,53
2273,09:30:02,$ 3702.10,13
2274,09:30:02,$ 3702.10,106
2275,09:30:02,$ 3703.00,100
2276,09:30:02,$ 3702.555,100
2277,09:30:02,$ 3703.00,100
2278,09:30:02,$ 3703.00,270
2279,09:30:01,$ 3702.86,100
2280,09:30:01,$ 3703.00,100
2281,09:30:01,$ 3702.10,57
2283,10:29:59,$ 3766.685,100
2284,10:29:56,$ 3766.405,100
2285,10:29:56,$ 3766.243,100
2286,10:29:53,$ 3767.27,100
2287,10:29:42,$ 3768.12,100
2288,10:29:42,$ 3768.21,100
2289,10:29:42,$ 3768.14,100
2290,10:29:41,$ 3768.57,100
2291,10:29:40,$ 3768.65,100
2292,10:29:40,$ 3768.22,100
2293,10:29:38,$ 3768.1256,100
2294,10:29:37,$ 3767.43,100
2295,10:29:35,$ 3768.23,200
2296,10:29:33,$ 3767.85,193
2297,10:29:32,$ 3767.545,300
2298,10:29:28,$ 3767.84,120
2299,10:29:27,$ 3767.84,100
2300,10:29:20,$ 3768.00,200
2301,10:29:18,$ 3767.82,100
2302,10:29:16,$ 3767.20,200
2304,10:29:10,$ 3767.325,100
2305,10:29:04,$ 3766.935,100
2306,10:29:04,$ 3766.71,100
2307,10:29:01,$ 3766.19,100
2308,10:28:59,$ 3766.57,105
2309,10:28:57,$ 3766.50,300
2310,10:28:57,$ 3765.88,100
2311,10:28:51,$ 3766.475,100
2312,10:28:45,$ 3767.4175,100
2313,10:28:42,$ 3768.00,153
2314,10:28:42,$ 3768.00,100
2315,10:28:42,$ 3767.44,100
2316,10:28:36,$ 3767.365,100
2317,10:28:33,$ 3766.8755,200
2318,10:28:32,$ 3766.4201,100
2319,10:28:31,$ 3766.5109,100
2320,10:28:24,$ 3767.20,100
2321,10:28:22,$ 3767.19,200
2322,10:28:20,$ 3767.19,200
2323,10:28:20,$ 3767.26,295
2325,10:28:20,$ 3767.73,100
2326,10:28:20,$ 3767.26,100
2327,10:28:20,$ 3767.30,100
2328,10:28:20,$ 3767.30,100
2329,10:28:20,$ 3767.27,100
2330,10:28:19,$ 3767.00,100
2331,10:28:17,$ 3766.635,100
2332,10:28:13,$ 3767.00,100
2333,10:28:13,$ 3766.87,100
2334,10:28:12,$ 3766.0033,173
2335,10:28:10,$ 3765.42,100
2336,10:28:03,$ 3764.89,100
2337,10:28:01,$ 3764.08,100
2338,10:28:01,$ 3764.04,100
2339,10:28:01,$ 3763.34,100
2340,10:28:00,$ 3763.7997,100
2341,10:27:59,$ 3763.704,100
2342,10:27:59,$ 3763.885,100
2343,10:27:59,$ 3763.96,100
2344,10:27:59,$ 3763.97,100
2346,10:27:59,$ 3763.46,100
2347,10:27:59,$ 3763.635,100
2348,10:27:59,$ 3763.86,300
2349,10:27:59,$ 3763.635,100
2350,10:27:55,$ 3763.0813,250
2351,10:27:55,$ 3763.13,100
2352,10:27:54,$ 3763.71,100
2353,10:27:53,$ 3764.00,100
2354,10:27:53,$ 3764.00,191
2355,10:27:53,$ 3764.00,232
2356,10:27:45,$ 3763.96,150
2357,10:27:42,$ 3763.955,100
2358,10:27:35,$ 3763.83,500
2359,10:27:35,$ 3764.84,100
2360,10:27:32,$ 3762.68,100
2361,10:27:30,$ 3764.0389,250
2362,10:27:26,$ 3764.56,"1,000"
2363,10:27:18,$ 3763.25,100
2364,10:27:16,$ 3761.5523,500
2365,10:27:03,$ 3764.025,100
2367,10:27:01,$ 3762.765,100
2368,10:27:00,$ 3762.65,115
2369,10:27:00,$ 3762.64,135
2370,10:26:58,$ 3762.46,100
2371,10:26:58,$ 3763.2999,100
2372,10:26:57,$ 3762.67,100
2373,10:26:57,$ 3762.68,100
2374,10:26:57,$ 3762.6538,100
2375,10:26:57,$ 3762.68,100
2376,10:26:53,$ 3764.295,425
2377,10:26:53,$ 3763.70,100
2378,10:26:52,$ 3766.00,300
2379,10:26:52,$ 3764.43,100
2380,10:26:49,$ 3765.5122,185
2381,10:26:48,$ 3763.8004,100
2382,10:26:47,$ 3763.66,100
2383,10:26:47,$ 3764.31,100
2384,10:26:47,$ 3764.08,120
2385,10:26:47,$ 3765.08,100
2386,10:26:47,$ 3765.00,"1,300"
2388,10:26:44,$ 3765.1598,100
2389,10:26:43,$ 3765.99,200
2390,10:26:42,$ 3765.63,100
2391,10:26:38,$ 3766.165,"1,000"
2392,10:26:37,$ 3766.15,300
2393,10:26:33,$ 3765.90,100
2394,10:26:31,$ 3765.58,100
2395,10:26:25,$ 3766.16,100
2396,10:26:20,$ 3766.72,150
2397,10:26:17,$ 3766.23,100
2398,10:26:13,$ 3766.4628,120
2399,10:26:08,$ 3765.4801,200
2400,10:26:06,$ 3766.85,100
2401,10:26:05,$ 3767.00,100
2402,10:26:05,$ 3766.00,328
2403,10:26:05,$ 3765.68,100
2404,10:26:05,$ 3765.77,100
2405,10:26:05,$ 3765.80,100
2406,10:26:05,$ 3765.20,100
2407,10:26:05,$ 3765.18,100
2409,10:26:05,$ 3765.1199,142
2410,10:26:05,$ 3765.12,100
2411,10:26:05,$ 3765.1199,100
2412,10:26:04,$ 3764.70,100
2413,10:26:02,$ 3765.12,100
2414,10:26:02,$ 3764.99,100
2415,10:26:01,$ 3764.99,100
2416,10:26:01,$ 3764.99,100
2417,10:25:59,$ 3764.73,100
2418,10:25:56,$ 3764.7399,200
2419,10:25:54,$ 3763.75,179
2420,10:25:54,$ 3763.75,126
2421,10:25:54,$ 3763.75,126
2422,10:25:54,$ 3763.75,202
2423,10:25:52,$ 3764.24,100
2424,10:25:50,$ 3763.6401,100
2425,10:25:45,$ 3764.145,100
2426,10:25:44,$ 3764.7899,200
2427,10:25:43,$ 3764.2516,150
2428,10:25:42,$ 3764.89,100
2430,10:25:42,$ 3764.23,153
2431,10:25:42,$ 3764.21,100
2432,10:25:41,$ 3764.275,100
2433,10:25:40,$ 3764.81,100
2434,10:25:38,$ 3763.63,100
2435,10:25:36,$ 3764.94,100
2436,10:25:35,$ 3764.81,100
2437,10:25:35,$ 3763.83,100
2438,10:25:27,$ 3763.055,100
2439,10:25:26,$ 3763.31,100
2440,10:25:24,$ 3761.70,100
2441,10:25:24,$ 3763.21,100
2442,10:25:24,$ 3763.20,100
2443,10:25:15,$ 3758.5038,100
2444,10:25:12,$ 3758.4584,184
2445,10:25:09,$ 3758.875,100
2446,10:24:53,$ 3759.945,100
2447,10:24:52,$ 3759.0695,200
2448,10:24:51,$ 3759.78,100
2449,10:24:51,$ 3759.78,100
2451,10:24:44,$ 3757.4108,200
2452,10:24:34,$ 3757.10,100
2453,10:24:33,$ 3757.625,150
2454,10:24:32,$ 3757.625,200
2455,10:24:24,$ 3758.30,100
2456,10:24:24,$ 3758.60,181
2457,10:24:24,$ 3758.6001,100
2458,10:24:22,$ 3760.00,100
2459,10:24:15,$ 3760.81,100
2460,10:24:12,$ 3760.3001,900
2461,10:24:06,$ 3761.02,100
2462,10:24:04,$ 3761.055,100
2463,10:24:02,$ 3761.67,288
2464,10:23:58,$ 3762.17,100
2465,10:23:57,$ 3760.41,100
2466,10:23:55,$ 3761.185,200
2467,10:23:47,$ 3760.26,100
2468,10:23:47,$ 3760.25,100
2469,10:23:47,$ 3761.35,100
2470,10:23:47,$ 3761.32,100
2472,10:23:47,$ 3761.22,100
2473,10:23:39,$ 3763.00,200
2474,10:23:38,$ 3763.80,122
2475,10:23:36,$ 3764.8044,100
2476,10:23:28,$ 3764.95,100
2477,10:23:28,$ 3764.96,100
2478,10:23:28,$ 3765.00,195
2479,10:23:28,$ 3764.99,100
2480,10:23:28,$ 3763.7499,100
2481,10:23:28,$ 3763.7499,100
2482,10:23:28,$ 3763.4299,100
2483,10:23:28,$ 3763.43,100
2484,10:23:24,$ 3762.34,100
2485,10:23:24,$ 3763.07,200
2486,10:23:24,$ 3763.22,200
2487,10:23:15,$ 3762.30,200
2488,10:23:11,$ 3761.59,100
2489,10:23:09,$ 3761.26,100
2490,10:23:09,$ 3761.94,100
2491,10:23:09,$ 3761.26,100
2493,10:23:09,$ 3761.58,200
2494,10:23:07,$ 3762.8873,300
2495,10:23:06,$ 3761.9201,137
2496,10:23:04,$ 3762.00,400
2497,10:23:04,$ 3761.99,400
2498,10:23:00,$ 3762.00,200
2499,10:22:59,$ 3762.00,300
2500,10:22:54,$ 3762.00,107
2501,10:22:49,$ 3762.1056,100
2502,10:22:44,$ 3761.55,638
2503,10:22:44,$ 3761.61,100
2504,10:22:31,$ 3762.29,100
2505,10:22:31,$ 3762.00,100
2506,10:22:31,$ 3762.00,100
2507,10:22:26,$ 3761.7546,300
2508,10:22:22,$ 3761.34,100
2509,10:22:22,$ 3760.7747,119
2510,10:22:21,$ 3761.3919,100
2511,10:22:18,$ 3761.74,100
2512,10:22:18,$ 3761.76,100
2514,10:22:18,$ 3760.60,100
2515,10:22:16,$ 3759.88,100
2516,10:22:15,$ 3759.485,100
2517,10:22:14,$ 3759.06,111
2518,10:22:12,$ 3758.98,400
2519,10:22:04,$ 3758.34,100
2520,10:21:54,$ 3756.64,100
2521,10:21:54,$ 3757.00,100
2522,10:21:50,$ 3758.8848,100
2523,10:21:50,$ 3758.445,300
2524,10:21:47,$ 3757.32,100
2525,10:21:47,$ 3757.56,100
2526,10:21:40,$ 3759.21,100
2527,10:21:39,$ 3760.35,100
2528,10:21:39,$ 3761.0117,300
2529,10:21:36,$ 3759.89,100
2530,10:21:35,$ 3758.31,100
2531,10:21:34,$ 3759.77,100
2532,10:21:34,$ 3759.35,100
2533,10:21:34,$ 3759.295,100
2535,10:21:25,$ 3758.97,100
2536,10:21:24,$ 3759.02,100
2537,10:21:24,$ 3759.02,100
2538,10:21:17,$ 3759.15,200
2539,10:21:12,$ 3758.4924,100
2540,10:21:08,$ 3758.4135,100
2541,10:21:04,$ 3758.30,106
2542,10:20:56,$ 3759.5259,149
2543,10:20:55,$ 3759.06,100
2544,10:20:55,$ 3759.01,100
2545,10:20:55,$ 3760.13,100
2546,10:20:55,$ 3760.04,100
2547,10:20:55,$ 3760.04,100
2548,10:20:51,$ 3760.8014,208
2549,10:20:51,$ 3760.59,900
2550,10:20:51,$ 3760.59,100
2551,10:20:43,$ 3760.51,100
2552,10:20:43,$ 3761.125,106
2553,10:20:39,$ 3760.00,138
2554,10:20:37,$ 3761.21,100
2556,10:20:30,$ 3761.87,200
2557,10:20:30,$ 3761.92,100
2558,10:20:27,$ 3761.20,100
2559,10:20:27,$ 3760.585,250
2560,10:20:27,$ 3762.30,250
2561,10:20:23,$ 3762.37,100
2562,10:20:20,$ 3763.4299,300
2563,10:20:19,$ 3763.14,120
2564,10:20:18,$ 3763.4299,100
2565,10:20:17,$ 3762.865,100
2566,10:20:15,$ 3764.9299,100
2567,10:20:14,$ 3762.86,245
2568,10:20:10,$ 3765.20,100
2569,10:20:09,$ 3765.075,900
2570,10:20:08,$ 3765.168,100
2571,10:20:08,$ 3765.7056,302
2572,10:20:08,$ 3765.7189,100
2573,10:20:08,$ 3765.7189,100
2574,10:20:08,$ 3765.72,100
2575,10:20:07,$ 3765.50,100
2577,10:20:07,$ 3765.394,100
2578,10:20:07,$ 3765.40,100
2579,10:20:07,$ 3764.99,100
2580,10:20:07,$ 3764.37,499
2581,10:20:06,$ 3763.97,100
2582,10:20:06,$ 3763.83,100
2583,10:20:05,$ 3763.3499,100
2584,10:20:05,$ 3762.91,100
2585,10:20:05,$ 3763.685,100
2586,10:20:03,$ 3763.49,100
2587,10:20:03,$ 3763.49,100
2588,10:20:03,$ 3763.665,700
2589,10:20:03,$ 3763.4899,100
2590,10:20:03,$ 3763.49,100
2591,10:20:03,$ 3763.49,100
2592,10:20:03,$ 3763.415,100
2593,10:20:02,$ 3763.32,100
2594,10:20:02,$ 3762.5701,100
2595,10:20:02,$ 3762.7175,100
2596,10:20:02,$ 3762.80,100
2598,10:20:01,$ 3761.88,200
2599,10:20:01,$ 3761.669,200
2600,10:20:01,$ 3761.49,100
2601,10:20:01,$ 3761.54,100
2602,10:19:59,$ 3760.205,100
2603,10:19:58,$ 3761.66,100
2604,10:19:55,$ 3758.9702,743
2605,10:19:55,$ 3759.305,100
2606,10:19:55,$ 3759.8001,130
2607,10:19:53,$ 3758.67,100
2608,10:19:48,$ 3758.67,100
2609,10:19:43,$ 3757.7133,160
2610,10:19:39,$ 3757.8566,100
2611,10:19:38,$ 3757.3401,900
2612,10:19:38,$ 3758.3409,110
2613,10:19:38,$ 3758.35,200
2614,10:19:29,$ 3758.01,100
2615,10:19:29,$ 3758.42,100
2616,10:19:29,$ 3759.20,100
2617,10:19:29,$ 3759.05,100
2619,10:19:28,$ 3760.00,184
2620,10:19:28,$ 3760.27,100
2621,10:19:28,$ 3760.27,100
2622,10:19:27,$ 3761.37,200
2623,10:19:27,$ 3761.155,100
2624,10:19:27,$ 3761.31,100
2625,10:19:27,$ 3761.52,100
2626,10:19:25,$ 3760.995,"1,000"
2627,10:19:24,$ 3760.30,100
2628,10:19:24,$ 3760.19,100
2629,10:19:23,$ 3760.37,100
2630,10:19:23,$ 3761.38,100
2631,10:19:23,$ 3760.82,100
2632,10:19:23,$ 3760.63,100
2633,10:19:23,$ 3760.25,100
2634,10:19:23,$ 3760.18,100
2635,10:19:17,$ 3761.71,100
2636,10:19:17,$ 3761.805,100
2637,10:19:17,$ 3761.579,100
2638,10:19:17,$ 3761.579,175
2640,10:19:17,$ 3761.57,400
2641,10:19:16,$ 3760.4268,250
2642,10:19:12,$ 3761.044,400
2643,10:19:11,$ 3760.21,270
2644,10:19:10,$ 3760.82,101
2645,10:19:09,$ 3761.08,100
2646,10:19:09,$ 3761.08,100
2647,10:19:07,$ 3759.9117,150
2648,10:19:06,$ 3759.905,100
2649,10:19:04,$ 3760.46,100
2650,10:19:04,$ 3761.00,100
2651,10:19:04,$ 3761.59,100
2652,10:19:03,$ 3762.24,100
2653,10:18:58,$ 3763.565,100
2654,10:18:58,$ 3763.555,100
2655,10:18:57,$ 3763.34,100
2656,10:18:57,$ 3763.72,113
2657,10:18:57,$ 3763.87,100
2658,10:18:55,$ 3763.855,100
2659,10:18:55,$ 3763.16,"1,000"
2661,10:18:54,$ 3761.92,100
2662,10:18:53,$ 3762.42,111
2663,10:18:53,$ 3763.215,900
2664,10:18:53,$ 3762.88,250
2665,10:18:53,$ 3763.68,100
2666,10:18:52,$ 3761.8988,100
2667,10:18:52,$ 3761.12,351
2668,10:18:52,$ 3761.81,150
2669,10:18:52,$ 3762.07,100
2670,10:18:52,$ 3761.88,100
2671,10:18:52,$ 3761.88,100
2672,10:18:52,$ 3761.88,100
2673,10:18:52,$ 3761.87,100
2674,10:18:52,$ 3761.69,100
2675,10:18:52,$ 3761.96,100
2676,10:18:52,$ 3761.95,100
2677,10:18:52,$ 3761.95,100
2678,10:18:52,$ 3764.00,218
2679,10:18:52,$ 3764.00,111
2680,10:18:52,$ 3762.27,100
2682,10:18:52,$ 3762.25,100
2683,10:18:52,$ 3761.12,100
2684,10:18:52,$ 3761.11,473
2685,10:18:52,$ 3762.24,100
2686,10:18:52,$ 3761.11,400
2687,10:18:52,$ 3762.00,329
2688,10:18:52,$ 3760.00,130
2689,10:18:52,$ 3760.00,130
2690,10:18:52,$ 3760.00,329
2691,10:18:52,$ 3760.00,100
2692,10:18:52,$ 3760.00,100
2693,10:18:51,$ 3759.00,105
2694,10:18:51,$ 3758.42,200
2695,10:18:51,$ 3758.405,300
2696,10:18:50,$ 3757.9985,100
2697,10:18:47,$ 3757.00,350
2698,10:18:44,$ 3756.00,100
2699,10:18:42,$ 3755.24,199
2700,10:18:41,$ 3754.835,100
2701,10:18:37,$ 3754.855,200
2703,10:18:36,$ 3755.00,400
2704,10:18:36,$ 3753.74,500
2705,10:18:36,$ 3754.395,100
2706,10:18:36,$ 3755.00,100
2707,10:18:36,$ 3755.00,100
2708,10:18:36,$ 3754.88,100
2709,10:18:36,$ 3754.95,250
2710,10:18:36,$ 3755.00,214
2711,10:18:36,$ 3753.74,100
2712,10:18:36,$ 3753.49,100
2713,10:18:35,$ 3752.22,100
2714,10:18:35,$ 3752.22,100
2715,10:18:35,$ 3752.22,100
2716,10:18:35,$ 3752.89,100
2717,10:18:28,$ 3751.5001,270
2718,10:18:24,$ 3752.00,150
2719,10:18:18,$ 3751.27,100
2720,10:18:15,$ 3751.96,100
2721,10:18:13,$ 3752.01,100
2722,10:18:10,$ 3752.01,100
2724,10:18:10,$ 3752.005,100
2725,10:18:10,$ 3752.01,100
2726,10:18:09,$ 3752.00,300
2727,10:17:50,$ 3752.33,100
2728,10:17:39,$ 3753.24,100
2729,10:17:39,$ 3752.6925,100
2730,10:17:35,$ 3752.57,100
2731,10:17:27,$ 3754.00,100
2732,10:17:27,$ 3752.995,100
2733,10:17:27,$ 3753.53,100
2734,10:17:14,$ 3752.26,100
2735,10:17:14,$ 3752.25,100
2736,10:17:14,$ 3752.25,115
2737,10:17:14,$ 3752.25,252
2738,10:17:11,$ 3752.62,100
2739,10:17:08,$ 3753.00,300
2740,10:17:07,$ 3753.06,100
2741,10:17:07,$ 3753.115,100
2742,10:17:03,$ 3752.52,100
2743,10:16:59,$ 3752.975,150
2745,10:18:10,$ 3752.005,100
2746,10:18:10,$ 3752.01,100
2747,10:18:09,$ 3752.00,300
2748,10:17:50,$ 3752.33,100
2749,10:17:39,$ 3753.24,100
2750,10:17:39,$ 3752.6925,100
2751,10:17:35,$ 3752.57,100
2752,10:17:27,$ 3754.00,100
2753,10:17:27,$ 3752.995,100
2754,10:17:27,$ 3753.53,100
2755,10:17:14,$ 3752.26,100
2756,10:17:14,$ 3752.25,100
2757,10:17:14,$ 3752.25,115
2758,10:17:14,$ 3752.25,252
2759,10:17:11,$ 3752.62,100
2760,10:17:08,$ 3753.00,300
2761,10:17:07,$ 3753.06,100
2762,10:17:07,$ 3753.115,100
2763,10:17:03,$ 3752.52,100
2764,10:16:59,$ 3752.975,150
2766,10:18:10,$ 3752.005,100
2767,10:18:10,$ 3752.01,100
2768,10:18:09,$ 3752.00,300
2769,10:17:50,$ 3752.33,100
2770,10:17:39,$ 3753.24,100
2771,10:17:39,$ 3752.6925,100
2772,10:17:35,$ 3752.57,100
2773,10:17:27,$ 3754.00,100
2774,10:17:27,$ 3752.995,100
2775,10:17:27,$ 3753.53,100
2776,10:17:14,$ 3752.26,100
2777,10:17:14,$ 3752.25,100
2778,10:17:14,$ 3752.25,115
2779,10:17:14,$ 3752.25,252
2780,10:17:11,$ 3752.62,100
2781,10:17:08,$ 3753.00,300
2782,10:17:07,$ 3753.06,100
2783,10:17:07,$ 3753.115,100
2784,10:17:03,$ 3752.52,100
2785,10:16:59,$ 3752.975,150
2787,10:15:56,$ 3750.9999,100
2788,10:15:56,$ 3750.9999,100
2789,10:15:56,$ 3751.00,100
2790,10:15:56,$ 3750.9999,100
2791,10:15:56,$ 3751.00,100
2792,10:15:55,$ 3750.51,100
2793,10:15:51,$ 3750.19,100
2794,10:15:50,$ 3750.00,100
2795,10:15:48,$ 3749.685,100
2796,10:15:43,$ 3749.97,100
2797,10:15:42,$ 3749.385,100
2798,10:15:41,$ 3750.00,100
2799,10:15:41,$ 3750.00,100
2800,10:15:41,$ 3750.00,100
2801,10:15:40,$ 3749.98,100
2802,10:15:40,$ 3750.00,330
2803,10:15:40,$ 3750.00,100
2804,10:15:40,$ 3750.00,100
2805,10:15:40,$ 3750.00,100
2806,10:15:40,$ 3750.00,100
2808,10:15:40,$ 3748.86,100
2809,10:15:40,$ 3749.32,100
2810,10:15:40,$ 3749.52,100
2811,10:15:40,$ 3750.00,140
2812,10:15:40,$ 3750.00,110
2813,10:15:40,$ 3750.00,425
2814,10:15:40,$ 3750.00,600
2815,10:15:40,$ 3750.00,502
2816,10:15:40,$ 3750.00,200
2817,10:15:40,$ 3749.9999,100
2818,10:15:40,$ 3748.86,100
2819,10:15:38,$ 3749.00,100
2820,10:15:38,$ 3748.80,100
2821,10:15:38,$ 3748.55,147
2822,10:15:34,$ 3747.99,100
2823,10:15:34,$ 3747.99,100
2824,10:15:34,$ 3747.99,800
2825,10:15:33,$ 3748.7999,137
2826,10:15:29,$ 3747.97,100
2827,10:15:23,$ 3747.19,200
2829,10:15:23,$ 3747.38,100
2830,10:15:20,$ 3747.98,100
2831,10:15:15,$ 3746.97,100
2832,10:15:14,$ 3747.0777,100
2833,10:15:11,$ 3747.6299,100
2834,10:15:11,$ 3747.41,100
2835,10:15:09,$ 3747.14,200
2836,10:15:09,$ 3747.35,200
2837,10:15:08,$ 3746.4219,"1,000"
2838,10:15:08,$ 3746.28,350
2839,10:15:07,$ 3746.93,100
2840,10:15:07,$ 3746.93,200
2841,10:15:06,$ 3747.946,100
2842,10:15:04,$ 3747.63,100
2843,10:15:03,$ 3746.915,200
2844,10:15:02,$ 3745.27,100
2845,10:15:02,$ 3746.82,100
2846,10:15:02,$ 3746.96,100
2847,10:15:02,$ 3747.21,100
2848,10:15:02,$ 3746.80,100
2850,10:15:02,$ 3746.58,100
2851,10:15:02,$ 3746.58,100
2852,10:15:02,$ 3745.40,"1,000"
2853,10:15:02,$ 3746.49,100
2854,10:15:02,$ 3745.91,100
2855,10:15:02,$ 3745.98,100
2856,10:15:02,$ 3746.00,600
2857,10:15:02,$ 3744.75,432
2858,10:15:02,$ 3744.75,100
2859,10:15:02,$ 3744.6073,100
2860,10:15:02,$ 3744.60,100
2861,10:15:02,$ 3744.60,100
2862,10:15:02,$ 3744.62,100
2863,10:15:01,$ 3744.65,100
2864,10:14:59,$ 3744.595,100
2865,10:14:57,$ 3743.51,100
2866,10:14:53,$ 3743.50,100
2867,10:14:42,$ 3744.00,200
2868,10:14:42,$ 3743.575,100
2869,10:14:29,$ 3743.00,100
2871,10:15:02,$ 3746.58,100
2872,10:15:02,$ 3746.58,100
2873,10:15:02,$ 3745.40,"1,000"
2874,10:15:02,$ 3746.49,100
2875,10:15:02,$ 3745.91,100
2876,10:15:02,$ 3745.98,100
2877,10:15:02,$ 3746.00,600
2878,10:15:02,$ 3744.75,432
2879,10:15:02,$ 3744.75,100
2880,10:15:02,$ 3744.6073,100
2881,10:15:02,$ 3744.60,100
2882,10:15:02,$ 3744.60,100
2883,10:15:02,$ 3744.62,100
2884,10:15:01,$ 3744.65,100
2885,10:14:59,$ 3744.595,100
2886,10:14:57,$ 3743.51,100
2887,10:14:53,$ 3743.50,100
2888,10:14:42,$ 3744.00,200
2889,10:14:42,$ 3743.575,100
2890,10:14:29,$ 3743.00,100
2892,10:15:02,$ 3746.58,100
2893,10:15:02,$ 3746.58,100
2894,10:15:02,$ 3745.40,"1,000"
2895,10:15:02,$ 3746.49,100
2896,10:15:02,$ 3745.91,100
2897,10:15:02,$ 3745.98,100
2898,10:15:02,$ 3746.00,600
2899,10:15:02,$ 3744.75,432
2900,10:15:02,$ 3744.75,100
2901,10:15:02,$ 3744.6073,100
2902,10:15:02,$ 3744.60,100
2903,10:15:02,$ 3744.60,100
2904,10:15:02,$ 3744.62,100
2905,10:15:01,$ 3744.65,100
2906,10:14:59,$ 3744.595,100
2907,10:14:57,$ 3743.51,100
2908,10:14:53,$ 3743.50,100
2909,10:14:42,$ 3744.00,200
2910,10:14:42,$ 3743.575,100
2911,10:14:29,$ 3743.00,100
2913,10:15:02,$ 3746.58,100
2914,10:15:02,$ 3746.58,100
2915,10:15:02,$ 3745.40,"1,000"
2916,10:15:02,$ 3746.49,100
2917,10:15:02,$ 3745.91,100
2918,10:15:02,$ 3745.98,100
2919,10:15:02,$ 3746.00,600
2920,10:15:02,$ 3744.75,432
2921,10:15:02,$ 3744.75,100
2922,10:15:02,$ 3744.6073,100
2923,10:15:02,$ 3744.60,100
2924,10:15:02,$ 3744.60,100
2925,10:15:02,$ 3744.62,100
2926,10:15:01,$ 3744.65,100
2927,10:14:59,$ 3744.595,100
2928,10:14:57,$ 3743.51,100
2929,10:14:53,$ 3743.50,100
2930,10:14:42,$ 3744.00,200
2931,10:14:42,$ 3743.575,100
2932,10:14:29,$ 3743.00,100
2934,10:15:02,$ 3746.58,100
2935,10:15:02,$ 3746.58,100
2936,10:15:02,$ 3745.40,"1,000"
2937,10:15:02,$ 3746.49,100
2938,10:15:02,$ 3745.91,100
2939,10:15:02,$ 3745.98,100
2940,10:15:02,$ 3746.00,600
2941,10:15:02,$ 3744.75,432
2942,10:15:02,$ 3744.75,100
2943,10:15:02,$ 3744.6073,100
2944,10:15:02,$ 3744.60,100
2945,10:15:02,$ 3744.60,100
2946,10:15:02,$ 3744.62,100
2947,10:15:01,$ 3744.65,100
2948,10:14:59,$ 3744.595,100
2949,10:14:57,$ 3743.51,100
2950,10:14:53,$ 3743.50,100
2951,10:14:42,$ 3744.00,200
2952,10:14:42,$ 3743.575,100
2953,10:14:29,$ 3743.00,100
2955,10:15:02,$ 3746.58,100
2956,10:15:02,$ 3746.58,100
2957,10:15:02,$ 3745.40,"1,000"
2958,10:15:02,$ 3746.49,100
2959,10:15:02,$ 3745.91,100
2960,10:15:02,$ 3745.98,100
2961,10:15:02,$ 3746.00,600
2962,10:15:02,$ 3744.75,432
2963,10:15:02,$ 3744.75,100
2964,10:15:02,$ 3744.6073,100
2965,10:15:02,$ 3744.60,100
2966,10:15:02,$ 3744.60,100
2967,10:15:02,$ 3744.62,100
2968,10:15:01,$ 3744.65,100
2969,10:14:59,$ 3744.595,100
2970,10:14:57,$ 3743.51,100
2971,10:14:53,$ 3743.50,100
2972,10:14:42,$ 3744.00,200
2973,10:14:42,$ 3743.575,100
2974,10:14:29,$ 3743.00,100
2976,10:15:02,$ 3746.58,100
2977,10:15:02,$ 3746.58,100
2978,10:15:02,$ 3745.40,"1,000"
2979,10:15:02,$ 3746.49,100
2980,10:15:02,$ 3745.91,100
2981,10:15:02,$ 3745.98,100
2982,10:15:02,$ 3746.00,600
2983,10:15:02,$ 3744.75,432
2984,10:15:02,$ 3744.75,100
2985,10:15:02,$ 3744.6073,100
2986,10:15:02,$ 3744.60,100
2987,10:15:02,$ 3744.60,100
2988,10:15:02,$ 3744.62,100
2989,10:15:01,$ 3744.65,100
2990,10:14:59,$ 3744.595,100
2991,10:14:57,$ 3743.51,100
2992,10:14:53,$ 3743.50,100
2993,10:14:42,$ 3744.00,200
2994,10:14:42,$ 3743.575,100
2995,10:14:29,$ 3743.00,100
2997,10:07:03,$ 3739.855,100
2998,10:07:03,$ 3739.32,100
2999,10:07:03,$ 3739.32,100
3000,10:07:03,$ 3738.995,100
3001,10:06:57,$ 3738.48,100
3002,10:06:56,$ 3739.325,100
3003,10:06:56,$ 3738.2801,100
3004,10:06:46,$ 3740.55,100
3005,10:06:46,$ 3739.50,200
3006,10:06:46,$ 3739.69,100
3007,10:06:43,$ 3740.36,100
3008,10:06:41,$ 3739.35,100
3009,10:06:41,$ 3739.00,100
3010,10:06:41,$ 3740.00,212
3011,10:06:41,$ 3741.00,105
3012,10:06:41,$ 3741.00,112
3013,10:06:41,$ 3741.00,105
3014,10:06:37,$ 3742.235,100
3015,10:06:30,$ 3741.0201,200
3016,10:06:25,$ 3741.709,248
3018,10:06:03,$ 3743.99,100
3019,10:06:03,$ 3743.99,100
3020,10:06:03,$ 3743.99,100
3021,10:06:03,$ 3743.99,101
3022,10:06:03,$ 3743.99,101
3023,10:06:03,$ 3743.99,101
3024,10:06:03,$ 3743.99,101
3025,10:06:03,$ 3743.99,101
3026,10:06:03,$ 3743.99,101
3027,10:05:55,$ 3743.235,150
3028,10:05:48,$ 3742.1501,150
3029,10:05:43,$ 3743.02,100
3030,10:05:42,$ 3743.05,100
3031,10:05:42,$ 3743.05,100
3032,10:05:37,$ 3744.1199,150
3033,10:05:27,$ 3743.12,100
3034,10:05:23,$ 3743.54,100
3035,10:05:21,$ 3743.5933,300
3036,10:05:15,$ 3743.33,100
3037,10:05:14,$ 3743.48,100
3039,10:05:12,$ 3743.24,100
3040,10:05:12,$ 3742.67,100
3041,10:05:12,$ 3743.20,100
3042,10:05:11,$ 3744.4099,100
3043,10:04:58,$ 3744.57,100
3044,10:04:58,$ 3744.59,100
3045,10:04:58,$ 3744.59,100
3046,10:04:58,$ 3744.5501,100
3047,10:04:58,$ 3745.27,200
3048,10:04:57,$ 3744.83,100
3049,10:04:56,$ 3745.60,100
3050,10:04:56,$ 3745.3258,300
3051,10:04:50,$ 3744.99,100
3052,10:04:50,$ 3744.97,100
3053,10:04:50,$ 3744.3975,100
3054,10:04:45,$ 3743.92,100
3055,10:04:35,$ 3743.135,500
3056,10:04:35,$ 3743.031,100
3057,10:04:35,$ 3743.09,100
3058,10:04:34,$ 3743.33,100
3060,10:04:32,$ 3744.3999,100
3061,10:04:25,$ 3743.85,100
3062,10:04:23,$ 3745.59,100
3063,10:04:22,$ 3744.11,100
3064,10:04:20,$ 3744.84,100
3065,10:04:20,$ 3745.41,100
3066,10:04:20,$ 3745.302,100
3067,10:04:20,$ 3744.46,100
3068,10:04:10,$ 3742.6184,642
3069,10:04:09,$ 3743.36,100
3070,10:04:08,$ 3742.70,100
3071,10:03:49,$ 3743.82,200
3072,10:03:47,$ 3744.30,100
3073,10:03:37,$ 3745.11,100
3074,10:03:37,$ 3745.51,100
3075,10:03:37,$ 3745.135,100
3076,10:03:37,$ 3745.125,100
3077,10:03:34,$ 3746.00,100
3078,10:03:33,$ 3745.505,100
3079,10:03:32,$ 3746.00,100
3081,10:03:32,$ 3745.95,100
3082,10:03:32,$ 3744.955,100
3083,10:03:31,$ 3744.945,100
3084,10:03:30,$ 3744.7341,100
3085,10:03:30,$ 3744.99,100
3086,10:03:30,$ 3744.91,100
3087,10:03:30,$ 3744.91,100
3088,10:03:30,$ 3743.1701,150
3089,10:03:29,$ 3744.99,100
3090,10:03:29,$ 3744.99,100
3091,10:03:29,$ 3744.99,100
3092,10:03:29,$ 3745.00,100
3093,10:03:29,$ 3745.00,100
3094,10:03:29,$ 3744.97,300
3095,10:03:29,$ 3744.97,100
3096,10:03:29,$ 3744.98,100
3097,10:03:29,$ 3744.11,100
3098,10:03:29,$ 3744.10,100
3099,10:03:29,$ 3743.865,100
3100,10:03:28,$ 3742.90,100
3102,10:03:28,$ 3742.98,100
3103,10:03:28,$ 3741.8566,100
3104,10:03:27,$ 3742.35,187
3105,10:03:24,$ 3742.34,113
3106,10:03:21,$ 3742.00,223
3107,10:03:21,$ 3741.99,100
3108,10:03:05,$ 3741.5101,100
3109,10:02:59,$ 3742.96,100
3110,10:02:59,$ 3742.72,100
3111,10:02:59,$ 3742.96,100
3112,10:02:59,$ 3742.71,100
3113,10:02:22,$ 3740.9801,125
3114,10:02:15,$ 3741.385,100
3115,10:02:10,$ 3740.155,100
3116,10:02:10,$ 3740.5675,100
3117,10:02:00,$ 3739.40,100
3118,10:01:59,$ 3740.25,100
3119,10:01:59,$ 3740.79,100
3120,10:01:55,$ 3739.2535,250
3121,10:01:55,$ 3740.0001,200
3123,10:01:55,$ 3741.08,100
3124,10:01:55,$ 3741.03,100
3125,10:01:51,$ 3742.9999,500
3126,10:01:44,$ 3740.56,100
3127,10:01:31,$ 3742.00,100
3128,10:01:22,$ 3742.3163,100
3129,10:01:21,$ 3742.7475,100
3130,10:01:20,$ 3743.32,100
3131,10:01:20,$ 3742.2744,300
3132,10:01:19,$ 3742.00,100
3133,10:01:14,$ 3743.44,100
3134,10:01:12,$ 3744.24,100
3135,10:01:08,$ 3743.875,100
3136,10:01:08,$ 3744.11,264
3137,10:01:08,$ 3744.27,100
3138,10:01:08,$ 3744.10,260
3139,10:01:08,$ 3744.05,100
3140,10:01:07,$ 3743.17,100
3141,10:01:05,$ 3743.9899,200
3142,10:01:05,$ 3742.80,100
3144,10:01:02,$ 3742.72,100
3145,10:00:59,$ 3742.23,100
3146,10:00:39,$ 3742.72,100
3147,10:00:39,$ 3742.71,100
3148,10:00:32,$ 3743.265,200
3149,10:00:31,$ 3743.8068,171
3150,10:00:31,$ 3742.5401,100
3151,10:00:30,$ 3743.02,100
3152,10:00:24,$ 3743.255,100
3153,10:00:24,$ 3743.25,100
3154,10:00:23,$ 3743.99,100
3155,10:00:23,$ 3743.99,100
3156,10:00:23,$ 3744.00,100
3157,10:00:22,$ 3742.99,100
3158,10:00:22,$ 3742.80,100
3159,10:00:22,$ 3742.81,100
3160,10:00:21,$ 3742.24,601
3161,10:00:21,$ 3742.75,100
3162,10:00:21,$ 3741.85,100
3163,10:00:21,$ 3741.7196,100
3165,10:00:16,$ 3740.93,100
3166,10:00:16,$ 3739.905,100
3167,10:00:15,$ 3740.00,100
3168,10:00:15,$ 3740.00,100
3169,10:00:02,$ 3738.785,300
3171,10:59:31,$ 3757.0311,"1,000"
3172,10:59:18,$ 3759.8476,296
3173,10:58:43,$ 3760.31,100
3174,10:58:39,$ 3760.6564,300
3175,10:58:17,$ 3760.20,232
3176,10:58:09,$ 3761.95,100
3177,10:58:09,$ 3762.00,100
3178,10:58:09,$ 3761.62,100
3179,10:58:09,$ 3761.82,100
3180,10:58:09,$ 3761.87,100
3181,10:58:09,$ 3761.95,100
3182,10:58:09,$ 3762.00,249
3183,10:58:02,$ 3760.43,200
3184,10:58:02,$ 3760.43,100
3185,10:58:01,$ 3760.91,700
3186,10:58:00,$ 3759.5101,250
3187,10:57:58,$ 3759.94,100
3188,10:57:58,$ 3760.00,100
3189,10:57:58,$ 3759.24,137
3190,10:57:58,$ 3757.6801,130
3192,10:57:58,$ 3758.34,100
3193,10:57:48,$ 3757.68,100
3194,10:57:47,$ 3758.16,100
3195,10:57:47,$ 3757.95,100
3196,10:57:47,$ 3758.29,100
3197,10:57:47,$ 3758.28,100
3198,10:57:47,$ 3758.28,100
3199,10:57:32,$ 3757.575,100
3200,10:57:32,$ 3757.99,100
3201,10:57:32,$ 3756.74,100
3202,10:57:32,$ 3757.09,100
3203,10:57:32,$ 3756.49,500
3204,10:57:32,$ 3756.49,300
3205,10:57:32,$ 3757.1099,100
3206,10:57:32,$ 3756.73,100
3207,10:57:29,$ 3756.60,100
3208,10:57:27,$ 3755.554,100
3209,10:57:22,$ 3756.6176,106
3210,10:57:22,$ 3756.20,100
3211,10:57:15,$ 3755.38,100
3213,10:57:15,$ 3755.52,100
3214,10:57:15,$ 3755.52,100
3215,10:57:05,$ 3757.4042,800
3216,10:57:02,$ 3756.70,158
3217,10:57:01,$ 3757.6319,134
3218,10:57:01,$ 3757.08,100
3219,10:57:01,$ 3756.35,100
3220,10:57:01,$ 3756.94,100
3221,10:56:56,$ 3755.55,100
3222,10:56:54,$ 3755.71,100
3223,10:56:49,$ 3755.50,100
3224,10:56:49,$ 3755.00,122
3225,10:56:49,$ 3755.00,150
3226,10:56:48,$ 3755.00,100
3227,10:56:48,$ 3755.00,100
3228,10:56:48,$ 3755.00,100
3229,10:56:48,$ 3755.00,100
3230,10:56:39,$ 3755.295,100
3231,10:56:33,$ 3755.1137,270
3232,10:56:30,$ 3754.365,100
3234,10:56:24,$ 3755.25,100
3235,10:56:21,$ 3755.25,301
3236,10:56:20,$ 3755.18,100
3237,10:56:20,$ 3755.18,100
3238,10:56:18,$ 3753.70,100
3239,10:56:18,$ 3753.59,106
3240,10:56:18,$ 3753.93,100
3241,10:56:18,$ 3754.54,100
3242,10:56:18,$ 3755.06,300
3243,10:56:14,$ 3755.655,100
3244,10:56:13,$ 3755.0616,845
3245,10:56:13,$ 3755.60,100
3246,10:56:11,$ 3756.25,100
3247,10:56:08,$ 3756.475,100
3248,10:56:08,$ 3757.00,260
3249,10:56:08,$ 3756.30,100
3250,10:56:08,$ 3756.32,100
3251,10:56:08,$ 3757.26,100
3252,10:55:59,$ 3758.73,400
3253,10:55:44,$ 3758.60,100
3255,10:55:44,$ 3758.775,200
3256,10:55:44,$ 3759.13,100
3257,10:55:44,$ 3759.23,100
3258,10:55:27,$ 3758.41,100
3259,10:54:56,$ 3759.65,100
3260,10:54:53,$ 3759.15,100
3261,10:54:53,$ 3759.18,100
3262,10:54:46,$ 3759.00,100
3263,10:54:42,$ 3759.23,100
3264,10:54:40,$ 3759.40,100
3265,10:54:39,$ 3760.34,797
3266,10:54:39,$ 3760.21,100
3267,10:54:37,$ 3760.3501,100
3268,10:54:29,$ 3762.00,100
3269,10:54:09,$ 3761.48,100
3270,10:54:06,$ 3761.8699,300
3271,10:54:03,$ 3762.32,100
3272,10:54:03,$ 3762.42,113
3273,10:54:03,$ 3762.42,113
3274,10:53:55,$ 3762.4964,100
3276,10:53:53,$ 3763.2009,100
3277,10:53:52,$ 3762.85,200
3278,10:53:39,$ 3763.4853,200
3279,10:53:38,$ 3764.3935,120
3280,10:53:38,$ 3763.61,100
3281,10:53:28,$ 3763.48,100
3282,10:53:23,$ 3763.0436,100
3283,10:53:21,$ 3762.70,100
3284,10:53:09,$ 3762.6199,100
3285,10:53:08,$ 3762.04,100
3286,10:53:06,$ 3762.17,100
3287,10:53:00,$ 3760.61,100
3288,10:52:49,$ 3761.16,100
3289,10:52:49,$ 3761.19,100
3290,10:52:46,$ 3760.81,100
3291,10:52:32,$ 3760.75,100
3292,10:52:27,$ 3761.235,100
3293,10:52:18,$ 3759.86,800
3294,10:52:11,$ 3760.98,100
3295,10:52:10,$ 3760.9092,100
3297,10:52:07,$ 3759.7775,100
3298,10:52:07,$ 3759.86,100
3299,10:51:58,$ 3759.63,100
3300,10:51:51,$ 3759.09,100
3301,10:51:51,$ 3758.42,100
3302,10:51:51,$ 3758.42,100
3303,10:51:51,$ 3758.415,100
3304,10:51:47,$ 3758.39,300
3305,10:51:40,$ 3757.90,100
3306,10:51:40,$ 3758.21,100
3307,10:51:33,$ 3757.90,100
3308,10:51:33,$ 3757.90,100
3309,10:51:30,$ 3758.35,100
3310,10:50:59,$ 3758.04,100
3311,10:50:59,$ 3758.41,100
3312,10:50:49,$ 3759.01,100
3313,10:50:44,$ 3760.01,400
3314,10:50:44,$ 3760.395,100
3315,10:50:44,$ 3760.40,400
3316,10:50:33,$ 3761.4629,100
3318,10:50:20,$ 3761.06,131
3319,10:50:19,$ 3761.06,100
3320,10:50:11,$ 3760.355,100
3321,10:50:06,$ 3760.50,"1,000"
3322,10:49:59,$ 3760.00,100
3323,10:49:59,$ 3759.97,100
3324,10:49:59,$ 3760.14,100
3325,10:49:59,$ 3760.22,100
3326,10:49:51,$ 3760.1461,100
3327,10:49:36,$ 3759.4875,100
3328,10:49:22,$ 3759.22,110
3329,10:49:18,$ 3758.3225,100
3330,10:49:17,$ 3758.00,375
3331,10:49:17,$ 3758.00,100
3332,10:49:10,$ 3758.8715,100
3333,10:49:10,$ 3759.47,100
3334,10:48:48,$ 3760.91,300
3335,10:48:47,$ 3761.285,200
3336,10:48:47,$ 3761.60,100
3337,10:48:47,$ 3761.285,200
3339,10:48:47,$ 3761.56,100
3340,10:48:29,$ 3761.875,"1,000"
3341,10:48:16,$ 3762.9899,500
3342,10:48:15,$ 3761.66,500
3343,10:48:09,$ 3762.4321,200
3344,10:48:07,$ 3762.9999,100
3345,10:48:03,$ 3761.905,"1,000"
3346,10:48:02,$ 3761.72,100
3347,10:48:02,$ 3761.73,100
3348,10:48:02,$ 3761.74,100
3349,10:48:00,$ 3760.623,100
3350,10:47:57,$ 3758.84,100
3351,10:47:57,$ 3759.00,100
3352,10:47:57,$ 3758.54,100
3353,10:47:52,$ 3757.98,100
3354,10:47:48,$ 3758.215,200
3355,10:47:48,$ 3758.215,299
3356,10:47:42,$ 3758.00,316
3357,10:47:41,$ 3758.00,123
3358,10:47:37,$ 3757.8101,100
3360,10:47:35,$ 3758.67,100
3361,10:47:30,$ 3758.05,100
3362,10:47:30,$ 3758.70,100
3363,10:47:30,$ 3758.70,100
3364,10:47:30,$ 3758.56,100
3365,10:47:30,$ 3758.15,115
3366,10:47:16,$ 3757.99,500
3367,10:47:03,$ 3757.57,500
3368,10:47:02,$ 3758.3299,100
3369,10:47:01,$ 3758.11,100
3370,10:46:59,$ 3758.26,100
3371,10:46:59,$ 3758.29,275
3372,10:46:59,$ 3758.14,313
3373,10:46:59,$ 3758.13,100
3374,10:46:59,$ 3757.83,200
3375,10:46:59,$ 3757.79,100
3376,10:46:59,$ 3757.20,100
3377,10:46:57,$ 3756.09,500
3378,10:46:53,$ 3756.44,100
3379,10:46:52,$ 3757.1155,100
3381,10:46:47,$ 3757.67,100
3382,10:46:47,$ 3757.24,100
3383,10:46:47,$ 3756.35,100
3384,10:46:47,$ 3756.35,100
3385,10:46:44,$ 3756.4766,404
3386,10:46:44,$ 3756.35,158
3387,10:46:39,$ 3755.7679,100
3388,10:46:33,$ 3755.43,100
3389,10:46:33,$ 3755.47,100
3390,10:46:33,$ 3755.47,100
3391,10:46:32,$ 3755.00,100
3392,10:46:30,$ 3755.25,100
3393,10:46:30,$ 3755.25,100
3394,10:46:30,$ 3755.154,100
3395,10:46:30,$ 3755.18,100
3396,10:46:30,$ 3756.10,100
3397,10:46:30,$ 3756.49,100
3398,10:46:30,$ 3756.92,100
3399,10:46:26,$ 3757.51,100
3400,10:46:26,$ 3757.50,100
3402,10:46:25,$ 3757.51,200
3403,10:46:25,$ 3757.52,100
3404,10:46:23,$ 3757.7638,200
3405,10:46:20,$ 3758.0201,100
3406,10:46:09,$ 3758.97,100
3407,10:46:09,$ 3759.00,100
3408,10:46:06,$ 3759.04,100
3409,10:46:06,$ 3759.04,100
3410,10:46:06,$ 3759.01,100
3411,10:46:06,$ 3759.0135,100
3412,10:46:06,$ 3759.04,100
3413,10:46:02,$ 3759.485,200
3414,10:45:58,$ 3760.5899,100
3415,10:45:43,$ 3760.6674,200
3416,10:45:42,$ 3761.0843,100
3417,10:45:41,$ 3761.50,100
3418,10:45:32,$ 3762.20,100
3419,10:45:32,$ 3761.92,100
3420,10:45:29,$ 3760.91,100
3421,10:45:20,$ 3761.33,189
3423,10:45:19,$ 3760.26,183
3424,10:45:19,$ 3760.795,100
3425,10:45:17,$ 3760.29,100
3426,10:45:12,$ 3761.74,100
3427,10:45:10,$ 3760.255,100
3428,10:45:07,$ 3760.8277,300
3429,10:45:02,$ 3758.825,100
3430,10:45:02,$ 3758.86,100
3431,10:45:02,$ 3759.12,100
3432,10:44:59,$ 3758.00,225
3433,10:44:56,$ 3758.01,100
3434,10:44:56,$ 3758.00,100
3435,10:44:56,$ 3758.00,145
3436,10:44:54,$ 3759.4263,161
3437,10:44:46,$ 3757.855,100
3438,10:44:32,$ 3758.07,100
3439,10:44:25,$ 3758.43,100
3440,10:44:24,$ 3759.99,130
3441,10:44:24,$ 3758.71,100
3442,10:44:22,$ 3758.93,100
3444,10:44:22,$ 3759.16,100
3445,10:44:20,$ 3759.02,100
3446,10:44:20,$ 3759.10,100
3447,10:44:12,$ 3758.41,100
3448,10:44:12,$ 3758.485,100
3449,10:44:12,$ 3758.4101,100
3450,10:44:12,$ 3759.20,100
3451,10:44:12,$ 3759.20,100
3452,10:44:12,$ 3758.48,100
3453,10:44:08,$ 3760.48,101
3454,10:44:06,$ 3759.915,100
3455,10:44:03,$ 3760.7199,200
3456,10:43:59,$ 3760.7399,100
3457,10:43:58,$ 3759.4975,500
3458,10:43:56,$ 3759.485,130
3459,10:43:56,$ 3759.9366,311
3460,10:43:56,$ 3759.9366,103
3461,10:43:56,$ 3759.49,100
3462,10:43:56,$ 3759.49,486
3463,10:43:55,$ 3759.485,100
3465,10:43:53,$ 3760.02,100
3466,10:43:50,$ 3761.5399,100
3467,10:43:50,$ 3759.58,100
3468,10:43:43,$ 3760.5547,100
3469,10:43:41,$ 3760.32,100
3470,10:43:40,$ 3760.00,168
3471,10:43:40,$ 3760.11,100
3472,10:43:39,$ 3760.08,100
3473,10:43:37,$ 3760.03,100
3474,10:43:37,$ 3760.86,100
3475,10:43:37,$ 3761.00,100
3476,10:43:37,$ 3761.00,100
3477,10:43:36,$ 3761.13,100
3478,10:43:36,$ 3762.16,100
3479,10:43:28,$ 3761.5724,200
3480,10:43:23,$ 3763.055,100
3481,10:43:21,$ 3762.0801,100
3482,10:43:21,$ 3762.11,100
3483,10:43:21,$ 3763.29,100
3484,10:43:20,$ 3762.09,100
3486,10:43:17,$ 3762.5029,265
3487,10:43:17,$ 3763.22,100
3488,10:43:17,$ 3763.18,100
3489,10:43:17,$ 3763.02,100
3490,10:43:14,$ 3763.76,500
3491,10:43:13,$ 3763.8865,100
3492,10:43:13,$ 3763.97,100
3493,10:43:13,$ 3763.92,100
3494,10:43:13,$ 3763.97,100
3495,10:43:13,$ 3763.95,100
3496,10:43:13,$ 3763.95,100
3497,10:43:13,$ 3763.94,200
3498,10:43:13,$ 3763.03,218
3499,10:43:10,$ 3763.00,200
3500,10:43:10,$ 3764.00,244
3501,10:43:10,$ 3762.97,100
3502,10:43:10,$ 3762.98,100
3503,10:42:49,$ 3764.55,100
3504,10:42:49,$ 3764.90,100
3505,10:42:49,$ 3764.79,100
3507,10:42:49,$ 3764.81,100
3508,10:42:49,$ 3763.8611,200
3509,10:42:35,$ 3765.49,105
3510,10:42:35,$ 3765.52,117
3511,10:42:28,$ 3764.755,100
3512,10:42:21,$ 3764.475,100
3513,10:42:14,$ 3765.42,200
3514,10:42:14,$ 3765.14,100
3515,10:42:06,$ 3766.51,100
3516,10:42:05,$ 3766.765,300
3517,10:42:04,$ 3766.9332,200
3518,10:42:03,$ 3766.18,100
3519,10:42:03,$ 3766.885,100
3520,10:42:03,$ 3766.885,100
3521,10:42:01,$ 3766.82,100
3522,10:41:51,$ 3768.33,100
3523,10:41:51,$ 3768.32,100
3524,10:41:48,$ 3768.99,300
3525,10:41:46,$ 3769.1374,150
3526,10:41:46,$ 3768.18,100
3528,10:41:36,$ 3769.2054,100
3529,10:41:34,$ 3769.9999,150
3530,10:41:31,$ 3770.385,100
3531,10:41:29,$ 3769.3922,300
3532,10:41:28,$ 3770.39,100
3533,10:41:27,$ 3769.255,100
3534,10:41:24,$ 3769.73,100
3535,10:41:24,$ 3769.73,100
3536,10:41:23,$ 3770.06,100
3537,10:41:23,$ 3770.00,100
3538,10:41:21,$ 3769.50,100
3539,10:41:18,$ 3769.245,100
3540,10:41:11,$ 3767.9601,300
3541,10:41:03,$ 3768.00,100
3542,10:40:54,$ 3766.445,100
3543,10:40:49,$ 3766.0601,100
3544,10:40:47,$ 3766.80,100
3545,10:40:47,$ 3767.26,100
3546,10:40:34,$ 3767.0617,300
3547,10:40:33,$ 3766.75,100
3549,10:40:33,$ 3766.75,100
3550,10:40:33,$ 3766.75,100
3551,10:40:30,$ 3768.015,190
3552,10:40:21,$ 3766.3762,150
3553,10:40:21,$ 3767.9899,100
3554,10:40:17,$ 3766.03,100
3555,10:40:03,$ 3765.34,100
3556,10:39:58,$ 3764.9488,100
3557,10:39:47,$ 3763.27,100
3558,10:39:34,$ 3763.8575,100
3559,10:39:34,$ 3764.28,100
3560,10:39:27,$ 3764.15,200
3561,10:39:21,$ 3765.7247,100
3562,10:39:11,$ 3765.66,200
3563,10:39:08,$ 3763.15,153
3564,10:39:08,$ 3763.17,100
3565,10:39:08,$ 3763.27,100
3566,10:39:08,$ 3763.28,100
3567,10:39:08,$ 3763.28,100
3568,10:39:06,$ 3762.935,100
3570,10:39:05,$ 3763.7899,100
3571,10:39:05,$ 3762.43,200
3572,10:39:04,$ 3763.06,100
3573,10:39:04,$ 3763.9899,731
3574,10:39:04,$ 3763.035,200
3575,10:39:00,$ 3762.79,100
3576,10:39:00,$ 3762.79,100
3577,10:38:57,$ 3762.79,100
3578,10:38:52,$ 3762.6782,200
3579,10:38:51,$ 3763.55,100
3580,10:38:51,$ 3763.55,130
3581,10:38:45,$ 3764.7619,200
3582,10:38:45,$ 3763.3626,136
3583,10:38:41,$ 3763.63,100
3584,10:38:41,$ 3763.0894,200
3585,10:38:40,$ 3762.35,174
3586,10:38:40,$ 3763.00,118
3587,10:38:40,$ 3764.30,100
3588,10:38:40,$ 3764.22,100
3589,10:38:40,$ 3764.22,100
3591,10:38:40,$ 3764.20,225
3592,10:38:40,$ 3764.20,100
3593,10:38:35,$ 3766.01,100
3594,10:38:35,$ 3766.01,100
3595,10:38:35,$ 3766.01,100
3596,10:38:35,$ 3766.01,100
3597,10:38:35,$ 3765.68,100
3598,10:38:35,$ 3765.68,100
3599,10:38:35,$ 3766.01,100
3600,10:38:35,$ 3765.25,100
3601,10:38:35,$ 3766.01,100
3602,10:38:31,$ 3766.7374,100
3603,10:38:20,$ 3766.8093,200
3604,10:38:16,$ 3767.32,100
3605,10:38:14,$ 3767.1967,500
3606,10:38:14,$ 3765.79,100
3607,10:38:13,$ 3765.80,100
3608,10:38:13,$ 3765.79,600
3609,10:38:13,$ 3765.905,100
3610,10:38:12,$ 3766.10,142
3612,10:38:40,$ 3764.20,225
3613,10:38:40,$ 3764.20,100
3614,10:38:35,$ 3766.01,100
3615,10:38:35,$ 3766.01,100
3616,10:38:35,$ 3766.01,100
3617,10:38:35,$ 3766.01,100
3618,10:38:35,$ 3765.68,100
3619,10:38:35,$ 3765.68,100
3620,10:38:35,$ 3766.01,100
3621,10:38:35,$ 3765.25,100
3622,10:38:35,$ 3766.01,100
3623,10:38:31,$ 3766.7374,100
3624,10:38:20,$ 3766.8093,200
3625,10:38:16,$ 3767.32,100
3626,10:38:14,$ 3767.1967,500
3627,10:38:14,$ 3765.79,100
3628,10:38:13,$ 3765.80,100
3629,10:38:13,$ 3765.79,600
3630,10:38:13,$ 3765.905,100
3631,10:38:12,$ 3766.10,142
3633,10:38:40,$ 3764.20,225
3634,10:38:40,$ 3764.20,100
3635,10:38:35,$ 3766.01,100
3636,10:38:35,$ 3766.01,100
3637,10:38:35,$ 3766.01,100
3638,10:38:35,$ 3766.01,100
3639,10:38:35,$ 3765.68,100
3640,10:38:35,$ 3765.68,100
3641,10:38:35,$ 3766.01,100
3642,10:38:35,$ 3765.25,100
3643,10:38:35,$ 3766.01,100
3644,10:38:31,$ 3766.7374,100
3645,10:38:20,$ 3766.8093,200
3646,10:38:16,$ 3767.32,100
3647,10:38:14,$ 3767.1967,500
3648,10:38:14,$ 3765.79,100
3649,10:38:13,$ 3765.80,100
3650,10:38:13,$ 3765.79,600
3651,10:38:13,$ 3765.905,100
3652,10:38:12,$ 3766.10,142
3654,10:38:40,$ 3764.20,225
3655,10:38:40,$ 3764.20,100
3656,10:38:35,$ 3766.01,100
3657,10:38:35,$ 3766.01,100
3658,10:38:35,$ 3766.01,100
3659,10:38:35,$ 3766.01,100
3660,10:38:35,$ 3765.68,100
3661,10:38:35,$ 3765.68,100
3662,10:38:35,$ 3766.01,100
3663,10:38:35,$ 3765.25,100
3664,10:38:35,$ 3766.01,100
3665,10:38:31,$ 3766.7374,100
3666,10:38:20,$ 3766.8093,200
3667,10:38:16,$ 3767.32,100
3668,10:38:14,$ 3767.1967,500
3669,10:38:14,$ 3765.79,100
3670,10:38:13,$ 3765.80,100
3671,10:38:13,$ 3765.79,600
3672,10:38:13,$ 3765.905,100
3673,10:38:12,$ 3766.10,142
3675,10:38:40,$ 3764.20,225
3676,10:38:40,$ 3764.20,100
3677,10:38:35,$ 3766.01,100
3678,10:38:35,$ 3766.01,100
3679,10:38:35,$ 3766.01,100
3680,10:38:35,$ 3766.01,100
3681,10:38:35,$ 3765.68,100
3682,10:38:35,$ 3765.68,100
3683,10:38:35,$ 3766.01,100
3684,10:38:35,$ 3765.25,100
3685,10:38:35,$ 3766.01,100
3686,10:38:31,$ 3766.7374,100
3687,10:38:20,$ 3766.8093,200
3688,10:38:16,$ 3767.32,100
3689,10:38:14,$ 3767.1967,500
3690,10:38:14,$ 3765.79,100
3691,10:38:13,$ 3765.80,100
3692,10:38:13,$ 3765.79,600
3693,10:38:13,$ 3765.905,100
3694,10:38:12,$ 3766.10,142
3696,10:38:40,$ 3764.20,225
3697,10:38:40,$ 3764.20,100
3698,10:38:35,$ 3766.01,100
3699,10:38:35,$ 3766.01,100
3700,10:38:35,$ 3766.01,100
3701,10:38:35,$ 3766.01,100
3702,10:38:35,$ 3765.68,100
3703,10:38:35,$ 3765.68,100
3704,10:38:35,$ 3766.01,100
3705,10:38:35,$ 3765.25,100
3706,10:38:35,$ 3766.01,100
3707,10:38:31,$ 3766.7374,100
3708,10:38:20,$ 3766.8093,200
3709,10:38:16,$ 3767.32,100
3710,10:38:14,$ 3767.1967,500
3711,10:38:14,$ 3765.79,100
3712,10:38:13,$ 3765.80,100
3713,10:38:13,$ 3765.79,600
3714,10:38:13,$ 3765.905,100
3715,10:38:12,$ 3766.10,142
3717,10:38:40,$ 3764.20,225
3718,10:38:40,$ 3764.20,100
3719,10:38:35,$ 3766.01,100
3720,10:38:35,$ 3766.01,100
3721,10:38:35,$ 3766.01,100
3722,10:38:35,$ 3766.01,100
3723,10:38:35,$ 3765.68,100
3724,10:38:35,$ 3765.68,100
3725,10:38:35,$ 3766.01,100
3726,10:38:35,$ 3765.25,100
3727,10:38:35,$ 3766.01,100
3728,10:38:31,$ 3766.7374,100
3729,10:38:20,$ 3766.8093,200
3730,10:38:16,$ 3767.32,100
3731,10:38:14,$ 3767.1967,500
3732,10:38:14,$ 3765.79,100
3733,10:38:13,$ 3765.80,100
3734,10:38:13,$ 3765.79,600
3735,10:38:13,$ 3765.905,100
3736,10:38:12,$ 3766.10,142
3738,10:38:40,$ 3764.20,225
3739,10:38:40,$ 3764.20,100
3740,10:38:35,$ 3766.01,100
3741,10:38:35,$ 3766.01,100
3742,10:38:35,$ 3766.01,100
3743,10:38:35,$ 3766.01,100
3744,10:38:35,$ 3765.68,100
3745,10:38:35,$ 3765.68,100
3746,10:38:35,$ 3766.01,100
3747,10:38:35,$ 3765.25,100
3748,10:38:35,$ 3766.01,100
3749,10:38:31,$ 3766.7374,100
3750,10:38:20,$ 3766.8093,200
3751,10:38:16,$ 3767.32,100
3752,10:38:14,$ 3767.1967,500
3753,10:38:14,$ 3765.79,100
3754,10:38:13,$ 3765.80,100
3755,10:38:13,$ 3765.79,600
3756,10:38:13,$ 3765.905,100
3757,10:38:12,$ 3766.10,142
3759,10:38:40,$ 3764.20,225
3760,10:38:40,$ 3764.20,100
3761,10:38:35,$ 3766.01,100
3762,10:38:35,$ 3766.01,100
3763,10:38:35,$ 3766.01,100
3764,10:38:35,$ 3766.01,100
3765,10:38:35,$ 3765.68,100
3766,10:38:35,$ 3765.68,100
3767,10:38:35,$ 3766.01,100
3768,10:38:35,$ 3765.25,100
3769,10:38:35,$ 3766.01,100
3770,10:38:31,$ 3766.7374,100
3771,10:38:20,$ 3766.8093,200
3772,10:38:16,$ 3767.32,100
3773,10:38:14,$ 3767.1967,500
3774,10:38:14,$ 3765.79,100
3775,10:38:13,$ 3765.80,100
3776,10:38:13,$ 3765.79,600
3777,10:38:13,$ 3765.905,100
3778,10:38:12,$ 3766.10,142
3780,10:38:40,$ 3764.20,225
3781,10:38:40,$ 3764.20,100
3782,10:38:35,$ 3766.01,100
3783,10:38:35,$ 3766.01,100
3784,10:38:35,$ 3766.01,100
3785,10:38:35,$ 3766.01,100
3786,10:38:35,$ 3765.68,100
3787,10:38:35,$ 3765.68,100
3788,10:38:35,$ 3766.01,100
3789,10:38:35,$ 3765.25,100
3790,10:38:35,$ 3766.01,100
3791,10:38:31,$ 3766.7374,100
3792,10:38:20,$ 3766.8093,200
3793,10:38:16,$ 3767.32,100
3794,10:38:14,$ 3767.1967,500
3795,10:38:14,$ 3765.79,100
3796,10:38:13,$ 3765.80,100
3797,10:38:13,$ 3765.79,600
3798,10:38:13,$ 3765.905,100
3799,10:38:12,$ 3766.10,142
3801,10:32:16,$ 3769.00,150
3802,10:32:16,$ 3768.9999,100
3803,10:32:16,$ 3769.00,100
3804,10:32:15,$ 3768.99,125
3805,10:32:15,$ 3768.4605,100
3806,10:32:13,$ 3768.109,100
3807,10:32:12,$ 3768.505,100
3808,10:32:12,$ 3768.44,100
3809,10:32:11,$ 3768.299,100
3810,10:32:11,$ 3768.29,400
3811,10:32:05,$ 3768.2999,100
3812,10:32:04,$ 3767.85,100
3813,10:31:59,$ 3767.89,192
3814,10:31:59,$ 3767.89,100
3815,10:31:59,$ 3768.00,100
3816,10:31:47,$ 3766.5044,100
3817,10:31:44,$ 3766.19,100
3818,10:31:44,$ 3765.5514,300
3819,10:31:44,$ 3766.67,100
3820,10:31:28,$ 3765.355,100
3822,10:31:25,$ 3764.45,100
3823,10:31:10,$ 3764.47,100
3824,10:31:05,$ 3763.52,100
3825,10:31:00,$ 3764.372,100
3826,10:30:57,$ 3764.3198,100
3827,10:30:56,$ 3763.6425,100
3828,10:30:55,$ 3764.45,100
3829,10:30:54,$ 3763.62,100
3830,10:30:54,$ 3763.87,100
3831,10:30:54,$ 3764.47,100
3832,10:30:54,$ 3764.51,100
3833,10:30:54,$ 3764.52,100
3834,10:30:53,$ 3763.23,100
3835,10:30:49,$ 3762.11,100
3836,10:30:49,$ 3762.02,100
3837,10:30:49,$ 3762.14,129
3838,10:30:49,$ 3761.795,200
3839,10:30:46,$ 3762.605,150
3840,10:30:45,$ 3762.76,200
3841,10:30:44,$ 3763.73,100
3843,10:30:39,$ 3764.775,100
3844,10:30:38,$ 3764.185,200
3845,10:30:38,$ 3765.02,100
3846,10:30:37,$ 3765.00,317
3847,10:30:36,$ 3763.63,100
3848,10:30:36,$ 3764.87,100
3849,10:30:24,$ 3765.47,100
3850,10:30:22,$ 3765.4975,100
