,NLS Time (ET),NLS Price,NLS Share Volume
1,09:59:59,$ 3478.555,100
2,09:59:51,$ 3477.82,100
3,09:59:51,$ 3478.68,113
4,09:59:51,$ 3478.75,100
5,09:59:26,$ 3478.30,155
6,09:59:26,$ 3478.31,100
7,09:59:22,$ 3476.73,100
8,09:59:22,$ 3477.25,100
9,09:59:22,$ 3477.25,100
10,09:59:20,$ 3478.00,300
11,09:59:11,$ 3480.05,100
12,09:59:11,$ 3480.80,100
13,09:59:08,$ 3480.90,100
14,09:58:57,$ 3481.63,520
15,09:58:54,$ 3482.10,273
16,09:58:54,$ 3482.10,100
17,09:58:52,$ 3482.1949,300
18,09:58:40,$ 3482.96,100
19,09:58:23,$ 3483.43,100
20,09:58:23,$ 3482.96,100
22,09:58:23,$ 3482.96,100
23,09:58:23,$ 3482.96,100
24,09:58:23,$ 3482.96,100
25,09:58:23,$ 3482.96,100
26,09:58:06,$ 3484.69,100
27,09:57:54,$ 3483.82,100
28,09:57:54,$ 3484.25,100
29,09:57:54,$ 3484.33,100
30,09:57:54,$ 3484.00,125
31,09:57:54,$ 3484.00,107
32,09:57:54,$ 3485.33,100
33,09:57:52,$ 3486.035,100
34,09:57:49,$ 3485.68,100
35,09:57:49,$ 3485.68,100
36,09:57:44,$ 3485.87,100
37,09:57:33,$ 3487.46,209
38,09:57:32,$ 3487.00,100
39,09:57:32,$ 3487.00,100
40,09:57:32,$ 3487.00,100
41,09:57:32,$ 3487.00,100
43,09:57:27,$ 3487.00,100
44,09:57:27,$ 3487.00,100
45,09:57:25,$ 3487.215,200
46,09:57:21,$ 3486.8812,150
47,09:57:18,$ 3488.49,100
48,09:57:17,$ 3487.67,100
49,09:57:12,$ 3487.4714,150
50,09:57:10,$ 3487.34,100
51,09:57:09,$ 3487.94,200
52,09:57:08,$ 3487.855,100
53,09:57:04,$ 3487.00,104
54,09:57:04,$ 3487.00,100
55,09:57:04,$ 3487.00,244
56,09:57:00,$ 3485.82,100
57,09:56:56,$ 3485.48,100
58,09:56:50,$ 3485.50,100
59,09:56:50,$ 3485.50,100
60,09:56:50,$ 3485.50,100
61,09:56:50,$ 3485.50,100
62,09:56:47,$ 3486.4105,250
64,09:56:44,$ 3486.23,100
65,09:56:44,$ 3485.82,100
66,09:56:42,$ 3485.39,100
67,09:56:40,$ 3484.80,100
68,09:56:40,$ 3484.84,100
69,09:56:40,$ 3485.51,100
70,09:56:38,$ 3485.42,100
71,09:56:38,$ 3485.39,100
72,09:56:34,$ 3484.79,100
73,09:56:29,$ 3485.41,100
74,09:56:29,$ 3485.42,100
75,09:56:28,$ 3484.96,100
76,09:56:22,$ 3484.68,100
77,09:56:21,$ 3484.0706,200
78,09:56:17,$ 3485.42,100
79,09:56:13,$ 3484.94,100
80,09:56:12,$ 3484.52,100
81,09:56:07,$ 3485.33,100
82,09:56:07,$ 3484.99,100
83,09:56:07,$ 3485.00,361
85,09:55:46,$ 3482.85,100
86,09:55:42,$ 3482.00,100
87,09:55:34,$ 3482.28,100
88,09:55:34,$ 3482.29,100
89,09:55:34,$ 3482.10,100
90,09:55:28,$ 3482.47,100
91,09:55:21,$ 3481.44,100
92,09:55:21,$ 3480.95,100
93,09:55:21,$ 3480.90,100
94,09:55:21,$ 3481.63,100
95,09:55:21,$ 3482.06,100
96,09:55:21,$ 3481.69,100
97,09:55:10,$ 3483.00,100
98,09:55:08,$ 3482.52,100
99,09:55:08,$ 3482.1491,100
100,09:55:06,$ 3481.9621,339
101,09:55:04,$ 3482.65,"1,000"
102,09:55:00,$ 3480.67,100
103,09:54:54,$ 3480.00,200
104,09:54:50,$ 3479.3368,127
106,09:54:49,$ 3479.17,160
107,09:54:44,$ 3479.16,112
108,09:54:37,$ 3478.4966,500
109,09:54:02,$ 3481.025,100
110,09:53:58,$ 3480.48,500
111,09:53:52,$ 3482.9999,400
112,09:53:44,$ 3477.38,100
113,09:53:44,$ 3477.38,100
114,09:53:44,$ 3478.84,100
115,09:53:44,$ 3478.41,100
116,09:53:44,$ 3478.58,100
117,09:53:44,$ 3478.80,100
118,09:53:44,$ 3478.85,100
119,09:53:44,$ 3478.86,100
120,09:53:44,$ 3478.41,200
121,09:53:44,$ 3477.38,100
122,09:53:44,$ 3477.37,200
123,09:53:44,$ 3477.38,100
124,09:53:28,$ 3477.9301,100
125,09:53:26,$ 3480.00,100
127,09:53:26,$ 3479.045,100
128,09:53:17,$ 3479.45,181
129,09:53:12,$ 3479.1723,100
130,09:53:10,$ 3477.71,100
131,09:53:06,$ 3479.45,100
132,09:53:06,$ 3479.45,100
133,09:53:06,$ 3478.00,100
134,09:52:52,$ 3476.00,284
135,09:52:52,$ 3475.33,100
136,09:52:52,$ 3475.09,100
137,09:52:52,$ 3475.33,100
138,09:52:52,$ 3475.33,100
139,09:52:45,$ 3473.71,100
140,09:52:42,$ 3474.65,100
141,09:52:39,$ 3474.49,107
142,09:52:32,$ 3474.22,100
143,09:52:20,$ 3476.06,100
144,09:52:19,$ 3476.7068,418
145,09:52:05,$ 3475.0801,100
146,09:51:40,$ 3472.645,300
148,09:51:40,$ 3471.2269,300
149,09:51:35,$ 3470.4019,150
150,09:51:32,$ 3470.00,100
151,09:51:32,$ 3470.59,100
152,09:51:32,$ 3471.14,100
153,09:51:32,$ 3471.33,100
154,09:51:30,$ 3473.00,100
155,09:51:09,$ 3474.225,100
156,09:51:04,$ 3475.80,100
157,09:51:03,$ 3475.48,100
158,09:50:59,$ 3475.8763,100
159,09:50:59,$ 3475.99,100
160,09:50:58,$ 3475.1157,200
161,09:50:56,$ 3475.8585,100
162,09:50:50,$ 3475.48,100
163,09:50:50,$ 3474.12,200
164,09:50:47,$ 3475.00,391
165,09:50:47,$ 3475.00,109
166,09:50:47,$ 3475.00,314
167,09:50:46,$ 3474.12,100
169,09:50:42,$ 3473.00,147
170,09:50:38,$ 3473.995,100
171,09:50:38,$ 3473.995,100
172,09:50:23,$ 3473.2166,300
173,09:49:57,$ 3471.795,500
174,09:49:43,$ 3474.13,100
175,09:49:36,$ 3472.9599,100
176,09:49:35,$ 3472.15,100
177,09:49:35,$ 3472.00,100
178,09:49:35,$ 3472.00,100
179,09:49:34,$ 3470.01,150
180,09:49:33,$ 3470.995,100
181,09:49:29,$ 3470.1955,500
182,09:49:22,$ 3471.00,100
183,09:49:13,$ 3472.04,100
184,09:49:04,$ 3474.35,100
185,09:49:01,$ 3473.00,137
186,09:48:50,$ 3474.52,100
187,09:48:41,$ 3475.45,100
188,09:48:41,$ 3475.4501,100
190,09:48:35,$ 3476.03,100
191,09:48:28,$ 3475.74,100
192,09:48:21,$ 3475.80,100
193,09:48:21,$ 3475.03,100
194,09:48:21,$ 3475.51,100
195,09:48:21,$ 3475.5038,200
196,09:48:21,$ 3475.50,100
197,09:48:13,$ 3476.40,100
198,09:48:07,$ 3476.02,100
199,09:48:06,$ 3476.84,100
200,09:47:44,$ 3477.725,100
201,09:47:41,$ 3479.48,100
202,09:47:40,$ 3479.3509,600
203,09:47:30,$ 3480.13,295
204,09:47:25,$ 3479.88,100
205,09:47:23,$ 3480.31,100
206,09:47:23,$ 3481.7299,112
207,09:47:22,$ 3480.28,100
208,09:47:18,$ 3478.44,100
209,09:47:17,$ 3479.86,100
211,09:47:15,$ 3478.87,200
212,09:47:14,$ 3478.79,100
213,09:47:14,$ 3478.86,177
214,09:47:04,$ 3477.1583,600
215,09:47:03,$ 3477.50,805
216,09:47:02,$ 3477.50,440
217,09:47:00,$ 3475.92,100
218,09:46:44,$ 3477.41,150
219,09:46:44,$ 3477.41,100
220,09:46:32,$ 3477.36,100
221,09:46:31,$ 3477.37,220
222,09:46:29,$ 3475.23,100
223,09:46:29,$ 3474.40,100
224,09:46:25,$ 3476.275,100
225,09:46:20,$ 3476.28,100
226,09:46:18,$ 3477.45,120
227,09:46:04,$ 3475.23,100
228,09:46:04,$ 3474.575,"1,250"
229,09:46:04,$ 3474.43,100
230,09:45:33,$ 3473.12,100
232,09:45:33,$ 3473.04,100
233,09:45:33,$ 3473.18,100
234,09:45:31,$ 3473.1852,250
235,09:45:31,$ 3472.96,250
236,09:45:31,$ 3471.755,300
237,09:45:31,$ 3474.35,100
238,09:45:24,$ 3475.11,300
239,09:45:24,$ 3475.11,100
240,09:45:24,$ 3475.48,"1,000"
241,09:45:16,$ 3477.00,114
242,09:45:16,$ 3476.999,100
243,09:45:15,$ 3476.255,339
244,09:45:15,$ 3476.60,100
245,09:45:06,$ 3474.7802,200
246,09:44:58,$ 3472.88,100
247,09:44:57,$ 3472.29,900
248,09:44:40,$ 3472.92,250
249,09:44:40,$ 3472.30,100
250,09:44:40,$ 3472.915,100
251,09:44:40,$ 3472.30,100
253,09:44:28,$ 3472.10,100
254,09:44:28,$ 3471.81,100
255,09:44:27,$ 3472.06,100
256,09:44:27,$ 3472.06,100
257,09:44:27,$ 3472.06,100
258,09:44:27,$ 3472.03,100
259,09:44:27,$ 3473.36,173
260,09:44:27,$ 3472.40,100
261,09:44:27,$ 3472.42,100
262,09:44:21,$ 3472.08,100
263,09:44:21,$ 3471.91,100
264,09:44:21,$ 3472.41,100
265,09:44:17,$ 3470.89,100
266,09:44:17,$ 3472.39,100
267,09:44:17,$ 3472.38,100
268,09:44:17,$ 3470.30,100
269,09:44:15,$ 3470.3826,100
270,09:44:05,$ 3467.348,100
271,09:44:00,$ 3468.32,100
272,09:43:37,$ 3469.7359,140
274,09:43:29,$ 3470.00,110
275,09:43:21,$ 3470.83,100
276,09:43:17,$ 3469.2544,200
277,09:43:17,$ 3471.115,100
278,09:43:17,$ 3470.26,179
279,09:43:17,$ 3470.25,150
280,09:43:17,$ 3470.25,100
281,09:43:17,$ 3470.26,100
282,09:43:17,$ 3470.00,100
283,09:43:15,$ 3471.12,100
284,09:43:15,$ 3471.12,250
285,09:43:01,$ 3474.8799,250
286,09:42:59,$ 3474.0052,652
287,09:42:56,$ 3473.7719,200
288,09:42:55,$ 3472.41,100
289,09:42:55,$ 3473.045,100
290,09:42:46,$ 3472.9499,100
291,09:42:45,$ 3471.43,100
292,09:42:40,$ 3473.235,100
293,09:42:34,$ 3474.00,150
295,09:42:34,$ 3473.9016,200
296,09:42:29,$ 3472.465,100
297,09:42:24,$ 3472.00,100
298,09:42:17,$ 3472.23,100
299,09:42:07,$ 3471.0005,262
300,09:41:57,$ 3474.20,100
301,09:41:45,$ 3474.22,100
302,09:41:35,$ 3474.24,100
303,09:41:35,$ 3474.735,100
304,09:41:35,$ 3475.21,100
305,09:41:31,$ 3474.6125,100
306,09:41:30,$ 3476.02,100
307,09:41:30,$ 3475.40,100
308,09:41:25,$ 3475.09,100
309,09:41:24,$ 3474.735,116
310,09:41:22,$ 3475.25,100
311,09:41:18,$ 3475.00,800
312,09:41:18,$ 3475.24,275
313,09:41:18,$ 3475.25,100
314,09:41:05,$ 3475.96,100
316,09:41:05,$ 3475.09,400
317,09:41:02,$ 3474.73,100
318,09:41:02,$ 3476.00,100
319,09:41:02,$ 3476.20,100
320,09:41:02,$ 3476.98,100
321,09:41:00,$ 3478.5852,100
322,09:40:57,$ 3479.1526,100
323,09:40:55,$ 3478.245,250
324,09:40:53,$ 3479.2016,300
325,09:40:50,$ 3477.3698,100
326,09:40:50,$ 3478.32,150
327,09:40:40,$ 3479.3199,234
328,09:40:38,$ 3480.02,100
329,09:40:38,$ 3480.1884,600
330,09:40:37,$ 3481.49,100
331,09:40:24,$ 3482.1901,429
332,09:40:23,$ 3483.815,100
333,09:40:22,$ 3482.53,250
334,09:40:19,$ 3481.66,100
335,09:40:09,$ 3481.3664,200
337,09:40:08,$ 3482.5862,250
338,09:40:07,$ 3484.10,100
339,09:40:00,$ 3484.7099,200
340,09:40:00,$ 3484.71,100
341,09:39:56,$ 3484.71,100
342,09:39:52,$ 3481.10,100
343,09:39:52,$ 3481.72,605
344,09:39:52,$ 3481.18,100
345,09:39:47,$ 3481.235,100
346,09:39:42,$ 3482.19,100
347,09:39:42,$ 3481.22,700
348,09:39:42,$ 3481.25,100
349,09:39:41,$ 3482.745,"1,000"
350,09:39:32,$ 3481.3101,100
351,09:39:31,$ 3482.12,100
352,09:39:31,$ 3482.35,100
353,09:39:29,$ 3481.175,600
354,09:39:27,$ 3480.78,100
355,09:39:27,$ 3480.948,100
356,09:39:27,$ 3480.77,200
358,09:39:27,$ 3480.7702,100
359,09:39:27,$ 3480.78,829
360,09:39:27,$ 3481.66,100
361,09:39:27,$ 3480.77,100
362,09:39:26,$ 3481.0549,100
363,09:39:14,$ 3482.59,100
364,09:39:10,$ 3480.00,196
365,09:39:09,$ 3479.255,100
366,09:39:06,$ 3478.73,100
367,09:39:03,$ 3479.11,100
368,09:39:03,$ 3477.005,100
369,09:39:03,$ 3477.085,100
370,09:39:03,$ 3476.99,100
371,09:39:03,$ 3477.545,100
372,09:39:02,$ 3478.055,500
373,09:39:00,$ 3478.06,500
374,09:38:59,$ 3478.065,500
375,09:38:59,$ 3478.067,100
376,09:38:59,$ 3478.1485,155
377,09:38:59,$ 3478.067,100
379,09:38:59,$ 3478.067,100
380,09:38:59,$ 3479.00,100
381,09:38:59,$ 3478.77,100
382,09:38:59,$ 3478.82,100
383,09:38:57,$ 3478.70,100
384,09:38:56,$ 3477.169,100
385,09:38:55,$ 3478.04,100
386,09:38:47,$ 3479.10,600
387,09:38:46,$ 3479.2516,126
388,09:38:46,$ 3480.00,100
389,09:38:43,$ 3481.18,100
390,09:38:43,$ 3482.9999,100
391,09:38:41,$ 3483.2185,250
392,09:38:39,$ 3482.40,193
393,09:38:36,$ 3483.4499,175
394,09:38:29,$ 3482.315,200
395,09:38:25,$ 3482.465,200
396,09:38:23,$ 3482.465,100
397,09:38:23,$ 3483.45,200
398,09:38:18,$ 3481.985,100
400,09:38:12,$ 3482.82,117
401,09:38:12,$ 3485.07,100
402,09:38:12,$ 3484.40,100
403,09:38:12,$ 3485.01,100
404,09:38:12,$ 3484.42,100
405,09:38:09,$ 3486.78,100
406,09:38:08,$ 3486.872,100
407,09:38:08,$ 3486.4933,198
408,09:38:08,$ 3488.37,575
409,09:38:06,$ 3488.51,160
410,09:38:05,$ 3486.745,100
411,09:38:02,$ 3488.50,125
412,09:38:02,$ 3488.00,167
413,09:38:02,$ 3488.00,600
414,09:38:02,$ 3488.00,132
415,09:38:02,$ 3488.00,100
416,09:38:02,$ 3488.00,153
417,09:38:02,$ 3488.00,107
418,09:38:02,$ 3488.00,100
419,09:38:02,$ 3488.00,100
421,09:38:00,$ 3488.00,100
422,09:37:59,$ 3487.02,100
423,09:37:58,$ 3487.5033,600
424,09:37:57,$ 3487.01,100
425,09:37:57,$ 3486.90,100
426,09:37:57,$ 3486.90,100
427,09:37:57,$ 3486.98,100
428,09:37:55,$ 3485.835,100
429,09:37:55,$ 3485.00,200
430,09:37:52,$ 3485.00,100
431,09:37:50,$ 3483.50,130
432,09:37:46,$ 3482.31,100
433,09:37:44,$ 3483.76,100
434,09:37:43,$ 3481.68,100
435,09:37:36,$ 3483.76,100
436,09:37:35,$ 3483.76,100
437,09:37:35,$ 3482.50,100
438,09:37:35,$ 3482.83,100
439,09:37:35,$ 3482.20,100
440,09:37:35,$ 3482.00,100
442,09:37:35,$ 3482.23,100
443,09:37:35,$ 3482.27,100
444,09:37:25,$ 3481.327,100
445,09:37:19,$ 3483.19,100
446,09:37:18,$ 3482.50,100
447,09:37:16,$ 3481.77,100
448,09:37:11,$ 3482.00,100
449,09:37:11,$ 3481.90,100
450,09:37:07,$ 3481.00,195
451,09:37:03,$ 3480.36,100
452,09:37:03,$ 3479.42,100
453,09:37:02,$ 3480.36,100
454,09:37:02,$ 3479.105,100
455,09:37:02,$ 3480.20,100
456,09:36:57,$ 3480.86,100
457,09:36:54,$ 3479.43,120
458,09:36:53,$ 3479.11,100
459,09:36:50,$ 3480.965,100
460,09:36:46,$ 3480.705,100
461,09:36:45,$ 3480.60,100
463,09:36:45,$ 3480.41,100
464,09:36:41,$ 3479.80,133
465,09:36:38,$ 3479.57,100
466,09:36:37,$ 3479.60,100
467,09:36:37,$ 3479.00,100
468,09:36:37,$ 3478.40,100
469,09:36:31,$ 3478.32,100
470,09:36:26,$ 3480.50,200
471,09:36:26,$ 3479.755,100
472,09:36:21,$ 3479.1594,164
473,09:36:18,$ 3480.92,100
474,09:36:16,$ 3482.21,100
475,09:36:16,$ 3481.90,100
476,09:36:16,$ 3480.985,100
477,09:36:16,$ 3480.995,100
478,09:36:10,$ 3483.4734,420
479,09:36:10,$ 3482.83,100
480,09:36:06,$ 3484.30,100
481,09:36:05,$ 3484.76,100
482,09:36:02,$ 3484.47,100
484,09:36:02,$ 3483.60,100
485,09:36:02,$ 3483.9899,100
486,09:35:56,$ 3482.1633,982
487,09:35:54,$ 3483.00,200
488,09:35:53,$ 3483.24,150
489,09:35:52,$ 3484.00,200
490,09:35:48,$ 3484.025,200
491,09:35:48,$ 3484.7602,100
492,09:35:48,$ 3484.01,100
493,09:35:48,$ 3484.01,100
494,09:35:47,$ 3485.9458,100
495,09:35:47,$ 3484.145,100
496,09:35:47,$ 3486.00,100
497,09:35:46,$ 3484.99,400
498,09:35:46,$ 3485.10,100
499,09:35:44,$ 3484.9999,165
500,09:35:42,$ 3484.77,100
501,09:35:42,$ 3485.00,100
502,09:35:41,$ 3484.9999,100
503,09:35:41,$ 3484.51,200
505,09:35:39,$ 3483.9277,600
506,09:35:38,$ 3485.00,100
507,09:35:38,$ 3484.00,"6,111"
508,09:35:38,$ 3483.99,295
509,09:35:38,$ 3484.00,110
510,09:35:38,$ 3484.00,100
511,09:35:38,$ 3484.00,100
512,09:35:38,$ 3484.00,100
513,09:35:36,$ 3483.99,105
514,09:35:35,$ 3482.18,100
515,09:35:35,$ 3482.78,100
516,09:35:33,$ 3482.425,100
517,09:35:31,$ 3482.25,200
518,09:35:28,$ 3482.0066,150
519,09:35:27,$ 3483.805,100
520,09:35:27,$ 3481.995,300
521,09:35:25,$ 3482.50,278
522,09:35:25,$ 3482.50,122
523,09:35:25,$ 3481.76,100
524,09:35:15,$ 3479.74,100
526,09:35:14,$ 3480.76,100
527,09:35:14,$ 3480.05,100
528,09:35:14,$ 3480.02,100
529,09:35:13,$ 3481.60,100
530,09:35:11,$ 3481.624,100
531,09:35:11,$ 3480.5542,"1,000"
532,09:35:07,$ 3480.9899,100
533,09:35:05,$ 3480.00,100
534,09:35:05,$ 3480.00,100
535,09:35:05,$ 3480.00,100
536,09:35:05,$ 3479.00,312
537,09:35:05,$ 3479.00,100
538,09:35:05,$ 3479.00,211
539,09:35:02,$ 3478.99,100
540,09:34:57,$ 3477.00,862
541,09:34:51,$ 3476.95,100
542,09:34:48,$ 3477.92,100
543,09:34:45,$ 3479.4499,100
544,09:34:45,$ 3479.03,100
545,09:34:44,$ 3476.92,100
547,09:34:44,$ 3477.39,100
548,09:34:43,$ 3478.1817,300
549,09:34:42,$ 3476.45,100
550,09:34:41,$ 3477.86,100
551,09:34:41,$ 3477.90,100
552,09:34:41,$ 3477.87,100
553,09:34:34,$ 3478.94,500
554,09:34:27,$ 3478.00,250
555,09:34:27,$ 3477.995,250
556,09:34:27,$ 3476.7782,"1,000"
557,09:34:24,$ 3477.728,100
558,09:34:23,$ 3478.00,115
559,09:34:22,$ 3479.52,100
560,09:34:17,$ 3479.57,100
561,09:34:17,$ 3479.995,100
562,09:34:17,$ 3479.60,100
563,09:34:14,$ 3479.99,100
564,09:34:13,$ 3479.00,100
565,09:34:12,$ 3479.00,200
566,09:34:12,$ 3479.29,100
568,09:34:10,$ 3478.51,330
569,09:34:10,$ 3479.9748,368
570,09:34:10,$ 3479.48,122
571,09:34:10,$ 3479.48,100
572,09:34:10,$ 3478.995,250
573,09:34:07,$ 3478.80,100
574,09:34:02,$ 3477.83,100
575,09:34:02,$ 3475.85,100
576,09:34:00,$ 3478.03,100
577,09:34:00,$ 3479.03,100
578,09:33:59,$ 3479.6963,100
579,09:33:58,$ 3478.79,100
580,09:33:58,$ 3479.09,100
581,09:33:56,$ 3478.44,100
582,09:33:54,$ 3479.068,200
583,09:33:54,$ 3479.00,"1,171"
584,09:33:54,$ 3479.00,100
585,09:33:54,$ 3479.00,379
586,09:33:54,$ 3479.00,100
587,09:33:54,$ 3479.00,100
589,09:33:54,$ 3479.00,238
590,09:33:54,$ 3478.02,108
591,09:33:52,$ 3478.213,420
592,09:33:52,$ 3478.18,200
593,09:33:52,$ 3477.63,100
594,09:33:50,$ 3476.79,250
595,09:33:49,$ 3477.07,100
596,09:33:49,$ 3476.42,100
597,09:33:49,$ 3476.37,100
598,09:33:49,$ 3476.00,100
599,09:33:49,$ 3476.00,212
600,09:33:49,$ 3475.99,200
601,09:33:49,$ 3476.00,177
602,09:33:48,$ 3475.35,100
603,09:33:48,$ 3475.35,100
604,09:33:48,$ 3475.00,197
605,09:33:48,$ 3475.00,100
606,09:33:48,$ 3475.00,100
607,09:33:48,$ 3475.00,"2,582"
608,09:33:47,$ 3474.40,100
610,09:33:47,$ 3474.40,100
611,09:33:46,$ 3474.40,249
612,09:33:34,$ 3473.725,100
613,09:33:31,$ 3473.8187,100
614,09:33:28,$ 3472.80,100
615,09:33:27,$ 3472.0543,200
616,09:33:26,$ 3472.57,100
617,09:33:26,$ 3472.11,100
618,09:33:26,$ 3473.20,100
619,09:33:26,$ 3472.60,100
620,09:33:24,$ 3473.79,100
621,09:33:24,$ 3473.54,100
622,09:33:23,$ 3472.60,100
623,09:33:23,$ 3473.00,277
624,09:33:23,$ 3473.80,100
625,09:33:20,$ 3472.825,100
626,09:33:17,$ 3472.62,100
627,09:33:13,$ 3472.385,100
628,09:33:12,$ 3472.82,102
629,09:33:12,$ 3472.82,191
631,09:33:12,$ 3472.82,189
632,09:33:12,$ 3472.82,100
633,09:33:04,$ 3470.40,157
634,09:33:00,$ 3466.075,100
635,09:33:00,$ 3466.235,133
636,09:33:00,$ 3468.04,133
637,09:33:00,$ 3467.962,100
638,09:33:00,$ 3466.235,100
639,09:32:57,$ 3467.00,100
640,09:32:57,$ 3467.44,100
641,09:32:57,$ 3467.98,100
642,09:32:45,$ 3468.22,100
643,09:32:43,$ 3467.89,100
644,09:32:37,$ 3466.11,100
645,09:32:34,$ 3467.90,100
646,09:32:30,$ 3465.51,370
647,09:32:30,$ 3465.60,158
648,09:32:30,$ 3465.60,158
649,09:32:25,$ 3467.24,100
650,09:32:25,$ 3465.8247,100
652,09:32:24,$ 3467.44,100
653,09:32:23,$ 3467.535,195
654,09:32:18,$ 3465.45,192
655,09:32:18,$ 3466.35,100
656,09:32:18,$ 3466.548,100
657,09:32:18,$ 3466.795,100
658,09:32:18,$ 3466.485,100
659,09:32:18,$ 3467.68,155
660,09:32:18,$ 3467.36,100
661,09:32:18,$ 3466.60,100
662,09:32:18,$ 3467.40,100
663,09:32:18,$ 3466.35,100
664,09:32:13,$ 3470.00,120
665,09:32:13,$ 3470.00,100
666,09:32:12,$ 3468.00,318
667,09:32:12,$ 3468.59,154
668,09:31:57,$ 3461.90,144
669,09:31:51,$ 3461.9001,100
670,09:31:49,$ 3464.00,100
671,09:31:48,$ 3464.0001,100
673,09:31:47,$ 3465.05,100
674,09:31:40,$ 3466.54,155
675,09:31:38,$ 3467.47,200
676,09:31:38,$ 3466.56,200
677,09:31:38,$ 3467.47,100
678,09:31:38,$ 3467.47,100
679,09:31:38,$ 3467.14,100
680,09:31:38,$ 3467.48,100
681,09:31:38,$ 3467.50,236
682,09:31:37,$ 3467.40,100
683,09:31:37,$ 3466.43,100
684,09:31:37,$ 3467.46,100
685,09:31:36,$ 3467.46,100
686,09:31:36,$ 3466.99,100
687,09:31:34,$ 3466.25,100
688,09:31:34,$ 3467.09,100
689,09:31:32,$ 3468.00,100
690,09:31:32,$ 3468.00,100
691,09:31:32,$ 3465.4705,100
692,09:31:31,$ 3465.76,100
694,09:31:28,$ 3465.00,165
695,09:31:28,$ 3465.00,451
696,09:31:28,$ 3465.00,100
697,09:31:27,$ 3463.38,100
698,09:31:25,$ 3463.481,250
699,09:31:19,$ 3465.00,100
700,09:31:16,$ 3460.498,100
701,09:31:16,$ 3462.365,600
702,09:31:16,$ 3460.188,100
703,09:31:16,$ 3460.171,486
704,09:31:16,$ 3461.20,100
705,09:31:14,$ 3465.00,100
706,09:31:14,$ 3465.00,100
707,09:31:13,$ 3463.1462,420
708,09:31:13,$ 3463.22,100
709,09:31:13,$ 3462.075,100
710,09:31:11,$ 3463.05,100
711,09:31:11,$ 3462.69,100
712,09:31:10,$ 3462.6699,138
713,09:31:10,$ 3462.6699,"1,862"
715,09:31:01,$ 3463.00,100
716,09:30:59,$ 3458.11,100
717,09:30:59,$ 3458.125,100
718,09:30:58,$ 3456.09,100
719,09:30:58,$ 3456.17,100
720,09:30:57,$ 3460.22,100
721,09:30:55,$ 3457.10,100
722,09:30:51,$ 3459.00,100
723,09:30:51,$ 3459.00,100
724,09:30:51,$ 3459.00,100
725,09:30:50,$ 3458.60,100
726,09:30:34,$ 3460.78,100
727,09:30:34,$ 3459.74,100
728,09:30:21,$ 3460.15,100
729,09:30:16,$ 3460.00,104
730,09:30:16,$ 3460.00,100
731,09:30:15,$ 3458.74,100
732,09:30:14,$ 3458.16,100
733,09:30:13,$ 3458.17,100
734,09:30:04,$ 3457.80,100
736,09:30:04,$ 3458.42,100
737,09:30:02,$ 3458.06,1
738,09:30:02,$ 3458.06,3
739,09:30:02,$ 3458.06,2
740,09:30:02,$ 3458.06,10
741,09:30:02,$ 3458.06,1
742,09:30:02,$ 3458.06,1
743,09:30:02,$ 3458.06,7
744,09:30:02,$ 3458.06,2
745,09:30:02,$ 3458.06,1
746,09:30:02,$ 3458.06,10
747,09:30:02,$ 3458.06,1
748,09:30:02,$ 3458.06,2
749,09:30:02,$ 3458.06,1
750,09:30:02,$ 3458.06,1
751,09:30:02,$ 3458.06,5
752,09:30:02,$ 3458.06,2
753,09:30:02,$ 3458.06,6
754,09:30:02,$ 3458.06,1
755,09:30:02,$ 3458.06,1
757,09:30:02,$ 3458.06,1
758,09:30:02,$ 3458.06,10
759,09:30:02,$ 3458.06,2
760,09:30:02,$ 3458.06,5
761,09:30:02,$ 3458.06,8
762,09:30:02,$ 3458.06,10
763,09:30:02,$ 3458.06,1
764,09:30:02,$ 3458.06,3
765,09:30:02,$ 3458.06,6
766,09:30:02,$ 3458.06,1
767,09:30:02,$ 3458.06,3
768,09:30:02,$ 3458.06,8
769,09:30:02,$ 3458.06,10
770,09:30:02,$ 3458.06,3
771,09:30:02,$ 3458.06,4
772,09:30:02,$ 3458.06,1
773,09:30:02,$ 3458.06,10
774,09:30:02,$ 3458.06,3
775,09:30:02,$ 3458.06,2
776,09:30:02,$ 3458.06,2
778,09:30:02,$ 3458.06,30
779,09:30:02,$ 3458.06,5
780,09:30:02,$ 3458.06,1
781,09:30:02,$ 3458.06,2
782,09:30:02,$ 3458.06,5
783,09:30:02,$ 3458.06,1
784,09:30:02,$ 3458.06,10
785,09:30:02,$ 3458.06,1
786,09:30:02,$ 3458.06,1
787,09:30:02,$ 3458.06,9
788,09:30:02,$ 3458.06,4
789,09:30:02,$ 3458.06,2
790,09:30:02,$ 3458.06,1
791,09:30:02,$ 3458.06,2
792,09:30:02,$ 3458.06,1
793,09:30:02,$ 3458.06,2
794,09:30:02,$ 3458.06,2
795,09:30:02,$ 3458.06,1
796,09:30:02,$ 3458.06,1
797,09:30:02,$ 3458.06,5
799,09:30:02,$ 3458.06,2
800,09:30:02,$ 3458.06,3
801,09:30:02,$ 3458.06,5
802,09:30:02,$ 3458.06,2
803,09:30:02,$ 3458.06,1
804,09:30:02,$ 3458.06,2
805,09:30:02,$ 3458.06,3
806,09:30:02,$ 3458.06,6
807,09:30:02,$ 3458.06,1
808,09:30:02,$ 3458.06,10
809,09:30:02,$ 3458.06,1
810,09:30:02,$ 3458.06,2
811,09:30:02,$ 3458.06,1
812,09:30:02,$ 3458.06,5
813,09:30:02,$ 3458.06,3
814,09:30:02,$ 3458.06,1
815,09:30:02,$ 3458.06,1
816,09:30:02,$ 3458.06,1
817,09:30:02,$ 3458.06,1
818,09:30:02,$ 3458.06,2
820,09:30:02,$ 3458.06,1
821,09:30:02,$ 3458.06,1
822,09:30:02,$ 3458.06,1
823,09:30:02,$ 3458.06,2
824,09:30:02,$ 3458.06,5
825,09:30:02,$ 3458.06,1
826,09:30:02,$ 3458.06,4
827,09:30:02,$ 3458.06,1
828,09:30:02,$ 3458.06,1
829,09:30:02,$ 3458.06,20
830,09:30:02,$ 3458.06,1
831,09:30:02,$ 3458.06,2
832,09:30:02,$ 3458.06,1
833,09:30:02,$ 3458.06,1
834,09:30:02,$ 3458.06,1
835,09:30:02,$ 3458.06,1
836,09:30:02,$ 3458.06,5
837,09:30:02,$ 3458.06,4
838,09:30:02,$ 3458.06,3
839,09:30:02,$ 3458.06,2
841,09:30:02,$ 3458.06,3
842,09:30:02,$ 3458.06,1
843,09:30:02,$ 3458.06,2
844,09:30:02,$ 3458.06,2
845,09:30:02,$ 3458.06,1
846,09:30:02,$ 3458.06,2
847,09:30:02,$ 3458.06,3
848,09:30:02,$ 3458.06,2
849,09:30:02,$ 3458.06,2
850,09:30:02,$ 3458.06,1
851,09:30:02,$ 3458.06,10
852,09:30:02,$ 3458.06,3
853,09:30:02,$ 3458.06,6
854,09:30:02,$ 3458.06,2
855,09:30:02,$ 3458.06,5
856,09:30:02,$ 3458.06,2
857,09:30:02,$ 3458.06,2
858,09:30:02,$ 3458.06,20
859,09:30:02,$ 3458.06,1
860,09:30:02,$ 3458.06,5
862,09:30:02,$ 3458.06,1
863,09:30:02,$ 3458.06,2
864,09:30:02,$ 3458.06,2
865,09:30:02,$ 3458.06,1
866,09:30:02,$ 3458.06,4
867,09:30:02,$ 3458.06,5
868,09:30:02,$ 3458.06,2
869,09:30:02,$ 3458.06,5
870,09:30:02,$ 3458.06,4
871,09:30:02,$ 3458.06,1
872,09:30:02,$ 3458.06,15
873,09:30:02,$ 3458.06,25
874,09:30:02,$ 3458.06,3
875,09:30:02,$ 3458.06,5
876,09:30:02,$ 3458.06,10
877,09:30:02,$ 3458.06,1
878,09:30:02,$ 3458.06,2
879,09:30:02,$ 3458.06,2
880,09:30:02,$ 3458.06,1
881,09:30:02,$ 3458.06,4
883,09:30:02,$ 3458.06,10
884,09:30:02,$ 3458.06,1
885,09:30:02,$ 3458.06,44
886,09:30:02,$ 3458.06,1
887,09:30:02,$ 3458.06,8
888,09:30:02,$ 3458.06,8
889,09:30:02,$ 3458.06,2
890,09:30:02,$ 3458.06,45
891,09:30:02,$ 3458.06,5
892,09:30:02,$ 3458.06,2
893,09:30:02,$ 3458.06,1
894,09:30:02,$ 3458.06,10
895,09:30:02,$ 3458.06,1
896,09:30:02,$ 3458.06,2
897,09:30:02,$ 3458.06,3
898,09:30:02,$ 3458.06,20
899,09:30:02,$ 3458.06,23
900,09:30:02,$ 3458.06,2
901,09:30:02,$ 3458.06,24
902,09:30:02,$ 3458.06,3
904,09:30:02,$ 3458.06,1
905,09:30:02,$ 3458.06,2
906,09:30:02,$ 3458.06,1
907,09:30:02,$ 3458.06,1
908,09:30:02,$ 3458.06,1
909,09:30:02,$ 3458.06,1
910,09:30:02,$ 3458.06,1
911,09:30:02,$ 3458.06,4
912,09:30:02,$ 3458.06,5
913,09:30:02,$ 3458.06,3
914,09:30:02,$ 3458.06,3
915,09:30:02,$ 3458.06,6
916,09:30:02,$ 3458.06,4
917,09:30:02,$ 3458.06,1
918,09:30:02,$ 3458.06,1
919,09:30:02,$ 3458.06,1
920,09:30:02,$ 3458.06,2
921,09:30:02,$ 3458.06,1
922,09:30:02,$ 3458.06,2
923,09:30:02,$ 3458.06,2
925,09:30:02,$ 3458.06,101
926,09:30:02,$ 3458.06,9
927,09:30:02,$ 3458.06,1
928,09:30:02,$ 3458.06,"2,000"
929,09:30:02,$ 3458.06,1
930,09:30:02,$ 3458.06,1
931,09:30:02,$ 3458.06,1
932,09:30:02,$ 3458.06,1
933,09:30:02,$ 3458.06,2
934,09:30:02,$ 3458.06,1
935,09:30:02,$ 3458.06,1
936,09:30:02,$ 3458.06,5
937,09:30:02,$ 3458.06,4
938,09:30:02,$ 3458.06,2
939,09:30:02,$ 3458.06,4
940,09:30:02,$ 3458.06,2
941,09:30:02,$ 3458.06,5
942,09:30:02,$ 3458.06,1
943,09:30:02,$ 3458.06,3
944,09:30:02,$ 3458.06,10
946,09:30:02,$ 3458.06,1
947,09:30:02,$ 3458.06,125
948,09:30:02,$ 3458.06,1
949,09:30:02,$ 3458.06,3
950,09:30:02,$ 3458.06,9
951,09:30:02,$ 3458.06,8
952,09:30:02,$ 3458.06,1
953,09:30:02,$ 3458.06,6
954,09:30:02,$ 3458.06,11
955,09:30:02,$ 3458.06,59
956,09:30:02,$ 3458.06,1
957,09:30:02,$ 3458.06,1
958,09:30:02,$ 3458.06,6
959,09:30:02,$ 3458.06,14
960,09:30:02,$ 3458.06,10
961,09:30:02,$ 3458.06,1
962,09:30:02,$ 3458.06,200
963,09:30:02,$ 3458.06,300
964,09:30:02,$ 3458.06,9
965,09:30:02,$ 3458.06,1
967,09:30:02,$ 3458.06,2
968,09:30:02,$ 3458.06,1
969,09:30:02,$ 3458.06,5
970,09:30:02,$ 3458.06,2
971,09:30:02,$ 3458.06,10
972,09:30:02,$ 3458.06,1
973,09:30:02,$ 3458.06,2
974,09:30:02,$ 3458.06,2
975,09:30:02,$ 3458.06,18
976,09:30:02,$ 3458.06,10
977,09:30:02,$ 3458.06,6
978,09:30:02,$ 3458.06,2
979,09:30:02,$ 3458.06,1
980,09:30:02,$ 3458.06,3
981,09:30:02,$ 3458.06,10
982,09:30:02,$ 3458.06,2
983,09:30:02,$ 3458.06,5
984,09:30:02,$ 3458.06,1
985,09:30:02,$ 3458.06,1
986,09:30:02,$ 3458.06,2
988,09:30:02,$ 3458.06,5
989,09:30:02,$ 3458.06,2
990,09:30:02,$ 3458.06,20
991,09:30:02,$ 3458.06,1
992,09:30:02,$ 3458.06,4
993,09:30:02,$ 3458.06,1
994,09:30:02,$ 3458.06,3
995,09:30:02,$ 3458.06,2
996,09:30:02,$ 3458.06,3
997,09:30:02,$ 3458.06,1
998,09:30:02,$ 3458.06,1
999,09:30:02,$ 3458.06,1
1000,09:30:02,$ 3458.06,20
1001,09:30:02,$ 3458.06,1
1002,09:30:02,$ 3458.06,4
1003,09:30:02,$ 3458.06,2
1004,09:30:02,$ 3458.06,1
1005,09:30:02,$ 3458.06,1
1006,09:30:02,$ 3458.06,5
1007,09:30:02,$ 3458.06,3
1009,09:30:02,$ 3458.06,5
1010,09:30:02,$ 3458.06,14
1011,09:30:02,$ 3458.06,2
1012,09:30:02,$ 3458.06,1
1013,09:30:02,$ 3458.06,2
1014,09:30:02,$ 3458.06,1
1015,09:30:02,$ 3458.06,3
1016,09:30:02,$ 3458.06,2
1017,09:30:02,$ 3458.06,1
1018,09:30:02,$ 3458.06,1
1019,09:30:02,$ 3458.06,1
1020,09:30:02,$ 3458.06,2
1021,09:30:02,$ 3458.06,3
1022,09:30:02,$ 3458.06,1
1023,09:30:02,$ 3458.06,7
1024,09:30:02,$ 3458.06,1
1025,09:30:02,$ 3458.06,5
1026,09:30:02,$ 3458.06,1
1027,09:30:02,$ 3458.06,5
1028,09:30:02,$ 3458.06,10
1030,09:30:02,$ 3458.06,1
1031,09:30:02,$ 3458.06,3
1032,09:30:02,$ 3458.06,2
1033,09:30:02,$ 3458.06,1
1034,09:30:02,$ 3458.06,1
1035,09:30:02,$ 3458.06,5
1036,09:30:02,$ 3458.06,1
1037,09:30:02,$ 3458.06,2
1038,09:30:02,$ 3458.06,8
1039,09:30:02,$ 3458.06,2
1040,09:30:02,$ 3458.06,3
1041,09:30:02,$ 3458.06,1
1042,09:30:02,$ 3458.06,1
1043,09:30:02,$ 3458.06,1
1044,09:30:02,$ 3458.06,1
1045,09:30:02,$ 3458.06,1
1046,09:30:02,$ 3458.06,25
1047,09:30:02,$ 3458.06,2
1048,09:30:02,$ 3458.06,10
1049,09:30:02,$ 3458.06,1
1051,09:30:02,$ 3458.06,3
1052,09:30:02,$ 3458.06,8
1053,09:30:02,$ 3458.06,6
1054,09:30:02,$ 3458.06,1
1055,09:30:02,$ 3458.06,2
1056,09:30:02,$ 3458.06,1
1057,09:30:02,$ 3458.06,1
1058,09:30:02,$ 3458.06,5
1059,09:30:02,$ 3458.06,6
1060,09:30:02,$ 3458.06,5
1061,09:30:02,$ 3458.06,3
1062,09:30:02,$ 3458.06,1
1063,09:30:02,$ 3458.06,7
1064,09:30:02,$ 3458.06,1
1065,09:30:02,$ 3458.06,1
1066,09:30:02,$ 3458.06,1
1067,09:30:02,$ 3458.06,2
1068,09:30:02,$ 3458.06,1
1069,09:30:02,$ 3458.06,1
1070,09:30:02,$ 3458.06,1
1072,09:30:02,$ 3458.06,1
1073,09:30:02,$ 3458.06,1
1074,09:30:02,$ 3458.06,1
1075,09:30:02,$ 3458.06,1
1076,09:30:02,$ 3458.06,1
1077,09:30:02,$ 3458.06,7
1078,09:30:02,$ 3458.06,2
1079,09:30:02,$ 3458.06,10
1080,09:30:02,$ 3458.06,87
1081,09:30:02,$ 3458.06,4
1082,09:30:02,$ 3458.06,1
1083,09:30:02,$ 3458.06,1
1084,09:30:02,$ 3458.06,2
1085,09:30:02,$ 3458.06,14
1086,09:30:02,$ 3458.06,1
1087,09:30:02,$ 3458.06,5
1088,09:30:02,$ 3458.06,10
1089,09:30:02,$ 3458.06,1
1090,09:30:02,$ 3458.06,1
1091,09:30:02,$ 3458.06,2
1093,09:30:02,$ 3458.06,5
1094,09:30:02,$ 3458.06,2
1095,09:30:02,$ 3458.06,1
1096,09:30:02,$ 3458.06,3
1097,09:30:02,$ 3458.06,2
1098,09:30:02,$ 3458.06,2
1099,09:30:02,$ 3458.06,2
1100,09:30:02,$ 3458.06,2
1101,09:30:02,$ 3458.06,1
1102,09:30:02,$ 3458.06,5
1103,09:30:02,$ 3458.06,1
1104,09:30:02,$ 3458.06,5
1105,09:30:02,$ 3458.06,5
1106,09:30:02,$ 3458.06,1
1107,09:30:02,$ 3458.06,3
1108,09:30:02,$ 3458.06,6
1109,09:30:02,$ 3458.06,1
1110,09:30:02,$ 3458.06,8
1111,09:30:02,$ 3458.06,3
1112,09:30:02,$ 3458.06,4
1114,09:30:02,$ 3458.06,1
1115,09:30:02,$ 3458.06,3
1116,09:30:02,$ 3458.06,2
1117,09:30:02,$ 3458.06,2
1118,09:30:02,$ 3458.06,1
1119,09:30:02,$ 3458.06,4
1120,09:30:02,$ 3458.06,2
1121,09:30:02,$ 3458.06,1
1122,09:30:02,$ 3458.06,3
1123,09:30:02,$ 3458.06,4
1124,09:30:02,$ 3458.06,2
1125,09:30:02,$ 3458.06,2
1126,09:30:02,$ 3458.06,2
1127,09:30:02,$ 3458.06,2
1128,09:30:02,$ 3458.06,3
1129,09:30:02,$ 3458.06,2
1130,09:30:02,$ 3458.06,62
1131,09:30:02,$ 3458.06,5
1132,09:30:02,$ 3458.06,3
1133,09:30:02,$ 3458.06,1
1135,09:30:02,$ 3458.06,30
1136,09:30:02,$ 3458.06,5
1137,09:30:02,$ 3458.06,4
1138,09:30:02,$ 3458.06,3
1139,09:30:02,$ 3458.06,1
1140,09:30:02,$ 3458.06,1
1141,09:30:02,$ 3458.06,10
1142,09:30:02,$ 3458.06,20
1143,09:30:02,$ 3458.06,3
1144,09:30:02,$ 3458.06,5
1145,09:30:02,$ 3458.06,1
1146,09:30:02,$ 3458.06,1
1147,09:30:02,$ 3458.06,1
1148,09:30:02,$ 3458.06,25
1149,09:30:02,$ 3458.06,1
1150,09:30:02,$ 3458.06,7
1151,09:30:02,$ 3458.06,1
1152,09:30:02,$ 3458.06,1
1153,09:30:02,$ 3458.06,2
1154,09:30:02,$ 3458.06,1
1156,09:30:02,$ 3458.06,3
1157,09:30:02,$ 3458.06,17
1158,09:30:02,$ 3458.06,8
1159,09:30:02,$ 3458.06,13
1160,09:30:02,$ 3458.06,4
1161,09:30:02,$ 3458.06,3
1162,09:30:02,$ 3458.06,15
1163,09:30:02,$ 3458.06,6
1164,09:30:02,$ 3458.06,4
1165,09:30:02,$ 3458.06,2
1166,09:30:02,$ 3458.06,7
1167,09:30:02,$ 3458.06,1
1168,09:30:02,$ 3458.06,5
1169,09:30:02,$ 3458.06,10
1170,09:30:02,$ 3458.06,1
1171,09:30:02,$ 3458.06,1
1172,09:30:02,$ 3458.06,2
1173,09:30:02,$ 3458.06,1
1174,09:30:02,$ 3458.06,1
1175,09:30:02,$ 3458.06,57
1177,09:30:02,$ 3458.06,3
1178,09:30:02,$ 3458.06,1
1179,09:30:02,$ 3458.06,10
1180,09:30:02,$ 3458.06,3
1181,09:30:02,$ 3458.06,2
1182,09:30:02,$ 3458.06,1
1183,09:30:02,$ 3458.06,1
1184,09:30:02,$ 3458.06,5
1185,09:30:02,$ 3458.06,1
1186,09:30:02,$ 3458.06,2
1187,09:30:02,$ 3458.06,2
1188,09:30:02,$ 3458.06,1
1189,09:30:02,$ 3458.06,1
1190,09:30:02,$ 3458.06,1
1191,09:30:02,$ 3458.06,2
1192,09:30:02,$ 3458.06,2
1193,09:30:02,$ 3458.06,7
1194,09:30:02,$ 3458.06,10
1195,09:30:02,$ 3458.06,600
1196,09:30:02,$ 3458.06,4
1198,09:30:02,$ 3458.06,2
1199,09:30:02,$ 3458.06,10
1200,09:30:02,$ 3458.06,3
1201,09:30:02,$ 3458.06,25
1202,09:30:02,$ 3458.06,1
1203,09:30:02,$ 3458.06,200
1204,09:30:02,$ 3458.06,8
1205,09:30:02,$ 3458.06,1
1206,09:30:02,$ 3458.06,10
1207,09:30:02,$ 3458.06,23
1208,09:30:02,$ 3458.06,8
1209,09:30:02,$ 3458.06,6
1210,09:30:02,$ 3458.06,1
1211,09:30:02,$ 3458.06,1
1212,09:30:02,$ 3458.06,10
1213,09:30:02,$ 3458.06,5
1214,09:30:02,$ 3458.06,1
1215,09:30:02,$ 3458.06,4
1216,09:30:02,$ 3458.06,1
1217,09:30:02,$ 3458.06,10
1219,09:30:02,$ 3458.06,1
1220,09:30:02,$ 3458.06,1
1221,09:30:02,$ 3458.06,1
1222,09:30:02,$ 3458.06,1
1223,09:30:02,$ 3458.06,6
1224,09:30:02,$ 3458.06,1
1225,09:30:02,$ 3458.06,1
1226,09:30:02,$ 3458.06,1
1227,09:30:02,$ 3458.06,1
1228,09:30:02,$ 3458.06,1
1229,09:30:02,$ 3458.06,2
1230,09:30:02,$ 3458.06,56
1231,09:30:02,$ 3458.06,2
1232,09:30:02,$ 3458.06,3
1233,09:30:02,$ 3458.06,4
1234,09:30:02,$ 3458.06,2
1235,09:30:02,$ 3458.06,5
1236,09:30:02,$ 3458.06,1
1237,09:30:02,$ 3458.06,3
1238,09:30:02,$ 3458.06,1
1240,09:30:02,$ 3458.06,1
1241,09:30:02,$ 3458.06,20
1242,09:30:02,$ 3458.06,6
1243,09:30:02,$ 3458.06,5
1244,09:30:02,$ 3458.06,1
1245,09:30:02,$ 3458.06,1
1246,09:30:02,$ 3458.06,1
1247,09:30:02,$ 3458.06,1
1248,09:30:02,$ 3458.06,5
1249,09:30:02,$ 3458.06,2
1250,09:30:02,$ 3458.06,1
1251,09:30:02,$ 3458.06,1
1252,09:30:02,$ 3458.06,2
1253,09:30:02,$ 3458.06,1
1254,09:30:02,$ 3458.06,4
1255,09:30:02,$ 3458.06,3
1256,09:30:02,$ 3458.06,1
1257,09:30:02,$ 3458.06,3
1258,09:30:02,$ 3458.06,2
1259,09:30:02,$ 3458.06,2
1261,09:30:02,$ 3458.06,2
1262,09:30:02,$ 3458.06,1
1263,09:30:02,$ 3458.06,1
1264,09:30:02,$ 3458.06,10
1265,09:30:02,$ 3458.06,10
1266,09:30:02,$ 3458.06,5
1267,09:30:02,$ 3458.06,2
1268,09:30:02,$ 3458.06,2
1269,09:30:02,$ 3458.06,6
1270,09:30:02,$ 3458.06,2
1271,09:30:02,$ 3458.06,5
1272,09:30:02,$ 3458.06,17
1273,09:30:02,$ 3458.06,36
1274,09:30:02,$ 3458.06,60
1275,09:30:02,$ 3458.06,3
1276,09:30:02,$ 3458.06,28
1277,09:30:02,$ 3458.06,2
1278,09:30:02,$ 3458.06,15
1279,09:30:02,$ 3458.06,1
1280,09:30:02,$ 3458.06,4
1282,09:30:02,$ 3458.06,6
1283,09:30:02,$ 3458.06,20
1284,09:30:02,$ 3458.06,4
1285,09:30:02,$ 3458.06,15
1286,09:30:02,$ 3458.06,100
1287,09:30:02,$ 3458.06,14
1288,09:30:02,$ 3458.06,2
1289,09:30:02,$ 3458.06,4
1290,09:30:02,$ 3458.06,5
1291,09:30:02,$ 3458.06,5
1292,09:30:02,$ 3458.06,6
1293,09:30:02,$ 3458.06,17
1294,09:30:02,$ 3458.06,1
1295,09:30:02,$ 3458.06,2
1296,09:30:02,$ 3458.06,5
1297,09:30:02,$ 3458.06,1
1298,09:30:02,$ 3458.06,1
1299,09:30:02,$ 3458.06,3
1300,09:30:02,$ 3458.06,4
1301,09:30:02,$ 3458.06,2
1303,09:30:02,$ 3458.06,4
1304,09:30:02,$ 3458.06,16
1305,09:30:02,$ 3458.06,1
1306,09:30:02,$ 3458.06,1
1307,09:30:02,$ 3458.06,2
1308,09:30:02,$ 3458.06,1
1309,09:30:02,$ 3458.06,1
1310,09:30:02,$ 3458.06,1
1311,09:30:02,$ 3458.06,2
1312,09:30:02,$ 3458.06,5
1313,09:30:02,$ 3458.06,1
1314,09:30:02,$ 3458.06,2
1315,09:30:02,$ 3458.06,12
1316,09:30:02,$ 3458.06,4
1317,09:30:02,$ 3458.06,7
1318,09:30:02,$ 3458.06,78
1319,09:30:02,$ 3458.06,5
1320,09:30:02,$ 3458.06,19
1321,09:30:02,$ 3458.06,1
1322,09:30:02,$ 3458.06,16
1324,09:30:02,$ 3458.06,3
1325,09:30:02,$ 3458.06,4
1326,09:30:02,$ 3458.06,1
1327,09:30:02,$ 3458.06,10
1328,09:30:02,$ 3458.06,1
1329,09:30:02,$ 3458.06,4
1330,09:30:02,$ 3458.06,1
1331,09:30:02,$ 3458.06,2
1332,09:30:02,$ 3458.06,3
1333,09:30:02,$ 3458.06,5
1334,09:30:02,$ 3458.06,3
1335,09:30:02,$ 3458.06,1
1336,09:30:02,$ 3458.06,1
1337,09:30:02,$ 3458.06,3
1338,09:30:02,$ 3458.06,9
1339,09:30:02,$ 3458.06,1
1340,09:30:02,$ 3458.06,4
1341,09:30:02,$ 3458.06,1
1342,09:30:02,$ 3458.06,1
1343,09:30:02,$ 3458.06,1
1345,09:30:02,$ 3458.06,1
1346,09:30:02,$ 3458.06,5
1347,09:30:02,$ 3458.06,4
1348,09:30:02,$ 3458.06,4
1349,09:30:02,$ 3458.06,3
1350,09:30:02,$ 3458.06,30
1351,09:30:02,$ 3458.06,8
1352,09:30:02,$ 3458.06,3
1353,09:30:02,$ 3458.06,1
1354,09:30:02,$ 3458.06,1
1355,09:30:02,$ 3458.06,10
1356,09:30:02,$ 3458.06,1
1357,09:30:02,$ 3458.06,2
1358,09:30:02,$ 3458.06,5
1359,09:30:02,$ 3458.06,1
1360,09:30:02,$ 3458.06,1
1361,09:30:02,$ 3458.06,1
1362,09:30:02,$ 3458.06,3
1363,09:30:02,$ 3458.06,3
1364,09:30:02,$ 3458.06,24
1366,09:30:02,$ 3458.06,10
1367,09:30:02,$ 3458.06,1
1368,09:30:02,$ 3458.06,6
1369,09:30:02,$ 3458.06,4
1370,09:30:02,$ 3458.06,5
1371,09:30:02,$ 3458.06,1
1372,09:30:02,$ 3458.06,2
1373,09:30:02,$ 3458.06,10
1374,09:30:02,$ 3458.06,6
1375,09:30:02,$ 3458.06,5
1376,09:30:02,$ 3458.06,7
1377,09:30:02,$ 3458.06,27
1378,09:30:02,$ 3458.06,14
1379,09:30:02,$ 3458.06,14
1380,09:30:02,$ 3458.06,66
1381,09:30:02,$ 3458.06,144
1382,09:30:02,$ 3458.06,18
1383,09:30:02,$ 3458.06,73
1384,09:30:02,$ 3458.06,100
1385,09:30:02,$ 3458.06,74
1387,09:30:02,$ 3458.06,1
1388,09:30:02,$ 3458.06,73
1389,09:30:02,$ 3458.06,2
1390,09:30:02,$ 3458.06,81
1391,09:30:02,$ 3458.06,73
1392,09:30:02,$ 3458.06,74
1393,09:30:02,$ 3458.06,73
1394,09:30:02,$ 3458.06,173
1395,09:30:02,$ 3458.06,73
1396,09:30:02,$ 3458.06,1
1397,09:30:02,$ 3458.06,1
1398,09:30:02,$ 3458.06,10
1399,09:30:02,$ 3458.06,7
1400,09:30:02,$ 3458.06,1
1401,09:30:02,$ 3458.06,9
1402,09:30:02,$ 3458.06,20
1403,09:30:02,$ 3458.06,1
1404,09:30:02,$ 3458.06,4
1405,09:30:02,$ 3458.06,1
1406,09:30:02,$ 3458.06,1
1408,09:30:02,$ 3458.06,1
1409,09:30:02,$ 3458.06,80
1410,09:30:02,$ 3458.06,5
1411,09:30:02,$ 3458.06,5
1412,09:30:02,$ 3458.06,1
1413,09:30:02,$ 3458.06,2
1414,09:30:02,$ 3458.06,10
1415,09:30:02,$ 3458.06,150
1416,09:30:02,$ 3458.06,1
1417,09:30:02,$ 3458.06,16
1418,09:30:02,$ 3458.06,1
1419,09:30:02,$ 3458.06,1
1420,09:30:02,$ 3458.06,1
1421,09:30:02,$ 3458.06,1
1422,09:30:02,$ 3458.06,2
1423,09:30:02,$ 3458.06,3
1424,09:30:02,$ 3458.06,2
1425,09:30:02,$ 3458.06,3
1426,09:30:02,$ 3458.06,5
1427,09:30:02,$ 3458.06,187
1429,09:30:02,$ 3458.06,74
1430,09:30:02,$ 3458.06,1
1431,09:30:02,$ 3458.06,12
1432,09:30:02,$ 3458.06,1
1433,09:30:02,$ 3458.06,73
1434,09:30:02,$ 3458.06,73
1435,09:30:02,$ 3458.06,1
1436,09:30:02,$ 3458.06,1
1437,09:30:02,$ 3458.06,1
1438,09:30:02,$ 3458.06,1
1439,09:30:02,$ 3458.06,74
1440,09:30:02,$ 3458.06,73
1441,09:30:02,$ 3458.06,73
1442,09:30:02,$ 3458.06,4
1443,09:30:02,$ 3458.06,1
1444,09:30:02,$ 3458.06,1
1445,09:30:02,$ 3458.06,2
1446,09:30:02,$ 3458.06,73
1447,09:30:02,$ 3458.06,74
1448,09:30:02,$ 3458.06,73
1450,09:30:02,$ 3458.06,73
1451,09:30:02,$ 3458.06,20
1452,09:30:02,$ 3458.06,1
1453,09:30:02,$ 3458.06,2
1454,09:30:02,$ 3458.06,74
1455,09:30:02,$ 3458.06,73
1456,09:30:02,$ 3458.06,8
1457,09:30:02,$ 3458.06,4
1458,09:30:02,$ 3458.06,73
1459,09:30:02,$ 3458.06,1
1460,09:30:02,$ 3458.06,8
1461,09:30:02,$ 3458.06,74
1462,09:30:02,$ 3458.06,73
1463,09:30:02,$ 3458.06,2
1464,09:30:02,$ 3458.06,3
1465,09:30:02,$ 3458.06,73
1466,09:30:02,$ 3458.06,4
1467,09:30:02,$ 3458.06,74
1468,09:30:02,$ 3458.06,2
1469,09:30:02,$ 3458.06,3
1471,09:30:02,$ 3458.06,2
1472,09:30:02,$ 3458.06,1
1473,09:30:02,$ 3458.06,2
1474,09:30:02,$ 3458.06,1
1475,09:30:02,$ 3458.06,5
1476,09:30:02,$ 3458.06,5
1477,09:30:02,$ 3458.06,73
1478,09:30:02,$ 3458.06,73
1479,09:30:02,$ 3458.06,74
1480,09:30:02,$ 3458.06,73
1481,09:30:02,$ 3458.06,73
1482,09:30:02,$ 3458.06,73
1483,09:30:02,$ 3458.06,74
1484,09:30:02,$ 3458.06,73
1485,09:30:02,$ 3458.06,73
1486,09:30:02,$ 3458.06,74
1487,09:30:02,$ 3458.06,73
1488,09:30:02,$ 3458.06,73
1489,09:30:02,$ 3458.06,74
1490,09:30:02,$ 3458.06,73
1492,09:30:02,$ 3458.06,73
1493,09:30:02,$ 3458.06,74
1494,09:30:02,$ 3458.06,73
1495,09:30:02,$ 3458.06,3
1496,09:30:02,$ 3458.06,10
1497,09:30:02,$ 3458.06,35
1498,09:30:02,$ 3458.06,5
1499,09:30:02,$ 3458.06,1
1500,09:30:02,$ 3458.06,1
1501,09:30:02,$ 3458.06,73
1502,09:30:02,$ 3458.06,74
1503,09:30:02,$ 3458.06,73
1504,09:30:02,$ 3458.06,73
1505,09:30:02,$ 3458.06,73
1506,09:30:02,$ 3458.06,37
1507,09:30:02,$ 3458.06,37
1508,09:30:02,$ 3458.06,36
1509,09:30:02,$ 3458.06,37
1510,09:30:02,$ 3458.06,37
1511,09:30:02,$ 3458.06,36
1513,09:30:02,$ 3458.06,37
1514,09:30:02,$ 3458.06,37
1515,09:30:02,$ 3458.06,36
1516,09:30:02,$ 3458.06,37
1517,09:30:02,$ 3458.06,16
1518,09:30:02,$ 3458.06,18
1519,09:30:02,$ 3458.06,2
1520,09:30:02,$ 3458.06,5
1521,09:30:02,$ 3458.06,1
1522,09:30:02,$ 3458.06,3
1523,09:30:02,$ 3458.06,22
1524,09:30:02,$ 3458.06,2
1525,09:30:02,$ 3458.06,2
1526,09:30:02,$ 3458.06,289
1527,09:30:02,$ 3458.06,9
1528,09:30:02,$ 3458.06,1
1529,09:30:02,$ 3458.06,2
1530,09:30:02,$ 3458.06,2
1531,09:30:02,$ 3458.06,10
1532,09:30:02,$ 3458.06,1
1534,09:30:02,$ 3458.06,2
1535,09:30:02,$ 3458.06,17
1536,09:30:02,$ 3458.06,1
1537,09:30:02,$ 3458.06,2
1538,09:30:02,$ 3458.06,1
1539,09:30:02,$ 3458.06,17
1540,09:30:02,$ 3458.06,2
1541,09:30:02,$ 3458.06,1
1542,09:30:02,$ 3458.06,3
1543,09:30:02,$ 3458.06,4
1544,09:30:02,$ 3458.06,2
1545,09:30:02,$ 3458.06,1
1546,09:30:02,$ 3458.06,10
1547,09:30:02,$ 3458.06,5
1548,09:30:02,$ 3458.06,2
1549,09:30:02,$ 3458.06,1
1550,09:30:02,$ 3458.06,7
1551,09:30:02,$ 3458.06,100
1552,09:30:02,$ 3458.06,1
1553,09:30:02,$ 3458.06,12
1555,09:30:02,$ 3458.06,3
1556,09:30:02,$ 3458.06,2
1557,09:30:02,$ 3458.06,3
1558,09:30:02,$ 3458.06,2
1559,09:30:02,$ 3458.06,5
1560,09:30:02,$ 3458.06,3
1561,09:30:02,$ 3458.06,3
1562,09:30:02,$ 3458.06,1
1563,09:30:02,$ 3458.06,1
1564,09:30:02,$ 3458.06,1
1565,09:30:02,$ 3458.06,1
1566,09:30:02,$ 3458.06,1
1567,09:30:02,$ 3458.06,1
1568,09:30:02,$ 3458.06,1
1569,09:30:02,$ 3458.06,27
1570,09:30:02,$ 3458.06,"1,251"
1571,09:30:02,$ 3458.06,4
1572,09:30:02,$ 3458.06,24
1573,09:30:02,$ 3458.06,1
1574,09:30:02,$ 3458.06,1
1576,09:30:02,$ 3458.06,1
1577,09:30:02,$ 3458.06,1
1578,09:30:02,$ 3458.06,3
1579,09:30:02,$ 3458.06,4
1580,09:30:02,$ 3458.06,6
1581,09:30:02,$ 3458.06,5
1582,09:30:02,$ 3458.06,3
1583,09:30:02,$ 3458.06,3
1584,09:30:02,$ 3458.06,1
1585,09:30:02,$ 3458.06,2
1586,09:30:02,$ 3458.06,1
1587,09:30:02,$ 3458.06,3
1588,09:30:02,$ 3458.06,4
1589,09:30:02,$ 3458.06,1
1590,09:30:02,$ 3458.06,2
1591,09:30:02,$ 3458.06,1
1592,09:30:02,$ 3458.06,1
1593,09:30:02,$ 3458.06,3
1594,09:30:02,$ 3458.06,1
1595,09:30:02,$ 3458.06,1
1597,09:30:02,$ 3458.06,3
1598,09:30:02,$ 3458.06,1
1599,09:30:02,$ 3458.06,1
1600,09:30:02,$ 3458.06,1
1601,09:30:02,$ 3458.06,1
1602,09:30:02,$ 3458.06,1
1603,09:30:02,$ 3458.06,1
1604,09:30:02,$ 3458.06,1
1605,09:30:02,$ 3458.06,1
1606,09:30:02,$ 3458.06,1
1607,09:30:02,$ 3458.06,1
1608,09:30:02,$ 3458.06,1
1609,09:30:02,$ 3458.06,2
1610,09:30:02,$ 3458.06,3
1611,09:30:02,$ 3458.06,1
1612,09:30:02,$ 3458.06,2
1613,09:30:02,$ 3458.06,1
1614,09:30:02,$ 3458.06,1
1615,09:30:02,$ 3458.06,3
1616,09:30:02,$ 3458.06,3
1618,09:30:02,$ 3458.06,1
1619,09:30:02,$ 3458.06,2
1620,09:30:02,$ 3458.06,1
1621,09:30:02,$ 3458.06,1
1622,09:30:02,$ 3458.06,10
1623,09:30:02,$ 3458.06,1
1624,09:30:02,$ 3458.06,2
1625,09:30:02,$ 3458.06,2
1626,09:30:02,$ 3458.06,3
1627,09:30:02,$ 3458.06,22
1628,09:30:02,$ 3458.06,4
1629,09:30:02,$ 3458.06,2
1630,09:30:02,$ 3458.06,1
1631,09:30:02,$ 3458.06,1
1632,09:30:02,$ 3458.06,3
1633,09:30:02,$ 3458.06,1
1634,09:30:02,$ 3458.06,1
1635,09:30:02,$ 3458.06,2
1636,09:30:02,$ 3458.06,2
1637,09:30:02,$ 3458.06,1
1639,09:30:02,$ 3458.06,1
1640,09:30:02,$ 3458.06,4
1641,09:30:02,$ 3458.06,1
1642,09:30:02,$ 3458.06,2
1643,09:30:02,$ 3458.06,2
1644,09:30:02,$ 3458.06,6
1645,09:30:02,$ 3458.06,1
1646,09:30:02,$ 3458.06,2
1647,09:30:02,$ 3458.06,3
1648,09:30:02,$ 3458.06,2
1649,09:30:02,$ 3458.06,1
1650,09:30:02,$ 3458.06,3
1651,09:30:02,$ 3458.06,1
1652,09:30:02,$ 3458.06,1
1653,09:30:02,$ 3458.06,1
1654,09:30:02,$ 3458.06,2
1655,09:30:02,$ 3458.06,3
1656,09:30:02,$ 3458.06,3
1657,09:30:02,$ 3458.06,1
1658,09:30:02,$ 3458.06,1
1660,09:30:02,$ 3458.06,1
1661,09:30:02,$ 3458.06,3
1662,09:30:02,$ 3458.06,1
1663,09:30:02,$ 3458.06,1
1664,09:30:02,$ 3458.06,3
1665,09:30:02,$ 3458.06,2
1666,09:30:02,$ 3458.06,3
1667,09:30:02,$ 3458.06,9
1668,09:30:02,$ 3458.06,3
1669,09:30:02,$ 3458.06,200
1670,09:30:02,$ 3458.06,9
1671,09:30:02,$ 3458.06,12
1672,09:30:02,$ 3458.06,403
1673,09:30:02,$ 3458.06,87
1674,09:30:02,$ 3458.06,102
1675,09:30:02,$ 3458.06,1
1676,09:30:02,$ 3458.06,7
1677,09:30:02,$ 3458.06,12
1678,09:30:02,$ 3458.06,50
1679,09:30:02,$ 3458.06,248
1681,09:30:02,$ 3458.06,14
1682,09:30:02,$ 3458.06,6
1683,09:30:02,$ 3458.06,17
1684,09:30:02,$ 3458.06,200
1685,09:30:02,$ 3458.06,1
1686,09:30:02,$ 3458.06,2
1687,09:30:02,$ 3458.06,291
1688,09:30:02,$ 3458.06,1
1689,09:30:02,$ 3458.06,1
1690,09:30:02,$ 3458.06,2
1691,09:30:02,$ 3458.06,14
1692,09:30:02,$ 3458.06,18
1693,09:30:02,$ 3458.06,3
1694,09:30:02,$ 3458.06,13
1695,09:30:02,$ 3458.06,2
1696,09:30:02,$ 3458.06,4
1697,09:30:02,$ 3458.06,4
1698,09:30:02,$ 3458.06,3
1699,09:30:02,$ 3458.06,2
1700,09:30:02,$ 3458.06,1
1702,09:30:02,$ 3458.06,1
1703,09:30:02,$ 3458.06,32
1704,09:30:02,$ 3458.06,2
1705,09:30:02,$ 3458.06,31
1706,09:30:02,$ 3458.06,3
1707,09:30:02,$ 3458.06,"1,014"
1708,09:30:02,$ 3458.06,70
1709,09:30:02,$ 3458.06,70
1710,09:30:02,$ 3458.06,2
1711,09:30:02,$ 3458.06,2
1712,09:30:02,$ 3458.06,1
1713,09:30:02,$ 3458.06,4
1714,09:30:02,$ 3458.06,2
1715,09:30:02,$ 3458.06,2
1716,09:30:02,$ 3458.06,2
1717,09:30:02,$ 3458.06,254
1718,09:30:02,$ 3458.06,6
1719,09:30:02,$ 3458.06,1
1720,09:30:02,$ 3458.06,15
1721,09:30:02,$ 3458.06,100
1723,09:30:02,$ 3458.06,1
1724,09:30:02,$ 3458.06,5
1725,09:30:02,$ 3458.06,3
1726,09:30:02,$ 3458.06,1
1727,09:30:02,$ 3458.06,250
1728,09:30:02,$ 3458.06,13
1729,09:30:02,$ 3458.06,10
1730,09:30:02,$ 3458.06,1
1731,09:30:02,$ 3458.06,1
1732,09:30:02,$ 3458.06,1
1733,09:30:02,$ 3458.06,2
1734,09:30:02,$ 3458.06,14
1735,09:30:02,$ 3458.06,37
1736,09:30:02,$ 3458.06,1
1737,09:30:02,$ 3458.06,1
1738,09:30:02,$ 3458.06,6
1739,09:30:02,$ 3458.06,18
1740,09:30:02,$ 3458.06,4
1741,09:30:02,$ 3458.06,6
1742,09:30:02,$ 3458.06,6
1744,09:30:02,$ 3458.06,3
1745,09:30:02,$ 3458.06,3
1746,09:30:02,$ 3458.06,30
1747,09:30:02,$ 3458.06,10
1748,09:30:02,$ 3458.06,12
1749,09:30:02,$ 3458.06,100
1750,09:30:02,$ 3458.06,4
1751,09:30:02,$ 3458.06,8
1752,09:30:02,$ 3458.06,4
1753,09:30:02,$ 3458.06,100
1754,09:30:02,$ 3458.06,1
1755,09:30:02,$ 3458.06,27
1756,09:30:02,$ 3458.06,24
1757,09:30:02,$ 3458.06,163
1758,09:30:02,$ 3458.06,88
1759,09:30:02,$ 3458.06,10
1760,09:30:02,$ 3458.06,8
1761,09:30:02,$ 3458.06,1
1762,09:30:02,$ 3458.06,6
1763,09:30:02,$ 3458.06,300
1765,09:30:02,$ 3458.06,147
1766,09:30:02,$ 3458.06,4
1767,09:30:02,$ 3458.06,3
1768,09:30:02,$ 3458.06,4
1769,09:30:02,$ 3458.06,1
1770,09:30:02,$ 3458.06,10
1771,09:30:02,$ 3458.06,4
1772,09:30:02,$ 3458.06,4
1773,09:30:02,$ 3458.06,1
1774,09:30:02,$ 3458.06,100
1775,09:30:02,$ 3458.06,4
1776,09:30:02,$ 3458.06,5
1777,09:30:02,$ 3458.06,28
1778,09:30:02,$ 3458.06,7
1779,09:30:02,$ 3458.06,1
1780,09:30:02,$ 3458.06,100
1781,09:30:02,$ 3458.06,147
1782,09:30:02,$ 3458.06,1
1783,09:30:02,$ 3458.06,10
1784,09:30:02,$ 3458.06,2
1786,09:30:02,$ 3458.06,1
1787,09:30:02,$ 3458.06,2
1788,09:30:02,$ 3458.06,1
1789,09:30:02,$ 3458.06,8
1790,09:30:02,$ 3458.06,3
1791,09:30:02,$ 3458.06,"2,000"
1792,09:30:02,$ 3458.06,2
1793,09:30:02,$ 3458.06,21
1794,09:30:02,$ 3458.06,1
1795,09:30:02,$ 3458.06,1
1796,09:30:02,$ 3458.06,20
1797,09:30:02,$ 3458.06,60
1798,09:30:02,$ 3458.06,24
1799,09:30:02,$ 3458.06,67
1800,09:30:02,$ 3458.06,30
1801,09:30:02,$ 3458.06,12
1802,09:30:02,$ 3458.06,5
1803,09:30:02,$ 3458.06,17
1804,09:30:02,$ 3458.06,10
1805,09:30:02,$ 3458.06,20
1807,09:30:02,$ 3458.06,35
1808,09:30:02,$ 3458.06,5
1809,09:30:02,$ 3458.06,3
1810,09:30:02,$ 3458.06,45
1811,09:30:02,$ 3458.06,100
1812,09:30:02,$ 3458.06,36
1813,09:30:02,$ 3458.06,27
1814,09:30:02,$ 3458.06,31
1815,09:30:02,$ 3458.06,21
1816,09:30:02,$ 3458.06,33
1817,09:30:02,$ 3458.06,41
1818,09:30:02,$ 3458.06,1
1819,09:30:02,$ 3458.06,6
1820,09:30:02,$ 3458.06,3
1821,09:30:02,$ 3458.06,6
1822,09:30:02,$ 3458.06,2
1823,09:30:02,$ 3458.06,2
1824,09:30:02,$ 3458.06,3
1825,09:30:02,$ 3458.06,3
1826,09:30:02,$ 3458.06,1
1828,09:30:02,$ 3458.06,6
1829,09:30:02,$ 3458.06,20
1830,09:30:02,$ 3458.06,7
1831,09:30:02,$ 3458.06,161
1832,09:30:02,$ 3458.06,1
1833,09:30:02,$ 3458.06,9
1834,09:30:02,$ 3458.06,2
1835,09:30:02,$ 3458.06,30
1836,09:30:02,$ 3458.06,1
1837,09:30:02,$ 3458.06,5
1838,09:30:02,$ 3458.06,1
1839,09:30:02,$ 3458.06,5
1840,09:30:02,$ 3458.06,3
1841,09:30:02,$ 3458.06,3
1842,09:30:02,$ 3458.06,37
1843,09:30:02,$ 3458.06,16
1844,09:30:02,$ 3458.06,14
1845,09:30:02,$ 3458.06,3
1846,09:30:02,$ 3458.06,3
1847,09:30:02,$ 3458.06,17
1849,09:30:02,$ 3458.06,5
1850,09:30:02,$ 3458.06,167
1851,09:30:02,$ 3458.06,200
1852,09:30:02,$ 3458.06,1
1853,09:30:02,$ 3458.06,1
1854,09:30:02,$ 3458.06,10
1855,09:30:02,$ 3458.06,2
1856,09:30:02,$ 3458.06,7
1857,09:30:02,$ 3458.06,8
1858,09:30:02,$ 3458.06,10
1859,09:30:02,$ 3458.06,7
1860,09:30:02,$ 3458.06,4
1861,09:30:02,$ 3458.06,1
1862,09:30:02,$ 3458.06,1
1863,09:30:02,$ 3458.06,4
1864,09:30:02,$ 3458.06,1
1865,09:30:02,$ 3458.06,1
1866,09:30:02,$ 3458.06,1
1867,09:30:02,$ 3458.06,9
1868,09:30:02,$ 3458.06,1
1870,09:30:02,$ 3458.06,1
1871,09:30:02,$ 3458.06,2
1872,09:30:02,$ 3458.06,1
1873,09:30:02,$ 3458.06,21
1874,09:30:02,$ 3458.06,21
1875,09:30:02,$ 3458.06,1
1876,09:30:02,$ 3458.06,1
1877,09:30:02,$ 3458.06,10
1878,09:30:02,$ 3458.06,40
1879,09:30:02,$ 3458.06,6
1880,09:30:02,$ 3458.06,5
1881,09:30:02,$ 3458.06,7
1882,09:30:02,$ 3458.06,2
1883,09:30:02,$ 3458.06,5
1884,09:30:02,$ 3458.06,2
1885,09:30:02,$ 3458.06,200
1886,09:30:02,$ 3458.06,54
1887,09:30:02,$ 3458.06,14
1888,09:30:02,$ 3458.06,4
1889,09:30:02,$ 3458.06,10
1891,09:30:02,$ 3458.06,6
1892,09:30:02,$ 3458.06,3
1893,09:30:02,$ 3458.06,2
1894,09:30:02,$ 3458.06,162
1895,09:30:02,$ 3458.06,4
1896,09:30:02,$ 3458.06,162
1897,09:30:02,$ 3458.06,10
1898,09:30:02,$ 3458.06,1
1899,09:30:02,$ 3458.06,4
1900,09:30:02,$ 3458.06,1
1901,09:30:02,$ 3458.06,23
1902,09:30:02,$ 3458.06,10
1903,09:30:02,$ 3458.06,1
1904,09:30:02,$ 3458.06,6
1905,09:30:02,$ 3458.06,10
1906,09:30:02,$ 3458.06,50
1907,09:30:02,$ 3458.06,1
1908,09:30:02,$ 3458.06,2
1909,09:30:02,$ 3458.06,1
1910,09:30:02,$ 3458.06,30
1912,09:30:02,$ 3458.06,1
1913,09:30:02,$ 3458.06,10
1914,09:30:02,$ 3458.06,30
1915,09:30:02,$ 3458.06,2
1916,09:30:02,$ 3458.06,111
1917,09:30:02,$ 3458.06,70
1918,09:30:02,$ 3458.06,3
1919,09:30:02,$ 3458.06,400
1920,09:30:02,$ 3458.06,3
1921,09:30:02,$ 3458.06,2
1922,09:30:02,$ 3458.06,1
1923,09:30:02,$ 3458.06,10
1924,09:30:02,$ 3458.06,6
1925,09:30:02,$ 3458.06,10
1926,09:30:02,$ 3458.06,1
1927,09:30:02,$ 3458.06,2
1928,09:30:02,$ 3458.06,1
1929,09:30:02,$ 3458.06,1
1930,09:30:02,$ 3458.06,2
1931,09:30:02,$ 3458.06,1
1933,09:30:02,$ 3458.06,2
1934,09:30:02,$ 3458.06,2
1935,09:30:02,$ 3458.06,1
1936,09:30:02,$ 3458.06,15
1937,09:30:02,$ 3458.06,15
1938,09:30:02,$ 3458.06,3
1939,09:30:02,$ 3458.06,2
1940,09:30:02,$ 3458.06,7
1941,09:30:02,$ 3458.06,1
1942,09:30:02,$ 3458.06,2
1943,09:30:02,$ 3458.06,1
1944,09:30:02,$ 3458.06,8
1945,09:30:02,$ 3458.06,6
1946,09:30:02,$ 3458.06,8
1947,09:30:02,$ 3458.06,40
1948,09:30:02,$ 3458.06,7
1949,09:30:02,$ 3458.06,15
1950,09:30:02,$ 3458.06,2
1951,09:30:02,$ 3458.06,4
1952,09:30:02,$ 3458.06,7
1954,09:30:02,$ 3458.06,2
1955,09:30:02,$ 3458.06,28
1956,09:30:02,$ 3458.06,50
1957,09:30:02,$ 3458.06,2
1958,09:30:02,$ 3458.06,3
1959,09:30:02,$ 3458.06,7
1960,09:30:02,$ 3458.06,7
1961,09:30:02,$ 3458.06,21
1962,09:30:02,$ 3458.06,4
1963,09:30:02,$ 3458.06,4
1964,09:30:02,$ 3458.06,1
1965,09:30:02,$ 3458.06,3
1966,09:30:02,$ 3458.06,1
1967,09:30:02,$ 3458.06,10
1968,09:30:02,$ 3458.06,1
1969,09:30:02,$ 3458.06,17
1970,09:30:02,$ 3458.06,5
1971,09:30:02,$ 3458.06,216
1972,09:30:02,$ 3458.06,123
1973,09:30:02,$ 3458.06,21
1975,09:30:02,$ 3458.06,3
1976,09:30:02,$ 3458.06,3
1977,09:30:02,$ 3458.06,4
1978,09:30:02,$ 3458.06,11
1979,09:30:02,$ 3458.06,6
1980,09:30:02,$ 3458.06,2
1981,09:30:02,$ 3458.06,1
1982,09:30:02,$ 3458.06,3
1983,09:30:02,$ 3458.06,1
1984,09:30:02,$ 3458.06,"1,800"
1985,09:30:02,$ 3458.06,2
1986,09:30:02,$ 3458.06,1
1987,09:30:02,$ 3458.06,1
1988,09:30:02,$ 3458.06,1
1989,09:30:02,$ 3458.06,10
1990,09:30:02,$ 3458.06,10
1991,09:30:02,$ 3458.06,7
1992,09:30:02,$ 3458.06,6
1993,09:30:02,$ 3458.06,2
1994,09:30:02,$ 3458.06,5
1996,09:30:02,$ 3458.06,3
1997,09:30:02,$ 3458.06,2
1998,09:30:02,$ 3458.06,5
1999,09:30:02,$ 3458.06,1
2000,09:30:02,$ 3458.06,2
2001,09:30:02,$ 3458.06,1
2002,09:30:02,$ 3458.06,7
2003,09:30:02,$ 3458.06,3
2004,09:30:02,$ 3458.06,1
2005,09:30:02,$ 3458.06,2
2006,09:30:02,$ 3458.06,10
2007,09:30:02,$ 3458.06,1
2008,09:30:02,$ 3458.06,1
2009,09:30:02,$ 3458.06,2
2010,09:30:02,$ 3458.06,5
2011,09:30:02,$ 3458.06,4
2012,09:30:02,$ 3458.06,1
2013,09:30:02,$ 3458.06,1
2014,09:30:02,$ 3458.06,4
2015,09:30:02,$ 3458.06,2
2017,09:30:02,$ 3458.06,1
2018,09:30:02,$ 3458.06,1
2019,09:30:02,$ 3458.06,1
2020,09:30:02,$ 3458.06,1
2021,09:30:02,$ 3458.06,5
2022,09:30:02,$ 3458.06,1
2023,09:30:02,$ 3458.06,3
2024,09:30:02,$ 3458.06,1
2025,09:30:02,$ 3458.06,1
2026,09:30:02,$ 3458.06,1
2027,09:30:02,$ 3458.06,7
2028,09:30:02,$ 3458.06,1
2029,09:30:02,$ 3458.06,2
2030,09:30:02,$ 3458.06,4
2031,09:30:02,$ 3458.06,1
2032,09:30:02,$ 3458.06,8
2033,09:30:02,$ 3458.06,8
2034,09:30:02,$ 3458.06,2
2035,09:30:02,$ 3458.06,5
2036,09:30:02,$ 3458.06,1
2038,09:30:02,$ 3458.06,30
2039,09:30:02,$ 3458.06,10
2040,09:30:02,$ 3458.06,3
2041,09:30:02,$ 3458.06,3
2042,09:30:02,$ 3458.06,1
2043,09:30:02,$ 3458.06,1
2044,09:30:02,$ 3458.06,1
2045,09:30:02,$ 3458.06,10
2046,09:30:02,$ 3458.06,5
2047,09:30:02,$ 3458.06,6
2048,09:30:02,$ 3458.06,10
2049,09:30:02,$ 3458.06,341
2050,09:30:02,$ 3458.06,3
2051,09:30:02,$ 3458.06,44
2052,09:30:02,$ 3458.06,18
2053,09:30:02,$ 3458.06,1
2054,09:30:02,$ 3458.06,2
2055,09:30:02,$ 3458.06,5
2056,09:30:02,$ 3458.06,14
2057,09:30:02,$ 3458.06,5
2059,09:30:02,$ 3458.06,29
2060,09:30:02,$ 3458.06,5
2061,09:30:02,$ 3458.06,5
2062,09:30:02,$ 3458.06,5
2063,09:30:02,$ 3458.06,19
2064,09:30:02,$ 3458.06,2
2065,09:30:02,$ 3458.06,1
2066,09:30:02,$ 3458.06,1
2067,09:30:02,$ 3458.06,3
2068,09:30:02,$ 3458.06,2
2069,09:30:02,$ 3458.06,1
2070,09:30:02,$ 3458.06,2
2071,09:30:02,$ 3458.06,10
2072,09:30:02,$ 3458.06,1
2073,09:30:02,$ 3458.06,24
2074,09:30:02,$ 3458.06,5
2075,09:30:02,$ 3458.06,1
2076,09:30:02,$ 3458.06,1
2077,09:30:02,$ 3458.06,1
2078,09:30:02,$ 3458.06,15
2080,09:30:02,$ 3458.06,4
2081,09:30:02,$ 3458.06,2
2082,09:30:02,$ 3458.06,8
2083,09:30:02,$ 3458.06,145
2084,09:30:02,$ 3458.06,1
2085,09:30:02,$ 3458.06,26
2086,09:30:02,$ 3458.06,1
2087,09:30:02,$ 3458.06,1
2088,09:30:02,$ 3458.06,1
2089,09:30:02,$ 3458.06,1
2090,09:30:02,$ 3458.06,3
2091,09:30:02,$ 3458.06,1
2092,09:30:02,$ 3458.06,2
2093,09:30:02,$ 3458.06,20
2094,09:30:02,$ 3458.06,1
2095,09:30:02,$ 3458.06,10
2096,09:30:02,$ 3458.06,1
2097,09:30:02,$ 3458.06,1
2098,09:30:02,$ 3458.06,3
2099,09:30:02,$ 3458.06,1
2101,09:30:02,$ 3458.06,1
2102,09:30:02,$ 3458.06,1
2103,09:30:02,$ 3458.06,3
2104,09:30:02,$ 3458.06,10
2105,09:30:02,$ 3458.06,2
2106,09:30:02,$ 3458.06,1
2107,09:30:02,$ 3458.06,2
2108,09:30:02,$ 3458.06,5
2109,09:30:02,$ 3458.06,2
2110,09:30:02,$ 3458.06,1
2111,09:30:02,$ 3458.06,1
2112,09:30:02,$ 3458.06,2
2113,09:30:02,$ 3458.06,1
2114,09:30:02,$ 3458.06,3
2115,09:30:02,$ 3458.06,2
2116,09:30:02,$ 3458.06,1
2117,09:30:02,$ 3458.06,2
2118,09:30:02,$ 3458.06,3
2119,09:30:02,$ 3458.06,1
2120,09:30:02,$ 3458.06,1
2122,09:30:02,$ 3458.06,2
2123,09:30:02,$ 3458.06,3
2124,09:30:02,$ 3458.06,2
2125,09:30:02,$ 3458.06,3
2126,09:30:02,$ 3458.06,18
2127,09:30:02,$ 3458.06,3
2128,09:30:02,$ 3458.86,100
2129,09:30:02,$ 3457.80,250
2130,09:30:02,$ 3460.345,100
2132,10:29:49,$ 3494.155,100
2133,10:29:48,$ 3494.15,100
2134,10:29:48,$ 3493.70,100
2135,10:29:48,$ 3493.65,100
2136,10:29:48,$ 3493.65,100
2137,10:29:38,$ 3492.83,100
2138,10:29:37,$ 3494.103,100
2139,10:29:37,$ 3494.103,100
2140,10:29:37,$ 3493.62,100
2141,10:29:37,$ 3493.63,100
2142,10:29:37,$ 3494.103,100
2143,10:29:37,$ 3494.103,100
2144,10:29:37,$ 3493.64,100
2145,10:29:34,$ 3494.305,"1,500"
2146,10:29:23,$ 3494.99,400
2147,10:29:12,$ 3494.12,100
2148,10:29:07,$ 3493.97,100
2149,10:29:05,$ 3494.5799,280
2150,10:29:02,$ 3493.9699,100
2151,10:28:54,$ 3493.54,100
2153,10:28:54,$ 3493.54,100
2154,10:28:52,$ 3493.57,100
2155,10:28:52,$ 3493.54,100
2156,10:28:52,$ 3493.54,100
2157,10:28:49,$ 3493.6528,379
2158,10:28:37,$ 3494.65,100
2159,10:28:34,$ 3494.41,100
2160,10:28:33,$ 3494.56,100
2161,10:28:30,$ 3494.56,100
2162,10:28:19,$ 3494.30,386
2163,10:28:19,$ 3494.21,100
2164,10:28:13,$ 3495.00,100
2165,10:28:11,$ 3492.55,100
2166,10:28:06,$ 3492.8999,100
2167,10:28:06,$ 3492.315,100
2168,10:28:04,$ 3492.92,100
2169,10:28:04,$ 3492.92,100
2170,10:28:02,$ 3492.24,100
2171,10:27:58,$ 3492.72,100
2172,10:27:57,$ 3490.69,100
2174,10:27:57,$ 3490.98,100
2175,10:27:56,$ 3489.97,100
2176,10:27:52,$ 3489.99,100
2177,10:27:51,$ 3488.685,100
2178,10:27:51,$ 3489.81,100
2179,10:27:51,$ 3489.16,900
2180,10:27:46,$ 3489.78,100
2181,10:27:45,$ 3488.58,300
2182,10:27:39,$ 3487.62,100
2183,10:27:36,$ 3488.80,100
2184,10:27:31,$ 3488.41,100
2185,10:27:30,$ 3488.62,100
2186,10:27:30,$ 3488.62,100
2187,10:27:23,$ 3489.03,100
2188,10:27:23,$ 3489.71,350
2189,10:27:23,$ 3489.928,100
2190,10:27:23,$ 3489.80,100
2191,10:27:23,$ 3489.94,100
2192,10:27:23,$ 3489.80,100
2193,10:27:15,$ 3488.00,100
2195,10:27:15,$ 3488.00,100
2196,10:27:15,$ 3488.00,100
2197,10:27:15,$ 3488.00,112
2198,10:27:07,$ 3486.60,100
2199,10:26:58,$ 3486.68,120
2200,10:26:56,$ 3485.85,300
2201,10:26:55,$ 3485.92,100
2202,10:26:55,$ 3485.98,100
2203,10:26:49,$ 3486.9601,100
2204,10:26:43,$ 3487.1301,100
2205,10:26:42,$ 3486.65,100
2206,10:26:42,$ 3486.62,100
2207,10:26:41,$ 3488.18,100
2208,10:26:41,$ 3488.18,122
2209,10:26:41,$ 3488.59,100
2210,10:26:38,$ 3488.61,100
2211,10:26:38,$ 3488.62,100
2212,10:26:38,$ 3488.59,100
2213,10:26:22,$ 3489.27,100
2214,10:26:19,$ 3490.00,108
2216,10:26:11,$ 3489.92,133
2217,10:26:09,$ 3489.24,100
2218,10:26:00,$ 3489.79,300
2219,10:25:45,$ 3489.76,174
2220,10:25:45,$ 3489.7633,126
2221,10:25:44,$ 3489.76,100
2222,10:25:43,$ 3489.64,100
2223,10:25:39,$ 3489.505,100
2224,10:25:31,$ 3489.02,100
2225,10:25:06,$ 3492.37,100
2226,10:25:03,$ 3493.395,100
2227,10:24:54,$ 3494.30,100
2228,10:24:54,$ 3494.30,100
2229,10:24:54,$ 3494.31,100
2230,10:24:38,$ 3495.1896,100
2231,10:24:29,$ 3493.8412,100
2232,10:24:29,$ 3494.37,100
2233,10:24:28,$ 3494.51,200
2234,10:24:28,$ 3495.32,100
2235,10:24:22,$ 3495.52,100
2237,10:24:20,$ 3495.10,100
2238,10:24:20,$ 3495.185,100
2239,10:24:17,$ 3496.30,100
2240,10:24:17,$ 3496.30,100
2241,10:24:17,$ 3496.36,100
2242,10:24:17,$ 3496.325,100
2243,10:24:08,$ 3496.26,100
2244,10:24:08,$ 3496.24,100
2245,10:24:08,$ 3496.52,100
2246,10:24:04,$ 3497.50,167
2247,10:23:54,$ 3496.70,500
2248,10:23:46,$ 3496.73,100
2249,10:23:43,$ 3496.62,100
2250,10:23:42,$ 3496.295,100
2251,10:23:40,$ 3496.64,100
2252,10:23:36,$ 3496.9999,100
2253,10:23:36,$ 3496.62,100
2254,10:23:34,$ 3496.135,"1,000"
2255,10:23:24,$ 3495.27,100
2256,10:23:24,$ 3495.30,100
2258,10:23:23,$ 3495.91,100
2259,10:23:22,$ 3495.91,100
2260,10:23:22,$ 3495.04,100
2261,10:23:22,$ 3495.41,100
2262,10:23:22,$ 3494.58,100
2263,10:23:14,$ 3495.215,100
2264,10:23:14,$ 3495.34,100
2265,10:23:13,$ 3495.625,200
2266,10:23:03,$ 3496.75,100
2267,10:23:03,$ 3496.06,100
2268,10:23:00,$ 3495.5663,410
2269,10:23:00,$ 3495.506,420
2270,10:23:00,$ 3495.505,100
2271,10:22:47,$ 3495.935,100
2272,10:22:46,$ 3496.80,200
2273,10:22:43,$ 3494.2901,125
2274,10:22:42,$ 3495.8501,200
2275,10:22:40,$ 3496.515,100
2276,10:22:40,$ 3496.00,354
2277,10:22:38,$ 3495.76,100
2279,10:22:35,$ 3495.065,100
2280,10:22:29,$ 3495.00,219
2281,10:22:28,$ 3495.113,100
2282,10:22:16,$ 3495.00,200
2283,10:22:16,$ 3495.00,130
2284,10:22:16,$ 3495.00,100
2285,10:22:16,$ 3495.00,100
2286,10:22:16,$ 3495.00,100
2287,10:22:16,$ 3495.00,100
2288,10:22:09,$ 3495.00,100
2289,10:21:55,$ 3494.00,"1,000"
2290,10:21:50,$ 3494.00,100
2291,10:21:42,$ 3493.11,100
2292,10:21:29,$ 3492.885,"1,250"
2293,10:21:28,$ 3493.72,100
2294,10:21:18,$ 3491.8889,100
2295,10:21:14,$ 3491.742,150
2296,10:21:02,$ 3491.345,100
2297,10:20:57,$ 3491.10,"1,003"
2298,10:20:57,$ 3491.10,200
2300,10:20:55,$ 3491.075,"1,250"
2301,10:20:52,$ 3491.7001,125
2302,10:20:45,$ 3493.08,100
2303,10:20:39,$ 3493.225,100
2304,10:20:31,$ 3492.5901,200
2305,10:20:29,$ 3493.56,100
2306,10:20:29,$ 3493.45,751
2307,10:20:29,$ 3493.45,447
2308,10:20:29,$ 3493.50,100
2309,10:20:28,$ 3492.775,200
2310,10:20:26,$ 3493.03,100
2311,10:20:21,$ 3492.46,100
2312,10:20:19,$ 3492.1983,300
2313,10:20:19,$ 3492.72,186
2314,10:20:15,$ 3492.8773,100
2315,10:20:12,$ 3492.48,100
2316,10:20:10,$ 3492.73,150
2317,10:20:05,$ 3493.29,200
2318,10:20:05,$ 3493.42,100
2319,10:20:03,$ 3493.45,100
2321,10:20:03,$ 3492.635,100
2322,10:20:03,$ 3493.32,100
2323,10:20:03,$ 3493.13,100
2324,10:20:03,$ 3493.45,100
2325,10:20:03,$ 3493.4462,100
2326,10:20:03,$ 3493.13,100
2327,10:20:03,$ 3492.99,100
2328,10:20:03,$ 3492.77,100
2329,10:20:03,$ 3492.66,100
2330,10:20:02,$ 3492.7962,200
2331,10:20:02,$ 3492.79,100
2332,10:20:02,$ 3492.66,100
2333,10:20:02,$ 3492.00,100
2334,10:20:02,$ 3491.79,100
2335,10:20:02,$ 3491.4816,150
2336,10:19:56,$ 3491.6048,971
2337,10:19:56,$ 3491.805,300
2338,10:19:46,$ 3491.20,100
2339,10:19:40,$ 3491.9399,100
2340,10:19:35,$ 3491.69,100
2342,10:19:34,$ 3490.905,150
2343,10:19:16,$ 3490.93,100
2344,10:19:15,$ 3490.49,150
2345,10:18:52,$ 3490.7099,125
2346,10:18:51,$ 3490.7099,755
2347,10:18:51,$ 3488.55,100
2348,10:18:51,$ 3490.38,108
2349,10:18:51,$ 3490.50,100
2350,10:18:51,$ 3490.00,200
2351,10:18:29,$ 3489.7299,500
2352,10:18:20,$ 3489.745,250
2353,10:18:17,$ 3489.535,300
2354,10:18:15,$ 3488.80,100
2355,10:18:12,$ 3489.535,100
2356,10:18:11,$ 3489.985,150
2357,10:18:07,$ 3489.80,100
2358,10:18:07,$ 3489.80,100
2359,10:18:07,$ 3489.89,100
2360,10:18:03,$ 3490.00,100
2361,10:18:03,$ 3490.00,100
2363,10:17:51,$ 3490.00,100
2364,10:17:50,$ 3490.4956,100
2365,10:17:48,$ 3491.5065,150
2366,10:17:48,$ 3490.45,"1,250"
2367,10:17:47,$ 3490.4383,286
2368,10:17:47,$ 3490.4383,454
2369,10:17:47,$ 3490.4383,114
2370,10:17:47,$ 3490.63,100
2371,10:17:47,$ 3490.23,100
2372,10:17:47,$ 3490.805,100
2373,10:17:42,$ 3492.00,"1,000"
2374,10:17:37,$ 3492.00,100
2375,10:17:37,$ 3492.00,100
2376,10:17:31,$ 3491.8689,125
2377,10:17:30,$ 3491.305,450
2378,10:17:30,$ 3491.04,211
2379,10:17:28,$ 3490.99,119
2380,10:17:28,$ 3490.60,420
2381,10:17:28,$ 3490.60,162
2382,10:17:28,$ 3490.96,100
2384,10:17:28,$ 3490.56,100
2385,10:17:28,$ 3490.59,119
2386,10:17:28,$ 3490.60,354
2387,10:17:28,$ 3490.50,150
2388,10:17:28,$ 3490.50,"1,100"
2389,10:17:26,$ 3490.95,100
2390,10:17:26,$ 3489.88,100
2391,10:17:26,$ 3489.88,100
2392,10:17:26,$ 3488.89,800
2393,10:17:26,$ 3488.89,"1,000"
2394,10:17:15,$ 3488.76,170
2395,10:17:11,$ 3489.32,"1,250"
2396,10:17:03,$ 3489.40,100
2397,10:17:01,$ 3488.8217,100
2398,10:16:55,$ 3489.03,100
2399,10:16:47,$ 3487.672,100
2400,10:16:47,$ 3487.688,111
2401,10:16:47,$ 3487.60,100
2402,10:16:47,$ 3487.70,100
2403,10:16:46,$ 3487.7001,125
2405,10:16:39,$ 3488.8599,125
2406,10:16:22,$ 3487.32,100
2407,10:16:22,$ 3488.08,100
2408,10:16:22,$ 3488.01,100
2409,10:16:22,$ 3487.80,100
2410,10:16:22,$ 3487.62,100
2411,10:16:22,$ 3487.42,100
2412,10:16:22,$ 3487.37,100
2413,10:16:22,$ 3487.34,100
2414,10:16:22,$ 3487.32,100
2415,10:16:19,$ 3487.82,300
2416,10:16:18,$ 3488.54,100
2417,10:16:15,$ 3488.63,100
2418,10:16:15,$ 3488.60,100
2419,10:16:13,$ 3488.595,100
2420,10:16:11,$ 3489.16,100
2421,10:16:11,$ 3489.225,100
2422,10:16:10,$ 3489.225,200
2423,10:16:07,$ 3489.17,100
2424,10:16:02,$ 3488.60,100
2426,10:16:02,$ 3488.60,100
2427,10:16:02,$ 3488.60,100
2428,10:16:02,$ 3488.60,100
2429,10:15:56,$ 3489.24,100
2430,10:15:52,$ 3488.67,100
2431,10:15:52,$ 3488.10,100
2432,10:15:50,$ 3487.91,100
2433,10:15:40,$ 3488.715,100
2434,10:15:34,$ 3488.2131,125
2435,10:15:33,$ 3488.715,100
2436,10:15:33,$ 3488.00,100
2437,10:15:33,$ 3488.00,100
2438,10:15:25,$ 3489.6604,280
2439,10:15:17,$ 3489.34,100
2440,10:15:13,$ 3490.3808,190
2441,10:15:05,$ 3490.07,100
2442,10:14:55,$ 3490.26,100
2443,10:14:55,$ 3490.778,300
2444,10:14:52,$ 3489.84,100
2445,10:14:52,$ 3489.84,100
2447,10:14:51,$ 3489.78,100
2448,10:14:51,$ 3490.28,152
2449,10:14:51,$ 3489.81,100
2450,10:14:51,$ 3490.20,100
2451,10:14:51,$ 3490.19,100
2452,10:14:51,$ 3490.20,100
2453,10:14:46,$ 3490.50,300
2454,10:14:41,$ 3490.97,100
2455,10:14:41,$ 3490.97,100
2456,10:14:41,$ 3490.80,100
2457,10:14:39,$ 3490.50,100
2458,10:14:39,$ 3490.1143,276
2459,10:14:37,$ 3490.0001,100
2460,10:14:32,$ 3490.9999,125
2461,10:14:31,$ 3490.801,125
2462,10:14:30,$ 3491.00,100
2463,10:14:30,$ 3491.00,100
2464,10:14:30,$ 3490.00,100
2465,10:14:30,$ 3490.00,100
2466,10:14:28,$ 3489.00,100
2468,10:14:26,$ 3488.95,100
2469,10:14:26,$ 3488.50,300
2470,10:14:26,$ 3489.00,105
2471,10:14:26,$ 3489.00,398
2472,10:14:26,$ 3489.00,150
2473,10:14:22,$ 3488.03,100
2474,10:14:15,$ 3488.0101,300
2475,10:14:13,$ 3488.00,200
2476,10:14:13,$ 3487.325,100
2477,10:14:13,$ 3487.325,100
2478,10:14:13,$ 3487.325,421
2479,10:14:06,$ 3486.9467,100
2480,10:14:06,$ 3486.75,100
2481,10:14:06,$ 3486.95,100
2482,10:14:01,$ 3488.00,400
2483,10:14:01,$ 3488.00,679
2484,10:14:01,$ 3487.98,100
2485,10:14:01,$ 3487.99,100
2486,10:14:01,$ 3487.30,258
2487,10:14:01,$ 3487.195,300
2489,10:14:01,$ 3486.58,100
2490,10:14:01,$ 3486.18,"1,000"
2491,10:14:01,$ 3486.18,200
2492,10:13:59,$ 3485.97,100
2493,10:13:52,$ 3487.8025,100
2494,10:13:49,$ 3487.69,100
2495,10:13:49,$ 3487.69,100
2496,10:13:42,$ 3486.60,100
2497,10:13:41,$ 3487.625,500
2498,10:13:32,$ 3488.13,300
2499,10:13:28,$ 3488.98,100
2500,10:13:23,$ 3489.00,100
2501,10:13:23,$ 3487.37,200
2502,10:13:22,$ 3489.00,100
2503,10:13:05,$ 3488.20,100
2504,10:13:03,$ 3488.059,200
2505,10:12:59,$ 3487.9999,125
2506,10:12:54,$ 3485.73,100
2507,10:12:54,$ 3485.78,100
2508,10:12:54,$ 3485.73,100
2510,10:12:54,$ 3485.74,100
2511,10:12:54,$ 3485.73,100
2512,10:12:54,$ 3485.73,100
2513,10:12:54,$ 3485.73,100
2514,10:12:54,$ 3485.74,100
2515,10:12:54,$ 3485.05,100
2516,10:12:54,$ 3484.95,400
2517,10:12:54,$ 3484.84,100
2518,10:12:45,$ 3483.8385,190
2519,10:12:21,$ 3484.63,100
2520,10:12:14,$ 3484.7632,100
2521,10:11:37,$ 3484.9947,500
2522,10:11:35,$ 3484.42,100
2523,10:11:35,$ 3484.47,100
2524,10:11:35,$ 3484.52,103
2525,10:11:34,$ 3483.45,100
2526,10:11:34,$ 3483.25,100
2527,10:11:34,$ 3483.28,100
2528,10:11:34,$ 3483.32,100
2529,10:11:34,$ 3483.40,100
2531,10:11:34,$ 3483.48,100
2532,10:11:23,$ 3482.29,100
2533,10:11:22,$ 3482.29,100
2534,10:11:22,$ 3482.29,100
2535,10:11:21,$ 3482.29,100
2536,10:11:19,$ 3483.778,330
2537,10:11:17,$ 3482.65,300
2538,10:11:16,$ 3482.62,100
2539,10:11:13,$ 3482.7001,400
2540,10:10:31,$ 3484.453,117
2541,10:10:30,$ 3484.2962,300
2542,10:10:30,$ 3485.37,200
2543,10:10:27,$ 3484.005,100
2544,10:10:24,$ 3483.575,100
2545,10:10:03,$ 3482.25,100
2546,10:09:55,$ 3481.2275,100
2547,10:09:54,$ 3481.22,100
2548,10:09:54,$ 3481.885,100
2549,10:09:52,$ 3481.4101,155
2550,10:09:52,$ 3481.36,100
2552,10:09:50,$ 3480.785,100
2553,10:09:49,$ 3480.21,100
2554,10:09:49,$ 3480.075,100
2555,10:09:49,$ 3480.7517,300
2556,10:09:46,$ 3481.065,100
2557,10:09:45,$ 3481.00,100
2558,10:09:45,$ 3481.00,240
2559,10:09:45,$ 3481.00,100
2560,10:09:44,$ 3481.00,100
2561,10:09:34,$ 3481.69,300
2562,10:09:17,$ 3483.08,101
2563,10:09:06,$ 3484.10,466
2564,10:09:05,$ 3484.65,100
2565,10:08:57,$ 3484.91,100
2566,10:08:57,$ 3484.51,100
2567,10:08:55,$ 3484.84,100
2568,10:08:50,$ 3485.015,100
2569,10:08:50,$ 3485.52,100
2570,10:08:50,$ 3485.015,100
2571,10:08:48,$ 3485.015,300
2573,10:08:40,$ 3486.16,125
2574,10:08:37,$ 3485.33,116
2575,10:08:32,$ 3486.54,100
2576,10:08:31,$ 3486.43,200
2577,10:08:17,$ 3487.495,100
2578,10:08:16,$ 3487.4825,400
2579,10:08:15,$ 3488.15,270
2580,10:08:11,$ 3488.03,100
2581,10:08:03,$ 3488.1401,612
2582,10:08:01,$ 3489.14,100
2583,10:08:01,$ 3488.99,100
2584,10:08:01,$ 3488.97,100
2585,10:07:43,$ 3486.385,125
2586,10:07:40,$ 3486.18,100
2587,10:07:27,$ 3486.19,100
2588,10:07:27,$ 3486.17,100
2589,10:07:27,$ 3486.12,100
2590,10:07:21,$ 3485.35,100
2591,10:07:20,$ 3485.45,100
2592,10:07:07,$ 3485.50,100
2594,10:07:07,$ 3485.46,100
2595,10:07:06,$ 3487.00,100
2596,10:06:59,$ 3485.53,100
2597,10:06:22,$ 3486.375,100
2598,10:06:20,$ 3486.105,100
2599,10:06:20,$ 3486.105,100
2600,10:06:20,$ 3486.10,100
2601,10:06:13,$ 3486.55,100
2602,10:06:13,$ 3486.55,100
2603,10:06:06,$ 3486.80,100
2604,10:06:05,$ 3487.40,100
2605,10:05:57,$ 3486.60,100
2606,10:05:57,$ 3486.21,100
2607,10:05:57,$ 3486.89,100
2608,10:05:57,$ 3485.975,113
2609,10:05:57,$ 3485.975,124
2610,10:05:51,$ 3485.975,200
2611,10:05:50,$ 3486.6834,150
2612,10:05:25,$ 3486.325,100
2613,10:05:18,$ 3486.8622,350
2615,10:05:17,$ 3486.77,100
2616,10:05:14,$ 3488.055,100
2617,10:05:08,$ 3487.66,150
2618,10:05:05,$ 3487.375,100
2619,10:05:04,$ 3487.765,146
2620,10:05:02,$ 3488.3464,350
2621,10:05:01,$ 3488.00,100
2622,10:04:52,$ 3487.51,100
2623,10:04:43,$ 3487.745,100
2624,10:04:40,$ 3487.00,100
2625,10:04:28,$ 3487.67,100
2626,10:04:24,$ 3487.14,100
2627,10:04:24,$ 3487.14,100
2628,10:04:21,$ 3486.7695,204
2629,10:04:17,$ 3487.2571,300
2630,10:03:52,$ 3485.805,200
2631,10:03:51,$ 3485.35,100
2632,10:03:45,$ 3485.57,100
2633,10:03:45,$ 3484.99,108
2634,10:03:41,$ 3486.55,100
2636,10:03:39,$ 3486.60,124
2637,10:03:34,$ 3488.58,150
2638,10:03:31,$ 3487.80,100
2639,10:03:31,$ 3489.2111,250
2640,10:03:27,$ 3489.83,202
2641,10:03:18,$ 3489.44,100
2642,10:03:14,$ 3489.44,100
2643,10:03:08,$ 3489.1274,100
2644,10:03:08,$ 3489.1576,250
2645,10:03:08,$ 3488.91,"1,250"
2646,10:03:07,$ 3488.7667,"1,250"
2647,10:03:06,$ 3489.305,100
2648,10:03:04,$ 3490.26,100
2649,10:02:54,$ 3490.83,100
2650,10:02:54,$ 3490.78,100
2651,10:02:54,$ 3490.68,100
2652,10:02:52,$ 3491.00,100
2653,10:02:52,$ 3489.21,100
2654,10:02:52,$ 3489.21,100
2655,10:02:52,$ 3489.525,100
2657,10:02:51,$ 3490.00,300
2658,10:02:50,$ 3489.75,100
2659,10:02:48,$ 3490.1236,485
2660,10:02:47,$ 3489.48,100
2661,10:02:47,$ 3490.00,400
2662,10:02:47,$ 3490.00,100
2663,10:02:47,$ 3490.00,132
2664,10:02:47,$ 3490.00,100
2665,10:02:47,$ 3490.00,100
2666,10:02:47,$ 3490.00,"2,469"
2667,10:02:47,$ 3489.8215,100
2668,10:02:46,$ 3489.64,100
2669,10:02:46,$ 3489.08,100
2670,10:02:45,$ 3488.99,287
2671,10:02:45,$ 3488.92,300
2672,10:02:45,$ 3488.87,100
2673,10:02:45,$ 3488.9999,125
2674,10:02:44,$ 3488.00,100
2675,10:02:44,$ 3488.50,100
2676,10:02:44,$ 3488.00,100
2678,10:02:44,$ 3488.00,100
2679,10:02:44,$ 3487.89,100
2680,10:02:41,$ 3486.68,100
2681,10:02:41,$ 3486.61,100
2682,10:02:37,$ 3487.17,136
2683,10:02:24,$ 3486.225,100
2684,10:02:20,$ 3485.56,100
2685,10:02:09,$ 3486.36,100
2686,10:02:09,$ 3486.00,100
2687,10:02:09,$ 3486.00,100
2688,10:02:04,$ 3485.305,100
2689,10:02:03,$ 3483.6301,500
2690,10:02:02,$ 3485.25,100
2691,10:02:02,$ 3485.25,100
2692,10:02:02,$ 3485.25,100
2693,10:02:02,$ 3485.25,100
2694,10:02:02,$ 3485.25,100
2695,10:02:02,$ 3485.00,100
2696,10:02:00,$ 3484.8899,100
2697,10:01:54,$ 3484.315,100
2699,10:01:49,$ 3483.57,100
2700,10:01:45,$ 3484.5696,100
2701,10:01:40,$ 3484.5455,100
2702,10:01:38,$ 3483.99,158
2703,10:01:34,$ 3482.9611,100
2704,10:01:33,$ 3483.28,100
2705,10:01:32,$ 3483.27,100
2706,10:01:32,$ 3483.24,100
2707,10:01:32,$ 3482.00,500
2708,10:01:28,$ 3480.68,100
2709,10:01:11,$ 3477.98,100
2710,10:01:10,$ 3478.43,100
2711,10:01:10,$ 3477.98,100
2712,10:01:10,$ 3477.23,100
2713,10:01:10,$ 3476.20,100
2714,10:01:08,$ 3476.10,100
2715,10:01:08,$ 3476.10,100
2716,10:01:08,$ 3476.02,100
2717,10:01:08,$ 3476.02,100
2718,10:01:08,$ 3476.05,100
2720,10:00:55,$ 3478.33,100
2721,10:00:50,$ 3478.03,100
2722,10:00:45,$ 3476.73,100
2723,10:00:42,$ 3476.61,100
2724,10:00:32,$ 3479.0114,200
2725,10:00:31,$ 3477.67,100
2726,10:00:31,$ 3477.16,100
2727,10:00:28,$ 3476.64,100
2728,10:00:27,$ 3477.155,100
2729,10:00:16,$ 3478.05,100
2730,10:00:08,$ 3479.3452,300
2731,10:00:03,$ 3479.805,100
2732,10:00:03,$ 3479.605,100
2733,10:00:02,$ 3481.3499,100
2735,10:59:37,$ 3486.89,100
2736,10:59:36,$ 3487.56,100
2737,10:59:19,$ 3486.5121,100
2738,10:58:57,$ 3487.15,100
2739,10:58:54,$ 3486.47,100
2740,10:58:53,$ 3485.605,137
2741,10:58:52,$ 3485.605,100
2742,10:58:41,$ 3484.9921,100
2743,10:58:35,$ 3484.75,100
2744,10:57:55,$ 3485.00,100
2745,10:55:29,$ 3487.00,366
2746,10:55:28,$ 3487.25,100
2747,10:55:15,$ 3486.72,100
2748,10:55:04,$ 3486.91,300
2749,10:54:55,$ 3487.515,800
2750,10:54:47,$ 3487.6501,286
2751,10:54:47,$ 3487.45,286
2752,10:54:42,$ 3487.89,100
2753,10:54:42,$ 3488.32,100
2754,10:54:34,$ 3488.4693,144
2756,10:54:26,$ 3488.57,800
2757,10:54:18,$ 3489.01,100
2758,10:54:18,$ 3489.01,100
2759,10:54:14,$ 3488.39,100
2760,10:54:14,$ 3488.39,100
2761,10:54:14,$ 3488.23,100
2762,10:54:13,$ 3488.23,100
2763,10:54:13,$ 3488.23,100
2764,10:54:13,$ 3487.6268,286
2765,10:54:13,$ 3488.28,100
2766,10:54:00,$ 3488.28,100
2767,10:53:43,$ 3489.375,100
2768,10:53:33,$ 3488.745,100
2769,10:53:23,$ 3489.9699,100
2770,10:53:12,$ 3489.50,250
2771,10:52:50,$ 3488.235,"1,000"
2772,10:52:49,$ 3488.23,800
2773,10:52:28,$ 3487.34,100
2774,10:52:18,$ 3487.115,100
2775,10:52:18,$ 3487.37,412
2777,10:52:16,$ 3486.88,500
2778,10:52:16,$ 3486.885,100
2779,10:52:14,$ 3487.41,500
2780,10:51:49,$ 3486.305,800
2781,10:51:45,$ 3486.305,800
2782,10:51:11,$ 3485.81,100
2783,10:51:11,$ 3485.81,100
2784,10:50:29,$ 3485.071,100
2785,10:50:29,$ 3485.38,100
2786,10:49:32,$ 3485.42,100
2787,10:49:31,$ 3486.2567,100
2788,10:49:21,$ 3486.28,426
2789,10:49:20,$ 3486.32,100
2790,10:49:16,$ 3486.53,100
2791,10:49:13,$ 3485.83,100
2792,10:49:13,$ 3485.87,100
2793,10:48:36,$ 3485.60,100
2794,10:48:35,$ 3484.315,100
2795,10:48:29,$ 3485.00,163
2796,10:47:58,$ 3482.67,100
2798,10:47:53,$ 3483.2904,212
2799,10:47:50,$ 3483.2245,100
2800,10:47:38,$ 3482.96,100
2801,10:47:10,$ 3482.1398,145
2802,10:46:56,$ 3483.00,100
2803,10:46:49,$ 3483.8059,100
2804,10:46:41,$ 3481.15,100
2805,10:46:40,$ 3484.0475,400
2806,10:46:35,$ 3484.015,100
2807,10:46:27,$ 3485.00,100
2808,10:45:54,$ 3482.005,100
2809,10:45:50,$ 3482.34,100
2810,10:45:48,$ 3480.385,200
2811,10:45:47,$ 3481.55,100
2812,10:45:47,$ 3480.925,259
2813,10:45:47,$ 3481.54,100
2814,10:45:47,$ 3480.385,100
2815,10:45:36,$ 3481.3951,100
2816,10:45:32,$ 3480.34,100
2817,10:45:13,$ 3480.83,184
2819,10:45:05,$ 3481.26,100
2820,10:44:56,$ 3482.04,100
2821,10:44:56,$ 3482.22,100
2822,10:44:53,$ 3482.29,100
2823,10:44:53,$ 3482.03,100
2824,10:44:53,$ 3482.03,100
2825,10:44:34,$ 3482.27,100
2826,10:44:34,$ 3481.84,100
2827,10:44:34,$ 3481.64,100
2828,10:44:34,$ 3481.28,100
2829,10:44:11,$ 3483.20,463
2830,10:44:00,$ 3483.00,100
2831,10:43:50,$ 3483.98,100
2832,10:43:50,$ 3483.99,100
2833,10:43:35,$ 3484.1097,130
2834,10:43:30,$ 3484.16,100
2835,10:43:09,$ 3484.745,200
2836,10:43:09,$ 3484.745,100
2837,10:43:08,$ 3485.1067,100
2838,10:43:05,$ 3483.83,200
2840,10:42:55,$ 3484.13,100
2841,10:42:44,$ 3482.36,100
2842,10:42:41,$ 3480.99,100
2843,10:42:36,$ 3480.01,500
2844,10:42:36,$ 3481.61,100
2845,10:42:33,$ 3481.205,100
2846,10:42:33,$ 3481.24,100
2847,10:42:33,$ 3481.24,100
2848,10:42:33,$ 3480.50,200
2849,10:42:33,$ 3480.50,100
2850,10:42:33,$ 3480.32,100
2851,10:42:31,$ 3479.88,100
2852,10:42:21,$ 3479.11,100
2853,10:42:21,$ 3479.01,100
2854,10:42:19,$ 3481.62,120
2855,10:42:19,$ 3480.93,100
2856,10:42:11,$ 3479.01,290
2857,10:42:10,$ 3480.00,100
2858,10:42:10,$ 3481.00,100
2859,10:42:10,$ 3481.00,100
2861,10:42:08,$ 3482.20,104
2862,10:42:03,$ 3482.50,100
2863,10:41:56,$ 3483.68,100
2864,10:41:31,$ 3483.875,243
2865,10:41:19,$ 3485.00,200
2866,10:41:19,$ 3485.00,100
2867,10:41:04,$ 3485.88,250
2868,10:40:54,$ 3485.55,100
2869,10:40:49,$ 3485.51,250
2870,10:40:46,$ 3486.04,100
2871,10:40:35,$ 3485.96,100
2872,10:40:35,$ 3486.21,100
2873,10:40:35,$ 3486.73,100
2874,10:40:31,$ 3486.24,175
2875,10:40:27,$ 3486.725,100
2876,10:40:20,$ 3486.586,100
2877,10:40:20,$ 3485.60,100
2878,10:40:12,$ 3485.3301,200
2879,10:40:05,$ 3485.71,100
2880,10:39:58,$ 3485.2204,330
2882,10:39:46,$ 3486.645,300
2883,10:39:46,$ 3486.4448,138
2884,10:39:44,$ 3485.88,100
2885,10:39:37,$ 3485.39,100
2886,10:39:37,$ 3485.06,100
2887,10:39:37,$ 3485.01,100
2888,10:39:37,$ 3485.06,100
2889,10:39:37,$ 3485.74,100
2890,10:39:37,$ 3485.06,100
2891,10:39:37,$ 3485.01,100
2892,10:39:37,$ 3485.84,100
2893,10:39:31,$ 3486.37,100
2894,10:39:27,$ 3486.29,100
2895,10:39:21,$ 3486.29,100
2896,10:39:16,$ 3485.80,400
2897,10:39:13,$ 3485.69,100
2898,10:39:13,$ 3485.83,100
2899,10:39:10,$ 3486.085,100
2900,10:39:09,$ 3485.9453,100
2901,10:39:09,$ 3485.9454,141
2903,10:39:09,$ 3485.9401,259
2904,10:39:08,$ 3486.085,120
2905,10:39:08,$ 3486.305,100
2906,10:39:08,$ 3486.305,100
2907,10:39:05,$ 3487.49,140
2908,10:39:05,$ 3486.60,100
2909,10:39:05,$ 3486.60,100
2910,10:39:05,$ 3486.60,100
2911,10:39:05,$ 3486.83,100
2912,10:38:53,$ 3487.715,100
2913,10:38:52,$ 3487.74,100
2914,10:38:51,$ 3487.72,100
2915,10:38:50,$ 3488.00,800
2916,10:38:49,$ 3488.0218,196
2917,10:38:49,$ 3488.495,100
2918,10:38:46,$ 3488.655,100
2919,10:38:41,$ 3488.65,100
2920,10:38:36,$ 3489.05,100
2921,10:38:36,$ 3488.925,100
2922,10:38:02,$ 3489.81,150
2924,10:37:37,$ 3489.82,400
2925,10:37:13,$ 3489.835,400
2926,10:36:34,$ 3490.005,100
2927,10:36:33,$ 3490.005,200
2928,10:36:30,$ 3490.54,100
2929,10:36:18,$ 3490.55,156
2930,10:36:13,$ 3489.0627,420
2931,10:36:13,$ 3489.75,100
2932,10:36:01,$ 3490.95,100
2933,10:35:56,$ 3490.81,100
2934,10:35:35,$ 3491.97,100
2935,10:35:33,$ 3493.00,200
2936,10:35:32,$ 3492.9205,132
2937,10:35:32,$ 3491.87,200
2938,10:35:32,$ 3491.87,200
2939,10:35:32,$ 3491.87,200
2940,10:35:32,$ 3491.87,200
2941,10:35:29,$ 3491.00,339
2942,10:35:28,$ 3491.00,100
2943,10:35:24,$ 3490.81,100
2945,10:35:23,$ 3490.28,100
2946,10:35:23,$ 3490.709,114
2947,10:35:23,$ 3490.709,106
2948,10:35:20,$ 3489.67,150
2949,10:35:20,$ 3490.43,100
2950,10:35:17,$ 3488.5301,100
2951,10:35:17,$ 3489.9381,100
2952,10:35:16,$ 3490.81,100
2953,10:35:09,$ 3489.65,100
2954,10:35:06,$ 3489.65,100
2955,10:34:37,$ 3488.83,100
2956,10:34:24,$ 3489.85,100
2957,10:34:21,$ 3490.86,193
2958,10:34:08,$ 3490.4634,150
2959,10:33:44,$ 3490.29,100
2960,10:33:42,$ 3490.29,100
2961,10:33:30,$ 3490.29,100
2962,10:33:29,$ 3490.29,100
2963,10:33:28,$ 3490.80,100
2964,10:33:19,$ 3490.035,300
2966,10:33:18,$ 3489.74,100
2967,10:32:58,$ 3492.00,900
2968,10:32:48,$ 3493.6599,250
2969,10:32:41,$ 3493.1914,407
2970,10:32:40,$ 3494.04,100
2971,10:32:27,$ 3494.9165,250
2972,10:32:16,$ 3495.7495,300
2973,10:32:07,$ 3494.08,100
2974,10:32:07,$ 3494.05,100
2975,10:32:07,$ 3494.17,100
2976,10:32:06,$ 3496.055,250
2977,10:32:04,$ 3495.98,100
2978,10:32:04,$ 3495.98,100
2979,10:32:03,$ 3496.00,158
2980,10:32:03,$ 3495.95,100
2981,10:32:03,$ 3495.95,100
2982,10:32:03,$ 3495.775,100
2983,10:32:02,$ 3494.31,100
2984,10:32:02,$ 3494.33,100
2985,10:31:57,$ 3494.45,100
2987,10:31:56,$ 3494.31,300
2988,10:31:56,$ 3494.31,100
2989,10:31:56,$ 3494.25,100
2990,10:31:56,$ 3493.44,100
2991,10:31:52,$ 3493.00,858
2992,10:31:50,$ 3492.3466,100
2993,10:31:50,$ 3493.05,100
2994,10:31:50,$ 3493.00,100
2995,10:31:50,$ 3493.2092,100
2996,10:31:50,$ 3493.2092,100
2997,10:31:50,$ 3493.2092,100
2998,10:31:50,$ 3493.05,100
2999,10:31:50,$ 3494.36,100
3000,10:31:50,$ 3493.96,100
3001,10:31:49,$ 3494.405,"1,250"
3002,10:31:48,$ 3494.14,100
3003,10:31:36,$ 3495.2701,100
3004,10:31:36,$ 3495.27,100
3005,10:31:35,$ 3494.955,"1,250"
3006,10:31:29,$ 3495.48,100
3008,10:31:29,$ 3495.00,931
3009,10:31:29,$ 3495.00,100
3010,10:31:29,$ 3495.00,134
3011,10:31:24,$ 3492.0384,114
3012,10:31:24,$ 3492.0384,157
3013,10:31:24,$ 3492.0384,979
3014,10:31:23,$ 3493.015,"1,250"
3015,10:31:22,$ 3493.96,100
3016,10:31:12,$ 3492.54,100
3017,10:31:10,$ 3491.83,100
3018,10:31:02,$ 3490.55,100
3019,10:31:02,$ 3490.55,100
3020,10:31:02,$ 3490.74,100
3021,10:31:02,$ 3490.94,300
3022,10:31:02,$ 3490.99,100
3023,10:30:55,$ 3491.65,100
3024,10:30:42,$ 3490.98,100
3025,10:30:39,$ 3490.935,110
3026,10:30:37,$ 3490.02,100
3027,10:30:37,$ 3490.00,100
3029,10:30:37,$ 3490.44,100
3030,10:30:34,$ 3490.79,295
3031,10:30:34,$ 3490.79,500
3032,10:30:34,$ 3490.7908,143
3033,10:30:34,$ 3490.7908,286
3034,10:30:33,$ 3490.79,"1,250"
3035,10:30:32,$ 3490.79,200
3036,10:30:28,$ 3491.505,100
3037,10:30:14,$ 3490.645,200
3038,10:30:14,$ 3490.1392,125
3039,10:30:13,$ 3490.645,165
3040,10:30:13,$ 3490.645,100
3041,10:30:13,$ 3490.645,100
3042,10:30:13,$ 3490.645,300
3043,10:30:13,$ 3490.6458,286
3044,10:30:10,$ 3491.28,100
3045,10:30:10,$ 3490.64,100
3046,10:30:10,$ 3490.50,100
3047,10:30:10,$ 3491.4601,100
3048,10:30:01,$ 3493.345,300
3050,11:29:37,$ 3497.43,160
3051,11:29:35,$ 3497.115,100
3052,11:29:34,$ 3497.12,109
3053,11:29:30,$ 3496.68,100
3054,11:29:30,$ 3497.63,100
3055,11:29:30,$ 3497.28,100
3056,11:29:27,$ 3497.61,100
3057,11:29:27,$ 3497.58,248
3058,11:29:23,$ 3497.41,100
3059,11:29:23,$ 3497.41,100
3060,11:29:23,$ 3497.41,116
3061,11:29:23,$ 3496.53,250
3062,11:29:22,$ 3497.06,100
3063,11:29:20,$ 3497.38,287
3064,11:29:13,$ 3497.9999,450
3065,11:29:13,$ 3497.9999,200
3066,11:29:06,$ 3498.08,310
3067,11:28:59,$ 3497.40,100
3068,11:28:49,$ 3497.815,100
3069,11:28:34,$ 3497.6454,200
3071,11:28:33,$ 3497.4066,100
3072,11:28:25,$ 3498.10,270
3073,11:28:18,$ 3497.6325,200
3074,11:28:10,$ 3497.41,200
3075,11:27:55,$ 3497.21,171
3076,11:27:37,$ 3497.6279,142
3077,11:27:37,$ 3498.0543,100
3078,11:27:33,$ 3497.68,100
3079,11:27:32,$ 3497.57,100
3080,11:27:32,$ 3497.57,100
3081,11:27:32,$ 3497.37,100
3082,11:27:32,$ 3497.37,100
3083,11:27:32,$ 3497.45,100
3084,11:27:32,$ 3497.55,100
3085,11:27:32,$ 3497.57,100
3086,11:27:24,$ 3497.76,100
3087,11:27:24,$ 3497.76,100
3088,11:27:23,$ 3497.76,100
3089,11:27:12,$ 3498.174,100
3090,11:27:12,$ 3497.83,100
3092,11:27:12,$ 3497.47,100
3093,11:27:12,$ 3497.47,100
3094,11:27:12,$ 3497.695,100
3095,11:27:11,$ 3498.00,100
3096,11:26:49,$ 3497.80,100
3097,11:26:49,$ 3498.00,100
3098,11:26:49,$ 3498.00,100
3099,11:26:34,$ 3498.00,100
3100,11:26:27,$ 3496.96,100
3101,11:26:19,$ 3496.4312,195
3102,11:26:19,$ 3496.60,100
3103,11:26:19,$ 3496.62,100
3104,11:26:19,$ 3497.00,488
3105,11:26:15,$ 3496.40,100
3106,11:26:15,$ 3496.3901,100
3107,11:26:15,$ 3496.3901,100
3108,11:26:15,$ 3496.3901,100
3109,11:26:15,$ 3496.451,100
3110,11:26:10,$ 3496.50,100
3111,11:25:51,$ 3495.99,100
3113,11:25:49,$ 3495.00,170
3114,11:25:49,$ 3494.79,100
3115,11:25:49,$ 3494.79,100
3116,11:25:02,$ 3494.41,117
3117,11:24:52,$ 3494.15,100
3118,11:24:50,$ 3494.7762,200
3119,11:24:50,$ 3494.10,200
3120,11:24:42,$ 3494.36,100
3121,11:24:40,$ 3493.62,100
3122,11:24:26,$ 3493.36,100
3123,11:24:23,$ 3494.42,100
3124,11:24:21,$ 3493.715,100
3125,11:24:00,$ 3492.73,100
3126,11:24:00,$ 3493.00,350
3127,11:24:00,$ 3492.92,100
3128,11:24:00,$ 3493.00,100
3129,11:23:12,$ 3491.7369,100
3130,11:23:02,$ 3490.45,100
3131,11:22:43,$ 3490.63,100
3132,11:22:42,$ 3490.39,100
3134,11:22:16,$ 3490.88,100
3135,11:22:15,$ 3490.88,100
3136,11:22:15,$ 3491.04,100
3137,11:21:55,$ 3492.00,100
3138,11:21:33,$ 3491.35,100
3139,11:21:32,$ 3491.47,100
3140,11:21:32,$ 3491.45,100
3141,11:21:30,$ 3491.36,100
3142,11:21:30,$ 3491.60,100
3143,11:21:14,$ 3491.00,900
3144,11:21:14,$ 3491.00,100
3145,11:21:14,$ 3491.00,100
3146,11:21:09,$ 3490.33,100
3147,11:21:06,$ 3490.39,100
3148,11:21:06,$ 3490.75,100
3149,11:21:06,$ 3490.75,100
3150,11:21:06,$ 3490.78,100
3151,11:20:59,$ 3490.47,100
3152,11:20:58,$ 3490.02,100
3153,11:20:48,$ 3490.915,197
3155,11:20:48,$ 3490.875,100
3156,11:20:47,$ 3490.57,100
3157,11:20:38,$ 3490.57,100
3158,11:20:17,$ 3488.805,100
3159,11:19:50,$ 3489.67,100
3160,11:19:23,$ 3489.12,100
3161,11:19:23,$ 3489.12,100
3162,11:19:23,$ 3488.30,100
3163,11:19:16,$ 3486.8883,500
3164,11:18:56,$ 3487.40,100
3165,11:18:55,$ 3486.68,100
3166,11:18:41,$ 3487.49,100
3167,11:17:22,$ 3487.51,200
3168,11:16:56,$ 3487.19,300
3169,11:15:53,$ 3487.08,100
3170,11:15:53,$ 3487.045,100
3171,11:15:53,$ 3487.065,100
3172,11:15:43,$ 3488.06,100
3173,11:15:36,$ 3488.0917,150
3174,11:14:34,$ 3486.89,181
3176,11:14:34,$ 3486.89,319
3177,11:14:18,$ 3486.89,100
3178,11:14:18,$ 3486.88,100
3179,11:14:05,$ 3487.4571,658
3180,11:14:03,$ 3486.8301,200
3181,11:13:49,$ 3488.20,100
3182,11:13:49,$ 3488.43,100
3183,11:13:46,$ 3488.43,100
3184,11:13:25,$ 3488.70,100
3185,11:13:21,$ 3488.8906,259
3186,11:13:19,$ 3488.87,800
3187,11:12:50,$ 3488.33,800
3188,11:12:50,$ 3487.64,100
3189,11:12:49,$ 3487.77,100
3190,11:12:49,$ 3487.77,100
3191,11:12:46,$ 3488.49,100
3192,11:12:45,$ 3488.69,100
3193,11:12:37,$ 3489.04,100
3194,11:12:37,$ 3488.95,500
3195,11:12:37,$ 3489.00,100
3197,11:12:37,$ 3489.495,100
3198,11:12:37,$ 3489.20,100
3199,11:12:36,$ 3489.9625,100
3200,11:12:36,$ 3489.65,380
3201,11:12:22,$ 3489.10,100
3202,11:11:47,$ 3490.04,100
3203,11:11:46,$ 3489.96,100
3204,11:11:03,$ 3490.19,100
3205,11:10:50,$ 3490.185,100
3206,11:10:41,$ 3490.00,152
3207,11:10:37,$ 3490.525,100
3208,11:10:15,$ 3490.434,100
3209,11:10:12,$ 3490.54,100
3210,11:10:11,$ 3491.00,925
3211,11:10:11,$ 3490.94,100
3212,11:10:11,$ 3491.00,100
3213,11:10:03,$ 3489.93,100
3214,11:09:43,$ 3490.00,100
3215,11:09:31,$ 3489.2601,100
3216,11:09:29,$ 3489.345,100
3218,11:09:16,$ 3489.17,800
3219,11:09:14,$ 3489.67,100
3220,11:09:01,$ 3487.88,100
3221,11:09:01,$ 3487.5599,280
3222,11:08:20,$ 3487.04,100
3223,11:08:02,$ 3486.00,100
3224,11:07:55,$ 3487.02,148
3225,11:07:51,$ 3487.69,100
3226,11:07:47,$ 3487.965,100
3227,11:06:28,$ 3487.29,100
3228,11:05:45,$ 3486.22,100
3229,11:05:21,$ 3487.485,300
3230,11:05:14,$ 3488.28,800
3231,11:05:11,$ 3487.3175,170
3232,11:05:01,$ 3488.4363,800
3233,11:04:53,$ 3489.09,549
3234,11:04:53,$ 3488.20,100
3235,11:04:53,$ 3488.12,100
3236,11:04:52,$ 3488.255,200
3237,11:04:30,$ 3489.09,100
3239,11:04:23,$ 3489.55,100
3240,11:04:11,$ 3490.115,205
3241,11:03:49,$ 3490.045,100
3242,11:03:32,$ 3489.13,100
3243,11:03:20,$ 3490.0634,143
3244,11:02:53,$ 3489.905,100
3245,11:02:43,$ 3489.90,100
3246,11:02:43,$ 3490.00,100
3247,11:02:43,$ 3490.00,100
3248,11:02:19,$ 3489.22,100
3249,11:02:17,$ 3489.58,100
3250,11:02:12,$ 3488.90,800
3251,11:02:09,$ 3489.85,100
3252,11:02:09,$ 3489.815,100
3253,11:02:09,$ 3489.045,100
3254,11:02:09,$ 3489.045,200
3255,11:02:07,$ 3488.1701,300
3256,11:01:52,$ 3488.72,100
3257,11:01:42,$ 3488.522,800
3258,11:01:31,$ 3488.6837,800
3260,11:01:27,$ 3489.00,100
3261,11:01:24,$ 3488.4684,300
3262,11:00:50,$ 3487.975,100
3264,11:59:50,$ 3499.7801,100
3265,11:59:48,$ 3500.00,300
3266,11:59:42,$ 3500.00,100
3267,11:59:29,$ 3499.8047,200
3268,11:59:23,$ 3500.6085,100
3269,11:59:23,$ 3499.77,100
3270,11:59:18,$ 3500.50,100
3271,11:59:13,$ 3500.6883,200
3272,11:58:44,$ 3500.03,100
3273,11:58:44,$ 3500.02,100
3274,11:58:44,$ 3500.02,289
3275,11:58:36,$ 3500.3334,"1,397"
3276,11:58:18,$ 3500.01,157
3277,11:57:52,$ 3500.04,100
3278,11:57:40,$ 3500.61,200
3279,11:57:05,$ 3501.63,100
3280,11:57:03,$ 3501.57,100
3281,11:57:03,$ 3501.58,100
3282,11:56:55,$ 3502.85,100
3283,11:56:47,$ 3502.5809,100
3285,11:56:46,$ 3501.86,100
3286,11:56:45,$ 3502.12,250
3287,11:56:13,$ 3503.37,100
3288,11:55:54,$ 3503.92,100
3289,11:55:49,$ 3503.20,100
3290,11:55:28,$ 3503.81,100
3291,11:52:30,$ 3503.18,100
3292,11:51:50,$ 3503.21,100
3293,11:51:40,$ 3503.68,169
3294,11:51:40,$ 3504.17,100
3295,11:51:13,$ 3504.8783,125
3296,11:50:59,$ 3505.00,100
3297,11:50:08,$ 3503.80,100
3298,11:49:49,$ 3503.64,100
3299,11:49:37,$ 3503.00,100
3300,11:49:34,$ 3502.43,100
3301,11:49:32,$ 3502.00,124
3302,11:49:22,$ 3501.41,100
3303,11:48:56,$ 3501.3808,345
3304,11:48:56,$ 3501.529,100
3306,11:48:56,$ 3501.08,100
3307,11:48:56,$ 3501.09,100
3308,11:48:56,$ 3501.08,100
3309,11:48:49,$ 3500.93,200
3310,11:48:26,$ 3500.00,300
3311,11:48:26,$ 3499.99,100
3312,11:48:14,$ 3500.00,100
3313,11:48:14,$ 3500.00,100
3314,11:47:29,$ 3500.70,100
3315,11:47:29,$ 3500.70,100
3316,11:47:29,$ 3500.67,100
3317,11:47:29,$ 3500.64,100
3318,11:47:29,$ 3501.00,100
3319,11:47:29,$ 3501.85,100
3320,11:47:12,$ 3499.435,"2,000"
3321,11:47:04,$ 3499.785,100
3322,11:47:02,$ 3499.39,100
3323,11:46:59,$ 3498.83,100
3324,11:46:59,$ 3498.83,100
3325,11:46:54,$ 3498.61,100
3327,11:46:51,$ 3497.6701,125
3328,11:46:50,$ 3498.36,100
3329,11:46:45,$ 3498.00,131
3330,11:46:44,$ 3500.00,100
3331,11:46:44,$ 3500.00,100
3332,11:46:44,$ 3500.00,100
3333,11:46:44,$ 3499.08,100
3334,11:46:42,$ 3501.15,100
3335,11:46:42,$ 3501.1001,100
3336,11:46:41,$ 3503.21,100
3337,11:46:40,$ 3502.895,100
3338,11:46:40,$ 3502.32,100
3339,11:46:40,$ 3502.14,100
3340,11:46:40,$ 3502.13,100
3341,11:46:40,$ 3502.12,200
3342,11:46:38,$ 3503.00,100
3343,11:46:38,$ 3503.44,100
3344,11:46:38,$ 3503.43,100
3345,11:46:38,$ 3503.22,100
3346,11:46:38,$ 3503.00,200
3348,11:46:36,$ 3505.03,100
3349,11:46:32,$ 3504.0601,100
3350,11:46:27,$ 3504.91,100
3351,11:46:10,$ 3505.4107,464
3352,11:46:10,$ 3505.62,100
3353,11:46:10,$ 3505.62,100
3354,11:46:10,$ 3505.62,100
3355,11:46:06,$ 3505.611,354
3356,11:46:06,$ 3505.64,100
3357,11:45:51,$ 3505.85,100
3358,11:45:51,$ 3505.86,100
3359,11:45:50,$ 3505.99,100
3360,11:45:41,$ 3507.00,100
3361,11:45:41,$ 3507.00,100
3362,11:45:41,$ 3506.66,"1,000"
3363,11:45:41,$ 3506.83,100
3364,11:45:41,$ 3507.00,520
3365,11:45:41,$ 3507.00,100
3366,11:45:41,$ 3507.00,147
3367,11:45:31,$ 3506.245,100
3369,11:45:31,$ 3506.4873,100
3370,11:45:00,$ 3504.65,"1,000"
3371,11:44:48,$ 3504.80,100
3372,11:44:46,$ 3505.2694,113
3373,11:44:32,$ 3505.44,100
3374,11:44:31,$ 3505.59,100
3375,11:44:30,$ 3505.3359,100
3376,11:44:09,$ 3505.01,100
3377,11:44:00,$ 3505.22,100
3378,11:43:33,$ 3505.33,100
3379,11:43:26,$ 3505.51,100
3380,11:43:18,$ 3505.705,300
3381,11:43:10,$ 3506.1541,125
3382,11:43:06,$ 3505.46,100
3383,11:42:57,$ 3505.00,437
3384,11:42:41,$ 3503.91,100
3385,11:42:38,$ 3503.835,100
3386,11:42:37,$ 3504.5673,100
3387,11:42:27,$ 3504.085,100
3388,11:42:07,$ 3503.21,100
3390,11:42:07,$ 3503.21,100
3391,11:42:07,$ 3503.21,100
3392,11:42:07,$ 3503.21,100
3393,11:42:05,$ 3502.598,100
3394,11:42:05,$ 3502.292,100
3395,11:42:03,$ 3503.10,100
3396,11:42:02,$ 3503.07,100
3397,11:42:02,$ 3503.20,100
3398,11:42:02,$ 3503.20,100
3399,11:41:54,$ 3502.78,100
3400,11:41:54,$ 3502.19,100
3401,11:41:51,$ 3502.5227,100
3402,11:41:34,$ 3502.41,100
3403,11:41:32,$ 3503.00,165
3404,11:41:30,$ 3503.57,100
3405,11:41:27,$ 3504.095,100
3406,11:41:27,$ 3504.29,100
3407,11:41:27,$ 3504.20,100
3408,11:41:27,$ 3504.24,100
3409,11:41:25,$ 3504.505,100
3411,11:41:25,$ 3504.0537,189
3412,11:41:14,$ 3504.495,100
3413,11:41:14,$ 3504.50,100
3414,11:41:14,$ 3504.02,100
3415,11:41:14,$ 3504.495,100
3416,11:41:08,$ 3504.675,100
3417,11:41:08,$ 3504.6575,100
3418,11:41:08,$ 3504.675,100
3419,11:41:03,$ 3504.665,100
3420,11:40:56,$ 3504.72,100
3421,11:40:52,$ 3504.64,100
3422,11:40:50,$ 3504.51,100
3423,11:40:50,$ 3504.71,100
3424,11:40:50,$ 3504.56,100
3425,11:40:50,$ 3504.54,100
3426,11:40:50,$ 3504.52,100
3427,11:40:50,$ 3504.40,100
3428,11:40:42,$ 3504.6988,143
3429,11:40:42,$ 3504.857,287
3430,11:40:40,$ 3505.3899,100
3432,11:40:16,$ 3505.095,100
3433,11:40:10,$ 3505.58,100
3434,11:39:59,$ 3506.2145,100
3435,11:39:58,$ 3505.895,100
3436,11:39:58,$ 3505.11,100
3437,11:39:51,$ 3505.3093,287
3438,11:39:51,$ 3505.599,100
3439,11:39:47,$ 3505.645,100
3440,11:39:34,$ 3505.68,100
3441,11:39:30,$ 3505.685,400
3442,11:39:26,$ 3504.9633,200
3443,11:39:26,$ 3505.0369,110
3444,11:39:23,$ 3506.06,100
3445,11:39:18,$ 3505.0398,750
3446,11:39:18,$ 3505.344,100
3447,11:39:14,$ 3506.005,400
3448,11:39:14,$ 3506.00,100
3449,11:39:09,$ 3504.37,333
3450,11:39:09,$ 3504.37,180
3451,11:39:08,$ 3505.3279,105
3453,11:39:07,$ 3505.4022,100
3454,11:39:02,$ 3504.39,100
3455,11:39:02,$ 3504.89,100
3456,11:38:58,$ 3504.11,100
3457,11:38:58,$ 3504.10,380
3458,11:38:58,$ 3504.15,100
3459,11:38:58,$ 3504.136,100
3460,11:38:58,$ 3504.54,100
3461,11:38:55,$ 3505.00,147
3462,11:38:53,$ 3504.898,100
3463,11:38:53,$ 3503.77,100
3464,11:38:44,$ 3503.78,100
3465,11:38:36,$ 3503.8199,100
3466,11:38:34,$ 3503.79,100
3467,11:38:29,$ 3502.80,100
3468,11:38:29,$ 3502.87,100
3469,11:38:29,$ 3502.80,100
3470,11:38:23,$ 3503.2004,100
3471,11:38:22,$ 3504.60,100
3472,11:38:04,$ 3502.53,516
3474,11:38:04,$ 3504.00,100
3475,11:37:57,$ 3504.269,125
3476,11:37:56,$ 3504.44,182
3477,11:37:56,$ 3505.00,100
3478,11:37:56,$ 3505.00,183
3479,11:37:54,$ 3505.25,100
3480,11:37:53,$ 3505.25,109
3481,11:37:46,$ 3506.52,100
3482,11:37:46,$ 3506.25,144
3483,11:37:46,$ 3505.54,100
3484,11:37:45,$ 3505.49,100
3485,11:37:45,$ 3505.24,100
3486,11:37:44,$ 3505.00,137
3487,11:37:44,$ 3505.12,100
3488,11:37:44,$ 3505.00,200
3489,11:37:44,$ 3505.00,152
3490,11:37:44,$ 3505.00,100
3491,11:37:44,$ 3505.00,100
3492,11:37:44,$ 3505.00,100
3493,11:37:44,$ 3505.00,100
3495,11:37:44,$ 3505.00,100
3496,11:37:39,$ 3504.99,100
3497,11:37:39,$ 3504.93,100
3498,11:37:39,$ 3504.48,100
3499,11:37:38,$ 3504.7945,125
3500,11:37:38,$ 3504.72,100
3501,11:37:29,$ 3503.015,300
3502,11:37:27,$ 3502.59,100
3503,11:37:27,$ 3502.52,100
3504,11:37:22,$ 3501.45,100
3505,11:37:22,$ 3502.38,100
3506,11:37:20,$ 3501.95,100
3507,11:37:20,$ 3502.50,100
3508,11:37:19,$ 3503.34,100
3509,11:37:14,$ 3502.97,200
3510,11:37:13,$ 3503.35,110
3511,11:37:12,$ 3503.71,100
3512,11:37:12,$ 3503.75,100
3513,11:37:12,$ 3503.71,100
3514,11:37:12,$ 3502.636,100
3516,11:37:11,$ 3503.29,100
3517,11:37:11,$ 3502.95,100
3518,11:37:11,$ 3503.00,100
3519,11:37:11,$ 3503.00,100
3520,11:37:11,$ 3502.35,100
3521,11:37:11,$ 3502.31,100
3522,11:37:11,$ 3501.88,100
3523,11:37:11,$ 3501.92,200
3524,11:37:11,$ 3501.075,100
3525,11:37:11,$ 3499.9999,178
3526,11:37:11,$ 3499.9999,157
3527,11:37:11,$ 3500.36,100
3528,11:37:11,$ 3499.9999,428
3529,11:37:11,$ 3500.00,100
3530,11:37:11,$ 3500.00,100
3531,11:37:11,$ 3500.00,150
3532,11:37:11,$ 3499.9999,100
3533,11:37:11,$ 3500.00,168
3534,11:37:11,$ 3500.00,300
3535,11:37:11,$ 3500.00,100
3537,11:37:11,$ 3500.00,100
3538,11:37:11,$ 3500.00,147
3539,11:37:11,$ 3500.00,100
3540,11:37:11,$ 3500.00,100
3541,11:37:11,$ 3500.00,100
3542,11:37:11,$ 3500.00,200
3543,11:37:11,$ 3500.00,100
3544,11:37:11,$ 3500.00,146
3545,11:37:11,$ 3500.00,100
3546,11:37:11,$ 3500.00,171
3547,11:37:11,$ 3499.9999,135
3548,11:37:11,$ 3500.00,135
3549,11:37:11,$ 3500.00,132
3550,11:36:59,$ 3500.00,100
3551,11:36:59,$ 3499.79,100
3552,11:36:59,$ 3500.00,100
3553,11:36:55,$ 3499.82,100
3554,11:36:47,$ 3500.00,100
3555,11:36:43,$ 3498.9601,100
3556,11:36:37,$ 3498.9839,100
3558,11:36:37,$ 3499.24,100
3559,11:36:32,$ 3499.115,100
3560,11:36:32,$ 3498.87,100
3561,11:36:18,$ 3499.6387,162
3562,11:36:18,$ 3499.6432,135
3563,11:36:11,$ 3499.96,100
3564,11:36:11,$ 3499.7366,200
3565,11:36:09,$ 3500.00,100
3566,11:36:09,$ 3500.00,100
3567,11:36:00,$ 3498.3253,100
3568,11:35:52,$ 3499.00,100
3569,11:35:52,$ 3499.01,189
3570,11:35:52,$ 3499.00,100
3571,11:35:52,$ 3499.00,100
3572,11:35:51,$ 3498.97,100
3573,11:35:50,$ 3498.50,164
3574,11:35:50,$ 3498.46,100
3575,11:35:50,$ 3498.50,100
3576,11:35:50,$ 3498.595,100
3577,11:35:46,$ 3498.25,100
3579,11:35:38,$ 3497.925,200
3580,11:35:28,$ 3498.47,100
3581,11:35:19,$ 3498.47,100
3582,11:35:07,$ 3497.99,200
3583,11:34:52,$ 3497.9733,294
3584,11:34:46,$ 3497.97,190
3585,11:34:43,$ 3498.00,129
3586,11:34:43,$ 3498.00,132
3587,11:34:43,$ 3498.00,100
3588,11:34:14,$ 3498.00,100
3589,11:34:13,$ 3497.7834,125
3590,11:34:12,$ 3497.79,100
3591,11:34:11,$ 3497.50,100
3592,11:34:11,$ 3497.27,200
3593,11:34:10,$ 3497.36,100
3594,11:34:09,$ 3497.30,100
3595,11:34:09,$ 3497.30,206
3596,11:34:07,$ 3497.195,125
3597,11:33:50,$ 3497.0595,100
3598,11:33:42,$ 3497.385,100
3600,11:33:18,$ 3497.195,100
3601,11:33:06,$ 3497.39,100
3602,11:33:04,$ 3497.345,100
3603,11:33:02,$ 3496.10,605
3604,11:32:49,$ 3497.125,500
3605,11:32:45,$ 3497.34,100
3606,11:32:44,$ 3496.74,100
3607,11:32:42,$ 3496.37,100
3608,11:32:32,$ 3496.3761,500
3609,11:32:31,$ 3496.03,100
3610,11:32:27,$ 3496.75,125
3611,11:32:24,$ 3496.2366,100
3612,11:31:53,$ 3497.50,200
3613,11:31:53,$ 3498.25,100
3614,11:31:46,$ 3498.185,100
3615,11:31:45,$ 3498.89,100
3616,11:31:43,$ 3498.195,227
3617,11:31:34,$ 3498.5677,300
3618,11:31:31,$ 3498.2533,300
3619,11:31:17,$ 3498.557,125
3621,11:31:15,$ 3498.7219,100
3622,11:31:15,$ 3498.34,100
3623,11:31:11,$ 3497.8201,200
3624,11:31:02,$ 3498.58,100
3626,12:29:32,$ 3509.01,100
3627,12:29:32,$ 3508.5201,100
3628,12:29:31,$ 3508.52,199
3629,12:29:29,$ 3509.51,100
3630,12:29:29,$ 3508.89,109
3631,12:29:29,$ 3508.89,109
3632,12:29:28,$ 3508.5049,100
3633,12:29:28,$ 3508.84,100
3634,12:29:28,$ 3508.78,100
3635,12:29:28,$ 3508.255,100
3636,12:29:28,$ 3508.47,100
3637,12:29:20,$ 3509.51,100
3638,12:29:08,$ 3509.01,100
3639,12:29:08,$ 3508.745,100
3640,12:29:07,$ 3509.00,200
3641,12:29:00,$ 3509.00,100
3642,12:29:00,$ 3509.00,100
3643,12:29:00,$ 3509.00,100
3644,12:28:57,$ 3508.95,100
3645,12:28:57,$ 3508.65,140
3647,12:28:57,$ 3508.65,100
3648,12:28:42,$ 3508.35,100
3649,12:28:37,$ 3508.8862,100
3650,12:28:29,$ 3508.6649,119
3651,12:28:19,$ 3508.97,100
3652,12:28:06,$ 3508.88,100
3653,12:28:00,$ 3508.47,100
3654,12:27:59,$ 3507.98,100
3655,12:27:59,$ 3508.00,100
3656,12:27:49,$ 3507.80,100
3657,12:27:49,$ 3507.79,100
3658,12:27:34,$ 3508.15,"1,000"
3659,12:27:28,$ 3508.15,342
3660,12:27:25,$ 3507.9675,150
3661,12:27:25,$ 3507.58,100
3662,12:27:10,$ 3507.95,100
3663,12:27:00,$ 3507.70,100
3664,12:26:47,$ 3507.42,100
3665,12:26:47,$ 3507.87,100
3666,12:26:47,$ 3507.87,100
3668,12:26:47,$ 3507.60,100
3669,12:26:47,$ 3507.8965,100
3670,12:26:36,$ 3507.48,100
3671,12:26:36,$ 3507.17,100
3672,12:26:35,$ 3507.18,100
3673,12:26:30,$ 3508.00,100
3674,12:26:30,$ 3508.00,100
3675,12:26:20,$ 3507.4516,230
3676,12:26:20,$ 3507.4543,656
3677,12:26:20,$ 3507.4513,114
3678,12:26:19,$ 3507.495,105
3679,12:26:15,$ 3507.60,100
3680,12:26:02,$ 3506.685,112
3681,12:25:23,$ 3505.97,200
3682,12:25:23,$ 3506.00,100
3683,12:25:23,$ 3505.94,100
3684,12:25:23,$ 3505.975,100
3685,12:25:23,$ 3506.00,100
3686,12:25:23,$ 3505.975,100
3687,12:25:23,$ 3506.00,100
3689,12:24:45,$ 3506.00,100
3690,12:24:22,$ 3507.35,200
3691,12:24:19,$ 3507.50,100
3692,12:24:14,$ 3506.715,100
3693,12:24:14,$ 3507.10,100
3694,12:24:13,$ 3507.68,100
3695,12:24:04,$ 3507.00,100
3696,12:24:03,$ 3506.96,100
3697,12:24:03,$ 3507.00,100
3698,12:24:03,$ 3507.00,100
3699,12:24:03,$ 3507.00,100
3700,12:24:00,$ 3506.50,300
3701,12:24:00,$ 3506.50,184
3702,12:24:00,$ 3506.50,100
3703,12:23:29,$ 3505.82,100
3704,12:23:28,$ 3505.64,100
3705,12:23:25,$ 3505.40,100
3706,12:23:09,$ 3505.80,100
3707,12:23:09,$ 3505.68,100
3708,12:23:02,$ 3506.00,100
3710,12:22:59,$ 3506.25,100
3711,12:22:48,$ 3506.4999,100
3712,12:22:47,$ 3506.25,100
3713,12:22:43,$ 3506.245,200
3714,12:22:43,$ 3506.50,287
3715,12:22:38,$ 3506.595,100
3716,12:22:36,$ 3506.2001,200
3717,12:22:35,$ 3506.80,100
3718,12:22:33,$ 3506.84,100
3719,12:22:33,$ 3506.44,280
3720,12:22:31,$ 3507.00,897
3721,12:22:31,$ 3507.00,222
3722,12:22:31,$ 3507.00,101
3723,12:22:31,$ 3506.69,100
3724,12:22:21,$ 3506.30,100
3725,12:22:20,$ 3506.60,100
3726,12:22:10,$ 3505.98,100
3727,12:22:01,$ 3506.58,100
3728,12:21:42,$ 3504.925,100
3729,12:21:42,$ 3505.00,200
3731,12:21:35,$ 3504.885,200
3732,12:21:33,$ 3504.885,200
3733,12:21:33,$ 3504.885,200
3734,12:21:23,$ 3505.00,211
3735,12:21:23,$ 3505.00,100
3736,12:21:23,$ 3505.00,100
3737,12:21:23,$ 3505.00,144
3738,12:21:15,$ 3504.595,200
3739,12:20:43,$ 3505.00,100
3740,12:20:43,$ 3505.00,100
3741,12:20:42,$ 3505.00,100
3742,12:20:42,$ 3504.98,100
3743,12:20:42,$ 3505.00,100
3744,12:20:34,$ 3504.99,100
3745,12:20:32,$ 3504.2401,200
3746,12:20:29,$ 3504.3061,400
3747,12:20:27,$ 3504.895,100
3748,12:20:25,$ 3504.625,100
3749,12:20:23,$ 3504.40,100
3750,12:20:17,$ 3503.85,500
3752,12:20:15,$ 3503.72,100
3753,12:20:10,$ 3503.7095,150
3754,12:20:10,$ 3503.00,163
3755,12:20:10,$ 3502.97,100
3756,12:20:10,$ 3502.73,100
3757,12:19:54,$ 3502.7325,400
3758,12:19:39,$ 3502.3369,500
3759,12:19:31,$ 3502.6017,285
3760,12:19:28,$ 3503.00,100
3761,12:19:22,$ 3502.50,424
3762,12:18:48,$ 3501.445,100
3763,12:18:40,$ 3501.64,100
3764,12:17:58,$ 3502.3819,123
3765,12:17:40,$ 3502.4876,285
3766,12:17:38,$ 3502.405,100
3767,12:17:37,$ 3502.69,100
3768,12:17:37,$ 3502.87,100
3769,12:17:29,$ 3502.8842,896
3770,12:17:29,$ 3502.8842,104
3771,12:16:38,$ 3502.50,109
3773,12:16:16,$ 3501.5501,100
3774,12:15:56,$ 3500.9227,500
3775,12:15:54,$ 3501.46,135
3776,12:15:44,$ 3502.15,100
3777,12:15:44,$ 3502.2827,167
3778,12:15:44,$ 3502.2827,216
3779,12:15:44,$ 3502.2827,108
3780,12:15:36,$ 3501.995,200
3781,12:15:34,$ 3502.00,100
3782,12:15:33,$ 3502.95,100
3783,12:15:19,$ 3501.86,100
3784,12:15:17,$ 3501.908,100
3785,12:15:17,$ 3501.9035,100
3786,12:15:07,$ 3501.7425,100
3787,12:15:07,$ 3501.7411,100
3788,12:15:05,$ 3501.50,300
3789,12:14:53,$ 3501.20,200
3790,12:14:53,$ 3500.95,294
3791,12:14:49,$ 3501.62,200
3792,12:14:28,$ 3501.48,500
3794,12:14:19,$ 3501.40,100
3795,12:14:00,$ 3503.0875,100
3796,12:13:56,$ 3502.315,100
3797,12:13:56,$ 3503.12,200
3798,12:13:56,$ 3503.115,400
3799,12:13:54,$ 3503.04,100
3800,12:13:49,$ 3501.3727,200
3801,12:13:49,$ 3501.895,200
3802,12:13:48,$ 3501.6525,100
3803,12:13:47,$ 3501.58,100
3804,12:13:43,$ 3501.25,250
3805,12:13:36,$ 3502.49,100
3806,12:13:32,$ 3503.07,100
3807,12:13:32,$ 3503.53,100
3808,12:13:32,$ 3503.53,100
3809,12:13:29,$ 3504.00,100
3810,12:13:21,$ 3504.00,100
3811,12:12:14,$ 3504.195,100
3812,12:12:02,$ 3504.9899,100
3813,12:11:58,$ 3504.88,100
3815,12:11:58,$ 3504.65,100
3816,12:11:58,$ 3504.68,100
3817,12:11:51,$ 3504.99,100
3818,12:11:42,$ 3504.46,100
3819,12:11:34,$ 3504.63,200
3820,12:11:33,$ 3504.545,100
3821,12:11:29,$ 3504.6275,100
3822,12:11:28,$ 3504.27,100
3823,12:11:28,$ 3504.28,100
3824,12:11:26,$ 3504.97,100
3825,12:11:26,$ 3505.00,100
3826,12:11:16,$ 3504.98,100
3827,12:11:16,$ 3504.97,100
3828,12:11:15,$ 3504.49,100
3829,12:11:15,$ 3504.975,100
3830,12:11:10,$ 3504.76,100
3831,12:11:02,$ 3503.95,100
3832,12:10:49,$ 3504.0279,200
3833,12:10:43,$ 3504.82,100
