,NLS Time (ET),NLS Price,NLS Share Volume
1,09:59:54,$ 3201.1726,100
2,09:59:01,$ 3200.195,100
3,09:58:59,$ 3199.93,100
4,09:58:43,$ 3199.60,100
5,09:58:34,$ 3200.32,114
6,09:58:24,$ 3199.90,100
7,09:58:24,$ 3199.95,100
8,09:58:24,$ 3199.99,800
9,09:58:24,$ 3199.99,100
10,09:58:24,$ 3200.09,100
11,09:58:24,$ 3200.01,100
12,09:58:24,$ 3200.22,100
13,09:58:24,$ 3200.21,100
14,09:58:24,$ 3200.50,100
15,09:58:24,$ 3201.28,100
16,09:58:22,$ 3201.68,100
17,09:58:22,$ 3201.51,100
18,09:58:21,$ 3201.335,100
19,09:58:21,$ 3201.45,100
20,09:58:21,$ 3201.73,100
22,09:58:17,$ 3201.45,200
23,09:58:11,$ 3201.29,100
24,09:58:10,$ 3201.29,100
25,09:58:10,$ 3201.29,100
26,09:58:09,$ 3202.5193,100
27,09:57:47,$ 3202.12,314
28,09:57:37,$ 3202.11,100
29,09:57:37,$ 3202.44,149
30,09:57:36,$ 3201.89,100
31,09:57:35,$ 3203.00,100
32,09:57:24,$ 3203.5421,150
33,09:57:24,$ 3203.71,100
34,09:57:14,$ 3204.00,100
35,09:57:09,$ 3205.01,100
36,09:57:00,$ 3204.465,100
37,09:56:59,$ 3204.475,100
38,09:56:52,$ 3204.18,100
39,09:56:39,$ 3205.04,100
40,09:56:32,$ 3204.62,100
41,09:56:08,$ 3203.77,100
43,09:55:57,$ 3204.87,500
44,09:55:31,$ 3203.895,100
45,09:55:26,$ 3203.895,100
46,09:55:25,$ 3203.79,100
47,09:54:32,$ 3200.375,100
48,09:54:32,$ 3201.00,156
49,09:54:21,$ 3200.49,100
50,09:53:56,$ 3202.05,100
51,09:53:49,$ 3201.4205,212
52,09:53:40,$ 3201.20,100
53,09:53:40,$ 3201.2001,400
54,09:53:40,$ 3201.67,100
55,09:53:22,$ 3201.005,100
56,09:53:20,$ 3202.5746,484
57,09:53:20,$ 3200.99,100
58,09:53:12,$ 3202.475,100
59,09:53:11,$ 3201.15,100
60,09:53:10,$ 3202.92,100
61,09:53:02,$ 3202.33,100
62,09:52:47,$ 3202.33,100
64,09:52:47,$ 3203.8741,750
65,09:52:40,$ 3202.30,100
66,09:52:25,$ 3202.18,100
67,09:52:18,$ 3202.78,100
68,09:52:18,$ 3203.19,100
69,09:51:57,$ 3203.05,100
70,09:51:46,$ 3203.47,100
71,09:51:27,$ 3203.58,100
72,09:51:23,$ 3203.58,100
73,09:51:21,$ 3203.2375,100
74,09:51:12,$ 3203.6575,100
75,09:51:09,$ 3202.7825,100
76,09:51:09,$ 3204.02,248
77,09:51:03,$ 3204.19,100
78,09:51:01,$ 3204.5925,100
79,09:50:43,$ 3202.065,100
80,09:50:32,$ 3203.65,100
81,09:50:31,$ 3204.44,111
82,09:50:27,$ 3205.485,100
83,09:50:14,$ 3203.00,378
85,09:50:08,$ 3204.88,100
86,09:49:33,$ 3202.645,100
87,09:49:07,$ 3200.44,100
88,09:49:02,$ 3202.00,100
89,09:48:56,$ 3202.11,100
90,09:48:45,$ 3202.78,100
91,09:48:45,$ 3202.77,100
92,09:48:31,$ 3201.30,100
93,09:48:20,$ 3201.495,100
94,09:48:19,$ 3202.62,100
95,09:48:19,$ 3201.495,100
96,09:48:18,$ 3201.485,100
97,09:48:15,$ 3201.50,100
98,09:47:52,$ 3203.025,100
99,09:47:45,$ 3204.035,100
100,09:47:45,$ 3203.5657,200
101,09:47:42,$ 3203.38,100
102,09:47:41,$ 3203.53,100
103,09:47:41,$ 3203.52,100
104,09:47:41,$ 3203.25,100
106,09:47:41,$ 3203.00,100
107,09:47:41,$ 3203.00,100
108,09:47:39,$ 3203.55,152
109,09:47:05,$ 3202.05,100
110,09:46:44,$ 3201.2814,294
111,09:46:44,$ 3202.58,100
112,09:46:25,$ 3202.385,100
113,09:46:15,$ 3202.741,500
114,09:46:11,$ 3202.18,100
115,09:46:10,$ 3201.94,100
116,09:46:07,$ 3201.6293,250
117,09:45:59,$ 3202.09,100
118,09:45:59,$ 3202.00,100
119,09:45:35,$ 3201.00,100
120,09:45:29,$ 3200.85,100
121,09:45:29,$ 3200.77,100
122,09:45:19,$ 3198.84,100
123,09:45:07,$ 3200.3915,100
124,09:44:45,$ 3197.12,100
125,09:44:36,$ 3199.785,100
127,09:44:27,$ 3197.1201,100
128,09:44:25,$ 3197.99,100
129,09:44:25,$ 3198.00,100
130,09:44:25,$ 3196.4207,100
131,09:44:04,$ 3196.18,100
132,09:44:01,$ 3197.36,100
133,09:43:46,$ 3197.99,100
134,09:43:39,$ 3196.5625,100
135,09:43:21,$ 3195.56,100
136,09:43:21,$ 3196.08,100
137,09:43:21,$ 3195.9558,300
138,09:43:15,$ 3196.605,100
139,09:43:14,$ 3197.04,100
140,09:43:08,$ 3196.91,100
141,09:43:07,$ 3197.685,100
142,09:43:02,$ 3197.23,100
143,09:43:00,$ 3197.69,100
144,09:43:00,$ 3197.46,200
145,09:42:59,$ 3198.41,100
146,09:42:48,$ 3197.645,100
148,09:44:27,$ 3197.1201,100
149,09:44:25,$ 3197.99,100
150,09:44:25,$ 3198.00,100
151,09:44:25,$ 3196.4207,100
152,09:44:04,$ 3196.18,100
153,09:44:01,$ 3197.36,100
154,09:43:46,$ 3197.99,100
155,09:43:39,$ 3196.5625,100
156,09:43:21,$ 3195.56,100
157,09:43:21,$ 3196.08,100
158,09:43:21,$ 3195.9558,300
159,09:43:15,$ 3196.605,100
160,09:43:14,$ 3197.04,100
161,09:43:08,$ 3196.91,100
162,09:43:07,$ 3197.685,100
163,09:43:02,$ 3197.23,100
164,09:43:00,$ 3197.69,100
165,09:43:00,$ 3197.46,200
166,09:42:59,$ 3198.41,100
167,09:42:48,$ 3197.645,100
169,09:40:54,$ 3198.3758,100
170,09:40:51,$ 3198.225,100
171,09:40:51,$ 3198.225,100
172,09:40:51,$ 3198.365,100
173,09:40:51,$ 3198.00,100
174,09:40:51,$ 3197.245,100
175,09:40:50,$ 3197.99,"1,400"
176,09:40:48,$ 3197.05,100
177,09:40:44,$ 3198.2398,100
178,09:40:37,$ 3195.015,200
179,09:40:37,$ 3194.945,100
180,09:40:36,$ 3195.01,100
181,09:40:23,$ 3194.40,100
182,09:40:21,$ 3195.04,100
183,09:40:21,$ 3195.42,100
184,09:40:21,$ 3195.55,442
185,09:40:21,$ 3196.66,100
186,09:40:20,$ 3198.6601,200
187,09:40:20,$ 3197.90,300
188,09:40:14,$ 3198.66,400
190,09:40:54,$ 3198.3758,100
191,09:40:51,$ 3198.225,100
192,09:40:51,$ 3198.225,100
193,09:40:51,$ 3198.365,100
194,09:40:51,$ 3198.00,100
195,09:40:51,$ 3197.245,100
196,09:40:50,$ 3197.99,"1,400"
197,09:40:48,$ 3197.05,100
198,09:40:44,$ 3198.2398,100
199,09:40:37,$ 3195.015,200
200,09:40:37,$ 3194.945,100
201,09:40:36,$ 3195.01,100
202,09:40:23,$ 3194.40,100
203,09:40:21,$ 3195.04,100
204,09:40:21,$ 3195.42,100
205,09:40:21,$ 3195.55,442
206,09:40:21,$ 3196.66,100
207,09:40:20,$ 3198.6601,200
208,09:40:20,$ 3197.90,300
209,09:40:14,$ 3198.66,400
211,09:39:33,$ 3200.42,100
212,09:39:31,$ 3200.15,200
213,09:39:21,$ 3200.87,100
214,09:39:04,$ 3199.70,100
215,09:39:04,$ 3199.575,100
216,09:39:04,$ 3199.78,100
217,09:39:04,$ 3199.575,100
218,09:39:01,$ 3199.575,100
219,09:38:55,$ 3199.98,100
220,09:38:55,$ 3200.765,100
221,09:38:48,$ 3200.0097,312
222,09:38:48,$ 3200.53,100
223,09:38:46,$ 3200.50,100
224,09:38:40,$ 3202.43,100
225,09:38:35,$ 3200.50,100
226,09:38:35,$ 3200.50,100
227,09:38:33,$ 3200.00,100
228,09:38:31,$ 3200.03,100
229,09:38:31,$ 3200.02,100
230,09:38:31,$ 3200.02,100
232,09:38:31,$ 3200.02,210
233,09:38:31,$ 3200.02,100
234,09:38:27,$ 3201.00,100
235,09:38:24,$ 3201.00,566
236,09:38:24,$ 3201.00,100
237,09:38:23,$ 3201.05,100
238,09:38:23,$ 3201.05,100
239,09:38:23,$ 3201.05,100
240,09:38:03,$ 3202.36,100
241,09:38:03,$ 3202.53,100
242,09:37:54,$ 3202.37,100
243,09:37:54,$ 3202.4173,100
244,09:37:53,$ 3202.37,100
245,09:37:47,$ 3201.77,100
246,09:37:47,$ 3201.6825,100
247,09:37:47,$ 3201.565,100
248,09:37:44,$ 3201.00,100
249,09:37:33,$ 3201.51,100
250,09:37:23,$ 3200.45,100
251,09:37:22,$ 3202.04,100
253,09:38:31,$ 3200.02,210
254,09:38:31,$ 3200.02,100
255,09:38:27,$ 3201.00,100
256,09:38:24,$ 3201.00,566
257,09:38:24,$ 3201.00,100
258,09:38:23,$ 3201.05,100
259,09:38:23,$ 3201.05,100
260,09:38:23,$ 3201.05,100
261,09:38:03,$ 3202.36,100
262,09:38:03,$ 3202.53,100
263,09:37:54,$ 3202.37,100
264,09:37:54,$ 3202.4173,100
265,09:37:53,$ 3202.37,100
266,09:37:47,$ 3201.77,100
267,09:37:47,$ 3201.6825,100
268,09:37:47,$ 3201.565,100
269,09:37:44,$ 3201.00,100
270,09:37:33,$ 3201.51,100
271,09:37:23,$ 3200.45,100
272,09:37:22,$ 3202.04,100
274,09:35:11,$ 3207.85,100
275,09:35:11,$ 3207.80,100
276,09:35:11,$ 3207.16,100
277,09:35:10,$ 3206.91,100
278,09:35:09,$ 3205.83,100
279,09:35:09,$ 3205.74,100
280,09:35:06,$ 3205.00,100
281,09:35:01,$ 3203.2633,150
282,09:34:59,$ 3202.82,100
283,09:34:58,$ 3201.00,100
284,09:34:57,$ 3199.375,150
285,09:34:49,$ 3201.00,100
286,09:34:47,$ 3198.185,100
287,09:34:40,$ 3198.56,100
288,09:34:22,$ 3199.58,100
289,09:34:22,$ 3199.51,535
290,09:34:22,$ 3200.22,100
291,09:34:07,$ 3199.17,100
292,09:34:03,$ 3199.045,100
293,09:33:58,$ 3198.15,100
295,09:33:57,$ 3197.84,100
296,09:33:57,$ 3197.315,100
297,09:33:57,$ 3196.90,100
298,09:33:40,$ 3197.67,200
299,09:33:30,$ 3199.42,100
300,09:33:23,$ 3199.60,100
301,09:33:15,$ 3198.87,100
302,09:33:14,$ 3198.345,100
303,09:33:14,$ 3198.345,100
304,09:33:11,$ 3197.81,137
305,09:33:11,$ 3197.859,200
306,09:33:11,$ 3197.83,100
307,09:33:11,$ 3197.83,100
308,09:33:05,$ 3198.00,118
309,09:33:04,$ 3197.71,100
310,09:33:04,$ 3197.34,100
311,09:33:02,$ 3195.6601,100
312,09:33:01,$ 3199.175,100
313,09:33:01,$ 3197.365,100
314,09:33:01,$ 3199.00,100
316,09:33:01,$ 3199.00,850
317,09:33:00,$ 3198.35,100
318,09:32:58,$ 3197.00,100
319,09:32:56,$ 3196.51,100
320,09:32:56,$ 3196.51,100
321,09:32:51,$ 3198.01,100
322,09:32:47,$ 3198.36,100
323,09:32:38,$ 3197.85,100
324,09:32:34,$ 3198.12,100
325,09:32:34,$ 3198.13,100
326,09:32:33,$ 3198.125,100
327,09:32:32,$ 3196.52,100
328,09:32:27,$ 3198.0975,100
329,09:32:24,$ 3200.8799,100
330,09:32:11,$ 3198.6508,250
331,09:32:10,$ 3197.78,100
332,09:32:09,$ 3197.205,100
333,09:32:05,$ 3198.1075,100
334,09:32:05,$ 3197.96,100
335,09:32:05,$ 3198.15,100
337,09:32:04,$ 3198.4925,100
338,09:32:02,$ 3198.55,100
339,09:32:01,$ 3197.92,116
340,09:32:01,$ 3197.915,100
341,09:32:00,$ 3197.91,100
342,09:32:00,$ 3197.91,100
343,09:32:00,$ 3197.91,100
344,09:32:00,$ 3197.91,100
345,09:31:57,$ 3197.25,100
346,09:31:57,$ 3197.25,100
347,09:31:56,$ 3197.54,100
348,09:31:55,$ 3197.53,100
349,09:31:55,$ 3197.73,100
350,09:31:55,$ 3197.94,105
351,09:31:55,$ 3197.96,100
352,09:31:50,$ 3196.57,100
353,09:31:50,$ 3197.65,100
354,09:31:43,$ 3196.01,100
355,09:31:43,$ 3196.01,100
356,09:31:42,$ 3196.22,100
358,09:31:42,$ 3196.42,100
359,09:31:42,$ 3196.08,120
360,09:31:41,$ 3196.08,200
361,09:31:41,$ 3195.83,100
362,09:31:41,$ 3196.17,187
363,09:31:41,$ 3196.06,100
364,09:31:40,$ 3196.02,100
365,09:31:39,$ 3196.16,100
366,09:31:36,$ 3195.905,100
367,09:31:31,$ 3195.143,100
368,09:31:24,$ 3197.00,100
369,09:31:17,$ 3194.455,100
370,09:31:13,$ 3193.32,100
371,09:31:11,$ 3194.0762,100
372,09:31:07,$ 3195.255,100
373,09:31:04,$ 3193.99,100
374,09:31:03,$ 3194.00,122
375,09:31:01,$ 3194.4725,100
376,09:30:57,$ 3194.51,200
377,09:30:56,$ 3196.09,100
379,09:30:53,$ 3195.85,100
380,09:30:53,$ 3196.66,100
381,09:30:48,$ 3194.5444,500
382,09:30:48,$ 3196.41,100
383,09:30:47,$ 3196.95,100
384,09:30:46,$ 3196.035,100
385,09:30:40,$ 3195.232,100
386,09:30:40,$ 3195.50,100
387,09:30:40,$ 3195.51,100
388,09:30:40,$ 3195.515,100
389,09:30:40,$ 3195.00,625
390,09:30:40,$ 3195.00,100
391,09:30:40,$ 3196.00,600
392,09:30:40,$ 3196.00,343
393,09:30:40,$ 3196.00,100
394,09:30:37,$ 3197.59,100
395,09:30:35,$ 3197.58,100
396,09:30:32,$ 3199.20,100
397,09:30:30,$ 3200.00,270
398,09:30:30,$ 3199.49,100
400,09:30:26,$ 3197.82,100
401,09:30:26,$ 3198.35,174
402,09:30:26,$ 3198.35,100
403,09:30:26,$ 3198.35,100
404,09:30:26,$ 3198.35,100
405,09:30:26,$ 3198.35,122
406,09:30:26,$ 3198.35,114
407,09:30:21,$ 3198.4351,100
408,09:30:11,$ 3198.62,100
409,09:30:09,$ 3196.96,100
410,09:30:07,$ 3197.06,320
411,09:30:05,$ 3197.01,100
412,09:30:05,$ 3197.01,100
413,09:30:05,$ 3197.01,100
414,09:30:00,$ 3196.68,1
415,09:30:00,$ 3196.68,3
416,09:30:00,$ 3196.68,5
417,09:30:00,$ 3196.68,2
418,09:30:00,$ 3196.68,1
419,09:30:00,$ 3196.68,1
421,09:30:00,$ 3196.68,2
422,09:30:00,$ 3196.68,3
423,09:30:00,$ 3196.68,2
424,09:30:00,$ 3196.68,1
425,09:30:00,$ 3196.68,1
426,09:30:00,$ 3196.68,1
427,09:30:00,$ 3196.68,1
428,09:30:00,$ 3196.68,1
429,09:30:00,$ 3196.68,2
430,09:30:00,$ 3196.68,8
431,09:30:00,$ 3196.68,2
432,09:30:00,$ 3196.68,1
433,09:30:00,$ 3196.68,1
434,09:30:00,$ 3196.68,1
435,09:30:00,$ 3196.68,1
436,09:30:00,$ 3196.68,4
437,09:30:00,$ 3196.68,5
438,09:30:00,$ 3196.68,1
439,09:30:00,$ 3196.68,1
440,09:30:00,$ 3196.68,1
442,09:30:00,$ 3196.68,2
443,09:30:00,$ 3196.68,4
444,09:30:00,$ 3196.68,1
445,09:30:00,$ 3196.68,1
446,09:30:00,$ 3196.68,2
447,09:30:00,$ 3196.68,1
448,09:30:00,$ 3196.68,1
449,09:30:00,$ 3196.68,2
450,09:30:00,$ 3196.68,2
451,09:30:00,$ 3196.68,1
452,09:30:00,$ 3196.68,1
453,09:30:00,$ 3196.68,1
454,09:30:00,$ 3196.68,2
455,09:30:00,$ 3196.68,18
456,09:30:00,$ 3196.68,2
457,09:30:00,$ 3196.68,1
458,09:30:00,$ 3196.68,1
459,09:30:00,$ 3196.68,1
460,09:30:00,$ 3196.68,5
461,09:30:00,$ 3196.68,4
463,09:30:00,$ 3196.68,3
464,09:30:00,$ 3196.68,3
465,09:30:00,$ 3196.68,1
466,09:30:00,$ 3196.68,1
467,09:30:00,$ 3196.68,4
468,09:30:00,$ 3196.68,11
469,09:30:00,$ 3196.68,7
470,09:30:00,$ 3196.68,5
471,09:30:00,$ 3196.68,1
472,09:30:00,$ 3196.68,3
473,09:30:00,$ 3196.68,1
474,09:30:00,$ 3196.68,4
475,09:30:00,$ 3196.68,2
476,09:30:00,$ 3196.68,5
477,09:30:00,$ 3196.68,19
478,09:30:00,$ 3196.68,1
479,09:30:00,$ 3196.68,1
480,09:30:00,$ 3196.68,1
481,09:30:00,$ 3196.68,104
482,09:30:00,$ 3196.68,1
484,09:30:00,$ 3196.68,1
485,09:30:00,$ 3196.68,1
486,09:30:00,$ 3196.68,20
487,09:30:00,$ 3196.68,5
488,09:30:00,$ 3196.68,8
489,09:30:00,$ 3196.68,10
490,09:30:00,$ 3196.68,3
491,09:30:00,$ 3196.68,2
492,09:30:00,$ 3196.68,1
493,09:30:00,$ 3196.68,1
494,09:30:00,$ 3196.68,3
495,09:30:00,$ 3196.68,3
496,09:30:00,$ 3196.68,2
497,09:30:00,$ 3196.68,6
498,09:30:00,$ 3196.68,2
499,09:30:00,$ 3196.68,8
500,09:30:00,$ 3196.68,2
501,09:30:00,$ 3196.68,3
502,09:30:00,$ 3196.68,3
503,09:30:00,$ 3196.68,2
505,09:30:00,$ 3196.68,8
506,09:30:00,$ 3196.68,1
507,09:30:00,$ 3196.68,1
508,09:30:00,$ 3196.68,3
509,09:30:00,$ 3196.68,5
510,09:30:00,$ 3196.68,3
511,09:30:00,$ 3196.68,6
512,09:30:00,$ 3196.68,1
513,09:30:00,$ 3196.68,1
514,09:30:00,$ 3196.68,15
515,09:30:00,$ 3196.68,15
516,09:30:00,$ 3196.68,200
517,09:30:00,$ 3196.68,8
518,09:30:00,$ 3196.68,1
519,09:30:00,$ 3196.68,2
520,09:30:00,$ 3196.68,5
521,09:30:00,$ 3196.68,1
522,09:30:00,$ 3196.68,2
523,09:30:00,$ 3196.68,8
524,09:30:00,$ 3196.68,1
526,09:30:00,$ 3196.68,6
527,09:30:00,$ 3196.68,30
528,09:30:00,$ 3196.68,3
529,09:30:00,$ 3196.68,25
530,09:30:00,$ 3196.68,3
531,09:30:00,$ 3196.68,1
532,09:30:00,$ 3196.68,1
533,09:30:00,$ 3196.68,1
534,09:30:00,$ 3196.68,1
535,09:30:00,$ 3196.68,3
536,09:30:00,$ 3196.68,1
537,09:30:00,$ 3196.68,6
538,09:30:00,$ 3196.68,15
539,09:30:00,$ 3196.68,1
540,09:30:00,$ 3196.68,3
541,09:30:00,$ 3196.68,6
542,09:30:00,$ 3196.68,1
543,09:30:00,$ 3196.68,1
544,09:30:00,$ 3196.68,1
545,09:30:00,$ 3196.68,1
547,09:30:00,$ 3196.68,1
548,09:30:00,$ 3196.68,2
549,09:30:00,$ 3196.68,2
550,09:30:00,$ 3196.68,3
551,09:30:00,$ 3196.68,1
552,09:30:00,$ 3196.68,1
553,09:30:00,$ 3196.68,3
554,09:30:00,$ 3196.68,2
555,09:30:00,$ 3196.68,20
556,09:30:00,$ 3196.68,3
557,09:30:00,$ 3196.68,30
558,09:30:00,$ 3196.68,4
559,09:30:00,$ 3196.68,1
560,09:30:00,$ 3196.68,1
561,09:30:00,$ 3196.68,6
562,09:30:00,$ 3196.68,1
563,09:30:00,$ 3196.68,3
564,09:30:00,$ 3196.68,5
565,09:30:00,$ 3196.68,7
566,09:30:00,$ 3196.68,1
568,09:30:00,$ 3196.68,2
569,09:30:00,$ 3196.68,3
570,09:30:00,$ 3196.68,2
571,09:30:00,$ 3196.68,1
572,09:30:00,$ 3196.68,20
573,09:30:00,$ 3196.68,2
574,09:30:00,$ 3196.68,1
575,09:30:00,$ 3196.68,5
576,09:30:00,$ 3196.68,1
577,09:30:00,$ 3196.68,1
578,09:30:00,$ 3196.68,3
579,09:30:00,$ 3196.68,3
580,09:30:00,$ 3196.68,1
581,09:30:00,$ 3196.68,1
582,09:30:00,$ 3196.68,1
583,09:30:00,$ 3196.68,1
584,09:30:00,$ 3196.68,8
585,09:30:00,$ 3196.68,1
586,09:30:00,$ 3196.68,32
587,09:30:00,$ 3196.68,1
589,09:30:00,$ 3196.68,15
590,09:30:00,$ 3196.68,4
591,09:30:00,$ 3196.68,5
592,09:30:00,$ 3196.68,1
593,09:30:00,$ 3196.68,5
594,09:30:00,$ 3196.68,7
595,09:30:00,$ 3196.68,25
596,09:30:00,$ 3196.68,1
597,09:30:00,$ 3196.68,4
598,09:30:00,$ 3196.68,3
599,09:30:00,$ 3196.68,5
600,09:30:00,$ 3196.68,10
601,09:30:00,$ 3196.68,20
602,09:30:00,$ 3196.68,1
603,09:30:00,$ 3196.68,5
604,09:30:00,$ 3196.68,2
605,09:30:00,$ 3196.68,1
606,09:30:00,$ 3196.68,1
607,09:30:00,$ 3196.68,1
608,09:30:00,$ 3196.68,1
610,09:30:00,$ 3196.68,2
611,09:30:00,$ 3196.68,1
612,09:30:00,$ 3196.68,10
613,09:30:00,$ 3196.68,1
614,09:30:00,$ 3196.68,2
615,09:30:00,$ 3196.68,3
616,09:30:00,$ 3196.68,1
617,09:30:00,$ 3196.68,1
618,09:30:00,$ 3196.68,1
619,09:30:00,$ 3196.68,1
620,09:30:00,$ 3196.68,5
621,09:30:00,$ 3196.68,15
622,09:30:00,$ 3196.68,7
623,09:30:00,$ 3196.68,5
624,09:30:00,$ 3196.68,1
625,09:30:00,$ 3196.68,6
626,09:30:00,$ 3196.68,1
627,09:30:00,$ 3196.68,2
628,09:30:00,$ 3196.68,2
629,09:30:00,$ 3196.68,1
631,09:30:00,$ 3196.68,1
632,09:30:00,$ 3196.68,1
633,09:30:00,$ 3196.68,1
634,09:30:00,$ 3196.68,1
635,09:30:00,$ 3196.68,3
636,09:30:00,$ 3196.68,1
637,09:30:00,$ 3196.68,1
638,09:30:00,$ 3196.68,1
639,09:30:00,$ 3196.68,1
640,09:30:00,$ 3196.68,15
641,09:30:00,$ 3196.68,15
642,09:30:00,$ 3196.68,1
643,09:30:00,$ 3196.68,1
644,09:30:00,$ 3196.68,2
645,09:30:00,$ 3196.68,1
646,09:30:00,$ 3196.68,2
647,09:30:00,$ 3196.68,2
648,09:30:00,$ 3196.68,1
649,09:30:00,$ 3196.68,2
650,09:30:00,$ 3196.68,2
652,09:30:00,$ 3196.68,1
653,09:30:00,$ 3196.68,1
654,09:30:00,$ 3196.68,1
655,09:30:00,$ 3196.68,10
656,09:30:00,$ 3196.68,3
657,09:30:00,$ 3196.68,1
658,09:30:00,$ 3196.68,1
659,09:30:00,$ 3196.68,1
660,09:30:00,$ 3196.68,1
661,09:30:00,$ 3196.68,5
662,09:30:00,$ 3196.68,1
663,09:30:00,$ 3196.68,2
664,09:30:00,$ 3196.68,1
665,09:30:00,$ 3196.68,10
666,09:30:00,$ 3196.68,10
667,09:30:00,$ 3196.68,10
668,09:30:00,$ 3196.68,1
669,09:30:00,$ 3196.68,4
670,09:30:00,$ 3196.68,1
671,09:30:00,$ 3196.68,5
673,09:30:00,$ 3196.68,2
674,09:30:00,$ 3196.68,1
675,09:30:00,$ 3196.68,1
676,09:30:00,$ 3196.68,1
677,09:30:00,$ 3196.68,10
678,09:30:00,$ 3196.68,3
679,09:30:00,$ 3196.68,1
680,09:30:00,$ 3196.68,5
681,09:30:00,$ 3196.68,1
682,09:30:00,$ 3196.68,1
683,09:30:00,$ 3196.68,3
684,09:30:00,$ 3196.68,5
685,09:30:00,$ 3196.68,10
686,09:30:00,$ 3196.68,10
687,09:30:00,$ 3196.68,16
688,09:30:00,$ 3196.68,16
689,09:30:00,$ 3196.68,60
690,09:30:00,$ 3196.68,8
691,09:30:00,$ 3196.68,16
692,09:30:00,$ 3196.68,4
694,09:30:00,$ 3196.68,5
695,09:30:00,$ 3196.68,3
696,09:30:00,$ 3196.68,20
697,09:30:00,$ 3196.68,4
698,09:30:00,$ 3196.68,30
699,09:30:00,$ 3196.68,4
700,09:30:00,$ 3196.68,4
701,09:30:00,$ 3196.68,5
702,09:30:00,$ 3196.68,2
703,09:30:00,$ 3196.68,8
704,09:30:00,$ 3196.68,7
705,09:30:00,$ 3196.68,9
706,09:30:00,$ 3196.68,4
707,09:30:00,$ 3196.68,6
708,09:30:00,$ 3196.68,10
709,09:30:00,$ 3196.68,8
710,09:30:00,$ 3196.68,3
711,09:30:00,$ 3196.68,1
712,09:30:00,$ 3196.68,2
713,09:30:00,$ 3196.68,14
715,09:30:00,$ 3196.68,23
716,09:30:00,$ 3196.68,14
717,09:30:00,$ 3196.68,40
718,09:30:00,$ 3196.68,19
719,09:30:00,$ 3196.68,13
720,09:30:00,$ 3196.68,13
721,09:30:00,$ 3196.68,1
722,09:30:00,$ 3196.68,1
723,09:30:00,$ 3196.68,1
724,09:30:00,$ 3196.68,1
725,09:30:00,$ 3196.68,3
726,09:30:00,$ 3196.68,2
727,09:30:00,$ 3196.68,1
728,09:30:00,$ 3196.68,5
729,09:30:00,$ 3196.68,1
730,09:30:00,$ 3196.68,2
731,09:30:00,$ 3196.68,1
732,09:30:00,$ 3196.68,1
733,09:30:00,$ 3196.68,7
734,09:30:00,$ 3196.68,1
736,09:30:00,$ 3196.68,10
737,09:30:00,$ 3196.68,1
738,09:30:00,$ 3196.68,1
739,09:30:00,$ 3196.68,6
740,09:30:00,$ 3196.68,3
741,09:30:00,$ 3196.68,1
742,09:30:00,$ 3196.68,1
743,09:30:00,$ 3196.68,2
744,09:30:00,$ 3196.68,2
745,09:30:00,$ 3196.68,156
746,09:30:00,$ 3196.68,300
747,09:30:00,$ 3196.68,1
748,09:30:00,$ 3196.68,5
749,09:30:00,$ 3196.68,3
750,09:30:00,$ 3196.68,1
751,09:30:00,$ 3196.68,1
752,09:30:00,$ 3196.68,3
753,09:30:00,$ 3196.68,1
754,09:30:00,$ 3196.68,2
755,09:30:00,$ 3196.68,3
757,09:30:00,$ 3196.68,1
758,09:30:00,$ 3196.68,1
759,09:30:00,$ 3196.68,2
760,09:30:00,$ 3196.68,98
761,09:30:00,$ 3196.68,10
762,09:30:00,$ 3196.68,1
763,09:30:00,$ 3196.68,1
764,09:30:00,$ 3196.68,1
765,09:30:00,$ 3196.68,12
766,09:30:00,$ 3196.68,5
767,09:30:00,$ 3196.68,3
768,09:30:00,$ 3196.68,1
769,09:30:00,$ 3196.68,2
770,09:30:00,$ 3196.68,1
771,09:30:00,$ 3196.68,3
772,09:30:00,$ 3196.68,6
773,09:30:00,$ 3196.68,2
774,09:30:00,$ 3196.68,3
775,09:30:00,$ 3196.68,1
776,09:30:00,$ 3196.68,1
778,09:30:00,$ 3196.68,1
779,09:30:00,$ 3196.68,4
780,09:30:00,$ 3196.68,1
781,09:30:00,$ 3196.68,1
782,09:30:00,$ 3196.68,1
783,09:30:00,$ 3196.68,100
784,09:30:00,$ 3196.68,4
785,09:30:00,$ 3196.68,1
786,09:30:00,$ 3196.68,3
787,09:30:00,$ 3196.68,1
788,09:30:00,$ 3196.68,3
789,09:30:00,$ 3196.68,5
790,09:30:00,$ 3196.68,10
791,09:30:00,$ 3196.68,6
792,09:30:00,$ 3196.68,1
793,09:30:00,$ 3196.68,68
794,09:30:00,$ 3196.68,1
795,09:30:00,$ 3196.68,1
796,09:30:00,$ 3196.68,2
797,09:30:00,$ 3196.68,15
799,09:30:00,$ 3196.68,8
800,09:30:00,$ 3196.68,50
801,09:30:00,$ 3196.68,18
802,09:30:00,$ 3196.68,16
803,09:30:00,$ 3196.68,5
804,09:30:00,$ 3196.68,35
805,09:30:00,$ 3196.68,6
806,09:30:00,$ 3196.68,3
807,09:30:00,$ 3196.68,4
808,09:30:00,$ 3196.68,1
809,09:30:00,$ 3196.68,1
810,09:30:00,$ 3196.68,1
811,09:30:00,$ 3196.68,6
812,09:30:00,$ 3196.68,10
813,09:30:00,$ 3196.68,4
814,09:30:00,$ 3196.68,1
815,09:30:00,$ 3196.68,2
816,09:30:00,$ 3196.68,1
817,09:30:00,$ 3196.68,2
818,09:30:00,$ 3196.68,2
820,09:30:00,$ 3196.68,4
821,09:30:00,$ 3196.68,2
822,09:30:00,$ 3196.68,1
823,09:30:00,$ 3196.68,12
824,09:30:00,$ 3196.68,2
825,09:30:00,$ 3196.68,2
826,09:30:00,$ 3196.68,10
827,09:30:00,$ 3196.68,1
828,09:30:00,$ 3196.68,100
829,09:30:00,$ 3196.68,3
830,09:30:00,$ 3196.68,1
831,09:30:00,$ 3196.68,2
832,09:30:00,$ 3196.68,1
833,09:30:00,$ 3196.68,15
834,09:30:00,$ 3196.68,2
835,09:30:00,$ 3196.68,3
836,09:30:00,$ 3196.68,1
837,09:30:00,$ 3196.68,2
838,09:30:00,$ 3196.68,3
839,09:30:00,$ 3196.68,1
841,09:30:00,$ 3196.68,1
842,09:30:00,$ 3196.68,20
843,09:30:00,$ 3196.68,10
844,09:30:00,$ 3196.68,3
845,09:30:00,$ 3196.68,1
846,09:30:00,$ 3196.68,2
847,09:30:00,$ 3196.68,1
848,09:30:00,$ 3196.68,3
849,09:30:00,$ 3196.68,5
850,09:30:00,$ 3196.68,375
851,09:30:00,$ 3196.68,1
852,09:30:00,$ 3196.68,1
853,09:30:00,$ 3196.68,4
854,09:30:00,$ 3196.68,75
855,09:30:00,$ 3196.68,31
856,09:30:00,$ 3196.68,1
857,09:30:00,$ 3196.68,3
858,09:30:00,$ 3196.68,1
859,09:30:00,$ 3196.68,1
860,09:30:00,$ 3196.68,4
862,09:30:00,$ 3196.68,1
863,09:30:00,$ 3196.68,1
864,09:30:00,$ 3196.68,10
865,09:30:00,$ 3196.68,1
866,09:30:00,$ 3196.68,1
867,09:30:00,$ 3196.68,3
868,09:30:00,$ 3196.68,5
869,09:30:00,$ 3196.68,1
870,09:30:00,$ 3196.68,1
871,09:30:00,$ 3196.68,1
872,09:30:00,$ 3196.68,3
873,09:30:00,$ 3196.68,5
874,09:30:00,$ 3196.68,2
875,09:30:00,$ 3196.68,2
876,09:30:00,$ 3196.68,2
877,09:30:00,$ 3196.68,3
878,09:30:00,$ 3196.68,1
879,09:30:00,$ 3196.68,1
880,09:30:00,$ 3196.68,4
881,09:30:00,$ 3196.68,1
883,09:30:00,$ 3196.68,1
884,09:30:00,$ 3196.68,1
885,09:30:00,$ 3196.68,12
886,09:30:00,$ 3196.68,5
887,09:30:00,$ 3196.68,15
888,09:30:00,$ 3196.68,3
889,09:30:00,$ 3196.68,22
890,09:30:00,$ 3196.68,1
891,09:30:00,$ 3196.68,2
892,09:30:00,$ 3196.68,93
893,09:30:00,$ 3196.68,4
894,09:30:00,$ 3196.68,3
895,09:30:00,$ 3196.68,1
896,09:30:00,$ 3196.68,5
897,09:30:00,$ 3196.68,2
898,09:30:00,$ 3196.68,1
899,09:30:00,$ 3196.68,1
900,09:30:00,$ 3196.68,1
901,09:30:00,$ 3196.68,1
902,09:30:00,$ 3196.68,1
904,09:30:00,$ 3196.68,1
905,09:30:00,$ 3196.68,1
906,09:30:00,$ 3196.68,1
907,09:30:00,$ 3196.68,3
908,09:30:00,$ 3196.68,1
909,09:30:00,$ 3196.68,2
910,09:30:00,$ 3196.68,2
911,09:30:00,$ 3196.68,62
912,09:30:00,$ 3196.68,5
913,09:30:00,$ 3196.68,1
914,09:30:00,$ 3196.68,3
915,09:30:00,$ 3196.68,50
916,09:30:00,$ 3196.68,2
917,09:30:00,$ 3196.68,1
918,09:30:00,$ 3196.68,9
919,09:30:00,$ 3196.68,2
920,09:30:00,$ 3196.68,29
921,09:30:00,$ 3196.68,2
922,09:30:00,$ 3196.68,14
923,09:30:00,$ 3196.68,1
925,09:30:00,$ 3196.68,1
926,09:30:00,$ 3196.68,1
927,09:30:00,$ 3196.68,5
928,09:30:00,$ 3196.68,9
929,09:30:00,$ 3196.68,2
930,09:30:00,$ 3196.68,1
931,09:30:00,$ 3196.68,2
932,09:30:00,$ 3196.68,1
933,09:30:00,$ 3196.68,1
934,09:30:00,$ 3196.68,1
935,09:30:00,$ 3196.68,1
936,09:30:00,$ 3196.68,1
937,09:30:00,$ 3196.68,1
938,09:30:00,$ 3196.68,1
939,09:30:00,$ 3196.68,1
940,09:30:00,$ 3196.68,4
941,09:30:00,$ 3196.68,4
942,09:30:00,$ 3196.68,1
943,09:30:00,$ 3196.68,4
944,09:30:00,$ 3196.68,1
946,09:30:00,$ 3196.68,4
947,09:30:00,$ 3196.68,2
948,09:30:00,$ 3196.68,1
949,09:30:00,$ 3196.68,3
950,09:30:00,$ 3196.68,2
951,09:30:00,$ 3196.68,8
952,09:30:00,$ 3196.68,1
953,09:30:00,$ 3196.68,5
954,09:30:00,$ 3196.68,1
955,09:30:00,$ 3196.68,5
956,09:30:00,$ 3196.68,1
957,09:30:00,$ 3196.68,1
958,09:30:00,$ 3196.68,4
959,09:30:00,$ 3196.68,1
960,09:30:00,$ 3196.68,3
961,09:30:00,$ 3196.68,2
962,09:30:00,$ 3196.68,1
963,09:30:00,$ 3196.68,1
964,09:30:00,$ 3196.68,1
965,09:30:00,$ 3196.68,10
967,09:30:00,$ 3196.68,4
968,09:30:00,$ 3196.68,4
969,09:30:00,$ 3196.68,1
970,09:30:00,$ 3196.68,6
971,09:30:00,$ 3196.68,5
972,09:30:00,$ 3196.68,1
973,09:30:00,$ 3196.68,1
974,09:30:00,$ 3196.68,1
975,09:30:00,$ 3196.68,1
976,09:30:00,$ 3196.68,6
977,09:30:00,$ 3196.68,5
978,09:30:00,$ 3196.68,1
979,09:30:00,$ 3196.68,2
980,09:30:00,$ 3196.68,1
981,09:30:00,$ 3196.68,2
982,09:30:00,$ 3196.68,1
983,09:30:00,$ 3196.68,1
984,09:30:00,$ 3196.68,2
985,09:30:00,$ 3196.68,2
986,09:30:00,$ 3196.68,1
988,09:30:00,$ 3196.68,10
989,09:30:00,$ 3196.68,5
990,09:30:00,$ 3196.68,2
991,09:30:00,$ 3196.68,40
992,09:30:00,$ 3196.68,1
993,09:30:00,$ 3196.68,10
994,09:30:00,$ 3196.68,1
995,09:30:00,$ 3196.68,1
996,09:30:00,$ 3196.68,8
997,09:30:00,$ 3196.68,1
998,09:30:00,$ 3196.68,10
999,09:30:00,$ 3196.68,1
1000,09:30:00,$ 3196.68,2
1001,09:30:00,$ 3196.68,38
1002,09:30:00,$ 3196.68,2
1003,09:30:00,$ 3196.68,1
1004,09:30:00,$ 3196.68,2
1005,09:30:00,$ 3196.68,70
1006,09:30:00,$ 3196.68,2
1007,09:30:00,$ 3196.68,1
1009,09:30:00,$ 3196.68,2
1010,09:30:00,$ 3196.68,7
1011,09:30:00,$ 3196.68,62
1012,09:30:00,$ 3196.68,6
1013,09:30:00,$ 3196.68,3
1014,09:30:00,$ 3196.68,16
1015,09:30:00,$ 3196.68,1
1016,09:30:00,$ 3196.68,30
1017,09:30:00,$ 3196.68,3
1018,09:30:00,$ 3196.68,1
1019,09:30:00,$ 3196.68,10
1020,09:30:00,$ 3196.68,5
1021,09:30:00,$ 3196.68,5
1022,09:30:00,$ 3196.68,1
1023,09:30:00,$ 3196.68,1
1024,09:30:00,$ 3196.68,1
1025,09:30:00,$ 3196.68,1
1026,09:30:00,$ 3196.68,2
1027,09:30:00,$ 3196.68,1
1028,09:30:00,$ 3196.68,1
1030,09:30:00,$ 3196.68,1
1031,09:30:00,$ 3196.68,1
1032,09:30:00,$ 3196.68,2
1033,09:30:00,$ 3196.68,1
1034,09:30:00,$ 3196.68,1
1035,09:30:00,$ 3196.68,1
1036,09:30:00,$ 3196.68,6
1037,09:30:00,$ 3196.68,1
1038,09:30:00,$ 3196.68,1
1039,09:30:00,$ 3196.68,6
1040,09:30:00,$ 3196.68,2
1041,09:30:00,$ 3196.68,1
1042,09:30:00,$ 3196.68,1
1043,09:30:00,$ 3196.68,1
1044,09:30:00,$ 3196.68,1
1045,09:30:00,$ 3196.68,1
1046,09:30:00,$ 3196.68,1
1047,09:30:00,$ 3196.68,1
1048,09:30:00,$ 3196.68,1
1049,09:30:00,$ 3196.68,4
1051,09:30:00,$ 3196.68,2
1052,09:30:00,$ 3196.68,1
1053,09:30:00,$ 3196.68,3
1054,09:30:00,$ 3196.68,15
1055,09:30:00,$ 3196.68,3
1056,09:30:00,$ 3196.68,1
1057,09:30:00,$ 3196.68,1
1058,09:30:00,$ 3196.68,10
1059,09:30:00,$ 3196.68,1
1060,09:30:00,$ 3196.68,2
1061,09:30:00,$ 3196.68,3
1062,09:30:00,$ 3196.68,5
1063,09:30:00,$ 3196.68,2
1064,09:30:00,$ 3196.68,5
1065,09:30:00,$ 3196.68,1
1066,09:30:00,$ 3196.68,1
1067,09:30:00,$ 3196.68,1
1068,09:30:00,$ 3196.68,3
1069,09:30:00,$ 3196.68,1
1070,09:30:00,$ 3196.68,1
1072,09:30:00,$ 3196.68,1
1073,09:30:00,$ 3196.68,1
1074,09:30:00,$ 3196.68,3
1075,09:30:00,$ 3196.68,10
1076,09:30:00,$ 3196.68,1
1077,09:30:00,$ 3196.68,2
1078,09:30:00,$ 3196.68,2
1079,09:30:00,$ 3196.68,1
1080,09:30:00,$ 3196.68,1
1081,09:30:00,$ 3196.68,5
1082,09:30:00,$ 3196.68,10
1083,09:30:00,$ 3196.68,3
1084,09:30:00,$ 3196.68,1
1085,09:30:00,$ 3196.68,1
1086,09:30:00,$ 3196.68,2
1087,09:30:00,$ 3196.68,16
1088,09:30:00,$ 3196.68,1
1089,09:30:00,$ 3196.68,2
1090,09:30:00,$ 3196.68,20
1091,09:30:00,$ 3196.68,1
1093,09:30:00,$ 3196.68,2
1094,09:30:00,$ 3196.68,2
1095,09:30:00,$ 3196.68,2
1096,09:30:00,$ 3196.68,10
1097,09:30:00,$ 3196.68,30
1098,09:30:00,$ 3196.68,20
1099,09:30:00,$ 3196.68,1
1100,09:30:00,$ 3196.68,8
1101,09:30:00,$ 3196.68,1
1102,09:30:00,$ 3196.68,1
1103,09:30:00,$ 3196.68,2
1104,09:30:00,$ 3196.68,1
1105,09:30:00,$ 3196.68,1
1106,09:30:00,$ 3196.68,15
1107,09:30:00,$ 3196.68,2
1108,09:30:00,$ 3196.68,20
1109,09:30:00,$ 3196.68,23
1110,09:30:00,$ 3196.68,8
1111,09:30:00,$ 3196.68,10
1112,09:30:00,$ 3196.68,1
1114,09:30:00,$ 3196.68,"2,000"
1115,09:30:00,$ 3196.68,150
1116,09:30:00,$ 3196.68,1
1117,09:30:00,$ 3196.68,3
1118,09:30:00,$ 3196.68,5
1119,09:30:00,$ 3196.68,1
1120,09:30:00,$ 3196.68,20
1121,09:30:00,$ 3196.68,1
1122,09:30:00,$ 3196.68,15
1123,09:30:00,$ 3196.68,2
1124,09:30:00,$ 3196.68,1
1125,09:30:00,$ 3196.68,1
1126,09:30:00,$ 3196.68,5
1127,09:30:00,$ 3196.68,4
1128,09:30:00,$ 3196.68,1
1129,09:30:00,$ 3196.68,1
1130,09:30:00,$ 3196.68,109
1131,09:30:00,$ 3196.68,1
1132,09:30:00,$ 3196.68,50
1133,09:30:00,$ 3196.68,1
1135,09:30:00,$ 3196.68,5
1136,09:30:00,$ 3196.68,3
1137,09:30:00,$ 3196.68,2
1138,09:30:00,$ 3196.68,2
1139,09:30:00,$ 3196.68,1
1140,09:30:00,$ 3196.68,1
1141,09:30:00,$ 3196.68,2
1142,09:30:00,$ 3196.68,1
1143,09:30:00,$ 3196.68,6
1144,09:30:00,$ 3196.68,1
1145,09:30:00,$ 3196.68,1
1146,09:30:00,$ 3196.68,2
1147,09:30:00,$ 3196.68,1
1148,09:30:00,$ 3196.68,4
1149,09:30:00,$ 3196.68,1
1150,09:30:00,$ 3196.68,1
1151,09:30:00,$ 3196.68,2
1152,09:30:00,$ 3196.68,2
1153,09:30:00,$ 3196.68,4
1154,09:30:00,$ 3196.68,1
1156,09:30:00,$ 3196.68,3
1157,09:30:00,$ 3196.68,3
1158,09:30:00,$ 3196.68,1
1159,09:30:00,$ 3196.68,1
1160,09:30:00,$ 3196.68,2
1161,09:30:00,$ 3196.68,1
1162,09:30:00,$ 3196.68,3
1163,09:30:00,$ 3196.68,5
1164,09:30:00,$ 3196.68,1
1165,09:30:00,$ 3196.68,1
1166,09:30:00,$ 3196.68,1
1167,09:30:00,$ 3196.68,30
1168,09:30:00,$ 3196.68,13
1169,09:30:00,$ 3196.68,2
1170,09:30:00,$ 3196.68,2
1171,09:30:00,$ 3196.68,1
1172,09:30:00,$ 3196.68,1
1173,09:30:00,$ 3196.68,50
1174,09:30:00,$ 3196.68,1
1175,09:30:00,$ 3196.68,10
1177,09:30:00,$ 3196.68,1
1178,09:30:00,$ 3196.68,2
1179,09:30:00,$ 3196.68,2
1180,09:30:00,$ 3196.68,1
1181,09:30:00,$ 3196.68,1
1182,09:30:00,$ 3196.68,2
1183,09:30:00,$ 3196.68,5
1184,09:30:00,$ 3196.68,10
1185,09:30:00,$ 3196.68,1
1186,09:30:00,$ 3196.68,2
1187,09:30:00,$ 3196.68,11
1188,09:30:00,$ 3196.68,1
1189,09:30:00,$ 3196.68,3
1190,09:30:00,$ 3196.68,1
1191,09:30:00,$ 3196.68,1
1192,09:30:00,$ 3196.68,15
1193,09:30:00,$ 3196.68,2
1194,09:30:00,$ 3196.68,1
1195,09:30:00,$ 3196.68,2
1196,09:30:00,$ 3196.68,2
1198,09:30:00,$ 3196.68,4
1199,09:30:00,$ 3196.68,2
1200,09:30:00,$ 3196.68,1
1201,09:30:00,$ 3196.68,1
1202,09:30:00,$ 3196.68,2
1203,09:30:00,$ 3196.68,1
1204,09:30:00,$ 3196.68,8
1205,09:30:00,$ 3196.68,3
1206,09:30:00,$ 3196.68,1
1207,09:30:00,$ 3196.68,4
1208,09:30:00,$ 3196.68,7
1209,09:30:00,$ 3196.68,3
1210,09:30:00,$ 3196.68,1
1211,09:30:00,$ 3196.68,1
1212,09:30:00,$ 3196.68,50
1213,09:30:00,$ 3196.68,1
1214,09:30:00,$ 3196.68,1
1215,09:30:00,$ 3196.68,1
1216,09:30:00,$ 3196.68,5
1217,09:30:00,$ 3196.68,1
1219,09:30:00,$ 3196.68,3
1220,09:30:00,$ 3196.68,2
1221,09:30:00,$ 3196.68,22
1222,09:30:00,$ 3196.68,1
1223,09:30:00,$ 3196.68,21
1224,09:30:00,$ 3196.68,1
1225,09:30:00,$ 3196.68,2
1226,09:30:00,$ 3196.68,1
1227,09:30:00,$ 3196.68,2
1228,09:30:00,$ 3196.68,20
1229,09:30:00,$ 3196.68,2
1230,09:30:00,$ 3196.68,10
1231,09:30:00,$ 3196.68,10
1232,09:30:00,$ 3196.68,1
1233,09:30:00,$ 3196.68,2
1234,09:30:00,$ 3196.68,25
1235,09:30:00,$ 3196.68,6
1236,09:30:00,$ 3196.68,1
1237,09:30:00,$ 3196.68,2
1238,09:30:00,$ 3196.68,1
1240,09:30:00,$ 3196.68,4
1241,09:30:00,$ 3196.68,4
1242,09:30:00,$ 3196.68,10
1243,09:30:00,$ 3196.68,46
1244,09:30:00,$ 3196.68,6
1245,09:30:00,$ 3196.68,4
1246,09:30:00,$ 3196.68,4
1247,09:30:00,$ 3196.68,7
1248,09:30:00,$ 3196.68,186
1249,09:30:00,$ 3196.68,4
1250,09:30:00,$ 3196.68,3
1251,09:30:00,$ 3196.68,2
1252,09:30:00,$ 3196.68,17
1253,09:30:00,$ 3196.68,30
1254,09:30:00,$ 3196.68,10
1255,09:30:00,$ 3196.68,3
1256,09:30:00,$ 3196.68,1
1257,09:30:00,$ 3196.68,227
1258,09:30:00,$ 3196.68,4
1259,09:30:00,$ 3196.68,1
1261,09:30:00,$ 3196.68,25
1262,09:30:00,$ 3196.68,13
1263,09:30:00,$ 3196.68,103
1264,09:30:00,$ 3196.68,1
1265,09:30:00,$ 3196.68,2
1266,09:30:00,$ 3196.68,1
1267,09:30:00,$ 3196.68,2
1268,09:30:00,$ 3196.68,3
1269,09:30:00,$ 3196.68,1
1270,09:30:00,$ 3196.68,3
1271,09:30:00,$ 3196.68,1
1272,09:30:00,$ 3196.68,1
1273,09:30:00,$ 3196.68,9
1274,09:30:00,$ 3196.68,1
1275,09:30:00,$ 3196.68,1
1276,09:30:00,$ 3196.68,1
1277,09:30:00,$ 3196.68,1
1278,09:30:00,$ 3196.68,2
1279,09:30:00,$ 3196.68,12
1280,09:30:00,$ 3196.68,1
1282,09:30:00,$ 3196.68,14
1283,09:30:00,$ 3196.68,3
1284,09:30:00,$ 3196.68,1
1285,09:30:00,$ 3196.68,16
1286,09:30:00,$ 3196.68,1
1287,09:30:00,$ 3196.68,1
1288,09:30:00,$ 3196.68,119
1289,09:30:00,$ 3196.68,5
1290,09:30:00,$ 3196.68,1
1291,09:30:00,$ 3196.68,3
1292,09:30:00,$ 3196.68,7
1293,09:30:00,$ 3196.68,8
1294,09:30:00,$ 3196.68,12
1295,09:30:00,$ 3196.68,17
1296,09:30:00,$ 3196.68,34
1297,09:30:00,$ 3196.68,47
1298,09:30:00,$ 3196.68,3
1299,09:30:00,$ 3196.68,40
1300,09:30:00,$ 3196.68,3
1301,09:30:00,$ 3196.68,2
1303,09:30:00,$ 3196.68,1
1304,09:30:00,$ 3196.68,20
1305,09:30:00,$ 3196.68,3
1306,09:30:00,$ 3196.68,1
1307,09:30:00,$ 3196.68,1
1308,09:30:00,$ 3196.68,5
1309,09:30:00,$ 3196.68,20
1310,09:30:00,$ 3196.68,3
1311,09:30:00,$ 3196.68,10
1312,09:30:00,$ 3196.68,1
1313,09:30:00,$ 3196.68,1
1314,09:30:00,$ 3196.68,11
1315,09:30:00,$ 3196.68,100
1316,09:30:00,$ 3196.68,126
1317,09:30:00,$ 3196.68,2
1318,09:30:00,$ 3196.68,5
1319,09:30:00,$ 3196.68,78
1320,09:30:00,$ 3196.68,1
1321,09:30:00,$ 3196.68,10
1322,09:30:00,$ 3196.68,1
1324,09:30:00,$ 3196.68,1
1325,09:30:00,$ 3196.68,8
1326,09:30:00,$ 3196.68,2
1327,09:30:00,$ 3196.68,20
1328,09:30:00,$ 3196.68,16
1329,09:30:00,$ 3196.68,3
1330,09:30:00,$ 3196.68,9
1331,09:30:00,$ 3196.68,2
1332,09:30:00,$ 3196.68,2
1333,09:30:00,$ 3196.68,1
1334,09:30:00,$ 3196.68,2
1335,09:30:00,$ 3196.68,1
1336,09:30:00,$ 3196.68,4
1337,09:30:00,$ 3196.68,80
1338,09:30:00,$ 3196.68,6
1339,09:30:00,$ 3196.68,1
1340,09:30:00,$ 3196.68,14
1341,09:30:00,$ 3196.68,2
1342,09:30:00,$ 3196.68,37
1343,09:30:00,$ 3196.68,1
1345,09:30:00,$ 3196.68,1
1346,09:30:00,$ 3196.68,94
1347,09:30:00,$ 3196.68,1
1348,09:30:00,$ 3196.68,112
1349,09:30:00,$ 3196.68,76
1350,09:30:00,$ 3196.68,5
1351,09:30:00,$ 3196.68,22
1352,09:30:00,$ 3196.68,2
1353,09:30:00,$ 3196.68,1
1354,09:30:00,$ 3196.68,1
1355,09:30:00,$ 3196.68,1
1356,09:30:00,$ 3196.68,50
1357,09:30:00,$ 3196.68,12
1358,09:30:00,$ 3196.68,1
1359,09:30:00,$ 3196.68,5
1360,09:30:00,$ 3196.68,15
1361,09:30:00,$ 3196.68,16
1362,09:30:00,$ 3196.68,1
1363,09:30:00,$ 3196.68,1
1364,09:30:00,$ 3196.68,5
1366,09:30:00,$ 3196.68,1
1367,09:30:00,$ 3196.68,30
1368,09:30:00,$ 3196.68,30
1369,09:30:00,$ 3196.68,10
1370,09:30:00,$ 3196.68,30
1371,09:30:00,$ 3196.68,30
1372,09:30:00,$ 3196.68,30
1373,09:30:00,$ 3196.68,1
1374,09:30:00,$ 3196.68,3
1375,09:30:00,$ 3196.68,1
1376,09:30:00,$ 3196.68,1
1377,09:30:00,$ 3196.68,1
1378,09:30:00,$ 3196.68,1
1379,09:30:00,$ 3196.68,2
1380,09:30:00,$ 3196.68,125
1381,09:30:00,$ 3196.68,10
1382,09:30:00,$ 3196.68,80
1383,09:30:00,$ 3196.68,7
1384,09:30:00,$ 3196.68,6
1385,09:30:00,$ 3196.68,1
1387,09:30:00,$ 3196.68,1
1388,09:30:00,$ 3196.68,1
1389,09:30:00,$ 3196.68,3
1390,09:30:00,$ 3196.68,2
1391,09:30:00,$ 3196.68,1
1392,09:30:00,$ 3196.68,1
1393,09:30:00,$ 3196.68,25
1394,09:30:00,$ 3196.68,1
1395,09:30:00,$ 3196.68,1
1396,09:30:00,$ 3196.68,10
1397,09:30:00,$ 3196.68,1
1398,09:30:00,$ 3196.68,1
1399,09:30:00,$ 3196.68,1
1400,09:30:00,$ 3196.68,5
1401,09:30:00,$ 3196.68,1
1402,09:30:00,$ 3196.68,1
1403,09:30:00,$ 3196.68,30
1404,09:30:00,$ 3196.68,1
1405,09:30:00,$ 3196.68,2
1406,09:30:00,$ 3196.68,1
1408,09:30:00,$ 3196.68,4
1409,09:30:00,$ 3196.68,7
1410,09:30:00,$ 3196.68,25
1411,09:30:00,$ 3196.68,2
1412,09:30:00,$ 3196.68,2
1413,09:30:00,$ 3196.68,1
1414,09:30:00,$ 3196.68,3
1415,09:30:00,$ 3196.68,1
1416,09:30:00,$ 3196.68,1
1417,09:30:00,$ 3196.68,1
1418,09:30:00,$ 3196.68,1
1419,09:30:00,$ 3196.68,1
1420,09:30:00,$ 3196.68,16
1421,09:30:00,$ 3196.68,2
1422,09:30:00,$ 3196.68,1
1423,09:30:00,$ 3196.68,5
1424,09:30:00,$ 3196.68,5
1425,09:30:00,$ 3196.68,2
1426,09:30:00,$ 3196.68,2
1427,09:30:00,$ 3196.68,10
1429,09:30:00,$ 3196.68,3
1430,09:30:00,$ 3196.68,1
1431,09:30:00,$ 3196.68,6
1432,09:30:00,$ 3196.68,1
1433,09:30:00,$ 3196.68,1
1434,09:30:00,$ 3196.68,3
1435,09:30:00,$ 3196.68,1
1436,09:30:00,$ 3196.68,8
1437,09:30:00,$ 3196.68,3
1438,09:30:00,$ 3196.68,2
1439,09:30:00,$ 3196.68,20
1440,09:30:00,$ 3196.68,10
1441,09:30:00,$ 3196.68,2
1442,09:30:00,$ 3196.68,3
1443,09:30:00,$ 3196.68,20
1444,09:30:00,$ 3196.68,2
1445,09:30:00,$ 3196.68,10
1446,09:30:00,$ 3196.68,10
1447,09:30:00,$ 3196.68,3
1448,09:30:00,$ 3196.68,3
1450,09:30:00,$ 3196.68,3
1451,09:30:00,$ 3196.68,14
1452,09:30:00,$ 3196.68,7
1453,09:30:00,$ 3196.68,5
1454,09:30:00,$ 3196.68,2
1455,09:30:00,$ 3196.68,1
1456,09:30:00,$ 3196.68,1
1457,09:30:00,$ 3196.68,180
1458,09:30:00,$ 3196.68,4
1459,09:30:00,$ 3196.68,3
1460,09:30:00,$ 3196.68,70
1461,09:30:00,$ 3196.68,1
1462,09:30:00,$ 3196.68,20
1463,09:30:00,$ 3196.68,20
1464,09:30:00,$ 3196.68,1
1465,09:30:00,$ 3196.68,10
1466,09:30:00,$ 3196.68,1
1467,09:30:00,$ 3196.68,2
1468,09:30:00,$ 3196.68,1
1469,09:30:00,$ 3196.68,12
1471,09:30:00,$ 3196.68,31
1472,09:30:00,$ 3196.68,5
1473,09:30:00,$ 3196.68,2
1474,09:30:00,$ 3196.68,5
1475,09:30:00,$ 3196.68,3
1476,09:30:00,$ 3196.68,2
1477,09:30:00,$ 3196.68,34
1478,09:30:00,$ 3196.68,11
1479,09:30:00,$ 3196.68,20
1480,09:30:00,$ 3196.68,15
1481,09:30:00,$ 3196.68,6
1482,09:30:00,$ 3196.68,4
1483,09:30:00,$ 3196.68,1
1484,09:30:00,$ 3196.68,2
1485,09:30:00,$ 3196.68,3
1486,09:30:00,$ 3196.68,6
1487,09:30:00,$ 3196.68,1
1488,09:30:00,$ 3196.68,1
1489,09:30:00,$ 3196.68,5
1490,09:30:00,$ 3196.68,3
1492,09:30:00,$ 3196.68,6
1493,09:30:00,$ 3196.68,3
1494,09:30:00,$ 3196.68,3
1495,09:30:00,$ 3196.68,4
1496,09:30:00,$ 3196.68,1
1497,09:30:00,$ 3196.68,1
1498,09:30:00,$ 3196.68,1
1499,09:30:00,$ 3196.68,1
1500,09:30:00,$ 3196.68,1
1501,09:30:00,$ 3196.68,1
1502,09:30:00,$ 3196.68,1
1503,09:30:00,$ 3196.68,1
1504,09:30:00,$ 3196.68,1
1505,09:30:00,$ 3196.68,2
1506,09:30:00,$ 3196.68,1
1507,09:30:00,$ 3196.68,1
1508,09:30:00,$ 3196.68,1
1509,09:30:00,$ 3196.68,1
1510,09:30:00,$ 3196.68,1
1511,09:30:00,$ 3196.68,1
1513,09:30:00,$ 3196.68,2
1514,09:30:00,$ 3196.68,2
1515,09:30:00,$ 3196.68,1
1516,09:30:00,$ 3196.68,3
1517,09:30:00,$ 3196.68,2
1518,09:30:00,$ 3196.68,1
1519,09:30:00,$ 3196.68,1
1520,09:30:00,$ 3196.68,1
1521,09:30:00,$ 3196.68,1
1522,09:30:00,$ 3196.68,1
1523,09:30:00,$ 3196.68,1
1524,09:30:00,$ 3196.68,1
1525,09:30:00,$ 3196.68,1
1526,09:30:00,$ 3196.68,26
1527,09:30:00,$ 3196.68,2
1528,09:30:00,$ 3196.68,2
1529,09:30:00,$ 3196.68,171
1530,09:30:00,$ 3196.68,1
1531,09:30:00,$ 3196.68,1
1532,09:30:00,$ 3196.68,5
1534,09:30:00,$ 3196.68,8
1535,09:30:00,$ 3196.68,8
1536,09:30:00,$ 3196.68,5
1537,09:30:00,$ 3196.68,1
1538,09:30:00,$ 3196.68,2
1539,09:30:00,$ 3196.68,4
1540,09:30:00,$ 3196.68,4
1541,09:30:00,$ 3196.68,1
1542,09:30:00,$ 3196.68,1
1543,09:30:00,$ 3196.68,1
1544,09:30:00,$ 3196.68,12
1545,09:30:00,$ 3196.68,2
1546,09:30:00,$ 3196.68,1
1547,09:30:00,$ 3196.68,1
1548,09:30:00,$ 3196.68,2
1549,09:30:00,$ 3196.68,2
1550,09:30:00,$ 3196.68,5
1551,09:30:00,$ 3196.68,1
1552,09:30:00,$ 3196.68,3
1553,09:30:00,$ 3196.68,1
1555,09:30:00,$ 3196.68,1
1556,09:30:00,$ 3196.68,2
1557,09:30:00,$ 3196.68,8
1558,09:30:00,$ 3196.68,40
1559,09:30:00,$ 3196.68,1
1560,09:30:00,$ 3196.68,1
1561,09:30:00,$ 3196.68,1
1562,09:30:00,$ 3196.68,2
1563,09:30:00,$ 3196.68,7
1564,09:30:00,$ 3196.68,8
1565,09:30:00,$ 3196.68,2
1566,09:30:00,$ 3196.68,1
1567,09:30:00,$ 3196.68,2
1568,09:30:00,$ 3196.68,44
1569,09:30:00,$ 3196.68,2
1570,09:30:00,$ 3196.68,1
1571,09:30:00,$ 3196.68,4
1572,09:30:00,$ 3196.68,"1,800"
1573,09:30:00,$ 3196.68,126
1574,09:30:00,$ 3196.68,15
1576,09:30:00,$ 3196.68,1
1577,09:30:00,$ 3196.68,2
1578,09:30:00,$ 3196.68,8
1579,09:30:00,$ 3196.68,40
1580,09:30:00,$ 3196.68,1
1581,09:30:00,$ 3196.68,1
1582,09:30:00,$ 3196.68,1
1583,09:30:00,$ 3196.68,2
1584,09:30:00,$ 3196.68,7
1585,09:30:00,$ 3196.68,8
1586,09:30:00,$ 3196.68,2
1587,09:30:00,$ 3196.68,1
1588,09:30:00,$ 3196.68,2
1589,09:30:00,$ 3196.68,44
1590,09:30:00,$ 3196.68,2
1591,09:30:00,$ 3196.68,1
1592,09:30:00,$ 3196.68,4
1593,09:30:00,$ 3196.68,"1,800"
1594,09:30:00,$ 3196.68,126
1595,09:30:00,$ 3196.68,15
1597,09:30:00,$ 3196.68,19
1598,09:30:00,$ 3196.68,7
1599,09:30:00,$ 3196.68,6
1600,09:30:00,$ 3196.68,2
1601,09:30:00,$ 3196.68,7
1602,09:30:00,$ 3196.68,14
1603,09:30:00,$ 3196.68,43
1604,09:30:00,$ 3196.68,3
1605,09:30:00,$ 3196.68,4
1606,09:30:00,$ 3196.68,904
1607,09:30:00,$ 3196.68,48
1608,09:30:00,$ 3196.68,2
1609,09:30:00,$ 3196.68,1
1610,09:30:00,$ 3196.68,5
1611,09:30:00,$ 3196.68,1
1612,09:30:00,$ 3196.68,8
1613,09:30:00,$ 3196.68,80
1614,09:30:00,$ 3196.68,1
1615,09:30:00,$ 3196.68,50
1616,09:30:00,$ 3196.68,2
1618,09:30:00,$ 3196.68,19
1619,09:30:00,$ 3196.68,7
1620,09:30:00,$ 3196.68,6
1621,09:30:00,$ 3196.68,2
1622,09:30:00,$ 3196.68,7
1623,09:30:00,$ 3196.68,14
1624,09:30:00,$ 3196.68,43
1625,09:30:00,$ 3196.68,3
1626,09:30:00,$ 3196.68,4
1627,09:30:00,$ 3196.68,904
1628,09:30:00,$ 3196.68,48
1629,09:30:00,$ 3196.68,2
1630,09:30:00,$ 3196.68,1
1631,09:30:00,$ 3196.68,5
1632,09:30:00,$ 3196.68,1
1633,09:30:00,$ 3196.68,8
1634,09:30:00,$ 3196.68,80
1635,09:30:00,$ 3196.68,1
1636,09:30:00,$ 3196.68,50
1637,09:30:00,$ 3196.68,2
1639,09:30:00,$ 3196.68,3
1640,09:30:00,$ 3196.68,1
1641,09:30:00,$ 3196.68,1
1642,09:30:00,$ 3196.68,2
1643,09:30:00,$ 3196.68,2
1644,09:30:00,$ 3196.68,3
1645,09:30:00,$ 3196.68,4
1646,09:30:00,$ 3196.68,4
1647,09:30:00,$ 3196.68,10
1648,09:30:00,$ 3196.68,15
1649,09:30:00,$ 3196.68,12
1650,09:30:00,$ 3196.68,8
1651,09:30:00,$ 3196.68,25
1652,09:30:00,$ 3196.68,6
1653,09:30:00,$ 3196.68,26
1654,09:30:00,$ 3196.68,6
1655,09:30:00,$ 3196.68,22
1656,09:30:00,$ 3196.68,85
1657,09:30:00,$ 3196.68,13
1658,09:30:00,$ 3196.68,15
1660,09:30:00,$ 3196.68,3
1661,09:30:00,$ 3196.68,1
1662,09:30:00,$ 3196.68,1
1663,09:30:00,$ 3196.68,2
1664,09:30:00,$ 3196.68,2
1665,09:30:00,$ 3196.68,3
1666,09:30:00,$ 3196.68,4
1667,09:30:00,$ 3196.68,4
1668,09:30:00,$ 3196.68,10
1669,09:30:00,$ 3196.68,15
1670,09:30:00,$ 3196.68,12
1671,09:30:00,$ 3196.68,8
1672,09:30:00,$ 3196.68,25
1673,09:30:00,$ 3196.68,6
1674,09:30:00,$ 3196.68,26
1675,09:30:00,$ 3196.68,6
1676,09:30:00,$ 3196.68,22
1677,09:30:00,$ 3196.68,85
1678,09:30:00,$ 3196.68,13
1679,09:30:00,$ 3196.68,15
1681,09:30:00,$ 3196.68,50
1682,09:30:00,$ 3196.68,1
1683,09:30:00,$ 3196.68,2
1684,09:30:00,$ 3196.68,1
1685,09:30:00,$ 3196.68,2
1686,09:30:00,$ 3196.68,100
1687,09:30:00,$ 3196.68,3
1688,09:30:00,$ 3196.68,1
1689,09:30:00,$ 3196.68,3
1690,09:30:00,$ 3196.68,3
1691,09:30:00,$ 3196.68,248
1692,09:30:00,$ 3196.68,6
1693,09:30:00,$ 3196.68,60
1694,09:30:00,$ 3196.68,80
1695,09:30:00,$ 3196.68,1
1696,09:30:00,$ 3196.68,15
1697,09:30:00,$ 3196.68,12
1698,09:30:00,$ 3196.68,5
1699,09:30:00,$ 3196.68,1
1700,09:30:00,$ 3196.68,20
1702,09:30:00,$ 3196.68,1
1703,09:30:00,$ 3196.68,1
1704,09:30:00,$ 3196.68,50
1705,09:30:00,$ 3196.68,2
1706,09:30:00,$ 3196.68,5
1707,09:30:00,$ 3196.68,3
1708,09:30:00,$ 3196.68,10
1709,09:30:00,$ 3196.68,50
1710,09:30:00,$ 3196.68,1
1711,09:30:00,$ 3196.68,3
1712,09:30:00,$ 3196.68,1
1713,09:30:00,$ 3196.68,1
1714,09:30:00,$ 3196.68,2
1715,09:30:00,$ 3196.68,1
1716,09:30:00,$ 3196.68,4
1717,09:30:00,$ 3196.68,2
1718,09:30:00,$ 3196.68,14
1719,09:30:00,$ 3196.68,1
1720,09:30:00,$ 3196.68,2
1721,09:30:00,$ 3196.68,3
1723,09:30:00,$ 3196.68,3
1724,09:30:00,$ 3196.68,1
1725,09:30:00,$ 3196.68,1
1726,09:30:00,$ 3196.68,1
1727,09:30:00,$ 3196.68,2
1728,09:30:00,$ 3196.68,239
1729,09:30:00,$ 3196.68,910
1730,09:30:00,$ 3196.68,25
1731,09:30:00,$ 3196.68,20
1732,09:30:00,$ 3196.68,20
1733,09:30:00,$ 3196.68,20
1734,09:30:00,$ 3196.68,20
1735,09:30:00,$ 3196.68,208
1736,09:30:00,$ 3196.68,2
1737,09:30:00,$ 3196.68,1
1738,09:30:00,$ 3196.68,2
1739,09:30:00,$ 3196.68,2
1740,09:30:00,$ 3196.68,1
1741,09:30:00,$ 3196.68,1
1742,09:30:00,$ 3196.68,1
1744,09:30:00,$ 3196.68,2
1745,09:30:00,$ 3196.68,1
1746,09:30:00,$ 3196.68,1
1747,09:30:00,$ 3196.68,1
1748,09:30:00,$ 3196.68,1
1749,09:30:00,$ 3196.68,1
1750,09:30:00,$ 3196.68,48
1751,09:30:00,$ 3196.68,1
1752,09:30:00,$ 3196.68,1
1753,09:30:00,$ 3196.68,1
1754,09:30:00,$ 3196.68,1
1755,09:30:00,$ 3196.68,1
1756,09:30:00,$ 3196.68,1
1757,09:30:00,$ 3196.68,1
1758,09:30:00,$ 3196.68,1
1759,09:30:00,$ 3196.68,1
1760,09:30:00,$ 3196.68,1
1761,09:30:00,$ 3196.68,1
1762,09:30:00,$ 3196.68,1
1763,09:30:00,$ 3196.68,1
1765,09:30:00,$ 3196.68,2
1766,09:30:00,$ 3196.68,1
1767,09:30:00,$ 3196.68,1
1768,09:30:00,$ 3196.68,1
1769,09:30:00,$ 3196.68,1
1770,09:30:00,$ 3196.68,1
1771,09:30:00,$ 3196.68,48
1772,09:30:00,$ 3196.68,1
1773,09:30:00,$ 3196.68,1
1774,09:30:00,$ 3196.68,1
1775,09:30:00,$ 3196.68,1
1776,09:30:00,$ 3196.68,1
1777,09:30:00,$ 3196.68,1
1778,09:30:00,$ 3196.68,1
1779,09:30:00,$ 3196.68,1
1780,09:30:00,$ 3196.68,1
1781,09:30:00,$ 3196.68,1
1782,09:30:00,$ 3196.68,1
1783,09:30:00,$ 3196.68,1
1784,09:30:00,$ 3196.68,1
1786,09:30:00,$ 3196.68,1
1787,09:30:00,$ 3196.68,4
1788,09:30:00,$ 3196.68,2
1789,09:30:00,$ 3196.68,1
1790,09:30:00,$ 3196.68,4
1791,09:30:00,$ 3196.68,1
1792,09:30:00,$ 3196.68,1
1793,09:30:00,$ 3196.68,1
1794,09:30:00,$ 3196.68,5
1795,09:30:00,$ 3196.68,1
1796,09:30:00,$ 3196.68,4
1797,09:30:00,$ 3196.68,2
1798,09:30:00,$ 3196.68,1
1799,09:30:00,$ 3196.68,200
1800,09:30:00,$ 3196.68,2
1801,09:30:00,$ 3196.68,10
1802,09:30:00,$ 3196.68,1
1803,09:30:00,$ 3196.68,1
1804,09:30:00,$ 3196.68,1
1805,09:30:00,$ 3196.68,100
1807,09:30:00,$ 3196.68,1
1808,09:30:00,$ 3196.68,4
1809,09:30:00,$ 3196.68,2
1810,09:30:00,$ 3196.68,1
1811,09:30:00,$ 3196.68,4
1812,09:30:00,$ 3196.68,1
1813,09:30:00,$ 3196.68,1
1814,09:30:00,$ 3196.68,1
1815,09:30:00,$ 3196.68,5
1816,09:30:00,$ 3196.68,1
1817,09:30:00,$ 3196.68,4
1818,09:30:00,$ 3196.68,2
1819,09:30:00,$ 3196.68,1
1820,09:30:00,$ 3196.68,200
1821,09:30:00,$ 3196.68,2
1822,09:30:00,$ 3196.68,10
1823,09:30:00,$ 3196.68,1
1824,09:30:00,$ 3196.68,1
1825,09:30:00,$ 3196.68,1
1826,09:30:00,$ 3196.68,100
1828,09:30:00,$ 3196.68,1
1829,09:30:00,$ 3196.68,4
1830,09:30:00,$ 3196.68,2
1831,09:30:00,$ 3196.68,1
1832,09:30:00,$ 3196.68,4
1833,09:30:00,$ 3196.68,1
1834,09:30:00,$ 3196.68,1
1835,09:30:00,$ 3196.68,1
1836,09:30:00,$ 3196.68,5
1837,09:30:00,$ 3196.68,1
1838,09:30:00,$ 3196.68,4
1839,09:30:00,$ 3196.68,2
1840,09:30:00,$ 3196.68,1
1841,09:30:00,$ 3196.68,200
1842,09:30:00,$ 3196.68,2
1843,09:30:00,$ 3196.68,10
1844,09:30:00,$ 3196.68,1
1845,09:30:00,$ 3196.68,1
1846,09:30:00,$ 3196.68,1
1847,09:30:00,$ 3196.68,100
1849,09:30:00,$ 3196.68,3
1850,09:30:00,$ 3196.68,1
1851,09:30:00,$ 3196.68,40
1852,09:30:00,$ 3196.68,60
1853,09:30:00,$ 3196.68,10
1854,09:30:00,$ 3196.68,50
1855,09:30:00,$ 3196.68,1
1856,09:30:00,$ 3196.68,16
1857,09:30:00,$ 3196.68,3
1858,09:30:00,$ 3196.68,2
1859,09:30:00,$ 3196.68,1
1860,09:30:00,$ 3196.68,5
1861,09:30:00,$ 3196.68,10
1862,09:30:00,$ 3196.68,1
1863,09:30:00,$ 3196.68,1
1864,09:30:00,$ 3196.68,1
1865,09:30:00,$ 3196.68,1
1866,09:30:00,$ 3196.68,5
1867,09:30:00,$ 3196.68,1
1868,09:30:00,$ 3196.68,3
1870,09:30:00,$ 3196.68,1
1871,09:30:00,$ 3196.68,1
1872,09:30:00,$ 3196.68,2
1873,09:30:00,$ 3196.68,5
1874,09:30:00,$ 3196.68,5
1875,09:30:00,$ 3196.68,2
1876,09:30:00,$ 3196.68,1
1877,09:30:00,$ 3196.68,2
1878,09:30:00,$ 3196.68,3
1879,09:30:00,$ 3196.68,5
1880,09:30:00,$ 3196.68,8
1881,09:30:00,$ 3196.68,1
1882,09:30:00,$ 3196.68,1
1883,09:30:00,$ 3196.68,4
1884,09:30:00,$ 3196.68,13
1885,09:30:00,$ 3196.68,1
1886,09:30:00,$ 3196.68,5
1887,09:30:00,$ 3196.68,1
1888,09:30:00,$ 3196.68,2
1889,09:30:00,$ 3196.68,7
1891,09:30:00,$ 3196.68,1
1892,09:30:00,$ 3196.68,1
1893,09:30:00,$ 3196.68,1
1894,09:30:00,$ 3196.68,1
1895,09:30:00,$ 3196.68,1
1896,09:30:00,$ 3196.68,25
1897,09:30:00,$ 3196.68,4
1898,09:30:00,$ 3196.68,2
1899,09:30:00,$ 3196.68,1
1900,09:30:00,$ 3196.68,1
1901,09:30:00,$ 3196.68,1
1902,09:30:00,$ 3196.68,1
1903,09:30:00,$ 3196.68,1
1904,09:30:00,$ 3196.68,4
1905,09:30:00,$ 3196.68,1
1906,09:30:00,$ 3196.68,1
1907,09:30:00,$ 3196.68,1
1908,09:30:00,$ 3196.68,80
1909,09:30:00,$ 3196.68,28
1910,09:30:00,$ 3196.68,2
1912,09:30:00,$ 3196.68,1
1913,09:30:00,$ 3196.68,1
1914,09:30:00,$ 3196.68,10
1915,09:30:00,$ 3196.68,1
1916,09:30:00,$ 3196.68,1
1917,09:30:00,$ 3196.68,4
1918,09:30:00,$ 3196.68,1
1919,09:30:00,$ 3196.68,1
1920,09:30:00,$ 3196.68,15
1921,09:30:00,$ 3196.68,3
1922,09:30:00,$ 3196.68,1
1923,09:30:00,$ 3196.68,1
1924,09:30:00,$ 3196.68,4
1925,09:30:00,$ 3196.68,1
1926,09:30:00,$ 3196.68,1
1927,09:30:00,$ 3196.68,1
1928,09:30:00,$ 3196.68,2
1929,09:30:00,$ 3196.68,1
1930,09:30:00,$ 3196.68,20
1931,09:30:00,$ 3196.68,1
1933,09:30:00,$ 3196.68,2
1934,09:30:00,$ 3196.68,4
1935,09:30:00,$ 3196.68,1
1936,09:30:00,$ 3196.68,1
1937,09:30:00,$ 3196.68,1
1938,09:30:00,$ 3196.68,1
1939,09:30:00,$ 3196.68,2
1940,09:30:00,$ 3196.68,1
1941,09:30:00,$ 3196.68,1
1942,09:30:00,$ 3196.68,2
1943,09:30:00,$ 3196.68,1
1944,09:30:00,$ 3196.68,2
1945,09:30:00,$ 3196.68,1
1946,09:30:00,$ 3196.68,1
1947,09:30:00,$ 3196.68,100
1948,09:30:00,$ 3196.68,1
1949,09:30:00,$ 3196.68,1
1950,09:30:00,$ 3196.68,1
1951,09:30:00,$ 3196.68,1
1952,09:30:00,$ 3196.68,6
1954,09:30:00,$ 3196.68,2
1955,09:30:00,$ 3196.68,1
1956,09:30:00,$ 3196.68,6
1957,09:30:00,$ 3196.68,1
1958,09:30:00,$ 3196.68,10
1959,09:30:00,$ 3196.68,4
1960,09:30:00,$ 3196.68,1
1961,09:30:00,$ 3196.68,1
1962,09:30:00,$ 3196.68,10
1963,09:30:00,$ 3196.68,1
1964,09:30:00,$ 3196.68,2
1965,09:30:00,$ 3196.68,10
1966,09:30:00,$ 3196.68,1
1967,09:30:00,$ 3196.68,11
1968,09:30:00,$ 3196.68,3
1969,09:30:00,$ 3196.68,3
1970,09:30:00,$ 3196.68,1
1971,09:30:00,$ 3196.68,1
1972,09:30:00,$ 3196.68,1
1973,09:30:00,$ 3196.68,1
1975,09:30:00,$ 3196.68,2
1976,09:30:00,$ 3196.68,1
1977,09:30:00,$ 3196.68,6
1978,09:30:00,$ 3196.68,1
1979,09:30:00,$ 3196.68,10
1980,09:30:00,$ 3196.68,4
1981,09:30:00,$ 3196.68,1
1982,09:30:00,$ 3196.68,1
1983,09:30:00,$ 3196.68,10
1984,09:30:00,$ 3196.68,1
1985,09:30:00,$ 3196.68,2
1986,09:30:00,$ 3196.68,10
1987,09:30:00,$ 3196.68,1
1988,09:30:00,$ 3196.68,11
1989,09:30:00,$ 3196.68,3
1990,09:30:00,$ 3196.68,3
1991,09:30:00,$ 3196.68,1
1992,09:30:00,$ 3196.68,1
1993,09:30:00,$ 3196.68,1
1994,09:30:00,$ 3196.68,1
1996,09:30:00,$ 3196.68,16
1997,09:30:00,$ 3196.68,2
1998,09:30:00,$ 3196.68,3
1999,09:30:00,$ 3196.68,3
2000,09:30:00,$ 3196.68,1
2001,09:30:00,$ 3196.68,3
2002,09:30:00,$ 3196.68,100
2003,09:30:00,$ 3196.68,10
2004,09:30:00,$ 3196.68,5
2005,09:30:00,$ 3196.68,2
2006,09:30:00,$ 3196.68,1
2007,09:30:00,$ 3196.68,2
2008,09:30:00,$ 3196.68,1
2009,09:30:00,$ 3196.68,2
2010,09:30:00,$ 3196.68,8
2011,09:30:00,$ 3196.68,2
2012,09:30:00,$ 3196.68,1
2013,09:30:00,$ 3196.68,1
2014,09:30:00,$ 3196.68,1
2015,09:30:00,$ 3196.68,5
2017,09:30:00,$ 3196.68,3
2018,09:30:00,$ 3196.68,3
2019,09:30:00,$ 3196.68,1
2020,09:30:00,$ 3196.68,1
2021,09:30:00,$ 3196.68,3
2022,09:30:00,$ 3196.68,1
2023,09:30:00,$ 3196.68,6
2024,09:30:00,$ 3196.68,45
2025,09:30:00,$ 3196.68,1
2026,09:30:00,$ 3196.68,3
2027,09:30:00,$ 3196.68,2
2028,09:30:00,$ 3196.68,1
2029,09:30:00,$ 3196.68,2
2030,09:30:00,$ 3196.68,10
2031,09:30:00,$ 3196.68,10
2032,09:30:00,$ 3196.68,2
2033,09:30:00,$ 3196.68,1
2034,09:30:00,$ 3196.68,4
2035,09:30:00,$ 3196.68,1
2036,09:30:00,$ 3196.68,89
2038,09:30:00,$ 3196.68,3
2039,09:30:00,$ 3196.68,3
2040,09:30:00,$ 3196.68,1
2041,09:30:00,$ 3196.68,1
2042,09:30:00,$ 3196.68,3
2043,09:30:00,$ 3196.68,1
2044,09:30:00,$ 3196.68,6
2045,09:30:00,$ 3196.68,45
2046,09:30:00,$ 3196.68,1
2047,09:30:00,$ 3196.68,3
2048,09:30:00,$ 3196.68,2
2049,09:30:00,$ 3196.68,1
2050,09:30:00,$ 3196.68,2
2051,09:30:00,$ 3196.68,10
2052,09:30:00,$ 3196.68,10
2053,09:30:00,$ 3196.68,2
2054,09:30:00,$ 3196.68,1
2055,09:30:00,$ 3196.68,4
2056,09:30:00,$ 3196.68,1
2057,09:30:00,$ 3196.68,89
2059,09:30:00,$ 3196.68,2
2060,09:30:00,$ 3196.68,1
2061,09:30:00,$ 3196.68,1
2062,09:30:00,$ 3196.68,1
2063,09:30:00,$ 3196.68,1
2064,09:30:00,$ 3196.68,3
2065,09:30:00,$ 3196.68,5
2066,09:30:00,$ 3196.68,4
2067,09:30:00,$ 3196.68,2
2068,09:30:00,$ 3196.68,3
2069,09:30:00,$ 3196.68,1
2070,09:30:00,$ 3196.68,1
2071,09:30:00,$ 3196.68,3
2072,09:30:00,$ 3196.68,1
2073,09:30:00,$ 3196.68,2
2074,09:30:00,$ 3196.68,1
2075,09:30:00,$ 3196.68,3
2076,09:30:00,$ 3196.68,1
2077,09:30:00,$ 3196.68,1
2078,09:30:00,$ 3196.68,30
2080,09:30:00,$ 3196.68,1
2081,09:30:00,$ 3196.68,2
2082,09:30:00,$ 3196.68,1
2083,09:30:00,$ 3196.68,1
2084,09:30:00,$ 3196.68,2
2085,09:30:00,$ 3196.68,5
2086,09:30:00,$ 3196.68,42
2087,09:30:00,$ 3196.68,23
2088,09:30:00,$ 3196.68,8
2089,09:30:00,$ 3196.68,1
2090,09:30:00,$ 3196.68,20
2091,09:30:00,$ 3196.68,1
2092,09:30:00,$ 3196.68,1
2093,09:30:00,$ 3196.68,1
2094,09:30:00,$ 3196.68,2
2095,09:30:00,$ 3196.68,3
2096,09:30:00,$ 3196.68,2
2097,09:30:00,$ 3196.68,4
2098,09:30:00,$ 3196.68,2
2099,09:30:00,$ 3196.68,15
2101,09:30:00,$ 3196.68,1
2102,09:30:00,$ 3196.68,2
2103,09:30:00,$ 3196.68,1
2104,09:30:00,$ 3196.68,20
2105,09:30:00,$ 3196.68,1
2106,09:30:00,$ 3196.68,1
2107,09:30:00,$ 3196.68,1
2108,09:30:00,$ 3196.68,3
2109,09:30:00,$ 3196.68,1
2110,09:30:00,$ 3196.68,1
2111,09:30:00,$ 3196.68,1
2112,09:30:00,$ 3196.68,10
2113,09:30:00,$ 3196.68,1
2114,09:30:00,$ 3196.68,2
2115,09:30:00,$ 3196.68,8
2116,09:30:00,$ 3196.68,2
2117,09:30:00,$ 3196.68,1
2118,09:30:00,$ 3196.68,2
2119,09:30:00,$ 3196.68,1
2120,09:30:00,$ 3196.68,1
2122,09:30:00,$ 3196.68,5
2123,09:30:00,$ 3196.68,1
2124,09:30:00,$ 3196.68,4
2125,09:30:00,$ 3196.68,4
2126,09:30:00,$ 3196.68,1
2127,09:30:00,$ 3196.68,5
2128,09:30:00,$ 3196.68,1
2129,09:30:00,$ 3196.68,1
2130,09:30:00,$ 3196.68,10
2131,09:30:00,$ 3196.68,1
2132,09:30:00,$ 3196.68,4
2133,09:30:00,$ 3196.68,1
2134,09:30:00,$ 3196.68,1
2135,09:30:00,$ 3196.68,10
2136,09:30:00,$ 3196.68,4
2137,09:30:00,$ 3196.68,3
2138,09:30:00,$ 3196.68,1
2139,09:30:00,$ 3196.68,1
2140,09:30:00,$ 3196.68,3
2141,09:30:00,$ 3196.68,2
2143,09:30:00,$ 3196.68,1
2144,09:30:00,$ 3196.68,3
2145,09:30:00,$ 3196.68,1
2146,09:30:00,$ 3196.68,1
2147,09:30:00,$ 3196.68,10
2148,09:30:00,$ 3196.68,1
2149,09:30:00,$ 3196.68,1
2150,09:30:00,$ 3196.68,1
2151,09:30:00,$ 3196.68,1
2152,09:30:00,$ 3196.68,1
2153,09:30:00,$ 3196.68,1
2154,09:30:00,$ 3196.68,6
2155,09:30:00,$ 3196.68,1
2156,09:30:00,$ 3196.68,1
2157,09:30:00,$ 3196.68,1
2158,09:30:00,$ 3196.68,6
2159,09:30:00,$ 3196.68,4
2160,09:30:00,$ 3196.68,8
2161,09:30:00,$ 3196.68,3
2162,09:30:00,$ 3196.68,1
2164,09:30:00,$ 3196.68,20
2165,09:30:00,$ 3196.68,22
2166,09:30:00,$ 3196.68,1
2167,09:30:00,$ 3196.68,5
2168,09:30:00,$ 3196.68,1
2169,09:30:00,$ 3196.68,2
2170,09:30:00,$ 3196.68,1
2171,09:30:00,$ 3196.68,50
2172,09:30:00,$ 3196.68,1
2173,09:30:00,$ 3196.68,1
2174,09:30:00,$ 3196.68,42
2175,09:30:00,$ 3196.68,500
2176,09:30:00,$ 3196.68,9
2177,09:30:00,$ 3196.68,7
2178,09:30:00,$ 3196.68,1
2179,09:30:00,$ 3196.68,13
2180,09:30:00,$ 3196.68,10
2181,09:30:00,$ 3196.68,10
2182,09:30:00,$ 3196.68,10
2183,09:30:00,$ 3196.68,1
2185,09:30:00,$ 3196.68,2
2186,09:30:00,$ 3196.68,1
2187,09:30:00,$ 3196.68,25
2188,09:30:00,$ 3196.68,16
2189,09:30:00,$ 3196.68,2
2190,09:30:00,$ 3196.68,1
2191,09:30:00,$ 3196.68,1
2192,09:30:00,$ 3196.68,1
2193,09:30:00,$ 3196.68,1
2194,09:30:00,$ 3196.68,1
2195,09:30:00,$ 3196.68,1
2196,09:30:00,$ 3196.68,1
2197,09:30:00,$ 3196.68,5
2198,09:30:00,$ 3196.68,16
2199,09:30:00,$ 3196.68,1
2200,09:30:00,$ 3196.68,2
2201,09:30:00,$ 3196.68,1
2202,09:30:00,$ 3196.68,1
2203,09:30:00,$ 3196.68,2
2204,09:30:00,$ 3196.68,1
2206,09:30:00,$ 3196.68,10
2207,09:30:00,$ 3196.68,1
2208,09:30:00,$ 3196.68,1
2209,09:30:00,$ 3196.68,2
2210,09:30:00,$ 3196.68,5
2211,09:30:00,$ 3196.68,1
2212,09:30:00,$ 3196.68,10
2213,09:30:00,$ 3196.68,1
2214,09:30:00,$ 3196.68,31
2215,09:30:00,$ 3196.68,15
2216,09:30:00,$ 3196.68,94
2217,09:30:00,$ 3196.68,49
2218,09:30:00,$ 3196.68,137
2219,09:30:00,$ 3196.68,1
2220,09:30:00,$ 3196.68,4
2221,09:30:00,$ 3196.68,12
2222,09:30:00,$ 3196.68,17
2223,09:30:00,$ 3196.68,1
2224,09:30:00,$ 3196.68,718
2225,09:30:00,$ 3196.68,1
2227,09:30:00,$ 3196.68,12
2228,09:30:00,$ 3196.68,1
2229,09:30:00,$ 3196.68,2
2230,09:30:00,$ 3196.68,3
2231,09:30:00,$ 3196.68,1
2232,09:30:00,$ 3196.68,11
2233,09:30:00,$ 3196.68,1
2234,09:30:00,$ 3196.68,5
2235,09:30:00,$ 3196.68,3
2236,09:30:00,$ 3196.68,1
2237,09:30:00,$ 3196.68,3
2238,09:30:00,$ 3196.68,1
2239,09:30:00,$ 3196.68,1
2240,09:30:00,$ 3196.68,1
2241,09:30:00,$ 3196.68,1
2242,09:30:00,$ 3196.68,1
2243,09:30:00,$ 3196.68,10
2244,09:30:00,$ 3196.68,3
2245,09:30:00,$ 3196.68,200
2246,09:30:00,$ 3196.68,3
2248,09:30:00,$ 3196.68,12
2249,09:30:00,$ 3196.68,1
2250,09:30:00,$ 3196.68,2
2251,09:30:00,$ 3196.68,3
2252,09:30:00,$ 3196.68,1
2253,09:30:00,$ 3196.68,11
2254,09:30:00,$ 3196.68,1
2255,09:30:00,$ 3196.68,5
2256,09:30:00,$ 3196.68,3
2257,09:30:00,$ 3196.68,1
2258,09:30:00,$ 3196.68,3
2259,09:30:00,$ 3196.68,1
2260,09:30:00,$ 3196.68,1
2261,09:30:00,$ 3196.68,1
2262,09:30:00,$ 3196.68,1
2263,09:30:00,$ 3196.68,1
2264,09:30:00,$ 3196.68,10
2265,09:30:00,$ 3196.68,3
2266,09:30:00,$ 3196.68,200
2267,09:30:00,$ 3196.68,3
2269,09:30:00,$ 3196.68,1
2270,09:30:00,$ 3196.68,3
2271,09:30:00,$ 3196.68,2
2272,09:30:00,$ 3196.68,1
2273,09:30:00,$ 3196.68,1
2274,09:30:00,$ 3196.68,1
2275,09:30:00,$ 3196.68,3
2276,09:30:00,$ 3196.68,2
2277,09:30:00,$ 3196.68,2
2278,09:30:00,$ 3196.68,1
2279,09:30:00,$ 3196.68,1
2280,09:30:00,$ 3196.68,2
2281,09:30:00,$ 3196.68,1
2282,09:30:00,$ 3196.68,14
2283,09:30:00,$ 3196.68,3
2284,09:30:00,$ 3196.68,3
2285,09:30:00,$ 3196.68,1
2286,09:30:00,$ 3196.68,8
2287,09:30:00,$ 3196.68,1
2288,09:30:00,$ 3196.68,25
2290,09:30:00,$ 3196.68,1
2291,09:30:00,$ 3196.68,3
2292,09:30:00,$ 3196.68,2
2293,09:30:00,$ 3196.68,1
2294,09:30:00,$ 3196.68,1
2295,09:30:00,$ 3196.68,1
2296,09:30:00,$ 3196.68,3
2297,09:30:00,$ 3196.68,2
2298,09:30:00,$ 3196.68,2
2299,09:30:00,$ 3196.68,1
2300,09:30:00,$ 3196.68,1
2301,09:30:00,$ 3196.68,2
2302,09:30:00,$ 3196.68,1
2303,09:30:00,$ 3196.68,14
2304,09:30:00,$ 3196.68,3
2305,09:30:00,$ 3196.68,3
2306,09:30:00,$ 3196.68,1
2307,09:30:00,$ 3196.68,8
2308,09:30:00,$ 3196.68,1
2309,09:30:00,$ 3196.68,25
2311,09:30:00,$ 3196.68,1
2312,09:30:00,$ 3196.68,3
2313,09:30:00,$ 3196.68,2
2314,09:30:00,$ 3196.68,1
2315,09:30:00,$ 3196.68,1
2316,09:30:00,$ 3196.68,1
2317,09:30:00,$ 3196.68,3
2318,09:30:00,$ 3196.68,2
2319,09:30:00,$ 3196.68,2
2320,09:30:00,$ 3196.68,1
2321,09:30:00,$ 3196.68,1
2322,09:30:00,$ 3196.68,2
2323,09:30:00,$ 3196.68,1
2324,09:30:00,$ 3196.68,14
2325,09:30:00,$ 3196.68,3
2326,09:30:00,$ 3196.68,3
2327,09:30:00,$ 3196.68,1
2328,09:30:00,$ 3196.68,8
2329,09:30:00,$ 3196.68,1
2330,09:30:00,$ 3196.68,25
2332,09:30:00,$ 3196.68,1
2333,09:30:00,$ 3196.68,1
2334,09:30:00,$ 3196.68,1
2335,09:30:00,$ 3196.68,1
2336,09:30:00,$ 3196.68,7
2337,09:30:00,$ 3196.68,2
2338,09:30:00,$ 3196.68,15
2339,09:30:00,$ 3196.68,1
2340,09:30:00,$ 3196.68,1
2341,09:30:00,$ 3196.68,3
2342,09:30:00,$ 3196.68,5
2343,09:30:00,$ 3196.68,2
2344,09:30:00,$ 3196.68,1
2345,09:30:00,$ 3196.68,1
2346,09:30:00,$ 3196.68,2
2347,09:30:00,$ 3196.68,3
2348,09:30:00,$ 3196.68,1
2349,09:30:00,$ 3196.68,5
2350,09:30:00,$ 3196.68,2
2351,09:30:00,$ 3196.68,1
2353,09:30:00,$ 3196.68,1
2354,09:30:00,$ 3196.68,1
2355,09:30:00,$ 3196.68,3
2356,09:30:00,$ 3196.68,1
2357,09:30:00,$ 3196.68,5
2358,09:30:00,$ 3196.68,1
2359,09:30:00,$ 3196.68,2
2360,09:30:00,$ 3196.68,1
2361,09:30:00,$ 3196.68,1
2362,09:30:00,$ 3196.68,1
2363,09:30:00,$ 3196.68,2
2364,09:30:00,$ 3196.68,10
2365,09:30:00,$ 3196.68,1
2366,09:30:00,$ 3196.68,50
2367,09:30:00,$ 3196.68,1
2368,09:30:00,$ 3196.68,399
2369,09:30:00,$ 3196.68,1
2370,09:30:00,$ 3196.68,1
2371,09:30:00,$ 3196.68,1
2372,09:30:00,$ 3196.68,3
2374,09:30:00,$ 3196.68,2
2375,09:30:00,$ 3196.68,1
2376,09:30:00,$ 3196.68,6
2377,09:30:00,$ 3196.68,1
2378,09:30:00,$ 3196.68,1
2379,09:30:00,$ 3196.68,5
2380,09:30:00,$ 3196.68,2
2381,09:30:00,$ 3196.68,5
2382,09:30:00,$ 3196.68,1
2383,09:30:00,$ 3196.68,2
2384,09:30:00,$ 3196.68,3
2385,09:30:00,$ 3196.68,1
2386,09:30:00,$ 3196.68,10
2387,09:30:00,$ 3196.68,8
2388,09:30:00,$ 3196.68,1
2389,09:30:00,$ 3196.68,4
2390,09:30:00,$ 3196.68,3
2391,09:30:00,$ 3196.68,2
2392,09:30:00,$ 3196.68,3
2393,09:30:00,$ 3196.68,1
2395,09:30:00,$ 3196.68,4
2396,09:30:00,$ 3196.68,5
2397,09:30:00,$ 3196.68,4
2398,09:30:00,$ 3196.68,1
2399,09:30:00,$ 3196.68,4
2400,09:30:00,$ 3196.68,1
2401,09:30:00,$ 3196.68,1
2402,09:30:00,$ 3196.68,1
2403,09:30:00,$ 3196.68,3
2404,09:30:00,$ 3196.68,5
2405,09:30:00,$ 3196.68,10
2406,09:30:00,$ 3196.68,3
2407,09:30:00,$ 3196.68,20
2408,09:30:00,$ 3196.68,5
2409,09:30:00,$ 3196.68,10
2410,09:30:00,$ 3196.68,1
2411,09:30:00,$ 3196.68,5
2412,09:30:00,$ 3196.68,1
2413,09:30:00,$ 3196.68,10
2414,09:30:00,$ 3196.68,10
2416,09:30:00,$ 3196.68,4
2417,09:30:00,$ 3196.68,5
2418,09:30:00,$ 3196.68,4
2419,09:30:00,$ 3196.68,1
2420,09:30:00,$ 3196.68,4
2421,09:30:00,$ 3196.68,1
2422,09:30:00,$ 3196.68,1
2423,09:30:00,$ 3196.68,1
2424,09:30:00,$ 3196.68,3
2425,09:30:00,$ 3196.68,5
2426,09:30:00,$ 3196.68,10
2427,09:30:00,$ 3196.68,3
2428,09:30:00,$ 3196.68,20
2429,09:30:00,$ 3196.68,5
2430,09:30:00,$ 3196.68,10
2431,09:30:00,$ 3196.68,1
2432,09:30:00,$ 3196.68,5
2433,09:30:00,$ 3196.68,1
2434,09:30:00,$ 3196.68,10
2435,09:30:00,$ 3196.68,10
2437,09:30:00,$ 3196.68,3
2438,09:30:00,$ 3196.68,6
2439,09:30:00,$ 3196.68,10
2440,09:30:00,$ 3196.68,1
2441,09:30:00,$ 3196.68,2
2442,09:30:00,$ 3196.68,2
2443,09:30:00,$ 3196.68,1
2444,09:30:00,$ 3196.68,2
2445,09:30:00,$ 3196.68,1
2446,09:30:00,$ 3196.68,6
2447,09:30:00,$ 3196.68,1
2448,09:30:00,$ 3196.68,10
2449,09:30:00,$ 3196.68,6
2450,09:30:00,$ 3196.68,2
2451,09:30:00,$ 3196.68,1
2452,09:30:00,$ 3196.68,1
2453,09:30:00,$ 3196.68,3
2454,09:30:00,$ 3196.68,19
2455,09:30:00,$ 3196.68,10
2456,09:30:00,$ 3196.68,5
2458,09:30:00,$ 3196.68,1
2459,09:30:00,$ 3196.68,1
2460,09:30:00,$ 3196.68,30
2461,09:30:00,$ 3196.68,1
2462,09:30:00,$ 3196.68,5
2463,09:30:00,$ 3196.68,1
2464,09:30:00,$ 3196.68,1
2465,09:30:00,$ 3196.68,1
2466,09:30:00,$ 3196.68,1
2467,09:30:00,$ 3196.68,1
2468,09:30:00,$ 3196.68,1
2469,09:30:00,$ 3196.68,12
2470,09:30:00,$ 3196.68,18
2471,09:30:00,$ 3196.68,1
2472,09:30:00,$ 3196.68,1
2473,09:30:00,$ 3196.68,1
2474,09:30:00,$ 3196.68,7
2475,09:30:00,$ 3196.68,1
2476,09:30:00,$ 3196.68,3
2477,09:30:00,$ 3196.68,40
2479,09:30:00,$ 3196.68,23
2480,09:30:00,$ 3198.00,100
2481,09:30:00,$ 3196.68,3
2483,10:29:53,$ 3196.63,117
2484,10:29:41,$ 3196.99,138
2485,10:29:41,$ 3197.12,100
2486,10:29:06,$ 3197.30,100
2487,10:29:02,$ 3197.58,100
2488,10:28:54,$ 3197.78,138
2489,10:28:54,$ 3197.59,100
2490,10:28:41,$ 3196.915,100
2491,10:28:13,$ 3198.58,100
2492,10:28:11,$ 3198.53,100
2493,10:27:59,$ 3196.84,100
2494,10:27:56,$ 3196.84,100
2495,10:27:43,$ 3197.205,100
2496,10:27:23,$ 3197.5985,150
2497,10:27:18,$ 3198.949,100
2498,10:27:13,$ 3198.97,100
2499,10:26:55,$ 3198.70,100
2500,10:26:42,$ 3199.09,100
2501,10:25:39,$ 3201.086,100
2502,10:25:39,$ 3201.105,200
2504,10:25:39,$ 3201.01,100
2505,10:25:16,$ 3199.83,100
2506,10:25:10,$ 3200.2406,312
2507,10:25:10,$ 3199.83,100
2508,10:25:10,$ 3200.15,100
2509,10:24:59,$ 3198.80,100
2510,10:24:50,$ 3198.20,100
2511,10:24:50,$ 3198.852,482
2512,10:24:24,$ 3197.1298,400
2513,10:24:23,$ 3197.78,100
2514,10:24:22,$ 3198.00,100
2515,10:24:07,$ 3197.66,100
2516,10:24:04,$ 3197.83,100
2517,10:23:54,$ 3198.31,100
2518,10:23:53,$ 3198.57,400
2519,10:23:53,$ 3198.31,100
2520,10:23:24,$ 3198.10,100
2521,10:23:20,$ 3197.71,100
2522,10:22:47,$ 3197.35,100
2523,10:21:59,$ 3197.56,100
2525,10:21:28,$ 3196.605,100
2526,10:21:16,$ 3196.58,100
2527,10:20:17,$ 3194.77,100
2528,10:20:16,$ 3194.615,100
2529,10:20:08,$ 3194.385,100
2530,10:20:08,$ 3194.385,100
2531,10:20:08,$ 3194.4875,100
2532,10:20:08,$ 3194.6125,100
2533,10:19:50,$ 3194.2872,100
2534,10:19:49,$ 3195.3999,100
2535,10:19:17,$ 3194.00,200
2536,10:19:03,$ 3194.51,100
2537,10:19:01,$ 3194.03,100
2538,10:19:00,$ 3194.545,100
2539,10:19:00,$ 3195.00,100
2540,10:19:00,$ 3195.00,177
2541,10:19:00,$ 3195.09,100
2542,10:18:57,$ 3195.125,100
2543,10:18:42,$ 3195.10,100
2544,10:18:29,$ 3195.51,100
2546,10:18:26,$ 3194.88,100
2547,10:18:22,$ 3196.00,145
2548,10:18:22,$ 3196.00,154
2549,10:18:21,$ 3196.50,100
2550,10:18:07,$ 3195.55,100
2551,10:17:57,$ 3195.62,100
2552,10:17:42,$ 3194.34,100
2553,10:17:24,$ 3193.2234,200
2554,10:17:03,$ 3195.76,100
2555,10:17:00,$ 3195.9894,100
2556,10:16:53,$ 3194.92,100
2557,10:16:52,$ 3194.6963,100
2558,10:16:28,$ 3194.1725,100
2559,10:16:18,$ 3194.44,100
2560,10:16:13,$ 3194.05,110
2561,10:16:08,$ 3194.7825,100
2562,10:16:07,$ 3193.8569,100
2563,10:15:50,$ 3194.64,100
2564,10:15:42,$ 3194.87,200
2565,10:15:24,$ 3194.935,100
2567,10:15:08,$ 3194.50,100
2568,10:14:11,$ 3196.47,100
2569,10:13:51,$ 3195.96,100
2570,10:13:39,$ 3195.775,100
2571,10:13:39,$ 3195.43,100
2572,10:13:07,$ 3194.175,100
2573,10:13:07,$ 3194.375,100
2574,10:12:27,$ 3194.90,174
2575,10:12:23,$ 3194.50,100
2576,10:12:21,$ 3194.44,100
2577,10:12:05,$ 3194.165,100
2578,10:12:05,$ 3194.165,100
2579,10:12:05,$ 3194.165,100
2580,10:12:05,$ 3194.165,100
2581,10:12:04,$ 3194.1617,300
2582,10:12:03,$ 3194.00,900
2583,10:12:03,$ 3194.00,124
2584,10:12:03,$ 3194.00,100
2585,10:12:00,$ 3194.67,100
2586,10:12:00,$ 3194.615,100
2588,10:11:34,$ 3194.67,100
2589,10:11:30,$ 3195.00,100
2590,10:11:26,$ 3195.116,100
2591,10:11:26,$ 3195.00,100
2592,10:11:26,$ 3195.00,100
2593,10:11:25,$ 3195.30,387
2594,10:11:25,$ 3195.00,100
2595,10:11:25,$ 3195.00,328
2596,10:11:25,$ 3195.28,100
2597,10:11:03,$ 3196.08,100
2598,10:10:51,$ 3195.97,200
2599,10:10:51,$ 3196.08,100
2600,10:10:41,$ 3196.09,100
2601,10:10:41,$ 3196.09,100
2602,10:10:21,$ 3196.00,200
2603,10:10:21,$ 3196.01,100
2604,10:10:12,$ 3195.22,100
2605,10:10:11,$ 3195.55,125
2606,10:09:57,$ 3195.88,100
2607,10:09:57,$ 3195.88,100
2609,10:09:54,$ 3197.00,100
2610,10:09:42,$ 3196.965,100
2611,10:09:42,$ 3196.965,100
2612,10:09:29,$ 3196.08,100
2613,10:09:27,$ 3195.845,100
2614,10:09:27,$ 3195.845,100
2615,10:09:27,$ 3195.845,100
2616,10:09:27,$ 3196.555,100
2617,10:09:20,$ 3196.89,100
2618,10:09:19,$ 3196.65,100
2619,10:09:19,$ 3196.65,100
2620,10:09:19,$ 3197.00,100
2621,10:09:17,$ 3196.65,100
2622,10:09:17,$ 3196.66,100
2623,10:09:17,$ 3196.55,100
2624,10:09:17,$ 3196.83,100
2625,10:09:10,$ 3196.545,100
2626,10:08:56,$ 3197.29,100
2627,10:08:55,$ 3196.712,124
2628,10:08:53,$ 3197.16,100
2630,10:08:53,$ 3197.30,103
2631,10:08:53,$ 3197.30,103
2632,10:08:53,$ 3197.30,103
2633,10:08:53,$ 3197.30,100
2634,10:08:53,$ 3197.30,103
2635,10:08:50,$ 3196.712,182
2636,10:08:42,$ 3196.85,100
2637,10:08:42,$ 3196.85,100
2638,10:08:04,$ 3197.55,100
2639,10:08:00,$ 3197.11,100
2640,10:07:53,$ 3197.20,100
2641,10:07:53,$ 3197.38,100
2642,10:07:44,$ 3197.83,200
2643,10:07:43,$ 3197.90,100
2644,10:07:38,$ 3198.21,100
2645,10:07:10,$ 3199.74,100
2646,10:06:42,$ 3199.1631,100
2647,10:06:36,$ 3198.7689,100
2648,10:06:26,$ 3199.90,100
2649,10:06:26,$ 3199.99,100
2651,10:06:26,$ 3200.00,300
2652,10:06:23,$ 3199.34,100
2653,10:06:23,$ 3199.34,104
2654,10:06:22,$ 3199.9099,312
2655,10:06:22,$ 3199.155,100
2656,10:06:22,$ 3199.82,100
2657,10:06:22,$ 3199.80,100
2658,10:06:22,$ 3199.15,100
2659,10:06:21,$ 3199.83,100
2660,10:06:16,$ 3199.4074,759
2661,10:06:00,$ 3199.51,100
2662,10:05:47,$ 3198.39,100
2663,10:05:28,$ 3197.335,100
2664,10:05:28,$ 3197.3825,100
2665,10:05:24,$ 3196.82,100
2666,10:05:20,$ 3197.78,100
2667,10:05:20,$ 3197.50,100
2668,10:05:15,$ 3196.50,100
2669,10:05:02,$ 3198.00,100
2670,10:04:50,$ 3198.79,200
2672,10:04:39,$ 3198.60,100
2673,10:04:25,$ 3199.59,100
2674,10:04:25,$ 3199.643,500
2675,10:04:19,$ 3199.00,100
2676,10:04:12,$ 3198.92,100
2677,10:04:11,$ 3198.32,100
2678,10:04:11,$ 3198.92,100
2679,10:04:10,$ 3199.00,100
2680,10:04:02,$ 3199.32,100
2681,10:03:59,$ 3199.255,100
2682,10:03:50,$ 3198.39,100
2683,10:03:44,$ 3198.0095,150
2684,10:03:39,$ 3197.87,100
2685,10:03:39,$ 3196.925,100
2686,10:03:39,$ 3197.77,100
2687,10:03:31,$ 3198.00,"1,000"
2688,10:03:31,$ 3197.56,100
2689,10:03:24,$ 3197.8799,100
2690,10:03:15,$ 3198.00,200
2691,10:03:15,$ 3198.00,200
2693,10:03:15,$ 3198.00,100
2694,10:03:11,$ 3197.67,100
2695,10:03:06,$ 3198.1866,150
2696,10:03:02,$ 3196.64,100
2697,10:03:01,$ 3196.06,100
2698,10:02:57,$ 3196.26,100
2699,10:02:55,$ 3196.20,100
2700,10:02:48,$ 3195.558,482
2701,10:02:43,$ 3196.20,100
2702,10:02:43,$ 3196.17,100
2703,10:02:43,$ 3196.20,100
2704,10:02:43,$ 3195.21,100
2705,10:02:36,$ 3196.0288,100
2706,10:02:34,$ 3195.60,100
2707,10:02:28,$ 3195.60,100
2708,10:02:15,$ 3195.2373,500
2709,10:02:08,$ 3195.40,300
2710,10:02:08,$ 3196.07,100
2711,10:02:07,$ 3196.10,100
2712,10:02:07,$ 3196.535,100
2714,10:02:07,$ 3196.66,100
2715,10:02:07,$ 3196.10,100
2716,10:02:07,$ 3196.10,100
2717,10:02:07,$ 3196.10,100
2718,10:02:06,$ 3196.735,100
2719,10:02:06,$ 3195.5775,100
2720,10:02:03,$ 3196.00,100
2721,10:02:03,$ 3196.01,100
2722,10:02:03,$ 3195.8325,100
2723,10:02:03,$ 3196.055,100
2724,10:02:03,$ 3196.11,100
2725,10:02:03,$ 3196.11,100
2726,10:02:03,$ 3196.00,100
2727,10:02:03,$ 3196.09,100
2728,10:02:03,$ 3196.09,100
2729,10:02:03,$ 3196.065,100
2730,10:02:03,$ 3196.04,100
2731,10:02:03,$ 3195.555,100
2732,10:02:01,$ 3195.10,100
2733,10:02:01,$ 3195.10,100
2735,10:02:07,$ 3196.66,100
2736,10:02:07,$ 3196.10,100
2737,10:02:07,$ 3196.10,100
2738,10:02:07,$ 3196.10,100
2739,10:02:06,$ 3196.735,100
2740,10:02:06,$ 3195.5775,100
2741,10:02:03,$ 3196.00,100
2742,10:02:03,$ 3196.01,100
2743,10:02:03,$ 3195.8325,100
2744,10:02:03,$ 3196.055,100
2745,10:02:03,$ 3196.11,100
2746,10:02:03,$ 3196.11,100
2747,10:02:03,$ 3196.00,100
2748,10:02:03,$ 3196.09,100
2749,10:02:03,$ 3196.09,100
2750,10:02:03,$ 3196.065,100
2751,10:02:03,$ 3196.04,100
2752,10:02:03,$ 3195.555,100
2753,10:02:01,$ 3195.10,100
2754,10:02:01,$ 3195.10,100
2756,10:01:51,$ 3196.60,100
2757,10:01:50,$ 3196.05,100
2758,10:01:50,$ 3196.05,100
2759,10:01:48,$ 3195.795,100
2760,10:01:48,$ 3195.795,100
2761,10:01:40,$ 3196.00,900
2762,10:01:31,$ 3196.423,176
2763,10:01:28,$ 3196.46,100
2764,10:01:17,$ 3198.392,200
2765,10:01:10,$ 3198.05,100
2766,10:01:10,$ 3198.18,100
2767,10:01:10,$ 3198.20,100
2768,10:01:10,$ 3198.24,100
2769,10:01:09,$ 3198.20,100
2770,10:01:09,$ 3198.18,100
2771,10:01:09,$ 3198.23,100
2772,10:01:09,$ 3198.36,100
2773,10:01:09,$ 3198.23,100
2774,10:01:09,$ 3198.26,100
2775,10:00:56,$ 3198.965,100
2777,10:59:52,$ 3203.45,100
2778,10:59:50,$ 3204.22,125
2779,10:59:48,$ 3204.925,100
2780,10:59:46,$ 3204.51,100
2781,10:59:42,$ 3204.00,100
2782,10:59:36,$ 3203.94,100
2783,10:59:33,$ 3204.07,100
2784,10:59:31,$ 3204.87,100
2785,10:59:18,$ 3203.00,100
2786,10:59:17,$ 3202.85,100
2787,10:59:17,$ 3202.94,100
2788,10:59:17,$ 3202.23,100
2789,10:59:14,$ 3202.42,100
2790,10:59:07,$ 3201.725,100
2791,10:59:07,$ 3201.11,100
2792,10:59:07,$ 3201.09,100
2793,10:59:07,$ 3201.09,100
2794,10:59:04,$ 3201.18,100
2795,10:59:04,$ 3201.17,100
2796,10:59:04,$ 3201.17,100
2798,10:58:43,$ 3201.53,100
2799,10:58:43,$ 3201.53,100
2800,10:58:43,$ 3201.52,100
2801,10:58:43,$ 3201.27,100
2802,10:58:43,$ 3201.54,100
2803,10:58:39,$ 3201.57,100
2804,10:58:35,$ 3201.27,100
2805,10:58:35,$ 3202.095,100
2806,10:58:32,$ 3202.26,100
2807,10:57:38,$ 3202.30,100
2808,10:57:38,$ 3202.02,100
2809,10:57:21,$ 3202.405,100
2810,10:57:18,$ 3202.675,100
2811,10:57:07,$ 3202.96,100
2812,10:56:55,$ 3202.605,100
2813,10:56:41,$ 3203.21,100
2814,10:56:19,$ 3203.40,100
2815,10:56:17,$ 3202.9092,500
2816,10:56:17,$ 3203.00,104
2817,10:56:17,$ 3203.00,100
2819,10:56:17,$ 3203.00,100
2820,10:56:17,$ 3203.00,200
2821,10:56:17,$ 3202.9899,150
2822,10:56:07,$ 3202.2401,482
2823,10:55:54,$ 3202.00,100
2824,10:55:14,$ 3201.44,100
2825,10:55:07,$ 3201.38,100
2826,10:54:41,$ 3201.62,100
2827,10:54:37,$ 3202.6292,100
2828,10:54:26,$ 3203.00,100
2829,10:53:55,$ 3202.18,100
2830,10:53:53,$ 3201.84,100
2831,10:53:36,$ 3201.385,100
2832,10:53:19,$ 3201.52,100
2833,10:53:11,$ 3202.195,100
2834,10:52:50,$ 3202.99,100
2835,10:52:48,$ 3201.5201,100
2836,10:52:15,$ 3202.00,150
2837,10:51:49,$ 3201.575,200
2838,10:51:46,$ 3202.035,100
2840,10:51:39,$ 3200.64,200
2841,10:51:29,$ 3201.62,100
2842,10:51:26,$ 3201.80,100
2843,10:51:26,$ 3201.5507,150
2844,10:51:26,$ 3201.78,100
2845,10:51:26,$ 3201.39,100
2846,10:51:26,$ 3201.24,100
2847,10:51:26,$ 3201.7973,100
2848,10:51:15,$ 3201.62,100
2849,10:51:15,$ 3201.21,100
2850,10:51:07,$ 3201.70,100
2851,10:51:06,$ 3201.00,200
2852,10:50:54,$ 3200.00,294
2853,10:50:53,$ 3199.10,100
2854,10:50:11,$ 3199.07,100
2855,10:50:00,$ 3200.00,100
2856,10:49:32,$ 3197.91,300
2857,10:48:42,$ 3197.37,100
2858,10:48:38,$ 3197.00,100
2859,10:48:37,$ 3197.0345,200
2861,10:48:37,$ 3197.03,100
2862,10:48:37,$ 3197.50,370
2863,10:48:37,$ 3197.0038,200
2864,10:48:37,$ 3197.05,100
2865,10:48:37,$ 3197.03,100
2866,10:48:37,$ 3197.03,100
2867,10:48:23,$ 3198.47,100
2868,10:48:09,$ 3198.24,100
2869,10:47:39,$ 3198.375,100
2870,10:47:08,$ 3199.185,200
2871,10:46:47,$ 3197.925,100
2872,10:46:43,$ 3198.24,138
2873,10:45:55,$ 3198.1913,100
2874,10:45:31,$ 3197.50,100
2875,10:45:08,$ 3198.595,100
2876,10:44:12,$ 3199.685,100
2877,10:43:15,$ 3200.82,100
2878,10:42:35,$ 3200.355,100
2879,10:42:34,$ 3200.899,261
2880,10:42:33,$ 3200.46,100
2882,10:42:01,$ 3201.71,100
2883,10:41:41,$ 3201.44,100
2884,10:41:41,$ 3201.58,100
2885,10:41:26,$ 3201.02,100
2886,10:41:02,$ 3201.755,100
2887,10:41:00,$ 3202.205,100
2888,10:40:52,$ 3202.065,100
2889,10:40:52,$ 3201.21,100
2890,10:40:52,$ 3201.27,100
2891,10:40:31,$ 3200.93,184
2892,10:40:31,$ 3200.92,100
2893,10:40:30,$ 3201.00,400
2894,10:40:30,$ 3201.00,100
2895,10:40:30,$ 3200.50,100
2896,10:40:22,$ 3200.52,155
2897,10:40:21,$ 3200.09,100
2898,10:40:21,$ 3200.685,100
2899,10:40:20,$ 3200.52,100
2900,10:40:20,$ 3199.755,100
2901,10:40:16,$ 3199.69,100
2903,10:40:16,$ 3199.07,100
2904,10:40:15,$ 3199.69,100
2905,10:40:12,$ 3199.69,100
2906,10:40:08,$ 3199.94,150
2907,10:40:08,$ 3199.50,100
2908,10:39:59,$ 3199.755,100
2909,10:39:55,$ 3199.9862,109
2910,10:39:35,$ 3199.485,100
2911,10:39:35,$ 3199.485,200
2912,10:39:34,$ 3199.40,100
2913,10:39:15,$ 3199.42,100
2914,10:39:07,$ 3199.44,100
2915,10:39:02,$ 3198.34,100
2916,10:38:59,$ 3199.07,100
2917,10:38:59,$ 3198.82,200
2918,10:38:47,$ 3199.315,100
2919,10:38:47,$ 3199.39,100
2920,10:38:34,$ 3200.40,100
2921,10:38:34,$ 3199.84,100
2922,10:38:19,$ 3199.795,100
2924,10:37:58,$ 3200.79,250
2925,10:37:28,$ 3200.00,100
2926,10:37:28,$ 3199.66,100
2927,10:37:28,$ 3199.75,100
2928,10:37:28,$ 3197.6291,400
2929,10:37:24,$ 3199.2268,100
2930,10:37:23,$ 3198.48,300
2931,10:37:01,$ 3198.20,100
2932,10:36:43,$ 3199.30,100
2933,10:36:43,$ 3198.66,100
2934,10:36:22,$ 3198.6869,200
2935,10:36:20,$ 3198.5101,100
2936,10:36:06,$ 3199.36,100
2937,10:36:06,$ 3199.50,100
2938,10:36:03,$ 3199.50,100
2939,10:36:03,$ 3199.63,100
2940,10:36:03,$ 3199.995,100
2941,10:36:03,$ 3200.01,100
2942,10:36:03,$ 3199.50,146
2943,10:36:03,$ 3199.50,100
2945,10:36:03,$ 3199.89,100
2946,10:36:03,$ 3199.89,100
2947,10:36:03,$ 3199.69,100
2948,10:36:03,$ 3199.84,100
2949,10:36:03,$ 3199.67,100
2950,10:36:03,$ 3200.01,100
2951,10:35:52,$ 3200.00,100
2952,10:35:17,$ 3198.69,100
2953,10:34:58,$ 3197.00,100
2954,10:34:58,$ 3196.69,100
2955,10:34:58,$ 3196.795,100
2956,10:34:58,$ 3196.7425,100
2957,10:34:58,$ 3196.795,100
2958,10:34:58,$ 3196.795,100
2959,10:34:58,$ 3196.755,100
2960,10:34:58,$ 3196.80,100
2961,10:34:58,$ 3196.34,100
2962,10:34:58,$ 3196.80,100
2963,10:34:52,$ 3196.70,100
2964,10:34:46,$ 3196.575,100
2966,10:34:46,$ 3196.66,100
2967,10:34:34,$ 3197.35,100
2968,10:34:34,$ 3197.31,100
2969,10:34:28,$ 3197.17,100
2970,10:34:15,$ 3196.92,100
2971,10:34:15,$ 3196.76,100
2972,10:34:15,$ 3196.50,"1,000"
2973,10:33:24,$ 3197.37,100
2974,10:33:24,$ 3196.86,100
2975,10:33:03,$ 3197.39,100
2976,10:33:02,$ 3197.39,100
2977,10:33:02,$ 3197.10,100
2978,10:32:51,$ 3196.673,496
2979,10:32:44,$ 3197.2007,270
2980,10:31:51,$ 3196.37,100
2981,10:31:51,$ 3196.46,100
2982,10:31:51,$ 3196.46,100
2983,10:31:50,$ 3195.5484,109
2984,10:31:50,$ 3195.5484,147
2985,10:31:50,$ 3195.5484,244
2987,10:31:50,$ 3196.53,100
2988,10:31:50,$ 3196.55,149
2989,10:31:36,$ 3195.65,100
2990,10:31:26,$ 3196.45,150
2991,10:31:06,$ 3195.72,100
2992,10:30:25,$ 3196.70,100
2993,10:30:20,$ 3197.12,100
2994,10:30:03,$ 3197.34,100
2996,11:29:59,$ 3192.20,100
2997,11:29:59,$ 3192.20,100
2998,11:28:42,$ 3193.03,100
2999,11:27:57,$ 3192.1722,100
3000,11:27:42,$ 3192.10,100
3001,11:27:25,$ 3192.39,100
3002,11:27:24,$ 3192.70,100
3003,11:27:23,$ 3192.86,100
3004,11:27:21,$ 3192.70,100
3005,11:27:21,$ 3192.70,100
3006,11:27:17,$ 3192.70,100
3007,11:27:00,$ 3192.6525,400
3008,11:27:00,$ 3193.00,279
3009,11:26:49,$ 3193.725,100
3010,11:26:11,$ 3193.1866,200
3011,11:26:07,$ 3194.9264,236
3012,11:25:51,$ 3194.75,100
3013,11:25:36,$ 3194.17,100
3014,11:25:34,$ 3194.54,100
3015,11:25:25,$ 3194.2901,100
3017,11:25:23,$ 3194.46,100
3018,11:25:16,$ 3194.46,156
3019,11:24:09,$ 3193.59,100
3020,11:24:00,$ 3192.48,100
3021,11:23:51,$ 3192.95,100
3022,11:23:42,$ 3193.58,226
3023,11:23:30,$ 3192.67,100
3024,11:23:23,$ 3192.005,600
3025,11:23:23,$ 3192.31,100
3026,11:23:23,$ 3192.31,100
3027,11:23:16,$ 3192.60,100
3028,11:21:32,$ 3196.00,242
3029,11:21:30,$ 3195.41,100
3030,11:21:20,$ 3195.624,100
3031,11:21:20,$ 3195.44,100
3032,11:21:20,$ 3195.31,100
3033,11:21:20,$ 3195.3318,100
3034,11:21:15,$ 3195.06,100
3035,11:20:51,$ 3196.1662,100
3036,11:20:33,$ 3196.32,177
3038,11:20:32,$ 3195.595,100
3039,11:20:13,$ 3194.0077,200
3040,11:20:13,$ 3194.385,100
3041,11:19:53,$ 3195.55,110
3042,11:19:41,$ 3195.03,100
3043,11:19:31,$ 3194.75,100
3044,11:19:23,$ 3195.3925,100
3045,11:19:16,$ 3194.17,100
3046,11:19:01,$ 3195.705,100
3047,11:18:57,$ 3194.4175,115
3048,11:18:45,$ 3194.685,"1,000"
3049,11:18:27,$ 3194.19,100
3050,11:18:04,$ 3195.17,"1,000"
3051,11:17:18,$ 3193.93,100
3052,11:17:11,$ 3193.49,100
3053,11:17:02,$ 3194.00,186
3054,11:17:02,$ 3193.94,300
3055,11:17:02,$ 3194.0001,150
3056,11:17:02,$ 3194.07,100
3057,11:17:02,$ 3194.71,100
3059,11:17:00,$ 3194.10,110
3060,11:17:00,$ 3194.12,100
3061,11:16:38,$ 3195.90,100
3062,11:16:23,$ 3195.87,100
3063,11:16:17,$ 3195.05,500
3064,11:16:08,$ 3194.885,100
3065,11:16:06,$ 3196.00,100
3066,11:15:52,$ 3195.19,100
3067,11:15:52,$ 3195.9976,175
3068,11:15:52,$ 3195.9976,137
3069,11:15:46,$ 3195.00,265
3070,11:15:46,$ 3195.525,100
3071,11:15:46,$ 3195.72,100
3072,11:15:06,$ 3195.54,100
3073,11:14:55,$ 3195.15,100
3074,11:14:44,$ 3195.97,100
3075,11:14:04,$ 3196.97,100
3076,11:14:02,$ 3197.27,100
3077,11:13:39,$ 3197.02,400
3078,11:13:26,$ 3198.14,100
3080,11:12:37,$ 3198.90,100
3081,11:12:34,$ 3198.8476,550
3082,11:12:22,$ 3198.11,100
3083,11:12:20,$ 3198.8899,312
3084,11:12:20,$ 3197.89,100
3085,11:12:20,$ 3197.90,100
3086,11:11:41,$ 3197.42,100
3087,11:09:48,$ 3196.54,100
3088,11:09:38,$ 3199.33,100
3089,11:09:32,$ 3197.494,100
3090,11:09:21,$ 3196.741,311
3091,11:09:21,$ 3196.979,100
3092,11:09:02,$ 3196.775,100
3093,11:09:01,$ 3197.43,100
3094,11:07:55,$ 3196.35,111
3095,11:07:51,$ 3197.98,100
3096,11:07:44,$ 3197.21,100
3097,11:07:12,$ 3196.86,100
3098,11:07:07,$ 3196.36,100
3099,11:07:00,$ 3197.15,124
3101,11:07:00,$ 3197.13,100
3102,11:07:00,$ 3197.13,100
3103,11:07:00,$ 3196.11,100
3104,11:07:00,$ 3196.02,100
3105,11:07:00,$ 3196.06,100
3106,11:07:00,$ 3196.24,100
3107,11:06:56,$ 3195.774,"1,000"
3108,11:06:47,$ 3195.62,102
3109,11:06:32,$ 3195.80,100
3110,11:06:31,$ 3195.85,100
3111,11:06:27,$ 3196.30,100
3112,11:06:26,$ 3195.816,312
3113,11:06:26,$ 3196.55,312
3114,11:06:22,$ 3195.9479,200
3115,11:06:10,$ 3195.73,100
3116,11:06:10,$ 3195.8004,100
3117,11:06:10,$ 3196.10,100
3118,11:06:08,$ 3196.60,100
3119,11:06:08,$ 3196.60,100
3120,11:05:57,$ 3197.75,100
3122,11:05:17,$ 3198.46,100
3123,11:05:03,$ 3197.60,100
3124,11:04:59,$ 3197.85,100
3125,11:04:54,$ 3198.51,100
3126,11:04:48,$ 3199.00,100
3127,11:04:13,$ 3198.15,100
3128,11:03:52,$ 3198.45,100
3129,11:03:52,$ 3198.69,100
3130,11:03:51,$ 3199.12,100
3131,11:03:47,$ 3198.28,100
3132,11:03:28,$ 3196.77,100
3133,11:03:22,$ 3196.84,100
3134,11:03:14,$ 3197.32,100
3135,11:03:13,$ 3197.34,100
3136,11:03:12,$ 3196.5901,200
3137,11:03:03,$ 3196.45,100
3138,11:03:03,$ 3196.91,100
3139,11:03:03,$ 3196.43,100
3140,11:03:01,$ 3197.06,100
3141,11:02:59,$ 3197.16,100
3143,11:02:55,$ 3197.81,100
3144,11:02:55,$ 3197.24,100
3145,11:02:53,$ 3197.19,100
3146,11:02:49,$ 3197.64,100
3147,11:02:32,$ 3196.74,100
3148,11:02:27,$ 3197.39,300
3149,11:02:19,$ 3199.2899,100
3150,11:02:04,$ 3196.40,100
3151,11:02:02,$ 3196.73,100
3152,11:02:00,$ 3197.29,100
3153,11:01:57,$ 3197.11,100
3154,11:01:57,$ 3197.11,100
3155,11:01:57,$ 3197.11,100
3156,11:01:57,$ 3197.11,100
3157,11:01:57,$ 3197.38,100
3158,11:01:57,$ 3197.71,100
3159,11:01:57,$ 3197.71,100
3160,11:01:57,$ 3198.01,100
3161,11:01:57,$ 3198.02,100
3162,11:01:57,$ 3198.01,100
3164,11:01:57,$ 3198.01,100
3165,11:01:57,$ 3198.56,100
3166,11:01:57,$ 3198.56,100
3167,11:01:57,$ 3198.56,100
3168,11:01:57,$ 3198.61,100
3169,11:01:57,$ 3198.44,100
3170,11:01:57,$ 3198.56,100
3171,11:01:57,$ 3199.59,100
3172,11:01:57,$ 3200.10,100
3173,11:01:57,$ 3200.45,100
3174,11:01:57,$ 3201.00,100
3175,11:01:57,$ 3201.04,100
3176,11:01:57,$ 3201.36,100
3177,11:01:57,$ 3201.48,100
3178,11:01:30,$ 3202.02,100
3179,11:01:11,$ 3201.735,100
3180,11:01:11,$ 3202.29,100
3181,11:01:10,$ 3202.02,100
3182,11:01:10,$ 3202.09,100
3183,11:00:57,$ 3202.40,100
3185,11:00:55,$ 3201.43,103
3186,11:00:55,$ 3201.96,100
3187,11:00:41,$ 3203.035,100
3188,11:00:30,$ 3202.44,150
3189,11:00:27,$ 3203.425,100
3190,11:00:17,$ 3203.93,100
3191,11:00:03,$ 3204.19,100
3192,11:00:03,$ 3204.19,100
3194,11:59:38,$ 3193.65,100
3195,11:59:35,$ 3193.1636,100
3196,11:59:29,$ 3193.37,100
3197,11:59:29,$ 3193.37,100
3198,11:59:25,$ 3192.95,100
3199,11:59:10,$ 3192.83,100
3200,11:59:10,$ 3192.50,100
3201,11:59:10,$ 3192.50,113
3202,11:59:10,$ 3192.50,283
3203,11:59:10,$ 3192.50,992
3204,11:59:10,$ 3192.57,100
3205,11:58:39,$ 3193.29,100
3206,11:57:44,$ 3193.585,100
3207,11:56:20,$ 3193.71,100
3208,11:56:20,$ 3193.49,100
3209,11:56:20,$ 3193.49,100
3210,11:56:20,$ 3193.46,100
3211,11:56:20,$ 3194.19,100
3212,11:56:20,$ 3193.49,100
3213,11:56:20,$ 3193.4338,100
3215,11:56:20,$ 3193.70,100
3216,11:56:20,$ 3193.76,300
3217,11:56:12,$ 3193.735,100
3218,11:56:00,$ 3195.275,100
3219,11:55:12,$ 3193.93,100
3220,11:54:22,$ 3194.085,100
3221,11:54:22,$ 3194.32,113
3222,11:53:59,$ 3194.36,100
3223,11:53:59,$ 3194.49,100
3224,11:53:55,$ 3194.105,100
3225,11:53:45,$ 3194.36,100
3226,11:53:45,$ 3194.095,100
3227,11:53:45,$ 3194.095,100
3228,11:53:45,$ 3194.095,100
3229,11:53:10,$ 3193.91,100
3230,11:52:59,$ 3194.245,100
3231,11:52:59,$ 3194.55,100
3232,11:52:43,$ 3193.735,100
3233,11:52:34,$ 3193.98,100
3234,11:52:33,$ 3193.15,100
3236,11:52:23,$ 3193.74,100
3237,11:52:14,$ 3193.74,100
3238,11:51:28,$ 3194.50,575
3239,11:51:13,$ 3194.6499,100
3240,11:50:59,$ 3193.49,100
3241,11:50:59,$ 3193.44,100
3242,11:50:56,$ 3193.50,100
3243,11:50:56,$ 3193.50,100
3244,11:50:56,$ 3193.50,100
3245,11:50:54,$ 3193.50,436
3246,11:50:54,$ 3193.50,151
3247,11:50:41,$ 3193.3692,420
3248,11:50:36,$ 3193.48,100
3249,11:50:36,$ 3193.46,100
3250,11:50:35,$ 3193.15,100
3251,11:50:22,$ 3192.65,100
3252,11:49:01,$ 3191.74,100
3253,11:48:54,$ 3191.61,100
3254,11:48:49,$ 3191.82,500
3255,11:48:21,$ 3191.525,100
3257,11:48:18,$ 3192.31,100
3258,11:48:11,$ 3192.06,100
3259,11:48:05,$ 3191.83,100
3260,11:48:05,$ 3192.9999,100
3261,11:48:05,$ 3192.9999,100
3262,11:48:05,$ 3192.9999,100
3263,11:48:05,$ 3192.9999,100
3264,11:48:05,$ 3191.82,100
3265,11:48:05,$ 3191.83,100
3266,11:48:05,$ 3191.82,100
3267,11:47:55,$ 3191.96,100
3268,11:47:55,$ 3192.00,100
3269,11:47:33,$ 3191.225,100
3270,11:47:32,$ 3191.225,145
3271,11:47:07,$ 3191.03,100
3272,11:46:58,$ 3191.205,100
3273,11:46:41,$ 3191.50,100
3274,11:44:28,$ 3190.50,100
3275,11:44:26,$ 3191.16,100
3276,11:44:03,$ 3192.39,100
3278,11:44:01,$ 3191.03,100
3279,11:43:55,$ 3192.25,100
3280,11:43:33,$ 3192.94,100
3281,11:43:28,$ 3192.625,100
3282,11:43:10,$ 3191.57,100
3283,11:43:00,$ 3191.00,148
3284,11:42:57,$ 3190.50,100
3285,11:42:53,$ 3190.75,100
3286,11:42:53,$ 3191.10,110
3287,11:42:52,$ 3191.10,100
3288,11:42:52,$ 3191.10,100
3289,11:42:36,$ 3190.63,100
3290,11:42:23,$ 3191.02,100
3291,11:42:00,$ 3193.47,150
3292,11:41:59,$ 3193.33,100
3293,11:41:59,$ 3193.33,100
3294,11:41:58,$ 3193.14,100
3295,11:41:51,$ 3192.36,100
3296,11:41:44,$ 3192.19,100
3297,11:41:40,$ 3190.76,100
3299,11:41:31,$ 3191.06,100
3300,11:41:31,$ 3191.1111,189
3301,11:41:23,$ 3190.52,100
3302,11:41:23,$ 3190.83,100
3303,11:41:22,$ 3190.3601,100
3304,11:41:22,$ 3191.3725,100
3305,11:41:22,$ 3191.00,100
3306,11:41:19,$ 3191.08,100
3307,11:41:16,$ 3191.185,100
3308,11:41:16,$ 3191.00,173
3309,11:41:15,$ 3191.4275,100
3310,11:41:15,$ 3191.00,100
3311,11:41:14,$ 3191.66,100
3312,11:41:04,$ 3192.26,100
3313,11:40:52,$ 3192.625,100
3314,11:40:32,$ 3191.75,100
3315,11:40:26,$ 3192.3025,100
3316,11:40:17,$ 3192.31,100
3317,11:40:14,$ 3192.24,200
3318,11:39:45,$ 3192.365,100
3320,11:39:35,$ 3191.7201,100
3321,11:39:33,$ 3192.41,100
3322,11:39:33,$ 3191.76,100
3323,11:39:20,$ 3192.28,100
3324,11:39:20,$ 3192.33,100
3325,11:39:20,$ 3192.33,100
3326,11:38:49,$ 3192.65,100
3327,11:38:04,$ 3193.11,100
3328,11:38:01,$ 3193.80,100
3329,11:37:54,$ 3193.11,100
3330,11:36:54,$ 3194.22,100
3331,11:36:13,$ 3193.67,100
3332,11:36:09,$ 3194.81,100
3333,11:36:09,$ 3194.925,100
3334,11:36:05,$ 3193.54,100
3335,11:36:05,$ 3194.25,100
3336,11:36:05,$ 3194.25,100
3337,11:36:04,$ 3193.86,100
3338,11:36:02,$ 3193.87,100
3339,11:36:00,$ 3193.38,100
3341,11:35:59,$ 3193.38,100
3342,11:35:57,$ 3193.88,100
3343,11:35:49,$ 3193.735,100
3344,11:35:45,$ 3193.5471,202
3345,11:35:44,$ 3193.6712,313
3346,11:35:44,$ 3193.6712,274
3347,11:35:44,$ 3193.48,232
3348,11:35:44,$ 3193.57,100
3349,11:35:42,$ 3193.515,100
3350,11:35:35,$ 3193.365,100
3351,11:35:24,$ 3193.29,100
3352,11:35:24,$ 3192.905,100
3353,11:34:56,$ 3192.00,144
3354,11:34:15,$ 3192.82,100
3355,11:33:59,$ 3193.15,100
3356,11:33:39,$ 3192.00,100
3357,11:33:10,$ 3193.00,100
3358,11:32:48,$ 3192.07,100
3359,11:31:42,$ 3191.99,100
3360,11:31:40,$ 3191.93,100
3362,11:31:34,$ 3190.97,100
3364,12:29:46,$ 3191.38,100
3365,12:29:45,$ 3191.50,155
3366,12:29:27,$ 3191.26,100
3367,12:29:27,$ 3191.11,100
3368,12:29:27,$ 3191.00,100
3369,12:29:27,$ 3191.00,100
3370,12:29:27,$ 3191.00,106
3371,12:29:14,$ 3190.4667,150
3372,12:29:01,$ 3191.81,100
3373,12:28:32,$ 3190.30,100
3374,12:28:30,$ 3190.67,110
3375,12:28:27,$ 3190.66,100
3376,12:28:02,$ 3189.935,100
3377,12:27:51,$ 3189.73,100
3378,12:27:40,$ 3190.08,100
3379,12:27:24,$ 3190.21,100
3380,12:27:21,$ 3189.98,124
3381,12:27:07,$ 3190.305,100
3382,12:26:55,$ 3189.9201,100
3383,12:26:50,$ 3190.00,100
3385,12:26:48,$ 3189.99,100
3386,12:26:46,$ 3190.00,100
3387,12:26:20,$ 3190.09,100
3388,12:26:19,$ 3190.00,200
3389,12:26:19,$ 3190.00,300
3390,12:26:19,$ 3190.00,300
3391,12:26:19,$ 3190.00,100
3392,12:26:19,$ 3190.00,300
3393,12:26:19,$ 3190.10,100
3394,12:26:14,$ 3190.105,100
3395,12:26:11,$ 3190.97,200
3396,12:25:48,$ 3191.08,100
3397,12:25:48,$ 3190.90,177
3398,12:25:44,$ 3191.03,100
3399,12:25:43,$ 3191.39,100
3400,12:25:43,$ 3191.395,113
3401,12:25:43,$ 3191.38,100
3402,12:25:42,$ 3191.59,100
3403,12:25:42,$ 3191.50,100
3404,12:25:42,$ 3191.59,100
3406,12:25:42,$ 3191.59,100
3407,12:25:12,$ 3191.80,100
3408,12:25:12,$ 3191.80,100
3409,12:25:03,$ 3191.75,100
3410,12:24:51,$ 3192.18,100
3411,12:24:47,$ 3191.58,100
3412,12:24:43,$ 3192.055,100
3413,12:23:31,$ 3192.16,100
3414,12:23:04,$ 3191.7501,100
3415,12:22:21,$ 3192.005,100
3416,12:20:39,$ 3192.205,100
3417,12:20:19,$ 3192.14,100
3418,12:20:19,$ 3192.26,200
3419,12:19:50,$ 3192.3499,400
3420,12:19:50,$ 3191.80,100
3421,12:19:44,$ 3191.25,400
3422,12:18:48,$ 3192.00,100
3423,12:18:11,$ 3191.70,246
3424,12:18:11,$ 3192.00,216
3425,12:18:11,$ 3192.00,100
3427,12:17:31,$ 3193.33,100
3428,12:16:52,$ 3193.23,100
3429,12:16:50,$ 3193.54,100
3430,12:16:08,$ 3193.47,175
3431,12:15:41,$ 3193.185,100
3432,12:15:36,$ 3193.00,100
3433,12:15:27,$ 3193.0001,100
3434,12:15:08,$ 3193.69,100
3435,12:14:45,$ 3192.80,100
3436,12:14:25,$ 3193.175,100
3437,12:14:15,$ 3193.7939,100
3438,12:13:17,$ 3192.56,100
3439,12:13:01,$ 3192.67,100
3440,12:12:56,$ 3192.77,100
3441,12:12:10,$ 3192.55,100
3442,12:12:06,$ 3193.00,100
3443,12:12:06,$ 3193.00,497
3444,12:11:57,$ 3193.46,100
3445,12:11:14,$ 3193.47,100
3446,12:11:08,$ 3193.0001,200
3448,12:10:49,$ 3193.11,100
3449,12:10:48,$ 3193.93,100
3450,12:10:34,$ 3194.59,200
3451,12:10:16,$ 3193.86,285
3452,12:10:13,$ 3193.892,100
3453,12:09:52,$ 3193.095,100
3454,12:09:50,$ 3193.305,200
3455,12:09:49,$ 3193.625,100
3456,12:09:17,$ 3194.03,400
3457,12:08:46,$ 3194.0527,100
3458,12:08:29,$ 3194.8449,139
3459,12:08:15,$ 3194.22,100
3460,12:06:50,$ 3193.72,100
3461,12:06:46,$ 3193.68,200
3462,12:06:46,$ 3193.68,200
3463,12:06:43,$ 3194.20,100
3464,12:06:33,$ 3193.63,100
3465,12:05:34,$ 3193.22,100
3466,12:05:27,$ 3193.125,126
3467,12:04:48,$ 3193.29,100
3469,12:04:12,$ 3192.58,100
3470,12:04:12,$ 3192.58,100
3471,12:03:55,$ 3192.96,100
3472,12:03:13,$ 3193.78,100
3473,12:03:13,$ 3193.62,100
3474,12:03:11,$ 3193.98,100
3475,12:03:06,$ 3193.25,100
3476,12:02:54,$ 3193.07,100
3477,12:02:53,$ 3193.21,100
3478,12:02:15,$ 3193.16,100
3479,12:01:24,$ 3192.32,100
3480,12:01:21,$ 3192.965,100
3481,12:00:56,$ 3193.36,100
3483,12:59:59,$ 3191.8675,100
3484,12:59:52,$ 3191.905,100
3485,12:59:50,$ 3191.6922,100
3486,12:58:27,$ 3192.00,100
3487,12:57:35,$ 3192.00,300
3488,12:57:07,$ 3192.20,100
3489,12:56:50,$ 3192.45,100
3490,12:56:02,$ 3191.84,100
3491,12:55:27,$ 3192.30,149
3492,12:55:17,$ 3191.48,100
3493,12:53:52,$ 3192.155,100
3494,12:53:15,$ 3192.00,100
3495,12:51:57,$ 3192.03,100
3496,12:51:13,$ 3192.47,100
3497,12:49:47,$ 3192.98,400
3498,12:49:37,$ 3193.00,240
3499,12:49:32,$ 3192.50,470
3500,12:49:32,$ 3192.48,100
3501,12:48:52,$ 3192.50,100
3502,12:48:16,$ 3191.70,100
3504,12:46:01,$ 3192.14,100
3505,12:44:50,$ 3192.08,150
3506,12:44:17,$ 3193.00,133
3507,12:44:17,$ 3193.00,238
3508,12:44:17,$ 3193.00,158
3509,12:44:00,$ 3192.50,100
3510,12:43:54,$ 3192.70,296
3511,12:43:54,$ 3192.66,100
3512,12:43:52,$ 3192.15,100
3513,12:43:48,$ 3192.50,300
3514,12:42:59,$ 3192.4199,100
3515,12:42:15,$ 3191.56,100
3516,12:42:04,$ 3191.18,100
3517,12:42:01,$ 3191.06,100
3518,12:42:01,$ 3191.145,100
3519,12:41:39,$ 3191.745,100
3520,12:41:28,$ 3191.56,150
3521,12:41:09,$ 3191.50,100
3522,12:40:23,$ 3193.0078,338
3523,12:38:31,$ 3190.75,180
3525,12:38:14,$ 3190.60,145
3526,12:38:14,$ 3190.60,100
3527,12:38:14,$ 3190.60,100
3528,12:38:14,$ 3190.60,100
3529,12:38:10,$ 3191.3199,100
3530,12:36:18,$ 3190.02,100
3531,12:36:18,$ 3190.64,101
3532,12:36:18,$ 3190.02,100
3533,12:36:18,$ 3190.20,100
3534,12:36:18,$ 3190.40,100
3535,12:35:54,$ 3191.385,100
3536,12:35:49,$ 3191.44,113
3537,12:35:17,$ 3190.60,233
3538,12:35:10,$ 3191.27,100
3539,12:35:10,$ 3190.94,100
3540,12:34:37,$ 3191.72,100
3541,12:34:10,$ 3190.545,100
3542,12:33:46,$ 3190.8838,168
3543,12:33:46,$ 3190.8838,102
3544,12:33:37,$ 3190.11,100
3546,12:33:09,$ 3190.10,100
3547,12:33:09,$ 3190.12,100
3548,12:33:01,$ 3190.49,100
3549,12:33:00,$ 3190.59,100
3550,12:32:59,$ 3191.00,100
3551,12:32:59,$ 3191.00,100
3552,12:32:58,$ 3191.10,100
3553,12:32:58,$ 3191.30,100
3554,12:32:40,$ 3190.95,100
3555,12:31:52,$ 3191.595,100
3556,12:31:52,$ 3191.57,100
3557,12:31:44,$ 3192.00,100
3558,12:31:44,$ 3192.23,100
3559,12:31:04,$ 3193.73,100
3560,12:30:12,$ 3191.18,100
3562,13:29:57,$ 3184.35,100
3563,13:29:38,$ 3183.74,150
3564,13:29:24,$ 3183.00,200
3565,13:29:17,$ 3183.2142,100
3566,13:29:12,$ 3183.11,100
3567,13:28:59,$ 3183.78,100
3568,13:28:48,$ 3183.50,100
3569,13:28:48,$ 3183.50,100
3570,13:28:29,$ 3183.685,150
3571,13:28:29,$ 3184.00,100
3572,13:28:29,$ 3184.00,194
3573,13:28:29,$ 3184.00,100
3574,13:28:12,$ 3184.115,100
3575,13:28:03,$ 3184.00,100
3576,13:28:03,$ 3185.33,100
3577,13:28:03,$ 3184.00,100
3578,13:28:02,$ 3184.7678,100
3579,13:28:00,$ 3184.00,100
3580,13:27:59,$ 3184.07,100
3581,13:27:53,$ 3184.815,100
3583,13:27:50,$ 3184.52,200
3584,13:27:40,$ 3184.10,100
3585,13:27:40,$ 3184.52,100
3586,13:27:37,$ 3184.08,200
3587,13:27:37,$ 3184.08,100
3588,13:27:37,$ 3184.08,100
3589,13:27:36,$ 3183.805,100
3590,13:27:09,$ 3184.00,100
3591,13:27:00,$ 3183.97,100
3592,13:26:43,$ 3184.02,100
3593,13:26:31,$ 3184.50,100
3594,13:26:23,$ 3184.72,100
3595,13:26:23,$ 3183.47,100
3596,13:25:30,$ 3184.675,100
3597,13:25:24,$ 3184.585,100
3598,13:24:42,$ 3185.20,100
3599,13:24:37,$ 3185.18,100
3600,13:23:42,$ 3185.48,100
3601,13:23:07,$ 3185.24,500
3602,13:22:57,$ 3185.04,100
3604,13:22:57,$ 3185.48,100
3605,13:22:48,$ 3185.7657,157
3606,13:22:45,$ 3185.73,100
3607,13:22:38,$ 3185.00,100
3608,13:22:10,$ 3185.10,100
3609,13:22:03,$ 3185.145,100
3610,13:21:41,$ 3184.62,100
3611,13:21:38,$ 3184.50,100
3612,13:21:27,$ 3184.69,100
3613,13:21:08,$ 3185.00,100
3614,13:21:02,$ 3186.37,100
3615,13:20:52,$ 3186.4475,100
3616,13:20:46,$ 3185.78,150
3617,13:20:23,$ 3185.37,170
3618,13:20:23,$ 3185.844,100
3619,13:20:23,$ 3185.41,100
3620,13:20:23,$ 3185.29,100
3621,13:20:23,$ 3185.00,100
3622,13:20:23,$ 3184.75,100
3623,13:20:22,$ 3184.55,100
3625,13:20:18,$ 3184.32,100
3626,13:20:14,$ 3184.10,100
3627,13:20:14,$ 3183.77,100
3628,13:20:14,$ 3183.73,100
3629,13:20:13,$ 3183.00,100
3630,13:20:13,$ 3183.13,100
3631,13:20:11,$ 3183.47,100
3632,13:20:11,$ 3183.46,100
3633,13:20:11,$ 3183.485,100
3634,13:19:59,$ 3183.33,180
3635,13:19:53,$ 3183.00,100
3636,13:19:48,$ 3183.165,200
3637,13:19:18,$ 3182.93,100
3638,13:19:12,$ 3182.715,100
3639,13:19:00,$ 3182.79,119
3640,13:18:55,$ 3182.94,100
3641,13:18:50,$ 3183.06,100
3642,13:18:23,$ 3183.045,100
3643,13:18:09,$ 3183.22,100
3644,13:18:08,$ 3183.2475,100
3646,13:17:54,$ 3184.00,100
3647,13:17:54,$ 3184.00,132
3648,13:17:47,$ 3183.885,100
3649,13:17:47,$ 3183.885,100
3650,13:17:47,$ 3184.29,100
3651,13:17:47,$ 3184.195,100
3652,13:17:47,$ 3184.195,100
3653,13:17:38,$ 3183.96,100
3654,13:17:29,$ 3183.415,100
3655,13:16:46,$ 3183.81,100
3656,13:16:28,$ 3184.00,167
3657,13:16:28,$ 3184.00,207
3658,13:16:27,$ 3184.00,100
3659,13:16:27,$ 3183.685,100
3660,13:16:27,$ 3183.89,100
3661,13:16:21,$ 3183.7453,158
3662,13:16:15,$ 3183.40,100
3663,13:16:07,$ 3183.25,482
3664,13:15:44,$ 3182.87,100
3665,13:15:44,$ 3182.88,100
3667,13:15:43,$ 3182.75,452
3668,13:15:43,$ 3183.03,100
3669,13:15:39,$ 3183.31,196
3670,13:15:21,$ 3184.43,100
3671,13:15:14,$ 3183.655,100
3672,13:15:12,$ 3184.00,100
3673,13:15:12,$ 3183.56,100
3674,13:15:12,$ 3183.98,100
3675,13:14:49,$ 3183.615,275
3676,13:14:49,$ 3183.606,100
3677,13:14:49,$ 3183.615,200
3678,13:14:49,$ 3183.29,100
3679,13:14:49,$ 3183.29,100
3680,13:14:49,$ 3183.43,100
3681,13:14:49,$ 3183.4025,100
3682,13:14:49,$ 3183.38,100
3683,13:14:49,$ 3183.38,100
3684,13:14:49,$ 3183.67,100
3685,13:14:49,$ 3183.67,100
3686,13:14:32,$ 3182.65,100
3688,13:14:32,$ 3182.78,126
3689,13:14:30,$ 3182.56,100
3690,13:14:29,$ 3182.56,100
3691,13:14:28,$ 3182.00,100
3692,13:14:28,$ 3182.62,100
3693,13:14:28,$ 3182.29,100
3694,13:14:15,$ 3183.40,107
3695,13:14:15,$ 3183.03,100
3696,13:14:15,$ 3183.16,295
3697,13:14:14,$ 3183.00,178
3698,13:14:12,$ 3183.19,100
3699,13:14:01,$ 3184.00,200
3700,13:14:01,$ 3184.00,250
3701,13:14:01,$ 3184.00,100
3702,13:14:01,$ 3184.00,100
3703,13:13:56,$ 3184.50,100
3704,13:13:41,$ 3184.54,100
3705,13:13:41,$ 3184.56,119
3706,13:13:25,$ 3185.00,318
3707,13:13:25,$ 3185.00,150
3709,13:13:25,$ 3185.00,100
3710,13:13:25,$ 3185.00,100
3711,13:13:25,$ 3185.00,150
3712,13:13:25,$ 3185.00,100
3713,13:13:25,$ 3185.00,100
3714,13:13:25,$ 3185.00,100
3715,13:13:23,$ 3185.29,100
3716,13:13:22,$ 3185.71,100
3717,13:13:14,$ 3185.20,100
3718,13:13:06,$ 3185.3843,450
3719,13:13:02,$ 3186.12,100
3720,13:12:31,$ 3185.685,100
3721,13:12:31,$ 3185.09,100
3722,13:12:31,$ 3185.09,100
3723,13:12:31,$ 3185.541,100
3724,13:12:31,$ 3185.09,100
3725,13:12:31,$ 3185.32,100
3726,13:12:31,$ 3185.73,100
3727,13:12:31,$ 3185.09,300
3728,13:12:31,$ 3185.0938,100
3730,13:12:19,$ 3185.575,100
3731,13:12:19,$ 3185.60,200
3732,13:11:54,$ 3186.56,100
3733,13:11:53,$ 3186.12,100
3734,13:11:43,$ 3186.095,100
3735,13:11:42,$ 3186.17,100
3736,13:11:42,$ 3186.03,100
3737,13:11:42,$ 3186.30,100
3738,13:11:42,$ 3186.00,100
3739,13:11:42,$ 3186.05,100
3740,13:11:42,$ 3186.00,200
3741,13:11:42,$ 3186.00,200
3742,13:11:42,$ 3186.20,100
3743,13:11:42,$ 3186.20,100
3744,13:11:42,$ 3186.40,100
3745,13:11:42,$ 3186.31,100
3746,13:11:42,$ 3186.63,100
3747,13:11:42,$ 3186.76,100
3748,13:11:42,$ 3187.01,100
3749,13:11:42,$ 3187.05,100
3751,13:11:42,$ 3187.00,100
3752,13:11:42,$ 3187.285,100
3753,13:11:24,$ 3187.75,100
3754,13:11:23,$ 3188.00,305
3755,13:11:23,$ 3188.00,100
3756,13:11:23,$ 3188.05,100
3757,13:10:58,$ 3189.00,106
3758,13:10:48,$ 3189.17,100
3759,13:10:48,$ 3189.15,100
3760,13:10:48,$ 3189.18,100
3761,13:10:48,$ 3190.00,170
3762,13:09:28,$ 3190.13,100
3763,13:08:53,$ 3189.7672,100
3764,13:07:55,$ 3189.96,100
3765,13:07:50,$ 3189.85,100
3766,13:07:49,$ 3189.83,100
3767,13:06:57,$ 3190.01,100
3768,13:06:57,$ 3189.91,100
3769,13:06:57,$ 3190.00,100
3770,13:06:56,$ 3190.13,100
3772,13:06:56,$ 3190.485,400
3773,13:06:53,$ 3190.26,100
3774,13:06:49,$ 3190.10,100
3775,13:06:49,$ 3190.485,100
3776,13:06:42,$ 3190.10,100
3777,13:06:42,$ 3190.18,100
3778,13:06:25,$ 3190.6925,100
3779,13:06:14,$ 3190.415,100
3780,13:06:03,$ 3190.55,106
3781,13:05:56,$ 3190.65,100
3782,13:05:56,$ 3190.65,100
3783,13:05:56,$ 3190.65,100
3784,13:05:41,$ 3191.03,100
3785,13:05:41,$ 3191.09,100
3786,13:05:26,$ 3191.11,100
3787,13:05:21,$ 3191.02,100
3788,13:04:51,$ 3191.605,100
3789,13:04:19,$ 3191.2089,750
3790,13:03:52,$ 3191.00,100
3791,13:03:07,$ 3191.30,100
3793,13:02:45,$ 3191.20,100
3794,13:01:14,$ 3192.27,100
3795,13:00:50,$ 3191.61,100
3796,13:00:20,$ 3191.00,200
3797,13:00:13,$ 3191.05,100
3798,13:00:04,$ 3191.45,400
3800,13:59:51,$ 3177.725,100
3801,13:59:51,$ 3177.585,100
3802,13:59:35,$ 3177.2375,100
3803,13:59:35,$ 3177.255,100
3804,13:59:35,$ 3177.255,100
3805,13:59:35,$ 3177.255,100
3806,13:59:35,$ 3177.255,100
3807,13:59:35,$ 3177.2475,100
3808,13:59:35,$ 3177.1925,100
3809,13:59:35,$ 3177.2175,100
3810,13:59:35,$ 3177.255,100
3811,13:59:35,$ 3176.775,200
3812,13:59:35,$ 3177.255,100
3813,13:59:21,$ 3176.80,100
3814,13:59:13,$ 3176.86,100
3815,13:59:09,$ 3176.52,100
3816,13:59:09,$ 3176.84,100
3817,13:59:06,$ 3176.10,100
3818,13:59:04,$ 3176.10,100
3819,13:59:03,$ 3176.10,100
3821,13:58:58,$ 3176.10,100
3822,13:58:58,$ 3176.10,100
3823,13:58:58,$ 3176.10,100
3824,13:58:58,$ 3176.10,100
3825,13:58:49,$ 3176.40,100
3826,13:58:36,$ 3176.16,100
3827,13:58:36,$ 3177.00,300
3828,13:58:36,$ 3177.16,100
3829,13:58:16,$ 3178.045,100
3830,13:58:15,$ 3178.02,100
3831,13:58:13,$ 3178.46,100
3832,13:58:04,$ 3178.28,100
3833,13:58:04,$ 3178.28,100
3834,13:57:31,$ 3178.97,100
3835,13:57:04,$ 3178.16,100
3836,13:56:28,$ 3178.42,196
3837,13:56:28,$ 3178.265,100
3838,13:56:27,$ 3178.51,137
3839,13:56:16,$ 3180.06,219
3840,13:55:54,$ 3179.68,100
3842,13:55:53,$ 3179.66,100
3843,13:55:51,$ 3179.64,100
3844,13:55:03,$ 3180.24,100
3845,13:54:53,$ 3179.13,277
3846,13:54:53,$ 3178.98,100
3847,13:54:53,$ 3179.03,100
3848,13:54:53,$ 3179.06,100
3849,13:54:41,$ 3178.215,100
3850,13:54:25,$ 3178.33,100
3851,13:53:40,$ 3179.35,100
3852,13:53:35,$ 3179.48,100
3853,13:53:35,$ 3179.67,100
3854,13:53:35,$ 3178.97,100
3855,13:53:19,$ 3178.44,100
3856,13:53:13,$ 3178.85,100
3857,13:53:06,$ 3179.785,100
3858,13:52:57,$ 3180.20,123
3859,13:52:49,$ 3180.12,100
3860,13:52:46,$ 3180.88,100
3861,13:52:41,$ 3180.875,200
3863,13:52:39,$ 3181.0173,100
3864,13:52:34,$ 3180.875,100
3865,13:52:29,$ 3180.87,100
3866,13:52:19,$ 3181.67,100
3867,13:51:48,$ 3181.98,100
3868,13:51:44,$ 3181.645,100
3869,13:51:27,$ 3182.46,100
3870,13:51:14,$ 3182.73,100
3871,13:50:50,$ 3183.22,100
3872,13:50:38,$ 3183.85,100
3873,13:50:37,$ 3183.92,100
3874,13:50:37,$ 3183.92,100
3875,13:50:37,$ 3183.92,100
3876,13:50:36,$ 3182.95,100
3877,13:50:36,$ 3182.87,100
3878,13:50:34,$ 3182.765,100
3879,13:50:33,$ 3182.87,100
3880,13:50:33,$ 3182.87,100
3881,13:50:33,$ 3182.77,400
3882,13:50:33,$ 3182.69,100
3884,13:50:01,$ 3181.50,100
3885,13:49:54,$ 3181.35,100
3886,13:49:45,$ 3181.46,100
3887,13:49:40,$ 3181.25,100
3888,13:49:40,$ 3181.18,100
3889,13:49:40,$ 3181.30,100
3890,13:49:33,$ 3180.77,100
3891,13:49:29,$ 3182.00,100
3892,13:49:22,$ 3180.95,150
3893,13:49:12,$ 3181.18,960
3894,13:49:12,$ 3181.83,100
3895,13:49:12,$ 3181.87,100
3896,13:49:11,$ 3180.95,100
3897,13:49:09,$ 3181.90,100
3898,13:49:08,$ 3180.57,100
3899,13:49:08,$ 3180.70,100
3900,13:49:08,$ 3180.90,100
