,NLS Time (ET),NLS Price,NLS Share Volume
1,09:59:58,$ 3666.00,100
2,09:59:54,$ 3665.09,100
3,09:59:54,$ 3665.02,100
4,09:59:54,$ 3665.18,100
5,09:59:54,$ 3665.11,100
6,09:59:40,$ 3666.9358,200
7,09:59:37,$ 3666.64,100
8,09:59:30,$ 3668.06,100
9,09:59:29,$ 3669.05,100
10,09:59:26,$ 3667.88,200
11,09:59:16,$ 3666.30,100
12,09:59:16,$ 3666.32,100
13,09:59:12,$ 3665.2904,750
14,09:59:11,$ 3666.04,100
15,09:59:10,$ 3666.75,374
16,09:59:10,$ 3666.83,100
17,09:59:09,$ 3667.13,100
18,09:59:09,$ 3667.13,100
19,09:59:09,$ 3667.12,100
20,09:59:08,$ 3665.0001,300
22,09:59:05,$ 3666.065,200
23,09:58:55,$ 3665.48,158
24,09:58:54,$ 3665.70,500
25,09:58:53,$ 3667.29,229
26,09:58:53,$ 3666.66,100
27,09:58:53,$ 3666.622,100
28,09:58:28,$ 3666.23,100
29,09:58:26,$ 3668.29,200
30,09:58:20,$ 3664.22,100
31,09:58:20,$ 3665.35,100
32,09:58:12,$ 3664.02,141
33,09:58:12,$ 3664.29,100
34,09:58:11,$ 3666.4608,100
35,09:58:09,$ 3666.759,183
36,09:58:09,$ 3665.19,100
37,09:58:09,$ 3664.43,110
38,09:58:04,$ 3665.645,100
39,09:58:03,$ 3664.7886,300
40,09:58:03,$ 3664.91,100
41,09:58:03,$ 3666.77,160
43,09:58:02,$ 3664.54,100
44,09:58:02,$ 3665.28,100
45,09:58:02,$ 3665.41,100
46,09:58:02,$ 3665.72,150
47,09:58:02,$ 3664.60,100
48,09:58:02,$ 3664.53,100
49,09:58:02,$ 3665.84,100
50,09:58:02,$ 3665.00,100
51,09:58:02,$ 3665.00,100
52,09:58:02,$ 3665.00,267
53,09:58:01,$ 3666.00,200
54,09:57:57,$ 3666.0052,400
55,09:57:57,$ 3666.00,100
56,09:57:57,$ 3667.06,100
57,09:57:49,$ 3668.095,100
58,09:57:48,$ 3668.88,100
59,09:57:48,$ 3668.88,100
60,09:57:42,$ 3669.00,100
61,09:57:41,$ 3668.00,100
62,09:57:39,$ 3669.00,100
64,09:57:11,$ 3669.42,100
65,09:57:10,$ 3670.83,200
66,09:57:10,$ 3668.555,200
67,09:56:54,$ 3671.02,100
68,09:56:53,$ 3671.03,100
69,09:56:53,$ 3670.64,100
70,09:56:52,$ 3670.64,100
71,09:56:51,$ 3670.64,100
72,09:56:50,$ 3671.1107,400
73,09:56:49,$ 3670.64,100
74,09:56:45,$ 3671.82,200
75,09:56:42,$ 3670.65,100
76,09:56:42,$ 3671.6784,219
77,09:56:41,$ 3671.83,100
78,09:56:41,$ 3670.87,100
79,09:56:38,$ 3669.54,100
80,09:56:27,$ 3670.84,100
81,09:56:27,$ 3669.445,300
82,09:56:25,$ 3668.40,200
83,09:56:25,$ 3669.625,200
85,09:56:25,$ 3668.6183,100
86,09:56:24,$ 3670.97,100
87,09:56:22,$ 3670.27,100
88,09:56:14,$ 3670.10,100
89,09:56:05,$ 3671.15,100
90,09:56:01,$ 3670.71,100
91,09:55:53,$ 3669.34,100
92,09:55:53,$ 3670.74,100
93,09:55:53,$ 3670.74,110
94,09:55:44,$ 3669.495,100
95,09:55:43,$ 3669.33,100
96,09:55:36,$ 3670.085,100
97,09:55:36,$ 3671.71,100
98,09:55:36,$ 3671.678,100
99,09:55:34,$ 3671.43,100
100,09:55:29,$ 3670.12,100
101,09:55:26,$ 3671.9499,100
102,09:55:24,$ 3670.64,100
103,09:55:24,$ 3669.85,100
104,09:55:24,$ 3669.87,100
106,09:55:24,$ 3669.78,100
107,09:55:24,$ 3669.79,100
108,09:55:18,$ 3668.40,500
109,09:55:17,$ 3669.71,100
110,09:55:11,$ 3668.262,100
111,09:55:10,$ 3668.28,100
112,09:55:06,$ 3667.925,500
113,09:55:05,$ 3667.0001,100
114,09:55:04,$ 3668.375,100
115,09:55:04,$ 3668.385,100
116,09:55:04,$ 3668.385,100
117,09:55:03,$ 3668.3816,243
118,09:54:56,$ 3669.92,284
119,09:54:56,$ 3669.92,153
120,09:54:56,$ 3669.0056,146
121,09:54:49,$ 3667.095,100
122,09:54:49,$ 3668.25,100
123,09:54:49,$ 3668.25,100
124,09:54:49,$ 3668.29,100
125,09:54:49,$ 3668.11,100
127,09:54:49,$ 3667.243,272
128,09:54:49,$ 3667.82,100
129,09:54:49,$ 3666.635,100
130,09:54:45,$ 3667.02,100
131,09:54:43,$ 3666.825,100
132,09:54:41,$ 3666.685,100
133,09:54:39,$ 3668.3099,200
134,09:54:37,$ 3666.635,100
135,09:54:36,$ 3666.91,100
136,09:54:35,$ 3666.685,100
137,09:54:35,$ 3666.60,100
138,09:54:35,$ 3666.64,100
139,09:54:34,$ 3667.83,100
140,09:54:34,$ 3667.17,100
141,09:54:34,$ 3667.7899,100
142,09:54:33,$ 3667.38,100
143,09:54:31,$ 3667.38,100
144,09:54:29,$ 3668.00,141
145,09:54:25,$ 3669.58,499
146,09:54:24,$ 3669.45,500
148,09:54:20,$ 3669.23,100
149,09:54:15,$ 3670.00,100
150,09:54:14,$ 3670.38,100
151,09:54:10,$ 3670.38,100
152,09:54:07,$ 3672.6999,250
153,09:53:57,$ 3672.33,100
154,09:53:56,$ 3671.735,100
155,09:53:56,$ 3671.65,100
156,09:53:56,$ 3671.645,100
157,09:53:55,$ 3671.44,100
158,09:53:54,$ 3670.90,100
159,09:53:54,$ 3670.28,100
160,09:53:54,$ 3670.13,200
161,09:53:54,$ 3670.27,100
162,09:53:53,$ 3668.40,100
163,09:53:51,$ 3668.2481,400
164,09:53:47,$ 3670.00,500
165,09:53:46,$ 3669.0309,100
166,09:53:45,$ 3669.88,100
167,09:53:44,$ 3669.88,100
169,09:53:44,$ 3669.88,100
170,09:53:44,$ 3669.88,100
171,09:53:44,$ 3669.88,100
172,09:53:44,$ 3668.285,100
173,09:53:44,$ 3668.27,100
174,09:53:43,$ 3670.00,117
175,09:53:43,$ 3670.00,100
176,09:53:41,$ 3670.5013,128
177,09:53:41,$ 3670.76,100
178,09:53:41,$ 3671.00,100
179,09:53:39,$ 3671.00,100
180,09:53:39,$ 3672.00,100
181,09:53:39,$ 3672.02,100
182,09:53:30,$ 3673.935,125
183,09:53:24,$ 3673.26,100
184,09:53:23,$ 3673.095,100
185,09:53:22,$ 3673.68,100
186,09:53:21,$ 3674.40,100
187,09:53:21,$ 3673.5454,200
188,09:53:19,$ 3673.9382,200
190,09:53:18,$ 3674.17,100
191,09:53:18,$ 3673.11,300
192,09:53:18,$ 3673.18,100
193,09:53:18,$ 3673.035,100
194,09:53:18,$ 3673.415,100
195,09:53:18,$ 3673.445,100
196,09:53:18,$ 3673.415,100
197,09:53:17,$ 3673.87,129
198,09:53:17,$ 3673.87,100
199,09:53:16,$ 3673.64,500
200,09:53:10,$ 3674.00,100
201,09:53:09,$ 3674.72,100
202,09:53:02,$ 3675.85,100
203,09:53:02,$ 3676.06,100
204,09:52:48,$ 3677.0437,100
205,09:52:27,$ 3676.19,100
206,09:52:22,$ 3678.09,100
207,09:52:22,$ 3678.475,100
208,09:52:19,$ 3678.74,112
209,09:52:19,$ 3678.72,200
211,09:52:11,$ 3678.36,100
212,09:52:10,$ 3677.98,100
213,09:52:06,$ 3677.26,100
214,09:51:53,$ 3678.65,100
215,09:51:52,$ 3679.175,100
216,09:51:47,$ 3680.385,100
217,09:51:37,$ 3680.10,100
218,09:51:37,$ 3680.545,100
219,09:51:37,$ 3680.54,100
220,09:51:37,$ 3680.545,100
221,09:51:37,$ 3680.08,100
222,09:51:37,$ 3680.09,100
223,09:51:32,$ 3680.36,100
224,09:51:32,$ 3680.36,100
225,09:51:32,$ 3680.30,100
226,09:51:30,$ 3680.41,100
227,09:51:29,$ 3679.3927,300
228,09:51:27,$ 3680.29,100
229,09:51:24,$ 3679.93,100
230,09:51:20,$ 3679.45,100
232,09:51:17,$ 3679.17,100
233,09:51:10,$ 3679.66,100
234,09:51:02,$ 3678.1901,100
235,09:50:51,$ 3678.90,100
236,09:50:51,$ 3678.90,100
237,09:50:43,$ 3678.90,100
238,09:50:43,$ 3678.32,100
239,09:50:43,$ 3678.79,100
240,09:50:42,$ 3677.92,100
241,09:50:41,$ 3677.865,100
242,09:50:40,$ 3676.585,100
243,09:50:39,$ 3677.8475,100
244,09:50:36,$ 3679.205,100
245,09:50:36,$ 3679.72,100
246,09:50:36,$ 3679.12,100
247,09:50:36,$ 3679.22,100
248,09:50:30,$ 3678.89,100
249,09:50:28,$ 3679.4909,100
250,09:50:28,$ 3679.3415,100
251,09:50:28,$ 3680.00,100
253,09:50:25,$ 3679.925,100
254,09:50:23,$ 3680.36,100
255,09:50:22,$ 3679.86,122
256,09:50:22,$ 3679.86,128
257,09:50:18,$ 3680.86,100
258,09:50:17,$ 3680.88,100
259,09:50:16,$ 3679.86,100
260,09:50:15,$ 3679.86,100
261,09:50:06,$ 3679.895,300
262,09:50:04,$ 3678.2957,100
263,09:50:04,$ 3678.2957,100
264,09:49:52,$ 3678.25,100
265,09:49:52,$ 3678.43,100
266,09:49:51,$ 3677.62,100
267,09:49:40,$ 3677.77,200
268,09:49:31,$ 3679.57,100
269,09:49:29,$ 3677.4176,100
270,09:49:27,$ 3677.7037,100
271,09:49:26,$ 3679.57,199
272,09:49:26,$ 3678.57,199
274,09:49:26,$ 3678.318,100
275,09:49:26,$ 3678.99,100
276,09:49:26,$ 3678.3184,100
277,09:49:24,$ 3678.6095,196
278,09:49:24,$ 3679.00,305
279,09:49:24,$ 3678.83,100
280,09:49:24,$ 3678.00,100
281,09:49:23,$ 3674.94,114
282,09:49:23,$ 3674.67,100
283,09:49:18,$ 3674.96,100
284,09:49:17,$ 3673.98,500
285,09:49:16,$ 3673.19,100
286,09:49:15,$ 3674.345,500
287,09:49:14,$ 3674.07,100
288,09:49:12,$ 3675.59,300
289,09:49:01,$ 3674.95,272
290,09:49:00,$ 3675.35,100
291,09:49:00,$ 3676.00,100
292,09:49:00,$ 3676.00,200
293,09:48:43,$ 3677.355,100
295,09:48:41,$ 3677.35,100
296,09:48:14,$ 3677.88,200
297,09:48:14,$ 3677.83,100
298,09:48:13,$ 3677.00,100
299,09:47:46,$ 3677.17,100
300,09:47:46,$ 3677.32,100
301,09:47:45,$ 3677.945,150
302,09:47:36,$ 3678.325,100
303,09:47:23,$ 3677.60,100
304,09:47:20,$ 3675.84,100
305,09:47:14,$ 3676.00,219
306,09:47:13,$ 3675.01,100
307,09:47:05,$ 3675.175,100
308,09:47:01,$ 3676.74,240
309,09:46:44,$ 3678.9701,"1,500"
310,09:46:43,$ 3680.00,100
311,09:46:40,$ 3679.41,100
312,09:46:38,$ 3679.265,100
313,09:46:35,$ 3680.19,100
314,09:46:29,$ 3681.466,100
316,09:46:29,$ 3681.58,100
317,09:46:29,$ 3681.51,100
318,09:46:29,$ 3680.89,100
319,09:46:29,$ 3680.60,100
320,09:46:26,$ 3680.00,181
321,09:46:21,$ 3681.6399,100
322,09:46:21,$ 3681.065,100
323,09:46:21,$ 3681.065,100
324,09:46:15,$ 3680.555,100
325,09:46:08,$ 3680.78,100
326,09:46:08,$ 3679.855,100
327,09:46:06,$ 3678.90,394
328,09:46:06,$ 3680.00,100
329,09:46:06,$ 3679.71,100
330,09:46:05,$ 3678.895,100
331,09:46:04,$ 3678.89,100
332,09:46:03,$ 3678.86,100
333,09:45:59,$ 3678.895,100
334,09:45:59,$ 3678.895,100
335,09:45:59,$ 3678.895,100
337,09:45:59,$ 3679.75,300
338,09:45:47,$ 3680.89,100
339,09:45:46,$ 3678.0501,100
340,09:45:44,$ 3680.07,100
341,09:45:44,$ 3680.00,100
342,09:45:44,$ 3680.00,100
343,09:45:41,$ 3680.40,100
344,09:45:41,$ 3680.89,100
345,09:45:41,$ 3680.92,100
346,09:45:41,$ 3681.78,100
347,09:45:37,$ 3680.905,100
348,09:45:34,$ 3679.58,100
349,09:45:26,$ 3679.52,300
350,09:45:21,$ 3679.97,100
351,09:45:17,$ 3678.515,100
352,09:45:03,$ 3677.21,100
353,09:45:03,$ 3677.06,129
354,09:45:01,$ 3675.99,100
355,09:44:53,$ 3674.91,100
356,09:44:49,$ 3676.00,300
358,09:44:49,$ 3676.01,100
359,09:44:47,$ 3676.8858,108
360,09:44:45,$ 3676.835,100
361,09:44:36,$ 3677.2716,100
362,09:44:29,$ 3679.0445,100
363,09:44:19,$ 3680.715,100
364,09:44:19,$ 3680.715,100
365,09:44:17,$ 3680.92,100
366,09:44:17,$ 3680.905,100
367,09:44:17,$ 3680.89,100
368,09:44:17,$ 3680.89,100
369,09:44:17,$ 3681.15,100
370,09:44:16,$ 3680.92,100
371,09:43:53,$ 3681.98,300
372,09:43:53,$ 3680.0256,200
373,09:43:53,$ 3681.17,100
374,09:43:53,$ 3681.015,100
375,09:43:53,$ 3680.91,100
376,09:43:53,$ 3680.91,100
377,09:43:53,$ 3681.015,100
379,09:43:53,$ 3681.12,100
380,09:43:53,$ 3681.555,157
381,09:43:52,$ 3681.58,100
382,09:43:47,$ 3680.33,100
383,09:43:47,$ 3681.00,200
384,09:43:45,$ 3680.54,100
385,09:43:41,$ 3676.72,100
386,09:43:41,$ 3677.00,100
387,09:43:40,$ 3675.86,100
388,09:43:31,$ 3676.72,100
389,09:43:31,$ 3675.64,335
390,09:43:31,$ 3674.8677,100
391,09:43:31,$ 3675.50,100
392,09:43:31,$ 3675.48,100
393,09:43:31,$ 3674.14,100
394,09:43:30,$ 3675.50,100
395,09:43:30,$ 3675.34,100
396,09:43:30,$ 3675.34,100
397,09:43:29,$ 3675.30,100
398,09:43:29,$ 3675.248,100
400,09:43:29,$ 3674.575,200
401,09:43:29,$ 3675.232,100
402,09:43:23,$ 3675.00,100
403,09:43:23,$ 3675.26,100
404,09:43:23,$ 3675.375,100
405,09:43:22,$ 3676.10,100
406,09:43:22,$ 3676.02,100
407,09:43:22,$ 3676.00,100
408,09:43:17,$ 3677.3319,130
409,09:43:13,$ 3677.21,100
410,09:43:11,$ 3676.84,100
411,09:43:10,$ 3678.62,200
412,09:43:09,$ 3677.2132,500
413,09:43:04,$ 3678.3622,100
414,09:43:02,$ 3680.52,200
415,09:43:01,$ 3680.58,100
416,09:42:58,$ 3680.59,100
417,09:42:57,$ 3680.56,100
418,09:42:50,$ 3680.95,100
419,09:42:50,$ 3681.92,100
421,09:42:50,$ 3681.50,"1,000"
422,09:42:49,$ 3680.955,100
423,09:42:49,$ 3680.955,100
424,09:42:49,$ 3680.955,100
425,09:42:49,$ 3681.56,100
426,09:42:49,$ 3681.57,100
427,09:42:48,$ 3678.01,466
428,09:42:47,$ 3680.90,100
429,09:42:47,$ 3679.89,100
430,09:42:47,$ 3679.89,100
431,09:42:47,$ 3679.90,100
432,09:42:47,$ 3679.83,100
433,09:42:44,$ 3679.6824,100
434,09:42:30,$ 3678.955,100
435,09:42:29,$ 3678.955,100
436,09:42:29,$ 3678.75,100
437,09:42:26,$ 3679.00,100
438,09:42:22,$ 3677.995,100
439,09:42:21,$ 3678.60,100
440,09:42:21,$ 3678.60,100
442,09:42:21,$ 3678.56,100
443,09:42:20,$ 3677.13,100
444,09:42:16,$ 3676.9592,150
445,09:42:14,$ 3677.295,100
446,09:42:00,$ 3679.45,100
447,09:41:59,$ 3679.45,630
448,09:41:59,$ 3678.71,100
449,09:41:59,$ 3679.78,100
450,09:41:59,$ 3678.72,100
451,09:41:59,$ 3678.72,100
452,09:41:56,$ 3679.41,100
453,09:41:56,$ 3679.82,100
454,09:41:53,$ 3679.895,100
455,09:41:16,$ 3678.75,100
456,09:41:16,$ 3679.7723,100
457,09:41:12,$ 3680.14,100
458,09:41:06,$ 3679.51,100
459,09:41:05,$ 3678.97,100
460,09:41:05,$ 3678.90,100
461,09:40:56,$ 3678.20,100
463,09:40:53,$ 3678.00,200
464,09:40:49,$ 3676.21,100
465,09:40:47,$ 3678.27,100
466,09:40:40,$ 3678.21,100
467,09:40:38,$ 3676.26,100
468,09:40:37,$ 3676.11,100
469,09:40:26,$ 3677.46,100
470,09:40:26,$ 3677.805,500
471,09:40:26,$ 3677.8375,100
472,09:40:24,$ 3679.6099,100
473,09:40:22,$ 3677.92,100
474,09:40:22,$ 3677.21,100
475,09:40:22,$ 3676.05,100
476,09:40:19,$ 3676.35,100
477,09:40:14,$ 3678.135,100
478,09:40:13,$ 3678.12,200
479,09:40:13,$ 3678.1225,100
480,09:40:12,$ 3678.1225,100
481,09:40:09,$ 3676.66,100
482,09:40:09,$ 3676.51,100
484,09:40:08,$ 3676.955,100
485,09:40:08,$ 3676.975,100
486,09:40:03,$ 3679.53,100
487,09:40:03,$ 3679.89,100
488,09:39:56,$ 3680.07,100
489,09:39:54,$ 3680.21,100
490,09:39:54,$ 3680.20,100
491,09:39:52,$ 3680.1901,100
492,09:39:50,$ 3681.035,100
493,09:39:45,$ 3680.77,161
494,09:39:43,$ 3679.62,100
495,09:39:37,$ 3679.965,100
496,09:39:37,$ 3679.965,100
497,09:39:36,$ 3681.50,400
498,09:39:21,$ 3681.675,100
499,09:39:01,$ 3683.845,100
500,09:38:53,$ 3682.00,100
501,09:38:53,$ 3684.00,100
502,09:38:53,$ 3684.00,100
503,09:38:53,$ 3684.00,100
505,09:38:53,$ 3683.67,100
506,09:38:53,$ 3682.44,100
507,09:38:51,$ 3682.7193,422
508,09:38:47,$ 3683.98,104
509,09:38:38,$ 3681.87,100
510,09:38:30,$ 3682.535,100
511,09:38:27,$ 3684.00,100
512,09:38:27,$ 3684.00,200
513,09:38:22,$ 3680.29,100
514,09:38:22,$ 3680.12,100
515,09:38:22,$ 3681.30,100
516,09:38:13,$ 3683.32,100
517,09:38:12,$ 3683.9999,100
518,09:38:12,$ 3680.305,100
519,09:38:11,$ 3680.145,100
520,09:38:11,$ 3683.92,100
521,09:38:02,$ 3684.36,100
522,09:38:00,$ 3684.33,100
523,09:38:00,$ 3684.33,100
524,09:38:00,$ 3684.33,100
526,09:38:00,$ 3684.33,100
527,09:38:00,$ 3684.35,100
528,09:37:58,$ 3683.18,100
529,09:37:57,$ 3685.00,100
530,09:37:57,$ 3685.00,500
531,09:37:55,$ 3686.68,100
532,09:37:54,$ 3687.54,100
533,09:37:54,$ 3687.54,100
534,09:37:54,$ 3687.54,100
535,09:37:54,$ 3687.54,100
536,09:37:54,$ 3687.54,100
537,09:37:54,$ 3687.53,100
538,09:37:54,$ 3687.53,100
539,09:37:51,$ 3687.55,100
540,09:37:51,$ 3687.54,100
541,09:37:51,$ 3687.54,100
542,09:37:51,$ 3687.54,100
543,09:37:49,$ 3686.80,100
544,09:37:49,$ 3687.54,300
545,09:37:47,$ 3687.039,570
547,09:37:47,$ 3686.90,100
548,09:37:47,$ 3686.51,100
549,09:37:47,$ 3686.248,100
550,09:37:46,$ 3687.04,100
551,09:37:41,$ 3685.60,150
552,09:37:40,$ 3685.48,100
553,09:37:40,$ 3685.03,100
554,09:37:40,$ 3685.93,100
555,09:37:40,$ 3685.45,100
556,09:37:30,$ 3684.725,100
557,09:37:29,$ 3685.00,100
558,09:37:29,$ 3685.02,100
559,09:37:27,$ 3683.99,100
560,09:37:23,$ 3684.84,100
561,09:37:08,$ 3682.12,100
562,09:37:05,$ 3681.01,100
563,09:37:05,$ 3681.01,100
564,09:37:04,$ 3680.00,100
565,09:37:04,$ 3680.00,100
566,09:37:04,$ 3680.00,100
568,09:37:04,$ 3680.00,128
569,09:37:04,$ 3680.00,100
570,09:37:04,$ 3680.00,100
571,09:36:52,$ 3682.49,100
572,09:36:52,$ 3682.86,100
573,09:36:47,$ 3681.45,100
574,09:36:47,$ 3681.54,100
575,09:36:47,$ 3681.45,100
576,09:36:47,$ 3682.70,100
577,09:36:37,$ 3680.17,194
578,09:36:37,$ 3679.165,100
579,09:36:34,$ 3678.93,100
580,09:36:34,$ 3678.12,100
581,09:36:34,$ 3677.4164,100
582,09:36:34,$ 3677.423,100
583,09:36:33,$ 3678.125,200
584,09:36:33,$ 3678.125,100
585,09:36:29,$ 3678.72,100
586,09:36:29,$ 3678.72,100
587,09:36:28,$ 3678.53,100
589,09:36:26,$ 3678.005,100
590,09:36:25,$ 3676.00,100
591,09:36:24,$ 3678.945,100
592,09:36:24,$ 3678.00,500
593,09:36:24,$ 3678.00,100
594,09:36:24,$ 3678.00,119
595,09:36:24,$ 3678.00,100
596,09:36:24,$ 3679.015,300
597,09:36:24,$ 3678.14,300
598,09:36:23,$ 3679.225,100
599,09:36:22,$ 3678.14,100
600,09:36:21,$ 3678.6978,100
601,09:36:20,$ 3678.14,100
602,09:36:19,$ 3679.87,100
603,09:36:19,$ 3680.80,100
604,09:36:18,$ 3682.49,100
605,09:36:18,$ 3682.50,100
606,09:36:07,$ 3682.70,200
607,09:36:06,$ 3682.70,150
608,09:36:01,$ 3680.80,100
610,09:36:01,$ 3683.75,100
611,09:36:01,$ 3683.35,100
612,09:35:57,$ 3681.56,100
613,09:35:56,$ 3682.83,100
614,09:35:56,$ 3682.92,100
615,09:35:56,$ 3682.80,100
616,09:35:54,$ 3680.80,100
617,09:35:44,$ 3682.94,100
618,09:35:44,$ 3684.3775,100
619,09:35:43,$ 3685.40,100
620,09:35:43,$ 3685.4139,136
621,09:35:40,$ 3686.505,100
622,09:35:37,$ 3685.69,100
623,09:35:36,$ 3685.69,100
624,09:35:36,$ 3686.4049,100
625,09:35:35,$ 3687.54,100
626,09:35:35,$ 3687.55,100
627,09:35:33,$ 3686.06,150
628,09:35:32,$ 3685.74,100
629,09:35:31,$ 3687.55,150
631,09:35:29,$ 3686.01,100
632,09:35:29,$ 3685.975,100
633,09:35:28,$ 3687.55,100
634,09:35:28,$ 3686.62,100
635,09:35:27,$ 3685.69,100
636,09:35:27,$ 3688.00,100
637,09:35:27,$ 3688.03,100
638,09:35:25,$ 3685.765,100
639,09:35:18,$ 3685.42,100
640,09:35:15,$ 3682.67,100
641,09:35:10,$ 3682.88,200
642,09:35:09,$ 3679.37,200
643,09:35:09,$ 3681.71,100
644,09:35:08,$ 3680.73,100
645,09:35:08,$ 3680.73,125
646,09:35:08,$ 3680.47,100
647,09:35:08,$ 3679.775,100
648,09:35:08,$ 3680.59,100
649,09:35:08,$ 3680.62,100
650,09:35:08,$ 3679.64,100
652,09:35:08,$ 3679.64,100
653,09:35:08,$ 3679.64,119
654,09:35:08,$ 3679.57,100
655,09:35:07,$ 3678.785,200
656,09:35:06,$ 3678.03,100
657,09:35:06,$ 3678.03,100
658,09:35:06,$ 3678.03,100
659,09:35:05,$ 3678.5215,200
660,09:35:04,$ 3678.795,200
661,09:35:01,$ 3679.425,200
662,09:35:01,$ 3679.11,100
663,09:35:00,$ 3680.96,100
664,09:35:00,$ 3681.54,200
665,09:35:00,$ 3681.145,100
666,09:35:00,$ 3681.39,100
667,09:35:00,$ 3681.53,100
668,09:34:59,$ 3681.5699,200
669,09:34:59,$ 3679.765,100
670,09:34:58,$ 3679.765,100
671,09:34:57,$ 3679.77,250
673,09:34:56,$ 3679.195,100
674,09:34:55,$ 3679.45,100
675,09:34:55,$ 3679.45,100
676,09:34:55,$ 3679.20,100
677,09:34:47,$ 3679.75,100
678,09:34:47,$ 3677.95,100
679,09:34:45,$ 3679.83,200
680,09:34:45,$ 3681.53,100
681,09:34:40,$ 3680.445,100
682,09:34:40,$ 3682.47,100
683,09:34:39,$ 3682.00,100
684,09:34:39,$ 3681.77,100
685,09:34:39,$ 3681.45,100
686,09:34:39,$ 3681.18,100
687,09:34:38,$ 3677.435,100
688,09:34:38,$ 3677.6875,100
689,09:34:37,$ 3679.88,200
690,09:34:34,$ 3674.99,100
691,09:34:32,$ 3674.99,100
692,09:34:32,$ 3674.99,100
694,09:34:31,$ 3674.00,100
695,09:34:30,$ 3675.195,400
696,09:34:29,$ 3674.93,100
697,09:34:25,$ 3677.00,208
698,09:34:22,$ 3675.005,100
699,09:34:22,$ 3675.0414,162
700,09:34:20,$ 3675.39,100
701,09:34:20,$ 3675.00,100
702,09:34:20,$ 3674.00,175
703,09:34:20,$ 3675.00,100
704,09:34:19,$ 3674.765,100
705,09:34:19,$ 3675.5934,500
706,09:34:18,$ 3675.00,500
707,09:34:18,$ 3675.00,100
708,09:34:18,$ 3675.00,100
709,09:34:16,$ 3675.06,100
710,09:34:15,$ 3676.892,100
711,09:34:12,$ 3676.00,100
712,09:34:12,$ 3676.00,100
713,09:34:12,$ 3676.00,100
715,09:34:12,$ 3676.00,100
716,09:34:12,$ 3676.00,100
717,09:34:12,$ 3676.00,194
718,09:34:12,$ 3676.00,200
719,09:34:12,$ 3676.00,100
720,09:34:12,$ 3676.94,300
721,09:34:01,$ 3678.185,100
722,09:34:01,$ 3678.23,100
723,09:34:01,$ 3678.40,100
724,09:34:01,$ 3678.62,100
725,09:34:01,$ 3678.21,100
726,09:34:01,$ 3678.40,100
727,09:33:57,$ 3679.07,300
728,09:33:54,$ 3678.47,100
729,09:33:53,$ 3681.1902,500
730,09:33:52,$ 3678.99,100
731,09:33:51,$ 3678.37,400
732,09:33:51,$ 3678.37,900
733,09:33:50,$ 3678.14,100
734,09:33:50,$ 3678.14,100
736,09:33:50,$ 3678.14,100
737,09:33:50,$ 3678.14,100
738,09:33:50,$ 3678.37,"2,100"
739,09:33:50,$ 3678.14,100
740,09:33:50,$ 3678.14,100
741,09:33:50,$ 3678.94,100
742,09:33:50,$ 3679.04,100
743,09:33:50,$ 3678.14,100
744,09:33:50,$ 3678.14,100
745,09:33:50,$ 3679.73,100
746,09:33:50,$ 3681.37,100
747,09:33:50,$ 3678.21,100
748,09:33:50,$ 3678.21,100
749,09:33:50,$ 3678.37,300
750,09:33:50,$ 3678.165,100
751,09:33:50,$ 3678.14,100
752,09:33:50,$ 3679.035,100
753,09:33:46,$ 3680.72,100
754,09:33:46,$ 3680.77,100
755,09:33:46,$ 3680.77,102
757,09:33:46,$ 3681.06,100
758,09:33:46,$ 3681.16,400
759,09:33:46,$ 3681.45,100
760,09:33:46,$ 3679.30,100
761,09:33:46,$ 3679.34,100
762,09:33:46,$ 3679.34,110
763,09:33:45,$ 3678.1716,150
764,09:33:44,$ 3678.5575,100
765,09:33:44,$ 3678.645,100
766,09:33:44,$ 3678.645,100
767,09:33:44,$ 3678.53,100
768,09:33:44,$ 3678.68,100
769,09:33:44,$ 3678.645,100
770,09:33:44,$ 3678.645,100
771,09:33:44,$ 3678.68,100
772,09:33:44,$ 3678.365,100
773,09:33:42,$ 3679.33,100
774,09:33:42,$ 3679.33,100
775,09:33:42,$ 3679.33,300
776,09:33:41,$ 3678.3625,100
778,09:33:40,$ 3678.3082,100
779,09:33:39,$ 3679.925,100
780,09:33:39,$ 3680.445,100
781,09:33:38,$ 3678.7225,100
782,09:33:38,$ 3679.11,100
783,09:33:38,$ 3679.09,100
784,09:33:35,$ 3679.40,123
785,09:33:35,$ 3678.735,200
786,09:33:33,$ 3679.60,100
787,09:33:30,$ 3679.9419,500
788,09:33:30,$ 3679.465,100
789,09:33:30,$ 3680.76,100
790,09:33:30,$ 3680.00,155
791,09:33:30,$ 3679.36,100
792,09:33:30,$ 3679.325,100
793,09:33:30,$ 3679.325,100
794,09:33:29,$ 3678.705,100
795,09:33:29,$ 3678.68,200
796,09:33:29,$ 3678.01,100
797,09:33:29,$ 3678.705,100
799,09:33:29,$ 3678.00,100
800,09:33:24,$ 3679.395,100
801,09:33:16,$ 3678.62,100
802,09:33:16,$ 3678.86,200
803,09:33:16,$ 3679.55,100
804,09:33:16,$ 3678.78,100
805,09:33:15,$ 3679.93,100
806,09:33:15,$ 3679.97,100
807,09:33:14,$ 3678.61,200
808,09:33:12,$ 3680.30,100
809,09:33:11,$ 3680.30,100
810,09:33:11,$ 3679.9103,300
811,09:33:06,$ 3682.98,100
812,09:33:06,$ 3681.54,100
813,09:33:04,$ 3680.73,100
814,09:33:03,$ 3682.9699,100
815,09:33:03,$ 3681.4775,100
816,09:33:02,$ 3681.205,100
817,09:33:02,$ 3681.205,100
818,09:33:02,$ 3680.58,155
820,09:33:02,$ 3680.945,100
821,09:33:02,$ 3681.66,100
822,09:33:02,$ 3681.77,100
823,09:33:02,$ 3680.97,100
824,09:33:02,$ 3680.58,100
825,09:33:02,$ 3680.58,101
826,09:33:02,$ 3680.58,109
827,09:32:59,$ 3681.89,100
828,09:32:59,$ 3681.8899,100
829,09:32:59,$ 3681.85,100
830,09:32:56,$ 3681.90,300
831,09:32:55,$ 3682.035,100
832,09:32:50,$ 3682.79,200
833,09:32:49,$ 3682.98,116
834,09:32:49,$ 3682.98,116
835,09:32:49,$ 3682.86,100
836,09:32:44,$ 3681.64,100
837,09:32:44,$ 3681.355,100
838,09:32:44,$ 3681.41,100
839,09:32:44,$ 3679.90,100
841,09:32:44,$ 3680.55,100
842,09:32:44,$ 3681.00,100
843,09:32:44,$ 3679.97,100
844,09:32:44,$ 3679.97,100
845,09:32:44,$ 3679.97,100
846,09:32:44,$ 3679.98,123
847,09:32:44,$ 3679.98,100
848,09:32:44,$ 3679.90,100
849,09:32:44,$ 3679.90,151
850,09:32:44,$ 3679.40,100
851,09:32:44,$ 3678.43,170
852,09:32:44,$ 3679.0033,200
853,09:32:43,$ 3678.43,100
854,09:32:41,$ 3678.43,100
855,09:32:40,$ 3678.435,100
856,09:32:40,$ 3678.465,100
857,09:32:39,$ 3679.98,100
858,09:32:38,$ 3678.48,100
859,09:32:36,$ 3677.11,100
860,09:32:36,$ 3679.569,190
862,09:32:36,$ 3678.47,200
863,09:32:36,$ 3678.60,100
864,09:32:36,$ 3677.02,200
865,09:32:35,$ 3679.9899,343
866,09:32:35,$ 3678.825,100
867,09:32:35,$ 3678.59,280
868,09:32:35,$ 3679.31,100
869,09:32:35,$ 3679.31,100
870,09:32:35,$ 3679.27,100
871,09:32:35,$ 3679.09,100
872,09:32:35,$ 3679.28,100
873,09:32:35,$ 3679.28,100
874,09:32:35,$ 3679.315,100
875,09:32:34,$ 3679.4584,150
876,09:32:34,$ 3679.465,100
877,09:32:31,$ 3679.47,100
878,09:32:31,$ 3679.9917,500
879,09:32:28,$ 3679.88,100
880,09:32:28,$ 3679.99,220
881,09:32:27,$ 3680.56,112
883,09:32:27,$ 3680.58,161
884,09:32:26,$ 3679.94,100
885,09:32:26,$ 3679.95,100
886,09:32:26,$ 3679.95,100
887,09:32:25,$ 3678.52,100
888,09:32:25,$ 3679.29,100
889,09:32:25,$ 3679.29,100
890,09:32:25,$ 3679.29,100
891,09:32:22,$ 3680.7975,100
892,09:32:22,$ 3681.34,100
893,09:32:22,$ 3680.9275,100
894,09:32:22,$ 3681.065,100
895,09:32:22,$ 3680.86,100
896,09:32:22,$ 3681.065,100
897,09:32:22,$ 3680.50,200
898,09:32:19,$ 3681.325,100
899,09:32:17,$ 3681.57,100
900,09:32:16,$ 3681.575,100
901,09:32:14,$ 3681.58,100
902,09:32:13,$ 3683.1299,300
904,09:32:13,$ 3681.19,100
905,09:32:10,$ 3681.395,100
906,09:32:10,$ 3681.75,100
907,09:32:10,$ 3683.53,300
908,09:32:08,$ 3681.82,100
909,09:32:07,$ 3679.685,100
910,09:32:07,$ 3679.72,100
911,09:32:06,$ 3680.00,150
912,09:32:06,$ 3680.00,100
913,09:32:06,$ 3680.00,100
914,09:32:06,$ 3680.00,100
915,09:32:03,$ 3681.72,100
916,09:32:03,$ 3682.505,100
917,09:32:02,$ 3683.17,100
918,09:32:02,$ 3682.84,100
919,09:32:02,$ 3681.87,100
920,09:31:59,$ 3683.02,100
921,09:31:50,$ 3681.19,100
922,09:31:50,$ 3682.36,100
923,09:31:49,$ 3681.00,200
925,09:31:49,$ 3682.36,200
926,09:31:44,$ 3684.97,"1,000"
927,09:31:40,$ 3683.9232,150
928,09:31:38,$ 3683.22,100
929,09:31:37,$ 3683.69,100
930,09:31:37,$ 3684.52,100
931,09:31:37,$ 3683.69,100
932,09:31:37,$ 3683.69,100
933,09:31:37,$ 3683.94,100
934,09:31:37,$ 3683.99,100
935,09:31:37,$ 3684.03,100
936,09:31:37,$ 3682.82,100
937,09:31:36,$ 3680.205,100
938,09:31:34,$ 3681.70,100
939,09:31:34,$ 3680.725,100
940,09:31:34,$ 3680.205,100
941,09:31:33,$ 3681.82,100
942,09:31:33,$ 3681.97,100
943,09:31:30,$ 3680.23,100
944,09:31:30,$ 3683.62,100
946,09:31:29,$ 3682.8442,500
947,09:31:27,$ 3682.60,100
948,09:31:25,$ 3683.07,100
949,09:31:25,$ 3682.94,100
950,09:31:25,$ 3683.06,170
951,09:31:25,$ 3683.07,144
952,09:31:25,$ 3683.07,100
953,09:31:25,$ 3681.7598,200
954,09:31:25,$ 3680.05,100
955,09:31:24,$ 3681.535,151
956,09:31:21,$ 3680.17,100
957,09:31:21,$ 3683.0699,150
958,09:31:21,$ 3682.597,100
959,09:31:20,$ 3681.05,100
960,09:31:20,$ 3680.24,120
961,09:31:20,$ 3681.00,150
962,09:31:20,$ 3682.89,"1,000"
963,09:31:18,$ 3681.475,100
964,09:31:17,$ 3683.035,400
965,09:31:17,$ 3683.035,200
967,09:31:15,$ 3683.19,100
968,09:31:15,$ 3683.325,100
969,09:31:12,$ 3682.0151,700
970,09:31:11,$ 3683.38,100
971,09:31:11,$ 3682.08,100
972,09:31:11,$ 3683.46,100
973,09:31:11,$ 3685.00,100
974,09:31:11,$ 3685.00,100
975,09:31:11,$ 3684.935,100
976,09:31:11,$ 3684.87,100
977,09:31:11,$ 3684.95,100
978,09:31:11,$ 3684.88,100
979,09:31:11,$ 3684.88,100
980,09:31:11,$ 3684.95,100
981,09:31:11,$ 3684.96,100
982,09:31:11,$ 3684.99,100
983,09:31:11,$ 3684.99,150
984,09:31:11,$ 3685.00,200
985,09:31:11,$ 3685.00,100
986,09:31:09,$ 3682.00,101
988,09:31:09,$ 3683.39,100
989,09:31:09,$ 3683.76,100
990,09:31:09,$ 3682.00,100
991,09:31:08,$ 3683.5282,100
992,09:31:08,$ 3683.41,100
993,09:31:08,$ 3682.18,100
994,09:31:07,$ 3682.22,100
995,09:31:05,$ 3684.00,138
996,09:31:05,$ 3684.00,157
997,09:31:05,$ 3684.00,100
998,09:31:05,$ 3685.00,100
999,09:31:05,$ 3685.59,126
1000,09:31:05,$ 3685.835,100
1001,09:31:02,$ 3685.60,200
1002,09:30:59,$ 3687.78,100
1003,09:30:59,$ 3690.00,300
1004,09:30:59,$ 3690.00,100
1005,09:30:59,$ 3690.00,100
1006,09:30:56,$ 3690.715,100
1007,09:30:48,$ 3694.79,100
1009,09:30:48,$ 3694.84,100
1010,09:30:48,$ 3692.98,100
1011,09:30:48,$ 3694.28,100
1012,09:30:48,$ 3694.47,100
1013,09:30:41,$ 3690.345,100
1014,09:30:38,$ 3690.98,100
1015,09:30:34,$ 3690.79,100
1016,09:30:34,$ 3691.31,100
1017,09:30:34,$ 3691.26,100
1018,09:30:30,$ 3691.76,100
1019,09:30:30,$ 3691.38,100
1020,09:30:28,$ 3692.00,100
1021,09:30:24,$ 3692.01,100
1022,09:30:24,$ 3692.56,200
1023,09:30:24,$ 3692.63,100
1024,09:30:19,$ 3692.01,200
1025,09:30:08,$ 3696.91,100
1026,09:30:05,$ 3697.505,110
1027,09:30:05,$ 3696.01,100
1028,09:30:04,$ 3696.01,197
1030,09:30:04,$ 3696.93,100
1031,09:30:03,$ 3696.95,100
1032,09:30:03,$ 3698.00,100
1033,09:30:03,$ 3698.01,100
1034,09:30:03,$ 3698.00,100
1035,09:30:03,$ 3698.01,100
1036,09:30:02,$ 3698.50,3
1037,09:30:02,$ 3698.50,1
1038,09:30:02,$ 3698.50,1
1039,09:30:02,$ 3698.50,1
1040,09:30:02,$ 3698.50,1
1041,09:30:02,$ 3698.50,6
1042,09:30:02,$ 3698.50,3
1043,09:30:02,$ 3698.50,1
1044,09:30:02,$ 3698.50,27
1045,09:30:02,$ 3698.50,100
1046,09:30:02,$ 3698.50,4
1047,09:30:02,$ 3698.50,1
1048,09:30:02,$ 3698.50,2
1049,09:30:02,$ 3698.50,1
1051,09:30:02,$ 3698.50,1
1052,09:30:02,$ 3698.50,10
1053,09:30:02,$ 3698.50,2
1054,09:30:02,$ 3698.50,10
1055,09:30:02,$ 3698.50,2
1056,09:30:02,$ 3698.50,108
1057,09:30:02,$ 3698.50,2
1058,09:30:02,$ 3698.50,1
1059,09:30:02,$ 3698.50,2
1060,09:30:02,$ 3698.50,5
1061,09:30:02,$ 3698.50,1
1062,09:30:02,$ 3698.50,1
1063,09:30:02,$ 3698.50,1
1064,09:30:02,$ 3698.50,38
1065,09:30:02,$ 3698.50,19
1066,09:30:02,$ 3698.50,135
1067,09:30:02,$ 3698.50,3
1068,09:30:02,$ 3698.50,11
1069,09:30:02,$ 3698.50,25
1070,09:30:02,$ 3698.50,8
1072,09:30:02,$ 3698.50,2
1073,09:30:02,$ 3698.50,11
1074,09:30:02,$ 3698.50,3
1075,09:30:02,$ 3698.50,6
1076,09:30:02,$ 3698.50,8
1077,09:30:02,$ 3698.50,5
1078,09:30:02,$ 3698.50,10
1079,09:30:02,$ 3698.50,5
1080,09:30:02,$ 3698.50,3
1081,09:30:02,$ 3698.50,3
1082,09:30:02,$ 3698.50,1
1083,09:30:02,$ 3698.50,5
1084,09:30:02,$ 3698.50,10
1085,09:30:02,$ 3698.50,2
1086,09:30:02,$ 3698.50,1
1087,09:30:02,$ 3698.50,1
1088,09:30:02,$ 3698.50,1
1089,09:30:02,$ 3698.50,1
1090,09:30:02,$ 3698.50,12
1091,09:30:02,$ 3698.50,2
1093,09:30:02,$ 3698.50,300
1094,09:30:02,$ 3698.50,2
1095,09:30:02,$ 3698.50,2
1096,09:30:02,$ 3698.50,3
1097,09:30:02,$ 3698.50,2
1098,09:30:02,$ 3698.50,3
1099,09:30:02,$ 3698.50,2
1100,09:30:02,$ 3698.50,4
1101,09:30:02,$ 3698.50,2
1102,09:30:02,$ 3698.50,1
1103,09:30:02,$ 3698.50,2
1104,09:30:02,$ 3698.50,200
1105,09:30:02,$ 3698.50,10
1106,09:30:02,$ 3698.50,60
1107,09:30:02,$ 3698.50,83
1108,09:30:02,$ 3698.50,37
1109,09:30:02,$ 3698.50,62
1110,09:30:02,$ 3698.50,1
1111,09:30:02,$ 3698.50,14
1112,09:30:02,$ 3698.50,29
1114,09:30:02,$ 3698.50,10
1115,09:30:02,$ 3698.50,2
1116,09:30:02,$ 3698.50,1
1117,09:30:02,$ 3698.50,1
1118,09:30:02,$ 3698.50,2
1119,09:30:02,$ 3698.50,50
1120,09:30:02,$ 3698.50,1
1121,09:30:02,$ 3698.50,1
1122,09:30:02,$ 3698.50,5
1123,09:30:02,$ 3698.50,5
1124,09:30:02,$ 3698.50,20
1125,09:30:02,$ 3698.50,3
1126,09:30:02,$ 3698.50,10
1127,09:30:02,$ 3698.50,20
1128,09:30:02,$ 3698.50,1
1129,09:30:02,$ 3698.50,3
1130,09:30:02,$ 3698.50,3
1131,09:30:02,$ 3698.50,5
1132,09:30:02,$ 3698.50,1
1133,09:30:02,$ 3698.50,10
1135,09:30:02,$ 3698.50,130
1136,09:30:02,$ 3698.50,1
1137,09:30:02,$ 3698.50,10
1138,09:30:02,$ 3698.50,1
1139,09:30:02,$ 3698.50,62
1140,09:30:02,$ 3698.50,13
1141,09:30:02,$ 3698.50,2
1142,09:30:02,$ 3698.50,14
1143,09:30:02,$ 3698.50,29
1144,09:30:02,$ 3698.50,1
1145,09:30:02,$ 3698.50,3
1146,09:30:02,$ 3698.50,49
1147,09:30:02,$ 3698.50,3
1148,09:30:02,$ 3698.50,10
1149,09:30:02,$ 3698.50,2
1150,09:30:02,$ 3698.50,71
1151,09:30:02,$ 3698.50,2
1152,09:30:02,$ 3698.50,2
1153,09:30:02,$ 3698.50,16
1154,09:30:02,$ 3698.50,5
1156,09:30:02,$ 3698.50,5
1157,09:30:02,$ 3698.50,2
1158,09:30:02,$ 3698.50,50
1159,09:30:02,$ 3698.50,2
1160,09:30:02,$ 3698.50,2
1161,09:30:02,$ 3698.50,4
1162,09:30:02,$ 3698.50,3
1163,09:30:02,$ 3698.50,6
1164,09:30:02,$ 3698.50,22
1165,09:30:02,$ 3698.50,7
1166,09:30:02,$ 3698.50,27
1167,09:30:02,$ 3698.50,1
1168,09:30:02,$ 3698.50,4
1169,09:30:02,$ 3698.50,2
1170,09:30:02,$ 3698.50,3
1171,09:30:02,$ 3698.50,3
1172,09:30:02,$ 3698.50,1
1173,09:30:02,$ 3698.50,4
1174,09:30:02,$ 3698.50,2
1175,09:30:02,$ 3698.50,2
1177,09:30:02,$ 3698.50,3
1178,09:30:02,$ 3698.50,2
1179,09:30:02,$ 3698.50,1
1180,09:30:02,$ 3698.50,2
1181,09:30:02,$ 3698.50,1
1182,09:30:02,$ 3698.50,2
1183,09:30:02,$ 3698.50,1
1184,09:30:02,$ 3698.50,2
1185,09:30:02,$ 3698.50,1
1186,09:30:02,$ 3698.50,3
1187,09:30:02,$ 3698.50,2
1188,09:30:02,$ 3698.50,1
1189,09:30:02,$ 3698.50,2
1190,09:30:02,$ 3698.50,1
1191,09:30:02,$ 3698.50,60
1192,09:30:02,$ 3698.50,12
1193,09:30:02,$ 3698.50,14
1194,09:30:02,$ 3698.50,8
1195,09:30:02,$ 3698.50,2
1196,09:30:02,$ 3698.50,1
1198,09:30:02,$ 3698.50,1
1199,09:30:02,$ 3698.50,5
1200,09:30:02,$ 3698.50,1
1201,09:30:02,$ 3698.50,1
1202,09:30:02,$ 3698.50,3
1203,09:30:02,$ 3698.50,2
1204,09:30:02,$ 3698.50,4
1205,09:30:02,$ 3698.50,1
1206,09:30:02,$ 3698.50,4
1207,09:30:02,$ 3698.50,1
1208,09:30:02,$ 3698.50,1
1209,09:30:02,$ 3698.50,2
1210,09:30:02,$ 3698.50,1
1211,09:30:02,$ 3698.50,3
1212,09:30:02,$ 3698.50,1
1213,09:30:02,$ 3698.50,3
1214,09:30:02,$ 3698.50,1
1215,09:30:02,$ 3698.50,5
1216,09:30:02,$ 3698.50,1
1217,09:30:02,$ 3698.50,1
1219,09:30:02,$ 3698.50,8
1220,09:30:02,$ 3698.50,1
1221,09:30:02,$ 3698.50,4
1222,09:30:02,$ 3698.50,25
1223,09:30:02,$ 3698.50,1
1224,09:30:02,$ 3698.50,2
1225,09:30:02,$ 3698.50,1
1226,09:30:02,$ 3698.50,1
1227,09:30:02,$ 3698.50,12
1228,09:30:02,$ 3698.50,3
1229,09:30:02,$ 3698.50,14
1230,09:30:02,$ 3698.50,5
1231,09:30:02,$ 3698.50,4
1232,09:30:02,$ 3698.50,10
1233,09:30:02,$ 3698.50,1
1234,09:30:02,$ 3698.50,2
1235,09:30:02,$ 3698.50,1
1236,09:30:02,$ 3698.50,1
1237,09:30:02,$ 3698.50,3
1238,09:30:02,$ 3698.50,1
1240,09:30:02,$ 3698.50,1
1241,09:30:02,$ 3698.50,5
1242,09:30:02,$ 3698.50,78
1243,09:30:02,$ 3698.50,3
1244,09:30:02,$ 3698.50,12
1245,09:30:02,$ 3698.50,13
1246,09:30:02,$ 3698.50,7
1247,09:30:02,$ 3698.50,10
1248,09:30:02,$ 3698.50,8
1249,09:30:02,$ 3698.50,1
1250,09:30:02,$ 3698.50,3
1251,09:30:02,$ 3698.50,4
1252,09:30:02,$ 3698.50,20
1253,09:30:02,$ 3698.50,2
1254,09:30:02,$ 3698.50,10
1255,09:30:02,$ 3698.50,5
1256,09:30:02,$ 3698.50,14
1257,09:30:02,$ 3698.50,1
1258,09:30:02,$ 3698.50,5
1259,09:30:02,$ 3698.50,40
1261,09:30:02,$ 3698.50,55
1262,09:30:02,$ 3698.50,11
1263,09:30:02,$ 3698.50,5
1264,09:30:02,$ 3698.50,2
1265,09:30:02,$ 3698.50,51
1266,09:30:02,$ 3698.50,9
1267,09:30:02,$ 3698.50,10
1268,09:30:02,$ 3698.50,40
1269,09:30:02,$ 3698.50,108
1270,09:30:02,$ 3698.50,1
1271,09:30:02,$ 3698.50,6
1272,09:30:02,$ 3698.50,24
1273,09:30:02,$ 3698.50,7
1274,09:30:02,$ 3698.50,10
1275,09:30:02,$ 3698.50,2
1276,09:30:02,$ 3698.50,25
1277,09:30:02,$ 3698.50,40
1278,09:30:02,$ 3698.50,10
1279,09:30:02,$ 3698.50,20
1280,09:30:02,$ 3698.50,2
1282,09:30:02,$ 3698.50,3
1283,09:30:02,$ 3698.50,17
1284,09:30:02,$ 3698.50,4
1285,09:30:02,$ 3698.50,1
1286,09:30:02,$ 3698.50,3
1287,09:30:02,$ 3698.50,3
1288,09:30:02,$ 3698.50,5
1289,09:30:02,$ 3698.50,1
1290,09:30:02,$ 3698.50,1
1291,09:30:02,$ 3698.50,1
1292,09:30:02,$ 3698.50,1
1293,09:30:02,$ 3698.50,5
1294,09:30:02,$ 3698.50,2
1295,09:30:02,$ 3698.50,1
1296,09:30:02,$ 3698.50,1
1297,09:30:02,$ 3698.50,5
1298,09:30:02,$ 3698.50,3
1299,09:30:02,$ 3698.50,1
1300,09:30:02,$ 3698.50,1
1301,09:30:02,$ 3698.50,1
1303,09:30:02,$ 3698.50,1
1304,09:30:02,$ 3698.50,12
1305,09:30:02,$ 3698.50,1
1306,09:30:02,$ 3698.50,2
1307,09:30:02,$ 3698.50,2
1308,09:30:02,$ 3698.50,1
1309,09:30:02,$ 3698.50,1
1310,09:30:02,$ 3698.50,12
1311,09:30:02,$ 3698.50,1
1312,09:30:02,$ 3698.50,3
1313,09:30:02,$ 3698.50,7
1314,09:30:02,$ 3698.50,20
1315,09:30:02,$ 3698.50,1
1316,09:30:02,$ 3698.50,13
1317,09:30:02,$ 3698.50,1
1318,09:30:02,$ 3698.50,1
1319,09:30:02,$ 3698.50,1
1320,09:30:02,$ 3698.50,2
1321,09:30:02,$ 3698.50,"2,000"
1322,09:30:02,$ 3698.50,116
1324,09:30:02,$ 3698.50,1
1325,09:30:02,$ 3698.50,1
1326,09:30:02,$ 3698.50,3
1327,09:30:02,$ 3698.50,2
1328,09:30:02,$ 3698.50,1
1329,09:30:02,$ 3698.50,13
1330,09:30:02,$ 3698.50,1
1331,09:30:02,$ 3698.50,6
1332,09:30:02,$ 3698.50,5
1333,09:30:02,$ 3698.50,3
1334,09:30:02,$ 3698.50,3
1335,09:30:02,$ 3698.50,1
1336,09:30:02,$ 3698.50,1
1337,09:30:02,$ 3698.50,15
1338,09:30:02,$ 3698.50,100
1339,09:30:02,$ 3698.50,1
1340,09:30:02,$ 3698.50,1
1341,09:30:02,$ 3698.50,4
1342,09:30:02,$ 3698.50,1
1343,09:30:02,$ 3698.50,2
1345,09:30:02,$ 3698.50,3
1346,09:30:02,$ 3698.50,3
1347,09:30:02,$ 3698.50,2
1348,09:30:02,$ 3698.50,3
1349,09:30:02,$ 3698.50,3
1350,09:30:02,$ 3698.50,1
1351,09:30:02,$ 3698.50,10
1352,09:30:02,$ 3698.50,1
1353,09:30:02,$ 3698.50,2
1354,09:30:02,$ 3698.50,1
1355,09:30:02,$ 3698.50,2
1356,09:30:02,$ 3698.50,10
1357,09:30:02,$ 3698.50,1
1358,09:30:02,$ 3698.50,1
1359,09:30:02,$ 3698.50,3
1360,09:30:02,$ 3698.50,11
1361,09:30:02,$ 3698.50,1
1362,09:30:02,$ 3698.50,50
1363,09:30:02,$ 3698.50,550
1364,09:30:02,$ 3698.50,1
1366,09:30:02,$ 3698.50,1
1367,09:30:02,$ 3698.50,5
1368,09:30:02,$ 3698.50,11
1369,09:30:02,$ 3698.50,1
1370,09:30:02,$ 3698.50,3
1371,09:30:02,$ 3698.50,5
1372,09:30:02,$ 3698.50,1
1373,09:30:02,$ 3698.50,5
1374,09:30:02,$ 3698.50,1
1375,09:30:02,$ 3698.50,12
1376,09:30:02,$ 3698.50,1
1377,09:30:02,$ 3698.50,1
1378,09:30:02,$ 3698.50,1
1379,09:30:02,$ 3698.50,1
1380,09:30:02,$ 3698.50,3
1381,09:30:02,$ 3698.50,5
1382,09:30:02,$ 3698.50,1
1383,09:30:02,$ 3698.50,2
1384,09:30:02,$ 3698.50,1
1385,09:30:02,$ 3698.50,5
1387,09:30:02,$ 3698.50,1
1388,09:30:02,$ 3698.50,1
1389,09:30:02,$ 3698.50,262
1390,09:30:02,$ 3698.50,1
1391,09:30:02,$ 3698.50,1
1392,09:30:02,$ 3698.50,3
1393,09:30:02,$ 3698.50,5
1394,09:30:02,$ 3698.50,20
1395,09:30:02,$ 3698.50,1
1396,09:30:02,$ 3698.50,3
1397,09:30:02,$ 3698.50,2
1398,09:30:02,$ 3698.50,1
1399,09:30:02,$ 3698.50,3
1400,09:30:02,$ 3698.50,1
1401,09:30:02,$ 3698.50,2
1402,09:30:02,$ 3698.50,2
1403,09:30:02,$ 3698.50,1
1404,09:30:02,$ 3698.50,20
1405,09:30:02,$ 3698.50,3
1406,09:30:02,$ 3698.50,2
1408,09:30:02,$ 3698.50,1
1409,09:30:02,$ 3698.50,2
1410,09:30:02,$ 3698.50,1
1411,09:30:02,$ 3698.50,1
1412,09:30:02,$ 3698.50,2
1413,09:30:02,$ 3698.50,2
1414,09:30:02,$ 3698.50,2
1415,09:30:02,$ 3698.50,1
1416,09:30:02,$ 3698.50,3
1417,09:30:02,$ 3698.50,1
1418,09:30:02,$ 3698.50,2
1419,09:30:02,$ 3698.50,2
1420,09:30:02,$ 3698.50,1
1421,09:30:02,$ 3698.50,2
1422,09:30:02,$ 3698.50,1
1423,09:30:02,$ 3698.50,1
1424,09:30:02,$ 3698.50,3
1425,09:30:02,$ 3698.50,1
1426,09:30:02,$ 3698.50,2
1427,09:30:02,$ 3698.50,5
1429,09:30:02,$ 3698.50,2
1430,09:30:02,$ 3698.50,2
1431,09:30:02,$ 3698.50,2
1432,09:30:02,$ 3698.50,2
1433,09:30:02,$ 3698.50,2
1434,09:30:02,$ 3698.50,1
1435,09:30:02,$ 3698.50,4
1436,09:30:02,$ 3698.50,8
1437,09:30:02,$ 3698.50,1
1438,09:30:02,$ 3698.50,1
1439,09:30:02,$ 3698.50,2
1440,09:30:02,$ 3698.50,3
1441,09:30:02,$ 3698.50,1
1442,09:30:02,$ 3698.50,1
1443,09:30:02,$ 3698.50,3
1444,09:30:02,$ 3698.50,1
1445,09:30:02,$ 3698.50,2
1446,09:30:02,$ 3698.50,1
1447,09:30:02,$ 3698.50,1
1448,09:30:02,$ 3698.50,1
1450,09:30:02,$ 3698.50,2
1451,09:30:02,$ 3698.50,3
1452,09:30:02,$ 3698.50,8
1453,09:30:02,$ 3698.50,1
1454,09:30:02,$ 3698.50,1
1455,09:30:02,$ 3698.50,1
1456,09:30:02,$ 3698.50,5
1457,09:30:02,$ 3698.50,1
1458,09:30:02,$ 3698.50,1
1459,09:30:02,$ 3698.50,1
1460,09:30:02,$ 3698.50,2
1461,09:30:02,$ 3698.50,5
1462,09:30:02,$ 3698.50,1
1463,09:30:02,$ 3698.50,1
1464,09:30:02,$ 3698.50,7
1465,09:30:02,$ 3698.50,6
1466,09:30:02,$ 3698.50,3
1467,09:30:02,$ 3698.50,5
1468,09:30:02,$ 3698.50,3
1469,09:30:02,$ 3698.50,2
1471,09:30:02,$ 3698.50,1
1472,09:30:02,$ 3698.50,1
1473,09:30:02,$ 3698.50,1
1474,09:30:02,$ 3698.50,12
1475,09:30:02,$ 3698.50,10
1476,09:30:02,$ 3698.50,2
1477,09:30:02,$ 3698.50,1
1478,09:30:02,$ 3698.50,1
1479,09:30:02,$ 3698.50,3
1480,09:30:02,$ 3698.50,27
1481,09:30:02,$ 3698.50,7
1482,09:30:02,$ 3698.50,1
1483,09:30:02,$ 3698.50,10
1484,09:30:02,$ 3698.50,2
1485,09:30:02,$ 3698.50,50
1486,09:30:02,$ 3698.50,2
1487,09:30:02,$ 3698.50,3
1488,09:30:02,$ 3698.50,1
1489,09:30:02,$ 3698.50,6
1490,09:30:02,$ 3698.50,1
1492,09:30:02,$ 3698.50,1
1493,09:30:02,$ 3698.50,1
1494,09:30:02,$ 3698.50,2
1495,09:30:02,$ 3698.50,2
1496,09:30:02,$ 3698.50,2
1497,09:30:02,$ 3698.50,1
1498,09:30:02,$ 3698.50,3
1499,09:30:02,$ 3698.50,1
1500,09:30:02,$ 3698.50,30
1501,09:30:02,$ 3698.50,727
1502,09:30:02,$ 3698.50,1
1503,09:30:02,$ 3698.50,60
1504,09:30:02,$ 3698.50,1
1505,09:30:02,$ 3698.50,26
1506,09:30:02,$ 3698.50,1
1507,09:30:02,$ 3698.50,1
1508,09:30:02,$ 3698.50,10
1509,09:30:02,$ 3698.50,5
1510,09:30:02,$ 3698.50,1
1511,09:30:02,$ 3698.50,6
1513,09:30:02,$ 3698.50,1
1514,09:30:02,$ 3698.50,3
1515,09:30:02,$ 3698.50,16
1516,09:30:02,$ 3698.50,3
1517,09:30:02,$ 3698.50,7
1518,09:30:02,$ 3698.50,3
1519,09:30:02,$ 3698.50,1
1520,09:30:02,$ 3698.50,10
1521,09:30:02,$ 3698.50,1
1522,09:30:02,$ 3698.50,3
1523,09:30:02,$ 3698.50,5
1524,09:30:02,$ 3698.50,1
1525,09:30:02,$ 3698.50,3
1526,09:30:02,$ 3698.50,4
1527,09:30:02,$ 3698.50,10
1528,09:30:02,$ 3698.50,10
1529,09:30:02,$ 3698.50,1
1530,09:30:02,$ 3698.50,25
1531,09:30:02,$ 3698.50,16
1532,09:30:02,$ 3698.50,1
1534,09:30:02,$ 3698.50,1
1535,09:30:02,$ 3698.50,2
1536,09:30:02,$ 3698.50,1
1537,09:30:02,$ 3698.50,5
1538,09:30:02,$ 3698.50,1
1539,09:30:02,$ 3698.50,20
1540,09:30:02,$ 3698.50,1
1541,09:30:02,$ 3698.50,3
1542,09:30:02,$ 3698.50,1
1543,09:30:02,$ 3698.50,3
1544,09:30:02,$ 3698.50,2
1545,09:30:02,$ 3698.50,10
1546,09:30:02,$ 3698.50,45
1547,09:30:02,$ 3698.50,2
1548,09:30:02,$ 3698.50,7
1549,09:30:02,$ 3698.50,1
1550,09:30:02,$ 3698.50,1
1551,09:30:02,$ 3698.50,13
1552,09:30:02,$ 3698.50,3
1553,09:30:02,$ 3698.50,1
1555,09:30:02,$ 3698.50,8
1556,09:30:02,$ 3698.50,6
1557,09:30:02,$ 3698.50,5
1558,09:30:02,$ 3698.50,1
1559,09:30:02,$ 3698.50,7
1560,09:30:02,$ 3698.50,5
1561,09:30:02,$ 3698.50,1
1562,09:30:02,$ 3698.50,69
1563,09:30:02,$ 3698.50,1
1564,09:30:02,$ 3698.50,1
1565,09:30:02,$ 3698.50,2
1566,09:30:02,$ 3698.50,1
1567,09:30:02,$ 3698.50,1
1568,09:30:02,$ 3698.50,1
1569,09:30:02,$ 3698.50,2
1570,09:30:02,$ 3698.50,260
1571,09:30:02,$ 3698.50,2
1572,09:30:02,$ 3698.50,1
1573,09:30:02,$ 3698.50,2
1574,09:30:02,$ 3698.50,28
1576,09:30:02,$ 3698.50,1
1577,09:30:02,$ 3698.50,4
1578,09:30:02,$ 3698.50,2
1579,09:30:02,$ 3698.50,8
1580,09:30:02,$ 3698.50,4
1581,09:30:02,$ 3698.50,2
1582,09:30:02,$ 3698.50,1
1583,09:30:02,$ 3698.50,3
1584,09:30:02,$ 3698.50,8
1585,09:30:02,$ 3698.50,4
1586,09:30:02,$ 3698.50,54
1587,09:30:02,$ 3698.50,5
1588,09:30:02,$ 3698.50,3
1589,09:30:02,$ 3698.50,5
1590,09:30:02,$ 3698.50,1
1591,09:30:02,$ 3698.50,20
1592,09:30:02,$ 3698.50,16
1593,09:30:02,$ 3698.50,1
1594,09:30:02,$ 3698.50,20
1595,09:30:02,$ 3698.50,16
1597,09:30:02,$ 3698.50,1
1598,09:30:02,$ 3698.50,10
1599,09:30:02,$ 3698.50,4
1600,09:30:02,$ 3698.50,1
1601,09:30:02,$ 3698.50,2
1602,09:30:02,$ 3698.50,2
1603,09:30:02,$ 3698.50,1
1604,09:30:02,$ 3698.50,1
1605,09:30:02,$ 3698.50,1
1606,09:30:02,$ 3698.50,1
1607,09:30:02,$ 3698.50,1
1608,09:30:02,$ 3698.50,2
1609,09:30:02,$ 3698.50,4
1610,09:30:02,$ 3698.50,3
1611,09:30:02,$ 3698.50,30
1612,09:30:02,$ 3698.50,1
1613,09:30:02,$ 3698.50,1
1614,09:30:02,$ 3698.50,1
1615,09:30:02,$ 3698.50,1
1616,09:30:02,$ 3698.50,10
1618,09:30:02,$ 3698.50,1
1619,09:30:02,$ 3698.50,2
1620,09:30:02,$ 3698.50,7
1621,09:30:02,$ 3698.50,100
1622,09:30:02,$ 3698.50,1
1623,09:30:02,$ 3698.50,2
1624,09:30:02,$ 3698.50,2
1625,09:30:02,$ 3698.50,2
1626,09:30:02,$ 3698.50,5
1627,09:30:02,$ 3698.50,1
1628,09:30:02,$ 3698.50,2
1629,09:30:02,$ 3698.50,1
1630,09:30:02,$ 3698.50,4
1631,09:30:02,$ 3698.50,8
1632,09:30:02,$ 3698.50,20
1633,09:30:02,$ 3698.50,7
1634,09:30:02,$ 3698.50,10
1635,09:30:02,$ 3698.50,6
1636,09:30:02,$ 3698.50,2
1637,09:30:02,$ 3698.50,3
1639,09:30:02,$ 3698.50,14
1640,09:30:02,$ 3698.50,1
1641,09:30:02,$ 3698.50,3
1642,09:30:02,$ 3698.50,3
1643,09:30:02,$ 3698.50,2
1644,09:30:02,$ 3698.50,1
1645,09:30:02,$ 3698.50,5
1646,09:30:02,$ 3698.50,3
1647,09:30:02,$ 3698.50,1
1648,09:30:02,$ 3698.50,10
1649,09:30:02,$ 3698.50,2
1650,09:30:02,$ 3698.50,1
1651,09:30:02,$ 3698.50,1
1652,09:30:02,$ 3698.50,2
1653,09:30:02,$ 3698.50,5
1654,09:30:02,$ 3698.50,2
1655,09:30:02,$ 3698.50,10
1656,09:30:02,$ 3698.50,23
1657,09:30:02,$ 3698.50,1
1658,09:30:02,$ 3698.50,10
1660,09:30:02,$ 3698.50,1
1661,09:30:02,$ 3698.50,1
1662,09:30:02,$ 3698.50,5
1663,09:30:02,$ 3698.50,1
1664,09:30:02,$ 3698.50,2
1665,09:30:02,$ 3698.50,10
1666,09:30:02,$ 3698.50,1
1667,09:30:02,$ 3698.50,2
1668,09:30:02,$ 3698.50,3
1669,09:30:02,$ 3698.50,3
1670,09:30:02,$ 3698.50,3
1671,09:30:02,$ 3698.50,1
1672,09:30:02,$ 3698.50,5
1673,09:30:02,$ 3698.50,1
1674,09:30:02,$ 3698.50,3
1675,09:30:02,$ 3698.50,2
1676,09:30:02,$ 3698.50,5
1677,09:30:02,$ 3698.50,1
1678,09:30:02,$ 3698.50,1
1679,09:30:02,$ 3698.50,1
1681,09:30:02,$ 3698.50,1
1682,09:30:02,$ 3698.50,1
1683,09:30:02,$ 3698.50,1
1684,09:30:02,$ 3698.50,1
1685,09:30:02,$ 3698.50,1
1686,09:30:02,$ 3698.50,1
1687,09:30:02,$ 3698.50,1
1688,09:30:02,$ 3698.50,1
1689,09:30:02,$ 3698.50,1
1690,09:30:02,$ 3698.50,1
1691,09:30:02,$ 3698.50,1
1692,09:30:02,$ 3698.50,1
1693,09:30:02,$ 3698.50,1
1694,09:30:02,$ 3698.50,1
1695,09:30:02,$ 3698.50,1
1696,09:30:02,$ 3698.50,1
1697,09:30:02,$ 3698.50,1
1698,09:30:02,$ 3698.50,1
1699,09:30:02,$ 3698.50,1
1700,09:30:02,$ 3698.50,1
1702,09:30:02,$ 3698.50,1
1703,09:30:02,$ 3698.50,1
1704,09:30:02,$ 3698.50,1
1705,09:30:02,$ 3698.50,1
1706,09:30:02,$ 3698.50,1
1707,09:30:02,$ 3698.50,1
1708,09:30:02,$ 3698.50,1
1709,09:30:02,$ 3698.50,1
1710,09:30:02,$ 3698.50,1
1711,09:30:02,$ 3698.50,1
1712,09:30:02,$ 3698.50,1
1713,09:30:02,$ 3698.50,1
1714,09:30:02,$ 3698.50,1
1715,09:30:02,$ 3698.50,1
1716,09:30:02,$ 3698.50,1
1717,09:30:02,$ 3698.50,1
1718,09:30:02,$ 3698.50,1
1719,09:30:02,$ 3698.50,1
1720,09:30:02,$ 3698.50,1
1721,09:30:02,$ 3698.50,1
1723,09:30:02,$ 3698.50,1
1724,09:30:02,$ 3698.50,1
1725,09:30:02,$ 3698.50,1
1726,09:30:02,$ 3698.50,1
1727,09:30:02,$ 3698.50,1
1728,09:30:02,$ 3698.50,1
1729,09:30:02,$ 3698.50,1
1730,09:30:02,$ 3698.50,1
1731,09:30:02,$ 3698.50,1
1732,09:30:02,$ 3698.50,1
1733,09:30:02,$ 3698.50,1
1734,09:30:02,$ 3698.50,1
1735,09:30:02,$ 3698.50,1
1736,09:30:02,$ 3698.50,1
1737,09:30:02,$ 3698.50,1
1738,09:30:02,$ 3698.50,1
1739,09:30:02,$ 3698.50,1
1740,09:30:02,$ 3698.50,1
1741,09:30:02,$ 3698.50,1
1742,09:30:02,$ 3698.50,1
1744,09:30:02,$ 3698.50,1
1745,09:30:02,$ 3698.50,1
1746,09:30:02,$ 3698.50,1
1747,09:30:02,$ 3698.50,1
1748,09:30:02,$ 3698.50,1
1749,09:30:02,$ 3698.50,1
1750,09:30:02,$ 3698.50,3
1751,09:30:02,$ 3698.50,1
1752,09:30:02,$ 3698.50,8
1753,09:30:02,$ 3698.50,1
1754,09:30:02,$ 3698.50,1
1755,09:30:02,$ 3698.50,1
1756,09:30:02,$ 3698.50,1
1757,09:30:02,$ 3698.50,1
1758,09:30:02,$ 3698.50,4
1759,09:30:02,$ 3698.50,3
1760,09:30:02,$ 3698.50,1
1761,09:30:02,$ 3698.50,1
1762,09:30:02,$ 3698.50,1
1763,09:30:02,$ 3698.50,5
1765,09:30:02,$ 3698.50,5
1766,09:30:02,$ 3698.50,100
1767,09:30:02,$ 3698.50,1
1768,09:30:02,$ 3698.50,21
1769,09:30:02,$ 3698.50,10
1770,09:30:02,$ 3698.50,3
1771,09:30:02,$ 3698.50,4
1772,09:30:02,$ 3698.50,1
1773,09:30:02,$ 3698.50,5
1774,09:30:02,$ 3698.50,3
1775,09:30:02,$ 3698.50,13
1776,09:30:02,$ 3698.50,1
1777,09:30:02,$ 3698.50,3
1778,09:30:02,$ 3698.50,10
1779,09:30:02,$ 3698.50,3
1780,09:30:02,$ 3698.50,1
1781,09:30:02,$ 3698.50,5
1782,09:30:02,$ 3698.50,1
1783,09:30:02,$ 3698.50,1
1784,09:30:02,$ 3698.50,1
1786,09:30:02,$ 3698.50,1
1787,09:30:02,$ 3698.50,10
1788,09:30:02,$ 3698.50,2
1789,09:30:02,$ 3698.50,7
1790,09:30:02,$ 3698.50,2
1791,09:30:02,$ 3698.50,2
1792,09:30:02,$ 3698.50,4
1793,09:30:02,$ 3698.50,6
1794,09:30:02,$ 3698.50,5
1795,09:30:02,$ 3698.50,15
1796,09:30:02,$ 3698.50,1
1797,09:30:02,$ 3698.50,2
1798,09:30:02,$ 3698.50,1
1799,09:30:02,$ 3698.50,10
1800,09:30:02,$ 3698.50,5
1801,09:30:02,$ 3698.50,5
1802,09:30:02,$ 3698.50,15
1803,09:30:02,$ 3698.50,2
1804,09:30:02,$ 3698.50,1
1805,09:30:02,$ 3698.50,25
1807,09:30:02,$ 3698.50,1
1808,09:30:02,$ 3698.50,2
1809,09:30:02,$ 3698.50,1
1810,09:30:02,$ 3698.50,20
1811,09:30:02,$ 3698.50,1
1812,09:30:02,$ 3698.50,1
1813,09:30:02,$ 3698.50,1
1814,09:30:02,$ 3698.50,1
1815,09:30:02,$ 3698.50,2
1816,09:30:02,$ 3698.50,2
1817,09:30:02,$ 3698.50,1
1818,09:30:02,$ 3698.50,2
1819,09:30:02,$ 3698.50,2
1820,09:30:02,$ 3698.50,8
1821,09:30:02,$ 3698.50,1
1822,09:30:02,$ 3698.50,2
1823,09:30:02,$ 3698.50,1
1824,09:30:02,$ 3698.50,1
1825,09:30:02,$ 3698.50,3
1826,09:30:02,$ 3698.50,20
1828,09:30:02,$ 3698.50,1
1829,09:30:02,$ 3698.50,2
1830,09:30:02,$ 3698.50,6
1831,09:30:02,$ 3698.50,1
1832,09:30:02,$ 3698.50,1
1833,09:30:02,$ 3698.50,1
1834,09:30:02,$ 3698.50,1
1835,09:30:02,$ 3698.50,1
1836,09:30:02,$ 3698.50,1
1837,09:30:02,$ 3698.50,1
1838,09:30:02,$ 3698.50,1
1839,09:30:02,$ 3698.50,1
1840,09:30:02,$ 3698.50,1
1841,09:30:02,$ 3698.50,1
1842,09:30:02,$ 3698.50,1
1843,09:30:02,$ 3698.50,1
1844,09:30:02,$ 3698.50,1
1845,09:30:02,$ 3698.50,1
1846,09:30:02,$ 3698.50,1
1847,09:30:02,$ 3698.50,1
1849,09:30:02,$ 3698.50,1
1850,09:30:02,$ 3698.50,1
1851,09:30:02,$ 3698.50,1
1852,09:30:02,$ 3698.50,1
1853,09:30:02,$ 3698.50,1
1854,09:30:02,$ 3698.50,1
1855,09:30:02,$ 3698.50,1
1856,09:30:02,$ 3698.50,1
1857,09:30:02,$ 3698.50,1
1858,09:30:02,$ 3698.50,1
1859,09:30:02,$ 3698.50,1
1860,09:30:02,$ 3698.50,1
1861,09:30:02,$ 3698.50,1
1862,09:30:02,$ 3698.50,1
1863,09:30:02,$ 3698.50,1
1864,09:30:02,$ 3698.50,1
1865,09:30:02,$ 3698.50,1
1866,09:30:02,$ 3698.50,1
1867,09:30:02,$ 3698.50,1
1868,09:30:02,$ 3698.50,1
1870,09:30:02,$ 3698.50,1
1871,09:30:02,$ 3698.50,1
1872,09:30:02,$ 3698.50,1
1873,09:30:02,$ 3698.50,1
1874,09:30:02,$ 3698.50,1
1875,09:30:02,$ 3698.50,1
1876,09:30:02,$ 3698.50,1
1877,09:30:02,$ 3698.50,1
1878,09:30:02,$ 3698.50,1
1879,09:30:02,$ 3698.50,1
1880,09:30:02,$ 3698.50,1
1881,09:30:02,$ 3698.50,1
1882,09:30:02,$ 3698.50,1
1883,09:30:02,$ 3698.50,1
1884,09:30:02,$ 3698.50,1
1885,09:30:02,$ 3698.50,1
1886,09:30:02,$ 3698.50,1
1887,09:30:02,$ 3698.50,1
1888,09:30:02,$ 3698.50,1
1889,09:30:02,$ 3698.50,1
1891,09:30:02,$ 3698.50,1
1892,09:30:02,$ 3698.50,1
1893,09:30:02,$ 3698.50,1
1894,09:30:02,$ 3698.50,1
1895,09:30:02,$ 3698.50,1
1896,09:30:02,$ 3698.50,1
1897,09:30:02,$ 3698.50,1
1898,09:30:02,$ 3698.50,1
1899,09:30:02,$ 3698.50,1
1900,09:30:02,$ 3698.50,1
1901,09:30:02,$ 3698.50,1
1902,09:30:02,$ 3698.50,1
1903,09:30:02,$ 3698.50,1
1904,09:30:02,$ 3698.50,1
1905,09:30:02,$ 3698.50,1
1906,09:30:02,$ 3698.50,1
1907,09:30:02,$ 3698.50,1
1908,09:30:02,$ 3698.50,1
1909,09:30:02,$ 3698.50,1
1910,09:30:02,$ 3698.50,1
1912,09:30:02,$ 3698.50,1
1913,09:30:02,$ 3698.50,1
1914,09:30:02,$ 3698.50,1
1915,09:30:02,$ 3698.50,1
1916,09:30:02,$ 3698.50,1
1917,09:30:02,$ 3698.50,1
1918,09:30:02,$ 3698.50,1
1919,09:30:02,$ 3698.50,1
1920,09:30:02,$ 3698.50,1
1921,09:30:02,$ 3698.50,1
1922,09:30:02,$ 3698.50,1
1923,09:30:02,$ 3698.50,1
1924,09:30:02,$ 3698.50,1
1925,09:30:02,$ 3698.50,1
1926,09:30:02,$ 3698.50,1
1927,09:30:02,$ 3698.50,1
1928,09:30:02,$ 3698.50,1
1929,09:30:02,$ 3698.50,1
1930,09:30:02,$ 3698.50,1
1931,09:30:02,$ 3698.50,1
1933,09:30:02,$ 3698.50,1
1934,09:30:02,$ 3698.50,1
1935,09:30:02,$ 3698.50,1
1936,09:30:02,$ 3698.50,1
1937,09:30:02,$ 3698.50,1
1938,09:30:02,$ 3698.50,1
1939,09:30:02,$ 3698.50,1
1940,09:30:02,$ 3698.50,1
1941,09:30:02,$ 3698.50,1
1942,09:30:02,$ 3698.50,1
1943,09:30:02,$ 3698.50,1
1944,09:30:02,$ 3698.50,1
1945,09:30:02,$ 3698.50,1
1946,09:30:02,$ 3698.50,1
1947,09:30:02,$ 3698.50,1
1948,09:30:02,$ 3698.50,1
1949,09:30:02,$ 3698.50,1
1950,09:30:02,$ 3698.50,1
1951,09:30:02,$ 3698.50,1
1952,09:30:02,$ 3698.50,1
1954,09:30:02,$ 3698.50,1
1955,09:30:02,$ 3698.50,1
1956,09:30:02,$ 3698.50,1
1957,09:30:02,$ 3698.50,1
1958,09:30:02,$ 3698.50,1
1959,09:30:02,$ 3698.50,1
1960,09:30:02,$ 3698.50,1
1961,09:30:02,$ 3698.50,1
1962,09:30:02,$ 3698.50,1
1963,09:30:02,$ 3698.50,1
1964,09:30:02,$ 3698.50,1
1965,09:30:02,$ 3698.50,4
1966,09:30:02,$ 3698.50,1
1967,09:30:02,$ 3698.50,3
1968,09:30:02,$ 3698.50,1
1969,09:30:02,$ 3698.50,1
1970,09:30:02,$ 3698.50,3
1971,09:30:02,$ 3698.50,1
1972,09:30:02,$ 3698.50,1
1973,09:30:02,$ 3698.50,4
1975,09:30:02,$ 3698.50,23
1976,09:30:02,$ 3698.50,47
1977,09:30:02,$ 3698.50,3
1978,09:30:02,$ 3698.50,39
1979,09:30:02,$ 3698.50,5
1980,09:30:02,$ 3698.50,1
1981,09:30:02,$ 3698.50,1
1982,09:30:02,$ 3698.50,2
1983,09:30:02,$ 3698.50,1
1984,09:30:02,$ 3698.50,1
1985,09:30:02,$ 3698.50,1
1986,09:30:02,$ 3698.50,2
1987,09:30:02,$ 3698.50,10
1988,09:30:02,$ 3698.50,1
1989,09:30:02,$ 3698.50,3
1990,09:30:02,$ 3698.50,1
1991,09:30:02,$ 3698.50,1
1992,09:30:02,$ 3698.50,1
1993,09:30:02,$ 3698.50,1
1994,09:30:02,$ 3698.50,5
1996,09:30:02,$ 3698.50,10
1997,09:30:02,$ 3698.50,2
1998,09:30:02,$ 3698.50,2
1999,09:30:02,$ 3698.50,1
2000,09:30:02,$ 3698.50,1
2001,09:30:02,$ 3698.50,2
2002,09:30:02,$ 3698.50,20
2003,09:30:02,$ 3698.50,3
2004,09:30:02,$ 3698.50,3
2005,09:30:02,$ 3698.50,10
2006,09:30:02,$ 3698.50,3
2007,09:30:02,$ 3698.50,1
2008,09:30:02,$ 3698.50,1
2009,09:30:02,$ 3698.50,40
2010,09:30:02,$ 3698.50,35
2011,09:30:02,$ 3698.50,1
2012,09:30:02,$ 3698.50,1
2013,09:30:02,$ 3698.50,3
2014,09:30:02,$ 3698.50,1
2015,09:30:02,$ 3698.50,5
2017,09:30:02,$ 3698.50,5
2018,09:30:02,$ 3698.50,2
2019,09:30:02,$ 3698.50,1
2020,09:30:02,$ 3698.50,1
2021,09:30:02,$ 3698.50,6
2022,09:30:02,$ 3698.50,18
2023,09:30:02,$ 3698.50,1
2024,09:30:02,$ 3698.50,1
2025,09:30:02,$ 3698.50,2
2026,09:30:02,$ 3698.50,2
2027,09:30:02,$ 3698.50,2
2028,09:30:02,$ 3698.50,1
2029,09:30:02,$ 3698.50,1
2030,09:30:02,$ 3698.50,15
2031,09:30:02,$ 3698.50,4
2032,09:30:02,$ 3698.50,3
2033,09:30:02,$ 3698.50,2
2034,09:30:02,$ 3698.50,1
2035,09:30:02,$ 3698.50,3
2036,09:30:02,$ 3698.50,5
2038,09:30:02,$ 3698.50,1
2039,09:30:02,$ 3698.50,5
2040,09:30:02,$ 3698.50,2
2041,09:30:02,$ 3698.50,1
2042,09:30:02,$ 3698.50,4
2043,09:30:02,$ 3698.50,1
2044,09:30:02,$ 3698.50,50
2045,09:30:02,$ 3698.50,2
2046,09:30:02,$ 3698.50,1
2047,09:30:02,$ 3698.50,4
2048,09:30:02,$ 3698.50,10
2049,09:30:02,$ 3698.50,5
2050,09:30:02,$ 3698.50,20
2051,09:30:02,$ 3698.50,1
2052,09:30:02,$ 3698.50,3
2053,09:30:02,$ 3698.50,3
2054,09:30:02,$ 3698.50,2
2055,09:30:02,$ 3698.50,1
2056,09:30:02,$ 3698.50,1
2057,09:30:02,$ 3698.50,1
2059,09:30:02,$ 3698.50,2
2060,09:30:02,$ 3698.50,1
2061,09:30:02,$ 3698.50,1
2062,09:30:02,$ 3698.50,25
2063,09:30:02,$ 3698.50,6
2064,09:30:02,$ 3698.50,3
2065,09:30:02,$ 3698.50,6
2066,09:30:02,$ 3698.50,3
2067,09:30:02,$ 3698.50,3
2068,09:30:02,$ 3698.50,9
2069,09:30:02,$ 3698.50,9
2070,09:30:02,$ 3698.50,10
2071,09:30:02,$ 3698.50,20
2072,09:30:02,$ 3698.50,1
2073,09:30:02,$ 3698.50,1
2074,09:30:02,$ 3698.50,1
2075,09:30:02,$ 3698.50,2
2076,09:30:02,$ 3698.50,1
2077,09:30:02,$ 3698.50,6
2078,09:30:02,$ 3698.50,7
2080,09:30:02,$ 3698.50,3
2081,09:30:02,$ 3698.50,10
2082,09:30:02,$ 3698.50,20
2083,09:30:02,$ 3698.50,20
2084,09:30:02,$ 3698.50,15
2085,09:30:02,$ 3698.50,2
2086,09:30:02,$ 3698.50,10
2087,09:30:02,$ 3698.50,10
2088,09:30:02,$ 3698.50,10
2089,09:30:02,$ 3698.50,8
2090,09:30:02,$ 3698.50,15
2091,09:30:02,$ 3698.50,3
2092,09:30:02,$ 3698.50,12
2093,09:30:02,$ 3698.50,4
2094,09:30:02,$ 3698.50,6
2095,09:30:02,$ 3698.50,30
2096,09:30:02,$ 3698.50,20
2097,09:30:02,$ 3698.50,40
2098,09:30:02,$ 3698.50,9
2099,09:30:02,$ 3698.50,3
2101,09:30:02,$ 3698.50,1
2102,09:30:02,$ 3698.50,10
2103,09:30:02,$ 3698.50,11
2104,09:30:02,$ 3698.50,1
2105,09:30:02,$ 3698.50,1
2106,09:30:02,$ 3698.50,1
2107,09:30:02,$ 3698.50,20
2108,09:30:02,$ 3698.50,11
2109,09:30:02,$ 3698.50,175
2110,09:30:02,$ 3698.50,40
2111,09:30:02,$ 3698.50,1
2112,09:30:02,$ 3698.50,1
2113,09:30:02,$ 3698.50,1
2114,09:30:02,$ 3698.50,2
2115,09:30:02,$ 3698.50,8
2116,09:30:02,$ 3698.50,2
2117,09:30:02,$ 3698.50,3
2118,09:30:02,$ 3698.50,1
2119,09:30:02,$ 3698.50,2
2120,09:30:02,$ 3698.50,1
2122,09:30:02,$ 3698.50,1
2123,09:30:02,$ 3698.50,10
2124,09:30:02,$ 3698.50,1
2125,09:30:02,$ 3698.50,5
2126,09:30:02,$ 3698.50,1
2127,09:30:02,$ 3698.50,1
2128,09:30:02,$ 3698.50,5
2129,09:30:02,$ 3698.50,5
2130,09:30:02,$ 3698.50,1
2131,09:30:02,$ 3698.50,20
2132,09:30:02,$ 3698.50,1
2133,09:30:02,$ 3698.50,1
2134,09:30:02,$ 3698.50,2
2135,09:30:02,$ 3698.50,100
2136,09:30:02,$ 3698.50,1
2137,09:30:02,$ 3698.50,1
2138,09:30:02,$ 3698.50,7
2139,09:30:02,$ 3698.50,3
2140,09:30:02,$ 3698.50,10
2141,09:30:02,$ 3698.50,10
2143,09:30:02,$ 3698.50,3
2144,09:30:02,$ 3698.50,2
2145,09:30:02,$ 3698.50,2
2146,09:30:02,$ 3698.50,1
2147,09:30:02,$ 3698.50,3
2148,09:30:02,$ 3698.50,1
2149,09:30:02,$ 3698.50,1
2150,09:30:02,$ 3698.50,15
2151,09:30:02,$ 3698.50,14
2152,09:30:02,$ 3698.50,3
2153,09:30:02,$ 3698.50,3
2154,09:30:02,$ 3698.50,1
2155,09:30:02,$ 3698.50,1
2156,09:30:02,$ 3698.50,3
2157,09:30:02,$ 3698.50,1
2158,09:30:02,$ 3698.50,6
2159,09:30:02,$ 3698.50,9
2160,09:30:02,$ 3698.50,1
2161,09:30:02,$ 3698.50,28
2162,09:30:02,$ 3698.50,5
2164,09:30:02,$ 3698.50,4
2165,09:30:02,$ 3698.50,5
2166,09:30:02,$ 3698.50,6
2167,09:30:02,$ 3698.50,7
2168,09:30:02,$ 3698.50,2
2169,09:30:02,$ 3698.50,20
2170,09:30:02,$ 3698.50,5
2171,09:30:02,$ 3698.50,1
2172,09:30:02,$ 3698.50,33
2173,09:30:02,$ 3698.50,1
2174,09:30:02,$ 3698.50,88
2175,09:30:02,$ 3698.50,7
2176,09:30:02,$ 3698.50,23
2177,09:30:02,$ 3698.50,5
2178,09:30:02,$ 3698.50,1
2179,09:30:02,$ 3698.50,10
2180,09:30:02,$ 3698.50,5
2181,09:30:02,$ 3698.50,28
2182,09:30:02,$ 3698.50,12
2183,09:30:02,$ 3698.50,6
2185,09:30:02,$ 3698.50,2
2186,09:30:02,$ 3698.50,7
2187,09:30:02,$ 3698.50,4
2188,09:30:02,$ 3698.50,2
2189,09:30:02,$ 3698.50,4
2190,09:30:02,$ 3698.50,3
2191,09:30:02,$ 3698.50,81
2192,09:30:02,$ 3698.50,2
2193,09:30:02,$ 3698.50,5
2194,09:30:02,$ 3698.50,2
2195,09:30:02,$ 3698.50,6
2196,09:30:02,$ 3698.50,10
2197,09:30:02,$ 3698.50,1
2198,09:30:02,$ 3698.50,6
2199,09:30:02,$ 3698.50,2
2200,09:30:02,$ 3698.50,85
2201,09:30:02,$ 3698.50,1
2202,09:30:02,$ 3698.50,270
2203,09:30:02,$ 3698.50,3
2204,09:30:02,$ 3698.50,25
2206,09:30:02,$ 3698.50,20
2207,09:30:02,$ 3698.50,1
2208,09:30:02,$ 3698.50,100
2209,09:30:02,$ 3698.50,30
2210,09:30:02,$ 3698.50,25
2211,09:30:02,$ 3698.50,34
2212,09:30:02,$ 3698.50,2
2213,09:30:02,$ 3698.50,4
2214,09:30:02,$ 3698.50,1
2215,09:30:02,$ 3698.50,1
2216,09:30:02,$ 3698.50,11
2217,09:30:02,$ 3698.50,1
2218,09:30:02,$ 3698.50,7
2219,09:30:02,$ 3698.50,1
2220,09:30:02,$ 3698.50,8
2221,09:30:02,$ 3698.50,1
2222,09:30:02,$ 3698.50,2
2223,09:30:02,$ 3698.50,3
2224,09:30:02,$ 3698.50,5
2225,09:30:02,$ 3698.50,2
2227,09:30:02,$ 3698.50,5
2228,09:30:02,$ 3698.50,30
2229,09:30:02,$ 3698.50,2
2230,09:30:02,$ 3698.50,1
2231,09:30:02,$ 3698.50,17
2232,09:30:02,$ 3698.50,4
2233,09:30:02,$ 3698.50,3
2234,09:30:02,$ 3698.50,1
2235,09:30:02,$ 3698.50,1
2236,09:30:02,$ 3698.50,3
2237,09:30:02,$ 3698.50,2
2238,09:30:02,$ 3698.50,10
2239,09:30:02,$ 3698.50,16
2240,09:30:02,$ 3698.50,100
2241,09:30:02,$ 3698.50,3
2242,09:30:02,$ 3698.50,3
2243,09:30:02,$ 3698.50,6
2244,09:30:02,$ 3698.50,5
2245,09:30:02,$ 3698.50,152
2246,09:30:02,$ 3698.50,1
2248,09:30:02,$ 3698.50,1
2249,09:30:02,$ 3698.50,3
2250,09:30:02,$ 3698.50,1
2251,09:30:02,$ 3698.50,1
2252,09:30:02,$ 3698.50,1
2253,09:30:02,$ 3698.50,1
2254,09:30:02,$ 3698.50,1
2255,09:30:02,$ 3698.50,1
2256,09:30:02,$ 3698.50,1
2257,09:30:02,$ 3698.50,3
2258,09:30:02,$ 3698.50,3
2259,09:30:02,$ 3698.50,4
2260,09:30:02,$ 3698.50,2
2261,09:30:02,$ 3698.50,1
2262,09:30:02,$ 3698.50,1
2263,09:30:02,$ 3698.50,1
2264,09:30:02,$ 3698.50,1
2265,09:30:02,$ 3698.50,1
2266,09:30:02,$ 3698.50,1
2267,09:30:02,$ 3698.50,1
2269,09:30:02,$ 3698.50,5
2270,09:30:02,$ 3698.50,1
2271,09:30:02,$ 3698.50,1
2272,09:30:02,$ 3698.50,1
2273,09:30:02,$ 3698.50,3
2274,09:30:02,$ 3698.50,1
2275,09:30:02,$ 3698.50,2
2276,09:30:02,$ 3698.50,2
2277,09:30:02,$ 3698.50,1
2278,09:30:02,$ 3698.50,1
2279,09:30:02,$ 3698.50,1
2280,09:30:02,$ 3698.50,2
2281,09:30:02,$ 3698.50,3
2282,09:30:02,$ 3698.50,2
2283,09:30:02,$ 3698.50,1
2284,09:30:02,$ 3698.50,5
2285,09:30:02,$ 3698.50,6
2286,09:30:02,$ 3698.50,2
2287,09:30:02,$ 3698.50,2
2288,09:30:02,$ 3698.50,1
2290,09:30:02,$ 3698.50,1
2291,09:30:02,$ 3698.50,6
2292,09:30:02,$ 3698.50,1
2293,09:30:02,$ 3698.50,5
2294,09:30:02,$ 3698.50,21
2295,09:30:02,$ 3698.50,9
2296,09:30:02,$ 3698.50,11
2297,09:30:02,$ 3698.50,280
2298,09:30:02,$ 3698.50,4
2299,09:30:02,$ 3698.50,100
2300,09:30:02,$ 3698.50,1
2301,09:30:02,$ 3698.50,4
2302,09:30:02,$ 3698.50,1
2303,09:30:02,$ 3698.50,1
2304,09:30:02,$ 3698.50,2
2305,09:30:02,$ 3698.50,1
2306,09:30:02,$ 3698.50,4
2307,09:30:02,$ 3698.50,1
2308,09:30:02,$ 3698.50,4
2309,09:30:02,$ 3698.50,4
2311,09:30:02,$ 3698.50,1
2312,09:30:02,$ 3698.50,3
2313,09:30:02,$ 3698.50,1
2314,09:30:02,$ 3698.50,1
2315,09:30:02,$ 3698.50,3
2316,09:30:02,$ 3698.50,3
2317,09:30:02,$ 3698.50,1
2318,09:30:02,$ 3698.50,28
2319,09:30:02,$ 3698.50,1
2320,09:30:02,$ 3698.50,1
2321,09:30:02,$ 3698.50,1
2322,09:30:02,$ 3698.50,3
2323,09:30:02,$ 3698.50,7
2324,09:30:02,$ 3698.50,2
2325,09:30:02,$ 3698.50,5
2326,09:30:02,$ 3698.50,1
2327,09:30:02,$ 3698.50,1
2328,09:30:02,$ 3698.50,4
2329,09:30:02,$ 3698.50,1
2330,09:30:02,$ 3698.50,1
2332,09:30:02,$ 3698.50,11
2333,09:30:02,$ 3698.50,3
2334,09:30:02,$ 3698.50,1
2335,09:30:02,$ 3698.50,26
2336,09:30:02,$ 3698.50,2
2337,09:30:02,$ 3698.50,21
2338,09:30:02,$ 3698.50,3
2339,09:30:02,$ 3698.50,1
2340,09:30:02,$ 3698.50,5
2341,09:30:02,$ 3698.50,3
2342,09:30:02,$ 3698.50,7
2343,09:30:02,$ 3698.50,1
2344,09:30:02,$ 3698.50,4
2345,09:30:02,$ 3698.50,28
2346,09:30:02,$ 3698.50,4
2347,09:30:02,$ 3698.50,2
2348,09:30:02,$ 3698.50,1
2349,09:30:02,$ 3698.50,1
2350,09:30:02,$ 3698.50,1
2351,09:30:02,$ 3698.50,1
2353,09:30:02,$ 3698.50,1
2354,09:30:02,$ 3698.50,1
2355,09:30:02,$ 3698.50,11
2356,09:30:02,$ 3698.50,1
2357,09:30:02,$ 3698.50,17
2358,09:30:02,$ 3698.50,3
2359,09:30:02,$ 3698.50,7
2360,09:30:02,$ 3698.50,2
2361,09:30:02,$ 3698.50,2
2362,09:30:02,$ 3698.50,4
2363,09:30:02,$ 3698.50,5
2364,09:30:02,$ 3698.50,2
2365,09:30:02,$ 3698.50,7
2366,09:30:02,$ 3698.50,1
2367,09:30:02,$ 3698.50,2
2368,09:30:02,$ 3698.50,8
2369,09:30:02,$ 3698.50,6
2370,09:30:02,$ 3698.50,8
2371,09:30:02,$ 3698.50,88
2372,09:30:02,$ 3698.50,3
2374,09:30:02,$ 3698.50,189
2375,09:30:02,$ 3698.50,9
2376,09:30:02,$ 3698.50,90
2377,09:30:02,$ 3698.50,100
2378,09:30:02,$ 3698.50,200
2379,09:30:02,$ 3698.50,1
2380,09:30:02,$ 3698.50,14
2381,09:30:02,$ 3698.50,18
2382,09:30:02,$ 3698.50,166
2383,09:30:02,$ 3698.50,"2,143"
2384,09:30:02,$ 3698.50,6
2385,09:30:02,$ 3698.50,166
2386,09:30:02,$ 3698.50,2
2387,09:30:02,$ 3698.50,1
2388,09:30:02,$ 3698.50,100
2389,09:30:02,$ 3698.50,500
2390,09:30:02,$ 3698.50,53
2391,09:30:02,$ 3698.50,28
2392,09:30:02,$ 3698.50,100
2393,09:30:02,$ 3698.50,32
2395,09:30:02,$ 3698.50,5
2396,09:30:02,$ 3698.50,1
2397,09:30:02,$ 3698.50,30
2398,09:30:02,$ 3698.50,5
2399,09:30:02,$ 3698.50,5
2400,09:30:02,$ 3698.50,2
2401,09:30:02,$ 3698.50,1
2402,09:30:02,$ 3698.50,3
2403,09:30:02,$ 3698.50,2
2404,09:30:02,$ 3698.50,11
2405,09:30:02,$ 3698.50,5
2406,09:30:02,$ 3698.50,1
2407,09:30:02,$ 3698.50,214
2408,09:30:02,$ 3698.50,1
2409,09:30:02,$ 3698.50,6
2410,09:30:02,$ 3698.50,20
2411,09:30:02,$ 3698.50,19
2412,09:30:02,$ 3698.50,6
2413,09:30:02,$ 3698.50,1
2414,09:30:02,$ 3698.50,1
2416,09:30:02,$ 3698.50,1
2417,09:30:02,$ 3698.50,237
2418,09:30:02,$ 3698.50,2
2419,09:30:02,$ 3698.50,9
2420,09:30:02,$ 3698.50,30
2421,09:30:02,$ 3698.50,1
2422,09:30:02,$ 3698.50,14
2423,09:30:02,$ 3698.50,10
2424,09:30:02,$ 3698.50,1
2425,09:30:02,$ 3698.50,3
2426,09:30:02,$ 3698.50,54
2427,09:30:02,$ 3698.50,270
2428,09:30:02,$ 3698.50,2
2429,09:30:02,$ 3698.50,1
2430,09:30:02,$ 3698.50,1
2431,09:30:02,$ 3698.50,1
2432,09:30:02,$ 3698.50,50
2433,09:30:02,$ 3698.50,1
2434,09:30:02,$ 3698.50,1
2435,09:30:02,$ 3698.50,2
2437,09:30:02,$ 3698.50,2
2438,09:30:02,$ 3698.50,1
2439,09:30:02,$ 3698.50,14
2440,09:30:02,$ 3698.50,2
2441,09:30:02,$ 3698.50,10
2442,09:30:02,$ 3698.50,15
2443,09:30:02,$ 3698.50,90
2444,09:30:02,$ 3698.50,14
2445,09:30:02,$ 3698.50,4
2446,09:30:02,$ 3698.50,11
2447,09:30:02,$ 3698.50,5
2448,09:30:02,$ 3698.50,5
2449,09:30:02,$ 3698.50,3
2450,09:30:02,$ 3698.50,5
2451,09:30:02,$ 3698.50,3
2452,09:30:02,$ 3698.50,70
2453,09:30:02,$ 3698.50,50
2454,09:30:02,$ 3698.50,5
2455,09:30:02,$ 3698.50,4
2456,09:30:02,$ 3698.50,4
2458,09:30:02,$ 3698.50,1
2459,09:30:02,$ 3698.50,12
2460,09:30:02,$ 3698.50,1
2461,09:30:02,$ 3698.50,1
2462,09:30:02,$ 3698.50,4
2463,09:30:02,$ 3698.50,8
2464,09:30:02,$ 3698.50,2
2465,09:30:02,$ 3698.50,4
2466,09:30:02,$ 3698.50,6
2467,09:30:02,$ 3698.50,10
2468,09:30:02,$ 3698.50,2
2469,09:30:02,$ 3698.50,500
2470,09:30:02,$ 3698.50,13
2471,09:30:02,$ 3698.50,40
2472,09:30:02,$ 3698.50,13
2473,09:30:02,$ 3698.50,10
2474,09:30:02,$ 3698.50,1
2475,09:30:02,$ 3698.50,1
2476,09:30:02,$ 3698.50,6
2477,09:30:02,$ 3698.50,1
2479,09:30:02,$ 3698.50,11
2480,09:30:02,$ 3698.50,5
2481,09:30:02,$ 3698.50,4
2482,09:30:02,$ 3698.50,2
2483,09:30:02,$ 3698.50,2
2484,09:30:02,$ 3698.50,1
2485,09:30:02,$ 3698.50,12
2486,09:30:02,$ 3698.50,1
2487,09:30:02,$ 3698.50,1
2488,09:30:02,$ 3698.50,1
2489,09:30:02,$ 3698.50,9
2490,09:30:02,$ 3698.50,1
2491,09:30:02,$ 3698.50,1
2492,09:30:02,$ 3698.50,7
2493,09:30:02,$ 3698.50,1
2494,09:30:02,$ 3698.50,5
2495,09:30:02,$ 3698.50,5
2496,09:30:02,$ 3698.50,20
2497,09:30:02,$ 3698.50,4
2498,09:30:02,$ 3698.50,15
2500,09:30:02,$ 3698.50,15
2501,09:30:02,$ 3698.50,2
2502,09:30:02,$ 3698.50,1
2503,09:30:02,$ 3698.50,1
2504,09:30:02,$ 3698.50,1
2505,09:30:02,$ 3698.50,2
2506,09:30:02,$ 3698.50,80
2507,09:30:02,$ 3698.50,1
2508,09:30:02,$ 3698.50,1
2509,09:30:02,$ 3698.50,8
2510,09:30:02,$ 3698.50,19
2511,09:30:02,$ 3698.50,4
2512,09:30:02,$ 3698.50,24
2513,09:30:02,$ 3698.50,1
2514,09:30:02,$ 3698.50,1
2515,09:30:02,$ 3698.50,50
2516,09:30:02,$ 3698.50,50
2517,09:30:02,$ 3698.50,50
2518,09:30:02,$ 3698.50,"1,157"
2519,09:30:02,$ 3698.50,1
2521,09:30:02,$ 3698.50,7
2522,09:30:02,$ 3698.50,1
2523,09:30:02,$ 3698.50,1
2524,09:30:02,$ 3698.50,1
2525,09:30:02,$ 3698.50,2
2526,09:30:02,$ 3698.50,1
2527,09:30:02,$ 3698.50,2
2528,09:30:02,$ 3698.50,1
2529,09:30:02,$ 3698.50,1
2530,09:30:02,$ 3698.50,4
2531,09:30:02,$ 3698.50,6
2532,09:30:02,$ 3698.50,6
2533,09:30:02,$ 3698.50,1
2534,09:30:02,$ 3698.50,1
2535,09:30:02,$ 3698.50,1
2536,09:30:02,$ 3698.50,4
2537,09:30:02,$ 3698.50,95
2538,09:30:02,$ 3698.50,1
2539,09:30:02,$ 3698.50,1
2540,09:30:02,$ 3698.50,1
2542,09:30:02,$ 3698.50,100
2543,09:30:02,$ 3698.50,3
2544,09:30:02,$ 3698.50,4
2545,09:30:02,$ 3698.50,1
2546,09:30:02,$ 3698.50,10
2547,09:30:02,$ 3698.50,8
2548,09:30:02,$ 3698.50,1
2549,09:30:02,$ 3698.50,10
2550,09:30:02,$ 3698.50,10
2551,09:30:02,$ 3698.50,10
2552,09:30:02,$ 3698.50,2
2553,09:30:02,$ 3698.50,1
2554,09:30:02,$ 3698.50,2
2555,09:30:02,$ 3698.50,1
2556,09:30:02,$ 3698.50,51
2557,09:30:02,$ 3698.50,1
2558,09:30:02,$ 3698.50,8
2559,09:30:02,$ 3698.50,2
2560,09:30:02,$ 3698.50,2
2561,09:30:02,$ 3698.50,26
2563,09:30:02,$ 3698.50,2
2564,09:30:02,$ 3698.50,1
2565,09:30:02,$ 3698.50,30
2566,09:30:02,$ 3698.50,119
2567,09:30:02,$ 3698.50,2
2568,09:30:02,$ 3698.50,1
2569,09:30:02,$ 3698.50,1
2570,09:30:02,$ 3698.50,2
2571,09:30:02,$ 3698.50,1
2572,09:30:02,$ 3698.50,"1,000"
2573,09:30:02,$ 3698.50,2
2574,09:30:02,$ 3698.50,1
2575,09:30:02,$ 3698.50,40
2576,09:30:02,$ 3698.50,10
2577,09:30:02,$ 3698.50,1
2578,09:30:02,$ 3698.50,1
2579,09:30:02,$ 3698.50,1
2580,09:30:02,$ 3698.50,283
2581,09:30:02,$ 3698.50,6
2582,09:30:02,$ 3698.50,8
2584,09:30:02,$ 3698.50,35
2585,09:30:02,$ 3698.50,12
2586,09:30:02,$ 3698.50,130
2587,09:30:02,$ 3698.50,4
2588,09:30:02,$ 3698.50,2
2589,09:30:02,$ 3698.50,2
2590,09:30:02,$ 3698.50,12
2591,09:30:02,$ 3698.50,6
2592,09:30:02,$ 3698.50,1
2593,09:30:02,$ 3698.50,7
2594,09:30:02,$ 3698.50,2
2595,09:30:02,$ 3698.50,122
2596,09:30:02,$ 3698.50,1
2597,09:30:02,$ 3698.50,1
2598,09:30:02,$ 3698.50,13
2599,09:30:02,$ 3698.50,3
2600,09:30:02,$ 3698.50,10
2601,09:30:02,$ 3698.50,1
2602,09:30:02,$ 3698.50,5
2603,09:30:02,$ 3698.50,1
2605,09:30:02,$ 3698.50,1
2606,09:30:02,$ 3698.50,1
2607,09:30:02,$ 3698.50,1
2608,09:30:02,$ 3698.50,7
2609,09:30:02,$ 3698.50,1
2610,09:30:02,$ 3698.50,3
2611,09:30:02,$ 3698.50,15
2612,09:30:02,$ 3698.50,1
2613,09:30:02,$ 3698.50,1
2614,09:30:02,$ 3698.50,31
2615,09:30:02,$ 3698.50,1
2616,09:30:02,$ 3698.50,1
2617,09:30:02,$ 3698.50,1
2618,09:30:02,$ 3698.50,1
2619,09:30:02,$ 3698.50,5
2620,09:30:02,$ 3698.50,2
2621,09:30:02,$ 3698.50,1
2622,09:30:02,$ 3698.50,1
2623,09:30:02,$ 3698.50,2
2624,09:30:02,$ 3698.50,1
2626,09:30:02,$ 3698.50,1
2627,09:30:02,$ 3698.50,3
2628,09:30:02,$ 3698.50,2
2629,09:30:02,$ 3698.50,1
2630,09:30:02,$ 3698.50,1
2631,09:30:02,$ 3698.50,3
2632,09:30:02,$ 3698.50,150
2633,09:30:02,$ 3698.50,150
2634,09:30:02,$ 3698.50,1
2635,09:30:02,$ 3698.50,1
2636,09:30:02,$ 3698.50,11
2637,09:30:02,$ 3698.50,115
2638,09:30:02,$ 3698.50,1
2639,09:30:02,$ 3698.50,3
2640,09:30:02,$ 3698.50,4
2641,09:30:02,$ 3698.50,14
2642,09:30:02,$ 3698.50,3
2643,09:30:02,$ 3698.50,2
2644,09:30:02,$ 3698.50,1
2645,09:30:02,$ 3698.50,10
2647,09:30:02,$ 3698.50,3
2648,09:30:02,$ 3698.50,8
2649,09:30:02,$ 3698.50,3
2650,09:30:02,$ 3698.50,5
2651,09:30:02,$ 3698.50,9
2652,09:30:02,$ 3698.50,12
2653,09:30:02,$ 3698.50,13
2654,09:30:02,$ 3698.50,1
2655,09:30:02,$ 3698.50,3
2656,09:30:02,$ 3698.50,27
2657,09:30:02,$ 3698.50,130
2658,09:30:02,$ 3698.50,52
2659,09:30:02,$ 3698.50,4
2660,09:30:02,$ 3698.50,1
2661,09:30:02,$ 3698.50,1
2662,09:30:02,$ 3698.50,8
2663,09:30:02,$ 3698.50,3
2664,09:30:02,$ 3698.50,15
2665,09:30:02,$ 3698.50,1
2666,09:30:02,$ 3698.50,3
2668,09:30:02,$ 3698.50,1
2669,09:30:02,$ 3698.50,1
2670,09:30:02,$ 3698.50,1
2671,09:30:02,$ 3698.50,2
2672,09:30:02,$ 3698.50,1
2673,09:30:02,$ 3698.50,2
2674,09:30:02,$ 3698.50,2
2675,09:30:02,$ 3698.50,1
2676,09:30:02,$ 3698.50,8
2677,09:30:02,$ 3698.50,2
2678,09:30:02,$ 3698.50,1
2679,09:30:02,$ 3698.50,1
2680,09:30:02,$ 3698.50,19
2681,09:30:02,$ 3698.50,540
2682,09:30:02,$ 3698.50,27
2683,09:30:02,$ 3698.50,100
2684,09:30:02,$ 3698.50,1
2685,09:30:02,$ 3698.50,10
2686,09:30:02,$ 3698.50,1
2687,09:30:02,$ 3698.50,3
2689,09:30:02,$ 3698.50,1
2690,09:30:02,$ 3698.50,3
2691,09:30:02,$ 3698.50,11
2692,09:30:02,$ 3698.50,3
2693,09:30:02,$ 3698.50,3
2694,09:30:02,$ 3698.50,14
2695,09:30:02,$ 3698.50,10
2696,09:30:02,$ 3698.50,10
2697,09:30:02,$ 3698.50,3
2698,09:30:02,$ 3698.50,26
2699,09:30:02,$ 3698.50,3
2700,09:30:02,$ 3698.50,10
2701,09:30:02,$ 3698.50,10
2702,09:30:02,$ 3698.50,4
2703,09:30:02,$ 3698.50,1
2704,09:30:02,$ 3698.50,2
2705,09:30:02,$ 3698.50,10
2706,09:30:02,$ 3698.50,1
2707,09:30:02,$ 3698.50,1
2708,09:30:02,$ 3698.50,10
2710,09:30:02,$ 3698.50,10
2711,09:30:02,$ 3698.50,5
2712,09:30:02,$ 3698.50,2
2713,09:30:02,$ 3698.50,1
2714,09:30:02,$ 3698.50,200
2715,09:30:02,$ 3698.50,1
2716,09:30:02,$ 3698.50,120
2717,09:30:02,$ 3698.50,2
2718,09:30:02,$ 3698.50,4
2719,09:30:02,$ 3698.50,1
2720,09:30:02,$ 3698.50,1
2721,09:30:02,$ 3698.50,2
2722,09:30:02,$ 3698.50,1
2723,09:30:02,$ 3698.50,10
2724,09:30:02,$ 3698.50,1
2725,09:30:02,$ 3698.50,1
2726,09:30:02,$ 3698.50,4
2727,09:30:02,$ 3698.50,1
2728,09:30:02,$ 3698.50,2
2729,09:30:02,$ 3698.50,1
2731,09:30:02,$ 3698.50,1
2732,09:30:02,$ 3698.50,"1,000"
2733,09:30:02,$ 3698.50,16
2734,09:30:02,$ 3698.50,5
2735,09:30:02,$ 3698.50,1
2736,09:30:02,$ 3698.50,2
2737,09:30:02,$ 3698.50,3
2738,09:30:02,$ 3698.50,1
2739,09:30:02,$ 3698.50,3
2740,09:30:02,$ 3698.50,5
2741,09:30:02,$ 3698.50,1
2742,09:30:02,$ 3698.50,50
2743,09:30:02,$ 3698.50,3
2744,09:30:02,$ 3698.50,4
2745,09:30:02,$ 3698.50,2
2746,09:30:02,$ 3698.50,61
2747,09:30:02,$ 3698.50,1
2748,09:30:02,$ 3698.50,1
2749,09:30:02,$ 3698.50,1
2750,09:30:02,$ 3698.50,3
2752,09:30:02,$ 3698.50,3
2753,09:30:02,$ 3698.50,7
2754,09:30:02,$ 3698.50,9
2755,09:30:02,$ 3698.50,31
2756,09:30:02,$ 3698.50,135
2757,09:30:02,$ 3698.50,1
2758,09:30:02,$ 3698.50,4
2759,09:30:02,$ 3698.50,4
2760,09:30:02,$ 3698.50,1
2761,09:30:02,$ 3698.50,1
2762,09:30:02,$ 3698.50,21
2763,09:30:02,$ 3698.50,5
2764,09:30:02,$ 3698.50,10
2765,09:30:02,$ 3698.50,2
2766,09:30:02,$ 3698.50,1
2767,09:30:02,$ 3698.50,8
2768,09:30:02,$ 3698.50,1
2769,09:30:02,$ 3698.50,2
2770,09:30:02,$ 3698.50,3
2771,09:30:02,$ 3698.50,5
2773,09:30:02,$ 3698.50,1
2774,09:30:02,$ 3698.50,125
2775,09:30:02,$ 3698.50,16
2776,09:30:02,$ 3698.50,1
2777,09:30:02,$ 3698.50,72
2778,09:30:02,$ 3698.50,3
2779,09:30:02,$ 3698.50,2
2780,09:30:02,$ 3698.50,40
2781,09:30:02,$ 3698.50,1
2782,09:30:02,$ 3698.50,40
2783,09:30:02,$ 3698.50,40
2784,09:30:02,$ 3698.50,1
2785,09:30:02,$ 3698.50,10
2786,09:30:02,$ 3698.50,4
2787,09:30:02,$ 3698.50,1
2788,09:30:02,$ 3698.50,4
2789,09:30:02,$ 3698.50,1
2790,09:30:02,$ 3698.50,1
2791,09:30:02,$ 3698.50,1
2792,09:30:02,$ 3698.50,2
2794,09:30:02,$ 3698.50,3
2795,09:30:02,$ 3698.50,1
2796,09:30:02,$ 3698.50,1
2797,09:30:02,$ 3698.50,1
2798,09:30:02,$ 3698.50,1
2799,09:30:02,$ 3698.50,27
2800,09:30:02,$ 3698.50,3
2801,09:30:02,$ 3698.50,1
2802,09:30:02,$ 3698.50,1
2803,09:30:02,$ 3698.50,28
2804,09:30:02,$ 3698.50,15
2805,09:30:02,$ 3698.50,59
2806,09:30:02,$ 3698.50,1
2807,09:30:02,$ 3698.50,16
2808,09:30:02,$ 3698.50,5
2809,09:30:02,$ 3698.50,14
2810,09:30:02,$ 3698.50,30
2811,09:30:02,$ 3698.50,4
2812,09:30:02,$ 3698.50,4
2813,09:30:02,$ 3698.50,1
2815,09:30:02,$ 3698.50,40
2816,09:30:02,$ 3698.50,2
2817,09:30:02,$ 3698.50,40
2818,09:30:02,$ 3698.50,40
2819,09:30:02,$ 3698.50,2
2820,09:30:02,$ 3698.50,22
2821,09:30:02,$ 3698.50,41
2822,09:30:02,$ 3698.50,40
2823,09:30:02,$ 3698.50,51
2824,09:30:02,$ 3698.50,1
2825,09:30:02,$ 3698.50,1
2826,09:30:02,$ 3698.50,8
2827,09:30:02,$ 3698.50,20
2828,09:30:02,$ 3698.50,10
2829,09:30:02,$ 3698.50,3
2830,09:30:02,$ 3698.50,1
2831,09:30:02,$ 3698.50,1
2832,09:30:02,$ 3698.50,3
2833,09:30:02,$ 3698.50,1
2834,09:30:02,$ 3698.50,1
2836,09:30:02,$ 3698.50,1
2837,09:30:02,$ 3698.50,1
2838,09:30:02,$ 3698.50,1
2839,09:30:02,$ 3698.50,1
2840,09:30:02,$ 3698.50,1
2841,09:30:02,$ 3698.50,1
2842,09:30:02,$ 3698.50,1
2843,09:30:02,$ 3698.50,1
2844,09:30:02,$ 3698.50,1
2845,09:30:02,$ 3698.50,1
2846,09:30:02,$ 3698.50,1
2847,09:30:02,$ 3698.50,2
2848,09:30:02,$ 3698.50,1
2849,09:30:02,$ 3698.50,1
2850,09:30:02,$ 3698.50,50
2851,09:30:02,$ 3698.50,1
2852,09:30:02,$ 3698.50,1
2853,09:30:02,$ 3698.50,1
2854,09:30:02,$ 3698.50,1
2855,09:30:02,$ 3698.50,1
2857,09:30:02,$ 3698.50,1
2858,09:30:02,$ 3698.50,1
2859,09:30:02,$ 3698.50,1
2860,09:30:02,$ 3698.50,3
2861,09:30:02,$ 3698.50,1
2862,09:30:02,$ 3698.50,1
2863,09:30:02,$ 3698.50,6
2864,09:30:02,$ 3698.50,2
2865,09:30:02,$ 3698.50,1
2866,09:30:02,$ 3698.50,1
2867,09:30:02,$ 3698.50,1
2868,09:30:02,$ 3698.50,6
2869,09:30:02,$ 3698.50,4
2870,09:30:02,$ 3698.50,3
2871,09:30:02,$ 3698.50,3
2872,09:30:02,$ 3698.50,6
2873,09:30:02,$ 3698.50,9
2874,09:30:02,$ 3698.50,12
2875,09:30:02,$ 3698.50,2
2876,09:30:02,$ 3698.50,9
2878,09:30:02,$ 3698.50,2
2879,09:30:02,$ 3698.50,5
2880,09:30:02,$ 3698.50,5
2881,09:30:02,$ 3698.50,1
2882,09:30:02,$ 3698.50,1
2883,09:30:02,$ 3698.50,1
2884,09:30:02,$ 3698.50,3
2885,09:30:02,$ 3698.50,40
2886,09:30:02,$ 3698.50,1
2887,09:30:02,$ 3698.50,1
2888,09:30:02,$ 3698.50,10
2889,09:30:02,$ 3698.50,1
2890,09:30:02,$ 3698.50,161
2891,09:30:02,$ 3698.50,10
2892,09:30:02,$ 3698.50,1
2893,09:30:02,$ 3698.50,21
2894,09:30:02,$ 3698.50,130
2895,09:30:02,$ 3698.50,24
2896,09:30:02,$ 3698.50,10
2897,09:30:02,$ 3698.50,5
2899,09:30:02,$ 3698.50,1
2900,09:30:02,$ 3698.50,5
2901,09:30:02,$ 3698.50,10
2902,09:30:02,$ 3698.50,1
2903,09:30:02,$ 3698.50,1
2904,09:30:02,$ 3698.50,1
2905,09:30:02,$ 3698.50,2
2906,09:30:02,$ 3698.50,3
2907,09:30:02,$ 3698.50,1
2908,09:30:02,$ 3698.50,10
2909,09:30:02,$ 3698.50,28
2910,09:30:02,$ 3698.50,1
2911,09:30:02,$ 3698.50,1
2912,09:30:02,$ 3698.50,1
2913,09:30:02,$ 3698.50,1
2914,09:30:02,$ 3698.50,8
2915,09:30:02,$ 3698.50,1
2916,09:30:02,$ 3698.50,10
2917,09:30:02,$ 3698.50,1
2918,09:30:02,$ 3698.50,5
2920,09:30:02,$ 3698.50,1
2921,09:30:02,$ 3698.50,1
2922,09:30:02,$ 3698.50,1
2923,09:30:02,$ 3698.50,35
2924,09:30:02,$ 3698.50,250
2925,09:30:02,$ 3698.50,4
2926,09:30:02,$ 3698.50,10
2927,09:30:02,$ 3698.50,6
2928,09:30:02,$ 3698.50,3
2929,09:30:02,$ 3698.50,15
2930,09:30:02,$ 3698.50,150
2931,09:30:02,$ 3698.50,15
2932,09:30:02,$ 3698.50,62
2933,09:30:02,$ 3698.50,5
2934,09:30:02,$ 3698.50,4
2935,09:30:02,$ 3698.50,12
2936,09:30:02,$ 3698.50,5
2937,09:30:02,$ 3698.50,1
2938,09:30:02,$ 3698.50,5
2939,09:30:02,$ 3698.50,10
2941,09:30:02,$ 3698.50,25
2942,09:30:02,$ 3698.50,3
2943,09:30:02,$ 3698.50,1
2944,09:30:02,$ 3698.50,10
2945,09:30:02,$ 3698.50,9
2946,09:30:02,$ 3698.50,30
2947,09:30:02,$ 3698.50,6
2948,09:30:02,$ 3698.50,3
2949,09:30:02,$ 3698.50,10
2950,09:30:02,$ 3698.50,5
2951,09:30:02,$ 3696.00,116
2952,09:30:02,$ 3697.00,150
2953,09:30:02,$ 3697.00,100
2954,09:30:01,$ 3698.50,43
2956,10:29:56,$ 3644.50,100
2957,10:29:53,$ 3644.20,100
2958,10:29:53,$ 3644.58,100
2959,10:29:51,$ 3645.225,100
2960,10:29:49,$ 3645.17,100
2961,10:29:36,$ 3646.83,100
2962,10:29:32,$ 3646.25,100
2963,10:29:29,$ 3646.02,100
2964,10:29:28,$ 3645.9307,100
2965,10:29:24,$ 3644.68,100
2966,10:29:24,$ 3645.57,100
2967,10:29:13,$ 3644.5286,100
2968,10:29:10,$ 3646.5199,100
2969,10:29:01,$ 3643.8927,150
2970,10:29:00,$ 3646.08,100
2971,10:28:57,$ 3646.15,108
2972,10:28:57,$ 3646.15,284
2973,10:28:56,$ 3646.6278,150
2974,10:28:56,$ 3646.3785,274
2975,10:28:56,$ 3646.03,100
2977,10:28:55,$ 3646.67,100
2978,10:28:55,$ 3647.47,200
2979,10:28:55,$ 3647.47,155
2980,10:28:54,$ 3646.2164,199
2981,10:28:49,$ 3646.03,136
2982,10:28:47,$ 3646.50,100
2983,10:28:47,$ 3646.50,100
2984,10:28:45,$ 3645.62,100
2985,10:28:45,$ 3645.62,100
2986,10:28:45,$ 3645.62,100
2987,10:28:45,$ 3645.62,100
2988,10:28:41,$ 3645.245,100
2989,10:28:39,$ 3646.38,100
2990,10:28:38,$ 3645.62,100
2991,10:28:36,$ 3645.22,100
2992,10:28:35,$ 3644.72,138
2993,10:28:35,$ 3645.59,100
2994,10:28:32,$ 3644.29,100
2995,10:28:23,$ 3644.20,100
2996,10:28:19,$ 3643.01,129
2998,10:28:19,$ 3643.01,100
2999,10:28:19,$ 3643.01,129
3000,10:28:19,$ 3643.01,100
3001,10:28:19,$ 3643.01,100
3002,10:28:19,$ 3643.01,129
3003,10:28:19,$ 3643.01,129
3004,10:28:16,$ 3642.35,100
3005,10:28:16,$ 3644.475,100
3006,10:28:16,$ 3644.60,100
3007,10:28:14,$ 3644.37,500
3008,10:28:14,$ 3644.37,100
3009,10:28:13,$ 3644.65,100
3010,10:28:02,$ 3644.58,100
3011,10:28:02,$ 3644.56,100
3012,10:28:00,$ 3644.00,100
3013,10:27:58,$ 3643.65,100
3014,10:27:58,$ 3643.67,100
3015,10:27:53,$ 3641.92,367
3016,10:27:47,$ 3642.935,100
3017,10:27:45,$ 3642.955,100
3019,10:27:45,$ 3642.3032,100
3020,10:27:43,$ 3643.01,100
3021,10:27:39,$ 3643.22,100
3022,10:27:32,$ 3643.01,100
3023,10:27:28,$ 3642.9662,256
3024,10:27:28,$ 3643.01,183
3025,10:27:15,$ 3642.645,100
3026,10:27:13,$ 3641.0039,275
3027,10:27:12,$ 3642.055,500
3028,10:27:09,$ 3640.78,100
3029,10:26:58,$ 3641.63,100
3030,10:26:53,$ 3640.86,100
3031,10:26:53,$ 3640.87,100
3032,10:26:53,$ 3640.65,100
3033,10:26:52,$ 3639.00,100
3034,10:26:49,$ 3639.95,100
3035,10:26:48,$ 3640.00,100
3036,10:26:48,$ 3640.00,100
3037,10:26:48,$ 3640.13,100
3038,10:26:48,$ 3640.14,100
3040,10:26:48,$ 3640.14,100
3041,10:26:48,$ 3640.14,285
3042,10:26:46,$ 3641.4639,175
3043,10:26:44,$ 3640.905,137
3044,10:26:25,$ 3641.55,100
3045,10:26:21,$ 3640.26,100
3046,10:26:18,$ 3639.435,100
3047,10:26:18,$ 3640.345,100
3048,10:26:18,$ 3640.07,100
3049,10:26:18,$ 3640.15,121
3050,10:26:18,$ 3640.15,121
3051,10:26:18,$ 3640.15,121
3052,10:26:18,$ 3640.15,185
3053,10:26:18,$ 3640.15,116
3054,10:26:18,$ 3640.15,121
3055,10:26:13,$ 3640.07,100
3056,10:26:13,$ 3640.00,100
3057,10:26:10,$ 3638.10,100
3058,10:25:57,$ 3637.00,160
3059,10:25:57,$ 3636.465,200
3061,10:25:53,$ 3636.465,200
3062,10:25:53,$ 3635.9324,381
3063,10:25:53,$ 3635.9324,108
3064,10:25:53,$ 3635.9324,111
3065,10:25:53,$ 3636.465,188
3066,10:25:53,$ 3636.465,200
3067,10:25:53,$ 3636.465,200
3068,10:25:53,$ 3636.465,200
3069,10:25:53,$ 3636.465,100
3070,10:25:53,$ 3636.465,200
3071,10:25:53,$ 3636.465,100
3072,10:25:46,$ 3636.62,200
3073,10:25:46,$ 3636.02,117
3074,10:25:46,$ 3636.02,117
3075,10:25:46,$ 3636.76,200
3076,10:25:46,$ 3636.09,100
3077,10:25:46,$ 3636.76,100
3078,10:25:46,$ 3636.21,100
3079,10:25:46,$ 3636.15,100
3080,10:25:46,$ 3636.76,100
3082,10:25:41,$ 3636.90,100
3083,10:25:26,$ 3636.745,100
3084,10:25:21,$ 3636.74,100
3085,10:25:18,$ 3636.755,100
3086,10:25:18,$ 3636.755,100
3087,10:25:13,$ 3636.755,300
3088,10:25:13,$ 3636.755,200
3089,10:25:13,$ 3636.755,200
3090,10:25:13,$ 3636.755,200
3091,10:25:13,$ 3636.755,200
3092,10:25:13,$ 3636.755,200
3093,10:25:13,$ 3636.755,200
3094,10:25:13,$ 3636.755,200
3095,10:25:13,$ 3636.755,200
3096,10:25:13,$ 3636.755,200
3097,10:25:12,$ 3635.72,500
3098,10:24:58,$ 3634.50,273
3099,10:24:53,$ 3634.745,200
3100,10:24:52,$ 3634.99,170
3101,10:24:48,$ 3635.89,100
3103,10:24:47,$ 3635.79,100
3104,10:24:47,$ 3638.06,136
3105,10:24:47,$ 3638.06,140
3106,10:24:47,$ 3638.06,125
3107,10:24:47,$ 3638.06,100
3108,10:24:47,$ 3638.06,100
3109,10:24:47,$ 3638.06,136
3110,10:24:47,$ 3638.06,136
3111,10:24:43,$ 3638.34,100
3112,10:24:40,$ 3638.02,100
3113,10:24:38,$ 3637.48,100
3114,10:24:37,$ 3637.42,100
3115,10:24:34,$ 3637.72,220
3116,10:24:33,$ 3637.1589,274
3117,10:24:33,$ 3637.72,126
3118,10:24:33,$ 3637.72,100
3119,10:24:32,$ 3636.5019,110
3120,10:24:31,$ 3636.02,100
3121,10:24:28,$ 3637.88,100
3122,10:24:27,$ 3637.80,100
3124,10:24:27,$ 3636.93,100
3125,10:24:27,$ 3636.82,100
3126,10:24:25,$ 3635.99,200
3127,10:24:24,$ 3635.466,107
3128,10:24:24,$ 3635.466,100
3129,10:24:24,$ 3635.466,100
3130,10:24:24,$ 3635.89,100
3131,10:24:24,$ 3635.5562,100
3132,10:24:24,$ 3636.24,100
3133,10:24:24,$ 3636.26,100
3134,10:24:24,$ 3635.97,100
3135,10:24:24,$ 3636.07,100
3136,10:24:24,$ 3635.0544,200
3137,10:24:20,$ 3634.38,100
3138,10:24:20,$ 3634.29,100
3139,10:24:20,$ 3634.29,100
3140,10:24:20,$ 3634.67,100
3141,10:24:20,$ 3634.79,100
3142,10:24:20,$ 3634.815,200
3143,10:24:20,$ 3635.29,100
3145,10:24:20,$ 3635.34,100
3146,10:24:20,$ 3635.13,100
3147,10:24:20,$ 3634.39,100
3148,10:24:20,$ 3634.39,121
3149,10:24:20,$ 3634.39,100
3150,10:24:20,$ 3634.39,102
3151,10:24:20,$ 3634.39,121
3152,10:24:20,$ 3634.815,257
3153,10:24:12,$ 3635.00,100
3154,10:24:12,$ 3634.51,100
3155,10:24:12,$ 3634.82,100
3156,10:24:11,$ 3635.20,100
3157,10:24:09,$ 3634.47,100
3158,10:24:09,$ 3634.47,100
3159,10:24:09,$ 3634.47,100
3160,10:24:04,$ 3634.11,100
3161,10:24:01,$ 3636.20,100
3162,10:23:57,$ 3636.87,100
3163,10:23:57,$ 3636.87,100
3164,10:23:56,$ 3635.15,100
3166,10:23:56,$ 3636.00,100
3167,10:23:56,$ 3636.00,100
3168,10:23:56,$ 3636.00,100
3169,10:23:56,$ 3636.00,102
3170,10:23:52,$ 3636.6032,100
3171,10:23:51,$ 3637.9599,100
3172,10:23:50,$ 3636.7881,100
3173,10:23:48,$ 3636.00,100
3174,10:23:45,$ 3637.03,100
3175,10:23:34,$ 3636.00,100
3176,10:23:22,$ 3637.36,100
3177,10:23:12,$ 3636.87,100
3178,10:23:11,$ 3636.78,100
3179,10:23:06,$ 3638.41,100
3180,10:23:05,$ 3639.326,274
3181,10:22:59,$ 3638.16,200
3182,10:22:56,$ 3639.15,100
3183,10:22:56,$ 3639.13,100
3184,10:22:56,$ 3639.91,100
3185,10:22:45,$ 3637.965,100
3187,10:22:45,$ 3637.202,100
3188,10:22:39,$ 3639.00,100
3189,10:22:39,$ 3638.93,100
3190,10:22:39,$ 3641.17,100
3191,10:22:39,$ 3640.86,100
3192,10:22:39,$ 3640.86,122
3193,10:22:39,$ 3641.64,100
3194,10:22:39,$ 3641.50,100
3195,10:22:39,$ 3641.57,100
3196,10:22:39,$ 3641.475,100
3197,10:22:39,$ 3641.585,100
3198,10:22:38,$ 3642.47,100
3199,10:22:38,$ 3642.49,100
3200,10:22:38,$ 3642.60,100
3201,10:22:38,$ 3642.53,100
3202,10:22:31,$ 3640.42,100
3203,10:22:19,$ 3639.585,110
3204,10:22:15,$ 3636.47,100
3205,10:22:14,$ 3636.04,100
3206,10:22:14,$ 3636.04,100
3208,10:22:11,$ 3636.40,100
3209,10:22:06,$ 3636.675,100
3210,10:22:06,$ 3636.675,100
3211,10:22:06,$ 3637.20,100
3212,10:22:06,$ 3637.22,100
3213,10:22:06,$ 3637.34,100
3214,10:22:00,$ 3636.99,100
3215,10:22:00,$ 3638.83,100
3216,10:22:00,$ 3638.34,100
3217,10:22:00,$ 3638.3407,100
3218,10:22:00,$ 3638.345,100
3219,10:22:00,$ 3638.53,100
3220,10:22:00,$ 3638.3435,200
3221,10:22:00,$ 3638.75,100
3222,10:22:00,$ 3639.61,100
3223,10:22:00,$ 3638.75,200
3224,10:22:00,$ 3639.24,100
3225,10:22:00,$ 3638.83,100
3226,10:22:00,$ 3639.20,200
3227,10:22:00,$ 3639.51,100
3229,10:21:58,$ 3639.895,100
3230,10:21:53,$ 3638.7301,100
3231,10:21:53,$ 3639.91,100
3232,10:21:53,$ 3639.95,100
3233,10:21:53,$ 3639.97,100
3234,10:21:53,$ 3638.86,200
3235,10:21:49,$ 3638.37,100
3236,10:21:49,$ 3638.78,100
3237,10:21:49,$ 3638.78,200
3238,10:21:47,$ 3638.30,400
3239,10:21:47,$ 3637.67,100
3240,10:21:46,$ 3638.18,100
3241,10:21:45,$ 3637.45,100
3242,10:21:38,$ 3636.62,100
3243,10:21:31,$ 3637.27,100
3244,10:21:24,$ 3636.77,100
3245,10:21:24,$ 3636.77,100
3246,10:21:24,$ 3636.67,100
3247,10:21:23,$ 3636.95,100
3248,10:21:23,$ 3636.94,100
3250,10:21:18,$ 3636.71,100
3251,10:21:16,$ 3635.21,100
3252,10:21:16,$ 3635.22,100
3253,10:21:16,$ 3635.23,100
3254,10:21:10,$ 3635.04,100
3255,10:21:07,$ 3634.695,150
3256,10:21:01,$ 3632.47,100
3257,10:20:55,$ 3631.575,200
3258,10:20:55,$ 3633.00,139
3259,10:20:54,$ 3633.39,100
3260,10:20:54,$ 3633.40,100
3261,10:20:42,$ 3633.90,100
3262,10:20:42,$ 3634.07,100
3263,10:20:42,$ 3633.00,100
3264,10:20:42,$ 3633.00,100
3265,10:20:42,$ 3635.13,100
3266,10:20:41,$ 3634.5085,100
3267,10:20:40,$ 3634.50,100
3268,10:20:33,$ 3636.20,200
3269,10:20:30,$ 3635.84,100
3271,10:20:25,$ 3635.75,200
3272,10:20:15,$ 3635.81,100
3273,10:20:14,$ 3635.565,100
3274,10:20:13,$ 3635.025,100
3275,10:20:07,$ 3635.01,100
3276,10:20:04,$ 3635.58,100
3277,10:20:04,$ 3636.01,119
3278,10:20:04,$ 3636.01,145
3279,10:20:04,$ 3635.16,100
3280,10:20:00,$ 3637.00,100
3281,10:20:00,$ 3636.60,100
3282,10:19:59,$ 3635.875,100
3283,10:19:59,$ 3634.75,100
3284,10:19:59,$ 3635.78,100
3285,10:19:59,$ 3636.18,100
3286,10:19:57,$ 3635.77,100
3287,10:19:48,$ 3636.535,100
3288,10:19:48,$ 3636.51,100
3289,10:19:48,$ 3636.21,100
3290,10:19:42,$ 3634.00,100
3292,10:19:40,$ 3635.33,151
3293,10:19:40,$ 3636.15,100
3294,10:19:39,$ 3636.15,100
3295,10:19:37,$ 3636.905,100
3296,10:19:36,$ 3636.3337,100
3297,10:19:36,$ 3637.80,100
3298,10:19:33,$ 3635.74,200
3299,10:19:32,$ 3638.2624,107
3300,10:19:32,$ 3638.2624,143
3301,10:19:32,$ 3636.95,100
3302,10:19:32,$ 3635.289,100
3303,10:19:32,$ 3634.155,100
3304,10:19:32,$ 3634.155,100
3305,10:19:32,$ 3634.80,400
3306,10:19:29,$ 3634.155,100
3307,10:19:28,$ 3634.08,100
3308,10:19:28,$ 3634.17,100
3309,10:19:28,$ 3633.76,100
3310,10:19:24,$ 3634.1617,150
3311,10:19:23,$ 3633.76,100
3313,10:19:21,$ 3633.95,100
3314,10:19:16,$ 3635.43,100
3315,10:19:16,$ 3634.98,100
3316,10:19:14,$ 3634.22,400
3317,10:19:14,$ 3634.22,100
3318,10:19:14,$ 3632.79,100
3319,10:19:14,$ 3634.98,200
3320,10:19:13,$ 3635.43,100
3321,10:19:13,$ 3636.7715,324
3322,10:19:13,$ 3635.43,100
3323,10:19:13,$ 3635.42,100
3324,10:19:13,$ 3634.669,100
3325,10:19:13,$ 3634.18,100
3326,10:19:13,$ 3634.31,100
3327,10:19:13,$ 3634.07,100
3328,10:19:13,$ 3634.22,100
3329,10:19:13,$ 3632.415,109
3330,10:19:13,$ 3633.15,100
3331,10:19:13,$ 3633.46,100
3332,10:19:13,$ 3633.765,100
3334,10:19:10,$ 3633.00,100
3335,10:19:10,$ 3634.47,100
3336,10:19:08,$ 3631.14,100
3337,10:19:08,$ 3633.755,100
3338,10:19:07,$ 3632.59,100
3339,10:19:05,$ 3632.89,100
3340,10:19:03,$ 3630.63,200
3341,10:19:03,$ 3632.32,109
3342,10:19:02,$ 3631.475,500
3343,10:19:00,$ 3632.31,100
3344,10:18:59,$ 3631.16,100
3345,10:18:59,$ 3631.86,100
3346,10:18:59,$ 3631.91,173
3347,10:18:58,$ 3631.235,200
3348,10:18:56,$ 3632.32,100
3349,10:18:53,$ 3631.545,100
3350,10:18:52,$ 3631.29,100
3351,10:18:45,$ 3630.7511,200
3352,10:18:37,$ 3631.275,500
3353,10:18:36,$ 3631.01,169
3355,10:18:29,$ 3631.46,100
3356,10:18:29,$ 3631.725,100
3357,10:18:22,$ 3633.34,100
3358,10:18:22,$ 3633.34,100
3359,10:18:21,$ 3634.00,100
3360,10:18:16,$ 3633.26,200
3361,10:18:13,$ 3633.3384,300
3362,10:18:11,$ 3632.21,100
3363,10:18:11,$ 3632.40,100
3364,10:18:11,$ 3632.53,200
3365,10:18:11,$ 3632.03,100
3366,10:18:07,$ 3633.555,200
3367,10:18:06,$ 3632.0001,150
3368,10:18:03,$ 3634.6823,100
3369,10:18:03,$ 3635.65,100
3370,10:18:00,$ 3634.47,100
3371,10:18:00,$ 3634.11,100
3372,10:17:59,$ 3633.95,400
3373,10:17:55,$ 3633.425,100
3374,10:17:52,$ 3632.215,150
3376,10:17:51,$ 3631.12,226
3377,10:17:50,$ 3631.31,100
3378,10:17:32,$ 3632.1683,201
3379,10:17:32,$ 3633.6267,100
3380,10:17:29,$ 3633.83,100
3381,10:17:28,$ 3632.6019,100
3382,10:17:28,$ 3632.23,100
3383,10:17:28,$ 3632.09,147
3384,10:17:28,$ 3632.09,100
3385,10:17:26,$ 3632.9702,271
3386,10:17:26,$ 3631.438,900
3387,10:17:25,$ 3632.07,100
3388,10:17:25,$ 3633.86,200
3389,10:17:24,$ 3632.79,100
3390,10:17:22,$ 3633.17,100
3391,10:17:09,$ 3630.43,100
3392,10:17:06,$ 3630.195,100
3393,10:17:03,$ 3629.842,209
3394,10:17:03,$ 3629.842,291
3395,10:17:01,$ 3630.83,100
3397,10:17:01,$ 3630.955,100
3398,10:16:59,$ 3628.545,100
3399,10:16:57,$ 3628.842,500
3400,10:16:57,$ 3629.11,100
3401,10:16:57,$ 3629.20,100
3402,10:16:56,$ 3627.99,100
3403,10:16:54,$ 3626.55,100
3404,10:16:54,$ 3627.00,100
3405,10:16:46,$ 3627.075,100
3406,10:16:46,$ 3626.52,100
3407,10:16:45,$ 3626.18,100
3408,10:16:45,$ 3627.99,100
3409,10:16:45,$ 3627.05,100
3410,10:16:44,$ 3627.079,109
3411,10:16:44,$ 3627.00,100
3412,10:16:43,$ 3626.9138,100
3413,10:16:43,$ 3628.1499,100
3414,10:16:41,$ 3626.97,100
3415,10:16:41,$ 3627.00,100
3416,10:16:37,$ 3628.145,100
3418,10:16:34,$ 3627.95,150
3419,10:16:33,$ 3626.10,100
3420,10:16:32,$ 3626.03,100
3421,10:16:32,$ 3626.115,100
3422,10:16:32,$ 3626.115,100
3423,10:16:31,$ 3627.895,100
3424,10:16:31,$ 3627.1992,130
3425,10:16:26,$ 3629.376,250
3426,10:16:25,$ 3628.4064,100
3427,10:16:23,$ 3628.83,100
3428,10:16:23,$ 3628.83,772
3429,10:16:18,$ 3628.925,100
3430,10:16:17,$ 3629.815,"1,300"
3431,10:16:12,$ 3628.6919,100
3432,10:16:12,$ 3628.81,129
3433,10:16:12,$ 3629.235,100
3434,10:16:12,$ 3630.00,100
3435,10:16:12,$ 3630.00,130
3436,10:16:11,$ 3631.00,179
3437,10:16:11,$ 3631.00,100
3439,10:16:11,$ 3631.00,100
3440,10:16:11,$ 3631.26,100
3441,10:16:08,$ 3632.00,100
3442,10:16:07,$ 3633.39,100
3443,10:16:03,$ 3631.265,100
3444,10:16:01,$ 3631.90,100
3445,10:15:59,$ 3631.38,100
3446,10:15:55,$ 3631.01,100
3447,10:15:54,$ 3631.36,100
3448,10:15:48,$ 3632.99,100
3449,10:15:48,$ 3634.01,100
3450,10:15:48,$ 3633.92,100
3451,10:15:48,$ 3632.84,100
3452,10:15:48,$ 3633.80,100
3453,10:15:48,$ 3633.30,100
3454,10:15:46,$ 3632.58,114
3455,10:15:43,$ 3632.10,100
3456,10:15:41,$ 3631.25,100
3457,10:15:32,$ 3633.3607,100
3458,10:15:31,$ 3631.705,100
3460,10:15:31,$ 3631.61,100
3461,10:15:30,$ 3632.67,100
3462,10:15:30,$ 3632.6767,150
3463,10:15:28,$ 3633.51,200
3464,10:15:28,$ 3633.42,100
3465,10:15:28,$ 3632.90,100
3466,10:15:26,$ 3632.515,114
3467,10:15:22,$ 3632.29,100
3468,10:15:21,$ 3632.66,200
3469,10:15:21,$ 3631.90,100
3470,10:15:18,$ 3632.00,100
3471,10:15:14,$ 3631.0001,100
3472,10:15:12,$ 3632.515,100
3473,10:15:11,$ 3631.4722,100
3474,10:15:09,$ 3632.375,283
3475,10:15:07,$ 3631.32,100
3476,10:15:07,$ 3631.31,100
3477,10:15:07,$ 3632.80,100
3478,10:15:04,$ 3635.0399,300
3479,10:15:03,$ 3635.04,300
3481,10:15:01,$ 3631.98,100
3482,10:15:01,$ 3631.71,100
3483,10:15:00,$ 3635.13,733
3484,10:15:00,$ 3634.185,200
3485,10:15:00,$ 3634.185,300
3486,10:14:59,$ 3633.69,100
3487,10:14:59,$ 3632.89,100
3488,10:14:59,$ 3633.55,100
3489,10:14:59,$ 3633.225,300
3490,10:14:58,$ 3633.225,200
3491,10:14:55,$ 3633.05,200
3492,10:14:55,$ 3631.03,100
3493,10:14:55,$ 3631.03,100
3494,10:14:55,$ 3633.60,100
3495,10:14:55,$ 3633.60,100
3496,10:14:51,$ 3633.83,100
3497,10:14:51,$ 3633.76,100
3498,10:14:51,$ 3633.92,100
3499,10:14:51,$ 3633.78,100
3500,10:14:50,$ 3635.04,100
3502,10:14:50,$ 3633.9873,300
3503,10:14:47,$ 3634.40,100
3504,10:14:45,$ 3635.03,110
3505,10:14:44,$ 3635.96,206
3506,10:14:41,$ 3635.685,100
3507,10:14:41,$ 3635.97,150
3508,10:14:40,$ 3635.97,500
3509,10:14:39,$ 3637.3999,422
3510,10:14:39,$ 3637.3899,200
3511,10:14:32,$ 3636.05,150
3512,10:14:32,$ 3636.001,100
3513,10:14:31,$ 3636.18,100
3514,10:14:23,$ 3637.05,100
3515,10:14:19,$ 3638.015,500
3516,10:14:19,$ 3637.77,100
3517,10:14:19,$ 3637.77,100
3518,10:14:19,$ 3637.77,100
3519,10:14:19,$ 3637.77,100
3520,10:14:19,$ 3638.38,100
3521,10:14:19,$ 3638.51,100
3523,10:14:10,$ 3637.00,100
3524,10:14:09,$ 3637.42,400
3525,10:14:07,$ 3637.97,238
3526,10:14:06,$ 3638.02,100
3527,10:13:54,$ 3638.645,100
3528,10:13:49,$ 3638.665,137
3529,10:13:48,$ 3637.9947,100
3530,10:13:48,$ 3637.72,100
3531,10:13:48,$ 3638.3296,500
3532,10:13:48,$ 3638.1938,200
3533,10:13:48,$ 3639.00,100
3534,10:13:48,$ 3639.03,100
3535,10:13:46,$ 3640.30,100
3536,10:13:44,$ 3641.055,100
3537,10:13:43,$ 3642.00,100
3538,10:13:43,$ 3642.00,100
3539,10:13:43,$ 3641.99,100
3540,10:13:43,$ 3642.00,100
3541,10:13:43,$ 3642.00,100
3542,10:13:43,$ 3642.42,100
3544,10:13:42,$ 3641.45,100
3545,10:13:42,$ 3642.00,100
3546,10:13:42,$ 3642.00,100
3547,10:13:42,$ 3642.00,100
3548,10:13:42,$ 3642.00,100
3549,10:13:42,$ 3642.00,100
3550,10:13:42,$ 3642.00,100
3551,10:13:42,$ 3642.42,100
3552,10:13:42,$ 3642.00,100
3553,10:13:42,$ 3642.44,100
3554,10:13:42,$ 3642.42,100
3555,10:13:42,$ 3642.42,100
3556,10:13:42,$ 3642.42,100
3557,10:13:40,$ 3643.205,500
3558,10:13:39,$ 3643.30,476
3559,10:13:31,$ 3642.56,100
3560,10:13:31,$ 3642.5893,500
3561,10:13:30,$ 3642.50,200
3562,10:13:29,$ 3643.35,100
3563,10:13:26,$ 3643.71,100
3565,10:13:26,$ 3643.72,100
3566,10:13:16,$ 3644.1385,140
3567,10:13:15,$ 3643.65,100
3568,10:13:14,$ 3643.60,100
3569,10:13:11,$ 3643.205,113
3570,10:13:11,$ 3642.00,114
3571,10:13:07,$ 3642.205,100
3572,10:13:07,$ 3642.95,100
3573,10:13:07,$ 3643.775,100
3574,10:13:04,$ 3645.49,100
3575,10:13:02,$ 3644.5351,500
3576,10:12:57,$ 3642.47,100
3577,10:12:57,$ 3642.0011,153
3578,10:12:57,$ 3642.40,100
3579,10:12:54,$ 3642.61,100
3580,10:12:54,$ 3642.62,100
3581,10:12:54,$ 3642.74,100
3582,10:12:54,$ 3642.72,100
3583,10:12:52,$ 3642.9121,113
3584,10:12:51,$ 3643.45,362
3586,10:12:46,$ 3643.475,500
3587,10:12:46,$ 3644.00,100
3588,10:12:46,$ 3643.475,100
3589,10:12:43,$ 3643.355,100
3590,10:12:42,$ 3644.36,"1,300"
3591,10:12:41,$ 3644.36,100
3592,10:12:40,$ 3644.59,100
3593,10:12:36,$ 3645.10,100
3594,10:12:34,$ 3645.1837,500
3595,10:12:34,$ 3646.1399,100
3596,10:12:33,$ 3645.18,100
3597,10:12:33,$ 3645.11,100
3598,10:12:29,$ 3646.71,100
3599,10:12:22,$ 3646.00,150
3600,10:12:22,$ 3646.00,100
3601,10:12:20,$ 3647.635,500
3602,10:12:20,$ 3646.92,100
3603,10:12:19,$ 3647.8645,150
3604,10:12:19,$ 3648.64,100
3605,10:12:19,$ 3647.85,100
3607,10:12:15,$ 3647.03,100
3608,10:12:15,$ 3647.13,200
3609,10:12:15,$ 3647.13,100
3610,10:12:15,$ 3648.74,100
3611,10:12:07,$ 3647.82,500
3612,10:12:06,$ 3647.13,100
3613,10:12:03,$ 3648.86,100
3614,10:11:55,$ 3650.59,100
3615,10:11:53,$ 3650.51,100
3616,10:11:53,$ 3649.70,200
3617,10:11:52,$ 3650.62,100
3618,10:11:49,$ 3650.61,100
3619,10:11:49,$ 3650.62,100
3620,10:11:45,$ 3650.09,500
3621,10:11:45,$ 3650.80,100
3622,10:11:43,$ 3649.96,100
3623,10:11:32,$ 3648.53,200
3624,10:11:31,$ 3649.97,100
3625,10:11:27,$ 3649.96,500
3626,10:11:19,$ 3649.82,200
3628,10:11:16,$ 3650.00,100
3629,10:11:11,$ 3650.00,100
3630,10:11:10,$ 3649.83,100
3631,10:11:10,$ 3650.00,100
3632,10:11:10,$ 3650.00,100
3633,10:11:00,$ 3649.4931,100
3634,10:10:58,$ 3651.1476,416
3635,10:10:58,$ 3650.515,100
3636,10:10:56,$ 3651.0939,100
3637,10:10:54,$ 3649.06,100
3638,10:10:54,$ 3649.03,100
3639,10:10:54,$ 3653.72,100
3640,10:10:54,$ 3651.04,100
3641,10:10:54,$ 3651.06,100
3642,10:10:54,$ 3651.07,100
3643,10:10:54,$ 3650.035,200
3644,10:10:54,$ 3651.04,100
3645,10:10:51,$ 3650.05,100
3646,10:10:51,$ 3649.855,500
3647,10:10:51,$ 3649.855,200
3649,10:10:51,$ 3650.26,100
3650,10:10:51,$ 3651.1475,100
3651,10:10:50,$ 3650.14,100
3652,10:10:45,$ 3650.27,100
3653,10:10:45,$ 3651.1634,150
3654,10:10:41,$ 3651.01,100
3655,10:10:36,$ 3651.165,100
3656,10:10:35,$ 3651.345,100
3657,10:10:34,$ 3651.54,100
3658,10:10:24,$ 3652.02,100
3659,10:10:19,$ 3653.5517,250
3660,10:10:16,$ 3653.125,100
3661,10:10:15,$ 3652.2201,400
3662,10:10:12,$ 3653.045,200
3663,10:10:09,$ 3653.05,100
3664,10:10:09,$ 3653.06,100
3665,10:10:09,$ 3653.05,100
3666,10:09:59,$ 3654.33,100
3667,10:09:49,$ 3655.30,100
3668,10:09:33,$ 3655.78,100
3670,10:09:29,$ 3653.7935,500
3671,10:09:27,$ 3653.7635,195
3672,10:09:27,$ 3655.49,150
3673,10:09:24,$ 3654.95,100
3674,10:09:24,$ 3653.838,100
3675,10:09:23,$ 3654.375,150
3676,10:09:20,$ 3655.13,137
3677,10:09:20,$ 3655.13,132
3678,10:09:20,$ 3655.13,270
3679,10:09:20,$ 3655.13,102
3680,10:09:19,$ 3656.445,500
3681,10:09:17,$ 3657.20,100
3682,10:09:17,$ 3656.27,100
3683,10:09:17,$ 3655.97,100
3684,10:09:17,$ 3655.97,100
3685,10:09:17,$ 3655.95,100
3686,10:09:17,$ 3655.95,100
3687,10:09:17,$ 3655.95,100
3688,10:09:15,$ 3657.145,100
3689,10:09:12,$ 3656.79,100
3691,10:09:12,$ 3656.79,100
3692,10:09:09,$ 3656.98,100
3693,10:09:06,$ 3655.395,100
3694,10:09:04,$ 3655.13,500
3695,10:09:04,$ 3655.89,100
3696,10:08:56,$ 3653.4701,100
3697,10:08:41,$ 3655.22,100
3698,10:08:41,$ 3655.11,100
3699,10:08:37,$ 3656.6627,100
3700,10:08:36,$ 3655.705,150
3701,10:08:26,$ 3656.21,100
3702,10:08:26,$ 3655.31,100
3703,10:08:22,$ 3653.00,250
3704,10:08:10,$ 3652.79,100
3705,10:08:10,$ 3652.835,100
3706,10:08:01,$ 3653.64,100
3707,10:07:58,$ 3654.0283,150
3708,10:07:57,$ 3654.845,100
3709,10:07:53,$ 3654.845,100
3710,10:07:53,$ 3654.09,200
3712,10:07:53,$ 3654.21,100
3713,10:07:46,$ 3654.20,100
3714,10:07:45,$ 3654.25,100
3715,10:07:44,$ 3653.9458,150
3716,10:07:43,$ 3653.125,300
3717,10:07:38,$ 3651.86,250
3718,10:07:36,$ 3650.2742,102
3719,10:07:33,$ 3650.965,100
3720,10:07:22,$ 3652.32,100
3721,10:07:19,$ 3651.05,100
3722,10:07:19,$ 3651.0501,100
3723,10:07:18,$ 3652.27,100
3724,10:07:18,$ 3652.91,100
3725,10:07:15,$ 3652.4229,103
3726,10:07:15,$ 3652.87,110
3727,10:07:11,$ 3651.14,100
3728,10:07:11,$ 3650.89,100
3729,10:07:09,$ 3649.99,100
3730,10:07:09,$ 3649.985,500
3731,10:07:08,$ 3649.3208,100
3733,10:06:58,$ 3649.985,200
3734,10:06:57,$ 3648.4436,100
3735,10:06:56,$ 3649.07,100
3736,10:06:55,$ 3649.625,500
3737,10:06:54,$ 3649.22,100
3738,10:06:51,$ 3648.985,100
3739,10:06:41,$ 3650.27,100
3740,10:06:41,$ 3651.01,100
3741,10:06:41,$ 3651.425,100
3742,10:06:35,$ 3651.72,200
3743,10:06:33,$ 3651.725,100
3744,10:06:32,$ 3651.725,200
3745,10:06:32,$ 3650.18,100
3746,10:06:32,$ 3650.52,200
3747,10:06:32,$ 3651.365,100
3748,10:06:32,$ 3651.50,100
3749,10:06:32,$ 3651.98,100
3750,10:06:32,$ 3651.88,100
3751,10:06:32,$ 3651.45,100
3752,10:06:32,$ 3651.39,100
3754,10:06:32,$ 3651.35,100
3755,10:06:32,$ 3651.34,100
3756,10:06:28,$ 3654.01,100
3757,10:06:26,$ 3652.7651,500
3758,10:06:25,$ 3653.7201,299
3759,10:06:22,$ 3655.7354,192
3760,10:06:22,$ 3655.2134,208
3761,10:06:19,$ 3654.5306,105
3762,10:06:19,$ 3655.00,160
3763,10:06:17,$ 3653.33,100
3764,10:06:15,$ 3652.84,"1,000"
3765,10:06:10,$ 3652.475,226
3766,10:06:09,$ 3651.34,434
3767,10:06:01,$ 3650.2701,100
3768,10:06:00,$ 3651.81,100
3769,10:06:00,$ 3651.81,100
3770,10:06:00,$ 3652.6195,593
3771,10:06:00,$ 3652.46,100
3772,10:06:00,$ 3652.465,100
3773,10:05:59,$ 3652.61,100
3775,10:05:59,$ 3652.92,100
3776,10:05:59,$ 3652.99,100
3777,10:05:58,$ 3652.88,100
3778,10:05:58,$ 3652.475,100
3779,10:05:56,$ 3651.625,200
3780,10:05:56,$ 3650.91,100
3781,10:05:55,$ 3651.81,100
3782,10:05:55,$ 3651.83,100
3783,10:05:55,$ 3651.82,100
3784,10:05:55,$ 3652.49,100
3785,10:05:54,$ 3651.60,100
3786,10:05:51,$ 3650.225,300
3787,10:05:51,$ 3650.225,100
3788,10:05:50,$ 3650.2504,100
3789,10:05:49,$ 3648.38,100
3790,10:05:49,$ 3648.9938,200
3791,10:05:49,$ 3648.9937,141
3792,10:05:48,$ 3648.30,100
3793,10:05:48,$ 3649.375,100
3794,10:05:48,$ 3650.00,393
3796,10:05:48,$ 3650.50,140
3797,10:05:48,$ 3650.01,100
3798,10:05:48,$ 3650.00,100
3799,10:05:48,$ 3650.00,100
3800,10:05:48,$ 3650.24,100
3801,10:05:48,$ 3650.00,100
3802,10:05:48,$ 3650.00,100
3803,10:05:46,$ 3650.908,226
3804,10:05:43,$ 3652.115,100
3805,10:05:41,$ 3652.00,100
3806,10:05:41,$ 3652.005,100
3807,10:05:39,$ 3651.995,100
3808,10:05:39,$ 3651.995,500
3809,10:05:36,$ 3652.085,100
3810,10:05:36,$ 3652.085,100
3811,10:05:35,$ 3652.257,500
3812,10:05:34,$ 3652.175,100
3813,10:05:33,$ 3652.175,100
3814,10:05:33,$ 3651.584,100
3815,10:05:30,$ 3652.06,100
3817,10:05:29,$ 3652.00,350
3818,10:05:26,$ 3652.31,100
3819,10:05:26,$ 3653.18,100
3820,10:05:25,$ 3652.87,100
3821,10:05:25,$ 3653.18,500
3822,10:05:22,$ 3655.02,100
3823,10:05:20,$ 3654.70,300
3824,10:05:20,$ 3654.70,100
3825,10:05:19,$ 3654.38,100
3826,10:05:16,$ 3657.0899,100
3827,10:05:15,$ 3656.00,100
3828,10:05:15,$ 3656.00,100
3829,10:05:15,$ 3656.00,100
3830,10:05:15,$ 3656.00,214
3831,10:05:15,$ 3656.00,100
3832,10:05:15,$ 3656.57,100
3833,10:05:15,$ 3656.57,100
3834,10:05:09,$ 3658.43,100
3835,10:05:09,$ 3658.10,100
3836,10:05:08,$ 3658.04,100
3838,10:05:07,$ 3657.8205,100
3839,10:05:07,$ 3657.8238,100
3840,10:05:07,$ 3658.87,100
3841,10:05:07,$ 3658.48,100
3842,10:05:07,$ 3658.50,100
3843,10:05:07,$ 3658.87,100
3844,10:05:07,$ 3659.45,100
3845,10:04:58,$ 3659.645,110
3846,10:04:55,$ 3659.64,100
3847,10:04:55,$ 3659.29,100
3848,10:04:52,$ 3660.18,100
3849,10:04:51,$ 3659.69,100
3850,10:04:51,$ 3659.69,100
3851,10:04:51,$ 3659.64,100
3852,10:04:49,$ 3659.66,150
3853,10:04:44,$ 3659.25,320
3854,10:04:44,$ 3660.66,100
3855,10:04:44,$ 3660.66,100
3856,10:04:39,$ 3660.92,100
3857,10:04:39,$ 3661.71,300
3859,10:04:32,$ 3661.835,200
3860,10:04:31,$ 3662.8599,500
3861,10:04:31,$ 3660.83,100
3862,10:04:31,$ 3662.8584,273
3863,10:04:29,$ 3661.68,100
3864,10:04:26,$ 3661.5681,100
3865,10:04:22,$ 3662.94,100
3866,10:04:22,$ 3661.34,100
3867,10:04:22,$ 3662.25,100
3868,10:04:22,$ 3662.09,100
3869,10:04:22,$ 3662.09,181
3870,10:04:15,$ 3661.23,100
3871,10:04:15,$ 3663.00,100
3872,10:04:15,$ 3662.628,691
3873,10:04:15,$ 3661.7632,100
3874,10:04:15,$ 3661.89,100
3875,10:04:15,$ 3661.83,100
3876,10:04:10,$ 3659.10,100
3877,10:04:08,$ 3658.79,100
3878,10:04:04,$ 3661.90,200
3880,10:04:02,$ 3657.825,200
