,NLS Time (ET),NLS Price,NLS Share Volume
1,09:59:58,$ 3231.622,173
2,09:59:52,$ 3230.675,100
3,09:59:44,$ 3231.05,200
4,09:59:40,$ 3231.425,100
5,09:59:35,$ 3230.7025,100
6,09:59:34,$ 3229.18,100
7,09:59:27,$ 3230.10,100
8,09:59:27,$ 3230.00,100
9,09:59:23,$ 3230.945,100
10,09:59:17,$ 3231.83,100
11,09:59:17,$ 3231.83,100
12,09:59:08,$ 3231.44,100
13,09:58:48,$ 3232.62,100
14,09:58:46,$ 3232.1575,100
15,09:58:46,$ 3232.0962,373
16,09:58:46,$ 3232.096,100
17,09:58:46,$ 3232.095,100
18,09:58:46,$ 3232.20,100
19,09:58:39,$ 3233.025,100
20,09:58:36,$ 3233.155,100
22,09:58:35,$ 3233.07,100
23,09:58:33,$ 3233.30,100
24,09:58:22,$ 3233.81,100
25,09:58:22,$ 3233.57,100
26,09:58:22,$ 3233.55,100
27,09:58:22,$ 3233.53,100
28,09:58:15,$ 3233.9801,100
29,09:58:08,$ 3234.54,100
30,09:58:05,$ 3235.45,100
31,09:57:59,$ 3235.83,100
32,09:57:33,$ 3236.185,100
33,09:57:29,$ 3236.265,205
34,09:57:18,$ 3237.15,100
35,09:57:04,$ 3236.00,126
36,09:57:03,$ 3235.24,994
37,09:57:03,$ 3236.00,300
38,09:56:56,$ 3236.255,200
39,09:56:55,$ 3235.5101,100
40,09:56:45,$ 3234.71,100
41,09:56:44,$ 3235.33,100
43,09:56:25,$ 3236.58,100
44,09:56:24,$ 3235.76,100
45,09:56:15,$ 3235.90,100
46,09:56:14,$ 3234.722,100
47,09:56:14,$ 3235.64,100
48,09:56:14,$ 3235.68,100
49,09:56:14,$ 3235.586,100
50,09:56:14,$ 3235.622,100
51,09:56:14,$ 3235.602,100
52,09:56:14,$ 3235.571,100
53,09:56:14,$ 3235.598,100
54,09:56:14,$ 3235.80,100
55,09:56:14,$ 3235.80,100
56,09:56:14,$ 3235.666,100
57,09:56:14,$ 3235.636,100
58,09:56:14,$ 3235.89,100
59,09:56:14,$ 3235.654,100
60,09:56:08,$ 3236.40,100
61,09:56:08,$ 3236.42,100
62,09:56:08,$ 3236.43,100
64,09:56:07,$ 3235.85,100
65,09:55:55,$ 3235.62,100
66,09:55:50,$ 3236.96,100
67,09:55:49,$ 3235.995,100
68,09:55:49,$ 3235.79,100
69,09:55:49,$ 3235.79,100
70,09:55:41,$ 3235.15,106
71,09:55:39,$ 3233.1184,300
72,09:55:37,$ 3232.69,250
73,09:55:35,$ 3232.025,100
74,09:55:34,$ 3232.045,113
75,09:55:31,$ 3232.77,100
76,09:55:27,$ 3232.73,100
77,09:55:26,$ 3233.325,100
78,09:55:14,$ 3233.38,300
79,09:55:14,$ 3233.38,100
80,09:55:05,$ 3233.55,100
81,09:55:05,$ 3233.29,100
82,09:55:05,$ 3233.30,100
83,09:54:54,$ 3233.365,400
85,09:54:54,$ 3233.365,100
86,09:54:54,$ 3233.365,100
87,09:54:48,$ 3233.365,400
88,09:54:45,$ 3232.52,100
89,09:54:45,$ 3233.01,126
90,09:54:45,$ 3233.01,100
91,09:54:45,$ 3232.525,100
92,09:54:44,$ 3232.915,100
93,09:54:38,$ 3234.195,100
94,09:54:37,$ 3233.9825,100
95,09:54:37,$ 3234.085,200
96,09:54:37,$ 3234.55,100
97,09:54:31,$ 3234.4075,100
98,09:54:30,$ 3235.98,100
99,09:54:30,$ 3235.99,100
100,09:54:30,$ 3235.955,100
101,09:54:30,$ 3235.82,100
102,09:54:21,$ 3233.755,100
103,09:54:21,$ 3234.015,100
104,09:54:21,$ 3234.00,100
106,09:54:18,$ 3234.00,100
107,09:54:18,$ 3232.74,200
108,09:54:18,$ 3233.62,100
109,09:54:17,$ 3232.945,100
110,09:54:17,$ 3233.245,200
111,09:54:16,$ 3232.42,100
112,09:54:16,$ 3232.755,100
113,09:54:16,$ 3232.42,100
114,09:54:16,$ 3232.42,100
115,09:54:16,$ 3232.635,100
116,09:54:16,$ 3232.725,100
117,09:54:14,$ 3231.60,100
118,09:54:13,$ 3231.24,100
119,09:54:13,$ 3231.41,100
120,09:54:13,$ 3231.64,100
121,09:54:13,$ 3231.65,140
122,09:54:12,$ 3231.29,135
123,09:54:05,$ 3230.51,100
124,09:54:01,$ 3230.99,250
125,09:54:01,$ 3231.025,100
127,09:53:59,$ 3231.15,100
128,09:53:58,$ 3230.7018,100
129,09:53:51,$ 3231.595,200
130,09:53:50,$ 3232.095,400
131,09:53:49,$ 3230.86,400
132,09:53:49,$ 3231.64,100
133,09:53:44,$ 3230.765,100
134,09:53:40,$ 3231.3626,200
135,09:53:34,$ 3230.65,100
136,09:53:33,$ 3231.15,200
137,09:53:27,$ 3230.49,100
138,09:53:27,$ 3230.39,100
139,09:53:27,$ 3230.34,100
140,09:53:27,$ 3230.36,100
141,09:53:26,$ 3230.61,100
142,09:53:26,$ 3230.74,100
143,09:53:26,$ 3230.71,100
144,09:53:17,$ 3230.77,100
145,09:53:17,$ 3231.825,100
146,09:53:17,$ 3231.32,100
148,09:53:17,$ 3231.28,100
149,09:53:15,$ 3231.07,100
150,09:53:13,$ 3230.595,200
151,09:53:13,$ 3230.88,100
152,09:53:06,$ 3232.25,100
153,09:53:06,$ 3232.20,100
154,09:52:57,$ 3233.27,100
155,09:52:57,$ 3234.02,100
156,09:52:56,$ 3234.0666,118
157,09:52:37,$ 3234.07,100
158,09:52:36,$ 3234.11,100
159,09:52:29,$ 3233.30,100
160,09:52:29,$ 3233.53,100
161,09:52:19,$ 3233.53,100
162,09:52:12,$ 3233.4401,125
163,09:52:04,$ 3234.68,100
164,09:52:02,$ 3234.905,100
165,09:52:01,$ 3234.79,200
166,09:52:01,$ 3234.67,100
167,09:52:01,$ 3235.01,100
169,09:52:01,$ 3235.00,100
170,09:52:01,$ 3235.01,100
171,09:52:01,$ 3235.03,119
172,09:52:01,$ 3235.03,100
173,09:52:01,$ 3235.03,120
174,09:52:01,$ 3235.03,100
175,09:51:59,$ 3236.96,150
176,09:51:57,$ 3235.99,100
177,09:51:41,$ 3235.84,100
178,09:51:41,$ 3235.705,100
179,09:51:37,$ 3235.615,100
180,09:51:37,$ 3235.685,100
181,09:51:30,$ 3234.51,100
182,09:51:27,$ 3233.48,100
183,09:51:26,$ 3233.635,100
184,09:51:25,$ 3234.10,100
185,09:51:23,$ 3234.6517,150
186,09:51:20,$ 3236.04,290
187,09:51:20,$ 3236.21,100
188,09:51:18,$ 3236.665,300
190,09:51:18,$ 3236.665,"1,900"
191,09:51:18,$ 3236.665,"1,100"
192,09:51:08,$ 3236.79,100
193,09:51:08,$ 3236.79,100
194,09:51:05,$ 3237.296,100
195,09:51:05,$ 3237.87,100
196,09:51:04,$ 3237.02,100
197,09:51:04,$ 3237.02,200
198,09:51:04,$ 3236.725,100
199,09:51:02,$ 3236.7933,150
200,09:51:00,$ 3235.715,100
201,09:51:00,$ 3235.715,100
202,09:51:00,$ 3235.715,100
203,09:51:00,$ 3235.715,100
204,09:51:00,$ 3236.39,100
205,09:51:00,$ 3236.236,100
206,09:51:00,$ 3236.37,100
207,09:51:00,$ 3236.39,100
208,09:51:00,$ 3236.39,100
209,09:51:00,$ 3236.37,100
211,09:51:00,$ 3236.12,100
212,09:51:00,$ 3236.355,100
213,09:51:00,$ 3236.36,100
214,09:51:00,$ 3236.36,100
215,09:51:00,$ 3236.10,300
216,09:51:00,$ 3236.12,100
217,09:51:00,$ 3236.17,100
218,09:50:55,$ 3236.0425,200
219,09:50:48,$ 3234.2301,100
220,09:50:46,$ 3234.29,100
221,09:50:43,$ 3234.2035,100
222,09:50:42,$ 3234.65,106
223,09:50:41,$ 3235.834,200
224,09:50:32,$ 3235.52,100
225,09:50:30,$ 3235.60,100
226,09:50:29,$ 3235.595,100
227,09:50:29,$ 3235.59,100
228,09:50:26,$ 3235.615,111
229,09:50:22,$ 3235.56,100
230,09:50:18,$ 3235.50,100
232,09:50:15,$ 3235.50,100
233,09:50:06,$ 3237.00,100
234,09:50:06,$ 3237.00,100
235,09:50:06,$ 3236.915,100
236,09:50:06,$ 3237.00,100
237,09:49:46,$ 3237.00,800
238,09:49:45,$ 3237.91,100
239,09:49:45,$ 3237.63,100
240,09:49:30,$ 3238.665,100
241,09:49:30,$ 3238.72,100
242,09:49:25,$ 3238.73,100
243,09:49:25,$ 3239.14,100
244,09:49:25,$ 3238.73,131
245,09:49:25,$ 3238.73,100
246,09:49:24,$ 3240.561,154
247,09:49:20,$ 3240.32,150
248,09:49:20,$ 3240.32,100
249,09:49:17,$ 3241.02,250
250,09:49:16,$ 3240.59,100
251,09:49:15,$ 3240.59,150
253,09:48:56,$ 3238.72,100
254,09:48:47,$ 3238.8766,150
255,09:48:45,$ 3238.21,100
256,09:48:44,$ 3237.99,100
257,09:48:44,$ 3237.87,100
258,09:48:44,$ 3237.71,100
259,09:48:44,$ 3237.72,100
260,09:48:44,$ 3237.72,165
261,09:48:43,$ 3237.645,100
262,09:48:35,$ 3237.01,100
263,09:48:35,$ 3237.555,100
264,09:48:20,$ 3237.54,100
265,09:48:17,$ 3237.70,200
266,09:48:16,$ 3237.31,100
267,09:48:14,$ 3237.11,100
268,09:48:05,$ 3237.62,100
269,09:48:03,$ 3237.5701,100
270,09:48:03,$ 3237.94,100
271,09:48:02,$ 3238.09,100
272,09:48:00,$ 3238.5992,170
274,09:47:55,$ 3238.955,294
275,09:47:55,$ 3238.75,100
276,09:47:55,$ 3238.63,100
277,09:47:52,$ 3239.28,100
278,09:47:51,$ 3238.67,200
279,09:47:51,$ 3239.95,100
280,09:47:51,$ 3239.93,100
281,09:47:51,$ 3239.4966,300
282,09:47:48,$ 3239.40,100
283,09:47:45,$ 3238.62,100
284,09:47:41,$ 3239.99,100
285,09:47:41,$ 3240.00,100
286,09:47:41,$ 3240.00,108
287,09:47:41,$ 3240.00,182
288,09:47:41,$ 3240.00,100
289,09:47:40,$ 3240.03,100
290,09:47:40,$ 3240.00,100
291,09:47:40,$ 3240.18,100
292,09:47:35,$ 3240.57,100
293,09:47:33,$ 3241.4199,118
295,09:47:25,$ 3242.07,141
296,09:47:21,$ 3242.64,100
297,09:47:21,$ 3242.64,100
298,09:47:21,$ 3242.64,100
299,09:47:20,$ 3242.64,100
300,09:47:20,$ 3242.64,100
301,09:47:20,$ 3242.64,100
302,09:47:20,$ 3242.64,100
303,09:47:11,$ 3242.41,100
304,09:47:11,$ 3242.43,100
305,09:47:08,$ 3242.60,100
306,09:47:05,$ 3243.22,100
307,09:47:03,$ 3242.4401,100
308,09:47:02,$ 3242.75,100
309,09:47:02,$ 3242.70,100
310,09:47:02,$ 3243.11,100
311,09:47:00,$ 3243.555,100
312,09:46:58,$ 3244.29,100
313,09:46:58,$ 3244.34,100
314,09:46:58,$ 3244.40,100
316,09:46:58,$ 3243.88,100
317,09:46:58,$ 3244.30,100
318,09:46:58,$ 3244.29,100
319,09:46:58,$ 3244.25,100
320,09:46:55,$ 3244.13,100
321,09:46:54,$ 3244.515,100
322,09:46:52,$ 3244.255,200
323,09:46:50,$ 3243.915,100
324,09:46:47,$ 3243.00,100
325,09:46:47,$ 3243.00,100
326,09:46:42,$ 3242.15,100
327,09:46:42,$ 3242.22,100
328,09:46:37,$ 3241.89,100
329,09:46:33,$ 3241.67,100
330,09:46:33,$ 3241.17,100
331,09:46:27,$ 3241.5853,100
332,09:46:25,$ 3242.00,200
333,09:46:25,$ 3241.94,100
334,09:46:16,$ 3242.25,100
335,09:46:16,$ 3242.23,100
337,09:46:16,$ 3242.69,100
338,09:46:10,$ 3244.13,100
339,09:46:05,$ 3244.0567,400
340,09:46:05,$ 3244.31,100
341,09:45:59,$ 3243.51,100
342,09:45:59,$ 3244.115,100
343,09:45:57,$ 3243.275,200
344,09:45:55,$ 3243.74,100
345,09:45:52,$ 3242.72,100
346,09:45:48,$ 3243.57,100
347,09:45:48,$ 3243.00,308
348,09:45:47,$ 3243.64,100
349,09:45:47,$ 3243.50,100
350,09:45:32,$ 3242.71,100
351,09:45:32,$ 3242.83,100
352,09:45:31,$ 3243.80,"1,000"
353,09:45:28,$ 3243.0229,100
354,09:45:25,$ 3243.44,100
355,09:45:25,$ 3243.8709,100
356,09:45:23,$ 3243.91,100
358,09:45:20,$ 3243.80,100
359,09:45:17,$ 3242.94,100
360,09:45:11,$ 3242.8279,175
361,09:45:09,$ 3243.23,100
362,09:45:09,$ 3242.62,100
363,09:45:07,$ 3242.53,100
364,09:45:06,$ 3242.59,100
365,09:45:05,$ 3242.56,100
366,09:45:05,$ 3241.40,100
367,09:45:04,$ 3242.61,100
368,09:45:04,$ 3242.545,100
369,09:45:04,$ 3242.56,100
370,09:45:04,$ 3241.80,100
371,09:45:04,$ 3242.0425,100
372,09:45:03,$ 3242.605,100
373,09:45:02,$ 3242.645,100
374,09:45:01,$ 3242.57,100
375,09:45:01,$ 3242.39,100
376,09:45:01,$ 3242.40,100
377,09:45:01,$ 3242.39,100
379,09:45:01,$ 3242.52,100
380,09:45:01,$ 3242.38,100
381,09:45:00,$ 3243.35,100
382,09:44:59,$ 3243.10,100
383,09:44:58,$ 3241.99,100
384,09:44:40,$ 3243.2336,500
385,09:44:38,$ 3243.39,144
386,09:44:32,$ 3243.03,100
387,09:44:29,$ 3243.02,100
388,09:44:29,$ 3242.99,200
389,09:44:29,$ 3243.48,100
390,09:44:29,$ 3243.42,100
391,09:44:27,$ 3244.74,100
392,09:44:27,$ 3244.76,100
393,09:44:23,$ 3244.43,100
394,09:44:23,$ 3244.15,100
395,09:44:23,$ 3244.00,100
396,09:44:23,$ 3244.00,100
397,09:44:17,$ 3244.00,100
398,09:44:17,$ 3243.19,100
400,09:44:17,$ 3243.2904,174
401,09:44:17,$ 3243.2904,766
402,09:44:17,$ 3243.61,100
403,09:44:17,$ 3243.59,100
404,09:44:14,$ 3243.975,100
405,09:44:11,$ 3243.835,100
406,09:44:11,$ 3243.85,100
407,09:44:11,$ 3243.85,100
408,09:44:10,$ 3242.5792,300
409,09:44:08,$ 3243.78,100
410,09:44:08,$ 3243.825,100
411,09:44:08,$ 3243.59,100
412,09:44:05,$ 3243.75,100
413,09:44:02,$ 3242.36,100
414,09:44:02,$ 3242.285,100
415,09:44:02,$ 3242.36,100
416,09:43:58,$ 3242.00,100
417,09:43:58,$ 3240.03,100
418,09:43:58,$ 3240.03,100
419,09:43:58,$ 3240.03,100
421,09:43:58,$ 3240.03,100
422,09:43:57,$ 3242.00,117
423,09:43:54,$ 3241.315,200
424,09:43:49,$ 3241.792,100
425,09:43:44,$ 3241.09,100
426,09:43:40,$ 3239.892,300
427,09:43:36,$ 3240.39,100
428,09:43:23,$ 3241.135,100
429,09:43:23,$ 3241.048,100
430,09:43:23,$ 3241.39,100
431,09:43:23,$ 3241.8301,100
432,09:43:23,$ 3241.83,100
433,09:43:23,$ 3241.82,100
434,09:43:23,$ 3242.23,100
435,09:43:23,$ 3242.28,100
436,09:43:23,$ 3242.28,100
437,09:43:23,$ 3242.28,200
438,09:43:21,$ 3242.77,100
439,09:43:18,$ 3243.38,100
440,09:43:18,$ 3243.138,200
442,09:43:16,$ 3243.80,100
443,09:43:13,$ 3242.22,100
444,09:43:13,$ 3242.23,100
445,09:43:13,$ 3242.23,100
446,09:43:13,$ 3242.25,100
447,09:43:13,$ 3242.58,100
448,09:43:13,$ 3242.58,195
449,09:43:13,$ 3242.87,100
450,09:43:13,$ 3243.07,100
451,09:43:13,$ 3243.03,170
452,09:43:13,$ 3243.14,100
453,09:43:13,$ 3243.74,100
454,09:43:13,$ 3243.90,100
455,09:43:11,$ 3242.80,100
456,09:43:11,$ 3242.60,100
457,09:43:11,$ 3243.76,100
458,09:43:11,$ 3243.705,100
459,09:43:11,$ 3243.68,100
460,09:43:09,$ 3242.84,100
461,09:43:06,$ 3243.58,100
463,09:43:05,$ 3243.0842,200
464,09:43:03,$ 3243.77,100
465,09:43:02,$ 3243.52,100
466,09:43:02,$ 3243.38,100
467,09:42:59,$ 3242.3988,"1,000"
468,09:42:56,$ 3242.21,100
469,09:42:55,$ 3242.052,100
470,09:42:53,$ 3242.38,100
471,09:42:53,$ 3241.96,100
472,09:42:53,$ 3242.47,100
473,09:42:53,$ 3242.22,100
474,09:42:48,$ 3242.9673,"1,000"
475,09:42:47,$ 3243.3214,100
476,09:42:45,$ 3243.11,100
477,09:42:43,$ 3242.75,100
478,09:42:43,$ 3242.33,100
479,09:42:43,$ 3242.50,100
480,09:42:43,$ 3242.34,100
481,09:42:43,$ 3242.23,100
482,09:42:27,$ 3242.4461,100
484,09:42:26,$ 3241.845,100
485,09:42:25,$ 3242.99,100
486,09:42:23,$ 3242.055,100
487,09:42:22,$ 3241.98,100
488,09:42:22,$ 3241.98,100
489,09:42:21,$ 3242.00,126
490,09:42:16,$ 3242.12,100
491,09:42:16,$ 3242.46,100
492,09:42:16,$ 3242.13,100
493,09:42:16,$ 3242.24,100
494,09:42:07,$ 3241.08,100
495,09:42:07,$ 3241.32,100
496,09:42:07,$ 3241.31,100
497,09:42:07,$ 3241.38,100
498,09:42:07,$ 3241.32,100
499,09:42:05,$ 3242.19,100
500,09:42:05,$ 3241.87,100
501,09:42:05,$ 3241.68,100
502,09:42:02,$ 3240.98,100
503,09:42:02,$ 3240.99,100
505,09:42:00,$ 3239.68,"1,000"
506,09:42:00,$ 3239.61,250
507,09:42:00,$ 3239.95,100
508,09:41:59,$ 3239.92,100
509,09:41:59,$ 3238.75,100
510,09:41:51,$ 3239.23,100
511,09:41:51,$ 3239.23,150
512,09:41:40,$ 3239.20,100
513,09:41:29,$ 3238.665,100
514,09:41:29,$ 3238.65,100
515,09:41:17,$ 3239.2576,100
516,09:41:17,$ 3240.00,200
517,09:41:17,$ 3240.00,150
518,09:41:17,$ 3239.80,100
519,09:41:17,$ 3239.80,100
520,09:41:16,$ 3239.3041,308
521,09:41:14,$ 3239.225,100
522,09:41:12,$ 3239.175,100
523,09:41:12,$ 3239.80,100
524,09:41:12,$ 3239.78,100
526,09:41:12,$ 3239.50,100
527,09:41:12,$ 3239.80,200
528,09:41:12,$ 3239.55,100
529,09:41:12,$ 3239.78,100
530,09:41:12,$ 3239.76,100
531,09:41:07,$ 3238.29,500
532,09:41:05,$ 3239.15,100
533,09:41:05,$ 3239.15,100
534,09:41:02,$ 3238.01,200
535,09:40:56,$ 3239.00,156
536,09:40:53,$ 3238.86,100
537,09:40:53,$ 3238.85,107
538,09:40:53,$ 3238.84,100
539,09:40:47,$ 3237.91,100
540,09:40:45,$ 3237.91,100
541,09:40:42,$ 3237.91,100
542,09:40:42,$ 3237.91,100
543,09:40:31,$ 3238.69,100
544,09:40:27,$ 3237.5323,650
545,09:40:26,$ 3237.80,"1,000"
547,09:40:24,$ 3237.14,300
548,09:40:24,$ 3237.36,100
549,09:40:24,$ 3237.28,100
550,09:40:24,$ 3238.77,119
551,09:40:22,$ 3240.2255,100
552,09:40:18,$ 3240.29,100
553,09:40:17,$ 3239.0291,270
554,09:40:14,$ 3240.57,100
555,09:40:11,$ 3240.50,200
556,09:40:11,$ 3239.98,100
557,09:40:11,$ 3238.7876,100
558,09:39:49,$ 3237.85,100
559,09:39:47,$ 3237.76,100
560,09:39:47,$ 3237.76,451
561,09:39:47,$ 3237.76,100
562,09:39:47,$ 3238.63,200
563,09:39:47,$ 3238.63,100
564,09:39:47,$ 3238.63,100
565,09:39:46,$ 3239.71,100
566,09:39:44,$ 3240.3735,"1,000"
568,09:39:44,$ 3240.81,100
569,09:39:43,$ 3240.00,100
570,09:39:43,$ 3240.35,100
571,09:39:42,$ 3239.7101,100
572,09:39:42,$ 3240.35,100
573,09:39:41,$ 3241.00,100
574,09:39:40,$ 3239.71,100
575,09:39:40,$ 3239.712,100
576,09:39:40,$ 3239.91,100
577,09:39:40,$ 3240.00,100
578,09:39:40,$ 3239.68,100
579,09:39:38,$ 3238.99,100
580,09:39:37,$ 3237.76,198
581,09:39:32,$ 3238.0377,100
582,09:39:30,$ 3239.09,100
583,09:39:26,$ 3237.71,115
584,09:39:26,$ 3237.72,100
585,09:39:26,$ 3238.08,100
586,09:39:26,$ 3238.08,120
587,09:39:25,$ 3239.11,100
589,09:39:25,$ 3239.475,100
590,09:39:24,$ 3238.39,100
591,09:39:24,$ 3238.28,200
592,09:39:24,$ 3238.39,100
593,09:39:22,$ 3239.045,100
594,09:39:20,$ 3239.39,100
595,09:39:20,$ 3239.47,100
596,09:39:19,$ 3239.68,200
597,09:39:15,$ 3239.55,100
598,09:39:14,$ 3239.00,100
599,09:39:14,$ 3238.87,100
600,09:39:14,$ 3238.76,100
601,09:39:13,$ 3238.745,100
602,09:39:12,$ 3238.74,100
603,09:39:10,$ 3238.00,100
604,09:39:10,$ 3237.95,110
605,09:39:10,$ 3238.00,100
606,09:39:09,$ 3236.99,100
607,09:39:09,$ 3236.99,100
608,09:39:09,$ 3237.00,100
610,09:39:08,$ 3236.99,100
611,09:39:08,$ 3236.82,100
612,09:39:08,$ 3236.895,100
613,09:39:08,$ 3236.895,100
614,09:39:07,$ 3236.72,264
615,09:39:07,$ 3235.43,100
616,09:39:07,$ 3235.43,100
617,09:39:06,$ 3235.43,100
618,09:39:06,$ 3235.99,281
619,09:39:03,$ 3235.00,100
620,09:39:03,$ 3234.88,100
621,09:39:03,$ 3235.00,100
622,09:39:03,$ 3235.00,100
623,09:39:03,$ 3234.56,100
624,09:39:03,$ 3234.53,100
625,09:39:02,$ 3234.55,100
626,09:39:02,$ 3234.55,100
627,09:39:02,$ 3234.56,100
628,09:39:01,$ 3234.41,100
629,09:38:53,$ 3233.30,100
631,09:38:53,$ 3233.34,100
632,09:38:53,$ 3233.54,100
633,09:38:53,$ 3233.47,100
634,09:38:53,$ 3233.00,100
635,09:38:52,$ 3232.8633,400
636,09:38:51,$ 3232.5325,100
637,09:38:51,$ 3232.4575,100
638,09:38:51,$ 3232.19,220
639,09:38:50,$ 3232.81,218
640,09:38:46,$ 3233.79,100
641,09:38:45,$ 3234.16,100
642,09:38:44,$ 3233.97,100
643,09:38:43,$ 3233.42,100
644,09:38:42,$ 3233.65,100
645,09:38:42,$ 3234.00,100
646,09:38:42,$ 3234.00,173
647,09:38:34,$ 3233.71,100
648,09:38:28,$ 3233.28,100
649,09:38:26,$ 3233.1026,100
650,09:38:15,$ 3232.2949,100
652,09:38:12,$ 3233.11,100
653,09:38:12,$ 3232.12,146
654,09:38:11,$ 3234.16,300
655,09:38:10,$ 3233.42,100
656,09:38:09,$ 3233.72,100
657,09:38:07,$ 3232.95,150
658,09:38:05,$ 3233.8246,200
659,09:38:00,$ 3233.67,348
660,09:37:59,$ 3234.3283,150
661,09:37:55,$ 3233.68,100
662,09:37:55,$ 3233.68,100
663,09:37:55,$ 3233.68,100
664,09:37:49,$ 3234.01,100
665,09:37:49,$ 3234.48,100
666,09:37:48,$ 3234.6584,200
667,09:37:47,$ 3236.37,100
668,09:37:46,$ 3237.16,100
669,09:37:45,$ 3234.43,210
670,09:37:45,$ 3234.00,250
671,09:37:45,$ 3235.00,407
673,09:37:45,$ 3234.42,100
674,09:37:45,$ 3234.43,200
675,09:37:45,$ 3234.22,100
676,09:37:43,$ 3234.91,100
677,09:37:43,$ 3234.825,100
678,09:37:42,$ 3234.66,100
679,09:37:42,$ 3234.02,100
680,09:37:42,$ 3234.07,100
681,09:37:32,$ 3233.6621,"1,000"
682,09:37:27,$ 3232.68,100
683,09:37:26,$ 3233.13,300
684,09:37:25,$ 3235.01,100
685,09:37:25,$ 3235.23,100
686,09:37:25,$ 3235.19,100
687,09:37:25,$ 3235.04,100
688,09:37:23,$ 3235.945,100
689,09:37:23,$ 3235.647,200
690,09:37:23,$ 3236.243,100
691,09:37:22,$ 3236.985,100
692,09:37:22,$ 3235.92,100
694,09:37:21,$ 3236.99,100
695,09:37:21,$ 3236.98,100
696,09:37:18,$ 3236.99,100
697,09:37:18,$ 3237.00,401
698,09:37:18,$ 3236.8349,100
699,09:37:16,$ 3236.905,100
700,09:37:16,$ 3236.02,100
701,09:37:16,$ 3237.00,100
702,09:37:15,$ 3235.3277,"1,000"
703,09:37:14,$ 3236.01,100
704,09:37:14,$ 3235.0401,100
705,09:37:12,$ 3236.00,100
706,09:37:12,$ 3235.93,100
707,09:37:12,$ 3235.8471,100
708,09:37:10,$ 3236.00,100
709,09:37:10,$ 3235.72,100
710,09:37:10,$ 3236.00,100
711,09:37:10,$ 3235.64,100
712,09:37:09,$ 3235.44,250
713,09:37:09,$ 3235.88,100
715,09:37:08,$ 3235.00,100
716,09:37:06,$ 3234.63,100
717,09:37:06,$ 3234.63,300
718,09:37:05,$ 3233.625,400
719,09:37:02,$ 3234.66,100
720,09:37:02,$ 3234.66,100
721,09:37:02,$ 3234.66,400
722,09:37:02,$ 3234.545,100
723,09:37:02,$ 3233.875,100
724,09:36:57,$ 3233.11,100
725,09:36:56,$ 3232.895,100
726,09:36:50,$ 3232.0728,200
727,09:36:45,$ 3232.95,100
728,09:36:45,$ 3233.00,104
729,09:36:45,$ 3233.00,196
730,09:36:45,$ 3232.86,100
731,09:36:44,$ 3232.42,100
732,09:36:40,$ 3231.74,200
733,09:36:39,$ 3231.06,216
734,09:36:34,$ 3231.64,100
736,09:36:34,$ 3231.63,100
737,09:36:34,$ 3231.874,121
738,09:36:29,$ 3232.6525,100
739,09:36:26,$ 3231.87,100
740,09:36:25,$ 3231.63,185
741,09:36:21,$ 3232.84,100
742,09:36:09,$ 3232.00,261
743,09:36:09,$ 3233.00,100
744,09:35:59,$ 3229.37,100
745,09:35:56,$ 3230.59,100
746,09:35:49,$ 3231.26,100
747,09:35:43,$ 3231.46,250
748,09:35:43,$ 3231.88,100
749,09:35:43,$ 3231.94,182
750,09:35:38,$ 3231.13,175
751,09:35:35,$ 3231.00,100
752,09:35:35,$ 3231.00,100
753,09:35:35,$ 3231.00,280
754,09:35:29,$ 3230.84,400
755,09:35:29,$ 3230.84,100
757,09:35:29,$ 3230.84,155
758,09:35:28,$ 3231.3101,100
759,09:35:27,$ 3230.35,112
760,09:35:24,$ 3229.215,175
761,09:35:19,$ 3230.6535,100
762,09:35:17,$ 3231.25,100
763,09:35:17,$ 3232.00,112
764,09:35:17,$ 3230.00,256
765,09:35:17,$ 3229.505,400
766,09:35:17,$ 3230.00,100
767,09:35:17,$ 3230.00,"1,000"
768,09:35:16,$ 3229.81,100
769,09:35:16,$ 3229.00,209
770,09:35:16,$ 3229.19,100
771,09:35:15,$ 3228.9048,150
772,09:35:14,$ 3229.19,100
773,09:35:14,$ 3229.15,100
774,09:35:12,$ 3228.16,100
775,09:35:12,$ 3227.59,100
776,09:35:05,$ 3229.86,100
778,09:35:05,$ 3229.42,100
779,09:35:05,$ 3229.23,100
780,09:35:05,$ 3229.30,100
781,09:35:05,$ 3229.17,100
782,09:35:05,$ 3229.25,123
783,09:35:05,$ 3229.24,100
784,09:35:05,$ 3229.17,100
785,09:35:02,$ 3229.20,100
786,09:35:00,$ 3228.54,175
787,09:35:00,$ 3228.68,100
788,09:35:00,$ 3228.12,100
789,09:34:58,$ 3227.50,100
790,09:34:56,$ 3227.00,100
791,09:34:56,$ 3227.00,100
792,09:34:56,$ 3227.00,360
793,09:34:56,$ 3227.00,121
794,09:34:52,$ 3225.18,100
795,09:34:50,$ 3224.0032,100
796,09:34:46,$ 3224.565,100
797,09:34:42,$ 3222.99,216
799,09:34:40,$ 3224.755,100
800,09:34:39,$ 3223.929,100
801,09:34:39,$ 3224.99,100
802,09:34:39,$ 3225.00,703
803,09:34:39,$ 3225.00,297
804,09:34:39,$ 3224.25,300
805,09:34:39,$ 3224.00,400
806,09:34:39,$ 3223.78,100
807,09:34:39,$ 3223.79,100
808,09:34:39,$ 3223.78,100
809,09:34:20,$ 3221.19,100
810,09:34:11,$ 3221.0815,287
811,09:34:07,$ 3220.85,200
812,09:34:07,$ 3220.8272,100
813,09:34:07,$ 3221.99,"1,000"
814,09:33:56,$ 3222.00,400
815,09:33:49,$ 3222.175,100
816,09:33:44,$ 3222.21,152
817,09:33:32,$ 3222.72,112
818,09:33:26,$ 3222.87,100
820,09:33:25,$ 3222.77,100
821,09:33:25,$ 3222.76,100
822,09:33:22,$ 3222.816,100
823,09:33:21,$ 3222.20,319
824,09:33:21,$ 3223.90,197
825,09:33:21,$ 3224.00,100
826,09:33:21,$ 3224.00,132
827,09:33:19,$ 3223.29,100
828,09:33:15,$ 3222.3389,100
829,09:33:15,$ 3222.32,100
830,09:33:09,$ 3221.43,100
831,09:33:09,$ 3221.45,100
832,09:33:07,$ 3220.66,200
833,09:33:03,$ 3221.635,100
834,09:33:03,$ 3220.66,100
835,09:33:01,$ 3219.73,100
836,09:32:58,$ 3218.96,100
837,09:32:46,$ 3218.39,250
838,09:32:46,$ 3219.9799,150
839,09:32:25,$ 3219.345,100
841,09:32:25,$ 3219.34,100
842,09:32:19,$ 3219.54,100
843,09:32:01,$ 3220.00,226
844,09:32:01,$ 3220.00,100
845,09:32:01,$ 3220.00,112
846,09:31:52,$ 3220.00,308
847,09:31:40,$ 3220.895,100
848,09:31:32,$ 3221.485,100
849,09:31:32,$ 3221.485,100
850,09:31:32,$ 3221.485,100
851,09:31:32,$ 3221.485,100
852,09:31:27,$ 3222.015,100
853,09:31:26,$ 3223.90,100
854,09:31:26,$ 3222.80,281
855,09:31:26,$ 3221.24,150
856,09:31:26,$ 3222.98,400
857,09:31:26,$ 3223.12,400
858,09:31:26,$ 3221.24,100
859,09:31:26,$ 3223.90,100
860,09:31:26,$ 3221.72,100
862,09:31:26,$ 3222.96,100
863,09:31:22,$ 3220.2851,200
864,09:31:21,$ 3220.85,100
865,09:31:15,$ 3219.8201,100
866,09:31:14,$ 3220.515,100
867,09:31:14,$ 3220.52,100
868,09:31:14,$ 3220.52,100
869,09:31:06,$ 3218.505,"1,000"
870,09:30:56,$ 3222.50,100
871,09:30:56,$ 3222.46,100
872,09:30:51,$ 3220.72,100
873,09:30:50,$ 3221.97,100
874,09:30:49,$ 3220.89,100
875,09:30:49,$ 3222.31,100
876,09:30:49,$ 3222.99,100
877,09:30:49,$ 3222.99,100
878,09:30:49,$ 3223.00,195
879,09:30:49,$ 3223.01,100
880,09:30:47,$ 3221.81,100
881,09:30:45,$ 3221.80,100
883,09:30:45,$ 3221.80,100
884,09:30:44,$ 3221.80,100
885,09:30:44,$ 3221.79,100
886,09:30:41,$ 3222.27,100
887,09:30:41,$ 3220.48,100
888,09:30:41,$ 3221.73,300
889,09:30:37,$ 3220.00,100
890,09:30:37,$ 3220.40,100
891,09:30:20,$ 3223.13,100
892,09:30:18,$ 3222.30,100
893,09:30:16,$ 3223.3615,680
894,09:30:16,$ 3222.88,100
895,09:30:14,$ 3222.27,100
896,09:30:14,$ 3222.36,500
897,09:30:14,$ 3222.955,100
898,09:30:14,$ 3222.05,100
899,09:30:14,$ 3222.26,100
900,09:30:13,$ 3221.59,100
901,09:30:09,$ 3222.02,100
902,09:30:09,$ 3222.22,100
904,09:30:09,$ 3221.05,100
905,09:30:09,$ 3221.00,600
906,09:30:09,$ 3221.00,100
907,09:30:09,$ 3220.79,100
908,09:30:09,$ 3221.06,100
909,09:30:09,$ 3221.06,100
910,09:30:09,$ 3221.05,100
911,09:30:09,$ 3221.04,100
912,09:30:09,$ 3221.53,100
913,09:30:09,$ 3222.44,100
914,09:30:08,$ 3221.84,100
915,09:30:05,$ 3223.8225,100
916,09:30:05,$ 3222.35,100
917,09:30:04,$ 3222.30,170
918,09:30:04,$ 3221.915,100
919,09:30:04,$ 3221.94,100
920,09:30:04,$ 3221.94,100
921,09:30:04,$ 3221.915,100
922,09:30:04,$ 3221.72,100
923,09:30:03,$ 3223.52,100
925,09:30:02,$ 3222.99,100
926,09:30:02,$ 3222.61,2
927,09:30:02,$ 3222.61,31
928,09:30:02,$ 3222.61,3
929,09:30:02,$ 3222.61,15
930,09:30:02,$ 3222.61,2
931,09:30:02,$ 3222.61,2
932,09:30:02,$ 3222.61,2
933,09:30:02,$ 3222.61,1
934,09:30:02,$ 3222.61,6
935,09:30:02,$ 3222.61,25
936,09:30:02,$ 3222.61,3
937,09:30:02,$ 3222.61,18
938,09:30:02,$ 3222.61,3
939,09:30:02,$ 3222.61,3
940,09:30:02,$ 3222.61,2
941,09:30:02,$ 3222.61,2
942,09:30:02,$ 3222.61,4
943,09:30:02,$ 3222.61,50
944,09:30:02,$ 3222.61,10
946,09:30:02,$ 3222.61,1
947,09:30:02,$ 3222.61,5
948,09:30:02,$ 3222.61,1
949,09:30:02,$ 3222.61,4
950,09:30:02,$ 3222.61,9
951,09:30:02,$ 3222.61,2
952,09:30:02,$ 3222.61,1
953,09:30:02,$ 3222.61,10
954,09:30:02,$ 3222.61,9
955,09:30:02,$ 3222.61,3
956,09:30:02,$ 3222.61,1
957,09:30:02,$ 3222.61,5
958,09:30:02,$ 3222.61,10
959,09:30:02,$ 3222.61,1
960,09:30:02,$ 3222.61,1
961,09:30:02,$ 3222.61,1
962,09:30:02,$ 3222.61,3
963,09:30:02,$ 3222.61,10
964,09:30:02,$ 3222.61,4
965,09:30:02,$ 3222.61,2
967,09:30:02,$ 3222.61,3
968,09:30:02,$ 3222.61,2
969,09:30:02,$ 3222.61,30
970,09:30:02,$ 3222.61,6
971,09:30:02,$ 3222.61,2
972,09:30:02,$ 3222.61,2
973,09:30:02,$ 3222.61,5
974,09:30:02,$ 3222.61,2
975,09:30:02,$ 3222.61,1
976,09:30:02,$ 3222.61,3
977,09:30:02,$ 3222.61,10
978,09:30:02,$ 3222.61,1
979,09:30:02,$ 3222.61,2
980,09:30:02,$ 3222.61,3
981,09:30:02,$ 3222.61,3
982,09:30:02,$ 3222.61,2
983,09:30:02,$ 3222.61,5
984,09:30:02,$ 3222.61,2
985,09:30:02,$ 3222.61,5
986,09:30:02,$ 3222.61,3
988,09:30:02,$ 3222.61,1
989,09:30:02,$ 3222.61,10
990,09:30:02,$ 3222.61,1
991,09:30:02,$ 3222.61,1
992,09:30:02,$ 3222.61,5
993,09:30:02,$ 3222.61,2
994,09:30:02,$ 3222.61,1
995,09:30:02,$ 3222.61,10
996,09:30:02,$ 3222.61,1
997,09:30:02,$ 3222.61,3
998,09:30:02,$ 3222.61,1
999,09:30:02,$ 3222.61,3
1000,09:30:02,$ 3222.61,6
1001,09:30:02,$ 3222.61,3
1002,09:30:02,$ 3222.61,10
1003,09:30:02,$ 3222.61,31
1004,09:30:02,$ 3222.61,1
1005,09:30:02,$ 3222.61,3
1006,09:30:02,$ 3222.61,3
1007,09:30:02,$ 3222.61,1
1009,09:30:02,$ 3222.61,2
1010,09:30:02,$ 3222.61,1
1011,09:30:02,$ 3222.61,6
1012,09:30:02,$ 3222.61,6
1013,09:30:02,$ 3222.61,20
1014,09:30:02,$ 3222.61,8
1015,09:30:02,$ 3222.61,6
1016,09:30:02,$ 3222.61,1
1017,09:30:02,$ 3222.61,2
1018,09:30:02,$ 3222.61,4
1019,09:30:02,$ 3222.61,1
1020,09:30:02,$ 3222.61,1
1021,09:30:02,$ 3222.61,2
1022,09:30:02,$ 3222.61,2
1023,09:30:02,$ 3222.61,6
1024,09:30:02,$ 3222.61,5
1025,09:30:02,$ 3222.61,3
1026,09:30:02,$ 3222.61,5
1027,09:30:02,$ 3222.61,1
1028,09:30:02,$ 3222.61,1
1030,09:30:02,$ 3222.61,1
1031,09:30:02,$ 3222.61,2
1032,09:30:02,$ 3222.61,1
1033,09:30:02,$ 3222.61,1
1034,09:30:02,$ 3222.61,10
1035,09:30:02,$ 3222.61,3
1036,09:30:02,$ 3222.61,1
1037,09:30:02,$ 3222.61,1
1038,09:30:02,$ 3222.61,30
1039,09:30:02,$ 3222.61,5
1040,09:30:02,$ 3222.61,7
1041,09:30:02,$ 3222.61,7
1042,09:30:02,$ 3222.61,2
1043,09:30:02,$ 3222.61,29
1044,09:30:02,$ 3222.61,11
1045,09:30:02,$ 3222.61,3
1046,09:30:02,$ 3222.61,2
1047,09:30:02,$ 3222.61,25
1048,09:30:02,$ 3222.61,3
1049,09:30:02,$ 3222.61,4
1051,09:30:02,$ 3222.61,2
1052,09:30:02,$ 3222.61,17
1053,09:30:02,$ 3222.61,2
1054,09:30:02,$ 3222.61,2
1055,09:30:02,$ 3222.61,4
1056,09:30:02,$ 3222.61,1
1057,09:30:02,$ 3222.61,3
1058,09:30:02,$ 3222.61,2
1059,09:30:02,$ 3222.61,2
1060,09:30:02,$ 3222.61,20
1061,09:30:02,$ 3222.61,10
1062,09:30:02,$ 3222.61,7
1063,09:30:02,$ 3222.61,4
1064,09:30:02,$ 3222.61,1
1065,09:30:02,$ 3222.61,6
1066,09:30:02,$ 3222.61,1
1067,09:30:02,$ 3222.61,2
1068,09:30:02,$ 3222.61,3
1069,09:30:02,$ 3222.61,15
1070,09:30:02,$ 3222.61,6
1072,09:30:02,$ 3222.61,5
1073,09:30:02,$ 3222.61,10
1074,09:30:02,$ 3222.61,1
1075,09:30:02,$ 3222.61,3
1076,09:30:02,$ 3222.61,2
1077,09:30:02,$ 3222.61,3
1078,09:30:02,$ 3222.61,3
1079,09:30:02,$ 3222.61,7
1080,09:30:02,$ 3222.61,1
1081,09:30:02,$ 3222.61,3
1082,09:30:02,$ 3222.61,1
1083,09:30:02,$ 3222.61,2
1084,09:30:02,$ 3222.61,1
1085,09:30:02,$ 3222.61,10
1086,09:30:02,$ 3222.61,30
1087,09:30:02,$ 3222.61,1
1088,09:30:02,$ 3222.61,1
1089,09:30:02,$ 3222.61,1
1090,09:30:02,$ 3222.61,1
1091,09:30:02,$ 3222.61,10
1093,09:30:02,$ 3222.61,2
1094,09:30:02,$ 3222.61,25
1095,09:30:02,$ 3222.61,1
1096,09:30:02,$ 3222.61,1
1097,09:30:02,$ 3222.61,3
1098,09:30:02,$ 3222.61,5
1099,09:30:02,$ 3222.61,2
1100,09:30:02,$ 3222.61,2
1101,09:30:02,$ 3222.61,4
1102,09:30:02,$ 3222.61,1
1103,09:30:02,$ 3222.61,63
1104,09:30:02,$ 3222.61,15
1105,09:30:02,$ 3222.61,1
1106,09:30:02,$ 3222.61,2
1107,09:30:02,$ 3222.61,1
1108,09:30:02,$ 3222.61,15
1109,09:30:02,$ 3222.61,10
1110,09:30:02,$ 3222.61,1
1111,09:30:02,$ 3222.61,1
1112,09:30:02,$ 3222.61,1
1114,09:30:02,$ 3222.61,1
1115,09:30:02,$ 3222.61,7
1116,09:30:02,$ 3222.61,6
1117,09:30:02,$ 3222.61,5
1118,09:30:02,$ 3222.61,20
1119,09:30:02,$ 3222.61,2
1120,09:30:02,$ 3222.61,1
1121,09:30:02,$ 3222.61,1
1122,09:30:02,$ 3222.61,1
1123,09:30:02,$ 3222.61,1
1124,09:30:02,$ 3222.61,10
1125,09:30:02,$ 3222.61,2
1126,09:30:02,$ 3222.61,1
1127,09:30:02,$ 3222.61,8
1128,09:30:02,$ 3222.61,15
1129,09:30:02,$ 3222.61,23
1130,09:30:02,$ 3222.61,5
1131,09:30:02,$ 3222.61,10
1132,09:30:02,$ 3222.61,1
1133,09:30:02,$ 3222.61,10
1135,09:30:02,$ 3222.61,3
1136,09:30:02,$ 3222.61,2
1137,09:30:02,$ 3222.61,2
1138,09:30:02,$ 3222.61,2
1139,09:30:02,$ 3222.61,1
1140,09:30:02,$ 3222.61,1
1141,09:30:02,$ 3222.61,2
1142,09:30:02,$ 3222.61,22
1143,09:30:02,$ 3222.61,72
1144,09:30:02,$ 3222.61,3
1145,09:30:02,$ 3222.61,1
1146,09:30:02,$ 3222.61,3
1147,09:30:02,$ 3222.61,2
1148,09:30:02,$ 3222.61,4
1149,09:30:02,$ 3222.61,5
1150,09:30:02,$ 3222.61,2
1151,09:30:02,$ 3222.61,20
1152,09:30:02,$ 3222.61,6
1153,09:30:02,$ 3222.61,3
1154,09:30:02,$ 3222.61,8
1156,09:30:02,$ 3222.61,25
1157,09:30:02,$ 3222.61,50
1158,09:30:02,$ 3222.61,18
1159,09:30:02,$ 3222.61,1
1160,09:30:02,$ 3222.61,3
1161,09:30:02,$ 3222.61,6
1162,09:30:02,$ 3222.61,4
1163,09:30:02,$ 3222.61,5
1164,09:30:02,$ 3222.61,15
1165,09:30:02,$ 3222.61,1
1166,09:30:02,$ 3222.61,2
1167,09:30:02,$ 3222.61,2
1168,09:30:02,$ 3222.61,5
1169,09:30:02,$ 3222.61,5
1170,09:30:02,$ 3222.61,4
1171,09:30:02,$ 3222.61,3
1172,09:30:02,$ 3222.61,2
1173,09:30:02,$ 3222.61,2
1174,09:30:02,$ 3222.61,7
1175,09:30:02,$ 3222.61,1
1177,09:30:02,$ 3222.61,41
1178,09:30:02,$ 3222.61,3
1179,09:30:02,$ 3222.61,1
1180,09:30:02,$ 3222.61,5
1181,09:30:02,$ 3222.61,5
1182,09:30:02,$ 3222.61,2
1183,09:30:02,$ 3222.61,10
1184,09:30:02,$ 3222.61,1
1185,09:30:02,$ 3222.61,6
1186,09:30:02,$ 3222.61,3
1187,09:30:02,$ 3222.61,3
1188,09:30:02,$ 3222.61,10
1189,09:30:02,$ 3222.61,10
1190,09:30:02,$ 3222.61,1
1191,09:30:02,$ 3222.61,6
1192,09:30:02,$ 3222.61,25
1193,09:30:02,$ 3222.61,1
1194,09:30:02,$ 3222.61,3
1195,09:30:02,$ 3222.61,10
1196,09:30:02,$ 3222.61,1
1198,09:30:02,$ 3222.61,10
1199,09:30:02,$ 3222.61,1
1200,09:30:02,$ 3222.61,3
1201,09:30:02,$ 3222.61,1
1202,09:30:02,$ 3222.61,1
1203,09:30:02,$ 3222.61,22
1204,09:30:02,$ 3222.61,2
1205,09:30:02,$ 3222.61,30
1206,09:30:02,$ 3222.61,3
1207,09:30:02,$ 3222.61,15
1208,09:30:02,$ 3222.61,4
1209,09:30:02,$ 3222.61,1
1210,09:30:02,$ 3222.61,5
1211,09:30:02,$ 3222.61,1
1212,09:30:02,$ 3222.61,3
1213,09:30:02,$ 3222.61,2
1214,09:30:02,$ 3222.61,1
1215,09:30:02,$ 3222.61,12
1216,09:30:02,$ 3222.61,1
1217,09:30:02,$ 3222.61,1
1219,09:30:02,$ 3222.61,2
1220,09:30:02,$ 3222.61,6
1221,09:30:02,$ 3222.61,6
1222,09:30:02,$ 3222.61,3
1223,09:30:02,$ 3222.61,2
1224,09:30:02,$ 3222.61,1
1225,09:30:02,$ 3222.61,1
1226,09:30:02,$ 3222.61,1
1227,09:30:02,$ 3222.61,2
1228,09:30:02,$ 3222.61,2
1229,09:30:02,$ 3222.61,2
1230,09:30:02,$ 3222.61,2
1231,09:30:02,$ 3222.61,9
1232,09:30:02,$ 3222.61,10
1233,09:30:02,$ 3222.61,1
1234,09:30:02,$ 3222.61,117
1235,09:30:02,$ 3222.61,2
1236,09:30:02,$ 3222.61,1
1237,09:30:02,$ 3222.61,1
1238,09:30:02,$ 3222.61,2
1240,09:30:02,$ 3222.61,7
1241,09:30:02,$ 3222.61,3
1242,09:30:02,$ 3222.61,1
1243,09:30:02,$ 3222.61,12
1244,09:30:02,$ 3222.61,5
1245,09:30:02,$ 3222.61,2
1246,09:30:02,$ 3222.61,32
1247,09:30:02,$ 3222.61,20
1248,09:30:02,$ 3222.61,12
1249,09:30:02,$ 3222.61,1
1250,09:30:02,$ 3222.61,9
1251,09:30:02,$ 3222.61,1
1252,09:30:02,$ 3222.61,4
1253,09:30:02,$ 3222.61,50
1254,09:30:02,$ 3222.61,10
1255,09:30:02,$ 3222.61,5
1256,09:30:02,$ 3222.61,5
1257,09:30:02,$ 3222.61,1
1258,09:30:02,$ 3222.61,9
1259,09:30:02,$ 3222.61,8
1261,09:30:02,$ 3222.61,2
1262,09:30:02,$ 3222.61,6
1263,09:30:02,$ 3222.61,1
1264,09:30:02,$ 3222.61,6
1265,09:30:02,$ 3222.61,2
1266,09:30:02,$ 3222.61,10
1267,09:30:02,$ 3222.61,5
1268,09:30:02,$ 3222.61,100
1269,09:30:02,$ 3222.61,1
1270,09:30:02,$ 3222.61,8
1271,09:30:02,$ 3222.61,9
1272,09:30:02,$ 3222.61,1
1273,09:30:02,$ 3222.61,1
1274,09:30:02,$ 3222.61,1
1275,09:30:02,$ 3222.61,18
1276,09:30:02,$ 3222.61,17
1277,09:30:02,$ 3222.61,9
1278,09:30:02,$ 3222.61,3
1279,09:30:02,$ 3222.61,2
1280,09:30:02,$ 3222.61,3
1282,09:30:02,$ 3222.61,1
1283,09:30:02,$ 3222.61,1
1284,09:30:02,$ 3222.61,2
1285,09:30:02,$ 3222.61,2
1286,09:30:02,$ 3222.61,10
1287,09:30:02,$ 3222.61,1
1288,09:30:02,$ 3222.61,6
1289,09:30:02,$ 3222.61,4
1290,09:30:02,$ 3222.61,30
1291,09:30:02,$ 3222.61,25
1292,09:30:02,$ 3222.61,8
1293,09:30:02,$ 3222.61,5
1294,09:30:02,$ 3222.61,4
1295,09:30:02,$ 3222.61,3
1296,09:30:02,$ 3222.61,75
1297,09:30:02,$ 3222.61,2
1298,09:30:02,$ 3222.61,3
1299,09:30:02,$ 3222.61,1
1300,09:30:02,$ 3222.61,1
1301,09:30:02,$ 3222.61,3
1303,09:30:02,$ 3222.61,1
1304,09:30:02,$ 3222.61,1
1305,09:30:02,$ 3222.61,2
1306,09:30:02,$ 3222.61,2
1307,09:30:02,$ 3222.61,2
1308,09:30:02,$ 3222.61,2
1309,09:30:02,$ 3222.61,1
1310,09:30:02,$ 3222.61,1
1311,09:30:02,$ 3222.61,2
1312,09:30:02,$ 3222.61,2
1313,09:30:02,$ 3222.61,2
1314,09:30:02,$ 3222.61,1
1315,09:30:02,$ 3222.61,2
1316,09:30:02,$ 3222.61,1
1317,09:30:02,$ 3222.61,1
1318,09:30:02,$ 3222.61,25
1319,09:30:02,$ 3222.61,6
1320,09:30:02,$ 3222.61,1
1321,09:30:02,$ 3222.61,2
1322,09:30:02,$ 3222.61,5
1324,09:30:02,$ 3222.61,1
1325,09:30:02,$ 3222.61,1
1326,09:30:02,$ 3222.61,1
1327,09:30:02,$ 3222.61,10
1328,09:30:02,$ 3222.61,12
1329,09:30:02,$ 3222.61,10
1330,09:30:02,$ 3222.61,1
1331,09:30:02,$ 3222.61,4
1332,09:30:02,$ 3222.61,15
1333,09:30:02,$ 3222.61,2
1334,09:30:02,$ 3222.61,3
1335,09:30:02,$ 3222.61,5
1336,09:30:02,$ 3222.61,3
1337,09:30:02,$ 3222.61,2
1338,09:30:02,$ 3222.61,3
1339,09:30:02,$ 3222.61,2
1340,09:30:02,$ 3222.61,3
1341,09:30:02,$ 3222.61,10
1342,09:30:02,$ 3222.61,3
1343,09:30:02,$ 3222.61,30
1345,09:30:02,$ 3222.61,1
1346,09:30:02,$ 3222.61,1
1347,09:30:02,$ 3222.61,1
1348,09:30:02,$ 3222.61,3
1349,09:30:02,$ 3222.61,5
1350,09:30:02,$ 3222.61,2
1351,09:30:02,$ 3222.61,10
1352,09:30:02,$ 3222.61,8
1353,09:30:02,$ 3222.61,1
1354,09:30:02,$ 3222.61,29
1355,09:30:02,$ 3222.61,5
1356,09:30:02,$ 3222.61,1
1357,09:30:02,$ 3222.61,30
1358,09:30:02,$ 3222.61,2
1359,09:30:02,$ 3222.61,5
1360,09:30:02,$ 3222.61,1
1361,09:30:02,$ 3222.61,4
1362,09:30:02,$ 3222.61,1
1363,09:30:02,$ 3222.61,1
1364,09:30:02,$ 3222.61,4
1366,09:30:02,$ 3222.61,2
1367,09:30:02,$ 3222.61,4
1368,09:30:02,$ 3222.61,3
1369,09:30:02,$ 3222.61,1
1370,09:30:02,$ 3222.61,2
1371,09:30:02,$ 3222.61,3
1372,09:30:02,$ 3222.61,2
1373,09:30:02,$ 3222.61,3
1374,09:30:02,$ 3222.61,1
1375,09:30:02,$ 3222.61,4
1376,09:30:02,$ 3222.61,3
1377,09:30:02,$ 3222.61,1
1378,09:30:02,$ 3222.61,1
1379,09:30:02,$ 3222.61,3
1380,09:30:02,$ 3222.61,7
1381,09:30:02,$ 3222.61,16
1382,09:30:02,$ 3222.61,1
1383,09:30:02,$ 3222.61,19
1384,09:30:02,$ 3222.61,2
1385,09:30:02,$ 3222.61,1
1387,09:30:02,$ 3222.61,2
1388,09:30:02,$ 3222.61,100
1389,09:30:02,$ 3222.61,23
1390,09:30:02,$ 3222.61,7
1391,09:30:02,$ 3222.61,3
1392,09:30:02,$ 3222.61,17
1393,09:30:02,$ 3222.61,1
1394,09:30:02,$ 3222.61,3
1395,09:30:02,$ 3222.61,21
1396,09:30:02,$ 3222.61,1
1397,09:30:02,$ 3222.61,1
1398,09:30:02,$ 3222.61,1
1399,09:30:02,$ 3222.61,62
1400,09:30:02,$ 3222.61,2
1401,09:30:02,$ 3222.61,11
1402,09:30:02,$ 3222.61,34
1403,09:30:02,$ 3222.61,21
1404,09:30:02,$ 3222.61,200
1405,09:30:02,$ 3222.61,1
1406,09:30:02,$ 3222.61,5
1408,09:30:02,$ 3222.61,1
1409,09:30:02,$ 3222.61,10
1410,09:30:02,$ 3222.61,53
1411,09:30:02,$ 3222.61,25
1412,09:30:02,$ 3222.61,12
1413,09:30:02,$ 3222.61,37
1414,09:30:02,$ 3222.61,50
1415,09:30:02,$ 3222.61,250
1416,09:30:02,$ 3222.61,1
1417,09:30:02,$ 3222.61,3
1418,09:30:02,$ 3222.61,3
1419,09:30:02,$ 3222.61,49
1420,09:30:02,$ 3222.61,2
1421,09:30:02,$ 3222.61,2
1422,09:30:02,$ 3222.61,15
1423,09:30:02,$ 3222.61,5
1424,09:30:02,$ 3222.61,3
1425,09:30:02,$ 3222.61,1
1426,09:30:02,$ 3222.61,1
1427,09:30:02,$ 3222.61,5
1429,09:30:02,$ 3222.61,1
1430,09:30:02,$ 3222.61,10
1431,09:30:02,$ 3222.61,1
1432,09:30:02,$ 3222.61,1
1433,09:30:02,$ 3222.61,13
1434,09:30:02,$ 3222.61,1
1435,09:30:02,$ 3222.61,44
1436,09:30:02,$ 3222.61,1
1437,09:30:02,$ 3222.61,10
1438,09:30:02,$ 3222.61,2
1439,09:30:02,$ 3222.61,5
1440,09:30:02,$ 3222.61,1
1441,09:30:02,$ 3222.61,30
1442,09:30:02,$ 3222.61,1
1443,09:30:02,$ 3222.61,3
1444,09:30:02,$ 3222.61,2
1445,09:30:02,$ 3222.61,10
1446,09:30:02,$ 3222.61,1
1447,09:30:02,$ 3222.61,1
1448,09:30:02,$ 3222.61,10
1450,09:30:02,$ 3222.61,100
1451,09:30:02,$ 3222.61,2
1452,09:30:02,$ 3222.61,18
1453,09:30:02,$ 3222.61,6
1454,09:30:02,$ 3222.61,1
1455,09:30:02,$ 3222.61,10
1456,09:30:02,$ 3222.61,5
1457,09:30:02,$ 3222.61,1
1458,09:30:02,$ 3222.61,1
1459,09:30:02,$ 3222.61,2
1460,09:30:02,$ 3222.61,25
1461,09:30:02,$ 3222.61,42
1462,09:30:02,$ 3222.61,10
1463,09:30:02,$ 3222.61,1
1464,09:30:02,$ 3222.61,2
1465,09:30:02,$ 3222.61,30
1466,09:30:02,$ 3222.61,1
1467,09:30:02,$ 3222.61,2
1468,09:30:02,$ 3222.61,2
1469,09:30:02,$ 3222.61,5
1471,09:30:02,$ 3222.61,3
1472,09:30:02,$ 3222.61,2
1473,09:30:02,$ 3222.61,1
1474,09:30:02,$ 3222.61,10
1475,09:30:02,$ 3222.61,1
1476,09:30:02,$ 3222.61,5
1477,09:30:02,$ 3222.61,1
1478,09:30:02,$ 3222.61,4
1479,09:30:02,$ 3222.61,1
1480,09:30:02,$ 3222.61,2
1481,09:30:02,$ 3222.61,5
1482,09:30:02,$ 3222.61,1
1483,09:30:02,$ 3222.61,1
1484,09:30:02,$ 3222.61,3
1485,09:30:02,$ 3222.61,1
1486,09:30:02,$ 3222.61,1
1487,09:30:02,$ 3222.61,2
1488,09:30:02,$ 3222.61,1
1489,09:30:02,$ 3222.61,1
1490,09:30:02,$ 3222.61,15
1492,09:30:02,$ 3222.61,1
1493,09:30:02,$ 3222.61,3
1494,09:30:02,$ 3222.61,3
1495,09:30:02,$ 3222.61,1
1496,09:30:02,$ 3222.61,4
1497,09:30:02,$ 3222.61,15
1498,09:30:02,$ 3222.61,4
1499,09:30:02,$ 3222.61,2
1500,09:30:02,$ 3222.61,1
1501,09:30:02,$ 3222.61,1
1502,09:30:02,$ 3222.61,7
1503,09:30:02,$ 3222.61,2
1504,09:30:02,$ 3222.61,20
1505,09:30:02,$ 3222.61,2
1506,09:30:02,$ 3222.61,2
1507,09:30:02,$ 3222.61,2
1508,09:30:02,$ 3222.61,3
1509,09:30:02,$ 3222.61,13
1510,09:30:02,$ 3222.61,6
1511,09:30:02,$ 3222.61,1
1513,09:30:02,$ 3222.61,1
1514,09:30:02,$ 3222.61,1
1515,09:30:02,$ 3222.61,3
1516,09:30:02,$ 3222.61,2
1517,09:30:02,$ 3222.61,9
1518,09:30:02,$ 3222.61,8
1519,09:30:02,$ 3222.61,2
1520,09:30:02,$ 3222.61,15
1521,09:30:02,$ 3222.61,30
1522,09:30:02,$ 3222.61,1
1523,09:30:02,$ 3222.61,10
1524,09:30:02,$ 3222.61,3
1525,09:30:02,$ 3222.61,2
1526,09:30:02,$ 3222.61,1
1527,09:30:02,$ 3222.61,1
1528,09:30:02,$ 3222.61,16
1529,09:30:02,$ 3222.61,2
1530,09:30:02,$ 3222.61,6
1531,09:30:02,$ 3222.61,3
1532,09:30:02,$ 3222.61,2
1534,09:30:02,$ 3222.61,64
1535,09:30:02,$ 3222.61,5
1536,09:30:02,$ 3222.61,1
1537,09:30:02,$ 3222.61,10
1538,09:30:02,$ 3222.61,20
1539,09:30:02,$ 3222.61,5
1540,09:30:02,$ 3222.61,5
1541,09:30:02,$ 3222.61,1
1542,09:30:02,$ 3222.61,2
1543,09:30:02,$ 3222.61,1
1544,09:30:02,$ 3222.61,1
1545,09:30:02,$ 3222.61,1
1546,09:30:02,$ 3222.61,10
1547,09:30:02,$ 3222.61,8
1548,09:30:02,$ 3222.61,25
1549,09:30:02,$ 3222.61,7
1550,09:30:02,$ 3222.61,3
1551,09:30:02,$ 3222.61,10
1552,09:30:02,$ 3222.61,2
1553,09:30:02,$ 3222.61,5
1555,09:30:02,$ 3222.61,1
1556,09:30:02,$ 3222.61,3
1557,09:30:02,$ 3222.61,1
1558,09:30:02,$ 3222.61,27
1559,09:30:02,$ 3222.61,1
1560,09:30:02,$ 3222.61,1
1561,09:30:02,$ 3222.61,1
1562,09:30:02,$ 3222.61,1
1563,09:30:02,$ 3222.61,5
1564,09:30:02,$ 3222.61,2
1565,09:30:02,$ 3222.61,3
1566,09:30:02,$ 3222.61,15
1567,09:30:02,$ 3222.61,5
1568,09:30:02,$ 3222.61,1
1569,09:30:02,$ 3222.61,10
1570,09:30:02,$ 3222.61,1
1571,09:30:02,$ 3222.61,18
1572,09:30:02,$ 3222.61,5
1573,09:30:02,$ 3222.61,1
1574,09:30:02,$ 3222.61,15
1576,09:30:02,$ 3222.61,3
1577,09:30:02,$ 3222.61,5
1578,09:30:02,$ 3222.61,10
1579,09:30:02,$ 3222.61,7
1580,09:30:02,$ 3222.61,5
1581,09:30:02,$ 3222.61,10
1582,09:30:02,$ 3222.61,1
1583,09:30:02,$ 3222.61,10
1584,09:30:02,$ 3222.61,10
1585,09:30:02,$ 3222.61,1
1586,09:30:02,$ 3222.61,10
1587,09:30:02,$ 3222.61,2
1588,09:30:02,$ 3222.61,3
1589,09:30:02,$ 3222.61,1
1590,09:30:02,$ 3222.61,1
1591,09:30:02,$ 3222.61,5
1592,09:30:02,$ 3222.61,2
1593,09:30:02,$ 3222.61,3
1594,09:30:02,$ 3222.61,1
1595,09:30:02,$ 3222.61,2
1597,09:30:02,$ 3222.61,10
1598,09:30:02,$ 3222.61,10
1599,09:30:02,$ 3222.61,1
1600,09:30:02,$ 3222.61,1
1601,09:30:02,$ 3222.61,1
1602,09:30:02,$ 3222.61,5
1603,09:30:02,$ 3222.61,1
1604,09:30:02,$ 3222.61,1
1605,09:30:02,$ 3222.61,1
1606,09:30:02,$ 3222.61,3
1607,09:30:02,$ 3222.61,5
1608,09:30:02,$ 3222.61,1
1609,09:30:02,$ 3222.61,1
1610,09:30:02,$ 3222.61,1
1611,09:30:02,$ 3222.61,1
1612,09:30:02,$ 3222.61,2
1613,09:30:02,$ 3222.61,1
1614,09:30:02,$ 3222.61,1
1615,09:30:02,$ 3222.61,2
1616,09:30:02,$ 3222.61,31
1618,09:30:02,$ 3222.61,2
1619,09:30:02,$ 3222.61,2
1620,09:30:02,$ 3222.61,1
1621,09:30:02,$ 3222.61,1
1622,09:30:02,$ 3222.61,2
1623,09:30:02,$ 3222.61,4
1624,09:30:02,$ 3222.61,2
1625,09:30:02,$ 3222.61,25
1626,09:30:02,$ 3222.61,60
1627,09:30:02,$ 3222.61,1
1628,09:30:02,$ 3222.61,3
1629,09:30:02,$ 3222.61,3
1630,09:30:02,$ 3222.61,1
1631,09:30:02,$ 3222.61,2
1632,09:30:02,$ 3222.61,5
1633,09:30:02,$ 3222.61,1
1634,09:30:02,$ 3222.61,2
1635,09:30:02,$ 3222.61,2
1636,09:30:02,$ 3222.61,10
1637,09:30:02,$ 3222.61,10
1639,09:30:02,$ 3222.61,1
1640,09:30:02,$ 3222.61,1
1641,09:30:02,$ 3222.61,31
1642,09:30:02,$ 3222.61,3
1643,09:30:02,$ 3222.61,10
1644,09:30:02,$ 3222.61,2
1645,09:30:02,$ 3222.61,3
1646,09:30:02,$ 3222.61,5
1647,09:30:02,$ 3222.61,20
1648,09:30:02,$ 3222.61,2
1649,09:30:02,$ 3222.61,1
1650,09:30:02,$ 3222.61,6
1651,09:30:02,$ 3222.61,50
1652,09:30:02,$ 3222.61,1
1653,09:30:02,$ 3222.61,1
1654,09:30:02,$ 3222.61,2
1655,09:30:02,$ 3222.61,2
1656,09:30:02,$ 3222.61,1
1657,09:30:02,$ 3222.61,5
1658,09:30:02,$ 3222.61,3
1660,09:30:02,$ 3222.61,3
1661,09:30:02,$ 3222.61,7
1662,09:30:02,$ 3222.61,100
1663,09:30:02,$ 3222.61,7
1664,09:30:02,$ 3222.61,5
1665,09:30:02,$ 3222.61,1
1666,09:30:02,$ 3222.61,1
1667,09:30:02,$ 3222.61,5
1668,09:30:02,$ 3222.61,1
1669,09:30:02,$ 3222.61,1
1670,09:30:02,$ 3222.61,2
1671,09:30:02,$ 3222.61,2
1672,09:30:02,$ 3222.61,3
1673,09:30:02,$ 3222.61,1
1674,09:30:02,$ 3222.61,2
1675,09:30:02,$ 3222.61,1
1676,09:30:02,$ 3222.61,6
1677,09:30:02,$ 3222.61,2
1678,09:30:02,$ 3222.61,1
1679,09:30:02,$ 3222.61,25
1681,09:30:02,$ 3222.61,2
1682,09:30:02,$ 3222.61,50
1683,09:30:02,$ 3222.61,1
1684,09:30:02,$ 3222.61,13
1685,09:30:02,$ 3222.61,5
1686,09:30:02,$ 3222.61,5
1687,09:30:02,$ 3222.61,7
1688,09:30:02,$ 3222.61,1
1689,09:30:02,$ 3222.61,125
1690,09:30:02,$ 3222.61,1
1691,09:30:02,$ 3222.61,1
1692,09:30:02,$ 3222.61,940
1693,09:30:02,$ 3222.61,20
1694,09:30:02,$ 3222.61,15
1695,09:30:02,$ 3222.61,1
1696,09:30:02,$ 3222.61,24
1697,09:30:02,$ 3222.61,8
1698,09:30:02,$ 3222.61,70
1699,09:30:02,$ 3222.61,12
1700,09:30:02,$ 3222.61,1
1702,09:30:02,$ 3222.61,503
1703,09:30:02,$ 3222.61,3
1704,09:30:02,$ 3222.61,3
1705,09:30:02,$ 3222.61,5
1706,09:30:02,$ 3222.61,1
1707,09:30:02,$ 3222.61,5
1708,09:30:02,$ 3222.61,16
1709,09:30:02,$ 3222.61,"2,000"
1710,09:30:02,$ 3222.61,19
1711,09:30:02,$ 3222.61,5
1712,09:30:02,$ 3222.61,1
1713,09:30:02,$ 3222.61,10
1714,09:30:02,$ 3222.61,1
1715,09:30:02,$ 3222.61,6
1716,09:30:02,$ 3222.61,1
1717,09:30:02,$ 3222.61,10
1718,09:30:02,$ 3222.61,200
1719,09:30:02,$ 3222.61,1
1720,09:30:02,$ 3222.61,5
1721,09:30:02,$ 3222.61,10
1723,09:30:02,$ 3222.61,1
1724,09:30:02,$ 3222.61,3
1725,09:30:02,$ 3222.61,10
1726,09:30:02,$ 3222.61,3
1727,09:30:02,$ 3222.61,5
1728,09:30:02,$ 3222.61,5
1729,09:30:02,$ 3222.61,1
1730,09:30:02,$ 3222.61,2
1731,09:30:02,$ 3222.61,5
1732,09:30:02,$ 3222.61,1
1733,09:30:02,$ 3222.61,1
1734,09:30:02,$ 3222.61,1
1735,09:30:02,$ 3222.61,2
1736,09:30:02,$ 3222.61,2
1737,09:30:02,$ 3222.61,2
1738,09:30:02,$ 3222.61,1
1739,09:30:02,$ 3222.61,2
1740,09:30:02,$ 3222.61,5
1741,09:30:02,$ 3222.61,1
1742,09:30:02,$ 3222.61,1
1744,09:30:02,$ 3222.61,5
1745,09:30:02,$ 3222.61,5
1746,09:30:02,$ 3222.61,10
1747,09:30:02,$ 3222.61,1
1748,09:30:02,$ 3222.61,4
1749,09:30:02,$ 3222.61,7
1750,09:30:02,$ 3222.61,4
1751,09:30:02,$ 3222.61,1
1752,09:30:02,$ 3222.61,20
1753,09:30:02,$ 3222.61,1
1754,09:30:02,$ 3222.61,2
1755,09:30:02,$ 3222.61,2
1756,09:30:02,$ 3222.61,7
1757,09:30:02,$ 3222.61,10
1758,09:30:02,$ 3222.61,1
1759,09:30:02,$ 3222.61,1
1760,09:30:02,$ 3222.61,2
1761,09:30:02,$ 3222.61,2
1762,09:30:02,$ 3222.61,2
1763,09:30:02,$ 3222.61,2
1765,09:30:02,$ 3222.61,1
1766,09:30:02,$ 3222.61,3
1767,09:30:02,$ 3222.61,1
1768,09:30:02,$ 3222.61,10
1769,09:30:02,$ 3222.61,10
1770,09:30:02,$ 3222.61,4
1771,09:30:02,$ 3222.61,2
1772,09:30:02,$ 3222.61,30
1773,09:30:02,$ 3222.61,30
1774,09:30:02,$ 3222.61,1
1775,09:30:02,$ 3222.61,1
1776,09:30:02,$ 3222.61,3
1777,09:30:02,$ 3222.61,1
1778,09:30:02,$ 3222.61,2
1779,09:30:02,$ 3222.61,1
1780,09:30:02,$ 3222.61,1
1781,09:30:02,$ 3222.61,5
1782,09:30:02,$ 3222.61,4
1783,09:30:02,$ 3222.61,3
1784,09:30:02,$ 3222.61,1
1786,09:30:02,$ 3222.61,7
1787,09:30:02,$ 3222.61,1
1788,09:30:02,$ 3222.61,2
1789,09:30:02,$ 3222.61,3
1790,09:30:02,$ 3222.61,3
1791,09:30:02,$ 3222.61,1
1792,09:30:02,$ 3222.61,1
1793,09:30:02,$ 3222.61,3
1794,09:30:02,$ 3222.61,3
1795,09:30:02,$ 3222.61,1
1796,09:30:02,$ 3222.61,2
1797,09:30:02,$ 3222.61,1
1798,09:30:02,$ 3222.61,3
1799,09:30:02,$ 3222.61,1
1800,09:30:02,$ 3222.61,16
1801,09:30:02,$ 3222.61,4
1802,09:30:02,$ 3222.61,1
1803,09:30:02,$ 3222.61,2
1804,09:30:02,$ 3222.61,2
1805,09:30:02,$ 3222.61,1
1807,09:30:02,$ 3222.61,1
1808,09:30:02,$ 3222.61,3
1809,09:30:02,$ 3222.61,1
1810,09:30:02,$ 3222.61,4
1811,09:30:02,$ 3222.61,3
1812,09:30:02,$ 3222.61,7
1813,09:30:02,$ 3222.61,3
1814,09:30:02,$ 3222.61,3
1815,09:30:02,$ 3222.61,7
1816,09:30:02,$ 3222.61,5
1817,09:30:02,$ 3222.61,25
1818,09:30:02,$ 3222.61,1
1819,09:30:02,$ 3222.61,1
1820,09:30:02,$ 3222.61,3
1821,09:30:02,$ 3222.61,2
1822,09:30:02,$ 3222.61,1
1823,09:30:02,$ 3222.61,8
1824,09:30:02,$ 3222.61,1
1825,09:30:02,$ 3222.61,1
1826,09:30:02,$ 3222.61,100
1828,09:30:02,$ 3222.61,10
1829,09:30:02,$ 3222.61,1
1830,09:30:02,$ 3222.61,4
1831,09:30:02,$ 3222.61,1
1832,09:30:02,$ 3222.61,20
1833,09:30:02,$ 3222.61,1
1834,09:30:02,$ 3222.61,2
1835,09:30:02,$ 3222.61,1
1836,09:30:02,$ 3222.61,8
1837,09:30:02,$ 3222.61,1
1838,09:30:02,$ 3222.61,10
1839,09:30:02,$ 3222.61,1
1840,09:30:02,$ 3222.61,20
1841,09:30:02,$ 3222.61,4
1842,09:30:02,$ 3222.61,15
1843,09:30:02,$ 3222.61,3
1844,09:30:02,$ 3222.61,15
1845,09:30:02,$ 3222.61,1
1846,09:30:02,$ 3222.61,2
1847,09:30:02,$ 3222.61,3
1849,09:30:02,$ 3222.61,3
1850,09:30:02,$ 3222.61,4
1851,09:30:02,$ 3222.61,1
1852,09:30:02,$ 3222.61,3
1853,09:30:02,$ 3222.61,1
1854,09:30:02,$ 3222.61,1
1855,09:30:02,$ 3222.61,1
1856,09:30:02,$ 3222.61,10
1857,09:30:02,$ 3222.61,3
1858,09:30:02,$ 3222.61,2
1859,09:30:02,$ 3222.61,2
1860,09:30:02,$ 3222.61,11
1861,09:30:02,$ 3222.61,2
1862,09:30:02,$ 3222.61,4
1863,09:30:02,$ 3222.61,1
1864,09:30:02,$ 3222.61,3
1865,09:30:02,$ 3222.61,1
1866,09:30:02,$ 3222.61,2
1867,09:30:02,$ 3222.61,2
1868,09:30:02,$ 3222.61,2
1870,09:30:02,$ 3222.61,3
1871,09:30:02,$ 3222.61,15
1872,09:30:02,$ 3222.61,1
1873,09:30:02,$ 3222.61,2
1874,09:30:02,$ 3222.61,6
1875,09:30:02,$ 3222.61,1
1876,09:30:02,$ 3222.61,1
1877,09:30:02,$ 3222.61,1
1878,09:30:02,$ 3222.61,15
1879,09:30:02,$ 3222.61,1
1880,09:30:02,$ 3222.61,1
1881,09:30:02,$ 3222.61,1
1882,09:30:02,$ 3222.61,2
1883,09:30:02,$ 3222.61,2
1884,09:30:02,$ 3222.61,3
1885,09:30:02,$ 3222.61,2
1886,09:30:02,$ 3222.61,2
1887,09:30:02,$ 3222.61,5
1888,09:30:02,$ 3222.61,1
1889,09:30:02,$ 3222.61,10
1891,09:30:02,$ 3222.61,60
1892,09:30:02,$ 3222.61,5
1893,09:30:02,$ 3222.61,2
1894,09:30:02,$ 3222.61,3
1895,09:30:02,$ 3222.61,1
1896,09:30:02,$ 3222.61,20
1897,09:30:02,$ 3222.61,1
1898,09:30:02,$ 3222.61,1
1899,09:30:02,$ 3222.61,1
1900,09:30:02,$ 3222.61,1
1901,09:30:02,$ 3222.61,2
1902,09:30:02,$ 3222.61,1
1903,09:30:02,$ 3222.61,50
1904,09:30:02,$ 3222.61,393
1905,09:30:02,$ 3222.61,4
1906,09:30:02,$ 3222.61,2
1907,09:30:02,$ 3222.61,7
1908,09:30:02,$ 3222.61,1
1909,09:30:02,$ 3222.61,55
1910,09:30:02,$ 3222.61,1
1912,09:30:02,$ 3222.61,5
1913,09:30:02,$ 3222.61,4
1914,09:30:02,$ 3222.61,10
1915,09:30:02,$ 3222.61,2
1916,09:30:02,$ 3222.61,5
1917,09:30:02,$ 3222.61,1
1918,09:30:02,$ 3222.61,1
1919,09:30:02,$ 3222.61,1
1920,09:30:02,$ 3222.61,1
1921,09:30:02,$ 3222.61,1
1922,09:30:02,$ 3222.61,10
1923,09:30:02,$ 3222.61,3
1924,09:30:02,$ 3222.61,1
1925,09:30:02,$ 3222.61,10
1926,09:30:02,$ 3222.61,1
1927,09:30:02,$ 3222.61,3
1928,09:30:02,$ 3222.61,7
1929,09:30:02,$ 3222.61,5
1930,09:30:02,$ 3222.61,1
1931,09:30:02,$ 3222.61,1
1933,09:30:02,$ 3222.61,1
1934,09:30:02,$ 3222.61,1
1935,09:30:02,$ 3222.61,3
1936,09:30:02,$ 3222.61,2
1937,09:30:02,$ 3222.61,1
1938,09:30:02,$ 3222.61,1
1939,09:30:02,$ 3222.61,3
1940,09:30:02,$ 3222.61,10
1941,09:30:02,$ 3222.61,2
1942,09:30:02,$ 3222.61,8
1943,09:30:02,$ 3222.61,3
1944,09:30:02,$ 3222.61,1
1945,09:30:02,$ 3222.61,2
1946,09:30:02,$ 3222.61,31
1947,09:30:02,$ 3222.61,10
1948,09:30:02,$ 3222.61,2
1949,09:30:02,$ 3222.61,1
1950,09:30:02,$ 3222.61,1
1951,09:30:02,$ 3222.61,1
1952,09:30:02,$ 3222.61,25
1954,09:30:02,$ 3222.61,13
1955,09:30:02,$ 3222.61,10
1956,09:30:02,$ 3222.61,10
1957,09:30:02,$ 3222.61,11
1958,09:30:02,$ 3222.61,4
1959,09:30:02,$ 3222.61,4
1960,09:30:02,$ 3222.61,4
1961,09:30:02,$ 3222.61,1
1962,09:30:02,$ 3222.61,1
1963,09:30:02,$ 3222.61,1
1964,09:30:02,$ 3222.61,5
1965,09:30:02,$ 3222.61,3
1966,09:30:02,$ 3222.61,1
1967,09:30:02,$ 3222.61,1
1968,09:30:02,$ 3222.61,1
1969,09:30:02,$ 3222.61,1
1970,09:30:02,$ 3222.61,1
1971,09:30:02,$ 3222.61,1
1972,09:30:02,$ 3222.61,1
1973,09:30:02,$ 3222.61,5
1975,09:30:02,$ 3222.61,2
1976,09:30:02,$ 3222.61,17
1977,09:30:02,$ 3222.61,5
1978,09:30:02,$ 3222.61,2
1979,09:30:02,$ 3222.61,2
1980,09:30:02,$ 3222.61,2
1981,09:30:02,$ 3222.61,2
1982,09:30:02,$ 3222.61,36
1983,09:30:02,$ 3222.61,1
1984,09:30:02,$ 3222.61,2
1985,09:30:02,$ 3222.61,20
1986,09:30:02,$ 3222.61,5
1987,09:30:02,$ 3222.61,5
1988,09:30:02,$ 3222.61,3
1989,09:30:02,$ 3222.61,1
1990,09:30:02,$ 3222.61,5
1991,09:30:02,$ 3222.61,2
1992,09:30:02,$ 3222.61,5
1993,09:30:02,$ 3222.61,1
1994,09:30:02,$ 3222.61,6
1996,09:30:02,$ 3222.61,1
1997,09:30:02,$ 3222.61,5
1998,09:30:02,$ 3222.61,3
1999,09:30:02,$ 3222.61,2
2000,09:30:02,$ 3222.61,1
2001,09:30:02,$ 3222.61,1
2002,09:30:02,$ 3222.61,1
2003,09:30:02,$ 3222.61,2
2004,09:30:02,$ 3222.61,2
2005,09:30:02,$ 3222.61,2
2006,09:30:02,$ 3222.61,2
2007,09:30:02,$ 3222.61,5
2008,09:30:02,$ 3222.61,1
2009,09:30:02,$ 3222.61,3
2010,09:30:02,$ 3222.61,5
2011,09:30:02,$ 3222.61,11
2012,09:30:02,$ 3222.61,8
2013,09:30:02,$ 3222.61,1
2014,09:30:02,$ 3222.61,1
2015,09:30:02,$ 3222.61,12
2017,09:30:02,$ 3222.61,2
2018,09:30:02,$ 3222.61,10
2019,09:30:02,$ 3222.61,1
2020,09:30:02,$ 3222.61,1
2021,09:30:02,$ 3222.61,3
2022,09:30:02,$ 3222.61,1
2023,09:30:02,$ 3222.61,4
2024,09:30:02,$ 3222.61,2
2025,09:30:02,$ 3222.61,1
2026,09:30:02,$ 3222.61,2
2027,09:30:02,$ 3222.61,5
2028,09:30:02,$ 3222.61,1
2029,09:30:02,$ 3222.61,1
2030,09:30:02,$ 3222.61,2
2031,09:30:02,$ 3222.61,1
2032,09:30:02,$ 3222.61,2
2033,09:30:02,$ 3222.61,3
2034,09:30:02,$ 3222.61,5
2035,09:30:02,$ 3222.61,1
2036,09:30:02,$ 3222.61,20
2038,09:30:02,$ 3222.61,2
2039,09:30:02,$ 3222.61,8
2040,09:30:02,$ 3222.61,15
2041,09:30:02,$ 3222.61,5
2042,09:30:02,$ 3222.61,1
2043,09:30:02,$ 3222.61,10
2044,09:30:02,$ 3222.61,5
2045,09:30:02,$ 3222.61,1
2046,09:30:02,$ 3222.61,5
2047,09:30:02,$ 3222.61,10
2048,09:30:02,$ 3222.61,1
2049,09:30:02,$ 3222.61,1
2050,09:30:02,$ 3222.61,1
2051,09:30:02,$ 3222.61,2
2052,09:30:02,$ 3222.61,33
2053,09:30:02,$ 3222.61,5
2054,09:30:02,$ 3222.61,5
2055,09:30:02,$ 3222.61,1
2056,09:30:02,$ 3222.61,1
2057,09:30:02,$ 3222.61,3
2059,09:30:02,$ 3222.61,1
2060,09:30:02,$ 3222.61,1
2061,09:30:02,$ 3222.61,25
2062,09:30:02,$ 3222.61,1
2063,09:30:02,$ 3222.61,5
2064,09:30:02,$ 3222.61,1
2065,09:30:02,$ 3222.61,10
2066,09:30:02,$ 3222.61,1
2067,09:30:02,$ 3222.61,1
2068,09:30:02,$ 3222.61,3
2069,09:30:02,$ 3222.61,1
2070,09:30:02,$ 3222.61,10
2071,09:30:02,$ 3222.61,5
2072,09:30:02,$ 3222.61,10
2073,09:30:02,$ 3222.61,14
2074,09:30:02,$ 3222.61,1
2075,09:30:02,$ 3222.61,1
2076,09:30:02,$ 3222.61,9
2077,09:30:02,$ 3222.61,2
2078,09:30:02,$ 3222.61,3
2080,09:30:02,$ 3222.61,20
2081,09:30:02,$ 3222.61,25
2082,09:30:02,$ 3222.61,1
2083,09:30:02,$ 3222.61,1
2084,09:30:02,$ 3222.61,1
2085,09:30:02,$ 3222.61,4
2086,09:30:02,$ 3222.61,10
2087,09:30:02,$ 3222.61,1
2088,09:30:02,$ 3222.61,1
2089,09:30:02,$ 3222.61,4
2090,09:30:02,$ 3222.61,16
2091,09:30:02,$ 3222.61,4
2092,09:30:02,$ 3222.61,3
2093,09:30:02,$ 3222.61,17
2094,09:30:02,$ 3222.61,2
2095,09:30:02,$ 3222.61,3
2096,09:30:02,$ 3222.61,3
2097,09:30:02,$ 3222.61,2
2098,09:30:02,$ 3222.61,7
2099,09:30:02,$ 3222.61,1
2101,09:30:02,$ 3222.61,1
2102,09:30:02,$ 3222.61,1
2103,09:30:02,$ 3222.61,2
2104,09:30:02,$ 3222.61,10
2105,09:30:02,$ 3222.61,3
2106,09:30:02,$ 3222.61,4
2107,09:30:02,$ 3222.61,5
2108,09:30:02,$ 3222.61,3
2109,09:30:02,$ 3222.61,2
2110,09:30:02,$ 3222.61,3
2111,09:30:02,$ 3222.61,1
2112,09:30:02,$ 3222.61,1
2113,09:30:02,$ 3222.61,1
2114,09:30:02,$ 3222.61,2
2115,09:30:02,$ 3222.61,1
2116,09:30:02,$ 3222.61,2
2117,09:30:02,$ 3222.61,1
2118,09:30:02,$ 3222.61,1
2119,09:30:02,$ 3222.61,3
2120,09:30:02,$ 3222.61,1
2122,09:30:02,$ 3222.61,1
2123,09:30:02,$ 3222.61,2
2124,09:30:02,$ 3222.61,1
2125,09:30:02,$ 3222.61,1
2126,09:30:02,$ 3222.61,1
2127,09:30:02,$ 3222.61,1
2128,09:30:02,$ 3222.61,5
2129,09:30:02,$ 3222.61,20
2130,09:30:02,$ 3222.61,1
2131,09:30:02,$ 3222.61,28
2132,09:30:02,$ 3222.61,100
2133,09:30:02,$ 3222.61,2
2134,09:30:02,$ 3222.61,10
2135,09:30:02,$ 3222.61,7
2136,09:30:02,$ 3222.61,1
2137,09:30:02,$ 3222.61,3
2138,09:30:02,$ 3222.61,10
2139,09:30:02,$ 3222.61,1
2140,09:30:02,$ 3222.61,4
2141,09:30:02,$ 3222.61,2
2143,09:30:02,$ 3222.61,1
2144,09:30:02,$ 3222.61,4
2145,09:30:02,$ 3222.61,1
2146,09:30:02,$ 3222.61,10
2147,09:30:02,$ 3222.61,3
2148,09:30:02,$ 3222.61,2
2149,09:30:02,$ 3222.61,3
2150,09:30:02,$ 3222.61,25
2151,09:30:02,$ 3222.61,2
2152,09:30:02,$ 3222.61,3
2153,09:30:02,$ 3222.61,2
2154,09:30:02,$ 3222.61,1
2155,09:30:02,$ 3222.61,1
2156,09:30:02,$ 3222.61,1
2157,09:30:02,$ 3222.61,3
2158,09:30:02,$ 3222.61,5
2159,09:30:02,$ 3222.61,10
2160,09:30:02,$ 3222.61,4
2161,09:30:02,$ 3222.61,1
2162,09:30:02,$ 3222.61,10
2164,09:30:02,$ 3222.61,1
2165,09:30:02,$ 3222.61,2
2166,09:30:02,$ 3222.61,13
2167,09:30:02,$ 3222.61,40
2168,09:30:02,$ 3222.61,222
2169,09:30:02,$ 3222.61,1
2170,09:30:02,$ 3222.61,10
2171,09:30:02,$ 3222.61,1
2172,09:30:02,$ 3222.61,9
2173,09:30:02,$ 3222.61,31
2174,09:30:02,$ 3222.61,114
2175,09:30:02,$ 3222.61,14
2176,09:30:02,$ 3222.61,65
2177,09:30:02,$ 3222.61,54
2178,09:30:02,$ 3222.61,15
2179,09:30:02,$ 3222.61,64
2180,09:30:02,$ 3222.61,3
2181,09:30:02,$ 3222.61,2
2182,09:30:02,$ 3222.61,1
2183,09:30:02,$ 3222.61,5
2185,09:30:02,$ 3222.61,2
2186,09:30:02,$ 3222.61,5
2187,09:30:02,$ 3222.61,65
2188,09:30:02,$ 3222.61,6
2189,09:30:02,$ 3222.61,64
2190,09:30:02,$ 3222.61,64
2191,09:30:02,$ 3222.61,65
2192,09:30:02,$ 3222.61,32
2193,09:30:02,$ 3222.61,141
2194,09:30:02,$ 3222.61,6
2195,09:30:02,$ 3222.61,1
2196,09:30:02,$ 3222.61,30
2197,09:30:02,$ 3222.61,5
2198,09:30:02,$ 3222.61,5
2199,09:30:02,$ 3222.61,4
2200,09:30:02,$ 3222.61,1
2201,09:30:02,$ 3222.61,1
2202,09:30:02,$ 3222.61,3
2203,09:30:02,$ 3222.61,3
2204,09:30:02,$ 3222.61,113
2206,09:30:02,$ 3222.61,113
2207,09:30:02,$ 3222.61,2
2208,09:30:02,$ 3222.61,3
2209,09:30:02,$ 3222.61,1
2210,09:30:02,$ 3222.61,15
2211,09:30:02,$ 3222.61,32
2212,09:30:02,$ 3222.61,33
2213,09:30:02,$ 3222.61,185
2214,09:30:02,$ 3222.61,2
2215,09:30:02,$ 3222.61,1
2216,09:30:02,$ 3222.61,32
2217,09:30:02,$ 3222.61,201
2218,09:30:02,$ 3222.61,32
2219,09:30:02,$ 3222.61,1
2220,09:30:02,$ 3222.61,32
2221,09:30:02,$ 3222.61,22
2222,09:30:02,$ 3222.61,32
2223,09:30:02,$ 3222.61,33
2224,09:30:02,$ 3222.61,1
2225,09:30:02,$ 3222.61,32
2227,09:30:02,$ 3222.61,5
2228,09:30:02,$ 3222.61,3
2229,09:30:02,$ 3222.61,32
2230,09:30:02,$ 3222.61,1
2231,09:30:02,$ 3222.61,16
2232,09:30:02,$ 3222.61,10
2233,09:30:02,$ 3222.61,2
2234,09:30:02,$ 3222.61,400
2235,09:30:02,$ 3222.61,2
2236,09:30:02,$ 3222.61,10
2237,09:30:02,$ 3222.61,6
2238,09:30:02,$ 3222.61,2
2239,09:30:02,$ 3222.61,5
2240,09:30:02,$ 3222.61,5
2241,09:30:02,$ 3222.61,2
2242,09:30:02,$ 3222.61,9
2243,09:30:02,$ 3222.61,2
2244,09:30:02,$ 3222.61,4
2245,09:30:02,$ 3222.61,1
2246,09:30:02,$ 3222.61,10
2248,09:30:02,$ 3222.61,1
2249,09:30:02,$ 3222.61,1
2250,09:30:02,$ 3222.61,1
2251,09:30:02,$ 3222.61,20
2252,09:30:02,$ 3222.61,5
2253,09:30:02,$ 3222.61,15
2254,09:30:02,$ 3222.61,1
2255,09:30:02,$ 3222.61,1
2256,09:30:02,$ 3222.61,15
2257,09:30:02,$ 3222.61,1
2258,09:30:02,$ 3222.61,1
2259,09:30:02,$ 3222.61,1
2260,09:30:02,$ 3222.61,4
2261,09:30:02,$ 3222.61,4
2262,09:30:02,$ 3222.61,10
2263,09:30:02,$ 3222.61,7
2264,09:30:02,$ 3222.61,3
2265,09:30:02,$ 3222.61,5
2266,09:30:02,$ 3222.61,8
2267,09:30:02,$ 3222.61,1
2269,09:30:02,$ 3222.61,1
2270,09:30:02,$ 3222.61,33
2271,09:30:02,$ 3222.61,15
2272,09:30:02,$ 3222.61,10
2273,09:30:02,$ 3222.61,3
2274,09:30:02,$ 3222.61,17
2275,09:30:02,$ 3222.61,1
2276,09:30:02,$ 3222.61,1
2277,09:30:02,$ 3222.61,1
2278,09:30:02,$ 3222.61,10
2279,09:30:02,$ 3222.61,16
2280,09:30:02,$ 3222.61,2
2281,09:30:02,$ 3222.61,10
2282,09:30:02,$ 3222.61,1
2283,09:30:02,$ 3222.61,10
2284,09:30:02,$ 3222.61,16
2285,09:30:02,$ 3222.61,4
2286,09:30:02,$ 3222.61,5
2287,09:30:02,$ 3222.61,1
2288,09:30:02,$ 3222.61,10
2290,09:30:02,$ 3222.61,5
2291,09:30:02,$ 3222.61,10
2292,09:30:02,$ 3222.61,1
2293,09:30:02,$ 3222.61,3
2294,09:30:02,$ 3222.61,1
2295,09:30:02,$ 3222.61,1
2296,09:30:02,$ 3222.61,1
2297,09:30:02,$ 3222.61,2
2298,09:30:02,$ 3222.61,1
2299,09:30:02,$ 3222.61,4
2300,09:30:02,$ 3222.61,3
2301,09:30:02,$ 3222.61,4
2302,09:30:02,$ 3222.61,3
2303,09:30:02,$ 3222.61,1
2304,09:30:02,$ 3222.61,1
2305,09:30:02,$ 3222.61,1
2306,09:30:02,$ 3222.61,1
2307,09:30:02,$ 3222.61,20
2308,09:30:02,$ 3222.61,10
2309,09:30:02,$ 3222.61,1
2311,09:30:02,$ 3222.61,1
2312,09:30:02,$ 3222.61,2
2313,09:30:02,$ 3222.61,2
2314,09:30:02,$ 3222.61,346
2315,09:30:02,$ 3222.61,7
2316,09:30:02,$ 3222.61,4
2317,09:30:02,$ 3222.61,4
2318,09:30:02,$ 3222.61,7
2319,09:30:02,$ 3222.61,1
2320,09:30:02,$ 3222.61,32
2321,09:30:02,$ 3222.61,1
2322,09:30:02,$ 3222.61,1
2323,09:30:02,$ 3222.61,1
2324,09:30:02,$ 3222.61,1
2325,09:30:02,$ 3222.61,1
2326,09:30:02,$ 3222.61,1
2327,09:30:02,$ 3222.61,24
2328,09:30:02,$ 3222.61,2
2329,09:30:02,$ 3222.61,1
2330,09:30:02,$ 3222.61,10
2332,09:30:02,$ 3222.61,3
2333,09:30:02,$ 3222.61,3
2334,09:30:02,$ 3222.61,1
2335,09:30:02,$ 3222.61,1
2336,09:30:02,$ 3222.61,1
2337,09:30:02,$ 3222.61,5
2338,09:30:02,$ 3222.61,2
2339,09:30:02,$ 3222.61,12
2340,09:30:02,$ 3222.61,7
2341,09:30:02,$ 3222.61,1
2342,09:30:02,$ 3222.61,1
2343,09:30:02,$ 3222.61,1
2344,09:30:02,$ 3222.61,1
2345,09:30:02,$ 3222.61,1
2346,09:30:02,$ 3222.61,3
2347,09:30:02,$ 3222.61,1
2348,09:30:02,$ 3222.61,1
2349,09:30:02,$ 3222.61,1
2350,09:30:02,$ 3222.61,2
2351,09:30:02,$ 3222.61,5
2353,09:30:02,$ 3222.61,1
2354,09:30:02,$ 3222.61,1
2355,09:30:02,$ 3222.61,1
2356,09:30:02,$ 3222.61,1
2357,09:30:02,$ 3222.61,1
2358,09:30:02,$ 3222.61,2
2359,09:30:02,$ 3222.61,9
2360,09:30:02,$ 3222.61,2
2361,09:30:02,$ 3222.61,1
2362,09:30:02,$ 3222.61,1
2363,09:30:02,$ 3222.61,5
2364,09:30:02,$ 3222.61,3
2365,09:30:02,$ 3222.61,2
2366,09:30:02,$ 3222.61,1
2367,09:30:02,$ 3222.61,2
2368,09:30:02,$ 3222.61,1
2369,09:30:02,$ 3222.61,5
2370,09:30:02,$ 3222.61,1
2371,09:30:02,$ 3222.61,1
2372,09:30:02,$ 3222.61,2
2374,09:30:02,$ 3222.61,1
2375,09:30:02,$ 3222.61,1
2376,09:30:02,$ 3222.61,2
2377,09:30:02,$ 3222.61,419
2378,09:30:02,$ 3222.61,2
2379,09:30:02,$ 3222.61,1
2380,09:30:02,$ 3222.61,2
2381,09:30:02,$ 3222.61,2
2382,09:30:02,$ 3222.61,2
2383,09:30:02,$ 3222.61,1
2384,09:30:02,$ 3222.61,5
2385,09:30:02,$ 3222.61,10
2386,09:30:02,$ 3222.61,1
2387,09:30:02,$ 3222.61,5
2388,09:30:02,$ 3222.61,1
2389,09:30:02,$ 3222.61,1
2390,09:30:02,$ 3222.61,1
2391,09:30:02,$ 3222.61,1
2392,09:30:02,$ 3222.61,3
2393,09:30:02,$ 3222.61,3
2395,09:30:02,$ 3222.61,4
2396,09:30:02,$ 3222.61,2
2397,09:30:02,$ 3222.61,1
2398,09:30:02,$ 3222.61,2
2399,09:30:02,$ 3222.61,5
2400,09:30:02,$ 3222.61,200
2401,09:30:02,$ 3222.61,16
2402,09:30:02,$ 3222.61,2
2403,09:30:02,$ 3222.61,1
2404,09:30:02,$ 3222.61,1
2405,09:30:02,$ 3222.61,3
2406,09:30:02,$ 3222.61,5
2407,09:30:02,$ 3222.61,5
2408,09:30:02,$ 3222.61,1
2409,09:30:02,$ 3222.61,10
2410,09:30:02,$ 3222.61,5
2411,09:30:02,$ 3222.61,40
2412,09:30:02,$ 3222.61,5
2413,09:30:02,$ 3222.61,3
2414,09:30:02,$ 3222.61,10
2416,09:30:02,$ 3222.61,1
2417,09:30:02,$ 3222.61,3
2418,09:30:02,$ 3222.61,3
2419,09:30:02,$ 3222.61,3
2420,09:30:02,$ 3222.61,1
2421,09:30:02,$ 3222.61,2
2422,09:30:02,$ 3222.61,6
2423,09:30:02,$ 3222.61,25
2424,09:30:02,$ 3222.61,10
2425,09:30:02,$ 3222.61,7
2426,09:30:02,$ 3222.61,1
2427,09:30:02,$ 3222.61,3
2428,09:30:02,$ 3222.61,8
2429,09:30:02,$ 3222.61,1
2430,09:30:02,$ 3222.61,5
2431,09:30:02,$ 3222.61,3
2432,09:30:02,$ 3222.61,1
2433,09:30:02,$ 3222.61,1
2434,09:30:02,$ 3222.61,1
2435,09:30:02,$ 3222.61,1
2437,09:30:02,$ 3222.61,3
2438,09:30:02,$ 3222.61,1
2439,09:30:02,$ 3222.61,5
2440,09:30:02,$ 3222.61,2
2441,09:30:02,$ 3222.61,1
2442,09:30:02,$ 3222.61,13
2443,09:30:02,$ 3222.61,6
2444,09:30:02,$ 3222.61,10
2445,09:30:02,$ 3222.61,3
2446,09:30:02,$ 3222.61,5
2447,09:30:02,$ 3222.61,411
2448,09:30:02,$ 3222.61,2
2449,09:30:02,$ 3222.61,10
2450,09:30:02,$ 3222.61,300
2451,09:30:02,$ 3222.61,100
2452,09:30:02,$ 3222.61,4
2453,09:30:02,$ 3222.61,2
2454,09:30:02,$ 3222.61,10
2455,09:30:02,$ 3222.61,12
2456,09:30:02,$ 3222.61,176
2458,09:30:02,$ 3222.61,2
2459,09:30:02,$ 3222.61,17
2460,09:30:02,$ 3222.61,1
2461,09:30:02,$ 3222.61,569
2462,09:30:02,$ 3222.61,69
2463,09:30:02,$ 3222.61,4
2464,09:30:02,$ 3222.61,65
2465,09:30:02,$ 3222.61,14
2466,09:30:02,$ 3222.61,2
2467,09:30:02,$ 3222.61,10
2468,09:30:02,$ 3222.61,9
2469,09:30:02,$ 3222.61,6
2470,09:30:02,$ 3222.61,6
2471,09:30:02,$ 3222.61,6
2472,09:30:02,$ 3222.61,4
2473,09:30:02,$ 3222.61,1
2474,09:30:02,$ 3222.61,50
2475,09:30:02,$ 3222.61,1
2476,09:30:02,$ 3222.61,64
2477,09:30:02,$ 3222.61,102
2479,09:30:02,$ 3222.61,185
2480,09:30:02,$ 3222.61,1
2481,09:30:02,$ 3222.61,106
2482,09:30:02,$ 3222.61,90
2483,09:30:02,$ 3222.61,85
2484,09:30:02,$ 3222.61,306
2485,09:30:02,$ 3222.61,1
2486,09:30:02,$ 3222.61,8
2487,09:30:02,$ 3222.61,1
2488,09:30:02,$ 3222.61,19
2489,09:30:02,$ 3222.61,2
2490,09:30:02,$ 3222.61,10
2491,09:30:02,$ 3222.61,10
2492,09:30:02,$ 3222.61,1
2493,09:30:02,$ 3222.61,1
2494,09:30:02,$ 3222.61,1
2495,09:30:02,$ 3222.61,18
2496,09:30:02,$ 3222.61,5
2497,09:30:02,$ 3222.61,1
2498,09:30:02,$ 3222.61,2
2500,09:30:02,$ 3222.61,1
2501,09:30:02,$ 3222.61,1
2502,09:30:02,$ 3222.61,5
2503,09:30:02,$ 3222.61,1
2504,09:30:02,$ 3222.61,3
2505,09:30:02,$ 3222.61,250
2506,09:30:02,$ 3222.61,15
2507,09:30:02,$ 3222.61,5
2508,09:30:02,$ 3222.61,2
2509,09:30:02,$ 3222.61,1
2510,09:30:02,$ 3222.61,6
2511,09:30:02,$ 3222.61,10
2512,09:30:02,$ 3222.61,1
2513,09:30:02,$ 3222.61,1
2514,09:30:02,$ 3222.61,10
2515,09:30:02,$ 3222.61,10
2516,09:30:02,$ 3222.61,1
2517,09:30:02,$ 3222.61,3
2518,09:30:02,$ 3222.61,25
2519,09:30:02,$ 3222.61,1
2521,09:30:02,$ 3222.61,42
2522,09:30:02,$ 3222.61,5
2523,09:30:02,$ 3222.61,10
2524,09:30:02,$ 3222.61,16
2525,09:30:02,$ 3222.61,3
2526,09:30:02,$ 3222.61,1
2527,09:30:02,$ 3222.61,55
2528,09:30:02,$ 3222.61,31
2529,09:30:02,$ 3222.61,15
2530,09:30:02,$ 3222.61,1
2531,09:30:02,$ 3222.61,1
2532,09:30:02,$ 3222.61,20
2533,09:30:02,$ 3222.61,5
2534,09:30:02,$ 3222.61,20
2535,09:30:02,$ 3222.61,1
2536,09:30:02,$ 3222.61,40
2537,09:30:02,$ 3222.61,37
2538,09:30:02,$ 3222.61,1
2539,09:30:02,$ 3222.61,9
2540,09:30:02,$ 3222.61,6
2542,09:30:02,$ 3222.61,4
2543,09:30:02,$ 3222.61,11
2544,09:30:02,$ 3222.61,3
2545,09:30:02,$ 3222.61,10
2546,09:30:02,$ 3222.61,80
2547,09:30:02,$ 3222.61,1
2548,09:30:02,$ 3222.61,20
2549,09:30:02,$ 3222.61,6
2550,09:30:02,$ 3222.61,5
2551,09:30:02,$ 3222.61,10
2552,09:30:02,$ 3222.61,25
2553,09:30:02,$ 3222.61,1
2554,09:30:02,$ 3222.61,2
2555,09:30:02,$ 3222.61,20
2556,09:30:02,$ 3222.61,20
2557,09:30:02,$ 3222.61,26
2558,09:30:02,$ 3222.61,2
2559,09:30:02,$ 3222.61,2
2560,09:30:02,$ 3222.61,15
2561,09:30:02,$ 3222.61,10
2563,09:30:02,$ 3222.61,5
2564,09:30:02,$ 3222.61,3
2565,09:30:02,$ 3222.61,8
2566,09:30:02,$ 3222.61,10
2567,09:30:02,$ 3222.61,1
2568,09:30:02,$ 3222.61,100
2569,09:30:02,$ 3222.61,3
2570,09:30:02,$ 3222.61,3
2571,09:30:02,$ 3222.61,3
2572,09:30:02,$ 3222.61,6
2573,09:30:02,$ 3222.61,118
2574,09:30:02,$ 3222.61,300
2575,09:30:02,$ 3222.61,15
2576,09:30:02,$ 3222.61,155
2577,09:30:02,$ 3222.61,250
2578,09:30:02,$ 3222.61,500
2579,09:30:02,$ 3222.61,1
2580,09:30:02,$ 3222.61,1
2581,09:30:02,$ 3222.61,21
2582,09:30:02,$ 3222.61,4
2584,09:30:02,$ 3222.61,2
2585,09:30:02,$ 3222.61,400
2586,09:30:02,$ 3222.61,18
2587,09:30:02,$ 3222.61,2
2588,09:30:02,$ 3222.61,1
2589,09:30:02,$ 3222.61,3
2590,09:30:02,$ 3222.61,700
2591,09:30:02,$ 3222.61,20
2592,09:30:02,$ 3222.61,10
2593,09:30:02,$ 3222.61,500
2594,09:30:02,$ 3222.61,2
2595,09:30:02,$ 3222.61,4
2596,09:30:02,$ 3222.61,5
2597,09:30:02,$ 3222.61,1
2598,09:30:02,$ 3222.61,21
2599,09:30:02,$ 3222.61,20
2600,09:30:02,$ 3222.61,23
2601,09:30:02,$ 3222.61,30
2602,09:30:02,$ 3222.61,1
2603,09:30:02,$ 3222.61,2
2605,09:30:02,$ 3222.61,7
2606,09:30:02,$ 3222.61,2
2607,09:30:02,$ 3222.61,10
2608,09:30:02,$ 3222.61,2
2609,09:30:02,$ 3222.61,2
2610,09:30:02,$ 3222.61,3
2611,09:30:02,$ 3222.61,47
2612,09:30:02,$ 3222.61,1
2613,09:30:02,$ 3222.61,200
2614,09:30:02,$ 3222.61,10
2615,09:30:02,$ 3222.61,3
2616,09:30:02,$ 3222.61,3
2617,09:30:02,$ 3222.61,10
2618,09:30:02,$ 3222.61,"1,000"
2619,09:30:02,$ 3222.61,2
2620,09:30:02,$ 3222.61,26
2621,09:30:02,$ 3222.61,200
2622,09:30:02,$ 3222.61,5
2623,09:30:02,$ 3222.61,10
2624,09:30:02,$ 3222.61,3
2626,09:30:02,$ 3222.61,200
2627,09:30:02,$ 3222.61,3
2628,09:30:02,$ 3222.61,2
2629,09:30:02,$ 3222.61,2
2630,09:30:02,$ 3222.61,50
2631,09:30:02,$ 3222.61,5
2632,09:30:02,$ 3222.61,15
2633,09:30:02,$ 3222.61,1
2634,09:30:02,$ 3222.61,1
2635,09:30:02,$ 3222.61,158
2636,09:30:02,$ 3222.61,10
2637,09:30:02,$ 3222.61,4
2638,09:30:02,$ 3222.61,1
2639,09:30:02,$ 3222.61,43
2640,09:30:02,$ 3222.61,1
2641,09:30:02,$ 3222.61,3
2642,09:30:02,$ 3222.61,1
2643,09:30:02,$ 3222.61,11
2644,09:30:02,$ 3222.61,32
2645,09:30:02,$ 3222.61,3
2647,09:30:02,$ 3222.61,2
2648,09:30:02,$ 3222.61,40
2649,09:30:02,$ 3222.61,97
2650,09:30:02,$ 3222.61,2
2651,09:30:02,$ 3222.61,1
2652,09:30:02,$ 3222.61,8
2653,09:30:02,$ 3222.61,10
2654,09:30:02,$ 3222.61,2
2655,09:30:02,$ 3222.61,15
2656,09:30:02,$ 3222.61,4
2657,09:30:02,$ 3222.61,19
2658,09:30:02,$ 3222.61,2
2659,09:30:02,$ 3222.61,3
2660,09:30:02,$ 3222.61,2
2661,09:30:02,$ 3222.61,2
2662,09:30:02,$ 3222.61,31
2663,09:30:02,$ 3222.61,5
2664,09:30:02,$ 3222.61,1
2665,09:30:02,$ 3222.61,1
2666,09:30:02,$ 3222.61,1
2668,09:30:02,$ 3222.61,5
2669,09:30:02,$ 3222.61,1
2670,09:30:02,$ 3222.61,5
2671,09:30:02,$ 3222.61,5
2672,09:30:02,$ 3222.61,10
2673,09:30:02,$ 3222.61,11
2674,09:30:02,$ 3222.61,13
2675,09:30:02,$ 3222.61,1
2676,09:30:02,$ 3222.61,2
2677,09:30:02,$ 3222.61,1
2678,09:30:02,$ 3222.61,"1,343"
2679,09:30:02,$ 3222.61,5
2680,09:30:02,$ 3222.61,1
2681,09:30:02,$ 3222.61,1
2682,09:30:02,$ 3222.61,6
2683,09:30:02,$ 3222.61,5
2684,09:30:02,$ 3222.61,1
2685,09:30:02,$ 3222.61,3
2686,09:30:02,$ 3222.61,2
2687,09:30:02,$ 3222.61,9
2689,09:30:02,$ 3222.61,1
2690,09:30:02,$ 3222.61,5
2691,09:30:02,$ 3222.61,2
2692,09:30:02,$ 3222.61,6
2693,09:30:02,$ 3222.61,1
2694,09:30:02,$ 3222.61,16
2695,09:30:02,$ 3222.61,50
2696,09:30:02,$ 3222.61,12
2697,09:30:02,$ 3222.61,10
2698,09:30:02,$ 3222.61,2
2699,09:30:02,$ 3222.61,25
2700,09:30:02,$ 3222.61,5
2701,09:30:02,$ 3222.61,1
2702,09:30:02,$ 3222.61,1
2703,09:30:02,$ 3222.61,35
2704,09:30:02,$ 3222.61,3
2705,09:30:02,$ 3222.61,33
2706,09:30:02,$ 3222.61,2
2707,09:30:02,$ 3222.61,28
2708,09:30:02,$ 3222.61,5
2710,09:30:02,$ 3222.61,9
2711,09:30:02,$ 3222.61,5
2712,09:30:02,$ 3222.61,7
2713,09:30:02,$ 3222.61,1
2714,09:30:02,$ 3222.61,2
2715,09:30:02,$ 3222.61,2
2716,09:30:02,$ 3222.61,3
2717,09:30:02,$ 3222.61,6
2718,09:30:02,$ 3222.61,1
2719,09:30:02,$ 3222.61,1
2720,09:30:02,$ 3222.61,1
2721,09:30:02,$ 3222.61,1
2722,09:30:02,$ 3222.61,10
2723,09:30:02,$ 3222.61,4
2724,09:30:02,$ 3222.61,2
2725,09:30:02,$ 3222.61,10
2726,09:30:02,$ 3222.61,3
2727,09:30:02,$ 3222.61,65
2728,09:30:02,$ 3222.61,15
2729,09:30:02,$ 3222.61,1
2731,09:30:02,$ 3222.61,2
2732,09:30:02,$ 3222.61,182
2733,09:30:02,$ 3222.61,2
2734,09:30:02,$ 3222.61,8
2735,09:30:02,$ 3222.61,8
2736,09:30:02,$ 3222.61,1
2737,09:30:02,$ 3222.61,1
2738,09:30:02,$ 3222.61,13
2739,09:30:02,$ 3222.61,13
2740,09:30:02,$ 3222.61,13
2741,09:30:02,$ 3222.61,3
2742,09:30:02,$ 3222.61,1
2743,09:30:02,$ 3222.61,5
2744,09:30:02,$ 3222.61,5
2745,09:30:02,$ 3222.61,1
2746,09:30:02,$ 3222.61,19
2747,09:30:02,$ 3222.61,1
2748,09:30:02,$ 3222.61,40
2749,09:30:02,$ 3222.61,1
2750,09:30:02,$ 3222.61,1
2752,09:30:02,$ 3222.61,9
2753,09:30:02,$ 3222.61,20
2754,09:30:02,$ 3222.61,10
2755,09:30:02,$ 3222.61,3
2756,09:30:02,$ 3222.61,2
2757,09:30:02,$ 3222.61,2
2758,09:30:02,$ 3222.61,1
2759,09:30:02,$ 3222.61,1
2760,09:30:02,$ 3222.61,1
2761,09:30:02,$ 3222.61,3
2762,09:30:02,$ 3222.61,2
2763,09:30:02,$ 3222.61,5
2764,09:30:02,$ 3222.61,2
2765,09:30:02,$ 3222.61,5
2766,09:30:02,$ 3222.61,15
2767,09:30:02,$ 3222.61,2
2768,09:30:02,$ 3222.61,3
2769,09:30:02,$ 3222.61,22
2770,09:30:02,$ 3222.61,2
2771,09:30:02,$ 3222.61,1
2773,09:30:02,$ 3222.61,10
2774,09:30:02,$ 3222.61,5
2775,09:30:02,$ 3222.61,51
2776,09:30:00,$ 3223.2178,100
2778,10:29:29,$ 3253.92,100
2779,10:29:12,$ 3253.46,100
2780,10:29:12,$ 3253.46,100
2781,10:29:12,$ 3253.15,300
2782,10:29:12,$ 3253.73,300
2783,10:29:12,$ 3254.06,100
2784,10:29:12,$ 3253.85,100
2785,10:29:12,$ 3253.80,100
2786,10:29:12,$ 3253.73,100
2787,10:29:12,$ 3253.59,100
2788,10:29:12,$ 3253.45,100
2789,10:29:12,$ 3253.43,100
2790,10:29:12,$ 3254.04,300
2791,10:29:12,$ 3253.79,100
2792,10:29:08,$ 3254.435,100
2793,10:28:37,$ 3254.33,100
2794,10:28:27,$ 3254.16,100
2795,10:28:23,$ 3254.69,100
2796,10:28:11,$ 3254.10,100
2797,10:28:09,$ 3254.28,100
2799,10:28:00,$ 3255.88,100
2800,10:28:00,$ 3255.88,100
2801,10:27:52,$ 3256.33,100
2802,10:27:50,$ 3256.1182,170
2803,10:27:46,$ 3255.994,100
2804,10:27:46,$ 3255.50,100
2805,10:27:44,$ 3255.00,100
2806,10:27:31,$ 3255.44,400
2807,10:27:08,$ 3257.0758,100
2808,10:27:05,$ 3256.985,150
2809,10:27:03,$ 3256.99,100
2810,10:27:00,$ 3257.00,100
2811,10:26:59,$ 3256.20,100
2812,10:26:56,$ 3256.5683,150
2813,10:26:46,$ 3255.0944,200
2814,10:26:44,$ 3255.00,900
2815,10:26:44,$ 3254.94,100
2816,10:26:44,$ 3255.00,100
2817,10:26:44,$ 3255.00,227
2818,10:26:08,$ 3254.1126,300
2820,10:25:50,$ 3254.22,100
2821,10:25:45,$ 3253.685,100
2822,10:25:31,$ 3253.42,100
2823,10:25:31,$ 3253.425,100
2824,10:25:29,$ 3255.04,200
2825,10:25:08,$ 3254.52,100
2826,10:25:07,$ 3255.13,100
2827,10:25:01,$ 3256.1171,182
2828,10:24:41,$ 3255.65,100
2829,10:24:38,$ 3255.55,100
2830,10:24:24,$ 3255.795,100
2831,10:24:24,$ 3255.20,100
2832,10:24:24,$ 3255.07,100
2833,10:24:24,$ 3255.06,100
2834,10:24:24,$ 3255.01,100
2835,10:24:24,$ 3255.00,167
2836,10:24:24,$ 3255.00,100
2837,10:24:22,$ 3255.75,100
2838,10:24:19,$ 3255.9561,100
2839,10:24:16,$ 3255.36,650
2841,10:24:05,$ 3255.8825,100
2842,10:24:05,$ 3255.98,100
2843,10:24:05,$ 3255.965,100
2844,10:24:05,$ 3255.63,100
2845,10:24:05,$ 3255.965,100
2846,10:24:05,$ 3255.71,100
2847,10:24:00,$ 3256.42,100
2848,10:23:54,$ 3256.0145,100
2849,10:23:25,$ 3256.00,100
2850,10:23:25,$ 3255.99,400
2851,10:23:24,$ 3256.69,228
2852,10:23:21,$ 3256.36,100
2853,10:23:17,$ 3256.54,100
2854,10:22:59,$ 3256.60,100
2855,10:22:59,$ 3256.61,100
2856,10:22:59,$ 3256.61,100
2857,10:22:49,$ 3256.19,400
2858,10:22:48,$ 3255.77,100
2859,10:22:48,$ 3255.77,100
2860,10:22:46,$ 3256.8628,500
2862,10:22:43,$ 3256.05,100
2863,10:22:43,$ 3256.00,100
2864,10:22:43,$ 3256.05,100
2865,10:22:35,$ 3256.71,100
2866,10:22:35,$ 3256.88,100
2867,10:22:23,$ 3258.125,100
2868,10:21:53,$ 3258.59,"5,000"
2869,10:21:50,$ 3258.00,100
2870,10:21:49,$ 3257.76,100
2871,10:21:44,$ 3258.455,100
2872,10:21:35,$ 3258.21,100
2873,10:21:30,$ 3258.92,100
2874,10:21:20,$ 3258.79,200
2875,10:21:11,$ 3259.94,100
2876,10:21:09,$ 3259.80,100
2877,10:21:08,$ 3260.15,100
2878,10:21:08,$ 3260.16,100
2879,10:21:05,$ 3260.27,650
2880,10:21:04,$ 3261.00,100
2881,10:21:04,$ 3261.00,297
2883,10:20:59,$ 3259.82,100
2884,10:20:57,$ 3260.68,100
2885,10:20:32,$ 3258.905,100
2886,10:20:31,$ 3258.75,100
2887,10:20:29,$ 3258.63,100
2888,10:20:28,$ 3258.00,112
2889,10:20:28,$ 3257.89,100
2890,10:20:17,$ 3257.46,194
2891,10:20:17,$ 3257.50,100
2892,10:20:17,$ 3257.50,100
2893,10:20:12,$ 3257.70,100
2894,10:20:11,$ 3257.99,100
2895,10:20:11,$ 3258.00,576
2896,10:20:11,$ 3258.22,100
2897,10:20:09,$ 3259.02,100
2898,10:20:06,$ 3258.62,500
2899,10:20:06,$ 3258.2368,200
2900,10:20:02,$ 3258.6706,100
2901,10:20:00,$ 3257.915,100
2902,10:19:54,$ 3257.73,100
2904,10:19:52,$ 3257.48,100
2905,10:19:49,$ 3257.665,200
2906,10:19:45,$ 3258.115,205
2907,10:19:39,$ 3258.78,100
2908,10:19:35,$ 3257.41,100
2909,10:19:35,$ 3257.41,100
2910,10:19:35,$ 3257.41,100
2911,10:19:35,$ 3257.41,230
2912,10:19:35,$ 3257.41,100
2913,10:19:31,$ 3257.00,100
2914,10:19:29,$ 3257.455,100
2915,10:19:22,$ 3257.70,298
2916,10:19:22,$ 3257.43,100
2917,10:19:22,$ 3257.00,200
2918,10:19:22,$ 3257.00,100
2919,10:19:22,$ 3257.01,100
2920,10:19:11,$ 3257.99,200
2921,10:19:11,$ 3258.94,100
2922,10:19:10,$ 3258.00,112
2923,10:19:10,$ 3258.00,100
2925,10:19:10,$ 3258.00,100
2926,10:19:10,$ 3258.00,100
2927,10:19:10,$ 3258.00,295
2928,10:19:09,$ 3258.49,100
2929,10:19:02,$ 3258.36,100
2930,10:18:45,$ 3258.5513,100
2931,10:18:43,$ 3257.97,100
2932,10:18:43,$ 3257.96,100
2933,10:18:43,$ 3257.95,100
2934,10:18:43,$ 3257.96,100
2935,10:18:43,$ 3257.47,100
2936,10:18:38,$ 3256.5272,100
2937,10:18:38,$ 3257.97,100
2938,10:18:29,$ 3258.12,191
2939,10:18:26,$ 3257.62,100
2940,10:18:26,$ 3257.62,190
2941,10:18:16,$ 3256.026,300
2942,10:18:14,$ 3256.00,100
2943,10:18:14,$ 3256.06,100
2944,10:18:11,$ 3256.22,100
2946,10:18:06,$ 3257.62,100
2947,10:18:06,$ 3257.62,200
2948,10:18:03,$ 3256.90,100
2949,10:18:02,$ 3257.264,"1,000"
2950,10:17:59,$ 3256.73,100
2951,10:17:56,$ 3256.72,100
2952,10:17:47,$ 3256.855,100
2953,10:17:39,$ 3256.80,100
2954,10:17:36,$ 3256.2995,100
2955,10:17:36,$ 3256.88,100
2956,10:17:31,$ 3255.06,100
2957,10:17:30,$ 3255.1523,329
2958,10:17:23,$ 3255.69,100
2959,10:17:18,$ 3256.00,421
2960,10:17:18,$ 3256.00,100
2961,10:17:18,$ 3256.00,100
2962,10:17:10,$ 3256.67,100
2963,10:17:05,$ 3255.98,100
2964,10:17:05,$ 3255.98,100
2965,10:17:05,$ 3255.51,100
2967,10:17:02,$ 3255.24,100
2968,10:17:02,$ 3255.2351,205
2969,10:16:50,$ 3254.58,100
2970,10:16:37,$ 3252.67,100
2971,10:16:37,$ 3252.675,100
2972,10:16:37,$ 3252.71,100
2973,10:16:36,$ 3253.01,100
2974,10:16:35,$ 3253.31,100
2975,10:16:27,$ 3254.42,100
2976,10:16:27,$ 3254.215,100
2977,10:16:27,$ 3254.335,100
2978,10:16:27,$ 3254.405,100
2979,10:16:24,$ 3253.26,100
2980,10:16:24,$ 3253.23,100
2981,10:16:23,$ 3252.96,100
2982,10:16:20,$ 3251.7401,100
2983,10:16:00,$ 3252.46,183
2984,10:15:51,$ 3252.71,230
2985,10:15:48,$ 3253.23,100
2986,10:15:48,$ 3253.00,100
2988,10:15:48,$ 3253.02,100
2989,10:15:48,$ 3253.02,100
2990,10:15:48,$ 3253.02,100
2991,10:15:48,$ 3253.03,100
2992,10:15:48,$ 3253.03,100
2993,10:15:43,$ 3253.01,100
2994,10:15:43,$ 3253.01,100
2995,10:15:43,$ 3253.14,100
2996,10:15:43,$ 3252.99,100
2997,10:15:43,$ 3252.99,100
2998,10:15:43,$ 3252.99,100
2999,10:15:38,$ 3252.60,100
3000,10:15:31,$ 3255.15,100
3001,10:15:22,$ 3254.64,100
3002,10:15:19,$ 3255.311,175
3003,10:15:19,$ 3255.62,100
3004,10:15:14,$ 3255.98,100
3005,10:15:13,$ 3256.96,100
3006,10:15:10,$ 3257.63,100
3007,10:15:08,$ 3258.225,338
3009,10:15:07,$ 3258.18,100
3010,10:15:05,$ 3258.70,100
3011,10:15:01,$ 3258.66,306
3012,10:15:01,$ 3258.66,118
3013,10:14:50,$ 3257.17,100
3014,10:14:49,$ 3256.785,100
3015,10:14:42,$ 3256.62,122
3016,10:14:33,$ 3255.50,100
3017,10:14:33,$ 3256.15,100
3018,10:14:29,$ 3255.007,150
3019,10:14:19,$ 3254.21,100
3020,10:14:16,$ 3253.81,100
3021,10:14:16,$ 3253.47,"1,000"
3022,10:14:13,$ 3253.80,140
3023,10:14:09,$ 3253.36,100
3024,10:14:04,$ 3252.99,100
3025,10:14:04,$ 3252.62,100
3026,10:14:00,$ 3252.6201,100
3027,10:13:56,$ 3253.69,100
3028,10:13:53,$ 3254.39,105
3030,10:13:49,$ 3254.00,100
3031,10:13:45,$ 3254.76,100
3032,10:13:43,$ 3254.7699,100
3033,10:13:40,$ 3255.3138,100
3034,10:13:39,$ 3254.915,200
3035,10:13:39,$ 3253.47,200
3036,10:13:38,$ 3254.27,100
3037,10:13:38,$ 3254.32,100
3038,10:13:36,$ 3253.30,100
3039,10:13:36,$ 3254.44,100
3040,10:13:36,$ 3254.80,100
3041,10:13:36,$ 3255.03,100
3042,10:13:34,$ 3255.2824,200
3043,10:13:33,$ 3255.03,100
3044,10:13:30,$ 3255.765,115
3045,10:13:27,$ 3255.06,100
3046,10:13:27,$ 3255.30,300
3047,10:13:27,$ 3255.89,100
3048,10:13:26,$ 3256.64,100
3049,10:13:25,$ 3256.65,100
3051,10:13:25,$ 3256.65,100
3052,10:13:22,$ 3257.16,100
3053,10:13:22,$ 3257.18,190
3054,10:13:21,$ 3257.18,100
3055,10:13:16,$ 3257.9575,100
3056,10:13:10,$ 3258.57,122
3057,10:13:10,$ 3258.57,200
3058,10:13:09,$ 3259.09,200
3059,10:13:09,$ 3258.59,100
3060,10:13:00,$ 3259.04,100
3061,10:12:57,$ 3260.115,100
3062,10:12:57,$ 3259.15,100
3063,10:12:57,$ 3259.17,100
3064,10:12:57,$ 3259.16,100
3065,10:12:57,$ 3259.17,100
3066,10:12:55,$ 3259.59,100
3067,10:12:53,$ 3260.835,100
3068,10:12:52,$ 3260.00,100
3069,10:12:47,$ 3260.975,100
3070,10:12:46,$ 3259.81,100
3072,10:12:46,$ 3259.87,100
3073,10:12:46,$ 3259.73,100
3074,10:12:43,$ 3259.71,100
3075,10:12:39,$ 3259.00,100
3076,10:12:39,$ 3258.88,100
3077,10:12:39,$ 3258.96,100
3078,10:12:39,$ 3258.88,100
3079,10:12:39,$ 3259.55,100
3080,10:12:39,$ 3260.00,100
3081,10:12:37,$ 3259.36,200
3082,10:12:37,$ 3259.74,100
3083,10:12:36,$ 3259.06,100
3084,10:12:34,$ 3260.00,100
3085,10:12:32,$ 3259.26,100
3086,10:12:32,$ 3259.26,100
3087,10:12:32,$ 3260.05,100
3088,10:12:32,$ 3260.00,100
3089,10:12:32,$ 3261.25,100
3090,10:12:32,$ 3261.25,100
3091,10:12:32,$ 3260.59,105
3093,10:12:24,$ 3260.67,100
3094,10:12:23,$ 3261.42,100
3095,10:12:22,$ 3262.075,100
3096,10:12:22,$ 3261.805,100
3097,10:12:21,$ 3261.8101,138
3098,10:12:20,$ 3261.74,100
3099,10:12:17,$ 3262.115,100
3100,10:12:17,$ 3262.095,100
3101,10:12:17,$ 3261.54,100
3102,10:12:17,$ 3261.50,100
3103,10:12:17,$ 3262.65,100
3104,10:12:17,$ 3262.115,100
3105,10:12:15,$ 3262.14,100
3106,10:12:15,$ 3262.00,100
3107,10:12:14,$ 3262.10,100
3108,10:12:14,$ 3262.05,100
3109,10:12:13,$ 3262.21,100
3110,10:12:12,$ 3262.425,100
3111,10:12:12,$ 3261.51,100
3112,10:12:12,$ 3261.51,100
3114,10:12:12,$ 3262.605,100
3115,10:12:12,$ 3262.605,100
3116,10:12:12,$ 3262.605,100
3117,10:12:12,$ 3262.605,100
3118,10:12:12,$ 3262.02,100
3119,10:12:12,$ 3262.01,100
3120,10:12:12,$ 3262.00,135
3121,10:12:11,$ 3262.595,100
3122,10:12:11,$ 3262.595,100
3123,10:12:11,$ 3262.40,100
3124,10:12:11,$ 3262.04,100
3125,10:12:11,$ 3262.00,100
3126,10:12:10,$ 3262.965,100
3127,10:12:10,$ 3262.965,100
3128,10:12:10,$ 3262.00,100
3129,10:12:10,$ 3262.61,100
3130,10:12:10,$ 3262.7975,100
3131,10:12:10,$ 3262.56,100
3132,10:12:10,$ 3262.965,100
3133,10:12:10,$ 3262.965,100
3135,10:12:10,$ 3262.8675,100
3136,10:12:10,$ 3262.42,100
3137,10:12:10,$ 3262.9175,100
3138,10:12:10,$ 3262.8475,100
3139,10:12:08,$ 3263.00,100
3140,10:12:08,$ 3262.67,100
3141,10:12:08,$ 3262.655,"1,000"
3142,10:12:07,$ 3262.73,100
3143,10:12:07,$ 3262.37,100
3144,10:12:07,$ 3262.07,100
3145,10:12:07,$ 3262.15,100
3146,10:12:07,$ 3262.49,100
3147,10:12:07,$ 3262.32,300
3148,10:12:07,$ 3263.00,100
3149,10:12:07,$ 3262.885,100
3150,10:12:07,$ 3262.60,100
3151,10:12:07,$ 3262.51,100
3152,10:12:07,$ 3262.50,200
3153,10:12:06,$ 3262.67,100
3154,10:12:06,$ 3263.00,300
3156,10:12:05,$ 3263.70,100
3157,10:12:05,$ 3263.24,100
3158,10:12:05,$ 3263.01,225
3159,10:12:03,$ 3263.55,100
3160,10:12:03,$ 3263.28,100
3161,10:12:00,$ 3262.90,100
3162,10:11:57,$ 3263.60,100
3163,10:11:57,$ 3263.26,100
3164,10:11:57,$ 3262.66,100
3165,10:11:56,$ 3262.885,100
3166,10:11:56,$ 3262.49,194
3167,10:11:55,$ 3262.22,100
3168,10:11:54,$ 3262.65,140
3169,10:11:54,$ 3262.65,100
3170,10:11:53,$ 3262.06,100
3171,10:11:53,$ 3262.06,100
3172,10:11:53,$ 3262.465,100
3173,10:11:52,$ 3262.86,100
3174,10:11:52,$ 3262.86,100
3175,10:11:52,$ 3262.86,100
3177,10:11:52,$ 3262.86,100
3178,10:11:50,$ 3262.89,100
3179,10:11:49,$ 3262.60,100
3180,10:11:49,$ 3262.635,100
3181,10:11:46,$ 3262.51,100
3182,10:11:46,$ 3262.49,100
3183,10:11:44,$ 3263.48,100
3184,10:11:43,$ 3263.36,100
3185,10:11:42,$ 3264.725,100
3186,10:11:41,$ 3262.89,100
3187,10:11:40,$ 3262.88,216
3188,10:11:40,$ 3262.7304,500
3189,10:11:40,$ 3262.2096,100
3190,10:11:40,$ 3262.55,176
3191,10:11:39,$ 3262.44,100
3192,10:11:39,$ 3262.44,100
3193,10:11:39,$ 3262.14,100
3194,10:11:39,$ 3262.405,100
3195,10:11:39,$ 3262.23,200
3196,10:11:39,$ 3262.23,200
3198,10:11:38,$ 3261.94,100
3199,10:11:38,$ 3261.91,100
3200,10:11:38,$ 3261.95,100
3201,10:11:37,$ 3261.905,100
3202,10:11:37,$ 3261.905,100
3203,10:11:37,$ 3261.92,100
3204,10:11:37,$ 3261.23,100
3205,10:11:37,$ 3261.93,100
3206,10:11:37,$ 3261.24,100
3207,10:11:36,$ 3260.1301,200
3208,10:11:36,$ 3261.19,100
3209,10:11:36,$ 3261.36,100
3210,10:11:36,$ 3261.355,100
3211,10:11:36,$ 3261.095,100
3212,10:11:35,$ 3261.095,100
3213,10:11:33,$ 3261.505,100
3214,10:11:30,$ 3261.43,100
3215,10:11:30,$ 3261.425,100
3216,10:11:30,$ 3261.43,100
3217,10:11:29,$ 3261.25,100
3219,10:11:28,$ 3261.3216,550
3220,10:11:26,$ 3261.78,100
3221,10:11:25,$ 3260.86,100
3222,10:11:24,$ 3260.425,100
3223,10:11:24,$ 3260.3933,200
3224,10:11:22,$ 3260.99,100
3225,10:11:22,$ 3260.905,100
3226,10:11:20,$ 3260.1205,100
3227,10:11:20,$ 3260.44,100
3228,10:11:19,$ 3260.82,100
3229,10:11:18,$ 3260.8546,100
3230,10:11:17,$ 3261.25,100
3231,10:11:15,$ 3260.00,100
3232,10:11:11,$ 3259.95,100
3233,10:11:10,$ 3259.86,100
3234,10:11:10,$ 3259.86,100
3235,10:11:10,$ 3259.90,100
3236,10:11:10,$ 3260.86,100
3237,10:11:09,$ 3260.96,100
3238,10:11:07,$ 3261.00,100
3240,10:11:06,$ 3260.37,100
3241,10:11:06,$ 3259.84,296
3242,10:11:06,$ 3260.27,100
3243,10:11:06,$ 3260.11,525
3244,10:11:06,$ 3261.25,100
3245,10:11:06,$ 3261.25,100
3246,10:11:04,$ 3261.135,100
3247,10:11:04,$ 3261.25,100
3248,10:11:03,$ 3260.64,100
3249,10:11:03,$ 3261.25,100
3250,10:11:03,$ 3261.25,100
3251,10:11:02,$ 3261.25,100
3252,10:11:01,$ 3259.99,100
3253,10:11:01,$ 3259.99,100
3254,10:11:01,$ 3260.00,137
3255,10:11:01,$ 3260.00,100
3256,10:11:01,$ 3259.80,100
3257,10:11:01,$ 3260.00,100
3258,10:10:58,$ 3258.81,100
3259,10:10:57,$ 3259.40,100
3261,10:10:57,$ 3258.75,200
3262,10:10:55,$ 3259.51,100
3263,10:10:53,$ 3258.82,200
3264,10:10:53,$ 3258.51,100
3265,10:10:52,$ 3258.92,100
3266,10:10:52,$ 3259.04,100
3267,10:10:51,$ 3259.49,100
3268,10:10:51,$ 3260.00,100
3269,10:10:51,$ 3260.00,100
3270,10:10:50,$ 3259.49,200
3271,10:10:50,$ 3259.87,100
3272,10:10:50,$ 3259.87,100
3273,10:10:49,$ 3259.05,100
3274,10:10:48,$ 3258.81,100
3275,10:10:48,$ 3259.25,100
3276,10:10:48,$ 3259.87,100
3277,10:10:47,$ 3259.19,100
3278,10:10:46,$ 3259.00,100
3279,10:10:45,$ 3258.915,100
3280,10:10:45,$ 3258.80,100
3282,10:10:45,$ 3258.80,100
3283,10:10:45,$ 3258.20,100
3284,10:10:44,$ 3257.99,120
3285,10:10:44,$ 3258.00,100
3286,10:10:44,$ 3257.90,100
3287,10:10:44,$ 3257.70,100
3288,10:10:43,$ 3257.75,100
3289,10:10:43,$ 3257.74,100
3290,10:10:43,$ 3256.71,265
3291,10:10:43,$ 3256.971,168
3292,10:10:43,$ 3256.971,771
3293,10:10:43,$ 3256.70,100
3294,10:10:43,$ 3257.00,100
3295,10:10:42,$ 3256.17,100
3296,10:10:41,$ 3255.84,100
3297,10:10:41,$ 3256.37,100
3298,10:10:41,$ 3256.38,100
3299,10:10:41,$ 3256.37,100
3300,10:10:40,$ 3255.695,375
3301,10:10:40,$ 3255.79,100
3303,10:10:40,$ 3256.37,100
3304,10:10:40,$ 3255.52,100
3305,10:10:40,$ 3255.94,100
3306,10:10:40,$ 3255.99,100
3307,10:10:38,$ 3255.00,192
3308,10:10:38,$ 3255.00,100
3309,10:10:38,$ 3255.00,200
3310,10:10:36,$ 3254.60,100
3311,10:10:36,$ 3254.64,100
3312,10:10:36,$ 3255.00,100
3313,10:10:36,$ 3254.61,100
3314,10:10:36,$ 3254.62,100
3315,10:10:35,$ 3254.57,200
3316,10:10:35,$ 3254.00,361
3317,10:10:35,$ 3253.78,100
3318,10:10:35,$ 3253.78,100
3319,10:10:31,$ 3253.20,200
3320,10:10:30,$ 3253.52,100
3321,10:10:26,$ 3253.245,185
3322,10:10:25,$ 3253.15,100
3324,10:10:23,$ 3253.30,100
3325,10:10:22,$ 3252.5878,200
3326,10:10:06,$ 3253.2999,100
3327,10:10:05,$ 3253.9678,100
3328,10:10:04,$ 3253.00,100
3329,10:10:04,$ 3253.00,100
3330,10:10:04,$ 3252.88,100
3331,10:10:04,$ 3252.80,100
3332,10:10:04,$ 3253.00,100
3333,10:10:04,$ 3252.74,200
3334,10:10:00,$ 3253.04,100
3335,10:09:57,$ 3252.71,100
3336,10:09:56,$ 3253.225,400
3337,10:09:51,$ 3252.81,100
3338,10:09:50,$ 3253.4199,100
3339,10:09:48,$ 3252.935,200
3340,10:09:43,$ 3253.1452,100
3341,10:09:41,$ 3252.98,100
3342,10:09:38,$ 3252.69,100
3343,10:09:37,$ 3252.40,770
3345,10:09:36,$ 3252.4177,770
3346,10:09:35,$ 3252.40,100
3347,10:09:22,$ 3252.70,100
3348,10:09:20,$ 3251.6435,100
3349,10:09:18,$ 3252.531,150
3350,10:09:18,$ 3252.63,100
3351,10:09:18,$ 3252.11,100
3352,10:09:17,$ 3252.19,100
3353,10:09:14,$ 3251.86,100
3354,10:09:12,$ 3251.0695,100
3355,10:09:10,$ 3251.89,100
3356,10:09:06,$ 3251.58,100
3357,10:09:05,$ 3251.20,100
3358,10:09:05,$ 3251.20,100
3359,10:09:05,$ 3251.20,100
3360,10:09:05,$ 3251.20,100
3361,10:09:05,$ 3251.30,100
3362,10:09:03,$ 3251.9351,"1,000"
3363,10:09:02,$ 3251.864,100
3364,10:09:02,$ 3252.0764,307
3366,10:09:02,$ 3251.48,100
3367,10:09:01,$ 3252.105,200
3368,10:08:59,$ 3251.27,100
3369,10:08:59,$ 3251.27,100
3370,10:08:59,$ 3251.49,300
3371,10:08:59,$ 3251.45,100
3372,10:08:59,$ 3251.27,100
3373,10:08:56,$ 3252.10,150
3374,10:08:54,$ 3251.565,100
3375,10:08:53,$ 3251.37,100
3376,10:08:51,$ 3250.65,100
3377,10:08:51,$ 3252.17,100
3378,10:08:51,$ 3252.17,100
3379,10:08:51,$ 3250.662,100
3380,10:08:51,$ 3250.73,100
3381,10:08:51,$ 3250.66,100
3382,10:08:51,$ 3251.20,100
3383,10:08:51,$ 3251.254,100
3384,10:08:51,$ 3251.282,100
3385,10:08:51,$ 3251.80,100
3387,10:08:51,$ 3251.28,100
3388,10:08:47,$ 3253.58,100
3389,10:08:45,$ 3252.02,100
3390,10:08:44,$ 3251.48,100
3391,10:08:43,$ 3251.68,100
3392,10:08:43,$ 3251.99,100
3393,10:08:43,$ 3251.47,183
3394,10:08:43,$ 3251.20,100
3395,10:08:40,$ 3250.34,100
3396,10:08:40,$ 3251.20,100
3397,10:08:38,$ 3251.20,100
3398,10:08:37,$ 3250.645,100
3399,10:08:34,$ 3250.605,200
3400,10:08:31,$ 3251.00,100
3401,10:08:31,$ 3250.83,100
3402,10:08:31,$ 3250.97,100
3403,10:08:30,$ 3250.465,200
3404,10:08:30,$ 3250.85,100
3405,10:08:29,$ 3250.64,186
3406,10:08:29,$ 3250.60,100
3408,10:08:29,$ 3250.64,100
3409,10:08:27,$ 3250.91,100
3410,10:08:27,$ 3249.80,100
3411,10:08:27,$ 3249.67,100
3412,10:08:27,$ 3249.90,100
3413,10:08:26,$ 3250.235,106
3414,10:08:25,$ 3250.22,300
3415,10:08:25,$ 3249.92,100
3416,10:08:25,$ 3250.22,100
3417,10:08:25,$ 3249.92,100
3418,10:08:25,$ 3249.94,300
3419,10:08:25,$ 3249.67,100
3420,10:08:25,$ 3250.00,145
3421,10:08:25,$ 3250.00,100
3422,10:08:25,$ 3250.00,100
3423,10:08:25,$ 3250.00,100
3424,10:08:25,$ 3250.00,400
3425,10:08:25,$ 3250.00,900
3426,10:08:24,$ 3249.0302,200
3427,10:08:23,$ 3249.62,100
3429,10:08:23,$ 3249.82,100
3430,10:08:22,$ 3249.88,100
3431,10:08:22,$ 3249.795,100
3432,10:08:21,$ 3249.88,100
3433,10:08:21,$ 3249.88,100
3434,10:08:21,$ 3248.99,200
3435,10:08:20,$ 3248.98,100
3436,10:08:18,$ 3249.00,100
3437,10:08:16,$ 3248.31,100
3438,10:08:15,$ 3247.70,100
3439,10:08:15,$ 3247.915,100
3440,10:08:15,$ 3248.32,300
3441,10:08:15,$ 3247.57,500
3442,10:08:15,$ 3248.00,400
3443,10:08:15,$ 3247.01,100
3444,10:08:15,$ 3247.00,100
3445,10:08:15,$ 3247.00,100
3446,10:08:15,$ 3247.02,100
3447,10:08:14,$ 3247.00,100
3448,10:08:14,$ 3246.77,300
3450,10:08:14,$ 3247.94,100
3451,10:08:14,$ 3247.00,267
3452,10:08:14,$ 3246.615,200
3453,10:08:12,$ 3246.82,100
3454,10:08:12,$ 3246.50,100
3455,10:08:12,$ 3246.82,100
3456,10:08:11,$ 3245.975,"1,000"
3457,10:08:11,$ 3246.26,100
3458,10:08:11,$ 3246.425,100
3459,10:08:10,$ 3245.77,277
3460,10:08:10,$ 3245.46,207
3461,10:08:10,$ 3245.00,361
3462,10:08:10,$ 3245.00,100
3463,10:08:08,$ 3244.895,100
3464,10:08:07,$ 3244.85,100
3465,10:08:07,$ 3244.88,308
3466,10:08:07,$ 3244.165,100
3467,10:08:07,$ 3243.69,187
3468,10:08:07,$ 3244.00,100
3469,10:08:07,$ 3244.00,"3,605"
3471,10:08:07,$ 3244.00,100
3472,10:08:07,$ 3244.00,589
3473,10:08:07,$ 3244.00,111
3474,10:08:07,$ 3244.00,131
3475,10:08:07,$ 3244.00,616
3476,10:08:07,$ 3244.00,100
3477,10:08:07,$ 3244.00,275
3478,10:08:07,$ 3244.00,177
3479,10:08:07,$ 3244.00,100
3480,10:08:05,$ 3243.40,100
3481,10:08:04,$ 3243.00,150
3482,10:08:03,$ 3242.94,100
3483,10:08:00,$ 3242.505,100
3484,10:07:57,$ 3242.515,100
3485,10:07:56,$ 3241.76,100
3486,10:07:56,$ 3241.76,100
3487,10:07:56,$ 3241.74,100
3488,10:07:48,$ 3242.375,100
3489,10:07:48,$ 3242.03,100
3490,10:07:48,$ 3242.24,100
3492,10:07:48,$ 3242.03,100
3493,10:07:29,$ 3241.7101,200
3494,10:07:25,$ 3242.93,100
3495,10:07:24,$ 3243.18,200
3496,10:07:23,$ 3243.585,100
3497,10:07:23,$ 3243.1901,100
3498,10:07:16,$ 3244.00,100
3499,10:07:16,$ 3243.945,100
3500,10:07:14,$ 3243.515,100
3501,10:07:13,$ 3243.045,100
3502,10:07:12,$ 3243.00,100
3503,10:07:07,$ 3242.4999,300
3504,10:07:06,$ 3241.9325,100
3505,10:07:02,$ 3241.67,100
3506,10:07:02,$ 3241.66,100
3507,10:06:57,$ 3241.92,100
3508,10:06:57,$ 3242.00,100
3509,10:06:56,$ 3241.475,399
3510,10:06:49,$ 3240.95,364
3511,10:06:41,$ 3241.51,100
3513,10:06:26,$ 3241.0555,100
3514,10:06:01,$ 3239.60,100
3515,10:06:01,$ 3239.76,100
3516,10:06:01,$ 3239.75,100
3517,10:06:01,$ 3239.76,100
3518,10:06:01,$ 3240.01,100
3519,10:06:01,$ 3240.00,149
3520,10:06:00,$ 3240.35,100
3521,10:05:59,$ 3240.435,200
3522,10:05:58,$ 3240.84,100
3523,10:05:56,$ 3240.84,100
3524,10:05:52,$ 3240.80,100
3525,10:05:50,$ 3240.08,300
3526,10:05:50,$ 3239.97,100
3527,10:05:50,$ 3239.97,100
3528,10:05:49,$ 3239.97,100
3529,10:05:49,$ 3239.99,100
3530,10:05:49,$ 3239.84,100
3531,10:05:46,$ 3239.795,100
3532,10:05:41,$ 3239.92,100
3534,10:05:41,$ 3239.91,100
3535,10:05:36,$ 3238.8801,259
3536,10:05:36,$ 3238.8801,"1,159"
3537,10:05:36,$ 3237.98,100
3538,10:05:36,$ 3237.535,100
3539,10:05:33,$ 3237.06,100
3540,10:05:29,$ 3236.765,100
3541,10:05:27,$ 3236.4583,100
3542,10:05:12,$ 3236.32,100
3543,10:05:10,$ 3236.31,100
3544,10:05:08,$ 3236.86,102
3545,10:05:03,$ 3236.905,100
3546,10:05:03,$ 3236.945,100
3547,10:04:55,$ 3236.65,100
3548,10:04:53,$ 3236.23,100
3549,10:04:44,$ 3236.22,100
3550,10:04:38,$ 3236.18,100
3551,10:04:30,$ 3236.78,100
3552,10:04:26,$ 3237.1001,170
3553,10:04:26,$ 3237.10,100
3555,10:04:26,$ 3237.1001,100
3556,10:04:13,$ 3236.60,100
3557,10:04:13,$ 3236.55,100
3558,10:04:10,$ 3237.445,100
3559,10:04:10,$ 3237.445,100
3560,10:04:04,$ 3237.085,100
3561,10:03:57,$ 3237.76,113
3562,10:03:55,$ 3237.68,137
3563,10:03:52,$ 3236.78,100
3564,10:03:52,$ 3236.905,400
3565,10:03:51,$ 3238.135,100
3566,10:03:51,$ 3237.68,100
3567,10:03:46,$ 3237.5901,100
3568,10:03:42,$ 3238.1425,316
3569,10:03:38,$ 3237.1888,200
3570,10:03:38,$ 3237.50,100
3571,10:03:30,$ 3237.4277,200
3572,10:03:30,$ 3234.81,100
3573,10:03:28,$ 3235.5224,100
3574,10:03:27,$ 3236.00,300
3576,10:03:27,$ 3235.72,100
3577,10:03:27,$ 3236.00,104
3578,10:03:26,$ 3235.235,100
3579,10:03:26,$ 3235.50,100
3580,10:03:18,$ 3234.50,100
3581,10:03:18,$ 3235.00,100
3582,10:03:18,$ 3235.00,100
3583,10:03:18,$ 3235.00,345
3584,10:03:08,$ 3234.7047,200
3585,10:03:07,$ 3234.12,100
3586,10:03:06,$ 3234.45,100
3587,10:03:06,$ 3234.595,100
3588,10:03:06,$ 3234.955,132
3589,10:02:59,$ 3233.98,100
3590,10:02:59,$ 3233.984,100
3591,10:02:59,$ 3234.56,100
3592,10:02:59,$ 3233.22,100
3593,10:02:59,$ 3234.55,100
3594,10:02:59,$ 3234.56,100
3595,10:02:50,$ 3234.31,100
3597,10:02:46,$ 3233.53,100
3598,10:02:44,$ 3233.1612,400
3599,10:02:34,$ 3234.7868,200
3600,10:02:33,$ 3233.94,100
3601,10:02:32,$ 3233.295,100
3602,10:02:30,$ 3233.05,100
3603,10:02:27,$ 3232.95,100
3604,10:02:27,$ 3233.00,140
3605,10:02:27,$ 3233.00,100
3606,10:02:25,$ 3232.1501,200
3607,10:02:23,$ 3232.545,100
3608,10:02:23,$ 3232.47,100
3609,10:02:03,$ 3231.73,100
3610,10:02:03,$ 3231.71,100
3611,10:02:03,$ 3231.71,100
3612,10:02:03,$ 3231.73,100
3613,10:02:02,$ 3231.49,100
3614,10:01:58,$ 3230.84,100
3615,10:01:54,$ 3231.11,100
3616,10:01:51,$ 3231.14,100
3618,10:01:48,$ 3230.795,100
3619,10:01:47,$ 3231.04,100
3620,10:01:47,$ 3230.53,100
3621,10:01:47,$ 3230.53,100
3622,10:01:47,$ 3231.96,100
3623,10:01:40,$ 3231.19,100
3624,10:01:40,$ 3231.215,100
3625,10:01:28,$ 3231.46,100
3626,10:01:28,$ 3231.46,100
3627,10:01:17,$ 3231.04,100
3628,10:01:08,$ 3231.375,100
3629,10:01:08,$ 3231.55,100
3630,10:01:08,$ 3231.555,100
3631,10:01:05,$ 3231.245,100
3632,10:01:04,$ 3231.23,100
3633,10:01:03,$ 3230.46,100
3634,10:00:57,$ 3230.91,100
3635,10:00:57,$ 3230.91,100
3636,10:00:56,$ 3230.59,100
3637,10:00:55,$ 3231.30,100
3639,10:00:55,$ 3231.49,200
3640,10:00:54,$ 3231.00,100
3641,10:00:54,$ 3231.01,100
3642,10:00:54,$ 3231.01,100
3643,10:00:54,$ 3231.00,100
3644,10:00:54,$ 3231.00,100
3645,10:00:54,$ 3231.01,100
3646,10:00:54,$ 3230.9835,100
3647,10:00:54,$ 3231.01,100
3648,10:00:42,$ 3228.595,100
3649,10:00:42,$ 3228.34,100
3650,10:00:39,$ 3228.465,100
3651,10:00:39,$ 3228.85,100
3652,10:00:39,$ 3228.85,100
3653,10:00:18,$ 3230.535,100
3654,10:00:18,$ 3229.90,100
3655,10:00:18,$ 3229.73,100
3656,10:00:13,$ 3230.11,100
3657,10:00:11,$ 3230.745,100
3659,10:59:55,$ 3256.39,100
3660,10:59:43,$ 3255.00,600
3661,10:59:36,$ 3254.905,102
3662,10:59:28,$ 3255.05,100
3663,10:59:23,$ 3254.51,100
3664,10:59:12,$ 3254.24,100
3665,10:58:58,$ 3255.1164,100
3666,10:58:29,$ 3255.8813,300
3667,10:58:23,$ 3255.508,100
3668,10:58:23,$ 3255.65,100
3669,10:58:23,$ 3255.44,100
3670,10:58:23,$ 3255.53,100
3671,10:58:23,$ 3255.49,100
3672,10:58:23,$ 3255.4235,200
3673,10:58:22,$ 3255.78,100
3674,10:58:22,$ 3255.87,100
3675,10:58:22,$ 3255.88,100
3676,10:58:22,$ 3256.00,131
3677,10:58:22,$ 3256.30,100
3678,10:58:22,$ 3256.34,100
3680,10:58:22,$ 3256.33,100
3681,10:58:15,$ 3257.53,100
3682,10:58:15,$ 3257.51,100
3683,10:58:15,$ 3257.50,150
3684,10:58:15,$ 3257.54,100
3685,10:58:15,$ 3257.54,100
3686,10:58:14,$ 3258.15,100
3687,10:58:03,$ 3257.8233,300
3688,10:58:01,$ 3257.685,100
3689,10:57:58,$ 3258.14,100
3690,10:57:56,$ 3257.74,100
3691,10:57:56,$ 3257.99,100
3692,10:57:54,$ 3257.782,100
3693,10:57:09,$ 3257.425,100
3694,10:57:08,$ 3257.65,100
3695,10:57:06,$ 3257.4302,100
3696,10:57:02,$ 3256.5505,250
3697,10:57:01,$ 3257.0401,100
3698,10:56:52,$ 3256.71,100
3699,10:56:38,$ 3256.13,100
3701,10:56:38,$ 3257.00,500
3702,10:56:13,$ 3257.01,100
3703,10:56:13,$ 3257.00,100
3704,10:56:13,$ 3257.00,100
3705,10:56:13,$ 3257.01,100
3706,10:56:13,$ 3257.01,100
3707,10:56:13,$ 3257.01,100
3708,10:56:12,$ 3256.98,100
3709,10:56:12,$ 3256.99,100
3710,10:56:12,$ 3257.03,100
3711,10:56:12,$ 3257.126,500
3712,10:56:11,$ 3257.03,227
3713,10:56:06,$ 3257.469,"1,000"
3714,10:56:04,$ 3257.01,100
3715,10:56:04,$ 3256.97,137
3716,10:56:04,$ 3257.03,100
3717,10:56:04,$ 3257.04,100
3718,10:56:04,$ 3256.98,100
3719,10:55:59,$ 3257.985,100
3720,10:55:36,$ 3257.415,100
3722,10:55:33,$ 3257.776,100
3723,10:55:29,$ 3257.5275,100
3724,10:55:29,$ 3257.02,100
3725,10:55:29,$ 3258.0325,100
3726,10:55:29,$ 3257.51,100
3727,10:55:23,$ 3257.7077,149
3728,10:55:16,$ 3258.831,250
3729,10:55:14,$ 3257.4885,178
3730,10:55:13,$ 3257.57,100
3731,10:55:13,$ 3257.57,100
3732,10:55:13,$ 3257.57,100
3733,10:55:13,$ 3257.77,100
3734,10:55:12,$ 3258.32,100
3735,10:55:12,$ 3258.30,100
3736,10:55:12,$ 3258.3035,100
3737,10:55:12,$ 3258.69,100
3738,10:54:59,$ 3260.48,100
3739,10:54:59,$ 3260.12,100
3740,10:54:50,$ 3260.40,100
3741,10:54:50,$ 3260.41,100
3743,10:54:50,$ 3260.42,123
3744,10:54:50,$ 3260.45,100
3745,10:54:50,$ 3261.25,100
3746,10:54:47,$ 3261.645,100
3747,10:54:47,$ 3261.755,100
3748,10:54:41,$ 3261.265,100
3749,10:54:38,$ 3260.11,100
3750,10:54:38,$ 3260.59,100
3751,10:54:38,$ 3260.12,100
3752,10:54:38,$ 3260.11,100
3753,10:54:38,$ 3260.11,100
3754,10:54:38,$ 3260.57,200
3755,10:54:38,$ 3260.12,100
3756,10:54:38,$ 3261.35,100
3757,10:54:35,$ 3260.0501,100
3758,10:54:32,$ 3260.83,100
3759,10:54:27,$ 3260.02,200
3760,10:54:27,$ 3260.95,100
3761,10:54:23,$ 3260.96,100
3762,10:54:21,$ 3260.315,100
3764,10:54:21,$ 3260.345,100
3765,10:54:19,$ 3260.29,100
3766,10:54:06,$ 3260.00,215
3767,10:53:59,$ 3260.4034,100
3768,10:53:56,$ 3260.49,100
3769,10:53:53,$ 3261.07,100
3770,10:53:53,$ 3260.6809,204
3771,10:53:50,$ 3261.35,100
3772,10:53:41,$ 3262.00,100
3773,10:53:37,$ 3262.81,185
3774,10:53:37,$ 3262.83,100
3775,10:53:34,$ 3263.23,100
3776,10:53:34,$ 3263.22,100
3777,10:53:34,$ 3264.1788,149
3778,10:53:30,$ 3263.24,200
3779,10:53:30,$ 3264.27,100
3780,10:53:27,$ 3263.71,100
3781,10:53:27,$ 3264.00,100
3782,10:53:27,$ 3263.975,100
3783,10:53:24,$ 3263.975,100
3785,10:53:21,$ 3263.89,100
3786,10:53:20,$ 3262.7201,100
3787,10:53:19,$ 3263.275,100
3788,10:53:19,$ 3263.275,900
3789,10:53:17,$ 3263.28,100
3790,10:53:16,$ 3263.63,100
3791,10:53:10,$ 3262.66,216
3792,10:53:10,$ 3262.65,100
3793,10:53:02,$ 3263.00,100
3794,10:52:55,$ 3262.00,100
3795,10:52:52,$ 3261.90,100
3796,10:52:52,$ 3261.80,100
3797,10:52:50,$ 3260.38,100
3798,10:52:28,$ 3260.62,100
3799,10:52:19,$ 3261.00,100
3800,10:52:19,$ 3261.11,100
3801,10:52:17,$ 3261.30,131
3802,10:52:12,$ 3262.10,100
3803,10:52:10,$ 3262.76,100
3804,10:52:06,$ 3262.12,100
3806,10:52:03,$ 3261.87,100
3807,10:52:02,$ 3262.575,100
3808,10:52:02,$ 3262.01,100
3809,10:52:02,$ 3262.02,266
3810,10:51:56,$ 3262.85,100
3811,10:51:56,$ 3262.97,100
3812,10:51:56,$ 3262.61,100
3813,10:51:56,$ 3262.85,100
3814,10:51:56,$ 3262.85,100
3815,10:51:56,$ 3262.61,100
3816,10:51:41,$ 3261.86,100
3817,10:51:37,$ 3261.235,100
3818,10:51:35,$ 3261.86,100
3819,10:51:35,$ 3261.635,100
3820,10:51:31,$ 3260.66,100
3821,10:51:31,$ 3260.72,100
3822,10:51:30,$ 3260.83,200
3823,10:51:30,$ 3260.62,100
3824,10:51:27,$ 3261.31,100
3825,10:51:27,$ 3261.62,100
3827,10:51:26,$ 3260.695,100
3828,10:51:19,$ 3260.58,100
3829,10:51:19,$ 3260.48,100
3830,10:51:19,$ 3260.53,100
3831,10:51:19,$ 3262.44,100
3832,10:51:19,$ 3262.44,100
3833,10:51:19,$ 3262.40,100
3834,10:51:19,$ 3262.40,100
3835,10:51:17,$ 3262.52,100
3836,10:51:15,$ 3262.62,100
3837,10:51:15,$ 3262.58,100
3838,10:51:12,$ 3262.4293,102
3839,10:51:10,$ 3261.9999,100
3840,10:51:00,$ 3262.30,100
3841,10:50:59,$ 3261.044,750
3842,10:50:59,$ 3261.81,100
3843,10:50:59,$ 3261.725,100
3844,10:50:58,$ 3262.42,100
3845,10:50:56,$ 3262.4199,100
3846,10:50:56,$ 3261.2049,150
3848,10:50:55,$ 3262.49,100
3849,10:50:52,$ 3262.00,144
3850,10:50:51,$ 3261.8379,100
3851,10:50:51,$ 3261.60,100
3852,10:50:51,$ 3261.61,100
3853,10:50:50,$ 3261.29,103
3854,10:50:49,$ 3260.99,100
3855,10:50:49,$ 3260.42,100
3856,10:50:40,$ 3259.82,100
3857,10:50:40,$ 3259.78,100
3858,10:50:33,$ 3259.68,200
3859,10:50:30,$ 3259.87,100
3860,10:50:30,$ 3259.87,100
3861,10:50:30,$ 3259.87,100
3862,10:50:21,$ 3259.87,100
3863,10:50:16,$ 3259.482,150
3864,10:50:12,$ 3259.77,100
3865,10:50:02,$ 3259.28,100
3866,10:49:58,$ 3258.60,100
3867,10:49:58,$ 3258.60,300
3869,10:49:54,$ 3259.00,200
3870,10:49:52,$ 3258.99,100
3871,10:49:44,$ 3258.43,100
3872,10:49:38,$ 3258.11,100
3873,10:49:38,$ 3258.17,100
3874,10:49:36,$ 3258.02,100
3875,10:49:36,$ 3258.02,100
