,NLS Time (ET),NLS Price,NLS Share Volume
1,09:59:59,$ 3424.36,100
2,09:59:53,$ 3423.27,100
3,09:59:53,$ 3423.3875,100
4,09:59:53,$ 3423.28,100
5,09:59:38,$ 3424.065,100
6,09:59:27,$ 3423.45,190
7,09:59:23,$ 3423.17,100
8,09:59:23,$ 3423.76,100
9,09:59:23,$ 3423.77,100
10,09:59:16,$ 3423.0773,100
11,09:59:12,$ 3422.05,100
12,09:59:06,$ 3423.73,186
13,09:59:04,$ 3423.25,100
14,09:59:00,$ 3423.045,100
15,09:58:52,$ 3422.59,100
16,09:58:47,$ 3422.6775,100
17,09:58:47,$ 3422.96,100
18,09:58:47,$ 3422.98,100
19,09:58:47,$ 3422.98,100
20,09:58:47,$ 3423.09,100
22,09:58:47,$ 3423.13,100
23,09:58:47,$ 3422.64,100
24,09:58:38,$ 3422.16,100
25,09:58:37,$ 3423.27,100
26,09:58:37,$ 3422.83,100
27,09:58:28,$ 3422.90,100
28,09:58:28,$ 3423.73,100
29,09:58:28,$ 3423.88,100
30,09:58:23,$ 3422.685,100
31,09:58:23,$ 3422.685,100
32,09:58:23,$ 3422.685,100
33,09:58:19,$ 3422.52,100
34,09:58:14,$ 3420.52,100
35,09:58:14,$ 3420.535,100
36,09:58:14,$ 3420.58,100
37,09:58:14,$ 3422.74,100
38,09:57:58,$ 3427.2833,150
39,09:57:48,$ 3426.36,100
40,09:57:48,$ 3426.10,100
41,09:57:47,$ 3426.05,250
43,09:57:45,$ 3426.05,245
44,09:57:45,$ 3427.05,609
45,09:57:45,$ 3427.05,191
46,09:57:45,$ 3427.29,100
47,09:57:44,$ 3428.00,100
48,09:57:44,$ 3428.02,100
49,09:57:09,$ 3429.6548,100
50,09:57:05,$ 3429.0596,100
51,09:57:05,$ 3428.99,100
52,09:57:05,$ 3429.00,100
53,09:57:05,$ 3428.62,100
54,09:57:02,$ 3428.60,100
55,09:57:02,$ 3428.59,100
56,09:57:02,$ 3428.59,100
57,09:56:56,$ 3427.39,200
58,09:56:09,$ 3428.81,100
59,09:56:09,$ 3428.82,100
60,09:56:09,$ 3428.84,100
61,09:56:09,$ 3428.86,100
62,09:56:09,$ 3428.86,100
64,09:56:08,$ 3428.35,200
65,09:56:05,$ 3427.94,100
66,09:56:05,$ 3427.99,100
67,09:56:05,$ 3427.99,100
68,09:56:03,$ 3427.46,100
69,09:56:03,$ 3427.36,100
70,09:56:01,$ 3426.27,100
71,09:56:01,$ 3425.33,100
72,09:56:00,$ 3426.41,100
73,09:56:00,$ 3426.41,100
74,09:56:00,$ 3426.41,100
75,09:56:00,$ 3426.40,100
76,09:56:00,$ 3427.24,100
77,09:56:00,$ 3426.90,100
78,09:55:41,$ 3431.57,100
79,09:55:10,$ 3431.6366,300
80,09:55:10,$ 3431.775,100
81,09:55:09,$ 3431.95,100
82,09:55:09,$ 3432.00,100
83,09:55:09,$ 3432.00,100
85,09:55:09,$ 3432.005,150
86,09:55:05,$ 3431.99,100
87,09:55:05,$ 3432.00,981
88,09:54:57,$ 3430.67,100
89,09:54:54,$ 3430.96,111
90,09:54:47,$ 3430.5093,100
91,09:54:42,$ 3432.2475,100
92,09:54:40,$ 3430.1772,100
93,09:54:39,$ 3431.49,100
94,09:54:39,$ 3431.42,100
95,09:54:26,$ 3432.30,100
96,09:54:18,$ 3432.10,100
97,09:54:17,$ 3432.25,100
98,09:54:15,$ 3433.025,100
99,09:54:08,$ 3431.82,100
100,09:54:08,$ 3431.86,100
101,09:54:08,$ 3431.51,100
102,09:54:04,$ 3430.99,100
103,09:54:02,$ 3429.99,100
104,09:54:02,$ 3430.00,456
106,09:53:57,$ 3430.395,100
107,09:53:55,$ 3429.97,100
108,09:53:50,$ 3429.44,189
109,09:53:44,$ 3430.00,100
110,09:53:44,$ 3429.81,100
111,09:53:21,$ 3430.11,100
112,09:53:18,$ 3430.1105,100
113,09:53:13,$ 3429.605,200
114,09:53:13,$ 3429.5463,100
115,09:53:10,$ 3429.702,100
116,09:53:02,$ 3426.2001,100
117,09:52:44,$ 3426.09,100
118,09:52:44,$ 3426.07,100
119,09:52:42,$ 3426.49,400
120,09:52:41,$ 3426.43,100
121,09:52:36,$ 3426.08,901
122,09:52:29,$ 3427.4811,200
123,09:52:20,$ 3429.38,100
124,09:52:20,$ 3430.00,146
125,09:52:20,$ 3430.00,163
127,09:52:20,$ 3430.00,100
128,09:52:20,$ 3430.37,100
129,09:52:19,$ 3430.51,100
130,09:52:19,$ 3430.51,367
131,09:52:19,$ 3430.73,100
132,09:52:19,$ 3431.01,100
133,09:52:19,$ 3431.55,145
134,09:52:18,$ 3433.56,100
135,09:52:11,$ 3433.7208,100
136,09:52:11,$ 3434.3331,100
137,09:52:10,$ 3433.945,200
138,09:52:08,$ 3433.94,200
139,09:52:08,$ 3433.83,100
140,09:52:08,$ 3433.83,100
141,09:52:08,$ 3433.495,100
142,09:52:08,$ 3433.25,100
143,09:52:08,$ 3432.87,100
144,09:52:07,$ 3432.06,150
145,09:52:03,$ 3432.3866,100
146,09:52:02,$ 3431.52,111
148,09:52:02,$ 3431.561,200
149,09:51:49,$ 3431.6678,100
150,09:51:49,$ 3431.83,100
151,09:51:46,$ 3432.1935,100
152,09:51:46,$ 3432.9413,100
153,09:51:38,$ 3431.15,100
154,09:51:34,$ 3431.93,200
155,09:51:34,$ 3431.83,100
156,09:51:34,$ 3432.14,100
157,09:51:32,$ 3430.4855,100
158,09:51:30,$ 3430.67,100
159,09:51:30,$ 3432.23,100
160,09:51:30,$ 3430.68,151
161,09:51:30,$ 3431.025,100
162,09:51:30,$ 3431.01,100
163,09:51:30,$ 3431.01,100
164,09:51:30,$ 3431.01,100
165,09:51:30,$ 3431.46,200
166,09:51:30,$ 3431.60,100
167,09:51:29,$ 3431.6076,100
169,09:51:27,$ 3432.44,100
170,09:51:27,$ 3432.21,100
171,09:51:27,$ 3432.74,100
172,09:51:26,$ 3433.64,100
173,09:51:26,$ 3433.30,100
174,09:51:22,$ 3433.29,100
175,09:51:21,$ 3433.2672,200
176,09:51:19,$ 3432.57,100
177,09:51:19,$ 3432.75,300
178,09:51:15,$ 3432.20,100
179,09:51:15,$ 3432.17,100
180,09:51:13,$ 3432.11,100
181,09:51:04,$ 3431.14,100
182,09:51:04,$ 3431.14,100
183,09:50:54,$ 3430.84,100
184,09:50:54,$ 3430.99,100
185,09:50:46,$ 3429.705,200
186,09:50:46,$ 3429.79,100
187,09:50:43,$ 3430.00,100
188,09:50:43,$ 3429.99,100
190,09:50:41,$ 3429.60,200
191,09:50:40,$ 3429.30,100
192,09:50:37,$ 3428.146,100
193,09:50:34,$ 3429.05,200
194,09:50:34,$ 3428.80,100
195,09:50:32,$ 3429.31,125
196,09:50:29,$ 3428.29,100
197,09:50:29,$ 3428.03,125
198,09:50:25,$ 3428.17,100
199,09:50:25,$ 3427.68,100
200,09:50:25,$ 3427.66,200
201,09:50:23,$ 3427.205,100
202,09:50:23,$ 3427.5996,100
203,09:50:21,$ 3426.84,100
204,09:50:09,$ 3425.41,100
205,09:50:09,$ 3425.39,200
206,09:50:09,$ 3424.05,100
207,09:50:04,$ 3423.8408,100
208,09:50:04,$ 3424.07,100
209,09:50:03,$ 3424.15,100
211,09:49:54,$ 3423.3147,400
212,09:49:53,$ 3423.65,200
213,09:49:41,$ 3423.87,100
214,09:49:41,$ 3423.87,100
215,09:49:40,$ 3423.39,100
216,09:49:40,$ 3423.42,100
217,09:49:38,$ 3422.99,150
218,09:49:37,$ 3422.985,100
219,09:49:36,$ 3423.48,100
220,09:49:32,$ 3422.915,100
221,09:49:31,$ 3422.89,100
222,09:49:31,$ 3422.89,100
223,09:49:22,$ 3421.842,100
224,09:49:21,$ 3421.92,100
225,09:49:04,$ 3420.97,100
226,09:49:03,$ 3420.36,100
227,09:49:03,$ 3420.77,100
228,09:49:03,$ 3420.90,100
229,09:49:03,$ 3420.90,100
230,09:49:03,$ 3420.90,100
232,09:49:03,$ 3421.00,100
233,09:49:03,$ 3420.92,100
234,09:49:03,$ 3420.90,100
235,09:48:56,$ 3420.00,100
236,09:48:56,$ 3420.00,100
237,09:48:53,$ 3419.2223,400
238,09:48:52,$ 3419.82,100
239,09:48:52,$ 3419.15,100
240,09:48:48,$ 3419.12,117
241,09:48:47,$ 3419.0475,100
242,09:48:46,$ 3419.075,100
243,09:48:41,$ 3419.36,100
244,09:48:37,$ 3419.34,100
245,09:48:37,$ 3419.2096,100
246,09:48:36,$ 3418.85,100
247,09:48:36,$ 3418.56,100
248,09:48:34,$ 3417.52,100
249,09:48:32,$ 3417.55,130
250,09:48:31,$ 3417.18,100
251,09:48:30,$ 3418.12,100
253,09:48:22,$ 3417.97,100
254,09:48:21,$ 3417.97,100
255,09:48:21,$ 3417.97,100
256,09:48:21,$ 3417.9796,189
257,09:48:16,$ 3417.21,100
258,09:48:16,$ 3416.44,100
259,09:48:16,$ 3416.23,100
260,09:48:16,$ 3416.23,100
261,09:48:09,$ 3416.83,100
262,09:48:09,$ 3416.83,100
263,09:48:03,$ 3417.06,100
264,09:48:00,$ 3417.28,100
265,09:47:42,$ 3417.63,150
266,09:47:42,$ 3417.63,200
267,09:47:39,$ 3418.43,350
268,09:47:20,$ 3418.8971,200
269,09:47:19,$ 3417.97,100
270,09:47:11,$ 3416.835,100
271,09:47:02,$ 3416.20,150
272,09:46:54,$ 3415.996,169
274,09:46:54,$ 3416.495,100
275,09:46:37,$ 3415.795,350
276,09:46:30,$ 3416.04,100
277,09:46:21,$ 3416.97,100
278,09:46:19,$ 3416.69,100
279,09:46:18,$ 3416.82,100
280,09:46:18,$ 3416.83,100
281,09:46:18,$ 3416.815,100
282,09:46:18,$ 3416.93,100
283,09:45:56,$ 3415.65,100
284,09:45:52,$ 3415.65,100
285,09:45:51,$ 3415.75,100
286,09:45:42,$ 3417.05,100
287,09:45:40,$ 3417.33,100
288,09:45:40,$ 3417.18,100
289,09:45:40,$ 3417.18,200
290,09:45:40,$ 3417.265,100
291,09:45:36,$ 3418.12,499
292,09:45:23,$ 3417.71,100
293,09:45:21,$ 3417.23,100
295,09:45:21,$ 3415.3449,200
296,09:45:09,$ 3418.98,100
297,09:45:08,$ 3418.47,100
298,09:45:06,$ 3418.70,100
299,09:44:55,$ 3418.65,100
300,09:44:52,$ 3418.0858,"1,000"
301,09:44:44,$ 3417.81,100
302,09:44:24,$ 3416.33,100
303,09:44:24,$ 3416.28,100
304,09:44:17,$ 3416.005,100
305,09:44:14,$ 3417.24,100
306,09:44:12,$ 3417.1436,200
307,09:44:00,$ 3414.975,100
308,09:43:54,$ 3415.4848,133
309,09:43:43,$ 3415.395,100
310,09:43:39,$ 3415.15,"1,000"
311,09:43:35,$ 3415.34,150
312,09:43:35,$ 3415.00,100
313,09:43:35,$ 3414.24,100
314,09:43:35,$ 3414.18,100
316,09:43:30,$ 3413.43,100
317,09:43:23,$ 3412.48,100
318,09:43:22,$ 3413.29,280
319,09:43:10,$ 3413.36,100
320,09:43:10,$ 3413.24,100
321,09:42:52,$ 3413.15,100
322,09:42:48,$ 3412.6925,100
323,09:42:48,$ 3412.575,100
324,09:42:35,$ 3414.70,100
325,09:42:06,$ 3416.255,150
326,09:42:04,$ 3415.7101,100
327,09:41:59,$ 3414.38,100
328,09:41:56,$ 3415.9999,200
329,09:41:49,$ 3414.51,200
330,09:41:39,$ 3414.45,100
331,09:41:34,$ 3414.48,100
332,09:41:21,$ 3411.99,100
333,09:41:16,$ 3411.60,100
334,09:41:14,$ 3411.46,100
335,09:41:09,$ 3411.11,100
337,09:40:57,$ 3411.855,100
338,09:40:55,$ 3413.555,200
339,09:40:55,$ 3413.33,100
340,09:40:54,$ 3413.14,100
341,09:40:54,$ 3413.19,100
342,09:40:50,$ 3411.985,100
343,09:40:50,$ 3411.98,200
344,09:40:48,$ 3412.00,100
345,09:40:44,$ 3412.235,300
346,09:40:40,$ 3411.64,100
347,09:40:39,$ 3410.97,100
348,09:40:39,$ 3410.97,300
349,09:40:39,$ 3410.97,300
350,09:40:39,$ 3410.97,100
351,09:40:37,$ 3411.06,100
352,09:40:37,$ 3410.94,100
353,09:40:37,$ 3410.94,100
354,09:40:37,$ 3410.56,100
355,09:40:37,$ 3410.18,100
356,09:40:33,$ 3411.97,100
358,09:40:32,$ 3411.765,200
359,09:40:32,$ 3411.765,100
360,09:40:32,$ 3411.765,100
361,09:40:32,$ 3411.765,100
362,09:40:32,$ 3411.765,100
363,09:40:32,$ 3411.765,100
364,09:40:32,$ 3411.765,100
365,09:40:25,$ 3413.71,100
366,09:40:17,$ 3414.33,100
367,09:40:03,$ 3413.80,200
368,09:40:01,$ 3414.00,100
369,09:39:57,$ 3415.00,100
370,09:39:57,$ 3415.11,100
371,09:39:57,$ 3415.42,100
372,09:39:50,$ 3416.00,100
373,09:39:49,$ 3415.325,100
374,09:39:42,$ 3415.96,100
375,09:39:42,$ 3416.01,100
376,09:39:36,$ 3415.38,100
377,09:39:31,$ 3415.37,100
379,09:39:31,$ 3415.51,100
380,09:39:31,$ 3415.56,100
381,09:39:09,$ 3416.6777,200
382,09:39:04,$ 3415.72,100
383,09:39:04,$ 3415.56,100
384,09:38:59,$ 3414.61,100
385,09:38:59,$ 3414.61,100
386,09:38:59,$ 3415.085,100
387,09:38:59,$ 3414.61,100
388,09:38:52,$ 3414.61,100
389,09:38:47,$ 3415.21,100
390,09:38:47,$ 3415.15,100
391,09:38:46,$ 3415.84,100
392,09:38:44,$ 3414.325,100
393,09:38:42,$ 3415.39,100
394,09:38:36,$ 3416.48,100
395,09:38:33,$ 3416.75,100
396,09:38:22,$ 3418.14,100
397,09:38:18,$ 3417.84,100
398,09:38:18,$ 3417.93,100
400,09:38:17,$ 3417.93,100
401,09:38:17,$ 3417.84,100
402,09:38:17,$ 3417.92,100
403,09:38:16,$ 3417.77,100
404,09:38:10,$ 3417.835,100
405,09:38:04,$ 3417.24,100
406,09:37:57,$ 3417.22,100
407,09:37:57,$ 3416.78,100
408,09:37:53,$ 3416.095,100
409,09:37:50,$ 3416.015,100
410,09:37:47,$ 3416.185,100
411,09:37:36,$ 3414.07,100
412,09:37:33,$ 3414.715,100
413,09:37:27,$ 3412.71,100
414,09:37:27,$ 3412.80,100
415,09:37:27,$ 3413.50,100
416,09:37:27,$ 3414.17,100
417,09:37:23,$ 3415.02,100
418,09:37:08,$ 3415.76,100
419,09:37:07,$ 3414.2771,200
421,09:36:57,$ 3414.0601,100
422,09:36:48,$ 3415.605,400
423,09:36:29,$ 3418.45,100
424,09:36:24,$ 3417.48,100
425,09:36:23,$ 3417.28,100
426,09:36:06,$ 3416.36,150
427,09:36:01,$ 3416.68,100
428,09:36:01,$ 3416.68,100
429,09:35:51,$ 3416.2501,147
430,09:35:44,$ 3417.79,100
431,09:35:41,$ 3417.18,250
432,09:35:26,$ 3417.806,121
433,09:35:21,$ 3418.10,100
434,09:35:17,$ 3418.22,100
435,09:35:14,$ 3421.075,100
436,09:35:13,$ 3419.03,100
437,09:35:13,$ 3419.03,100
438,09:35:13,$ 3419.58,100
439,09:35:12,$ 3419.94,100
440,09:35:09,$ 3419.455,100
442,09:35:08,$ 3419.02,100
443,09:35:07,$ 3418.00,130
444,09:35:03,$ 3417.4025,200
445,09:35:01,$ 3414.21,100
446,09:34:52,$ 3417.99,274
447,09:34:52,$ 3415.92,100
448,09:34:52,$ 3416.26,100
449,09:34:51,$ 3415.05,100
450,09:34:49,$ 3413.245,100
451,09:34:45,$ 3413.00,146
452,09:34:45,$ 3412.00,100
453,09:34:45,$ 3412.00,100
454,09:34:45,$ 3412.00,100
455,09:34:45,$ 3412.01,100
456,09:34:45,$ 3412.13,100
457,09:34:45,$ 3412.13,100
458,09:34:45,$ 3412.04,100
459,09:34:41,$ 3412.73,100
460,09:34:31,$ 3413.15,100
461,09:34:29,$ 3412.86,100
463,09:34:28,$ 3413.03,100
464,09:34:13,$ 3411.90,100
465,09:34:01,$ 3413.18,100
466,09:33:59,$ 3414.90,100
467,09:33:59,$ 3414.45,100
468,09:33:49,$ 3411.5463,200
469,09:33:31,$ 3410.22,100
470,09:33:19,$ 3411.10,100
471,09:33:16,$ 3408.4698,300
472,09:33:11,$ 3406.86,100
473,09:33:11,$ 3407.49,100
474,09:32:47,$ 3409.065,100
475,09:32:39,$ 3409.304,100
476,09:32:34,$ 3406.49,100
477,09:32:29,$ 3404.7601,150
478,09:32:14,$ 3406.365,500
479,09:32:14,$ 3407.05,100
480,09:32:14,$ 3405.48,100
481,09:32:14,$ 3406.02,100
482,09:32:14,$ 3406.33,100
484,09:32:14,$ 3406.52,100
485,09:32:14,$ 3406.62,100
486,09:32:06,$ 3406.1918,100
487,09:31:56,$ 3405.21,100
488,09:31:56,$ 3405.21,100
489,09:31:54,$ 3405.585,100
490,09:31:53,$ 3407.7931,100
491,09:31:51,$ 3406.25,100
492,09:31:51,$ 3406.25,100
493,09:31:45,$ 3404.63,100
494,09:31:45,$ 3404.68,125
495,09:31:45,$ 3405.10,100
496,09:31:45,$ 3404.32,100
497,09:31:41,$ 3405.00,422
498,09:31:41,$ 3405.00,200
499,09:31:40,$ 3406.00,100
500,09:31:40,$ 3406.00,100
501,09:31:39,$ 3406.4698,122
502,09:31:37,$ 3407.11,100
503,09:31:37,$ 3407.40,500
505,09:31:37,$ 3407.40,500
506,09:31:37,$ 3407.40,100
507,09:31:37,$ 3407.40,368
508,09:31:37,$ 3407.42,100
509,09:31:34,$ 3409.15,100
510,09:31:34,$ 3410.36,100
511,09:31:34,$ 3410.00,100
512,09:31:24,$ 3411.00,100
513,09:31:22,$ 3410.97,100
514,09:31:22,$ 3410.97,100
515,09:31:19,$ 3411.52,100
516,09:31:11,$ 3411.48,100
517,09:31:09,$ 3409.42,100
518,09:31:09,$ 3411.26,147
519,09:31:09,$ 3411.26,155
520,09:31:09,$ 3410.51,200
521,09:31:00,$ 3411.50,100
522,09:31:00,$ 3410.03,100
523,09:31:00,$ 3412.14,100
524,09:30:56,$ 3410.4439,200
526,09:30:55,$ 3411.14,100
527,09:30:55,$ 3410.93,100
528,09:30:54,$ 3410.94,100
529,09:30:54,$ 3410.00,300
530,09:30:54,$ 3410.91,100
531,09:30:54,$ 3410.95,100
532,09:30:54,$ 3410.92,100
533,09:30:54,$ 3410.78,100
534,09:30:54,$ 3412.48,100
535,09:30:54,$ 3412.13,100
536,09:30:54,$ 3412.06,100
537,09:30:54,$ 3412.01,100
538,09:30:54,$ 3412.53,100
539,09:30:54,$ 3412.49,100
540,09:30:54,$ 3414.38,100
541,09:30:54,$ 3414.01,100
542,09:30:54,$ 3414.00,193
543,09:30:54,$ 3414.00,255
544,09:30:54,$ 3414.01,100
545,09:30:52,$ 3414.935,100
547,09:30:49,$ 3415.00,230
548,09:30:36,$ 3413.31,100
549,09:30:36,$ 3412.02,200
550,09:30:36,$ 3412.02,200
551,09:30:36,$ 3413.40,552
552,09:30:36,$ 3414.09,100
553,09:30:36,$ 3414.04,233
554,09:30:36,$ 3414.04,200
555,09:30:36,$ 3414.04,400
556,09:30:36,$ 3414.04,167
557,09:30:32,$ 3413.38,200
558,09:30:31,$ 3414.52,100
559,09:30:27,$ 3412.96,200
560,09:30:26,$ 3414.25,100
561,09:30:12,$ 3412.01,200
562,09:30:10,$ 3414.95,100
563,09:30:09,$ 3413.01,110
564,09:30:09,$ 3413.01,110
565,09:30:01,$ 3414.25,20
566,09:30:01,$ 3414.25,5
568,09:30:01,$ 3414.25,2
569,09:30:01,$ 3414.25,3
570,09:30:01,$ 3414.25,1
571,09:30:01,$ 3414.25,295
572,09:30:01,$ 3414.25,2
573,09:30:01,$ 3414.25,3
574,09:30:01,$ 3414.25,1
575,09:30:01,$ 3414.25,1
576,09:30:01,$ 3414.25,2
577,09:30:01,$ 3414.25,10
578,09:30:01,$ 3414.25,3
579,09:30:01,$ 3414.25,3
580,09:30:01,$ 3414.25,3
581,09:30:01,$ 3414.25,5
582,09:30:01,$ 3414.25,8
583,09:30:01,$ 3414.25,1
584,09:30:01,$ 3414.25,8
585,09:30:01,$ 3414.25,2
586,09:30:01,$ 3414.25,20
587,09:30:01,$ 3414.25,5
589,09:30:01,$ 3414.25,5
590,09:30:01,$ 3414.25,1
591,09:30:01,$ 3414.25,1
592,09:30:01,$ 3414.25,1
593,09:30:01,$ 3414.25,4
594,09:30:01,$ 3414.25,1
595,09:30:01,$ 3414.25,2
596,09:30:01,$ 3414.25,1
597,09:30:01,$ 3414.25,1
598,09:30:01,$ 3414.25,1
599,09:30:01,$ 3414.25,2
600,09:30:01,$ 3414.25,1
601,09:30:01,$ 3414.25,2
602,09:30:01,$ 3414.25,1
603,09:30:01,$ 3414.25,2
604,09:30:01,$ 3414.25,1
605,09:30:01,$ 3414.25,1
606,09:30:01,$ 3414.25,1
607,09:30:01,$ 3414.25,3
608,09:30:01,$ 3414.25,1
610,09:30:01,$ 3414.25,2
611,09:30:01,$ 3414.25,3
612,09:30:01,$ 3414.25,21
613,09:30:01,$ 3414.25,1
614,09:30:01,$ 3414.25,1
615,09:30:01,$ 3414.25,3
616,09:30:01,$ 3414.25,1
617,09:30:01,$ 3414.25,1
618,09:30:01,$ 3414.25,1
619,09:30:01,$ 3414.25,5
620,09:30:01,$ 3414.25,2
621,09:30:01,$ 3414.25,5
622,09:30:01,$ 3414.25,1
623,09:30:01,$ 3414.25,1
624,09:30:01,$ 3414.25,2
625,09:30:01,$ 3414.25,2
626,09:30:01,$ 3414.25,3
627,09:30:01,$ 3414.25,1
628,09:30:01,$ 3414.25,1
629,09:30:01,$ 3414.25,1
631,09:30:01,$ 3414.25,1
632,09:30:01,$ 3414.25,2
633,09:30:01,$ 3414.25,15
634,09:30:01,$ 3414.25,2
635,09:30:01,$ 3414.25,1
636,09:30:01,$ 3414.25,1
637,09:30:01,$ 3414.25,1
638,09:30:01,$ 3414.25,1
639,09:30:01,$ 3414.25,5
640,09:30:01,$ 3414.25,1
641,09:30:01,$ 3414.25,5
642,09:30:01,$ 3414.25,5
643,09:30:01,$ 3414.25,10
644,09:30:01,$ 3414.25,5
645,09:30:01,$ 3414.25,1
646,09:30:01,$ 3414.25,5
647,09:30:01,$ 3414.25,1
648,09:30:01,$ 3414.25,3
649,09:30:01,$ 3414.25,2
650,09:30:01,$ 3414.25,1
652,09:30:01,$ 3414.25,6
653,09:30:01,$ 3414.25,1
654,09:30:01,$ 3414.25,17
655,09:30:01,$ 3414.25,6
656,09:30:01,$ 3414.25,17
657,09:30:01,$ 3414.25,173
658,09:30:01,$ 3414.25,5
659,09:30:01,$ 3414.25,10
660,09:30:01,$ 3414.25,8
661,09:30:01,$ 3414.25,60
662,09:30:01,$ 3414.25,2
663,09:30:01,$ 3414.25,5
664,09:30:01,$ 3414.25,40
665,09:30:01,$ 3414.25,1
666,09:30:01,$ 3414.25,1
667,09:30:01,$ 3414.25,1
668,09:30:01,$ 3414.25,2
669,09:30:01,$ 3414.25,23
670,09:30:01,$ 3414.25,2
671,09:30:01,$ 3414.25,20
673,09:30:01,$ 3414.25,30
674,09:30:01,$ 3414.25,4
675,09:30:01,$ 3414.25,1
676,09:30:01,$ 3414.25,1
677,09:30:01,$ 3414.25,15
678,09:30:01,$ 3414.25,100
679,09:30:01,$ 3414.25,7
680,09:30:01,$ 3414.25,1
681,09:30:01,$ 3414.25,4
682,09:30:01,$ 3414.25,3
683,09:30:01,$ 3414.25,2
684,09:30:01,$ 3414.25,4
685,09:30:01,$ 3414.25,1
686,09:30:01,$ 3414.25,10
687,09:30:01,$ 3414.25,174
688,09:30:01,$ 3414.25,15
689,09:30:01,$ 3414.25,30
690,09:30:01,$ 3414.25,1
691,09:30:01,$ 3414.25,2
692,09:30:01,$ 3414.25,5
694,09:30:01,$ 3414.25,10
695,09:30:01,$ 3414.25,1
696,09:30:01,$ 3414.25,850
697,09:30:01,$ 3414.25,3
698,09:30:01,$ 3414.25,1
699,09:30:01,$ 3414.25,88
700,09:30:01,$ 3414.25,2
701,09:30:01,$ 3414.25,1
702,09:30:01,$ 3414.25,290
703,09:30:01,$ 3414.25,2
704,09:30:01,$ 3414.25,7
705,09:30:01,$ 3414.25,12
706,09:30:01,$ 3414.25,1
707,09:30:01,$ 3414.25,1
708,09:30:01,$ 3414.25,1
709,09:30:01,$ 3414.25,1
710,09:30:01,$ 3414.25,1
711,09:30:01,$ 3414.25,1
712,09:30:01,$ 3414.25,10
713,09:30:01,$ 3414.25,21
715,09:30:01,$ 3414.25,1
716,09:30:01,$ 3414.25,1
717,09:30:01,$ 3414.25,1
718,09:30:01,$ 3414.25,2
719,09:30:01,$ 3414.25,1
720,09:30:01,$ 3414.25,1
721,09:30:01,$ 3414.25,1
722,09:30:01,$ 3414.25,12
723,09:30:01,$ 3414.25,31
724,09:30:01,$ 3414.25,4
725,09:30:01,$ 3414.25,1
726,09:30:01,$ 3414.25,2
727,09:30:01,$ 3414.25,10
728,09:30:01,$ 3414.25,2
729,09:30:01,$ 3414.25,7
730,09:30:01,$ 3414.25,3
731,09:30:01,$ 3414.25,1
732,09:30:01,$ 3414.25,1
733,09:30:01,$ 3414.25,1
734,09:30:01,$ 3414.25,14
736,09:30:01,$ 3414.25,1
737,09:30:01,$ 3414.25,2
738,09:30:01,$ 3414.25,1
739,09:30:01,$ 3414.25,2
740,09:30:01,$ 3414.25,1
741,09:30:01,$ 3414.25,7
742,09:30:01,$ 3414.25,1
743,09:30:01,$ 3414.25,1
744,09:30:01,$ 3414.25,6
745,09:30:01,$ 3414.25,7
746,09:30:01,$ 3414.25,3
747,09:30:01,$ 3414.25,7
748,09:30:01,$ 3414.25,15
749,09:30:01,$ 3414.25,6
750,09:30:01,$ 3414.25,1
751,09:30:01,$ 3414.25,3
752,09:30:01,$ 3414.25,1
753,09:30:01,$ 3414.25,2
754,09:30:01,$ 3414.25,5
755,09:30:01,$ 3414.25,1
757,09:30:01,$ 3414.25,3
758,09:30:01,$ 3414.25,13
759,09:30:01,$ 3414.25,6
760,09:30:01,$ 3414.25,2
761,09:30:01,$ 3414.25,6
762,09:30:01,$ 3414.25,2
763,09:30:01,$ 3414.25,12
764,09:30:01,$ 3414.25,1
765,09:30:01,$ 3414.25,24
766,09:30:01,$ 3414.25,2
767,09:30:01,$ 3414.25,3
768,09:30:01,$ 3414.25,1
769,09:30:01,$ 3414.25,5
770,09:30:01,$ 3414.25,9
771,09:30:01,$ 3414.25,1
772,09:30:01,$ 3414.25,21
773,09:30:01,$ 3414.25,6
774,09:30:01,$ 3414.25,2
775,09:30:01,$ 3414.25,1
776,09:30:01,$ 3414.25,1
778,09:30:01,$ 3414.25,130
779,09:30:01,$ 3414.25,3
780,09:30:01,$ 3414.25,4
781,09:30:01,$ 3414.25,17
782,09:30:01,$ 3414.25,1
783,09:30:01,$ 3414.25,5
784,09:30:01,$ 3414.25,3
785,09:30:01,$ 3414.25,1
786,09:30:01,$ 3414.25,10
787,09:30:01,$ 3414.25,1
788,09:30:01,$ 3414.25,1
789,09:30:01,$ 3414.25,1
790,09:30:01,$ 3414.25,1
791,09:30:01,$ 3414.25,1
792,09:30:01,$ 3414.25,8
793,09:30:01,$ 3414.25,1
794,09:30:01,$ 3414.25,3
795,09:30:01,$ 3414.25,1
796,09:30:01,$ 3414.25,1
797,09:30:01,$ 3414.25,1
799,09:30:01,$ 3414.25,1
800,09:30:01,$ 3414.25,4
801,09:30:01,$ 3414.25,1
802,09:30:01,$ 3414.25,1
803,09:30:01,$ 3414.25,2
804,09:30:01,$ 3414.25,3
805,09:30:01,$ 3414.25,4
806,09:30:01,$ 3414.25,5
807,09:30:01,$ 3414.25,1
808,09:30:01,$ 3414.25,1
809,09:30:01,$ 3414.25,2
810,09:30:01,$ 3414.25,1
811,09:30:01,$ 3414.25,1
812,09:30:01,$ 3414.25,1
813,09:30:01,$ 3414.25,1
814,09:30:01,$ 3414.25,1
815,09:30:01,$ 3414.25,12
816,09:30:01,$ 3414.25,1
817,09:30:01,$ 3414.25,3
818,09:30:01,$ 3414.25,11
820,09:30:01,$ 3414.25,1
821,09:30:01,$ 3414.25,5
822,09:30:01,$ 3414.25,5
823,09:30:01,$ 3414.25,1
824,09:30:01,$ 3414.25,1
825,09:30:01,$ 3414.25,1
826,09:30:01,$ 3414.25,15
827,09:30:01,$ 3414.25,1
828,09:30:01,$ 3414.25,6
829,09:30:01,$ 3414.25,3
830,09:30:01,$ 3414.25,9
831,09:30:01,$ 3414.25,1
832,09:30:01,$ 3414.25,2
833,09:30:01,$ 3414.25,15
834,09:30:01,$ 3414.25,10
835,09:30:01,$ 3414.25,6
836,09:30:01,$ 3414.25,17
837,09:30:01,$ 3414.25,4
838,09:30:01,$ 3414.25,2
839,09:30:01,$ 3414.25,4
841,09:30:01,$ 3414.25,1
842,09:30:01,$ 3414.25,8
843,09:30:01,$ 3414.25,17
844,09:30:01,$ 3414.25,1
845,09:30:01,$ 3414.25,3
846,09:30:01,$ 3414.25,8
847,09:30:01,$ 3414.25,11
848,09:30:01,$ 3414.25,1
849,09:30:01,$ 3414.25,14
850,09:30:01,$ 3414.25,6
851,09:30:01,$ 3414.25,2
852,09:30:01,$ 3414.25,4
853,09:30:01,$ 3414.25,4
854,09:30:01,$ 3414.25,4
855,09:30:01,$ 3414.25,1
856,09:30:01,$ 3414.25,2
857,09:30:01,$ 3414.25,5
858,09:30:01,$ 3414.25,8
859,09:30:01,$ 3414.25,1
860,09:30:01,$ 3414.25,2
862,09:30:01,$ 3414.25,3
863,09:30:01,$ 3414.25,71
864,09:30:01,$ 3414.25,5
865,09:30:01,$ 3414.25,3
866,09:30:01,$ 3414.25,15
867,09:30:01,$ 3414.25,2
868,09:30:01,$ 3414.25,85
869,09:30:01,$ 3414.25,4
870,09:30:01,$ 3414.25,8
871,09:30:01,$ 3414.25,3
872,09:30:01,$ 3414.25,13
873,09:30:01,$ 3414.25,2
874,09:30:01,$ 3414.25,1
875,09:30:01,$ 3414.25,2
876,09:30:01,$ 3414.25,1
877,09:30:01,$ 3414.25,2
878,09:30:01,$ 3414.25,5
879,09:30:01,$ 3414.25,1
880,09:30:01,$ 3414.25,1
881,09:30:01,$ 3414.25,1
883,09:30:01,$ 3414.25,4
884,09:30:01,$ 3414.25,10
885,09:30:01,$ 3414.25,1
886,09:30:01,$ 3414.25,1
887,09:30:01,$ 3414.25,1
888,09:30:01,$ 3414.25,1
889,09:30:01,$ 3414.25,6
890,09:30:01,$ 3414.25,5
891,09:30:01,$ 3414.25,1
892,09:30:01,$ 3414.25,1
893,09:30:01,$ 3414.25,3
894,09:30:01,$ 3414.25,1
895,09:30:01,$ 3414.25,1
896,09:30:01,$ 3414.25,1
897,09:30:01,$ 3414.25,1
898,09:30:01,$ 3414.25,5
899,09:30:01,$ 3414.25,1
900,09:30:01,$ 3414.25,16
901,09:30:01,$ 3414.25,3
902,09:30:01,$ 3414.25,1
904,09:30:01,$ 3414.25,3
905,09:30:01,$ 3414.25,10
906,09:30:01,$ 3414.25,1
907,09:30:01,$ 3414.25,10
908,09:30:01,$ 3414.25,10
909,09:30:01,$ 3414.25,1
910,09:30:01,$ 3414.25,5
911,09:30:01,$ 3414.25,1
912,09:30:01,$ 3414.25,1
913,09:30:01,$ 3414.25,7
914,09:30:01,$ 3414.25,1
915,09:30:01,$ 3414.25,12
916,09:30:01,$ 3414.25,1
917,09:30:01,$ 3414.25,1
918,09:30:01,$ 3414.25,1
919,09:30:01,$ 3414.25,1
920,09:30:01,$ 3414.25,33
921,09:30:01,$ 3414.25,1
922,09:30:01,$ 3414.25,1
923,09:30:01,$ 3414.25,6
925,09:30:01,$ 3414.25,8
926,09:30:01,$ 3414.25,1
927,09:30:01,$ 3414.25,20
928,09:30:01,$ 3414.25,7
929,09:30:01,$ 3414.25,1
930,09:30:01,$ 3414.25,1
931,09:30:01,$ 3414.25,1
932,09:30:01,$ 3414.25,1
933,09:30:01,$ 3414.25,15
934,09:30:01,$ 3414.25,1
935,09:30:01,$ 3414.25,1
936,09:30:01,$ 3414.25,1
937,09:30:01,$ 3414.25,6
938,09:30:01,$ 3414.25,1
939,09:30:01,$ 3414.25,5
940,09:30:01,$ 3414.25,4
941,09:30:01,$ 3414.25,2
942,09:30:01,$ 3414.25,3
943,09:30:01,$ 3414.25,4
944,09:30:01,$ 3414.25,3
946,09:30:01,$ 3414.25,2
947,09:30:01,$ 3414.25,1
948,09:30:01,$ 3414.25,1
949,09:30:01,$ 3414.25,2
950,09:30:01,$ 3414.25,1
951,09:30:01,$ 3414.25,1
952,09:30:01,$ 3414.25,1
953,09:30:01,$ 3414.25,2
954,09:30:01,$ 3414.25,1
955,09:30:01,$ 3414.25,1
956,09:30:01,$ 3414.25,2
957,09:30:01,$ 3414.25,1
958,09:30:01,$ 3414.25,1
959,09:30:01,$ 3414.25,2
960,09:30:01,$ 3414.25,5
961,09:30:01,$ 3414.25,7
962,09:30:01,$ 3414.25,1
963,09:30:01,$ 3414.25,1
964,09:30:01,$ 3414.25,1
965,09:30:01,$ 3414.25,1
967,09:30:01,$ 3414.25,1
968,09:30:01,$ 3414.25,2
969,09:30:01,$ 3414.25,2
970,09:30:01,$ 3414.25,1
971,09:30:01,$ 3414.25,2
972,09:30:01,$ 3414.25,3
973,09:30:01,$ 3414.25,7
974,09:30:01,$ 3414.25,5
975,09:30:01,$ 3414.25,1
976,09:30:01,$ 3414.25,1
977,09:30:01,$ 3414.25,2
978,09:30:01,$ 3414.25,6
979,09:30:01,$ 3414.25,32
980,09:30:01,$ 3414.25,6
981,09:30:01,$ 3414.25,1
982,09:30:01,$ 3414.25,3
983,09:30:01,$ 3414.25,1
984,09:30:01,$ 3414.25,1
985,09:30:01,$ 3414.25,1
986,09:30:01,$ 3414.25,1
988,09:30:01,$ 3414.25,3
989,09:30:01,$ 3414.25,3
990,09:30:01,$ 3414.25,25
991,09:30:01,$ 3414.25,2
992,09:30:01,$ 3414.25,1
993,09:30:01,$ 3414.25,20
994,09:30:01,$ 3414.25,9
995,09:30:01,$ 3414.25,3
996,09:30:01,$ 3414.25,14
997,09:30:01,$ 3414.25,1
998,09:30:01,$ 3414.25,1
999,09:30:01,$ 3414.25,5
1000,09:30:01,$ 3414.25,6
1001,09:30:01,$ 3414.25,3
1002,09:30:01,$ 3414.25,20
1003,09:30:01,$ 3414.25,2
1004,09:30:01,$ 3414.25,1
1005,09:30:01,$ 3414.25,10
1006,09:30:01,$ 3414.25,10
1007,09:30:01,$ 3414.25,5
1009,09:30:01,$ 3414.25,1
1010,09:30:01,$ 3414.25,1
1011,09:30:01,$ 3414.25,15
1012,09:30:01,$ 3414.25,2
1013,09:30:01,$ 3414.25,1
1014,09:30:01,$ 3414.25,1
1015,09:30:01,$ 3414.25,3
1016,09:30:01,$ 3414.25,3
1017,09:30:01,$ 3414.25,3
1018,09:30:01,$ 3414.25,1
1019,09:30:01,$ 3414.25,8
1020,09:30:01,$ 3414.25,3
1021,09:30:01,$ 3414.25,1
1022,09:30:01,$ 3414.25,1
1023,09:30:01,$ 3414.25,4
1024,09:30:01,$ 3414.25,4
1025,09:30:01,$ 3414.25,2
1026,09:30:01,$ 3414.25,1
1027,09:30:01,$ 3414.25,10
1028,09:30:01,$ 3414.25,5
1030,09:30:01,$ 3414.25,1
1031,09:30:01,$ 3414.25,2
1032,09:30:01,$ 3414.25,2
1033,09:30:01,$ 3414.25,1
1034,09:30:01,$ 3414.25,1
1035,09:30:01,$ 3414.25,1
1036,09:30:01,$ 3414.25,2
1037,09:30:01,$ 3414.25,6
1038,09:30:01,$ 3414.25,3
1039,09:30:01,$ 3414.25,8
1040,09:30:01,$ 3414.25,5
1041,09:30:01,$ 3414.25,1
1042,09:30:01,$ 3414.25,5
1043,09:30:01,$ 3414.25,18
1044,09:30:01,$ 3414.25,10
1045,09:30:01,$ 3414.25,1
1046,09:30:01,$ 3414.25,1
1047,09:30:01,$ 3414.25,2
1048,09:30:01,$ 3414.25,5
1049,09:30:01,$ 3414.25,8
1051,09:30:01,$ 3414.25,1
1052,09:30:01,$ 3414.25,9
1053,09:30:01,$ 3414.25,3
1054,09:30:01,$ 3414.25,9
1055,09:30:01,$ 3414.25,14
1056,09:30:01,$ 3414.25,2
1057,09:30:01,$ 3414.25,1
1058,09:30:01,$ 3414.25,10
1059,09:30:01,$ 3414.25,29
1060,09:30:01,$ 3414.25,4
1061,09:30:01,$ 3414.25,2
1062,09:30:01,$ 3414.25,1
1063,09:30:01,$ 3414.25,1
1064,09:30:01,$ 3414.25,1
1065,09:30:01,$ 3414.25,2
1066,09:30:01,$ 3414.25,3
1067,09:30:01,$ 3414.25,10
1068,09:30:01,$ 3414.25,1
1069,09:30:01,$ 3414.25,2
1070,09:30:01,$ 3414.25,2
1072,09:30:01,$ 3414.25,2
1073,09:30:01,$ 3414.25,5
1074,09:30:01,$ 3414.25,2
1075,09:30:01,$ 3414.25,2
1076,09:30:01,$ 3414.25,1
1077,09:30:01,$ 3414.25,1
1078,09:30:01,$ 3414.25,2
1079,09:30:01,$ 3414.25,2
1080,09:30:01,$ 3414.25,2
1081,09:30:01,$ 3414.25,1
1082,09:30:01,$ 3414.25,1
1083,09:30:01,$ 3414.25,1
1084,09:30:01,$ 3414.25,3
1085,09:30:01,$ 3414.25,3
1086,09:30:01,$ 3414.25,1
1087,09:30:01,$ 3414.25,1
1088,09:30:01,$ 3414.25,1
1089,09:30:01,$ 3414.25,5
1090,09:30:01,$ 3414.25,41
1091,09:30:01,$ 3414.25,1
1093,09:30:01,$ 3414.25,1
1094,09:30:01,$ 3414.25,1
1095,09:30:01,$ 3414.25,1
1096,09:30:01,$ 3414.25,1
1097,09:30:01,$ 3414.25,7
1098,09:30:01,$ 3414.25,4
1099,09:30:01,$ 3414.25,3
1100,09:30:01,$ 3414.25,1
1101,09:30:01,$ 3414.25,1
1102,09:30:01,$ 3414.25,10
1103,09:30:01,$ 3414.25,3
1104,09:30:01,$ 3414.25,3
1105,09:30:01,$ 3414.25,6
1106,09:30:01,$ 3414.25,1
1107,09:30:01,$ 3414.25,3
1108,09:30:01,$ 3414.25,5
1109,09:30:01,$ 3414.25,5
1110,09:30:01,$ 3414.25,4
1111,09:30:01,$ 3414.25,3
1112,09:30:01,$ 3414.25,1
1114,09:30:01,$ 3414.25,1
1115,09:30:01,$ 3414.25,2
1116,09:30:01,$ 3414.25,1
1117,09:30:01,$ 3414.25,2
1118,09:30:01,$ 3414.25,2
1119,09:30:01,$ 3414.25,1
1120,09:30:01,$ 3414.25,1
1121,09:30:01,$ 3414.25,1
1122,09:30:01,$ 3414.25,2
1123,09:30:01,$ 3414.25,2
1124,09:30:01,$ 3414.25,5
1125,09:30:01,$ 3414.25,2
1126,09:30:01,$ 3414.25,1
1127,09:30:01,$ 3414.25,2
1128,09:30:01,$ 3414.25,5
1129,09:30:01,$ 3414.25,1
1130,09:30:01,$ 3414.25,1
1131,09:30:01,$ 3414.25,2
1132,09:30:01,$ 3414.25,1
1133,09:30:01,$ 3414.25,1
1135,09:30:01,$ 3414.25,11
1136,09:30:01,$ 3414.25,6
1137,09:30:01,$ 3414.25,10
1138,09:30:01,$ 3414.25,10
1139,09:30:01,$ 3414.25,1
1140,09:30:01,$ 3414.25,1
1141,09:30:01,$ 3414.25,3
1142,09:30:01,$ 3414.25,1
1143,09:30:01,$ 3414.25,1
1144,09:30:01,$ 3414.25,1
1145,09:30:01,$ 3414.25,1
1146,09:30:01,$ 3414.25,1
1147,09:30:01,$ 3414.25,1
1148,09:30:01,$ 3414.25,1
1149,09:30:01,$ 3414.25,1
1150,09:30:01,$ 3414.25,1
1151,09:30:01,$ 3414.25,1
1152,09:30:01,$ 3414.25,1
1153,09:30:01,$ 3414.25,1
1154,09:30:01,$ 3414.25,1
1156,09:30:01,$ 3414.25,1
1157,09:30:01,$ 3414.25,1
1158,09:30:01,$ 3414.25,1
1159,09:30:01,$ 3414.25,1
1160,09:30:01,$ 3414.25,1
1161,09:30:01,$ 3414.25,1
1162,09:30:01,$ 3414.25,1
1163,09:30:01,$ 3414.25,1
1164,09:30:01,$ 3414.25,1
1165,09:30:01,$ 3414.25,1
1166,09:30:01,$ 3414.25,1
1167,09:30:01,$ 3414.25,1
1168,09:30:01,$ 3414.25,1
1169,09:30:01,$ 3414.25,1
1170,09:30:01,$ 3414.25,1
1171,09:30:01,$ 3414.25,1
1172,09:30:01,$ 3414.25,1
1173,09:30:01,$ 3414.25,1
1174,09:30:01,$ 3414.25,1
1175,09:30:01,$ 3414.25,1
1177,09:30:01,$ 3414.25,1
1178,09:30:01,$ 3414.25,1
1179,09:30:01,$ 3414.25,1
1180,09:30:01,$ 3414.25,1
1181,09:30:01,$ 3414.25,1
1182,09:30:01,$ 3414.25,10
1183,09:30:01,$ 3414.25,1
1184,09:30:01,$ 3414.25,1
1185,09:30:01,$ 3414.25,1
1186,09:30:01,$ 3414.25,1
1187,09:30:01,$ 3414.25,1
1188,09:30:01,$ 3414.25,1
1189,09:30:01,$ 3414.25,4
1190,09:30:01,$ 3414.25,1
1191,09:30:01,$ 3414.25,1
1192,09:30:01,$ 3414.25,1
1193,09:30:01,$ 3414.25,1
1194,09:30:01,$ 3414.25,1
1195,09:30:01,$ 3414.25,1
1196,09:30:01,$ 3414.25,1
1198,09:30:01,$ 3414.25,1
1199,09:30:01,$ 3414.25,5
1200,09:30:01,$ 3414.25,1
1201,09:30:01,$ 3414.25,1
1202,09:30:01,$ 3414.25,1
1203,09:30:01,$ 3414.25,1
1204,09:30:01,$ 3414.25,1
1205,09:30:01,$ 3414.25,1
1206,09:30:01,$ 3414.25,1
1207,09:30:01,$ 3414.25,70
1208,09:30:01,$ 3414.25,1
1209,09:30:01,$ 3414.25,1
1210,09:30:01,$ 3414.25,1
1211,09:30:01,$ 3414.25,2
1212,09:30:01,$ 3414.25,1
1213,09:30:01,$ 3414.25,5
1214,09:30:01,$ 3414.25,1
1215,09:30:01,$ 3414.25,3
1216,09:30:01,$ 3414.25,1
1217,09:30:01,$ 3414.25,3
1219,09:30:01,$ 3414.25,5
1220,09:30:01,$ 3414.25,9
1221,09:30:01,$ 3414.25,5
1222,09:30:01,$ 3414.25,1
1223,09:30:01,$ 3414.25,1
1224,09:30:01,$ 3414.25,1
1225,09:30:01,$ 3414.25,12
1226,09:30:01,$ 3414.25,1
1227,09:30:01,$ 3414.25,2
1228,09:30:01,$ 3414.25,1
1229,09:30:01,$ 3414.25,5
1230,09:30:01,$ 3414.25,1
1231,09:30:01,$ 3414.25,2
1232,09:30:01,$ 3414.25,10
1233,09:30:01,$ 3414.25,1
1234,09:30:01,$ 3414.25,15
1235,09:30:01,$ 3414.25,1
1236,09:30:01,$ 3414.25,12
1237,09:30:01,$ 3414.25,2
1238,09:30:01,$ 3414.25,1
1240,09:30:01,$ 3414.25,1
1241,09:30:01,$ 3414.25,5
1242,09:30:01,$ 3414.25,1
1243,09:30:01,$ 3414.25,10
1244,09:30:01,$ 3414.25,4
1245,09:30:01,$ 3414.25,1
1246,09:30:01,$ 3414.25,5
1247,09:30:01,$ 3414.25,1
1248,09:30:01,$ 3414.25,2
1249,09:30:01,$ 3414.25,6
1250,09:30:01,$ 3414.25,2
1251,09:30:01,$ 3414.25,1
1252,09:30:01,$ 3414.25,1
1253,09:30:01,$ 3414.25,1
1254,09:30:01,$ 3414.25,1
1255,09:30:01,$ 3414.25,1
1256,09:30:01,$ 3414.25,1
1257,09:30:01,$ 3414.25,1
1258,09:30:01,$ 3414.25,1
1259,09:30:01,$ 3414.25,1
1261,09:30:01,$ 3414.25,1
1262,09:30:01,$ 3414.25,1
1263,09:30:01,$ 3414.25,1
1264,09:30:01,$ 3414.25,1
1265,09:30:01,$ 3414.25,1
1266,09:30:01,$ 3414.25,1
1267,09:30:01,$ 3414.25,21
1268,09:30:01,$ 3414.25,1
1269,09:30:01,$ 3414.25,1
1270,09:30:01,$ 3414.25,1
1271,09:30:01,$ 3414.25,1
1272,09:30:01,$ 3414.25,1
1273,09:30:01,$ 3414.25,1
1274,09:30:01,$ 3414.25,1
1275,09:30:01,$ 3414.25,1
1276,09:30:01,$ 3414.25,1
1277,09:30:01,$ 3414.25,1
1278,09:30:01,$ 3414.25,1
1279,09:30:01,$ 3414.25,1
1280,09:30:01,$ 3414.25,1
1282,09:30:01,$ 3414.25,1
1283,09:30:01,$ 3414.25,1
1284,09:30:01,$ 3414.25,1
1285,09:30:01,$ 3414.25,1
1286,09:30:01,$ 3414.25,1
1287,09:30:01,$ 3414.25,1
1288,09:30:01,$ 3414.25,1
1289,09:30:01,$ 3414.25,1
1290,09:30:01,$ 3414.25,2
1291,09:30:01,$ 3414.25,1
1292,09:30:01,$ 3414.25,1
1293,09:30:01,$ 3414.25,1
1294,09:30:01,$ 3414.25,1
1295,09:30:01,$ 3414.25,48
1296,09:30:01,$ 3414.25,11
1297,09:30:01,$ 3414.25,10
1298,09:30:01,$ 3414.25,11
1299,09:30:01,$ 3414.25,95
1300,09:30:01,$ 3414.25,11
1301,09:30:01,$ 3414.25,4
1303,09:30:01,$ 3414.25,1
1304,09:30:01,$ 3414.25,3
1305,09:30:01,$ 3414.25,10
1306,09:30:01,$ 3414.25,3
1307,09:30:01,$ 3414.25,1
1308,09:30:01,$ 3414.25,1
1309,09:30:01,$ 3414.25,10
1310,09:30:01,$ 3414.25,75
1311,09:30:01,$ 3414.25,23
1312,09:30:01,$ 3414.25,1
1313,09:30:01,$ 3414.25,1
1314,09:30:01,$ 3414.25,1
1315,09:30:01,$ 3414.25,1
1316,09:30:01,$ 3414.25,2
1317,09:30:01,$ 3414.25,1
1318,09:30:01,$ 3414.25,1
1319,09:30:01,$ 3414.25,6
1320,09:30:01,$ 3414.25,1
1321,09:30:01,$ 3414.25,106
1322,09:30:01,$ 3414.25,2
1324,09:30:01,$ 3414.25,55
1325,09:30:01,$ 3414.25,8
1326,09:30:01,$ 3414.25,2
1327,09:30:01,$ 3414.25,4
1328,09:30:01,$ 3414.25,3
1329,09:30:01,$ 3414.25,2
1330,09:30:01,$ 3414.25,3
1331,09:30:01,$ 3414.25,12
1332,09:30:01,$ 3414.25,10
1333,09:30:01,$ 3414.25,3
1334,09:30:01,$ 3414.25,43
1335,09:30:01,$ 3414.25,7
1336,09:30:01,$ 3414.25,2
1337,09:30:01,$ 3414.25,3
1338,09:30:01,$ 3414.25,20
1339,09:30:01,$ 3414.25,3
1340,09:30:01,$ 3414.25,1
1341,09:30:01,$ 3414.25,1
1342,09:30:01,$ 3414.25,1
1343,09:30:01,$ 3414.25,1
1345,09:30:01,$ 3414.25,3
1346,09:30:01,$ 3414.25,2
1347,09:30:01,$ 3414.25,2
1348,09:30:01,$ 3414.25,6
1349,09:30:01,$ 3414.25,2
1350,09:30:01,$ 3414.25,10
1351,09:30:01,$ 3414.25,2
1352,09:30:01,$ 3414.25,2
1353,09:30:01,$ 3414.25,4
1354,09:30:01,$ 3414.25,3
1355,09:30:01,$ 3414.25,1
1356,09:30:01,$ 3414.25,3
1357,09:30:01,$ 3414.25,3
1358,09:30:01,$ 3414.25,3
1359,09:30:01,$ 3414.25,1
1360,09:30:01,$ 3414.25,2
1361,09:30:01,$ 3414.25,4
1362,09:30:01,$ 3414.25,5
1363,09:30:01,$ 3414.25,2
1364,09:30:01,$ 3414.25,19
1366,09:30:01,$ 3414.25,12
1367,09:30:01,$ 3414.25,60
1368,09:30:01,$ 3414.25,1
1369,09:30:01,$ 3414.25,10
1370,09:30:01,$ 3414.25,1
1371,09:30:01,$ 3414.25,7
1372,09:30:01,$ 3414.25,49
1373,09:30:01,$ 3414.25,1
1374,09:30:01,$ 3414.25,2
1375,09:30:01,$ 3414.25,2
1376,09:30:01,$ 3414.25,10
1377,09:30:01,$ 3414.25,2
1378,09:30:01,$ 3414.25,1
1379,09:30:01,$ 3414.25,22
1380,09:30:01,$ 3414.25,1
1381,09:30:01,$ 3414.25,4
1382,09:30:01,$ 3414.25,2
1383,09:30:01,$ 3414.25,1
1384,09:30:01,$ 3414.25,14
1385,09:30:01,$ 3414.25,10
1387,09:30:01,$ 3414.25,1
1388,09:30:01,$ 3414.25,12
1389,09:30:01,$ 3414.25,9
1390,09:30:01,$ 3414.25,1
1391,09:30:01,$ 3414.25,10
1392,09:30:01,$ 3414.25,1
1393,09:30:01,$ 3414.25,1
1394,09:30:01,$ 3414.25,10
1395,09:30:01,$ 3414.25,2
1396,09:30:01,$ 3414.25,3
1397,09:30:01,$ 3414.25,1
1398,09:30:01,$ 3414.25,1
1399,09:30:01,$ 3414.25,1
1400,09:30:01,$ 3414.25,1
1401,09:30:01,$ 3414.25,1
1402,09:30:01,$ 3414.25,16
1403,09:30:01,$ 3414.25,1
1404,09:30:01,$ 3414.25,1
1405,09:30:01,$ 3414.25,1
1406,09:30:01,$ 3414.25,8
1408,09:30:01,$ 3414.25,10
1409,09:30:01,$ 3414.25,2
1410,09:30:01,$ 3414.25,2
1411,09:30:01,$ 3414.25,1
1412,09:30:01,$ 3414.25,1
1413,09:30:01,$ 3414.25,6
1414,09:30:01,$ 3414.25,2
1415,09:30:01,$ 3414.25,2
1416,09:30:01,$ 3414.25,1
1417,09:30:01,$ 3414.25,1
1418,09:30:01,$ 3414.25,2
1419,09:30:01,$ 3414.25,2
1420,09:30:01,$ 3414.25,1
1421,09:30:01,$ 3414.25,20
1422,09:30:01,$ 3414.25,58
1423,09:30:01,$ 3414.25,190
1424,09:30:01,$ 3414.25,3
1425,09:30:01,$ 3414.25,1
1426,09:30:01,$ 3414.25,1
1427,09:30:01,$ 3414.25,36
1429,09:30:01,$ 3414.25,1
1430,09:30:01,$ 3414.25,2
1431,09:30:01,$ 3414.25,28
1432,09:30:01,$ 3414.25,1
1433,09:30:01,$ 3414.25,1
1434,09:30:01,$ 3414.25,1
1435,09:30:01,$ 3414.25,1
1436,09:30:01,$ 3414.25,1
1437,09:30:01,$ 3414.25,2
1438,09:30:01,$ 3414.25,2
1439,09:30:01,$ 3414.25,6
1440,09:30:01,$ 3414.25,1
1441,09:30:01,$ 3414.25,1
1442,09:30:01,$ 3414.25,1
1443,09:30:01,$ 3414.25,1
1444,09:30:01,$ 3414.25,4
1445,09:30:01,$ 3414.25,10
1446,09:30:01,$ 3414.25,3
1447,09:30:01,$ 3414.25,8
1448,09:30:01,$ 3414.25,1
1450,09:30:01,$ 3414.25,126
1451,09:30:01,$ 3414.25,10
1452,09:30:01,$ 3414.25,1
1453,09:30:01,$ 3414.25,11
1454,09:30:01,$ 3414.25,5
1455,09:30:01,$ 3414.25,2
1456,09:30:01,$ 3414.25,1
1457,09:30:01,$ 3414.25,4
1458,09:30:01,$ 3414.25,2
1459,09:30:01,$ 3414.25,6
1460,09:30:01,$ 3414.25,5
1461,09:30:01,$ 3414.25,13
1462,09:30:01,$ 3414.25,1
1463,09:30:01,$ 3414.25,3
1464,09:30:01,$ 3414.25,2
1465,09:30:01,$ 3414.25,1
1466,09:30:01,$ 3414.25,2
1467,09:30:01,$ 3414.25,2
1468,09:30:01,$ 3414.25,1
1469,09:30:01,$ 3414.25,5
1471,09:30:01,$ 3414.25,1
1472,09:30:01,$ 3414.25,1
1473,09:30:01,$ 3414.25,2
1474,09:30:01,$ 3414.25,1
1475,09:30:01,$ 3414.25,1
1476,09:30:01,$ 3414.25,1
1477,09:30:01,$ 3414.25,4
1478,09:30:01,$ 3414.25,1
1479,09:30:01,$ 3414.25,18
1480,09:30:01,$ 3414.25,4
1481,09:30:01,$ 3414.25,1
1482,09:30:01,$ 3414.25,24
1483,09:30:01,$ 3414.25,4
1484,09:30:01,$ 3414.25,30
1485,09:30:01,$ 3414.25,1
1486,09:30:01,$ 3414.25,1
1487,09:30:01,$ 3414.25,50
1488,09:30:01,$ 3414.25,2
1489,09:30:01,$ 3414.25,3
1490,09:30:01,$ 3414.25,1
1492,09:30:01,$ 3414.25,18
1493,09:30:01,$ 3414.25,3
1494,09:30:01,$ 3414.25,"1,500"
1495,09:30:01,$ 3414.25,3
1496,09:30:01,$ 3414.25,38
1497,09:30:01,$ 3414.25,1
1498,09:30:01,$ 3414.25,3
1499,09:30:01,$ 3414.25,1
1500,09:30:01,$ 3414.25,5
1501,09:30:01,$ 3414.25,1
1502,09:30:01,$ 3414.25,10
1503,09:30:01,$ 3414.25,1
1504,09:30:01,$ 3414.25,3
1505,09:30:01,$ 3414.25,6
1506,09:30:01,$ 3414.25,1
1507,09:30:01,$ 3414.25,5
1508,09:30:01,$ 3414.25,5
1509,09:30:01,$ 3414.25,7
1510,09:30:01,$ 3414.25,2
1511,09:30:01,$ 3414.25,1
1513,09:30:01,$ 3414.25,23
1514,09:30:01,$ 3414.25,2
1515,09:30:01,$ 3414.25,24
1516,09:30:01,$ 3414.25,1
1517,09:30:01,$ 3414.25,1
1518,09:30:01,$ 3414.25,920
1519,09:30:01,$ 3414.25,38
1520,09:30:01,$ 3414.25,4
1521,09:30:01,$ 3414.25,1
1522,09:30:01,$ 3414.25,1
1523,09:30:01,$ 3414.25,3
1524,09:30:01,$ 3414.25,1
1525,09:30:01,$ 3414.25,1
1526,09:30:01,$ 3414.25,1
1527,09:30:01,$ 3414.25,1
1528,09:30:01,$ 3414.25,1
1529,09:30:01,$ 3414.25,2
1530,09:30:01,$ 3414.25,2
1531,09:30:01,$ 3414.25,3
1532,09:30:01,$ 3414.25,1
1534,09:30:01,$ 3414.25,1
1535,09:30:01,$ 3414.25,1
1536,09:30:01,$ 3414.25,2
1537,09:30:01,$ 3414.25,1
1538,09:30:01,$ 3414.25,1
1539,09:30:01,$ 3414.25,1
1540,09:30:01,$ 3414.25,3
1541,09:30:01,$ 3414.25,1
1542,09:30:01,$ 3414.25,5
1543,09:30:01,$ 3414.25,10
1544,09:30:01,$ 3414.25,1
1545,09:30:01,$ 3414.25,2
1546,09:30:01,$ 3414.25,1
1547,09:30:01,$ 3414.25,1
1548,09:30:01,$ 3414.25,1
1549,09:30:01,$ 3414.25,1
1550,09:30:01,$ 3414.25,3
1551,09:30:01,$ 3414.25,1
1552,09:30:01,$ 3414.25,1
1553,09:30:01,$ 3414.25,1
1555,09:30:01,$ 3414.25,4
1556,09:30:01,$ 3414.25,2
1557,09:30:01,$ 3414.25,2
1558,09:30:01,$ 3414.25,1
1559,09:30:01,$ 3414.25,2
1560,09:30:01,$ 3414.25,3
1561,09:30:01,$ 3414.25,6
1562,09:30:01,$ 3414.25,1
1563,09:30:01,$ 3414.25,60
1564,09:30:01,$ 3414.25,5
1565,09:30:01,$ 3414.25,1
1566,09:30:01,$ 3414.25,1
1567,09:30:01,$ 3414.25,3
1568,09:30:01,$ 3414.25,2
1569,09:30:01,$ 3414.25,2
1570,09:30:01,$ 3414.25,2
1571,09:30:01,$ 3414.25,2
1572,09:30:01,$ 3414.25,1
1573,09:30:01,$ 3414.25,2
1574,09:30:01,$ 3414.25,12
1576,09:30:01,$ 3414.25,1
1577,09:30:01,$ 3414.25,"2,000"
1578,09:30:01,$ 3414.25,2
1579,09:30:01,$ 3414.25,2
1580,09:30:01,$ 3414.25,1
1581,09:30:01,$ 3414.25,3
1582,09:30:01,$ 3414.25,4
1583,09:30:01,$ 3414.25,2
1584,09:30:01,$ 3414.25,1
1585,09:30:01,$ 3414.25,2
1586,09:30:01,$ 3414.25,8
1587,09:30:01,$ 3414.25,1
1588,09:30:01,$ 3414.25,5
1589,09:30:01,$ 3414.25,12
1590,09:30:01,$ 3414.25,3
1591,09:30:01,$ 3414.25,1
1592,09:30:01,$ 3414.25,1
1593,09:30:01,$ 3414.25,6
1594,09:30:01,$ 3414.25,5
1595,09:30:01,$ 3414.25,128
1597,09:30:01,$ 3414.25,1
1598,09:30:01,$ 3414.25,20
1599,09:30:01,$ 3414.25,15
1600,09:30:01,$ 3414.25,1
1601,09:30:01,$ 3414.25,10
1602,09:30:01,$ 3414.25,4
1603,09:30:01,$ 3414.25,10
1604,09:30:01,$ 3414.25,100
1605,09:30:01,$ 3414.25,300
1606,09:30:01,$ 3414.25,1
1607,09:30:01,$ 3414.25,7
1608,09:30:01,$ 3414.25,44
1609,09:30:01,$ 3414.25,11
1610,09:30:01,$ 3414.25,5
1611,09:30:01,$ 3414.25,65
1612,09:30:01,$ 3414.25,6
1613,09:30:01,$ 3414.25,14
1614,09:30:01,$ 3414.25,2
1615,09:30:01,$ 3414.25,5
1616,09:30:01,$ 3414.25,4
1618,09:30:01,$ 3414.25,1
1619,09:30:01,$ 3414.25,"2,700"
1620,09:30:01,$ 3414.25,256
1621,09:30:01,$ 3414.25,10
1622,09:30:01,$ 3414.25,2
1623,09:30:01,$ 3414.25,1
1624,09:30:01,$ 3414.25,12
1625,09:30:01,$ 3414.25,500
1626,09:30:01,$ 3414.25,12
1627,09:30:01,$ 3414.25,1
1628,09:30:01,$ 3414.25,25
1629,09:30:01,$ 3414.25,2
1630,09:30:01,$ 3414.25,20
1631,09:30:01,$ 3414.25,4
1632,09:30:01,$ 3414.25,3
1633,09:30:01,$ 3414.25,30
1634,09:30:01,$ 3414.25,3
1635,09:30:01,$ 3414.25,7
1636,09:30:01,$ 3414.25,12
1637,09:30:01,$ 3414.25,3
1639,09:30:01,$ 3414.25,6
1640,09:30:01,$ 3414.25,100
1641,09:30:01,$ 3414.25,6
1642,09:30:01,$ 3414.25,30
1643,09:30:01,$ 3414.25,18
1644,09:30:01,$ 3414.25,9
1645,09:30:01,$ 3414.25,257
1646,09:30:01,$ 3414.25,51
1647,09:30:01,$ 3414.25,30
1648,09:30:01,$ 3414.25,150
1649,09:30:01,$ 3414.25,5
1650,09:30:01,$ 3414.25,100
1651,09:30:01,$ 3414.25,5
1652,09:30:01,$ 3414.25,3
1653,09:30:01,$ 3414.25,175
1654,09:30:01,$ 3414.25,1
1655,09:30:01,$ 3414.25,3
1656,09:30:01,$ 3414.25,16
1657,09:30:01,$ 3414.25,5
1658,09:30:01,$ 3414.25,1
1660,09:30:01,$ 3414.25,5
1661,09:30:01,$ 3414.25,2
1662,09:30:01,$ 3414.25,8
1663,09:30:01,$ 3414.25,1
1664,09:30:01,$ 3414.25,1
1665,09:30:01,$ 3414.25,1
1666,09:30:01,$ 3414.25,92
1667,09:30:01,$ 3414.25,199
1668,09:30:01,$ 3414.25,60
1669,09:30:01,$ 3414.25,8
1670,09:30:01,$ 3414.25,3
1671,09:30:01,$ 3414.25,23
1672,09:30:01,$ 3414.25,5
1673,09:30:01,$ 3414.25,5
1674,09:30:01,$ 3414.25,13
1675,09:30:01,$ 3414.25,18
1676,09:30:01,$ 3414.25,1
1677,09:30:01,$ 3414.25,10
1678,09:30:01,$ 3414.25,2
1679,09:30:01,$ 3414.25,8
1681,09:30:01,$ 3414.25,2
1682,09:30:01,$ 3414.25,3
1683,09:30:01,$ 3414.25,2
1684,09:30:01,$ 3414.25,21
1685,09:30:01,$ 3414.25,17
1686,09:30:01,$ 3414.25,28
1687,09:30:01,$ 3414.25,20
1688,09:30:01,$ 3414.25,1
1689,09:30:01,$ 3414.25,3
1690,09:30:01,$ 3414.25,83
1691,09:30:01,$ 3414.25,53
1692,09:30:01,$ 3414.25,1
1693,09:30:01,$ 3414.25,2
1694,09:30:01,$ 3414.25,2
1695,09:30:01,$ 3414.25,2
1696,09:30:01,$ 3414.25,33
1697,09:30:01,$ 3414.25,138
1698,09:30:01,$ 3414.25,4
1699,09:30:01,$ 3414.25,1
1700,09:30:01,$ 3414.25,7
1702,09:30:01,$ 3414.25,3
1703,09:30:01,$ 3414.25,2
1704,09:30:01,$ 3414.25,1
1705,09:30:01,$ 3414.25,23
1706,09:30:01,$ 3414.25,30
1707,09:30:01,$ 3414.25,15
1708,09:30:01,$ 3414.25,25
1709,09:30:01,$ 3414.25,4
1710,09:30:01,$ 3414.25,47
1711,09:30:01,$ 3414.25,1
1712,09:30:01,$ 3414.25,110
1713,09:30:01,$ 3414.25,1
1714,09:30:01,$ 3414.25,5
1715,09:30:01,$ 3414.25,1
1716,09:30:01,$ 3414.25,2
1717,09:30:01,$ 3414.25,3
1718,09:30:01,$ 3414.25,1
1719,09:30:01,$ 3414.25,8
1720,09:30:01,$ 3414.25,20
1721,09:30:01,$ 3414.25,104
1723,09:30:01,$ 3414.25,3
1724,09:30:01,$ 3414.25,1
1725,09:30:01,$ 3414.25,15
1726,09:30:01,$ 3414.25,3
1727,09:30:01,$ 3414.25,1
1728,09:30:01,$ 3414.25,1
1729,09:30:01,$ 3414.25,2
1730,09:30:01,$ 3414.25,3
1731,09:30:01,$ 3414.25,2
1732,09:30:01,$ 3414.25,5
1733,09:30:01,$ 3414.25,3
1734,09:30:01,$ 3414.25,1
1735,09:30:01,$ 3414.25,6
1736,09:30:01,$ 3414.25,5
1737,09:30:01,$ 3414.25,1
1738,09:30:01,$ 3414.25,7
1739,09:30:01,$ 3414.25,1
1740,09:30:01,$ 3414.25,3
1741,09:30:01,$ 3414.25,1
1742,09:30:01,$ 3414.25,5
1744,09:30:00,$ 3413.96,100
1746,10:29:47,$ 3427.00,558
1747,10:29:47,$ 3426.78,100
1748,10:29:19,$ 3426.49,100
1749,10:29:11,$ 3426.72,100
1750,10:29:11,$ 3426.53,100
1751,10:29:05,$ 3425.88,100
1752,10:29:04,$ 3425.74,100
1753,10:29:03,$ 3426.14,100
1754,10:29:01,$ 3426.2676,130
1755,10:28:58,$ 3426.54,100
1756,10:28:51,$ 3425.48,100
1757,10:27:56,$ 3424.31,100
1758,10:27:28,$ 3424.04,100
1759,10:27:22,$ 3424.55,100
1760,10:26:46,$ 3423.91,500
1761,10:26:34,$ 3424.26,100
1762,10:26:33,$ 3423.8752,201
1763,10:26:04,$ 3422.00,305
1764,10:26:04,$ 3422.00,295
1765,10:25:54,$ 3421.32,500
1767,10:25:53,$ 3421.09,100
1768,10:25:39,$ 3421.00,100
1769,10:25:38,$ 3421.2489,101
1770,10:25:27,$ 3421.56,199
1771,10:25:27,$ 3421.57,100
1772,10:25:10,$ 3422.02,100
1773,10:24:59,$ 3422.021,250
1774,10:24:41,$ 3422.06,200
1775,10:24:33,$ 3422.79,137
1776,10:24:33,$ 3422.51,100
1777,10:24:33,$ 3422.479,200
1778,10:24:26,$ 3420.90,100
1779,10:24:03,$ 3422.185,100
1780,10:24:00,$ 3421.7901,100
1781,10:23:55,$ 3422.49,100
1782,10:23:31,$ 3422.66,147
1783,10:23:26,$ 3422.71,100
1784,10:23:20,$ 3422.87,100
1785,10:23:17,$ 3423.9379,100
1786,10:22:46,$ 3421.935,100
1788,10:22:43,$ 3421.00,100
1789,10:22:40,$ 3421.92,100
1790,10:22:37,$ 3421.605,100
1791,10:22:34,$ 3421.12,100
1792,10:22:34,$ 3420.44,100
1793,10:22:27,$ 3420.86,100
1794,10:22:25,$ 3421.43,100
1795,10:22:22,$ 3421.23,100
1796,10:22:21,$ 3421.21,100
1797,10:22:20,$ 3420.14,100
1798,10:22:18,$ 3419.94,100
1799,10:22:02,$ 3419.00,100
1800,10:21:58,$ 3419.09,300
1801,10:21:42,$ 3418.25,100
1802,10:21:42,$ 3418.25,100
1803,10:21:19,$ 3417.32,100
1804,10:20:52,$ 3417.54,100
1805,10:20:51,$ 3416.555,100
1806,10:20:51,$ 3416.535,100
1807,10:20:51,$ 3416.79,100
1809,10:20:51,$ 3416.55,100
1810,10:20:45,$ 3417.52,100
1811,10:20:29,$ 3418.3586,140
1812,10:20:28,$ 3418.59,200
1813,10:20:16,$ 3419.58,100
1814,10:19:57,$ 3419.05,100
1815,10:19:57,$ 3419.04,100
1816,10:19:57,$ 3418.68,100
1817,10:19:57,$ 3418.99,100
1818,10:19:43,$ 3417.84,100
1819,10:19:12,$ 3417.5542,100
1820,10:19:09,$ 3417.80,100
1821,10:18:28,$ 3420.2952,100
1822,10:18:21,$ 3420.05,200
1823,10:17:57,$ 3420.00,100
1824,10:17:57,$ 3420.00,100
1825,10:17:57,$ 3419.9999,100
1826,10:17:45,$ 3418.86,100
1827,10:17:19,$ 3418.4703,100
1828,10:16:35,$ 3419.96,100
1830,10:16:35,$ 3419.98,112
1831,10:16:34,$ 3420.00,100
1832,10:16:18,$ 3419.34,591
1833,10:16:18,$ 3419.34,147
1834,10:16:18,$ 3419.34,115
1835,10:16:00,$ 3418.69,100
1836,10:15:57,$ 3419.19,100
1837,10:15:19,$ 3420.63,200
1838,10:14:55,$ 3420.56,100
1839,10:14:45,$ 3420.17,100
1840,10:14:45,$ 3420.17,100
1841,10:14:45,$ 3420.17,259
1842,10:14:45,$ 3420.17,500
1843,10:14:11,$ 3420.00,100
1844,10:14:10,$ 3419.41,100
1845,10:13:44,$ 3421.19,100
1846,10:13:44,$ 3421.27,100
1847,10:13:44,$ 3421.25,100
1848,10:13:42,$ 3422.56,100
1849,10:13:41,$ 3422.44,400
1851,10:13:38,$ 3421.40,100
1852,10:13:30,$ 3421.43,100
1853,10:13:29,$ 3420.82,100
1854,10:13:29,$ 3420.82,100
1855,10:13:29,$ 3420.79,100
1856,10:13:26,$ 3420.68,100
1857,10:13:26,$ 3420.25,100
1858,10:13:25,$ 3420.77,100
1859,10:13:16,$ 3419.74,300
1860,10:13:11,$ 3419.895,100
1861,10:12:37,$ 3419.0896,100
1862,10:12:27,$ 3418.1996,100
1863,10:12:21,$ 3417.575,100
1864,10:12:21,$ 3417.76,100
1865,10:12:21,$ 3417.75,124
1866,10:12:21,$ 3417.75,144
1867,10:12:21,$ 3417.75,100
1868,10:12:21,$ 3417.75,144
1869,10:12:21,$ 3417.5914,118
1870,10:12:17,$ 3417.535,100
1872,10:12:13,$ 3418.38,100
1873,10:12:06,$ 3418.77,100
1874,10:11:51,$ 3419.875,100
1875,10:11:45,$ 3420.254,250
1876,10:11:28,$ 3420.75,100
1877,10:11:23,$ 3420.68,100
1878,10:11:17,$ 3420.00,100
1879,10:11:14,$ 3420.20,100
1880,10:11:11,$ 3419.615,100
1881,10:11:05,$ 3420.80,200
1882,10:11:05,$ 3421.35,100
1883,10:11:05,$ 3421.27,100
1884,10:11:05,$ 3421.26,100
1885,10:10:02,$ 3424.13,100
1886,10:09:54,$ 3425.61,100
1887,10:09:54,$ 3425.10,100
1888,10:09:47,$ 3425.1301,100
1889,10:09:38,$ 3426.02,100
1890,10:09:35,$ 3426.385,100
1891,10:09:34,$ 3425.52,200
1893,10:09:18,$ 3425.49,110
1894,10:09:15,$ 3425.57,100
1895,10:09:13,$ 3426.15,500
1896,10:09:12,$ 3426.14,100
1897,10:09:11,$ 3426.0294,100
1898,10:09:10,$ 3426.7761,233
1899,10:09:10,$ 3426.7761,254
1900,10:09:09,$ 3425.56,100
1901,10:09:09,$ 3425.57,100
1902,10:09:04,$ 3426.04,100
1903,10:09:01,$ 3426.02,100
1904,10:09:01,$ 3425.66,100
1905,10:08:59,$ 3426.03,110
1906,10:08:57,$ 3424.81,100
1907,10:08:57,$ 3424.80,100
1908,10:08:52,$ 3423.99,100
1909,10:08:37,$ 3422.91,116
1910,10:08:36,$ 3422.90,200
1911,10:08:33,$ 3422.725,100
1912,10:08:29,$ 3422.49,100
1914,10:07:39,$ 3419.64,200
1915,10:07:39,$ 3419.675,100
1916,10:07:32,$ 3419.26,100
1917,10:07:29,$ 3420.105,100
1918,10:07:12,$ 3419.755,100
1919,10:06:37,$ 3419.88,100
1920,10:06:37,$ 3419.88,100
1921,10:06:22,$ 3421.97,200
1922,10:06:21,$ 3422.4465,100
1923,10:06:18,$ 3422.07,400
1924,10:06:11,$ 3422.12,100
1925,10:06:11,$ 3422.12,100
1926,10:06:11,$ 3422.39,100
1927,10:05:57,$ 3422.955,200
1928,10:05:53,$ 3422.77,100
1929,10:05:47,$ 3421.96,100
1930,10:05:36,$ 3421.725,200
1931,10:05:26,$ 3421.6353,100
1932,10:05:21,$ 3421.91,200
1933,10:05:21,$ 3421.76,100
1935,10:05:20,$ 3420.89,200
1936,10:05:20,$ 3419.80,100
1937,10:05:20,$ 3419.63,100
1938,10:05:20,$ 3419.70,100
1939,10:05:20,$ 3419.75,400
1940,10:05:18,$ 3419.55,100
1941,10:05:18,$ 3418.80,100
1942,10:05:18,$ 3418.81,100
1943,10:05:18,$ 3418.46,100
1944,10:05:17,$ 3419.534,100
1945,10:05:14,$ 3419.62,100
1946,10:05:10,$ 3418.55,100
1947,10:05:07,$ 3418.72,100
1948,10:05:06,$ 3418.30,100
1949,10:04:54,$ 3418.82,100
1950,10:04:50,$ 3418.81,200
1951,10:04:45,$ 3418.15,100
1952,10:04:45,$ 3418.17,100
1953,10:04:45,$ 3418.18,100
1954,10:04:36,$ 3416.61,100
1956,10:04:19,$ 3417.685,100
1957,10:04:15,$ 3416.55,100
1958,10:04:15,$ 3416.56,100
1959,10:04:13,$ 3416.185,200
1960,10:04:07,$ 3415.28,100
1961,10:04:02,$ 3415.80,109
1962,10:03:38,$ 3417.70,100
1963,10:03:27,$ 3418.53,200
1964,10:02:53,$ 3417.79,100
1965,10:02:52,$ 3417.785,100
1966,10:02:52,$ 3417.50,164
1967,10:02:52,$ 3417.5001,164
1968,10:02:51,$ 3417.50,170
1969,10:02:50,$ 3417.57,100
1970,10:02:47,$ 3418.075,200
1971,10:02:44,$ 3418.762,190
1972,10:02:38,$ 3418.98,100
1973,10:02:36,$ 3419.26,100
1974,10:02:36,$ 3419.26,100
1975,10:02:35,$ 3418.75,100
1977,10:02:35,$ 3418.90,100
1978,10:02:34,$ 3420.00,100
1979,10:02:34,$ 3420.00,100
1980,10:02:33,$ 3421.00,100
1981,10:02:33,$ 3421.00,101
1982,10:02:33,$ 3421.00,105
1983,10:02:33,$ 3421.00,100
1984,10:02:27,$ 3421.98,100
1985,10:02:15,$ 3422.38,200
1986,10:02:07,$ 3421.8075,100
1987,10:01:55,$ 3422.5102,100
1988,10:01:51,$ 3423.35,100
1989,10:01:51,$ 3423.35,100
1990,10:01:50,$ 3422.74,100
1991,10:01:40,$ 3422.71,100
1992,10:01:36,$ 3422.7488,100
1993,10:01:32,$ 3422.03,100
1994,10:01:14,$ 3421.59,763
1995,10:01:14,$ 3420.6828,237
1996,10:01:07,$ 3423.00,100
1998,10:01:02,$ 3422.54,100
1999,10:01:01,$ 3421.495,100
2000,10:00:59,$ 3422.00,100
2001,10:00:59,$ 3422.00,400
2002,10:00:57,$ 3421.31,100
2003,10:00:57,$ 3421.46,100
2004,10:00:55,$ 3420.03,100
2005,10:00:52,$ 3421.405,100
2006,10:00:48,$ 3421.0001,150
2007,10:00:45,$ 3421.76,100
2008,10:00:44,$ 3421.815,100
2009,10:00:43,$ 3421.805,184
2010,10:00:42,$ 3422.2041,100
2011,10:00:39,$ 3422.36,100
2012,10:00:39,$ 3421.36,100
2013,10:00:37,$ 3422.01,100
2014,10:00:31,$ 3422.3282,335
2015,10:00:22,$ 3422.16,100
2016,10:00:15,$ 3423.065,100
2017,10:00:09,$ 3424.50,149
2019,10:59:22,$ 3432.695,100
2020,10:59:17,$ 3433.10,100
2021,10:59:06,$ 3433.52,100
2022,10:58:44,$ 3433.385,100
2023,10:58:39,$ 3433.19,100
2024,10:58:39,$ 3433.21,100
2025,10:58:38,$ 3432.89,100
2026,10:58:38,$ 3432.94,100
2027,10:58:30,$ 3432.86,100
2028,10:58:19,$ 3432.705,100
2029,10:57:56,$ 3432.86,100
2030,10:57:22,$ 3433.04,200
2031,10:56:39,$ 3433.44,100
2032,10:56:10,$ 3433.43,100
2033,10:55:57,$ 3432.99,100
2034,10:55:37,$ 3433.18,290
2035,10:55:37,$ 3433.17,145
2036,10:55:36,$ 3433.18,100
2037,10:55:17,$ 3433.16,100
2038,10:54:36,$ 3432.39,100
2040,10:54:34,$ 3431.95,100
2041,10:54:19,$ 3431.9909,223
2042,10:54:03,$ 3432.00,100
2043,10:53:55,$ 3432.08,100
2044,10:53:55,$ 3432.12,100
2045,10:53:53,$ 3432.41,125
2046,10:53:51,$ 3432.52,100
2047,10:53:51,$ 3432.86,100
2048,10:53:51,$ 3432.71,100
2049,10:53:35,$ 3432.12,200
2050,10:53:33,$ 3432.63,107
2051,10:53:31,$ 3432.65,196
2052,10:53:30,$ 3432.66,100
2053,10:53:30,$ 3432.71,100
2054,10:53:30,$ 3432.71,100
2055,10:53:16,$ 3432.12,100
2056,10:53:16,$ 3432.12,100
2057,10:53:16,$ 3432.12,100
2058,10:53:15,$ 3432.63,100
2059,10:53:14,$ 3433.365,100
2061,10:52:59,$ 3434.22,100
2062,10:52:53,$ 3433.6759,300
2063,10:52:51,$ 3433.67,100
2064,10:52:49,$ 3433.66,100
2065,10:52:46,$ 3433.65,100
2066,10:52:39,$ 3433.895,100
2067,10:52:38,$ 3433.57,100
2068,10:52:26,$ 3433.685,100
2069,10:52:21,$ 3433.40,100
2070,10:52:03,$ 3433.53,100
2071,10:52:03,$ 3433.53,100
2072,10:52:03,$ 3433.38,100
2073,10:51:59,$ 3433.19,100
2074,10:51:39,$ 3433.045,"2,000"
2075,10:51:35,$ 3432.52,100
2076,10:51:25,$ 3432.86,100
2077,10:50:42,$ 3435.00,100
2078,10:50:42,$ 3435.08,100
2079,10:50:42,$ 3435.00,100
2080,10:50:42,$ 3435.00,100
2082,10:50:39,$ 3435.00,152
2083,10:50:35,$ 3434.89,110
2084,10:50:31,$ 3434.6925,400
2085,10:50:26,$ 3434.28,100
2086,10:50:26,$ 3434.28,100
2087,10:50:00,$ 3434.85,100
2088,10:49:40,$ 3435.4099,200
2089,10:49:39,$ 3434.85,100
2090,10:49:28,$ 3435.755,100
2091,10:49:14,$ 3436.45,100
2092,10:49:11,$ 3436.935,100
2093,10:49:05,$ 3436.60,100
2094,10:49:05,$ 3436.56,100
2095,10:49:01,$ 3436.8105,100
2096,10:49:01,$ 3437.0755,100
2097,10:48:53,$ 3436.22,154
2098,10:48:53,$ 3436.29,100
2099,10:48:38,$ 3435.11,200
2100,10:47:54,$ 3435.83,100
2101,10:47:54,$ 3435.83,100
2103,10:47:50,$ 3436.2001,700
2104,10:47:49,$ 3437.04,100
2105,10:47:48,$ 3436.65,191
2106,10:47:48,$ 3437.08,100
2107,10:47:44,$ 3437.075,100
2108,10:47:40,$ 3437.34,100
2109,10:47:39,$ 3436.905,100
2110,10:47:30,$ 3436.18,100
2111,10:47:05,$ 3435.95,104
2112,10:46:47,$ 3435.83,100
2113,10:46:45,$ 3435.09,100
2114,10:46:45,$ 3435.1284,100
2115,10:46:34,$ 3435.3374,130
2116,10:46:32,$ 3435.485,100
2117,10:46:16,$ 3435.85,100
2118,10:46:03,$ 3436.145,100
2119,10:46:01,$ 3435.85,100
2120,10:46:01,$ 3435.87,100
2121,10:45:59,$ 3435.93,100
2122,10:45:34,$ 3436.33,100
2124,10:45:25,$ 3436.40,100
2125,10:45:25,$ 3436.51,195
2126,10:45:25,$ 3436.50,167
2127,10:45:23,$ 3436.51,100
2128,10:45:23,$ 3436.60,200
2129,10:45:23,$ 3436.61,117
2130,10:45:23,$ 3436.78,100
2131,10:45:23,$ 3436.77,165
2132,10:45:23,$ 3436.77,100
2133,10:45:22,$ 3436.7773,300
2134,10:45:06,$ 3436.375,100
2135,10:45:06,$ 3436.40,100
2136,10:44:54,$ 3436.205,100
2137,10:44:54,$ 3435.99,300
2138,10:44:54,$ 3436.24,105
2139,10:44:54,$ 3435.96,300
2140,10:44:54,$ 3435.99,100
2141,10:44:54,$ 3436.09,100
2142,10:44:54,$ 3436.00,100
2143,10:44:54,$ 3436.00,100
2145,10:44:42,$ 3435.165,100
2146,10:44:40,$ 3435.075,160
2147,10:43:53,$ 3435.0369,100
2148,10:43:41,$ 3434.99,200
2149,10:43:41,$ 3435.02,100
2150,10:43:32,$ 3435.005,100
2151,10:43:32,$ 3435.1177,400
2152,10:43:30,$ 3434.6204,100
2153,10:43:27,$ 3435.00,450
2154,10:43:21,$ 3434.4798,"1,000"
2155,10:42:59,$ 3433.575,200
2156,10:42:52,$ 3433.47,200
2157,10:42:21,$ 3433.00,100
2158,10:42:21,$ 3432.81,100
2159,10:42:14,$ 3432.10,100
2160,10:41:58,$ 3431.54,150
2161,10:41:23,$ 3430.70,100
2162,10:41:15,$ 3432.64,100
2163,10:41:15,$ 3432.62,100
2164,10:40:44,$ 3432.3496,100
2166,10:40:42,$ 3433.1399,500
2167,10:40:38,$ 3432.62,100
2168,10:40:36,$ 3432.2563,100
2169,10:40:34,$ 3432.67,100
2170,10:40:34,$ 3432.53,165
2171,10:40:32,$ 3432.76,100
2172,10:40:28,$ 3432.2231,125
2173,10:40:14,$ 3432.695,100
2174,10:40:09,$ 3432.00,141
2175,10:40:09,$ 3432.00,300
2176,10:40:03,$ 3431.876,130
2177,10:39:59,$ 3431.41,100
2178,10:39:41,$ 3430.84,100
2179,10:39:26,$ 3430.4683,300
2180,10:38:36,$ 3429.15,100
2181,10:38:24,$ 3429.51,100
2182,10:38:24,$ 3429.55,100
2183,10:38:24,$ 3429.54,100
2184,10:38:24,$ 3429.54,100
2185,10:38:24,$ 3429.64,263
2187,10:38:21,$ 3430.38,100
2188,10:38:12,$ 3430.00,100
2189,10:38:12,$ 3430.00,100
2190,10:38:06,$ 3429.8289,121
2191,10:37:56,$ 3429.06,100
2192,10:37:32,$ 3427.7645,150
2193,10:37:00,$ 3427.15,200
2194,10:36:34,$ 3426.30,100
2195,10:36:25,$ 3425.3523,400
2196,10:36:24,$ 3425.8491,100
2197,10:36:20,$ 3426.0681,100
2198,10:36:18,$ 3426.03,100
2199,10:36:16,$ 3426.55,100
2200,10:36:16,$ 3426.49,100
2201,10:36:16,$ 3426.84,100
2202,10:36:03,$ 3428.411,151
2203,10:35:58,$ 3427.5801,100
2204,10:35:46,$ 3428.81,200
2205,10:35:46,$ 3428.81,100
2206,10:35:34,$ 3428.7902,100
2208,10:35:30,$ 3428.7625,100
2209,10:35:29,$ 3428.21,100
2210,10:35:26,$ 3428.8395,291
2211,10:35:14,$ 3428.12,100
2212,10:35:14,$ 3428.10,100
2213,10:34:52,$ 3427.74,100
2214,10:34:50,$ 3428.20,100
2215,10:34:48,$ 3427.7894,100
2216,10:34:34,$ 3428.13,100
2217,10:34:30,$ 3428.21,100
2218,10:34:30,$ 3427.88,100
2219,10:34:30,$ 3427.88,100
2220,10:34:30,$ 3427.42,100
2221,10:34:30,$ 3427.6661,382
2222,10:34:30,$ 3426.691,200
2223,10:34:14,$ 3426.77,100
2224,10:34:14,$ 3426.69,100
2225,10:34:04,$ 3425.79,100
2226,10:33:53,$ 3426.03,100
2227,10:33:32,$ 3426.50,100
2229,10:33:32,$ 3426.50,100
2230,10:33:32,$ 3426.33,109
2231,10:33:14,$ 3426.4083,298
2232,10:33:13,$ 3426.405,100
2233,10:32:53,$ 3425.75,100
2234,10:32:28,$ 3425.45,100
2235,10:32:24,$ 3425.50,100
2236,10:32:24,$ 3425.50,124
2237,10:32:20,$ 3426.305,100
2238,10:32:19,$ 3425.7618,100
2239,10:32:19,$ 3426.03,100
2240,10:32:16,$ 3426.29,145
2241,10:32:01,$ 3427.135,100
2242,10:31:59,$ 3427.00,100
2243,10:31:40,$ 3426.91,100
2244,10:31:40,$ 3426.13,100
2245,10:31:39,$ 3426.34,100
2246,10:31:24,$ 3426.47,100
2247,10:30:55,$ 3425.83,100
2248,10:30:50,$ 3425.76,100
2250,10:30:49,$ 3426.01,200
2251,10:30:17,$ 3427.27,100
2252,10:30:12,$ 3427.53,100
2253,10:30:04,$ 3428.17,100
2255,11:29:53,$ 3430.24,100
2256,11:29:41,$ 3430.86,100
2257,11:29:32,$ 3431.50,100
2258,11:29:32,$ 3431.50,149
2259,11:29:25,$ 3431.50,100
2260,11:29:10,$ 3432.615,100
2261,11:29:02,$ 3433.353,500
2262,11:28:59,$ 3432.27,100
2263,11:28:57,$ 3432.67,128
2264,11:28:35,$ 3432.63,200
2265,11:28:12,$ 3432.822,100
2266,11:28:02,$ 3432.4172,100
2267,11:28:00,$ 3433.31,100
2268,11:27:57,$ 3433.32,100
2269,11:27:53,$ 3434.015,202
2270,11:27:53,$ 3433.99,100
2271,11:27:53,$ 3433.97,100
2272,11:27:53,$ 3433.96,100
2273,11:27:53,$ 3433.8225,100
2274,11:27:51,$ 3433.9873,100
2276,11:27:47,$ 3433.66,100
2277,11:27:47,$ 3433.66,100
2278,11:27:47,$ 3433.93,100
2279,11:27:47,$ 3433.99,100
2280,11:27:47,$ 3433.93,100
2281,11:27:47,$ 3433.99,100
2282,11:27:31,$ 3433.985,100
2283,11:27:31,$ 3433.44,100
2284,11:27:24,$ 3433.99,100
2285,11:26:33,$ 3434.01,100
2286,11:26:28,$ 3434.01,100
2287,11:26:28,$ 3434.01,100
2288,11:26:28,$ 3434.01,100
2289,11:26:28,$ 3434.01,100
2290,11:26:28,$ 3434.01,100
2291,11:26:28,$ 3434.01,100
2292,11:26:22,$ 3434.01,100
2293,11:26:13,$ 3434.53,100
2294,11:26:02,$ 3434.99,100
2295,11:25:51,$ 3434.49,100
2297,11:25:49,$ 3434.01,200
2298,11:25:48,$ 3434.495,100
2299,11:25:47,$ 3434.00,100
2300,11:25:46,$ 3434.12,100
2301,11:25:40,$ 3433.225,200
2302,11:25:34,$ 3432.2352,250
2303,11:25:17,$ 3431.815,101
2304,11:25:17,$ 3432.08,100
2305,11:24:50,$ 3431.91,100
2306,11:24:50,$ 3431.72,100
2307,11:24:32,$ 3431.12,100
2308,11:24:12,$ 3431.80,100
2309,11:23:52,$ 3432.00,100
2310,11:23:43,$ 3432.405,100
2311,11:23:43,$ 3432.8899,200
2312,11:23:43,$ 3432.888,200
2313,11:23:43,$ 3432.86,100
2314,11:23:43,$ 3432.83,100
2315,11:23:43,$ 3432.64,100
2316,11:23:43,$ 3432.83,100
2318,11:23:43,$ 3432.73,200
2319,11:23:43,$ 3432.74,100
2320,11:23:42,$ 3432.405,126
2321,11:23:39,$ 3431.98,100
2322,11:23:32,$ 3432.39,200
2323,11:23:32,$ 3431.97,100
2324,11:23:16,$ 3431.70,100
2325,11:23:16,$ 3431.70,100
2326,11:23:16,$ 3431.85,100
2327,11:23:16,$ 3431.68,100
2328,11:23:16,$ 3431.85,200
2329,11:23:13,$ 3431.63,100
2330,11:22:39,$ 3431.26,100
2331,11:22:39,$ 3431.38,100
2332,11:22:39,$ 3431.13,100
2333,11:22:39,$ 3431.11,200
2334,11:22:39,$ 3431.24,200
2335,11:22:06,$ 3429.54,100
2336,11:22:06,$ 3429.57,100
2337,11:21:41,$ 3429.895,146
2339,11:21:40,$ 3430.25,100
2340,11:21:36,$ 3430.16,100
2341,11:21:05,$ 3429.47,100
2342,11:21:05,$ 3430.13,100
2343,11:21:03,$ 3429.525,100
2344,11:21:03,$ 3429.525,100
2345,11:21:03,$ 3430.0104,100
2346,11:21:03,$ 3429.924,100
2347,11:21:03,$ 3429.8598,100
2348,11:21:03,$ 3429.8598,100
2349,11:21:03,$ 3429.8784,100
2350,11:21:03,$ 3429.76,200
2351,11:21:02,$ 3429.9688,100
2352,11:21:02,$ 3429.9688,100
2353,11:21:02,$ 3430.0116,100
2354,11:21:02,$ 3429.93,100
2355,11:21:02,$ 3430.14,100
2356,11:21:02,$ 3429.91,200
2357,11:21:02,$ 3430.14,100
2358,11:21:02,$ 3430.13,100
2360,11:21:02,$ 3430.14,100
2361,11:21:02,$ 3430.01,100
2362,11:21:02,$ 3430.14,100
2363,11:21:02,$ 3429.91,200
2364,11:21:02,$ 3430.14,100
2365,11:21:02,$ 3430.14,100
2366,11:21:02,$ 3430.12,100
2367,11:21:02,$ 3430.11,100
2368,11:21:02,$ 3430.08,100
2369,11:21:02,$ 3429.88,100
2370,11:21:01,$ 3429.07,100
2371,11:20:49,$ 3429.66,100
2372,11:20:19,$ 3429.1192,100
2373,11:20:15,$ 3429.22,100
2374,11:20:08,$ 3428.88,100
2375,11:20:08,$ 3428.92,100
2376,11:20:08,$ 3428.91,100
2377,11:20:04,$ 3429.05,250
2378,11:19:56,$ 3429.27,100
2379,11:19:56,$ 3429.02,100
2381,11:19:56,$ 3429.06,100
2382,11:19:37,$ 3427.84,200
2383,11:19:27,$ 3429.79,100
2384,11:19:21,$ 3429.35,500
2385,11:19:00,$ 3429.99,500
2386,11:18:58,$ 3430.00,100
2387,11:18:58,$ 3430.00,100
2388,11:18:58,$ 3430.01,100
2389,11:18:20,$ 3431.44,100
2390,11:18:13,$ 3431.87,100
2391,11:18:12,$ 3432.14,100
2392,11:18:12,$ 3432.25,100
2393,11:18:12,$ 3432.25,100
2394,11:18:02,$ 3433.11,100
2395,11:17:48,$ 3432.90,200
2396,11:17:41,$ 3433.081,100
2397,11:17:36,$ 3433.40,100
2398,11:17:35,$ 3432.58,100
2399,11:17:35,$ 3432.82,100
2400,11:17:34,$ 3432.54,100
2402,11:17:20,$ 3432.4736,140
2403,11:17:19,$ 3432.53,100
2404,11:17:18,$ 3432.4306,100
2405,11:17:09,$ 3431.82,100
2406,11:16:53,$ 3431.64,133
2407,11:16:48,$ 3431.76,100
2408,11:16:48,$ 3431.49,100
2409,11:16:48,$ 3431.51,100
2410,11:16:43,$ 3431.68,100
2411,11:16:27,$ 3432.47,100
2412,11:16:15,$ 3432.86,327
2413,11:15:39,$ 3432.57,100
2414,11:14:43,$ 3433.52,100
2415,11:13:06,$ 3433.375,100
2416,11:12:03,$ 3433.10,100
2417,11:12:00,$ 3433.18,100
2418,11:11:47,$ 3433.16,200
2419,11:11:47,$ 3432.665,100
2420,11:11:47,$ 3432.665,100
2421,11:11:47,$ 3432.665,100
2423,11:11:41,$ 3432.31,100
2424,11:11:36,$ 3432.53,100
2425,11:11:12,$ 3433.55,100
2426,11:11:07,$ 3435.13,881
2427,11:11:02,$ 3434.29,100
2428,11:10:44,$ 3435.31,100
2429,11:10:29,$ 3435.31,100
2430,11:10:27,$ 3435.51,100
2431,11:09:46,$ 3434.81,100
2432,11:09:46,$ 3435.06,100
2433,11:09:46,$ 3435.07,100
2434,11:09:27,$ 3435.1077,100
2435,11:09:19,$ 3434.62,100
2436,11:08:57,$ 3436.18,100
2437,11:08:29,$ 3436.38,100
2438,11:07:51,$ 3435.665,100
2439,11:07:23,$ 3436.105,102
2440,11:07:19,$ 3435.08,100
2441,11:07:04,$ 3435.19,100
2442,11:06:58,$ 3435.26,100
2444,11:06:58,$ 3435.61,100
2445,11:06:58,$ 3435.62,100
2446,11:06:54,$ 3435.18,200
2447,11:06:49,$ 3435.9549,100
2448,11:06:15,$ 3434.9982,141
2449,11:06:10,$ 3434.13,100
2450,11:06:10,$ 3434.335,100
2451,11:06:02,$ 3433.75,100
2452,11:05:57,$ 3433.89,100
2453,11:05:57,$ 3433.84,100
2454,11:05:57,$ 3434.00,318
2455,11:05:57,$ 3434.26,100
2456,11:05:57,$ 3434.20,100
2457,11:05:57,$ 3434.19,100
2458,11:05:57,$ 3434.00,100
2459,11:05:57,$ 3433.79,100
2460,11:05:54,$ 3434.25,100
2461,11:05:54,$ 3435.23,100
2462,11:05:54,$ 3435.20,100
2463,11:05:54,$ 3435.18,100
2465,11:05:54,$ 3435.17,100
2466,11:05:52,$ 3435.80,100
2467,11:05:47,$ 3435.4982,400
2468,11:05:44,$ 3436.64,100
2469,11:05:37,$ 3436.00,400
2470,11:05:32,$ 3436.63,100
2471,11:05:14,$ 3436.28,100
2472,11:05:14,$ 3437.00,100
2473,11:05:00,$ 3437.99,100
2474,11:04:55,$ 3438.1344,150
2475,11:04:40,$ 3438.9906,100
2476,11:04:35,$ 3438.60,100
2477,11:04:35,$ 3438.29,200
2478,11:04:31,$ 3438.88,100
2479,11:04:24,$ 3439.13,100
2480,11:03:41,$ 3439.945,100
2481,11:03:26,$ 3440.045,100
2482,11:03:25,$ 3440.18,100
2483,11:03:25,$ 3440.19,100
2484,11:03:25,$ 3440.28,146
2486,11:03:21,$ 3440.00,100
2487,11:03:21,$ 3440.00,100
2488,11:03:11,$ 3439.365,100
2489,11:03:11,$ 3439.54,100
2490,11:02:52,$ 3438.732,189
2491,11:02:52,$ 3438.372,100
2492,11:02:52,$ 3438.60,100
2493,11:02:21,$ 3437.9023,125
2494,11:02:21,$ 3437.57,108
2495,11:02:17,$ 3437.65,100
2496,11:02:11,$ 3437.19,100
2497,11:02:05,$ 3436.88,100
2498,11:02:05,$ 3436.88,100
2499,11:02:05,$ 3436.89,100
2500,11:01:47,$ 3437.185,108
2501,11:01:43,$ 3437.49,100
2502,11:01:32,$ 3437.31,100
2503,11:01:27,$ 3437.31,100
2504,11:01:22,$ 3436.77,100
2505,11:01:21,$ 3436.975,100
2507,11:01:20,$ 3436.7949,100
2508,11:01:20,$ 3436.85,100
2509,11:01:09,$ 3436.63,100
2510,11:00:56,$ 3436.16,100
2511,11:00:56,$ 3436.05,100
2512,11:00:56,$ 3435.90,100
2513,11:00:30,$ 3435.12,100
2514,11:00:30,$ 3435.24,100
2515,11:00:20,$ 3434.96,100
2517,11:59:40,$ 3425.00,100
2518,11:59:40,$ 3425.00,139
2519,11:59:33,$ 3425.41,100
2520,11:59:33,$ 3425.40,100
2521,11:59:19,$ 3425.5785,100
2522,11:59:14,$ 3425.795,100
2523,11:58:57,$ 3426.16,100
2524,11:58:56,$ 3425.6101,393
2525,11:58:56,$ 3425.101,100
2526,11:58:56,$ 3425.101,100
2527,11:58:56,$ 3425.09,100
2528,11:58:56,$ 3425.632,200
2529,11:58:56,$ 3425.64,100
2530,11:58:56,$ 3425.69,100
2531,11:58:17,$ 3426.02,100
2532,11:58:07,$ 3426.31,100
2533,11:57:34,$ 3426.28,100
2534,11:57:28,$ 3426.085,100
2535,11:57:09,$ 3426.11,100
2536,11:57:09,$ 3425.82,200
2538,11:56:44,$ 3425.55,200
2539,11:56:41,$ 3425.34,150
2540,11:56:41,$ 3425.37,100
2541,11:56:41,$ 3425.25,100
2542,11:56:41,$ 3425.29,100
2543,11:56:10,$ 3424.845,100
2544,11:56:05,$ 3424.96,182
2545,11:55:49,$ 3424.6083,100
2546,11:55:49,$ 3424.6083,100
2547,11:55:49,$ 3424.87,100
2548,11:55:49,$ 3424.91,100
2549,11:55:38,$ 3424.49,500
2550,11:55:31,$ 3424.61,100
2551,11:55:28,$ 3424.10,100
2552,11:55:05,$ 3424.06,100
2553,11:55:05,$ 3423.9677,500
2554,11:55:03,$ 3424.02,100
2555,11:55:02,$ 3423.58,124
2556,11:54:58,$ 3423.2178,100
2557,11:54:48,$ 3423.291,292
2559,11:54:48,$ 3423.3159,100
2560,11:54:48,$ 3423.30,100
2561,11:54:45,$ 3423.71,100
2562,11:54:43,$ 3423.105,100
2563,11:54:32,$ 3423.93,100
2564,11:54:32,$ 3423.93,100
2565,11:54:32,$ 3423.78,100
2566,11:54:32,$ 3423.63,100
2567,11:54:32,$ 3423.68,184
2568,11:54:18,$ 3423.265,200
2569,11:54:13,$ 3422.854,100
2570,11:54:08,$ 3423.76,100
2571,11:54:06,$ 3424.20,100
2572,11:54:06,$ 3423.76,100
2573,11:54:00,$ 3423.99,100
2574,11:53:53,$ 3424.136,100
2575,11:53:43,$ 3424.192,100
2576,11:53:30,$ 3423.862,100
2577,11:53:22,$ 3424.00,100
2578,11:53:19,$ 3424.261,100
2580,11:53:06,$ 3424.015,100
2581,11:53:06,$ 3424.268,100
2582,11:53:06,$ 3424.268,100
2583,11:52:57,$ 3424.95,100
2584,11:52:56,$ 3424.8574,250
2585,11:52:56,$ 3424.8835,100
2586,11:52:56,$ 3425.00,100
2587,11:52:54,$ 3425.165,100
2588,11:52:50,$ 3425.35,107
2589,11:52:46,$ 3425.795,128
2590,11:52:43,$ 3425.02,100
2591,11:52:43,$ 3425.045,100
2592,11:52:41,$ 3425.4546,100
2593,11:52:32,$ 3425.48,500
2594,11:52:32,$ 3425.035,100
2595,11:52:31,$ 3425.10,100
2596,11:52:31,$ 3425.10,100
2597,11:52:31,$ 3425.075,100
2598,11:52:09,$ 3425.32,100
2599,11:52:05,$ 3425.44,100
2601,11:52:05,$ 3425.455,100
2602,11:51:54,$ 3426.30,100
2603,11:51:52,$ 3426.00,100
2604,11:51:50,$ 3426.52,100
2605,11:51:49,$ 3426.7829,121
2606,11:51:49,$ 3426.7829,178
2607,11:51:49,$ 3426.51,100
2608,11:51:49,$ 3426.50,150
2609,11:51:49,$ 3426.50,100
2610,11:51:49,$ 3426.7829,100
2611,11:51:39,$ 3427.585,100
2612,11:51:38,$ 3428.3726,200
2613,11:51:25,$ 3427.59,100
2614,11:51:24,$ 3428.10,100
2615,11:51:18,$ 3428.13,100
2616,11:51:16,$ 3428.14,100
2617,11:51:15,$ 3427.86,100
2618,11:51:15,$ 3428.085,100
2619,11:51:12,$ 3427.9778,500
2620,11:51:05,$ 3428.115,100
2622,11:50:59,$ 3428.39,124
2623,11:50:23,$ 3428.724,375
2624,11:50:23,$ 3428.08,100
2625,11:49:58,$ 3428.8999,100
2626,11:49:28,$ 3428.80,100
2627,11:49:28,$ 3428.81,100
2628,11:49:28,$ 3428.80,100
2629,11:49:17,$ 3428.28,124
2630,11:48:54,$ 3428.2901,100
2631,11:48:48,$ 3428.2901,200
2632,11:48:44,$ 3428.00,100
2633,11:48:40,$ 3428.90,100
2634,11:48:39,$ 3427.485,100
2635,11:48:38,$ 3427.88,100
2636,11:48:38,$ 3428.09,100
2637,11:48:38,$ 3427.52,100
2638,11:48:38,$ 3427.53,100
2639,11:48:38,$ 3427.91,100
2640,11:48:02,$ 3426.63,100
2641,11:47:39,$ 3426.24,100
2643,11:47:38,$ 3426.00,100
2644,11:47:32,$ 3426.38,100
2645,11:47:31,$ 3426.39,100
2646,11:47:16,$ 3426.62,100
2647,11:47:13,$ 3428.01,100
2648,11:47:13,$ 3428.00,299
2649,11:46:54,$ 3428.50,100
2650,11:46:39,$ 3429.62,279
2651,11:46:03,$ 3429.28,100
2652,11:45:40,$ 3430.16,100
2653,11:45:30,$ 3429.63,100
2654,11:45:30,$ 3429.64,100
2655,11:45:11,$ 3428.92,122
2656,11:44:57,$ 3428.5367,100
2657,11:44:47,$ 3428.115,100
2658,11:44:09,$ 3427.56,100
2659,11:44:09,$ 3427.67,100
2660,11:44:09,$ 3427.67,100
2661,11:44:02,$ 3426.4001,200
2662,11:43:34,$ 3427.8246,100
2664,11:42:52,$ 3427.998,100
2665,11:42:52,$ 3427.194,100
2666,11:42:37,$ 3427.17,100
2667,11:42:22,$ 3426.835,124
2668,11:42:21,$ 3427.00,100
2669,11:42:19,$ 3427.80,100
2670,11:42:19,$ 3427.66,100
2671,11:42:08,$ 3428.51,100
2672,11:42:01,$ 3428.89,100
2673,11:42:01,$ 3428.90,100
2674,11:42:01,$ 3429.17,100
2675,11:42:01,$ 3428.77,100
2676,11:42:00,$ 3428.05,100
2677,11:42:00,$ 3428.00,100
2678,11:42:00,$ 3428.00,100
2679,11:42:00,$ 3428.50,100
2680,11:42:00,$ 3428.50,100
2681,11:42:00,$ 3428.51,100
2682,11:42:00,$ 3428.45,100
2683,11:42:00,$ 3428.45,100
2685,11:42:00,$ 3428.45,100
2686,11:42:00,$ 3428.45,100
2687,11:42:00,$ 3428.45,100
2688,11:42:00,$ 3428.49,100
2689,11:42:00,$ 3428.49,100
2690,11:42:00,$ 3428.49,100
2691,11:42:00,$ 3428.50,100
2692,11:42:00,$ 3428.50,100
2693,11:42:00,$ 3428.63,100
2694,11:42:00,$ 3428.63,100
2695,11:42:00,$ 3428.63,100
2696,11:42:00,$ 3428.63,100
2697,11:42:00,$ 3428.63,100
2698,11:42:00,$ 3428.63,100
2699,11:42:00,$ 3428.96,100
2700,11:42:00,$ 3429.22,100
2701,11:42:00,$ 3429.17,130
2702,11:42:00,$ 3429.39,100
2703,11:42:00,$ 3429.55,100
2704,11:42:00,$ 3430.36,100
2706,11:41:59,$ 3431.17,100
2707,11:41:59,$ 3431.10,135
2708,11:41:58,$ 3432.00,100
2709,11:41:58,$ 3431.88,100
2710,11:41:26,$ 3433.96,100
2711,11:40:49,$ 3433.77,100
2712,11:40:49,$ 3433.77,100
2713,11:40:49,$ 3433.77,100
2714,11:40:49,$ 3433.77,100
2715,11:40:49,$ 3433.77,100
2716,11:40:49,$ 3433.77,100
2717,11:40:49,$ 3433.89,100
2718,11:40:44,$ 3433.795,100
2719,11:40:44,$ 3433.83,100
2720,11:40:44,$ 3433.76,100
2721,11:40:44,$ 3433.78,100
2722,11:40:44,$ 3433.77,100
2723,11:40:44,$ 3433.78,100
2724,11:40:44,$ 3433.76,200
2725,11:40:44,$ 3433.76,320
2727,11:40:44,$ 3433.76,100
2728,11:40:44,$ 3433.76,100
2729,11:40:44,$ 3433.76,100
2730,11:40:44,$ 3433.76,100
2731,11:40:43,$ 3434.20,100
2732,11:40:26,$ 3433.23,100
2733,11:40:11,$ 3433.55,100
2734,11:40:07,$ 3433.2501,100
2735,11:39:58,$ 3433.55,100
2736,11:39:30,$ 3432.79,100
2737,11:39:30,$ 3432.84,100
2738,11:39:29,$ 3431.69,100
2739,11:39:29,$ 3431.91,100
2740,11:39:29,$ 3431.66,100
2741,11:39:22,$ 3430.13,100
2742,11:38:33,$ 3429.0764,100
2743,11:38:28,$ 3429.41,100
2744,11:38:27,$ 3430.02,100
2745,11:38:22,$ 3429.76,100
2746,11:38:20,$ 3430.24,100
2748,11:37:55,$ 3429.4001,101
2749,11:37:51,$ 3428.99,100
2750,11:37:46,$ 3428.7681,100
2751,11:37:46,$ 3428.4956,225
2752,11:37:46,$ 3428.80,100
2753,11:37:29,$ 3428.07,100
2754,11:37:28,$ 3428.47,100
2755,11:37:15,$ 3428.48,200
2756,11:36:55,$ 3429.395,100
2757,11:36:49,$ 3429.45,100
2758,11:36:37,$ 3428.65,100
2759,11:36:31,$ 3428.9423,500
2760,11:36:24,$ 3428.25,120
2761,11:36:24,$ 3427.99,100
2762,11:35:51,$ 3427.78,100
2763,11:35:27,$ 3428.3969,200
2764,11:35:15,$ 3428.49,100
2765,11:35:15,$ 3428.50,100
2766,11:34:58,$ 3428.6045,100
2767,11:34:56,$ 3428.1725,176
2769,11:34:53,$ 3428.86,280
2770,11:34:53,$ 3428.92,100
2771,11:34:33,$ 3428.99,100
2772,11:34:01,$ 3430.065,131
2773,11:33:53,$ 3430.2574,100
2774,11:33:41,$ 3429.85,500
2775,11:33:35,$ 3429.855,100
2776,11:33:30,$ 3429.95,247
2777,11:33:19,$ 3430.42,100
2778,11:33:15,$ 3430.67,100
2779,11:33:15,$ 3430.16,100
2780,11:33:03,$ 3431.00,100
2781,11:32:46,$ 3431.35,100
2782,11:32:37,$ 3430.71,100
2783,11:32:37,$ 3430.745,100
2784,11:32:37,$ 3430.84,100
2785,11:32:18,$ 3430.58,100
2786,11:32:18,$ 3430.71,100
2787,11:32:15,$ 3430.68,100
2788,11:32:14,$ 3430.78,100
2790,11:31:27,$ 3431.11,100
2791,11:31:26,$ 3430.69,100
2792,11:31:26,$ 3431.00,100
2793,11:31:26,$ 3431.00,100
2794,11:31:15,$ 3430.71,100
2795,11:31:06,$ 3430.545,100
2797,12:29:10,$ 3428.50,152
2798,12:27:19,$ 3428.06,100
2799,12:27:15,$ 3427.79,100
2800,12:26:29,$ 3427.49,100
2801,12:26:28,$ 3427.915,100
2802,12:26:28,$ 3427.50,100
2803,12:26:23,$ 3427.97,100
2804,12:25:41,$ 3427.915,100
2805,12:24:31,$ 3428.82,300
2806,12:24:21,$ 3429.24,100
2807,12:24:09,$ 3429.095,100
2808,12:23:51,$ 3429.51,100
2809,12:22:23,$ 3429.2999,100
2810,12:22:05,$ 3428.75,100
2811,12:22:04,$ 3428.75,250
2812,12:22:04,$ 3428.6007,500
2813,12:21:58,$ 3428.95,100
2814,12:21:10,$ 3428.50,100
2815,12:21:04,$ 3427.74,272
2816,12:21:04,$ 3428.36,200
2818,12:19:57,$ 3429.0899,100
2819,12:19:18,$ 3427.405,100
2820,12:19:12,$ 3428.13,100
2821,12:18:19,$ 3428.095,500
2822,12:17:58,$ 3427.12,100
2823,12:17:58,$ 3426.97,100
2824,12:17:58,$ 3427.10,100
2825,12:17:47,$ 3426.78,100
2826,12:17:45,$ 3427.19,100
2827,12:17:45,$ 3427.27,100
2828,12:16:50,$ 3427.31,100
2829,12:16:43,$ 3428.03,100
2830,12:16:27,$ 3428.73,100
2831,12:16:08,$ 3429.1787,100
2832,12:15:41,$ 3429.7768,250
2833,12:15:38,$ 3429.5082,146
2834,12:15:35,$ 3429.68,250
2835,12:15:18,$ 3429.87,100
2836,12:15:18,$ 3430.04,100
2837,12:15:08,$ 3430.3624,100
2839,12:14:53,$ 3430.00,100
2840,12:14:37,$ 3429.86,100
2841,12:14:25,$ 3429.32,100
2842,12:14:16,$ 3429.325,100
2843,12:14:14,$ 3428.81,100
2844,12:13:45,$ 3428.53,100
2845,12:13:45,$ 3428.9286,194
2846,12:13:18,$ 3429.00,250
2847,12:13:10,$ 3428.50,150
2848,12:13:10,$ 3428.50,100
2849,12:13:00,$ 3428.015,100
2850,12:12:33,$ 3428.00,200
2851,12:12:33,$ 3427.60,100
2852,12:12:33,$ 3427.57,100
2853,12:11:29,$ 3426.50,100
2854,12:11:02,$ 3425.845,250
2855,12:10:53,$ 3425.67,200
2856,12:10:49,$ 3424.74,100
2857,12:10:40,$ 3425.48,100
2858,12:10:37,$ 3425.65,100
2860,12:10:37,$ 3425.71,100
2861,12:10:29,$ 3426.00,100
2862,12:10:12,$ 3425.0256,500
2863,12:10:11,$ 3424.95,100
2864,12:10:03,$ 3424.1436,100
2865,12:09:55,$ 3424.17,100
2866,12:09:39,$ 3422.8543,500
2867,12:09:27,$ 3423.1589,100
2868,12:08:01,$ 3424.16,100
2869,12:07:58,$ 3424.67,100
2870,12:07:56,$ 3425.105,200
2871,12:07:24,$ 3424.92,100
2872,12:07:21,$ 3424.635,100
2873,12:07:21,$ 3424.51,100
2874,12:07:21,$ 3424.3827,233
2875,12:07:21,$ 3424.64,100
2876,12:07:09,$ 3424.51,100
2877,12:07:05,$ 3424.71,100
2878,12:07:05,$ 3424.66,100
2879,12:06:56,$ 3423.68,100
2881,12:06:51,$ 3422.745,100
2882,12:06:50,$ 3423.00,100
2883,12:06:42,$ 3423.14,100
2884,12:06:34,$ 3421.52,100
2885,12:06:34,$ 3421.78,100
2886,12:06:27,$ 3421.75,100
2887,12:06:20,$ 3420.58,100
2888,12:06:20,$ 3420.54,100
2889,12:06:17,$ 3420.25,500
2890,12:06:12,$ 3420.87,100
2891,12:06:07,$ 3419.11,100
2892,12:06:07,$ 3420.06,100
2893,12:06:07,$ 3420.05,100
2894,12:06:07,$ 3420.06,100
2895,12:06:07,$ 3420.01,100
2896,12:06:07,$ 3420.00,100
2897,12:06:07,$ 3420.00,100
2898,12:06:07,$ 3420.01,100
2899,12:06:07,$ 3420.02,100
2900,12:06:07,$ 3421.34,100
2902,12:06:07,$ 3421.36,100
2903,12:06:07,$ 3421.36,100
2904,12:06:07,$ 3421.33,100
2905,12:06:07,$ 3421.36,100
2906,12:06:07,$ 3421.33,300
2907,12:06:05,$ 3420.99,100
2908,12:05:59,$ 3421.76,100
2909,12:05:59,$ 3421.53,100
2910,12:05:40,$ 3423.08,100
2911,12:05:38,$ 3424.00,116
2912,12:05:34,$ 3424.86,100
2913,12:05:26,$ 3425.82,100
2914,12:05:21,$ 3426.5822,200
2915,12:05:19,$ 3425.78,100
2916,12:05:07,$ 3426.62,100
2917,12:05:07,$ 3426.72,100
2918,12:05:00,$ 3425.56,161
2919,12:05:00,$ 3426.03,100
2920,12:04:43,$ 3426.01,100
2921,12:04:28,$ 3425.75,277
2923,12:04:28,$ 3425.75,235
2924,12:04:14,$ 3426.27,130
2925,12:04:13,$ 3427.24,100
2926,12:04:13,$ 3427.22,100
2927,12:03:45,$ 3426.27,239
2928,12:02:23,$ 3426.98,100
2929,12:02:00,$ 3427.005,100
2930,12:01:58,$ 3427.005,100
2931,12:01:53,$ 3426.80,100
2932,12:01:53,$ 3426.84,100
2933,12:01:49,$ 3426.74,100
2934,12:01:45,$ 3426.35,500
2935,12:01:35,$ 3426.64,100
2936,12:01:35,$ 3426.48,100
2937,12:01:17,$ 3425.60,100
2938,12:01:17,$ 3425.60,100
2939,12:01:17,$ 3425.60,100
2940,12:01:17,$ 3425.63,100
2941,12:01:17,$ 3425.63,100
2942,12:01:17,$ 3425.60,100
2944,12:01:17,$ 3425.58,100
2945,12:01:12,$ 3426.34,"2,000"
2946,12:01:06,$ 3426.34,100
2947,12:01:03,$ 3426.34,100
2948,12:00:57,$ 3425.965,100
2949,12:00:19,$ 3424.86,141
2950,12:00:19,$ 3425.00,200
2952,12:59:58,$ 3434.755,139
2953,12:59:43,$ 3434.65,100
2954,12:59:37,$ 3434.622,195
2955,12:59:37,$ 3434.622,136
2956,12:59:26,$ 3434.36,100
2957,12:59:24,$ 3433.925,500
2958,12:59:17,$ 3433.929,250
2959,12:58:59,$ 3434.10,100
2960,12:58:50,$ 3434.0386,117
2961,12:58:23,$ 3433.42,100
2962,12:58:23,$ 3433.47,100
2963,12:58:22,$ 3433.065,100
2964,12:58:21,$ 3432.98,100
2965,12:58:18,$ 3434.87,100
2966,12:58:17,$ 3435.685,100
2967,12:58:16,$ 3434.82,100
2968,12:58:16,$ 3434.87,100
2969,12:58:16,$ 3435.30,100
2970,12:58:16,$ 3435.34,100
2971,12:58:16,$ 3435.92,156
2973,12:57:34,$ 3435.97,100
2974,12:57:34,$ 3436.7325,100
2975,12:57:32,$ 3436.74,100
2976,12:57:32,$ 3436.24,100
2977,12:57:15,$ 3435.47,100
2978,12:56:46,$ 3434.84,100
2979,12:56:34,$ 3434.62,100
2980,12:56:34,$ 3434.77,100
2981,12:56:21,$ 3434.585,100
2982,12:56:14,$ 3434.63,100
2983,12:56:14,$ 3434.63,100
2984,12:56:11,$ 3434.315,500
2985,12:55:54,$ 3434.02,100
2986,12:55:38,$ 3433.65,100
2987,12:55:04,$ 3432.93,100
2988,12:54:17,$ 3432.61,100
2989,12:53:58,$ 3432.775,100
2990,12:53:58,$ 3432.775,100
2991,12:53:28,$ 3432.31,100
2992,12:53:27,$ 3432.49,100
2994,12:53:02,$ 3430.97,100
2995,12:52:59,$ 3430.94,100
2996,12:52:12,$ 3430.74,100
2997,12:52:06,$ 3430.915,195
2998,12:52:06,$ 3430.43,100
2999,12:52:05,$ 3430.915,100
3000,12:52:00,$ 3430.92,100
3001,12:51:55,$ 3430.5509,500
3002,12:51:11,$ 3430.76,100
3003,12:51:09,$ 3430.975,100
3004,12:50:53,$ 3430.615,100
3005,12:50:53,$ 3431.17,100
3006,12:50:22,$ 3429.66,100
3007,12:50:13,$ 3430.16,100
3008,12:50:08,$ 3430.14,100
3009,12:49:15,$ 3430.90,100
3010,12:49:09,$ 3430.00,154
3011,12:48:51,$ 3429.47,100
3012,12:48:39,$ 3429.14,100
3013,12:48:23,$ 3429.175,100
3015,12:48:10,$ 3429.24,100
3016,12:48:02,$ 3429.03,100
3017,12:47:52,$ 3429.425,100
3018,12:47:40,$ 3430.319,"1,000"
3019,12:47:28,$ 3430.75,100
3020,12:47:00,$ 3430.20,100
3021,12:46:24,$ 3430.04,100
3022,12:45:13,$ 3429.50,100
3023,12:45:13,$ 3429.44,100
3024,12:45:01,$ 3428.94,100
3025,12:43:52,$ 3429.33,100
3026,12:43:39,$ 3428.78,100
3027,12:42:25,$ 3428.36,100
3028,12:42:00,$ 3427.50,100
3029,12:42:00,$ 3427.50,100
3030,12:42:00,$ 3427.50,100
3031,12:42:00,$ 3427.50,100
3032,12:42:00,$ 3427.50,100
3033,12:42:00,$ 3427.50,100
3034,12:42:00,$ 3427.81,100
3036,12:42:00,$ 3428.03,100
3037,12:42:00,$ 3428.03,100
3038,12:41:50,$ 3428.18,100
3039,12:41:50,$ 3428.19,100
3040,12:41:50,$ 3428.19,100
3041,12:41:50,$ 3427.41,100
3042,12:41:50,$ 3427.38,100
3043,12:41:50,$ 3427.38,100
3044,12:41:50,$ 3427.38,100
3045,12:41:50,$ 3427.38,100
3046,12:41:50,$ 3427.36,100
3047,12:41:50,$ 3427.32,100
3048,12:41:50,$ 3427.41,100
3049,12:41:50,$ 3427.33,100
3050,12:41:50,$ 3427.41,100
3051,12:41:50,$ 3427.33,100
3052,12:41:50,$ 3427.34,100
3053,12:41:50,$ 3427.26,100
3054,12:41:50,$ 3427.32,100
3055,12:41:28,$ 3426.69,102
3057,12:40:46,$ 3427.04,100
3058,12:40:28,$ 3426.77,100
3059,12:40:19,$ 3427.16,100
3060,12:40:13,$ 3426.8512,500
3061,12:40:03,$ 3427.00,100
3062,12:39:57,$ 3426.94,100
3063,12:39:57,$ 3426.93,100
3064,12:39:57,$ 3426.95,100
3065,12:39:07,$ 3426.52,100
3066,12:39:06,$ 3426.385,100
3067,12:38:53,$ 3425.913,500
3068,12:38:43,$ 3426.725,100
3069,12:38:43,$ 3427.04,100
3070,12:37:36,$ 3425.8308,100
3071,12:37:36,$ 3426.42,100
3072,12:37:23,$ 3425.78,100
3073,12:37:23,$ 3426.09,100
3074,12:37:03,$ 3426.696,250
3075,12:36:57,$ 3426.95,100
3076,12:36:57,$ 3427.455,100
3078,12:36:38,$ 3427.43,100
3079,12:35:31,$ 3426.5776,500
3080,12:35:23,$ 3426.87,100
3081,12:35:21,$ 3426.845,100
3082,12:35:06,$ 3428.09,100
3083,12:34:39,$ 3428.305,100
3084,12:34:25,$ 3428.85,100
3085,12:34:24,$ 3428.29,100
3086,12:34:00,$ 3428.58,100
3087,12:33:51,$ 3428.275,100
3088,12:32:08,$ 3427.25,100
3089,12:32:08,$ 3427.25,127
3090,12:32:08,$ 3427.25,200
3091,12:31:32,$ 3427.43,100
3092,12:31:32,$ 3427.40,100
3093,12:31:31,$ 3428.06,100
3094,12:31:31,$ 3427.99,100
3095,12:31:23,$ 3428.475,100
3096,12:30:56,$ 3428.93,100
3097,12:30:35,$ 3430.40,100
3099,12:30:35,$ 3429.97,100
3100,12:30:35,$ 3429.97,100
3101,12:30:21,$ 3429.59,100
3103,13:29:38,$ 3437.445,100
3104,13:29:36,$ 3437.3356,132
3105,13:28:32,$ 3435.695,200
3106,13:28:30,$ 3435.69,100
3107,13:27:50,$ 3435.4855,100
3108,13:27:46,$ 3435.585,200
3109,13:26:47,$ 3435.96,100
3110,13:26:24,$ 3436.01,100
3111,13:26:13,$ 3435.91,140
3112,13:26:08,$ 3436.145,100
3113,13:25:47,$ 3435.88,100
3114,13:25:24,$ 3436.165,100
3115,13:24:51,$ 3436.09,100
3116,13:24:41,$ 3436.33,100
3117,13:24:39,$ 3436.09,100
3118,13:24:33,$ 3435.685,100
3119,13:24:33,$ 3435.60,100
3120,13:24:15,$ 3435.1401,300
3121,13:23:35,$ 3434.91,100
3122,13:23:18,$ 3435.045,100
3124,13:23:09,$ 3435.53,100
3125,13:22:24,$ 3434.50,100
3126,13:22:21,$ 3434.91,100
3127,13:22:21,$ 3434.60,117
3128,13:22:21,$ 3434.60,100
3129,13:21:56,$ 3434.835,100
3130,13:21:29,$ 3434.69,100
3131,13:20:42,$ 3434.435,100
3132,13:20:42,$ 3434.48,100
3133,13:20:17,$ 3434.555,100
3134,13:19:45,$ 3434.77,100
3135,13:19:32,$ 3435.00,100
3136,13:19:32,$ 3435.08,100
3137,13:19:31,$ 3434.57,100
3138,13:19:17,$ 3434.02,100
3139,13:19:11,$ 3434.21,100
3140,13:19:11,$ 3434.21,100
3141,13:18:51,$ 3433.86,100
3142,13:18:10,$ 3433.86,100
3143,13:18:10,$ 3433.86,100
3145,13:17:58,$ 3433.865,100
3146,13:16:43,$ 3435.09,100
3147,13:16:43,$ 3435.12,100
3148,13:16:37,$ 3434.36,100
3149,13:16:12,$ 3434.89,100
3150,13:15:45,$ 3434.40,477
3151,13:15:45,$ 3434.30,100
3152,13:15:41,$ 3434.31,100
3153,13:15:39,$ 3434.835,100
3154,13:15:39,$ 3434.51,100
3155,13:14:50,$ 3434.785,100
3156,13:14:41,$ 3434.34,100
3157,13:14:41,$ 3434.45,100
3158,13:14:35,$ 3435.415,100
3159,13:14:21,$ 3435.465,100
3160,13:13:25,$ 3435.245,100
3161,13:13:19,$ 3435.095,100
3162,13:12:59,$ 3434.51,200
3163,13:12:56,$ 3434.00,100
3164,13:12:56,$ 3434.00,100
3166,13:12:56,$ 3434.00,100
3167,13:12:45,$ 3435.04,100
3168,13:12:36,$ 3435.90,100
3169,13:12:31,$ 3436.795,100
3170,13:12:06,$ 3435.87,100
3171,13:12:06,$ 3435.60,100
3172,13:12:06,$ 3435.58,100
3173,13:12:06,$ 3435.50,100
3174,13:11:36,$ 3436.73,100
3175,13:11:31,$ 3436.055,100
3176,13:11:23,$ 3436.51,100
3177,13:10:56,$ 3437.68,100
3178,13:10:52,$ 3437.42,100
3179,13:10:52,$ 3437.42,100
3180,13:10:39,$ 3438.045,100
3181,13:09:46,$ 3437.415,100
3182,13:09:41,$ 3437.00,100
3183,13:09:19,$ 3437.93,500
3184,13:09:01,$ 3437.205,400
3185,13:08:57,$ 3437.00,100
3187,13:08:51,$ 3436.405,100
3188,13:08:44,$ 3436.00,414
3189,13:08:43,$ 3435.67,100
3190,13:08:40,$ 3435.65,100
3191,13:08:09,$ 3434.92,100
3192,13:08:05,$ 3435.61,100
3193,13:07:45,$ 3434.85,100
3194,13:07:28,$ 3434.87,100
3195,13:07:23,$ 3434.7149,150
3196,13:07:16,$ 3435.475,100
3197,13:06:16,$ 3434.785,200
3198,13:05:20,$ 3434.425,100
3199,13:04:21,$ 3434.16,100
3200,13:04:03,$ 3434.49,100
3201,13:03:32,$ 3433.52,100
3202,13:03:05,$ 3434.245,100
3203,13:03:05,$ 3434.2013,200
3204,13:02:22,$ 3435.005,200
3205,13:01:50,$ 3434.14,500
3206,13:01:48,$ 3434.27,100
3208,13:01:32,$ 3434.92,500
3209,13:01:26,$ 3434.402,142
3210,13:01:25,$ 3435.25,100
3211,13:01:17,$ 3434.59,100
3212,13:01:17,$ 3434.53,100
3213,13:00:50,$ 3434.90,100
3214,13:00:50,$ 3435.35,100
3215,13:00:50,$ 3435.35,100
3216,13:00:48,$ 3434.7991,500
3217,13:00:35,$ 3435.43,100
3218,13:00:35,$ 3434.92,100
3219,13:00:35,$ 3435.40,100
3220,13:00:35,$ 3435.40,100
3221,13:00:24,$ 3435.435,100
3222,13:00:24,$ 3435.435,100
3223,13:00:23,$ 3435.44,100
3224,13:00:22,$ 3435.59,100
3225,13:00:14,$ 3435.40,138
3227,13:59:46,$ 3430.7588,100
3228,13:59:16,$ 3431.13,100
3229,13:59:16,$ 3431.13,100
3230,13:59:16,$ 3431.08,100
3231,13:59:16,$ 3430.65,100
3232,13:59:16,$ 3430.64,100
3233,13:59:16,$ 3430.65,100
3234,13:59:16,$ 3430.615,100
3235,13:59:16,$ 3430.56,100
3236,13:59:12,$ 3429.59,100
3237,13:58:58,$ 3430.0631,130
3238,13:58:58,$ 3430.114,200
3239,13:58:42,$ 3431.06,100
3240,13:58:37,$ 3430.28,100
3241,13:58:32,$ 3430.825,100
3242,13:57:56,$ 3431.91,100
3243,13:57:22,$ 3430.42,100
3244,13:56:32,$ 3430.65,100
3245,13:56:28,$ 3430.74,140
3246,13:56:04,$ 3432.00,100
3248,13:55:01,$ 3431.835,100
3249,13:55:01,$ 3432.24,100
3250,13:55:00,$ 3431.225,100
3251,13:54:50,$ 3430.87,100
3252,13:54:50,$ 3430.50,105
3253,13:54:50,$ 3430.50,100
3254,13:54:50,$ 3430.50,105
3255,13:54:50,$ 3430.51,100
3256,13:54:50,$ 3431.2399,100
3257,13:54:42,$ 3430.78,100
3258,13:54:41,$ 3431.695,100
3259,13:54:40,$ 3432.01,100
3260,13:54:15,$ 3433.78,100
3261,13:52:54,$ 3433.41,100
3262,13:52:54,$ 3432.98,100
3263,13:52:54,$ 3433.04,100
3264,13:52:43,$ 3432.27,100
3265,13:52:37,$ 3432.13,100
3266,13:52:35,$ 3432.53,100
3267,13:52:34,$ 3432.38,100
3269,13:52:34,$ 3432.46,149
3270,13:52:34,$ 3432.61,100
3271,13:52:23,$ 3431.5594,"1,194"
3272,13:52:23,$ 3432.3734,100
3273,13:52:23,$ 3432.3634,100
3274,13:52:23,$ 3432.28,100
3275,13:52:23,$ 3432.4334,100
3276,13:52:23,$ 3432.35,100
3277,13:52:23,$ 3432.4434,400
3278,13:52:23,$ 3432.5034,100
3279,13:52:23,$ 3432.4434,100
3280,13:52:23,$ 3432.36,100
3281,13:52:23,$ 3432.42,100
3282,13:52:23,$ 3432.36,400
3283,13:52:23,$ 3432.4334,100
3284,13:52:23,$ 3432.4334,100
3285,13:52:23,$ 3432.4634,100
3286,13:52:23,$ 3432.6534,100
3287,13:52:23,$ 3432.38,100
3288,13:52:23,$ 3432.5934,175
3290,13:52:23,$ 3432.7734,100
3291,13:52:23,$ 3432.51,175
3292,13:52:23,$ 3432.69,100
3293,13:52:23,$ 3432.57,100
3294,13:52:23,$ 3432.8534,100
3295,13:52:23,$ 3432.7134,100
3296,13:52:23,$ 3433.1534,100
3297,13:52:22,$ 3433.2434,100
3298,13:52:22,$ 3433.48,100
3299,13:52:22,$ 3433.3434,100
3300,13:52:22,$ 3433.26,100
3301,13:52:22,$ 3433.9434,201
3302,13:52:22,$ 3433.9434,200
3303,13:52:22,$ 3433.86,200
3304,13:52:22,$ 3434.1434,100
3305,13:52:22,$ 3434.1234,100
3306,13:52:22,$ 3434.1434,100
3307,13:52:22,$ 3434.1534,100
3308,13:52:22,$ 3434.07,100
3309,13:52:22,$ 3434.06,100
3311,13:52:22,$ 3434.04,100
3312,13:52:12,$ 3434.3917,120
3313,13:52:01,$ 3434.34,100
3314,13:52:01,$ 3434.34,100
3315,13:52:01,$ 3434.34,121
3316,13:50:50,$ 3435.04,100
3317,13:50:30,$ 3435.281,136
3318,13:50:30,$ 3435.84,100
3319,13:50:30,$ 3435.19,100
3320,13:50:30,$ 3436.24,100
3321,13:49:29,$ 3436.7339,220
3322,13:49:29,$ 3436.6218,105
3323,13:49:22,$ 3435.7151,100
3324,13:49:14,$ 3435.74,100
3325,13:49:13,$ 3435.77,100
3326,13:49:13,$ 3435.78,100
3327,13:49:13,$ 3435.78,100
3328,13:49:13,$ 3435.77,100
3329,13:49:13,$ 3436.625,200
3330,13:49:07,$ 3436.56,105
3332,13:48:00,$ 3436.05,100
3333,13:47:56,$ 3436.02,100
3334,13:47:56,$ 3436.02,100
3335,13:47:49,$ 3436.02,100
3336,13:47:49,$ 3436.30,100
3337,13:47:49,$ 3436.325,100
3338,13:47:12,$ 3436.10,100
3339,13:47:04,$ 3435.07,100
3340,13:46:48,$ 3435.69,100
3341,13:46:32,$ 3435.18,100
3342,13:46:30,$ 3434.85,100
3343,13:45:41,$ 3435.01,100
3344,13:45:41,$ 3435.16,100
3345,13:45:35,$ 3434.59,150
3346,13:45:19,$ 3435.39,100
3347,13:45:04,$ 3436.09,101
3348,13:45:04,$ 3436.3725,400
3349,13:44:56,$ 3436.09,100
3350,13:44:53,$ 3436.5473,100
3351,13:44:25,$ 3436.39,100
3353,13:44:11,$ 3436.36,100
3354,13:44:11,$ 3436.44,100
3355,13:44:11,$ 3436.50,100
3356,13:43:57,$ 3436.00,482
3357,13:43:57,$ 3436.00,100
3358,13:43:57,$ 3436.00,100
3359,13:43:56,$ 3436.01,400
3360,13:43:49,$ 3436.32,100
3361,13:43:49,$ 3436.48,100
3362,13:43:49,$ 3436.41,100
3363,13:43:29,$ 3437.44,100
3364,13:43:07,$ 3437.7884,500
3365,13:42:49,$ 3438.01,176
3366,13:42:49,$ 3438.00,100
3367,13:42:48,$ 3438.24,100
3368,13:42:48,$ 3438.24,100
3369,13:42:31,$ 3438.72,100
3370,13:42:27,$ 3438.63,100
3371,13:42:22,$ 3438.57,100
3372,13:41:15,$ 3438.74,100
3374,13:41:14,$ 3438.32,100
3375,13:41:06,$ 3437.99,100
3376,13:40:15,$ 3437.732,244
3377,13:40:10,$ 3437.55,100
3378,13:39:31,$ 3437.52,100
3379,13:39:07,$ 3437.41,300
3380,13:38:57,$ 3437.59,100
3381,13:38:54,$ 3438.21,100
3382,13:38:48,$ 3437.905,100
3383,13:38:48,$ 3437.83,100
3384,13:38:46,$ 3437.59,100
3385,13:38:46,$ 3437.59,100
3386,13:38:40,$ 3437.92,100
3387,13:38:32,$ 3438.41,100
3388,13:38:14,$ 3438.195,100
3389,13:37:02,$ 3437.89,100
3390,13:36:36,$ 3437.085,100
3391,13:36:32,$ 3437.095,100
3392,13:36:31,$ 3437.07,100
3393,13:36:31,$ 3437.06,100
3395,13:35:42,$ 3437.525,100
3396,13:35:32,$ 3437.60,100
3397,13:34:57,$ 3437.88,100
3398,13:34:57,$ 3437.88,200
3399,13:34:57,$ 3438.09,100
3400,13:34:57,$ 3437.46,119
3401,13:34:57,$ 3438.11,100
3402,13:34:57,$ 3437.88,100
3403,13:34:57,$ 3437.73,100
3404,13:34:57,$ 3437.87,100
3405,13:34:47,$ 3438.49,100
3406,13:34:05,$ 3437.79,100
3407,13:33:48,$ 3437.3825,150
3408,13:33:42,$ 3438.105,400
3409,13:33:37,$ 3438.27,100
3410,13:33:26,$ 3437.97,100
3411,13:32:12,$ 3438.00,482
3412,13:32:12,$ 3437.91,923
3413,13:32:12,$ 3437.91,100
3414,13:32:12,$ 3437.88,100
3416,13:31:54,$ 3437.795,100
3417,13:31:54,$ 3437.59,121
3418,13:31:50,$ 3437.99,200
3419,13:30:48,$ 3437.35,100
3420,13:30:13,$ 3437.51,100
3422,14:29:29,$ 3433.2075,100
3423,14:28:48,$ 3433.124,100
3424,14:28:40,$ 3433.93,100
3425,14:28:40,$ 3434.00,100
3426,14:28:25,$ 3433.77,100
3427,14:28:19,$ 3433.52,100
3428,14:28:19,$ 3433.38,100
3429,14:27:50,$ 3433.255,100
3430,14:26:50,$ 3433.545,100
3431,14:25:50,$ 3433.80,100
3432,14:25:32,$ 3432.80,100
3433,14:25:06,$ 3432.25,100
3434,14:24:57,$ 3432.80,100
3435,14:24:55,$ 3432.75,100
3436,14:23:55,$ 3431.27,100
3437,14:23:51,$ 3430.90,100
3438,14:23:51,$ 3430.77,100
3439,14:23:46,$ 3430.47,100
3440,14:23:24,$ 3430.40,100
3441,14:22:39,$ 3430.395,100
3443,14:21:57,$ 3431.355,100
3444,14:21:16,$ 3431.9604,334
3445,14:21:01,$ 3432.03,100
3446,14:20:07,$ 3432.255,100
3447,14:20:07,$ 3432.40,100
3448,14:18:09,$ 3432.085,100
3449,14:17:58,$ 3431.69,100
3450,14:17:45,$ 3431.5817,140
3451,14:17:39,$ 3431.18,100
3452,14:17:03,$ 3431.06,133
3453,14:16:45,$ 3431.5502,400
3454,14:16:37,$ 3431.40,100
3455,14:16:20,$ 3430.80,100
3456,14:16:19,$ 3430.21,196
3457,14:15:10,$ 3429.38,100
3458,14:14:08,$ 3429.32,100
3459,14:14:07,$ 3429.445,100
3460,14:14:00,$ 3429.40,100
3461,14:14:00,$ 3429.35,100
3462,14:13:58,$ 3429.51,100
3464,14:12:38,$ 3429.57,225
3465,14:11:38,$ 3429.48,100
3466,14:11:11,$ 3429.98,100
3467,14:10:16,$ 3430.54,100
3468,14:10:06,$ 3430.89,100
3469,14:09:32,$ 3431.00,300
3470,14:09:03,$ 3430.82,391
3471,14:08:58,$ 3430.86,100
3472,14:08:54,$ 3430.42,100
3473,14:08:49,$ 3430.58,100
3474,14:08:42,$ 3431.755,100
3475,14:08:27,$ 3430.31,100
3476,14:07:41,$ 3431.61,100
3477,14:05:55,$ 3431.4311,262
3478,14:04:51,$ 3431.27,100
3479,14:04:43,$ 3431.89,200
3480,14:04:43,$ 3431.90,100
3481,14:04:43,$ 3431.90,100
3482,14:04:43,$ 3431.92,100
3483,14:03:23,$ 3432.33,100
3485,14:02:28,$ 3432.705,130
3486,14:02:00,$ 3433.68,100
3487,14:01:40,$ 3432.96,100
3488,14:00:34,$ 3430.79,100
3489,14:00:16,$ 3430.66,100
3490,14:00:12,$ 3431.025,100
3491,14:00:07,$ 3431.00,100
3492,14:00:07,$ 3431.00,100
3493,14:00:07,$ 3431.00,195
3495,14:59:16,$ 3437.3816,219
3496,14:58:33,$ 3437.40,100
3497,14:58:33,$ 3437.45,100
3498,14:58:33,$ 3437.46,100
3499,14:57:33,$ 3437.31,100
3500,14:56:14,$ 3436.501,200
3501,14:55:29,$ 3437.385,100
3502,14:54:55,$ 3437.15,100
3503,14:54:00,$ 3436.425,100
3504,14:53:58,$ 3436.78,200
3505,14:53:44,$ 3436.775,100
3506,14:53:28,$ 3436.43,100
3507,14:53:28,$ 3436.67,100
3508,14:53:26,$ 3437.07,100
3509,14:53:04,$ 3437.31,100
3510,14:52:59,$ 3436.87,128
3511,14:52:29,$ 3436.47,100
3512,14:52:29,$ 3436.64,100
3513,14:52:29,$ 3436.65,100
3514,14:50:28,$ 3436.51,100
3516,14:50:27,$ 3436.455,100
3517,14:50:19,$ 3436.81,100
3518,14:50:10,$ 3437.01,100
3519,14:50:07,$ 3437.25,100
3520,14:49:51,$ 3437.25,100
3521,14:49:25,$ 3436.8334,100
3522,14:49:25,$ 3437.205,100
3523,14:49:01,$ 3436.00,100
3524,14:49:01,$ 3436.00,100
3525,14:49:01,$ 3436.00,100
3526,14:49:01,$ 3436.00,100
3527,14:48:58,$ 3435.97,100
3528,14:48:47,$ 3435.30,100
3529,14:47:12,$ 3434.99,100
3530,14:46:52,$ 3435.37,100
3531,14:46:30,$ 3434.87,100
3532,14:46:28,$ 3434.87,100
3533,14:46:11,$ 3434.75,100
3534,14:45:56,$ 3434.73,100
3535,14:45:54,$ 3434.92,100
3537,14:44:51,$ 3435.285,130
3538,14:44:42,$ 3434.975,100
3539,14:43:24,$ 3435.18,100
3540,14:43:12,$ 3434.66,100
3541,14:41:21,$ 3435.1091,100
3542,14:40:26,$ 3435.23,100
3543,14:40:26,$ 3435.235,100
3544,14:38:47,$ 3434.265,100
3545,14:38:19,$ 3434.40,100
3546,14:36:59,$ 3435.296,500
3547,14:36:51,$ 3434.29,100
3548,14:36:51,$ 3434.26,100
3549,14:35:37,$ 3434.62,100
3550,14:34:41,$ 3435.315,100
3551,14:34:41,$ 3435.305,100
3552,14:34:32,$ 3434.635,100
3553,14:34:17,$ 3435.045,200
3554,14:33:48,$ 3435.36,100
3555,14:33:35,$ 3435.085,100
3556,14:32:14,$ 3435.11,100
3558,14:31:55,$ 3435.0325,100
3559,14:31:30,$ 3434.4025,100
3560,14:30:58,$ 3434.66,100
3561,14:30:58,$ 3434.525,100
3562,14:30:45,$ 3433.7775,100
3563,14:30:07,$ 3433.47,100
3565,15:29:10,$ 3438.86,100
3566,15:29:10,$ 3438.87,100
3567,15:28:55,$ 3439.00,200
3568,15:28:20,$ 3438.59,100
3569,15:28:07,$ 3438.25,140
3570,15:28:07,$ 3438.25,106
3571,15:28:05,$ 3438.38,131
3572,15:28:02,$ 3439.01,100
3573,15:27:54,$ 3439.07,100
3574,15:26:44,$ 3438.83,100
3575,15:26:34,$ 3439.3408,500
3576,15:26:16,$ 3438.935,100
3577,15:25:45,$ 3439.86,100
3578,15:25:39,$ 3439.625,100
3579,15:25:05,$ 3439.8497,100
3580,15:24:33,$ 3439.00,100
3581,15:24:33,$ 3438.56,290
3582,15:24:33,$ 3439.01,100
3583,15:24:32,$ 3438.82,100
3584,15:24:32,$ 3438.81,100
3586,15:24:18,$ 3438.73,100
3587,15:23:56,$ 3439.1299,100
3588,15:23:06,$ 3437.92,100
3589,15:23:03,$ 3438.49,100
3590,15:23:03,$ 3438.51,100
3591,15:22:54,$ 3438.455,196
3592,15:21:47,$ 3438.10,100
3593,15:21:35,$ 3438.36,100
3594,15:20:54,$ 3438.74,180
3595,15:20:43,$ 3438.9201,100
3596,15:20:35,$ 3438.77,100
3597,15:20:33,$ 3439.12,100
3598,15:19:39,$ 3438.895,500
3599,15:19:29,$ 3438.66,100
3600,15:19:29,$ 3438.68,100
3601,15:18:51,$ 3439.58,100
3602,15:18:51,$ 3439.59,100
3603,15:18:48,$ 3439.312,417
3604,15:18:47,$ 3439.55,100
3605,15:18:47,$ 3439.55,100
3607,15:18:38,$ 3439.58,100
3608,15:18:38,$ 3439.50,100
3609,15:18:37,$ 3439.415,100
3610,15:18:35,$ 3439.49,200
3611,15:18:18,$ 3439.18,100
3612,15:18:13,$ 3439.4899,100
3613,15:17:54,$ 3438.68,195
3614,15:17:36,$ 3438.7601,300
3615,15:16:53,$ 3438.122,100
3616,15:16:50,$ 3438.63,100
3617,15:16:45,$ 3438.63,100
3618,15:16:45,$ 3438.85,100
3619,15:16:09,$ 3438.71,100
3620,15:15:42,$ 3437.758,145
3621,15:15:39,$ 3438.26,164
3622,15:15:32,$ 3439.2461,289
3623,15:15:32,$ 3438.86,100
3624,15:15:28,$ 3438.00,100
3625,15:15:06,$ 3437.66,200
3626,15:14:36,$ 3437.695,200
3628,15:14:18,$ 3437.0501,100
3629,15:13:41,$ 3437.48,200
3630,15:13:26,$ 3437.29,100
3631,15:12:48,$ 3436.815,100
3632,15:12:44,$ 3436.925,100
3633,15:12:26,$ 3437.17,100
3634,15:12:13,$ 3436.78,100
3635,15:11:47,$ 3436.28,100
3636,15:11:47,$ 3436.00,100
3637,15:11:47,$ 3436.15,100
3638,15:11:47,$ 3436.15,100
3639,15:11:41,$ 3435.55,100
3640,15:11:36,$ 3436.00,100
3641,15:11:36,$ 3436.135,200
3642,15:11:35,$ 3436.00,318
3643,15:11:35,$ 3436.2325,100
3644,15:11:35,$ 3436.1425,100
3645,15:11:35,$ 3436.2375,100
3646,15:11:32,$ 3436.29,200
3647,15:11:27,$ 3436.03,100
3649,15:11:18,$ 3436.17,100
3650,15:11:18,$ 3436.17,103
3651,15:11:06,$ 3436.50,482
3652,15:11:06,$ 3436.51,100
3653,15:10:55,$ 3436.54,100
3654,15:10:55,$ 3436.54,100
3655,15:10:45,$ 3436.91,100
3656,15:10:39,$ 3436.835,200
3657,15:10:10,$ 3436.91,100
3658,15:10:10,$ 3436.72,100
3659,15:10:10,$ 3436.72,100
3660,15:10:10,$ 3437.05,100
3661,15:09:57,$ 3436.6838,400
3662,15:08:43,$ 3437.93,200
3663,15:08:39,$ 3437.985,100
3664,15:08:29,$ 3438.095,100
3665,15:08:28,$ 3438.50,100
3666,15:08:27,$ 3439.135,100
3667,15:08:27,$ 3439.14,100
3668,15:08:27,$ 3439.03,100
3670,15:08:27,$ 3438.95,100
3671,15:08:27,$ 3438.91,100
3672,15:08:27,$ 3438.75,100
3673,15:08:18,$ 3439.19,100
3674,15:08:17,$ 3439.37,100
3675,15:08:17,$ 3439.37,100
3676,15:08:13,$ 3439.12,100
3677,15:07:05,$ 3439.24,100
3678,15:07:05,$ 3439.19,725
3679,15:06:52,$ 3438.685,100
3680,15:06:16,$ 3439.14,100
3681,15:05:41,$ 3439.00,100
3682,15:05:38,$ 3439.445,200
3683,15:05:32,$ 3439.405,500
3684,15:05:30,$ 3438.2901,110
3685,15:05:06,$ 3438.415,109
3686,15:05:03,$ 3438.01,100
3687,15:05:02,$ 3438.01,100
3688,15:05:02,$ 3438.01,100
3689,15:05:00,$ 3438.33,100
3691,15:04:31,$ 3438.08,100
3692,15:04:31,$ 3438.07,100
3693,15:04:31,$ 3438.66,100
3694,15:04:29,$ 3438.69,100
3695,15:04:25,$ 3438.85,100
3696,15:04:20,$ 3439.225,100
3697,15:04:20,$ 3439.39,125
3698,15:04:04,$ 3439.93,100
3699,15:03:55,$ 3440.00,100
3700,15:03:55,$ 3440.00,100
3701,15:03:55,$ 3440.00,100
3702,15:03:55,$ 3440.00,100
3703,15:03:55,$ 3440.00,100
3704,15:03:55,$ 3440.00,100
3705,15:03:55,$ 3440.00,100
3706,15:03:55,$ 3440.00,100
3707,15:01:45,$ 3438.73,100
3708,15:01:45,$ 3438.74,100
3709,15:01:30,$ 3438.4901,100
3710,15:01:24,$ 3439.20,200
3712,15:01:24,$ 3439.00,100
3713,15:01:24,$ 3438.95,100
3714,15:01:18,$ 3438.11,100
3715,15:01:18,$ 3438.50,100
3716,15:01:18,$ 3438.38,100
3717,15:01:18,$ 3438.37,100
3718,15:01:18,$ 3438.35,100
3719,15:00:36,$ 3437.05,100
3720,15:00:13,$ 3437.36,100
3721,15:00:06,$ 3438.35,100
3722,15:00:04,$ 3438.00,284
3723,15:00:04,$ 3437.69,100
3725,15:59:59,$ 3435.01,100
3726,15:59:59,$ 3435.01,100
3727,15:59:59,$ 3435.02,147
3728,15:59:58,$ 3435.10,100
3729,15:59:57,$ 3435.91,100
3730,15:59:55,$ 3436.15,100
3731,15:59:55,$ 3437.05,100
3732,15:59:55,$ 3437.10,656
3733,15:59:54,$ 3436.5475,100
3734,15:59:54,$ 3436.69,100
3735,15:59:53,$ 3436.425,100
3736,15:59:50,$ 3436.1475,100
3737,15:59:50,$ 3436.43,100
3738,15:59:47,$ 3436.41,100
3739,15:59:47,$ 3436.42,157
3740,15:59:47,$ 3436.42,500
3741,15:59:47,$ 3436.28,200
3742,15:59:45,$ 3435.945,100
3743,15:59:43,$ 3435.95,100
3744,15:59:43,$ 3435.95,100
3746,15:59:40,$ 3435.39,100
3747,15:59:40,$ 3435.38,100
3748,15:59:40,$ 3435.38,100
3749,15:59:40,$ 3435.38,100
3750,15:59:37,$ 3435.13,100
3751,15:59:37,$ 3435.02,100
3752,15:59:37,$ 3435.07,100
3753,15:59:37,$ 3435.00,100
3754,15:59:36,$ 3435.32,100
3755,15:59:36,$ 3435.4704,100
3756,15:59:35,$ 3435.53,100
3757,15:59:35,$ 3435.52,100
3758,15:59:35,$ 3435.79,100
3759,15:59:35,$ 3435.70,100
3760,15:59:35,$ 3435.74,100
3761,15:59:32,$ 3435.53,100
3762,15:59:32,$ 3435.80,100
3763,15:59:32,$ 3435.54,100
3764,15:59:31,$ 3435.805,100
3765,15:59:31,$ 3435.99,113
3767,15:59:30,$ 3435.97,100
3768,15:59:28,$ 3435.39,100
3769,15:59:26,$ 3435.065,100
3770,15:59:26,$ 3435.128,200
3771,15:59:26,$ 3435.128,100
3772,15:59:25,$ 3435.20,100
3773,15:59:21,$ 3435.26,100
3774,15:59:21,$ 3435.26,100
3775,15:59:20,$ 3435.44,100
3776,15:59:20,$ 3435.35,100
3777,15:59:19,$ 3435.33,100
3778,15:59:19,$ 3435.34,100
3779,15:59:17,$ 3434.61,100
3780,15:59:11,$ 3435.12,100
3781,15:59:10,$ 3435.18,100
3782,15:59:10,$ 3435.10,100
3783,15:59:09,$ 3435.37,100
3784,15:59:09,$ 3435.39,100
3785,15:59:06,$ 3435.70,100
3786,15:59:06,$ 3435.54,100
3788,15:59:06,$ 3435.815,100
3789,15:59:06,$ 3435.86,100
3790,15:59:01,$ 3436.00,417
3791,15:58:59,$ 3436.00,100
3792,15:58:59,$ 3436.00,100
3793,15:58:57,$ 3435.90,100
3794,15:58:57,$ 3435.91,100
3795,15:58:57,$ 3435.75,100
3796,15:58:57,$ 3435.75,100
3797,15:58:50,$ 3435.75,100
3798,15:58:50,$ 3435.74,100
3799,15:58:49,$ 3435.75,151
3800,15:58:49,$ 3435.75,100
3801,15:58:49,$ 3435.75,206
3802,15:58:49,$ 3435.70,100
3803,15:58:49,$ 3435.63,100
3804,15:58:49,$ 3435.72,100
3805,15:58:49,$ 3435.72,100
3806,15:58:49,$ 3435.72,100
3807,15:58:49,$ 3435.74,100
3809,15:58:49,$ 3435.362,291
3810,15:58:47,$ 3435.08,100
3811,15:58:47,$ 3435.36,100
3812,15:58:45,$ 3435.07,100
3813,15:58:44,$ 3435.07,100
3814,15:58:44,$ 3435.07,105
3815,15:58:43,$ 3435.07,100
3816,15:58:43,$ 3435.07,193
3817,15:58:43,$ 3435.07,100
3818,15:58:36,$ 3435.07,100
3819,15:58:34,$ 3434.93,100
3820,15:58:33,$ 3434.28,100
3821,15:58:30,$ 3434.3868,117
3822,15:58:20,$ 3434.93,100
3823,15:58:18,$ 3434.4201,200
3824,15:58:10,$ 3434.70,150
3825,15:58:03,$ 3435.166,100
3826,15:58:02,$ 3434.92,100
3827,15:58:02,$ 3434.95,100
3828,15:58:02,$ 3435.32,100
3830,15:58:02,$ 3434.98,100
3831,15:58:02,$ 3435.07,100
3832,15:58:00,$ 3434.89,100
3833,15:57:58,$ 3435.07,100
3834,15:57:57,$ 3435.1281,100
3835,15:57:55,$ 3434.86,100
3836,15:57:54,$ 3434.83,100
