,NLS Time (ET),NLS Price,NLS Share Volume
1,09:59:59,$ 3332.52,"1,250"
2,09:59:52,$ 3332.67,100
3,09:59:44,$ 3333.525,100
4,09:59:44,$ 3333.525,100
5,09:59:44,$ 3333.525,100
6,09:59:38,$ 3334.60,500
7,09:59:38,$ 3334.6099,100
8,09:59:38,$ 3334.61,100
9,09:59:34,$ 3333.78,100
10,09:59:34,$ 3333.52,100
11,09:59:33,$ 3334.57,100
12,09:59:29,$ 3334.57,100
13,09:59:29,$ 3334.57,100
14,09:59:29,$ 3333.98,100
15,09:59:25,$ 3334.40,500
16,09:59:25,$ 3331.87,200
17,09:59:24,$ 3332.08,130
18,09:59:24,$ 3332.26,100
19,09:59:24,$ 3333.10,369
20,09:59:24,$ 3333.095,100
22,09:59:24,$ 3334.95,100
23,09:59:24,$ 3335.21,100
24,09:59:23,$ 3335.68,126
25,09:59:20,$ 3335.60,100
26,09:59:11,$ 3336.13,225
27,09:59:09,$ 3336.00,100
28,09:59:07,$ 3335.67,100
29,09:59:07,$ 3335.70,100
30,09:59:06,$ 3335.70,100
31,09:59:01,$ 3336.125,100
32,09:58:58,$ 3336.13,100
33,09:58:57,$ 3335.4595,150
34,09:58:50,$ 3337.96,100
35,09:58:49,$ 3338.3981,500
36,09:58:45,$ 3337.3189,200
37,09:58:43,$ 3337.735,100
38,09:58:43,$ 3337.675,100
39,09:58:43,$ 3338.58,100
40,09:58:43,$ 3338.77,100
41,09:58:43,$ 3337.77,101
43,09:58:43,$ 3338.00,100
44,09:58:41,$ 3337.77,100
45,09:58:41,$ 3337.00,100
46,09:58:40,$ 3336.31,100
47,09:58:40,$ 3336.27,100
48,09:58:40,$ 3336.19,100
49,09:58:40,$ 3336.50,230
50,09:58:40,$ 3336.50,200
51,09:58:40,$ 3336.00,100
52,09:58:38,$ 3335.7832,200
53,09:58:34,$ 3335.60,100
54,09:58:31,$ 3335.915,100
55,09:58:24,$ 3334.7128,600
56,09:58:15,$ 3334.15,100
57,09:58:12,$ 3333.405,100
58,09:58:09,$ 3333.75,100
59,09:58:09,$ 3334.266,100
60,09:58:09,$ 3334.57,100
61,09:58:02,$ 3334.375,141
62,09:58:02,$ 3334.37,100
64,09:58:00,$ 3334.99,100
65,09:58:00,$ 3335.98,100
66,09:58:00,$ 3334.96,100
67,09:58:00,$ 3334.97,100
68,09:58:00,$ 3334.50,100
69,09:58:00,$ 3334.46,100
70,09:58:00,$ 3333.95,100
71,09:58:00,$ 3334.205,100
72,09:58:00,$ 3333.70,100
73,09:58:00,$ 3334.07,100
74,09:58:00,$ 3334.0125,100
75,09:58:00,$ 3334.33,100
76,09:57:51,$ 3333.535,100
77,09:57:32,$ 3333.365,337
78,09:57:32,$ 3333.42,100
79,09:57:22,$ 3334.36,100
80,09:57:21,$ 3334.00,115
81,09:57:21,$ 3334.00,100
82,09:57:21,$ 3334.00,100
83,09:57:17,$ 3334.88,161
85,09:57:13,$ 3334.00,100
86,09:57:08,$ 3334.00,139
87,09:57:01,$ 3334.00,100
88,09:57:01,$ 3333.46,100
89,09:57:01,$ 3333.79,100
90,09:57:01,$ 3334.00,100
91,09:56:57,$ 3332.645,100
92,09:56:40,$ 3332.71,100
93,09:56:34,$ 3331.7102,300
94,09:56:33,$ 3332.08,100
95,09:56:08,$ 3335.00,100
96,09:56:08,$ 3334.54,100
97,09:56:07,$ 3334.989,116
98,09:56:07,$ 3334.56,100
99,09:56:07,$ 3334.059,199
100,09:56:05,$ 3333.38,100
101,09:55:52,$ 3333.0211,100
102,09:55:51,$ 3333.135,129
103,09:55:36,$ 3331.32,217
104,09:55:36,$ 3331.14,100
106,09:55:36,$ 3330.87,100
107,09:55:25,$ 3330.90,100
108,09:55:25,$ 3330.94,100
109,09:55:25,$ 3330.95,100
110,09:55:20,$ 3332.75,100
111,09:55:20,$ 3333.33,100
112,09:55:19,$ 3333.51,100
113,09:55:17,$ 3333.78,100
114,09:55:17,$ 3333.74,100
115,09:55:17,$ 3333.73,100
116,09:55:17,$ 3333.74,100
117,09:55:17,$ 3333.74,100
118,09:55:17,$ 3334.86,100
119,09:55:11,$ 3334.59,100
120,09:55:11,$ 3333.01,100
121,09:55:11,$ 3334.01,100
122,09:55:11,$ 3334.37,100
123,09:55:11,$ 3334.32,100
124,09:55:11,$ 3334.25,100
125,09:55:06,$ 3334.23,300
127,09:55:05,$ 3334.95,100
128,09:55:03,$ 3336.20,100
129,09:55:00,$ 3335.95,100
130,09:55:00,$ 3336.00,100
131,09:55:00,$ 3335.95,100
132,09:54:59,$ 3335.965,100
133,09:54:57,$ 3335.06,100
134,09:54:57,$ 3335.06,100
135,09:54:49,$ 3335.72,100
136,09:54:49,$ 3335.72,100
137,09:54:49,$ 3335.72,100
138,09:54:43,$ 3336.38,100
139,09:54:43,$ 3336.905,100
140,09:54:41,$ 3335.72,100
141,09:54:37,$ 3336.545,100
142,09:54:33,$ 3336.96,100
143,09:54:33,$ 3336.50,100
144,09:54:33,$ 3336.495,100
145,09:54:32,$ 3335.5592,200
146,09:54:29,$ 3335.2682,100
148,09:54:28,$ 3335.35,500
149,09:54:27,$ 3335.14,100
150,09:54:27,$ 3334.96,100
151,09:54:27,$ 3334.50,100
152,09:54:26,$ 3335.00,100
153,09:54:26,$ 3335.00,100
154,09:54:26,$ 3334.66,100
155,09:54:25,$ 3334.50,100
156,09:54:21,$ 3334.00,100
157,09:54:21,$ 3333.64,100
158,09:54:21,$ 3333.82,100
159,09:54:21,$ 3333.99,100
160,09:54:20,$ 3333.64,375
161,09:54:14,$ 3333.33,102
162,09:54:14,$ 3333.34,181
163,09:54:13,$ 3332.67,100
164,09:54:09,$ 3332.795,100
165,09:53:58,$ 3332.09,100
166,09:53:55,$ 3331.60,600
167,09:53:55,$ 3331.89,100
169,09:53:53,$ 3330.00,"1,067"
170,09:53:52,$ 3331.5993,100
171,09:53:52,$ 3329.88,175
172,09:53:52,$ 3329.88,100
173,09:53:52,$ 3330.09,100
174,09:53:46,$ 3330.71,100
175,09:53:46,$ 3330.965,100
176,09:53:41,$ 3330.05,100
177,09:53:40,$ 3329.92,100
178,09:53:37,$ 3329.61,100
179,09:53:35,$ 3329.91,100
180,09:53:35,$ 3329.1945,100
181,09:53:31,$ 3328.19,100
182,09:53:27,$ 3328.08,100
183,09:53:25,$ 3328.92,100
184,09:53:22,$ 3327.345,100
185,09:53:21,$ 3328.56,100
186,09:53:18,$ 3328.71,100
187,09:53:16,$ 3327.945,100
188,09:53:15,$ 3327.305,100
190,09:53:13,$ 3327.95,100
191,09:53:11,$ 3328.059,100
192,09:53:08,$ 3327.195,100
193,09:53:08,$ 3327.195,100
194,09:53:07,$ 3328.42,100
195,09:53:03,$ 3327.50,100
196,09:53:03,$ 3327.83,100
197,09:53:03,$ 3327.11,100
198,09:53:02,$ 3326.36,100
199,09:53:00,$ 3326.70,102
200,09:53:00,$ 3325.392,100
201,09:53:00,$ 3325.365,100
202,09:52:59,$ 3325.802,100
203,09:52:56,$ 3326.25,100
204,09:52:56,$ 3326.25,100
205,09:52:56,$ 3325.84,100
206,09:52:56,$ 3326.25,100
207,09:52:56,$ 3326.26,100
208,09:52:56,$ 3326.12,100
209,09:52:56,$ 3326.00,100
211,09:52:52,$ 3326.865,100
212,09:52:50,$ 3326.49,100
213,09:52:50,$ 3325.33,100
214,09:52:49,$ 3325.3325,120
215,09:52:49,$ 3325.91,100
216,09:52:49,$ 3325.98,100
217,09:52:49,$ 3326.91,100
218,09:52:49,$ 3326.98,100
219,09:52:47,$ 3325.26,100
220,09:52:40,$ 3325.7498,100
221,09:52:38,$ 3325.425,120
222,09:52:38,$ 3325.00,100
223,09:52:38,$ 3324.50,100
224,09:52:37,$ 3325.34,132
225,09:52:37,$ 3325.50,100
226,09:52:36,$ 3325.53,100
227,09:52:35,$ 3326.58,179
228,09:52:35,$ 3325.58,179
229,09:52:35,$ 3326.59,100
230,09:52:35,$ 3325.59,100
232,09:52:35,$ 3326.00,100
233,09:52:35,$ 3326.00,200
234,09:52:34,$ 3326.73,100
235,09:52:31,$ 3327.875,100
236,09:52:20,$ 3327.52,100
237,09:52:20,$ 3327.52,100
238,09:52:11,$ 3328.425,100
239,09:52:08,$ 3328.52,100
240,09:52:07,$ 3328.53,100
241,09:52:06,$ 3328.53,100
242,09:52:04,$ 3328.53,100
243,09:52:03,$ 3328.52,100
244,09:52:02,$ 3328.115,100
245,09:52:00,$ 3328.495,100
246,09:52:00,$ 3327.80,100
247,09:51:47,$ 3327.49,100
248,09:51:46,$ 3327.465,100
249,09:51:44,$ 3327.26,100
250,09:51:44,$ 3326.98,100
251,09:51:35,$ 3327.79,100
253,09:51:33,$ 3327.125,200
254,09:51:30,$ 3326.71,100
255,09:51:30,$ 3326.84,655
256,09:51:29,$ 3328.42,125
257,09:51:28,$ 3326.84,538
258,09:51:28,$ 3326.84,114
259,09:51:28,$ 3326.84,150
260,09:51:22,$ 3327.5072,100
261,09:51:19,$ 3326.84,319
262,09:51:19,$ 3327.00,100
263,09:51:16,$ 3328.26,100
264,09:51:05,$ 3329.375,100
265,09:51:04,$ 3329.14,100
266,09:51:02,$ 3328.33,100
267,09:51:02,$ 3328.33,100
268,09:51:01,$ 3328.82,100
269,09:51:01,$ 3330.1528,145
270,09:50:57,$ 3328.34,100
271,09:50:54,$ 3327.92,100
272,09:50:53,$ 3327.92,100
274,09:50:53,$ 3327.92,100
275,09:50:53,$ 3327.79,100
276,09:50:43,$ 3327.64,123
277,09:50:43,$ 3327.04,100
278,09:50:43,$ 3327.10,100
279,09:50:43,$ 3327.7442,593
280,09:50:38,$ 3327.97,100
281,09:50:36,$ 3326.0005,100
282,09:50:36,$ 3326.06,100
283,09:50:34,$ 3326.98,100
284,09:50:28,$ 3327.45,110
285,09:50:21,$ 3326.505,100
286,09:50:21,$ 3326.505,100
287,09:50:21,$ 3326.595,100
288,09:50:20,$ 3327.45,100
289,09:50:20,$ 3327.45,100
290,09:50:19,$ 3326.485,100
291,09:50:18,$ 3327.45,100
292,09:50:17,$ 3327.3525,100
293,09:50:17,$ 3327.385,100
295,09:50:04,$ 3328.64,100
296,09:50:02,$ 3328.64,100
297,09:50:02,$ 3328.64,100
298,09:50:01,$ 3330.51,100
299,09:49:52,$ 3331.26,100
300,09:49:49,$ 3331.29,100
301,09:49:49,$ 3331.20,100
302,09:49:49,$ 3331.16,100
303,09:49:48,$ 3333.84,100
304,09:49:48,$ 3333.51,100
305,09:49:48,$ 3333.905,100
306,09:49:45,$ 3332.00,100
307,09:49:45,$ 3330.94,105
308,09:49:42,$ 3332.575,100
309,09:49:39,$ 3334.53,100
310,09:49:39,$ 3334.72,300
311,09:49:39,$ 3333.32,210
312,09:49:32,$ 3329.73,100
313,09:49:26,$ 3329.36,210
314,09:49:26,$ 3329.00,165
316,09:49:25,$ 3327.44,100
317,09:49:24,$ 3329.00,200
318,09:49:20,$ 3325.5201,100
319,09:49:19,$ 3328.48,100
320,09:49:19,$ 3328.50,115
321,09:49:16,$ 3327.29,150
322,09:49:12,$ 3326.03,277
323,09:49:11,$ 3326.03,100
324,09:49:09,$ 3326.2537,100
325,09:49:08,$ 3326.01,100
326,09:49:06,$ 3326.025,100
327,09:49:06,$ 3327.05,100
328,09:49:05,$ 3326.135,240
329,09:49:03,$ 3327.25,100
330,09:48:58,$ 3326.52,100
331,09:48:58,$ 3327.00,150
332,09:48:58,$ 3327.00,264
333,09:48:58,$ 3327.59,250
334,09:48:58,$ 3327.59,190
335,09:48:58,$ 3327.59,100
337,09:48:58,$ 3327.59,112
338,09:48:58,$ 3328.00,250
339,09:48:58,$ 3330.75,100
340,09:48:55,$ 3328.245,100
341,09:48:55,$ 3328.145,100
342,09:48:55,$ 3330.0527,243
343,09:48:55,$ 3328.25,243
344,09:48:50,$ 3329.02,150
345,09:48:50,$ 3329.02,100
346,09:48:49,$ 3329.68,125
347,09:48:49,$ 3329.68,134
348,09:48:49,$ 3329.68,134
349,09:48:49,$ 3329.68,123
350,09:48:49,$ 3329.68,134
351,09:48:49,$ 3329.68,134
352,09:48:49,$ 3329.68,134
353,09:48:43,$ 3329.01,100
354,09:48:41,$ 3329.00,200
355,09:48:40,$ 3328.66,127
356,09:48:39,$ 3328.6601,100
358,09:48:36,$ 3330.5001,100
359,09:48:36,$ 3330.50,100
360,09:48:33,$ 3331.395,100
361,09:48:33,$ 3331.01,100
362,09:48:32,$ 3331.41,300
363,09:48:32,$ 3331.30,100
364,09:48:32,$ 3331.30,100
365,09:48:32,$ 3331.05,100
366,09:48:32,$ 3331.41,300
367,09:48:31,$ 3332.00,123
368,09:48:31,$ 3331.05,100
369,09:48:31,$ 3331.05,100
370,09:48:31,$ 3331.33,300
371,09:48:31,$ 3331.04,100
372,09:48:31,$ 3331.04,100
373,09:48:31,$ 3331.32,100
374,09:48:31,$ 3331.54,100
375,09:48:31,$ 3331.805,100
376,09:48:28,$ 3331.54,134
377,09:48:25,$ 3331.93,200
379,09:48:19,$ 3332.288,100
380,09:48:19,$ 3331.025,100
381,09:48:18,$ 3333.33,"1,250"
382,09:48:17,$ 3333.43,114
383,09:48:15,$ 3329.89,100
384,09:48:12,$ 3328.815,100
385,09:48:08,$ 3329.00,100
386,09:48:08,$ 3329.53,100
387,09:48:08,$ 3329.247,100
388,09:48:08,$ 3329.647,100
389,09:48:08,$ 3329.74,100
390,09:48:08,$ 3329.34,100
391,09:48:08,$ 3329.995,100
392,09:48:08,$ 3329.995,100
393,09:48:08,$ 3329.995,100
394,09:48:07,$ 3330.035,200
395,09:48:07,$ 3330.00,100
396,09:48:07,$ 3330.00,100
397,09:48:07,$ 3330.00,100
398,09:48:07,$ 3330.00,"2,015"
400,09:48:07,$ 3330.00,117
401,09:48:07,$ 3330.1801,100
402,09:48:07,$ 3330.1801,100
403,09:48:07,$ 3330.1801,100
404,09:48:06,$ 3331.065,100
405,09:48:01,$ 3331.51,200
406,09:48:00,$ 3332.00,120
407,09:48:00,$ 3332.00,100
408,09:47:58,$ 3330.59,100
409,09:47:58,$ 3330.59,100
410,09:47:58,$ 3331.00,100
411,09:47:56,$ 3331.47,300
412,09:47:55,$ 3331.69,100
413,09:47:53,$ 3332.01,177
414,09:47:53,$ 3331.99,100
415,09:47:53,$ 3331.99,100
416,09:47:49,$ 3332.795,"1,250"
417,09:47:46,$ 3334.05,100
418,09:47:37,$ 3334.05,100
419,09:47:34,$ 3334.0499,100
421,09:47:30,$ 3332.095,500
422,09:47:26,$ 3331.50,100
423,09:47:25,$ 3332.875,250
424,09:47:25,$ 3332.011,200
425,09:47:25,$ 3332.3101,100
426,09:47:25,$ 3332.31,100
427,09:47:25,$ 3333.00,100
428,09:47:24,$ 3334.3299,100
429,09:47:22,$ 3333.01,100
430,09:47:22,$ 3333.45,100
431,09:47:21,$ 3334.18,100
432,09:47:16,$ 3334.00,100
433,09:47:14,$ 3336.06,100
434,09:47:11,$ 3334.70,100
435,09:47:07,$ 3336.06,100
436,09:47:02,$ 3334.39,100
437,09:47:01,$ 3333.18,100
438,09:46:58,$ 3334.67,350
439,09:46:58,$ 3334.40,100
440,09:46:58,$ 3334.00,100
442,09:46:58,$ 3336.74,100
443,09:46:57,$ 3336.05,"1,250"
444,09:46:55,$ 3337.00,100
445,09:46:55,$ 3337.01,100
446,09:46:53,$ 3337.68,100
447,09:46:48,$ 3338.00,130
448,09:46:48,$ 3338.00,100
449,09:46:47,$ 3337.43,122
450,09:46:47,$ 3337.58,100
451,09:46:36,$ 3337.005,100
452,09:46:36,$ 3336.98,100
453,09:46:33,$ 3336.50,135
454,09:46:32,$ 3336.683,299
455,09:46:30,$ 3338.28,100
456,09:46:30,$ 3338.07,100
457,09:46:30,$ 3338.045,100
458,09:46:30,$ 3337.87,100
459,09:46:24,$ 3335.06,100
460,09:46:21,$ 3336.445,100
461,09:46:21,$ 3337.34,100
463,09:46:21,$ 3337.15,100
464,09:46:21,$ 3337.15,100
465,09:46:20,$ 3338.91,100
466,09:46:20,$ 3337.625,100
467,09:46:20,$ 3337.9999,100
468,09:46:20,$ 3336.26,100
469,09:46:19,$ 3336.27,100
470,09:46:19,$ 3336.90,650
471,09:46:19,$ 3337.989,115
472,09:46:19,$ 3337.2099,100
473,09:46:19,$ 3337.2099,100
474,09:46:19,$ 3337.21,100
475,09:46:19,$ 3337.21,100
476,09:46:19,$ 3335.06,100
477,09:46:19,$ 3336.93,100
478,09:46:15,$ 3336.00,100
479,09:46:12,$ 3336.5297,100
480,09:46:10,$ 3335.80,"1,250"
481,09:46:10,$ 3336.9999,100
482,09:46:10,$ 3335.995,100
484,09:46:10,$ 3335.4864,"1,250"
485,09:46:06,$ 3336.005,100
486,09:46:05,$ 3336.0017,150
487,09:46:02,$ 3334.9619,100
488,09:46:00,$ 3335.795,123
489,09:45:59,$ 3335.795,100
490,09:45:59,$ 3336.88,100
491,09:45:56,$ 3335.78,100
492,09:45:51,$ 3336.71,100
493,09:45:50,$ 3334.20,100
494,09:45:40,$ 3334.00,400
495,09:45:40,$ 3334.00,200
496,09:45:40,$ 3332.89,100
497,09:45:40,$ 3332.8899,100
498,09:45:40,$ 3332.94,100
499,09:45:40,$ 3332.75,100
500,09:45:40,$ 3332.89,100
501,09:45:39,$ 3332.86,200
502,09:45:39,$ 3332.3827,943
503,09:45:39,$ 3332.3827,120
505,09:45:39,$ 3332.3827,187
506,09:45:36,$ 3332.6777,100
507,09:45:24,$ 3331.315,100
508,09:45:23,$ 3330.545,100
509,09:45:19,$ 3330.55,100
510,09:45:15,$ 3330.11,100
511,09:45:15,$ 3330.06,100
512,09:45:15,$ 3329.2325,100
513,09:45:14,$ 3329.08,195
514,09:45:14,$ 3329.455,100
515,09:45:14,$ 3329.98,100
516,09:45:14,$ 3329.04,100
517,09:45:14,$ 3329.04,100
518,09:45:11,$ 3329.25,116
519,09:45:11,$ 3329.73,100
520,09:45:11,$ 3330.00,100
521,09:45:11,$ 3330.00,100
522,09:45:11,$ 3330.00,100
523,09:45:11,$ 3330.00,100
524,09:45:11,$ 3330.00,100
526,09:45:11,$ 3330.02,100
527,09:45:10,$ 3332.0499,100
528,09:45:08,$ 3331.00,100
529,09:45:08,$ 3332.045,100
530,09:45:08,$ 3331.10,100
531,09:45:08,$ 3331.10,100
532,09:44:47,$ 3334.50,100
533,09:44:43,$ 3331.52,100
534,09:44:36,$ 3331.8328,100
535,09:44:36,$ 3333.10,150
536,09:44:34,$ 3332.14,100
537,09:44:33,$ 3331.11,100
538,09:44:33,$ 3331.05,100
539,09:44:32,$ 3332.20,500
540,09:44:32,$ 3331.15,100
541,09:44:32,$ 3331.12,100
542,09:44:32,$ 3331.31,100
543,09:44:32,$ 3331.07,110
544,09:44:31,$ 3334.1499,100
545,09:44:30,$ 3333.62,200
547,09:44:30,$ 3332.86,100
548,09:44:29,$ 3333.46,172
549,09:44:29,$ 3333.46,114
550,09:44:24,$ 3334.405,500
551,09:44:24,$ 3334.405,111
552,09:44:22,$ 3333.43,100
553,09:44:20,$ 3333.23,100
554,09:44:20,$ 3333.38,100
555,09:44:15,$ 3331.0001,200
556,09:44:14,$ 3332.63,100
557,09:44:13,$ 3331.2713,300
558,09:44:02,$ 3331.85,100
559,09:43:55,$ 3333.41,107
560,09:43:49,$ 3332.379,729
561,09:43:43,$ 3334.135,100
562,09:43:43,$ 3333.27,100
563,09:43:43,$ 3333.27,100
564,09:43:42,$ 3334.00,100
565,09:43:40,$ 3334.8319,199
566,09:43:40,$ 3334.8319,270
568,09:43:30,$ 3335.00,100
569,09:43:26,$ 3333.91,100
570,09:43:21,$ 3332.22,100
571,09:43:19,$ 3332.0852,100
572,09:43:19,$ 3330.31,100
573,09:43:18,$ 3332.00,100
574,09:43:18,$ 3332.00,100
575,09:43:18,$ 3332.00,164
576,09:43:16,$ 3332.335,100
577,09:43:14,$ 3332.665,150
578,09:43:10,$ 3333.15,100
579,09:43:09,$ 3334.22,100
580,09:43:09,$ 3334.18,100
581,09:43:09,$ 3334.16,100
582,09:43:09,$ 3334.16,100
583,09:43:07,$ 3335.00,100
584,09:43:04,$ 3334.985,500
585,09:43:02,$ 3334.03,100
586,09:43:02,$ 3334.03,100
587,09:43:02,$ 3334.985,100
589,09:42:54,$ 3335.945,227
590,09:42:53,$ 3335.1314,301
591,09:42:52,$ 3336.5897,323
592,09:42:52,$ 3335.70,100
593,09:42:49,$ 3335.98,100
594,09:42:47,$ 3335.105,100
595,09:42:27,$ 3335.34,100
596,09:42:16,$ 3336.52,100
597,09:42:16,$ 3335.66,100
598,09:42:16,$ 3335.64,100
599,09:42:07,$ 3337.50,100
600,09:42:07,$ 3337.4735,200
601,09:42:04,$ 3336.755,"1,250"
602,09:42:02,$ 3336.94,100
603,09:41:55,$ 3336.35,100
604,09:41:50,$ 3337.36,100
605,09:41:49,$ 3338.40,100
606,09:41:47,$ 3337.3925,100
607,09:41:47,$ 3337.3925,100
608,09:41:46,$ 3338.72,100
610,09:41:42,$ 3338.2408,248
611,09:41:42,$ 3338.34,100
612,09:41:42,$ 3338.34,100
613,09:41:42,$ 3338.73,100
614,09:41:42,$ 3338.74,100
615,09:41:42,$ 3338.34,100
616,09:41:42,$ 3338.74,100
617,09:41:42,$ 3338.34,100
618,09:41:42,$ 3338.74,100
619,09:41:42,$ 3338.74,100
620,09:41:42,$ 3338.34,100
621,09:41:42,$ 3338.16,100
622,09:41:42,$ 3338.56,100
623,09:41:41,$ 3337.78,"1,250"
624,09:41:39,$ 3336.2947,754
625,09:41:39,$ 3335.6358,300
626,09:41:36,$ 3334.0612,256
627,09:41:34,$ 3334.43,105
628,09:41:34,$ 3334.4992,100
629,09:41:34,$ 3334.10,100
631,09:41:34,$ 3335.71,129
632,09:41:34,$ 3335.31,129
633,09:41:34,$ 3335.81,100
634,09:41:34,$ 3335.85,100
635,09:41:34,$ 3335.81,100
636,09:41:34,$ 3335.36,100
637,09:41:34,$ 3335.41,100
638,09:41:34,$ 3335.45,100
639,09:41:34,$ 3335.42,100
640,09:41:34,$ 3335.41,100
641,09:41:34,$ 3335.81,100
642,09:41:34,$ 3336.03,100
643,09:41:34,$ 3336.01,100
644,09:41:34,$ 3335.63,100
645,09:41:34,$ 3336.78,100
646,09:41:33,$ 3335.79,798
647,09:41:33,$ 3336.0942,100
648,09:41:33,$ 3335.92,100
649,09:41:28,$ 3335.3301,400
650,09:41:28,$ 3336.7993,225
652,09:41:27,$ 3335.99,100
653,09:41:25,$ 3335.225,120
654,09:41:19,$ 3335.7887,100
655,09:41:19,$ 3335.99,100
656,09:41:16,$ 3333.05,100
657,09:41:16,$ 3333.05,400
658,09:41:14,$ 3333.00,100
659,09:41:14,$ 3333.82,100
660,09:41:09,$ 3333.00,194
661,09:41:09,$ 3333.00,100
662,09:41:09,$ 3333.00,100
663,09:41:06,$ 3333.625,100
664,09:41:05,$ 3334.18,100
665,09:40:59,$ 3333.96,100
666,09:40:59,$ 3335.825,100
667,09:40:59,$ 3335.87,100
668,09:40:58,$ 3333.00,185
669,09:40:57,$ 3334.745,100
670,09:40:52,$ 3335.17,100
671,09:40:49,$ 3334.00,300
673,09:40:44,$ 3334.63,100
674,09:40:39,$ 3332.1099,100
675,09:40:38,$ 3330.36,100
676,09:40:38,$ 3330.31,100
677,09:40:38,$ 3330.31,100
678,09:40:38,$ 3330.55,100
679,09:40:38,$ 3330.30,100
680,09:40:34,$ 3330.00,100
681,09:40:34,$ 3330.00,100
682,09:40:31,$ 3332.73,500
683,09:40:31,$ 3333.28,100
684,09:40:27,$ 3330.05,218
685,09:40:26,$ 3330.00,123
686,09:40:26,$ 3330.00,125
687,09:40:26,$ 3330.00,380
688,09:40:26,$ 3330.00,184
689,09:40:26,$ 3330.00,100
690,09:40:26,$ 3330.00,100
691,09:40:26,$ 3330.00,125
692,09:40:26,$ 3330.00,125
694,09:40:26,$ 3330.00,107
695,09:40:26,$ 3330.00,125
696,09:40:26,$ 3330.11,100
697,09:40:26,$ 3330.00,100
698,09:40:26,$ 3330.00,152
699,09:40:24,$ 3330.83,100
700,09:40:23,$ 3330.9002,300
701,09:40:22,$ 3330.595,200
702,09:40:22,$ 3330.855,100
703,09:40:21,$ 3331.7801,100
704,09:40:21,$ 3332.255,350
705,09:40:21,$ 3332.255,100
706,09:40:20,$ 3331.69,100
707,09:40:20,$ 3332.14,100
708,09:40:20,$ 3332.14,100
709,09:40:20,$ 3332.73,"1,212"
710,09:40:18,$ 3332.52,100
711,09:40:18,$ 3332.21,100
712,09:40:18,$ 3332.21,100
713,09:40:18,$ 3332.14,100
715,09:40:16,$ 3332.98,100
716,09:40:14,$ 3332.14,100
717,09:40:14,$ 3331.7787,100
718,09:40:13,$ 3331.09,100
719,09:40:13,$ 3331.08,100
720,09:40:09,$ 3331.27,100
721,09:40:09,$ 3331.27,100
722,09:40:09,$ 3332.0286,100
723,09:40:08,$ 3331.27,100
724,09:40:08,$ 3331.84,100
725,09:40:08,$ 3331.84,100
726,09:40:05,$ 3332.868,110
727,09:40:05,$ 3333.03,120
728,09:40:04,$ 3333.00,100
729,09:40:03,$ 3333.21,100
730,09:40:02,$ 3334.00,200
731,09:39:58,$ 3335.00,100
732,09:39:58,$ 3335.00,500
733,09:39:58,$ 3335.00,100
734,09:39:57,$ 3336.14,500
736,09:39:53,$ 3336.56,100
737,09:39:47,$ 3336.1275,100
738,09:39:47,$ 3335.05,100
739,09:39:47,$ 3336.90,100
740,09:39:47,$ 3336.32,100
741,09:39:44,$ 3336.01,100
742,09:39:40,$ 3337.96,150
743,09:39:40,$ 3337.93,100
744,09:39:38,$ 3337.85,100
745,09:39:38,$ 3337.55,100
746,09:39:38,$ 3336.05,100
747,09:39:38,$ 3337.1097,244
748,09:39:34,$ 3337.345,100
749,09:39:34,$ 3337.345,100
750,09:39:33,$ 3336.05,100
751,09:39:33,$ 3337.00,100
752,09:39:33,$ 3337.56,100
753,09:39:33,$ 3337.17,100
754,09:39:33,$ 3337.42,100
755,09:39:33,$ 3338.005,100
757,09:39:31,$ 3338.04,100
758,09:39:27,$ 3337.2941,270
759,09:39:26,$ 3339.06,100
760,09:39:26,$ 3338.63,100
761,09:39:21,$ 3337.11,100
762,09:39:12,$ 3337.145,100
763,09:39:03,$ 3336.04,100
764,09:39:03,$ 3336.80,100
765,09:39:03,$ 3336.22,100
766,09:38:58,$ 3336.43,100
767,09:38:55,$ 3336.69,100
768,09:38:55,$ 3336.56,100
769,09:38:55,$ 3336.56,100
770,09:38:53,$ 3335.99,100
771,09:38:53,$ 3335.98,100
772,09:38:45,$ 3335.5675,100
773,09:38:45,$ 3335.45,100
774,09:38:45,$ 3335.29,100
775,09:38:43,$ 3336.56,100
776,09:38:42,$ 3336.55,100
778,09:38:39,$ 3335.43,101
779,09:38:37,$ 3334.91,100
780,09:38:37,$ 3334.97,100
781,09:38:33,$ 3335.00,100
782,09:38:30,$ 3334.6558,355
783,09:38:22,$ 3335.00,100
784,09:38:21,$ 3333.8149,210
785,09:38:21,$ 3335.00,100
786,09:38:15,$ 3333.58,"1,250"
787,09:38:12,$ 3334.4752,500
788,09:38:09,$ 3333.70,100
789,09:38:09,$ 3334.28,100
790,09:38:08,$ 3333.70,100
791,09:38:08,$ 3334.00,100
792,09:38:06,$ 3332.85,100
793,09:38:06,$ 3331.5762,244
794,09:38:06,$ 3332.94,100
795,09:38:06,$ 3332.93,100
796,09:38:05,$ 3332.88,100
797,09:38:05,$ 3330.825,200
799,09:38:05,$ 3332.765,100
800,09:38:05,$ 3331.50,100
801,09:38:03,$ 3331.06,100
802,09:38:01,$ 3331.3601,250
803,09:37:59,$ 3331.8275,100
804,09:37:59,$ 3331.16,100
805,09:37:55,$ 3332.045,200
806,09:37:54,$ 3332.0476,385
807,09:37:50,$ 3332.30,100
808,09:37:50,$ 3332.63,100
809,09:37:49,$ 3332.98,100
810,09:37:49,$ 3332.98,100
811,09:37:49,$ 3332.98,100
812,09:37:49,$ 3332.98,100
813,09:37:49,$ 3332.90,100
814,09:37:44,$ 3332.96,100
815,09:37:43,$ 3333.00,100
816,09:37:43,$ 3333.00,196
817,09:37:43,$ 3333.00,100
818,09:37:41,$ 3333.47,100
820,09:37:40,$ 3333.95,100
821,09:37:35,$ 3333.43,100
822,09:37:35,$ 3333.45,100
823,09:37:34,$ 3335.00,144
824,09:37:33,$ 3335.92,100
825,09:37:32,$ 3335.48,100
826,09:37:32,$ 3335.38,100
827,09:37:29,$ 3335.00,134
828,09:37:29,$ 3335.00,100
829,09:37:28,$ 3335.6875,100
830,09:37:28,$ 3335.18,100
831,09:37:15,$ 3334.265,100
832,09:37:13,$ 3333.8169,"1,250"
833,09:37:12,$ 3334.485,"1,250"
834,09:37:12,$ 3333.79,100
835,09:37:12,$ 3334.485,100
836,09:37:12,$ 3334.92,100
837,09:37:12,$ 3335.00,115
838,09:37:12,$ 3334.90,100
839,09:37:11,$ 3335.835,100
841,09:37:11,$ 3335.18,100
842,09:37:11,$ 3335.02,100
843,09:37:11,$ 3335.00,100
844,09:37:03,$ 3336.72,100
845,09:37:03,$ 3336.67,100
846,09:37:03,$ 3337.39,100
847,09:37:01,$ 3337.92,100
848,09:36:57,$ 3335.2762,300
849,09:36:49,$ 3335.7587,200
850,09:36:45,$ 3337.00,100
851,09:36:45,$ 3336.01,100
852,09:36:45,$ 3335.83,100
853,09:36:45,$ 3335.99,100
854,09:36:44,$ 3335.53,100
855,09:36:44,$ 3334.495,149
856,09:36:44,$ 3335.965,100
857,09:36:43,$ 3335.4504,"1,175"
858,09:36:42,$ 3334.60,100
859,09:36:42,$ 3334.90,100
860,09:36:41,$ 3334.915,150
862,09:36:41,$ 3334.0111,194
863,09:36:41,$ 3334.0111,253
864,09:36:41,$ 3334.065,113
865,09:36:39,$ 3334.14,100
866,09:36:39,$ 3333.85,100
867,09:36:39,$ 3333.84,100
868,09:36:39,$ 3333.83,100
869,09:36:39,$ 3334.95,100
870,09:36:37,$ 3334.85,100
871,09:36:35,$ 3336.00,100
872,09:36:35,$ 3336.00,100
873,09:36:35,$ 3335.64,104
874,09:36:33,$ 3334.4335,200
875,09:36:32,$ 3334.75,100
876,09:36:31,$ 3335.18,100
877,09:36:28,$ 3334.24,100
878,09:36:26,$ 3335.08,100
879,09:36:26,$ 3334.19,100
880,09:36:26,$ 3334.185,100
881,09:36:26,$ 3334.34,100
883,09:36:20,$ 3332.87,100
884,09:36:20,$ 3332.98,135
885,09:36:19,$ 3332.7904,300
886,09:36:19,$ 3332.35,100
887,09:36:18,$ 3332.04,100
888,09:36:18,$ 3332.01,100
889,09:36:18,$ 3332.73,100
890,09:36:18,$ 3333.01,100
891,09:36:18,$ 3333.00,182
892,09:36:18,$ 3333.00,100
893,09:36:18,$ 3333.00,200
894,09:36:18,$ 3333.00,100
895,09:36:18,$ 3333.00,100
896,09:36:18,$ 3333.00,100
897,09:36:18,$ 3333.00,218
898,09:36:17,$ 3333.11,150
899,09:36:17,$ 3333.55,100
900,09:36:17,$ 3333.55,100
901,09:36:17,$ 3333.561,194
902,09:36:14,$ 3334.125,100
904,09:36:09,$ 3333.55,100
905,09:36:09,$ 3334.16,100
906,09:36:08,$ 3334.16,100
907,09:36:08,$ 3334.16,200
908,09:36:06,$ 3334.39,100
909,09:36:06,$ 3334.39,100
910,09:36:06,$ 3334.03,100
911,09:36:06,$ 3334.03,100
912,09:36:06,$ 3334.83,102
913,09:36:06,$ 3334.83,276
914,09:36:05,$ 3334.04,100
915,09:36:05,$ 3334.75,100
916,09:36:05,$ 3334.85,100
917,09:36:05,$ 3334.67,100
918,09:36:04,$ 3335.42,100
919,09:36:02,$ 3336.00,100
920,09:36:02,$ 3337.60,100
921,09:36:01,$ 3337.1867,100
922,09:35:58,$ 3337.73,143
923,09:35:56,$ 3336.915,100
925,09:35:56,$ 3337.06,100
926,09:35:55,$ 3336.90,100
927,09:35:49,$ 3337.56,100
928,09:35:48,$ 3337.133,500
929,09:35:47,$ 3336.59,100
930,09:35:47,$ 3337.25,100
931,09:35:47,$ 3337.85,100
932,09:35:45,$ 3338.67,100
933,09:35:38,$ 3338.465,100
934,09:35:38,$ 3337.69,100
935,09:35:36,$ 3338.79,101
936,09:35:36,$ 3338.592,101
937,09:35:36,$ 3338.592,100
938,09:35:36,$ 3338.76,100
939,09:35:36,$ 3338.59,100
940,09:35:35,$ 3338.095,100
941,09:35:35,$ 3337.60,100
942,09:35:35,$ 3338.15,100
943,09:35:35,$ 3337.2782,225
944,09:35:35,$ 3337.17,100
946,09:35:34,$ 3336.7635,100
947,09:35:33,$ 3337.1706,200
948,09:35:32,$ 3337.43,100
949,09:35:31,$ 3337.875,200
950,09:35:27,$ 3337.935,100
951,09:35:25,$ 3338.00,200
952,09:35:25,$ 3338.825,100
953,09:35:25,$ 3339.015,100
954,09:35:24,$ 3338.90,100
955,09:35:24,$ 3339.015,100
956,09:35:23,$ 3340.00,100
957,09:35:23,$ 3340.00,100
958,09:35:23,$ 3340.00,100
959,09:35:23,$ 3340.00,100
960,09:35:21,$ 3340.02,500
961,09:35:20,$ 3340.445,100
962,09:35:17,$ 3341.5199,200
963,09:35:16,$ 3341.03,100
964,09:35:15,$ 3341.25,100
965,09:35:15,$ 3341.52,100
967,09:35:15,$ 3341.52,115
968,09:35:15,$ 3340.97,100
969,09:35:15,$ 3341.408,500
970,09:35:14,$ 3342.08,100
971,09:35:10,$ 3342.85,100
972,09:35:02,$ 3345.00,400
973,09:35:01,$ 3344.83,100
974,09:35:00,$ 3344.57,300
975,09:35:00,$ 3345.00,100
976,09:34:54,$ 3345.84,100
977,09:34:52,$ 3344.535,306
978,09:34:41,$ 3345.58,100
979,09:34:41,$ 3347.48,100
980,09:34:38,$ 3343.45,100
981,09:34:38,$ 3343.57,100
982,09:34:34,$ 3345.28,100
983,09:34:29,$ 3344.76,100
984,09:34:20,$ 3347.00,100
985,09:34:19,$ 3346.00,100
986,09:34:19,$ 3346.00,239
988,09:34:19,$ 3346.00,100
989,09:34:16,$ 3345.50,185
990,09:34:16,$ 3345.345,100
991,09:34:15,$ 3344.97,137
992,09:34:07,$ 3344.28,100
993,09:34:06,$ 3345.165,100
994,09:34:06,$ 3344.55,100
995,09:34:06,$ 3346.265,100
996,09:34:06,$ 3345.79,100
997,09:34:00,$ 3345.00,100
998,09:33:54,$ 3344.00,317
999,09:33:54,$ 3344.00,100
1000,09:33:54,$ 3344.00,100
1001,09:33:45,$ 3343.4652,245
1002,09:33:45,$ 3341.7058,200
1003,09:33:45,$ 3340.83,100
1004,09:33:44,$ 3340.83,108
1005,09:33:44,$ 3341.375,100
1006,09:33:42,$ 3341.83,103
1007,09:33:42,$ 3341.89,100
1009,09:33:41,$ 3342.71,100
1010,09:33:40,$ 3342.78,100
1011,09:33:37,$ 3344.9999,250
1012,09:33:34,$ 3344.25,100
1013,09:33:33,$ 3344.0332,119
1014,09:33:31,$ 3341.8301,200
1015,09:33:28,$ 3344.76,100
1016,09:33:22,$ 3347.47,100
1017,09:33:15,$ 3344.90,108
1018,09:33:09,$ 3344.5462,100
1019,09:33:02,$ 3347.94,100
1020,09:33:02,$ 3347.84,100
1021,09:33:00,$ 3347.632,100
1022,09:33:00,$ 3347.52,100
1023,09:33:00,$ 3347.30,100
1024,09:32:59,$ 3347.95,100
1025,09:32:59,$ 3347.35,100
1026,09:32:59,$ 3344.966,100
1027,09:32:59,$ 3344.95,100
1028,09:32:59,$ 3344.12,100
1030,09:32:59,$ 3345.00,776
1031,09:32:59,$ 3342.23,100
1032,09:32:59,$ 3342.57,100
1033,09:32:59,$ 3342.54,100
1034,09:32:59,$ 3342.50,100
1035,09:32:59,$ 3342.90,100
1036,09:32:59,$ 3342.94,100
1037,09:32:57,$ 3343.783,103
1038,09:32:56,$ 3341.94,100
1039,09:32:56,$ 3340.0001,100
1040,09:32:55,$ 3341.05,100
1041,09:32:55,$ 3340.363,150
1042,09:32:54,$ 3340.42,100
1043,09:32:53,$ 3340.7841,400
1044,09:32:52,$ 3340.00,100
1045,09:32:52,$ 3340.00,100
1046,09:32:52,$ 3340.00,100
1047,09:32:52,$ 3340.01,100
1048,09:32:52,$ 3340.01,100
1049,09:32:51,$ 3340.00,100
1051,09:32:50,$ 3341.00,100
1052,09:32:49,$ 3340.01,100
1053,09:32:49,$ 3340.01,100
1054,09:32:49,$ 3340.06,100
1055,09:32:49,$ 3340.50,100
1056,09:32:49,$ 3341.63,100
1057,09:32:49,$ 3343.76,156
1058,09:32:48,$ 3344.87,100
1059,09:32:48,$ 3344.91,100
1060,09:32:48,$ 3344.95,100
1061,09:32:48,$ 3343.50,100
1062,09:32:48,$ 3343.00,100
1063,09:32:46,$ 3341.452,100
1064,09:32:43,$ 3340.01,100
1065,09:32:42,$ 3340.415,100
1066,09:32:42,$ 3340.08,155
1067,09:32:42,$ 3340.315,100
1068,09:32:42,$ 3340.255,100
1069,09:32:39,$ 3342.02,100
1070,09:32:39,$ 3343.995,"1,250"
1072,09:32:38,$ 3341.28,100
1073,09:32:38,$ 3341.00,100
1074,09:32:38,$ 3341.05,100
1075,09:32:38,$ 3340.01,260
1076,09:32:38,$ 3340.02,100
1077,09:32:38,$ 3340.29,100
1078,09:32:38,$ 3340.291,200
1079,09:32:38,$ 3341.02,100
1080,09:32:38,$ 3341.765,100
1081,09:32:38,$ 3341.765,100
1082,09:32:37,$ 3341.14,102
1083,09:32:37,$ 3342.46,100
1084,09:32:37,$ 3342.38,151
1085,09:32:37,$ 3342.38,152
1086,09:32:37,$ 3342.52,100
1087,09:32:37,$ 3342.51,198
1088,09:32:36,$ 3344.70,100
1089,09:32:36,$ 3345.49,100
1090,09:32:30,$ 3343.21,100
1091,09:32:27,$ 3345.77,100
1093,09:32:27,$ 3345.69,100
1094,09:32:27,$ 3345.45,100
1095,09:32:27,$ 3345.38,100
1096,09:32:27,$ 3345.77,100
1097,09:32:26,$ 3346.42,100
1098,09:32:26,$ 3344.00,400
1099,09:32:26,$ 3345.62,100
1100,09:32:26,$ 3345.44,100
1101,09:32:23,$ 3345.69,100
1102,09:32:23,$ 3343.02,100
1103,09:32:21,$ 3344.12,100
1104,09:32:21,$ 3342.50,300
1105,09:32:19,$ 3343.37,199
1106,09:32:18,$ 3344.05,100
1107,09:32:17,$ 3346.00,100
1108,09:32:13,$ 3346.0328,100
1109,09:32:12,$ 3345.89,100
1110,09:32:08,$ 3344.0001,100
1111,09:32:05,$ 3344.78,100
1112,09:32:03,$ 3345.00,403
1114,09:32:02,$ 3345.04,100
1115,09:32:02,$ 3345.99,100
1116,09:32:01,$ 3345.07,100
1117,09:32:01,$ 3345.10,100
1118,09:32:00,$ 3345.69,100
1119,09:31:58,$ 3344.28,100
1120,09:31:56,$ 3345.6528,750
1121,09:31:56,$ 3344.315,200
1122,09:31:56,$ 3344.305,100
1123,09:31:56,$ 3344.405,100
1124,09:31:53,$ 3346.6913,100
1125,09:31:51,$ 3345.62,100
1126,09:31:50,$ 3344.95,100
1127,09:31:50,$ 3344.965,500
1128,09:31:48,$ 3345.6885,100
1129,09:31:46,$ 3345.23,100
1130,09:31:46,$ 3345.04,100
1131,09:31:45,$ 3346.9999,100
1132,09:31:41,$ 3346.00,"1,000"
1133,09:31:33,$ 3343.00,100
1135,09:31:33,$ 3343.88,100
1136,09:31:32,$ 3345.0223,100
1137,09:31:31,$ 3344.75,255
1138,09:31:30,$ 3344.75,100
1139,09:31:25,$ 3344.73,100
1140,09:31:25,$ 3345.16,100
1141,09:31:25,$ 3345.185,100
1142,09:31:25,$ 3345.54,100
1143,09:31:23,$ 3346.124,100
1144,09:31:23,$ 3346.28,100
1145,09:31:23,$ 3347.00,100
1146,09:31:23,$ 3347.00,300
1147,09:31:23,$ 3347.58,100
1148,09:31:22,$ 3348.42,100
1149,09:31:21,$ 3348.42,100
1150,09:31:21,$ 3348.41,100
1151,09:31:21,$ 3350.00,100
1152,09:31:21,$ 3348.0001,100
1153,09:31:20,$ 3348.0617,300
1154,09:31:19,$ 3349.87,100
1156,09:31:19,$ 3350.00,100
1157,09:31:18,$ 3348.00,900
1158,09:31:18,$ 3348.00,100
1159,09:31:18,$ 3348.01,100
1160,09:31:16,$ 3347.00,100
1161,09:31:14,$ 3344.3993,265
1162,09:31:12,$ 3344.775,150
1163,09:31:11,$ 3345.52,100
1164,09:31:07,$ 3345.6625,131
1165,09:31:05,$ 3347.00,200
1166,09:31:04,$ 3346.50,100
1167,09:31:02,$ 3342.38,100
1168,09:31:00,$ 3344.00,100
1169,09:30:59,$ 3343.405,100
1170,09:30:59,$ 3346.54,100
1171,09:30:59,$ 3346.54,100
1172,09:30:59,$ 3346.06,100
1173,09:30:57,$ 3345.97,100
1174,09:30:56,$ 3343.9551,123
1175,09:30:55,$ 3344.54,100
1177,09:30:54,$ 3344.5399,600
1178,09:30:54,$ 3344.5399,"1,100"
1179,09:30:54,$ 3344.17,100
1180,09:30:54,$ 3344.40,100
1181,09:30:54,$ 3342.565,100
1182,09:30:54,$ 3344.00,100
1183,09:30:53,$ 3345.00,100
1184,09:30:53,$ 3342.43,145
1185,09:30:53,$ 3342.50,100
1186,09:30:53,$ 3342.56,100
1187,09:30:53,$ 3342.60,100
1188,09:30:51,$ 3344.02,100
1189,09:30:50,$ 3344.27,100
1190,09:30:48,$ 3345.97,100
1191,09:30:47,$ 3344.00,150
1192,09:30:47,$ 3344.80,130
1193,09:30:47,$ 3344.80,170
1194,09:30:47,$ 3344.81,170
1195,09:30:47,$ 3345.00,559
1196,09:30:47,$ 3345.00,100
1198,09:30:47,$ 3345.00,140
1199,09:30:47,$ 3345.00,142
1200,09:30:47,$ 3345.00,108
1201,09:30:47,$ 3345.00,100
1202,09:30:46,$ 3346.04,100
1203,09:30:46,$ 3348.0001,100
1204,09:30:45,$ 3349.00,100
1205,09:30:45,$ 3349.00,238
1206,09:30:45,$ 3350.00,106
1207,09:30:45,$ 3350.00,126
1208,09:30:45,$ 3350.00,100
1209,09:30:45,$ 3349.81,100
1210,09:30:45,$ 3350.00,100
1211,09:30:45,$ 3350.00,150
1212,09:30:45,$ 3350.00,112
1213,09:30:45,$ 3350.00,100
1214,09:30:45,$ 3350.01,100
1215,09:30:45,$ 3350.00,100
1216,09:30:45,$ 3350.00,143
1217,09:30:45,$ 3350.00,100
1219,09:30:45,$ 3350.00,125
1220,09:30:45,$ 3350.00,100
1221,09:30:44,$ 3350.8161,100
1222,09:30:43,$ 3351.00,274
1223,09:30:43,$ 3352.28,100
1224,09:30:40,$ 3352.67,100
1225,09:30:38,$ 3351.95,100
1226,09:30:38,$ 3351.9501,"1,000"
1227,09:30:37,$ 3357.00,100
1228,09:30:37,$ 3354.34,104
1229,09:30:36,$ 3354.99,100
1230,09:30:36,$ 3352.22,100
1231,09:30:35,$ 3352.51,100
1232,09:30:35,$ 3352.51,100
1233,09:30:35,$ 3354.33,100
1234,09:30:35,$ 3354.21,100
1235,09:30:35,$ 3353.49,100
1236,09:30:34,$ 3355.00,689
1237,09:30:34,$ 3355.01,100
1238,09:30:33,$ 3355.48,100
1240,09:30:32,$ 3356.22,100
1241,09:30:32,$ 3356.32,100
1242,09:30:32,$ 3354.33,100
1243,09:30:32,$ 3352.32,100
1244,09:30:32,$ 3358.44,140
1245,09:30:28,$ 3354.34,105
1246,09:30:26,$ 3355.00,100
1247,09:30:26,$ 3355.16,100
1248,09:30:24,$ 3355.84,100
1249,09:30:24,$ 3356.00,266
1250,09:30:23,$ 3355.59,116
1251,09:30:23,$ 3356.37,100
1252,09:30:23,$ 3357.08,100
1253,09:30:23,$ 3357.08,100
1254,09:30:23,$ 3358.395,100
1255,09:30:23,$ 3358.395,100
1256,09:30:22,$ 3358.395,100
1257,09:30:21,$ 3356.95,100
1258,09:30:16,$ 3355.345,100
1259,09:30:16,$ 3354.665,100
1261,09:30:16,$ 3355.48,100
1262,09:30:16,$ 3355.455,100
1263,09:30:16,$ 3355.255,100
1264,09:30:16,$ 3355.325,100
1265,09:30:16,$ 3354.64,100
1266,09:30:16,$ 3355.43,100
1267,09:30:16,$ 3357.32,100
1268,09:30:16,$ 3357.32,100
1269,09:30:15,$ 3357.33,100
1270,09:30:14,$ 3356.96,100
1271,09:30:11,$ 3357.83,100
1272,09:30:11,$ 3358.92,100
1273,09:30:11,$ 3357.81,100
1274,09:30:11,$ 3357.82,100
1275,09:30:11,$ 3358.00,100
1276,09:30:11,$ 3357.92,100
1277,09:30:11,$ 3357.53,520
1278,09:30:11,$ 3357.25,100
1279,09:30:11,$ 3357.25,100
1280,09:30:11,$ 3356.96,134
1282,09:30:11,$ 3356.94,100
1283,09:30:11,$ 3356.745,100
1284,09:30:11,$ 3356.91,100
1285,09:30:11,$ 3354.67,100
1286,09:30:10,$ 3355.80,400
1287,09:30:10,$ 3355.80,100
1288,09:30:09,$ 3355.80,100
1289,09:30:09,$ 3355.80,100
1290,09:30:08,$ 3355.80,100
1291,09:30:07,$ 3355.14,100
1292,09:30:06,$ 3356.025,100
1293,09:30:05,$ 3356.96,100
1294,09:30:05,$ 3356.38,100
1295,09:30:05,$ 3355.00,100
1296,09:30:05,$ 3355.00,300
1297,09:30:05,$ 3356.73,100
1298,09:30:05,$ 3354.99,127
1299,09:30:05,$ 3354.99,100
1300,09:30:05,$ 3354.58,127
1301,09:30:05,$ 3354.53,100
1303,09:30:03,$ 3356.96,100
1304,09:30:03,$ 3355.00,141
1305,09:30:02,$ 3355.44,100
1306,09:30:02,$ 3355.45,150
1307,09:30:02,$ 3353.10,3
1308,09:30:02,$ 3353.10,3
1309,09:30:02,$ 3353.10,2
1310,09:30:02,$ 3353.10,4
1311,09:30:02,$ 3353.10,2
1312,09:30:02,$ 3353.10,1
1313,09:30:02,$ 3353.10,2
1314,09:30:02,$ 3353.10,3
1315,09:30:02,$ 3353.10,2
1316,09:30:02,$ 3353.10,2
1317,09:30:02,$ 3353.10,1
1318,09:30:02,$ 3353.10,3
1319,09:30:02,$ 3353.10,1
1320,09:30:02,$ 3353.10,3
1321,09:30:02,$ 3353.10,2
1322,09:30:02,$ 3353.10,3
1324,09:30:02,$ 3353.10,2
1325,09:30:02,$ 3353.10,2
1326,09:30:02,$ 3353.10,3
1327,09:30:02,$ 3353.10,3
1328,09:30:02,$ 3353.10,1
1329,09:30:02,$ 3353.10,1
1330,09:30:02,$ 3353.10,2
1331,09:30:02,$ 3353.10,1
1332,09:30:02,$ 3353.10,4
1333,09:30:02,$ 3353.10,30
1334,09:30:02,$ 3353.10,50
1335,09:30:02,$ 3353.10,4
1336,09:30:02,$ 3353.10,2
1337,09:30:02,$ 3353.10,3
1338,09:30:02,$ 3353.10,2
1339,09:30:02,$ 3353.10,2
1340,09:30:02,$ 3353.10,2
1341,09:30:02,$ 3353.10,3
1342,09:30:02,$ 3353.10,2
1343,09:30:02,$ 3353.10,2
1345,09:30:02,$ 3353.10,3
1346,09:30:02,$ 3353.10,10
1347,09:30:02,$ 3353.10,1
1348,09:30:02,$ 3353.10,3
1349,09:30:02,$ 3353.10,2
1350,09:30:02,$ 3353.10,2
1351,09:30:02,$ 3353.10,3
1352,09:30:02,$ 3353.10,1
1353,09:30:02,$ 3353.10,2
1354,09:30:02,$ 3353.10,3
1355,09:30:02,$ 3353.10,2
1356,09:30:02,$ 3353.10,4
1357,09:30:02,$ 3353.10,5
1358,09:30:02,$ 3353.10,1
1359,09:30:02,$ 3353.10,3
1360,09:30:02,$ 3353.10,1
1361,09:30:02,$ 3353.10,3
1362,09:30:02,$ 3353.10,3
1363,09:30:02,$ 3353.10,3
1364,09:30:02,$ 3353.10,2
1366,09:30:02,$ 3353.10,2
1367,09:30:02,$ 3353.10,3
1368,09:30:02,$ 3353.10,3
1369,09:30:02,$ 3353.10,3
1370,09:30:02,$ 3353.10,2
1371,09:30:02,$ 3353.10,7
1372,09:30:02,$ 3353.10,1
1373,09:30:02,$ 3353.10,1
1374,09:30:02,$ 3353.10,3
1375,09:30:02,$ 3353.10,2
1376,09:30:02,$ 3353.10,1
1377,09:30:02,$ 3353.10,2
1378,09:30:02,$ 3353.10,7
1379,09:30:02,$ 3353.10,5
1380,09:30:02,$ 3353.10,2
1381,09:30:02,$ 3353.10,3
1382,09:30:02,$ 3353.10,10
1383,09:30:02,$ 3353.10,10
1384,09:30:02,$ 3353.10,2
1385,09:30:02,$ 3353.10,9
1387,09:30:02,$ 3353.10,9
1388,09:30:02,$ 3353.10,10
1389,09:30:02,$ 3353.10,17
1390,09:30:02,$ 3353.10,5
1391,09:30:02,$ 3353.10,2
1392,09:30:02,$ 3353.10,100
1393,09:30:02,$ 3353.10,2
1394,09:30:02,$ 3353.10,22
1395,09:30:02,$ 3353.10,30
1396,09:30:02,$ 3353.10,1
1397,09:30:02,$ 3353.10,12
1398,09:30:02,$ 3353.10,15
1399,09:30:02,$ 3353.10,"2,000"
1400,09:30:02,$ 3353.10,15
1401,09:30:02,$ 3353.10,15
1402,09:30:02,$ 3353.10,20
1403,09:30:02,$ 3353.10,40
1404,09:30:02,$ 3353.10,25
1405,09:30:02,$ 3353.10,30
1406,09:30:02,$ 3353.10,30
1408,09:30:02,$ 3353.10,1
1409,09:30:02,$ 3353.10,2
1410,09:30:02,$ 3353.10,10
1411,09:30:02,$ 3353.10,14
1412,09:30:02,$ 3353.10,2
1413,09:30:02,$ 3353.10,15
1414,09:30:02,$ 3353.10,12
1415,09:30:02,$ 3353.10,1
1416,09:30:02,$ 3353.10,1
1417,09:30:02,$ 3353.10,4
1418,09:30:02,$ 3353.10,5
1419,09:30:02,$ 3353.10,60
1420,09:30:02,$ 3353.10,7
1421,09:30:02,$ 3353.10,2
1422,09:30:02,$ 3353.10,1
1423,09:30:02,$ 3353.10,3
1424,09:30:02,$ 3353.10,2
1425,09:30:02,$ 3353.10,4
1426,09:30:02,$ 3353.10,3
1427,09:30:02,$ 3353.10,10
1429,09:30:02,$ 3353.10,10
1430,09:30:02,$ 3353.10,3
1431,09:30:02,$ 3353.10,3
1432,09:30:02,$ 3353.10,1
1433,09:30:02,$ 3353.10,1
1434,09:30:02,$ 3353.10,1
1435,09:30:02,$ 3353.10,2
1436,09:30:02,$ 3353.10,1
1437,09:30:02,$ 3353.10,7
1438,09:30:02,$ 3353.10,15
1439,09:30:02,$ 3353.10,30
1440,09:30:02,$ 3353.10,15
1441,09:30:02,$ 3353.10,20
1442,09:30:02,$ 3353.10,4
1443,09:30:02,$ 3353.10,15
1444,09:30:02,$ 3353.10,6
1445,09:30:02,$ 3353.10,15
1446,09:30:02,$ 3353.10,10
1447,09:30:02,$ 3353.10,120
1448,09:30:02,$ 3353.10,15
1450,09:30:02,$ 3353.10,10
1451,09:30:02,$ 3353.10,4
1452,09:30:02,$ 3353.10,16
1453,09:30:02,$ 3353.10,4
1454,09:30:02,$ 3353.10,11
1455,09:30:02,$ 3353.10,1
1456,09:30:02,$ 3353.10,20
1457,09:30:02,$ 3353.10,20
1458,09:30:02,$ 3353.10,20
1459,09:30:02,$ 3353.10,10
1460,09:30:02,$ 3353.10,5
1461,09:30:02,$ 3353.10,30
1462,09:30:02,$ 3353.10,1
1463,09:30:02,$ 3353.10,1
1464,09:30:02,$ 3353.10,20
1465,09:30:02,$ 3353.10,30
1466,09:30:02,$ 3353.10,1
1467,09:30:02,$ 3353.10,4
1468,09:30:02,$ 3353.10,4
1469,09:30:02,$ 3353.10,45
1471,09:30:02,$ 3353.10,1
1472,09:30:02,$ 3353.10,1
1473,09:30:02,$ 3353.10,3
1474,09:30:02,$ 3353.10,30
1475,09:30:02,$ 3353.10,2
1476,09:30:02,$ 3353.10,1
1477,09:30:02,$ 3353.10,15
1478,09:30:02,$ 3353.10,6
1479,09:30:02,$ 3353.10,2
1480,09:30:02,$ 3353.10,1
1481,09:30:02,$ 3353.10,36
1482,09:30:02,$ 3353.10,1
1483,09:30:02,$ 3353.10,50
1484,09:30:02,$ 3353.10,15
1485,09:30:02,$ 3353.10,3
1486,09:30:02,$ 3353.10,4
1487,09:30:02,$ 3353.10,1
1488,09:30:02,$ 3353.10,1
1489,09:30:02,$ 3353.10,1
1490,09:30:02,$ 3353.10,20
1492,09:30:02,$ 3353.10,27
1493,09:30:02,$ 3353.10,1
1494,09:30:02,$ 3353.10,1
1495,09:30:02,$ 3353.10,6
1496,09:30:02,$ 3353.10,100
1497,09:30:02,$ 3353.10,5
1498,09:30:02,$ 3353.10,15
1499,09:30:02,$ 3353.10,5
1500,09:30:02,$ 3353.10,2
1501,09:30:02,$ 3353.10,46
1502,09:30:02,$ 3353.10,30
1503,09:30:02,$ 3353.10,10
1504,09:30:02,$ 3353.10,20
1505,09:30:02,$ 3353.10,2
1506,09:30:02,$ 3353.10,100
1507,09:30:02,$ 3353.10,1
1508,09:30:02,$ 3353.10,2
1509,09:30:02,$ 3353.10,7
1510,09:30:02,$ 3353.10,300
1511,09:30:02,$ 3353.10,1
1513,09:30:02,$ 3353.10,1
1514,09:30:02,$ 3353.10,7
1515,09:30:02,$ 3353.10,22
1516,09:30:02,$ 3353.10,50
1517,09:30:02,$ 3353.10,30
1518,09:30:02,$ 3353.10,30
1519,09:30:02,$ 3353.10,5
1520,09:30:02,$ 3353.10,4
1521,09:30:02,$ 3353.10,9
1522,09:30:02,$ 3353.10,1
1523,09:30:02,$ 3353.10,3
1524,09:30:02,$ 3353.10,5
1525,09:30:02,$ 3353.10,1
1526,09:30:02,$ 3353.10,3
1527,09:30:02,$ 3353.10,1
1528,09:30:02,$ 3353.10,45
1529,09:30:02,$ 3353.10,2
1530,09:30:02,$ 3353.10,9
1531,09:30:02,$ 3353.10,3
1532,09:30:02,$ 3353.10,15
1534,09:30:02,$ 3353.10,15
1535,09:30:02,$ 3353.10,2
1536,09:30:02,$ 3353.10,81
1537,09:30:02,$ 3353.10,12
1538,09:30:02,$ 3353.10,10
1539,09:30:02,$ 3353.10,14
1540,09:30:02,$ 3353.10,9
1541,09:30:02,$ 3353.10,18
1542,09:30:02,$ 3353.10,1
1543,09:30:02,$ 3353.10,3
1544,09:30:02,$ 3353.10,5
1545,09:30:02,$ 3353.10,1
1546,09:30:02,$ 3353.10,1
1547,09:30:02,$ 3353.10,180
1548,09:30:02,$ 3353.10,8
1549,09:30:02,$ 3353.10,1
1550,09:30:02,$ 3353.10,700
1551,09:30:02,$ 3353.10,1
1552,09:30:02,$ 3353.10,1
1553,09:30:02,$ 3353.10,1
1555,09:30:02,$ 3353.10,15
1556,09:30:02,$ 3353.10,57
1557,09:30:02,$ 3353.10,4
1558,09:30:02,$ 3353.10,25
1559,09:30:02,$ 3353.10,4
1560,09:30:02,$ 3353.10,2
1561,09:30:02,$ 3353.10,20
1562,09:30:02,$ 3353.10,28
1563,09:30:02,$ 3353.10,1
1564,09:30:02,$ 3353.10,94
1565,09:30:02,$ 3353.10,44
1566,09:30:02,$ 3353.10,2
1567,09:30:02,$ 3353.10,8
1568,09:30:02,$ 3353.10,6
1569,09:30:02,$ 3353.10,1
1570,09:30:02,$ 3353.10,1
1571,09:30:02,$ 3353.10,60
1572,09:30:02,$ 3353.10,12
1573,09:30:02,$ 3353.10,3
1574,09:30:02,$ 3353.10,1
1576,09:30:02,$ 3353.10,1
1577,09:30:02,$ 3353.10,10
1578,09:30:02,$ 3353.10,2
1579,09:30:02,$ 3353.10,2
1580,09:30:02,$ 3353.10,3
1581,09:30:02,$ 3353.10,1
1582,09:30:02,$ 3353.10,1
1583,09:30:02,$ 3353.10,1
1584,09:30:02,$ 3353.10,1
1585,09:30:02,$ 3353.10,1
1586,09:30:02,$ 3353.10,1
1587,09:30:02,$ 3353.10,1
1588,09:30:02,$ 3353.10,1
1589,09:30:02,$ 3353.10,5
1590,09:30:02,$ 3353.10,4
1591,09:30:02,$ 3353.10,1
1592,09:30:02,$ 3353.10,1
1593,09:30:02,$ 3353.10,7
1594,09:30:02,$ 3353.10,4
1595,09:30:02,$ 3353.10,1
1597,09:30:02,$ 3353.10,2
1598,09:30:02,$ 3353.10,23
1599,09:30:02,$ 3353.10,1
1600,09:30:02,$ 3353.10,1
1601,09:30:02,$ 3353.10,4
1602,09:30:02,$ 3353.10,1
1603,09:30:02,$ 3353.10,1
1604,09:30:02,$ 3353.10,1
1605,09:30:02,$ 3353.10,1
1606,09:30:02,$ 3353.10,1
1607,09:30:02,$ 3353.10,2
1608,09:30:02,$ 3353.10,2
1609,09:30:02,$ 3353.10,2
1610,09:30:02,$ 3353.10,1
1611,09:30:02,$ 3353.10,3
1612,09:30:02,$ 3353.10,2
1613,09:30:02,$ 3353.10,2
1614,09:30:02,$ 3353.10,5
1615,09:30:02,$ 3353.10,1
1616,09:30:02,$ 3353.10,1
1618,09:30:02,$ 3353.10,15
1619,09:30:02,$ 3353.10,1
1620,09:30:02,$ 3353.10,13
1621,09:30:02,$ 3353.10,7
1622,09:30:02,$ 3353.10,2
1623,09:30:02,$ 3353.10,6
1624,09:30:02,$ 3353.10,2
1625,09:30:02,$ 3353.10,1
1626,09:30:02,$ 3353.10,1
1627,09:30:02,$ 3353.10,1
1628,09:30:02,$ 3353.10,10
1629,09:30:02,$ 3353.10,3
1630,09:30:02,$ 3353.10,3
1631,09:30:02,$ 3353.10,1
1632,09:30:02,$ 3353.10,10
1633,09:30:02,$ 3353.10,10
1634,09:30:02,$ 3353.10,5
1635,09:30:02,$ 3353.10,20
1636,09:30:02,$ 3353.10,2
1637,09:30:02,$ 3353.10,35
1639,09:30:02,$ 3353.10,24
1640,09:30:02,$ 3353.10,9
1641,09:30:02,$ 3353.10,2
1642,09:30:02,$ 3353.10,30
1643,09:30:02,$ 3353.10,12
1644,09:30:02,$ 3353.10,10
1645,09:30:02,$ 3353.10,2
1646,09:30:02,$ 3353.10,10
1647,09:30:02,$ 3353.10,30
1648,09:30:02,$ 3353.10,150
1649,09:30:02,$ 3353.10,1
1650,09:30:02,$ 3353.10,3
1651,09:30:02,$ 3353.10,9
1652,09:30:02,$ 3353.10,11
1653,09:30:02,$ 3353.10,4
1654,09:30:02,$ 3353.10,1
1655,09:30:02,$ 3353.10,5
1656,09:30:02,$ 3353.10,2
1657,09:30:02,$ 3353.10,15
1658,09:30:02,$ 3353.10,2
1660,09:30:02,$ 3353.10,1
1661,09:30:02,$ 3353.10,1
1662,09:30:02,$ 3353.10,1
1663,09:30:02,$ 3353.10,2
1664,09:30:02,$ 3353.10,1
1665,09:30:02,$ 3353.10,1
1666,09:30:02,$ 3353.10,1
1667,09:30:02,$ 3353.10,1
1668,09:30:02,$ 3353.10,1
1669,09:30:02,$ 3353.10,1
1670,09:30:02,$ 3353.10,2
1671,09:30:02,$ 3353.10,2
1672,09:30:02,$ 3353.10,1
1673,09:30:02,$ 3353.10,1
1674,09:30:02,$ 3353.10,1
1675,09:30:02,$ 3353.10,1
1676,09:30:02,$ 3353.10,1
1677,09:30:02,$ 3353.10,1
1678,09:30:02,$ 3353.10,1
1679,09:30:02,$ 3353.10,22
1681,09:30:02,$ 3353.10,1
1682,09:30:02,$ 3353.10,2
1683,09:30:02,$ 3353.10,3
1684,09:30:02,$ 3353.10,2
1685,09:30:02,$ 3353.10,4
1686,09:30:02,$ 3353.10,3
1687,09:30:02,$ 3353.10,1
1688,09:30:02,$ 3353.10,2
1689,09:30:02,$ 3353.10,1
1690,09:30:02,$ 3353.10,1
1691,09:30:02,$ 3353.10,3
1692,09:30:02,$ 3353.10,2
1693,09:30:02,$ 3353.10,3
1694,09:30:02,$ 3353.10,1
1695,09:30:02,$ 3353.10,1
1696,09:30:02,$ 3353.10,1
1697,09:30:02,$ 3353.10,8
1698,09:30:02,$ 3353.10,4
1699,09:30:02,$ 3353.10,5
1700,09:30:02,$ 3353.10,4
1702,09:30:02,$ 3353.10,3
1703,09:30:02,$ 3353.10,4
1704,09:30:02,$ 3353.10,1
1705,09:30:02,$ 3353.10,1
1706,09:30:02,$ 3353.10,35
1707,09:30:02,$ 3353.10,30
1708,09:30:02,$ 3353.10,1
1709,09:30:02,$ 3353.10,2
1710,09:30:02,$ 3353.10,6
1711,09:30:02,$ 3353.10,2
1712,09:30:02,$ 3353.10,4
1713,09:30:02,$ 3353.10,1
1714,09:30:02,$ 3353.10,7
1715,09:30:02,$ 3353.10,1
1716,09:30:02,$ 3353.10,3
1717,09:30:02,$ 3353.10,3
1718,09:30:02,$ 3353.10,5
1719,09:30:02,$ 3353.10,3
1720,09:30:02,$ 3353.10,1
1721,09:30:02,$ 3353.10,1
1723,09:30:02,$ 3353.10,1
1724,09:30:02,$ 3353.10,1
1725,09:30:02,$ 3353.10,1
1726,09:30:02,$ 3353.10,1
1727,09:30:02,$ 3353.10,1
1728,09:30:02,$ 3353.10,6
1729,09:30:02,$ 3353.10,6
1730,09:30:02,$ 3353.10,1
1731,09:30:02,$ 3353.10,3
1732,09:30:02,$ 3353.10,4
1733,09:30:02,$ 3353.10,1
1734,09:30:02,$ 3353.10,1
1735,09:30:02,$ 3353.10,1
1736,09:30:02,$ 3353.10,1
1737,09:30:02,$ 3353.10,2
1738,09:30:02,$ 3353.10,2
1739,09:30:02,$ 3353.10,5
1740,09:30:02,$ 3353.10,2
1741,09:30:02,$ 3353.10,1
1742,09:30:02,$ 3353.10,1
1744,09:30:02,$ 3353.10,2
1745,09:30:02,$ 3353.10,1
1746,09:30:02,$ 3353.10,1
1747,09:30:02,$ 3353.10,6
1748,09:30:02,$ 3353.10,1
1749,09:30:02,$ 3353.10,6
1750,09:30:02,$ 3353.10,1
1751,09:30:02,$ 3353.10,1
1752,09:30:02,$ 3353.10,6
1753,09:30:02,$ 3353.10,1
1754,09:30:02,$ 3353.10,1
1755,09:30:02,$ 3353.10,4
1756,09:30:02,$ 3353.10,2
1757,09:30:02,$ 3353.10,1
1758,09:30:02,$ 3353.10,1
1759,09:30:02,$ 3353.10,3
1760,09:30:02,$ 3353.10,1
1761,09:30:02,$ 3353.10,1
1762,09:30:02,$ 3353.10,5
1763,09:30:02,$ 3353.10,1
1765,09:30:02,$ 3353.10,1
1766,09:30:02,$ 3353.10,3
1767,09:30:02,$ 3353.10,4
1768,09:30:02,$ 3353.10,1
1769,09:30:02,$ 3353.10,1
1770,09:30:02,$ 3353.10,2
1771,09:30:02,$ 3353.10,1
1772,09:30:02,$ 3353.10,2
1773,09:30:02,$ 3353.10,10
1774,09:30:02,$ 3353.10,2
1775,09:30:02,$ 3353.10,1
1776,09:30:02,$ 3353.10,1
1777,09:30:02,$ 3353.10,1
1778,09:30:02,$ 3353.10,20
1779,09:30:02,$ 3353.10,2
1780,09:30:02,$ 3353.10,1
1781,09:30:02,$ 3353.10,1
1782,09:30:02,$ 3353.10,2
1783,09:30:02,$ 3353.10,1
1784,09:30:02,$ 3353.10,6
1786,09:30:02,$ 3353.10,1
1787,09:30:02,$ 3353.10,1
1788,09:30:02,$ 3353.10,1
1789,09:30:02,$ 3353.10,1
1790,09:30:02,$ 3353.10,2
1791,09:30:02,$ 3353.10,8
1792,09:30:02,$ 3353.10,3
1793,09:30:02,$ 3353.10,3
1794,09:30:02,$ 3353.10,18
1795,09:30:02,$ 3353.10,1
1796,09:30:02,$ 3353.10,7
1797,09:30:02,$ 3353.10,1
1798,09:30:02,$ 3353.10,3
1799,09:30:02,$ 3353.10,1
1800,09:30:02,$ 3353.10,9
1801,09:30:02,$ 3353.10,1
1802,09:30:02,$ 3353.10,3
1803,09:30:02,$ 3353.10,1
1804,09:30:02,$ 3353.10,1
1805,09:30:02,$ 3353.10,7
1807,09:30:02,$ 3353.10,3
1808,09:30:02,$ 3353.10,1
1809,09:30:02,$ 3353.10,1
1810,09:30:02,$ 3353.10,150
1811,09:30:02,$ 3353.10,1
1812,09:30:02,$ 3353.10,1
1813,09:30:02,$ 3353.10,1
1814,09:30:02,$ 3353.10,1
1815,09:30:02,$ 3353.10,1
1816,09:30:02,$ 3353.10,2
1817,09:30:02,$ 3353.10,2
1818,09:30:02,$ 3353.10,1
1819,09:30:02,$ 3353.10,1
1820,09:30:02,$ 3353.10,8
1821,09:30:02,$ 3353.10,2
1822,09:30:02,$ 3353.10,5
1823,09:30:02,$ 3353.10,3
1824,09:30:02,$ 3353.10,2
1825,09:30:02,$ 3353.10,2
1826,09:30:02,$ 3353.10,10
1828,09:30:02,$ 3353.10,5
1829,09:30:02,$ 3353.10,4
1830,09:30:02,$ 3353.10,4
1831,09:30:02,$ 3353.10,2
1832,09:30:02,$ 3353.10,1
1833,09:30:02,$ 3353.10,1
1834,09:30:02,$ 3353.10,3
1835,09:30:02,$ 3353.10,1
1836,09:30:02,$ 3353.10,1
1837,09:30:02,$ 3353.10,3
1838,09:30:02,$ 3353.10,2
1839,09:30:02,$ 3353.10,3
1840,09:30:02,$ 3353.10,1
1841,09:30:02,$ 3353.10,1
1842,09:30:02,$ 3353.10,2
1843,09:30:02,$ 3353.10,1
1844,09:30:02,$ 3353.10,2
1845,09:30:02,$ 3353.10,1
1846,09:30:02,$ 3353.10,1
1847,09:30:02,$ 3353.10,3
1849,09:30:02,$ 3353.10,5
1850,09:30:02,$ 3353.10,5
1851,09:30:02,$ 3353.10,3
1852,09:30:02,$ 3353.10,2
1853,09:30:02,$ 3353.10,1
1854,09:30:02,$ 3353.10,6
1855,09:30:02,$ 3353.10,1
1856,09:30:02,$ 3353.10,1
1857,09:30:02,$ 3353.10,1
1858,09:30:02,$ 3353.10,1
1859,09:30:02,$ 3353.10,1
1860,09:30:02,$ 3353.10,1
1861,09:30:02,$ 3353.10,1
1862,09:30:02,$ 3353.10,1
1863,09:30:02,$ 3353.10,15
1864,09:30:02,$ 3353.10,2
1865,09:30:02,$ 3353.10,1
1866,09:30:02,$ 3353.10,1
1867,09:30:02,$ 3353.10,1
1868,09:30:02,$ 3353.10,5
1870,09:30:02,$ 3353.10,5
1871,09:30:02,$ 3353.10,1
1872,09:30:02,$ 3353.10,1
1873,09:30:02,$ 3353.10,100
1874,09:30:02,$ 3353.10,20
1875,09:30:02,$ 3353.10,1
1876,09:30:02,$ 3353.10,30
1877,09:30:02,$ 3353.10,5
1878,09:30:02,$ 3353.10,10
1879,09:30:02,$ 3353.10,1
1880,09:30:02,$ 3353.10,17
1881,09:30:02,$ 3353.10,14
1882,09:30:02,$ 3353.10,1
1883,09:30:02,$ 3353.10,2
1884,09:30:02,$ 3353.10,20
1885,09:30:02,$ 3353.10,2
1886,09:30:02,$ 3353.10,7
1887,09:30:02,$ 3353.10,1
1888,09:30:02,$ 3353.10,10
1889,09:30:02,$ 3353.10,2
1891,09:30:02,$ 3353.10,1
1892,09:30:02,$ 3353.10,10
1893,09:30:02,$ 3353.10,1
1894,09:30:02,$ 3353.10,1
1895,09:30:02,$ 3353.10,3
1896,09:30:02,$ 3353.10,2
1897,09:30:02,$ 3353.10,1
1898,09:30:02,$ 3353.10,1
1899,09:30:02,$ 3353.10,1
1900,09:30:02,$ 3353.10,1
1901,09:30:02,$ 3353.10,1
1902,09:30:02,$ 3353.10,1
1903,09:30:02,$ 3353.10,3
1904,09:30:02,$ 3353.10,1
1905,09:30:02,$ 3353.10,1
1906,09:30:02,$ 3353.10,1
1907,09:30:02,$ 3353.10,1
1908,09:30:02,$ 3353.10,1
1909,09:30:02,$ 3353.10,1
1910,09:30:02,$ 3353.10,15
1912,09:30:02,$ 3353.10,1
1913,09:30:02,$ 3353.10,1
1914,09:30:02,$ 3353.10,2
1915,09:30:02,$ 3353.10,1
1916,09:30:02,$ 3353.10,1
1917,09:30:02,$ 3353.10,1
1918,09:30:02,$ 3353.10,5
1919,09:30:02,$ 3353.10,10
1920,09:30:02,$ 3353.10,1
1921,09:30:02,$ 3353.10,2
1922,09:30:02,$ 3353.10,1
1923,09:30:02,$ 3353.10,3
1924,09:30:02,$ 3353.10,1
1925,09:30:02,$ 3353.10,1
1926,09:30:02,$ 3353.10,1
1927,09:30:02,$ 3353.10,1
1928,09:30:02,$ 3353.10,1
1929,09:30:02,$ 3353.10,1
1930,09:30:02,$ 3353.10,10
1931,09:30:02,$ 3353.10,1
1933,09:30:02,$ 3353.10,1
1934,09:30:02,$ 3353.10,3
1935,09:30:02,$ 3353.10,1
1936,09:30:02,$ 3353.10,1
1937,09:30:02,$ 3353.10,1
1938,09:30:02,$ 3353.10,4
1939,09:30:02,$ 3353.10,2
1940,09:30:02,$ 3353.10,5
1941,09:30:02,$ 3353.10,1
1942,09:30:02,$ 3353.10,1
1943,09:30:02,$ 3353.10,2
1944,09:30:02,$ 3353.10,1
1945,09:30:02,$ 3353.10,2
1946,09:30:02,$ 3353.10,12
1947,09:30:02,$ 3353.10,3
1948,09:30:02,$ 3353.10,1
1949,09:30:02,$ 3353.10,1
1950,09:30:02,$ 3353.10,1
1951,09:30:02,$ 3353.10,5
1952,09:30:02,$ 3353.10,5
1954,09:30:02,$ 3353.10,3
1955,09:30:02,$ 3353.10,4
1956,09:30:02,$ 3353.10,1
1957,09:30:02,$ 3353.10,1
1958,09:30:02,$ 3353.10,1
1959,09:30:02,$ 3353.10,1
1960,09:30:02,$ 3353.10,1
1961,09:30:02,$ 3353.10,1
1962,09:30:02,$ 3353.10,1
1963,09:30:02,$ 3353.10,1
1964,09:30:02,$ 3353.10,1
1965,09:30:02,$ 3353.10,1
1966,09:30:02,$ 3353.10,1
1967,09:30:02,$ 3353.10,1
1968,09:30:02,$ 3353.10,1
1969,09:30:02,$ 3353.10,1
1970,09:30:02,$ 3353.10,1
1971,09:30:02,$ 3353.10,1
1972,09:30:02,$ 3353.10,1
1973,09:30:02,$ 3353.10,1
1975,09:30:02,$ 3353.10,1
1976,09:30:02,$ 3353.10,1
1977,09:30:02,$ 3353.10,1
1978,09:30:02,$ 3353.10,1
1979,09:30:02,$ 3353.10,1
1980,09:30:02,$ 3353.10,1
1981,09:30:02,$ 3353.10,1
1982,09:30:02,$ 3353.10,1
1983,09:30:02,$ 3353.10,1
1984,09:30:02,$ 3353.10,1
1985,09:30:02,$ 3353.10,1
1986,09:30:02,$ 3353.10,1
1987,09:30:02,$ 3353.10,1
1988,09:30:02,$ 3353.10,1
1989,09:30:02,$ 3353.10,1
1990,09:30:02,$ 3353.10,1
1991,09:30:02,$ 3353.10,1
1992,09:30:02,$ 3353.10,1
1993,09:30:02,$ 3353.10,1
1994,09:30:02,$ 3353.10,1
1996,09:30:02,$ 3353.10,1
1997,09:30:02,$ 3353.10,1
1998,09:30:02,$ 3353.10,1
1999,09:30:02,$ 3353.10,1
2000,09:30:02,$ 3353.10,1
2001,09:30:02,$ 3353.10,1
2002,09:30:02,$ 3353.10,1
2003,09:30:02,$ 3353.10,1
2004,09:30:02,$ 3353.10,1
2005,09:30:02,$ 3353.10,1
2006,09:30:02,$ 3353.10,1
2007,09:30:02,$ 3353.10,1
2008,09:30:02,$ 3353.10,1
2009,09:30:02,$ 3353.10,1
2010,09:30:02,$ 3353.10,1
2011,09:30:02,$ 3353.10,1
2012,09:30:02,$ 3353.10,1
2013,09:30:02,$ 3353.10,1
2014,09:30:02,$ 3353.10,1
2015,09:30:02,$ 3353.10,1
2017,09:30:02,$ 3353.10,1
2018,09:30:02,$ 3353.10,1
2019,09:30:02,$ 3353.10,1
2020,09:30:02,$ 3353.10,1
2021,09:30:02,$ 3353.10,1
2022,09:30:02,$ 3353.10,1
2023,09:30:02,$ 3353.10,1
2024,09:30:02,$ 3353.10,1
2025,09:30:02,$ 3353.10,1
2026,09:30:02,$ 3353.10,1
2027,09:30:02,$ 3353.10,1
2028,09:30:02,$ 3353.10,1
2029,09:30:02,$ 3353.10,1
2030,09:30:02,$ 3353.10,1
2031,09:30:02,$ 3353.10,1
2032,09:30:02,$ 3353.10,1
2033,09:30:02,$ 3353.10,1
2034,09:30:02,$ 3353.10,1
2035,09:30:02,$ 3353.10,1
2036,09:30:02,$ 3353.10,1
2038,09:30:02,$ 3353.10,1
2039,09:30:02,$ 3353.10,1
2040,09:30:02,$ 3353.10,1
2041,09:30:02,$ 3353.10,1
2042,09:30:02,$ 3353.10,1
2043,09:30:02,$ 3353.10,1
2044,09:30:02,$ 3353.10,1
2045,09:30:02,$ 3353.10,1
2046,09:30:02,$ 3353.10,1
2047,09:30:02,$ 3353.10,1
2048,09:30:02,$ 3353.10,1
2049,09:30:02,$ 3353.10,1
2050,09:30:02,$ 3353.10,1
2051,09:30:02,$ 3353.10,1
2052,09:30:02,$ 3353.10,1
2053,09:30:02,$ 3353.10,1
2054,09:30:02,$ 3353.10,1
2055,09:30:02,$ 3353.10,1
2056,09:30:02,$ 3353.10,1
2057,09:30:02,$ 3353.10,1
2059,09:30:02,$ 3353.10,1
2060,09:30:02,$ 3353.10,1
2061,09:30:02,$ 3353.10,1
2062,09:30:02,$ 3353.10,1
2063,09:30:02,$ 3353.10,1
2064,09:30:02,$ 3353.10,2
2065,09:30:02,$ 3353.10,1
2066,09:30:02,$ 3353.10,1
2067,09:30:02,$ 3353.10,1
2068,09:30:02,$ 3353.10,1
2069,09:30:02,$ 3353.10,1
2070,09:30:02,$ 3353.10,1
2071,09:30:02,$ 3353.10,1
2072,09:30:02,$ 3353.10,1
2073,09:30:02,$ 3353.10,1
2074,09:30:02,$ 3353.10,1
2075,09:30:02,$ 3353.10,1
2076,09:30:02,$ 3353.10,1
2077,09:30:02,$ 3353.10,1
2078,09:30:02,$ 3353.10,1
2080,09:30:02,$ 3353.10,1
2081,09:30:02,$ 3353.10,1
2082,09:30:02,$ 3353.10,1
2083,09:30:02,$ 3353.10,1
2084,09:30:02,$ 3353.10,1
2085,09:30:02,$ 3353.10,1
2086,09:30:02,$ 3353.10,1
2087,09:30:02,$ 3353.10,1
2088,09:30:02,$ 3353.10,1
2089,09:30:02,$ 3353.10,1
2090,09:30:02,$ 3353.10,1
2091,09:30:02,$ 3353.10,1
2092,09:30:02,$ 3353.10,1
2093,09:30:02,$ 3353.10,1
2094,09:30:02,$ 3353.10,1
2095,09:30:02,$ 3353.10,1
2096,09:30:02,$ 3353.10,2
2097,09:30:02,$ 3353.10,3
2098,09:30:02,$ 3353.10,1
2099,09:30:02,$ 3353.10,1
2101,09:30:02,$ 3353.10,1
2102,09:30:02,$ 3353.10,4
2103,09:30:02,$ 3353.10,12
2104,09:30:02,$ 3353.10,2
2105,09:30:02,$ 3353.10,1
2106,09:30:02,$ 3353.10,51
2107,09:30:02,$ 3353.10,1
2108,09:30:02,$ 3353.10,1
2109,09:30:02,$ 3353.10,45
2110,09:30:02,$ 3353.10,7
2111,09:30:02,$ 3353.10,1
2112,09:30:02,$ 3353.10,1
2113,09:30:02,$ 3353.10,2
2114,09:30:02,$ 3353.10,1
2115,09:30:02,$ 3353.10,1
2116,09:30:02,$ 3353.10,51
2117,09:30:02,$ 3353.10,1
2118,09:30:02,$ 3353.10,1
2119,09:30:02,$ 3353.10,1
2120,09:30:02,$ 3353.10,1
2122,09:30:02,$ 3353.10,1
2123,09:30:02,$ 3353.10,1
2124,09:30:02,$ 3353.10,3
2125,09:30:02,$ 3353.10,1
2126,09:30:02,$ 3353.10,1
2127,09:30:02,$ 3353.10,2
2128,09:30:02,$ 3353.10,5
2129,09:30:02,$ 3353.10,1
2130,09:30:02,$ 3353.10,1
2131,09:30:02,$ 3353.10,1
2132,09:30:02,$ 3353.10,6
2133,09:30:02,$ 3353.10,39
2134,09:30:02,$ 3353.10,1
2135,09:30:02,$ 3353.10,10
2136,09:30:02,$ 3353.10,2
2137,09:30:02,$ 3353.10,1
2138,09:30:02,$ 3353.10,2
2139,09:30:02,$ 3353.10,4
2140,09:30:02,$ 3353.10,9
2141,09:30:02,$ 3353.10,150
2143,09:30:02,$ 3353.10,4
2144,09:30:02,$ 3353.10,20
2145,09:30:02,$ 3353.10,6
2146,09:30:02,$ 3353.10,1
2147,09:30:02,$ 3353.10,10
2148,09:30:02,$ 3353.10,2
2149,09:30:02,$ 3353.10,10
2150,09:30:02,$ 3353.10,4
2151,09:30:02,$ 3353.10,7
2152,09:30:02,$ 3353.10,4
2153,09:30:02,$ 3353.10,359
2154,09:30:02,$ 3353.10,2
2155,09:30:02,$ 3353.10,40
2156,09:30:02,$ 3353.10,1
2157,09:30:02,$ 3353.10,4
2158,09:30:02,$ 3353.10,1
2159,09:30:02,$ 3353.10,10
2160,09:30:02,$ 3353.10,7
2161,09:30:02,$ 3353.10,1
2162,09:30:02,$ 3353.10,10
2164,09:30:02,$ 3353.10,3
2165,09:30:02,$ 3353.10,10
2166,09:30:02,$ 3353.10,1
2167,09:30:02,$ 3353.10,10
2168,09:30:02,$ 3353.10,1
2169,09:30:02,$ 3353.10,10
2170,09:30:02,$ 3353.10,3
2171,09:30:02,$ 3353.10,3
2172,09:30:02,$ 3353.10,2
2173,09:30:02,$ 3353.10,1
2174,09:30:02,$ 3353.10,5
2175,09:30:02,$ 3353.10,2
2176,09:30:02,$ 3353.10,1
2177,09:30:02,$ 3353.10,10
2178,09:30:02,$ 3353.10,1
2179,09:30:02,$ 3353.10,2
2180,09:30:02,$ 3353.10,3
2181,09:30:02,$ 3353.10,10
2182,09:30:02,$ 3353.10,4
2183,09:30:02,$ 3353.10,1
2185,09:30:02,$ 3353.10,3
2186,09:30:02,$ 3353.10,34
2187,09:30:02,$ 3353.10,1
2188,09:30:02,$ 3353.10,2
2189,09:30:02,$ 3353.10,8
2190,09:30:02,$ 3353.10,12
2191,09:30:02,$ 3353.10,1
2192,09:30:02,$ 3353.10,25
2193,09:30:02,$ 3353.10,3
2194,09:30:02,$ 3353.10,5
2195,09:30:02,$ 3353.10,1
2196,09:30:02,$ 3353.10,1
2197,09:30:02,$ 3353.10,5
2198,09:30:02,$ 3353.10,1
2199,09:30:02,$ 3353.10,3
2200,09:30:02,$ 3353.10,5
2201,09:30:02,$ 3353.10,20
2202,09:30:02,$ 3353.10,1
2203,09:30:02,$ 3353.10,1
2204,09:30:02,$ 3353.10,40
2206,09:30:02,$ 3353.10,3
2207,09:30:02,$ 3353.10,4
2208,09:30:02,$ 3353.10,1
2209,09:30:02,$ 3353.10,5
2210,09:30:02,$ 3353.10,1
2211,09:30:02,$ 3353.10,1
2212,09:30:02,$ 3353.10,5
2213,09:30:02,$ 3353.10,30
2214,09:30:02,$ 3353.10,1
2215,09:30:02,$ 3353.10,6
2216,09:30:02,$ 3353.10,3
2217,09:30:02,$ 3353.10,10
2218,09:30:02,$ 3353.10,2
2219,09:30:02,$ 3353.10,10
2220,09:30:02,$ 3353.10,1
2221,09:30:02,$ 3353.10,31
2222,09:30:02,$ 3353.10,1
2223,09:30:02,$ 3353.10,1
2224,09:30:02,$ 3353.10,5
2225,09:30:02,$ 3353.10,15
2227,09:30:02,$ 3353.10,1
2228,09:30:02,$ 3353.10,1
2229,09:30:02,$ 3353.10,9
2230,09:30:02,$ 3353.10,1
2231,09:30:02,$ 3353.10,3
2232,09:30:02,$ 3353.10,1
2233,09:30:02,$ 3353.10,6
2234,09:30:02,$ 3353.10,2
2235,09:30:02,$ 3353.10,1
2236,09:30:02,$ 3353.10,5
2237,09:30:02,$ 3353.10,1
2238,09:30:02,$ 3353.10,1
2239,09:30:02,$ 3353.10,1
2240,09:30:02,$ 3353.10,1
2241,09:30:02,$ 3353.10,3
2242,09:30:02,$ 3353.10,3
2243,09:30:02,$ 3353.10,2
2244,09:30:02,$ 3353.10,2
2245,09:30:02,$ 3353.10,1
2246,09:30:02,$ 3353.10,1
2248,09:30:02,$ 3353.10,2
2249,09:30:02,$ 3353.10,1
2250,09:30:02,$ 3353.10,1
2251,09:30:02,$ 3353.10,1
2252,09:30:02,$ 3353.10,2
2253,09:30:02,$ 3353.10,8
2254,09:30:02,$ 3353.10,3
2255,09:30:02,$ 3353.10,1
2256,09:30:02,$ 3353.10,1
2257,09:30:02,$ 3353.10,5
2258,09:30:02,$ 3353.10,1
2259,09:30:02,$ 3353.10,3
2260,09:30:02,$ 3353.10,2
2261,09:30:02,$ 3353.10,1
2262,09:30:02,$ 3353.10,5
2263,09:30:02,$ 3353.10,3
2264,09:30:02,$ 3353.10,1
2265,09:30:02,$ 3353.10,1
2266,09:30:02,$ 3353.10,4
2267,09:30:02,$ 3353.10,1
2269,09:30:02,$ 3353.10,1
2270,09:30:02,$ 3353.10,1
2271,09:30:02,$ 3353.10,11
2272,09:30:02,$ 3353.10,5
2273,09:30:02,$ 3353.10,1
2274,09:30:02,$ 3353.10,3
2275,09:30:02,$ 3353.10,50
2276,09:30:02,$ 3353.10,4
2277,09:30:02,$ 3353.10,1
2278,09:30:02,$ 3353.10,3
2279,09:30:02,$ 3353.10,1
2280,09:30:02,$ 3353.10,1
2281,09:30:02,$ 3353.10,10
2282,09:30:02,$ 3353.10,1
2283,09:30:02,$ 3353.10,1
2284,09:30:02,$ 3353.10,1
2285,09:30:02,$ 3353.10,1
2286,09:30:02,$ 3353.10,1
2287,09:30:02,$ 3353.10,1
2288,09:30:02,$ 3353.10,2
2290,09:30:02,$ 3353.10,20
2291,09:30:02,$ 3353.10,1
2292,09:30:02,$ 3353.10,2
2293,09:30:02,$ 3353.10,1
2294,09:30:02,$ 3353.10,2
2295,09:30:02,$ 3353.10,4
2296,09:30:02,$ 3353.10,1
2297,09:30:02,$ 3353.10,1
2298,09:30:02,$ 3353.10,3
2299,09:30:02,$ 3353.10,6
2300,09:30:02,$ 3353.10,1
2301,09:30:02,$ 3353.10,1
2302,09:30:02,$ 3353.10,1
2303,09:30:02,$ 3353.10,1
2304,09:30:02,$ 3353.10,1
2305,09:30:02,$ 3353.10,2
2306,09:30:02,$ 3353.10,1
2307,09:30:02,$ 3353.10,24
2308,09:30:02,$ 3353.10,2
2309,09:30:02,$ 3353.10,5
2311,09:30:02,$ 3353.10,1
2312,09:30:02,$ 3353.10,10
2313,09:30:02,$ 3353.10,1
2314,09:30:02,$ 3353.10,2
2315,09:30:02,$ 3353.10,7
2316,09:30:02,$ 3353.10,3
2317,09:30:02,$ 3353.10,2
2318,09:30:02,$ 3353.10,4
2319,09:30:02,$ 3353.10,1
2320,09:30:02,$ 3353.10,1
2321,09:30:02,$ 3353.10,2
2322,09:30:02,$ 3353.10,3
2323,09:30:02,$ 3353.10,1
2324,09:30:02,$ 3353.10,1
2325,09:30:02,$ 3353.10,59
2326,09:30:02,$ 3353.10,5
2327,09:30:02,$ 3353.10,1
2328,09:30:02,$ 3353.10,1
2329,09:30:02,$ 3353.10,100
2330,09:30:02,$ 3353.10,3
2332,09:30:02,$ 3353.10,1
2333,09:30:02,$ 3353.10,3
2334,09:30:02,$ 3353.10,3
2335,09:30:02,$ 3353.10,10
2336,09:30:02,$ 3353.10,20
2337,09:30:02,$ 3353.10,3
2338,09:30:02,$ 3353.10,1
2339,09:30:02,$ 3353.10,9
2340,09:30:02,$ 3353.10,1
2341,09:30:02,$ 3353.10,3
2342,09:30:02,$ 3353.10,10
2343,09:30:02,$ 3353.10,4
2344,09:30:02,$ 3353.10,5
2345,09:30:02,$ 3353.10,1
2346,09:30:02,$ 3353.10,1
2347,09:30:02,$ 3353.10,2
2348,09:30:02,$ 3353.10,2
2349,09:30:02,$ 3353.10,2
2350,09:30:02,$ 3353.10,20
2351,09:30:02,$ 3353.10,25
2353,09:30:02,$ 3353.10,1
2354,09:30:02,$ 3353.10,1
2355,09:30:02,$ 3353.10,1
2356,09:30:02,$ 3353.10,4
2357,09:30:02,$ 3353.10,1
2358,09:30:02,$ 3353.10,2
2359,09:30:02,$ 3353.10,1
2360,09:30:02,$ 3353.10,1
2361,09:30:02,$ 3353.10,1
2362,09:30:02,$ 3353.10,1
2363,09:30:02,$ 3353.10,10
2364,09:30:02,$ 3353.10,1
2365,09:30:02,$ 3353.10,2
2366,09:30:02,$ 3353.10,2
2367,09:30:02,$ 3353.10,2
2368,09:30:02,$ 3353.10,90
2369,09:30:02,$ 3353.10,3
2370,09:30:02,$ 3353.10,4
2371,09:30:02,$ 3353.10,1
2372,09:30:02,$ 3353.10,1
2374,09:30:02,$ 3353.10,1
2375,09:30:02,$ 3353.10,1
2376,09:30:02,$ 3353.10,1
2377,09:30:02,$ 3353.10,1
2378,09:30:02,$ 3353.10,1
2379,09:30:02,$ 3353.10,1
2380,09:30:02,$ 3353.10,1
2381,09:30:02,$ 3353.10,2
2382,09:30:02,$ 3353.10,2
2383,09:30:02,$ 3353.10,1
2384,09:30:02,$ 3353.10,3
2385,09:30:02,$ 3353.10,2
2386,09:30:02,$ 3353.10,1
2387,09:30:02,$ 3353.10,1
2388,09:30:02,$ 3353.10,7
2389,09:30:02,$ 3353.10,6
2390,09:30:02,$ 3353.10,3
2391,09:30:02,$ 3353.10,1
2392,09:30:02,$ 3353.10,29
2393,09:30:02,$ 3353.10,116
2395,09:30:02,$ 3353.10,100
2396,09:30:02,$ 3353.10,45
2397,09:30:02,$ 3353.10,4
2398,09:30:02,$ 3353.10,5
2399,09:30:02,$ 3353.10,1
2400,09:30:02,$ 3353.10,1
2401,09:30:02,$ 3353.10,45
2402,09:30:02,$ 3353.10,25
2403,09:30:02,$ 3353.10,3
2404,09:30:02,$ 3353.10,2
2405,09:30:02,$ 3353.10,1
2406,09:30:02,$ 3353.10,1
2407,09:30:02,$ 3353.10,4
2408,09:30:02,$ 3353.10,2
2409,09:30:02,$ 3353.10,3
2410,09:30:02,$ 3353.10,2
2411,09:30:02,$ 3353.10,1
2412,09:30:02,$ 3353.10,1
2413,09:30:02,$ 3353.10,1
2414,09:30:02,$ 3353.10,2
2416,09:30:02,$ 3353.10,1
2417,09:30:02,$ 3353.10,1
2418,09:30:02,$ 3353.10,1
2419,09:30:02,$ 3353.10,2
2420,09:30:02,$ 3353.10,2
2421,09:30:02,$ 3353.10,1
2422,09:30:02,$ 3353.10,3
2423,09:30:02,$ 3353.10,3
2424,09:30:02,$ 3353.10,1
2425,09:30:02,$ 3353.10,1
2426,09:30:02,$ 3353.10,1
2427,09:30:02,$ 3353.10,9
2428,09:30:02,$ 3353.10,1
2429,09:30:02,$ 3353.10,5
2430,09:30:02,$ 3353.10,10
2431,09:30:02,$ 3353.10,1
2432,09:30:02,$ 3353.10,3
2433,09:30:02,$ 3353.10,106
2434,09:30:02,$ 3353.10,3
2435,09:30:02,$ 3353.10,15
2437,09:30:02,$ 3353.10,6
2438,09:30:02,$ 3353.10,10
2439,09:30:02,$ 3353.10,7
2440,09:30:02,$ 3353.10,1
2441,09:30:02,$ 3353.10,1
2442,09:30:02,$ 3353.10,3
2443,09:30:02,$ 3353.10,1
2444,09:30:02,$ 3353.10,1
2445,09:30:02,$ 3353.10,2
2446,09:30:02,$ 3353.10,3
2447,09:30:02,$ 3353.10,1
2448,09:30:02,$ 3353.10,2
2449,09:30:02,$ 3353.10,1
2450,09:30:02,$ 3353.10,1
2451,09:30:02,$ 3353.10,100
2452,09:30:02,$ 3353.10,6
2453,09:30:02,$ 3353.10,1
2454,09:30:02,$ 3353.10,10
2455,09:30:02,$ 3353.10,1
2456,09:30:02,$ 3353.10,10
2458,09:30:02,$ 3353.10,2
2459,09:30:02,$ 3353.10,11
2460,09:30:02,$ 3353.10,1
2461,09:30:02,$ 3353.10,1
2462,09:30:02,$ 3353.10,1
2463,09:30:02,$ 3353.10,1
2464,09:30:02,$ 3353.10,1
2465,09:30:02,$ 3353.10,4
2466,09:30:02,$ 3353.10,10
2467,09:30:02,$ 3353.10,10
2468,09:30:02,$ 3353.10,3
2469,09:30:02,$ 3353.10,1
2470,09:30:02,$ 3353.10,1
2471,09:30:02,$ 3353.10,1
2472,09:30:02,$ 3353.10,1
2473,09:30:02,$ 3353.10,3
2474,09:30:02,$ 3353.10,3
2475,09:30:02,$ 3353.10,3
2476,09:30:02,$ 3353.10,15
2477,09:30:02,$ 3353.10,4
2479,09:30:02,$ 3353.10,2
2480,09:30:02,$ 3353.10,23
2481,09:30:02,$ 3353.10,2
2482,09:30:02,$ 3353.10,1
2483,09:30:02,$ 3353.10,1
2484,09:30:02,$ 3353.10,1
2485,09:30:02,$ 3353.10,6
2486,09:30:02,$ 3353.10,2
2487,09:30:02,$ 3353.10,1
2488,09:30:02,$ 3353.10,1
2489,09:30:02,$ 3353.10,1
2490,09:30:02,$ 3353.10,1
2491,09:30:02,$ 3353.10,7
2492,09:30:02,$ 3353.10,1
2493,09:30:02,$ 3353.10,5
2494,09:30:02,$ 3353.10,2
2495,09:30:02,$ 3353.10,3
2496,09:30:02,$ 3353.10,3
2497,09:30:02,$ 3353.10,1
2498,09:30:02,$ 3353.10,1
2500,09:30:02,$ 3353.10,2
2501,09:30:02,$ 3353.10,2
2502,09:30:02,$ 3353.10,2
2503,09:30:02,$ 3353.10,2
2504,09:30:02,$ 3353.10,8
2505,09:30:02,$ 3353.10,2
2506,09:30:02,$ 3353.10,3
2507,09:30:02,$ 3353.10,1
2508,09:30:02,$ 3353.10,1
2509,09:30:02,$ 3353.10,1
2510,09:30:02,$ 3353.10,3
2511,09:30:02,$ 3353.10,3
2512,09:30:02,$ 3353.10,20
2513,09:30:02,$ 3353.10,1
2514,09:30:02,$ 3353.10,1
2515,09:30:02,$ 3353.10,50
2516,09:30:02,$ 3353.10,1
2517,09:30:02,$ 3353.10,10
2518,09:30:02,$ 3353.10,1
2519,09:30:02,$ 3353.10,3
2521,09:30:02,$ 3353.10,1
2522,09:30:02,$ 3353.10,1
2523,09:30:02,$ 3353.10,3
2524,09:30:02,$ 3353.10,27
2525,09:30:02,$ 3353.10,1
2526,09:30:02,$ 3353.10,2
2527,09:30:02,$ 3353.10,1
2528,09:30:02,$ 3353.10,2
2529,09:30:02,$ 3353.10,1
2530,09:30:02,$ 3353.10,1
2531,09:30:02,$ 3353.10,1
2532,09:30:02,$ 3353.10,1
2533,09:30:02,$ 3353.10,45
2534,09:30:02,$ 3353.10,3
2535,09:30:02,$ 3353.10,1
2536,09:30:02,$ 3353.10,1
2537,09:30:02,$ 3353.10,3
2538,09:30:02,$ 3353.10,1
2539,09:30:02,$ 3353.10,1
2540,09:30:02,$ 3353.10,10
2542,09:30:02,$ 3353.10,15
2543,09:30:02,$ 3353.10,2
2544,09:30:02,$ 3353.10,20
2545,09:30:02,$ 3353.10,1
2546,09:30:02,$ 3353.10,1
2547,09:30:02,$ 3353.10,1
2548,09:30:02,$ 3353.10,3
2549,09:30:02,$ 3353.10,12
2550,09:30:02,$ 3353.10,3
2551,09:30:02,$ 3353.10,3
2552,09:30:02,$ 3353.10,1
2553,09:30:02,$ 3353.10,4
2554,09:30:02,$ 3353.10,1
2555,09:30:02,$ 3353.10,5
2556,09:30:02,$ 3353.10,1
2557,09:30:02,$ 3353.10,3
2558,09:30:02,$ 3353.10,2
2559,09:30:02,$ 3353.10,1
2560,09:30:02,$ 3353.10,1
2561,09:30:02,$ 3353.10,5
2563,09:30:02,$ 3353.10,5
2564,09:30:02,$ 3353.10,1
2565,09:30:02,$ 3353.10,1
2566,09:30:02,$ 3353.10,5
2567,09:30:02,$ 3353.10,5
2568,09:30:02,$ 3353.10,1
2569,09:30:02,$ 3353.10,9
2570,09:30:02,$ 3353.10,1
2571,09:30:02,$ 3353.10,1
2572,09:30:02,$ 3353.10,22
2573,09:30:02,$ 3353.10,3
2574,09:30:02,$ 3353.10,1
2575,09:30:02,$ 3353.10,1
2576,09:30:02,$ 3353.10,4
2577,09:30:02,$ 3353.10,1
2578,09:30:02,$ 3353.10,3
2579,09:30:02,$ 3353.10,1
2580,09:30:02,$ 3353.10,10
2581,09:30:02,$ 3353.10,4
2582,09:30:02,$ 3353.10,15
2584,09:30:02,$ 3353.10,15
2585,09:30:02,$ 3353.10,20
2586,09:30:02,$ 3353.10,13
2587,09:30:02,$ 3353.10,3
2588,09:30:02,$ 3353.10,20
2589,09:30:02,$ 3353.10,10
2590,09:30:02,$ 3353.10,10
2591,09:30:02,$ 3353.10,10
2592,09:30:02,$ 3353.10,40
2593,09:30:02,$ 3353.10,1
2594,09:30:02,$ 3353.10,7
2595,09:30:02,$ 3353.10,1
2596,09:30:02,$ 3353.10,15
2597,09:30:02,$ 3353.10,3
2598,09:30:02,$ 3353.10,33
2599,09:30:02,$ 3353.10,10
2600,09:30:02,$ 3353.10,30
2601,09:30:02,$ 3353.10,20
2602,09:30:02,$ 3353.10,5
2603,09:30:02,$ 3353.10,50
2605,09:30:02,$ 3353.10,50
2606,09:30:02,$ 3353.10,100
2607,09:30:02,$ 3353.10,100
2608,09:30:02,$ 3353.10,100
2609,09:30:02,$ 3353.10,1
2610,09:30:02,$ 3353.10,4
2611,09:30:02,$ 3353.10,120
2612,09:30:02,$ 3353.10,10
2613,09:30:02,$ 3353.10,4
2614,09:30:02,$ 3353.10,5
2615,09:30:02,$ 3353.10,2
2616,09:30:02,$ 3353.10,2
2617,09:30:02,$ 3353.10,8
2618,09:30:02,$ 3353.10,13
2619,09:30:02,$ 3353.10,2
2620,09:30:02,$ 3353.10,3
2621,09:30:02,$ 3353.10,1
2622,09:30:02,$ 3353.10,4
2623,09:30:02,$ 3353.10,6
2624,09:30:02,$ 3353.10,10
2626,09:30:02,$ 3353.10,1
2627,09:30:02,$ 3353.10,45
2628,09:30:02,$ 3353.10,6
2629,09:30:02,$ 3353.10,8
2630,09:30:02,$ 3353.10,30
2631,09:30:02,$ 3353.10,4
2632,09:30:02,$ 3353.10,3
2633,09:30:02,$ 3353.10,1
2634,09:30:02,$ 3353.10,1
2635,09:30:02,$ 3353.10,1
2636,09:30:02,$ 3353.10,2
2637,09:30:02,$ 3353.10,3
2638,09:30:02,$ 3353.10,8
2639,09:30:02,$ 3353.10,8
2640,09:30:02,$ 3353.10,2
2641,09:30:02,$ 3353.10,30
2642,09:30:02,$ 3353.10,13
2643,09:30:02,$ 3353.10,1
2644,09:30:02,$ 3353.10,4
2645,09:30:02,$ 3353.10,1
2647,09:30:02,$ 3353.10,1
2648,09:30:02,$ 3353.10,1
2649,09:30:02,$ 3353.10,1
2650,09:30:02,$ 3353.10,5
2651,09:30:02,$ 3353.10,2
2652,09:30:02,$ 3353.10,1
2653,09:30:02,$ 3353.10,7
2654,09:30:02,$ 3353.10,1
2655,09:30:02,$ 3353.10,10
2656,09:30:02,$ 3353.10,1
2657,09:30:02,$ 3353.10,1
2658,09:30:02,$ 3353.10,3
2659,09:30:02,$ 3353.10,1
2660,09:30:02,$ 3353.10,3
2661,09:30:02,$ 3353.10,1
2662,09:30:02,$ 3353.10,2
2663,09:30:02,$ 3353.10,2
2664,09:30:02,$ 3353.10,1
2665,09:30:02,$ 3353.10,2
2666,09:30:02,$ 3353.10,1
2668,09:30:02,$ 3353.10,1
2669,09:30:02,$ 3353.10,1
2670,09:30:02,$ 3353.10,1
2671,09:30:02,$ 3353.10,1
2672,09:30:02,$ 3353.10,1
2673,09:30:02,$ 3353.10,2
2674,09:30:02,$ 3353.10,10
2675,09:30:02,$ 3353.10,7
2676,09:30:02,$ 3353.10,10
2677,09:30:02,$ 3353.10,1
2678,09:30:02,$ 3353.10,1
2679,09:30:02,$ 3353.10,5
2680,09:30:02,$ 3353.10,1
2681,09:30:02,$ 3353.10,1
2682,09:30:02,$ 3353.10,5
2683,09:30:02,$ 3353.10,31
2684,09:30:02,$ 3353.10,2
2685,09:30:02,$ 3353.10,1
2686,09:30:02,$ 3353.10,1
2687,09:30:02,$ 3353.10,5
2689,09:30:02,$ 3353.10,16
2690,09:30:02,$ 3353.10,1
2691,09:30:02,$ 3353.10,2
2692,09:30:02,$ 3353.10,10
2693,09:30:02,$ 3353.10,2
2694,09:30:02,$ 3353.10,3
2695,09:30:02,$ 3353.10,10
2696,09:30:02,$ 3353.10,4
2697,09:30:02,$ 3353.10,1
2698,09:30:02,$ 3353.10,1
2699,09:30:02,$ 3353.10,10
2700,09:30:02,$ 3353.10,1
2701,09:30:02,$ 3353.10,1
2702,09:30:02,$ 3353.10,6
2703,09:30:02,$ 3353.10,1
2704,09:30:02,$ 3353.10,3
2705,09:30:02,$ 3353.10,9
2706,09:30:02,$ 3353.10,5
2707,09:30:02,$ 3353.10,7
2708,09:30:02,$ 3353.10,200
2710,09:30:02,$ 3353.10,1
2711,09:30:02,$ 3353.10,3
2712,09:30:02,$ 3353.10,2
2713,09:30:02,$ 3353.10,1
2714,09:30:02,$ 3353.10,1
2715,09:30:02,$ 3353.10,6
2716,09:30:02,$ 3353.10,100
2717,09:30:02,$ 3353.10,1
2718,09:30:02,$ 3353.10,1
2719,09:30:02,$ 3353.10,2
2720,09:30:02,$ 3353.10,1
2721,09:30:02,$ 3353.10,5
2722,09:30:02,$ 3353.10,1
2723,09:30:02,$ 3353.10,1
2724,09:30:02,$ 3353.10,3
2725,09:30:02,$ 3353.10,10
2726,09:30:02,$ 3353.10,1
2727,09:30:02,$ 3353.10,2
2728,09:30:02,$ 3353.10,2
2729,09:30:02,$ 3353.10,2
2731,09:30:02,$ 3353.10,1
2732,09:30:02,$ 3353.10,1
2733,09:30:02,$ 3353.10,6
2734,09:30:02,$ 3353.10,1
2735,09:30:02,$ 3353.10,1
2736,09:30:02,$ 3353.10,1
2737,09:30:02,$ 3353.10,2
2738,09:30:02,$ 3353.10,2
2739,09:30:02,$ 3353.10,1
2740,09:30:02,$ 3353.10,1
2741,09:30:02,$ 3353.10,1
2742,09:30:02,$ 3353.10,1
2743,09:30:02,$ 3353.10,1
2744,09:30:02,$ 3353.10,2
2745,09:30:02,$ 3353.10,2
2746,09:30:02,$ 3353.10,1
2747,09:30:02,$ 3353.10,1
2748,09:30:02,$ 3353.10,1
2749,09:30:02,$ 3353.10,2
2750,09:30:02,$ 3353.10,1
2752,09:30:02,$ 3353.10,2
2753,09:30:02,$ 3353.10,10
2754,09:30:02,$ 3353.10,1
2755,09:30:02,$ 3353.10,1
2756,09:30:02,$ 3353.10,1
2757,09:30:02,$ 3353.10,1
2758,09:30:02,$ 3353.10,3
2759,09:30:02,$ 3353.10,100
2760,09:30:02,$ 3353.10,21
2761,09:30:02,$ 3353.10,2
2762,09:30:02,$ 3353.10,10
2763,09:30:02,$ 3353.10,1
2764,09:30:02,$ 3353.10,3
2765,09:30:02,$ 3353.10,1
2766,09:30:02,$ 3353.10,5
2767,09:30:02,$ 3353.10,30
2768,09:30:02,$ 3353.10,3
2769,09:30:02,$ 3353.10,96
2770,09:30:02,$ 3353.10,1
2771,09:30:02,$ 3353.10,5
2773,09:30:02,$ 3353.10,30
2774,09:30:02,$ 3353.10,5
2775,09:30:02,$ 3353.10,1
2776,09:30:02,$ 3353.10,1
2777,09:30:02,$ 3353.10,3
2778,09:30:02,$ 3353.10,2
2779,09:30:02,$ 3353.10,1
2780,09:30:02,$ 3353.10,1
2781,09:30:02,$ 3353.10,1
2782,09:30:02,$ 3353.10,10
2783,09:30:02,$ 3353.10,7
2784,09:30:02,$ 3353.10,10
2785,09:30:02,$ 3353.10,1
2786,09:30:02,$ 3353.10,1
2787,09:30:02,$ 3353.10,1
2788,09:30:02,$ 3353.10,10
2789,09:30:02,$ 3353.10,1
2790,09:30:02,$ 3353.10,1
2791,09:30:02,$ 3353.10,1
2792,09:30:02,$ 3353.10,5
2794,09:30:02,$ 3353.10,1
2795,09:30:02,$ 3353.10,1
2796,09:30:02,$ 3353.10,3
2797,09:30:02,$ 3353.10,2
2798,09:30:02,$ 3353.10,1
2799,09:30:02,$ 3353.10,1
2800,09:30:02,$ 3353.10,11
2801,09:30:02,$ 3353.10,4
2802,09:30:02,$ 3353.10,1
2803,09:30:02,$ 3353.10,1
2804,09:30:02,$ 3353.10,10
2805,09:30:02,$ 3353.10,3
2806,09:30:02,$ 3353.10,1
2807,09:30:02,$ 3353.10,2
2808,09:30:02,$ 3353.10,3
2809,09:30:02,$ 3353.10,1
2810,09:30:02,$ 3353.10,1
2811,09:30:02,$ 3353.10,1
2812,09:30:02,$ 3353.10,2
2813,09:30:02,$ 3353.10,7
2815,09:30:02,$ 3353.10,1
2816,09:30:02,$ 3353.10,1
2817,09:30:02,$ 3353.10,1
2818,09:30:02,$ 3353.10,1
2819,09:30:02,$ 3353.10,1
2820,09:30:02,$ 3353.10,2
2821,09:30:02,$ 3353.10,1
2822,09:30:02,$ 3353.10,10
2823,09:30:02,$ 3353.10,1
2824,09:30:02,$ 3353.10,2
2825,09:30:02,$ 3353.10,2
2826,09:30:02,$ 3353.10,1
2827,09:30:02,$ 3353.10,1
2828,09:30:02,$ 3353.10,2
2829,09:30:02,$ 3353.10,1
2830,09:30:02,$ 3353.10,2
2831,09:30:02,$ 3353.10,1
2832,09:30:02,$ 3353.10,100
2833,09:30:02,$ 3353.10,4
2834,09:30:02,$ 3353.10,2
2836,09:30:02,$ 3353.10,10
2837,09:30:02,$ 3353.10,2
2838,09:30:02,$ 3353.10,1
2839,09:30:02,$ 3353.10,13
2840,09:30:02,$ 3353.10,5
2841,09:30:02,$ 3353.10,4
2842,09:30:02,$ 3353.10,1
2843,09:30:02,$ 3353.10,1
2844,09:30:02,$ 3353.10,1
2845,09:30:02,$ 3353.10,1
2846,09:30:02,$ 3353.10,1
2847,09:30:02,$ 3353.10,2
2848,09:30:02,$ 3353.10,1
2849,09:30:02,$ 3353.10,3
2850,09:30:02,$ 3353.10,2
2851,09:30:02,$ 3353.10,3
2852,09:30:02,$ 3353.10,5
2853,09:30:02,$ 3353.10,2
2854,09:30:02,$ 3353.10,1
2855,09:30:02,$ 3353.10,3
2857,09:30:02,$ 3353.10,20
2858,09:30:02,$ 3353.10,1
2859,09:30:02,$ 3353.10,1
2860,09:30:02,$ 3353.10,2
2861,09:30:02,$ 3353.10,1
2862,09:30:02,$ 3353.10,12
2863,09:30:02,$ 3353.10,2
2864,09:30:02,$ 3353.10,2
2865,09:30:02,$ 3353.10,1
2866,09:30:02,$ 3353.10,2
2867,09:30:02,$ 3353.10,6
2868,09:30:02,$ 3353.10,1
2869,09:30:02,$ 3353.10,4
2870,09:30:02,$ 3353.10,1
2871,09:30:02,$ 3353.10,1
2872,09:30:02,$ 3353.10,1
2873,09:30:02,$ 3353.10,1
2874,09:30:02,$ 3353.10,3
2875,09:30:02,$ 3353.10,5
2876,09:30:02,$ 3353.10,15
2878,09:30:02,$ 3353.10,1
2879,09:30:02,$ 3353.10,2
2880,09:30:02,$ 3353.10,1
2881,09:30:02,$ 3353.10,1
2882,09:30:02,$ 3353.10,5
2883,09:30:02,$ 3353.10,1
2884,09:30:02,$ 3353.10,3
2885,09:30:02,$ 3353.10,2
2886,09:30:02,$ 3353.10,2
2887,09:30:02,$ 3353.10,1
2888,09:30:02,$ 3353.10,2
2889,09:30:02,$ 3353.10,1
2890,09:30:02,$ 3353.10,4
2891,09:30:02,$ 3353.10,8
2892,09:30:02,$ 3353.10,1
2893,09:30:02,$ 3353.10,10
2894,09:30:02,$ 3353.10,1
2895,09:30:02,$ 3353.10,1
2896,09:30:02,$ 3353.10,1
2897,09:30:02,$ 3353.10,1
2899,09:30:02,$ 3353.10,1
2900,09:30:02,$ 3353.10,1
2901,09:30:02,$ 3353.10,1
2902,09:30:02,$ 3353.10,5
2903,09:30:02,$ 3353.10,5
2904,09:30:02,$ 3353.10,5
2905,09:30:02,$ 3353.10,5
2906,09:30:02,$ 3353.10,3
2907,09:30:02,$ 3353.10,1
2908,09:30:02,$ 3353.10,1
2909,09:30:02,$ 3353.10,1
2910,09:30:02,$ 3353.10,2
2911,09:30:02,$ 3353.10,10
2912,09:30:02,$ 3353.10,10
2913,09:30:02,$ 3353.10,5
2914,09:30:02,$ 3353.10,3
2915,09:30:02,$ 3353.10,6
2916,09:30:02,$ 3353.10,1
2917,09:30:02,$ 3353.10,1
2918,09:30:02,$ 3353.10,10
2920,09:30:02,$ 3353.10,5
2921,09:30:02,$ 3353.10,2
2922,09:30:02,$ 3353.10,3
2923,09:30:02,$ 3353.10,1
2924,09:30:02,$ 3353.10,2
2925,09:30:02,$ 3353.10,1
2926,09:30:02,$ 3353.10,5
2927,09:30:02,$ 3353.10,1
2928,09:30:02,$ 3353.10,1
2929,09:30:02,$ 3353.10,3
2930,09:30:02,$ 3353.10,3
2931,09:30:02,$ 3353.10,1
2932,09:30:02,$ 3353.10,2
2933,09:30:02,$ 3353.10,1
2934,09:30:02,$ 3353.10,5
2935,09:30:02,$ 3353.10,1
2936,09:30:02,$ 3353.10,5
2937,09:30:02,$ 3353.10,1
2938,09:30:02,$ 3353.10,5
2939,09:30:02,$ 3353.10,1
2941,09:30:02,$ 3353.10,2
2942,09:30:02,$ 3353.10,2
2943,09:30:02,$ 3353.10,1
2944,09:30:02,$ 3353.10,1
2945,09:30:02,$ 3353.10,10
2946,09:30:02,$ 3353.10,3
2947,09:30:02,$ 3353.10,2
2948,09:30:02,$ 3353.10,1
2949,09:30:02,$ 3353.10,1
2950,09:30:02,$ 3353.10,1
2951,09:30:02,$ 3353.10,1
2952,09:30:02,$ 3353.10,1
2953,09:30:02,$ 3353.10,1
2954,09:30:02,$ 3353.10,1
2955,09:30:02,$ 3353.10,1
2956,09:30:02,$ 3353.10,1
2957,09:30:02,$ 3353.10,1
2958,09:30:02,$ 3353.10,1
2959,09:30:02,$ 3353.10,1
2960,09:30:02,$ 3353.10,1
2962,09:30:02,$ 3353.10,1
2963,09:30:02,$ 3353.10,1
2964,09:30:02,$ 3353.10,1
2965,09:30:02,$ 3353.10,1
2966,09:30:02,$ 3353.10,1
2967,09:30:02,$ 3353.10,1
2968,09:30:02,$ 3353.10,1
2969,09:30:02,$ 3353.10,1
2970,09:30:02,$ 3353.10,1
2971,09:30:02,$ 3353.10,1
2972,09:30:02,$ 3353.10,1
2973,09:30:02,$ 3353.10,1
2974,09:30:02,$ 3353.10,1
2975,09:30:02,$ 3353.10,1
2976,09:30:02,$ 3353.10,1
2977,09:30:02,$ 3353.10,1
2978,09:30:02,$ 3353.10,1
2979,09:30:02,$ 3353.10,1
2980,09:30:02,$ 3353.10,1
2981,09:30:02,$ 3353.10,1
2983,09:30:02,$ 3353.10,1
2984,09:30:02,$ 3353.10,1
2985,09:30:02,$ 3353.10,1
2986,09:30:02,$ 3353.10,1
2987,09:30:02,$ 3353.10,1
2988,09:30:02,$ 3353.10,1
2989,09:30:02,$ 3353.10,1
2990,09:30:02,$ 3353.10,1
2991,09:30:02,$ 3353.10,1
2992,09:30:02,$ 3353.10,1
2993,09:30:02,$ 3353.10,1
2994,09:30:02,$ 3353.10,1
2995,09:30:02,$ 3353.10,1
2996,09:30:02,$ 3353.10,1
2997,09:30:02,$ 3353.10,1
2998,09:30:02,$ 3353.10,1
2999,09:30:02,$ 3353.10,1
3000,09:30:02,$ 3353.10,10
3001,09:30:02,$ 3353.10,1
3002,09:30:02,$ 3353.10,1
3004,09:30:02,$ 3353.10,1
3005,09:30:02,$ 3353.10,1
3006,09:30:02,$ 3353.10,1
3007,09:30:02,$ 3353.10,1
3008,09:30:02,$ 3353.10,1
3009,09:30:02,$ 3353.10,1
3010,09:30:02,$ 3353.10,1
3011,09:30:02,$ 3353.10,1
3012,09:30:02,$ 3353.10,1
3013,09:30:02,$ 3353.10,1
3014,09:30:02,$ 3353.10,1
3015,09:30:02,$ 3353.10,1
3016,09:30:02,$ 3353.10,1
3017,09:30:02,$ 3353.10,1
3018,09:30:02,$ 3353.10,1
3019,09:30:02,$ 3353.10,1
3020,09:30:02,$ 3353.10,1
3021,09:30:02,$ 3353.10,1
3022,09:30:02,$ 3353.10,1
3023,09:30:02,$ 3353.10,1
3025,09:30:02,$ 3353.10,1
3026,09:30:02,$ 3353.10,1
3027,09:30:02,$ 3353.10,1
3028,09:30:02,$ 3353.10,1
3029,09:30:02,$ 3353.10,1
3030,09:30:02,$ 3353.10,1
3031,09:30:02,$ 3353.10,1
3032,09:30:02,$ 3353.10,1
3033,09:30:02,$ 3353.10,1
3034,09:30:02,$ 3353.10,1
3035,09:30:02,$ 3353.10,1
3036,09:30:02,$ 3353.10,1
3037,09:30:02,$ 3353.10,1
3038,09:30:02,$ 3353.10,1
3039,09:30:02,$ 3353.10,3
3040,09:30:02,$ 3353.10,1
3041,09:30:02,$ 3353.10,1
3042,09:30:02,$ 3353.10,1
3043,09:30:02,$ 3353.10,1
3044,09:30:02,$ 3353.10,1
3046,09:30:02,$ 3353.10,1
3047,09:30:02,$ 3353.10,1
3048,09:30:02,$ 3353.10,1
3049,09:30:02,$ 3353.10,1
3050,09:30:02,$ 3353.10,30
3051,09:30:02,$ 3353.10,1
3052,09:30:02,$ 3353.10,1
3053,09:30:02,$ 3353.10,1
3054,09:30:02,$ 3353.10,1
3055,09:30:02,$ 3353.10,1
3056,09:30:02,$ 3353.10,1
3057,09:30:02,$ 3353.10,1
3058,09:30:02,$ 3353.10,1
3059,09:30:02,$ 3353.10,1
3060,09:30:02,$ 3353.10,1
3061,09:30:02,$ 3353.10,1
3062,09:30:02,$ 3353.10,1
3063,09:30:02,$ 3353.10,1
3064,09:30:02,$ 3353.10,1
3065,09:30:02,$ 3353.10,1
3067,09:30:02,$ 3353.10,1
3068,09:30:02,$ 3353.10,1
3069,09:30:02,$ 3353.10,1
3070,09:30:02,$ 3353.10,1
3071,09:30:02,$ 3353.10,1
3072,09:30:02,$ 3353.10,5
3073,09:30:02,$ 3353.10,1
3074,09:30:02,$ 3353.10,1
3075,09:30:02,$ 3353.10,1
3076,09:30:02,$ 3353.10,1
3077,09:30:02,$ 3353.10,1
3078,09:30:02,$ 3353.10,1
3079,09:30:02,$ 3353.10,1
3080,09:30:02,$ 3353.10,2
3081,09:30:02,$ 3353.10,1
3082,09:30:02,$ 3353.10,1
3083,09:30:02,$ 3353.10,1
3084,09:30:02,$ 3353.10,1
3085,09:30:02,$ 3353.10,1
3086,09:30:02,$ 3353.10,1
3088,09:30:02,$ 3353.10,1
3089,09:30:02,$ 3353.10,1
3090,09:30:02,$ 3353.10,1
3091,09:30:02,$ 3353.10,1
3092,09:30:02,$ 3353.10,1
3093,09:30:02,$ 3353.10,1
3094,09:30:02,$ 3353.10,1
3095,09:30:02,$ 3353.10,1
3096,09:30:02,$ 3353.10,2
3097,09:30:02,$ 3353.10,1
3098,09:30:02,$ 3353.10,1
3099,09:30:02,$ 3353.10,1
3100,09:30:02,$ 3353.10,2
3101,09:30:02,$ 3353.10,1
3102,09:30:02,$ 3353.10,1
3103,09:30:02,$ 3353.10,1
3104,09:30:02,$ 3353.10,2
3105,09:30:02,$ 3353.10,1
3106,09:30:02,$ 3353.10,1
3107,09:30:02,$ 3353.10,1
3109,09:30:02,$ 3353.10,1
3110,09:30:02,$ 3353.10,1
3111,09:30:02,$ 3353.10,1
3112,09:30:02,$ 3353.10,1
3113,09:30:02,$ 3353.10,1
3114,09:30:02,$ 3353.10,1
3115,09:30:02,$ 3353.10,1
3116,09:30:02,$ 3353.10,1
3117,09:30:02,$ 3353.10,1
3118,09:30:02,$ 3353.10,1
3119,09:30:02,$ 3353.10,1
3120,09:30:02,$ 3353.10,1
3121,09:30:02,$ 3353.10,1
3122,09:30:02,$ 3353.10,1
3123,09:30:02,$ 3353.10,1
3124,09:30:02,$ 3353.10,1
3125,09:30:02,$ 3353.10,1
3126,09:30:02,$ 3353.10,1
3127,09:30:02,$ 3353.10,1
3128,09:30:02,$ 3353.10,1
3130,09:30:02,$ 3353.10,1
3131,09:30:02,$ 3353.10,1
3132,09:30:02,$ 3353.10,1
3133,09:30:02,$ 3353.10,1
3134,09:30:02,$ 3353.10,1
3135,09:30:02,$ 3353.10,1
3136,09:30:02,$ 3353.10,1
3137,09:30:02,$ 3353.10,1
3138,09:30:02,$ 3353.10,1
3139,09:30:02,$ 3353.10,1
3140,09:30:02,$ 3353.10,1
3141,09:30:02,$ 3353.10,1
3142,09:30:02,$ 3353.10,1
3143,09:30:02,$ 3353.10,1
3144,09:30:02,$ 3353.10,1
3145,09:30:02,$ 3353.10,1
3146,09:30:02,$ 3353.10,1
3147,09:30:02,$ 3353.10,1
3148,09:30:02,$ 3353.10,1
3149,09:30:02,$ 3353.10,1
3151,09:30:02,$ 3353.10,1
3152,09:30:02,$ 3353.10,1
3153,09:30:02,$ 3353.10,1
3154,09:30:02,$ 3353.10,1
3155,09:30:02,$ 3353.10,1
3156,09:30:02,$ 3353.10,1
3157,09:30:02,$ 3353.10,1
3158,09:30:02,$ 3353.10,1
3159,09:30:02,$ 3353.10,50
3160,09:30:02,$ 3353.10,1
3161,09:30:02,$ 3353.10,1
3162,09:30:02,$ 3353.10,1
3163,09:30:02,$ 3353.10,1
3164,09:30:02,$ 3353.10,1
3165,09:30:02,$ 3353.10,1
3166,09:30:02,$ 3353.10,1
3167,09:30:02,$ 3353.10,1
3168,09:30:02,$ 3353.10,1
3169,09:30:02,$ 3353.10,1
3170,09:30:02,$ 3353.10,1
3172,09:30:02,$ 3353.10,1
3173,09:30:02,$ 3353.10,1
3174,09:30:02,$ 3353.10,1
3175,09:30:02,$ 3353.10,1
3176,09:30:02,$ 3353.10,1
3177,09:30:02,$ 3353.10,1
3178,09:30:02,$ 3353.10,1
3179,09:30:02,$ 3353.10,1
3180,09:30:02,$ 3353.10,1
3181,09:30:02,$ 3353.10,8
3182,09:30:02,$ 3353.10,2
3183,09:30:02,$ 3353.10,1
3184,09:30:02,$ 3353.10,1
3185,09:30:02,$ 3353.10,1
3186,09:30:02,$ 3353.10,1
3187,09:30:02,$ 3353.10,20
3188,09:30:02,$ 3353.10,1
3189,09:30:02,$ 3353.10,5
3190,09:30:02,$ 3353.10,10
3191,09:30:02,$ 3353.10,10
3193,09:30:02,$ 3353.10,10
3194,09:30:02,$ 3353.10,3
3195,09:30:02,$ 3353.10,2
3196,09:30:02,$ 3353.10,20
3197,09:30:02,$ 3353.10,1
3198,09:30:02,$ 3353.10,1
3199,09:30:02,$ 3353.10,2
3200,09:30:02,$ 3353.10,7
3201,09:30:02,$ 3353.10,3
3202,09:30:02,$ 3353.10,15
3203,09:30:02,$ 3353.10,1
3204,09:30:02,$ 3353.10,7
3205,09:30:02,$ 3353.10,1
3206,09:30:02,$ 3353.10,1
3207,09:30:02,$ 3353.10,3
3208,09:30:02,$ 3353.10,8
3209,09:30:02,$ 3353.10,4
3210,09:30:02,$ 3353.10,1
3211,09:30:02,$ 3353.10,1
3212,09:30:02,$ 3353.10,2
3214,09:30:02,$ 3353.10,3
3215,09:30:02,$ 3353.10,1
3216,09:30:02,$ 3353.10,3
3217,09:30:02,$ 3353.10,3
3218,09:30:02,$ 3353.10,12
3219,09:30:02,$ 3353.10,15
3220,09:30:02,$ 3353.10,6
3221,09:30:02,$ 3353.10,10
3222,09:30:02,$ 3353.10,1
3223,09:30:02,$ 3353.10,1
3224,09:30:02,$ 3353.10,5
3225,09:30:02,$ 3353.10,6
3226,09:30:02,$ 3353.10,1
3227,09:30:02,$ 3353.10,1
3228,09:30:02,$ 3353.10,1
3229,09:30:02,$ 3353.10,1
3230,09:30:02,$ 3353.10,1
3231,09:30:02,$ 3353.10,1
3232,09:30:02,$ 3353.10,7
3233,09:30:02,$ 3353.10,1
3235,09:30:02,$ 3353.10,5
3236,09:30:02,$ 3353.10,1
3237,09:30:02,$ 3353.10,1
3238,09:30:02,$ 3353.10,2
3239,09:30:02,$ 3353.10,3
3240,09:30:02,$ 3353.10,4
3241,09:30:02,$ 3353.10,2
3242,09:30:02,$ 3353.10,3
3243,09:30:02,$ 3353.10,2
3244,09:30:02,$ 3353.10,15
3245,09:30:02,$ 3353.10,1
3246,09:30:02,$ 3353.10,15
3247,09:30:02,$ 3353.10,1
3248,09:30:02,$ 3353.10,1
3249,09:30:02,$ 3353.10,1
3250,09:30:02,$ 3353.10,1
3251,09:30:02,$ 3353.10,1
3252,09:30:02,$ 3353.10,1
3253,09:30:02,$ 3353.10,1
3254,09:30:02,$ 3353.10,1
3256,09:30:02,$ 3353.10,1
3257,09:30:02,$ 3353.10,3
3258,09:30:02,$ 3353.10,4
3259,09:30:02,$ 3353.10,5
3260,09:30:02,$ 3353.10,1
3261,09:30:02,$ 3353.10,10
3262,09:30:02,$ 3353.10,4
3263,09:30:02,$ 3353.10,5
3264,09:30:02,$ 3353.10,2
3265,09:30:02,$ 3353.10,21
3266,09:30:02,$ 3353.10,9
3267,09:30:02,$ 3353.10,1
3268,09:30:02,$ 3353.10,1
3269,09:30:02,$ 3353.10,2
3270,09:30:02,$ 3353.10,1
3271,09:30:02,$ 3353.10,3
3272,09:30:02,$ 3353.10,2
3273,09:30:02,$ 3353.10,4
3274,09:30:02,$ 3353.10,11
3275,09:30:02,$ 3353.10,1
3277,09:30:02,$ 3353.10,1
3278,09:30:02,$ 3353.10,5
3279,09:30:02,$ 3353.10,3
3280,09:30:02,$ 3353.10,2
3281,09:30:02,$ 3353.10,1
3282,09:30:02,$ 3353.10,1
3283,09:30:02,$ 3353.10,6
3284,09:30:02,$ 3353.10,1
3285,09:30:02,$ 3353.10,30
3286,09:30:02,$ 3353.10,10
3287,09:30:02,$ 3353.10,1
3288,09:30:02,$ 3353.10,10
3289,09:30:02,$ 3353.10,1
3290,09:30:02,$ 3353.10,40
3291,09:30:02,$ 3353.10,1
3292,09:30:02,$ 3353.10,1
3293,09:30:02,$ 3353.10,1
3294,09:30:02,$ 3353.10,10
3295,09:30:02,$ 3353.10,1
3296,09:30:02,$ 3353.10,3
3298,09:30:02,$ 3353.10,3
3299,09:30:02,$ 3353.10,1
3300,09:30:02,$ 3353.10,10
3301,09:30:02,$ 3353.10,1
3302,09:30:02,$ 3353.10,4
3303,09:30:02,$ 3353.10,1
3304,09:30:02,$ 3353.10,1
3305,09:30:02,$ 3353.10,2
3306,09:30:02,$ 3353.10,1
3307,09:30:02,$ 3353.10,1
3308,09:30:02,$ 3353.10,1
3309,09:30:02,$ 3353.10,2
3310,09:30:02,$ 3353.10,1
3311,09:30:02,$ 3353.10,3
3312,09:30:02,$ 3353.10,1
3313,09:30:02,$ 3353.10,2
3314,09:30:02,$ 3353.10,2
3315,09:30:02,$ 3353.10,2
3316,09:30:02,$ 3353.10,1
3317,09:30:02,$ 3353.10,6
3319,09:30:02,$ 3353.10,1
3320,09:30:02,$ 3353.10,5
3321,09:30:02,$ 3353.10,1
3322,09:30:02,$ 3353.10,2
3323,09:30:02,$ 3353.10,10
3324,09:30:02,$ 3353.10,1
3325,09:30:02,$ 3353.10,2
3326,09:30:02,$ 3353.10,2
3327,09:30:02,$ 3353.10,5
3328,09:30:02,$ 3353.10,1
3329,09:30:02,$ 3353.10,5
3330,09:30:02,$ 3353.10,2
3331,09:30:02,$ 3353.10,5
3332,09:30:02,$ 3353.10,20
3333,09:30:02,$ 3353.10,1
3334,09:30:02,$ 3353.10,1
3335,09:30:02,$ 3353.10,1
3336,09:30:02,$ 3353.10,47
3337,09:30:02,$ 3353.10,1
3338,09:30:02,$ 3353.10,1
3340,09:30:02,$ 3353.10,2
3341,09:30:02,$ 3353.10,1
3342,09:30:02,$ 3353.10,5
3343,09:30:02,$ 3353.10,5
3344,09:30:02,$ 3353.10,1
3345,09:30:02,$ 3353.10,9
3346,09:30:02,$ 3353.10,1
3347,09:30:02,$ 3353.10,10
3348,09:30:02,$ 3353.10,4
3349,09:30:02,$ 3353.10,30
3350,09:30:02,$ 3353.10,4
3351,09:30:02,$ 3353.10,2
3352,09:30:02,$ 3353.10,10
3353,09:30:02,$ 3353.10,6
3354,09:30:02,$ 3353.10,3
3355,09:30:02,$ 3353.10,1
3356,09:30:02,$ 3353.10,1
3357,09:30:02,$ 3353.10,2
3358,09:30:02,$ 3353.10,2
3359,09:30:02,$ 3353.10,1
3361,09:30:02,$ 3353.10,2
3362,09:30:02,$ 3353.10,1
3363,09:30:02,$ 3353.10,10
3364,09:30:02,$ 3353.10,1
3365,09:30:02,$ 3353.10,10
3366,09:30:02,$ 3353.10,4
3367,09:30:02,$ 3353.10,2
3368,09:30:02,$ 3353.10,4
3369,09:30:02,$ 3353.10,6
3370,09:30:02,$ 3353.10,1
3371,09:30:02,$ 3353.10,1
3372,09:30:02,$ 3353.10,3
3373,09:30:02,$ 3353.10,10
3374,09:30:02,$ 3353.10,5
3375,09:30:02,$ 3353.10,1
3376,09:30:02,$ 3353.10,3
3377,09:30:02,$ 3353.10,1
3378,09:30:02,$ 3353.10,2
3379,09:30:02,$ 3353.10,10
3380,09:30:02,$ 3353.10,10
3382,09:30:02,$ 3353.10,5
3383,09:30:02,$ 3353.10,3
3384,09:30:02,$ 3353.10,4
3385,09:30:02,$ 3353.10,3
3386,09:30:02,$ 3353.10,5
3387,09:30:02,$ 3353.10,3
3388,09:30:02,$ 3353.10,1
3389,09:30:02,$ 3353.10,2
3390,09:30:02,$ 3353.10,71
3391,09:30:02,$ 3353.10,2
3392,09:30:02,$ 3353.10,1
3393,09:30:02,$ 3353.10,1
3394,09:30:02,$ 3353.10,1
3395,09:30:02,$ 3353.10,1
3396,09:30:02,$ 3353.10,2
3397,09:30:02,$ 3353.10,1
3398,09:30:02,$ 3353.10,1
3399,09:30:02,$ 3353.10,1
3400,09:30:02,$ 3353.10,100
3401,09:30:02,$ 3353.10,2
3403,09:30:02,$ 3353.10,20
3404,09:30:02,$ 3353.10,3
3405,09:30:02,$ 3353.10,30
3406,09:30:02,$ 3353.10,100
3407,09:30:02,$ 3353.10,1
3408,09:30:02,$ 3353.10,5
3409,09:30:02,$ 3353.10,1
3410,09:30:02,$ 3353.10,10
3411,09:30:02,$ 3353.10,1
3412,09:30:02,$ 3353.10,4
3413,09:30:02,$ 3353.10,12
3414,09:30:02,$ 3353.10,1
3415,09:30:02,$ 3353.10,5
3416,09:30:02,$ 3353.10,3
3417,09:30:02,$ 3353.10,1
3418,09:30:02,$ 3353.10,3
3419,09:30:02,$ 3353.10,1
3420,09:30:02,$ 3353.10,15
3421,09:30:02,$ 3353.10,10
3422,09:30:02,$ 3353.10,3
3424,09:30:02,$ 3353.10,10
3425,09:30:02,$ 3353.10,2
3426,09:30:02,$ 3353.10,2
3427,09:30:02,$ 3353.10,1
3428,09:30:02,$ 3353.10,2
3429,09:30:02,$ 3353.10,2
3430,09:30:02,$ 3353.10,2
3431,09:30:02,$ 3353.10,1
3432,09:30:02,$ 3353.10,5
3433,09:30:02,$ 3353.10,1
3434,09:30:02,$ 3353.10,5
3435,09:30:02,$ 3353.10,4
3436,09:30:02,$ 3353.10,10
3437,09:30:02,$ 3353.10,12
3438,09:30:02,$ 3353.10,3
3439,09:30:02,$ 3353.10,3
3440,09:30:02,$ 3353.10,3
3441,09:30:02,$ 3353.10,3
3442,09:30:02,$ 3353.10,5
3443,09:30:02,$ 3353.10,3
3445,09:30:02,$ 3353.10,1
3446,09:30:02,$ 3353.10,3
3447,09:30:02,$ 3353.10,3
3448,09:30:02,$ 3353.10,7
3449,09:30:02,$ 3353.10,3
3450,09:30:02,$ 3353.10,1
3451,09:30:02,$ 3353.10,3
3452,09:30:02,$ 3353.10,4
3453,09:30:02,$ 3353.10,2
3454,09:30:02,$ 3353.10,3
3455,09:30:02,$ 3353.10,3
3456,09:30:02,$ 3353.10,2
3457,09:30:02,$ 3353.10,7
3458,09:30:02,$ 3353.10,10
3459,09:30:02,$ 3353.10,8
3460,09:30:02,$ 3353.10,1
3461,09:30:02,$ 3353.10,5
3462,09:30:02,$ 3353.10,1
3463,09:30:02,$ 3353.10,1
3464,09:30:02,$ 3353.10,1
3466,09:30:02,$ 3353.10,1
3467,09:30:02,$ 3353.10,3
3468,09:30:02,$ 3353.10,1
3469,09:30:02,$ 3353.10,4
3470,09:30:02,$ 3353.10,1
3471,09:30:02,$ 3353.10,15
3472,09:30:02,$ 3353.10,3
3473,09:30:02,$ 3353.10,1
3474,09:30:02,$ 3353.10,1
3475,09:30:02,$ 3353.10,1
3476,09:30:02,$ 3353.10,4
3477,09:30:02,$ 3353.10,2
3478,09:30:02,$ 3353.10,1
3479,09:30:02,$ 3353.10,29
3480,09:30:02,$ 3353.10,1
3481,09:30:02,$ 3353.10,2
3482,09:30:02,$ 3353.10,10
3483,09:30:02,$ 3353.10,1
3484,09:30:02,$ 3353.10,10
3485,09:30:02,$ 3353.10,1
3487,09:30:02,$ 3353.10,3
3488,09:30:02,$ 3353.10,6
3489,09:30:02,$ 3353.10,1
3490,09:30:02,$ 3353.10,5
3491,09:30:02,$ 3353.10,3
3492,09:30:02,$ 3353.10,5
3493,09:30:02,$ 3353.10,4
3494,09:30:02,$ 3353.10,7
3495,09:30:02,$ 3353.10,1
3496,09:30:02,$ 3353.10,13
3497,09:30:02,$ 3353.10,2
3498,09:30:02,$ 3353.10,4
3499,09:30:02,$ 3353.10,1
3500,09:30:02,$ 3353.10,2
3501,09:30:02,$ 3353.10,1
3502,09:30:02,$ 3353.10,1
3503,09:30:02,$ 3353.10,2
3504,09:30:02,$ 3353.10,2
3505,09:30:02,$ 3353.10,12
3506,09:30:02,$ 3353.10,8
3508,09:30:02,$ 3353.10,3
3509,09:30:02,$ 3353.10,3
3510,09:30:02,$ 3353.10,3
3511,09:30:02,$ 3353.10,35
3512,09:30:02,$ 3353.10,5
3513,09:30:02,$ 3353.10,4
3514,09:30:02,$ 3353.10,2
3515,09:30:02,$ 3353.10,2
3516,09:30:02,$ 3353.10,2
3517,09:30:02,$ 3353.10,3
3518,09:30:02,$ 3353.10,3
3519,09:30:02,$ 3353.10,2
3520,09:30:02,$ 3353.10,5
3521,09:30:02,$ 3353.10,6
3522,09:30:02,$ 3353.10,2
3523,09:30:02,$ 3353.10,10
3524,09:30:02,$ 3353.10,10
3525,09:30:02,$ 3353.10,5
3526,09:30:02,$ 3353.10,1
3527,09:30:02,$ 3353.10,3
3529,09:30:02,$ 3353.10,20
3530,09:30:02,$ 3353.10,5
3531,09:30:02,$ 3353.10,3
3532,09:30:02,$ 3353.10,10
3533,09:30:02,$ 3353.10,1
3534,09:30:02,$ 3353.10,7
3535,09:30:02,$ 3353.10,10
3536,09:30:02,$ 3353.10,1
3537,09:30:02,$ 3353.10,6
3538,09:30:02,$ 3353.10,4
3539,09:30:02,$ 3353.10,1
3540,09:30:02,$ 3353.10,12
3541,09:30:02,$ 3353.10,3
3542,09:30:02,$ 3353.10,4
3543,09:30:02,$ 3353.10,3
3544,09:30:02,$ 3353.10,1
3545,09:30:02,$ 3353.10,7
3546,09:30:02,$ 3353.10,30
3547,09:30:02,$ 3353.10,2
3548,09:30:02,$ 3353.10,1
3550,09:30:02,$ 3353.10,1
3551,09:30:02,$ 3353.10,2
3552,09:30:02,$ 3353.10,2
3553,09:30:02,$ 3353.10,3
3554,09:30:02,$ 3353.10,1
3555,09:30:02,$ 3353.10,18
3556,09:30:02,$ 3353.10,1
3557,09:30:02,$ 3353.10,4
3558,09:30:02,$ 3353.10,1
3559,09:30:02,$ 3353.10,2
3560,09:30:02,$ 3353.10,1
3561,09:30:02,$ 3353.10,5
3562,09:30:02,$ 3353.10,1
3563,09:30:02,$ 3353.10,1
3564,09:30:02,$ 3353.10,12
3565,09:30:02,$ 3353.10,4
3566,09:30:02,$ 3353.10,5
3567,09:30:02,$ 3353.10,1
3568,09:30:02,$ 3353.10,6
3569,09:30:02,$ 3353.10,2
3571,09:30:02,$ 3353.10,1
3572,09:30:02,$ 3353.10,4
3573,09:30:02,$ 3353.10,3
3574,09:30:02,$ 3353.10,6
3575,09:30:02,$ 3353.10,50
3576,09:30:02,$ 3353.10,1
3577,09:30:02,$ 3353.10,1
3578,09:30:02,$ 3353.10,1
3579,09:30:02,$ 3353.10,3
3580,09:30:02,$ 3353.10,1
3581,09:30:02,$ 3353.10,4
3582,09:30:02,$ 3353.10,2
3583,09:30:02,$ 3353.10,2
3584,09:30:02,$ 3353.10,1
3585,09:30:02,$ 3353.10,1
3586,09:30:02,$ 3353.10,1
3587,09:30:02,$ 3353.10,4
3588,09:30:02,$ 3353.10,30
3589,09:30:02,$ 3353.10,1
3590,09:30:02,$ 3353.10,1
3592,09:30:02,$ 3353.10,5
3593,09:30:02,$ 3353.10,1
3594,09:30:02,$ 3353.10,10
3595,09:30:02,$ 3353.10,1
3596,09:30:02,$ 3353.10,2
3597,09:30:02,$ 3353.10,1
3598,09:30:02,$ 3353.10,1
3599,09:30:02,$ 3353.10,2
3600,09:30:02,$ 3353.10,1
3601,09:30:02,$ 3353.10,7
3602,09:30:02,$ 3353.10,1
3603,09:30:02,$ 3353.10,29
3604,09:30:02,$ 3353.10,5
3605,09:30:02,$ 3353.10,7
3606,09:30:02,$ 3353.10,1
3607,09:30:02,$ 3353.10,5
3608,09:30:02,$ 3353.10,2
3609,09:30:02,$ 3353.10,2
3610,09:30:02,$ 3353.10,3
3611,09:30:02,$ 3353.10,6
3613,09:30:02,$ 3353.10,6
3614,09:30:02,$ 3353.10,1
3615,09:30:02,$ 3353.10,3
3616,09:30:02,$ 3353.10,1
3617,09:30:02,$ 3353.10,24
3618,09:30:02,$ 3353.10,1
3619,09:30:02,$ 3353.10,2
3620,09:30:02,$ 3353.10,3
3621,09:30:02,$ 3353.10,10
3622,09:30:02,$ 3353.10,15
3623,09:30:02,$ 3353.10,1
3624,09:30:02,$ 3353.10,6
3625,09:30:02,$ 3353.10,3
3626,09:30:02,$ 3353.10,1
3627,09:30:02,$ 3353.10,3
3628,09:30:02,$ 3353.10,1
3629,09:30:02,$ 3353.10,2
3630,09:30:02,$ 3353.10,15
3631,09:30:02,$ 3353.10,2
3632,09:30:02,$ 3353.10,1
3634,09:30:02,$ 3353.10,2
3635,09:30:02,$ 3353.10,2
3636,09:30:02,$ 3353.10,3
3637,09:30:02,$ 3353.10,2
3638,09:30:02,$ 3353.10,2
3639,09:30:02,$ 3353.10,1
3640,09:30:02,$ 3353.10,3
3641,09:30:02,$ 3353.10,6
3642,09:30:02,$ 3353.10,1
3643,09:30:02,$ 3353.10,3
3644,09:30:02,$ 3353.10,1
3645,09:30:02,$ 3353.10,1
3646,09:30:02,$ 3353.10,3
3647,09:30:02,$ 3353.10,1
3648,09:30:02,$ 3353.10,1
3649,09:30:02,$ 3353.10,1
3650,09:30:02,$ 3353.10,1
3651,09:30:02,$ 3353.10,2
3652,09:30:02,$ 3353.10,2
3653,09:30:02,$ 3353.10,3
3655,09:30:02,$ 3353.10,1
3656,09:30:02,$ 3353.10,1
3657,09:30:02,$ 3353.10,1
3658,09:30:02,$ 3353.10,1
3659,09:30:02,$ 3353.10,1
3660,09:30:02,$ 3353.10,1
3661,09:30:02,$ 3353.10,3
3662,09:30:02,$ 3353.10,1
3663,09:30:02,$ 3353.10,1
3664,09:30:02,$ 3353.10,2
3665,09:30:02,$ 3353.10,1
3666,09:30:02,$ 3353.10,2
3667,09:30:02,$ 3353.10,2
3668,09:30:02,$ 3353.10,2
3669,09:30:02,$ 3353.10,1
3670,09:30:02,$ 3353.10,1
3671,09:30:02,$ 3353.10,2
3672,09:30:02,$ 3353.10,2
3673,09:30:02,$ 3353.10,2
3674,09:30:02,$ 3353.10,1
3676,09:30:02,$ 3353.10,2
3677,09:30:02,$ 3353.10,1
3678,09:30:02,$ 3353.10,9
3679,09:30:02,$ 3353.10,2
3680,09:30:02,$ 3353.10,1
3681,09:30:02,$ 3353.10,2
3682,09:30:02,$ 3353.10,1
3683,09:30:02,$ 3353.10,1
3684,09:30:02,$ 3353.10,13
3685,09:30:02,$ 3353.10,15
3686,09:30:02,$ 3353.10,13
3687,09:30:02,$ 3353.10,4
3688,09:30:02,$ 3353.10,3
3689,09:30:02,$ 3353.10,1
3690,09:30:02,$ 3353.10,1
3691,09:30:02,$ 3353.10,3
3692,09:30:02,$ 3353.10,6
3693,09:30:02,$ 3353.10,3
3694,09:30:02,$ 3353.10,4
3695,09:30:02,$ 3353.10,1
3697,09:30:02,$ 3353.10,1
3698,09:30:02,$ 3353.10,1
3699,09:30:02,$ 3353.10,2
3700,09:30:02,$ 3353.10,2
3701,09:30:02,$ 3353.10,3
3702,09:30:02,$ 3353.10,1
3703,09:30:02,$ 3353.10,8
3704,09:30:02,$ 3353.10,25
3705,09:30:02,$ 3353.10,50
3706,09:30:02,$ 3353.10,5
3707,09:30:02,$ 3353.10,1
3708,09:30:02,$ 3353.10,2
3709,09:30:02,$ 3353.10,1
3710,09:30:02,$ 3353.10,1
3711,09:30:02,$ 3353.10,1
3712,09:30:02,$ 3353.10,50
3713,09:30:02,$ 3353.10,19
3714,09:30:02,$ 3353.10,1
3715,09:30:02,$ 3353.10,2
3716,09:30:02,$ 3353.10,5
3718,09:30:02,$ 3353.10,8
3719,09:30:02,$ 3353.10,3
3720,09:30:02,$ 3353.10,1
3721,09:30:02,$ 3353.10,2
3722,09:30:02,$ 3353.10,2
3723,09:30:02,$ 3353.10,2
3724,09:30:02,$ 3353.10,25
3725,09:30:02,$ 3353.10,10
3726,09:30:02,$ 3353.10,2
3727,09:30:02,$ 3353.10,15
3728,09:30:02,$ 3353.10,26
3729,09:30:02,$ 3353.10,2
3730,09:30:02,$ 3353.10,15
3731,09:30:02,$ 3353.10,5
3732,09:30:02,$ 3353.10,1
3733,09:30:02,$ 3353.10,4
3734,09:30:02,$ 3353.10,1
3735,09:30:02,$ 3353.10,1
3736,09:30:02,$ 3353.10,1
3737,09:30:02,$ 3353.10,1
3739,09:30:02,$ 3353.10,1
3740,09:30:02,$ 3353.10,1
3741,09:30:02,$ 3353.10,1
3742,09:30:02,$ 3353.10,1
3743,09:30:02,$ 3353.10,1
3744,09:30:02,$ 3353.10,1
3745,09:30:02,$ 3353.10,1
3746,09:30:02,$ 3353.10,1
3747,09:30:02,$ 3353.10,1
3748,09:30:02,$ 3353.10,1
3749,09:30:02,$ 3353.10,10
3750,09:30:02,$ 3353.10,1
3751,09:30:02,$ 3353.10,1
3752,09:30:02,$ 3353.10,10
3753,09:30:02,$ 3353.10,1
3754,09:30:02,$ 3353.10,1
3755,09:30:02,$ 3353.10,1
3756,09:30:02,$ 3353.10,1
3757,09:30:02,$ 3353.10,2
3758,09:30:02,$ 3353.10,1
3760,09:30:02,$ 3353.10,32
3761,09:30:02,$ 3353.10,3
3762,09:30:02,$ 3353.10,1
3763,09:30:02,$ 3353.10,5
3764,09:30:02,$ 3353.10,1
3765,09:30:02,$ 3353.10,20
3766,09:30:02,$ 3353.10,10
3767,09:30:02,$ 3353.10,50
3768,09:30:02,$ 3353.10,2
3769,09:30:02,$ 3353.10,5
3770,09:30:02,$ 3353.10,3
3771,09:30:02,$ 3353.10,20
3772,09:30:02,$ 3353.10,2
3773,09:30:02,$ 3353.10,3
3774,09:30:02,$ 3353.10,1
3775,09:30:02,$ 3353.10,1
3776,09:30:02,$ 3353.10,10
3777,09:30:02,$ 3353.10,1
3778,09:30:02,$ 3353.10,1
3779,09:30:02,$ 3353.10,25
3781,09:30:02,$ 3353.10,3
3782,09:30:02,$ 3353.10,2
3783,09:30:02,$ 3353.10,23
3784,09:30:02,$ 3353.10,1
3785,09:30:02,$ 3353.10,1
3786,09:30:02,$ 3353.10,6
3787,09:30:02,$ 3353.10,4
3788,09:30:02,$ 3353.10,1
3789,09:30:02,$ 3353.10,2
3790,09:30:02,$ 3353.10,1
3791,09:30:02,$ 3353.10,1
3792,09:30:02,$ 3353.10,9
3793,09:30:02,$ 3353.10,10
3794,09:30:02,$ 3353.10,3
3795,09:30:02,$ 3353.10,2
3796,09:30:02,$ 3353.10,1
3797,09:30:02,$ 3353.10,1
3798,09:30:02,$ 3353.10,9
3799,09:30:02,$ 3353.10,2
3800,09:30:02,$ 3353.10,2
3802,09:30:02,$ 3353.10,9
3803,09:30:02,$ 3353.10,1
3804,09:30:02,$ 3353.10,10
3805,09:30:02,$ 3353.10,1
3806,09:30:02,$ 3353.10,1
3807,09:30:02,$ 3353.10,1
3808,09:30:02,$ 3353.10,5
3809,09:30:02,$ 3353.10,39
3810,09:30:02,$ 3353.10,1
3811,09:30:02,$ 3353.10,15
3812,09:30:02,$ 3353.10,3
3813,09:30:02,$ 3353.10,1
3814,09:30:02,$ 3353.10,1
3815,09:30:02,$ 3353.10,1
3816,09:30:02,$ 3353.10,2
3817,09:30:02,$ 3353.10,5
3818,09:30:02,$ 3353.10,1
3819,09:30:02,$ 3353.10,1
3820,09:30:02,$ 3353.10,1
3821,09:30:02,$ 3353.10,3
3823,09:30:02,$ 3353.10,2
3824,09:30:02,$ 3353.10,1
3825,09:30:02,$ 3353.10,3
3826,09:30:02,$ 3353.10,7
3827,09:30:02,$ 3353.10,1
3828,09:30:02,$ 3353.10,3
3829,09:30:02,$ 3353.10,2
3830,09:30:02,$ 3353.10,3
3831,09:30:02,$ 3353.10,10
3832,09:30:02,$ 3353.10,2
3833,09:30:02,$ 3353.10,1
3834,09:30:02,$ 3353.10,4
3835,09:30:02,$ 3353.10,2
3836,09:30:02,$ 3353.10,5
3837,09:30:02,$ 3353.10,1
3838,09:30:02,$ 3353.10,30
3839,09:30:02,$ 3353.10,1
3840,09:30:02,$ 3353.10,1
3841,09:30:02,$ 3353.10,2
3842,09:30:02,$ 3353.10,1
3844,09:30:02,$ 3353.10,3
3845,09:30:02,$ 3353.10,2
3846,09:30:02,$ 3353.10,2
3847,09:30:02,$ 3353.10,3
3848,09:30:02,$ 3353.10,1
3849,09:30:02,$ 3353.10,1
3850,09:30:02,$ 3353.10,3
3851,09:30:02,$ 3353.10,1
3852,09:30:02,$ 3353.10,1
3853,09:30:02,$ 3353.10,1
3854,09:30:02,$ 3353.10,12
3855,09:30:02,$ 3353.10,1
3856,09:30:02,$ 3353.10,1
3857,09:30:02,$ 3353.10,7
3858,09:30:02,$ 3353.10,4
3859,09:30:02,$ 3353.10,1
3860,09:30:02,$ 3353.10,6
3861,09:30:02,$ 3353.10,2
3862,09:30:02,$ 3353.10,10
3863,09:30:02,$ 3353.10,1
3865,09:30:02,$ 3353.10,1
3866,09:30:02,$ 3353.10,2
3867,09:30:02,$ 3353.10,20
3868,09:30:02,$ 3353.10,2
3869,09:30:02,$ 3353.10,1
3870,09:30:02,$ 3353.10,2
3871,09:30:02,$ 3353.10,1
3872,09:30:02,$ 3353.10,2
3873,09:30:02,$ 3353.10,3
3874,09:30:02,$ 3353.10,20
3875,09:30:02,$ 3353.10,3
3876,09:30:02,$ 3353.10,1
3877,09:30:02,$ 3353.10,30
3878,09:30:02,$ 3353.10,1
3879,09:30:02,$ 3353.10,1
3880,09:30:02,$ 3353.10,1
3881,09:30:02,$ 3353.10,2
3882,09:30:02,$ 3353.10,11
3883,09:30:02,$ 3353.10,10
3884,09:30:02,$ 3353.10,7
3886,09:30:02,$ 3353.10,5
3887,09:30:02,$ 3353.10,2
3888,09:30:02,$ 3353.10,5
3889,09:30:02,$ 3353.10,3
3890,09:30:02,$ 3353.10,1
3891,09:30:02,$ 3353.10,1
3892,09:30:02,$ 3353.10,7
3893,09:30:02,$ 3353.10,1
3894,09:30:02,$ 3353.10,1
3895,09:30:02,$ 3353.10,4
3896,09:30:02,$ 3353.10,2
3897,09:30:02,$ 3353.10,6
3898,09:30:02,$ 3353.10,1
3899,09:30:02,$ 3353.10,5
3900,09:30:02,$ 3353.10,5
3901,09:30:02,$ 3353.10,1
3902,09:30:02,$ 3353.10,6
3903,09:30:02,$ 3353.10,6
3904,09:30:02,$ 3353.10,10
3905,09:30:02,$ 3353.10,2
3907,09:30:02,$ 3353.10,2
3908,09:30:02,$ 3353.10,1
3909,09:30:02,$ 3353.10,1
3910,09:30:02,$ 3353.10,6
3911,09:30:02,$ 3353.10,3
3912,09:30:02,$ 3353.10,2
3913,09:30:02,$ 3353.10,2
3914,09:30:02,$ 3353.10,1
3915,09:30:02,$ 3353.10,100
3916,09:30:02,$ 3353.10,1
3917,09:30:02,$ 3353.10,3
3918,09:30:02,$ 3353.10,30
3919,09:30:02,$ 3353.10,1
3920,09:30:02,$ 3353.10,2
3921,09:30:02,$ 3353.10,2
3922,09:30:02,$ 3353.10,5
3923,09:30:02,$ 3353.10,1
3924,09:30:02,$ 3353.10,4
3925,09:30:02,$ 3353.10,1
3926,09:30:02,$ 3353.10,1
3928,09:30:02,$ 3353.10,3
3929,09:30:02,$ 3353.10,1
3930,09:30:02,$ 3353.10,5
3931,09:30:02,$ 3353.10,1
3932,09:30:02,$ 3353.10,3
3933,09:30:02,$ 3353.10,1
3934,09:30:02,$ 3353.10,3
3935,09:30:02,$ 3353.10,1
3936,09:30:02,$ 3353.10,2
3937,09:30:02,$ 3353.10,1
3938,09:30:02,$ 3353.10,2
3939,09:30:02,$ 3353.10,2
3940,09:30:02,$ 3353.10,7
3941,09:30:02,$ 3353.10,4
3942,09:30:02,$ 3353.10,6
