,NLS Time (ET),NLS Price,NLS Share Volume
1,09:59:57,$ 3463.08,100
2,09:59:57,$ 3462.32,700
3,09:59:47,$ 3462.6998,100
4,09:59:39,$ 3462.4723,400
5,09:59:37,$ 3463.09,"1,000"
6,09:59:27,$ 3460.20,100
7,09:59:27,$ 3460.275,100
8,09:59:27,$ 3460.265,100
9,09:59:22,$ 3460.64,100
10,09:59:22,$ 3460.64,100
11,09:59:22,$ 3460.78,100
12,09:59:22,$ 3460.64,100
13,09:59:22,$ 3460.64,100
14,09:59:22,$ 3460.64,100
15,09:59:22,$ 3460.95,100
16,09:59:22,$ 3461.00,200
17,09:59:20,$ 3461.015,250
18,09:59:19,$ 3461.30,100
19,09:59:14,$ 3460.22,130
20,09:59:12,$ 3460.9633,200
22,09:59:10,$ 3460.9633,100
23,09:59:09,$ 3459.965,100
24,09:59:07,$ 3460.71,100
25,09:59:06,$ 3460.84,100
26,09:59:03,$ 3459.61,100
27,09:59:02,$ 3460.18,100
28,09:59:02,$ 3459.87,100
29,09:59:02,$ 3460.00,100
30,09:58:48,$ 3462.13,100
31,09:58:47,$ 3462.485,100
32,09:58:37,$ 3460.57,100
33,09:58:29,$ 3460.88,100
34,09:58:29,$ 3460.88,113
35,09:58:09,$ 3459.615,100
36,09:58:09,$ 3460.05,100
37,09:58:09,$ 3460.00,100
38,09:58:09,$ 3460.05,100
39,09:58:09,$ 3460.00,900
40,09:58:09,$ 3460.00,100
41,09:58:09,$ 3460.08,100
43,09:57:55,$ 3462.00,100
44,09:57:55,$ 3462.685,100
45,09:57:55,$ 3462.01,100
46,09:57:55,$ 3462.00,290
47,09:57:55,$ 3462.10,100
48,09:57:50,$ 3462.42,100
49,09:57:49,$ 3463.37,100
50,09:57:49,$ 3463.36,100
51,09:57:47,$ 3463.04,100
52,09:57:47,$ 3463.00,100
53,09:57:44,$ 3464.59,100
54,09:57:44,$ 3464.08,100
55,09:57:25,$ 3466.00,100
56,09:57:21,$ 3465.205,100
57,09:57:19,$ 3465.045,100
58,09:57:16,$ 3466.085,100
59,09:57:10,$ 3466.9999,100
60,09:57:03,$ 3465.41,100
61,09:57:03,$ 3465.53,100
62,09:56:59,$ 3465.25,100
64,09:56:59,$ 3465.25,100
65,09:56:59,$ 3465.25,100
66,09:56:59,$ 3465.605,100
67,09:56:54,$ 3464.98,100
68,09:56:54,$ 3465.14,100
69,09:56:54,$ 3464.98,100
70,09:56:50,$ 3464.56,100
71,09:56:49,$ 3463.81,100
72,09:56:46,$ 3463.75,100
73,09:56:27,$ 3465.245,100
74,09:56:18,$ 3464.63,100
75,09:56:13,$ 3465.37,100
76,09:56:13,$ 3464.47,100
77,09:56:13,$ 3464.77,100
78,09:56:13,$ 3464.50,100
79,09:56:04,$ 3465.0366,500
80,09:55:56,$ 3464.37,300
81,09:55:55,$ 3464.24,115
82,09:55:37,$ 3464.2845,100
83,09:55:32,$ 3465.00,100
85,09:55:32,$ 3465.00,882
86,09:55:32,$ 3465.00,180
87,09:55:32,$ 3465.00,150
88,09:55:01,$ 3466.65,100
89,09:55:01,$ 3466.63,100
90,09:54:58,$ 3467.00,109
91,09:54:58,$ 3467.00,403
92,09:54:50,$ 3465.3001,166
93,09:54:46,$ 3466.38,100
94,09:54:46,$ 3466.22,100
95,09:54:43,$ 3466.43,353
96,09:54:43,$ 3465.87,100
97,09:54:33,$ 3465.66,100
98,09:54:23,$ 3466.5301,100
99,09:54:18,$ 3467.13,240
100,09:54:18,$ 3467.18,500
101,09:54:13,$ 3467.35,100
102,09:54:13,$ 3467.33,100
103,09:54:11,$ 3468.11,100
104,09:54:07,$ 3468.67,130
106,09:54:00,$ 3469.46,259
107,09:53:53,$ 3469.28,100
108,09:53:49,$ 3470.265,100
109,09:53:48,$ 3470.26,100
110,09:53:47,$ 3470.4314,100
111,09:53:45,$ 3469.52,100
112,09:53:45,$ 3469.544,100
113,09:53:45,$ 3469.55,100
114,09:53:45,$ 3469.54,175
115,09:53:33,$ 3470.9999,100
116,09:53:24,$ 3470.0244,100
117,09:53:24,$ 3470.00,100
118,09:53:23,$ 3469.65,100
119,09:53:21,$ 3469.5433,100
120,09:53:07,$ 3468.93,100
121,09:53:07,$ 3468.99,100
122,09:53:00,$ 3467.28,100
123,09:52:47,$ 3466.72,100
124,09:52:37,$ 3467.29,100
125,09:52:32,$ 3467.41,100
127,09:52:30,$ 3465.90,351
128,09:52:30,$ 3465.90,244
129,09:52:23,$ 3465.0001,100
130,09:52:20,$ 3465.00,100
131,09:52:17,$ 3465.00,100
132,09:52:14,$ 3464.1588,250
133,09:52:07,$ 3463.7227,375
134,09:52:07,$ 3464.174,100
135,09:52:02,$ 3462.94,100
136,09:52:02,$ 3462.89,100
137,09:51:52,$ 3463.6377,250
138,09:51:43,$ 3462.60,100
139,09:51:40,$ 3463.44,100
140,09:51:31,$ 3462.77,100
141,09:51:31,$ 3462.595,100
142,09:51:24,$ 3462.95,100
143,09:51:11,$ 3462.77,100
144,09:51:09,$ 3462.20,100
145,09:51:07,$ 3462.14,100
146,09:51:03,$ 3462.01,100
148,09:51:01,$ 3462.775,100
149,09:51:01,$ 3462.72,100
150,09:51:00,$ 3462.80,100
151,09:50:57,$ 3463.33,100
152,09:50:42,$ 3464.05,100
153,09:50:42,$ 3463.445,100
154,09:50:40,$ 3463.40,100
155,09:50:37,$ 3463.73,100
156,09:50:32,$ 3463.6303,100
157,09:50:28,$ 3464.975,100
158,09:50:26,$ 3464.881,100
159,09:50:21,$ 3465.00,100
160,09:50:21,$ 3464.00,203
161,09:50:21,$ 3465.14,100
162,09:50:21,$ 3465.14,100
163,09:50:21,$ 3465.04,100
164,09:50:21,$ 3464.82,100
165,09:50:19,$ 3465.96,"1,000"
166,09:50:18,$ 3465.96,100
167,09:50:18,$ 3465.15,100
169,09:50:17,$ 3465.14,100
170,09:50:17,$ 3465.89,100
171,09:50:14,$ 3466.385,100
172,09:50:08,$ 3466.12,100
173,09:50:07,$ 3466.12,100
174,09:50:06,$ 3466.165,100
175,09:50:02,$ 3466.795,200
176,09:50:02,$ 3466.81,100
177,09:50:01,$ 3466.81,100
178,09:50:01,$ 3466.80,100
179,09:50:00,$ 3467.00,100
180,09:49:55,$ 3468.10,100
181,09:49:50,$ 3469.29,100
182,09:49:44,$ 3469.00,300
183,09:49:43,$ 3469.035,100
184,09:49:43,$ 3468.535,100
185,09:49:38,$ 3469.1387,500
186,09:49:35,$ 3469.10,100
187,09:49:31,$ 3469.9609,100
188,09:49:31,$ 3469.855,100
190,09:49:28,$ 3469.8748,200
191,09:49:25,$ 3470.29,100
192,09:49:24,$ 3470.90,100
193,09:49:23,$ 3470.01,100
194,09:49:21,$ 3469.815,100
195,09:49:20,$ 3470.00,100
196,09:49:20,$ 3470.00,250
197,09:49:20,$ 3470.00,100
198,09:49:20,$ 3468.715,100
199,09:49:20,$ 3469.215,200
200,09:49:20,$ 3469.85,100
201,09:49:20,$ 3469.855,100
202,09:49:19,$ 3468.88,100
203,09:49:18,$ 3469.40,168
204,09:49:18,$ 3467.545,100
205,09:49:18,$ 3467.51,100
206,09:49:18,$ 3467.49,100
207,09:49:17,$ 3467.225,383
208,09:49:14,$ 3467.14,100
209,09:49:13,$ 3467.97,100
211,09:49:12,$ 3467.625,100
212,09:49:11,$ 3467.23,100
213,09:49:10,$ 3467.9861,288
214,09:49:10,$ 3466.33,100
215,09:49:10,$ 3467.00,400
216,09:49:10,$ 3467.00,100
217,09:49:10,$ 3467.00,100
218,09:49:10,$ 3466.335,100
219,09:49:10,$ 3466.22,100
220,09:49:04,$ 3466.00,100
221,09:49:04,$ 3465.97,100
222,09:49:00,$ 3465.545,100
223,09:48:58,$ 3465.5802,100
224,09:48:46,$ 3465.44,100
225,09:48:43,$ 3465.65,280
226,09:48:36,$ 3464.99,100
227,09:48:36,$ 3465.00,677
228,09:48:36,$ 3465.00,200
229,09:48:36,$ 3465.00,100
230,09:48:36,$ 3465.00,100
232,09:48:36,$ 3465.00,100
233,09:48:35,$ 3464.72,100
234,09:48:31,$ 3464.28,200
235,09:48:28,$ 3463.55,150
236,09:48:28,$ 3464.00,100
237,09:48:17,$ 3463.91,100
238,09:48:17,$ 3463.17,100
239,09:48:10,$ 3463.0099,259
240,09:48:03,$ 3463.357,107
241,09:48:02,$ 3463.6461,250
242,09:48:00,$ 3463.81,100
243,09:48:00,$ 3463.80,100
244,09:48:00,$ 3463.90,100
245,09:47:57,$ 3463.00,162
246,09:47:50,$ 3464.1849,259
247,09:47:50,$ 3463.40,100
248,09:47:50,$ 3462.788,100
249,09:47:50,$ 3463.59,100
250,09:47:50,$ 3463.60,100
251,09:47:44,$ 3463.925,100
253,09:47:42,$ 3465.2653,140
254,09:47:37,$ 3465.45,100
255,09:47:36,$ 3465.57,100
256,09:47:36,$ 3465.26,100
257,09:47:36,$ 3465.57,100
258,09:47:36,$ 3466.12,100
259,09:47:33,$ 3466.00,400
260,09:47:33,$ 3465.93,100
261,09:47:33,$ 3466.00,"1,000"
262,09:47:33,$ 3466.00,100
263,09:47:32,$ 3465.78,100
264,09:47:32,$ 3464.895,100
265,09:47:32,$ 3465.52,100
266,09:47:30,$ 3464.83,100
267,09:47:30,$ 3464.635,400
268,09:47:27,$ 3465.78,100
269,09:47:27,$ 3465.49,100
270,09:47:26,$ 3465.17,100
271,09:47:23,$ 3464.99,100
272,09:47:23,$ 3465.00,100
274,09:47:23,$ 3465.00,"1,000"
275,09:47:23,$ 3465.00,250
276,09:47:23,$ 3465.00,300
277,09:47:18,$ 3464.00,100
278,09:47:18,$ 3464.00,100
279,09:47:16,$ 3463.28,100
280,09:47:06,$ 3462.13,100
281,09:47:05,$ 3462.13,100
282,09:47:04,$ 3462.00,465
283,09:47:04,$ 3462.00,100
284,09:47:04,$ 3462.00,100
285,09:47:04,$ 3462.00,100
286,09:47:04,$ 3462.00,100
287,09:47:04,$ 3461.00,141
288,09:47:04,$ 3461.00,157
289,09:47:01,$ 3460.5564,500
290,09:47:00,$ 3459.41,100
291,09:47:00,$ 3458.805,100
292,09:46:54,$ 3459.67,100
293,09:46:54,$ 3459.855,100
295,09:46:46,$ 3457.7951,200
296,09:46:46,$ 3458.1871,100
297,09:46:38,$ 3459.39,143
298,09:46:38,$ 3459.39,381
299,09:46:38,$ 3459.224,100
300,09:46:38,$ 3459.394,100
301,09:46:38,$ 3459.394,100
302,09:46:38,$ 3459.08,100
303,09:46:38,$ 3459.52,100
304,09:46:34,$ 3458.44,200
305,09:46:28,$ 3460.4599,150
306,09:46:22,$ 3459.4341,500
307,09:46:16,$ 3459.64,100
308,09:46:13,$ 3459.06,100
309,09:46:13,$ 3459.5539,500
310,09:46:12,$ 3460.00,100
311,09:46:12,$ 3460.00,286
312,09:46:12,$ 3460.00,214
313,09:46:12,$ 3460.84,100
314,09:46:10,$ 3461.93,100
316,09:46:00,$ 3461.57,100
317,09:46:00,$ 3461.15,100
318,09:46:00,$ 3461.59,119
319,09:45:55,$ 3461.995,200
320,09:45:53,$ 3461.79,100
321,09:45:53,$ 3461.83,100
322,09:45:52,$ 3461.27,100
323,09:45:46,$ 3460.9041,300
324,09:45:45,$ 3461.5469,100
325,09:45:41,$ 3463.15,100
326,09:45:39,$ 3463.86,100
327,09:45:33,$ 3463.875,100
328,09:45:31,$ 3463.9266,200
329,09:45:27,$ 3464.06,100
330,09:45:26,$ 3464.2738,276
331,09:45:26,$ 3464.5835,650
332,09:45:25,$ 3463.91,100
333,09:45:22,$ 3464.83,170
334,09:45:22,$ 3464.824,100
335,09:45:22,$ 3463.995,200
337,09:45:22,$ 3464.02,100
338,09:45:21,$ 3464.64,100
339,09:45:21,$ 3463.7072,300
340,09:45:19,$ 3464.52,299
341,09:45:15,$ 3464.43,100
342,09:45:15,$ 3464.43,100
343,09:45:12,$ 3462.3938,200
344,09:45:11,$ 3463.19,100
345,09:45:10,$ 3463.90,100
346,09:45:08,$ 3464.00,100
347,09:45:08,$ 3464.00,100
348,09:45:08,$ 3464.00,100
349,09:45:07,$ 3462.57,100
350,09:45:06,$ 3463.00,400
351,09:44:57,$ 3462.00,202
352,09:44:57,$ 3462.00,100
353,09:44:48,$ 3462.00,100
354,09:44:40,$ 3460.52,100
355,09:44:22,$ 3460.80,100
356,09:44:21,$ 3461.365,200
358,09:44:20,$ 3461.56,300
359,09:44:17,$ 3461.89,100
360,09:44:14,$ 3461.53,100
361,09:44:13,$ 3461.14,100
362,09:44:13,$ 3461.205,100
363,09:44:12,$ 3461.79,100
364,09:44:10,$ 3461.05,100
365,09:44:10,$ 3461.91,100
366,09:44:09,$ 3461.05,300
367,09:44:07,$ 3461.47,100
368,09:44:07,$ 3461.60,100
369,09:44:04,$ 3461.00,399
370,09:44:04,$ 3462.00,158
371,09:44:04,$ 3460.005,500
372,09:44:01,$ 3459.68,100
373,09:44:01,$ 3459.68,100
374,09:44:01,$ 3460.00,400
375,09:44:01,$ 3459.095,100
376,09:44:01,$ 3459.095,100
377,09:44:01,$ 3459.095,100
379,09:43:39,$ 3459.245,100
380,09:43:31,$ 3458.02,100
381,09:43:24,$ 3457.40,100
382,09:43:23,$ 3456.78,100
383,09:43:22,$ 3456.4536,100
384,09:43:17,$ 3455.235,500
385,09:43:06,$ 3454.49,100
386,09:43:05,$ 3454.4054,400
387,09:42:59,$ 3455.00,100
388,09:42:54,$ 3455.90,100
389,09:42:47,$ 3457.57,100
390,09:42:43,$ 3456.355,100
391,09:42:36,$ 3456.395,100
392,09:42:36,$ 3456.395,200
393,09:42:29,$ 3456.32,100
394,09:42:29,$ 3456.48,100
395,09:42:22,$ 3456.23,100
396,09:42:18,$ 3456.885,100
397,09:42:16,$ 3456.675,100
398,09:42:16,$ 3456.70,100
400,09:42:14,$ 3456.5999,500
401,09:42:11,$ 3458.00,100
402,09:42:11,$ 3459.18,100
403,09:42:04,$ 3459.95,100
404,09:42:04,$ 3460.97,100
405,09:42:03,$ 3459.25,100
406,09:42:03,$ 3459.99,100
407,09:42:03,$ 3460.00,193
408,09:42:03,$ 3460.00,615
409,09:42:03,$ 3460.00,100
410,09:42:01,$ 3459.25,100
411,09:41:58,$ 3459.25,100
412,09:41:58,$ 3459.3736,500
413,09:41:58,$ 3458.5001,300
414,09:41:53,$ 3459.50,100
415,09:41:51,$ 3459.605,125
416,09:41:49,$ 3458.645,100
417,09:41:48,$ 3460.6899,200
418,09:41:39,$ 3460.33,400
419,09:41:37,$ 3458.48,100
421,09:41:32,$ 3460.55,100
422,09:41:32,$ 3459.70,100
423,09:41:25,$ 3461.425,320
424,09:41:25,$ 3461.75,100
425,09:41:23,$ 3462.14,100
426,09:41:20,$ 3463.19,100
427,09:41:15,$ 3462.35,209
428,09:41:15,$ 3463.80,128
429,09:41:15,$ 3463.17,100
430,09:41:12,$ 3463.29,281
431,09:41:12,$ 3462.3301,100
432,09:41:11,$ 3462.3301,200
433,09:41:08,$ 3463.165,100
434,09:41:08,$ 3462.5222,200
435,09:41:08,$ 3463.788,100
436,09:41:08,$ 3463.00,400
437,09:41:08,$ 3463.00,134
438,09:41:08,$ 3463.00,100
439,09:41:07,$ 3460.55,100
440,09:41:07,$ 3460.55,100
442,09:41:07,$ 3460.75,100
443,09:41:07,$ 3460.75,100
444,09:41:07,$ 3460.51,100
445,09:41:06,$ 3459.09,419
446,09:41:06,$ 3460.51,101
447,09:41:06,$ 3459.475,100
448,09:41:00,$ 3459.0399,100
449,09:40:59,$ 3458.80,100
450,09:40:59,$ 3458.92,100
451,09:40:57,$ 3459.46,100
452,09:40:53,$ 3461.36,100
453,09:40:53,$ 3460.44,100
454,09:40:53,$ 3460.334,100
455,09:40:37,$ 3460.81,100
456,09:40:34,$ 3461.00,103
457,09:40:34,$ 3461.00,191
458,09:40:34,$ 3459.64,100
459,09:40:26,$ 3460.35,100
460,09:40:23,$ 3461.905,100
461,09:40:23,$ 3460.4601,100
463,09:40:22,$ 3463.31,100
464,09:40:19,$ 3462.145,200
465,09:39:58,$ 3460.86,100
466,09:39:58,$ 3460.86,100
467,09:39:58,$ 3461.82,100
468,09:39:56,$ 3462.10,100
469,09:39:56,$ 3462.45,100
470,09:39:56,$ 3462.32,100
471,09:39:54,$ 3461.71,100
472,09:39:51,$ 3461.9975,100
473,09:39:49,$ 3463.17,141
474,09:39:49,$ 3463.29,100
475,09:39:48,$ 3463.69,100
476,09:39:40,$ 3463.89,100
477,09:39:36,$ 3464.678,500
478,09:39:36,$ 3465.50,100
479,09:39:36,$ 3464.35,100
480,09:39:35,$ 3464.51,100
481,09:39:35,$ 3464.51,100
482,09:39:35,$ 3464.60,100
484,09:39:31,$ 3465.0921,"1,000"
485,09:39:25,$ 3465.69,100
486,09:39:24,$ 3464.37,100
487,09:39:24,$ 3465.675,100
488,09:39:24,$ 3464.44,100
489,09:39:24,$ 3465.0479,200
490,09:39:24,$ 3464.60,100
491,09:39:24,$ 3464.46,100
492,09:39:24,$ 3464.80,100
493,09:39:23,$ 3467.00,100
494,09:39:22,$ 3466.32,100
495,09:39:22,$ 3465.9848,288
496,09:39:22,$ 3465.95,133
497,09:39:22,$ 3463.98,620
498,09:39:22,$ 3465.24,200
499,09:39:22,$ 3465.24,400
500,09:39:22,$ 3464.964,100
501,09:39:22,$ 3464.96,100
502,09:39:22,$ 3465.00,100
503,09:39:22,$ 3465.00,100
505,09:39:22,$ 3464.80,100
506,09:39:22,$ 3464.99,100
507,09:39:22,$ 3464.00,400
508,09:39:22,$ 3463.99,100
509,09:39:22,$ 3463.62,100
510,09:39:22,$ 3463.74,100
511,09:39:22,$ 3463.60,100
512,09:39:22,$ 3462.86,100
513,09:39:18,$ 3462.351,200
514,09:39:17,$ 3462.51,100
515,09:39:15,$ 3463.78,300
516,09:39:15,$ 3463.43,100
517,09:39:13,$ 3464.8196,333
518,09:39:12,$ 3463.454,200
519,09:39:04,$ 3462.835,100
520,09:39:02,$ 3463.4398,200
521,09:39:01,$ 3462.4237,100
522,09:38:58,$ 3461.7651,150
523,09:38:58,$ 3461.5811,150
524,09:38:56,$ 3462.1699,400
526,09:38:56,$ 3461.71,100
527,09:38:56,$ 3462.10,100
528,09:38:55,$ 3461.9563,100
529,09:38:53,$ 3462.06,100
530,09:38:52,$ 3461.88,100
531,09:38:51,$ 3462.28,100
532,09:38:50,$ 3462.58,100
533,09:38:48,$ 3462.00,500
534,09:38:48,$ 3461.895,100
535,09:38:48,$ 3461.69,100
536,09:38:46,$ 3460.49,100
537,09:38:45,$ 3460.195,100
538,09:38:45,$ 3461.025,100
539,09:38:45,$ 3460.1701,100
540,09:38:45,$ 3461.8799,100
541,09:38:42,$ 3460.48,200
542,09:38:42,$ 3460.48,150
543,09:38:40,$ 3461.4698,100
544,09:38:40,$ 3461.47,100
545,09:38:39,$ 3460.16,100
547,09:38:39,$ 3460.16,125
548,09:38:35,$ 3459.53,100
549,09:38:33,$ 3460.00,100
550,09:38:33,$ 3459.80,100
551,09:38:30,$ 3460.78,100
552,09:38:29,$ 3459.45,100
553,09:38:29,$ 3460.00,200
554,09:38:29,$ 3460.00,209
555,09:38:29,$ 3460.00,129
556,09:38:29,$ 3460.00,546
557,09:38:29,$ 3460.00,140
558,09:38:29,$ 3460.00,500
559,09:38:29,$ 3460.00,100
560,09:38:28,$ 3459.91,100
561,09:38:28,$ 3459.5738,289
562,09:38:26,$ 3458.82,100
563,09:38:26,$ 3458.73,100
564,09:38:26,$ 3458.19,100
565,09:38:24,$ 3457.86,332
566,09:38:22,$ 3457.0201,100
568,09:38:21,$ 3457.90,100
569,09:38:20,$ 3456.97,100
570,09:38:15,$ 3457.80,100
571,09:38:13,$ 3457.44,100
572,09:38:13,$ 3457.71,100
573,09:38:13,$ 3457.41,100
574,09:38:13,$ 3457.97,100
575,09:38:13,$ 3457.41,100
576,09:38:13,$ 3457.41,100
577,09:38:12,$ 3455.40,100
578,09:38:12,$ 3456.00,100
579,09:38:05,$ 3455.00,100
580,09:38:04,$ 3454.845,100
581,09:38:04,$ 3454.76,100
582,09:37:55,$ 3454.2955,100
583,09:37:50,$ 3452.86,100
584,09:37:46,$ 3454.61,100
585,09:37:45,$ 3454.06,"3,007"
586,09:37:45,$ 3455.00,"1,000"
587,09:37:45,$ 3455.00,100
589,09:37:45,$ 3455.00,100
590,09:37:45,$ 3453.75,100
591,09:37:45,$ 3453.75,100
592,09:37:42,$ 3451.895,100
593,09:37:37,$ 3452.3328,100
594,09:37:35,$ 3452.813,111
595,09:37:35,$ 3452.813,389
596,09:37:32,$ 3451.96,100
597,09:37:32,$ 3452.87,100
598,09:37:31,$ 3451.96,150
599,09:37:27,$ 3451.00,241
600,09:37:27,$ 3450.60,100
601,09:37:20,$ 3451.445,100
602,09:37:18,$ 3450.19,100
603,09:37:18,$ 3450.00,100
604,09:37:18,$ 3449.7646,500
605,09:37:17,$ 3449.59,100
606,09:37:17,$ 3449.56,100
607,09:37:17,$ 3449.56,100
608,09:37:11,$ 3451.30,100
610,09:37:11,$ 3451.32,100
611,09:37:10,$ 3450.06,100
612,09:37:10,$ 3450.50,100
613,09:37:09,$ 3450.84,100
614,09:37:07,$ 3450.57,100
615,09:37:06,$ 3450.50,100
616,09:37:05,$ 3450.72,100
617,09:37:05,$ 3449.875,100
618,09:37:03,$ 3449.84,100
619,09:36:58,$ 3449.9782,389
620,09:36:58,$ 3449.87,100
621,09:36:54,$ 3450.00,100
622,09:36:54,$ 3449.92,180
623,09:36:54,$ 3449.99,215
624,09:36:54,$ 3449.66,100
625,09:36:41,$ 3446.425,100
626,09:36:37,$ 3447.2599,100
627,09:36:33,$ 3446.67,100
628,09:36:33,$ 3446.66,100
629,09:36:31,$ 3447.335,100
631,09:36:30,$ 3447.37,"1,223"
632,09:36:30,$ 3447.37,389
633,09:36:30,$ 3446.62,100
634,09:36:30,$ 3445.74,100
635,09:36:30,$ 3444.31,100
636,09:36:30,$ 3443.84,100
637,09:36:30,$ 3443.80,100
638,09:36:30,$ 3443.77,100
639,09:36:30,$ 3443.95,100
640,09:36:23,$ 3442.01,100
641,09:36:21,$ 3442.255,300
642,09:36:21,$ 3443.229,181
643,09:36:21,$ 3442.01,100
644,09:36:14,$ 3440.87,100
645,09:36:04,$ 3444.145,100
646,09:36:00,$ 3444.33,100
647,09:36:00,$ 3445.14,100
648,09:36:00,$ 3445.145,100
649,09:35:53,$ 3445.14,100
650,09:35:37,$ 3444.06,100
652,09:35:33,$ 3445.015,500
653,09:35:31,$ 3443.99,100
654,09:35:29,$ 3443.94,100
655,09:35:26,$ 3441.60,100
656,09:35:21,$ 3441.885,500
657,09:35:20,$ 3443.135,100
658,09:35:20,$ 3442.805,100
659,09:35:18,$ 3442.81,100
660,09:35:09,$ 3444.776,374
661,09:35:09,$ 3444.776,115
662,09:34:56,$ 3443.95,100
663,09:34:52,$ 3442.97,100
664,09:34:52,$ 3443.2075,100
665,09:34:30,$ 3445.705,100
666,09:34:27,$ 3447.455,100
667,09:34:26,$ 3447.8779,100
668,09:34:24,$ 3447.00,100
669,09:34:20,$ 3445.17,100
670,09:34:19,$ 3445.00,400
671,09:34:19,$ 3445.00,100
673,09:34:19,$ 3444.94,100
674,09:34:19,$ 3443.905,100
675,09:34:15,$ 3443.995,100
676,09:34:15,$ 3443.995,100
677,09:34:15,$ 3443.995,100
678,09:34:15,$ 3443.14,100
679,09:34:10,$ 3443.7539,500
680,09:34:10,$ 3443.54,100
681,09:34:09,$ 3444.00,100
682,09:34:07,$ 3444.26,100
683,09:34:05,$ 3444.00,100
684,09:34:05,$ 3444.00,100
685,09:34:05,$ 3444.00,100
686,09:34:05,$ 3443.13,100
687,09:33:57,$ 3444.67,100
688,09:33:57,$ 3444.25,100
689,09:33:39,$ 3443.12,100
690,09:33:38,$ 3445.915,500
691,09:33:36,$ 3443.40,100
692,09:33:32,$ 3441.326,500
694,09:33:30,$ 3440.41,100
695,09:33:29,$ 3441.29,100
696,09:33:22,$ 3441.98,100
697,09:33:20,$ 3441.23,100
698,09:33:17,$ 3442.645,"1,000"
699,09:33:16,$ 3441.74,100
700,09:33:15,$ 3441.15,100
701,09:33:15,$ 3441.14,100
702,09:33:14,$ 3441.2598,389
703,09:33:13,$ 3440.29,100
704,09:33:13,$ 3440.32,100
705,09:33:10,$ 3441.49,100
706,09:33:10,$ 3441.82,100
707,09:33:03,$ 3441.50,100
708,09:33:00,$ 3441.495,100
709,09:32:57,$ 3442.4222,100
710,09:32:54,$ 3441.495,500
711,09:32:49,$ 3440.315,100
712,09:32:47,$ 3442.5933,389
713,09:32:47,$ 3442.5933,"1,903"
715,09:32:47,$ 3442.00,146
716,09:32:47,$ 3442.00,100
717,09:32:47,$ 3442.00,100
718,09:32:47,$ 3441.28,100
719,09:32:47,$ 3440.55,100
720,09:32:47,$ 3439.17,100
721,09:32:45,$ 3435.05,100
722,09:32:45,$ 3437.76,345
723,09:32:44,$ 3437.90,100
724,09:32:44,$ 3437.80,100
725,09:32:43,$ 3438.495,100
726,09:32:42,$ 3437.69,100
727,09:32:37,$ 3437.87,150
728,09:32:36,$ 3438.72,400
729,09:32:29,$ 3438.50,440
730,09:32:08,$ 3439.17,100
731,09:32:01,$ 3439.00,100
732,09:32:01,$ 3439.00,"1,000"
733,09:32:01,$ 3439.00,100
734,09:32:01,$ 3438.60,200
736,09:32:01,$ 3439.13,100
737,09:32:01,$ 3440.00,100
738,09:32:01,$ 3440.00,200
739,09:32:01,$ 3440.00,140
740,09:32:01,$ 3440.00,100
741,09:31:52,$ 3442.00,100
742,09:31:44,$ 3442.21,100
743,09:31:44,$ 3442.27,100
744,09:31:34,$ 3442.00,140
745,09:31:33,$ 3442.89,386
746,09:31:33,$ 3442.03,100
747,09:31:30,$ 3442.105,100
748,09:31:17,$ 3442.38,100
749,09:31:07,$ 3442.87,100
750,09:31:07,$ 3445.41,500
751,09:30:57,$ 3443.05,100
752,09:30:57,$ 3443.48,115
753,09:30:57,$ 3443.43,100
754,09:30:57,$ 3443.54,100
755,09:30:57,$ 3443.53,100
757,09:30:44,$ 3446.413,200
758,09:30:31,$ 3446.20,100
759,09:30:30,$ 3444.69,700
760,09:30:23,$ 3445.5109,500
761,09:30:22,$ 3446.542,200
762,09:30:19,$ 3445.88,100
763,09:30:19,$ 3445.88,200
764,09:30:16,$ 3443.48,900
765,09:30:16,$ 3444.52,116
766,09:30:16,$ 3443.475,100
767,09:30:15,$ 3444.56,300
768,09:30:15,$ 3443.495,100
769,09:30:15,$ 3443.52,100
770,09:30:12,$ 3444.77,200
771,09:30:12,$ 3445.84,200
772,09:30:12,$ 3442.58,100
773,09:30:09,$ 3444.13,"1,000"
774,09:30:09,$ 3443.86,100
775,09:30:08,$ 3444.13,300
776,09:30:07,$ 3444.265,300
778,09:30:07,$ 3444.13,300
779,09:30:07,$ 3444.13,300
780,09:30:07,$ 3444.13,300
781,09:30:07,$ 3444.13,300
782,09:30:07,$ 3442.58,100
783,09:30:04,$ 3445.85,200
784,09:30:02,$ 3444.135,100
785,09:30:02,$ 3444.14,200
786,09:30:02,$ 3441.06,5
787,09:30:02,$ 3441.06,10
788,09:30:02,$ 3441.06,1
789,09:30:02,$ 3441.06,2
790,09:30:02,$ 3441.06,1
791,09:30:02,$ 3441.06,3
792,09:30:02,$ 3441.06,2
793,09:30:02,$ 3441.06,1
794,09:30:02,$ 3441.06,1
795,09:30:02,$ 3441.06,5
796,09:30:02,$ 3441.06,1
797,09:30:02,$ 3441.06,4
799,09:30:02,$ 3441.06,1
800,09:30:02,$ 3441.06,3
801,09:30:02,$ 3441.06,50
802,09:30:02,$ 3441.06,1
803,09:30:02,$ 3441.06,1
804,09:30:02,$ 3441.06,2
805,09:30:02,$ 3441.06,2
806,09:30:02,$ 3441.06,3
807,09:30:02,$ 3441.06,4
808,09:30:02,$ 3441.06,5
809,09:30:02,$ 3441.06,2
810,09:30:02,$ 3441.06,2
811,09:30:02,$ 3441.06,15
812,09:30:02,$ 3441.06,1
813,09:30:02,$ 3441.06,2
814,09:30:02,$ 3441.06,5
815,09:30:02,$ 3441.06,2
816,09:30:02,$ 3441.06,3
817,09:30:02,$ 3441.06,1
818,09:30:02,$ 3441.06,4
820,09:30:02,$ 3441.06,1
821,09:30:02,$ 3441.06,2
822,09:30:02,$ 3441.06,1
823,09:30:02,$ 3441.06,6
824,09:30:02,$ 3441.06,4
825,09:30:02,$ 3441.06,29
826,09:30:02,$ 3441.06,1
827,09:30:02,$ 3441.06,1
828,09:30:02,$ 3441.06,1
829,09:30:02,$ 3441.06,3
830,09:30:02,$ 3441.06,3
831,09:30:02,$ 3441.06,2
832,09:30:02,$ 3441.06,7
833,09:30:02,$ 3441.06,1
834,09:30:02,$ 3441.06,1
835,09:30:02,$ 3441.06,7
836,09:30:02,$ 3441.06,2
837,09:30:02,$ 3441.06,4
838,09:30:02,$ 3441.06,6
839,09:30:02,$ 3441.06,4
841,09:30:02,$ 3441.06,3
842,09:30:02,$ 3441.06,3
843,09:30:02,$ 3441.06,3
844,09:30:02,$ 3441.06,18
845,09:30:02,$ 3441.06,1
846,09:30:02,$ 3441.06,1
847,09:30:02,$ 3441.06,2
848,09:30:02,$ 3441.06,34
849,09:30:02,$ 3441.06,2
850,09:30:02,$ 3441.06,1
851,09:30:02,$ 3441.06,1
852,09:30:02,$ 3441.06,5
853,09:30:02,$ 3441.06,1
854,09:30:02,$ 3441.06,3
855,09:30:02,$ 3441.06,1
856,09:30:02,$ 3441.06,3
857,09:30:02,$ 3441.06,1
858,09:30:02,$ 3441.06,5
859,09:30:02,$ 3441.06,10
860,09:30:02,$ 3441.06,3
862,09:30:02,$ 3441.06,2
863,09:30:02,$ 3441.06,2
864,09:30:02,$ 3441.06,3
865,09:30:02,$ 3441.06,2
866,09:30:02,$ 3441.06,1
867,09:30:02,$ 3441.06,1
868,09:30:02,$ 3441.06,3
869,09:30:02,$ 3441.06,2
870,09:30:02,$ 3441.06,1
871,09:30:02,$ 3441.06,1
872,09:30:02,$ 3441.06,4
873,09:30:02,$ 3441.06,10
874,09:30:02,$ 3441.06,10
875,09:30:02,$ 3441.06,1
876,09:30:02,$ 3441.06,2
877,09:30:02,$ 3441.06,7
878,09:30:02,$ 3441.06,1
879,09:30:02,$ 3441.06,2
880,09:30:02,$ 3441.06,14
881,09:30:02,$ 3441.06,2
883,09:30:02,$ 3441.06,1
884,09:30:02,$ 3441.06,1
885,09:30:02,$ 3441.06,6
886,09:30:02,$ 3441.06,3
887,09:30:02,$ 3441.06,9
888,09:30:02,$ 3441.06,7
889,09:30:02,$ 3441.06,3
890,09:30:02,$ 3441.06,4
891,09:30:02,$ 3441.06,1
892,09:30:02,$ 3441.06,1
893,09:30:02,$ 3441.06,100
894,09:30:02,$ 3441.06,4
895,09:30:02,$ 3441.06,58
896,09:30:02,$ 3441.06,1
897,09:30:02,$ 3441.06,22
898,09:30:02,$ 3441.06,16
899,09:30:02,$ 3441.06,1
900,09:30:02,$ 3441.06,5
901,09:30:02,$ 3441.06,6
902,09:30:02,$ 3441.06,18
904,09:30:02,$ 3441.06,4
905,09:30:02,$ 3441.06,5
906,09:30:02,$ 3441.06,15
907,09:30:02,$ 3441.06,10
908,09:30:02,$ 3441.06,5
909,09:30:02,$ 3441.06,5
910,09:30:02,$ 3441.06,10
911,09:30:02,$ 3441.06,110
912,09:30:02,$ 3441.06,20
913,09:30:02,$ 3441.06,2
914,09:30:02,$ 3441.06,2
915,09:30:02,$ 3441.06,1
916,09:30:02,$ 3441.06,1
917,09:30:02,$ 3441.06,8
918,09:30:02,$ 3441.06,10
919,09:30:02,$ 3441.06,3
920,09:30:02,$ 3441.06,1
921,09:30:02,$ 3441.06,2
922,09:30:02,$ 3441.06,1
923,09:30:02,$ 3441.06,3
925,09:30:02,$ 3441.06,1
926,09:30:02,$ 3441.06,2
927,09:30:02,$ 3441.06,1
928,09:30:02,$ 3441.06,1
929,09:30:02,$ 3441.06,1
930,09:30:02,$ 3441.06,3
931,09:30:02,$ 3441.06,10
932,09:30:02,$ 3441.06,1
933,09:30:02,$ 3441.06,1
934,09:30:02,$ 3441.06,8
935,09:30:02,$ 3441.06,3
936,09:30:02,$ 3441.06,2
937,09:30:02,$ 3441.06,1
938,09:30:02,$ 3441.06,1
939,09:30:02,$ 3441.06,1
940,09:30:02,$ 3441.06,10
941,09:30:02,$ 3441.06,1
942,09:30:02,$ 3441.06,2
943,09:30:02,$ 3441.06,2
944,09:30:02,$ 3441.06,1
946,09:30:02,$ 3441.06,5
947,09:30:02,$ 3441.06,50
948,09:30:02,$ 3441.06,5
949,09:30:02,$ 3441.06,1
950,09:30:02,$ 3441.06,1
951,09:30:02,$ 3441.06,1
952,09:30:02,$ 3441.06,288
953,09:30:02,$ 3441.06,3
954,09:30:02,$ 3441.06,1
955,09:30:02,$ 3441.06,1
956,09:30:02,$ 3441.06,2
957,09:30:02,$ 3441.06,1
958,09:30:02,$ 3441.06,10
959,09:30:02,$ 3441.06,27
960,09:30:02,$ 3441.06,3
961,09:30:02,$ 3441.06,1
962,09:30:02,$ 3441.06,3
963,09:30:02,$ 3441.06,1
964,09:30:02,$ 3441.06,10
965,09:30:02,$ 3441.06,1
967,09:30:02,$ 3441.06,1
968,09:30:02,$ 3441.06,2
969,09:30:02,$ 3441.06,1
970,09:30:02,$ 3441.06,5
971,09:30:02,$ 3441.06,1
972,09:30:02,$ 3441.06,1
973,09:30:02,$ 3441.06,1
974,09:30:02,$ 3441.06,3
975,09:30:02,$ 3441.06,10
976,09:30:02,$ 3441.06,3
977,09:30:02,$ 3441.06,2
978,09:30:02,$ 3441.06,1
979,09:30:02,$ 3441.06,1
980,09:30:02,$ 3441.06,25
981,09:30:02,$ 3441.06,1
982,09:30:02,$ 3441.06,1
983,09:30:02,$ 3441.06,1
984,09:30:02,$ 3441.06,1
985,09:30:02,$ 3441.06,10
986,09:30:02,$ 3441.06,3
988,09:30:02,$ 3441.06,2
989,09:30:02,$ 3441.06,11
990,09:30:02,$ 3441.06,14
991,09:30:02,$ 3441.06,10
992,09:30:02,$ 3441.06,5
993,09:30:02,$ 3441.06,15
994,09:30:02,$ 3441.06,4
995,09:30:02,$ 3441.06,1
996,09:30:02,$ 3441.06,2
997,09:30:02,$ 3441.06,3
998,09:30:02,$ 3441.06,1
999,09:30:02,$ 3441.06,14
1000,09:30:02,$ 3441.06,5
1001,09:30:02,$ 3441.06,50
1002,09:30:02,$ 3441.06,1
1003,09:30:02,$ 3441.06,5
1004,09:30:02,$ 3441.06,6
1005,09:30:02,$ 3441.06,7
1006,09:30:02,$ 3441.06,30
1007,09:30:02,$ 3441.06,25
1009,09:30:02,$ 3441.06,10
1010,09:30:02,$ 3441.06,120
1011,09:30:02,$ 3441.06,5
1012,09:30:02,$ 3441.06,1
1013,09:30:02,$ 3441.06,1
1014,09:30:02,$ 3441.06,3
1015,09:30:02,$ 3441.06,88
1016,09:30:02,$ 3441.06,2
1017,09:30:02,$ 3441.06,3
1018,09:30:02,$ 3441.06,8
1019,09:30:02,$ 3441.06,15
1020,09:30:02,$ 3441.06,5
1021,09:30:02,$ 3441.06,5
1022,09:30:02,$ 3441.06,10
1023,09:30:02,$ 3441.06,1
1024,09:30:02,$ 3441.06,20
1025,09:30:02,$ 3441.06,6
1026,09:30:02,$ 3441.06,43
1027,09:30:02,$ 3441.06,10
1028,09:30:02,$ 3441.06,1
1030,09:30:02,$ 3441.06,1
1031,09:30:02,$ 3441.06,14
1032,09:30:02,$ 3441.06,38
1033,09:30:02,$ 3441.06,4
1034,09:30:02,$ 3441.06,4
1035,09:30:02,$ 3441.06,42
1036,09:30:02,$ 3441.06,5
1037,09:30:02,$ 3441.06,69
1038,09:30:02,$ 3441.06,30
1039,09:30:02,$ 3441.06,3
1040,09:30:02,$ 3441.06,1
1041,09:30:02,$ 3441.06,1
1042,09:30:02,$ 3441.06,4
1043,09:30:02,$ 3441.06,16
1044,09:30:02,$ 3441.06,14
1045,09:30:02,$ 3441.06,30
1046,09:30:02,$ 3441.06,3
1047,09:30:02,$ 3441.06,15
1048,09:30:02,$ 3441.06,23
1049,09:30:02,$ 3441.06,15
1051,09:30:02,$ 3441.06,1
1052,09:30:02,$ 3441.06,1
1053,09:30:02,$ 3441.06,2
1054,09:30:02,$ 3441.06,1
1055,09:30:02,$ 3441.06,3
1056,09:30:02,$ 3441.06,1
1057,09:30:02,$ 3441.06,2
1058,09:30:02,$ 3441.06,2
1059,09:30:02,$ 3441.06,25
1060,09:30:02,$ 3441.06,25
1061,09:30:02,$ 3441.06,4
1062,09:30:02,$ 3441.06,7
1063,09:30:02,$ 3441.06,1
1064,09:30:02,$ 3441.06,1
1065,09:30:02,$ 3441.06,2
1066,09:30:02,$ 3441.06,3
1067,09:30:02,$ 3441.06,2
1068,09:30:02,$ 3441.06,4
1069,09:30:02,$ 3441.06,2
1070,09:30:02,$ 3441.06,2
1072,09:30:02,$ 3441.06,4
1073,09:30:02,$ 3441.06,2
1074,09:30:02,$ 3441.06,2
1075,09:30:02,$ 3441.06,2
1076,09:30:02,$ 3441.06,2
1077,09:30:02,$ 3441.06,2
1078,09:30:02,$ 3441.06,4
1079,09:30:02,$ 3441.06,2
1080,09:30:02,$ 3441.06,3
1081,09:30:02,$ 3441.06,4
1082,09:30:02,$ 3441.06,3
1083,09:30:02,$ 3441.06,5
1084,09:30:02,$ 3441.06,25
1085,09:30:02,$ 3441.06,15
1086,09:30:02,$ 3441.06,5
1087,09:30:02,$ 3441.06,48
1088,09:30:02,$ 3441.06,2
1089,09:30:02,$ 3441.06,1
1090,09:30:02,$ 3441.06,1
1091,09:30:02,$ 3441.06,1
1093,09:30:02,$ 3441.06,1
1094,09:30:02,$ 3441.06,4
1095,09:30:02,$ 3441.06,1
1096,09:30:02,$ 3441.06,5
1097,09:30:02,$ 3441.06,3
1098,09:30:02,$ 3441.06,37
1099,09:30:02,$ 3441.06,1
1100,09:30:02,$ 3441.06,3
1101,09:30:02,$ 3441.06,6
1102,09:30:02,$ 3441.06,1
1103,09:30:02,$ 3441.06,1
1104,09:30:02,$ 3441.06,2
1105,09:30:02,$ 3441.06,3
1106,09:30:02,$ 3441.06,10
1107,09:30:02,$ 3441.06,1
1108,09:30:02,$ 3441.06,2
1109,09:30:02,$ 3441.06,1
1110,09:30:02,$ 3441.06,3
1111,09:30:02,$ 3441.06,5
1112,09:30:02,$ 3441.06,1
1114,09:30:02,$ 3441.06,15
1115,09:30:02,$ 3441.06,28
1116,09:30:02,$ 3441.06,1
1117,09:30:02,$ 3441.06,1
1118,09:30:02,$ 3441.06,1
1119,09:30:02,$ 3441.06,3
1120,09:30:02,$ 3441.06,187
1121,09:30:02,$ 3441.06,10
1122,09:30:02,$ 3441.06,3
1123,09:30:02,$ 3441.06,1
1124,09:30:02,$ 3441.06,2
1125,09:30:02,$ 3441.06,3
1126,09:30:02,$ 3441.06,290
1127,09:30:02,$ 3441.06,1
1128,09:30:02,$ 3441.06,1
1129,09:30:02,$ 3441.06,1
1130,09:30:02,$ 3441.06,1
1131,09:30:02,$ 3441.06,5
1132,09:30:02,$ 3441.06,100
1133,09:30:02,$ 3441.06,100
1135,09:30:02,$ 3441.06,30
1136,09:30:02,$ 3441.06,10
1137,09:30:02,$ 3441.06,1
1138,09:30:02,$ 3441.06,100
1139,09:30:02,$ 3441.06,100
1140,09:30:02,$ 3441.06,140
1141,09:30:02,$ 3441.06,5
1142,09:30:02,$ 3441.06,3
1143,09:30:02,$ 3441.06,254
1144,09:30:02,$ 3441.06,1
1145,09:30:02,$ 3441.06,5
1146,09:30:02,$ 3441.06,3
1147,09:30:02,$ 3441.06,2
1148,09:30:02,$ 3441.06,6
1149,09:30:02,$ 3441.06,1
1150,09:30:02,$ 3441.06,3
1151,09:30:02,$ 3441.06,3
1152,09:30:02,$ 3441.06,2
1153,09:30:02,$ 3441.06,302
1154,09:30:02,$ 3441.06,94
1156,09:30:02,$ 3441.06,1
1157,09:30:02,$ 3441.06,29
1158,09:30:02,$ 3441.06,1
1159,09:30:02,$ 3441.06,231
1160,09:30:02,$ 3441.06,5
1161,09:30:02,$ 3441.06,21
1162,09:30:02,$ 3441.06,5
1163,09:30:02,$ 3441.06,1
1164,09:30:02,$ 3441.06,1
1165,09:30:02,$ 3441.06,4
1166,09:30:02,$ 3441.06,176
1167,09:30:02,$ 3441.06,3
1168,09:30:02,$ 3441.06,1
1169,09:30:02,$ 3441.06,1
1170,09:30:02,$ 3441.06,12
1171,09:30:02,$ 3441.06,1
1172,09:30:02,$ 3441.06,1
1173,09:30:02,$ 3441.06,1
1174,09:30:02,$ 3441.06,1
1175,09:30:02,$ 3441.06,1
1177,09:30:02,$ 3441.06,2
1178,09:30:02,$ 3441.06,1
1179,09:30:02,$ 3441.06,1
1180,09:30:02,$ 3441.06,8
1181,09:30:02,$ 3441.06,3
1182,09:30:02,$ 3441.06,2
1183,09:30:02,$ 3441.06,1
1184,09:30:02,$ 3441.06,1
1185,09:30:02,$ 3441.06,4
1186,09:30:02,$ 3441.06,2
1187,09:30:02,$ 3441.06,1
1188,09:30:02,$ 3441.06,3
1189,09:30:02,$ 3441.06,1
1190,09:30:02,$ 3441.06,4
1191,09:30:02,$ 3441.06,1
1192,09:30:02,$ 3441.06,1
1193,09:30:02,$ 3441.06,1
1194,09:30:02,$ 3441.06,1
1195,09:30:02,$ 3441.06,1
1196,09:30:02,$ 3441.06,1
1198,09:30:02,$ 3441.06,1
1199,09:30:02,$ 3441.06,11
1200,09:30:02,$ 3441.06,23
1201,09:30:02,$ 3441.06,514
1202,09:30:02,$ 3441.06,46
1203,09:30:02,$ 3441.06,3
1204,09:30:02,$ 3441.06,217
1205,09:30:02,$ 3441.06,1
1206,09:30:02,$ 3441.06,30
1207,09:30:02,$ 3441.06,4
1208,09:30:02,$ 3441.06,4
1209,09:30:02,$ 3441.06,3
1210,09:30:02,$ 3441.06,5
1211,09:30:02,$ 3441.06,12
1212,09:30:02,$ 3441.06,1
1213,09:30:02,$ 3441.06,1
1214,09:30:02,$ 3441.06,27
1215,09:30:02,$ 3441.06,12
1216,09:30:02,$ 3441.06,2
1217,09:30:02,$ 3441.06,3
1219,09:30:02,$ 3441.06,1
1220,09:30:02,$ 3441.06,1
1221,09:30:02,$ 3441.06,53
1222,09:30:02,$ 3441.06,305
1223,09:30:02,$ 3441.06,3
1224,09:30:02,$ 3441.06,1
1225,09:30:02,$ 3441.06,273
1226,09:30:02,$ 3441.06,9
1227,09:30:02,$ 3441.06,16
1228,09:30:02,$ 3441.06,100
1229,09:30:02,$ 3441.06,1
1230,09:30:02,$ 3441.06,2
1231,09:30:02,$ 3441.06,1
1232,09:30:02,$ 3441.06,3
1233,09:30:02,$ 3441.06,14
1234,09:30:02,$ 3441.06,2
1235,09:30:02,$ 3441.06,5
1236,09:30:02,$ 3441.06,1
1237,09:30:02,$ 3441.06,28
1238,09:30:02,$ 3441.06,1
1240,09:30:02,$ 3441.06,4
1241,09:30:02,$ 3441.06,3
1242,09:30:02,$ 3441.06,2
1243,09:30:02,$ 3441.06,3
1244,09:30:02,$ 3441.06,41
1245,09:30:02,$ 3441.06,1
1246,09:30:02,$ 3441.06,1
1247,09:30:02,$ 3441.06,1
1248,09:30:02,$ 3441.06,15
1249,09:30:02,$ 3441.06,2
1250,09:30:02,$ 3441.06,4
1251,09:30:02,$ 3441.06,106
1252,09:30:02,$ 3441.06,2
1253,09:30:02,$ 3441.06,1
1254,09:30:02,$ 3441.06,7
1255,09:30:02,$ 3441.06,3
1256,09:30:02,$ 3441.06,10
1257,09:30:02,$ 3441.06,1
1258,09:30:02,$ 3441.06,1
1259,09:30:02,$ 3441.06,1
1261,09:30:02,$ 3441.06,1
1262,09:30:02,$ 3441.06,1
1263,09:30:02,$ 3441.06,1
1264,09:30:02,$ 3441.06,1
1265,09:30:02,$ 3441.06,4
1266,09:30:02,$ 3441.06,1
1267,09:30:02,$ 3441.06,1
1268,09:30:02,$ 3441.06,10
1269,09:30:02,$ 3441.06,1
1270,09:30:02,$ 3441.06,1
1271,09:30:02,$ 3441.06,70
1272,09:30:02,$ 3441.06,33
1273,09:30:02,$ 3441.06,22
1274,09:30:02,$ 3441.06,11
1275,09:30:02,$ 3441.06,5
1276,09:30:02,$ 3441.06,3
1277,09:30:02,$ 3441.06,1
1278,09:30:02,$ 3441.06,38
1279,09:30:02,$ 3441.06,4
1280,09:30:02,$ 3441.06,1
1282,09:30:02,$ 3441.06,"1,300"
1283,09:30:02,$ 3441.06,6
1284,09:30:02,$ 3441.06,10
1285,09:30:02,$ 3441.06,1
1286,09:30:02,$ 3441.06,3
1287,09:30:02,$ 3441.06,1
1288,09:30:02,$ 3441.06,1
1289,09:30:02,$ 3441.06,65
1290,09:30:02,$ 3441.06,5
1291,09:30:02,$ 3441.06,2
1292,09:30:02,$ 3441.06,1
1293,09:30:02,$ 3441.06,1
1294,09:30:02,$ 3441.06,23
1295,09:30:02,$ 3441.06,12
1296,09:30:02,$ 3441.06,138
1297,09:30:02,$ 3441.06,1
1298,09:30:02,$ 3441.06,7
1299,09:30:02,$ 3441.06,10
1300,09:30:02,$ 3441.06,1
1301,09:30:02,$ 3441.06,5
1303,09:30:02,$ 3441.06,1
1304,09:30:02,$ 3441.06,1
1305,09:30:02,$ 3441.06,3
1306,09:30:02,$ 3441.06,5
1307,09:30:02,$ 3441.06,5
1308,09:30:02,$ 3441.06,4
1309,09:30:02,$ 3441.06,8
1310,09:30:02,$ 3441.06,1
1311,09:30:02,$ 3441.06,2
1312,09:30:02,$ 3441.06,40
1313,09:30:02,$ 3441.06,4
1314,09:30:02,$ 3441.06,4
1315,09:30:02,$ 3441.06,1
1316,09:30:02,$ 3441.06,3
1317,09:30:02,$ 3441.06,1
1318,09:30:02,$ 3441.06,1
1319,09:30:02,$ 3441.06,10
1320,09:30:02,$ 3441.06,24
1321,09:30:02,$ 3441.06,5
1322,09:30:02,$ 3441.06,6
1324,09:30:02,$ 3441.06,10
1325,09:30:02,$ 3441.06,3
1326,09:30:02,$ 3441.06,50
1327,09:30:02,$ 3441.06,27
1328,09:30:02,$ 3441.06,1
1329,09:30:02,$ 3441.06,1
1330,09:30:02,$ 3441.06,5
1331,09:30:02,$ 3441.06,119
1332,09:30:02,$ 3441.06,20
1333,09:30:02,$ 3441.06,25
1334,09:30:02,$ 3441.06,4
1335,09:30:02,$ 3441.06,2
1336,09:30:02,$ 3441.06,1
1337,09:30:02,$ 3441.06,63
1338,09:30:02,$ 3441.06,1
1339,09:30:02,$ 3441.06,1
1340,09:30:02,$ 3441.06,1
1341,09:30:02,$ 3441.06,3
1342,09:30:02,$ 3441.06,2
1343,09:30:02,$ 3441.06,2
1345,09:30:02,$ 3441.06,2
1346,09:30:02,$ 3441.06,66
1347,09:30:02,$ 3441.06,2
1348,09:30:02,$ 3441.06,5
1349,09:30:02,$ 3441.06,99
1350,09:30:02,$ 3441.06,1
1351,09:30:02,$ 3441.06,5
1352,09:30:02,$ 3441.06,2
1353,09:30:02,$ 3441.06,20
1354,09:30:02,$ 3441.06,2
1355,09:30:02,$ 3441.06,19
1356,09:30:02,$ 3441.06,41
1357,09:30:02,$ 3441.06,3
1358,09:30:02,$ 3441.06,6
1359,09:30:02,$ 3441.06,22
1360,09:30:02,$ 3441.06,4
1361,09:30:02,$ 3441.06,16
1362,09:30:02,$ 3441.06,3
1363,09:30:02,$ 3441.06,4
1364,09:30:02,$ 3441.06,3
1366,09:30:02,$ 3441.06,25
1367,09:30:02,$ 3441.06,20
1368,09:30:02,$ 3441.06,10
1369,09:30:02,$ 3441.06,1
1370,09:30:02,$ 3441.06,2
1371,09:30:02,$ 3441.06,1
1372,09:30:02,$ 3441.06,6
1373,09:30:02,$ 3441.06,3
1374,09:30:02,$ 3441.06,1
1375,09:30:02,$ 3441.06,1
1376,09:30:02,$ 3441.06,2
1377,09:30:02,$ 3441.06,1
1378,09:30:02,$ 3441.06,131
1379,09:30:02,$ 3441.06,312
1380,09:30:02,$ 3441.06,5
1381,09:30:02,$ 3441.06,4
1382,09:30:02,$ 3441.06,41
1383,09:30:02,$ 3441.06,21
1384,09:30:02,$ 3441.06,37
1385,09:30:02,$ 3441.06,6
1387,09:30:02,$ 3441.06,5
1388,09:30:02,$ 3441.06,4
1389,09:30:02,$ 3441.06,13
1390,09:30:02,$ 3441.06,1
1391,09:30:02,$ 3441.06,10
1392,09:30:02,$ 3441.06,1
1393,09:30:02,$ 3441.06,2
1394,09:30:02,$ 3441.06,25
1395,09:30:02,$ 3441.06,169
1396,09:30:02,$ 3441.06,1
1397,09:30:02,$ 3441.06,4
1398,09:30:02,$ 3441.06,5
1399,09:30:02,$ 3441.06,1
1400,09:30:02,$ 3441.06,3
1401,09:30:02,$ 3441.06,2
1402,09:30:02,$ 3441.06,3
1403,09:30:02,$ 3441.06,1
1404,09:30:02,$ 3441.06,17
1405,09:30:02,$ 3441.06,8
1406,09:30:02,$ 3441.06,1
1408,09:30:02,$ 3441.06,"2,000"
1409,09:30:02,$ 3441.06,18
1410,09:30:02,$ 3441.06,60
1411,09:30:02,$ 3441.06,6
1412,09:30:02,$ 3441.06,15
1413,09:30:02,$ 3441.06,1
1414,09:30:02,$ 3441.06,2
1415,09:30:02,$ 3441.06,1
1416,09:30:02,$ 3441.06,1
1417,09:30:02,$ 3441.06,5
1418,09:30:02,$ 3441.06,7
1419,09:30:02,$ 3441.06,3
1420,09:30:02,$ 3441.06,1
1421,09:30:02,$ 3441.06,1
1422,09:30:02,$ 3441.06,5
1423,09:30:02,$ 3441.06,2
1424,09:30:02,$ 3441.06,1
1425,09:30:02,$ 3441.06,5
1426,09:30:02,$ 3441.06,5
1427,09:30:02,$ 3441.06,10
1429,09:30:02,$ 3441.06,5
1430,09:30:02,$ 3441.06,3
1431,09:30:02,$ 3441.06,10
1432,09:30:02,$ 3441.06,1
1433,09:30:02,$ 3441.06,10
1434,09:30:02,$ 3441.06,1
1435,09:30:02,$ 3441.06,1
1436,09:30:02,$ 3441.06,1
1437,09:30:02,$ 3441.06,1
1438,09:30:02,$ 3441.06,2
1439,09:30:02,$ 3441.06,3
1440,09:30:02,$ 3441.06,1
1441,09:30:02,$ 3441.06,2
1442,09:30:02,$ 3441.06,15
1443,09:30:02,$ 3441.06,1
1444,09:30:02,$ 3441.06,1
1445,09:30:02,$ 3441.06,8
1446,09:30:02,$ 3441.06,1
1447,09:30:02,$ 3441.06,1
1448,09:30:02,$ 3441.06,2
1450,09:30:02,$ 3441.06,2
1451,09:30:02,$ 3441.06,1
1452,09:30:02,$ 3441.06,4
1453,09:30:02,$ 3441.06,5
1454,09:30:02,$ 3441.06,3
1455,09:30:02,$ 3441.06,5
1456,09:30:02,$ 3441.06,5
1457,09:30:02,$ 3441.06,1
1458,09:30:02,$ 3441.06,1
1459,09:30:02,$ 3441.06,3
1460,09:30:02,$ 3441.06,1
1461,09:30:02,$ 3441.06,18
1462,09:30:02,$ 3441.06,167
1463,09:30:02,$ 3441.06,2
1464,09:30:02,$ 3441.06,3
1465,09:30:02,$ 3441.06,8
1466,09:30:02,$ 3441.06,16
1467,09:30:02,$ 3441.06,15
1468,09:30:02,$ 3441.06,8
1469,09:30:02,$ 3441.06,16
1471,09:30:02,$ 3441.06,3
1472,09:30:02,$ 3441.06,2
1473,09:30:02,$ 3441.06,1
1474,09:30:02,$ 3441.06,10
1475,09:30:02,$ 3441.06,84
1476,09:30:02,$ 3441.06,1
1477,09:30:02,$ 3441.06,4
1478,09:30:02,$ 3441.06,15
1479,09:30:02,$ 3441.06,20
1480,09:30:02,$ 3441.06,3
1481,09:30:02,$ 3441.06,24
1482,09:30:02,$ 3441.06,1
1483,09:30:02,$ 3441.06,1
1484,09:30:02,$ 3441.06,10
1485,09:30:02,$ 3441.06,10
1486,09:30:02,$ 3441.06,1
1487,09:30:02,$ 3441.06,91
1488,09:30:02,$ 3441.06,90
1489,09:30:02,$ 3441.06,1
1490,09:30:02,$ 3441.06,1
1492,09:30:02,$ 3441.06,1
1493,09:30:02,$ 3441.06,2
1494,09:30:02,$ 3441.06,1
1495,09:30:02,$ 3441.06,6
1496,09:30:02,$ 3441.06,28
1497,09:30:02,$ 3441.06,167
1498,09:30:02,$ 3441.06,1
1499,09:30:02,$ 3441.06,1
1500,09:30:02,$ 3441.06,1
1501,09:30:02,$ 3441.06,3
1502,09:30:02,$ 3441.06,4
1503,09:30:02,$ 3441.06,5
1504,09:30:02,$ 3441.06,1
1505,09:30:02,$ 3441.06,15
1506,09:30:02,$ 3441.06,4
1507,09:30:02,$ 3441.06,1
1508,09:30:02,$ 3441.06,1
1509,09:30:02,$ 3441.06,1
1510,09:30:02,$ 3441.06,3
1511,09:30:02,$ 3441.06,10
1513,09:30:02,$ 3441.06,3
1514,09:30:02,$ 3441.06,1
1515,09:30:02,$ 3441.06,2
1516,09:30:02,$ 3441.06,2
1517,09:30:02,$ 3441.06,53
1518,09:30:02,$ 3441.06,3
1519,09:30:02,$ 3441.06,1
1520,09:30:02,$ 3441.06,1
1521,09:30:02,$ 3441.06,1
1522,09:30:02,$ 3441.06,3
1523,09:30:02,$ 3441.06,1
1524,09:30:02,$ 3441.06,1
1525,09:30:02,$ 3441.06,1
1526,09:30:02,$ 3441.06,1
1527,09:30:02,$ 3441.06,1
1528,09:30:02,$ 3441.06,1
1529,09:30:02,$ 3441.06,1
1530,09:30:02,$ 3441.06,1
1531,09:30:02,$ 3441.06,1
1532,09:30:02,$ 3441.06,1
1534,09:30:02,$ 3441.06,1
1535,09:30:02,$ 3441.06,1
1536,09:30:02,$ 3441.06,1
1537,09:30:02,$ 3441.06,1
1538,09:30:02,$ 3441.06,10
1539,09:30:02,$ 3441.06,1
1540,09:30:02,$ 3441.06,1
1541,09:30:02,$ 3441.06,5
1542,09:30:02,$ 3441.06,41
1543,09:30:02,$ 3441.06,2
1544,09:30:02,$ 3441.06,67
1545,09:30:02,$ 3441.06,3
1546,09:30:02,$ 3441.06,1
1547,09:30:02,$ 3441.06,38
1548,09:30:02,$ 3441.06,2
1549,09:30:02,$ 3441.06,2
1550,09:30:02,$ 3441.06,3
1551,09:30:02,$ 3441.06,1
1552,09:30:02,$ 3441.06,15
1553,09:30:02,$ 3441.06,2
1555,09:30:02,$ 3441.06,1
1556,09:30:02,$ 3441.06,1
1557,09:30:02,$ 3441.06,100
1558,09:30:02,$ 3441.06,10
1559,09:30:02,$ 3441.06,1
1560,09:30:02,$ 3441.06,5
1561,09:30:02,$ 3441.06,5
1562,09:30:02,$ 3441.06,7
1563,09:30:02,$ 3441.06,2
1564,09:30:02,$ 3441.06,10
1565,09:30:02,$ 3441.06,1
1566,09:30:02,$ 3441.06,1
1567,09:30:02,$ 3441.06,2
1568,09:30:02,$ 3441.06,2
1569,09:30:02,$ 3441.06,2
1570,09:30:02,$ 3441.06,1
1571,09:30:02,$ 3441.06,2
1572,09:30:02,$ 3441.06,3
1573,09:30:02,$ 3441.06,10
1574,09:30:02,$ 3441.06,2
1576,09:30:02,$ 3441.06,10
1577,09:30:02,$ 3441.06,1
1578,09:30:02,$ 3441.06,12
1579,09:30:02,$ 3441.06,1
1580,09:30:02,$ 3441.06,2
1581,09:30:02,$ 3441.06,1
1582,09:30:02,$ 3441.06,2
1583,09:30:02,$ 3441.06,1
1584,09:30:02,$ 3441.06,15
1585,09:30:02,$ 3441.06,2
1586,09:30:02,$ 3441.06,77
1587,09:30:02,$ 3441.06,15
1588,09:30:02,$ 3441.06,5
1589,09:30:02,$ 3441.06,2
1590,09:30:02,$ 3441.06,1
1591,09:30:02,$ 3441.06,1
1592,09:30:02,$ 3441.06,1
1593,09:30:02,$ 3441.06,1
1594,09:30:02,$ 3441.06,5
1595,09:30:02,$ 3441.06,1
1597,09:30:02,$ 3441.06,1
1598,09:30:02,$ 3441.06,2
1599,09:30:02,$ 3441.06,7
1600,09:30:02,$ 3441.06,1
1601,09:30:02,$ 3441.06,25
1602,09:30:02,$ 3441.06,5
1603,09:30:02,$ 3441.06,15
1604,09:30:02,$ 3441.06,5
1605,09:30:02,$ 3441.06,2
1606,09:30:02,$ 3441.06,3
1607,09:30:02,$ 3441.06,10
1608,09:30:02,$ 3441.06,10
1609,09:30:02,$ 3441.06,3
1610,09:30:02,$ 3441.06,1
1611,09:30:02,$ 3441.06,3
1612,09:30:02,$ 3441.06,2
1613,09:30:02,$ 3441.06,2
1614,09:30:02,$ 3441.06,2
1615,09:30:02,$ 3441.06,5
1616,09:30:02,$ 3441.06,5
1618,09:30:02,$ 3441.06,3
1619,09:30:02,$ 3441.06,1
1620,09:30:02,$ 3441.06,3
1621,09:30:02,$ 3441.06,1
1622,09:30:02,$ 3441.06,2
1623,09:30:02,$ 3441.06,1
1624,09:30:02,$ 3441.06,4
1625,09:30:02,$ 3441.06,2
1626,09:30:02,$ 3441.06,2
1627,09:30:02,$ 3441.06,1
1628,09:30:02,$ 3441.06,1
1629,09:30:02,$ 3441.06,2
1630,09:30:02,$ 3441.06,6
1631,09:30:02,$ 3441.06,3
1632,09:30:02,$ 3441.06,3
1633,09:30:02,$ 3441.06,1
1634,09:30:02,$ 3441.06,1
1635,09:30:02,$ 3441.06,10
1636,09:30:02,$ 3441.06,1
1637,09:30:02,$ 3441.06,1
1639,09:30:02,$ 3441.06,1
1640,09:30:02,$ 3441.06,1
1641,09:30:02,$ 3441.06,2
1642,09:30:02,$ 3441.06,3
1643,09:30:02,$ 3441.06,2
1644,09:30:02,$ 3441.06,2
1645,09:30:02,$ 3441.06,5
1646,09:30:02,$ 3441.06,6
1647,09:30:02,$ 3441.06,1
1648,09:30:02,$ 3441.06,1
1649,09:30:02,$ 3441.06,1
1650,09:30:02,$ 3441.06,13
1651,09:30:02,$ 3441.06,8
1652,09:30:02,$ 3441.06,1
1653,09:30:02,$ 3441.06,5
1654,09:30:02,$ 3441.06,2
1655,09:30:02,$ 3441.06,2
1656,09:30:02,$ 3441.06,7
1657,09:30:02,$ 3441.06,1
1658,09:30:02,$ 3441.06,1
1660,09:30:02,$ 3441.06,2
1661,09:30:02,$ 3441.06,1
1662,09:30:02,$ 3441.06,1
1663,09:30:02,$ 3441.06,1
1664,09:30:02,$ 3441.06,1
1665,09:30:02,$ 3441.06,8
1666,09:30:02,$ 3441.06,1
1667,09:30:02,$ 3441.06,6
1668,09:30:02,$ 3441.06,1
1669,09:30:02,$ 3441.06,1
1670,09:30:02,$ 3441.06,2
1671,09:30:02,$ 3441.06,1
1672,09:30:02,$ 3441.06,3
1673,09:30:02,$ 3441.06,5
1674,09:30:02,$ 3441.06,1
1675,09:30:02,$ 3441.06,3
1676,09:30:02,$ 3441.06,10
1677,09:30:02,$ 3441.06,11
1678,09:30:02,$ 3441.06,4
1679,09:30:02,$ 3441.06,3
1681,09:30:02,$ 3441.06,15
1682,09:30:02,$ 3441.06,1
1683,09:30:02,$ 3441.06,10
1684,09:30:02,$ 3441.06,1
1685,09:30:02,$ 3441.06,6
1686,09:30:02,$ 3441.06,1
1687,09:30:02,$ 3441.06,134
1688,09:30:02,$ 3441.06,100
1689,09:30:02,$ 3441.06,7
1690,09:30:02,$ 3441.06,50
1691,09:30:02,$ 3441.06,5
1692,09:30:02,$ 3441.06,1
1693,09:30:02,$ 3441.06,10
1694,09:30:02,$ 3441.06,1
1695,09:30:02,$ 3441.06,2
1696,09:30:02,$ 3441.06,1
1697,09:30:02,$ 3441.06,5
1698,09:30:02,$ 3441.06,5
1699,09:30:02,$ 3441.06,5
1700,09:30:02,$ 3441.06,2
1702,09:30:02,$ 3441.06,2
1703,09:30:02,$ 3441.06,1
1704,09:30:02,$ 3441.06,1
1705,09:30:02,$ 3441.06,3
1706,09:30:02,$ 3441.06,1
1707,09:30:02,$ 3441.06,1
1708,09:30:02,$ 3441.06,17
1709,09:30:02,$ 3441.06,2
1710,09:30:02,$ 3441.06,2
1711,09:30:02,$ 3441.06,1
1712,09:30:02,$ 3441.06,2
1713,09:30:02,$ 3441.06,1
1714,09:30:02,$ 3441.06,1
1715,09:30:02,$ 3441.06,3
1716,09:30:02,$ 3441.06,1
1717,09:30:02,$ 3441.06,2
1718,09:30:02,$ 3441.06,12
1719,09:30:02,$ 3441.06,4
1720,09:30:02,$ 3441.06,1
1721,09:30:02,$ 3441.06,1
1723,09:30:02,$ 3441.06,1
1724,09:30:02,$ 3441.06,10
1725,09:30:02,$ 3441.06,1
1726,09:30:02,$ 3441.06,2
1727,09:30:02,$ 3441.06,2
1728,09:30:02,$ 3441.06,1
1729,09:30:02,$ 3441.06,1
1730,09:30:02,$ 3441.06,2
1731,09:30:02,$ 3441.06,2
1732,09:30:02,$ 3441.06,1
1733,09:30:02,$ 3441.06,38
1734,09:30:02,$ 3441.06,7
1735,09:30:02,$ 3441.06,16
1736,09:30:02,$ 3441.06,8
1737,09:30:02,$ 3441.06,3
1738,09:30:02,$ 3441.06,1
1739,09:30:02,$ 3441.06,1
1740,09:30:02,$ 3441.06,3
1741,09:30:02,$ 3441.06,1
1742,09:30:02,$ 3441.06,6
1744,09:30:02,$ 3441.06,1
1745,09:30:02,$ 3441.06,5
1746,09:30:02,$ 3441.06,1
1747,09:30:02,$ 3441.06,3
1748,09:30:02,$ 3441.06,3
1749,09:30:02,$ 3441.06,28
1750,09:30:02,$ 3441.06,1
1751,09:30:02,$ 3441.06,15
1752,09:30:02,$ 3441.06,16
1753,09:30:02,$ 3441.06,2
1754,09:30:02,$ 3441.06,3
1755,09:30:02,$ 3441.06,1
1756,09:30:02,$ 3441.06,2
1757,09:30:02,$ 3441.06,1
1758,09:30:02,$ 3441.06,1
1759,09:30:02,$ 3441.06,1
1760,09:30:02,$ 3441.06,1
1761,09:30:02,$ 3441.06,3
1762,09:30:02,$ 3441.06,2
1763,09:30:02,$ 3441.06,1
1765,09:30:02,$ 3441.06,5
1766,09:30:02,$ 3441.06,2
1767,09:30:02,$ 3441.06,2
1768,09:30:02,$ 3441.06,50
1769,09:30:02,$ 3441.06,3
1770,09:30:02,$ 3441.06,2
1771,09:30:02,$ 3441.06,53
1772,09:30:02,$ 3441.06,10
1773,09:30:02,$ 3441.06,15
1774,09:30:02,$ 3441.06,3
1775,09:30:02,$ 3441.06,10
1776,09:30:02,$ 3441.06,79
1777,09:30:02,$ 3441.06,1
1778,09:30:02,$ 3441.06,12
1779,09:30:02,$ 3441.06,10
1780,09:30:02,$ 3441.06,20
1781,09:30:02,$ 3441.06,21
1782,09:30:02,$ 3441.06,4
1783,09:30:02,$ 3441.06,10
1784,09:30:02,$ 3441.06,13
1786,09:30:02,$ 3441.06,1
1787,09:30:02,$ 3441.06,1
1788,09:30:02,$ 3441.06,1
1789,09:30:02,$ 3441.06,15
1790,09:30:02,$ 3441.06,3
1791,09:30:02,$ 3441.06,1
1792,09:30:02,$ 3441.06,1
1793,09:30:02,$ 3441.06,1
1794,09:30:02,$ 3441.06,1
1795,09:30:02,$ 3441.06,3
1796,09:30:02,$ 3441.06,3
1797,09:30:02,$ 3441.06,2
1798,09:30:02,$ 3441.06,1
1799,09:30:02,$ 3441.06,2
1800,09:30:02,$ 3441.06,1
1801,09:30:02,$ 3441.06,1
1802,09:30:02,$ 3441.06,7
1803,09:30:02,$ 3441.06,1
1804,09:30:02,$ 3441.06,1
1805,09:30:02,$ 3441.06,1
1807,09:30:02,$ 3441.06,3
1808,09:30:02,$ 3441.06,2
1809,09:30:02,$ 3441.06,2
1810,09:30:02,$ 3441.06,1
1811,09:30:02,$ 3441.06,1
1812,09:30:02,$ 3441.06,3
1813,09:30:02,$ 3441.06,2
1814,09:30:02,$ 3441.06,2
1815,09:30:02,$ 3441.06,4
1816,09:30:02,$ 3441.06,1
1817,09:30:02,$ 3441.06,1
1818,09:30:02,$ 3441.06,1
1819,09:30:02,$ 3441.06,533
1820,09:30:02,$ 3441.06,7
1821,09:30:02,$ 3441.06,1
1822,09:30:02,$ 3441.06,5
1823,09:30:02,$ 3441.06,90
1824,09:30:02,$ 3441.06,6
1825,09:30:02,$ 3441.06,2
1826,09:30:02,$ 3441.06,1
1828,09:30:02,$ 3441.06,1
1829,09:30:02,$ 3441.06,1
1830,09:30:02,$ 3441.06,1
1831,09:30:02,$ 3441.06,2
1832,09:30:02,$ 3441.06,2
1833,09:30:02,$ 3441.06,1
1834,09:30:02,$ 3441.06,9
1835,09:30:02,$ 3441.06,1
1836,09:30:02,$ 3441.06,2
1837,09:30:02,$ 3441.06,1
1838,09:30:02,$ 3441.06,6
1839,09:30:02,$ 3441.06,1
1840,09:30:02,$ 3441.06,2
1841,09:30:02,$ 3441.06,1
1842,09:30:02,$ 3441.06,1
1843,09:30:02,$ 3441.06,3
1844,09:30:02,$ 3441.06,6
1845,09:30:02,$ 3441.06,3
1846,09:30:02,$ 3441.06,1
1847,09:30:02,$ 3441.06,1
1849,09:30:02,$ 3441.06,1
1850,09:30:02,$ 3441.06,36
1851,09:30:02,$ 3441.06,6
1852,09:30:02,$ 3441.06,3
1853,09:30:02,$ 3441.06,200
1854,09:30:02,$ 3441.06,2
1855,09:30:02,$ 3441.06,12
1856,09:30:02,$ 3441.06,14
1857,09:30:02,$ 3441.06,6
1858,09:30:02,$ 3441.06,16
1859,09:30:02,$ 3441.06,8
1860,09:30:02,$ 3441.06,1
1861,09:30:02,$ 3441.06,151
1862,09:30:02,$ 3441.06,225
1863,09:30:02,$ 3441.06,200
1864,09:30:02,$ 3441.06,5
1865,09:30:02,$ 3441.06,149
1866,09:30:02,$ 3441.06,9
1867,09:30:02,$ 3441.06,6
1868,09:30:02,$ 3441.06,1
1870,09:30:02,$ 3441.06,3
1871,09:30:02,$ 3441.06,35
1872,09:30:02,$ 3441.06,5
1873,09:30:02,$ 3441.06,5
1874,09:30:02,$ 3441.06,1
1875,09:30:02,$ 3441.06,1
1876,09:30:02,$ 3441.06,1
1877,09:30:02,$ 3441.06,1
1878,09:30:02,$ 3441.06,50
1879,09:30:02,$ 3441.06,1
1880,09:30:02,$ 3441.06,1
1881,09:30:02,$ 3441.06,1
1882,09:30:02,$ 3441.06,6
1883,09:30:02,$ 3441.06,1
1884,09:30:02,$ 3441.06,2
1885,09:30:02,$ 3441.06,5
1886,09:30:02,$ 3441.06,12
1887,09:30:02,$ 3441.06,100
1888,09:30:02,$ 3441.06,1
1889,09:30:02,$ 3441.06,2
1891,09:30:02,$ 3441.06,566
1892,09:30:02,$ 3441.06,11
1893,09:30:02,$ 3441.06,56
1894,09:30:02,$ 3441.06,186
1895,09:30:02,$ 3441.06,2
1896,09:30:02,$ 3441.06,1
1897,09:30:02,$ 3441.06,37
1898,09:30:02,$ 3441.06,36
1899,09:30:02,$ 3441.06,12
1900,09:30:02,$ 3441.06,3
1901,09:30:02,$ 3441.06,1
1902,09:30:02,$ 3441.06,300
1903,09:30:02,$ 3441.06,10
1904,09:30:02,$ 3441.06,1
1905,09:30:02,$ 3441.06,1
1906,09:30:02,$ 3441.06,5
1907,09:30:02,$ 3441.06,18
1908,09:30:02,$ 3441.06,8
1909,09:30:02,$ 3441.06,8
1910,09:30:02,$ 3441.06,14
1912,09:30:02,$ 3441.06,28
1913,09:30:02,$ 3441.06,86
1914,09:30:02,$ 3441.06,8
1915,09:30:02,$ 3441.06,2
1916,09:30:02,$ 3441.06,1
1917,09:30:02,$ 3441.06,1
1918,09:30:02,$ 3441.06,100
1919,09:30:02,$ 3441.06,37
1920,09:30:02,$ 3441.06,36
1921,09:30:02,$ 3441.06,36
1922,09:30:02,$ 3441.06,36
1923,09:30:02,$ 3441.06,9
1924,09:30:02,$ 3441.06,1
1925,09:30:02,$ 3441.06,2
1926,09:30:02,$ 3441.06,1
1927,09:30:02,$ 3441.06,1
1928,09:30:02,$ 3441.06,1
1929,09:30:02,$ 3441.06,1
1930,09:30:02,$ 3441.06,1
1931,09:30:02,$ 3441.06,27
1933,09:30:02,$ 3441.06,1
1934,09:30:02,$ 3441.06,72
1935,09:30:02,$ 3441.06,73
1936,09:30:02,$ 3441.06,72
1937,09:30:02,$ 3441.06,2
1938,09:30:02,$ 3441.06,2
1939,09:30:02,$ 3441.06,1
1940,09:30:02,$ 3441.06,73
1941,09:30:02,$ 3441.06,72
1942,09:30:02,$ 3441.06,73
1943,09:30:02,$ 3441.06,94
1944,09:30:02,$ 3441.06,72
1945,09:30:02,$ 3441.06,37
1946,09:30:02,$ 3441.06,36
1947,09:30:02,$ 3441.06,36
1948,09:30:02,$ 3441.06,36
1949,09:30:02,$ 3441.06,5
1950,09:30:02,$ 3441.06,1
1951,09:30:02,$ 3441.06,1
1952,09:30:02,$ 3441.06,5
1954,09:30:02,$ 3441.06,2
1955,09:30:02,$ 3441.06,3
1956,09:30:02,$ 3441.06,1
1957,09:30:02,$ 3441.06,2
1958,09:30:02,$ 3441.06,3
1959,09:30:02,$ 3441.06,20
1960,09:30:02,$ 3441.06,3
1961,09:30:02,$ 3441.06,3
1962,09:30:02,$ 3441.06,3
1963,09:30:02,$ 3441.06,3
1964,09:30:02,$ 3441.06,10
1965,09:30:02,$ 3441.06,3
1966,09:30:02,$ 3441.06,3
1967,09:30:02,$ 3441.06,1
1968,09:30:02,$ 3441.06,10
1969,09:30:02,$ 3441.06,1
1970,09:30:02,$ 3441.06,1
1971,09:30:02,$ 3441.06,2
1972,09:30:02,$ 3441.06,2
1973,09:30:02,$ 3441.06,4
1975,09:30:02,$ 3441.06,73
1976,09:30:02,$ 3441.06,3
1977,09:30:02,$ 3441.06,72
1978,09:30:02,$ 3441.06,73
1979,09:30:02,$ 3441.06,2
1980,09:30:02,$ 3441.06,1
1981,09:30:02,$ 3441.06,5
1982,09:30:02,$ 3441.06,2
1983,09:30:02,$ 3441.06,6
1984,09:30:02,$ 3441.06,80
1985,09:30:02,$ 3441.06,14
1986,09:30:02,$ 3441.06,5
1987,09:30:02,$ 3441.06,3
1988,09:30:02,$ 3441.06,60
1989,09:30:02,$ 3441.06,33
1990,09:30:02,$ 3441.06,21
1991,09:30:02,$ 3441.06,10
1992,09:30:02,$ 3441.06,13
1993,09:30:02,$ 3441.06,75
1994,09:30:02,$ 3441.06,1
1996,09:30:02,$ 3441.06,2
1997,09:30:02,$ 3441.06,1
1998,09:30:02,$ 3441.06,10
1999,09:30:02,$ 3441.06,3
2000,09:30:02,$ 3441.06,1
2001,09:30:02,$ 3441.06,1
2002,09:30:02,$ 3441.06,5
2003,09:30:02,$ 3441.06,3
2004,09:30:02,$ 3441.06,2
2005,09:30:02,$ 3441.06,1
2006,09:30:02,$ 3441.06,1
2007,09:30:02,$ 3441.06,20
2008,09:30:02,$ 3441.06,8
2009,09:30:02,$ 3441.06,3
2010,09:30:02,$ 3441.06,20
2011,09:30:02,$ 3441.06,3
2012,09:30:02,$ 3441.06,5
2013,09:30:02,$ 3441.06,2
2014,09:30:02,$ 3441.06,1
2015,09:30:02,$ 3441.06,1
2017,09:30:02,$ 3441.06,1
2018,09:30:02,$ 3441.06,1
2019,09:30:02,$ 3441.06,4
2020,09:30:02,$ 3441.06,1
2021,09:30:02,$ 3441.06,2
2022,09:30:02,$ 3441.06,1
2023,09:30:02,$ 3441.06,15
2024,09:30:02,$ 3441.06,1
2025,09:30:02,$ 3441.06,3
2026,09:30:02,$ 3441.06,1
2027,09:30:02,$ 3441.06,72
2028,09:30:02,$ 3441.06,1
2029,09:30:02,$ 3441.06,73
2030,09:30:02,$ 3441.06,2
2031,09:30:02,$ 3441.06,1
2032,09:30:02,$ 3441.06,1
2033,09:30:02,$ 3441.06,1
2034,09:30:02,$ 3441.06,1
2035,09:30:02,$ 3441.06,1
2036,09:30:02,$ 3441.06,2
2038,09:30:02,$ 3441.06,72
2039,09:30:02,$ 3441.06,3
2040,09:30:02,$ 3441.06,3
2041,09:30:02,$ 3441.06,1
2042,09:30:02,$ 3441.06,1
2043,09:30:02,$ 3441.06,6
2044,09:30:02,$ 3441.06,1
2045,09:30:02,$ 3441.06,1
2046,09:30:02,$ 3441.06,2
2047,09:30:02,$ 3441.06,3
2048,09:30:02,$ 3441.06,2
2049,09:30:02,$ 3441.06,3
2050,09:30:02,$ 3441.06,1
2051,09:30:02,$ 3441.06,73
2052,09:30:02,$ 3441.06,20
2053,09:30:02,$ 3441.06,5
2054,09:30:02,$ 3441.06,10
2055,09:30:02,$ 3441.06,1
2056,09:30:02,$ 3441.06,1
2057,09:30:02,$ 3441.06,1
2059,09:30:02,$ 3441.06,14
2060,09:30:02,$ 3441.06,1
2061,09:30:02,$ 3441.06,1
2062,09:30:02,$ 3441.06,4
2063,09:30:02,$ 3441.06,1
2064,09:30:02,$ 3441.06,2
2065,09:30:02,$ 3441.06,72
2066,09:30:02,$ 3441.06,1
2067,09:30:02,$ 3441.06,20
2068,09:30:02,$ 3441.06,1
2069,09:30:02,$ 3441.06,1
2070,09:30:02,$ 3441.06,1
2071,09:30:02,$ 3441.06,20
2072,09:30:02,$ 3441.06,1
2073,09:30:02,$ 3441.06,1
2074,09:30:02,$ 3441.06,1
2075,09:30:02,$ 3441.06,2
2076,09:30:02,$ 3441.06,1
2077,09:30:02,$ 3441.06,1
2078,09:30:02,$ 3441.06,1
2080,09:30:02,$ 3441.06,1
2081,09:30:02,$ 3441.06,2
2082,09:30:02,$ 3441.06,82
2083,09:30:02,$ 3441.06,10
2084,09:30:02,$ 3441.06,92
2085,09:30:02,$ 3441.06,100
2086,09:30:02,$ 3441.06,7
2087,09:30:02,$ 3441.06,1
2088,09:30:02,$ 3441.06,14
2089,09:30:02,$ 3441.06,1
2090,09:30:02,$ 3441.06,2
2091,09:30:02,$ 3441.06,1
2092,09:30:02,$ 3441.06,1
2093,09:30:02,$ 3441.06,1
2094,09:30:02,$ 3441.06,15
2095,09:30:02,$ 3441.06,2
2096,09:30:02,$ 3441.06,1
2097,09:30:02,$ 3441.06,4
2098,09:30:02,$ 3441.06,7
2099,09:30:02,$ 3441.06,2
2101,09:30:02,$ 3441.06,11
2102,09:30:02,$ 3441.06,4
2103,09:30:02,$ 3441.06,1
2104,09:30:02,$ 3441.06,1
2105,09:30:02,$ 3441.06,2
2106,09:30:02,$ 3441.06,3
2107,09:30:02,$ 3441.06,5
2108,09:30:02,$ 3441.06,5
2109,09:30:02,$ 3441.06,2
2110,09:30:02,$ 3441.06,9
2111,09:30:02,$ 3441.06,16
2112,09:30:02,$ 3441.06,1
2113,09:30:02,$ 3441.06,4
2114,09:30:02,$ 3441.06,20
2115,09:30:02,$ 3441.06,7
2116,09:30:02,$ 3441.06,1
2117,09:30:02,$ 3441.06,1
2118,09:30:02,$ 3441.06,8
2119,09:30:02,$ 3441.06,15
2120,09:30:02,$ 3441.06,24
2122,09:30:02,$ 3441.06,1
2123,09:30:02,$ 3441.06,30
2124,09:30:02,$ 3441.06,2
2125,09:30:02,$ 3441.06,1
2126,09:30:02,$ 3441.06,10
2127,09:30:02,$ 3441.06,2
2128,09:30:02,$ 3441.06,2
2129,09:30:02,$ 3441.06,4
2130,09:30:02,$ 3441.06,4
2131,09:30:02,$ 3441.06,28
2132,09:30:02,$ 3441.06,5
2133,09:30:02,$ 3441.06,2
2134,09:30:02,$ 3441.06,5
2135,09:30:02,$ 3441.06,147
2136,09:30:02,$ 3441.06,191
2137,09:30:02,$ 3441.06,10
2138,09:30:02,$ 3441.06,2
2139,09:30:02,$ 3441.06,1
2140,09:30:02,$ 3441.06,1
2141,09:30:02,$ 3441.06,5
2143,09:30:02,$ 3441.06,1
2144,09:30:02,$ 3441.06,1
2145,09:30:02,$ 3441.06,1
2146,09:30:02,$ 3441.06,3
2147,09:30:02,$ 3441.06,2
2148,09:30:02,$ 3441.06,1
2149,09:30:02,$ 3441.06,1
2150,09:30:02,$ 3441.06,2
2151,09:30:02,$ 3441.06,1
2152,09:30:02,$ 3441.06,10
2153,09:30:02,$ 3441.06,4
2154,09:30:02,$ 3441.06,73
2155,09:30:02,$ 3441.06,2
2156,09:30:02,$ 3441.06,72
2157,09:30:02,$ 3441.06,3
2158,09:30:02,$ 3441.06,73
2159,09:30:02,$ 3441.06,3
2160,09:30:02,$ 3441.06,10
2161,09:30:02,$ 3441.06,4
2162,09:30:02,$ 3441.06,1
2164,09:30:02,$ 3441.06,3
2165,09:30:02,$ 3441.06,1
2166,09:30:02,$ 3441.06,1
2167,09:30:02,$ 3441.06,5
2168,09:30:02,$ 3441.06,1
2169,09:30:02,$ 3441.06,1
2170,09:30:02,$ 3441.06,3
2171,09:30:02,$ 3441.06,173
2172,09:30:02,$ 3441.06,188
2173,09:30:02,$ 3441.06,2
2174,09:30:02,$ 3441.06,3
2175,09:30:02,$ 3441.06,5
2176,09:30:02,$ 3441.06,3
2177,09:30:02,$ 3441.06,1
2178,09:30:02,$ 3441.06,1
2179,09:30:02,$ 3441.06,1
2180,09:30:02,$ 3441.06,72
2181,09:30:02,$ 3441.06,10
2182,09:30:02,$ 3441.06,10
2183,09:30:02,$ 3441.06,73
2185,09:30:02,$ 3441.06,72
2186,09:30:02,$ 3441.06,73
2187,09:30:02,$ 3441.06,100
2188,09:30:02,$ 3441.06,72
2189,09:30:02,$ 3441.06,10
2190,09:30:02,$ 3441.06,5
2191,09:30:02,$ 3441.06,43
2192,09:30:02,$ 3441.06,73
2193,09:30:02,$ 3441.06,2
2194,09:30:02,$ 3441.06,4
2195,09:30:02,$ 3441.06,1
2196,09:30:02,$ 3441.06,4
2197,09:30:02,$ 3441.06,2
2198,09:30:02,$ 3441.06,25
2199,09:30:02,$ 3441.06,7
2200,09:30:02,$ 3441.06,1
2201,09:30:02,$ 3441.06,1
2202,09:30:02,$ 3441.06,1
2203,09:30:02,$ 3441.06,34
2204,09:30:02,$ 3441.06,1
2206,09:30:02,$ 3441.06,1
2207,09:30:02,$ 3441.06,4
2208,09:30:02,$ 3441.06,4
2209,09:30:02,$ 3441.06,1
2210,09:30:02,$ 3441.06,1
2211,09:30:02,$ 3441.06,10
2212,09:30:02,$ 3441.06,14
2213,09:30:02,$ 3441.06,72
2214,09:30:02,$ 3441.06,1
2215,09:30:02,$ 3441.06,1
2216,09:30:02,$ 3441.06,1
2217,09:30:02,$ 3441.06,1
2218,09:30:02,$ 3441.06,500
2219,09:30:02,$ 3441.06,1
2220,09:30:02,$ 3441.06,1
2221,09:30:02,$ 3441.06,3
2222,09:30:02,$ 3441.06,50
2223,09:30:02,$ 3441.06,5
2224,09:30:02,$ 3441.06,1
2225,09:30:02,$ 3441.06,3
2227,09:30:02,$ 3441.06,1
2228,09:30:02,$ 3441.06,4
2229,09:30:02,$ 3441.06,100
2230,09:30:02,$ 3441.06,10
2231,09:30:02,$ 3441.06,4
2232,09:30:02,$ 3441.06,5
2233,09:30:02,$ 3441.06,1
2234,09:30:02,$ 3441.06,72
2235,09:30:02,$ 3441.06,10
2236,09:30:02,$ 3441.06,43
2237,09:30:02,$ 3441.06,1
2238,09:30:02,$ 3441.06,73
2239,09:30:02,$ 3441.06,10
2240,09:30:02,$ 3441.06,1
2241,09:30:01,$ 3441.06,159
2242,09:30:01,$ 3441.06,3
2243,09:30:01,$ 3441.06,73
2244,09:30:01,$ 3441.06,25
2245,09:30:01,$ 3441.06,1
2246,09:30:01,$ 3441.06,19
2248,09:30:01,$ 3441.06,32
2249,09:30:01,$ 3441.06,49
2250,09:30:01,$ 3441.06,4
2251,09:30:01,$ 3441.06,378
2252,09:30:01,$ 3441.06,29
2253,09:30:01,$ 3441.06,14
2254,09:30:01,$ 3441.06,92
2255,09:30:01,$ 3441.06,145
2256,09:30:01,$ 3441.06,65
2257,09:30:01,$ 3441.06,306
2258,09:30:01,$ 3441.06,722
2259,09:30:01,$ 3441.06,72
2260,09:30:01,$ 3441.06,1
2261,09:30:01,$ 3441.06,73
2262,09:30:01,$ 3441.06,1
2263,09:30:01,$ 3441.06,1
2264,09:30:01,$ 3441.06,3
2265,09:30:01,$ 3441.06,100
2266,09:30:01,$ 3441.06,9
2267,09:30:01,$ 3441.06,10
2269,09:30:01,$ 3441.06,1
2270,09:30:01,$ 3441.06,1
2271,09:30:01,$ 3441.06,1
2272,09:30:01,$ 3441.06,1
2273,09:30:01,$ 3441.06,370
2274,09:30:01,$ 3441.06,2
2275,09:30:01,$ 3441.06,72
2276,09:30:01,$ 3441.06,1
2277,09:30:01,$ 3441.06,3
2278,09:30:01,$ 3441.06,10
2279,09:30:01,$ 3441.06,6
2280,09:30:01,$ 3441.06,73
2281,09:30:01,$ 3441.06,72
2282,09:30:01,$ 3441.06,1
2283,09:30:01,$ 3441.06,1
2284,09:30:01,$ 3441.06,4
2285,09:30:01,$ 3441.06,73
2286,09:30:01,$ 3441.06,10
2287,09:30:01,$ 3441.06,72
2288,09:30:01,$ 3441.06,43
2290,09:30:01,$ 3441.06,200
2291,09:30:01,$ 3444.99,200
2292,09:30:01,$ 3442.41,100
2293,09:30:01,$ 3443.76,100
2294,09:30:00,$ 3444.00,191
2295,09:30:00,$ 3441.06,30
2296,09:30:00,$ 3441.06,15
2297,09:30:00,$ 3441.06,15
2298,09:30:00,$ 3441.06,1
2299,09:30:00,$ 3441.06,100
2300,09:30:00,$ 3441.06,205
2301,09:30:00,$ 3441.06,9
2302,09:30:00,$ 3441.06,5
2303,09:30:00,$ 3441.06,34
2305,10:29:54,$ 3465.97,100
2306,10:29:51,$ 3465.96,100
2307,10:29:46,$ 3465.97,100
2308,10:29:44,$ 3467.3069,200
2309,10:29:40,$ 3467.23,145
2310,10:29:38,$ 3466.61,100
2311,10:29:36,$ 3466.55,100
2312,10:29:35,$ 3466.80,100
2313,10:29:35,$ 3467.03,100
2314,10:29:28,$ 3466.1346,400
2315,10:29:15,$ 3467.06,100
2316,10:29:07,$ 3466.89,100
2317,10:28:52,$ 3467.83,100
2318,10:28:52,$ 3468.445,100
2319,10:28:52,$ 3467.84,100
2320,10:28:52,$ 3467.765,100
2321,10:28:52,$ 3468.43,100
2322,10:28:52,$ 3468.42,100
2323,10:28:49,$ 3467.71,100
2324,10:28:36,$ 3468.33,160
2326,10:28:36,$ 3468.34,100
2327,10:28:36,$ 3468.35,100
2328,10:28:32,$ 3469.32,100
2329,10:28:26,$ 3468.86,125
2330,10:28:22,$ 3468.424,100
2331,10:28:16,$ 3466.70,128
2332,10:28:10,$ 3467.405,100
2333,10:28:05,$ 3467.7101,400
2334,10:28:03,$ 3468.00,400
2335,10:28:03,$ 3468.205,100
2336,10:27:35,$ 3467.00,100
2337,10:27:33,$ 3467.00,158
2338,10:27:33,$ 3467.00,100
2339,10:27:30,$ 3466.33,100
2340,10:26:52,$ 3465.505,100
2341,10:26:49,$ 3466.37,200
2342,10:26:36,$ 3466.67,100
2343,10:26:17,$ 3465.15,100
2344,10:25:57,$ 3463.8688,200
2345,10:25:44,$ 3465.39,124
2347,10:25:44,$ 3465.39,251
2348,10:25:40,$ 3465.33,100
2349,10:25:36,$ 3465.4494,100
2350,10:25:31,$ 3465.96,100
2351,10:25:25,$ 3466.4961,500
2352,10:24:53,$ 3466.135,300
2353,10:24:53,$ 3466.125,100
2354,10:24:53,$ 3466.00,400
2355,10:24:53,$ 3466.00,200
2356,10:24:49,$ 3464.47,100
2357,10:24:38,$ 3464.00,100
2358,10:24:11,$ 3464.35,100
2359,10:24:11,$ 3464.44,100
2360,10:24:01,$ 3463.8124,100
2361,10:23:49,$ 3463.597,140
2362,10:23:09,$ 3464.29,100
2363,10:23:07,$ 3464.8756,400
2364,10:22:57,$ 3465.00,400
2365,10:22:57,$ 3465.00,100
2366,10:22:57,$ 3464.99,100
2368,10:22:57,$ 3464.00,400
2369,10:22:57,$ 3464.00,100
2370,10:22:08,$ 3461.455,100
2371,10:22:05,$ 3462.00,100
2372,10:21:53,$ 3462.96,100
2373,10:21:39,$ 3462.235,100
2374,10:21:33,$ 3463.1077,100
2375,10:21:05,$ 3462.05,100
2376,10:20:56,$ 3462.60,100
2377,10:20:56,$ 3462.60,400
2378,10:20:54,$ 3461.94,100
2379,10:20:41,$ 3460.40,100
2380,10:20:26,$ 3460.23,100
2381,10:20:09,$ 3460.14,100
2382,10:20:00,$ 3461.0225,116
2383,10:19:58,$ 3460.9772,100
2384,10:19:57,$ 3459.946,100
2385,10:19:54,$ 3459.4601,394
2386,10:19:28,$ 3462.10,100
2387,10:19:23,$ 3462.11,700
2389,10:18:45,$ 3462.08,100
2390,10:18:43,$ 3461.5764,100
2391,10:18:18,$ 3463.495,100
2392,10:18:17,$ 3463.60,100
2393,10:18:17,$ 3463.495,100
2394,10:18:17,$ 3463.85,100
2395,10:18:17,$ 3463.805,100
2396,10:18:16,$ 3464.065,100
2397,10:18:09,$ 3463.2975,100
2398,10:18:09,$ 3463.285,100
2399,10:18:09,$ 3463.46,100
2400,10:18:09,$ 3463.79,100
2401,10:18:09,$ 3464.00,207
2402,10:18:05,$ 3462.96,100
2403,10:18:05,$ 3462.99,100
2404,10:18:05,$ 3462.96,100
2405,10:18:05,$ 3462.97,100
2406,10:18:03,$ 3462.9096,400
2407,10:17:58,$ 3462.595,100
2408,10:17:57,$ 3463.2898,100
2410,10:17:57,$ 3463.125,100
2411,10:17:57,$ 3463.28,140
2412,10:17:57,$ 3462.89,100
2413,10:17:57,$ 3463.29,100
2414,10:17:49,$ 3462.63,100
2415,10:17:45,$ 3463.315,100
2416,10:17:45,$ 3463.315,100
2417,10:17:43,$ 3463.67,100
2418,10:17:43,$ 3463.34,100
2419,10:17:43,$ 3463.47,100
2420,10:17:43,$ 3463.47,100
2421,10:17:39,$ 3463.9999,100
2422,10:17:29,$ 3463.505,100
2423,10:17:28,$ 3463.505,100
2424,10:17:26,$ 3463.32,100
2425,10:17:26,$ 3463.745,100
2426,10:17:18,$ 3463.315,100
2427,10:17:18,$ 3463.315,200
2428,10:17:18,$ 3463.315,100
2429,10:17:18,$ 3463.315,100
2431,10:17:08,$ 3463.36,100
2432,10:17:08,$ 3463.32,100
2433,10:17:08,$ 3463.32,100
2434,10:17:08,$ 3463.32,100
2435,10:17:08,$ 3463.44,100
2436,10:17:08,$ 3463.47,100
2437,10:17:08,$ 3463.19,100
2438,10:17:08,$ 3463.47,100
2439,10:17:08,$ 3463.315,100
2440,10:17:07,$ 3463.19,100
2441,10:17:07,$ 3463.19,100
2442,10:17:04,$ 3462.975,100
2443,10:16:59,$ 3460.94,268
2444,10:16:43,$ 3461.5088,146
2445,10:16:40,$ 3460.7617,100
2446,10:15:35,$ 3458.73,100
2447,10:15:35,$ 3458.74,100
2448,10:15:27,$ 3459.23,100
2449,10:15:22,$ 3460.2806,100
2450,10:15:19,$ 3460.505,100
2452,10:15:17,$ 3458.8725,100
2453,10:15:16,$ 3458.9125,100
2454,10:15:14,$ 3458.80,100
2455,10:15:12,$ 3458.45,100
2456,10:15:12,$ 3458.46,100
2457,10:15:12,$ 3458.45,100
2458,10:15:08,$ 3458.59,100
2459,10:15:07,$ 3458.59,100
2460,10:15:05,$ 3458.84,100
2461,10:14:57,$ 3459.118,100
2462,10:14:18,$ 3458.7904,100
2463,10:14:04,$ 3459.00,100
2464,10:14:04,$ 3460.0925,100
2465,10:14:03,$ 3459.37,100
2466,10:14:03,$ 3459.80,100
2467,10:14:03,$ 3459.80,129
2468,10:13:17,$ 3461.04,100
2469,10:12:55,$ 3459.51,100
2470,10:12:50,$ 3460.90,100
2471,10:12:35,$ 3460.52,100
2473,10:12:30,$ 3460.82,100
2474,10:11:58,$ 3458.14,100
2475,10:11:56,$ 3457.25,100
2476,10:11:48,$ 3458.00,100
2477,10:11:43,$ 3458.21,867
2478,10:11:41,$ 3457.49,100
2479,10:11:30,$ 3457.4064,871
2480,10:11:30,$ 3457.1101,100
2481,10:11:30,$ 3458.5898,100
2482,10:11:29,$ 3457.11,100
2483,10:11:29,$ 3457.89,100
2484,10:11:27,$ 3456.98,100
2485,10:11:27,$ 3457.40,100
2486,10:11:27,$ 3456.98,100
2487,10:11:27,$ 3456.96,100
2488,10:11:26,$ 3457.57,100
2489,10:11:24,$ 3457.785,180
2490,10:11:24,$ 3458.00,100
2491,10:11:24,$ 3457.55,400
2492,10:11:19,$ 3458.1401,100
2494,10:11:04,$ 3460.00,100
2495,10:11:00,$ 3462.01,100
2496,10:11:00,$ 3462.495,100
2497,10:10:28,$ 3461.7358,500
2498,10:10:16,$ 3464.215,400
2499,10:10:00,$ 3464.4042,400
2500,10:10:00,$ 3463.8188,100
2501,10:09:55,$ 3463.09,100
2502,10:09:51,$ 3463.1625,100
2503,10:09:50,$ 3462.44,100
2504,10:09:37,$ 3462.1401,100
2505,10:09:28,$ 3461.61,200
2506,10:09:15,$ 3462.3175,400
2507,10:09:01,$ 3462.7117,100
2508,10:09:00,$ 3462.82,100
2509,10:08:58,$ 3463.00,100
2510,10:08:54,$ 3463.70,100
2511,10:08:38,$ 3464.2925,400
2512,10:08:27,$ 3463.4575,100
2513,10:08:16,$ 3462.11,100
2515,10:08:16,$ 3462.10,165
2516,10:07:39,$ 3462.50,139
2517,10:07:24,$ 3462.52,100
2518,10:07:24,$ 3462.20,100
2519,10:07:13,$ 3462.55,100
2520,10:07:13,$ 3462.55,100
2521,10:07:13,$ 3462.54,100
2522,10:06:57,$ 3462.67,100
2523,10:06:49,$ 3463.435,100
2524,10:06:37,$ 3463.44,100
2525,10:06:32,$ 3463.545,164
2526,10:06:32,$ 3463.545,100
2527,10:06:32,$ 3463.545,100
2528,10:06:29,$ 3463.53,200
2529,10:06:29,$ 3463.53,300
2530,10:06:23,$ 3463.79,100
2531,10:06:09,$ 3464.7599,100
2532,10:06:02,$ 3463.28,100
2533,10:05:58,$ 3463.83,100
2534,10:05:47,$ 3463.8544,100
2536,10:05:45,$ 3463.11,100
2537,10:05:45,$ 3463.15,100
2538,10:05:45,$ 3463.015,100
2539,10:05:45,$ 3463.0175,100
2540,10:05:15,$ 3461.91,100
2541,10:05:10,$ 3463.175,100
2542,10:05:10,$ 3463.67,100
2543,10:05:06,$ 3464.215,250
2544,10:05:04,$ 3464.215,100
2545,10:05:02,$ 3463.755,250
2546,10:05:00,$ 3462.00,100
2547,10:04:49,$ 3461.95,600
2548,10:04:35,$ 3460.8275,400
2549,10:04:22,$ 3461.00,327
2550,10:04:17,$ 3460.81,100
2551,10:04:14,$ 3459.71,100
2552,10:04:08,$ 3459.02,100
2553,10:04:08,$ 3458.99,100
2554,10:04:04,$ 3459.565,100
2555,10:04:00,$ 3459.02,100
2557,10:04:00,$ 3459.365,141
2558,10:03:55,$ 3459.375,135
2559,10:03:38,$ 3459.90,100
2560,10:03:38,$ 3460.00,100
2561,10:03:38,$ 3460.29,100
2562,10:03:27,$ 3460.73,100
2563,10:03:22,$ 3460.29,371
2564,10:03:15,$ 3461.14,150
2565,10:03:10,$ 3462.00,400
2566,10:02:57,$ 3462.51,100
2567,10:02:45,$ 3461.5114,385
2568,10:02:44,$ 3462.215,100
2569,10:02:27,$ 3462.335,100
2570,10:02:24,$ 3462.9046,100
2571,10:02:16,$ 3462.00,116
2572,10:02:05,$ 3462.04,100
2573,10:02:02,$ 3462.02,100
2574,10:02:01,$ 3462.40,100
2575,10:01:49,$ 3463.08,100
2576,10:01:49,$ 3462.96,100
2578,10:01:49,$ 3463.00,100
2579,10:01:49,$ 3462.96,100
2580,10:01:49,$ 3463.04,100
2581,10:01:49,$ 3462.96,100
2582,10:01:49,$ 3463.165,100
2583,10:00:58,$ 3462.04,100
2584,10:00:58,$ 3463.10,300
2585,10:00:53,$ 3463.00,100
2587,10:59:52,$ 3467.00,209
2588,10:59:52,$ 3467.41,100
2589,10:59:46,$ 3466.1672,200
2590,10:59:18,$ 3466.97,100
2591,10:59:18,$ 3466.985,100
2592,10:59:18,$ 3466.985,100
2593,10:59:15,$ 3466.39,100
2594,10:59:07,$ 3466.39,175
2595,10:59:07,$ 3466.40,100
2596,10:59:07,$ 3466.40,100
2597,10:59:07,$ 3466.40,100
2598,10:59:01,$ 3465.68,100
2599,10:59:00,$ 3467.03,100
2600,10:59:00,$ 3466.87,100
2601,10:58:20,$ 3467.00,100
2602,10:58:09,$ 3466.81,100
2603,10:57:46,$ 3467.00,159
2604,10:57:42,$ 3465.26,100
2605,10:57:28,$ 3468.4665,100
2606,10:57:19,$ 3468.29,100
2608,10:57:15,$ 3468.905,100
2609,10:57:15,$ 3468.905,100
2610,10:57:12,$ 3470.46,100
2611,10:57:12,$ 3469.41,100
2612,10:57:08,$ 3470.625,100
2613,10:57:08,$ 3470.63,100
2614,10:57:02,$ 3470.48,100
2615,10:57:01,$ 3469.9379,750
2616,10:57:00,$ 3469.42,100
2617,10:56:47,$ 3470.45,100
2618,10:56:31,$ 3470.66,100
2619,10:56:22,$ 3470.66,100
2620,10:56:22,$ 3470.66,100
2621,10:56:19,$ 3469.57,100
2622,10:56:12,$ 3470.09,100
2623,10:56:02,$ 3469.76,100
2624,10:56:02,$ 3469.39,100
2625,10:56:02,$ 3469.86,100
2626,10:55:58,$ 3469.5101,160
2627,10:55:54,$ 3469.766,100
2629,10:55:42,$ 3470.0001,100
2630,10:55:40,$ 3470.815,228
2631,10:55:39,$ 3470.465,100
2632,10:55:38,$ 3470.46,100
2633,10:55:38,$ 3470.63,108
2634,10:55:17,$ 3469.88,100
2635,10:55:08,$ 3470.01,100
2636,10:54:56,$ 3470.00,200
2637,10:54:51,$ 3469.6989,100
2638,10:54:45,$ 3469.84,100
2639,10:54:04,$ 3469.00,200
2640,10:53:11,$ 3467.95,100
2641,10:53:11,$ 3467.95,100
2642,10:52:59,$ 3467.42,100
2643,10:52:59,$ 3467.42,100
2644,10:52:48,$ 3468.4999,100
2645,10:52:33,$ 3466.80,100
2646,10:51:59,$ 3465.52,100
2647,10:51:42,$ 3465.745,100
2648,10:51:08,$ 3465.82,100
2650,10:50:25,$ 3463.36,123
2651,10:50:19,$ 3464.0265,100
2652,10:50:16,$ 3463.3808,100
2653,10:49:57,$ 3462.625,100
2654,10:49:20,$ 3463.05,100
2655,10:49:03,$ 3463.30,100
2656,10:48:58,$ 3463.31,100
2657,10:48:07,$ 3466.91,100
2658,10:48:07,$ 3466.73,100
2659,10:47:46,$ 3468.31,100
2660,10:47:35,$ 3468.7485,128
2661,10:47:17,$ 3468.58,100
2662,10:46:49,$ 3469.2843,200
2663,10:46:49,$ 3470.01,100
2664,10:46:48,$ 3469.57,115
2665,10:46:48,$ 3470.39,100
2666,10:46:39,$ 3470.63,100
2667,10:46:34,$ 3470.1149,100
2668,10:46:30,$ 3470.6542,500
2669,10:46:28,$ 3470.78,100
2671,10:46:21,$ 3470.83,100
2672,10:46:21,$ 3470.83,100
2673,10:46:19,$ 3470.64,100
2674,10:46:17,$ 3471.22,100
2675,10:46:17,$ 3471.00,100
2676,10:46:17,$ 3471.00,100
2677,10:46:17,$ 3471.00,500
2678,10:46:17,$ 3471.00,100
2679,10:46:17,$ 3470.794,100
2680,10:46:11,$ 3470.63,100
2681,10:46:11,$ 3469.21,100
2682,10:46:11,$ 3469.19,100
2683,10:46:11,$ 3469.27,100
2684,10:46:09,$ 3469.9901,"1,000"
2685,10:46:07,$ 3470.165,200
2686,10:46:04,$ 3470.00,400
2687,10:46:04,$ 3470.00,100
2688,10:46:04,$ 3470.00,400
2689,10:46:04,$ 3470.00,100
2690,10:46:04,$ 3470.00,120
2692,10:46:00,$ 3469.75,100
2693,10:45:58,$ 3469.50,100
2694,10:45:40,$ 3468.80,100
2695,10:45:40,$ 3468.71,100
2696,10:45:26,$ 3467.69,100
2697,10:45:24,$ 3468.00,705
2698,10:45:24,$ 3468.26,100
2699,10:45:00,$ 3467.20,100
2700,10:44:22,$ 3466.075,100
2701,10:44:10,$ 3467.4741,225
2702,10:43:39,$ 3467.23,100
2703,10:43:39,$ 3467.21,100
2704,10:43:39,$ 3467.00,100
2705,10:43:38,$ 3467.23,100
2706,10:43:29,$ 3467.2922,100
2707,10:43:25,$ 3467.36,100
2708,10:43:17,$ 3466.77,100
2709,10:43:12,$ 3466.00,100
2710,10:43:03,$ 3465.02,100
2711,10:42:57,$ 3465.00,220
2713,10:42:56,$ 3465.355,141
2714,10:42:49,$ 3465.97,100
2715,10:42:40,$ 3463.84,200
2716,10:42:38,$ 3465.20,100
2717,10:42:38,$ 3463.9225,100
2718,10:42:27,$ 3464.97,100
2719,10:42:13,$ 3463.70,100
2720,10:41:37,$ 3462.34,100
2721,10:41:21,$ 3462.80,100
2722,10:41:15,$ 3462.57,200
2723,10:41:09,$ 3462.56,100
2724,10:41:09,$ 3462.56,100
2725,10:41:09,$ 3462.56,100
2726,10:41:09,$ 3462.56,100
2727,10:40:58,$ 3462.22,100
2728,10:40:25,$ 3461.90,100
2729,10:40:17,$ 3461.125,100
2730,10:40:12,$ 3460.15,100
2731,10:40:04,$ 3459.8074,100
2732,10:40:02,$ 3460.00,275
2734,10:39:41,$ 3459.9101,200
2735,10:39:40,$ 3460.0221,389
2736,10:39:40,$ 3459.61,100
2737,10:39:40,$ 3459.84,100
2738,10:39:40,$ 3459.61,100
2739,10:39:40,$ 3459.84,100
2740,10:39:40,$ 3459.87,100
2741,10:39:40,$ 3459.89,131
2742,10:39:40,$ 3459.89,241
2743,10:39:40,$ 3459.60,100
2744,10:39:40,$ 3459.61,100
2745,10:39:34,$ 3459.01,300
2746,10:38:51,$ 3459.92,100
2747,10:38:37,$ 3460.6775,100
2748,10:38:36,$ 3459.92,200
2749,10:38:27,$ 3459.07,300
2750,10:38:27,$ 3459.08,100
2751,10:38:19,$ 3459.00,120
2752,10:38:17,$ 3459.5699,100
2753,10:38:17,$ 3459.055,100
2755,10:38:17,$ 3459.5699,100
2756,10:38:17,$ 3459.245,100
2757,10:38:03,$ 3459.73,100
2758,10:37:51,$ 3458.53,100
2759,10:37:49,$ 3458.53,300
2760,10:37:42,$ 3459.77,100
2761,10:37:39,$ 3459.28,100
2762,10:37:37,$ 3459.28,100
2763,10:37:37,$ 3460.00,100
2764,10:37:37,$ 3460.295,177
2765,10:37:34,$ 3461.035,100
2766,10:37:31,$ 3461.22,100
2767,10:36:54,$ 3463.45,100
2768,10:36:34,$ 3461.725,130
2769,10:36:28,$ 3462.50,159
2770,10:35:56,$ 3462.835,100
2771,10:35:53,$ 3462.97,100
2772,10:35:43,$ 3463.22,100
2773,10:35:38,$ 3464.04,100
2774,10:35:35,$ 3465.075,100
2776,10:35:33,$ 3464.00,100
2777,10:35:33,$ 3464.00,100
2778,10:34:46,$ 3465.00,100
2779,10:34:35,$ 3463.57,100
2780,10:34:35,$ 3464.41,100
2781,10:34:33,$ 3463.99,100
2782,10:34:30,$ 3463.22,100
2783,10:34:28,$ 3463.40,100
2784,10:34:27,$ 3464.2733,100
2785,10:34:23,$ 3463.505,100
2786,10:34:14,$ 3463.90,100
2787,10:34:06,$ 3463.615,100
2788,10:34:06,$ 3463.615,100
2789,10:34:04,$ 3464.12,100
2790,10:34:00,$ 3465.00,100
2791,10:34:00,$ 3465.00,321
2792,10:34:00,$ 3465.00,100
2793,10:34:00,$ 3465.00,100
2794,10:34:00,$ 3465.00,305
2795,10:33:51,$ 3465.91,100
2797,10:33:51,$ 3465.89,100
2798,10:33:37,$ 3465.535,100
2799,10:33:04,$ 3466.87,100
2800,10:33:04,$ 3467.7677,101
2801,10:32:40,$ 3467.46,100
2802,10:32:35,$ 3467.81,100
2803,10:32:34,$ 3466.919,250
2804,10:32:15,$ 3467.7309,100
2805,10:32:08,$ 3467.76,100
2806,10:31:52,$ 3466.47,138
2807,10:31:52,$ 3466.47,162
2808,10:31:50,$ 3466.00,100
2809,10:31:48,$ 3466.00,100
2810,10:31:44,$ 3465.80,100
2811,10:31:43,$ 3465.82,288
2812,10:31:43,$ 3466.41,100
2813,10:31:41,$ 3466.39,100
2814,10:31:35,$ 3466.37,100
2815,10:31:23,$ 3467.05,100
2816,10:31:23,$ 3467.04,300
2818,10:31:23,$ 3467.24,100
2819,10:31:23,$ 3467.09,100
2820,10:31:23,$ 3467.08,100
2821,10:31:20,$ 3468.01,100
2822,10:31:07,$ 3469.3154,100
2823,10:30:47,$ 3469.2699,550
2824,10:30:34,$ 3468.8101,100
2825,10:30:34,$ 3468.38,300
2827,11:29:14,$ 3461.60,100
2828,11:28:29,$ 3460.615,300
2829,11:28:22,$ 3460.62,105
2830,11:28:05,$ 3459.92,100
2831,11:28:03,$ 3460.735,100
2832,11:27:42,$ 3460.515,250
2833,11:27:40,$ 3460.5057,107
2834,11:27:00,$ 3460.485,100
2835,11:26:55,$ 3462.275,200
2836,11:26:51,$ 3461.4201,100
2837,11:26:31,$ 3461.00,100
2838,11:26:31,$ 3461.00,200
2839,11:26:28,$ 3460.76,134
2840,11:26:23,$ 3459.95,100
2841,11:25:55,$ 3460.78,100
2842,11:25:20,$ 3460.14,100
2843,11:25:20,$ 3460.15,100
2844,11:25:19,$ 3460.0189,100
2845,11:25:03,$ 3459.04,100
2846,11:25:03,$ 3459.51,100
2848,11:24:50,$ 3460.17,100
2849,11:24:50,$ 3460.16,120
2850,11:24:38,$ 3459.83,100
2851,11:24:30,$ 3460.19,100
2852,11:24:28,$ 3460.07,100
2853,11:24:17,$ 3460.97,100
2854,11:23:59,$ 3461.8632,600
2855,11:23:35,$ 3463.7405,100
2856,11:23:25,$ 3461.51,132
2857,11:23:01,$ 3461.70,100
2858,11:22:44,$ 3462.621,100
2859,11:22:14,$ 3460.95,100
2860,11:22:13,$ 3463.17,101
2861,11:21:57,$ 3462.99,100
2862,11:21:20,$ 3462.00,198
2863,11:21:08,$ 3462.34,200
2864,11:21:07,$ 3462.75,100
2865,11:20:49,$ 3462.353,100
2866,11:20:47,$ 3463.32,200
2867,11:20:44,$ 3462.69,100
2869,11:20:38,$ 3461.88,100
2870,11:20:29,$ 3460.42,100
2871,11:20:29,$ 3460.38,100
2872,11:20:29,$ 3460.38,100
2873,11:20:29,$ 3460.38,100
2874,11:20:09,$ 3459.865,100
2875,11:19:41,$ 3461.131,100
2876,11:19:40,$ 3460.39,"1,000"
2877,11:19:39,$ 3459.79,100
2878,11:19:38,$ 3460.50,200
2879,11:19:38,$ 3460.00,100
2880,11:19:38,$ 3460.50,100
2881,11:19:31,$ 3461.47,100
2882,11:18:56,$ 3463.065,100
2883,11:18:46,$ 3463.51,100
2884,11:18:46,$ 3463.76,100
2885,11:18:14,$ 3465.605,200
2886,11:17:43,$ 3464.48,100
2887,11:17:25,$ 3465.01,153
2888,11:17:25,$ 3464.99,100
2890,11:17:13,$ 3465.525,100
2891,11:17:11,$ 3465.54,100
2892,11:17:03,$ 3465.47,100
2893,11:16:30,$ 3463.16,100
2894,11:16:19,$ 3462.325,100
2895,11:16:11,$ 3463.54,100
2896,11:16:11,$ 3463.59,100
2897,11:16:11,$ 3463.59,100
2898,11:16:11,$ 3463.54,100
2899,11:16:11,$ 3463.59,100
2900,11:16:05,$ 3464.545,100
2901,11:16:05,$ 3464.545,100
2902,11:16:01,$ 3465.025,100
2903,11:15:58,$ 3464.80,100
2904,11:15:57,$ 3464.65,100
2905,11:15:57,$ 3465.131,113
2906,11:15:57,$ 3465.04,100
2907,11:15:57,$ 3466.00,200
2908,11:15:31,$ 3466.2588,262
2909,11:15:22,$ 3467.11,100
2911,11:15:08,$ 3466.28,100
2912,11:14:11,$ 3467.058,100
2913,11:14:11,$ 3467.51,170
2914,11:14:11,$ 3467.048,100
2915,11:14:01,$ 3467.99,100
2916,11:13:42,$ 3468.00,133
2917,11:13:39,$ 3467.25,100
2918,11:13:38,$ 3467.22,100
2919,11:13:14,$ 3467.62,100
2920,11:13:09,$ 3468.236,100
2921,11:13:07,$ 3467.17,100
2922,11:13:06,$ 3466.99,100
2923,11:13:06,$ 3467.00,100
2924,11:13:06,$ 3466.915,100
2925,11:13:06,$ 3466.185,100
2926,11:12:54,$ 3466.475,100
2927,11:12:40,$ 3466.21,100
2928,11:12:35,$ 3466.00,100
2929,11:12:35,$ 3466.00,200
2930,11:12:35,$ 3466.00,100
2932,11:12:14,$ 3467.05,100
2933,11:12:14,$ 3467.51,100
2934,11:12:14,$ 3467.50,100
2935,11:12:14,$ 3467.50,100
2936,11:12:14,$ 3467.90,100
2937,11:12:13,$ 3467.40,100
2938,11:12:13,$ 3468.40,200
2939,11:12:13,$ 3467.39,100
2940,11:12:13,$ 3467.46,100
2941,11:11:49,$ 3466.76,100
2942,11:11:34,$ 3467.35,100
2943,11:11:34,$ 3467.35,100
2944,11:11:16,$ 3467.5555,100
2945,11:11:14,$ 3467.85,500
2946,11:10:47,$ 3468.49,218
2947,11:10:45,$ 3468.315,100
2948,11:10:45,$ 3468.315,250
2949,11:10:44,$ 3467.7205,107
2950,11:10:28,$ 3468.16,132
2951,11:10:04,$ 3468.70,100
2953,11:09:50,$ 3467.89,100
2954,11:09:46,$ 3467.73,154
2955,11:09:34,$ 3469.02,159
2956,11:09:24,$ 3469.02,159
2957,11:09:19,$ 3468.85,159
2958,11:09:11,$ 3469.53,100
2959,11:08:56,$ 3468.96,100
2960,11:08:25,$ 3469.65,100
2961,11:08:25,$ 3469.64,100
2962,11:08:25,$ 3469.47,200
2963,11:08:25,$ 3469.47,100
2964,11:08:11,$ 3469.20,100
2965,11:07:52,$ 3469.13,100
2966,11:07:15,$ 3467.14,100
2967,11:06:41,$ 3467.28,165
2968,11:06:16,$ 3468.7964,100
2969,11:06:05,$ 3467.19,500
2970,11:05:14,$ 3468.15,100
2971,11:04:02,$ 3468.42,100
2972,11:03:21,$ 3467.89,100
2974,11:03:12,$ 3468.2999,100
2975,11:03:07,$ 3467.685,100
2976,11:02:50,$ 3467.9055,400
2977,11:02:49,$ 3467.29,164
2978,11:02:49,$ 3467.75,100
2979,11:02:49,$ 3468.18,100
2980,11:02:45,$ 3469.19,100
2981,11:02:45,$ 3468.76,100
2982,11:01:58,$ 3469.62,100
2983,11:01:54,$ 3470.33,100
2984,11:01:34,$ 3471.41,100
2985,11:01:32,$ 3469.911,100
2986,11:01:30,$ 3470.73,100
2987,11:01:30,$ 3470.73,100
2988,11:01:30,$ 3470.73,232
2989,11:01:30,$ 3470.59,100
2990,11:01:13,$ 3471.6019,400
2991,11:01:11,$ 3471.51,100
2992,11:01:02,$ 3471.09,100
2993,11:01:02,$ 3471.00,400
2995,11:01:01,$ 3471.00,100
2996,11:00:45,$ 3469.955,100
2997,11:00:42,$ 3469.365,100
2998,11:00:38,$ 3469.685,100
2999,11:00:38,$ 3469.73,100
3000,11:00:38,$ 3469.75,100
3001,11:00:29,$ 3469.56,100
3002,11:00:24,$ 3469.41,100
3003,11:00:09,$ 3469.3132,100
3004,11:00:09,$ 3468.72,100
3005,11:00:07,$ 3468.615,100
3006,11:00:02,$ 3468.51,100
3007,11:00:02,$ 3468.60,100
3009,11:59:46,$ 3467.725,100
3010,11:59:25,$ 3467.72,100
3011,11:59:25,$ 3467.72,100
3012,11:59:25,$ 3467.72,100
3013,11:59:25,$ 3467.72,100
3014,11:59:25,$ 3467.72,100
3015,11:59:25,$ 3468.09,100
3016,11:59:00,$ 3467.89,100
3017,11:58:59,$ 3468.031,400
3018,11:58:55,$ 3467.85,100
3019,11:58:48,$ 3467.84,275
3020,11:58:40,$ 3467.58,106
3021,11:58:40,$ 3467.58,252
3022,11:58:36,$ 3467.175,100
3023,11:58:31,$ 3467.30,100
3024,11:58:02,$ 3466.84,100
3025,11:57:47,$ 3466.586,100
3026,11:57:47,$ 3466.98,100
3027,11:57:47,$ 3466.99,100
3028,11:57:47,$ 3466.97,100
3030,11:57:47,$ 3466.97,100
3031,11:57:47,$ 3466.98,100
3032,11:57:47,$ 3466.76,100
3033,11:57:47,$ 3466.9973,100
3034,11:57:47,$ 3466.9965,100
3035,11:57:47,$ 3466.80,100
3036,11:57:47,$ 3466.72,100
3037,11:57:28,$ 3466.00,100
3038,11:57:28,$ 3466.00,100
3039,11:57:28,$ 3465.75,100
3040,11:55:07,$ 3464.9476,100
3041,11:54:38,$ 3465.37,116
3042,11:54:38,$ 3465.37,115
3043,11:54:38,$ 3465.37,128
3044,11:54:21,$ 3465.45,100
3045,11:53:40,$ 3464.545,100
3046,11:53:34,$ 3464.02,107
3047,11:53:32,$ 3464.5977,500
3048,11:53:14,$ 3464.275,100
3049,11:53:08,$ 3464.00,100
3051,11:53:08,$ 3464.00,100
3052,11:53:08,$ 3464.00,255
3053,11:53:08,$ 3464.15,100
3054,11:53:00,$ 3464.00,200
3055,11:52:52,$ 3463.4899,100
3056,11:52:35,$ 3462.50,100
3057,11:51:51,$ 3462.98,100
3058,11:51:51,$ 3463.11,100
3059,11:51:51,$ 3463.12,100
3060,11:51:45,$ 3462.50,195
3061,11:51:45,$ 3462.98,100
3062,11:51:45,$ 3463.1056,112
3063,11:51:45,$ 3462.9635,100
3064,11:51:45,$ 3463.16,100
3065,11:51:20,$ 3462.50,100
3066,11:51:03,$ 3462.08,100
3067,11:50:59,$ 3462.015,100
3068,11:50:59,$ 3461.90,100
3069,11:50:39,$ 3462.53,100
3070,11:50:02,$ 3463.57,100
3072,11:50:02,$ 3463.57,400
3073,11:49:54,$ 3463.18,100
3074,11:49:54,$ 3463.18,100
3075,11:49:54,$ 3463.18,100
3076,11:49:54,$ 3462.87,100
3077,11:49:45,$ 3462.25,100
3078,11:49:28,$ 3462.46,100
3079,11:49:28,$ 3462.1527,389
3080,11:49:20,$ 3462.2616,100
3081,11:49:15,$ 3461.955,100
3082,11:49:13,$ 3461.995,400
3083,11:49:02,$ 3461.51,400
3084,11:48:38,$ 3461.80,100
3085,11:48:34,$ 3461.2775,400
3086,11:48:33,$ 3461.265,100
3087,11:48:21,$ 3461.375,100
3088,11:48:20,$ 3460.85,100
3089,11:48:20,$ 3460.82,100
3090,11:48:09,$ 3460.22,100
3091,11:47:31,$ 3459.85,100
3093,11:47:31,$ 3459.07,108
3094,11:47:25,$ 3459.20,100
3095,11:47:14,$ 3459.23,100
3096,11:47:14,$ 3459.24,100
3097,11:47:14,$ 3459.21,100
3098,11:47:00,$ 3459.23,100
3099,11:47:00,$ 3459.21,100
3100,11:47:00,$ 3459.22,100
3101,11:47:00,$ 3459.20,100
3102,11:46:59,$ 3459.24,100
3103,11:46:59,$ 3459.215,100
3104,11:46:59,$ 3459.23,100
3105,11:46:59,$ 3459.24,100
3106,11:46:59,$ 3459.23,100
3107,11:46:59,$ 3459.24,100
3108,11:45:31,$ 3456.95,100
3109,11:45:31,$ 3456.53,100
3110,11:45:16,$ 3457.19,100
3111,11:45:01,$ 3457.735,100
3112,11:44:03,$ 3456.396,400
3114,11:43:35,$ 3457.70,100
3115,11:43:28,$ 3456.44,100
3116,11:43:05,$ 3456.0319,280
3117,11:43:00,$ 3456.165,100
3118,11:42:56,$ 3457.11,100
3119,11:42:39,$ 3455.98,100
3120,11:42:24,$ 3456.3228,150
3121,11:42:22,$ 3455.90,100
3122,11:42:22,$ 3455.89,100
3123,11:42:18,$ 3456.00,100
3124,11:42:02,$ 3456.6511,100
3125,11:41:50,$ 3456.20,100
3126,11:41:48,$ 3456.39,100
3127,11:41:43,$ 3457.04,300
3128,11:41:35,$ 3456.00,100
3129,11:41:35,$ 3456.00,100
3130,11:41:35,$ 3456.00,111
3131,11:41:35,$ 3456.00,112
3132,11:41:35,$ 3456.04,100
3133,11:41:35,$ 3456.00,213
3135,11:41:35,$ 3456.00,108
3136,11:41:19,$ 3456.56,100
3137,11:41:13,$ 3456.56,100
3138,11:41:02,$ 3457.50,199
3139,11:41:00,$ 3458.14,190
3140,11:41:00,$ 3458.00,100
3141,11:40:45,$ 3458.01,100
3142,11:40:32,$ 3458.19,100
3143,11:39:34,$ 3458.79,100
3144,11:39:04,$ 3458.30,100
3145,11:39:02,$ 3458.01,100
3146,11:38:59,$ 3458.135,100
3147,11:38:28,$ 3457.67,100
3148,11:38:10,$ 3457.7832,147
3149,11:36:26,$ 3460.00,100
3150,11:36:25,$ 3459.975,150
3151,11:36:16,$ 3459.88,100
3152,11:36:08,$ 3460.93,100
3153,11:36:08,$ 3460.68,100
3154,11:36:08,$ 3460.93,200
3156,11:36:08,$ 3460.68,100
3157,11:36:08,$ 3460.79,100
3158,11:36:08,$ 3460.68,100
3159,11:36:08,$ 3460.69,100
3160,11:36:05,$ 3461.00,200
3161,11:35:46,$ 3459.795,100
3162,11:35:27,$ 3458.19,100
3163,11:35:20,$ 3456.685,100
3164,11:35:20,$ 3457.00,180
3165,11:35:20,$ 3457.00,100
3166,11:35:20,$ 3457.00,100
3167,11:35:20,$ 3457.04,100
3168,11:35:14,$ 3457.54,290
3169,11:35:01,$ 3458.50,143
3170,11:35:01,$ 3458.50,116
3171,11:35:01,$ 3458.50,100
3172,11:35:01,$ 3458.54,100
3173,11:35:01,$ 3458.50,400
3174,11:35:01,$ 3458.50,200
3175,11:35:01,$ 3458.50,100
3177,11:35:01,$ 3458.50,100
3178,11:34:59,$ 3458.50,100
3179,11:34:18,$ 3458.036,100
3180,11:34:18,$ 3458.04,100
3181,11:34:18,$ 3458.014,100
3182,11:34:18,$ 3458.018,100
3183,11:33:04,$ 3458.00,167
3184,11:33:04,$ 3458.00,268
3185,11:33:04,$ 3458.00,170
3186,11:33:04,$ 3458.00,145
3187,11:33:04,$ 3458.00,134
3188,11:33:01,$ 3458.60,100
3189,11:32:58,$ 3458.96,100
3190,11:32:56,$ 3459.01,100
3191,11:32:53,$ 3458.92,100
3192,11:32:53,$ 3458.94,100
3193,11:32:36,$ 3460.21,100
3194,11:31:09,$ 3461.12,100
3195,11:31:02,$ 3460.69,100
3197,12:29:42,$ 3453.91,100
3198,12:29:42,$ 3453.94,100
3199,12:29:37,$ 3452.98,100
3200,12:29:24,$ 3453.50,100
3201,12:29:11,$ 3452.66,100
3202,12:29:00,$ 3451.575,100
3203,12:29:00,$ 3451.485,100
3204,12:28:54,$ 3452.1922,300
3205,12:28:43,$ 3453.1288,300
3206,12:28:42,$ 3451.59,100
3207,12:28:42,$ 3451.60,100
3208,12:28:42,$ 3451.615,100
3209,12:28:14,$ 3452.0325,100
3210,12:28:13,$ 3451.98,100
3211,12:28:02,$ 3451.54,200
3212,12:28:02,$ 3451.88,100
3213,12:28:02,$ 3451.67,100
3214,12:28:01,$ 3452.01,163
3215,12:28:00,$ 3452.00,300
3216,12:27:58,$ 3453.00,270
3218,12:27:57,$ 3453.29,100
3219,12:27:57,$ 3453.3101,500
3220,12:27:27,$ 3454.375,100
3221,12:27:27,$ 3454.335,100
3222,12:27:27,$ 3454.75,100
3223,12:27:27,$ 3454.385,100
3224,12:27:27,$ 3454.33,100
3225,12:27:27,$ 3454.37,100
3226,12:27:27,$ 3454.10,100
3227,12:27:27,$ 3454.42,100
3228,12:27:27,$ 3454.58,100
3229,12:27:27,$ 3454.58,100
3230,12:27:26,$ 3453.68,100
3231,12:27:26,$ 3453.61,100
3232,12:27:26,$ 3453.705,100
3233,12:27:26,$ 3453.69,100
3234,12:27:24,$ 3453.63,200
3235,12:27:24,$ 3453.6301,100
3236,12:27:17,$ 3453.61,200
3237,12:27:16,$ 3454.42,100
3239,12:26:49,$ 3454.1766,200
3240,12:26:38,$ 3453.69,100
3241,12:26:38,$ 3454.19,100
3242,12:26:38,$ 3454.00,100
3243,12:26:38,$ 3454.7466,300
3244,12:26:26,$ 3455.57,100
3245,12:26:20,$ 3455.28,110
3246,12:25:48,$ 3456.20,100
3247,12:25:10,$ 3457.00,100
3248,12:25:10,$ 3457.0001,300
3249,12:25:00,$ 3457.00,100
3250,12:24:56,$ 3457.5077,300
3251,12:24:54,$ 3458.00,100
3252,12:24:54,$ 3458.00,202
3253,12:24:49,$ 3458.01,100
3254,12:24:48,$ 3458.02,100
3255,12:24:48,$ 3458.00,480
3256,12:24:48,$ 3458.65,100
3257,12:24:46,$ 3459.218,108
3258,12:24:16,$ 3459.7816,100
3260,12:24:13,$ 3459.13,100
3261,12:23:14,$ 3460.355,100
3262,12:22:31,$ 3460.46,100
3263,12:22:28,$ 3460.00,100
3264,12:22:28,$ 3460.00,100
3265,12:22:28,$ 3460.2201,100
3266,12:22:23,$ 3460.22,100
3267,12:21:55,$ 3461.37,100
3268,12:21:29,$ 3461.54,100
3269,12:21:29,$ 3461.45,100
3270,12:21:12,$ 3461.755,100
3271,12:21:01,$ 3462.0261,200
3272,12:21:01,$ 3460.535,100
3273,12:21:01,$ 3460.84,100
3274,12:20:53,$ 3460.26,100
3275,12:20:48,$ 3460.77,100
3276,12:20:39,$ 3460.4508,100
3277,12:20:37,$ 3460.77,100
3278,12:20:34,$ 3461.01,100
3279,12:20:30,$ 3461.805,100
3281,12:20:29,$ 3461.61,100
3282,12:20:11,$ 3462.00,100
3283,12:19:28,$ 3462.26,100
3284,12:19:01,$ 3462.86,100
3285,12:18:50,$ 3462.69,100
3286,12:18:00,$ 3462.79,100
3287,12:17:48,$ 3461.70,100
3288,12:17:48,$ 3462.38,100
3289,12:17:42,$ 3462.55,153
3290,12:17:42,$ 3462.55,128
3291,12:16:58,$ 3462.72,100
3292,12:16:46,$ 3462.73,100
3293,12:16:46,$ 3462.73,100
3294,12:16:33,$ 3463.575,100
3295,12:15:52,$ 3463.98,100
3296,12:15:52,$ 3464.00,100
3297,12:15:45,$ 3463.66,100
3298,12:15:45,$ 3463.96,100
3299,12:15:45,$ 3462.6401,100
3300,12:15:39,$ 3463.31,100
3302,12:15:34,$ 3463.96,100
3303,12:15:34,$ 3464.30,100
3304,12:15:06,$ 3464.30,100
3305,12:14:12,$ 3464.71,100
3306,12:14:09,$ 3465.135,100
3307,12:14:07,$ 3464.3901,150
3308,12:13:38,$ 3464.29,100
3309,12:11:57,$ 3467.58,300
3310,12:11:18,$ 3466.75,100
3311,12:10:40,$ 3466.22,100
3312,12:10:39,$ 3465.8033,150
3313,12:09:59,$ 3466.34,100
3314,12:09:59,$ 3466.82,100
3315,12:09:38,$ 3466.00,100
3316,12:09:29,$ 3466.00,100
3317,12:09:29,$ 3466.00,116
3318,12:09:29,$ 3466.00,100
3319,12:09:29,$ 3466.00,100
3320,12:09:27,$ 3466.02,100
3321,12:09:27,$ 3466.00,100
3323,12:09:27,$ 3466.03,100
3324,12:09:27,$ 3466.00,100
3325,12:09:27,$ 3466.02,100
3326,12:09:22,$ 3466.54,100
3327,12:08:52,$ 3467.755,800
3328,12:08:46,$ 3467.04,142
3329,12:08:39,$ 3467.24,100
3330,12:08:39,$ 3467.50,189
3331,12:08:38,$ 3467.42,100
3332,12:07:31,$ 3466.8723,100
3333,12:07:23,$ 3465.765,100
3334,12:06:39,$ 3465.58,100
3335,12:06:39,$ 3465.867,157
3336,12:06:00,$ 3464.66,100
3337,12:04:43,$ 3463.31,100
3338,12:03:52,$ 3463.88,100
3339,12:03:52,$ 3464.65,100
3340,12:03:39,$ 3464.58,400
3341,12:03:36,$ 3464.37,100
3342,12:03:34,$ 3464.2677,100
3344,12:03:05,$ 3465.18,100
3345,12:03:03,$ 3464.89,100
3346,12:03:01,$ 3465.92,100
3347,12:02:49,$ 3465.90,100
3348,12:02:19,$ 3466.07,100
3349,12:02:17,$ 3465.30,100
3350,12:02:17,$ 3465.29,100
3351,12:02:17,$ 3465.2901,300
3352,12:02:11,$ 3466.135,100
3353,12:00:55,$ 3466.424,100
3354,12:00:24,$ 3465.97,100
3355,12:00:18,$ 3466.27,100
3356,12:00:16,$ 3466.1001,100
3357,12:00:06,$ 3467.455,100
3359,12:59:03,$ 3455.28,100
3360,12:58:47,$ 3454.8252,400
3361,12:58:39,$ 3454.2323,100
3362,12:57:52,$ 3454.92,100
3363,12:57:20,$ 3455.11,100
3364,12:57:20,$ 3455.26,100
3365,12:57:18,$ 3456.07,100
3366,12:56:05,$ 3456.72,100
3367,12:55:46,$ 3456.735,100
3368,12:55:29,$ 3457.23,129
3369,12:55:20,$ 3457.67,100
3370,12:55:15,$ 3458.065,750
3371,12:55:10,$ 3458.4327,389
3372,12:55:02,$ 3458.00,200
3373,12:54:57,$ 3457.55,100
3374,12:54:40,$ 3456.9699,100
3375,12:53:32,$ 3456.645,100
3376,12:53:31,$ 3456.66,100
3377,12:52:12,$ 3456.0799,150
3378,12:50:45,$ 3455.83,100
3380,12:50:22,$ 3454.93,100
3381,12:50:10,$ 3454.52,100
3382,12:50:02,$ 3454.525,100
3383,12:49:30,$ 3454.98,100
3384,12:49:15,$ 3455.24,100
3385,12:49:07,$ 3454.72,100
3386,12:48:35,$ 3453.00,100
3387,12:47:44,$ 3453.1684,100
3388,12:46:59,$ 3455.00,100
3389,12:46:59,$ 3455.03,100
3390,12:46:31,$ 3455.66,100
3391,12:46:19,$ 3455.33,100
3392,12:45:22,$ 3456.70,100
3393,12:45:06,$ 3456.70,100
3394,12:43:55,$ 3457.00,100
3395,12:43:54,$ 3456.1125,400
3396,12:43:17,$ 3456.33,100
3397,12:42:32,$ 3455.98,100
3398,12:40:32,$ 3457.41,100
3399,12:40:29,$ 3456.55,100
3401,12:40:09,$ 3456.695,100
3402,12:39:24,$ 3454.3495,100
3403,12:39:24,$ 3454.34,100
3404,12:39:24,$ 3453.191,313
3405,12:39:24,$ 3453.63,100
3406,12:39:24,$ 3453.975,700
3407,12:39:24,$ 3453.975,100
3408,12:39:14,$ 3453.96,100
3409,12:39:13,$ 3453.95,100
3410,12:39:13,$ 3454.305,100
3411,12:39:13,$ 3453.96,100
3412,12:39:13,$ 3453.96,100
3413,12:39:13,$ 3453.955,100
3414,12:39:13,$ 3454.305,100
3415,12:38:57,$ 3454.51,100
3416,12:38:01,$ 3455.00,599
3417,12:38:01,$ 3455.00,100
3418,12:38:01,$ 3455.00,100
3419,12:38:01,$ 3455.00,100
3420,12:37:28,$ 3455.91,100
3422,12:37:28,$ 3455.91,100
3423,12:37:09,$ 3454.35,100
3424,12:37:00,$ 3454.92,100
3425,12:36:16,$ 3454.70,100
3426,12:36:09,$ 3454.3064,100
3427,12:35:56,$ 3453.14,300
3428,12:35:52,$ 3454.35,100
3429,12:35:52,$ 3455.02,100
3430,12:35:13,$ 3455.56,100
3431,12:34:50,$ 3456.2399,100
3432,12:34:42,$ 3455.97,100
3433,12:34:42,$ 3456.00,100
3434,12:34:39,$ 3456.60,100
3435,12:34:39,$ 3456.73,100
3436,12:34:37,$ 3456.615,100
3437,12:34:37,$ 3456.61,100
3438,12:34:37,$ 3456.37,100
3439,12:34:36,$ 3455.92,100
3440,12:34:29,$ 3455.55,100
3441,12:34:11,$ 3455.555,100
3443,12:34:10,$ 3455.56,100
3444,12:34:10,$ 3455.56,100
3445,12:34:10,$ 3455.56,100
3446,12:34:10,$ 3455.56,100
3447,12:34:10,$ 3455.56,100
3448,12:34:10,$ 3455.56,100
3449,12:34:10,$ 3455.56,100
3450,12:34:10,$ 3455.56,100
3451,12:34:10,$ 3455.56,100
3452,12:34:10,$ 3455.56,100
3453,12:34:10,$ 3455.565,100
3454,12:34:10,$ 3455.565,100
3455,12:34:10,$ 3455.565,100
3456,12:34:10,$ 3455.565,100
3457,12:34:10,$ 3455.565,100
3458,12:34:10,$ 3455.565,100
3459,12:34:10,$ 3455.56,100
3460,12:34:10,$ 3455.1304,300
3461,12:33:59,$ 3456.21,100
3462,12:33:58,$ 3456.2175,100
3464,12:33:58,$ 3456.215,100
3465,12:33:58,$ 3456.39,100
3466,12:33:57,$ 3456.395,100
3467,12:33:57,$ 3456.485,100
3468,12:33:57,$ 3456.39,100
3469,12:33:57,$ 3456.5125,100
3470,12:33:44,$ 3456.34,100
3471,12:33:35,$ 3456.92,100
3472,12:33:33,$ 3457.658,946
3473,12:33:28,$ 3456.995,100
3474,12:33:19,$ 3457.1975,100
3475,12:33:19,$ 3457.195,100
3476,12:33:19,$ 3457.195,100
3477,12:33:13,$ 3457.125,194
3478,12:33:11,$ 3457.15,100
3479,12:33:11,$ 3457.115,100
3480,12:33:11,$ 3457.115,100
3481,12:33:11,$ 3457.115,100
3482,12:33:10,$ 3457.13,100
3483,12:33:06,$ 3457.4948,500
3485,12:33:06,$ 3457.01,100
3486,12:33:02,$ 3455.90,105
3487,12:33:02,$ 3455.90,116
3488,12:32:03,$ 3454.375,100
3489,12:31:26,$ 3452.72,100
3490,12:31:10,$ 3452.908,103
3491,12:30:23,$ 3452.24,100
3492,12:30:23,$ 3452.04,100
3493,12:30:19,$ 3451.525,100
3494,12:30:18,$ 3451.00,100
3495,12:30:14,$ 3451.82,100
3496,12:30:13,$ 3451.82,100
3498,13:29:48,$ 3459.25,326
3499,13:28:30,$ 3459.0975,100
3500,13:28:30,$ 3459.135,100
3501,13:28:30,$ 3458.914,156
3502,13:27:52,$ 3459.96,100
3503,13:27:31,$ 3459.12,100
3504,13:27:21,$ 3459.14,200
3505,13:27:19,$ 3458.27,100
3506,13:26:49,$ 3457.6361,233
3507,13:26:48,$ 3457.755,100
3508,13:26:29,$ 3457.1164,146
3509,13:26:28,$ 3457.88,400
3510,13:26:28,$ 3457.63,400
3511,13:26:28,$ 3458.009,200
3512,13:26:28,$ 3459.10,100
3513,13:25:45,$ 3459.5175,100
3514,13:25:43,$ 3459.34,100
3515,13:25:21,$ 3459.2738,100
3516,13:25:18,$ 3459.70,100
3517,13:25:11,$ 3458.7001,200
3519,13:24:43,$ 3458.70,100
3520,13:24:15,$ 3458.32,100
3521,13:24:15,$ 3459.25,200
3522,13:24:13,$ 3459.24,100
3523,13:24:10,$ 3459.2052,100
3524,13:23:33,$ 3460.03,100
3525,13:23:16,$ 3460.2505,160
3526,13:22:53,$ 3460.0925,100
3527,13:22:35,$ 3460.67,100
3528,13:21:14,$ 3459.77,100
3529,13:20:54,$ 3460.03,100
3530,13:20:01,$ 3459.80,100
3531,13:20:01,$ 3459.98,100
3532,13:19:46,$ 3460.125,100
3533,13:19:45,$ 3460.57,100
3534,13:19:16,$ 3461.045,100
3535,13:18:41,$ 3460.75,100
3536,13:18:39,$ 3461.2575,100
3537,13:18:16,$ 3461.282,100
3538,13:17:28,$ 3461.76,100
3540,13:17:28,$ 3461.70,100
3541,13:17:28,$ 3461.80,100
3542,13:17:28,$ 3461.925,100
3543,13:17:28,$ 3462.525,100
3544,13:15:41,$ 3462.26,100
3545,13:15:34,$ 3462.0847,159
3546,13:15:26,$ 3463.04,100
3547,13:14:28,$ 3462.16,100
3548,13:14:23,$ 3461.79,100
3549,13:13:18,$ 3461.75,100
3550,13:13:15,$ 3461.52,100
3551,13:13:10,$ 3461.245,100
3552,13:12:36,$ 3459.80,100
3553,13:12:36,$ 3459.7775,100
3554,13:12:34,$ 3459.795,100
3555,13:12:31,$ 3459.79,100
3556,13:12:29,$ 3459.965,100
3557,13:11:37,$ 3459.22,125
3558,13:11:12,$ 3459.61,100
3559,13:11:11,$ 3459.02,100
3561,13:11:11,$ 3459.06,100
3562,13:11:11,$ 3459.07,100
3563,13:10:38,$ 3459.09,250
3564,13:10:37,$ 3459.6825,100
3565,13:10:30,$ 3458.2801,100
3566,13:10:17,$ 3459.695,100
3567,13:10:09,$ 3459.49,500
3568,13:10:06,$ 3459.5987,200
3569,13:09:45,$ 3460.63,100
3570,13:09:34,$ 3461.045,100
3571,13:09:31,$ 3461.13,100
3572,13:09:09,$ 3460.0907,100
3573,13:08:40,$ 3459.70,150
3574,13:07:56,$ 3459.52,100
3575,13:07:47,$ 3460.00,116
3576,13:07:47,$ 3460.00,115
3577,13:07:47,$ 3460.00,268
3578,13:07:33,$ 3459.92,100
3579,13:07:14,$ 3460.00,100
3580,13:07:11,$ 3459.835,100
3582,13:07:08,$ 3459.835,100
3583,13:07:00,$ 3459.07,100
3584,13:05:59,$ 3458.635,100
3585,13:05:41,$ 3459.33,100
3586,13:05:41,$ 3459.33,100
3587,13:05:41,$ 3458.77,100
3588,13:05:00,$ 3458.64,100
3589,13:03:54,$ 3458.43,100
3590,13:03:46,$ 3458.5848,100
3591,13:03:43,$ 3458.415,100
3592,13:03:35,$ 3458.00,100
3593,13:02:46,$ 3457.60,100
3594,13:02:39,$ 3456.105,100
3595,13:02:07,$ 3457.46,100
3596,13:01:53,$ 3457.3577,200
3597,13:01:50,$ 3457.525,100
3598,13:01:48,$ 3457.53,100
3599,13:01:20,$ 3456.69,100
3600,13:01:08,$ 3457.52,100
3601,13:00:55,$ 3457.2325,400
3603,13:00:29,$ 3456.44,100
3605,13:58:01,$ 3459.67,100
3606,13:57:37,$ 3458.34,250
3607,13:57:31,$ 3458.53,100
3608,13:57:31,$ 3457.90,100
3609,13:57:31,$ 3457.90,100
3610,13:57:24,$ 3457.92,101
3611,13:56:55,$ 3457.41,100
3612,13:56:53,$ 3458.00,492
3613,13:56:53,$ 3458.00,116
3614,13:56:53,$ 3458.00,216
3615,13:56:53,$ 3458.00,100
3616,13:56:49,$ 3459.00,100
3617,13:56:22,$ 3459.01,600
3618,13:56:22,$ 3459.195,100
3619,13:56:16,$ 3459.033,616
3620,13:55:57,$ 3459.86,100
3621,13:55:45,$ 3459.76,100
3622,13:55:25,$ 3458.95,100
3623,13:55:08,$ 3458.59,100
3624,13:55:06,$ 3459.02,100
3626,13:54:49,$ 3459.365,100
3627,13:53:54,$ 3460.37,100
3628,13:53:45,$ 3459.9048,100
3629,13:53:43,$ 3459.76,150
3630,13:53:07,$ 3458.7798,100
3631,13:53:04,$ 3459.02,100
3632,13:53:04,$ 3459.03,100
3633,13:53:04,$ 3458.50,300
3634,13:53:01,$ 3458.69,100
3635,13:52:26,$ 3459.44,100
3636,13:52:14,$ 3459.12,100
3637,13:51:36,$ 3459.59,100
3638,13:51:36,$ 3459.00,100
3639,13:51:33,$ 3459.55,100
3640,13:51:15,$ 3460.00,223
3641,13:51:15,$ 3461.132,100
3642,13:50:56,$ 3460.1937,150
3643,13:49:24,$ 3460.51,100
3644,13:48:57,$ 3460.345,100
3645,13:48:57,$ 3460.2275,100
3647,13:47:58,$ 3460.12,100
3648,13:45:29,$ 3461.955,100
3649,13:44:48,$ 3461.48,100
3650,13:44:27,$ 3461.115,100
3651,13:44:08,$ 3461.94,100
3652,13:43:18,$ 3461.60,100
3653,13:43:06,$ 3461.2575,100
3654,13:41:41,$ 3462.015,200
3655,13:41:02,$ 3461.97,100
3656,13:40:49,$ 3461.285,100
3657,13:40:09,$ 3461.05,138
3658,13:40:09,$ 3461.01,100
3659,13:39:53,$ 3462.2025,100
3660,13:39:09,$ 3461.895,100
3661,13:39:05,$ 3462.08,100
3662,13:39:05,$ 3462.04,100
3663,13:38:53,$ 3461.1185,151
3664,13:38:40,$ 3461.7099,100
3665,13:38:40,$ 3461.00,500
3666,13:38:40,$ 3461.00,100
3668,13:38:28,$ 3459.94,100
3669,13:38:14,$ 3459.70,100
3670,13:38:11,$ 3459.94,100
3671,13:37:39,$ 3460.35,100
3672,13:37:39,$ 3460.36,100
3673,13:37:39,$ 3460.33,100
3674,13:37:39,$ 3460.33,100
3675,13:37:39,$ 3460.36,100
3676,13:37:39,$ 3460.43,100
3677,13:36:17,$ 3459.96,100
3678,13:35:43,$ 3458.8094,400
3679,13:35:30,$ 3458.65,100
3680,13:35:07,$ 3457.84,100
3681,13:35:06,$ 3458.655,100
3682,13:34:36,$ 3458.91,"1,000"
3683,13:33:49,$ 3458.68,100
3684,13:33:34,$ 3459.54,110
3685,13:33:33,$ 3459.52,110
3686,13:33:23,$ 3458.32,100
3687,13:33:18,$ 3458.715,100
3689,13:33:03,$ 3458.46,100
3690,13:31:47,$ 3457.935,100
3691,13:31:42,$ 3458.04,100
3692,13:31:00,$ 3459.10,100
3693,13:30:27,$ 3460.375,100
3695,14:29:17,$ 3453.595,100
3696,14:28:48,$ 3453.88,100
3697,14:28:41,$ 3453.76,100
3698,14:28:41,$ 3454.3817,136
3699,14:28:41,$ 3454.3817,104
3700,14:28:23,$ 3453.30,100
3701,14:27:42,$ 3453.67,100
3702,14:27:42,$ 3453.67,100
3703,14:27:42,$ 3454.28,100
3704,14:27:42,$ 3454.28,100
3705,14:27:24,$ 3454.42,100
3706,14:26:36,$ 3453.58,100
3707,14:26:10,$ 3453.4537,100
3708,14:26:09,$ 3452.86,100
3709,14:25:50,$ 3453.518,100
3710,14:25:36,$ 3453.1831,381
3711,14:25:36,$ 3453.62,595
3712,14:25:25,$ 3453.56,100
3713,14:25:04,$ 3453.765,200
3714,14:25:01,$ 3454.01,100
3716,14:25:01,$ 3454.01,100
3717,14:25:01,$ 3454.345,100
3718,14:24:55,$ 3454.43,100
3719,14:24:28,$ 3455.99,100
3720,14:24:22,$ 3454.8875,100
3721,14:23:49,$ 3454.72,100
3722,14:23:43,$ 3453.7601,100
3723,14:23:25,$ 3454.64,100
3724,14:23:16,$ 3454.6529,100
3725,14:23:14,$ 3454.495,100
3726,14:23:14,$ 3453.95,100
3727,14:22:48,$ 3454.4899,144
3728,14:22:11,$ 3453.02,100
3729,14:22:06,$ 3453.03,100
3730,14:22:01,$ 3453.317,100
3731,14:21:59,$ 3453.28,100
3732,14:21:59,$ 3453.28,100
3733,14:21:59,$ 3453.28,100
3734,14:21:59,$ 3453.28,100
3735,14:21:42,$ 3454.49,100
3737,14:21:39,$ 3454.585,150
3738,14:21:36,$ 3455.00,100
3739,14:21:36,$ 3454.62,100
3740,14:21:25,$ 3455.435,100
3741,14:21:23,$ 3456.00,800
3742,14:21:23,$ 3456.00,100
3743,14:21:21,$ 3456.29,100
3744,14:21:21,$ 3456.09,100
3745,14:21:21,$ 3456.31,100
3746,14:21:21,$ 3456.34,100
3747,14:21:21,$ 3456.28,100
3748,14:20:47,$ 3456.845,100
3749,14:20:04,$ 3458.01,100
3750,14:19:23,$ 3458.6467,144
3751,14:19:13,$ 3458.06,100
3752,14:19:13,$ 3458.05,100
3753,14:19:02,$ 3458.5116,150
3754,14:17:29,$ 3459.57,100
3755,14:17:28,$ 3459.795,100
3756,14:17:20,$ 3459.5048,118
3758,14:17:03,$ 3460.00,691
3759,14:16:43,$ 3459.17,100
3760,14:16:24,$ 3459.36,100
3761,14:16:04,$ 3457.28,100
3762,14:15:03,$ 3458.5268,160
3763,14:14:42,$ 3458.182,140
3764,14:13:37,$ 3459.15,100
3765,14:13:10,$ 3458.965,100
3766,14:13:00,$ 3458.255,100
3767,14:12:33,$ 3458.095,100
3768,14:12:32,$ 3458.0975,400
3769,14:12:09,$ 3457.70,100
3770,14:11:55,$ 3457.52,100
3771,14:11:18,$ 3457.52,100
3772,14:11:18,$ 3457.52,100
3773,14:11:18,$ 3457.52,100
3774,14:11:18,$ 3457.40,100
3775,14:10:28,$ 3456.345,100
3776,14:10:28,$ 3456.345,100
3777,14:10:28,$ 3456.915,100
3779,14:09:29,$ 3456.515,100
3780,14:09:18,$ 3457.188,103
3781,14:09:09,$ 3456.72,100
3782,14:09:09,$ 3456.80,100
3783,14:09:09,$ 3456.78,100
3784,14:09:08,$ 3456.84,100
3785,14:08:44,$ 3456.884,200
3786,14:08:37,$ 3457.07,145
3787,14:07:51,$ 3458.70,100
3788,14:07:51,$ 3458.40,100
3789,14:07:51,$ 3458.21,100
3790,14:07:51,$ 3457.37,100
3791,14:07:31,$ 3458.00,103
3792,14:07:24,$ 3458.41,100
3793,14:05:28,$ 3459.00,100
3794,14:05:06,$ 3458.85,100
3795,14:04:37,$ 3458.95,192
3796,14:04:37,$ 3458.40,100
3797,14:04:37,$ 3458.41,100
3798,14:04:36,$ 3458.88,100
3800,14:04:09,$ 3457.31,360
3801,14:03:53,$ 3457.055,100
3802,14:03:15,$ 3458.7099,100
3803,14:03:07,$ 3456.94,111
3804,14:02:38,$ 3456.25,100
3805,14:02:30,$ 3456.49,100
3806,14:02:05,$ 3457.51,100
3807,14:00:59,$ 3457.4465,200
3808,14:00:37,$ 3457.1692,120
3809,14:00:28,$ 3458.64,100
3811,14:59:48,$ 3452.39,100
3812,14:59:48,$ 3452.35,100
3813,14:59:31,$ 3451.82,100
3814,14:59:30,$ 3451.7533,400
3815,14:59:23,$ 3451.90,100
3816,14:59:08,$ 3452.565,100
3817,14:59:03,$ 3452.5582,149
3818,14:58:55,$ 3452.575,100
3819,14:58:51,$ 3452.895,100
3820,14:58:39,$ 3453.80,100
3821,14:58:39,$ 3453.81,100
3822,14:58:39,$ 3453.80,100
3823,14:58:02,$ 3454.3392,148
3824,14:58:02,$ 3454.54,100
3825,14:58:01,$ 3454.33,100
3826,14:57:24,$ 3453.915,100
3827,14:57:14,$ 3453.80,100
3828,14:57:13,$ 3453.385,100
3829,14:57:13,$ 3453.405,100
3830,14:57:06,$ 3453.545,100
3832,14:56:46,$ 3453.79,100
3833,14:56:41,$ 3453.55,100
3834,14:56:33,$ 3453.845,400
3835,14:56:25,$ 3453.41,100
3836,14:56:05,$ 3453.115,100
3837,14:55:58,$ 3452.54,100
3838,14:55:43,$ 3452.64,133
3839,14:55:35,$ 3451.97,100
3840,14:55:35,$ 3452.00,100
3841,14:55:26,$ 3451.79,100
3842,14:55:17,$ 3452.00,100
3843,14:55:17,$ 3452.07,100
3844,14:55:17,$ 3452.05,100
3845,14:55:17,$ 3452.07,100
3846,14:55:17,$ 3452.07,100
3847,14:55:16,$ 3452.02,100
