,NLS Time (ET),NLS Price,NLS Share Volume
1,09:59:53,$ 3302.85,100
2,09:59:42,$ 3303.8524,101
3,09:59:31,$ 3303.0474,100
4,09:59:23,$ 3303.14,100
5,09:59:21,$ 3302.94,100
6,09:59:20,$ 3302.9399,200
7,09:59:14,$ 3301.85,100
8,09:59:13,$ 3302.53,100
9,09:59:13,$ 3302.57,100
10,09:58:55,$ 3303.6972,100
11,09:58:54,$ 3303.90,100
12,09:58:53,$ 3304.61,100
13,09:58:40,$ 3304.555,100
14,09:58:06,$ 3303.27,100
15,09:57:35,$ 3303.565,100
16,09:57:28,$ 3303.00,100
17,09:57:28,$ 3303.51,100
18,09:57:28,$ 3303.59,100
19,09:57:24,$ 3304.09,100
20,09:57:12,$ 3305.3166,100
22,09:57:05,$ 3304.74,100
23,09:57:00,$ 3304.39,100
24,09:56:59,$ 3304.38,100
25,09:56:34,$ 3304.6034,100
26,09:56:24,$ 3304.695,100
27,09:56:24,$ 3305.08,100
28,09:56:15,$ 3305.125,100
29,09:56:02,$ 3304.51,100
30,09:55:49,$ 3304.43,100
31,09:55:43,$ 3303.96,100
32,09:55:43,$ 3304.00,100
33,09:55:37,$ 3304.00,200
34,09:55:24,$ 3303.09,100
35,09:55:21,$ 3301.92,100
36,09:55:16,$ 3301.84,100
37,09:55:16,$ 3302.68,297
38,09:55:08,$ 3303.23,100
39,09:55:06,$ 3302.25,100
40,09:54:56,$ 3302.48,100
41,09:54:40,$ 3301.3502,300
43,09:54:40,$ 3301.835,100
44,09:54:30,$ 3303.05,100
45,09:54:29,$ 3304.01,100
46,09:54:29,$ 3303.50,100
47,09:54:29,$ 3303.50,229
48,09:54:21,$ 3303.705,100
49,09:54:17,$ 3302.88,100
50,09:54:17,$ 3302.34,332
51,09:54:17,$ 3302.56,100
52,09:54:12,$ 3303.42,100
53,09:54:07,$ 3302.33,107
54,09:54:02,$ 3302.32,100
55,09:53:59,$ 3303.43,100
56,09:53:40,$ 3303.3413,174
57,09:53:40,$ 3303.39,127
58,09:53:40,$ 3303.41,100
59,09:53:40,$ 3304.01,100
60,09:53:40,$ 3304.01,138
61,09:53:40,$ 3304.3973,100
62,09:53:38,$ 3304.57,100
64,09:53:38,$ 3303.28,100
65,09:53:30,$ 3304.73,100
66,09:53:30,$ 3305.02,100
67,09:53:30,$ 3305.50,200
68,09:53:23,$ 3306.345,100
69,09:53:20,$ 3307.165,100
70,09:53:20,$ 3307.165,100
71,09:53:14,$ 3308.3419,100
72,09:53:13,$ 3307.13,100
73,09:53:11,$ 3307.22,100
74,09:53:10,$ 3307.33,100
75,09:53:10,$ 3305.89,500
76,09:53:10,$ 3306.69,100
77,09:53:08,$ 3305.8555,156
78,09:53:03,$ 3307.52,100
79,09:53:00,$ 3307.91,100
80,09:52:48,$ 3306.98,100
81,09:52:47,$ 3307.445,100
82,09:52:42,$ 3307.58,100
83,09:52:42,$ 3307.57,100
85,09:52:42,$ 3307.57,100
86,09:52:38,$ 3307.5701,100
87,09:52:24,$ 3307.5205,100
88,09:52:18,$ 3308.425,100
89,09:52:05,$ 3307.74,200
90,09:52:00,$ 3308.17,100
91,09:51:52,$ 3308.87,100
92,09:51:31,$ 3308.62,100
93,09:51:31,$ 3308.105,100
94,09:51:28,$ 3307.99,100
95,09:51:28,$ 3308.23,100
96,09:51:28,$ 3308.24,100
97,09:51:17,$ 3307.96,100
98,09:51:17,$ 3306.17,100
99,09:51:13,$ 3309.67,100
100,09:51:12,$ 3309.42,100
101,09:51:10,$ 3309.915,100
102,09:51:09,$ 3309.295,100
103,09:51:09,$ 3309.35,100
104,09:51:07,$ 3309.25,"2,500"
106,09:51:06,$ 3309.29,100
107,09:51:03,$ 3309.29,100
108,09:51:03,$ 3309.29,100
109,09:51:03,$ 3309.10,100
110,09:51:02,$ 3308.78,100
111,09:51:02,$ 3309.13,100
112,09:51:02,$ 3310.03,100
113,09:51:02,$ 3310.065,100
114,09:51:02,$ 3309.67,100
115,09:51:02,$ 3310.02,100
116,09:51:02,$ 3309.70,100
117,09:51:02,$ 3310.10,100
118,09:50:44,$ 3310.15,100
119,09:50:39,$ 3309.51,200
120,09:50:32,$ 3308.78,100
121,09:50:15,$ 3309.6399,500
122,09:50:10,$ 3308.56,100
123,09:50:08,$ 3308.00,100
124,09:50:07,$ 3307.73,100
125,09:50:07,$ 3307.4847,100
127,09:50:07,$ 3308.00,100
128,09:50:04,$ 3308.65,100
129,09:50:03,$ 3310.00,100
130,09:50:03,$ 3309.396,250
131,09:49:59,$ 3309.35,100
132,09:49:59,$ 3308.70,200
133,09:49:58,$ 3309.74,100
134,09:49:32,$ 3310.37,100
135,09:49:32,$ 3310.28,100
136,09:49:32,$ 3310.28,175
137,09:49:32,$ 3310.28,100
138,09:49:14,$ 3311.00,100
139,09:49:07,$ 3310.50,100
140,09:49:07,$ 3310.465,100
141,09:49:05,$ 3310.50,100
142,09:49:05,$ 3310.00,250
143,09:49:02,$ 3310.11,100
144,09:49:02,$ 3310.005,100
145,09:49:01,$ 3309.24,100
146,09:48:55,$ 3310.10,100
148,09:48:55,$ 3309.93,100
149,09:48:45,$ 3310.34,100
150,09:48:45,$ 3311.02,100
151,09:48:45,$ 3311.50,429
152,09:48:43,$ 3311.835,100
153,09:48:43,$ 3311.845,100
154,09:48:41,$ 3311.72,100
155,09:48:41,$ 3311.50,454
156,09:48:41,$ 3311.50,110
157,09:48:41,$ 3311.50,315
158,09:48:41,$ 3311.50,100
159,09:48:41,$ 3311.50,100
160,09:48:41,$ 3311.301,216
161,09:48:38,$ 3311.17,100
162,09:48:38,$ 3311.12,100
163,09:48:31,$ 3311.00,100
164,09:48:29,$ 3310.29,100
165,09:48:23,$ 3311.07,100
166,09:48:13,$ 3311.00,100
167,09:48:13,$ 3310.78,100
169,09:48:13,$ 3310.78,110
170,09:48:10,$ 3311.265,100
171,09:48:10,$ 3311.42,100
172,09:48:02,$ 3311.255,400
173,09:47:59,$ 3311.71,100
174,09:47:58,$ 3311.08,100
175,09:47:58,$ 3311.455,100
176,09:47:57,$ 3311.34,100
177,09:47:56,$ 3310.86,100
178,09:47:56,$ 3310.81,100
179,09:47:54,$ 3310.44,100
180,09:47:53,$ 3310.28,116
181,09:47:53,$ 3310.26,100
182,09:47:52,$ 3309.505,100
183,09:47:51,$ 3309.59,100
184,09:47:51,$ 3309.55,100
185,09:47:51,$ 3310.00,100
186,09:47:51,$ 3309.61,100
187,09:47:43,$ 3309.41,100
188,09:47:42,$ 3308.96,100
190,09:47:40,$ 3308.96,100
191,09:47:32,$ 3308.78,100
192,09:47:32,$ 3308.665,100
193,09:47:31,$ 3308.03,185
194,09:47:29,$ 3308.775,100
195,09:47:25,$ 3309.50,"1,570"
196,09:47:12,$ 3308.99,100
197,09:47:12,$ 3307.7099,100
198,09:47:12,$ 3307.71,100
199,09:47:12,$ 3307.7096,100
200,09:47:07,$ 3307.475,100
201,09:46:59,$ 3307.32,100
202,09:46:57,$ 3308.43,100
203,09:46:57,$ 3308.44,100
204,09:46:47,$ 3308.4054,200
205,09:46:47,$ 3308.29,100
206,09:46:44,$ 3308.4054,200
207,09:46:39,$ 3309.11,100
208,09:46:38,$ 3309.50,100
209,09:46:37,$ 3309.00,100
211,09:46:37,$ 3309.00,100
212,09:46:37,$ 3309.00,193
213,09:46:37,$ 3309.00,148
214,09:46:35,$ 3308.00,100
215,09:46:35,$ 3307.51,100
216,09:46:31,$ 3307.905,100
217,09:46:29,$ 3308.00,100
218,09:46:25,$ 3307.905,100
219,09:46:18,$ 3308.455,100
220,09:46:08,$ 3308.62,100
221,09:46:08,$ 3308.52,100
222,09:46:07,$ 3308.13,100
223,09:46:07,$ 3308.66,100
224,09:46:06,$ 3308.00,162
225,09:46:06,$ 3308.00,282
226,09:46:06,$ 3308.00,100
227,09:46:06,$ 3308.00,408
228,09:46:06,$ 3307.90,100
229,09:46:02,$ 3308.00,100
230,09:46:00,$ 3308.00,100
232,09:45:58,$ 3308.50,150
233,09:45:58,$ 3307.71,100
234,09:45:57,$ 3306.7957,100
235,09:45:50,$ 3307.00,100
236,09:45:46,$ 3307.92,100
237,09:45:40,$ 3308.22,100
238,09:45:35,$ 3308.245,100
239,09:45:33,$ 3308.05,100
240,09:45:33,$ 3308.05,100
241,09:45:31,$ 3309.00,100
242,09:45:29,$ 3308.525,100
243,09:45:28,$ 3307.925,100
244,09:45:28,$ 3308.27,100
245,09:45:27,$ 3308.45,100
246,09:45:27,$ 3308.4985,302
247,09:45:27,$ 3307.925,100
248,09:45:27,$ 3308.46,100
249,09:45:27,$ 3307.966,100
250,09:45:23,$ 3307.815,100
251,09:45:23,$ 3307.78,100
253,09:45:23,$ 3307.62,100
254,09:45:23,$ 3307.464,100
255,09:45:23,$ 3307.43,100
256,09:45:23,$ 3307.46,100
257,09:45:21,$ 3307.38,100
258,09:45:13,$ 3307.275,100
259,09:45:07,$ 3305.96,100
260,09:45:07,$ 3305.84,200
261,09:45:07,$ 3305.83,100
262,09:45:06,$ 3305.01,100
263,09:45:01,$ 3304.79,100
264,09:44:56,$ 3303.3701,300
265,09:44:38,$ 3303.87,250
266,09:44:18,$ 3304.1531,100
267,09:44:15,$ 3303.704,300
268,09:44:14,$ 3303.95,100
269,09:44:14,$ 3303.95,100
270,09:44:11,$ 3304.00,100
271,09:44:09,$ 3303.868,100
272,09:44:07,$ 3303.935,110
274,09:44:03,$ 3304.01,100
275,09:44:02,$ 3304.176,100
276,09:44:01,$ 3304.485,100
277,09:44:00,$ 3305.00,100
278,09:44:00,$ 3305.00,100
279,09:43:58,$ 3303.90,100
280,09:43:58,$ 3303.90,100
281,09:43:58,$ 3303.90,100
282,09:43:58,$ 3303.90,100
283,09:43:57,$ 3303.34,100
284,09:43:56,$ 3303.00,328
285,09:43:54,$ 3302.99,100
286,09:43:54,$ 3303.00,300
287,09:43:54,$ 3303.00,100
288,09:43:54,$ 3302.67,100
289,09:43:47,$ 3301.92,100
290,09:43:47,$ 3301.91,100
291,09:43:47,$ 3301.92,100
292,09:43:47,$ 3301.92,100
293,09:43:40,$ 3302.00,100
295,09:43:23,$ 3301.33,100
296,09:43:22,$ 3302.00,100
297,09:43:22,$ 3301.82,100
298,09:43:04,$ 3300.60,100
299,09:43:00,$ 3301.6649,100
300,09:42:56,$ 3301.4625,100
301,09:42:56,$ 3301.00,100
302,09:42:41,$ 3300.925,300
303,09:42:29,$ 3299.40,100
304,09:42:27,$ 3300.71,100
305,09:42:05,$ 3300.74,100
306,09:42:02,$ 3301.4346,500
307,09:42:02,$ 3300.975,100
308,09:42:02,$ 3300.975,100
309,09:41:48,$ 3300.35,150
310,09:41:37,$ 3300.795,500
311,09:41:31,$ 3300.805,100
312,09:41:25,$ 3301.365,100
313,09:41:24,$ 3301.365,100
314,09:41:21,$ 3301.90,100
316,09:41:17,$ 3301.8375,100
317,09:41:12,$ 3301.8818,250
318,09:41:08,$ 3301.34,100
319,09:40:55,$ 3300.305,100
320,09:40:55,$ 3300.64,100
321,09:40:55,$ 3300.115,100
322,09:40:52,$ 3299.605,500
323,09:40:45,$ 3301.09,100
324,09:40:45,$ 3301.07,100
325,09:40:44,$ 3300.37,100
326,09:40:44,$ 3300.57,100
327,09:40:44,$ 3300.39,100
328,09:40:40,$ 3300.71,150
329,09:40:37,$ 3301.09,100
330,09:40:33,$ 3300.96,100
331,09:40:33,$ 3300.81,100
332,09:40:29,$ 3299.9533,100
333,09:40:19,$ 3298.953,500
334,09:40:19,$ 3298.955,100
335,09:40:14,$ 3298.955,100
337,09:40:13,$ 3299.12,100
338,09:40:06,$ 3299.64,100
339,09:40:04,$ 3299.45,100
340,09:39:54,$ 3298.56,100
341,09:39:54,$ 3298.56,100
342,09:39:53,$ 3297.78,100
343,09:39:42,$ 3297.78,100
344,09:39:42,$ 3297.89,100
345,09:39:38,$ 3297.52,100
346,09:39:38,$ 3297.37,100
347,09:39:33,$ 3298.50,500
348,09:39:32,$ 3297.97,100
349,09:39:27,$ 3297.97,100
350,09:39:27,$ 3297.73,100
351,09:39:17,$ 3296.965,245
352,09:39:16,$ 3296.955,100
353,09:39:07,$ 3297.50,148
354,09:39:06,$ 3298.28,100
355,09:39:06,$ 3298.28,100
356,09:38:58,$ 3298.05,100
358,09:38:58,$ 3298.145,100
359,09:38:58,$ 3297.97,100
360,09:38:56,$ 3298.53,100
361,09:38:52,$ 3298.2033,245
362,09:38:50,$ 3297.50,100
363,09:38:27,$ 3298.95,100
364,09:38:19,$ 3300.1062,236
365,09:38:19,$ 3300.1062,119
366,09:38:15,$ 3299.135,100
367,09:37:59,$ 3297.96,100
368,09:37:59,$ 3297.97,100
369,09:37:29,$ 3296.945,500
370,09:37:08,$ 3298.50,100
371,09:37:07,$ 3298.90,100
372,09:37:06,$ 3298.912,500
373,09:36:59,$ 3297.91,100
374,09:36:59,$ 3297.96,100
375,09:36:59,$ 3297.96,200
376,09:36:53,$ 3296.995,200
377,09:36:45,$ 3297.23,100
379,09:36:45,$ 3297.28,100
380,09:36:45,$ 3297.39,100
381,09:36:35,$ 3298.00,177
382,09:36:35,$ 3297.46,100
383,09:36:35,$ 3297.87,100
384,09:36:26,$ 3296.81,100
385,09:36:24,$ 3297.07,100
386,09:36:21,$ 3296.34,110
387,09:36:21,$ 3296.43,100
388,09:36:17,$ 3296.429,120
389,09:36:17,$ 3296.00,100
390,09:36:11,$ 3297.00,100
391,09:36:11,$ 3297.67,100
392,09:36:07,$ 3298.93,100
393,09:36:04,$ 3299.165,500
394,09:36:02,$ 3298.15,100
395,09:36:00,$ 3298.23,100
396,09:35:55,$ 3298.295,100
397,09:35:48,$ 3299.63,100
398,09:35:39,$ 3299.79,100
400,09:35:33,$ 3299.80,100
401,09:35:27,$ 3299.49,100
402,09:35:17,$ 3299.49,500
403,09:35:11,$ 3299.79,291
404,09:35:11,$ 3299.91,100
405,09:35:08,$ 3298.83,100
406,09:35:03,$ 3300.20,500
407,09:35:00,$ 3299.92,100
408,09:34:42,$ 3299.99,199
409,09:34:34,$ 3298.2301,100
410,09:34:24,$ 3298.27,100
411,09:34:18,$ 3299.215,500
412,09:34:14,$ 3299.21,100
413,09:34:10,$ 3298.68,100
414,09:34:08,$ 3299.695,100
415,09:34:01,$ 3299.06,100
416,09:33:53,$ 3298.055,100
417,09:33:46,$ 3298.37,100
418,09:33:40,$ 3298.37,100
419,09:33:34,$ 3298.97,100
421,09:33:32,$ 3300.42,142
422,09:33:29,$ 3300.27,100
423,09:33:26,$ 3300.30,500
424,09:33:19,$ 3301.65,250
425,09:33:06,$ 3302.8985,264
426,09:33:06,$ 3302.39,100
427,09:33:06,$ 3302.087,100
428,09:33:05,$ 3301.18,109
429,09:32:52,$ 3299.75,100
430,09:32:50,$ 3299.71,100
431,09:32:31,$ 3300.45,147
432,09:32:29,$ 3299.50,500
433,09:32:17,$ 3300.275,100
434,09:31:57,$ 3300.98,200
435,09:31:56,$ 3299.43,100
436,09:31:35,$ 3303.74,250
437,09:31:33,$ 3303.685,100
438,09:31:22,$ 3303.09,100
439,09:31:22,$ 3305.894,100
440,09:31:22,$ 3305.972,100
442,09:31:22,$ 3305.29,200
443,09:31:22,$ 3305.94,100
444,09:31:22,$ 3305.452,100
445,09:31:22,$ 3305.83,100
446,09:31:22,$ 3305.00,100
447,09:31:22,$ 3304.88,100
448,09:31:15,$ 3303.015,100
449,09:31:06,$ 3303.0438,100
450,09:31:05,$ 3304.79,100
451,09:31:05,$ 3304.45,400
452,09:31:05,$ 3304.45,440
453,09:31:05,$ 3305.00,100
454,09:31:05,$ 3305.00,133
455,09:31:05,$ 3305.00,228
456,09:31:05,$ 3305.00,500
457,09:31:01,$ 3304.29,100
458,09:31:01,$ 3303.95,100
459,09:31:01,$ 3302.13,100
460,09:30:59,$ 3300.88,111
461,09:30:33,$ 3300.50,196
463,09:30:33,$ 3301.87,100
464,09:30:22,$ 3303.303,150
465,09:30:19,$ 3299.85,100
466,09:30:19,$ 3300.00,259
467,09:30:19,$ 3300.00,100
468,09:30:19,$ 3300.00,100
469,09:30:12,$ 3299.00,100
470,09:30:05,$ 3297.55,100
471,09:30:05,$ 3297.55,100
472,09:30:05,$ 3297.55,100
473,09:30:03,$ 3299.02,100
474,09:30:02,$ 3298.99,154
475,09:30:02,$ 3299.00,2
476,09:30:02,$ 3299.00,5
477,09:30:02,$ 3299.00,1
478,09:30:02,$ 3299.00,9
479,09:30:02,$ 3299.00,3
480,09:30:02,$ 3299.00,1
481,09:30:02,$ 3299.00,1
482,09:30:02,$ 3299.00,11
484,09:30:02,$ 3299.00,1
485,09:30:02,$ 3299.00,1
486,09:30:02,$ 3299.00,8
487,09:30:02,$ 3299.00,50
488,09:30:02,$ 3299.00,2
489,09:30:02,$ 3299.00,3
490,09:30:02,$ 3299.00,2
491,09:30:02,$ 3299.00,3
492,09:30:02,$ 3299.00,3
493,09:30:02,$ 3299.00,3
494,09:30:02,$ 3299.00,1
495,09:30:02,$ 3299.00,1
496,09:30:02,$ 3299.00,1
497,09:30:02,$ 3299.00,2
498,09:30:02,$ 3299.00,3
499,09:30:02,$ 3299.00,2
500,09:30:02,$ 3299.00,2
501,09:30:02,$ 3299.00,1
502,09:30:02,$ 3299.00,5
503,09:30:02,$ 3299.00,1
505,09:30:02,$ 3299.00,1
506,09:30:02,$ 3299.00,2
507,09:30:02,$ 3299.00,2
508,09:30:02,$ 3299.00,3
509,09:30:02,$ 3299.00,1
510,09:30:02,$ 3299.00,7
511,09:30:02,$ 3299.00,1
512,09:30:02,$ 3299.00,2
513,09:30:02,$ 3299.00,1
514,09:30:02,$ 3299.00,1
515,09:30:02,$ 3299.00,1
516,09:30:02,$ 3299.00,3
517,09:30:02,$ 3299.00,1
518,09:30:02,$ 3299.00,1
519,09:30:02,$ 3299.00,2
520,09:30:02,$ 3299.00,2
521,09:30:02,$ 3299.00,3
522,09:30:02,$ 3299.00,2
523,09:30:02,$ 3299.00,1
524,09:30:02,$ 3299.00,3
526,09:30:02,$ 3299.00,2
527,09:30:02,$ 3299.00,1
528,09:30:02,$ 3299.00,1
529,09:30:02,$ 3299.00,15
530,09:30:02,$ 3299.00,3
531,09:30:02,$ 3299.00,2
532,09:30:02,$ 3299.00,5
533,09:30:02,$ 3299.00,4
534,09:30:02,$ 3299.00,6
535,09:30:02,$ 3299.00,1
536,09:30:02,$ 3299.00,9
537,09:30:02,$ 3299.00,1
538,09:30:02,$ 3299.00,1
539,09:30:02,$ 3299.00,2
540,09:30:02,$ 3299.00,10
541,09:30:02,$ 3299.00,1
542,09:30:02,$ 3299.00,3
543,09:30:02,$ 3299.00,1
544,09:30:02,$ 3299.00,1
545,09:30:02,$ 3299.00,1
547,09:30:02,$ 3299.00,1
548,09:30:02,$ 3299.00,2
549,09:30:02,$ 3299.00,2
550,09:30:02,$ 3299.00,1
551,09:30:02,$ 3299.00,4
552,09:30:02,$ 3299.00,3
553,09:30:02,$ 3299.00,7
554,09:30:02,$ 3299.00,1
555,09:30:02,$ 3299.00,2
556,09:30:02,$ 3299.00,4
557,09:30:02,$ 3299.00,1
558,09:30:02,$ 3299.00,1
559,09:30:02,$ 3299.00,1
560,09:30:02,$ 3299.00,8
561,09:30:02,$ 3299.00,1
562,09:30:02,$ 3299.00,2
563,09:30:02,$ 3299.00,15
564,09:30:02,$ 3299.00,1
565,09:30:02,$ 3299.00,30
566,09:30:02,$ 3299.00,7
568,09:30:02,$ 3299.00,1
569,09:30:02,$ 3299.00,1
570,09:30:02,$ 3299.00,10
571,09:30:02,$ 3299.00,1
572,09:30:02,$ 3299.00,9
573,09:30:02,$ 3299.00,20
574,09:30:02,$ 3299.00,15
575,09:30:02,$ 3299.00,7
576,09:30:02,$ 3299.00,1
577,09:30:02,$ 3299.00,2
578,09:30:02,$ 3299.00,1
579,09:30:02,$ 3299.00,4
580,09:30:02,$ 3299.00,1
581,09:30:02,$ 3299.00,3
582,09:30:02,$ 3299.00,1
583,09:30:02,$ 3299.00,100
584,09:30:02,$ 3299.00,16
585,09:30:02,$ 3299.00,3
586,09:30:02,$ 3299.00,9
587,09:30:02,$ 3299.00,13
589,09:30:02,$ 3299.00,87
590,09:30:02,$ 3299.00,10
591,09:30:02,$ 3299.00,2
592,09:30:02,$ 3299.00,1
593,09:30:02,$ 3299.00,10
594,09:30:02,$ 3299.00,1
595,09:30:02,$ 3299.00,8
596,09:30:02,$ 3299.00,3
597,09:30:02,$ 3299.00,3
598,09:30:02,$ 3299.00,5
599,09:30:02,$ 3299.00,20
600,09:30:02,$ 3299.00,2
601,09:30:02,$ 3299.00,1
602,09:30:02,$ 3299.00,1
603,09:30:02,$ 3299.00,1
604,09:30:02,$ 3299.00,3
605,09:30:02,$ 3299.00,3
606,09:30:02,$ 3299.00,3
607,09:30:02,$ 3299.00,2
608,09:30:02,$ 3299.00,15
610,09:30:02,$ 3299.00,14
611,09:30:02,$ 3299.00,1
612,09:30:02,$ 3299.00,1
613,09:30:02,$ 3299.00,12
614,09:30:02,$ 3299.00,8
615,09:30:02,$ 3299.00,10
616,09:30:02,$ 3299.00,5
617,09:30:02,$ 3299.00,2
618,09:30:02,$ 3299.00,1
619,09:30:02,$ 3299.00,2
620,09:30:02,$ 3299.00,24
621,09:30:02,$ 3299.00,6
622,09:30:02,$ 3299.00,5
623,09:30:02,$ 3299.00,1
624,09:30:02,$ 3299.00,"2,000"
625,09:30:02,$ 3299.00,1
626,09:30:02,$ 3299.00,1
627,09:30:02,$ 3299.00,5
628,09:30:02,$ 3299.00,5
629,09:30:02,$ 3299.00,2
631,09:30:02,$ 3299.00,10
632,09:30:02,$ 3299.00,2
633,09:30:02,$ 3299.00,2
634,09:30:02,$ 3299.00,1
635,09:30:02,$ 3299.00,1
636,09:30:02,$ 3299.00,1
637,09:30:02,$ 3299.00,9
638,09:30:02,$ 3299.00,10
639,09:30:02,$ 3299.00,4
640,09:30:02,$ 3299.00,1
641,09:30:02,$ 3299.00,18
642,09:30:02,$ 3299.00,19
643,09:30:02,$ 3299.00,33
644,09:30:02,$ 3299.00,9
645,09:30:02,$ 3299.00,1
646,09:30:02,$ 3299.00,1
647,09:30:02,$ 3299.00,2
648,09:30:02,$ 3299.00,4
649,09:30:02,$ 3299.00,2
650,09:30:02,$ 3299.00,4
652,09:30:02,$ 3299.00,2
653,09:30:02,$ 3299.00,10
654,09:30:02,$ 3299.00,3
655,09:30:02,$ 3299.00,81
656,09:30:02,$ 3299.00,15
657,09:30:02,$ 3299.00,4
658,09:30:02,$ 3299.00,1
659,09:30:02,$ 3299.00,1
660,09:30:02,$ 3299.00,20
661,09:30:02,$ 3299.00,9
662,09:30:02,$ 3299.00,9
663,09:30:02,$ 3299.00,10
664,09:30:02,$ 3299.00,3
665,09:30:02,$ 3299.00,9
666,09:30:02,$ 3299.00,1
667,09:30:02,$ 3299.00,3
668,09:30:02,$ 3299.00,3
669,09:30:02,$ 3299.00,3
670,09:30:02,$ 3299.00,2
671,09:30:02,$ 3299.00,1
673,09:30:02,$ 3299.00,10
674,09:30:02,$ 3299.00,1
675,09:30:02,$ 3299.00,1
676,09:30:02,$ 3299.00,1
677,09:30:02,$ 3299.00,1
678,09:30:02,$ 3299.00,2
679,09:30:02,$ 3299.00,4
680,09:30:02,$ 3299.00,2
681,09:30:02,$ 3299.00,2
682,09:30:02,$ 3299.00,10
683,09:30:02,$ 3299.00,5
684,09:30:02,$ 3299.00,1
685,09:30:02,$ 3299.00,8
686,09:30:02,$ 3299.00,3
687,09:30:02,$ 3299.00,30
688,09:30:02,$ 3299.00,5
689,09:30:02,$ 3299.00,1
690,09:30:02,$ 3299.00,2
691,09:30:02,$ 3299.00,2
692,09:30:02,$ 3299.00,3
694,09:30:02,$ 3299.00,30
695,09:30:02,$ 3299.00,1
696,09:30:02,$ 3299.00,1
697,09:30:02,$ 3299.00,1
698,09:30:02,$ 3299.00,1
699,09:30:02,$ 3299.00,1
700,09:30:02,$ 3299.00,50
701,09:30:02,$ 3299.00,1
702,09:30:02,$ 3299.00,1
703,09:30:02,$ 3299.00,2
704,09:30:02,$ 3299.00,1
705,09:30:02,$ 3299.00,1
706,09:30:02,$ 3299.00,5
707,09:30:02,$ 3299.00,5
708,09:30:02,$ 3299.00,10
709,09:30:02,$ 3299.00,1
710,09:30:02,$ 3299.00,5
711,09:30:02,$ 3299.00,1
712,09:30:02,$ 3299.00,5
713,09:30:02,$ 3299.00,1
715,09:30:02,$ 3299.00,1
716,09:30:02,$ 3299.00,3
717,09:30:02,$ 3299.00,30
718,09:30:02,$ 3299.00,1
719,09:30:02,$ 3299.00,1
720,09:30:02,$ 3299.00,6
721,09:30:02,$ 3299.00,10
722,09:30:02,$ 3299.00,1
723,09:30:02,$ 3299.00,1
724,09:30:02,$ 3299.00,3
725,09:30:02,$ 3299.00,15
726,09:30:02,$ 3299.00,1
727,09:30:02,$ 3299.00,3
728,09:30:02,$ 3299.00,15
729,09:30:02,$ 3299.00,1
730,09:30:02,$ 3299.00,1
731,09:30:02,$ 3299.00,1
732,09:30:02,$ 3299.00,2
733,09:30:02,$ 3299.00,1
734,09:30:02,$ 3299.00,1
736,09:30:02,$ 3299.00,5
737,09:30:02,$ 3299.00,2
738,09:30:02,$ 3299.00,2
739,09:30:02,$ 3299.00,1
740,09:30:02,$ 3299.00,358
741,09:30:02,$ 3299.00,1
742,09:30:02,$ 3299.00,1
743,09:30:02,$ 3299.00,1
744,09:30:02,$ 3299.00,1
745,09:30:02,$ 3299.00,1
746,09:30:02,$ 3299.00,1
747,09:30:02,$ 3299.00,1
748,09:30:02,$ 3299.00,1
749,09:30:02,$ 3299.00,1
750,09:30:02,$ 3299.00,3
751,09:30:02,$ 3299.00,1
752,09:30:02,$ 3299.00,1
753,09:30:02,$ 3299.00,1
754,09:30:02,$ 3299.00,1
755,09:30:02,$ 3299.00,1
757,09:30:02,$ 3299.00,1
758,09:30:02,$ 3299.00,1
759,09:30:02,$ 3299.00,1
760,09:30:02,$ 3299.00,1
761,09:30:02,$ 3299.00,1
762,09:30:02,$ 3299.00,1
763,09:30:02,$ 3299.00,1
764,09:30:02,$ 3299.00,1
765,09:30:02,$ 3299.00,1
766,09:30:02,$ 3299.00,1
767,09:30:02,$ 3299.00,1
768,09:30:02,$ 3299.00,1
769,09:30:02,$ 3299.00,1
770,09:30:02,$ 3299.00,1
771,09:30:02,$ 3299.00,1
772,09:30:02,$ 3299.00,1
773,09:30:02,$ 3299.00,1
774,09:30:02,$ 3299.00,1
775,09:30:02,$ 3299.00,1
776,09:30:02,$ 3299.00,1
778,09:30:02,$ 3299.00,1
779,09:30:02,$ 3299.00,1
780,09:30:02,$ 3299.00,1
781,09:30:02,$ 3299.00,1
782,09:30:02,$ 3299.00,1
783,09:30:02,$ 3299.00,1
784,09:30:02,$ 3299.00,1
785,09:30:02,$ 3299.00,1
786,09:30:02,$ 3299.00,5
787,09:30:02,$ 3299.00,1
788,09:30:02,$ 3299.00,1
789,09:30:02,$ 3299.00,100
790,09:30:02,$ 3299.00,3
791,09:30:02,$ 3299.00,1
792,09:30:02,$ 3299.00,10
793,09:30:02,$ 3299.00,1
794,09:30:02,$ 3299.00,2
795,09:30:02,$ 3299.00,6
796,09:30:02,$ 3299.00,1
797,09:30:02,$ 3299.00,10
799,09:30:02,$ 3299.00,100
800,09:30:02,$ 3299.00,1
801,09:30:02,$ 3299.00,1
802,09:30:02,$ 3299.00,1
803,09:30:02,$ 3299.00,1
804,09:30:02,$ 3299.00,8
805,09:30:02,$ 3299.00,1
806,09:30:02,$ 3299.00,11
807,09:30:02,$ 3299.00,1
808,09:30:02,$ 3299.00,1
809,09:30:02,$ 3299.00,10
810,09:30:02,$ 3299.00,4
811,09:30:02,$ 3299.00,3
812,09:30:02,$ 3299.00,4
813,09:30:02,$ 3299.00,25
814,09:30:02,$ 3299.00,1
815,09:30:02,$ 3299.00,1
816,09:30:02,$ 3299.00,10
817,09:30:02,$ 3299.00,1
818,09:30:02,$ 3299.00,1
820,09:30:02,$ 3299.00,2
821,09:30:02,$ 3299.00,14
822,09:30:02,$ 3299.00,2
823,09:30:02,$ 3299.00,60
824,09:30:02,$ 3299.00,3
825,09:30:02,$ 3299.00,3
826,09:30:02,$ 3299.00,2
827,09:30:02,$ 3299.00,15
828,09:30:02,$ 3299.00,1
829,09:30:02,$ 3299.00,1
830,09:30:02,$ 3299.00,3
831,09:30:02,$ 3299.00,2
832,09:30:02,$ 3299.00,3
833,09:30:02,$ 3299.00,3
834,09:30:02,$ 3299.00,3
835,09:30:02,$ 3299.00,1
836,09:30:02,$ 3299.00,20
837,09:30:02,$ 3299.00,1
838,09:30:02,$ 3299.00,10
839,09:30:02,$ 3299.00,15
841,09:30:02,$ 3299.00,1
842,09:30:02,$ 3299.00,2
843,09:30:02,$ 3299.00,3
844,09:30:02,$ 3299.00,3
845,09:30:02,$ 3299.00,3
846,09:30:02,$ 3299.00,4
847,09:30:02,$ 3299.00,12
848,09:30:02,$ 3299.00,3
849,09:30:02,$ 3299.00,1
850,09:30:02,$ 3299.00,1
851,09:30:02,$ 3299.00,1
852,09:30:02,$ 3299.00,1
853,09:30:02,$ 3299.00,1
854,09:30:02,$ 3299.00,1
855,09:30:02,$ 3299.00,1
856,09:30:02,$ 3299.00,1
857,09:30:02,$ 3299.00,1
858,09:30:02,$ 3299.00,1
859,09:30:02,$ 3299.00,1
860,09:30:02,$ 3299.00,1
862,09:30:02,$ 3299.00,1
863,09:30:02,$ 3299.00,1
864,09:30:02,$ 3299.00,1
865,09:30:02,$ 3299.00,1
866,09:30:02,$ 3299.00,1
867,09:30:02,$ 3299.00,1
868,09:30:02,$ 3299.00,1
869,09:30:02,$ 3299.00,1
870,09:30:02,$ 3299.00,1
871,09:30:02,$ 3299.00,1
872,09:30:02,$ 3299.00,1
873,09:30:02,$ 3299.00,1
874,09:30:02,$ 3299.00,1
875,09:30:02,$ 3299.00,1
876,09:30:02,$ 3299.00,1
877,09:30:02,$ 3299.00,1
878,09:30:02,$ 3299.00,1
879,09:30:02,$ 3299.00,1
880,09:30:02,$ 3299.00,1
881,09:30:02,$ 3299.00,1
883,09:30:02,$ 3299.00,1
884,09:30:02,$ 3299.00,1
885,09:30:02,$ 3299.00,1
886,09:30:02,$ 3299.00,1
887,09:30:02,$ 3299.00,1
888,09:30:02,$ 3299.00,1
889,09:30:02,$ 3299.00,1
890,09:30:02,$ 3299.00,1
891,09:30:02,$ 3299.00,1
892,09:30:02,$ 3299.00,1
893,09:30:02,$ 3299.00,1
894,09:30:02,$ 3299.00,1
895,09:30:02,$ 3299.00,1
896,09:30:02,$ 3299.00,1
897,09:30:02,$ 3299.00,7
898,09:30:02,$ 3299.00,90
899,09:30:02,$ 3299.00,1
900,09:30:02,$ 3299.00,1
901,09:30:02,$ 3299.00,1
902,09:30:02,$ 3299.00,1
904,09:30:02,$ 3299.00,1
905,09:30:02,$ 3299.00,1
906,09:30:02,$ 3299.00,1
907,09:30:02,$ 3299.00,20
908,09:30:02,$ 3299.00,1
909,09:30:02,$ 3299.00,1
910,09:30:02,$ 3299.00,1
911,09:30:02,$ 3299.00,1
912,09:30:02,$ 3299.00,1
913,09:30:02,$ 3299.00,118
914,09:30:02,$ 3299.00,1
915,09:30:02,$ 3299.00,23
916,09:30:02,$ 3299.00,1
917,09:30:02,$ 3299.00,3
918,09:30:02,$ 3299.00,11
919,09:30:02,$ 3299.00,8
920,09:30:02,$ 3299.00,1
921,09:30:02,$ 3299.00,25
922,09:30:02,$ 3299.00,12
923,09:30:02,$ 3299.00,1
925,09:30:02,$ 3299.00,10
926,09:30:02,$ 3299.00,1
927,09:30:02,$ 3299.00,1
928,09:30:02,$ 3299.00,5
929,09:30:02,$ 3299.00,7
930,09:30:02,$ 3299.00,2
931,09:30:02,$ 3299.00,50
932,09:30:02,$ 3299.00,1
933,09:30:02,$ 3299.00,3
934,09:30:02,$ 3299.00,4
935,09:30:02,$ 3299.00,1
936,09:30:02,$ 3299.00,1
937,09:30:02,$ 3299.00,3
938,09:30:02,$ 3299.00,1
939,09:30:02,$ 3299.00,2
940,09:30:02,$ 3299.00,2
941,09:30:02,$ 3299.00,1
942,09:30:02,$ 3299.00,1
943,09:30:02,$ 3299.00,10
944,09:30:02,$ 3299.00,1
946,09:30:02,$ 3299.00,1
947,09:30:02,$ 3299.00,7
948,09:30:02,$ 3299.00,3
949,09:30:02,$ 3299.00,2
950,09:30:02,$ 3299.00,6
951,09:30:02,$ 3299.00,2
952,09:30:02,$ 3299.00,2
953,09:30:02,$ 3299.00,1
954,09:30:02,$ 3299.00,3
955,09:30:02,$ 3299.00,15
956,09:30:02,$ 3299.00,1
957,09:30:02,$ 3299.00,4
958,09:30:02,$ 3299.00,3
959,09:30:02,$ 3299.00,5
960,09:30:02,$ 3299.00,1
961,09:30:02,$ 3299.00,1
962,09:30:02,$ 3299.00,1
963,09:30:02,$ 3299.00,1
964,09:30:02,$ 3299.00,10
965,09:30:02,$ 3299.00,1
967,09:30:02,$ 3299.00,1
968,09:30:02,$ 3299.00,1
969,09:30:02,$ 3299.00,1
970,09:30:02,$ 3299.00,20
971,09:30:02,$ 3299.00,2
972,09:30:02,$ 3299.00,1
973,09:30:02,$ 3299.00,5
974,09:30:02,$ 3299.00,1
975,09:30:02,$ 3299.00,1
976,09:30:02,$ 3299.00,16
977,09:30:02,$ 3299.00,1
978,09:30:02,$ 3299.00,2
979,09:30:02,$ 3299.00,5
980,09:30:02,$ 3299.00,6
981,09:30:02,$ 3299.00,1
982,09:30:02,$ 3299.00,30
983,09:30:02,$ 3299.00,1
984,09:30:02,$ 3299.00,2
985,09:30:02,$ 3299.00,10
986,09:30:02,$ 3299.00,10
988,09:30:02,$ 3299.00,40
989,09:30:02,$ 3299.00,25
990,09:30:02,$ 3299.00,1
991,09:30:02,$ 3299.00,2
992,09:30:02,$ 3299.00,4
993,09:30:02,$ 3299.00,125
994,09:30:02,$ 3299.00,1
995,09:30:02,$ 3299.00,1
996,09:30:02,$ 3299.00,9
997,09:30:02,$ 3299.00,3
998,09:30:02,$ 3299.00,1
999,09:30:02,$ 3299.00,14
1000,09:30:02,$ 3299.00,2
1001,09:30:02,$ 3299.00,1
1002,09:30:02,$ 3299.00,3
1003,09:30:02,$ 3299.00,16
1004,09:30:02,$ 3299.00,3
1005,09:30:02,$ 3299.00,1
1006,09:30:02,$ 3299.00,3
1007,09:30:02,$ 3299.00,90
1009,09:30:02,$ 3299.00,1
1010,09:30:02,$ 3299.00,1
1011,09:30:02,$ 3299.00,2
1012,09:30:02,$ 3299.00,5
1013,09:30:02,$ 3299.00,2
1014,09:30:02,$ 3299.00,5
1015,09:30:02,$ 3299.00,65
1016,09:30:02,$ 3299.00,2
1017,09:30:02,$ 3299.00,3
1018,09:30:02,$ 3299.00,10
1019,09:30:02,$ 3299.00,2
1020,09:30:02,$ 3299.00,1
1021,09:30:02,$ 3299.00,2
1022,09:30:02,$ 3299.00,2
1023,09:30:02,$ 3299.00,15
1024,09:30:02,$ 3299.00,10
1025,09:30:02,$ 3299.00,1
1026,09:30:02,$ 3299.00,4
1027,09:30:02,$ 3299.00,2
1028,09:30:02,$ 3299.00,2
1030,09:30:02,$ 3299.00,3
1031,09:30:02,$ 3299.00,3
1032,09:30:02,$ 3299.00,3
1033,09:30:02,$ 3299.00,1
1034,09:30:02,$ 3299.00,3
1035,09:30:02,$ 3299.00,3
1036,09:30:02,$ 3299.00,54
1037,09:30:02,$ 3299.00,15
1038,09:30:02,$ 3299.00,12
1039,09:30:02,$ 3299.00,2
1040,09:30:02,$ 3299.00,3
1041,09:30:02,$ 3299.00,5
1042,09:30:02,$ 3299.00,3
1043,09:30:02,$ 3299.00,1
1044,09:30:02,$ 3299.00,3
1045,09:30:02,$ 3299.00,15
1046,09:30:02,$ 3299.00,9
1047,09:30:02,$ 3299.00,5
1048,09:30:02,$ 3299.00,60
1049,09:30:02,$ 3299.00,25
1051,09:30:02,$ 3299.00,10
1052,09:30:02,$ 3299.00,2
1053,09:30:02,$ 3299.00,6
1054,09:30:02,$ 3299.00,93
1055,09:30:02,$ 3299.00,15
1056,09:30:02,$ 3299.00,3
1057,09:30:02,$ 3299.00,3
1058,09:30:02,$ 3299.00,27
1059,09:30:02,$ 3299.00,3
1060,09:30:02,$ 3299.00,1
1061,09:30:02,$ 3299.00,9
1062,09:30:02,$ 3299.00,2
1063,09:30:02,$ 3299.00,3
1064,09:30:02,$ 3299.00,6
1065,09:30:02,$ 3299.00,15
1066,09:30:02,$ 3299.00,90
1067,09:30:02,$ 3299.00,6
1068,09:30:02,$ 3299.00,4
1069,09:30:02,$ 3299.00,1
1070,09:30:02,$ 3299.00,7
1072,09:30:02,$ 3299.00,10
1073,09:30:02,$ 3299.00,9
1074,09:30:02,$ 3299.00,1
1075,09:30:02,$ 3299.00,50
1076,09:30:02,$ 3299.00,1
1077,09:30:02,$ 3299.00,1
1078,09:30:02,$ 3299.00,1
1079,09:30:02,$ 3299.00,15
1080,09:30:02,$ 3299.00,15
1081,09:30:02,$ 3299.00,10
1082,09:30:02,$ 3299.00,4
1083,09:30:02,$ 3299.00,11
1084,09:30:02,$ 3299.00,1
1085,09:30:02,$ 3299.00,7
1086,09:30:02,$ 3299.00,89
1087,09:30:02,$ 3299.00,1
1088,09:30:02,$ 3299.00,1
1089,09:30:02,$ 3299.00,13
1090,09:30:02,$ 3299.00,20
1091,09:30:02,$ 3299.00,81
1093,09:30:02,$ 3299.00,2
1094,09:30:02,$ 3299.00,15
1095,09:30:02,$ 3299.00,2
1096,09:30:02,$ 3299.00,2
1097,09:30:02,$ 3299.00,2
1098,09:30:02,$ 3299.00,2
1099,09:30:02,$ 3299.00,2
1100,09:30:02,$ 3299.00,1
1101,09:30:02,$ 3299.00,1
1102,09:30:02,$ 3299.00,1
1103,09:30:02,$ 3299.00,3
1104,09:30:02,$ 3299.00,2
1105,09:30:02,$ 3299.00,4
1106,09:30:02,$ 3299.00,15
1107,09:30:02,$ 3299.00,1
1108,09:30:02,$ 3299.00,21
1109,09:30:02,$ 3299.00,21
1110,09:30:02,$ 3299.00,3
1111,09:30:02,$ 3299.00,45
1112,09:30:02,$ 3299.00,1
1114,09:30:02,$ 3299.00,4
1115,09:30:02,$ 3299.00,1
1116,09:30:02,$ 3299.00,3
1117,09:30:02,$ 3299.00,4
1118,09:30:02,$ 3299.00,2
1119,09:30:02,$ 3299.00,1
1120,09:30:02,$ 3299.00,10
1121,09:30:02,$ 3299.00,4
1122,09:30:02,$ 3299.00,1
1123,09:30:02,$ 3299.00,1
1124,09:30:02,$ 3299.00,10
1125,09:30:02,$ 3299.00,2
1126,09:30:02,$ 3299.00,1
1127,09:30:02,$ 3299.00,10
1128,09:30:02,$ 3299.00,2
1129,09:30:02,$ 3299.00,5
1130,09:30:02,$ 3299.00,4
1131,09:30:02,$ 3299.00,1
1132,09:30:02,$ 3299.00,1
1133,09:30:02,$ 3299.00,1
1135,09:30:02,$ 3299.00,1
1136,09:30:02,$ 3299.00,1
1137,09:30:02,$ 3299.00,1
1138,09:30:02,$ 3299.00,2
1139,09:30:02,$ 3299.00,1
1140,09:30:02,$ 3299.00,5
1141,09:30:02,$ 3299.00,20
1142,09:30:02,$ 3299.00,30
1143,09:30:02,$ 3299.00,15
1144,09:30:02,$ 3299.00,1
1145,09:30:02,$ 3299.00,2
1146,09:30:02,$ 3299.00,2
1147,09:30:02,$ 3299.00,28
1148,09:30:02,$ 3299.00,3
1149,09:30:02,$ 3299.00,68
1150,09:30:02,$ 3299.00,2
1151,09:30:02,$ 3299.00,10
1152,09:30:02,$ 3299.00,1
1153,09:30:02,$ 3299.00,1
1154,09:30:02,$ 3299.00,15
1156,09:30:02,$ 3299.00,2
1157,09:30:02,$ 3299.00,2
1158,09:30:02,$ 3299.00,1
1159,09:30:02,$ 3299.00,4
1160,09:30:02,$ 3299.00,1
1161,09:30:02,$ 3299.00,9
1162,09:30:02,$ 3299.00,31
1163,09:30:02,$ 3299.00,10
1164,09:30:02,$ 3299.00,9
1165,09:30:02,$ 3299.00,3
1166,09:30:02,$ 3299.00,2
1167,09:30:02,$ 3299.00,4
1168,09:30:02,$ 3299.00,2
1169,09:30:02,$ 3299.00,1
1170,09:30:02,$ 3299.00,1
1171,09:30:02,$ 3299.00,6
1172,09:30:02,$ 3299.00,1
1173,09:30:02,$ 3299.00,25
1174,09:30:02,$ 3299.00,15
1175,09:30:02,$ 3299.00,6
1177,09:30:02,$ 3299.00,10
1178,09:30:02,$ 3299.00,1
1179,09:30:02,$ 3299.00,16
1180,09:30:02,$ 3299.00,14
1181,09:30:02,$ 3299.00,24
1182,09:30:02,$ 3299.00,1
1183,09:30:02,$ 3299.00,20
1184,09:30:02,$ 3299.00,1
1185,09:30:02,$ 3299.00,2
1186,09:30:02,$ 3299.00,3
1187,09:30:02,$ 3299.00,192
1188,09:30:02,$ 3299.00,3
1189,09:30:02,$ 3299.00,593
1190,09:30:02,$ 3299.00,1
1191,09:30:02,$ 3299.00,1
1192,09:30:02,$ 3299.00,1
1193,09:30:02,$ 3299.00,1
1194,09:30:02,$ 3299.00,1
1195,09:30:02,$ 3299.00,1
1196,09:30:02,$ 3299.00,7
1198,09:30:02,$ 3299.00,20
1199,09:30:02,$ 3299.00,3
1200,09:30:02,$ 3299.00,4
1201,09:30:02,$ 3299.00,1
1202,09:30:02,$ 3299.00,1
1203,09:30:02,$ 3299.00,1
1204,09:30:02,$ 3299.00,2
1205,09:30:02,$ 3299.00,2
1206,09:30:02,$ 3299.00,1
1207,09:30:02,$ 3299.00,1
1208,09:30:02,$ 3299.00,1
1209,09:30:02,$ 3299.00,1
1210,09:30:02,$ 3299.00,1
1211,09:30:02,$ 3299.00,2
1212,09:30:02,$ 3299.00,1
1213,09:30:02,$ 3299.00,5
1214,09:30:02,$ 3299.00,1
1215,09:30:02,$ 3299.00,1
1216,09:30:02,$ 3299.00,1
1217,09:30:02,$ 3299.00,1
1219,09:30:02,$ 3299.00,1
1220,09:30:02,$ 3299.00,4
1221,09:30:02,$ 3299.00,1
1222,09:30:02,$ 3299.00,1
1223,09:30:02,$ 3299.00,1
1224,09:30:02,$ 3299.00,4
1225,09:30:02,$ 3299.00,1
1226,09:30:02,$ 3299.00,1
1227,09:30:02,$ 3299.00,1
1228,09:30:02,$ 3299.00,1
1229,09:30:02,$ 3299.00,1
1230,09:30:02,$ 3299.00,1
1231,09:30:02,$ 3299.00,1
1232,09:30:02,$ 3299.00,6
1233,09:30:02,$ 3299.00,1
1234,09:30:02,$ 3299.00,11
1235,09:30:02,$ 3299.00,21
1236,09:30:02,$ 3299.00,3
1237,09:30:02,$ 3299.00,1
1238,09:30:02,$ 3299.00,8
1240,09:30:02,$ 3299.00,5
1241,09:30:02,$ 3299.00,5
1242,09:30:02,$ 3299.00,1
1243,09:30:02,$ 3299.00,3
1244,09:30:02,$ 3299.00,1
1245,09:30:02,$ 3299.00,4
1246,09:30:02,$ 3299.00,1
1247,09:30:02,$ 3299.00,1
1248,09:30:02,$ 3299.00,1
1249,09:30:02,$ 3299.00,1
1250,09:30:02,$ 3299.00,1
1251,09:30:02,$ 3299.00,2
1252,09:30:02,$ 3299.00,1
1253,09:30:02,$ 3299.00,1
1254,09:30:02,$ 3299.00,1
1255,09:30:02,$ 3299.00,1
1256,09:30:02,$ 3299.00,1
1257,09:30:02,$ 3299.00,1
1258,09:30:02,$ 3299.00,2
1259,09:30:02,$ 3299.00,1
1261,09:30:02,$ 3299.00,1
1262,09:30:02,$ 3299.00,3
1263,09:30:02,$ 3299.00,1
1264,09:30:02,$ 3299.00,2
1265,09:30:02,$ 3299.00,1
1266,09:30:02,$ 3299.00,1
1267,09:30:02,$ 3299.00,1
1268,09:30:02,$ 3299.00,46
1269,09:30:02,$ 3299.00,4
1270,09:30:02,$ 3299.00,6
1271,09:30:02,$ 3299.00,1
1272,09:30:02,$ 3299.00,3
1273,09:30:02,$ 3299.00,1
1274,09:30:02,$ 3299.00,1
1275,09:30:02,$ 3299.00,1
1276,09:30:02,$ 3299.00,2
1277,09:30:02,$ 3299.00,1
1278,09:30:02,$ 3299.00,3
1279,09:30:02,$ 3299.00,3
1280,09:30:02,$ 3299.00,2
1282,09:30:02,$ 3299.00,1
1283,09:30:02,$ 3299.00,2
1284,09:30:02,$ 3299.00,3
1285,09:30:02,$ 3299.00,6
1286,09:30:02,$ 3299.00,3
1287,09:30:02,$ 3299.00,10
1288,09:30:02,$ 3299.00,37
1289,09:30:02,$ 3299.00,21
1290,09:30:02,$ 3299.00,29
1291,09:30:02,$ 3299.00,10
1292,09:30:02,$ 3299.00,17
1293,09:30:02,$ 3299.00,100
1294,09:30:02,$ 3299.00,700
1295,09:30:02,$ 3299.00,221
1296,09:30:02,$ 3299.00,"1,359"
1297,09:30:02,$ 3299.00,2
1298,09:30:02,$ 3299.00,58
1299,09:30:02,$ 3299.00,1
1300,09:30:02,$ 3299.00,14
1301,09:30:02,$ 3299.00,3
1303,09:30:02,$ 3299.00,3
1304,09:30:02,$ 3299.00,91
1305,09:30:02,$ 3299.00,11
1306,09:30:02,$ 3299.00,14
1307,09:30:02,$ 3299.00,1
1308,09:30:02,$ 3299.00,21
1309,09:30:02,$ 3299.00,5
1310,09:30:02,$ 3299.00,102
1311,09:30:02,$ 3299.00,12
1312,09:30:02,$ 3299.00,52
1313,09:30:02,$ 3299.00,17
1314,09:30:02,$ 3299.00,109
1315,09:30:02,$ 3299.00,1
1316,09:30:02,$ 3299.00,8
1317,09:30:02,$ 3299.00,5
1318,09:30:02,$ 3299.00,39
1319,09:30:02,$ 3299.00,21
1320,09:30:02,$ 3299.00,1
1321,09:30:02,$ 3299.00,8
1322,09:30:02,$ 3299.00,4
1324,09:30:02,$ 3299.00,10
1325,09:30:02,$ 3299.00,4
1326,09:30:02,$ 3299.00,29
1327,09:30:02,$ 3299.00,9
1328,09:30:02,$ 3299.00,100
1329,09:30:02,$ 3299.00,2
1330,09:30:02,$ 3299.00,2
1331,09:30:02,$ 3299.00,9
1332,09:30:02,$ 3299.00,1
1333,09:30:02,$ 3299.00,20
1334,09:30:02,$ 3299.00,10
1335,09:30:02,$ 3299.00,3
1336,09:30:02,$ 3299.00,17
1337,09:30:02,$ 3299.00,290
1338,09:30:02,$ 3299.00,15
1339,09:30:02,$ 3299.00,5
1340,09:30:02,$ 3299.00,1
1341,09:30:02,$ 3299.00,2
1342,09:30:02,$ 3299.00,6
1343,09:30:02,$ 3299.00,4
1345,09:30:02,$ 3299.00,30
1346,09:30:02,$ 3299.00,11
1347,09:30:02,$ 3299.00,85
1348,09:30:02,$ 3299.00,5
1349,09:30:02,$ 3299.00,11
1350,09:30:02,$ 3299.00,1
1351,09:30:02,$ 3299.00,3
1352,09:30:02,$ 3299.00,1
1353,09:30:02,$ 3299.00,1
1354,09:30:02,$ 3299.00,1
1355,09:30:02,$ 3299.00,9
1356,09:30:02,$ 3299.00,6
1357,09:30:02,$ 3299.00,7
1358,09:30:02,$ 3299.00,20
1359,09:30:02,$ 3299.00,11
1360,09:30:02,$ 3299.00,1
1361,09:30:02,$ 3299.00,2
1362,09:30:02,$ 3299.00,1
1363,09:30:02,$ 3299.00,1
1364,09:30:02,$ 3299.00,1
1366,09:30:02,$ 3299.00,47
1367,09:30:02,$ 3299.00,23
1368,09:30:02,$ 3299.00,700
1369,09:30:02,$ 3299.00,6
1370,09:30:02,$ 3299.00,3
1371,09:30:02,$ 3299.00,94
1372,09:30:02,$ 3299.00,6
1373,09:30:02,$ 3299.00,6
1374,09:30:02,$ 3299.00,3
1375,09:30:02,$ 3299.00,37
1376,09:30:02,$ 3299.00,1
1377,09:30:02,$ 3299.00,5
1378,09:30:02,$ 3299.00,1
1379,09:30:02,$ 3299.00,1
1380,09:30:02,$ 3299.00,10
1381,09:30:02,$ 3299.00,69
1382,09:30:02,$ 3299.00,3
1383,09:30:02,$ 3299.00,18
1384,09:30:02,$ 3299.00,125
1385,09:30:02,$ 3299.00,91
1387,09:30:02,$ 3299.00,2
1388,09:30:02,$ 3299.00,1
1389,09:30:02,$ 3299.00,3
1390,09:30:02,$ 3299.00,85
1391,09:30:02,$ 3299.00,2
1392,09:30:02,$ 3299.00,46
1393,09:30:02,$ 3299.00,8
1394,09:30:02,$ 3299.00,2
1395,09:30:02,$ 3299.00,20
1396,09:30:02,$ 3299.00,3
1397,09:30:02,$ 3299.00,10
1398,09:30:02,$ 3299.00,17
1399,09:30:02,$ 3299.00,36
1400,09:30:02,$ 3299.00,1
1401,09:30:02,$ 3299.00,16
1402,09:30:02,$ 3299.00,20
1403,09:30:02,$ 3299.00,1
1404,09:30:02,$ 3299.00,5
1405,09:30:02,$ 3299.00,34
1406,09:30:02,$ 3299.00,1
1408,09:30:02,$ 3299.00,36
1409,09:30:02,$ 3299.00,1
1410,09:30:02,$ 3299.00,1
1411,09:30:02,$ 3299.00,1
1412,09:30:02,$ 3299.00,3
1413,09:30:02,$ 3299.00,1
1414,09:30:02,$ 3299.00,2
1415,09:30:02,$ 3299.00,1
1416,09:30:02,$ 3299.00,3
1417,09:30:02,$ 3299.00,1
1418,09:30:02,$ 3299.00,2
1419,09:30:02,$ 3299.00,6
1420,09:30:02,$ 3299.00,12
1421,09:30:02,$ 3299.00,100
1422,09:30:02,$ 3299.00,1
1423,09:30:02,$ 3299.00,10
1424,09:30:02,$ 3299.00,1
1425,09:30:02,$ 3299.00,1
1426,09:30:02,$ 3299.00,3
1427,09:30:02,$ 3299.00,2
1429,09:30:02,$ 3299.00,4
1430,09:30:02,$ 3299.00,1
1431,09:30:02,$ 3299.00,6
1432,09:30:02,$ 3299.00,1
1433,09:30:02,$ 3299.00,1
1434,09:30:02,$ 3299.00,1
1435,09:30:02,$ 3299.00,32
1436,09:30:02,$ 3299.00,15
1437,09:30:02,$ 3299.00,14
1438,09:30:02,$ 3299.00,2
1439,09:30:02,$ 3299.00,3
1440,09:30:02,$ 3299.00,4
1441,09:30:02,$ 3299.00,60
1442,09:30:02,$ 3299.00,250
1443,09:30:02,$ 3299.00,4
1444,09:30:02,$ 3299.00,2
1445,09:30:02,$ 3299.00,2
1446,09:30:02,$ 3299.00,1
1447,09:30:02,$ 3299.00,2
1448,09:30:02,$ 3299.00,2
1450,09:30:02,$ 3299.00,1
1451,09:30:02,$ 3299.00,2
1452,09:30:02,$ 3299.00,1
1453,09:30:02,$ 3299.00,1
1454,09:30:02,$ 3299.00,3
1455,09:30:02,$ 3299.00,1
1456,09:30:02,$ 3299.00,2
1457,09:30:02,$ 3299.00,5
1458,09:30:02,$ 3299.00,10
1459,09:30:02,$ 3299.00,3
1460,09:30:02,$ 3299.00,9
1461,09:30:02,$ 3299.00,6
1462,09:30:02,$ 3299.00,2
1463,09:30:02,$ 3299.00,7
1464,09:30:02,$ 3299.00,13
1465,09:30:02,$ 3299.00,1
1466,09:30:02,$ 3299.00,3
1467,09:30:02,$ 3299.00,4
1468,09:30:02,$ 3299.00,144
1469,09:30:02,$ 3299.00,1
1471,09:30:02,$ 3299.00,3
1472,09:30:02,$ 3299.00,74
1473,09:30:02,$ 3299.00,1
1474,09:30:02,$ 3299.00,45
1475,09:30:02,$ 3299.00,6
1476,09:30:02,$ 3299.00,11
1477,09:30:02,$ 3299.00,23
1478,09:30:02,$ 3299.00,24
1479,09:30:02,$ 3299.00,57
1480,09:30:02,$ 3299.00,12
1481,09:30:02,$ 3299.00,3
1482,09:30:02,$ 3299.00,10
1483,09:30:02,$ 3299.00,7
1484,09:30:02,$ 3299.00,61
1485,09:30:02,$ 3299.00,3
1486,09:30:02,$ 3299.00,1
1487,09:30:02,$ 3299.00,1
1488,09:30:02,$ 3299.00,1
1489,09:30:02,$ 3299.00,2
1490,09:30:02,$ 3299.00,1
1492,09:30:02,$ 3299.00,13
1493,09:30:02,$ 3299.00,152
1494,09:30:02,$ 3299.00,1
1495,09:30:02,$ 3299.00,3
1496,09:30:02,$ 3299.00,18
1497,09:30:02,$ 3299.00,11
1498,09:30:02,$ 3299.00,4
1499,09:30:02,$ 3299.00,29
1500,09:30:02,$ 3299.00,3
1501,09:30:02,$ 3299.00,1
1502,09:30:02,$ 3299.00,1
1503,09:30:02,$ 3299.00,1
1504,09:30:02,$ 3299.00,1
1505,09:30:02,$ 3299.00,1
1506,09:30:02,$ 3299.00,3
1507,09:30:02,$ 3299.00,1
1508,09:30:02,$ 3299.00,2
1509,09:30:02,$ 3299.00,1
1510,09:30:02,$ 3299.00,12
1511,09:30:02,$ 3299.00,3
1513,09:30:02,$ 3299.00,2
1514,09:30:02,$ 3299.00,2
1515,09:30:02,$ 3299.00,1
1516,09:30:02,$ 3299.00,5
1517,09:30:02,$ 3299.00,7
1518,09:30:02,$ 3299.00,2
1519,09:30:02,$ 3299.00,1
1520,09:30:02,$ 3299.00,10
1521,09:30:02,$ 3299.00,6
1522,09:30:02,$ 3299.00,2
1523,09:30:02,$ 3299.00,9
1524,09:30:02,$ 3299.00,10
1525,09:30:02,$ 3299.00,1
1526,09:30:02,$ 3299.00,1
1527,09:30:02,$ 3299.00,1
1528,09:30:02,$ 3299.00,18
1529,09:30:02,$ 3299.00,100
1530,09:30:02,$ 3299.00,1
1531,09:30:02,$ 3299.00,1
1532,09:30:02,$ 3299.00,14
1534,09:30:02,$ 3299.00,1
1535,09:30:02,$ 3299.00,3
1536,09:30:02,$ 3299.00,2
1537,09:30:02,$ 3299.00,177
1538,09:30:02,$ 3299.00,2
1539,09:30:02,$ 3299.00,311
1540,09:30:02,$ 3299.00,22
1541,09:30:02,$ 3299.00,2
1542,09:30:02,$ 3299.00,25
1543,09:30:02,$ 3299.00,41
1544,09:30:02,$ 3299.00,1
1545,09:30:02,$ 3299.00,2
1546,09:30:02,$ 3299.00,88
1547,09:30:02,$ 3299.00,10
1548,09:30:02,$ 3299.00,4
1549,09:30:02,$ 3299.00,25
1550,09:30:02,$ 3299.00,2
1551,09:30:02,$ 3299.00,3
1552,09:30:02,$ 3299.00,117
1553,09:30:02,$ 3299.00,14
1555,09:30:02,$ 3299.00,3
1556,09:30:02,$ 3299.00,15
1557,09:30:02,$ 3299.00,12
1558,09:30:02,$ 3299.00,2
1559,09:30:02,$ 3299.00,15
1560,09:30:02,$ 3299.00,30
1561,09:30:02,$ 3299.00,13
1562,09:30:02,$ 3299.00,16
1563,09:30:02,$ 3299.00,5
1564,09:30:02,$ 3299.00,5
1565,09:30:02,$ 3299.00,1
1566,09:30:02,$ 3299.00,26
1567,09:30:02,$ 3299.00,7
1568,09:30:02,$ 3299.00,10
1569,09:30:02,$ 3299.00,6
1570,09:30:02,$ 3299.00,1
1571,09:30:02,$ 3299.00,1
1572,09:30:02,$ 3299.00,23
1573,09:30:02,$ 3299.00,1
1574,09:30:02,$ 3299.00,1
1576,09:30:02,$ 3299.00,50
1577,09:30:02,$ 3299.00,1
1578,09:30:02,$ 3299.00,40
1579,09:30:02,$ 3299.00,5
1580,09:30:02,$ 3299.00,1
1581,09:30:02,$ 3299.00,2
1582,09:30:02,$ 3299.00,4
1583,09:30:02,$ 3299.00,9
1584,09:30:02,$ 3299.00,1
1585,09:30:02,$ 3299.00,287
1586,09:30:02,$ 3299.00,48
1587,09:30:02,$ 3299.00,1
1588,09:30:02,$ 3299.00,3
1589,09:30:02,$ 3299.00,8
1590,09:30:02,$ 3299.00,160
1591,09:30:02,$ 3299.00,160
1592,09:30:02,$ 3299.00,1
1593,09:30:02,$ 3299.00,10
1594,09:30:02,$ 3299.00,33
1595,09:30:02,$ 3299.00,4
1597,09:30:02,$ 3299.00,3
1598,09:30:02,$ 3299.00,2
1599,09:30:02,$ 3299.00,5
1600,09:30:02,$ 3299.00,6
1601,09:30:02,$ 3299.00,1
1602,09:30:02,$ 3299.00,3
1603,09:30:02,$ 3299.00,1
1604,09:30:02,$ 3299.00,6
1605,09:30:02,$ 3299.00,1
1606,09:30:02,$ 3299.00,1
1607,09:30:02,$ 3299.00,1
1608,09:30:02,$ 3299.00,10
1609,09:30:02,$ 3299.00,2
1610,09:30:02,$ 3299.00,1
1611,09:30:02,$ 3299.00,1
1612,09:30:02,$ 3299.00,2
1613,09:30:02,$ 3299.00,1
1614,09:30:02,$ 3299.00,3
1615,09:30:02,$ 3299.00,5
1616,09:30:02,$ 3299.00,1
1618,09:30:02,$ 3299.00,3
1619,09:30:02,$ 3299.00,1
1620,09:30:02,$ 3299.00,1
1621,09:30:02,$ 3299.00,1
1622,09:30:02,$ 3299.00,1
1623,09:30:02,$ 3299.00,10
1624,09:30:02,$ 3299.00,1
1625,09:30:02,$ 3299.00,15
1626,09:30:02,$ 3299.00,8
1627,09:30:02,$ 3299.00,4
1628,09:30:02,$ 3299.00,2
1629,09:30:02,$ 3299.00,10
1630,09:30:02,$ 3299.00,1
1631,09:30:02,$ 3299.00,1
1632,09:30:02,$ 3299.00,7
1633,09:30:02,$ 3299.00,1
1634,09:30:02,$ 3299.00,5
1635,09:30:02,$ 3299.00,10
1636,09:30:02,$ 3299.00,1
1637,09:30:02,$ 3299.00,1
1639,09:30:02,$ 3299.00,1
1640,09:30:02,$ 3299.00,1
1641,09:30:02,$ 3299.00,10
1642,09:30:02,$ 3299.00,15
1643,09:30:02,$ 3299.00,1
1644,09:30:02,$ 3299.00,2
1645,09:30:02,$ 3299.00,4
1646,09:30:02,$ 3299.00,2
1647,09:30:02,$ 3299.00,7
1648,09:30:02,$ 3299.00,1
1649,09:30:02,$ 3299.00,13
1650,09:30:02,$ 3299.00,10
1651,09:30:02,$ 3299.00,18
1652,09:30:02,$ 3299.00,1
1653,09:30:02,$ 3299.00,3
1654,09:30:02,$ 3299.00,2
1655,09:30:02,$ 3299.00,2
1656,09:30:02,$ 3299.00,1
1657,09:30:02,$ 3299.00,45
1658,09:30:02,$ 3299.00,5
1660,09:30:02,$ 3299.00,3
1661,09:30:02,$ 3299.00,15
1662,09:30:02,$ 3299.00,4
1663,09:30:02,$ 3299.00,3
1664,09:30:02,$ 3299.00,6
1665,09:30:02,$ 3299.00,15
1666,09:30:02,$ 3299.00,1
1667,09:30:02,$ 3299.00,1
1668,09:30:02,$ 3299.00,2
1669,09:30:02,$ 3299.00,4
1670,09:30:02,$ 3299.00,58
1671,09:30:02,$ 3299.00,3
1672,09:30:02,$ 3299.00,10
1673,09:30:02,$ 3299.00,1
1674,09:30:02,$ 3299.00,1
1675,09:30:02,$ 3299.00,1
1676,09:30:02,$ 3299.00,2
1677,09:30:02,$ 3299.00,8
1678,09:30:02,$ 3299.00,3
1679,09:30:02,$ 3299.00,7
1681,09:30:02,$ 3299.00,2
1682,09:30:02,$ 3299.00,9
1683,09:30:02,$ 3299.00,4
1684,09:30:02,$ 3299.00,12
1685,09:30:02,$ 3299.00,10
1686,09:30:02,$ 3299.00,3
1687,09:30:02,$ 3299.00,5
1688,09:30:02,$ 3299.00,300
1689,09:30:02,$ 3299.00,8
1690,09:30:02,$ 3299.00,1
1691,09:30:02,$ 3299.00,15
1692,09:30:02,$ 3299.00,40
1693,09:30:02,$ 3299.00,10
1694,09:30:02,$ 3299.00,2
1695,09:30:02,$ 3299.00,10
1696,09:30:02,$ 3299.00,21
1697,09:30:02,$ 3299.00,3
1698,09:30:02,$ 3299.00,5
1699,09:30:02,$ 3299.00,20
1700,09:30:02,$ 3299.00,27
1702,09:30:02,$ 3299.00,15
1703,09:30:02,$ 3299.00,110
1704,09:30:02,$ 3299.00,15
1705,09:30:02,$ 3299.00,5
1706,09:30:02,$ 3299.00,9
1707,09:30:02,$ 3299.00,50
1708,09:30:02,$ 3299.00,30
1709,09:30:02,$ 3299.00,15
1710,09:30:02,$ 3299.00,2
1711,09:30:02,$ 3299.00,1
1712,09:30:02,$ 3299.00,1
1713,09:30:02,$ 3299.00,1
1714,09:30:02,$ 3299.00,5
1715,09:30:02,$ 3299.00,2
1716,09:30:02,$ 3299.00,1
1717,09:30:02,$ 3299.00,1
1718,09:30:02,$ 3299.00,2
1719,09:30:02,$ 3299.00,1
1720,09:30:02,$ 3299.00,2
1721,09:30:02,$ 3299.00,1
1723,09:30:02,$ 3299.00,2
1724,09:30:02,$ 3299.00,1
1725,09:30:02,$ 3299.00,1
1726,09:30:02,$ 3299.00,1
1727,09:30:02,$ 3299.00,1
1728,09:30:02,$ 3299.00,1
1729,09:30:02,$ 3299.00,1
1730,09:30:02,$ 3299.00,2
1731,09:30:02,$ 3299.00,18
1732,09:30:02,$ 3299.00,1
1733,09:30:02,$ 3299.00,100
1734,09:30:02,$ 3299.00,1
1735,09:30:02,$ 3299.00,3
1736,09:30:02,$ 3299.00,2
1737,09:30:02,$ 3299.00,4
1738,09:30:02,$ 3299.00,1
1739,09:30:02,$ 3299.00,2
1740,09:30:02,$ 3299.00,1
1741,09:30:02,$ 3299.00,3
1742,09:30:02,$ 3299.00,7
1744,09:30:02,$ 3299.00,1
1745,09:30:02,$ 3299.00,1
1746,09:30:02,$ 3299.00,1
1747,09:30:02,$ 3299.00,1
1748,09:30:02,$ 3299.00,3
1749,09:30:02,$ 3299.00,10
1750,09:30:02,$ 3299.00,2
1751,09:30:02,$ 3299.00,200
1752,09:30:02,$ 3299.00,1
1753,09:30:02,$ 3299.00,1
1754,09:30:02,$ 3299.00,4
1755,09:30:02,$ 3299.00,2
1756,09:30:02,$ 3299.00,1
1757,09:30:02,$ 3299.00,5
1758,09:30:02,$ 3299.00,1
1759,09:30:02,$ 3299.00,1
1760,09:30:02,$ 3299.00,1
1761,09:30:02,$ 3299.00,1
1762,09:30:02,$ 3299.00,9
1763,09:30:02,$ 3299.00,30
1765,09:30:02,$ 3299.00,5
1766,09:30:02,$ 3299.00,2
1767,09:30:02,$ 3299.00,1
1768,09:30:02,$ 3299.00,5
1769,09:30:02,$ 3299.00,2
1770,09:30:02,$ 3299.00,1
1771,09:30:02,$ 3299.00,4
1772,09:30:02,$ 3299.00,2
1773,09:30:02,$ 3299.00,13
1774,09:30:02,$ 3299.00,15
1775,09:30:02,$ 3299.00,4
1776,09:30:02,$ 3299.00,3
1777,09:30:02,$ 3299.00,1
1778,09:30:02,$ 3299.00,4
1779,09:30:02,$ 3299.00,2
1780,09:30:02,$ 3299.00,13
1781,09:30:02,$ 3299.00,1
1782,09:30:02,$ 3299.00,10
1783,09:30:02,$ 3299.00,5
1784,09:30:02,$ 3299.00,1
1786,09:30:02,$ 3299.00,2
1787,09:30:02,$ 3299.00,4
1788,09:30:02,$ 3299.00,3
1789,09:30:02,$ 3299.00,5
1790,09:30:02,$ 3299.00,10
1791,09:30:02,$ 3299.00,1
1792,09:30:02,$ 3299.00,10
1793,09:30:02,$ 3299.00,17
1794,09:30:02,$ 3299.00,13
1795,09:30:02,$ 3299.00,2
1796,09:30:02,$ 3299.00,1
1797,09:30:02,$ 3299.00,1
1798,09:30:02,$ 3299.00,1
1799,09:30:02,$ 3299.00,1
1800,09:30:02,$ 3299.00,1
1801,09:30:02,$ 3299.00,1
1802,09:30:02,$ 3299.00,9
1803,09:30:02,$ 3299.00,1
1804,09:30:02,$ 3299.00,1
1805,09:30:02,$ 3299.00,2
1807,09:30:02,$ 3299.00,2
1808,09:30:02,$ 3299.00,5
1809,09:30:02,$ 3299.00,1
1810,09:30:02,$ 3299.00,1
1811,09:30:02,$ 3299.00,1
1812,09:30:02,$ 3299.00,1
1813,09:30:02,$ 3299.00,1
1814,09:30:02,$ 3299.00,1
1815,09:30:02,$ 3299.00,1
1816,09:30:02,$ 3299.00,1
1817,09:30:02,$ 3299.00,1
1818,09:30:02,$ 3299.00,1
1819,09:30:02,$ 3299.00,1
1820,09:30:02,$ 3299.00,3
1821,09:30:02,$ 3299.00,5
1822,09:30:02,$ 3299.00,14
1823,09:30:02,$ 3299.00,7
1824,09:30:02,$ 3299.00,16
1825,09:30:02,$ 3299.00,9
1826,09:30:02,$ 3299.00,4
1828,09:30:02,$ 3299.00,1
1829,09:30:02,$ 3299.00,2
1830,09:30:02,$ 3299.00,5
1831,09:30:02,$ 3299.00,3
1832,09:30:02,$ 3299.00,1
1833,09:30:02,$ 3299.00,1
1834,09:30:02,$ 3299.00,1
1835,09:30:02,$ 3299.00,6
1836,09:30:02,$ 3299.00,1
1837,09:30:02,$ 3299.00,1
1838,09:30:02,$ 3299.00,3
1839,09:30:02,$ 3299.00,2
1840,09:30:02,$ 3299.00,10
1841,09:30:02,$ 3299.00,2
1842,09:30:02,$ 3299.00,1
1843,09:30:02,$ 3299.00,1
1844,09:30:02,$ 3299.00,16
1845,09:30:02,$ 3299.00,22
1846,09:30:02,$ 3299.00,1
1847,09:30:02,$ 3299.00,1
1849,09:30:02,$ 3299.00,5
1850,09:30:02,$ 3299.00,3
1851,09:30:02,$ 3299.00,10
1852,09:30:02,$ 3299.00,1
1853,09:30:02,$ 3299.00,1
1854,09:30:02,$ 3299.00,1
1855,09:30:02,$ 3299.00,1
1856,09:30:02,$ 3299.00,1
1857,09:30:02,$ 3299.00,1
1858,09:30:02,$ 3299.00,1
1859,09:30:02,$ 3299.00,1
1860,09:30:02,$ 3299.00,4
1861,09:30:02,$ 3299.00,10
1862,09:30:02,$ 3299.00,425
1863,09:30:02,$ 3299.00,1
1864,09:30:02,$ 3299.00,1
1865,09:30:02,$ 3299.00,10
1866,09:30:02,$ 3299.00,2
1867,09:30:02,$ 3299.00,30
1868,09:30:02,$ 3299.00,1
1870,09:30:02,$ 3299.00,1
1871,09:30:02,$ 3299.00,1
1872,09:30:02,$ 3299.00,1
1873,09:30:02,$ 3299.00,1
1874,09:30:02,$ 3299.00,1
1875,09:30:02,$ 3299.00,7
1876,09:30:02,$ 3299.00,3
1877,09:30:02,$ 3299.00,181
1878,09:30:02,$ 3299.00,50
1879,09:30:02,$ 3299.00,1
1880,09:30:02,$ 3299.00,1
1881,09:30:02,$ 3299.00,2
1882,09:30:02,$ 3299.00,11
1883,09:30:02,$ 3299.00,2
1884,09:30:02,$ 3299.00,3
1885,09:30:02,$ 3299.00,4
1886,09:30:02,$ 3299.00,3
1887,09:30:02,$ 3299.00,6
1888,09:30:02,$ 3299.00,3
1889,09:30:02,$ 3299.00,3
1891,09:30:02,$ 3299.00,2
1892,09:30:02,$ 3299.00,4
1893,09:30:02,$ 3299.00,5
1894,09:30:02,$ 3299.00,7
1895,09:30:02,$ 3299.00,4
1896,09:30:02,$ 3299.00,1
1897,09:30:02,$ 3299.00,4
1898,09:30:02,$ 3299.00,2
1899,09:30:02,$ 3299.00,3
1900,09:30:02,$ 3299.00,2
1901,09:30:02,$ 3299.00,2
1902,09:30:02,$ 3299.00,7
1903,09:30:02,$ 3299.00,2
1904,09:30:02,$ 3299.00,1
1905,09:30:02,$ 3299.00,2
1906,09:30:02,$ 3299.00,28
1907,09:30:02,$ 3299.00,22
1908,09:30:02,$ 3299.00,2
1909,09:30:02,$ 3299.00,8
1910,09:30:02,$ 3299.00,5
1912,09:30:02,$ 3299.00,1
1913,09:30:02,$ 3299.00,5
1914,09:30:02,$ 3299.00,2
1915,09:30:02,$ 3299.00,6
1916,09:30:02,$ 3299.00,4
1917,09:30:02,$ 3299.00,2
1918,09:30:02,$ 3299.00,1
1919,09:30:02,$ 3299.00,6
1920,09:30:02,$ 3299.00,3
1921,09:30:02,$ 3299.00,28
1922,09:30:02,$ 3299.00,1
1923,09:30:02,$ 3299.00,50
1924,09:30:02,$ 3299.00,1
1925,09:30:02,$ 3299.00,3
1926,09:30:02,$ 3299.00,1
1927,09:30:02,$ 3299.00,13
1928,09:30:02,$ 3299.00,1
1929,09:30:02,$ 3299.00,1
1930,09:30:02,$ 3299.00,2
1931,09:30:02,$ 3299.00,1
1933,09:30:02,$ 3299.00,10
1934,09:30:02,$ 3299.00,3
1935,09:30:02,$ 3299.00,4
1936,09:30:02,$ 3299.00,1
1937,09:30:02,$ 3299.00,1
1938,09:30:02,$ 3299.00,6
1939,09:30:02,$ 3299.00,3
1940,09:30:02,$ 3299.00,1
1941,09:30:02,$ 3299.00,100
1942,09:30:02,$ 3299.00,3
1943,09:30:02,$ 3299.00,8
1944,09:30:02,$ 3299.00,19
1945,09:30:02,$ 3299.00,193
1946,09:30:02,$ 3299.00,2
1947,09:30:02,$ 3299.00,60
1948,09:30:02,$ 3299.00,62
1949,09:30:02,$ 3299.00,30
1950,09:30:02,$ 3299.00,25
1951,09:30:02,$ 3299.00,8
1952,09:30:02,$ 3299.00,3
1954,09:30:02,$ 3299.00,9
1955,09:30:02,$ 3299.00,8
1956,09:30:02,$ 3299.00,123
1957,09:30:02,$ 3299.00,1
1958,09:30:02,$ 3299.00,2
1959,09:30:02,$ 3299.00,30
1960,09:30:02,$ 3299.00,10
1961,09:30:02,$ 3299.00,1
1962,09:30:02,$ 3299.00,2
1963,09:30:02,$ 3299.00,5
1964,09:30:02,$ 3299.00,1
1965,09:30:02,$ 3299.00,3
1966,09:30:02,$ 3299.00,1
1967,09:30:02,$ 3299.00,1
1968,09:30:02,$ 3299.00,17
1969,09:30:02,$ 3299.00,1
1970,09:30:02,$ 3299.00,2
1971,09:30:02,$ 3299.00,2
1972,09:30:02,$ 3299.00,2
1973,09:30:02,$ 3299.00,1
1975,09:30:02,$ 3299.00,10
1976,09:30:02,$ 3299.00,1
1977,09:30:02,$ 3299.00,2
1978,09:30:02,$ 3299.00,20
1979,09:30:02,$ 3299.00,1
1980,09:30:02,$ 3299.00,4
1981,09:30:02,$ 3299.00,1
1982,09:30:02,$ 3299.00,29
1983,09:30:02,$ 3299.00,23
1984,09:30:02,$ 3299.00,20
1985,09:30:02,$ 3299.00,15
1986,09:30:02,$ 3299.00,10
1987,09:30:02,$ 3299.00,10
1988,09:30:02,$ 3299.00,10
1989,09:30:02,$ 3299.00,8
1990,09:30:02,$ 3299.00,3
1991,09:30:02,$ 3299.00,3
1992,09:30:02,$ 3299.00,10
1993,09:30:02,$ 3299.00,5
1994,09:30:02,$ 3299.00,13
1996,09:30:02,$ 3299.00,30
1997,09:30:02,$ 3299.00,3
1998,09:30:02,$ 3299.00,2
1999,09:30:02,$ 3299.00,15
2000,09:30:02,$ 3299.00,3
2001,09:30:02,$ 3299.00,1
2002,09:30:02,$ 3299.00,25
2003,09:30:02,$ 3299.00,4
2004,09:30:02,$ 3299.00,14
2005,09:30:02,$ 3299.00,15
2006,09:30:02,$ 3299.00,4
2007,09:30:02,$ 3299.00,1
2008,09:30:02,$ 3299.00,239
2009,09:30:02,$ 3299.00,1
2010,09:30:02,$ 3299.00,1
2011,09:30:02,$ 3299.00,1
2012,09:30:02,$ 3299.00,2
2013,09:30:02,$ 3299.00,17
2014,09:30:02,$ 3299.00,17
2015,09:30:02,$ 3299.00,20
2017,09:30:02,$ 3299.00,20
2018,09:30:02,$ 3299.00,2
2019,09:30:02,$ 3299.00,8
2020,09:30:02,$ 3299.00,1
2021,09:30:02,$ 3299.00,196
2022,09:30:02,$ 3299.00,1
2023,09:30:02,$ 3299.00,7
2024,09:30:02,$ 3299.00,2
2025,09:30:02,$ 3299.00,3
2026,09:30:02,$ 3299.00,1
2027,09:30:02,$ 3299.00,2
2028,09:30:02,$ 3299.00,1
2029,09:30:02,$ 3299.00,2
2030,09:30:02,$ 3299.00,2
2031,09:30:02,$ 3299.00,10
2032,09:30:02,$ 3299.00,5
2033,09:30:02,$ 3299.00,1
2034,09:30:02,$ 3299.00,16
2035,09:30:02,$ 3299.00,1
2036,09:30:02,$ 3299.00,7
2038,09:30:02,$ 3299.00,33
2039,09:30:02,$ 3299.00,1
2040,09:30:02,$ 3299.00,15
2041,09:30:02,$ 3299.00,1
2042,09:30:02,$ 3299.00,1
2043,09:30:02,$ 3299.00,10
2044,09:30:02,$ 3299.00,19
2045,09:30:02,$ 3299.00,10
2046,09:30:02,$ 3299.00,6
2047,09:30:02,$ 3299.00,10
2048,09:30:02,$ 3299.00,3
2049,09:30:02,$ 3299.00,13
2050,09:30:02,$ 3299.00,90
2051,09:30:02,$ 3299.00,3
2052,09:30:02,$ 3299.00,20
2053,09:30:02,$ 3299.00,10
2054,09:30:02,$ 3299.00,1
2055,09:30:02,$ 3299.00,1
2056,09:30:02,$ 3299.00,35
2057,09:30:02,$ 3299.00,19
2059,09:30:02,$ 3299.00,14
2060,09:30:02,$ 3299.01,340
2061,09:30:00,$ 3298.00,177
2062,09:30:00,$ 3299.00,51
2064,10:29:57,$ 3305.496,250
2065,10:29:53,$ 3306.38,100
2066,10:29:37,$ 3307.26,150
2067,10:29:32,$ 3307.245,100
2068,10:29:28,$ 3307.00,190
2069,10:28:52,$ 3305.00,200
2070,10:28:52,$ 3305.62,100
2071,10:28:52,$ 3305.14,100
2072,10:28:45,$ 3305.13,148
2073,10:28:41,$ 3304.82,100
2074,10:28:35,$ 3304.0805,100
2075,10:28:08,$ 3304.80,100
2076,10:28:08,$ 3304.80,100
2077,10:28:08,$ 3304.79,100
2078,10:28:08,$ 3304.48,100
2079,10:28:05,$ 3303.575,300
2080,10:27:53,$ 3305.4078,100
2081,10:27:51,$ 3303.82,100
2082,10:27:51,$ 3305.13,100
2083,10:27:47,$ 3307.45,500
2085,10:27:44,$ 3305.40,100
2086,10:27:44,$ 3305.44,100
2087,10:27:44,$ 3305.28,200
2088,10:27:43,$ 3304.49,100
2089,10:27:43,$ 3304.49,100
2090,10:27:42,$ 3305.00,110
2091,10:27:28,$ 3304.13,200
2092,10:27:28,$ 3303.53,100
2093,10:27:28,$ 3303.53,100
2094,10:27:28,$ 3303.47,100
2095,10:27:28,$ 3303.78,100
2096,10:27:27,$ 3303.53,124
2097,10:27:26,$ 3304.00,100
2098,10:27:26,$ 3303.81,100
2099,10:27:26,$ 3303.81,100
2100,10:27:21,$ 3302.24,100
2101,10:27:06,$ 3302.50,100
2102,10:27:06,$ 3302.50,115
2103,10:27:06,$ 3302.50,100
2104,10:27:06,$ 3302.50,198
2106,10:27:06,$ 3302.50,198
2107,10:27:06,$ 3302.50,100
2108,10:27:06,$ 3302.07,100
2109,10:27:06,$ 3302.09,100
2110,10:27:03,$ 3300.9051,200
2111,10:27:00,$ 3302.15,100
2112,10:27:00,$ 3302.16,300
2113,10:27:00,$ 3302.00,100
2114,10:26:58,$ 3302.50,100
2115,10:26:54,$ 3302.67,100
2116,10:26:54,$ 3302.58,100
2117,10:26:53,$ 3302.92,181
2118,10:26:50,$ 3303.29,100
2119,10:26:47,$ 3303.53,100
2120,10:26:45,$ 3303.5901,100
2121,10:26:44,$ 3304.20,100
2122,10:26:44,$ 3304.26,100
2123,10:26:44,$ 3304.07,100
2124,10:26:33,$ 3303.00,107
2125,10:26:32,$ 3303.45,100
2127,10:26:28,$ 3303.33,100
2128,10:26:28,$ 3303.33,100
2129,10:26:28,$ 3305.1799,100
2130,10:26:27,$ 3304.17,100
2131,10:26:24,$ 3304.1701,400
2132,10:26:24,$ 3304.17,100
2133,10:26:15,$ 3305.71,200
2134,10:26:14,$ 3305.74,100
2135,10:26:14,$ 3305.71,100
2136,10:26:14,$ 3305.93,100
2137,10:26:14,$ 3305.47,100
2138,10:26:14,$ 3305.42,100
2139,10:26:12,$ 3306.00,"2,340"
2140,10:26:10,$ 3307.6399,100
2141,10:26:10,$ 3306.24,100
2142,10:26:05,$ 3304.32,100
2143,10:26:05,$ 3304.32,111
2144,10:26:04,$ 3305.70,100
2145,10:26:02,$ 3305.87,100
2146,10:25:55,$ 3308.20,152
2148,10:25:55,$ 3308.00,475
2149,10:25:55,$ 3307.75,100
2150,10:25:53,$ 3309.4199,133
2151,10:25:52,$ 3308.5948,100
2152,10:25:44,$ 3308.20,100
2153,10:25:37,$ 3309.96,100
2154,10:25:37,$ 3309.77,300
2155,10:25:37,$ 3309.77,100
2156,10:25:37,$ 3309.96,100
2157,10:25:30,$ 3309.725,100
2158,10:25:29,$ 3309.39,100
2159,10:25:29,$ 3309.39,100
2160,10:25:23,$ 3308.291,100
2161,10:25:22,$ 3308.38,100
2162,10:25:05,$ 3310.30,100
2163,10:25:05,$ 3310.29,100
2164,10:25:05,$ 3310.34,100
2165,10:25:02,$ 3310.103,100
2166,10:24:54,$ 3310.8553,100
2167,10:24:20,$ 3309.89,289
2169,10:24:20,$ 3310.435,200
2170,10:24:18,$ 3309.1901,"1,000"
2171,10:24:10,$ 3309.955,100
2172,10:24:03,$ 3311.25,100
2173,10:24:03,$ 3311.31,100
2174,10:24:03,$ 3311.33,100
2175,10:24:03,$ 3311.31,100
2176,10:24:03,$ 3310.77,100
2177,10:24:02,$ 3312.1999,191
2178,10:23:53,$ 3312.6752,100
2179,10:23:30,$ 3313.3799,100
2180,10:23:30,$ 3313.25,100
2181,10:23:20,$ 3313.8399,200
2182,10:23:14,$ 3313.00,200
2183,10:22:36,$ 3311.79,100
2184,10:22:36,$ 3311.84,100
2185,10:22:35,$ 3311.50,100
2186,10:22:35,$ 3311.51,100
2187,10:22:12,$ 3312.08,100
2188,10:21:20,$ 3312.52,150
2190,10:21:17,$ 3313.38,100
2191,10:21:00,$ 3315.3548,129
2192,10:20:27,$ 3315.295,100
2193,10:20:21,$ 3315.53,100
2194,10:20:17,$ 3315.37,100
2195,10:19:54,$ 3315.96,100
2196,10:19:51,$ 3315.955,100
2197,10:19:35,$ 3316.25,100
2198,10:19:35,$ 3316.01,100
2199,10:19:34,$ 3316.00,100
2200,10:19:33,$ 3316.20,102
2201,10:19:18,$ 3315.79,100
2202,10:19:14,$ 3315.65,100
2203,10:19:14,$ 3315.65,100
2204,10:19:14,$ 3315.99,400
2205,10:19:14,$ 3315.65,100
2206,10:19:14,$ 3315.82,100
2207,10:19:14,$ 3315.31,100
2208,10:19:07,$ 3315.265,100
2209,10:19:06,$ 3314.78,100
2211,10:19:06,$ 3315.23,100
2212,10:18:48,$ 3314.75,100
2213,10:18:07,$ 3314.295,200
2214,10:18:03,$ 3313.6384,250
2215,10:17:52,$ 3313.2478,100
2216,10:17:51,$ 3313.2489,100
2217,10:17:31,$ 3314.585,100
2218,10:17:27,$ 3315.35,100
2219,10:17:22,$ 3315.09,100
2220,10:17:16,$ 3315.5285,126
2221,10:17:08,$ 3315.44,100
2222,10:17:08,$ 3315.00,400
2223,10:17:07,$ 3314.645,200
2224,10:17:06,$ 3314.645,200
2225,10:16:41,$ 3314.91,100
2226,10:16:41,$ 3314.7427,200
2227,10:16:37,$ 3313.95,100
2228,10:16:37,$ 3314.00,100
2229,10:16:33,$ 3313.87,100
2230,10:16:30,$ 3312.40,200
2232,10:16:28,$ 3312.6301,375
2233,10:16:26,$ 3314.00,100
2234,10:16:26,$ 3314.00,100
2235,10:16:25,$ 3312.71,100
2236,10:16:23,$ 3312.41,100
2237,10:16:23,$ 3311.58,100
2238,10:16:22,$ 3312.71,100
2239,10:16:21,$ 3312.71,100
2240,10:16:21,$ 3312.025,475
2241,10:16:19,$ 3312.025,350
2242,10:16:17,$ 3312.71,100
2243,10:16:10,$ 3312.025,200
2244,10:16:05,$ 3311.965,100
2245,10:16:04,$ 3311.78,100
2246,10:16:04,$ 3311.03,100
2247,10:16:01,$ 3311.33,525
2248,10:15:21,$ 3311.78,100
2249,10:15:21,$ 3312.88,100
2250,10:15:09,$ 3313.535,100
2251,10:15:08,$ 3313.705,200
2253,10:15:05,$ 3314.14,100
2254,10:14:51,$ 3314.93,100
2255,10:14:47,$ 3314.555,100
2256,10:14:34,$ 3314.9648,300
2257,10:14:25,$ 3315.00,100
2258,10:14:20,$ 3314.50,100
2259,10:14:07,$ 3314.93,200
2260,10:14:02,$ 3316.0013,128
2261,10:13:55,$ 3315.67,100
2262,10:13:47,$ 3315.95,100
2263,10:13:39,$ 3315.51,100
2264,10:13:39,$ 3315.69,100
2265,10:13:39,$ 3315.68,100
2266,10:13:34,$ 3316.12,100
2267,10:13:31,$ 3316.96,100
2268,10:13:25,$ 3316.41,227
2269,10:13:23,$ 3316.355,200
2270,10:13:23,$ 3316.00,120
2271,10:13:23,$ 3316.00,100
2272,10:13:23,$ 3315.69,100
2274,10:13:22,$ 3315.68,100
2275,10:13:22,$ 3315.56,100
2276,10:13:22,$ 3314.745,100
2277,10:13:20,$ 3315.02,100
2278,10:13:18,$ 3314.9403,100
2279,10:13:17,$ 3315.01,100
2280,10:13:17,$ 3315.01,181
2281,10:13:16,$ 3315.01,100
2282,10:13:16,$ 3315.00,119
2283,10:13:15,$ 3315.01,100
2284,10:13:15,$ 3315.01,125
2285,10:13:15,$ 3315.01,100
2286,10:13:15,$ 3315.01,100
2287,10:13:15,$ 3315.02,100
2288,10:13:13,$ 3315.01,175
2289,10:12:56,$ 3314.00,175
2290,10:12:18,$ 3312.725,100
2291,10:12:17,$ 3312.505,200
2292,10:11:49,$ 3311.89,100
2293,10:11:44,$ 3311.835,100
2295,10:11:43,$ 3312.02,100
2296,10:11:43,$ 3311.76,100
2297,10:11:43,$ 3311.74,100
2298,10:11:31,$ 3312.42,100
2299,10:11:29,$ 3312.28,100
2300,10:10:59,$ 3312.99,100
2301,10:10:58,$ 3313.00,100
2302,10:10:56,$ 3312.99,100
2303,10:10:56,$ 3312.64,100
2304,10:10:54,$ 3312.97,100
2305,10:10:52,$ 3313.00,100
2306,10:10:42,$ 3313.099,100
2307,10:10:41,$ 3312.96,200
2308,10:10:15,$ 3313.18,100
2309,10:10:15,$ 3313.69,100
2310,10:09:59,$ 3313.77,100
2311,10:09:57,$ 3313.7943,100
2312,10:09:52,$ 3313.84,100
2313,10:09:52,$ 3314.00,210
2314,10:09:50,$ 3313.60,100
2316,10:09:50,$ 3313.64,100
2317,10:09:50,$ 3313.64,100
2318,10:09:50,$ 3312.30,100
2319,10:09:25,$ 3312.42,100
2320,10:09:19,$ 3312.64,100
2321,10:08:57,$ 3312.62,100
2322,10:08:57,$ 3312.49,100
2323,10:08:57,$ 3312.49,100
2324,10:08:57,$ 3312.50,100
2325,10:08:57,$ 3311.73,113
2326,10:08:57,$ 3311.882,100
2327,10:08:57,$ 3311.872,100
2328,10:08:57,$ 3311.82,100
2329,10:08:57,$ 3312.00,175
2330,10:08:57,$ 3312.00,111
2331,10:08:57,$ 3312.00,110
2332,10:08:57,$ 3312.00,110
2333,10:08:48,$ 3311.95,100
2334,10:08:47,$ 3311.56,100
2335,10:08:29,$ 3310.92,100
2337,10:08:24,$ 3310.31,100
2338,10:08:21,$ 3310.46,100
2339,10:08:21,$ 3310.44,100
2340,10:08:20,$ 3310.4601,100
2341,10:08:13,$ 3310.4401,100
2342,10:08:09,$ 3310.69,100
2343,10:08:09,$ 3311.07,100
2344,10:08:09,$ 3310.56,200
2345,10:08:03,$ 3311.43,100
2346,10:08:01,$ 3311.07,100
2347,10:08:01,$ 3311.07,100
2348,10:08:01,$ 3310.45,100
2349,10:08:01,$ 3310.70,300
2350,10:08:01,$ 3310.69,100
2351,10:08:01,$ 3311.00,100
2352,10:07:58,$ 3311.63,100
2353,10:07:54,$ 3311.715,100
2354,10:07:54,$ 3312.44,137
2355,10:07:37,$ 3312.18,100
2356,10:07:29,$ 3312.225,100
2358,10:07:29,$ 3311.725,100
2359,10:07:29,$ 3311.83,100
2360,10:07:29,$ 3311.71,100
2361,10:07:29,$ 3311.80,100
2362,10:07:29,$ 3311.85,100
2363,10:07:29,$ 3311.97,100
2364,10:07:13,$ 3312.18,100
2365,10:07:11,$ 3312.24,100
2366,10:07:07,$ 3313.22,100
2367,10:07:06,$ 3313.225,100
2368,10:07:02,$ 3313.19,100
2369,10:07:00,$ 3313.485,100
2370,10:06:55,$ 3313.125,100
2371,10:06:54,$ 3313.48,100
2372,10:06:48,$ 3312.1301,100
2373,10:06:41,$ 3312.88,100
2374,10:06:39,$ 3312.20,100
2375,10:06:26,$ 3311.76,100
2376,10:06:26,$ 3311.77,100
2377,10:06:26,$ 3311.71,300
2379,10:06:23,$ 3311.81,100
2380,10:06:23,$ 3310.76,100
2381,10:06:21,$ 3311.1593,300
2382,10:06:21,$ 3311.95,100
2383,10:06:21,$ 3311.91,100
2384,10:06:21,$ 3311.37,100
2385,10:06:21,$ 3311.00,198
2386,10:06:21,$ 3310.98,100
2387,10:06:21,$ 3311.00,200
2388,10:06:21,$ 3310.85,150
2389,10:06:21,$ 3310.67,100
2390,10:06:20,$ 3309.57,100
2391,10:06:20,$ 3309.99,100
2392,10:06:19,$ 3309.99,100
2393,10:06:19,$ 3309.555,100
2394,10:06:18,$ 3309.78,100
2395,10:06:13,$ 3309.245,100
2396,10:06:12,$ 3309.735,100
2397,10:06:09,$ 3309.50,100
2398,10:05:59,$ 3309.53,100
2400,10:05:49,$ 3308.60,500
2401,10:05:47,$ 3309.2353,100
2402,10:05:40,$ 3307.7301,100
2403,10:05:36,$ 3307.3801,300
2404,10:05:33,$ 3308.725,100
2405,10:05:33,$ 3307.63,100
2406,10:05:31,$ 3308.40,100
2407,10:05:31,$ 3308.40,100
2408,10:05:31,$ 3308.40,109
2409,10:05:29,$ 3308.815,100
2410,10:05:29,$ 3309.60,100
2411,10:05:24,$ 3308.629,100
2412,10:05:13,$ 3308.275,100
2413,10:05:13,$ 3307.6301,300
2414,10:05:10,$ 3308.29,100
2415,10:05:08,$ 3309.12,100
2416,10:05:08,$ 3308.437,150
2417,10:04:12,$ 3307.4614,302
2418,10:04:08,$ 3306.833,100
2419,10:04:08,$ 3306.00,100
2421,10:04:04,$ 3305.29,100
2422,10:03:56,$ 3305.49,100
2423,10:03:56,$ 3305.6455,475
2424,10:03:43,$ 3305.57,100
2425,10:03:43,$ 3304.87,100
2426,10:03:35,$ 3305.31,100
2427,10:03:35,$ 3305.28,100
2428,10:03:25,$ 3304.67,100
2429,10:02:27,$ 3303.8888,100
2430,10:02:24,$ 3304.82,100
2431,10:02:07,$ 3304.18,100
2432,10:01:41,$ 3304.97,100
2433,10:01:35,$ 3304.34,100
2434,10:01:28,$ 3304.35,100
2435,10:01:26,$ 3304.255,100
2436,10:01:24,$ 3305.0199,200
2437,10:01:20,$ 3303.475,178
2438,10:01:10,$ 3303.02,100
2439,10:01:08,$ 3303.1372,200
2440,10:00:58,$ 3303.85,200
2442,10:00:43,$ 3303.325,100
2443,10:00:42,$ 3302.70,102
2444,10:00:24,$ 3303.29,100
2445,10:00:24,$ 3303.29,100
2446,10:00:24,$ 3303.29,100
2447,10:00:03,$ 3303.38,100
2448,10:00:03,$ 3303.12,100
2450,10:59:59,$ 3311.00,100
2451,10:59:56,$ 3311.00,100
2452,10:59:56,$ 3311.00,100
2453,10:59:47,$ 3310.9999,100
2454,10:59:44,$ 3309.95,100
2455,10:59:43,$ 3311.00,100
2456,10:59:43,$ 3311.00,100
2457,10:59:43,$ 3311.00,100
2458,10:59:43,$ 3311.00,111
2459,10:59:43,$ 3311.98,100
2460,10:59:43,$ 3311.89,100
2461,10:59:43,$ 3311.93,100
2462,10:59:43,$ 3311.74,100
2463,10:59:43,$ 3311.89,100
2464,10:59:43,$ 3310.49,100
2465,10:59:38,$ 3309.99,807
2466,10:59:38,$ 3310.40,100
2467,10:59:37,$ 3309.835,100
2468,10:59:37,$ 3310.49,100
2469,10:59:37,$ 3310.49,100
2471,10:59:29,$ 3309.882,200
2472,10:59:17,$ 3309.8219,100
2473,10:58:57,$ 3310.7984,599
2474,10:58:51,$ 3309.00,100
2475,10:58:25,$ 3309.92,100
2476,10:58:05,$ 3309.163,128
2477,10:57:59,$ 3308.69,100
2478,10:57:45,$ 3307.2566,400
2479,10:57:14,$ 3309.595,100
2480,10:56:57,$ 3309.6436,100
2481,10:56:46,$ 3309.97,100
2482,10:56:44,$ 3307.4501,100
2483,10:56:43,$ 3309.04,100
2484,10:56:43,$ 3309.04,100
2485,10:56:43,$ 3309.25,100
2486,10:56:43,$ 3309.42,100
2487,10:56:43,$ 3309.36,100
2488,10:56:43,$ 3309.42,100
2489,10:56:38,$ 3310.49,100
2490,10:56:33,$ 3310.1645,100
2492,10:56:32,$ 3309.455,100
2493,10:56:19,$ 3310.91,100
2494,10:56:19,$ 3310.51,100
2495,10:56:10,$ 3311.165,100
2496,10:56:09,$ 3310.91,100
2497,10:55:40,$ 3309.97,100
2498,10:55:40,$ 3309.98,100
2499,10:55:40,$ 3309.98,100
2500,10:54:34,$ 3308.47,100
2501,10:54:21,$ 3308.52,100
2502,10:54:11,$ 3309.20,100
2503,10:53:43,$ 3308.90,100
2504,10:53:43,$ 3308.91,100
2505,10:53:34,$ 3308.84,100
2506,10:53:34,$ 3308.15,100
2507,10:52:56,$ 3310.25,103
2508,10:52:55,$ 3309.2275,100
2509,10:52:48,$ 3309.005,100
2510,10:52:35,$ 3309.195,140
2511,10:52:32,$ 3309.205,200
2513,10:52:27,$ 3308.68,357
2514,10:52:13,$ 3307.61,100
2515,10:52:13,$ 3307.61,100
2516,10:51:57,$ 3307.615,100
2517,10:51:52,$ 3307.15,100
2518,10:51:41,$ 3306.18,150
2519,10:51:40,$ 3307.1499,100
2520,10:51:26,$ 3305.455,100
2521,10:51:24,$ 3305.15,100
2522,10:51:24,$ 3305.15,100
2523,10:51:12,$ 3306.37,100
2524,10:51:07,$ 3306.00,100
2525,10:51:03,$ 3305.54,100
2526,10:51:03,$ 3305.43,100
2527,10:50:18,$ 3308.20,100
2528,10:50:13,$ 3308.545,100
2529,10:50:11,$ 3307.78,100
2530,10:50:11,$ 3307.78,100
2531,10:50:11,$ 3307.6422,100
2532,10:50:00,$ 3306.74,200
2534,10:49:10,$ 3305.665,300
2535,10:48:21,$ 3307.78,100
2536,10:48:18,$ 3307.47,100
2537,10:47:35,$ 3309.54,100
2538,10:47:28,$ 3309.84,100
2539,10:47:27,$ 3309.12,400
2540,10:47:05,$ 3309.275,198
2541,10:46:52,$ 3309.54,100
2542,10:46:52,$ 3310.13,100
2543,10:46:44,$ 3309.437,100
2544,10:46:42,$ 3310.27,103
2545,10:46:42,$ 3310.00,100
2546,10:46:42,$ 3310.00,290
2547,10:46:42,$ 3310.00,100
2548,10:46:33,$ 3309.10,197
2549,10:46:33,$ 3309.13,100
2550,10:46:33,$ 3309.10,100
2551,10:46:29,$ 3309.09,100
2552,10:46:20,$ 3309.72,100
2553,10:46:12,$ 3309.115,100
2555,10:46:07,$ 3309.6668,200
2556,10:46:07,$ 3309.7699,100
2557,10:45:49,$ 3308.34,100
2558,10:45:49,$ 3308.41,100
2559,10:45:49,$ 3308.35,100
2560,10:45:00,$ 3306.59,100
2561,10:44:57,$ 3307.1469,100
2562,10:44:35,$ 3305.6901,"1,000"
2563,10:44:29,$ 3305.4401,200
2564,10:44:24,$ 3306.79,105
2565,10:44:24,$ 3306.84,100
2566,10:44:24,$ 3306.79,100
2567,10:43:50,$ 3305.702,200
2568,10:43:48,$ 3306.34,100
2569,10:43:40,$ 3304.00,200
2570,10:43:37,$ 3303.20,100
2571,10:43:37,$ 3303.40,100
2572,10:43:33,$ 3304.12,200
2573,10:43:26,$ 3304.0001,100
2574,10:43:20,$ 3304.70,100
2576,10:43:20,$ 3304.64,100
2577,10:43:20,$ 3304.55,100
2578,10:43:16,$ 3305.99,100
2579,10:43:16,$ 3305.99,100
2580,10:43:05,$ 3306.00,100
2581,10:42:27,$ 3307.22,300
2582,10:42:23,$ 3307.895,152
2583,10:42:20,$ 3307.55,175
2584,10:42:20,$ 3307.55,100
2585,10:41:55,$ 3307.69,100
2586,10:41:55,$ 3307.48,100
2587,10:41:55,$ 3307.72,100
2588,10:41:55,$ 3307.70,100
2589,10:41:49,$ 3307.83,100
2590,10:41:43,$ 3308.7831,105
2591,10:41:36,$ 3308.06,192
2592,10:41:21,$ 3310.3899,100
2593,10:41:05,$ 3308.9934,200
2594,10:40:57,$ 3308.50,100
2595,10:40:50,$ 3307.065,100
2597,10:40:11,$ 3306.505,100
2598,10:40:08,$ 3306.40,100
2599,10:40:07,$ 3306.45,100
2600,10:40:03,$ 3307.34,100
2601,10:40:03,$ 3307.00,200
2602,10:40:03,$ 3307.12,100
2603,10:40:03,$ 3307.11,100
2604,10:40:03,$ 3307.68,100
2605,10:39:41,$ 3307.6543,100
2606,10:39:26,$ 3308.305,100
2607,10:39:17,$ 3309.48,100
2608,10:39:13,$ 3308.93,100
2609,10:39:01,$ 3308.45,100
2610,10:38:56,$ 3308.65,100
2611,10:38:48,$ 3308.84,100
2612,10:38:39,$ 3309.5702,155
2613,10:37:50,$ 3310.77,100
2614,10:37:38,$ 3309.88,100
2615,10:37:02,$ 3310.35,100
2616,10:36:58,$ 3309.97,100
2618,10:36:41,$ 3309.705,225
2619,10:36:21,$ 3310.51,100
2620,10:36:18,$ 3309.0701,300
2621,10:36:15,$ 3310.22,100
2622,10:35:50,$ 3313.99,394
2623,10:35:31,$ 3311.77,100
2624,10:35:25,$ 3311.00,100
2625,10:35:03,$ 3309.06,250
2626,10:34:54,$ 3309.44,100
2627,10:34:47,$ 3307.90,100
2628,10:34:25,$ 3309.23,100
2629,10:34:22,$ 3308.93,100
2630,10:34:22,$ 3308.87,100
2631,10:34:15,$ 3308.00,100
2632,10:34:15,$ 3308.04,100
2633,10:34:10,$ 3308.50,115
2634,10:33:48,$ 3309.975,100
2635,10:33:42,$ 3310.0653,100
2636,10:32:52,$ 3310.46,100
2637,10:32:38,$ 3310.46,100
2639,10:32:34,$ 3308.57,100
2640,10:32:34,$ 3310.9899,200
2641,10:32:12,$ 3309.03,100
2642,10:32:12,$ 3309.24,100
2643,10:31:57,$ 3309.3353,302
2644,10:31:27,$ 3309.7084,176
2645,10:31:24,$ 3309.20,100
2646,10:31:22,$ 3308.9101,200
2647,10:31:21,$ 3309.645,200
2648,10:31:14,$ 3309.66,100
2649,10:31:10,$ 3310.2426,200
2650,10:31:08,$ 3309.83,100
2651,10:30:47,$ 3307.57,105
2652,10:30:38,$ 3305.2211,100
2653,10:30:35,$ 3306.075,200
2654,10:30:15,$ 3306.19,100
2655,10:30:15,$ 3306.99,130
2657,11:29:54,$ 3327.205,100
2658,11:29:54,$ 3327.13,100
2659,11:29:54,$ 3327.205,100
2660,11:29:54,$ 3327.225,111
2661,11:29:46,$ 3327.3176,247
2662,11:29:41,$ 3327.205,300
2663,11:29:41,$ 3327.205,300
2664,11:29:38,$ 3327.27,240
2665,11:29:36,$ 3327.715,100
2666,11:29:35,$ 3326.61,100
2667,11:29:34,$ 3326.62,100
2668,11:29:34,$ 3326.62,100
2669,11:29:34,$ 3326.77,100
2670,11:29:31,$ 3327.293,500
2671,11:29:28,$ 3326.995,380
2672,11:29:22,$ 3326.00,100
2673,11:29:09,$ 3325.56,300
2674,11:29:00,$ 3325.965,100
2675,11:28:55,$ 3325.9299,100
2676,11:28:55,$ 3325.9299,100
2678,11:28:54,$ 3324.3638,300
2679,11:28:51,$ 3324.975,100
2680,11:28:48,$ 3324.99,100
2681,11:28:45,$ 3324.97,100
2682,11:28:45,$ 3324.965,100
2683,11:28:43,$ 3324.32,100
2684,11:28:43,$ 3324.32,150
2685,11:28:43,$ 3324.97,100
2686,11:28:41,$ 3324.975,100
2687,11:28:38,$ 3324.91,100
2688,11:28:37,$ 3324.93,100
2689,11:28:37,$ 3324.92,100
2690,11:28:34,$ 3324.57,100
2691,11:28:33,$ 3324.135,100
2692,11:28:31,$ 3324.545,100
2693,11:28:30,$ 3324.56,100
2694,11:28:30,$ 3324.545,100
2695,11:28:17,$ 3323.9978,100
2696,11:28:14,$ 3324.63,100
2697,11:28:13,$ 3324.41,100
2699,11:27:57,$ 3324.23,230
2700,11:27:54,$ 3324.78,100
2701,11:27:52,$ 3324.99,100
2702,11:27:50,$ 3325.48,400
2703,11:27:30,$ 3326.1087,100
2704,11:27:29,$ 3325.74,200
2705,11:27:27,$ 3326.06,100
2706,11:27:27,$ 3325.00,100
2707,11:27:12,$ 3324.785,150
2708,11:27:10,$ 3324.99,100
2709,11:27:09,$ 3325.00,100
2710,11:27:09,$ 3324.76,100
2711,11:27:09,$ 3324.76,100
2712,11:27:09,$ 3324.011,499
2713,11:27:09,$ 3324.04,100
2714,11:27:09,$ 3324.11,100
2715,11:27:06,$ 3324.1474,100
2716,11:26:23,$ 3323.97,200
2717,11:26:16,$ 3324.52,200
2718,11:26:15,$ 3324.52,100
2720,11:26:08,$ 3323.06,100
2721,11:25:43,$ 3323.3999,200
2722,11:25:43,$ 3322.305,100
2723,11:25:33,$ 3322.39,100
2724,11:25:16,$ 3322.955,300
2725,11:25:05,$ 3323.6701,100
2726,11:25:01,$ 3323.98,100
2727,11:25:01,$ 3324.035,100
2728,11:25:00,$ 3323.7399,100
2729,11:25:00,$ 3321.75,246
2730,11:25:00,$ 3321.75,100
2731,11:25:00,$ 3321.75,100
2732,11:25:00,$ 3321.75,390
2733,11:25:00,$ 3321.75,100
2734,11:25:00,$ 3321.65,100
2735,11:25:00,$ 3321.69,100
2736,11:24:56,$ 3320.7218,100
2737,11:24:50,$ 3320.4482,100
2738,11:24:45,$ 3319.725,100
2739,11:24:43,$ 3320.00,251
2741,11:24:43,$ 3319.8698,100
2742,11:24:34,$ 3319.33,200
2743,11:24:33,$ 3319.47,100
2744,11:24:30,$ 3319.378,100
2745,11:24:27,$ 3319.01,100
2746,11:24:23,$ 3319.495,100
2747,11:24:20,$ 3319.50,400
2748,11:24:18,$ 3319.0084,150
2749,11:24:18,$ 3319.20,100
2750,11:24:12,$ 3320.48,100
2751,11:24:05,$ 3321.75,100
2752,11:24:00,$ 3322.77,100
2753,11:24:00,$ 3322.77,100
2754,11:24:00,$ 3322.1316,897
2755,11:23:56,$ 3322.1301,100
2756,11:23:55,$ 3322.9616,100
2757,11:23:53,$ 3322.35,100
2758,11:23:50,$ 3324.07,100
2759,11:23:47,$ 3324.4699,100
2760,11:23:40,$ 3323.415,100
2762,11:23:38,$ 3324.175,100
2763,11:23:37,$ 3324.01,100
2764,11:23:32,$ 3324.475,100
2765,11:23:32,$ 3324.475,100
2766,11:23:31,$ 3324.48,100
2767,11:23:31,$ 3324.48,400
2768,11:23:31,$ 3324.475,100
2769,11:23:31,$ 3324.48,900
2770,11:23:31,$ 3324.48,300
2771,11:23:31,$ 3324.48,300
2772,11:23:29,$ 3324.485,300
2773,11:23:27,$ 3324.0001,348
2774,11:23:27,$ 3324.1375,100
2775,11:23:26,$ 3324.50,100
2776,11:23:26,$ 3324.52,100
2777,11:23:26,$ 3324.52,200
2778,11:23:26,$ 3324.52,100
2779,11:23:26,$ 3324.52,100
2780,11:23:26,$ 3324.52,100
2781,11:23:25,$ 3325.12,100
2783,11:23:25,$ 3325.01,100
2784,11:23:25,$ 3325.64,100
2785,11:23:25,$ 3325.64,100
2786,11:23:25,$ 3326.25,100
2787,11:23:25,$ 3325.515,100
2788,11:23:25,$ 3325.64,100
2789,11:23:25,$ 3325.01,100
2790,11:23:24,$ 3325.505,100
2791,11:23:20,$ 3325.0979,100
2792,11:23:17,$ 3324.84,100
2793,11:23:17,$ 3324.84,100
2794,11:23:17,$ 3325.00,100
2795,11:23:17,$ 3325.00,100
2796,11:23:05,$ 3325.515,100
2797,11:22:43,$ 3326.19,100
2798,11:22:41,$ 3325.42,100
2799,11:22:41,$ 3325.42,100
2800,11:22:40,$ 3325.97,100
2801,11:22:38,$ 3325.408,100
2802,11:22:37,$ 3325.68,150
2804,11:22:28,$ 3326.8495,300
2805,11:22:26,$ 3325.92,100
2806,11:22:26,$ 3326.00,100
2807,11:22:26,$ 3326.44,100
2808,11:22:26,$ 3326.45,271
2809,11:22:26,$ 3326.44,100
2810,11:22:26,$ 3326.44,100
2811,11:22:26,$ 3326.44,100
2812,11:22:19,$ 3327.00,100
2813,11:22:15,$ 3325.914,100
2814,11:22:11,$ 3326.92,403
2815,11:22:11,$ 3326.215,100
2816,11:22:09,$ 3326.91,100
2817,11:22:02,$ 3325.89,100
2818,11:22:02,$ 3325.50,155
2819,11:21:58,$ 3326.02,100
2820,11:21:58,$ 3325.81,100
2821,11:21:58,$ 3326.19,100
2822,11:21:58,$ 3326.00,100
2823,11:21:58,$ 3326.08,100
2825,11:21:58,$ 3326.03,100
2826,11:21:58,$ 3326.02,100
2827,11:21:54,$ 3326.83,100
2828,11:21:44,$ 3325.8678,100
2829,11:21:42,$ 3325.755,100
2830,11:21:42,$ 3326.62,100
2831,11:21:42,$ 3326.60,100
2832,11:21:42,$ 3326.42,100
2833,11:21:38,$ 3327.42,100
2834,11:21:37,$ 3327.1001,100
2835,11:21:35,$ 3328.2499,100
2836,11:21:22,$ 3328.2499,100
2837,11:21:17,$ 3326.515,100
2838,11:21:15,$ 3327.33,100
2839,11:21:13,$ 3327.345,100
2840,11:21:13,$ 3327.00,100
2841,11:21:11,$ 3328.2499,100
2842,11:21:10,$ 3328.095,100
2843,11:21:06,$ 3327.655,100
2844,11:21:03,$ 3327.2101,115
2846,11:21:02,$ 3327.969,100
2847,11:20:58,$ 3327.3407,100
2848,11:20:58,$ 3327.23,100
2849,11:20:56,$ 3328.9999,100
2850,11:20:53,$ 3328.4855,150
2851,11:20:52,$ 3327.84,100
2852,11:20:52,$ 3326.6486,500
2853,11:20:50,$ 3328.5847,200
2854,11:20:49,$ 3328.00,900
2855,11:20:49,$ 3328.00,100
2856,11:20:49,$ 3328.00,100
2857,11:20:45,$ 3328.82,200
2858,11:20:44,$ 3328.95,100
2859,11:20:44,$ 3328.69,100
2860,11:20:44,$ 3329.00,100
2861,11:20:44,$ 3328.989,100
2862,11:20:42,$ 3328.58,100
2863,11:20:38,$ 3328.00,100
2864,11:20:38,$ 3328.00,100
2865,11:20:37,$ 3327.2801,200
2867,11:20:37,$ 3327.99,250
2868,11:20:35,$ 3328.19,100
2869,11:20:29,$ 3328.41,100
2870,11:20:28,$ 3328.57,100
2871,11:20:28,$ 3328.57,100
2872,11:20:28,$ 3328.34,"1,000"
2873,11:20:21,$ 3327.79,301
2874,11:20:21,$ 3328.00,100
2875,11:20:21,$ 3327.74,100
2876,11:20:17,$ 3327.62,100
2877,11:20:08,$ 3326.66,180
2878,11:20:06,$ 3326.65,100
2879,11:20:05,$ 3326.79,100
2880,11:20:05,$ 3326.79,100
2881,11:20:05,$ 3326.4487,"1,000"
2882,11:20:04,$ 3326.40,100
2883,11:20:04,$ 3326.6673,200
2884,11:20:01,$ 3325.18,145
2885,11:19:59,$ 3325.00,190
2886,11:19:59,$ 3325.00,100
2888,11:19:59,$ 3325.00,100
2889,11:19:59,$ 3324.96,100
2890,11:19:58,$ 3324.735,100
2891,11:19:58,$ 3325.00,100
2892,11:19:58,$ 3325.00,111
2893,11:19:57,$ 3324.95,100
2894,11:19:47,$ 3324.9996,100
2895,11:19:45,$ 3325.00,108
2896,11:19:44,$ 3324.98,100
2897,11:19:44,$ 3325.00,737
2898,11:19:44,$ 3325.00,101
2899,11:19:44,$ 3325.00,500
2900,11:19:44,$ 3325.00,100
2901,11:19:44,$ 3325.00,110
2902,11:19:44,$ 3325.00,100
2903,11:19:43,$ 3324.285,150
2904,11:19:34,$ 3324.245,120
2905,11:19:22,$ 3323.98,100
2906,11:19:20,$ 3323.90,100
2907,11:19:10,$ 3322.69,100
2909,11:19:10,$ 3322.69,100
2910,11:19:10,$ 3323.00,190
2911,11:19:00,$ 3321.99,100
2912,11:18:18,$ 3322.9737,100
2913,11:18:13,$ 3322.825,100
2914,11:18:09,$ 3322.825,100
2915,11:18:09,$ 3322.825,100
2916,11:18:09,$ 3322.60,100
2917,11:18:09,$ 3322.10,100
2918,11:18:03,$ 3322.03,284
2919,11:18:01,$ 3322.96,104
2920,11:17:59,$ 3322.0301,100
2921,11:17:51,$ 3322.895,100
2922,11:17:50,$ 3322.46,200
2923,11:17:50,$ 3322.38,100
2924,11:17:40,$ 3323.2734,300
2925,11:17:33,$ 3322.73,500
2926,11:17:33,$ 3323.53,100
2927,11:17:33,$ 3323.205,100
2928,11:17:29,$ 3322.74,100
2930,11:17:29,$ 3322.109,197
2931,11:17:24,$ 3321.99,100
2932,11:17:24,$ 3322.00,152
2933,11:17:24,$ 3321.99,100
2934,11:17:24,$ 3321.9983,301
2935,11:17:24,$ 3321.99,282
2936,11:17:24,$ 3321.99,100
2937,11:17:24,$ 3321.74,200
2938,11:17:24,$ 3321.74,200
2939,11:17:22,$ 3321.49,100
2940,11:17:21,$ 3321.97,100
2941,11:17:21,$ 3321.97,150
2942,11:17:20,$ 3321.91,100
2943,11:17:20,$ 3321.51,100
2944,11:17:20,$ 3321.51,300
2945,11:17:18,$ 3321.77,100
2946,11:17:16,$ 3320.99,100
2947,11:17:15,$ 3321.33,100
2948,11:17:15,$ 3321.77,300
2949,11:17:14,$ 3321.36,100
2951,11:17:12,$ 3321.00,188
2952,11:17:11,$ 3320.99,100
2953,11:17:11,$ 3320.5866,247
2954,11:17:10,$ 3321.00,100
2955,11:17:10,$ 3320.81,100
2956,11:17:10,$ 3320.98,100
2957,11:17:07,$ 3320.505,125
2958,11:17:04,$ 3320.94,100
2959,11:17:04,$ 3320.91,100
2960,11:17:04,$ 3320.94,100
2961,11:17:04,$ 3320.00,694
2962,11:17:04,$ 3320.00,961
2963,11:17:04,$ 3320.00,300
2964,11:17:04,$ 3320.00,100
2965,11:17:04,$ 3320.00,300
2966,11:17:04,$ 3320.00,100
2967,11:17:01,$ 3319.515,100
2968,11:16:57,$ 3319.27,100
2969,11:16:55,$ 3318.99,100
2970,11:16:29,$ 3318.39,100
2972,11:16:29,$ 3317.21,100
2973,11:16:29,$ 3317.22,100
2974,11:16:24,$ 3318.37,100
2975,11:16:22,$ 3317.75,100
2976,11:16:22,$ 3318.195,100
2977,11:16:21,$ 3318.45,117
2978,11:16:17,$ 3318.405,100
2979,11:16:17,$ 3318.375,100
2980,11:16:17,$ 3317.67,100
2981,11:16:15,$ 3318.45,100
2982,11:16:14,$ 3318.45,100
2983,11:16:14,$ 3318.18,100
2984,11:16:14,$ 3317.50,300
2985,11:16:12,$ 3317.66,100
2986,11:16:10,$ 3318.00,100
2987,11:16:10,$ 3318.11,100
2988,11:16:10,$ 3317.98,100
2989,11:16:10,$ 3318.00,100
2990,11:16:09,$ 3317.435,200
2991,11:16:08,$ 3317.50,301
2993,11:16:08,$ 3316.765,100
2994,11:16:07,$ 3317.00,100
2995,11:16:07,$ 3317.00,200
2996,11:16:02,$ 3315.7403,300
2997,11:16:00,$ 3316.00,400
2998,11:16:00,$ 3316.00,120
2999,11:15:55,$ 3316.00,100
3000,11:15:55,$ 3315.95,100
3001,11:15:51,$ 3314.6733,335
3002,11:15:44,$ 3314.70,100
3003,11:15:44,$ 3314.70,100
3004,11:15:42,$ 3315.00,100
3005,11:15:39,$ 3314.63,200
3006,11:15:38,$ 3314.9998,100
3007,11:15:38,$ 3315.00,100
3008,11:15:38,$ 3314.67,100
3009,11:15:24,$ 3314.99,146
3010,11:15:18,$ 3314.00,100
3011,11:15:18,$ 3313.97,100
3012,11:15:15,$ 3313.165,100
3014,11:15:15,$ 3313.165,100
3015,11:15:14,$ 3312.99,100
3016,11:14:28,$ 3311.5867,300
3017,11:14:17,$ 3312.40,100
3018,11:14:17,$ 3312.44,100
3019,11:14:10,$ 3312.03,258
3020,11:14:10,$ 3312.031,100
3021,11:14:07,$ 3312.03,179
3022,11:14:06,$ 3312.26,100
3023,11:13:36,$ 3312.22,100
3024,11:13:26,$ 3312.95,100
3025,11:13:14,$ 3312.50,180
3026,11:13:12,$ 3312.46,100
3027,11:13:12,$ 3312.04,100
3028,11:12:59,$ 3312.02,100
3029,11:12:51,$ 3312.37,100
3030,11:12:45,$ 3312.68,100
3031,11:12:35,$ 3312.14,100
3032,11:12:32,$ 3311.6244,100
3033,11:12:26,$ 3311.525,100
3035,11:12:20,$ 3311.65,100
3036,11:12:20,$ 3312.00,160
3037,11:12:20,$ 3312.00,500
3038,11:12:18,$ 3311.00,100
3039,11:12:18,$ 3310.26,100
3040,11:11:52,$ 3310.8431,114
3041,11:11:44,$ 3310.345,500
3042,11:11:38,$ 3310.345,100
3043,11:11:27,$ 3310.89,100
3044,11:11:23,$ 3311.00,100
3045,11:11:23,$ 3311.00,100
3046,11:11:23,$ 3310.99,100
3047,11:11:23,$ 3310.99,100
3048,11:11:20,$ 3310.00,900
3049,11:11:20,$ 3310.00,100
3050,11:11:17,$ 3309.49,100
3051,11:11:14,$ 3308.92,100
3052,11:10:41,$ 3308.27,100
3053,11:10:41,$ 3308.27,100
3054,11:10:35,$ 3306.75,900
3056,11:10:35,$ 3308.76,100
3057,11:10:34,$ 3308.765,100
3058,11:10:32,$ 3309.1375,"2,000"
3059,11:10:12,$ 3308.755,100
3060,11:10:10,$ 3307.98,614
3061,11:09:59,$ 3308.01,100
3062,11:09:59,$ 3308.00,100
3063,11:09:59,$ 3307.93,100
3064,11:09:59,$ 3308.615,100
3065,11:09:54,$ 3308.017,100
3066,11:09:52,$ 3308.36,100
3067,11:09:47,$ 3306.5846,100
3068,11:09:39,$ 3307.00,100
3069,11:09:35,$ 3306.5474,100
3070,11:09:15,$ 3308.84,100
3071,11:09:08,$ 3309.355,100
3072,11:09:03,$ 3309.22,100
3073,11:08:51,$ 3309.00,100
3074,11:08:43,$ 3308.085,100
3075,11:08:40,$ 3308.01,100
3077,11:08:36,$ 3307.14,100
3078,11:08:29,$ 3307.7207,115
3079,11:08:28,$ 3307.055,100
3080,11:08:25,$ 3307.24,100
3081,11:08:25,$ 3307.23,331
3082,11:08:24,$ 3306.62,200
3083,11:08:24,$ 3306.62,100
3084,11:07:37,$ 3304.27,100
3085,11:07:37,$ 3304.22,100
3086,11:07:27,$ 3305.5772,182
3087,11:07:27,$ 3305.00,200
3088,11:07:25,$ 3304.465,100
3089,11:07:20,$ 3304.27,100
3090,11:07:16,$ 3304.38,100
3091,11:06:58,$ 3303.88,100
3092,11:06:49,$ 3304.0015,100
3093,11:06:40,$ 3302.52,100
3094,11:06:05,$ 3301.73,100
3095,11:05:49,$ 3301.375,100
3096,11:05:47,$ 3301.38,100
3098,11:05:47,$ 3300.99,100
3099,11:05:41,$ 3300.5444,143
3100,11:05:38,$ 3301.12,100
3101,11:05:27,$ 3301.50,100
3102,11:04:47,$ 3302.185,100
3103,11:04:41,$ 3302.585,100
3104,11:04:14,$ 3302.185,129
3105,11:04:07,$ 3302.18,100
3106,11:04:03,$ 3302.19,100
3107,11:04:03,$ 3302.35,100
3108,11:04:03,$ 3302.81,100
3109,11:04:02,$ 3301.87,100
3110,11:04:01,$ 3302.07,100
3111,11:03:55,$ 3302.66,100
3112,11:03:55,$ 3302.44,100
3113,11:03:46,$ 3302.22,100
3114,11:03:45,$ 3302.22,242
3115,11:03:32,$ 3303.44,100
3116,11:03:25,$ 3303.83,100
3117,11:03:24,$ 3303.87,100
3119,11:03:20,$ 3303.25,100
3120,11:03:20,$ 3303.61,100
3121,11:03:19,$ 3302.785,100
3122,11:03:17,$ 3303.04,100
3123,11:03:16,$ 3302.20,100
3124,11:03:16,$ 3302.79,100
3125,11:03:15,$ 3302.00,318
3126,11:03:15,$ 3302.00,100
3127,11:03:14,$ 3300.69,100
3128,11:03:13,$ 3301.17,100
3129,11:03:12,$ 3300.96,100
3130,11:03:12,$ 3301.28,100
3131,11:03:12,$ 3301.22,100
3132,11:03:12,$ 3301.28,100
3133,11:03:12,$ 3301.22,100
3134,11:03:12,$ 3301.60,100
3135,11:03:12,$ 3301.99,100
3136,11:03:12,$ 3301.99,100
3137,11:03:07,$ 3301.95,100
3138,11:02:59,$ 3302.09,111
3140,11:02:49,$ 3303.00,100
3141,11:02:49,$ 3302.09,100
3142,11:02:49,$ 3303.00,100
3143,11:02:48,$ 3302.09,100
3144,11:02:43,$ 3301.46,100
3145,11:02:41,$ 3302.18,100
3146,11:02:40,$ 3301.10,100
3147,11:02:37,$ 3301.5925,400
3148,11:02:36,$ 3302.06,100
3149,11:02:36,$ 3302.09,100
3150,11:02:36,$ 3302.09,100
3151,11:02:32,$ 3301.42,100
3152,11:02:31,$ 3301.48,100
3153,11:02:31,$ 3301.47,100
3154,11:02:20,$ 3301.4269,150
3155,11:02:14,$ 3303.355,100
3156,11:02:14,$ 3302.10,400
3157,11:02:11,$ 3303.345,100
3158,11:02:07,$ 3303.20,100
3159,11:02:04,$ 3302.86,100
3161,11:01:53,$ 3302.86,100
3162,11:01:52,$ 3302.65,191
3163,11:01:43,$ 3302.88,100
3164,11:01:40,$ 3301.79,100
3165,11:01:40,$ 3301.785,200
3166,11:01:37,$ 3302.75,100
3167,11:01:37,$ 3302.66,100
3168,11:01:37,$ 3301.7646,209
3169,11:01:36,$ 3301.65,175
3170,11:01:36,$ 3301.65,175
3171,11:01:36,$ 3301.71,100
3172,11:01:36,$ 3302.32,100
3173,11:01:33,$ 3302.32,100
3174,11:01:33,$ 3303.05,100
3175,11:01:33,$ 3302.70,100
3176,11:01:33,$ 3303.00,212
3177,11:01:33,$ 3303.00,196
3178,11:01:14,$ 3304.75,200
3179,11:01:12,$ 3305.055,100
3180,11:01:10,$ 3306.14,100
3182,11:01:06,$ 3306.3557,100
3183,11:01:04,$ 3306.81,100
3184,11:01:03,$ 3305.7341,100
3185,11:01:00,$ 3305.41,100
3186,11:01:00,$ 3305.81,100
3187,11:01:00,$ 3306.75,100
3188,11:00:57,$ 3307.24,100
3189,11:00:54,$ 3307.00,100
3190,11:00:54,$ 3307.20,100
3191,11:00:54,$ 3305.74,100
3192,11:00:54,$ 3306.00,100
3193,11:00:54,$ 3305.41,100
3194,11:00:54,$ 3305.41,100
3195,11:00:53,$ 3306.00,110
3196,11:00:53,$ 3306.00,111
3197,11:00:53,$ 3306.00,114
3198,11:00:53,$ 3306.00,141
3199,11:00:53,$ 3306.00,225
3200,11:00:53,$ 3306.00,304
3201,11:00:53,$ 3306.00,285
3203,11:00:53,$ 3306.00,101
3204,11:00:53,$ 3306.00,111
3205,11:00:53,$ 3306.00,150
3206,11:00:53,$ 3306.00,226
3207,11:00:53,$ 3306.00,111
3208,11:00:53,$ 3306.00,345
3209,11:00:53,$ 3305.40,100
3210,11:00:52,$ 3305.70,100
3211,11:00:52,$ 3305.95,100
3212,11:00:44,$ 3305.61,100
3213,11:00:44,$ 3306.52,200
3214,11:00:44,$ 3306.5201,200
3215,11:00:43,$ 3307.38,100
3216,11:00:43,$ 3308.00,122
3217,11:00:43,$ 3308.25,238
3218,11:00:39,$ 3308.14,100
3219,11:00:39,$ 3308.25,"2,490"
3220,11:00:37,$ 3308.29,100
3221,11:00:37,$ 3308.3947,200
3222,11:00:34,$ 3308.93,100
3224,11:00:08,$ 3309.33,100
3226,11:59:34,$ 3326.02,100
3227,11:59:32,$ 3326.00,100
3228,11:59:16,$ 3325.12,100
3229,11:59:16,$ 3325.08,100
3230,11:59:15,$ 3324.39,109
3231,11:59:14,$ 3324.555,171
3232,11:59:12,$ 3324.23,134
3233,11:59:11,$ 3324.23,100
3234,11:58:04,$ 3325.315,100
3235,11:57:58,$ 3325.31,100
3236,11:57:49,$ 3325.325,100
3237,11:57:47,$ 3325.71,100
3238,11:57:38,$ 3325.27,100
3239,11:56:32,$ 3326.00,416
3240,11:56:22,$ 3325.00,557
3241,11:56:22,$ 3325.00,100
3242,11:56:22,$ 3325.00,100
3243,11:56:22,$ 3325.00,251
3244,11:56:16,$ 3325.00,300
3245,11:56:16,$ 3324.97,100
3247,11:56:16,$ 3324.49,100
3248,11:56:16,$ 3324.47,100
3249,11:56:06,$ 3323.43,100
3250,11:56:05,$ 3323.33,113
3251,11:55:28,$ 3324.12,100
3252,11:55:14,$ 3324.60,100
3253,11:54:47,$ 3324.43,100
3254,11:54:47,$ 3324.25,100
3255,11:54:28,$ 3323.81,102
3256,11:54:26,$ 3323.31,100
3257,11:54:16,$ 3323.905,100
3258,11:53:57,$ 3324.19,100
3259,11:53:50,$ 3324.19,100
3260,11:53:10,$ 3323.59,100
3261,11:52:51,$ 3323.65,118
3262,11:52:37,$ 3323.88,100
3263,11:52:36,$ 3323.445,150
3264,11:52:07,$ 3323.66,107
3265,11:51:49,$ 3323.37,193
3266,11:51:39,$ 3324.17,100
3268,11:51:37,$ 3324.44,100
3269,11:51:37,$ 3324.35,100
3270,11:51:34,$ 3325.00,100
3271,11:51:25,$ 3324.05,117
3272,11:51:09,$ 3323.4216,100
3273,11:51:08,$ 3323.9199,100
3274,11:50:31,$ 3322.63,100
3275,11:50:20,$ 3321.985,100
3276,11:50:06,$ 3321.23,100
3277,11:48:39,$ 3322.00,100
3278,11:48:36,$ 3322.57,100
3279,11:48:22,$ 3322.68,100
3280,11:47:59,$ 3323.295,200
3281,11:47:29,$ 3321.89,250
3282,11:47:18,$ 3321.05,100
3283,11:46:39,$ 3322.10,100
3284,11:46:39,$ 3322.36,100
3285,11:46:39,$ 3322.36,100
3286,11:45:58,$ 3323.13,200
3287,11:45:48,$ 3322.305,500
3289,11:45:47,$ 3322.90,100
3290,11:45:26,$ 3323.875,100
3291,11:45:06,$ 3325.23,100
3292,11:45:04,$ 3322.90,100
3293,11:44:59,$ 3325.9999,200
3294,11:44:55,$ 3325.24,100
3295,11:44:55,$ 3325.24,100
3296,11:44:55,$ 3325.22,225
3297,11:44:49,$ 3323.567,100
3298,11:44:44,$ 3324.7749,100
3299,11:44:10,$ 3324.4463,212
3300,11:44:10,$ 3324.4463,300
3301,11:44:10,$ 3324.28,145
3302,11:44:01,$ 3322.87,100
3303,11:44:01,$ 3322.57,100
3304,11:44:01,$ 3322.44,300
3305,11:44:01,$ 3321.41,100
3306,11:44:01,$ 3321.41,100
3307,11:44:01,$ 3321.41,100
3308,11:44:00,$ 3320.79,109
3310,11:44:00,$ 3320.78,100
3311,11:44:00,$ 3320.05,100
3312,11:44:00,$ 3320.20,100
3313,11:43:16,$ 3320.70,100
3314,11:43:15,$ 3321.08,100
3315,11:42:07,$ 3320.625,100
3316,11:41:58,$ 3323.12,100
3317,11:41:57,$ 3320.94,111
3318,11:41:44,$ 3320.53,299
3319,11:41:44,$ 3320.55,158
3320,11:41:44,$ 3320.55,135
3321,11:41:42,$ 3321.35,100
3322,11:41:42,$ 3321.44,100
3323,11:41:40,$ 3321.13,100
3324,11:41:40,$ 3321.13,100
3325,11:41:11,$ 3321.78,100
3326,11:41:09,$ 3323.47,100
3327,11:40:27,$ 3323.58,100
3328,11:40:20,$ 3323.70,100
3329,11:40:07,$ 3325.00,183
3331,11:39:53,$ 3324.66,100
3332,11:39:27,$ 3323.415,100
3333,11:39:23,$ 3324.10,100
3334,11:39:16,$ 3324.055,100
3335,11:38:54,$ 3324.00,300
3336,11:38:35,$ 3324.5526,284
3337,11:38:35,$ 3324.5354,129
3338,11:38:19,$ 3323.5646,100
3339,11:38:17,$ 3323.26,100
3340,11:38:14,$ 3323.68,100
3341,11:38:07,$ 3322.75,600
3342,11:37:58,$ 3321.895,100
3343,11:37:55,$ 3322.9929,100
3344,11:37:51,$ 3322.65,100
3345,11:37:49,$ 3322.02,100
3346,11:37:39,$ 3322.845,100
3347,11:37:39,$ 3322.25,111
3348,11:37:34,$ 3322.17,100
3349,11:37:34,$ 3322.09,100
3350,11:37:34,$ 3322.24,100
3352,11:37:26,$ 3321.955,100
3353,11:37:24,$ 3321.26,100
3354,11:37:21,$ 3320.18,100
3355,11:37:18,$ 3320.99,100
3356,11:37:09,$ 3321.065,100
3357,11:37:08,$ 3320.33,100
3358,11:37:03,$ 3320.425,100
3359,11:36:48,$ 3319.91,100
3360,11:36:39,$ 3319.61,100
3361,11:36:39,$ 3319.61,100
3362,11:36:38,$ 3319.98,100
3363,11:36:21,$ 3320.56,100
3364,11:36:21,$ 3320.20,100
3365,11:35:54,$ 3321.2599,400
3366,11:35:53,$ 3321.04,200
3367,11:35:53,$ 3321.04,100
3368,11:35:53,$ 3321.261,100
3369,11:35:51,$ 3321.2601,100
3370,11:35:41,$ 3321.46,100
3371,11:35:30,$ 3322.79,100
3373,11:34:55,$ 3321.945,100
3374,11:34:50,$ 3322.55,100
3375,11:34:50,$ 3322.55,300
3376,11:34:50,$ 3322.43,100
3377,11:34:01,$ 3321.22,200
3378,11:33:34,$ 3322.2193,100
3379,11:33:12,$ 3322.00,200
3380,11:33:12,$ 3322.00,100
3381,11:33:12,$ 3322.00,171
3382,11:33:12,$ 3322.00,141
3383,11:33:07,$ 3321.175,250
3384,11:33:01,$ 3320.9037,600
3385,11:33:01,$ 3321.16,100
3386,11:32:56,$ 3320.0001,500
3387,11:32:53,$ 3321.9999,275
3388,11:32:50,$ 3320.2422,200
3389,11:32:29,$ 3321.28,100
3390,11:32:29,$ 3321.11,100
3391,11:32:29,$ 3321.13,100
3392,11:32:29,$ 3321.12,100
3394,11:32:28,$ 3322.09,100
3395,11:32:28,$ 3322.05,100
3396,11:32:28,$ 3322.00,283
3397,11:32:17,$ 3321.75,500
3398,11:31:49,$ 3323.38,100
3399,11:31:49,$ 3323.19,100
3400,11:31:44,$ 3323.1606,100
3401,11:31:43,$ 3322.50,500
3402,11:31:36,$ 3323.27,100
3403,11:31:34,$ 3324.12,100
3404,11:31:32,$ 3324.08,100
3405,11:31:30,$ 3323.59,100
3406,11:31:28,$ 3323.58,100
3407,11:31:26,$ 3324.07,100
3408,11:31:15,$ 3324.5476,300
3409,11:31:13,$ 3324.57,100
3410,11:31:08,$ 3325.43,100
3411,11:31:08,$ 3325.44,100
3412,11:31:01,$ 3324.0301,100
3414,12:29:28,$ 3329.77,100
3415,12:29:27,$ 3329.40,100
3416,12:29:11,$ 3328.28,100
3417,12:28:35,$ 3327.4201,250
3418,12:28:10,$ 3327.3601,100
3419,12:28:00,$ 3328.57,100
3420,12:27:43,$ 3329.21,300
3421,12:27:37,$ 3329.00,100
3422,12:27:37,$ 3329.00,100
3423,12:27:37,$ 3329.00,220
3424,12:27:08,$ 3328.5701,100
3425,12:26:25,$ 3327.5238,100
3426,12:26:24,$ 3327.22,100
3427,12:25:56,$ 3327.82,100
3428,12:25:55,$ 3328.44,300
3429,12:25:55,$ 3328.63,100
3430,12:25:55,$ 3328.00,100
3431,12:25:55,$ 3328.00,111
3432,12:25:55,$ 3328.00,100
3433,12:25:55,$ 3327.90,130
3435,12:25:50,$ 3327.3853,200
3436,12:25:48,$ 3327.275,100
3437,12:25:47,$ 3327.265,100
3438,12:25:23,$ 3326.42,300
3439,12:25:21,$ 3326.4506,200
3440,12:24:45,$ 3327.1138,100
3441,12:24:20,$ 3327.11,100
3442,12:24:20,$ 3326.62,135
3443,12:24:18,$ 3326.81,100
3444,12:24:18,$ 3326.68,100
3445,12:23:43,$ 3327.585,100
3446,12:23:23,$ 3327.13,100
3447,12:23:12,$ 3326.95,100
3448,12:23:12,$ 3327.00,100
3449,12:23:09,$ 3326.93,100
3450,12:23:09,$ 3326.93,100
3451,12:23:09,$ 3326.93,100
3452,12:23:09,$ 3327.02,100
3453,12:23:09,$ 3326.87,125
3454,12:22:59,$ 3327.385,100
3456,12:22:46,$ 3327.0701,"1,300"
3457,12:22:22,$ 3328.15,100
3458,12:22:22,$ 3328.28,100
3459,12:21:34,$ 3328.7622,350
3460,12:21:15,$ 3329.22,100
3461,12:19:54,$ 3329.35,200
3462,12:19:54,$ 3329.36,100
3463,12:19:54,$ 3329.42,100
3464,12:19:54,$ 3329.39,100
3465,12:19:54,$ 3329.38,100
3466,12:19:54,$ 3329.67,100
3467,12:19:12,$ 3329.985,100
3468,12:19:10,$ 3329.97,100
3469,12:19:02,$ 3328.8501,100
3470,12:18:59,$ 3330.9299,200
3471,12:18:53,$ 3329.96,260
3472,12:18:49,$ 3328.34,100
3473,12:18:49,$ 3329.888,182
3474,12:18:48,$ 3328.20,100
3475,12:18:48,$ 3328.43,100
3477,12:18:48,$ 3328.21,100
3478,12:18:48,$ 3328.35,100
3479,12:18:48,$ 3328.22,100
3480,12:18:39,$ 3328.04,100
3481,12:18:39,$ 3327.32,100
3482,12:18:39,$ 3327.43,100
3483,12:18:32,$ 3329.038,100
3484,12:18:18,$ 3328.79,100
3485,12:18:17,$ 3329.5139,234
3486,12:18:17,$ 3328.79,234
3487,12:18:17,$ 3329.5139,100
3488,12:18:17,$ 3328.80,100
3489,12:17:58,$ 3329.445,100
3490,12:17:40,$ 3329.86,100
3491,12:17:32,$ 3329.29,100
3492,12:17:26,$ 3330.00,100
3493,12:17:13,$ 3330.145,100
3494,12:16:51,$ 3330.00,100
3495,12:16:49,$ 3329.59,100
3496,12:16:49,$ 3329.52,100
3498,12:16:42,$ 3329.0937,100
3499,12:16:34,$ 3329.40,100
3500,12:15:59,$ 3329.86,100
3501,12:15:23,$ 3330.26,100
3502,12:15:14,$ 3330.97,100
3503,12:14:55,$ 3330.0301,100
3504,12:14:14,$ 3330.28,100
3505,12:14:04,$ 3329.69,100
3506,12:13:47,$ 3330.6075,507
3507,12:13:46,$ 3330.9899,100
3508,12:13:42,$ 3329.1251,100
3509,12:13:39,$ 3329.09,100
3510,12:12:49,$ 3330.13,100
3511,12:12:39,$ 3330.0722,500
3512,12:12:07,$ 3331.52,100
3513,12:12:01,$ 3330.6633,115
3514,12:11:43,$ 3330.6531,100
3515,12:11:40,$ 3330.49,100
3516,12:11:24,$ 3331.37,100
3517,12:11:13,$ 3331.00,147
3519,12:10:46,$ 3330.9701,325
3520,12:10:29,$ 3330.62,100
3521,12:10:29,$ 3330.49,100
3522,12:09:53,$ 3331.5599,100
3523,12:09:48,$ 3331.4295,100
3524,12:09:45,$ 3331.56,100
3525,12:09:44,$ 3330.935,100
3526,12:09:41,$ 3331.29,100
3527,12:09:40,$ 3331.79,100
3528,12:09:36,$ 3332.00,100
3529,12:09:36,$ 3332.00,100
3530,12:09:33,$ 3330.74,100
3531,12:09:29,$ 3330.74,100
3532,12:09:28,$ 3330.74,100
3533,12:09:26,$ 3331.00,100
3534,12:09:21,$ 3330.74,100
3535,12:09:10,$ 3330.92,102
3536,12:08:33,$ 3331.58,100
3537,12:08:33,$ 3331.58,100
3538,12:08:33,$ 3329.98,100
3540,12:08:29,$ 3329.74,100
3541,12:08:26,$ 3329.2089,150
3542,12:07:57,$ 3330.635,100
3543,12:07:55,$ 3331.05,100
3544,12:07:54,$ 3331.02,200
3545,12:07:54,$ 3330.95,100
3546,12:07:54,$ 3331.02,200
3547,12:07:54,$ 3331.055,100
3548,12:07:47,$ 3331.00,108
3549,12:07:05,$ 3330.76,100
3550,12:07:00,$ 3331.00,100
3551,12:07:00,$ 3330.2201,260
3552,12:06:54,$ 3330.6899,100
3553,12:06:50,$ 3330.25,100
3554,12:06:50,$ 3330.25,100
3555,12:06:50,$ 3330.30,100
3556,12:06:43,$ 3329.71,100
3557,12:06:43,$ 3329.73,100
3558,12:06:43,$ 3329.73,100
3559,12:06:42,$ 3330.135,154
3561,12:06:42,$ 3330.08,100
3562,12:06:40,$ 3330.05,100
3563,12:06:26,$ 3330.4899,100
3564,12:05:54,$ 3329.23,100
3565,12:05:50,$ 3330.18,100
3566,12:05:49,$ 3329.63,100
3567,12:05:28,$ 3329.625,100
3568,12:05:27,$ 3329.1174,117
3569,12:04:49,$ 3329.2017,140
3570,12:04:46,$ 3329.2537,129
3571,12:04:43,$ 3329.4201,102
3572,12:04:29,$ 3329.99,100
3573,12:04:23,$ 3329.385,200
3574,12:04:21,$ 3329.39,100
3575,12:04:20,$ 3329.98,100
3576,12:03:57,$ 3328.685,200
3577,12:03:52,$ 3329.2501,100
3578,12:03:34,$ 3329.40,100
3579,12:03:28,$ 3329.292,200
3580,12:03:28,$ 3329.42,100
3582,12:03:26,$ 3329.78,107
3583,12:03:24,$ 3330.814,100
3584,12:03:22,$ 3330.8299,100
3585,12:03:20,$ 3330.7219,186
3586,12:03:20,$ 3330.7219,285
3587,12:03:15,$ 3330.00,125
3588,12:03:15,$ 3330.00,100
3589,12:03:09,$ 3329.877,200
3590,12:03:07,$ 3329.55,100
3591,12:03:05,$ 3329.575,200
3592,12:03:04,$ 3329.99,100
3593,12:02:59,$ 3329.16,100
3594,12:02:51,$ 3328.8808,100
3595,12:02:48,$ 3328.39,100
3596,12:02:34,$ 3328.41,100
3597,12:02:33,$ 3328.135,200
3598,12:02:27,$ 3328.405,300
3599,12:02:25,$ 3328.49,100
3600,12:02:21,$ 3328.4978,100
3601,12:02:12,$ 3329.00,100
3603,12:02:12,$ 3329.00,100
3604,12:02:12,$ 3329.00,100
3605,12:02:12,$ 3329.00,100
3606,12:02:12,$ 3329.00,100
3607,12:02:12,$ 3329.00,100
3608,12:02:10,$ 3328.99,142
3609,12:02:09,$ 3327.9917,300
3610,12:02:07,$ 3328.9899,100
3611,12:01:52,$ 3328.29,100
3612,12:01:50,$ 3327.77,100
3613,12:01:50,$ 3327.76,100
3614,12:01:50,$ 3327.81,100
3615,12:01:49,$ 3328.485,100
3616,12:01:48,$ 3328.49,100
3617,12:01:46,$ 3327.995,100
3618,12:01:38,$ 3328.345,200
3619,12:01:28,$ 3328.47,100
3620,12:01:27,$ 3328.5322,100
3621,12:01:13,$ 3327.89,200
3622,12:01:13,$ 3327.88,100
3624,12:01:08,$ 3328.38,100
3625,12:01:08,$ 3328.43,165
3626,12:01:03,$ 3328.43,150
3627,12:01:03,$ 3328.00,100
3628,12:01:03,$ 3327.00,286
3629,12:01:03,$ 3327.00,308
3630,12:01:03,$ 3327.00,100
3631,12:01:03,$ 3327.00,100
3632,12:01:03,$ 3327.00,125
3633,12:01:02,$ 3326.92,100
3634,12:01:02,$ 3326.92,100
3635,12:00:57,$ 3326.295,100
3636,12:00:55,$ 3326.22,200
3637,12:00:44,$ 3326.16,100
3638,12:00:43,$ 3326.67,100
3639,12:00:29,$ 3326.7733,500
3640,12:00:01,$ 3325.855,100
3642,12:59:52,$ 3324.06,100
3643,12:59:10,$ 3324.88,100
3644,12:59:03,$ 3323.99,100
3645,12:58:55,$ 3323.60,100
3646,12:58:54,$ 3323.68,100
3647,12:58:26,$ 3322.8745,350
3648,12:57:59,$ 3322.61,100
3649,12:57:59,$ 3322.235,400
3650,12:57:46,$ 3322.25,100
3651,12:57:46,$ 3322.20,100
3652,12:57:09,$ 3321.3501,150
3653,12:57:05,$ 3321.605,150
3654,12:57:00,$ 3321.1598,150
3655,12:56:58,$ 3321.4583,100
3656,12:56:20,$ 3322.63,100
3657,12:56:10,$ 3322.56,100
3658,12:55:43,$ 3324.15,100
3659,12:55:39,$ 3323.59,100
3660,12:55:17,$ 3324.5999,100
3661,12:54:41,$ 3323.725,100
3663,12:54:34,$ 3323.49,100
3664,12:53:15,$ 3324.20,100
3665,12:52:47,$ 3325.235,100
3666,12:51:15,$ 3325.24,102
3667,12:50:48,$ 3324.53,100
3668,12:50:48,$ 3324.53,100
3669,12:50:31,$ 3324.76,100
3670,12:50:31,$ 3324.79,400
3671,12:50:03,$ 3325.13,100
3672,12:49:57,$ 3326.2127,100
3673,12:49:48,$ 3324.9557,100
3674,12:49:38,$ 3324.89,100
3675,12:49:38,$ 3325.00,100
3676,12:48:54,$ 3325.7508,100
3677,12:48:33,$ 3326.44,100
3678,12:48:17,$ 3326.345,100
3679,12:48:12,$ 3325.735,100
3680,12:48:11,$ 3325.7899,400
3681,12:48:01,$ 3325.18,100
3682,12:48:01,$ 3325.03,100
3684,12:47:21,$ 3326.00,298
3685,12:46:36,$ 3326.085,116
3686,12:46:29,$ 3325.50,100
3687,12:46:09,$ 3325.25,100
3688,12:45:40,$ 3326.11,100
3689,12:45:31,$ 3326.03,100
3690,12:45:31,$ 3326.02,100
3691,12:45:31,$ 3326.01,100
3692,12:45:31,$ 3326.00,264
3693,12:45:31,$ 3326.00,235
3694,12:45:03,$ 3327.35,154
3695,12:44:57,$ 3326.86,100
3696,12:44:57,$ 3326.36,100
3697,12:44:36,$ 3326.85,250
3698,12:42:31,$ 3327.00,100
3699,12:42:31,$ 3326.95,100
3700,12:41:39,$ 3325.695,100
3701,12:41:33,$ 3326.60,100
3702,12:41:33,$ 3325.86,100
3703,12:41:33,$ 3325.91,103
3705,12:41:08,$ 3325.285,100
3706,12:41:05,$ 3325.6539,100
3707,12:41:05,$ 3325.6539,100
3708,12:41:05,$ 3325.8936,100
3709,12:41:05,$ 3325.6539,100
3710,12:41:05,$ 3325.41,100
3711,12:41:05,$ 3325.39,100
3712,12:41:04,$ 3325.675,100
3713,12:41:01,$ 3325.35,100
3714,12:40:17,$ 3325.5044,300
3715,12:39:58,$ 3324.57,100
3716,12:39:56,$ 3324.58,100
3717,12:39:47,$ 3325.20,100
3718,12:39:47,$ 3325.20,100
3719,12:39:11,$ 3326.19,100
3720,12:38:58,$ 3326.21,100
3721,12:38:58,$ 3326.065,180
3722,12:38:58,$ 3326.00,100
3723,12:38:58,$ 3326.00,363
3724,12:38:58,$ 3326.16,100
3726,12:38:58,$ 3326.00,100
3727,12:38:58,$ 3326.22,100
3728,12:38:58,$ 3326.32,100
3729,12:38:58,$ 3326.20,100
3730,12:38:58,$ 3326.21,100
3731,12:38:34,$ 3326.65,300
3732,12:38:10,$ 3327.00,500
3733,12:37:46,$ 3327.1801,300
3734,12:37:18,$ 3329.255,100
3735,12:37:17,$ 3329.46,100
3736,12:35:16,$ 3329.00,100
3737,12:35:00,$ 3329.14,100
3738,12:34:16,$ 3328.23,100
3739,12:34:16,$ 3328.52,100
3740,12:33:56,$ 3329.1013,300
3741,12:33:49,$ 3328.4553,100
3742,12:33:40,$ 3328.81,100
3743,12:32:20,$ 3329.295,100
3744,12:32:04,$ 3329.29,100
3745,12:31:10,$ 3328.61,100
3747,12:30:50,$ 3328.975,100
3748,12:30:50,$ 3329.00,100
3749,12:30:40,$ 3328.745,100
3750,12:30:28,$ 3329.535,100
3751,12:30:15,$ 3329.535,100
3752,12:30:13,$ 3329.52,100
3753,12:30:10,$ 3329.51,100
3754,12:30:07,$ 3329.95,156
3756,13:29:57,$ 3319.495,100
3757,13:29:52,$ 3319.83,100
3758,13:29:52,$ 3319.87,152
3759,13:29:41,$ 3319.52,100
3760,13:29:30,$ 3319.57,100
3761,13:26:52,$ 3320.556,100
3762,13:26:52,$ 3321.715,100
3763,13:26:51,$ 3320.808,200
3764,13:26:51,$ 3320.525,100
3765,13:26:41,$ 3320.1301,100
3766,13:26:38,$ 3320.1281,100
3767,13:26:27,$ 3322.6762,250
3768,13:26:10,$ 3321.415,100
3769,13:26:10,$ 3320.93,100
3770,13:26:10,$ 3322.055,100
3771,13:26:10,$ 3320.71,100
3772,13:26:05,$ 3321.61,100
3773,13:25:51,$ 3321.43,100
3774,13:25:51,$ 3321.48,111
3775,13:25:51,$ 3321.48,110
3777,13:25:51,$ 3321.48,111
3778,13:25:23,$ 3319.52,100
3779,13:25:21,$ 3320.035,100
3780,13:25:21,$ 3320.00,100
3781,13:25:21,$ 3320.02,100
3782,13:25:17,$ 3320.51,100
3783,13:25:11,$ 3321.045,100
3784,13:25:04,$ 3321.09,100
3785,13:23:50,$ 3321.76,100
3786,13:23:38,$ 3321.75,100
3787,13:23:36,$ 3322.38,100
3788,13:23:25,$ 3321.80,100
3789,13:23:19,$ 3322.02,100
3790,13:22:54,$ 3322.70,100
3791,13:22:29,$ 3322.87,100
3792,13:22:27,$ 3322.34,100
3793,13:21:59,$ 3321.52,100
3794,13:21:59,$ 3321.52,100
3795,13:21:55,$ 3322.0471,100
3796,13:21:27,$ 3323.015,100
3798,13:20:14,$ 3321.5701,100
3799,13:19:57,$ 3321.5601,300
3800,13:19:51,$ 3322.12,100
3801,13:19:43,$ 3322.38,100
3802,13:19:10,$ 3322.3801,100
3803,13:18:41,$ 3323.69,107
3804,13:18:27,$ 3323.12,100
3805,13:18:27,$ 3323.04,127
3806,13:18:22,$ 3323.50,129
3807,13:18:01,$ 3322.94,196
3808,13:17:55,$ 3322.61,100
3809,13:16:30,$ 3322.38,200
3810,13:15:50,$ 3323.20,100
3811,13:15:50,$ 3323.00,100
3812,13:15:28,$ 3323.92,200
3813,13:15:27,$ 3323.2601,148
3814,13:14:45,$ 3325.00,111
3815,13:13:58,$ 3324.56,100
3816,13:13:57,$ 3325.0155,287
3817,13:13:39,$ 3325.0575,201
3819,13:13:13,$ 3325.005,100
3820,13:13:11,$ 3325.17,100
3821,13:13:11,$ 3325.18,100
3822,13:13:11,$ 3325.18,100
3823,13:12:03,$ 3325.05,200
3824,13:11:51,$ 3325.5299,100
3825,13:11:40,$ 3325.21,358
3826,13:11:04,$ 3324.3331,147
3827,13:10:53,$ 3324.25,100
3828,13:10:25,$ 3324.89,100
3829,13:10:20,$ 3324.20,100
3830,13:10:11,$ 3323.325,100
3831,13:07:00,$ 3323.98,100
3832,13:06:28,$ 3323.87,300
3833,13:06:23,$ 3322.52,100
3834,13:06:18,$ 3323.325,225
3835,13:05:50,$ 3323.3677,250
3836,13:05:23,$ 3323.20,100
3837,13:04:45,$ 3323.60,100
3838,13:04:45,$ 3323.00,100
3840,13:04:45,$ 3322.75,100
3841,13:04:45,$ 3323.21,300
3842,13:04:45,$ 3323.20,100
3843,13:04:11,$ 3323.45,100
3844,13:04:05,$ 3323.78,100
3845,13:04:05,$ 3323.83,100
3846,13:03:56,$ 3323.29,100
3847,13:03:15,$ 3322.7201,100
3848,13:02:57,$ 3323.195,100
3849,13:02:35,$ 3321.74,100
3850,13:01:52,$ 3322.81,100
3851,13:01:52,$ 3322.50,100
3852,13:01:18,$ 3322.03,100
3853,13:00:41,$ 3323.37,100
3854,13:00:41,$ 3322.77,100
3855,13:00:21,$ 3324.20,100
