,NLS Time (ET),NLS Price,NLS Share Volume
1,09:59:55,$ 3202.695,100
2,09:59:52,$ 3203.49,100
3,09:59:16,$ 3199.56,124
4,09:59:12,$ 3200.65,100
5,09:59:06,$ 3200.125,100
6,09:59:04,$ 3202.205,146
7,09:59:04,$ 3202.405,100
8,09:59:04,$ 3202.405,149
9,09:59:04,$ 3202.885,155
10,09:58:52,$ 3204.26,100
11,09:58:49,$ 3204.00,159
12,09:58:32,$ 3203.72,286
13,09:58:32,$ 3203.62,302
14,09:58:31,$ 3204.01,100
15,09:58:15,$ 3203.69,100
16,09:58:13,$ 3204.55,100
17,09:58:11,$ 3204.2641,124
18,09:58:11,$ 3203.76,100
19,09:58:10,$ 3203.90,100
20,09:58:04,$ 3201.33,400
22,09:58:03,$ 3201.255,100
23,09:58:03,$ 3201.26,100
24,09:57:59,$ 3201.57,100
25,09:57:59,$ 3201.73,100
26,09:57:58,$ 3202.745,100
27,09:57:54,$ 3202.7485,100
28,09:57:50,$ 3202.11,141
29,09:57:50,$ 3201.855,100
30,09:57:48,$ 3202.25,100
31,09:57:44,$ 3200.9478,175
32,09:57:24,$ 3201.12,100
33,09:57:20,$ 3201.68,100
34,09:57:17,$ 3203.35,100
35,09:56:54,$ 3203.205,100
36,09:56:53,$ 3202.728,100
37,09:56:33,$ 3201.527,200
38,09:56:32,$ 3203.6059,100
39,09:56:25,$ 3203.5276,100
40,09:56:24,$ 3202.50,100
41,09:56:00,$ 3204.32,100
43,09:55:59,$ 3204.50,100
44,09:55:52,$ 3205.29,100
45,09:55:48,$ 3204.45,100
46,09:55:40,$ 3203.44,100
47,09:55:31,$ 3202.69,100
48,09:55:27,$ 3203.52,100
49,09:55:10,$ 3200.93,100
50,09:55:10,$ 3201.915,100
51,09:54:55,$ 3203.61,100
52,09:54:54,$ 3203.21,100
53,09:54:53,$ 3203.86,200
54,09:54:53,$ 3204.08,100
55,09:54:53,$ 3204.19,100
56,09:54:52,$ 3205.34,100
57,09:54:43,$ 3204.0101,200
58,09:54:39,$ 3204.99,100
59,09:54:38,$ 3206.075,100
60,09:54:37,$ 3204.71,100
61,09:54:35,$ 3203.42,100
62,09:54:31,$ 3204.41,100
64,09:54:25,$ 3203.77,100
65,09:54:19,$ 3203.6725,100
66,09:54:19,$ 3203.665,100
67,09:54:18,$ 3204.9235,200
68,09:54:11,$ 3206.6701,200
69,09:54:08,$ 3207.30,100
70,09:54:08,$ 3206.77,100
71,09:54:06,$ 3207.00,100
72,09:54:05,$ 3206.9933,150
73,09:54:00,$ 3206.91,100
74,09:54:00,$ 3206.12,100
75,09:53:59,$ 3206.745,100
76,09:53:57,$ 3205.44,200
77,09:53:57,$ 3205.44,200
78,09:53:48,$ 3203.92,500
79,09:53:45,$ 3204.65,100
80,09:53:45,$ 3205.00,100
81,09:53:45,$ 3205.02,100
82,09:53:45,$ 3205.765,100
83,09:53:39,$ 3205.845,100
85,09:53:37,$ 3206.44,100
86,09:53:37,$ 3205.98,100
87,09:53:37,$ 3205.97,400
88,09:53:31,$ 3205.65,100
89,09:53:31,$ 3205.99,100
90,09:53:31,$ 3206.08,100
91,09:53:28,$ 3206.88,100
92,09:53:26,$ 3205.99,100
93,09:53:26,$ 3205.99,100
94,09:53:26,$ 3206.00,145
95,09:53:21,$ 3205.84,100
96,09:53:20,$ 3205.40,380
97,09:53:20,$ 3205.40,200
98,09:53:20,$ 3205.26,100
99,09:53:20,$ 3205.40,100
100,09:53:20,$ 3205.84,100
101,09:53:20,$ 3205.81,100
102,09:53:16,$ 3205.00,263
103,09:53:16,$ 3204.98,100
104,09:53:12,$ 3203.9001,100
106,09:53:05,$ 3203.76,100
107,09:53:05,$ 3203.84,100
108,09:52:53,$ 3204.17,100
109,09:52:53,$ 3203.17,100
110,09:52:53,$ 3203.62,100
111,09:52:53,$ 3203.60,100
112,09:52:49,$ 3204.005,100
113,09:52:49,$ 3204.00,400
114,09:52:49,$ 3204.00,400
115,09:52:46,$ 3204.97,100
116,09:52:44,$ 3204.20,100
117,09:52:43,$ 3204.095,100
118,09:52:43,$ 3204.9999,200
119,09:52:42,$ 3204.065,500
120,09:52:41,$ 3204.40,100
121,09:52:40,$ 3204.23,100
122,09:52:37,$ 3203.185,100
123,09:52:37,$ 3203.99,100
124,09:52:33,$ 3203.00,100
125,09:52:31,$ 3202.56,100
127,09:52:23,$ 3201.3113,100
128,09:52:21,$ 3201.86,100
129,09:52:21,$ 3202.10,100
130,09:52:16,$ 3200.8615,300
131,09:52:09,$ 3200.45,100
132,09:52:09,$ 3200.84,100
133,09:52:07,$ 3201.40,200
134,09:52:07,$ 3201.40,300
135,09:52:06,$ 3201.39,100
136,09:52:05,$ 3202.05,100
137,09:52:02,$ 3202.132,125
138,09:52:01,$ 3202.345,100
139,09:51:56,$ 3203.7199,100
140,09:51:54,$ 3201.7075,100
141,09:51:34,$ 3199.38,100
142,09:51:29,$ 3201.51,100
143,09:51:28,$ 3201.34,100
144,09:51:28,$ 3202.00,100
145,09:51:28,$ 3201.95,100
146,09:51:27,$ 3200.1801,200
148,09:51:25,$ 3201.56,100
149,09:51:25,$ 3202.325,100
150,09:51:25,$ 3201.60,100
151,09:51:25,$ 3201.15,100
152,09:51:25,$ 3200.70,100
153,09:51:25,$ 3200.00,117
154,09:51:25,$ 3200.00,250
155,09:51:25,$ 3200.00,100
156,09:51:23,$ 3199.04,100
157,09:51:18,$ 3198.0181,301
158,09:51:18,$ 3199.90,349
159,09:51:18,$ 3197.76,100
160,09:51:18,$ 3198.3156,100
161,09:51:12,$ 3197.00,200
162,09:51:10,$ 3196.70,100
163,09:51:04,$ 3197.10,100
164,09:51:02,$ 3195.69,100
165,09:51:01,$ 3197.90,100
166,09:51:00,$ 3198.945,100
167,09:50:54,$ 3199.19,100
169,09:50:54,$ 3199.19,100
170,09:50:53,$ 3199.81,100
171,09:50:48,$ 3198.80,100
172,09:50:47,$ 3198.75,100
173,09:50:47,$ 3198.00,170
174,09:50:47,$ 3198.00,100
175,09:50:47,$ 3198.00,103
176,09:50:47,$ 3198.00,134
177,09:50:47,$ 3198.00,229
178,09:50:46,$ 3197.33,100
179,09:50:43,$ 3197.08,100
180,09:50:39,$ 3197.75,100
181,09:50:39,$ 3197.30,100
182,09:50:39,$ 3197.35,100
183,09:50:39,$ 3197.7773,100
184,09:50:39,$ 3197.31,100
185,09:50:26,$ 3197.8746,300
186,09:50:21,$ 3198.00,200
187,09:50:19,$ 3197.00,100
188,09:50:19,$ 3197.00,100
190,09:50:18,$ 3196.1299,100
191,09:50:15,$ 3197.1345,100
192,09:50:11,$ 3196.91,100
193,09:50:11,$ 3196.90,100
194,09:50:11,$ 3196.99,100
195,09:50:04,$ 3198.71,100
196,09:50:02,$ 3197.3226,158
197,09:49:59,$ 3197.99,100
198,09:49:59,$ 3197.645,100
199,09:49:55,$ 3197.25,100
200,09:49:53,$ 3197.475,100
201,09:49:52,$ 3197.59,100
202,09:49:52,$ 3197.68,100
203,09:49:52,$ 3196.52,100
204,09:49:52,$ 3197.69,100
205,09:49:52,$ 3197.41,100
206,09:49:42,$ 3195.7828,100
207,09:49:40,$ 3196.67,100
208,09:49:40,$ 3194.8701,100
209,09:49:33,$ 3196.88,100
211,09:49:32,$ 3195.90,100
212,09:49:32,$ 3196.02,100
213,09:49:32,$ 3196.25,190
214,09:49:32,$ 3196.25,585
215,09:49:32,$ 3196.25,100
216,09:49:28,$ 3194.98,100
217,09:49:28,$ 3193.9333,723
218,09:49:25,$ 3194.8141,100
219,09:48:54,$ 3193.7728,300
220,09:48:54,$ 3195.3869,100
221,09:48:37,$ 3193.00,100
222,09:48:37,$ 3192.92,100
223,09:48:24,$ 3191.09,347
224,09:48:23,$ 3192.035,138
225,09:48:18,$ 3191.615,100
226,09:48:17,$ 3191.72,100
227,09:48:17,$ 3191.72,100
228,09:48:13,$ 3191.00,100
229,09:48:12,$ 3191.00,100
230,09:48:12,$ 3191.00,100
232,09:48:12,$ 3190.00,250
233,09:48:09,$ 3193.00,300
234,09:48:05,$ 3190.55,100
235,09:48:04,$ 3190.8334,100
236,09:48:03,$ 3192.5099,100
237,09:48:02,$ 3191.92,100
238,09:47:51,$ 3192.04,100
239,09:47:51,$ 3192.02,100
240,09:47:51,$ 3192.33,100
241,09:47:51,$ 3193.38,100
242,09:47:49,$ 3192.37,100
243,09:47:49,$ 3193.05,100
244,09:47:41,$ 3194.97,100
245,09:47:39,$ 3192.11,100
246,09:47:36,$ 3192.0001,100
247,09:47:35,$ 3191.12,100
248,09:47:35,$ 3194.02,100
249,09:47:23,$ 3192.99,100
250,09:47:22,$ 3194.475,100
251,09:47:10,$ 3190.64,100
253,09:47:10,$ 3191.56,100
254,09:47:10,$ 3190.69,100
255,09:47:10,$ 3191.43,100
256,09:47:01,$ 3192.505,100
257,09:47:00,$ 3194.71,300
258,09:47:00,$ 3194.35,300
259,09:47:00,$ 3194.84,100
260,09:47:00,$ 3193.85,100
261,09:47:00,$ 3193.87,300
262,09:47:00,$ 3193.82,100
263,09:47:00,$ 3193.87,100
264,09:47:00,$ 3192.45,100
265,09:47:00,$ 3193.22,100
266,09:47:00,$ 3192.74,300
267,09:46:59,$ 3192.77,100
268,09:46:55,$ 3191.13,100
269,09:46:55,$ 3190.98,100
270,09:46:42,$ 3188.36,100
271,09:46:39,$ 3189.82,100
272,09:46:37,$ 3191.24,100
274,09:46:37,$ 3191.29,100
275,09:46:37,$ 3191.28,100
276,09:46:37,$ 3190.00,100
277,09:46:31,$ 3191.24,139
278,09:46:09,$ 3195.00,100
279,09:46:05,$ 3195.00,100
280,09:46:04,$ 3195.00,100
281,09:46:04,$ 3195.16,100
282,09:46:00,$ 3196.83,100
283,09:45:53,$ 3196.99,100
284,09:45:52,$ 3196.25,248
285,09:45:52,$ 3196.25,150
286,09:45:52,$ 3196.25,100
287,09:45:52,$ 3196.25,100
288,09:45:52,$ 3196.25,187
289,09:45:52,$ 3196.25,100
290,09:45:50,$ 3196.22,100
291,09:45:49,$ 3196.25,100
292,09:45:48,$ 3195.00,100
293,09:45:44,$ 3194.645,100
295,09:45:24,$ 3192.94,200
296,09:45:22,$ 3193.65,200
297,09:45:06,$ 3191.80,100
298,09:45:03,$ 3193.2245,191
299,09:45:01,$ 3192.00,100
300,09:45:01,$ 3192.00,100
301,09:44:43,$ 3191.00,100
302,09:44:40,$ 3189.65,100
303,09:44:38,$ 3191.12,100
304,09:44:29,$ 3190.86,100
305,09:44:23,$ 3191.1429,127
306,09:44:11,$ 3190.11,100
307,09:44:06,$ 3189.325,100
308,09:44:06,$ 3190.00,100
309,09:44:05,$ 3190.21,100
310,09:44:04,$ 3190.10,100
311,09:44:03,$ 3191.77,100
312,09:44:03,$ 3191.788,500
313,09:44:03,$ 3191.79,100
314,09:44:02,$ 3190.685,114
316,09:43:59,$ 3190.00,127
317,09:43:59,$ 3190.01,100
318,09:43:59,$ 3190.01,100
319,09:43:59,$ 3190.1954,399
320,09:43:58,$ 3190.37,100
321,09:43:57,$ 3190.37,120
322,09:43:57,$ 3190.37,100
323,09:43:57,$ 3190.73,100
324,09:43:55,$ 3192.205,100
325,09:43:55,$ 3192.205,113
326,09:43:53,$ 3192.248,500
327,09:43:53,$ 3192.05,100
328,09:43:53,$ 3191.70,100
329,09:43:52,$ 3192.32,100
330,09:43:52,$ 3192.30,100
331,09:43:50,$ 3194.0385,100
332,09:43:49,$ 3192.84,100
333,09:43:46,$ 3195.00,200
334,09:43:37,$ 3196.11,100
335,09:43:34,$ 3195.64,157
337,09:43:31,$ 3196.4731,500
338,09:43:30,$ 3197.45,150
339,09:43:29,$ 3197.5838,200
340,09:43:28,$ 3197.435,100
341,09:43:27,$ 3196.97,100
342,09:43:27,$ 3198.58,100
343,09:43:26,$ 3197.14,100
344,09:43:25,$ 3196.885,100
345,09:43:25,$ 3196.88,100
346,09:43:24,$ 3197.53,100
347,09:43:23,$ 3196.34,100
348,09:43:22,$ 3196.89,100
349,09:43:22,$ 3196.335,100
350,09:43:22,$ 3197.54,100
351,09:43:21,$ 3196.79,100
352,09:43:17,$ 3195.97,100
353,09:43:00,$ 3194.335,100
354,09:42:59,$ 3194.58,100
355,09:42:59,$ 3194.84,100
356,09:42:58,$ 3195.6718,100
358,09:42:51,$ 3194.77,220
359,09:42:51,$ 3194.02,100
360,09:42:49,$ 3194.61,100
361,09:42:49,$ 3194.75,100
362,09:42:47,$ 3194.75,100
363,09:42:44,$ 3195.44,100
364,09:42:33,$ 3196.99,100
365,09:42:33,$ 3196.20,100
366,09:42:33,$ 3197.02,100
367,09:42:33,$ 3196.98,100
368,09:42:32,$ 3195.0307,157
369,09:42:31,$ 3196.41,100
370,09:42:30,$ 3196.25,100
371,09:42:16,$ 3195.21,100
372,09:42:11,$ 3194.69,100
373,09:42:10,$ 3194.25,100
374,09:42:08,$ 3196.39,100
375,09:41:57,$ 3196.385,400
376,09:41:55,$ 3198.81,100
377,09:41:55,$ 3198.97,279
379,09:41:54,$ 3196.83,100
380,09:41:54,$ 3197.18,100
381,09:41:54,$ 3197.23,196
382,09:41:53,$ 3196.8747,200
383,09:41:53,$ 3197.24,100
384,09:41:51,$ 3197.08,100
385,09:41:51,$ 3197.07,100
386,09:41:51,$ 3196.58,300
387,09:41:51,$ 3197.07,100
388,09:41:51,$ 3193.4989,100
389,09:41:50,$ 3194.03,100
390,09:41:50,$ 3194.03,100
391,09:41:50,$ 3193.71,100
392,09:41:50,$ 3194.03,100
393,09:41:49,$ 3193.19,100
394,09:41:48,$ 3193.18,168
395,09:41:48,$ 3193.06,100
396,09:41:48,$ 3193.18,123
397,09:41:48,$ 3192.38,100
398,09:41:48,$ 3193.22,100
400,09:41:47,$ 3193.18,200
401,09:41:47,$ 3193.18,100
402,09:41:47,$ 3193.185,100
403,09:41:45,$ 3193.175,100
404,09:41:44,$ 3192.31,400
405,09:41:43,$ 3193.33,100
406,09:41:43,$ 3193.33,100
407,09:41:40,$ 3194.4225,400
408,09:41:40,$ 3195.6299,400
409,09:41:37,$ 3195.00,143
410,09:41:30,$ 3196.00,100
411,09:41:30,$ 3196.00,100
412,09:41:30,$ 3196.28,100
413,09:41:30,$ 3196.775,120
414,09:41:30,$ 3196.775,200
415,09:41:30,$ 3196.775,100
416,09:41:30,$ 3196.775,100
417,09:41:19,$ 3198.17,100
418,09:41:19,$ 3198.64,100
419,09:41:13,$ 3197.18,100
421,09:41:11,$ 3199.18,100
422,09:41:05,$ 3197.81,100
423,09:41:04,$ 3196.2901,100
424,09:41:04,$ 3197.275,100
425,09:41:04,$ 3197.08,100
426,09:41:02,$ 3200.26,100
427,09:41:02,$ 3196.69,100
428,09:40:59,$ 3201.065,100
429,09:40:58,$ 3200.00,100
430,09:40:58,$ 3201.01,100
431,09:40:46,$ 3201.96,100
432,09:40:33,$ 3200.55,100
433,09:40:32,$ 3201.0377,188
434,09:40:32,$ 3200.7134,189
435,09:40:32,$ 3200.7134,123
436,09:40:31,$ 3201.46,100
437,09:40:31,$ 3202.0458,563
438,09:40:31,$ 3203.60,100
439,09:40:30,$ 3202.03,100
440,09:40:30,$ 3202.53,152
442,09:40:30,$ 3202.54,160
443,09:40:30,$ 3203.62,100
444,09:40:29,$ 3204.52,100
445,09:40:29,$ 3204.52,100
446,09:40:29,$ 3205.00,100
447,09:40:25,$ 3207.6952,100
448,09:40:20,$ 3207.07,300
449,09:40:16,$ 3208.26,100
450,09:40:16,$ 3208.26,100
451,09:40:14,$ 3207.135,200
452,09:40:13,$ 3206.91,100
453,09:40:13,$ 3206.90,100
454,09:40:13,$ 3207.78,100
455,09:40:09,$ 3206.46,100
456,09:40:06,$ 3205.49,100
457,09:40:05,$ 3205.8057,200
458,09:40:01,$ 3206.05,128
459,09:40:01,$ 3206.06,600
460,09:40:00,$ 3206.785,100
461,09:40:00,$ 3206.74,100
463,09:40:00,$ 3206.625,200
464,09:40:00,$ 3207.60,100
465,09:40:00,$ 3206.625,100
466,09:40:00,$ 3207.40,100
467,09:39:51,$ 3206.61,100
468,09:39:46,$ 3206.82,100
469,09:39:46,$ 3206.33,100
470,09:39:46,$ 3206.79,100
471,09:39:44,$ 3206.77,100
472,09:39:44,$ 3206.42,100
473,09:39:41,$ 3206.81,100
474,09:39:40,$ 3206.11,500
475,09:39:38,$ 3205.67,100
476,09:39:37,$ 3208.9699,100
477,09:39:37,$ 3205.5901,109
478,09:39:33,$ 3206.42,100
479,09:39:30,$ 3205.94,100
480,09:39:30,$ 3206.23,100
481,09:39:29,$ 3207.65,100
482,09:39:29,$ 3207.65,100
484,09:39:29,$ 3207.65,100
485,09:39:29,$ 3210.32,200
486,09:39:25,$ 3210.21,100
487,09:39:25,$ 3209.11,100
488,09:39:25,$ 3209.11,100
489,09:39:24,$ 3209.95,100
490,09:39:24,$ 3209.9616,500
491,09:39:24,$ 3209.95,100
492,09:39:24,$ 3209.96,100
493,09:39:22,$ 3209.70,100
494,09:39:21,$ 3209.945,200
495,09:39:20,$ 3210.34,100
496,09:39:17,$ 3208.81,100
497,09:39:14,$ 3208.98,100
498,09:39:10,$ 3208.3395,155
499,09:39:09,$ 3207.00,100
500,09:39:08,$ 3207.425,100
501,09:39:07,$ 3207.85,100
502,09:39:07,$ 3205.3707,375
503,09:39:07,$ 3208.44,100
505,09:39:07,$ 3208.44,100
506,09:39:07,$ 3208.43,100
507,09:39:06,$ 3208.87,100
508,09:39:05,$ 3208.89,100
509,09:39:04,$ 3209.10,100
510,09:39:04,$ 3209.27,100
511,09:39:04,$ 3209.25,100
512,09:39:04,$ 3209.62,100
513,09:39:04,$ 3209.50,100
514,09:39:04,$ 3209.2538,200
515,09:39:04,$ 3209.30,100
516,09:39:03,$ 3210.295,100
517,09:39:03,$ 3210.13,500
518,09:39:03,$ 3210.13,100
519,09:39:02,$ 3210.04,100
520,09:39:02,$ 3210.09,268
521,09:39:02,$ 3210.04,100
522,09:38:59,$ 3210.00,100
523,09:38:56,$ 3208.80,100
524,09:38:56,$ 3210.68,100
526,09:38:56,$ 3210.73,100
527,09:38:56,$ 3210.68,100
528,09:38:56,$ 3209.8145,100
529,09:38:55,$ 3210.09,100
530,09:38:55,$ 3210.03,200
531,09:38:55,$ 3210.00,100
532,09:38:55,$ 3209.33,140
533,09:38:55,$ 3209.28,100
534,09:38:55,$ 3208.54,100
535,09:38:55,$ 3208.49,100
536,09:38:55,$ 3207.86,100
537,09:38:55,$ 3207.86,100
538,09:38:55,$ 3208.00,106
539,09:38:54,$ 3207.65,100
540,09:38:51,$ 3206.19,200
541,09:38:51,$ 3205.50,100
542,09:38:47,$ 3207.11,100
543,09:38:45,$ 3208.54,100
544,09:38:44,$ 3206.47,100
545,09:38:37,$ 3205.24,100
547,09:38:36,$ 3203.2657,500
548,09:38:35,$ 3203.88,100
549,09:38:35,$ 3205.47,100
550,09:38:35,$ 3205.47,100
551,09:38:35,$ 3205.47,100
552,09:38:35,$ 3207.22,200
553,09:38:35,$ 3205.79,100
554,09:38:35,$ 3206.375,100
555,09:38:29,$ 3207.52,100
556,09:38:26,$ 3205.64,880
557,09:38:26,$ 3205.64,300
558,09:38:26,$ 3207.11,100
559,09:38:26,$ 3207.86,100
560,09:38:26,$ 3208.63,200
561,09:38:26,$ 3206.77,100
562,09:38:26,$ 3208.00,241
563,09:38:26,$ 3208.00,100
564,09:38:26,$ 3208.00,100
565,09:38:26,$ 3208.00,100
566,09:38:26,$ 3207.52,100
568,09:38:26,$ 3207.52,100
569,09:38:26,$ 3207.57,100
570,09:38:26,$ 3207.57,100
571,09:38:26,$ 3207.38,100
572,09:38:26,$ 3207.43,100
573,09:38:25,$ 3207.0405,100
574,09:38:20,$ 3206.44,100
575,09:38:18,$ 3205.60,100
576,09:38:18,$ 3206.44,100
577,09:38:18,$ 3206.27,100
578,09:38:18,$ 3206.12,700
579,09:38:15,$ 3206.12,100
580,09:38:13,$ 3207.78,100
581,09:38:11,$ 3206.99,100
582,09:38:10,$ 3206.80,100
583,09:38:09,$ 3206.38,100
584,09:38:09,$ 3206.37,100
585,09:38:05,$ 3205.982,913
586,09:38:05,$ 3206.64,200
587,09:38:05,$ 3206.64,100
589,09:38:03,$ 3206.00,100
590,09:38:00,$ 3202.54,100
591,09:38:00,$ 3202.84,100
592,09:38:00,$ 3202.84,100
593,09:37:56,$ 3203.942,125
594,09:37:55,$ 3203.61,100
595,09:37:55,$ 3203.94,100
596,09:37:53,$ 3203.83,100
597,09:37:50,$ 3201.71,100
598,09:37:48,$ 3202.91,100
599,09:37:47,$ 3202.97,100
600,09:37:46,$ 3203.50,147
601,09:37:45,$ 3202.24,100
602,09:37:43,$ 3202.00,100
603,09:37:43,$ 3202.09,100
604,09:37:43,$ 3201.1434,100
605,09:37:41,$ 3201.25,100
606,09:37:41,$ 3200.4491,100
607,09:37:40,$ 3201.23,500
608,09:37:39,$ 3201.05,100
610,09:37:38,$ 3201.02,100
611,09:37:38,$ 3200.95,100
612,09:37:35,$ 3201.765,200
613,09:37:22,$ 3200.60,100
614,09:37:19,$ 3200.53,100
615,09:37:19,$ 3200.59,100
616,09:37:16,$ 3200.31,100
617,09:37:16,$ 3200.60,100
618,09:37:16,$ 3200.60,100
619,09:37:15,$ 3200.40,100
620,09:37:15,$ 3200.64,100
621,09:37:15,$ 3202.00,900
622,09:37:14,$ 3202.99,100
623,09:37:12,$ 3203.57,100
624,09:37:11,$ 3203.97,100
625,09:37:09,$ 3204.50,100
626,09:37:09,$ 3204.06,100
627,09:37:09,$ 3204.50,100
628,09:37:07,$ 3203.17,100
629,09:37:07,$ 3204.95,100
631,09:37:06,$ 3204.8641,150
632,09:37:03,$ 3204.552,100
633,09:36:59,$ 3203.82,100
634,09:36:56,$ 3203.32,100
635,09:36:55,$ 3203.895,100
636,09:36:50,$ 3203.815,100
637,09:36:48,$ 3205.36,100
638,09:36:48,$ 3204.59,100
639,09:36:46,$ 3203.76,100
640,09:36:44,$ 3203.32,100
641,09:36:44,$ 3203.32,100
642,09:36:44,$ 3203.32,100
643,09:36:44,$ 3203.32,100
644,09:36:42,$ 3204.46,100
645,09:36:39,$ 3204.515,100
646,09:36:33,$ 3202.799,100
647,09:36:33,$ 3202.82,100
648,09:36:33,$ 3202.79,100
649,09:36:33,$ 3202.79,100
650,09:36:33,$ 3202.80,100
652,09:36:33,$ 3202.80,100
653,09:36:33,$ 3202.77,100
654,09:36:27,$ 3202.50,400
655,09:36:27,$ 3202.50,116
656,09:36:24,$ 3203.62,100
657,09:36:24,$ 3203.62,100
658,09:36:23,$ 3205.0102,100
659,09:36:21,$ 3205.09,100
660,09:36:20,$ 3206.01,200
661,09:36:20,$ 3205.29,100
662,09:36:15,$ 3205.92,100
663,09:36:13,$ 3206.7622,311
664,09:36:11,$ 3206.79,100
665,09:36:10,$ 3205.80,100
666,09:36:10,$ 3206.23,400
667,09:36:09,$ 3205.46,200
668,09:36:08,$ 3204.83,300
669,09:36:08,$ 3204.65,130
670,09:36:08,$ 3205.00,100
671,09:36:08,$ 3205.00,106
673,09:36:04,$ 3202.2076,100
674,09:36:02,$ 3204.46,100
675,09:36:02,$ 3203.31,100
676,09:36:01,$ 3202.39,100
677,09:35:59,$ 3202.47,100
678,09:35:57,$ 3202.91,100
679,09:35:56,$ 3203.4504,261
680,09:35:53,$ 3203.37,100
681,09:35:53,$ 3203.00,100
682,09:35:53,$ 3202.95,100
683,09:35:51,$ 3202.01,100
684,09:35:50,$ 3200.99,100
685,09:35:50,$ 3200.99,100
686,09:35:49,$ 3200.98,200
687,09:35:44,$ 3200.08,100
688,09:35:44,$ 3201.5424,300
689,09:35:41,$ 3202.44,200
690,09:35:38,$ 3201.22,100
691,09:35:37,$ 3202.6655,100
692,09:35:37,$ 3202.5391,100
694,09:35:35,$ 3201.96,100
695,09:35:35,$ 3201.96,840
696,09:35:30,$ 3199.96,100
697,09:35:29,$ 3199.73,100
698,09:35:29,$ 3199.94,100
699,09:35:23,$ 3197.33,100
700,09:35:23,$ 3197.29,100
701,09:35:19,$ 3198.39,100
702,09:35:19,$ 3198.45,100
703,09:35:18,$ 3198.4501,100
704,09:35:18,$ 3199.99,400
705,09:35:07,$ 3200.01,467
706,09:35:04,$ 3198.00,394
707,09:35:04,$ 3198.00,196
708,09:35:04,$ 3197.99,100
709,09:35:04,$ 3197.73,100
710,09:35:03,$ 3196.76,100
711,09:35:02,$ 3196.28,100
712,09:35:01,$ 3197.60,100
713,09:35:00,$ 3199.395,100
715,09:34:58,$ 3198.2011,150
716,09:34:54,$ 3200.07,100
717,09:34:54,$ 3199.51,100
718,09:34:54,$ 3199.00,113
719,09:34:51,$ 3200.00,306
720,09:34:51,$ 3199.98,100
721,09:34:51,$ 3200.00,100
722,09:34:51,$ 3200.00,216
723,09:34:51,$ 3199.00,100
724,09:34:51,$ 3199.00,100
725,09:34:51,$ 3199.00,100
726,09:34:48,$ 3199.50,206
727,09:34:48,$ 3199.50,174
728,09:34:46,$ 3199.20,100
729,09:34:46,$ 3199.28,100
730,09:34:44,$ 3200.10,400
731,09:34:44,$ 3199.64,100
732,09:34:41,$ 3200.00,100
733,09:34:39,$ 3198.39,200
734,09:34:37,$ 3199.60,100
736,09:34:36,$ 3200.50,188
737,09:34:36,$ 3200.50,100
738,09:34:34,$ 3200.60,100
739,09:34:30,$ 3200.20,232
740,09:34:30,$ 3200.20,116
741,09:34:30,$ 3200.20,216
742,09:34:30,$ 3199.96,100
743,09:34:30,$ 3198.865,100
744,09:34:27,$ 3197.1335,100
745,09:34:22,$ 3200.3726,351
746,09:34:20,$ 3201.96,100
747,09:34:20,$ 3203.05,100
748,09:34:15,$ 3203.3829,200
749,09:34:15,$ 3204.79,100
750,09:34:15,$ 3204.40,100
751,09:34:15,$ 3205.00,100
752,09:34:14,$ 3204.614,300
753,09:34:14,$ 3203.62,100
754,09:34:13,$ 3203.768,100
755,09:34:13,$ 3205.00,100
757,09:34:12,$ 3204.09,100
758,09:34:12,$ 3205.00,100
759,09:34:11,$ 3203.50,100
760,09:34:11,$ 3204.95,100
761,09:34:10,$ 3202.9323,100
762,09:34:10,$ 3203.84,100
763,09:34:10,$ 3203.84,200
764,09:34:10,$ 3203.79,100
765,09:34:10,$ 3203.51,100
766,09:34:10,$ 3203.51,100
767,09:34:09,$ 3199.89,100
768,09:34:09,$ 3200.43,300
769,09:34:09,$ 3200.87,100
770,09:34:06,$ 3205.00,100
771,09:34:06,$ 3205.00,100
772,09:34:04,$ 3204.27,100
773,09:34:03,$ 3204.26,100
774,09:34:03,$ 3204.25,100
775,09:34:03,$ 3204.25,100
776,09:34:03,$ 3204.25,100
778,09:34:01,$ 3205.00,100
779,09:34:01,$ 3205.00,100
780,09:34:01,$ 3205.00,100
781,09:34:01,$ 3204.94,100
782,09:34:01,$ 3203.56,100
783,09:33:59,$ 3201.9234,100
784,09:33:59,$ 3203.55,100
785,09:33:58,$ 3202.16,100
786,09:33:57,$ 3201.98,100
787,09:33:57,$ 3200.14,300
788,09:33:57,$ 3200.67,100
789,09:33:57,$ 3201.42,300
790,09:33:57,$ 3201.60,100
791,09:33:57,$ 3200.00,270
792,09:33:57,$ 3199.50,100
793,09:33:57,$ 3199.79,100
794,09:33:57,$ 3200.00,100
795,09:33:57,$ 3200.00,100
796,09:33:57,$ 3200.00,302
797,09:33:56,$ 3198.745,103
799,09:33:56,$ 3199.39,100
800,09:33:55,$ 3199.39,100
801,09:33:55,$ 3199.00,163
802,09:33:55,$ 3199.00,100
803,09:33:55,$ 3196.37,325
804,09:33:55,$ 3196.37,175
805,09:33:54,$ 3197.00,200
806,09:33:54,$ 3197.00,100
807,09:33:50,$ 3195.75,100
808,09:33:49,$ 3196.22,100
809,09:33:49,$ 3195.74,100
810,09:33:49,$ 3195.74,100
811,09:33:48,$ 3195.68,100
812,09:33:48,$ 3195.68,103
813,09:33:47,$ 3195.705,100
814,09:33:45,$ 3196.47,100
815,09:33:45,$ 3196.05,100
816,09:33:44,$ 3195.48,100
817,09:33:44,$ 3196.00,100
818,09:33:44,$ 3196.00,100
820,09:33:44,$ 3194.455,100
821,09:33:37,$ 3193.98,100
822,09:33:33,$ 3194.74,100
823,09:33:33,$ 3195.08,100
824,09:33:31,$ 3193.03,100
825,09:33:30,$ 3195.41,100
826,09:33:30,$ 3195.42,100
827,09:33:29,$ 3193.4452,100
828,09:33:29,$ 3194.19,100
829,09:33:29,$ 3193.81,100
830,09:33:29,$ 3193.81,100
831,09:33:29,$ 3193.81,100
832,09:33:29,$ 3193.81,100
833,09:33:26,$ 3195.00,179
834,09:33:26,$ 3195.00,570
835,09:33:26,$ 3195.00,300
836,09:33:26,$ 3195.00,150
837,09:33:26,$ 3195.00,100
838,09:33:26,$ 3194.66,100
839,09:33:25,$ 3194.20,100
841,09:33:23,$ 3194.52,100
842,09:33:20,$ 3194.42,400
843,09:33:20,$ 3194.00,200
844,09:33:20,$ 3194.00,325
845,09:33:11,$ 3191.78,100
846,09:33:10,$ 3192.81,200
847,09:33:07,$ 3190.525,100
848,09:33:04,$ 3192.95,100
849,09:33:04,$ 3192.03,100
850,09:33:03,$ 3191.42,100
851,09:33:02,$ 3190.62,100
852,09:33:01,$ 3191.50,240
853,09:33:00,$ 3192.105,100
854,09:33:00,$ 3192.54,100
855,09:33:00,$ 3192.54,100
856,09:32:59,$ 3192.54,100
857,09:32:59,$ 3191.925,100
858,09:32:59,$ 3191.50,413
859,09:32:59,$ 3191.17,100
860,09:32:59,$ 3192.4393,100
862,09:32:55,$ 3192.00,200
863,09:32:51,$ 3189.9509,300
864,09:32:51,$ 3190.41,300
865,09:32:51,$ 3189.827,100
866,09:32:51,$ 3190.41,100
867,09:32:49,$ 3189.90,100
868,09:32:48,$ 3190.55,200
869,09:32:46,$ 3189.1234,100
870,09:32:46,$ 3189.3544,500
871,09:32:44,$ 3189.96,111
872,09:32:44,$ 3190.00,100
873,09:32:43,$ 3189.1511,300
874,09:32:38,$ 3189.99,200
875,09:32:36,$ 3188.0101,100
876,09:32:36,$ 3189.32,100
877,09:32:27,$ 3188.73,200
878,09:32:18,$ 3189.9999,100
879,09:32:18,$ 3189.9999,100
880,09:32:18,$ 3186.39,100
881,09:32:18,$ 3186.98,100
883,09:32:16,$ 3183.4099,100
884,09:32:13,$ 3183.66,100
885,09:32:13,$ 3185.22,100
886,09:32:12,$ 3185.96,100
887,09:32:11,$ 3188.72,200
888,09:32:06,$ 3189.01,132
889,09:32:06,$ 3189.01,100
890,09:32:06,$ 3189.01,132
891,09:32:06,$ 3189.07,100
892,09:32:04,$ 3189.78,100
893,09:32:01,$ 3189.27,100
894,09:31:58,$ 3190.16,200
895,09:31:56,$ 3189.265,121
896,09:31:56,$ 3187.97,100
897,09:31:56,$ 3189.26,100
898,09:31:55,$ 3190.56,100
899,09:31:52,$ 3188.7897,103
900,09:31:52,$ 3187.00,100
901,09:31:52,$ 3188.77,100
902,09:31:48,$ 3188.685,500
904,09:31:47,$ 3186.86,100
905,09:31:44,$ 3190.55,400
906,09:31:40,$ 3186.86,100
907,09:31:40,$ 3188.215,100
908,09:31:40,$ 3186.92,200
909,09:31:39,$ 3187.8874,100
910,09:31:38,$ 3186.05,100
911,09:31:38,$ 3187.1779,500
912,09:31:37,$ 3188.1444,140
913,09:31:36,$ 3190.93,423
914,09:31:36,$ 3190.88,156
915,09:31:36,$ 3190.88,100
916,09:31:36,$ 3190.88,100
917,09:31:36,$ 3190.88,100
918,09:31:35,$ 3191.55,100
919,09:31:33,$ 3190.93,100
920,09:31:32,$ 3192.88,100
921,09:31:32,$ 3192.17,100
922,09:31:32,$ 3191.95,100
923,09:31:31,$ 3193.38,100
925,09:31:30,$ 3193.2362,100
926,09:31:29,$ 3193.73,100
927,09:31:29,$ 3192.46,100
928,09:31:28,$ 3193.00,333
929,09:31:27,$ 3193.105,100
930,09:31:25,$ 3193.19,100
931,09:31:25,$ 3193.93,200
932,09:31:22,$ 3192.4601,103
933,09:31:19,$ 3193.25,100
934,09:31:18,$ 3193.69,100
935,09:31:18,$ 3193.79,100
936,09:31:18,$ 3193.70,199
937,09:31:18,$ 3192.975,100
938,09:31:16,$ 3193.4876,200
939,09:31:16,$ 3192.722,100
940,09:31:14,$ 3191.30,100
941,09:31:14,$ 3191.3827,200
942,09:31:13,$ 3191.93,200
943,09:31:13,$ 3190.93,160
944,09:31:13,$ 3190.93,100
946,09:31:13,$ 3190.95,100
947,09:31:13,$ 3190.93,219
948,09:31:11,$ 3189.91,100
949,09:31:10,$ 3190.45,100
950,09:31:10,$ 3189.86,100
951,09:31:09,$ 3187.80,100
952,09:31:09,$ 3191.94,200
953,09:31:07,$ 3188.5507,500
954,09:31:05,$ 3187.15,100
955,09:31:04,$ 3188.36,100
956,09:31:02,$ 3186.91,100
957,09:31:01,$ 3185.96,100
958,09:31:00,$ 3190.25,100
959,09:31:00,$ 3190.14,100
960,09:31:00,$ 3190.09,119
961,09:30:59,$ 3190.02,100
962,09:30:59,$ 3189.97,100
963,09:30:55,$ 3192.41,100
964,09:30:53,$ 3192.65,100
965,09:30:50,$ 3190.98,100
967,09:30:46,$ 3191.02,100
968,09:30:46,$ 3191.96,100
969,09:30:46,$ 3191.96,100
970,09:30:46,$ 3191.96,100
971,09:30:46,$ 3191.96,100
972,09:30:46,$ 3191.96,100
973,09:30:46,$ 3191.96,100
974,09:30:46,$ 3192.29,100
975,09:30:46,$ 3193.53,100
976,09:30:45,$ 3193.53,100
977,09:30:45,$ 3193.535,100
978,09:30:42,$ 3193.565,100
979,09:30:42,$ 3194.51,100
980,09:30:41,$ 3194.55,101
981,09:30:40,$ 3192.9192,113
982,09:30:40,$ 3194.33,100
983,09:30:39,$ 3193.005,103
984,09:30:35,$ 3193.5461,200
985,09:30:31,$ 3192.90,100
986,09:30:31,$ 3192.90,200
988,09:30:28,$ 3192.99,100
989,09:30:28,$ 3192.99,100
990,09:30:27,$ 3190.88,100
991,09:30:27,$ 3190.88,200
992,09:30:25,$ 3190.14,100
993,09:30:24,$ 3189.3647,100
994,09:30:24,$ 3190.17,100
995,09:30:20,$ 3190.51,100
996,09:30:20,$ 3190.09,100
997,09:30:18,$ 3189.51,100
998,09:30:18,$ 3192.08,100
999,09:30:18,$ 3190.69,100
1000,09:30:13,$ 3188.96,100
1001,09:30:13,$ 3188.14,100
1002,09:30:13,$ 3188.13,100
1003,09:30:11,$ 3188.699,100
1004,09:30:09,$ 3187.09,"1,581"
1005,09:30:07,$ 3188.00,150
1006,09:30:04,$ 3185.94,100
1007,09:30:03,$ 3186.76,100
1009,09:30:03,$ 3186.68,100
1010,09:30:01,$ 3186.40,100
1011,09:30:01,$ 3185.56,1
1012,09:30:01,$ 3185.56,1
1013,09:30:01,$ 3185.56,3
1014,09:30:01,$ 3185.56,1
1015,09:30:01,$ 3185.56,182
1016,09:30:01,$ 3185.56,1
1017,09:30:01,$ 3185.56,11
1018,09:30:01,$ 3185.56,2
1019,09:30:01,$ 3185.56,7
1020,09:30:01,$ 3185.56,2
1021,09:30:01,$ 3185.56,1
1022,09:30:01,$ 3185.56,2
1023,09:30:01,$ 3185.56,1
1024,09:30:01,$ 3185.56,3
1025,09:30:01,$ 3185.56,1
1026,09:30:01,$ 3185.56,130
1027,09:30:01,$ 3185.56,3
1028,09:30:01,$ 3185.56,6
1030,09:30:01,$ 3185.56,25
1031,09:30:01,$ 3185.56,2
1032,09:30:01,$ 3185.56,1
1033,09:30:01,$ 3185.56,186
1034,09:30:01,$ 3185.56,1
1035,09:30:01,$ 3185.56,1
1036,09:30:01,$ 3185.56,1
1037,09:30:01,$ 3185.56,3
1038,09:30:01,$ 3185.56,2
1039,09:30:01,$ 3185.56,3
1040,09:30:01,$ 3185.56,1
1041,09:30:01,$ 3185.56,1
1042,09:30:01,$ 3185.56,5
1043,09:30:01,$ 3185.56,5
1044,09:30:01,$ 3185.56,1
1045,09:30:01,$ 3185.56,15
1046,09:30:01,$ 3185.56,1
1047,09:30:01,$ 3185.56,11
1048,09:30:01,$ 3185.56,22
1049,09:30:01,$ 3185.56,12
1051,09:30:01,$ 3185.56,1
1052,09:30:01,$ 3185.56,2
1053,09:30:01,$ 3185.56,10
1054,09:30:01,$ 3185.56,2
1055,09:30:01,$ 3185.56,1
1056,09:30:01,$ 3185.56,10
1057,09:30:01,$ 3185.56,2
1058,09:30:01,$ 3185.56,1
1059,09:30:01,$ 3185.56,2
1060,09:30:01,$ 3185.56,3
1061,09:30:01,$ 3185.56,1
1062,09:30:01,$ 3185.56,1
1063,09:30:01,$ 3185.56,10
1064,09:30:01,$ 3185.56,5
1065,09:30:01,$ 3185.56,50
1066,09:30:01,$ 3185.56,1
1067,09:30:01,$ 3185.56,12
1068,09:30:01,$ 3185.56,6
1069,09:30:01,$ 3185.56,7
1070,09:30:01,$ 3185.56,1
1072,09:30:01,$ 3185.56,158
1073,09:30:01,$ 3185.56,47
1074,09:30:01,$ 3185.56,2
1075,09:30:01,$ 3185.56,2
1076,09:30:01,$ 3185.56,5
1077,09:30:01,$ 3185.56,15
1078,09:30:01,$ 3185.56,6
1079,09:30:01,$ 3185.56,1
1080,09:30:01,$ 3185.56,11
1081,09:30:01,$ 3185.56,5
1082,09:30:01,$ 3185.56,1
1083,09:30:01,$ 3185.56,3
1084,09:30:01,$ 3185.56,30
1085,09:30:01,$ 3185.56,2
1086,09:30:01,$ 3185.56,1
1087,09:30:01,$ 3185.56,32
1088,09:30:01,$ 3185.56,4
1089,09:30:01,$ 3185.56,2
1090,09:30:01,$ 3185.56,1
1091,09:30:01,$ 3185.56,1
1093,09:30:01,$ 3185.56,52
1094,09:30:01,$ 3185.56,3
1095,09:30:01,$ 3185.56,1
1096,09:30:01,$ 3185.56,1
1097,09:30:01,$ 3185.56,1
1098,09:30:01,$ 3185.56,3
1099,09:30:01,$ 3185.56,23
1100,09:30:01,$ 3185.56,25
1101,09:30:01,$ 3185.56,1
1102,09:30:01,$ 3185.56,2
1103,09:30:01,$ 3185.56,1
1104,09:30:01,$ 3185.56,2
1105,09:30:01,$ 3185.56,20
1106,09:30:01,$ 3185.56,1
1107,09:30:01,$ 3185.56,1
1108,09:30:01,$ 3185.56,2
1109,09:30:01,$ 3185.56,5
1110,09:30:01,$ 3185.56,2
1111,09:30:01,$ 3185.56,60
1112,09:30:01,$ 3185.56,47
1114,09:30:01,$ 3185.56,2
1115,09:30:01,$ 3185.56,1
1116,09:30:01,$ 3185.56,5
1117,09:30:01,$ 3185.56,4
1118,09:30:01,$ 3185.56,2
1119,09:30:01,$ 3185.56,1
1120,09:30:01,$ 3185.56,10
1121,09:30:01,$ 3185.56,1
1122,09:30:01,$ 3185.56,3
1123,09:30:01,$ 3185.56,10
1124,09:30:01,$ 3185.56,1
1125,09:30:01,$ 3185.56,2
1126,09:30:01,$ 3185.56,1
1127,09:30:01,$ 3185.56,1
1128,09:30:01,$ 3185.56,1
1129,09:30:01,$ 3185.56,1
1130,09:30:01,$ 3185.56,1
1131,09:30:01,$ 3185.56,5
1132,09:30:01,$ 3185.56,10
1133,09:30:01,$ 3185.56,1
1135,09:30:01,$ 3185.56,106
1136,09:30:01,$ 3185.56,3
1137,09:30:01,$ 3185.56,64
1138,09:30:01,$ 3185.56,3
1139,09:30:01,$ 3185.56,5
1140,09:30:01,$ 3185.56,1
1141,09:30:01,$ 3185.56,30
1142,09:30:01,$ 3185.56,1
1143,09:30:01,$ 3185.56,2
1144,09:30:01,$ 3185.56,1
1145,09:30:01,$ 3185.56,5
1146,09:30:01,$ 3185.56,3
1147,09:30:01,$ 3185.56,3
1148,09:30:01,$ 3185.56,3
1149,09:30:01,$ 3185.56,10
1150,09:30:01,$ 3185.56,1
1151,09:30:01,$ 3185.56,5
1152,09:30:01,$ 3185.56,1
1153,09:30:01,$ 3185.56,1
1154,09:30:01,$ 3185.56,4
1156,09:30:01,$ 3185.56,10
1157,09:30:01,$ 3185.56,1
1158,09:30:01,$ 3185.56,1
1159,09:30:01,$ 3185.56,60
1160,09:30:01,$ 3185.56,4
1161,09:30:01,$ 3185.56,1
1162,09:30:01,$ 3185.56,2
1163,09:30:01,$ 3185.56,6
1164,09:30:01,$ 3185.56,7
1165,09:30:01,$ 3185.56,1
1166,09:30:01,$ 3185.56,1
1167,09:30:01,$ 3185.56,3
1168,09:30:01,$ 3185.56,1
1169,09:30:01,$ 3185.56,4
1170,09:30:01,$ 3185.56,5
1171,09:30:01,$ 3185.56,4
1172,09:30:01,$ 3185.56,1
1173,09:30:01,$ 3185.56,3
1174,09:30:01,$ 3185.56,100
1175,09:30:01,$ 3185.56,7
1177,09:30:01,$ 3185.56,2
1178,09:30:01,$ 3185.56,4
1179,09:30:01,$ 3185.56,1
1180,09:30:01,$ 3185.56,3
1181,09:30:01,$ 3185.56,1
1182,09:30:01,$ 3185.56,10
1183,09:30:01,$ 3185.56,2
1184,09:30:01,$ 3185.56,15
1185,09:30:01,$ 3185.56,5
1186,09:30:01,$ 3185.56,2
1187,09:30:01,$ 3185.56,1
1188,09:30:01,$ 3185.56,3
1189,09:30:01,$ 3185.56,5
1190,09:30:01,$ 3185.56,2
1191,09:30:01,$ 3185.56,1
1192,09:30:01,$ 3185.56,2
1193,09:30:01,$ 3185.56,2
1194,09:30:01,$ 3185.56,2
1195,09:30:01,$ 3185.56,2
1196,09:30:01,$ 3185.56,2
1198,09:30:01,$ 3185.56,2
1199,09:30:01,$ 3185.56,20
1200,09:30:01,$ 3185.56,5
1201,09:30:01,$ 3185.56,1
1202,09:30:01,$ 3185.56,4
1203,09:30:01,$ 3185.56,3
1204,09:30:01,$ 3185.56,32
1205,09:30:01,$ 3185.56,5
1206,09:30:01,$ 3185.56,15
1207,09:30:01,$ 3185.56,15
1208,09:30:01,$ 3185.56,1
1209,09:30:01,$ 3185.56,1
1210,09:30:01,$ 3185.56,1
1211,09:30:01,$ 3185.56,3
1212,09:30:01,$ 3185.56,25
1213,09:30:01,$ 3185.56,300
1214,09:30:01,$ 3185.56,8
1215,09:30:01,$ 3185.56,1
1216,09:30:01,$ 3185.56,34
1217,09:30:01,$ 3185.56,5
1219,09:30:01,$ 3185.56,1
1220,09:30:01,$ 3185.56,2
1221,09:30:01,$ 3185.56,1
1222,09:30:01,$ 3185.56,5
1223,09:30:01,$ 3185.56,3
1224,09:30:01,$ 3185.56,1
1225,09:30:01,$ 3185.56,2
1226,09:30:01,$ 3185.56,2
1227,09:30:01,$ 3185.56,137
1228,09:30:01,$ 3185.56,2
1229,09:30:01,$ 3185.56,10
1230,09:30:01,$ 3185.56,1
1231,09:30:01,$ 3185.56,10
1232,09:30:01,$ 3185.56,3
1233,09:30:01,$ 3185.56,1
1234,09:30:01,$ 3185.56,1
1235,09:30:01,$ 3185.56,300
1236,09:30:01,$ 3185.56,1
1237,09:30:01,$ 3185.56,1
1238,09:30:01,$ 3185.56,11
1240,09:30:01,$ 3185.56,10
1241,09:30:01,$ 3185.56,5
1242,09:30:01,$ 3185.56,5
1243,09:30:01,$ 3185.56,2
1244,09:30:01,$ 3185.56,1
1245,09:30:01,$ 3185.56,4
1246,09:30:01,$ 3185.56,2
1247,09:30:01,$ 3185.56,1
1248,09:30:01,$ 3185.56,7
1249,09:30:01,$ 3185.56,2
1250,09:30:01,$ 3185.56,2
1251,09:30:01,$ 3185.56,6
1252,09:30:01,$ 3185.56,10
1253,09:30:01,$ 3185.56,2
1254,09:30:01,$ 3185.56,42
1255,09:30:01,$ 3185.56,1
1256,09:30:01,$ 3185.56,2
1257,09:30:01,$ 3185.56,25
1258,09:30:01,$ 3185.56,6
1259,09:30:01,$ 3185.56,15
1261,09:30:01,$ 3185.56,9
1262,09:30:01,$ 3185.56,7
1263,09:30:01,$ 3185.56,1
1264,09:30:01,$ 3185.56,3
1265,09:30:01,$ 3185.56,1
1266,09:30:01,$ 3185.56,30
1267,09:30:01,$ 3185.56,18
1268,09:30:01,$ 3185.56,60
1269,09:30:01,$ 3185.56,22
1270,09:30:01,$ 3185.56,6
1271,09:30:01,$ 3185.56,3
1272,09:30:01,$ 3185.56,1
1273,09:30:01,$ 3185.56,2
1274,09:30:01,$ 3185.56,1
1275,09:30:01,$ 3185.56,2
1276,09:30:01,$ 3185.56,10
1277,09:30:01,$ 3185.56,3
1278,09:30:01,$ 3185.56,5
1279,09:30:01,$ 3185.56,1
1280,09:30:01,$ 3185.56,1
1282,09:30:01,$ 3185.56,14
1283,09:30:01,$ 3185.56,30
1284,09:30:01,$ 3185.56,31
1285,09:30:01,$ 3185.56,1
1286,09:30:01,$ 3185.56,2
1287,09:30:01,$ 3185.56,2
1288,09:30:01,$ 3185.56,8
1289,09:30:01,$ 3185.56,2
1290,09:30:01,$ 3185.56,2
1291,09:30:01,$ 3185.56,2
1292,09:30:01,$ 3185.56,3
1293,09:30:01,$ 3185.56,1
1294,09:30:01,$ 3185.56,3
1295,09:30:01,$ 3185.56,1
1296,09:30:01,$ 3185.56,127
1297,09:30:01,$ 3185.56,3
1298,09:30:01,$ 3185.56,1
1299,09:30:01,$ 3185.56,6
1300,09:30:01,$ 3185.56,1
1301,09:30:01,$ 3185.56,15
1303,09:30:01,$ 3185.56,1
1304,09:30:01,$ 3185.56,100
1305,09:30:01,$ 3185.56,2
1306,09:30:01,$ 3185.56,3
1307,09:30:01,$ 3185.56,1
1308,09:30:01,$ 3185.56,2
1309,09:30:01,$ 3185.56,3
1310,09:30:01,$ 3185.56,1
1311,09:30:01,$ 3185.56,1
1312,09:30:01,$ 3185.56,2
1313,09:30:01,$ 3185.56,16
1314,09:30:01,$ 3185.56,10
1315,09:30:01,$ 3185.56,16
1316,09:30:01,$ 3185.56,6
1317,09:30:01,$ 3185.56,10
1318,09:30:01,$ 3185.56,28
1319,09:30:01,$ 3185.56,2
1320,09:30:01,$ 3185.56,40
1321,09:30:01,$ 3185.56,1
1322,09:30:01,$ 3185.56,3
1324,09:30:01,$ 3185.56,1
1325,09:30:01,$ 3185.56,4
1326,09:30:01,$ 3185.56,2
1327,09:30:01,$ 3185.56,5
1328,09:30:01,$ 3185.56,3
1329,09:30:01,$ 3185.56,5
1330,09:30:01,$ 3185.56,1
1331,09:30:01,$ 3185.56,68
1332,09:30:01,$ 3185.56,1
1333,09:30:01,$ 3185.56,1
1334,09:30:01,$ 3185.56,1
1335,09:30:01,$ 3185.56,1
1336,09:30:01,$ 3185.56,2
1337,09:30:01,$ 3185.56,1
1338,09:30:01,$ 3185.56,1
1339,09:30:01,$ 3185.56,6
1340,09:30:01,$ 3185.56,5
1341,09:30:01,$ 3185.56,1
1342,09:30:01,$ 3185.56,1
1343,09:30:01,$ 3185.56,2
1345,09:30:01,$ 3185.56,5
1346,09:30:01,$ 3185.56,3
1347,09:30:01,$ 3185.56,16
1348,09:30:01,$ 3185.56,1
1349,09:30:01,$ 3185.56,1
1350,09:30:01,$ 3185.56,4
1351,09:30:01,$ 3185.56,11
1352,09:30:01,$ 3185.56,2
1353,09:30:01,$ 3185.56,1
1354,09:30:01,$ 3185.56,10
1355,09:30:01,$ 3185.56,3
1356,09:30:01,$ 3185.56,1
1357,09:30:01,$ 3185.56,1
1358,09:30:01,$ 3185.56,20
1359,09:30:01,$ 3185.56,2
1360,09:30:01,$ 3185.56,3
1361,09:30:01,$ 3185.56,5
1362,09:30:01,$ 3185.56,1
1363,09:30:01,$ 3185.56,1
1364,09:30:01,$ 3185.56,3
1366,09:30:01,$ 3185.56,5
1367,09:30:01,$ 3185.56,2
1368,09:30:01,$ 3185.56,3
1369,09:30:01,$ 3185.56,2
1370,09:30:01,$ 3185.56,3
1371,09:30:01,$ 3185.56,30
1372,09:30:01,$ 3185.56,20
1373,09:30:01,$ 3185.56,8
1374,09:30:01,$ 3185.56,1
1375,09:30:01,$ 3185.56,1
1376,09:30:01,$ 3185.56,2
1377,09:30:01,$ 3185.56,4
1378,09:30:01,$ 3185.56,5
1379,09:30:01,$ 3185.56,18
1380,09:30:01,$ 3185.56,1
1381,09:30:01,$ 3185.56,35
1382,09:30:01,$ 3185.56,3
1383,09:30:01,$ 3185.56,1
1384,09:30:01,$ 3185.56,6
1385,09:30:01,$ 3185.56,9
1387,09:30:01,$ 3185.56,1
1388,09:30:01,$ 3185.56,3
1389,09:30:01,$ 3185.56,2
1390,09:30:01,$ 3185.56,2
1391,09:30:01,$ 3185.56,3
1392,09:30:01,$ 3185.56,7
1393,09:30:01,$ 3185.56,1
1394,09:30:01,$ 3185.56,10
1395,09:30:01,$ 3185.56,1
1396,09:30:01,$ 3185.56,9
1397,09:30:01,$ 3185.56,10
1398,09:30:01,$ 3185.56,5
1399,09:30:01,$ 3185.56,1
1400,09:30:01,$ 3185.56,2
1401,09:30:01,$ 3185.56,3
1402,09:30:01,$ 3185.56,1
1403,09:30:01,$ 3185.56,5
1404,09:30:01,$ 3185.56,4
1405,09:30:01,$ 3185.56,1
1406,09:30:01,$ 3185.56,1
1408,09:30:01,$ 3185.56,10
1409,09:30:01,$ 3185.56,10
1410,09:30:01,$ 3185.56,1
1411,09:30:01,$ 3185.56,4
1412,09:30:01,$ 3185.56,30
1413,09:30:01,$ 3185.56,10
1414,09:30:01,$ 3185.56,5
1415,09:30:01,$ 3185.56,2
1416,09:30:01,$ 3185.56,1
1417,09:30:01,$ 3185.56,2
1418,09:30:01,$ 3185.56,11
1419,09:30:01,$ 3185.56,1
1420,09:30:01,$ 3185.56,4
1421,09:30:01,$ 3185.56,3
1422,09:30:01,$ 3185.56,2
1423,09:30:01,$ 3185.56,55
1424,09:30:01,$ 3185.56,1
1425,09:30:01,$ 3185.56,2
1426,09:30:01,$ 3185.56,1
1427,09:30:01,$ 3185.56,2
1429,09:30:01,$ 3185.56,3
1430,09:30:01,$ 3185.56,1
1431,09:30:01,$ 3185.56,1
1432,09:30:01,$ 3185.56,6
1433,09:30:01,$ 3185.56,10
1434,09:30:01,$ 3185.56,100
1435,09:30:01,$ 3185.56,10
1436,09:30:01,$ 3185.56,6
1437,09:30:01,$ 3185.56,50
1438,09:30:01,$ 3185.56,1
1439,09:30:01,$ 3185.56,3
1440,09:30:01,$ 3185.56,15
1441,09:30:01,$ 3185.56,1
1442,09:30:01,$ 3185.56,1
1443,09:30:01,$ 3185.56,2
1444,09:30:01,$ 3185.56,3
1445,09:30:01,$ 3185.56,10
1446,09:30:01,$ 3185.56,3
1447,09:30:01,$ 3185.56,3
1448,09:30:01,$ 3185.56,40
1450,09:30:01,$ 3185.56,1
1451,09:30:01,$ 3185.56,4
1452,09:30:01,$ 3185.56,1
1453,09:30:01,$ 3185.56,10
1454,09:30:01,$ 3185.56,5
1455,09:30:01,$ 3185.56,1
1456,09:30:01,$ 3185.56,2
1457,09:30:01,$ 3185.56,3
1458,09:30:01,$ 3185.56,1
1459,09:30:01,$ 3185.56,1
1460,09:30:01,$ 3185.56,3
1461,09:30:01,$ 3185.56,6
1462,09:30:01,$ 3185.56,1
1463,09:30:01,$ 3185.56,125
1464,09:30:01,$ 3185.56,5
1465,09:30:01,$ 3185.56,1
1466,09:30:01,$ 3185.56,2
1467,09:30:01,$ 3185.56,4
1468,09:30:01,$ 3185.56,10
1469,09:30:01,$ 3185.56,100
1471,09:30:01,$ 3185.56,2
1472,09:30:01,$ 3185.56,62
1473,09:30:01,$ 3185.56,2
1474,09:30:01,$ 3185.56,3
1475,09:30:01,$ 3185.56,2
1476,09:30:01,$ 3185.56,3
1477,09:30:01,$ 3185.56,1
1478,09:30:01,$ 3185.56,3
1479,09:30:01,$ 3185.56,3
1480,09:30:01,$ 3185.56,3
1481,09:30:01,$ 3185.56,3
1482,09:30:01,$ 3185.56,61
1483,09:30:01,$ 3185.56,1
1484,09:30:01,$ 3185.56,3
1485,09:30:01,$ 3185.56,1
1486,09:30:01,$ 3185.56,1
1487,09:30:01,$ 3185.56,1
1488,09:30:01,$ 3185.56,163
1489,09:30:01,$ 3185.56,1
1490,09:30:01,$ 3185.56,1
1492,09:30:01,$ 3185.56,1
1493,09:30:01,$ 3185.56,1
1494,09:30:01,$ 3185.56,1
1495,09:30:01,$ 3185.56,1
1496,09:30:01,$ 3185.56,25
1497,09:30:01,$ 3185.56,2
1498,09:30:01,$ 3185.56,15
1499,09:30:01,$ 3185.56,1
1500,09:30:01,$ 3185.56,1
1501,09:30:01,$ 3185.56,1
1502,09:30:01,$ 3185.56,5
1503,09:30:01,$ 3185.56,2
1504,09:30:01,$ 3185.56,1
1505,09:30:01,$ 3185.56,1
1506,09:30:01,$ 3185.56,3
1507,09:30:01,$ 3185.56,2
1508,09:30:01,$ 3185.56,2
1509,09:30:01,$ 3185.56,2
1510,09:30:01,$ 3185.56,4
1511,09:30:01,$ 3185.56,2
1513,09:30:01,$ 3185.56,1
1514,09:30:01,$ 3185.56,1
1515,09:30:01,$ 3185.56,3
1516,09:30:01,$ 3185.56,3
1517,09:30:01,$ 3185.56,2
1518,09:30:01,$ 3185.56,1
1519,09:30:01,$ 3185.56,1
1520,09:30:01,$ 3185.56,1
1521,09:30:01,$ 3185.56,10
1522,09:30:01,$ 3185.56,6
1523,09:30:01,$ 3185.56,1
1524,09:30:01,$ 3185.56,5
1525,09:30:01,$ 3185.56,2
1526,09:30:01,$ 3185.56,2
1527,09:30:01,$ 3185.56,1
1528,09:30:01,$ 3185.56,2
1529,09:30:01,$ 3185.56,1
1530,09:30:01,$ 3185.56,1
1531,09:30:01,$ 3185.56,10
1532,09:30:01,$ 3185.56,2
1534,09:30:01,$ 3185.56,3
1535,09:30:01,$ 3185.56,1
1536,09:30:01,$ 3185.56,1
1537,09:30:01,$ 3185.56,1
1538,09:30:01,$ 3185.56,1
1539,09:30:01,$ 3185.56,2
1540,09:30:01,$ 3185.56,1
1541,09:30:01,$ 3185.56,2
1542,09:30:01,$ 3185.56,136
1543,09:30:01,$ 3185.56,1
1544,09:30:01,$ 3185.56,2
1545,09:30:01,$ 3185.56,25
1546,09:30:01,$ 3185.56,7
1547,09:30:01,$ 3185.56,1
1548,09:30:01,$ 3185.56,3
1549,09:30:01,$ 3185.56,1
1550,09:30:01,$ 3185.56,15
1551,09:30:01,$ 3185.56,8
1552,09:30:01,$ 3185.56,1
1553,09:30:01,$ 3185.56,7
1555,09:30:01,$ 3185.56,1
1556,09:30:01,$ 3185.56,3
1557,09:30:01,$ 3185.56,2
1558,09:30:01,$ 3185.56,4
1559,09:30:01,$ 3185.56,9
1560,09:30:01,$ 3185.56,1
1561,09:30:01,$ 3185.56,2
1562,09:30:01,$ 3185.56,1
1563,09:30:01,$ 3185.56,1
1564,09:30:01,$ 3185.56,1
1565,09:30:01,$ 3185.56,2
1566,09:30:01,$ 3185.56,1
1567,09:30:01,$ 3185.56,1
1568,09:30:01,$ 3185.56,6
1569,09:30:01,$ 3185.56,1
1570,09:30:01,$ 3185.56,2
1571,09:30:01,$ 3185.56,1
1572,09:30:01,$ 3185.56,1
1573,09:30:01,$ 3185.56,1
1574,09:30:01,$ 3185.56,200
1576,09:30:01,$ 3185.56,2
1577,09:30:01,$ 3185.56,10
1578,09:30:01,$ 3185.56,3
1579,09:30:01,$ 3185.56,1
1580,09:30:01,$ 3185.56,5
1581,09:30:01,$ 3185.56,70
1582,09:30:01,$ 3185.56,1
1583,09:30:01,$ 3185.56,1
1584,09:30:01,$ 3185.56,3
1585,09:30:01,$ 3185.56,1
1586,09:30:01,$ 3185.56,2
1587,09:30:01,$ 3185.56,1
1588,09:30:01,$ 3185.56,2
1589,09:30:01,$ 3185.56,4
1590,09:30:01,$ 3185.56,190
1591,09:30:01,$ 3185.56,4
1592,09:30:01,$ 3185.56,2
1593,09:30:01,$ 3185.56,1
1594,09:30:01,$ 3185.56,1
1595,09:30:01,$ 3185.56,1
1597,09:30:01,$ 3185.56,1
1598,09:30:01,$ 3185.56,10
1599,09:30:01,$ 3185.56,1
1600,09:30:01,$ 3185.56,5
1601,09:30:01,$ 3185.56,1
1602,09:30:01,$ 3185.56,2
1603,09:30:01,$ 3185.56,3
1604,09:30:01,$ 3185.56,39
1605,09:30:01,$ 3185.56,1
1606,09:30:01,$ 3185.56,16
1607,09:30:01,$ 3185.56,22
1608,09:30:01,$ 3185.56,1
1609,09:30:01,$ 3185.56,2
1610,09:30:01,$ 3185.56,1
1611,09:30:01,$ 3185.56,1
1612,09:30:01,$ 3185.56,25
1613,09:30:01,$ 3185.56,5
1614,09:30:01,$ 3185.56,3
1615,09:30:01,$ 3185.56,2
1616,09:30:01,$ 3185.56,7
1618,09:30:01,$ 3185.56,14
1619,09:30:01,$ 3185.56,1
1620,09:30:01,$ 3185.56,50
1621,09:30:01,$ 3185.56,2
1622,09:30:01,$ 3185.56,3
1623,09:30:01,$ 3185.56,8
1624,09:30:01,$ 3185.56,2
1625,09:30:01,$ 3185.56,5
1626,09:30:01,$ 3185.56,2
1627,09:30:01,$ 3185.56,1
1628,09:30:01,$ 3185.56,2
1629,09:30:01,$ 3185.56,3
1630,09:30:01,$ 3185.56,43
1631,09:30:01,$ 3185.56,10
1632,09:30:01,$ 3185.56,1
1633,09:30:01,$ 3185.56,1
1634,09:30:01,$ 3185.56,10
1635,09:30:01,$ 3185.56,3
1636,09:30:01,$ 3185.56,1
1637,09:30:01,$ 3185.56,2
1639,09:30:01,$ 3185.56,29
1640,09:30:01,$ 3185.56,10
1641,09:30:01,$ 3185.56,3
1642,09:30:01,$ 3185.56,1
1643,09:30:01,$ 3185.56,1
1644,09:30:01,$ 3185.56,1
1645,09:30:01,$ 3185.56,2
1646,09:30:01,$ 3185.56,5
1647,09:30:01,$ 3185.56,1
1648,09:30:01,$ 3185.56,100
1649,09:30:01,$ 3185.56,10
1650,09:30:01,$ 3185.56,3
1651,09:30:01,$ 3185.56,3
1652,09:30:01,$ 3185.56,4
1653,09:30:01,$ 3185.56,75
1654,09:30:01,$ 3185.56,1
1655,09:30:01,$ 3185.56,5
1656,09:30:01,$ 3185.56,1
1657,09:30:01,$ 3185.56,1
1658,09:30:01,$ 3185.56,3
1660,09:30:01,$ 3185.56,3
1661,09:30:01,$ 3185.56,3
1662,09:30:01,$ 3185.56,2
1663,09:30:01,$ 3185.56,2
1664,09:30:01,$ 3185.56,1
1665,09:30:01,$ 3185.56,1
1666,09:30:01,$ 3185.56,10
1667,09:30:01,$ 3185.56,1
1668,09:30:01,$ 3185.56,4
1669,09:30:01,$ 3185.56,3
1670,09:30:01,$ 3185.56,1
1671,09:30:01,$ 3185.56,5
1672,09:30:01,$ 3185.56,5
1673,09:30:01,$ 3185.56,2
1674,09:30:01,$ 3185.56,1
1675,09:30:01,$ 3185.56,10
1676,09:30:01,$ 3185.56,5
1677,09:30:01,$ 3185.56,4
1678,09:30:01,$ 3185.56,2
1679,09:30:01,$ 3185.56,1
1681,09:30:01,$ 3185.56,1
1682,09:30:01,$ 3185.56,2
1683,09:30:01,$ 3185.56,15
1684,09:30:01,$ 3185.56,10
1685,09:30:01,$ 3185.56,5
1686,09:30:01,$ 3185.56,2
1687,09:30:01,$ 3185.56,17
1688,09:30:01,$ 3185.56,210
1689,09:30:01,$ 3185.56,40
1690,09:30:01,$ 3185.56,5
1691,09:30:01,$ 3185.56,1
1692,09:30:01,$ 3185.56,1
1693,09:30:01,$ 3185.56,7
1694,09:30:01,$ 3185.56,2
1695,09:30:01,$ 3185.56,3
1696,09:30:01,$ 3185.56,5
1697,09:30:01,$ 3185.56,1
1698,09:30:01,$ 3185.56,1
1699,09:30:01,$ 3185.56,1
1700,09:30:01,$ 3185.56,6
1702,09:30:01,$ 3185.56,15
1703,09:30:01,$ 3185.56,4
1704,09:30:01,$ 3185.56,1
1705,09:30:01,$ 3185.56,2
1706,09:30:01,$ 3185.56,3
1707,09:30:01,$ 3185.56,76
1708,09:30:01,$ 3185.56,14
1709,09:30:01,$ 3185.56,1
1710,09:30:01,$ 3185.56,1
1711,09:30:01,$ 3185.56,1
1712,09:30:01,$ 3185.56,1
1713,09:30:01,$ 3185.56,100
1714,09:30:01,$ 3185.56,25
1715,09:30:01,$ 3185.56,1
1716,09:30:01,$ 3185.56,2
1717,09:30:01,$ 3185.56,20
1718,09:30:01,$ 3185.56,2
1719,09:30:01,$ 3185.56,9
1720,09:30:01,$ 3185.56,4
1721,09:30:01,$ 3185.56,1
1723,09:30:01,$ 3185.56,1
1724,09:30:01,$ 3185.56,3
1725,09:30:01,$ 3185.56,705
1726,09:30:01,$ 3185.56,60
1727,09:30:01,$ 3185.56,1
1728,09:30:01,$ 3185.56,5
1729,09:30:01,$ 3185.56,5
1730,09:30:01,$ 3185.56,1
1731,09:30:01,$ 3185.56,4
1732,09:30:01,$ 3185.56,2
1733,09:30:01,$ 3185.56,1
1734,09:30:01,$ 3185.56,1
1735,09:30:01,$ 3185.56,1
1736,09:30:01,$ 3185.56,1
1737,09:30:01,$ 3185.56,3
1738,09:30:01,$ 3185.56,37
1739,09:30:01,$ 3185.56,1
1740,09:30:01,$ 3185.56,1
1741,09:30:01,$ 3185.56,1
1742,09:30:01,$ 3185.56,31
1744,09:30:01,$ 3185.56,7
1745,09:30:01,$ 3185.56,20
1746,09:30:01,$ 3185.56,10
1747,09:30:01,$ 3185.56,1
1748,09:30:01,$ 3185.56,3
1749,09:30:01,$ 3185.56,3
1750,09:30:01,$ 3185.56,10
1751,09:30:01,$ 3185.56,1
1752,09:30:01,$ 3185.56,1
1753,09:30:01,$ 3185.56,2
1754,09:30:01,$ 3185.56,18
1755,09:30:01,$ 3185.56,1
1756,09:30:01,$ 3185.56,4
1757,09:30:01,$ 3185.56,1
1758,09:30:01,$ 3185.56,2
1759,09:30:01,$ 3185.56,5
1760,09:30:01,$ 3185.56,7
1761,09:30:01,$ 3185.56,3
1762,09:30:01,$ 3185.56,1
1763,09:30:01,$ 3185.56,10
1765,09:30:01,$ 3185.56,5
1766,09:30:01,$ 3185.56,1
1767,09:30:01,$ 3185.56,6
1768,09:30:01,$ 3185.56,1
1769,09:30:01,$ 3185.56,10
1770,09:30:01,$ 3185.56,1
1771,09:30:01,$ 3185.56,3
1772,09:30:01,$ 3185.56,5
1773,09:30:01,$ 3185.56,1
1774,09:30:01,$ 3185.56,"2,000"
1775,09:30:01,$ 3185.56,15
1776,09:30:01,$ 3185.56,1
1777,09:30:01,$ 3185.56,1
1778,09:30:01,$ 3185.56,1
1779,09:30:01,$ 3185.56,2
1780,09:30:01,$ 3185.56,1
1781,09:30:01,$ 3185.56,1
1782,09:30:01,$ 3185.56,1
1783,09:30:01,$ 3185.56,1
1784,09:30:01,$ 3185.56,5
1786,09:30:01,$ 3185.56,3
1787,09:30:01,$ 3185.56,2
1788,09:30:01,$ 3185.56,2
1789,09:30:01,$ 3185.56,30
1790,09:30:01,$ 3185.56,4
1791,09:30:01,$ 3185.56,1
1792,09:30:01,$ 3185.56,2
1793,09:30:01,$ 3185.56,10
1794,09:30:01,$ 3185.56,12
1795,09:30:01,$ 3185.56,1
1796,09:30:01,$ 3185.56,1
1797,09:30:01,$ 3185.56,1
1798,09:30:01,$ 3185.56,2
1799,09:30:01,$ 3185.56,6
1800,09:30:01,$ 3185.56,1
1801,09:30:01,$ 3185.56,1
1802,09:30:01,$ 3185.56,2
1803,09:30:01,$ 3185.56,5
1804,09:30:01,$ 3185.56,4
1805,09:30:01,$ 3185.56,1
1807,09:30:01,$ 3185.56,1
1808,09:30:01,$ 3185.56,10
1809,09:30:01,$ 3185.56,3
1810,09:30:01,$ 3185.56,2
1811,09:30:01,$ 3185.56,5
1812,09:30:01,$ 3185.56,3
1813,09:30:01,$ 3185.56,1
1814,09:30:01,$ 3185.56,1
1815,09:30:01,$ 3185.56,1
1816,09:30:01,$ 3185.56,5
1817,09:30:01,$ 3185.56,1
1818,09:30:01,$ 3185.56,2
1819,09:30:01,$ 3185.56,1
1820,09:30:01,$ 3185.56,3
1821,09:30:01,$ 3185.56,2
1822,09:30:01,$ 3185.56,4
1823,09:30:01,$ 3185.56,1
1824,09:30:01,$ 3185.56,5
1825,09:30:01,$ 3185.56,2
1826,09:30:01,$ 3185.56,35
1828,09:30:01,$ 3185.56,1
1829,09:30:01,$ 3185.56,1
1830,09:30:01,$ 3185.56,3
1831,09:30:01,$ 3185.56,5
1832,09:30:01,$ 3185.56,4
1833,09:30:01,$ 3185.56,50
1834,09:30:01,$ 3185.56,5
1835,09:30:01,$ 3185.56,3
1836,09:30:01,$ 3185.56,10
1837,09:30:01,$ 3185.56,2
1838,09:30:01,$ 3185.56,1
1839,09:30:01,$ 3185.56,3
1840,09:30:01,$ 3185.56,3
1841,09:30:01,$ 3185.56,3
1842,09:30:01,$ 3185.56,1
1843,09:30:01,$ 3185.56,1
1844,09:30:01,$ 3185.56,5
1845,09:30:01,$ 3185.56,2
1846,09:30:01,$ 3185.56,3
1847,09:30:01,$ 3185.56,1
1849,09:30:01,$ 3185.56,1
1850,09:30:01,$ 3185.56,21
1851,09:30:01,$ 3185.56,6
1852,09:30:01,$ 3185.56,1
1853,09:30:01,$ 3185.56,4
1854,09:30:01,$ 3185.56,3
1855,09:30:01,$ 3185.56,15
1856,09:30:01,$ 3185.56,40
1857,09:30:01,$ 3185.56,10
1858,09:30:01,$ 3185.56,1
1859,09:30:01,$ 3185.56,2
1860,09:30:01,$ 3185.56,2
1861,09:30:01,$ 3185.56,1
1862,09:30:01,$ 3185.56,166
1863,09:30:01,$ 3185.56,4
1864,09:30:01,$ 3185.56,50
1865,09:30:01,$ 3185.56,7
1866,09:30:01,$ 3185.56,1
1867,09:30:01,$ 3185.56,3
1868,09:30:01,$ 3185.56,5
1870,09:30:01,$ 3185.56,1
1871,09:30:01,$ 3185.56,2
1872,09:30:01,$ 3185.56,1
1873,09:30:01,$ 3185.56,10
1874,09:30:01,$ 3185.56,3
1875,09:30:01,$ 3185.56,1
1876,09:30:01,$ 3185.56,1
1877,09:30:01,$ 3185.56,4
1878,09:30:01,$ 3185.56,3
1879,09:30:01,$ 3185.56,1
1880,09:30:01,$ 3185.56,1
1881,09:30:01,$ 3185.56,4
1882,09:30:01,$ 3185.56,1
1883,09:30:01,$ 3185.56,1
1884,09:30:01,$ 3185.56,1
1885,09:30:01,$ 3185.56,3
1886,09:30:01,$ 3185.56,5
1887,09:30:01,$ 3185.56,5
1888,09:30:01,$ 3185.56,2
1889,09:30:01,$ 3185.56,2
1891,09:30:01,$ 3185.56,10
1892,09:30:01,$ 3185.56,1
1893,09:30:01,$ 3185.56,3
1894,09:30:01,$ 3185.56,1
1895,09:30:01,$ 3185.56,1
1896,09:30:01,$ 3185.56,10
1897,09:30:01,$ 3185.56,11
1898,09:30:01,$ 3185.56,5
1899,09:30:01,$ 3185.56,2
1900,09:30:01,$ 3185.56,1
1901,09:30:01,$ 3185.56,2
1902,09:30:01,$ 3185.56,3
1903,09:30:01,$ 3185.56,1
1904,09:30:01,$ 3185.56,5
1905,09:30:01,$ 3185.56,1
1906,09:30:01,$ 3185.56,1
1907,09:30:01,$ 3185.56,5
1908,09:30:01,$ 3185.56,1
1909,09:30:01,$ 3185.56,1
1910,09:30:01,$ 3185.56,5
1912,09:30:01,$ 3185.56,4
1913,09:30:01,$ 3185.56,5
1914,09:30:01,$ 3185.56,1
1915,09:30:01,$ 3185.56,1
1916,09:30:01,$ 3185.56,2
1917,09:30:01,$ 3185.56,3
1918,09:30:01,$ 3185.56,75
1919,09:30:01,$ 3185.56,1
1920,09:30:01,$ 3185.56,1
1921,09:30:01,$ 3185.56,1
1922,09:30:01,$ 3185.56,5
1923,09:30:01,$ 3185.56,6
1924,09:30:01,$ 3185.56,1
1925,09:30:01,$ 3185.56,1
1926,09:30:01,$ 3185.56,1
1927,09:30:01,$ 3185.56,2
1928,09:30:01,$ 3185.56,1
1929,09:30:01,$ 3185.56,1
1930,09:30:01,$ 3185.56,4
1931,09:30:01,$ 3185.56,1
1933,09:30:01,$ 3185.56,1
1934,09:30:01,$ 3185.56,1
1935,09:30:01,$ 3185.56,1
1936,09:30:01,$ 3185.56,10
1937,09:30:01,$ 3185.56,19
1938,09:30:01,$ 3185.56,1
1939,09:30:01,$ 3185.56,2
1940,09:30:01,$ 3185.56,8
1941,09:30:01,$ 3185.56,3
1942,09:30:01,$ 3185.56,7
1943,09:30:01,$ 3185.56,1
1944,09:30:01,$ 3185.56,1
1945,09:30:01,$ 3185.56,1
1946,09:30:01,$ 3185.56,1
1947,09:30:01,$ 3185.56,1
1948,09:30:01,$ 3185.56,4
1949,09:30:01,$ 3185.56,1
1950,09:30:01,$ 3185.56,1
1951,09:30:01,$ 3185.56,17
1952,09:30:01,$ 3185.56,1
1954,09:30:01,$ 3185.56,3
1955,09:30:01,$ 3185.56,2
1956,09:30:01,$ 3185.56,1
1957,09:30:01,$ 3185.56,1
1958,09:30:01,$ 3185.56,25
1959,09:30:01,$ 3185.56,1
1960,09:30:01,$ 3185.56,1
1961,09:30:01,$ 3185.56,1
1962,09:30:01,$ 3185.56,2
1963,09:30:01,$ 3185.56,5
1964,09:30:01,$ 3185.56,1
1965,09:30:01,$ 3185.56,20
1966,09:30:01,$ 3185.56,1
1967,09:30:01,$ 3185.56,3
1968,09:30:01,$ 3185.56,1
1969,09:30:01,$ 3185.56,1
1970,09:30:01,$ 3185.56,2
1971,09:30:01,$ 3185.56,1
1972,09:30:01,$ 3185.56,13
1973,09:30:01,$ 3185.56,4
1975,09:30:01,$ 3185.56,3
1976,09:30:01,$ 3185.56,2
1977,09:30:01,$ 3185.56,1
1978,09:30:01,$ 3185.56,1
1979,09:30:01,$ 3185.56,2
1980,09:30:01,$ 3185.56,1
1981,09:30:01,$ 3185.56,7
1982,09:30:01,$ 3185.56,1
1983,09:30:01,$ 3185.56,2
1984,09:30:01,$ 3185.56,9
1985,09:30:01,$ 3185.56,1
1986,09:30:01,$ 3185.56,10
1987,09:30:01,$ 3185.56,1
1988,09:30:01,$ 3185.56,3
1989,09:30:01,$ 3185.56,1
1990,09:30:01,$ 3185.56,1
1991,09:30:01,$ 3185.56,7
1992,09:30:01,$ 3185.56,2
1993,09:30:01,$ 3185.56,10
1994,09:30:01,$ 3185.56,1
1996,09:30:01,$ 3185.56,1
1997,09:30:01,$ 3185.56,50
1998,09:30:01,$ 3185.56,10
1999,09:30:01,$ 3185.56,72
2000,09:30:01,$ 3185.56,"1,567"
2001,09:30:01,$ 3185.56,4
2002,09:30:01,$ 3185.56,4
2003,09:30:01,$ 3185.56,3
2004,09:30:01,$ 3185.56,10
2005,09:30:01,$ 3185.56,30
2006,09:30:01,$ 3185.56,1
2007,09:30:01,$ 3185.56,1
2008,09:30:01,$ 3185.56,1
2009,09:30:01,$ 3185.56,5
2010,09:30:01,$ 3185.56,2
2011,09:30:01,$ 3185.56,20
2012,09:30:01,$ 3185.56,1
2013,09:30:01,$ 3185.56,7
2014,09:30:01,$ 3185.56,67
2015,09:30:01,$ 3185.56,1
2017,09:30:01,$ 3185.56,1
2018,09:30:01,$ 3185.56,1
2019,09:30:01,$ 3185.56,100
2020,09:30:01,$ 3185.56,3
2021,09:30:01,$ 3185.56,5
2022,09:30:01,$ 3185.56,5
2023,09:30:01,$ 3185.56,2
2024,09:30:01,$ 3185.56,1
2025,09:30:01,$ 3185.56,1
2026,09:30:01,$ 3185.56,1
2027,09:30:01,$ 3185.56,100
2028,09:30:01,$ 3185.56,1
2029,09:30:01,$ 3185.56,10
2030,09:30:01,$ 3185.56,100
2031,09:30:01,$ 3185.56,2
2032,09:30:01,$ 3185.56,2
2033,09:30:01,$ 3185.56,1
2034,09:30:01,$ 3185.56,5
2035,09:30:01,$ 3185.56,20
2036,09:30:01,$ 3185.56,14
2038,09:30:01,$ 3185.56,6
2039,09:30:01,$ 3185.56,1
2040,09:30:01,$ 3185.56,5
2041,09:30:01,$ 3185.56,5
2042,09:30:01,$ 3185.56,1
2043,09:30:01,$ 3185.56,1
2044,09:30:01,$ 3185.56,1
2045,09:30:01,$ 3185.56,1
2046,09:30:01,$ 3185.56,1
2047,09:30:01,$ 3185.56,20
2048,09:30:01,$ 3185.56,30
2049,09:30:01,$ 3185.56,12
2050,09:30:01,$ 3185.56,2
2051,09:30:01,$ 3185.56,6
2052,09:30:01,$ 3185.56,1
2053,09:30:01,$ 3185.56,8
2054,09:30:01,$ 3185.56,10
2055,09:30:01,$ 3185.56,3
2056,09:30:01,$ 3185.56,45
2057,09:30:01,$ 3185.56,1
2059,09:30:01,$ 3185.56,1
2060,09:30:01,$ 3185.56,3
2061,09:30:01,$ 3185.56,20
2062,09:30:01,$ 3185.56,7
2063,09:30:01,$ 3185.56,21
2064,09:30:01,$ 3185.56,1
2065,09:30:01,$ 3185.56,1
2066,09:30:01,$ 3185.56,171
2067,09:30:01,$ 3185.56,1
2068,09:30:01,$ 3185.56,4
2069,09:30:01,$ 3185.56,1
2070,09:30:01,$ 3185.56,100
2071,09:30:01,$ 3185.56,1
2072,09:30:01,$ 3185.56,95
2073,09:30:01,$ 3185.56,2
2074,09:30:01,$ 3185.56,1
2075,09:30:01,$ 3185.56,1
2076,09:30:01,$ 3185.56,2
2077,09:30:01,$ 3185.56,1
2078,09:30:01,$ 3185.56,100
2080,09:30:01,$ 3185.56,5
2081,09:30:01,$ 3185.56,31
2082,09:30:01,$ 3185.56,7
2083,09:30:01,$ 3185.56,2
2084,09:30:01,$ 3185.56,19
2085,09:30:01,$ 3185.56,2
2086,09:30:01,$ 3185.56,2
2087,09:30:01,$ 3185.56,10
2088,09:30:01,$ 3185.56,20
2089,09:30:01,$ 3185.56,3
2090,09:30:01,$ 3185.56,1
2091,09:30:01,$ 3185.56,5
2092,09:30:01,$ 3185.56,1
2093,09:30:01,$ 3185.56,5
2094,09:30:01,$ 3185.56,1
2095,09:30:01,$ 3185.56,11
2096,09:30:01,$ 3185.56,8
2097,09:30:01,$ 3185.56,31
2098,09:30:01,$ 3185.56,6
2099,09:30:01,$ 3185.56,10
2101,09:30:01,$ 3185.56,4
2102,09:30:01,$ 3185.56,41
2103,09:30:01,$ 3185.56,2
2104,09:30:01,$ 3185.56,2
2105,09:30:01,$ 3185.56,10
2106,09:30:01,$ 3185.56,2
2107,09:30:01,$ 3185.56,155
2108,09:30:01,$ 3185.56,10
2109,09:30:01,$ 3185.56,2
2110,09:30:01,$ 3185.56,1
2111,09:30:01,$ 3185.56,2
2112,09:30:01,$ 3185.56,10
2113,09:30:01,$ 3185.56,5
2114,09:30:01,$ 3185.56,1
2115,09:30:01,$ 3185.56,1
2116,09:30:01,$ 3185.56,1
2117,09:30:01,$ 3185.56,1
2118,09:30:01,$ 3185.56,2
2119,09:30:01,$ 3185.56,2
2120,09:30:01,$ 3185.56,5
2122,09:30:01,$ 3185.56,4
2123,09:30:01,$ 3185.56,2
2124,09:30:01,$ 3185.56,8
2125,09:30:01,$ 3185.56,1
2126,09:30:01,$ 3185.56,36
2127,09:30:01,$ 3185.56,1
2128,09:30:01,$ 3185.56,5
2129,09:30:01,$ 3185.56,1
2130,09:30:01,$ 3185.56,1
2131,09:30:01,$ 3185.56,5
2132,09:30:01,$ 3185.56,7
2133,09:30:01,$ 3185.56,2
2134,09:30:01,$ 3185.56,1
2135,09:30:01,$ 3185.56,2
2136,09:30:01,$ 3185.56,8
2137,09:30:01,$ 3185.56,1
2138,09:30:01,$ 3185.56,5
2139,09:30:01,$ 3185.56,2
2140,09:30:01,$ 3185.56,3
2141,09:30:01,$ 3185.56,2
2143,09:30:01,$ 3185.56,1
2144,09:30:01,$ 3185.56,1
2145,09:30:01,$ 3185.56,5
2146,09:30:01,$ 3185.56,1
2147,09:30:01,$ 3185.56,4
2148,09:30:01,$ 3185.56,10
2149,09:30:01,$ 3185.56,2
2150,09:30:01,$ 3185.56,3
2151,09:30:01,$ 3185.56,1
2152,09:30:01,$ 3185.56,5
2153,09:30:01,$ 3185.56,23
2154,09:30:01,$ 3185.56,10
2155,09:30:01,$ 3185.56,2
2156,09:30:01,$ 3185.56,3
2157,09:30:01,$ 3185.56,1
2158,09:30:01,$ 3185.56,35
2159,09:30:01,$ 3185.56,5
2160,09:30:01,$ 3185.56,1
2161,09:30:01,$ 3185.56,12
2162,09:30:01,$ 3185.56,1
2164,09:30:01,$ 3185.56,2
2165,09:30:01,$ 3185.56,5
2166,09:30:01,$ 3185.56,1
2167,09:30:01,$ 3185.56,2
2168,09:30:01,$ 3185.56,12
2169,09:30:01,$ 3185.56,1
2170,09:30:01,$ 3185.56,3
2171,09:30:01,$ 3185.56,3
2172,09:30:01,$ 3185.56,1
2173,09:30:01,$ 3185.56,2
2174,09:30:01,$ 3185.56,8
2175,09:30:01,$ 3185.56,2
2176,09:30:01,$ 3185.56,4
2177,09:30:01,$ 3185.56,20
2178,09:30:01,$ 3185.56,3
2179,09:30:01,$ 3185.56,2
2180,09:30:01,$ 3185.56,2
2181,09:30:01,$ 3185.56,7
2182,09:30:01,$ 3185.56,1
2183,09:30:01,$ 3185.56,4
2185,09:30:01,$ 3185.56,14
2186,09:30:01,$ 3185.56,6
2187,09:30:01,$ 3185.56,2
2188,09:30:01,$ 3185.56,100
2189,09:30:01,$ 3185.56,55
2190,09:30:01,$ 3185.56,2
2191,09:30:01,$ 3185.56,25
2192,09:30:01,$ 3185.56,5
2193,09:30:01,$ 3185.56,1
2194,09:30:01,$ 3185.56,1
2195,09:30:01,$ 3185.56,10
2196,09:30:01,$ 3185.56,1
2197,09:30:01,$ 3185.56,2
2198,09:30:01,$ 3185.56,1
2199,09:30:01,$ 3185.56,1
2200,09:30:01,$ 3185.56,10
2201,09:30:01,$ 3185.56,4
2202,09:30:01,$ 3185.56,2
2203,09:30:01,$ 3185.56,1
2204,09:30:01,$ 3185.56,1
2206,09:30:01,$ 3185.56,1
2207,09:30:01,$ 3185.56,8
2208,09:30:01,$ 3185.56,6
2209,09:30:01,$ 3185.56,5
2210,09:30:01,$ 3185.56,2
2211,09:30:01,$ 3185.56,1
2212,09:30:01,$ 3185.56,10
2213,09:30:01,$ 3185.56,2
2214,09:30:01,$ 3185.56,1
2215,09:30:01,$ 3185.56,1
2216,09:30:01,$ 3185.56,80
2217,09:30:01,$ 3185.56,1
2218,09:30:01,$ 3185.56,1
2219,09:30:01,$ 3185.56,1
2220,09:30:01,$ 3185.56,1
2221,09:30:01,$ 3185.56,1
2222,09:30:01,$ 3185.56,1
2223,09:30:01,$ 3185.56,2
2224,09:30:01,$ 3185.56,1
2225,09:30:01,$ 3185.56,10
2227,09:30:01,$ 3185.56,14
2228,09:30:01,$ 3185.56,2
2229,09:30:01,$ 3185.56,1
2230,09:30:01,$ 3185.56,3
2231,09:30:01,$ 3185.56,10
2232,09:30:01,$ 3185.56,3
2233,09:30:01,$ 3185.56,2
2234,09:30:01,$ 3185.56,2
2235,09:30:01,$ 3185.56,17
2236,09:30:01,$ 3185.56,5
2237,09:30:01,$ 3185.56,10
2238,09:30:01,$ 3185.56,1
2239,09:30:01,$ 3185.56,3
2240,09:30:01,$ 3185.56,1
2241,09:30:01,$ 3185.56,2
2242,09:30:01,$ 3185.56,8
2243,09:30:01,$ 3185.56,1
2244,09:30:01,$ 3185.56,15
2245,09:30:01,$ 3185.56,95
2246,09:30:01,$ 3185.56,20
2248,09:30:01,$ 3185.56,1
2249,09:30:01,$ 3185.56,"1,000"
2250,09:30:01,$ 3185.56,1
2251,09:30:01,$ 3185.56,2
2252,09:30:01,$ 3185.56,1
2253,09:30:01,$ 3185.56,19
2254,09:30:01,$ 3185.56,1
2255,09:30:01,$ 3185.56,1
2256,09:30:01,$ 3185.56,1
2257,09:30:01,$ 3185.56,1
2258,09:30:01,$ 3185.56,5
2259,09:30:01,$ 3185.56,1
2260,09:30:01,$ 3185.56,2
2261,09:30:01,$ 3185.56,1
2262,09:30:01,$ 3185.56,1
2263,09:30:01,$ 3185.56,149
2264,09:30:01,$ 3185.56,8
2265,09:30:01,$ 3185.56,2
2266,09:30:01,$ 3185.56,11
2267,09:30:01,$ 3185.56,10
2269,09:30:01,$ 3185.56,1
2270,09:30:01,$ 3185.56,1
2271,09:30:01,$ 3185.56,4
2272,09:30:01,$ 3185.56,2
2273,09:30:01,$ 3185.56,1
2274,09:30:01,$ 3185.56,2
2275,09:30:01,$ 3185.56,2
2276,09:30:01,$ 3185.56,187
2277,09:30:01,$ 3185.56,3
2278,09:30:01,$ 3185.56,1
2279,09:30:01,$ 3185.56,3
2280,09:30:01,$ 3185.56,1
2281,09:30:01,$ 3185.56,1
2282,09:30:01,$ 3185.56,1
2283,09:30:01,$ 3185.56,7
2284,09:30:01,$ 3185.56,5
2285,09:30:01,$ 3185.56,93
2286,09:30:01,$ 3185.56,7
2287,09:30:01,$ 3185.56,5
2288,09:30:01,$ 3185.56,1
2290,09:30:01,$ 3185.56,3
2291,09:30:01,$ 3185.56,1
2292,09:30:01,$ 3185.56,2
2293,09:30:01,$ 3185.56,30
2294,09:30:01,$ 3185.56,10
2295,09:30:01,$ 3185.56,2
2296,09:30:01,$ 3185.56,2
2297,09:30:01,$ 3185.56,15
2298,09:30:01,$ 3185.56,7
2299,09:30:01,$ 3185.56,1
2300,09:30:01,$ 3185.56,4
2301,09:30:01,$ 3185.56,3
2302,09:30:01,$ 3185.56,10
2303,09:30:01,$ 3185.56,4
2304,09:30:01,$ 3185.56,2
2305,09:30:01,$ 3185.56,2
2306,09:30:01,$ 3185.56,1
2307,09:30:01,$ 3185.56,100
2308,09:30:01,$ 3185.56,20
2309,09:30:01,$ 3185.56,1
2311,09:30:01,$ 3185.56,5
2312,09:30:01,$ 3185.56,1
2313,09:30:01,$ 3185.56,20
2314,09:30:01,$ 3185.56,10
2315,09:30:01,$ 3185.56,1
2316,09:30:01,$ 3185.56,1
2317,09:30:01,$ 3185.56,4
2318,09:30:01,$ 3185.56,3
2319,09:30:01,$ 3185.56,2
2320,09:30:01,$ 3185.56,3
2321,09:30:01,$ 3185.56,1
2322,09:30:01,$ 3185.56,2
2323,09:30:01,$ 3185.56,20
2324,09:30:01,$ 3185.56,1
2325,09:30:01,$ 3185.56,1
2326,09:30:01,$ 3185.56,1
2327,09:30:01,$ 3185.56,2
2328,09:30:01,$ 3185.56,6
2329,09:30:01,$ 3185.56,1
2330,09:30:01,$ 3185.56,1
2332,09:30:01,$ 3185.56,1
2333,09:30:01,$ 3185.56,1
2334,09:30:01,$ 3185.56,2
2335,09:30:01,$ 3185.56,32
2336,09:30:01,$ 3185.56,5
2337,09:30:01,$ 3185.56,4
2338,09:30:01,$ 3185.56,10
2339,09:30:01,$ 3185.56,2
2340,09:30:01,$ 3185.56,1
2341,09:30:01,$ 3185.56,32
2342,09:30:01,$ 3185.56,3
2343,09:30:01,$ 3185.56,255
2344,09:30:01,$ 3185.56,1
2345,09:30:01,$ 3185.56,78
2346,09:30:01,$ 3185.56,8
2347,09:30:01,$ 3185.56,1
2348,09:30:01,$ 3185.56,3
2349,09:30:01,$ 3185.56,8
2350,09:30:01,$ 3185.56,"2,143"
2351,09:30:01,$ 3185.56,100
2353,09:30:01,$ 3185.56,1
2354,09:30:01,$ 3185.56,5
2355,09:30:01,$ 3185.56,1
2356,09:30:01,$ 3185.56,10
2357,09:30:01,$ 3185.56,8
2358,09:30:01,$ 3185.56,4
2359,09:30:01,$ 3185.56,1
2360,09:30:01,$ 3185.56,1
2361,09:30:01,$ 3185.56,1
2362,09:30:01,$ 3185.56,6
2363,09:30:01,$ 3185.56,1
2364,09:30:01,$ 3185.56,5
2365,09:30:01,$ 3185.56,23
2366,09:30:01,$ 3185.56,2
2367,09:30:01,$ 3185.56,1
2368,09:30:01,$ 3185.56,2
2369,09:30:01,$ 3185.56,10
2370,09:30:01,$ 3185.56,5
2371,09:30:01,$ 3185.56,1
2372,09:30:01,$ 3185.56,2
2374,09:30:01,$ 3185.56,19
2375,09:30:01,$ 3185.56,25
2376,09:30:01,$ 3185.56,1
2377,09:30:01,$ 3185.56,3
2378,09:30:01,$ 3185.56,10
2379,09:30:01,$ 3185.56,20
2380,09:30:01,$ 3185.56,3
2381,09:30:01,$ 3185.56,3
2382,09:30:01,$ 3185.56,4
2383,09:30:01,$ 3185.56,2
2384,09:30:01,$ 3185.56,2
2385,09:30:01,$ 3185.56,1
2386,09:30:01,$ 3185.56,4
2387,09:30:01,$ 3185.56,38
2388,09:30:01,$ 3185.56,1
2389,09:30:01,$ 3185.56,2
2390,09:30:01,$ 3185.56,6
2391,09:30:01,$ 3185.56,15
2392,09:30:01,$ 3185.56,6
2393,09:30:01,$ 3185.56,38
2395,09:30:01,$ 3185.56,1
2396,09:30:01,$ 3185.56,1
2397,09:30:01,$ 3185.56,15
2398,09:30:01,$ 3185.56,14
2399,09:30:01,$ 3185.56,10
2400,09:30:01,$ 3185.56,2
2401,09:30:01,$ 3185.56,1
2402,09:30:01,$ 3185.56,100
2403,09:30:01,$ 3185.56,1
2404,09:30:01,$ 3185.56,1
2405,09:30:01,$ 3185.56,1
2406,09:30:01,$ 3185.56,100
2407,09:30:01,$ 3185.56,1
2408,09:30:01,$ 3185.56,2
2409,09:30:01,$ 3185.56,40
2410,09:30:01,$ 3185.56,1
2411,09:30:01,$ 3185.56,77
2412,09:30:01,$ 3185.56,8
2413,09:30:01,$ 3185.56,5
2414,09:30:01,$ 3185.56,1
2416,09:30:01,$ 3185.56,1
2417,09:30:01,$ 3185.56,1
2418,09:30:01,$ 3185.56,1
2419,09:30:01,$ 3185.56,1
2420,09:30:01,$ 3185.56,1
2421,09:30:01,$ 3185.56,300
2422,09:30:01,$ 3185.56,10
2423,09:30:01,$ 3185.56,2
2424,09:30:01,$ 3185.56,1
2425,09:30:01,$ 3185.56,1
2426,09:30:01,$ 3185.56,1
2427,09:30:01,$ 3185.56,7
2428,09:30:01,$ 3185.56,16
2429,09:30:01,$ 3185.56,2
2430,09:30:01,$ 3185.56,10
2431,09:30:01,$ 3185.56,1
2432,09:30:01,$ 3185.56,1
2433,09:30:01,$ 3185.56,10
2434,09:30:01,$ 3185.56,14
2435,09:30:01,$ 3185.56,5
2437,09:30:01,$ 3185.56,70
2438,09:30:01,$ 3185.56,61
2439,09:30:01,$ 3185.56,4
2440,09:30:01,$ 3185.56,1
2441,09:30:01,$ 3185.56,8
2442,09:30:01,$ 3185.56,1
2443,09:30:01,$ 3185.56,5
2444,09:30:01,$ 3185.56,2
2445,09:30:01,$ 3185.56,1
2446,09:30:01,$ 3185.56,1
2447,09:30:01,$ 3185.56,40
2448,09:30:01,$ 3185.56,13
2449,09:30:01,$ 3185.56,5
2450,09:30:01,$ 3185.56,100
2451,09:30:01,$ 3185.56,10
2452,09:30:01,$ 3185.56,96
2453,09:30:01,$ 3185.56,1
2454,09:30:01,$ 3185.56,1
2455,09:30:01,$ 3185.56,10
2456,09:30:01,$ 3185.56,1
2458,09:30:01,$ 3185.56,3
2459,09:30:01,$ 3185.56,3
2460,09:30:01,$ 3185.56,1
2461,09:30:01,$ 3185.56,1
2462,09:30:01,$ 3185.56,3
2463,09:30:01,$ 3185.56,13
2464,09:30:01,$ 3185.56,2
2465,09:30:01,$ 3185.56,8
2466,09:30:01,$ 3185.56,1
2467,09:30:01,$ 3185.56,1
2468,09:30:01,$ 3185.56,45
2469,09:30:01,$ 3185.56,31
2470,09:30:01,$ 3185.56,3
2471,09:30:01,$ 3185.56,5
2472,09:30:01,$ 3185.56,1
2473,09:30:01,$ 3185.56,13
2474,09:30:01,$ 3185.56,10
2475,09:30:01,$ 3185.56,1
2476,09:30:01,$ 3185.56,2
2477,09:30:01,$ 3185.56,1
2479,09:30:01,$ 3185.56,3
2480,09:30:01,$ 3185.56,50
2481,09:30:01,$ 3185.56,8
2482,09:30:01,$ 3185.56,2
2483,09:30:01,$ 3185.56,2
2484,09:30:01,$ 3185.56,4
2485,09:30:01,$ 3185.56,8
2486,09:30:01,$ 3185.56,4
2487,09:30:01,$ 3185.56,1
2488,09:30:01,$ 3185.56,6
2489,09:30:01,$ 3185.56,2
2490,09:30:01,$ 3185.56,1
2491,09:30:01,$ 3185.56,4
2492,09:30:01,$ 3185.56,3
2493,09:30:01,$ 3185.56,5
2494,09:30:01,$ 3185.56,8
2495,09:30:01,$ 3185.56,19
2496,09:30:01,$ 3185.56,1
2497,09:30:01,$ 3185.56,2
2498,09:30:01,$ 3185.56,1
2500,09:30:01,$ 3185.56,12
2501,09:30:01,$ 3185.56,3
2502,09:30:01,$ 3185.56,2
2503,09:30:01,$ 3185.56,12
2504,09:30:01,$ 3185.56,10
2505,09:30:01,$ 3185.56,30
2506,09:30:01,$ 3185.56,16
2507,09:30:01,$ 3185.56,1
2508,09:30:01,$ 3185.56,1
2509,09:30:01,$ 3185.56,1
2510,09:30:01,$ 3185.56,3
2511,09:30:01,$ 3185.56,2
2512,09:30:01,$ 3185.56,1
2513,09:30:01,$ 3185.56,1
2514,09:30:01,$ 3185.56,1
2515,09:30:01,$ 3185.56,10
2516,09:30:01,$ 3185.56,2
2517,09:30:01,$ 3185.56,1
2518,09:30:01,$ 3185.56,1
2519,09:30:01,$ 3185.56,1
2521,09:30:01,$ 3185.56,1
2522,09:30:01,$ 3185.56,100
2523,09:30:01,$ 3185.56,16
2524,09:30:01,$ 3185.56,5
2525,09:30:01,$ 3185.56,1
2526,09:30:01,$ 3185.56,5
2527,09:30:01,$ 3185.56,7
2528,09:30:01,$ 3185.56,3
2529,09:30:01,$ 3185.56,3
2530,09:30:01,$ 3185.56,1
2531,09:30:01,$ 3185.56,32
2532,09:30:01,$ 3185.56,10
2533,09:30:01,$ 3185.56,5
2534,09:30:01,$ 3185.56,74
2535,09:30:01,$ 3185.56,274
2536,09:30:01,$ 3185.56,1
2537,09:30:01,$ 3185.56,1
2538,09:30:01,$ 3185.56,1
2539,09:30:01,$ 3185.56,134
2540,09:30:01,$ 3185.56,20
2542,09:30:01,$ 3185.56,2
2543,09:30:01,$ 3185.56,24
2544,09:30:01,$ 3185.56,1
2545,09:30:01,$ 3185.56,5
2546,09:30:01,$ 3185.56,1
2547,09:30:01,$ 3185.56,10
2548,09:30:01,$ 3185.56,3
2549,09:30:01,$ 3185.56,55
2550,09:30:01,$ 3185.56,20
2551,09:30:01,$ 3185.56,66
2552,09:30:01,$ 3185.56,3
2553,09:30:01,$ 3185.56,42
2554,09:30:01,$ 3185.56,78
2555,09:30:01,$ 3185.56,2
2556,09:30:01,$ 3185.56,2
2557,09:30:01,$ 3185.56,10
2558,09:30:01,$ 3185.56,1
2559,09:30:01,$ 3185.56,3
2560,09:30:01,$ 3185.56,1
2561,09:30:01,$ 3185.56,10
2563,09:30:01,$ 3185.56,1
2564,09:30:01,$ 3185.56,9
2565,09:30:01,$ 3185.56,5
2566,09:30:01,$ 3185.56,1
2567,09:30:01,$ 3185.56,1
2568,09:30:01,$ 3185.56,2
2569,09:30:01,$ 3185.56,1
2570,09:30:01,$ 3185.56,2
2571,09:30:01,$ 3185.56,24
2572,09:30:01,$ 3185.56,5
2573,09:30:01,$ 3185.56,29
2574,09:30:01,$ 3185.56,13
2575,09:30:01,$ 3185.56,2
2576,09:30:01,$ 3185.56,50
2577,09:30:01,$ 3185.56,100
2578,09:30:01,$ 3185.56,15
2579,09:30:01,$ 3185.56,202
2580,09:30:01,$ 3185.56,1
2581,09:30:01,$ 3185.56,16
2582,09:30:01,$ 3185.56,78
2584,09:30:01,$ 3185.56,2
2585,09:30:01,$ 3185.56,1
2586,09:30:01,$ 3185.56,2
2587,09:30:01,$ 3185.56,1
2588,09:30:01,$ 3185.56,1
2589,09:30:01,$ 3185.56,5
2590,09:30:01,$ 3185.56,10
2591,09:30:01,$ 3185.56,20
2592,09:30:01,$ 3185.56,2
2593,09:30:01,$ 3185.56,47
2594,09:30:01,$ 3185.56,1
2595,09:30:01,$ 3185.56,23
2596,09:30:01,$ 3185.56,4
2597,09:30:01,$ 3185.56,100
2598,09:30:01,$ 3185.56,2
2599,09:30:01,$ 3185.56,173
2600,09:30:01,$ 3185.56,2
2601,09:30:01,$ 3185.56,1
2602,09:30:01,$ 3185.56,1
2603,09:30:01,$ 3185.56,1
2605,09:30:01,$ 3185.56,10
2606,09:30:01,$ 3185.56,100
2607,09:30:01,$ 3185.56,5
2608,09:30:01,$ 3185.56,2
2609,09:30:01,$ 3185.56,16
2610,09:30:01,$ 3185.56,9
2611,09:30:01,$ 3185.56,22
2612,09:30:01,$ 3185.56,86
2613,09:30:01,$ 3185.56,1
2614,09:30:01,$ 3185.56,3
2615,09:30:01,$ 3185.56,1
2616,09:30:01,$ 3185.56,1
2617,09:30:01,$ 3185.56,3
2618,09:30:01,$ 3185.56,1
2619,09:30:01,$ 3185.56,1
2620,09:30:01,$ 3185.56,1
2621,09:30:01,$ 3185.56,1
2622,09:30:01,$ 3185.56,6
2623,09:30:01,$ 3185.56,"1,831"
2624,09:30:01,$ 3185.56,6
2626,09:30:01,$ 3185.56,8
2627,09:30:01,$ 3185.56,168
2628,09:30:01,$ 3185.56,1
2629,09:30:01,$ 3185.56,1
2630,09:30:01,$ 3185.56,12
2631,09:30:01,$ 3185.56,12
2632,09:30:01,$ 3185.56,3
2633,09:30:01,$ 3185.56,2
2634,09:30:01,$ 3185.56,2
2635,09:30:01,$ 3185.56,4
2636,09:30:01,$ 3185.56,4
2637,09:30:01,$ 3185.56,13
2638,09:30:01,$ 3185.56,50
2639,09:30:01,$ 3185.56,32
2640,09:30:01,$ 3185.56,7
2641,09:30:01,$ 3185.56,1
2642,09:30:01,$ 3185.56,3
2643,09:30:01,$ 3185.56,1
2644,09:30:01,$ 3185.56,11
2645,09:30:01,$ 3185.56,1
2647,09:30:01,$ 3185.56,2
2648,09:30:01,$ 3185.56,5
2649,09:30:01,$ 3185.56,265
2650,09:30:01,$ 3185.56,52
2651,09:30:01,$ 3185.56,2
2652,09:30:01,$ 3185.56,6
2653,09:30:01,$ 3185.56,10
2654,09:30:01,$ 3185.56,1
2655,09:30:01,$ 3185.56,1
2656,09:30:01,$ 3185.56,6
2657,09:30:01,$ 3185.56,5
2658,09:30:01,$ 3185.56,2
2659,09:30:01,$ 3185.56,30
2660,09:30:01,$ 3185.56,4
2661,09:30:01,$ 3185.56,3
2662,09:30:01,$ 3185.56,10
2663,09:30:01,$ 3185.56,200
2664,09:30:01,$ 3185.56,59
2665,09:30:01,$ 3185.56,10
2666,09:30:01,$ 3185.56,5
2668,09:30:01,$ 3185.56,132
2669,09:30:01,$ 3185.56,47
2670,09:30:01,$ 3185.56,1
2671,09:30:01,$ 3185.56,1
2672,09:30:01,$ 3185.56,2
2673,09:30:01,$ 3185.56,2
2674,09:30:01,$ 3185.56,1
2675,09:30:01,$ 3185.56,1
2676,09:30:01,$ 3185.56,1
2677,09:30:01,$ 3185.56,4
2678,09:30:01,$ 3185.56,1
2679,09:30:01,$ 3185.56,20
2680,09:30:01,$ 3185.56,100
2681,09:30:01,$ 3185.56,100
2682,09:30:01,$ 3185.56,100
2683,09:30:01,$ 3185.56,3
2684,09:30:01,$ 3185.56,20
2685,09:30:01,$ 3185.56,1
2686,09:30:01,$ 3185.56,300
2687,09:30:01,$ 3185.56,10
2689,09:30:01,$ 3185.56,2
2690,09:30:01,$ 3185.56,1
2691,09:30:01,$ 3185.56,200
2692,09:30:01,$ 3185.56,2
2693,09:30:01,$ 3185.56,3
2694,09:30:01,$ 3185.56,33
2695,09:30:01,$ 3185.56,1
2696,09:30:01,$ 3185.56,15
2697,09:30:01,$ 3185.56,100
2698,09:30:01,$ 3185.56,2
2699,09:30:01,$ 3185.56,1
2700,09:30:01,$ 3185.56,33
2701,09:30:01,$ 3185.56,1
2702,09:30:01,$ 3185.56,1
2703,09:30:01,$ 3185.56,1
2704,09:30:01,$ 3185.56,1
2705,09:30:01,$ 3185.56,833
2706,09:30:01,$ 3185.56,4
2707,09:30:01,$ 3185.56,5
2708,09:30:01,$ 3185.56,33
2710,09:30:01,$ 3185.56,4
2711,09:30:01,$ 3185.56,300
2712,09:30:01,$ 3185.56,1
2713,09:30:01,$ 3185.56,2
2714,09:30:01,$ 3185.56,1
2715,09:30:01,$ 3185.56,2
2716,09:30:01,$ 3185.56,3
2717,09:30:01,$ 3185.56,7
2718,09:30:01,$ 3185.56,1
2719,09:30:01,$ 3185.56,100
2720,09:30:01,$ 3185.56,1
2721,09:30:01,$ 3185.56,20
2722,09:30:01,$ 3185.56,12
2723,09:30:01,$ 3185.56,1
2724,09:30:01,$ 3185.56,1
2725,09:30:01,$ 3185.56,100
2726,09:30:01,$ 3185.56,200
2727,09:30:01,$ 3185.56,8
2728,09:30:01,$ 3185.56,1
2729,09:30:01,$ 3185.56,100
2731,09:30:01,$ 3185.56,2
2732,09:30:01,$ 3185.56,15
2733,09:30:01,$ 3185.56,100
2734,09:30:01,$ 3185.56,1
2735,09:30:01,$ 3185.56,3
2736,09:30:01,$ 3185.56,100
2737,09:30:01,$ 3185.56,5
2738,09:30:01,$ 3185.56,3
2739,09:30:01,$ 3185.56,200
2740,09:30:01,$ 3185.56,100
2742,10:29:59,$ 3201.05,100
2743,10:29:52,$ 3202.16,100
2744,10:29:36,$ 3204.50,100
2745,10:29:19,$ 3207.01,100
2746,10:29:19,$ 3206.64,100
2747,10:29:02,$ 3207.495,100
2748,10:29:01,$ 3207.50,100
2749,10:28:02,$ 3207.20,100
2750,10:27:54,$ 3206.60,100
2751,10:27:46,$ 3207.79,100
2752,10:27:22,$ 3207.13,100
2753,10:26:23,$ 3206.95,100
2754,10:26:23,$ 3206.95,100
2755,10:26:22,$ 3206.65,100
2756,10:26:19,$ 3206.953,100
2757,10:26:16,$ 3207.8898,100
2758,10:26:01,$ 3207.33,290
2759,10:25:56,$ 3208.025,100
2760,10:25:56,$ 3207.95,100
2761,10:25:56,$ 3207.96,100
2763,10:25:52,$ 3208.10,100
2764,10:25:47,$ 3207.45,100
2765,10:25:45,$ 3207.32,300
2766,10:25:42,$ 3206.85,100
2767,10:25:13,$ 3202.86,100
2768,10:25:13,$ 3202.935,300
2769,10:25:12,$ 3203.62,100
2770,10:25:03,$ 3203.97,100
2771,10:24:56,$ 3204.12,100
2772,10:24:56,$ 3204.16,100
2773,10:24:51,$ 3204.00,100
2774,10:24:30,$ 3204.7547,150
2775,10:24:19,$ 3205.62,100
2776,10:23:54,$ 3206.55,175
2777,10:23:42,$ 3207.15,100
2778,10:23:41,$ 3207.9861,185
2779,10:23:40,$ 3207.215,100
2780,10:23:40,$ 3207.185,100
2781,10:23:40,$ 3207.24,100
2782,10:23:40,$ 3207.21,100
2784,10:23:40,$ 3207.30,100
2785,10:23:27,$ 3208.1816,100
2786,10:23:24,$ 3206.9901,500
2787,10:23:10,$ 3210.15,179
2788,10:23:10,$ 3210.15,100
2789,10:23:10,$ 3210.15,100
2790,10:23:10,$ 3210.15,100
2791,10:23:09,$ 3210.02,100
2792,10:23:09,$ 3210.11,100
2793,10:23:09,$ 3210.07,100
2794,10:23:07,$ 3210.74,159
2795,10:23:02,$ 3211.83,200
2796,10:23:00,$ 3211.83,300
2797,10:22:57,$ 3211.75,100
2798,10:22:33,$ 3210.6001,100
2799,10:22:30,$ 3211.99,100
2800,10:22:18,$ 3212.8292,100
2801,10:22:17,$ 3212.61,100
2802,10:22:17,$ 3212.62,100
2803,10:21:40,$ 3212.06,500
2805,10:21:29,$ 3213.02,100
2806,10:21:28,$ 3213.075,100
2807,10:21:20,$ 3212.49,187
2808,10:21:20,$ 3211.92,"1,500"
2809,10:21:20,$ 3211.92,300
2810,10:21:15,$ 3212.40,100
2811,10:21:15,$ 3212.03,100
2812,10:21:09,$ 3211.74,300
2813,10:21:09,$ 3211.80,300
2814,10:21:09,$ 3211.80,300
2815,10:21:02,$ 3211.765,100
2816,10:20:49,$ 3211.205,200
2817,10:20:37,$ 3211.085,100
2818,10:20:36,$ 3211.34,100
2819,10:20:36,$ 3211.18,100
2820,10:20:35,$ 3211.15,100
2821,10:20:31,$ 3211.51,100
2822,10:20:26,$ 3212.758,327
2823,10:20:26,$ 3212.758,124
2824,10:20:17,$ 3211.785,100
2826,10:20:15,$ 3211.05,100
2827,10:20:15,$ 3211.12,100
2828,10:20:10,$ 3213.21,100
2829,10:20:09,$ 3212.685,100
2830,10:20:09,$ 3212.97,100
2831,10:20:09,$ 3212.62,100
2832,10:20:09,$ 3212.72,100
2833,10:20:09,$ 3212.97,100
2834,10:20:09,$ 3212.71,100
2835,10:20:09,$ 3212.17,100
2836,10:20:08,$ 3212.17,100
2837,10:20:06,$ 3212.58,100
2838,10:20:05,$ 3211.975,200
2839,10:20:05,$ 3212.2775,100
2840,10:20:03,$ 3212.39,100
2841,10:20:02,$ 3211.98,100
2842,10:19:56,$ 3211.21,100
2843,10:19:56,$ 3210.2015,"1,199"
2844,10:19:56,$ 3210.99,100
2845,10:19:56,$ 3211.34,100
2847,10:19:56,$ 3210.87,100
2848,10:19:48,$ 3211.04,100
2849,10:19:48,$ 3211.04,100
2850,10:19:48,$ 3211.00,100
2851,10:19:47,$ 3211.25,100
2852,10:19:29,$ 3212.14,100
2853,10:19:11,$ 3211.40,100
2854,10:19:11,$ 3211.42,100
2855,10:19:11,$ 3211.56,100
2856,10:19:08,$ 3211.4001,100
2857,10:19:02,$ 3212.0045,100
2858,10:19:00,$ 3212.00,100
2859,10:19:00,$ 3211.95,100
2860,10:18:57,$ 3211.58,100
2861,10:18:57,$ 3211.71,150
2862,10:18:56,$ 3210.91,100
2863,10:18:56,$ 3210.92,100
2864,10:18:56,$ 3210.92,100
2865,10:18:45,$ 3212.31,100
2866,10:18:45,$ 3211.94,500
2868,10:18:36,$ 3212.96,100
2869,10:18:36,$ 3211.935,300
2870,10:18:32,$ 3211.93,100
2871,10:18:00,$ 3210.86,100
2872,10:18:00,$ 3211.05,100
2873,10:18:00,$ 3210.86,100
2874,10:17:52,$ 3212.13,100
2875,10:17:42,$ 3213.1025,100
2876,10:17:42,$ 3213.22,100
2877,10:17:28,$ 3213.60,100
2878,10:17:28,$ 3213.69,100
2879,10:17:28,$ 3213.58,100
2880,10:17:25,$ 3212.495,100
2881,10:17:22,$ 3211.83,100
2882,10:17:22,$ 3212.78,100
2883,10:17:17,$ 3213.31,100
2884,10:17:08,$ 3213.30,100
2885,10:17:08,$ 3213.49,100
2886,10:17:04,$ 3213.26,100
2887,10:17:03,$ 3213.27,100
2889,10:17:02,$ 3212.9999,500
2890,10:17:00,$ 3212.88,100
2891,10:16:56,$ 3212.50,259
2892,10:16:53,$ 3211.74,100
2893,10:16:53,$ 3211.73,100
2894,10:16:51,$ 3210.91,100
2895,10:16:50,$ 3211.00,100
2896,10:16:43,$ 3208.31,100
2897,10:16:43,$ 3208.31,100
2898,10:16:43,$ 3208.08,100
2899,10:16:43,$ 3208.07,100
2900,10:16:37,$ 3207.94,100
2901,10:16:36,$ 3208.28,100
2902,10:16:36,$ 3208.28,100
2903,10:16:36,$ 3208.34,100
2904,10:16:36,$ 3208.22,100
2905,10:16:32,$ 3208.29,100
2906,10:16:26,$ 3207.44,100
2907,10:16:26,$ 3207.57,100
2908,10:16:26,$ 3207.73,100
2910,10:16:25,$ 3208.32,100
2911,10:16:25,$ 3208.24,100
2912,10:16:25,$ 3208.20,100
2913,10:16:25,$ 3208.26,100
2914,10:16:25,$ 3208.22,100
2915,10:16:19,$ 3208.28,174
2916,10:16:18,$ 3207.63,100
2917,10:16:17,$ 3208.05,100
2918,10:16:12,$ 3207.82,100
2919,10:16:11,$ 3207.60,100
2920,10:16:11,$ 3207.56,100
2921,10:16:11,$ 3208.32,100
2922,10:16:11,$ 3208.25,100
2923,10:16:11,$ 3208.31,100
2924,10:16:11,$ 3208.18,100
2925,10:16:11,$ 3208.14,100
2926,10:16:11,$ 3208.14,100
2927,10:16:07,$ 3207.98,100
2928,10:16:07,$ 3208.46,100
2929,10:16:07,$ 3208.45,100
2931,10:16:00,$ 3206.43,100
2932,10:15:56,$ 3205.4302,100
2933,10:15:45,$ 3207.20,100
2934,10:15:45,$ 3207.20,100
2935,10:15:45,$ 3207.67,100
2936,10:15:44,$ 3207.365,100
2937,10:15:34,$ 3207.71,100
2938,10:15:33,$ 3207.39,100
2939,10:15:33,$ 3207.37,100
2940,10:15:33,$ 3207.36,100
2941,10:15:33,$ 3207.97,100
2942,10:15:33,$ 3207.94,100
2943,10:15:19,$ 3207.76,120
2944,10:14:52,$ 3211.14,100
2945,10:14:50,$ 3211.3779,100
2946,10:14:43,$ 3210.955,300
2947,10:14:39,$ 3211.425,100
2948,10:14:28,$ 3211.615,100
2949,10:14:26,$ 3212.3799,100
2950,10:14:14,$ 3211.39,250
2952,10:13:58,$ 3211.06,100
2953,10:13:58,$ 3212.5353,100
2954,10:13:56,$ 3211.8311,100
2955,10:13:53,$ 3211.9701,100
2956,10:13:51,$ 3211.6743,100
2957,10:13:48,$ 3212.205,100
2958,10:13:47,$ 3211.80,100
2959,10:13:46,$ 3210.7601,100
2960,10:13:46,$ 3211.81,100
2961,10:13:43,$ 3213.00,105
2962,10:13:41,$ 3211.05,100
2963,10:13:40,$ 3211.20,100
2964,10:13:39,$ 3210.63,100
2965,10:13:28,$ 3209.29,100
2966,10:13:27,$ 3210.07,100
2967,10:13:25,$ 3210.3995,100
2968,10:13:22,$ 3210.85,100
2969,10:13:20,$ 3210.02,100
2970,10:13:20,$ 3210.98,100
2971,10:13:17,$ 3211.00,143
2973,10:13:17,$ 3209.86,100
2974,10:13:16,$ 3210.99,100
2975,10:13:13,$ 3210.8698,210
2976,10:13:13,$ 3210.8698,328
2977,10:13:13,$ 3211.00,100
2978,10:13:13,$ 3210.47,100
2979,10:13:13,$ 3210.42,100
2980,10:13:12,$ 3209.83,100
2981,10:13:12,$ 3209.83,100
2982,10:13:12,$ 3209.78,122
2983,10:13:12,$ 3210.00,100
2984,10:13:12,$ 3210.00,100
2985,10:13:08,$ 3209.875,100
2986,10:13:08,$ 3209.92,100
2987,10:13:08,$ 3209.00,"1,061"
2988,10:13:08,$ 3209.07,100
2989,10:13:08,$ 3209.07,501
2990,10:13:08,$ 3209.00,200
2991,10:13:06,$ 3208.03,100
2992,10:13:06,$ 3208.00,346
2994,10:13:02,$ 3208.52,100
2995,10:13:00,$ 3208.04,100
2996,10:13:00,$ 3207.872,100
2997,10:13:00,$ 3207.84,100
2998,10:13:00,$ 3207.84,100
2999,10:13:00,$ 3208.02,100
3000,10:12:59,$ 3208.6581,300
3001,10:12:59,$ 3208.51,100
3002,10:12:58,$ 3208.02,100
3003,10:12:52,$ 3207.39,250
3004,10:12:51,$ 3207.785,100
3005,10:12:50,$ 3207.95,100
3006,10:12:49,$ 3206.415,100
3007,10:12:49,$ 3206.415,100
3008,10:12:47,$ 3206.94,100
3009,10:12:47,$ 3206.98,100
3010,10:12:47,$ 3206.06,100
3011,10:12:47,$ 3206.06,100
3012,10:12:47,$ 3206.06,100
3013,10:12:47,$ 3206.06,100
3015,10:12:45,$ 3206.06,100
3016,10:12:45,$ 3206.06,100
3017,10:12:45,$ 3206.06,100
3018,10:12:36,$ 3205.73,100
3019,10:12:12,$ 3204.97,100
3020,10:12:12,$ 3204.91,110
3021,10:12:08,$ 3204.96,100
3022,10:12:07,$ 3204.01,100
3023,10:12:07,$ 3204.52,100
3024,10:12:02,$ 3205.01,100
3025,10:12:02,$ 3205.00,100
3026,10:12:00,$ 3206.33,100
3027,10:11:59,$ 3205.77,100
3028,10:11:59,$ 3206.24,100
3029,10:11:54,$ 3205.7113,169
3030,10:11:51,$ 3205.84,100
3031,10:11:48,$ 3205.96,100
3032,10:11:45,$ 3205.49,100
3033,10:11:45,$ 3205.09,100
3034,10:11:45,$ 3205.09,100
3036,10:11:45,$ 3205.00,100
3037,10:11:41,$ 3203.90,100
3038,10:11:28,$ 3203.835,100
3039,10:11:28,$ 3203.335,100
3040,10:11:28,$ 3203.35,100
3041,10:11:28,$ 3203.34,100
3042,10:11:28,$ 3203.44,100
3043,10:11:28,$ 3203.34,100
3044,10:11:26,$ 3204.21,100
3045,10:11:18,$ 3201.5801,200
3046,10:11:14,$ 3202.74,100
3047,10:11:14,$ 3202.74,100
3048,10:11:14,$ 3201.855,"5,932"
3049,10:11:04,$ 3201.99,100
3050,10:11:02,$ 3202.17,100
3051,10:11:02,$ 3202.17,100
3052,10:10:59,$ 3203.22,100
3053,10:10:52,$ 3203.00,200
3054,10:10:48,$ 3203.39,100
3055,10:10:48,$ 3202.1911,500
3057,10:10:43,$ 3202.87,110
3058,10:10:41,$ 3203.29,100
3059,10:10:40,$ 3202.25,100
3060,10:10:30,$ 3201.74,100
3061,10:10:21,$ 3200.00,100
3062,10:10:19,$ 3200.00,100
3063,10:10:19,$ 3200.00,177
3064,10:10:19,$ 3200.00,100
3065,10:10:18,$ 3199.99,100
3066,10:10:17,$ 3199.99,100
3067,10:10:11,$ 3199.14,100
3068,10:10:03,$ 3198.005,100
3069,10:09:47,$ 3197.28,100
3070,10:09:46,$ 3197.375,100
3071,10:09:45,$ 3198.48,100
3072,10:09:36,$ 3197.17,100
3073,10:09:35,$ 3196.48,100
3074,10:09:29,$ 3195.2575,100
3075,10:09:28,$ 3195.09,100
3076,10:09:18,$ 3194.50,100
3078,10:09:18,$ 3194.23,100
3079,10:09:14,$ 3194.97,100
3080,10:08:53,$ 3195.46,100
3081,10:08:52,$ 3196.01,100
3082,10:08:28,$ 3195.46,100
3083,10:08:14,$ 3195.345,100
3084,10:07:45,$ 3195.57,100
3085,10:07:45,$ 3195.57,100
3086,10:07:45,$ 3195.68,100
3087,10:07:41,$ 3195.365,100
3088,10:07:37,$ 3195.065,100
3089,10:07:37,$ 3194.97,100
3090,10:07:37,$ 3194.97,100
3091,10:07:27,$ 3195.34,100
3092,10:07:27,$ 3195.15,100
3093,10:07:20,$ 3194.33,100
3094,10:07:18,$ 3193.00,200
3095,10:07:18,$ 3193.168,100
3096,10:07:08,$ 3192.22,100
3097,10:07:06,$ 3193.89,100
3099,10:07:05,$ 3196.2068,"1,000"
3100,10:07:03,$ 3194.03,100
3101,10:07:03,$ 3194.52,100
3102,10:07:03,$ 3194.52,100
3103,10:07:03,$ 3194.03,100
3104,10:07:03,$ 3194.60,100
3105,10:07:03,$ 3194.52,100
3106,10:07:03,$ 3194.39,100
3107,10:06:58,$ 3195.1675,100
3108,10:06:58,$ 3194.995,100
3109,10:06:58,$ 3195.89,100
3110,10:06:47,$ 3196.36,100
3111,10:06:46,$ 3196.206,100
3112,10:06:41,$ 3194.89,100
3113,10:06:38,$ 3194.77,100
3114,10:06:32,$ 3195.33,100
3115,10:06:31,$ 3195.0025,100
3116,10:06:31,$ 3195.54,100
3117,10:06:31,$ 3195.25,100
3118,10:06:31,$ 3195.40,100
3120,10:06:30,$ 3194.12,124
3121,10:06:30,$ 3194.72,100
3122,10:06:18,$ 3197.73,312
3123,10:06:18,$ 3195.42,100
3124,10:06:14,$ 3197.06,100
3125,10:06:12,$ 3197.69,100
3126,10:06:04,$ 3198.00,100
3127,10:05:52,$ 3197.09,100
3128,10:05:49,$ 3200.83,123
3129,10:05:44,$ 3199.44,100
3130,10:05:41,$ 3199.405,100
3131,10:05:41,$ 3199.21,100
3132,10:05:29,$ 3200.39,100
3133,10:05:29,$ 3199.648,100
3134,10:05:29,$ 3199.64,100
3135,10:05:29,$ 3199.72,100
3136,10:04:37,$ 3200.4937,102
3137,10:04:31,$ 3198.82,100
3138,10:04:31,$ 3198.84,100
3139,10:04:31,$ 3198.82,100
3141,10:04:31,$ 3199.30,100
3142,10:04:21,$ 3200.41,100
3143,10:04:21,$ 3200.75,900
3144,10:04:20,$ 3200.75,100
3145,10:04:20,$ 3201.22,100
3146,10:04:18,$ 3200.73,100
3147,10:04:18,$ 3200.95,100
3148,10:04:17,$ 3200.7256,100
3149,10:04:00,$ 3201.0763,100
3150,10:04:00,$ 3201.16,100
3151,10:04:00,$ 3201.16,100
3152,10:04:00,$ 3201.1973,200
3153,10:04:00,$ 3201.20,100
3154,10:04:00,$ 3201.195,100
3155,10:04:00,$ 3201.16,100
3156,10:04:00,$ 3201.16,100
3157,10:04:00,$ 3201.00,100
3158,10:04:00,$ 3201.16,100
3159,10:04:00,$ 3200.82,300
3160,10:04:00,$ 3201.01,100
3162,10:03:58,$ 3200.705,100
3163,10:03:56,$ 3200.855,100
3164,10:03:56,$ 3199.34,100
3165,10:03:51,$ 3201.00,100
3166,10:03:42,$ 3200.93,100
3167,10:03:37,$ 3200.01,100
3168,10:03:33,$ 3201.31,174
3169,10:03:31,$ 3200.76,100
3170,10:03:30,$ 3201.09,100
3171,10:03:14,$ 3200.00,117
3172,10:03:14,$ 3200.00,100
3173,10:03:14,$ 3200.11,100
3174,10:03:14,$ 3200.00,100
3175,10:03:12,$ 3200.1304,500
3176,10:03:10,$ 3201.3741,100
3177,10:03:00,$ 3201.15,100
3178,10:02:59,$ 3201.88,100
3179,10:02:42,$ 3203.17,100
3180,10:02:42,$ 3203.21,100
3181,10:02:37,$ 3202.795,100
3183,10:02:26,$ 3201.97,100
3184,10:02:24,$ 3202.3923,465
3185,10:01:51,$ 3203.00,100
3186,10:01:42,$ 3202.18,100
3187,10:01:41,$ 3203.38,100
3188,10:01:41,$ 3203.63,200
3189,10:01:38,$ 3202.14,100
3190,10:01:20,$ 3201.70,217
3191,10:01:18,$ 3201.62,100
3192,10:01:18,$ 3201.57,100
3193,10:01:18,$ 3201.40,100
3194,10:01:07,$ 3199.56,100
3195,10:01:06,$ 3199.7013,500
3196,10:01:04,$ 3199.5901,500
3197,10:01:04,$ 3200.27,100
3198,10:01:00,$ 3201.29,100
3199,10:00:59,$ 3201.70,156
3200,10:00:50,$ 3202.62,100
3201,10:00:50,$ 3202.61,128
3202,10:00:46,$ 3203.34,100
3204,10:00:31,$ 3203.00,133
3205,10:00:31,$ 3203.00,100
3206,10:00:21,$ 3204.225,100
3207,10:00:21,$ 3205.50,143
3208,10:00:13,$ 3202.665,100
3209,10:00:09,$ 3204.65,100
3210,10:00:06,$ 3203.9615,100
3211,10:00:05,$ 3206.00,660
3212,10:00:05,$ 3204.96,100
3213,10:00:05,$ 3204.94,100
3214,10:00:05,$ 3205.15,100
3216,10:59:57,$ 3212.82,100
3217,10:59:57,$ 3213.00,100
3218,10:59:54,$ 3212.82,100
3219,10:59:25,$ 3211.26,100
3220,10:59:21,$ 3211.7701,100
3221,10:58:51,$ 3212.833,148
3222,10:58:51,$ 3211.4976,184
3223,10:58:50,$ 3211.37,100
3224,10:58:49,$ 3211.70,100
3225,10:58:49,$ 3211.68,167
3226,10:58:49,$ 3212.23,100
3227,10:58:46,$ 3213.47,100
3228,10:58:46,$ 3212.775,100
3229,10:58:36,$ 3211.6801,100
3230,10:58:07,$ 3214.0832,100
3231,10:57:58,$ 3211.2901,109
3232,10:57:54,$ 3212.00,200
3233,10:57:54,$ 3212.00,100
3234,10:57:54,$ 3212.0899,300
3235,10:57:33,$ 3213.16,100
3237,10:57:33,$ 3213.01,100
3238,10:57:33,$ 3213.00,100
3239,10:57:33,$ 3212.90,132
3240,10:56:53,$ 3211.275,100
3241,10:56:53,$ 3211.7299,200
3242,10:56:53,$ 3211.275,100
3243,10:56:52,$ 3211.24,100
3244,10:56:29,$ 3211.31,100
3245,10:56:27,$ 3210.78,100
3246,10:56:23,$ 3210.29,100
3247,10:56:20,$ 3210.29,100
3248,10:56:08,$ 3208.24,100
3249,10:56:08,$ 3208.97,100
3250,10:56:06,$ 3208.06,100
3251,10:56:01,$ 3209.14,115
3252,10:56:01,$ 3209.14,100
3253,10:56:01,$ 3209.14,142
3254,10:55:55,$ 3209.46,500
3255,10:55:50,$ 3209.27,100
3256,10:55:31,$ 3208.88,100
3258,10:55:12,$ 3206.8707,103
3259,10:55:12,$ 3206.999,200
3260,10:55:12,$ 3206.99,100
3261,10:54:58,$ 3206.40,100
3262,10:54:53,$ 3207.00,100
3263,10:54:53,$ 3207.00,100
3264,10:54:53,$ 3207.00,272
3265,10:54:53,$ 3206.80,100
3266,10:54:53,$ 3206.83,100
3267,10:54:49,$ 3206.7004,100
3268,10:54:45,$ 3204.737,120
3269,10:54:31,$ 3206.6203,120
3270,10:54:15,$ 3205.60,100
3271,10:54:15,$ 3205.02,100
3272,10:54:12,$ 3205.98,100
3273,10:53:10,$ 3204.5203,100
3274,10:53:07,$ 3204.34,150
3275,10:53:04,$ 3204.885,114
3276,10:52:58,$ 3204.15,100
3277,10:52:53,$ 3203.79,100
3279,10:52:48,$ 3203.91,100
3280,10:52:45,$ 3205.87,100
3281,10:52:45,$ 3205.87,100
3282,10:52:37,$ 3205.13,100
3283,10:52:33,$ 3206.63,200
3284,10:52:33,$ 3206.83,100
3285,10:52:33,$ 3206.83,100
3286,10:52:33,$ 3206.83,100
3287,10:52:33,$ 3205.86,101
3288,10:52:33,$ 3205.20,100
3289,10:52:32,$ 3205.06,100
3290,10:52:32,$ 3205.07,100
3291,10:52:26,$ 3205.01,100
3292,10:52:04,$ 3204.73,300
3293,10:51:12,$ 3204.41,200
3294,10:51:11,$ 3204.86,100
3295,10:51:05,$ 3204.02,106
3296,10:50:42,$ 3204.42,100
3297,10:50:39,$ 3204.42,160
3298,10:50:26,$ 3204.00,100
3300,10:50:26,$ 3204.00,100
3301,10:50:26,$ 3204.635,300
3302,10:50:26,$ 3204.70,100
3303,10:50:23,$ 3205.27,100
3304,10:50:18,$ 3205.09,300
3305,10:50:18,$ 3205.43,100
3306,10:50:18,$ 3204.995,100
3307,10:50:18,$ 3204.995,100
3308,10:50:18,$ 3204.995,100
3309,10:50:18,$ 3204.92,100
3310,10:50:07,$ 3204.35,100
3311,10:50:00,$ 3204.85,100
3312,10:50:00,$ 3204.17,100
3313,10:49:59,$ 3204.01,100
3314,10:49:59,$ 3204.03,100
3315,10:49:57,$ 3204.37,100
3316,10:49:57,$ 3204.505,100
3317,10:49:57,$ 3204.62,100
3318,10:49:57,$ 3204.60,100
3319,10:49:57,$ 3204.37,100
3321,10:49:57,$ 3204.39,100
3322,10:49:57,$ 3205.00,300
3323,10:49:56,$ 3204.10,400
3324,10:49:47,$ 3204.6111,100
3325,10:49:44,$ 3203.1658,100
3326,10:49:10,$ 3204.14,100
3327,10:49:10,$ 3204.065,100
3328,10:49:10,$ 3204.065,100
3329,10:49:00,$ 3202.11,100
3330,10:48:59,$ 3202.84,100
3331,10:48:52,$ 3202.45,100
3332,10:48:50,$ 3201.83,158
3333,10:48:42,$ 3202.25,108
3334,10:48:30,$ 3201.824,482
3335,10:47:52,$ 3202.34,100
3336,10:47:51,$ 3203.05,100
3337,10:47:36,$ 3201.65,100
3338,10:47:36,$ 3201.65,100
3339,10:47:36,$ 3201.095,100
3340,10:47:36,$ 3201.095,100
3342,10:47:26,$ 3201.4442,107
3343,10:46:52,$ 3199.365,102
3344,10:46:47,$ 3198.00,227
3345,10:46:47,$ 3197.85,100
3346,10:46:05,$ 3200.15,100
3347,10:45:37,$ 3201.20,100
3348,10:45:29,$ 3201.20,100
3349,10:45:29,$ 3201.35,100
3350,10:45:29,$ 3201.35,100
3351,10:45:23,$ 3203.1789,274
3352,10:45:23,$ 3202.66,100
3353,10:45:21,$ 3201.98,100
3354,10:44:44,$ 3199.6815,312
3355,10:44:44,$ 3199.6815,104
3356,10:44:19,$ 3198.151,151
3357,10:44:16,$ 3198.165,100
3358,10:44:06,$ 3197.825,100
3359,10:44:05,$ 3197.98,100
3360,10:44:05,$ 3197.98,100
3361,10:43:52,$ 3197.86,100
3363,10:43:52,$ 3197.86,100
3364,10:43:49,$ 3199.16,100
3365,10:43:49,$ 3199.16,194
3366,10:43:49,$ 3199.17,100
3367,10:43:49,$ 3199.16,264
3368,10:43:33,$ 3200.01,100
3369,10:43:33,$ 3200.01,100
3370,10:43:17,$ 3200.1115,140
3371,10:42:58,$ 3200.01,100
3372,10:42:44,$ 3199.83,149
3373,10:42:44,$ 3199.5948,300
3374,10:42:43,$ 3200.4084,312
3375,10:42:43,$ 3200.41,100
3376,10:42:19,$ 3198.0784,496
3377,10:42:19,$ 3199.53,100
3378,10:42:19,$ 3200.00,100
3379,10:42:19,$ 3200.00,100
3380,10:42:14,$ 3200.09,100
3381,10:42:14,$ 3200.09,100
3382,10:42:13,$ 3200.08,100
3384,10:42:10,$ 3201.025,100
3385,10:42:10,$ 3200.09,100
3386,10:42:08,$ 3201.176,100
3387,10:42:06,$ 3200.807,125
3388,10:42:05,$ 3200.215,100
3389,10:41:52,$ 3201.15,100
3390,10:41:52,$ 3201.16,100
3391,10:41:46,$ 3201.115,100
3392,10:41:45,$ 3200.91,100
3393,10:41:36,$ 3201.82,156
3394,10:41:29,$ 3201.54,100
3395,10:41:19,$ 3202.21,100
3396,10:40:23,$ 3203.911,150
3397,10:39:47,$ 3202.83,100
3398,10:39:26,$ 3203.71,100
3399,10:39:11,$ 3202.628,141
3400,10:39:02,$ 3203.39,100
3401,10:38:41,$ 3202.975,100
3402,10:38:30,$ 3203.09,100
3403,10:38:06,$ 3204.46,100
3405,10:38:06,$ 3204.46,100
3406,10:38:06,$ 3204.305,100
3407,10:38:02,$ 3205.00,100
3408,10:37:32,$ 3203.4607,100
3409,10:37:25,$ 3204.21,100
3410,10:37:25,$ 3205.4951,100
3411,10:36:47,$ 3203.46,100
3412,10:36:47,$ 3203.45,100
3413,10:36:12,$ 3204.722,100
3414,10:36:12,$ 3204.00,793
3415,10:35:58,$ 3204.5596,204
3416,10:35:48,$ 3203.72,100
3417,10:35:15,$ 3205.13,100
3418,10:34:56,$ 3206.4894,100
3419,10:34:43,$ 3204.37,100
3420,10:34:11,$ 3203.00,924
3421,10:34:05,$ 3204.25,100
3422,10:33:09,$ 3203.47,100
3423,10:33:09,$ 3203.47,100
3424,10:33:01,$ 3202.92,154
3426,10:33:01,$ 3202.81,100
3427,10:32:47,$ 3203.4187,250
3428,10:32:36,$ 3201.745,100
3429,10:32:31,$ 3201.45,100
3430,10:32:10,$ 3203.0565,140
3431,10:32:04,$ 3201.64,100
3432,10:31:15,$ 3202.96,100
3433,10:31:06,$ 3201.485,100
3434,10:30:45,$ 3201.41,100
3435,10:30:16,$ 3202.985,100
3436,10:30:09,$ 3202.80,100
3438,11:29:16,$ 3218.87,100
3439,11:28:57,$ 3217.33,100
3440,11:28:36,$ 3214.33,155
3441,11:28:31,$ 3214.73,100
3442,11:28:31,$ 3215.10,100
3443,11:28:31,$ 3215.10,100
3444,11:28:07,$ 3213.01,250
3445,11:28:06,$ 3213.77,110
3446,11:28:06,$ 3213.77,106
3447,11:28:06,$ 3214.00,400
3448,11:28:01,$ 3215.00,500
3449,11:27:12,$ 3218.23,100
3450,11:26:50,$ 3218.69,100
3451,11:26:50,$ 3218.70,390
3452,11:26:50,$ 3218.70,798
3453,11:26:50,$ 3218.70,292
3454,11:26:50,$ 3218.70,541
3455,11:26:18,$ 3217.95,100
3456,11:26:17,$ 3217.46,100
3457,11:26:13,$ 3217.98,100
3459,11:25:26,$ 3217.7797,250
3460,11:25:07,$ 3215.745,100
3461,11:24:59,$ 3215.9606,100
3462,11:24:55,$ 3215.7699,175
3463,11:24:54,$ 3215.00,100
3464,11:24:31,$ 3216.45,102
3465,11:24:28,$ 3216.50,500
3466,11:24:07,$ 3216.56,100
3467,11:23:00,$ 3216.76,252
3468,11:23:00,$ 3216.75,100
3469,11:23:00,$ 3216.75,106
3470,11:22:42,$ 3216.7707,250
3471,11:22:38,$ 3217.0715,160
3472,11:22:37,$ 3216.995,100
3473,11:22:18,$ 3217.49,322
3474,11:22:17,$ 3216.40,100
3475,11:22:17,$ 3216.40,100
3476,11:22:17,$ 3216.69,100
3477,11:22:17,$ 3216.51,100
3478,11:22:11,$ 3217.4323,250
3480,11:22:04,$ 3217.00,100
3481,11:21:52,$ 3217.01,100
3482,11:21:50,$ 3217.55,100
3483,11:21:34,$ 3217.855,100
3484,11:20:59,$ 3218.52,106
3485,11:20:57,$ 3218.8496,150
3486,11:20:49,$ 3217.90,100
3487,11:20:49,$ 3217.88,100
3488,11:20:46,$ 3218.00,220
3489,11:20:41,$ 3218.50,100
3490,11:20:26,$ 3218.56,100
3491,11:20:26,$ 3218.91,162
3492,11:19:51,$ 3218.76,100
3493,11:19:51,$ 3218.98,100
3494,11:19:45,$ 3219.65,500
3495,11:19:42,$ 3219.675,100
3496,11:19:40,$ 3219.97,199
3497,11:19:40,$ 3219.98,270
3498,11:19:40,$ 3219.93,124
3499,11:19:37,$ 3219.93,101
3501,11:19:31,$ 3219.54,100
3502,11:19:31,$ 3219.49,100
3503,11:19:27,$ 3218.7699,250
3504,11:19:27,$ 3218.41,158
3505,11:19:16,$ 3218.75,100
3506,11:19:14,$ 3219.215,100
3507,11:19:14,$ 3218.65,198
3508,11:19:14,$ 3218.88,200
3509,11:19:14,$ 3218.65,734
3510,11:19:14,$ 3218.66,100
3511,11:19:13,$ 3219.00,275
3512,11:19:13,$ 3219.20,200
3513,11:19:08,$ 3219.88,100
3514,11:19:02,$ 3220.12,100
3515,11:19:02,$ 3220.00,100
3516,11:19:01,$ 3219.99,100
3517,11:18:55,$ 3219.64,200
3518,11:18:42,$ 3220.21,100
3519,11:18:42,$ 3220.184,100
3520,11:18:25,$ 3220.4913,250
3522,11:18:20,$ 3220.1299,200
3523,11:18:17,$ 3219.54,100
3524,11:18:16,$ 3219.63,100
3525,11:18:15,$ 3220.00,100
3526,11:18:10,$ 3220.00,500
3527,11:17:51,$ 3219.19,100
3528,11:17:42,$ 3220.7299,500
3529,11:17:42,$ 3219.00,"1,238"
3530,11:17:42,$ 3219.02,100
3531,11:17:42,$ 3219.34,100
3532,11:17:37,$ 3220.54,100
3533,11:17:33,$ 3219.97,100
3534,11:17:19,$ 3220.00,900
3535,11:17:19,$ 3220.00,200
3536,11:17:19,$ 3220.00,100
3537,11:17:19,$ 3220.00,250
3538,11:17:19,$ 3220.00,100
3539,11:17:19,$ 3220.00,100
3540,11:17:19,$ 3219.95,100
3541,11:17:19,$ 3220.00,100
3543,11:17:19,$ 3220.00,124
3544,11:17:10,$ 3218.6801,200
3545,11:16:22,$ 3219.48,100
3546,11:16:21,$ 3219.22,100
3547,11:16:16,$ 3219.30,100
3548,11:16:13,$ 3218.31,100
3549,11:16:02,$ 3218.37,100
3550,11:16:02,$ 3218.32,100
3551,11:16:02,$ 3218.56,100
3552,11:16:02,$ 3218.30,100
3553,11:15:58,$ 3218.775,100
3554,11:15:57,$ 3218.00,247
3555,11:15:43,$ 3218.63,100
3556,11:15:37,$ 3217.80,200
3557,11:15:37,$ 3217.58,100
3558,11:15:31,$ 3218.52,100
3559,11:15:31,$ 3218.235,200
3560,11:15:19,$ 3218.3348,100
3561,11:15:04,$ 3217.74,100
3562,11:14:58,$ 3217.515,100
3564,11:14:55,$ 3217.69,100
3565,11:14:55,$ 3217.70,100
3566,11:14:53,$ 3218.00,100
3567,11:14:51,$ 3217.90,100
3568,11:14:44,$ 3218.50,100
3569,11:14:43,$ 3218.4214,100
3570,11:14:41,$ 3218.38,100
3571,11:14:40,$ 3217.92,100
3572,11:14:26,$ 3217.99,100
3573,11:14:26,$ 3217.99,100
3574,11:14:26,$ 3218.25,100
3575,11:14:26,$ 3218.00,100
3576,11:14:19,$ 3217.715,100
3577,11:14:19,$ 3217.77,102
3578,11:14:19,$ 3217.77,110
3579,11:14:19,$ 3217.77,108
3580,11:14:19,$ 3217.77,100
3581,11:14:18,$ 3217.67,190
3582,11:14:16,$ 3216.81,100
3583,11:14:16,$ 3216.81,100
3585,11:14:15,$ 3216.84,100
3586,11:14:09,$ 3217.27,100
3587,11:14:00,$ 3217.00,100
3588,11:14:00,$ 3217.00,100
3589,11:14:00,$ 3217.00,458
3590,11:14:00,$ 3217.00,255
3591,11:13:49,$ 3216.9635,100
3592,11:13:42,$ 3216.11,300
3593,11:13:42,$ 3216.09,100
3594,11:13:33,$ 3216.74,100
3595,11:13:28,$ 3215.805,100
3596,11:13:19,$ 3215.855,100
3597,11:13:16,$ 3215.00,500
3598,11:13:04,$ 3213.7682,200
3599,11:13:02,$ 3215.32,100
3600,11:13:00,$ 3214.41,100
3601,11:12:58,$ 3214.3953,160
3602,11:12:50,$ 3213.64,100
3603,11:12:40,$ 3213.56,100
3604,11:12:40,$ 3213.56,100
3606,11:12:39,$ 3213.56,100
3607,11:12:39,$ 3213.56,100
3608,11:12:39,$ 3213.56,100
3609,11:12:39,$ 3213.56,100
3610,11:12:31,$ 3214.4976,146
3611,11:12:31,$ 3213.56,100
3612,11:12:26,$ 3213.4989,157
3613,11:12:23,$ 3213.25,100
3614,11:12:23,$ 3213.45,100
3615,11:12:04,$ 3213.80,100
3616,11:11:52,$ 3213.57,100
3617,11:11:36,$ 3213.53,100
3618,11:11:36,$ 3213.69,100
3619,11:11:32,$ 3213.66,100
3620,11:11:28,$ 3214.36,100
3621,11:11:28,$ 3214.69,100
3622,11:11:28,$ 3214.69,100
3623,11:11:27,$ 3213.85,227
3624,11:11:00,$ 3213.82,100
3625,11:11:00,$ 3213.905,100
3627,11:10:49,$ 3213.0981,100
3628,11:10:46,$ 3212.985,100
3629,11:10:42,$ 3213.55,100
3630,11:10:24,$ 3213.93,100
3631,11:10:24,$ 3213.875,100
3632,11:10:22,$ 3213.50,100
3633,11:10:21,$ 3212.90,100
3634,11:10:16,$ 3212.39,130
3635,11:10:08,$ 3211.92,100
3636,11:09:51,$ 3213.58,155
3637,11:09:33,$ 3210.86,100
3638,11:09:33,$ 3211.32,100
3639,11:09:29,$ 3211.44,100
3640,11:09:09,$ 3212.015,100
3641,11:09:09,$ 3212.00,378
3642,11:09:09,$ 3212.095,100
3643,11:09:09,$ 3212.00,260
3644,11:08:39,$ 3211.8789,650
3645,11:08:36,$ 3211.00,100
3646,11:08:36,$ 3211.00,197
3648,11:08:31,$ 3211.202,200
3649,11:08:21,$ 3211.73,100
3650,11:08:21,$ 3211.35,100
3651,11:08:21,$ 3211.02,100
3652,11:08:15,$ 3211.02,800
3653,11:08:09,$ 3211.07,100
3654,11:08:05,$ 3210.54,100
3655,11:08:04,$ 3212.332,250
3656,11:08:04,$ 3212.41,100
3657,11:07:57,$ 3213.1896,148
3658,11:07:55,$ 3212.21,100
3659,11:07:26,$ 3214.00,100
3660,11:07:24,$ 3214.5899,140
3661,11:07:00,$ 3216.00,500
3662,11:07:00,$ 3215.93,200
3663,11:07:00,$ 3215.93,200
3664,11:06:57,$ 3215.5959,310
3665,11:06:34,$ 3216.00,196
3666,11:06:25,$ 3215.415,100
3667,11:06:12,$ 3215.82,100
3669,11:06:09,$ 3215.43,100
3670,11:06:00,$ 3214.88,100
3671,11:05:59,$ 3216.3999,248
3672,11:05:52,$ 3214.00,100
3673,11:05:50,$ 3214.68,100
3674,11:05:18,$ 3215.0993,100
3675,11:05:04,$ 3216.04,300
3676,11:05:00,$ 3215.85,593
3677,11:05:00,$ 3215.85,196
3678,11:05:00,$ 3215.80,100
3679,11:04:56,$ 3215.8661,100
3680,11:04:46,$ 3213.8115,100
3681,11:04:45,$ 3214.00,162
3682,11:04:45,$ 3214.00,100
3683,11:04:45,$ 3213.8032,100
3684,11:04:40,$ 3213.855,100
3685,11:04:35,$ 3213.0162,185
3686,11:04:34,$ 3214.15,100
3687,11:04:28,$ 3213.30,100
3688,11:04:03,$ 3213.04,100
3690,11:04:02,$ 3213.1099,200
3691,11:04:00,$ 3212.60,100
3692,11:03:11,$ 3212.94,100
3693,11:03:05,$ 3212.2601,"1,386"
3694,11:02:54,$ 3212.83,100
3695,11:02:51,$ 3212.81,100
3696,11:02:51,$ 3212.81,100
3697,11:02:33,$ 3212.83,400
3698,11:02:27,$ 3213.00,100
3699,11:02:27,$ 3212.76,590
3700,11:02:27,$ 3212.80,100
3701,11:02:27,$ 3212.72,100
3702,11:02:25,$ 3212.70,200
3703,11:02:25,$ 3212.83,197
3704,11:02:25,$ 3212.78,100
3705,11:02:25,$ 3211.93,400
3706,11:02:16,$ 3211.785,155
3707,11:02:11,$ 3212.82,100
3708,11:02:11,$ 3212.9168,245
3709,11:02:11,$ 3212.9168,288
3711,11:01:55,$ 3211.90,100
3712,11:01:55,$ 3211.69,100
3713,11:01:54,$ 3211.56,100
3714,11:01:54,$ 3211.14,100
3715,11:01:53,$ 3212.6741,195
3716,11:01:53,$ 3211.79,100
3717,11:01:34,$ 3212.00,100
3718,11:01:34,$ 3212.4118,125
3719,11:01:32,$ 3212.05,100
3720,11:01:29,$ 3212.385,100
3721,11:01:15,$ 3212.20,100
3722,11:01:14,$ 3213.2725,100
3723,11:01:12,$ 3213.025,100
3724,11:01:05,$ 3212.88,100
3725,11:01:01,$ 3213.24,100
3726,11:01:00,$ 3212.81,100
3727,11:01:00,$ 3212.785,100
3728,11:01:00,$ 3212.7925,100
3729,11:01:00,$ 3212.82,200
3730,11:01:00,$ 3212.775,100
3732,11:01:00,$ 3213.43,100
3733,11:01:00,$ 3212.96,100
3734,11:01:00,$ 3212.76,100
3735,11:01:00,$ 3212.875,100
3736,11:00:54,$ 3213.54,100
3737,11:00:48,$ 3213.42,100
3738,11:00:41,$ 3213.5006,100
3739,11:00:40,$ 3213.14,155
3740,11:00:37,$ 3213.64,100
3741,11:00:12,$ 3213.93,100
3742,11:00:06,$ 3214.455,"1,000"
3743,11:00:04,$ 3215.00,100
3744,11:00:04,$ 3215.00,100
3745,11:00:04,$ 3214.80,100
3746,11:00:04,$ 3214.80,100
3747,11:00:04,$ 3214.80,100
3748,11:00:01,$ 3214.286,100
3749,11:00:01,$ 3214.48,100
3750,11:00:01,$ 3215.00,100
3751,11:00:01,$ 3214.99,100
3753,11:00:01,$ 3214.9962,100
3754,11:00:01,$ 3214.41,100
3755,11:00:01,$ 3213.99,100
3756,11:00:01,$ 3213.7965,100
3757,11:00:01,$ 3213.79,100
3758,11:00:01,$ 3213.59,100
3759,11:00:01,$ 3213.78,100
3760,11:00:01,$ 3213.37,200
3762,11:59:32,$ 3210.98,100
3763,11:59:32,$ 3210.975,100
3764,11:59:25,$ 3211.1975,200
3765,11:59:25,$ 3211.34,100
3766,11:59:18,$ 3210.9325,100
3767,11:59:06,$ 3210.815,500
3768,11:59:03,$ 3210.64,100
3769,11:58:24,$ 3210.434,165
3770,11:58:20,$ 3210.33,100
3771,11:58:08,$ 3210.00,100
3772,11:57:34,$ 3210.00,300
3773,11:57:31,$ 3210.64,100
3774,11:57:31,$ 3210.59,100
3775,11:57:13,$ 3211.07,110
3776,11:56:54,$ 3211.1125,150
3777,11:56:51,$ 3211.215,100
3778,11:56:27,$ 3212.00,100
3779,11:56:27,$ 3212.00,100
3780,11:56:07,$ 3212.22,100
3781,11:55:54,$ 3212.415,100
3783,11:55:42,$ 3214.06,100
3784,11:55:14,$ 3213.43,100
3785,11:54:55,$ 3213.94,100
3786,11:54:40,$ 3213.15,100
3787,11:54:07,$ 3212.775,100
3788,11:54:06,$ 3213.23,100
3789,11:54:06,$ 3213.23,100
3790,11:54:06,$ 3213.38,100
3791,11:53:51,$ 3213.06,100
3792,11:53:45,$ 3213.155,100
3793,11:53:45,$ 3213.15,100
3794,11:53:18,$ 3212.51,100
3795,11:53:10,$ 3212.95,129
3796,11:52:53,$ 3213.04,100
3797,11:52:53,$ 3213.00,100
3798,11:52:53,$ 3213.00,100
3799,11:52:53,$ 3213.03,100
3800,11:52:53,$ 3213.00,100
3801,11:52:53,$ 3213.17,100
3802,11:52:43,$ 3212.9009,240
3804,11:52:41,$ 3212.3196,117
3805,11:52:36,$ 3213.26,132
3806,11:52:28,$ 3212.56,100
3807,11:52:28,$ 3212.56,100
3808,11:52:22,$ 3213.3333,100
3809,11:52:11,$ 3213.38,100
3810,11:52:11,$ 3213.00,397
3811,11:51:57,$ 3213.78,100
3812,11:51:48,$ 3213.78,165
3813,11:51:48,$ 3212.37,111
3814,11:51:39,$ 3212.785,150
3815,11:51:35,$ 3212.56,100
3816,11:50:07,$ 3215.73,400
3817,11:49:33,$ 3215.1599,100
3818,11:49:29,$ 3215.31,100
3819,11:49:16,$ 3214.03,100
3820,11:49:06,$ 3216.2871,300
3821,11:48:49,$ 3216.38,100
3822,11:48:48,$ 3216.39,100
3823,11:48:36,$ 3215.81,100
3825,11:48:35,$ 3215.4412,500
3826,11:47:56,$ 3217.25,"1,309"
3827,11:47:35,$ 3218.28,100
3828,11:47:30,$ 3216.70,100
3829,11:47:21,$ 3218.13,300
3830,11:46:48,$ 3218.15,165
3831,11:46:42,$ 3217.2103,100
3832,11:46:20,$ 3218.072,100
3833,11:46:16,$ 3218.45,100
3834,11:45:57,$ 3217.74,100
3835,11:45:08,$ 3217.86,100
3836,11:44:56,$ 3217.48,100
3837,11:44:14,$ 3216.45,100
3838,11:43:57,$ 3217.36,100
3839,11:43:53,$ 3217.92,100
3840,11:43:44,$ 3218.24,100
3841,11:43:17,$ 3217.6483,100
3842,11:42:28,$ 3217.25,100
3843,11:42:16,$ 3219.995,100
3844,11:41:43,$ 3218.46,300
3846,11:41:22,$ 3217.5938,400
3847,11:41:21,$ 3220.0623,500
3848,11:40:16,$ 3219.60,100
3849,11:40:12,$ 3221.19,300
3850,11:40:05,$ 3220.44,100
3851,11:40:00,$ 3220.72,100
3852,11:39:51,$ 3220.275,100
3853,11:39:42,$ 3220.36,100
3854,11:39:30,$ 3220.52,100
3855,11:39:30,$ 3220.99,104
3856,11:39:03,$ 3220.00,132
3857,11:37:56,$ 3218.80,100
3858,11:37:53,$ 3218.38,100
3859,11:37:45,$ 3217.4824,200
3860,11:37:32,$ 3218.63,100
3861,11:37:27,$ 3218.635,100
3862,11:37:17,$ 3218.625,100
3863,11:36:48,$ 3219.835,100
3864,11:36:45,$ 3220.19,150
3865,11:36:45,$ 3219.80,178
3867,11:36:45,$ 3220.40,100
3868,11:36:42,$ 3220.645,200
3869,11:36:27,$ 3219.84,100
