,NLS Time (ET),NLS Price,NLS Share Volume
1,09:59:48,$ 3213.00,200
2,09:59:48,$ 3213.35,100
3,09:59:32,$ 3213.88,100
4,09:59:32,$ 3214.03,100
5,09:59:32,$ 3214.43,100
6,09:59:32,$ 3214.75,100
7,09:59:32,$ 3214.04,100
8,09:59:32,$ 3214.04,100
9,09:59:08,$ 3215.185,100
10,09:59:08,$ 3214.4206,110
11,09:59:08,$ 3214.446,100
12,09:59:08,$ 3214.446,100
13,09:58:34,$ 3213.96,100
14,09:58:28,$ 3213.33,100
15,09:58:27,$ 3213.225,100
16,09:58:27,$ 3215.065,100
17,09:58:27,$ 3215.075,100
18,09:58:27,$ 3213.37,100
19,09:58:27,$ 3215.36,100
20,09:58:27,$ 3215.29,100
22,09:58:27,$ 3215.4016,120
23,09:58:09,$ 3214.6655,100
24,09:58:02,$ 3213.84,100
25,09:57:54,$ 3213.7252,112
26,09:57:50,$ 3214.255,100
27,09:57:47,$ 3213.58,100
28,09:57:40,$ 3213.29,115
29,09:57:39,$ 3213.13,100
30,09:57:35,$ 3213.28,100
31,09:57:35,$ 3213.27,100
32,09:57:29,$ 3213.54,100
33,09:57:28,$ 3214.1345,100
34,09:57:27,$ 3214.00,119
35,09:57:02,$ 3215.35,100
36,09:57:02,$ 3215.35,100
37,09:57:02,$ 3214.80,100
38,09:56:48,$ 3214.30,100
39,09:56:45,$ 3215.3308,152
40,09:56:44,$ 3215.00,100
41,09:56:40,$ 3214.44,100
43,09:56:25,$ 3214.7313,100
44,09:56:21,$ 3214.34,100
45,09:56:15,$ 3215.09,100
46,09:56:15,$ 3215.115,100
47,09:56:06,$ 3216.00,100
48,09:56:00,$ 3217.60,100
49,09:56:00,$ 3217.31,300
50,09:56:00,$ 3217.97,100
51,09:56:00,$ 3218.00,100
52,09:55:59,$ 3217.13,111
53,09:55:59,$ 3217.1775,100
54,09:55:59,$ 3217.10,100
55,09:55:59,$ 3216.91,100
56,09:55:59,$ 3216.91,300
57,09:55:59,$ 3217.10,100
58,09:55:59,$ 3216.76,100
59,09:55:59,$ 3216.76,100
60,09:55:59,$ 3216.68,100
61,09:55:56,$ 3216.07,100
62,09:55:55,$ 3216.48,100
64,09:55:55,$ 3216.80,100
65,09:55:52,$ 3217.315,100
66,09:55:52,$ 3217.31,100
67,09:55:46,$ 3217.485,100
68,09:55:40,$ 3217.18,100
69,09:55:39,$ 3217.15,200
70,09:55:38,$ 3217.24,100
71,09:55:38,$ 3217.66,200
72,09:55:38,$ 3217.80,100
73,09:55:38,$ 3218.00,100
74,09:55:38,$ 3218.09,100
75,09:55:38,$ 3218.42,100
76,09:55:38,$ 3218.42,230
77,09:55:37,$ 3217.35,100
78,09:55:37,$ 3217.54,300
79,09:55:37,$ 3217.49,100
80,09:55:37,$ 3217.78,100
81,09:55:37,$ 3217.78,100
82,09:55:35,$ 3217.48,100
83,09:55:29,$ 3217.77,100
85,09:55:29,$ 3216.217,100
86,09:55:29,$ 3216.32,100
87,09:55:28,$ 3216.13,100
88,09:55:28,$ 3216.66,200
89,09:55:28,$ 3216.36,100
90,09:55:28,$ 3216.36,100
91,09:55:28,$ 3216.15,100
92,09:55:28,$ 3216.20,100
93,09:55:28,$ 3216.3762,100
94,09:55:28,$ 3216.20,100
95,09:55:28,$ 3216.3765,100
96,09:55:28,$ 3216.11,300
97,09:55:28,$ 3216.29,100
98,09:55:24,$ 3215.77,149
99,09:55:09,$ 3216.03,100
100,09:55:00,$ 3214.81,120
101,09:54:15,$ 3215.00,100
102,09:54:04,$ 3214.27,100
103,09:53:58,$ 3212.84,100
104,09:53:55,$ 3213.56,100
106,09:53:49,$ 3212.54,200
107,09:53:45,$ 3212.6496,100
108,09:53:41,$ 3212.30,100
109,09:53:41,$ 3212.31,300
110,09:53:41,$ 3212.02,100
111,09:53:40,$ 3213.07,100
112,09:53:40,$ 3212.86,100
113,09:53:40,$ 3212.80,100
114,09:53:39,$ 3213.00,111
115,09:53:39,$ 3213.805,111
116,09:53:39,$ 3213.06,100
117,09:53:39,$ 3213.00,150
118,09:53:39,$ 3213.00,100
119,09:53:39,$ 3213.0038,100
120,09:53:39,$ 3213.0035,200
121,09:53:37,$ 3214.22,100
122,09:53:24,$ 3215.3399,100
123,09:53:07,$ 3213.85,100
124,09:52:49,$ 3214.14,100
125,09:52:49,$ 3214.00,100
127,09:52:48,$ 3214.53,100
128,09:52:48,$ 3214.20,100
129,09:52:48,$ 3214.27,100
130,09:52:48,$ 3214.23,100
131,09:52:48,$ 3214.25,100
132,09:52:46,$ 3215.49,111
133,09:52:46,$ 3215.00,111
134,09:52:46,$ 3215.19,100
135,09:52:33,$ 3215.67,100
136,09:52:32,$ 3215.525,100
137,09:52:30,$ 3215.05,100
138,09:52:30,$ 3215.22,100
139,09:52:29,$ 3215.27,111
140,09:52:29,$ 3215.685,111
141,09:52:29,$ 3215.29,100
142,09:52:29,$ 3215.47,100
143,09:52:29,$ 3215.27,100
144,09:52:29,$ 3215.33,100
145,09:52:29,$ 3215.29,100
146,09:52:29,$ 3215.30,100
148,09:52:28,$ 3215.6879,350
149,09:52:24,$ 3215.60,100
150,09:52:20,$ 3216.10,100
151,09:52:20,$ 3216.10,100
152,09:52:16,$ 3216.235,100
153,09:52:13,$ 3215.19,100
154,09:52:12,$ 3216.14,100
155,09:52:12,$ 3216.105,100
156,09:52:12,$ 3216.13,100
157,09:52:12,$ 3216.115,100
158,09:52:02,$ 3217.03,100
159,09:52:02,$ 3217.45,100
160,09:52:02,$ 3217.07,300
161,09:52:02,$ 3217.42,100
162,09:52:00,$ 3217.8422,350
163,09:52:00,$ 3218.01,100
164,09:52:00,$ 3217.93,100
165,09:52:00,$ 3217.51,100
166,09:51:58,$ 3216.75,100
167,09:51:57,$ 3216.52,100
169,09:51:57,$ 3216.52,100
170,09:51:53,$ 3216.75,100
171,09:51:52,$ 3217.23,100
172,09:51:45,$ 3217.4617,300
173,09:51:34,$ 3217.955,100
174,09:51:34,$ 3217.10,100
175,09:51:34,$ 3217.00,140
176,09:51:34,$ 3217.60,100
177,09:51:33,$ 3217.40,100
178,09:51:24,$ 3218.47,100
179,09:51:23,$ 3218.70,302
180,09:51:12,$ 3219.69,100
181,09:51:11,$ 3219.375,100
182,09:51:02,$ 3218.97,100
183,09:51:02,$ 3218.80,100
184,09:51:00,$ 3218.9019,100
185,09:50:59,$ 3219.34,100
186,09:50:57,$ 3218.6502,211
187,09:50:25,$ 3218.69,104
188,09:50:25,$ 3218.70,100
190,09:50:17,$ 3218.73,100
191,09:50:17,$ 3218.77,100
192,09:50:17,$ 3218.82,100
193,09:50:13,$ 3219.00,100
194,09:49:54,$ 3218.53,100
195,09:49:39,$ 3218.21,100
196,09:49:38,$ 3219.10,100
197,09:49:38,$ 3219.18,100
198,09:49:35,$ 3220.275,100
199,09:49:27,$ 3220.13,100
200,09:49:13,$ 3220.235,100
201,09:49:13,$ 3220.75,100
202,09:49:05,$ 3220.6557,100
203,09:48:38,$ 3220.55,100
204,09:48:37,$ 3220.74,100
205,09:48:33,$ 3220.10,100
206,09:48:33,$ 3220.58,100
207,09:48:33,$ 3220.51,100
208,09:48:20,$ 3219.43,100
209,09:48:15,$ 3220.875,100
211,09:48:15,$ 3220.03,100
212,09:48:15,$ 3220.03,100
213,09:48:15,$ 3220.54,100
214,09:48:05,$ 3221.895,100
215,09:48:02,$ 3222.86,200
216,09:47:53,$ 3223.365,100
217,09:47:35,$ 3223.70,100
218,09:47:33,$ 3224.42,100
219,09:47:32,$ 3223.95,100
220,09:47:32,$ 3223.95,100
221,09:47:26,$ 3224.22,100
222,09:47:21,$ 3224.23,100
223,09:47:04,$ 3223.39,100
224,09:47:04,$ 3223.58,100
225,09:46:21,$ 3225.69,100
226,09:46:16,$ 3224.6325,100
227,09:46:04,$ 3224.44,100
228,09:45:42,$ 3223.00,100
229,09:45:29,$ 3223.78,100
230,09:45:29,$ 3223.42,100
232,09:45:25,$ 3223.21,100
233,09:44:59,$ 3221.66,100
234,09:44:57,$ 3221.47,100
235,09:44:42,$ 3221.08,100
236,09:44:40,$ 3220.9302,100
237,09:44:13,$ 3220.00,900
238,09:44:13,$ 3220.00,100
239,09:44:13,$ 3220.00,100
240,09:44:08,$ 3221.00,150
241,09:44:05,$ 3220.7223,150
242,09:44:03,$ 3221.69,100
243,09:44:03,$ 3221.45,100
244,09:43:59,$ 3220.84,111
245,09:43:47,$ 3221.35,100
246,09:43:37,$ 3222.8867,124
247,09:43:35,$ 3223.01,100
248,09:43:21,$ 3224.00,100
249,09:42:49,$ 3226.04,340
250,09:42:43,$ 3223.73,100
251,09:42:43,$ 3225.55,100
253,09:42:27,$ 3225.505,100
254,09:42:27,$ 3226.00,100
255,09:42:07,$ 3225.635,100
256,09:41:59,$ 3223.45,100
257,09:41:59,$ 3223.13,100
258,09:41:42,$ 3224.045,100
259,09:41:42,$ 3224.88,100
260,09:41:42,$ 3224.96,100
261,09:41:42,$ 3224.97,100
262,09:41:42,$ 3224.97,100
263,09:41:40,$ 3224.50,100
264,09:41:38,$ 3224.32,100
265,09:41:38,$ 3224.32,100
266,09:41:38,$ 3224.18,100
267,09:41:38,$ 3224.12,100
268,09:41:12,$ 3225.365,100
269,09:41:02,$ 3223.82,100
270,09:40:58,$ 3225.0127,100
271,09:40:57,$ 3224.63,100
272,09:40:50,$ 3225.52,150
274,09:40:48,$ 3225.52,100
275,09:40:48,$ 3224.33,200
276,09:40:46,$ 3223.82,100
277,09:40:46,$ 3223.82,100
278,09:40:46,$ 3223.86,100
279,09:40:44,$ 3222.605,100
280,09:40:16,$ 3222.46,100
281,09:40:16,$ 3222.53,100
282,09:40:16,$ 3222.33,100
283,09:40:16,$ 3222.50,100
284,09:40:16,$ 3222.25,100
285,09:40:16,$ 3221.775,100
286,09:40:10,$ 3221.355,100
287,09:40:10,$ 3221.355,100
288,09:40:09,$ 3222.12,100
289,09:40:03,$ 3220.82,100
290,09:40:03,$ 3220.82,100
291,09:40:00,$ 3219.985,100
292,09:39:42,$ 3220.175,100
293,09:39:41,$ 3222.595,100
295,09:39:41,$ 3221.56,100
296,09:39:41,$ 3221.59,100
297,09:39:41,$ 3221.59,100
298,09:39:41,$ 3221.76,100
299,09:39:41,$ 3221.58,100
300,09:39:41,$ 3221.5635,100
301,09:39:41,$ 3221.58,100
302,09:39:41,$ 3221.565,100
303,09:39:41,$ 3221.97,100
304,09:39:41,$ 3221.59,100
305,09:39:41,$ 3222.60,300
306,09:39:11,$ 3222.10,100
307,09:39:11,$ 3222.10,749
308,09:38:59,$ 3219.01,100
309,09:38:54,$ 3218.20,100
310,09:38:54,$ 3218.21,100
311,09:38:46,$ 3218.00,300
312,09:38:43,$ 3218.6994,300
313,09:38:38,$ 3218.8411,214
314,09:38:27,$ 3219.4547,100
316,09:38:17,$ 3219.91,100
317,09:38:04,$ 3221.49,100
318,09:37:54,$ 3220.67,100
319,09:37:40,$ 3220.74,100
320,09:37:33,$ 3221.675,100
321,09:37:33,$ 3222.20,200
322,09:37:33,$ 3222.30,100
323,09:37:30,$ 3223.0575,157
324,09:37:28,$ 3221.76,100
325,09:37:28,$ 3222.08,995
326,09:37:27,$ 3224.00,100
327,09:37:14,$ 3224.0001,300
328,09:37:14,$ 3226.92,100
329,09:37:01,$ 3227.07,100
330,09:36:58,$ 3227.07,100
331,09:36:47,$ 3225.42,100
332,09:36:46,$ 3226.00,100
333,09:36:46,$ 3226.01,100
334,09:36:30,$ 3229.00,100
335,09:36:30,$ 3228.00,100
337,09:36:26,$ 3227.21,100
338,09:36:26,$ 3227.3015,100
339,09:36:13,$ 3227.05,100
340,09:36:09,$ 3226.01,100
341,09:36:03,$ 3225.6901,150
342,09:35:41,$ 3226.40,100
343,09:35:39,$ 3225.3621,207
344,09:35:32,$ 3224.88,111
345,09:35:29,$ 3224.03,300
346,09:35:26,$ 3224.054,100
347,09:35:11,$ 3226.42,100
348,09:35:08,$ 3226.2975,100
349,09:35:03,$ 3225.0101,100
350,09:34:36,$ 3226.10,100
351,09:34:36,$ 3226.00,500
352,09:34:35,$ 3227.50,563
353,09:34:29,$ 3228.41,100
354,09:34:13,$ 3228.10,100
355,09:34:02,$ 3228.19,100
356,09:33:52,$ 3227.40,100
358,09:33:49,$ 3227.59,381
359,09:33:44,$ 3229.7932,155
360,09:33:38,$ 3228.6073,100
361,09:33:38,$ 3229.28,100
362,09:33:38,$ 3229.56,100
363,09:33:38,$ 3229.57,100
364,09:33:38,$ 3230.155,100
365,09:33:35,$ 3230.00,100
366,09:33:34,$ 3230.00,100
367,09:33:34,$ 3230.00,100
368,09:33:34,$ 3229.63,100
369,09:33:26,$ 3227.46,100
370,09:33:02,$ 3227.375,100
371,09:32:59,$ 3227.00,135
372,09:32:52,$ 3226.00,367
373,09:32:52,$ 3226.00,100
374,09:32:52,$ 3226.00,100
375,09:32:35,$ 3224.16,100
376,09:32:31,$ 3223.295,100
377,09:32:29,$ 3223.30,300
379,09:31:53,$ 3224.22,100
380,09:31:52,$ 3224.87,100
381,09:31:52,$ 3223.90,106
382,09:31:52,$ 3223.90,100
383,09:31:52,$ 3223.98,106
384,09:31:52,$ 3223.98,100
385,09:31:48,$ 3223.705,100
386,09:31:29,$ 3220.3701,100
387,09:31:19,$ 3222.6226,112
388,09:31:16,$ 3222.63,100
389,09:31:14,$ 3222.63,100
390,09:30:57,$ 3225.09,100
391,09:30:55,$ 3224.91,100
392,09:30:55,$ 3225.00,501
393,09:30:55,$ 3224.40,100
394,09:30:55,$ 3224.40,100
395,09:30:55,$ 3224.38,100
396,09:30:54,$ 3223.11,100
397,09:30:54,$ 3223.40,100
398,09:30:54,$ 3223.45,100
400,09:30:54,$ 3222.36,100
401,09:30:54,$ 3222.10,100
402,09:30:54,$ 3223.02,100
403,09:30:53,$ 3220.99,100
404,09:30:52,$ 3223.11,100
405,09:30:49,$ 3219.90,100
406,09:30:49,$ 3220.00,150
407,09:30:49,$ 3220.00,207
408,09:30:49,$ 3220.00,475
409,09:30:49,$ 3220.25,100
410,09:30:49,$ 3220.24,100
411,09:30:49,$ 3220.00,100
412,09:30:49,$ 3220.19,100
413,09:30:49,$ 3220.45,300
414,09:30:49,$ 3220.84,100
415,09:30:30,$ 3220.00,100
416,09:30:15,$ 3221.20,100
417,09:30:15,$ 3221.32,100
418,09:30:15,$ 3221.32,100
419,09:30:15,$ 3221.33,100
421,09:30:11,$ 3221.37,200
422,09:30:08,$ 3221.38,200
423,09:30:07,$ 3222.655,100
424,09:30:03,$ 3222.27,200
425,09:30:02,$ 3221.21,100
426,09:30:02,$ 3222.00,1
427,09:30:02,$ 3222.00,1
428,09:30:02,$ 3222.00,5
429,09:30:02,$ 3222.00,2
430,09:30:02,$ 3222.00,3
431,09:30:02,$ 3222.00,16
432,09:30:02,$ 3222.00,3
433,09:30:02,$ 3222.00,2
434,09:30:02,$ 3222.00,5
435,09:30:02,$ 3222.00,7
436,09:30:02,$ 3222.00,3
437,09:30:02,$ 3222.00,11
438,09:30:02,$ 3222.00,5
439,09:30:02,$ 3222.00,10
440,09:30:02,$ 3222.00,1
442,09:30:02,$ 3222.00,1
443,09:30:02,$ 3222.00,3
444,09:30:02,$ 3222.00,1
445,09:30:02,$ 3222.00,1
446,09:30:02,$ 3222.00,1
447,09:30:02,$ 3222.00,2
448,09:30:02,$ 3222.00,1
449,09:30:02,$ 3222.00,1
450,09:30:02,$ 3222.00,1
451,09:30:02,$ 3222.00,2
452,09:30:02,$ 3222.00,2
453,09:30:02,$ 3222.00,2
454,09:30:02,$ 3222.00,1
455,09:30:02,$ 3222.00,1
456,09:30:02,$ 3222.00,3
457,09:30:02,$ 3222.00,5
458,09:30:02,$ 3222.00,2
459,09:30:02,$ 3222.00,1
460,09:30:02,$ 3222.00,2
461,09:30:02,$ 3222.00,1
463,09:30:02,$ 3222.00,1
464,09:30:02,$ 3222.00,1
465,09:30:02,$ 3222.00,1
466,09:30:02,$ 3222.00,1
467,09:30:02,$ 3222.00,1
468,09:30:02,$ 3222.00,1
469,09:30:02,$ 3222.00,3
470,09:30:02,$ 3222.00,5
471,09:30:02,$ 3222.00,1
472,09:30:02,$ 3222.00,1
473,09:30:02,$ 3222.00,2
474,09:30:02,$ 3222.00,3
475,09:30:02,$ 3222.00,3
476,09:30:02,$ 3222.00,2
477,09:30:02,$ 3222.00,1
478,09:30:02,$ 3222.00,15
479,09:30:02,$ 3222.00,3
480,09:30:02,$ 3222.00,10
481,09:30:02,$ 3222.00,1
482,09:30:02,$ 3222.00,3
484,09:30:02,$ 3222.00,7
485,09:30:02,$ 3222.00,1
486,09:30:02,$ 3222.00,1
487,09:30:02,$ 3222.00,1
488,09:30:02,$ 3222.00,2
489,09:30:02,$ 3222.00,1
490,09:30:02,$ 3222.00,1
491,09:30:02,$ 3222.00,1
492,09:30:02,$ 3222.00,4
493,09:30:02,$ 3222.00,1
494,09:30:02,$ 3222.00,56
495,09:30:02,$ 3222.00,2
496,09:30:02,$ 3222.00,1
497,09:30:02,$ 3222.00,5
498,09:30:02,$ 3222.00,10
499,09:30:02,$ 3222.00,1
500,09:30:02,$ 3222.00,1
501,09:30:02,$ 3222.00,1
502,09:30:02,$ 3222.00,1
503,09:30:02,$ 3222.00,2
505,09:30:02,$ 3222.00,3
506,09:30:02,$ 3222.00,1
507,09:30:02,$ 3222.00,1
508,09:30:02,$ 3222.00,1
509,09:30:02,$ 3222.00,3
510,09:30:02,$ 3222.00,5
511,09:30:02,$ 3222.00,1
512,09:30:02,$ 3222.00,70
513,09:30:02,$ 3222.00,5
514,09:30:02,$ 3222.00,1
515,09:30:02,$ 3222.00,1
516,09:30:02,$ 3222.00,1
517,09:30:02,$ 3222.00,4
518,09:30:02,$ 3222.00,1
519,09:30:02,$ 3222.00,9
520,09:30:02,$ 3222.00,1
521,09:30:02,$ 3222.00,19
522,09:30:02,$ 3222.00,4
523,09:30:02,$ 3222.00,1
524,09:30:02,$ 3222.00,2
526,09:30:02,$ 3222.00,2
527,09:30:02,$ 3222.00,1
528,09:30:02,$ 3222.00,1
529,09:30:02,$ 3222.00,2
530,09:30:02,$ 3222.00,2
531,09:30:02,$ 3222.00,2
532,09:30:02,$ 3222.00,2
533,09:30:02,$ 3222.00,1
534,09:30:02,$ 3222.00,3
535,09:30:02,$ 3222.00,10
536,09:30:02,$ 3222.00,10
537,09:30:02,$ 3222.00,7
538,09:30:02,$ 3222.00,2
539,09:30:02,$ 3222.00,3
540,09:30:02,$ 3222.00,2
541,09:30:02,$ 3222.00,1
542,09:30:02,$ 3222.00,2
543,09:30:02,$ 3222.00,1
544,09:30:02,$ 3222.00,1
545,09:30:02,$ 3222.00,10
547,09:30:02,$ 3222.00,1
548,09:30:02,$ 3222.00,11
549,09:30:02,$ 3222.00,1
550,09:30:02,$ 3222.00,1
551,09:30:02,$ 3222.00,5
552,09:30:02,$ 3222.00,20
553,09:30:02,$ 3222.00,1
554,09:30:02,$ 3222.00,1
555,09:30:02,$ 3222.00,3
556,09:30:02,$ 3222.00,5
557,09:30:02,$ 3222.00,30
558,09:30:02,$ 3222.00,2
559,09:30:02,$ 3222.00,6
560,09:30:02,$ 3222.00,2
561,09:30:02,$ 3222.00,8
562,09:30:02,$ 3222.00,1
563,09:30:02,$ 3222.00,10
564,09:30:02,$ 3222.00,1
565,09:30:02,$ 3222.00,2
566,09:30:02,$ 3222.00,1
568,09:30:02,$ 3222.00,18
569,09:30:02,$ 3222.00,7
570,09:30:02,$ 3222.00,4
571,09:30:02,$ 3222.00,1
572,09:30:02,$ 3222.00,10
573,09:30:02,$ 3222.00,1
574,09:30:02,$ 3222.00,1
575,09:30:02,$ 3222.00,13
576,09:30:02,$ 3222.00,5
577,09:30:02,$ 3222.00,1
578,09:30:02,$ 3222.00,3
579,09:30:02,$ 3222.00,1
580,09:30:02,$ 3222.00,10
581,09:30:02,$ 3222.00,1
582,09:30:02,$ 3222.00,1
583,09:30:02,$ 3222.00,10
584,09:30:02,$ 3222.00,1
585,09:30:02,$ 3222.00,3
586,09:30:02,$ 3222.00,1
587,09:30:02,$ 3222.00,8
589,09:30:02,$ 3222.00,5
590,09:30:02,$ 3222.00,2
591,09:30:02,$ 3222.00,1
592,09:30:02,$ 3222.00,1
593,09:30:02,$ 3222.00,1
594,09:30:02,$ 3222.00,1
595,09:30:02,$ 3222.00,6
596,09:30:02,$ 3222.00,9
597,09:30:02,$ 3222.00,8
598,09:30:02,$ 3222.00,14
599,09:30:02,$ 3222.00,1
600,09:30:02,$ 3222.00,1
601,09:30:02,$ 3222.00,1
602,09:30:02,$ 3222.00,3
603,09:30:02,$ 3222.00,30
604,09:30:02,$ 3222.00,5
605,09:30:02,$ 3222.00,13
606,09:30:02,$ 3222.00,4
607,09:30:02,$ 3222.00,5
608,09:30:02,$ 3222.00,3
610,09:30:02,$ 3222.00,32
611,09:30:02,$ 3222.00,1
612,09:30:02,$ 3222.00,3
613,09:30:02,$ 3222.00,7
614,09:30:02,$ 3222.00,15
615,09:30:02,$ 3222.00,2
616,09:30:02,$ 3222.00,7
617,09:30:02,$ 3222.00,3
618,09:30:02,$ 3222.00,9
619,09:30:02,$ 3222.00,1
620,09:30:02,$ 3222.00,607
621,09:30:02,$ 3222.00,1
622,09:30:02,$ 3222.00,10
623,09:30:02,$ 3222.00,136
624,09:30:02,$ 3222.00,1
625,09:30:02,$ 3222.00,1
626,09:30:02,$ 3222.00,1
627,09:30:02,$ 3222.00,2
628,09:30:02,$ 3222.00,1
629,09:30:02,$ 3222.00,1
631,09:30:02,$ 3222.00,1
632,09:30:02,$ 3222.00,2
633,09:30:02,$ 3222.00,10
634,09:30:02,$ 3222.00,1
635,09:30:02,$ 3222.00,13
636,09:30:02,$ 3222.00,1
637,09:30:02,$ 3222.00,10
638,09:30:02,$ 3222.00,1
639,09:30:02,$ 3222.00,5
640,09:30:02,$ 3222.00,10
641,09:30:02,$ 3222.00,1
642,09:30:02,$ 3222.00,1
643,09:30:02,$ 3222.00,5
644,09:30:02,$ 3222.00,3
645,09:30:02,$ 3222.00,2
646,09:30:02,$ 3222.00,1
647,09:30:02,$ 3222.00,2
648,09:30:02,$ 3222.00,31
649,09:30:02,$ 3222.00,17
650,09:30:02,$ 3222.00,1
652,09:30:02,$ 3222.00,12
653,09:30:02,$ 3222.00,2
654,09:30:02,$ 3222.00,15
655,09:30:02,$ 3222.00,5
656,09:30:02,$ 3222.00,46
657,09:30:02,$ 3222.00,2
658,09:30:02,$ 3222.00,5
659,09:30:02,$ 3222.00,3
660,09:30:02,$ 3222.00,6
661,09:30:02,$ 3222.00,2
662,09:30:02,$ 3222.00,2
663,09:30:02,$ 3222.00,30
664,09:30:02,$ 3222.00,2
665,09:30:02,$ 3222.00,5
666,09:30:02,$ 3222.00,3
667,09:30:02,$ 3222.00,3
668,09:30:02,$ 3222.00,2
669,09:30:02,$ 3222.00,10
670,09:30:02,$ 3222.00,51
671,09:30:02,$ 3222.00,2
673,09:30:02,$ 3222.00,10
674,09:30:02,$ 3222.00,5
675,09:30:02,$ 3222.00,4
676,09:30:02,$ 3222.00,250
677,09:30:02,$ 3222.00,31
678,09:30:02,$ 3222.00,66
679,09:30:02,$ 3222.00,11
680,09:30:02,$ 3222.00,7
681,09:30:02,$ 3222.00,10
682,09:30:02,$ 3222.00,2
683,09:30:02,$ 3222.00,2
684,09:30:02,$ 3222.00,1
685,09:30:02,$ 3222.00,7
686,09:30:02,$ 3222.00,1
687,09:30:02,$ 3222.00,3
688,09:30:02,$ 3222.00,15
689,09:30:02,$ 3222.00,5
690,09:30:02,$ 3222.00,5
691,09:30:02,$ 3222.00,1
692,09:30:02,$ 3222.00,15
694,09:30:02,$ 3222.00,2
695,09:30:02,$ 3222.00,3
696,09:30:02,$ 3222.00,4
697,09:30:02,$ 3222.00,2
698,09:30:02,$ 3222.00,6
699,09:30:02,$ 3222.00,1
700,09:30:02,$ 3222.00,3
701,09:30:02,$ 3222.00,5
702,09:30:02,$ 3222.00,1
703,09:30:02,$ 3222.00,3
704,09:30:02,$ 3222.00,10
705,09:30:02,$ 3222.00,9
706,09:30:02,$ 3222.00,6
707,09:30:02,$ 3222.00,36
708,09:30:02,$ 3222.00,2
709,09:30:02,$ 3222.00,3
710,09:30:02,$ 3222.00,5
711,09:30:02,$ 3222.00,1
712,09:30:02,$ 3222.00,5
713,09:30:02,$ 3222.00,2
715,09:30:02,$ 3222.00,4
716,09:30:02,$ 3222.00,5
717,09:30:02,$ 3222.00,1
718,09:30:02,$ 3222.00,3
719,09:30:02,$ 3222.00,17
720,09:30:02,$ 3222.00,5
721,09:30:02,$ 3222.00,100
722,09:30:02,$ 3222.00,5
723,09:30:02,$ 3222.00,268
724,09:30:02,$ 3222.00,30
725,09:30:02,$ 3222.00,5
726,09:30:02,$ 3222.00,1
727,09:30:02,$ 3222.00,1
728,09:30:02,$ 3222.00,1
729,09:30:02,$ 3222.00,3
730,09:30:02,$ 3222.00,5
731,09:30:02,$ 3222.00,1
732,09:30:02,$ 3222.00,1
733,09:30:02,$ 3222.00,2
734,09:30:02,$ 3222.00,1
736,09:30:02,$ 3222.00,1
737,09:30:02,$ 3222.00,5
738,09:30:02,$ 3222.00,3
739,09:30:02,$ 3222.00,1
740,09:30:02,$ 3222.00,3
741,09:30:02,$ 3222.00,1
742,09:30:02,$ 3222.00,1
743,09:30:02,$ 3222.00,4
744,09:30:02,$ 3222.00,2
745,09:30:02,$ 3222.00,1
746,09:30:02,$ 3222.00,1
747,09:30:02,$ 3222.00,11
748,09:30:02,$ 3222.00,12
749,09:30:02,$ 3222.00,1
750,09:30:02,$ 3222.00,1
751,09:30:02,$ 3222.00,1
752,09:30:02,$ 3222.00,5
753,09:30:02,$ 3222.00,1
754,09:30:02,$ 3222.00,10
755,09:30:02,$ 3222.00,50
757,09:30:02,$ 3222.00,2
758,09:30:02,$ 3222.00,3
759,09:30:02,$ 3222.00,3
760,09:30:02,$ 3222.00,5
761,09:30:02,$ 3222.00,4
762,09:30:02,$ 3222.00,1
763,09:30:02,$ 3222.00,4
764,09:30:02,$ 3222.00,10
765,09:30:02,$ 3222.00,6
766,09:30:02,$ 3222.00,3
767,09:30:02,$ 3222.00,7
768,09:30:02,$ 3222.00,106
769,09:30:02,$ 3222.00,6
770,09:30:02,$ 3222.00,1
771,09:30:02,$ 3222.00,1
772,09:30:02,$ 3222.00,1
773,09:30:02,$ 3222.00,1
774,09:30:02,$ 3222.00,4
775,09:30:02,$ 3222.00,1
776,09:30:02,$ 3222.00,2
778,09:30:02,$ 3222.00,1
779,09:30:02,$ 3222.00,1
780,09:30:02,$ 3222.00,3
781,09:30:02,$ 3222.00,3
782,09:30:02,$ 3222.00,1
783,09:30:02,$ 3222.00,4
784,09:30:02,$ 3222.00,1
785,09:30:02,$ 3222.00,1
786,09:30:02,$ 3222.00,10
787,09:30:02,$ 3222.00,2
788,09:30:02,$ 3222.00,1
789,09:30:02,$ 3222.00,1
790,09:30:02,$ 3222.00,1
791,09:30:02,$ 3222.00,2
792,09:30:02,$ 3222.00,1
793,09:30:02,$ 3222.00,1
794,09:30:02,$ 3222.00,1
795,09:30:02,$ 3222.00,2
796,09:30:02,$ 3222.00,3
797,09:30:02,$ 3222.00,1
799,09:30:02,$ 3222.00,1
800,09:30:02,$ 3222.00,1
801,09:30:02,$ 3222.00,3
802,09:30:02,$ 3222.00,4
803,09:30:02,$ 3222.00,1
804,09:30:02,$ 3222.00,1
805,09:30:02,$ 3222.00,3
806,09:30:02,$ 3222.00,1
807,09:30:02,$ 3222.00,62
808,09:30:02,$ 3222.00,14
809,09:30:02,$ 3222.00,4
810,09:30:02,$ 3222.00,1
811,09:30:02,$ 3222.00,1
812,09:30:02,$ 3222.00,1
813,09:30:02,$ 3222.00,1
814,09:30:02,$ 3222.00,1
815,09:30:02,$ 3222.00,2
816,09:30:02,$ 3222.00,1
817,09:30:02,$ 3222.00,300
818,09:30:02,$ 3222.00,1
820,09:30:02,$ 3222.00,1
821,09:30:02,$ 3222.00,1
822,09:30:02,$ 3222.00,2
823,09:30:02,$ 3222.00,2
824,09:30:02,$ 3222.00,1
825,09:30:02,$ 3222.00,1
826,09:30:02,$ 3222.00,2
827,09:30:02,$ 3222.00,1
828,09:30:02,$ 3222.00,1
829,09:30:02,$ 3222.00,1
830,09:30:02,$ 3222.00,6
831,09:30:02,$ 3222.00,19
832,09:30:02,$ 3222.00,1
833,09:30:02,$ 3222.00,1
834,09:30:02,$ 3222.00,1
835,09:30:02,$ 3222.00,2
836,09:30:02,$ 3222.00,10
837,09:30:02,$ 3222.00,8
838,09:30:02,$ 3222.00,1
839,09:30:02,$ 3222.00,3
841,09:30:02,$ 3222.00,1
842,09:30:02,$ 3222.00,1
843,09:30:02,$ 3222.00,1
844,09:30:02,$ 3222.00,1
845,09:30:02,$ 3222.00,4
846,09:30:02,$ 3222.00,1
847,09:30:02,$ 3222.00,3
848,09:30:02,$ 3222.00,12
849,09:30:02,$ 3222.00,3
850,09:30:02,$ 3222.00,3
851,09:30:02,$ 3222.00,4
852,09:30:02,$ 3222.00,1
853,09:30:02,$ 3222.00,4
854,09:30:02,$ 3222.00,2
855,09:30:02,$ 3222.00,13
856,09:30:02,$ 3222.00,176
857,09:30:02,$ 3222.00,1
858,09:30:02,$ 3222.00,1
859,09:30:02,$ 3222.00,1
860,09:30:02,$ 3222.00,16
862,09:30:02,$ 3222.00,3
863,09:30:02,$ 3222.00,54
864,09:30:02,$ 3222.00,111
865,09:30:02,$ 3222.00,"2,000"
866,09:30:02,$ 3222.00,200
867,09:30:02,$ 3222.00,400
868,09:30:02,$ 3222.00,1
869,09:30:02,$ 3222.00,"1,600"
870,09:30:02,$ 3222.00,4
871,09:30:02,$ 3222.00,2
872,09:30:02,$ 3222.00,18
873,09:30:02,$ 3222.00,3
874,09:30:02,$ 3222.00,2
875,09:30:02,$ 3222.00,7
876,09:30:02,$ 3222.00,14
877,09:30:02,$ 3222.00,54
878,09:30:02,$ 3222.00,"1,551"
879,09:30:02,$ 3222.00,3
880,09:30:02,$ 3222.00,40
881,09:30:02,$ 3222.00,5
883,09:30:02,$ 3222.00,9
884,09:30:02,$ 3222.00,37
885,09:30:02,$ 3222.00,1
886,09:30:02,$ 3222.00,5
887,09:30:02,$ 3222.00,2
888,09:30:02,$ 3222.00,10
889,09:30:02,$ 3222.00,1
890,09:30:02,$ 3222.00,1
891,09:30:02,$ 3222.00,1
892,09:30:02,$ 3222.00,21
893,09:30:02,$ 3222.00,42
894,09:30:02,$ 3222.00,12
895,09:30:02,$ 3222.00,7
896,09:30:02,$ 3222.00,4
897,09:30:02,$ 3222.00,2
898,09:30:02,$ 3222.00,15
899,09:30:02,$ 3222.00,6
900,09:30:02,$ 3222.00,2
901,09:30:02,$ 3222.00,2
902,09:30:02,$ 3222.00,25
904,09:30:02,$ 3222.00,2
905,09:30:02,$ 3222.00,16
906,09:30:02,$ 3222.00,31
907,09:30:02,$ 3222.00,18
908,09:30:02,$ 3222.00,359
909,09:30:02,$ 3222.00,1
910,09:30:02,$ 3222.00,18
911,09:30:02,$ 3222.00,2
912,09:30:02,$ 3222.00,3
913,09:30:02,$ 3222.00,15
914,09:30:02,$ 3222.00,1
915,09:30:02,$ 3222.00,9
916,09:30:02,$ 3222.00,29
917,09:30:02,$ 3222.00,8
918,09:30:02,$ 3222.00,2
919,09:30:02,$ 3222.00,6
920,09:30:02,$ 3222.00,5
921,09:30:02,$ 3222.00,3
922,09:30:02,$ 3222.00,5
923,09:30:02,$ 3222.00,3
925,09:30:02,$ 3222.00,16
926,09:30:02,$ 3222.00,15
927,09:30:02,$ 3222.00,6
928,09:30:02,$ 3222.00,8
929,09:30:02,$ 3222.00,6
930,09:30:02,$ 3222.00,10
931,09:30:02,$ 3222.00,3
932,09:30:02,$ 3222.00,20
933,09:30:02,$ 3222.00,70
934,09:30:02,$ 3222.00,4
935,09:30:02,$ 3222.00,12
936,09:30:02,$ 3222.00,2
937,09:30:02,$ 3222.00,1
938,09:30:02,$ 3222.00,3
939,09:30:02,$ 3222.00,4
940,09:30:02,$ 3222.00,8
941,09:30:02,$ 3222.00,1
942,09:30:02,$ 3222.00,12
943,09:30:02,$ 3222.00,3
944,09:30:02,$ 3222.00,15
946,09:30:02,$ 3222.00,5
947,09:30:02,$ 3222.00,13
948,09:30:02,$ 3222.00,1
949,09:30:02,$ 3222.00,5
950,09:30:02,$ 3222.00,12
951,09:30:02,$ 3222.00,4
952,09:30:02,$ 3222.00,3
953,09:30:02,$ 3222.00,747
954,09:30:02,$ 3222.00,2
955,09:30:02,$ 3222.00,8
956,09:30:02,$ 3222.00,74
957,09:30:02,$ 3222.00,2
958,09:30:02,$ 3222.00,7
959,09:30:02,$ 3222.00,4
960,09:30:02,$ 3222.00,73
961,09:30:02,$ 3222.00,5
962,09:30:02,$ 3222.00,6
963,09:30:02,$ 3222.00,4
964,09:30:02,$ 3222.00,1
965,09:30:02,$ 3222.00,18
967,09:30:02,$ 3222.00,17
968,09:30:02,$ 3222.00,29
969,09:30:02,$ 3222.00,24
970,09:30:02,$ 3222.00,20
971,09:30:02,$ 3222.00,15
972,09:30:02,$ 3222.00,1
973,09:30:02,$ 3222.00,1
974,09:30:02,$ 3222.00,57
975,09:30:02,$ 3222.00,12
976,09:30:02,$ 3222.00,10
977,09:30:02,$ 3222.00,1
978,09:30:02,$ 3222.00,5
979,09:30:02,$ 3222.00,1
980,09:30:02,$ 3222.00,3
981,09:30:02,$ 3222.00,18
982,09:30:02,$ 3222.00,1
983,09:30:02,$ 3222.00,10
984,09:30:02,$ 3222.00,1
985,09:30:02,$ 3222.00,3
986,09:30:02,$ 3222.00,4
988,09:30:02,$ 3222.00,2
989,09:30:02,$ 3222.00,2
990,09:30:02,$ 3222.00,2
991,09:30:02,$ 3222.00,"3,500"
992,09:30:02,$ 3222.00,2
993,09:30:02,$ 3222.00,2
994,09:30:02,$ 3222.00,1
995,09:30:02,$ 3222.00,154
996,09:30:02,$ 3222.00,31
997,09:30:02,$ 3222.00,7
998,09:30:02,$ 3222.00,67
999,09:30:02,$ 3222.00,1
1000,09:30:02,$ 3222.00,10
1001,09:30:02,$ 3222.00,3
1002,09:30:02,$ 3222.00,56
1003,09:30:02,$ 3222.00,163
1004,09:30:02,$ 3222.00,11
1005,09:30:02,$ 3222.00,2
1006,09:30:02,$ 3222.00,7
1007,09:30:02,$ 3222.00,14
1009,09:30:02,$ 3222.00,4
1010,09:30:02,$ 3222.00,1
1011,09:30:02,$ 3222.00,5
1012,09:30:02,$ 3222.00,1
1013,09:30:02,$ 3222.00,2
1014,09:30:02,$ 3222.00,10
1015,09:30:02,$ 3222.00,2
1016,09:30:02,$ 3222.00,10
1017,09:30:02,$ 3222.00,1
1018,09:30:02,$ 3222.00,4
1019,09:30:02,$ 3222.00,5
1020,09:30:02,$ 3222.00,2
1021,09:30:02,$ 3222.00,2
1022,09:30:02,$ 3222.00,5
1023,09:30:02,$ 3222.00,2
1024,09:30:02,$ 3222.00,1
1025,09:30:02,$ 3222.00,2
1026,09:30:02,$ 3222.00,2
1027,09:30:02,$ 3222.00,1
1028,09:30:02,$ 3222.00,1
1030,09:30:02,$ 3222.00,40
1031,09:30:02,$ 3222.00,1
1032,09:30:02,$ 3222.00,30
1033,09:30:02,$ 3222.00,3
1034,09:30:02,$ 3222.00,1
1035,09:30:02,$ 3222.00,30
1036,09:30:02,$ 3222.00,6
1037,09:30:02,$ 3222.00,1
1038,09:30:02,$ 3222.00,2
1039,09:30:02,$ 3222.00,1
1040,09:30:02,$ 3222.00,20
1041,09:30:02,$ 3222.00,1
1042,09:30:02,$ 3222.00,2
1043,09:30:02,$ 3222.00,2
1044,09:30:02,$ 3222.00,10
1045,09:30:02,$ 3222.00,35
1046,09:30:02,$ 3222.00,10
1047,09:30:02,$ 3222.00,1
1048,09:30:02,$ 3222.00,1
1049,09:30:02,$ 3222.00,1
1051,09:30:02,$ 3222.00,1
1052,09:30:02,$ 3222.00,1
1053,09:30:02,$ 3222.00,10
1054,09:30:02,$ 3222.00,1
1055,09:30:02,$ 3222.00,1
1056,09:30:02,$ 3222.00,3
1057,09:30:02,$ 3222.00,1
1058,09:30:02,$ 3222.00,1
1059,09:30:02,$ 3222.00,3
1060,09:30:02,$ 3222.00,7
1061,09:30:02,$ 3222.00,1
1062,09:30:02,$ 3222.00,8
1063,09:30:02,$ 3222.00,1
1064,09:30:02,$ 3222.00,1
1065,09:30:02,$ 3222.00,3
1066,09:30:02,$ 3222.00,2
1067,09:30:02,$ 3222.00,1
1068,09:30:02,$ 3222.00,30
1069,09:30:02,$ 3222.00,3
1070,09:30:02,$ 3222.00,3
1072,09:30:02,$ 3222.00,1
1073,09:30:02,$ 3222.00,1
1074,09:30:02,$ 3222.00,5
1075,09:30:02,$ 3222.00,26
1076,09:30:02,$ 3222.00,100
1077,09:30:02,$ 3222.00,3
1078,09:30:02,$ 3222.00,2
1079,09:30:02,$ 3222.00,14
1080,09:30:02,$ 3222.00,1
1081,09:30:02,$ 3222.00,3
1082,09:30:02,$ 3222.00,3
1083,09:30:02,$ 3222.00,1
1084,09:30:02,$ 3222.00,31
1085,09:30:02,$ 3222.00,3
1086,09:30:02,$ 3222.00,1
1087,09:30:02,$ 3222.00,6
1088,09:30:02,$ 3222.00,62
1089,09:30:02,$ 3222.00,152
1090,09:30:02,$ 3222.00,32
1091,09:30:02,$ 3222.00,130
1093,09:30:02,$ 3222.00,10
1094,09:30:02,$ 3222.00,5
1095,09:30:02,$ 3222.00,1
1096,09:30:02,$ 3222.00,1
1097,09:30:02,$ 3222.00,3
1098,09:30:02,$ 3222.00,1
1099,09:30:02,$ 3222.00,10
1100,09:30:02,$ 3222.00,4
1101,09:30:02,$ 3222.00,3
1102,09:30:02,$ 3222.00,6
1103,09:30:02,$ 3222.00,10
1104,09:30:02,$ 3222.00,6
1105,09:30:02,$ 3222.00,4
1106,09:30:02,$ 3222.00,6
1107,09:30:02,$ 3222.00,1
1108,09:30:02,$ 3222.00,5
1109,09:30:02,$ 3222.00,5
1110,09:30:02,$ 3222.00,1
1111,09:30:02,$ 3222.00,109
1112,09:30:02,$ 3222.00,109
1114,09:30:02,$ 3222.00,2
1115,09:30:02,$ 3222.00,10
1116,09:30:02,$ 3222.00,3
1117,09:30:02,$ 3222.00,5
1118,09:30:02,$ 3222.00,1
1119,09:30:02,$ 3222.00,10
1120,09:30:02,$ 3222.00,1
1121,09:30:02,$ 3222.00,10
1122,09:30:02,$ 3222.00,43
1123,09:30:02,$ 3222.00,62
1124,09:30:02,$ 3222.00,1
1125,09:30:02,$ 3222.00,2
1126,09:30:02,$ 3222.00,5
1127,09:30:02,$ 3222.00,2
1128,09:30:02,$ 3222.00,2
1129,09:30:02,$ 3222.00,3
1130,09:30:02,$ 3222.00,17
1131,09:30:02,$ 3222.00,25
1132,09:30:02,$ 3222.00,48
1133,09:30:02,$ 3222.00,20
1135,09:30:02,$ 3222.00,20
1136,09:30:02,$ 3222.00,3
1137,09:30:02,$ 3222.00,2
1138,09:30:02,$ 3222.00,25
1139,09:30:02,$ 3222.00,2
1140,09:30:02,$ 3222.00,1
1141,09:30:02,$ 3222.00,15
1142,09:30:02,$ 3222.00,10
1143,09:30:02,$ 3222.00,1
1144,09:30:02,$ 3222.00,1
1145,09:30:02,$ 3222.00,2
1146,09:30:02,$ 3222.00,3
1147,09:30:02,$ 3222.00,1
1148,09:30:02,$ 3222.00,1
1149,09:30:02,$ 3222.00,21
1150,09:30:02,$ 3222.00,1
1151,09:30:02,$ 3222.00,1
1152,09:30:02,$ 3222.00,63
1153,09:30:02,$ 3222.00,4
1154,09:30:02,$ 3222.00,2
1156,09:30:02,$ 3222.00,1
1157,09:30:02,$ 3222.00,2
1158,09:30:02,$ 3222.00,1
1159,09:30:02,$ 3222.00,3
1160,09:30:02,$ 3222.00,2
1161,09:30:02,$ 3222.00,4
1162,09:30:02,$ 3222.00,1
1163,09:30:02,$ 3222.00,1
1164,09:30:02,$ 3222.00,2
1165,09:30:02,$ 3222.00,1
1166,09:30:02,$ 3222.00,100
1167,09:30:02,$ 3222.00,1
1168,09:30:02,$ 3222.00,1
1169,09:30:02,$ 3222.00,1
1170,09:30:02,$ 3222.00,1
1171,09:30:02,$ 3222.00,1
1172,09:30:02,$ 3222.00,1
1173,09:30:02,$ 3222.00,1
1174,09:30:02,$ 3222.00,1
1175,09:30:02,$ 3222.00,2
1177,09:30:02,$ 3222.00,10
1178,09:30:02,$ 3222.00,1
1179,09:30:02,$ 3222.00,3
1180,09:30:02,$ 3222.00,2
1181,09:30:02,$ 3222.00,1
1182,09:30:02,$ 3222.00,1
1183,09:30:02,$ 3222.00,3
1184,09:30:02,$ 3222.00,4
1185,09:30:02,$ 3222.00,1
1186,09:30:02,$ 3222.00,4
1187,09:30:02,$ 3222.00,18
1188,09:30:02,$ 3222.00,1
1189,09:30:02,$ 3222.00,53
1190,09:30:02,$ 3222.00,43
1191,09:30:02,$ 3222.00,3
1192,09:30:02,$ 3222.00,5
1193,09:30:02,$ 3222.00,3
1194,09:30:02,$ 3222.00,1
1195,09:30:02,$ 3222.00,28
1196,09:30:02,$ 3222.00,1
1198,09:30:02,$ 3222.00,2
1199,09:30:02,$ 3222.00,2
1200,09:30:02,$ 3222.00,9
1201,09:30:02,$ 3222.00,1
1202,09:30:02,$ 3222.00,1
1203,09:30:02,$ 3222.00,9
1204,09:30:02,$ 3222.00,5
1205,09:30:02,$ 3222.00,15
1206,09:30:02,$ 3222.00,1
1207,09:30:02,$ 3222.00,33
1208,09:30:02,$ 3222.00,1
1209,09:30:02,$ 3222.00,3
1210,09:30:02,$ 3222.00,1
1211,09:30:02,$ 3222.00,1
1212,09:30:02,$ 3222.00,1
1213,09:30:02,$ 3222.00,8
1214,09:30:02,$ 3222.00,15
1215,09:30:02,$ 3222.00,9
1216,09:30:02,$ 3222.00,1
1217,09:30:02,$ 3222.00,15
1219,09:30:02,$ 3222.00,2
1220,09:30:02,$ 3222.00,23
1221,09:30:02,$ 3222.00,1
1222,09:30:02,$ 3222.00,25
1223,09:30:02,$ 3222.00,1
1224,09:30:02,$ 3222.00,20
1225,09:30:02,$ 3222.00,20
1226,09:30:02,$ 3222.00,19
1227,09:30:02,$ 3222.00,1
1228,09:30:02,$ 3222.00,65
1229,09:30:02,$ 3222.00,1
1230,09:30:02,$ 3222.00,5
1231,09:30:02,$ 3222.00,2
1232,09:30:02,$ 3222.00,2
1233,09:30:02,$ 3222.00,36
1234,09:30:02,$ 3222.00,7
1235,09:30:02,$ 3222.00,50
1236,09:30:02,$ 3222.00,5
1237,09:30:02,$ 3222.00,8
1238,09:30:02,$ 3222.00,2
1240,09:30:02,$ 3222.00,20
1241,09:30:02,$ 3222.00,7
1242,09:30:02,$ 3222.00,10
1243,09:30:02,$ 3222.00,2
1244,09:30:02,$ 3222.00,1
1245,09:30:02,$ 3222.00,1
1246,09:30:02,$ 3222.00,1
1247,09:30:02,$ 3222.00,3
1248,09:30:02,$ 3222.00,2
1249,09:30:02,$ 3222.00,1
1250,09:30:02,$ 3222.00,1
1251,09:30:02,$ 3222.00,4
1252,09:30:02,$ 3222.00,1
1253,09:30:02,$ 3222.00,1
1254,09:30:02,$ 3222.00,7
1255,09:30:02,$ 3222.00,2
1256,09:30:02,$ 3222.00,1
1257,09:30:02,$ 3222.00,2
1258,09:30:02,$ 3222.00,1
1259,09:30:02,$ 3222.00,2
1261,09:30:02,$ 3222.00,2
1262,09:30:02,$ 3222.00,5
1263,09:30:02,$ 3222.00,4
1264,09:30:02,$ 3222.00,9
1265,09:30:02,$ 3222.00,1
1266,09:30:02,$ 3222.00,1
1267,09:30:02,$ 3222.00,1
1268,09:30:02,$ 3222.00,3
1269,09:30:02,$ 3222.00,3
1270,09:30:02,$ 3222.00,1
1271,09:30:02,$ 3222.00,1
1272,09:30:02,$ 3222.00,1
1273,09:30:02,$ 3222.00,2
1274,09:30:02,$ 3222.00,4
1275,09:30:02,$ 3222.00,5
1276,09:30:02,$ 3222.00,1
1277,09:30:02,$ 3222.00,1
1278,09:30:02,$ 3222.00,1
1279,09:30:02,$ 3222.00,5
1280,09:30:02,$ 3222.00,1
1282,09:30:02,$ 3222.00,1
1283,09:30:02,$ 3222.00,1
1284,09:30:02,$ 3222.00,2
1285,09:30:02,$ 3222.00,3
1286,09:30:02,$ 3222.00,4
1287,09:30:02,$ 3222.00,3
1288,09:30:02,$ 3222.00,17
1289,09:30:02,$ 3222.00,2
1290,09:30:02,$ 3222.00,3
1291,09:30:02,$ 3222.00,350
1292,09:30:02,$ 3222.00,15
1293,09:30:02,$ 3222.00,2
1294,09:30:02,$ 3222.00,2
1295,09:30:02,$ 3222.00,1
1296,09:30:02,$ 3222.00,20
1297,09:30:02,$ 3222.00,1
1298,09:30:02,$ 3222.00,3
1299,09:30:02,$ 3222.00,5
1300,09:30:02,$ 3222.00,19
1301,09:30:02,$ 3222.00,5
1303,09:30:02,$ 3222.00,2
1304,09:30:02,$ 3222.00,940
1305,09:30:02,$ 3222.00,1
1306,09:30:02,$ 3222.00,1
1307,09:30:02,$ 3222.00,5
1308,09:30:02,$ 3222.00,2
1309,09:30:02,$ 3222.00,2
1310,09:30:02,$ 3222.00,7
1311,09:30:02,$ 3222.00,2
1312,09:30:02,$ 3222.00,2
1313,09:30:02,$ 3222.00,5
1314,09:30:02,$ 3222.00,1
1315,09:30:02,$ 3222.00,10
1316,09:30:02,$ 3222.00,3
1317,09:30:02,$ 3222.00,4
1318,09:30:02,$ 3222.00,1
1319,09:30:02,$ 3222.00,1
1320,09:30:02,$ 3222.00,1
1321,09:30:02,$ 3222.00,2
1322,09:30:02,$ 3222.00,2
1324,09:30:02,$ 3222.00,4
1325,09:30:02,$ 3222.00,2
1326,09:30:02,$ 3222.00,2
1327,09:30:02,$ 3222.00,1
1328,09:30:02,$ 3222.00,5
1329,09:30:02,$ 3222.00,2
1330,09:30:02,$ 3222.00,1
1331,09:30:02,$ 3222.00,2
1332,09:30:02,$ 3222.00,1
1333,09:30:02,$ 3222.00,3
1334,09:30:02,$ 3222.00,1
1335,09:30:02,$ 3222.00,4
1336,09:30:02,$ 3222.00,4
1337,09:30:02,$ 3222.00,2
1338,09:30:02,$ 3222.00,1
1339,09:30:02,$ 3222.00,2
1340,09:30:02,$ 3222.00,1
1341,09:30:02,$ 3222.00,1
1342,09:30:02,$ 3222.00,1
1343,09:30:02,$ 3222.00,7
1345,09:30:02,$ 3222.00,3
1346,09:30:02,$ 3222.00,2
1347,09:30:02,$ 3222.00,5
1348,09:30:02,$ 3222.00,4
1349,09:30:02,$ 3222.00,1
1350,09:30:02,$ 3222.00,1
1351,09:30:02,$ 3222.00,1
1352,09:30:02,$ 3222.00,2
1353,09:30:02,$ 3222.00,1
1354,09:30:02,$ 3222.00,1
1355,09:30:02,$ 3222.00,5
1356,09:30:02,$ 3222.00,4
1357,09:30:02,$ 3222.00,8
1358,09:30:02,$ 3222.00,1
1359,09:30:02,$ 3222.00,2
1360,09:30:02,$ 3222.00,12
1361,09:30:02,$ 3222.00,5
1362,09:30:02,$ 3222.00,1
1363,09:30:02,$ 3222.00,2
1364,09:30:02,$ 3222.00,10
1366,09:30:02,$ 3222.00,3
1367,09:30:02,$ 3222.00,3
1368,09:30:02,$ 3222.00,2
1369,09:30:02,$ 3222.00,2
1370,09:30:02,$ 3222.00,8
1371,09:30:02,$ 3222.00,7
1372,09:30:02,$ 3222.00,2
1373,09:30:02,$ 3222.00,1
1374,09:30:02,$ 3222.00,1
1375,09:30:02,$ 3222.00,31
1376,09:30:02,$ 3222.00,1
1377,09:30:02,$ 3222.00,224
1378,09:30:02,$ 3222.00,30
1379,09:30:02,$ 3222.00,3
1380,09:30:02,$ 3222.00,1
1381,09:30:02,$ 3222.00,2
1382,09:30:02,$ 3222.00,1
1383,09:30:02,$ 3222.00,3
1384,09:30:02,$ 3222.00,1
1385,09:30:02,$ 3222.00,5
1387,09:30:02,$ 3222.00,2
1388,09:30:02,$ 3222.00,1
1389,09:30:02,$ 3222.00,1
1390,09:30:02,$ 3222.00,1
1391,09:30:02,$ 3222.00,1
1392,09:30:02,$ 3222.00,1
1393,09:30:02,$ 3222.00,15
1394,09:30:02,$ 3222.00,9
1395,09:30:02,$ 3222.00,3
1396,09:30:02,$ 3222.00,1
1397,09:30:02,$ 3222.00,1
1398,09:30:02,$ 3222.00,4
1399,09:30:02,$ 3222.00,2
1400,09:30:02,$ 3222.00,9
1401,09:30:02,$ 3222.00,1
1402,09:30:02,$ 3222.00,1
1403,09:30:02,$ 3222.00,5
1404,09:30:02,$ 3222.00,5
1405,09:30:02,$ 3222.00,5
1406,09:30:02,$ 3222.00,5
1408,09:30:02,$ 3222.00,1
1409,09:30:02,$ 3222.00,1
1410,09:30:02,$ 3222.00,2
1411,09:30:02,$ 3222.00,4
1412,09:30:02,$ 3222.00,1
1413,09:30:02,$ 3222.00,2
1414,09:30:02,$ 3222.00,1
1415,09:30:02,$ 3222.00,2
1416,09:30:02,$ 3222.00,1
1417,09:30:02,$ 3222.00,1
1418,09:30:02,$ 3222.00,2
1419,09:30:02,$ 3222.00,125
1420,09:30:02,$ 3222.00,1
1421,09:30:02,$ 3222.00,10
1422,09:30:02,$ 3222.00,2
1423,09:30:02,$ 3222.00,1
1424,09:30:02,$ 3222.00,2
1425,09:30:02,$ 3222.00,3
1426,09:30:02,$ 3222.00,2
1427,09:30:02,$ 3222.00,5
1429,09:30:02,$ 3222.00,15
1430,09:30:02,$ 3222.00,1
1431,09:30:02,$ 3222.00,8
1432,09:30:02,$ 3222.00,4
1433,09:30:02,$ 3222.00,1
1434,09:30:02,$ 3222.00,43
1435,09:30:02,$ 3222.00,10
1436,09:30:02,$ 3222.00,1
1437,09:30:02,$ 3222.00,4
1438,09:30:02,$ 3222.00,1
1439,09:30:02,$ 3222.00,1
1440,09:30:02,$ 3222.00,1
1441,09:30:02,$ 3222.00,1
1442,09:30:02,$ 3222.00,1
1443,09:30:02,$ 3222.00,17
1444,09:30:02,$ 3222.00,2
1445,09:30:02,$ 3222.00,1
1446,09:30:02,$ 3222.00,2
1447,09:30:02,$ 3222.00,1
1448,09:30:02,$ 3222.00,1
1450,09:30:02,$ 3222.00,1
1451,09:30:02,$ 3222.00,1
1452,09:30:02,$ 3222.00,2
1453,09:30:02,$ 3222.00,5
1454,09:30:02,$ 3222.00,8
1455,09:30:02,$ 3222.00,1
1456,09:30:02,$ 3222.00,1
1457,09:30:02,$ 3222.00,1
1458,09:30:02,$ 3222.00,11
1459,09:30:02,$ 3222.00,109
1460,09:30:02,$ 3222.00,162
1461,09:30:02,$ 3222.00,37
1462,09:30:02,$ 3222.00,2
1463,09:30:02,$ 3222.00,7
1464,09:30:02,$ 3222.00,2
1465,09:30:02,$ 3222.00,15
1466,09:30:02,$ 3222.00,3
1467,09:30:02,$ 3222.00,30
1468,09:30:02,$ 3222.00,1
1469,09:30:02,$ 3222.00,6
1471,09:30:02,$ 3222.00,1
1472,09:30:02,$ 3222.00,2
1473,09:30:02,$ 3222.00,1
1474,09:30:02,$ 3222.00,2
1475,09:30:02,$ 3222.00,1
1476,09:30:02,$ 3222.00,5
1477,09:30:02,$ 3222.00,1
1478,09:30:02,$ 3222.00,2
1479,09:30:02,$ 3222.00,1
1480,09:30:02,$ 3222.00,1
1481,09:30:02,$ 3222.00,5
1482,09:30:02,$ 3222.00,1
1483,09:30:02,$ 3222.00,1
1484,09:30:02,$ 3222.00,1
1485,09:30:02,$ 3222.00,1
1486,09:30:02,$ 3222.00,1
1487,09:30:02,$ 3222.00,1
1488,09:30:02,$ 3222.00,122
1489,09:30:02,$ 3222.00,2
1490,09:30:02,$ 3222.00,62
1492,09:30:02,$ 3222.00,350
1493,09:30:02,$ 3222.00,10
1494,09:30:02,$ 3222.00,3
1495,09:30:02,$ 3222.00,1
1496,09:30:02,$ 3222.00,2
1497,09:30:02,$ 3222.00,20
1498,09:30:02,$ 3222.00,100
1499,09:30:02,$ 3222.00,2
1500,09:30:02,$ 3222.00,1
1501,09:30:02,$ 3222.00,1
1502,09:30:02,$ 3222.00,21
1503,09:30:02,$ 3222.00,1
1504,09:30:02,$ 3222.00,185
1505,09:30:02,$ 3222.00,1
1506,09:30:02,$ 3222.00,1
1507,09:30:02,$ 3222.00,1
1508,09:30:02,$ 3222.00,2
1509,09:30:02,$ 3222.00,3
1510,09:30:02,$ 3222.00,3
1511,09:30:02,$ 3222.00,1
1513,09:30:02,$ 3222.00,5
1514,09:30:02,$ 3222.00,2
1515,09:30:02,$ 3222.00,3
1516,09:30:02,$ 3222.00,1
1517,09:30:02,$ 3222.00,10
1518,09:30:02,$ 3222.00,5
1519,09:30:02,$ 3222.00,1
1520,09:30:02,$ 3222.00,25
1521,09:30:02,$ 3222.00,1
1522,09:30:02,$ 3222.00,1
1523,09:30:02,$ 3222.00,5
1524,09:30:02,$ 3222.00,4
1525,09:30:02,$ 3222.00,2
1526,09:30:02,$ 3222.00,1
1527,09:30:02,$ 3222.00,110
1528,09:30:02,$ 3222.00,10
1529,09:30:02,$ 3222.00,9
1530,09:30:02,$ 3222.00,201
1531,09:30:02,$ 3222.00,1
1532,09:30:02,$ 3222.00,2
1534,09:30:02,$ 3222.00,3
1535,09:30:02,$ 3222.00,10
1536,09:30:02,$ 3222.00,4
1537,09:30:02,$ 3222.00,3
1538,09:30:02,$ 3222.00,2
1539,09:30:02,$ 3222.00,1
1540,09:30:02,$ 3222.00,5
1541,09:30:02,$ 3222.00,1
1542,09:30:02,$ 3222.00,2
1543,09:30:02,$ 3222.00,2
1544,09:30:02,$ 3222.00,2
1545,09:30:02,$ 3222.00,3
1546,09:30:02,$ 3222.00,1
1547,09:30:02,$ 3222.00,2
1548,09:30:02,$ 3222.00,1
1549,09:30:02,$ 3222.00,2
1550,09:30:02,$ 3222.00,5
1551,09:30:02,$ 3222.00,1
1552,09:30:02,$ 3222.00,100
1553,09:30:02,$ 3222.00,2
1555,09:30:02,$ 3222.00,18
1556,09:30:02,$ 3222.00,1
1557,09:30:02,$ 3222.00,2
1558,09:30:02,$ 3222.00,9
1559,09:30:02,$ 3222.00,10
1560,09:30:02,$ 3222.00,4
1561,09:30:02,$ 3222.00,56
1562,09:30:02,$ 3222.00,11
1563,09:30:02,$ 3222.00,1
1564,09:30:02,$ 3222.00,1
1565,09:30:02,$ 3222.00,3
1566,09:30:02,$ 3222.00,15
1567,09:30:02,$ 3222.00,17
1568,09:30:02,$ 3222.00,2
1569,09:30:02,$ 3222.00,100
1570,09:30:02,$ 3222.00,1
1571,09:30:02,$ 3222.00,2
1572,09:30:02,$ 3222.00,3
1573,09:30:02,$ 3222.00,1
1574,09:30:02,$ 3222.00,36
1576,09:30:02,$ 3222.00,2
1577,09:30:02,$ 3222.00,9
1578,09:30:02,$ 3222.00,9
1579,09:30:02,$ 3222.00,92
1580,09:30:02,$ 3222.00,9
1581,09:30:02,$ 3222.00,30
1582,09:30:02,$ 3222.00,3
1583,09:30:02,$ 3222.00,15
1584,09:30:02,$ 3222.00,12
1585,09:30:02,$ 3222.00,15
1586,09:30:02,$ 3222.00,5
1587,09:30:02,$ 3222.00,20
1588,09:30:02,$ 3222.00,9
1589,09:30:02,$ 3222.00,4
1590,09:30:02,$ 3222.00,2
1591,09:30:02,$ 3222.00,1
1592,09:30:02,$ 3222.00,39
1593,09:30:02,$ 3222.00,1
1594,09:30:02,$ 3222.00,10
1595,09:30:02,$ 3222.00,100
1597,09:30:02,$ 3222.00,3
1598,09:30:02,$ 3222.00,1
1599,09:30:02,$ 3222.00,14
1600,09:30:02,$ 3222.00,15
1601,09:30:02,$ 3222.00,2
1602,09:30:02,$ 3222.00,4
1603,09:30:02,$ 3222.00,3
1604,09:30:02,$ 3222.00,16
1605,09:30:02,$ 3222.00,1
1606,09:30:02,$ 3222.00,14
1607,09:30:02,$ 3222.00,1
1608,09:30:02,$ 3222.00,90
1609,09:30:02,$ 3222.00,1
1610,09:30:02,$ 3222.00,1
1611,09:30:02,$ 3222.00,6
1612,09:30:02,$ 3222.00,3
1613,09:30:02,$ 3222.00,2
1614,09:30:02,$ 3222.00,2
1615,09:30:02,$ 3222.00,3
1616,09:30:02,$ 3222.00,3
1618,09:30:02,$ 3222.00,2
1619,09:30:02,$ 3222.00,1
1620,09:30:02,$ 3222.00,4
1621,09:30:02,$ 3222.00,6
1622,09:30:02,$ 3222.00,2
1623,09:30:02,$ 3222.00,204
1624,09:30:02,$ 3222.00,6
1625,09:30:02,$ 3222.00,1
1626,09:30:02,$ 3222.00,1
1627,09:30:02,$ 3222.00,1
1628,09:30:02,$ 3222.00,1
1629,09:30:02,$ 3222.00,1
1630,09:30:02,$ 3222.00,1
1631,09:30:02,$ 3222.00,1
1632,09:30:02,$ 3222.00,1
1633,09:30:02,$ 3222.00,1
1634,09:30:02,$ 3222.00,1
1635,09:30:02,$ 3222.00,1
1636,09:30:02,$ 3222.00,1
1637,09:30:02,$ 3222.00,1
1639,09:30:02,$ 3222.00,1
1640,09:30:02,$ 3222.00,1
1641,09:30:02,$ 3222.00,1
1642,09:30:02,$ 3222.00,1
1643,09:30:02,$ 3222.00,1
1644,09:30:02,$ 3222.00,1
1645,09:30:02,$ 3222.00,1
1646,09:30:02,$ 3222.00,1
1647,09:30:02,$ 3222.00,1
1648,09:30:02,$ 3222.00,1
1649,09:30:02,$ 3222.00,1
1650,09:30:02,$ 3222.00,1
1651,09:30:02,$ 3222.00,1
1652,09:30:02,$ 3222.00,1
1653,09:30:02,$ 3222.00,1
1654,09:30:02,$ 3222.00,1
1655,09:30:02,$ 3222.00,1
1656,09:30:02,$ 3222.00,1
1657,09:30:02,$ 3222.00,1
1658,09:30:02,$ 3222.00,1
1660,09:30:02,$ 3222.00,2
1661,09:30:02,$ 3222.00,1
1662,09:30:02,$ 3222.00,1
1663,09:30:02,$ 3222.00,1
1664,09:30:02,$ 3222.00,1
1665,09:30:02,$ 3221.20,400
1666,09:30:00,$ 3221.86,100
1667,09:30:00,$ 3221.72,100
1668,09:30:00,$ 3223.79,100
1669,09:30:00,$ 3223.79,100
1670,09:30:00,$ 3223.79,100
1672,10:29:41,$ 3223.3332,100
1673,10:29:34,$ 3222.6775,150
1674,10:29:24,$ 3223.33,100
1675,10:29:11,$ 3222.53,100
1676,10:29:09,$ 3221.90,100
1677,10:29:09,$ 3222.20,100
1678,10:29:09,$ 3222.41,100
1679,10:29:09,$ 3222.48,116
1680,10:29:09,$ 3222.48,115
1681,10:29:09,$ 3222.72,100
1682,10:28:58,$ 3223.00,750
1683,10:28:58,$ 3223.00,100
1684,10:28:37,$ 3221.91,100
1685,10:28:32,$ 3222.25,100
1686,10:28:00,$ 3221.9117,349
1687,10:27:58,$ 3222.0826,100
1688,10:27:46,$ 3222.9198,340
1689,10:26:33,$ 3223.14,100
1690,10:26:33,$ 3223.13,300
1691,10:26:31,$ 3223.1401,100
1693,10:26:26,$ 3223.11,192
1694,10:26:25,$ 3222.95,100
1695,10:26:18,$ 3222.59,100
1696,10:26:01,$ 3222.25,308
1697,10:26:01,$ 3222.25,100
1698,10:26:01,$ 3222.00,100
1699,10:26:01,$ 3222.52,100
1700,10:25:57,$ 3222.64,100
1701,10:25:54,$ 3222.73,100
1702,10:25:46,$ 3223.06,100
1703,10:25:46,$ 3222.71,100
1704,10:25:43,$ 3222.37,100
1705,10:25:42,$ 3223.00,106
1706,10:25:27,$ 3222.9899,150
1707,10:25:16,$ 3222.53,100
1708,10:25:07,$ 3222.77,100
1709,10:25:01,$ 3222.80,100
1710,10:24:40,$ 3222.82,100
1711,10:24:32,$ 3223.39,100
1712,10:24:16,$ 3224.84,100
1714,10:24:16,$ 3224.41,100
1715,10:24:13,$ 3223.40,100
1716,10:24:11,$ 3223.45,100
1717,10:24:07,$ 3223.14,100
1718,10:24:03,$ 3223.00,146
1719,10:24:03,$ 3222.33,100
1720,10:23:59,$ 3221.87,100
1721,10:23:57,$ 3222.47,100
1722,10:23:51,$ 3221.75,100
1723,10:23:51,$ 3222.00,100
1724,10:23:45,$ 3221.3772,235
1725,10:23:36,$ 3221.8334,100
1726,10:23:31,$ 3221.295,200
1727,10:23:11,$ 3220.71,100
1728,10:22:50,$ 3220.50,100
1729,10:22:50,$ 3220.25,111
1730,10:22:46,$ 3219.18,100
1731,10:22:41,$ 3219.20,300
1732,10:22:26,$ 3219.185,100
1733,10:22:25,$ 3219.68,100
1735,10:22:24,$ 3219.66,100
1736,10:22:11,$ 3219.175,100
1737,10:22:10,$ 3219.80,100
1738,10:21:50,$ 3219.80,200
1739,10:21:09,$ 3218.68,"1,000"
1740,10:21:02,$ 3217.695,750
1741,10:21:02,$ 3218.934,100
1742,10:20:55,$ 3218.11,100
1743,10:20:00,$ 3219.72,100
1744,10:19:48,$ 3218.80,100
1745,10:19:34,$ 3219.49,100
1746,10:19:20,$ 3219.50,100
1747,10:19:17,$ 3218.7725,400
1748,10:19:07,$ 3218.68,100
1749,10:19:07,$ 3218.68,100
1750,10:19:07,$ 3218.93,100
1751,10:19:04,$ 3218.93,100
1752,10:18:55,$ 3218.33,100
1753,10:18:52,$ 3218.31,100
1754,10:18:52,$ 3218.30,100
1756,10:18:45,$ 3218.43,100
1757,10:18:37,$ 3218.00,100
1758,10:17:40,$ 3218.56,100
1759,10:17:04,$ 3218.95,100
1760,10:16:02,$ 3220.00,100
1761,10:15:59,$ 3219.61,400
1762,10:15:54,$ 3219.00,180
1763,10:15:18,$ 3218.6789,148
1764,10:15:05,$ 3217.435,100
1765,10:15:05,$ 3217.305,100
1766,10:15:05,$ 3217.685,100
1767,10:14:48,$ 3217.00,100
1768,10:14:48,$ 3217.055,100
1769,10:14:48,$ 3217.085,100
1770,10:14:48,$ 3217.07,100
1771,10:14:48,$ 3217.085,100
1772,10:14:31,$ 3216.725,100
1773,10:14:31,$ 3216.95,100
1774,10:14:08,$ 3214.99,100
1775,10:14:04,$ 3214.445,100
1777,10:13:57,$ 3213.63,100
1778,10:13:57,$ 3213.63,500
1779,10:13:47,$ 3215.82,100
1780,10:13:46,$ 3214.14,100
1781,10:13:21,$ 3215.1505,100
1782,10:13:03,$ 3213.32,100
1783,10:12:55,$ 3215.63,100
1784,10:12:55,$ 3215.20,100
1785,10:12:55,$ 3215.00,100
1786,10:12:54,$ 3214.99,100
1787,10:12:52,$ 3214.90,100
1788,10:12:49,$ 3215.71,100
1789,10:12:49,$ 3215.73,100
1790,10:12:49,$ 3215.68,100
1791,10:12:49,$ 3215.63,100
1792,10:12:49,$ 3215.29,100
1793,10:12:49,$ 3216.00,100
1794,10:12:49,$ 3215.73,100
1795,10:12:49,$ 3215.73,100
1796,10:12:49,$ 3215.74,100
1798,10:12:46,$ 3215.03,100
1799,10:12:46,$ 3214.68,200
1800,10:12:31,$ 3215.37,100
1801,10:12:17,$ 3214.98,100
1802,10:12:17,$ 3215.04,100
1803,10:12:15,$ 3214.75,100
1804,10:12:15,$ 3214.49,100
1805,10:12:04,$ 3213.28,100
1806,10:11:53,$ 3215.17,100
1807,10:11:48,$ 3215.86,100
1808,10:11:46,$ 3216.67,100
1809,10:11:33,$ 3217.52,100
1810,10:11:31,$ 3217.01,108
1811,10:11:24,$ 3217.02,100
1812,10:11:10,$ 3216.05,100
1813,10:11:03,$ 3217.01,100
1814,10:10:54,$ 3217.1588,200
1815,10:10:22,$ 3218.55,100
1816,10:10:18,$ 3219.0983,500
1817,10:10:01,$ 3219.00,100
1819,10:09:41,$ 3218.51,100
1820,10:09:14,$ 3218.39,100
1821,10:09:10,$ 3219.1124,100
1822,10:08:00,$ 3217.37,500
1823,10:07:53,$ 3217.08,100
1824,10:07:53,$ 3217.2413,130
1825,10:07:52,$ 3217.82,100
1826,10:07:25,$ 3218.40,100
1827,10:07:16,$ 3217.86,100
1828,10:06:59,$ 3217.844,200
1829,10:06:59,$ 3217.69,100
1830,10:06:56,$ 3216.898,268
1831,10:06:56,$ 3216.898,217
1832,10:06:51,$ 3216.90,130
1833,10:06:49,$ 3216.82,100
1834,10:06:42,$ 3216.08,100
1835,10:06:29,$ 3215.842,100
1836,10:06:26,$ 3215.22,100
1837,10:06:26,$ 3215.24,100
1838,10:06:18,$ 3214.945,100
1840,10:06:17,$ 3215.14,100
1841,10:06:05,$ 3215.435,100
1842,10:06:04,$ 3215.23,100
1843,10:05:57,$ 3215.00,585
1844,10:05:57,$ 3215.00,162
1845,10:05:55,$ 3214.83,100
1846,10:05:55,$ 3214.66,100
1847,10:05:47,$ 3214.64,100
1848,10:05:47,$ 3214.64,114
1849,10:05:41,$ 3215.165,100
1850,10:05:11,$ 3215.25,100
1851,10:05:01,$ 3215.745,100
1852,10:04:56,$ 3215.875,100
1853,10:04:45,$ 3214.77,100
1854,10:04:44,$ 3215.66,100
1855,10:04:24,$ 3214.91,111
1856,10:04:24,$ 3214.26,111
1857,10:04:24,$ 3214.28,100
1858,10:04:24,$ 3214.29,100
1859,10:04:24,$ 3214.28,100
1861,10:04:24,$ 3214.28,100
1862,10:04:22,$ 3214.60,100
1863,10:03:18,$ 3212.3071,300
1864,10:03:03,$ 3212.855,100
1865,10:03:03,$ 3212.00,100
1866,10:03:03,$ 3212.497,200
1867,10:03:03,$ 3212.35,100
1868,10:03:03,$ 3212.2052,100
1869,10:03:03,$ 3212.0038,100
1870,10:03:03,$ 3212.35,300
1871,10:03:03,$ 3212.77,100
1872,10:02:53,$ 3212.90,100
1873,10:02:53,$ 3212.90,100
1874,10:02:52,$ 3213.02,100
1875,10:02:52,$ 3213.38,100
1876,10:02:51,$ 3213.9668,100
1877,10:02:41,$ 3214.78,100
1878,10:02:26,$ 3214.95,100
1879,10:02:11,$ 3214.17,172
1880,10:02:11,$ 3214.17,116
1882,10:02:07,$ 3214.585,200
1883,10:02:03,$ 3214.793,200
1884,10:01:29,$ 3212.84,100
1885,10:01:27,$ 3212.96,100
1886,10:01:10,$ 3212.01,100
1887,10:01:03,$ 3210.655,100
1888,10:01:03,$ 3211.00,150
1889,10:01:03,$ 3211.00,100
1890,10:01:00,$ 3212.06,167
1891,10:01:00,$ 3212.23,100
1892,10:00:54,$ 3212.40,100
1893,10:00:54,$ 3212.40,100
1894,10:00:46,$ 3212.98,100
1895,10:00:28,$ 3214.27,100
1896,10:00:23,$ 3212.55,100
1897,10:00:13,$ 3212.425,100
1898,10:00:03,$ 3212.23,100
1899,10:00:03,$ 3212.32,100
1901,10:59:55,$ 3221.115,100
1902,10:59:50,$ 3221.18,400
1903,10:59:11,$ 3221.235,100
1904,10:59:09,$ 3221.99,100
1905,10:59:03,$ 3220.73,100
1906,10:59:03,$ 3221.00,104
1907,10:58:45,$ 3220.50,100
1908,10:58:45,$ 3220.46,100
1909,10:58:31,$ 3220.02,100
1910,10:57:56,$ 3220.60,100
1911,10:57:47,$ 3220.60,100
1912,10:57:18,$ 3219.8489,100
1913,10:57:03,$ 3219.00,100
1914,10:57:03,$ 3218.94,100
1915,10:57:03,$ 3218.97,100
1916,10:57:03,$ 3219.00,100
1917,10:57:03,$ 3219.00,100
1918,10:57:00,$ 3219.00,100
1919,10:57:00,$ 3219.00,100
1920,10:56:59,$ 3218.76,100
1922,10:56:58,$ 3219.00,100
1923,10:56:58,$ 3219.00,100
1924,10:56:50,$ 3218.96,100
1925,10:56:49,$ 3218.96,100
1926,10:56:48,$ 3218.62,100
1927,10:56:48,$ 3218.97,100
1928,10:56:48,$ 3218.97,200
1929,10:56:48,$ 3218.97,100
1930,10:56:40,$ 3218.795,100
1931,10:56:27,$ 3220.00,100
1932,10:56:27,$ 3220.00,100
1933,10:56:27,$ 3220.00,100
1934,10:56:27,$ 3220.00,100
1935,10:56:27,$ 3220.00,100
1936,10:56:27,$ 3220.00,100
1937,10:56:27,$ 3220.00,100
1938,10:56:27,$ 3219.51,100
1939,10:56:27,$ 3219.51,100
1940,10:56:27,$ 3220.00,100
1941,10:56:27,$ 3220.00,100
1943,10:56:27,$ 3220.00,100
1944,10:56:27,$ 3220.00,200
1945,10:56:20,$ 3218.825,100
1946,10:56:10,$ 3218.30,100
1947,10:56:10,$ 3218.31,100
1948,10:55:38,$ 3217.80,200
1949,10:55:31,$ 3218.545,300
1950,10:55:28,$ 3219.19,100
1951,10:54:53,$ 3219.33,100
1952,10:54:36,$ 3219.5281,100
1953,10:54:32,$ 3218.73,400
1954,10:54:32,$ 3218.73,100
1955,10:54:13,$ 3218.51,100
1956,10:53:56,$ 3217.75,100
1957,10:53:37,$ 3217.50,100
1958,10:53:24,$ 3217.50,100
1959,10:53:24,$ 3217.50,100
1960,10:53:24,$ 3217.50,100
1961,10:53:13,$ 3218.00,105
1962,10:53:08,$ 3218.40,100
1964,10:53:03,$ 3218.41,100
1965,10:52:54,$ 3217.5001,100
1966,10:52:40,$ 3217.83,100
1967,10:52:40,$ 3217.50,100
1968,10:52:35,$ 3217.50,100
1969,10:52:34,$ 3217.51,100
1970,10:52:34,$ 3217.575,100
1971,10:52:34,$ 3217.545,100
1972,10:52:34,$ 3217.535,100
1973,10:52:19,$ 3218.2902,100
1974,10:52:08,$ 3219.00,178
1975,10:51:36,$ 3218.20,100
1976,10:51:34,$ 3218.20,100
1977,10:51:30,$ 3218.44,100
1978,10:50:34,$ 3220.09,100
1979,10:50:29,$ 3219.50,474
1980,10:50:29,$ 3219.59,123
1981,10:50:16,$ 3220.34,150
1982,10:50:03,$ 3220.07,100
1983,10:50:00,$ 3220.0701,200
1985,10:49:59,$ 3220.07,100
1986,10:49:59,$ 3219.66,100
1987,10:49:59,$ 3219.73,100
1988,10:49:59,$ 3220.06,100
1989,10:49:59,$ 3219.66,214
1990,10:49:59,$ 3219.66,199
1991,10:49:52,$ 3220.00,100
1992,10:49:24,$ 3219.805,100
1993,10:49:19,$ 3220.00,100
1994,10:49:18,$ 3220.00,100
1995,10:49:18,$ 3220.00,100
1996,10:48:42,$ 3220.79,100
1997,10:48:26,$ 3221.0187,116
1998,10:45:59,$ 3222.105,100
1999,10:45:43,$ 3222.24,100
2000,10:45:42,$ 3221.89,100
2001,10:45:16,$ 3220.4468,200
2002,10:45:15,$ 3221.00,147
2003,10:45:15,$ 3220.67,100
2004,10:45:15,$ 3220.76,100
2006,10:45:08,$ 3220.01,100
2007,10:45:08,$ 3220.00,100
2008,10:45:06,$ 3220.33,200
2009,10:45:05,$ 3220.00,100
2010,10:44:45,$ 3220.00,100
2011,10:44:45,$ 3220.00,100
2012,10:44:45,$ 3220.00,100
2013,10:44:44,$ 3220.00,100
2014,10:44:44,$ 3220.04,100
2015,10:44:44,$ 3220.00,100
2016,10:44:43,$ 3220.20,100
2017,10:44:43,$ 3220.36,100
2018,10:44:43,$ 3220.00,100
2019,10:44:43,$ 3220.00,100
2020,10:44:43,$ 3220.00,100
2021,10:44:43,$ 3220.00,100
2022,10:44:32,$ 3219.48,100
2023,10:44:32,$ 3219.51,100
2024,10:44:07,$ 3219.075,100
2025,10:44:07,$ 3219.075,100
2027,10:44:07,$ 3218.965,100
2028,10:44:07,$ 3219.08,100
2029,10:44:05,$ 3219.21,100
2030,10:43:52,$ 3219.49,100
2031,10:43:04,$ 3220.26,100
2032,10:43:00,$ 3220.605,100
2033,10:43:00,$ 3220.71,100
2034,10:43:00,$ 3220.74,100
2035,10:42:24,$ 3219.2662,112
2036,10:42:23,$ 3220.67,100
2037,10:42:17,$ 3219.505,300
2038,10:41:54,$ 3218.95,100
2039,10:41:27,$ 3220.65,100
2040,10:41:09,$ 3221.00,100
2041,10:41:03,$ 3221.41,100
2042,10:41:03,$ 3221.47,100
2043,10:41:03,$ 3221.40,100
2044,10:41:03,$ 3221.515,100
2045,10:40:42,$ 3219.80,100
2046,10:40:26,$ 3218.57,100
2048,10:40:26,$ 3218.57,100
2049,10:40:03,$ 3218.37,100
2050,10:40:01,$ 3218.38,100
2051,10:39:54,$ 3218.55,101
2052,10:39:49,$ 3218.7099,161
2053,10:39:23,$ 3217.89,100
2054,10:39:17,$ 3217.9371,350
2055,10:39:08,$ 3217.95,100
2056,10:39:08,$ 3217.7589,457
2057,10:39:08,$ 3218.18,100
2058,10:38:48,$ 3218.20,100
2059,10:38:41,$ 3217.67,100
2060,10:38:24,$ 3217.47,100
2061,10:38:23,$ 3217.17,100
2062,10:37:58,$ 3218.00,100
2063,10:37:48,$ 3218.80,100
2064,10:37:05,$ 3217.935,100
2065,10:37:05,$ 3217.935,100
2066,10:37:05,$ 3218.34,100
2067,10:36:51,$ 3217.48,100
2069,10:36:51,$ 3217.85,100
2070,10:36:51,$ 3217.85,100
2071,10:36:38,$ 3217.55,400
2072,10:36:30,$ 3217.90,150
2073,10:36:29,$ 3217.865,100
2074,10:36:29,$ 3217.85,100
2075,10:36:16,$ 3217.54,113
2076,10:36:15,$ 3218.00,100
2077,10:35:46,$ 3218.76,100
2078,10:35:46,$ 3218.76,100
2079,10:35:46,$ 3218.845,100
2080,10:35:46,$ 3218.8525,100
2081,10:35:27,$ 3219.19,100
2082,10:35:21,$ 3219.19,100
2083,10:35:21,$ 3219.18,100
2084,10:35:21,$ 3219.22,100
2085,10:34:37,$ 3219.48,100
2086,10:34:15,$ 3219.235,100
2087,10:34:15,$ 3219.235,100
2088,10:34:10,$ 3219.14,100
2090,10:34:02,$ 3219.10,100
2091,10:33:59,$ 3219.88,"3,100"
2092,10:33:59,$ 3220.00,200
2093,10:33:52,$ 3220.335,100
2094,10:33:48,$ 3220.01,100
2095,10:33:48,$ 3220.01,100
2096,10:33:48,$ 3220.01,200
2097,10:33:48,$ 3220.00,190
2098,10:33:22,$ 3220.495,100
2099,10:33:20,$ 3220.40,100
2100,10:33:16,$ 3220.95,100
2101,10:33:14,$ 3221.59,100
2102,10:33:01,$ 3221.82,100
2103,10:33:01,$ 3221.47,100
2104,10:33:01,$ 3221.98,100
2105,10:32:56,$ 3221.095,100
2106,10:32:56,$ 3221.09,100
2107,10:32:51,$ 3221.71,100
2108,10:32:50,$ 3221.78,350
2109,10:32:45,$ 3222.00,900
2111,10:32:44,$ 3222.00,100
2112,10:32:43,$ 3222.87,100
2113,10:32:36,$ 3222.49,100
2114,10:32:35,$ 3222.55,100
2115,10:32:04,$ 3223.50,100
2116,10:31:50,$ 3224.675,100
2117,10:31:40,$ 3224.96,100
2118,10:31:37,$ 3225.00,900
2119,10:31:37,$ 3225.00,100
2120,10:30:54,$ 3223.47,100
2121,10:30:54,$ 3223.235,100
2122,10:30:54,$ 3223.235,100
2123,10:30:54,$ 3223.235,100
2124,10:30:53,$ 3223.235,100
2125,10:30:48,$ 3223.67,100
2126,10:30:43,$ 3223.40,100
2127,10:30:43,$ 3223.52,100
2128,10:30:17,$ 3224.5545,100
2129,10:30:14,$ 3224.35,100
2130,10:30:13,$ 3224.6975,100
2132,10:30:13,$ 3224.345,100
2133,10:30:12,$ 3224.59,200
2134,10:30:12,$ 3224.205,700
2136,11:29:57,$ 3226.02,100
2137,11:28:27,$ 3226.28,100
2138,11:28:22,$ 3227.11,100
2139,11:28:02,$ 3227.00,100
2140,11:27:46,$ 3225.67,100
2141,11:27:46,$ 3226.00,100
2142,11:27:40,$ 3225.125,100
2143,11:27:33,$ 3225.20,100
2144,11:27:31,$ 3225.365,100
2145,11:27:31,$ 3225.365,100
2146,11:27:31,$ 3225.71,100
2147,11:27:02,$ 3225.0684,150
2148,11:26:43,$ 3225.7275,100
2149,11:26:34,$ 3225.44,200
2150,11:26:18,$ 3225.32,100
2151,11:26:08,$ 3225.48,100
2152,11:26:08,$ 3225.72,100
2153,11:26:05,$ 3225.955,100
2154,11:26:01,$ 3225.58,100
2155,11:25:48,$ 3226.09,100
2157,11:25:40,$ 3225.59,100
2158,11:25:36,$ 3225.59,100
2159,11:25:36,$ 3225.59,100
2160,11:25:31,$ 3226.1564,500
2161,11:25:12,$ 3226.24,100
2162,11:24:48,$ 3227.06,310
2163,11:24:42,$ 3226.80,100
2164,11:24:40,$ 3226.65,100
2165,11:24:39,$ 3226.65,100
2166,11:24:39,$ 3226.60,100
2167,11:24:38,$ 3226.62,100
2168,11:24:38,$ 3226.65,300
2169,11:24:38,$ 3226.24,300
2170,11:24:38,$ 3226.38,100
2171,11:24:38,$ 3226.38,100
2172,11:24:08,$ 3225.63,100
2173,11:23:59,$ 3225.70,500
2174,11:23:40,$ 3224.72,100
2175,11:23:39,$ 3224.66,100
2176,11:23:36,$ 3224.67,184
2178,11:23:35,$ 3225.115,100
2179,11:23:32,$ 3224.67,100
2180,11:23:11,$ 3225.02,111
2181,11:23:08,$ 3224.7082,100
2182,11:23:04,$ 3224.895,100
2183,11:23:01,$ 3224.99,100
2184,11:23:01,$ 3225.00,100
2185,11:23:01,$ 3225.00,100
2186,11:22:53,$ 3224.54,100
2187,11:22:41,$ 3223.3001,500
2188,11:22:41,$ 3223.65,100
2189,11:22:41,$ 3223.65,100
2190,11:22:41,$ 3223.65,100
2191,11:22:41,$ 3223.65,200
2192,11:22:11,$ 3223.295,100
2193,11:22:08,$ 3222.915,100
2194,11:22:06,$ 3223.10,100
2195,11:21:52,$ 3223.295,100
2196,11:21:32,$ 3223.295,100
2197,11:21:19,$ 3223.03,200
2199,11:21:18,$ 3223.03,100
2200,11:21:18,$ 3223.03,113
2201,11:21:18,$ 3223.03,167
2202,11:21:16,$ 3223.095,100
2203,11:20:06,$ 3221.585,100
2204,11:19:57,$ 3221.00,100
2205,11:19:29,$ 3221.1839,680
2206,11:18:52,$ 3220.305,100
2207,11:18:06,$ 3221.30,100
2208,11:17:52,$ 3221.9718,111
2209,11:17:26,$ 3222.00,100
2210,11:16:01,$ 3222.2544,100
2211,11:15:26,$ 3222.94,100
2212,11:14:54,$ 3222.67,100
2213,11:14:21,$ 3223.26,100
2214,11:14:21,$ 3223.26,100
2215,11:13:53,$ 3223.25,100
2216,11:13:36,$ 3223.78,100
2217,11:13:14,$ 3223.7902,100
2218,11:13:13,$ 3224.3138,100
2220,11:13:12,$ 3223.74,300
2221,11:12:24,$ 3223.16,100
2222,11:12:22,$ 3223.5999,120
2223,11:11:48,$ 3222.52,100
2224,11:11:45,$ 3222.52,100
2225,11:11:43,$ 3221.69,123
2226,11:11:43,$ 3222.00,151
2227,11:11:42,$ 3222.00,191
2228,11:11:38,$ 3221.1556,135
2229,11:11:19,$ 3221.7999,100
2230,11:10:56,$ 3220.945,100
2231,11:10:56,$ 3221.21,100
2232,11:10:55,$ 3220.80,100
2233,11:10:16,$ 3219.47,100
2234,11:10:11,$ 3219.915,100
2235,11:09:39,$ 3220.355,100
2236,11:09:37,$ 3220.71,100
2237,11:09:37,$ 3220.71,100
2238,11:09:35,$ 3220.6801,225
2239,11:09:13,$ 3220.22,100
2241,11:09:12,$ 3219.58,111
2242,11:09:09,$ 3219.50,100
2243,11:09:09,$ 3218.775,100
2244,11:09:09,$ 3218.775,100
2245,11:09:09,$ 3218.775,100
2246,11:09:05,$ 3219.50,100
2247,11:09:05,$ 3218.785,100
2248,11:09:05,$ 3218.79,100
2249,11:08:59,$ 3218.745,100
2250,11:08:52,$ 3219.56,100
2251,11:08:51,$ 3218.47,100
2252,11:08:43,$ 3218.05,100
2253,11:07:57,$ 3217.835,100
2254,11:07:41,$ 3217.865,100
2255,11:07:10,$ 3218.595,100
2256,11:07:02,$ 3218.675,100
2257,11:06:59,$ 3218.42,100
2258,11:06:59,$ 3218.74,100
2259,11:06:59,$ 3218.78,100
2260,11:06:59,$ 3218.78,100
2262,11:06:59,$ 3218.78,100
2263,11:06:49,$ 3218.47,100
2264,11:06:49,$ 3218.905,200
2265,11:06:47,$ 3218.32,100
2266,11:06:38,$ 3218.61,100
2267,11:06:31,$ 3218.82,200
2268,11:06:01,$ 3218.49,100
2269,11:06:01,$ 3218.83,200
2270,11:06:01,$ 3218.975,100
2271,11:04:47,$ 3220.155,100
2272,11:04:38,$ 3220.8671,142
2273,11:04:01,$ 3220.105,100
2274,11:03:57,$ 3220.3902,388
2275,11:03:57,$ 3220.3902,310
2276,11:03:57,$ 3219.85,100
2277,11:03:44,$ 3219.67,100
2278,11:03:43,$ 3220.13,100
2279,11:03:20,$ 3219.70,100
2280,11:03:01,$ 3220.68,100
2281,11:02:38,$ 3219.4961,100
2283,11:02:33,$ 3219.56,100
2284,11:02:19,$ 3220.8252,108
2285,11:02:17,$ 3219.8032,100
2286,11:02:04,$ 3220.59,100
2287,11:01:54,$ 3220.15,200
2288,11:01:40,$ 3219.185,100
2289,11:01:40,$ 3218.9797,414
2290,11:01:05,$ 3219.41,100
2291,11:01:02,$ 3220.055,100
2292,11:01:02,$ 3219.50,100
2293,11:01:02,$ 3219.50,199
2294,11:00:57,$ 3220.25,100
2295,11:00:52,$ 3220.17,100
2296,11:00:50,$ 3220.60,100
2297,11:00:50,$ 3220.94,100
2298,11:00:50,$ 3221.20,100
2299,11:00:28,$ 3221.50,100
2300,11:00:22,$ 3221.03,100
2301,11:00:15,$ 3221.99,100
2302,11:00:03,$ 3222.21,100
2304,11:00:03,$ 3222.02,100
2305,11:00:03,$ 3221.66,100
2306,11:00:02,$ 3220.99,100
2308,11:59:55,$ 3231.435,100
2309,11:59:45,$ 3232.29,100
2310,11:59:39,$ 3232.00,730
2311,11:59:28,$ 3232.00,100
2312,11:59:25,$ 3231.0001,100
2313,11:58:54,$ 3231.06,200
2314,11:58:13,$ 3231.78,104
2315,11:58:03,$ 3230.495,100
2316,11:57:57,$ 3231.05,100
2317,11:57:57,$ 3230.80,100
2318,11:57:57,$ 3231.00,152
2319,11:57:55,$ 3231.00,100
2320,11:57:46,$ 3231.005,200
2321,11:57:40,$ 3230.00,317
2322,11:57:31,$ 3231.35,100
2323,11:57:30,$ 3231.72,100
2324,11:57:30,$ 3231.73,100
2325,11:57:30,$ 3231.76,100
2326,11:57:30,$ 3231.73,100
2327,11:57:30,$ 3231.74,100
2329,11:57:30,$ 3231.74,100
2330,11:57:17,$ 3233.26,100
2331,11:56:56,$ 3232.73,100
2332,11:56:47,$ 3232.58,100
2333,11:56:23,$ 3233.18,100
2334,11:55:55,$ 3233.84,100
2335,11:55:48,$ 3234.2706,200
2336,11:55:14,$ 3234.92,100
2337,11:55:07,$ 3234.68,100
2338,11:54:56,$ 3234.2113,100
2339,11:54:49,$ 3234.40,900
2340,11:54:33,$ 3234.455,100
2341,11:54:26,$ 3234.00,100
2342,11:54:02,$ 3234.6523,115
2343,11:53:56,$ 3234.755,100
2344,11:53:56,$ 3233.855,500
2345,11:53:56,$ 3234.68,100
2346,11:53:56,$ 3234.765,100
2347,11:53:55,$ 3235.00,100
2348,11:53:49,$ 3234.93,100
2350,11:53:49,$ 3234.49,100
2351,11:53:49,$ 3234.84,100
2352,11:53:49,$ 3234.89,200
2353,11:53:49,$ 3233.02,100
2354,11:53:49,$ 3233.17,100
2355,11:53:49,$ 3233.17,100
2356,11:53:49,$ 3233.17,100
2357,11:53:41,$ 3232.496,100
2358,11:53:19,$ 3233.36,115
2359,11:53:19,$ 3233.36,114
2360,11:53:19,$ 3233.36,115
2361,11:53:19,$ 3233.36,142
2362,11:53:17,$ 3233.79,100
2363,11:53:11,$ 3234.63,200
2364,11:52:45,$ 3232.375,318
2365,11:52:41,$ 3232.44,100
2366,11:52:41,$ 3232.50,100
2367,11:52:32,$ 3232.03,100
2368,11:52:32,$ 3232.17,100
2369,11:52:29,$ 3233.00,100
2371,11:52:29,$ 3233.00,100
2372,11:52:29,$ 3233.018,100
2373,11:52:29,$ 3233.42,100
2374,11:52:29,$ 3233.42,100
2375,11:51:55,$ 3233.75,100
2376,11:51:48,$ 3233.75,100
2377,11:51:48,$ 3233.75,100
2378,11:51:45,$ 3233.75,100
2379,11:51:37,$ 3234.00,100
2380,11:51:31,$ 3234.00,100
2381,11:51:31,$ 3234.00,100
2382,11:51:28,$ 3233.6215,100
2383,11:51:27,$ 3233.85,100
2384,11:51:19,$ 3233.62,100
2385,11:51:18,$ 3233.62,165
2386,11:51:07,$ 3233.97,100
2387,11:51:07,$ 3233.73,100
2388,11:51:06,$ 3233.21,100
2389,11:51:06,$ 3233.05,111
2390,11:50:41,$ 3232.46,100
2392,11:50:40,$ 3232.50,100
2393,11:50:40,$ 3232.16,100
2394,11:50:23,$ 3232.46,100
2395,11:50:18,$ 3231.9614,100
2396,11:50:18,$ 3232.3725,100
2397,11:49:51,$ 3231.391,100
2398,11:49:51,$ 3231.402,100
2399,11:49:48,$ 3231.765,200
2400,11:49:31,$ 3231.5727,200
2401,11:49:24,$ 3231.835,"1,000"
2402,11:49:22,$ 3231.8099,100
2403,11:48:49,$ 3232.6385,100
2404,11:48:47,$ 3232.50,100
2405,11:48:47,$ 3232.50,100
2406,11:48:32,$ 3232.92,100
2407,11:48:30,$ 3232.50,100
2408,11:48:30,$ 3232.50,100
2409,11:48:30,$ 3232.50,100
2410,11:48:30,$ 3232.50,200
2411,11:48:28,$ 3232.52,100
2413,11:48:27,$ 3232.921,"1,000"
2414,11:48:18,$ 3232.75,100
2415,11:48:18,$ 3232.50,100
2416,11:48:18,$ 3232.50,100
2417,11:48:18,$ 3232.50,100
2418,11:48:18,$ 3232.50,100
2419,11:48:18,$ 3232.50,100
2420,11:48:18,$ 3232.50,100
2421,11:48:18,$ 3232.40,100
2422,11:48:18,$ 3232.40,300
2423,11:48:18,$ 3232.39,100
2424,11:48:18,$ 3232.21,128
2425,11:48:18,$ 3232.21,267
2426,11:48:18,$ 3232.02,"1,200"
2427,11:48:08,$ 3230.96,100
2428,11:48:08,$ 3230.99,102
2429,11:48:08,$ 3231.00,562
2430,11:48:08,$ 3231.00,438
2431,11:48:07,$ 3230.59,100
2432,11:47:57,$ 3230.30,100
2434,11:47:56,$ 3230.40,100
2435,11:47:39,$ 3229.90,100
2436,11:47:35,$ 3229.9001,247
2437,11:47:30,$ 3229.92,100
2438,11:47:29,$ 3230.425,100
2439,11:47:09,$ 3229.745,100
2440,11:47:09,$ 3230.27,100
2441,11:47:08,$ 3230.30,100
2442,11:47:08,$ 3229.6301,224
2443,11:47:07,$ 3230.60,111
2444,11:47:07,$ 3230.78,200
2445,11:47:07,$ 3230.78,200
2446,11:47:06,$ 3230.04,100
2447,11:47:06,$ 3230.04,110
2448,11:46:56,$ 3228.765,100
2449,11:46:52,$ 3229.20,100
2450,11:46:51,$ 3229.21,200
2451,11:46:31,$ 3229.28,100
2452,11:46:31,$ 3229.28,100
2453,11:46:31,$ 3229.28,100
2455,11:46:29,$ 3228.64,100
2456,11:44:42,$ 3229.365,100
2457,11:44:42,$ 3228.73,100
2458,11:44:42,$ 3228.73,100
2459,11:44:24,$ 3229.375,100
2460,11:44:20,$ 3229.1557,100
2461,11:44:20,$ 3230.00,100
2462,11:44:01,$ 3229.00,100
2463,11:43:35,$ 3228.00,100
2464,11:43:31,$ 3227.49,100
2465,11:43:19,$ 3227.04,100
2466,11:42:57,$ 3227.50,200
2467,11:42:37,$ 3226.88,100
2468,11:41:41,$ 3227.15,100
2469,11:41:40,$ 3227.00,300
2470,11:41:18,$ 3227.00,100
2471,11:41:05,$ 3224.99,100
2472,11:40:55,$ 3225.22,100
2473,11:40:31,$ 3224.97,100
2474,11:40:29,$ 3225.2724,100
2476,11:39:53,$ 3224.47,200
2477,11:39:46,$ 3224.71,100
2478,11:38:57,$ 3224.4903,108
2479,11:37:52,$ 3222.50,100
2480,11:37:52,$ 3222.505,100
2481,11:37:51,$ 3222.67,100
2482,11:37:51,$ 3222.67,100
2483,11:37:51,$ 3223.04,100
2484,11:37:51,$ 3223.26,100
2485,11:37:34,$ 3223.78,100
2486,11:37:03,$ 3224.20,100
2487,11:36:28,$ 3224.23,100
2488,11:35:52,$ 3224.86,100
2489,11:35:26,$ 3225.9999,"1,000"
2490,11:35:13,$ 3224.32,100
2491,11:34:50,$ 3224.26,100
2492,11:34:40,$ 3224.23,100
2493,11:34:27,$ 3224.515,200
2494,11:34:22,$ 3224.89,200
2495,11:33:53,$ 3224.47,100
2497,11:33:36,$ 3224.64,100
2498,11:33:01,$ 3225.29,100
2499,11:32:53,$ 3225.36,100
2500,11:32:06,$ 3225.00,100
2501,11:31:19,$ 3225.52,100
2503,12:29:56,$ 3224.03,100
2504,12:29:54,$ 3223.24,100
2505,12:29:27,$ 3222.82,100
2506,12:29:20,$ 3222.86,100
2507,12:27:42,$ 3221.595,295
2508,12:27:25,$ 3222.16,111
2509,12:27:10,$ 3222.00,100
2510,12:27:00,$ 3222.52,100
2511,12:26:56,$ 3222.62,100
2512,12:26:39,$ 3222.53,100
2513,12:26:34,$ 3223.21,100
2514,12:26:26,$ 3223.49,100
2515,12:26:26,$ 3223.68,100
2516,12:26:26,$ 3223.53,100
2517,12:26:26,$ 3223.53,100
2518,12:26:03,$ 3224.49,100
2519,12:26:03,$ 3224.59,100
2520,12:25:23,$ 3224.2038,100
2521,12:24:32,$ 3223.51,100
2522,12:24:26,$ 3224.4813,100
2524,12:23:54,$ 3224.05,100
2525,12:23:48,$ 3225.05,100
2526,12:23:44,$ 3225.3199,100
2527,12:23:31,$ 3224.47,100
2528,12:23:10,$ 3224.815,100
2529,12:23:09,$ 3225.05,100
2530,12:22:49,$ 3225.765,100
2531,12:22:49,$ 3225.795,100
2532,12:22:49,$ 3225.07,100
2533,12:22:49,$ 3225.74,100
2534,12:22:49,$ 3225.72,100
2535,12:21:24,$ 3226.00,100
2536,12:20:23,$ 3226.00,100
2537,12:20:17,$ 3225.44,"1,038"
2538,12:20:11,$ 3226.101,100
2539,12:20:10,$ 3226.18,100
2540,12:19:30,$ 3227.515,100
2541,12:19:30,$ 3227.17,100
2542,12:19:00,$ 3227.82,100
2543,12:18:48,$ 3228.00,100
2545,12:18:21,$ 3227.648,100
2546,12:17:28,$ 3228.72,100
2547,12:17:12,$ 3229.00,100
2548,12:17:08,$ 3228.82,100
2549,12:17:08,$ 3228.82,100
2550,12:17:07,$ 3228.80,100
2551,12:17:03,$ 3228.99,100
2552,12:17:02,$ 3228.80,100
2553,12:17:01,$ 3228.79,100
2554,12:16:59,$ 3228.79,100
2555,12:16:51,$ 3229.05,100
2556,12:15:42,$ 3229.10,100
2557,12:15:02,$ 3229.08,111
2558,12:14:45,$ 3228.65,100
2559,12:14:08,$ 3228.5201,200
2560,12:13:43,$ 3229.31,100
2561,12:13:36,$ 3229.31,100
2562,12:13:36,$ 3229.51,100
2563,12:13:36,$ 3229.02,100
2564,12:13:30,$ 3229.28,136
2566,12:13:30,$ 3229.275,100
2567,12:13:30,$ 3229.28,100
2568,12:13:30,$ 3229.28,100
2569,12:13:27,$ 3230.25,100
2570,12:12:53,$ 3230.25,200
2571,12:12:53,$ 3230.25,111
2572,12:12:53,$ 3230.20,100
2573,12:12:44,$ 3229.39,100
2574,12:12:29,$ 3230.00,190
2575,12:12:27,$ 3230.12,100
2576,12:12:24,$ 3230.46,100
2577,12:12:10,$ 3230.74,100
2578,12:11:56,$ 3230.72,100
2579,12:11:53,$ 3231.3495,145
2580,12:11:28,$ 3230.20,100
2581,12:10:54,$ 3230.15,100
2582,12:10:36,$ 3231.50,100
2583,12:10:31,$ 3231.2934,300
2584,12:10:26,$ 3231.29,200
2585,12:10:22,$ 3230.94,100
2587,12:10:22,$ 3231.03,100
2588,12:10:22,$ 3231.03,100
2589,12:10:17,$ 3230.575,200
2590,12:09:39,$ 3230.82,100
2591,12:09:33,$ 3230.60,100
2592,12:09:01,$ 3231.70,100
2593,12:08:49,$ 3231.9899,100
2594,12:08:48,$ 3231.46,100
2595,12:08:39,$ 3232.335,100
2596,12:08:22,$ 3232.60,100
2597,12:08:14,$ 3232.98,200
2598,12:08:14,$ 3232.00,113
2599,12:08:14,$ 3232.00,"2,716"
2600,12:08:14,$ 3232.00,100
2601,12:07:59,$ 3231.058,"1,200"
2602,12:07:54,$ 3231.435,100
2603,12:07:53,$ 3230.73,100
2604,12:07:36,$ 3231.22,200
2605,12:07:36,$ 3230.60,100
2606,12:07:32,$ 3231.03,100
2608,12:07:27,$ 3231.44,100
2609,12:06:57,$ 3230.56,100
2610,12:06:56,$ 3230.54,100
2611,12:06:53,$ 3230.175,100
2612,12:05:36,$ 3230.00,100
2613,12:05:32,$ 3230.14,100
2614,12:05:27,$ 3230.70,100
2615,12:05:06,$ 3230.97,100
2616,12:04:17,$ 3231.99,100
2617,12:04:17,$ 3232.0099,100
2618,12:04:02,$ 3231.48,100
2619,12:03:17,$ 3232.02,100
2620,12:03:17,$ 3232.01,100
2621,12:03:08,$ 3232.60,100
2622,12:02:49,$ 3231.73,100
2623,12:01:43,$ 3229.35,500
2624,12:01:20,$ 3230.40,100
2625,12:01:06,$ 3229.885,100
2626,12:00:53,$ 3230.00,188
2627,12:00:53,$ 3230.41,100
2629,12:00:53,$ 3230.40,100
2630,12:00:53,$ 3230.40,100
2631,12:00:53,$ 3230.38,100
2632,12:00:53,$ 3230.35,100
2633,12:00:53,$ 3230.42,100
2634,12:00:52,$ 3230.58,100
2635,12:00:46,$ 3231.09,100
2637,12:59:51,$ 3225.805,100
2638,12:59:37,$ 3225.68,100
2639,12:58:29,$ 3226.74,100
2640,12:57:54,$ 3225.93,100
2641,12:57:39,$ 3225.65,100
2642,12:57:30,$ 3227.43,100
2643,12:57:30,$ 3226.03,100
2644,12:57:30,$ 3226.03,100
2645,12:56:33,$ 3226.53,100
2646,12:56:12,$ 3227.50,100
2647,12:56:12,$ 3227.925,100
2648,12:56:11,$ 3227.50,100
2649,12:56:11,$ 3227.50,100
2650,12:56:11,$ 3227.50,100
2651,12:56:11,$ 3227.50,100
2652,12:56:11,$ 3227.50,100
2653,12:56:11,$ 3227.00,215
2654,12:56:11,$ 3227.50,100
2655,12:56:11,$ 3227.50,100
2656,12:56:11,$ 3227.50,100
2658,12:56:11,$ 3227.50,100
2659,12:56:11,$ 3227.50,100
2660,12:56:11,$ 3227.50,100
2661,12:56:11,$ 3227.50,400
2662,12:56:11,$ 3226.65,100
2663,12:56:11,$ 3226.91,100
2664,12:56:11,$ 3225.935,100
2665,12:56:11,$ 3225.98,100
2666,12:56:11,$ 3225.80,100
2667,12:56:11,$ 3225.90,100
2668,12:56:11,$ 3225.93,100
2669,12:55:54,$ 3225.405,100
2670,12:55:49,$ 3224.65,100
2671,12:53:34,$ 3224.1601,300
2672,12:51:37,$ 3226.02,100
2673,12:51:20,$ 3226.52,100
2674,12:51:15,$ 3226.88,100
2675,12:51:15,$ 3226.66,100
2676,12:51:03,$ 3227.00,100
2677,12:50:23,$ 3225.82,100
2679,12:50:03,$ 3226.40,100
2680,12:50:02,$ 3226.56,100
2681,12:49:52,$ 3227.14,100
2682,12:49:42,$ 3226.89,100
2683,12:49:15,$ 3227.25,100
2684,12:49:13,$ 3226.745,100
2685,12:49:07,$ 3226.22,100
2686,12:49:07,$ 3226.24,100
2687,12:49:02,$ 3226.23,100
2688,12:48:31,$ 3226.22,100
2689,12:48:25,$ 3226.60,100
2690,12:48:17,$ 3226.335,100
2691,12:48:17,$ 3226.931,496
2692,12:48:04,$ 3226.145,100
2693,12:48:04,$ 3225.595,300
2694,12:48:04,$ 3225.72,500
2695,12:48:02,$ 3225.90,100
2696,12:47:50,$ 3226.52,100
2697,12:47:50,$ 3226.96,100
2698,12:47:47,$ 3226.40,100
2700,12:47:37,$ 3227.00,100
2701,12:47:36,$ 3226.88,100
2702,12:47:16,$ 3225.8101,101
2703,12:47:11,$ 3225.78,100
2704,12:47:10,$ 3226.07,100
2705,12:47:06,$ 3226.77,100
2706,12:46:49,$ 3226.29,100
2707,12:46:43,$ 3226.02,100
2708,12:45:47,$ 3225.36,100
2709,12:45:33,$ 3225.22,100
2710,12:45:21,$ 3225.08,100
2711,12:44:58,$ 3224.50,100
2712,12:44:13,$ 3223.83,100
2713,12:44:05,$ 3223.04,100
2714,12:44:04,$ 3223.13,100
2715,12:43:14,$ 3223.13,100
2716,12:42:57,$ 3223.21,100
2717,12:42:48,$ 3223.56,100
2718,12:42:48,$ 3223.41,100
2719,12:42:48,$ 3223.55,100
2721,12:41:28,$ 3224.00,100
2722,12:40:43,$ 3223.63,100
2723,12:40:20,$ 3223.0501,100
2724,12:40:08,$ 3223.05,100
2725,12:39:41,$ 3224.31,100
2726,12:38:26,$ 3224.54,100
2727,12:38:19,$ 3224.00,100
2728,12:37:33,$ 3223.04,100
2729,12:37:23,$ 3222.62,100
2730,12:37:08,$ 3222.01,100
2731,12:37:04,$ 3222.212,100
2732,12:37:04,$ 3222.2004,100
2733,12:36:16,$ 3223.00,100
2734,12:36:09,$ 3223.34,100
2735,12:35:53,$ 3224.14,100
2736,12:35:25,$ 3224.04,100
2737,12:35:05,$ 3224.17,100
2738,12:35:00,$ 3224.00,100
2739,12:34:55,$ 3224.075,100
2740,12:34:55,$ 3224.04,100
2742,12:34:55,$ 3224.025,100
2743,12:34:55,$ 3224.07,100
2744,12:34:43,$ 3224.56,100
2745,12:34:39,$ 3225.62,100
2746,12:33:57,$ 3225.26,100
2747,12:33:56,$ 3224.3523,116
2748,12:33:46,$ 3224.86,100
2749,12:33:45,$ 3225.64,100
2750,12:33:45,$ 3225.64,195
2751,12:33:40,$ 3225.23,100
2752,12:33:34,$ 3225.32,150
2753,12:33:17,$ 3225.32,100
2754,12:33:08,$ 3224.20,100
2755,12:33:02,$ 3222.08,108
2756,12:32:40,$ 3223.30,100
2757,12:32:38,$ 3222.87,100
2758,12:32:24,$ 3222.61,100
2759,12:32:20,$ 3223.05,100
2760,12:31:54,$ 3222.65,111
2761,12:31:32,$ 3222.64,200
2763,12:31:31,$ 3223.05,100
2764,12:31:31,$ 3223.05,100
2765,12:31:25,$ 3222.93,400
2766,12:31:02,$ 3223.23,100
2767,12:30:47,$ 3222.91,100
2768,12:30:45,$ 3222.53,100
2769,12:30:10,$ 3223.0995,100
2771,13:29:50,$ 3219.69,100
2772,13:29:30,$ 3219.33,100
2773,13:29:25,$ 3220.88,100
2774,13:29:02,$ 3220.00,100
2775,13:28:39,$ 3220.12,137
2776,13:28:39,$ 3219.35,100
2777,13:28:39,$ 3220.12,239
2778,13:28:38,$ 3219.28,100
2779,13:28:38,$ 3219.30,100
2780,13:28:26,$ 3218.00,100
2781,13:28:08,$ 3218.65,100
2782,13:28:07,$ 3218.26,100
2783,13:27:56,$ 3219.14,100
2784,13:27:50,$ 3220.04,100
2785,13:27:36,$ 3219.60,100
2786,13:27:04,$ 3219.41,100
2787,13:27:04,$ 3219.41,100
2788,13:27:01,$ 3219.78,100
2789,13:26:57,$ 3219.905,100
2790,13:26:30,$ 3219.725,100
2792,13:26:23,$ 3220.44,100
2793,13:26:14,$ 3220.05,100
2794,13:25:39,$ 3219.73,100
2795,13:25:33,$ 3219.21,100
2796,13:25:31,$ 3219.36,100
2797,13:25:31,$ 3219.44,100
2798,13:25:31,$ 3219.44,100
2799,13:25:31,$ 3220.24,100
2800,13:25:31,$ 3220.24,100
2801,13:25:31,$ 3220.24,100
2802,13:25:24,$ 3218.98,100
2803,13:25:19,$ 3219.10,100
2804,13:25:18,$ 3219.625,100
2805,13:25:10,$ 3220.28,100
2806,13:25:08,$ 3219.0001,100
2807,13:25:03,$ 3220.01,100
2808,13:25:03,$ 3220.00,100
2809,13:25:03,$ 3220.8118,143
2810,13:25:00,$ 3220.30,304
2811,13:25:00,$ 3220.30,100
2813,13:25:00,$ 3220.975,100
2814,13:25:00,$ 3220.70,100
2815,13:24:44,$ 3221.16,100
2816,13:24:44,$ 3220.9601,500
2817,13:24:37,$ 3221.445,108
2818,13:24:37,$ 3221.445,134
2819,13:24:37,$ 3221.96,100
2820,13:24:05,$ 3222.50,206
2821,13:23:51,$ 3222.60,100
2822,13:23:23,$ 3221.945,100
2823,13:23:19,$ 3221.55,100
2824,13:23:17,$ 3221.88,100
2825,13:23:10,$ 3221.88,100
2826,13:23:09,$ 3222.44,217
2827,13:23:09,$ 3222.47,200
2828,13:23:09,$ 3222.46,200
2829,13:23:09,$ 3222.46,300
2830,13:23:09,$ 3222.23,800
2831,13:23:09,$ 3222.23,100
2832,13:23:09,$ 3222.23,400
2834,13:23:09,$ 3222.50,100
2835,13:23:08,$ 3222.50,146
2836,13:23:06,$ 3222.96,100
2837,13:22:46,$ 3224.17,100
2838,13:22:34,$ 3223.26,100
2839,13:22:34,$ 3223.14,100
2840,13:22:33,$ 3223.34,200
2841,13:22:28,$ 3224.36,100
2842,13:22:25,$ 3224.21,183
2843,13:22:23,$ 3225.45,100
2844,13:22:23,$ 3224.77,100
2845,13:22:15,$ 3224.94,100
2846,13:22:14,$ 3224.58,100
2847,13:22:14,$ 3224.58,100
2848,13:21:30,$ 3225.45,100
2849,13:21:19,$ 3225.09,100
2850,13:20:57,$ 3224.82,100
2851,13:20:57,$ 3224.82,100
2852,13:20:57,$ 3225.45,100
2853,13:20:57,$ 3224.81,100
2855,13:20:57,$ 3224.82,100
2856,13:20:57,$ 3224.82,100
2857,13:20:43,$ 3225.95,100
2858,13:19:34,$ 3225.04,100
2859,13:19:19,$ 3225.00,100
2860,13:17:27,$ 3225.555,182
2861,13:17:24,$ 3225.80,100
2862,13:17:03,$ 3225.86,100
2863,13:17:03,$ 3224.8343,753
2864,13:15:55,$ 3225.895,100
2865,13:15:27,$ 3226.61,100
2866,13:14:46,$ 3227.325,100
2867,13:14:41,$ 3226.63,100
2868,13:14:35,$ 3226.68,100
2869,13:14:18,$ 3227.09,100
2870,13:12:20,$ 3228.14,100
2871,13:12:19,$ 3227.97,100
2872,13:12:19,$ 3228.04,100
2873,13:12:19,$ 3228.20,100
2874,13:12:19,$ 3228.04,100
2876,13:12:19,$ 3227.98,100
2877,13:12:19,$ 3228.24,100
2878,13:12:19,$ 3228.09,100
2879,13:12:19,$ 3228.055,100
2880,13:12:19,$ 3228.10,100
2881,13:12:19,$ 3227.96,400
2882,13:12:12,$ 3227.76,100
2883,13:12:12,$ 3229.37,100
2884,13:12:12,$ 3229.39,100
2885,13:12:12,$ 3229.36,100
2886,13:12:12,$ 3229.86,100
2887,13:12:12,$ 3227.92,100
2888,13:12:12,$ 3227.90,100
2889,13:12:12,$ 3227.90,100
2890,13:12:12,$ 3227.60,100
2891,13:12:12,$ 3227.90,100
2892,13:12:12,$ 3227.64,100
2893,13:12:12,$ 3227.775,100
2894,13:12:12,$ 3227.86,100
2895,13:12:11,$ 3227.05,100
2897,13:11:24,$ 3228.42,100
2898,13:11:21,$ 3228.42,100
2899,13:10:54,$ 3227.615,100
2900,13:10:54,$ 3228.24,100
2901,13:10:54,$ 3227.90,100
2902,13:10:54,$ 3228.29,100
2903,13:10:54,$ 3228.29,100
2904,13:10:54,$ 3227.58,100
2905,13:10:54,$ 3227.88,115
2906,13:10:54,$ 3227.88,231
2907,13:10:54,$ 3227.88,200
2908,13:10:54,$ 3228.67,100
2909,13:10:54,$ 3228.60,100
2910,13:10:54,$ 3228.65,100
2911,13:10:54,$ 3228.17,100
2912,13:10:54,$ 3228.16,100
2913,13:10:54,$ 3228.25,100
2914,13:10:54,$ 3228.67,100
2915,13:10:54,$ 3228.64,100
2916,13:10:47,$ 3229.52,100
2918,13:10:42,$ 3229.39,100
2919,13:10:42,$ 3229.44,200
2920,13:10:42,$ 3229.07,100
2921,13:10:42,$ 3229.13,100
2922,13:10:42,$ 3229.00,167
2923,13:10:42,$ 3228.58,104
2924,13:10:42,$ 3227.75,100
2925,13:10:42,$ 3227.75,100
2926,13:10:42,$ 3228.00,100
2927,13:10:42,$ 3229.06,100
2928,13:10:42,$ 3227.46,100
2929,13:10:40,$ 3227.01,100
2930,13:10:26,$ 3226.985,100
2931,13:10:25,$ 3226.56,169
2932,13:10:25,$ 3226.49,245
2933,13:10:25,$ 3226.43,100
2934,13:10:25,$ 3226.37,100
2935,13:10:25,$ 3226.37,100
2936,13:09:29,$ 3226.048,100
2937,13:09:29,$ 3226.04,100
2939,13:08:59,$ 3227.75,100
2940,13:08:37,$ 3227.00,100
2941,13:08:20,$ 3226.79,100
2942,13:06:45,$ 3226.50,100
2943,13:05:33,$ 3226.745,100
2944,13:05:00,$ 3226.62,100
2945,13:05:00,$ 3226.62,100
2946,13:04:53,$ 3227.1795,100
2947,13:03:21,$ 3227.805,100
2948,13:03:06,$ 3227.69,100
2949,13:03:03,$ 3228.58,100
2950,13:03:01,$ 3226.645,100
2951,13:03:01,$ 3228.35,100
2952,13:03:01,$ 3227.05,100
2953,13:03:01,$ 3226.84,100
2954,13:02:40,$ 3225.637,100
2955,13:02:31,$ 3225.8458,100
2956,13:01:49,$ 3225.845,100
2957,13:01:48,$ 3225.15,100
2958,13:00:48,$ 3224.47,100
2960,13:00:41,$ 3224.78,100
2961,13:00:23,$ 3226.73,100
2963,13:58:33,$ 3216.23,100
2964,13:57:13,$ 3215.80,100
2965,13:57:04,$ 3215.965,184
2966,13:57:01,$ 3216.40,100
2967,13:55:47,$ 3216.295,100
2968,13:54:23,$ 3217.1971,100
2969,13:53:47,$ 3216.71,100
2970,13:53:37,$ 3217.34,100
2971,13:53:24,$ 3217.42,100
2972,13:53:19,$ 3217.80,100
2973,13:52:07,$ 3215.7899,300
2974,13:52:04,$ 3215.00,"2,900"
2975,13:52:04,$ 3215.29,100
2976,13:51:36,$ 3215.33,100
2977,13:51:07,$ 3214.654,100
2978,13:51:02,$ 3214.60,300
2979,13:51:02,$ 3214.60,113
2980,13:51:02,$ 3214.60,100
2981,13:51:02,$ 3214.60,100
2982,13:51:02,$ 3214.60,100
2984,13:51:02,$ 3214.60,409
2985,13:51:02,$ 3214.60,100
2986,13:51:02,$ 3214.60,100
2987,13:51:02,$ 3214.60,100
2988,13:51:02,$ 3214.67,100
2989,13:51:02,$ 3214.68,100
2990,13:51:02,$ 3214.60,718
2991,13:51:02,$ 3214.60,100
2992,13:51:02,$ 3214.60,100
2993,13:51:02,$ 3214.60,100
2994,13:51:02,$ 3214.61,100
2995,13:51:02,$ 3214.62,100
2996,13:51:02,$ 3214.61,100
2997,13:50:43,$ 3214.60,128
2998,13:50:09,$ 3214.0378,300
2999,13:50:09,$ 3213.7305,200
3000,13:50:09,$ 3213.7338,200
3001,13:50:09,$ 3213.75,100
3002,13:49:30,$ 3213.00,100
3003,13:49:05,$ 3213.21,100
3005,13:49:04,$ 3213.31,100
3006,13:49:01,$ 3213.4985,100
3007,13:48:49,$ 3214.1418,160
3008,13:48:37,$ 3214.36,100
3009,13:48:36,$ 3213.34,100
3010,13:48:01,$ 3214.05,200
3011,13:47:49,$ 3215.42,100
3012,13:47:18,$ 3214.24,100
3013,13:47:13,$ 3215.26,100
3014,13:46:19,$ 3216.00,200
3015,13:46:15,$ 3216.92,100
3016,13:45:16,$ 3217.82,100
3017,13:45:13,$ 3217.00,118
3018,13:45:07,$ 3217.67,100
3019,13:45:04,$ 3217.65,100
3020,13:45:03,$ 3217.82,100
3021,13:45:03,$ 3217.82,100
3022,13:44:28,$ 3216.66,100
3023,13:44:28,$ 3216.64,100
3024,13:43:09,$ 3218.31,123
3026,13:43:06,$ 3217.12,100
3027,13:43:04,$ 3217.52,100
3028,13:43:04,$ 3217.52,100
3029,13:42:55,$ 3217.6441,500
3030,13:42:25,$ 3218.2985,124
3031,13:42:25,$ 3218.2985,316
3032,13:41:03,$ 3218.01,100
3033,13:40:30,$ 3218.65,100
3034,13:40:23,$ 3218.82,147
3035,13:40:23,$ 3218.00,100
3036,13:40:23,$ 3218.405,119
3037,13:40:14,$ 3219.00,200
3038,13:40:10,$ 3220.00,100
3039,13:39:45,$ 3219.62,100
3040,13:39:45,$ 3219.42,100
3041,13:39:45,$ 3219.49,100
3042,13:39:38,$ 3218.93,100
3043,13:39:38,$ 3218.84,100
3044,13:39:36,$ 3218.96,100
3045,13:39:26,$ 3218.51,100
3047,13:39:26,$ 3218.49,200
3048,13:39:26,$ 3218.61,100
3049,13:38:35,$ 3220.06,"1,000"
3050,13:38:27,$ 3220.055,"1,000"
3051,13:38:15,$ 3220.595,100
3052,13:37:24,$ 3219.915,"1,000"
3053,13:37:06,$ 3219.02,100
3054,13:37:04,$ 3219.161,241
3055,13:37:04,$ 3219.38,100
3056,13:35:45,$ 3218.51,100
3057,13:35:24,$ 3219.5001,155
3058,13:35:01,$ 3220.34,100
3059,13:33:37,$ 3220.27,100
3060,13:33:29,$ 3219.87,141
3061,13:32:54,$ 3220.40,100
3062,13:31:46,$ 3220.53,100
3063,13:31:40,$ 3220.85,100
3064,13:31:18,$ 3220.21,100
3065,13:31:18,$ 3220.21,100
3066,13:31:04,$ 3219.83,100
3068,13:30:59,$ 3219.74,100
3069,13:30:56,$ 3219.24,100
3070,13:30:53,$ 3218.6728,152
3071,13:30:52,$ 3218.51,500
3072,13:30:29,$ 3218.92,100
3073,13:30:29,$ 3219.00,100
3074,13:30:07,$ 3218.00,211
3075,13:30:05,$ 3218.12,100
3076,13:30:05,$ 3218.15,100
3077,13:30:05,$ 3218.16,100
3078,13:30:05,$ 3219.04,100
3079,13:30:01,$ 3219.39,400
3080,13:30:01,$ 3218.75,154
3081,13:30:01,$ 3218.805,100
3082,13:30:01,$ 3219.56,407
3084,14:29:46,$ 3215.12,100
3085,14:28:38,$ 3216.095,100
3086,14:28:33,$ 3216.21,100
3087,14:27:52,$ 3216.68,100
3088,14:26:50,$ 3216.07,100
3089,14:26:15,$ 3216.82,100
3090,14:26:08,$ 3217.40,100
3091,14:25:56,$ 3217.00,100
3092,14:25:55,$ 3216.745,347
3093,14:25:51,$ 3216.64,200
3094,14:25:49,$ 3216.635,113
3095,14:25:42,$ 3216.62,200
3096,14:25:30,$ 3216.615,100
3097,14:25:19,$ 3216.275,200
3098,14:25:06,$ 3216.185,106
3099,14:25:06,$ 3216.185,142
3100,14:25:06,$ 3216.185,106
3101,14:25:06,$ 3216.185,106
3102,14:25:04,$ 3216.22,100
3103,14:24:48,$ 3216.34,100
3105,14:24:48,$ 3215.81,100
3106,14:24:48,$ 3216.145,114
3107,14:24:48,$ 3216.145,100
3108,14:24:47,$ 3216.265,100
3109,14:24:41,$ 3216.26,100
3110,14:24:36,$ 3216.68,100
3111,14:24:36,$ 3216.41,100
3112,14:24:30,$ 3215.94,100
3113,14:24:21,$ 3215.94,100
3114,14:24:21,$ 3215.81,100
3115,14:24:11,$ 3215.60,100
3116,14:24:11,$ 3215.17,"1,000"
3117,14:24:11,$ 3215.10,100
3118,14:23:59,$ 3214.375,100
3119,14:23:56,$ 3214.405,100
3120,14:23:54,$ 3214.405,100
3121,14:23:53,$ 3214.405,100
3122,14:23:44,$ 3214.425,102
3123,14:23:42,$ 3214.78,100
3124,14:23:31,$ 3214.12,100
3126,14:23:22,$ 3214.14,100
3127,14:23:22,$ 3213.88,100
3128,14:23:22,$ 3213.96,100
3129,14:23:21,$ 3213.2657,698
3130,14:22:56,$ 3211.90,100
3131,14:22:56,$ 3212.00,100
3132,14:22:56,$ 3212.00,"1,642"
3133,14:22:55,$ 3211.72,102
3134,14:22:55,$ 3211.72,102
3135,14:22:55,$ 3211.72,200
3136,14:22:31,$ 3210.65,100
3137,14:22:28,$ 3210.70,100
3138,14:22:28,$ 3210.775,200
3139,14:22:28,$ 3210.31,100
3140,14:22:13,$ 3210.145,100
3141,14:22:12,$ 3210.145,111
3142,14:22:12,$ 3210.15,100
3143,14:22:10,$ 3210.28,100
3144,14:22:10,$ 3210.125,110
3145,14:22:10,$ 3210.125,200
3147,14:22:08,$ 3210.125,100
3148,14:22:04,$ 3209.9902,125
3149,14:21:55,$ 3210.45,111
3150,14:21:55,$ 3210.15,100
3151,14:21:55,$ 3210.15,100
3152,14:21:55,$ 3210.15,100
3153,14:21:50,$ 3210.19,200
3154,14:21:36,$ 3210.19,100
3155,14:21:30,$ 3210.02,100
3156,14:21:30,$ 3209.92,"1,091"
3157,14:21:30,$ 3209.92,100
3158,14:21:30,$ 3209.925,100
3159,14:20:23,$ 3210.26,154
3160,14:20:23,$ 3210.19,100
3161,14:20:11,$ 3210.09,115
3162,14:20:11,$ 3210.09,147
3163,14:20:11,$ 3209.71,100
3164,14:19:02,$ 3210.85,100
3165,14:19:02,$ 3210.85,100
3166,14:18:51,$ 3212.08,100
3168,14:18:51,$ 3212.18,300
3169,14:18:51,$ 3212.04,100
3170,14:18:51,$ 3212.72,100
3171,14:18:51,$ 3212.22,100
3172,14:18:51,$ 3212.15,100
3173,14:18:51,$ 3212.02,100
3174,14:18:51,$ 3212.01,100
3175,14:18:37,$ 3212.845,100
3176,14:18:37,$ 3212.40,100
3177,14:17:41,$ 3211.999,100
3178,14:17:36,$ 3211.91,100
3179,14:17:33,$ 3211.85,100
3180,14:17:24,$ 3211.675,100
3181,14:16:32,$ 3212.14,100
3182,14:16:32,$ 3212.09,100
3183,14:16:08,$ 3211.13,100
3184,14:15:58,$ 3210.53,100
3185,14:15:38,$ 3209.5401,500
3186,14:15:33,$ 3209.71,100
3187,14:15:33,$ 3210.00,949
3189,14:15:33,$ 3209.58,100
3190,14:15:29,$ 3208.63,100
3191,14:14:59,$ 3208.94,100
3192,14:14:59,$ 3208.92,100
3193,14:14:59,$ 3208.91,100
3194,14:14:42,$ 3209.375,100
3195,14:14:32,$ 3209.22,100
3196,14:14:22,$ 3209.14,100
3197,14:14:15,$ 3209.52,100
3198,14:14:12,$ 3209.13,100
3199,14:14:11,$ 3208.99,500
3200,14:14:11,$ 3209.23,100
3201,14:14:01,$ 3208.93,100
3202,14:14:01,$ 3208.00,100
3203,14:14:01,$ 3208.12,100
3204,14:14:01,$ 3209.11,100
3205,14:13:55,$ 3209.53,500
3206,14:13:49,$ 3209.9999,200
3207,14:13:42,$ 3209.61,100
3208,14:13:39,$ 3209.80,100
3210,14:13:38,$ 3210.00,100
3211,14:13:38,$ 3210.00,100
3212,14:13:37,$ 3210.41,100
3213,14:13:36,$ 3210.40,100
3214,14:13:35,$ 3210.39,100
3215,14:13:34,$ 3210.41,100
3216,14:13:33,$ 3210.59,100
3217,14:13:29,$ 3210.68,100
3218,14:13:12,$ 3211.365,200
3219,14:12:56,$ 3211.88,100
3220,14:11:38,$ 3211.54,100
3221,14:11:38,$ 3211.385,100
3222,14:11:30,$ 3211.00,150
3223,14:11:30,$ 3211.54,100
3224,14:11:29,$ 3211.59,100
3225,14:11:26,$ 3211.855,154
3226,14:11:24,$ 3211.80,100
3227,14:11:24,$ 3211.80,200
3228,14:11:21,$ 3212.15,100
3229,14:11:17,$ 3211.81,100
3231,14:11:17,$ 3211.815,100
3232,14:11:14,$ 3212.00,900
3233,14:11:14,$ 3212.00,100
3234,14:11:13,$ 3212.7899,100
3235,14:11:03,$ 3213.00,100
3236,14:11:03,$ 3213.00,100
3237,14:11:03,$ 3213.00,100
3238,14:11:03,$ 3213.00,107
3239,14:11:03,$ 3213.00,100
3240,14:10:56,$ 3213.00,100
3241,14:10:56,$ 3213.00,100
3242,14:10:55,$ 3213.00,116
3243,14:10:33,$ 3213.96,100
3244,14:10:31,$ 3213.96,100
3245,14:10:30,$ 3213.89,100
3246,14:10:29,$ 3213.98,100
3247,14:10:22,$ 3214.21,100
3248,14:10:21,$ 3214.71,100
3249,14:09:48,$ 3215.79,100
3250,14:09:48,$ 3215.77,100
3252,14:09:41,$ 3217.03,"1,045"
3253,14:09:11,$ 3217.04,100
3254,14:08:11,$ 3215.725,100
3255,14:07:49,$ 3215.375,100
3256,14:07:43,$ 3216.095,100
3257,14:07:43,$ 3216.03,100
3258,14:07:43,$ 3216.04,100
3259,14:07:43,$ 3216.26,100
3260,14:07:32,$ 3215.62,100
3261,14:07:32,$ 3215.63,100
3262,14:07:18,$ 3215.79,100
3263,14:07:01,$ 3215.97,100
3264,14:06:13,$ 3215.59,100
3265,14:06:11,$ 3215.30,100
3266,14:05:48,$ 3216.94,100
3267,14:05:29,$ 3216.98,100
3268,14:05:25,$ 3216.98,100
3269,14:05:17,$ 3217.16,100
3270,14:04:39,$ 3217.17,100
3271,14:03:51,$ 3217.14,100
3273,14:01:37,$ 3217.68,100
3274,14:01:10,$ 3217.12,100
3275,14:01:06,$ 3216.695,100
3276,14:00:02,$ 3216.17,780
3278,14:59:48,$ 3221.00,100
3279,14:59:38,$ 3221.3125,100
3280,14:59:38,$ 3221.375,100
3281,14:59:38,$ 3221.375,100
3282,14:59:38,$ 3221.28,100
3283,14:59:36,$ 3221.55,100
3284,14:59:30,$ 3221.60,100
3285,14:58:42,$ 3221.455,100
3286,14:58:23,$ 3220.85,100
3287,14:58:23,$ 3221.04,100
3288,14:58:23,$ 3221.04,100
3289,14:58:23,$ 3221.04,100
3290,14:58:23,$ 3221.02,100
3291,14:58:23,$ 3221.0362,300
3292,14:58:23,$ 3221.03,100
3293,14:58:23,$ 3220.94,100
3294,14:58:23,$ 3221.0365,100
3295,14:58:23,$ 3220.86,300
3296,14:57:47,$ 3221.44,100
3297,14:57:44,$ 3221.6325,100
3299,14:57:44,$ 3221.645,100
3300,14:57:44,$ 3221.44,100
3301,14:57:43,$ 3221.89,190
3302,14:57:34,$ 3221.54,100
3303,14:57:02,$ 3222.00,100
3304,14:57:02,$ 3221.99,100
3305,14:56:54,$ 3221.36,100
3306,14:56:51,$ 3220.95,100
3307,14:56:42,$ 3221.00,159
3308,14:56:36,$ 3220.38,100
3309,14:56:36,$ 3220.4975,200
3310,14:56:36,$ 3220.73,100
3311,14:56:29,$ 3220.28,100
3312,14:56:24,$ 3220.06,100
3313,14:56:24,$ 3220.00,100
3314,14:56:24,$ 3220.00,120
3315,14:56:19,$ 3219.54,100
3316,14:56:19,$ 3219.34,100
3317,14:56:19,$ 3219.34,100
3318,14:55:56,$ 3218.72,100
3320,14:55:56,$ 3218.73,100
3321,14:55:56,$ 3218.73,100
3322,14:55:56,$ 3218.73,100
3323,14:55:33,$ 3218.73,100
3324,14:55:33,$ 3218.73,100
3325,14:55:00,$ 3219.38,125
3326,14:55:00,$ 3219.37,100
3327,14:54:45,$ 3218.80,140
3328,14:54:27,$ 3218.16,100
3329,14:52:36,$ 3218.00,100
3330,14:52:36,$ 3217.92,100
3331,14:52:36,$ 3218.05,160
3332,14:52:36,$ 3218.02,100
3333,14:52:36,$ 3218.23,100
3334,14:52:12,$ 3217.80,100
3335,14:52:07,$ 3216.74,100
3336,14:51:55,$ 3216.86,200
3337,14:51:46,$ 3216.615,100
3338,14:51:41,$ 3216.62,100
3339,14:51:41,$ 3216.58,100
3341,14:51:41,$ 3216.68,100
3342,14:51:40,$ 3216.5669,214
3343,14:51:36,$ 3217.53,100
3344,14:51:28,$ 3217.87,176
3345,14:51:04,$ 3217.865,100
3346,14:51:04,$ 3218.3899,100
3347,14:51:04,$ 3218.044,100
3348,14:50:57,$ 3218.15,100
3349,14:50:24,$ 3217.01,100
3350,14:49:42,$ 3219.28,100
3351,14:49:29,$ 3218.64,215
3352,14:48:43,$ 3218.30,100
3353,14:48:36,$ 3218.27,102
3354,14:47:22,$ 3215.86,100
3355,14:47:22,$ 3215.825,100
3356,14:47:22,$ 3216.02,100
3357,14:46:56,$ 3215.86,100
3358,14:45:52,$ 3215.60,100
3359,14:45:52,$ 3215.55,100
3360,14:45:43,$ 3216.01,100
3362,14:45:32,$ 3216.341,250
3363,14:45:07,$ 3215.89,100
3364,14:44:22,$ 3215.20,100
3365,14:42:30,$ 3215.63,100
3366,14:42:21,$ 3215.22,100
3367,14:42:08,$ 3216.24,100
3368,14:41:37,$ 3217.195,100
3369,14:41:37,$ 3217.1651,100
3370,14:41:05,$ 3216.23,100
3371,14:40:24,$ 3215.45,100
3372,14:40:24,$ 3215.45,100
3373,14:40:22,$ 3215.78,100
3374,14:39:15,$ 3216.75,100
3375,14:39:05,$ 3216.39,100
3376,14:38:37,$ 3215.6739,102
3377,14:37:49,$ 3215.27,100
3378,14:37:32,$ 3216.21,100
3379,14:37:29,$ 3216.50,100
3380,14:36:57,$ 3216.66,100
3381,14:36:11,$ 3217.575,200
3383,14:36:11,$ 3217.58,100
3384,14:36:11,$ 3217.605,100
3385,14:36:11,$ 3217.54,100
3386,14:36:01,$ 3216.63,100
3387,14:35:41,$ 3215.94,100
3388,14:35:41,$ 3215.94,100
3389,14:35:41,$ 3215.94,200
3390,14:35:02,$ 3215.37,100
3391,14:34:36,$ 3216.17,100
3392,14:34:17,$ 3216.23,100
3393,14:33:46,$ 3216.34,100
3394,14:33:43,$ 3216.22,124
3395,14:32:59,$ 3216.36,100
3396,14:32:58,$ 3216.3196,218
3397,14:32:53,$ 3216.00,100
3398,14:32:53,$ 3216.00,100
3399,14:32:42,$ 3216.0658,100
3400,14:32:33,$ 3215.24,100
3401,14:32:33,$ 3215.24,100
3402,14:32:33,$ 3215.045,100
3404,14:32:33,$ 3214.82,100
3405,14:32:24,$ 3214.39,100
3406,14:32:03,$ 3214.38,134
3407,14:31:57,$ 3215.46,100
3408,14:31:51,$ 3215.80,100
3409,14:31:47,$ 3216.61,100
3410,14:31:44,$ 3216.64,100
3411,14:31:44,$ 3216.55,100
3412,14:31:33,$ 3216.8454,100
3413,14:31:30,$ 3216.9299,200
3414,14:31:30,$ 3216.9299,100
3415,14:31:28,$ 3216.605,100
3416,14:31:27,$ 3216.94,100
3417,14:31:27,$ 3216.78,100
3418,14:31:17,$ 3216.75,100
3419,14:31:03,$ 3215.3505,100
3420,14:31:02,$ 3215.485,100
3421,14:30:47,$ 3215.63,100
3422,14:30:47,$ 3215.63,195
3423,14:30:47,$ 3215.63,100
3425,14:30:37,$ 3215.63,108
3426,14:30:37,$ 3215.62,100
3427,14:30:37,$ 3215.64,100
3428,14:30:28,$ 3216.025,100
3429,14:30:03,$ 3215.13,100
3430,14:30:03,$ 3215.30,100
3432,15:29:45,$ 3217.83,100
3433,15:29:45,$ 3217.83,100
3434,15:29:45,$ 3217.83,100
3435,15:29:39,$ 3217.80,100
3436,15:29:37,$ 3217.10,100
3437,15:29:31,$ 3217.56,100
3438,15:29:31,$ 3217.48,100
3439,15:29:29,$ 3217.32,100
3440,15:29:27,$ 3217.00,100
3441,15:29:22,$ 3217.3199,200
3442,15:29:01,$ 3217.46,100
3443,15:29:01,$ 3217.46,100
3444,15:28:59,$ 3217.18,100
3445,15:28:56,$ 3217.38,100
3446,15:28:38,$ 3217.76,152
3447,15:28:37,$ 3217.53,100
3448,15:28:37,$ 3217.53,100
3449,15:28:37,$ 3217.65,100
3450,15:28:35,$ 3217.755,100
3451,15:28:20,$ 3218.33,100
3453,15:28:16,$ 3218.365,100
3454,15:28:16,$ 3218.33,100
3455,15:28:10,$ 3218.85,100
3456,15:28:04,$ 3218.75,100
3457,15:28:02,$ 3219.095,100
3458,15:28:02,$ 3218.515,100
3459,15:27:26,$ 3218.28,106
3460,15:27:26,$ 3218.28,118
3461,15:26:52,$ 3218.37,219
3462,15:26:29,$ 3219.06,100
3463,15:26:23,$ 3219.15,100
3464,15:26:23,$ 3219.15,100
3465,15:26:23,$ 3219.20,100
3466,15:26:22,$ 3219.26,100
3467,15:26:16,$ 3219.16,100
3468,15:26:09,$ 3219.05,100
3469,15:25:54,$ 3219.49,100
3470,15:25:46,$ 3219.475,100
3471,15:25:44,$ 3219.46,100
3472,15:25:41,$ 3219.39,100
3474,15:25:41,$ 3219.42,100
3475,15:25:31,$ 3219.21,100
3476,15:25:23,$ 3219.23,100
3477,15:24:53,$ 3219.6625,100
3478,15:24:36,$ 3220.25,474
3479,15:24:36,$ 3220.26,100
3480,15:24:25,$ 3220.3962,100
3481,15:24:24,$ 3220.41,100
3482,15:24:24,$ 3220.57,100
3483,15:24:18,$ 3220.93,100
3484,15:24:18,$ 3220.92,100
3485,15:24:18,$ 3220.91,100
3486,15:24:07,$ 3220.22,100
3487,15:24:07,$ 3220.12,100
3488,15:24:03,$ 3219.87,100
3489,15:23:58,$ 3219.30,100
3490,15:23:51,$ 3219.57,100
3491,15:23:46,$ 3219.31,100
3492,15:23:21,$ 3219.22,100
3493,15:22:59,$ 3218.55,135
3495,15:22:55,$ 3218.81,100
3496,15:22:32,$ 3218.4301,"1,000"
3497,15:22:31,$ 3218.80,100
3498,15:22:31,$ 3218.85,100
3499,15:22:18,$ 3218.97,100
3500,15:22:05,$ 3217.81,100
3501,15:22:05,$ 3217.84,100
3502,15:22:05,$ 3217.435,100
3503,15:22:05,$ 3217.70,100
3504,15:21:55,$ 3216.84,100
3505,15:21:55,$ 3216.85,100
3506,15:21:55,$ 3216.84,100
3507,15:21:55,$ 3216.85,100
3508,15:21:55,$ 3216.84,100
3509,15:21:54,$ 3216.84,100
3510,15:21:54,$ 3216.85,100
3511,15:21:24,$ 3217.7625,400
3512,15:20:43,$ 3216.35,100
3513,15:20:42,$ 3216.585,100
3514,15:20:32,$ 3216.4801,100
3516,15:20:27,$ 3216.71,100
3517,15:20:21,$ 3217.63,100
3518,15:20:20,$ 3217.68,100
3519,15:20:09,$ 3217.97,168
3520,15:19:50,$ 3218.22,100
3521,15:18:49,$ 3218.81,200
3522,15:18:49,$ 3218.725,110
3523,15:18:49,$ 3218.725,110
3524,15:18:49,$ 3218.74,141
3525,15:18:49,$ 3218.74,346
3526,15:18:49,$ 3218.74,100
3527,15:18:25,$ 3219.0199,125
3528,15:18:19,$ 3218.30,100
3529,15:18:19,$ 3218.51,100
3530,15:17:57,$ 3218.5777,100
3531,15:17:57,$ 3218.76,100
3532,15:17:57,$ 3218.76,100
3533,15:17:57,$ 3218.76,114
3534,15:17:57,$ 3218.76,100
3535,15:17:57,$ 3218.76,100
3537,15:17:54,$ 3218.76,100
3538,15:17:53,$ 3218.87,100
3539,15:17:53,$ 3218.87,500
3540,15:17:38,$ 3218.87,106
3541,15:17:36,$ 3218.835,100
3542,15:17:34,$ 3218.72,100
3543,15:17:34,$ 3218.72,100
3544,15:17:30,$ 3219.05,100
3545,15:17:27,$ 3219.265,100
3546,15:17:27,$ 3219.51,410
3547,15:16:22,$ 3219.01,100
3548,15:16:19,$ 3219.14,100
3549,15:16:05,$ 3219.46,100
3550,15:15:56,$ 3219.68,100
3551,15:15:56,$ 3219.63,100
3552,15:15:46,$ 3219.985,100
3553,15:15:42,$ 3219.807,100
3554,15:15:27,$ 3220.16,100
3555,15:15:27,$ 3220.16,100
3556,15:15:27,$ 3220.165,100
3558,15:15:23,$ 3220.305,100
3559,15:15:22,$ 3220.12,100
3560,15:15:05,$ 3220.12,100
3561,15:14:21,$ 3220.9125,140
3562,15:14:19,$ 3220.16,100
3563,15:14:03,$ 3221.365,100
3564,15:14:03,$ 3221.06,115
3565,15:12:35,$ 3221.00,900
3566,15:10:13,$ 3219.525,100
3567,15:09:56,$ 3218.9057,250
3568,15:09:45,$ 3218.31,100
3569,15:09:45,$ 3218.68,100
3570,15:09:25,$ 3218.7725,100
3571,15:09:12,$ 3218.94,100
3572,15:08:57,$ 3218.10,100
3573,15:08:52,$ 3218.305,100
3574,15:08:24,$ 3218.14,100
3575,15:08:24,$ 3218.34,100
3576,15:08:17,$ 3218.12,100
3577,15:08:17,$ 3218.16,100
3579,15:07:13,$ 3219.26,100
3580,15:07:12,$ 3219.28,100
3581,15:07:11,$ 3219.58,100
3582,15:07:10,$ 3219.53,100
3583,15:07:10,$ 3219.55,100
3584,15:07:06,$ 3219.31,100
3585,15:06:58,$ 3219.97,100
3586,15:06:58,$ 3220.71,100
3587,15:06:53,$ 3220.02,100
3588,15:06:53,$ 3219.93,100
3589,15:06:53,$ 3220.04,100
3590,15:06:35,$ 3220.05,100
3591,15:06:08,$ 3219.76,100
3592,15:05:41,$ 3219.3701,300
3593,15:05:41,$ 3219.3701,100
3594,15:05:28,$ 3219.93,100
3595,15:05:03,$ 3219.86,100
3596,15:04:29,$ 3218.855,100
3597,15:04:24,$ 3219.02,100
3598,15:04:24,$ 3218.865,100
3600,15:04:13,$ 3219.415,100
3601,15:03:55,$ 3219.205,135
3602,15:03:04,$ 3219.21,100
3603,15:02:20,$ 3219.89,100
3604,15:02:03,$ 3218.60,100
3605,15:02:03,$ 3218.60,100
3606,15:01:32,$ 3221.235,100
3607,15:01:20,$ 3222.28,100
3608,15:01:03,$ 3222.37,108
3609,15:01:03,$ 3222.39,100
3610,15:01:03,$ 3222.39,100
3611,15:01:03,$ 3222.37,170
3612,15:01:02,$ 3222.00,144
3613,15:00:45,$ 3221.0901,126
3614,15:00:24,$ 3220.96,100
3615,15:00:18,$ 3220.88,300
3616,15:00:15,$ 3220.875,100
3617,15:00:03,$ 3220.785,100
3619,15:59:59,$ 3234.92,124
3620,15:59:59,$ 3234.92,100
3621,15:59:59,$ 3234.92,167
3622,15:59:59,$ 3234.92,100
3623,15:59:59,$ 3233.99,453
3624,15:59:58,$ 3234.95,100
3625,15:59:57,$ 3234.98,103
3626,15:59:57,$ 3234.98,101
3627,15:59:56,$ 3234.50,300
3628,15:59:54,$ 3234.99,100
3629,15:59:54,$ 3235.00,111
3630,15:59:54,$ 3235.00,100
3631,15:59:53,$ 3235.00,100
3632,15:59:51,$ 3234.86,100
3633,15:59:42,$ 3234.27,100
3634,15:59:41,$ 3234.0401,256
3635,15:59:40,$ 3234.08,180
3636,15:59:39,$ 3234.03,100
3637,15:59:39,$ 3234.04,170
3638,15:59:36,$ 3234.06,100
3640,15:59:35,$ 3234.09,170
3641,15:59:35,$ 3234.30,100
3642,15:59:34,$ 3233.82,125
3643,15:59:34,$ 3234.33,100
3644,15:59:34,$ 3233.79,150
3645,15:59:30,$ 3234.115,118
3646,15:59:29,$ 3233.95,100
3647,15:59:27,$ 3233.53,128
3648,15:59:26,$ 3233.54,100
3649,15:59:26,$ 3233.54,100
3650,15:59:26,$ 3233.54,100
3651,15:59:26,$ 3233.45,100
3652,15:59:25,$ 3233.61,100
3653,15:59:20,$ 3233.18,100
3654,15:59:18,$ 3232.96,100
3655,15:59:18,$ 3232.93,100
3656,15:59:16,$ 3233.38,100
3657,15:59:16,$ 3233.56,100
3658,15:59:16,$ 3233.56,100
3659,15:59:16,$ 3233.56,100
3661,15:59:14,$ 3233.9899,100
3662,15:59:08,$ 3233.97,100
3663,15:59:07,$ 3233.43,100
3664,15:59:06,$ 3233.43,100
3665,15:59:03,$ 3233.81,100
3666,15:59:02,$ 3233.85,100
3667,15:59:01,$ 3234.00,100
3668,15:58:58,$ 3233.69,100
3669,15:58:56,$ 3233.685,100
3670,15:58:55,$ 3233.97,100
3671,15:58:54,$ 3233.97,100
3672,15:58:53,$ 3233.635,100
3673,15:58:53,$ 3234.00,250
3674,15:58:51,$ 3233.70,100
3675,15:58:51,$ 3233.68,100
3676,15:58:50,$ 3233.65,100
3677,15:58:50,$ 3233.89,100
3678,15:58:49,$ 3233.41,100
3679,15:58:49,$ 3233.41,100
3680,15:58:48,$ 3233.525,100
3682,15:58:48,$ 3233.15,100
3683,15:58:48,$ 3233.35,100
3684,15:58:47,$ 3233.03,100
3685,15:58:41,$ 3232.95,100
3686,15:58:37,$ 3232.95,100
3687,15:58:30,$ 3232.98,100
3688,15:58:29,$ 3232.755,300
3689,15:58:25,$ 3232.76,100
3690,15:58:25,$ 3232.83,100
3691,15:58:15,$ 3232.59,100
3692,15:58:14,$ 3232.36,100
3693,15:58:12,$ 3232.82,100
3694,15:58:11,$ 3232.33,100
3695,15:58:10,$ 3232.24,100
3696,15:58:04,$ 3232.0774,266
3697,15:58:04,$ 3231.93,100
3698,15:58:04,$ 3232.44,100
3699,15:58:00,$ 3231.79,225
3700,15:58:00,$ 3232.22,100
3701,15:57:59,$ 3232.24,150
3703,15:57:59,$ 3232.08,100
3704,15:57:59,$ 3232.00,100
3705,15:57:57,$ 3232.36,100
3706,15:57:54,$ 3231.57,100
3707,15:57:51,$ 3231.78,100
3708,15:57:45,$ 3231.08,500
3709,15:57:44,$ 3231.97,100
3710,15:57:44,$ 3231.425,100
3711,15:57:39,$ 3231.27,100
3712,15:57:39,$ 3231.39,100
3713,15:57:39,$ 3231.54,100
3714,15:57:39,$ 3231.54,100
3715,15:57:39,$ 3231.27,100
3716,15:57:30,$ 3231.17,100
3717,15:57:22,$ 3231.385,100
3718,15:57:19,$ 3230.93,100
3719,15:57:13,$ 3231.54,100
3720,15:57:09,$ 3231.83,100
3721,15:57:09,$ 3232.01,100
3722,15:57:04,$ 3232.03,100
3724,15:57:00,$ 3231.84,100
3725,15:56:57,$ 3231.92,100
3726,15:56:50,$ 3232.31,100
3727,15:56:43,$ 3232.17,100
3728,15:56:43,$ 3232.29,100
3729,15:56:43,$ 3232.41,100
3730,15:56:43,$ 3232.42,100
3731,15:56:43,$ 3232.41,100
3732,15:56:43,$ 3232.41,100
3733,15:56:35,$ 3232.36,100
3734,15:56:34,$ 3232.39,100
3735,15:56:34,$ 3232.42,100
3736,15:56:28,$ 3231.86,100
3737,15:56:25,$ 3231.85,100
3738,15:56:23,$ 3232.07,100
3739,15:56:18,$ 3232.29,100
3740,15:56:17,$ 3232.17,100
3741,15:56:15,$ 3232.50,100
3742,15:56:15,$ 3232.32,100
3743,15:56:09,$ 3232.61,100
3745,15:56:08,$ 3232.46,200
3746,15:56:08,$ 3232.484,100
3747,15:56:08,$ 3232.47,100
3748,15:56:08,$ 3232.32,100
3749,15:56:08,$ 3232.2899,100
3750,15:56:08,$ 3232.29,100
3751,15:56:06,$ 3232.00,111
3752,15:56:03,$ 3231.25,100
3753,15:56:02,$ 3230.95,100
3754,15:56:02,$ 3230.82,100
3755,15:55:59,$ 3231.10,100
3756,15:55:55,$ 3231.15,100
3757,15:55:51,$ 3230.87,100
3758,15:55:42,$ 3230.93,100
3759,15:55:35,$ 3230.88,100
3760,15:55:34,$ 3230.41,100
3761,15:55:31,$ 3230.615,100
3762,15:55:24,$ 3230.52,100
3763,15:55:24,$ 3231.16,100
3764,15:55:21,$ 3230.765,100
3766,15:55:14,$ 3230.90,100
3767,15:55:12,$ 3230.6179,100
3768,15:55:12,$ 3230.55,"1,000"
3769,15:55:10,$ 3230.47,100
3770,15:55:03,$ 3230.90,100
3771,15:54:51,$ 3230.585,100
3772,15:54:51,$ 3230.60,100
3773,15:54:51,$ 3230.63,100
3774,15:54:49,$ 3229.90,100
3775,15:54:48,$ 3230.0033,100
3776,15:54:44,$ 3230.15,145
3777,15:54:44,$ 3229.965,100
3778,15:54:38,$ 3229.79,100
3779,15:54:36,$ 3230.00,416
3780,15:54:23,$ 3230.17,100
3781,15:54:21,$ 3230.205,"1,000"
3782,15:54:20,$ 3230.03,100
3783,15:54:00,$ 3230.30,100
3784,15:53:58,$ 3230.245,100
3785,15:53:58,$ 3229.985,100
3787,15:53:51,$ 3229.975,100
3788,15:53:50,$ 3230.115,100
3789,15:53:50,$ 3230.3628,309
3790,15:53:50,$ 3230.3628,112
3791,15:53:50,$ 3230.647,115
3792,15:53:50,$ 3230.65,100
3793,15:53:50,$ 3230.15,100
3794,15:53:48,$ 3230.57,100
3795,15:53:48,$ 3230.13,100
3796,15:53:48,$ 3230.45,100
3797,15:53:48,$ 3230.00,151
3798,15:53:48,$ 3230.00,151
3799,15:53:48,$ 3230.00,151
3800,15:53:48,$ 3230.00,154
3801,15:53:48,$ 3230.00,242
3802,15:53:46,$ 3230.00,100
3803,15:53:46,$ 3230.00,100
3804,15:53:46,$ 3230.00,100
3805,15:53:42,$ 3229.95,100
3806,15:53:41,$ 3229.095,100
3808,15:53:40,$ 3230.00,100
3809,15:53:40,$ 3228.86,100
3810,15:53:35,$ 3229.50,100
3811,15:53:34,$ 3229.495,100
3812,15:53:34,$ 3229.425,100
3813,15:53:27,$ 3229.21,100
3814,15:53:27,$ 3229.775,100
3815,15:53:27,$ 3229.57,100
3816,15:53:27,$ 3229.57,100
3817,15:53:16,$ 3229.78,101
3818,15:53:16,$ 3229.77,200
3819,15:53:11,$ 3228.675,100
3820,15:53:03,$ 3228.89,100
3821,15:52:48,$ 3228.74,100
3822,15:52:48,$ 3228.57,100
3823,15:52:45,$ 3228.83,100
3824,15:52:34,$ 3228.03,300
3825,15:52:34,$ 3228.07,100
3826,15:52:29,$ 3227.285,100
3827,15:52:21,$ 3226.69,200
3829,15:52:13,$ 3226.6799,100
3830,15:52:12,$ 3226.34,100
3831,15:52:12,$ 3226.64,100
3832,15:52:12,$ 3226.58,100
3833,15:52:02,$ 3227.305,100
3834,15:51:57,$ 3228.195,100
3835,15:51:49,$ 3228.13,130
3836,15:51:42,$ 3227.70,100
3837,15:51:40,$ 3228.00,100
3838,15:51:35,$ 3228.245,100
3839,15:51:30,$ 3228.985,100
3840,15:51:19,$ 3229.21,100
3841,15:51:14,$ 3229.37,100
3842,15:51:10,$ 3229.46,104
