,NLS Time (ET),NLS Price,NLS Share Volume
1,09:59:51,$ 3187.825,100
2,09:59:51,$ 3187.825,100
3,09:59:49,$ 3185.0401,250
4,09:59:48,$ 3188.16,100
5,09:59:48,$ 3188.16,100
6,09:59:46,$ 3187.76,100
7,09:59:38,$ 3188.01,100
8,09:59:35,$ 3188.03,100
9,09:59:34,$ 3188.835,100
10,09:59:34,$ 3189.15,100
11,09:59:34,$ 3189.15,100
12,09:59:33,$ 3189.15,100
13,09:59:32,$ 3190.47,100
14,09:59:31,$ 3189.815,100
15,09:59:30,$ 3189.182,100
16,09:59:30,$ 3189.815,100
17,09:59:29,$ 3189.69,"1,000"
18,09:59:26,$ 3190.475,100
19,09:59:24,$ 3190.00,100
20,09:59:22,$ 3189.7415,100
22,09:59:22,$ 3189.71,100
23,09:59:22,$ 3189.66,100
24,09:59:21,$ 3188.8049,100
25,09:59:19,$ 3188.77,100
26,09:59:16,$ 3188.00,100
27,09:59:05,$ 3187.37,300
28,09:59:05,$ 3187.37,100
29,09:59:05,$ 3187.35,100
30,09:59:04,$ 3185.60,100
31,09:59:02,$ 3186.94,100
32,09:59:00,$ 3186.33,100
33,09:58:55,$ 3186.2394,124
34,09:58:55,$ 3186.2394,249
35,09:58:55,$ 3186.2394,627
36,09:58:54,$ 3187.00,100
37,09:58:54,$ 3186.798,200
38,09:58:50,$ 3185.39,100
39,09:58:49,$ 3184.314,250
40,09:58:46,$ 3186.3099,300
41,09:58:45,$ 3185.44,100
43,09:58:40,$ 3187.1143,"1,000"
44,09:58:38,$ 3187.00,900
45,09:58:38,$ 3186.58,100
46,09:58:38,$ 3187.00,100
47,09:58:38,$ 3186.24,100
48,09:58:38,$ 3186.51,100
49,09:58:38,$ 3186.56,100
50,09:58:38,$ 3185.335,"1,000"
51,09:58:34,$ 3185.30,100
52,09:58:31,$ 3185.295,100
53,09:58:31,$ 3185.67,100
54,09:58:24,$ 3185.00,100
55,09:58:24,$ 3184.9021,200
56,09:58:20,$ 3184.62,200
57,09:58:20,$ 3182.564,193
58,09:58:19,$ 3185.605,100
59,09:58:19,$ 3184.07,100
60,09:58:16,$ 3185.19,100
61,09:58:15,$ 3186.8662,200
62,09:58:15,$ 3187.00,100
64,09:58:15,$ 3186.7664,313
65,09:58:13,$ 3184.97,100
66,09:58:13,$ 3185.00,100
67,09:58:12,$ 3184.92,100
68,09:58:06,$ 3183.09,100
69,09:58:06,$ 3182.98,100
70,09:58:05,$ 3182.615,200
71,09:58:05,$ 3182.615,100
72,09:57:57,$ 3183.16,100
73,09:57:53,$ 3183.15,100
74,09:57:52,$ 3184.3169,"1,000"
75,09:57:47,$ 3183.18,100
76,09:57:43,$ 3183.9864,125
77,09:57:43,$ 3182.00,100
78,09:57:43,$ 3182.00,100
79,09:57:43,$ 3184.54,100
80,09:57:43,$ 3182.00,100
81,09:57:43,$ 3183.355,100
82,09:57:41,$ 3183.64,100
83,09:57:41,$ 3182.65,100
85,09:57:38,$ 3183.54,100
86,09:57:37,$ 3184.59,100
87,09:57:35,$ 3184.195,200
88,09:57:32,$ 3185.49,100
89,09:57:32,$ 3185.43,100
90,09:57:32,$ 3184.49,100
91,09:57:27,$ 3184.3099,100
92,09:57:26,$ 3183.015,100
93,09:57:21,$ 3183.83,300
94,09:57:21,$ 3183.105,100
95,09:57:21,$ 3182.76,100
96,09:57:17,$ 3182.775,"1,000"
97,09:57:16,$ 3182.0941,"1,000"
98,09:57:13,$ 3181.8601,255
99,09:57:13,$ 3181.8601,100
100,09:57:04,$ 3181.76,200
101,09:57:04,$ 3181.05,100
102,09:56:54,$ 3178.9899,600
103,09:56:54,$ 3178.96,115
104,09:56:53,$ 3177.41,100
106,09:56:53,$ 3178.8169,361
107,09:56:53,$ 3177.33,100
108,09:56:53,$ 3177.38,100
109,09:56:53,$ 3177.38,100
110,09:56:53,$ 3177.39,100
111,09:56:52,$ 3176.26,170
112,09:56:50,$ 3176.275,100
113,09:56:44,$ 3176.51,100
114,09:56:44,$ 3176.44,100
115,09:56:44,$ 3176.51,100
116,09:56:44,$ 3176.52,100
117,09:56:44,$ 3177.375,100
118,09:56:44,$ 3176.64,100
119,09:56:18,$ 3177.49,100
120,09:56:08,$ 3173.01,183
121,09:56:07,$ 3176.53,100
122,09:56:07,$ 3176.54,100
123,09:56:04,$ 3174.255,100
124,09:56:03,$ 3174.655,100
125,09:56:01,$ 3175.32,100
127,09:56:00,$ 3174.45,500
128,09:55:58,$ 3174.80,100
129,09:55:57,$ 3174.80,100
130,09:55:57,$ 3173.6677,100
131,09:55:53,$ 3173.18,100
132,09:55:53,$ 3174.80,100
133,09:55:53,$ 3174.80,100
134,09:55:53,$ 3174.80,100
135,09:55:52,$ 3174.80,150
136,09:55:52,$ 3173.0995,150
137,09:55:46,$ 3175.1088,184
138,09:55:42,$ 3175.00,300
139,09:55:37,$ 3177.53,100
140,09:55:37,$ 3177.52,100
141,09:55:36,$ 3178.83,100
142,09:55:31,$ 3178.77,100
143,09:55:31,$ 3178.15,100
144,09:55:31,$ 3178.32,300
145,09:55:31,$ 3179.41,100
146,09:55:29,$ 3180.065,117
148,09:55:27,$ 3179.00,200
149,09:55:27,$ 3179.08,100
150,09:55:25,$ 3179.07,100
151,09:55:22,$ 3180.03,100
152,09:55:16,$ 3181.20,100
153,09:55:15,$ 3181.23,100
154,09:55:15,$ 3181.00,100
155,09:55:13,$ 3179.00,100
156,09:55:13,$ 3179.20,100
157,09:55:13,$ 3180.53,100
158,09:55:13,$ 3180.37,100
159,09:55:13,$ 3180.61,100
160,09:55:13,$ 3180.715,100
161,09:55:13,$ 3180.235,100
162,09:55:13,$ 3180.715,100
163,09:55:13,$ 3179.49,100
164,09:55:13,$ 3180.455,459
165,09:55:10,$ 3182.455,100
166,09:55:10,$ 3182.19,100
167,09:55:10,$ 3181.185,100
169,09:55:10,$ 3182.46,100
170,09:55:04,$ 3181.84,100
171,09:55:00,$ 3182.86,100
172,09:54:59,$ 3182.935,100
173,09:54:59,$ 3182.935,100
174,09:54:57,$ 3183.42,100
175,09:54:57,$ 3183.32,100
176,09:54:57,$ 3183.9999,100
177,09:54:57,$ 3183.9999,100
178,09:54:57,$ 3183.9999,100
179,09:54:57,$ 3182.96,290
180,09:54:57,$ 3182.95,100
181,09:54:56,$ 3181.165,500
182,09:54:56,$ 3181.575,100
183,09:54:56,$ 3181.99,142
184,09:54:56,$ 3181.9999,100
185,09:54:55,$ 3181.999,100
186,09:54:54,$ 3180.73,100
187,09:54:54,$ 3179.94,100
188,09:54:53,$ 3180.32,100
190,09:54:53,$ 3180.54,100
191,09:54:53,$ 3180.40,100
192,09:54:51,$ 3180.60,100
193,09:54:50,$ 3180.7909,100
194,09:54:49,$ 3179.15,100
195,09:54:48,$ 3176.79,100
196,09:54:43,$ 3180.75,100
197,09:54:36,$ 3182.32,100
198,09:54:34,$ 3181.31,100
199,09:54:34,$ 3181.53,100
200,09:54:29,$ 3179.89,100
201,09:54:27,$ 3179.89,100
202,09:54:23,$ 3178.7732,200
203,09:54:22,$ 3179.84,100
204,09:54:21,$ 3179.545,"1,000"
205,09:54:20,$ 3178.71,100
206,09:54:20,$ 3178.77,100
207,09:54:17,$ 3181.10,100
208,09:54:14,$ 3184.0111,200
209,09:53:52,$ 3182.43,100
211,09:53:52,$ 3182.43,100
212,09:53:52,$ 3181.85,100
213,09:53:48,$ 3180.00,104
214,09:53:48,$ 3179.825,100
215,09:53:47,$ 3179.99,100
216,09:53:47,$ 3179.175,100
217,09:53:34,$ 3177.615,197
218,09:53:33,$ 3175.54,352
219,09:53:32,$ 3178.40,100
220,09:53:26,$ 3177.635,100
221,09:53:24,$ 3180.00,100
222,09:53:11,$ 3184.7562,200
223,09:53:07,$ 3184.32,"1,000"
224,09:53:07,$ 3185.13,100
225,09:53:05,$ 3186.275,"1,000"
226,09:53:01,$ 3187.2589,500
227,09:53:00,$ 3186.65,100
228,09:52:59,$ 3187.50,100
229,09:52:59,$ 3186.69,100
230,09:52:59,$ 3187.50,100
232,09:52:57,$ 3186.5525,100
233,09:52:54,$ 3185.78,100
234,09:52:51,$ 3182.94,100
235,09:52:49,$ 3183.00,200
236,09:52:46,$ 3182.69,100
237,09:52:46,$ 3182.69,200
238,09:52:46,$ 3182.64,200
239,09:52:44,$ 3180.7497,"1,000"
240,09:52:42,$ 3180.00,100
241,09:52:41,$ 3180.715,100
242,09:52:34,$ 3182.04,100
243,09:52:34,$ 3182.08,100
244,09:52:30,$ 3182.00,100
245,09:52:30,$ 3181.91,142
246,09:52:30,$ 3181.89,100
247,09:52:21,$ 3180.96,100
248,09:52:12,$ 3179.89,200
249,09:52:08,$ 3179.80,100
250,09:52:08,$ 3180.00,100
251,09:52:08,$ 3180.55,100
253,09:52:08,$ 3180.42,100
254,09:52:06,$ 3181.71,100
255,09:52:05,$ 3181.9999,150
256,09:51:59,$ 3182.5085,115
257,09:51:59,$ 3183.00,500
258,09:51:58,$ 3184.87,100
259,09:51:58,$ 3184.69,100
260,09:51:58,$ 3184.53,100
261,09:51:54,$ 3183.67,221
262,09:51:54,$ 3184.24,100
263,09:51:54,$ 3183.67,100
264,09:51:53,$ 3183.71,100
265,09:51:51,$ 3183.95,100
266,09:51:51,$ 3183.01,100
267,09:51:51,$ 3183.01,100
268,09:51:51,$ 3182.3383,115
269,09:51:50,$ 3183.95,100
270,09:51:49,$ 3182.60,200
271,09:51:48,$ 3182.465,100
272,09:51:48,$ 3182.36,198
274,09:51:48,$ 3182.35,100
275,09:51:47,$ 3182.70,100
276,09:51:47,$ 3182.36,100
277,09:51:46,$ 3182.27,100
278,09:51:46,$ 3182.36,100
279,09:51:46,$ 3182.30,100
280,09:51:46,$ 3182.29,100
281,09:51:46,$ 3181.295,100
282,09:51:44,$ 3181.68,100
283,09:51:44,$ 3181.725,100
284,09:51:44,$ 3181.01,100
285,09:51:43,$ 3180.59,100
286,09:51:40,$ 3178.12,100
287,09:51:39,$ 3178.145,200
288,09:51:38,$ 3176.79,300
289,09:51:35,$ 3177.46,100
290,09:51:34,$ 3174.94,323
291,09:51:32,$ 3179.00,100
292,09:51:32,$ 3179.00,100
293,09:51:32,$ 3178.99,200
295,09:51:32,$ 3179.00,100
296,09:51:32,$ 3179.00,100
297,09:51:32,$ 3178.99,100
298,09:51:32,$ 3179.00,100
299,09:51:32,$ 3178.94,100
300,09:51:31,$ 3177.71,100
301,09:51:29,$ 3176.25,100
302,09:51:28,$ 3175.49,100
303,09:51:27,$ 3175.00,100
304,09:51:26,$ 3176.50,100
305,09:51:26,$ 3176.00,274
306,09:51:21,$ 3176.2489,200
307,09:51:17,$ 3175.585,100
308,09:51:17,$ 3176.89,100
309,09:51:17,$ 3176.92,100
310,09:51:17,$ 3176.88,100
311,09:51:16,$ 3176.87,100
312,09:51:11,$ 3176.73,100
313,09:51:11,$ 3176.72,100
314,09:51:02,$ 3176.4753,300
316,09:51:32,$ 3179.00,100
317,09:51:32,$ 3179.00,100
318,09:51:32,$ 3178.99,100
319,09:51:32,$ 3179.00,100
320,09:51:32,$ 3178.94,100
321,09:51:31,$ 3177.71,100
322,09:51:29,$ 3176.25,100
323,09:51:28,$ 3175.49,100
324,09:51:27,$ 3175.00,100
325,09:51:26,$ 3176.50,100
326,09:51:26,$ 3176.00,274
327,09:51:21,$ 3176.2489,200
328,09:51:17,$ 3175.585,100
329,09:51:17,$ 3176.89,100
330,09:51:17,$ 3176.92,100
331,09:51:17,$ 3176.88,100
332,09:51:16,$ 3176.87,100
333,09:51:11,$ 3176.73,100
334,09:51:11,$ 3176.72,100
335,09:51:02,$ 3176.4753,300
337,09:50:13,$ 3173.65,100
338,09:50:11,$ 3171.945,100
339,09:50:06,$ 3171.935,100
340,09:50:06,$ 3171.39,100
341,09:50:06,$ 3170.72,100
342,09:50:06,$ 3170.69,243
343,09:50:04,$ 3170.56,100
344,09:50:04,$ 3170.60,162
345,09:50:04,$ 3169.94,100
346,09:50:02,$ 3169.31,100
347,09:50:02,$ 3169.31,100
348,09:50:02,$ 3169.26,100
349,09:50:02,$ 3170.42,100
350,09:50:02,$ 3170.38,100
351,09:50:02,$ 3169.25,100
352,09:50:02,$ 3169.31,100
353,09:50:02,$ 3168.22,100
354,09:50:01,$ 3167.02,100
355,09:50:01,$ 3166.95,100
356,09:49:56,$ 3165.92,100
358,09:49:56,$ 3166.39,100
359,09:49:54,$ 3166.185,100
360,09:49:53,$ 3166.08,100
361,09:49:53,$ 3166.07,100
362,09:49:51,$ 3165.2701,200
363,09:49:49,$ 3166.035,100
364,09:49:46,$ 3164.64,100
365,09:49:46,$ 3164.93,100
366,09:49:45,$ 3168.265,100
367,09:49:45,$ 3167.72,100
368,09:49:42,$ 3165.25,100
369,09:49:42,$ 3165.00,100
370,09:49:42,$ 3165.55,100
371,09:49:37,$ 3166.49,100
372,09:49:36,$ 3168.35,100
373,09:49:36,$ 3168.5809,110
374,09:49:36,$ 3169.00,100
375,09:49:36,$ 3169.00,100
376,09:49:36,$ 3168.35,100
377,09:49:32,$ 3171.68,200
379,09:49:23,$ 3171.69,100
380,09:49:16,$ 3172.99,100
381,09:49:13,$ 3171.6501,"1,000"
382,09:49:10,$ 3173.66,100
383,09:49:10,$ 3173.00,100
384,09:49:08,$ 3172.275,"1,000"
385,09:49:07,$ 3173.395,"1,000"
386,09:49:07,$ 3173.95,100
387,09:49:05,$ 3174.30,100
388,09:49:05,$ 3174.27,100
389,09:49:04,$ 3174.10,100
390,09:49:04,$ 3173.98,100
391,09:49:02,$ 3173.00,399
392,09:49:02,$ 3173.00,100
393,09:49:02,$ 3172.95,100
394,09:49:02,$ 3172.61,100
395,09:49:02,$ 3172.18,100
396,09:49:02,$ 3172.32,100
397,09:49:01,$ 3171.66,100
398,09:49:00,$ 3170.57,100
400,09:48:59,$ 3169.2438,"1,000"
401,09:48:59,$ 3170.48,"1,000"
402,09:48:59,$ 3170.2649,349
403,09:48:57,$ 3171.645,100
404,09:48:57,$ 3171.33,100
405,09:48:57,$ 3172.165,100
406,09:48:56,$ 3172.655,100
407,09:48:56,$ 3172.47,100
408,09:48:53,$ 3173.40,100
409,09:48:46,$ 3171.675,100
410,09:48:45,$ 3173.66,100
411,09:48:44,$ 3171.86,100
412,09:48:44,$ 3171.90,100
413,09:48:33,$ 3170.68,100
414,09:48:33,$ 3170.69,100
415,09:48:33,$ 3169.615,160
416,09:48:32,$ 3169.62,100
417,09:48:30,$ 3170.66,100
418,09:48:30,$ 3170.66,100
419,09:48:30,$ 3170.27,100
421,09:48:28,$ 3169.725,100
422,09:48:28,$ 3169.05,172
423,09:48:23,$ 3169.846,250
424,09:48:22,$ 3170.88,100
425,09:48:22,$ 3170.88,100
426,09:48:15,$ 3168.5875,100
427,09:48:14,$ 3168.5501,100
428,09:48:13,$ 3170.7218,100
429,09:48:10,$ 3170.37,100
430,09:48:05,$ 3170.24,100
431,09:48:05,$ 3170.24,100
432,09:48:05,$ 3170.16,100
433,09:48:05,$ 3170.24,100
434,09:48:05,$ 3170.19,100
435,09:48:05,$ 3170.19,100
436,09:48:05,$ 3170.24,100
437,09:48:05,$ 3170.19,100
438,09:48:05,$ 3169.15,100
439,09:48:05,$ 3169.24,100
440,09:48:05,$ 3168.37,100
442,09:48:04,$ 3170.0499,100
443,09:48:03,$ 3167.57,100
444,09:48:03,$ 3167.52,100
445,09:47:49,$ 3166.468,100
446,09:47:49,$ 3166.41,100
447,09:47:49,$ 3166.00,100
448,09:47:49,$ 3167.01,100
449,09:47:48,$ 3167.75,100
450,09:47:45,$ 3168.46,100
451,09:47:45,$ 3169.26,100
452,09:47:45,$ 3168.46,100
453,09:47:44,$ 3169.2969,"1,000"
454,09:47:43,$ 3170.285,"1,000"
455,09:47:43,$ 3170.285,100
456,09:47:29,$ 3171.88,100
457,09:47:26,$ 3171.075,100
458,09:47:23,$ 3172.13,100
459,09:47:22,$ 3171.98,400
460,09:47:22,$ 3171.98,320
461,09:47:22,$ 3171.94,100
463,09:47:18,$ 3169.72,100
464,09:47:17,$ 3169.97,100
465,09:47:09,$ 3169.20,100
466,09:47:08,$ 3170.99,100
467,09:47:08,$ 3170.94,100
468,09:47:08,$ 3170.85,100
469,09:47:08,$ 3170.67,100
470,09:47:08,$ 3170.805,100
471,09:47:04,$ 3168.74,100
472,09:47:04,$ 3168.76,100
473,09:47:02,$ 3168.99,100
474,09:47:02,$ 3169.00,100
475,09:47:02,$ 3168.96,100
476,09:46:57,$ 3167.64,100
477,09:46:56,$ 3170.16,112
478,09:46:56,$ 3170.16,203
479,09:46:56,$ 3169.19,100
480,09:46:56,$ 3169.12,100
481,09:46:56,$ 3169.44,100
482,09:46:56,$ 3169.02,100
484,09:52:55,$ 3243.82,590
485,09:52:55,$ 3243.82,100
486,09:52:55,$ 3243.82,100
487,09:52:55,$ 3243.82,100
488,09:52:54,$ 3244.27,100
489,09:52:53,$ 3243.45,100
490,09:52:53,$ 3244.019,100
491,09:52:50,$ 3244.365,"1,000"
492,09:52:48,$ 3244.365,"1,000"
493,09:52:47,$ 3243.60,100
494,09:52:47,$ 3243.50,100
495,09:52:44,$ 3243.7724,100
496,09:52:43,$ 3243.75,100
497,09:52:37,$ 3243.015,100
498,09:52:36,$ 3243.1708,100
499,09:52:34,$ 3244.0475,100
500,09:52:32,$ 3245.00,100
501,09:52:32,$ 3245.00,100
502,09:52:32,$ 3245.00,200
503,09:52:30,$ 3245.2846,100
505,09:46:35,$ 3170.058,100
506,09:46:35,$ 3170.728,100
507,09:46:35,$ 3170.664,100
508,09:46:35,$ 3170.72,100
509,09:46:33,$ 3171.93,100
510,09:46:33,$ 3170.73,100
511,09:46:31,$ 3170.08,100
512,09:46:27,$ 3170.97,100
513,09:46:27,$ 3170.73,100
514,09:46:27,$ 3169.825,127
515,09:46:27,$ 3171.11,100
516,09:46:27,$ 3171.31,100
517,09:46:23,$ 3171.99,100
518,09:46:23,$ 3170.94,100
519,09:46:22,$ 3169.9752,582
520,09:46:22,$ 3170.78,100
521,09:46:22,$ 3170.81,100
522,09:46:22,$ 3170.86,100
523,09:46:21,$ 3170.06,100
524,09:46:20,$ 3170.94,100
526,09:46:19,$ 3169.9493,100
527,09:46:18,$ 3168.995,200
528,09:46:16,$ 3170.77,100
529,09:46:15,$ 3170.07,100
530,09:46:12,$ 3169.89,100
531,09:46:12,$ 3169.81,100
532,09:46:12,$ 3169.74,100
533,09:46:12,$ 3168.96,100
534,09:46:10,$ 3166.03,100
535,09:46:06,$ 3166.5173,200
536,09:46:04,$ 3169.4292,147
537,09:46:01,$ 3168.44,300
538,09:46:00,$ 3169.00,100
539,09:46:00,$ 3169.935,100
540,09:45:59,$ 3168.90,100
541,09:45:59,$ 3170.12,100
542,09:45:59,$ 3170.10,100
543,09:45:58,$ 3170.13,100
544,09:45:57,$ 3171.055,100
545,09:45:57,$ 3170.30,100
547,09:45:57,$ 3170.22,100
548,09:45:56,$ 3170.13,100
549,09:45:56,$ 3170.48,100
550,09:45:55,$ 3171.00,100
551,09:45:48,$ 3171.00,100
552,09:45:47,$ 3170.12,100
553,09:45:47,$ 3170.2525,150
554,09:45:46,$ 3168.93,100
555,09:45:46,$ 3169.71,100
556,09:45:46,$ 3168.86,100
557,09:45:46,$ 3169.24,100
558,09:45:41,$ 3171.767,200
559,09:45:39,$ 3171.20,100
560,09:45:39,$ 3172.00,200
561,09:45:39,$ 3172.00,100
562,09:45:35,$ 3174.385,100
563,09:45:35,$ 3174.385,100
564,09:45:35,$ 3174.57,"1,000"
565,09:45:34,$ 3173.9996,"1,000"
566,09:45:34,$ 3176.285,100
568,09:45:34,$ 3175.08,100
569,09:45:33,$ 3175.14,100
570,09:45:30,$ 3177.41,100
571,09:45:25,$ 3177.20,100
572,09:45:25,$ 3177.625,100
573,09:45:25,$ 3177.62,700
574,09:45:25,$ 3177.63,100
575,09:45:21,$ 3177.705,"1,000"
576,09:45:21,$ 3179.0346,"1,000"
577,09:45:21,$ 3178.61,100
578,09:45:20,$ 3178.00,100
579,09:45:13,$ 3176.34,100
580,09:45:10,$ 3176.55,100
581,09:45:09,$ 3176.70,100
582,09:45:07,$ 3178.62,100
583,09:45:06,$ 3177.02,487
584,09:45:06,$ 3177.02,124
585,09:45:06,$ 3177.02,314
586,09:45:06,$ 3178.55,100
587,09:45:06,$ 3177.1331,"1,000"
589,09:45:04,$ 3177.075,"1,000"
590,09:45:04,$ 3179.02,300
591,09:45:04,$ 3179.14,200
592,09:45:04,$ 3178.875,100
593,09:45:04,$ 3179.01,100
594,09:45:04,$ 3178.97,100
595,09:45:04,$ 3179.115,100
596,09:45:04,$ 3178.715,100
597,09:45:00,$ 3176.52,100
598,09:45:00,$ 3176.52,200
599,09:45:00,$ 3177.37,100
600,09:44:59,$ 3178.97,100
601,09:44:55,$ 3180.11,100
602,09:44:54,$ 3180.89,200
603,09:44:54,$ 3180.435,100
604,09:44:54,$ 3180.405,100
605,09:44:54,$ 3180.41,100
606,09:44:54,$ 3179.605,100
607,09:44:54,$ 3179.51,100
608,09:44:54,$ 3179.23,100
610,09:44:54,$ 3179.34,100
611,09:44:54,$ 3178.22,100
612,09:44:53,$ 3180.88,100
613,09:44:52,$ 3180.24,100
614,09:44:52,$ 3180.24,100
615,09:44:52,$ 3179.99,100
616,09:44:52,$ 3180.24,100
617,09:44:52,$ 3180.00,120
618,09:44:52,$ 3180.00,100
619,09:44:52,$ 3180.00,150
620,09:44:52,$ 3179.92,100
621,09:44:52,$ 3179.98,100
622,09:44:52,$ 3179.92,100
623,09:44:51,$ 3177.28,314
624,09:44:51,$ 3178.98,100
625,09:44:51,$ 3179.48,100
626,09:44:51,$ 3178.68,100
627,09:44:51,$ 3178.73,100
628,09:44:51,$ 3179.18,100
629,09:44:51,$ 3179.23,100
631,09:44:50,$ 3178.6587,899
632,09:44:50,$ 3178.83,100
633,09:44:50,$ 3178.83,100
634,09:44:50,$ 3178.8799,"1,000"
635,09:44:49,$ 3177.7225,100
636,09:44:49,$ 3177.64,100
637,09:44:49,$ 3177.32,100
638,09:44:49,$ 3177.26,100
639,09:44:48,$ 3175.11,100
640,09:44:48,$ 3174.43,100
641,09:44:48,$ 3174.7104,284
642,09:44:47,$ 3177.96,100
643,09:44:47,$ 3177.88,100
644,09:44:46,$ 3177.85,100
645,09:44:38,$ 3176.50,115
646,09:44:37,$ 3176.2409,200
647,09:44:37,$ 3176.455,100
648,09:44:35,$ 3175.3904,250
649,09:44:29,$ 3177.42,100
650,09:44:29,$ 3175.7375,100
652,09:44:28,$ 3177.50,100
653,09:44:28,$ 3177.65,100
654,09:44:27,$ 3176.82,100
655,09:44:27,$ 3176.90,100
656,09:44:25,$ 3177.8758,100
657,09:44:24,$ 3179.34,150
658,09:44:24,$ 3179.15,100
659,09:44:24,$ 3179.11,100
660,09:44:23,$ 3176.31,750
661,09:44:22,$ 3177.9997,767
662,09:44:22,$ 3176.96,100
663,09:44:21,$ 3176.86,100
664,09:44:21,$ 3176.92,100
665,09:44:21,$ 3176.125,100
666,09:44:18,$ 3175.645,100
667,09:44:17,$ 3174.3762,100
668,09:44:17,$ 3175.585,100
669,09:44:16,$ 3175.35,100
670,09:44:16,$ 3174.30,100
671,09:44:16,$ 3174.30,100
673,09:44:16,$ 3175.58,100
674,09:44:16,$ 3174.30,100
675,09:44:16,$ 3174.42,100
676,09:44:16,$ 3174.53,100
677,09:44:16,$ 3174.60,100
678,09:44:16,$ 3175.08,100
679,09:44:16,$ 3174.53,100
680,09:44:15,$ 3174.76,100
681,09:44:12,$ 3173.4032,500
682,09:44:11,$ 3172.0001,100
683,09:44:10,$ 3174.16,100
684,09:44:07,$ 3175.81,100
685,09:44:07,$ 3176.25,100
686,09:44:05,$ 3178.52,100
687,09:43:58,$ 3178.495,100
688,09:43:58,$ 3178.35,100
689,09:43:55,$ 3178.395,100
690,09:43:55,$ 3178.84,100
691,09:43:52,$ 3177.25,100
692,09:43:50,$ 3178.145,100
694,09:43:45,$ 3178.24,100
695,09:43:43,$ 3177.6324,100
696,09:43:43,$ 3178.0144,126
697,09:43:43,$ 3179.43,100
698,09:43:43,$ 3179.81,100
699,09:43:41,$ 3179.17,100
700,09:43:41,$ 3179.17,200
701,09:43:37,$ 3179.875,100
702,09:43:35,$ 3180.38,100
703,09:43:34,$ 3180.88,100
704,09:43:33,$ 3179.515,"1,000"
705,09:43:32,$ 3179.4525,100
706,09:43:32,$ 3179.3683,124
707,09:43:32,$ 3179.52,100
708,09:43:32,$ 3179.02,100
709,09:43:32,$ 3179.37,100
710,09:43:32,$ 3179.784,100
711,09:43:32,$ 3180.005,100
712,09:43:31,$ 3179.3134,"1,000"
713,09:43:30,$ 3178.7498,200
715,09:43:22,$ 3180.48,100
716,09:43:19,$ 3178.68,100
717,09:43:15,$ 3178.00,110
718,09:43:12,$ 3177.87,100
719,09:43:12,$ 3178.00,351
720,09:43:12,$ 3177.99,100
721,09:43:10,$ 3177.95,100
722,09:43:10,$ 3178.00,100
723,09:43:04,$ 3175.5001,198
724,09:43:03,$ 3175.45,100
725,09:43:03,$ 3177.9745,100
726,09:43:02,$ 3176.05,100
727,09:43:01,$ 3176.94,100
728,09:43:00,$ 3176.48,100
729,09:43:00,$ 3176.835,100
730,09:42:59,$ 3175.235,100
731,09:42:59,$ 3176.68,100
732,09:42:58,$ 3176.74,100
733,09:42:58,$ 3176.695,100
734,09:42:58,$ 3176.41,100
736,09:42:58,$ 3176.16,100
737,09:42:58,$ 3175.34,200
738,09:42:58,$ 3175.98,241
739,09:42:58,$ 3175.60,100
740,09:42:58,$ 3176.54,100
741,09:42:58,$ 3174.41,100
742,09:42:58,$ 3175.43,100
743,09:42:56,$ 3177.00,100
744,09:42:53,$ 3177.23,100
745,09:42:51,$ 3176.48,100
746,09:42:51,$ 3175.96,100
747,09:42:51,$ 3177.03,100
748,09:42:51,$ 3176.49,100
749,09:42:46,$ 3175.0839,250
750,09:42:46,$ 3174.295,100
751,09:42:46,$ 3173.5303,500
752,09:42:46,$ 3174.295,100
753,09:42:44,$ 3174.854,200
754,09:42:44,$ 3174.295,100
755,09:42:41,$ 3175.23,100
757,09:42:41,$ 3176.91,100
758,09:42:41,$ 3177.21,100
759,09:42:37,$ 3177.46,300
760,09:42:37,$ 3177.31,100
761,09:42:36,$ 3177.4594,100
762,09:42:35,$ 3176.90,100
763,09:42:35,$ 3176.42,100
764,09:42:35,$ 3176.72,100
765,09:42:35,$ 3174.9948,100
766,09:42:35,$ 3176.22,100
767,09:42:35,$ 3176.41,100
768,09:42:35,$ 3176.38,100
769,09:42:35,$ 3176.37,100
770,09:42:35,$ 3176.37,100
771,09:42:35,$ 3176.40,100
772,09:42:34,$ 3176.99,100
773,09:42:34,$ 3176.97,100
774,09:42:34,$ 3176.99,100
775,09:42:34,$ 3176.94,100
776,09:42:34,$ 3176.44,100
778,09:42:34,$ 3176.65,100
779,09:42:34,$ 3176.99,100
780,09:42:32,$ 3173.47,100
781,09:42:31,$ 3173.54,100
782,09:42:31,$ 3174.00,100
783,09:42:30,$ 3172.0625,100
784,09:42:29,$ 3171.1501,100
785,09:42:29,$ 3172.86,100
786,09:42:28,$ 3171.30,100
787,09:42:28,$ 3171.31,100
788,09:42:28,$ 3171.80,100
789,09:42:28,$ 3171.865,100
790,09:42:25,$ 3172.42,100
791,09:42:25,$ 3172.41,100
792,09:42:23,$ 3171.52,100
793,09:42:23,$ 3172.43,100
794,09:42:23,$ 3172.38,100
795,09:42:22,$ 3171.78,100
796,09:42:22,$ 3171.79,100
797,09:42:22,$ 3171.095,100
799,09:42:22,$ 3171.095,200
800,09:42:22,$ 3169.1068,125
801,09:42:19,$ 3171.24,100
802,09:42:18,$ 3170.565,100
803,09:42:18,$ 3170.67,100
804,09:42:18,$ 3171.20,100
805,09:42:18,$ 3170.65,100
806,09:42:18,$ 3170.46,100
807,09:42:18,$ 3170.46,100
808,09:42:18,$ 3172.0125,100
809,09:42:17,$ 3172.65,100
810,09:42:17,$ 3171.4908,100
811,09:42:17,$ 3171.43,100
812,09:42:17,$ 3171.49,100
813,09:42:17,$ 3171.48,400
814,09:42:17,$ 3171.48,100
815,09:42:17,$ 3171.48,100
816,09:42:16,$ 3170.725,100
817,09:42:15,$ 3170.13,100
818,09:42:15,$ 3170.80,200
820,09:42:15,$ 3170.11,100
821,09:42:14,$ 3171.52,100
822,09:42:14,$ 3171.52,100
823,09:42:14,$ 3171.02,100
824,09:42:13,$ 3170.00,150
825,09:42:13,$ 3169.88,400
826,09:42:12,$ 3168.98,100
827,09:42:08,$ 3168.98,185
828,09:42:08,$ 3168.98,100
829,09:42:08,$ 3168.94,100
830,09:42:07,$ 3167.85,100
831,09:42:07,$ 3167.70,100
832,09:42:07,$ 3167.80,100
833,09:42:06,$ 3167.6811,587
834,09:42:06,$ 3167.00,100
835,09:42:04,$ 3166.69,100
836,09:42:01,$ 3164.92,100
837,09:42:01,$ 3164.30,100
838,09:42:00,$ 3163.50,100
839,09:42:00,$ 3164.745,290
841,09:42:00,$ 3163.5001,600
842,09:42:00,$ 3164.745,100
843,09:41:59,$ 3164.745,100
844,09:41:57,$ 3164.60,100
845,09:41:56,$ 3165.83,100
846,09:41:51,$ 3164.96,100
847,09:41:50,$ 3165.00,100
848,09:41:50,$ 3163.505,100
849,09:41:50,$ 3163.50,100
850,09:41:50,$ 3164.95,100
851,09:41:50,$ 3163.78,100
852,09:41:50,$ 3163.91,100
853,09:41:50,$ 3163.95,100
854,09:41:50,$ 3163.88,100
855,09:41:49,$ 3163.00,100
856,09:41:36,$ 3163.96,100
857,09:41:36,$ 3164.01,100
858,09:41:36,$ 3163.32,100
859,09:41:36,$ 3163.56,100
860,09:41:36,$ 3164.6932,100
862,09:41:31,$ 3162.90,100
863,09:41:28,$ 3162.53,100
864,09:41:28,$ 3163.00,200
865,09:41:24,$ 3165.00,125
866,09:41:24,$ 3163.275,100
867,09:41:24,$ 3163.275,100
868,09:41:17,$ 3162.80,100
869,09:41:15,$ 3160.01,100
870,09:41:15,$ 3160.46,100
871,09:41:15,$ 3160.00,100
872,09:41:12,$ 3162.6258,100
873,09:41:10,$ 3163.14,100
874,09:41:07,$ 3165.117,200
875,09:41:06,$ 3165.08,100
876,09:41:06,$ 3165.1525,100
877,09:41:06,$ 3164.4001,200
878,09:41:02,$ 3166.51,100
879,09:41:00,$ 3166.1418,112
880,09:41:00,$ 3166.61,100
881,09:41:00,$ 3166.65,100
883,09:40:59,$ 3166.37,100
884,09:40:59,$ 3166.44,100
885,09:40:58,$ 3165.93,100
886,09:40:57,$ 3164.795,100
887,09:40:56,$ 3164.80,100
888,09:40:56,$ 3164.93,100
889,09:40:54,$ 3165.17,166
890,09:40:53,$ 3165.64,100
891,09:40:53,$ 3164.98,100
892,09:40:47,$ 3163.99,100
893,09:40:47,$ 3164.4209,500
894,09:40:46,$ 3163.51,100
895,09:40:44,$ 3163.985,149
896,09:40:43,$ 3164.98,100
897,09:40:43,$ 3164.31,180
898,09:40:43,$ 3165.54,300
899,09:40:43,$ 3164.9675,100
900,09:40:42,$ 3164.34,100
901,09:40:40,$ 3164.0005,100
902,09:40:39,$ 3162.5301,450
904,09:40:39,$ 3164.265,100
905,09:40:39,$ 3164.82,100
906,09:40:39,$ 3164.88,100
907,09:40:39,$ 3163.575,100
908,09:40:38,$ 3163.56,800
909,09:40:38,$ 3163.56,100
910,09:40:38,$ 3163.56,100
911,09:40:26,$ 3162.00,100
912,09:40:24,$ 3163.11,100
913,09:40:24,$ 3162.2635,210
914,09:40:24,$ 3164.3633,200
915,09:40:18,$ 3162.4807,154
916,09:40:18,$ 3163.61,100
917,09:40:17,$ 3163.50,100
918,09:40:17,$ 3163.50,100
919,09:40:17,$ 3163.50,100
920,09:40:17,$ 3163.50,100
921,09:40:17,$ 3163.50,100
922,09:40:17,$ 3163.50,100
923,09:40:17,$ 3163.77,100
925,09:40:16,$ 3162.86,156
926,09:40:15,$ 3161.91,100
927,09:40:15,$ 3161.86,100
928,09:40:15,$ 3161.00,130
929,09:40:10,$ 3161.47,100
930,09:40:07,$ 3160.91,100
931,09:40:07,$ 3161.14,100
932,09:40:05,$ 3160.7288,100
933,09:40:04,$ 3161.50,100
934,09:40:03,$ 3161.39,100
935,09:40:02,$ 3161.8854,100
936,09:40:02,$ 3162.8399,200
937,09:40:00,$ 3161.26,100
938,09:40:00,$ 3160.99,100
939,09:40:00,$ 3160.99,100
940,09:40:00,$ 3160.00,100
941,09:39:56,$ 3163.155,100
942,09:39:55,$ 3164.9299,200
943,09:39:51,$ 3162.865,100
944,09:39:50,$ 3164.91,100
946,09:39:50,$ 3164.13,100
947,09:39:49,$ 3161.29,100
948,09:39:49,$ 3161.30,100
949,09:39:47,$ 3161.04,368
950,09:39:45,$ 3160.00,100
951,09:39:45,$ 3160.00,100
952,09:39:45,$ 3160.00,100
953,09:39:45,$ 3160.00,100
954,09:39:45,$ 3160.00,300
955,09:39:45,$ 3160.94,100
956,09:39:45,$ 3160.00,124
957,09:39:45,$ 3160.00,100
958,09:39:45,$ 3160.00,"1,697"
959,09:39:45,$ 3160.00,100
960,09:39:45,$ 3159.99,100
961,09:39:45,$ 3160.00,200
962,09:39:45,$ 3160.00,120
963,09:39:45,$ 3160.00,100
964,09:39:45,$ 3160.00,341
965,09:39:45,$ 3159.89,100
967,09:39:45,$ 3158.9984,100
968,09:39:45,$ 3158.51,100
969,09:39:44,$ 3158.28,100
970,09:39:44,$ 3158.765,100
971,09:39:44,$ 3158.765,100
972,09:39:40,$ 3157.615,100
973,09:39:39,$ 3157.76,100
974,09:39:39,$ 3157.703,100
975,09:39:39,$ 3158.00,100
976,09:39:36,$ 3157.55,200
977,09:39:33,$ 3157.67,100
978,09:39:32,$ 3158.28,102
979,09:39:31,$ 3157.9371,130
980,09:39:31,$ 3158.635,100
981,09:39:29,$ 3159.03,200
982,09:39:29,$ 3159.31,100
983,09:39:29,$ 3159.30,100
984,09:39:28,$ 3158.51,100
985,09:39:26,$ 3158.6128,300
986,09:39:21,$ 3158.7826,100
988,09:39:06,$ 3156.75,100
989,09:39:06,$ 3156.46,100
990,09:39:06,$ 3157.44,100
991,09:39:06,$ 3157.80,100
992,09:39:06,$ 3157.93,100
993,09:39:05,$ 3157.97,100
994,09:39:02,$ 3158.43,100
995,09:39:00,$ 3158.52,100
996,09:38:57,$ 3159.00,100
997,09:38:57,$ 3158.7327,100
998,09:38:55,$ 3157.18,100
999,09:38:51,$ 3157.085,100
1000,09:38:51,$ 3157.255,100
1001,09:38:51,$ 3158.43,100
1002,09:38:51,$ 3158.43,100
1003,09:38:48,$ 3157.085,100
1004,09:38:48,$ 3157.00,400
1005,09:38:46,$ 3155.83,100
1006,09:38:46,$ 3155.72,281
1007,09:38:40,$ 3156.0388,138
1009,09:38:38,$ 3155.7172,334
1010,09:38:36,$ 3155.73,100
1011,09:38:35,$ 3156.03,100
1012,09:38:35,$ 3155.56,100
1013,09:38:35,$ 3157.18,100
1014,09:38:35,$ 3157.28,100
1015,09:38:35,$ 3155.00,100
1016,09:38:35,$ 3155.56,100
1017,09:38:35,$ 3156.44,100
1018,09:38:35,$ 3156.20,100
1019,09:38:35,$ 3156.04,100
1020,09:38:35,$ 3157.28,100
1021,09:38:32,$ 3158.43,100
1022,09:38:31,$ 3157.46,100
1023,09:38:29,$ 3157.74,100
1024,09:38:28,$ 3157.06,100
1025,09:38:27,$ 3157.5585,200
1026,09:38:19,$ 3155.59,100
1027,09:38:19,$ 3156.85,100
1028,09:38:17,$ 3156.075,100
1030,09:38:17,$ 3156.04,100
1031,09:38:16,$ 3155.49,282
1032,09:38:16,$ 3154.225,100
1033,09:38:16,$ 3155.50,100
1034,09:38:15,$ 3151.475,125
1035,09:38:09,$ 3151.86,100
1036,09:38:09,$ 3151.86,212
1037,09:38:09,$ 3151.76,150
1038,09:38:06,$ 3152.50,100
1039,09:38:06,$ 3152.50,100
1040,09:38:06,$ 3152.50,100
1041,09:38:05,$ 3152.60,100
1042,09:38:05,$ 3152.22,100
1043,09:38:05,$ 3152.22,100
1044,09:38:04,$ 3152.00,100
1045,09:38:04,$ 3152.60,100
1046,09:38:02,$ 3151.96,100
1047,09:38:01,$ 3150.205,100
1048,09:38:01,$ 3150.205,100
1049,09:38:01,$ 3150.205,100
1051,09:38:01,$ 3149.86,100
1052,09:37:59,$ 3150.58,100
1053,09:37:59,$ 3151.05,100
1054,09:37:59,$ 3151.20,100
1055,09:37:57,$ 3152.95,100
1056,09:37:57,$ 3151.80,100
1057,09:37:57,$ 3149.97,100
1058,09:37:56,$ 3147.0809,115
1059,09:37:55,$ 3149.97,100
1060,09:37:51,$ 3148.40,100
1061,09:37:51,$ 3148.27,100
1062,09:37:51,$ 3148.43,100
1063,09:37:50,$ 3147.62,100
1064,09:37:50,$ 3147.46,100
1065,09:37:50,$ 3147.40,100
1066,09:37:50,$ 3147.43,100
1067,09:37:47,$ 3148.13,300
1068,09:37:47,$ 3149.14,100
1069,09:37:47,$ 3149.18,100
1070,09:37:46,$ 3150.18,100
1072,09:37:46,$ 3150.6064,100
1073,09:37:46,$ 3150.6065,100
1074,09:37:46,$ 3150.11,100
1075,09:37:42,$ 3151.085,300
1076,09:37:39,$ 3151.39,100
1077,09:37:38,$ 3151.57,100
1078,09:37:37,$ 3150.45,100
1079,09:37:37,$ 3150.44,200
1080,09:37:37,$ 3150.46,100
1081,09:37:36,$ 3150.94,100
1082,09:37:36,$ 3150.61,100
1083,09:37:36,$ 3150.84,200
1084,09:37:36,$ 3150.11,100
1085,09:37:35,$ 3150.65,100
1086,09:37:35,$ 3152.635,100
1087,09:37:28,$ 3154.10,100
1088,09:37:27,$ 3155.495,100
1089,09:37:26,$ 3155.925,100
1090,09:37:25,$ 3155.63,100
1091,09:37:25,$ 3156.92,100
1093,09:37:17,$ 3157.105,100
1094,09:37:17,$ 3157.00,100
1095,09:37:16,$ 3157.005,100
1096,09:37:16,$ 3156.86,100
1097,09:37:16,$ 3156.87,100
1098,09:37:14,$ 3155.805,100
1099,09:37:14,$ 3156.22,100
1100,09:37:11,$ 3155.445,100
1101,09:37:11,$ 3155.445,100
1102,09:37:08,$ 3155.43,100
1103,09:37:06,$ 3155.675,100
1104,09:37:06,$ 3155.59,100
1105,09:37:02,$ 3152.81,100
1106,09:37:00,$ 3153.59,100
1107,09:37:00,$ 3153.59,100
1108,09:37:00,$ 3153.62,109
1109,09:37:00,$ 3153.18,200
1110,09:37:00,$ 3152.78,100
1111,09:37:00,$ 3153.18,100
1112,09:37:00,$ 3153.00,900
1114,09:36:59,$ 3151.02,100
1115,09:36:59,$ 3151.00,100
1116,09:36:59,$ 3152.03,100
1117,09:36:59,$ 3152.80,100
1118,09:36:59,$ 3152.80,100
1119,09:36:57,$ 3153.63,100
1120,09:36:54,$ 3154.76,100
1121,09:36:54,$ 3153.885,166
1122,09:36:54,$ 3153.885,100
1123,09:36:52,$ 3153.61,100
1124,09:36:52,$ 3153.61,100
1125,09:36:52,$ 3154.76,100
1126,09:36:52,$ 3153.7062,260
1127,09:36:48,$ 3153.615,100
1128,09:36:48,$ 3153.89,100
1129,09:36:48,$ 3154.28,100
1130,09:36:47,$ 3153.62,100
1131,09:36:46,$ 3152.475,185
1132,09:36:46,$ 3153.615,180
1133,09:36:46,$ 3154.7899,100
1135,09:36:45,$ 3152.80,140
1136,09:36:44,$ 3154.22,100
1137,09:36:43,$ 3154.76,100
1138,09:36:43,$ 3154.76,200
1139,09:36:42,$ 3154.76,100
1140,09:36:40,$ 3155.245,200
1141,09:36:36,$ 3153.2201,100
1142,09:36:35,$ 3156.01,100
1143,09:36:35,$ 3156.00,100
1144,09:36:31,$ 3156.475,100
1145,09:36:30,$ 3158.19,100
1146,09:36:30,$ 3156.5417,300
1147,09:36:30,$ 3155.62,100
1148,09:36:30,$ 3155.62,100
1149,09:36:30,$ 3154.535,300
1150,09:36:30,$ 3154.78,100
1151,09:36:30,$ 3154.34,100
1152,09:36:29,$ 3153.78,100
1153,09:36:29,$ 3154.945,100
1154,09:36:29,$ 3154.02,100
1156,09:36:29,$ 3154.42,100
1157,09:36:29,$ 3154.03,100
1158,09:36:28,$ 3155.48,100
1159,09:36:28,$ 3154.85,100
1160,09:36:28,$ 3154.65,100
1161,09:36:28,$ 3154.09,100
1162,09:36:28,$ 3156.43,100
1163,09:36:25,$ 3155.24,100
1164,09:36:24,$ 3155.0074,100
1165,09:36:24,$ 3156.145,100
1166,09:36:23,$ 3155.90,100
1167,09:36:22,$ 3157.73,100
1168,09:36:21,$ 3155.8997,300
1169,09:36:21,$ 3156.40,100
1170,09:36:21,$ 3155.38,100
1171,09:36:19,$ 3156.02,100
1172,09:36:19,$ 3158.33,200
1173,09:36:16,$ 3158.20,100
1174,09:36:16,$ 3158.20,100
1175,09:36:16,$ 3158.25,100
1177,09:36:16,$ 3158.28,100
1178,09:36:16,$ 3159.01,300
1179,09:36:15,$ 3158.645,100
1180,09:36:14,$ 3157.53,300
1181,09:36:14,$ 3159.00,100
1182,09:36:12,$ 3158.39,100
1183,09:36:10,$ 3157.285,100
1184,09:36:10,$ 3156.91,100
1185,09:36:09,$ 3156.66,100
1186,09:36:09,$ 3157.725,100
1187,09:36:08,$ 3157.62,100
1188,09:36:07,$ 3157.98,100
1189,09:36:07,$ 3158.15,300
1190,09:36:06,$ 3159.30,100
1191,09:36:06,$ 3159.21,100
1192,09:36:06,$ 3155.8401,100
1193,09:36:06,$ 3156.97,100
1194,09:36:03,$ 3159.065,100
1195,09:36:03,$ 3159.28,100
1196,09:36:03,$ 3157.585,300
1198,09:35:58,$ 3158.27,100
1199,09:35:58,$ 3158.04,100
1200,09:35:58,$ 3157.64,100
1201,09:35:55,$ 3157.5788,202
1202,09:35:53,$ 3156.19,100
1203,09:35:51,$ 3156.98,101
1204,09:35:51,$ 3158.37,100
1205,09:35:51,$ 3158.01,100
1206,09:35:49,$ 3159.00,100
1207,09:35:49,$ 3158.95,100
1208,09:35:49,$ 3158.45,100
1209,09:35:49,$ 3158.00,300
1210,09:35:49,$ 3156.09,100
1211,09:35:46,$ 3155.95,100
1212,09:35:46,$ 3156.00,100
1213,09:35:41,$ 3151.97,100
1214,09:35:37,$ 3151.32,300
1215,09:35:36,$ 3150.55,100
1216,09:35:36,$ 3150.80,100
1217,09:35:36,$ 3150.605,160
1219,09:35:35,$ 3152.265,300
1220,09:35:35,$ 3152.88,100
1221,09:35:32,$ 3153.77,100
1222,09:35:31,$ 3151.93,100
1223,09:35:27,$ 3149.32,100
1224,09:35:20,$ 3146.31,100
1225,09:35:19,$ 3148.135,100
1226,09:35:17,$ 3146.18,100
1227,09:35:17,$ 3146.18,100
1228,09:35:12,$ 3148.61,100
1229,09:35:10,$ 3150.74,100
1230,09:35:09,$ 3150.59,100
1231,09:35:08,$ 3152.64,100
1232,09:35:08,$ 3151.96,100
1233,09:35:06,$ 3152.084,100
1234,09:35:06,$ 3152.03,100
1235,09:35:04,$ 3154.9614,200
1236,09:35:03,$ 3150.995,100
1237,09:35:03,$ 3150.99,100
1238,09:35:02,$ 3150.00,100
1240,09:35:02,$ 3148.57,100
1241,09:35:02,$ 3149.45,100
1242,09:35:02,$ 3149.45,100
1243,09:35:02,$ 3149.45,100
1244,09:35:02,$ 3149.45,100
1245,09:35:02,$ 3149.45,100
1246,09:35:02,$ 3149.44,100
1247,09:35:02,$ 3148.99,100
1248,09:35:02,$ 3148.74,100
1249,09:35:02,$ 3148.79,100
1250,09:35:02,$ 3148.79,100
1251,09:35:00,$ 3146.97,147
1252,09:35:00,$ 3146.92,100
1253,09:34:59,$ 3146.43,100
1254,09:34:59,$ 3144.52,100
1255,09:34:59,$ 3144.89,100
1256,09:34:59,$ 3146.38,100
1257,09:34:59,$ 3144.42,100
1258,09:34:59,$ 3146.43,100
1259,09:34:59,$ 3146.02,100
1261,09:34:59,$ 3146.43,100
1262,09:34:59,$ 3146.43,100
1263,09:34:59,$ 3145.31,100
1264,09:34:58,$ 3143.745,100
1265,09:34:57,$ 3143.745,100
1266,09:34:57,$ 3143.745,120
1267,09:34:57,$ 3143.745,100
1268,09:34:57,$ 3143.745,100
1269,09:34:50,$ 3144.26,100
1270,09:34:49,$ 3143.2102,100
1271,09:34:47,$ 3141.698,100
1272,09:34:46,$ 3142.685,100
1273,09:34:46,$ 3142.685,100
1274,09:34:45,$ 3142.685,133
1275,09:34:45,$ 3142.685,367
1276,09:34:45,$ 3143.155,100
1277,09:34:45,$ 3143.245,100
1278,09:34:45,$ 3141.31,100
1279,09:34:45,$ 3142.20,100
1280,09:34:45,$ 3142.18,100
1282,09:34:45,$ 3142.94,100
1283,09:34:43,$ 3141.80,100
1284,09:34:43,$ 3143.655,200
1285,09:34:43,$ 3144.6375,100
1286,09:34:36,$ 3144.68,100
1287,09:34:36,$ 3144.675,200
1288,09:34:36,$ 3144.68,100
1289,09:34:35,$ 3144.68,100
1290,09:34:35,$ 3144.645,100
1291,09:34:35,$ 3144.68,100
1292,09:34:32,$ 3145.00,100
1293,09:34:29,$ 3142.33,100
1294,09:34:26,$ 3146.01,100
1295,09:34:26,$ 3146.70,100
1296,09:34:21,$ 3144.17,254
1297,09:34:19,$ 3145.7059,100
1298,09:34:19,$ 3144.51,100
1299,09:34:18,$ 3143.02,100
1300,09:34:18,$ 3143.13,100
1301,09:34:18,$ 3143.16,100
1303,09:34:15,$ 3144.94,100
1304,09:34:15,$ 3144.94,100
1305,09:34:15,$ 3144.84,100
1306,09:34:15,$ 3144.945,100
1307,09:34:15,$ 3144.945,100
1308,09:34:15,$ 3145.00,100
1309,09:34:14,$ 3144.655,100
1310,09:34:14,$ 3144.655,200
1311,09:34:12,$ 3145.88,100
1312,09:34:11,$ 3145.00,100
1313,09:34:11,$ 3145.00,100
1314,09:34:10,$ 3145.00,100
1315,09:34:09,$ 3144.84,100
1316,09:34:08,$ 3144.94,100
1317,09:34:08,$ 3144.44,300
1318,09:34:08,$ 3144.705,100
1319,09:34:08,$ 3145.00,100
1320,09:34:08,$ 3144.5975,100
1321,09:34:07,$ 3145.00,100
1322,09:34:07,$ 3145.00,100
1324,09:34:05,$ 3145.00,100
1325,09:34:02,$ 3146.148,169
1326,09:34:00,$ 3145.93,100
1327,09:34:00,$ 3145.69,100
1328,09:33:59,$ 3145.50,100
1329,09:33:59,$ 3143.0001,100
1330,09:33:58,$ 3144.8175,100
1331,09:33:58,$ 3143.975,100
1332,09:33:56,$ 3143.12,100
1333,09:33:56,$ 3143.58,100
1334,09:33:56,$ 3143.73,100
1335,09:33:55,$ 3142.425,100
1336,09:33:53,$ 3142.425,100
1337,09:33:53,$ 3142.425,100
1338,09:33:52,$ 3142.73,100
1339,09:33:51,$ 3144.00,"1,100"
1340,09:33:51,$ 3144.00,100
1341,09:33:51,$ 3143.53,200
1342,09:33:51,$ 3144.02,100
1343,09:33:49,$ 3145.65,100
1345,09:33:49,$ 3145.64,100
1346,09:33:49,$ 3145.64,100
1347,09:33:49,$ 3145.65,100
1348,09:33:48,$ 3145.26,200
1349,09:33:48,$ 3145.26,100
1350,09:33:48,$ 3145.26,100
1351,09:33:48,$ 3145.2615,100
1352,09:33:48,$ 3145.26,100
1353,09:33:48,$ 3145.26,100
1354,09:33:48,$ 3146.20,100
1355,09:33:47,$ 3148.188,150
1356,09:33:47,$ 3146.92,100
1357,09:33:46,$ 3148.021,100
1358,09:33:40,$ 3146.30,100
1359,09:33:38,$ 3146.115,100
1360,09:33:37,$ 3146.115,100
1361,09:33:33,$ 3147.025,100
1362,09:33:33,$ 3147.025,100
1363,09:33:32,$ 3147.98,100
1364,09:33:29,$ 3145.10,100
1366,09:33:29,$ 3145.10,100
1367,09:33:29,$ 3147.37,200
1368,09:33:28,$ 3145.11,125
1369,09:33:28,$ 3146.18,100
1370,09:33:25,$ 3148.00,100
1371,09:33:24,$ 3147.91,100
1372,09:33:22,$ 3147.09,100
1373,09:33:22,$ 3147.09,300
1374,09:33:22,$ 3144.83,300
1375,09:33:22,$ 3149.11,100
1376,09:33:22,$ 3149.11,100
1377,09:33:22,$ 3149.04,100
1378,09:33:22,$ 3145.50,100
1379,09:33:22,$ 3146.78,100
1380,09:33:21,$ 3148.40,100
1381,09:33:20,$ 3147.91,100
1382,09:33:20,$ 3147.73,100
1383,09:33:18,$ 3147.005,100
1384,09:33:17,$ 3146.49,100
1385,09:33:17,$ 3144.30,100
1387,09:33:16,$ 3146.31,100
1388,09:33:16,$ 3145.64,100
1389,09:33:15,$ 3145.11,100
1390,09:33:15,$ 3145.11,100
1391,09:33:15,$ 3145.41,100
1392,09:33:15,$ 3143.7315,335
1393,09:33:14,$ 3145.41,100
1394,09:33:14,$ 3145.41,100
1395,09:33:14,$ 3144.52,193
1396,09:33:12,$ 3146.955,100
1397,09:33:12,$ 3147.72,100
1398,09:33:10,$ 3147.91,100
1399,09:33:09,$ 3148.50,100
1400,09:33:09,$ 3148.41,100
1401,09:33:08,$ 3149.45,100
1402,09:33:08,$ 3149.45,100
1403,09:33:08,$ 3149.31,100
1404,09:33:05,$ 3149.105,100
1405,09:33:05,$ 3149.43,100
1406,09:33:05,$ 3149.42,100
1408,09:33:05,$ 3149.46,100
1409,09:33:05,$ 3149.46,100
1410,09:33:05,$ 3150.16,100
1411,09:33:05,$ 3150.11,100
1412,09:33:05,$ 3150.26,100
1413,09:33:04,$ 3150.785,100
1414,09:33:04,$ 3149.60,100
1415,09:33:04,$ 3149.4501,100
1416,09:32:55,$ 3152.045,100
1417,09:32:54,$ 3150.04,100
1418,09:32:54,$ 3150.71,200
1419,09:32:54,$ 3152.02,100
1420,09:32:54,$ 3154.467,100
1421,09:32:54,$ 3153.4575,100
1422,09:32:52,$ 3153.48,100
1423,09:32:49,$ 3155.01,100
1424,09:32:49,$ 3156.42,100
1425,09:32:47,$ 3155.63,100
1426,09:32:47,$ 3155.26,100
1427,09:32:45,$ 3157.00,100
1429,09:32:45,$ 3157.00,100
1430,09:32:45,$ 3157.00,100
1431,09:32:44,$ 3155.46,500
1432,09:32:44,$ 3155.19,100
1433,09:32:44,$ 3155.00,100
1434,09:32:42,$ 3154.339,"1,000"
1435,09:32:41,$ 3153.495,300
1436,09:32:41,$ 3154.98,100
1437,09:32:41,$ 3154.979,100
1438,09:32:41,$ 3153.34,100
1439,09:32:41,$ 3153.34,100
1440,09:32:41,$ 3153.34,100
1441,09:32:41,$ 3153.34,100
1442,09:32:40,$ 3152.025,"1,000"
1443,09:32:35,$ 3152.265,100
1444,09:32:34,$ 3152.225,300
1445,09:32:34,$ 3151.50,100
1446,09:32:34,$ 3151.50,278
1447,09:32:22,$ 3151.49,100
1448,09:32:22,$ 3150.24,100
1450,09:32:21,$ 3150.24,100
1451,09:32:20,$ 3150.72,100
1452,09:32:20,$ 3151.205,100
1453,09:32:20,$ 3151.02,100
1454,09:32:18,$ 3151.61,100
1455,09:32:17,$ 3149.86,300
1456,09:32:17,$ 3152.195,100
1457,09:32:17,$ 3152.195,100
1458,09:32:16,$ 3153.20,"1,000"
1459,09:32:16,$ 3153.34,100
1460,09:32:16,$ 3151.61,100
1461,09:32:16,$ 3151.61,132
1462,09:32:16,$ 3151.61,100
1463,09:32:15,$ 3153.00,100
1464,09:32:15,$ 3153.00,100
1465,09:32:15,$ 3151.62,159
1466,09:32:14,$ 3153.35,100
1467,09:32:13,$ 3152.72,100
1468,09:32:13,$ 3152.64,100
1469,09:32:13,$ 3150.5001,100
1471,09:32:13,$ 3151.8475,100
1472,09:32:13,$ 3151.42,100
1473,09:32:13,$ 3151.44,100
1474,09:32:13,$ 3150.66,100
1475,09:32:13,$ 3150.02,256
1476,09:32:11,$ 3151.9975,100
1477,09:32:09,$ 3154.64,400
1478,09:32:09,$ 3154.50,390
1479,09:32:09,$ 3154.50,100
1480,09:32:07,$ 3156.48,100
1481,09:32:07,$ 3155.86,100
1482,09:32:07,$ 3156.30,100
1483,09:32:07,$ 3154.62,100
1484,09:32:05,$ 3155.81,"1,000"
1485,09:32:05,$ 3155.00,200
1486,09:32:05,$ 3154.82,158
1487,09:32:05,$ 3154.82,121
1488,09:32:05,$ 3155.00,100
1489,09:32:03,$ 3153.78,100
1490,09:32:03,$ 3153.7799,"1,000"
1492,09:32:03,$ 3152.9328,"1,000"
1493,09:32:02,$ 3151.90,100
1494,09:32:02,$ 3152.2048,110
1495,09:32:01,$ 3148.70,100
1496,09:32:00,$ 3149.45,100
1497,09:32:00,$ 3149.45,100
1498,09:32:00,$ 3149.09,100
1499,09:32:00,$ 3149.05,100
1500,09:32:00,$ 3149.355,100
1501,09:32:00,$ 3149.435,100
1502,09:32:00,$ 3148.22,100
1503,09:31:59,$ 3149.105,100
1504,09:31:59,$ 3149.105,100
1505,09:31:59,$ 3148.88,100
1506,09:31:57,$ 3150.415,100
1507,09:31:56,$ 3143.58,500
1508,09:31:54,$ 3143.53,100
1509,09:31:52,$ 3148.39,200
1510,09:31:52,$ 3147.765,500
1511,09:31:51,$ 3146.9958,311
1513,09:31:51,$ 3150.435,100
1514,09:31:51,$ 3151.42,100
1515,09:31:51,$ 3150.435,100
1516,09:31:51,$ 3150.435,100
1517,09:31:51,$ 3150.435,100
1518,09:31:51,$ 3150.435,300
1519,09:31:51,$ 3150.435,100
1520,09:31:51,$ 3151.42,100
1521,09:31:51,$ 3150.445,100
1522,09:31:50,$ 3151.37,100
1523,09:31:50,$ 3151.40,100
1524,09:31:50,$ 3153.00,100
1525,09:31:50,$ 3152.345,100
1526,09:31:48,$ 3153.56,100
1527,09:31:48,$ 3153.30,100
1528,09:31:48,$ 3152.52,100
1529,09:31:47,$ 3152.50,100
1530,09:31:46,$ 3152.07,115
1531,09:31:42,$ 3149.20,100
1532,09:31:42,$ 3149.07,100
1534,09:31:42,$ 3151.49,100
1535,09:31:42,$ 3151.49,100
1536,09:31:42,$ 3151.49,100
1537,09:31:41,$ 3149.23,"1,000"
1538,09:31:39,$ 3150.87,100
1539,09:31:39,$ 3150.88,100
1540,09:31:39,$ 3149.375,100
1541,09:31:39,$ 3149.375,100
1542,09:31:38,$ 3151.75,100
1543,09:31:38,$ 3149.375,100
1544,09:31:38,$ 3149.375,100
1545,09:31:38,$ 3149.375,100
1546,09:31:38,$ 3149.375,100
1547,09:31:38,$ 3149.375,100
1548,09:31:38,$ 3149.155,100
1549,09:31:37,$ 3146.9801,"1,000"
1550,09:31:37,$ 3148.145,100
1551,09:31:36,$ 3148.06,100
1552,09:31:36,$ 3146.97,100
1553,09:31:36,$ 3146.97,100
1555,09:31:35,$ 3147.00,100
1556,09:31:34,$ 3150.02,100
1557,09:31:34,$ 3148.51,100
1558,09:31:34,$ 3148.51,400
1559,09:31:33,$ 3147.604,100
1560,09:31:31,$ 3150.53,100
1561,09:31:31,$ 3150.50,100
1562,09:31:28,$ 3150.215,100
1563,09:31:27,$ 3151.695,100
1564,09:31:27,$ 3151.6175,100
1565,09:31:27,$ 3149.98,100
1566,09:31:26,$ 3151.395,300
1567,09:31:26,$ 3151.395,100
1568,09:31:25,$ 3151.63,100
1569,09:31:25,$ 3151.755,100
1570,09:31:23,$ 3152.04,100
1571,09:31:22,$ 3152.6102,300
1572,09:31:21,$ 3152.04,100
1573,09:31:21,$ 3152.02,100
1574,09:31:21,$ 3153.07,100
1576,09:31:21,$ 3152.66,100
1577,09:31:21,$ 3154.82,100
1578,09:31:21,$ 3154.705,100
1579,09:31:21,$ 3152.56,100
1580,09:31:21,$ 3153.56,100
1581,09:31:21,$ 3151.315,100
1582,09:31:20,$ 3153.32,100
1583,09:31:20,$ 3153.31,100
1584,09:31:20,$ 3150.648,101
1585,09:31:20,$ 3151.77,100
1586,09:31:19,$ 3152.47,100
1587,09:31:19,$ 3152.51,100
1588,09:31:19,$ 3151.80,100
1589,09:31:18,$ 3151.25,100
1590,09:31:18,$ 3150.58,100
1591,09:31:18,$ 3150.05,100
1592,09:31:15,$ 3151.685,100
1593,09:31:15,$ 3151.685,100
1594,09:31:15,$ 3151.685,454
1595,09:31:15,$ 3151.685,200
1597,09:31:13,$ 3151.24,100
1598,09:31:13,$ 3150.00,100
1599,09:31:13,$ 3148.91,100
1600,09:31:13,$ 3150.00,100
1601,09:31:13,$ 3150.00,200
1602,09:31:13,$ 3150.00,100
1603,09:31:13,$ 3150.00,138
1604,09:31:13,$ 3149.82,100
1605,09:31:13,$ 3150.00,100
1606,09:31:13,$ 3150.00,100
1607,09:31:12,$ 3148.21,100
1608,09:31:12,$ 3148.21,125
1609,09:31:12,$ 3147.31,100
1610,09:31:12,$ 3146.72,100
1611,09:31:12,$ 3146.33,100
1612,09:31:12,$ 3147.3075,100
1613,09:31:12,$ 3147.21,100
1614,09:31:12,$ 3147.2525,100
1615,09:31:12,$ 3147.425,100
1616,09:31:12,$ 3147.425,100
1618,09:31:12,$ 3147.425,200
1619,09:31:12,$ 3146.69,100
1620,09:31:12,$ 3146.64,100
1621,09:31:12,$ 3146.65,100
1622,09:31:11,$ 3146.675,"1,000"
1623,09:31:11,$ 3146.665,100
1624,09:31:11,$ 3146.04,100
1625,09:31:11,$ 3146.04,"1,000"
1626,09:31:11,$ 3145.99,400
1627,09:31:11,$ 3145.99,100
1628,09:31:11,$ 3146.00,100
1629,09:31:09,$ 3144.97,100
1630,09:31:07,$ 3143.44,100
1631,09:31:07,$ 3138.94,100
1632,09:31:05,$ 3141.97,100
1633,09:31:05,$ 3143.66,100
1634,09:31:03,$ 3139.949,100
1635,09:31:03,$ 3145.65,100
1636,09:31:03,$ 3145.48,100
1637,09:31:03,$ 3146.00,100
1639,09:31:03,$ 3141.97,100
1640,09:31:03,$ 3146.00,100
1641,09:31:03,$ 3144.58,100
1642,09:31:02,$ 3141.97,100
1643,09:31:01,$ 3144.5991,100
1644,09:30:58,$ 3142.52,100
1645,09:30:58,$ 3141.50,100
1646,09:30:58,$ 3142.83,100
1647,09:30:58,$ 3145.00,200
1648,09:30:58,$ 3141.595,100
1649,09:30:57,$ 3141.04,100
1650,09:30:57,$ 3143.00,100
1651,09:30:55,$ 3146.00,300
1652,09:30:55,$ 3143.49,100
1653,09:30:53,$ 3141.2401,330
1654,09:30:53,$ 3141.77,200
1655,09:30:51,$ 3142.51,100
1656,09:30:49,$ 3138.8436,115
1657,09:30:49,$ 3138.835,185
1658,09:30:47,$ 3142.78,100
1660,09:30:47,$ 3142.40,100
1661,09:30:47,$ 3142.38,100
1662,09:30:47,$ 3142.34,100
1663,09:30:46,$ 3139.98,100
1664,09:30:45,$ 3138.02,100
1665,09:30:45,$ 3137.67,150
1666,09:30:45,$ 3137.67,100
1667,09:30:45,$ 3137.67,100
1668,09:30:45,$ 3137.67,100
1669,09:30:43,$ 3138.56,100
1670,09:30:42,$ 3142.285,100
1671,09:30:42,$ 3141.03,100
1672,09:30:42,$ 3142.375,100
1673,09:30:40,$ 3137.67,198
1674,09:30:40,$ 3137.67,200
1675,09:30:38,$ 3134.7502,168
1676,09:30:38,$ 3134.7502,535
1677,09:30:38,$ 3137.089,300
1678,09:30:38,$ 3139.125,400
1679,09:30:38,$ 3136.64,100
1681,09:30:38,$ 3137.30,100
1682,09:30:38,$ 3138.669,200
1683,09:30:38,$ 3141.29,100
1684,09:30:38,$ 3139.04,100
1685,09:30:38,$ 3139.30,100
1686,09:30:38,$ 3140.26,100
1687,09:30:38,$ 3142.015,100
1688,09:30:38,$ 3142.39,132
1689,09:30:38,$ 3142.39,100
1690,09:30:38,$ 3142.39,100
1691,09:30:38,$ 3142.39,100
1692,09:30:38,$ 3141.838,100
1693,09:30:38,$ 3141.846,100
1694,09:30:38,$ 3142.39,100
1695,09:30:38,$ 3142.39,100
1696,09:30:38,$ 3142.38,100
1697,09:30:38,$ 3142.39,100
1698,09:30:38,$ 3142.39,100
1699,09:30:38,$ 3143.517,200
1700,09:30:38,$ 3143.27,100
1702,09:30:37,$ 3144.23,182
1703,09:30:35,$ 3145.91,100
1704,09:30:35,$ 3145.95,100
1705,09:30:35,$ 3142.39,100
1706,09:30:34,$ 3142.4923,100
1707,09:30:33,$ 3143.265,200
1708,09:30:33,$ 3143.265,100
1709,09:30:33,$ 3143.265,192
1710,09:30:33,$ 3141.53,100
1711,09:30:31,$ 3144.66,100
1712,09:30:29,$ 3143.1074,121
1713,09:30:29,$ 3142.33,100
1714,09:30:28,$ 3140.93,100
1715,09:30:28,$ 3140.93,100
1716,09:30:27,$ 3141.50,118
1717,09:30:27,$ 3141.50,360
1718,09:30:25,$ 3146.575,100
1719,09:30:25,$ 3143.55,100
1720,09:30:25,$ 3143.55,100
1721,09:30:25,$ 3143.55,100
1723,09:30:25,$ 3143.38,100
1724,09:30:25,$ 3145.00,100
1725,09:30:23,$ 3144.655,100
1726,09:30:23,$ 3144.855,275
1727,09:30:23,$ 3144.91,100
1728,09:30:23,$ 3143.05,100
1729,09:30:23,$ 3140.13,100
1730,09:30:22,$ 3143.93,100
1731,09:30:22,$ 3143.3275,100
1732,09:30:22,$ 3142.86,100
1733,09:30:21,$ 3142.00,240
1734,09:30:19,$ 3139.10,100
1735,09:30:19,$ 3139.00,447
1736,09:30:19,$ 3139.00,100
1737,09:30:19,$ 3136.19,200
1738,09:30:18,$ 3138.6561,200
1739,09:30:16,$ 3141.02,100
1740,09:30:16,$ 3141.90,216
1741,09:30:16,$ 3137.735,100
1742,09:30:15,$ 3140.866,191
1744,09:30:15,$ 3139.95,100
1745,09:30:14,$ 3139.15,100
1746,09:30:14,$ 3139.20,369
1747,09:30:14,$ 3138.50,100
1748,09:30:14,$ 3135.00,111
1749,09:30:14,$ 3135.00,289
1750,09:30:14,$ 3135.00,100
1751,09:30:12,$ 3131.0425,100
1752,09:30:12,$ 3131.04,240
1753,09:30:12,$ 3131.04,100
1754,09:30:12,$ 3131.05,100
1755,09:30:12,$ 3131.10,100
1756,09:30:12,$ 3131.05,100
1757,09:30:12,$ 3131.04,100
1758,09:30:12,$ 3131.00,100
1759,09:30:12,$ 3129.97,100
1760,09:30:12,$ 3129.95,100
1761,09:30:11,$ 3129.21,100
1762,09:30:10,$ 3131.02,100
1763,09:30:10,$ 3129.505,100
1765,09:30:10,$ 3127.87,300
1766,09:30:10,$ 3127.8883,104
1767,09:30:10,$ 3131.01,100
1768,09:30:10,$ 3130.96,100
1769,09:30:10,$ 3131.01,178
1770,09:30:10,$ 3129.645,100
1771,09:30:09,$ 3129.95,100
1772,09:30:09,$ 3128.01,100
1773,09:30:09,$ 3129.19,100
1774,09:30:09,$ 3131.515,300
1775,09:30:09,$ 3133.895,166
1776,09:30:08,$ 3130.63,100
1777,09:30:08,$ 3127.3701,100
1778,09:30:08,$ 3131.7475,100
1779,09:30:08,$ 3133.615,100
1780,09:30:08,$ 3133.87,100
1781,09:30:08,$ 3130.01,100
1782,09:30:08,$ 3131.50,100
1783,09:30:08,$ 3132.01,100
1784,09:30:08,$ 3132.19,100
1786,09:30:08,$ 3134.02,100
1787,09:30:08,$ 3131.865,100
1788,09:30:08,$ 3129.54,100
1789,09:30:08,$ 3132.405,100
1790,09:30:08,$ 3132.36,100
1791,09:30:08,$ 3133.505,100
1792,09:30:08,$ 3132.485,100
1793,09:30:08,$ 3132.98,100
1794,09:30:07,$ 3134.02,100
1795,09:30:07,$ 3130.73,100
1796,09:30:07,$ 3132.485,226
1797,09:30:07,$ 3130.96,100
1798,09:30:07,$ 3133.97,100
1799,09:30:07,$ 3133.275,100
1800,09:30:07,$ 3133.51,100
1801,09:30:07,$ 3133.275,100
1802,09:30:07,$ 3134.02,100
1803,09:30:07,$ 3133.28,100
1804,09:30:07,$ 3129.60,100
1805,09:30:06,$ 3128.239,100
1807,09:30:06,$ 3130.01,100
1808,09:30:05,$ 3131.9582,150
1809,09:30:05,$ 3130.00,143
1810,09:30:05,$ 3130.00,100
1811,09:30:05,$ 3130.00,100
1812,09:30:05,$ 3130.00,100
1813,09:30:03,$ 3134.71,1
1814,09:30:03,$ 3134.71,1
1815,09:30:03,$ 3134.71,1
1816,09:30:03,$ 3134.71,1
1817,09:30:03,$ 3134.71,1
1818,09:30:03,$ 3134.71,2
1819,09:30:03,$ 3134.71,5
1820,09:30:03,$ 3134.71,1
1821,09:30:03,$ 3134.71,1
1822,09:30:03,$ 3134.71,5
1823,09:30:03,$ 3134.71,1
1824,09:30:03,$ 3134.71,10
1825,09:30:03,$ 3134.71,3
1826,09:30:03,$ 3134.71,1
1828,09:30:03,$ 3134.71,6
1829,09:30:03,$ 3134.71,1
1830,09:30:03,$ 3134.71,1
1831,09:30:03,$ 3134.71,1
1832,09:30:03,$ 3134.71,1
1833,09:30:03,$ 3134.71,1
1834,09:30:03,$ 3134.71,10
1835,09:30:03,$ 3134.71,1
1836,09:30:03,$ 3134.71,1
1837,09:30:03,$ 3134.71,1
1838,09:30:03,$ 3134.71,1
1839,09:30:03,$ 3134.71,1
1840,09:30:03,$ 3134.71,1
1841,09:30:03,$ 3134.71,1
1842,09:30:03,$ 3134.71,10
1843,09:30:03,$ 3134.71,25
1844,09:30:03,$ 3134.71,3
1845,09:30:03,$ 3134.71,5
1846,09:30:03,$ 3134.71,3
1847,09:30:03,$ 3134.71,1
1849,09:30:03,$ 3134.71,1
1850,09:30:03,$ 3134.71,31
1851,09:30:03,$ 3134.71,2
1852,09:30:03,$ 3134.71,5
1853,09:30:03,$ 3134.71,1
1854,09:30:03,$ 3134.71,1
1855,09:30:03,$ 3134.71,3
1856,09:30:03,$ 3134.71,3
1857,09:30:03,$ 3134.71,1
1858,09:30:03,$ 3134.71,10
1859,09:30:03,$ 3134.71,2
1860,09:30:03,$ 3134.71,3
1861,09:30:03,$ 3134.71,5
1862,09:30:03,$ 3134.71,4
1863,09:30:03,$ 3134.71,1
1864,09:30:03,$ 3134.71,1
1865,09:30:03,$ 3134.71,1
1866,09:30:03,$ 3134.71,2
1867,09:30:03,$ 3134.71,2
1868,09:30:03,$ 3134.71,1
1870,09:30:03,$ 3134.71,2
1871,09:30:03,$ 3134.71,10
1872,09:30:03,$ 3134.71,2
1873,09:30:03,$ 3134.71,2
1874,09:30:03,$ 3134.71,10
1875,09:30:03,$ 3134.71,2
1876,09:30:03,$ 3134.71,2
1877,09:30:03,$ 3134.71,1
1878,09:30:03,$ 3134.71,7
1879,09:30:03,$ 3134.71,5
1880,09:30:03,$ 3134.71,5
1881,09:30:03,$ 3134.71,1
1882,09:30:03,$ 3134.71,3
1883,09:30:03,$ 3134.71,1
1884,09:30:03,$ 3134.71,1
1885,09:30:03,$ 3134.71,2
1886,09:30:03,$ 3134.71,1
1887,09:30:03,$ 3134.71,1
1888,09:30:03,$ 3134.71,3
1889,09:30:03,$ 3134.71,1
1891,09:30:03,$ 3134.71,3
1892,09:30:03,$ 3134.71,10
1893,09:30:03,$ 3134.71,1
1894,09:30:03,$ 3134.71,10
1895,09:30:03,$ 3134.71,1
1896,09:30:03,$ 3134.71,6
1897,09:30:03,$ 3134.71,1
1898,09:30:03,$ 3134.71,24
1899,09:30:03,$ 3134.71,5
1900,09:30:03,$ 3134.71,6
1901,09:30:03,$ 3134.71,6
1902,09:30:03,$ 3134.71,1
1903,09:30:03,$ 3134.71,1
1904,09:30:03,$ 3134.71,1
1905,09:30:03,$ 3134.71,11
1906,09:30:03,$ 3134.71,1
1907,09:30:03,$ 3134.71,1
1908,09:30:03,$ 3134.71,1
1909,09:30:03,$ 3134.71,1
1910,09:30:03,$ 3134.71,20
1912,09:30:03,$ 3134.71,1
1913,09:30:03,$ 3134.71,1
1914,09:30:03,$ 3134.71,1
1915,09:30:03,$ 3134.71,10
1916,09:30:03,$ 3134.71,2
1917,09:30:03,$ 3134.71,1
1918,09:30:03,$ 3134.71,1
1919,09:30:03,$ 3134.71,5
1920,09:30:03,$ 3134.71,29
1921,09:30:03,$ 3134.71,1
1922,09:30:03,$ 3134.71,5
1923,09:30:03,$ 3134.71,1
1924,09:30:03,$ 3134.71,7
1925,09:30:03,$ 3134.71,1
1926,09:30:03,$ 3134.71,1
1927,09:30:03,$ 3134.71,2
1928,09:30:03,$ 3134.71,40
1929,09:30:03,$ 3134.71,3
1930,09:30:03,$ 3134.71,2
1931,09:30:03,$ 3134.71,1
1933,09:30:03,$ 3134.71,12
1934,09:30:03,$ 3134.71,2
1935,09:30:03,$ 3134.71,1
1936,09:30:03,$ 3134.71,1
1937,09:30:03,$ 3134.71,1
1938,09:30:03,$ 3134.71,1
1939,09:30:03,$ 3134.71,5
1940,09:30:03,$ 3134.71,1
1941,09:30:03,$ 3134.71,1
1942,09:30:03,$ 3134.71,1
1943,09:30:03,$ 3134.71,10
1944,09:30:03,$ 3134.71,1
1945,09:30:03,$ 3134.71,2
1946,09:30:03,$ 3134.71,10
1947,09:30:03,$ 3134.71,1
1948,09:30:03,$ 3134.71,1
1949,09:30:03,$ 3134.71,10
1950,09:30:03,$ 3134.71,2
1951,09:30:03,$ 3134.71,3
1952,09:30:03,$ 3134.71,3
1954,09:30:03,$ 3134.71,1
1955,09:30:03,$ 3134.71,5
1956,09:30:03,$ 3134.71,2
1957,09:30:03,$ 3134.71,1
1958,09:30:03,$ 3134.71,5
1959,09:30:03,$ 3134.71,1
1960,09:30:03,$ 3134.71,5
1961,09:30:03,$ 3134.71,1
1962,09:30:03,$ 3134.71,1
1963,09:30:03,$ 3134.71,1
1964,09:30:03,$ 3134.71,4
1965,09:30:03,$ 3134.71,1
1966,09:30:03,$ 3134.71,1
1967,09:30:03,$ 3134.71,2
1968,09:30:03,$ 3134.71,2
1969,09:30:03,$ 3134.71,1
1970,09:30:03,$ 3134.71,1
1971,09:30:03,$ 3134.71,2
1972,09:30:03,$ 3134.71,1
1973,09:30:03,$ 3134.71,1
1975,09:30:03,$ 3134.71,3
1976,09:30:03,$ 3134.71,1
1977,09:30:03,$ 3134.71,10
1978,09:30:03,$ 3134.71,1
1979,09:30:03,$ 3134.71,4
1980,09:30:03,$ 3134.71,3
1981,09:30:03,$ 3134.71,10
1982,09:30:03,$ 3134.71,1
1983,09:30:03,$ 3134.71,31
1984,09:30:03,$ 3134.71,3
1985,09:30:03,$ 3134.71,1
1986,09:30:03,$ 3134.71,76
1987,09:30:03,$ 3134.71,1
1988,09:30:03,$ 3134.71,60
1989,09:30:03,$ 3134.71,15
1990,09:30:03,$ 3134.71,8
1991,09:30:03,$ 3134.71,3
1992,09:30:03,$ 3134.71,2
1993,09:30:03,$ 3134.71,1
1994,09:30:03,$ 3134.71,3
1996,09:30:03,$ 3134.71,4
1997,09:30:03,$ 3134.71,5
1998,09:30:03,$ 3134.71,3
1999,09:30:03,$ 3134.71,5
2000,09:30:03,$ 3134.71,1
2001,09:30:03,$ 3134.71,20
2002,09:30:03,$ 3134.71,1
2003,09:30:03,$ 3134.71,1
2004,09:30:03,$ 3134.71,2
2005,09:30:03,$ 3134.71,1
2006,09:30:03,$ 3134.71,1
2007,09:30:03,$ 3134.71,5
2008,09:30:03,$ 3134.71,2
2009,09:30:03,$ 3134.71,2
2010,09:30:03,$ 3134.71,10
2011,09:30:03,$ 3134.71,1
2012,09:30:03,$ 3134.71,10
2013,09:30:03,$ 3134.71,1
2014,09:30:03,$ 3134.71,7
2015,09:30:03,$ 3134.71,2
2017,09:30:03,$ 3134.71,10
2018,09:30:03,$ 3134.71,3
2019,09:30:03,$ 3134.71,10
2020,09:30:03,$ 3134.71,2
2021,09:30:03,$ 3134.71,2
2022,09:30:03,$ 3134.71,1
2023,09:30:03,$ 3134.71,2
2024,09:30:03,$ 3134.71,20
2025,09:30:03,$ 3134.71,1
2026,09:30:03,$ 3134.71,47
2027,09:30:03,$ 3134.71,3
2028,09:30:03,$ 3134.71,1
2029,09:30:03,$ 3134.71,3
2030,09:30:03,$ 3134.71,30
2031,09:30:03,$ 3134.71,2
2032,09:30:03,$ 3134.71,24
2033,09:30:03,$ 3134.71,10
2034,09:30:03,$ 3134.71,1
2035,09:30:03,$ 3134.71,27
2036,09:30:03,$ 3134.71,19
2038,09:30:03,$ 3134.71,1
2039,09:30:03,$ 3134.71,1
2040,09:30:03,$ 3134.71,15
2041,09:30:03,$ 3134.71,170
2042,09:30:03,$ 3134.71,3
2043,09:30:03,$ 3134.71,4
2044,09:30:03,$ 3134.71,5
2045,09:30:03,$ 3134.71,3
2046,09:30:03,$ 3134.71,1
2047,09:30:03,$ 3134.71,1
2048,09:30:03,$ 3134.71,1
2049,09:30:03,$ 3134.71,1
2050,09:30:03,$ 3134.71,1
2051,09:30:03,$ 3134.71,1
2052,09:30:03,$ 3134.71,4
2053,09:30:03,$ 3134.71,1
2054,09:30:03,$ 3134.71,10
2055,09:30:03,$ 3134.71,75
2056,09:30:03,$ 3134.71,1
2057,09:30:03,$ 3134.71,78
2059,09:30:03,$ 3134.71,2
2060,09:30:03,$ 3134.71,1
2061,09:30:03,$ 3134.71,1
2062,09:30:03,$ 3134.71,1
2063,09:30:03,$ 3134.71,200
2064,09:30:03,$ 3134.71,3
2065,09:30:03,$ 3134.71,10
2066,09:30:03,$ 3134.71,1
2067,09:30:03,$ 3134.71,1
2068,09:30:03,$ 3134.71,3
2069,09:30:03,$ 3134.71,2
2070,09:30:03,$ 3134.71,1
2071,09:30:03,$ 3134.71,1
2072,09:30:03,$ 3134.71,57
2073,09:30:03,$ 3134.71,1
2074,09:30:03,$ 3134.71,1
2075,09:30:03,$ 3134.71,2
2076,09:30:03,$ 3134.71,3
2077,09:30:03,$ 3134.71,10
2078,09:30:03,$ 3134.71,7
2080,09:30:03,$ 3134.71,1
2081,09:30:03,$ 3134.71,1
2082,09:30:03,$ 3134.71,1
2083,09:30:03,$ 3134.71,5
2084,09:30:03,$ 3134.71,1
2085,09:30:03,$ 3134.71,1
2086,09:30:03,$ 3134.71,30
2087,09:30:03,$ 3134.71,10
2088,09:30:03,$ 3134.71,3
2089,09:30:03,$ 3134.71,5
2090,09:30:03,$ 3134.71,3
2091,09:30:03,$ 3134.71,4
2092,09:30:03,$ 3134.71,1
2093,09:30:03,$ 3134.71,1
2094,09:30:03,$ 3134.71,1
2095,09:30:03,$ 3134.71,6
2096,09:30:03,$ 3134.71,1
2097,09:30:03,$ 3134.71,2
2098,09:30:03,$ 3134.71,10
2099,09:30:03,$ 3134.71,1
2101,09:30:03,$ 3134.71,1
2102,09:30:03,$ 3134.71,8
2103,09:30:03,$ 3134.71,2
2104,09:30:03,$ 3134.71,4
2105,09:30:03,$ 3134.71,2
2106,09:30:03,$ 3134.71,1
2107,09:30:03,$ 3134.71,5
2108,09:30:03,$ 3134.71,1
2109,09:30:03,$ 3134.71,4
2110,09:30:03,$ 3134.71,10
2111,09:30:03,$ 3134.71,2
2112,09:30:03,$ 3134.71,1
2113,09:30:03,$ 3134.71,1
2114,09:30:03,$ 3134.71,1
2115,09:30:03,$ 3134.71,15
2116,09:30:03,$ 3134.71,125
2117,09:30:03,$ 3134.71,1
2118,09:30:03,$ 3134.71,1
2119,09:30:03,$ 3134.71,3
2120,09:30:03,$ 3134.71,1
2122,09:30:03,$ 3134.71,2
2123,09:30:03,$ 3134.71,2
2124,09:30:03,$ 3134.71,2
2125,09:30:03,$ 3134.71,11
2126,09:30:03,$ 3134.71,2
2127,09:30:03,$ 3134.71,3
2128,09:30:03,$ 3134.71,5
2129,09:30:03,$ 3134.71,5
2130,09:30:03,$ 3134.71,1
2131,09:30:03,$ 3134.71,1
2132,09:30:03,$ 3134.71,1
2133,09:30:03,$ 3134.71,1
2134,09:30:03,$ 3134.71,1
2135,09:30:03,$ 3134.71,30
2136,09:30:03,$ 3134.71,4
2137,09:30:03,$ 3134.71,34
2138,09:30:03,$ 3134.71,15
2139,09:30:03,$ 3134.71,3
2140,09:30:03,$ 3134.71,3
2141,09:30:03,$ 3134.71,10
2143,09:30:03,$ 3134.71,6
2144,09:30:03,$ 3134.71,10
2145,09:30:03,$ 3134.71,4
2146,09:30:03,$ 3134.71,10
2147,09:30:03,$ 3134.71,17
2148,09:30:03,$ 3134.71,18
2149,09:30:03,$ 3134.71,2
2150,09:30:03,$ 3134.71,1
2151,09:30:03,$ 3134.71,17
2152,09:30:03,$ 3134.71,1
2153,09:30:03,$ 3134.71,20
2154,09:30:03,$ 3134.71,1
2155,09:30:03,$ 3134.71,127
2156,09:30:03,$ 3134.71,62
2157,09:30:03,$ 3134.71,3
2158,09:30:03,$ 3134.71,1
2159,09:30:03,$ 3134.71,2
2160,09:30:03,$ 3134.71,1
2161,09:30:03,$ 3134.71,31
2162,09:30:03,$ 3134.71,32
2164,09:30:03,$ 3134.71,50
2165,09:30:03,$ 3134.71,7
2166,09:30:03,$ 3134.71,3
2167,09:30:03,$ 3134.71,36
2168,09:30:03,$ 3134.71,5
2169,09:30:03,$ 3134.71,1
2170,09:30:03,$ 3134.71,3
2171,09:30:03,$ 3134.71,3
2172,09:30:03,$ 3134.71,2
2173,09:30:03,$ 3134.71,2
2174,09:30:03,$ 3134.71,1
2175,09:30:03,$ 3134.71,42
2176,09:30:03,$ 3134.71,1
2177,09:30:03,$ 3134.71,1
2178,09:30:03,$ 3134.71,1
2179,09:30:03,$ 3134.71,1
2180,09:30:03,$ 3134.71,3
2181,09:30:03,$ 3134.71,1
2182,09:30:03,$ 3134.71,3
2183,09:30:03,$ 3134.71,3
2185,09:30:03,$ 3134.71,1
2186,09:30:03,$ 3134.71,1
2187,09:30:03,$ 3134.71,3
2188,09:30:03,$ 3134.71,1
2189,09:30:03,$ 3134.71,34
2190,09:30:03,$ 3134.71,8
2191,09:30:03,$ 3134.71,94
2192,09:30:03,$ 3134.71,2
2193,09:30:03,$ 3134.71,79
2194,09:30:03,$ 3134.71,2
2195,09:30:03,$ 3134.71,1
2196,09:30:03,$ 3134.71,2
2197,09:30:03,$ 3134.71,3
2198,09:30:03,$ 3134.71,2
2199,09:30:03,$ 3134.71,23
2200,09:30:03,$ 3134.71,10
2201,09:30:03,$ 3134.71,1
2202,09:30:03,$ 3134.71,1
2203,09:30:03,$ 3134.71,1
2204,09:30:03,$ 3134.71,2
2206,09:30:03,$ 3134.71,3
2207,09:30:03,$ 3134.71,10
2208,09:30:03,$ 3134.71,32
2209,09:30:03,$ 3134.71,2
2210,09:30:03,$ 3134.71,3
2211,09:30:03,$ 3134.71,1
2212,09:30:03,$ 3134.71,5
2213,09:30:03,$ 3134.71,5
2214,09:30:03,$ 3134.71,6
2215,09:30:03,$ 3134.71,"1,321"
2216,09:30:03,$ 3134.71,1
2217,09:30:03,$ 3134.71,150
2218,09:30:03,$ 3134.71,80
2219,09:30:03,$ 3134.71,5
2220,09:30:03,$ 3134.71,19
2221,09:30:03,$ 3134.71,10
2222,09:30:03,$ 3134.71,1
2223,09:30:03,$ 3134.71,20
2224,09:30:03,$ 3134.71,30
2225,09:30:03,$ 3134.71,12
2227,09:30:03,$ 3134.71,29
2228,09:30:03,$ 3134.71,1
2229,09:30:03,$ 3134.71,1
2230,09:30:03,$ 3134.71,116
2231,09:30:03,$ 3134.71,25
2232,09:30:03,$ 3134.71,84
2233,09:30:03,$ 3134.71,1
2234,09:30:03,$ 3134.71,1
2235,09:30:03,$ 3134.71,1
2236,09:30:03,$ 3134.71,2
2237,09:30:03,$ 3134.71,2
2238,09:30:03,$ 3134.71,6
2239,09:30:03,$ 3134.71,1
2240,09:30:03,$ 3134.71,1
2241,09:30:03,$ 3134.71,1
2242,09:30:03,$ 3134.71,4
2243,09:30:03,$ 3134.71,6
2244,09:30:03,$ 3134.71,50
2245,09:30:03,$ 3134.71,1
2246,09:30:03,$ 3134.71,4
2248,09:30:03,$ 3134.71,5
2249,09:30:03,$ 3134.71,1
2250,09:30:03,$ 3134.71,2
2251,09:30:03,$ 3134.71,1
2252,09:30:03,$ 3134.71,10
2253,09:30:03,$ 3134.71,32
2254,09:30:03,$ 3134.71,50
2255,09:30:03,$ 3134.71,22
2256,09:30:03,$ 3134.71,1
2257,09:30:03,$ 3134.71,25
2258,09:30:03,$ 3134.71,1
2259,09:30:03,$ 3134.71,1
2260,09:30:03,$ 3134.71,3
2261,09:30:03,$ 3134.71,1
2262,09:30:03,$ 3134.71,50
2263,09:30:03,$ 3134.71,3
2264,09:30:03,$ 3134.71,1
2265,09:30:03,$ 3134.71,1
2266,09:30:03,$ 3134.71,3
2267,09:30:03,$ 3134.71,20
2269,09:30:03,$ 3134.71,1
2270,09:30:03,$ 3134.71,4
2271,09:30:03,$ 3134.71,1
2272,09:30:03,$ 3134.71,2
2273,09:30:03,$ 3134.71,2
2274,09:30:03,$ 3134.71,1
2275,09:30:03,$ 3134.71,1
2276,09:30:03,$ 3134.71,1
2277,09:30:03,$ 3134.71,4
2278,09:30:03,$ 3134.71,1
2279,09:30:03,$ 3134.71,1
2280,09:30:03,$ 3134.71,1
2281,09:30:03,$ 3134.71,100
2282,09:30:03,$ 3134.71,1
2283,09:30:03,$ 3134.71,1
2284,09:30:03,$ 3134.71,1
2285,09:30:03,$ 3134.71,3
2286,09:30:03,$ 3134.71,1
2287,09:30:03,$ 3134.71,1
2288,09:30:03,$ 3134.71,1
2290,09:30:03,$ 3134.71,1
2291,09:30:03,$ 3134.71,100
2292,09:30:03,$ 3134.71,1
2293,09:30:03,$ 3134.71,3
2294,09:30:03,$ 3134.71,15
2295,09:30:03,$ 3134.71,47
2296,09:30:03,$ 3134.71,3
2297,09:30:03,$ 3134.71,6
2298,09:30:03,$ 3134.71,4
2299,09:30:03,$ 3134.71,1
2300,09:30:03,$ 3134.71,4
2301,09:30:03,$ 3134.71,4
2302,09:30:03,$ 3134.71,8
2303,09:30:03,$ 3134.71,1
2304,09:30:03,$ 3134.71,3
2305,09:30:03,$ 3134.71,3
2306,09:30:03,$ 3134.71,16
2307,09:30:03,$ 3134.71,1
2308,09:30:03,$ 3134.71,1
2309,09:30:03,$ 3134.71,4
2311,09:30:03,$ 3134.71,10
2312,09:30:03,$ 3134.71,2
2313,09:30:03,$ 3134.71,10
2314,09:30:03,$ 3134.71,151
2315,09:30:03,$ 3134.71,3
2316,09:30:03,$ 3134.71,1
2317,09:30:03,$ 3134.71,2
2318,09:30:03,$ 3134.71,9
2319,09:30:03,$ 3134.71,1
2320,09:30:03,$ 3134.71,100
2321,09:30:03,$ 3134.71,2
2322,09:30:03,$ 3134.71,100
2323,09:30:03,$ 3134.71,2
2324,09:30:03,$ 3134.71,1
2325,09:30:03,$ 3134.71,10
2326,09:30:03,$ 3134.71,10
2327,09:30:03,$ 3134.71,10
2328,09:30:03,$ 3134.71,15
2329,09:30:03,$ 3134.71,70
2330,09:30:03,$ 3134.71,4
2332,09:30:03,$ 3134.71,1
2333,09:30:03,$ 3134.71,33
2334,09:30:03,$ 3134.71,4
2335,09:30:03,$ 3134.71,2
2336,09:30:03,$ 3134.71,40
2337,09:30:03,$ 3134.71,1
2338,09:30:03,$ 3134.71,1
2339,09:30:03,$ 3134.71,5
2340,09:30:03,$ 3134.71,3
2341,09:30:03,$ 3134.71,50
2342,09:30:03,$ 3134.71,104
2343,09:30:03,$ 3134.71,1
2344,09:30:03,$ 3134.71,1
2345,09:30:03,$ 3134.71,2
2346,09:30:03,$ 3134.71,1
2347,09:30:03,$ 3134.71,2
2348,09:30:03,$ 3134.71,10
2349,09:30:03,$ 3134.71,2
2350,09:30:03,$ 3134.71,2
2351,09:30:03,$ 3134.71,1
2353,09:30:03,$ 3134.71,2
2354,09:30:03,$ 3134.71,1
2355,09:30:03,$ 3134.71,5
2356,09:30:03,$ 3134.71,3
2357,09:30:03,$ 3134.71,20
2358,09:30:03,$ 3134.71,70
2359,09:30:03,$ 3134.71,20
2360,09:30:03,$ 3134.71,1
2361,09:30:03,$ 3134.71,3
2362,09:30:03,$ 3134.71,10
2363,09:30:03,$ 3134.71,2
2364,09:30:03,$ 3134.71,5
2365,09:30:03,$ 3134.71,19
2366,09:30:03,$ 3134.71,1
2367,09:30:03,$ 3134.71,7
2368,09:30:03,$ 3134.71,3
2369,09:30:03,$ 3134.71,5
2370,09:30:03,$ 3134.71,18
2371,09:30:03,$ 3134.71,36
2372,09:30:03,$ 3134.71,18
2374,09:30:03,$ 3134.71,12
2375,09:30:03,$ 3134.71,27
2376,09:30:03,$ 3134.71,32
2377,09:30:03,$ 3134.71,4
2378,09:30:03,$ 3134.71,2
2379,09:30:03,$ 3134.71,5
2380,09:30:03,$ 3134.71,1
2381,09:30:03,$ 3134.71,1
2382,09:30:03,$ 3134.71,1
2383,09:30:03,$ 3134.71,1
2384,09:30:03,$ 3134.71,"1,094"
2385,09:30:03,$ 3134.71,155
2386,09:30:03,$ 3134.71,1
2387,09:30:03,$ 3134.71,1
2388,09:30:03,$ 3134.71,1
2389,09:30:03,$ 3134.71,32
2390,09:30:03,$ 3134.71,3
2391,09:30:03,$ 3134.71,3
2392,09:30:03,$ 3134.71,1
2393,09:30:03,$ 3134.71,7
2395,09:30:03,$ 3134.71,3
2396,09:30:03,$ 3134.71,2
2397,09:30:03,$ 3134.71,3
2398,09:30:03,$ 3134.71,2
2399,09:30:03,$ 3134.71,2
2400,09:30:03,$ 3134.71,5
2401,09:30:03,$ 3134.71,4
2402,09:30:03,$ 3134.71,22
2403,09:30:03,$ 3134.71,52
2404,09:30:03,$ 3134.71,2
2405,09:30:03,$ 3134.71,1
2406,09:30:03,$ 3134.71,1
2407,09:30:03,$ 3134.71,2
2408,09:30:03,$ 3134.71,5
2409,09:30:03,$ 3134.71,2
2410,09:30:03,$ 3134.71,1
2411,09:30:03,$ 3134.71,2
2412,09:30:03,$ 3134.71,300
2413,09:30:03,$ 3134.71,2
2414,09:30:03,$ 3134.71,1
2416,09:30:03,$ 3134.71,1
2417,09:30:03,$ 3134.71,3
2418,09:30:03,$ 3134.71,13
2419,09:30:03,$ 3134.71,1
2420,09:30:03,$ 3134.71,50
2421,09:30:03,$ 3134.71,1
2422,09:30:03,$ 3134.71,1
2423,09:30:03,$ 3134.71,3
2424,09:30:03,$ 3134.71,7
2425,09:30:03,$ 3134.71,1
2426,09:30:03,$ 3134.71,3
2427,09:30:03,$ 3134.71,2
2428,09:30:03,$ 3134.71,1
2429,09:30:03,$ 3134.71,87
2430,09:30:03,$ 3134.71,1
2431,09:30:03,$ 3134.71,6
2432,09:30:03,$ 3134.71,1
2433,09:30:03,$ 3134.71,6
2434,09:30:03,$ 3134.71,1
2435,09:30:03,$ 3134.71,15
2437,09:30:03,$ 3134.71,800
2438,09:30:03,$ 3134.71,1
2439,09:30:03,$ 3134.71,3
2440,09:30:03,$ 3134.71,10
2441,09:30:03,$ 3134.71,1
2442,09:30:03,$ 3134.71,2
2443,09:30:03,$ 3134.71,30
2444,09:30:03,$ 3134.71,2
2445,09:30:03,$ 3134.71,411
2446,09:30:03,$ 3134.71,2
2447,09:30:03,$ 3134.71,4
2448,09:30:03,$ 3134.71,1
2449,09:30:03,$ 3134.71,6
2450,09:30:03,$ 3134.71,3
2451,09:30:03,$ 3134.71,3
2452,09:30:03,$ 3134.71,1
2453,09:30:03,$ 3134.71,1
2454,09:30:03,$ 3134.71,4
2455,09:30:03,$ 3134.71,5
2456,09:30:03,$ 3134.71,3
2458,09:30:03,$ 3134.71,9
2459,09:30:03,$ 3134.71,6
2460,09:30:03,$ 3134.71,12
2461,09:30:03,$ 3134.71,12
2462,09:30:03,$ 3134.71,16
2463,09:30:03,$ 3134.71,7
2464,09:30:03,$ 3134.71,10
2465,09:30:03,$ 3134.71,4
2466,09:30:03,$ 3134.71,1
2467,09:30:03,$ 3134.71,95
2468,09:30:03,$ 3134.71,15
2469,09:30:03,$ 3134.71,2
2470,09:30:03,$ 3134.71,3
2471,09:30:03,$ 3134.71,10
2472,09:30:03,$ 3134.71,4
2473,09:30:03,$ 3134.71,500
2474,09:30:03,$ 3134.71,3
2475,09:30:03,$ 3134.71,1
2476,09:30:03,$ 3134.71,1
2477,09:30:03,$ 3134.71,1
2479,09:30:03,$ 3134.71,12
2480,09:30:03,$ 3134.71,16
2481,09:30:03,$ 3134.71,8
2482,09:30:03,$ 3134.71,25
2483,09:30:03,$ 3134.71,11
2484,09:30:03,$ 3134.71,5
2485,09:30:03,$ 3134.71,300
2486,09:30:03,$ 3134.71,1
2487,09:30:03,$ 3134.71,2
2488,09:30:03,$ 3134.71,1
2489,09:30:03,$ 3134.71,600
2490,09:30:03,$ 3134.71,1
2491,09:30:03,$ 3134.71,5
2492,09:30:03,$ 3134.71,20
2493,09:30:03,$ 3134.71,75
2494,09:30:03,$ 3134.71,1
2495,09:30:03,$ 3134.71,158
2496,09:30:03,$ 3134.71,33
2497,09:30:03,$ 3134.71,1
2498,09:30:03,$ 3134.71,5
2500,09:30:03,$ 3134.71,2
2501,09:30:03,$ 3134.71,5
2502,09:30:03,$ 3134.71,1
2503,09:30:03,$ 3134.71,3
2504,09:30:03,$ 3134.71,30
2505,09:30:03,$ 3134.71,100
2506,09:30:03,$ 3134.71,10
2507,09:30:03,$ 3134.71,10
2508,09:30:03,$ 3134.71,2
2509,09:30:03,$ 3134.71,2
2510,09:30:03,$ 3134.71,4
2511,09:30:03,$ 3134.71,1
2512,09:30:03,$ 3134.71,"2,000"
2513,09:30:03,$ 3134.71,5
2514,09:30:03,$ 3134.71,2
2515,09:30:03,$ 3134.71,1
2516,09:30:03,$ 3134.71,17
2517,09:30:03,$ 3134.71,1
2518,09:30:03,$ 3134.71,1
2519,09:30:03,$ 3134.71,1
2521,09:30:03,$ 3134.71,4
2522,09:30:03,$ 3134.71,2
2523,09:30:03,$ 3134.71,6
2524,09:30:03,$ 3134.71,19
2525,09:30:03,$ 3134.71,2
2526,09:30:03,$ 3134.71,1
2527,09:30:03,$ 3134.71,1
2528,09:30:03,$ 3134.71,1
2529,09:30:03,$ 3134.71,1
2530,09:30:03,$ 3134.71,3
2531,09:30:03,$ 3134.71,5
2532,09:30:03,$ 3134.71,15
2533,09:30:03,$ 3134.71,1
2534,09:30:03,$ 3134.71,2
2535,09:30:03,$ 3134.71,2
2536,09:30:03,$ 3134.71,3
2537,09:30:03,$ 3134.71,5
2538,09:30:03,$ 3134.71,1
2539,09:30:03,$ 3134.71,1
2540,09:30:03,$ 3134.71,1
2542,09:30:03,$ 3134.71,5
2543,09:30:03,$ 3134.71,1
2544,09:30:03,$ 3134.71,50
2545,09:30:03,$ 3134.71,2
2546,09:30:03,$ 3134.71,1
2547,09:30:03,$ 3134.71,4
2548,09:30:03,$ 3134.71,1
2549,09:30:03,$ 3134.71,12
2550,09:30:03,$ 3134.71,1
2551,09:30:03,$ 3134.71,1
2552,09:30:03,$ 3134.71,15
2553,09:30:03,$ 3134.71,1
2554,09:30:03,$ 3134.71,1
2555,09:30:03,$ 3134.71,4
2556,09:30:03,$ 3134.71,3
2557,09:30:03,$ 3134.71,20
2558,09:30:03,$ 3134.71,4
2559,09:30:03,$ 3134.71,1
2560,09:30:03,$ 3134.71,1
2561,09:30:03,$ 3134.71,1
2563,09:30:03,$ 3134.71,1
2564,09:30:03,$ 3134.71,2
2565,09:30:03,$ 3134.71,25
2566,09:30:03,$ 3134.71,1
2567,09:30:03,$ 3134.71,1
2568,09:30:03,$ 3134.71,1
2569,09:30:03,$ 3134.71,3
2570,09:30:03,$ 3134.71,1
2571,09:30:03,$ 3134.71,2
2572,09:30:03,$ 3134.71,4
2573,09:30:03,$ 3134.71,1
2574,09:30:03,$ 3134.71,1
2575,09:30:03,$ 3134.71,10
2576,09:30:03,$ 3134.71,3
2577,09:30:03,$ 3134.71,2
2578,09:30:03,$ 3134.71,1
2579,09:30:03,$ 3134.71,1
2580,09:30:03,$ 3134.71,5
2581,09:30:03,$ 3134.71,1
2582,09:30:03,$ 3134.71,9
2584,09:30:03,$ 3134.71,31
2585,09:30:03,$ 3134.71,15
2586,09:30:03,$ 3134.71,4
2587,09:30:03,$ 3134.71,1
2588,09:30:03,$ 3134.71,28
2589,09:30:03,$ 3134.71,9
2590,09:30:03,$ 3134.71,48
2591,09:30:03,$ 3134.71,1
2592,09:30:03,$ 3134.71,200
2593,09:30:03,$ 3134.71,100
2594,09:30:03,$ 3134.71,3
2595,09:30:03,$ 3134.71,1
2596,09:30:03,$ 3134.71,2
2597,09:30:03,$ 3134.71,10
2598,09:30:03,$ 3134.71,378
2599,09:30:03,$ 3134.71,2
2600,09:30:03,$ 3134.71,2
2601,09:30:03,$ 3134.71,1
2602,09:30:03,$ 3134.71,3
2603,09:30:03,$ 3134.71,1
2605,09:30:03,$ 3134.71,5
2606,09:30:03,$ 3134.71,5
2607,09:30:03,$ 3134.71,6
2608,09:30:03,$ 3134.71,6
2609,09:30:03,$ 3134.71,1
2610,09:30:03,$ 3134.71,1
2611,09:30:03,$ 3134.71,1
2612,09:30:03,$ 3134.71,1
2613,09:30:03,$ 3134.71,126
2614,09:30:03,$ 3134.71,14
2615,09:30:03,$ 3134.71,2
2616,09:30:03,$ 3134.71,1
2617,09:30:03,$ 3134.71,5
2618,09:30:03,$ 3134.71,1
2619,09:30:03,$ 3134.71,10
2620,09:30:03,$ 3134.71,1
2621,09:30:03,$ 3134.71,38
2622,09:30:03,$ 3134.71,2
2623,09:30:03,$ 3134.71,1
2624,09:30:03,$ 3134.71,1
2626,09:30:03,$ 3134.71,1
2627,09:30:03,$ 3134.71,1
2628,09:30:03,$ 3134.71,11
2629,09:30:03,$ 3134.71,1
2630,09:30:03,$ 3134.71,58
2631,09:30:03,$ 3134.71,5
2632,09:30:03,$ 3134.71,10
2633,09:30:03,$ 3134.71,8
2634,09:30:03,$ 3134.71,250
2635,09:30:03,$ 3134.71,10
2636,09:30:03,$ 3134.71,7
2637,09:30:03,$ 3134.71,5
2638,09:30:03,$ 3134.71,2
2639,09:30:03,$ 3134.71,15
2640,09:30:03,$ 3134.71,5
2641,09:30:03,$ 3134.71,10
2642,09:30:03,$ 3134.71,13
2643,09:30:03,$ 3134.71,5
2644,09:30:03,$ 3134.71,100
2645,09:30:03,$ 3134.71,34
2647,09:30:03,$ 3134.71,3
2648,09:30:03,$ 3134.71,25
2649,09:30:03,$ 3134.71,1
2650,09:30:03,$ 3134.71,4
2651,09:30:03,$ 3134.71,5
2652,09:30:03,$ 3134.71,5
2653,09:30:03,$ 3134.71,5
2654,09:30:03,$ 3134.71,57
2655,09:30:03,$ 3134.71,4
2656,09:30:03,$ 3134.71,1
2657,09:30:03,$ 3134.71,2
2658,09:30:03,$ 3134.71,55
2659,09:30:03,$ 3134.71,12
2660,09:30:03,$ 3134.71,62
2661,09:30:03,$ 3134.71,2
2662,09:30:03,$ 3134.71,26
2663,09:30:03,$ 3134.71,35
2664,09:30:03,$ 3134.71,1
2665,09:30:03,$ 3134.71,1
2666,09:30:03,$ 3134.71,1
2668,09:30:03,$ 3134.71,1
2669,09:30:03,$ 3134.71,1
2670,09:30:03,$ 3134.71,1
2671,09:30:03,$ 3134.71,1
2672,09:30:03,$ 3134.71,1
2673,09:30:03,$ 3134.71,1
2674,09:30:03,$ 3134.71,2
2675,09:30:03,$ 3134.71,1
2676,09:30:03,$ 3134.71,3
2677,09:30:03,$ 3134.71,1
2678,09:30:03,$ 3134.71,3
2679,09:30:03,$ 3134.71,3
2680,09:30:03,$ 3134.71,1
2681,09:30:03,$ 3134.71,2
2682,09:30:03,$ 3134.71,8
2683,09:30:03,$ 3134.71,1
2684,09:30:03,$ 3134.71,17
2685,09:30:03,$ 3134.71,2
2686,09:30:03,$ 3134.71,10
2687,09:30:03,$ 3134.71,1
2689,09:30:03,$ 3134.71,5
2690,09:30:03,$ 3134.71,1
2691,09:30:03,$ 3134.71,1
2692,09:30:03,$ 3134.71,1
2693,09:30:03,$ 3134.71,44
2694,09:30:03,$ 3134.71,82
2695,09:30:03,$ 3134.71,32
2696,09:30:03,$ 3134.71,25
2697,09:30:03,$ 3134.71,28
2698,09:30:03,$ 3134.71,9
2699,09:30:03,$ 3134.71,9
2700,09:30:03,$ 3134.71,2
2701,09:30:03,$ 3134.71,3
2702,09:30:03,$ 3134.71,1
2703,09:30:03,$ 3134.71,3
2704,09:30:03,$ 3134.71,2
2705,09:30:03,$ 3134.71,1
2706,09:30:03,$ 3134.71,13
2707,09:30:03,$ 3134.71,2
2708,09:30:03,$ 3134.71,4
2710,09:30:03,$ 3134.71,3
2711,09:30:03,$ 3134.71,13
2712,09:30:03,$ 3134.71,4
2713,09:30:03,$ 3134.71,3
2714,09:30:03,$ 3134.71,1
2715,09:30:03,$ 3134.71,2
2716,09:30:03,$ 3134.71,2
2717,09:30:03,$ 3134.71,1
2718,09:30:03,$ 3134.71,3
2719,09:30:03,$ 3134.71,2
2720,09:30:03,$ 3134.71,1
2721,09:30:03,$ 3134.71,2
2722,09:30:03,$ 3134.71,6
2723,09:30:03,$ 3134.71,5
2724,09:30:03,$ 3134.71,1
2725,09:30:03,$ 3134.71,1
2726,09:30:03,$ 3134.71,1
2727,09:30:03,$ 3134.71,70
2728,09:30:03,$ 3134.71,2
2729,09:30:03,$ 3134.71,5
2731,09:30:03,$ 3134.71,2
2732,09:30:03,$ 3134.71,1
2733,09:30:03,$ 3134.71,2
2734,09:30:03,$ 3134.71,15
2735,09:30:03,$ 3134.71,1
2736,09:30:03,$ 3134.71,1
2737,09:30:03,$ 3134.71,10
2738,09:30:03,$ 3134.71,1
2739,09:30:03,$ 3134.71,3
2740,09:30:03,$ 3134.71,1
2741,09:30:03,$ 3134.71,1
2742,09:30:03,$ 3134.71,10
2743,09:30:03,$ 3134.71,1
2744,09:30:03,$ 3134.71,52
2745,09:30:03,$ 3134.71,1
2746,09:30:03,$ 3134.71,1
2747,09:30:03,$ 3134.71,1
2748,09:30:03,$ 3134.71,25
2749,09:30:03,$ 3134.71,1
2750,09:30:03,$ 3134.71,5
2752,09:30:03,$ 3134.71,1
2753,09:30:03,$ 3134.71,2
2754,09:30:03,$ 3134.71,1
2755,09:30:03,$ 3134.71,1
2756,09:30:03,$ 3134.71,1
2757,09:30:03,$ 3134.71,25
2758,09:30:03,$ 3134.71,1
2759,09:30:03,$ 3134.71,5
2760,09:30:03,$ 3134.71,5
2761,09:30:03,$ 3134.71,16
2762,09:30:03,$ 3134.71,14
2763,09:30:03,$ 3134.71,15
2764,09:30:03,$ 3134.71,10
2765,09:30:03,$ 3134.71,7
2766,09:30:03,$ 3134.71,1
2767,09:30:03,$ 3134.71,1
2768,09:30:03,$ 3134.71,3
2769,09:30:03,$ 3134.71,2
2770,09:30:03,$ 3134.71,2
2771,09:30:03,$ 3134.71,15
2773,09:30:03,$ 3134.71,1
2774,09:30:03,$ 3134.71,2
2775,09:30:03,$ 3134.71,1
2776,09:30:03,$ 3134.71,30
2777,09:30:03,$ 3134.71,2
2778,09:30:03,$ 3134.71,5
2779,09:30:03,$ 3134.71,15
2780,09:30:03,$ 3134.71,1
2781,09:30:03,$ 3134.71,1
2782,09:30:03,$ 3134.71,52
2783,09:30:03,$ 3134.71,1
2784,09:30:03,$ 3134.71,1
2785,09:30:03,$ 3134.71,19
2786,09:30:03,$ 3134.71,1
2787,09:30:03,$ 3134.71,4
2788,09:30:03,$ 3134.71,33
2789,09:30:03,$ 3134.71,2
2790,09:30:03,$ 3134.71,10
2791,09:30:03,$ 3134.71,2
2792,09:30:03,$ 3134.71,5
2794,09:30:03,$ 3134.71,3
2795,09:30:03,$ 3134.71,2
2796,09:30:03,$ 3134.71,1
2797,09:30:03,$ 3134.71,1
2798,09:30:03,$ 3134.71,1
2799,09:30:03,$ 3134.71,1
2800,09:30:03,$ 3134.71,15
2801,09:30:03,$ 3134.71,1
2802,09:30:03,$ 3134.71,2
2803,09:30:03,$ 3134.71,11
2804,09:30:03,$ 3134.71,3
2805,09:30:03,$ 3134.71,3
2806,09:30:03,$ 3134.71,16
2807,09:30:03,$ 3134.71,6
2808,09:30:03,$ 3134.71,1
2809,09:30:03,$ 3134.71,15
2810,09:30:03,$ 3134.71,4
2811,09:30:03,$ 3134.71,1
2812,09:30:03,$ 3134.71,2
2813,09:30:03,$ 3134.71,1
2815,09:30:03,$ 3134.71,4
2816,09:30:03,$ 3134.71,1
2817,09:30:03,$ 3134.71,2
2818,09:30:03,$ 3134.71,14
2819,09:30:03,$ 3134.71,1
2820,09:30:03,$ 3134.71,1
2821,09:30:03,$ 3134.71,1
2822,09:30:03,$ 3134.71,6
2823,09:30:03,$ 3134.71,1
2824,09:30:03,$ 3134.71,1
2825,09:30:03,$ 3134.71,1
2826,09:30:03,$ 3134.71,2
2827,09:30:03,$ 3134.71,2
2828,09:30:03,$ 3134.71,1
2829,09:30:03,$ 3134.71,4
2830,09:30:03,$ 3134.71,10
2831,09:30:03,$ 3134.71,2
2832,09:30:03,$ 3134.71,2
2833,09:30:03,$ 3134.71,3
2834,09:30:03,$ 3134.71,2
2836,09:30:03,$ 3134.71,3
2837,09:30:03,$ 3134.71,3
2838,09:30:03,$ 3134.71,1
2839,09:30:03,$ 3134.71,5
2840,09:30:03,$ 3134.71,2
2841,09:30:03,$ 3134.71,1
2842,09:30:03,$ 3134.71,2
2843,09:30:03,$ 3134.71,3
2844,09:30:03,$ 3134.71,2
2845,09:30:03,$ 3134.71,3
2846,09:30:03,$ 3134.71,5
2847,09:30:03,$ 3134.71,1
2848,09:30:03,$ 3134.71,1
2849,09:30:03,$ 3134.71,3
2850,09:30:03,$ 3134.71,3
2851,09:30:03,$ 3134.71,7
2852,09:30:03,$ 3134.71,1
2853,09:30:03,$ 3134.71,1
2854,09:30:03,$ 3134.71,3
2855,09:30:03,$ 3134.71,7
2857,09:30:03,$ 3134.71,2
2858,09:30:03,$ 3134.71,1
2859,09:30:03,$ 3134.71,1
2860,09:30:03,$ 3134.71,1
2861,09:30:03,$ 3134.71,10
2862,09:30:03,$ 3134.71,6
2863,09:30:03,$ 3134.71,3
2864,09:30:03,$ 3134.71,2
2865,09:30:03,$ 3134.71,1
2866,09:30:03,$ 3134.71,1
2867,09:30:03,$ 3134.71,4
2868,09:30:03,$ 3134.71,5
2869,09:30:03,$ 3134.71,2
2870,09:30:03,$ 3134.71,3
2871,09:30:03,$ 3134.71,1
2872,09:30:03,$ 3134.71,1
2873,09:30:03,$ 3134.71,1
2874,09:30:03,$ 3134.71,22
2875,09:30:03,$ 3134.71,1
2876,09:30:03,$ 3134.71,1
2878,09:30:03,$ 3134.71,15
2879,09:30:03,$ 3134.71,1
2880,09:30:03,$ 3134.71,1
2881,09:30:03,$ 3134.71,4
2882,09:30:03,$ 3134.71,1
2883,09:30:03,$ 3134.71,2
2884,09:30:03,$ 3134.71,1
2885,09:30:03,$ 3134.71,3
2886,09:30:03,$ 3134.71,5
2887,09:30:03,$ 3134.71,10
2888,09:30:03,$ 3134.71,1
2889,09:30:03,$ 3134.71,3
2890,09:30:03,$ 3134.71,1
2891,09:30:03,$ 3134.71,2
2892,09:30:03,$ 3134.71,1
2893,09:30:03,$ 3134.71,1
2894,09:30:03,$ 3134.71,1
2895,09:30:03,$ 3134.71,1
2896,09:30:03,$ 3134.71,2
2897,09:30:03,$ 3134.71,2
2899,09:30:03,$ 3134.71,8
2900,09:30:03,$ 3134.71,10
2901,09:30:03,$ 3134.71,1
2902,09:30:03,$ 3134.71,3
2903,09:30:03,$ 3134.71,1
2904,09:30:03,$ 3134.71,1
2905,09:30:03,$ 3134.71,2
2906,09:30:03,$ 3134.71,3
2907,09:30:03,$ 3134.71,3
2908,09:30:03,$ 3134.71,2
2909,09:30:03,$ 3134.71,51
2910,09:30:03,$ 3134.71,1
2911,09:30:03,$ 3134.71,5
2912,09:30:03,$ 3134.71,3
2913,09:30:03,$ 3134.71,6
2914,09:30:03,$ 3134.71,5
2915,09:30:03,$ 3134.71,1
2916,09:30:03,$ 3134.71,1
2917,09:30:03,$ 3134.71,160
2918,09:30:03,$ 3134.71,1
2920,09:30:03,$ 3134.71,1
2921,09:30:03,$ 3134.71,7
2922,09:30:03,$ 3134.71,5
2923,09:30:03,$ 3134.71,1
2924,09:30:03,$ 3134.71,1
2925,09:30:03,$ 3134.71,27
2926,09:30:03,$ 3134.71,24
2927,09:30:03,$ 3134.71,9
2928,09:30:03,$ 3134.71,2
2929,09:30:03,$ 3134.71,11
2930,09:30:03,$ 3134.71,1
2931,09:30:03,$ 3134.71,1
2932,09:30:03,$ 3134.71,4
2933,09:30:03,$ 3134.71,1
2934,09:30:03,$ 3134.71,2
2935,09:30:03,$ 3134.71,1
2936,09:30:03,$ 3134.71,4
2937,09:30:03,$ 3134.71,1
2938,09:30:03,$ 3134.71,12
2939,09:30:03,$ 3134.71,1
2941,09:30:03,$ 3134.71,5
2942,09:30:03,$ 3134.71,28
2943,09:30:03,$ 3134.71,3
2944,09:30:03,$ 3134.71,2
2945,09:30:03,$ 3134.71,2
2946,09:30:03,$ 3134.71,1
2947,09:30:03,$ 3134.71,1
2948,09:30:03,$ 3134.71,6
2949,09:30:03,$ 3134.71,10
2950,09:30:03,$ 3134.71,60
2951,09:30:03,$ 3134.71,3
2952,09:30:03,$ 3134.71,1
2953,09:30:03,$ 3134.71,20
2954,09:30:03,$ 3134.71,1
2955,09:30:03,$ 3134.71,2
2956,09:30:03,$ 3134.71,5
2957,09:30:03,$ 3134.71,9
2958,09:30:03,$ 3134.71,6
2959,09:30:03,$ 3134.71,2
2960,09:30:03,$ 3134.71,16
2962,09:30:03,$ 3134.71,3
2963,09:30:03,$ 3134.71,5
2964,09:30:03,$ 3134.71,1
2965,09:30:03,$ 3134.71,2
2966,09:30:03,$ 3134.71,1
2967,09:30:03,$ 3134.71,200
2968,09:30:03,$ 3134.71,3
2969,09:30:03,$ 3134.71,2
2970,09:30:03,$ 3134.71,1
2971,09:30:03,$ 3134.71,1
2972,09:30:03,$ 3134.71,2
2973,09:30:03,$ 3134.71,1
2974,09:30:03,$ 3134.71,9
2975,09:30:03,$ 3134.71,2
2976,09:30:03,$ 3134.71,1
2977,09:30:03,$ 3134.71,1
2978,09:30:03,$ 3134.71,1
2979,09:30:03,$ 3134.71,10
2980,09:30:03,$ 3134.71,1
2981,09:30:03,$ 3134.71,125
2983,09:30:03,$ 3134.71,6
2984,09:30:03,$ 3134.71,1
2985,09:30:03,$ 3134.71,1
2986,09:30:03,$ 3134.71,3
2987,09:30:03,$ 3134.71,10
2988,09:30:03,$ 3134.71,15
2989,09:30:03,$ 3134.71,1
2990,09:30:03,$ 3134.71,2
2991,09:30:03,$ 3134.71,2
2992,09:30:03,$ 3134.71,2
2993,09:30:03,$ 3134.71,5
2994,09:30:03,$ 3134.71,10
2995,09:30:03,$ 3134.71,2
2996,09:30:03,$ 3134.71,1
2997,09:30:03,$ 3134.71,1
2998,09:30:03,$ 3134.71,1
2999,09:30:03,$ 3134.71,40
3000,09:30:03,$ 3134.71,2
3001,09:30:03,$ 3134.71,2
3002,09:30:03,$ 3134.71,40
3004,09:30:03,$ 3134.71,6
3005,09:30:03,$ 3134.71,1
3006,09:30:03,$ 3134.71,2
3007,09:30:03,$ 3134.71,2
3008,09:30:03,$ 3134.71,90
3009,09:30:03,$ 3134.71,5
3010,09:30:03,$ 3134.71,3
3011,09:30:03,$ 3134.71,1
3012,09:30:03,$ 3134.71,11
3013,09:30:03,$ 3134.71,3
3014,09:30:03,$ 3134.71,4
3015,09:30:03,$ 3134.71,3
3016,09:30:03,$ 3134.71,1
3017,09:30:03,$ 3134.71,9
3018,09:30:03,$ 3134.71,4
3019,09:30:03,$ 3134.71,2
3020,09:30:03,$ 3134.71,2
3021,09:30:03,$ 3134.71,3
3022,09:30:03,$ 3134.71,2
3023,09:30:03,$ 3134.71,19
3025,09:30:03,$ 3134.71,1
3026,09:30:03,$ 3134.71,3
3027,09:30:03,$ 3134.71,1
3028,09:30:03,$ 3134.71,2
3029,09:30:03,$ 3134.71,2
3030,09:30:03,$ 3134.71,1
3031,09:30:03,$ 3134.71,5
3032,09:30:03,$ 3134.71,60
3033,09:30:03,$ 3134.71,5
3034,09:30:03,$ 3134.71,5
3035,09:30:03,$ 3134.71,1
3036,09:30:03,$ 3134.71,2
3037,09:30:03,$ 3134.71,1
3038,09:30:03,$ 3134.71,1
3039,09:30:03,$ 3134.71,1
3040,09:30:03,$ 3134.71,5
3041,09:30:03,$ 3134.71,3
3042,09:30:03,$ 3134.71,1
3043,09:30:03,$ 3134.71,2
3044,09:30:03,$ 3134.71,3
3046,09:30:03,$ 3134.71,3
3047,09:30:03,$ 3134.71,1
3048,09:30:03,$ 3134.71,14
3049,09:30:03,$ 3134.71,6
3050,09:30:03,$ 3134.71,2
3051,09:30:03,$ 3134.71,1
3052,09:30:03,$ 3134.71,3
3053,09:30:03,$ 3134.71,3
3054,09:30:03,$ 3134.71,11
3055,09:30:03,$ 3134.71,48
3056,09:30:03,$ 3134.71,15
3057,09:30:03,$ 3134.71,1
3058,09:30:03,$ 3134.71,1
3059,09:30:03,$ 3134.71,2
3060,09:30:03,$ 3134.71,75
3061,09:30:03,$ 3134.71,1
3062,09:30:03,$ 3134.71,1
3063,09:30:03,$ 3134.71,2
3064,09:30:03,$ 3134.71,3
3065,09:30:03,$ 3134.71,1
3067,09:30:03,$ 3134.71,1
3068,09:30:03,$ 3134.71,1
3069,09:30:03,$ 3134.71,1
3070,09:30:03,$ 3134.71,1
3071,09:30:03,$ 3134.71,2
3072,09:30:03,$ 3134.71,2
3073,09:30:03,$ 3134.71,2
3074,09:30:03,$ 3134.71,20
3075,09:30:03,$ 3134.71,7
3076,09:30:03,$ 3134.71,60
3077,09:30:03,$ 3134.71,20
3078,09:30:03,$ 3134.71,10
3079,09:30:03,$ 3134.71,7
3080,09:30:03,$ 3134.71,1
3081,09:30:03,$ 3134.71,1
3082,09:30:03,$ 3134.71,20
3083,09:30:03,$ 3134.71,3
3084,09:30:03,$ 3134.71,7
3085,09:30:03,$ 3134.71,1
3086,09:30:03,$ 3134.71,1
3088,09:30:03,$ 3134.71,5
3089,09:30:03,$ 3134.71,5
3090,09:30:03,$ 3134.71,5
3091,09:30:03,$ 3134.71,7
3092,09:30:03,$ 3134.71,12
3093,09:30:03,$ 3134.71,3
3094,09:30:03,$ 3134.71,5
3095,09:30:03,$ 3134.71,3
3096,09:30:03,$ 3134.71,11
3097,09:30:03,$ 3134.71,1
3098,09:30:03,$ 3134.71,1
3099,09:30:03,$ 3134.71,1
3100,09:30:03,$ 3134.71,1
3101,09:30:03,$ 3134.71,4
3102,09:30:03,$ 3134.71,6
3103,09:30:03,$ 3134.71,5
3104,09:30:03,$ 3134.71,1
3105,09:30:03,$ 3134.71,1
3106,09:30:03,$ 3134.71,1
3107,09:30:03,$ 3134.71,1
3109,09:30:03,$ 3134.71,1
3110,09:30:03,$ 3134.71,3
3111,09:30:03,$ 3134.71,16
3112,09:30:03,$ 3134.71,2
3113,09:30:03,$ 3134.71,5
3114,09:30:03,$ 3134.71,8
3115,09:30:03,$ 3134.71,350
3116,09:30:03,$ 3134.71,5
3117,09:30:03,$ 3134.71,1
3118,09:30:03,$ 3134.71,3
3119,09:30:03,$ 3134.71,1
3120,09:30:03,$ 3134.71,1
3121,09:30:03,$ 3134.71,1
3122,09:30:03,$ 3134.71,8
3123,09:30:03,$ 3134.71,2
3124,09:30:03,$ 3134.71,3
3125,09:30:03,$ 3134.71,1
3126,09:30:03,$ 3134.71,1
3127,09:30:03,$ 3134.71,1
3128,09:30:03,$ 3134.71,5
3130,09:30:03,$ 3134.71,2
3131,09:30:03,$ 3134.71,3
3132,09:30:03,$ 3134.71,1
3133,09:30:03,$ 3134.71,3
3134,09:30:03,$ 3134.71,1
3135,09:30:03,$ 3134.71,1
3136,09:30:03,$ 3134.71,2
3137,09:30:03,$ 3134.71,30
3138,09:30:03,$ 3134.71,2
3139,09:30:03,$ 3134.71,1
3140,09:30:03,$ 3134.71,1
3141,09:30:03,$ 3134.71,3
3142,09:30:03,$ 3134.71,1
3143,09:30:03,$ 3134.71,1
3144,09:30:03,$ 3134.71,2
3145,09:30:03,$ 3134.71,21
3146,09:30:03,$ 3134.71,11
3147,09:30:03,$ 3134.71,9
3148,09:30:03,$ 3134.71,10
3149,09:30:03,$ 3134.71,2
3151,09:30:03,$ 3134.71,1
3152,09:30:03,$ 3134.71,4
3153,09:30:03,$ 3134.71,1
3154,09:30:03,$ 3134.71,1
3155,09:30:03,$ 3134.71,1
3156,09:30:03,$ 3134.71,5
3157,09:30:03,$ 3134.71,1
3158,09:30:03,$ 3134.71,1
3159,09:30:03,$ 3134.71,2
3160,09:30:03,$ 3134.71,1
3161,09:30:03,$ 3134.71,3
3162,09:30:03,$ 3134.71,10
3163,09:30:03,$ 3134.71,3
3164,09:30:03,$ 3134.71,2
3165,09:30:03,$ 3134.71,2
3166,09:30:03,$ 3134.71,3
3167,09:30:03,$ 3134.71,1
3168,09:30:03,$ 3134.71,2
3169,09:30:03,$ 3134.71,2
3170,09:30:03,$ 3134.71,1
3172,09:30:03,$ 3134.71,3
3173,09:30:03,$ 3134.71,20
3174,09:30:03,$ 3134.71,4
3175,09:30:03,$ 3134.71,1
3176,09:30:03,$ 3134.71,1
3177,09:30:03,$ 3134.71,3
3178,09:30:03,$ 3134.71,960
3179,09:30:03,$ 3134.71,2
3180,09:30:03,$ 3134.71,1
3181,09:30:03,$ 3134.71,1
3182,09:30:03,$ 3134.71,8
3183,09:30:03,$ 3134.71,1
3184,09:30:03,$ 3134.71,1
3185,09:30:03,$ 3134.71,1
3186,09:30:03,$ 3134.71,97
3187,09:30:03,$ 3134.71,5
3188,09:30:03,$ 3134.71,2
3189,09:30:03,$ 3134.71,55
3190,09:30:03,$ 3134.71,80
3191,09:30:03,$ 3134.71,10
3193,09:30:03,$ 3134.71,5
3194,09:30:03,$ 3134.71,4
3195,09:30:03,$ 3134.71,1
3196,09:30:03,$ 3134.71,10
3197,09:30:03,$ 3134.71,2
3198,09:30:03,$ 3134.71,1
3199,09:30:03,$ 3134.71,3
3200,09:30:03,$ 3134.71,3
3201,09:30:03,$ 3134.71,1
3202,09:30:03,$ 3134.71,1
3203,09:30:03,$ 3134.71,6
3204,09:30:03,$ 3134.71,21
3205,09:30:03,$ 3134.71,3
3206,09:30:03,$ 3134.71,100
3207,09:30:03,$ 3134.71,6
3208,09:30:03,$ 3134.71,20
3209,09:30:03,$ 3134.71,1
3210,09:30:03,$ 3134.71,1
3211,09:30:03,$ 3134.71,1
3212,09:30:03,$ 3134.71,10
3214,09:30:03,$ 3134.71,10
3215,09:30:03,$ 3134.71,5
3216,09:30:03,$ 3134.71,1
3217,09:30:03,$ 3134.71,1
3218,09:30:03,$ 3134.71,1
3219,09:30:03,$ 3134.71,1
3220,09:30:03,$ 3134.71,1
3221,09:30:03,$ 3134.71,1
3222,09:30:03,$ 3134.71,1
3223,09:30:03,$ 3134.71,1
3224,09:30:03,$ 3134.71,10
3225,09:30:03,$ 3134.71,1
3226,09:30:03,$ 3134.71,1
3227,09:30:03,$ 3134.71,1
3228,09:30:03,$ 3134.71,1
3229,09:30:03,$ 3134.71,3
3230,09:30:03,$ 3134.71,1
3231,09:30:03,$ 3134.71,2
3232,09:30:03,$ 3134.71,2
3233,09:30:03,$ 3134.71,3
3235,09:30:03,$ 3134.71,1
3236,09:30:03,$ 3134.71,3
3237,09:30:03,$ 3134.71,1
3238,09:30:03,$ 3134.71,1
3239,09:30:03,$ 3134.71,1
3240,09:30:03,$ 3134.71,3
3241,09:30:03,$ 3134.71,3
3242,09:30:03,$ 3134.71,5
3243,09:30:03,$ 3134.71,3
3244,09:30:03,$ 3134.71,1
3245,09:30:03,$ 3134.71,1
3246,09:30:03,$ 3134.71,5
3247,09:30:03,$ 3134.71,2
3248,09:30:03,$ 3134.71,1
3249,09:30:03,$ 3134.71,13
3250,09:30:03,$ 3134.71,5
3251,09:30:03,$ 3134.71,8
3252,09:30:03,$ 3134.71,5
3253,09:30:03,$ 3134.71,1
3254,09:30:03,$ 3134.71,5
3256,09:30:03,$ 3134.71,1
3257,09:30:03,$ 3134.71,10
3258,09:30:03,$ 3134.71,5
3259,09:30:03,$ 3134.71,2
3260,09:30:03,$ 3134.71,1
3261,09:30:03,$ 3134.71,5
3262,09:30:03,$ 3134.71,1
3263,09:30:03,$ 3134.71,5
3264,09:30:03,$ 3134.71,1
3265,09:30:03,$ 3134.71,1
3266,09:30:03,$ 3134.71,1
3267,09:30:03,$ 3134.71,1
3268,09:30:03,$ 3134.71,2
3269,09:30:03,$ 3134.71,1
3270,09:30:03,$ 3134.71,2
3271,09:30:03,$ 3134.71,1
3272,09:30:03,$ 3134.71,2
3273,09:30:03,$ 3134.71,3
3274,09:30:03,$ 3134.71,2
3275,09:30:03,$ 3134.71,3
3277,09:30:03,$ 3134.71,1
3278,09:30:03,$ 3134.71,9
3279,09:30:03,$ 3134.71,3
3280,09:30:03,$ 3134.71,5
3281,09:30:03,$ 3134.71,13
3282,09:30:03,$ 3134.71,9
3283,09:30:03,$ 3134.71,2
3284,09:30:03,$ 3134.71,10
3285,09:30:03,$ 3134.71,10
3286,09:30:03,$ 3134.71,2
3287,09:30:03,$ 3134.71,5
3288,09:30:03,$ 3134.71,3
3289,09:30:03,$ 3134.71,2
3290,09:30:03,$ 3134.71,1
3291,09:30:03,$ 3134.71,1
3292,09:30:03,$ 3134.71,4
3293,09:30:03,$ 3134.71,3
3294,09:30:03,$ 3134.71,1
3295,09:30:03,$ 3134.71,1
3296,09:30:03,$ 3134.71,1
3298,09:30:03,$ 3134.71,1
3299,09:30:03,$ 3134.71,5
3300,09:30:03,$ 3134.71,1
3301,09:30:03,$ 3134.71,1
3302,09:30:03,$ 3134.71,3
3303,09:30:03,$ 3134.71,1
3304,09:30:03,$ 3134.71,6
3305,09:30:03,$ 3134.71,30
3306,09:30:03,$ 3134.71,10
3307,09:30:03,$ 3134.71,3
3308,09:30:03,$ 3134.71,5
3309,09:30:03,$ 3134.71,12
3310,09:30:03,$ 3134.71,2
3311,09:30:03,$ 3134.71,3
3312,09:30:03,$ 3134.71,36
3313,09:30:03,$ 3134.71,1
3314,09:30:03,$ 3134.71,15
3315,09:30:03,$ 3134.71,3
3316,09:30:03,$ 3134.71,1
3317,09:30:03,$ 3134.71,3
3319,09:30:03,$ 3134.71,1
3320,09:30:03,$ 3134.71,10
3321,09:30:03,$ 3134.71,5
3322,09:30:03,$ 3134.71,10
3323,09:30:03,$ 3134.71,10
3324,09:30:03,$ 3134.71,1
3325,09:30:03,$ 3134.71,1
3326,09:30:03,$ 3134.71,3
3327,09:30:03,$ 3134.71,8
3328,09:30:03,$ 3134.71,3
3329,09:30:03,$ 3134.71,3
3330,09:30:03,$ 3134.71,1
3331,09:30:03,$ 3134.71,1
3332,09:30:03,$ 3134.71,6
3333,09:30:03,$ 3134.71,1
3334,09:30:03,$ 3134.71,1
3335,09:30:03,$ 3134.71,28
3336,09:30:03,$ 3134.71,1
3337,09:30:03,$ 3134.71,2
3338,09:30:03,$ 3134.71,10
3340,09:30:03,$ 3134.71,1
3341,09:30:03,$ 3134.71,1
3342,09:30:03,$ 3134.71,5
3343,09:30:03,$ 3134.71,5
3344,09:30:03,$ 3134.71,3
3345,09:30:03,$ 3134.71,1
3346,09:30:03,$ 3134.71,15
3347,09:30:03,$ 3134.71,10
3348,09:30:03,$ 3134.71,1
3349,09:30:03,$ 3134.71,1
3350,09:30:03,$ 3134.71,2
3351,09:30:03,$ 3134.71,15
3352,09:30:03,$ 3134.71,5
3353,09:30:03,$ 3134.71,1
3354,09:30:03,$ 3134.71,1
3355,09:30:03,$ 3134.71,1
3356,09:30:03,$ 3134.71,1
3357,09:30:03,$ 3134.71,1
3358,09:30:03,$ 3134.71,3
3359,09:30:03,$ 3134.71,1
3361,09:30:03,$ 3134.71,1
3362,09:30:03,$ 3134.71,1
3363,09:30:03,$ 3134.71,1
3364,09:30:03,$ 3134.71,15
3365,09:30:03,$ 3134.71,5
3366,09:30:03,$ 3134.71,1
3367,09:30:03,$ 3134.71,1
3368,09:30:03,$ 3134.71,1
3369,09:30:03,$ 3134.71,4
3370,09:30:03,$ 3134.71,2
3371,09:30:03,$ 3134.71,1
3372,09:30:03,$ 3134.71,1
3373,09:30:03,$ 3134.71,1
3374,09:30:03,$ 3134.71,1
3375,09:30:03,$ 3134.71,9
3376,09:30:03,$ 3134.71,2
3377,09:30:03,$ 3134.71,1
3378,09:30:03,$ 3134.71,1
3379,09:30:03,$ 3134.71,3
3380,09:30:03,$ 3134.71,1
3382,09:30:03,$ 3134.71,4
3383,09:30:03,$ 3134.71,3
3384,09:30:03,$ 3134.71,3
3385,09:30:03,$ 3134.71,13
3386,09:30:03,$ 3134.71,24
3387,09:30:03,$ 3134.71,3
3388,09:30:03,$ 3134.71,88
3389,09:30:03,$ 3134.71,1
3390,09:30:03,$ 3134.71,14
3391,09:30:03,$ 3134.71,1
3392,09:30:03,$ 3134.71,1
3393,09:30:03,$ 3134.71,1
3394,09:30:03,$ 3134.71,27
3395,09:30:03,$ 3134.71,5
3396,09:30:03,$ 3134.71,1
3397,09:30:03,$ 3134.71,1
3398,09:30:03,$ 3134.71,6
3399,09:30:03,$ 3134.71,1
3400,09:30:03,$ 3134.71,2
3401,09:30:03,$ 3134.71,1
3403,09:30:03,$ 3134.71,16
3404,09:30:03,$ 3134.71,10
3405,09:30:03,$ 3134.71,85
3406,09:30:03,$ 3134.71,2
3407,09:30:03,$ 3134.71,2
3408,09:30:03,$ 3134.71,10
3409,09:30:03,$ 3134.71,20
3410,09:30:03,$ 3134.71,8
3411,09:30:03,$ 3134.71,2
3412,09:30:03,$ 3134.71,1
3413,09:30:03,$ 3134.71,5
3414,09:30:03,$ 3134.71,1
3415,09:30:03,$ 3134.71,2
3416,09:30:03,$ 3134.71,"1,000"
3417,09:30:03,$ 3134.71,1
3418,09:30:03,$ 3134.71,1
3419,09:30:03,$ 3134.71,1
3420,09:30:03,$ 3134.71,20
3421,09:30:03,$ 3134.71,1
3422,09:30:03,$ 3134.71,1
3424,09:30:03,$ 3134.71,1
3425,09:30:03,$ 3134.71,1
3426,09:30:03,$ 3134.71,3
3427,09:30:03,$ 3134.71,1
3428,09:30:03,$ 3134.71,1
3429,09:30:03,$ 3134.71,1
3430,09:30:03,$ 3134.71,1
3431,09:30:03,$ 3134.71,5
3432,09:30:03,$ 3134.71,5
3433,09:30:03,$ 3134.71,1
3434,09:30:03,$ 3134.71,1
3435,09:30:03,$ 3134.71,4
3436,09:30:03,$ 3134.71,1
3437,09:30:03,$ 3134.71,1
3438,09:30:03,$ 3134.71,2
3439,09:30:03,$ 3134.71,1
3440,09:30:03,$ 3134.71,1
3441,09:30:03,$ 3134.71,3
3442,09:30:03,$ 3134.71,2
3443,09:30:03,$ 3134.71,1
3445,09:30:03,$ 3134.71,2
3446,09:30:03,$ 3134.71,8
3447,09:30:03,$ 3134.71,15
3448,09:30:03,$ 3134.71,1
3449,09:30:03,$ 3134.71,10
3450,09:30:03,$ 3134.71,3
3451,09:30:03,$ 3134.71,1
3452,09:30:03,$ 3134.71,1
3453,09:30:03,$ 3134.71,1
3454,09:30:03,$ 3134.71,15
3455,09:30:03,$ 3134.71,2
3456,09:30:03,$ 3134.71,4
3457,09:30:03,$ 3134.71,3
3458,09:30:03,$ 3134.71,2
3459,09:30:03,$ 3134.71,1
3460,09:30:03,$ 3134.71,6
3461,09:30:03,$ 3134.71,1
3462,09:30:03,$ 3134.71,1
3463,09:30:03,$ 3134.71,1
3464,09:30:03,$ 3134.71,2
3466,09:30:03,$ 3134.71,1
3467,09:30:03,$ 3134.71,1
3468,09:30:03,$ 3134.71,2
3469,09:30:03,$ 3134.71,1
3470,09:30:03,$ 3134.71,2
3471,09:30:03,$ 3134.71,1
3472,09:30:03,$ 3134.71,1
3473,09:30:03,$ 3134.71,1
3474,09:30:03,$ 3134.71,1
3475,09:30:03,$ 3134.71,1
3476,09:30:03,$ 3134.71,30
3477,09:30:03,$ 3134.71,2
3478,09:30:03,$ 3134.71,2
3479,09:30:03,$ 3134.71,1
3480,09:30:03,$ 3134.71,1
3481,09:30:03,$ 3134.71,"1,000"
3482,09:30:03,$ 3134.71,2
3483,09:30:03,$ 3134.71,5
3484,09:30:03,$ 3134.71,5
3485,09:30:03,$ 3134.71,8
3487,09:30:03,$ 3134.71,3
3488,09:30:03,$ 3134.71,5
3489,09:30:03,$ 3134.71,2
3490,09:30:03,$ 3134.71,1
3491,09:30:03,$ 3134.71,2
3492,09:30:03,$ 3134.71,4
3493,09:30:03,$ 3134.71,3
3494,09:30:03,$ 3134.71,5
3495,09:30:03,$ 3134.71,3
3496,09:30:03,$ 3134.71,8
3497,09:30:03,$ 3134.71,5
3498,09:30:03,$ 3134.71,1
3499,09:30:03,$ 3134.71,2
3500,09:30:03,$ 3134.71,752
3501,09:30:03,$ 3134.71,8
3502,09:30:03,$ 3134.71,1
3503,09:30:03,$ 3134.71,2
3504,09:30:03,$ 3134.71,1
3505,09:30:03,$ 3134.71,1
3506,09:30:03,$ 3134.71,5
3508,09:30:03,$ 3134.71,1
3509,09:30:03,$ 3134.71,1
3510,09:30:03,$ 3134.71,20
3511,09:30:03,$ 3134.71,2
3512,09:30:03,$ 3134.71,1
3513,09:30:03,$ 3134.71,3
3514,09:30:03,$ 3134.71,1
3515,09:30:03,$ 3134.71,1
3516,09:30:03,$ 3134.71,2
3517,09:30:03,$ 3134.71,24
3518,09:30:03,$ 3134.71,4
3519,09:30:03,$ 3134.71,16
3520,09:30:03,$ 3134.71,123
3521,09:30:03,$ 3134.71,3
3522,09:30:03,$ 3134.71,2
3523,09:30:03,$ 3134.71,13
3524,09:30:03,$ 3134.71,"1,000"
3525,09:30:03,$ 3134.71,219
3526,09:30:03,$ 3134.71,253
3527,09:30:03,$ 3134.71,3
3529,09:30:03,$ 3134.71,2
3530,09:30:03,$ 3134.71,6
3531,09:30:03,$ 3134.71,91
3532,09:30:03,$ 3134.71,14
3533,09:30:03,$ 3134.71,18
3534,09:30:03,$ 3134.71,3
3535,09:30:03,$ 3134.71,200
3536,09:30:03,$ 3134.71,15
3537,09:30:03,$ 3134.71,1
3538,09:30:03,$ 3134.71,100
3539,09:30:03,$ 3134.71,1
3540,09:30:03,$ 3134.71,10
3541,09:30:03,$ 3134.71,5
3542,09:30:03,$ 3134.71,21
3543,09:30:03,$ 3134.71,100
3544,09:30:03,$ 3134.71,29
3545,09:30:03,$ 3134.71,5
3546,09:30:03,$ 3134.71,3
3547,09:30:03,$ 3134.71,40
3548,09:30:03,$ 3134.71,294
3550,09:30:03,$ 3134.71,252
3551,09:30:03,$ 3134.71,"1,000"
3552,09:30:03,$ 3134.71,10
3553,09:30:03,$ 3134.71,1
3554,09:30:03,$ 3134.71,100
3555,09:30:03,$ 3134.71,25
3556,09:30:03,$ 3134.71,500
3557,09:30:03,$ 3134.71,300
3558,09:30:03,$ 3134.71,13
3559,09:30:03,$ 3134.71,1
3560,09:30:03,$ 3134.71,105
3561,09:30:03,$ 3134.71,10
3562,09:30:03,$ 3134.71,2
3563,09:30:03,$ 3134.71,1
3564,09:30:03,$ 3134.71,50
3565,09:30:03,$ 3134.71,1
3566,09:30:03,$ 3134.71,546
3567,09:30:03,$ 3134.71,3
3568,09:30:03,$ 3134.71,3
3569,09:30:03,$ 3134.71,13
3571,09:30:03,$ 3134.71,1
3572,09:30:03,$ 3134.71,20
3573,09:30:03,$ 3134.71,1
3574,09:30:03,$ 3134.71,5
3575,09:30:03,$ 3134.71,252
3576,09:30:03,$ 3134.71,1
3577,09:30:03,$ 3134.71,2
3578,09:30:03,$ 3134.71,379
3579,09:30:03,$ 3134.71,1
3580,09:30:03,$ 3134.71,2
3581,09:30:03,$ 3134.71,144
3582,09:30:03,$ 3134.71,25
3583,09:30:03,$ 3134.71,2
3584,09:30:03,$ 3134.71,500
3585,09:30:03,$ 3134.71,32
3586,09:30:03,$ 3134.71,5
3587,09:30:03,$ 3134.71,5
3588,09:30:03,$ 3134.71,2
3589,09:30:03,$ 3134.71,"1,263"
3590,09:30:03,$ 3134.71,"1,040"
3592,09:30:03,$ 3134.71,2
3593,09:30:03,$ 3134.71,2
3594,09:30:03,$ 3134.71,2
3595,09:30:03,$ 3134.71,60
3596,09:30:03,$ 3134.71,212
3597,09:30:03,$ 3134.71,12
3598,09:30:03,$ 3134.71,141
3599,09:30:03,$ 3134.71,71
3600,09:30:03,$ 3134.71,2
3601,09:30:03,$ 3134.71,9
3602,09:30:03,$ 3134.71,8
3603,09:30:03,$ 3134.71,1
3604,09:30:03,$ 3134.71,535
3605,09:30:03,$ 3134.71,13
3606,09:30:03,$ 3134.71,6
3607,09:30:03,$ 3134.71,101
3608,09:30:03,$ 3134.71,3
3609,09:30:03,$ 3134.71,2
3610,09:30:03,$ 3134.71,1
3611,09:30:03,$ 3134.71,7
3613,09:30:03,$ 3134.71,3
3614,09:30:03,$ 3134.71,23
3615,09:30:03,$ 3134.71,1
3616,09:30:03,$ 3134.71,194
3617,09:30:03,$ 3134.71,300
3618,09:30:03,$ 3134.71,2
3619,09:30:03,$ 3134.71,20
3620,09:30:03,$ 3134.71,1
3621,09:30:03,$ 3134.71,12
3622,09:30:03,$ 3134.71,1
3623,09:30:03,$ 3134.71,1
3624,09:30:03,$ 3134.71,2
3625,09:30:03,$ 3134.71,10
3626,09:30:03,$ 3134.71,1
3627,09:30:03,$ 3134.71,200
3628,09:30:03,$ 3134.71,1
3629,09:30:03,$ 3134.71,2
3630,09:30:03,$ 3134.71,3
3631,09:30:03,$ 3134.71,364
3632,09:30:03,$ 3134.71,758
3634,09:30:03,$ 3134.71,5
3635,09:30:03,$ 3134.71,5
3636,09:30:03,$ 3134.71,1
3637,09:30:03,$ 3134.71,"5,000"
3638,09:30:03,$ 3134.71,1
3639,09:30:03,$ 3134.71,3
3640,09:30:03,$ 3134.71,2
3641,09:30:03,$ 3134.71,2
3642,09:30:03,$ 3134.71,82
3643,09:30:03,$ 3134.71,18
3644,09:30:03,$ 3134.71,7
3645,09:30:03,$ 3134.71,1
3646,09:30:03,$ 3134.71,343
3647,09:30:03,$ 3134.71,1
3648,09:30:03,$ 3134.71,"1,009"
3649,09:30:03,$ 3134.71,44
3650,09:30:03,$ 3134.71,77
3651,09:30:03,$ 3134.71,1
3652,09:30:03,$ 3134.71,100
3653,09:30:03,$ 3134.71,1
3655,09:30:03,$ 3134.71,75
3656,09:30:03,$ 3134.71,93
3657,09:30:03,$ 3134.71,35
3658,09:30:03,$ 3134.71,"3,700"
3659,09:30:03,$ 3134.71,4
3660,09:30:03,$ 3134.71,2
3661,09:30:03,$ 3134.71,2
3662,09:30:03,$ 3134.71,10
3663,09:30:03,$ 3134.71,24
3664,09:30:03,$ 3134.71,2
3665,09:30:03,$ 3134.71,102
3666,09:30:03,$ 3134.71,1
3667,09:30:03,$ 3134.71,698
3668,09:30:03,$ 3134.71,2
3669,09:30:03,$ 3134.71,16
3670,09:30:03,$ 3134.71,3
3671,09:30:03,$ 3134.71,1
3672,09:30:03,$ 3134.71,5
3673,09:30:03,$ 3134.71,5
3674,09:30:03,$ 3134.71,3
3676,09:30:03,$ 3134.71,3
3677,09:30:03,$ 3134.71,10
3678,09:30:03,$ 3134.71,3
3679,09:30:03,$ 3134.71,70
3680,09:30:03,$ 3134.71,128
3681,09:30:03,$ 3134.71,1
3682,09:30:03,$ 3134.71,1
3683,09:30:03,$ 3134.71,43
3684,09:30:03,$ 3134.71,1
3685,09:30:03,$ 3134.71,1
3686,09:30:03,$ 3134.71,10
3687,09:30:03,$ 3134.71,9
3688,09:30:03,$ 3134.71,2
3689,09:30:03,$ 3134.71,2
3690,09:30:03,$ 3134.71,2
3691,09:30:03,$ 3134.71,5
3692,09:30:03,$ 3134.71,5
3693,09:30:03,$ 3134.71,35
3694,09:30:03,$ 3134.71,35
3695,09:30:03,$ 3134.71,1
3697,09:30:03,$ 3134.71,176
3698,09:30:03,$ 3134.71,33
3699,09:30:03,$ 3134.71,10
3700,09:30:03,$ 3134.71,1
3701,09:30:03,$ 3134.71,5
3702,09:30:03,$ 3134.71,100
3703,09:30:03,$ 3134.71,78
3704,09:30:03,$ 3134.71,12
3705,09:30:03,$ 3134.71,2
3706,09:30:03,$ 3134.71,79
3707,09:30:03,$ 3134.71,10
3708,09:30:03,$ 3134.71,1
3709,09:30:03,$ 3134.71,6
3710,09:30:03,$ 3134.71,12
3711,09:30:03,$ 3134.71,10
3712,09:30:03,$ 3134.71,106
3713,09:30:03,$ 3134.71,1
3714,09:30:03,$ 3134.71,7
3715,09:30:03,$ 3134.71,50
3716,09:30:03,$ 3134.71,711
3718,09:30:03,$ 3134.71,15
3719,09:30:03,$ 3134.71,1
3720,09:30:03,$ 3134.71,31
3721,09:30:03,$ 3134.71,5
3722,09:30:03,$ 3134.71,20
3723,09:30:03,$ 3134.71,2
3724,09:30:03,$ 3134.71,2
3725,09:30:03,$ 3134.71,3
3726,09:30:03,$ 3134.71,2
3727,09:30:03,$ 3134.71,3
3728,09:30:03,$ 3134.71,29
3729,09:30:03,$ 3134.71,1
3730,09:30:03,$ 3134.71,6
3731,09:30:03,$ 3134.71,5
3732,09:30:03,$ 3134.71,175
3733,09:30:03,$ 3134.71,1
3734,09:30:03,$ 3134.71,1
3735,09:30:03,$ 3134.71,80
3736,09:30:03,$ 3134.71,1
3737,09:30:03,$ 3134.71,1
3739,09:30:03,$ 3134.71,2
3740,09:30:03,$ 3134.71,3
3741,09:30:03,$ 3134.71,15
3742,09:30:03,$ 3134.71,1
3743,09:30:03,$ 3134.71,1
3744,09:30:03,$ 3134.71,2
3745,09:30:03,$ 3134.71,3
3746,09:30:03,$ 3134.71,1
3747,09:30:03,$ 3134.71,1
3748,09:30:03,$ 3134.71,10
3749,09:30:03,$ 3134.71,13
3750,09:30:03,$ 3134.71,1
3751,09:30:03,$ 3134.71,1
3752,09:30:03,$ 3134.71,1
3753,09:30:03,$ 3134.71,2
3754,09:30:03,$ 3134.71,2
3755,09:30:03,$ 3134.71,1
3756,09:30:03,$ 3134.71,3
3757,09:30:03,$ 3134.71,10
3758,09:30:03,$ 3134.71,5
3760,09:30:03,$ 3134.71,12
3761,09:30:03,$ 3134.71,10
3762,09:30:03,$ 3134.71,5
3763,09:30:03,$ 3134.71,2
3764,09:30:03,$ 3134.71,5
3765,09:30:03,$ 3134.71,5
3766,09:30:03,$ 3134.71,1
3767,09:30:03,$ 3134.71,2
3768,09:30:03,$ 3134.71,200
3769,09:30:03,$ 3134.71,1
3770,09:30:03,$ 3134.71,4
3771,09:30:03,$ 3134.71,5
3772,09:30:03,$ 3134.71,2
3773,09:30:03,$ 3134.71,30
3774,09:30:03,$ 3134.71,2
3775,09:30:03,$ 3134.71,1
3776,09:30:03,$ 3134.71,1
3777,09:30:03,$ 3134.71,1
3778,09:30:03,$ 3134.71,1
3779,09:30:03,$ 3134.71,1
3781,09:30:03,$ 3134.71,1
3782,09:30:03,$ 3134.71,4
3783,09:30:03,$ 3134.71,1
3784,09:30:03,$ 3134.71,1
3785,09:30:03,$ 3134.71,1
3786,09:30:03,$ 3134.71,3
3787,09:30:03,$ 3134.71,1
3788,09:30:03,$ 3134.71,1
3789,09:30:03,$ 3134.71,1
3790,09:30:03,$ 3134.71,9
3791,09:30:03,$ 3134.71,25
3792,09:30:03,$ 3134.71,95
3793,09:30:03,$ 3134.71,1
3794,09:30:03,$ 3134.71,1
3795,09:30:03,$ 3134.71,1
3796,09:30:03,$ 3134.71,1
3797,09:30:03,$ 3134.71,10
3798,09:30:03,$ 3134.71,12
3799,09:30:03,$ 3134.71,5
3800,09:30:03,$ 3134.71,1
3802,09:30:03,$ 3134.71,1
3803,09:30:03,$ 3134.71,5
3804,09:30:03,$ 3134.71,10
3805,09:30:03,$ 3134.71,2
3806,09:30:03,$ 3134.71,4
3807,09:30:03,$ 3134.71,1
3808,09:30:03,$ 3134.71,1
3809,09:30:03,$ 3134.71,5
3810,09:30:03,$ 3134.71,125
3811,09:30:03,$ 3134.71,10
3812,09:30:03,$ 3134.71,30
3813,09:30:03,$ 3134.71,22
3814,09:30:03,$ 3134.71,50
3815,09:30:03,$ 3134.71,2
3816,09:30:03,$ 3134.71,3
3817,09:30:03,$ 3134.71,6
3818,09:30:03,$ 3134.71,3
3819,09:30:03,$ 3134.71,3
3820,09:30:03,$ 3134.71,3
3821,09:30:03,$ 3134.71,1
3823,09:30:03,$ 3134.71,1
3824,09:30:03,$ 3134.71,1
3825,09:30:03,$ 3134.71,1
3826,09:30:03,$ 3134.71,5
3827,09:30:03,$ 3134.71,2
3828,09:30:03,$ 3134.71,7
3829,09:30:03,$ 3134.71,2
3830,09:30:03,$ 3134.71,45
3831,09:30:03,$ 3134.71,1
3832,09:30:03,$ 3134.71,1
3833,09:30:03,$ 3134.71,9
3834,09:30:03,$ 3134.71,1
3835,09:30:03,$ 3134.71,5
3836,09:30:03,$ 3134.71,3
3837,09:30:03,$ 3134.71,1
3838,09:30:03,$ 3134.71,3
3839,09:30:03,$ 3134.71,5
3840,09:30:03,$ 3134.71,1
3841,09:30:03,$ 3134.71,1
3842,09:30:03,$ 3134.71,1
3844,09:30:03,$ 3134.71,1
3845,09:30:03,$ 3134.71,50
3846,09:30:03,$ 3134.71,16
3847,09:30:03,$ 3134.71,100
3848,09:30:03,$ 3134.71,1
3849,09:30:03,$ 3134.71,5
3850,09:30:03,$ 3134.71,200
3851,09:30:03,$ 3134.71,1
3852,09:30:03,$ 3134.71,1
3853,09:30:03,$ 3134.71,1
3854,09:30:03,$ 3134.71,1
3855,09:30:03,$ 3134.71,1
3856,09:30:03,$ 3134.71,7
3857,09:30:03,$ 3134.71,1
3858,09:30:03,$ 3134.71,25
3859,09:30:03,$ 3134.71,7
3860,09:30:03,$ 3134.71,1
3861,09:30:03,$ 3134.71,2
3862,09:30:03,$ 3134.71,1
3863,09:30:03,$ 3134.71,1
3865,09:30:03,$ 3134.71,3
3866,09:30:03,$ 3134.71,1
3867,09:30:03,$ 3134.71,15
3868,09:30:03,$ 3134.71,2
3869,09:30:03,$ 3134.71,1
3870,09:30:03,$ 3134.71,1
3871,09:30:03,$ 3134.71,1
3872,09:30:03,$ 3134.71,1
3873,09:30:03,$ 3134.71,1
3874,09:30:03,$ 3134.71,1
3875,09:30:03,$ 3134.71,200
3876,09:30:03,$ 3134.71,24
3877,09:30:03,$ 3134.71,1
3878,09:30:03,$ 3134.71,1
3879,09:30:03,$ 3134.71,1
3880,09:30:03,$ 3134.71,1
3881,09:30:03,$ 3134.71,1
3882,09:30:03,$ 3134.71,2
3883,09:30:03,$ 3134.71,2
