,NLS Time (ET),NLS Price,NLS Share Volume
1,09:59:50,$ 3447.46,100
2,09:59:50,$ 3447.52,100
3,09:59:50,$ 3447.52,100
4,09:59:44,$ 3448.21,100
5,09:59:44,$ 3448.17,100
6,09:59:16,$ 3448.86,150
7,09:59:05,$ 3448.21,100
8,09:59:05,$ 3449.28,108
9,09:59:02,$ 3449.3345,100
10,09:58:59,$ 3448.17,155
11,09:58:41,$ 3449.70,100
12,09:58:20,$ 3449.415,368
13,09:58:07,$ 3448.59,100
14,09:58:05,$ 3449.01,100
15,09:58:04,$ 3448.7175,100
16,09:58:04,$ 3448.7175,100
17,09:58:04,$ 3448.5125,100
18,09:58:02,$ 3449.85,100
19,09:57:55,$ 3450.85,100
20,09:57:52,$ 3451.47,100
22,09:57:51,$ 3450.33,100
23,09:57:45,$ 3449.4999,100
24,09:57:44,$ 3449.50,100
25,09:57:32,$ 3448.79,106
26,09:57:21,$ 3449.06,100
27,09:57:18,$ 3449.0139,112
28,09:56:46,$ 3448.14,100
29,09:56:39,$ 3446.6901,300
30,09:56:35,$ 3446.39,100
31,09:56:13,$ 3445.1466,300
32,09:56:07,$ 3445.0889,290
33,09:56:04,$ 3444.55,100
34,09:56:00,$ 3445.10,100
35,09:55:35,$ 3445.00,215
36,09:55:35,$ 3445.00,100
37,09:55:34,$ 3445.30,100
38,09:55:33,$ 3445.35,100
39,09:55:33,$ 3445.35,100
40,09:55:19,$ 3443.54,100
41,09:55:09,$ 3443.72,100
43,09:55:09,$ 3443.87,100
44,09:55:09,$ 3443.87,100
45,09:55:08,$ 3443.37,100
46,09:54:57,$ 3442.755,100
47,09:54:56,$ 3442.84,100
48,09:54:56,$ 3443.64,100
49,09:54:55,$ 3444.46,100
50,09:54:52,$ 3443.76,100
51,09:54:46,$ 3443.01,100
52,09:54:28,$ 3445.34,100
53,09:54:28,$ 3445.34,100
54,09:54:18,$ 3446.03,100
55,09:54:18,$ 3444.52,100
56,09:54:18,$ 3443.03,100
57,09:54:18,$ 3443.03,100
58,09:54:18,$ 3443.43,200
59,09:54:18,$ 3443.30,200
60,09:54:18,$ 3443.03,100
61,09:54:18,$ 3443.61,100
62,09:54:18,$ 3443.03,100
64,09:54:16,$ 3445.00,100
65,09:54:15,$ 3446.80,100
66,09:54:08,$ 3446.51,100
67,09:54:08,$ 3446.51,100
68,09:54:08,$ 3446.63,100
69,09:54:08,$ 3446.45,100
70,09:54:08,$ 3446.51,100
71,09:54:08,$ 3446.51,100
72,09:54:06,$ 3444.77,100
73,09:54:06,$ 3444.77,100
74,09:54:03,$ 3445.09,100
75,09:54:03,$ 3444.605,100
76,09:54:03,$ 3444.525,100
77,09:54:02,$ 3445.25,100
78,09:54:02,$ 3445.00,100
79,09:53:52,$ 3445.45,100
80,09:53:52,$ 3445.73,100
81,09:53:47,$ 3445.80,100
82,09:53:42,$ 3447.22,100
83,09:53:31,$ 3446.265,100
85,09:53:29,$ 3445.21,100
86,09:53:29,$ 3444.9841,259
87,09:53:22,$ 3443.4554,100
88,09:53:12,$ 3445.01,100
89,09:53:12,$ 3445.06,100
90,09:53:12,$ 3445.01,100
91,09:52:39,$ 3446.31,100
92,09:52:34,$ 3446.4292,207
93,09:52:34,$ 3446.4292,234
94,09:51:00,$ 3448.78,100
95,09:50:59,$ 3447.905,100
96,09:50:40,$ 3447.68,100
97,09:50:38,$ 3447.79,100
98,09:50:34,$ 3447.6599,100
99,09:50:28,$ 3447.646,100
100,09:50:24,$ 3447.00,100
101,09:50:24,$ 3446.97,100
102,09:50:11,$ 3445.35,139
103,09:50:11,$ 3444.605,100
104,09:50:11,$ 3445.05,100
106,09:50:11,$ 3445.06,100
107,09:50:03,$ 3445.10,100
108,09:50:03,$ 3445.12,100
109,09:50:03,$ 3445.21,100
110,09:50:03,$ 3444.705,110
111,09:49:57,$ 3444.99,100
112,09:49:57,$ 3443.54,100
113,09:49:55,$ 3446.00,300
114,09:49:55,$ 3446.00,100
115,09:49:55,$ 3446.01,100
116,09:49:54,$ 3445.89,100
117,09:49:53,$ 3445.86,100
118,09:49:46,$ 3447.09,100
119,09:49:46,$ 3447.10,100
120,09:49:45,$ 3446.21,100
121,09:49:45,$ 3446.50,100
122,09:49:45,$ 3446.20,100
123,09:49:44,$ 3446.99,243
124,09:49:44,$ 3446.75,100
125,09:49:44,$ 3446.83,100
127,09:49:43,$ 3447.64,100
128,09:49:37,$ 3447.68,100
129,09:49:32,$ 3448.43,100
130,09:49:32,$ 3448.44,100
131,09:49:24,$ 3447.24,100
132,09:49:08,$ 3448.00,100
133,09:49:06,$ 3449.53,100
134,09:49:06,$ 3449.43,100
135,09:49:04,$ 3449.765,400
136,09:49:01,$ 3449.35,100
137,09:49:01,$ 3450.24,100
138,09:49:01,$ 3449.80,100
139,09:48:59,$ 3450.33,100
140,09:48:59,$ 3450.99,100
141,09:48:59,$ 3450.82,100
142,09:48:53,$ 3451.63,100
143,09:48:44,$ 3452.92,100
144,09:48:35,$ 3452.06,100
145,09:48:35,$ 3452.01,100
146,09:48:28,$ 3452.03,100
148,09:48:27,$ 3453.64,250
149,09:48:17,$ 3452.05,100
150,09:48:13,$ 3452.552,500
151,09:48:11,$ 3451.79,100
152,09:48:11,$ 3451.72,100
153,09:48:11,$ 3451.85,100
154,09:48:11,$ 3451.80,100
155,09:48:11,$ 3451.80,100
156,09:47:55,$ 3453.93,100
157,09:47:54,$ 3453.43,"1,000"
158,09:47:46,$ 3453.92,100
159,09:47:46,$ 3452.96,100
160,09:47:46,$ 3452.14,200
161,09:47:34,$ 3453.40,100
162,09:47:23,$ 3453.40,102
163,09:47:08,$ 3453.99,100
164,09:47:08,$ 3453.99,100
165,09:47:06,$ 3452.81,100
166,09:46:38,$ 3452.87,100
167,09:46:35,$ 3453.00,100
169,09:46:30,$ 3452.215,100
170,09:46:30,$ 3453.43,250
171,09:46:23,$ 3454.94,100
172,09:46:23,$ 3453.985,100
173,09:46:19,$ 3455.02,100
174,09:46:19,$ 3454.73,100
175,09:46:19,$ 3454.62,100
176,09:46:19,$ 3454.62,100
177,09:46:19,$ 3454.65,100
178,09:46:19,$ 3454.62,100
179,09:46:17,$ 3455.0225,400
180,09:46:16,$ 3455.02,100
181,09:46:16,$ 3455.09,200
182,09:46:16,$ 3455.54,100
183,09:46:16,$ 3455.47,100
184,09:46:16,$ 3455.47,100
185,09:46:16,$ 3455.47,100
186,09:46:16,$ 3455.47,100
187,09:46:15,$ 3453.18,500
188,09:46:14,$ 3454.67,100
190,09:46:08,$ 3456.0264,100
191,09:46:03,$ 3455.74,100
192,09:45:58,$ 3454.6516,275
193,09:45:56,$ 3455.91,100
194,09:45:55,$ 3455.98,100
195,09:45:54,$ 3453.36,300
196,09:45:53,$ 3453.7712,367
197,09:45:53,$ 3454.13,100
198,09:45:53,$ 3454.1573,100
199,09:45:53,$ 3453.90,100
200,09:45:53,$ 3454.1574,120
201,09:45:49,$ 3453.62,100
202,09:45:49,$ 3455.11,100
203,09:45:49,$ 3455.11,100
204,09:45:48,$ 3455.11,100
205,09:45:45,$ 3455.88,100
206,09:45:45,$ 3456.03,100
207,09:45:45,$ 3455.88,100
208,09:45:44,$ 3454.825,"2,400"
209,09:45:41,$ 3454.835,200
211,09:45:41,$ 3454.835,200
212,09:45:39,$ 3455.75,100
213,09:45:35,$ 3455.42,100
214,09:45:35,$ 3455.04,100
215,09:45:35,$ 3455.34,100
216,09:45:35,$ 3455.20,100
217,09:45:35,$ 3455.00,450
218,09:45:35,$ 3455.00,308
219,09:45:29,$ 3455.43,120
220,09:45:27,$ 3454.5889,100
221,09:45:24,$ 3455.00,100
222,09:45:24,$ 3455.00,283
223,09:45:24,$ 3455.00,100
224,09:45:24,$ 3455.00,200
225,09:45:24,$ 3455.00,100
226,09:45:24,$ 3455.00,100
227,09:45:24,$ 3454.42,100
228,09:45:22,$ 3453.645,119
229,09:45:20,$ 3454.11,100
230,09:45:20,$ 3453.325,100
232,09:45:17,$ 3453.83,100
233,09:45:11,$ 3451.7912,406
234,09:45:09,$ 3452.655,100
235,09:45:08,$ 3452.635,100
236,09:45:06,$ 3452.93,100
237,09:45:06,$ 3452.93,126
238,09:45:06,$ 3452.93,126
239,09:45:06,$ 3452.93,126
240,09:45:02,$ 3452.885,100
241,09:44:58,$ 3452.885,200
242,09:44:56,$ 3454.025,100
243,09:44:56,$ 3453.71,100
244,09:44:56,$ 3453.875,100
245,09:44:50,$ 3452.08,100
246,09:44:48,$ 3453.45,100
247,09:44:47,$ 3452.78,100
248,09:44:39,$ 3452.30,251
249,09:44:39,$ 3452.00,100
250,09:44:34,$ 3451.2302,145
251,09:44:33,$ 3452.00,119
253,09:44:33,$ 3452.00,100
254,09:44:22,$ 3452.00,100
255,09:44:15,$ 3450.82,100
256,09:44:03,$ 3448.7275,100
257,09:43:53,$ 3448.00,100
258,09:43:51,$ 3448.80,450
259,09:43:51,$ 3449.05,100
260,09:43:51,$ 3449.00,100
261,09:43:47,$ 3450.70,100
262,09:43:47,$ 3450.46,100
263,09:43:47,$ 3451.93,100
264,09:43:36,$ 3450.7168,100
265,09:43:35,$ 3450.7032,270
266,09:43:18,$ 3450.4794,100
267,09:43:03,$ 3448.60,100
268,09:43:03,$ 3448.60,100
269,09:43:03,$ 3448.60,300
270,09:43:03,$ 3449.23,600
271,09:42:59,$ 3450.70,100
272,09:42:59,$ 3450.70,100
274,09:42:57,$ 3452.31,300
275,09:42:56,$ 3451.6257,214
276,09:42:47,$ 3452.73,100
277,09:42:47,$ 3452.30,100
278,09:42:47,$ 3450.5109,100
279,09:42:47,$ 3451.97,100
280,09:42:44,$ 3450.3832,100
281,09:42:40,$ 3451.77,100
282,09:42:40,$ 3451.19,100
283,09:42:40,$ 3450.58,100
284,09:42:38,$ 3448.60,100
285,09:42:38,$ 3448.60,100
286,09:42:38,$ 3448.60,200
287,09:42:38,$ 3448.60,100
288,09:42:33,$ 3450.80,100
289,09:42:33,$ 3450.84,100
290,09:42:33,$ 3450.94,100
291,09:42:29,$ 3452.18,100
292,09:42:28,$ 3451.64,100
293,09:42:28,$ 3451.44,300
295,09:42:24,$ 3451.0341,500
296,09:42:18,$ 3451.1289,100
297,09:42:15,$ 3452.7799,100
298,09:42:13,$ 3451.99,100
299,09:42:12,$ 3451.99,100
300,09:42:06,$ 3451.051,100
301,09:42:06,$ 3450.4774,"1,000"
302,09:42:03,$ 3450.50,866
303,09:42:02,$ 3450.6368,100
304,09:41:59,$ 3450.8877,142
305,09:41:58,$ 3450.13,200
306,09:41:57,$ 3450.19,100
307,09:41:57,$ 3450.19,200
308,09:41:56,$ 3449.9974,114
309,09:41:55,$ 3449.125,100
310,09:41:52,$ 3448.365,100
311,09:41:51,$ 3448.365,109
312,09:41:40,$ 3449.77,100
313,09:41:37,$ 3447.17,100
314,09:41:35,$ 3448.77,100
316,09:41:35,$ 3449.00,142
317,09:41:32,$ 3450.4799,270
318,09:41:32,$ 3449.74,100
319,09:41:28,$ 3450.1949,250
320,09:41:21,$ 3450.50,106
321,09:41:21,$ 3450.00,348
322,09:41:21,$ 3450.00,129
323,09:41:21,$ 3449.79,100
324,09:41:09,$ 3449.7999,100
325,09:41:09,$ 3449.00,150
326,09:41:09,$ 3449.00,308
327,09:41:09,$ 3449.00,562
328,09:41:09,$ 3447.285,100
329,09:41:01,$ 3447.215,100
330,09:41:00,$ 3446.5834,860
331,09:40:57,$ 3446.44,100
332,09:40:57,$ 3446.44,100
333,09:40:47,$ 3446.53,100
334,09:40:47,$ 3446.19,100
335,09:40:47,$ 3446.80,100
337,09:40:47,$ 3446.19,100
338,09:40:47,$ 3446.1727,200
339,09:40:47,$ 3446.18,100
340,09:40:47,$ 3446.19,100
341,09:40:47,$ 3446.25,100
342,09:40:47,$ 3445.86,100
343,09:40:41,$ 3444.8896,100
344,09:40:27,$ 3445.85,266
345,09:40:27,$ 3444.32,100
346,09:40:27,$ 3443.31,100
347,09:40:16,$ 3444.9183,150
348,09:40:09,$ 3444.62,500
349,09:40:08,$ 3443.00,100
350,09:40:06,$ 3446.995,100
351,09:40:06,$ 3447.00,100
352,09:40:03,$ 3447.00,100
353,09:40:03,$ 3447.96,100
354,09:40:03,$ 3447.49,100
355,09:40:01,$ 3448.00,299
356,09:40:00,$ 3447.44,100
358,09:40:00,$ 3447.05,100
359,09:39:53,$ 3446.205,100
360,09:39:53,$ 3447.41,100
361,09:39:49,$ 3446.3694,400
362,09:39:45,$ 3447.44,145
363,09:39:43,$ 3447.17,100
364,09:39:37,$ 3446.27,100
365,09:39:36,$ 3446.08,100
366,09:39:36,$ 3446.05,100
367,09:39:36,$ 3446.22,100
368,09:39:36,$ 3446.92,100
369,09:39:36,$ 3447.00,275
370,09:39:36,$ 3447.00,625
371,09:39:34,$ 3446.01,100
372,09:39:34,$ 3446.00,100
373,09:39:33,$ 3446.075,100
374,09:39:31,$ 3445.88,100
375,09:39:05,$ 3444.318,500
376,09:38:51,$ 3441.77,100
377,09:38:51,$ 3442.20,100
379,09:38:51,$ 3442.80,100
380,09:38:51,$ 3443.3834,300
381,09:38:51,$ 3443.24,100
382,09:38:46,$ 3442.125,100
383,09:38:46,$ 3443.24,100
384,09:38:44,$ 3442.46,100
385,09:38:44,$ 3442.50,100
386,09:38:44,$ 3443.38,100
387,09:38:44,$ 3443.33,100
388,09:38:38,$ 3444.46,105
389,09:38:35,$ 3444.2494,100
390,09:38:32,$ 3445.6222,625
391,09:38:32,$ 3445.6222,250
392,09:38:32,$ 3445.68,114
393,09:38:27,$ 3446.92,100
394,09:38:26,$ 3444.58,100
395,09:38:26,$ 3445.75,100
396,09:38:26,$ 3446.85,100
397,09:38:23,$ 3445.93,100
398,09:38:23,$ 3445.966,100
400,09:38:23,$ 3445.999,482
401,09:38:22,$ 3445.19,100
402,09:38:21,$ 3444.63,135
403,09:38:21,$ 3444.55,100
404,09:38:19,$ 3444.06,100
405,09:38:18,$ 3444.44,100
406,09:38:18,$ 3443.8835,600
407,09:38:15,$ 3444.53,100
408,09:38:15,$ 3445.00,100
409,09:38:14,$ 3444.88,100
410,09:38:12,$ 3444.44,100
411,09:38:03,$ 3443.11,100
412,09:37:57,$ 3442.00,107
413,09:37:54,$ 3442.00,100
414,09:37:45,$ 3442.49,400
415,09:37:44,$ 3442.3118,150
416,09:37:41,$ 3443.4046,200
417,09:37:37,$ 3443.46,100
418,09:37:37,$ 3441.99,100
419,09:37:37,$ 3442.00,110
421,09:37:37,$ 3441.32,100
422,09:37:37,$ 3441.245,100
423,09:37:37,$ 3441.145,100
424,09:37:31,$ 3440.39,100
425,09:37:31,$ 3441.03,100
426,09:37:31,$ 3440.67,100
427,09:37:26,$ 3441.905,100
428,09:37:24,$ 3438.65,100
429,09:37:23,$ 3439.40,100
430,09:37:18,$ 3438.815,100
431,09:37:08,$ 3437.84,100
432,09:37:08,$ 3437.89,100
433,09:36:57,$ 3436.50,100
434,09:36:56,$ 3437.31,100
435,09:36:56,$ 3436.00,100
436,09:36:52,$ 3437.26,100
437,09:36:52,$ 3437.28,100
438,09:36:51,$ 3435.9867,195
439,09:36:51,$ 3436.125,100
440,09:36:39,$ 3437.1171,125
442,09:36:39,$ 3436.57,100
443,09:36:36,$ 3437.2599,100
444,09:36:29,$ 3436.465,300
445,09:36:28,$ 3436.20,100
446,09:36:24,$ 3433.84,113
447,09:36:24,$ 3435.0592,514
448,09:36:24,$ 3433.77,100
449,09:36:24,$ 3433.81,100
450,09:36:14,$ 3433.88,100
451,09:36:13,$ 3431.57,100
452,09:36:00,$ 3433.02,100
453,09:35:59,$ 3433.77,100
454,09:35:59,$ 3434.54,100
455,09:35:59,$ 3434.54,100
456,09:35:56,$ 3433.00,100
457,09:35:56,$ 3433.00,100
458,09:35:56,$ 3433.00,637
459,09:35:56,$ 3432.88,100
460,09:35:49,$ 3433.59,100
461,09:35:49,$ 3433.59,181
463,09:35:30,$ 3434.93,140
464,09:35:27,$ 3434.935,500
465,09:35:20,$ 3436.28,100
466,09:35:18,$ 3436.28,100
467,09:35:17,$ 3437.455,100
468,09:34:57,$ 3437.58,100
469,09:34:55,$ 3437.58,100
470,09:34:46,$ 3435.00,100
471,09:34:44,$ 3434.95,100
472,09:34:44,$ 3434.7791,500
473,09:34:39,$ 3433.64,116
474,09:34:39,$ 3433.00,100
475,09:34:38,$ 3432.50,100
476,09:34:33,$ 3431.40,100
477,09:34:24,$ 3433.00,100
478,09:34:23,$ 3431.89,100
479,09:34:22,$ 3433.75,100
480,09:34:19,$ 3432.79,100
481,09:34:15,$ 3430.87,100
482,09:34:08,$ 3433.70,100
484,09:34:04,$ 3431.04,100
485,09:34:04,$ 3433.70,100
486,09:34:03,$ 3430.80,100
487,09:33:54,$ 3433.06,100
488,09:33:52,$ 3431.2279,140
489,09:33:48,$ 3431.00,100
490,09:33:48,$ 3430.59,100
491,09:33:47,$ 3433.72,100
492,09:33:33,$ 3434.63,100
493,09:33:32,$ 3432.01,100
494,09:33:31,$ 3434.63,100
495,09:33:30,$ 3432.389,100
496,09:33:29,$ 3434.63,100
497,09:33:28,$ 3432.4428,500
498,09:33:28,$ 3433.02,100
499,09:33:27,$ 3432.5766,200
500,09:33:25,$ 3431.8937,100
501,09:33:15,$ 3433.06,100
502,09:33:15,$ 3433.11,100
503,09:33:14,$ 3431.73,100
505,09:33:13,$ 3432.00,100
506,09:33:11,$ 3432.14,100
507,09:33:11,$ 3431.62,100
508,09:33:11,$ 3431.26,100
509,09:33:11,$ 3431.265,100
510,09:33:11,$ 3431.50,100
511,09:33:06,$ 3432.405,200
512,09:33:05,$ 3432.27,100
513,09:33:05,$ 3432.25,100
514,09:33:05,$ 3433.9792,100
515,09:33:05,$ 3432.27,100
516,09:33:03,$ 3432.00,100
517,09:33:03,$ 3433.655,100
518,09:33:00,$ 3435.23,100
519,09:33:00,$ 3436.5727,500
520,09:32:57,$ 3435.23,200
521,09:32:57,$ 3435.36,100
522,09:32:57,$ 3435.2327,441
523,09:32:57,$ 3435.2307,300
524,09:32:57,$ 3435.235,100
526,09:32:57,$ 3436.08,200
527,09:32:57,$ 3435.70,100
528,09:32:57,$ 3436.08,200
529,09:32:57,$ 3435.89,100
530,09:32:57,$ 3434.35,100
531,09:32:57,$ 3434.74,200
532,09:32:57,$ 3434.74,200
533,09:32:57,$ 3434.82,100
534,09:32:39,$ 3434.5127,100
535,09:32:37,$ 3434.69,140
536,09:32:36,$ 3435.05,100
537,09:32:36,$ 3434.80,100
538,09:32:36,$ 3435.12,100
539,09:32:33,$ 3435.325,100
540,09:32:33,$ 3435.355,100
541,09:32:33,$ 3435.50,100
542,09:32:30,$ 3436.52,100
543,09:32:23,$ 3437.40,100
544,09:32:13,$ 3438.01,100
545,09:32:07,$ 3436.335,200
547,09:32:05,$ 3432.955,100
548,09:32:04,$ 3432.96,150
549,09:32:04,$ 3433.92,100
550,09:32:04,$ 3432.77,100
551,09:32:04,$ 3432.75,100
552,09:32:03,$ 3433.93,100
553,09:32:02,$ 3433.13,100
554,09:32:01,$ 3434.00,100
555,09:32:00,$ 3435.21,100
556,09:32:00,$ 3435.19,100
557,09:32:00,$ 3435.08,100
558,09:31:48,$ 3436.00,250
559,09:31:48,$ 3436.3265,127
560,09:31:45,$ 3437.445,200
561,09:31:25,$ 3439.9999,100
562,09:31:20,$ 3437.63,100
563,09:31:20,$ 3437.335,100
564,09:31:20,$ 3438.20,100
565,09:31:20,$ 3438.00,120
566,09:31:20,$ 3437.84,100
568,09:31:20,$ 3437.64,100
569,09:31:20,$ 3437.95,100
570,09:31:11,$ 3436.40,100
571,09:31:11,$ 3436.75,100
572,09:31:06,$ 3434.23,100
573,09:31:05,$ 3435.00,100
574,09:31:04,$ 3435.86,100
575,09:31:04,$ 3436.645,100
576,09:31:01,$ 3437.11,168
577,09:31:01,$ 3439.74,100
578,09:30:58,$ 3439.30,100
579,09:30:55,$ 3439.75,100
580,09:30:54,$ 3438.8392,290
581,09:30:52,$ 3437.405,100
582,09:30:49,$ 3439.87,100
583,09:30:45,$ 3439.99,100
584,09:30:44,$ 3439.6433,400
585,09:30:39,$ 3440.10,100
586,09:30:38,$ 3439.51,100
587,09:30:37,$ 3441.93,100
589,09:30:37,$ 3440.57,100
590,09:30:34,$ 3439.84,100
591,09:30:32,$ 3438.82,125
592,09:30:31,$ 3437.50,300
593,09:30:31,$ 3438.51,100
594,09:30:24,$ 3439.46,100
595,09:30:24,$ 3438.75,100
596,09:30:23,$ 3437.5001,350
597,09:30:23,$ 3439.51,117
598,09:30:15,$ 3441.93,100
599,09:30:15,$ 3440.00,100
600,09:30:15,$ 3440.00,100
601,09:30:10,$ 3440.755,100
602,09:30:10,$ 3440.00,357
603,09:30:10,$ 3440.01,100
604,09:30:02,$ 3439.22,100
605,09:30:02,$ 3439.38,100
606,09:30:01,$ 3440.00,125
607,09:30:01,$ 3440.00,100
608,09:30:00,$ 3438.82,2
610,09:30:00,$ 3438.82,1
611,09:30:00,$ 3438.82,13
612,09:30:00,$ 3438.82,1
613,09:30:00,$ 3438.82,1
614,09:30:00,$ 3438.82,1
615,09:30:00,$ 3438.82,10
616,09:30:00,$ 3438.82,5
617,09:30:00,$ 3438.82,1
618,09:30:00,$ 3438.82,1
619,09:30:00,$ 3438.82,1
620,09:30:00,$ 3438.82,1
621,09:30:00,$ 3438.82,9
622,09:30:00,$ 3438.82,4
623,09:30:00,$ 3438.82,4
624,09:30:00,$ 3438.82,5
625,09:30:00,$ 3438.82,3
626,09:30:00,$ 3438.82,2
627,09:30:00,$ 3438.82,2
628,09:30:00,$ 3438.82,2
629,09:30:00,$ 3438.82,3
631,09:30:00,$ 3438.82,5
632,09:30:00,$ 3438.82,13
633,09:30:00,$ 3438.82,12
634,09:30:00,$ 3438.82,20
635,09:30:00,$ 3438.82,15
636,09:30:00,$ 3438.82,60
637,09:30:00,$ 3438.82,20
638,09:30:00,$ 3438.82,20
639,09:30:00,$ 3438.82,34
640,09:30:00,$ 3438.82,1
641,09:30:00,$ 3438.82,4
642,09:30:00,$ 3438.82,2
643,09:30:00,$ 3438.82,1
644,09:30:00,$ 3438.82,2
645,09:30:00,$ 3438.82,18
646,09:30:00,$ 3438.82,1
647,09:30:00,$ 3438.82,8
648,09:30:00,$ 3438.82,10
649,09:30:00,$ 3438.82,4
650,09:30:00,$ 3438.82,1
652,09:30:00,$ 3438.82,7
653,09:30:00,$ 3438.82,2
654,09:30:00,$ 3438.82,1
655,09:30:00,$ 3438.82,3
656,09:30:00,$ 3438.82,2
657,09:30:00,$ 3438.82,5
658,09:30:00,$ 3438.82,2
659,09:30:00,$ 3438.82,1
660,09:30:00,$ 3438.82,1
661,09:30:00,$ 3438.82,1
662,09:30:00,$ 3438.82,1
663,09:30:00,$ 3438.82,1
664,09:30:00,$ 3438.82,1
665,09:30:00,$ 3438.82,15
666,09:30:00,$ 3438.82,2
667,09:30:00,$ 3438.82,2
668,09:30:00,$ 3438.82,1
669,09:30:00,$ 3438.82,10
670,09:30:00,$ 3438.82,1
671,09:30:00,$ 3438.82,6
673,09:30:00,$ 3438.82,1
674,09:30:00,$ 3438.82,3
675,09:30:00,$ 3438.82,1
676,09:30:00,$ 3438.82,1
677,09:30:00,$ 3438.82,15
678,09:30:00,$ 3438.82,2
679,09:30:00,$ 3438.82,2
680,09:30:00,$ 3438.82,1
681,09:30:00,$ 3438.82,1
682,09:30:00,$ 3438.82,5
683,09:30:00,$ 3438.82,1
684,09:30:00,$ 3438.82,1
685,09:30:00,$ 3438.82,5
686,09:30:00,$ 3438.82,4
687,09:30:00,$ 3438.82,1
688,09:30:00,$ 3438.82,3
689,09:30:00,$ 3438.82,6
690,09:30:00,$ 3438.82,10
691,09:30:00,$ 3438.82,2
692,09:30:00,$ 3438.82,2
694,09:30:00,$ 3438.82,20
695,09:30:00,$ 3438.82,10
696,09:30:00,$ 3438.82,5
697,09:30:00,$ 3438.82,3
698,09:30:00,$ 3438.82,31
699,09:30:00,$ 3438.82,10
700,09:30:00,$ 3438.82,2
701,09:30:00,$ 3438.82,4
702,09:30:00,$ 3438.82,10
703,09:30:00,$ 3438.82,5
704,09:30:00,$ 3438.82,4
705,09:30:00,$ 3438.82,1
706,09:30:00,$ 3438.82,2
707,09:30:00,$ 3438.82,1
708,09:30:00,$ 3438.82,1
709,09:30:00,$ 3438.82,1
710,09:30:00,$ 3438.82,1
711,09:30:00,$ 3438.82,1
712,09:30:00,$ 3438.82,1
713,09:30:00,$ 3438.82,4
715,09:30:00,$ 3438.82,1
716,09:30:00,$ 3438.82,1
717,09:30:00,$ 3438.82,1
718,09:30:00,$ 3438.82,1
719,09:30:00,$ 3438.82,9
720,09:30:00,$ 3438.82,1
721,09:30:00,$ 3438.82,2
722,09:30:00,$ 3438.82,1
723,09:30:00,$ 3438.82,2
724,09:30:00,$ 3438.82,1
725,09:30:00,$ 3438.82,3
726,09:30:00,$ 3438.82,3
727,09:30:00,$ 3438.82,2
728,09:30:00,$ 3438.82,2
729,09:30:00,$ 3438.82,1
730,09:30:00,$ 3438.82,2
731,09:30:00,$ 3438.82,3
732,09:30:00,$ 3438.82,5
733,09:30:00,$ 3438.82,1
734,09:30:00,$ 3438.82,60
736,09:30:00,$ 3438.82,7
737,09:30:00,$ 3438.82,7
738,09:30:00,$ 3438.82,"1,000"
739,09:30:00,$ 3438.82,30
740,09:30:00,$ 3438.82,2
741,09:30:00,$ 3438.82,14
742,09:30:00,$ 3438.82,13
743,09:30:00,$ 3438.82,4
744,09:30:00,$ 3438.82,1
745,09:30:00,$ 3438.82,1
746,09:30:00,$ 3438.82,3
747,09:30:00,$ 3438.82,27
748,09:30:00,$ 3438.82,3
749,09:30:00,$ 3438.82,5
750,09:30:00,$ 3438.82,4
751,09:30:00,$ 3438.82,6
752,09:30:00,$ 3438.82,5
753,09:30:00,$ 3438.82,9
754,09:30:00,$ 3438.82,7
755,09:30:00,$ 3438.82,5
757,09:30:00,$ 3438.82,4
758,09:30:00,$ 3438.82,1
759,09:30:00,$ 3438.82,1
760,09:30:00,$ 3438.82,7
761,09:30:00,$ 3438.82,3
762,09:30:00,$ 3438.82,2
763,09:30:00,$ 3438.82,30
764,09:30:00,$ 3438.82,3
765,09:30:00,$ 3438.82,5
766,09:30:00,$ 3438.82,29
767,09:30:00,$ 3438.82,3
768,09:30:00,$ 3438.82,1
769,09:30:00,$ 3438.82,1
770,09:30:00,$ 3438.82,4
771,09:30:00,$ 3438.82,1
772,09:30:00,$ 3438.82,9
773,09:30:00,$ 3438.82,26
774,09:30:00,$ 3438.82,10
775,09:30:00,$ 3438.82,15
776,09:30:00,$ 3438.82,12
778,09:30:00,$ 3438.82,3
779,09:30:00,$ 3438.82,10
780,09:30:00,$ 3438.82,20
781,09:30:00,$ 3438.82,12
782,09:30:00,$ 3438.82,15
783,09:30:00,$ 3438.82,1
784,09:30:00,$ 3438.82,1
785,09:30:00,$ 3438.82,6
786,09:30:00,$ 3438.82,12
787,09:30:00,$ 3438.82,1
788,09:30:00,$ 3438.82,10
789,09:30:00,$ 3438.82,54
790,09:30:00,$ 3438.82,2
791,09:30:00,$ 3438.82,1
792,09:30:00,$ 3438.82,1
793,09:30:00,$ 3438.82,2
794,09:30:00,$ 3438.82,3
795,09:30:00,$ 3438.82,15
796,09:30:00,$ 3438.82,5
797,09:30:00,$ 3438.82,1
799,09:30:00,$ 3438.82,3
800,09:30:00,$ 3438.82,2
801,09:30:00,$ 3438.82,3
802,09:30:00,$ 3438.82,2
803,09:30:00,$ 3438.82,5
804,09:30:00,$ 3438.82,1
805,09:30:00,$ 3438.82,3
806,09:30:00,$ 3438.82,3
807,09:30:00,$ 3438.82,5
808,09:30:00,$ 3438.82,2
809,09:30:00,$ 3438.82,1
810,09:30:00,$ 3438.82,1
811,09:30:00,$ 3438.82,2
812,09:30:00,$ 3438.82,1
813,09:30:00,$ 3438.82,2
814,09:30:00,$ 3438.82,8
815,09:30:00,$ 3438.82,4
816,09:30:00,$ 3438.82,1
817,09:30:00,$ 3438.82,1
818,09:30:00,$ 3438.82,15
820,09:30:00,$ 3438.82,1
821,09:30:00,$ 3438.82,2
822,09:30:00,$ 3438.82,2
823,09:30:00,$ 3438.82,1
824,09:30:00,$ 3438.82,1
825,09:30:00,$ 3438.82,1
826,09:30:00,$ 3438.82,1
827,09:30:00,$ 3438.82,2
828,09:30:00,$ 3438.82,1
829,09:30:00,$ 3438.82,10
830,09:30:00,$ 3438.82,1
831,09:30:00,$ 3438.82,18
832,09:30:00,$ 3438.82,1
833,09:30:00,$ 3438.82,1
834,09:30:00,$ 3438.82,6
835,09:30:00,$ 3438.82,1
836,09:30:00,$ 3438.82,2
837,09:30:00,$ 3438.82,7
838,09:30:00,$ 3438.82,7
839,09:30:00,$ 3438.82,1
841,09:30:00,$ 3438.82,1
842,09:30:00,$ 3438.82,3
843,09:30:00,$ 3438.82,2
844,09:30:00,$ 3438.82,1
845,09:30:00,$ 3438.82,3
846,09:30:00,$ 3438.82,2
847,09:30:00,$ 3438.82,1
848,09:30:00,$ 3438.82,2
849,09:30:00,$ 3438.82,3
850,09:30:00,$ 3438.82,1
851,09:30:00,$ 3438.82,100
852,09:30:00,$ 3438.82,1
853,09:30:00,$ 3438.82,2
854,09:30:00,$ 3438.82,1
855,09:30:00,$ 3438.82,4
856,09:30:00,$ 3438.82,3
857,09:30:00,$ 3438.82,1
858,09:30:00,$ 3438.82,10
859,09:30:00,$ 3438.82,1
860,09:30:00,$ 3438.82,2
862,09:30:00,$ 3438.82,10
863,09:30:00,$ 3438.82,25
864,09:30:00,$ 3438.82,1
865,09:30:00,$ 3438.82,5
866,09:30:00,$ 3438.82,2
867,09:30:00,$ 3438.82,2
868,09:30:00,$ 3438.82,4
869,09:30:00,$ 3438.82,1
870,09:30:00,$ 3438.82,1
871,09:30:00,$ 3438.82,1
872,09:30:00,$ 3438.82,2
873,09:30:00,$ 3438.82,2
874,09:30:00,$ 3438.82,6
875,09:30:00,$ 3438.82,1
876,09:30:00,$ 3438.82,2
877,09:30:00,$ 3438.82,1
878,09:30:00,$ 3438.82,5
879,09:30:00,$ 3438.82,1
880,09:30:00,$ 3438.82,2
881,09:30:00,$ 3438.82,7
883,09:30:00,$ 3438.82,8
884,09:30:00,$ 3438.82,100
885,09:30:00,$ 3438.82,1
886,09:30:00,$ 3438.82,10
887,09:30:00,$ 3438.82,1
888,09:30:00,$ 3438.82,2
889,09:30:00,$ 3438.82,1
890,09:30:00,$ 3438.82,1
891,09:30:00,$ 3438.82,1
892,09:30:00,$ 3438.82,1
893,09:30:00,$ 3438.82,2
894,09:30:00,$ 3438.82,7
895,09:30:00,$ 3438.82,1
896,09:30:00,$ 3438.82,26
897,09:30:00,$ 3438.82,32
898,09:30:00,$ 3438.82,2
899,09:30:00,$ 3438.82,1
900,09:30:00,$ 3438.82,5
901,09:30:00,$ 3438.82,1
902,09:30:00,$ 3438.82,2
904,09:30:00,$ 3438.82,1
905,09:30:00,$ 3438.82,1
906,09:30:00,$ 3438.82,15
907,09:30:00,$ 3438.82,17
908,09:30:00,$ 3438.82,4
909,09:30:00,$ 3438.82,1
910,09:30:00,$ 3438.82,14
911,09:30:00,$ 3438.82,1
912,09:30:00,$ 3438.82,9
913,09:30:00,$ 3438.82,1
914,09:30:00,$ 3438.82,15
915,09:30:00,$ 3438.82,5
916,09:30:00,$ 3438.82,1
917,09:30:00,$ 3438.82,1
918,09:30:00,$ 3438.82,1
919,09:30:00,$ 3438.82,92
920,09:30:00,$ 3438.82,1
921,09:30:00,$ 3438.82,5
922,09:30:00,$ 3438.82,10
923,09:30:00,$ 3438.82,23
925,09:30:00,$ 3438.82,1
926,09:30:00,$ 3438.82,1
927,09:30:00,$ 3438.82,2
928,09:30:00,$ 3438.82,11
929,09:30:00,$ 3438.82,4
930,09:30:00,$ 3438.82,30
931,09:30:00,$ 3438.82,4
932,09:30:00,$ 3438.82,16
933,09:30:00,$ 3438.82,1
934,09:30:00,$ 3438.82,4
935,09:30:00,$ 3438.82,2
936,09:30:00,$ 3438.82,1
937,09:30:00,$ 3438.82,1
938,09:30:00,$ 3438.82,1
939,09:30:00,$ 3438.82,2
940,09:30:00,$ 3438.82,1
941,09:30:00,$ 3438.82,23
942,09:30:00,$ 3438.82,20
943,09:30:00,$ 3438.82,1
944,09:30:00,$ 3438.82,1
946,09:30:00,$ 3438.82,6
947,09:30:00,$ 3438.82,3
948,09:30:00,$ 3438.82,1
949,09:30:00,$ 3438.82,3
950,09:30:00,$ 3438.82,1
951,09:30:00,$ 3438.82,2
952,09:30:00,$ 3438.82,1
953,09:30:00,$ 3438.82,5
954,09:30:00,$ 3438.82,2
955,09:30:00,$ 3438.82,1
956,09:30:00,$ 3438.82,2
957,09:30:00,$ 3438.82,1
958,09:30:00,$ 3438.82,20
959,09:30:00,$ 3438.82,10
960,09:30:00,$ 3438.82,16
961,09:30:00,$ 3438.82,1
962,09:30:00,$ 3438.82,4
963,09:30:00,$ 3438.82,1
964,09:30:00,$ 3438.82,1
965,09:30:00,$ 3438.82,68
967,09:30:00,$ 3438.82,2
968,09:30:00,$ 3438.82,1
969,09:30:00,$ 3438.82,4
970,09:30:00,$ 3438.82,1
971,09:30:00,$ 3438.82,1
972,09:30:00,$ 3438.82,1
973,09:30:00,$ 3438.82,1
974,09:30:00,$ 3438.82,2
975,09:30:00,$ 3438.82,1
976,09:30:00,$ 3438.82,29
977,09:30:00,$ 3438.82,5
978,09:30:00,$ 3438.82,1
979,09:30:00,$ 3438.82,1
980,09:30:00,$ 3438.82,4
981,09:30:00,$ 3438.82,3
982,09:30:00,$ 3438.82,1
983,09:30:00,$ 3438.82,3
984,09:30:00,$ 3438.82,1
985,09:30:00,$ 3438.82,5
986,09:30:00,$ 3438.82,1
988,09:30:00,$ 3438.82,1
989,09:30:00,$ 3438.82,50
990,09:30:00,$ 3438.82,4
991,09:30:00,$ 3438.82,1
992,09:30:00,$ 3438.82,2
993,09:30:00,$ 3438.82,1
994,09:30:00,$ 3438.82,1
995,09:30:00,$ 3438.82,1
996,09:30:00,$ 3438.82,1
997,09:30:00,$ 3438.82,1
998,09:30:00,$ 3438.82,5
999,09:30:00,$ 3438.82,2
1000,09:30:00,$ 3438.82,1
1001,09:30:00,$ 3438.82,1
1002,09:30:00,$ 3438.82,1
1003,09:30:00,$ 3438.82,6
1004,09:30:00,$ 3438.82,1
1005,09:30:00,$ 3438.82,7
1006,09:30:00,$ 3438.82,2
1007,09:30:00,$ 3438.82,6
1009,09:30:00,$ 3438.82,5
1010,09:30:00,$ 3438.82,1
1011,09:30:00,$ 3438.82,5
1012,09:30:00,$ 3438.82,100
1013,09:30:00,$ 3438.82,6
1014,09:30:00,$ 3438.82,20
1015,09:30:00,$ 3438.82,1
1016,09:30:00,$ 3438.82,3
1017,09:30:00,$ 3438.82,1
1018,09:30:00,$ 3438.82,31
1019,09:30:00,$ 3438.82,5
1020,09:30:00,$ 3438.82,1
1021,09:30:00,$ 3438.82,4
1022,09:30:00,$ 3438.82,2
1023,09:30:00,$ 3438.82,1
1024,09:30:00,$ 3438.82,1
1025,09:30:00,$ 3438.82,8
1026,09:30:00,$ 3438.82,9
1027,09:30:00,$ 3438.82,2
1028,09:30:00,$ 3438.82,10
1030,09:30:00,$ 3438.82,1
1031,09:30:00,$ 3438.82,13
1032,09:30:00,$ 3438.82,4
1033,09:30:00,$ 3438.82,130
1034,09:30:00,$ 3438.82,2
1035,09:30:00,$ 3438.82,2
1036,09:30:00,$ 3438.82,22
1037,09:30:00,$ 3438.82,50
1038,09:30:00,$ 3438.82,6
1039,09:30:00,$ 3438.82,6
1040,09:30:00,$ 3438.82,5
1041,09:30:00,$ 3438.82,1
1042,09:30:00,$ 3438.82,1
1043,09:30:00,$ 3438.82,22
1044,09:30:00,$ 3438.82,20
1045,09:30:00,$ 3438.82,110
1046,09:30:00,$ 3438.82,1
1047,09:30:00,$ 3438.82,1
1048,09:30:00,$ 3438.82,8
1049,09:30:00,$ 3438.82,18
1051,09:30:00,$ 3438.82,1
1052,09:30:00,$ 3438.82,3
1053,09:30:00,$ 3438.82,18
1054,09:30:00,$ 3438.82,1
1055,09:30:00,$ 3438.82,1
1056,09:30:00,$ 3438.82,1
1057,09:30:00,$ 3438.82,1
1058,09:30:00,$ 3438.82,2
1059,09:30:00,$ 3438.82,7
1060,09:30:00,$ 3438.82,1
1061,09:30:00,$ 3438.82,2
1062,09:30:00,$ 3438.82,30
1063,09:30:00,$ 3438.82,1
1064,09:30:00,$ 3438.82,900
1065,09:30:00,$ 3438.82,1
1066,09:30:00,$ 3438.82,6
1067,09:30:00,$ 3438.82,4
1068,09:30:00,$ 3438.82,4
1069,09:30:00,$ 3438.82,5
1070,09:30:00,$ 3438.82,1
1072,09:30:00,$ 3438.82,2
1073,09:30:00,$ 3438.82,1
1074,09:30:00,$ 3438.82,2
1075,09:30:00,$ 3438.82,71
1076,09:30:00,$ 3438.82,2
1077,09:30:00,$ 3438.82,1
1078,09:30:00,$ 3438.82,3
1079,09:30:00,$ 3438.82,2
1080,09:30:00,$ 3438.82,115
1081,09:30:00,$ 3438.82,1
1082,09:30:00,$ 3438.82,2
1083,09:30:00,$ 3438.82,1
1084,09:30:00,$ 3438.82,5
1085,09:30:00,$ 3438.82,3
1086,09:30:00,$ 3438.82,4
1087,09:30:00,$ 3438.82,1
1088,09:30:00,$ 3438.82,1
1089,09:30:00,$ 3438.82,20
1090,09:30:00,$ 3438.82,1
1091,09:30:00,$ 3438.82,10
1093,09:30:00,$ 3438.82,5
1094,09:30:00,$ 3438.82,1
1095,09:30:00,$ 3438.82,1
1096,09:30:00,$ 3438.82,7
1097,09:30:00,$ 3438.82,3
1098,09:30:00,$ 3438.82,10
1099,09:30:00,$ 3438.82,14
1100,09:30:00,$ 3438.82,20
1101,09:30:00,$ 3438.82,1
1102,09:30:00,$ 3438.82,1
1103,09:30:00,$ 3438.82,2
1104,09:30:00,$ 3438.82,3
1105,09:30:00,$ 3438.82,1
1106,09:30:00,$ 3438.82,21
1107,09:30:00,$ 3438.82,30
1108,09:30:00,$ 3438.82,73
1109,09:30:00,$ 3438.82,7
1110,09:30:00,$ 3438.82,7
1111,09:30:00,$ 3438.82,12
1112,09:30:00,$ 3438.82,3
1114,09:30:00,$ 3438.82,5
1115,09:30:00,$ 3438.82,1
1116,09:30:00,$ 3438.82,1
1117,09:30:00,$ 3438.82,4
1118,09:30:00,$ 3438.82,2
1119,09:30:00,$ 3438.82,1
1120,09:30:00,$ 3438.82,1
1121,09:30:00,$ 3438.82,25
1122,09:30:00,$ 3438.82,2
1123,09:30:00,$ 3438.82,1
1124,09:30:00,$ 3438.82,1
1125,09:30:00,$ 3438.82,1
1126,09:30:00,$ 3438.82,1
1127,09:30:00,$ 3438.82,1
1128,09:30:00,$ 3438.82,5
1129,09:30:00,$ 3438.82,1
1130,09:30:00,$ 3438.82,12
1131,09:30:00,$ 3438.82,1
1132,09:30:00,$ 3438.82,1
1133,09:30:00,$ 3438.82,2
1135,09:30:00,$ 3438.82,1
1136,09:30:00,$ 3438.82,1
1137,09:30:00,$ 3438.82,1
1138,09:30:00,$ 3438.82,1
1139,09:30:00,$ 3438.82,1
1140,09:30:00,$ 3438.82,138
1141,09:30:00,$ 3438.82,4
1142,09:30:00,$ 3438.82,1
1143,09:30:00,$ 3438.82,1
1144,09:30:00,$ 3438.82,1
1145,09:30:00,$ 3438.82,1
1146,09:30:00,$ 3438.82,1
1147,09:30:00,$ 3438.82,1
1148,09:30:00,$ 3438.82,1
1149,09:30:00,$ 3438.82,1
1150,09:30:00,$ 3438.82,4
1151,09:30:00,$ 3438.82,1
1152,09:30:00,$ 3438.82,1
1153,09:30:00,$ 3438.82,1
1154,09:30:00,$ 3438.82,2
1156,09:30:00,$ 3438.82,1
1157,09:30:00,$ 3438.82,3
1158,09:30:00,$ 3438.82,3
1159,09:30:00,$ 3438.82,1
1160,09:30:00,$ 3438.82,2
1161,09:30:00,$ 3438.82,4
1162,09:30:00,$ 3438.82,4
1163,09:30:00,$ 3438.82,1
1164,09:30:00,$ 3438.82,2
1165,09:30:00,$ 3438.82,10
1166,09:30:00,$ 3438.82,3
1167,09:30:00,$ 3438.82,1
1168,09:30:00,$ 3438.82,1
1169,09:30:00,$ 3438.82,15
1170,09:30:00,$ 3438.82,2
1171,09:30:00,$ 3438.82,8
1172,09:30:00,$ 3438.82,3
1173,09:30:00,$ 3438.82,5
1174,09:30:00,$ 3438.82,1
1175,09:30:00,$ 3438.82,1
1177,09:30:00,$ 3438.82,1
1178,09:30:00,$ 3438.82,1
1179,09:30:00,$ 3438.82,2
1180,09:30:00,$ 3438.82,2
1181,09:30:00,$ 3438.82,1
1182,09:30:00,$ 3438.82,2
1183,09:30:00,$ 3438.82,1
1184,09:30:00,$ 3438.82,18
1185,09:30:00,$ 3438.82,2
1186,09:30:00,$ 3438.82,5
1187,09:30:00,$ 3438.82,4
1188,09:30:00,$ 3438.82,1
1189,09:30:00,$ 3438.82,3
1190,09:30:00,$ 3438.82,1
1191,09:30:00,$ 3438.82,7
1192,09:30:00,$ 3438.82,10
1193,09:30:00,$ 3438.82,1
1194,09:30:00,$ 3438.82,1
1195,09:30:00,$ 3438.82,107
1196,09:30:00,$ 3438.82,2
1198,09:30:00,$ 3438.82,2
1199,09:30:00,$ 3438.82,2
1200,09:30:00,$ 3438.82,5
1201,09:30:00,$ 3438.82,1
1202,09:30:00,$ 3438.82,7
1203,09:30:00,$ 3438.82,1
1204,09:30:00,$ 3438.82,1
1205,09:30:00,$ 3438.82,639
1206,09:30:00,$ 3438.82,1
1207,09:30:00,$ 3438.82,2
1208,09:30:00,$ 3438.82,1
1209,09:30:00,$ 3438.82,1
1210,09:30:00,$ 3438.82,5
1211,09:30:00,$ 3438.82,1
1212,09:30:00,$ 3438.82,"2,000"
1213,09:30:00,$ 3438.82,1
1214,09:30:00,$ 3438.82,2
1215,09:30:00,$ 3438.82,4
1216,09:30:00,$ 3438.82,100
1217,09:30:00,$ 3438.82,14
1219,09:30:00,$ 3438.82,1
1220,09:30:00,$ 3438.82,2
1221,09:30:00,$ 3438.82,5
1222,09:30:00,$ 3438.82,2
1223,09:30:00,$ 3438.82,3
1224,09:30:00,$ 3438.82,1
1225,09:30:00,$ 3438.82,1
1226,09:30:00,$ 3438.82,1
1227,09:30:00,$ 3438.82,95
1228,09:30:00,$ 3438.82,135
1229,09:30:00,$ 3438.82,16
1230,09:30:00,$ 3438.82,10
1231,09:30:00,$ 3438.82,1
1232,09:30:00,$ 3438.82,1
1233,09:30:00,$ 3438.82,1
1234,09:30:00,$ 3438.82,2
1235,09:30:00,$ 3438.82,2
1236,09:30:00,$ 3438.82,2
1237,09:30:00,$ 3438.82,1
1238,09:30:00,$ 3438.82,3
1240,09:30:00,$ 3438.82,2
1241,09:30:00,$ 3438.82,2
1242,09:30:00,$ 3438.82,3
1243,09:30:00,$ 3438.82,1
1244,09:30:00,$ 3438.82,3
1245,09:30:00,$ 3438.82,4
1246,09:30:00,$ 3438.82,3
1247,09:30:00,$ 3438.82,3
1248,09:30:00,$ 3438.82,5
1249,09:30:00,$ 3438.82,3
1250,09:30:00,$ 3438.82,1
1251,09:30:00,$ 3438.82,2
1252,09:30:00,$ 3438.82,3
1253,09:30:00,$ 3438.82,1
1254,09:30:00,$ 3438.82,5
1255,09:30:00,$ 3438.82,1
1256,09:30:00,$ 3438.82,1
1257,09:30:00,$ 3438.82,2
1258,09:30:00,$ 3438.82,1
1259,09:30:00,$ 3438.82,2
1261,09:30:00,$ 3438.82,1
1262,09:30:00,$ 3438.82,3
1263,09:30:00,$ 3438.82,1
1264,09:30:00,$ 3438.82,5
1265,09:30:00,$ 3438.82,2
1266,09:30:00,$ 3438.82,3
1267,09:30:00,$ 3438.82,1
1268,09:30:00,$ 3438.82,1
1269,09:30:00,$ 3438.82,5
1270,09:30:00,$ 3438.82,2
1271,09:30:00,$ 3438.82,2
1272,09:30:00,$ 3438.82,1
1273,09:30:00,$ 3438.82,1
1274,09:30:00,$ 3438.82,2
1275,09:30:00,$ 3438.82,1
1276,09:30:00,$ 3438.82,3
1277,09:30:00,$ 3438.82,3
1278,09:30:00,$ 3438.82,8
1279,09:30:00,$ 3438.82,11
1280,09:30:00,$ 3438.82,1
1282,09:30:00,$ 3438.82,10
1283,09:30:00,$ 3438.82,3
1284,09:30:00,$ 3438.82,1
1285,09:30:00,$ 3438.82,1
1286,09:30:00,$ 3438.82,1
1287,09:30:00,$ 3438.82,1
1288,09:30:00,$ 3438.82,5
1289,09:30:00,$ 3438.82,1
1290,09:30:00,$ 3438.82,2
1291,09:30:00,$ 3438.82,1
1292,09:30:00,$ 3438.82,1
1293,09:30:00,$ 3438.82,2
1294,09:30:00,$ 3438.82,1
1295,09:30:00,$ 3438.82,3
1296,09:30:00,$ 3438.82,1
1297,09:30:00,$ 3438.82,1
1298,09:30:00,$ 3438.82,1
1299,09:30:00,$ 3438.82,1
1300,09:30:00,$ 3438.82,5
1301,09:30:00,$ 3438.82,2
1303,09:30:00,$ 3438.82,1
1304,09:30:00,$ 3438.82,3
1305,09:30:00,$ 3438.82,14
1306,09:30:00,$ 3438.82,3
1307,09:30:00,$ 3438.82,2
1308,09:30:00,$ 3438.82,10
1309,09:30:00,$ 3438.82,5
1310,09:30:00,$ 3438.82,1
1311,09:30:00,$ 3438.82,3
1312,09:30:00,$ 3438.82,2
1313,09:30:00,$ 3438.82,2
1314,09:30:00,$ 3438.82,3
1315,09:30:00,$ 3438.82,3
1316,09:30:00,$ 3438.82,4
1317,09:30:00,$ 3438.82,1
1318,09:30:00,$ 3438.82,15
1319,09:30:00,$ 3438.82,3
1320,09:30:00,$ 3438.82,1
1321,09:30:00,$ 3438.82,2
1322,09:30:00,$ 3438.82,3
1324,09:30:00,$ 3438.82,5
1325,09:30:00,$ 3438.82,2
1326,09:30:00,$ 3438.82,1
1327,09:30:00,$ 3438.82,2
1328,09:30:00,$ 3438.82,1
1329,09:30:00,$ 3438.82,7
1330,09:30:00,$ 3438.82,1
1331,09:30:00,$ 3438.82,28
1332,09:30:00,$ 3438.82,1
1333,09:30:00,$ 3438.82,5
1334,09:30:00,$ 3438.82,1
1335,09:30:00,$ 3438.82,4
1336,09:30:00,$ 3438.82,5
1337,09:30:00,$ 3438.82,26
1338,09:30:00,$ 3438.82,1
1339,09:30:00,$ 3438.82,1
1340,09:30:00,$ 3438.82,1
1341,09:30:00,$ 3438.82,1
1342,09:30:00,$ 3438.82,10
1343,09:30:00,$ 3438.82,1
1345,09:30:00,$ 3438.82,1
1346,09:30:00,$ 3438.82,4
1347,09:30:00,$ 3438.82,1
1348,09:30:00,$ 3438.82,3
1349,09:30:00,$ 3438.82,1
1350,09:30:00,$ 3438.82,1
1351,09:30:00,$ 3438.82,1
1352,09:30:00,$ 3438.82,2
1353,09:30:00,$ 3438.82,1
1354,09:30:00,$ 3438.82,1
1355,09:30:00,$ 3438.82,1
1356,09:30:00,$ 3438.82,8
1357,09:30:00,$ 3438.82,3
1358,09:30:00,$ 3438.82,10
1359,09:30:00,$ 3438.82,5
1360,09:30:00,$ 3438.82,3
1361,09:30:00,$ 3438.82,10
1362,09:30:00,$ 3438.82,5
1363,09:30:00,$ 3438.82,2
1364,09:30:00,$ 3438.82,2
1366,09:30:00,$ 3438.82,30
1367,09:30:00,$ 3438.82,2
1368,09:30:00,$ 3438.82,5
1369,09:30:00,$ 3438.82,120
1370,09:30:00,$ 3438.82,2
1371,09:30:00,$ 3438.82,2
1372,09:30:00,$ 3438.82,3
1373,09:30:00,$ 3438.82,3
1374,09:30:00,$ 3438.82,50
1375,09:30:00,$ 3438.82,2
1376,09:30:00,$ 3438.82,1
1377,09:30:00,$ 3438.82,269
1378,09:30:00,$ 3438.82,4
1379,09:30:00,$ 3438.82,1
1380,09:30:00,$ 3438.82,10
1381,09:30:00,$ 3438.82,25
1382,09:30:00,$ 3438.82,1
1383,09:30:00,$ 3438.82,1
1384,09:30:00,$ 3438.82,2
1385,09:30:00,$ 3438.82,4
1387,09:30:00,$ 3438.82,1
1388,09:30:00,$ 3438.82,5
1389,09:30:00,$ 3438.82,2
1390,09:30:00,$ 3438.82,5
1391,09:30:00,$ 3438.82,20
1392,09:30:00,$ 3438.82,15
1393,09:30:00,$ 3438.82,10
1394,09:30:00,$ 3438.82,2
1395,09:30:00,$ 3438.82,2
1396,09:30:00,$ 3438.82,217
1397,09:30:00,$ 3438.82,4
1398,09:30:00,$ 3438.82,1
1399,09:30:00,$ 3438.82,1
1400,09:30:00,$ 3438.82,4
1401,09:30:00,$ 3438.82,2
1402,09:30:00,$ 3438.82,1
1403,09:30:00,$ 3438.82,1
1404,09:30:00,$ 3438.82,1
1405,09:30:00,$ 3438.82,6
1406,09:30:00,$ 3438.82,1
1408,09:30:00,$ 3438.82,1
1409,09:30:00,$ 3438.82,1
1410,09:30:00,$ 3438.82,1
1411,09:30:00,$ 3438.82,1
1412,09:30:00,$ 3438.82,2
1413,09:30:00,$ 3438.82,2
1414,09:30:00,$ 3438.82,15
1415,09:30:00,$ 3438.82,2
1416,09:30:00,$ 3438.82,6
1417,09:30:00,$ 3438.82,3
1418,09:30:00,$ 3438.82,41
1419,09:30:00,$ 3438.82,3
1420,09:30:00,$ 3438.82,7
1421,09:30:00,$ 3438.82,4
1422,09:30:00,$ 3438.82,3
1423,09:30:00,$ 3438.82,1
1424,09:30:00,$ 3438.82,1
1425,09:30:00,$ 3438.82,2
1426,09:30:00,$ 3438.82,4
1427,09:30:00,$ 3438.82,1
1429,09:30:00,$ 3438.82,50
1430,09:30:00,$ 3438.82,1
1431,09:30:00,$ 3438.82,5
1432,09:30:00,$ 3438.82,1
1433,09:30:00,$ 3438.82,1
1434,09:30:00,$ 3438.82,1
1435,09:30:00,$ 3438.82,4
1436,09:30:00,$ 3438.82,11
1437,09:30:00,$ 3438.82,2
1438,09:30:00,$ 3438.82,1
1439,09:30:00,$ 3438.82,2
1440,09:30:00,$ 3438.82,1
1441,09:30:00,$ 3438.82,1
1442,09:30:00,$ 3438.82,1
1443,09:30:00,$ 3438.82,1
1444,09:30:00,$ 3438.82,2
1445,09:30:00,$ 3438.82,2
1446,09:30:00,$ 3438.82,1
1447,09:30:00,$ 3438.82,2
1448,09:30:00,$ 3438.82,15
1450,09:30:00,$ 3438.82,200
1451,09:30:00,$ 3438.82,15
1452,09:30:00,$ 3438.82,6
1453,09:30:00,$ 3438.82,7
1454,09:30:00,$ 3438.82,9
1455,09:30:00,$ 3438.82,237
1456,09:30:00,$ 3438.82,160
1457,09:30:00,$ 3438.82,92
1458,09:30:00,$ 3438.82,5
1459,09:30:00,$ 3438.82,16
1460,09:30:00,$ 3438.82,17
1461,09:30:00,$ 3438.82,100
1462,09:30:00,$ 3438.82,4
1463,09:30:00,$ 3438.82,"1,731"
1464,09:30:00,$ 3438.82,13
1465,09:30:00,$ 3438.82,3
1466,09:30:00,$ 3438.82,27
1467,09:30:00,$ 3438.82,400
1468,09:30:00,$ 3438.82,1
1469,09:30:00,$ 3438.82,100
1471,09:30:00,$ 3438.82,8
1472,09:30:00,$ 3438.82,25
1473,09:30:00,$ 3438.82,3
1474,09:30:00,$ 3438.82,9
1475,09:30:00,$ 3438.82,3
1476,09:30:00,$ 3438.82,19
1477,09:30:00,$ 3438.82,4
1478,09:30:00,$ 3438.82,4
1479,09:30:00,$ 3438.82,5
1480,09:30:00,$ 3438.82,1
1481,09:30:00,$ 3438.82,3
1482,09:30:00,$ 3438.82,38
1483,09:30:00,$ 3438.82,3
1484,09:30:00,$ 3438.82,2
1485,09:30:00,$ 3438.82,55
1486,09:30:00,$ 3438.82,7
1487,09:30:00,$ 3438.82,5
1488,09:30:00,$ 3438.82,32
1489,09:30:00,$ 3438.82,2
1490,09:30:00,$ 3438.82,1
1492,09:30:00,$ 3438.82,2
1493,09:30:00,$ 3438.82,3
1494,09:30:00,$ 3438.82,9
1495,09:30:00,$ 3438.82,15
1496,09:30:00,$ 3438.82,611
1497,09:30:00,$ 3438.82,1
1498,09:30:00,$ 3438.82,1
1499,09:30:00,$ 3438.82,1
1500,09:30:00,$ 3438.82,1
1501,09:30:00,$ 3438.82,1
1502,09:30:00,$ 3438.82,1
1503,09:30:00,$ 3438.82,2
1504,09:30:00,$ 3438.82,1
1505,09:30:00,$ 3438.82,10
1506,09:30:00,$ 3438.82,2
1507,09:30:00,$ 3438.82,22
1508,09:30:00,$ 3438.82,10
1509,09:30:00,$ 3438.82,157
1510,09:30:00,$ 3438.82,2
1511,09:30:00,$ 3438.82,10
1513,09:30:00,$ 3438.82,4
1514,09:30:00,$ 3438.82,7
1515,09:30:00,$ 3438.82,3
1516,09:30:00,$ 3438.82,6
1517,09:30:00,$ 3438.82,5
1518,09:30:00,$ 3438.82,79
1519,09:30:00,$ 3438.82,8
1520,09:30:00,$ 3438.82,"1,185"
1521,09:30:00,$ 3438.82,7
1522,09:30:00,$ 3438.82,7
1523,09:30:00,$ 3438.82,4
1524,09:30:00,$ 3438.82,1
1525,09:30:00,$ 3438.82,15
1526,09:30:00,$ 3438.82,1
1527,09:30:00,$ 3438.82,6
1528,09:30:00,$ 3438.82,6
1529,09:30:00,$ 3438.82,15
1530,09:30:00,$ 3438.82,15
1531,09:30:00,$ 3438.82,1
1532,09:30:00,$ 3438.82,15
1534,09:30:00,$ 3438.82,6
1535,09:30:00,$ 3438.82,11
1536,09:30:00,$ 3438.82,4
1537,09:30:00,$ 3438.82,25
1538,09:30:00,$ 3438.82,48
1539,09:30:00,$ 3438.82,1
1540,09:30:00,$ 3438.82,1
1541,09:30:00,$ 3438.82,3
1542,09:30:00,$ 3438.82,3
1543,09:30:00,$ 3438.82,1
1544,09:30:00,$ 3438.82,28
1545,09:30:00,$ 3438.82,1
1546,09:30:00,$ 3438.82,3
1547,09:30:00,$ 3438.82,1
1548,09:30:00,$ 3438.82,1
1549,09:30:00,$ 3438.82,1
1550,09:30:00,$ 3438.82,4
1551,09:30:00,$ 3438.82,20
1552,09:30:00,$ 3438.82,20
1553,09:30:00,$ 3438.82,1
1555,09:30:00,$ 3438.82,1
1556,09:30:00,$ 3438.82,26
1557,09:30:00,$ 3438.82,7
1558,09:30:00,$ 3438.82,41
1559,09:30:00,$ 3438.82,10
1560,09:30:00,$ 3438.82,8
1561,09:30:00,$ 3438.82,5
1562,09:30:00,$ 3438.82,1
1563,09:30:00,$ 3438.82,794
1564,09:30:00,$ 3438.82,3
1565,09:30:00,$ 3438.82,64
1566,09:30:00,$ 3438.82,123
1567,09:30:00,$ 3438.82,1
1568,09:30:00,$ 3438.82,3
1569,09:30:00,$ 3438.82,34
1570,09:30:00,$ 3438.82,5
1571,09:30:00,$ 3438.82,8
1572,09:30:00,$ 3438.82,1
1573,09:30:00,$ 3438.82,12
1574,09:30:00,$ 3438.82,2
1576,09:30:00,$ 3438.82,2
1577,09:30:00,$ 3438.82,5
1578,09:30:00,$ 3438.82,19
1579,09:30:00,$ 3438.82,10
1580,09:30:00,$ 3438.82,10
1581,09:30:00,$ 3438.82,22
1582,09:30:00,$ 3438.82,34
1583,09:30:00,$ 3438.82,3
1584,09:30:00,$ 3438.82,1
1585,09:30:00,$ 3438.82,20
1586,09:30:00,$ 3438.82,1
1587,09:30:00,$ 3438.82,5
1588,09:30:00,$ 3438.82,46
1589,09:30:00,$ 3438.82,1
1590,09:30:00,$ 3438.82,1
1591,09:30:00,$ 3438.82,30
1592,09:30:00,$ 3438.82,1
1593,09:30:00,$ 3438.82,1
1594,09:30:00,$ 3438.82,1
1595,09:30:00,$ 3438.82,4
1597,09:30:00,$ 3438.82,10
1598,09:30:00,$ 3438.82,1
1599,09:30:00,$ 3438.82,1
1600,09:30:00,$ 3438.82,1
1601,09:30:00,$ 3438.82,2
1602,09:30:00,$ 3438.82,1
1603,09:30:00,$ 3438.82,2
1604,09:30:00,$ 3438.82,5
1605,09:30:00,$ 3438.82,2
1606,09:30:00,$ 3438.82,27
1607,09:30:00,$ 3438.82,44
1608,09:30:00,$ 3438.82,5
1609,09:30:00,$ 3438.82,1
1610,09:30:00,$ 3438.82,5
1611,09:30:00,$ 3438.82,4
1612,09:30:00,$ 3438.82,"3,000"
1613,09:30:00,$ 3438.82,90
1614,09:30:00,$ 3438.82,4
1615,09:30:00,$ 3438.82,5
1616,09:30:00,$ 3438.82,10
1618,09:30:00,$ 3438.82,1
1619,09:30:00,$ 3438.82,1
1620,09:30:00,$ 3438.82,2
1621,09:30:00,$ 3438.82,2
1622,09:30:00,$ 3438.82,1
1623,09:30:00,$ 3438.82,5
1624,09:30:00,$ 3438.82,1
1625,09:30:00,$ 3438.82,8
1626,09:30:00,$ 3438.82,2
1627,09:30:00,$ 3438.82,3
1628,09:30:00,$ 3438.82,38
1629,09:30:00,$ 3438.82,50
1630,09:30:00,$ 3438.82,1
1631,09:30:00,$ 3438.82,1
1632,09:30:00,$ 3438.82,4
1633,09:30:00,$ 3438.82,1
1634,09:30:00,$ 3438.82,17
1635,09:30:00,$ 3438.82,1
1636,09:30:00,$ 3438.82,3
1637,09:30:00,$ 3438.82,1
1639,09:30:00,$ 3438.82,10
1640,09:30:00,$ 3438.82,1
1641,09:30:00,$ 3438.82,2
1642,09:30:00,$ 3438.82,2
1643,09:30:00,$ 3438.82,5
1644,09:30:00,$ 3438.82,87
1645,09:30:00,$ 3438.82,2
1646,09:30:00,$ 3438.82,1
1647,09:30:00,$ 3438.82,20
1648,09:30:00,$ 3438.82,1
1649,09:30:00,$ 3438.82,4
1650,09:30:00,$ 3438.82,14
1651,09:30:00,$ 3438.82,133
1652,09:30:00,$ 3438.82,5
1653,09:30:00,$ 3438.82,5
1654,09:30:00,$ 3438.82,2
1655,09:30:00,$ 3438.82,28
1656,09:30:00,$ 3438.82,24
1657,09:30:00,$ 3438.82,32
1658,09:30:00,$ 3438.82,1
1660,09:30:00,$ 3438.82,2
1661,09:30:00,$ 3438.82,50
1662,09:30:00,$ 3438.82,94
1663,09:30:00,$ 3438.82,10
1664,09:30:00,$ 3438.82,3
1665,09:30:00,$ 3438.82,57
1666,09:30:00,$ 3438.82,2
1667,09:30:00,$ 3438.82,8
1668,09:30:00,$ 3438.82,10
1669,09:30:00,$ 3438.82,5
1670,09:30:00,$ 3438.82,1
1671,09:30:00,$ 3438.82,5
1672,09:30:00,$ 3438.82,10
1673,09:30:00,$ 3438.82,5
1674,09:30:00,$ 3438.82,1
1675,09:30:00,$ 3438.82,1
1676,09:30:00,$ 3438.82,175
1677,09:30:00,$ 3438.82,27
1678,09:30:00,$ 3438.82,50
1679,09:30:00,$ 3438.82,1
1681,09:30:00,$ 3438.82,1
1682,09:30:00,$ 3438.82,3
1683,09:30:00,$ 3438.82,17
1684,09:30:00,$ 3438.82,1
1685,09:30:00,$ 3438.82,17
1686,09:30:00,$ 3438.82,2
1687,09:30:00,$ 3438.82,1
1688,09:30:00,$ 3438.82,1
1689,09:30:00,$ 3438.82,6
1690,09:30:00,$ 3438.82,5
1691,09:30:00,$ 3438.82,1
1692,09:30:00,$ 3438.82,5
1693,09:30:00,$ 3438.82,3
1694,09:30:00,$ 3438.82,2
1695,09:30:00,$ 3438.82,5
1696,09:30:00,$ 3438.82,1
1697,09:30:00,$ 3438.82,2
1698,09:30:00,$ 3438.82,2
1699,09:30:00,$ 3438.82,9
1700,09:30:00,$ 3438.82,17
1702,09:30:00,$ 3438.82,16
1703,09:30:00,$ 3438.82,6
1704,09:30:00,$ 3438.82,2
1705,09:30:00,$ 3438.82,1
1706,09:30:00,$ 3438.82,1
1707,09:30:00,$ 3438.82,5
1708,09:30:00,$ 3438.82,10
1709,09:30:00,$ 3438.82,4
1710,09:30:00,$ 3438.82,1
1711,09:30:00,$ 3438.82,1
1712,09:30:00,$ 3438.82,2
1713,09:30:00,$ 3438.82,2
1714,09:30:00,$ 3438.82,7
1715,09:30:00,$ 3438.82,1
1716,09:30:00,$ 3438.82,8
1717,09:30:00,$ 3438.82,1
1718,09:30:00,$ 3438.82,1
1719,09:30:00,$ 3438.82,1
1720,09:30:00,$ 3438.82,1
1721,09:30:00,$ 3438.82,2
1723,09:30:00,$ 3438.82,1
1724,09:30:00,$ 3438.82,1
1725,09:30:00,$ 3438.82,1
1726,09:30:00,$ 3438.82,1
1727,09:30:00,$ 3438.82,1
1728,09:30:00,$ 3438.82,2
1729,09:30:00,$ 3438.82,1
1730,09:30:00,$ 3438.82,2
1731,09:30:00,$ 3438.82,5
1732,09:30:00,$ 3438.82,"1,000"
1733,09:30:00,$ 3438.82,5
1734,09:30:00,$ 3438.82,2
1735,09:30:00,$ 3438.82,2
1736,09:30:00,$ 3438.82,7
1737,09:30:00,$ 3438.82,2
1738,09:30:00,$ 3438.82,100
1739,09:30:00,$ 3438.82,2
1740,09:30:00,$ 3438.82,1
1741,09:30:00,$ 3438.82,1
1742,09:30:00,$ 3438.82,11
1744,09:30:00,$ 3438.82,3
1745,09:30:00,$ 3438.82,1
1746,09:30:00,$ 3438.82,14
1747,09:30:00,$ 3438.82,1
1748,09:30:00,$ 3438.82,3
1749,09:30:00,$ 3438.82,1
1750,09:30:00,$ 3438.82,1
1751,09:30:00,$ 3438.82,1
1752,09:30:00,$ 3438.82,1
1753,09:30:00,$ 3438.82,11
1754,09:30:00,$ 3438.82,10
1755,09:30:00,$ 3438.82,1
1756,09:30:00,$ 3438.82,4
1757,09:30:00,$ 3438.82,1
1758,09:30:00,$ 3438.82,1
1759,09:30:00,$ 3438.82,5
1760,09:30:00,$ 3438.82,10
1761,09:30:00,$ 3438.82,2
1762,09:30:00,$ 3438.82,1
1763,09:30:00,$ 3438.82,31
1765,09:30:00,$ 3438.82,1
1766,09:30:00,$ 3438.82,4
1767,09:30:00,$ 3438.82,293
1768,09:30:00,$ 3438.82,2
1769,09:30:00,$ 3438.82,10
1770,09:30:00,$ 3438.82,2
1771,09:30:00,$ 3438.82,1
1772,09:30:00,$ 3438.82,1
1773,09:30:00,$ 3438.82,3
1774,09:30:00,$ 3438.82,1
1775,09:30:00,$ 3438.82,1
1776,09:30:00,$ 3438.82,3
1777,09:30:00,$ 3438.82,2
1778,09:30:00,$ 3438.82,21
1779,09:30:00,$ 3438.82,10
1780,09:30:00,$ 3438.82,10
1781,09:30:00,$ 3438.82,1
1782,09:30:00,$ 3438.82,1
1783,09:30:00,$ 3438.82,50
1784,09:30:00,$ 3438.82,100
1786,09:30:00,$ 3438.82,1
1787,09:30:00,$ 3438.82,1
1788,09:30:00,$ 3438.82,1
1789,09:30:00,$ 3438.82,4
1790,09:30:00,$ 3438.82,5
1791,09:30:00,$ 3438.82,1
1792,09:30:00,$ 3438.82,1
1793,09:30:00,$ 3438.82,1
1794,09:30:00,$ 3438.82,1
1795,09:30:00,$ 3438.82,2
1796,09:30:00,$ 3438.82,1
1797,09:30:00,$ 3438.82,5
1798,09:30:00,$ 3438.82,1
1799,09:30:00,$ 3438.82,3
1800,09:30:00,$ 3438.82,10
1801,09:30:00,$ 3438.82,5
1802,09:30:00,$ 3438.82,1
1803,09:30:00,$ 3438.82,1
1804,09:30:00,$ 3438.82,1
1805,09:30:00,$ 3438.82,1
1807,09:30:00,$ 3438.82,30
1808,09:30:00,$ 3438.82,1
1809,09:30:00,$ 3438.82,1
1810,09:30:00,$ 3438.82,1
1811,09:30:00,$ 3438.82,2
1812,09:30:00,$ 3438.82,1
1813,09:30:00,$ 3438.82,1
1814,09:30:00,$ 3438.82,4
1815,09:30:00,$ 3438.82,1
1816,09:30:00,$ 3438.82,15
1817,09:30:00,$ 3438.82,5
1818,09:30:00,$ 3438.82,20
1819,09:30:00,$ 3438.82,12
1820,09:30:00,$ 3438.82,5
1821,09:30:00,$ 3438.82,2
1822,09:30:00,$ 3438.82,1
1823,09:30:00,$ 3438.82,1
1824,09:30:00,$ 3438.82,1
1825,09:30:00,$ 3438.82,10
1826,09:30:00,$ 3438.82,1
1828,09:30:00,$ 3438.82,3
1829,09:30:00,$ 3438.82,1
1830,09:30:00,$ 3438.82,2
1831,09:30:00,$ 3438.82,8
1832,09:30:00,$ 3438.82,1
1833,09:30:00,$ 3438.82,1
1834,09:30:00,$ 3438.82,2
1835,09:30:00,$ 3438.82,17
1836,09:30:00,$ 3438.82,5
1837,09:30:00,$ 3438.82,2
1838,09:30:00,$ 3438.82,3
1839,09:30:00,$ 3438.82,8
1840,09:30:00,$ 3438.82,1
1841,09:30:00,$ 3438.82,3
1842,09:30:00,$ 3438.82,1
1843,09:30:00,$ 3438.82,3
1844,09:30:00,$ 3438.82,1
1845,09:30:00,$ 3438.82,1
1846,09:30:00,$ 3438.82,2
1847,09:30:00,$ 3438.82,2
1849,09:30:00,$ 3438.82,1
1850,09:30:00,$ 3438.82,2
1851,09:30:00,$ 3438.82,1
1852,09:30:00,$ 3438.82,4
1853,09:30:00,$ 3438.82,12
1854,09:30:00,$ 3438.82,1
1855,09:30:00,$ 3438.82,5
1856,09:30:00,$ 3438.82,3
1857,09:30:00,$ 3438.82,1
1858,09:30:00,$ 3438.82,173
1859,09:30:00,$ 3438.82,188
1860,09:30:00,$ 3438.82,8
1861,09:30:00,$ 3438.82,9
1862,09:30:00,$ 3438.82,2
1863,09:30:00,$ 3438.82,1
1864,09:30:00,$ 3438.82,3
1865,09:30:00,$ 3438.82,2
1866,09:30:00,$ 3438.82,1
1867,09:30:00,$ 3438.82,2
1868,09:30:00,$ 3438.82,1
1870,09:30:00,$ 3438.82,8
1871,09:30:00,$ 3438.82,3
1872,09:30:00,$ 3438.82,1
1873,09:30:00,$ 3438.82,2
1874,09:30:00,$ 3438.82,3
1875,09:30:00,$ 3438.82,1
1876,09:30:00,$ 3438.82,100
1877,09:30:00,$ 3438.82,1
1878,09:30:00,$ 3438.82,1
1879,09:30:00,$ 3438.82,1
1880,09:30:00,$ 3438.82,25
1881,09:30:00,$ 3438.82,7
1882,09:30:00,$ 3438.82,56
1883,09:30:00,$ 3438.82,2
1884,09:30:00,$ 3438.82,5
1885,09:30:00,$ 3438.82,2
1886,09:30:00,$ 3438.82,1
1887,09:30:00,$ 3438.82,5
1888,09:30:00,$ 3438.82,1
1889,09:30:00,$ 3438.82,7
1891,09:30:00,$ 3438.82,25
1892,09:30:00,$ 3438.82,1
1893,09:30:00,$ 3438.82,1
1894,09:30:00,$ 3438.82,1
1895,09:30:00,$ 3438.82,6
1896,09:30:00,$ 3438.82,3
1897,09:30:00,$ 3438.82,4
1898,09:30:00,$ 3438.82,3
1899,09:30:00,$ 3438.82,39
1900,09:30:00,$ 3438.82,1
1901,09:30:00,$ 3438.82,4
1902,09:30:00,$ 3438.82,2
1903,09:30:00,$ 3438.82,2
1904,09:30:00,$ 3438.82,1
1905,09:30:00,$ 3438.82,3
1906,09:30:00,$ 3438.82,1
1907,09:30:00,$ 3438.82,10
1908,09:30:00,$ 3438.82,6
1909,09:30:00,$ 3438.82,2
1910,09:30:00,$ 3438.82,1
1912,09:30:00,$ 3438.82,33
1913,09:30:00,$ 3438.82,1
1914,09:30:00,$ 3438.82,27
1915,09:30:00,$ 3438.82,1
1916,09:30:00,$ 3438.82,1
1917,09:30:00,$ 3438.82,1
1918,09:30:00,$ 3438.82,6
1919,09:30:00,$ 3438.82,22
1920,09:30:00,$ 3438.82,4
1921,09:30:00,$ 3438.82,8
1922,09:30:00,$ 3438.82,2
1923,09:30:00,$ 3438.82,1
1924,09:30:00,$ 3438.82,6
1925,09:30:00,$ 3438.82,10
1926,09:30:00,$ 3438.82,1
1927,09:30:00,$ 3438.82,1
1928,09:30:00,$ 3438.82,2
1929,09:30:00,$ 3438.82,1
1930,09:30:00,$ 3438.82,2
1931,09:30:00,$ 3438.82,1
1933,09:30:00,$ 3438.82,1
1934,09:30:00,$ 3438.82,1
1935,09:30:00,$ 3438.82,1
1936,09:30:00,$ 3438.82,2
1937,09:30:00,$ 3438.82,3
1938,09:30:00,$ 3438.82,3
1939,09:30:00,$ 3438.82,168
1940,09:30:00,$ 3438.82,20
1941,09:30:00,$ 3438.82,1
1942,09:30:00,$ 3438.82,100
1943,09:30:00,$ 3438.82,1
1944,09:30:00,$ 3438.82,1
1945,09:30:00,$ 3438.82,1
1946,09:30:00,$ 3438.82,1
1947,09:30:00,$ 3438.82,4
1948,09:30:00,$ 3438.82,4
1949,09:30:00,$ 3438.82,1
1950,09:30:00,$ 3438.82,1
1951,09:30:00,$ 3438.82,1
1952,09:30:00,$ 3438.82,6
1954,09:30:00,$ 3438.82,310
1955,09:30:00,$ 3438.82,1
1956,09:30:00,$ 3438.82,1
1957,09:30:00,$ 3438.82,1
1958,09:30:00,$ 3438.82,12
1959,09:30:00,$ 3438.82,11
1960,09:30:00,$ 3438.82,1
1961,09:30:00,$ 3438.82,2
1962,09:30:00,$ 3438.82,3
1963,09:30:00,$ 3438.82,1
1964,09:30:00,$ 3438.82,3
1965,09:30:00,$ 3438.82,1
1966,09:30:00,$ 3438.82,2
1967,09:30:00,$ 3438.82,2
1968,09:30:00,$ 3438.82,2
1969,09:30:00,$ 3438.82,1
1970,09:30:00,$ 3438.82,2
1971,09:30:00,$ 3438.82,1
1972,09:30:00,$ 3438.82,1
1973,09:30:00,$ 3438.82,2
1975,09:30:00,$ 3438.82,1
1976,09:30:00,$ 3438.82,1
1977,09:30:00,$ 3438.82,1
1978,09:30:00,$ 3438.82,1
1979,09:30:00,$ 3438.82,2
1980,09:30:00,$ 3438.82,1
1981,09:30:00,$ 3438.82,2
1982,09:30:00,$ 3438.82,2
1983,09:30:00,$ 3438.82,1
1984,09:30:00,$ 3438.82,1
1985,09:30:00,$ 3438.82,1
1986,09:30:00,$ 3438.82,2
1987,09:30:00,$ 3438.82,1
1988,09:30:00,$ 3438.82,1
1989,09:30:00,$ 3438.82,1
1990,09:30:00,$ 3438.82,1
1991,09:30:00,$ 3438.82,1
1992,09:30:00,$ 3438.82,1
1993,09:30:00,$ 3438.82,2
1994,09:30:00,$ 3438.82,2
1996,09:30:00,$ 3438.82,1
1997,09:30:00,$ 3438.82,1
1998,09:30:00,$ 3438.82,116
1999,09:30:00,$ 3438.82,1
2000,09:30:00,$ 3438.82,1
2001,09:30:00,$ 3438.82,25
2002,09:30:00,$ 3438.82,1
2003,09:30:00,$ 3438.82,10
2004,09:30:00,$ 3438.82,10
2005,09:30:00,$ 3438.82,1
2006,09:30:00,$ 3438.82,10
2007,09:30:00,$ 3438.82,10
2008,09:30:00,$ 3438.82,8
2009,09:30:00,$ 3438.82,2
2010,09:30:00,$ 3438.82,1
2011,09:30:00,$ 3438.82,2
2012,09:30:00,$ 3438.82,1
2013,09:30:00,$ 3438.82,15
2014,09:30:00,$ 3438.82,11
2015,09:30:00,$ 3438.82,16
2017,09:30:00,$ 3438.82,8
2018,09:30:00,$ 3438.82,10
2019,09:30:00,$ 3438.82,10
2020,09:30:00,$ 3438.82,1
2021,09:30:00,$ 3438.82,7
2022,09:30:00,$ 3438.82,1
2023,09:30:00,$ 3438.82,2
2024,09:30:00,$ 3438.82,1
2025,09:30:00,$ 3438.82,1
2026,09:30:00,$ 3438.82,1
2027,09:30:00,$ 3438.82,1
2028,09:30:00,$ 3438.82,2
2029,09:30:00,$ 3438.82,1
2030,09:30:00,$ 3438.82,7
2031,09:30:00,$ 3438.82,2
2032,09:30:00,$ 3438.82,3
2033,09:30:00,$ 3438.82,1
2034,09:30:00,$ 3438.82,1
2035,09:30:00,$ 3438.82,2
2036,09:30:00,$ 3438.82,50
2038,09:30:00,$ 3438.82,30
2039,09:30:00,$ 3438.82,3
2040,09:30:00,$ 3438.82,1
2041,09:30:00,$ 3438.82,2
2042,09:30:00,$ 3438.82,3
2043,09:30:00,$ 3438.82,2
2044,09:30:00,$ 3438.82,7
2045,09:30:00,$ 3438.82,1
2046,09:30:00,$ 3438.82,5
2047,09:30:00,$ 3438.82,1
2048,09:30:00,$ 3438.82,4
2049,09:30:00,$ 3438.82,7
2050,09:30:00,$ 3438.82,5
2051,09:30:00,$ 3438.82,10
2052,09:30:00,$ 3438.82,5
2053,09:30:00,$ 3438.82,1
2054,09:30:00,$ 3438.82,1
2055,09:30:00,$ 3438.82,5
2056,09:30:00,$ 3438.82,4
2057,09:30:00,$ 3438.82,1
2059,09:30:00,$ 3438.82,1
2060,09:30:00,$ 3438.82,3
2061,09:30:00,$ 3438.82,5
2062,09:30:00,$ 3438.82,20
2063,09:30:00,$ 3438.82,1
2064,09:30:00,$ 3438.82,10
2065,09:30:00,$ 3438.82,3
2066,09:30:00,$ 3438.82,1
2067,09:30:00,$ 3438.82,2
2068,09:30:00,$ 3438.82,1
2069,09:30:00,$ 3438.82,1
2070,09:30:00,$ 3438.82,1
2071,09:30:00,$ 3438.82,51
2072,09:30:00,$ 3438.82,1
2073,09:30:00,$ 3438.82,1
2074,09:30:00,$ 3438.82,20
2075,09:30:00,$ 3438.82,2
2076,09:30:00,$ 3438.82,123
2077,09:30:00,$ 3438.82,20
2078,09:30:00,$ 3438.82,20
2080,09:30:00,$ 3438.82,2
2081,09:30:00,$ 3438.82,1
2082,09:30:00,$ 3438.82,1
2083,09:30:00,$ 3438.82,2
2084,09:30:00,$ 3438.82,2
2085,09:30:00,$ 3438.82,3
2086,09:30:00,$ 3438.82,1
2087,09:30:00,$ 3438.82,1
2088,09:30:00,$ 3438.82,303
2089,09:30:00,$ 3438.82,1
2090,09:30:00,$ 3438.82,4
2091,09:30:00,$ 3438.82,1
2092,09:30:00,$ 3438.82,1
2093,09:30:00,$ 3438.82,14
2094,09:30:00,$ 3438.82,1
2095,09:30:00,$ 3438.82,2
2096,09:30:00,$ 3438.82,2
2097,09:30:00,$ 3438.82,2
2098,09:30:00,$ 3438.82,1
2099,09:30:00,$ 3438.82,1
2101,09:30:00,$ 3438.82,1
2102,09:30:00,$ 3438.82,1
2103,09:30:00,$ 3438.82,3
2104,09:30:00,$ 3438.82,1
2105,09:30:00,$ 3438.82,1
2106,09:30:00,$ 3438.82,1
2107,09:30:00,$ 3438.82,2
2108,09:30:00,$ 3438.82,1
2109,09:30:00,$ 3438.82,1
2110,09:30:00,$ 3438.82,1
2111,09:30:00,$ 3438.82,6
2112,09:30:00,$ 3438.82,3
2113,09:30:00,$ 3438.82,2
2114,09:30:00,$ 3438.82,5
2115,09:30:00,$ 3438.82,2
2116,09:30:00,$ 3438.49,265
2118,10:29:39,$ 3426.47,100
2119,10:29:27,$ 3427.051,400
2120,10:29:13,$ 3426.50,374
2121,10:29:05,$ 3425.73,100
2122,10:29:05,$ 3425.78,100
2123,10:29:03,$ 3425.292,291
2124,10:29:03,$ 3425.01,104
2125,10:29:03,$ 3425.2345,104
2126,10:28:57,$ 3426.47,100
2127,10:28:48,$ 3426.3396,100
2128,10:28:13,$ 3426.83,150
2129,10:28:12,$ 3425.0001,260
2130,10:28:09,$ 3426.26,100
2131,10:28:08,$ 3426.93,131
2132,10:28:02,$ 3427.055,100
2133,10:28:00,$ 3427.045,100
2134,10:27:58,$ 3427.19,100
2135,10:27:54,$ 3426.30,100
2136,10:27:52,$ 3426.37,100
2137,10:27:05,$ 3425.77,100
2139,10:27:05,$ 3425.77,104
2140,10:27:05,$ 3425.77,101
2141,10:27:03,$ 3425.535,100
2142,10:26:48,$ 3426.00,100
2143,10:26:48,$ 3426.36,100
2144,10:26:31,$ 3427.78,100
2145,10:25:20,$ 3427.88,100
2146,10:25:10,$ 3428.76,100
2147,10:24:55,$ 3429.50,100
2148,10:23:58,$ 3428.316,100
2149,10:23:47,$ 3427.24,100
2150,10:23:46,$ 3428.00,300
2151,10:23:38,$ 3428.45,100
2152,10:23:05,$ 3429.32,150
2153,10:22:57,$ 3429.12,100
2154,10:22:57,$ 3429.14,100
2155,10:22:56,$ 3430.34,100
2156,10:22:54,$ 3428.5101,200
2157,10:22:53,$ 3429.81,100
2158,10:22:53,$ 3429.80,100
2160,10:22:31,$ 3431.95,100
2161,10:22:09,$ 3433.005,100
2162,10:21:54,$ 3433.50,100
2163,10:21:50,$ 3434.00,100
2164,10:21:48,$ 3435.00,100
2165,10:21:48,$ 3433.98,100
2166,10:21:47,$ 3433.29,100
2167,10:21:38,$ 3432.89,100
2168,10:21:37,$ 3431.34,100
2169,10:21:26,$ 3432.1727,100
2170,10:21:23,$ 3432.00,100
2171,10:21:21,$ 3432.71,100
2172,10:21:21,$ 3432.60,100
2173,10:21:21,$ 3432.355,100
2174,10:21:04,$ 3432.86,400
2175,10:21:04,$ 3432.86,100
2176,10:21:04,$ 3433.015,100
2177,10:21:03,$ 3432.77,100
2178,10:20:46,$ 3432.69,300
2179,10:20:44,$ 3432.665,100
2181,10:20:44,$ 3432.545,100
2182,10:20:44,$ 3432.43,100
2183,10:20:44,$ 3432.38,100
2184,10:20:43,$ 3432.2501,100
2185,10:20:29,$ 3431.8413,100
2186,10:20:25,$ 3431.98,100
2187,10:20:25,$ 3431.70,100
2188,10:20:19,$ 3430.96,100
2189,10:20:18,$ 3431.32,100
2190,10:20:16,$ 3430.475,100
2191,10:20:15,$ 3430.84,100
2192,10:20:11,$ 3429.28,100
2193,10:20:11,$ 3429.28,100
2194,10:20:03,$ 3428.00,100
2195,10:19:56,$ 3429.06,100
2196,10:19:48,$ 3428.2201,100
2197,10:19:08,$ 3428.7755,100
2198,10:19:05,$ 3428.75,250
2199,10:18:52,$ 3428.034,375
2200,10:18:52,$ 3428.25,100
2202,10:18:32,$ 3428.21,100
2203,10:18:32,$ 3428.21,100
2204,10:18:32,$ 3428.21,290
2205,10:18:15,$ 3427.0701,100
2206,10:18:12,$ 3427.71,100
2207,10:18:09,$ 3428.07,100
2208,10:18:07,$ 3427.685,100
2209,10:17:39,$ 3427.44,100
2210,10:17:25,$ 3427.158,500
2211,10:17:24,$ 3427.19,268
2212,10:17:15,$ 3426.295,100
2213,10:17:14,$ 3426.15,100
2214,10:16:56,$ 3425.71,100
2215,10:16:46,$ 3425.305,100
2216,10:16:46,$ 3424.83,100
2217,10:16:46,$ 3423.915,100
2218,10:16:46,$ 3423.07,100
2219,10:16:46,$ 3423.10,100
2220,10:16:46,$ 3423.10,100
2221,10:16:46,$ 3423.10,100
2223,10:16:40,$ 3424.37,200
2224,10:16:39,$ 3425.52,100
2225,10:16:38,$ 3424.30,100
2226,10:16:38,$ 3424.28,100
2227,10:16:36,$ 3424.1496,185
2228,10:16:36,$ 3424.149,100
2229,10:16:36,$ 3423.87,100
2230,10:16:34,$ 3423.03,100
2231,10:16:33,$ 3424.00,174
2232,10:16:29,$ 3424.01,100
2233,10:16:24,$ 3424.97,100
2234,10:16:23,$ 3426.01,200
2235,10:16:21,$ 3426.05,100
2236,10:16:19,$ 3425.001,100
2237,10:16:18,$ 3425.00,100
2238,10:16:16,$ 3425.55,100
2239,10:16:13,$ 3425.58,100
2240,10:15:59,$ 3427.6334,100
2241,10:15:59,$ 3427.6334,161
2242,10:15:59,$ 3427.09,100
2244,10:15:57,$ 3428.29,100
2245,10:15:57,$ 3428.35,100
2246,10:15:51,$ 3428.90,100
2247,10:15:47,$ 3429.00,101
2248,10:15:42,$ 3429.915,500
2249,10:15:35,$ 3430.20,100
2250,10:15:19,$ 3431.04,100
2251,10:15:13,$ 3431.21,100
2252,10:15:13,$ 3431.28,100
2253,10:14:58,$ 3431.11,100
2254,10:14:58,$ 3430.77,100
2255,10:14:58,$ 3430.41,102
2256,10:14:58,$ 3430.59,100
2257,10:14:58,$ 3429.902,200
2258,10:14:58,$ 3429.37,100
2259,10:14:58,$ 3429.37,100
2260,10:14:57,$ 3429.313,200
2261,10:14:52,$ 3428.5681,100
2262,10:14:42,$ 3428.85,100
2263,10:14:41,$ 3428.00,100
2265,10:14:39,$ 3428.0004,140
2266,10:14:33,$ 3427.00,100
2267,10:14:33,$ 3427.00,111
2268,10:14:30,$ 3427.64,100
2269,10:14:30,$ 3427.00,100
2270,10:14:30,$ 3427.00,100
2271,10:14:30,$ 3427.02,100
2272,10:14:30,$ 3427.64,400
2273,10:14:30,$ 3427.67,100
2274,10:14:30,$ 3427.65,100
2275,10:14:20,$ 3427.895,123
2276,10:14:20,$ 3427.59,100
2277,10:14:20,$ 3427.62,100
2278,10:14:18,$ 3426.64,200
2279,10:14:17,$ 3426.98,100
2280,10:14:17,$ 3427.00,100
2281,10:14:13,$ 3426.22,100
2282,10:14:11,$ 3427.36,225
2283,10:14:11,$ 3427.36,100
2284,10:14:09,$ 3427.4399,352
2286,10:14:01,$ 3427.84,300
2287,10:14:01,$ 3426.63,210
2288,10:14:01,$ 3427.27,100
2289,10:13:48,$ 3428.00,100
2290,10:13:48,$ 3428.54,100
2291,10:13:46,$ 3429.20,100
2292,10:13:43,$ 3429.17,100
2293,10:13:43,$ 3429.14,100
2294,10:13:43,$ 3429.17,100
2295,10:13:43,$ 3429.17,100
2296,10:13:38,$ 3430.8075,300
2297,10:13:32,$ 3429.5301,300
2298,10:13:25,$ 3430.74,100
2299,10:13:23,$ 3429.88,100
2300,10:13:23,$ 3429.2508,211
2301,10:13:22,$ 3429.20,100
2302,10:13:22,$ 3430.00,100
2303,10:13:22,$ 3430.00,100
2304,10:13:22,$ 3430.00,100
2305,10:13:22,$ 3430.0959,100
2307,10:13:18,$ 3430.65,200
2308,10:13:17,$ 3431.6444,169
2309,10:13:06,$ 3432.72,100
2310,10:13:05,$ 3432.72,100
2311,10:13:05,$ 3432.72,100
2312,10:13:04,$ 3431.76,100
2313,10:13:04,$ 3432.73,100
2314,10:13:04,$ 3431.75,100
2315,10:13:03,$ 3430.80,140
2316,10:13:02,$ 3432.32,100
2317,10:12:57,$ 3433.27,100
2318,10:12:52,$ 3433.0671,400
2319,10:12:51,$ 3433.87,100
2320,10:12:48,$ 3435.00,212
2321,10:12:43,$ 3436.00,100
2322,10:12:43,$ 3436.00,100
2323,10:12:27,$ 3436.00,100
2324,10:12:27,$ 3436.74,100
2325,10:12:27,$ 3436.66,100
2326,10:12:16,$ 3437.8499,260
2328,10:12:02,$ 3437.01,100
2329,10:11:50,$ 3437.49,100
2330,10:11:44,$ 3437.225,200
2331,10:11:39,$ 3437.225,100
2332,10:11:31,$ 3437.665,200
2333,10:11:26,$ 3437.3545,300
2334,10:11:20,$ 3437.7402,100
2335,10:11:09,$ 3437.00,100
2336,10:11:09,$ 3436.83,100
2337,10:11:04,$ 3437.6999,150
2338,10:10:51,$ 3436.20,100
2339,10:10:46,$ 3436.69,100
2340,10:10:07,$ 3435.07,100
2341,10:09:51,$ 3435.50,100
2342,10:09:31,$ 3436.50,100
2343,10:09:30,$ 3436.1273,200
2344,10:09:28,$ 3436.91,300
2345,10:09:22,$ 3436.465,100
2346,10:09:11,$ 3436.84,100
2347,10:09:00,$ 3436.63,100
2349,10:08:57,$ 3436.88,100
2350,10:08:51,$ 3436.1209,100
2351,10:08:48,$ 3436.27,100
2352,10:08:47,$ 3435.72,100
2353,10:08:36,$ 3435.295,199
2354,10:08:24,$ 3434.425,472
2355,10:08:19,$ 3434.34,100
2356,10:08:19,$ 3435.23,100
2357,10:08:17,$ 3434.45,100
2358,10:08:07,$ 3435.65,300
2359,10:08:03,$ 3436.00,100
2360,10:07:59,$ 3435.89,100
2361,10:07:51,$ 3436.00,100
2362,10:07:45,$ 3436.00,100
2363,10:07:41,$ 3436.00,500
2364,10:07:40,$ 3436.50,150
2365,10:07:40,$ 3436.50,100
2366,10:07:08,$ 3438.70,500
2367,10:07:01,$ 3437.84,200
2368,10:06:59,$ 3438.545,300
2370,10:06:54,$ 3438.74,100
2371,10:06:53,$ 3437.675,150
2372,10:06:48,$ 3437.13,100
2373,10:06:47,$ 3436.75,199
2374,10:06:47,$ 3437.1675,200
2375,10:06:46,$ 3437.065,100
2376,10:06:46,$ 3437.10,100
2377,10:06:46,$ 3437.065,100
2378,10:06:28,$ 3438.67,100
2379,10:06:28,$ 3438.53,100
2380,10:06:28,$ 3438.77,100
2381,10:06:28,$ 3438.91,110
2382,10:06:27,$ 3437.61,100
2383,10:06:25,$ 3438.075,100
2384,10:06:19,$ 3438.50,100
2385,10:06:06,$ 3439.359,750
2386,10:06:06,$ 3438.717,100
2387,10:06:02,$ 3438.76,100
2388,10:06:00,$ 3438.74,100
2389,10:06:00,$ 3439.155,100
2391,10:06:00,$ 3439.14,100
2392,10:06:00,$ 3439.14,519
2393,10:05:58,$ 3438.76,100
2394,10:05:57,$ 3438.76,100
2395,10:05:56,$ 3439.235,150
2396,10:05:45,$ 3438.50,100
2397,10:05:33,$ 3440.61,100
2398,10:05:31,$ 3440.76,100
2399,10:05:21,$ 3441.45,100
2400,10:05:21,$ 3441.60,100
2401,10:05:03,$ 3441.59,100
2402,10:05:03,$ 3441.46,300
2403,10:05:01,$ 3441.9306,120
2404,10:05:01,$ 3442.44,233
2405,10:05:01,$ 3443.11,100
2406,10:04:50,$ 3443.17,100
2407,10:04:34,$ 3443.205,100
2408,10:04:22,$ 3444.64,100
2409,10:04:20,$ 3443.785,100
2410,10:04:18,$ 3444.55,200
2412,10:04:12,$ 3444.75,100
2413,10:04:10,$ 3443.68,300
2414,10:04:10,$ 3443.6801,100
2415,10:04:01,$ 3444.725,100
2416,10:03:54,$ 3445.82,100
2417,10:03:54,$ 3444.61,100
2418,10:03:51,$ 3444.18,114
2419,10:03:49,$ 3444.46,100
2420,10:03:49,$ 3444.46,100
2421,10:03:46,$ 3444.19,150
2422,10:03:46,$ 3443.51,100
2423,10:03:46,$ 3443.30,100
2424,10:03:39,$ 3444.97,100
2425,10:03:26,$ 3445.00,300
2426,10:02:59,$ 3445.43,100
2427,10:02:40,$ 3445.48,100
2428,10:02:40,$ 3445.51,100
2429,10:02:40,$ 3446.265,100
2430,10:02:33,$ 3446.27,100
2431,10:02:31,$ 3447.4999,300
2433,10:02:21,$ 3447.20,200
2434,10:02:07,$ 3446.62,100
2435,10:01:39,$ 3444.9442,138
2436,10:01:31,$ 3445.445,100
2437,10:01:26,$ 3446.6476,100
2438,10:01:20,$ 3445.36,100
2439,10:01:18,$ 3444.625,200
2440,10:01:14,$ 3444.1175,100
2441,10:01:14,$ 3444.84,100
2442,10:01:14,$ 3444.84,100
2443,10:01:14,$ 3444.70,100
2444,10:00:57,$ 3444.00,100
2445,10:00:55,$ 3443.575,100
2446,10:00:54,$ 3443.50,100
2447,10:00:49,$ 3444.0554,300
2448,10:00:47,$ 3443.595,100
2449,10:00:47,$ 3443.56,100
2450,10:00:33,$ 3443.52,100
2451,10:00:31,$ 3444.12,100
2452,10:00:29,$ 3444.13,100
2454,10:00:24,$ 3444.7925,100
2455,10:00:24,$ 3445.00,100
2456,10:00:22,$ 3444.12,300
2457,10:00:19,$ 3444.51,100
2458,10:00:12,$ 3445.36,100
2459,10:00:10,$ 3445.905,100
2460,10:00:06,$ 3448.7399,120
2461,10:00:02,$ 3448.82,100
2462,10:00:02,$ 3448.16,100
2463,10:00:02,$ 3448.16,100
2465,10:59:50,$ 3431.375,500
2466,10:59:50,$ 3431.00,110
2467,10:59:47,$ 3431.375,400
2468,10:59:45,$ 3431.375,100
2469,10:59:42,$ 3431.25,100
2470,10:59:13,$ 3431.75,"1,000"
2471,10:58:46,$ 3431.92,399
2472,10:58:45,$ 3431.96,100
2473,10:58:29,$ 3430.9541,250
2474,10:57:52,$ 3433.43,500
2475,10:57:36,$ 3433.3961,100
2476,10:57:33,$ 3433.03,100
2477,10:57:22,$ 3432.145,200
2478,10:56:39,$ 3432.84,100
2479,10:56:38,$ 3432.225,100
2480,10:55:53,$ 3433.485,100
2481,10:55:41,$ 3433.00,159
2482,10:55:41,$ 3433.01,100
2483,10:55:41,$ 3433.00,100
2484,10:55:38,$ 3433.875,500
2486,10:54:59,$ 3434.59,100
2487,10:54:40,$ 3434.065,100
2488,10:54:20,$ 3434.035,250
2489,10:54:15,$ 3435.02,100
2490,10:53:53,$ 3434.96,100
2491,10:53:53,$ 3434.67,100
2492,10:53:50,$ 3433.3236,285
2493,10:53:38,$ 3435.38,100
2494,10:53:28,$ 3435.6838,104
2495,10:53:22,$ 3435.99,150
2496,10:53:01,$ 3435.8323,250
2497,10:52:55,$ 3437.1746,104
2498,10:52:54,$ 3436.7434,100
2499,10:52:38,$ 3437.88,100
2500,10:52:38,$ 3437.42,100
2501,10:52:19,$ 3437.2197,200
2502,10:51:37,$ 3437.19,100
2503,10:51:36,$ 3436.0801,250
2504,10:51:31,$ 3436.8374,200
2505,10:51:19,$ 3436.22,100
2507,10:51:17,$ 3437.30,100
2508,10:51:17,$ 3436.525,100
2509,10:51:08,$ 3437.47,100
2510,10:50:55,$ 3438.1099,100
2511,10:50:46,$ 3437.64,100
2512,10:50:08,$ 3437.81,100
2513,10:49:57,$ 3437.535,100
2514,10:49:50,$ 3438.50,100
2515,10:49:48,$ 3439.2599,100
2516,10:49:35,$ 3439.39,100
2517,10:49:35,$ 3438.7301,100
2518,10:49:23,$ 3438.31,100
2519,10:49:22,$ 3438.75,100
2520,10:49:22,$ 3438.195,100
2521,10:49:22,$ 3438.21,100
2522,10:49:09,$ 3438.27,100
2523,10:49:08,$ 3437.73,100
2524,10:48:55,$ 3438.2171,209
2525,10:48:51,$ 3437.50,100
2526,10:48:47,$ 3437.2333,100
2528,10:48:44,$ 3437.05,100
2529,10:48:40,$ 3437.32,100
2530,10:48:30,$ 3436.185,100
2531,10:48:30,$ 3437.35,288
2532,10:48:10,$ 3437.324,250
2533,10:47:56,$ 3438.115,400
2534,10:47:47,$ 3437.51,200
2535,10:47:46,$ 3437.4999,100
2536,10:47:40,$ 3436.19,302
2537,10:47:40,$ 3437.04,100
2538,10:47:38,$ 3436.1407,500
2539,10:47:06,$ 3436.01,100
2540,10:47:05,$ 3435.83,100
2541,10:46:55,$ 3436.23,500
2542,10:46:52,$ 3435.90,100
2543,10:46:39,$ 3435.00,100
2544,10:46:39,$ 3434.24,100
2545,10:46:36,$ 3433.90,100
2546,10:45:10,$ 3432.29,100
2547,10:44:46,$ 3430.00,300
2549,10:44:43,$ 3431.79,100
2550,10:44:39,$ 3433.0556,111
2551,10:44:20,$ 3431.25,200
2552,10:44:20,$ 3430.705,100
2553,10:44:18,$ 3430.4368,290
2554,10:44:18,$ 3430.4368,178
2555,10:44:01,$ 3430.20,100
2556,10:43:55,$ 3430.44,101
2557,10:43:49,$ 3429.795,100
2558,10:43:43,$ 3430.00,100
2559,10:43:43,$ 3429.99,100
2560,10:43:32,$ 3430.1254,100
2561,10:43:28,$ 3430.60,200
2562,10:43:03,$ 3430.38,100
2563,10:43:00,$ 3429.715,100
2564,10:42:51,$ 3429.73,100
2565,10:42:51,$ 3430.30,100
2566,10:42:35,$ 3430.00,200
2567,10:42:35,$ 3430.00,300
2568,10:42:22,$ 3430.01,100
2570,10:42:17,$ 3430.8454,100
2571,10:41:34,$ 3430.375,100
2572,10:41:34,$ 3431.14,100
2573,10:41:34,$ 3430.375,494
2574,10:41:18,$ 3430.00,100
2575,10:40:30,$ 3430.9862,100
2576,10:40:24,$ 3430.00,600
2577,10:39:58,$ 3430.3001,100
2578,10:39:38,$ 3430.60,100
2579,10:39:15,$ 3431.00,156
2580,10:38:50,$ 3430.58,100
2581,10:38:50,$ 3430.635,100
2582,10:38:30,$ 3430.2615,210
2583,10:38:18,$ 3430.00,100
2584,10:38:18,$ 3431.06,100
2585,10:38:18,$ 3431.20,100
2586,10:38:18,$ 3431.12,100
2587,10:38:14,$ 3432.03,100
2588,10:38:14,$ 3431.99,100
2589,10:37:41,$ 3431.1284,300
2591,10:37:40,$ 3430.3201,290
2592,10:37:35,$ 3430.3201,100
2593,10:37:34,$ 3431.489,100
2594,10:37:31,$ 3431.20,200
2595,10:36:55,$ 3432.27,100
2596,10:36:33,$ 3431.69,100
2597,10:35:52,$ 3431.91,100
2598,10:35:49,$ 3432.8299,400
2599,10:35:49,$ 3432.809,200
2600,10:35:33,$ 3432.1936,372
2601,10:35:33,$ 3431.97,100
2602,10:35:18,$ 3430.815,100
2603,10:35:14,$ 3431.52,100
2604,10:35:07,$ 3432.36,100
2605,10:35:06,$ 3432.62,100
2606,10:35:05,$ 3432.78,100
2607,10:34:57,$ 3432.68,100
2608,10:34:48,$ 3432.36,100
2609,10:34:48,$ 3431.99,100
2610,10:34:45,$ 3431.525,500
2612,10:34:42,$ 3432.00,100
2613,10:34:34,$ 3430.575,400
2614,10:34:33,$ 3429.317,100
2615,10:34:31,$ 3430.52,100
2616,10:33:52,$ 3429.17,100
2617,10:33:32,$ 3428.95,100
2618,10:33:03,$ 3427.985,100
2619,10:32:57,$ 3427.27,100
2620,10:32:29,$ 3426.9199,400
2621,10:32:01,$ 3427.285,400
2622,10:31:40,$ 3428.745,100
2623,10:31:40,$ 3428.10,100
2624,10:31:26,$ 3430.281,358
2625,10:31:21,$ 3429.6382,100
2626,10:31:14,$ 3429.88,100
2627,10:31:04,$ 3429.88,100
2628,10:31:04,$ 3430.00,100
2629,10:31:00,$ 3429.24,100
2630,10:31:00,$ 3428.24,100
2631,10:31:00,$ 3428.615,100
2633,10:30:43,$ 3428.29,100
2634,10:30:21,$ 3427.78,100
2635,10:30:06,$ 3427.88,100
2636,10:30:02,$ 3427.13,100
2638,11:29:54,$ 3434.90,100
2639,11:29:54,$ 3434.95,100
2640,11:29:51,$ 3433.80,116
2641,11:29:51,$ 3433.80,100
2642,11:29:28,$ 3433.505,100
2643,11:29:01,$ 3433.27,100
2644,11:28:50,$ 3432.77,100
2645,11:28:50,$ 3432.77,100
2646,11:28:50,$ 3432.85,100
2647,11:28:50,$ 3433.00,417
2648,11:28:36,$ 3432.405,100
2649,11:28:23,$ 3432.725,400
2650,11:28:17,$ 3433.05,245
2651,11:28:12,$ 3432.48,100
2652,11:27:55,$ 3432.255,100
2653,11:27:51,$ 3431.88,100
2654,11:27:44,$ 3431.81,100
2655,11:27:39,$ 3431.56,100
2656,11:27:38,$ 3431.555,100
2657,11:26:45,$ 3429.255,100
2659,11:26:31,$ 3429.64,274
2660,11:26:31,$ 3429.64,100
2661,11:26:31,$ 3429.51,100
2662,11:25:40,$ 3429.21,100
2663,11:25:40,$ 3428.96,100
2664,11:24:54,$ 3427.84,100
2665,11:24:54,$ 3427.88,100
2666,11:24:33,$ 3428.05,100
2667,11:24:33,$ 3428.05,100
2668,11:24:33,$ 3427.43,100
2669,11:24:33,$ 3428.00,100
2670,11:24:31,$ 3427.98,100
2671,11:24:30,$ 3428.00,100
2672,11:24:17,$ 3426.76,100
2673,11:24:06,$ 3426.435,"1,500"
2674,11:23:36,$ 3426.06,400
2675,11:23:21,$ 3425.61,100
2676,11:23:11,$ 3424.75,400
2677,11:21:49,$ 3425.92,100
2678,11:21:49,$ 3425.92,100
2680,11:21:48,$ 3426.24,100
2681,11:21:36,$ 3426.135,100
2682,11:21:36,$ 3426.13,100
2683,11:21:36,$ 3426.135,100
2684,11:21:36,$ 3426.14,100
2685,11:21:36,$ 3426.14,100
2686,11:21:35,$ 3426.145,100
2687,11:21:31,$ 3426.135,100
2688,11:21:30,$ 3425.9475,500
2689,11:20:08,$ 3425.0001,100
2690,11:20:04,$ 3426.17,139
2691,11:18:36,$ 3428.1299,100
2692,11:18:28,$ 3427.265,100
2693,11:18:28,$ 3428.24,100
2694,11:18:28,$ 3426.40,200
2695,11:18:22,$ 3429.00,104
2696,11:18:22,$ 3428.81,100
2697,11:18:22,$ 3428.48,100
2698,11:18:22,$ 3428.43,100
2699,11:18:21,$ 3428.07,100
2701,11:18:02,$ 3426.93,137
2702,11:17:57,$ 3426.2733,100
2703,11:17:56,$ 3425.96,100
2704,11:17:40,$ 3426.62,100
2705,11:15:48,$ 3428.15,100
2706,11:15:16,$ 3427.00,100
2707,11:15:05,$ 3427.05,100
2708,11:15:04,$ 3427.33,100
2709,11:15:00,$ 3427.45,100
2710,11:14:50,$ 3425.8001,175
2711,11:14:36,$ 3426.46,100
2712,11:14:34,$ 3426.4425,100
2713,11:12:30,$ 3425.0425,100
2714,11:12:20,$ 3424.88,100
2715,11:12:20,$ 3424.91,100
2716,11:12:18,$ 3424.375,100
2717,11:12:17,$ 3424.74,100
2718,11:12:17,$ 3424.74,143
2719,11:12:16,$ 3424.27,100
2720,11:12:07,$ 3425.2475,100
2722,11:12:07,$ 3425.4225,100
2723,11:12:00,$ 3425.4425,400
2724,11:10:59,$ 3425.795,100
2725,11:10:59,$ 3425.795,155
2726,11:10:58,$ 3426.02,100
2727,11:10:46,$ 3425.5747,100
2728,11:10:45,$ 3425.755,136
2729,11:09:40,$ 3427.185,100
2730,11:09:37,$ 3427.185,100
2731,11:09:37,$ 3427.185,100
2732,11:09:37,$ 3427.185,100
2733,11:09:29,$ 3427.185,127
2734,11:09:23,$ 3427.2296,100
2735,11:08:33,$ 3428.23,100
2736,11:08:33,$ 3428.23,100
2737,11:08:30,$ 3427.50,188
2738,11:08:22,$ 3427.395,144
2739,11:08:00,$ 3427.665,103
2740,11:08:00,$ 3428.0189,100
2741,11:07:40,$ 3427.50,100
2743,11:06:47,$ 3428.00,100
2744,11:06:45,$ 3427.64,100
2745,11:06:42,$ 3427.3379,115
2746,11:06:38,$ 3426.36,100
2747,11:06:37,$ 3427.32,100
2748,11:06:32,$ 3426.87,100
2749,11:06:31,$ 3426.33,100
2750,11:06:24,$ 3426.61,100
2751,11:06:24,$ 3426.11,100
2752,11:06:21,$ 3426.97,100
2753,11:06:03,$ 3426.995,100
2754,11:06:00,$ 3427.05,100
2755,11:06:00,$ 3427.05,100
2756,11:06:00,$ 3427.05,100
2757,11:05:44,$ 3426.705,234
2758,11:05:44,$ 3426.41,500
2759,11:05:44,$ 3426.41,100
2760,11:05:24,$ 3427.385,100
2761,11:05:23,$ 3427.46,100
2762,11:05:23,$ 3427.51,100
2764,11:05:00,$ 3427.465,100
2765,11:04:55,$ 3427.8739,100
2766,11:04:50,$ 3427.51,143
2767,11:04:29,$ 3427.46,100
2768,11:04:24,$ 3427.485,800
2769,11:03:48,$ 3428.42,100
2770,11:03:48,$ 3428.42,100
2771,11:03:47,$ 3428.11,100
2772,11:03:46,$ 3428.50,250
2773,11:03:25,$ 3429.385,100
2774,11:03:25,$ 3429.385,100
2775,11:03:22,$ 3429.255,400
2776,11:03:12,$ 3431.2975,100
2777,11:03:12,$ 3430.00,100
2778,11:02:30,$ 3431.1901,800
2779,11:02:26,$ 3431.5181,218
2780,11:02:26,$ 3431.5181,165
2781,11:02:20,$ 3431.90,297
2782,11:02:18,$ 3431.255,100
2783,11:02:11,$ 3431.00,100
2785,11:01:41,$ 3431.31,100
2786,11:01:40,$ 3430.96,100
2787,11:01:27,$ 3430.60,100
2788,11:01:24,$ 3429.92,100
2789,11:01:21,$ 3429.77,100
2790,11:01:08,$ 3429.93,160
2791,11:01:03,$ 3429.00,100
2792,11:00:55,$ 3430.00,100
2793,11:00:42,$ 3430.61,100
2794,11:00:29,$ 3430.24,106
2795,11:00:20,$ 3430.525,140
2796,11:00:17,$ 3430.525,382
2797,11:00:17,$ 3431.04,123
2798,11:00:04,$ 3430.485,400
2799,11:00:04,$ 3430.99,100
2800,11:00:03,$ 3430.48,200
2801,11:00:03,$ 3431.05,102
2803,11:59:36,$ 3435.9531,100
2804,11:59:06,$ 3435.64,200
2805,11:58:57,$ 3435.595,100
2806,11:58:53,$ 3435.1175,100
2807,11:58:47,$ 3434.795,100
2808,11:58:45,$ 3435.04,100
2809,11:58:42,$ 3435.04,100
2810,11:58:41,$ 3436.00,100
2811,11:58:24,$ 3436.66,100
2812,11:58:18,$ 3436.03,100
2813,11:58:18,$ 3436.1525,100
2814,11:58:18,$ 3436.57,100
2815,11:58:08,$ 3437.00,100
2816,11:58:00,$ 3435.8275,100
2817,11:57:56,$ 3435.565,100
2818,11:57:56,$ 3435.60,100
2819,11:57:52,$ 3435.295,100
2820,11:57:45,$ 3436.08,100
2821,11:57:26,$ 3435.435,100
2822,11:57:19,$ 3435.08,100
2824,11:57:19,$ 3434.83,100
2825,11:57:19,$ 3434.855,100
2826,11:57:16,$ 3435.00,116
2827,11:57:16,$ 3435.00,100
2828,11:57:16,$ 3434.95,100
2829,11:57:11,$ 3433.7025,100
2830,11:56:54,$ 3433.185,100
2831,11:56:54,$ 3433.19,100
2832,11:56:50,$ 3433.77,100
2833,11:56:46,$ 3433.8799,200
2834,11:56:00,$ 3433.455,100
2835,11:56:00,$ 3433.455,200
2836,11:56:00,$ 3433.455,100
2837,11:55:40,$ 3433.61,100
2838,11:55:18,$ 3434.00,100
2839,11:55:17,$ 3433.50,190
2840,11:55:16,$ 3433.00,100
2841,11:54:25,$ 3431.815,100
2842,11:54:02,$ 3431.955,100
2843,11:53:11,$ 3431.775,100
2845,11:53:11,$ 3431.66,100
2846,11:53:11,$ 3431.29,100
2847,11:53:02,$ 3430.845,100
2848,11:53:02,$ 3431.10,100
2849,11:53:02,$ 3430.91,100
2850,11:53:02,$ 3430.91,100
2851,11:52:35,$ 3430.505,100
2852,11:52:30,$ 3430.63,100
2853,11:52:30,$ 3430.62,100
2854,11:51:57,$ 3431.0225,100
2855,11:51:53,$ 3430.85,100
2856,11:51:53,$ 3430.69,100
2857,11:51:40,$ 3431.35,100
2858,11:51:16,$ 3431.38,113
2859,11:51:16,$ 3431.38,175
2860,11:50:30,$ 3431.305,100
2861,11:50:29,$ 3431.3575,100
2862,11:50:29,$ 3431.85,100
2863,11:50:29,$ 3431.87,100
2864,11:50:24,$ 3431.305,100
2866,11:50:12,$ 3431.875,100
2867,11:49:45,$ 3432.08,100
2868,11:49:26,$ 3432.595,100
2869,11:49:03,$ 3431.825,100
2870,11:48:28,$ 3431.31,100
2871,11:48:05,$ 3431.2875,100
2872,11:48:04,$ 3431.44,100
2873,11:48:04,$ 3431.31,100
2874,11:48:04,$ 3431.54,100
2875,11:47:54,$ 3431.09,100
2876,11:46:48,$ 3432.03,100
2877,11:46:46,$ 3431.83,100
2878,11:46:46,$ 3432.25,100
2879,11:46:27,$ 3432.595,100
2880,11:46:27,$ 3432.60,100
2881,11:46:27,$ 3432.60,100
2882,11:46:27,$ 3432.99,100
2883,11:46:27,$ 3432.595,100
2884,11:46:27,$ 3432.6175,100
2885,11:46:27,$ 3432.82,100
2887,11:46:27,$ 3432.87,100
2888,11:46:15,$ 3432.605,100
2889,11:46:04,$ 3432.59,100
2890,11:45:56,$ 3433.27,100
2891,11:45:50,$ 3431.6031,189
2892,11:45:48,$ 3431.535,100
2893,11:45:43,$ 3431.11,100
2894,11:44:59,$ 3432.00,159
2895,11:44:59,$ 3432.00,100
2896,11:44:22,$ 3432.805,100
2897,11:44:22,$ 3432.81,100
2898,11:44:21,$ 3433.00,176
2899,11:44:21,$ 3433.61,100
2900,11:44:20,$ 3433.49,100
2901,11:44:20,$ 3433.50,100
2902,11:44:20,$ 3433.20,100
2903,11:43:55,$ 3431.975,100
2904,11:43:52,$ 3431.69,100
2905,11:43:48,$ 3431.69,100
2906,11:43:30,$ 3432.125,100
2908,11:42:37,$ 3432.62,100
2909,11:42:30,$ 3432.81,100
2910,11:41:57,$ 3432.56,100
2911,11:41:17,$ 3432.37,100
2912,11:40:57,$ 3432.75,100
2913,11:40:18,$ 3433.68,100
2914,11:40:14,$ 3434.125,100
2915,11:39:45,$ 3433.48,100
2916,11:38:58,$ 3431.85,100
2917,11:38:58,$ 3432.17,100
2918,11:38:53,$ 3431.59,100
2919,11:38:53,$ 3431.5225,100
2920,11:38:31,$ 3431.84,100
2921,11:38:31,$ 3431.765,100
2922,11:38:00,$ 3432.39,100
2923,11:37:42,$ 3431.97,100
2924,11:37:16,$ 3432.57,100
2925,11:37:04,$ 3432.76,100
2926,11:36:58,$ 3432.22,100
2927,11:36:51,$ 3432.18,100
2929,11:36:36,$ 3432.5989,100
2930,11:36:32,$ 3432.69,100
2931,11:36:23,$ 3432.11,100
2932,11:36:21,$ 3432.24,100
2933,11:36:16,$ 3432.42,100
2934,11:36:09,$ 3433.3814,100
2935,11:35:09,$ 3433.64,100
2936,11:35:00,$ 3432.94,100
2937,11:34:49,$ 3432.0201,473
2938,11:34:39,$ 3432.00,100
2939,11:34:31,$ 3432.11,100
2940,11:34:22,$ 3431.19,100
2941,11:34:14,$ 3431.49,100
2942,11:33:36,$ 3432.79,100
2943,11:33:26,$ 3432.655,100
2944,11:33:17,$ 3432.54,132
2945,11:32:10,$ 3433.55,100
2946,11:31:50,$ 3432.8217,212
2947,11:31:45,$ 3432.80,100
2948,11:31:32,$ 3433.00,234
2950,11:31:32,$ 3433.01,100
2951,11:31:32,$ 3433.00,466
2952,11:31:32,$ 3433.04,100
2953,11:31:05,$ 3432.97,100
2954,11:31:05,$ 3433.16,100
2956,12:29:54,$ 3441.04,394
2957,12:29:49,$ 3440.88,100
2958,12:29:34,$ 3440.78,100
2959,12:29:25,$ 3440.54,100
2960,12:29:03,$ 3440.00,869
2961,12:29:03,$ 3439.45,100
2962,12:29:02,$ 3439.88,100
2963,12:29:02,$ 3440.10,100
2964,12:28:44,$ 3440.76,100
2965,12:28:38,$ 3439.6811,104
2966,12:28:24,$ 3440.225,100
2967,12:28:23,$ 3440.225,100
2968,12:28:23,$ 3440.225,100
2969,12:28:19,$ 3440.225,467
2970,12:27:59,$ 3440.1874,100
2971,12:27:09,$ 3439.60,100
2972,12:27:08,$ 3439.815,100
2973,12:27:07,$ 3439.60,100
2974,12:27:07,$ 3439.60,100
2975,12:27:01,$ 3439.68,100
2977,12:25:48,$ 3439.67,100
2978,12:25:45,$ 3439.50,125
2979,12:25:45,$ 3439.00,172
2980,12:25:23,$ 3438.15,100
2981,12:24:49,$ 3438.035,140
2982,12:24:30,$ 3437.90,100
2983,12:24:16,$ 3437.935,100
2984,12:23:43,$ 3438.1276,105
2985,12:22:41,$ 3437.85,131
2986,12:22:40,$ 3437.6161,192
2987,12:21:54,$ 3436.085,100
2988,12:21:08,$ 3437.075,100
2989,12:20:46,$ 3437.96,101
2990,12:20:46,$ 3437.96,200
2991,12:20:33,$ 3438.66,100
2992,12:20:33,$ 3438.66,100
2993,12:20:33,$ 3438.66,100
2994,12:20:33,$ 3438.65,100
2995,12:20:19,$ 3438.00,100
2996,12:20:16,$ 3438.00,300
2998,12:20:10,$ 3437.645,100
2999,12:20:07,$ 3437.9066,102
3000,12:20:03,$ 3437.81,100
3001,12:20:03,$ 3437.42,100
3002,12:20:03,$ 3437.81,100
3003,12:20:03,$ 3437.00,100
3004,12:20:03,$ 3437.345,100
3005,12:18:58,$ 3436.44,100
3006,12:18:58,$ 3436.50,100
3007,12:18:32,$ 3436.70,100
3008,12:17:47,$ 3436.77,100
3009,12:17:03,$ 3436.3938,200
3010,12:16:42,$ 3436.00,100
3011,12:15:40,$ 3435.14,100
3012,12:15:26,$ 3435.24,100
3013,12:14:30,$ 3434.62,200
3014,12:14:30,$ 3434.61,100
3015,12:14:30,$ 3434.60,100
3016,12:14:30,$ 3433.955,100
3017,12:14:30,$ 3434.60,100
3019,12:12:48,$ 3433.835,100
3020,12:12:48,$ 3434.0325,100
3021,12:11:28,$ 3432.60,100
3022,12:10:51,$ 3432.6479,115
3023,12:10:47,$ 3432.06,100
3024,12:10:29,$ 3431.545,140
3025,12:10:23,$ 3431.90,100
3026,12:10:17,$ 3431.03,100
3027,12:10:04,$ 3431.495,100
3028,12:09:21,$ 3432.53,100
3029,12:09:17,$ 3432.475,100
3030,12:09:17,$ 3433.0675,100
3031,12:08:42,$ 3433.33,100
3032,12:08:42,$ 3433.11,100
3033,12:08:40,$ 3432.00,100
3034,12:08:40,$ 3432.52,100
3035,12:07:34,$ 3432.87,100
3036,12:07:32,$ 3433.00,100
3037,12:07:30,$ 3432.78,100
3038,12:07:30,$ 3432.63,"2,400"
3040,12:06:57,$ 3431.73,100
3041,12:06:52,$ 3431.6501,100
3042,12:06:24,$ 3432.52,100
3043,12:06:24,$ 3432.38,100
3044,12:06:20,$ 3431.7675,100
3045,12:06:20,$ 3431.735,100
3046,12:06:11,$ 3432.184,100
3047,12:06:01,$ 3431.85,100
3048,12:05:53,$ 3432.09,100
3049,12:05:53,$ 3432.25,100
3050,12:05:07,$ 3432.43,100
3051,12:05:01,$ 3432.795,100
3052,12:04:55,$ 3432.79,100
3053,12:04:39,$ 3432.425,100
3054,12:04:38,$ 3432.58,100
3055,12:04:38,$ 3432.60,100
3056,12:04:38,$ 3432.63,100
3057,12:04:38,$ 3432.4725,100
3058,12:04:32,$ 3432.37,100
3059,12:02:30,$ 3433.27,100
3061,12:01:37,$ 3433.735,100
3062,12:01:34,$ 3434.19,100
3063,12:01:32,$ 3433.565,100
3064,12:01:29,$ 3433.60,100
3065,12:01:29,$ 3432.99,100
3066,12:00:58,$ 3433.08,100
3067,12:00:54,$ 3433.21,100
3068,12:00:38,$ 3434.24,100
3069,12:00:10,$ 3435.6325,100
3070,12:00:08,$ 3434.58,100
3071,12:00:01,$ 3435.65,100
3072,12:00:01,$ 3435.68,100
3074,12:59:57,$ 3452.49,100
3075,12:59:55,$ 3452.40,100
3076,12:59:47,$ 3452.4107,425
3077,12:59:46,$ 3452.33,100
3078,12:59:10,$ 3451.41,100
3079,12:59:09,$ 3451.45,100
3080,12:59:09,$ 3451.41,100
3081,12:58:47,$ 3451.41,100
3082,12:58:38,$ 3453.00,197
3083,12:58:32,$ 3452.8668,289
3084,12:58:32,$ 3452.81,111
3085,12:58:28,$ 3452.50,100
3086,12:58:28,$ 3452.50,100
3087,12:57:58,$ 3450.6801,100
3088,12:57:18,$ 3449.13,100
3089,12:57:16,$ 3449.2596,100
3090,12:57:05,$ 3448.21,100
3091,12:56:49,$ 3449.8179,100
3092,12:56:48,$ 3450.00,217
3093,12:56:48,$ 3450.00,100
3095,12:56:40,$ 3451.17,100
3096,12:56:39,$ 3450.88,265
3097,12:56:25,$ 3451.32,100
3098,12:56:25,$ 3451.32,100
3099,12:56:22,$ 3451.38,100
3100,12:56:18,$ 3452.06,100
3101,12:56:17,$ 3451.567,598
3102,12:56:17,$ 3451.80,200
3103,12:56:10,$ 3451.75,500
3104,12:56:09,$ 3451.49,250
3105,12:56:05,$ 3451.06,125
3106,12:55:56,$ 3451.27,200
3107,12:55:55,$ 3451.04,100
3108,12:55:40,$ 3450.85,669
3109,12:55:37,$ 3450.62,100
3110,12:55:23,$ 3450.50,400
3111,12:55:21,$ 3450.00,100
3112,12:55:12,$ 3450.47,100
3113,12:55:05,$ 3449.66,100
3114,12:54:49,$ 3449.9101,125
3116,12:54:49,$ 3450.8499,281
3117,12:54:47,$ 3450.363,289
3118,12:54:24,$ 3449.61,121
3119,12:54:23,$ 3450.53,100
3120,12:54:23,$ 3450.53,300
3121,12:54:23,$ 3450.53,100
3122,12:54:23,$ 3449.99,100
3123,12:54:22,$ 3449.6178,129
3124,12:54:19,$ 3449.135,200
3125,12:54:19,$ 3450.255,200
3126,12:54:12,$ 3450.7863,100
3127,12:54:10,$ 3450.1101,100
3128,12:54:02,$ 3450.4003,190
3129,12:53:59,$ 3450.29,200
3130,12:53:58,$ 3450.64,100
3131,12:53:58,$ 3450.00,100
3132,12:53:58,$ 3450.00,100
3133,12:53:58,$ 3449.96,100
3134,12:53:57,$ 3449.90,100
3135,12:53:55,$ 3449.34,100
3137,12:53:45,$ 3449.06,100
3138,12:53:33,$ 3448.61,131
3139,12:53:19,$ 3448.671,198
3140,12:52:47,$ 3448.35,100
3141,12:52:47,$ 3447.66,100
3142,12:52:38,$ 3447.8995,100
3143,12:52:10,$ 3448.5636,300
3144,12:52:08,$ 3448.79,100
3145,12:52:07,$ 3448.7034,300
3146,12:52:06,$ 3448.70,190
3147,12:52:05,$ 3448.305,100
3148,12:51:58,$ 3448.49,100
3149,12:51:58,$ 3448.49,100
3150,12:51:49,$ 3448.24,100
3151,12:51:49,$ 3448.00,400
3152,12:51:37,$ 3447.8845,400
3153,12:51:32,$ 3448.079,100
3154,12:51:23,$ 3448.21,100
3155,12:51:23,$ 3448.00,100
3156,12:51:23,$ 3447.966,100
3158,12:51:23,$ 3447.96,100
3159,12:51:18,$ 3447.00,100
3160,12:51:18,$ 3446.90,100
3161,12:51:16,$ 3446.82,100
3162,12:50:51,$ 3446.6776,300
3163,12:50:46,$ 3446.88,100
3164,12:50:46,$ 3446.61,100
3165,12:50:45,$ 3446.4499,100
3166,12:50:41,$ 3446.00,100
3167,12:50:41,$ 3445.755,200
3168,12:50:39,$ 3445.72,100
3169,12:50:22,$ 3444.645,100
3170,12:49:57,$ 3444.07,100
3171,12:49:57,$ 3444.04,100
3172,12:49:55,$ 3443.8625,400
3173,12:49:53,$ 3444.0659,100
3174,12:49:52,$ 3444.07,100
3175,12:49:50,$ 3443.9598,100
3176,12:49:45,$ 3443.36,100
3177,12:48:53,$ 3441.36,100
3179,12:48:30,$ 3442.00,100
3180,12:47:30,$ 3441.40,100
3181,12:47:19,$ 3441.285,100
3182,12:47:19,$ 3441.30,400
3183,12:47:18,$ 3441.63,100
3184,12:47:18,$ 3441.66,100
3185,12:47:18,$ 3441.28,100
3186,12:47:18,$ 3441.22,100
3187,12:47:05,$ 3442.54,100
3188,12:46:17,$ 3442.44,100
3189,12:46:00,$ 3442.51,100
3190,12:45:47,$ 3442.57,100
3191,12:45:47,$ 3442.56,100
3192,12:45:31,$ 3443.00,100
3193,12:45:13,$ 3442.5601,"1,150"
3194,12:45:11,$ 3443.7246,100
3195,12:45:08,$ 3443.89,100
3196,12:45:08,$ 3443.89,100
3197,12:45:08,$ 3443.38,100
3198,12:45:00,$ 3443.00,100
3200,12:44:45,$ 3441.995,500
3201,12:44:16,$ 3441.476,475
3202,12:43:52,$ 3441.803,100
3203,12:43:25,$ 3440.75,100
3204,12:43:08,$ 3440.4179,100
3205,12:42:57,$ 3440.3469,100
3206,12:42:44,$ 3440.47,100
3207,12:42:39,$ 3440.33,100
3208,12:42:22,$ 3440.02,100
3209,12:41:39,$ 3441.1588,150
3210,12:41:34,$ 3440.685,100
3211,12:41:26,$ 3440.94,100
3212,12:41:16,$ 3441.50,250
3213,12:40:43,$ 3440.23,100
3214,12:40:36,$ 3440.58,100
3215,12:40:34,$ 3441.64,400
3216,12:40:19,$ 3440.90,100
3217,12:40:19,$ 3440.40,100
3218,12:40:01,$ 3439.14,200
3219,12:40:00,$ 3439.145,146
3221,12:39:25,$ 3438.715,100
3222,12:39:05,$ 3439.20,100
3223,12:38:56,$ 3439.1756,127
3224,12:38:56,$ 3439.12,100
3225,12:38:56,$ 3439.10,100
3226,12:38:56,$ 3439.09,100
3227,12:38:27,$ 3438.86,100
3228,12:38:12,$ 3438.94,100
3229,12:37:28,$ 3438.945,178
3230,12:37:20,$ 3438.68,100
3231,12:37:12,$ 3438.86,100
3232,12:36:27,$ 3439.83,100
3233,12:36:27,$ 3439.86,100
3234,12:35:47,$ 3440.43,100
3235,12:35:47,$ 3439.62,100
3236,12:35:47,$ 3440.02,200
3237,12:35:46,$ 3439.64,100
3238,12:35:37,$ 3439.64,200
3239,12:35:21,$ 3439.46,100
3240,12:35:21,$ 3439.756,100
3242,12:35:21,$ 3439.44,100
3243,12:35:03,$ 3440.00,100
3244,12:35:02,$ 3439.85,100
3245,12:34:51,$ 3439.0288,153
3246,12:34:50,$ 3439.425,193
3247,12:34:43,$ 3439.21,100
3248,12:34:30,$ 3440.44,146
3249,12:34:04,$ 3439.315,400
3250,12:33:33,$ 3440.54,100
3251,12:33:22,$ 3441.145,400
3252,12:32:56,$ 3441.3243,300
3253,12:32:18,$ 3442.50,150
3254,12:32:18,$ 3442.50,100
3255,12:32:17,$ 3442.13,100
3256,12:32:17,$ 3441.97,100
3257,12:32:15,$ 3441.485,100
3258,12:32:11,$ 3441.15,100
3259,12:32:11,$ 3441.485,100
3260,12:31:50,$ 3441.415,300
3261,12:31:45,$ 3441.76,100
3263,12:31:45,$ 3441.76,100
3264,12:31:45,$ 3441.76,100
3265,12:31:42,$ 3441.37,100
3266,12:31:36,$ 3441.5074,200
3267,12:31:36,$ 3441.37,100
3268,12:31:36,$ 3441.37,100
3269,12:31:36,$ 3441.37,100
3270,12:31:36,$ 3441.37,100
3271,12:31:36,$ 3441.37,100
3272,12:31:36,$ 3441.37,100
3273,12:31:36,$ 3441.37,100
3274,12:31:36,$ 3441.37,100
3275,12:31:35,$ 3441.45,100
3276,12:31:12,$ 3441.145,200
3277,12:30:58,$ 3441.126,250
3278,12:30:52,$ 3441.5494,180
3279,12:30:48,$ 3441.025,250
3280,12:30:44,$ 3441.92,100
3281,12:30:42,$ 3441.9585,100
3283,13:29:18,$ 3447.885,100
3284,13:29:15,$ 3447.81,100
3285,13:29:00,$ 3447.0201,100
3286,13:28:57,$ 3447.895,195
3287,13:28:36,$ 3447.51,100
3288,13:28:36,$ 3447.80,100
3289,13:27:32,$ 3447.775,100
3290,13:27:32,$ 3446.83,100
3291,13:25:46,$ 3447.48,100
3292,13:25:19,$ 3447.865,100
3293,13:25:00,$ 3447.59,100
3294,13:24:33,$ 3447.05,100
3295,13:24:33,$ 3447.75,100
3296,13:24:17,$ 3448.27,100
3297,13:23:50,$ 3449.3299,100
3298,13:23:47,$ 3448.80,100
3299,13:23:33,$ 3449.38,100
3300,13:23:25,$ 3449.30,100
3301,13:23:25,$ 3449.84,100
3302,13:23:25,$ 3449.90,400
3304,13:23:25,$ 3449.91,100
3305,13:23:25,$ 3449.89,100
3306,13:23:25,$ 3448.97,100
3307,13:23:20,$ 3448.2437,100
3308,13:23:15,$ 3448.91,100
3309,13:23:14,$ 3448.93,100
3310,13:23:01,$ 3449.175,100
3311,13:22:59,$ 3448.84,100
3312,13:22:57,$ 3448.68,200
3313,13:22:51,$ 3448.96,100
3314,13:22:21,$ 3448.585,100
3315,13:22:06,$ 3449.50,100
3316,13:22:06,$ 3449.51,100
3317,13:22:06,$ 3449.07,100
3318,13:22:05,$ 3447.385,100
3319,13:22:01,$ 3447.19,100
3320,13:22:01,$ 3446.94,100
3321,13:22:00,$ 3447.14,100
3322,13:21:54,$ 3446.935,100
3323,13:21:54,$ 3446.77,100
3325,13:21:40,$ 3446.5001,230
3326,13:21:39,$ 3447.21,100
3327,13:21:38,$ 3446.78,100
3328,13:21:38,$ 3446.78,100
3329,13:21:36,$ 3446.77,100
3330,13:21:36,$ 3446.77,154
3331,13:21:36,$ 3446.77,100
3332,13:21:36,$ 3446.79,100
3333,13:21:36,$ 3447.3067,100
3334,13:21:35,$ 3447.64,191
3335,13:21:35,$ 3447.17,100
3336,13:21:33,$ 3447.505,100
3337,13:21:33,$ 3447.51,100
3338,13:21:33,$ 3447.51,100
3339,13:21:33,$ 3447.51,100
3340,13:21:33,$ 3448.04,100
3341,13:21:33,$ 3448.05,100
3342,13:21:33,$ 3448.00,100
3343,13:21:33,$ 3448.49,155
3344,13:21:26,$ 3448.50,100
3346,13:21:18,$ 3448.855,100
3347,13:21:10,$ 3449.035,100
3348,13:21:10,$ 3449.16,100
3349,13:21:10,$ 3449.00,100
3350,13:21:10,$ 3449.00,100
3351,13:20:55,$ 3449.1371,100
3352,13:20:51,$ 3449.28,100
3353,13:20:50,$ 3449.28,100
3354,13:20:49,$ 3449.28,100
3355,13:20:49,$ 3449.28,100
3356,13:20:34,$ 3449.28,166
3357,13:20:25,$ 3449.60,100
3358,13:20:25,$ 3449.575,100
3359,13:20:11,$ 3449.0134,222
3360,13:20:09,$ 3449.795,100
3361,13:20:06,$ 3450.20,100
3362,13:20:06,$ 3449.91,100
3363,13:20:06,$ 3449.94,100
3364,13:20:06,$ 3450.19,100
3365,13:20:06,$ 3450.29,100
3367,13:20:06,$ 3449.82,100
3368,13:20:06,$ 3449.91,100
3369,13:20:06,$ 3449.47,100
3370,13:20:04,$ 3449.46,100
3371,13:20:04,$ 3449.54,100
3372,13:20:04,$ 3449.79,100
3373,13:20:04,$ 3449.30,100
3374,13:19:41,$ 3449.10,500
3375,13:19:37,$ 3448.5701,100
3376,13:19:24,$ 3448.85,100
3377,13:19:10,$ 3449.18,100
3378,13:19:10,$ 3449.15,100
3379,13:19:10,$ 3449.23,100
3380,13:19:07,$ 3448.60,100
3381,13:19:06,$ 3448.5974,250
3382,13:18:34,$ 3449.38,100
3383,13:18:32,$ 3449.065,100
3384,13:18:24,$ 3448.79,100
3385,13:18:14,$ 3448.51,100
3386,13:18:10,$ 3448.34,100
3388,13:18:10,$ 3448.51,100
3389,13:18:07,$ 3449.65,100
3390,13:17:45,$ 3448.47,100
3391,13:17:45,$ 3448.66,100
3392,13:17:42,$ 3448.66,100
3393,13:17:32,$ 3448.70,100
3394,13:17:17,$ 3449.71,100
3395,13:17:16,$ 3449.23,100
3396,13:17:10,$ 3449.23,100
3397,13:17:10,$ 3449.12,100
3398,13:17:05,$ 3448.8925,100
3399,13:17:05,$ 3449.12,100
3400,13:17:01,$ 3448.34,100
3401,13:17:01,$ 3448.34,100
3402,13:16:50,$ 3448.32,299
3403,13:16:50,$ 3448.60,100
3404,13:16:50,$ 3448.59,100
3405,13:16:49,$ 3449.81,100
3406,13:16:48,$ 3448.7242,150
3407,13:16:40,$ 3448.59,100
3409,13:16:40,$ 3448.67,100
3410,13:16:38,$ 3448.74,100
3411,13:16:38,$ 3449.42,100
3412,13:16:38,$ 3449.39,100
3413,13:16:27,$ 3449.44,100
3414,13:16:26,$ 3450.32,100
3415,13:16:22,$ 3449.3901,400
3416,13:16:22,$ 3449.40,100
3417,13:16:20,$ 3449.70,100
3418,13:16:20,$ 3449.54,100
3419,13:16:20,$ 3449.76,100
3420,13:16:18,$ 3450.08,196
3421,13:15:44,$ 3450.25,100
3422,13:15:25,$ 3450.6725,171
3423,13:15:19,$ 3449.72,100
3424,13:15:19,$ 3449.89,100
3425,13:15:16,$ 3450.055,100
3426,13:15:16,$ 3449.94,100
3427,13:15:16,$ 3450.545,100
3428,13:15:10,$ 3450.70,100
3430,13:15:01,$ 3450.99,100
3431,13:14:58,$ 3451.32,100
3432,13:14:42,$ 3451.53,100
3433,13:13:53,$ 3452.00,399
3434,13:13:43,$ 3453.00,331
3435,13:13:24,$ 3452.428,500
3436,13:13:20,$ 3452.489,250
3437,13:13:18,$ 3452.59,100
3438,13:12:18,$ 3452.775,100
3439,13:12:14,$ 3453.2917,100
3440,13:12:14,$ 3452.86,100
3441,13:12:12,$ 3452.225,100
3442,13:11:54,$ 3451.85,497
3443,13:11:54,$ 3451.99,106
3444,13:11:43,$ 3451.9899,100
3445,13:11:11,$ 3451.39,"1,345"
3446,13:11:03,$ 3451.00,100
3447,13:10:33,$ 3450.76,100
3448,13:10:18,$ 3450.855,100
3449,13:10:01,$ 3451.94,100
3451,13:10:01,$ 3451.99,100
3452,13:09:48,$ 3450.745,100
3453,13:09:48,$ 3450.79,100
3454,13:09:27,$ 3450.473,100
3455,13:09:09,$ 3450.89,100
3456,13:08:56,$ 3451.2117,100
3457,13:08:30,$ 3450.5101,100
3458,13:08:21,$ 3451.22,100
3459,13:07:12,$ 3449.65,100
3460,13:07:04,$ 3449.70,100
3461,13:06:54,$ 3449.74,100
3462,13:06:45,$ 3450.31,100
3463,13:06:45,$ 3450.31,100
3464,13:06:27,$ 3449.517,500
3465,13:06:21,$ 3450.08,100
3466,13:05:40,$ 3449.00,100
3467,13:05:03,$ 3448.22,100
3468,13:05:03,$ 3448.23,100
3469,13:04:41,$ 3449.41,169
3470,13:04:41,$ 3449.61,199
3472,13:04:31,$ 3449.921,250
3473,13:04:19,$ 3450.1699,100
3474,13:04:08,$ 3450.00,300
3475,13:04:06,$ 3449.995,100
3476,13:04:06,$ 3449.99,100
3477,13:04:01,$ 3449.92,100
3478,13:03:52,$ 3450.00,195
3479,13:03:52,$ 3450.00,218
3480,13:03:52,$ 3449.925,100
3481,13:03:52,$ 3449.925,100
3482,13:03:43,$ 3450.585,200
3483,13:03:42,$ 3450.21,100
3484,13:03:40,$ 3450.60,196
3485,13:03:40,$ 3450.63,100
3486,13:03:40,$ 3450.63,100
3487,13:03:37,$ 3451.00,100
3488,13:03:33,$ 3450.93,100
3489,13:03:31,$ 3450.64,100
3490,13:03:31,$ 3451.2523,352
3491,13:03:02,$ 3451.84,389
3493,13:02:56,$ 3451.84,100
3494,13:02:56,$ 3452.34,220
3495,13:02:10,$ 3453.18,100
3496,13:02:10,$ 3453.44,100
3497,13:01:53,$ 3454.15,100
3498,13:01:49,$ 3453.405,100
3499,13:01:48,$ 3453.82,300
3500,13:01:46,$ 3453.93,100
3501,13:01:28,$ 3454.305,100
3502,13:01:22,$ 3453.80,100
3503,13:01:22,$ 3453.865,100
3504,13:01:22,$ 3453.78,100
3505,13:01:22,$ 3453.865,100
3506,13:01:22,$ 3453.72,100
3507,13:01:15,$ 3453.99,100
3508,13:01:15,$ 3453.99,475
3509,13:00:48,$ 3452.91,400
3510,13:00:43,$ 3453.68,100
3511,13:00:38,$ 3452.60,100
3512,13:00:38,$ 3452.59,100
3514,13:00:29,$ 3452.59,100
3515,13:00:28,$ 3451.25,400
3516,13:00:24,$ 3451.5875,100
3517,13:00:21,$ 3451.3812,400
3518,13:00:11,$ 3452.36,100
3519,13:00:11,$ 3452.37,100
3520,13:00:09,$ 3452.50,100
3521,13:00:05,$ 3452.4999,100
3523,13:59:49,$ 3448.63,100
3524,13:59:23,$ 3449.36,100
3525,13:58:53,$ 3449.75,150
3526,13:58:43,$ 3449.7628,100
3527,13:58:40,$ 3449.7608,100
3528,13:58:39,$ 3450.3399,100
3529,13:58:39,$ 3450.3399,100
3530,13:58:39,$ 3450.3399,100
3531,13:58:39,$ 3450.34,100
3532,13:58:39,$ 3450.34,100
3533,13:58:36,$ 3450.00,100
3534,13:58:31,$ 3450.34,100
3535,13:58:27,$ 3449.69,100
3536,13:58:20,$ 3449.71,100
3537,13:58:00,$ 3450.005,100
3538,13:57:50,$ 3449.67,100
3539,13:57:28,$ 3450.43,100
3540,13:57:24,$ 3449.91,100
3541,13:57:19,$ 3450.00,100
3542,13:57:18,$ 3450.00,100
3544,13:57:17,$ 3449.645,100
3545,13:57:12,$ 3449.645,100
3546,13:57:11,$ 3449.645,100
3547,13:57:11,$ 3449.645,100
3548,13:57:11,$ 3449.645,100
3549,13:56:51,$ 3449.2956,100
3550,13:56:36,$ 3449.47,100
3551,13:56:32,$ 3449.25,100
3552,13:56:28,$ 3449.1129,100
3553,13:56:12,$ 3448.06,100
3554,13:56:11,$ 3448.615,100
3555,13:55:38,$ 3446.805,100
3556,13:55:14,$ 3447.28,200
3557,13:55:08,$ 3447.88,252
3558,13:55:03,$ 3447.055,100
3559,13:54:50,$ 3447.47,100
3560,13:54:50,$ 3447.42,100
3561,13:54:34,$ 3447.12,100
3562,13:54:33,$ 3447.48,100
3563,13:54:32,$ 3447.82,100
3565,13:53:57,$ 3445.015,100
3566,13:53:27,$ 3445.3623,100
3567,13:53:26,$ 3445.25,100
3568,13:53:23,$ 3445.54,100
3569,13:53:23,$ 3445.26,100
3570,13:53:13,$ 3444.64,100
3571,13:53:13,$ 3445.00,100
3572,13:53:13,$ 3445.00,100
3573,13:53:12,$ 3445.57,100
3574,13:52:54,$ 3445.21,100
3575,13:52:53,$ 3445.11,100
3576,13:52:38,$ 3446.97,100
3577,13:52:38,$ 3447.12,100
3578,13:52:24,$ 3446.71,100
3579,13:52:22,$ 3447.12,200
3580,13:51:47,$ 3449.0634,500
3581,13:51:43,$ 3449.08,100
3582,13:50:47,$ 3448.985,100
3583,13:50:28,$ 3449.29,100
3584,13:50:06,$ 3449.54,145
3586,13:50:01,$ 3449.81,100
3587,13:49:52,$ 3449.81,100
3588,13:49:36,$ 3449.09,100
3589,13:49:36,$ 3448.79,100
3590,13:49:12,$ 3449.4501,100
3591,13:48:57,$ 3450.16,100
3592,13:48:57,$ 3450.16,100
3593,13:48:56,$ 3450.16,100
3594,13:48:52,$ 3450.40,100
3595,13:48:52,$ 3450.29,100
3596,13:48:52,$ 3450.30,100
3597,13:48:52,$ 3450.30,110
3598,13:47:56,$ 3450.72,100
3599,13:47:55,$ 3450.73,100
3600,13:47:19,$ 3450.52,100
3601,13:46:20,$ 3450.665,100
3602,13:46:20,$ 3450.14,100
3603,13:46:18,$ 3449.86,100
3604,13:46:18,$ 3449.86,100
3605,13:45:49,$ 3449.81,100
3607,13:45:05,$ 3448.775,100
3608,13:44:28,$ 3448.72,100
3609,13:44:20,$ 3449.5399,270
3610,13:44:02,$ 3449.14,100
3611,13:43:22,$ 3449.44,100
3612,13:42:20,$ 3448.19,100
3613,13:42:17,$ 3448.54,100
3614,13:42:17,$ 3448.38,100
3615,13:42:15,$ 3447.77,100
3616,13:41:36,$ 3447.88,100
3617,13:41:30,$ 3448.56,100
3618,13:41:00,$ 3448.1201,100
3619,13:40:25,$ 3449.47,100
3620,13:40:05,$ 3449.4804,100
3621,13:40:05,$ 3450.00,100
3622,13:39:53,$ 3450.38,100
3623,13:39:36,$ 3450.5476,288
3624,13:38:39,$ 3451.64,100
3625,13:38:24,$ 3451.69,136
3626,13:38:19,$ 3452.01,100
3628,13:38:19,$ 3452.11,100
3629,13:38:19,$ 3452.11,300
3630,13:38:01,$ 3451.28,500
3631,13:37:32,$ 3451.0299,155
3632,13:37:17,$ 3451.21,100
3633,13:37:17,$ 3451.09,100
3634,13:36:54,$ 3451.24,100
3635,13:36:32,$ 3451.0701,100
3636,13:35:43,$ 3451.46,100
3637,13:35:35,$ 3451.10,100
3638,13:35:35,$ 3451.17,100
3639,13:35:26,$ 3451.9599,200
3640,13:35:20,$ 3451.73,100
3641,13:35:20,$ 3451.14,100
3642,13:35:19,$ 3451.73,100
3643,13:35:13,$ 3451.6597,129
3644,13:35:10,$ 3450.8539,212
3645,13:35:10,$ 3451.82,178
3646,13:35:10,$ 3451.29,100
3647,13:34:48,$ 3451.85,100
3649,13:34:38,$ 3452.755,100
3650,13:34:32,$ 3452.48,100
3651,13:34:29,$ 3453.11,100
3652,13:34:18,$ 3453.9899,200
3653,13:34:01,$ 3453.8202,289
3654,13:33:37,$ 3453.88,100
3655,13:33:25,$ 3453.9307,100
3656,13:33:20,$ 3453.88,100
3657,13:33:10,$ 3453.222,150
3658,13:32:32,$ 3453.092,500
3659,13:32:26,$ 3453.6499,100
3660,13:32:13,$ 3452.93,100
3661,13:32:13,$ 3452.96,100
3662,13:32:11,$ 3452.2975,100
3663,13:32:01,$ 3452.98,100
3664,13:31:53,$ 3452.00,100
3665,13:31:41,$ 3451.28,100
3666,13:31:37,$ 3450.815,100
3667,13:31:31,$ 3450.74,100
3668,13:31:28,$ 3451.00,244
3670,13:31:11,$ 3449.855,100
3671,13:31:05,$ 3450.72,100
3672,13:30:41,$ 3450.27,100
3673,13:30:28,$ 3449.48,100
3674,13:30:20,$ 3449.3649,100
3675,13:30:10,$ 3448.42,100
3677,14:29:35,$ 3447.96,100
3678,14:29:02,$ 3447.74,100
3679,14:28:46,$ 3448.06,150
3680,14:28:14,$ 3448.552,100
3681,14:28:08,$ 3448.00,100
3682,14:28:05,$ 3448.08,100
3683,14:27:57,$ 3448.25,100
3684,14:27:31,$ 3448.49,100
3685,14:27:28,$ 3448.27,100
3686,14:27:28,$ 3448.26,100
3687,14:27:23,$ 3448.63,100
3688,14:27:23,$ 3448.975,100
3689,14:27:23,$ 3448.975,100
3690,14:27:23,$ 3449.005,100
3691,14:27:10,$ 3449.5001,125
3692,14:27:08,$ 3450.00,111
3693,14:26:10,$ 3450.6301,100
3694,14:25:46,$ 3450.78,100
3695,14:25:46,$ 3450.80,100
3696,14:25:37,$ 3451.595,100
3698,14:25:37,$ 3451.21,100
3699,14:25:05,$ 3451.24,100
3700,14:25:05,$ 3451.24,100
3701,14:25:03,$ 3450.8363,474
3702,14:24:34,$ 3452.015,100
3703,14:23:23,$ 3451.7537,100
3704,14:23:02,$ 3452.01,250
3705,14:22:50,$ 3452.79,100
3706,14:22:50,$ 3452.70,100
3707,14:22:50,$ 3452.75,200
3708,14:21:05,$ 3451.25,100
3709,14:21:05,$ 3451.29,100
3710,14:21:05,$ 3451.44,100
3711,14:21:05,$ 3451.44,100
3712,14:20:50,$ 3451.27,100
3713,14:20:49,$ 3451.01,100
3714,14:20:41,$ 3451.13,100
3715,14:20:41,$ 3451.13,100
3716,14:20:33,$ 3451.00,200
3717,14:20:27,$ 3450.98,100
3719,14:20:27,$ 3451.34,100
3720,14:20:27,$ 3451.34,100
3721,14:20:09,$ 3451.775,100
3722,14:20:01,$ 3451.4579,299
3723,14:19:52,$ 3451.87,100
3724,14:19:51,$ 3452.4999,380
3725,14:19:04,$ 3452.56,100
3726,14:18:54,$ 3452.9467,125
3727,14:18:01,$ 3451.15,100
3728,14:17:36,$ 3451.45,100
3729,14:17:36,$ 3451.45,100
3730,14:16:37,$ 3450.80,100
3731,14:16:21,$ 3451.43,100
3732,14:16:00,$ 3451.45,100
3733,14:16:00,$ 3451.45,100
3734,14:16:00,$ 3451.45,100
3735,14:15:51,$ 3451.40,100
3736,14:15:48,$ 3451.07,100
3737,14:15:47,$ 3451.07,100
3738,14:15:47,$ 3451.01,100
3740,14:15:47,$ 3451.04,300
3741,14:15:47,$ 3451.07,100
3742,14:15:47,$ 3451.035,100
3743,14:15:47,$ 3451.00,100
3744,14:15:47,$ 3451.045,100
3745,14:15:47,$ 3451.04,100
3746,14:15:35,$ 3449.83,100
3747,14:15:28,$ 3449.614,100
3748,14:15:27,$ 3449.805,100
3749,14:15:26,$ 3449.7681,400
3750,14:15:00,$ 3450.055,100
3751,14:14:46,$ 3451.09,100
3752,14:14:44,$ 3450.87,100
3753,14:14:38,$ 3451.835,226
3754,14:14:36,$ 3452.025,100
3755,14:14:36,$ 3452.48,100
3756,14:14:25,$ 3453.2648,278
3757,14:14:23,$ 3453.9799,100
3758,14:14:10,$ 3453.49,100
3759,14:14:04,$ 3452.66,100
3761,14:14:02,$ 3452.66,100
3762,14:13:58,$ 3452.70,100
3763,14:13:58,$ 3451.715,165
3764,14:13:58,$ 3452.51,100
3765,14:13:40,$ 3451.86,145
3766,14:13:39,$ 3452.71,250
3767,14:13:27,$ 3451.93,100
3768,14:13:03,$ 3452.02,100
3769,14:12:56,$ 3451.667,341
3770,14:12:15,$ 3451.6842,100
3771,14:11:38,$ 3451.50,100
3772,14:11:38,$ 3451.50,100
3773,14:11:35,$ 3450.5974,243
3774,14:11:20,$ 3450.41,100
3775,14:10:46,$ 3451.175,100
3776,14:10:20,$ 3451.63,100
3777,14:09:58,$ 3452.00,100
3778,14:09:23,$ 3451.82,100
3779,14:09:03,$ 3451.21,100
3780,14:09:03,$ 3451.26,100
3782,14:08:47,$ 3452.00,100
3783,14:08:47,$ 3452.00,299
3784,14:08:47,$ 3452.00,450
3785,14:08:47,$ 3451.918,100
3786,14:08:47,$ 3451.99,100
3787,14:08:47,$ 3451.585,100
3788,14:08:47,$ 3451.7875,100
3789,14:08:47,$ 3451.585,100
3790,14:08:47,$ 3451.485,100
3791,14:08:47,$ 3451.485,100
3792,14:08:47,$ 3451.485,100
3793,14:08:47,$ 3451.485,100
3794,14:08:47,$ 3451.485,100
3795,14:08:47,$ 3451.485,100
3796,14:08:41,$ 3451.4322,200
3797,14:08:35,$ 3451.445,100
3798,14:08:28,$ 3451.445,100
3799,14:08:09,$ 3451.35,100
3800,14:08:05,$ 3451.43,100
3801,14:08:05,$ 3451.36,100
3803,14:08:04,$ 3451.29,100
3804,14:08:02,$ 3451.285,100
3805,14:07:58,$ 3451.285,100
3806,14:06:20,$ 3451.513,200
3807,14:06:17,$ 3451.29,100
3808,14:06:12,$ 3451.575,100
3809,14:06:12,$ 3451.625,100
3810,14:06:12,$ 3451.95,100
3811,14:05:55,$ 3451.4383,598
3812,14:05:41,$ 3451.33,100
3813,14:05:41,$ 3450.90,100
3814,14:05:20,$ 3450.72,100
3815,14:05:14,$ 3450.83,100
3816,14:05:14,$ 3450.93,100
3817,14:04:23,$ 3449.98,255
3818,14:04:07,$ 3449.50,200
3819,14:04:04,$ 3449.98,200
3820,14:04:00,$ 3449.49,100
3821,14:02:53,$ 3448.95,100
3822,14:02:32,$ 3448.08,100
3824,14:02:17,$ 3448.055,100
3825,14:02:14,$ 3448.15,100
3826,14:02:14,$ 3448.15,100
3827,14:00:03,$ 3449.12,100
3829,14:59:46,$ 3445.425,200
3830,14:59:30,$ 3445.19,100
3831,14:59:30,$ 3445.19,100
3832,14:59:23,$ 3445.1899,113
3833,14:59:16,$ 3444.385,100
3834,14:58:46,$ 3444.595,200
3835,14:58:11,$ 3445.00,100
3836,14:58:10,$ 3444.95,100
3837,14:58:10,$ 3445.00,200
3838,14:58:10,$ 3445.00,200
3839,14:57:48,$ 3445.15,100
3840,14:57:41,$ 3445.045,200
3841,14:57:08,$ 3444.89,100
3842,14:55:12,$ 3443.0216,112
3843,14:55:12,$ 3443.0216,149
3844,14:55:07,$ 3442.85,135
3845,14:54:59,$ 3443.2115,100
3846,14:53:55,$ 3441.56,100
3847,14:53:55,$ 3441.59,100
3848,14:53:50,$ 3442.29,100
3850,14:53:50,$ 3442.21,100
3851,14:53:44,$ 3442.6058,700
