,NLS Time (ET),NLS Price,NLS Share Volume
1,09:59:59,$ 3511.17,120
2,09:59:59,$ 3511.17,140
3,09:59:59,$ 3511.17,260
4,09:59:59,$ 3511.19,200
5,09:59:58,$ 3511.18,100
6,09:59:58,$ 3511.18,100
7,09:59:58,$ 3511.18,100
8,09:59:58,$ 3511.18,100
9,09:59:58,$ 3511.19,300
10,09:59:58,$ 3511.19,100
11,09:59:58,$ 3511.91,100
12,09:59:58,$ 3511.945,100
13,09:59:58,$ 3511.99,100
14,09:59:58,$ 3511.965,100
15,09:59:55,$ 3510.885,100
16,09:59:53,$ 3509.80,100
17,09:59:52,$ 3509.8424,100
18,09:59:50,$ 3510.91,100
19,09:59:49,$ 3509.785,100
20,09:59:48,$ 3508.74,100
22,09:59:47,$ 3509.52,100
23,09:59:47,$ 3509.52,100
24,09:59:47,$ 3509.50,100
25,09:59:47,$ 3509.48,100
26,09:59:47,$ 3509.51,100
27,09:59:45,$ 3510.00,100
28,09:59:45,$ 3509.85,100
29,09:59:45,$ 3509.48,300
30,09:59:45,$ 3509.48,227
31,09:59:45,$ 3509.18,100
32,09:59:45,$ 3509.00,189
33,09:59:44,$ 3508.42,100
34,09:59:44,$ 3508.86,100
35,09:59:44,$ 3508.86,100
36,09:59:44,$ 3508.72,100
37,09:59:44,$ 3508.72,115
38,09:59:43,$ 3508.57,100
39,09:59:40,$ 3507.64,100
40,09:59:40,$ 3508.01,100
41,09:59:40,$ 3508.2377,106
43,09:59:40,$ 3508.2377,294
44,09:59:40,$ 3508.2305,100
45,09:59:40,$ 3508.3288,100
46,09:59:34,$ 3506.89,100
47,09:59:33,$ 3506.92,134
48,09:59:32,$ 3507.87,115
49,09:59:32,$ 3507.87,113
50,09:59:24,$ 3507.75,171
51,09:59:24,$ 3507.98,100
52,09:59:23,$ 3508.002,100
53,09:59:22,$ 3507.3593,100
54,09:59:22,$ 3507.2912,100
55,09:59:22,$ 3507.09,100
56,09:59:21,$ 3507.45,150
57,09:59:20,$ 3507.63,105
58,09:59:20,$ 3507.66,115
59,09:59:20,$ 3507.66,100
60,09:59:20,$ 3507.66,100
61,09:59:17,$ 3508.935,100
62,09:59:17,$ 3508.96,100
64,09:59:16,$ 3508.50,100
65,09:59:16,$ 3507.992,100
66,09:59:10,$ 3507.77,100
67,09:59:08,$ 3506.97,100
68,09:59:07,$ 3506.1235,500
69,09:59:05,$ 3506.4932,200
70,09:59:04,$ 3506.78,100
71,09:59:04,$ 3506.96,100
72,09:59:02,$ 3504.958,100
73,09:59:00,$ 3504.535,100
74,09:58:57,$ 3504.89,100
75,09:58:54,$ 3504.32,160
76,09:58:52,$ 3503.81,125
77,09:58:52,$ 3504.00,100
78,09:58:51,$ 3504.2248,500
79,09:58:50,$ 3503.92,100
80,09:58:47,$ 3503.09,200
81,09:58:44,$ 3503.4896,100
82,09:58:21,$ 3502.00,100
83,09:58:20,$ 3503.00,100
85,09:58:17,$ 3503.06,500
86,09:58:13,$ 3503.83,200
87,09:58:05,$ 3503.2472,100
88,09:57:50,$ 3503.28,100
89,09:57:50,$ 3503.8699,100
90,09:57:50,$ 3502.27,100
91,09:57:50,$ 3502.23,100
92,09:57:50,$ 3502.25,113
93,09:57:50,$ 3502.00,100
94,09:57:50,$ 3502.00,100
95,09:57:50,$ 3502.00,100
96,09:57:47,$ 3502.98,100
97,09:57:47,$ 3503.735,100
98,09:57:45,$ 3502.82,100
99,09:57:45,$ 3503.325,100
100,09:57:45,$ 3502.98,100
101,09:57:44,$ 3501.99,100
102,09:57:44,$ 3502.00,100
103,09:57:44,$ 3502.00,100
104,09:57:42,$ 3501.3479,148
106,09:57:41,$ 3501.67,100
107,09:57:37,$ 3501.62,500
108,09:57:36,$ 3501.4228,100
109,09:57:36,$ 3501.29,100
110,09:57:32,$ 3501.3511,100
111,09:57:31,$ 3501.91,100
112,09:57:31,$ 3502.00,100
113,09:57:31,$ 3502.00,100
114,09:57:31,$ 3500.74,914
115,09:57:29,$ 3501.00,100
116,09:57:27,$ 3501.73,100
117,09:57:26,$ 3500.15,100
118,09:57:26,$ 3501.17,100
119,09:57:26,$ 3501.17,100
120,09:57:24,$ 3500.00,100
121,09:57:23,$ 3499.99,100
122,09:57:23,$ 3499.7231,165
123,09:57:22,$ 3500.00,100
124,09:57:22,$ 3499.99,100
125,09:57:22,$ 3500.00,100
127,09:57:22,$ 3500.00,"1,076"
128,09:57:22,$ 3500.00,100
129,09:57:22,$ 3500.00,100
130,09:57:22,$ 3500.00,"2,204"
131,09:57:22,$ 3499.99,100
132,09:57:22,$ 3500.00,100
133,09:57:22,$ 3499.99,100
134,09:57:22,$ 3500.00,100
135,09:57:22,$ 3500.00,100
136,09:57:22,$ 3500.00,100
137,09:57:22,$ 3500.00,150
138,09:57:22,$ 3499.72,100
139,09:57:20,$ 3499.05,250
140,09:57:20,$ 3499.90,100
141,09:57:20,$ 3499.64,100
142,09:57:20,$ 3498.75,100
143,09:57:20,$ 3498.75,100
144,09:57:18,$ 3498.93,100
145,09:57:18,$ 3498.37,100
146,09:57:13,$ 3497.80,500
148,09:57:11,$ 3497.81,100
149,09:57:10,$ 3497.26,100
150,09:57:10,$ 3496.78,100
151,09:57:10,$ 3497.53,207
152,09:57:03,$ 3495.99,100
153,09:57:03,$ 3495.95,100
154,09:57:02,$ 3495.99,100
155,09:56:56,$ 3496.91,100
156,09:56:50,$ 3495.925,100
157,09:56:50,$ 3495.965,100
158,09:56:50,$ 3495.89,100
159,09:56:50,$ 3496.00,200
160,09:56:50,$ 3495.97,200
161,09:56:50,$ 3495.97,200
162,09:56:50,$ 3496.00,100
163,09:56:50,$ 3495.97,200
164,09:56:50,$ 3495.97,200
165,09:56:50,$ 3495.97,100
166,09:56:43,$ 3494.83,100
167,09:56:40,$ 3494.3721,100
169,09:56:32,$ 3494.44,100
170,09:56:31,$ 3495.14,100
171,09:56:23,$ 3495.42,373
172,09:56:23,$ 3495.46,100
173,09:56:23,$ 3495.09,379
174,09:56:17,$ 3494.00,100
175,09:56:15,$ 3493.91,100
176,09:56:13,$ 3493.81,100
177,09:56:13,$ 3493.81,100
178,09:56:12,$ 3493.81,100
179,09:56:11,$ 3493.81,100
180,09:56:06,$ 3493.42,100
181,09:55:55,$ 3493.7581,100
182,09:55:29,$ 3493.96,100
183,09:55:14,$ 3493.76,100
184,09:55:10,$ 3491.37,100
185,09:55:09,$ 3491.1076,200
186,09:55:04,$ 3491.36,100
187,09:55:01,$ 3490.685,100
188,09:55:00,$ 3491.2031,100
190,09:54:59,$ 3491.32,100
191,09:54:59,$ 3491.33,100
192,09:54:58,$ 3491.25,100
193,09:54:53,$ 3491.375,100
194,09:54:50,$ 3491.66,100
195,09:54:26,$ 3492.53,100
196,09:54:25,$ 3491.905,100
197,09:54:25,$ 3491.32,200
198,09:54:21,$ 3492.40,100
199,09:54:21,$ 3492.20,100
200,09:54:21,$ 3492.41,100
201,09:54:21,$ 3492.42,100
202,09:54:18,$ 3491.77,100
203,09:54:18,$ 3491.06,100
204,09:54:10,$ 3491.94,118
205,09:53:35,$ 3493.59,100
206,09:53:35,$ 3493.91,100
207,09:53:33,$ 3493.08,100
208,09:53:24,$ 3492.13,100
209,09:53:24,$ 3492.22,100
211,09:53:22,$ 3492.00,100
212,09:53:19,$ 3492.69,100
213,09:53:19,$ 3492.68,294
214,09:53:19,$ 3492.69,100
215,09:53:19,$ 3493.05,100
216,09:53:16,$ 3493.32,100
217,09:53:10,$ 3492.4199,500
218,09:53:04,$ 3490.61,100
219,09:53:04,$ 3490.65,100
220,09:53:03,$ 3491.45,100
221,09:52:57,$ 3491.9111,200
222,09:52:51,$ 3491.70,100
223,09:52:48,$ 3491.20,100
224,09:52:43,$ 3490.59,108
225,09:52:43,$ 3490.59,100
226,09:52:43,$ 3490.58,100
227,09:52:40,$ 3491.055,100
228,09:52:39,$ 3490.18,100
229,09:52:39,$ 3490.18,100
230,09:52:39,$ 3490.77,100
232,09:52:39,$ 3491.01,100
233,09:52:39,$ 3492.02,100
234,09:52:39,$ 3491.84,100
235,09:52:36,$ 3491.315,100
236,09:52:36,$ 3492.60,100
237,09:52:36,$ 3492.60,100
238,09:52:36,$ 3492.19,100
239,09:52:31,$ 3492.8935,142
240,09:52:22,$ 3493.93,100
241,09:52:22,$ 3493.66,100
242,09:52:19,$ 3494.51,100
243,09:52:06,$ 3494.98,152
244,09:52:06,$ 3494.98,100
245,09:52:05,$ 3494.60,100
246,09:52:05,$ 3494.59,100
247,09:52:05,$ 3494.60,100
248,09:52:03,$ 3495.03,100
249,09:51:48,$ 3495.756,500
250,09:51:46,$ 3496.455,100
251,09:51:44,$ 3496.09,100
253,09:51:38,$ 3496.43,100
254,09:51:35,$ 3497.20,115
255,09:51:31,$ 3494.30,100
256,09:51:31,$ 3494.56,100
257,09:51:31,$ 3494.96,800
258,09:51:31,$ 3496.37,100
259,09:51:31,$ 3496.68,100
260,09:51:31,$ 3496.86,100
261,09:51:28,$ 3497.495,100
262,09:51:25,$ 3497.84,196
263,09:51:21,$ 3496.95,150
264,09:51:17,$ 3497.04,100
265,09:51:17,$ 3496.88,100
266,09:51:17,$ 3496.91,100
267,09:51:11,$ 3495.01,100
268,09:51:03,$ 3495.60,100
269,09:51:02,$ 3496.05,100
270,09:51:02,$ 3496.20,100
271,09:51:02,$ 3495.93,100
272,09:51:02,$ 3495.92,100
274,09:50:57,$ 3496.35,100
275,09:50:57,$ 3496.58,100
276,09:50:39,$ 3496.46,100
277,09:50:36,$ 3496.955,100
278,09:50:35,$ 3496.96,100
279,09:50:34,$ 3496.545,100
280,09:50:33,$ 3495.99,100
281,09:50:33,$ 3496.37,100
282,09:50:33,$ 3496.55,100
283,09:50:33,$ 3496.44,100
284,09:50:32,$ 3497.20,100
285,09:50:22,$ 3496.35,150
286,09:50:11,$ 3497.21,100
287,09:50:11,$ 3497.36,100
288,09:49:55,$ 3497.99,100
289,09:49:47,$ 3498.55,100
290,09:49:32,$ 3498.46,100
291,09:49:26,$ 3498.00,100
292,09:49:12,$ 3496.34,255
293,09:49:12,$ 3496.34,100
295,09:49:11,$ 3496.9551,206
296,09:49:06,$ 3495.82,100
297,09:49:06,$ 3496.98,100
298,09:49:06,$ 3497.60,100
299,09:49:05,$ 3497.79,100
300,09:49:04,$ 3496.89,100
301,09:49:03,$ 3495.91,100
302,09:49:03,$ 3496.00,100
303,09:49:00,$ 3495.63,100
304,09:49:00,$ 3495.62,100
305,09:48:48,$ 3495.37,100
306,09:48:34,$ 3495.14,100
307,09:48:27,$ 3496.3001,100
308,09:48:25,$ 3496.59,100
309,09:48:18,$ 3497.29,100
310,09:48:17,$ 3498.505,100
311,09:48:05,$ 3497.00,116
312,09:48:02,$ 3496.32,100
313,09:48:02,$ 3496.33,100
314,09:47:59,$ 3495.65,100
316,09:47:48,$ 3496.085,100
317,09:47:46,$ 3495.1601,300
318,09:47:46,$ 3495.60,100
319,09:47:39,$ 3494.98,100
320,09:47:35,$ 3494.00,280
321,09:47:35,$ 3494.00,249
322,09:47:33,$ 3492.57,100
323,09:47:27,$ 3491.88,200
324,09:47:27,$ 3492.44,100
325,09:47:14,$ 3491.16,100
326,09:47:09,$ 3491.7275,100
327,09:47:07,$ 3492.19,258
328,09:47:07,$ 3493.00,139
329,09:47:07,$ 3493.00,113
330,09:47:07,$ 3493.01,100
331,09:47:07,$ 3493.58,100
332,09:47:07,$ 3493.61,100
333,09:47:07,$ 3493.53,100
334,09:47:07,$ 3493.07,100
335,09:47:07,$ 3493.05,100
337,09:47:07,$ 3493.00,186
338,09:47:07,$ 3493.03,100
339,09:47:06,$ 3493.01,100
340,09:47:06,$ 3493.00,100
341,09:47:06,$ 3493.37,100
342,09:47:06,$ 3492.46,389
343,09:47:06,$ 3492.47,100
344,09:47:06,$ 3492.40,100
345,09:47:05,$ 3492.02,100
346,09:47:01,$ 3491.17,100
347,09:46:55,$ 3491.93,100
348,09:46:55,$ 3491.94,100
349,09:46:55,$ 3491.83,100
350,09:46:55,$ 3491.82,100
351,09:46:52,$ 3493.04,100
352,09:46:47,$ 3492.23,100
353,09:46:44,$ 3493.23,100
354,09:46:43,$ 3493.08,100
355,09:46:43,$ 3493.00,100
356,09:46:39,$ 3493.46,100
358,09:46:39,$ 3493.46,100
359,09:46:39,$ 3494.00,900
360,09:46:39,$ 3494.34,100
361,09:46:38,$ 3495.2119,200
362,09:46:38,$ 3494.57,100
363,09:46:37,$ 3495.00,206
364,09:46:37,$ 3495.00,200
365,09:46:36,$ 3495.24,100
366,09:46:35,$ 3496.99,100
367,09:46:35,$ 3496.47,100
368,09:46:35,$ 3496.46,213
369,09:46:35,$ 3496.46,100
370,09:46:35,$ 3496.46,100
371,09:46:35,$ 3496.46,174
372,09:46:26,$ 3496.71,100
373,09:46:26,$ 3496.26,100
374,09:46:26,$ 3496.23,100
375,09:46:26,$ 3496.495,100
376,09:46:26,$ 3496.83,100
377,09:46:26,$ 3496.99,100
379,09:46:26,$ 3496.02,100
380,09:46:26,$ 3496.99,100
381,09:46:26,$ 3496.945,100
382,09:46:26,$ 3496.78,100
383,09:46:26,$ 3496.65,100
384,09:46:26,$ 3496.62,100
385,09:46:26,$ 3496.62,100
386,09:46:26,$ 3496.905,100
387,09:46:26,$ 3496.99,100
388,09:46:23,$ 3497.17,100
389,09:46:22,$ 3497.085,100
390,09:46:22,$ 3497.085,100
391,09:46:19,$ 3496.13,100
392,09:46:19,$ 3496.975,100
393,09:46:19,$ 3497.5799,150
394,09:46:11,$ 3497.92,100
395,09:46:11,$ 3498.00,100
396,09:46:09,$ 3497.69,100
397,09:46:04,$ 3498.675,100
398,09:46:01,$ 3498.50,274
400,09:46:01,$ 3498.50,133
401,09:46:01,$ 3498.50,224
402,09:46:01,$ 3498.45,100
403,09:46:01,$ 3498.30,100
404,09:45:54,$ 3497.99,100
405,09:45:54,$ 3497.99,113
406,09:45:54,$ 3497.99,115
407,09:45:54,$ 3497.99,113
408,09:45:54,$ 3497.99,100
409,09:45:45,$ 3497.685,100
410,09:45:45,$ 3497.565,100
411,09:45:45,$ 3497.10,100
412,09:45:43,$ 3496.90,100
413,09:45:41,$ 3496.7275,100
414,09:45:39,$ 3496.875,100
415,09:45:32,$ 3496.04,100
416,09:45:32,$ 3496.955,100
417,09:45:32,$ 3496.21,100
418,09:45:32,$ 3496.13,100
419,09:45:32,$ 3496.475,100
421,09:45:32,$ 3496.475,100
422,09:45:32,$ 3496.48,100
423,09:45:32,$ 3495.42,100
424,09:45:32,$ 3495.40,100
425,09:45:31,$ 3496.49,100
426,09:45:31,$ 3496.055,100
427,09:45:31,$ 3496.07,100
428,09:45:24,$ 3497.925,100
429,09:45:24,$ 3497.9125,100
430,09:45:16,$ 3497.7094,100
431,09:45:08,$ 3499.64,100
432,09:45:07,$ 3499.6399,150
433,09:45:03,$ 3499.49,100
434,09:45:03,$ 3499.00,100
435,09:45:02,$ 3498.30,200
436,09:45:01,$ 3498.00,100
437,09:45:01,$ 3497.90,100
438,09:45:01,$ 3498.00,100
439,09:45:01,$ 3498.00,100
440,09:45:01,$ 3498.00,100
442,09:45:01,$ 3498.00,100
443,09:45:01,$ 3497.57,100
444,09:45:00,$ 3498.355,300
445,09:45:00,$ 3498.355,120
446,09:44:59,$ 3498.68,100
447,09:44:59,$ 3498.68,100
448,09:44:56,$ 3497.8284,140
449,09:44:42,$ 3496.64,100
450,09:44:42,$ 3496.78,100
451,09:44:36,$ 3496.779,100
452,09:44:35,$ 3494.607,298
453,09:44:32,$ 3495.37,100
454,09:44:20,$ 3496.99,113
455,09:44:20,$ 3496.99,113
456,09:44:14,$ 3496.57,100
457,09:44:14,$ 3495.9763,100
458,09:44:08,$ 3496.7645,100
459,09:43:55,$ 3495.48,100
460,09:43:55,$ 3495.00,100
461,09:43:55,$ 3495.00,100
463,09:43:33,$ 3497.79,100
464,09:43:33,$ 3497.00,400
465,09:43:33,$ 3497.00,100
466,09:43:28,$ 3497.65,100
467,09:43:22,$ 3497.62,100
468,09:43:19,$ 3498.045,100
469,09:43:18,$ 3498.045,100
470,09:43:18,$ 3498.92,100
471,09:43:18,$ 3498.28,100
472,09:43:17,$ 3498.9865,500
473,09:43:16,$ 3498.995,200
474,09:43:14,$ 3499.14,100
475,09:43:14,$ 3499.00,100
476,09:43:14,$ 3498.60,100
477,09:43:14,$ 3498.61,200
478,09:43:14,$ 3497.99,100
479,09:43:14,$ 3497.48,100
480,09:43:14,$ 3497.00,795
481,09:42:56,$ 3495.85,100
482,09:42:53,$ 3496.315,100
484,09:42:52,$ 3495.64,"1,000"
485,09:42:51,$ 3497.00,300
486,09:42:51,$ 3496.27,100
487,09:42:50,$ 3495.95,100
488,09:42:50,$ 3495.95,100
489,09:42:47,$ 3496.23,100
490,09:42:37,$ 3495.485,100
491,09:42:37,$ 3495.00,400
492,09:42:37,$ 3494.81,100
493,09:42:37,$ 3495.00,100
494,09:42:23,$ 3495.07,326
495,09:42:23,$ 3495.05,100
496,09:42:23,$ 3495.25,100
497,09:42:23,$ 3495.25,100
498,09:42:15,$ 3496.125,100
499,09:42:13,$ 3495.84,100
500,09:42:06,$ 3495.15,100
501,09:42:03,$ 3494.595,100
502,09:42:02,$ 3494.33,100
503,09:42:01,$ 3494.71,100
505,09:42:00,$ 3494.925,100
506,09:41:59,$ 3494.87,100
507,09:41:59,$ 3494.88,100
508,09:41:45,$ 3494.34,100
509,09:41:34,$ 3494.52,100
510,09:41:33,$ 3493.86,100
511,09:41:33,$ 3493.92,100
512,09:41:32,$ 3494.13,126
513,09:41:32,$ 3494.435,100
514,09:41:32,$ 3494.52,100
515,09:41:25,$ 3494.135,100
516,09:41:19,$ 3493.985,100
517,09:41:19,$ 3494.94,100
518,09:41:19,$ 3494.86,100
519,09:41:19,$ 3494.86,100
520,09:41:05,$ 3495.33,100
521,09:41:02,$ 3493.815,100
522,09:41:02,$ 3493.00,400
523,09:41:02,$ 3493.00,100
524,09:41:02,$ 3493.00,100
526,09:41:02,$ 3493.00,100
527,09:41:00,$ 3492.95,100
528,09:40:51,$ 3492.8475,100
529,09:40:51,$ 3492.90,100
530,09:40:49,$ 3492.9749,100
531,09:40:48,$ 3493.638,465
532,09:40:48,$ 3493.638,340
533,09:40:38,$ 3494.68,100
534,09:40:33,$ 3494.35,100
535,09:40:33,$ 3494.3151,100
536,09:40:32,$ 3495.095,218
537,09:40:32,$ 3494.98,317
538,09:40:30,$ 3494.15,100
539,09:40:28,$ 3495.05,100
540,09:40:28,$ 3493.00,100
541,09:40:28,$ 3492.0396,100
542,09:40:28,$ 3492.05,100
543,09:40:21,$ 3491.555,150
544,09:40:18,$ 3492.54,100
545,09:40:12,$ 3494.00,100
547,09:40:08,$ 3493.00,266
548,09:40:05,$ 3491.93,100
549,09:40:00,$ 3489.6736,153
550,09:39:57,$ 3491.32,100
551,09:39:51,$ 3491.31,100
552,09:39:50,$ 3491.09,100
553,09:39:50,$ 3491.10,100
554,09:39:47,$ 3488.99,100
555,09:39:47,$ 3488.427,100
556,09:39:47,$ 3488.427,100
557,09:39:47,$ 3488.427,100
558,09:39:46,$ 3489.39,100
559,09:39:45,$ 3489.30,100
560,09:39:44,$ 3489.23,100
561,09:39:44,$ 3488.775,500
562,09:39:40,$ 3489.12,100
563,09:39:40,$ 3489.12,100
564,09:39:40,$ 3489.64,100
565,09:39:40,$ 3489.65,125
566,09:39:37,$ 3488.445,125
568,09:39:34,$ 3488.505,100
569,09:39:33,$ 3489.25,113
570,09:39:33,$ 3489.25,115
571,09:39:32,$ 3489.64,100
572,09:39:28,$ 3489.25,109
573,09:39:26,$ 3489.65,500
574,09:39:25,$ 3488.50,100
575,09:39:25,$ 3488.18,100
576,09:39:25,$ 3488.37,100
577,09:39:25,$ 3489.27,100
578,09:39:24,$ 3489.66,100
579,09:39:24,$ 3490.00,100
580,09:39:24,$ 3490.00,100
581,09:39:24,$ 3490.05,100
582,09:39:24,$ 3490.56,250
583,09:39:09,$ 3491.135,100
584,09:39:06,$ 3491.40,100
585,09:39:06,$ 3491.35,100
586,09:39:06,$ 3491.42,100
587,09:39:06,$ 3491.35,100
589,09:39:06,$ 3491.40,100
590,09:39:06,$ 3491.36,100
591,09:39:06,$ 3491.35,100
592,09:39:06,$ 3491.35,200
593,09:39:06,$ 3492.53,100
594,09:39:06,$ 3492.54,100
595,09:39:06,$ 3492.83,100
596,09:39:04,$ 3492.05,500
597,09:39:02,$ 3491.3901,100
598,09:39:01,$ 3492.42,100
599,09:39:01,$ 3492.78,100
600,09:39:01,$ 3493.25,100
601,09:38:51,$ 3494.00,100
602,09:38:49,$ 3493.76,100
603,09:38:45,$ 3492.78,100
604,09:38:44,$ 3492.02,100
605,09:38:44,$ 3491.94,100
606,09:38:33,$ 3496.07,100
607,09:38:32,$ 3495.60,100
608,09:38:31,$ 3496.00,100
610,09:38:31,$ 3495.80,100
611,09:38:29,$ 3494.5101,140
612,09:38:27,$ 3495.73,100
613,09:38:26,$ 3493.88,100
614,09:38:25,$ 3493.875,250
615,09:38:25,$ 3492.755,100
616,09:38:22,$ 3492.00,100
617,09:38:20,$ 3492.375,100
618,09:38:19,$ 3492.8688,100
619,09:38:18,$ 3492.17,100
620,09:38:13,$ 3491.38,100
621,09:38:10,$ 3492.9338,100
622,09:38:09,$ 3492.92,100
623,09:38:05,$ 3489.99,100
624,09:38:05,$ 3489.905,100
625,09:38:05,$ 3490.50,100
626,09:38:05,$ 3490.50,100
627,09:38:05,$ 3490.00,100
628,09:38:05,$ 3490.00,100
629,09:38:05,$ 3488.995,340
631,09:38:01,$ 3488.86,100
632,09:38:01,$ 3487.50,100
633,09:38:01,$ 3487.50,100
634,09:37:58,$ 3486.25,182
635,09:37:58,$ 3487.3494,204
636,09:37:58,$ 3486.25,100
637,09:37:52,$ 3488.42,100
638,09:37:52,$ 3487.50,100
639,09:37:51,$ 3487.50,100
640,09:37:50,$ 3486.47,512
641,09:37:50,$ 3487.48,100
642,09:37:50,$ 3487.282,100
643,09:37:50,$ 3487.27,100
644,09:37:50,$ 3487.30,100
645,09:37:50,$ 3486.85,100
646,09:37:50,$ 3486.51,250
647,09:37:50,$ 3485.71,100
648,09:37:50,$ 3485.68,100
649,09:37:50,$ 3485.642,100
650,09:37:50,$ 3485.66,100
652,09:37:50,$ 3485.12,100
653,09:37:50,$ 3485.675,100
654,09:37:50,$ 3485.71,300
655,09:37:46,$ 3485.525,100
656,09:37:40,$ 3484.68,100
657,09:37:34,$ 3482.985,100
658,09:37:34,$ 3482.95,100
659,09:37:32,$ 3482.99,100
660,09:37:30,$ 3482.0255,100
661,09:37:22,$ 3482.11,100
662,09:37:10,$ 3481.69,200
663,09:37:10,$ 3482.18,100
664,09:37:10,$ 3481.78,100
665,09:37:10,$ 3482.18,100
666,09:37:10,$ 3481.715,100
667,09:37:10,$ 3481.805,100
668,09:37:10,$ 3481.98,100
669,09:37:10,$ 3481.74,100
670,09:37:10,$ 3481.71,100
671,09:37:10,$ 3481.69,100
673,09:37:03,$ 3481.85,100
674,09:37:01,$ 3481.288,500
675,09:36:48,$ 3481.61,100
676,09:36:43,$ 3481.87,100
677,09:36:42,$ 3482.405,100
678,09:36:36,$ 3483.30,100
679,09:36:36,$ 3483.75,100
680,09:36:36,$ 3483.20,100
681,09:36:36,$ 3482.54,100
682,09:36:36,$ 3481.93,154
683,09:36:36,$ 3481.92,123
684,09:36:36,$ 3481.92,199
685,09:36:36,$ 3481.83,200
686,09:36:32,$ 3480.62,100
687,09:36:26,$ 3481.24,100
688,09:36:26,$ 3481.22,100
689,09:36:26,$ 3481.06,100
690,09:36:26,$ 3481.3656,"1,000"
691,09:36:24,$ 3481.44,100
692,09:36:20,$ 3481.534,100
694,09:36:17,$ 3482.04,100
695,09:36:17,$ 3482.04,125
696,09:36:17,$ 3482.04,100
697,09:36:17,$ 3482.04,100
698,09:36:17,$ 3481.95,100
699,09:36:10,$ 3479.69,100
700,09:36:10,$ 3479.69,100
701,09:36:09,$ 3479.69,100
702,09:36:06,$ 3481.25,100
703,09:36:06,$ 3480.34,100
704,09:36:06,$ 3480.34,100
705,09:36:06,$ 3480.34,100
706,09:36:06,$ 3480.34,100
707,09:36:06,$ 3479.23,100
708,09:36:06,$ 3479.23,113
709,09:35:59,$ 3478.06,100
710,09:35:58,$ 3479.54,100
711,09:35:48,$ 3480.32,120
712,09:35:48,$ 3480.43,100
713,09:35:48,$ 3480.4468,800
715,09:35:37,$ 3480.30,113
716,09:35:34,$ 3480.42,100
717,09:35:34,$ 3480.43,100
718,09:35:30,$ 3480.49,100
719,09:35:30,$ 3480.49,100
720,09:35:19,$ 3480.46,100
721,09:35:15,$ 3478.98,100
722,09:35:14,$ 3478.94,100
723,09:35:08,$ 3479.845,200
724,09:35:01,$ 3478.93,100
725,09:34:57,$ 3481.83,100
726,09:34:48,$ 3481.47,100
727,09:34:48,$ 3481.67,100
728,09:34:37,$ 3481.60,100
729,09:34:37,$ 3481.17,100
730,09:34:37,$ 3481.15,100
731,09:34:37,$ 3481.15,100
732,09:34:35,$ 3480.45,100
733,09:34:34,$ 3480.57,104
734,09:34:31,$ 3478.33,100
736,09:34:26,$ 3478.4112,100
737,09:34:23,$ 3480.60,100
738,09:34:23,$ 3480.00,140
739,09:34:17,$ 3480.40,100
740,09:34:13,$ 3481.495,100
741,09:34:01,$ 3483.1182,150
742,09:33:59,$ 3483.245,100
743,09:33:59,$ 3483.08,100
744,09:33:59,$ 3482.965,100
745,09:33:58,$ 3482.975,100
746,09:33:57,$ 3482.97,100
747,09:33:57,$ 3482.97,100
748,09:33:57,$ 3483.13,100
749,09:33:55,$ 3483.13,100
750,09:33:54,$ 3483.125,100
751,09:33:54,$ 3483.85,100
752,09:33:53,$ 3484.58,100
753,09:33:52,$ 3483.70,100
754,09:33:52,$ 3482.355,100
755,09:33:52,$ 3483.66,100
757,09:33:52,$ 3484.22,100
758,09:33:52,$ 3484.98,100
759,09:33:52,$ 3482.98,400
760,09:33:51,$ 3484.305,100
761,09:33:40,$ 3484.44,100
762,09:33:37,$ 3485.20,100
763,09:33:33,$ 3485.23,100
764,09:33:32,$ 3484.525,200
765,09:33:26,$ 3485.17,100
766,09:33:22,$ 3487.27,100
767,09:33:20,$ 3488.59,100
768,09:33:20,$ 3488.41,100
769,09:33:20,$ 3488.7444,700
770,09:33:02,$ 3483.42,100
771,09:32:58,$ 3483.20,100
772,09:32:58,$ 3482.07,100
773,09:32:57,$ 3482.97,100
774,09:32:53,$ 3485.835,100
775,09:32:51,$ 3484.11,100
776,09:32:50,$ 3484.80,100
778,09:32:33,$ 3486.1997,100
779,09:32:15,$ 3488.22,100
780,09:32:12,$ 3486.49,125
781,09:32:11,$ 3489.50,100
782,09:32:11,$ 3489.55,100
783,09:32:04,$ 3491.935,200
784,09:32:00,$ 3492.64,100
785,09:32:00,$ 3492.78,100
786,09:32:00,$ 3493.00,100
787,09:32:00,$ 3491.11,100
788,09:32:00,$ 3493.02,100
789,09:32:00,$ 3493.01,100
790,09:32:00,$ 3492.69,100
791,09:31:58,$ 3494.40,100
792,09:31:57,$ 3494.26,100
793,09:31:57,$ 3494.22,100
794,09:31:57,$ 3494.10,139
795,09:31:57,$ 3494.11,100
796,09:31:57,$ 3494.20,100
797,09:31:54,$ 3495.80,100
799,09:31:54,$ 3493.53,100
800,09:31:53,$ 3493.00,100
801,09:31:50,$ 3493.20,100
802,09:31:48,$ 3492.95,100
803,09:31:39,$ 3493.655,100
804,09:31:36,$ 3491.93,100
805,09:31:36,$ 3491.91,100
806,09:31:31,$ 3490.465,150
807,09:31:30,$ 3490.465,100
808,09:31:25,$ 3490.13,115
809,09:31:25,$ 3490.13,115
810,09:31:21,$ 3489.32,134
811,09:31:21,$ 3490.59,100
812,09:31:21,$ 3490.00,100
813,09:31:21,$ 3489.56,100
814,09:31:21,$ 3489.56,100
815,09:31:21,$ 3489.78,100
816,09:31:21,$ 3489.97,181
817,09:31:21,$ 3489.97,100
818,09:31:21,$ 3488.105,100
820,09:31:21,$ 3486.34,100
821,09:31:21,$ 3487.625,100
822,09:31:20,$ 3486.59,100
823,09:31:18,$ 3486.72,100
824,09:31:14,$ 3487.745,113
825,09:31:14,$ 3487.58,100
826,09:31:14,$ 3487.745,100
827,09:31:14,$ 3487.745,113
828,09:31:07,$ 3487.57,100
829,09:31:03,$ 3488.70,100
830,09:31:03,$ 3488.70,100
831,09:31:03,$ 3488.39,100
832,09:31:03,$ 3488.66,100
833,09:31:03,$ 3487.49,100
834,09:31:03,$ 3487.495,100
835,09:31:03,$ 3486.99,100
836,09:31:03,$ 3484.63,500
837,09:31:03,$ 3484.63,300
838,09:31:03,$ 3486.64,100
839,09:31:03,$ 3486.29,109
841,09:31:03,$ 3486.11,100
842,09:31:03,$ 3486.11,100
843,09:31:00,$ 3487.40,100
844,09:30:52,$ 3489.9699,307
845,09:30:47,$ 3487.64,100
846,09:30:46,$ 3486.60,100
847,09:30:43,$ 3489.6499,100
848,09:30:41,$ 3488.675,100
849,09:30:38,$ 3489.00,100
850,09:30:38,$ 3489.00,208
851,09:30:38,$ 3488.00,123
852,09:30:37,$ 3486.255,115
853,09:30:36,$ 3486.00,100
854,09:30:36,$ 3484.70,100
855,09:30:32,$ 3484.20,100
856,09:30:31,$ 3483.31,100
857,09:30:28,$ 3483.90,100
858,09:30:26,$ 3483.28,100
859,09:30:24,$ 3481.91,100
860,09:30:23,$ 3483.28,100
862,09:30:21,$ 3483.28,100
863,09:30:18,$ 3481.99,100
864,09:30:18,$ 3482.00,120
865,09:30:18,$ 3480.85,100
866,09:30:16,$ 3480.18,100
867,09:30:16,$ 3480.02,100
868,09:30:16,$ 3481.00,105
869,09:30:16,$ 3479.99,100
870,09:30:16,$ 3479.99,100
871,09:30:16,$ 3480.00,100
872,09:30:16,$ 3480.00,100
873,09:30:16,$ 3480.00,100
874,09:30:11,$ 3477.49,100
875,09:30:09,$ 3477.71,100
876,09:30:08,$ 3477.26,100
877,09:30:08,$ 3477.31,130
878,09:30:08,$ 3477.31,100
879,09:30:08,$ 3477.26,100
880,09:30:08,$ 3477.31,100
881,09:30:08,$ 3477.31,103
883,09:30:04,$ 3477.11,100
884,09:30:04,$ 3476.94,100
885,09:30:04,$ 3478.05,100
886,09:30:03,$ 3477.3274,249
887,09:30:03,$ 3478.52,100
888,09:30:01,$ 3477.82,100
889,09:30:00,$ 3477.59,100
890,09:30:00,$ 3478.00,3
891,09:30:00,$ 3478.00,13
892,09:30:00,$ 3478.00,4
893,09:30:00,$ 3478.00,17
894,09:30:00,$ 3478.00,6
895,09:30:00,$ 3478.00,3
896,09:30:00,$ 3478.00,3
897,09:30:00,$ 3478.00,1
898,09:30:00,$ 3478.00,5
899,09:30:00,$ 3478.00,5
900,09:30:00,$ 3478.00,5
901,09:30:00,$ 3478.00,3
902,09:30:00,$ 3478.00,1
904,09:30:00,$ 3478.00,2
905,09:30:00,$ 3478.00,4
906,09:30:00,$ 3478.00,7
907,09:30:00,$ 3478.00,4
908,09:30:00,$ 3478.00,100
909,09:30:00,$ 3478.00,2
910,09:30:00,$ 3478.00,1
911,09:30:00,$ 3478.00,7
912,09:30:00,$ 3478.00,10
913,09:30:00,$ 3478.00,7
914,09:30:00,$ 3478.00,3
915,09:30:00,$ 3478.00,1
916,09:30:00,$ 3478.00,1
917,09:30:00,$ 3478.00,2
918,09:30:00,$ 3478.00,3
919,09:30:00,$ 3478.00,10
920,09:30:00,$ 3478.00,2
921,09:30:00,$ 3478.00,1
922,09:30:00,$ 3478.00,1
923,09:30:00,$ 3478.00,10
925,09:30:00,$ 3478.00,1
926,09:30:00,$ 3478.00,3
927,09:30:00,$ 3478.00,8
928,09:30:00,$ 3478.00,18
929,09:30:00,$ 3478.00,3
930,09:30:00,$ 3478.00,20
931,09:30:00,$ 3478.00,1
932,09:30:00,$ 3478.00,100
933,09:30:00,$ 3478.00,30
934,09:30:00,$ 3478.00,20
935,09:30:00,$ 3478.00,1
936,09:30:00,$ 3478.00,4
937,09:30:00,$ 3478.00,1
938,09:30:00,$ 3478.00,1
939,09:30:00,$ 3478.00,10
940,09:30:00,$ 3478.00,2
941,09:30:00,$ 3478.00,4
942,09:30:00,$ 3478.00,5
943,09:30:00,$ 3478.00,58
944,09:30:00,$ 3478.00,2
946,09:30:00,$ 3478.00,9
947,09:30:00,$ 3478.00,22
948,09:30:00,$ 3478.00,3
949,09:30:00,$ 3478.00,1
950,09:30:00,$ 3478.00,23
951,09:30:00,$ 3478.00,4
952,09:30:00,$ 3478.00,13
953,09:30:00,$ 3478.00,16
954,09:30:00,$ 3478.00,133
955,09:30:00,$ 3478.00,1
956,09:30:00,$ 3478.00,1
957,09:30:00,$ 3478.00,1
958,09:30:00,$ 3478.00,1
959,09:30:00,$ 3478.00,1
960,09:30:00,$ 3478.00,9
961,09:30:00,$ 3478.00,32
962,09:30:00,$ 3478.00,1
963,09:30:00,$ 3478.00,53
964,09:30:00,$ 3478.00,31
965,09:30:00,$ 3478.00,4
967,09:30:00,$ 3478.00,1
968,09:30:00,$ 3478.00,4
969,09:30:00,$ 3478.00,1
970,09:30:00,$ 3478.00,1
971,09:30:00,$ 3478.00,8
972,09:30:00,$ 3478.00,4
973,09:30:00,$ 3478.00,8
974,09:30:00,$ 3478.00,4
975,09:30:00,$ 3478.00,1
976,09:30:00,$ 3478.00,10
977,09:30:00,$ 3478.00,3
978,09:30:00,$ 3478.00,1
979,09:30:00,$ 3478.00,10
980,09:30:00,$ 3478.00,7
981,09:30:00,$ 3478.00,2
982,09:30:00,$ 3478.00,2
983,09:30:00,$ 3478.00,1
984,09:30:00,$ 3478.00,2
985,09:30:00,$ 3478.00,4
986,09:30:00,$ 3478.00,2
988,09:30:00,$ 3478.00,5
989,09:30:00,$ 3478.00,5
990,09:30:00,$ 3478.00,1
991,09:30:00,$ 3478.00,6
992,09:30:00,$ 3478.00,8
993,09:30:00,$ 3478.00,7
994,09:30:00,$ 3478.00,45
995,09:30:00,$ 3478.00,3
996,09:30:00,$ 3478.00,2
997,09:30:00,$ 3478.00,1
998,09:30:00,$ 3478.00,1
999,09:30:00,$ 3478.00,1
1000,09:30:00,$ 3478.00,10
1001,09:30:00,$ 3478.00,2
1002,09:30:00,$ 3478.00,2
1003,09:30:00,$ 3478.00,1
1004,09:30:00,$ 3478.00,3
1005,09:30:00,$ 3478.00,1
1006,09:30:00,$ 3478.00,1
1007,09:30:00,$ 3478.00,1
1009,09:30:00,$ 3478.00,1
1010,09:30:00,$ 3478.00,2
1011,09:30:00,$ 3478.00,1
1012,09:30:00,$ 3478.00,5
1013,09:30:00,$ 3478.00,9
1014,09:30:00,$ 3478.00,2
1015,09:30:00,$ 3478.00,2
1016,09:30:00,$ 3478.00,1
1017,09:30:00,$ 3478.00,1
1018,09:30:00,$ 3478.00,1
1019,09:30:00,$ 3478.00,1
1020,09:30:00,$ 3478.00,1
1021,09:30:00,$ 3478.00,1
1022,09:30:00,$ 3478.00,1
1023,09:30:00,$ 3478.00,10
1024,09:30:00,$ 3478.00,2
1025,09:30:00,$ 3478.00,1
1026,09:30:00,$ 3478.00,3
1027,09:30:00,$ 3478.00,1
1028,09:30:00,$ 3478.00,1
1030,09:30:00,$ 3478.00,1
1031,09:30:00,$ 3478.00,1
1032,09:30:00,$ 3478.00,2
1033,09:30:00,$ 3478.00,1
1034,09:30:00,$ 3478.00,1
1035,09:30:00,$ 3478.00,1
1036,09:30:00,$ 3478.00,1
1037,09:30:00,$ 3478.00,1
1038,09:30:00,$ 3478.00,1
1039,09:30:00,$ 3478.00,1
1040,09:30:00,$ 3478.00,4
1041,09:30:00,$ 3478.00,5
1042,09:30:00,$ 3478.00,2
1043,09:30:00,$ 3478.00,1
1044,09:30:00,$ 3478.00,4
1045,09:30:00,$ 3478.00,1
1046,09:30:00,$ 3478.00,5
1047,09:30:00,$ 3478.00,2
1048,09:30:00,$ 3478.00,1
1049,09:30:00,$ 3478.00,1
1051,09:30:00,$ 3478.00,4
1052,09:30:00,$ 3478.00,5
1053,09:30:00,$ 3478.00,1
1054,09:30:00,$ 3478.00,1
1055,09:30:00,$ 3478.00,20
1056,09:30:00,$ 3478.00,5
1057,09:30:00,$ 3478.00,2
1058,09:30:00,$ 3478.00,2
1059,09:30:00,$ 3478.00,1
1060,09:30:00,$ 3478.00,16
1061,09:30:00,$ 3478.00,8
1062,09:30:00,$ 3478.00,7
1063,09:30:00,$ 3478.00,1
1064,09:30:00,$ 3478.00,24
1065,09:30:00,$ 3478.00,6
1066,09:30:00,$ 3478.00,5
1067,09:30:00,$ 3478.00,1
1068,09:30:00,$ 3478.00,7
1069,09:30:00,$ 3478.00,57
1070,09:30:00,$ 3478.00,57
1072,09:30:00,$ 3478.00,5
1073,09:30:00,$ 3478.00,6
1074,09:30:00,$ 3478.00,3
1075,09:30:00,$ 3478.00,10
1076,09:30:00,$ 3478.00,9
1077,09:30:00,$ 3478.00,2
1078,09:30:00,$ 3478.00,1
1079,09:30:00,$ 3478.00,16
1080,09:30:00,$ 3478.00,1
1081,09:30:00,$ 3478.00,3
1082,09:30:00,$ 3478.00,10
1083,09:30:00,$ 3478.00,1
1084,09:30:00,$ 3478.00,1
1085,09:30:00,$ 3478.00,1
1086,09:30:00,$ 3478.00,2
1087,09:30:00,$ 3478.00,2
1088,09:30:00,$ 3478.00,1
1089,09:30:00,$ 3478.00,2
1090,09:30:00,$ 3478.00,1
1091,09:30:00,$ 3478.00,40
1093,09:30:00,$ 3478.00,5
1094,09:30:00,$ 3478.00,1
1095,09:30:00,$ 3478.00,1
1096,09:30:00,$ 3478.00,2
1097,09:30:00,$ 3478.00,5
1098,09:30:00,$ 3478.00,20
1099,09:30:00,$ 3478.00,1
1100,09:30:00,$ 3478.00,6
1101,09:30:00,$ 3478.00,1
1102,09:30:00,$ 3478.00,3
1103,09:30:00,$ 3478.00,2
1104,09:30:00,$ 3478.00,1
1105,09:30:00,$ 3478.00,1
1106,09:30:00,$ 3478.00,1
1107,09:30:00,$ 3478.00,1
1108,09:30:00,$ 3478.00,1
1109,09:30:00,$ 3478.00,1
1110,09:30:00,$ 3478.00,1
1111,09:30:00,$ 3478.00,1
1112,09:30:00,$ 3478.00,1
1114,09:30:00,$ 3478.00,1
1115,09:30:00,$ 3478.00,1
1116,09:30:00,$ 3478.00,1
1117,09:30:00,$ 3478.00,1
1118,09:30:00,$ 3478.00,1
1119,09:30:00,$ 3478.00,1
1120,09:30:00,$ 3478.00,1
1121,09:30:00,$ 3478.00,1
1122,09:30:00,$ 3478.00,1
1123,09:30:00,$ 3478.00,1
1124,09:30:00,$ 3478.00,2
1125,09:30:00,$ 3478.00,1
1126,09:30:00,$ 3478.00,3
1127,09:30:00,$ 3478.00,11
1128,09:30:00,$ 3478.00,5
1129,09:30:00,$ 3478.00,5
1130,09:30:00,$ 3478.00,2
1131,09:30:00,$ 3478.00,2
1132,09:30:00,$ 3478.00,24
1133,09:30:00,$ 3478.00,2
1135,09:30:00,$ 3478.00,1
1136,09:30:00,$ 3478.00,3
1137,09:30:00,$ 3478.00,1
1138,09:30:00,$ 3478.00,1
1139,09:30:00,$ 3478.00,5
1140,09:30:00,$ 3478.00,1
1141,09:30:00,$ 3478.00,4
1142,09:30:00,$ 3478.00,5
1143,09:30:00,$ 3478.00,1
1144,09:30:00,$ 3478.00,5
1145,09:30:00,$ 3478.00,5
1146,09:30:00,$ 3478.00,2
1147,09:30:00,$ 3478.00,10
1148,09:30:00,$ 3478.00,10
1149,09:30:00,$ 3478.00,2
1150,09:30:00,$ 3478.00,1
1151,09:30:00,$ 3478.00,3
1152,09:30:00,$ 3478.00,2
1153,09:30:00,$ 3478.00,18
1154,09:30:00,$ 3478.00,1
1156,09:30:00,$ 3478.00,1
1157,09:30:00,$ 3478.00,4
1158,09:30:00,$ 3478.00,1
1159,09:30:00,$ 3478.00,2
1160,09:30:00,$ 3478.00,1
1161,09:30:00,$ 3478.00,1
1162,09:30:00,$ 3478.00,3
1163,09:30:00,$ 3478.00,5
1164,09:30:00,$ 3478.00,2
1165,09:30:00,$ 3478.00,1
1166,09:30:00,$ 3478.00,1
1167,09:30:00,$ 3478.00,14
1168,09:30:00,$ 3478.00,1
1169,09:30:00,$ 3478.00,2
1170,09:30:00,$ 3478.00,1
1171,09:30:00,$ 3478.00,1
1172,09:30:00,$ 3478.00,1
1173,09:30:00,$ 3478.00,2
1174,09:30:00,$ 3478.00,30
1175,09:30:00,$ 3478.00,1
1177,09:30:00,$ 3478.00,10
1178,09:30:00,$ 3478.00,2
1179,09:30:00,$ 3478.00,2
1180,09:30:00,$ 3478.00,14
1181,09:30:00,$ 3478.00,2
1182,09:30:00,$ 3478.00,1
1183,09:30:00,$ 3478.00,13
1184,09:30:00,$ 3478.00,2
1185,09:30:00,$ 3478.00,1
1186,09:30:00,$ 3478.00,5
1187,09:30:00,$ 3478.00,2
1188,09:30:00,$ 3478.00,1
1189,09:30:00,$ 3478.00,2
1190,09:30:00,$ 3478.00,2
1191,09:30:00,$ 3478.00,5
1192,09:30:00,$ 3478.00,3
1193,09:30:00,$ 3478.00,5
1194,09:30:00,$ 3478.00,2
1195,09:30:00,$ 3478.00,39
1196,09:30:00,$ 3478.00,1
1198,09:30:00,$ 3478.00,3
1199,09:30:00,$ 3478.00,2
1200,09:30:00,$ 3478.00,1
1201,09:30:00,$ 3478.00,1
1202,09:30:00,$ 3478.00,1
1203,09:30:00,$ 3478.00,1
1204,09:30:00,$ 3478.00,2
1205,09:30:00,$ 3478.00,1
1206,09:30:00,$ 3478.00,1
1207,09:30:00,$ 3478.00,2
1208,09:30:00,$ 3478.00,1
1209,09:30:00,$ 3478.00,1
1210,09:30:00,$ 3478.00,1
1211,09:30:00,$ 3478.00,1
1212,09:30:00,$ 3478.00,1
1213,09:30:00,$ 3478.00,1
1214,09:30:00,$ 3478.00,10
1215,09:30:00,$ 3478.00,4
1216,09:30:00,$ 3478.00,4
1217,09:30:00,$ 3478.00,2
1219,09:30:00,$ 3478.00,1
1220,09:30:00,$ 3478.00,1
1221,09:30:00,$ 3478.00,2
1222,09:30:00,$ 3478.00,2
1223,09:30:00,$ 3478.00,1
1224,09:30:00,$ 3478.00,14
1225,09:30:00,$ 3478.00,4
1226,09:30:00,$ 3478.00,1
1227,09:30:00,$ 3478.00,2
1228,09:30:00,$ 3478.00,3
1229,09:30:00,$ 3478.00,5
1230,09:30:00,$ 3478.00,33
1231,09:30:00,$ 3478.00,1
1232,09:30:00,$ 3478.00,3
1233,09:30:00,$ 3478.00,1
1234,09:30:00,$ 3478.00,1
1235,09:30:00,$ 3478.00,4
1236,09:30:00,$ 3478.00,1
1237,09:30:00,$ 3478.00,1
1238,09:30:00,$ 3478.00,2
1240,09:30:00,$ 3478.00,1
1241,09:30:00,$ 3478.00,1
1242,09:30:00,$ 3478.00,1
1243,09:30:00,$ 3478.00,1
1244,09:30:00,$ 3478.00,1
1245,09:30:00,$ 3478.00,1
1246,09:30:00,$ 3478.00,1
1247,09:30:00,$ 3478.00,1
1248,09:30:00,$ 3478.00,1
1249,09:30:00,$ 3478.00,1
1250,09:30:00,$ 3478.00,1
1251,09:30:00,$ 3478.00,1
1252,09:30:00,$ 3478.00,1
1253,09:30:00,$ 3478.00,1
1254,09:30:00,$ 3478.00,1
1255,09:30:00,$ 3478.00,1
1256,09:30:00,$ 3478.00,1
1257,09:30:00,$ 3478.00,1
1258,09:30:00,$ 3478.00,1
1259,09:30:00,$ 3478.00,1
1261,09:30:00,$ 3478.00,1
1262,09:30:00,$ 3478.00,1
1263,09:30:00,$ 3478.00,1
1264,09:30:00,$ 3478.00,1
1265,09:30:00,$ 3478.00,1
1266,09:30:00,$ 3478.00,1
1267,09:30:00,$ 3478.00,1
1268,09:30:00,$ 3478.00,1
1269,09:30:00,$ 3478.00,1
1270,09:30:00,$ 3478.00,1
1271,09:30:00,$ 3478.00,1
1272,09:30:00,$ 3478.00,1
1273,09:30:00,$ 3478.00,1
1274,09:30:00,$ 3478.00,1
1275,09:30:00,$ 3478.00,1
1276,09:30:00,$ 3478.00,1
1277,09:30:00,$ 3478.00,1
1278,09:30:00,$ 3478.00,1
1279,09:30:00,$ 3478.00,1
1280,09:30:00,$ 3478.00,1
1282,09:30:00,$ 3478.00,1
1283,09:30:00,$ 3478.00,2
1284,09:30:00,$ 3478.00,1
1285,09:30:00,$ 3478.00,1
1286,09:30:00,$ 3478.00,1
1287,09:30:00,$ 3478.00,1
1288,09:30:00,$ 3478.00,1
1289,09:30:00,$ 3478.00,1
1290,09:30:00,$ 3478.00,1
1291,09:30:00,$ 3478.00,1
1292,09:30:00,$ 3478.00,1
1293,09:30:00,$ 3478.00,1
1294,09:30:00,$ 3478.00,1
1295,09:30:00,$ 3478.00,1
1296,09:30:00,$ 3478.00,1
1297,09:30:00,$ 3478.00,1
1298,09:30:00,$ 3478.00,1
1299,09:30:00,$ 3478.00,2
1300,09:30:00,$ 3478.00,1
1301,09:30:00,$ 3478.00,1
1303,09:30:00,$ 3478.00,1
1304,09:30:00,$ 3478.00,1
1305,09:30:00,$ 3478.00,1
1306,09:30:00,$ 3478.00,1
1307,09:30:00,$ 3478.00,1
1308,09:30:00,$ 3478.00,1
1309,09:30:00,$ 3478.00,1
1310,09:30:00,$ 3478.00,1
1311,09:30:00,$ 3478.00,1
1312,09:30:00,$ 3478.00,1
1313,09:30:00,$ 3478.00,1
1314,09:30:00,$ 3478.00,1
1315,09:30:00,$ 3478.00,1
1316,09:30:00,$ 3478.00,1
1317,09:30:00,$ 3478.00,1
1318,09:30:00,$ 3478.00,1
1319,09:30:00,$ 3478.00,1
1320,09:30:00,$ 3478.00,1
1321,09:30:00,$ 3478.00,1
1322,09:30:00,$ 3478.00,1
1324,09:30:00,$ 3478.00,3
1325,09:30:00,$ 3478.00,15
1326,09:30:00,$ 3478.00,1
1327,09:30:00,$ 3478.00,1
1328,09:30:00,$ 3478.00,1
1329,09:30:00,$ 3478.00,1
1330,09:30:00,$ 3478.00,4
1331,09:30:00,$ 3478.00,1
1332,09:30:00,$ 3478.00,1
1333,09:30:00,$ 3478.00,1
1334,09:30:00,$ 3478.00,8
1335,09:30:00,$ 3478.00,30
1336,09:30:00,$ 3478.00,30
1337,09:30:00,$ 3478.00,100
1338,09:30:00,$ 3478.00,19
1339,09:30:00,$ 3478.00,1
1340,09:30:00,$ 3478.00,1
1341,09:30:00,$ 3478.00,1
1342,09:30:00,$ 3478.00,1
1343,09:30:00,$ 3478.00,2
1345,09:30:00,$ 3478.00,1
1346,09:30:00,$ 3478.00,1
1347,09:30:00,$ 3478.00,4
1348,09:30:00,$ 3478.00,1
1349,09:30:00,$ 3478.00,1
1350,09:30:00,$ 3478.00,1
1351,09:30:00,$ 3478.00,1
1352,09:30:00,$ 3478.00,1
1353,09:30:00,$ 3478.00,1
1354,09:30:00,$ 3478.00,1
1355,09:30:00,$ 3478.00,1
1356,09:30:00,$ 3478.00,1
1357,09:30:00,$ 3478.00,1
1358,09:30:00,$ 3478.00,1
1359,09:30:00,$ 3478.00,1
1360,09:30:00,$ 3478.00,1
1361,09:30:00,$ 3478.00,1
1362,09:30:00,$ 3478.00,1
1363,09:30:00,$ 3478.00,1
1364,09:30:00,$ 3478.00,1
1366,09:30:00,$ 3478.00,1
1367,09:30:00,$ 3478.00,1
1368,09:30:00,$ 3478.00,3
1369,09:30:00,$ 3478.00,1
1370,09:30:00,$ 3478.00,1
1371,09:30:00,$ 3478.00,5
1372,09:30:00,$ 3478.00,1
1373,09:30:00,$ 3478.00,1
1374,09:30:00,$ 3478.00,1
1375,09:30:00,$ 3478.00,2
1376,09:30:00,$ 3478.00,1
1377,09:30:00,$ 3478.00,2
1378,09:30:00,$ 3478.00,5
1379,09:30:00,$ 3478.00,17
1380,09:30:00,$ 3478.00,3
1381,09:30:00,$ 3478.00,3
1382,09:30:00,$ 3478.00,20
1383,09:30:00,$ 3478.00,4
1384,09:30:00,$ 3478.00,2
1385,09:30:00,$ 3478.00,1
1387,09:30:00,$ 3478.00,1
1388,09:30:00,$ 3478.00,1
1389,09:30:00,$ 3478.00,12
1390,09:30:00,$ 3478.00,15
1391,09:30:00,$ 3478.00,13
1392,09:30:00,$ 3478.00,2
1393,09:30:00,$ 3478.00,1
1394,09:30:00,$ 3478.00,2
1395,09:30:00,$ 3478.00,1
1396,09:30:00,$ 3478.00,20
1397,09:30:00,$ 3478.00,1
1398,09:30:00,$ 3478.00,1
1399,09:30:00,$ 3478.00,1
1400,09:30:00,$ 3478.00,1
1401,09:30:00,$ 3478.00,2
1402,09:30:00,$ 3478.00,178
1403,09:30:00,$ 3478.00,266
1404,09:30:00,$ 3478.00,76
1405,09:30:00,$ 3478.00,1
1406,09:30:00,$ 3478.00,1
1408,09:30:00,$ 3478.00,1
1409,09:30:00,$ 3478.00,1
1410,09:30:00,$ 3478.00,2
1411,09:30:00,$ 3478.00,5
1412,09:30:00,$ 3478.00,1
1413,09:30:00,$ 3478.00,3
1414,09:30:00,$ 3478.00,2
1415,09:30:00,$ 3478.00,22
1416,09:30:00,$ 3478.00,5
1417,09:30:00,$ 3478.00,1
1418,09:30:00,$ 3478.00,2
1419,09:30:00,$ 3478.00,1
1420,09:30:00,$ 3478.00,2
1421,09:30:00,$ 3478.00,1
1422,09:30:00,$ 3478.00,2
1423,09:30:00,$ 3478.00,1
1424,09:30:00,$ 3478.00,15
1425,09:30:00,$ 3478.00,4
1426,09:30:00,$ 3478.00,1
1427,09:30:00,$ 3478.00,1
1429,09:30:00,$ 3478.00,1
1430,09:30:00,$ 3478.00,55
1431,09:30:00,$ 3478.00,1
1432,09:30:00,$ 3478.00,1
1433,09:30:00,$ 3478.00,3
1434,09:30:00,$ 3478.00,1
1435,09:30:00,$ 3478.00,1
1436,09:30:00,$ 3478.00,10
1437,09:30:00,$ 3478.00,2
1438,09:30:00,$ 3478.00,100
1439,09:30:00,$ 3478.00,1
1440,09:30:00,$ 3478.00,30
1441,09:30:00,$ 3478.00,3
1442,09:30:00,$ 3478.00,10
1443,09:30:00,$ 3478.00,5
1444,09:30:00,$ 3478.00,2
1445,09:30:00,$ 3478.00,1
1446,09:30:00,$ 3478.00,8
1447,09:30:00,$ 3478.00,1
1448,09:30:00,$ 3478.00,1
1450,09:30:00,$ 3478.00,3
1451,09:30:00,$ 3478.00,2
1452,09:30:00,$ 3478.00,2
1453,09:30:00,$ 3478.00,1
1454,09:30:00,$ 3478.00,2
1455,09:30:00,$ 3478.00,1
1456,09:30:00,$ 3478.00,1
1457,09:30:00,$ 3478.00,2
1458,09:30:00,$ 3478.00,1
1459,09:30:00,$ 3478.00,5
1460,09:30:00,$ 3478.00,1
1461,09:30:00,$ 3478.00,2
1462,09:30:00,$ 3478.00,7
1463,09:30:00,$ 3478.00,1
1464,09:30:00,$ 3478.00,1
1465,09:30:00,$ 3478.00,1
1466,09:30:00,$ 3478.00,1
1467,09:30:00,$ 3478.00,5
1468,09:30:00,$ 3478.00,48
1469,09:30:00,$ 3478.00,1
1471,09:30:00,$ 3478.00,1
1472,09:30:00,$ 3478.00,2
1473,09:30:00,$ 3478.00,1
1474,09:30:00,$ 3478.00,3
1475,09:30:00,$ 3478.00,2
1476,09:30:00,$ 3478.00,1
1477,09:30:00,$ 3478.00,1
1478,09:30:00,$ 3478.00,1
1479,09:30:00,$ 3478.00,3
1480,09:30:00,$ 3478.00,5
1481,09:30:00,$ 3478.00,5
1482,09:30:00,$ 3478.00,2
1483,09:30:00,$ 3478.00,2
1484,09:30:00,$ 3478.00,5
1485,09:30:00,$ 3478.00,1
1486,09:30:00,$ 3478.00,2
1487,09:30:00,$ 3478.00,7
1488,09:30:00,$ 3478.00,2
1489,09:30:00,$ 3478.00,4
1490,09:30:00,$ 3478.00,1
1492,09:30:00,$ 3478.00,1
1493,09:30:00,$ 3478.00,1
1494,09:30:00,$ 3478.00,1
1495,09:30:00,$ 3478.00,3
1496,09:30:00,$ 3478.00,1
1497,09:30:00,$ 3478.00,1
1498,09:30:00,$ 3478.00,2
1499,09:30:00,$ 3478.00,1
1500,09:30:00,$ 3478.00,30
1501,09:30:00,$ 3478.00,1
1502,09:30:00,$ 3478.00,3
1503,09:30:00,$ 3478.00,2
1504,09:30:00,$ 3478.00,1
1505,09:30:00,$ 3478.00,1
1506,09:30:00,$ 3478.00,1
1507,09:30:00,$ 3478.00,2
1508,09:30:00,$ 3478.00,1
1509,09:30:00,$ 3478.00,2
1510,09:30:00,$ 3478.00,1
1511,09:30:00,$ 3478.00,3
1513,09:30:00,$ 3478.00,5
1514,09:30:00,$ 3478.00,3
1515,09:30:00,$ 3478.00,1
1516,09:30:00,$ 3478.00,15
1517,09:30:00,$ 3478.00,1
1518,09:30:00,$ 3478.00,2
1519,09:30:00,$ 3478.00,4
1520,09:30:00,$ 3478.00,2
1521,09:30:00,$ 3478.00,1
1522,09:30:00,$ 3478.00,4
1523,09:30:00,$ 3478.00,3
1524,09:30:00,$ 3478.00,30
1525,09:30:00,$ 3478.00,3
1526,09:30:00,$ 3478.00,8
1527,09:30:00,$ 3478.00,15
1528,09:30:00,$ 3478.00,10
1529,09:30:00,$ 3478.00,30
1530,09:30:00,$ 3478.00,1
1531,09:30:00,$ 3478.00,4
1532,09:30:00,$ 3478.00,1
1534,09:30:00,$ 3478.00,1
1535,09:30:00,$ 3478.00,1
1536,09:30:00,$ 3478.00,1
1537,09:30:00,$ 3478.00,2
1538,09:30:00,$ 3478.00,21
1539,09:30:00,$ 3478.00,2
1540,09:30:00,$ 3478.00,1
1541,09:30:00,$ 3478.00,3
1542,09:30:00,$ 3478.00,6
1543,09:30:00,$ 3478.00,1
1544,09:30:00,$ 3478.00,5
1545,09:30:00,$ 3478.00,1
1546,09:30:00,$ 3478.00,1
1547,09:30:00,$ 3478.00,2
1548,09:30:00,$ 3478.00,2
1549,09:30:00,$ 3478.00,1
1550,09:30:00,$ 3478.00,330
1551,09:30:00,$ 3478.00,1
1552,09:30:00,$ 3478.00,5
1553,09:30:00,$ 3478.00,1
1555,09:30:00,$ 3478.00,10
1556,09:30:00,$ 3478.00,1
1557,09:30:00,$ 3478.00,34
1558,09:30:00,$ 3478.00,6
1559,09:30:00,$ 3478.00,1
1560,09:30:00,$ 3478.00,2
1561,09:30:00,$ 3478.00,3
1562,09:30:00,$ 3478.00,5
1563,09:30:00,$ 3478.00,66
1564,09:30:00,$ 3478.00,1
1565,09:30:00,$ 3478.00,10
1566,09:30:00,$ 3478.00,1
1567,09:30:00,$ 3478.00,1
1568,09:30:00,$ 3478.00,6
1569,09:30:00,$ 3478.00,2
1570,09:30:00,$ 3478.00,1
1571,09:30:00,$ 3478.00,10
1572,09:30:00,$ 3478.00,5
1573,09:30:00,$ 3478.00,12
1574,09:30:00,$ 3478.00,10
1576,09:30:00,$ 3478.00,6
1577,09:30:00,$ 3478.00,100
1578,09:30:00,$ 3478.00,1
1579,09:30:00,$ 3478.00,1
1580,09:30:00,$ 3478.00,1
1581,09:30:00,$ 3478.00,2
1582,09:30:00,$ 3478.00,1
1583,09:30:00,$ 3478.00,10
1584,09:30:00,$ 3478.00,6
1585,09:30:00,$ 3478.00,1
1586,09:30:00,$ 3478.00,1
1587,09:30:00,$ 3478.00,6
1588,09:30:00,$ 3478.00,1
1589,09:30:00,$ 3478.00,1
1590,09:30:00,$ 3478.00,1
1591,09:30:00,$ 3478.00,1
1592,09:30:00,$ 3478.00,1
1593,09:30:00,$ 3478.00,1
1594,09:30:00,$ 3478.00,10
1595,09:30:00,$ 3478.00,1
1597,09:30:00,$ 3478.00,11
1598,09:30:00,$ 3478.00,1
1599,09:30:00,$ 3478.00,12
1600,09:30:00,$ 3478.00,20
1601,09:30:00,$ 3478.00,3
1602,09:30:00,$ 3478.00,10
1603,09:30:00,$ 3478.00,1
1604,09:30:00,$ 3478.00,3
1605,09:30:00,$ 3478.00,4
1606,09:30:00,$ 3478.00,4
1607,09:30:00,$ 3478.00,2
1608,09:30:00,$ 3478.00,3
1609,09:30:00,$ 3478.00,5
1610,09:30:00,$ 3478.00,4
1611,09:30:00,$ 3478.00,2
1612,09:30:00,$ 3478.00,2
1613,09:30:00,$ 3478.00,3
1614,09:30:00,$ 3478.00,3
1615,09:30:00,$ 3478.00,2
1616,09:30:00,$ 3478.00,4
1618,09:30:00,$ 3478.00,3
1619,09:30:00,$ 3478.00,4
1620,09:30:00,$ 3478.00,3
1621,09:30:00,$ 3478.00,1
1622,09:30:00,$ 3478.00,86
1623,09:30:00,$ 3478.00,4
1624,09:30:00,$ 3478.00,4
1625,09:30:00,$ 3478.00,29
1626,09:30:00,$ 3478.00,2
1627,09:30:00,$ 3478.00,4
1628,09:30:00,$ 3478.00,15
1629,09:30:00,$ 3478.00,2
1630,09:30:00,$ 3478.00,7
1631,09:30:00,$ 3478.00,2
1632,09:30:00,$ 3478.00,14
1633,09:30:00,$ 3478.00,28
1634,09:30:00,$ 3478.00,1
1635,09:30:00,$ 3478.00,2
1636,09:30:00,$ 3478.00,1
1637,09:30:00,$ 3478.00,5
1639,09:30:00,$ 3478.00,6
1640,09:30:00,$ 3478.00,1
1641,09:30:00,$ 3478.00,3
1642,09:30:00,$ 3478.00,14
1643,09:30:00,$ 3478.00,3
1644,09:30:00,$ 3478.00,20
1645,09:30:00,$ 3478.00,10
1646,09:30:00,$ 3478.00,150
1647,09:30:00,$ 3478.00,30
1648,09:30:00,$ 3478.00,2
1649,09:30:00,$ 3478.00,30
1650,09:30:00,$ 3478.00,21
1651,09:30:00,$ 3478.00,90
1652,09:30:00,$ 3478.00,15
1653,09:30:00,$ 3478.00,107
1654,09:30:00,$ 3478.00,3
1655,09:30:00,$ 3478.00,2
1656,09:30:00,$ 3478.00,1
1657,09:30:00,$ 3478.00,5
1658,09:30:00,$ 3478.00,9
1660,09:30:00,$ 3478.00,3
1661,09:30:00,$ 3478.00,18
1662,09:30:00,$ 3478.00,7
1663,09:30:00,$ 3478.00,20
1664,09:30:00,$ 3478.00,10
1665,09:30:00,$ 3478.00,4
1666,09:30:00,$ 3478.00,9
1667,09:30:00,$ 3478.00,34
1668,09:30:00,$ 3478.00,9
1669,09:30:00,$ 3478.00,4
1670,09:30:00,$ 3478.00,8
1671,09:30:00,$ 3478.00,14
1672,09:30:00,$ 3478.00,6
1673,09:30:00,$ 3478.00,15
1674,09:30:00,$ 3478.00,2
1675,09:30:00,$ 3478.00,1
1676,09:30:00,$ 3478.00,5
1677,09:30:00,$ 3478.00,1
1678,09:30:00,$ 3478.00,1
1679,09:30:00,$ 3478.00,5
1681,09:30:00,$ 3478.00,1
1682,09:30:00,$ 3478.00,8
1683,09:30:00,$ 3478.00,6
1684,09:30:00,$ 3478.00,1
1685,09:30:00,$ 3478.00,1
1686,09:30:00,$ 3478.00,1
1687,09:30:00,$ 3478.00,20
1688,09:30:00,$ 3478.00,15
1689,09:30:00,$ 3478.00,45
1690,09:30:00,$ 3478.00,6
1691,09:30:00,$ 3478.00,9
1692,09:30:00,$ 3478.00,1
1693,09:30:00,$ 3478.00,1
1694,09:30:00,$ 3478.00,1
1695,09:30:00,$ 3478.00,1
1696,09:30:00,$ 3478.00,1
1697,09:30:00,$ 3478.00,1
1698,09:30:00,$ 3478.00,1
1699,09:30:00,$ 3478.00,1
1700,09:30:00,$ 3478.00,1
1702,09:30:00,$ 3478.00,1
1703,09:30:00,$ 3478.00,1
1704,09:30:00,$ 3478.00,1
1705,09:30:00,$ 3478.00,1
1706,09:30:00,$ 3478.00,1
1707,09:30:00,$ 3478.00,1
1708,09:30:00,$ 3478.00,1
1709,09:30:00,$ 3478.00,1
1710,09:30:00,$ 3478.00,1
1711,09:30:00,$ 3478.00,1
1712,09:30:00,$ 3478.00,1
1713,09:30:00,$ 3478.00,1
1714,09:30:00,$ 3478.00,1
1715,09:30:00,$ 3478.00,1
1716,09:30:00,$ 3478.00,1
1717,09:30:00,$ 3478.00,1
1718,09:30:00,$ 3478.00,1
1719,09:30:00,$ 3478.00,1
1720,09:30:00,$ 3478.00,1
1721,09:30:00,$ 3478.00,1
1723,09:30:00,$ 3478.00,1
1724,09:30:00,$ 3478.00,1
1725,09:30:00,$ 3478.00,1
1726,09:30:00,$ 3478.00,1
1727,09:30:00,$ 3478.00,1
1728,09:30:00,$ 3478.00,1
1729,09:30:00,$ 3478.00,1
1730,09:30:00,$ 3478.00,1
1731,09:30:00,$ 3478.00,1
1732,09:30:00,$ 3478.00,1
1733,09:30:00,$ 3478.00,1
1734,09:30:00,$ 3478.00,1
1735,09:30:00,$ 3478.00,1
1736,09:30:00,$ 3478.00,1
1737,09:30:00,$ 3478.00,1
1738,09:30:00,$ 3478.00,1
1739,09:30:00,$ 3478.00,1
1740,09:30:00,$ 3478.00,1
1741,09:30:00,$ 3478.00,1
1742,09:30:00,$ 3478.00,1
1744,09:30:00,$ 3478.00,1
1745,09:30:00,$ 3478.00,1
1746,09:30:00,$ 3478.00,1
1747,09:30:00,$ 3478.00,1
1748,09:30:00,$ 3478.00,1
1749,09:30:00,$ 3478.00,1
1750,09:30:00,$ 3478.00,1
1751,09:30:00,$ 3478.00,1
1752,09:30:00,$ 3478.00,1
1753,09:30:00,$ 3478.00,1
1754,09:30:00,$ 3478.00,1
1755,09:30:00,$ 3478.00,1
1756,09:30:00,$ 3478.00,1
1757,09:30:00,$ 3478.00,1
1758,09:30:00,$ 3478.00,1
1759,09:30:00,$ 3478.00,1
1760,09:30:00,$ 3478.00,1
1761,09:30:00,$ 3478.00,1
1762,09:30:00,$ 3478.00,1
1763,09:30:00,$ 3478.00,1
1765,09:30:00,$ 3478.00,1
1766,09:30:00,$ 3478.00,1
1767,09:30:00,$ 3478.00,1
1768,09:30:00,$ 3478.00,1
1769,09:30:00,$ 3478.00,1
1770,09:30:00,$ 3478.00,1
1771,09:30:00,$ 3478.00,1
1772,09:30:00,$ 3478.00,1
1773,09:30:00,$ 3478.00,1
1774,09:30:00,$ 3478.00,1
1775,09:30:00,$ 3478.00,1
1776,09:30:00,$ 3478.00,1
1777,09:30:00,$ 3478.00,1
1778,09:30:00,$ 3478.00,1
1779,09:30:00,$ 3478.00,1
1780,09:30:00,$ 3478.00,1
1781,09:30:00,$ 3478.00,1
1782,09:30:00,$ 3478.00,1
1783,09:30:00,$ 3478.00,1
1784,09:30:00,$ 3478.00,1
1786,09:30:00,$ 3478.00,1
1787,09:30:00,$ 3478.00,1
1788,09:30:00,$ 3478.00,1
1789,09:30:00,$ 3478.00,1
1790,09:30:00,$ 3478.00,1
1791,09:30:00,$ 3478.00,1
1792,09:30:00,$ 3478.00,1
1793,09:30:00,$ 3478.00,1
1794,09:30:00,$ 3478.00,1
1795,09:30:00,$ 3478.00,1
1796,09:30:00,$ 3478.00,1
1797,09:30:00,$ 3478.00,1
1798,09:30:00,$ 3478.00,1
1799,09:30:00,$ 3478.00,1
1800,09:30:00,$ 3478.00,1
1801,09:30:00,$ 3478.00,1
1802,09:30:00,$ 3478.00,1
1803,09:30:00,$ 3478.00,1
1804,09:30:00,$ 3478.00,1
1805,09:30:00,$ 3478.00,1
1807,09:30:00,$ 3478.00,1
1808,09:30:00,$ 3478.00,1
1809,09:30:00,$ 3478.00,1
1810,09:30:00,$ 3478.00,1
1811,09:30:00,$ 3478.00,1
1812,09:30:00,$ 3478.00,1
1813,09:30:00,$ 3478.00,1
1814,09:30:00,$ 3478.00,1
1815,09:30:00,$ 3478.00,1
1816,09:30:00,$ 3478.00,1
1817,09:30:00,$ 3478.00,1
1818,09:30:00,$ 3478.00,1
1819,09:30:00,$ 3478.00,1
1820,09:30:00,$ 3478.00,1
1821,09:30:00,$ 3478.00,1
1822,09:30:00,$ 3478.00,1
1823,09:30:00,$ 3478.00,1
1824,09:30:00,$ 3478.00,1
1825,09:30:00,$ 3478.00,1
1826,09:30:00,$ 3478.00,1
1828,09:30:00,$ 3478.00,1
1829,09:30:00,$ 3478.00,1
1830,09:30:00,$ 3478.00,1
1831,09:30:00,$ 3478.00,1
1832,09:30:00,$ 3478.00,1
1833,09:30:00,$ 3478.00,1
1834,09:30:00,$ 3478.00,1
1835,09:30:00,$ 3478.00,1
1836,09:30:00,$ 3478.00,1
1837,09:30:00,$ 3478.00,1
1838,09:30:00,$ 3478.00,1
1839,09:30:00,$ 3478.00,1
1840,09:30:00,$ 3478.00,1
1841,09:30:00,$ 3478.00,1
1842,09:30:00,$ 3478.00,1
1843,09:30:00,$ 3478.00,1
1844,09:30:00,$ 3478.00,1
1845,09:30:00,$ 3478.00,1
1846,09:30:00,$ 3478.00,1
1847,09:30:00,$ 3478.00,2
1849,09:30:00,$ 3478.00,1
1850,09:30:00,$ 3478.00,1
1851,09:30:00,$ 3478.00,1
1852,09:30:00,$ 3478.00,1
1853,09:30:00,$ 3478.00,1
1854,09:30:00,$ 3478.00,3
1855,09:30:00,$ 3478.00,1
1856,09:30:00,$ 3478.00,1
1857,09:30:00,$ 3478.00,1
1858,09:30:00,$ 3478.00,1
1859,09:30:00,$ 3478.00,1
1860,09:30:00,$ 3478.00,4
1861,09:30:00,$ 3478.00,1
1862,09:30:00,$ 3478.00,1
1863,09:30:00,$ 3478.00,1
1864,09:30:00,$ 3478.00,1
1865,09:30:00,$ 3478.00,1
1866,09:30:00,$ 3478.00,1
1867,09:30:00,$ 3478.00,1
1868,09:30:00,$ 3478.00,1
1870,09:30:00,$ 3478.00,1
1871,09:30:00,$ 3478.00,2
1872,09:30:00,$ 3478.00,1
1873,09:30:00,$ 3478.00,2
1874,09:30:00,$ 3478.00,3
1875,09:30:00,$ 3478.00,3
1876,09:30:00,$ 3478.00,1
1877,09:30:00,$ 3478.00,4
1878,09:30:00,$ 3478.00,1
1879,09:30:00,$ 3478.00,1
1880,09:30:00,$ 3478.00,11
1881,09:30:00,$ 3478.00,1
1882,09:30:00,$ 3478.00,1
1883,09:30:00,$ 3478.00,1
1884,09:30:00,$ 3478.00,1
1885,09:30:00,$ 3478.00,2
1886,09:30:00,$ 3478.00,6
1887,09:30:00,$ 3478.00,1
1888,09:30:00,$ 3478.00,1
1889,09:30:00,$ 3478.00,1
1891,09:30:00,$ 3478.00,1
1892,09:30:00,$ 3478.00,1
1893,09:30:00,$ 3478.00,11
1894,09:30:00,$ 3478.00,1
1895,09:30:00,$ 3478.00,1
1896,09:30:00,$ 3478.00,1
1897,09:30:00,$ 3478.00,1
1898,09:30:00,$ 3478.00,1
1899,09:30:00,$ 3478.00,1
1900,09:30:00,$ 3478.00,2
1901,09:30:00,$ 3478.00,1
1902,09:30:00,$ 3478.00,1
1903,09:30:00,$ 3478.00,5
1904,09:30:00,$ 3478.00,1
1905,09:30:00,$ 3478.00,1
1906,09:30:00,$ 3478.00,1
1907,09:30:00,$ 3478.00,1
1908,09:30:00,$ 3478.00,1
1909,09:30:00,$ 3478.00,1
1910,09:30:00,$ 3478.00,1
1912,09:30:00,$ 3478.00,1
1913,09:30:00,$ 3478.00,3
1914,09:30:00,$ 3478.00,1
1915,09:30:00,$ 3478.00,1
1916,09:30:00,$ 3478.00,1
1917,09:30:00,$ 3478.00,1
1918,09:30:00,$ 3478.00,10
1919,09:30:00,$ 3478.00,5
1920,09:30:00,$ 3478.00,1
1921,09:30:00,$ 3478.00,10
1922,09:30:00,$ 3478.00,1
1923,09:30:00,$ 3478.00,1
1924,09:30:00,$ 3478.00,7
1925,09:30:00,$ 3478.00,1
1926,09:30:00,$ 3478.00,1
1927,09:30:00,$ 3478.00,3
1928,09:30:00,$ 3478.00,4
1929,09:30:00,$ 3478.00,1
1930,09:30:00,$ 3478.00,1
1931,09:30:00,$ 3478.00,4
1933,09:30:00,$ 3478.00,3
1934,09:30:00,$ 3478.00,5
1935,09:30:00,$ 3478.00,1
1936,09:30:00,$ 3478.00,15
1937,09:30:00,$ 3478.00,5
1938,09:30:00,$ 3478.00,10
1939,09:30:00,$ 3478.00,1
1940,09:30:00,$ 3478.00,1
1941,09:30:00,$ 3478.00,5
1942,09:30:00,$ 3478.00,1
1943,09:30:00,$ 3478.00,10
1944,09:30:00,$ 3478.00,1
1945,09:30:00,$ 3478.00,3
1946,09:30:00,$ 3478.00,1
1947,09:30:00,$ 3478.00,1
1948,09:30:00,$ 3478.00,1
1949,09:30:00,$ 3478.00,5
1950,09:30:00,$ 3478.00,1
1951,09:30:00,$ 3478.00,1
1952,09:30:00,$ 3478.00,1
1954,09:30:00,$ 3478.00,1
1955,09:30:00,$ 3478.00,1
1956,09:30:00,$ 3478.00,1
1957,09:30:00,$ 3478.00,1
1958,09:30:00,$ 3478.00,5
1959,09:30:00,$ 3478.00,1
1960,09:30:00,$ 3478.00,1
1961,09:30:00,$ 3478.00,10
1962,09:30:00,$ 3478.00,2
1963,09:30:00,$ 3478.00,1
1964,09:30:00,$ 3478.00,1
1965,09:30:00,$ 3478.00,1
1966,09:30:00,$ 3478.00,2
1967,09:30:00,$ 3478.00,1
1968,09:30:00,$ 3478.00,2
1969,09:30:00,$ 3478.00,1
1970,09:30:00,$ 3478.00,1
1971,09:30:00,$ 3478.00,1
1972,09:30:00,$ 3478.00,1
1973,09:30:00,$ 3478.00,1
1975,09:30:00,$ 3478.00,1
1976,09:30:00,$ 3478.00,1
1977,09:30:00,$ 3478.00,1
1978,09:30:00,$ 3478.00,1
1979,09:30:00,$ 3478.00,4
1980,09:30:00,$ 3478.00,1
1981,09:30:00,$ 3478.00,4
1982,09:30:00,$ 3478.00,1
1983,09:30:00,$ 3478.00,1
1984,09:30:00,$ 3478.00,1
1985,09:30:00,$ 3478.00,1
1986,09:30:00,$ 3478.00,1
1987,09:30:00,$ 3478.00,1
1988,09:30:00,$ 3478.00,1
1989,09:30:00,$ 3478.00,1
1990,09:30:00,$ 3478.00,1
1991,09:30:00,$ 3478.00,1
1992,09:30:00,$ 3478.00,1
1993,09:30:00,$ 3478.00,1
1994,09:30:00,$ 3478.00,1
1996,09:30:00,$ 3478.00,1
1997,09:30:00,$ 3478.00,1
1998,09:30:00,$ 3478.00,1
1999,09:30:00,$ 3478.00,1
2000,09:30:00,$ 3478.00,1
2001,09:30:00,$ 3478.00,1
2002,09:30:00,$ 3478.00,1
2003,09:30:00,$ 3478.00,1
2004,09:30:00,$ 3478.00,1
2005,09:30:00,$ 3478.00,1
2006,09:30:00,$ 3478.00,1
2007,09:30:00,$ 3478.00,1
2008,09:30:00,$ 3478.00,1
2009,09:30:00,$ 3478.00,1
2010,09:30:00,$ 3478.00,1
2011,09:30:00,$ 3478.00,1
2012,09:30:00,$ 3478.00,1
2013,09:30:00,$ 3478.00,1
2014,09:30:00,$ 3478.00,1
2015,09:30:00,$ 3478.00,1
2017,09:30:00,$ 3478.00,1
2018,09:30:00,$ 3478.00,1
2019,09:30:00,$ 3478.00,1
2020,09:30:00,$ 3478.00,1
2021,09:30:00,$ 3478.00,1
2022,09:30:00,$ 3478.00,1
2023,09:30:00,$ 3478.00,1
2024,09:30:00,$ 3478.00,1
2025,09:30:00,$ 3478.00,1
2026,09:30:00,$ 3478.00,1
2027,09:30:00,$ 3478.00,1
2028,09:30:00,$ 3478.00,1
2029,09:30:00,$ 3478.00,1
2030,09:30:00,$ 3478.00,1
2031,09:30:00,$ 3478.00,1
2032,09:30:00,$ 3478.00,1
2033,09:30:00,$ 3478.00,1
2034,09:30:00,$ 3478.00,1
2035,09:30:00,$ 3478.00,1
2036,09:30:00,$ 3478.00,1
2038,09:30:00,$ 3478.00,1
2039,09:30:00,$ 3478.00,1
2040,09:30:00,$ 3478.00,1
2041,09:30:00,$ 3478.00,1
2042,09:30:00,$ 3478.00,1
2043,09:30:00,$ 3478.00,1
2044,09:30:00,$ 3478.00,1
2045,09:30:00,$ 3478.00,1
2046,09:30:00,$ 3478.00,1
2047,09:30:00,$ 3478.00,1
2048,09:30:00,$ 3478.00,1
2049,09:30:00,$ 3478.00,1
2050,09:30:00,$ 3478.00,1
2051,09:30:00,$ 3478.00,1
2052,09:30:00,$ 3478.00,160
2053,09:30:00,$ 3478.00,1
2054,09:30:00,$ 3478.00,1
2055,09:30:00,$ 3478.00,1
2056,09:30:00,$ 3478.00,1
2057,09:30:00,$ 3478.00,1
2059,09:30:00,$ 3478.00,1
2060,09:30:00,$ 3478.00,1
2061,09:30:00,$ 3478.00,1
2062,09:30:00,$ 3478.00,1
2063,09:30:00,$ 3478.00,1
2064,09:30:00,$ 3478.00,1
2065,09:30:00,$ 3478.00,1
2066,09:30:00,$ 3478.00,1
2067,09:30:00,$ 3478.00,1
2068,09:30:00,$ 3478.00,1
2069,09:30:00,$ 3478.00,1
2070,09:30:00,$ 3478.00,1
2071,09:30:00,$ 3478.00,1
2072,09:30:00,$ 3478.00,1
2073,09:30:00,$ 3478.00,1
2074,09:30:00,$ 3478.00,1
2075,09:30:00,$ 3478.00,1
2076,09:30:00,$ 3478.00,1
2077,09:30:00,$ 3478.00,1
2078,09:30:00,$ 3478.00,1
2080,09:30:00,$ 3478.00,1
2081,09:30:00,$ 3478.00,1
2082,09:30:00,$ 3478.00,1
2083,09:30:00,$ 3478.00,1
2084,09:30:00,$ 3478.00,1
2085,09:30:00,$ 3478.00,1
2086,09:30:00,$ 3478.00,1
2087,09:30:00,$ 3478.00,200
2088,09:30:00,$ 3478.00,1
2089,09:30:00,$ 3478.00,1
2090,09:30:00,$ 3478.00,1
2091,09:30:00,$ 3478.00,1
2092,09:30:00,$ 3478.00,1
2093,09:30:00,$ 3478.00,1
2094,09:30:00,$ 3478.00,1
2095,09:30:00,$ 3478.00,1
2096,09:30:00,$ 3478.00,1
2097,09:30:00,$ 3478.00,1
2098,09:30:00,$ 3478.00,1
2099,09:30:00,$ 3478.00,1
2101,09:30:00,$ 3478.00,1
2102,09:30:00,$ 3478.00,1
2103,09:30:00,$ 3478.00,1
2104,09:30:00,$ 3478.00,1
2105,09:30:00,$ 3478.00,1
2106,09:30:00,$ 3478.00,1
2107,09:30:00,$ 3478.00,1
2108,09:30:00,$ 3478.00,1
2109,09:30:00,$ 3478.00,1
2110,09:30:00,$ 3478.00,1
2111,09:30:00,$ 3478.00,1
2112,09:30:00,$ 3478.00,1
2113,09:30:00,$ 3478.00,1
2114,09:30:00,$ 3478.00,1
2115,09:30:00,$ 3478.00,1
2116,09:30:00,$ 3478.00,1
2117,09:30:00,$ 3478.00,1
2118,09:30:00,$ 3478.00,1
2119,09:30:00,$ 3478.00,1
2120,09:30:00,$ 3478.00,1
2122,09:30:00,$ 3478.00,1
2123,09:30:00,$ 3478.00,1
2124,09:30:00,$ 3478.00,1
2125,09:30:00,$ 3478.00,1
2126,09:30:00,$ 3478.00,1
2127,09:30:00,$ 3478.00,1
2128,09:30:00,$ 3478.00,1
2129,09:30:00,$ 3478.00,1
2130,09:30:00,$ 3478.00,1
2131,09:30:00,$ 3478.00,1
2132,09:30:00,$ 3478.00,1
2133,09:30:00,$ 3478.00,1
2134,09:30:00,$ 3478.00,1
2135,09:30:00,$ 3478.00,1
2136,09:30:00,$ 3478.00,1
2137,09:30:00,$ 3478.00,1
2138,09:30:00,$ 3478.00,1
2139,09:30:00,$ 3478.00,1
2140,09:30:00,$ 3478.00,1
2141,09:30:00,$ 3478.00,1
2143,09:30:00,$ 3478.00,1
2144,09:30:00,$ 3478.00,1
2145,09:30:00,$ 3478.00,1
2146,09:30:00,$ 3478.00,1
2147,09:30:00,$ 3478.00,1
2148,09:30:00,$ 3478.00,1
2149,09:30:00,$ 3478.00,1
2150,09:30:00,$ 3478.00,1
2151,09:30:00,$ 3478.00,1
2152,09:30:00,$ 3478.00,1
2153,09:30:00,$ 3478.00,1
2154,09:30:00,$ 3478.00,1
2155,09:30:00,$ 3478.00,1
2156,09:30:00,$ 3478.00,1
2157,09:30:00,$ 3478.00,1
2158,09:30:00,$ 3478.00,1
2159,09:30:00,$ 3478.00,1
2160,09:30:00,$ 3478.00,1
2161,09:30:00,$ 3478.00,1
2162,09:30:00,$ 3478.00,1
2164,09:30:00,$ 3478.00,1
2165,09:30:00,$ 3478.00,1
2166,09:30:00,$ 3478.00,1
2167,09:30:00,$ 3478.00,1
2168,09:30:00,$ 3478.00,1
2169,09:30:00,$ 3478.00,1
2170,09:30:00,$ 3478.00,1
2171,09:30:00,$ 3478.00,1
2172,09:30:00,$ 3478.00,2
2173,09:30:00,$ 3478.00,1
2174,09:30:00,$ 3478.00,1
2175,09:30:00,$ 3478.00,1
2176,09:30:00,$ 3478.00,1
2177,09:30:00,$ 3478.00,1
2178,09:30:00,$ 3478.00,1
2179,09:30:00,$ 3478.00,1
2180,09:30:00,$ 3478.00,1
2181,09:30:00,$ 3478.00,1
2182,09:30:00,$ 3478.00,1
2183,09:30:00,$ 3478.00,1
2185,09:30:00,$ 3478.00,1
2186,09:30:00,$ 3478.00,1
2187,09:30:00,$ 3478.00,1
2188,09:30:00,$ 3478.00,1
2189,09:30:00,$ 3478.00,1
2190,09:30:00,$ 3478.00,1
2191,09:30:00,$ 3478.00,1
2192,09:30:00,$ 3478.00,1
2193,09:30:00,$ 3478.00,1
2194,09:30:00,$ 3478.00,1
2195,09:30:00,$ 3478.00,1
2196,09:30:00,$ 3478.00,1
2197,09:30:00,$ 3478.00,1
2198,09:30:00,$ 3478.00,1
2199,09:30:00,$ 3478.00,1
2200,09:30:00,$ 3478.00,1
2201,09:30:00,$ 3478.00,1
2202,09:30:00,$ 3478.00,1
2203,09:30:00,$ 3478.00,1
2204,09:30:00,$ 3478.00,1
2206,09:30:00,$ 3478.00,1
2207,09:30:00,$ 3478.00,1
2208,09:30:00,$ 3478.00,1
2209,09:30:00,$ 3478.00,1
2210,09:30:00,$ 3478.00,1
2211,09:30:00,$ 3478.00,1
2212,09:30:00,$ 3478.00,1
2213,09:30:00,$ 3478.00,1
2214,09:30:00,$ 3478.00,1
2215,09:30:00,$ 3478.00,1
2216,09:30:00,$ 3478.00,1
2217,09:30:00,$ 3478.00,1
2218,09:30:00,$ 3478.00,1
2219,09:30:00,$ 3478.00,1
2220,09:30:00,$ 3478.00,1
2221,09:30:00,$ 3478.00,1
2222,09:30:00,$ 3478.00,1
2223,09:30:00,$ 3478.00,1
2224,09:30:00,$ 3478.00,1
2225,09:30:00,$ 3478.00,1
2227,09:30:00,$ 3478.00,1
2228,09:30:00,$ 3478.00,1
2229,09:30:00,$ 3478.00,1
2230,09:30:00,$ 3478.00,1
2231,09:30:00,$ 3478.00,1
2232,09:30:00,$ 3478.00,1
2233,09:30:00,$ 3478.00,1
2234,09:30:00,$ 3478.00,1
2235,09:30:00,$ 3478.00,1
2236,09:30:00,$ 3478.00,1
2237,09:30:00,$ 3478.00,1
2238,09:30:00,$ 3478.00,1
2239,09:30:00,$ 3478.00,1
2240,09:30:00,$ 3478.00,1
2241,09:30:00,$ 3478.00,1
2242,09:30:00,$ 3478.00,1
2243,09:30:00,$ 3478.00,1
2244,09:30:00,$ 3478.00,1
2245,09:30:00,$ 3478.00,1
2246,09:30:00,$ 3478.00,1
2248,09:30:00,$ 3478.00,1
2249,09:30:00,$ 3478.00,1
2250,09:30:00,$ 3478.00,1
2251,09:30:00,$ 3478.00,1
2252,09:30:00,$ 3478.00,1
2253,09:30:00,$ 3478.00,1
2254,09:30:00,$ 3478.00,1
2255,09:30:00,$ 3478.00,1
2256,09:30:00,$ 3478.00,1
2257,09:30:00,$ 3478.00,1
2258,09:30:00,$ 3478.00,1
2259,09:30:00,$ 3478.00,1
2260,09:30:00,$ 3478.00,1
2261,09:30:00,$ 3478.00,1
2262,09:30:00,$ 3478.00,1
2263,09:30:00,$ 3478.00,1
2264,09:30:00,$ 3478.00,1
2265,09:30:00,$ 3478.00,1
2266,09:30:00,$ 3478.00,1
2267,09:30:00,$ 3478.00,1
2269,09:30:00,$ 3478.00,1
2270,09:30:00,$ 3478.00,1
2271,09:30:00,$ 3478.00,1
2272,09:30:00,$ 3478.00,1
2273,09:30:00,$ 3478.00,1
2274,09:30:00,$ 3478.00,1
2275,09:30:00,$ 3478.00,1
2276,09:30:00,$ 3478.00,1
2277,09:30:00,$ 3478.00,1
2278,09:30:00,$ 3478.00,1
2279,09:30:00,$ 3478.00,30
2280,09:30:00,$ 3478.00,8
2281,09:30:00,$ 3478.00,1
2282,09:30:00,$ 3478.00,2
2283,09:30:00,$ 3478.00,3
2284,09:30:00,$ 3478.00,1
2285,09:30:00,$ 3478.00,1
2286,09:30:00,$ 3478.00,5
2287,09:30:00,$ 3478.00,1
2288,09:30:00,$ 3478.00,1
2290,09:30:00,$ 3478.00,1
2291,09:30:00,$ 3478.00,3
2292,09:30:00,$ 3478.00,3
2293,09:30:00,$ 3478.00,6
2294,09:30:00,$ 3478.00,6
2295,09:30:00,$ 3478.00,1
2296,09:30:00,$ 3478.00,1
2297,09:30:00,$ 3478.00,15
2298,09:30:00,$ 3478.00,1
2299,09:30:00,$ 3478.00,3
2300,09:30:00,$ 3478.00,6
2301,09:30:00,$ 3478.00,1
2302,09:30:00,$ 3478.00,2
2303,09:30:00,$ 3478.00,10
2304,09:30:00,$ 3478.00,18
2305,09:30:00,$ 3478.00,2
2306,09:30:00,$ 3478.00,1
2307,09:30:00,$ 3478.00,3
2308,09:30:00,$ 3478.00,1
2309,09:30:00,$ 3478.00,1
2311,09:30:00,$ 3478.00,1
2312,09:30:00,$ 3478.00,20
2313,09:30:00,$ 3478.00,6
2314,09:30:00,$ 3478.00,1
2315,09:30:00,$ 3478.00,1
2316,09:30:00,$ 3478.00,2
2317,09:30:00,$ 3478.00,1
2318,09:30:00,$ 3478.00,1
2319,09:30:00,$ 3478.00,4
2320,09:30:00,$ 3478.00,10
2321,09:30:00,$ 3478.00,5
2322,09:30:00,$ 3478.00,170
2323,09:30:00,$ 3478.00,2
2324,09:30:00,$ 3478.00,3
2325,09:30:00,$ 3478.00,2
2326,09:30:00,$ 3478.00,2
2327,09:30:00,$ 3478.00,2
2328,09:30:00,$ 3478.00,10
2329,09:30:00,$ 3478.00,1
2330,09:30:00,$ 3478.00,17
2332,09:30:00,$ 3478.00,1
2333,09:30:00,$ 3478.00,3
2334,09:30:00,$ 3478.00,2
2335,09:30:00,$ 3478.00,2
2336,09:30:00,$ 3478.00,1
2337,09:30:00,$ 3478.00,1
2338,09:30:00,$ 3478.00,1
2339,09:30:00,$ 3478.00,1
2340,09:30:00,$ 3478.00,2
2341,09:30:00,$ 3478.00,1
2342,09:30:00,$ 3478.00,1
2343,09:30:00,$ 3478.00,1
2344,09:30:00,$ 3478.00,1
2345,09:30:00,$ 3478.00,3
2346,09:30:00,$ 3478.00,4
2347,09:30:00,$ 3478.00,2
2348,09:30:00,$ 3478.00,3
2349,09:30:00,$ 3478.00,4
2350,09:30:00,$ 3478.00,3
2351,09:30:00,$ 3478.00,3
2353,09:30:00,$ 3478.00,2
2354,09:30:00,$ 3478.00,2
2355,09:30:00,$ 3478.00,1
2356,09:30:00,$ 3478.00,1
2357,09:30:00,$ 3478.00,4
2358,09:30:00,$ 3478.00,1
2359,09:30:00,$ 3478.00,1
2360,09:30:00,$ 3478.00,4
2361,09:30:00,$ 3478.00,1
2362,09:30:00,$ 3478.00,1
2363,09:30:00,$ 3478.00,1
2364,09:30:00,$ 3478.00,5
2365,09:30:00,$ 3478.00,1
2366,09:30:00,$ 3478.00,3
2367,09:30:00,$ 3478.00,1
2368,09:30:00,$ 3478.00,2
2369,09:30:00,$ 3478.00,3
2370,09:30:00,$ 3478.00,1
2371,09:30:00,$ 3478.00,1
2372,09:30:00,$ 3478.00,3
2374,09:30:00,$ 3478.00,5
2375,09:30:00,$ 3478.00,1
2376,09:30:00,$ 3478.00,1
2377,09:30:00,$ 3478.00,3
2378,09:30:00,$ 3478.00,6
2379,09:30:00,$ 3478.00,1
2380,09:30:00,$ 3478.00,1
2381,09:30:00,$ 3478.00,4
2382,09:30:00,$ 3478.00,1
2383,09:30:00,$ 3478.00,1
2384,09:30:00,$ 3478.00,1
2385,09:30:00,$ 3478.00,3
2386,09:30:00,$ 3478.00,1
2387,09:30:00,$ 3478.00,1
2388,09:30:00,$ 3478.00,5
2389,09:30:00,$ 3478.00,1
2390,09:30:00,$ 3478.00,1
2391,09:30:00,$ 3478.00,2
2392,09:30:00,$ 3478.00,1
2393,09:30:00,$ 3478.00,1
2395,09:30:00,$ 3478.00,3
2396,09:30:00,$ 3478.00,1
2397,09:30:00,$ 3478.00,1
2398,09:30:00,$ 3478.00,2
2399,09:30:00,$ 3478.00,2
2400,09:30:00,$ 3478.00,1
2401,09:30:00,$ 3478.00,5
2402,09:30:00,$ 3478.00,79
2403,09:30:00,$ 3478.00,16
2404,09:30:00,$ 3478.00,66
2405,09:30:00,$ 3478.00,28
2406,09:30:00,$ 3478.00,1
2407,09:30:00,$ 3478.00,1
2408,09:30:00,$ 3478.00,20
2409,09:30:00,$ 3478.00,10
2410,09:30:00,$ 3478.00,1
2411,09:30:00,$ 3478.00,1
2412,09:30:00,$ 3478.00,2
2413,09:30:00,$ 3478.00,1
2414,09:30:00,$ 3478.00,2
2416,09:30:00,$ 3478.00,5
2417,09:30:00,$ 3478.00,1
2418,09:30:00,$ 3478.00,2
2419,09:30:00,$ 3478.00,1
2420,09:30:00,$ 3478.00,1
2421,09:30:00,$ 3478.00,30
2422,09:30:00,$ 3478.00,1
2423,09:30:00,$ 3478.00,1
2424,09:30:00,$ 3478.00,1
2425,09:30:00,$ 3478.00,1
2426,09:30:00,$ 3478.00,1
2427,09:30:00,$ 3478.00,20
2428,09:30:00,$ 3478.00,1
2429,09:30:00,$ 3478.00,3
2430,09:30:00,$ 3478.00,2
2431,09:30:00,$ 3478.00,10
2432,09:30:00,$ 3478.00,3
2433,09:30:00,$ 3478.00,1
2434,09:30:00,$ 3478.00,1
2435,09:30:00,$ 3478.00,1
2437,09:30:00,$ 3478.00,1
2438,09:30:00,$ 3478.00,5
2439,09:30:00,$ 3478.00,1
2440,09:30:00,$ 3478.00,5
2441,09:30:00,$ 3478.00,19
2442,09:30:00,$ 3478.00,5
2443,09:30:00,$ 3478.00,1
2444,09:30:00,$ 3478.00,1
2445,09:30:00,$ 3478.00,1
2446,09:30:00,$ 3478.00,14
2447,09:30:00,$ 3478.00,5
2448,09:30:00,$ 3478.00,1
2449,09:30:00,$ 3478.00,1
2450,09:30:00,$ 3478.00,4
2451,09:30:00,$ 3478.00,1
2452,09:30:00,$ 3478.00,2
2453,09:30:00,$ 3478.00,2
2454,09:30:00,$ 3478.00,35
2455,09:30:00,$ 3478.00,15
2456,09:30:00,$ 3478.00,3
2458,09:30:00,$ 3478.00,10
2459,09:30:00,$ 3478.00,1
2460,09:30:00,$ 3478.00,1
2461,09:30:00,$ 3478.00,4
2462,09:30:00,$ 3478.00,3
2463,09:30:00,$ 3478.00,1
2464,09:30:00,$ 3478.00,10
2465,09:30:00,$ 3478.00,1
2466,09:30:00,$ 3478.00,900
2467,09:30:00,$ 3478.00,1
2468,09:30:00,$ 3478.00,2
2469,09:30:00,$ 3478.00,1
2470,09:30:00,$ 3478.00,1
2471,09:30:00,$ 3478.00,5
2472,09:30:00,$ 3478.00,1
2473,09:30:00,$ 3478.00,1
2474,09:30:00,$ 3478.00,1
2475,09:30:00,$ 3478.00,1
2476,09:30:00,$ 3478.00,7
2477,09:30:00,$ 3478.00,1
2479,09:30:00,$ 3478.00,3
2480,09:30:00,$ 3478.00,1
2481,09:30:00,$ 3478.00,4
2482,09:30:00,$ 3478.00,1
2483,09:30:00,$ 3478.00,5
2484,09:30:00,$ 3478.00,3
2485,09:30:00,$ 3478.00,3
2486,09:30:00,$ 3478.00,5
2487,09:30:00,$ 3478.00,2
2488,09:30:00,$ 3478.00,1
2489,09:30:00,$ 3478.00,1
2490,09:30:00,$ 3478.00,1
2491,09:30:00,$ 3478.00,2
2492,09:30:00,$ 3478.00,1
2493,09:30:00,$ 3478.00,17
2494,09:30:00,$ 3478.00,3
2495,09:30:00,$ 3478.00,5
2496,09:30:00,$ 3478.00,5
2497,09:30:00,$ 3478.00,2
2498,09:30:00,$ 3478.00,4
2500,09:30:00,$ 3478.00,1
2501,09:30:00,$ 3478.00,1
2502,09:30:00,$ 3478.00,1
2503,09:30:00,$ 3478.00,2
2504,09:30:00,$ 3478.00,1
2505,09:30:00,$ 3478.00,7
2506,09:30:00,$ 3478.00,2
2507,09:30:00,$ 3478.00,3
2508,09:30:00,$ 3478.00,1
2509,09:30:00,$ 3478.00,4
2510,09:30:00,$ 3478.00,3
2511,09:30:00,$ 3478.00,1
2512,09:30:00,$ 3478.00,4
2513,09:30:00,$ 3478.00,6
2514,09:30:00,$ 3478.00,1
2515,09:30:00,$ 3478.00,2
2516,09:30:00,$ 3478.00,1
2517,09:30:00,$ 3478.00,1
2518,09:30:00,$ 3478.00,1
2519,09:30:00,$ 3478.00,2
2521,09:30:00,$ 3478.00,283
2522,09:30:00,$ 3478.00,1
2523,09:30:00,$ 3478.00,15
2524,09:30:00,$ 3478.00,1
2525,09:30:00,$ 3478.00,1
2526,09:30:00,$ 3478.00,4
2527,09:30:00,$ 3478.00,1
2528,09:30:00,$ 3478.00,5
2529,09:30:00,$ 3478.00,1
2530,09:30:00,$ 3478.00,1
2531,09:30:00,$ 3478.00,1
2532,09:30:00,$ 3478.00,1
2533,09:30:00,$ 3478.00,1
2534,09:30:00,$ 3478.00,1
2535,09:30:00,$ 3478.00,1
2536,09:30:00,$ 3478.00,1
2537,09:30:00,$ 3478.00,1
2538,09:30:00,$ 3478.00,1
2539,09:30:00,$ 3478.00,1
2540,09:30:00,$ 3478.00,1
2542,09:30:00,$ 3478.00,1
2543,09:30:00,$ 3478.00,1
2544,09:30:00,$ 3478.00,1
2545,09:30:00,$ 3478.00,1
2546,09:30:00,$ 3478.00,1
2547,09:30:00,$ 3478.00,1
2548,09:30:00,$ 3478.00,1
2549,09:30:00,$ 3478.00,1
2550,09:30:00,$ 3478.00,1
2551,09:30:00,$ 3478.00,1
2552,09:30:00,$ 3478.00,1
2553,09:30:00,$ 3478.00,1
2554,09:30:00,$ 3478.00,1
2555,09:30:00,$ 3478.00,1
2556,09:30:00,$ 3478.00,1
2557,09:30:00,$ 3478.00,1
2558,09:30:00,$ 3478.00,1
2559,09:30:00,$ 3478.00,1
2560,09:30:00,$ 3478.00,1
2561,09:30:00,$ 3478.00,1
2563,09:30:00,$ 3478.00,1
2564,09:30:00,$ 3478.00,1
2565,09:30:00,$ 3478.00,1
2566,09:30:00,$ 3478.00,28
2567,09:30:00,$ 3478.00,1
2568,09:30:00,$ 3478.00,1
2569,09:30:00,$ 3478.00,1
2570,09:30:00,$ 3478.00,1
2571,09:30:00,$ 3478.00,1
2572,09:30:00,$ 3478.00,1
2573,09:30:00,$ 3478.00,1
2574,09:30:00,$ 3478.00,1
2575,09:30:00,$ 3478.00,1
2576,09:30:00,$ 3478.00,1
2577,09:30:00,$ 3478.00,1
2578,09:30:00,$ 3478.00,1
2579,09:30:00,$ 3478.00,1
2580,09:30:00,$ 3478.00,1
2581,09:30:00,$ 3478.00,1
2582,09:30:00,$ 3478.00,1
2584,09:30:00,$ 3478.00,1
2585,09:30:00,$ 3478.00,1
2586,09:30:00,$ 3478.00,1
2587,09:30:00,$ 3478.00,1
2588,09:30:00,$ 3478.00,1
2589,09:30:00,$ 3478.00,1
2590,09:30:00,$ 3478.00,1
2591,09:30:00,$ 3478.00,1
2592,09:30:00,$ 3478.00,1
2593,09:30:00,$ 3478.00,1
2594,09:30:00,$ 3478.00,1
2595,09:30:00,$ 3478.00,1
2596,09:30:00,$ 3478.00,1
2597,09:30:00,$ 3478.00,1
2598,09:30:00,$ 3478.00,1
2599,09:30:00,$ 3478.00,1
2600,09:30:00,$ 3478.00,1
2601,09:30:00,$ 3478.00,1
2602,09:30:00,$ 3478.00,2
2603,09:30:00,$ 3478.00,1
2605,09:30:00,$ 3478.00,1
2606,09:30:00,$ 3478.00,1
2607,09:30:00,$ 3478.00,1
2608,09:30:00,$ 3478.00,1
2609,09:30:00,$ 3478.00,1
2610,09:30:00,$ 3478.00,1
2611,09:30:00,$ 3478.00,1
2612,09:30:00,$ 3478.00,1
2613,09:30:00,$ 3478.00,1
2614,09:30:00,$ 3478.00,1
2615,09:30:00,$ 3478.00,1
2616,09:30:00,$ 3478.00,1
2617,09:30:00,$ 3478.00,1
2618,09:30:00,$ 3478.00,1
2619,09:30:00,$ 3478.00,1
2620,09:30:00,$ 3478.00,1
2621,09:30:00,$ 3478.00,1
2622,09:30:00,$ 3478.00,1
2623,09:30:00,$ 3478.00,1
2624,09:30:00,$ 3478.00,1
2626,09:30:00,$ 3478.00,1
2627,09:30:00,$ 3478.00,1
2628,09:30:00,$ 3478.00,1
2629,09:30:00,$ 3478.00,1
2630,09:30:00,$ 3478.00,1
2631,09:30:00,$ 3478.00,1
2632,09:30:00,$ 3478.00,1
2633,09:30:00,$ 3478.00,1
2634,09:30:00,$ 3478.00,1
2635,09:30:00,$ 3478.00,1
2636,09:30:00,$ 3478.00,1
2637,09:30:00,$ 3478.00,1
2638,09:30:00,$ 3478.00,1
2639,09:30:00,$ 3478.00,1
2640,09:30:00,$ 3478.00,1
2641,09:30:00,$ 3478.00,1
2642,09:30:00,$ 3478.00,1
2643,09:30:00,$ 3478.00,1
2644,09:30:00,$ 3478.00,1
2645,09:30:00,$ 3478.00,1
2647,09:30:00,$ 3478.00,1
2648,09:30:00,$ 3478.00,1
2649,09:30:00,$ 3478.00,1
2650,09:30:00,$ 3478.00,1
2651,09:30:00,$ 3478.00,1
2652,09:30:00,$ 3478.00,1
2653,09:30:00,$ 3478.00,1
2654,09:30:00,$ 3478.00,1
2655,09:30:00,$ 3478.00,1
2656,09:30:00,$ 3478.00,1
2657,09:30:00,$ 3478.00,1
2658,09:30:00,$ 3478.00,2
2659,09:30:00,$ 3478.00,1
2660,09:30:00,$ 3478.00,10
2661,09:30:00,$ 3478.00,1
2662,09:30:00,$ 3478.00,1
2663,09:30:00,$ 3478.00,1
2664,09:30:00,$ 3478.00,1
2665,09:30:00,$ 3478.00,1
2666,09:30:00,$ 3478.00,1
2668,09:30:00,$ 3478.00,1
2669,09:30:00,$ 3478.00,1
2670,09:30:00,$ 3478.00,1
2671,09:30:00,$ 3478.00,1
2672,09:30:00,$ 3478.00,1
2673,09:30:00,$ 3478.00,1
2674,09:30:00,$ 3478.00,1
2675,09:30:00,$ 3478.00,1
2676,09:30:00,$ 3478.00,1
2677,09:30:00,$ 3478.00,1
2678,09:30:00,$ 3478.00,1
2679,09:30:00,$ 3478.00,1
2680,09:30:00,$ 3478.00,1
2681,09:30:00,$ 3478.00,1
2682,09:30:00,$ 3478.00,1
2683,09:30:00,$ 3478.00,1
2684,09:30:00,$ 3478.00,1
2685,09:30:00,$ 3478.00,1
2686,09:30:00,$ 3478.00,1
2687,09:30:00,$ 3478.00,1
2689,09:30:00,$ 3478.00,1
2690,09:30:00,$ 3478.00,1
2691,09:30:00,$ 3478.00,1
2692,09:30:00,$ 3478.00,1
2693,09:30:00,$ 3478.00,1
2694,09:30:00,$ 3478.00,1
2695,09:30:00,$ 3478.00,1
2696,09:30:00,$ 3478.00,1
2697,09:30:00,$ 3478.00,1
2698,09:30:00,$ 3478.00,1
2699,09:30:00,$ 3478.00,1
2700,09:30:00,$ 3478.00,1
2701,09:30:00,$ 3478.00,32
2702,09:30:00,$ 3478.00,1
2703,09:30:00,$ 3478.00,1
2704,09:30:00,$ 3478.00,1
2705,09:30:00,$ 3478.00,2
2706,09:30:00,$ 3478.00,1
2707,09:30:00,$ 3478.00,8
2708,09:30:00,$ 3478.00,4
2710,09:30:00,$ 3478.00,2
2711,09:30:00,$ 3478.00,1
2712,09:30:00,$ 3478.00,1
2713,09:30:00,$ 3478.00,1
2714,09:30:00,$ 3478.00,1
2715,09:30:00,$ 3478.00,1
2716,09:30:00,$ 3478.00,1
2717,09:30:00,$ 3478.00,1
2718,09:30:00,$ 3478.00,1
2719,09:30:00,$ 3478.00,1
2720,09:30:00,$ 3478.00,1
2721,09:30:00,$ 3478.00,1
2722,09:30:00,$ 3478.00,7
2723,09:30:00,$ 3478.00,1
2724,09:30:00,$ 3478.00,2
2725,09:30:00,$ 3478.00,1
2726,09:30:00,$ 3478.00,1
2727,09:30:00,$ 3478.00,1
2728,09:30:00,$ 3478.00,1
2729,09:30:00,$ 3478.00,1
2731,09:30:00,$ 3478.00,1
2732,09:30:00,$ 3478.00,1
2733,09:30:00,$ 3478.00,1
2734,09:30:00,$ 3478.00,1
2735,09:30:00,$ 3478.00,1
2736,09:30:00,$ 3478.00,1
2737,09:30:00,$ 3478.00,1
2738,09:30:00,$ 3478.00,1
2739,09:30:00,$ 3478.00,1
2740,09:30:00,$ 3478.00,1
2741,09:30:00,$ 3478.00,1
2742,09:30:00,$ 3478.00,1
2743,09:30:00,$ 3478.00,1
2744,09:30:00,$ 3478.00,1
2745,09:30:00,$ 3478.00,1
2746,09:30:00,$ 3478.00,1
2747,09:30:00,$ 3478.00,28
2748,09:30:00,$ 3478.00,2
2749,09:30:00,$ 3478.00,2
2750,09:30:00,$ 3478.00,20
2752,09:30:00,$ 3478.00,2
2753,09:30:00,$ 3478.00,10
2754,09:30:00,$ 3478.00,2
2755,09:30:00,$ 3478.00,4
2756,09:30:00,$ 3478.00,10
2757,09:30:00,$ 3478.00,4
2758,09:30:00,$ 3478.00,5
2759,09:30:00,$ 3478.00,7
2760,09:30:00,$ 3478.00,2
2761,09:30:00,$ 3478.00,2
2762,09:30:00,$ 3478.00,3
2763,09:30:00,$ 3478.00,50
2764,09:30:00,$ 3478.00,12
2765,09:30:00,$ 3478.00,8
2766,09:30:00,$ 3478.00,1
2767,09:30:00,$ 3478.00,1
2768,09:30:00,$ 3478.00,5
2769,09:30:00,$ 3478.00,2
2770,09:30:00,$ 3478.00,1
2771,09:30:00,$ 3478.00,1
2773,09:30:00,$ 3478.00,225
2774,09:30:00,$ 3478.00,22
2775,09:30:00,$ 3478.00,1
2776,09:30:00,$ 3478.00,1
2777,09:30:00,$ 3478.00,1
2778,09:30:00,$ 3478.00,1
2779,09:30:00,$ 3478.00,1
2780,09:30:00,$ 3478.00,1
2781,09:30:00,$ 3478.00,1
2782,09:30:00,$ 3478.00,1
2783,09:30:00,$ 3478.00,1
2784,09:30:00,$ 3478.00,1
2785,09:30:00,$ 3478.00,1
2786,09:30:00,$ 3478.00,1
2787,09:30:00,$ 3478.00,1
2788,09:30:00,$ 3478.00,1
2789,09:30:00,$ 3478.00,1
2790,09:30:00,$ 3478.00,1
2791,09:30:00,$ 3478.00,1
2792,09:30:00,$ 3478.00,1
2794,09:30:00,$ 3478.00,1
2795,09:30:00,$ 3478.00,1
2796,09:30:00,$ 3478.00,1
2797,09:30:00,$ 3478.00,1
2798,09:30:00,$ 3478.00,1
2799,09:30:00,$ 3478.00,1
2800,09:30:00,$ 3478.00,1
2801,09:30:00,$ 3478.00,1
2802,09:30:00,$ 3478.00,1
2803,09:30:00,$ 3478.00,1
2804,09:30:00,$ 3478.00,1
2805,09:30:00,$ 3478.00,1
2806,09:30:00,$ 3478.00,1
2807,09:30:00,$ 3478.00,1
2808,09:30:00,$ 3478.00,1
2809,09:30:00,$ 3478.00,1
2810,09:30:00,$ 3478.00,1
2811,09:30:00,$ 3478.00,1
2812,09:30:00,$ 3478.00,1
2813,09:30:00,$ 3478.00,1
2815,09:30:00,$ 3478.00,1
2816,09:30:00,$ 3478.00,1
2817,09:30:00,$ 3478.00,1
2818,09:30:00,$ 3478.00,1
2819,09:30:00,$ 3478.00,1
2820,09:30:00,$ 3478.00,1
2821,09:30:00,$ 3478.00,1
2822,09:30:00,$ 3478.00,1
2823,09:30:00,$ 3478.00,1
2824,09:30:00,$ 3478.00,1
2825,09:30:00,$ 3478.00,1
2826,09:30:00,$ 3478.00,1
2827,09:30:00,$ 3478.00,1
2828,09:30:00,$ 3478.00,1
2829,09:30:00,$ 3478.00,1
2830,09:30:00,$ 3478.00,1
2831,09:30:00,$ 3478.00,1
2832,09:30:00,$ 3478.00,1
2833,09:30:00,$ 3478.00,1
2834,09:30:00,$ 3478.00,1
2836,09:30:00,$ 3478.00,1
2837,09:30:00,$ 3478.00,1
2838,09:30:00,$ 3478.00,1
2839,09:30:00,$ 3478.00,1
2840,09:30:00,$ 3478.00,1
2841,09:30:00,$ 3478.00,1
2842,09:30:00,$ 3478.00,1
2843,09:30:00,$ 3478.00,1
2844,09:30:00,$ 3478.00,1
2845,09:30:00,$ 3478.00,1
2846,09:30:00,$ 3478.00,1
2847,09:30:00,$ 3478.00,1
2848,09:30:00,$ 3478.00,1
2849,09:30:00,$ 3478.00,1
2850,09:30:00,$ 3478.00,1
2851,09:30:00,$ 3478.00,1
2852,09:30:00,$ 3478.00,1
2853,09:30:00,$ 3478.00,1
2854,09:30:00,$ 3478.00,1
2855,09:30:00,$ 3478.00,1
2857,09:30:00,$ 3478.00,1
2858,09:30:00,$ 3478.00,1
2859,09:30:00,$ 3478.00,1
2860,09:30:00,$ 3478.00,1
2861,09:30:00,$ 3478.00,1
2862,09:30:00,$ 3478.00,1
2863,09:30:00,$ 3478.00,1
2864,09:30:00,$ 3478.00,1
2865,09:30:00,$ 3478.00,1
2866,09:30:00,$ 3478.00,1
2867,09:30:00,$ 3478.00,1
2868,09:30:00,$ 3478.00,1
2869,09:30:00,$ 3478.00,1
2870,09:30:00,$ 3478.00,1
2871,09:30:00,$ 3478.00,1
2872,09:30:00,$ 3478.00,1
2873,09:30:00,$ 3478.00,1
2874,09:30:00,$ 3478.00,1
2875,09:30:00,$ 3478.00,1
2876,09:30:00,$ 3478.00,1
2878,09:30:00,$ 3478.00,1
2879,09:30:00,$ 3478.00,1
2880,09:30:00,$ 3478.00,1
2881,09:30:00,$ 3478.00,1
2882,09:30:00,$ 3478.00,1
2883,09:30:00,$ 3478.00,1
2884,09:30:00,$ 3478.00,1
2885,09:30:00,$ 3478.00,1
2886,09:30:00,$ 3478.00,1
2887,09:30:00,$ 3478.00,1
2888,09:30:00,$ 3478.00,1
2889,09:30:00,$ 3478.00,1
2890,09:30:00,$ 3478.00,1
2891,09:30:00,$ 3478.00,1
2892,09:30:00,$ 3478.00,1
2893,09:30:00,$ 3478.00,1
2894,09:30:00,$ 3478.00,1
2895,09:30:00,$ 3478.00,20
2896,09:30:00,$ 3478.00,100
2897,09:30:00,$ 3478.00,4
2899,09:30:00,$ 3478.00,1
2900,09:30:00,$ 3478.00,1
2901,09:30:00,$ 3478.00,10
2902,09:30:00,$ 3478.00,10
2903,09:30:00,$ 3478.00,2
2904,09:30:00,$ 3478.00,1
2905,09:30:00,$ 3478.00,10
2906,09:30:00,$ 3478.00,2
2907,09:30:00,$ 3478.00,10
2908,09:30:00,$ 3478.00,7
2909,09:30:00,$ 3478.00,4
2910,09:30:00,$ 3478.00,6
2911,09:30:00,$ 3478.00,1
2912,09:30:00,$ 3478.00,1
2913,09:30:00,$ 3478.00,5
2914,09:30:00,$ 3478.00,1
2915,09:30:00,$ 3478.00,1
2916,09:30:00,$ 3478.00,3
2917,09:30:00,$ 3478.00,11
2918,09:30:00,$ 3478.00,33
2920,09:30:00,$ 3478.00,11
2921,09:30:00,$ 3478.00,20
2922,09:30:00,$ 3478.00,48
2923,09:30:00,$ 3478.00,15
2924,09:30:00,$ 3478.00,16
2925,09:30:00,$ 3478.00,1
2926,09:30:00,$ 3478.00,47
2927,09:30:00,$ 3478.00,1
2928,09:30:00,$ 3478.00,44
2929,09:30:00,$ 3478.00,2
2930,09:30:00,$ 3478.00,2
2931,09:30:00,$ 3478.00,1
2932,09:30:00,$ 3478.00,10
2933,09:30:00,$ 3478.00,3
2934,09:30:00,$ 3478.00,1
2935,09:30:00,$ 3478.00,1
2936,09:30:00,$ 3478.00,1
2937,09:30:00,$ 3478.00,1
2938,09:30:00,$ 3478.00,45
2939,09:30:00,$ 3478.00,97
2941,09:30:00,$ 3478.00,75
2942,09:30:00,$ 3478.00,62
2943,09:30:00,$ 3478.00,40
2944,09:30:00,$ 3478.00,440
2945,09:30:00,$ 3478.00,2
2946,09:30:00,$ 3478.00,1
2947,09:30:00,$ 3478.00,214
2948,09:30:00,$ 3478.00,3
2949,09:30:00,$ 3478.00,20
2950,09:30:00,$ 3478.00,424
2951,09:30:00,$ 3478.00,23
2952,09:30:00,$ 3478.00,12
2953,09:30:00,$ 3478.00,10
2954,09:30:00,$ 3478.00,338
2955,09:30:00,$ 3478.00,3
2956,09:30:00,$ 3478.00,384
2957,09:30:00,$ 3478.00,1
2958,09:30:00,$ 3478.00,8
2959,09:30:00,$ 3478.00,7
2960,09:30:00,$ 3478.00,1
2962,09:30:00,$ 3478.00,1
2963,09:30:00,$ 3478.00,1
2964,09:30:00,$ 3478.00,3
2965,09:30:00,$ 3478.00,10
2966,09:30:00,$ 3478.00,67
2967,09:30:00,$ 3478.00,1
2968,09:30:00,$ 3478.00,7
2969,09:30:00,$ 3478.00,10
2970,09:30:00,$ 3478.00,1
2971,09:30:00,$ 3478.00,1
2972,09:30:00,$ 3478.00,5
2973,09:30:00,$ 3478.00,6
2974,09:30:00,$ 3478.00,17
2975,09:30:00,$ 3478.00,20
2976,09:30:00,$ 3478.00,46
2977,09:30:00,$ 3478.00,68
2978,09:30:00,$ 3478.00,273
2979,09:30:00,$ 3478.00,1
2980,09:30:00,$ 3478.00,10
2981,09:30:00,$ 3478.00,1
2983,09:30:00,$ 3478.00,2
2984,09:30:00,$ 3478.00,1
2985,09:30:00,$ 3478.00,17
2986,09:30:00,$ 3478.00,4
2987,09:30:00,$ 3478.00,1
2988,09:30:00,$ 3478.00,5
2989,09:30:00,$ 3478.00,5
2990,09:30:00,$ 3478.00,12
2991,09:30:00,$ 3478.00,1
2992,09:30:00,$ 3478.00,10
2993,09:30:00,$ 3478.00,2
2994,09:30:00,$ 3478.00,1
2995,09:30:00,$ 3478.00,66
2996,09:30:00,$ 3478.00,200
2997,09:30:00,$ 3478.00,1
2998,09:30:00,$ 3478.00,1
2999,09:30:00,$ 3478.00,8
3000,09:30:00,$ 3478.00,63
3001,09:30:00,$ 3478.00,2
3002,09:30:00,$ 3478.00,6
3004,09:30:00,$ 3478.00,1
3005,09:30:00,$ 3478.00,1
3006,09:30:00,$ 3478.00,1
3007,09:30:00,$ 3478.00,5
3008,09:30:00,$ 3478.00,9
3009,09:30:00,$ 3478.00,16
3010,09:30:00,$ 3478.00,6
3011,09:30:00,$ 3478.00,26
3012,09:30:00,$ 3478.00,17
3013,09:30:00,$ 3478.00,1
3014,09:30:00,$ 3478.00,28
3015,09:30:00,$ 3478.00,3
3016,09:30:00,$ 3478.00,166
3017,09:30:00,$ 3478.00,5
3018,09:30:00,$ 3478.00,100
3019,09:30:00,$ 3478.00,20
3020,09:30:00,$ 3478.00,75
3021,09:30:00,$ 3478.00,1
3022,09:30:00,$ 3478.00,1
3023,09:30:00,$ 3478.00,3
3025,09:30:00,$ 3478.00,1
3026,09:30:00,$ 3478.00,2
3027,09:30:00,$ 3478.00,13
3028,09:30:00,$ 3478.00,1
3029,09:30:00,$ 3478.00,2
3030,09:30:00,$ 3478.00,10
3031,09:30:00,$ 3478.00,83
3032,09:30:00,$ 3478.00,9
3033,09:30:00,$ 3478.00,1
3034,09:30:00,$ 3478.00,8
3035,09:30:00,$ 3478.00,1
3036,09:30:00,$ 3478.00,34
3037,09:30:00,$ 3478.00,1
3038,09:30:00,$ 3478.00,1
3039,09:30:00,$ 3478.00,14
3040,09:30:00,$ 3478.00,18
3041,09:30:00,$ 3478.00,16
3042,09:30:00,$ 3478.00,17
3043,09:30:00,$ 3478.00,23
3044,09:30:00,$ 3478.00,1
3046,09:30:00,$ 3478.00,1
3047,09:30:00,$ 3478.00,1
3048,09:30:00,$ 3478.00,16
3049,09:30:00,$ 3478.00,7
3050,09:30:00,$ 3478.00,1
3051,09:30:00,$ 3478.00,1
3052,09:30:00,$ 3478.00,1
3053,09:30:00,$ 3478.00,119
3054,09:30:00,$ 3478.00,1
3055,09:30:00,$ 3478.00,2
3056,09:30:00,$ 3478.00,1
3057,09:30:00,$ 3478.00,4
3058,09:30:00,$ 3478.00,6
3059,09:30:00,$ 3478.00,1
3060,09:30:00,$ 3478.00,1
3061,09:30:00,$ 3478.00,2
3062,09:30:00,$ 3478.00,1
3063,09:30:00,$ 3478.00,15
3064,09:30:00,$ 3478.00,2
3065,09:30:00,$ 3478.00,1
3067,09:30:00,$ 3478.00,1
3068,09:30:00,$ 3478.00,1
3069,09:30:00,$ 3478.00,10
3070,09:30:00,$ 3478.00,1
3071,09:30:00,$ 3478.00,5
3072,09:30:00,$ 3478.00,1
3073,09:30:00,$ 3478.00,1
3074,09:30:00,$ 3478.00,10
3075,09:30:00,$ 3478.00,17
3076,09:30:00,$ 3478.00,1
3077,09:30:00,$ 3478.00,1
3078,09:30:00,$ 3478.00,2
3079,09:30:00,$ 3478.00,1
3080,09:30:00,$ 3478.00,4
3081,09:30:00,$ 3478.00,1
3082,09:30:00,$ 3478.00,2
3083,09:30:00,$ 3478.00,2
3084,09:30:00,$ 3478.00,80
3085,09:30:00,$ 3478.00,2
3086,09:30:00,$ 3478.00,2
3088,09:30:00,$ 3478.00,2
3089,09:30:00,$ 3478.00,2
3090,09:30:00,$ 3478.00,5
3091,09:30:00,$ 3478.00,6
3092,09:30:00,$ 3478.00,1
3093,09:30:00,$ 3478.00,3
3094,09:30:00,$ 3478.00,3
3095,09:30:00,$ 3478.00,2
3096,09:30:00,$ 3478.00,26
3097,09:30:00,$ 3478.00,20
3098,09:30:00,$ 3478.00,10
3099,09:30:00,$ 3478.00,1
3100,09:30:00,$ 3478.00,3
3101,09:30:00,$ 3478.00,51
3102,09:30:00,$ 3478.00,2
3103,09:30:00,$ 3478.00,2
3104,09:30:00,$ 3478.00,2
3105,09:30:00,$ 3478.00,1
3106,09:30:00,$ 3478.00,1
3107,09:30:00,$ 3478.00,19
3109,09:30:00,$ 3478.00,500
3110,09:30:00,$ 3478.00,3
3111,09:30:00,$ 3478.00,5
3112,09:30:00,$ 3478.00,1
3113,09:30:00,$ 3478.00,1
3114,09:30:00,$ 3478.00,3
3115,09:30:00,$ 3478.00,15
3116,09:30:00,$ 3478.00,2
3117,09:30:00,$ 3478.00,3
3118,09:30:00,$ 3478.00,1
3119,09:30:00,$ 3478.00,2
3120,09:30:00,$ 3478.00,1
3121,09:30:00,$ 3478.00,1
3122,09:30:00,$ 3478.00,1
3123,09:30:00,$ 3478.00,2
3124,09:30:00,$ 3478.00,1
3125,09:30:00,$ 3478.00,206
3126,09:30:00,$ 3478.00,50
3127,09:30:00,$ 3478.00,4
3128,09:30:00,$ 3478.00,"2,000"
3130,09:30:00,$ 3478.00,10
3131,09:30:00,$ 3478.00,10
3132,09:30:00,$ 3478.00,2
3133,09:30:00,$ 3478.00,1
3134,09:30:00,$ 3478.00,28
3135,09:30:00,$ 3478.00,10
3136,09:30:00,$ 3478.00,9
3137,09:30:00,$ 3478.00,2
3138,09:30:00,$ 3478.00,1
3139,09:30:00,$ 3478.00,1
3140,09:30:00,$ 3478.00,2
3141,09:30:00,$ 3478.00,1
3142,09:30:00,$ 3478.00,1
3143,09:30:00,$ 3478.00,5
3144,09:30:00,$ 3478.00,83
3145,09:30:00,$ 3478.00,1
3146,09:30:00,$ 3478.00,2
3147,09:30:00,$ 3478.00,100
3148,09:30:00,$ 3478.00,1
3149,09:30:00,$ 3478.00,1
3151,09:30:00,$ 3478.00,4
3152,09:30:00,$ 3478.00,2
3153,09:30:00,$ 3478.00,1
3154,09:30:00,$ 3478.00,1
3155,09:30:00,$ 3478.00,1
3156,09:30:00,$ 3478.00,5
3157,09:30:00,$ 3478.00,2
3158,09:30:00,$ 3478.00,5
3159,09:30:00,$ 3478.00,1
3160,09:30:00,$ 3478.00,4
3161,09:30:00,$ 3478.00,1
3162,09:30:00,$ 3478.00,2
3163,09:30:00,$ 3478.00,120
3164,09:30:00,$ 3478.00,10
3165,09:30:00,$ 3478.00,1
3166,09:30:00,$ 3478.00,3
3167,09:30:00,$ 3478.00,5
3168,09:30:00,$ 3478.00,3
3169,09:30:00,$ 3478.00,3
3170,09:30:00,$ 3478.00,2
3172,09:30:00,$ 3478.00,7
3173,09:30:00,$ 3478.00,1
3174,09:30:00,$ 3478.00,2
3175,09:30:00,$ 3478.00,1
3176,09:30:00,$ 3478.00,1
3177,09:30:00,$ 3478.00,2
3178,09:30:00,$ 3478.00,1
3179,09:30:00,$ 3478.00,2
3180,09:30:00,$ 3478.00,4
3181,09:30:00,$ 3478.00,1
3182,09:30:00,$ 3478.00,1
3183,09:30:00,$ 3478.00,8
3184,09:30:00,$ 3478.00,6
3185,09:30:00,$ 3478.00,1
3186,09:30:00,$ 3478.00,1
3187,09:30:00,$ 3478.00,2
3188,09:30:00,$ 3478.00,2
3189,09:30:00,$ 3478.00,1
3190,09:30:00,$ 3478.00,1
3191,09:30:00,$ 3478.00,1
3193,09:30:00,$ 3478.00,1
3194,09:30:00,$ 3478.00,1
3195,09:30:00,$ 3478.00,6
3196,09:30:00,$ 3478.00,1
3197,09:30:00,$ 3478.00,43
3198,09:30:00,$ 3478.00,5
3199,09:30:00,$ 3478.00,1
3200,09:30:00,$ 3478.00,1
3201,09:30:00,$ 3478.00,15
3202,09:30:00,$ 3478.00,2
3203,09:30:00,$ 3478.00,8
3204,09:30:00,$ 3478.00,1
3205,09:30:00,$ 3478.00,1
3206,09:30:00,$ 3478.00,12
3207,09:30:00,$ 3478.00,1
3208,09:30:00,$ 3478.00,2
3209,09:30:00,$ 3478.00,1
3210,09:30:00,$ 3478.00,1
3211,09:30:00,$ 3478.00,2
3212,09:30:00,$ 3478.00,2
3214,09:30:00,$ 3478.00,4
3215,09:30:00,$ 3478.00,1
3216,09:30:00,$ 3478.00,1
3217,09:30:00,$ 3478.00,3
3218,09:30:00,$ 3478.00,1
3219,09:30:00,$ 3478.00,8
3220,09:30:00,$ 3478.00,1
3221,09:30:00,$ 3478.00,12
3222,09:30:00,$ 3478.00,3
3223,09:30:00,$ 3478.00,1
3224,09:30:00,$ 3478.00,1
3225,09:30:00,$ 3478.00,1
3226,09:30:00,$ 3478.00,3
3227,09:30:00,$ 3478.00,1
3228,09:30:00,$ 3478.00,1
3229,09:30:00,$ 3478.00,1
3230,09:30:00,$ 3478.00,1
3231,09:30:00,$ 3478.00,3
3232,09:30:00,$ 3478.00,14
3233,09:30:00,$ 3478.00,5
3235,09:30:00,$ 3478.00,3
3236,09:30:00,$ 3478.00,8
3237,09:30:00,$ 3478.00,4
3238,09:30:00,$ 3478.00,5
3239,09:30:00,$ 3478.00,150
3240,09:30:00,$ 3478.00,33
3241,09:30:00,$ 3478.00,3
3242,09:30:00,$ 3478.00,11
3243,09:30:00,$ 3478.00,1
3244,09:30:00,$ 3478.00,1
3245,09:30:00,$ 3478.00,5
3246,09:30:00,$ 3478.00,5
3247,09:30:00,$ 3478.00,1
3248,09:30:00,$ 3478.00,20
3249,09:30:00,$ 3478.00,2
3250,09:30:00,$ 3478.00,3
3251,09:30:00,$ 3478.00,2
3252,09:30:00,$ 3478.00,2
3253,09:30:00,$ 3478.00,3
3254,09:30:00,$ 3478.00,7
3256,09:30:00,$ 3478.00,5
3257,09:30:00,$ 3478.00,3
3258,09:30:00,$ 3478.00,3
3259,09:30:00,$ 3478.00,4
3260,09:30:00,$ 3478.00,10
3261,09:30:00,$ 3478.00,4
3262,09:30:00,$ 3478.00,1
3263,09:30:00,$ 3478.00,10
3264,09:30:00,$ 3478.00,2
3265,09:30:00,$ 3478.00,1
3266,09:30:00,$ 3478.00,14
3267,09:30:00,$ 3478.00,10
3268,09:30:00,$ 3478.00,1
3269,09:30:00,$ 3478.00,40
3270,09:30:00,$ 3478.00,1
3271,09:30:00,$ 3478.00,2
3272,09:30:00,$ 3478.00,95
3273,09:30:00,$ 3478.00,6
3274,09:30:00,$ 3478.00,4
3275,09:30:00,$ 3478.00,2
3277,09:30:00,$ 3478.00,3
3278,09:30:00,$ 3478.00,2
3279,09:30:00,$ 3478.00,1
3280,09:30:00,$ 3478.00,1
3281,09:30:00,$ 3478.00,1
3282,09:30:00,$ 3478.00,1
3283,09:30:00,$ 3478.00,1
3284,09:30:00,$ 3478.00,29
3285,09:30:00,$ 3478.00,5
3286,09:30:00,$ 3478.00,26
3287,09:30:00,$ 3478.00,35
3288,09:30:00,$ 3478.00,17
3289,09:30:00,$ 3478.00,2
3290,09:30:00,$ 3478.00,1
3291,09:30:00,$ 3478.00,100
3292,09:30:00,$ 3478.00,4
3293,09:30:00,$ 3478.00,25
3294,09:30:00,$ 3478.00,35
3295,09:30:00,$ 3478.00,1
3296,09:30:00,$ 3478.00,13
3298,09:30:00,$ 3478.00,1
3299,09:30:00,$ 3478.00,7
3300,09:30:00,$ 3478.00,32
3301,09:30:00,$ 3478.00,1
3302,09:30:00,$ 3478.00,2
3303,09:30:00,$ 3478.00,5
3304,09:30:00,$ 3478.00,4
3305,09:30:00,$ 3478.00,2
3306,09:30:00,$ 3478.00,1
3307,09:30:00,$ 3478.00,30
3308,09:30:00,$ 3478.00,1
3309,09:30:00,$ 3478.00,28
3310,09:30:00,$ 3478.00,14
3311,09:30:00,$ 3478.00,2
3312,09:30:00,$ 3478.00,1
3313,09:30:00,$ 3478.00,1
3314,09:30:00,$ 3478.00,1
3315,09:30:00,$ 3478.00,2
3316,09:30:00,$ 3478.00,1
3317,09:30:00,$ 3478.00,6
3319,09:30:00,$ 3478.00,1
3320,09:30:00,$ 3478.00,1
3321,09:30:00,$ 3478.00,3
3322,09:30:00,$ 3478.00,1
3323,09:30:00,$ 3478.00,2
3324,09:30:00,$ 3478.00,1
3325,09:30:00,$ 3478.00,1
3326,09:30:00,$ 3478.00,1
3327,09:30:00,$ 3478.00,2
3328,09:30:00,$ 3478.00,1
3329,09:30:00,$ 3478.00,1
3330,09:30:00,$ 3478.00,3
3331,09:30:00,$ 3478.00,1
3332,09:30:00,$ 3478.00,1
3333,09:30:00,$ 3478.00,15
3334,09:30:00,$ 3478.00,4
3335,09:30:00,$ 3478.00,5
3336,09:30:00,$ 3478.00,1
3337,09:30:00,$ 3478.00,1
3338,09:30:00,$ 3478.00,10
3340,09:30:00,$ 3478.00,73
3341,09:30:00,$ 3478.00,8
3342,09:30:00,$ 3478.00,2
3343,09:30:00,$ 3478.00,1
3344,09:30:00,$ 3478.00,2
3345,09:30:00,$ 3478.00,1
3346,09:30:00,$ 3478.00,1
3347,09:30:00,$ 3478.00,1
3348,09:30:00,$ 3478.00,87
3349,09:30:00,$ 3478.00,1
3350,09:30:00,$ 3478.00,1
3351,09:30:00,$ 3478.00,2
3352,09:30:00,$ 3478.00,7
3353,09:30:00,$ 3478.00,2
3354,09:30:00,$ 3478.00,1
3355,09:30:00,$ 3478.00,1
3356,09:30:00,$ 3478.00,3
3357,09:30:00,$ 3478.00,2
3358,09:30:00,$ 3478.00,2
3359,09:30:00,$ 3478.00,4
3361,09:30:00,$ 3478.00,1
3362,09:30:00,$ 3478.00,1
3363,09:30:00,$ 3478.00,1
3364,09:30:00,$ 3478.00,2
3365,09:30:00,$ 3478.00,3
3366,09:30:00,$ 3478.00,2
3367,09:30:00,$ 3478.00,4
3368,09:30:00,$ 3478.00,1
3369,09:30:00,$ 3478.00,2
3370,09:30:00,$ 3478.00,1
3371,09:30:00,$ 3478.00,1
3372,09:30:00,$ 3478.00,3
3373,09:30:00,$ 3478.00,1
3374,09:30:00,$ 3478.00,2
3375,09:30:00,$ 3478.00,1
3376,09:30:00,$ 3478.00,5
3377,09:30:00,$ 3478.00,5
3378,09:30:00,$ 3478.00,3
3379,09:30:00,$ 3478.00,4
3380,09:30:00,$ 3478.00,1
3382,09:30:00,$ 3478.00,2
3383,09:30:00,$ 3478.00,1
3384,09:30:00,$ 3478.00,1
3385,09:30:00,$ 3478.00,15
3386,09:30:00,$ 3478.00,2
3387,09:30:00,$ 3478.00,2
3388,09:30:00,$ 3478.00,6
3389,09:30:00,$ 3478.00,1
3390,09:30:00,$ 3478.00,3
3391,09:30:00,$ 3478.00,21
3392,09:30:00,$ 3478.00,4
3393,09:30:00,$ 3478.00,2
3394,09:30:00,$ 3478.00,5
3395,09:30:00,$ 3478.00,10
3396,09:30:00,$ 3478.00,10
3397,09:30:00,$ 3478.00,2
3398,09:30:00,$ 3478.00,3
3399,09:30:00,$ 3478.00,2
3400,09:30:00,$ 3478.00,5
3401,09:30:00,$ 3478.00,10
3403,09:30:00,$ 3478.00,3
3404,09:30:00,$ 3478.00,25
3405,09:30:00,$ 3478.00,2
3406,09:30:00,$ 3478.00,200
3407,09:30:00,$ 3478.00,1
3408,09:30:00,$ 3478.00,4
3409,09:30:00,$ 3478.00,1
3410,09:30:00,$ 3478.00,1
3411,09:30:00,$ 3478.00,14
3412,09:30:00,$ 3478.00,1
3413,09:30:00,$ 3478.00,1
3414,09:30:00,$ 3478.00,3
3415,09:30:00,$ 3478.00,5
3416,09:30:00,$ 3478.00,5
3417,09:30:00,$ 3478.00,3
3418,09:30:00,$ 3478.00,9
3419,09:30:00,$ 3478.00,1
3420,09:30:00,$ 3478.00,10
3421,09:30:00,$ 3478.00,1
3422,09:30:00,$ 3478.00,2
3424,09:30:00,$ 3478.00,2
3425,09:30:00,$ 3478.00,1
3426,09:30:00,$ 3478.00,1
3427,09:30:00,$ 3478.00,1
3428,09:30:00,$ 3478.00,2
3429,09:30:00,$ 3478.00,1
3430,09:30:00,$ 3478.00,1
3431,09:30:00,$ 3478.00,2
3432,09:30:00,$ 3478.00,2
3433,09:30:00,$ 3478.00,2
3434,09:30:00,$ 3478.00,8
3435,09:30:00,$ 3478.00,1
3436,09:30:00,$ 3478.00,3
3437,09:30:00,$ 3478.00,2
3438,09:30:00,$ 3478.00,7
3439,09:30:00,$ 3478.00,6
3440,09:30:00,$ 3478.00,1
3441,09:30:00,$ 3478.00,2
3442,09:30:00,$ 3478.00,5
3443,09:30:00,$ 3478.00,2
3445,09:30:00,$ 3478.00,1
3446,09:30:00,$ 3478.00,1
3447,09:30:00,$ 3478.00,1
3448,09:30:00,$ 3478.00,5
3449,09:30:00,$ 3478.00,5
3450,09:30:00,$ 3478.00,1
3451,09:30:00,$ 3478.00,16
3452,09:30:00,$ 3478.00,25
3453,09:30:00,$ 3478.00,1
3454,09:30:00,$ 3478.00,3
3455,09:30:00,$ 3478.00,1
3456,09:30:00,$ 3478.00,1
3457,09:30:00,$ 3478.00,2
3458,09:30:00,$ 3478.00,1
3459,09:30:00,$ 3478.00,1
3460,09:30:00,$ 3478.00,1
3461,09:30:00,$ 3478.00,186
3462,09:30:00,$ 3478.00,100
3463,09:30:00,$ 3478.00,100
3464,09:30:00,$ 3478.00,5
3466,09:30:00,$ 3478.00,200
3467,09:30:00,$ 3478.00,10
3468,09:30:00,$ 3478.00,1
3469,09:30:00,$ 3478.00,1
3470,09:30:00,$ 3478.00,1
3471,09:30:00,$ 3478.00,1
3472,09:30:00,$ 3478.00,2
3473,09:30:00,$ 3478.00,1
3474,09:30:00,$ 3478.00,2
3475,09:30:00,$ 3478.00,29
3476,09:30:00,$ 3478.00,29
3477,09:30:00,$ 3478.00,7
3478,09:30:00,$ 3478.00,30
3479,09:30:00,$ 3478.00,30
3480,09:30:00,$ 3478.00,4
3481,09:30:00,$ 3478.00,8
3482,09:30:00,$ 3478.00,1
3483,09:30:00,$ 3478.00,1
3484,09:30:00,$ 3478.00,1
3485,09:30:00,$ 3478.00,2
3487,09:30:00,$ 3478.00,4
3488,09:30:00,$ 3478.00,1
3489,09:30:00,$ 3478.00,29
3490,09:30:00,$ 3478.00,4
3491,09:30:00,$ 3478.00,1
3492,09:30:00,$ 3478.00,2
3493,09:30:00,$ 3478.00,1
3494,09:30:00,$ 3478.00,29
3495,09:30:00,$ 3478.00,30
3496,09:30:00,$ 3478.00,5
3497,09:30:00,$ 3478.00,30
3498,09:30:00,$ 3478.00,9
3499,09:30:00,$ 3478.00,3
3500,09:30:00,$ 3478.00,5
3501,09:30:00,$ 3478.00,3
3502,09:30:00,$ 3478.00,3
3503,09:30:00,$ 3478.00,2
3504,09:30:00,$ 3478.00,30
3505,09:30:00,$ 3478.00,27
3506,09:30:00,$ 3478.00,5
3508,09:30:00,$ 3478.00,1
3509,09:30:00,$ 3478.00,1
3510,09:30:00,$ 3478.00,4
3511,09:30:00,$ 3478.00,5
3512,09:30:00,$ 3478.00,22
3513,09:30:00,$ 3478.00,15
3514,09:30:00,$ 3478.00,10
3515,09:30:00,$ 3478.00,5
3516,09:30:00,$ 3478.00,5
3517,09:30:00,$ 3478.00,3
3518,09:30:00,$ 3478.00,2
3519,09:30:00,$ 3478.00,3
3520,09:30:00,$ 3478.00,10
3521,09:30:00,$ 3478.00,2
3522,09:30:00,$ 3478.00,1
3523,09:30:00,$ 3478.00,4
3524,09:30:00,$ 3478.00,1
3525,09:30:00,$ 3478.00,1
3526,09:30:00,$ 3478.00,4
3527,09:30:00,$ 3478.00,2
3529,09:30:00,$ 3478.00,3
3530,09:30:00,$ 3478.00,3
3531,09:30:00,$ 3478.00,12
3532,09:30:00,$ 3478.00,6
3533,09:30:00,$ 3478.00,3
3534,09:30:00,$ 3478.00,1
3535,09:30:00,$ 3478.00,3
3536,09:30:00,$ 3478.00,50
3537,09:30:00,$ 3478.00,3
3538,09:30:00,$ 3478.00,20
3539,09:30:00,$ 3478.00,14
3540,09:30:00,$ 3478.00,3
3541,09:30:00,$ 3478.00,1
3542,09:30:00,$ 3478.00,15
3543,09:30:00,$ 3478.00,1
3544,09:30:00,$ 3478.00,1
3545,09:30:00,$ 3478.00,1
3546,09:30:00,$ 3478.00,4
3547,09:30:00,$ 3478.00,3
3548,09:30:00,$ 3478.00,1
3550,09:30:00,$ 3478.00,18
3551,09:30:00,$ 3478.00,10
3552,09:30:00,$ 3478.00,10
3553,09:30:00,$ 3478.00,7
3554,09:30:00,$ 3478.00,5
3555,09:30:00,$ 3478.00,30
3556,09:30:00,$ 3478.00,1
3557,09:30:00,$ 3478.00,5
3558,09:30:00,$ 3478.00,2
3559,09:30:00,$ 3478.00,1
3560,09:30:00,$ 3478.00,10
3561,09:30:00,$ 3478.00,5
3562,09:30:00,$ 3478.00,39
3563,09:30:00,$ 3478.00,30
3564,09:30:00,$ 3478.00,6
3565,09:30:00,$ 3478.00,6
3566,09:30:00,$ 3478.00,5
3567,09:30:00,$ 3478.00,1
3568,09:30:00,$ 3478.00,9
3569,09:30:00,$ 3478.00,5
3571,09:30:00,$ 3478.00,8
3572,09:30:00,$ 3478.00,5
3573,09:30:00,$ 3478.00,3
3574,09:30:00,$ 3478.00,1
3575,09:30:00,$ 3478.00,1
3576,09:30:00,$ 3478.00,1
3577,09:30:00,$ 3478.00,2
3578,09:30:00,$ 3478.00,1
3579,09:30:00,$ 3478.00,1
3580,09:30:00,$ 3478.00,1
3581,09:30:00,$ 3478.00,20
3582,09:30:00,$ 3478.00,3
3583,09:30:00,$ 3478.00,1
3584,09:30:00,$ 3478.00,2
3585,09:30:00,$ 3478.00,287
3586,09:30:00,$ 3478.00,1
3587,09:30:00,$ 3478.00,4
3588,09:30:00,$ 3478.00,4
3589,09:30:00,$ 3478.00,2
3590,09:30:00,$ 3478.00,1
3592,09:30:00,$ 3478.00,189
3593,09:30:00,$ 3478.00,12
3594,09:30:00,$ 3478.00,57
3595,09:30:00,$ 3478.00,1
3596,09:30:00,$ 3478.00,22
3597,09:30:00,$ 3478.00,10
3598,09:30:00,$ 3478.00,1
3599,09:30:00,$ 3478.00,1
3600,09:30:00,$ 3478.00,1
3601,09:30:00,$ 3478.00,1
3602,09:30:00,$ 3478.00,1
3603,09:30:00,$ 3478.00,3
3604,09:30:00,$ 3478.00,4
3605,09:30:00,$ 3478.00,1
3606,09:30:00,$ 3478.00,1
3607,09:30:00,$ 3478.00,2
3608,09:30:00,$ 3478.00,2
3609,09:30:00,$ 3478.00,8
3610,09:30:00,$ 3478.00,1
3611,09:30:00,$ 3478.00,50
3613,09:30:00,$ 3478.00,34
3614,09:30:00,$ 3478.00,2
3615,09:30:00,$ 3478.00,3
3616,09:30:00,$ 3478.00,1
3617,09:30:00,$ 3478.00,1
3618,09:30:00,$ 3478.00,1
3619,09:30:00,$ 3478.00,1
3620,09:30:00,$ 3478.00,1
3621,09:30:00,$ 3478.00,1
3622,09:30:00,$ 3478.00,1
3623,09:30:00,$ 3478.00,1
3624,09:30:00,$ 3478.00,1
3625,09:30:00,$ 3478.00,1
3626,09:30:00,$ 3478.00,1
3627,09:30:00,$ 3478.00,1
3628,09:30:00,$ 3478.00,1
3629,09:30:00,$ 3478.00,1
3630,09:30:00,$ 3478.00,1
3631,09:30:00,$ 3478.00,1
3632,09:30:00,$ 3478.00,1
3634,09:30:00,$ 3478.00,1
3635,09:30:00,$ 3478.00,1
3636,09:30:00,$ 3478.00,1
3637,09:30:00,$ 3478.00,1
3638,09:30:00,$ 3478.00,1
3639,09:30:00,$ 3478.00,1
3640,09:30:00,$ 3478.00,1
3641,09:30:00,$ 3478.00,1
3642,09:30:00,$ 3478.00,2
3643,09:30:00,$ 3478.00,4
3644,09:30:00,$ 3478.00,11
3645,09:30:00,$ 3478.00,5
3646,09:30:00,$ 3478.00,6
3647,09:30:00,$ 3478.00,9
3648,09:30:00,$ 3478.00,2
3649,09:30:00,$ 3478.00,1
3650,09:30:00,$ 3478.00,1
3651,09:30:00,$ 3478.00,1
3652,09:30:00,$ 3478.00,1
3653,09:30:00,$ 3478.00,1
3655,09:30:00,$ 3478.00,1
3656,09:30:00,$ 3478.00,1
3657,09:30:00,$ 3478.00,1
3658,09:30:00,$ 3478.00,1
3659,09:30:00,$ 3478.00,1
3660,09:30:00,$ 3478.00,1
3661,09:30:00,$ 3478.00,1
3662,09:30:00,$ 3478.00,1
3663,09:30:00,$ 3478.00,1
3664,09:30:00,$ 3478.00,1
3665,09:30:00,$ 3478.00,1
3666,09:30:00,$ 3478.00,1
3667,09:30:00,$ 3478.00,2
3668,09:30:00,$ 3478.00,1
3669,09:30:00,$ 3478.00,1
3670,09:30:00,$ 3478.00,2
3671,09:30:00,$ 3478.00,1
3672,09:30:00,$ 3478.00,1
3673,09:30:00,$ 3478.00,1
3674,09:30:00,$ 3478.00,1
3676,09:30:00,$ 3478.00,1
3677,09:30:00,$ 3478.00,1
3678,09:30:00,$ 3478.00,1
3679,09:30:00,$ 3478.00,1
3680,09:30:00,$ 3478.00,1
3681,09:30:00,$ 3478.00,1
3682,09:30:00,$ 3478.00,1
3683,09:30:00,$ 3478.00,1
3684,09:30:00,$ 3478.00,3
3685,09:30:00,$ 3478.00,1
3686,09:30:00,$ 3478.00,1
3687,09:30:00,$ 3478.00,3
3688,09:30:00,$ 3478.00,1
3689,09:30:00,$ 3478.00,1
3690,09:30:00,$ 3478.00,6
3691,09:30:00,$ 3478.00,2
3692,09:30:00,$ 3478.00,2
3693,09:30:00,$ 3478.00,2
3694,09:30:00,$ 3478.00,4
3695,09:30:00,$ 3478.00,3
3697,09:30:00,$ 3478.00,1
3698,09:30:00,$ 3478.00,9
3699,09:30:00,$ 3478.00,4
3700,09:30:00,$ 3478.00,1
3701,09:30:00,$ 3478.00,1
3702,09:30:00,$ 3478.00,1
3703,09:30:00,$ 3478.00,1
3704,09:30:00,$ 3478.00,1
3705,09:30:00,$ 3478.00,1
3706,09:30:00,$ 3478.00,1
3707,09:30:00,$ 3478.00,1
3708,09:30:00,$ 3478.00,1
3709,09:30:00,$ 3478.00,1
3710,09:30:00,$ 3478.00,1
3711,09:30:00,$ 3478.00,1
3712,09:30:00,$ 3478.00,1
3713,09:30:00,$ 3478.00,1
3714,09:30:00,$ 3478.00,1
3715,09:30:00,$ 3478.00,1
3716,09:30:00,$ 3478.00,1
3718,09:30:00,$ 3478.00,1
3719,09:30:00,$ 3478.00,1
3720,09:30:00,$ 3478.00,1
3721,09:30:00,$ 3478.00,1
3722,09:30:00,$ 3478.00,1
3723,09:30:00,$ 3478.00,1
3724,09:30:00,$ 3478.00,1
3725,09:30:00,$ 3478.00,1
3726,09:30:00,$ 3478.00,1
3727,09:30:00,$ 3478.00,1
3728,09:30:00,$ 3478.00,1
3729,09:30:00,$ 3478.00,1
3730,09:30:00,$ 3478.00,1
3731,09:30:00,$ 3478.00,1
3732,09:30:00,$ 3478.00,1
3733,09:30:00,$ 3478.00,1
3734,09:30:00,$ 3478.00,1
3735,09:30:00,$ 3478.00,1
3736,09:30:00,$ 3478.00,1
3737,09:30:00,$ 3478.00,1
3739,09:30:00,$ 3478.00,1
3740,09:30:00,$ 3478.00,1
3741,09:30:00,$ 3478.00,1
3742,09:30:00,$ 3478.00,1
3743,09:30:00,$ 3478.00,1
3744,09:30:00,$ 3478.00,1
3745,09:30:00,$ 3478.00,1
3746,09:30:00,$ 3478.00,1
3747,09:30:00,$ 3478.00,1
3748,09:30:00,$ 3478.00,1
3749,09:30:00,$ 3478.00,1
3750,09:30:00,$ 3478.00,1
3751,09:30:00,$ 3478.00,1
3752,09:30:00,$ 3478.00,1
3753,09:30:00,$ 3478.00,1
3754,09:30:00,$ 3478.00,1
3755,09:30:00,$ 3478.00,2
3756,09:30:00,$ 3478.00,6
3757,09:30:00,$ 3478.00,15
3758,09:30:00,$ 3478.00,43
3760,09:30:00,$ 3478.00,1
3761,09:30:00,$ 3478.00,2
3762,09:30:00,$ 3478.00,1
3763,09:30:00,$ 3478.00,13
3764,09:30:00,$ 3478.00,4
3765,09:30:00,$ 3478.00,5
3766,09:30:00,$ 3478.00,14
3767,09:30:00,$ 3478.00,1
3768,09:30:00,$ 3478.00,5
3769,09:30:00,$ 3478.00,1
3770,09:30:00,$ 3478.00,8
3771,09:30:00,$ 3478.00,10
3772,09:30:00,$ 3478.00,1
3773,09:30:00,$ 3478.00,1
3774,09:30:00,$ 3478.00,7
3775,09:30:00,$ 3478.00,6
3776,09:30:00,$ 3478.00,9
3777,09:30:00,$ 3478.00,1
3778,09:30:00,$ 3478.00,2
3779,09:30:00,$ 3478.00,2
3781,09:30:00,$ 3478.00,1
3782,09:30:00,$ 3478.00,11
3783,09:30:00,$ 3478.00,4
3784,09:30:00,$ 3478.00,10
3785,09:30:00,$ 3478.00,1
3786,09:30:00,$ 3478.00,60
3787,09:30:00,$ 3478.00,2
3788,09:30:00,$ 3478.00,2
3789,09:30:00,$ 3478.00,2
3790,09:30:00,$ 3478.00,1
3791,09:30:00,$ 3478.00,18
3792,09:30:00,$ 3478.00,5
3793,09:30:00,$ 3478.00,1
3794,09:30:00,$ 3478.00,2
3795,09:30:00,$ 3478.00,3
3796,09:30:00,$ 3478.00,2
3797,09:30:00,$ 3478.00,1
3798,09:30:00,$ 3478.00,1
3799,09:30:00,$ 3478.00,2
3800,09:30:00,$ 3478.00,5
3802,09:30:00,$ 3478.00,2
3803,09:30:00,$ 3478.00,120
3804,09:30:00,$ 3478.00,1
3805,09:30:00,$ 3478.00,3
3806,09:30:00,$ 3478.00,1
3807,09:30:00,$ 3478.00,1
3808,09:30:00,$ 3478.00,1
3809,09:30:00,$ 3478.00,1
3810,09:30:00,$ 3478.00,2
3811,09:30:00,$ 3478.00,2
3812,09:30:00,$ 3478.00,2
3813,09:30:00,$ 3478.00,1
3814,09:30:00,$ 3478.00,1
3815,09:30:00,$ 3478.00,1
3816,09:30:00,$ 3478.00,1
3817,09:30:00,$ 3478.00,2
3818,09:30:00,$ 3478.00,2
3819,09:30:00,$ 3478.00,1
3820,09:30:00,$ 3478.00,2
3821,09:30:00,$ 3478.00,3
3823,09:30:00,$ 3478.00,9
3824,09:30:00,$ 3478.00,1
3825,09:30:00,$ 3478.00,2
3826,09:30:00,$ 3478.00,4
3827,09:30:00,$ 3478.00,1
3828,09:30:00,$ 3478.00,1
3829,09:30:00,$ 3478.00,18
3830,09:30:00,$ 3478.00,1
3831,09:30:00,$ 3478.00,1
3832,09:30:00,$ 3478.00,1
3833,09:30:00,$ 3478.00,1
3834,09:30:00,$ 3478.00,2
3835,09:30:00,$ 3478.00,2
3836,09:30:00,$ 3478.00,1
3837,09:30:00,$ 3478.00,1
3838,09:30:00,$ 3478.00,2
3839,09:30:00,$ 3478.00,1
3840,09:30:00,$ 3478.00,2
3841,09:30:00,$ 3478.00,13
3842,09:30:00,$ 3478.00,42
3844,09:30:00,$ 3478.00,3
3845,09:30:00,$ 3478.00,1
3846,09:30:00,$ 3478.00,4
3847,09:30:00,$ 3478.00,200
3848,09:30:00,$ 3478.00,4
3849,09:30:00,$ 3478.00,1
3850,09:30:00,$ 3478.00,5
3851,09:30:00,$ 3478.00,50
3852,09:30:00,$ 3478.00,9
3853,09:30:00,$ 3478.00,1
3854,09:30:00,$ 3478.00,1
3855,09:30:00,$ 3478.00,37
3856,09:30:00,$ 3478.00,149
3857,09:30:00,$ 3478.00,1
3858,09:30:00,$ 3478.00,10
3859,09:30:00,$ 3478.00,2
3860,09:30:00,$ 3478.00,19
3861,09:30:00,$ 3478.00,100
3862,09:30:00,$ 3478.00,100
3863,09:30:00,$ 3478.00,14
3865,09:30:00,$ 3478.00,1
3866,09:30:00,$ 3478.00,100
3867,09:30:00,$ 3478.00,10
3868,09:30:00,$ 3478.00,3
3869,09:30:00,$ 3478.00,600
3870,09:30:00,$ 3478.00,1
3871,09:30:00,$ 3478.00,3
3872,09:30:00,$ 3478.00,30
3873,09:30:00,$ 3478.00,70
3874,09:30:00,$ 3478.00,86
3875,09:30:00,$ 3478.00,3
3876,09:30:00,$ 3478.00,5
3877,09:30:00,$ 3478.00,9
3878,09:30:00,$ 3478.00,1
3879,09:30:00,$ 3478.00,1
3880,09:30:00,$ 3478.00,200
3881,09:30:00,$ 3478.00,4
3882,09:30:00,$ 3478.00,21
3883,09:30:00,$ 3478.00,41
3884,09:30:00,$ 3478.00,20
3886,09:30:00,$ 3478.00,8
3887,09:30:00,$ 3478.00,2
3888,09:30:00,$ 3478.00,1
3889,09:30:00,$ 3478.00,1
3890,09:30:00,$ 3478.00,25
3891,09:30:00,$ 3478.00,93
3892,09:30:00,$ 3478.00,3
3893,09:30:00,$ 3478.00,3
3894,09:30:00,$ 3478.00,4
3895,09:30:00,$ 3478.00,3
3896,09:30:00,$ 3478.00,14
3897,09:30:00,$ 3478.00,140
3898,09:30:00,$ 3478.00,"2,500"
3899,09:30:00,$ 3478.00,140
3900,09:30:00,$ 3478.00,6
3901,09:30:00,$ 3478.00,9
3902,09:30:00,$ 3478.00,7
3903,09:30:00,$ 3478.00,254
3904,09:30:00,$ 3478.00,3
3905,09:30:00,$ 3478.00,10
3907,09:30:00,$ 3478.00,1
3908,09:30:00,$ 3478.00,4
3909,09:30:00,$ 3478.00,3
3910,09:30:00,$ 3478.00,111
3911,09:30:00,$ 3478.00,4
3912,09:30:00,$ 3478.00,1
3913,09:30:00,$ 3478.00,1
3914,09:30:00,$ 3478.00,1
3915,09:30:00,$ 3478.00,220
3916,09:30:00,$ 3478.00,38
3917,09:30:00,$ 3478.00,19
3918,09:30:00,$ 3478.00,2
3919,09:30:00,$ 3478.00,4
3920,09:30:00,$ 3478.00,3
3921,09:30:00,$ 3478.00,1
3922,09:30:00,$ 3478.00,1
3923,09:30:00,$ 3478.00,1
3924,09:30:00,$ 3478.00,4
3925,09:30:00,$ 3478.00,29
3926,09:30:00,$ 3478.00,9
3928,09:30:00,$ 3478.00,13
3929,09:30:00,$ 3478.00,2
3930,09:30:00,$ 3478.00,11
3931,09:30:00,$ 3478.00,3
3932,09:30:00,$ 3478.00,1
3933,09:30:00,$ 3478.00,55
3934,09:30:00,$ 3478.00,6
3935,09:30:00,$ 3478.00,23
3936,09:30:00,$ 3478.00,21
3937,09:30:00,$ 3478.00,50
3938,09:30:00,$ 3478.00,6
3939,09:30:00,$ 3478.00,7
3940,09:30:00,$ 3478.00,1
3941,09:30:00,$ 3478.00,10
3942,09:30:00,$ 3478.00,1
3943,09:30:00,$ 3478.00,16
3944,09:30:00,$ 3478.00,9
3945,09:30:00,$ 3478.00,3
3946,09:30:00,$ 3478.00,2
3947,09:30:00,$ 3478.00,1
3949,09:30:00,$ 3478.00,5
3950,09:30:00,$ 3478.00,978
3951,09:30:00,$ 3478.00,8
3952,09:30:00,$ 3478.00,2
3953,09:30:00,$ 3478.00,30
3954,09:30:00,$ 3478.00,1
3955,09:30:00,$ 3478.00,1
3956,09:30:00,$ 3478.00,2
3957,09:30:00,$ 3478.00,3
3958,09:30:00,$ 3478.00,7
3959,09:30:00,$ 3478.00,2
3960,09:30:00,$ 3478.00,2
3961,09:30:00,$ 3478.00,1
3962,09:30:00,$ 3478.00,4
3963,09:30:00,$ 3478.00,6
3964,09:30:00,$ 3478.00,1
3965,09:30:00,$ 3478.00,1
3966,09:30:00,$ 3478.00,14
3967,09:30:00,$ 3478.00,4
3968,09:30:00,$ 3478.00,7
3970,09:30:00,$ 3478.00,5
3971,09:30:00,$ 3478.00,5
3972,09:30:00,$ 3478.00,1
3973,09:30:00,$ 3478.00,1
3974,09:30:00,$ 3478.00,5
3975,09:30:00,$ 3478.00,1
3976,09:30:00,$ 3478.00,2
3977,09:30:00,$ 3478.00,1
3978,09:30:00,$ 3478.00,1
3979,09:30:00,$ 3478.00,2
3980,09:30:00,$ 3478.00,2
3981,09:30:00,$ 3478.00,1
3982,09:30:00,$ 3478.00,1
