,NLS Time (ET),NLS Price,NLS Share Volume
1,09:59:59,$ 3239.65,100
2,09:59:59,$ 3239.18,100
3,09:59:59,$ 3239.91,100
4,09:59:59,$ 3239.54,200
5,09:59:59,$ 3239.155,100
6,09:59:59,$ 3239.61,100
7,09:59:51,$ 3239.925,100
8,09:59:51,$ 3239.89,100
9,09:59:51,$ 3239.945,100
10,09:59:49,$ 3239.97,100
11,09:59:49,$ 3239.77,100
12,09:59:49,$ 3239.74,100
13,09:59:49,$ 3239.74,100
14,09:59:49,$ 3239.77,100
15,09:59:49,$ 3239.92,100
16,09:59:49,$ 3239.94,100
17,09:59:49,$ 3240.00,100
18,09:59:49,$ 3238.55,100
19,09:59:49,$ 3239.79,100
20,09:59:49,$ 3238.99,200
22,09:59:49,$ 3239.78,100
23,09:59:49,$ 3239.97,100
24,09:59:49,$ 3239.43,100
25,09:59:49,$ 3238.99,400
26,09:59:49,$ 3240.00,200
27,09:59:47,$ 3238.79,100
28,09:59:46,$ 3238.84,100
29,09:59:41,$ 3238.84,100
30,09:59:41,$ 3239.21,100
31,09:59:41,$ 3239.91,100
32,09:59:41,$ 3239.23,200
33,09:59:41,$ 3239.76,200
34,09:59:41,$ 3239.91,100
35,09:59:41,$ 3239.90,100
36,09:59:41,$ 3239.85,100
37,09:59:41,$ 3239.66,100
38,09:59:41,$ 3239.66,200
39,09:59:41,$ 3239.75,100
40,09:59:41,$ 3239.40,100
41,09:59:38,$ 3238.905,100
43,09:59:35,$ 3239.31,100
44,09:59:33,$ 3238.98,100
45,09:59:33,$ 3238.97,100
46,09:59:32,$ 3238.98,100
47,09:59:31,$ 3239.23,100
48,09:59:31,$ 3239.21,100
49,09:59:29,$ 3238.97,100
50,09:59:29,$ 3239.35,100
51,09:59:29,$ 3239.35,100
52,09:59:29,$ 3239.39,100
53,09:59:29,$ 3239.39,100
54,09:59:29,$ 3238.64,100
55,09:59:29,$ 3239.39,100
56,09:59:29,$ 3239.34,100
57,09:59:29,$ 3239.37,100
58,09:59:28,$ 3238.185,100
59,09:59:28,$ 3237.85,100
60,09:59:28,$ 3238.15,100
61,09:59:21,$ 3237.92,100
62,09:59:14,$ 3240.50,200
64,09:58:43,$ 3239.80,100
65,09:58:36,$ 3240.2163,"1,250"
66,09:58:36,$ 3240.2163,122
67,09:58:32,$ 3239.5466,122
68,09:58:32,$ 3239.535,200
69,09:58:29,$ 3240.785,100
70,09:58:28,$ 3240.00,100
71,09:58:28,$ 3240.15,100
72,09:58:28,$ 3240.15,100
73,09:58:28,$ 3239.76,100
74,09:58:22,$ 3238.93,100
75,09:58:20,$ 3239.715,100
76,09:58:19,$ 3239.76,100
77,09:58:16,$ 3238.48,100
78,09:57:14,$ 3238.33,100
79,09:57:08,$ 3239.07,100
80,09:57:07,$ 3239.265,100
81,09:56:54,$ 3238.82,100
82,09:56:52,$ 3238.64,100
83,09:56:37,$ 3238.97,100
85,09:56:34,$ 3238.92,100
86,09:56:34,$ 3239.18,100
87,09:56:34,$ 3238.26,100
88,09:56:34,$ 3239.15,100
89,09:56:34,$ 3239.00,100
90,09:56:34,$ 3238.95,100
91,09:56:34,$ 3239.1773,200
92,09:56:34,$ 3239.16,100
93,09:56:34,$ 3238.80,100
94,09:56:34,$ 3239.15,100
95,09:56:34,$ 3239.15,100
96,09:56:22,$ 3239.085,100
97,09:56:21,$ 3237.34,100
98,09:56:21,$ 3238.51,100
99,09:56:20,$ 3238.77,100
100,09:56:19,$ 3237.98,100
101,09:56:19,$ 3237.83,100
102,09:56:19,$ 3237.86,100
103,09:56:18,$ 3237.0101,100
104,09:56:15,$ 3237.06,100
106,09:56:15,$ 3237.29,100
107,09:56:15,$ 3237.02,100
108,09:56:15,$ 3237.32,300
109,09:56:15,$ 3236.7138,100
110,09:56:15,$ 3237.29,100
111,09:56:00,$ 3237.195,200
112,09:55:59,$ 3237.25,100
113,09:55:59,$ 3237.015,100
114,09:55:59,$ 3237.45,100
115,09:55:59,$ 3238.00,490
116,09:55:59,$ 3238.00,600
117,09:55:52,$ 3238.14,100
118,09:55:51,$ 3238.00,100
119,09:55:51,$ 3238.39,100
120,09:55:43,$ 3238.00,100
121,09:55:27,$ 3238.82,100
122,09:55:27,$ 3238.82,100
123,09:55:27,$ 3239.09,100
124,09:55:18,$ 3239.33,100
125,09:55:11,$ 3240.00,100
127,09:55:11,$ 3239.41,100
128,09:55:11,$ 3239.41,100
129,09:55:11,$ 3239.41,100
130,09:55:11,$ 3239.82,100
131,09:55:07,$ 3239.63,106
132,09:55:02,$ 3240.12,100
133,09:55:01,$ 3239.00,200
134,09:55:00,$ 3240.54,100
135,09:55:00,$ 3240.66,300
136,09:55:00,$ 3240.66,200
137,09:55:00,$ 3240.66,115
138,09:55:00,$ 3240.66,111
139,09:54:49,$ 3239.355,100
140,09:54:42,$ 3238.74,100
141,09:54:42,$ 3238.82,100
142,09:54:41,$ 3238.8201,122
143,09:54:27,$ 3238.89,100
144,09:54:08,$ 3239.16,100
145,09:53:39,$ 3238.71,100
146,09:53:36,$ 3238.8677,450
148,09:53:33,$ 3239.00,100
149,09:53:24,$ 3239.6996,700
150,09:53:14,$ 3240.37,100
151,09:53:12,$ 3240.38,500
152,09:53:10,$ 3240.325,400
153,09:52:46,$ 3240.07,100
154,09:52:46,$ 3240.07,100
155,09:52:44,$ 3239.8664,199
156,09:52:23,$ 3239.3746,104
157,09:52:21,$ 3238.6741,100
158,09:52:15,$ 3239.085,100
159,09:52:15,$ 3238.585,100
160,09:52:12,$ 3239.29,968
161,09:52:04,$ 3239.41,100
162,09:51:46,$ 3239.40,100
163,09:51:40,$ 3239.44,100
164,09:51:39,$ 3239.38,100
165,09:51:37,$ 3239.1701,100
166,09:51:25,$ 3239.11,700
167,09:51:18,$ 3239.275,100
169,09:51:18,$ 3238.865,100
170,09:51:09,$ 3238.985,"1,500"
171,09:50:58,$ 3238.22,100
172,09:50:55,$ 3239.275,104
173,09:50:50,$ 3239.01,100
174,09:50:48,$ 3238.9485,100
175,09:50:25,$ 3239.1905,140
176,09:50:15,$ 3239.755,100
177,09:50:07,$ 3240.70,100
178,09:50:00,$ 3239.96,100
179,09:49:57,$ 3240.63,100
180,09:49:55,$ 3239.96,100
181,09:49:54,$ 3239.67,100
182,09:49:49,$ 3239.43,100
183,09:49:39,$ 3239.60,100
184,09:49:39,$ 3239.58,100
185,09:49:34,$ 3240.57,100
186,09:49:34,$ 3240.57,100
187,09:49:34,$ 3240.28,100
188,09:49:34,$ 3239.39,100
190,09:49:21,$ 3240.2833,100
191,09:48:58,$ 3239.985,100
192,09:48:58,$ 3240.36,100
193,09:48:58,$ 3240.30,100
194,09:48:55,$ 3240.175,100
195,09:48:50,$ 3239.58,100
196,09:48:47,$ 3239.90,100
197,09:48:47,$ 3240.36,100
198,09:48:42,$ 3241.2399,150
199,09:48:34,$ 3239.52,100
200,09:48:34,$ 3239.00,100
201,09:48:34,$ 3239.20,100
202,09:48:34,$ 3239.03,100
203,09:48:34,$ 3239.0038,100
204,09:48:34,$ 3239.19,100
205,09:48:34,$ 3239.31,300
206,09:48:34,$ 3239.15,100
207,09:48:34,$ 3239.15,100
208,09:48:34,$ 3240.01,100
209,09:48:34,$ 3239.3968,100
211,09:48:34,$ 3240.00,350
212,09:48:29,$ 3241.00,100
213,09:48:13,$ 3241.90,100
214,09:48:11,$ 3241.0201,100
215,09:48:10,$ 3242.69,225
216,09:48:10,$ 3242.50,100
217,09:48:10,$ 3243.265,100
218,09:47:59,$ 3243.245,100
219,09:47:51,$ 3243.65,100
220,09:47:31,$ 3243.24,100
221,09:47:20,$ 3243.80,100
222,09:47:20,$ 3243.80,115
223,09:47:11,$ 3244.475,100
224,09:47:10,$ 3244.629,100
225,09:47:00,$ 3243.25,100
226,09:46:50,$ 3243.37,273
227,09:46:46,$ 3243.4601,200
228,09:46:27,$ 3244.15,100
229,09:46:22,$ 3244.17,100
230,09:46:17,$ 3244.57,100
232,09:46:03,$ 3244.42,100
233,09:45:52,$ 3243.55,100
234,09:45:38,$ 3245.8499,100
235,09:45:30,$ 3244.745,100
236,09:45:28,$ 3245.89,100
237,09:45:20,$ 3244.56,303
238,09:45:15,$ 3244.62,100
239,09:45:15,$ 3244.62,100
240,09:45:13,$ 3244.8617,110
241,09:45:02,$ 3244.28,100
242,09:44:44,$ 3244.705,100
243,09:44:38,$ 3243.89,100
244,09:44:37,$ 3244.10,100
245,09:44:37,$ 3244.71,110
246,09:44:36,$ 3245.035,100
247,09:44:36,$ 3244.19,100
248,09:44:35,$ 3243.71,100
249,09:44:35,$ 3243.71,100
250,09:44:35,$ 3243.37,100
251,09:44:35,$ 3243.32,100
253,09:44:16,$ 3242.0001,150
254,09:44:11,$ 3243.62,100
255,09:44:01,$ 3244.1622,100
256,09:43:56,$ 3244.15,100
257,09:43:56,$ 3243.565,100
258,09:43:43,$ 3244.10,100
259,09:43:43,$ 3242.33,100
260,09:43:43,$ 3242.67,100
261,09:43:43,$ 3242.87,100
262,09:43:43,$ 3242.87,100
263,09:43:42,$ 3242.755,100
264,09:43:40,$ 3242.145,100
265,09:43:40,$ 3242.21,100
266,09:43:29,$ 3243.96,100
267,09:43:28,$ 3243.19,100
268,09:43:28,$ 3243.33,100
269,09:43:28,$ 3243.19,104
270,09:43:27,$ 3243.1899,120
271,09:43:27,$ 3243.1899,100
272,09:43:24,$ 3242.095,100
274,09:43:12,$ 3245.42,100
275,09:43:10,$ 3245.45,100
276,09:42:55,$ 3246.35,100
277,09:42:55,$ 3246.03,100
278,09:42:55,$ 3245.40,100
279,09:42:54,$ 3246.48,100
280,09:42:54,$ 3245.94,100
281,09:42:54,$ 3246.09,100
282,09:42:51,$ 3245.035,100
283,09:42:36,$ 3245.64,100
284,09:42:35,$ 3244.11,100
285,09:42:35,$ 3245.40,100
286,09:42:05,$ 3244.85,100
287,09:42:01,$ 3244.155,100
288,09:42:01,$ 3243.2252,100
289,09:41:44,$ 3245.46,100
290,09:41:31,$ 3245.43,100
291,09:41:29,$ 3245.4499,265
292,09:41:26,$ 3245.4499,100
293,09:41:19,$ 3244.94,100
295,09:41:13,$ 3246.60,200
296,09:41:05,$ 3247.99,100
297,09:41:02,$ 3246.03,100
298,09:40:54,$ 3246.25,100
299,09:40:49,$ 3245.92,160
300,09:40:48,$ 3246.69,100
301,09:40:48,$ 3246.135,100
302,09:40:33,$ 3245.92,303
303,09:40:32,$ 3245.97,100
304,09:40:32,$ 3245.97,174
305,09:40:32,$ 3245.79,100
306,09:40:31,$ 3245.97,100
307,09:40:31,$ 3244.72,210
308,09:40:31,$ 3245.00,300
309,09:40:31,$ 3245.12,100
310,09:40:31,$ 3244.96,100
311,09:40:31,$ 3245.00,100
312,09:40:31,$ 3244.81,281
313,09:40:22,$ 3243.00,500
314,09:40:22,$ 3243.00,100
316,09:40:22,$ 3243.15,100
317,09:40:21,$ 3242.21,272
318,09:40:13,$ 3241.99,100
319,09:40:13,$ 3241.70,100
320,09:39:47,$ 3239.62,100
321,09:39:47,$ 3238.90,100
322,09:39:44,$ 3239.50,300
323,09:39:44,$ 3238.29,100
324,09:39:43,$ 3238.22,100
325,09:39:42,$ 3239.3519,100
326,09:39:42,$ 3239.01,265
327,09:39:36,$ 3239.38,100
328,09:39:36,$ 3240.02,100
329,09:39:35,$ 3240.36,100
330,09:39:35,$ 3240.33,100
331,09:39:35,$ 3240.33,105
332,09:39:29,$ 3240.8575,100
333,09:39:23,$ 3241.395,100
334,09:39:22,$ 3241.55,328
335,09:39:22,$ 3242.215,100
337,09:39:21,$ 3241.683,100
338,09:39:15,$ 3242.42,100
339,09:39:15,$ 3242.10,500
340,09:39:10,$ 3242.0999,100
341,09:39:01,$ 3240.69,100
342,09:38:59,$ 3240.78,111
343,09:38:58,$ 3240.8392,155
344,09:38:45,$ 3241.59,100
345,09:38:37,$ 3242.35,100
346,09:38:37,$ 3242.44,100
347,09:38:36,$ 3241.66,100
348,09:38:36,$ 3241.51,100
349,09:38:36,$ 3240.30,500
350,09:38:36,$ 3240.67,100
351,09:38:36,$ 3240.68,100
352,09:38:36,$ 3240.68,100
353,09:38:36,$ 3240.68,100
354,09:38:36,$ 3240.68,100
355,09:38:36,$ 3240.72,100
356,09:38:36,$ 3240.72,100
358,09:38:36,$ 3240.69,100
359,09:38:36,$ 3240.01,100
360,09:38:36,$ 3240.73,100
361,09:38:36,$ 3240.73,100
362,09:38:36,$ 3240.73,100
363,09:38:36,$ 3240.73,100
364,09:38:36,$ 3240.73,100
365,09:38:30,$ 3239.30,100
366,09:38:30,$ 3239.64,100
367,09:38:29,$ 3239.885,100
368,09:38:26,$ 3239.74,100
369,09:38:26,$ 3239.74,100
370,09:38:26,$ 3239.72,100
371,09:38:19,$ 3238.68,253
372,09:38:17,$ 3238.91,100
373,09:38:17,$ 3237.5188,100
374,09:38:16,$ 3237.509,100
375,09:38:11,$ 3238.68,100
376,09:38:05,$ 3237.43,100
377,09:38:02,$ 3237.43,100
379,09:37:45,$ 3239.04,139
380,09:37:45,$ 3239.395,"1,000"
381,09:37:44,$ 3239.73,100
382,09:37:43,$ 3239.70,100
383,09:37:43,$ 3239.74,100
384,09:37:43,$ 3239.67,100
385,09:37:42,$ 3238.505,100
386,09:37:36,$ 3238.89,100
387,09:37:36,$ 3239.17,100
388,09:37:35,$ 3239.73,100
389,09:37:35,$ 3239.70,100
390,09:37:34,$ 3238.875,100
391,09:37:32,$ 3239.1733,300
392,09:37:26,$ 3239.50,100
393,09:37:21,$ 3237.84,100
394,09:37:21,$ 3238.96,100
395,09:37:18,$ 3238.00,100
396,09:37:13,$ 3239.00,100
397,09:37:05,$ 3239.12,100
398,09:37:02,$ 3238.20,100
400,09:36:50,$ 3238.16,100
401,09:36:48,$ 3238.55,100
402,09:36:48,$ 3238.78,201
403,09:36:44,$ 3237.6702,100
404,09:36:35,$ 3237.15,100
405,09:36:35,$ 3237.89,100
406,09:36:13,$ 3238.79,100
407,09:36:10,$ 3239.1399,100
408,09:36:07,$ 3238.09,100
409,09:36:02,$ 3239.91,100
410,09:35:59,$ 3237.93,100
411,09:35:53,$ 3237.94,200
412,09:35:51,$ 3237.4315,100
413,09:35:29,$ 3235.95,100
414,09:35:29,$ 3236.00,100
415,09:35:27,$ 3235.49,100
416,09:35:27,$ 3235.54,100
417,09:35:20,$ 3236.31,100
418,09:35:12,$ 3235.30,200
419,09:35:11,$ 3235.88,100
421,09:35:11,$ 3235.88,100
422,09:35:11,$ 3236.22,100
423,09:35:11,$ 3236.49,100
424,09:35:11,$ 3236.50,100
425,09:35:00,$ 3234.685,100
426,09:34:58,$ 3234.62,100
427,09:34:58,$ 3234.62,100
428,09:34:57,$ 3233.83,100
429,09:34:57,$ 3234.18,100
430,09:34:57,$ 3233.33,100
431,09:34:52,$ 3233.01,100
432,09:34:50,$ 3233.86,100
433,09:34:50,$ 3234.15,100
434,09:34:50,$ 3234.20,100
435,09:34:49,$ 3233.00,100
436,09:34:49,$ 3233.00,100
437,09:34:48,$ 3233.86,100
438,09:34:48,$ 3233.10,100
439,09:34:46,$ 3234.015,150
440,09:34:42,$ 3234.35,100
442,09:34:39,$ 3233.10,100
443,09:34:37,$ 3234.73,100
444,09:34:37,$ 3234.95,100
445,09:34:37,$ 3235.00,100
446,09:34:37,$ 3235.00,100
447,09:34:34,$ 3233.94,100
448,09:34:34,$ 3233.94,100
449,09:34:34,$ 3233.95,100
450,09:34:28,$ 3235.00,100
451,09:34:27,$ 3234.43,100
452,09:34:27,$ 3234.95,100
453,09:34:26,$ 3234.69,100
454,09:34:26,$ 3234.37,100
455,09:34:26,$ 3234.31,100
456,09:34:22,$ 3233.66,100
457,09:34:21,$ 3235.3725,100
458,09:34:21,$ 3235.89,210
459,09:34:21,$ 3235.54,100
460,09:34:21,$ 3235.84,100
461,09:34:21,$ 3235.88,100
463,09:34:21,$ 3235.89,100
464,09:34:20,$ 3234.615,100
465,09:34:16,$ 3235.74,100
466,09:34:16,$ 3235.27,100
467,09:34:14,$ 3236.49,100
468,09:34:12,$ 3235.255,100
469,09:34:12,$ 3234.51,100
470,09:34:12,$ 3234.135,100
471,09:34:12,$ 3234.135,100
472,09:34:09,$ 3234.035,300
473,09:34:04,$ 3234.22,100
474,09:34:04,$ 3234.27,100
475,09:34:04,$ 3234.27,100
476,09:34:04,$ 3235.35,100
477,09:34:04,$ 3234.27,100
478,09:33:46,$ 3236.49,100
479,09:33:42,$ 3235.96,100
480,09:33:39,$ 3234.33,100
481,09:33:38,$ 3235.69,300
482,09:33:29,$ 3236.41,100
484,09:33:29,$ 3236.41,100
485,09:33:25,$ 3236.255,200
486,09:33:21,$ 3237.765,100
487,09:33:09,$ 3236.38,100
488,09:33:09,$ 3236.19,100
489,09:33:08,$ 3239.00,170
490,09:33:02,$ 3237.10,100
491,09:33:00,$ 3236.37,100
492,09:33:00,$ 3236.32,100
493,09:33:00,$ 3234.6025,100
494,09:32:59,$ 3234.99,100
495,09:32:57,$ 3234.585,100
496,09:32:57,$ 3233.44,100
497,09:32:54,$ 3234.62,100
498,09:32:54,$ 3234.80,100
499,09:32:49,$ 3235.10,500
500,09:32:49,$ 3235.00,100
501,09:32:49,$ 3235.00,100
502,09:32:39,$ 3235.12,100
503,09:32:34,$ 3236.79,100
505,09:32:27,$ 3236.80,100
506,09:32:01,$ 3237.28,100
507,09:31:56,$ 3238.72,100
508,09:31:54,$ 3240.50,100
509,09:31:51,$ 3239.27,100
510,09:31:48,$ 3237.20,200
511,09:31:45,$ 3239.42,100
512,09:31:34,$ 3238.71,100
513,09:31:11,$ 3240.37,100
514,09:31:04,$ 3238.915,100
515,09:31:04,$ 3239.20,100
516,09:31:04,$ 3238.71,100
517,09:31:02,$ 3236.54,100
518,09:31:02,$ 3237.94,100
519,09:30:58,$ 3237.21,100
520,09:30:57,$ 3237.30,100
521,09:30:57,$ 3236.63,100
522,09:30:54,$ 3236.44,100
523,09:30:54,$ 3236.00,115
524,09:30:54,$ 3236.00,485
526,09:30:52,$ 3236.44,100
527,09:30:52,$ 3237.815,100
528,09:30:51,$ 3236.53,100
529,09:30:51,$ 3236.56,100
530,09:30:51,$ 3236.95,200
531,09:30:51,$ 3236.80,100
532,09:30:49,$ 3237.46,100
533,09:30:39,$ 3237.11,100
534,09:30:39,$ 3236.00,100
535,09:30:39,$ 3236.05,100
536,09:30:39,$ 3236.00,100
537,09:30:39,$ 3237.53,100
538,09:30:36,$ 3238.18,100
539,09:30:33,$ 3237.98,100
540,09:30:33,$ 3238.41,100
541,09:30:33,$ 3238.5498,100
542,09:30:33,$ 3238.10,100
543,09:30:33,$ 3238.08,100
544,09:30:33,$ 3238.55,100
545,09:30:33,$ 3237.73,895
547,09:30:32,$ 3237.32,100
548,09:30:32,$ 3237.37,100
549,09:30:32,$ 3237.37,100
550,09:30:31,$ 3236.88,146
551,09:30:31,$ 3235.11,100
552,09:30:25,$ 3235.84,100
553,09:30:24,$ 3236.06,100
554,09:30:23,$ 3236.00,100
555,09:30:23,$ 3236.00,100
556,09:30:23,$ 3236.02,100
557,09:30:22,$ 3237.6599,100
558,09:30:15,$ 3239.34,100
559,09:30:05,$ 3240.37,116
560,09:30:05,$ 3240.37,100
561,09:30:05,$ 3240.805,100
562,09:30:03,$ 3241.09,100
563,09:30:02,$ 3241.45,100
564,09:30:02,$ 3240.50,100
565,09:30:02,$ 3240.71,100
566,09:30:01,$ 3242.00,1
568,09:30:01,$ 3242.00,30
569,09:30:01,$ 3242.00,2
570,09:30:01,$ 3242.00,10
571,09:30:01,$ 3242.00,10
572,09:30:01,$ 3242.00,1
573,09:30:01,$ 3242.00,4
574,09:30:01,$ 3242.00,5
575,09:30:01,$ 3242.00,9
576,09:30:01,$ 3242.00,3
577,09:30:01,$ 3242.00,6
578,09:30:01,$ 3242.00,25
579,09:30:01,$ 3242.00,2
580,09:30:01,$ 3242.00,20
581,09:30:01,$ 3242.00,1
582,09:30:01,$ 3242.00,2
583,09:30:01,$ 3242.00,9
584,09:30:01,$ 3242.00,5
585,09:30:01,$ 3242.00,5
586,09:30:01,$ 3242.00,1
587,09:30:01,$ 3242.00,1
589,09:30:01,$ 3242.00,9
590,09:30:01,$ 3242.00,19
591,09:30:01,$ 3242.00,10
592,09:30:01,$ 3242.00,83
593,09:30:01,$ 3242.00,2
594,09:30:01,$ 3242.00,18
595,09:30:01,$ 3242.00,5
596,09:30:01,$ 3242.00,3
597,09:30:01,$ 3242.00,2
598,09:30:01,$ 3242.00,2
599,09:30:01,$ 3242.00,2
600,09:30:01,$ 3242.00,15
601,09:30:01,$ 3242.00,1
602,09:30:01,$ 3242.00,18
603,09:30:01,$ 3242.00,4
604,09:30:01,$ 3242.00,1
605,09:30:01,$ 3242.00,1
606,09:30:01,$ 3242.00,2
607,09:30:01,$ 3242.00,10
608,09:30:01,$ 3242.00,5
610,09:30:01,$ 3242.00,3
611,09:30:01,$ 3242.00,2
612,09:30:01,$ 3242.00,4
613,09:30:01,$ 3242.00,3
614,09:30:01,$ 3242.00,20
615,09:30:01,$ 3242.00,3
616,09:30:01,$ 3242.00,4
617,09:30:01,$ 3242.00,50
618,09:30:01,$ 3242.00,10
619,09:30:01,$ 3242.00,1
620,09:30:01,$ 3242.00,3
621,09:30:01,$ 3242.00,2
622,09:30:01,$ 3242.00,1
623,09:30:01,$ 3242.00,2
624,09:30:01,$ 3242.00,1
625,09:30:01,$ 3242.00,25
626,09:30:01,$ 3242.00,1
627,09:30:01,$ 3242.00,1
628,09:30:01,$ 3242.00,5
629,09:30:01,$ 3242.00,6
631,09:30:01,$ 3242.00,1
632,09:30:01,$ 3242.00,67
633,09:30:01,$ 3242.00,4
634,09:30:01,$ 3242.00,5
635,09:30:01,$ 3242.00,1
636,09:30:01,$ 3242.00,1
637,09:30:01,$ 3242.00,1
638,09:30:01,$ 3242.00,9
639,09:30:01,$ 3242.00,1
640,09:30:01,$ 3242.00,1
641,09:30:01,$ 3242.00,150
642,09:30:01,$ 3242.00,2
643,09:30:01,$ 3242.00,3
644,09:30:01,$ 3242.00,1
645,09:30:01,$ 3242.00,10
646,09:30:01,$ 3242.00,1
647,09:30:01,$ 3242.00,1
648,09:30:01,$ 3242.00,1
649,09:30:01,$ 3242.00,2
650,09:30:01,$ 3242.00,2
652,09:30:01,$ 3242.00,1
653,09:30:01,$ 3242.00,1
654,09:30:01,$ 3242.00,2
655,09:30:01,$ 3242.00,1
656,09:30:01,$ 3242.00,3
657,09:30:01,$ 3242.00,15
658,09:30:01,$ 3242.00,1
659,09:30:01,$ 3242.00,4
660,09:30:01,$ 3242.00,2
661,09:30:01,$ 3242.00,1
662,09:30:01,$ 3242.00,1
663,09:30:01,$ 3242.00,2
664,09:30:01,$ 3242.00,1
665,09:30:01,$ 3242.00,1
666,09:30:01,$ 3242.00,4
667,09:30:01,$ 3242.00,5
668,09:30:01,$ 3242.00,5
669,09:30:01,$ 3242.00,25
670,09:30:01,$ 3242.00,20
671,09:30:01,$ 3242.00,5
673,09:30:01,$ 3242.00,2
674,09:30:01,$ 3242.00,2
675,09:30:01,$ 3242.00,2
676,09:30:01,$ 3242.00,46
677,09:30:01,$ 3242.00,1
678,09:30:01,$ 3242.00,2
679,09:30:01,$ 3242.00,14
680,09:30:01,$ 3242.00,2
681,09:30:01,$ 3242.00,2
682,09:30:01,$ 3242.00,2
683,09:30:01,$ 3242.00,10
684,09:30:01,$ 3242.00,1
685,09:30:01,$ 3242.00,3
686,09:30:01,$ 3242.00,1
687,09:30:01,$ 3242.00,10
688,09:30:01,$ 3242.00,1
689,09:30:01,$ 3242.00,5
690,09:30:01,$ 3242.00,1
691,09:30:01,$ 3242.00,1
692,09:30:01,$ 3242.00,2
694,09:30:01,$ 3242.00,10
695,09:30:01,$ 3242.00,2
696,09:30:01,$ 3242.00,31
697,09:30:01,$ 3242.00,2
698,09:30:01,$ 3242.00,15
699,09:30:01,$ 3242.00,1
700,09:30:01,$ 3242.00,15
701,09:30:01,$ 3242.00,1
702,09:30:01,$ 3242.00,2
703,09:30:01,$ 3242.00,1
704,09:30:01,$ 3242.00,1
705,09:30:01,$ 3242.00,23
706,09:30:01,$ 3242.00,1
707,09:30:01,$ 3242.00,5
708,09:30:01,$ 3242.00,1
709,09:30:01,$ 3242.00,1
710,09:30:01,$ 3242.00,3
711,09:30:01,$ 3242.00,1
712,09:30:01,$ 3242.00,2
713,09:30:01,$ 3242.00,3
715,09:30:01,$ 3242.00,3
716,09:30:01,$ 3242.00,2
717,09:30:01,$ 3242.00,2
718,09:30:01,$ 3242.00,2
719,09:30:01,$ 3242.00,1
720,09:30:01,$ 3242.00,4
721,09:30:01,$ 3242.00,6
722,09:30:01,$ 3242.00,2
723,09:30:01,$ 3242.00,17
724,09:30:01,$ 3242.00,1
725,09:30:01,$ 3242.00,1
726,09:30:01,$ 3242.00,1
727,09:30:01,$ 3242.00,3
728,09:30:01,$ 3242.00,3
729,09:30:01,$ 3242.00,3
730,09:30:01,$ 3242.00,1
731,09:30:01,$ 3242.00,1
732,09:30:01,$ 3242.00,2
733,09:30:01,$ 3242.00,6
734,09:30:01,$ 3242.00,11
736,09:30:01,$ 3242.00,1
737,09:30:01,$ 3242.00,2
738,09:30:01,$ 3242.00,1
739,09:30:01,$ 3242.00,1
740,09:30:01,$ 3242.00,1
741,09:30:01,$ 3242.00,1
742,09:30:01,$ 3242.00,2
743,09:30:01,$ 3242.00,3
744,09:30:01,$ 3242.00,1
745,09:30:01,$ 3242.00,1
746,09:30:01,$ 3242.00,2
747,09:30:01,$ 3242.00,2
748,09:30:01,$ 3242.00,1
749,09:30:01,$ 3242.00,5
750,09:30:01,$ 3242.00,1
751,09:30:01,$ 3242.00,1
752,09:30:01,$ 3242.00,1
753,09:30:01,$ 3242.00,1
754,09:30:01,$ 3242.00,1
755,09:30:01,$ 3242.00,1
757,09:30:01,$ 3242.00,1
758,09:30:01,$ 3242.00,1
759,09:30:01,$ 3242.00,3
760,09:30:01,$ 3242.00,4
761,09:30:01,$ 3242.00,1
762,09:30:01,$ 3242.00,2
763,09:30:01,$ 3242.00,1
764,09:30:01,$ 3242.00,4
765,09:30:01,$ 3242.00,1
766,09:30:01,$ 3242.00,1
767,09:30:01,$ 3242.00,1
768,09:30:01,$ 3242.00,1
769,09:30:01,$ 3242.00,1
770,09:30:01,$ 3242.00,1
771,09:30:01,$ 3242.00,1
772,09:30:01,$ 3242.00,4
773,09:30:01,$ 3242.00,1
774,09:30:01,$ 3242.00,1
775,09:30:01,$ 3242.00,25
776,09:30:01,$ 3242.00,5
778,09:30:01,$ 3242.00,1
779,09:30:01,$ 3242.00,1
780,09:30:01,$ 3242.00,3
781,09:30:01,$ 3242.00,2
782,09:30:01,$ 3242.00,15
783,09:30:01,$ 3242.00,1
784,09:30:01,$ 3242.00,5
785,09:30:01,$ 3242.00,1
786,09:30:01,$ 3242.00,4
787,09:30:01,$ 3242.00,116
788,09:30:01,$ 3242.00,2
789,09:30:01,$ 3242.00,1
790,09:30:01,$ 3242.00,5
791,09:30:01,$ 3242.00,4
792,09:30:01,$ 3242.00,3
793,09:30:01,$ 3242.00,5
794,09:30:01,$ 3242.00,2
795,09:30:01,$ 3242.00,7
796,09:30:01,$ 3242.00,10
797,09:30:01,$ 3242.00,1
799,09:30:01,$ 3242.00,30
800,09:30:01,$ 3242.00,25
801,09:30:01,$ 3242.00,8
802,09:30:01,$ 3242.00,3
803,09:30:01,$ 3242.00,1
804,09:30:01,$ 3242.00,1
805,09:30:01,$ 3242.00,1
806,09:30:01,$ 3242.00,1
807,09:30:01,$ 3242.00,5
808,09:30:01,$ 3242.00,2
809,09:30:01,$ 3242.00,2
810,09:30:01,$ 3242.00,1
811,09:30:01,$ 3242.00,1
812,09:30:01,$ 3242.00,1
813,09:30:01,$ 3242.00,161
814,09:30:01,$ 3242.00,3
815,09:30:01,$ 3242.00,4
816,09:30:01,$ 3242.00,1
817,09:30:01,$ 3242.00,5
818,09:30:01,$ 3242.00,1
820,09:30:01,$ 3242.00,3
821,09:30:01,$ 3242.00,7
822,09:30:01,$ 3242.00,27
823,09:30:01,$ 3242.00,3
824,09:30:01,$ 3242.00,3
825,09:30:01,$ 3242.00,77
826,09:30:01,$ 3242.00,3
827,09:30:01,$ 3242.00,2
828,09:30:01,$ 3242.00,1
829,09:30:01,$ 3242.00,1
830,09:30:01,$ 3242.00,"2,000"
831,09:30:01,$ 3242.00,1
832,09:30:01,$ 3242.00,2
833,09:30:01,$ 3242.00,4
834,09:30:01,$ 3242.00,22
835,09:30:01,$ 3242.00,5
836,09:30:01,$ 3242.00,4
837,09:30:01,$ 3242.00,10
838,09:30:01,$ 3242.00,10
839,09:30:01,$ 3242.00,3
841,09:30:01,$ 3242.00,2
842,09:30:01,$ 3242.00,10
843,09:30:01,$ 3242.00,5
844,09:30:01,$ 3242.00,2
845,09:30:01,$ 3242.00,2
846,09:30:01,$ 3242.00,3
847,09:30:01,$ 3242.00,2
848,09:30:01,$ 3242.00,9
849,09:30:01,$ 3242.00,15
850,09:30:01,$ 3242.00,12
851,09:30:01,$ 3242.00,5
852,09:30:01,$ 3242.00,1
853,09:30:01,$ 3242.00,2
854,09:30:01,$ 3242.00,1
855,09:30:01,$ 3242.00,1
856,09:30:01,$ 3242.00,1
857,09:30:01,$ 3242.00,1
858,09:30:01,$ 3242.00,2
859,09:30:01,$ 3242.00,1
860,09:30:01,$ 3242.00,1
862,09:30:01,$ 3242.00,1
863,09:30:01,$ 3242.00,1
864,09:30:01,$ 3242.00,1
865,09:30:01,$ 3242.00,7
866,09:30:01,$ 3242.00,2
867,09:30:01,$ 3242.00,2
868,09:30:01,$ 3242.00,2
869,09:30:01,$ 3242.00,20
870,09:30:01,$ 3242.00,11
871,09:30:01,$ 3242.00,8
872,09:30:01,$ 3242.00,1
873,09:30:01,$ 3242.00,1
874,09:30:01,$ 3242.00,3
875,09:30:01,$ 3242.00,1
876,09:30:01,$ 3242.00,2
877,09:30:01,$ 3242.00,1
878,09:30:01,$ 3242.00,1
879,09:30:01,$ 3242.00,1
880,09:30:01,$ 3242.00,1
881,09:30:01,$ 3242.00,7
883,09:30:01,$ 3242.00,1
884,09:30:01,$ 3242.00,7
885,09:30:01,$ 3242.00,26
886,09:30:01,$ 3242.00,11
887,09:30:01,$ 3242.00,1
888,09:30:01,$ 3242.00,10
889,09:30:01,$ 3242.00,30
890,09:30:01,$ 3242.00,15
891,09:30:01,$ 3242.00,70
892,09:30:01,$ 3242.00,2
893,09:30:01,$ 3242.00,18
894,09:30:01,$ 3242.00,1
895,09:30:01,$ 3242.00,5
896,09:30:01,$ 3242.00,5
897,09:30:01,$ 3242.00,8
898,09:30:01,$ 3242.00,12
899,09:30:01,$ 3242.00,20
900,09:30:01,$ 3242.00,7
901,09:30:01,$ 3242.00,15
902,09:30:01,$ 3242.00,1
904,09:30:01,$ 3242.00,15
905,09:30:01,$ 3242.00,3
906,09:30:01,$ 3242.00,1
907,09:30:01,$ 3242.00,1
908,09:30:01,$ 3242.00,3
909,09:30:01,$ 3242.00,3
910,09:30:01,$ 3242.00,1
911,09:30:01,$ 3242.00,1
912,09:30:01,$ 3242.00,5
913,09:30:01,$ 3242.00,4
914,09:30:01,$ 3242.00,10
915,09:30:01,$ 3242.00,3
916,09:30:01,$ 3242.00,1
917,09:30:01,$ 3242.00,1
918,09:30:01,$ 3242.00,1
919,09:30:01,$ 3242.00,1
920,09:30:01,$ 3242.00,10
921,09:30:01,$ 3242.00,2
922,09:30:01,$ 3242.00,10
923,09:30:01,$ 3242.00,2
925,09:30:01,$ 3242.00,1
926,09:30:01,$ 3242.00,10
927,09:30:01,$ 3242.00,6
928,09:30:01,$ 3242.00,1
929,09:30:01,$ 3242.00,9
930,09:30:01,$ 3242.00,2
931,09:30:01,$ 3242.00,2
932,09:30:01,$ 3242.00,2
933,09:30:01,$ 3242.00,1
934,09:30:01,$ 3242.00,20
935,09:30:01,$ 3242.00,4
936,09:30:01,$ 3242.00,5
937,09:30:01,$ 3242.00,1
938,09:30:01,$ 3242.00,2
939,09:30:01,$ 3242.00,1
940,09:30:01,$ 3242.00,10
941,09:30:01,$ 3242.00,1
942,09:30:01,$ 3242.00,1
943,09:30:01,$ 3242.00,1
944,09:30:01,$ 3242.00,1
946,09:30:01,$ 3242.00,5
947,09:30:01,$ 3242.00,1
948,09:30:01,$ 3242.00,2
949,09:30:01,$ 3242.00,2
950,09:30:01,$ 3242.00,5
951,09:30:01,$ 3242.00,2
952,09:30:01,$ 3242.00,5
953,09:30:01,$ 3242.00,1
954,09:30:01,$ 3242.00,3
955,09:30:01,$ 3242.00,5
956,09:30:01,$ 3242.00,100
957,09:30:01,$ 3242.00,180
958,09:30:01,$ 3242.00,15
959,09:30:01,$ 3242.00,120
960,09:30:01,$ 3242.00,2
961,09:30:01,$ 3242.00,2
962,09:30:01,$ 3242.00,2
963,09:30:01,$ 3242.00,2
964,09:30:01,$ 3242.00,4
965,09:30:01,$ 3242.00,10
967,09:30:01,$ 3242.00,2
968,09:30:01,$ 3242.00,4
969,09:30:01,$ 3242.00,2
970,09:30:01,$ 3242.00,1
971,09:30:01,$ 3242.00,2
972,09:30:01,$ 3242.00,1
973,09:30:01,$ 3242.00,1
974,09:30:01,$ 3242.00,2
975,09:30:01,$ 3242.00,2
976,09:30:01,$ 3242.00,3
977,09:30:01,$ 3242.00,1
978,09:30:01,$ 3242.00,1
979,09:30:01,$ 3242.00,2
980,09:30:01,$ 3242.00,1
981,09:30:01,$ 3242.00,2
982,09:30:01,$ 3242.00,2
983,09:30:01,$ 3242.00,2
984,09:30:01,$ 3242.00,1
985,09:30:01,$ 3242.00,1
986,09:30:01,$ 3242.00,1
988,09:30:01,$ 3242.00,1
989,09:30:01,$ 3242.00,10
990,09:30:01,$ 3242.00,6
991,09:30:01,$ 3242.00,2
992,09:30:01,$ 3242.00,3
993,09:30:01,$ 3242.00,1
994,09:30:01,$ 3242.00,1
995,09:30:01,$ 3242.00,6
996,09:30:01,$ 3242.00,1
997,09:30:01,$ 3242.00,3
998,09:30:01,$ 3242.00,3
999,09:30:01,$ 3242.00,2
1000,09:30:01,$ 3242.00,1
1001,09:30:01,$ 3242.00,5
1002,09:30:01,$ 3242.00,1
1003,09:30:01,$ 3242.00,1
1004,09:30:01,$ 3242.00,2
1005,09:30:01,$ 3242.00,2
1006,09:30:01,$ 3242.00,10
1007,09:30:01,$ 3242.00,5
1009,09:30:01,$ 3242.00,1
1010,09:30:01,$ 3242.00,1
1011,09:30:01,$ 3242.00,2
1012,09:30:01,$ 3242.00,1
1013,09:30:01,$ 3242.00,1
1014,09:30:01,$ 3242.00,2
1015,09:30:01,$ 3242.00,5
1016,09:30:01,$ 3242.00,20
1017,09:30:01,$ 3242.00,3
1018,09:30:01,$ 3242.00,1
1019,09:30:01,$ 3242.00,2
1020,09:30:01,$ 3242.00,1
1021,09:30:01,$ 3242.00,2
1022,09:30:01,$ 3242.00,5
1023,09:30:01,$ 3242.00,1
1024,09:30:01,$ 3242.00,15
1025,09:30:01,$ 3242.00,1
1026,09:30:01,$ 3242.00,1
1027,09:30:01,$ 3242.00,1
1028,09:30:01,$ 3242.00,15
1030,09:30:01,$ 3242.00,1
1031,09:30:01,$ 3242.00,5
1032,09:30:01,$ 3242.00,1
1033,09:30:01,$ 3242.00,1
1034,09:30:01,$ 3242.00,2
1035,09:30:01,$ 3242.00,2
1036,09:30:01,$ 3242.00,1
1037,09:30:01,$ 3242.00,12
1038,09:30:01,$ 3242.00,1
1039,09:30:01,$ 3242.00,2
1040,09:30:01,$ 3242.00,1
1041,09:30:01,$ 3242.00,151
1042,09:30:01,$ 3242.00,1
1043,09:30:01,$ 3242.00,1
1044,09:30:01,$ 3242.00,"1,039"
1045,09:30:01,$ 3242.00,12
1046,09:30:01,$ 3242.00,11
1047,09:30:01,$ 3242.00,3
1048,09:30:01,$ 3242.00,293
1049,09:30:01,$ 3242.00,12
1051,09:30:01,$ 3242.00,13
1052,09:30:01,$ 3242.00,10
1053,09:30:01,$ 3242.00,1
1054,09:30:01,$ 3242.00,1
1055,09:30:01,$ 3242.00,1
1056,09:30:01,$ 3242.00,5
1057,09:30:01,$ 3242.00,4
1058,09:30:01,$ 3242.00,5
1059,09:30:01,$ 3242.00,2
1060,09:30:01,$ 3242.00,3
1061,09:30:01,$ 3242.00,1
1062,09:30:01,$ 3242.00,5
1063,09:30:01,$ 3242.00,2
1064,09:30:01,$ 3242.00,3
1065,09:30:01,$ 3242.00,1
1066,09:30:01,$ 3242.00,12
1067,09:30:01,$ 3242.00,1
1068,09:30:01,$ 3242.00,1
1069,09:30:01,$ 3242.00,5
1070,09:30:01,$ 3242.00,4
1072,09:30:01,$ 3242.00,1
1073,09:30:01,$ 3242.00,5
1074,09:30:01,$ 3242.00,5
1075,09:30:01,$ 3242.00,2
1076,09:30:01,$ 3242.00,2
1077,09:30:01,$ 3242.00,6
1078,09:30:01,$ 3242.00,2
1079,09:30:01,$ 3242.00,10
1080,09:30:01,$ 3242.00,1
1081,09:30:01,$ 3242.00,1
1082,09:30:01,$ 3242.00,2
1083,09:30:01,$ 3242.00,1
1084,09:30:01,$ 3242.00,4
1085,09:30:01,$ 3242.00,1
1086,09:30:01,$ 3242.00,1
1087,09:30:01,$ 3242.00,2
1088,09:30:01,$ 3242.00,10
1089,09:30:01,$ 3242.00,10
1090,09:30:01,$ 3242.00,10
1091,09:30:01,$ 3242.00,25
1093,09:30:01,$ 3242.00,16
1094,09:30:01,$ 3242.00,1
1095,09:30:01,$ 3242.00,1
1096,09:30:01,$ 3242.00,1
1097,09:30:01,$ 3242.00,"2,192"
1098,09:30:01,$ 3242.00,6
1099,09:30:01,$ 3242.00,4
1100,09:30:01,$ 3242.00,2
1101,09:30:01,$ 3242.00,2
1102,09:30:01,$ 3242.00,1
1103,09:30:01,$ 3242.00,1
1104,09:30:01,$ 3242.00,2
1105,09:30:01,$ 3242.00,1
1106,09:30:01,$ 3242.00,1
1107,09:30:01,$ 3242.00,1
1108,09:30:01,$ 3242.00,1
1109,09:30:01,$ 3242.00,4
1110,09:30:01,$ 3242.00,60
1111,09:30:01,$ 3242.00,38
1112,09:30:01,$ 3242.00,2
1114,09:30:01,$ 3242.00,241
1115,09:30:01,$ 3242.00,1
1116,09:30:01,$ 3242.00,1
1117,09:30:01,$ 3242.00,1
1118,09:30:01,$ 3242.00,1
1119,09:30:01,$ 3242.00,3
1120,09:30:01,$ 3242.00,6
1121,09:30:01,$ 3242.00,1
1122,09:30:01,$ 3242.00,3
1123,09:30:01,$ 3242.00,10
1124,09:30:01,$ 3242.00,14
1125,09:30:01,$ 3242.00,2
1126,09:30:01,$ 3242.00,1
1127,09:30:01,$ 3242.00,20
1128,09:30:01,$ 3242.00,20
1129,09:30:01,$ 3242.00,123
1130,09:30:01,$ 3242.00,2
1131,09:30:01,$ 3242.00,47
1132,09:30:01,$ 3242.00,1
1133,09:30:01,$ 3242.00,1
1135,09:30:01,$ 3242.00,2
1136,09:30:01,$ 3242.00,1
1137,09:30:01,$ 3242.00,1
1138,09:30:01,$ 3242.00,1
1139,09:30:01,$ 3242.00,10
1140,09:30:01,$ 3242.00,4
1141,09:30:01,$ 3242.00,1
1142,09:30:01,$ 3242.00,2
1143,09:30:01,$ 3242.00,2
1144,09:30:01,$ 3242.00,2
1145,09:30:01,$ 3242.00,1
1146,09:30:01,$ 3242.00,3
1147,09:30:01,$ 3242.00,1
1148,09:30:01,$ 3242.00,1
1149,09:30:01,$ 3242.00,3
1150,09:30:01,$ 3242.00,1
1151,09:30:01,$ 3242.00,2
1152,09:30:01,$ 3242.00,1
1153,09:30:01,$ 3242.00,1
1154,09:30:01,$ 3242.00,1
1156,09:30:01,$ 3242.00,1
1157,09:30:01,$ 3242.00,1
1158,09:30:01,$ 3242.00,1
1159,09:30:01,$ 3242.00,3
1160,09:30:01,$ 3242.00,1
1161,09:30:01,$ 3242.00,1
1162,09:30:01,$ 3242.00,1
1163,09:30:01,$ 3242.00,2
1164,09:30:01,$ 3242.00,5
1165,09:30:01,$ 3242.00,4
1166,09:30:01,$ 3242.00,5
1167,09:30:01,$ 3242.00,1
1168,09:30:01,$ 3242.00,1
1169,09:30:01,$ 3242.00,1
1170,09:30:01,$ 3242.00,1
1171,09:30:01,$ 3242.00,2
1172,09:30:01,$ 3242.00,5
1173,09:30:01,$ 3242.00,1
1174,09:30:01,$ 3242.00,5
1175,09:30:01,$ 3242.00,2
1177,09:30:01,$ 3242.00,5
1178,09:30:01,$ 3242.00,30
1179,09:30:01,$ 3242.00,2
1180,09:30:01,$ 3242.00,68
1181,09:30:01,$ 3242.00,6
1182,09:30:01,$ 3242.00,18
1183,09:30:01,$ 3242.00,15
1184,09:30:01,$ 3242.00,1
1185,09:30:01,$ 3242.00,457
1186,09:30:01,$ 3242.00,4
1187,09:30:01,$ 3242.00,4
1188,09:30:01,$ 3242.00,9
1189,09:30:01,$ 3242.00,6
1190,09:30:01,$ 3242.00,5
1191,09:30:01,$ 3242.00,15
1192,09:30:01,$ 3242.00,2
1193,09:30:01,$ 3242.00,30
1194,09:30:01,$ 3242.00,80
1195,09:30:01,$ 3242.00,30
1196,09:30:01,$ 3242.00,4
1198,09:30:01,$ 3242.00,2
1199,09:30:01,$ 3242.00,1
1200,09:30:01,$ 3242.00,10
1201,09:30:01,$ 3242.00,40
1202,09:30:01,$ 3242.00,40
1203,09:30:01,$ 3242.00,5
1204,09:30:01,$ 3242.00,12
1205,09:30:01,$ 3242.00,3
1206,09:30:01,$ 3242.00,3
1207,09:30:01,$ 3242.00,2
1208,09:30:01,$ 3242.00,20
1209,09:30:01,$ 3242.00,2
1210,09:30:01,$ 3242.00,9
1211,09:30:01,$ 3242.00,10
1212,09:30:01,$ 3242.00,1
1213,09:30:01,$ 3242.00,1
1214,09:30:01,$ 3242.00,3
1215,09:30:01,$ 3242.00,2
1216,09:30:01,$ 3242.00,1
1217,09:30:01,$ 3242.00,1
1219,09:30:01,$ 3242.00,8
1220,09:30:01,$ 3242.00,5
1221,09:30:01,$ 3242.00,4
1222,09:30:01,$ 3242.00,19
1223,09:30:01,$ 3242.00,2
1224,09:30:01,$ 3242.00,1
1225,09:30:01,$ 3242.00,1
1226,09:30:01,$ 3242.00,1
1227,09:30:01,$ 3242.00,11
1228,09:30:01,$ 3242.00,2
1229,09:30:01,$ 3242.00,1
1230,09:30:01,$ 3242.00,16
1231,09:30:01,$ 3242.00,3
1232,09:30:01,$ 3242.00,1
1233,09:30:01,$ 3242.00,4
1234,09:30:01,$ 3242.00,3
1235,09:30:01,$ 3242.00,2
1236,09:30:01,$ 3242.00,75
1237,09:30:01,$ 3242.00,1
1238,09:30:01,$ 3242.00,2
1240,09:30:01,$ 3242.00,1
1241,09:30:01,$ 3242.00,1
1242,09:30:01,$ 3242.00,13
1243,09:30:01,$ 3242.00,2
1244,09:30:01,$ 3242.00,45
1245,09:30:01,$ 3242.00,10
1246,09:30:01,$ 3242.00,5
1247,09:30:01,$ 3242.00,17
1248,09:30:01,$ 3242.00,962
1249,09:30:01,$ 3242.00,17
1250,09:30:01,$ 3242.00,68
1251,09:30:01,$ 3242.00,3
1252,09:30:01,$ 3242.00,1
1253,09:30:01,$ 3242.00,1
1254,09:30:01,$ 3242.00,1
1255,09:30:01,$ 3242.00,1
1256,09:30:01,$ 3242.00,1
1257,09:30:01,$ 3242.00,1
1258,09:30:01,$ 3242.00,2
1259,09:30:01,$ 3242.00,1
1261,09:30:01,$ 3242.00,2
1262,09:30:01,$ 3242.00,2
1263,09:30:01,$ 3242.00,1
1264,09:30:01,$ 3242.00,1
1265,09:30:01,$ 3242.00,1
1266,09:30:01,$ 3242.00,3
1267,09:30:01,$ 3242.00,1
1268,09:30:01,$ 3242.00,1
1269,09:30:01,$ 3242.00,1
1270,09:30:01,$ 3242.00,1
1271,09:30:01,$ 3242.00,1
1272,09:30:01,$ 3242.00,1
1273,09:30:01,$ 3242.00,1
1274,09:30:01,$ 3242.00,3
1275,09:30:01,$ 3242.00,2
1276,09:30:01,$ 3242.00,1
1277,09:30:01,$ 3242.00,3
1278,09:30:01,$ 3242.00,1
1279,09:30:01,$ 3242.00,1
1280,09:30:01,$ 3242.00,1
1282,09:30:01,$ 3242.00,58
1283,09:30:01,$ 3242.00,1
1284,09:30:01,$ 3242.00,1
1285,09:30:01,$ 3242.00,10
1286,09:30:01,$ 3242.00,2
1287,09:30:01,$ 3242.00,1
1288,09:30:01,$ 3242.00,1
1289,09:30:01,$ 3242.00,8
1290,09:30:01,$ 3242.00,16
1291,09:30:01,$ 3242.00,1
1292,09:30:01,$ 3242.00,18
1293,09:30:01,$ 3242.00,1
1294,09:30:01,$ 3242.00,3
1295,09:30:01,$ 3242.00,2
1296,09:30:01,$ 3242.00,2
1297,09:30:01,$ 3242.00,3
1298,09:30:01,$ 3242.00,1
1299,09:30:01,$ 3242.00,3
1300,09:30:01,$ 3242.00,1
1301,09:30:01,$ 3242.00,3
1303,09:30:01,$ 3242.00,2
1304,09:30:01,$ 3242.00,8
1305,09:30:01,$ 3242.00,80
1306,09:30:01,$ 3242.00,1
1307,09:30:01,$ 3242.00,3
1308,09:30:01,$ 3242.00,4
1309,09:30:01,$ 3242.00,2
1310,09:30:01,$ 3242.00,2
1311,09:30:01,$ 3242.00,3
1312,09:30:01,$ 3242.00,1
1313,09:30:01,$ 3242.00,4
1314,09:30:01,$ 3242.00,1
1315,09:30:01,$ 3242.00,393
1316,09:30:01,$ 3242.00,117
1317,09:30:01,$ 3242.00,3
1318,09:30:01,$ 3242.00,100
1319,09:30:01,$ 3242.00,4
1320,09:30:01,$ 3242.00,40
1321,09:30:01,$ 3242.00,53
1322,09:30:01,$ 3242.00,1
1324,09:30:01,$ 3242.00,1
1325,09:30:01,$ 3242.00,12
1326,09:30:01,$ 3242.00,3
1327,09:30:01,$ 3242.00,100
1328,09:30:01,$ 3242.00,1
1329,09:30:01,$ 3242.00,100
1330,09:30:01,$ 3242.00,10
1331,09:30:01,$ 3242.00,200
1332,09:30:01,$ 3242.00,34
1333,09:30:01,$ 3242.00,27
1334,09:30:01,$ 3242.00,4
1335,09:30:01,$ 3242.00,3
1336,09:30:01,$ 3242.00,1
1337,09:30:01,$ 3242.00,4
1338,09:30:01,$ 3242.00,36
1339,09:30:01,$ 3242.00,"1,204"
1340,09:30:01,$ 3242.00,7
1341,09:30:01,$ 3242.00,7
1342,09:30:01,$ 3242.00,61
1343,09:30:01,$ 3242.00,9
1345,09:30:01,$ 3242.00,5
1346,09:30:01,$ 3242.00,5
1347,09:30:01,$ 3242.00,3
1348,09:30:01,$ 3242.00,6
1349,09:30:01,$ 3242.00,10
1350,09:30:01,$ 3242.00,1
1351,09:30:01,$ 3242.00,1
1352,09:30:01,$ 3242.00,1
1353,09:30:01,$ 3242.00,2
1354,09:30:01,$ 3242.00,10
1355,09:30:01,$ 3242.00,8
1356,09:30:01,$ 3242.00,1
1357,09:30:01,$ 3242.00,75
1358,09:30:01,$ 3242.00,60
1359,09:30:01,$ 3242.00,5
1360,09:30:01,$ 3242.00,13
1361,09:30:01,$ 3242.00,27
1362,09:30:01,$ 3242.00,1
1363,09:30:01,$ 3242.00,33
1364,09:30:01,$ 3242.00,1
1366,09:30:01,$ 3242.00,86
1367,09:30:01,$ 3242.00,150
1368,09:30:01,$ 3242.00,46
1369,09:30:01,$ 3242.00,2
1370,09:30:01,$ 3242.00,1
1371,09:30:01,$ 3242.00,10
1372,09:30:01,$ 3242.00,2
1373,09:30:01,$ 3242.00,1
1374,09:30:01,$ 3242.00,10
1375,09:30:01,$ 3242.00,35
1376,09:30:01,$ 3242.00,29
1377,09:30:01,$ 3242.00,11
1378,09:30:01,$ 3242.00,1
1379,09:30:01,$ 3242.00,9
1380,09:30:01,$ 3242.00,1
1381,09:30:01,$ 3242.00,55
1382,09:30:01,$ 3242.00,61
1383,09:30:01,$ 3242.00,1
1384,09:30:01,$ 3242.00,18
1385,09:30:01,$ 3242.00,300
1387,09:30:01,$ 3242.00,1
1388,09:30:01,$ 3242.00,6
1389,09:30:01,$ 3242.00,5
1390,09:30:01,$ 3242.00,1
1391,09:30:01,$ 3242.00,1
1392,09:30:01,$ 3242.00,64
1393,09:30:01,$ 3242.00,10
1394,09:30:01,$ 3242.00,1
1395,09:30:01,$ 3242.00,10
1396,09:30:01,$ 3242.00,1
1397,09:30:01,$ 3242.00,4
1398,09:30:01,$ 3242.00,2
1399,09:30:01,$ 3242.00,20
1400,09:30:01,$ 3242.00,3
1401,09:30:01,$ 3242.00,320
1402,09:30:01,$ 3242.00,1
1403,09:30:01,$ 3242.00,4
1404,09:30:01,$ 3242.00,10
1405,09:30:01,$ 3242.00,17
1406,09:30:01,$ 3242.00,22
1408,09:30:01,$ 3242.00,22
1409,09:30:01,$ 3242.00,20
1410,09:30:01,$ 3242.00,15
1411,09:30:01,$ 3242.00,7
1412,09:30:01,$ 3242.00,190
1413,09:30:01,$ 3242.00,10
1414,09:30:01,$ 3242.00,1
1415,09:30:01,$ 3242.00,5
1416,09:30:01,$ 3242.00,2
1417,09:30:01,$ 3242.00,15
1418,09:30:01,$ 3242.00,3
1419,09:30:01,$ 3242.00,40
1420,09:30:01,$ 3242.00,246
1421,09:30:01,$ 3242.00,476
1422,09:30:01,$ 3242.00,19
1423,09:30:01,$ 3242.00,2
1424,09:30:01,$ 3242.00,5
1425,09:30:01,$ 3242.00,3
1426,09:30:01,$ 3242.00,3
1427,09:30:01,$ 3242.00,15
1429,09:30:01,$ 3242.00,7
1430,09:30:01,$ 3242.00,1
1431,09:30:01,$ 3242.00,2
1432,09:30:01,$ 3242.00,1
1433,09:30:01,$ 3242.00,2
1434,09:30:01,$ 3242.00,3
1435,09:30:01,$ 3242.00,1
1436,09:30:01,$ 3242.00,3
1437,09:30:01,$ 3242.00,4
1438,09:30:01,$ 3242.00,1
1439,09:30:01,$ 3242.00,6
1440,09:30:01,$ 3242.00,900
1441,09:30:01,$ 3242.00,34
1442,09:30:01,$ 3242.00,1
1443,09:30:01,$ 3242.00,1
1444,09:30:01,$ 3242.00,1
1445,09:30:01,$ 3242.00,4
1446,09:30:01,$ 3242.00,10
1447,09:30:01,$ 3242.00,1
1448,09:30:01,$ 3242.00,18
1450,09:30:01,$ 3242.00,16
1451,09:30:01,$ 3242.00,10
1452,09:30:01,$ 3242.00,4
1453,09:30:01,$ 3242.00,4
1454,09:30:01,$ 3242.00,30
1455,09:30:01,$ 3242.00,24
1456,09:30:01,$ 3242.00,5
1457,09:30:01,$ 3242.00,1
1458,09:30:01,$ 3242.00,7
1459,09:30:01,$ 3242.00,50
1460,09:30:01,$ 3242.00,400
1461,09:30:01,$ 3242.00,30
1462,09:30:01,$ 3242.00,13
1463,09:30:01,$ 3242.00,2
1464,09:30:01,$ 3242.00,24
1465,09:30:01,$ 3242.00,1
1466,09:30:01,$ 3242.00,3
1467,09:30:01,$ 3242.00,1
1468,09:30:01,$ 3242.00,2
1469,09:30:01,$ 3242.00,130
1471,09:30:01,$ 3242.00,1
1472,09:30:01,$ 3242.00,5
1473,09:30:01,$ 3242.00,10
1474,09:30:01,$ 3242.00,1
1475,09:30:01,$ 3242.00,10
1476,09:30:01,$ 3242.00,29
1477,09:30:01,$ 3242.00,60
1478,09:30:01,$ 3242.00,100
1479,09:30:01,$ 3242.00,7
1480,09:30:01,$ 3242.00,10
1481,09:30:01,$ 3242.00,26
1482,09:30:01,$ 3242.00,10
1483,09:30:01,$ 3242.00,1
1484,09:30:01,$ 3242.00,12
1485,09:30:01,$ 3242.00,1
1486,09:30:01,$ 3242.00,2
1487,09:30:01,$ 3242.00,120
1488,09:30:01,$ 3242.00,2
1489,09:30:01,$ 3242.00,5
1490,09:30:01,$ 3242.00,1
1492,09:30:01,$ 3242.00,4
1493,09:30:01,$ 3242.00,1
1494,09:30:01,$ 3242.00,5
1495,09:30:01,$ 3242.00,1
1496,09:30:01,$ 3242.00,2
1497,09:30:01,$ 3242.00,3
1498,09:30:01,$ 3242.00,1
1499,09:30:01,$ 3242.00,1
1500,09:30:01,$ 3242.00,3
1501,09:30:01,$ 3242.00,1
1502,09:30:01,$ 3242.00,10
1503,09:30:01,$ 3242.00,1
1504,09:30:01,$ 3242.00,20
1505,09:30:01,$ 3242.00,2
1506,09:30:01,$ 3242.00,9
1507,09:30:01,$ 3242.00,22
1508,09:30:01,$ 3242.00,3
1509,09:30:01,$ 3242.00,4
1510,09:30:01,$ 3242.00,6
1511,09:30:01,$ 3242.00,1
1513,09:30:01,$ 3242.00,32
1514,09:30:01,$ 3242.00,14
1515,09:30:01,$ 3242.00,2
1516,09:30:01,$ 3242.00,39
1517,09:30:01,$ 3242.00,76
1518,09:30:01,$ 3242.00,1
1519,09:30:01,$ 3242.00,2
1520,09:30:01,$ 3242.00,16
1521,09:30:01,$ 3242.00,1
1522,09:30:01,$ 3242.00,3
1523,09:30:01,$ 3242.00,2
1524,09:30:01,$ 3242.00,5
1525,09:30:01,$ 3242.00,13
1526,09:30:01,$ 3242.00,6
1527,09:30:01,$ 3242.00,1
1528,09:30:01,$ 3242.00,1
1529,09:30:01,$ 3242.00,105
1530,09:30:01,$ 3242.00,10
1531,09:30:01,$ 3242.00,40
1532,09:30:01,$ 3242.00,5
1534,09:30:01,$ 3242.00,1
1535,09:30:01,$ 3242.00,4
1536,09:30:01,$ 3242.00,9
1537,09:30:01,$ 3242.00,1
1538,09:30:01,$ 3242.00,29
1539,09:30:01,$ 3242.00,37
1540,09:30:01,$ 3242.00,20
1541,09:30:01,$ 3242.00,13
1542,09:30:01,$ 3242.00,1
1543,09:30:01,$ 3242.00,1
1544,09:30:01,$ 3242.00,25
1545,09:30:01,$ 3242.00,3
1546,09:30:01,$ 3242.00,187
1547,09:30:01,$ 3242.00,1
1548,09:30:01,$ 3242.00,1
1549,09:30:01,$ 3242.00,3
1550,09:30:01,$ 3242.00,1
1551,09:30:01,$ 3242.00,20
1552,09:30:01,$ 3242.00,2
1553,09:30:01,$ 3242.00,5
1555,09:30:01,$ 3242.00,10
1556,09:30:01,$ 3242.00,3
1557,09:30:01,$ 3242.00,5
1558,09:30:01,$ 3242.00,121
1559,09:30:01,$ 3242.00,7
1560,09:30:01,$ 3242.00,8
1561,09:30:01,$ 3242.00,1
1562,09:30:01,$ 3242.00,8
1563,09:30:01,$ 3242.00,5
1564,09:30:01,$ 3242.00,2
1565,09:30:01,$ 3242.00,200
1566,09:30:01,$ 3242.00,4
1567,09:30:01,$ 3242.00,1
1568,09:30:01,$ 3242.00,1
1569,09:30:01,$ 3242.00,1
1570,09:30:01,$ 3242.00,5
1571,09:30:01,$ 3242.00,10
1572,09:30:01,$ 3242.00,1
1573,09:30:01,$ 3242.00,1
1574,09:30:01,$ 3242.00,1
1576,09:30:01,$ 3242.00,1
1577,09:30:01,$ 3242.00,2
1578,09:30:01,$ 3242.00,10
1579,09:30:01,$ 3242.00,2
1580,09:30:01,$ 3242.00,25
1581,09:30:01,$ 3242.00,1
1582,09:30:01,$ 3242.00,1
1583,09:30:01,$ 3242.00,3
1584,09:30:01,$ 3242.00,1
1585,09:30:01,$ 3242.00,1
1586,09:30:01,$ 3242.00,1
1587,09:30:01,$ 3242.00,1
1588,09:30:01,$ 3242.00,2
1589,09:30:01,$ 3242.00,1
1590,09:30:01,$ 3242.00,2
1591,09:30:01,$ 3242.00,25
1592,09:30:01,$ 3242.00,4
1593,09:30:01,$ 3242.00,1
1594,09:30:01,$ 3242.00,2
1595,09:30:01,$ 3242.00,1
1597,09:30:01,$ 3242.00,1
1598,09:30:01,$ 3242.00,3
1599,09:30:01,$ 3242.00,10
1600,09:30:01,$ 3242.00,17
1601,09:30:01,$ 3242.00,15
1602,09:30:01,$ 3242.00,1
1603,09:30:01,$ 3242.00,1
1604,09:30:01,$ 3242.00,2
1605,09:30:01,$ 3242.00,1
1606,09:30:01,$ 3242.00,1
1607,09:30:01,$ 3242.00,1
1608,09:30:01,$ 3242.00,1
1609,09:30:01,$ 3242.00,2
1610,09:30:01,$ 3242.00,1
1611,09:30:01,$ 3242.00,1
1612,09:30:01,$ 3242.00,1
1613,09:30:01,$ 3242.00,1
1614,09:30:01,$ 3242.00,3
1615,09:30:01,$ 3242.00,6
1616,09:30:01,$ 3242.00,7
1618,09:30:01,$ 3242.00,1
1619,09:30:01,$ 3242.00,2
1620,09:30:01,$ 3242.00,1
1621,09:30:01,$ 3242.00,1
1622,09:30:01,$ 3242.00,50
1623,09:30:01,$ 3242.00,1
1624,09:30:01,$ 3242.00,2
1625,09:30:01,$ 3242.00,2
1626,09:30:01,$ 3242.00,2
1627,09:30:01,$ 3242.00,5
1628,09:30:01,$ 3242.00,1
1629,09:30:01,$ 3242.00,8
1630,09:30:01,$ 3242.00,8
1631,09:30:01,$ 3242.00,2
1632,09:30:01,$ 3242.00,6
1633,09:30:01,$ 3242.00,1
1634,09:30:01,$ 3242.00,4
1635,09:30:01,$ 3242.00,1
1636,09:30:01,$ 3242.00,4
1637,09:30:01,$ 3242.00,5
1639,09:30:01,$ 3242.00,1
1640,09:30:01,$ 3242.00,1
1641,09:30:01,$ 3242.00,2
1642,09:30:01,$ 3242.00,15
1643,09:30:01,$ 3242.00,20
1644,09:30:01,$ 3242.00,1
1645,09:30:01,$ 3242.00,1
1646,09:30:01,$ 3242.00,1
1647,09:30:01,$ 3242.00,1
1648,09:30:01,$ 3242.00,1
1649,09:30:01,$ 3242.00,26
1650,09:30:01,$ 3242.00,5
1651,09:30:01,$ 3242.00,3
1652,09:30:01,$ 3242.00,2
1653,09:30:01,$ 3242.00,2
1654,09:30:01,$ 3242.00,20
1655,09:30:01,$ 3242.00,1
1656,09:30:01,$ 3242.00,5
1657,09:30:01,$ 3242.00,25
1658,09:30:01,$ 3242.00,2
1660,09:30:01,$ 3242.00,45
1661,09:30:01,$ 3242.00,2
1662,09:30:01,$ 3242.00,4
1663,09:30:01,$ 3242.00,3
1664,09:30:01,$ 3242.00,3
1665,09:30:01,$ 3242.00,2
1666,09:30:01,$ 3242.00,2
1667,09:30:01,$ 3242.00,25
1668,09:30:01,$ 3242.00,4
1669,09:30:01,$ 3242.00,1
1670,09:30:01,$ 3242.00,10
1671,09:30:01,$ 3242.00,8
1672,09:30:01,$ 3242.00,4
1673,09:30:01,$ 3242.00,8
1674,09:30:01,$ 3242.00,18
1675,09:30:01,$ 3242.00,47
1676,09:30:01,$ 3242.00,2
1677,09:30:01,$ 3242.00,5
1678,09:30:01,$ 3242.00,137
1679,09:30:01,$ 3242.00,30
1681,09:30:01,$ 3242.00,10
1682,09:30:01,$ 3242.00,3
1683,09:30:01,$ 3242.00,87
1684,09:30:01,$ 3242.00,1
1685,09:30:01,$ 3242.00,90
1686,09:30:01,$ 3242.00,185
1687,09:30:01,$ 3242.00,8
1688,09:30:01,$ 3242.00,1
1689,09:30:01,$ 3242.00,1
1690,09:30:01,$ 3242.00,2
1691,09:30:01,$ 3242.00,1
1692,09:30:01,$ 3242.00,2
1693,09:30:01,$ 3242.00,3
1694,09:30:01,$ 3242.00,3
1695,09:30:01,$ 3242.00,10
1696,09:30:01,$ 3242.00,60
1697,09:30:01,$ 3242.00,32
1698,09:30:01,$ 3242.00,1
1699,09:30:01,$ 3242.00,3
1700,09:30:01,$ 3242.00,15
1702,09:30:01,$ 3242.00,1
1703,09:30:01,$ 3242.00,10
1704,09:30:01,$ 3242.00,1
1705,09:30:01,$ 3242.00,2
1706,09:30:01,$ 3242.00,1
1707,09:30:01,$ 3242.00,2
1708,09:30:01,$ 3242.00,2
1709,09:30:01,$ 3242.00,1
1710,09:30:01,$ 3242.00,3
1711,09:30:01,$ 3242.00,1
1712,09:30:01,$ 3242.00,1
1713,09:30:01,$ 3242.00,582
1714,09:30:01,$ 3242.00,346
1715,09:30:01,$ 3242.00,1
1716,09:30:01,$ 3242.00,1
1717,09:30:01,$ 3242.00,1
1718,09:30:01,$ 3242.00,1
1719,09:30:01,$ 3242.00,1
1720,09:30:01,$ 3242.00,18
1721,09:30:01,$ 3242.00,2
1723,09:30:01,$ 3242.00,1
1724,09:30:01,$ 3242.00,1
1725,09:30:01,$ 3242.00,1
1726,09:30:01,$ 3242.00,12
1727,09:30:01,$ 3242.00,1
1728,09:30:01,$ 3242.00,2
1729,09:30:01,$ 3242.00,6
1730,09:30:01,$ 3242.00,2
1731,09:30:01,$ 3242.00,25
1732,09:30:01,$ 3242.00,1
1733,09:30:01,$ 3242.00,1
1734,09:30:01,$ 3242.00,1
1735,09:30:01,$ 3242.00,20
1736,09:30:01,$ 3242.00,5
1737,09:30:01,$ 3242.00,1
1738,09:30:01,$ 3242.00,1
1739,09:30:01,$ 3242.00,4
1740,09:30:01,$ 3242.00,1
1741,09:30:01,$ 3242.00,12
1742,09:30:01,$ 3242.00,5
1744,09:30:01,$ 3242.00,5
1745,09:30:01,$ 3242.00,1
1746,09:30:01,$ 3242.00,3
1747,09:30:01,$ 3242.00,1
1748,09:30:01,$ 3242.00,3
1749,09:30:01,$ 3242.00,5
1750,09:30:01,$ 3242.00,10
1751,09:30:01,$ 3242.00,4
1752,09:30:01,$ 3242.00,177
1753,09:30:01,$ 3242.00,1
1754,09:30:01,$ 3242.00,3
1755,09:30:01,$ 3242.00,10
1756,09:30:01,$ 3242.00,10
1757,09:30:01,$ 3242.00,5
1758,09:30:01,$ 3242.00,2
1759,09:30:01,$ 3242.00,2
1760,09:30:01,$ 3242.00,4
1761,09:30:01,$ 3242.00,1
1762,09:30:01,$ 3242.00,1
1763,09:30:01,$ 3242.00,1
1765,09:30:01,$ 3242.00,4
1766,09:30:01,$ 3242.00,3
1767,09:30:01,$ 3242.00,3
1768,09:30:01,$ 3242.00,1
1769,09:30:01,$ 3242.00,1
1770,09:30:01,$ 3242.00,6
1771,09:30:01,$ 3242.00,2
1772,09:30:01,$ 3242.00,2
1773,09:30:01,$ 3242.00,10
1774,09:30:01,$ 3242.00,1
1775,09:30:01,$ 3242.00,2
1776,09:30:01,$ 3242.00,1
1777,09:30:01,$ 3242.00,2
1778,09:30:01,$ 3242.00,3
1779,09:30:01,$ 3242.00,1
1780,09:30:01,$ 3242.00,1
1781,09:30:01,$ 3242.00,311
1782,09:30:01,$ 3242.00,46
1783,09:30:01,$ 3242.00,49
1784,09:30:01,$ 3242.00,52
1786,09:30:01,$ 3242.00,56
1787,09:30:01,$ 3242.00,47
1788,09:30:01,$ 3242.00,9
1789,09:30:01,$ 3242.00,30
1790,09:30:01,$ 3242.00,27
1791,09:30:01,$ 3242.00,23
1792,09:30:01,$ 3242.00,84
1793,09:30:01,$ 3242.00,15
1794,09:30:01,$ 3242.00,77
1795,09:30:01,$ 3242.00,80
1796,09:30:01,$ 3242.00,10
1797,09:30:01,$ 3242.00,10
1798,09:30:01,$ 3242.00,80
1799,09:30:01,$ 3242.00,4
1800,09:30:01,$ 3242.00,2
1801,09:30:01,$ 3242.00,1
1802,09:30:01,$ 3242.00,3
1803,09:30:01,$ 3242.00,1
1804,09:30:01,$ 3242.00,1
1805,09:30:01,$ 3242.00,80
1807,09:30:01,$ 3242.00,3
1808,09:30:01,$ 3242.00,2
1809,09:30:01,$ 3242.00,1
1810,09:30:01,$ 3242.00,4
1811,09:30:01,$ 3242.00,2
1812,09:30:01,$ 3242.00,2
1813,09:30:01,$ 3242.00,80
1814,09:30:01,$ 3242.00,1
1815,09:30:01,$ 3242.00,1
1816,09:30:01,$ 3242.00,79
1817,09:30:01,$ 3242.00,1
1818,09:30:01,$ 3242.00,2
1819,09:30:01,$ 3242.00,10
1820,09:30:01,$ 3242.00,5
1821,09:30:01,$ 3242.00,1
1822,09:30:01,$ 3242.00,50
1823,09:30:01,$ 3242.00,2
1824,09:30:01,$ 3242.00,4
1825,09:30:01,$ 3242.00,1
1826,09:30:01,$ 3242.00,80
1828,09:30:01,$ 3242.00,50
1829,09:30:01,$ 3242.00,1
1830,09:30:01,$ 3242.00,6
1831,09:30:01,$ 3242.00,1
1832,09:30:01,$ 3242.00,80
1833,09:30:01,$ 3242.00,1
1834,09:30:01,$ 3242.00,2
1835,09:30:01,$ 3242.00,10
1836,09:30:01,$ 3242.00,1
1837,09:30:01,$ 3242.00,2
1838,09:30:01,$ 3242.00,5
1839,09:30:01,$ 3242.00,3
1840,09:30:01,$ 3242.00,6
1841,09:30:01,$ 3242.00,1
1842,09:30:01,$ 3242.00,1
1843,09:30:01,$ 3242.00,12
1844,09:30:01,$ 3242.00,1
1845,09:30:01,$ 3242.00,1
1846,09:30:01,$ 3242.00,2
1847,09:30:01,$ 3242.00,1
1849,09:30:01,$ 3242.00,2
1850,09:30:01,$ 3242.00,1
1851,09:30:01,$ 3242.00,2
1852,09:30:01,$ 3242.00,30
1853,09:30:01,$ 3242.00,1
1854,09:30:01,$ 3242.00,80
1855,09:30:01,$ 3242.00,80
1856,09:30:01,$ 3242.00,184
1857,09:30:01,$ 3242.00,80
1858,09:30:01,$ 3242.00,1
1859,09:30:01,$ 3242.00,2
1860,09:30:01,$ 3242.00,1
1861,09:30:01,$ 3242.00,5
1862,09:30:01,$ 3242.00,1
1863,09:30:01,$ 3242.00,1
1864,09:30:01,$ 3242.00,2
1865,09:30:01,$ 3242.00,80
1866,09:30:01,$ 3242.00,1
1867,09:30:01,$ 3242.00,80
1868,09:30:01,$ 3242.00,1
1870,09:30:01,$ 3242.00,3
1871,09:30:01,$ 3242.00,3
1872,09:30:01,$ 3242.00,80
1873,09:30:01,$ 3242.00,80
1874,09:30:01,$ 3242.00,200
1875,09:30:01,$ 3242.00,1
1876,09:30:01,$ 3242.00,80
1877,09:30:01,$ 3242.00,2
1878,09:30:01,$ 3242.00,9
1879,09:30:01,$ 3242.00,79
1880,09:30:01,$ 3242.00,40
1881,09:30:01,$ 3242.00,40
1882,09:30:01,$ 3242.00,3
1883,09:30:01,$ 3242.00,40
1884,09:30:01,$ 3242.00,40
1885,09:30:01,$ 3242.00,40
1886,09:30:01,$ 3242.00,40
1887,09:30:01,$ 3242.00,40
1888,09:30:01,$ 3242.00,40
1889,09:30:01,$ 3242.00,16
1891,09:30:01,$ 3242.00,5
1892,09:30:01,$ 3242.00,5
1893,09:30:01,$ 3242.00,2
1894,09:30:01,$ 3242.00,11
1895,09:30:01,$ 3242.00,3
1896,09:30:01,$ 3242.00,1
1897,09:30:01,$ 3242.00,1
1898,09:30:01,$ 3242.00,10
1899,09:30:01,$ 3242.00,30
1900,09:30:01,$ 3242.00,1
1901,09:30:01,$ 3242.00,1
1902,09:30:01,$ 3242.00,5
1903,09:30:01,$ 3242.00,100
1904,09:30:01,$ 3242.00,2
1905,09:30:01,$ 3242.00,10
1906,09:30:01,$ 3242.00,24
1907,09:30:01,$ 3242.00,15
1908,09:30:01,$ 3242.00,1
1909,09:30:01,$ 3242.00,1
1910,09:30:01,$ 3242.00,1
1912,09:30:01,$ 3242.00,1
1913,09:30:01,$ 3242.00,20
1914,09:30:01,$ 3242.00,20
1915,09:30:01,$ 3242.00,10
1916,09:30:01,$ 3242.00,10
1917,09:30:01,$ 3242.00,10
1918,09:30:01,$ 3242.00,10
1919,09:30:01,$ 3242.00,10
1920,09:30:01,$ 3242.00,10
1921,09:30:01,$ 3242.00,10
1922,09:30:01,$ 3242.00,1
1923,09:30:01,$ 3242.00,25
1924,09:30:01,$ 3242.00,6
1925,09:30:01,$ 3242.00,1
1926,09:30:01,$ 3242.00,2
1927,09:30:01,$ 3242.00,7
1928,09:30:01,$ 3242.00,15
1929,09:30:00,$ 3242.00,62
1930,09:30:00,$ 3242.00,18
1932,10:29:54,$ 3235.11,100
1933,10:29:48,$ 3235.5563,100
1934,10:29:42,$ 3235.155,100
1935,10:29:31,$ 3235.00,711
1936,10:29:31,$ 3235.00,100
1937,10:29:26,$ 3235.00,575
1938,10:29:26,$ 3235.245,100
1939,10:29:20,$ 3235.89,100
1940,10:29:12,$ 3236.14,100
1941,10:28:46,$ 3236.25,122
1942,10:28:35,$ 3236.80,100
1943,10:28:35,$ 3236.76,100
1944,10:28:31,$ 3237.35,100
1945,10:28:30,$ 3237.17,100
1946,10:28:30,$ 3237.17,100
1947,10:28:30,$ 3237.17,100
1948,10:28:25,$ 3236.735,100
1949,10:28:09,$ 3236.8182,200
1950,10:28:01,$ 3236.055,300
1951,10:27:46,$ 3236.88,155
1953,10:27:46,$ 3236.49,100
1954,10:27:46,$ 3236.86,100
1955,10:27:46,$ 3236.13,100
1956,10:27:32,$ 3236.34,100
1957,10:27:15,$ 3236.75,324
1958,10:27:15,$ 3236.75,100
1959,10:27:15,$ 3236.75,372
1960,10:27:07,$ 3236.59,300
1961,10:27:07,$ 3236.39,100
1962,10:27:07,$ 3236.58,300
1963,10:27:07,$ 3236.552,100
1964,10:27:07,$ 3236.75,100
1965,10:27:07,$ 3236.75,100
1966,10:26:53,$ 3237.25,700
1967,10:26:51,$ 3237.41,167
1968,10:26:49,$ 3237.31,100
1969,10:26:38,$ 3237.0439,100
1970,10:26:38,$ 3236.35,100
1971,10:26:14,$ 3236.655,100
1972,10:26:13,$ 3236.6693,100
1974,10:26:10,$ 3237.31,100
1975,10:25:44,$ 3237.65,100
1976,10:25:38,$ 3237.00,100
1977,10:25:28,$ 3237.505,100
1978,10:25:17,$ 3236.82,100
1979,10:25:17,$ 3236.67,100
1980,10:25:16,$ 3236.78,100
1981,10:25:12,$ 3237.01,100
1982,10:25:12,$ 3237.00,100
1983,10:25:07,$ 3238.13,100
1984,10:25:00,$ 3238.28,200
1985,10:24:58,$ 3238.04,100
1986,10:24:53,$ 3238.595,100
1987,10:24:45,$ 3238.985,200
1988,10:24:24,$ 3238.78,100
1989,10:24:17,$ 3238.78,100
1990,10:24:17,$ 3238.92,100
1991,10:24:17,$ 3238.89,103
1992,10:24:05,$ 3240.10,100
1993,10:24:05,$ 3240.10,100
1995,10:24:05,$ 3240.10,100
1996,10:24:05,$ 3240.10,100
1997,10:23:25,$ 3238.915,100
1998,10:23:25,$ 3238.07,100
1999,10:23:25,$ 3238.27,100
2000,10:23:25,$ 3238.42,100
2001,10:23:25,$ 3238.71,100
2002,10:23:24,$ 3237.405,100
2003,10:23:23,$ 3238.44,100
2004,10:23:23,$ 3238.22,100
2005,10:22:56,$ 3238.875,100
2006,10:22:09,$ 3238.00,185
2007,10:21:56,$ 3238.18,100
2008,10:21:53,$ 3238.48,100
2009,10:21:51,$ 3238.35,100
2010,10:21:51,$ 3238.02,100
2011,10:21:51,$ 3238.0005,100
2012,10:21:51,$ 3238.03,100
2013,10:21:51,$ 3238.13,100
2014,10:21:51,$ 3238.0038,100
2016,10:21:51,$ 3238.25,300
2017,10:21:51,$ 3238.22,100
2018,10:21:36,$ 3239.16,100
2019,10:21:30,$ 3238.39,100
2020,10:21:30,$ 3237.48,100
2021,10:21:28,$ 3237.50,100
2022,10:21:24,$ 3238.0175,100
2023,10:21:07,$ 3237.6806,500
2024,10:20:39,$ 3238.62,100
2025,10:20:39,$ 3238.96,100
2026,10:20:39,$ 3238.80,100
2027,10:20:23,$ 3239.21,100
2028,10:20:16,$ 3239.77,100
2029,10:19:34,$ 3240.66,139
2030,10:19:30,$ 3241.15,118
2031,10:19:29,$ 3240.82,100
2032,10:19:29,$ 3240.82,100
2033,10:19:29,$ 3240.82,100
2034,10:19:24,$ 3241.295,200
2035,10:19:07,$ 3241.57,100
2037,10:19:03,$ 3241.28,100
2038,10:19:02,$ 3241.00,100
2039,10:19:02,$ 3241.335,100
2040,10:18:38,$ 3240.39,100
2041,10:18:31,$ 3240.85,100
2042,10:18:22,$ 3241.00,100
2043,10:18:11,$ 3241.00,100
2044,10:18:11,$ 3240.735,100
2045,10:18:11,$ 3241.69,400
2046,10:18:06,$ 3241.09,139
2047,10:17:59,$ 3240.885,100
2048,10:17:58,$ 3240.18,100
2049,10:17:58,$ 3240.17,130
2050,10:17:40,$ 3241.00,287
2051,10:17:40,$ 3240.73,300
2052,10:17:40,$ 3241.00,100
2053,10:17:40,$ 3241.00,224
2054,10:17:40,$ 3241.00,550
2055,10:17:40,$ 3241.00,100
2056,10:17:39,$ 3240.54,100
2058,10:17:38,$ 3240.38,100
2059,10:17:38,$ 3240.40,100
2060,10:17:37,$ 3240.40,150
2061,10:17:37,$ 3240.37,100
2062,10:17:37,$ 3240.40,104
2063,10:17:36,$ 3240.31,100
2064,10:17:36,$ 3240.37,300
2065,10:17:36,$ 3240.16,100
2066,10:17:33,$ 3240.1689,100
2067,10:17:26,$ 3240.39,135
2068,10:17:26,$ 3240.38,100
2069,10:17:25,$ 3240.39,100
2070,10:17:25,$ 3240.28,100
2071,10:17:25,$ 3240.15,100
2072,10:17:25,$ 3240.15,100
2073,10:17:25,$ 3240.10,100
2074,10:17:25,$ 3240.15,100
2075,10:17:25,$ 3240.15,100
2076,10:17:18,$ 3239.70,100
2077,10:16:51,$ 3238.63,100
2079,10:16:39,$ 3238.1075,100
2080,10:16:26,$ 3237.5726,117
2081,10:16:23,$ 3238.105,100
2082,10:16:00,$ 3238.57,100
2083,10:15:55,$ 3237.78,100
2084,10:15:55,$ 3237.78,100
2085,10:15:27,$ 3237.72,100
2086,10:15:26,$ 3238.40,100
2087,10:15:15,$ 3238.29,100
2088,10:15:11,$ 3239.00,100
2089,10:14:53,$ 3237.995,100
2090,10:14:46,$ 3238.40,100
2091,10:14:44,$ 3238.40,100
2092,10:14:43,$ 3238.64,100
2093,10:14:35,$ 3238.50,250
2094,10:14:34,$ 3238.25,100
2095,10:14:34,$ 3238.08,100
2096,10:14:34,$ 3238.13,100
2097,10:14:25,$ 3237.71,100
2098,10:14:17,$ 3237.76,100
2100,10:13:53,$ 3237.33,100
2101,10:13:33,$ 3238.0101,"1,800"
2102,10:13:33,$ 3238.20,100
2103,10:13:33,$ 3238.39,100
2104,10:13:16,$ 3238.3828,109
2105,10:12:56,$ 3238.66,100
2106,10:12:55,$ 3238.39,100
2107,10:12:42,$ 3237.35,100
2108,10:12:39,$ 3237.775,155
2109,10:12:39,$ 3237.44,100
2110,10:12:22,$ 3239.335,100
2111,10:12:22,$ 3239.06,100
2112,10:12:22,$ 3238.85,100
2113,10:12:22,$ 3239.00,600
2114,10:12:13,$ 3238.41,100
2115,10:12:13,$ 3238.41,100
2116,10:12:13,$ 3238.73,100
2117,10:12:12,$ 3238.45,100
2118,10:12:10,$ 3238.305,100
2119,10:11:52,$ 3238.61,100
2121,10:11:52,$ 3238.61,100
2122,10:11:48,$ 3237.735,100
2123,10:11:19,$ 3238.28,100
2124,10:11:19,$ 3238.06,100
2125,10:11:14,$ 3239.14,100
2126,10:11:11,$ 3239.04,100
2127,10:11:03,$ 3238.73,100
2128,10:11:03,$ 3238.74,100
2129,10:10:53,$ 3237.88,100
2130,10:10:53,$ 3237.88,100
2131,10:10:41,$ 3238.48,100
2132,10:10:26,$ 3237.95,100
2133,10:10:06,$ 3237.61,100
2134,10:10:02,$ 3237.35,100
2135,10:09:59,$ 3237.23,100
2136,10:09:52,$ 3238.26,100
2137,10:09:52,$ 3238.26,100
2138,10:09:44,$ 3237.21,100
2139,10:09:39,$ 3237.50,100
2140,10:09:28,$ 3238.45,100
2142,10:09:26,$ 3238.8556,100
2143,10:09:20,$ 3238.86,100
2144,10:09:20,$ 3238.86,100
2145,10:09:08,$ 3238.85,100
2146,10:09:04,$ 3239.35,100
2147,10:08:51,$ 3238.74,100
2148,10:08:51,$ 3238.74,100
2149,10:08:41,$ 3238.57,200
2150,10:08:40,$ 3239.00,100
2151,10:08:40,$ 3239.00,600
2152,10:08:40,$ 3239.00,234
2153,10:08:39,$ 3239.665,100
2154,10:08:38,$ 3239.98,100
2155,10:08:37,$ 3239.98,100
2156,10:08:37,$ 3239.39,100
2157,10:08:37,$ 3239.50,100
2158,10:08:34,$ 3239.03,100
2159,10:08:23,$ 3238.07,100
2160,10:08:23,$ 3238.08,100
2161,10:08:23,$ 3238.01,100
2163,10:08:23,$ 3238.06,100
2164,10:08:23,$ 3237.107,100
2165,10:08:19,$ 3238.02,100
2166,10:08:10,$ 3237.69,100
2167,10:07:57,$ 3238.59,100
2168,10:07:57,$ 3238.06,100
2169,10:07:57,$ 3238.59,100
2170,10:07:46,$ 3237.603,100
2171,10:07:46,$ 3237.40,100
2172,10:07:46,$ 3237.55,100
2173,10:07:46,$ 3237.38,100
2174,10:07:46,$ 3237.92,100
2175,10:07:46,$ 3237.40,100
2176,10:07:46,$ 3237.40,100
2177,10:07:46,$ 3237.3835,100
2178,10:07:46,$ 3237.72,100
2179,10:07:18,$ 3238.61,100
2180,10:07:12,$ 3239.18,100
2181,10:07:08,$ 3238.51,100
2182,10:07:00,$ 3239.8468,"1,000"
2184,10:06:58,$ 3239.00,100
2185,10:06:57,$ 3240.22,100
2186,10:06:57,$ 3239.74,100
2187,10:06:54,$ 3239.63,100
2188,10:06:54,$ 3239.19,100
2189,10:06:54,$ 3238.90,100
2190,10:06:53,$ 3238.4325,100
2191,10:06:49,$ 3239.04,100
2192,10:06:46,$ 3239.02,100
2193,10:06:45,$ 3239.84,100
2194,10:06:45,$ 3239.42,100
2195,10:06:45,$ 3239.40,100
2196,10:06:43,$ 3238.14,114
2197,10:06:27,$ 3240.13,100
2198,10:06:27,$ 3239.56,111
2199,10:06:26,$ 3240.175,100
2200,10:06:26,$ 3239.10,143
2201,10:05:59,$ 3235.915,100
2202,10:05:59,$ 3236.40,100
2203,10:05:59,$ 3235.98,100
2205,10:05:54,$ 3236.055,100
2206,10:05:52,$ 3235.875,100
2207,10:05:47,$ 3236.96,133
2208,10:05:39,$ 3236.69,100
2209,10:05:38,$ 3235.595,100
2210,10:05:25,$ 3236.21,100
2211,10:05:16,$ 3235.64,100
2212,10:05:07,$ 3234.833,500
2213,10:05:03,$ 3236.00,261
2214,10:05:03,$ 3236.00,103
2215,10:05:00,$ 3236.49,100
2216,10:05:00,$ 3236.27,100
2217,10:04:43,$ 3236.39,100
2218,10:04:42,$ 3236.00,584
2219,10:04:41,$ 3236.37,100
2220,10:04:41,$ 3236.32,100
2221,10:04:41,$ 3236.16,100
2222,10:04:31,$ 3235.35,100
2223,10:04:26,$ 3234.00,204
2224,10:04:25,$ 3234.30,100
2226,10:04:25,$ 3234.33,100
2227,10:04:21,$ 3234.72,100
2228,10:04:20,$ 3234.725,100
2229,10:04:20,$ 3234.00,146
2230,10:04:20,$ 3234.92,100
2231,10:04:20,$ 3234.915,100
2232,10:04:19,$ 3235.50,100
2233,10:04:07,$ 3235.33,100
2234,10:04:02,$ 3236.30,100
2235,10:04:01,$ 3235.95,100
2236,10:03:57,$ 3236.56,100
2237,10:03:57,$ 3236.61,100
2238,10:03:57,$ 3235.3538,130
2239,10:03:52,$ 3236.71,100
2240,10:03:37,$ 3234.92,100
2241,10:03:26,$ 3235.47,100
2242,10:03:20,$ 3235.515,100
2243,10:03:19,$ 3234.77,104
2244,10:03:14,$ 3235.01,100
2245,10:03:07,$ 3235.515,100
2247,10:02:56,$ 3234.19,100
2248,10:02:48,$ 3233.42,100
2249,10:02:45,$ 3233.80,100
2250,10:02:40,$ 3233.59,100
2251,10:02:40,$ 3233.68,100
2252,10:02:38,$ 3233.00,100
2253,10:02:38,$ 3233.11,100
2254,10:02:37,$ 3233.15,100
2255,10:02:34,$ 3233.1101,309
2256,10:02:34,$ 3233.20,100
2257,10:02:31,$ 3233.69,100
2258,10:02:31,$ 3234.04,130
2259,10:02:24,$ 3234.13,250
2260,10:02:22,$ 3234.95,100
2261,10:02:16,$ 3234.12,100
2262,10:02:13,$ 3235.58,100
2263,10:02:12,$ 3235.44,100
2264,10:02:11,$ 3235.61,100
2265,10:02:08,$ 3236.17,100
2266,10:02:08,$ 3235.81,100
2268,10:02:07,$ 3235.81,100
2269,10:01:56,$ 3236.11,100
2270,10:01:55,$ 3236.065,100
2271,10:01:46,$ 3236.79,100
2272,10:01:43,$ 3238.51,141
2273,10:01:40,$ 3236.66,100
2274,10:01:39,$ 3237.214,100
2275,10:01:39,$ 3237.00,100
2276,10:01:39,$ 3237.0035,100
2277,10:01:39,$ 3237.03,100
2278,10:01:39,$ 3237.00,100
2279,10:01:39,$ 3237.07,100
2280,10:01:34,$ 3238.27,100
2281,10:01:32,$ 3238.00,100
2282,10:01:31,$ 3238.25,100
2283,10:01:31,$ 3237.48,100
2284,10:01:21,$ 3238.775,100
2285,10:01:21,$ 3238.62,100
2286,10:01:14,$ 3238.50,100
2287,10:01:08,$ 3239.40,100
2289,10:00:55,$ 3239.40,100
2290,10:00:55,$ 3239.22,100
2291,10:00:55,$ 3239.18,100
2292,10:00:55,$ 3239.125,100
2293,10:00:54,$ 3239.1025,100
2294,10:00:48,$ 3239.90,100
2295,10:00:47,$ 3240.00,100
2296,10:00:47,$ 3239.60,200
2297,10:00:30,$ 3240.365,100
2298,10:00:30,$ 3240.365,100
2299,10:00:30,$ 3239.77,100
2300,10:00:30,$ 3240.36,100
2301,10:00:30,$ 3239.19,100
2302,10:00:30,$ 3240.00,100
2303,10:00:30,$ 3239.77,100
2304,10:00:30,$ 3240.365,100
2305,10:00:28,$ 3240.01,100
2306,10:00:24,$ 3240.87,100
2307,10:00:24,$ 3240.76,103
2308,10:00:24,$ 3240.74,100
2310,10:00:24,$ 3240.56,100
2311,10:00:20,$ 3239.77,300
2312,10:00:11,$ 3240.005,100
2313,10:00:11,$ 3240.00,100
2314,10:00:11,$ 3239.505,"1,200"
2315,10:00:04,$ 3240.12,100
2317,10:59:05,$ 3241.28,100
2318,10:59:00,$ 3240.42,100
2319,10:58:59,$ 3240.675,200
2320,10:58:33,$ 3241.42,100
2321,10:58:26,$ 3241.74,100
2322,10:58:19,$ 3241.405,100
2323,10:58:02,$ 3241.74,100
2324,10:57:41,$ 3242.87,100
2325,10:57:41,$ 3242.73,100
2326,10:57:39,$ 3242.53,100
2327,10:57:39,$ 3242.52,100
2328,10:57:39,$ 3242.67,100
2329,10:57:39,$ 3242.66,100
2330,10:57:30,$ 3243.02,100
2331,10:56:48,$ 3244.04,100
2332,10:56:43,$ 3244.04,100
2333,10:56:39,$ 3243.68,100
2334,10:56:39,$ 3243.68,100
2335,10:56:02,$ 3243.90,100
2336,10:56:02,$ 3243.92,100
2338,10:56:00,$ 3243.06,100
2339,10:55:52,$ 3243.42,100
2340,10:55:32,$ 3244.70,200
2341,10:55:32,$ 3244.67,100
2342,10:55:18,$ 3244.4732,100
2343,10:55:06,$ 3244.42,100
2344,10:54:59,$ 3243.60,100
2345,10:54:50,$ 3243.01,100
2346,10:54:46,$ 3243.335,100
2347,10:54:34,$ 3243.27,238
2348,10:54:34,$ 3243.27,120
2349,10:54:34,$ 3243.27,135
2350,10:54:34,$ 3243.50,100
2351,10:54:34,$ 3243.33,100
2352,10:54:34,$ 3243.27,150
2353,10:54:30,$ 3243.6833,100
2354,10:54:24,$ 3243.57,100
2355,10:54:24,$ 3243.685,100
2356,10:54:10,$ 3244.185,100
2357,10:54:10,$ 3244.185,200
2359,10:53:38,$ 3244.20,300
2360,10:53:35,$ 3244.44,191
2361,10:53:31,$ 3243.50,100
2362,10:53:28,$ 3243.29,100
2363,10:53:21,$ 3243.6618,100
2364,10:53:19,$ 3243.16,100
2365,10:53:08,$ 3242.97,100
2366,10:53:08,$ 3243.00,130
2367,10:53:08,$ 3242.7275,100
2368,10:53:08,$ 3242.92,100
2369,10:52:44,$ 3242.0835,"1,000"
2370,10:52:08,$ 3241.57,100
2371,10:51:33,$ 3241.15,100
2372,10:51:32,$ 3241.51,353
2373,10:51:32,$ 3241.48,100
2374,10:51:32,$ 3241.99,185
2375,10:51:32,$ 3241.485,200
2376,10:51:32,$ 3241.50,100
2377,10:51:32,$ 3241.43,100
2378,10:51:32,$ 3241.50,300
2380,10:51:32,$ 3241.65,100
2381,10:51:32,$ 3241.26,100
2382,10:51:32,$ 3241.19,100
2383,10:51:14,$ 3240.33,100
2384,10:51:14,$ 3240.40,100
2385,10:51:14,$ 3240.33,100
2386,10:51:13,$ 3240.33,100
2387,10:51:13,$ 3240.33,100
2388,10:51:12,$ 3240.165,200
2389,10:50:55,$ 3240.09,100
2390,10:50:55,$ 3240.43,100
2391,10:50:47,$ 3240.28,100
2392,10:50:27,$ 3240.18,100
2393,10:50:12,$ 3240.345,100
2394,10:49:54,$ 3240.26,100
2395,10:49:43,$ 3239.38,100
2396,10:49:30,$ 3238.78,100
2397,10:49:30,$ 3238.78,100
2398,10:49:17,$ 3239.33,100
2399,10:49:17,$ 3239.36,100
2401,10:49:17,$ 3239.39,100
2402,10:49:17,$ 3239.39,100
2403,10:49:17,$ 3239.34,100
2404,10:49:17,$ 3239.13,100
2405,10:49:17,$ 3239.13,100
2406,10:49:17,$ 3238.92,100
2407,10:49:17,$ 3238.92,100
2408,10:49:17,$ 3238.42,100
2409,10:47:51,$ 3239.05,200
2410,10:47:28,$ 3238.98,100
2411,10:47:28,$ 3238.98,100
2412,10:47:23,$ 3238.67,100
2413,10:47:23,$ 3239.00,100
2414,10:47:23,$ 3239.00,100
2415,10:47:23,$ 3239.465,100
2416,10:47:22,$ 3239.02,100
2417,10:47:22,$ 3239.02,100
2418,10:47:22,$ 3239.062,100
2419,10:47:22,$ 3239.00,100
2420,10:47:22,$ 3239.00,100
2422,10:47:22,$ 3239.00,100
2423,10:47:22,$ 3239.24,100
2424,10:47:22,$ 3239.02,100
2425,10:46:33,$ 3239.402,242
2426,10:46:18,$ 3239.21,100
2427,10:46:12,$ 3239.29,100
2428,10:45:38,$ 3239.10,100
2429,10:45:34,$ 3239.15,100
2430,10:45:30,$ 3239.14,100
2431,10:45:25,$ 3239.15,100
2432,10:45:25,$ 3238.48,100
2433,10:45:06,$ 3239.25,100
2434,10:45:06,$ 3239.25,100
2435,10:45:06,$ 3239.25,100
2436,10:43:24,$ 3240.57,100
2437,10:42:59,$ 3240.27,100
2438,10:42:59,$ 3240.13,100
2439,10:42:52,$ 3240.28,100
2440,10:42:35,$ 3240.89,100
2441,10:42:12,$ 3241.24,100
2443,10:42:00,$ 3240.79,100
2444,10:41:27,$ 3241.00,100
2445,10:41:27,$ 3241.00,377
2446,10:41:27,$ 3241.00,180
2447,10:41:27,$ 3241.50,100
2448,10:41:27,$ 3241.40,100
2449,10:41:27,$ 3241.40,100
2450,10:41:26,$ 3240.94,100
2451,10:41:26,$ 3240.97,100
2452,10:40:57,$ 3240.14,100
2453,10:40:51,$ 3239.9827,100
2454,10:40:43,$ 3240.00,174
2455,10:40:43,$ 3240.00,100
2456,10:40:41,$ 3240.4274,144
2457,10:40:31,$ 3239.91,100
2458,10:40:30,$ 3239.54,100
2459,10:40:21,$ 3239.03,100
2460,10:40:21,$ 3239.04,100
2461,10:40:21,$ 3239.01,100
2462,10:40:21,$ 3239.00,100
2464,10:40:21,$ 3239.0035,100
2465,10:40:21,$ 3239.04,100
2466,10:40:21,$ 3239.17,100
2467,10:40:07,$ 3239.375,100
2468,10:40:04,$ 3239.38,100
2469,10:39:30,$ 3240.02,100
2470,10:39:30,$ 3240.01,100
2471,10:39:15,$ 3240.32,100
2472,10:39:15,$ 3240.34,100
2473,10:39:03,$ 3240.56,100
2474,10:39:00,$ 3240.13,100
2475,10:39:00,$ 3239.655,100
2476,10:39:00,$ 3240.00,110
2477,10:38:53,$ 3239.57,300
2478,10:38:49,$ 3239.9999,100
2479,10:38:42,$ 3240.16,100
2480,10:38:42,$ 3240.02,100
2481,10:38:41,$ 3239.98,100
2482,10:38:34,$ 3240.082,404
2483,10:38:33,$ 3240.05,100
2485,10:38:17,$ 3240.94,100
2486,10:38:07,$ 3240.92,100
2487,10:38:07,$ 3240.94,100
2488,10:37:51,$ 3240.16,100
2489,10:37:51,$ 3240.16,100
2490,10:37:49,$ 3240.16,100
2491,10:37:49,$ 3240.13,100
2492,10:37:48,$ 3240.25,100
2493,10:37:26,$ 3241.02,100
2494,10:36:53,$ 3240.60,100
2495,10:36:47,$ 3241.00,846
2496,10:36:47,$ 3240.99,100
2497,10:36:46,$ 3240.66,100
2498,10:36:46,$ 3240.67,100
2499,10:36:46,$ 3240.67,100
2500,10:36:44,$ 3240.39,100
2501,10:35:58,$ 3239.995,100
2502,10:35:57,$ 3240.43,100
2503,10:35:57,$ 3240.635,100
2504,10:35:56,$ 3240.40,100
2506,10:35:55,$ 3240.255,100
2507,10:35:55,$ 3240.00,511
2508,10:35:55,$ 3240.00,100
2509,10:35:55,$ 3239.95,100
2510,10:35:54,$ 3239.30,100
2511,10:35:32,$ 3239.56,249
2512,10:35:01,$ 3239.042,100
2513,10:35:00,$ 3238.99,100
2514,10:34:42,$ 3238.9007,175
2515,10:34:21,$ 3238.92,100
2516,10:34:16,$ 3238.99,100
2517,10:34:16,$ 3238.99,100
2518,10:34:16,$ 3239.07,100
2519,10:34:16,$ 3239.07,193
2520,10:34:15,$ 3239.06,100
2521,10:34:12,$ 3238.0501,110
2522,10:34:02,$ 3238.75,100
2523,10:34:00,$ 3238.825,100
2524,10:33:40,$ 3238.37,100
2525,10:33:23,$ 3237.82,100
2527,10:33:23,$ 3237.79,100
2528,10:33:23,$ 3237.85,100
2529,10:33:23,$ 3237.85,100
2530,10:33:23,$ 3238.00,300
2531,10:33:23,$ 3238.00,100
2532,10:32:42,$ 3237.99,100
2533,10:32:36,$ 3239.13,300
2534,10:32:29,$ 3238.995,100
2535,10:32:20,$ 3238.97,100
2536,10:32:20,$ 3239.00,300
2537,10:32:20,$ 3238.81,100
2538,10:32:20,$ 3238.95,100
2539,10:32:20,$ 3238.97,100
2540,10:32:20,$ 3238.97,100
2541,10:32:20,$ 3238.86,100
2542,10:32:18,$ 3238.9904,100
2543,10:32:08,$ 3238.0271,700
2544,10:31:43,$ 3237.80,100
2545,10:31:43,$ 3237.52,100
2546,10:31:43,$ 3237.43,100
2548,10:31:43,$ 3237.55,100
2549,10:31:43,$ 3237.34,100
2550,10:30:59,$ 3237.00,100
2551,10:30:35,$ 3236.68,100
2552,10:30:08,$ 3235.75,100
2553,10:30:08,$ 3235.75,100
2554,10:30:08,$ 3235.75,100
2555,10:30:08,$ 3235.75,100
2557,11:29:57,$ 3240.15,100
2558,11:29:53,$ 3240.66,100
2559,11:29:53,$ 3240.61,100
2560,11:29:33,$ 3239.37,100
2561,11:28:49,$ 3240.00,100
2562,11:28:38,$ 3240.05,100
2563,11:28:38,$ 3240.05,100
2564,11:28:07,$ 3240.02,100
2565,11:27:46,$ 3240.27,100
2566,11:27:38,$ 3240.09,100
2567,11:27:38,$ 3240.12,100
2568,11:27:30,$ 3239.40,100
2569,11:26:59,$ 3238.885,100
2570,11:26:59,$ 3239.11,100
2571,11:26:59,$ 3239.34,200
2572,11:26:55,$ 3239.58,100
2573,11:26:45,$ 3239.84,100
2574,11:26:45,$ 3239.8916,263
2575,11:26:17,$ 3239.93,100
2576,11:26:10,$ 3239.87,100
2578,11:26:08,$ 3239.60,100
2579,11:25:49,$ 3239.64,100
2580,11:25:36,$ 3239.94,100
2581,11:25:20,$ 3239.58,100
2582,11:25:20,$ 3239.63,100
2583,11:24:41,$ 3239.43,100
2584,11:24:37,$ 3239.50,100
2585,11:24:37,$ 3239.65,100
2586,11:24:37,$ 3239.50,100
2587,11:24:21,$ 3239.46,100
2588,11:24:09,$ 3239.18,100
2589,11:24:09,$ 3239.11,100
2590,11:24:09,$ 3239.34,100
2591,11:24:09,$ 3239.18,100
2592,11:24:00,$ 3239.00,100
2593,11:23:59,$ 3239.63,100
2594,11:23:59,$ 3239.60,100
2595,11:23:59,$ 3239.54,100
2596,11:23:59,$ 3239.66,100
2597,11:23:59,$ 3239.63,100
2599,11:23:58,$ 3239.90,100
2600,11:23:56,$ 3240.00,100
2601,11:23:48,$ 3240.145,100
2602,11:23:48,$ 3240.34,100
2603,11:23:47,$ 3239.93,100
2604,11:23:36,$ 3239.80,100
2605,11:23:23,$ 3239.32,100
2606,11:23:15,$ 3240.50,100
2607,11:22:44,$ 3241.22,100
2608,11:22:31,$ 3240.53,100
2609,11:22:28,$ 3241.24,100
2610,11:22:17,$ 3240.92,100
2611,11:22:17,$ 3240.93,100
2612,11:22:12,$ 3241.05,100
2613,11:22:06,$ 3241.17,100
2614,11:21:52,$ 3242.6137,210
2615,11:21:50,$ 3242.20,100
2616,11:21:33,$ 3242.05,100
2617,11:21:33,$ 3242.12,100
2618,11:21:26,$ 3242.08,100
2620,11:21:26,$ 3241.82,100
2621,11:21:21,$ 3241.37,100
2622,11:20:46,$ 3241.00,100
2623,11:20:46,$ 3241.03,111
2624,11:20:46,$ 3241.03,112
2625,11:20:46,$ 3241.00,108
2626,11:20:46,$ 3241.61,100
2627,11:20:06,$ 3242.57,100
2628,11:19:47,$ 3241.81,100
2629,11:19:47,$ 3242.50,800
2630,11:19:44,$ 3242.58,100
2631,11:18:40,$ 3242.9899,100
2632,11:18:35,$ 3243.28,100
2633,11:18:26,$ 3242.345,100
2634,11:18:21,$ 3241.945,100
2635,11:18:21,$ 3242.73,100
2636,11:18:21,$ 3242.58,100
2637,11:18:21,$ 3242.74,100
2638,11:18:11,$ 3242.40,100
2639,11:17:46,$ 3241.6875,100
2641,11:17:38,$ 3241.74,100
2642,11:17:05,$ 3241.69,100
2643,11:17:05,$ 3241.20,100
2644,11:17:05,$ 3241.54,100
2645,11:16:58,$ 3241.24,100
2646,11:16:58,$ 3241.50,100
2647,11:16:54,$ 3241.50,100
2648,11:16:12,$ 3242.425,100
2649,11:16:12,$ 3242.20,100
2650,11:15:54,$ 3242.188,135
2651,11:15:45,$ 3242.06,100
2652,11:15:27,$ 3241.73,100
2653,11:15:20,$ 3241.52,100
2654,11:15:20,$ 3241.61,100
2655,11:15:09,$ 3241.65,100
2656,11:15:09,$ 3241.27,100
2657,11:15:01,$ 3240.79,100
2658,11:15:01,$ 3240.79,100
2659,11:15:01,$ 3240.85,100
2660,11:15:01,$ 3241.0268,220
2662,11:14:25,$ 3241.27,100
2663,11:14:25,$ 3241.195,100
2664,11:14:20,$ 3241.30,100
2665,11:12:38,$ 3241.87,100
2666,11:12:38,$ 3241.60,100
2667,11:12:38,$ 3241.62,100
2668,11:12:23,$ 3241.09,100
2669,11:12:16,$ 3242.03,100
2670,11:12:08,$ 3241.86,100
2671,11:12:04,$ 3241.79,100
2672,11:11:22,$ 3242.65,100
2673,11:11:17,$ 3242.89,273
2674,11:10:52,$ 3242.68,100
2675,11:10:42,$ 3242.87,100
2676,11:10:37,$ 3242.84,100
2677,11:09:45,$ 3242.61,100
2678,11:09:34,$ 3241.44,100
2679,11:09:15,$ 3241.79,100
2680,11:09:15,$ 3241.27,100
2681,11:08:56,$ 3240.48,100
2683,11:08:51,$ 3240.70,100
2684,11:08:24,$ 3241.265,100
2685,11:08:06,$ 3240.85,100
2686,11:08:01,$ 3240.94,100
2687,11:08:01,$ 3240.94,100
2688,11:08:01,$ 3240.94,100
2689,11:07:26,$ 3241.44,100
2690,11:07:12,$ 3241.16,100
2691,11:06:57,$ 3241.15,100
2692,11:06:56,$ 3240.69,100
2693,11:06:49,$ 3240.60,100
2694,11:06:49,$ 3240.55,100
2695,11:06:35,$ 3240.00,100
2696,11:06:35,$ 3240.35,100
2697,11:06:12,$ 3241.8885,100
2698,11:06:12,$ 3241.97,100
2699,11:06:12,$ 3242.14,100
2700,11:06:12,$ 3241.97,100
2701,11:06:12,$ 3241.665,100
2702,11:06:12,$ 3242.29,100
2704,11:06:12,$ 3241.94,100
2705,11:06:12,$ 3242.04,200
2706,11:05:54,$ 3242.0099,104
2707,11:05:25,$ 3241.00,491
2708,11:05:25,$ 3241.07,100
2709,11:05:25,$ 3241.21,100
2710,11:05:16,$ 3241.675,100
2711,11:05:00,$ 3241.81,100
2712,11:05:00,$ 3241.85,100
2713,11:05:00,$ 3241.90,100
2714,11:04:40,$ 3241.20,217
2715,11:04:40,$ 3241.20,100
2716,11:04:40,$ 3241.40,100
2717,11:04:40,$ 3241.30,100
2718,11:04:40,$ 3241.25,100
2719,11:04:40,$ 3241.20,100
2720,11:04:40,$ 3241.20,100
2721,11:04:37,$ 3241.51,100
2722,11:04:31,$ 3241.44,100
2723,11:03:59,$ 3241.39,100
2725,11:03:49,$ 3241.79,100
2726,11:03:40,$ 3242.06,100
2727,11:03:40,$ 3242.06,100
2728,11:03:40,$ 3242.06,100
2729,11:03:40,$ 3241.87,100
2730,11:03:37,$ 3240.48,100
2731,11:03:32,$ 3242.00,213
2732,11:03:31,$ 3242.00,100
2733,11:03:28,$ 3242.13,100
2734,11:03:12,$ 3244.00,179
2735,11:03:12,$ 3244.00,360
2736,11:03:02,$ 3244.12,100
2737,11:02:54,$ 3243.01,100
2738,11:02:37,$ 3244.4841,200
2739,11:02:21,$ 3244.49,100
2740,11:02:13,$ 3244.09,100
2741,11:01:59,$ 3243.58,100
2742,11:01:57,$ 3244.00,115
2743,11:01:57,$ 3244.00,100
2744,11:01:57,$ 3244.00,536
2746,11:01:57,$ 3244.00,230
2747,11:01:49,$ 3244.20,100
2748,11:01:42,$ 3244.00,100
2749,11:01:42,$ 3244.00,100
2750,11:01:41,$ 3244.25,100
2751,11:01:41,$ 3244.00,100
2752,11:01:41,$ 3244.00,100
2753,11:01:41,$ 3244.00,182
2754,11:01:27,$ 3243.51,100
2755,11:01:27,$ 3243.52,100
2756,11:01:27,$ 3243.53,100
2757,11:01:19,$ 3242.99,100
2758,11:01:12,$ 3243.00,310
2759,11:00:28,$ 3242.28,100
2760,11:00:28,$ 3242.28,100
2762,11:59:47,$ 3244.57,100
2763,11:59:46,$ 3244.57,100
2764,11:59:46,$ 3244.57,100
2765,11:59:45,$ 3244.57,100
2766,11:59:27,$ 3244.36,100
2767,11:59:27,$ 3244.38,100
2768,11:59:27,$ 3244.362,100
2769,11:59:27,$ 3243.9471,216
2770,11:59:27,$ 3244.40,100
2771,11:59:13,$ 3244.98,100
2772,11:59:13,$ 3244.97,100
2773,11:59:13,$ 3245.00,100
2774,11:59:12,$ 3244.3158,175
2775,11:59:04,$ 3244.08,100
2776,11:59:04,$ 3244.07,100
2777,11:58:23,$ 3244.14,100
2778,11:58:20,$ 3243.825,550
2779,11:58:13,$ 3244.05,100
2780,11:58:00,$ 3243.59,100
2781,11:57:58,$ 3244.18,100
2783,11:57:58,$ 3244.18,100
2784,11:57:55,$ 3243.60,100
2785,11:57:52,$ 3244.13,100
2786,11:57:52,$ 3243.89,100
2787,11:57:41,$ 3243.79,100
2788,11:57:17,$ 3243.78,100
2789,11:57:17,$ 3243.82,100
2790,11:57:07,$ 3243.22,100
2791,11:57:04,$ 3243.26,100
2792,11:57:04,$ 3243.25,100
2793,11:56:51,$ 3243.24,100
2794,11:56:50,$ 3243.51,100
2795,11:56:45,$ 3243.46,100
2796,11:56:32,$ 3243.00,"1,198"
2797,11:56:32,$ 3243.01,100
2798,11:56:32,$ 3243.00,117
2799,11:56:32,$ 3243.00,100
2800,11:56:32,$ 3242.90,100
2801,11:56:26,$ 3242.90,100
2802,11:56:26,$ 3243.02,177
2804,11:56:16,$ 3243.27,100
2805,11:56:16,$ 3243.29,100
2806,11:56:04,$ 3243.215,100
2807,11:55:51,$ 3243.0109,100
2808,11:55:25,$ 3243.48,100
2809,11:55:12,$ 3243.21,100
2810,11:55:03,$ 3243.45,100
2811,11:55:03,$ 3243.23,100
2812,11:54:05,$ 3243.37,100
2813,11:54:01,$ 3242.95,100
2814,11:53:49,$ 3242.59,100
2815,11:53:00,$ 3242.87,100
2816,11:52:14,$ 3243.3953,200
2817,11:52:08,$ 3243.67,100
2818,11:52:07,$ 3244.12,100
2819,11:52:07,$ 3244.13,100
2820,11:52:07,$ 3244.13,100
2821,11:52:05,$ 3243.98,100
2822,11:51:55,$ 3243.43,100
2823,11:51:25,$ 3243.28,200
2825,11:51:16,$ 3243.27,100
2826,11:51:00,$ 3242.96,100
2827,11:50:28,$ 3242.395,100
2828,11:50:02,$ 3243.15,100
2829,11:49:38,$ 3243.44,181
2830,11:49:11,$ 3243.00,100
2831,11:49:07,$ 3242.99,100
2832,11:48:54,$ 3242.79,100
2833,11:48:34,$ 3242.63,100
2834,11:48:14,$ 3243.07,100
2835,11:47:54,$ 3243.66,100
2836,11:47:37,$ 3243.66,100
2837,11:47:37,$ 3243.61,100
2838,11:47:37,$ 3243.85,100
2839,11:47:37,$ 3243.58,100
2840,11:47:27,$ 3244.08,100
2841,11:47:27,$ 3243.83,100
2842,11:46:55,$ 3243.60,100
2843,11:46:49,$ 3243.06,100
2844,11:46:45,$ 3243.37,100
2846,11:46:29,$ 3243.06,100
2847,11:46:11,$ 3242.59,100
2848,11:45:30,$ 3242.25,272
2849,11:45:30,$ 3242.34,100
2850,11:45:29,$ 3242.67,100
2851,11:45:10,$ 3242.16,"2,100"
2852,11:45:02,$ 3242.73,100
2853,11:45:02,$ 3242.79,100
2854,11:45:02,$ 3242.80,100
2855,11:44:37,$ 3242.9443,"1,000"
2856,11:44:18,$ 3242.05,100
2857,11:44:18,$ 3242.05,100
2858,11:44:05,$ 3241.615,100
2859,11:44:05,$ 3241.615,100
2860,11:43:55,$ 3242.17,110
2861,11:43:25,$ 3242.70,100
2862,11:43:12,$ 3242.705,400
2863,11:42:40,$ 3243.09,100
2864,11:42:27,$ 3243.0679,933
2865,11:42:08,$ 3243.59,100
2867,11:41:42,$ 3243.33,100
2868,11:41:41,$ 3243.635,100
2869,11:41:24,$ 3243.37,100
2870,11:41:03,$ 3244.00,619
2871,11:41:02,$ 3243.09,100
2872,11:40:56,$ 3242.74,100
2873,11:40:31,$ 3242.91,100
2874,11:40:09,$ 3243.13,100
2875,11:39:43,$ 3243.00,177
2876,11:39:43,$ 3243.04,100
2877,11:39:31,$ 3243.33,200
2878,11:39:31,$ 3242.99,100
2879,11:38:39,$ 3243.53,100
2880,11:38:39,$ 3243.47,100
2881,11:38:26,$ 3242.99,100
2882,11:38:26,$ 3243.00,150
2883,11:38:25,$ 3243.34,100
2884,11:38:25,$ 3243.34,100
2885,11:38:23,$ 3243.33,100
2886,11:38:16,$ 3243.36,100
2888,11:37:23,$ 3243.07,100
2889,11:37:08,$ 3242.88,100
2890,11:37:01,$ 3242.44,100
2891,11:36:47,$ 3242.21,100
2892,11:36:47,$ 3242.32,100
2893,11:36:47,$ 3242.33,100
2894,11:36:47,$ 3242.33,100
2895,11:36:46,$ 3241.95,100
2896,11:35:36,$ 3240.98,100
2897,11:35:34,$ 3241.25,100
2898,11:35:22,$ 3241.13,100
2899,11:35:22,$ 3241.15,100
2900,11:35:22,$ 3240.83,100
2901,11:35:14,$ 3240.96,100
2902,11:34:53,$ 3240.80,100
2903,11:34:53,$ 3240.80,100
2904,11:34:53,$ 3240.19,100
2905,11:34:53,$ 3239.67,100
2906,11:34:53,$ 3239.53,100
2907,11:34:53,$ 3239.18,100
2909,11:34:35,$ 3239.21,100
2910,11:34:32,$ 3239.52,100
2911,11:34:16,$ 3239.56,100
2912,11:33:41,$ 3240.96,100
2913,11:33:31,$ 3240.88,100
2914,11:33:23,$ 3240.91,100
2915,11:32:28,$ 3241.75,100
2916,11:31:46,$ 3241.20,100
2917,11:31:46,$ 3241.1249,"2,000"
2918,11:31:45,$ 3241.11,100
2919,11:31:41,$ 3240.165,308
2920,11:31:35,$ 3239.99,100
2921,11:31:35,$ 3240.01,100
2922,11:31:08,$ 3239.65,100
2924,12:29:53,$ 3244.46,100
2925,12:29:53,$ 3244.01,100
2926,12:29:51,$ 3243.91,100
2927,12:29:51,$ 3244.08,100
2928,12:29:40,$ 3244.365,100
2929,12:29:32,$ 3244.37,100
2930,12:29:14,$ 3244.72,100
2931,12:28:30,$ 3244.79,100
2932,12:28:08,$ 3244.535,100
2933,12:27:46,$ 3244.50,100
2934,12:27:46,$ 3244.66,100
2935,12:27:46,$ 3244.62,300
2936,12:27:43,$ 3244.345,100
2937,12:27:43,$ 3244.37,100
2938,12:27:38,$ 3243.96,100
2939,12:27:31,$ 3244.1942,100
2940,12:27:26,$ 3244.295,100
2941,12:27:21,$ 3244.11,100
2942,12:27:08,$ 3244.565,100
2943,12:27:08,$ 3244.915,100
2945,12:27:08,$ 3244.60,100
2946,12:27:08,$ 3244.915,100
2947,12:27:03,$ 3244.60,100
2948,12:26:56,$ 3245.04,100
2949,12:26:56,$ 3245.04,100
2950,12:26:51,$ 3245.04,100
2951,12:26:51,$ 3245.0366,300
2952,12:26:26,$ 3244.975,100
2953,12:26:25,$ 3245.045,100
2954,12:26:25,$ 3245.045,100
2955,12:26:24,$ 3245.055,100
2956,12:26:24,$ 3245.10,100
2957,12:26:24,$ 3245.10,100
2958,12:26:23,$ 3245.105,100
2959,12:26:22,$ 3245.39,100
2960,12:26:22,$ 3245.10,100
2961,12:26:22,$ 3245.10,100
2962,12:26:22,$ 3244.81,100
2963,12:26:17,$ 3245.105,100
2964,12:26:12,$ 3244.71,188
2966,12:25:56,$ 3245.59,100
2967,12:25:56,$ 3245.59,100
2968,12:25:56,$ 3245.4997,535
2969,12:25:45,$ 3245.22,100
2970,12:25:45,$ 3244.90,100
2971,12:25:27,$ 3244.115,100
2972,12:24:37,$ 3244.39,100
2973,12:24:37,$ 3244.42,100
2974,12:24:37,$ 3244.395,100
2975,12:24:37,$ 3244.3925,100
2976,12:24:37,$ 3244.30,100
2977,12:24:37,$ 3244.37,100
2978,12:24:30,$ 3244.25,100
2979,12:24:10,$ 3244.46,100
2980,12:23:24,$ 3243.84,100
2981,12:22:59,$ 3244.44,400
2982,12:22:29,$ 3243.69,100
2983,12:21:51,$ 3243.86,100
2984,12:20:36,$ 3245.74,100
2985,12:20:35,$ 3246.00,100
2987,12:20:35,$ 3245.99,100
2988,12:20:35,$ 3245.99,100
2989,12:20:29,$ 3245.29,100
2990,12:20:29,$ 3245.40,106
2991,12:20:05,$ 3245.835,100
2992,12:19:59,$ 3245.7606,100
2993,12:19:58,$ 3246.075,195
2994,12:18:51,$ 3246.14,100
2995,12:18:50,$ 3246.21,100
2996,12:18:12,$ 3246.4123,100
2997,12:17:20,$ 3245.34,100
2998,12:16:28,$ 3244.96,100
2999,12:16:22,$ 3245.6761,165
3000,12:15:58,$ 3245.665,100
3001,12:15:45,$ 3245.2959,100
3002,12:15:16,$ 3245.52,100
3003,12:15:13,$ 3245.34,100
3004,12:15:05,$ 3245.1041,156
3005,12:14:57,$ 3245.52,100
3006,12:14:57,$ 3245.38,100
3008,12:14:47,$ 3245.085,100
3009,12:14:47,$ 3245.22,100
3010,12:14:47,$ 3245.04,200
3011,12:14:37,$ 3244.69,100
3012,12:14:37,$ 3245.05,100
3013,12:14:04,$ 3245.40,100
3014,12:14:04,$ 3245.65,100
3015,12:14:04,$ 3245.65,100
3016,12:13:57,$ 3245.21,100
3017,12:13:39,$ 3245.50,100
3018,12:13:18,$ 3246.59,138
3019,12:12:52,$ 3246.04,100
3020,12:12:03,$ 3244.67,100
3021,12:11:58,$ 3244.54,100
3022,12:11:58,$ 3245.02,100
3023,12:11:25,$ 3245.52,100
3024,12:11:25,$ 3245.355,100
3025,12:11:24,$ 3246.12,200
3026,12:11:22,$ 3245.35,100
3027,12:11:08,$ 3245.25,100
3029,12:11:02,$ 3245.43,100
3030,12:11:02,$ 3245.565,100
3031,12:11:02,$ 3245.70,100
3032,12:11:02,$ 3245.73,100
3033,12:10:58,$ 3244.84,100
3034,12:10:46,$ 3245.21,240
3035,12:10:46,$ 3245.1561,425
3036,12:10:37,$ 3246.00,100
3037,12:10:37,$ 3246.00,100
3038,12:10:37,$ 3246.00,100
3039,12:10:02,$ 3246.38,188
3040,12:09:51,$ 3246.25,100
3041,12:09:49,$ 3246.47,100
3042,12:09:49,$ 3246.50,100
3043,12:09:49,$ 3246.47,100
3044,12:09:45,$ 3246.61,100
3045,12:09:41,$ 3246.70,100
3046,12:09:35,$ 3247.16,100
3047,12:09:08,$ 3247.03,192
3048,12:08:05,$ 3247.21,100
3050,12:07:43,$ 3246.555,100
3051,12:07:43,$ 3246.89,100
3052,12:06:43,$ 3247.30,100
3053,12:06:34,$ 3247.5725,100
3054,12:06:00,$ 3247.77,100
3055,12:05:53,$ 3247.2058,100
3056,12:05:51,$ 3247.235,100
3057,12:05:51,$ 3247.55,100
3058,12:05:51,$ 3247.81,243
3059,12:05:51,$ 3247.81,307
3060,12:05:51,$ 3247.28,100
3061,12:05:48,$ 3247.67,100
3062,12:05:47,$ 3247.75,100
3063,12:05:34,$ 3247.55,100
3064,12:05:34,$ 3247.74,100
3065,12:05:33,$ 3247.47,100
3066,12:05:23,$ 3247.45,100
3067,12:05:20,$ 3247.63,100
3068,12:05:15,$ 3247.32,100
3069,12:05:13,$ 3247.32,100
3071,12:05:11,$ 3247.58,100
3072,12:05:11,$ 3247.64,100
3073,12:05:11,$ 3247.64,100
3074,12:05:07,$ 3247.28,100
3075,12:05:01,$ 3246.93,100
3076,12:05:00,$ 3246.40,100
3077,12:04:57,$ 3246.325,200
3078,12:04:48,$ 3246.76,100
3079,12:04:35,$ 3246.50,100
3080,12:04:29,$ 3246.17,100
3081,12:04:29,$ 3246.16,107
3082,12:04:25,$ 3246.75,100
3083,12:04:25,$ 3246.77,100
3084,12:04:10,$ 3246.83,100
3085,12:03:55,$ 3246.00,500
3086,12:03:36,$ 3246.08,100
3087,12:03:31,$ 3245.56,100
3088,12:03:26,$ 3245.82,100
3089,12:03:26,$ 3246.1737,150
3090,12:03:24,$ 3246.10,100
3092,12:03:07,$ 3245.16,100
3093,12:03:07,$ 3245.16,100
3094,12:03:00,$ 3245.27,100
3095,12:02:38,$ 3245.165,150
3096,12:02:28,$ 3245.00,100
3097,12:02:13,$ 3245.59,100
3098,12:02:13,$ 3245.60,100
3099,12:02:11,$ 3246.09,100
3100,12:02:11,$ 3246.00,100
3101,12:02:11,$ 3245.92,100
3102,12:01:54,$ 3245.60,100
3103,12:01:35,$ 3245.66,100
3104,12:01:30,$ 3245.98,100
3105,12:01:30,$ 3245.75,100
3106,12:01:01,$ 3245.12,100
3107,12:01:01,$ 3244.90,100
3108,12:00:31,$ 3245.02,100
3109,12:00:26,$ 3244.71,100
3110,12:00:26,$ 3244.54,100
3111,12:00:26,$ 3244.55,100
3113,12:00:11,$ 3245.1277,100
3114,12:00:03,$ 3244.67,100
3115,12:00:03,$ 3245.00,100
3116,12:00:03,$ 3244.99,100
3118,12:59:39,$ 3242.2256,200
3119,12:59:27,$ 3241.49,100
3120,12:59:11,$ 3240.88,100
3121,12:58:55,$ 3241.32,100
3122,12:58:53,$ 3241.105,153
3123,12:58:53,$ 3241.17,100
3124,12:58:53,$ 3241.14,100
3125,12:58:53,$ 3240.81,100
3126,12:58:50,$ 3240.75,100
3127,12:58:43,$ 3240.51,100
3128,12:58:43,$ 3240.60,100
3129,12:58:43,$ 3240.55,100
3130,12:58:43,$ 3240.51,100
3131,12:58:39,$ 3240.60,185
3132,12:58:37,$ 3241.17,100
3133,12:58:37,$ 3241.00,100
3134,12:58:37,$ 3241.15,100
3135,12:58:37,$ 3241.21,100
3136,12:58:37,$ 3241.28,100
3137,12:58:37,$ 3241.32,100
3139,12:58:37,$ 3241.34,119
3140,12:58:03,$ 3241.095,100
3141,12:56:14,$ 3241.205,100
3142,12:56:14,$ 3241.49,100
3143,12:56:10,$ 3240.88,100
3144,12:56:00,$ 3241.34,100
3145,12:56:00,$ 3241.64,100
3146,12:56:00,$ 3241.58,100
3147,12:55:57,$ 3241.51,100
3148,12:55:57,$ 3241.51,100
3149,12:55:57,$ 3241.49,100
3150,12:55:23,$ 3241.13,100
3151,12:55:23,$ 3241.24,100
3152,12:55:23,$ 3241.22,100
3153,12:54:46,$ 3241.23,100
3154,12:54:46,$ 3241.19,100
3155,12:54:46,$ 3241.20,100
3156,12:54:46,$ 3241.20,100
3157,12:54:46,$ 3241.20,100
3158,12:53:47,$ 3240.79,100
3160,12:53:47,$ 3240.845,100
3161,12:53:45,$ 3241.30,100
3162,12:53:27,$ 3241.035,100
3163,12:53:19,$ 3241.25,100
3164,12:53:17,$ 3240.83,100
3165,12:53:15,$ 3241.22,100
3166,12:53:15,$ 3241.20,100
3167,12:53:15,$ 3241.19,100
3168,12:53:15,$ 3241.19,100
3169,12:53:14,$ 3241.57,100
3170,12:53:11,$ 3241.79,100
3171,12:53:06,$ 3241.90,100
3172,12:53:06,$ 3242.00,100
3173,12:53:06,$ 3242.00,180
3174,12:53:06,$ 3242.00,243
3175,12:53:06,$ 3242.09,100
3176,12:52:21,$ 3242.71,100
3177,12:52:00,$ 3242.2201,100
3178,12:51:54,$ 3242.52,100
3179,12:51:36,$ 3242.54,100
3181,12:50:53,$ 3242.66,100
3182,12:50:49,$ 3243.305,100
3183,12:50:45,$ 3243.28,100
3184,12:50:45,$ 3243.07,100
3185,12:50:45,$ 3243.41,100
3186,12:50:45,$ 3243.50,100
3187,12:50:36,$ 3242.815,100
3188,12:50:15,$ 3242.75,100
3189,12:50:10,$ 3242.54,100
3190,12:49:28,$ 3242.075,100
3191,12:49:11,$ 3242.01,100
3192,12:49:11,$ 3241.89,100
3193,12:48:39,$ 3242.67,100
3194,12:48:29,$ 3242.06,100
3195,12:48:20,$ 3241.572,100
3196,12:48:17,$ 3242.01,100
3197,12:48:17,$ 3243.34,100
3198,12:48:17,$ 3242.51,100
3199,12:48:17,$ 3242.53,100
3200,12:48:17,$ 3241.89,100
3202,12:48:17,$ 3242.50,100
3203,12:48:17,$ 3242.02,100
3204,12:48:16,$ 3242.62,100
3205,12:48:16,$ 3242.30,100
3206,12:48:16,$ 3242.28,100
3207,12:48:13,$ 3243.275,100
3208,12:47:45,$ 3243.0916,135
3209,12:47:24,$ 3242.68,100
3210,12:47:24,$ 3242.78,100
3211,12:46:58,$ 3243.8971,100
3212,12:46:49,$ 3243.08,100
3213,12:45:50,$ 3243.365,100
3214,12:44:48,$ 3243.78,100
3215,12:44:30,$ 3243.40,100
3216,12:44:27,$ 3243.15,100
3217,12:44:27,$ 3243.15,100
3218,12:43:56,$ 3242.845,100
3219,12:43:56,$ 3242.855,100
3220,12:43:50,$ 3242.875,100
3221,12:43:09,$ 3242.96,100
3223,12:42:58,$ 3243.455,100
3224,12:42:56,$ 3242.83,100
3225,12:42:27,$ 3243.96,100
3226,12:42:24,$ 3244.00,100
3227,12:42:24,$ 3244.00,100
3228,12:42:24,$ 3243.83,200
3229,12:41:50,$ 3243.50,104
3230,12:41:31,$ 3243.72,100
3231,12:41:18,$ 3243.72,100
3232,12:41:05,$ 3243.97,100
3233,12:40:36,$ 3243.94,100
3234,12:40:28,$ 3243.97,100
3235,12:40:28,$ 3243.61,100
3236,12:40:00,$ 3243.66,100
3237,12:39:52,$ 3243.88,100
3238,12:39:18,$ 3243.77,100
3239,12:39:18,$ 3243.98,100
3240,12:39:18,$ 3243.98,100
3241,12:39:18,$ 3243.98,100
3242,12:39:15,$ 3243.68,100
3244,12:39:15,$ 3243.8999,600
3245,12:38:56,$ 3243.475,232
3246,12:37:38,$ 3243.85,100
3247,12:37:38,$ 3243.85,100
3248,12:37:38,$ 3243.415,200
3249,12:37:38,$ 3243.99,100
3250,12:37:38,$ 3243.83,100
3251,12:37:38,$ 3243.82,100
3252,12:37:38,$ 3243.91,100
3253,12:37:38,$ 3242.83,223
3254,12:37:36,$ 3243.97,100
3255,12:37:36,$ 3243.96,100
3256,12:37:36,$ 3243.33,100
3257,12:37:35,$ 3243.55,100
3258,12:37:35,$ 3243.585,100
3259,12:37:35,$ 3243.57,100
3260,12:37:35,$ 3243.51,100
3261,12:37:35,$ 3243.59,100
3262,12:37:35,$ 3243.42,100
3263,12:37:35,$ 3243.145,100
3265,12:37:35,$ 3243.55,100
3266,12:37:35,$ 3243.47,100
3267,12:37:35,$ 3243.42,100
3268,12:37:35,$ 3243.45,100
3269,12:37:30,$ 3243.45,100
3270,12:37:30,$ 3243.36,100
3271,12:37:30,$ 3243.36,100
3272,12:37:30,$ 3243.44,100
3273,12:37:30,$ 3243.46,100
3274,12:37:30,$ 3243.46,400
3275,12:37:30,$ 3243.45,100
3276,12:37:30,$ 3243.39,100
3277,12:37:30,$ 3243.44,100
3278,12:37:29,$ 3242.94,300
3279,12:37:28,$ 3243.47,100
3280,12:37:28,$ 3243.29,100
3281,12:37:28,$ 3243.46,100
3282,12:37:28,$ 3243.46,100
3283,12:37:28,$ 3242.92,100
3284,12:37:28,$ 3243.45,100
3286,12:37:28,$ 3243.45,100
3287,12:37:28,$ 3243.45,100
3288,12:37:28,$ 3243.35,100
3289,12:37:28,$ 3243.45,100
3290,12:37:28,$ 3243.43,100
3291,12:37:28,$ 3243.45,100
3292,12:37:28,$ 3243.45,100
3293,12:37:28,$ 3242.79,100
3294,12:37:28,$ 3242.79,100
3295,12:37:28,$ 3242.98,100
3296,12:37:28,$ 3243.45,305
3297,12:37:28,$ 3243.00,100
3298,12:37:28,$ 3243.16,100
3299,12:37:28,$ 3243.40,100
3300,12:37:28,$ 3243.35,100
3301,12:36:53,$ 3242.91,139
3302,12:36:53,$ 3242.91,122
3303,12:36:47,$ 3243.08,261
3304,12:36:47,$ 3243.07,100
3305,12:36:47,$ 3242.585,250
3307,12:36:47,$ 3242.585,100
3308,12:36:47,$ 3242.81,100
3309,12:36:18,$ 3242.66,100
3310,12:35:22,$ 3242.8101,100
3311,12:35:20,$ 3242.83,100
3312,12:34:30,$ 3244.01,100
3313,12:34:25,$ 3243.60,100
3314,12:34:21,$ 3243.64,100
3315,12:34:21,$ 3243.63,391
3316,12:34:21,$ 3243.63,286
3317,12:34:19,$ 3243.72,100
3318,12:34:18,$ 3243.65,100
3319,12:34:18,$ 3244.06,100
3320,12:34:18,$ 3244.07,100
3321,12:34:12,$ 3243.855,203
3322,12:34:10,$ 3243.855,200
3323,12:34:08,$ 3243.86,100
3324,12:34:07,$ 3243.64,100
3325,12:34:07,$ 3243.555,100
3326,12:34:07,$ 3243.97,100
3328,12:33:52,$ 3243.25,200
3329,12:33:52,$ 3243.39,100
3330,12:33:01,$ 3242.621,100
3331,12:33:01,$ 3242.10,100
3332,12:33:01,$ 3241.93,100
3333,12:33:01,$ 3241.93,100
3334,12:33:01,$ 3241.93,100
3335,12:33:01,$ 3242.77,100
3336,12:33:01,$ 3242.55,100
3337,12:33:01,$ 3243.00,100
3338,12:33:01,$ 3242.94,100
3339,12:33:01,$ 3243.11,100
3340,12:32:12,$ 3243.45,100
3341,12:32:11,$ 3243.67,100
3342,12:32:04,$ 3243.78,100
3343,12:32:01,$ 3243.52,100
3344,12:30:50,$ 3243.47,100
3345,12:30:34,$ 3243.27,100
3346,12:30:34,$ 3243.26,223
3347,12:30:34,$ 3243.26,100
3349,12:30:29,$ 3243.46,100
3350,12:30:26,$ 3244.07,100
3351,12:30:26,$ 3243.76,104
3352,12:30:24,$ 3243.77,100
3353,12:30:16,$ 3243.82,100
3354,12:30:14,$ 3244.515,100
3355,12:30:09,$ 3244.08,100
3356,12:30:09,$ 3244.65,100
3358,13:29:59,$ 3231.00,100
3359,13:29:28,$ 3231.34,100
3360,13:29:25,$ 3231.57,100
3361,13:29:01,$ 3232.48,100
3362,13:29:01,$ 3232.652,100
3363,13:29:01,$ 3232.5147,153
3364,13:29:00,$ 3231.834,100
3365,13:29:00,$ 3231.8494,281
3366,13:29:00,$ 3231.85,100
3367,13:29:00,$ 3231.80,100
3368,13:29:00,$ 3231.44,100
3369,13:29:00,$ 3231.7294,114
3370,13:29:00,$ 3231.7294,414
3371,13:28:42,$ 3231.9279,100
3372,13:28:34,$ 3230.7401,100
3373,13:28:20,$ 3232.44,100
3374,13:28:11,$ 3231.50,100
3375,13:28:06,$ 3231.2825,100
3376,13:28:02,$ 3231.25,100
3377,13:27:46,$ 3231.09,100
3379,13:27:36,$ 3231.61,100
3380,13:27:36,$ 3231.39,100
3381,13:26:56,$ 3232.99,100
3382,13:26:54,$ 3232.52,100
3383,13:26:53,$ 3232.95,100
3384,13:26:53,$ 3232.42,100
3385,13:26:53,$ 3232.42,100
3386,13:26:53,$ 3232.58,100
3387,13:26:53,$ 3232.42,100
3388,13:26:53,$ 3232.59,195
3389,13:26:53,$ 3232.42,195
3390,13:26:53,$ 3232.59,200
3391,13:26:53,$ 3232.42,200
3392,13:26:53,$ 3232.59,200
3393,13:26:53,$ 3232.532,200
3394,13:26:53,$ 3232.55,100
3395,13:26:53,$ 3232.48,100
3396,13:26:53,$ 3232.50,100
3397,13:26:53,$ 3232.30,100
3398,13:26:53,$ 3232.00,100
3400,13:26:47,$ 3231.94,110
3401,13:26:38,$ 3231.88,100
3402,13:26:08,$ 3231.42,100
3403,13:26:07,$ 3231.00,111
3404,13:26:07,$ 3231.42,100
3405,13:26:04,$ 3231.95,110
3406,13:25:47,$ 3232.33,100
3407,13:25:43,$ 3231.7189,100
3408,13:25:42,$ 3232.04,100
3409,13:25:39,$ 3232.82,100
3410,13:25:36,$ 3232.51,100
3411,13:25:24,$ 3232.11,100
3412,13:25:20,$ 3231.51,100
3413,13:25:20,$ 3231.71,100
3414,13:25:20,$ 3231.67,100
3415,13:24:46,$ 3232.91,100
3416,13:24:40,$ 3233.16,100
3417,13:24:40,$ 3232.53,100
3418,13:24:30,$ 3232.805,100
3419,13:24:29,$ 3232.58,100
3421,13:24:29,$ 3232.84,100
3422,13:24:29,$ 3232.44,100
3423,13:24:18,$ 3232.87,100
3424,13:24:00,$ 3232.78,111
3425,13:24:00,$ 3232.49,100
3426,13:23:18,$ 3232.12,100
3427,13:23:18,$ 3232.11,100
3428,13:23:18,$ 3232.11,100
3429,13:22:54,$ 3232.955,100
3430,13:22:54,$ 3232.96,100
3431,13:22:54,$ 3232.96,100
3432,13:22:40,$ 3232.6508,155
3433,13:22:38,$ 3233.0175,100
3434,13:22:37,$ 3233.32,100
3435,13:22:31,$ 3233.04,100
3436,13:22:26,$ 3232.776,100
3437,13:22:09,$ 3232.97,100
3438,13:21:58,$ 3233.06,100
3439,13:21:58,$ 3233.08,100
3440,13:21:56,$ 3233.71,100
3442,13:21:51,$ 3232.85,100
3443,13:21:51,$ 3232.96,100
3444,13:21:31,$ 3232.1924,150
3445,13:21:26,$ 3232.00,273
3446,13:21:25,$ 3232.22,300
3447,13:21:25,$ 3232.26,100
3448,13:21:25,$ 3232.00,100
3449,13:21:25,$ 3232.00,100
3450,13:21:24,$ 3232.44,100
3451,13:21:23,$ 3232.47,100
3452,13:21:23,$ 3232.47,200
3453,13:21:23,$ 3232.47,100
3454,13:21:22,$ 3232.46,100
3455,13:21:22,$ 3232.69,100
3456,13:21:22,$ 3232.68,300
3457,13:21:21,$ 3233.03,100
3458,13:21:21,$ 3233.12,100
3459,13:21:21,$ 3233.03,100
3460,13:21:21,$ 3233.00,100
3461,13:21:21,$ 3233.02,100
3463,13:21:21,$ 3233.25,100
3464,13:21:21,$ 3233.0035,100
3465,13:21:15,$ 3233.3101,100
3466,13:21:09,$ 3233.1892,200
3467,13:21:05,$ 3233.47,100
3468,13:21:04,$ 3233.84,100
3469,13:21:03,$ 3234.20,100
3470,13:20:57,$ 3234.59,100
3471,13:20:57,$ 3234.57,100
3472,13:20:49,$ 3234.79,100
3473,13:20:24,$ 3235.4881,100
3474,13:20:24,$ 3234.96,100
3475,13:20:24,$ 3235.00,100
3476,13:20:16,$ 3235.20,100
3477,13:20:16,$ 3235.37,100
3478,13:20:16,$ 3235.37,100
3479,13:20:16,$ 3235.37,100
3480,13:20:16,$ 3235.22,100
3481,13:20:13,$ 3235.48,100
3482,13:20:13,$ 3236.07,100
3484,13:20:03,$ 3236.185,200
3485,13:20:02,$ 3236.182,500
3486,13:19:27,$ 3236.15,100
3487,13:19:20,$ 3236.45,220
3488,13:19:11,$ 3236.4436,300
3489,13:19:01,$ 3236.66,100
3490,13:19:01,$ 3236.66,100
3491,13:18:25,$ 3236.80,100
3492,13:18:18,$ 3236.85,100
3493,13:18:08,$ 3236.00,310
3494,13:18:08,$ 3236.00,168
3495,13:17:31,$ 3235.94,141
3496,13:17:21,$ 3235.78,115
3497,13:17:21,$ 3235.78,100
3498,13:17:21,$ 3236.14,100
3499,13:17:21,$ 3236.36,100
3500,13:17:21,$ 3236.29,100
3501,13:17:21,$ 3236.35,100
3502,13:17:12,$ 3236.40,100
3503,13:17:12,$ 3236.425,100
3505,13:16:47,$ 3236.10,100
3506,13:16:47,$ 3236.10,100
3507,13:16:47,$ 3235.81,100
3508,13:16:47,$ 3235.79,100
3509,13:16:34,$ 3236.322,100
3510,13:16:34,$ 3236.42,100
3511,13:16:34,$ 3236.03,241
3512,13:16:33,$ 3236.03,100
3513,13:16:31,$ 3236.04,340
3514,13:16:26,$ 3236.27,100
3515,13:16:26,$ 3236.01,100
3516,13:16:25,$ 3236.32,100
3517,13:16:15,$ 3236.70,100
3518,13:16:13,$ 3236.9117,200
3519,13:16:12,$ 3236.56,100
3520,13:16:12,$ 3236.23,100
3521,13:16:11,$ 3237.00,100
3522,13:16:00,$ 3237.77,100
3523,13:15:53,$ 3237.775,100
3524,13:15:27,$ 3238.2613,101
3526,13:15:27,$ 3238.66,100
3527,13:15:00,$ 3238.85,100
3528,13:15:00,$ 3238.81,100
3529,13:14:46,$ 3238.00,100
3530,13:14:24,$ 3238.48,200
3531,13:14:06,$ 3238.88,500
3532,13:13:43,$ 3238.838,100
3533,13:13:21,$ 3238.89,200
3534,13:13:21,$ 3238.00,100
3535,13:13:21,$ 3238.78,100
3536,13:13:21,$ 3239.16,100
3537,13:13:19,$ 3239.17,100
3538,13:13:17,$ 3239.17,100
3539,13:13:17,$ 3239.17,100
3540,13:13:09,$ 3239.18,100
3541,13:12:59,$ 3239.445,100
3542,13:11:56,$ 3239.42,154
3543,13:09:55,$ 3240.61,"1,066"
3544,13:09:38,$ 3240.25,100
3545,13:09:32,$ 3239.82,100
3547,13:09:32,$ 3239.82,100
3548,13:08:29,$ 3239.29,100
3549,13:08:12,$ 3239.90,100
3550,13:07:50,$ 3239.95,100
3551,13:07:50,$ 3240.00,111
3552,13:07:48,$ 3239.92,100
3553,13:07:45,$ 3239.562,443
3554,13:06:51,$ 3239.87,100
3555,13:06:49,$ 3239.45,100
3556,13:06:41,$ 3239.48,100
3557,13:06:41,$ 3239.49,100
3558,13:05:54,$ 3239.22,100
3559,13:05:54,$ 3239.22,100
3560,13:05:52,$ 3239.79,245
3561,13:05:37,$ 3239.84,100
3562,13:05:30,$ 3240.00,100
3563,13:05:30,$ 3240.00,230
3564,13:05:30,$ 3240.00,260
3565,13:05:30,$ 3240.00,100
3566,13:05:30,$ 3240.00,159
3568,13:05:30,$ 3240.00,225
3569,13:05:19,$ 3240.50,100
3570,13:04:51,$ 3241.42,100
3571,13:04:51,$ 3241.3188,200
3572,13:04:50,$ 3241.3123,100
3573,13:04:01,$ 3241.725,100
3574,13:02:53,$ 3240.335,100
3575,13:02:51,$ 3240.37,126
3576,13:02:51,$ 3240.37,102
3577,13:02:51,$ 3240.37,102
3578,13:02:48,$ 3240.6475,100
3579,13:02:34,$ 3240.4689,100
3580,13:02:33,$ 3240.66,100
3581,13:02:13,$ 3240.88,100
3582,13:02:02,$ 3240.92,100
3583,13:01:50,$ 3241.61,100
3584,13:01:50,$ 3241.62,100
3585,13:01:50,$ 3241.57,100
3586,13:01:50,$ 3241.62,100
3587,13:01:50,$ 3241.62,100
3589,13:01:50,$ 3241.62,100
3590,13:01:50,$ 3241.62,100
3591,13:01:50,$ 3241.51,100
3592,13:00:52,$ 3242.14,100
3594,13:59:49,$ 3226.60,100
3595,13:59:37,$ 3226.05,100
3596,13:59:14,$ 3225.31,150
3597,13:58:51,$ 3226.60,100
3598,13:57:53,$ 3226.0316,173
3599,13:57:53,$ 3226.0316,127
3600,13:57:50,$ 3225.829,100
3601,13:57:46,$ 3226.235,148
3602,13:57:32,$ 3226.28,100
3603,13:55:52,$ 3226.168,100
3604,13:55:52,$ 3226.684,100
3605,13:55:43,$ 3226.27,750
3606,13:55:31,$ 3226.02,100
3607,13:55:31,$ 3226.02,100
3608,13:55:23,$ 3226.61,100
3609,13:55:04,$ 3226.92,100
3610,13:55:04,$ 3227.275,100
3611,13:55:04,$ 3227.08,100
3612,13:54:05,$ 3226.69,100
3613,13:54:05,$ 3226.19,100
3615,13:53:59,$ 3226.16,100
3616,13:53:54,$ 3226.04,100
3617,13:53:46,$ 3226.15,100
3618,13:53:43,$ 3226.3899,100
3619,13:53:40,$ 3226.04,100
3620,13:53:30,$ 3226.18,100
3621,13:53:30,$ 3226.18,100
3622,13:53:30,$ 3226.41,100
3623,13:53:09,$ 3226.32,100
3624,13:53:03,$ 3225.78,100
3625,13:52:58,$ 3225.40,100
3626,13:52:58,$ 3225.025,100
3627,13:52:58,$ 3225.20,100
3628,13:52:51,$ 3224.95,100
3629,13:52:43,$ 3224.88,100
3630,13:52:22,$ 3224.69,100
3631,13:52:19,$ 3225.00,100
3632,13:51:58,$ 3224.83,956
3633,13:51:57,$ 3224.91,100
3634,13:51:25,$ 3224.818,158
3636,13:51:22,$ 3224.83,100
3637,13:51:04,$ 3224.60,100
3638,13:51:02,$ 3224.70,100
3639,13:50:17,$ 3224.67,100
3640,13:49:57,$ 3224.40,100
3641,13:49:50,$ 3224.79,100
3642,13:49:50,$ 3224.60,100
3643,13:49:50,$ 3224.63,100
3644,13:49:08,$ 3223.7401,300
3645,13:49:04,$ 3224.60,500
3646,13:49:04,$ 3224.57,100
3647,13:49:04,$ 3224.60,100
3648,13:48:59,$ 3224.03,100
3649,13:48:49,$ 3224.64,100
3650,13:48:26,$ 3224.30,100
3651,13:48:24,$ 3223.7748,200
3652,13:48:10,$ 3223.6071,300
3653,13:48:00,$ 3223.985,100
3654,13:47:59,$ 3223.8058,101
3655,13:47:58,$ 3224.71,223
3657,13:47:57,$ 3224.30,200
3658,13:47:57,$ 3224.30,100
3659,13:47:48,$ 3223.87,100
3660,13:47:45,$ 3223.81,100
3661,13:47:43,$ 3224.15,100
3662,13:47:06,$ 3224.39,100
3663,13:47:05,$ 3224.46,100
3664,13:46:57,$ 3225.30,100
3665,13:46:57,$ 3225.38,100
3666,13:46:55,$ 3225.2734,100
3667,13:46:31,$ 3225.2758,100
3668,13:46:16,$ 3225.11,100
3669,13:46:04,$ 3225.46,100
3670,13:46:01,$ 3224.70,100
3671,13:46:01,$ 3224.91,100
3672,13:46:01,$ 3225.00,100
3673,13:45:58,$ 3225.96,100
3674,13:45:58,$ 3226.02,100
3675,13:45:37,$ 3226.00,100
3676,13:45:36,$ 3226.39,100
3678,13:45:28,$ 3225.51,100
3679,13:45:26,$ 3225.67,200
3680,13:45:21,$ 3225.85,198
3681,13:45:21,$ 3225.85,107
3682,13:45:21,$ 3226.03,100
3683,13:44:03,$ 3226.21,100
3684,13:43:44,$ 3226.7086,157
3685,13:43:16,$ 3227.28,100
3686,13:43:00,$ 3227.6568,300
3687,13:42:37,$ 3227.00,101
3688,13:42:37,$ 3227.00,409
3689,13:42:37,$ 3226.87,100
3690,13:42:37,$ 3227.00,200
3691,13:42:37,$ 3227.00,418
3692,13:42:37,$ 3226.99,100
3693,13:42:37,$ 3227.49,100
3694,13:42:29,$ 3227.16,100
3695,13:42:01,$ 3227.00,100
3696,13:41:56,$ 3228.39,100
3697,13:41:41,$ 3228.25,100
3699,13:41:33,$ 3228.815,100
3700,13:41:22,$ 3229.00,100
3701,13:41:05,$ 3227.78,100
3702,13:41:05,$ 3227.54,100
3703,13:41:00,$ 3227.85,100
3704,13:40:14,$ 3227.95,100
3705,13:40:14,$ 3227.95,100
3706,13:40:14,$ 3227.95,100
3707,13:40:02,$ 3227.85,100
3708,13:40:02,$ 3228.12,100
3709,13:39:57,$ 3228.00,100
3710,13:39:57,$ 3228.003,100
3711,13:39:57,$ 3228.06,100
3712,13:39:47,$ 3228.82,100
3713,13:39:47,$ 3228.82,100
3714,13:39:36,$ 3230.00,200
3715,13:39:36,$ 3230.00,100
3716,13:39:36,$ 3230.00,100
3717,13:39:36,$ 3230.00,100
3718,13:39:35,$ 3230.26,100
3720,13:39:32,$ 3230.29,100
3721,13:39:32,$ 3230.29,100
3722,13:39:24,$ 3230.6921,100
3723,13:39:17,$ 3230.78,200
3724,13:39:17,$ 3230.00,100
3725,13:39:16,$ 3230.24,100
3726,13:39:16,$ 3230.20,100
3727,13:39:12,$ 3230.28,100
3728,13:39:10,$ 3230.30,100
3729,13:39:10,$ 3230.51,100
3730,13:39:10,$ 3230.40,100
3731,13:39:05,$ 3230.55,100
3732,13:38:52,$ 3231.18,100
3733,13:38:45,$ 3230.40,100
3734,13:38:45,$ 3230.49,100
3735,13:38:45,$ 3230.30,100
3736,13:38:09,$ 3230.0858,246
3737,13:38:04,$ 3230.05,100
3738,13:38:04,$ 3230.04,100
3739,13:38:04,$ 3230.25,100
3741,13:38:04,$ 3230.29,400
3742,13:38:04,$ 3230.01,100
3743,13:38:04,$ 3230.67,100
3744,13:38:04,$ 3230.26,100
3745,13:38:00,$ 3231.02,100
3746,13:38:00,$ 3231.23,100
3747,13:38:00,$ 3231.23,359
3748,13:38:00,$ 3231.23,100
3749,13:38:00,$ 3231.40,100
3750,13:37:58,$ 3232.03,100
3751,13:37:58,$ 3232.08,100
3752,13:37:52,$ 3232.69,100
3753,13:37:34,$ 3233.01,200
3754,13:37:28,$ 3233.43,133
3755,13:37:18,$ 3232.87,100
3756,13:36:56,$ 3232.6199,100
3757,13:36:52,$ 3232.27,100
3758,13:36:47,$ 3232.73,100
3759,13:36:47,$ 3233.27,100
3760,13:36:16,$ 3233.655,100
3762,13:36:07,$ 3233.61,100
3763,13:36:07,$ 3233.625,100
3764,13:36:02,$ 3233.46,150
3765,13:35:55,$ 3233.32,100
3766,13:35:51,$ 3233.69,100
3767,13:35:45,$ 3233.56,100
3768,13:35:41,$ 3233.38,100
3769,13:35:37,$ 3233.39,100
3770,13:35:12,$ 3233.51,100
3771,13:35:12,$ 3233.325,100
3772,13:35:10,$ 3233.60,100
3773,13:35:10,$ 3233.60,127
3774,13:35:10,$ 3233.60,147
3775,13:34:53,$ 3232.93,100
3776,13:34:53,$ 3232.7766,100
3777,13:34:52,$ 3232.6514,100
3778,13:34:49,$ 3232.68,100
3779,13:34:12,$ 3232.78,100
3780,13:34:02,$ 3232.94,100
3781,13:34:02,$ 3233.23,100
3783,13:33:25,$ 3231.90,100
3784,13:33:23,$ 3232.59,100
3785,13:33:23,$ 3232.395,100
3786,13:33:23,$ 3232.22,100
3787,13:33:11,$ 3231.63,192
3788,13:33:07,$ 3231.64,100
3789,13:32:46,$ 3231.80,100
3790,13:32:41,$ 3231.82,100
3791,13:32:30,$ 3231.56,100
3792,13:32:26,$ 3231.865,100
3793,13:32:17,$ 3231.93,100
3794,13:32:12,$ 3231.89,100
3795,13:32:08,$ 3231.65,100
3796,13:32:08,$ 3231.50,100
3797,13:32:01,$ 3231.64,100
3798,13:31:56,$ 3231.62,100
3799,13:31:52,$ 3231.76,100
3800,13:31:51,$ 3232.03,100
3801,13:31:51,$ 3231.86,100
3802,13:31:51,$ 3232.45,100
3804,13:31:51,$ 3232.19,100
3805,13:31:51,$ 3232.13,100
3806,13:31:47,$ 3231.48,100
3807,13:31:06,$ 3231.28,100
3808,13:31:05,$ 3231.31,100
3809,13:31:04,$ 3231.31,100
3810,13:31:04,$ 3231.30,100
3811,13:30:53,$ 3231.795,100
3812,13:30:47,$ 3231.78,100
3813,13:30:47,$ 3231.55,100
3814,13:30:36,$ 3231.07,100
3815,13:30:23,$ 3231.36,100
3816,13:30:23,$ 3230.58,100
3817,13:30:23,$ 3230.58,100
3818,13:30:23,$ 3230.58,100
3819,13:30:23,$ 3230.58,100
3820,13:30:22,$ 3230.58,100
3821,13:30:03,$ 3230.21,100
3822,13:30:03,$ 3230.38,100
3823,13:30:03,$ 3230.38,100
3825,13:30:03,$ 3230.50,100
3826,13:30:01,$ 3230.70,100
3828,14:29:45,$ 3230.41,100
3829,14:29:37,$ 3230.44,100
3830,14:29:15,$ 3230.76,100
3831,14:28:56,$ 3229.90,100
3832,14:28:56,$ 3228.935,100
3833,14:28:56,$ 3229.27,100
3834,14:28:56,$ 3229.27,100
3835,14:28:56,$ 3229.27,145
3836,14:28:56,$ 3229.21,100
3837,14:28:56,$ 3229.26,200
3838,14:28:54,$ 3228.695,100
3839,14:28:44,$ 3228.56,100
3840,14:28:43,$ 3228.31,100
3841,14:28:37,$ 3228.44,"2,000"
3842,14:28:29,$ 3229.11,100
3843,14:28:26,$ 3228.88,100
3844,14:27:49,$ 3228.67,100
3845,14:27:49,$ 3228.72,100
3846,14:27:44,$ 3228.69,100
3847,14:26:36,$ 3227.18,100
3849,14:26:20,$ 3227.435,100
3850,14:26:09,$ 3227.49,100
3851,14:25:50,$ 3226.91,200
3852,14:25:44,$ 3226.805,100
3853,14:24:56,$ 3227.47,100
