,NLS Time (ET),NLS Price,NLS Share Volume
1,09:59:56,$ 3493.94,100
2,09:59:48,$ 3493.75,100
3,09:59:43,$ 3493.24,100
4,09:59:42,$ 3493.65,100
5,09:59:42,$ 3493.24,100
6,09:59:42,$ 3493.62,100
7,09:59:41,$ 3493.83,170
8,09:59:41,$ 3492.965,230
9,09:59:41,$ 3492.755,100
10,09:59:40,$ 3492.99,100
11,09:59:40,$ 3492.00,100
12,09:59:39,$ 3491.625,100
13,09:59:38,$ 3490.85,100
14,09:59:38,$ 3490.85,100
15,09:59:38,$ 3492.485,100
16,09:59:38,$ 3490.85,100
17,09:59:38,$ 3492.40,100
18,09:59:38,$ 3492.43,100
19,09:59:38,$ 3492.41,100
20,09:59:38,$ 3492.41,100
22,09:59:38,$ 3493.03,100
23,09:59:38,$ 3493.22,100
24,09:59:38,$ 3493.56,100
25,09:59:37,$ 3492.40,100
26,09:59:36,$ 3491.995,100
27,09:59:36,$ 3491.59,100
28,09:59:36,$ 3492.17,292
29,09:59:34,$ 3490.935,100
30,09:59:30,$ 3491.74,100
31,09:59:26,$ 3491.815,100
32,09:59:25,$ 3491.535,100
33,09:59:24,$ 3491.50,100
34,09:59:24,$ 3491.555,100
35,09:59:14,$ 3492.87,100
36,09:59:14,$ 3492.77,100
37,09:59:14,$ 3493.00,187
38,09:59:14,$ 3493.00,100
39,09:59:05,$ 3493.6899,500
40,09:59:04,$ 3494.00,100
41,09:59:04,$ 3494.00,652
43,09:59:04,$ 3494.00,100
44,09:58:53,$ 3494.49,100
45,09:58:53,$ 3494.49,100
46,09:58:53,$ 3494.48,100
47,09:58:53,$ 3494.95,117
48,09:58:49,$ 3494.48,100
49,09:58:48,$ 3494.85,100
50,09:58:40,$ 3495.175,100
51,09:58:40,$ 3495.17,100
52,09:58:34,$ 3495.05,100
53,09:58:30,$ 3495.6717,300
54,09:58:26,$ 3494.98,100
55,09:58:21,$ 3495.43,100
56,09:58:11,$ 3496.385,100
57,09:58:11,$ 3496.44,100
58,09:58:11,$ 3495.76,100
59,09:58:09,$ 3496.81,100
60,09:58:08,$ 3496.15,100
61,09:58:07,$ 3496.00,100
62,09:58:07,$ 3496.00,100
64,09:57:57,$ 3493.10,100
65,09:57:51,$ 3492.03,100
66,09:57:42,$ 3495.49,100
67,09:57:42,$ 3495.145,100
68,09:57:39,$ 3494.355,100
69,09:57:38,$ 3494.34,100
70,09:57:38,$ 3494.385,100
71,09:57:32,$ 3494.00,100
72,09:57:29,$ 3495.6954,200
73,09:57:27,$ 3494.99,100
74,09:57:26,$ 3495.00,100
75,09:57:26,$ 3495.00,100
76,09:57:15,$ 3494.00,100
77,09:57:13,$ 3493.7007,400
78,09:57:13,$ 3494.00,100
79,09:57:12,$ 3493.62,100
80,09:57:09,$ 3492.95,250
81,09:57:09,$ 3492.47,100
82,09:57:09,$ 3492.46,100
83,09:57:07,$ 3492.617,200
85,09:57:07,$ 3492.405,200
86,09:57:06,$ 3492.17,100
87,09:57:06,$ 3491.98,100
88,09:57:06,$ 3491.98,100
89,09:57:02,$ 3491.445,100
90,09:57:01,$ 3491.245,200
91,09:57:01,$ 3491.17,100
92,09:57:01,$ 3491.17,100
93,09:57:01,$ 3491.22,100
94,09:57:01,$ 3491.26,100
95,09:57:01,$ 3491.26,100
96,09:57:01,$ 3491.32,100
97,09:57:01,$ 3491.25,100
98,09:57:01,$ 3491.00,100
99,09:56:56,$ 3489.52,100
100,09:56:44,$ 3488.47,100
101,09:56:44,$ 3488.30,100
102,09:56:44,$ 3488.30,100
103,09:56:41,$ 3487.69,100
104,09:56:31,$ 3488.02,100
106,09:56:21,$ 3489.065,100
107,09:56:14,$ 3488.88,200
108,09:56:14,$ 3488.75,200
109,09:56:13,$ 3489.67,100
110,09:56:08,$ 3490.21,108
111,09:56:08,$ 3490.20,144
112,09:56:08,$ 3489.98,100
113,09:56:07,$ 3490.00,100
114,09:56:07,$ 3489.34,100
115,09:56:00,$ 3489.19,100
116,09:56:00,$ 3489.19,120
117,09:56:00,$ 3489.19,100
118,09:56:00,$ 3489.12,100
119,09:55:58,$ 3487.96,100
120,09:55:58,$ 3487.20,100
121,09:55:56,$ 3487.49,200
122,09:55:56,$ 3488.00,100
123,09:55:56,$ 3488.00,143
124,09:55:55,$ 3488.00,100
125,09:55:55,$ 3488.00,100
127,09:55:55,$ 3488.00,100
128,09:55:55,$ 3487.85,100
129,09:55:55,$ 3487.90,100
130,09:55:55,$ 3487.93,100
131,09:55:55,$ 3488.00,100
132,09:55:55,$ 3488.00,100
133,09:55:55,$ 3488.00,100
134,09:55:55,$ 3488.00,100
135,09:55:55,$ 3488.00,100
136,09:55:52,$ 3487.86,100
137,09:55:44,$ 3488.30,100
138,09:55:41,$ 3487.65,"1,000"
139,09:55:39,$ 3487.495,200
140,09:55:39,$ 3487.495,200
141,09:55:38,$ 3487.495,200
142,09:55:38,$ 3487.495,100
143,09:55:34,$ 3486.32,100
144,09:55:34,$ 3486.32,100
145,09:55:32,$ 3486.32,360
146,09:55:32,$ 3486.32,260
148,09:55:32,$ 3486.32,340
149,09:55:32,$ 3486.32,370
150,09:55:32,$ 3486.33,172
151,09:55:32,$ 3486.33,228
152,09:55:32,$ 3486.41,100
153,09:55:28,$ 3487.12,106
154,09:55:27,$ 3487.13,300
155,09:55:24,$ 3488.465,250
156,09:55:15,$ 3488.555,200
157,09:55:15,$ 3489.98,100
158,09:55:15,$ 3490.04,100
159,09:55:12,$ 3488.55,100
160,09:55:05,$ 3487.84,100
161,09:55:05,$ 3487.845,100
162,09:55:05,$ 3486.21,100
163,09:55:05,$ 3486.72,100
164,09:55:05,$ 3486.68,341
165,09:55:05,$ 3489.22,100
166,09:55:05,$ 3488.08,100
167,09:55:05,$ 3488.08,100
169,09:55:05,$ 3487.855,100
170,09:55:05,$ 3487.69,100
171,09:55:05,$ 3487.695,100
172,09:55:01,$ 3486.28,100
173,09:55:01,$ 3486.25,100
174,09:55:01,$ 3486.29,100
175,09:55:01,$ 3486.29,100
176,09:55:01,$ 3486.49,100
177,09:55:01,$ 3486.51,100
178,09:54:56,$ 3486.56,100
179,09:54:52,$ 3488.59,200
180,09:54:50,$ 3489.6693,100
181,09:54:45,$ 3490.71,100
182,09:54:45,$ 3490.65,100
183,09:54:43,$ 3492.00,120
184,09:54:43,$ 3492.06,100
185,09:54:43,$ 3491.98,100
186,09:54:43,$ 3492.00,100
187,09:54:43,$ 3492.00,100
188,09:54:43,$ 3492.00,100
190,09:54:43,$ 3492.00,100
191,09:54:42,$ 3491.32,200
192,09:54:42,$ 3491.325,241
193,09:54:42,$ 3491.5983,179
194,09:54:42,$ 3491.5983,571
195,09:54:38,$ 3491.5736,180
196,09:54:33,$ 3491.36,100
197,09:54:33,$ 3491.70,100
198,09:54:29,$ 3491.51,100
199,09:54:29,$ 3491.53,100
200,09:54:25,$ 3491.15,100
201,09:54:23,$ 3491.575,100
202,09:54:23,$ 3491.68,100
203,09:54:22,$ 3490.01,100
204,09:54:22,$ 3490.01,100
205,09:54:17,$ 3490.00,109
206,09:54:16,$ 3488.93,100
207,09:54:12,$ 3487.67,100
208,09:54:11,$ 3488.14,100
209,09:54:11,$ 3487.77,100
211,09:54:11,$ 3487.65,100
212,09:54:07,$ 3486.64,100
213,09:54:07,$ 3487.78,"2,000"
214,09:54:03,$ 3486.79,100
215,09:54:03,$ 3486.81,100
216,09:54:03,$ 3486.80,100
217,09:54:01,$ 3486.9033,300
218,09:54:00,$ 3486.80,100
219,09:54:00,$ 3486.80,100
220,09:53:58,$ 3486.8001,340
221,09:53:57,$ 3486.935,100
222,09:53:49,$ 3487.40,100
223,09:53:47,$ 3488.00,100
224,09:53:43,$ 3489.43,100
225,09:53:41,$ 3488.1444,300
226,09:53:35,$ 3488.8311,"1,000"
227,09:53:25,$ 3488.825,100
228,09:53:21,$ 3488.78,100
229,09:53:21,$ 3488.82,100
230,09:53:20,$ 3488.755,100
232,09:53:19,$ 3488.63,100
233,09:53:18,$ 3488.58,100
234,09:53:16,$ 3489.42,100
235,09:53:15,$ 3488.58,100
236,09:53:13,$ 3488.7097,500
237,09:53:13,$ 3488.60,100
238,09:53:13,$ 3488.60,100
239,09:53:13,$ 3488.59,100
240,09:53:13,$ 3488.58,100
241,09:53:13,$ 3488.59,100
242,09:53:12,$ 3489.135,100
243,09:53:12,$ 3488.58,200
244,09:53:06,$ 3488.21,100
245,09:53:06,$ 3488.21,100
246,09:53:06,$ 3487.19,100
247,09:53:04,$ 3486.9399,500
248,09:52:59,$ 3486.95,100
249,09:52:59,$ 3487.42,100
250,09:52:58,$ 3487.52,100
251,09:52:50,$ 3489.04,100
253,09:52:46,$ 3488.645,100
254,09:52:45,$ 3489.78,139
255,09:52:41,$ 3487.99,100
256,09:52:41,$ 3488.00,139
257,09:52:41,$ 3488.00,241
258,09:52:41,$ 3487.88,100
259,09:52:41,$ 3487.96,135
260,09:52:41,$ 3488.00,455
261,09:52:41,$ 3488.00,100
262,09:52:41,$ 3488.111,200
263,09:52:41,$ 3488.40,100
264,09:52:41,$ 3488.40,100
265,09:52:41,$ 3488.42,100
266,09:52:39,$ 3488.46,100
267,09:52:38,$ 3488.67,100
268,09:52:38,$ 3488.73,100
269,09:52:38,$ 3488.83,200
270,09:52:38,$ 3488.6535,200
271,09:52:38,$ 3488.6538,100
272,09:52:38,$ 3489.01,100
274,09:52:38,$ 3489.57,100
275,09:52:35,$ 3488.75,100
276,09:52:34,$ 3488.53,100
277,09:52:33,$ 3490.24,100
278,09:52:26,$ 3490.935,100
279,09:52:24,$ 3491.46,100
280,09:52:22,$ 3491.97,100
281,09:52:20,$ 3491.95,100
282,09:52:19,$ 3491.35,100
283,09:52:11,$ 3491.07,100
284,09:52:05,$ 3491.00,100
285,09:52:03,$ 3489.69,100
286,09:52:03,$ 3490.00,100
287,09:51:59,$ 3489.48,100
288,09:51:56,$ 3487.495,100
289,09:51:48,$ 3489.12,100
290,09:51:47,$ 3489.97,100
291,09:51:42,$ 3489.12,100
292,09:51:42,$ 3489.12,100
293,09:51:42,$ 3489.12,100
295,09:51:42,$ 3489.12,100
296,09:51:36,$ 3487.87,100
297,09:51:33,$ 3489.13,200
298,09:51:33,$ 3489.13,100
299,09:51:31,$ 3489.11,300
300,09:51:31,$ 3489.01,261
301,09:51:30,$ 3489.135,100
302,09:51:30,$ 3489.195,100
303,09:51:20,$ 3489.71,100
304,09:51:20,$ 3488.33,100
305,09:51:20,$ 3487.665,100
306,09:51:20,$ 3488.085,100
307,09:51:20,$ 3487.155,100
308,09:51:20,$ 3487.14,100
309,09:51:20,$ 3490.00,480
310,09:51:20,$ 3490.00,700
311,09:51:20,$ 3490.00,100
312,09:51:20,$ 3490.00,100
313,09:51:20,$ 3490.10,100
314,09:51:20,$ 3490.18,100
316,09:51:20,$ 3490.18,100
317,09:51:18,$ 3490.18,100
318,09:51:17,$ 3490.42,100
319,09:51:17,$ 3490.90,100
320,09:51:14,$ 3491.39,100
321,09:51:08,$ 3490.98,100
322,09:51:08,$ 3490.94,100
323,09:51:08,$ 3490.94,100
324,09:51:08,$ 3490.60,100
325,09:51:08,$ 3490.43,100
326,09:51:08,$ 3490.445,100
327,09:51:08,$ 3491.413,200
328,09:51:08,$ 3492.32,100
329,09:51:08,$ 3492.27,100
330,09:51:08,$ 3492.25,100
331,09:51:08,$ 3492.25,100
332,09:51:07,$ 3493.4226,"1,500"
333,09:51:04,$ 3492.29,100
334,09:51:04,$ 3492.24,100
335,09:51:04,$ 3493.37,200
337,09:51:04,$ 3492.24,500
338,09:51:03,$ 3493.555,100
339,09:51:02,$ 3493.01,100
340,09:51:02,$ 3493.00,150
341,09:50:59,$ 3493.77,100
342,09:50:59,$ 3493.77,130
343,09:50:59,$ 3493.56,100
344,09:50:58,$ 3493.88,200
345,09:50:58,$ 3493.98,100
346,09:50:58,$ 3494.00,100
347,09:50:58,$ 3493.76,100
348,09:50:58,$ 3493.76,170
349,09:50:56,$ 3494.38,100
350,09:50:55,$ 3494.445,500
351,09:50:53,$ 3494.3893,150
352,09:50:49,$ 3493.78,100
353,09:50:42,$ 3494.465,100
354,09:50:42,$ 3493.59,100
355,09:50:42,$ 3493.59,300
356,09:50:42,$ 3493.59,369
358,09:50:42,$ 3493.59,100
359,09:50:42,$ 3493.77,100
360,09:50:42,$ 3493.60,100
361,09:50:42,$ 3493.59,100
362,09:50:42,$ 3493.59,100
363,09:50:39,$ 3493.8554,100
364,09:50:38,$ 3493.59,195
365,09:50:38,$ 3493.60,100
366,09:50:38,$ 3493.59,500
367,09:50:38,$ 3493.59,500
368,09:50:37,$ 3494.67,200
369,09:50:34,$ 3494.03,100
370,09:50:31,$ 3493.80,500
371,09:50:28,$ 3493.79,100
372,09:50:28,$ 3493.83,100
373,09:50:28,$ 3493.79,100
374,09:50:27,$ 3493.82,100
375,09:50:27,$ 3493.81,100
376,09:50:27,$ 3493.79,115
377,09:50:27,$ 3493.81,184
379,09:50:27,$ 3494.10,100
380,09:50:27,$ 3494.10,100
381,09:50:26,$ 3495.5899,300
382,09:50:20,$ 3493.876,100
383,09:50:20,$ 3493.885,100
384,09:50:20,$ 3494.01,100
385,09:50:20,$ 3494.06,100
386,09:50:18,$ 3495.4701,100
387,09:50:08,$ 3494.515,100
388,09:50:08,$ 3494.425,100
389,09:50:07,$ 3495.00,100
390,09:50:07,$ 3495.02,100
391,09:50:06,$ 3495.60,100
392,09:50:06,$ 3495.60,100
393,09:50:06,$ 3495.44,100
394,09:50:06,$ 3495.32,100
395,09:49:55,$ 3495.105,100
396,09:49:50,$ 3495.775,100
397,09:49:44,$ 3495.00,100
398,09:49:36,$ 3494.832,100
400,09:49:34,$ 3494.964,100
401,09:49:34,$ 3493.50,100
402,09:49:33,$ 3493.952,100
403,09:49:33,$ 3494.00,473
404,09:49:33,$ 3494.21,100
405,09:49:33,$ 3494.00,192
406,09:49:33,$ 3494.00,100
407,09:49:30,$ 3494.21,100
408,09:49:26,$ 3495.4489,100
409,09:49:23,$ 3494.62,100
410,09:49:21,$ 3495.095,100
411,09:49:20,$ 3495.01,200
412,09:49:20,$ 3495.01,200
413,09:49:20,$ 3495.00,100
414,09:49:19,$ 3495.233,500
415,09:49:14,$ 3494.73,100
416,09:49:12,$ 3494.8289,100
417,09:49:10,$ 3493.96,100
418,09:49:08,$ 3493.61,100
419,09:49:08,$ 3494.27,290
421,09:49:08,$ 3494.255,100
422,09:49:07,$ 3493.53,200
423,09:49:06,$ 3493.545,100
424,09:49:05,$ 3493.59,300
425,09:49:05,$ 3495.00,100
426,09:49:03,$ 3495.98,100
427,09:49:03,$ 3496.00,100
428,09:49:02,$ 3496.535,100
429,09:49:00,$ 3496.66,100
430,09:48:59,$ 3497.273,200
431,09:48:56,$ 3496.32,100
432,09:48:54,$ 3498.7999,100
433,09:48:53,$ 3497.52,100
434,09:48:52,$ 3497.00,100
435,09:48:52,$ 3496.89,100
436,09:48:52,$ 3497.65,100
437,09:48:52,$ 3497.03,100
438,09:48:52,$ 3497.00,100
439,09:48:52,$ 3496.92,100
440,09:48:52,$ 3497.49,100
442,09:48:52,$ 3497.28,100
443,09:48:52,$ 3497.00,100
444,09:48:52,$ 3496.91,100
445,09:48:51,$ 3498.55,200
446,09:48:50,$ 3497.00,135
447,09:48:50,$ 3497.96,100
448,09:48:50,$ 3497.67,100
449,09:48:48,$ 3498.89,100
450,09:48:47,$ 3500.00,200
451,09:48:45,$ 3500.185,100
452,09:48:43,$ 3500.32,100
453,09:48:41,$ 3500.37,100
454,09:48:41,$ 3500.99,100
455,09:48:41,$ 3500.97,100
456,09:48:40,$ 3499.74,110
457,09:48:38,$ 3499.695,145
458,09:48:37,$ 3500.21,200
459,09:48:35,$ 3500.21,200
460,09:48:35,$ 3500.10,100
461,09:48:33,$ 3499.87,100
463,09:48:33,$ 3499.78,249
464,09:48:33,$ 3499.78,142
465,09:48:33,$ 3499.74,100
466,09:48:33,$ 3499.74,100
467,09:48:32,$ 3498.98,500
468,09:48:32,$ 3499.5841,200
469,09:48:31,$ 3498.9833,285
470,09:48:27,$ 3498.89,200
471,09:48:27,$ 3499.04,100
472,09:48:25,$ 3498.89,100
473,09:48:24,$ 3498.8899,100
474,09:48:22,$ 3498.64,200
475,09:48:22,$ 3498.62,170
476,09:48:22,$ 3498.62,100
477,09:48:22,$ 3498.64,200
478,09:48:16,$ 3498.17,"2,000"
479,09:48:09,$ 3499.67,100
480,09:48:09,$ 3499.605,100
481,09:48:06,$ 3498.97,100
482,09:48:06,$ 3498.0514,500
484,09:48:01,$ 3499.10,100
485,09:48:01,$ 3498.90,100
486,09:48:01,$ 3498.99,100
487,09:47:58,$ 3497.72,100
488,09:47:53,$ 3497.80,100
489,09:47:53,$ 3497.21,100
490,09:47:50,$ 3497.26,200
491,09:47:50,$ 3497.26,100
492,09:47:49,$ 3497.31,100
493,09:47:49,$ 3497.27,100
494,09:47:49,$ 3497.37,100
495,09:47:46,$ 3498.00,100
496,09:47:46,$ 3497.30,100
497,09:47:46,$ 3497.15,100
498,09:47:46,$ 3497.30,100
499,09:47:41,$ 3496.62,100
500,09:47:41,$ 3496.18,136
501,09:47:41,$ 3496.30,100
502,09:47:41,$ 3496.22,100
503,09:47:34,$ 3496.85,100
505,09:47:34,$ 3495.90,200
506,09:47:33,$ 3496.20,200
507,09:47:33,$ 3496.20,100
508,09:47:33,$ 3496.11,100
509,09:47:27,$ 3496.985,100
510,09:47:25,$ 3496.195,100
511,09:47:25,$ 3496.985,100
512,09:47:24,$ 3496.99,200
513,09:47:11,$ 3497.50,100
514,09:47:09,$ 3498.00,119
515,09:47:09,$ 3497.99,141
516,09:47:08,$ 3497.91,100
517,09:46:55,$ 3497.00,117
518,09:46:55,$ 3497.01,100
519,09:46:55,$ 3497.08,100
520,09:46:55,$ 3498.46,170
521,09:46:48,$ 3497.995,200
522,09:46:44,$ 3498.00,100
523,09:46:43,$ 3498.925,100
524,09:46:37,$ 3498.89,100
526,09:46:37,$ 3499.71,100
527,09:46:37,$ 3499.62,100
528,09:46:37,$ 3499.73,100
529,09:46:36,$ 3498.21,100
530,09:46:29,$ 3498.02,100
531,09:46:26,$ 3498.93,100
532,09:46:26,$ 3499.10,100
533,09:46:24,$ 3499.79,100
534,09:46:24,$ 3500.00,100
535,09:46:24,$ 3500.07,100
536,09:46:24,$ 3499.52,500
537,09:46:23,$ 3500.00,346
538,09:46:23,$ 3500.00,271
539,09:46:21,$ 3499.85,100
540,09:46:20,$ 3499.475,100
541,09:46:18,$ 3499.60,100
542,09:46:18,$ 3500.00,200
543,09:46:18,$ 3500.00,300
544,09:46:18,$ 3500.00,102
545,09:46:17,$ 3499.01,100
547,09:46:17,$ 3499.78,100
548,09:46:17,$ 3499.17,100
549,09:46:17,$ 3500.00,200
550,09:46:17,$ 3500.00,100
551,09:46:17,$ 3500.00,100
552,09:46:17,$ 3499.70,100
553,09:46:17,$ 3500.00,100
554,09:46:17,$ 3500.00,100
555,09:46:17,$ 3500.00,100
556,09:46:17,$ 3500.00,175
557,09:46:17,$ 3500.00,127
558,09:46:17,$ 3500.00,255
559,09:46:17,$ 3500.00,150
560,09:46:17,$ 3500.00,"1,100"
561,09:46:17,$ 3500.00,100
562,09:46:17,$ 3500.00,200
563,09:46:17,$ 3499.935,100
564,09:46:17,$ 3498.96,100
565,09:46:17,$ 3499.22,100
566,09:46:17,$ 3499.24,100
568,09:46:17,$ 3499.35,100
569,09:46:17,$ 3499.60,100
570,09:46:17,$ 3499.88,100
571,09:46:17,$ 3499.95,100
572,09:46:17,$ 3499.97,100
573,09:46:17,$ 3499.98,100
574,09:46:17,$ 3499.98,100
575,09:46:17,$ 3498.40,100
576,09:46:17,$ 3499.19,100
577,09:46:14,$ 3499.20,100
578,09:46:12,$ 3498.88,100
579,09:46:11,$ 3499.99,900
580,09:46:11,$ 3499.99,100
581,09:46:11,$ 3499.98,100
582,09:46:11,$ 3499.99,100
583,09:46:11,$ 3500.00,100
584,09:46:11,$ 3499.54,100
585,09:46:10,$ 3498.965,300
586,09:46:10,$ 3499.54,100
587,09:46:09,$ 3499.00,100
589,09:46:09,$ 3499.00,100
590,09:46:08,$ 3497.2433,150
591,09:46:07,$ 3498.24,100
592,09:46:06,$ 3497.99,100
593,09:46:06,$ 3497.35,100
594,09:46:06,$ 3497.35,100
595,09:46:05,$ 3497.005,100
596,09:46:02,$ 3496.47,250
597,09:45:57,$ 3497.99,100
598,09:45:56,$ 3497.0367,100
599,09:45:55,$ 3497.0981,100
600,09:45:49,$ 3496.412,140
601,09:45:44,$ 3497.27,285
602,09:45:44,$ 3497.36,116
603,09:45:44,$ 3496.99,100
604,09:45:44,$ 3496.99,100
605,09:45:42,$ 3495.24,100
606,09:45:34,$ 3495.49,200
607,09:45:29,$ 3494.40,100
608,09:45:27,$ 3493.30,100
610,09:45:27,$ 3493.13,100
611,09:45:25,$ 3493.1498,100
612,09:45:23,$ 3493.235,100
613,09:45:22,$ 3492.99,100
614,09:45:22,$ 3490.53,100
615,09:45:22,$ 3492.5067,100
616,09:45:21,$ 3491.38,100
617,09:45:21,$ 3491.72,100
618,09:45:21,$ 3491.30,100
619,09:45:21,$ 3491.29,100
620,09:45:19,$ 3492.4677,100
621,09:45:19,$ 3492.14,200
622,09:45:18,$ 3491.22,191
623,09:45:18,$ 3491.37,100
624,09:45:18,$ 3491.305,100
625,09:45:18,$ 3491.435,100
626,09:45:15,$ 3490.785,100
627,09:45:15,$ 3491.5149,100
628,09:45:15,$ 3490.53,100
629,09:45:15,$ 3492.26,100
631,09:45:15,$ 3492.24,100
632,09:45:11,$ 3492.18,100
633,09:45:06,$ 3493.1705,100
634,09:45:05,$ 3493.68,100
635,09:45:05,$ 3493.895,"2,000"
636,09:45:02,$ 3493.0957,200
637,09:45:02,$ 3493.885,200
638,09:44:58,$ 3493.60,100
639,09:44:58,$ 3495.08,140
640,09:44:57,$ 3494.75,100
641,09:44:56,$ 3493.01,100
642,09:44:56,$ 3493.20,100
643,09:44:56,$ 3493.31,100
644,09:44:55,$ 3494.52,100
645,09:44:55,$ 3494.66,100
646,09:44:55,$ 3494.99,100
647,09:44:55,$ 3496.005,100
648,09:44:54,$ 3494.9901,700
649,09:44:48,$ 3496.40,100
650,09:44:43,$ 3496.555,106
652,09:44:43,$ 3496.42,100
653,09:44:42,$ 3495.60,100
654,09:44:42,$ 3495.555,100
655,09:44:42,$ 3496.35,100
656,09:44:41,$ 3498.29,100
657,09:44:40,$ 3498.29,100
658,09:44:36,$ 3497.4891,200
659,09:44:33,$ 3497.00,100
660,09:44:32,$ 3498.26,100
661,09:44:32,$ 3498.10,100
662,09:44:32,$ 3498.09,100
663,09:44:28,$ 3499.79,100
664,09:44:28,$ 3499.60,100
665,09:44:28,$ 3499.19,100
666,09:44:28,$ 3499.55,300
667,09:44:28,$ 3499.61,100
668,09:44:28,$ 3499.76,100
669,09:44:28,$ 3499.82,100
670,09:44:28,$ 3499.88,105
671,09:44:26,$ 3498.4398,100
673,09:44:24,$ 3499.13,100
674,09:44:24,$ 3498.98,327
675,09:44:23,$ 3498.62,100
676,09:44:23,$ 3498.99,100
677,09:44:23,$ 3499.04,100
678,09:44:22,$ 3498.699,100
679,09:44:19,$ 3497.95,300
680,09:44:19,$ 3498.79,100
681,09:44:19,$ 3498.80,101
682,09:44:13,$ 3497.23,100
683,09:44:10,$ 3497.773,100
684,09:44:10,$ 3497.4609,100
685,09:44:09,$ 3497.91,100
686,09:44:03,$ 3498.02,100
687,09:44:03,$ 3497.972,100
688,09:44:00,$ 3496.76,100
689,09:43:55,$ 3495.60,197
690,09:43:51,$ 3497.19,100
691,09:43:46,$ 3496.64,100
692,09:43:42,$ 3494.81,200
694,09:43:41,$ 3495.44,103
695,09:43:41,$ 3495.45,100
696,09:43:41,$ 3495.50,100
697,09:43:36,$ 3494.0582,200
698,09:43:34,$ 3493.7307,300
699,09:43:33,$ 3493.84,199
700,09:43:33,$ 3495.4999,300
701,09:43:33,$ 3494.59,100
702,09:43:32,$ 3494.00,100
703,09:43:32,$ 3494.00,100
704,09:43:32,$ 3494.00,100
705,09:43:32,$ 3493.99,100
706,09:43:29,$ 3495.50,100
707,09:43:29,$ 3495.76,100
708,09:43:29,$ 3495.38,100
709,09:43:29,$ 3495.69,100
710,09:43:29,$ 3494.93,100
711,09:43:24,$ 3495.4864,100
712,09:43:22,$ 3494.53,100
713,09:43:20,$ 3495.00,100
715,09:43:20,$ 3495.65,100
716,09:43:20,$ 3495.65,100
717,09:43:12,$ 3499.00,100
718,09:43:12,$ 3498.84,100
719,09:43:12,$ 3498.69,100
720,09:43:12,$ 3497.8555,100
721,09:43:12,$ 3498.63,100
722,09:43:10,$ 3497.8612,100
723,09:43:10,$ 3498.23,100
724,09:43:10,$ 3497.8614,100
725,09:43:08,$ 3497.67,100
726,09:43:08,$ 3497.836,100
727,09:43:08,$ 3497.84,100
728,09:43:05,$ 3496.69,100
729,09:43:04,$ 3497.23,100
730,09:43:04,$ 3498.9799,140
731,09:43:01,$ 3498.0182,200
732,09:42:56,$ 3497.3958,200
733,09:42:55,$ 3497.11,200
734,09:42:54,$ 3496.71,100
736,09:42:54,$ 3496.04,100
737,09:42:53,$ 3495.765,100
738,09:42:52,$ 3496.42,100
739,09:42:51,$ 3496.30,100
740,09:42:51,$ 3496.29,100
741,09:42:51,$ 3496.29,202
742,09:42:51,$ 3496.37,100
743,09:42:51,$ 3496.57,100
744,09:42:51,$ 3497.0485,100
745,09:42:47,$ 3496.51,100
746,09:42:40,$ 3497.61,100
747,09:42:40,$ 3497.83,100
748,09:42:40,$ 3498.00,100
749,09:42:40,$ 3497.84,100
750,09:42:40,$ 3497.64,100
751,09:42:40,$ 3497.115,100
752,09:42:38,$ 3497.85,100
753,09:42:36,$ 3497.61,100
754,09:42:33,$ 3496.775,100
755,09:42:30,$ 3495.895,100
757,09:42:23,$ 3496.3989,226
758,09:42:23,$ 3496.11,100
759,09:42:20,$ 3495.3513,300
760,09:42:20,$ 3495.315,100
761,09:42:20,$ 3495.56,100
762,09:42:20,$ 3495.17,100
763,09:42:20,$ 3494.88,100
764,09:42:20,$ 3495.30,100
765,09:42:19,$ 3494.92,100
766,09:42:13,$ 3493.965,100
767,09:42:13,$ 3493.965,100
768,09:42:13,$ 3493.965,100
769,09:42:08,$ 3494.06,"1,000"
770,09:42:08,$ 3494.185,100
771,09:42:08,$ 3494.77,100
772,09:42:03,$ 3493.89,100
773,09:42:01,$ 3493.135,100
774,09:42:01,$ 3494.5319,210
775,09:41:57,$ 3494.3059,150
776,09:41:50,$ 3494.936,100
778,09:41:50,$ 3494.936,100
779,09:41:50,$ 3493.995,100
780,09:41:50,$ 3493.27,100
781,09:41:50,$ 3493.24,100
782,09:41:49,$ 3493.22,100
783,09:41:49,$ 3491.599,500
784,09:41:47,$ 3493.42,145
785,09:41:46,$ 3493.355,100
786,09:41:44,$ 3492.43,100
787,09:41:43,$ 3494.1799,270
788,09:41:43,$ 3492.435,100
789,09:41:41,$ 3495.30,100
790,09:41:41,$ 3494.02,100
791,09:41:39,$ 3494.94,300
792,09:41:38,$ 3494.30,100
793,09:41:38,$ 3494.95,100
794,09:41:38,$ 3495.00,344
795,09:41:38,$ 3495.00,100
796,09:41:38,$ 3495.00,100
797,09:41:38,$ 3495.00,100
799,09:41:38,$ 3494.95,136
800,09:41:38,$ 3494.95,752
801,09:41:38,$ 3494.95,100
802,09:41:37,$ 3494.50,100
803,09:41:37,$ 3494.50,100
804,09:41:37,$ 3494.22,100
805,09:41:37,$ 3494.00,900
806,09:41:37,$ 3494.00,100
807,09:41:37,$ 3494.00,100
808,09:41:37,$ 3492.96,100
809,09:41:37,$ 3493.36,100
810,09:41:37,$ 3493.22,100
811,09:41:28,$ 3493.00,112
812,09:41:28,$ 3492.00,100
813,09:41:28,$ 3491.84,100
814,09:41:28,$ 3491.39,121
815,09:41:25,$ 3490.10,100
816,09:41:24,$ 3490.795,300
817,09:41:21,$ 3491.1899,100
818,09:41:19,$ 3489.60,100
820,09:41:19,$ 3489.71,100
821,09:41:18,$ 3489.78,100
822,09:41:18,$ 3491.43,100
823,09:41:16,$ 3491.00,100
824,09:41:16,$ 3491.00,100
825,09:41:16,$ 3491.00,100
826,09:41:16,$ 3490.845,100
827,09:41:16,$ 3490.84,100
828,09:41:16,$ 3490.69,100
829,09:41:13,$ 3490.05,200
830,09:41:13,$ 3490.00,100
831,09:41:13,$ 3489.98,100
832,09:41:13,$ 3489.59,100
833,09:41:10,$ 3489.44,100
834,09:41:08,$ 3488.68,100
835,09:41:05,$ 3486.185,101
836,09:41:03,$ 3484.73,125
837,09:40:54,$ 3484.92,100
838,09:40:53,$ 3485.24,297
839,09:40:47,$ 3487.6352,100
841,09:40:46,$ 3487.36,191
842,09:40:46,$ 3487.04,100
843,09:40:46,$ 3487.04,100
844,09:40:45,$ 3485.86,100
845,09:40:40,$ 3485.1317,100
846,09:40:40,$ 3485.9246,100
847,09:40:40,$ 3485.86,100
848,09:40:39,$ 3485.03,172
849,09:40:33,$ 3484.19,100
850,09:40:29,$ 3485.6117,100
851,09:40:28,$ 3484.16,100
852,09:40:26,$ 3484.13,100
853,09:40:24,$ 3484.66,168
854,09:40:24,$ 3484.66,283
855,09:40:24,$ 3484.66,100
856,09:40:24,$ 3484.66,294
857,09:40:24,$ 3484.66,200
858,09:40:24,$ 3484.64,100
859,09:40:24,$ 3484.66,100
860,09:40:24,$ 3484.66,113
862,09:40:24,$ 3484.66,100
863,09:40:24,$ 3484.70,100
864,09:40:23,$ 3485.55,100
865,09:40:23,$ 3485.69,100
866,09:40:23,$ 3485.69,100
867,09:40:20,$ 3486.63,100
868,09:40:15,$ 3484.755,100
869,09:40:14,$ 3485.49,234
870,09:40:14,$ 3485.49,368
871,09:40:13,$ 3485.49,405
872,09:40:13,$ 3485.49,200
873,09:40:13,$ 3485.57,100
874,09:40:11,$ 3485.77,100
875,09:40:11,$ 3485.80,100
876,09:40:11,$ 3485.80,100
877,09:40:11,$ 3485.69,100
878,09:40:09,$ 3486.525,100
879,09:40:09,$ 3486.525,100
880,09:40:09,$ 3486.525,100
881,09:40:09,$ 3486.79,100
883,09:40:06,$ 3485.75,100
884,09:40:06,$ 3485.75,100
885,09:40:06,$ 3485.78,100
886,09:40:06,$ 3485.78,100
887,09:40:06,$ 3485.75,100
888,09:40:05,$ 3485.80,100
889,09:40:05,$ 3485.80,100
890,09:40:05,$ 3485.80,100
891,09:40:05,$ 3485.75,100
892,09:40:05,$ 3486.00,100
893,09:40:04,$ 3486.6271,380
894,09:40:03,$ 3487.15,100
895,09:39:56,$ 3488.29,100
896,09:39:55,$ 3489.15,100
897,09:39:55,$ 3489.00,100
898,09:39:55,$ 3489.00,100
899,09:39:55,$ 3489.00,100
900,09:39:55,$ 3489.00,100
901,09:39:55,$ 3490.00,100
902,09:39:54,$ 3489.05,100
904,09:39:54,$ 3489.05,100
905,09:39:54,$ 3489.00,100
906,09:39:53,$ 3488.58,100
907,09:39:53,$ 3488.59,300
908,09:39:53,$ 3487.87,100
909,09:39:50,$ 3486.45,100
910,09:39:50,$ 3486.49,100
911,09:39:46,$ 3488.20,100
912,09:39:39,$ 3489.10,200
913,09:39:36,$ 3488.65,109
914,09:39:36,$ 3488.62,100
915,09:39:33,$ 3487.15,100
916,09:39:33,$ 3488.10,100
917,09:39:33,$ 3488.10,100
918,09:39:24,$ 3488.72,100
919,09:39:16,$ 3487.39,100
920,09:39:16,$ 3487.27,300
921,09:39:16,$ 3487.27,100
922,09:39:08,$ 3485.18,100
923,09:39:03,$ 3486.345,100
925,09:39:02,$ 3486.34,180
926,09:38:53,$ 3486.99,100
927,09:38:45,$ 3486.99,100
928,09:38:45,$ 3488.00,706
929,09:38:41,$ 3487.07,100
930,09:38:41,$ 3486.16,100
931,09:38:41,$ 3486.16,100
932,09:38:39,$ 3487.075,100
933,09:38:37,$ 3487.64,100
934,09:38:31,$ 3486.96,105
935,09:38:29,$ 3486.95,100
936,09:38:26,$ 3486.48,100
937,09:38:24,$ 3486.01,100
938,09:38:10,$ 3485.96,100
939,09:38:05,$ 3485.60,100
940,09:38:04,$ 3485.74,100
941,09:38:01,$ 3483.51,100
942,09:38:00,$ 3485.00,224
943,09:37:57,$ 3484.98,100
944,09:37:55,$ 3485.27,100
946,09:37:53,$ 3486.00,100
947,09:37:50,$ 3486.49,195
948,09:37:50,$ 3486.49,100
949,09:37:50,$ 3486.48,116
950,09:37:49,$ 3485.285,100
951,09:37:48,$ 3485.68,100
952,09:37:48,$ 3486.97,200
953,09:37:45,$ 3486.9865,131
954,09:37:45,$ 3486.9865,155
955,09:37:42,$ 3487.98,"1,000"
956,09:37:30,$ 3489.49,100
957,09:37:30,$ 3489.45,253
958,09:37:29,$ 3488.325,100
959,09:37:22,$ 3489.6599,200
960,09:37:17,$ 3490.40,100
961,09:37:15,$ 3491.30,100
962,09:37:15,$ 3491.34,100
963,09:37:14,$ 3490.14,100
964,09:37:13,$ 3491.07,100
965,09:37:10,$ 3491.05,100
967,09:37:09,$ 3491.0542,242
968,09:37:07,$ 3490.10,100
969,09:37:07,$ 3490.05,100
970,09:37:06,$ 3489.88,100
971,09:37:06,$ 3490.05,100
972,09:37:06,$ 3489.96,100
973,09:37:01,$ 3487.88,111
974,09:37:01,$ 3488.32,100
975,09:37:01,$ 3487.45,100
976,09:36:57,$ 3487.6698,"2,000"
977,09:36:57,$ 3487.82,100
978,09:36:57,$ 3487.82,100
979,09:36:54,$ 3485.65,100
980,09:36:51,$ 3486.61,300
981,09:36:45,$ 3484.8411,350
982,09:36:44,$ 3485.545,100
983,09:36:44,$ 3485.47,100
984,09:36:43,$ 3484.61,100
985,09:36:38,$ 3484.12,100
986,09:36:38,$ 3484.12,100
988,09:36:38,$ 3484.12,148
989,09:36:38,$ 3484.12,100
990,09:36:36,$ 3487.15,100
991,09:36:36,$ 3487.17,100
992,09:36:36,$ 3485.80,100
993,09:36:36,$ 3485.02,100
994,09:36:36,$ 3485.21,100
995,09:36:35,$ 3484.9068,200
996,09:36:33,$ 3485.63,100
997,09:36:33,$ 3485.54,100
998,09:36:33,$ 3485.00,100
999,09:36:29,$ 3487.17,100
1000,09:36:25,$ 3486.47,100
1001,09:36:24,$ 3486.76,100
1002,09:36:24,$ 3486.76,100
1003,09:36:24,$ 3486.065,100
1004,09:36:22,$ 3485.7957,"1,500"
1005,09:36:20,$ 3485.53,161
1006,09:36:20,$ 3486.00,100
1007,09:36:20,$ 3486.00,100
1009,09:36:20,$ 3486.00,100
1010,09:36:19,$ 3487.42,500
1011,09:36:18,$ 3486.20,100
1012,09:36:18,$ 3486.085,100
1013,09:36:17,$ 3486.00,100
1014,09:36:17,$ 3486.89,100
1015,09:36:16,$ 3486.81,100
1016,09:36:16,$ 3486.62,100
1017,09:36:15,$ 3487.97,100
1018,09:36:15,$ 3488.1726,197
1019,09:36:14,$ 3487.05,100
1020,09:36:14,$ 3486.85,100
1021,09:36:14,$ 3487.00,100
1022,09:36:14,$ 3488.355,100
1023,09:36:14,$ 3488.375,100
1024,09:36:08,$ 3488.11,100
1025,09:36:08,$ 3489.97,100
1026,09:36:08,$ 3488.86,100
1027,09:36:07,$ 3488.76,100
1028,09:36:05,$ 3488.17,190
1030,09:36:01,$ 3488.53,100
1031,09:36:01,$ 3488.94,100
1032,09:35:56,$ 3488.66,100
1033,09:35:56,$ 3488.205,250
1034,09:35:55,$ 3490.6399,100
1035,09:35:54,$ 3488.4277,500
1036,09:35:54,$ 3489.385,100
1037,09:35:52,$ 3489.375,100
1038,09:35:52,$ 3488.27,100
1039,09:35:50,$ 3488.14,100
1040,09:35:50,$ 3488.08,100
1041,09:35:50,$ 3488.20,100
1042,09:35:50,$ 3488.245,100
1043,09:35:49,$ 3489.47,100
1044,09:35:49,$ 3490.09,221
1045,09:35:45,$ 3488.895,100
1046,09:35:43,$ 3489.56,100
1047,09:35:43,$ 3489.61,100
1048,09:35:38,$ 3490.605,200
1049,09:35:35,$ 3490.15,100
1051,09:35:34,$ 3490.145,100
1052,09:35:34,$ 3489.00,126
1053,09:35:34,$ 3489.00,154
1054,09:35:34,$ 3489.05,100
1055,09:35:34,$ 3489.11,100
1056,09:35:34,$ 3490.29,250
1057,09:35:34,$ 3490.58,100
1058,09:35:30,$ 3490.28,170
1059,09:35:29,$ 3491.405,100
1060,09:35:29,$ 3491.525,"2,000"
1061,09:35:29,$ 3490.28,280
1062,09:35:28,$ 3491.53,250
1063,09:35:26,$ 3493.245,250
1064,09:35:23,$ 3492.73,100
1065,09:35:23,$ 3492.73,100
1066,09:35:23,$ 3492.23,110
1067,09:35:23,$ 3491.83,100
1068,09:35:23,$ 3491.83,100
1069,09:35:23,$ 3492.09,100
1070,09:35:23,$ 3492.08,100
1072,09:35:23,$ 3493.00,170
1073,09:35:23,$ 3493.00,100
1074,09:35:23,$ 3493.00,100
1075,09:35:23,$ 3493.00,100
1076,09:35:23,$ 3493.00,100
1077,09:35:22,$ 3492.21,110
1078,09:35:22,$ 3492.215,100
1079,09:35:21,$ 3492.225,100
1080,09:35:20,$ 3492.2395,100
1081,09:35:20,$ 3492.505,300
1082,09:35:20,$ 3491.86,100
1083,09:35:20,$ 3492.55,100
1084,09:35:19,$ 3492.425,100
1085,09:35:19,$ 3492.495,177
1086,09:35:19,$ 3491.41,100
1087,09:35:19,$ 3491.3775,100
1088,09:35:18,$ 3491.395,100
1089,09:35:18,$ 3491.395,100
1090,09:35:17,$ 3491.325,100
1091,09:35:17,$ 3492.00,859
1093,09:35:13,$ 3489.81,100
1094,09:35:12,$ 3490.00,498
1095,09:35:12,$ 3490.10,100
1096,09:35:12,$ 3491.42,100
1097,09:35:09,$ 3490.01,100
1098,09:35:05,$ 3490.395,100
1099,09:35:04,$ 3491.80,100
1100,09:35:03,$ 3491.925,100
1101,09:35:02,$ 3491.1082,200
1102,09:35:02,$ 3492.43,100
1103,09:34:59,$ 3491.01,100
1104,09:34:59,$ 3491.01,100
1105,09:34:59,$ 3490.96,100
1106,09:34:55,$ 3491.74,100
1107,09:34:54,$ 3492.31,100
1108,09:34:54,$ 3492.32,100
1109,09:34:54,$ 3491.73,100
1110,09:34:53,$ 3491.80,100
1111,09:34:53,$ 3491.75,100
1112,09:34:53,$ 3491.75,100
1114,09:34:53,$ 3491.70,105
1115,09:34:53,$ 3491.17,100
1116,09:34:51,$ 3490.00,648
1117,09:34:51,$ 3490.755,100
1118,09:34:51,$ 3490.755,100
1119,09:34:48,$ 3490.71,100
1120,09:34:47,$ 3490.77,100
1121,09:34:44,$ 3489.59,100
1122,09:34:44,$ 3490.00,100
1123,09:34:42,$ 3490.875,200
1124,09:34:42,$ 3490.88,100
1125,09:34:40,$ 3491.17,100
1126,09:34:39,$ 3490.04,200
1127,09:34:39,$ 3491.12,100
1128,09:34:39,$ 3490.12,256
1129,09:34:35,$ 3490.1266,100
1130,09:34:32,$ 3490.101,255
1131,09:34:32,$ 3489.85,100
1132,09:34:31,$ 3490.84,100
1133,09:34:31,$ 3491.00,100
1135,09:34:31,$ 3490.49,100
1136,09:34:31,$ 3490.42,100
1137,09:34:31,$ 3490.27,200
1138,09:34:29,$ 3490.00,200
1139,09:34:29,$ 3490.9865,100
1140,09:34:29,$ 3490.9862,100
1141,09:34:29,$ 3490.69,200
1142,09:34:27,$ 3489.5675,100
1143,09:34:27,$ 3488.77,100
1144,09:34:27,$ 3489.01,100
1145,09:34:27,$ 3489.00,100
1146,09:34:26,$ 3490.01,100
1147,09:34:26,$ 3489.31,100
1148,09:34:25,$ 3490.17,100
1149,09:34:25,$ 3490.165,200
1150,09:34:25,$ 3489.17,100
1151,09:34:23,$ 3490.165,100
1152,09:34:23,$ 3490.165,100
1153,09:34:20,$ 3489.91,107
1154,09:34:18,$ 3489.08,100
1156,09:34:18,$ 3490.00,168
1157,09:34:18,$ 3490.00,223
1158,09:34:18,$ 3489.22,100
1159,09:34:17,$ 3489.255,100
1160,09:34:16,$ 3489.54,100
1161,09:34:16,$ 3489.54,100
1162,09:34:16,$ 3489.54,100
1163,09:34:16,$ 3489.54,100
1164,09:34:15,$ 3488.6435,100
1165,09:34:15,$ 3488.76,100
1166,09:34:15,$ 3489.13,100
1167,09:34:15,$ 3488.76,100
1168,09:34:14,$ 3488.22,100
1169,09:34:14,$ 3488.08,100
1170,09:34:12,$ 3489.50,100
1171,09:34:10,$ 3487.93,100
1172,09:34:10,$ 3487.68,100
1173,09:34:09,$ 3489.562,100
1174,09:34:09,$ 3488.12,100
1175,09:34:08,$ 3487.86,100
1177,09:34:08,$ 3487.465,100
1178,09:34:08,$ 3486.89,100
1179,09:34:08,$ 3488.52,100
1180,09:34:08,$ 3489.20,100
1181,09:34:08,$ 3489.20,100
1182,09:34:05,$ 3489.81,100
1183,09:34:00,$ 3489.26,100
1184,09:34:00,$ 3489.19,100
1185,09:33:59,$ 3491.235,150
1186,09:33:59,$ 3490.14,100
1187,09:33:58,$ 3491.00,"1,400"
1188,09:33:58,$ 3489.885,100
1189,09:33:57,$ 3489.885,100
1190,09:33:57,$ 3489.975,100
1191,09:33:56,$ 3489.785,100
1192,09:33:56,$ 3489.785,100
1193,09:33:56,$ 3488.85,100
1194,09:33:53,$ 3489.5224,100
1195,09:33:53,$ 3488.89,100
1196,09:33:53,$ 3488.78,100
1198,09:33:51,$ 3489.355,100
1199,09:33:51,$ 3488.30,100
1200,09:33:51,$ 3488.30,100
1201,09:33:51,$ 3489.425,100
1202,09:33:51,$ 3489.83,100
1203,09:33:51,$ 3489.45,100
1204,09:33:51,$ 3488.64,100
1205,09:33:51,$ 3488.58,100
1206,09:33:49,$ 3490.08,100
1207,09:33:49,$ 3490.125,100
1208,09:33:49,$ 3489.02,100
1209,09:33:49,$ 3489.77,100
1210,09:33:49,$ 3489.32,200
1211,09:33:49,$ 3486.45,300
1212,09:33:49,$ 3486.425,100
1213,09:33:48,$ 3488.085,200
1214,09:33:48,$ 3488.085,100
1215,09:33:48,$ 3488.085,100
1216,09:33:48,$ 3489.10,100
1217,09:33:48,$ 3489.15,106
1219,09:33:48,$ 3489.15,100
1220,09:33:47,$ 3487.075,100
1221,09:33:47,$ 3487.375,100
1222,09:33:47,$ 3487.53,100
1223,09:33:47,$ 3488.245,100
1224,09:33:47,$ 3487.48,100
1225,09:33:47,$ 3487.40,100
1226,09:33:47,$ 3487.35,100
1227,09:33:46,$ 3488.48,111
1228,09:33:45,$ 3487.97,100
1229,09:33:45,$ 3486.485,100
1230,09:33:45,$ 3487.49,100
1231,09:33:45,$ 3487.48,100
1232,09:33:45,$ 3487.50,400
1233,09:33:45,$ 3487.08,100
1234,09:33:44,$ 3487.045,100
1235,09:33:44,$ 3485.78,100
1236,09:33:44,$ 3486.6375,200
1237,09:33:41,$ 3485.785,100
1238,09:33:41,$ 3485.785,200
1240,09:33:41,$ 3485.785,200
1241,09:33:41,$ 3485.785,200
1242,09:33:41,$ 3485.785,300
1243,09:33:40,$ 3485.785,100
1244,09:33:39,$ 3484.08,100
1245,09:33:39,$ 3485.785,100
1246,09:33:38,$ 3484.08,500
1247,09:33:38,$ 3484.08,100
1248,09:33:38,$ 3486.57,100
1249,09:33:38,$ 3484.34,100
1250,09:33:38,$ 3484.08,100
1251,09:33:38,$ 3485.79,200
1252,09:33:36,$ 3484.9954,100
1253,09:33:35,$ 3486.00,184
1254,09:33:35,$ 3484.9975,200
1255,09:33:35,$ 3485.95,100
1256,09:33:35,$ 3485.67,100
1257,09:33:35,$ 3484.17,100
1258,09:33:34,$ 3484.00,100
1259,09:33:34,$ 3484.00,100
1261,09:33:34,$ 3484.00,100
1262,09:33:34,$ 3484.00,154
1263,09:33:34,$ 3484.00,300
1264,09:33:34,$ 3484.00,100
1265,09:33:34,$ 3484.00,100
1266,09:33:32,$ 3483.86,100
1267,09:33:32,$ 3482.99,100
1268,09:33:31,$ 3482.995,100
1269,09:33:31,$ 3483.95,100
1270,09:33:31,$ 3483.63,100
1271,09:33:31,$ 3483.57,100
1272,09:33:31,$ 3483.57,268
1273,09:33:30,$ 3482.77,100
1274,09:33:30,$ 3482.72,100
1275,09:33:30,$ 3482.47,100
1276,09:33:28,$ 3482.615,100
1277,09:33:28,$ 3481.401,200
1278,09:33:28,$ 3479.3619,100
1279,09:33:27,$ 3478.12,100
1280,09:33:27,$ 3478.12,100
1282,09:33:24,$ 3479.96,100
1283,09:33:20,$ 3479.20,200
1284,09:33:20,$ 3479.26,100
1285,09:33:20,$ 3481.245,199
1286,09:33:20,$ 3479.75,100
1287,09:33:20,$ 3479.75,100
1288,09:33:19,$ 3480.20,100
1289,09:33:13,$ 3479.55,100
1290,09:33:13,$ 3479.42,100
1291,09:33:11,$ 3479.2707,100
1292,09:33:10,$ 3478.58,100
1293,09:33:08,$ 3478.6563,800
1294,09:33:08,$ 3479.982,100
1295,09:33:08,$ 3479.95,100
1296,09:33:08,$ 3479.86,100
1297,09:33:08,$ 3479.914,100
1298,09:33:08,$ 3479.95,100
1299,09:33:08,$ 3478.48,100
1300,09:33:08,$ 3477.06,100
1301,09:33:07,$ 3478.25,100
1303,09:33:05,$ 3479.29,100
1304,09:33:05,$ 3482.04,100
1305,09:33:03,$ 3479.3418,100
1306,09:33:02,$ 3480.245,200
1307,09:33:02,$ 3478.015,200
1308,09:33:01,$ 3480.00,200
1309,09:32:59,$ 3478.36,100
1310,09:32:59,$ 3480.57,200
1311,09:32:59,$ 3478.00,200
1312,09:32:59,$ 3478.16,100
1313,09:32:59,$ 3478.01,100
1314,09:32:59,$ 3478.00,100
1315,09:32:59,$ 3478.00,100
1316,09:32:59,$ 3478.0038,100
1317,09:32:58,$ 3478.64,100
1318,09:32:57,$ 3479.14,200
1319,09:32:57,$ 3478.64,100
1320,09:32:55,$ 3481.185,200
1321,09:32:55,$ 3479.9971,100
1322,09:32:54,$ 3479.5675,100
1324,09:32:54,$ 3479.34,100
1325,09:32:54,$ 3479.35,100
1326,09:32:54,$ 3479.77,100
1327,09:32:53,$ 3479.32,200
1328,09:32:52,$ 3478.99,100
1329,09:32:52,$ 3478.52,100
1330,09:32:50,$ 3478.52,100
1331,09:32:47,$ 3476.82,100
1332,09:32:43,$ 3478.16,100
1333,09:32:42,$ 3479.105,100
1334,09:32:38,$ 3479.2064,100
1335,09:32:38,$ 3479.2064,200
1336,09:32:38,$ 3479.32,100
1337,09:32:29,$ 3482.39,178
1338,09:32:28,$ 3483.17,100
1339,09:32:28,$ 3483.17,100
1340,09:32:27,$ 3481.7199,150
1341,09:32:27,$ 3483.085,300
1342,09:32:27,$ 3481.025,100
1343,09:32:27,$ 3481.22,100
1345,09:32:25,$ 3483.01,100
1346,09:32:22,$ 3483.2534,100
1347,09:32:22,$ 3483.715,100
1348,09:32:21,$ 3483.63,100
1349,09:32:21,$ 3483.74,200
1350,09:32:21,$ 3485.74,100
1351,09:32:20,$ 3485.40,100
1352,09:32:20,$ 3485.42,100
1353,09:32:20,$ 3485.05,100
1354,09:32:20,$ 3485.05,200
1355,09:32:20,$ 3485.17,100
1356,09:32:20,$ 3485.00,900
1357,09:32:20,$ 3485.30,100
1358,09:32:20,$ 3485.01,110
1359,09:32:20,$ 3485.01,100
1360,09:32:20,$ 3485.00,510
1361,09:32:20,$ 3485.00,100
1362,09:32:20,$ 3485.00,100
1363,09:32:20,$ 3485.00,100
1364,09:32:20,$ 3485.05,100
1366,09:32:19,$ 3486.55,100
1367,09:32:16,$ 3486.04,100
1368,09:32:16,$ 3488.46,140
1369,09:32:13,$ 3485.70,100
1370,09:32:13,$ 3485.725,100
1371,09:32:12,$ 3486.63,100
1372,09:32:10,$ 3486.64,100
1373,09:32:09,$ 3487.30,100
1374,09:32:06,$ 3488.04,100
1375,09:32:04,$ 3488.00,100
1376,09:32:02,$ 3489.16,123
1377,09:32:02,$ 3489.16,192
1378,09:32:02,$ 3489.16,114
1379,09:32:00,$ 3490.42,100
1380,09:32:00,$ 3490.42,100
1381,09:32:00,$ 3490.41,100
1382,09:31:59,$ 3489.86,192
1383,09:31:56,$ 3488.976,104
1384,09:31:56,$ 3490.20,100
1385,09:31:56,$ 3490.07,100
1387,09:31:56,$ 3490.02,100
1388,09:31:55,$ 3490.215,100
1389,09:31:53,$ 3491.11,100
1390,09:31:53,$ 3491.58,203
1391,09:31:50,$ 3493.44,100
1392,09:31:48,$ 3492.53,300
1393,09:31:48,$ 3493.40,100
1394,09:31:43,$ 3492.80,100
1395,09:31:42,$ 3492.80,100
1396,09:31:42,$ 3492.80,200
1397,09:31:41,$ 3492.00,100
1398,09:31:41,$ 3492.00,150
1399,09:31:41,$ 3490.07,100
1400,09:31:40,$ 3491.00,100
1401,09:31:40,$ 3491.00,100
1402,09:31:40,$ 3491.24,100
1403,09:31:37,$ 3490.00,302
1404,09:31:37,$ 3490.5668,"1,000"
1405,09:31:37,$ 3489.40,100
1406,09:31:37,$ 3490.00,100
1408,09:31:37,$ 3490.01,200
1409,09:31:37,$ 3488.96,100
1410,09:31:35,$ 3490.49,100
1411,09:31:35,$ 3490.00,100
1412,09:31:35,$ 3490.00,100
1413,09:31:35,$ 3490.00,100
1414,09:31:35,$ 3490.00,234
1415,09:31:35,$ 3490.00,112
1416,09:31:33,$ 3487.89,100
1417,09:31:32,$ 3488.31,100
1418,09:31:31,$ 3488.6525,100
1419,09:31:30,$ 3487.23,100
1420,09:31:30,$ 3486.63,398
1421,09:31:26,$ 3486.74,300
1422,09:31:25,$ 3487.47,100
1423,09:31:25,$ 3487.78,100
1424,09:31:24,$ 3488.35,100
1425,09:31:24,$ 3488.15,100
1426,09:31:24,$ 3488.17,100
1427,09:31:24,$ 3487.66,200
1429,09:31:24,$ 3487.925,100
1430,09:31:24,$ 3487.67,100
1431,09:31:23,$ 3487.66,100
1432,09:31:23,$ 3486.74,100
1433,09:31:23,$ 3486.88,100
1434,09:31:21,$ 3487.74,100
1435,09:31:20,$ 3487.55,200
1436,09:31:18,$ 3486.88,100
1437,09:31:18,$ 3486.88,100
1438,09:31:17,$ 3487.77,100
1439,09:31:15,$ 3486.72,100
1440,09:31:14,$ 3487.67,170
1441,09:31:14,$ 3487.69,195
1442,09:31:12,$ 3488.44,178
1443,09:31:08,$ 3487.00,111
1444,09:31:08,$ 3485.565,100
1445,09:31:08,$ 3486.41,174
1446,09:31:08,$ 3486.00,100
1447,09:31:08,$ 3486.00,100
1448,09:31:08,$ 3484.7025,100
1450,09:31:08,$ 3484.99,100
1451,09:31:08,$ 3485.62,100
1452,09:31:08,$ 3485.80,100
1453,09:31:08,$ 3485.85,102
1454,09:31:06,$ 3483.525,100
1455,09:31:06,$ 3483.615,100
1456,09:31:06,$ 3483.615,100
1457,09:31:06,$ 3483.525,100
1458,09:31:05,$ 3483.60,100
1459,09:31:01,$ 3487.00,127
1460,09:31:01,$ 3486.00,100
1461,09:31:01,$ 3486.00,516
1462,09:31:01,$ 3485.99,332
1463,09:31:00,$ 3484.235,100
1464,09:30:58,$ 3484.23,100
1465,09:30:55,$ 3480.85,100
1466,09:30:55,$ 3479.105,100
1467,09:30:55,$ 3479.05,100
1468,09:30:55,$ 3479.105,100
1469,09:30:55,$ 3479.00,200
1471,09:30:55,$ 3481.895,200
1472,09:30:51,$ 3485.78,100
1473,09:30:51,$ 3485.78,100
1474,09:30:51,$ 3485.78,100
1475,09:30:50,$ 3486.28,169
1476,09:30:50,$ 3488.719,100
1477,09:30:48,$ 3488.31,100
1478,09:30:48,$ 3488.14,100
1479,09:30:48,$ 3488.60,100
1480,09:30:48,$ 3488.60,100
1481,09:30:48,$ 3488.60,200
1482,09:30:48,$ 3487.98,100
1483,09:30:48,$ 3487.98,152
1484,09:30:47,$ 3487.53,100
1485,09:30:46,$ 3486.41,100
1486,09:30:42,$ 3484.83,100
1487,09:30:42,$ 3484.58,100
1488,09:30:42,$ 3484.91,100
1489,09:30:40,$ 3485.96,100
1490,09:30:34,$ 3485.05,100
1492,09:30:32,$ 3484.96,100
1493,09:30:32,$ 3484.67,100
1494,09:30:32,$ 3484.585,100
1495,09:30:32,$ 3484.65,100
1496,09:30:28,$ 3485.36,100
1497,09:30:24,$ 3484.86,100
1498,09:30:22,$ 3485.33,100
1499,09:30:22,$ 3487.44,100
1500,09:30:21,$ 3486.67,100
1501,09:30:20,$ 3487.47,100
1502,09:30:20,$ 3487.68,100
1503,09:30:18,$ 3487.43,100
1504,09:30:18,$ 3487.525,100
1505,09:30:18,$ 3487.535,100
1506,09:30:18,$ 3489.06,100
1507,09:30:17,$ 3489.515,100
1508,09:30:17,$ 3489.04,256
1509,09:30:17,$ 3489.03,100
1510,09:30:17,$ 3489.24,119
1511,09:30:17,$ 3489.00,200
1513,09:30:17,$ 3488.88,100
1514,09:30:17,$ 3488.88,100
1515,09:30:17,$ 3488.47,200
1516,09:30:17,$ 3488.59,100
1517,09:30:17,$ 3488.60,100
1518,09:30:17,$ 3488.60,100
1519,09:30:17,$ 3488.60,100
1520,09:30:17,$ 3488.70,100
1521,09:30:16,$ 3488.60,100
1522,09:30:16,$ 3488.03,100
1523,09:30:16,$ 3487.00,100
1524,09:30:16,$ 3486.01,100
1525,09:30:15,$ 3486.505,175
1526,09:30:14,$ 3485.3038,100
1527,09:30:14,$ 3485.91,150
1528,09:30:13,$ 3486.00,100
1529,09:30:13,$ 3486.00,100
1530,09:30:13,$ 3486.00,100
1531,09:30:13,$ 3484.50,100
1532,09:30:13,$ 3484.50,100
1534,09:30:13,$ 3485.00,200
1535,09:30:13,$ 3485.00,100
1536,09:30:13,$ 3485.00,800
1537,09:30:12,$ 3481.35,100
1538,09:30:12,$ 3482.84,100
1539,09:30:12,$ 3484.45,100
1540,09:30:12,$ 3484.00,100
1541,09:30:09,$ 3480.00,900
1542,09:30:09,$ 3480.005,100
1543,09:30:09,$ 3480.36,100
1544,09:30:09,$ 3479.50,100
1545,09:30:08,$ 3480.00,100
1546,09:30:07,$ 3478.94,100
1547,09:30:07,$ 3477.44,200
1548,09:30:07,$ 3477.44,200
1549,09:30:07,$ 3477.45,100
1550,09:30:07,$ 3477.365,100
1551,09:30:07,$ 3477.39,125
1552,09:30:06,$ 3476.9399,100
1553,09:30:06,$ 3477.12,100
1555,09:30:04,$ 3478.24,100
1556,09:30:04,$ 3479.97,100
1557,09:30:04,$ 3480.00,100
1558,09:30:04,$ 3480.00,165
1559,09:30:04,$ 3480.00,128
1560,09:30:04,$ 3480.00,100
1561,09:30:03,$ 3477.89,100
1562,09:30:03,$ 3479.99,25
1563,09:30:03,$ 3479.99,1
1564,09:30:03,$ 3479.99,14
1565,09:30:03,$ 3479.99,10
1566,09:30:03,$ 3479.99,31
1567,09:30:03,$ 3479.99,1
1568,09:30:03,$ 3479.99,2
1569,09:30:03,$ 3479.99,8
1570,09:30:03,$ 3479.99,62
1571,09:30:03,$ 3479.99,4
1572,09:30:03,$ 3479.99,2
1573,09:30:03,$ 3479.99,12
1574,09:30:03,$ 3479.99,5
1576,09:30:03,$ 3479.99,1
1577,09:30:03,$ 3479.99,10
1578,09:30:03,$ 3479.99,1
1579,09:30:03,$ 3479.99,1
1580,09:30:03,$ 3479.99,9
1581,09:30:03,$ 3479.99,10
1582,09:30:03,$ 3479.99,1
1583,09:30:03,$ 3479.99,1
1584,09:30:03,$ 3479.99,5
1585,09:30:03,$ 3479.99,2
1586,09:30:03,$ 3479.99,4
1587,09:30:03,$ 3479.99,45
1588,09:30:03,$ 3479.99,"4,838"
1589,09:30:03,$ 3479.99,96
1590,09:30:03,$ 3479.99,1
1591,09:30:03,$ 3479.99,1
1592,09:30:03,$ 3479.99,1
1593,09:30:03,$ 3479.99,6
1594,09:30:03,$ 3479.99,25
1595,09:30:03,$ 3479.99,"1,140"
1597,09:30:03,$ 3479.99,2
1598,09:30:03,$ 3479.99,2
1599,09:30:03,$ 3479.99,1
1600,09:30:03,$ 3479.99,145
1601,09:30:03,$ 3479.99,10
1602,09:30:03,$ 3479.99,1
1603,09:30:03,$ 3479.99,2
1604,09:30:03,$ 3479.99,1
1605,09:30:03,$ 3479.99,2
1606,09:30:03,$ 3479.99,1
1607,09:30:03,$ 3479.99,1
1608,09:30:03,$ 3479.99,1
1609,09:30:03,$ 3479.99,1
1610,09:30:03,$ 3479.99,3
1611,09:30:03,$ 3479.99,2
1612,09:30:03,$ 3479.99,1
1613,09:30:03,$ 3479.99,1
1614,09:30:03,$ 3479.99,1
1615,09:30:03,$ 3479.99,2
1616,09:30:03,$ 3479.99,12
1618,09:30:03,$ 3479.99,3
1619,09:30:03,$ 3479.99,3
1620,09:30:03,$ 3479.99,1
1621,09:30:03,$ 3479.99,2
1622,09:30:03,$ 3479.99,1
1623,09:30:03,$ 3479.99,4
1624,09:30:03,$ 3479.99,1
1625,09:30:03,$ 3479.99,2
1626,09:30:03,$ 3479.99,4
1627,09:30:03,$ 3479.99,10
1628,09:30:03,$ 3479.99,3
1629,09:30:03,$ 3479.99,4
1630,09:30:03,$ 3479.99,2
1631,09:30:03,$ 3479.99,2
1632,09:30:03,$ 3479.99,2
1633,09:30:03,$ 3479.99,2
1634,09:30:03,$ 3479.99,1
1635,09:30:03,$ 3479.99,1
1636,09:30:03,$ 3479.99,1
1637,09:30:03,$ 3479.99,3
1639,09:30:03,$ 3479.99,5
1640,09:30:03,$ 3479.99,4
1641,09:30:03,$ 3479.99,1
1642,09:30:03,$ 3479.99,1
1643,09:30:03,$ 3479.99,5
1644,09:30:03,$ 3479.99,1
1645,09:30:03,$ 3479.99,1
1646,09:30:03,$ 3479.99,1
1647,09:30:03,$ 3479.99,1
1648,09:30:03,$ 3479.99,2
1649,09:30:03,$ 3479.99,5
1650,09:30:03,$ 3479.99,4
1651,09:30:03,$ 3479.99,2
1652,09:30:03,$ 3479.99,1
1653,09:30:03,$ 3479.99,1
1654,09:30:03,$ 3479.99,1
1655,09:30:03,$ 3479.99,1
1656,09:30:03,$ 3479.99,1
1657,09:30:03,$ 3479.99,1
1658,09:30:03,$ 3479.99,1
1660,09:30:03,$ 3479.99,11
1661,09:30:03,$ 3479.99,7
1662,09:30:03,$ 3479.99,3
1663,09:30:03,$ 3479.99,3
1664,09:30:03,$ 3479.99,1
1665,09:30:03,$ 3479.99,1
1666,09:30:03,$ 3479.99,2
1667,09:30:03,$ 3479.99,3
1668,09:30:03,$ 3479.99,1
1669,09:30:03,$ 3479.99,5
1670,09:30:03,$ 3479.99,1
1671,09:30:03,$ 3479.99,2
1672,09:30:03,$ 3479.99,2
1673,09:30:03,$ 3479.99,1
1674,09:30:03,$ 3479.99,1
1675,09:30:03,$ 3479.99,1
1676,09:30:03,$ 3479.99,5
1677,09:30:03,$ 3479.99,3
1678,09:30:03,$ 3479.99,1
1679,09:30:03,$ 3479.99,1
1681,09:30:03,$ 3479.99,2
1682,09:30:03,$ 3479.99,2
1683,09:30:03,$ 3479.99,1
1684,09:30:03,$ 3479.99,20
1685,09:30:03,$ 3479.99,20
1686,09:30:03,$ 3479.99,1
1687,09:30:03,$ 3479.99,10
1688,09:30:03,$ 3479.99,7
1689,09:30:03,$ 3479.99,2
1690,09:30:03,$ 3479.99,3
1691,09:30:03,$ 3479.99,10
1692,09:30:03,$ 3479.99,1
1693,09:30:03,$ 3479.99,2
1694,09:30:03,$ 3479.99,1
1695,09:30:03,$ 3479.99,5
1696,09:30:03,$ 3479.99,1
1697,09:30:03,$ 3479.99,3
1698,09:30:03,$ 3479.99,1
1699,09:30:03,$ 3479.99,4
1700,09:30:03,$ 3479.99,20
1702,09:30:03,$ 3479.99,64
1703,09:30:03,$ 3479.99,10
1704,09:30:03,$ 3479.99,"21,513"
1705,09:30:03,$ 3479.99,3
1706,09:30:03,$ 3479.99,1
1707,09:30:03,$ 3479.99,64
1708,09:30:03,$ 3479.99,1
1709,09:30:03,$ 3479.99,1
1710,09:30:03,$ 3479.99,10
1711,09:30:03,$ 3479.99,1
1712,09:30:03,$ 3479.99,2
1713,09:30:03,$ 3479.99,1
1714,09:30:03,$ 3479.99,2
1715,09:30:03,$ 3479.99,3
1716,09:30:03,$ 3479.99,5
1717,09:30:03,$ 3479.99,4
1718,09:30:03,$ 3479.99,1
1719,09:30:03,$ 3479.99,20
1720,09:30:03,$ 3479.99,1
1721,09:30:03,$ 3479.99,1
1723,09:30:03,$ 3479.99,1
1724,09:30:03,$ 3479.99,1
1725,09:30:03,$ 3479.99,"19,500"
1726,09:30:03,$ 3479.99,1
1727,09:30:03,$ 3479.99,1
1728,09:30:03,$ 3479.99,7
1729,09:30:03,$ 3479.99,1
1730,09:30:03,$ 3479.99,3
1731,09:30:03,$ 3479.99,8
1732,09:30:03,$ 3479.99,2
1733,09:30:03,$ 3479.99,5
1734,09:30:03,$ 3479.99,3
1735,09:30:03,$ 3479.99,10
1736,09:30:03,$ 3479.99,"6,778"
1737,09:30:03,$ 3479.99,560
1738,09:30:03,$ 3479.99,2
1739,09:30:03,$ 3479.99,20
1740,09:30:03,$ 3479.99,100
1741,09:30:03,$ 3479.99,2
1742,09:30:03,$ 3479.99,5
1744,09:30:03,$ 3479.99,13
1745,09:30:03,$ 3479.99,6
1746,09:30:03,$ 3479.99,1
1747,09:30:03,$ 3479.99,3
1748,09:30:03,$ 3479.99,1
1749,09:30:03,$ 3479.99,1
1750,09:30:03,$ 3479.99,1
1751,09:30:03,$ 3479.99,5
1752,09:30:03,$ 3479.99,1
1753,09:30:03,$ 3479.99,3
1754,09:30:03,$ 3479.99,15
1755,09:30:03,$ 3479.99,2
1756,09:30:03,$ 3479.99,2
1757,09:30:03,$ 3479.99,4
1758,09:30:03,$ 3479.99,2
1759,09:30:03,$ 3479.99,5
1760,09:30:03,$ 3479.99,1
1761,09:30:03,$ 3479.99,8
1762,09:30:03,$ 3479.99,1
1763,09:30:03,$ 3479.99,1
1765,09:30:03,$ 3479.99,70
1766,09:30:03,$ 3479.99,2
1767,09:30:03,$ 3479.99,5
1768,09:30:03,$ 3479.99,1
1769,09:30:03,$ 3479.99,15
1770,09:30:03,$ 3479.99,9
1771,09:30:03,$ 3479.99,733
1772,09:30:03,$ 3479.99,4
1773,09:30:03,$ 3479.99,1
1774,09:30:03,$ 3479.99,10
1775,09:30:03,$ 3479.99,"5,055"
1776,09:30:03,$ 3479.99,10
1777,09:30:03,$ 3479.99,1
1778,09:30:03,$ 3479.99,35
1779,09:30:03,$ 3479.99,16
1780,09:30:03,$ 3479.99,7
1781,09:30:03,$ 3479.99,"10,800"
1782,09:30:03,$ 3479.99,4
1783,09:30:03,$ 3479.99,1
1784,09:30:03,$ 3479.99,"10,800"
1786,09:30:03,$ 3479.99,4
1787,09:30:03,$ 3479.99,3
1788,09:30:03,$ 3479.99,4
1789,09:30:03,$ 3479.99,4
1790,09:30:03,$ 3479.99,1
1791,09:30:03,$ 3479.99,8
1792,09:30:03,$ 3479.99,3
1793,09:30:03,$ 3479.99,22
1794,09:30:03,$ 3479.99,30
1795,09:30:03,$ 3479.99,1
1796,09:30:03,$ 3479.99,1
1797,09:30:03,$ 3479.99,1
1798,09:30:03,$ 3479.99,10
1799,09:30:03,$ 3479.99,1
1800,09:30:03,$ 3479.99,10
1801,09:30:03,$ 3479.99,2
1802,09:30:03,$ 3479.99,1
1803,09:30:03,$ 3479.99,1
1804,09:30:03,$ 3479.99,5
1805,09:30:03,$ 3479.99,2
1807,09:30:03,$ 3479.99,1
1808,09:30:03,$ 3479.99,9
1809,09:30:03,$ 3479.99,1
1810,09:30:03,$ 3479.99,1
1811,09:30:03,$ 3479.99,23
1812,09:30:03,$ 3479.99,1
1813,09:30:03,$ 3479.99,3
1814,09:30:03,$ 3479.99,1
1815,09:30:03,$ 3479.99,1
1816,09:30:03,$ 3479.99,5
1817,09:30:03,$ 3479.99,2
1818,09:30:03,$ 3479.99,10
1819,09:30:03,$ 3479.99,"5,021"
1820,09:30:03,$ 3479.99,10
1821,09:30:03,$ 3479.99,1
1822,09:30:03,$ 3479.99,2
1823,09:30:03,$ 3479.99,"6,150"
1824,09:30:03,$ 3479.99,85
1825,09:30:03,$ 3479.99,1
1826,09:30:03,$ 3479.99,10
1828,09:30:03,$ 3479.99,10
1829,09:30:03,$ 3479.99,1
1830,09:30:03,$ 3479.99,7
1831,09:30:03,$ 3479.99,10
1832,09:30:03,$ 3479.99,5
1833,09:30:03,$ 3479.99,2
1834,09:30:03,$ 3479.99,1
1835,09:30:03,$ 3479.99,6
1836,09:30:03,$ 3479.99,2
1837,09:30:03,$ 3479.99,2
1838,09:30:03,$ 3479.99,3
1839,09:30:03,$ 3479.99,10
1840,09:30:03,$ 3479.99,9
1841,09:30:03,$ 3479.99,69
1842,09:30:03,$ 3479.99,52
1843,09:30:03,$ 3479.99,1
1844,09:30:03,$ 3479.99,1
1845,09:30:03,$ 3479.99,3
1846,09:30:03,$ 3479.99,5
1847,09:30:03,$ 3479.99,2
1849,09:30:03,$ 3479.99,1
1850,09:30:03,$ 3479.99,20
1851,09:30:03,$ 3479.99,7
1852,09:30:03,$ 3479.99,4
1853,09:30:03,$ 3479.99,1
1854,09:30:03,$ 3479.99,25
1855,09:30:03,$ 3479.99,1
1856,09:30:03,$ 3479.99,5
1857,09:30:03,$ 3479.99,2
1858,09:30:03,$ 3479.99,3
1859,09:30:03,$ 3479.99,1
1860,09:30:03,$ 3479.99,1
1861,09:30:03,$ 3479.99,8
1862,09:30:03,$ 3479.99,13
1863,09:30:03,$ 3479.99,1
1864,09:30:03,$ 3479.99,3
1865,09:30:03,$ 3479.99,30
1866,09:30:03,$ 3479.99,4
1867,09:30:03,$ 3479.99,2
1868,09:30:03,$ 3479.99,1
1870,09:30:03,$ 3479.99,8
1871,09:30:03,$ 3479.99,2
1872,09:30:03,$ 3479.99,2
1873,09:30:03,$ 3479.99,1
1874,09:30:03,$ 3479.99,1
1875,09:30:03,$ 3479.99,2
1876,09:30:03,$ 3479.99,2
1877,09:30:03,$ 3479.99,7
1878,09:30:03,$ 3479.99,4
1879,09:30:03,$ 3479.99,2
1880,09:30:03,$ 3479.99,3
1881,09:30:03,$ 3479.99,2
1882,09:30:03,$ 3479.99,10
1883,09:30:03,$ 3479.99,1
1884,09:30:03,$ 3479.99,20
1885,09:30:03,$ 3479.99,1
1886,09:30:03,$ 3479.99,5
1887,09:30:03,$ 3479.99,1
1888,09:30:03,$ 3479.99,5
1889,09:30:03,$ 3479.99,2
1891,09:30:03,$ 3479.99,50
1892,09:30:03,$ 3479.99,1
1893,09:30:03,$ 3479.99,1
1894,09:30:03,$ 3479.99,1
1895,09:30:03,$ 3479.99,5
1896,09:30:03,$ 3479.99,20
1897,09:30:03,$ 3479.99,1
1898,09:30:03,$ 3479.99,3
1899,09:30:03,$ 3479.99,1
1900,09:30:03,$ 3479.99,4
1901,09:30:03,$ 3479.99,3
1902,09:30:03,$ 3479.99,7
1903,09:30:03,$ 3479.99,1
1904,09:30:03,$ 3479.99,10
1905,09:30:03,$ 3479.99,5
1906,09:30:03,$ 3479.99,4
1907,09:30:03,$ 3479.99,1
1908,09:30:03,$ 3479.99,7
1909,09:30:03,$ 3479.99,3
1910,09:30:03,$ 3479.99,3
1912,09:30:03,$ 3479.99,3
1913,09:30:03,$ 3479.99,5
1914,09:30:03,$ 3479.99,6
1915,09:30:03,$ 3479.99,1
1916,09:30:03,$ 3479.99,1
1917,09:30:03,$ 3479.99,1
1918,09:30:03,$ 3479.99,5
1919,09:30:03,$ 3479.99,2
1920,09:30:03,$ 3479.99,3
1921,09:30:03,$ 3479.99,5
1922,09:30:03,$ 3479.99,5
1923,09:30:03,$ 3479.99,1
1924,09:30:03,$ 3479.99,1
1925,09:30:03,$ 3479.99,1
1926,09:30:03,$ 3479.99,1
1927,09:30:03,$ 3479.99,4
1928,09:30:03,$ 3479.99,10
1929,09:30:03,$ 3479.99,5
1930,09:30:03,$ 3479.99,2
1931,09:30:03,$ 3479.99,8
1933,09:30:03,$ 3479.99,4
1934,09:30:03,$ 3479.99,2
1935,09:30:03,$ 3479.99,1
1936,09:30:03,$ 3479.99,1
1937,09:30:03,$ 3479.99,5
1938,09:30:03,$ 3479.99,3
1939,09:30:03,$ 3479.99,3
1940,09:30:03,$ 3479.99,2
1941,09:30:03,$ 3479.99,1
1942,09:30:03,$ 3479.99,1
1943,09:30:03,$ 3479.99,3
1944,09:30:03,$ 3479.99,5
1945,09:30:03,$ 3479.99,2
1946,09:30:03,$ 3479.99,1
1947,09:30:03,$ 3479.99,5
1948,09:30:03,$ 3479.99,1
1949,09:30:03,$ 3479.99,1
1950,09:30:03,$ 3479.99,5
1951,09:30:03,$ 3479.99,10
1952,09:30:03,$ 3479.99,1
1954,09:30:03,$ 3479.99,1
1955,09:30:03,$ 3479.99,10
1956,09:30:03,$ 3479.99,10
1957,09:30:03,$ 3479.99,7
1958,09:30:03,$ 3479.99,12
1959,09:30:03,$ 3479.99,1
1960,09:30:03,$ 3479.99,6
1961,09:30:03,$ 3479.99,1
1962,09:30:03,$ 3479.99,1
1963,09:30:03,$ 3479.99,1
1964,09:30:03,$ 3479.99,1
1965,09:30:03,$ 3479.99,3
1966,09:30:03,$ 3479.99,3
1967,09:30:03,$ 3479.99,1
1968,09:30:03,$ 3479.99,25
1969,09:30:03,$ 3479.99,1
1970,09:30:03,$ 3479.99,2
1971,09:30:03,$ 3479.99,86
1972,09:30:03,$ 3479.99,17
1973,09:30:03,$ 3479.99,20
1975,09:30:03,$ 3479.99,1
1976,09:30:03,$ 3479.99,4
1977,09:30:03,$ 3479.99,1
1978,09:30:03,$ 3479.99,15
1979,09:30:03,$ 3479.99,1
1980,09:30:03,$ 3479.99,3
1981,09:30:03,$ 3479.99,1
1982,09:30:03,$ 3479.99,11
1983,09:30:03,$ 3479.99,20
1984,09:30:03,$ 3479.99,1
1985,09:30:03,$ 3479.99,1
1986,09:30:03,$ 3479.99,1
1987,09:30:03,$ 3479.99,1
1988,09:30:03,$ 3479.99,10
1989,09:30:03,$ 3479.99,1
1990,09:30:03,$ 3479.99,10
1991,09:30:03,$ 3479.99,13
1992,09:30:03,$ 3479.99,76
1993,09:30:03,$ 3479.99,3
1994,09:30:03,$ 3479.99,5
1996,09:30:03,$ 3479.99,2
1997,09:30:03,$ 3479.99,3
1998,09:30:03,$ 3479.99,4
1999,09:30:03,$ 3479.99,10
2000,09:30:03,$ 3479.99,14
2001,09:30:03,$ 3479.99,40
2002,09:30:03,$ 3479.99,35
2003,09:30:03,$ 3479.99,10
2004,09:30:03,$ 3479.99,2
2005,09:30:03,$ 3479.99,3
2006,09:30:03,$ 3479.99,60
2007,09:30:03,$ 3479.99,5
2008,09:30:03,$ 3479.99,300
2009,09:30:03,$ 3479.99,2
2010,09:30:03,$ 3479.99,1
2011,09:30:03,$ 3479.99,1
2012,09:30:03,$ 3479.99,2
2013,09:30:03,$ 3479.99,3
2014,09:30:03,$ 3479.99,1
2015,09:30:03,$ 3479.99,6
2017,09:30:03,$ 3479.99,3
2018,09:30:03,$ 3479.99,2
2019,09:30:03,$ 3479.99,3
2020,09:30:03,$ 3479.99,1
2021,09:30:03,$ 3479.99,10
2022,09:30:03,$ 3479.99,5
2023,09:30:03,$ 3479.99,1
2024,09:30:03,$ 3479.99,1
2025,09:30:03,$ 3479.99,1
2026,09:30:03,$ 3479.99,3
2027,09:30:03,$ 3479.99,400
2028,09:30:03,$ 3479.99,1
2029,09:30:03,$ 3479.99,2
2030,09:30:03,$ 3479.99,4
2031,09:30:03,$ 3479.99,1
2032,09:30:03,$ 3479.99,9
2033,09:30:03,$ 3479.99,1
2034,09:30:03,$ 3479.99,3
2035,09:30:03,$ 3479.99,2
2036,09:30:03,$ 3479.99,4
2038,09:30:03,$ 3479.99,1
2039,09:30:03,$ 3479.99,1
2040,09:30:03,$ 3479.99,10
2041,09:30:03,$ 3479.99,6
2042,09:30:03,$ 3479.99,4
2043,09:30:03,$ 3479.99,1
2044,09:30:03,$ 3479.99,2
2045,09:30:03,$ 3479.99,1
2046,09:30:03,$ 3479.99,1
2047,09:30:03,$ 3479.99,4
2048,09:30:03,$ 3479.99,1
2049,09:30:03,$ 3479.99,1
2050,09:30:03,$ 3479.99,1
2051,09:30:03,$ 3479.99,1
2052,09:30:03,$ 3479.99,2
2053,09:30:03,$ 3479.99,2
2054,09:30:03,$ 3479.99,8
2055,09:30:03,$ 3479.99,1
2056,09:30:03,$ 3479.99,1
2057,09:30:03,$ 3479.99,1
2059,09:30:03,$ 3479.99,10
2060,09:30:03,$ 3479.99,3
2061,09:30:03,$ 3479.99,3
2062,09:30:03,$ 3479.99,3
2063,09:30:03,$ 3479.99,10
2064,09:30:03,$ 3479.99,2
2065,09:30:03,$ 3479.99,1
2066,09:30:03,$ 3479.99,1
2067,09:30:03,$ 3479.99,25
2068,09:30:03,$ 3479.99,1
2069,09:30:03,$ 3479.99,10
2070,09:30:03,$ 3479.99,"1,300"
2071,09:30:03,$ 3479.99,1
2072,09:30:03,$ 3479.99,115
2073,09:30:03,$ 3479.99,3
2074,09:30:03,$ 3479.99,5
2075,09:30:03,$ 3479.99,1
2076,09:30:03,$ 3479.99,3
2077,09:30:03,$ 3479.99,5
2078,09:30:03,$ 3479.99,41
2080,09:30:03,$ 3479.99,10
2081,09:30:03,$ 3479.99,13
2082,09:30:03,$ 3479.99,1
2083,09:30:03,$ 3479.99,6
2084,09:30:03,$ 3479.99,5
2085,09:30:03,$ 3479.99,3
2086,09:30:03,$ 3479.99,6
2087,09:30:03,$ 3479.99,1
2088,09:30:03,$ 3479.99,2
2089,09:30:03,$ 3479.99,1
2090,09:30:03,$ 3479.99,1
2091,09:30:03,$ 3479.99,1
2092,09:30:03,$ 3479.99,1
2093,09:30:03,$ 3479.99,5
2094,09:30:03,$ 3479.99,3
2095,09:30:03,$ 3479.99,1
2096,09:30:03,$ 3479.99,3
2097,09:30:03,$ 3479.99,1
2098,09:30:03,$ 3479.99,51
2099,09:30:03,$ 3479.99,10
2101,09:30:03,$ 3479.99,5
2102,09:30:03,$ 3479.99,1
2103,09:30:03,$ 3479.99,1
2104,09:30:03,$ 3479.99,100
2105,09:30:03,$ 3479.99,1
2106,09:30:03,$ 3479.99,2
2107,09:30:03,$ 3479.99,13
2108,09:30:03,$ 3479.99,1
2109,09:30:03,$ 3479.99,44
2110,09:30:03,$ 3479.99,1
2111,09:30:03,$ 3479.99,1
2112,09:30:03,$ 3479.99,2
2113,09:30:03,$ 3479.99,2
2114,09:30:03,$ 3479.99,1
2115,09:30:03,$ 3479.99,1
2116,09:30:03,$ 3479.99,3
2117,09:30:03,$ 3479.99,1
2118,09:30:03,$ 3479.99,1
2119,09:30:03,$ 3479.99,5
2120,09:30:03,$ 3479.99,2
2122,09:30:03,$ 3479.99,3
2123,09:30:03,$ 3479.99,1
2124,09:30:03,$ 3479.99,3
2125,09:30:03,$ 3479.99,1
2126,09:30:03,$ 3479.99,1
2127,09:30:03,$ 3479.99,1
2128,09:30:03,$ 3479.99,1
2129,09:30:03,$ 3479.99,3
2130,09:30:03,$ 3479.99,8
2131,09:30:03,$ 3479.99,1
2132,09:30:03,$ 3479.99,1
2133,09:30:03,$ 3479.99,1
2134,09:30:03,$ 3479.99,3
2135,09:30:03,$ 3479.99,1
2136,09:30:03,$ 3479.99,13
2137,09:30:03,$ 3479.99,1
2138,09:30:03,$ 3479.99,3
2139,09:30:03,$ 3479.99,500
2140,09:30:03,$ 3479.99,2
2141,09:30:03,$ 3479.99,1
2143,09:30:03,$ 3479.99,2
2144,09:30:03,$ 3479.99,2
2145,09:30:03,$ 3479.99,2
2146,09:30:03,$ 3479.99,3
2147,09:30:03,$ 3479.99,2
2148,09:30:03,$ 3479.99,1
2149,09:30:03,$ 3479.99,17
2150,09:30:03,$ 3479.99,1
2151,09:30:03,$ 3479.99,3
2152,09:30:03,$ 3479.99,7
2153,09:30:03,$ 3479.99,1
2154,09:30:03,$ 3479.99,5
2155,09:30:03,$ 3479.99,1
2156,09:30:03,$ 3479.99,2
2157,09:30:03,$ 3479.99,1
2158,09:30:03,$ 3479.99,5
2159,09:30:03,$ 3479.99,1
2160,09:30:03,$ 3479.99,4
2161,09:30:03,$ 3479.99,2
2162,09:30:03,$ 3479.99,3
2164,09:30:03,$ 3479.99,"13,973"
2165,09:30:03,$ 3479.99,1
2166,09:30:03,$ 3479.99,5
2167,09:30:03,$ 3479.99,1
2168,09:30:03,$ 3479.99,85
2169,09:30:03,$ 3479.99,14
2170,09:30:03,$ 3479.99,"8,603"
2171,09:30:03,$ 3479.99,"1,845"
2172,09:30:03,$ 3479.99,1
2173,09:30:03,$ 3479.99,2
2174,09:30:03,$ 3479.99,17
2175,09:30:03,$ 3479.99,1
2176,09:30:03,$ 3479.99,32
2177,09:30:03,$ 3479.99,37
2178,09:30:03,$ 3479.99,5
2179,09:30:03,$ 3479.99,3
2180,09:30:03,$ 3479.99,1
2181,09:30:03,$ 3479.99,2
2182,09:30:03,$ 3479.99,3
2183,09:30:03,$ 3479.99,27
2185,09:30:03,$ 3479.99,8
2186,09:30:03,$ 3479.99,3
2187,09:30:03,$ 3479.99,5
2188,09:30:03,$ 3479.99,3
2189,09:30:03,$ 3479.99,1
2190,09:30:03,$ 3479.99,1
2191,09:30:03,$ 3479.99,2
2192,09:30:03,$ 3479.99,145
2193,09:30:03,$ 3479.99,28
2194,09:30:03,$ 3479.99,1
2195,09:30:03,$ 3479.99,5
2196,09:30:03,$ 3479.99,8
2197,09:30:03,$ 3479.99,1
2198,09:30:03,$ 3479.99,9
2199,09:30:03,$ 3479.99,3
2200,09:30:03,$ 3479.99,6
2201,09:30:03,$ 3479.99,2
2202,09:30:03,$ 3479.99,20
2203,09:30:03,$ 3479.99,120
2204,09:30:03,$ 3479.99,2
2206,09:30:03,$ 3479.99,1
2207,09:30:03,$ 3479.99,19
2208,09:30:03,$ 3479.99,15
2209,09:30:03,$ 3479.99,29
2210,09:30:03,$ 3479.99,72
2211,09:30:03,$ 3479.99,66
2212,09:30:03,$ 3479.99,1
2213,09:30:03,$ 3479.99,7
2214,09:30:03,$ 3479.99,15
2215,09:30:03,$ 3479.99,2
2216,09:30:03,$ 3479.99,5
2217,09:30:03,$ 3479.99,5
2218,09:30:03,$ 3479.99,7
2219,09:30:03,$ 3479.99,8
2220,09:30:03,$ 3479.99,3
2221,09:30:03,$ 3479.99,3
2222,09:30:03,$ 3479.99,15
2223,09:30:03,$ 3479.99,3
2224,09:30:03,$ 3479.99,24
2225,09:30:03,$ 3479.99,17
2227,09:30:03,$ 3479.99,1
2228,09:30:03,$ 3479.99,1
2229,09:30:03,$ 3479.99,1
2230,09:30:03,$ 3479.99,140
2231,09:30:03,$ 3479.99,1
2232,09:30:03,$ 3479.99,1
2233,09:30:03,$ 3479.99,6
2234,09:30:03,$ 3479.99,100
2235,09:30:03,$ 3479.99,2
2236,09:30:03,$ 3479.99,3
2237,09:30:03,$ 3479.99,5
2238,09:30:03,$ 3479.99,7
2239,09:30:03,$ 3479.99,2
2240,09:30:03,$ 3479.99,2
2241,09:30:03,$ 3479.99,2
2242,09:30:03,$ 3479.99,6
2243,09:30:03,$ 3479.99,5
2244,09:30:03,$ 3479.99,3
2245,09:30:03,$ 3479.99,10
2246,09:30:03,$ 3479.99,1
2248,09:30:03,$ 3479.99,3
2249,09:30:03,$ 3479.99,12
2250,09:30:03,$ 3479.99,2
2251,09:30:03,$ 3479.99,4
2252,09:30:03,$ 3479.99,1
2253,09:30:03,$ 3479.99,1
2254,09:30:03,$ 3479.99,11
2255,09:30:03,$ 3479.99,58
2256,09:30:03,$ 3479.99,50
2257,09:30:03,$ 3479.99,14
2258,09:30:03,$ 3479.99,5
2259,09:30:03,$ 3479.99,4
2260,09:30:03,$ 3479.99,1
2261,09:30:03,$ 3479.99,10
2262,09:30:03,$ 3479.99,1
2263,09:30:03,$ 3479.99,8
2264,09:30:03,$ 3479.99,2
2265,09:30:03,$ 3479.99,1
2266,09:30:03,$ 3479.99,1
2267,09:30:03,$ 3479.99,1
2269,09:30:03,$ 3479.99,1
2270,09:30:03,$ 3479.99,38
2271,09:30:03,$ 3479.99,1
2272,09:30:03,$ 3479.99,1
2273,09:30:03,$ 3479.99,10
2274,09:30:03,$ 3479.99,4
2275,09:30:03,$ 3479.99,9
2276,09:30:03,$ 3479.99,17
2277,09:30:03,$ 3479.99,4
2278,09:30:03,$ 3479.99,1
2279,09:30:03,$ 3479.99,30
2280,09:30:03,$ 3479.99,10
2281,09:30:03,$ 3479.99,10
2282,09:30:03,$ 3479.99,60
2283,09:30:03,$ 3479.99,60
2284,09:30:03,$ 3479.99,3
2285,09:30:03,$ 3479.99,1
2286,09:30:03,$ 3479.99,1
2287,09:30:03,$ 3479.99,1
2288,09:30:03,$ 3479.99,2
2290,09:30:03,$ 3479.99,3
2291,09:30:03,$ 3479.99,8
2292,09:30:03,$ 3479.99,15
2293,09:30:03,$ 3479.99,6
2294,09:30:03,$ 3479.99,1
2295,09:30:03,$ 3479.99,15
2296,09:30:03,$ 3479.99,10
2297,09:30:03,$ 3479.99,40
2298,09:30:03,$ 3479.99,25
2299,09:30:03,$ 3479.99,13
2300,09:30:03,$ 3479.99,5
2301,09:30:03,$ 3479.99,1
2302,09:30:03,$ 3479.99,1
2303,09:30:03,$ 3479.99,42
2304,09:30:03,$ 3479.99,287
2305,09:30:03,$ 3479.99,2
2306,09:30:03,$ 3479.99,1
2307,09:30:03,$ 3479.99,1
2308,09:30:03,$ 3479.99,20
2309,09:30:03,$ 3479.99,1
2311,09:30:03,$ 3479.99,2
2312,09:30:03,$ 3479.99,3
2313,09:30:03,$ 3479.99,3
2314,09:30:03,$ 3479.99,4
2315,09:30:03,$ 3479.99,118
2316,09:30:03,$ 3479.99,3
2317,09:30:03,$ 3479.99,"1,399"
2318,09:30:03,$ 3479.99,3
2319,09:30:03,$ 3479.99,3
2320,09:30:03,$ 3479.99,134
2321,09:30:03,$ 3479.99,3
2322,09:30:03,$ 3479.99,1
2323,09:30:03,$ 3479.99,1
2324,09:30:03,$ 3479.99,1
2325,09:30:03,$ 3479.99,1
2326,09:30:03,$ 3479.99,1
2327,09:30:03,$ 3479.99,1
2328,09:30:03,$ 3479.99,1
2329,09:30:03,$ 3479.99,1
2330,09:30:03,$ 3479.99,5
2332,09:30:03,$ 3479.99,3
2333,09:30:03,$ 3479.99,5
2334,09:30:03,$ 3479.99,3
2335,09:30:03,$ 3479.99,3
2336,09:30:03,$ 3479.99,3
2337,09:30:03,$ 3479.99,3
2338,09:30:03,$ 3479.99,3
2339,09:30:03,$ 3479.99,2
2340,09:30:03,$ 3479.99,1
2341,09:30:03,$ 3479.99,1
2342,09:30:03,$ 3479.99,1
2343,09:30:03,$ 3479.99,1
2344,09:30:03,$ 3479.99,3
2345,09:30:03,$ 3479.99,1
2346,09:30:03,$ 3479.99,1
2347,09:30:03,$ 3479.99,2
2348,09:30:03,$ 3479.99,1
2349,09:30:03,$ 3479.99,1
2350,09:30:03,$ 3479.99,1
2351,09:30:03,$ 3479.99,1
2353,09:30:03,$ 3479.99,2
2354,09:30:03,$ 3479.99,1
2355,09:30:03,$ 3479.99,1
2356,09:30:03,$ 3479.99,1
2357,09:30:03,$ 3479.99,1
2358,09:30:03,$ 3479.99,3
2359,09:30:03,$ 3479.99,1
2360,09:30:03,$ 3479.99,6
2361,09:30:03,$ 3479.99,1
2362,09:30:03,$ 3479.99,2
2363,09:30:03,$ 3479.99,1
2364,09:30:03,$ 3479.99,1
2365,09:30:03,$ 3479.99,1
2366,09:30:03,$ 3479.99,1
2367,09:30:03,$ 3479.99,1
2368,09:30:03,$ 3479.99,4
2369,09:30:03,$ 3479.99,1
2370,09:30:03,$ 3479.99,1
2371,09:30:03,$ 3479.99,2
2372,09:30:03,$ 3479.99,1
2374,09:30:03,$ 3479.99,1
2375,09:30:03,$ 3479.99,1
2376,09:30:03,$ 3479.99,1
2377,09:30:03,$ 3479.99,1
2378,09:30:03,$ 3479.99,5
2379,09:30:03,$ 3479.99,1
2380,09:30:03,$ 3479.99,1
2381,09:30:03,$ 3479.99,1
2382,09:30:03,$ 3479.99,1
2383,09:30:03,$ 3479.99,1
2384,09:30:03,$ 3479.99,2
2385,09:30:03,$ 3479.99,7
2386,09:30:03,$ 3479.99,2
2387,09:30:03,$ 3479.99,85
2388,09:30:03,$ 3479.99,28
2389,09:30:03,$ 3479.99,1
2390,09:30:03,$ 3479.99,382
2391,09:30:03,$ 3479.99,18
2392,09:30:03,$ 3479.99,1
2393,09:30:03,$ 3479.99,3
2395,09:30:03,$ 3479.99,13
2396,09:30:03,$ 3479.99,5
2397,09:30:03,$ 3479.99,2
2398,09:30:03,$ 3479.99,1
2399,09:30:03,$ 3479.99,5
2400,09:30:03,$ 3479.99,1
2401,09:30:03,$ 3479.99,1
2402,09:30:03,$ 3479.99,3
2403,09:30:03,$ 3479.99,1
2404,09:30:03,$ 3479.99,2
2405,09:30:03,$ 3479.99,1
2406,09:30:03,$ 3479.99,4
2407,09:30:03,$ 3479.99,2
2408,09:30:03,$ 3479.99,1
2409,09:30:03,$ 3479.99,1
2410,09:30:03,$ 3479.99,1
2411,09:30:03,$ 3479.99,8
2412,09:30:03,$ 3479.99,3
2413,09:30:03,$ 3479.99,8
2414,09:30:03,$ 3479.99,3
2416,09:30:03,$ 3479.99,13
2417,09:30:03,$ 3479.99,3
2418,09:30:03,$ 3479.99,25
2419,09:30:03,$ 3479.99,25
2420,09:30:03,$ 3479.99,3
2421,09:30:03,$ 3479.99,1
2422,09:30:03,$ 3479.99,2
2423,09:30:03,$ 3479.99,4
2424,09:30:03,$ 3479.99,1
2425,09:30:03,$ 3479.99,4
2426,09:30:03,$ 3479.99,2
2427,09:30:03,$ 3479.99,15
2428,09:30:03,$ 3479.99,1
2429,09:30:03,$ 3479.99,3
2430,09:30:03,$ 3479.99,4
2431,09:30:03,$ 3479.99,3
2432,09:30:03,$ 3479.99,102
2433,09:30:03,$ 3479.99,101
2434,09:30:03,$ 3479.99,2
2435,09:30:03,$ 3479.99,236
2437,09:30:03,$ 3479.99,6
2438,09:30:03,$ 3479.99,2
2439,09:30:03,$ 3479.99,18
2440,09:30:03,$ 3479.99,16
2441,09:30:03,$ 3479.99,10
2442,09:30:03,$ 3479.99,6
2443,09:30:03,$ 3479.99,20
2444,09:30:03,$ 3479.99,100
2445,09:30:03,$ 3479.99,573
2446,09:30:03,$ 3479.99,5
2447,09:30:03,$ 3479.99,30
2448,09:30:03,$ 3479.99,100
2449,09:30:03,$ 3479.99,"1,100"
2450,09:30:03,$ 3479.99,50
2451,09:30:03,$ 3479.99,700
2452,09:30:03,$ 3479.99,"8,375"
2453,09:30:03,$ 3479.99,"8,625"
2454,09:30:03,$ 3479.99,8
2455,09:30:03,$ 3479.99,200
2456,09:30:03,$ 3479.99,28
2458,09:30:03,$ 3479.99,100
2459,09:30:03,$ 3479.99,100
2460,09:30:03,$ 3479.99,1
2461,09:30:03,$ 3479.99,1
2462,09:30:03,$ 3479.99,"1,485"
2463,09:30:03,$ 3479.99,9
2464,09:30:03,$ 3479.99,3
2465,09:30:03,$ 3479.99,3
2466,09:30:03,$ 3479.99,3
2467,09:30:03,$ 3479.99,8
2468,09:30:03,$ 3479.99,10
2469,09:30:03,$ 3479.99,50
2470,09:30:03,$ 3479.99,32
2471,09:30:03,$ 3479.99,22
2472,09:30:03,$ 3479.99,40
2473,09:30:03,$ 3479.99,1
2474,09:30:03,$ 3479.99,40
2475,09:30:03,$ 3479.99,4
2476,09:30:03,$ 3479.99,12
2477,09:30:03,$ 3479.99,50
2479,09:30:03,$ 3479.99,1
2480,09:30:03,$ 3479.99,10
2481,09:30:03,$ 3479.99,10
2482,09:30:03,$ 3479.99,3
2483,09:30:03,$ 3479.99,10
2484,09:30:03,$ 3479.99,80
2485,09:30:03,$ 3479.99,234
2486,09:30:03,$ 3479.99,1
2487,09:30:03,$ 3479.99,1
2488,09:30:03,$ 3479.99,239
2489,09:30:03,$ 3479.99,1
2490,09:30:03,$ 3479.99,2
2491,09:30:03,$ 3479.99,1
2492,09:30:03,$ 3479.99,5
2493,09:30:03,$ 3479.99,1
2494,09:30:03,$ 3479.99,14
2495,09:30:03,$ 3479.99,300
2496,09:30:03,$ 3479.99,1
2497,09:30:03,$ 3479.99,1
2498,09:30:03,$ 3479.99,50
2500,09:30:03,$ 3479.99,20
2501,09:30:03,$ 3479.99,8
2502,09:30:03,$ 3479.99,1
2503,09:30:03,$ 3479.99,1
2504,09:30:03,$ 3479.99,3
2505,09:30:03,$ 3479.99,10
2506,09:30:03,$ 3479.99,1
2507,09:30:03,$ 3479.99,1
2508,09:30:03,$ 3479.99,705
2509,09:30:03,$ 3479.99,1
2510,09:30:03,$ 3479.99,2
2511,09:30:03,$ 3479.99,10
2512,09:30:03,$ 3479.99,5
2513,09:30:03,$ 3479.99,1
2514,09:30:03,$ 3479.99,1
2515,09:30:03,$ 3479.99,10
2516,09:30:03,$ 3479.99,238
2517,09:30:03,$ 3479.99,100
2518,09:30:03,$ 3479.99,2
2519,09:30:03,$ 3479.99,10
2521,09:30:03,$ 3479.99,10
2522,09:30:03,$ 3479.99,1
2523,09:30:03,$ 3479.99,1
2524,09:30:03,$ 3479.99,239
2525,09:30:03,$ 3479.99,119
2526,09:30:03,$ 3479.99,15
2527,09:30:03,$ 3479.99,3
2528,09:30:03,$ 3479.99,4
2529,09:30:03,$ 3479.99,70
2530,09:30:03,$ 3479.99,10
2531,09:30:03,$ 3479.99,1
2532,09:30:03,$ 3479.99,6
2533,09:30:03,$ 3479.99,6
2534,09:30:03,$ 3479.99,40
2535,09:30:03,$ 3479.99,429
2536,09:30:03,$ 3479.99,10
2537,09:30:03,$ 3479.99,"1,550"
2538,09:30:03,$ 3479.99,11
2539,09:30:03,$ 3479.99,6
2540,09:30:03,$ 3479.99,1
2542,09:30:03,$ 3479.99,7
2543,09:30:03,$ 3479.99,1
2544,09:30:03,$ 3479.99,14
2545,09:30:03,$ 3479.99,7
2546,09:30:03,$ 3479.99,15
2547,09:30:03,$ 3479.99,11
2548,09:30:03,$ 3479.99,8
2549,09:30:03,$ 3479.99,"1,054"
2550,09:30:03,$ 3479.99,8
2551,09:30:03,$ 3479.99,12
2552,09:30:03,$ 3479.99,85
2553,09:30:03,$ 3479.99,1
2554,09:30:03,$ 3479.99,"1,264"
2555,09:30:03,$ 3479.99,5
2556,09:30:03,$ 3479.99,100
2557,09:30:03,$ 3479.99,1
2558,09:30:03,$ 3479.99,504
2559,09:30:03,$ 3479.99,10
2560,09:30:03,$ 3479.99,5
2561,09:30:03,$ 3479.99,1
2563,09:30:03,$ 3479.99,6
2564,09:30:03,$ 3479.99,2
2565,09:30:03,$ 3479.99,1
2566,09:30:03,$ 3479.99,10
2567,09:30:03,$ 3479.99,2
2568,09:30:03,$ 3479.99,1
2569,09:30:03,$ 3479.99,1
2570,09:30:03,$ 3479.99,"1,264"
2571,09:30:03,$ 3479.99,"1,008"
2572,09:30:03,$ 3479.99,1
2573,09:30:03,$ 3479.99,8
2574,09:30:03,$ 3479.99,3
2575,09:30:03,$ 3479.99,1
2576,09:30:03,$ 3479.99,15
2577,09:30:03,$ 3479.99,1
2578,09:30:03,$ 3479.99,12
2579,09:30:03,$ 3479.99,3
2580,09:30:03,$ 3479.99,10
2581,09:30:03,$ 3479.99,1
2582,09:30:03,$ 3479.99,3
2584,09:30:03,$ 3479.99,50
2585,09:30:03,$ 3479.99,1
2586,09:30:03,$ 3479.99,2
2587,09:30:03,$ 3479.99,5
2588,09:30:03,$ 3479.99,2
2589,09:30:03,$ 3479.99,50
2590,09:30:03,$ 3479.99,10
2591,09:30:03,$ 3479.99,56
2592,09:30:03,$ 3479.99,12
2593,09:30:03,$ 3479.99,"4,094"
2594,09:30:03,$ 3479.99,1
2595,09:30:03,$ 3479.99,134
2596,09:30:03,$ 3479.99,8
2597,09:30:03,$ 3479.99,30
2598,09:30:03,$ 3479.99,1
2599,09:30:03,$ 3479.99,"1,008"
2600,09:30:03,$ 3479.99,11
2601,09:30:03,$ 3479.99,2
2602,09:30:03,$ 3479.99,25
2603,09:30:03,$ 3479.99,2
2605,09:30:03,$ 3479.99,2
2606,09:30:03,$ 3479.99,4
2607,09:30:03,$ 3479.99,2
2608,09:30:03,$ 3479.99,1
2609,09:30:03,$ 3479.99,1
2610,09:30:03,$ 3479.99,"1,512"
2611,09:30:03,$ 3479.99,16
2612,09:30:03,$ 3479.99,1
2613,09:30:03,$ 3479.99,1
2614,09:30:03,$ 3479.99,1
2615,09:30:03,$ 3479.99,10
2616,09:30:03,$ 3479.99,1
2617,09:30:03,$ 3479.99,1
2618,09:30:03,$ 3479.99,2
2619,09:30:03,$ 3479.99,32
2620,09:30:03,$ 3479.99,1
2621,09:30:03,$ 3479.99,1
2622,09:30:03,$ 3479.99,2
2623,09:30:03,$ 3479.99,15
2624,09:30:03,$ 3479.99,1
2626,09:30:03,$ 3479.99,1
2627,09:30:03,$ 3479.99,79
2628,09:30:03,$ 3479.99,1
2629,09:30:03,$ 3479.99,36
2630,09:30:03,$ 3479.99,28
2631,09:30:03,$ 3479.99,41
2632,09:30:03,$ 3479.99,17
2633,09:30:03,$ 3479.99,9
2634,09:30:03,$ 3479.99,15
2635,09:30:03,$ 3479.99,20
2636,09:30:03,$ 3479.99,24
2637,09:30:03,$ 3479.99,2
2638,09:30:03,$ 3479.99,1
2639,09:30:03,$ 3479.99,5
2640,09:30:03,$ 3479.99,6
2641,09:30:03,$ 3479.99,12
2642,09:30:03,$ 3479.99,705
2643,09:30:03,$ 3479.99,90
2644,09:30:03,$ 3479.99,2
2645,09:30:03,$ 3479.99,1
2647,09:30:03,$ 3479.99,55
2648,09:30:03,$ 3479.99,35
2649,09:30:03,$ 3479.99,1
2650,09:30:03,$ 3479.99,22
2651,09:30:03,$ 3479.99,22
2652,09:30:03,$ 3479.99,22
2653,09:30:03,$ 3479.99,1
2654,09:30:03,$ 3479.99,7
2655,09:30:03,$ 3479.99,6
2656,09:30:03,$ 3479.99,2
2657,09:30:03,$ 3479.99,1
2658,09:30:03,$ 3479.99,40
2659,09:30:03,$ 3479.99,1
2660,09:30:03,$ 3479.99,150
2661,09:30:03,$ 3479.99,22
2662,09:30:03,$ 3479.99,22
2663,09:30:03,$ 3479.99,113
2664,09:30:03,$ 3479.99,4
2665,09:30:03,$ 3479.99,1
2666,09:30:03,$ 3479.99,71
2668,09:30:03,$ 3479.99,9
2669,09:30:03,$ 3479.99,115
2670,09:30:03,$ 3479.99,23
2671,09:30:03,$ 3479.99,10
2672,09:30:03,$ 3479.99,23
2673,09:30:03,$ 3479.99,2
2674,09:30:03,$ 3479.99,3
2675,09:30:03,$ 3479.99,1
2676,09:30:03,$ 3479.99,50
2677,09:30:03,$ 3479.99,25
2678,09:30:03,$ 3479.99,718
2679,09:30:03,$ 3479.99,1
2680,09:30:03,$ 3479.99,2
2681,09:30:03,$ 3479.99,1
2682,09:30:03,$ 3479.99,4
2683,09:30:03,$ 3479.99,6
2684,09:30:03,$ 3479.99,17
2685,09:30:03,$ 3479.99,17
2686,09:30:03,$ 3479.99,24
2687,09:30:03,$ 3479.99,1
2689,09:30:03,$ 3479.99,"1,511"
2690,09:30:03,$ 3479.99,1
2691,09:30:03,$ 3479.99,15
2692,09:30:03,$ 3479.99,70
2693,09:30:03,$ 3479.99,3
2694,09:30:03,$ 3479.99,1
2695,09:30:03,$ 3479.99,13
2696,09:30:03,$ 3479.99,3
2697,09:30:03,$ 3479.99,3
2698,09:30:03,$ 3479.99,1
2699,09:30:03,$ 3479.99,1
2700,09:30:03,$ 3479.99,1
2701,09:30:03,$ 3479.99,"1,780"
2702,09:30:03,$ 3479.99,11
2703,09:30:03,$ 3479.99,1
2704,09:30:03,$ 3479.99,2
2705,09:30:03,$ 3479.99,7
2706,09:30:03,$ 3479.99,1
2707,09:30:03,$ 3479.99,1
2708,09:30:03,$ 3479.99,3
2710,09:30:03,$ 3479.99,1
2711,09:30:03,$ 3479.99,2
2712,09:30:03,$ 3479.99,1
2713,09:30:03,$ 3479.99,13
2714,09:30:03,$ 3479.99,1
2715,09:30:03,$ 3479.99,10
2716,09:30:03,$ 3479.99,2
2717,09:30:03,$ 3479.99,20
2718,09:30:03,$ 3479.99,2
2719,09:30:03,$ 3479.99,9
2720,09:30:03,$ 3479.99,10
2721,09:30:03,$ 3479.99,2
2722,09:30:03,$ 3479.99,"9,976"
2723,09:30:03,$ 3479.99,2
2724,09:30:03,$ 3479.99,265
2725,09:30:03,$ 3479.99,1
2726,09:30:03,$ 3479.99,3
2727,09:30:03,$ 3479.99,9
2728,09:30:03,$ 3479.99,5
2729,09:30:03,$ 3479.99,"1,508"
2731,09:30:03,$ 3479.99,1
2732,09:30:03,$ 3479.99,3
2733,09:30:03,$ 3479.99,5
2734,09:30:03,$ 3479.99,1
2735,09:30:03,$ 3479.99,3
2736,09:30:03,$ 3479.99,2
2737,09:30:03,$ 3479.99,13
2738,09:30:03,$ 3479.99,22
2739,09:30:03,$ 3479.99,"56,750"
2740,09:30:03,$ 3479.99,100
2741,09:30:03,$ 3479.99,60
2742,09:30:03,$ 3479.99,4
2743,09:30:03,$ 3479.99,30
2744,09:30:03,$ 3479.99,2
2745,09:30:03,$ 3479.99,204
2746,09:30:03,$ 3479.99,171
2747,09:30:03,$ 3479.99,40
2748,09:30:03,$ 3479.99,2
2749,09:30:03,$ 3479.99,2
2750,09:30:03,$ 3479.99,"7,051"
2752,09:30:03,$ 3479.99,7
2753,09:30:03,$ 3479.99,20
2754,09:30:03,$ 3479.99,25
2755,09:30:03,$ 3479.99,1
2756,09:30:03,$ 3479.99,6
2757,09:30:03,$ 3479.99,1
2758,09:30:03,$ 3479.99,6
2759,09:30:03,$ 3479.99,3
2760,09:30:03,$ 3479.99,1
2761,09:30:03,$ 3479.99,1
2762,09:30:03,$ 3479.99,4
2763,09:30:03,$ 3479.99,1
2764,09:30:03,$ 3479.99,71
2765,09:30:03,$ 3479.99,1
2766,09:30:03,$ 3479.99,50
2767,09:30:03,$ 3479.99,3
2768,09:30:03,$ 3479.99,1
2769,09:30:03,$ 3479.99,1
2770,09:30:03,$ 3479.99,1
2771,09:30:03,$ 3479.99,1
2773,09:30:03,$ 3479.99,7
2774,09:30:03,$ 3479.99,3
2775,09:30:03,$ 3479.99,17
2776,09:30:03,$ 3479.99,1
2777,09:30:03,$ 3479.99,10
2778,09:30:03,$ 3479.99,10
2779,09:30:03,$ 3479.99,"2,346"
2780,09:30:03,$ 3479.99,"2,351"
2781,09:30:03,$ 3479.99,"2,351"
2782,09:30:03,$ 3479.99,"2,351"
2783,09:30:03,$ 3479.99,"2,351"
2784,09:30:03,$ 3479.99,"2,351"
2785,09:30:03,$ 3479.99,"2,351"
2786,09:30:03,$ 3479.99,"2,351"
2787,09:30:03,$ 3479.99,"2,351"
2788,09:30:03,$ 3479.99,"2,351"
2789,09:30:03,$ 3479.99,25
2790,09:30:03,$ 3479.99,1
2791,09:30:03,$ 3479.99,564
2792,09:30:03,$ 3479.99,1
2794,09:30:03,$ 3479.99,1
2795,09:30:03,$ 3479.99,5
2796,09:30:03,$ 3479.99,5
2797,09:30:03,$ 3479.99,2
2798,09:30:03,$ 3479.99,5
2799,09:30:03,$ 3479.99,26
2800,09:30:03,$ 3479.99,9
2801,09:30:03,$ 3479.99,3
2802,09:30:03,$ 3479.99,2
2803,09:30:03,$ 3479.99,5
2804,09:30:03,$ 3479.99,"8,538"
2805,09:30:03,$ 3479.99,2
2806,09:30:03,$ 3479.99,1
2807,09:30:03,$ 3479.99,7
2808,09:30:03,$ 3479.99,100
2809,09:30:03,$ 3479.99,9
2810,09:30:03,$ 3479.99,3
2811,09:30:03,$ 3479.99,272
2812,09:30:03,$ 3479.99,2
2813,09:30:03,$ 3479.99,329
2815,09:30:03,$ 3479.99,143
2816,09:30:03,$ 3479.99,30
2817,09:30:03,$ 3479.99,"2,948"
2818,09:30:03,$ 3479.99,"1,549"
2819,09:30:03,$ 3479.99,5
2820,09:30:03,$ 3479.99,7
2821,09:30:03,$ 3479.99,1
2822,09:30:03,$ 3479.99,10
2823,09:30:03,$ 3479.99,1
2824,09:30:03,$ 3479.99,1
2825,09:30:03,$ 3479.99,1
2826,09:30:03,$ 3479.99,1
2827,09:30:03,$ 3479.99,1
2828,09:30:03,$ 3479.99,1
2829,09:30:03,$ 3479.99,1
2830,09:30:03,$ 3479.99,4
2831,09:30:03,$ 3479.99,1
2832,09:30:03,$ 3479.99,1
2833,09:30:03,$ 3479.99,3
2834,09:30:03,$ 3479.99,3
2836,09:30:03,$ 3479.99,5
2837,09:30:03,$ 3479.99,2
2838,09:30:03,$ 3479.99,2
2839,09:30:03,$ 3479.99,3
2840,09:30:03,$ 3479.99,1
2841,09:30:03,$ 3479.99,6
2842,09:30:03,$ 3479.99,1
2843,09:30:03,$ 3479.99,5
2844,09:30:03,$ 3479.99,1
2845,09:30:03,$ 3479.99,2
2846,09:30:03,$ 3479.99,5
2847,09:30:03,$ 3479.99,6
2848,09:30:03,$ 3479.99,1
2849,09:30:03,$ 3479.99,3
2850,09:30:03,$ 3479.99,1
2851,09:30:03,$ 3479.99,1
2852,09:30:03,$ 3479.99,1
2853,09:30:03,$ 3479.99,1
2854,09:30:03,$ 3479.99,8
2855,09:30:03,$ 3479.99,3
2857,09:30:03,$ 3479.99,5
2858,09:30:03,$ 3479.99,1
2859,09:30:03,$ 3479.99,7
2860,09:30:03,$ 3479.99,2
2861,09:30:03,$ 3479.99,1
2862,09:30:03,$ 3479.99,1
2863,09:30:03,$ 3479.99,2
2864,09:30:03,$ 3479.99,874
2865,09:30:03,$ 3479.99,553
2866,09:30:03,$ 3479.99,10
2867,09:30:03,$ 3479.99,3
2868,09:30:03,$ 3479.99,1
2869,09:30:03,$ 3479.99,1
2870,09:30:03,$ 3479.99,2
2871,09:30:03,$ 3479.99,2
2872,09:30:03,$ 3479.99,2
2873,09:30:03,$ 3479.99,1
2874,09:30:03,$ 3479.99,6
2875,09:30:03,$ 3479.99,1
2876,09:30:03,$ 3479.99,45
2878,09:30:03,$ 3479.99,80
2879,09:30:03,$ 3479.99,1
2880,09:30:03,$ 3479.99,1
2881,09:30:03,$ 3479.99,7
2882,09:30:03,$ 3479.99,11
2883,09:30:03,$ 3479.99,310
2884,09:30:03,$ 3479.99,226
2885,09:30:03,$ 3479.99,30
2886,09:30:03,$ 3479.99,2
2887,09:30:03,$ 3479.99,5
2888,09:30:03,$ 3479.99,5
2889,09:30:03,$ 3479.99,5
2890,09:30:03,$ 3479.99,4
2891,09:30:03,$ 3479.99,5
2892,09:30:03,$ 3479.99,7
2893,09:30:03,$ 3479.99,1
2894,09:30:03,$ 3479.99,2
2895,09:30:03,$ 3479.99,10
2896,09:30:03,$ 3479.99,1
2897,09:30:03,$ 3479.99,15
2899,09:30:03,$ 3479.99,1
2900,09:30:03,$ 3479.99,28
2901,09:30:03,$ 3479.99,2
2902,09:30:03,$ 3479.99,30
2903,09:30:03,$ 3479.99,10
2904,09:30:03,$ 3479.99,6
2905,09:30:03,$ 3479.99,29
2906,09:30:03,$ 3479.99,9
2907,09:30:03,$ 3479.99,1
2908,09:30:03,$ 3479.99,2
2909,09:30:03,$ 3479.99,3
2910,09:30:03,$ 3479.99,5
2911,09:30:03,$ 3479.99,2
2912,09:30:03,$ 3479.99,1
2913,09:30:03,$ 3479.99,26
2914,09:30:03,$ 3479.99,5
2915,09:30:03,$ 3479.99,4
2916,09:30:03,$ 3479.99,5
2917,09:30:03,$ 3479.99,20
2918,09:30:03,$ 3479.99,10
2920,09:30:03,$ 3479.99,3
2921,09:30:03,$ 3479.99,24
2922,09:30:03,$ 3479.99,3
2923,09:30:03,$ 3479.99,3
2924,09:30:03,$ 3479.99,1
2925,09:30:03,$ 3479.99,10
2926,09:30:03,$ 3479.99,10
2927,09:30:03,$ 3479.99,3
2928,09:30:03,$ 3479.99,20
2929,09:30:03,$ 3479.99,167
2930,09:30:03,$ 3479.99,1
2931,09:30:03,$ 3479.99,1
2932,09:30:03,$ 3479.99,9
2933,09:30:03,$ 3479.99,1
2934,09:30:03,$ 3479.99,1
2935,09:30:03,$ 3479.99,1
2936,09:30:03,$ 3479.99,"1,031"
2937,09:30:03,$ 3479.99,"6,849"
2938,09:30:03,$ 3479.99,1
2939,09:30:03,$ 3479.99,1
2941,09:30:03,$ 3479.99,1
2942,09:30:03,$ 3479.99,4
2943,09:30:03,$ 3479.99,3
2944,09:30:03,$ 3479.99,1
2945,09:30:03,$ 3479.99,1
2946,09:30:03,$ 3479.99,2
2947,09:30:03,$ 3479.99,1
2948,09:30:03,$ 3479.99,6
2949,09:30:03,$ 3479.99,1
2950,09:30:03,$ 3479.99,1
2951,09:30:03,$ 3479.99,1
2952,09:30:03,$ 3479.99,5
2953,09:30:03,$ 3479.99,1
2954,09:30:03,$ 3479.99,1
2955,09:30:03,$ 3479.99,3
2956,09:30:03,$ 3479.99,4
2957,09:30:03,$ 3479.99,1
2958,09:30:03,$ 3479.99,1
2959,09:30:03,$ 3479.99,1
2960,09:30:03,$ 3479.99,1
2962,09:30:03,$ 3479.99,4
2963,09:30:03,$ 3479.99,1
2964,09:30:03,$ 3479.99,1
2965,09:30:03,$ 3479.99,1
2966,09:30:03,$ 3479.99,9
2967,09:30:03,$ 3479.99,27
2968,09:30:03,$ 3479.99,3
2969,09:30:03,$ 3479.99,4
2970,09:30:03,$ 3479.99,1
2971,09:30:03,$ 3479.99,3
2972,09:30:03,$ 3479.99,4
2973,09:30:03,$ 3479.99,2
2974,09:30:03,$ 3479.99,3
2975,09:30:03,$ 3479.99,1
2976,09:30:03,$ 3479.99,3
2977,09:30:03,$ 3479.99,1
2978,09:30:03,$ 3479.99,1
2979,09:30:03,$ 3479.99,3
2980,09:30:03,$ 3479.99,15
2981,09:30:03,$ 3479.99,2
2983,09:30:03,$ 3479.99,1
2984,09:30:03,$ 3479.99,3
2985,09:30:03,$ 3479.99,12
2986,09:30:03,$ 3479.99,11
2987,09:30:03,$ 3479.99,3
2988,09:30:03,$ 3479.99,27
2989,09:30:03,$ 3479.99,14
2990,09:30:03,$ 3479.99,5
2991,09:30:03,$ 3479.99,18
2992,09:30:03,$ 3479.99,1
2993,09:30:03,$ 3479.99,2
2994,09:30:03,$ 3479.99,15
2995,09:30:03,$ 3479.99,1
2996,09:30:03,$ 3479.99,2
2997,09:30:03,$ 3479.99,2
2998,09:30:03,$ 3479.99,1
2999,09:30:03,$ 3479.99,10
3000,09:30:03,$ 3479.99,5
3001,09:30:03,$ 3479.99,4
3002,09:30:03,$ 3479.99,10
3004,09:30:03,$ 3479.99,"7,051"
3005,09:30:03,$ 3479.99,2
3006,09:30:03,$ 3479.99,3
3007,09:30:03,$ 3479.99,"2,000"
3008,09:30:03,$ 3479.99,"1,249"
3009,09:30:03,$ 3479.99,3
3010,09:30:03,$ 3479.99,1
3011,09:30:03,$ 3479.99,1
3012,09:30:03,$ 3479.99,2
3013,09:30:03,$ 3479.99,1
3014,09:30:03,$ 3479.99,26
3015,09:30:03,$ 3479.99,110
3016,09:30:03,$ 3479.99,3
3017,09:30:03,$ 3479.99,3
3018,09:30:03,$ 3479.99,2
3019,09:30:03,$ 3479.99,3
3020,09:30:03,$ 3479.99,27
3021,09:30:03,$ 3479.99,2
3022,09:30:03,$ 3479.99,14
3023,09:30:03,$ 3479.99,5
3025,09:30:03,$ 3479.99,10
3026,09:30:03,$ 3479.99,1
3027,09:30:03,$ 3479.99,5
3028,09:30:03,$ 3479.99,1
3029,09:30:03,$ 3479.99,10
3030,09:30:03,$ 3479.99,1
3031,09:30:03,$ 3479.99,10
3032,09:30:03,$ 3479.99,4
3033,09:30:03,$ 3479.99,21
3034,09:30:03,$ 3479.99,1
3035,09:30:03,$ 3479.99,1
3036,09:30:03,$ 3479.99,1
3037,09:30:03,$ 3479.99,20
3038,09:30:03,$ 3479.99,1
3039,09:30:03,$ 3479.99,5
3040,09:30:03,$ 3479.99,5
3041,09:30:03,$ 3479.99,5
3042,09:30:03,$ 3479.99,1
3043,09:30:03,$ 3479.99,10
3044,09:30:03,$ 3479.99,1
3046,09:30:03,$ 3479.99,5
3047,09:30:03,$ 3479.99,100
3048,09:30:03,$ 3479.99,135
3049,09:30:03,$ 3479.99,1
3050,09:30:03,$ 3479.99,15
3051,09:30:03,$ 3479.99,136
3052,09:30:03,$ 3479.99,3
3053,09:30:03,$ 3479.99,5
3054,09:30:03,$ 3479.99,135
3055,09:30:03,$ 3479.99,1
3056,09:30:03,$ 3479.99,1
3057,09:30:03,$ 3479.99,135
3058,09:30:03,$ 3479.99,3
3059,09:30:03,$ 3479.99,136
3060,09:30:03,$ 3479.99,135
3061,09:30:03,$ 3479.99,135
3062,09:30:03,$ 3479.99,1
3063,09:30:03,$ 3479.99,20
3064,09:30:03,$ 3479.99,1
3065,09:30:03,$ 3479.99,20
3067,09:30:03,$ 3479.99,136
3068,09:30:03,$ 3479.99,1
3069,09:30:03,$ 3479.99,5
3070,09:30:03,$ 3479.99,29
3071,09:30:03,$ 3479.99,1
3072,09:30:03,$ 3479.99,5
3073,09:30:03,$ 3479.99,135
3074,09:30:03,$ 3479.99,2
3075,09:30:03,$ 3479.99,2
3076,09:30:03,$ 3479.99,1
3077,09:30:03,$ 3479.99,1
3078,09:30:03,$ 3479.99,1
3079,09:30:03,$ 3479.99,14
3080,09:30:03,$ 3479.99,136
3081,09:30:03,$ 3479.99,135
3082,09:30:03,$ 3479.99,1
3083,09:30:03,$ 3479.99,5
3084,09:30:03,$ 3479.99,135
3085,09:30:03,$ 3479.99,29
3086,09:30:03,$ 3479.99,136
3088,09:30:03,$ 3479.99,3
3089,09:30:03,$ 3479.99,2
3090,09:30:03,$ 3479.99,10
3091,09:30:03,$ 3479.99,2
3092,09:30:03,$ 3479.99,10
3093,09:30:03,$ 3479.99,1
3094,09:30:03,$ 3479.99,2
3095,09:30:03,$ 3479.99,1
3096,09:30:03,$ 3479.99,1
3097,09:30:03,$ 3479.99,1
3098,09:30:03,$ 3479.99,1
3099,09:30:03,$ 3479.99,1
3100,09:30:03,$ 3479.99,4
3101,09:30:03,$ 3479.99,3
3102,09:30:03,$ 3479.99,1
3103,09:30:03,$ 3479.99,1
3104,09:30:03,$ 3479.99,135
3105,09:30:03,$ 3479.99,5
3106,09:30:03,$ 3479.99,135
3107,09:30:03,$ 3479.99,136
3109,09:30:03,$ 3479.99,13
3110,09:30:03,$ 3479.99,10
3111,09:30:03,$ 3479.99,1
3112,09:30:03,$ 3479.99,1
3113,09:30:03,$ 3479.99,12
3114,09:30:03,$ 3479.99,10
3115,09:30:03,$ 3479.99,135
3116,09:30:03,$ 3479.99,136
3117,09:30:03,$ 3479.99,1
3118,09:30:03,$ 3479.99,2
3119,09:30:03,$ 3479.99,135
3120,09:30:03,$ 3479.99,5
3121,09:30:03,$ 3479.99,1
3122,09:30:03,$ 3479.99,135
3123,09:30:03,$ 3479.99,136
3124,09:30:03,$ 3479.99,5
3125,09:30:03,$ 3479.99,35
3126,09:30:03,$ 3479.99,135
3127,09:30:03,$ 3479.99,2
3128,09:30:03,$ 3479.99,135
3130,09:30:03,$ 3479.99,6
3131,09:30:03,$ 3479.99,1
3132,09:30:03,$ 3479.99,1
3133,09:30:03,$ 3479.99,1
3134,09:30:03,$ 3479.99,136
3135,09:30:03,$ 3479.99,3
3136,09:30:03,$ 3479.99,5
3137,09:30:03,$ 3479.99,135
3138,09:30:03,$ 3479.99,13
3139,09:30:03,$ 3479.99,136
3140,09:30:03,$ 3479.99,1
3141,09:30:03,$ 3479.99,2
3142,09:30:03,$ 3479.99,183
3143,09:30:03,$ 3479.99,3
3144,09:30:03,$ 3479.99,1
3145,09:30:03,$ 3479.99,2
3146,09:30:03,$ 3479.99,1
3147,09:30:03,$ 3479.99,3
3148,09:30:03,$ 3479.99,2
3149,09:30:03,$ 3479.99,10
3151,09:30:03,$ 3479.99,1
3152,09:30:03,$ 3479.99,3
3153,09:30:03,$ 3479.99,135
3154,09:30:03,$ 3479.99,1
3155,09:30:03,$ 3479.99,1
3156,09:30:03,$ 3479.99,2
3157,09:30:03,$ 3479.99,1
3158,09:30:03,$ 3479.99,1
3159,09:30:03,$ 3479.99,1
3160,09:30:03,$ 3479.99,1
3161,09:30:03,$ 3479.99,2
3162,09:30:03,$ 3479.99,1
3163,09:30:03,$ 3479.99,18
3164,09:30:03,$ 3479.99,2
3165,09:30:03,$ 3479.99,1
3166,09:30:03,$ 3479.99,1
3167,09:30:03,$ 3479.99,14
3168,09:30:03,$ 3479.99,1
3169,09:30:03,$ 3479.99,1
3170,09:30:03,$ 3479.99,2
3172,09:30:03,$ 3479.99,2
3173,09:30:03,$ 3479.99,2
3174,09:30:03,$ 3479.99,1
3175,09:30:03,$ 3479.99,1
3176,09:30:03,$ 3479.99,2
3177,09:30:03,$ 3479.99,1
3178,09:30:03,$ 3479.99,2
3179,09:30:03,$ 3479.99,10
3180,09:30:03,$ 3479.99,5
3181,09:30:03,$ 3479.99,10
3182,09:30:03,$ 3479.99,13
3183,09:30:03,$ 3479.99,1
3184,09:30:03,$ 3479.99,1
3185,09:30:03,$ 3479.99,1
3186,09:30:03,$ 3479.99,5
3187,09:30:03,$ 3479.99,2
3188,09:30:03,$ 3479.99,2
3189,09:30:03,$ 3479.99,6
3190,09:30:03,$ 3479.99,1
3191,09:30:03,$ 3479.99,135
3193,09:30:03,$ 3479.99,1
3194,09:30:03,$ 3479.99,1
3195,09:30:03,$ 3479.99,136
3196,09:30:03,$ 3479.99,135
3197,09:30:03,$ 3479.99,2
3198,09:30:03,$ 3479.99,1
3199,09:30:03,$ 3479.99,1
3200,09:30:03,$ 3479.99,1
3201,09:30:03,$ 3479.99,1
3202,09:30:03,$ 3479.99,19
3203,09:30:03,$ 3479.99,4
3204,09:30:03,$ 3479.99,1
3205,09:30:03,$ 3479.99,10
3206,09:30:03,$ 3479.99,81
3207,09:30:03,$ 3479.99,8
3208,09:30:03,$ 3479.99,6
3209,09:30:03,$ 3479.99,15
3210,09:30:03,$ 3479.99,5
3211,09:30:03,$ 3479.99,18
3212,09:30:03,$ 3479.99,1
3214,09:30:03,$ 3479.99,8
3215,09:30:03,$ 3479.99,2
3216,09:30:03,$ 3479.99,1
3217,09:30:03,$ 3479.99,5
3218,09:30:03,$ 3479.99,4
3219,09:30:03,$ 3479.99,3
3220,09:30:03,$ 3479.99,5
3221,09:30:03,$ 3479.99,2
3222,09:30:03,$ 3479.99,6
3223,09:30:03,$ 3479.99,91
3224,09:30:03,$ 3479.99,1
3225,09:30:03,$ 3479.99,5
3226,09:30:03,$ 3479.99,1
3227,09:30:03,$ 3479.99,2
3228,09:30:03,$ 3479.99,2
3229,09:30:03,$ 3479.99,2
3230,09:30:03,$ 3479.99,1
3231,09:30:03,$ 3479.99,10
3232,09:30:03,$ 3479.99,1
3233,09:30:03,$ 3479.99,14
3235,09:30:03,$ 3479.99,15
3236,09:30:03,$ 3479.99,6
3237,09:30:03,$ 3479.99,2
3238,09:30:03,$ 3479.99,1
3239,09:30:03,$ 3479.99,1
3240,09:30:03,$ 3479.99,68
3241,09:30:03,$ 3479.99,67
3242,09:30:03,$ 3479.99,68
3243,09:30:03,$ 3479.99,68
3244,09:30:03,$ 3479.99,1
3245,09:30:03,$ 3479.99,68
3246,09:30:03,$ 3479.99,2
3247,09:30:03,$ 3479.99,10
3248,09:30:03,$ 3479.99,67
3249,09:30:03,$ 3479.99,3
3250,09:30:03,$ 3479.99,4
3251,09:30:03,$ 3479.99,2
3252,09:30:03,$ 3479.99,1
3253,09:30:03,$ 3479.99,14
3254,09:30:03,$ 3479.99,3
3256,09:30:03,$ 3479.99,4
3257,09:30:03,$ 3479.99,1
3258,09:30:03,$ 3479.99,1
3259,09:30:03,$ 3479.99,1
3260,09:30:03,$ 3479.99,1
3261,09:30:03,$ 3479.99,10
3262,09:30:03,$ 3479.99,1
3263,09:30:03,$ 3479.99,68
3264,09:30:03,$ 3479.99,68
3265,09:30:03,$ 3479.99,67
3266,09:30:03,$ 3479.99,68
3267,09:30:03,$ 3479.99,10
3268,09:30:03,$ 3479.99,2
3269,09:30:03,$ 3479.99,1
3270,09:30:03,$ 3479.99,2
3271,09:30:03,$ 3479.99,3
3272,09:30:03,$ 3479.99,1
3273,09:30:03,$ 3479.99,2
3274,09:30:03,$ 3479.99,10
3275,09:30:03,$ 3479.99,1
3277,09:30:03,$ 3479.99,60
3278,09:30:03,$ 3479.99,2
3279,09:30:03,$ 3479.99,2
3280,09:30:03,$ 3479.99,1
3281,09:30:03,$ 3479.99,1
3282,09:30:03,$ 3479.99,1
3283,09:30:03,$ 3479.99,1
3284,09:30:03,$ 3479.99,20
3285,09:30:03,$ 3479.99,1
3286,09:30:03,$ 3479.99,5
3287,09:30:03,$ 3479.99,5
3288,09:30:03,$ 3479.99,2
3289,09:30:03,$ 3479.99,1
3290,09:30:03,$ 3479.99,1
3291,09:30:03,$ 3479.99,1
3292,09:30:03,$ 3479.99,1
3293,09:30:03,$ 3479.99,1
3294,09:30:03,$ 3479.99,1
3295,09:30:03,$ 3479.99,5
3296,09:30:03,$ 3479.99,3
3298,09:30:03,$ 3479.99,1
3299,09:30:03,$ 3479.99,1
3300,09:30:03,$ 3479.99,1
3301,09:30:03,$ 3479.99,1
3302,09:30:03,$ 3479.99,1
3303,09:30:03,$ 3479.99,2
3304,09:30:03,$ 3479.99,1
3305,09:30:03,$ 3479.99,1
3306,09:30:03,$ 3479.99,3
3307,09:30:03,$ 3479.99,1
3308,09:30:03,$ 3479.99,1
3309,09:30:03,$ 3479.99,1
3310,09:30:03,$ 3479.99,4
3311,09:30:03,$ 3479.99,10
3312,09:30:03,$ 3479.99,1
3313,09:30:03,$ 3479.99,1
3314,09:30:03,$ 3479.99,3
3315,09:30:03,$ 3479.99,2
3316,09:30:03,$ 3479.99,2
3317,09:30:03,$ 3479.99,1
3319,09:30:03,$ 3479.99,1
3320,09:30:03,$ 3479.99,1
3321,09:30:03,$ 3479.99,1
3322,09:30:03,$ 3479.99,1
3323,09:30:03,$ 3479.99,3
3324,09:30:03,$ 3479.99,14
3325,09:30:03,$ 3479.99,15
3326,09:30:03,$ 3479.99,1
3327,09:30:03,$ 3479.99,1
3328,09:30:03,$ 3479.99,68
3329,09:30:03,$ 3479.99,5
3330,09:30:03,$ 3479.99,2
3331,09:30:03,$ 3479.99,1
3332,09:30:03,$ 3479.99,1
3333,09:30:03,$ 3479.99,1
3334,09:30:03,$ 3479.99,3
3335,09:30:03,$ 3479.99,15
3336,09:30:03,$ 3479.99,1
3337,09:30:03,$ 3479.99,1
3338,09:30:03,$ 3479.99,2
3340,09:30:03,$ 3479.99,20
3341,09:30:03,$ 3479.99,10
3342,09:30:03,$ 3479.99,1
3343,09:30:03,$ 3479.99,2
3344,09:30:03,$ 3479.99,1
3345,09:30:03,$ 3479.99,30
3346,09:30:03,$ 3479.99,4
3347,09:30:03,$ 3479.99,11
3348,09:30:03,$ 3479.99,3
3349,09:30:03,$ 3479.99,3
3350,09:30:03,$ 3479.99,149
3351,09:30:03,$ 3479.99,4
3352,09:30:03,$ 3479.99,1
3353,09:30:03,$ 3479.99,1
3354,09:30:03,$ 3479.99,34
3355,09:30:03,$ 3479.99,12
3356,09:30:03,$ 3479.99,150
3357,09:30:03,$ 3479.99,1
3358,09:30:03,$ 3479.99,4
3359,09:30:03,$ 3479.99,1
3361,09:30:03,$ 3479.99,1
3362,09:30:03,$ 3479.99,2
3363,09:30:03,$ 3479.99,8
3364,09:30:03,$ 3479.99,1
3365,09:30:03,$ 3479.99,1
3366,09:30:03,$ 3479.99,30
3367,09:30:03,$ 3479.99,2
3368,09:30:03,$ 3479.99,4
3369,09:30:03,$ 3479.99,2
3370,09:30:03,$ 3479.99,1
3371,09:30:03,$ 3479.99,1
3372,09:30:03,$ 3479.99,1
3373,09:30:03,$ 3479.99,1
3374,09:30:03,$ 3479.99,4
3375,09:30:03,$ 3479.99,127
3376,09:30:03,$ 3479.99,283
3377,09:30:03,$ 3479.99,2
3378,09:30:03,$ 3479.99,27
3379,09:30:03,$ 3479.99,1
3380,09:30:03,$ 3479.99,1
3382,09:30:03,$ 3479.99,3
3384,10:29:56,$ 3502.2301,100
3385,10:29:56,$ 3502.23,100
3386,10:29:56,$ 3502.29,100
3387,10:29:52,$ 3503.43,100
3388,10:29:36,$ 3505.38,100
3389,10:29:36,$ 3505.82,100
3390,10:29:36,$ 3505.4737,200
3391,10:29:34,$ 3504.305,100
3392,10:29:31,$ 3504.43,100
3393,10:29:30,$ 3504.31,100
3394,10:29:30,$ 3504.32,112
3395,10:29:30,$ 3504.315,260
3396,10:29:29,$ 3504.315,200
3397,10:29:29,$ 3504.31,100
3398,10:29:29,$ 3504.30,100
3399,10:29:29,$ 3504.30,100
3400,10:29:29,$ 3504.31,100
3401,10:29:29,$ 3504.30,100
3402,10:29:29,$ 3504.30,100
3403,10:29:22,$ 3505.00,974
3405,10:29:22,$ 3504.715,135
3406,10:29:22,$ 3504.10,100
3407,10:29:19,$ 3503.57,100
3408,10:29:15,$ 3504.032,100
3409,10:29:14,$ 3504.235,100
3410,10:29:14,$ 3504.115,100
3411,10:29:12,$ 3503.45,100
3412,10:29:12,$ 3503.45,100
3413,10:29:10,$ 3503.41,100
3414,10:29:03,$ 3503.31,100
3415,10:29:03,$ 3503.332,100
3416,10:29:03,$ 3503.32,100
3417,10:29:03,$ 3503.31,100
3418,10:29:01,$ 3503.47,100
3419,10:28:56,$ 3503.54,100
3420,10:28:55,$ 3503.52,100
3421,10:28:51,$ 3502.74,100
3422,10:28:51,$ 3503.16,100
3423,10:28:47,$ 3501.60,100
3424,10:28:44,$ 3501.1116,300
3426,10:28:42,$ 3501.57,319
3427,10:28:38,$ 3501.685,100
3428,10:28:37,$ 3501.8999,110
3429,10:28:36,$ 3501.75,100
3430,10:28:36,$ 3501.23,100
3431,10:28:36,$ 3501.745,100
3432,10:28:33,$ 3502.235,100
3433,10:28:33,$ 3502.22,100
3434,10:28:33,$ 3502.22,100
3435,10:28:33,$ 3502.21,100
3436,10:28:33,$ 3502.22,100
3437,10:28:33,$ 3501.79,100
3438,10:28:33,$ 3502.11,100
3439,10:28:33,$ 3502.22,100
3440,10:28:33,$ 3501.97,100
3441,10:28:33,$ 3501.58,200
3442,10:28:19,$ 3501.68,100
3443,10:28:19,$ 3501.61,100
3444,10:28:19,$ 3502.56,100
3445,10:28:19,$ 3501.63,100
3447,10:28:19,$ 3501.60,100
3448,10:28:19,$ 3501.58,100
3449,10:28:19,$ 3501.70,100
3450,10:28:19,$ 3501.63,100
3451,10:28:16,$ 3502.605,500
3452,10:28:16,$ 3502.605,100
3453,10:28:14,$ 3503.61,200
3454,10:28:12,$ 3503.9933,177
3455,10:28:05,$ 3503.21,100
3456,10:28:01,$ 3503.05,100
3457,10:28:01,$ 3503.12,100
3458,10:27:54,$ 3503.4949,100
3459,10:27:37,$ 3502.53,100
3460,10:27:37,$ 3502.54,100
3461,10:27:37,$ 3502.55,100
3462,10:27:36,$ 3502.21,100
3463,10:27:24,$ 3502.06,100
3464,10:27:15,$ 3503.65,100
3465,10:27:15,$ 3504.352,120
3466,10:27:15,$ 3503.81,100
3468,10:27:15,$ 3504.01,100
3469,10:27:11,$ 3504.41,100
3470,10:27:11,$ 3504.366,398
3471,10:27:11,$ 3504.506,100
3472,10:27:11,$ 3504.538,100
3473,10:27:11,$ 3504.55,100
3474,10:27:11,$ 3504.71,100
3475,10:27:11,$ 3504.50,100
3476,10:27:11,$ 3504.95,100
3477,10:27:10,$ 3504.90,100
3478,10:27:08,$ 3504.496,159
3479,10:27:07,$ 3504.56,100
3480,10:27:06,$ 3504.36,100
3481,10:27:05,$ 3504.12,100
3482,10:27:05,$ 3504.00,190
3483,10:27:03,$ 3504.00,100
3484,10:27:03,$ 3504.00,100
3485,10:27:03,$ 3504.00,100
3486,10:27:03,$ 3504.00,133
3487,10:27:01,$ 3504.00,130
3489,10:27:01,$ 3503.9999,130
3490,10:27:01,$ 3503.97,100
3491,10:27:01,$ 3503.1692,200
3492,10:27:01,$ 3503.87,100
3493,10:27:01,$ 3503.48,100
3494,10:26:56,$ 3502.91,300
3495,10:26:56,$ 3503.4975,100
3496,10:26:52,$ 3503.0757,104
3497,10:26:50,$ 3503.155,500
3498,10:26:44,$ 3502.99,100
3499,10:26:28,$ 3502.11,100
3500,10:26:28,$ 3502.106,100
3501,10:26:28,$ 3501.96,100
3502,10:26:25,$ 3501.175,100
3503,10:26:25,$ 3501.175,100
3504,10:26:25,$ 3500.84,100
3505,10:26:25,$ 3501.085,100
3506,10:26:24,$ 3500.99,100
3507,10:26:21,$ 3500.68,200
3508,10:26:19,$ 3501.34,100
3510,10:26:17,$ 3501.14,100
3511,10:26:14,$ 3501.00,100
3512,10:26:14,$ 3501.28,100
3513,10:26:14,$ 3501.58,100
3514,10:26:14,$ 3501.88,100
3515,10:26:06,$ 3501.28,100
3516,10:26:06,$ 3501.43,100
3517,10:26:04,$ 3502.133,285
3518,10:26:04,$ 3502.133,136
3519,10:26:01,$ 3501.43,133
3520,10:25:58,$ 3502.135,100
3521,10:25:53,$ 3502.53,100
3522,10:25:51,$ 3502.77,100
3523,10:25:49,$ 3502.86,100
3524,10:25:49,$ 3502.83,100
3525,10:25:49,$ 3502.603,303
3526,10:25:42,$ 3502.69,100
3527,10:25:42,$ 3502.215,100
3528,10:25:42,$ 3502.70,100
3529,10:25:36,$ 3501.972,500
3531,10:25:30,$ 3503.5061,100
3532,10:25:24,$ 3501.64,100
3533,10:25:22,$ 3502.06,100
3534,10:25:22,$ 3502.04,100
3535,10:25:22,$ 3502.22,100
3536,10:25:20,$ 3502.87,100
3537,10:25:20,$ 3503.38,100
3538,10:25:12,$ 3504.64,100
3539,10:25:02,$ 3504.06,100
3540,10:25:02,$ 3504.03,100
3541,10:25:02,$ 3503.54,100
3542,10:24:59,$ 3504.90,100
3543,10:24:59,$ 3504.875,100
3544,10:24:59,$ 3504.875,186
3545,10:24:59,$ 3505.3057,100
3546,10:24:57,$ 3505.78,100
3547,10:24:57,$ 3504.8984,200
3548,10:24:55,$ 3505.1713,100
3549,10:24:52,$ 3504.90,100
3550,10:24:52,$ 3504.90,100
3552,10:24:52,$ 3505.405,500
3553,10:24:49,$ 3505.365,214
3554,10:24:49,$ 3505.365,186
3555,10:24:49,$ 3505.365,800
3556,10:24:49,$ 3505.365,100
3557,10:24:49,$ 3505.365,100
3558,10:24:49,$ 3505.365,100
3559,10:24:48,$ 3505.365,100
3560,10:24:48,$ 3505.34,100
3561,10:24:47,$ 3505.365,100
3562,10:24:47,$ 3505.32,100
3563,10:24:47,$ 3505.32,100
3564,10:24:47,$ 3505.365,100
3565,10:24:47,$ 3505.365,100
3566,10:24:46,$ 3505.2778,100
3567,10:24:46,$ 3505.365,100
3568,10:24:46,$ 3505.365,100
3569,10:24:46,$ 3505.1375,100
3570,10:24:45,$ 3505.0775,100
3571,10:24:45,$ 3505.075,100
3573,10:24:45,$ 3504.88,100
3574,10:24:45,$ 3505.325,100
3575,10:24:45,$ 3505.325,100
3576,10:24:45,$ 3505.0725,100
3577,10:24:45,$ 3505.0725,100
3578,10:24:44,$ 3505.31,100
3579,10:24:44,$ 3504.4975,100
3580,10:24:43,$ 3504.665,100
3581,10:24:43,$ 3504.77,100
3582,10:24:43,$ 3505.2171,500
3583,10:24:43,$ 3505.2171,350
3584,10:24:43,$ 3505.2171,165
3585,10:24:43,$ 3505.00,125
3586,10:24:43,$ 3505.00,162
3587,10:24:43,$ 3504.94,100
3588,10:24:43,$ 3504.94,100
3589,10:24:43,$ 3504.168,100
3590,10:24:42,$ 3503.97,100
3591,10:24:42,$ 3504.285,100
3592,10:24:42,$ 3504.31,368
3594,10:24:42,$ 3504.305,100
3595,10:24:42,$ 3504.285,100
3596,10:24:42,$ 3504.285,100
3597,10:24:42,$ 3503.80,100
3598,10:24:41,$ 3504.31,100
3599,10:24:40,$ 3504.31,100
3600,10:24:35,$ 3504.6499,100
3601,10:24:32,$ 3504.95,100
3602,10:24:31,$ 3504.87,100
3603,10:24:31,$ 3504.50,100
3604,10:24:31,$ 3504.00,100
3605,10:24:31,$ 3504.00,100
3606,10:24:29,$ 3503.8612,179
3607,10:24:29,$ 3503.8612,350
3608,10:24:29,$ 3503.8612,114
3609,10:24:27,$ 3503.93,100
3610,10:24:27,$ 3503.455,200
3611,10:24:26,$ 3503.816,250
3612,10:24:21,$ 3503.07,500
3613,10:24:19,$ 3503.66,100
3615,10:24:18,$ 3503.46,100
3616,10:24:17,$ 3502.03,100
3617,10:24:15,$ 3502.90,100
3618,10:24:14,$ 3502.73,100
3619,10:24:13,$ 3502.7199,120
3620,10:24:12,$ 3502.3688,145
3621,10:24:12,$ 3502.07,100
3622,10:24:07,$ 3503.3903,100
3623,10:24:06,$ 3503.23,148
3624,10:24:06,$ 3503.00,175
3625,10:24:06,$ 3503.00,307
3626,10:24:00,$ 3501.8801,100
3627,10:23:59,$ 3501.85,100
3628,10:23:58,$ 3502.4587,201
3629,10:23:57,$ 3502.79,100
3630,10:23:57,$ 3502.79,100
3631,10:23:48,$ 3502.01,100
3632,10:23:48,$ 3502.80,100
3633,10:23:48,$ 3502.85,100
3634,10:23:48,$ 3502.852,285
3636,10:23:48,$ 3502.00,117
3637,10:23:44,$ 3502.3975,100
3638,10:23:43,$ 3502.6929,300
3639,10:23:43,$ 3501.65,"1,000"
3640,10:23:41,$ 3501.445,"1,000"
3641,10:23:39,$ 3501.69,100
3642,10:23:25,$ 3502.8066,100
3643,10:23:23,$ 3501.505,100
3644,10:23:23,$ 3501.505,100
3645,10:23:21,$ 3501.875,500
3646,10:23:16,$ 3502.25,200
3647,10:23:14,$ 3502.59,100
3648,10:23:07,$ 3502.38,100
3649,10:23:06,$ 3502.205,150
3650,10:23:06,$ 3502.21,100
3651,10:23:06,$ 3502.67,100
3652,10:23:04,$ 3502.115,114
3653,10:23:04,$ 3502.33,100
3654,10:23:04,$ 3502.465,100
3655,10:23:04,$ 3502.68,100
3657,10:23:02,$ 3502.32,354
3658,10:23:02,$ 3502.33,100
3659,10:23:01,$ 3503.118,"1,000"
3660,10:22:59,$ 3503.00,500
3661,10:22:58,$ 3503.5405,140
3662,10:22:58,$ 3503.005,100
3663,10:22:58,$ 3503.005,100
3664,10:22:58,$ 3503.007,500
3665,10:22:57,$ 3503.697,100
3666,10:22:57,$ 3503.494,133
3667,10:22:57,$ 3503.494,285
3668,10:22:57,$ 3503.38,100
3669,10:22:57,$ 3502.08,100
3670,10:22:54,$ 3502.4454,100
3671,10:22:51,$ 3502.48,100
3672,10:22:48,$ 3502.00,100
3673,10:22:48,$ 3501.96,100
3674,10:22:43,$ 3501.29,100
3675,10:22:41,$ 3501.305,200
3676,10:22:38,$ 3500.98,100
3678,10:22:37,$ 3500.47,100
3679,10:22:37,$ 3500.15,100
3680,10:22:34,$ 3499.73,194
3681,10:22:33,$ 3499.38,100
3682,10:22:33,$ 3499.625,500
3683,10:22:33,$ 3499.56,100
3684,10:22:32,$ 3500.7766,100
3685,10:22:20,$ 3499.30,100
3686,10:22:20,$ 3499.97,100
3687,10:22:20,$ 3499.36,100
3688,10:22:20,$ 3500.14,100
3689,10:22:20,$ 3500.14,100
3690,10:22:20,$ 3500.14,100
3691,10:22:20,$ 3500.14,100
3692,10:22:20,$ 3500.15,100
3693,10:22:15,$ 3500.7572,200
3694,10:22:12,$ 3500.555,100
3695,10:22:11,$ 3501.00,100
3696,10:22:11,$ 3500.95,100
3697,10:22:11,$ 3500.80,100
3699,10:22:11,$ 3500.85,400
3700,10:22:11,$ 3500.10,100
3701,10:22:11,$ 3500.00,200
3702,10:22:11,$ 3500.19,100
3703,10:22:11,$ 3500.00,400
3704,10:22:11,$ 3500.00,100
3705,10:22:11,$ 3500.58,199
3706,10:22:11,$ 3500.00,221
3707,10:22:11,$ 3500.00,100
3708,10:22:11,$ 3500.00,100
3709,10:22:11,$ 3500.00,100
3710,10:22:11,$ 3500.00,100
3711,10:22:11,$ 3500.00,100
3712,10:22:11,$ 3500.00,141
3713,10:22:11,$ 3500.00,100
3714,10:22:11,$ 3499.76,100
3715,10:22:10,$ 3499.83,100
3716,10:22:06,$ 3499.265,500
3717,10:22:04,$ 3499.50,150
3718,10:22:04,$ 3498.805,100
3720,10:22:04,$ 3498.9828,500
3721,10:22:03,$ 3499.06,100
3722,10:21:52,$ 3499.3176,100
3723,10:21:50,$ 3498.88,100
3724,10:21:42,$ 3498.50,141
3725,10:21:42,$ 3498.13,100
3726,10:21:42,$ 3498.06,100
3727,10:21:40,$ 3498.74,100
3728,10:21:39,$ 3498.16,100
3729,10:21:39,$ 3498.20,168
3730,10:21:39,$ 3497.91,100
3731,10:21:39,$ 3498.17,100
3732,10:21:39,$ 3498.17,100
3733,10:21:39,$ 3497.77,200
3734,10:21:39,$ 3498.10,100
3735,10:21:39,$ 3498.15,100
3736,10:21:39,$ 3498.19,100
3737,10:21:39,$ 3498.20,100
3738,10:21:37,$ 3498.03,100
3739,10:21:37,$ 3498.03,100
3741,10:21:36,$ 3497.77,100
3742,10:21:36,$ 3497.00,"1,000"
3743,10:21:34,$ 3496.00,100
3744,10:21:34,$ 3495.8498,100
3745,10:21:34,$ 3495.95,100
3746,10:21:33,$ 3495.65,100
3747,10:21:33,$ 3495.97,100
3748,10:21:19,$ 3494.29,100
3749,10:21:17,$ 3493.56,100
3750,10:21:15,$ 3492.1701,100
3751,10:21:09,$ 3495.0817,989
3752,10:21:09,$ 3495.0817,144
3753,10:21:09,$ 3493.95,100
3754,10:21:09,$ 3493.98,100
3755,10:21:04,$ 3493.16,200
3756,10:21:02,$ 3492.1501,100
3757,10:21:02,$ 3493.20,100
3758,10:21:02,$ 3493.235,100
3759,10:20:43,$ 3494.01,100
3760,10:20:36,$ 3496.96,100
3762,10:20:36,$ 3496.61,100
3763,10:20:36,$ 3496.73,100
3764,10:20:35,$ 3496.02,100
3765,10:20:35,$ 3495.81,100
3766,10:20:35,$ 3496.00,100
3767,10:20:34,$ 3496.02,100
3768,10:20:34,$ 3496.41,100
3769,10:20:34,$ 3496.06,200
3770,10:20:34,$ 3496.41,100
3771,10:20:34,$ 3496.41,100
3772,10:20:34,$ 3496.41,100
3773,10:20:34,$ 3495.57,100
3774,10:20:34,$ 3495.41,100
3775,10:20:31,$ 3494.34,469
3776,10:20:30,$ 3494.59,100
3777,10:20:14,$ 3494.12,100
3778,10:20:12,$ 3494.00,200
3779,10:20:04,$ 3496.07,100
3780,10:20:00,$ 3495.21,500
3781,10:20:00,$ 3495.205,100
3783,10:19:39,$ 3496.47,100
3784,10:19:14,$ 3493.9401,557
3785,10:19:14,$ 3493.715,162
3786,10:19:07,$ 3496.18,200
3787,10:19:05,$ 3496.285,100
3788,10:19:01,$ 3496.295,100
3789,10:19:00,$ 3496.53,100
3790,10:18:48,$ 3496.92,100
3791,10:18:46,$ 3497.595,200
3792,10:18:31,$ 3497.935,100
3793,10:18:12,$ 3497.66,100
3794,10:18:12,$ 3497.86,100
3795,10:18:12,$ 3497.86,100
3796,10:18:04,$ 3496.6445,100
3797,10:18:04,$ 3496.915,100
3798,10:18:00,$ 3497.50,131
3799,10:17:48,$ 3496.545,100
3800,10:17:47,$ 3495.79,100
3801,10:17:47,$ 3495.77,100
3802,10:17:45,$ 3496.9375,100
3804,10:17:45,$ 3496.9375,100
3805,10:17:27,$ 3496.855,150
3806,10:17:17,$ 3497.58,100
3807,10:17:17,$ 3497.50,100
3808,10:17:13,$ 3497.33,100
3809,10:17:08,$ 3496.7866,120
3810,10:17:06,$ 3497.5388,100
3811,10:17:02,$ 3497.04,150
3812,10:17:02,$ 3497.49,189
3813,10:17:02,$ 3497.49,107
3814,10:17:02,$ 3497.49,169
3815,10:17:02,$ 3496.76,100
3816,10:17:02,$ 3497.00,136
3817,10:16:57,$ 3496.13,100
3818,10:16:55,$ 3495.995,100
3819,10:16:34,$ 3496.00,350
3820,10:16:32,$ 3495.305,100
3821,10:16:31,$ 3495.91,146
3822,10:16:19,$ 3495.99,300
3823,10:16:14,$ 3496.96,100
3825,10:16:13,$ 3496.34,100
3826,10:16:09,$ 3497.31,100
3827,10:16:07,$ 3497.29,100
3828,10:16:07,$ 3497.33,100
3829,10:16:01,$ 3496.9881,100
3830,10:16:00,$ 3496.54,100
3831,10:16:00,$ 3496.665,100
3832,10:16:00,$ 3498.10,400
3833,10:16:00,$ 3497.00,100
3834,10:16:00,$ 3497.00,100
3835,10:16:00,$ 3496.89,100
3836,10:16:00,$ 3496.89,100
3837,10:16:00,$ 3496.89,100
3838,10:16:00,$ 3496.00,"1,000"
3839,10:16:00,$ 3496.00,250
3840,10:16:00,$ 3496.00,100
3841,10:16:00,$ 3496.00,100
3842,10:16:00,$ 3495.95,100
3843,10:16:00,$ 3496.00,192
3844,10:16:00,$ 3496.00,100
3846,10:15:52,$ 3494.98,127
3847,10:15:49,$ 3494.06,100
3848,10:15:46,$ 3494.40,200
3849,10:15:45,$ 3494.40,200
3850,10:15:35,$ 3491.70,100
3851,10:15:35,$ 3492.16,200
3852,10:15:29,$ 3491.6901,100
3853,10:15:23,$ 3491.102,100
3854,10:15:23,$ 3491.14,100
3855,10:15:14,$ 3489.96,130
3856,10:15:14,$ 3490.10,100
3857,10:15:08,$ 3491.20,100
3858,10:15:07,$ 3490.4345,117
3859,10:15:03,$ 3491.61,100
3860,10:15:03,$ 3491.46,100
