,NLS Time (ET),NLS Price,NLS Share Volume
1,09:59:57,$ 3357.45,100
2,09:59:43,$ 3359.38,100
3,09:59:43,$ 3359.56,100
4,09:59:43,$ 3359.56,100
5,09:59:39,$ 3358.38,100
6,09:59:39,$ 3358.38,134
7,09:59:39,$ 3359.35,100
8,09:59:37,$ 3358.00,415
9,09:59:35,$ 3357.70,100
10,09:59:28,$ 3357.87,100
11,09:59:26,$ 3358.08,100
12,09:59:21,$ 3358.885,240
13,09:58:59,$ 3358.1495,100
14,09:58:58,$ 3358.57,100
15,09:58:58,$ 3358.50,100
16,09:58:50,$ 3359.895,130
17,09:58:43,$ 3360.78,119
18,09:58:42,$ 3360.37,100
19,09:58:42,$ 3360.37,100
20,09:58:13,$ 3360.02,100
22,09:58:12,$ 3360.83,100
23,09:58:12,$ 3360.78,100
24,09:58:12,$ 3360.52,100
25,09:58:12,$ 3360.57,100
26,09:58:06,$ 3360.9233,150
27,09:58:05,$ 3360.93,100
28,09:58:05,$ 3360.93,100
29,09:57:51,$ 3360.205,100
30,09:57:32,$ 3359.69,100
31,09:56:50,$ 3361.05,100
32,09:56:50,$ 3361.00,100
33,09:56:50,$ 3361.00,100
34,09:56:36,$ 3360.99,100
35,09:56:34,$ 3360.43,100
36,09:56:34,$ 3360.55,100
37,09:56:33,$ 3360.545,200
38,09:56:28,$ 3360.48,104
39,09:56:28,$ 3360.56,103
40,09:56:28,$ 3360.57,100
41,09:56:28,$ 3360.57,100
43,09:56:19,$ 3359.95,100
44,09:56:18,$ 3360.7299,100
45,09:56:06,$ 3359.745,100
46,09:55:53,$ 3359.415,200
47,09:55:52,$ 3360.50,144
48,09:55:52,$ 3359.875,186
49,09:55:52,$ 3360.45,148
50,09:55:51,$ 3359.43,100
51,09:55:51,$ 3359.47,100
52,09:55:51,$ 3359.61,100
53,09:55:36,$ 3357.75,100
54,09:55:32,$ 3358.85,100
55,09:55:32,$ 3358.36,100
56,09:55:31,$ 3359.175,100
57,09:55:28,$ 3359.18,300
58,09:55:20,$ 3358.83,100
59,09:55:17,$ 3357.5966,150
60,09:55:15,$ 3358.544,100
61,09:55:15,$ 3357.10,100
62,09:55:10,$ 3357.015,100
64,09:55:09,$ 3356.345,150
65,09:55:07,$ 3356.15,100
66,09:55:07,$ 3355.89,100
67,09:55:07,$ 3356.00,120
68,09:55:07,$ 3356.11,120
69,09:55:02,$ 3357.15,150
70,09:54:59,$ 3356.99,100
71,09:54:59,$ 3357.66,100
72,09:54:50,$ 3357.42,100
73,09:54:41,$ 3358.00,100
74,09:54:41,$ 3358.00,100
75,09:54:40,$ 3357.465,100
76,09:54:34,$ 3357.24,100
77,09:54:34,$ 3358.684,150
78,09:54:26,$ 3358.15,100
79,09:54:20,$ 3357.83,100
80,09:54:12,$ 3357.72,100
81,09:54:03,$ 3357.9485,100
82,09:54:00,$ 3358.22,100
83,09:54:00,$ 3358.22,100
85,09:54:00,$ 3358.22,100
86,09:53:53,$ 3358.26,100
87,09:53:53,$ 3357.8066,150
88,09:53:52,$ 3357.53,100
89,09:53:50,$ 3357.70,100
90,09:53:39,$ 3356.75,100
91,09:53:39,$ 3357.56,100
92,09:53:39,$ 3357.56,100
93,09:53:25,$ 3357.0342,120
94,09:53:24,$ 3356.8501,100
95,09:53:24,$ 3357.45,100
96,09:53:24,$ 3357.55,100
97,09:53:16,$ 3357.445,100
98,09:53:11,$ 3357.16,100
99,09:53:10,$ 3356.775,100
100,09:53:07,$ 3357.04,100
101,09:52:54,$ 3357.535,200
102,09:52:52,$ 3357.29,100
103,09:52:50,$ 3357.78,100
104,09:52:50,$ 3357.61,100
106,09:52:47,$ 3358.10,100
107,09:52:47,$ 3358.26,100
108,09:52:35,$ 3359.55,100
109,09:52:34,$ 3359.955,100
110,09:52:26,$ 3360.88,179
111,09:52:17,$ 3360.52,100
112,09:52:14,$ 3360.8899,500
113,09:52:08,$ 3360.67,100
114,09:52:03,$ 3360.79,100
115,09:51:46,$ 3359.96,100
116,09:51:46,$ 3359.85,100
117,09:51:42,$ 3359.045,100
118,09:51:23,$ 3358.37,100
119,09:51:21,$ 3359.17,142
120,09:51:21,$ 3359.17,100
121,09:51:06,$ 3358.805,100
122,09:51:02,$ 3360.00,100
123,09:51:00,$ 3360.24,100
124,09:50:49,$ 3358.72,100
125,09:50:39,$ 3360.425,100
127,09:50:31,$ 3361.43,100
128,09:50:14,$ 3359.74,100
129,09:50:14,$ 3359.97,100
130,09:50:13,$ 3359.50,100
131,09:50:10,$ 3359.72,100
132,09:50:10,$ 3360.00,101
133,09:50:08,$ 3360.00,100
134,09:50:08,$ 3360.67,100
135,09:50:08,$ 3360.65,100
136,09:50:08,$ 3360.77,100
137,09:50:03,$ 3361.105,100
138,09:50:00,$ 3360.57,100
139,09:49:54,$ 3360.71,100
140,09:49:52,$ 3360.26,100
141,09:49:52,$ 3360.00,100
142,09:49:52,$ 3360.01,100
143,09:49:52,$ 3360.01,200
144,09:49:45,$ 3360.58,100
145,09:49:44,$ 3360.60,100
146,09:49:37,$ 3362.00,100
148,09:49:37,$ 3362.36,100
149,09:49:37,$ 3362.54,100
150,09:49:34,$ 3363.01,200
151,09:49:27,$ 3362.63,100
152,09:49:26,$ 3362.91,127
153,09:49:15,$ 3364.155,200
154,09:49:15,$ 3364.155,100
155,09:49:02,$ 3364.05,100
156,09:48:30,$ 3362.91,100
157,09:48:30,$ 3362.91,100
158,09:48:30,$ 3362.91,100
159,09:48:30,$ 3362.91,100
160,09:48:17,$ 3362.17,100
161,09:48:05,$ 3361.96,200
162,09:48:01,$ 3363.33,100
163,09:47:51,$ 3364.41,100
164,09:47:47,$ 3364.30,100
165,09:47:40,$ 3363.45,100
166,09:47:40,$ 3363.64,100
167,09:47:40,$ 3363.59,100
169,09:47:40,$ 3363.53,100
170,09:47:40,$ 3364.495,100
171,09:47:40,$ 3364.495,100
172,09:47:36,$ 3364.765,100
173,09:47:35,$ 3364.61,100
174,09:47:33,$ 3364.63,100
175,09:47:28,$ 3365.30,100
176,09:47:19,$ 3366.6037,164
177,09:47:18,$ 3364.60,100
178,09:47:18,$ 3364.60,100
179,09:47:18,$ 3364.09,100
180,09:47:13,$ 3364.71,100
181,09:47:13,$ 3364.29,100
182,09:47:13,$ 3364.29,100
183,09:47:11,$ 3364.73,173
184,09:47:09,$ 3364.96,200
185,09:47:07,$ 3364.94,100
186,09:47:01,$ 3365.47,100
187,09:46:58,$ 3364.96,100
188,09:46:54,$ 3366.4381,129
190,09:46:54,$ 3366.1126,100
191,09:46:54,$ 3365.59,100
192,09:46:50,$ 3363.815,115
193,09:46:39,$ 3362.38,200
194,09:46:33,$ 3362.395,100
195,09:46:28,$ 3362.29,100
196,09:46:23,$ 3360.72,100
197,09:46:23,$ 3360.40,100
198,09:46:23,$ 3360.04,100
199,09:46:22,$ 3360.35,200
200,09:46:22,$ 3360.04,100
201,09:46:22,$ 3360.04,100
202,09:46:22,$ 3360.82,235
203,09:46:22,$ 3360.05,100
204,09:46:22,$ 3360.82,235
205,09:46:15,$ 3360.95,100
206,09:46:09,$ 3360.9999,102
207,09:46:02,$ 3361.00,100
208,09:46:02,$ 3361.00,100
209,09:46:01,$ 3360.94,100
211,09:45:58,$ 3360.50,100
212,09:45:58,$ 3360.50,100
213,09:45:51,$ 3361.445,100
214,09:45:50,$ 3361.44,100
215,09:45:50,$ 3361.44,100
216,09:45:50,$ 3361.44,100
217,09:45:49,$ 3361.44,100
218,09:45:49,$ 3361.00,100
219,09:45:48,$ 3361.00,100
220,09:45:46,$ 3361.395,100
221,09:45:46,$ 3361.45,100
222,09:45:46,$ 3361.455,120
223,09:45:46,$ 3361.45,100
224,09:45:46,$ 3361.45,100
225,09:45:46,$ 3361.45,216
226,09:45:38,$ 3361.22,111
227,09:45:38,$ 3360.93,100
228,09:45:38,$ 3361.22,112
229,09:45:38,$ 3361.22,242
230,09:45:38,$ 3361.22,100
232,09:45:31,$ 3360.13,100
233,09:45:29,$ 3360.54,100
234,09:45:29,$ 3360.54,100
235,09:45:29,$ 3360.54,100
236,09:45:28,$ 3360.61,100
237,09:45:20,$ 3361.98,100
238,09:45:18,$ 3361.8198,100
239,09:45:07,$ 3363.0799,100
240,09:45:05,$ 3363.23,100
241,09:45:04,$ 3364.46,100
242,09:45:02,$ 3361.05,200
243,09:45:02,$ 3364.00,100
244,09:45:02,$ 3363.37,100
245,09:45:02,$ 3363.61,100
246,09:45:01,$ 3362.62,100
247,09:45:01,$ 3362.57,100
248,09:45:01,$ 3361.99,100
249,09:45:01,$ 3361.99,100
250,09:45:00,$ 3360.93,100
251,09:45:00,$ 3360.93,100
253,09:44:55,$ 3360.9198,100
254,09:44:54,$ 3360.00,100
255,09:44:46,$ 3359.4438,275
256,09:44:46,$ 3360.93,100
257,09:44:44,$ 3359.19,100
258,09:44:40,$ 3359.65,100
259,09:44:38,$ 3361.09,"1,000"
260,09:44:36,$ 3360.54,100
261,09:44:36,$ 3360.49,100
262,09:44:34,$ 3360.87,100
263,09:44:32,$ 3359.85,100
264,09:44:32,$ 3360.00,200
265,09:44:25,$ 3360.83,100
266,09:44:23,$ 3359.875,200
267,09:44:11,$ 3358.00,100
268,09:44:11,$ 3358.00,100
269,09:44:11,$ 3358.00,132
270,09:44:11,$ 3358.00,194
271,09:44:08,$ 3358.5454,300
272,09:44:07,$ 3359.00,100
274,09:44:07,$ 3359.00,100
275,09:44:07,$ 3359.08,100
276,09:44:07,$ 3359.28,100
277,09:44:06,$ 3360.00,100
278,09:44:06,$ 3360.00,100
279,09:44:06,$ 3360.32,100
280,09:44:06,$ 3360.32,100
281,09:44:06,$ 3360.24,100
282,09:43:50,$ 3361.6304,100
283,09:43:48,$ 3361.295,100
284,09:43:42,$ 3361.7232,100
285,09:43:35,$ 3361.90,100
286,09:43:34,$ 3361.11,100
287,09:43:24,$ 3360.98,100
288,09:43:21,$ 3360.00,100
289,09:43:15,$ 3359.11,100
290,09:43:15,$ 3359.36,100
291,09:43:15,$ 3360.00,100
292,09:43:15,$ 3360.00,140
293,09:43:15,$ 3360.00,100
295,09:43:15,$ 3360.10,100
296,09:43:15,$ 3360.12,100
297,09:43:10,$ 3361.28,100
298,09:43:06,$ 3360.70,100
299,09:43:05,$ 3361.2301,200
300,09:43:05,$ 3361.56,100
301,09:43:01,$ 3360.88,100
302,09:43:01,$ 3361.15,100
303,09:43:01,$ 3360.82,100
304,09:43:01,$ 3361.00,100
305,09:42:58,$ 3360.50,100
306,09:42:58,$ 3360.51,100
307,09:42:57,$ 3360.51,100
308,09:42:57,$ 3360.51,100
309,09:42:55,$ 3360.42,100
310,09:42:48,$ 3360.49,100
311,09:42:48,$ 3360.54,100
312,09:42:45,$ 3360.64,100
313,09:42:43,$ 3360.65,100
314,09:42:14,$ 3361.56,100
316,09:42:14,$ 3361.56,100
317,09:42:09,$ 3362.37,400
318,09:42:08,$ 3362.375,100
319,09:42:06,$ 3362.39,100
320,09:41:53,$ 3362.96,100
321,09:41:53,$ 3362.94,100
322,09:41:53,$ 3363.00,100
323,09:41:51,$ 3361.97,100
324,09:41:51,$ 3361.93,100
325,09:41:51,$ 3361.93,100
326,09:41:51,$ 3361.63,100
327,09:41:41,$ 3362.38,100
328,09:41:41,$ 3361.17,100
329,09:41:41,$ 3361.12,109
330,09:41:41,$ 3361.12,100
331,09:41:40,$ 3361.17,100
332,09:41:38,$ 3361.37,100
333,09:41:35,$ 3361.70,100
334,09:41:31,$ 3362.625,100
335,09:41:27,$ 3362.97,100
337,09:41:22,$ 3361.57,100
338,09:41:22,$ 3362.92,100
339,09:41:22,$ 3361.67,100
340,09:41:22,$ 3361.67,100
341,09:41:22,$ 3361.67,100
342,09:41:22,$ 3361.58,100
343,09:41:22,$ 3361.67,100
344,09:41:22,$ 3361.67,100
345,09:41:21,$ 3360.66,123
346,09:41:21,$ 3360.74,100
347,09:41:18,$ 3361.00,224
348,09:41:18,$ 3361.00,123
349,09:41:18,$ 3361.00,123
350,09:41:14,$ 3361.40,100
351,09:41:10,$ 3361.40,100
352,09:41:09,$ 3360.95,100
353,09:41:06,$ 3361.23,100
354,09:41:03,$ 3362.79,100
355,09:41:01,$ 3362.00,315
356,09:41:01,$ 3361.82,100
358,09:40:58,$ 3362.30,100
359,09:40:52,$ 3362.96,100
360,09:40:52,$ 3362.97,100
361,09:40:52,$ 3363.00,100
362,09:40:42,$ 3362.635,100
363,09:40:41,$ 3363.29,100
364,09:40:41,$ 3362.66,100
365,09:40:41,$ 3363.31,100
366,09:40:41,$ 3363.32,100
367,09:40:40,$ 3362.50,100
368,09:40:40,$ 3362.08,100
369,09:40:40,$ 3363.00,406
370,09:40:39,$ 3362.51,200
371,09:40:38,$ 3363.58,100
372,09:40:36,$ 3363.035,100
373,09:40:33,$ 3362.795,100
374,09:40:29,$ 3363.11,100
375,09:40:29,$ 3363.87,100
376,09:40:29,$ 3363.70,100
377,09:40:29,$ 3363.695,100
379,09:40:28,$ 3363.885,100
380,09:40:26,$ 3364.27,100
381,09:40:26,$ 3364.27,100
382,09:40:26,$ 3364.27,100
383,09:40:22,$ 3364.00,100
384,09:40:21,$ 3363.86,100
385,09:40:20,$ 3363.00,100
386,09:40:20,$ 3363.00,100
387,09:40:17,$ 3363.8499,100
388,09:40:14,$ 3363.26,100
389,09:39:44,$ 3366.00,111
390,09:39:44,$ 3366.79,100
391,09:39:43,$ 3366.185,100
392,09:39:42,$ 3366.28,100
393,09:39:40,$ 3367.00,100
394,09:39:40,$ 3366.50,100
395,09:39:40,$ 3367.00,331
396,09:39:40,$ 3367.00,100
397,09:39:37,$ 3368.08,100
398,09:39:28,$ 3368.63,100
400,09:39:09,$ 3367.935,100
401,09:39:05,$ 3367.85,100
402,09:39:05,$ 3367.765,100
403,09:38:58,$ 3367.46,100
404,09:38:55,$ 3368.1477,100
405,09:38:38,$ 3368.00,100
406,09:38:38,$ 3368.00,100
407,09:38:38,$ 3368.00,100
408,09:38:30,$ 3367.095,100
409,09:38:25,$ 3366.32,100
410,09:38:25,$ 3366.56,100
411,09:38:22,$ 3366.86,100
412,09:38:22,$ 3366.78,100
413,09:38:22,$ 3366.82,100
414,09:38:21,$ 3366.84,100
415,09:38:21,$ 3368.00,200
416,09:38:20,$ 3367.31,100
417,09:38:17,$ 3368.38,100
418,09:38:06,$ 3369.60,100
419,09:37:58,$ 3370.00,109
421,09:37:58,$ 3369.99,100
422,09:37:58,$ 3369.99,100
423,09:37:58,$ 3369.99,100
424,09:37:58,$ 3370.00,100
425,09:37:48,$ 3368.99,100
426,09:37:44,$ 3368.245,100
427,09:37:43,$ 3368.15,100
428,09:37:43,$ 3368.13,100
429,09:37:38,$ 3369.05,100
430,09:37:26,$ 3369.035,150
431,09:37:21,$ 3369.00,100
432,09:36:56,$ 3370.5025,100
433,09:36:56,$ 3370.00,490
434,09:36:56,$ 3370.49,100
435,09:36:56,$ 3370.49,100
436,09:36:56,$ 3370.35,100
437,09:36:56,$ 3370.69,100
438,09:36:54,$ 3372.00,100
439,09:36:52,$ 3371.28,100
440,09:36:51,$ 3372.11,100
442,09:36:51,$ 3372.11,100
443,09:36:51,$ 3371.95,100
444,09:36:46,$ 3371.29,100
445,09:36:46,$ 3371.36,400
446,09:36:45,$ 3371.285,100
447,09:36:45,$ 3372.11,100
448,09:36:42,$ 3370.83,100
449,09:36:40,$ 3372.00,100
450,09:36:40,$ 3371.36,100
451,09:36:40,$ 3371.36,100
452,09:36:40,$ 3370.49,100
453,09:36:36,$ 3370.685,200
454,09:36:35,$ 3370.02,100
455,09:36:25,$ 3370.74,100
456,09:36:06,$ 3369.11,100
457,09:36:05,$ 3370.47,400
458,09:36:01,$ 3370.47,100
459,09:36:00,$ 3370.36,100
460,09:35:59,$ 3369.11,100
461,09:35:59,$ 3369.11,157
463,09:35:50,$ 3368.12,100
464,09:35:50,$ 3368.00,385
465,09:35:50,$ 3368.00,102
466,09:35:49,$ 3368.51,100
467,09:35:47,$ 3368.85,100
468,09:35:46,$ 3370.7207,100
469,09:35:44,$ 3370.14,100
470,09:35:43,$ 3371.00,100
471,09:35:42,$ 3370.935,100
472,09:35:38,$ 3370.73,100
473,09:35:37,$ 3370.73,100
474,09:35:36,$ 3372.01,400
475,09:35:36,$ 3372.01,100
476,09:35:36,$ 3372.01,100
477,09:35:36,$ 3372.01,100
478,09:35:35,$ 3370.825,100
479,09:35:35,$ 3371.50,100
480,09:35:35,$ 3371.01,100
481,09:35:35,$ 3371.01,100
482,09:35:35,$ 3371.01,100
484,09:35:18,$ 3371.44,100
485,09:35:18,$ 3369.75,100
486,09:35:04,$ 3370.50,100
487,09:35:04,$ 3370.55,100
488,09:35:04,$ 3370.7125,100
489,09:34:59,$ 3368.655,100
490,09:34:58,$ 3369.9999,100
491,09:34:55,$ 3370.00,100
492,09:34:55,$ 3370.00,100
493,09:34:55,$ 3369.74,100
494,09:34:54,$ 3368.655,150
495,09:34:54,$ 3368.665,600
496,09:34:52,$ 3368.00,100
497,09:34:52,$ 3366.825,100
498,09:34:47,$ 3366.99,100
499,09:34:36,$ 3365.83,100
500,09:34:36,$ 3364.30,100
501,09:34:36,$ 3364.30,100
502,09:34:36,$ 3364.30,120
503,09:34:28,$ 3363.905,135
505,09:34:27,$ 3363.905,100
506,09:34:25,$ 3362.51,100
507,09:34:24,$ 3363.56,100
508,09:34:12,$ 3362.79,100
509,09:34:12,$ 3364.05,200
510,09:34:09,$ 3362.62,100
511,09:34:00,$ 3364.92,"1,000"
512,09:33:59,$ 3364.565,100
513,09:33:58,$ 3364.92,100
514,09:33:55,$ 3364.91,100
515,09:33:55,$ 3364.91,100
516,09:33:55,$ 3364.92,100
517,09:33:54,$ 3364.95,100
518,09:33:53,$ 3364.86,100
519,09:33:53,$ 3364.86,100
520,09:33:46,$ 3363.175,100
521,09:33:44,$ 3363.66,100
522,09:33:43,$ 3364.755,100
523,09:33:42,$ 3363.51,100
524,09:33:42,$ 3363.51,100
526,09:33:42,$ 3363.97,100
527,09:33:42,$ 3364.00,100
528,09:33:42,$ 3364.79,100
529,09:33:42,$ 3365.35,100
530,09:33:42,$ 3365.22,100
531,09:33:42,$ 3365.22,100
532,09:33:41,$ 3364.92,100
533,09:33:41,$ 3364.94,100
534,09:33:41,$ 3364.93,100
535,09:33:41,$ 3366.54,400
536,09:33:41,$ 3366.22,100
537,09:33:41,$ 3366.96,100
538,09:33:38,$ 3366.56,100
539,09:33:38,$ 3367.01,100
540,09:33:38,$ 3367.01,100
541,09:33:37,$ 3367.39,250
542,09:33:35,$ 3366.55,100
543,09:33:35,$ 3366.64,100
544,09:33:35,$ 3366.55,100
545,09:33:34,$ 3368.18,100
547,09:33:34,$ 3367.49,100
548,09:33:34,$ 3368.53,100
549,09:33:32,$ 3368.615,100
550,09:33:32,$ 3368.575,100
551,09:33:32,$ 3368.775,100
552,09:33:32,$ 3369.00,100
553,09:33:32,$ 3369.00,100
554,09:33:32,$ 3369.00,100
555,09:33:32,$ 3369.00,100
556,09:33:23,$ 3368.06,100
557,09:33:23,$ 3368.06,100
558,09:33:19,$ 3368.0599,200
559,09:33:17,$ 3365.98,100
560,09:33:16,$ 3366.02,100
561,09:33:16,$ 3366.67,100
562,09:33:16,$ 3366.62,100
563,09:33:16,$ 3366.67,100
564,09:33:16,$ 3366.63,100
565,09:33:16,$ 3366.63,200
566,09:33:16,$ 3366.85,100
568,09:33:08,$ 3366.76,100
569,09:33:08,$ 3367.04,100
570,09:33:08,$ 3367.18,100
571,09:33:06,$ 3367.79,100
572,09:33:04,$ 3367.09,100
573,09:33:02,$ 3367.25,100
574,09:33:02,$ 3368.805,100
575,09:33:02,$ 3368.85,100
576,09:33:01,$ 3366.99,100
577,09:33:01,$ 3366.26,100
578,09:33:01,$ 3366.59,100
579,09:33:01,$ 3366.60,100
580,09:32:54,$ 3366.1474,100
581,09:32:53,$ 3365.51,100
582,09:32:44,$ 3366.79,100
583,09:32:44,$ 3366.79,100
584,09:32:44,$ 3367.40,100
585,09:32:44,$ 3367.41,100
586,09:32:40,$ 3368.20,200
587,09:32:23,$ 3367.455,200
589,09:31:59,$ 3368.12,100
590,09:31:59,$ 3368.12,100
591,09:31:53,$ 3367.2201,100
592,09:31:49,$ 3367.68,100
593,09:31:38,$ 3369.67,100
594,09:31:38,$ 3369.67,100
595,09:31:33,$ 3369.28,100
596,09:31:33,$ 3369.42,100
597,09:31:22,$ 3369.11,100
598,09:31:20,$ 3366.0101,112
599,09:31:16,$ 3366.52,100
600,09:31:16,$ 3366.43,100
601,09:31:16,$ 3366.40,200
602,09:31:16,$ 3366.73,203
603,09:31:16,$ 3367.73,100
604,09:31:16,$ 3367.73,100
605,09:31:16,$ 3367.73,100
606,09:31:15,$ 3368.42,100
607,09:31:10,$ 3369.92,100
608,09:31:10,$ 3369.73,100
610,09:31:10,$ 3369.30,100
611,09:31:03,$ 3369.88,100
612,09:31:03,$ 3367.70,125
613,09:30:56,$ 3368.38,100
614,09:30:56,$ 3368.36,143
615,09:30:56,$ 3368.81,100
616,09:30:56,$ 3368.81,100
617,09:30:52,$ 3370.00,200
618,09:30:47,$ 3368.928,100
619,09:30:39,$ 3368.50,100
620,09:30:38,$ 3369.00,100
621,09:30:38,$ 3368.16,100
622,09:30:38,$ 3369.00,111
623,09:30:37,$ 3369.00,100
624,09:30:37,$ 3369.36,196
625,09:30:37,$ 3370.00,100
626,09:30:36,$ 3370.00,100
627,09:30:36,$ 3370.00,100
628,09:30:36,$ 3370.31,100
629,09:30:36,$ 3370.13,100
631,09:30:34,$ 3370.5199,222
632,09:30:33,$ 3371.67,200
633,09:30:33,$ 3371.93,200
634,09:30:32,$ 3370.00,100
635,09:30:32,$ 3370.00,100
636,09:30:32,$ 3370.00,100
637,09:30:32,$ 3370.00,100
638,09:30:32,$ 3370.14,100
639,09:30:32,$ 3370.00,100
640,09:30:32,$ 3370.00,100
641,09:30:32,$ 3370.00,416
642,09:30:32,$ 3372.11,100
643,09:30:32,$ 3372.11,100
644,09:30:29,$ 3372.1101,100
645,09:30:28,$ 3372.12,100
646,09:30:28,$ 3372.73,200
647,09:30:23,$ 3374.83,100
648,09:30:11,$ 3373.47,100
649,09:30:09,$ 3373.085,200
650,09:30:08,$ 3373.12,100
652,09:30:08,$ 3372.31,100
653,09:30:08,$ 3372.31,112
654,09:30:08,$ 3372.31,456
655,09:30:08,$ 3372.76,100
656,09:30:08,$ 3372.79,100
657,09:30:08,$ 3372.81,100
658,09:30:07,$ 3372.34,100
659,09:30:07,$ 3371.64,100
660,09:30:07,$ 3370.82,100
661,09:30:04,$ 3372.12,100
662,09:30:03,$ 3372.77,136
663,09:30:03,$ 3372.13,100
664,09:30:03,$ 3372.27,100
665,09:30:03,$ 3372.16,100
666,09:30:03,$ 3372.11,100
667,09:30:03,$ 3372.11,119
668,09:30:03,$ 3373.12,100
669,09:30:03,$ 3373.12,256
670,09:30:02,$ 3375.00,7
671,09:30:02,$ 3375.00,5
673,09:30:02,$ 3375.00,3
674,09:30:02,$ 3375.00,1
675,09:30:02,$ 3375.00,3
676,09:30:02,$ 3375.00,3
677,09:30:02,$ 3375.00,2
678,09:30:02,$ 3375.00,15
679,09:30:02,$ 3375.00,7
680,09:30:02,$ 3375.00,8
681,09:30:02,$ 3375.00,1
682,09:30:02,$ 3375.00,1
683,09:30:02,$ 3375.00,50
684,09:30:02,$ 3375.00,5
685,09:30:02,$ 3375.00,5
686,09:30:02,$ 3375.00,2
687,09:30:02,$ 3375.00,30
688,09:30:02,$ 3375.00,5
689,09:30:02,$ 3375.00,10
690,09:30:02,$ 3375.00,16
691,09:30:02,$ 3375.00,2
692,09:30:02,$ 3375.00,2
694,09:30:02,$ 3375.00,1
695,09:30:02,$ 3375.00,2
696,09:30:02,$ 3375.00,1
697,09:30:02,$ 3375.00,2
698,09:30:02,$ 3375.00,1
699,09:30:02,$ 3375.00,1
700,09:30:02,$ 3375.00,1
701,09:30:02,$ 3375.00,4
702,09:30:02,$ 3375.00,1
703,09:30:02,$ 3375.00,1
704,09:30:02,$ 3375.00,1
705,09:30:02,$ 3375.00,2
706,09:30:02,$ 3375.00,1
707,09:30:02,$ 3375.00,1
708,09:30:02,$ 3375.00,1
709,09:30:02,$ 3375.00,3
710,09:30:02,$ 3375.00,1
711,09:30:02,$ 3375.00,1
712,09:30:02,$ 3375.00,1
713,09:30:02,$ 3375.00,1
715,09:30:02,$ 3375.00,2
716,09:30:02,$ 3375.00,26
717,09:30:02,$ 3375.00,1
718,09:30:02,$ 3375.00,1
719,09:30:02,$ 3375.00,1
720,09:30:02,$ 3375.00,1
721,09:30:02,$ 3375.00,2
722,09:30:02,$ 3375.00,1
723,09:30:02,$ 3375.00,2
724,09:30:02,$ 3375.00,1
725,09:30:02,$ 3375.00,1
726,09:30:02,$ 3375.00,1
727,09:30:02,$ 3375.00,43
728,09:30:02,$ 3375.00,2
729,09:30:02,$ 3375.00,2
730,09:30:02,$ 3375.00,4
731,09:30:02,$ 3375.00,2
732,09:30:02,$ 3375.00,1
733,09:30:02,$ 3375.00,2
734,09:30:02,$ 3375.00,1
736,09:30:02,$ 3375.00,3
737,09:30:02,$ 3375.00,1
738,09:30:02,$ 3375.00,1
739,09:30:02,$ 3375.00,2
740,09:30:02,$ 3375.00,3
741,09:30:02,$ 3375.00,1
742,09:30:02,$ 3375.00,2
743,09:30:02,$ 3375.00,1
744,09:30:02,$ 3375.00,3
745,09:30:02,$ 3375.00,1
746,09:30:02,$ 3375.00,1
747,09:30:02,$ 3375.00,1
748,09:30:02,$ 3375.00,1
749,09:30:02,$ 3375.00,4
750,09:30:02,$ 3375.00,21
751,09:30:02,$ 3375.00,1
752,09:30:02,$ 3375.00,205
753,09:30:02,$ 3375.00,1
754,09:30:02,$ 3375.00,2
755,09:30:02,$ 3375.00,1
757,09:30:02,$ 3375.00,1
758,09:30:02,$ 3375.00,2
759,09:30:02,$ 3375.00,2
760,09:30:02,$ 3375.00,1
761,09:30:02,$ 3375.00,30
762,09:30:02,$ 3375.00,10
763,09:30:02,$ 3375.00,30
764,09:30:02,$ 3375.00,4
765,09:30:02,$ 3375.00,207
766,09:30:02,$ 3375.00,10
767,09:30:02,$ 3375.00,36
768,09:30:02,$ 3375.00,10
769,09:30:02,$ 3375.00,1
770,09:30:02,$ 3375.00,2
771,09:30:02,$ 3375.00,1
772,09:30:02,$ 3375.00,30
773,09:30:02,$ 3375.00,30
774,09:30:02,$ 3375.00,1
775,09:30:02,$ 3375.00,7
776,09:30:02,$ 3375.00,1
778,09:30:02,$ 3375.00,5
779,09:30:02,$ 3375.00,2
780,09:30:02,$ 3375.00,5
781,09:30:02,$ 3375.00,3
782,09:30:02,$ 3375.00,5
783,09:30:02,$ 3375.00,1
784,09:30:02,$ 3375.00,3
785,09:30:02,$ 3375.00,4
786,09:30:02,$ 3375.00,30
787,09:30:02,$ 3375.00,2
788,09:30:02,$ 3375.00,1
789,09:30:02,$ 3375.00,1
790,09:30:02,$ 3375.00,9
791,09:30:02,$ 3375.00,25
792,09:30:02,$ 3375.00,4
793,09:30:02,$ 3375.00,10
794,09:30:02,$ 3375.00,15
795,09:30:02,$ 3375.00,1
796,09:30:02,$ 3375.00,8
797,09:30:02,$ 3375.00,416
799,09:30:02,$ 3375.00,5
800,09:30:02,$ 3375.00,1
801,09:30:02,$ 3375.00,8
802,09:30:02,$ 3375.00,2
803,09:30:02,$ 3375.00,3
804,09:30:02,$ 3375.00,1
805,09:30:02,$ 3375.00,5
806,09:30:02,$ 3375.00,1
807,09:30:02,$ 3375.00,2
808,09:30:02,$ 3375.00,50
809,09:30:02,$ 3375.00,90
810,09:30:02,$ 3375.00,1
811,09:30:02,$ 3375.00,4
812,09:30:02,$ 3375.00,1
813,09:30:02,$ 3375.00,195
814,09:30:02,$ 3375.00,3
815,09:30:02,$ 3375.00,5
816,09:30:02,$ 3375.00,2
817,09:30:02,$ 3375.00,1
818,09:30:02,$ 3375.00,2
820,09:30:02,$ 3375.00,2
821,09:30:02,$ 3375.00,1
822,09:30:02,$ 3375.00,5
823,09:30:02,$ 3375.00,2
824,09:30:02,$ 3375.00,5
825,09:30:02,$ 3375.00,3
826,09:30:02,$ 3375.00,1
827,09:30:02,$ 3375.00,1
828,09:30:02,$ 3375.00,1
829,09:30:02,$ 3375.00,1
830,09:30:02,$ 3375.00,3
831,09:30:02,$ 3375.00,1
832,09:30:02,$ 3375.00,3
833,09:30:02,$ 3375.00,4
834,09:30:02,$ 3375.00,2
835,09:30:02,$ 3375.00,1
836,09:30:02,$ 3375.00,1
837,09:30:02,$ 3375.00,3
838,09:30:02,$ 3375.00,1
839,09:30:02,$ 3375.00,3
841,09:30:02,$ 3375.00,2
842,09:30:02,$ 3375.00,1
843,09:30:02,$ 3375.00,2
844,09:30:02,$ 3375.00,3
845,09:30:02,$ 3375.00,1
846,09:30:02,$ 3375.00,5
847,09:30:02,$ 3375.00,3
848,09:30:02,$ 3375.00,8
849,09:30:02,$ 3375.00,1
850,09:30:02,$ 3375.00,6
851,09:30:02,$ 3375.00,2
852,09:30:02,$ 3375.00,2
853,09:30:02,$ 3375.00,1
854,09:30:02,$ 3375.00,7
855,09:30:02,$ 3375.00,1
856,09:30:02,$ 3375.00,2
857,09:30:02,$ 3375.00,2
858,09:30:02,$ 3375.00,1
859,09:30:02,$ 3375.00,1
860,09:30:02,$ 3375.00,3
862,09:30:02,$ 3375.00,1
863,09:30:02,$ 3375.00,6
864,09:30:02,$ 3375.00,2
865,09:30:02,$ 3375.00,1
866,09:30:02,$ 3375.00,1
867,09:30:02,$ 3375.00,5
868,09:30:02,$ 3375.00,5
869,09:30:02,$ 3375.00,1
870,09:30:02,$ 3375.00,1
871,09:30:02,$ 3375.00,1
872,09:30:02,$ 3375.00,1
873,09:30:02,$ 3375.00,5
874,09:30:02,$ 3375.00,5
875,09:30:02,$ 3375.00,1
876,09:30:02,$ 3375.00,1
877,09:30:02,$ 3375.00,2
878,09:30:02,$ 3375.00,1
879,09:30:02,$ 3375.00,7
880,09:30:02,$ 3375.00,12
881,09:30:02,$ 3375.00,1
883,09:30:02,$ 3375.00,1
884,09:30:02,$ 3375.00,1
885,09:30:02,$ 3375.00,3
886,09:30:02,$ 3375.00,1
887,09:30:02,$ 3375.00,1
888,09:30:02,$ 3375.00,1
889,09:30:02,$ 3375.00,5
890,09:30:02,$ 3375.00,1
891,09:30:02,$ 3375.00,3
892,09:30:02,$ 3375.00,3
893,09:30:02,$ 3375.00,1
894,09:30:02,$ 3375.00,4
895,09:30:02,$ 3375.00,3
896,09:30:02,$ 3375.00,1
897,09:30:02,$ 3375.00,9
898,09:30:02,$ 3375.00,3
899,09:30:02,$ 3375.00,3
900,09:30:02,$ 3375.00,2
901,09:30:02,$ 3375.00,1
902,09:30:02,$ 3375.00,12
904,09:30:02,$ 3375.00,1
905,09:30:02,$ 3375.00,131
906,09:30:02,$ 3375.00,2
907,09:30:02,$ 3375.00,3
908,09:30:02,$ 3375.00,10
909,09:30:02,$ 3375.00,46
910,09:30:02,$ 3375.00,1
911,09:30:02,$ 3375.00,2
912,09:30:02,$ 3375.00,5
913,09:30:02,$ 3375.00,3
914,09:30:02,$ 3375.00,1
915,09:30:02,$ 3375.00,1
916,09:30:02,$ 3375.00,1
917,09:30:02,$ 3375.00,25
918,09:30:02,$ 3375.00,9
919,09:30:02,$ 3375.00,1
920,09:30:02,$ 3375.00,3
921,09:30:02,$ 3375.00,1
922,09:30:02,$ 3375.00,2
923,09:30:02,$ 3375.00,3
925,09:30:02,$ 3375.00,1
926,09:30:02,$ 3375.00,5
927,09:30:02,$ 3375.00,8
928,09:30:02,$ 3375.00,3
929,09:30:02,$ 3375.00,1
930,09:30:02,$ 3375.00,1
931,09:30:02,$ 3375.00,1
932,09:30:02,$ 3375.00,5
933,09:30:02,$ 3375.00,10
934,09:30:02,$ 3375.00,4
935,09:30:02,$ 3375.00,3
936,09:30:02,$ 3375.00,1
937,09:30:02,$ 3375.00,1
938,09:30:02,$ 3375.00,1
939,09:30:02,$ 3375.00,15
940,09:30:02,$ 3375.00,1
941,09:30:02,$ 3375.00,4
942,09:30:02,$ 3375.00,20
943,09:30:02,$ 3375.00,1
944,09:30:02,$ 3375.00,8
946,09:30:02,$ 3375.00,1
947,09:30:02,$ 3375.00,2
948,09:30:02,$ 3375.00,2
949,09:30:02,$ 3375.00,30
950,09:30:02,$ 3375.00,60
951,09:30:02,$ 3375.00,3
952,09:30:02,$ 3375.00,2
953,09:30:02,$ 3375.00,2
954,09:30:02,$ 3375.00,5
955,09:30:02,$ 3375.00,2
956,09:30:02,$ 3375.00,1
957,09:30:02,$ 3375.00,2
958,09:30:02,$ 3375.00,1
959,09:30:02,$ 3375.00,2
960,09:30:02,$ 3375.00,29
961,09:30:02,$ 3375.00,1
962,09:30:02,$ 3375.00,1
963,09:30:02,$ 3375.00,3
964,09:30:02,$ 3375.00,1
965,09:30:02,$ 3375.00,1
967,09:30:02,$ 3375.00,2
968,09:30:02,$ 3375.00,12
969,09:30:02,$ 3375.00,1
970,09:30:02,$ 3375.00,1
971,09:30:02,$ 3375.00,1
972,09:30:02,$ 3375.00,3
973,09:30:02,$ 3375.00,1
974,09:30:02,$ 3375.00,1
975,09:30:02,$ 3375.00,8
976,09:30:02,$ 3375.00,10
977,09:30:02,$ 3375.00,3
978,09:30:02,$ 3375.00,33
979,09:30:02,$ 3375.00,17
980,09:30:02,$ 3375.00,1
981,09:30:02,$ 3375.00,3
982,09:30:02,$ 3375.00,1
983,09:30:02,$ 3375.00,2
984,09:30:02,$ 3375.00,2
985,09:30:02,$ 3375.00,1
986,09:30:02,$ 3375.00,74
988,09:30:02,$ 3375.00,2
989,09:30:02,$ 3375.00,1
990,09:30:02,$ 3375.00,2
991,09:30:02,$ 3375.00,1
992,09:30:02,$ 3375.00,8
993,09:30:02,$ 3375.00,7
994,09:30:02,$ 3375.00,1
995,09:30:02,$ 3375.00,1
996,09:30:02,$ 3375.00,4
997,09:30:02,$ 3375.00,9
998,09:30:02,$ 3375.00,1
999,09:30:02,$ 3375.00,1
1000,09:30:02,$ 3375.00,2
1001,09:30:02,$ 3375.00,1
1002,09:30:02,$ 3375.00,1
1003,09:30:02,$ 3375.00,3
1004,09:30:02,$ 3375.00,1
1005,09:30:02,$ 3375.00,1
1006,09:30:02,$ 3375.00,5
1007,09:30:02,$ 3375.00,148
1009,09:30:02,$ 3375.00,7
1010,09:30:02,$ 3375.00,46
1011,09:30:02,$ 3375.00,60
1012,09:30:02,$ 3375.00,1
1013,09:30:02,$ 3375.00,4
1014,09:30:02,$ 3375.00,5
1015,09:30:02,$ 3375.00,9
1016,09:30:02,$ 3375.00,4
1017,09:30:02,$ 3375.00,1
1018,09:30:02,$ 3375.00,7
1019,09:30:02,$ 3375.00,1
1020,09:30:02,$ 3375.00,2
1021,09:30:02,$ 3375.00,2
1022,09:30:02,$ 3375.00,2
1023,09:30:02,$ 3375.00,2
1024,09:30:02,$ 3375.00,1
1025,09:30:02,$ 3375.00,200
1026,09:30:02,$ 3375.00,7
1027,09:30:02,$ 3375.00,2
1028,09:30:02,$ 3375.00,1
1030,09:30:02,$ 3375.00,2
1031,09:30:02,$ 3375.00,2
1032,09:30:02,$ 3375.00,1
1033,09:30:02,$ 3375.00,1
1034,09:30:02,$ 3375.00,17
1035,09:30:02,$ 3375.00,2
1036,09:30:02,$ 3375.00,36
1037,09:30:02,$ 3375.00,15
1038,09:30:02,$ 3375.00,10
1039,09:30:02,$ 3375.00,3
1040,09:30:02,$ 3375.00,30
1041,09:30:02,$ 3375.00,1
1042,09:30:02,$ 3375.00,20
1043,09:30:02,$ 3375.00,10
1044,09:30:02,$ 3375.00,6
1045,09:30:02,$ 3375.00,30
1046,09:30:02,$ 3375.00,3
1047,09:30:02,$ 3375.00,6
1048,09:30:02,$ 3375.00,2
1049,09:30:02,$ 3375.00,3
1051,09:30:02,$ 3375.00,2
1052,09:30:02,$ 3375.00,487
1053,09:30:02,$ 3375.00,1
1054,09:30:02,$ 3375.00,1
1055,09:30:02,$ 3375.00,2
1056,09:30:02,$ 3375.00,1
1057,09:30:02,$ 3375.00,20
1058,09:30:02,$ 3375.00,1
1059,09:30:02,$ 3375.00,1
1060,09:30:02,$ 3375.00,1
1061,09:30:02,$ 3375.00,2
1062,09:30:02,$ 3375.00,2
1063,09:30:02,$ 3375.00,10
1064,09:30:02,$ 3375.00,1
1065,09:30:02,$ 3375.00,2
1066,09:30:02,$ 3375.00,1
1067,09:30:02,$ 3375.00,1
1068,09:30:02,$ 3375.00,10
1069,09:30:02,$ 3375.00,3
1070,09:30:02,$ 3375.00,53
1072,09:30:02,$ 3375.00,1
1073,09:30:02,$ 3375.00,1
1074,09:30:02,$ 3375.00,1
1075,09:30:02,$ 3375.00,1
1076,09:30:02,$ 3375.00,2
1077,09:30:02,$ 3375.00,3
1078,09:30:02,$ 3375.00,1
1079,09:30:02,$ 3375.00,10
1080,09:30:02,$ 3375.00,1
1081,09:30:02,$ 3375.00,3
1082,09:30:02,$ 3375.00,2
1083,09:30:02,$ 3375.00,1
1084,09:30:02,$ 3375.00,1
1085,09:30:02,$ 3375.00,2
1086,09:30:02,$ 3375.00,1
1087,09:30:02,$ 3375.00,10
1088,09:30:02,$ 3375.00,1
1089,09:30:02,$ 3375.00,3
1090,09:30:02,$ 3375.00,20
1091,09:30:02,$ 3375.00,24
1093,09:30:02,$ 3375.00,1
1094,09:30:02,$ 3375.00,7
1095,09:30:02,$ 3375.00,1
1096,09:30:02,$ 3375.00,1
1097,09:30:02,$ 3375.00,6
1098,09:30:02,$ 3375.00,1
1099,09:30:02,$ 3375.00,5
1100,09:30:02,$ 3375.00,1
1101,09:30:02,$ 3375.00,4
1102,09:30:02,$ 3375.00,10
1103,09:30:02,$ 3375.00,20
1104,09:30:02,$ 3375.00,85
1105,09:30:02,$ 3375.00,20
1106,09:30:02,$ 3375.00,1
1107,09:30:02,$ 3375.00,10
1108,09:30:02,$ 3375.00,12
1109,09:30:02,$ 3375.00,1
1110,09:30:02,$ 3375.00,1
1111,09:30:02,$ 3375.00,1
1112,09:30:02,$ 3375.00,1
1114,09:30:02,$ 3375.00,1
1115,09:30:02,$ 3375.00,1
1116,09:30:02,$ 3375.00,1
1117,09:30:02,$ 3375.00,1
1118,09:30:02,$ 3375.00,1
1119,09:30:02,$ 3375.00,1
1120,09:30:02,$ 3375.00,1
1121,09:30:02,$ 3375.00,1
1122,09:30:02,$ 3375.00,1
1123,09:30:02,$ 3375.00,1
1124,09:30:02,$ 3375.00,1
1125,09:30:02,$ 3375.00,1
1126,09:30:02,$ 3375.00,1
1127,09:30:02,$ 3375.00,1
1128,09:30:02,$ 3375.00,1
1129,09:30:02,$ 3375.00,1
1130,09:30:02,$ 3375.00,1
1131,09:30:02,$ 3375.00,1
1132,09:30:02,$ 3375.00,1
1133,09:30:02,$ 3375.00,1
1135,09:30:02,$ 3375.00,1
1136,09:30:02,$ 3375.00,1
1137,09:30:02,$ 3375.00,1
1138,09:30:02,$ 3375.00,1
1139,09:30:02,$ 3375.00,1
1140,09:30:02,$ 3375.00,1
1141,09:30:02,$ 3375.00,1
1142,09:30:02,$ 3375.00,1
1143,09:30:02,$ 3375.00,1
1144,09:30:02,$ 3375.00,1
1145,09:30:02,$ 3375.00,1
1146,09:30:02,$ 3375.00,1
1147,09:30:02,$ 3375.00,1
1148,09:30:02,$ 3375.00,1
1149,09:30:02,$ 3375.00,3
1150,09:30:02,$ 3375.00,1
1151,09:30:02,$ 3375.00,1
1152,09:30:02,$ 3375.00,1
1153,09:30:02,$ 3375.00,1
1154,09:30:02,$ 3375.00,1
1156,09:30:02,$ 3375.00,1
1157,09:30:02,$ 3375.00,1
1158,09:30:02,$ 3375.00,1
1159,09:30:02,$ 3375.00,1
1160,09:30:02,$ 3375.00,1
1161,09:30:02,$ 3375.00,1
1162,09:30:02,$ 3375.00,1
1163,09:30:02,$ 3375.00,1
1164,09:30:02,$ 3375.00,1
1165,09:30:02,$ 3375.00,1
1166,09:30:02,$ 3375.00,1
1167,09:30:02,$ 3375.00,1
1168,09:30:02,$ 3375.00,1
1169,09:30:02,$ 3375.00,1
1170,09:30:02,$ 3375.00,1
1171,09:30:02,$ 3375.00,1
1172,09:30:02,$ 3375.00,1
1173,09:30:02,$ 3375.00,1
1174,09:30:02,$ 3375.00,1
1175,09:30:02,$ 3375.00,1
1177,09:30:02,$ 3375.00,1
1178,09:30:02,$ 3375.00,1
1179,09:30:02,$ 3375.00,1
1180,09:30:02,$ 3375.00,1
1181,09:30:02,$ 3375.00,1
1182,09:30:02,$ 3375.00,1
1183,09:30:02,$ 3375.00,1
1184,09:30:02,$ 3375.00,1
1185,09:30:02,$ 3375.00,1
1186,09:30:02,$ 3375.00,1
1187,09:30:02,$ 3375.00,1
1188,09:30:02,$ 3375.00,1
1189,09:30:02,$ 3375.00,1
1190,09:30:02,$ 3375.00,1
1191,09:30:02,$ 3375.00,1
1192,09:30:02,$ 3375.00,1
1193,09:30:02,$ 3375.00,1
1194,09:30:02,$ 3375.00,1
1195,09:30:02,$ 3375.00,1
1196,09:30:02,$ 3375.00,1
1198,09:30:02,$ 3375.00,2
1199,09:30:02,$ 3375.00,1
1200,09:30:02,$ 3375.00,2
1201,09:30:02,$ 3375.00,1
1202,09:30:02,$ 3375.00,6
1203,09:30:02,$ 3375.00,1
1204,09:30:02,$ 3375.00,1
1205,09:30:02,$ 3375.00,3
1206,09:30:02,$ 3375.00,4
1207,09:30:02,$ 3375.00,1
1208,09:30:02,$ 3375.00,5
1209,09:30:02,$ 3375.00,15
1210,09:30:02,$ 3375.00,1
1211,09:30:02,$ 3375.00,3
1212,09:30:02,$ 3375.00,12
1213,09:30:02,$ 3375.00,12
1214,09:30:02,$ 3375.00,10
1215,09:30:02,$ 3375.00,4
1216,09:30:02,$ 3375.00,5
1217,09:30:02,$ 3375.00,5
1219,09:30:02,$ 3375.00,5
1220,09:30:02,$ 3375.00,3
1221,09:30:02,$ 3375.00,10
1222,09:30:02,$ 3375.00,2
1223,09:30:02,$ 3375.00,2
1224,09:30:02,$ 3375.00,10
1225,09:30:02,$ 3375.00,2
1226,09:30:02,$ 3375.00,1
1227,09:30:02,$ 3375.00,5
1228,09:30:02,$ 3375.00,2
1229,09:30:02,$ 3375.00,5
1230,09:30:02,$ 3375.00,1
1231,09:30:02,$ 3375.00,5
1232,09:30:02,$ 3375.00,1
1233,09:30:02,$ 3375.00,1
1234,09:30:02,$ 3375.00,1
1235,09:30:02,$ 3375.00,50
1236,09:30:02,$ 3375.00,2
1237,09:30:02,$ 3375.00,2
1238,09:30:02,$ 3375.00,2
1240,09:30:02,$ 3375.00,1
1241,09:30:02,$ 3375.00,100
1242,09:30:02,$ 3375.00,1
1243,09:30:02,$ 3375.00,5
1244,09:30:02,$ 3375.00,3
1245,09:30:02,$ 3375.00,12
1246,09:30:02,$ 3375.00,3
1247,09:30:02,$ 3375.00,5
1248,09:30:02,$ 3375.00,7
1249,09:30:02,$ 3375.00,2
1250,09:30:02,$ 3375.00,1
1251,09:30:02,$ 3375.00,1
1252,09:30:02,$ 3375.00,6
1253,09:30:02,$ 3375.00,10
1254,09:30:02,$ 3375.00,5
1255,09:30:02,$ 3375.00,8
1256,09:30:02,$ 3375.00,3
1257,09:30:02,$ 3375.00,45
1258,09:30:02,$ 3375.00,3
1259,09:30:02,$ 3375.00,3
1261,09:30:02,$ 3375.00,1
1262,09:30:02,$ 3375.00,2
1263,09:30:02,$ 3375.00,2
1264,09:30:02,$ 3375.00,7
1265,09:30:02,$ 3375.00,1
1266,09:30:02,$ 3375.00,1
1267,09:30:02,$ 3375.00,1
1268,09:30:02,$ 3375.00,8
1269,09:30:02,$ 3375.00,14
1270,09:30:02,$ 3375.00,1
1271,09:30:02,$ 3375.00,1
1272,09:30:02,$ 3375.00,1
1273,09:30:02,$ 3375.00,1
1274,09:30:02,$ 3375.00,1
1275,09:30:02,$ 3375.00,1
1276,09:30:02,$ 3375.00,1
1277,09:30:02,$ 3375.00,1
1278,09:30:02,$ 3375.00,1
1279,09:30:02,$ 3375.00,1
1280,09:30:02,$ 3375.00,1
1282,09:30:02,$ 3375.00,1
1283,09:30:02,$ 3375.00,1
1284,09:30:02,$ 3375.00,1
1285,09:30:02,$ 3375.00,1
1286,09:30:02,$ 3375.00,1
1287,09:30:02,$ 3375.00,1
1288,09:30:02,$ 3375.00,1
1289,09:30:02,$ 3375.00,1
1290,09:30:02,$ 3375.00,1
1291,09:30:02,$ 3375.00,1
1292,09:30:02,$ 3375.00,1
1293,09:30:02,$ 3375.00,1
1294,09:30:02,$ 3375.00,1
1295,09:30:02,$ 3375.00,1
1296,09:30:02,$ 3375.00,1
1297,09:30:02,$ 3375.00,1
1298,09:30:02,$ 3375.00,1
1299,09:30:02,$ 3375.00,1
1300,09:30:02,$ 3375.00,1
1301,09:30:02,$ 3375.00,1
1303,09:30:02,$ 3375.00,1
1304,09:30:02,$ 3375.00,1
1305,09:30:02,$ 3375.00,1
1306,09:30:02,$ 3375.00,1
1307,09:30:02,$ 3375.00,1
1308,09:30:02,$ 3375.00,1
1309,09:30:02,$ 3375.00,1
1310,09:30:02,$ 3375.00,1
1311,09:30:02,$ 3375.00,1
1312,09:30:02,$ 3375.00,1
1313,09:30:02,$ 3375.00,1
1314,09:30:02,$ 3375.00,1
1315,09:30:02,$ 3375.00,1
1316,09:30:02,$ 3375.00,1
1317,09:30:02,$ 3375.00,1
1318,09:30:02,$ 3375.00,1
1319,09:30:02,$ 3375.00,1
1320,09:30:02,$ 3375.00,1
1321,09:30:02,$ 3375.00,1
1322,09:30:02,$ 3375.00,1
1324,09:30:02,$ 3375.00,1
1325,09:30:02,$ 3375.00,1
1326,09:30:02,$ 3375.00,1
1327,09:30:02,$ 3375.00,1
1328,09:30:02,$ 3375.00,1
1329,09:30:02,$ 3375.00,1
1330,09:30:02,$ 3375.00,1
1331,09:30:02,$ 3375.00,1
1332,09:30:02,$ 3375.00,1
1333,09:30:02,$ 3375.00,1
1334,09:30:02,$ 3375.00,1
1335,09:30:02,$ 3375.00,1
1336,09:30:02,$ 3375.00,1
1337,09:30:02,$ 3375.00,1
1338,09:30:02,$ 3375.00,1
1339,09:30:02,$ 3375.00,1
1340,09:30:02,$ 3375.00,1
1341,09:30:02,$ 3375.00,1
1342,09:30:02,$ 3375.00,1
1343,09:30:02,$ 3375.00,1
1345,09:30:02,$ 3375.00,1
1346,09:30:02,$ 3375.00,1
1347,09:30:02,$ 3375.00,1
1348,09:30:02,$ 3375.00,2
1349,09:30:02,$ 3375.00,1
1350,09:30:02,$ 3375.00,1
1351,09:30:02,$ 3375.00,1
1352,09:30:02,$ 3375.00,1
1353,09:30:02,$ 3375.00,1
1354,09:30:02,$ 3375.00,1
1355,09:30:02,$ 3375.00,1
1356,09:30:02,$ 3375.00,1
1357,09:30:02,$ 3375.00,1
1358,09:30:02,$ 3375.00,1
1359,09:30:02,$ 3375.00,1
1360,09:30:02,$ 3375.00,1
1361,09:30:02,$ 3375.00,1
1362,09:30:02,$ 3375.00,1
1363,09:30:02,$ 3375.00,1
1364,09:30:02,$ 3375.00,1
1366,09:30:02,$ 3375.00,1
1367,09:30:02,$ 3375.00,1
1368,09:30:02,$ 3375.00,1
1369,09:30:02,$ 3375.00,1
1370,09:30:02,$ 3375.00,1
1371,09:30:02,$ 3375.00,1
1372,09:30:02,$ 3375.00,1
1373,09:30:02,$ 3375.00,1
1374,09:30:02,$ 3375.00,1
1375,09:30:02,$ 3375.00,1
1376,09:30:02,$ 3375.00,1
1377,09:30:02,$ 3375.00,1
1378,09:30:02,$ 3375.00,1
1379,09:30:02,$ 3375.00,1
1380,09:30:02,$ 3375.00,1
1381,09:30:02,$ 3375.00,1
1382,09:30:02,$ 3375.00,1
1383,09:30:02,$ 3375.00,1
1384,09:30:02,$ 3375.00,1
1385,09:30:02,$ 3375.00,1
1387,09:30:02,$ 3375.00,1
1388,09:30:02,$ 3375.00,1
1389,09:30:02,$ 3375.00,1
1390,09:30:02,$ 3375.00,1
1391,09:30:02,$ 3375.00,1
1392,09:30:02,$ 3375.00,1
1393,09:30:02,$ 3375.00,8
1394,09:30:02,$ 3375.00,34
1395,09:30:02,$ 3375.00,1
1396,09:30:02,$ 3375.00,1
1397,09:30:02,$ 3375.00,1
1398,09:30:02,$ 3375.00,1
1399,09:30:02,$ 3375.00,2
1400,09:30:02,$ 3375.00,1
1401,09:30:02,$ 3375.00,1
1402,09:30:02,$ 3375.00,17
1403,09:30:02,$ 3375.00,1
1404,09:30:02,$ 3375.00,3
1405,09:30:02,$ 3375.00,2
1406,09:30:02,$ 3375.00,2
1408,09:30:02,$ 3375.00,4
1409,09:30:02,$ 3375.00,1
1410,09:30:02,$ 3375.00,1
1411,09:30:02,$ 3375.00,1
1412,09:30:02,$ 3375.00,20
1413,09:30:02,$ 3375.00,1
1414,09:30:02,$ 3375.00,3
1415,09:30:02,$ 3375.00,610
1416,09:30:02,$ 3375.00,28
1417,09:30:02,$ 3375.00,4
1418,09:30:02,$ 3375.00,20
1419,09:30:02,$ 3375.00,1
1420,09:30:02,$ 3375.00,17
1421,09:30:02,$ 3375.00,5
1422,09:30:02,$ 3375.00,1
1423,09:30:02,$ 3375.00,5
1424,09:30:02,$ 3375.00,1
1425,09:30:02,$ 3375.00,1
1426,09:30:02,$ 3375.00,1
1427,09:30:02,$ 3375.00,5
1429,09:30:02,$ 3375.00,4
1430,09:30:02,$ 3375.00,3
1431,09:30:02,$ 3375.00,5
1432,09:30:02,$ 3375.00,1
1433,09:30:02,$ 3375.00,5
1434,09:30:02,$ 3375.00,1
1435,09:30:02,$ 3375.00,1
1436,09:30:02,$ 3375.00,1
1437,09:30:02,$ 3375.00,4
1438,09:30:02,$ 3375.00,6
1439,09:30:02,$ 3375.00,1
1440,09:30:02,$ 3375.00,5
1441,09:30:02,$ 3375.00,1
1442,09:30:02,$ 3375.00,1
1443,09:30:02,$ 3375.00,7
1444,09:30:02,$ 3375.00,3
1445,09:30:02,$ 3375.00,4
1446,09:30:02,$ 3375.00,2
1447,09:30:02,$ 3375.00,1
1448,09:30:02,$ 3375.00,2
1450,09:30:02,$ 3375.00,5
1451,09:30:02,$ 3375.00,1
1452,09:30:02,$ 3375.00,1
1453,09:30:02,$ 3375.00,1
1454,09:30:02,$ 3375.00,10
1455,09:30:02,$ 3375.00,5
1456,09:30:02,$ 3375.00,1
1457,09:30:02,$ 3375.00,5
1458,09:30:02,$ 3375.00,2
1459,09:30:02,$ 3375.00,5
1460,09:30:02,$ 3375.00,10
1461,09:30:02,$ 3375.00,6
1462,09:30:02,$ 3375.00,1
1463,09:30:02,$ 3375.00,10
1464,09:30:02,$ 3375.00,1
1465,09:30:02,$ 3375.00,5
1466,09:30:02,$ 3375.00,2
1467,09:30:02,$ 3375.00,4
1468,09:30:02,$ 3375.00,3
1469,09:30:02,$ 3375.00,1
1471,09:30:02,$ 3375.00,6
1472,09:30:02,$ 3375.00,1
1473,09:30:02,$ 3375.00,3
1474,09:30:02,$ 3375.00,3
1475,09:30:02,$ 3375.00,1
1476,09:30:02,$ 3375.00,1
1477,09:30:02,$ 3375.00,1
1478,09:30:02,$ 3375.00,10
1479,09:30:02,$ 3375.00,10
1480,09:30:02,$ 3375.00,1
1481,09:30:02,$ 3375.00,1
1482,09:30:02,$ 3375.00,1
1483,09:30:02,$ 3375.00,5
1484,09:30:02,$ 3375.00,1
1485,09:30:02,$ 3375.00,9
1486,09:30:02,$ 3375.00,2
1487,09:30:02,$ 3375.00,12
1488,09:30:02,$ 3375.00,2
1489,09:30:02,$ 3375.00,1
1490,09:30:02,$ 3375.00,1
1492,09:30:02,$ 3375.00,1
1493,09:30:02,$ 3375.00,5
1494,09:30:02,$ 3375.00,1
1495,09:30:02,$ 3375.00,7
1496,09:30:02,$ 3375.00,1
1497,09:30:02,$ 3375.00,7
1498,09:30:02,$ 3375.00,1
1499,09:30:02,$ 3375.00,3
1500,09:30:02,$ 3375.00,1
1501,09:30:02,$ 3375.00,1
1502,09:30:02,$ 3375.00,1
1503,09:30:02,$ 3375.00,1
1504,09:30:02,$ 3375.00,1
1505,09:30:02,$ 3375.00,2
1506,09:30:02,$ 3375.00,1
1507,09:30:02,$ 3375.00,1
1508,09:30:02,$ 3375.00,1
1509,09:30:02,$ 3375.00,2
1510,09:30:02,$ 3375.00,1
1511,09:30:02,$ 3375.00,1
1513,09:30:02,$ 3375.00,1
1514,09:30:02,$ 3375.00,4
1515,09:30:02,$ 3375.00,1
1516,09:30:02,$ 3375.00,210
1517,09:30:02,$ 3375.00,1
1518,09:30:02,$ 3375.00,2
1519,09:30:02,$ 3375.00,1
1520,09:30:02,$ 3375.00,1
1521,09:30:02,$ 3375.00,3
1522,09:30:02,$ 3375.00,2
1523,09:30:02,$ 3375.00,3
1524,09:30:02,$ 3375.00,2
1525,09:30:02,$ 3375.00,4
1526,09:30:02,$ 3375.00,6
1527,09:30:02,$ 3375.00,6
1528,09:30:02,$ 3375.00,10
1529,09:30:02,$ 3375.00,4
1530,09:30:02,$ 3375.00,1
1531,09:30:02,$ 3375.00,42
1532,09:30:02,$ 3375.00,15
1534,09:30:02,$ 3375.00,10
1535,09:30:02,$ 3375.00,4
1536,09:30:02,$ 3375.00,15
1537,09:30:02,$ 3375.00,15
1538,09:30:02,$ 3375.00,3
1539,09:30:02,$ 3375.00,2
1540,09:30:02,$ 3375.00,57
1541,09:30:02,$ 3375.00,10
1542,09:30:02,$ 3375.00,32
1543,09:30:02,$ 3375.00,2
1544,09:30:02,$ 3375.00,10
1545,09:30:02,$ 3375.00,30
1546,09:30:02,$ 3375.00,30
1547,09:30:02,$ 3375.00,5
1548,09:30:02,$ 3375.00,10
1549,09:30:02,$ 3375.00,5
1550,09:30:02,$ 3375.00,14
1551,09:30:02,$ 3375.00,9
1552,09:30:02,$ 3375.00,3
1553,09:30:02,$ 3375.00,30
1555,09:30:02,$ 3375.00,30
1556,09:30:02,$ 3375.00,200
1557,09:30:02,$ 3375.00,500
1558,09:30:02,$ 3375.00,8
1559,09:30:02,$ 3375.00,25
1560,09:30:02,$ 3375.00,1
1561,09:30:02,$ 3375.00,11
1562,09:30:02,$ 3375.00,1
1563,09:30:02,$ 3375.00,4
1564,09:30:02,$ 3375.00,20
1565,09:30:02,$ 3375.00,5
1566,09:30:02,$ 3375.00,10
1567,09:30:02,$ 3375.00,10
1568,09:30:02,$ 3375.00,33
1569,09:30:02,$ 3375.00,2
1570,09:30:02,$ 3375.00,4
1571,09:30:02,$ 3375.00,2
1572,09:30:02,$ 3375.00,10
1573,09:30:02,$ 3375.00,10
1574,09:30:02,$ 3375.00,20
1576,09:30:02,$ 3375.00,1
1577,09:30:02,$ 3375.00,130
1578,09:30:02,$ 3375.00,10
1579,09:30:02,$ 3375.00,39
1580,09:30:02,$ 3375.00,1
1581,09:30:02,$ 3375.00,2
1582,09:30:02,$ 3375.00,41
1583,09:30:02,$ 3375.00,1
1584,09:30:02,$ 3375.00,5
1585,09:30:02,$ 3375.00,2
1586,09:30:02,$ 3375.00,1
1587,09:30:02,$ 3375.00,14
1588,09:30:02,$ 3375.00,2
1589,09:30:02,$ 3375.00,74
1590,09:30:02,$ 3375.00,2
1591,09:30:02,$ 3375.00,5
1592,09:30:02,$ 3375.00,1
1593,09:30:02,$ 3375.00,60
1594,09:30:02,$ 3375.00,7
1595,09:30:02,$ 3375.00,1
1597,09:30:02,$ 3375.00,3
1598,09:30:02,$ 3375.00,3
1599,09:30:02,$ 3375.00,1
1600,09:30:02,$ 3375.00,30
1601,09:30:02,$ 3375.00,34
1602,09:30:02,$ 3375.00,5
1603,09:30:02,$ 3375.00,10
1604,09:30:02,$ 3375.00,30
1605,09:30:02,$ 3375.00,10
1606,09:30:02,$ 3375.00,3
1607,09:30:02,$ 3375.00,100
1608,09:30:02,$ 3375.00,5
1609,09:30:02,$ 3375.00,5
1610,09:30:02,$ 3375.00,3
1611,09:30:02,$ 3375.00,9
1612,09:30:02,$ 3375.00,9
1613,09:30:02,$ 3375.00,3
1614,09:30:02,$ 3375.00,1
1615,09:30:02,$ 3375.00,12
1616,09:30:02,$ 3375.00,2
1618,09:30:02,$ 3375.00,1
1619,09:30:02,$ 3375.00,29
1620,09:30:02,$ 3375.00,12
1621,09:30:02,$ 3375.00,2
1622,09:30:02,$ 3375.00,7
1623,09:30:02,$ 3375.00,55
1624,09:30:02,$ 3375.00,8
1625,09:30:02,$ 3375.00,6
1626,09:30:02,$ 3375.00,2
1627,09:30:02,$ 3375.00,2
1628,09:30:02,$ 3375.00,1
1629,09:30:02,$ 3375.00,3
1630,09:30:02,$ 3375.00,2
1631,09:30:02,$ 3375.00,3
1632,09:30:02,$ 3375.00,2
1633,09:30:02,$ 3375.00,1
1634,09:30:02,$ 3375.00,1
1635,09:30:02,$ 3375.00,3
1636,09:30:02,$ 3375.00,5
1637,09:30:02,$ 3375.00,3
1639,09:30:02,$ 3375.00,3
1640,09:30:02,$ 3375.00,1
1641,09:30:02,$ 3375.00,81
1642,09:30:02,$ 3375.00,10
1643,09:30:02,$ 3375.00,3
1644,09:30:02,$ 3375.00,8
1645,09:30:02,$ 3375.00,1
1646,09:30:02,$ 3375.00,1
1647,09:30:02,$ 3375.00,1
1648,09:30:02,$ 3375.00,45
1649,09:30:02,$ 3375.00,6
1650,09:30:02,$ 3375.00,5
1651,09:30:02,$ 3375.00,46
1652,09:30:02,$ 3375.00,1
1653,09:30:02,$ 3375.00,1
1654,09:30:02,$ 3375.00,2
1655,09:30:02,$ 3375.00,2
1656,09:30:02,$ 3375.00,3
1657,09:30:02,$ 3375.00,24
1658,09:30:02,$ 3375.00,2
1660,09:30:02,$ 3375.00,3
1661,09:30:02,$ 3375.00,4
1662,09:30:02,$ 3375.00,4
1663,09:30:02,$ 3375.00,9
1664,09:30:02,$ 3375.00,8
1665,09:30:02,$ 3375.00,15
1666,09:30:02,$ 3375.00,19
1667,09:30:02,$ 3375.00,11
1668,09:30:02,$ 3375.00,12
1669,09:30:02,$ 3375.00,35
1670,09:30:02,$ 3375.00,1
1671,09:30:02,$ 3375.00,1
1672,09:30:02,$ 3375.00,1
1673,09:30:02,$ 3375.00,1
1674,09:30:02,$ 3375.00,1
1675,09:30:02,$ 3375.00,2
1676,09:30:02,$ 3375.00,4
1677,09:30:02,$ 3375.00,9
1678,09:30:02,$ 3375.00,7
1679,09:30:02,$ 3375.00,9
1681,09:30:02,$ 3375.00,1
1682,09:30:02,$ 3375.00,3
1683,09:30:02,$ 3375.00,6
1684,09:30:02,$ 3375.00,9
1685,09:30:02,$ 3375.00,9
1686,09:30:02,$ 3375.00,2
1687,09:30:02,$ 3375.00,3
1688,09:30:02,$ 3375.00,12
1689,09:30:02,$ 3375.00,2
1690,09:30:02,$ 3375.00,1
1691,09:30:02,$ 3375.00,1
1692,09:30:02,$ 3375.00,3
1693,09:30:02,$ 3375.00,2
1694,09:30:02,$ 3375.00,1
1695,09:30:02,$ 3375.00,1
1696,09:30:02,$ 3375.00,1
1697,09:30:02,$ 3375.00,1
1698,09:30:02,$ 3375.00,1
1699,09:30:02,$ 3375.00,5
1700,09:30:02,$ 3375.00,367
1702,09:30:02,$ 3375.00,89
1703,09:30:02,$ 3375.00,2
1704,09:30:02,$ 3375.00,1
1705,09:30:02,$ 3375.00,1
1706,09:30:02,$ 3375.00,4
1707,09:30:02,$ 3375.00,2
1708,09:30:02,$ 3375.00,2
1709,09:30:02,$ 3375.00,2
1710,09:30:02,$ 3375.00,1
1711,09:30:02,$ 3375.00,5
1712,09:30:02,$ 3375.00,1
1713,09:30:02,$ 3375.00,22
1714,09:30:02,$ 3375.00,1
1715,09:30:02,$ 3375.00,10
1716,09:30:02,$ 3375.00,5
1717,09:30:02,$ 3375.00,1
1718,09:30:02,$ 3375.00,2
1719,09:30:02,$ 3375.00,2
1720,09:30:02,$ 3375.00,1
1721,09:30:02,$ 3375.00,10
1723,09:30:02,$ 3375.00,3
1724,09:30:02,$ 3375.00,2
1725,09:30:02,$ 3375.00,4
1726,09:30:02,$ 3375.00,5
1727,09:30:02,$ 3375.00,1
1728,09:30:02,$ 3375.00,1
1729,09:30:02,$ 3375.00,2
1730,09:30:02,$ 3375.00,2
1731,09:30:02,$ 3375.00,1
1732,09:30:02,$ 3375.00,9
1733,09:30:02,$ 3375.00,2
1734,09:30:02,$ 3375.00,1
1735,09:30:02,$ 3375.00,1
1736,09:30:02,$ 3375.00,2
1737,09:30:02,$ 3375.00,1
1738,09:30:02,$ 3375.00,6
1739,09:30:02,$ 3375.00,1
1740,09:30:02,$ 3375.00,1
1741,09:30:02,$ 3375.00,2
1742,09:30:02,$ 3375.00,1
1744,09:30:02,$ 3375.00,1
1745,09:30:02,$ 3375.00,1
1746,09:30:02,$ 3375.00,1
1747,09:30:02,$ 3375.00,3
1748,09:30:02,$ 3375.00,1
1749,09:30:02,$ 3375.00,1
1750,09:30:02,$ 3375.00,1
1751,09:30:02,$ 3375.00,1
1752,09:30:02,$ 3375.00,1
1753,09:30:02,$ 3375.00,1
1754,09:30:02,$ 3375.00,1
1755,09:30:02,$ 3375.00,1
1756,09:30:02,$ 3375.00,1
1757,09:30:02,$ 3375.00,1
1758,09:30:02,$ 3375.00,1
1759,09:30:02,$ 3375.00,1
1760,09:30:02,$ 3375.00,1
1761,09:30:02,$ 3375.00,22
1762,09:30:02,$ 3375.00,34
1763,09:30:02,$ 3375.00,1
1765,09:30:02,$ 3375.00,85
1766,09:30:02,$ 3375.00,4
1767,09:30:02,$ 3375.00,186
1768,09:30:02,$ 3375.00,193
1769,09:30:02,$ 3375.00,10
1770,09:30:02,$ 3375.00,1
1771,09:30:02,$ 3375.00,3
1772,09:30:02,$ 3375.00,4
1773,09:30:02,$ 3375.00,5
1774,09:30:02,$ 3375.00,5
1775,09:30:02,$ 3375.00,14
1776,09:30:02,$ 3375.00,1
1777,09:30:02,$ 3375.00,1
1778,09:30:02,$ 3375.00,20
1779,09:30:02,$ 3375.00,3
1780,09:30:02,$ 3375.00,2
1781,09:30:02,$ 3375.00,1
1782,09:30:02,$ 3375.00,1
1783,09:30:02,$ 3375.00,4
1784,09:30:02,$ 3375.00,7
1786,09:30:02,$ 3375.00,1
1787,09:30:02,$ 3375.00,1
1788,09:30:02,$ 3375.00,5
1789,09:30:02,$ 3375.00,2
1790,09:30:02,$ 3375.00,5
1791,09:30:02,$ 3375.00,2
1792,09:30:02,$ 3375.00,7
1793,09:30:02,$ 3375.00,1
1794,09:30:02,$ 3375.00,1
1795,09:30:02,$ 3375.00,1
1796,09:30:02,$ 3375.00,1
1797,09:30:02,$ 3375.00,2
1798,09:30:02,$ 3375.00,4
1799,09:30:02,$ 3375.00,7
1800,09:30:02,$ 3375.00,1
1801,09:30:02,$ 3375.00,21
1802,09:30:02,$ 3375.00,5
1803,09:30:02,$ 3375.00,7
1804,09:30:02,$ 3375.00,4
1805,09:30:02,$ 3375.00,3
1807,09:30:02,$ 3375.00,1
1808,09:30:02,$ 3375.00,7
1809,09:30:02,$ 3375.00,7
1810,09:30:02,$ 3375.00,1
1811,09:30:02,$ 3375.00,2
1812,09:30:02,$ 3375.00,1
1813,09:30:02,$ 3375.00,1
1814,09:30:02,$ 3375.00,11
1815,09:30:02,$ 3375.00,1
1816,09:30:02,$ 3375.00,35
1817,09:30:02,$ 3375.00,1
1818,09:30:02,$ 3375.00,1
1819,09:30:02,$ 3375.00,4
1820,09:30:02,$ 3375.00,1
1821,09:30:02,$ 3375.00,5
1822,09:30:02,$ 3375.00,2
1823,09:30:02,$ 3375.00,1
1824,09:30:02,$ 3375.00,7
1825,09:30:02,$ 3375.00,7
1826,09:30:02,$ 3375.00,3
1828,09:30:02,$ 3375.00,3
1829,09:30:02,$ 3375.00,7
1830,09:30:02,$ 3375.00,3
1831,09:30:02,$ 3375.00,1
1832,09:30:02,$ 3375.00,5
1833,09:30:02,$ 3375.00,10
1834,09:30:02,$ 3375.00,1
1835,09:30:02,$ 3375.00,20
1836,09:30:02,$ 3375.00,300
1837,09:30:02,$ 3375.00,1
1838,09:30:02,$ 3375.00,25
1839,09:30:02,$ 3375.00,9
1840,09:30:02,$ 3375.00,"2,000"
1841,09:30:02,$ 3375.00,69
1842,09:30:02,$ 3375.00,7
1843,09:30:02,$ 3375.00,2
1844,09:30:02,$ 3375.00,10
1845,09:30:02,$ 3375.00,12
1846,09:30:02,$ 3375.00,2
1847,09:30:02,$ 3375.00,100
1849,09:30:02,$ 3375.00,107
1850,09:30:02,$ 3375.00,100
1851,09:30:02,$ 3375.00,"1,000"
1852,09:30:02,$ 3375.00,7
1853,09:30:02,$ 3375.00,1
1854,09:30:02,$ 3375.00,47
1855,09:30:02,$ 3375.00,136
1856,09:30:02,$ 3375.00,20
1857,09:30:02,$ 3375.00,300
1858,09:30:02,$ 3375.00,15
1859,09:30:02,$ 3375.00,130
1860,09:30:02,$ 3375.00,4
1861,09:30:02,$ 3375.00,1
1862,09:30:02,$ 3375.00,20
1863,09:30:02,$ 3375.00,161
1864,09:30:02,$ 3375.00,215
1865,09:30:02,$ 3375.00,12
1866,09:30:02,$ 3375.00,1
1867,09:30:02,$ 3375.00,12
1868,09:30:02,$ 3375.00,38
1870,09:30:02,$ 3375.00,83
1871,09:30:02,$ 3375.00,120
1872,09:30:02,$ 3375.00,1
1873,09:30:02,$ 3375.00,1
1874,09:30:02,$ 3375.00,6
1875,09:30:02,$ 3375.00,5
1876,09:30:02,$ 3375.00,1
1877,09:30:02,$ 3375.00,1
1878,09:30:02,$ 3375.00,2
1879,09:30:02,$ 3375.00,1
1880,09:30:02,$ 3375.00,2
1881,09:30:02,$ 3375.00,1
1882,09:30:02,$ 3375.00,3
1883,09:30:02,$ 3375.00,10
1884,09:30:02,$ 3375.00,1
1885,09:30:02,$ 3375.00,2
1886,09:30:02,$ 3375.00,2
1887,09:30:02,$ 3375.00,1
1888,09:30:02,$ 3375.00,12
1889,09:30:02,$ 3375.00,6
1891,09:30:02,$ 3375.00,20
1892,09:30:02,$ 3375.00,1
1893,09:30:02,$ 3375.00,5
1894,09:30:02,$ 3375.00,1
1895,09:30:02,$ 3375.00,7
1896,09:30:02,$ 3375.00,1
1897,09:30:02,$ 3375.00,60
1898,09:30:02,$ 3375.00,7
1899,09:30:02,$ 3375.00,1
1900,09:30:02,$ 3375.00,400
1901,09:30:02,$ 3375.00,15
1902,09:30:02,$ 3375.00,15
1903,09:30:02,$ 3375.00,8
1904,09:30:02,$ 3375.00,1
1905,09:30:02,$ 3375.00,14
1906,09:30:02,$ 3375.00,22
1907,09:30:02,$ 3375.00,6
1908,09:30:02,$ 3375.00,10
1909,09:30:02,$ 3375.00,1
1910,09:30:02,$ 3375.00,13
1912,09:30:02,$ 3375.00,23
1913,09:30:02,$ 3375.00,5
1914,09:30:02,$ 3375.00,506
1915,09:30:02,$ 3375.00,1
1916,09:30:02,$ 3375.00,11
1917,09:30:02,$ 3375.00,28
1918,09:30:02,$ 3375.00,429
1919,09:30:02,$ 3375.00,1
1920,09:30:02,$ 3375.00,1
1921,09:30:02,$ 3375.00,1
1922,09:30:02,$ 3375.00,6
1923,09:30:02,$ 3375.00,4
1924,09:30:02,$ 3375.00,1
1925,09:30:02,$ 3375.00,2
1926,09:30:02,$ 3375.00,600
1927,09:30:02,$ 3375.00,1
1928,09:30:02,$ 3375.00,8
1929,09:30:02,$ 3375.00,5
1930,09:30:02,$ 3375.00,7
1931,09:30:02,$ 3375.00,1
1933,09:30:02,$ 3375.00,10
1934,09:30:02,$ 3375.00,7
1935,09:30:02,$ 3375.00,926
1936,09:30:02,$ 3375.00,300
1937,09:30:02,$ 3375.00,3
1938,09:30:02,$ 3375.00,200
1939,09:30:02,$ 3375.00,1
1940,09:30:02,$ 3375.00,2
1941,09:30:02,$ 3375.00,5
1942,09:30:02,$ 3375.00,1
1943,09:30:02,$ 3375.00,28
1944,09:30:02,$ 3375.00,44
1945,09:30:02,$ 3375.00,22
1946,09:30:02,$ 3375.00,30
1947,09:30:02,$ 3375.00,255
1948,09:30:02,$ 3375.00,86
1949,09:30:02,$ 3375.00,1
1950,09:30:02,$ 3375.00,1
1951,09:30:02,$ 3375.00,2
1952,09:30:02,$ 3375.00,3
1954,09:30:02,$ 3375.00,11
1955,09:30:02,$ 3375.00,204
1956,09:30:02,$ 3375.00,3
1957,09:30:02,$ 3375.00,1
1958,09:30:02,$ 3375.00,3
1959,09:30:02,$ 3375.00,2
1960,09:30:02,$ 3375.00,25
1961,09:30:02,$ 3375.00,26
1962,09:30:02,$ 3375.00,4
1963,09:30:02,$ 3375.00,3
1964,09:30:02,$ 3375.00,6
1965,09:30:02,$ 3375.00,2
1966,09:30:02,$ 3375.00,1
1967,09:30:02,$ 3375.00,2
1968,09:30:02,$ 3375.00,5
1969,09:30:02,$ 3375.00,1
1970,09:30:02,$ 3375.00,3
1971,09:30:02,$ 3375.00,1
1972,09:30:02,$ 3375.00,1
1973,09:30:02,$ 3375.00,369
1975,09:30:02,$ 3375.00,117
1976,09:30:02,$ 3375.00,8
1977,09:30:02,$ 3375.00,2
1978,09:30:02,$ 3375.00,1
1979,09:30:02,$ 3375.00,19
1980,09:30:02,$ 3375.00,76
1981,09:30:02,$ 3375.00,1
1982,09:30:02,$ 3375.00,1
1983,09:30:02,$ 3375.00,10
1984,09:30:02,$ 3375.00,1
1985,09:30:02,$ 3375.00,28
1986,09:30:02,$ 3375.00,3
1987,09:30:02,$ 3375.00,1
1988,09:30:02,$ 3375.00,13
1989,09:30:02,$ 3375.00,1
1990,09:30:02,$ 3375.00,100
1991,09:30:02,$ 3375.00,5
1992,09:30:02,$ 3375.00,100
1993,09:30:02,$ 3375.00,2
1994,09:30:02,$ 3375.00,2
1996,09:30:02,$ 3375.00,2
1997,09:30:02,$ 3375.00,10
1998,09:30:02,$ 3375.00,33
1999,09:30:02,$ 3375.00,20
2000,09:30:02,$ 3375.00,1
2001,09:30:02,$ 3375.00,9
2002,09:30:02,$ 3375.00,12
2003,09:30:02,$ 3375.00,1
2004,09:30:02,$ 3375.00,3
2005,09:30:02,$ 3375.00,1
2006,09:30:02,$ 3375.00,1
2007,09:30:02,$ 3375.00,2
2008,09:30:02,$ 3375.00,11
2009,09:30:02,$ 3375.00,1
2010,09:30:02,$ 3375.00,5
2011,09:30:02,$ 3375.00,2
2012,09:30:02,$ 3375.00,11
2013,09:30:02,$ 3375.00,77
2014,09:30:02,$ 3375.00,3
2015,09:30:02,$ 3375.00,1
2017,09:30:02,$ 3375.00,115
2018,09:30:02,$ 3375.00,10
2019,09:30:02,$ 3375.00,5
2020,09:30:02,$ 3375.00,3
2021,09:30:02,$ 3375.00,2
2022,09:30:02,$ 3375.00,940
2023,09:30:02,$ 3375.00,156
2024,09:30:02,$ 3375.00,16
2025,09:30:02,$ 3375.00,1
2026,09:30:02,$ 3375.00,44
2027,09:30:02,$ 3375.00,3
2028,09:30:02,$ 3375.00,3
2029,09:30:02,$ 3375.00,1
2030,09:30:02,$ 3375.00,20
2031,09:30:02,$ 3375.00,1
2032,09:30:02,$ 3375.00,1
2033,09:30:02,$ 3375.00,1
2034,09:30:02,$ 3375.00,11
2035,09:30:02,$ 3375.00,6
2036,09:30:02,$ 3375.00,1
2038,09:30:02,$ 3375.00,1
2039,09:30:02,$ 3375.00,2
2040,09:30:02,$ 3375.00,1
2041,09:30:02,$ 3375.00,2
2042,09:30:02,$ 3375.00,4
2043,09:30:02,$ 3375.00,27
2044,09:30:02,$ 3375.00,3
2045,09:30:02,$ 3375.00,5
2046,09:30:02,$ 3375.00,1
2047,09:30:02,$ 3375.00,5
2048,09:30:02,$ 3375.00,1
2049,09:30:02,$ 3375.00,7
2050,09:30:02,$ 3375.00,7
2051,09:30:02,$ 3375.00,6
2052,09:30:02,$ 3375.00,3
2053,09:30:02,$ 3375.00,2
2054,09:30:02,$ 3375.00,5
2055,09:30:02,$ 3375.00,1
2056,09:30:02,$ 3375.00,4
2057,09:30:02,$ 3375.00,3
2059,09:30:02,$ 3375.00,3
2060,09:30:02,$ 3375.00,31
2061,09:30:02,$ 3375.00,1
2062,09:30:02,$ 3375.00,173
2063,09:30:02,$ 3375.00,5
2064,09:30:02,$ 3375.00,3
2065,09:30:02,$ 3375.00,2
2066,09:30:02,$ 3375.00,7
2067,09:30:02,$ 3375.00,214
2068,09:30:02,$ 3375.00,357
2069,09:30:02,$ 3375.00,171
2070,09:30:02,$ 3375.00,171
2071,09:30:02,$ 3375.00,2
2072,09:30:02,$ 3375.00,1
2073,09:30:02,$ 3375.00,8
2074,09:30:02,$ 3375.00,65
2075,09:30:02,$ 3375.00,1
2076,09:30:02,$ 3375.00,10
2077,09:30:02,$ 3375.00,2
2078,09:30:02,$ 3375.00,5
2080,09:30:02,$ 3375.00,1
2081,09:30:02,$ 3375.00,4
2082,09:30:02,$ 3375.00,3
2083,09:30:02,$ 3375.00,18
2084,09:30:02,$ 3375.00,1
2085,09:30:02,$ 3375.00,1
2086,09:30:02,$ 3375.00,4
2087,09:30:02,$ 3375.00,3
2088,09:30:02,$ 3375.00,218
2089,09:30:02,$ 3375.00,5
2090,09:30:02,$ 3375.00,1
2091,09:30:02,$ 3375.00,1
2092,09:30:02,$ 3375.00,1
2093,09:30:02,$ 3375.00,2
2094,09:30:02,$ 3375.00,1
2095,09:30:02,$ 3375.00,1
2096,09:30:02,$ 3375.00,1
2097,09:30:02,$ 3375.00,10
2098,09:30:02,$ 3375.00,5
2099,09:30:02,$ 3375.00,2
2101,09:30:02,$ 3375.00,16
2102,09:30:02,$ 3375.00,3
2103,09:30:02,$ 3375.00,1
2104,09:30:02,$ 3375.00,5
2105,09:30:02,$ 3375.00,1
2106,09:30:02,$ 3375.00,3
2107,09:30:02,$ 3375.00,123
2108,09:30:02,$ 3375.00,1
2109,09:30:02,$ 3375.00,2
2110,09:30:02,$ 3375.00,1
2111,09:30:02,$ 3375.00,2
2112,09:30:02,$ 3375.00,1
2113,09:30:02,$ 3375.00,1
2114,09:30:02,$ 3375.00,2
2115,09:30:02,$ 3375.00,10
2116,09:30:02,$ 3375.00,1
2117,09:30:02,$ 3375.00,1
2118,09:30:02,$ 3375.00,15
2119,09:30:02,$ 3375.00,1
2120,09:30:02,$ 3375.00,6
2122,09:30:02,$ 3375.00,3
2123,09:30:02,$ 3375.00,5
2124,09:30:02,$ 3375.00,15
2125,09:30:02,$ 3375.00,2
2126,09:30:02,$ 3375.00,5
2127,09:30:02,$ 3375.00,3
2128,09:30:02,$ 3375.00,4
2129,09:30:02,$ 3375.00,100
2130,09:30:02,$ 3375.00,2
2131,09:30:02,$ 3375.00,15
2132,09:30:02,$ 3375.00,1
2133,09:30:02,$ 3375.00,1
2134,09:30:02,$ 3375.00,1
2135,09:30:02,$ 3375.00,1
2136,09:30:02,$ 3375.00,12
2137,09:30:02,$ 3375.00,2
2138,09:30:02,$ 3375.00,10
2139,09:30:02,$ 3375.00,1
2140,09:30:02,$ 3375.00,3
2141,09:30:02,$ 3375.00,3
2143,09:30:02,$ 3375.00,9
2144,09:30:02,$ 3375.00,6
2145,09:30:02,$ 3375.00,1
2146,09:30:02,$ 3375.00,14
2147,09:30:02,$ 3375.00,6
2148,09:30:02,$ 3375.00,1
2149,09:30:02,$ 3375.00,3
2150,09:30:02,$ 3375.00,27
2151,09:30:02,$ 3375.00,9
2152,09:30:02,$ 3375.00,10
2153,09:30:02,$ 3375.00,20
2154,09:30:02,$ 3375.00,10
2155,09:30:02,$ 3375.00,13
2156,09:30:02,$ 3375.00,1
2157,09:30:02,$ 3375.00,1
2158,09:30:02,$ 3375.00,1
2159,09:30:02,$ 3375.00,1
2160,09:30:02,$ 3375.00,1
2161,09:30:02,$ 3375.00,10
2162,09:30:02,$ 3375.00,8
2164,09:30:02,$ 3375.00,5
2165,09:30:02,$ 3375.00,1
2166,09:30:02,$ 3375.00,1
2167,09:30:02,$ 3375.00,4
2168,09:30:02,$ 3375.00,1
2169,09:30:02,$ 3375.00,25
2170,09:30:02,$ 3375.00,82
2171,09:30:02,$ 3375.00,1
2172,09:30:02,$ 3375.00,1
2173,09:30:02,$ 3375.00,2
2174,09:30:02,$ 3375.00,4
2175,09:30:02,$ 3375.00,30
2176,09:30:02,$ 3375.00,9
2177,09:30:02,$ 3375.00,1
2178,09:30:02,$ 3375.00,1
2179,09:30:02,$ 3375.00,4
2180,09:30:02,$ 3375.00,2
2181,09:30:02,$ 3375.00,5
2182,09:30:02,$ 3375.00,1
2183,09:30:02,$ 3375.00,5
2185,09:30:02,$ 3375.00,1
2186,09:30:02,$ 3375.00,2
2187,09:30:02,$ 3375.00,5
2188,09:30:02,$ 3375.00,1
2189,09:30:02,$ 3375.00,9
2190,09:30:02,$ 3375.00,79
2191,09:30:02,$ 3375.00,1
2192,09:30:02,$ 3375.00,44
2193,09:30:02,$ 3375.00,75
2194,09:30:02,$ 3375.00,6
2195,09:30:02,$ 3375.00,1
2196,09:30:02,$ 3375.00,1
2197,09:30:02,$ 3375.00,3
2198,09:30:02,$ 3375.00,1
2199,09:30:02,$ 3375.00,4
2200,09:30:02,$ 3375.00,6
2201,09:30:02,$ 3375.00,2
2202,09:30:02,$ 3375.00,1
2203,09:30:02,$ 3375.00,3
2204,09:30:02,$ 3375.00,1
2206,09:30:02,$ 3375.00,3
2207,09:30:02,$ 3375.00,1
2208,09:30:02,$ 3375.00,1
2209,09:30:02,$ 3375.00,5
2210,09:30:02,$ 3375.00,3
2211,09:30:02,$ 3375.00,1
2212,09:30:02,$ 3375.00,20
2213,09:30:02,$ 3375.00,2
2214,09:30:02,$ 3375.00,1
2215,09:30:02,$ 3375.00,2
2216,09:30:02,$ 3375.00,5
2217,09:30:02,$ 3375.00,1
2218,09:30:02,$ 3375.00,1
2219,09:30:02,$ 3375.00,5
2220,09:30:02,$ 3375.00,4
2221,09:30:02,$ 3375.00,1
2222,09:30:02,$ 3375.00,200
2223,09:30:02,$ 3375.00,2
2224,09:30:02,$ 3375.00,1
2225,09:30:02,$ 3375.00,1
2227,09:30:02,$ 3375.00,1
2228,09:30:02,$ 3375.00,19
2229,09:30:02,$ 3375.00,3
2230,09:30:02,$ 3375.00,1
2231,09:30:02,$ 3375.00,4
2232,09:30:02,$ 3375.00,1
2233,09:30:02,$ 3375.00,8
2234,09:30:02,$ 3375.00,5
2235,09:30:02,$ 3375.00,1
2236,09:30:02,$ 3375.00,1
2237,09:30:02,$ 3375.00,5
2238,09:30:02,$ 3375.00,3
2239,09:30:02,$ 3375.00,1
2240,09:30:02,$ 3375.00,3
2241,09:30:02,$ 3375.00,2
2242,09:30:02,$ 3375.00,1
2243,09:30:02,$ 3375.00,4
2244,09:30:02,$ 3375.00,78
2245,09:30:02,$ 3375.00,3
2246,09:30:02,$ 3375.00,1
2248,09:30:02,$ 3375.00,1
2249,09:30:02,$ 3375.00,5
2250,09:30:02,$ 3375.00,1
2251,09:30:02,$ 3375.00,3
2252,09:30:02,$ 3375.00,1
2253,09:30:02,$ 3375.00,1
2254,09:30:02,$ 3375.00,1
2255,09:30:02,$ 3375.00,15
2256,09:30:02,$ 3375.00,1
2257,09:30:02,$ 3375.00,5
2258,09:30:02,$ 3375.00,2
2259,09:30:02,$ 3375.00,10
2260,09:30:02,$ 3375.00,1
2261,09:30:02,$ 3375.00,1
2262,09:30:02,$ 3375.00,1
2263,09:30:02,$ 3375.00,3
2264,09:30:02,$ 3375.00,3
2265,09:30:02,$ 3375.00,7
2266,09:30:02,$ 3375.00,7
2267,09:30:02,$ 3375.00,10
2269,09:30:02,$ 3375.00,1
2270,09:30:02,$ 3375.00,1
2271,09:30:02,$ 3375.00,3
2272,09:30:02,$ 3375.00,10
2273,09:30:02,$ 3375.00,7
2274,09:30:02,$ 3375.00,2
2275,09:30:02,$ 3375.00,2
2276,09:30:02,$ 3375.00,17
2277,09:30:02,$ 3375.00,2
2278,09:30:02,$ 3375.00,27
2279,09:30:02,$ 3375.00,8
2280,09:30:02,$ 3375.00,5
2281,09:30:02,$ 3375.00,5
2282,09:30:02,$ 3375.00,60
2283,09:30:02,$ 3375.00,5
2284,09:30:02,$ 3375.00,1
2285,09:30:02,$ 3375.00,5
2286,09:30:02,$ 3375.00,11
2287,09:30:02,$ 3375.00,9
2288,09:30:02,$ 3375.00,90
2290,09:30:02,$ 3375.00,10
2291,09:30:02,$ 3375.00,1
2292,09:30:02,$ 3375.00,80
2293,09:30:02,$ 3375.00,1
2294,09:30:02,$ 3375.00,1
2295,09:30:02,$ 3375.00,10
2296,09:30:02,$ 3375.00,20
2297,09:30:02,$ 3375.00,56
2298,09:30:02,$ 3375.00,10
2299,09:30:02,$ 3375.00,20
2300,09:30:02,$ 3375.00,59
2301,09:30:02,$ 3375.00,4
2302,09:30:02,$ 3375.00,1
2303,09:30:02,$ 3375.00,16
2304,09:30:02,$ 3375.00,6
2305,09:30:02,$ 3375.00,1
2306,09:30:02,$ 3375.00,10
2307,09:30:02,$ 3375.00,25
2308,09:30:02,$ 3375.00,20
2309,09:30:02,$ 3375.00,3
2311,09:30:02,$ 3375.00,50
2312,09:30:02,$ 3375.00,10
2313,09:30:02,$ 3375.00,8
2314,09:30:02,$ 3375.00,11
2315,09:30:02,$ 3375.00,2
2316,09:30:02,$ 3375.00,12
2317,09:30:02,$ 3375.00,30
2318,09:30:02,$ 3375.00,10
2319,09:30:02,$ 3375.00,2
2320,09:30:02,$ 3375.00,12
2321,09:30:02,$ 3375.00,7
2322,09:30:02,$ 3375.00,12
2323,09:30:02,$ 3375.00,160
2324,09:30:02,$ 3375.00,60
2325,09:30:02,$ 3375.00,10
2326,09:30:02,$ 3375.00,10
2327,09:30:02,$ 3375.00,22
2328,09:30:02,$ 3375.00,150
2329,09:30:02,$ 3375.00,2
2330,09:30:02,$ 3375.00,10
2332,09:30:02,$ 3375.00,300
2333,09:30:02,$ 3375.00,1
2334,09:30:02,$ 3375.00,2
2335,09:30:02,$ 3375.00,2
2336,09:30:02,$ 3375.00,9
2337,09:30:02,$ 3375.00,4
2338,09:30:02,$ 3375.00,1
2339,09:30:02,$ 3375.00,60
2340,09:30:02,$ 3375.00,2
2341,09:30:02,$ 3375.00,5
2342,09:30:02,$ 3375.00,1
2343,09:30:02,$ 3375.00,3
2344,09:30:02,$ 3375.00,30
2345,09:30:02,$ 3375.00,2
2346,09:30:02,$ 3375.00,2
2347,09:30:02,$ 3375.00,29
2348,09:30:02,$ 3375.00,9
2349,09:30:02,$ 3375.00,1
2350,09:30:02,$ 3375.00,1
2351,09:30:02,$ 3375.00,10
2353,09:30:02,$ 3375.00,30
2354,09:30:02,$ 3375.00,37
2355,09:30:02,$ 3375.00,89
2356,09:30:02,$ 3375.00,7
2357,09:30:02,$ 3375.00,15
2358,09:30:02,$ 3375.00,2
2359,09:30:02,$ 3375.00,2
2360,09:30:02,$ 3375.00,1
2361,09:30:02,$ 3375.00,1
2362,09:30:02,$ 3375.00,1
2363,09:30:02,$ 3375.00,3
2364,09:30:02,$ 3375.00,4
2365,09:30:02,$ 3375.00,1
2366,09:30:02,$ 3375.00,4
2367,09:30:02,$ 3375.00,2
2368,09:30:02,$ 3375.00,1
2369,09:30:02,$ 3375.00,5
2370,09:30:02,$ 3375.00,8
2371,09:30:02,$ 3375.00,4
2372,09:30:02,$ 3375.00,3
2374,09:30:02,$ 3375.00,5
2375,09:30:02,$ 3375.00,3
2376,09:30:02,$ 3375.00,1
2377,09:30:02,$ 3375.00,1
2378,09:30:02,$ 3375.00,6
2379,09:30:02,$ 3375.00,2
2380,09:30:02,$ 3375.00,1
2381,09:30:02,$ 3375.00,1
2382,09:30:02,$ 3375.00,1
2383,09:30:02,$ 3375.00,3
2384,09:30:02,$ 3375.00,11
2385,09:30:02,$ 3375.00,3
2386,09:30:02,$ 3375.00,1
2387,09:30:02,$ 3375.00,5
2388,09:30:02,$ 3375.00,1
2389,09:30:02,$ 3375.00,1
2390,09:30:02,$ 3375.00,5
2391,09:30:02,$ 3375.00,1
2392,09:30:02,$ 3375.00,1
2393,09:30:02,$ 3375.00,1
2395,09:30:02,$ 3375.00,2
2396,09:30:02,$ 3375.00,1
2397,09:30:02,$ 3375.00,8
2398,09:30:02,$ 3375.00,1
2399,09:30:02,$ 3375.00,1
2400,09:30:02,$ 3375.00,1
2401,09:30:02,$ 3375.00,1
2402,09:30:02,$ 3375.00,3
2403,09:30:02,$ 3375.00,9
2404,09:30:02,$ 3375.00,1
2405,09:30:02,$ 3375.00,4
2406,09:30:02,$ 3375.00,2
2407,09:30:02,$ 3375.00,350
2408,09:30:02,$ 3375.00,1
2409,09:30:02,$ 3375.00,8
2410,09:30:02,$ 3375.00,1
2411,09:30:02,$ 3375.00,1
2412,09:30:02,$ 3375.00,3
2413,09:30:02,$ 3375.00,2
2414,09:30:02,$ 3375.00,1
2416,09:30:02,$ 3375.00,1
2417,09:30:02,$ 3375.00,36
2418,09:30:02,$ 3375.00,1
2419,09:30:02,$ 3375.00,6
2420,09:30:02,$ 3375.00,5
2421,09:30:02,$ 3375.00,1
2422,09:30:02,$ 3375.00,2
2423,09:30:02,$ 3375.00,2
2424,09:30:02,$ 3375.00,2
2425,09:30:02,$ 3375.00,1
2426,09:30:02,$ 3375.00,1
2427,09:30:02,$ 3375.00,1
2428,09:30:02,$ 3375.00,3
2429,09:30:02,$ 3375.00,1
2430,09:30:02,$ 3375.00,3
2431,09:30:02,$ 3375.00,10
2432,09:30:02,$ 3375.00,1
2433,09:30:02,$ 3375.00,3
2434,09:30:02,$ 3375.00,1
2435,09:30:02,$ 3375.00,1
2437,09:30:02,$ 3375.00,2
2438,09:30:02,$ 3375.00,5
2439,09:30:02,$ 3375.00,1
2440,09:30:02,$ 3375.00,1
2441,09:30:02,$ 3375.00,5
2442,09:30:02,$ 3375.00,1
2443,09:30:02,$ 3375.00,10
2444,09:30:02,$ 3375.00,9
2445,09:30:02,$ 3375.00,1
2446,09:30:02,$ 3375.00,25
2447,09:30:02,$ 3375.00,1
2448,09:30:02,$ 3375.00,3
2449,09:30:02,$ 3375.00,2
2450,09:30:02,$ 3375.00,1
2451,09:30:02,$ 3375.00,1
2452,09:30:02,$ 3375.00,23
2453,09:30:02,$ 3375.00,10
2454,09:30:02,$ 3375.00,10
2455,09:30:02,$ 3375.00,5
2456,09:30:02,$ 3375.00,70
2458,09:30:02,$ 3375.00,1
2459,09:30:02,$ 3375.00,1
2460,09:30:02,$ 3375.00,4
2461,09:30:02,$ 3375.00,1
2462,09:30:02,$ 3375.00,208
2463,09:30:02,$ 3375.00,5
2464,09:30:02,$ 3375.00,1
2465,09:30:02,$ 3375.00,45
2466,09:30:02,$ 3375.00,1
2467,09:30:02,$ 3375.00,30
2468,09:30:02,$ 3375.00,1
2469,09:30:02,$ 3375.00,1
2470,09:30:02,$ 3375.00,54
2471,09:30:02,$ 3375.00,5
2472,09:30:02,$ 3375.00,2
2473,09:30:02,$ 3375.00,6
2474,09:30:02,$ 3375.00,6
2475,09:30:02,$ 3375.00,1
2476,09:30:02,$ 3375.00,1
2477,09:30:02,$ 3375.00,1
2479,09:30:02,$ 3375.00,1
2480,09:30:02,$ 3375.00,1
2481,09:30:02,$ 3375.00,3
2482,09:30:02,$ 3375.00,1
2483,09:30:02,$ 3375.00,3
2484,09:30:02,$ 3375.00,6
2485,09:30:02,$ 3375.00,17
2486,09:30:02,$ 3375.00,1
2487,09:30:02,$ 3375.00,10
2488,09:30:02,$ 3375.00,1
2489,09:30:02,$ 3375.00,1
2490,09:30:02,$ 3375.00,8
2491,09:30:02,$ 3375.00,2
2492,09:30:02,$ 3375.00,10
2493,09:30:02,$ 3375.00,1
2494,09:30:02,$ 3375.00,21
2495,09:30:02,$ 3375.00,91
2496,09:30:02,$ 3375.00,4
2497,09:30:02,$ 3375.00,2
2498,09:30:02,$ 3375.00,3
2500,09:30:02,$ 3375.00,1
2501,09:30:02,$ 3375.00,2
2502,09:30:02,$ 3375.00,50
2503,09:30:02,$ 3375.00,1
2504,09:30:02,$ 3375.00,1
2505,09:30:02,$ 3375.00,5
2506,09:30:02,$ 3375.00,23
2507,09:30:02,$ 3375.00,2
2508,09:30:02,$ 3375.00,1
2509,09:30:02,$ 3375.00,4
2510,09:30:02,$ 3375.00,7
2511,09:30:02,$ 3375.00,15
2512,09:30:02,$ 3375.00,1
2513,09:30:02,$ 3375.00,2
2514,09:30:02,$ 3375.00,1
2515,09:30:02,$ 3375.00,1
2516,09:30:02,$ 3375.00,2
2517,09:30:02,$ 3375.00,1
2518,09:30:02,$ 3375.00,2
2519,09:30:02,$ 3375.00,4
2521,09:30:02,$ 3375.00,1
2522,09:30:02,$ 3375.00,5
2523,09:30:02,$ 3375.00,2
2524,09:30:02,$ 3375.00,1
2525,09:30:02,$ 3375.00,3
2526,09:30:02,$ 3375.00,3
2527,09:30:02,$ 3375.00,44
2528,09:30:02,$ 3375.00,1
2529,09:30:02,$ 3375.00,5
2530,09:30:02,$ 3375.00,1
2531,09:30:02,$ 3375.00,2
2532,09:30:02,$ 3375.00,3
2533,09:30:02,$ 3375.00,2
2534,09:30:02,$ 3375.00,2
2535,09:30:02,$ 3375.00,2
2536,09:30:02,$ 3375.00,4
2537,09:30:02,$ 3375.00,6
2538,09:30:02,$ 3375.00,25
2539,09:30:02,$ 3375.00,12
2540,09:30:02,$ 3375.00,3
2542,09:30:02,$ 3375.00,12
2543,09:30:02,$ 3375.00,1
2544,09:30:02,$ 3375.00,25
2545,09:30:02,$ 3375.00,5
2546,09:30:02,$ 3375.00,10
2547,09:30:02,$ 3375.00,2
2548,09:30:02,$ 3375.00,35
2549,09:30:02,$ 3375.00,3
2550,09:30:02,$ 3375.00,17
2551,09:30:02,$ 3375.00,6
2552,09:30:02,$ 3375.00,5
2553,09:30:02,$ 3375.00,4
2554,09:30:02,$ 3375.00,2
2555,09:30:02,$ 3375.00,2
2556,09:30:02,$ 3375.00,1
2557,09:30:02,$ 3375.00,3
2558,09:30:02,$ 3375.00,2
2559,09:30:02,$ 3375.00,1
2560,09:30:02,$ 3375.00,60
2561,09:30:02,$ 3375.00,2
2563,09:30:02,$ 3375.00,1
2564,09:30:02,$ 3375.00,1
2565,09:30:02,$ 3375.00,4
2566,09:30:02,$ 3375.00,1
2567,09:30:02,$ 3375.00,1
2568,09:30:02,$ 3375.00,2
2569,09:30:02,$ 3375.00,2
2570,09:30:02,$ 3375.00,1
2571,09:30:02,$ 3375.00,1
2572,09:30:02,$ 3375.00,1
2573,09:30:02,$ 3375.00,1
2574,09:30:02,$ 3375.00,1
2575,09:30:02,$ 3375.00,3
2576,09:30:02,$ 3375.00,1
2577,09:30:02,$ 3375.00,3
2578,09:30:02,$ 3375.00,1
2579,09:30:02,$ 3375.00,1
2580,09:30:02,$ 3375.00,2
2581,09:30:02,$ 3375.00,1
2582,09:30:02,$ 3375.00,1
2584,09:30:02,$ 3375.00,1
2585,09:30:02,$ 3375.00,5
2586,09:30:02,$ 3375.00,300
2587,09:30:02,$ 3375.00,1
2588,09:30:02,$ 3375.00,1
2589,09:30:02,$ 3375.00,3
2590,09:30:02,$ 3375.00,1
2591,09:30:02,$ 3375.00,2
2592,09:30:02,$ 3375.00,1
2593,09:30:02,$ 3375.00,1
2594,09:30:02,$ 3375.00,1
2595,09:30:02,$ 3375.00,2
2596,09:30:02,$ 3375.00,1
2597,09:30:02,$ 3375.00,1
2598,09:30:02,$ 3375.00,3
2599,09:30:02,$ 3375.00,1
2600,09:30:02,$ 3375.00,1
2601,09:30:02,$ 3375.00,3
2602,09:30:02,$ 3375.00,1
2603,09:30:02,$ 3375.00,2
2605,09:30:02,$ 3375.00,1
2606,09:30:02,$ 3375.00,1
2607,09:30:02,$ 3375.00,3
2608,09:30:02,$ 3375.00,2
2609,09:30:02,$ 3375.00,3
2610,09:30:02,$ 3375.00,1
2611,09:30:02,$ 3375.00,4
2612,09:30:02,$ 3375.00,246
2613,09:30:02,$ 3375.00,1
2614,09:30:02,$ 3375.00,3
2615,09:30:02,$ 3375.00,1
2616,09:30:02,$ 3375.00,1
2617,09:30:02,$ 3375.00,5
2618,09:30:02,$ 3375.00,1
2619,09:30:02,$ 3375.00,1
2620,09:30:02,$ 3375.00,1
2621,09:30:02,$ 3375.00,1
2622,09:30:02,$ 3375.00,3
2623,09:30:02,$ 3375.00,1
2624,09:30:02,$ 3375.00,5
2626,09:30:02,$ 3375.00,10
2627,09:30:02,$ 3375.00,53
2628,09:30:02,$ 3375.00,1
2629,09:30:02,$ 3375.00,1
2630,09:30:02,$ 3375.00,1
2631,09:30:02,$ 3375.00,9
2632,09:30:02,$ 3375.00,2
2633,09:30:02,$ 3375.00,6
2634,09:30:02,$ 3375.00,2
2635,09:30:02,$ 3375.00,28
2636,09:30:02,$ 3375.00,26
2637,09:30:02,$ 3375.00,3
2638,09:30:02,$ 3375.00,1
2639,09:30:02,$ 3375.00,2
2640,09:30:02,$ 3375.00,4
2641,09:30:02,$ 3375.00,5
2642,09:30:02,$ 3375.00,68
2643,09:30:02,$ 3375.00,16
2644,09:30:02,$ 3375.00,22
2645,09:30:02,$ 3375.00,1
2647,09:30:02,$ 3375.00,1
2648,09:30:02,$ 3375.00,1
2649,09:30:02,$ 3375.00,1
2650,09:30:02,$ 3375.00,1
2651,09:30:02,$ 3375.00,1
2652,09:30:02,$ 3375.00,1
2653,09:30:02,$ 3375.00,3
2654,09:30:02,$ 3375.00,1
2655,09:30:02,$ 3375.00,3
2656,09:30:02,$ 3375.00,1
2657,09:30:02,$ 3375.00,1
2658,09:30:02,$ 3375.00,5
2659,09:30:02,$ 3375.00,7
2660,09:30:02,$ 3375.00,1
2661,09:30:02,$ 3375.00,3
2662,09:30:02,$ 3375.00,5
2663,09:30:02,$ 3375.00,1
2664,09:30:02,$ 3375.00,1
2665,09:30:02,$ 3375.00,5
2666,09:30:02,$ 3375.00,6
2668,09:30:02,$ 3375.00,11
2669,09:30:02,$ 3375.00,1
2670,09:30:02,$ 3375.00,1
2671,09:30:02,$ 3375.00,1
2672,09:30:02,$ 3375.00,5
2673,09:30:02,$ 3375.00,10
2674,09:30:02,$ 3375.00,13
2675,09:30:02,$ 3375.00,7
2676,09:30:02,$ 3375.00,2
2677,09:30:02,$ 3375.00,1
2678,09:30:02,$ 3375.00,4
2679,09:30:02,$ 3375.00,1
2680,09:30:02,$ 3375.00,3
2681,09:30:02,$ 3375.00,1
2682,09:30:02,$ 3375.00,1
2683,09:30:02,$ 3375.00,1
2684,09:30:02,$ 3375.00,1
2685,09:30:02,$ 3375.00,3
2686,09:30:02,$ 3375.00,11
2687,09:30:02,$ 3375.00,5
2689,09:30:02,$ 3375.00,8
2690,09:30:02,$ 3375.00,16
2691,09:30:02,$ 3375.00,2
2692,09:30:02,$ 3375.00,3
2693,09:30:02,$ 3375.00,1
2694,09:30:02,$ 3375.00,1
2695,09:30:02,$ 3375.00,1
2696,09:30:02,$ 3375.00,1
2697,09:30:02,$ 3375.00,100
2698,09:30:02,$ 3375.00,5
2699,09:30:02,$ 3375.00,8
2700,09:30:02,$ 3375.00,2
2701,09:30:02,$ 3375.00,1
2702,09:30:02,$ 3375.00,4
2703,09:30:02,$ 3375.00,8
2704,09:30:02,$ 3375.00,1
2705,09:30:02,$ 3375.00,1
2706,09:30:02,$ 3375.00,1
2707,09:30:02,$ 3375.00,1
2708,09:30:02,$ 3375.00,11
2710,09:30:02,$ 3375.00,5
2711,09:30:02,$ 3375.00,1
2712,09:30:02,$ 3375.00,3
2713,09:30:02,$ 3375.00,1
2714,09:30:02,$ 3375.00,3
2715,09:30:02,$ 3375.00,7
2716,09:30:02,$ 3375.00,1
2717,09:30:02,$ 3375.00,16
2718,09:30:02,$ 3375.00,1
2719,09:30:02,$ 3375.00,10
2720,09:30:02,$ 3375.00,2
2721,09:30:02,$ 3375.00,2
2722,09:30:02,$ 3375.00,1
2723,09:30:02,$ 3375.00,1
2724,09:30:02,$ 3375.00,4
2725,09:30:02,$ 3375.00,3
2726,09:30:02,$ 3375.00,1
2727,09:30:02,$ 3375.00,2
2728,09:30:02,$ 3375.00,1
2729,09:30:02,$ 3375.00,2
2731,09:30:02,$ 3375.00,1
2732,09:30:02,$ 3375.00,3
2733,09:30:02,$ 3375.00,4
2734,09:30:02,$ 3375.00,10
2735,09:30:02,$ 3375.00,8
2736,09:30:02,$ 3375.00,1
2737,09:30:02,$ 3375.00,1
2738,09:30:02,$ 3375.00,10
2739,09:30:02,$ 3375.00,15
2740,09:30:02,$ 3375.00,1
2741,09:30:02,$ 3375.00,3
2742,09:30:02,$ 3375.00,1
2743,09:30:02,$ 3375.00,1
2744,09:30:02,$ 3375.00,3
2745,09:30:02,$ 3375.00,1
2746,09:30:02,$ 3375.00,3
2747,09:30:02,$ 3375.00,2
2748,09:30:02,$ 3375.00,100
2749,09:30:02,$ 3375.00,1
2750,09:30:02,$ 3375.00,11
2752,09:30:02,$ 3375.00,3
2753,09:30:02,$ 3375.00,1
2754,09:30:02,$ 3375.00,100
2755,09:30:02,$ 3375.00,1
2756,09:30:02,$ 3375.00,177
2757,09:30:02,$ 3375.00,2
2758,09:30:02,$ 3375.00,15
2759,09:30:02,$ 3375.00,6
2760,09:30:02,$ 3375.00,26
2761,09:30:02,$ 3375.00,8
2762,09:30:02,$ 3375.00,1
2763,09:30:02,$ 3375.00,1
2764,09:30:02,$ 3375.00,2
2765,09:30:02,$ 3375.00,2
2766,09:30:02,$ 3375.00,6
2767,09:30:02,$ 3375.00,2
2768,09:30:02,$ 3375.00,10
2769,09:30:02,$ 3375.00,1
2770,09:30:02,$ 3375.00,2
2771,09:30:02,$ 3375.00,192
2773,09:30:02,$ 3375.00,1
2774,09:30:02,$ 3375.00,1
2775,09:30:02,$ 3375.00,1
2776,09:30:02,$ 3375.00,6
2777,09:30:02,$ 3375.00,3
2778,09:30:02,$ 3375.00,2
2779,09:30:02,$ 3375.00,60
2780,09:30:02,$ 3375.00,1
2781,09:30:02,$ 3375.00,1
2782,09:30:02,$ 3375.00,10
2783,09:30:02,$ 3375.00,1
2784,09:30:02,$ 3375.00,3
2785,09:30:02,$ 3375.00,1
2786,09:30:02,$ 3375.00,2
2787,09:30:02,$ 3375.00,30
2788,09:30:02,$ 3375.00,2
2789,09:30:02,$ 3375.00,1
2790,09:30:02,$ 3375.00,1
2791,09:30:02,$ 3375.00,6
2792,09:30:02,$ 3375.00,37
2794,09:30:02,$ 3375.00,5
2795,09:30:02,$ 3375.00,10
2796,09:30:02,$ 3375.00,5
2797,09:30:02,$ 3375.00,3
2798,09:30:02,$ 3375.00,5
2799,09:30:02,$ 3375.00,20
2800,09:30:02,$ 3375.00,2
2801,09:30:02,$ 3375.00,9
2802,09:30:02,$ 3375.00,7
2803,09:30:02,$ 3375.00,30
2804,09:30:02,$ 3375.00,4
2805,09:30:02,$ 3375.00,5
2806,09:30:02,$ 3375.00,10
2807,09:30:02,$ 3375.00,2
2808,09:30:02,$ 3375.00,21
2809,09:30:02,$ 3375.00,3
2810,09:30:02,$ 3375.00,8
2811,09:30:02,$ 3375.00,1
2812,09:30:02,$ 3375.00,1
2813,09:30:02,$ 3375.00,5
2815,09:30:02,$ 3375.00,550
2816,09:30:02,$ 3375.00,2
2817,09:30:02,$ 3375.00,2
2818,09:30:02,$ 3375.00,45
2819,09:30:02,$ 3375.00,158
2820,09:30:02,$ 3375.00,1
2821,09:30:02,$ 3375.00,1
2822,09:30:02,$ 3375.00,1
2823,09:30:02,$ 3375.00,1
2824,09:30:02,$ 3375.00,1
2825,09:30:02,$ 3375.00,23
2826,09:30:02,$ 3375.00,37
2827,09:30:02,$ 3375.00,15
2828,09:30:02,$ 3375.00,15
2829,09:30:02,$ 3375.00,5
2830,09:30:02,$ 3375.00,45
2831,09:30:02,$ 3375.00,1
2832,09:30:02,$ 3375.00,1
2833,09:30:02,$ 3375.00,1
2834,09:30:02,$ 3375.00,1
2836,09:30:02,$ 3375.00,15
2837,09:30:02,$ 3375.00,2
2838,09:30:02,$ 3375.00,3
2839,09:30:02,$ 3375.00,1
2840,09:30:02,$ 3375.00,3
2841,09:30:02,$ 3375.00,15
2842,09:30:02,$ 3375.00,6
2843,09:30:02,$ 3375.00,1
2844,09:30:02,$ 3375.00,6
2845,09:30:02,$ 3375.00,10
2846,09:30:02,$ 3375.00,1
2847,09:30:02,$ 3375.00,4
2848,09:30:02,$ 3375.00,6
2849,09:30:02,$ 3375.00,30
2850,09:30:02,$ 3375.00,8
2851,09:30:02,$ 3375.00,11
2852,09:30:02,$ 3375.00,1
2853,09:30:02,$ 3375.00,3
2854,09:30:02,$ 3375.00,30
2855,09:30:02,$ 3375.00,10
2857,09:30:02,$ 3375.00,2
2858,09:30:02,$ 3375.00,10
2859,09:30:02,$ 3375.00,10
2860,09:30:02,$ 3375.00,25
2861,09:30:02,$ 3375.00,30
2862,09:30:02,$ 3375.00,3
2863,09:30:02,$ 3375.00,6
2864,09:30:02,$ 3375.00,2
2865,09:30:02,$ 3375.00,2
2866,09:30:02,$ 3375.00,1
2867,09:30:02,$ 3375.00,6
2868,09:30:02,$ 3375.00,2
2869,09:30:02,$ 3375.00,1
2870,09:30:02,$ 3375.00,1
2871,09:30:02,$ 3375.00,4
2872,09:30:02,$ 3375.00,1
2873,09:30:02,$ 3375.00,3
2874,09:30:02,$ 3375.00,1
2875,09:30:02,$ 3375.00,2
2876,09:30:02,$ 3375.00,15
2878,09:30:02,$ 3375.00,1
2879,09:30:02,$ 3375.00,36
2880,09:30:02,$ 3375.00,5
2881,09:30:02,$ 3375.00,4
2882,09:30:02,$ 3375.00,100
2883,09:30:02,$ 3375.00,200
2884,09:30:02,$ 3375.00,1
2885,09:30:02,$ 3375.00,10
2886,09:30:02,$ 3375.00,3
2887,09:30:02,$ 3375.00,3
2888,09:30:02,$ 3375.00,13
2889,09:30:02,$ 3375.00,27
2890,09:30:02,$ 3375.00,4
2891,09:30:02,$ 3375.00,2
2892,09:30:02,$ 3375.00,1
2893,09:30:02,$ 3375.00,5
2894,09:30:02,$ 3375.00,3
2895,09:30:02,$ 3375.00,11
2896,09:30:02,$ 3375.00,1
2897,09:30:02,$ 3375.00,100
2899,09:30:02,$ 3375.00,2
2900,09:30:02,$ 3375.00,20
2901,09:30:02,$ 3375.00,30
2902,09:30:02,$ 3375.00,15
2903,09:30:02,$ 3375.00,2
2904,09:30:02,$ 3375.00,3
2905,09:30:02,$ 3375.00,1
2906,09:30:02,$ 3375.00,2
2907,09:30:02,$ 3375.00,20
2908,09:30:02,$ 3375.00,3
2909,09:30:02,$ 3375.00,5
2910,09:30:02,$ 3375.00,3
2911,09:30:02,$ 3375.00,10
2912,09:30:02,$ 3375.00,15
2913,09:30:02,$ 3375.00,30
2914,09:30:02,$ 3375.00,2
2915,09:30:02,$ 3375.00,10
2917,10:29:50,$ 3349.7001,100
2918,10:29:36,$ 3349.405,101
2919,10:29:30,$ 3349.46,100
2920,10:29:09,$ 3348.74,100
2921,10:28:53,$ 3350.00,500
2922,10:28:43,$ 3348.72,100
2923,10:28:43,$ 3348.80,100
2924,10:28:43,$ 3348.80,100
2925,10:28:35,$ 3348.00,100
2926,10:28:25,$ 3349.18,100
2927,10:28:05,$ 3348.34,100
2928,10:28:05,$ 3347.84,100
2929,10:28:05,$ 3347.84,100
2930,10:28:05,$ 3347.84,100
2931,10:28:05,$ 3347.92,100
2932,10:28:05,$ 3347.83,100
2933,10:27:34,$ 3346.32,100
2934,10:27:34,$ 3346.33,100
2935,10:27:32,$ 3346.16,200
2936,10:27:32,$ 3346.62,100
2938,10:27:32,$ 3346.67,100
2939,10:27:29,$ 3347.255,100
2940,10:27:22,$ 3347.57,250
2941,10:27:09,$ 3347.375,100
2942,10:27:06,$ 3346.9938,139
2943,10:27:00,$ 3346.57,100
2944,10:26:55,$ 3346.89,100
2945,10:26:21,$ 3348.13,100
2946,10:26:21,$ 3348.09,154
2947,10:25:57,$ 3348.951,118
2948,10:25:44,$ 3348.92,100
2949,10:25:43,$ 3348.92,500
2950,10:25:30,$ 3349.5388,100
2951,10:25:19,$ 3349.13,100
2952,10:25:14,$ 3349.39,100
2953,10:25:06,$ 3350.77,100
2954,10:24:56,$ 3351.46,100
2955,10:24:53,$ 3350.9025,100
2956,10:24:53,$ 3350.8725,100
2957,10:24:48,$ 3350.89,100
2959,10:24:48,$ 3350.21,100
2960,10:24:41,$ 3348.68,100
2961,10:24:41,$ 3348.68,100
2962,10:24:41,$ 3348.68,100
2963,10:24:31,$ 3348.44,100
2964,10:24:02,$ 3346.91,100
2965,10:24:02,$ 3347.49,100
2966,10:24:02,$ 3347.49,100
2967,10:23:25,$ 3348.3546,219
2968,10:23:03,$ 3348.06,100
2969,10:22:53,$ 3347.69,100
2970,10:22:48,$ 3347.39,100
2971,10:22:46,$ 3347.75,100
2972,10:22:41,$ 3347.67,100
2973,10:22:41,$ 3347.67,100
2974,10:22:35,$ 3347.14,100
2975,10:22:35,$ 3347.30,100
2976,10:22:35,$ 3347.64,100
2977,10:22:35,$ 3347.68,100
2978,10:22:35,$ 3347.68,100
2980,10:22:29,$ 3347.1425,100
2981,10:22:26,$ 3347.00,100
2982,10:22:26,$ 3347.10,100
2983,10:22:15,$ 3347.78,380
2984,10:22:15,$ 3347.50,100
2985,10:22:15,$ 3347.28,100
2986,10:22:15,$ 3347.47,100
2987,10:22:15,$ 3347.28,100
2988,10:22:14,$ 3347.985,100
2989,10:22:13,$ 3348.27,100
2990,10:22:01,$ 3347.50,500
2991,10:21:47,$ 3348.59,100
2992,10:21:41,$ 3349.89,100
2993,10:21:36,$ 3350.16,100
2994,10:21:36,$ 3350.16,100
2995,10:21:36,$ 3350.16,100
2996,10:21:29,$ 3349.36,100
2997,10:21:29,$ 3349.36,100
2998,10:21:26,$ 3348.68,100
2999,10:21:06,$ 3349.00,100
3001,10:20:47,$ 3349.92,100
3002,10:20:33,$ 3350.118,"1,000"
3003,10:20:25,$ 3350.60,100
3004,10:20:25,$ 3350.01,100
3005,10:20:23,$ 3350.52,100
3006,10:20:21,$ 3350.00,100
3007,10:20:13,$ 3349.13,200
3008,10:20:07,$ 3348.76,100
3009,10:20:01,$ 3349.23,100
3010,10:19:49,$ 3349.49,100
3011,10:19:49,$ 3349.47,100
3012,10:19:48,$ 3349.46,100
3013,10:19:39,$ 3349.92,100
3014,10:19:38,$ 3349.0108,290
3015,10:19:38,$ 3349.0108,603
3016,10:19:32,$ 3350.00,271
3017,10:19:32,$ 3350.00,889
3018,10:19:32,$ 3350.00,300
3019,10:19:32,$ 3349.905,100
3020,10:19:32,$ 3349.90,100
3022,10:19:32,$ 3350.02,100
3023,10:19:32,$ 3350.00,100
3024,10:19:32,$ 3350.00,632
3025,10:19:32,$ 3350.00,500
3026,10:19:32,$ 3350.00,100
3027,10:19:32,$ 3350.00,100
3028,10:19:32,$ 3350.00,299
3029,10:19:32,$ 3350.00,101
3030,10:19:15,$ 3351.56,257
3031,10:19:15,$ 3352.00,100
3032,10:19:10,$ 3352.11,100
3033,10:19:08,$ 3352.725,100
3034,10:19:07,$ 3352.72,100
3035,10:18:49,$ 3352.52,100
3036,10:18:49,$ 3352.56,100
3037,10:18:29,$ 3352.985,100
3038,10:18:07,$ 3353.72,100
3039,10:18:04,$ 3353.16,294
3040,10:18:04,$ 3353.16,100
3041,10:18:04,$ 3353.158,106
3043,10:18:03,$ 3353.85,126
3044,10:17:48,$ 3353.2087,100
3045,10:17:44,$ 3353.84,100
3046,10:17:41,$ 3352.97,100
3047,10:17:41,$ 3352.97,100
3048,10:17:41,$ 3353.39,100
3049,10:17:37,$ 3352.8499,128
3050,10:17:26,$ 3352.03,100
3051,10:17:19,$ 3353.84,100
3052,10:17:14,$ 3353.55,100
3053,10:17:08,$ 3352.445,100
3054,10:17:07,$ 3353.32,100
3055,10:17:07,$ 3353.32,100
3056,10:16:52,$ 3352.02,500
3057,10:16:25,$ 3352.395,200
3058,10:16:24,$ 3353.19,100
3059,10:16:20,$ 3352.345,100
3060,10:16:14,$ 3352.705,100
3061,10:16:14,$ 3352.705,100
3062,10:16:09,$ 3351.84,297
3064,10:16:05,$ 3351.58,100
3065,10:16:00,$ 3352.28,100
3066,10:15:58,$ 3351.5801,100
3067,10:15:43,$ 3351.94,100
3068,10:15:36,$ 3352.60,100
3069,10:15:36,$ 3352.59,100
3070,10:15:16,$ 3351.04,100
3071,10:15:13,$ 3351.96,100
3072,10:15:08,$ 3350.3314,100
3073,10:15:06,$ 3351.00,100
3074,10:15:02,$ 3351.14,135
3075,10:15:02,$ 3351.19,100
3076,10:14:46,$ 3352.35,100
3077,10:14:42,$ 3351.14,100
3078,10:14:25,$ 3352.98,100
3079,10:14:22,$ 3352.667,500
3080,10:14:16,$ 3352.00,100
3081,10:14:15,$ 3353.00,100
3082,10:14:15,$ 3353.00,100
3083,10:14:13,$ 3353.65,400
3085,10:14:13,$ 3354.00,100
3086,10:14:08,$ 3354.44,100
3087,10:13:51,$ 3355.715,100
3088,10:13:44,$ 3355.16,100
3089,10:13:19,$ 3354.30,100
3090,10:13:13,$ 3355.00,100
3091,10:13:13,$ 3355.32,100
3092,10:13:11,$ 3356.12,100
3093,10:13:11,$ 3356.10,157
3094,10:13:11,$ 3356.42,100
3095,10:13:06,$ 3357.20,100
3096,10:12:50,$ 3357.44,100
3097,10:12:50,$ 3357.88,100
3098,10:12:50,$ 3357.57,100
3099,10:12:50,$ 3357.40,100
3100,10:12:35,$ 3357.75,100
3101,10:12:35,$ 3357.74,100
3102,10:12:35,$ 3358.27,100
3103,10:12:24,$ 3359.28,100
3104,10:12:24,$ 3358.94,100
3106,10:12:24,$ 3359.01,200
3107,10:12:24,$ 3359.28,100
3108,10:12:24,$ 3359.28,100
3109,10:12:24,$ 3359.28,100
3110,10:12:24,$ 3358.65,100
3111,10:12:17,$ 3359.3199,100
3112,10:12:09,$ 3357.91,100
3113,10:12:09,$ 3358.00,100
3114,10:12:09,$ 3358.00,100
3115,10:12:09,$ 3358.00,100
3116,10:11:56,$ 3357.385,100
3117,10:11:54,$ 3357.26,100
3118,10:11:33,$ 3358.2684,150
3119,10:11:29,$ 3358.02,100
3120,10:11:22,$ 3358.00,100
3121,10:11:18,$ 3358.585,100
3122,10:11:06,$ 3357.4809,200
3123,10:10:58,$ 3357.255,100
3124,10:10:49,$ 3356.48,100
3125,10:10:49,$ 3356.51,100
3127,10:10:40,$ 3356.48,100
3128,10:10:24,$ 3356.12,100
3129,10:10:23,$ 3356.62,100
3130,10:10:10,$ 3356.995,100
3131,10:10:10,$ 3357.44,100
3132,10:10:10,$ 3357.63,100
3133,10:10:10,$ 3357.27,100
3134,10:10:10,$ 3357.62,100
3135,10:10:10,$ 3357.56,100
3136,10:10:10,$ 3357.49,100
3137,10:10:10,$ 3357.44,100
3138,10:10:10,$ 3357.44,100
3139,10:10:03,$ 3358.00,100
3140,10:10:02,$ 3357.50,100
3141,10:09:08,$ 3358.113,500
3142,10:09:02,$ 3357.085,100
3143,10:09:02,$ 3357.20,596
3144,10:09:02,$ 3356.94,100
3145,10:08:48,$ 3355.52,100
3146,10:08:39,$ 3356.28,200
3148,10:08:36,$ 3356.2684,150
3149,10:08:32,$ 3355.81,100
3150,10:08:32,$ 3355.77,100
3151,10:08:23,$ 3356.00,100
3152,10:08:22,$ 3355.9109,440
3153,10:08:20,$ 3355.505,100
3154,10:08:06,$ 3355.605,100
3155,10:08:04,$ 3355.315,100
3156,10:08:04,$ 3355.315,101
3157,10:07:58,$ 3355.87,100
3158,10:07:58,$ 3355.215,100
3159,10:07:54,$ 3355.0388,100
3160,10:07:49,$ 3355.205,100
3161,10:07:48,$ 3355.205,200
3162,10:07:48,$ 3355.77,300
3163,10:07:46,$ 3355.0184,150
3164,10:07:41,$ 3354.48,100
3165,10:07:31,$ 3353.18,100
3166,10:07:31,$ 3354.135,100
3167,10:07:31,$ 3353.43,100
3169,10:07:31,$ 3354.65,100
3170,10:07:31,$ 3354.65,300
3171,10:07:31,$ 3354.70,100
3172,10:07:29,$ 3355.265,100
3173,10:07:24,$ 3354.34,100
3174,10:06:59,$ 3352.90,139
3175,10:06:55,$ 3353.44,100
3176,10:06:43,$ 3353.15,100
3177,10:06:35,$ 3352.9446,186
3178,10:06:34,$ 3352.90,100
3179,10:06:34,$ 3352.90,100
3180,10:06:34,$ 3352.0406,100
3181,10:06:32,$ 3352.3766,150
3182,10:06:28,$ 3352.72,100
3183,10:06:12,$ 3352.15,100
3184,10:06:09,$ 3352.19,100
3185,10:06:09,$ 3352.42,100
3186,10:06:00,$ 3352.145,100
3187,10:06:00,$ 3352.19,100
3188,10:05:35,$ 3353.36,100
3190,10:05:24,$ 3352.231,200
3191,10:05:22,$ 3353.04,100
3192,10:05:18,$ 3353.4172,100
3193,10:05:15,$ 3352.8984,150
3194,10:05:07,$ 3353.705,100
3195,10:05:03,$ 3353.57,100
3196,10:05:02,$ 3353.91,100
3197,10:05:02,$ 3353.91,100
3198,10:04:59,$ 3354.10,100
3199,10:04:59,$ 3354.20,378
3200,10:04:59,$ 3354.34,100
3201,10:04:59,$ 3354.50,150
3202,10:04:54,$ 3356.30,100
3203,10:04:52,$ 3357.22,100
3204,10:04:37,$ 3357.63,100
3205,10:04:36,$ 3358.00,269
3206,10:04:36,$ 3358.00,161
3207,10:04:35,$ 3357.8899,100
3208,10:04:35,$ 3357.75,100
3209,10:04:34,$ 3358.365,100
3211,10:04:33,$ 3358.30,100
3212,10:04:33,$ 3358.30,100
3213,10:04:33,$ 3357.81,100
3214,10:04:33,$ 3357.80,100
3215,10:04:20,$ 3358.11,100
3216,10:04:05,$ 3359.66,100
3217,10:03:47,$ 3356.09,100
3218,10:03:35,$ 3357.15,100
3219,10:03:35,$ 3357.97,100
3220,10:03:35,$ 3357.97,100
3221,10:03:35,$ 3357.98,100
3222,10:03:35,$ 3357.97,100
3223,10:03:35,$ 3357.85,100
3224,10:03:34,$ 3357.424,100
3225,10:03:34,$ 3357.43,243
3226,10:03:34,$ 3356.845,100
3227,10:03:34,$ 3357.49,100
3228,10:03:07,$ 3355.4918,500
3229,10:03:02,$ 3354.80,100
3230,10:02:49,$ 3354.4057,181
3232,10:02:49,$ 3354.17,100
3233,10:02:49,$ 3354.3447,115
3234,10:02:49,$ 3354.3447,100
3235,10:02:48,$ 3354.30,100
3236,10:02:48,$ 3354.30,100
3237,10:02:32,$ 3354.925,150
3238,10:02:31,$ 3355.25,100
3239,10:02:30,$ 3354.905,100
3240,10:02:30,$ 3354.895,100
3241,10:02:24,$ 3354.905,100
3242,10:02:15,$ 3355.124,150
3243,10:02:07,$ 3355.08,100
3244,10:02:07,$ 3355.08,100
3245,10:02:07,$ 3355.13,100
3246,10:01:41,$ 3354.92,100
3247,10:01:14,$ 3355.00,100
3248,10:01:14,$ 3355.00,112
3249,10:01:14,$ 3355.00,123
3250,10:01:04,$ 3355.072,100
3251,10:01:04,$ 3355.062,100
3253,10:01:04,$ 3355.02,100
3254,10:01:03,$ 3356.38,100
3255,10:01:03,$ 3356.38,100
3256,10:00:56,$ 3354.74,100
3257,10:00:56,$ 3354.75,100
3258,10:00:54,$ 3354.14,100
3259,10:00:45,$ 3355.00,117
3260,10:00:45,$ 3355.03,100
3261,10:00:45,$ 3355.00,148
3262,10:00:45,$ 3355.00,300
3263,10:00:45,$ 3355.02,100
3264,10:00:39,$ 3355.80,100
3265,10:00:38,$ 3356.00,240
3266,10:00:38,$ 3356.00,100
3267,10:00:38,$ 3356.19,100
3268,10:00:38,$ 3356.18,100
3269,10:00:32,$ 3357.5147,100
3270,10:00:25,$ 3358.28,100
3271,10:00:25,$ 3358.28,100
3272,10:00:21,$ 3357.62,100
3274,10:00:21,$ 3357.55,100
3275,10:00:13,$ 3357.82,100
3276,10:00:02,$ 3358.96,100
3277,10:00:02,$ 3358.50,100
3278,10:00:02,$ 3358.42,100
3280,10:59:54,$ 3340.00,100
3281,10:59:40,$ 3340.99,100
3282,10:59:36,$ 3340.0001,100
3283,10:59:34,$ 3340.09,100
3284,10:59:15,$ 3340.0565,200
3285,10:59:03,$ 3341.435,240
3286,10:58:52,$ 3340.0733,329
3287,10:58:51,$ 3339.87,100
3288,10:58:43,$ 3340.92,100
3289,10:58:41,$ 3339.70,100
3290,10:58:41,$ 3339.60,100
3291,10:58:41,$ 3339.90,100
3292,10:58:41,$ 3339.87,100
3293,10:58:41,$ 3339.30,100
3294,10:58:41,$ 3339.50,100
3295,10:58:41,$ 3339.10,100
3296,10:58:41,$ 3339.31,100
3297,10:58:41,$ 3339.51,100
3298,10:58:41,$ 3339.89,100
3299,10:58:41,$ 3339.15,100
3301,10:58:41,$ 3339.71,100
3302,10:58:41,$ 3339.81,100
3303,10:58:41,$ 3339.14,100
3304,10:58:41,$ 3339.32,100
3305,10:58:41,$ 3339.52,100
3306,10:58:41,$ 3339.56,100
3307,10:58:41,$ 3339.51,100
3308,10:58:41,$ 3339.71,100
3309,10:58:41,$ 3339.10,100
3310,10:58:36,$ 3339.01,100
3311,10:58:36,$ 3339.00,123
3312,10:58:31,$ 3339.01,100
3313,10:58:00,$ 3340.7799,100
3314,10:58:00,$ 3339.42,100
3315,10:58:00,$ 3339.42,100
3316,10:57:48,$ 3339.1299,100
3317,10:57:42,$ 3340.28,100
3318,10:57:36,$ 3339.00,100
3319,10:57:35,$ 3339.59,100
3320,10:57:29,$ 3339.00,100
3322,10:57:21,$ 3338.00,100
3323,10:57:14,$ 3338.6891,100
3324,10:57:00,$ 3338.84,100
3325,10:56:59,$ 3338.13,100
3326,10:56:23,$ 3338.89,100
3327,10:56:12,$ 3339.01,100
3328,10:56:12,$ 3339.01,100
3329,10:56:12,$ 3339.13,107
3330,10:56:01,$ 3339.43,100
3331,10:55:58,$ 3339.17,100
3332,10:55:58,$ 3339.00,112
3333,10:55:40,$ 3339.735,200
3334,10:55:36,$ 3339.69,100
3335,10:55:32,$ 3338.88,100
3336,10:55:25,$ 3339.19,105
3337,10:55:25,$ 3340.03,100
3338,10:55:25,$ 3340.00,259
3339,10:55:25,$ 3340.00,156
3340,10:55:25,$ 3340.00,100
3341,10:55:25,$ 3340.00,100
3343,10:55:25,$ 3340.10,112
3344,10:55:25,$ 3340.10,352
3345,10:55:24,$ 3340.1001,200
3346,10:55:24,$ 3340.10,300
3347,10:55:23,$ 3340.855,195
3348,10:55:19,$ 3340.60,500
3349,10:55:18,$ 3340.40,100
3350,10:55:17,$ 3341.12,100
3351,10:55:06,$ 3341.47,100
3352,10:55:00,$ 3341.62,100
3353,10:55:00,$ 3341.62,100
3354,10:55:00,$ 3341.62,100
3355,10:55:00,$ 3342.22,100
3356,10:55:00,$ 3342.8302,100
3357,10:54:27,$ 3342.00,100
3358,10:54:19,$ 3341.79,100
3359,10:54:19,$ 3341.81,100
3360,10:54:11,$ 3341.00,121
3361,10:54:11,$ 3341.09,100
3362,10:54:04,$ 3341.85,100
3364,10:53:50,$ 3342.01,100
3365,10:53:46,$ 3342.00,340
3366,10:53:46,$ 3342.00,160
3367,10:53:43,$ 3341.195,200
3368,10:53:40,$ 3341.195,200
3369,10:53:37,$ 3341.85,199
3370,10:53:37,$ 3341.45,100
3371,10:53:37,$ 3342.00,100
3372,10:53:13,$ 3341.855,198
3373,10:53:12,$ 3342.21,100
3374,10:53:06,$ 3341.24,100
3375,10:53:05,$ 3341.19,100
3376,10:53:02,$ 3341.23,145
3377,10:53:01,$ 3341.63,100
3378,10:53:01,$ 3340.75,100
3379,10:53:01,$ 3341.25,100
3380,10:53:01,$ 3340.55,402
3381,10:53:01,$ 3340.86,100
3382,10:53:01,$ 3340.8538,100
3383,10:53:01,$ 3340.8538,100
3385,10:53:01,$ 3341.02,200
3386,10:53:00,$ 3340.89,100
3387,10:52:54,$ 3342.00,107
3388,10:52:54,$ 3342.08,100
3389,10:52:45,$ 3342.42,100
3390,10:52:41,$ 3343.00,151
3391,10:52:41,$ 3343.00,100
3392,10:52:41,$ 3343.00,100
3393,10:52:41,$ 3342.63,100
3394,10:52:41,$ 3342.65,100
3395,10:52:41,$ 3342.65,100
3396,10:52:40,$ 3342.64,100
3397,10:52:38,$ 3342.45,200
3398,10:52:37,$ 3342.23,100
3399,10:52:29,$ 3342.31,100
3400,10:52:23,$ 3342.995,100
3401,10:52:08,$ 3343.94,100
3402,10:51:56,$ 3343.56,100
3403,10:51:56,$ 3344.17,253
3404,10:51:56,$ 3344.17,193
3406,10:51:56,$ 3343.56,100
3407,10:51:56,$ 3343.55,100
3408,10:51:49,$ 3343.50,100
3409,10:51:39,$ 3344.34,100
3410,10:51:39,$ 3344.34,100
3411,10:51:30,$ 3343.34,100
3412,10:51:30,$ 3343.77,400
3413,10:51:25,$ 3344.44,100
3414,10:51:20,$ 3343.46,100
3415,10:51:04,$ 3344.03,100
3416,10:51:04,$ 3344.20,440
3417,10:51:03,$ 3344.46,100
3418,10:51:03,$ 3344.46,100
3419,10:51:02,$ 3345.00,429
3420,10:51:02,$ 3345.00,200
3421,10:51:02,$ 3345.00,100
3422,10:51:02,$ 3345.00,100
3423,10:50:48,$ 3345.55,100
3424,10:50:40,$ 3345.08,100
3425,10:50:30,$ 3346.34,100
3427,10:50:04,$ 3346.92,125
3428,10:49:55,$ 3347.35,100
3429,10:49:41,$ 3348.20,100
3430,10:49:41,$ 3348.20,100
3431,10:49:23,$ 3347.70,100
3432,10:49:15,$ 3346.4498,194
3433,10:49:12,$ 3345.96,100
3434,10:49:10,$ 3345.00,443
3435,10:49:10,$ 3345.00,114
3436,10:49:10,$ 3345.00,512
3437,10:49:10,$ 3345.00,300
3438,10:49:10,$ 3345.00,288
3439,10:49:10,$ 3345.00,100
3440,10:49:10,$ 3345.00,100
3441,10:49:10,$ 3345.00,600
3442,10:49:10,$ 3345.00,100
3443,10:49:10,$ 3345.00,261
3444,10:49:10,$ 3345.00,100
3445,10:49:10,$ 3345.00,478
3446,10:49:06,$ 3346.04,100
3448,10:49:03,$ 3346.075,100
3449,10:48:52,$ 3345.8691,310
3450,10:48:49,$ 3345.50,100
3451,10:48:49,$ 3346.00,132
3452,10:48:49,$ 3346.00,100
3453,10:48:37,$ 3347.7025,100
3454,10:48:37,$ 3347.745,100
3455,10:48:37,$ 3347.00,190
3456,10:48:33,$ 3348.10,100
3457,10:48:33,$ 3348.00,195
3458,10:48:19,$ 3348.80,100
3459,10:48:17,$ 3348.66,100
3460,10:48:17,$ 3348.50,107
3461,10:48:03,$ 3348.95,100
3462,10:47:53,$ 3348.79,110
3463,10:47:53,$ 3348.78,100
3464,10:47:53,$ 3348.75,100
3465,10:47:53,$ 3349.17,120
3466,10:47:53,$ 3349.16,100
3467,10:47:50,$ 3349.53,100
3469,10:47:50,$ 3349.54,100
3470,10:47:50,$ 3349.54,100
3471,10:47:36,$ 3348.7201,350
3472,10:47:14,$ 3349.01,100
3473,10:47:10,$ 3348.65,100
3474,10:47:01,$ 3349.02,100
3475,10:47:01,$ 3349.23,100
3476,10:47:01,$ 3349.02,100
3477,10:47:01,$ 3349.03,100
3478,10:47:01,$ 3349.02,100
3479,10:47:01,$ 3349.6325,100
3480,10:47:00,$ 3349.805,100
3481,10:46:58,$ 3349.32,100
3482,10:46:51,$ 3350.205,294
3483,10:46:51,$ 3350.21,100
3484,10:46:47,$ 3349.80,100
3485,10:46:47,$ 3349.88,100
3486,10:46:47,$ 3349.88,100
3487,10:46:35,$ 3350.72,100
3488,10:46:35,$ 3351.00,112
3490,10:46:33,$ 3351.8975,100
3491,10:46:28,$ 3351.10,100
3492,10:46:08,$ 3350.527,171
3493,10:46:08,$ 3350.05,100
3494,10:46:07,$ 3350.00,100
3495,10:45:20,$ 3352.10,100
3496,10:45:20,$ 3352.68,100
3497,10:45:10,$ 3353.00,100
3498,10:45:00,$ 3353.88,100
3499,10:44:28,$ 3354.85,100
3500,10:44:25,$ 3355.49,100
3501,10:44:22,$ 3355.02,100
3502,10:44:22,$ 3355.02,100
3503,10:44:22,$ 3355.14,100
3504,10:44:22,$ 3355.02,100
3505,10:44:22,$ 3355.02,100
3506,10:44:15,$ 3354.49,105
3507,10:44:09,$ 3354.48,100
3508,10:44:02,$ 3354.16,100
3509,10:43:45,$ 3354.655,100
3511,10:43:42,$ 3354.19,100
3512,10:43:42,$ 3354.15,100
3513,10:43:40,$ 3354.73,100
3514,10:42:35,$ 3353.50,100
3515,10:42:29,$ 3353.005,100
3516,10:40:58,$ 3354.025,100
3517,10:40:58,$ 3354.67,100
3518,10:40:55,$ 3354.21,100
3519,10:40:55,$ 3354.21,100
3520,10:40:55,$ 3354.21,100
3521,10:40:23,$ 3353.075,200
3522,10:39:47,$ 3354.0937,122
3523,10:39:38,$ 3353.31,100
3524,10:39:38,$ 3353.31,100
3525,10:39:38,$ 3353.31,100
3526,10:39:37,$ 3352.71,100
3527,10:39:27,$ 3352.56,100
3528,10:39:06,$ 3353.86,100
3529,10:38:49,$ 3353.90,199
3530,10:38:38,$ 3354.47,100
3532,10:38:36,$ 3354.45,100
3533,10:38:36,$ 3354.43,100
3534,10:38:31,$ 3355.00,100
3535,10:37:53,$ 3353.77,100
3536,10:37:53,$ 3354.23,100
3537,10:37:53,$ 3353.82,100
3538,10:37:53,$ 3353.90,100
3539,10:37:44,$ 3354.02,100
3540,10:37:44,$ 3353.94,100
3541,10:37:44,$ 3354.02,100
3542,10:37:44,$ 3353.94,100
3543,10:37:41,$ 3353.34,100
3544,10:37:39,$ 3353.25,100
3545,10:37:39,$ 3353.25,100
3546,10:37:39,$ 3353.35,100
3547,10:37:39,$ 3353.355,100
3548,10:37:39,$ 3353.355,100
3549,10:37:39,$ 3352.86,100
3550,10:37:29,$ 3353.17,100
3551,10:37:06,$ 3353.06,250
3553,10:36:50,$ 3352.45,100
3554,10:36:44,$ 3351.81,100
3555,10:36:40,$ 3351.6028,100
3556,10:36:39,$ 3352.00,100
3557,10:36:12,$ 3353.02,100
3558,10:36:08,$ 3353.18,100
3559,10:36:07,$ 3353.93,100
3560,10:35:46,$ 3353.39,100
3561,10:35:46,$ 3353.50,100
3562,10:35:46,$ 3353.46,100
3563,10:35:31,$ 3353.00,100
3564,10:35:25,$ 3352.7416,100
3565,10:35:22,$ 3353.52,100
3566,10:35:22,$ 3353.52,100
3567,10:35:22,$ 3353.52,100
3568,10:35:15,$ 3353.09,100
3569,10:35:02,$ 3353.40,100
3570,10:34:59,$ 3353.63,100
3571,10:34:31,$ 3354.06,100
3572,10:34:17,$ 3354.92,100
3574,10:34:07,$ 3353.00,100
3575,10:34:06,$ 3353.50,100
3576,10:34:02,$ 3354.215,100
3577,10:33:43,$ 3354.37,100
3578,10:33:43,$ 3354.33,100
3579,10:33:40,$ 3354.74,100
3580,10:33:37,$ 3355.697,110
3581,10:33:31,$ 3354.33,100
3582,10:33:31,$ 3354.32,100
3583,10:33:31,$ 3354.33,100
3584,10:33:22,$ 3353.19,133
3585,10:33:19,$ 3353.99,100
3586,10:33:13,$ 3354.4164,240
3587,10:33:13,$ 3355.07,100
3588,10:32:57,$ 3354.803,100
3589,10:32:51,$ 3355.00,100
3590,10:32:51,$ 3355.00,100
3591,10:32:41,$ 3353.69,140
3592,10:32:24,$ 3353.485,160
3593,10:32:21,$ 3354.30,100
3595,10:32:13,$ 3353.24,100
3596,10:32:03,$ 3353.3697,105
3597,10:31:59,$ 3352.66,100
3598,10:31:59,$ 3352.66,100
3599,10:31:41,$ 3353.4568,256
3600,10:31:41,$ 3352.21,141
3601,10:31:41,$ 3352.84,100
3602,10:31:41,$ 3352.88,100
3603,10:31:41,$ 3352.95,100
3604,10:31:34,$ 3353.09,100
3605,10:31:34,$ 3352.40,100
3606,10:31:34,$ 3352.35,100
3607,10:31:34,$ 3352.79,166
3608,10:31:27,$ 3353.32,100
3609,10:31:27,$ 3353.32,100
3610,10:31:18,$ 3352.81,100
3611,10:31:17,$ 3352.73,100
3612,10:31:15,$ 3352.50,100
3613,10:31:05,$ 3352.03,100
3614,10:31:01,$ 3351.768,130
3616,10:30:59,$ 3351.48,100
3617,10:30:59,$ 3351.48,100
3618,10:30:49,$ 3352.50,100
3619,10:30:42,$ 3352.23,100
3620,10:30:33,$ 3352.00,100
3621,10:30:25,$ 3350.88,100
3622,10:30:02,$ 3349.88,100
3623,10:30:02,$ 3349.88,100
3625,11:29:58,$ 3338.235,100
3626,11:29:57,$ 3338.12,100
3627,11:29:20,$ 3337.747,100
3628,11:28:52,$ 3337.0201,100
3629,11:28:40,$ 3338.235,100
3630,11:28:36,$ 3338.115,100
3631,11:28:36,$ 3338.115,100
3632,11:28:30,$ 3337.36,100
3633,11:28:12,$ 3336.60,100
3634,11:28:10,$ 3335.10,100
3635,11:28:09,$ 3335.00,288
3636,11:28:09,$ 3335.00,100
3637,11:28:09,$ 3335.02,100
3638,11:28:09,$ 3335.00,372
3639,11:28:09,$ 3335.00,193
3640,11:28:09,$ 3336.02,100
3641,11:28:09,$ 3336.00,100
3642,11:27:53,$ 3336.675,100
3643,11:27:51,$ 3336.95,100
3644,11:27:51,$ 3336.95,100
3646,11:27:51,$ 3336.95,100
3647,11:27:33,$ 3336.97,200
3648,11:27:27,$ 3336.20,100
3649,11:27:13,$ 3337.42,100
3650,11:27:02,$ 3337.00,100
3651,11:26:37,$ 3337.0342,175
3652,11:26:01,$ 3336.52,100
3653,11:25:58,$ 3335.79,100
3654,11:25:54,$ 3336.21,100
3655,11:25:30,$ 3336.62,100
3656,11:25:28,$ 3336.81,100
3657,11:25:28,$ 3336.81,100
3658,11:25:26,$ 3336.45,100
3659,11:25:16,$ 3336.63,100
3660,11:24:55,$ 3335.0201,100
3661,11:24:39,$ 3336.91,100
3662,11:24:25,$ 3336.33,100
3663,11:24:17,$ 3336.59,100
3664,11:24:14,$ 3337.2046,100
3665,11:23:39,$ 3337.08,100
3667,11:23:21,$ 3336.90,329
3668,11:23:20,$ 3337.20,100
3669,11:23:20,$ 3336.90,100
3670,11:23:20,$ 3336.90,232
3671,11:23:20,$ 3336.90,166
3672,11:23:10,$ 3336.92,100
3673,11:22:55,$ 3336.19,100
3674,11:22:55,$ 3336.19,100
3675,11:22:51,$ 3335.965,"1,250"
3676,11:22:50,$ 3335.53,140
3677,11:22:50,$ 3335.53,316
3678,11:22:50,$ 3335.93,140
3679,11:22:50,$ 3335.51,100
3680,11:22:50,$ 3335.52,100
3681,11:22:50,$ 3335.49,100
3682,11:22:50,$ 3335.51,100
3683,11:22:50,$ 3335.52,100
3684,11:22:50,$ 3335.92,100
3685,11:22:50,$ 3335.89,100
3686,11:22:50,$ 3335.91,100
3688,11:22:50,$ 3335.92,100
3689,11:22:45,$ 3335.18,100
3690,11:22:45,$ 3335.22,100
3691,11:22:30,$ 3334.13,"1,250"
3692,11:22:29,$ 3334.14,300
3693,11:22:29,$ 3334.00,200
3694,11:22:29,$ 3334.26,100
3695,11:22:29,$ 3334.54,100
3696,11:22:29,$ 3335.085,100
3697,11:22:29,$ 3335.15,100
3698,11:22:24,$ 3335.00,100
3699,11:22:24,$ 3335.25,100
3700,11:22:24,$ 3335.57,100
3701,11:22:24,$ 3336.13,100
3702,11:22:24,$ 3336.14,100
3703,11:22:24,$ 3336.1301,100
3704,11:22:24,$ 3336.1301,100
3705,11:22:24,$ 3336.12,100
3706,11:22:24,$ 3336.00,100
3707,11:22:24,$ 3336.1301,100
3709,11:22:24,$ 3336.49,100
3710,11:22:24,$ 3336.49,100
3711,11:22:23,$ 3336.83,100
3712,11:22:06,$ 3338.5081,191
3713,11:22:06,$ 3338.68,116
3714,11:22:06,$ 3338.28,116
3715,11:22:06,$ 3338.65,100
3716,11:22:06,$ 3338.25,100
3717,11:22:05,$ 3337.60,100
3718,11:22:05,$ 3337.60,100
3719,11:22:05,$ 3338.00,100
3720,11:22:05,$ 3338.00,100
3721,11:22:05,$ 3338.00,100
3722,11:22:05,$ 3337.60,100
3723,11:22:05,$ 3338.00,100
3724,11:22:05,$ 3337.60,100
3725,11:22:05,$ 3337.55,100
3726,11:22:05,$ 3337.95,100
3727,11:22:05,$ 3338.00,100
3728,11:21:55,$ 3336.475,100
3730,11:21:29,$ 3337.90,"1,250"
3731,11:21:26,$ 3336.93,"1,250"
3732,11:21:23,$ 3337.6899,200
3733,11:21:11,$ 3337.885,131
3734,11:21:00,$ 3338.19,100
3735,11:20:59,$ 3337.49,100
3736,11:20:59,$ 3337.49,100
3737,11:20:59,$ 3337.49,100
3738,11:20:59,$ 3337.43,100
3739,11:20:59,$ 3337.83,100
3740,11:20:59,$ 3337.83,100
3741,11:20:59,$ 3337.83,100
3742,11:20:59,$ 3337.43,100
3743,11:20:59,$ 3337.83,100
3744,11:20:59,$ 3337.38,100
3745,11:20:59,$ 3337.78,100
3746,11:20:59,$ 3337.32,100
3747,11:20:59,$ 3337.72,100
3748,11:20:59,$ 3337.035,100
3749,11:20:58,$ 3337.03,200
3751,11:20:38,$ 3336.98,100
3752,11:20:36,$ 3336.47,100
3753,11:20:36,$ 3336.46,100
3754,11:20:28,$ 3337.4773,590
3755,11:20:23,$ 3336.47,220
3756,11:20:23,$ 3336.47,200
3757,11:20:23,$ 3337.56,100
3758,11:20:23,$ 3336.80,100
3759,11:20:22,$ 3337.245,100
3760,11:20:06,$ 3337.37,100
3761,11:20:06,$ 3337.84,100
3762,11:20:00,$ 3337.66,100
3763,11:19:55,$ 3338.10,100
3764,11:19:26,$ 3338.195,"1,250"
3765,11:19:26,$ 3338.76,100
3766,11:19:26,$ 3338.29,100
3767,11:19:26,$ 3338.27,100
3768,11:19:26,$ 3338.25,100
3769,11:19:20,$ 3338.875,100
3770,11:19:07,$ 3338.245,100
3772,11:19:05,$ 3337.68,100
3773,11:19:04,$ 3339.00,214
3774,11:19:03,$ 3338.50,299
3775,11:19:03,$ 3338.50,100
3776,11:19:03,$ 3338.50,100
3777,11:19:03,$ 3337.79,100
3778,11:19:03,$ 3338.19,100
3779,11:19:03,$ 3338.19,100
3780,11:19:03,$ 3337.79,100
3781,11:19:03,$ 3337.79,100
3782,11:18:50,$ 3337.755,"1,250"
3783,11:18:48,$ 3338.39,100
3784,11:18:46,$ 3338.00,100
3785,11:18:43,$ 3337.68,299
3786,11:18:43,$ 3337.68,"1,126"
3787,11:18:21,$ 3338.45,240
3788,11:18:21,$ 3338.00,100
3789,11:18:19,$ 3336.2901,100
3790,11:18:11,$ 3337.055,"1,250"
3791,11:18:09,$ 3336.68,"1,221"
3793,11:18:00,$ 3336.83,400
3794,11:17:56,$ 3336.47,113
3795,11:17:54,$ 3336.75,100
3796,11:17:50,$ 3338.41,100
3797,11:17:50,$ 3338.24,100
3798,11:17:50,$ 3338.20,100
3799,11:17:48,$ 3337.705,"1,250"
3800,11:17:43,$ 3338.34,100
3801,11:17:28,$ 3336.49,100
3802,11:17:28,$ 3336.6126,100
3803,11:17:26,$ 3337.01,100
3804,11:16:56,$ 3336.79,100
3805,11:16:52,$ 3335.9897,100
3806,11:16:52,$ 3336.14,775
3807,11:16:52,$ 3335.99,100
3808,11:16:50,$ 3335.219,250
3809,11:16:50,$ 3335.215,"1,250"
3810,11:16:48,$ 3335.4588,"1,250"
3811,11:16:11,$ 3335.275,200
3812,11:16:10,$ 3335.28,"1,250"
3814,11:16:09,$ 3335.12,100
3815,11:16:09,$ 3335.02,100
3816,11:16:09,$ 3334.97,100
3817,11:16:09,$ 3334.94,299
3818,11:16:09,$ 3335.10,100
3819,11:16:09,$ 3334.72,100
3820,11:16:09,$ 3334.62,100
3821,11:16:09,$ 3334.57,100
3822,11:16:01,$ 3335.14,"1,250"
3823,11:16:00,$ 3334.83,100
3824,11:16:00,$ 3335.01,193
3825,11:16:00,$ 3335.01,136
3826,11:15:52,$ 3336.0618,100
3827,11:15:38,$ 3336.49,100
3828,11:15:29,$ 3335.93,"1,250"
3829,11:15:26,$ 3335.785,100
3830,11:15:16,$ 3336.28,200
3831,11:15:16,$ 3336.28,100
3832,11:15:16,$ 3335.3942,132
3833,11:15:16,$ 3335.11,178
3835,11:15:16,$ 3335.51,178
3836,11:15:16,$ 3335.36,100
3837,11:15:16,$ 3335.44,100
3838,11:15:16,$ 3335.37,100
3839,11:15:16,$ 3334.97,100
3840,11:15:16,$ 3334.96,100
3841,11:15:16,$ 3334.97,100
3842,11:15:16,$ 3335.71,100
3843,11:15:15,$ 3335.72,100
3844,11:15:15,$ 3335.71,100
3845,11:14:56,$ 3336.4899,100
3846,11:14:56,$ 3336.49,100
3847,11:14:40,$ 3336.15,100
3848,11:14:23,$ 3334.8201,120
3849,11:14:22,$ 3334.95,100
3850,11:14:22,$ 3335.55,"1,250"
3851,11:14:14,$ 3334.84,100
3852,11:14:14,$ 3335.28,"1,765"
3853,11:14:14,$ 3335.98,100
3854,11:14:14,$ 3335.82,100
3856,11:14:14,$ 3334.8798,100
3857,11:14:14,$ 3334.88,100
3858,11:14:11,$ 3334.18,100
3859,11:14:11,$ 3334.23,100
3860,11:14:11,$ 3334.23,100
3861,11:14:07,$ 3333.125,200
3862,11:14:05,$ 3333.13,"1,250"
3863,11:14:04,$ 3334.224,100
3864,11:14:02,$ 3332.5132,"1,243"
3865,11:13:46,$ 3334.32,200
3866,11:13:27,$ 3334.00,100
3867,11:13:27,$ 3334.01,100
3868,11:13:27,$ 3333.9986,351
3869,11:13:27,$ 3333.005,300
3870,11:13:27,$ 3333.892,100
3871,11:13:17,$ 3333.06,100
3872,11:13:12,$ 3333.685,100
3873,11:12:56,$ 3334.005,"1,250"
3874,11:12:23,$ 3336.96,"1,250"
3875,11:12:20,$ 3336.625,"1,250"
3877,11:12:17,$ 3336.30,200
3878,11:12:10,$ 3336.58,102
3879,11:12:10,$ 3336.58,112
3880,11:12:06,$ 3335.4635,200
3881,11:11:55,$ 3335.31,100
3882,11:11:55,$ 3335.31,100
3883,11:11:55,$ 3335.09,100
3884,11:11:52,$ 3335.42,100
3885,11:11:52,$ 3335.42,100
3886,11:11:43,$ 3335.14,200
3887,11:11:38,$ 3335.00,300
3888,11:11:38,$ 3335.00,100
3889,11:11:28,$ 3333.66,200
3890,11:11:28,$ 3333.66,100
3891,11:11:25,$ 3333.26,204
3892,11:11:25,$ 3333.65,100
3893,11:11:25,$ 3333.25,100
3894,11:11:25,$ 3333.65,320
3895,11:11:25,$ 3333.25,320
3896,11:11:02,$ 3333.45,100
3898,11:11:02,$ 3333.46,100
3899,11:10:49,$ 3332.5302,300
3900,11:10:37,$ 3333.025,"1,250"
3901,11:10:28,$ 3333.36,100
3902,11:10:24,$ 3333.35,100
3903,11:10:20,$ 3333.38,100
3904,11:10:07,$ 3333.25,100
3905,11:09:59,$ 3334.305,200
3906,11:09:55,$ 3333.08,100
3907,11:09:55,$ 3333.08,100
3908,11:09:55,$ 3333.11,100
3909,11:09:55,$ 3333.10,100
3910,11:09:55,$ 3333.06,100
3911,11:09:51,$ 3332.95,100
