,NLS Time (ET),NLS Price,NLS Share Volume
1,09:59:56,$ 3514.31,100
2,09:59:56,$ 3514.00,400
3,09:59:53,$ 3515.00,115
4,09:59:53,$ 3515.10,100
5,09:59:53,$ 3515.00,100
6,09:59:53,$ 3515.00,137
7,09:59:46,$ 3516.05,100
8,09:59:44,$ 3516.11,100
9,09:59:44,$ 3515.92,100
10,09:59:44,$ 3516.00,100
11,09:59:27,$ 3516.31,100
12,09:59:23,$ 3516.54,100
13,09:59:21,$ 3516.05,100
14,09:59:16,$ 3515.70,100
15,09:59:16,$ 3515.92,100
16,09:59:16,$ 3516.04,259
17,09:59:16,$ 3516.00,100
18,09:58:58,$ 3515.715,100
19,09:58:55,$ 3515.76,100
20,09:58:54,$ 3515.91,100
22,09:58:54,$ 3515.92,100
23,09:58:52,$ 3516.20,100
24,09:58:38,$ 3515.2501,546
25,09:58:38,$ 3515.2501,100
26,09:58:31,$ 3515.97,100
27,09:58:30,$ 3515.735,100
28,09:58:29,$ 3516.46,400
29,09:58:23,$ 3515.82,100
30,09:58:23,$ 3515.82,100
31,09:58:23,$ 3515.03,100
32,09:58:23,$ 3515.03,100
33,09:58:23,$ 3515.03,100
34,09:58:23,$ 3515.04,100
35,09:58:23,$ 3515.08,100
36,09:58:23,$ 3515.0001,210
37,09:58:19,$ 3515.955,100
38,09:58:18,$ 3515.09,100
39,09:58:18,$ 3515.00,100
40,09:58:18,$ 3515.31,100
41,09:58:18,$ 3515.845,178
43,09:58:18,$ 3515.85,100
44,09:58:16,$ 3515.94,200
45,09:58:15,$ 3515.94,100
46,09:58:14,$ 3515.94,100
47,09:58:13,$ 3515.94,100
48,09:58:13,$ 3515.94,100
49,09:58:13,$ 3515.64,100
50,09:58:09,$ 3515.77,100
51,09:58:07,$ 3516.54,100
52,09:58:01,$ 3516.75,100
53,09:58:01,$ 3517.35,100
54,09:58:01,$ 3517.06,100
55,09:58:01,$ 3517.07,100
56,09:57:55,$ 3516.61,100
57,09:57:55,$ 3516.61,100
58,09:57:51,$ 3517.00,100
59,09:57:51,$ 3517.16,100
60,09:57:43,$ 3517.00,100
61,09:57:42,$ 3517.28,100
62,09:57:42,$ 3517.1706,100
64,09:57:42,$ 3517.3143,100
65,09:57:42,$ 3517.32,100
66,09:57:36,$ 3517.21,100
67,09:57:36,$ 3517.00,100
68,09:57:36,$ 3517.00,100
69,09:57:36,$ 3517.01,100
70,09:57:35,$ 3517.16,100
71,09:57:35,$ 3517.07,100
72,09:57:35,$ 3517.04,100
73,09:57:33,$ 3518.00,100
74,09:57:27,$ 3518.16,100
75,09:57:17,$ 3518.00,299
76,09:57:15,$ 3518.755,200
77,09:57:11,$ 3519.40,100
78,09:57:11,$ 3519.58,100
79,09:56:56,$ 3520.01,100
80,09:56:56,$ 3520.01,500
81,09:56:56,$ 3519.665,100
82,09:56:56,$ 3519.665,100
83,09:56:56,$ 3520.02,100
85,09:56:56,$ 3520.02,100
86,09:56:46,$ 3519.88,100
87,09:56:41,$ 3520.635,300
88,09:56:36,$ 3521.00,100
89,09:56:36,$ 3520.0001,300
90,09:56:32,$ 3520.06,350
91,09:56:19,$ 3520.405,100
92,09:56:17,$ 3520.53,100
93,09:55:39,$ 3522.21,100
94,09:55:38,$ 3521.90,100
95,09:55:38,$ 3522.41,100
96,09:55:38,$ 3522.42,100
97,09:55:38,$ 3522.34,100
98,09:55:38,$ 3522.33,100
99,09:55:37,$ 3523.00,100
100,09:55:37,$ 3522.99,100
101,09:55:37,$ 3523.00,400
102,09:55:37,$ 3523.00,100
103,09:55:37,$ 3523.00,100
104,09:55:27,$ 3521.23,100
106,09:55:15,$ 3521.54,100
107,09:55:12,$ 3521.25,100
108,09:55:08,$ 3521.675,200
109,09:55:07,$ 3521.745,100
110,09:55:04,$ 3521.625,200
111,09:55:03,$ 3521.6166,300
112,09:55:01,$ 3521.47,100
113,09:55:01,$ 3522.81,200
114,09:55:01,$ 3521.94,100
115,09:55:01,$ 3521.775,100
116,09:55:01,$ 3521.88,100
117,09:55:01,$ 3521.865,100
118,09:55:01,$ 3521.84,100
119,09:54:56,$ 3520.66,100
120,09:54:56,$ 3520.72,100
121,09:54:56,$ 3520.60,100
122,09:54:53,$ 3520.11,100
123,09:54:52,$ 3520.68,100
124,09:54:52,$ 3520.15,100
125,09:54:52,$ 3520.00,900
127,09:54:52,$ 3520.00,100
128,09:54:52,$ 3520.00,100
129,09:54:52,$ 3520.00,100
130,09:54:52,$ 3519.61,400
131,09:54:52,$ 3519.05,100
132,09:54:41,$ 3519.00,100
133,09:54:41,$ 3518.59,100
134,09:54:39,$ 3518.925,100
135,09:54:35,$ 3519.24,106
136,09:54:34,$ 3519.25,100
137,09:54:21,$ 3517.3701,100
138,09:54:17,$ 3518.26,100
139,09:54:10,$ 3517.38,100
140,09:54:10,$ 3517.38,100
141,09:54:10,$ 3518.10,100
142,09:53:53,$ 3518.36,100
143,09:53:51,$ 3518.82,100
144,09:53:30,$ 3518.13,100
145,09:53:30,$ 3518.135,100
146,09:53:30,$ 3518.135,100
148,09:53:30,$ 3518.135,100
149,09:53:30,$ 3518.135,100
150,09:53:30,$ 3518.4638,281
151,09:53:14,$ 3519.73,100
152,09:53:05,$ 3518.89,100
153,09:52:55,$ 3519.00,100
154,09:52:43,$ 3516.91,100
155,09:52:41,$ 3517.025,121
156,09:52:38,$ 3517.03,100
157,09:52:33,$ 3517.025,100
158,09:52:31,$ 3517.025,100
159,09:52:30,$ 3518.00,100
160,09:52:30,$ 3518.00,300
161,09:52:30,$ 3517.33,100
162,09:52:30,$ 3517.40,100
163,09:52:28,$ 3517.83,100
164,09:52:28,$ 3517.65,100
165,09:52:28,$ 3517.80,100
166,09:52:28,$ 3517.68,100
167,09:52:28,$ 3518.00,100
169,09:52:28,$ 3517.34,100
170,09:52:25,$ 3516.665,100
171,09:52:23,$ 3517.00,400
172,09:52:23,$ 3517.00,800
173,09:52:23,$ 3517.00,100
174,09:52:23,$ 3517.00,100
175,09:52:15,$ 3517.67,100
176,09:52:13,$ 3518.65,100
177,09:52:13,$ 3518.65,100
178,09:52:13,$ 3518.74,100
179,09:52:09,$ 3519.01,100
180,09:51:54,$ 3518.26,100
181,09:51:47,$ 3519.535,100
182,09:51:37,$ 3517.94,100
183,09:51:13,$ 3519.90,100
184,09:51:13,$ 3519.50,100
185,09:51:13,$ 3519.50,100
186,09:51:09,$ 3519.41,200
187,09:51:07,$ 3519.41,141
188,09:50:57,$ 3519.00,100
190,09:50:53,$ 3518.82,100
191,09:50:42,$ 3518.50,100
192,09:50:40,$ 3519.33,100
193,09:50:33,$ 3519.99,100
194,09:50:32,$ 3519.35,153
195,09:50:29,$ 3517.14,100
196,09:50:28,$ 3517.90,100
197,09:50:25,$ 3518.26,100
198,09:50:11,$ 3518.795,100
199,09:50:08,$ 3518.80,100
200,09:50:06,$ 3518.64,100
201,09:50:06,$ 3518.54,166
202,09:50:06,$ 3519.27,100
203,09:49:50,$ 3518.55,182
204,09:49:31,$ 3518.999,426
205,09:49:28,$ 3519.3575,100
206,09:49:28,$ 3519.18,100
207,09:49:28,$ 3520.00,100
208,09:49:26,$ 3519.18,500
209,09:49:10,$ 3519.735,100
211,09:49:10,$ 3520.24,100
212,09:49:10,$ 3520.0218,400
213,09:49:09,$ 3519.83,100
214,09:49:09,$ 3519.74,100
215,09:49:06,$ 3519.615,100
216,09:49:02,$ 3520.26,176
217,09:48:56,$ 3520.26,400
218,09:48:55,$ 3520.00,100
219,09:48:55,$ 3520.00,100
220,09:48:52,$ 3519.655,100
221,09:48:51,$ 3519.705,100
222,09:48:50,$ 3520.00,100
223,09:48:50,$ 3519.50,100
224,09:48:47,$ 3520.00,100
225,09:48:40,$ 3519.03,100
226,09:48:35,$ 3519.44,100
227,09:48:35,$ 3519.44,100
228,09:48:35,$ 3519.26,100
229,09:48:35,$ 3519.06,100
230,09:48:35,$ 3519.26,100
232,09:48:25,$ 3517.02,100
233,09:48:17,$ 3517.75,100
234,09:47:57,$ 3517.2682,100
235,09:47:56,$ 3517.88,100
236,09:47:44,$ 3517.40,100
237,09:47:39,$ 3518.035,100
238,09:47:39,$ 3518.00,100
239,09:47:37,$ 3517.9999,170
240,09:47:35,$ 3517.704,100
241,09:47:35,$ 3517.40,100
242,09:47:35,$ 3517.38,100
243,09:47:31,$ 3516.95,100
244,09:47:27,$ 3515.57,100
245,09:47:15,$ 3514.955,100
246,09:47:11,$ 3514.955,100
247,09:47:05,$ 3515.055,100
248,09:47:05,$ 3515.055,100
249,09:47:03,$ 3515.00,100
250,09:47:02,$ 3515.00,100
251,09:46:52,$ 3515.91,100
253,09:46:48,$ 3516.01,100
254,09:46:45,$ 3515.595,100
255,09:46:45,$ 3515.15,100
256,09:46:44,$ 3515.54,400
257,09:46:39,$ 3516.30,100
258,09:46:32,$ 3517.17,300
259,09:46:31,$ 3515.085,100
260,09:46:15,$ 3516.55,100
261,09:46:12,$ 3515.77,100
262,09:46:05,$ 3515.35,"5,000"
263,09:45:51,$ 3514.51,100
264,09:45:51,$ 3514.51,100
265,09:45:51,$ 3514.90,100
266,09:45:48,$ 3515.5342,400
267,09:45:46,$ 3515.77,100
268,09:45:46,$ 3516.39,100
269,09:45:29,$ 3516.065,100
270,09:45:24,$ 3515.775,100
271,09:45:24,$ 3515.775,100
272,09:45:19,$ 3515.17,100
274,09:45:05,$ 3514.96,100
275,09:45:03,$ 3515.22,100
276,09:45:03,$ 3515.44,100
277,09:44:55,$ 3514.9999,"1,000"
278,09:44:55,$ 3514.255,100
279,09:44:51,$ 3514.178,100
280,09:44:51,$ 3513.3401,220
281,09:44:51,$ 3514.19,100
282,09:44:42,$ 3513.92,100
283,09:44:42,$ 3513.90,100
284,09:44:37,$ 3513.6716,100
285,09:44:36,$ 3513.47,160
286,09:44:35,$ 3512.87,100
287,09:44:35,$ 3513.04,100
288,09:44:35,$ 3513.04,100
289,09:44:35,$ 3513.04,100
290,09:44:31,$ 3512.94,100
291,09:44:31,$ 3513.74,130
292,09:44:29,$ 3512.84,300
293,09:44:29,$ 3513.8375,100
295,09:44:29,$ 3513.8475,100
296,09:44:29,$ 3513.00,100
297,09:44:26,$ 3513.10,100
298,09:44:24,$ 3513.00,100
299,09:44:23,$ 3514.7899,100
300,09:44:23,$ 3514.6475,100
301,09:44:22,$ 3514.00,100
302,09:44:22,$ 3514.08,400
303,09:44:22,$ 3514.00,100
304,09:44:19,$ 3515.205,100
305,09:44:16,$ 3514.67,100
306,09:43:57,$ 3514.68,100
307,09:43:57,$ 3514.36,100
308,09:43:57,$ 3515.7275,100
309,09:43:57,$ 3515.735,100
310,09:43:57,$ 3515.5975,100
311,09:43:56,$ 3515.08,100
312,09:43:56,$ 3515.28,100
313,09:43:56,$ 3516.02,100
314,09:43:55,$ 3516.40,100
316,09:43:55,$ 3516.40,190
317,09:43:54,$ 3516.4001,125
318,09:43:52,$ 3517.00,900
319,09:43:42,$ 3518.47,125
320,09:43:40,$ 3518.60,100
321,09:43:21,$ 3520.0184,283
322,09:43:21,$ 3520.865,100
323,09:43:21,$ 3520.93,100
324,09:43:07,$ 3522.43,100
325,09:43:04,$ 3522.50,240
326,09:43:04,$ 3521.7501,981
327,09:43:04,$ 3522.00,100
328,09:43:03,$ 3522.00,100
329,09:43:03,$ 3522.00,100
330,09:43:01,$ 3521.975,100
331,09:43:01,$ 3521.93,100
332,09:42:59,$ 3520.93,100
333,09:42:58,$ 3520.00,351
334,09:42:58,$ 3519.78,100
335,09:42:58,$ 3519.85,100
337,09:42:58,$ 3520.00,100
338,09:42:58,$ 3520.00,"1,000"
339,09:42:58,$ 3520.00,100
340,09:42:57,$ 3518.95,100
341,09:42:50,$ 3519.705,100
342,09:42:50,$ 3519.68,100
343,09:42:49,$ 3518.58,100
344,09:42:46,$ 3519.57,100
345,09:42:44,$ 3519.4763,125
346,09:42:34,$ 3518.59,100
347,09:42:28,$ 3517.61,100
348,09:42:28,$ 3517.36,100
349,09:42:11,$ 3517.3903,125
350,09:42:10,$ 3517.5219,100
351,09:41:57,$ 3518.175,300
352,09:41:53,$ 3518.175,100
353,09:41:52,$ 3518.175,100
354,09:41:48,$ 3518.37,100
355,09:41:46,$ 3518.27,100
356,09:41:46,$ 3518.485,100
358,09:41:41,$ 3518.737,100
359,09:41:37,$ 3517.88,100
360,09:41:28,$ 3518.12,100
361,09:41:27,$ 3519.5555,100
362,09:41:21,$ 3519.40,100
363,09:41:21,$ 3519.29,100
364,09:41:09,$ 3518.425,100
365,09:41:09,$ 3519.18,374
366,09:41:05,$ 3519.73,100
367,09:41:04,$ 3519.75,100
368,09:40:58,$ 3518.60,120
369,09:40:52,$ 3518.03,100
370,09:40:50,$ 3519.0999,125
371,09:40:48,$ 3518.88,100
372,09:40:48,$ 3518.28,100
373,09:40:47,$ 3517.78,100
374,09:40:36,$ 3519.17,266
375,09:40:34,$ 3516.69,112
376,09:40:25,$ 3518.03,100
377,09:40:21,$ 3518.43,100
379,09:40:19,$ 3518.83,100
380,09:40:19,$ 3518.785,100
381,09:40:18,$ 3518.285,100
382,09:40:17,$ 3518.5335,125
383,09:40:16,$ 3517.64,100
384,09:40:15,$ 3517.30,100
385,09:40:05,$ 3516.38,100
386,09:40:01,$ 3515.69,"1,000"
387,09:40:01,$ 3515.30,100
388,09:40:00,$ 3515.70,100
389,09:39:56,$ 3516.18,100
390,09:39:56,$ 3516.18,100
391,09:39:55,$ 3515.735,500
392,09:39:53,$ 3516.43,100
393,09:39:52,$ 3516.34,100
394,09:39:49,$ 3516.53,100
395,09:39:32,$ 3515.00,100
396,09:39:32,$ 3517.06,100
397,09:39:29,$ 3517.07,100
398,09:39:29,$ 3517.07,100
400,09:39:28,$ 3517.535,100
401,09:39:28,$ 3517.3454,300
402,09:39:25,$ 3517.814,100
403,09:39:10,$ 3518.45,100
404,09:39:10,$ 3517.51,425
405,09:39:05,$ 3516.94,200
406,09:39:04,$ 3517.94,100
407,09:39:03,$ 3516.27,100
408,09:39:02,$ 3516.085,100
409,09:39:00,$ 3516.725,200
410,09:38:59,$ 3515.43,100
411,09:38:52,$ 3515.40,100
412,09:38:51,$ 3514.30,100
413,09:38:51,$ 3514.24,100
414,09:38:51,$ 3513.84,100
415,09:38:51,$ 3514.18,100
416,09:38:51,$ 3514.19,100
417,09:38:49,$ 3514.30,200
418,09:38:47,$ 3514.60,100
419,09:38:47,$ 3514.77,100
421,09:38:45,$ 3514.77,152
422,09:38:42,$ 3514.49,100
423,09:38:42,$ 3514.49,100
424,09:38:42,$ 3514.72,100
425,09:38:42,$ 3514.72,100
426,09:38:42,$ 3514.82,100
427,09:38:42,$ 3514.82,100
428,09:38:42,$ 3514.82,100
429,09:38:42,$ 3514.82,100
430,09:38:42,$ 3514.58,100
431,09:38:39,$ 3512.43,500
432,09:38:35,$ 3513.90,100
433,09:38:31,$ 3515.40,100
434,09:38:31,$ 3514.66,"4,700"
435,09:38:31,$ 3514.66,400
436,09:38:31,$ 3514.8488,100
437,09:38:27,$ 3514.38,400
438,09:38:27,$ 3513.52,100
439,09:38:27,$ 3513.57,100
440,09:38:26,$ 3513.52,100
442,09:38:26,$ 3513.52,100
443,09:38:26,$ 3513.78,100
444,09:38:26,$ 3513.83,117
445,09:38:25,$ 3513.89,100
446,09:38:22,$ 3513.51,100
447,09:38:22,$ 3514.02,100
448,09:38:22,$ 3514.00,100
449,09:38:22,$ 3512.93,100
450,09:38:22,$ 3515.00,100
451,09:38:22,$ 3515.38,100
452,09:38:22,$ 3515.25,100
453,09:38:19,$ 3516.185,100
454,09:38:12,$ 3517.21,125
455,09:38:10,$ 3515.85,100
456,09:37:55,$ 3517.9827,100
457,09:37:46,$ 3519.0699,260
458,09:37:41,$ 3518.99,100
459,09:37:34,$ 3518.55,100
460,09:37:21,$ 3520.00,100
461,09:37:21,$ 3519.29,100
463,09:37:21,$ 3519.30,100
464,09:37:13,$ 3519.74,100
465,09:37:12,$ 3520.54,125
466,09:37:11,$ 3519.88,100
467,09:37:10,$ 3519.99,239
468,09:37:10,$ 3519.46,100
469,09:37:07,$ 3518.01,300
470,09:37:05,$ 3518.42,100
471,09:37:01,$ 3517.85,100
472,09:36:50,$ 3517.04,100
473,09:36:46,$ 3517.00,100
474,09:36:45,$ 3518.13,100
475,09:36:36,$ 3518.67,100
476,09:36:36,$ 3518.67,100
477,09:36:29,$ 3520.10,100
478,09:36:25,$ 3519.00,100
479,09:36:21,$ 3518.965,100
480,09:36:20,$ 3518.35,100
481,09:36:16,$ 3520.145,100
482,09:36:16,$ 3520.13,100
484,09:36:16,$ 3519.985,100
485,09:36:16,$ 3519.985,100
486,09:36:16,$ 3519.245,100
487,09:36:11,$ 3519.45,100
488,09:36:11,$ 3521.14,100
489,09:36:10,$ 3521.14,100
490,09:36:10,$ 3521.265,100
491,09:36:10,$ 3521.165,100
492,09:36:10,$ 3522.165,100
493,09:36:09,$ 3521.98,100
494,09:36:04,$ 3520.00,100
495,09:36:04,$ 3519.99,100
496,09:36:04,$ 3519.97,100
497,09:36:02,$ 3518.885,100
498,09:36:01,$ 3519.70,100
499,09:36:01,$ 3519.70,100
500,09:36:01,$ 3519.70,100
501,09:35:58,$ 3519.00,100
502,09:35:57,$ 3517.145,100
503,09:35:56,$ 3519.30,100
505,09:35:26,$ 3518.25,100
506,09:35:16,$ 3518.86,200
507,09:35:09,$ 3518.20,100
508,09:35:09,$ 3519.00,100
509,09:35:00,$ 3516.7901,125
510,09:34:52,$ 3519.445,100
511,09:34:52,$ 3519.445,100
512,09:34:52,$ 3519.445,100
513,09:34:52,$ 3521.53,100
514,09:34:52,$ 3520.23,100
515,09:34:52,$ 3522.185,100
516,09:34:52,$ 3522.16,100
517,09:34:52,$ 3522.185,100
518,09:34:52,$ 3522.15,100
519,09:34:52,$ 3522.14,100
520,09:34:47,$ 3522.1501,100
521,09:34:46,$ 3523.07,100
522,09:34:45,$ 3522.92,100
523,09:34:44,$ 3522.93,150
524,09:34:43,$ 3522.97,100
526,09:34:43,$ 3523.00,168
527,09:34:41,$ 3521.00,100
528,09:34:41,$ 3520.18,100
529,09:34:39,$ 3520.00,159
530,09:34:39,$ 3520.23,256
531,09:34:35,$ 3518.5201,100
532,09:34:32,$ 3519.80,100
533,09:34:31,$ 3519.755,100
534,09:34:21,$ 3516.61,100
535,09:34:21,$ 3517.05,110
536,09:34:04,$ 3515.69,100
537,09:34:04,$ 3515.69,100
538,09:34:04,$ 3515.74,200
539,09:34:04,$ 3515.537,300
540,09:34:04,$ 3515.43,100
541,09:34:04,$ 3515.655,100
542,09:34:04,$ 3515.1835,100
543,09:34:02,$ 3517.12,100
544,09:34:02,$ 3516.88,100
545,09:34:00,$ 3517.84,100
547,09:33:59,$ 3518.5075,125
548,09:33:57,$ 3517.02,100
549,09:33:57,$ 3516.50,111
550,09:33:54,$ 3515.505,100
551,09:33:54,$ 3514.4599,"1,500"
552,09:33:53,$ 3515.19,100
553,09:33:53,$ 3515.26,100
554,09:33:53,$ 3516.95,100
555,09:33:47,$ 3514.74,100
556,09:33:47,$ 3514.74,100
557,09:33:46,$ 3515.58,100
558,09:33:45,$ 3516.0882,300
559,09:33:39,$ 3515.29,100
560,09:33:35,$ 3516.68,197
561,09:33:34,$ 3516.825,284
562,09:33:34,$ 3517.44,100
563,09:33:19,$ 3519.79,100
564,09:33:19,$ 3520.89,100
565,09:33:18,$ 3520.71,100
566,09:33:18,$ 3521.065,125
568,09:33:17,$ 3520.71,100
569,09:33:17,$ 3520.71,100
570,09:33:17,$ 3520.71,100
571,09:33:17,$ 3520.76,100
572,09:33:17,$ 3520.71,100
573,09:33:17,$ 3519.74,100
574,09:33:17,$ 3521.98,100
575,09:33:14,$ 3521.0776,100
576,09:33:11,$ 3521.25,100
577,09:33:11,$ 3520.74,100
578,09:33:11,$ 3521.24,100
579,09:33:11,$ 3521.239,100
580,09:33:11,$ 3520.33,100
581,09:33:11,$ 3520.31,100
582,09:33:07,$ 3521.24,100
583,09:33:07,$ 3521.24,100
584,09:33:07,$ 3521.3237,250
585,09:33:06,$ 3520.539,100
586,09:33:03,$ 3520.89,100
587,09:33:00,$ 3520.276,100
589,09:33:00,$ 3520.292,100
590,09:33:00,$ 3520.44,100
591,09:32:59,$ 3519.3096,112
592,09:32:59,$ 3519.3096,388
593,09:32:57,$ 3522.00,100
594,09:32:57,$ 3521.385,100
595,09:32:56,$ 3521.66,100
596,09:32:54,$ 3521.67,100
597,09:32:53,$ 3521.68,100
598,09:32:53,$ 3521.68,100
599,09:32:51,$ 3521.88,100
600,09:32:48,$ 3521.89,100
601,09:32:48,$ 3522.4325,112
602,09:32:40,$ 3524.69,100
603,09:32:38,$ 3523.905,100
604,09:32:36,$ 3523.57,"1,100"
605,09:32:36,$ 3523.57,600
606,09:32:36,$ 3524.49,107
607,09:32:36,$ 3524.49,500
608,09:32:35,$ 3524.30,100
610,09:32:35,$ 3524.03,100
611,09:32:35,$ 3523.089,100
612,09:32:35,$ 3522.26,100
613,09:32:34,$ 3522.003,100
614,09:32:32,$ 3524.8599,100
615,09:32:27,$ 3523.1108,100
616,09:32:25,$ 3523.05,100
617,09:32:25,$ 3522.49,100
618,09:32:25,$ 3522.306,100
619,09:32:25,$ 3522.455,"1,000"
620,09:32:22,$ 3523.85,200
621,09:32:22,$ 3524.32,100
622,09:32:22,$ 3523.40,100
623,09:32:22,$ 3523.54,100
624,09:32:22,$ 3523.74,100
625,09:32:21,$ 3523.00,100
626,09:32:21,$ 3523.00,100
627,09:32:21,$ 3522.94,100
628,09:32:21,$ 3523.00,150
629,09:32:21,$ 3522.63,100
631,09:32:20,$ 3522.68,100
632,09:32:20,$ 3522.99,100
633,09:32:20,$ 3521.3085,100
634,09:32:18,$ 3521.3925,259
635,09:32:18,$ 3522.00,214
636,09:32:18,$ 3522.00,100
637,09:32:18,$ 3522.00,100
638,09:32:18,$ 3522.00,376
639,09:32:18,$ 3522.00,100
640,09:32:18,$ 3521.96,100
641,09:32:18,$ 3522.00,177
642,09:32:10,$ 3520.675,100
643,09:32:10,$ 3521.08,200
644,09:32:10,$ 3521.35,100
645,09:32:10,$ 3520.675,250
646,09:32:09,$ 3520.675,100
647,09:32:07,$ 3521.252,100
648,09:32:07,$ 3520.99,100
649,09:32:07,$ 3521.002,100
650,09:32:07,$ 3521.00,100
652,09:32:07,$ 3521.24,100
653,09:32:07,$ 3520.97,100
654,09:32:07,$ 3520.98,100
655,09:32:07,$ 3521.22,100
656,09:32:07,$ 3521.23,100
657,09:32:07,$ 3520.21,100
658,09:32:07,$ 3520.17,100
659,09:32:07,$ 3520.02,100
660,09:32:07,$ 3518.895,200
661,09:32:07,$ 3520.46,100
662,09:32:04,$ 3519.90,100
663,09:32:03,$ 3519.90,100
664,09:32:01,$ 3520.00,131
665,09:32:01,$ 3520.00,183
666,09:32:01,$ 3519.28,100
667,09:31:59,$ 3520.00,100
668,09:31:57,$ 3520.91,100
669,09:31:57,$ 3520.99,200
670,09:31:57,$ 3519.49,100
671,09:31:52,$ 3520.4617,112
673,09:31:51,$ 3520.54,"1,348"
674,09:31:51,$ 3520.78,129
675,09:31:51,$ 3520.74,100
676,09:31:40,$ 3519.676,108
677,09:31:40,$ 3518.9368,300
678,09:31:40,$ 3521.5399,100
679,09:31:39,$ 3519.295,100
680,09:31:38,$ 3519.41,100
681,09:31:38,$ 3519.85,100
682,09:31:37,$ 3521.01,100
683,09:31:31,$ 3522.01,150
684,09:31:31,$ 3522.33,100
685,09:31:29,$ 3522.34,100
686,09:31:29,$ 3522.22,100
687,09:31:24,$ 3521.99,172
688,09:31:24,$ 3521.65,100
689,09:31:21,$ 3521.00,100
690,09:31:20,$ 3521.00,200
691,09:31:18,$ 3520.50,136
692,09:31:17,$ 3519.8129,300
694,09:31:16,$ 3519.945,100
695,09:31:10,$ 3516.535,100
696,09:31:09,$ 3518.43,100
697,09:31:06,$ 3518.69,100
698,09:31:05,$ 3519.54,100
699,09:31:02,$ 3519.82,100
700,09:31:02,$ 3520.00,100
701,09:31:02,$ 3520.00,436
702,09:31:02,$ 3520.00,122
703,09:31:02,$ 3519.62,100
704,09:31:01,$ 3518.64,100
705,09:30:58,$ 3519.82,100
706,09:30:57,$ 3519.00,100
707,09:30:57,$ 3519.00,100
708,09:30:56,$ 3517.73,"1,500"
709,09:30:55,$ 3517.75,100
710,09:30:55,$ 3518.65,100
711,09:30:54,$ 3517.70,100
712,09:30:50,$ 3515.015,100
713,09:30:47,$ 3516.38,100
715,09:30:47,$ 3515.18,100
716,09:30:47,$ 3516.50,100
717,09:30:47,$ 3516.38,100
718,09:30:46,$ 3517.00,299
719,09:30:46,$ 3517.00,100
720,09:30:46,$ 3516.87,100
721,09:30:46,$ 3516.75,220
722,09:30:46,$ 3516.82,100
723,09:30:46,$ 3516.29,100
724,09:30:46,$ 3516.29,100
725,09:30:46,$ 3515.84,143
726,09:30:46,$ 3515.39,100
727,09:30:46,$ 3515.74,100
728,09:30:36,$ 3514.60,100
729,09:30:35,$ 3514.55,100
730,09:30:31,$ 3516.00,273
731,09:30:31,$ 3516.00,100
732,09:30:30,$ 3515.00,100
733,09:30:30,$ 3514.46,100
734,09:30:27,$ 3513.11,100
736,09:30:27,$ 3513.33,400
737,09:30:24,$ 3511.03,100
738,09:30:24,$ 3510.5475,100
739,09:30:24,$ 3510.5484,100
740,09:30:24,$ 3510.92,100
741,09:30:09,$ 3511.37,394
742,09:30:08,$ 3513.00,100
743,09:30:06,$ 3511.608,100
744,09:30:06,$ 3512.4476,200
745,09:30:06,$ 3512.00,100
746,09:30:06,$ 3511.79,100
747,09:30:03,$ 3511.18,100
748,09:30:03,$ 3510.00,100
749,09:30:03,$ 3510.00,100
750,09:30:03,$ 3508.94,142
751,09:30:03,$ 3508.53,300
752,09:30:02,$ 3507.64,1
753,09:30:02,$ 3507.64,2
754,09:30:02,$ 3507.64,1
755,09:30:02,$ 3507.64,"2,000"
757,09:30:02,$ 3507.64,1
758,09:30:02,$ 3507.64,2
759,09:30:02,$ 3507.64,10
760,09:30:02,$ 3507.64,1
761,09:30:02,$ 3507.64,1
762,09:30:02,$ 3507.64,23
763,09:30:02,$ 3507.64,20
764,09:30:02,$ 3507.64,1
765,09:30:02,$ 3507.64,2
766,09:30:02,$ 3507.64,85
767,09:30:02,$ 3507.64,1
768,09:30:02,$ 3507.64,6
769,09:30:02,$ 3507.64,5
770,09:30:02,$ 3507.64,1
771,09:30:02,$ 3507.64,8
772,09:30:02,$ 3507.64,2
773,09:30:02,$ 3507.64,2
774,09:30:02,$ 3507.64,10
775,09:30:02,$ 3507.64,11
776,09:30:02,$ 3507.64,3
778,09:30:02,$ 3507.64,20
779,09:30:02,$ 3507.64,1
780,09:30:02,$ 3507.64,1
781,09:30:02,$ 3507.64,4
782,09:30:02,$ 3507.64,2
783,09:30:02,$ 3507.64,4
784,09:30:02,$ 3507.64,2
785,09:30:02,$ 3507.64,10
786,09:30:02,$ 3507.64,17
787,09:30:02,$ 3507.64,11
788,09:30:02,$ 3507.64,2
789,09:30:02,$ 3507.64,4
790,09:30:02,$ 3507.64,10
791,09:30:02,$ 3507.64,3
792,09:30:02,$ 3507.64,8
793,09:30:02,$ 3507.64,1
794,09:30:02,$ 3507.64,28
795,09:30:02,$ 3507.64,1
796,09:30:02,$ 3507.64,5
797,09:30:02,$ 3507.64,1
799,09:30:02,$ 3507.64,1
800,09:30:02,$ 3507.64,5
801,09:30:02,$ 3507.64,3
802,09:30:02,$ 3507.64,12
803,09:30:02,$ 3507.64,1
804,09:30:02,$ 3507.64,4
805,09:30:02,$ 3507.64,1
806,09:30:02,$ 3507.64,2
807,09:30:02,$ 3507.64,2
808,09:30:02,$ 3507.64,1
809,09:30:02,$ 3507.64,1
810,09:30:02,$ 3507.64,2
811,09:30:02,$ 3507.64,3
812,09:30:02,$ 3507.64,4
813,09:30:02,$ 3507.64,23
814,09:30:02,$ 3507.64,22
815,09:30:02,$ 3507.64,2
816,09:30:02,$ 3507.64,2
817,09:30:02,$ 3507.64,10
818,09:30:02,$ 3507.64,8
820,09:30:02,$ 3507.64,5
821,09:30:02,$ 3507.64,3
822,09:30:02,$ 3507.64,1
823,09:30:02,$ 3507.64,2
824,09:30:02,$ 3507.64,5
825,09:30:02,$ 3507.64,1
826,09:30:02,$ 3507.64,5
827,09:30:02,$ 3507.64,2
828,09:30:02,$ 3507.64,5
829,09:30:02,$ 3507.64,2
830,09:30:02,$ 3507.64,5
831,09:30:02,$ 3507.64,2
832,09:30:02,$ 3507.64,5
833,09:30:02,$ 3507.64,2
834,09:30:02,$ 3507.64,5
835,09:30:02,$ 3507.64,8
836,09:30:02,$ 3507.64,4
837,09:30:02,$ 3507.64,1
838,09:30:02,$ 3507.64,1
839,09:30:02,$ 3507.64,1
841,09:30:02,$ 3507.64,25
842,09:30:02,$ 3507.64,1
843,09:30:02,$ 3507.64,2
844,09:30:02,$ 3507.64,15
845,09:30:02,$ 3507.64,1
846,09:30:02,$ 3507.64,1
847,09:30:02,$ 3507.64,2
848,09:30:02,$ 3507.64,3
849,09:30:02,$ 3507.64,3
850,09:30:02,$ 3507.64,2
851,09:30:02,$ 3507.64,50
852,09:30:02,$ 3507.64,5
853,09:30:02,$ 3507.64,2
854,09:30:02,$ 3507.64,2
855,09:30:02,$ 3507.64,2
856,09:30:02,$ 3507.64,34
857,09:30:02,$ 3507.64,1
858,09:30:02,$ 3507.64,16
859,09:30:02,$ 3507.64,7
860,09:30:02,$ 3507.64,27
862,09:30:02,$ 3507.64,1
863,09:30:02,$ 3507.64,10
864,09:30:02,$ 3507.64,4
865,09:30:02,$ 3507.64,22
866,09:30:02,$ 3507.64,2
867,09:30:02,$ 3507.64,2
868,09:30:02,$ 3507.64,1
869,09:30:02,$ 3507.64,1
870,09:30:02,$ 3507.64,3
871,09:30:02,$ 3507.64,3
872,09:30:02,$ 3507.64,5
873,09:30:02,$ 3507.64,4
874,09:30:02,$ 3507.64,20
875,09:30:02,$ 3507.64,1
876,09:30:02,$ 3507.64,2
877,09:30:02,$ 3507.64,1
878,09:30:02,$ 3507.64,1
879,09:30:02,$ 3507.64,4
880,09:30:02,$ 3507.64,1
881,09:30:02,$ 3507.64,25
883,09:30:02,$ 3507.64,3
884,09:30:02,$ 3507.64,1
885,09:30:02,$ 3507.64,2
886,09:30:02,$ 3507.64,3
887,09:30:02,$ 3507.64,2
888,09:30:02,$ 3507.64,1
889,09:30:02,$ 3507.64,12
890,09:30:02,$ 3507.64,1
891,09:30:02,$ 3507.64,10
892,09:30:02,$ 3507.64,1
893,09:30:02,$ 3507.64,1
894,09:30:02,$ 3507.64,1
895,09:30:02,$ 3507.64,1
896,09:30:02,$ 3507.64,3
897,09:30:02,$ 3507.64,4
898,09:30:02,$ 3507.64,3
899,09:30:02,$ 3507.64,3
900,09:30:02,$ 3507.64,1
901,09:30:02,$ 3507.64,2
902,09:30:02,$ 3507.64,3
904,09:30:02,$ 3507.64,3
905,09:30:02,$ 3507.64,2
906,09:30:02,$ 3507.64,1
907,09:30:02,$ 3507.64,4
908,09:30:02,$ 3507.64,3
909,09:30:02,$ 3507.64,2
910,09:30:02,$ 3507.64,1
911,09:30:02,$ 3507.64,1
912,09:30:02,$ 3507.64,2
913,09:30:02,$ 3507.64,2
914,09:30:02,$ 3507.64,12
915,09:30:02,$ 3507.64,10
916,09:30:02,$ 3507.64,1
917,09:30:02,$ 3507.64,10
918,09:30:02,$ 3507.64,9
919,09:30:02,$ 3507.64,8
920,09:30:02,$ 3507.64,1
921,09:30:02,$ 3507.64,8
922,09:30:02,$ 3507.64,2
923,09:30:02,$ 3507.64,6
925,09:30:02,$ 3507.64,2
926,09:30:02,$ 3507.64,2
927,09:30:02,$ 3507.64,1
928,09:30:02,$ 3507.64,1
929,09:30:02,$ 3507.64,2
930,09:30:02,$ 3507.64,1
931,09:30:02,$ 3507.64,1
932,09:30:02,$ 3507.64,1
933,09:30:02,$ 3507.64,1
934,09:30:02,$ 3507.64,2
935,09:30:02,$ 3507.64,1
936,09:30:02,$ 3507.64,9
937,09:30:02,$ 3507.64,7
938,09:30:02,$ 3507.64,43
939,09:30:02,$ 3507.64,1
940,09:30:02,$ 3507.64,1
941,09:30:02,$ 3507.64,100
942,09:30:02,$ 3507.64,10
943,09:30:02,$ 3507.64,1
944,09:30:02,$ 3507.64,1
946,09:30:02,$ 3507.64,1
947,09:30:02,$ 3507.64,1
948,09:30:02,$ 3507.64,5
949,09:30:02,$ 3507.64,2
950,09:30:02,$ 3507.64,2
951,09:30:02,$ 3507.64,2
952,09:30:02,$ 3507.64,1
953,09:30:02,$ 3507.64,2
954,09:30:02,$ 3507.64,6
955,09:30:02,$ 3507.64,2
956,09:30:02,$ 3507.64,5
957,09:30:02,$ 3507.64,1
958,09:30:02,$ 3507.64,100
959,09:30:02,$ 3507.64,3
960,09:30:02,$ 3507.64,2
961,09:30:02,$ 3507.64,10
962,09:30:02,$ 3507.64,8
963,09:30:02,$ 3507.64,15
964,09:30:02,$ 3507.64,15
965,09:30:02,$ 3507.64,3
967,09:30:02,$ 3507.64,45
968,09:30:02,$ 3507.64,1
969,09:30:02,$ 3507.64,1
970,09:30:02,$ 3507.64,2
971,09:30:02,$ 3507.64,6
972,09:30:02,$ 3507.64,2
973,09:30:02,$ 3507.64,1
974,09:30:02,$ 3507.64,2
975,09:30:02,$ 3507.64,4
976,09:30:02,$ 3507.64,4
977,09:30:02,$ 3507.64,2
978,09:30:02,$ 3507.64,20
979,09:30:02,$ 3507.64,1
980,09:30:02,$ 3507.64,2
981,09:30:02,$ 3507.64,5
982,09:30:02,$ 3507.64,4
983,09:30:02,$ 3507.64,1
984,09:30:02,$ 3507.64,38
985,09:30:02,$ 3507.64,10
986,09:30:02,$ 3507.64,1
988,09:30:02,$ 3507.64,275
989,09:30:02,$ 3507.64,1
990,09:30:02,$ 3507.64,10
991,09:30:02,$ 3507.64,1
992,09:30:02,$ 3507.64,5
993,09:30:02,$ 3507.64,2
994,09:30:02,$ 3507.64,4
995,09:30:02,$ 3507.64,3
996,09:30:02,$ 3507.64,1
997,09:30:02,$ 3507.64,1
998,09:30:02,$ 3507.64,10
999,09:30:02,$ 3507.64,8
1000,09:30:02,$ 3507.64,5
1001,09:30:02,$ 3507.64,1
1002,09:30:02,$ 3507.64,1
1003,09:30:02,$ 3507.64,1
1004,09:30:02,$ 3507.64,14
1005,09:30:02,$ 3507.64,10
1006,09:30:02,$ 3507.64,3
1007,09:30:02,$ 3507.64,2
1009,09:30:02,$ 3507.64,1
1010,09:30:02,$ 3507.64,56
1011,09:30:02,$ 3507.64,2
1012,09:30:02,$ 3507.64,30
1013,09:30:02,$ 3507.64,2
1014,09:30:02,$ 3507.64,3
1015,09:30:02,$ 3507.64,1
1016,09:30:02,$ 3507.64,4
1017,09:30:02,$ 3507.64,2
1018,09:30:02,$ 3507.64,2
1019,09:30:02,$ 3507.64,1
1020,09:30:02,$ 3507.64,2
1021,09:30:02,$ 3507.64,3
1022,09:30:02,$ 3507.64,4
1023,09:30:02,$ 3507.64,1
1024,09:30:02,$ 3507.64,4
1025,09:30:02,$ 3507.64,2
1026,09:30:02,$ 3507.64,3
1027,09:30:02,$ 3507.64,3
1028,09:30:02,$ 3507.64,1
1030,09:30:02,$ 3507.64,3
1031,09:30:02,$ 3507.64,1
1032,09:30:02,$ 3507.64,71
1033,09:30:02,$ 3507.64,2
1034,09:30:02,$ 3507.64,3
1035,09:30:02,$ 3507.64,114
1036,09:30:02,$ 3507.64,1
1037,09:30:02,$ 3507.64,7
1038,09:30:02,$ 3507.64,1
1039,09:30:02,$ 3507.64,1
1040,09:30:02,$ 3507.64,30
1041,09:30:02,$ 3507.64,20
1042,09:30:02,$ 3507.64,40
1043,09:30:02,$ 3507.64,3
1044,09:30:02,$ 3507.64,1
1045,09:30:02,$ 3507.64,5
1046,09:30:02,$ 3507.64,1
1047,09:30:02,$ 3507.64,3
1048,09:30:02,$ 3507.64,1
1049,09:30:02,$ 3507.64,10
1051,09:30:02,$ 3507.64,11
1052,09:30:02,$ 3507.64,3
1053,09:30:02,$ 3507.64,1
1054,09:30:02,$ 3507.64,1
1055,09:30:02,$ 3507.64,10
1056,09:30:02,$ 3507.64,5
1057,09:30:02,$ 3507.64,1
1058,09:30:02,$ 3507.64,1
1059,09:30:02,$ 3507.64,100
1060,09:30:02,$ 3507.64,4
1061,09:30:02,$ 3507.64,5
1062,09:30:02,$ 3507.64,2
1063,09:30:02,$ 3507.64,1
1064,09:30:02,$ 3507.64,3
1065,09:30:02,$ 3507.64,5
1066,09:30:02,$ 3507.64,3
1067,09:30:02,$ 3507.64,1
1068,09:30:02,$ 3507.64,1
1069,09:30:02,$ 3507.64,6
1070,09:30:02,$ 3507.64,1
1072,09:30:02,$ 3507.64,9
1073,09:30:02,$ 3507.64,14
1074,09:30:02,$ 3507.64,5
1075,09:30:02,$ 3507.64,10
1076,09:30:02,$ 3507.64,4
1077,09:30:02,$ 3507.64,1
1078,09:30:02,$ 3507.64,1
1079,09:30:02,$ 3507.64,2
1080,09:30:02,$ 3507.64,1
1081,09:30:02,$ 3507.64,2
1082,09:30:02,$ 3507.64,1
1083,09:30:02,$ 3507.64,2
1084,09:30:02,$ 3507.64,3
1085,09:30:02,$ 3507.64,10
1086,09:30:02,$ 3507.64,21
1087,09:30:02,$ 3507.64,4
1088,09:30:02,$ 3507.64,1
1089,09:30:02,$ 3507.64,1
1090,09:30:02,$ 3507.64,5
1091,09:30:02,$ 3507.64,2
1093,09:30:02,$ 3507.64,2
1094,09:30:02,$ 3507.64,1
1095,09:30:02,$ 3507.64,14
1096,09:30:02,$ 3507.64,2
1097,09:30:02,$ 3507.64,2
1098,09:30:02,$ 3507.64,1
1099,09:30:02,$ 3507.64,5
1100,09:30:02,$ 3507.64,2
1101,09:30:02,$ 3507.64,28
1102,09:30:02,$ 3507.64,4
1103,09:30:02,$ 3507.64,2
1104,09:30:02,$ 3507.64,4
1105,09:30:02,$ 3507.64,10
1106,09:30:02,$ 3507.64,6
1107,09:30:02,$ 3507.64,3
1108,09:30:02,$ 3507.64,4
1109,09:30:02,$ 3507.64,28
1110,09:30:02,$ 3507.64,3
1111,09:30:02,$ 3507.64,1
1112,09:30:02,$ 3507.64,6
1114,09:30:02,$ 3507.64,10
1115,09:30:02,$ 3507.64,7
1116,09:30:02,$ 3507.64,1
1117,09:30:02,$ 3507.64,1
1118,09:30:02,$ 3507.64,3
1119,09:30:02,$ 3507.64,28
1120,09:30:02,$ 3507.64,5
1121,09:30:02,$ 3507.64,1
1122,09:30:02,$ 3507.64,3
1123,09:30:02,$ 3507.64,3
1124,09:30:02,$ 3507.64,3
1125,09:30:02,$ 3507.64,7
1126,09:30:02,$ 3507.64,6
1127,09:30:02,$ 3507.64,1
1128,09:30:02,$ 3507.64,2
1129,09:30:02,$ 3507.64,3
1130,09:30:02,$ 3507.64,1
1131,09:30:02,$ 3507.64,1
1132,09:30:02,$ 3507.64,1
1133,09:30:02,$ 3507.64,1
1135,09:30:02,$ 3507.64,1
1136,09:30:02,$ 3507.64,3
1137,09:30:02,$ 3507.64,2
1138,09:30:02,$ 3507.64,1
1139,09:30:02,$ 3507.64,10
1140,09:30:02,$ 3507.64,2
1141,09:30:02,$ 3507.64,1
1142,09:30:02,$ 3507.64,3
1143,09:30:02,$ 3507.64,25
1144,09:30:02,$ 3507.64,1
1145,09:30:02,$ 3507.64,1
1146,09:30:02,$ 3507.64,1
1147,09:30:02,$ 3507.64,1
1148,09:30:02,$ 3507.64,1
1149,09:30:02,$ 3507.64,10
1150,09:30:02,$ 3507.64,1
1151,09:30:02,$ 3507.64,2
1152,09:30:02,$ 3507.64,2
1153,09:30:02,$ 3507.64,24
1154,09:30:02,$ 3507.64,1
1156,09:30:02,$ 3507.64,3
1157,09:30:02,$ 3507.64,5
1158,09:30:02,$ 3507.64,10
1159,09:30:02,$ 3507.64,1
1160,09:30:02,$ 3507.64,10
1161,09:30:02,$ 3507.64,5
1162,09:30:02,$ 3507.64,2
1163,09:30:02,$ 3507.64,1
1164,09:30:02,$ 3507.64,5
1165,09:30:02,$ 3507.64,1
1166,09:30:02,$ 3507.64,1
1167,09:30:02,$ 3507.64,2
1168,09:30:02,$ 3507.64,11
1169,09:30:02,$ 3507.64,5
1170,09:30:02,$ 3507.64,1
1171,09:30:02,$ 3507.64,3
1172,09:30:02,$ 3507.64,9
1173,09:30:02,$ 3507.64,1
1174,09:30:02,$ 3507.64,1
1175,09:30:02,$ 3507.64,3
1177,09:30:02,$ 3507.64,8
1178,09:30:02,$ 3507.64,1
1179,09:30:02,$ 3507.64,15
1180,09:30:02,$ 3507.64,1
1181,09:30:02,$ 3507.64,1
1182,09:30:02,$ 3507.64,12
1183,09:30:02,$ 3507.64,83
1184,09:30:02,$ 3507.64,9
1185,09:30:02,$ 3507.64,2
1186,09:30:02,$ 3507.64,2
1187,09:30:02,$ 3507.64,20
1188,09:30:02,$ 3507.64,15
1189,09:30:02,$ 3507.64,1
1190,09:30:02,$ 3507.64,1
1191,09:30:02,$ 3507.64,6
1192,09:30:02,$ 3507.64,4
1193,09:30:02,$ 3507.64,24
1194,09:30:02,$ 3507.64,10
1195,09:30:02,$ 3507.64,25
1196,09:30:02,$ 3507.64,163
1198,09:30:02,$ 3507.64,9
1199,09:30:02,$ 3507.64,1
1200,09:30:02,$ 3507.64,1
1201,09:30:02,$ 3507.64,1
1202,09:30:02,$ 3507.64,10
1203,09:30:02,$ 3507.64,1
1204,09:30:02,$ 3507.64,1
1205,09:30:02,$ 3507.64,3
1206,09:30:02,$ 3507.64,1
1207,09:30:02,$ 3507.64,21
1208,09:30:02,$ 3507.64,9
1209,09:30:02,$ 3507.64,1
1210,09:30:02,$ 3507.64,1
1211,09:30:02,$ 3507.64,28
1212,09:30:02,$ 3507.64,1
1213,09:30:02,$ 3507.64,1
1214,09:30:02,$ 3507.64,2
1215,09:30:02,$ 3507.64,28
1216,09:30:02,$ 3507.64,2
1217,09:30:02,$ 3507.64,1
1219,09:30:02,$ 3507.64,2
1220,09:30:02,$ 3507.64,1
1221,09:30:02,$ 3507.64,1
1222,09:30:02,$ 3507.64,3
1223,09:30:02,$ 3507.64,1
1224,09:30:02,$ 3507.64,1
1225,09:30:02,$ 3507.64,4
1226,09:30:02,$ 3507.64,3
1227,09:30:02,$ 3507.64,1
1228,09:30:02,$ 3507.64,26
1229,09:30:02,$ 3507.64,10
1230,09:30:02,$ 3507.64,1
1231,09:30:02,$ 3507.64,2
1232,09:30:02,$ 3507.64,10
1233,09:30:02,$ 3507.64,1
1234,09:30:02,$ 3507.64,14
1235,09:30:02,$ 3507.64,15
1236,09:30:02,$ 3507.64,1
1237,09:30:02,$ 3507.64,1
1238,09:30:02,$ 3507.64,14
1240,09:30:02,$ 3507.64,1
1241,09:30:02,$ 3507.64,3
1242,09:30:02,$ 3507.64,1
1243,09:30:02,$ 3507.64,15
1244,09:30:02,$ 3507.64,1
1245,09:30:02,$ 3507.64,2
1246,09:30:02,$ 3507.64,1
1247,09:30:02,$ 3507.64,1
1248,09:30:02,$ 3507.64,1
1249,09:30:02,$ 3507.64,3
1250,09:30:02,$ 3507.64,5
1251,09:30:02,$ 3507.64,1
1252,09:30:02,$ 3507.64,2
1253,09:30:02,$ 3507.64,1
1254,09:30:02,$ 3507.64,1
1255,09:30:02,$ 3507.64,1
1256,09:30:02,$ 3507.64,1
1257,09:30:02,$ 3507.64,1
1258,09:30:02,$ 3507.64,1
1259,09:30:02,$ 3507.64,1
1261,09:30:02,$ 3507.64,1
1262,09:30:02,$ 3507.64,1
1263,09:30:02,$ 3507.64,2
1264,09:30:02,$ 3507.64,1
1265,09:30:02,$ 3507.64,1
1266,09:30:02,$ 3507.64,1
1267,09:30:02,$ 3507.64,5
1268,09:30:02,$ 3507.64,1
1269,09:30:02,$ 3507.64,1
1270,09:30:02,$ 3507.64,3
1271,09:30:02,$ 3507.64,3
1272,09:30:02,$ 3507.64,12
1273,09:30:02,$ 3507.64,1
1274,09:30:02,$ 3507.64,7
1275,09:30:02,$ 3507.64,2
1276,09:30:02,$ 3507.64,2
1277,09:30:02,$ 3507.64,1
1278,09:30:02,$ 3507.64,10
1279,09:30:02,$ 3507.64,1
1280,09:30:02,$ 3507.64,20
1282,09:30:02,$ 3507.64,1
1283,09:30:02,$ 3507.64,1
1284,09:30:02,$ 3507.64,1
1285,09:30:02,$ 3507.64,1
1286,09:30:02,$ 3507.64,1
1287,09:30:02,$ 3507.64,1
1288,09:30:02,$ 3507.64,14
1289,09:30:02,$ 3507.64,2
1290,09:30:02,$ 3507.64,5
1291,09:30:02,$ 3507.64,85
1292,09:30:02,$ 3507.64,4
1293,09:30:02,$ 3507.64,4
1294,09:30:02,$ 3507.64,3
1295,09:30:02,$ 3507.64,4
1296,09:30:02,$ 3507.64,6
1297,09:30:02,$ 3507.64,2
1298,09:30:02,$ 3507.64,20
1299,09:30:02,$ 3507.64,4
1300,09:30:02,$ 3507.64,1
1301,09:30:02,$ 3507.64,5
1303,09:30:02,$ 3507.64,5
1304,09:30:02,$ 3507.64,10
1305,09:30:02,$ 3507.64,5
1306,09:30:02,$ 3507.64,295
1307,09:30:02,$ 3507.64,6
1308,09:30:02,$ 3507.64,8
1309,09:30:02,$ 3507.64,63
1310,09:30:02,$ 3507.64,9
1311,09:30:02,$ 3507.64,22
1312,09:30:02,$ 3507.64,4
1313,09:30:02,$ 3507.64,50
1314,09:30:02,$ 3507.64,15
1315,09:30:02,$ 3507.64,8
1316,09:30:02,$ 3507.64,20
1317,09:30:02,$ 3507.64,6
1318,09:30:02,$ 3507.64,1
1319,09:30:02,$ 3507.64,5
1320,09:30:02,$ 3507.64,3
1321,09:30:02,$ 3507.64,1
1322,09:30:02,$ 3507.64,17
1324,09:30:02,$ 3507.64,24
1325,09:30:02,$ 3507.64,8
1326,09:30:02,$ 3507.64,1
1327,09:30:02,$ 3507.64,20
1328,09:30:02,$ 3507.64,10
1329,09:30:02,$ 3507.64,1
1330,09:30:02,$ 3507.64,1
1331,09:30:02,$ 3507.64,10
1332,09:30:02,$ 3507.64,3
1333,09:30:02,$ 3507.64,4
1334,09:30:02,$ 3507.64,12
1335,09:30:02,$ 3507.64,1
1336,09:30:02,$ 3507.64,13
1337,09:30:02,$ 3507.64,10
1338,09:30:02,$ 3507.64,15
1339,09:30:02,$ 3507.64,3
1340,09:30:02,$ 3507.64,2
1341,09:30:02,$ 3507.64,1
1342,09:30:02,$ 3507.64,2
1343,09:30:02,$ 3507.64,18
1345,09:30:02,$ 3507.64,5
1346,09:30:02,$ 3507.64,2
1347,09:30:02,$ 3507.64,20
1348,09:30:02,$ 3507.64,3
1349,09:30:02,$ 3507.64,17
1350,09:30:02,$ 3507.64,30
1351,09:30:02,$ 3507.64,15
1352,09:30:02,$ 3507.64,17
1353,09:30:02,$ 3507.64,7
1354,09:30:02,$ 3507.64,45
1355,09:30:02,$ 3507.64,2
1356,09:30:02,$ 3507.64,3
1357,09:30:02,$ 3507.64,1
1358,09:30:02,$ 3507.64,2
1359,09:30:02,$ 3507.64,2
1360,09:30:02,$ 3507.64,1
1361,09:30:02,$ 3507.64,2
1362,09:30:02,$ 3507.64,2
1363,09:30:02,$ 3507.64,2
1364,09:30:02,$ 3507.64,3
1366,09:30:02,$ 3507.64,2
1367,09:30:02,$ 3507.64,4
1368,09:30:02,$ 3507.64,1
1369,09:30:02,$ 3507.64,2
1370,09:30:02,$ 3507.64,2
1371,09:30:02,$ 3507.64,1
1372,09:30:02,$ 3507.64,1
1373,09:30:02,$ 3507.64,4
1374,09:30:02,$ 3507.64,1
1375,09:30:02,$ 3507.64,3
1376,09:30:02,$ 3507.64,4
1377,09:30:02,$ 3507.64,2
1378,09:30:02,$ 3507.64,12
1379,09:30:02,$ 3507.64,1
1380,09:30:02,$ 3507.64,1
1381,09:30:02,$ 3507.64,1
1382,09:30:02,$ 3507.64,1
1383,09:30:02,$ 3507.64,1
1384,09:30:02,$ 3507.64,4
1385,09:30:02,$ 3507.64,6
1387,09:30:02,$ 3507.64,1
1388,09:30:02,$ 3507.64,1
1389,09:30:02,$ 3507.64,100
1390,09:30:02,$ 3507.64,1
1391,09:30:02,$ 3507.64,15
1392,09:30:02,$ 3507.64,3
1393,09:30:02,$ 3507.64,4
1394,09:30:02,$ 3507.64,21
1395,09:30:02,$ 3507.64,1
1396,09:30:02,$ 3507.64,196
1397,09:30:02,$ 3507.64,1
1398,09:30:02,$ 3507.64,17
1399,09:30:02,$ 3507.64,1
1400,09:30:02,$ 3507.64,3
1401,09:30:02,$ 3507.64,6
1402,09:30:02,$ 3507.64,1
1403,09:30:02,$ 3507.64,2
1404,09:30:02,$ 3507.64,1
1405,09:30:02,$ 3507.64,4
1406,09:30:02,$ 3507.64,3
1408,09:30:02,$ 3507.64,7
1409,09:30:02,$ 3507.64,3
1410,09:30:02,$ 3507.64,1
1411,09:30:02,$ 3507.64,69
1412,09:30:02,$ 3507.64,143
1413,09:30:02,$ 3507.64,400
1414,09:30:02,$ 3507.64,500
1415,09:30:02,$ 3507.64,500
1416,09:30:02,$ 3507.64,42
1417,09:30:02,$ 3507.64,400
1418,09:30:02,$ 3507.64,8
1419,09:30:02,$ 3507.64,100
1420,09:30:02,$ 3507.64,8
1421,09:30:02,$ 3507.64,28
1422,09:30:02,$ 3507.64,14
1423,09:30:02,$ 3507.64,285
1424,09:30:02,$ 3507.64,35
1425,09:30:02,$ 3507.64,213
1426,09:30:02,$ 3507.64,142
1427,09:30:02,$ 3507.64,30
1429,09:30:02,$ 3507.64,138
1430,09:30:02,$ 3507.64,605
1431,09:30:02,$ 3507.64,5
1432,09:30:02,$ 3507.64,1
1433,09:30:02,$ 3507.64,6
1434,09:30:02,$ 3507.64,20
1435,09:30:02,$ 3507.64,1
1436,09:30:02,$ 3507.64,100
1437,09:30:02,$ 3507.64,1
1438,09:30:02,$ 3507.64,10
1439,09:30:02,$ 3507.64,10
1440,09:30:02,$ 3507.64,1
1441,09:30:02,$ 3507.64,100
1442,09:30:02,$ 3507.64,5
1443,09:30:02,$ 3507.64,1
1444,09:30:02,$ 3507.64,1
1445,09:30:02,$ 3507.64,1
1446,09:30:02,$ 3507.64,5
1447,09:30:02,$ 3507.64,5
1448,09:30:02,$ 3507.64,1
1450,09:30:02,$ 3507.64,3
1451,09:30:02,$ 3507.64,30
1452,09:30:02,$ 3507.64,100
1453,09:30:02,$ 3507.64,20
1454,09:30:02,$ 3507.64,20
1455,09:30:02,$ 3507.64,100
1456,09:30:02,$ 3507.64,1
1457,09:30:02,$ 3507.64,2
1458,09:30:02,$ 3507.64,6
1459,09:30:02,$ 3507.64,2
1460,09:30:02,$ 3507.64,50
1461,09:30:02,$ 3507.64,10
1462,09:30:02,$ 3507.64,1
1463,09:30:02,$ 3507.64,10
1464,09:30:02,$ 3507.64,1
1465,09:30:02,$ 3507.64,3
1466,09:30:02,$ 3507.64,2
1467,09:30:02,$ 3507.64,2
1468,09:30:02,$ 3507.64,5
1469,09:30:02,$ 3507.64,1
1471,09:30:02,$ 3507.64,15
1472,09:30:02,$ 3507.64,10
1473,09:30:02,$ 3507.64,2
1474,09:30:02,$ 3507.64,10
1475,09:30:02,$ 3507.64,7
1476,09:30:02,$ 3507.64,21
1477,09:30:02,$ 3507.64,50
1478,09:30:02,$ 3507.64,1
1479,09:30:02,$ 3507.64,8
1480,09:30:02,$ 3507.64,2
1481,09:30:02,$ 3507.64,1
1482,09:30:02,$ 3507.64,2
1483,09:30:02,$ 3507.64,3
1484,09:30:02,$ 3507.64,10
1485,09:30:02,$ 3507.64,4
1486,09:30:02,$ 3507.64,24
1487,09:30:02,$ 3507.64,1
1488,09:30:02,$ 3507.64,142
1489,09:30:02,$ 3507.64,15
1490,09:30:02,$ 3507.64,10
1492,09:30:02,$ 3507.64,3
1493,09:30:02,$ 3507.64,1
1494,09:30:02,$ 3507.64,5
1495,09:30:02,$ 3507.64,1
1496,09:30:02,$ 3507.64,2
1497,09:30:02,$ 3507.64,200
1498,09:30:02,$ 3507.64,554
1499,09:30:02,$ 3507.64,16
1500,09:30:02,$ 3507.64,10
1501,09:30:02,$ 3507.64,3
1502,09:30:02,$ 3507.64,5
1503,09:30:02,$ 3507.64,5
1504,09:30:02,$ 3507.64,20
1505,09:30:02,$ 3507.64,1
1506,09:30:02,$ 3507.64,10
1507,09:30:02,$ 3507.64,9
1508,09:30:02,$ 3507.64,100
1509,09:30:02,$ 3507.64,49
1510,09:30:02,$ 3507.64,400
1511,09:30:02,$ 3507.64,1
1513,09:30:02,$ 3507.64,2
1514,09:30:02,$ 3507.64,1
1515,09:30:02,$ 3507.64,8
1516,09:30:02,$ 3507.64,2
1517,09:30:02,$ 3507.64,100
1518,09:30:02,$ 3507.64,4
1519,09:30:02,$ 3507.64,23
1520,09:30:02,$ 3507.64,3
1521,09:30:02,$ 3507.64,79
1522,09:30:02,$ 3507.64,2
1523,09:30:02,$ 3507.64,100
1524,09:30:02,$ 3507.64,1
1525,09:30:02,$ 3507.64,10
1526,09:30:02,$ 3507.64,2
1527,09:30:02,$ 3507.64,1
1528,09:30:02,$ 3507.64,10
1529,09:30:02,$ 3507.64,49
1530,09:30:02,$ 3507.64,5
1531,09:30:02,$ 3507.64,10
1532,09:30:02,$ 3507.64,2
1534,09:30:02,$ 3507.64,1
1535,09:30:02,$ 3507.64,5
1536,09:30:02,$ 3507.64,10
1537,09:30:02,$ 3507.64,10
1538,09:30:02,$ 3507.64,1
1539,09:30:02,$ 3507.64,1
1540,09:30:02,$ 3507.64,1
1541,09:30:02,$ 3507.64,40
1542,09:30:02,$ 3507.64,2
1543,09:30:02,$ 3507.64,2
1544,09:30:02,$ 3507.64,2
1545,09:30:02,$ 3507.64,3
1546,09:30:02,$ 3507.64,1
1547,09:30:02,$ 3507.64,2
1548,09:30:02,$ 3507.64,10
1549,09:30:02,$ 3507.64,1
1550,09:30:02,$ 3507.64,49
1551,09:30:02,$ 3507.64,1
1552,09:30:02,$ 3507.64,5
1553,09:30:02,$ 3507.64,4
1555,09:30:02,$ 3507.64,2
1556,09:30:02,$ 3507.64,169
1557,09:30:02,$ 3507.64,5
1558,09:30:02,$ 3507.64,1
1559,09:30:02,$ 3507.64,31
1560,09:30:02,$ 3507.64,72
1561,09:30:02,$ 3507.64,7
1562,09:30:02,$ 3507.64,2
1563,09:30:02,$ 3507.64,3
1564,09:30:02,$ 3507.64,16
1565,09:30:02,$ 3507.64,5
1566,09:30:02,$ 3507.64,1
1567,09:30:02,$ 3507.64,1
1568,09:30:02,$ 3507.64,184
1569,09:30:02,$ 3507.64,70
1570,09:30:02,$ 3507.64,4
1571,09:30:02,$ 3507.64,20
1572,09:30:02,$ 3507.64,2
1573,09:30:02,$ 3507.64,2
1574,09:30:02,$ 3507.64,2
1576,09:30:02,$ 3507.64,1
1577,09:30:02,$ 3507.64,3
1578,09:30:02,$ 3507.64,1
1579,09:30:02,$ 3507.64,25
1580,09:30:02,$ 3507.64,5
1581,09:30:02,$ 3507.64,1
1582,09:30:02,$ 3507.64,1
1583,09:30:02,$ 3507.64,1
1584,09:30:02,$ 3507.64,25
1585,09:30:02,$ 3507.64,50
1586,09:30:02,$ 3507.64,3
1587,09:30:02,$ 3507.64,43
1588,09:30:02,$ 3507.64,2
1589,09:30:02,$ 3507.64,6
1590,09:30:02,$ 3507.64,7
1591,09:30:02,$ 3507.64,10
1592,09:30:02,$ 3507.64,1
1593,09:30:02,$ 3507.64,1
1594,09:30:02,$ 3507.64,5
1595,09:30:02,$ 3507.64,1
1597,09:30:02,$ 3507.64,18
1598,09:30:02,$ 3507.64,3
1599,09:30:02,$ 3507.64,8
1600,09:30:02,$ 3507.64,1
1601,09:30:02,$ 3507.64,300
1602,09:30:02,$ 3507.64,10
1603,09:30:02,$ 3507.64,1
1604,09:30:02,$ 3507.64,20
1605,09:30:02,$ 3507.64,30
1606,09:30:02,$ 3507.64,30
1607,09:30:02,$ 3507.64,30
1608,09:30:02,$ 3507.64,70
1609,09:30:02,$ 3507.64,50
1610,09:30:02,$ 3507.64,50
1611,09:30:02,$ 3507.64,70
1612,09:30:02,$ 3507.64,1
1613,09:30:02,$ 3507.64,10
1614,09:30:02,$ 3507.64,1
1615,09:30:02,$ 3507.64,4
1616,09:30:02,$ 3507.64,1
1618,09:30:02,$ 3507.64,2
1619,09:30:02,$ 3507.64,3
1620,09:30:02,$ 3507.64,1
1621,09:30:02,$ 3507.64,4
1622,09:30:02,$ 3507.64,4
1623,09:30:02,$ 3507.64,2
1624,09:30:02,$ 3507.64,1
1625,09:30:02,$ 3507.64,1
1626,09:30:02,$ 3507.64,1
1627,09:30:02,$ 3507.64,11
1628,09:30:02,$ 3507.64,15
1629,09:30:02,$ 3507.64,1
1630,09:30:02,$ 3507.64,1
1631,09:30:02,$ 3507.64,2
1632,09:30:02,$ 3507.64,52
1633,09:30:02,$ 3507.64,21
1634,09:30:02,$ 3507.64,1
1635,09:30:02,$ 3507.64,1
1636,09:30:02,$ 3507.64,1
1637,09:30:02,$ 3507.64,85
1639,09:30:02,$ 3507.64,200
1640,09:30:02,$ 3507.64,8
1641,09:30:02,$ 3507.64,3
1642,09:30:02,$ 3507.64,1
1643,09:30:02,$ 3507.64,1
1644,09:30:02,$ 3507.64,2
1645,09:30:02,$ 3507.64,113
1646,09:30:02,$ 3507.64,2
1647,09:30:02,$ 3507.64,2
1648,09:30:02,$ 3507.64,42
1649,09:30:02,$ 3507.64,98
1650,09:30:02,$ 3507.64,98
1651,09:30:02,$ 3507.64,28
1652,09:30:02,$ 3507.64,28
1653,09:30:02,$ 3507.64,28
1654,09:30:02,$ 3507.64,65
1655,09:30:02,$ 3507.64,101
1656,09:30:02,$ 3507.64,"1,665"
1657,09:30:02,$ 3507.64,1
1658,09:30:02,$ 3507.64,7
1660,09:30:02,$ 3507.64,7
1661,09:30:02,$ 3507.64,1
1662,09:30:02,$ 3507.64,1
1663,09:30:02,$ 3507.64,1
1664,09:30:02,$ 3507.64,2
1665,09:30:02,$ 3507.64,1
1666,09:30:02,$ 3507.64,1
1667,09:30:02,$ 3507.64,2
1668,09:30:02,$ 3507.64,1
1669,09:30:02,$ 3507.64,1
1670,09:30:02,$ 3507.64,1
1671,09:30:02,$ 3507.64,1
1672,09:30:02,$ 3507.64,1
1673,09:30:02,$ 3507.64,2
1674,09:30:02,$ 3507.64,1
1675,09:30:02,$ 3507.64,1
1676,09:30:02,$ 3507.64,2
1677,09:30:02,$ 3507.64,1
1678,09:30:02,$ 3507.64,1
1679,09:30:02,$ 3507.64,1
1681,09:30:02,$ 3507.64,2
1682,09:30:02,$ 3507.64,1
1683,09:30:02,$ 3507.64,5
1684,09:30:02,$ 3507.64,4
1685,09:30:02,$ 3507.64,4
1686,09:30:02,$ 3507.64,1
1687,09:30:02,$ 3507.64,2
1688,09:30:02,$ 3507.64,1
1689,09:30:02,$ 3507.64,1
1690,09:30:02,$ 3507.64,1
1691,09:30:02,$ 3507.64,12
1692,09:30:02,$ 3507.64,4
1693,09:30:02,$ 3507.64,3
1694,09:30:02,$ 3507.64,1
1695,09:30:02,$ 3507.64,"1,400"
1696,09:30:02,$ 3507.64,201
1697,09:30:02,$ 3507.64,3
1698,09:30:02,$ 3507.64,5
1699,09:30:02,$ 3507.64,13
1700,09:30:02,$ 3507.64,1
1702,09:30:02,$ 3507.64,15
1703,09:30:02,$ 3507.64,3
1704,09:30:02,$ 3507.64,1
1705,09:30:02,$ 3507.64,1
1706,09:30:02,$ 3507.64,1
1707,09:30:02,$ 3507.64,2
1708,09:30:02,$ 3507.64,1
1709,09:30:02,$ 3507.64,11
1710,09:30:02,$ 3507.64,2
1711,09:30:02,$ 3507.64,3
1712,09:30:02,$ 3507.64,1
1713,09:30:02,$ 3507.64,3
1714,09:30:02,$ 3507.64,1
1715,09:30:02,$ 3507.64,1
1716,09:30:02,$ 3507.64,10
1717,09:30:02,$ 3507.64,2
1718,09:30:02,$ 3507.64,1
1719,09:30:02,$ 3507.64,1
1720,09:30:02,$ 3507.64,1
1721,09:30:02,$ 3507.64,2
1723,09:30:02,$ 3507.64,2
1724,09:30:02,$ 3507.64,1
1725,09:30:02,$ 3507.64,4
1726,09:30:02,$ 3507.64,2
1727,09:30:02,$ 3507.64,1
1728,09:30:02,$ 3507.64,2
1729,09:30:02,$ 3507.64,1
1730,09:30:02,$ 3507.64,1
1731,09:30:02,$ 3507.64,12
1732,09:30:02,$ 3507.64,25
1733,09:30:02,$ 3507.64,99
1734,09:30:02,$ 3507.64,4
1735,09:30:02,$ 3507.64,51
1736,09:30:02,$ 3507.64,49
1737,09:30:02,$ 3507.64,397
1738,09:30:02,$ 3507.64,315
1739,09:30:02,$ 3507.64,1
1740,09:30:02,$ 3507.64,5
1741,09:30:02,$ 3507.64,1
1742,09:30:02,$ 3507.64,100
1744,09:30:02,$ 3507.64,3
1745,09:30:02,$ 3507.64,30
1746,09:30:02,$ 3507.64,21
1747,09:30:02,$ 3507.64,100
1748,09:30:02,$ 3507.64,200
1749,09:30:02,$ 3507.64,347
1750,09:30:02,$ 3507.64,1
1751,09:30:02,$ 3507.64,12
1752,09:30:02,$ 3507.64,7
1753,09:30:02,$ 3507.64,2
1754,09:30:02,$ 3507.64,1
1755,09:30:02,$ 3507.64,4
1756,09:30:02,$ 3507.64,3
1757,09:30:02,$ 3507.64,4
1758,09:30:02,$ 3507.64,4
1759,09:30:02,$ 3507.64,4
1760,09:30:02,$ 3507.64,11
1761,09:30:02,$ 3507.64,5
1762,09:30:02,$ 3507.64,4
1763,09:30:02,$ 3507.64,20
1765,09:30:02,$ 3507.64,4
1766,09:30:02,$ 3507.64,6
1767,09:30:02,$ 3507.64,25
1768,09:30:02,$ 3507.64,29
1769,09:30:02,$ 3507.64,46
1770,09:30:02,$ 3507.64,73
1771,09:30:02,$ 3507.64,11
1772,09:30:02,$ 3507.64,100
1773,09:30:02,$ 3507.64,21
1774,09:30:02,$ 3507.64,1
1775,09:30:02,$ 3507.64,5
1776,09:30:02,$ 3507.64,342
1777,09:30:02,$ 3507.64,300
1778,09:30:02,$ 3507.64,1
1779,09:30:02,$ 3507.64,27
1780,09:30:02,$ 3507.64,33
1781,09:30:02,$ 3507.64,1
1782,09:30:02,$ 3507.64,1
1783,09:30:02,$ 3507.64,100
1784,09:30:02,$ 3507.64,3
1786,09:30:02,$ 3507.64,1
1787,09:30:02,$ 3507.64,1
1788,09:30:02,$ 3507.64,249
1789,09:30:02,$ 3507.64,300
1790,09:30:02,$ 3507.64,59
1791,09:30:02,$ 3507.64,1
1792,09:30:02,$ 3507.64,4
1793,09:30:02,$ 3507.64,3
1794,09:30:02,$ 3507.64,1
1795,09:30:02,$ 3507.64,3
1796,09:30:02,$ 3507.64,6
1797,09:30:02,$ 3507.64,1
1798,09:30:02,$ 3507.64,6
1799,09:30:02,$ 3507.64,548
1800,09:30:02,$ 3507.64,29
1801,09:30:02,$ 3507.64,42
1802,09:30:02,$ 3507.64,1
1803,09:30:02,$ 3507.64,1
1804,09:30:02,$ 3507.64,1
1805,09:30:02,$ 3507.64,1
1807,09:30:02,$ 3507.64,5
1808,09:30:02,$ 3507.64,8
1809,09:30:02,$ 3507.64,1
1810,09:30:02,$ 3507.64,4
1811,09:30:02,$ 3507.64,4
1812,09:30:02,$ 3507.64,117
1813,09:30:02,$ 3507.64,79
1814,09:30:02,$ 3507.64,117
1815,09:30:02,$ 3507.64,117
1816,09:30:02,$ 3507.64,1
1817,09:30:02,$ 3507.64,76
1818,09:30:02,$ 3507.64,35
1819,09:30:02,$ 3507.64,94
1820,09:30:02,$ 3507.64,94
1821,09:30:02,$ 3507.64,10
1822,09:30:02,$ 3507.64,275
1823,09:30:02,$ 3507.64,200
1824,09:30:02,$ 3507.64,1
1825,09:30:02,$ 3507.64,1
1826,09:30:02,$ 3507.64,237
1828,09:30:02,$ 3507.64,119
1829,09:30:02,$ 3507.64,15
1830,09:30:02,$ 3507.64,1
1831,09:30:02,$ 3507.64,50
1832,09:30:02,$ 3507.64,4
1833,09:30:02,$ 3507.64,15
1834,09:30:02,$ 3507.64,1
1835,09:30:02,$ 3507.64,13
1836,09:30:02,$ 3507.64,14
1837,09:30:02,$ 3507.64,3
1838,09:30:02,$ 3507.64,5
1839,09:30:02,$ 3507.64,30
1840,09:30:02,$ 3507.64,3
1841,09:30:02,$ 3507.64,1
1842,09:30:02,$ 3507.64,10
1843,09:30:02,$ 3507.64,4
1844,09:30:02,$ 3507.64,1
1845,09:30:02,$ 3507.64,4
1846,09:30:02,$ 3507.64,10
1847,09:30:02,$ 3507.64,20
1849,09:30:02,$ 3507.64,2
1850,09:30:02,$ 3507.64,5
1851,09:30:02,$ 3507.64,9
1852,09:30:02,$ 3507.64,4
1853,09:30:02,$ 3507.64,99
1854,09:30:02,$ 3507.64,2
1855,09:30:02,$ 3507.64,1
1856,09:30:02,$ 3507.64,2
1857,09:30:02,$ 3507.64,1
1858,09:30:02,$ 3507.64,6
1859,09:30:02,$ 3507.64,8
1860,09:30:02,$ 3507.64,5
1861,09:30:02,$ 3507.64,20
1862,09:30:02,$ 3507.64,4
1863,09:30:02,$ 3507.64,1
1864,09:30:02,$ 3507.64,3
1865,09:30:02,$ 3507.64,2
1866,09:30:02,$ 3507.64,10
1867,09:30:02,$ 3507.64,5
1868,09:30:02,$ 3507.64,2
1870,09:30:02,$ 3507.64,232
1871,09:30:02,$ 3507.64,4
1872,09:30:02,$ 3507.64,3
1873,09:30:02,$ 3507.64,5
1874,09:30:02,$ 3507.64,17
1875,09:30:02,$ 3507.64,162
1876,09:30:02,$ 3507.64,5
1877,09:30:02,$ 3507.64,1
1878,09:30:02,$ 3507.64,5
1879,09:30:02,$ 3507.64,1
1880,09:30:02,$ 3507.64,2
1881,09:30:02,$ 3507.64,15
1882,09:30:02,$ 3507.64,5
1883,09:30:02,$ 3507.64,5
1884,09:30:02,$ 3507.64,10
1885,09:30:02,$ 3507.64,1
1886,09:30:02,$ 3507.64,25
1887,09:30:02,$ 3507.64,1
1888,09:30:02,$ 3507.64,5
1889,09:30:02,$ 3507.64,1
1891,09:30:02,$ 3507.64,2
1892,09:30:02,$ 3507.64,15
1893,09:30:02,$ 3507.64,14
1894,09:30:02,$ 3507.64,5
1895,09:30:02,$ 3507.64,5
1896,09:30:02,$ 3507.64,2
1897,09:30:02,$ 3507.64,25
1898,09:30:02,$ 3507.64,3
1899,09:30:02,$ 3507.64,8
1900,09:30:02,$ 3507.64,2
1901,09:30:02,$ 3507.64,12
1902,09:30:02,$ 3507.64,16
1903,09:30:02,$ 3507.64,11
1904,09:30:02,$ 3507.64,24
1905,09:30:02,$ 3507.64,30
1906,09:30:02,$ 3507.64,15
1907,09:30:02,$ 3507.64,"1,050"
1908,09:30:02,$ 3507.64,3
1909,09:30:02,$ 3507.64,1
1910,09:30:02,$ 3507.64,5
1912,09:30:02,$ 3507.64,3
1913,09:30:02,$ 3507.64,3
1914,09:30:02,$ 3507.64,25
1915,09:30:02,$ 3507.64,1
1916,09:30:02,$ 3507.64,13
1917,09:30:02,$ 3507.64,25
1918,09:30:02,$ 3507.64,2
1919,09:30:02,$ 3507.64,12
1920,09:30:02,$ 3507.64,3
1921,09:30:02,$ 3507.64,2
1922,09:30:02,$ 3507.64,5
1923,09:30:02,$ 3507.64,2
1924,09:30:02,$ 3507.64,1
1925,09:30:02,$ 3507.64,41
1926,09:30:02,$ 3507.64,2
1927,09:30:02,$ 3507.64,1
1928,09:30:02,$ 3507.64,4
1929,09:30:02,$ 3507.64,1
1930,09:30:02,$ 3507.64,3
1931,09:30:02,$ 3507.64,1
1933,09:30:02,$ 3507.64,5
1934,09:30:02,$ 3507.64,26
1935,09:30:02,$ 3507.64,1
1936,09:30:02,$ 3507.64,7
1937,09:30:02,$ 3507.64,14
1938,09:30:02,$ 3507.64,2
1939,09:30:02,$ 3507.64,2
1940,09:30:02,$ 3507.64,1
1941,09:30:02,$ 3507.64,2
1942,09:30:02,$ 3507.64,68
1943,09:30:02,$ 3507.64,8
1944,09:30:02,$ 3507.64,1
1945,09:30:02,$ 3507.64,1
1946,09:30:02,$ 3507.64,1
1947,09:30:02,$ 3507.64,4
1948,09:30:02,$ 3507.64,1
1949,09:30:02,$ 3507.64,1
1950,09:30:02,$ 3507.64,5
1951,09:30:02,$ 3507.64,1
1952,09:30:02,$ 3507.64,5
1954,09:30:02,$ 3507.64,7
1955,09:30:02,$ 3507.64,5
1956,09:30:02,$ 3507.64,3
1957,09:30:02,$ 3507.64,1
1958,09:30:02,$ 3507.64,1
1959,09:30:02,$ 3507.64,5
1960,09:30:02,$ 3507.64,3
1961,09:30:02,$ 3507.64,8
1962,09:30:02,$ 3507.64,1
1963,09:30:02,$ 3507.64,4
1964,09:30:02,$ 3507.64,1
1965,09:30:02,$ 3507.64,11
1966,09:30:02,$ 3507.64,1
1967,09:30:02,$ 3507.64,15
1968,09:30:02,$ 3507.64,1
1969,09:30:02,$ 3507.64,1
1970,09:30:02,$ 3507.64,30
1971,09:30:02,$ 3507.64,113
1972,09:30:02,$ 3507.64,1
1973,09:30:02,$ 3507.64,1
1975,09:30:02,$ 3507.64,69
1976,09:30:02,$ 3507.64,79
1977,09:30:02,$ 3507.64,21
1978,09:30:02,$ 3507.64,102
1979,09:30:02,$ 3507.64,5
1980,09:30:02,$ 3507.64,18
1981,09:30:02,$ 3507.64,64
1982,09:30:02,$ 3507.64,190
1983,09:30:02,$ 3507.64,50
1984,09:30:02,$ 3507.64,1
1985,09:30:02,$ 3507.64,5
1986,09:30:02,$ 3507.64,10
1987,09:30:02,$ 3507.64,25
1988,09:30:02,$ 3507.64,7
1989,09:30:02,$ 3507.64,4
1990,09:30:02,$ 3507.64,22
1991,09:30:02,$ 3507.64,3
1992,09:30:02,$ 3507.64,3
1993,09:30:02,$ 3507.64,28
1994,09:30:02,$ 3507.64,1
1996,09:30:02,$ 3507.64,1
1997,09:30:02,$ 3507.64,2
1998,09:30:02,$ 3507.64,10
1999,09:30:02,$ 3507.64,1
2000,09:30:02,$ 3507.64,50
2001,09:30:02,$ 3507.64,10
2002,09:30:02,$ 3507.64,100
2003,09:30:02,$ 3507.64,100
2004,09:30:02,$ 3507.64,2
2005,09:30:02,$ 3507.64,10
2006,09:30:02,$ 3507.64,1
2007,09:30:02,$ 3507.64,1
2008,09:30:02,$ 3507.64,1
2009,09:30:02,$ 3507.64,9
2010,09:30:02,$ 3507.64,32
2011,09:30:02,$ 3507.64,6
2012,09:30:02,$ 3507.64,100
2013,09:30:02,$ 3507.64,2
2014,09:30:02,$ 3507.64,1
2015,09:30:02,$ 3507.64,3
2017,09:30:02,$ 3507.64,2
2018,09:30:02,$ 3507.64,8
2019,09:30:02,$ 3507.64,5
2020,09:30:02,$ 3507.64,2
2021,09:30:02,$ 3507.64,5
2022,09:30:02,$ 3507.64,2
2023,09:30:02,$ 3507.64,5
2024,09:30:02,$ 3507.64,2
2025,09:30:02,$ 3507.64,1
2026,09:30:02,$ 3507.64,1
2027,09:30:02,$ 3507.64,2
2028,09:30:02,$ 3507.64,28
2029,09:30:02,$ 3507.64,10
2030,09:30:02,$ 3507.64,10
2031,09:30:02,$ 3507.64,3
2032,09:30:02,$ 3507.64,1
2033,09:30:02,$ 3507.64,1
2034,09:30:02,$ 3507.64,1
2035,09:30:02,$ 3507.64,306
2036,09:30:02,$ 3507.64,369
2038,09:30:02,$ 3507.64,6
2039,09:30:02,$ 3507.64,441
2040,09:30:02,$ 3507.64,2
2041,09:30:02,$ 3507.64,10
2042,09:30:02,$ 3507.64,15
2043,09:30:02,$ 3507.64,1
2044,09:30:02,$ 3507.64,20
2045,09:30:02,$ 3507.64,2
2046,09:30:02,$ 3507.64,68
2047,09:30:02,$ 3507.64,10
2048,09:30:02,$ 3507.64,2
2049,09:30:02,$ 3507.64,2
2050,09:30:02,$ 3507.64,1
2051,09:30:02,$ 3507.64,3
2052,09:30:02,$ 3507.64,2
2053,09:30:02,$ 3507.64,2
2054,09:30:02,$ 3507.64,11
2055,09:30:02,$ 3507.64,1
2056,09:30:02,$ 3507.64,10
2057,09:30:02,$ 3507.64,2
2059,09:30:02,$ 3507.64,9
2060,09:30:02,$ 3507.64,5
2061,09:30:02,$ 3507.64,7
2062,09:30:02,$ 3507.64,10
2063,09:30:02,$ 3507.64,2
2064,09:30:02,$ 3507.64,10
2065,09:30:02,$ 3507.64,28
2066,09:30:02,$ 3507.64,14
2067,09:30:02,$ 3507.64,5
2068,09:30:02,$ 3507.64,1
2069,09:30:02,$ 3507.64,5
2070,09:30:02,$ 3507.64,10
2071,09:30:02,$ 3507.64,34
2072,09:30:02,$ 3507.64,5
2073,09:30:02,$ 3507.64,17
2074,09:30:02,$ 3507.64,50
2075,09:30:02,$ 3507.64,10
2076,09:30:02,$ 3507.64,29
2077,09:30:02,$ 3507.64,4
2078,09:30:02,$ 3507.64,10
2080,09:30:02,$ 3507.64,7
2081,09:30:02,$ 3507.64,6
2082,09:30:02,$ 3507.64,15
2083,09:30:02,$ 3507.64,3
2084,09:30:02,$ 3507.64,2
2085,09:30:02,$ 3507.64,2
2086,09:30:02,$ 3507.64,1
2087,09:30:02,$ 3507.64,9
2088,09:30:02,$ 3507.64,1
2089,09:30:02,$ 3507.64,2
2090,09:30:02,$ 3507.64,2
2091,09:30:02,$ 3507.64,3
2092,09:30:02,$ 3507.64,15
2093,09:30:02,$ 3507.64,6
2094,09:30:02,$ 3507.64,7
2095,09:30:02,$ 3507.64,6
2096,09:30:02,$ 3507.64,6
2097,09:30:02,$ 3507.64,27
2098,09:30:02,$ 3507.64,2
2099,09:30:02,$ 3507.64,1
2101,09:30:02,$ 3507.64,1
2102,09:30:02,$ 3507.64,3
2103,09:30:02,$ 3507.64,7
2104,09:30:02,$ 3507.64,50
2105,09:30:02,$ 3507.64,3
2106,09:30:02,$ 3507.64,2
2107,09:30:02,$ 3507.64,8
2108,09:30:02,$ 3507.64,3
2109,09:30:02,$ 3507.64,3
2110,09:30:02,$ 3507.64,3
2111,09:30:02,$ 3507.64,1
2112,09:30:02,$ 3507.64,1
2113,09:30:02,$ 3507.64,1
2114,09:30:02,$ 3507.64,1
2115,09:30:02,$ 3507.64,2
2116,09:30:02,$ 3507.64,22
2117,09:30:02,$ 3507.64,81
2118,09:30:02,$ 3507.64,1
2119,09:30:02,$ 3507.64,40
2120,09:30:02,$ 3507.64,6
2122,09:30:02,$ 3507.64,30
2123,09:30:02,$ 3507.64,20
2124,09:30:02,$ 3507.64,1
2125,09:30:02,$ 3507.64,76
2126,09:30:02,$ 3507.64,1
2127,09:30:02,$ 3507.64,10
2128,09:30:02,$ 3507.64,1
2129,09:30:02,$ 3507.64,41
2130,09:30:02,$ 3507.64,10
2131,09:30:02,$ 3507.64,10
2132,09:30:02,$ 3507.64,1
2133,09:30:02,$ 3507.64,1
2134,09:30:02,$ 3507.64,35
2135,09:30:02,$ 3507.64,1
2136,09:30:02,$ 3507.64,1
2137,09:30:02,$ 3507.64,32
2138,09:30:02,$ 3507.64,8
2139,09:30:02,$ 3507.64,2
2140,09:30:02,$ 3507.64,3
2141,09:30:02,$ 3507.64,3
2143,09:30:02,$ 3507.64,1
2144,09:30:02,$ 3507.64,1
2145,09:30:02,$ 3507.64,1
2146,09:30:02,$ 3507.64,3
2147,09:30:02,$ 3507.64,17
2148,09:30:02,$ 3507.64,10
2149,09:30:02,$ 3507.64,2
2150,09:30:02,$ 3507.64,5
2151,09:30:02,$ 3507.64,20
2152,09:30:02,$ 3507.64,1
2153,09:30:02,$ 3507.64,1
2154,09:30:02,$ 3507.64,1
2155,09:30:02,$ 3507.64,5
2156,09:30:02,$ 3507.64,9
2157,09:30:02,$ 3507.64,6
2158,09:30:02,$ 3507.64,30
2159,09:30:02,$ 3507.64,2
2160,09:30:02,$ 3507.64,1
2161,09:30:02,$ 3507.64,4
2162,09:30:02,$ 3507.64,1
2164,09:30:02,$ 3507.64,2
2165,09:30:02,$ 3507.64,1
2166,09:30:02,$ 3507.64,2
2167,09:30:02,$ 3507.64,13
2168,09:30:02,$ 3507.64,10
2169,09:30:02,$ 3507.64,7
2170,09:30:02,$ 3507.64,2
2171,09:30:02,$ 3507.64,1
2172,09:30:02,$ 3507.64,1
2173,09:30:02,$ 3507.64,5
2174,09:30:02,$ 3507.64,1
2175,09:30:02,$ 3507.64,2
2176,09:30:02,$ 3507.64,2
2177,09:30:02,$ 3507.64,5
2178,09:30:02,$ 3507.64,2
2179,09:30:02,$ 3507.64,1
2180,09:30:02,$ 3507.64,2
2181,09:30:02,$ 3507.64,1
2182,09:30:02,$ 3507.64,1
2183,09:30:02,$ 3507.64,40
2185,09:30:02,$ 3507.64,12
2186,09:30:02,$ 3507.64,20
2187,09:30:02,$ 3507.64,16
2188,09:30:02,$ 3507.64,3
2189,09:30:02,$ 3507.64,11
2190,09:30:02,$ 3507.64,1
2191,09:30:02,$ 3507.64,1
2192,09:30:02,$ 3507.64,4
2193,09:30:02,$ 3507.64,2
2194,09:30:02,$ 3507.64,2
2195,09:30:02,$ 3507.64,1
2196,09:30:02,$ 3507.64,7
2197,09:30:02,$ 3507.64,1
2198,09:30:02,$ 3507.64,2
2199,09:30:02,$ 3507.64,1
2200,09:30:02,$ 3507.64,5
2201,09:30:02,$ 3507.64,1
2202,09:30:02,$ 3507.64,9
2203,09:30:02,$ 3507.64,3
2204,09:30:02,$ 3507.64,1
2206,09:30:02,$ 3507.64,4
2207,09:30:02,$ 3509.185,100
2208,09:30:02,$ 3507.64,6
2210,10:29:58,$ 3503.645,100
2211,10:29:53,$ 3503.87,100
2212,10:29:52,$ 3504.09,100
2213,10:29:48,$ 3503.18,100
2214,10:29:48,$ 3502.915,100
2215,10:29:48,$ 3502.961,300
2216,10:29:43,$ 3502.91,100
2217,10:29:37,$ 3502.10,200
2218,10:29:36,$ 3502.59,100
2219,10:29:34,$ 3502.61,100
2220,10:29:23,$ 3501.99,100
2221,10:29:17,$ 3501.23,100
2222,10:29:11,$ 3501.575,100
2223,10:29:04,$ 3500.885,100
2224,10:29:04,$ 3501.179,160
2225,10:29:04,$ 3500.885,200
2226,10:29:00,$ 3501.18,100
2227,10:28:58,$ 3500.53,100
2228,10:28:57,$ 3500.615,100
2229,10:28:57,$ 3501.035,102
2231,10:28:54,$ 3502.81,100
2232,10:28:53,$ 3502.12,100
2233,10:28:52,$ 3502.00,100
2234,10:28:50,$ 3500.615,100
2235,10:28:49,$ 3500.86,100
2236,10:28:45,$ 3500.565,120
2237,10:28:42,$ 3500.209,200
2238,10:28:37,$ 3500.835,100
2239,10:28:37,$ 3500.715,100
2240,10:28:33,$ 3500.00,100
2241,10:28:22,$ 3500.715,100
2242,10:28:14,$ 3500.745,100
2243,10:28:13,$ 3500.08,100
2244,10:28:06,$ 3500.67,100
2245,10:28:06,$ 3500.57,100
2246,10:28:03,$ 3500.03,100
2247,10:28:03,$ 3500.68,100
2248,10:28:03,$ 3500.05,100
2249,10:28:03,$ 3500.68,100
2250,10:27:56,$ 3500.6763,241
2252,10:27:54,$ 3500.815,200
2253,10:27:52,$ 3500.72,120
2254,10:27:52,$ 3500.72,100
2255,10:27:52,$ 3500.985,100
2256,10:27:52,$ 3501.00,100
2257,10:27:50,$ 3502.50,500
2258,10:27:50,$ 3501.81,100
2259,10:27:50,$ 3501.23,100
2260,10:27:30,$ 3502.34,100
2261,10:27:18,$ 3503.62,100
2262,10:27:18,$ 3503.62,100
2263,10:27:17,$ 3504.00,100
2264,10:27:17,$ 3504.46,100
2265,10:27:17,$ 3504.39,100
2266,10:27:17,$ 3504.39,186
2267,10:27:17,$ 3504.99,100
2268,10:27:10,$ 3505.11,100
2269,10:27:10,$ 3505.5088,100
2270,10:27:10,$ 3505.11,100
2271,10:27:00,$ 3505.526,100
2273,10:26:47,$ 3505.315,100
2274,10:26:25,$ 3505.78,100
2275,10:26:15,$ 3505.83,250
2276,10:26:13,$ 3505.24,100
2277,10:26:05,$ 3505.19,100
2278,10:26:04,$ 3504.60,100
2279,10:26:04,$ 3504.60,108
2280,10:26:03,$ 3505.00,151
2281,10:25:58,$ 3506.31,143
2282,10:25:52,$ 3506.15,100
2283,10:25:37,$ 3506.00,100
2284,10:25:34,$ 3507.00,100
2285,10:25:34,$ 3507.00,100
2286,10:25:33,$ 3507.47,130
2287,10:25:33,$ 3507.47,100
2288,10:25:20,$ 3507.50,100
2289,10:25:18,$ 3507.77,100
2290,10:25:13,$ 3507.97,100
2291,10:25:04,$ 3508.48,200
2292,10:24:53,$ 3507.76,100
2294,10:24:35,$ 3508.38,100
2295,10:24:34,$ 3508.705,100
2296,10:24:20,$ 3508.23,111
2297,10:24:20,$ 3509.11,100
2298,10:23:25,$ 3508.90,100
2299,10:23:25,$ 3508.245,100
2300,10:23:15,$ 3508.06,100
2301,10:23:15,$ 3508.06,200
2302,10:23:14,$ 3507.36,100
2303,10:23:14,$ 3508.12,100
2304,10:23:14,$ 3508.22,100
2305,10:23:14,$ 3508.12,100
2306,10:23:14,$ 3508.21,100
2307,10:23:14,$ 3508.27,100
2308,10:23:03,$ 3508.18,100
2309,10:22:47,$ 3508.49,"1,000"
2310,10:22:46,$ 3509.01,100
2311,10:22:46,$ 3509.01,100
2312,10:22:42,$ 3509.7895,100
2313,10:22:38,$ 3510.00,100
2315,10:22:38,$ 3510.00,100
2316,10:22:38,$ 3510.00,100
2317,10:22:38,$ 3509.60,100
2318,10:22:38,$ 3508.615,100
2319,10:22:36,$ 3508.2301,100
2320,10:22:35,$ 3509.10,500
2321,10:22:27,$ 3509.10,100
2322,10:22:16,$ 3508.5956,589
2323,10:22:16,$ 3509.022,100
2324,10:22:16,$ 3509.034,100
2325,10:22:16,$ 3509.03,100
2326,10:22:16,$ 3509.09,100
2327,10:22:11,$ 3509.69,100
2328,10:22:02,$ 3508.97,250
2329,10:22:02,$ 3508.36,100
2330,10:21:54,$ 3507.55,100
2331,10:21:54,$ 3507.55,100
2332,10:21:54,$ 3507.67,100
2333,10:21:54,$ 3507.75,186
2334,10:21:54,$ 3507.55,100
2336,10:21:54,$ 3507.54,100
2337,10:21:54,$ 3507.84,100
2338,10:21:48,$ 3507.91,100
2339,10:21:45,$ 3508.355,200
2340,10:21:42,$ 3508.32,100
2341,10:21:14,$ 3508.00,100
2342,10:21:13,$ 3507.72,100
2343,10:21:01,$ 3507.005,100
2344,10:20:46,$ 3506.441,100
2345,10:20:42,$ 3506.6561,143
2346,10:20:42,$ 3506.6561,101
2347,10:20:41,$ 3506.99,100
2348,10:20:37,$ 3507.505,100
2349,10:20:27,$ 3508.36,240
2350,10:20:26,$ 3508.00,100
2351,10:20:22,$ 3506.87,100
2352,10:20:21,$ 3507.89,100
2353,10:20:21,$ 3507.435,100
2354,10:20:16,$ 3507.05,200
2355,10:20:15,$ 3507.33,200
2357,10:20:14,$ 3507.00,100
2358,10:20:14,$ 3507.01,100
2359,10:20:14,$ 3507.0001,115
2360,10:19:55,$ 3507.98,100
2361,10:19:49,$ 3508.22,100
2362,10:19:21,$ 3508.57,100
2363,10:19:21,$ 3508.57,100
2364,10:19:19,$ 3509.25,100
2365,10:19:19,$ 3509.25,100
2366,10:19:19,$ 3509.25,100
2367,10:19:11,$ 3510.03,179
2368,10:19:11,$ 3509.43,134
2369,10:19:11,$ 3509.57,100
2370,10:19:10,$ 3509.78,100
2371,10:19:10,$ 3509.78,100
2372,10:19:08,$ 3510.50,100
2373,10:18:48,$ 3510.375,100
2374,10:18:46,$ 3509.43,136
2375,10:18:41,$ 3509.57,100
2376,10:18:39,$ 3510.10,100
2378,10:18:39,$ 3511.00,100
2379,10:18:27,$ 3511.69,100
2380,10:18:24,$ 3511.25,100
2381,10:18:23,$ 3511.02,100
2382,10:18:23,$ 3511.02,100
2383,10:18:23,$ 3511.63,100
2384,10:18:23,$ 3511.62,100
2385,10:17:58,$ 3511.57,100
2386,10:17:58,$ 3510.62,181
2387,10:17:57,$ 3510.98,100
2388,10:17:42,$ 3510.25,100
2389,10:17:39,$ 3511.59,100
2390,10:17:38,$ 3512.51,200
2391,10:17:32,$ 3512.3553,100
2392,10:17:23,$ 3511.51,200
2393,10:17:20,$ 3511.32,100
2394,10:17:05,$ 3511.45,300
2395,10:17:03,$ 3511.92,100
2396,10:17:00,$ 3511.98,100
2397,10:16:59,$ 3512.59,100
2399,10:16:59,$ 3512.64,100
2400,10:16:59,$ 3512.31,100
2401,10:16:58,$ 3512.93,100
2402,10:16:58,$ 3512.89,100
2403,10:16:58,$ 3513.58,100
2404,10:16:57,$ 3513.14,100
2405,10:16:57,$ 3513.16,100
2406,10:16:54,$ 3512.425,100
2407,10:16:54,$ 3512.89,100
2408,10:16:53,$ 3512.85,100
2409,10:16:53,$ 3511.56,100
2410,10:16:42,$ 3510.91,100
2411,10:16:42,$ 3510.90,100
2412,10:16:42,$ 3510.95,100
2413,10:16:36,$ 3510.15,100
2414,10:16:36,$ 3510.94,100
2415,10:16:35,$ 3509.83,216
2416,10:16:33,$ 3510.38,100
2417,10:16:33,$ 3510.38,100
2418,10:16:22,$ 3508.85,100
2420,10:16:15,$ 3509.00,175
2421,10:16:15,$ 3509.00,100
2422,10:16:15,$ 3509.00,111
2423,10:16:15,$ 3509.00,157
2424,10:16:15,$ 3509.00,100
2425,10:16:15,$ 3508.945,100
2426,10:16:11,$ 3508.84,100
2427,10:16:07,$ 3509.245,100
2428,10:16:07,$ 3509.26,100
2429,10:15:59,$ 3509.11,100
2430,10:15:49,$ 3508.52,192
2431,10:15:47,$ 3508.53,100
2432,10:15:44,$ 3507.605,100
2433,10:15:43,$ 3507.64,100
2434,10:15:41,$ 3508.595,100
2435,10:15:36,$ 3507.985,100
2436,10:15:28,$ 3508.595,200
2437,10:15:22,$ 3507.691,100
2438,10:15:20,$ 3507.00,100
2439,10:15:20,$ 3507.11,100
2441,10:15:19,$ 3507.73,100
2442,10:15:17,$ 3507.2554,300
2443,10:15:16,$ 3507.22,100
2444,10:15:16,$ 3507.96,100
2445,10:15:06,$ 3507.40,100
2446,10:15:02,$ 3507.00,100
2447,10:14:56,$ 3507.888,500
2448,10:14:55,$ 3507.50,100
2449,10:14:55,$ 3508.19,100
2450,10:14:42,$ 3509.02,100
2451,10:14:42,$ 3509.56,750
2452,10:14:40,$ 3508.78,236
2453,10:14:38,$ 3509.00,100
2454,10:14:38,$ 3509.30,100
2455,10:14:38,$ 3509.00,100
2456,10:14:30,$ 3510.266,100
2457,10:14:06,$ 3512.05,190
2458,10:14:04,$ 3512.36,100
2459,10:14:00,$ 3512.79,100
2460,10:13:52,$ 3511.677,100
2462,10:13:51,$ 3512.32,127
2463,10:13:50,$ 3512.00,100
2464,10:13:39,$ 3512.074,100
2465,10:13:37,$ 3511.85,100
2466,10:13:37,$ 3512.00,100
2467,10:13:22,$ 3510.93,147
2468,10:13:21,$ 3511.00,100
2469,10:13:08,$ 3510.03,100
2470,10:13:08,$ 3510.69,100
2471,10:12:32,$ 3511.00,100
2472,10:12:32,$ 3510.82,100
2473,10:12:32,$ 3510.60,100
2474,10:12:29,$ 3510.68,100
2475,10:12:12,$ 3511.11,100
2476,10:12:11,$ 3511.00,900
2477,10:12:11,$ 3511.10,100
2478,10:12:11,$ 3511.11,100
2479,10:12:11,$ 3511.43,100
2480,10:12:11,$ 3511.40,100
2481,10:12:11,$ 3511.21,100
2483,10:12:11,$ 3511.43,100
2484,10:12:11,$ 3511.46,100
2485,10:12:11,$ 3510.644,100
2486,10:12:11,$ 3510.12,100
2487,10:12:11,$ 3510.54,100
2488,10:12:11,$ 3510.53,100
2489,10:12:11,$ 3510.60,100
2490,10:12:11,$ 3510.62,100
2491,10:12:11,$ 3510.66,100
2492,10:12:02,$ 3509.99,100
2493,10:11:56,$ 3509.442,100
2494,10:11:51,$ 3509.45,100
2495,10:11:51,$ 3509.43,100
2496,10:11:42,$ 3509.645,100
2497,10:11:42,$ 3508.485,100
2498,10:11:42,$ 3508.96,100
2499,10:11:24,$ 3508.25,100
2500,10:11:19,$ 3507.865,167
2501,10:11:19,$ 3508.00,100
2502,10:11:19,$ 3508.12,100
2504,10:11:18,$ 3508.785,100
2505,10:11:15,$ 3508.87,100
2506,10:11:14,$ 3508.87,100
2507,10:11:06,$ 3509.35,100
2508,10:11:06,$ 3509.35,100
2509,10:11:00,$ 3509.35,439
2510,10:11:00,$ 3510.02,100
2511,10:11:00,$ 3510.00,200
2512,10:11:00,$ 3510.22,100
2513,10:10:57,$ 3510.45,100
2514,10:10:57,$ 3510.78,100
2515,10:10:55,$ 3511.00,100
2516,10:10:55,$ 3511.00,900
2517,10:10:55,$ 3511.00,100
2518,10:10:47,$ 3511.67,100
2519,10:10:21,$ 3512.23,100
2520,10:10:18,$ 3512.975,100
2521,10:09:50,$ 3512.0931,197
2522,10:09:33,$ 3512.44,100
2523,10:09:30,$ 3513.40,100
2525,10:09:27,$ 3512.57,100
2526,10:09:27,$ 3513.15,100
2527,10:09:21,$ 3512.2871,750
2528,10:09:17,$ 3512.70,100
2529,10:09:13,$ 3512.15,100
2530,10:09:13,$ 3512.17,100
2531,10:09:13,$ 3512.09,100
2532,10:09:13,$ 3512.155,100
2533,10:09:13,$ 3512.21,100
2534,10:09:13,$ 3512.23,100
2535,10:09:06,$ 3511.971,100
2536,10:09:00,$ 3511.46,100
2537,10:09:00,$ 3511.46,100
2538,10:09:00,$ 3511.52,100
2539,10:08:53,$ 3511.65,100
2540,10:08:53,$ 3511.74,100
2541,10:08:53,$ 3512.03,100
2542,10:08:53,$ 3512.315,100
2543,10:08:44,$ 3512.315,100
2544,10:08:35,$ 3513.015,100
2546,10:08:33,$ 3513.01,100
2547,10:08:27,$ 3512.45,100
2548,10:08:27,$ 3512.45,100
2549,10:08:12,$ 3513.47,140
2550,10:07:34,$ 3512.00,100
2551,10:07:30,$ 3511.42,100
2552,10:07:30,$ 3511.28,100
2553,10:07:11,$ 3511.99,100
2554,10:07:09,$ 3511.2801,100
2555,10:07:06,$ 3512.14,100
2556,10:07:06,$ 3512.12,100
2557,10:07:04,$ 3512.51,100
2558,10:07:04,$ 3512.46,100
2559,10:06:44,$ 3510.37,100
2560,10:06:30,$ 3510.82,100
2561,10:06:30,$ 3510.6075,100
2562,10:06:30,$ 3511.16,100
2563,10:06:30,$ 3511.20,100
2564,10:06:30,$ 3511.232,100
2565,10:06:30,$ 3511.21,100
2567,10:06:30,$ 3511.23,100
2568,10:06:30,$ 3511.24,100
2569,10:06:30,$ 3510.40,100
2570,10:06:30,$ 3510.61,100
2571,10:06:30,$ 3510.36,100
2572,10:06:30,$ 3510.40,100
2573,10:06:30,$ 3510.44,100
2574,10:06:30,$ 3510.65,100
2575,10:06:30,$ 3510.65,100
2576,10:06:30,$ 3510.72,100
2577,10:06:17,$ 3510.66,100
2578,10:06:17,$ 3510.68,100
2579,10:06:17,$ 3510.69,100
2580,10:06:17,$ 3510.24,190
2581,10:06:16,$ 3509.51,100
2582,10:06:12,$ 3509.00,100
2583,10:06:12,$ 3509.00,100
2584,10:06:12,$ 3509.00,100
2585,10:06:09,$ 3509.00,100
2586,10:06:07,$ 3508.695,100
2588,10:05:53,$ 3509.10,100
2589,10:05:51,$ 3509.18,100
2590,10:05:41,$ 3510.00,100
2591,10:05:40,$ 3510.0001,100
2592,10:05:40,$ 3510.0001,100
2593,10:05:39,$ 3510.37,190
2594,10:05:39,$ 3510.62,100
2595,10:05:39,$ 3510.39,100
2596,10:05:39,$ 3510.3705,100
2597,10:05:39,$ 3510.39,100
2598,10:05:39,$ 3510.41,100
2599,10:05:39,$ 3510.65,100
2600,10:05:39,$ 3510.46,100
2601,10:05:38,$ 3511.5432,118
2602,10:05:38,$ 3510.44,100
2603,10:05:37,$ 3511.00,100
2604,10:05:32,$ 3510.71,100
2605,10:05:32,$ 3510.72,100
2606,10:05:27,$ 3511.67,100
2607,10:05:27,$ 3511.56,100
2609,10:05:27,$ 3511.60,100
2610,10:05:25,$ 3510.52,100
2611,10:05:25,$ 3511.055,100
2612,10:05:23,$ 3510.42,100
2613,10:05:17,$ 3511.62,100
2614,10:05:13,$ 3511.54,100
2615,10:05:13,$ 3511.54,100
2616,10:05:13,$ 3511.51,100
2617,10:05:13,$ 3511.56,100
2618,10:05:11,$ 3510.75,100
2619,10:05:11,$ 3509.59,100
2620,10:05:11,$ 3510.765,100
2621,10:05:08,$ 3511.979,100
2622,10:05:08,$ 3510.93,100
2623,10:05:08,$ 3511.04,101
2624,10:05:08,$ 3509.97,100
2625,10:05:03,$ 3511.0399,500
2626,10:05:01,$ 3509.97,100
2627,10:05:01,$ 3509.97,100
2628,10:05:00,$ 3509.53,100
2630,10:05:00,$ 3510.40,100
2631,10:04:59,$ 3510.49,100
2632,10:04:59,$ 3509.7503,150
2633,10:04:59,$ 3510.00,100
2634,10:04:59,$ 3510.00,100
2635,10:04:57,$ 3511.00,100
2636,10:04:56,$ 3511.00,100
2637,10:04:56,$ 3511.34,100
2638,10:04:56,$ 3511.34,100
2639,10:04:55,$ 3511.71,100
2640,10:04:50,$ 3511.64,100
2641,10:04:45,$ 3511.3901,142
2642,10:04:37,$ 3511.30,300
2643,10:04:37,$ 3511.95,100
2644,10:04:33,$ 3512.57,100
2645,10:04:31,$ 3511.293,100
2646,10:04:31,$ 3511.01,100
2647,10:04:31,$ 3511.45,100
2648,10:04:31,$ 3512.00,100
2649,10:04:30,$ 3512.20,150
2651,10:04:30,$ 3512.20,100
2652,10:04:26,$ 3513.01,100
2653,10:04:26,$ 3513.67,100
2654,10:03:58,$ 3513.82,100
2655,10:03:36,$ 3514.00,100
2656,10:03:31,$ 3512.83,332
2657,10:03:31,$ 3512.83,100
2658,10:03:29,$ 3513.08,100
2659,10:03:21,$ 3512.68,100
2660,10:03:18,$ 3513.41,100
2661,10:03:18,$ 3513.59,100
2662,10:03:18,$ 3513.47,100
2663,10:03:18,$ 3513.19,100
2664,10:03:14,$ 3514.89,210
2665,10:03:13,$ 3514.06,198
2666,10:03:11,$ 3514.10,100
2667,10:03:11,$ 3514.37,100
2668,10:03:07,$ 3515.00,100
2669,10:03:02,$ 3515.71,100
2670,10:02:39,$ 3516.06,166
2672,10:02:37,$ 3516.42,100
2673,10:02:22,$ 3516.685,100
2674,10:02:14,$ 3517.49,100
2675,10:02:14,$ 3517.49,100
2676,10:02:14,$ 3517.49,100
2677,10:01:56,$ 3515.84,100
2678,10:01:55,$ 3515.9475,100
2679,10:01:55,$ 3515.7525,100
2680,10:01:55,$ 3515.6175,100
2681,10:01:55,$ 3515.70,100
2682,10:01:55,$ 3516.17,100
2683,10:01:48,$ 3516.30,100
2684,10:01:41,$ 3515.875,100
2685,10:01:41,$ 3516.13,100
2686,10:01:41,$ 3516.18,100
2687,10:01:27,$ 3515.98,100
2688,10:01:26,$ 3516.385,240
2689,10:01:08,$ 3516.00,100
2690,10:01:08,$ 3516.065,100
2691,10:01:08,$ 3516.00,100
2693,10:01:03,$ 3516.37,100
2694,10:01:02,$ 3516.98,100
2695,10:00:46,$ 3516.9999,100
2696,10:00:44,$ 3516.745,200
2697,10:00:44,$ 3516.745,200
2698,10:00:43,$ 3516.745,100
2699,10:00:39,$ 3516.745,100
2700,10:00:37,$ 3515.975,100
2701,10:00:37,$ 3515.695,100
2702,10:00:37,$ 3516.46,100
2703,10:00:37,$ 3516.46,100
2704,10:00:37,$ 3516.37,100
2705,10:00:37,$ 3516.37,100
2706,10:00:23,$ 3516.00,100
2707,10:00:14,$ 3515.78,100
2708,10:00:02,$ 3515.31,100
2710,10:59:53,$ 3486.79,100
2711,10:59:48,$ 3487.6414,213
2712,10:59:48,$ 3487.6414,502
2713,10:59:48,$ 3487.50,126
2714,10:59:48,$ 3487.55,100
2715,10:59:48,$ 3487.22,100
2716,10:59:48,$ 3487.65,100
2717,10:59:48,$ 3488.00,100
2718,10:59:48,$ 3488.00,100
2719,10:59:48,$ 3488.13,100
2720,10:59:48,$ 3488.13,100
2721,10:59:47,$ 3488.50,100
2722,10:59:41,$ 3489.0206,100
2723,10:59:38,$ 3489.25,100
2724,10:59:36,$ 3489.85,100
2725,10:59:35,$ 3489.77,100
2726,10:59:30,$ 3489.78,100
2727,10:59:30,$ 3489.78,100
2728,10:59:29,$ 3489.355,100
2729,10:59:29,$ 3489.8901,100
2731,10:59:28,$ 3490.075,100
2732,10:59:22,$ 3490.0637,100
2733,10:59:22,$ 3489.86,100
2734,10:59:10,$ 3490.00,100
2735,10:59:10,$ 3490.00,100
2736,10:59:10,$ 3490.00,100
2737,10:59:07,$ 3490.645,200
2738,10:59:07,$ 3491.268,100
2739,10:59:07,$ 3490.635,200
2740,10:59:07,$ 3491.256,100
2741,10:59:07,$ 3490.82,100
2742,10:58:55,$ 3490.90,100
2743,10:58:53,$ 3490.70,100
2744,10:58:53,$ 3491.40,100
2745,10:58:53,$ 3491.40,100
2746,10:58:53,$ 3491.40,100
2747,10:58:52,$ 3490.60,100
2748,10:58:51,$ 3490.61,100
2749,10:58:51,$ 3490.84,100
2750,10:58:50,$ 3491.38,100
2752,10:58:49,$ 3490.41,100
2753,10:58:47,$ 3490.42,100
2754,10:58:47,$ 3490.56,100
2755,10:58:46,$ 3490.93,100
2756,10:58:46,$ 3490.93,100
2757,10:58:45,$ 3491.14,100
2758,10:58:45,$ 3490.982,100
2759,10:58:45,$ 3490.911,135
2760,10:58:45,$ 3490.98,100
2761,10:58:45,$ 3491.55,300
2762,10:58:45,$ 3492.01,100
2763,10:58:45,$ 3492.00,300
2764,10:58:45,$ 3492.11,100
2765,10:58:45,$ 3492.13,100
2766,10:58:43,$ 3492.16,100
2767,10:58:40,$ 3492.50,100
2768,10:58:40,$ 3492.55,200
2769,10:58:37,$ 3493.20,100
2770,10:58:29,$ 3493.855,300
2771,10:58:27,$ 3493.27,100
2773,10:58:24,$ 3494.04,100
2774,10:58:05,$ 3494.4328,220
2775,10:57:54,$ 3494.78,100
2776,10:57:51,$ 3495.19,100
2777,10:57:42,$ 3495.495,100
2778,10:57:39,$ 3495.32,100
2779,10:57:03,$ 3496.04,100
2780,10:56:57,$ 3496.315,100
2781,10:56:57,$ 3496.12,100
2782,10:56:50,$ 3496.555,100
2783,10:56:34,$ 3496.78,100
2784,10:56:31,$ 3496.9925,100
2785,10:56:30,$ 3496.575,100
2786,10:56:26,$ 3496.535,100
2787,10:56:21,$ 3496.535,100
2788,10:56:14,$ 3496.525,100
2789,10:56:13,$ 3496.52,100
2790,10:56:06,$ 3496.39,100
2791,10:56:05,$ 3496.16,100
2792,10:56:05,$ 3496.16,100
2794,10:56:04,$ 3496.16,100
2795,10:56:04,$ 3496.16,100
2796,10:55:48,$ 3496.05,100
2797,10:55:48,$ 3496.08,100
2798,10:55:44,$ 3496.025,100
2799,10:55:44,$ 3496.025,100
2800,10:55:44,$ 3495.09,100
2801,10:55:38,$ 3497.04,100
2802,10:55:37,$ 3496.43,121
2803,10:55:33,$ 3496.35,100
2804,10:55:33,$ 3496.39,100
2805,10:55:33,$ 3496.35,100
2806,10:55:31,$ 3495.56,100
2807,10:55:31,$ 3495.56,100
2808,10:55:22,$ 3495.51,100
2809,10:55:21,$ 3496.00,100
2810,10:55:21,$ 3495.515,100
2811,10:55:18,$ 3495.445,100
2812,10:55:18,$ 3495.48,100
2813,10:55:18,$ 3495.47,100
2815,10:55:16,$ 3495.13,100
2816,10:55:08,$ 3495.44,100
2817,10:55:06,$ 3495.42,100
2818,10:54:53,$ 3495.10,100
2819,10:54:53,$ 3495.10,100
2820,10:54:53,$ 3495.10,100
2821,10:54:52,$ 3495.11,397
2822,10:54:43,$ 3495.03,100
2823,10:54:43,$ 3495.00,100
2824,10:54:33,$ 3494.93,100
2825,10:54:31,$ 3495.44,100
2826,10:54:31,$ 3495.455,100
2827,10:54:29,$ 3495.49,100
2828,10:54:29,$ 3495.49,100
2829,10:54:29,$ 3495.49,100
2830,10:54:29,$ 3494.93,100
2831,10:54:22,$ 3495.4899,100
2832,10:54:01,$ 3496.00,500
2833,10:54:00,$ 3495.61,397
2834,10:53:57,$ 3495.38,100
2836,10:53:57,$ 3495.38,100
2837,10:53:57,$ 3496.19,100
2838,10:53:54,$ 3496.0201,200
2839,10:53:51,$ 3496.48,100
2840,10:53:49,$ 3496.48,100
2841,10:53:49,$ 3496.48,397
2842,10:53:46,$ 3496.46,100
2843,10:53:46,$ 3496.58,400
2844,10:53:45,$ 3496.705,100
2845,10:53:45,$ 3496.47,400
2846,10:53:40,$ 3496.235,149
2847,10:53:38,$ 3496.17,100
2848,10:53:38,$ 3496.17,100
2849,10:53:38,$ 3496.435,100
2850,10:53:23,$ 3495.51,317
2851,10:53:17,$ 3495.53,100
2852,10:53:17,$ 3495.845,300
2853,10:53:15,$ 3495.9749,300
2854,10:53:09,$ 3495.68,100
2855,10:53:09,$ 3495.4211,100
2857,10:53:07,$ 3494.8001,100
2858,10:53:05,$ 3494.95,110
2859,10:53:05,$ 3494.93,100
2860,10:53:05,$ 3494.95,100
2861,10:53:02,$ 3494.50,100
2862,10:53:02,$ 3494.51,100
2863,10:52:48,$ 3494.96,100
2864,10:52:40,$ 3494.98,100
2865,10:52:32,$ 3494.43,100
2866,10:52:32,$ 3494.42,100
2867,10:52:29,$ 3494.525,100
2868,10:52:11,$ 3493.635,100
2869,10:52:10,$ 3494.554,661
2870,10:52:05,$ 3494.535,100
2871,10:52:02,$ 3494.535,100
2872,10:51:59,$ 3494.55,100
2873,10:51:49,$ 3494.165,100
2874,10:51:35,$ 3493.62,100
2875,10:51:22,$ 3493.165,100
2876,10:51:13,$ 3492.735,100
2878,10:51:13,$ 3493.00,100
2879,10:51:13,$ 3492.96,100
2880,10:51:13,$ 3492.97,100
2881,10:51:13,$ 3492.96,100
2882,10:51:13,$ 3492.97,100
2883,10:51:13,$ 3492.97,100
2884,10:51:13,$ 3492.95,100
2885,10:51:13,$ 3492.96,100
2886,10:51:13,$ 3492.96,100
2887,10:51:13,$ 3492.875,100
2888,10:51:13,$ 3492.80,100
2889,10:50:55,$ 3493.67,100
2890,10:50:46,$ 3494.34,200
2891,10:50:46,$ 3494.3387,800
2892,10:50:45,$ 3494.65,200
2893,10:50:32,$ 3492.78,100
2894,10:50:14,$ 3492.72,100
2895,10:50:14,$ 3492.74,100
2896,10:50:14,$ 3493.00,100
2897,10:50:13,$ 3493.02,100
2899,10:50:13,$ 3493.41,100
2900,10:50:00,$ 3493.75,200
2901,10:49:28,$ 3493.2242,"1,700"
2902,10:49:26,$ 3493.65,100
2903,10:49:22,$ 3493.48,100
2904,10:49:15,$ 3493.14,100
2905,10:49:15,$ 3493.15,100
2906,10:49:15,$ 3493.00,100
2907,10:49:15,$ 3493.16,100
2908,10:49:15,$ 3493.14,100
2909,10:49:14,$ 3493.2507,236
2910,10:49:13,$ 3493.99,350
2911,10:49:04,$ 3493.99,100
2912,10:48:57,$ 3493.50,100
2913,10:48:57,$ 3493.50,100
2914,10:48:57,$ 3493.8954,200
2915,10:48:48,$ 3494.8199,100
2916,10:48:45,$ 3493.84,100
2917,10:48:43,$ 3493.77,100
2918,10:48:40,$ 3493.66,100
2920,10:48:25,$ 3494.14,100
2921,10:48:14,$ 3493.10,122
2922,10:48:12,$ 3493.758,160
2923,10:48:01,$ 3493.57,100
2924,10:48:01,$ 3493.64,100
2925,10:48:01,$ 3493.225,100
2926,10:48:01,$ 3493.76,100
2927,10:47:54,$ 3493.455,100
2928,10:47:53,$ 3493.00,100
2929,10:47:53,$ 3493.42,100
2930,10:47:47,$ 3493.78,100
2931,10:47:38,$ 3493.9833,100
2932,10:47:33,$ 3493.50,100
2933,10:47:33,$ 3493.50,100
2934,10:47:33,$ 3493.50,100
2935,10:47:33,$ 3493.50,131
2936,10:47:32,$ 3493.41,100
2937,10:47:29,$ 3492.92,100
2938,10:47:28,$ 3492.16,255
2939,10:47:19,$ 3493.51,100
2941,10:47:19,$ 3493.26,100
2942,10:47:19,$ 3493.35,100
2943,10:47:18,$ 3494.4468,300
2944,10:47:16,$ 3494.3189,200
2945,10:47:11,$ 3494.13,100
2946,10:47:10,$ 3495.00,400
2947,10:47:10,$ 3495.00,100
2948,10:47:10,$ 3495.00,100
2949,10:47:10,$ 3495.39,100
2950,10:47:10,$ 3495.34,100
2951,10:47:10,$ 3495.39,100
2952,10:47:09,$ 3495.391,100
2953,10:47:09,$ 3495.391,200
2954,10:46:44,$ 3496.2271,200
2955,10:46:39,$ 3496.11,100
2956,10:46:39,$ 3496.565,500
2957,10:46:39,$ 3496.565,100
2958,10:46:39,$ 3496.13,100
2959,10:46:38,$ 3496.565,100
2960,10:46:38,$ 3496.6094,800
2962,10:46:37,$ 3496.56,100
2963,10:46:37,$ 3496.545,100
2964,10:46:35,$ 3496.22,100
2965,10:46:27,$ 3496.9045,200
2966,10:46:09,$ 3497.10,100
2967,10:46:03,$ 3496.585,100
2968,10:45:58,$ 3496.83,100
2969,10:45:54,$ 3496.84,100
2970,10:45:48,$ 3496.84,101
2971,10:45:47,$ 3496.74,100
2972,10:45:47,$ 3495.81,100
2973,10:45:44,$ 3495.7058,185
2974,10:45:16,$ 3495.11,100
2975,10:45:15,$ 3495.77,200
2976,10:45:15,$ 3495.12,100
2977,10:45:15,$ 3495.20,100
2978,10:45:15,$ 3494.49,100
2979,10:45:15,$ 3494.8425,400
2980,10:45:12,$ 3494.815,100
2981,10:45:12,$ 3494.7229,900
2983,10:45:11,$ 3494.85,100
2984,10:45:10,$ 3494.36,520
2985,10:45:06,$ 3494.3686,253
2986,10:45:06,$ 3493.97,100
2987,10:45:03,$ 3493.99,100
2988,10:45:03,$ 3493.71,115
2989,10:45:03,$ 3493.80,100
2990,10:45:00,$ 3492.98,100
2991,10:45:00,$ 3492.98,100
2992,10:44:58,$ 3492.19,100
2993,10:44:57,$ 3493.08,100
2994,10:44:57,$ 3493.8087,890
2995,10:44:56,$ 3493.9999,200
2996,10:44:53,$ 3493.40,100
2997,10:44:52,$ 3493.28,100
2998,10:44:52,$ 3493.8284,279
2999,10:44:51,$ 3494.00,100
3000,10:44:48,$ 3493.07,100
3001,10:44:43,$ 3493.53,100
3002,10:44:41,$ 3493.45,100
3004,10:44:41,$ 3494.00,179
3005,10:44:41,$ 3494.00,221
3006,10:44:40,$ 3494.01,100
3007,10:44:40,$ 3494.01,100
3008,10:44:40,$ 3494.6619,203
3009,10:44:40,$ 3495.64,743
3010,10:44:37,$ 3494.24,100
3011,10:44:37,$ 3495.00,200
3012,10:44:37,$ 3494.87,100
3013,10:44:37,$ 3495.00,100
3014,10:44:32,$ 3495.665,250
3015,10:44:31,$ 3495.665,100
3016,10:44:31,$ 3495.665,100
3017,10:44:30,$ 3496.7708,200
3018,10:44:28,$ 3495.46,100
3019,10:44:27,$ 3495.821,267
3020,10:44:26,$ 3495.24,100
3021,10:44:25,$ 3496.00,200
3022,10:44:25,$ 3496.00,200
3023,10:44:25,$ 3496.00,100
3025,10:44:23,$ 3496.7794,100
3026,10:44:23,$ 3496.655,100
3027,10:44:17,$ 3496.9198,100
3028,10:44:02,$ 3496.70,100
3029,10:43:59,$ 3496.06,100
3030,10:43:55,$ 3496.97,100
3031,10:43:47,$ 3496.6954,186
3032,10:43:41,$ 3497.03,100
3033,10:43:36,$ 3496.99,100
3034,10:43:36,$ 3496.95,100
3035,10:43:35,$ 3496.941,250
3036,10:43:35,$ 3496.945,100
3037,10:43:35,$ 3497.43,"1,000"
3038,10:43:32,$ 3497.83,100
3039,10:43:32,$ 3497.89,100
3040,10:43:32,$ 3497.455,100
3041,10:43:32,$ 3497.455,100
3042,10:43:32,$ 3497.78,100
3043,10:43:32,$ 3497.67,100
3044,10:43:32,$ 3497.73,100
3046,10:43:32,$ 3497.90,124
3047,10:43:32,$ 3497.90,100
3048,10:43:31,$ 3497.30,100
3049,10:43:31,$ 3497.00,111
3050,10:43:22,$ 3497.07,300
3051,10:43:22,$ 3496.5441,100
3052,10:43:20,$ 3496.39,100
3053,10:43:20,$ 3496.39,100
3054,10:43:20,$ 3496.775,100
3055,10:43:20,$ 3496.51,100
3056,10:43:20,$ 3496.09,100
3057,10:43:20,$ 3496.805,100
3058,10:43:20,$ 3496.72,100
3059,10:43:20,$ 3496.43,100
3060,10:43:20,$ 3496.956,350
3061,10:43:20,$ 3498.19,285
3062,10:43:20,$ 3498.19,425
3063,10:43:18,$ 3497.99,100
3064,10:43:17,$ 3498.03,100
3065,10:43:15,$ 3498.847,415
3067,10:43:14,$ 3498.847,471
3068,10:43:14,$ 3498.81,100
3069,10:43:13,$ 3499.50,100
3070,10:43:13,$ 3499.30,100
3071,10:43:13,$ 3499.50,100
3072,10:43:13,$ 3499.84,100
3073,10:43:13,$ 3500.035,100
3074,10:43:13,$ 3500.00,900
3075,10:43:13,$ 3500.02,100
3076,10:43:13,$ 3500.02,100
3077,10:43:13,$ 3500.02,100
3078,10:43:13,$ 3500.00,110
3079,10:43:13,$ 3500.01,100
3080,10:43:13,$ 3500.00,300
3081,10:43:13,$ 3500.00,100
3082,10:43:13,$ 3500.00,200
3083,10:43:13,$ 3500.00,100
3084,10:43:13,$ 3500.00,100
3085,10:43:13,$ 3500.00,200
3086,10:43:12,$ 3500.26,100
3088,10:43:09,$ 3500.83,100
3089,10:43:04,$ 3501.55,153
3090,10:43:04,$ 3501.00,100
3091,10:43:04,$ 3501.63,100
3092,10:43:04,$ 3501.56,100
3093,10:43:04,$ 3502.43,100
3094,10:43:03,$ 3502.54,100
3095,10:43:02,$ 3502.8417,150
3096,10:42:57,$ 3502.79,100
3097,10:42:56,$ 3502.7999,100
3098,10:42:38,$ 3501.19,100
3099,10:42:30,$ 3500.97,100
3100,10:42:22,$ 3501.40,100
3101,10:42:21,$ 3501.7874,200
3102,10:41:55,$ 3500.805,100
3103,10:41:53,$ 3500.94,100
3104,10:41:34,$ 3500.945,100
3105,10:41:34,$ 3500.34,100
3106,10:41:34,$ 3501.06,100
3107,10:41:28,$ 3501.12,100
3109,10:41:25,$ 3501.645,100
3110,10:41:24,$ 3501.51,100
3111,10:41:21,$ 3502.00,100
3112,10:41:17,$ 3502.60,100
3113,10:41:17,$ 3502.61,500
3114,10:40:53,$ 3503.065,100
3115,10:40:49,$ 3503.06,100
3116,10:40:35,$ 3503.06,100
3117,10:40:34,$ 3502.97,100
3118,10:40:29,$ 3503.22,100
3119,10:40:28,$ 3502.795,100
3120,10:40:23,$ 3502.71,100
3121,10:40:23,$ 3502.70,100
3122,10:40:21,$ 3502.8275,100
3123,10:40:21,$ 3502.91,100
3124,10:40:21,$ 3502.68,100
3125,10:40:21,$ 3502.68,100
3126,10:40:15,$ 3503.23,100
3127,10:39:58,$ 3502.83,100
3128,10:39:50,$ 3502.88,100
3130,10:39:49,$ 3503.05,100
3131,10:39:48,$ 3503.305,100
3132,10:39:48,$ 3503.305,100
3133,10:39:47,$ 3503.44,100
3134,10:39:47,$ 3502.89,100
3135,10:39:47,$ 3503.275,100
3136,10:39:40,$ 3503.3975,100
3137,10:39:40,$ 3502.88,100
3138,10:39:30,$ 3503.0697,800
3139,10:39:28,$ 3503.00,100
3140,10:39:28,$ 3503.00,100
3141,10:39:28,$ 3502.88,100
3142,10:39:17,$ 3502.43,100
3143,10:39:17,$ 3502.91,100
3144,10:39:17,$ 3502.945,100
3145,10:39:06,$ 3502.71,100
3146,10:39:05,$ 3502.43,411
3147,10:38:49,$ 3502.2641,100
3148,10:38:49,$ 3501.75,200
3149,10:38:49,$ 3501.75,100
3151,10:38:49,$ 3501.75,100
3152,10:38:45,$ 3502.135,100
3153,10:38:36,$ 3501.88,100
3154,10:38:36,$ 3502.25,100
3155,10:38:36,$ 3501.88,100
3156,10:38:36,$ 3501.91,100
3157,10:38:35,$ 3502.3352,100
3158,10:38:34,$ 3502.75,100
3159,10:38:31,$ 3502.5475,100
3160,10:38:30,$ 3502.52,200
3161,10:38:24,$ 3502.53,100
3162,10:38:21,$ 3502.6475,100
3163,10:38:20,$ 3503.00,242
3164,10:38:20,$ 3503.14,111
3165,10:38:17,$ 3502.46,100
3166,10:38:17,$ 3502.17,129
3167,10:38:16,$ 3502.36,100
3168,10:38:16,$ 3502.27,100
3169,10:38:16,$ 3502.095,100
3170,10:38:15,$ 3502.34,100
3172,10:38:10,$ 3501.88,100
3173,10:38:04,$ 3501.50,100
3174,10:38:02,$ 3501.4952,100
3175,10:38:00,$ 3502.33,169
3176,10:38:00,$ 3502.665,100
3177,10:37:52,$ 3501.47,100
3178,10:37:52,$ 3502.46,100
3179,10:37:42,$ 3502.00,100
3180,10:37:42,$ 3502.03,100
3181,10:37:14,$ 3502.81,100
3182,10:37:13,$ 3503.40,100
3183,10:37:05,$ 3502.95,100
3184,10:36:54,$ 3502.08,100
3185,10:36:54,$ 3502.50,100
3186,10:36:54,$ 3502.58,100
3187,10:36:44,$ 3503.00,100
3188,10:36:44,$ 3503.20,100
3189,10:36:44,$ 3503.31,100
3190,10:36:38,$ 3503.95,100
3191,10:36:28,$ 3503.69,100
3193,10:36:17,$ 3503.69,100
3194,10:36:11,$ 3503.805,100
3195,10:36:09,$ 3503.03,100
3196,10:36:05,$ 3503.4542,100
3197,10:36:05,$ 3503.01,100
3198,10:36:03,$ 3503.81,100
3199,10:36:03,$ 3503.87,100
3200,10:36:03,$ 3503.50,100
3201,10:35:57,$ 3504.66,100
3202,10:35:57,$ 3504.665,100
3203,10:35:57,$ 3504.725,100
3204,10:35:57,$ 3504.74,100
3205,10:35:57,$ 3504.345,100
3206,10:35:57,$ 3504.72,100
3207,10:35:57,$ 3504.265,100
3208,10:35:57,$ 3503.875,100
3209,10:35:56,$ 3503.02,100
3210,10:35:56,$ 3503.60,100
3211,10:35:50,$ 3503.71,100
3212,10:35:50,$ 3503.71,100
3214,10:35:50,$ 3504.62,"1,556"
3215,10:35:50,$ 3504.62,114
3216,10:35:50,$ 3503.89,100
3217,10:35:49,$ 3504.5942,113
3218,10:35:45,$ 3504.09,"1,000"
3219,10:35:42,$ 3504.28,100
3220,10:35:36,$ 3503.81,108
3221,10:35:36,$ 3503.62,124
3222,10:35:28,$ 3503.00,100
3223,10:35:17,$ 3503.19,100
3224,10:35:06,$ 3502.925,100
3225,10:35:05,$ 3502.0601,100
3226,10:35:04,$ 3502.535,100
3227,10:35:00,$ 3502.37,100
3228,10:34:45,$ 3502.08,100
3229,10:34:45,$ 3502.765,100
3230,10:34:44,$ 3502.10,100
3231,10:34:44,$ 3502.35,100
3232,10:34:44,$ 3502.3266,300
3233,10:34:44,$ 3502.0807,100
3235,10:34:44,$ 3502.22,100
3236,10:34:44,$ 3502.11,100
3237,10:34:44,$ 3502.11,100
3238,10:34:26,$ 3502.1475,100
3239,10:34:23,$ 3502.00,110
3240,10:34:23,$ 3502.00,111
3241,10:34:23,$ 3502.00,110
3242,10:34:23,$ 3502.00,206
3243,10:34:23,$ 3501.9999,100
3244,10:34:21,$ 3501.9999,100
3245,10:34:19,$ 3501.835,200
3246,10:34:19,$ 3501.90,100
3247,10:34:05,$ 3503.005,100
3248,10:33:58,$ 3502.30,111
3249,10:33:46,$ 3502.24,100
3250,10:33:42,$ 3502.7125,188
3251,10:33:39,$ 3502.19,100
3252,10:33:28,$ 3502.15,100
3253,10:33:09,$ 3502.3458,100
3254,10:33:09,$ 3502.3907,100
3256,10:33:04,$ 3501.975,100
3257,10:32:28,$ 3501.76,100
3258,10:32:26,$ 3502.1258,100
3259,10:32:14,$ 3501.99,100
3260,10:32:07,$ 3501.48,100
3261,10:32:07,$ 3501.48,100
3262,10:32:04,$ 3501.95,100
3263,10:32:02,$ 3502.00,100
3264,10:32:01,$ 3501.575,100
3265,10:31:47,$ 3500.99,100
3266,10:31:47,$ 3501.18,100
3267,10:31:41,$ 3500.80,100
3268,10:31:33,$ 3500.42,100
3269,10:31:33,$ 3500.83,300
3270,10:31:31,$ 3501.2082,100
3271,10:31:25,$ 3500.15,100
3272,10:31:16,$ 3500.69,100
3273,10:31:15,$ 3500.695,100
3274,10:31:15,$ 3500.735,100
3275,10:31:09,$ 3500.74,100
3277,10:31:08,$ 3501.00,100
3278,10:31:08,$ 3501.01,100
3279,10:31:08,$ 3501.14,100
3280,10:30:54,$ 3501.416,100
3281,10:30:54,$ 3501.381,306
3282,10:30:54,$ 3501.39,100
3283,10:30:52,$ 3501.80,140
3284,10:30:45,$ 3502.35,144
3285,10:30:42,$ 3501.21,100
3286,10:30:42,$ 3502.0324,100
3287,10:30:40,$ 3502.145,100
3288,10:30:39,$ 3502.14,100
3289,10:30:30,$ 3503.84,100
3290,10:30:29,$ 3504.00,100
3291,10:30:23,$ 3504.06,300
3292,10:30:02,$ 3503.90,100
3294,11:29:55,$ 3488.1325,100
3295,11:29:55,$ 3488.27,100
3296,11:29:55,$ 3488.27,285
3297,11:29:55,$ 3488.28,105
3298,11:29:50,$ 3488.01,100
3299,11:29:50,$ 3488.00,601
3300,11:29:50,$ 3488.00,100
3301,11:29:24,$ 3487.58,100
3302,11:29:24,$ 3488.17,100
3303,11:29:21,$ 3487.83,100
3304,11:29:19,$ 3487.83,100
3305,11:29:19,$ 3487.732,100
3306,11:29:19,$ 3487.34,100
3307,11:29:03,$ 3487.13,200
3308,11:28:59,$ 3487.13,100
3309,11:28:46,$ 3487.50,100
3310,11:28:46,$ 3487.54,100
3311,11:28:36,$ 3487.125,100
3312,11:28:36,$ 3487.1012,100
3313,11:28:32,$ 3487.84,100
3315,11:28:32,$ 3487.24,100
3316,11:28:32,$ 3487.23,100
3317,11:28:27,$ 3486.595,117
3318,11:28:25,$ 3487.20,100
3319,11:28:25,$ 3487.22,100
3320,11:28:24,$ 3486.85,100
3321,11:28:21,$ 3485.98,100
3322,11:28:21,$ 3485.98,100
3323,11:28:11,$ 3485.90,100
3324,11:28:11,$ 3485.94,100
3325,11:28:11,$ 3486.11,100
3326,11:28:08,$ 3487.01,100
3327,11:28:08,$ 3486.79,100
3328,11:28:08,$ 3486.78,200
3329,11:28:07,$ 3486.94,100
3330,11:28:07,$ 3486.87,100
3331,11:28:07,$ 3486.87,112
3332,11:28:07,$ 3486.85,100
3333,11:28:07,$ 3486.85,225
3334,11:28:07,$ 3486.85,102
3336,11:28:06,$ 3486.0467,100
3337,11:28:04,$ 3486.375,200
3338,11:28:03,$ 3486.54,100
3339,11:27:46,$ 3486.93,174
3340,11:27:41,$ 3486.01,100
3341,11:27:35,$ 3486.30,248
3342,11:27:33,$ 3486.42,100
3343,11:27:33,$ 3486.42,100
3344,11:27:33,$ 3486.41,100
3345,11:27:33,$ 3486.41,100
3346,11:26:56,$ 3486.2901,100
3347,11:26:51,$ 3486.70,100
3348,11:26:28,$ 3487.12,178
3349,11:26:22,$ 3486.7101,108
3350,11:25:27,$ 3487.6163,530
3351,11:25:18,$ 3487.995,100
3352,11:25:07,$ 3486.39,100
3353,11:25:07,$ 3486.625,100
3354,11:25:06,$ 3487.50,100
3355,11:24:54,$ 3487.48,100
3357,11:24:35,$ 3487.54,100
3358,11:24:31,$ 3487.04,100
3359,11:24:31,$ 3487.04,100
3360,11:24:31,$ 3487.09,100
3361,11:24:24,$ 3488.68,100
3362,11:23:56,$ 3486.67,238
3363,11:23:56,$ 3486.70,100
3364,11:23:15,$ 3486.21,100
3365,11:23:15,$ 3486.202,100
3366,11:23:15,$ 3486.17,100
3367,11:23:13,$ 3485.88,100
3368,11:23:13,$ 3485.88,146
3369,11:23:12,$ 3485.88,100
3370,11:23:12,$ 3485.86,100
3371,11:23:09,$ 3485.10,100
3372,11:23:01,$ 3486.1421,418
3373,11:23:00,$ 3486.41,100
3374,11:23:00,$ 3486.41,100
3375,11:22:54,$ 3485.81,100
3376,11:22:54,$ 3485.81,100
3378,11:22:53,$ 3486.39,100
3379,11:22:53,$ 3486.09,272
3380,11:22:49,$ 3486.58,200
3381,11:22:48,$ 3486.5787,776
3382,11:22:48,$ 3486.58,100
3383,11:22:48,$ 3486.58,200
3384,11:22:47,$ 3486.28,100
3385,11:22:47,$ 3486.28,200
3386,11:22:47,$ 3486.28,100
3387,11:22:47,$ 3486.30,100
3388,11:22:47,$ 3486.44,100
3389,11:22:47,$ 3486.54,370
3390,11:22:43,$ 3486.03,100
3391,11:22:39,$ 3485.77,162
3392,11:22:39,$ 3485.77,275
3393,11:22:38,$ 3485.78,100
3394,11:22:38,$ 3486.10,286
3395,11:22:38,$ 3485.77,132
3396,11:22:38,$ 3485.81,400
3397,11:22:36,$ 3486.00,100
3399,11:22:36,$ 3486.00,100
3400,11:22:35,$ 3486.10,600
3401,11:22:35,$ 3486.10,100
3402,11:22:35,$ 3486.10,100
3403,11:22:34,$ 3486.9814,100
3404,11:22:28,$ 3486.50,100
3405,11:22:28,$ 3486.50,106
3406,11:22:28,$ 3486.50,194
3407,11:22:28,$ 3486.68,110
3408,11:22:28,$ 3487.00,100
3409,11:22:28,$ 3487.00,100
3410,11:22:27,$ 3487.56,100
3411,11:22:26,$ 3487.56,100
3412,11:22:25,$ 3487.55,100
3413,11:22:21,$ 3487.55,100
3414,11:22:21,$ 3487.55,100
3415,11:22:07,$ 3487.61,100
3416,11:22:05,$ 3487.57,100
3417,11:22:00,$ 3487.99,100
3418,11:21:59,$ 3488.17,100
3420,11:21:46,$ 3488.30,100
3421,11:21:39,$ 3488.70,153
3422,11:21:38,$ 3489.09,100
3423,11:21:38,$ 3489.06,100
3424,11:21:19,$ 3488.25,500
3425,11:21:12,$ 3487.6184,100
3426,11:21:11,$ 3488.24,100
3427,11:20:38,$ 3488.60,100
3428,11:20:37,$ 3488.645,100
3429,11:20:36,$ 3488.73,100
3430,11:20:34,$ 3489.37,100
3431,11:20:32,$ 3489.94,100
3432,11:20:31,$ 3489.3801,300
3433,11:20:16,$ 3489.51,100
3434,11:20:07,$ 3490.85,100
3435,11:19:38,$ 3490.32,100
3436,11:19:33,$ 3490.713,500
3437,11:19:19,$ 3490.0701,300
3438,11:18:59,$ 3490.84,100
3439,11:18:48,$ 3490.97,100
3441,11:18:42,$ 3491.76,100
3442,11:18:28,$ 3490.59,100
3443,11:18:28,$ 3490.59,100
3444,11:18:18,$ 3491.43,100
3445,11:18:13,$ 3490.61,100
3446,11:18:13,$ 3490.59,100
3447,11:18:10,$ 3490.59,100
3448,11:17:40,$ 3489.01,100
3449,11:17:40,$ 3489.00,100
3450,11:17:27,$ 3488.70,100
3451,11:17:15,$ 3489.367,106
3452,11:17:12,$ 3489.78,100
3453,11:17:05,$ 3489.205,100
3454,11:16:55,$ 3489.0591,500
3455,11:16:40,$ 3489.52,100
3456,11:16:40,$ 3490.095,100
3457,11:16:36,$ 3489.765,100
3458,11:16:22,$ 3490.47,100
3459,11:16:22,$ 3489.79,100
3460,11:16:19,$ 3489.70,100
3462,11:15:54,$ 3490.14,101
3463,11:15:43,$ 3489.47,100
3464,11:15:43,$ 3489.46,100
3465,11:15:39,$ 3489.06,100
3466,11:15:36,$ 3489.055,100
3467,11:15:23,$ 3489.045,100
3468,11:15:22,$ 3489.2457,900
3469,11:15:21,$ 3488.84,100
3470,11:15:21,$ 3488.84,100
3471,11:15:21,$ 3488.8399,100
3472,11:15:14,$ 3487.1749,176
3473,11:15:14,$ 3487.0979,113
3474,11:15:14,$ 3487.0979,425
3475,11:15:14,$ 3487.0979,286
3476,11:15:03,$ 3487.00,468
3477,11:15:01,$ 3487.695,100
3478,11:15:00,$ 3488.00,185
3479,11:15:00,$ 3488.03,100
3480,11:15:00,$ 3488.0811,100
3481,11:14:59,$ 3488.52,100
3483,11:14:58,$ 3488.89,100
3484,11:14:49,$ 3488.915,100
3485,11:14:49,$ 3488.89,100
3486,11:14:41,$ 3489.105,100
3487,11:14:41,$ 3489.095,100
3488,11:14:32,$ 3489.50,100
3489,11:14:32,$ 3489.50,100
3490,11:13:44,$ 3489.90,100
3491,11:12:57,$ 3489.59,100
3492,11:12:47,$ 3489.92,100
3493,11:12:47,$ 3489.906,100
3494,11:12:47,$ 3489.918,100
3495,11:12:47,$ 3489.77,100
3496,11:12:47,$ 3489.94,100
3497,11:12:36,$ 3489.52,193
3498,11:12:15,$ 3489.36,"1,800"
3499,11:12:15,$ 3489.36,183
3500,11:12:11,$ 3490.7799,100
3501,11:12:03,$ 3490.79,100
3502,11:11:55,$ 3490.65,100
3504,11:11:52,$ 3489.99,100
3505,11:11:49,$ 3489.575,100
3506,11:11:43,$ 3489.94,100
3507,11:11:43,$ 3490.00,100
3508,11:11:38,$ 3490.69,140
3509,11:11:34,$ 3491.3691,401
3510,11:11:25,$ 3490.86,100
3511,11:11:25,$ 3490.86,262
3512,11:11:25,$ 3490.86,100
3513,11:11:15,$ 3491.005,100
3514,11:11:10,$ 3490.70,100
3515,11:10:39,$ 3491.99,100
3516,11:10:39,$ 3491.98,500
3517,11:10:37,$ 3491.03,100
3518,11:10:28,$ 3491.855,150
3519,11:10:13,$ 3492.45,100
3520,11:10:02,$ 3493.015,100
3521,11:10:02,$ 3493.34,100
3522,11:10:02,$ 3493.35,100
3523,11:10:02,$ 3493.35,100
3525,11:10:02,$ 3493.35,100
3526,11:10:02,$ 3493.44,100
3527,11:10:02,$ 3493.44,100
3528,11:09:55,$ 3492.98,100
3529,11:09:55,$ 3492.91,100
3530,11:09:55,$ 3492.98,100
3531,11:09:53,$ 3493.065,100
3532,11:09:53,$ 3493.288,500
3533,11:09:43,$ 3493.31,100
3534,11:09:40,$ 3493.44,100
3535,11:09:19,$ 3493.06,100
3536,11:09:10,$ 3492.66,100
3537,11:09:08,$ 3492.28,100
3538,11:09:01,$ 3493.31,100
3539,11:09:01,$ 3493.31,100
3540,11:09:01,$ 3492.90,200
3541,11:09:01,$ 3493.30,100
3542,11:08:55,$ 3492.975,100
3543,11:08:55,$ 3492.975,100
3544,11:08:54,$ 3492.5059,259
3546,11:08:54,$ 3492.5059,675
3547,11:08:46,$ 3492.98,100
3548,11:08:45,$ 3492.98,100
3549,11:08:41,$ 3493.00,100
3550,11:08:35,$ 3492.28,100
3551,11:08:32,$ 3492.07,100
3552,11:08:16,$ 3491.75,100
3553,11:08:07,$ 3491.72,100
3554,11:08:04,$ 3491.24,110
3555,11:08:04,$ 3491.00,100
3556,11:07:52,$ 3491.93,100
3557,11:07:42,$ 3491.55,100
3558,11:07:19,$ 3492.31,100
3559,11:07:10,$ 3492.00,100
3560,11:07:03,$ 3491.8437,100
3561,11:06:49,$ 3491.81,100
3562,11:06:49,$ 3491.74,100
3563,11:06:30,$ 3491.10,100
3564,11:06:16,$ 3491.435,200
3565,11:06:12,$ 3492.08,100
3567,11:06:11,$ 3492.25,100
3568,11:05:43,$ 3490.82,100
3569,11:05:43,$ 3490.80,100
3570,11:05:43,$ 3490.80,100
3571,11:05:43,$ 3490.80,100
3572,11:05:43,$ 3490.405,100
3573,11:05:36,$ 3490.72,100
3574,11:05:30,$ 3490.03,100
3575,11:05:20,$ 3490.84,100
3576,11:04:26,$ 3490.46,100
3577,11:03:48,$ 3490.32,100
3578,11:03:48,$ 3490.31,100
3579,11:03:48,$ 3490.31,100
3580,11:03:48,$ 3490.32,100
3581,11:03:44,$ 3490.56,100
3582,11:03:40,$ 3491.215,100
3583,11:03:40,$ 3491.22,100
3584,11:03:40,$ 3491.215,100
3585,11:03:40,$ 3491.215,100
3586,11:03:40,$ 3491.62,100
3588,11:03:35,$ 3491.3275,100
3589,11:03:34,$ 3491.415,100
3590,11:03:34,$ 3491.32,100
3591,11:03:34,$ 3491.14,100
3592,11:03:34,$ 3491.14,100
3593,11:03:34,$ 3491.155,100
3594,11:03:34,$ 3491.26,100
3595,11:03:34,$ 3491.52,100
3596,11:03:34,$ 3491.53,100
3597,11:03:34,$ 3491.56,100
3598,11:03:30,$ 3491.13,100
3599,11:03:25,$ 3490.66,100
3600,11:03:25,$ 3490.605,100
3601,11:03:25,$ 3490.58,100
3602,11:03:25,$ 3490.56,100
3603,11:03:10,$ 3490.4383,185
3604,11:03:10,$ 3490.4383,115
3605,11:02:47,$ 3490.59,100
3606,11:02:47,$ 3490.39,201
3607,11:02:34,$ 3489.66,100
3609,11:02:14,$ 3489.60,100
3610,11:01:58,$ 3489.73,100
3611,11:01:58,$ 3489.72,100
3612,11:01:47,$ 3489.7201,100
3613,11:01:32,$ 3489.96,100
3614,11:01:30,$ 3490.00,100
3615,11:01:25,$ 3490.325,100
3616,11:01:24,$ 3490.68,100
3617,11:01:19,$ 3491.4428,100
3618,11:01:17,$ 3490.83,100
3619,11:01:16,$ 3490.66,100
3620,11:01:13,$ 3490.58,100
3621,11:01:12,$ 3490.58,100
3622,11:01:09,$ 3490.58,100
3623,11:01:09,$ 3490.58,100
3624,11:01:08,$ 3490.58,170
3625,11:00:58,$ 3490.55,100
3626,11:00:42,$ 3489.515,200
3627,11:00:40,$ 3489.36,100
3628,11:00:40,$ 3489.36,100
3630,11:00:38,$ 3488.7766,300
3631,11:00:36,$ 3488.7599,500
3632,11:00:32,$ 3488.31,100
3633,11:00:31,$ 3487.92,180
3634,11:00:31,$ 3487.92,100
3635,11:00:24,$ 3487.79,100
3636,11:00:23,$ 3488.232,100
3637,11:00:23,$ 3488.274,100
3638,11:00:23,$ 3488.228,100
3639,11:00:20,$ 3487.76,100
3640,11:00:19,$ 3488.035,100
3641,11:00:18,$ 3487.90,100
3642,11:00:15,$ 3487.315,100
3643,11:00:14,$ 3487.19,100
3644,11:00:13,$ 3487.26,100
3645,11:00:10,$ 3486.28,100
3646,11:00:10,$ 3487.02,100
3647,11:00:10,$ 3487.03,100
3648,11:00:10,$ 3487.03,113
3649,11:00:10,$ 3487.03,100
3651,11:00:08,$ 3486.3936,100
3652,11:00:07,$ 3486.31,100
3653,11:00:06,$ 3485.50,100
3654,11:00:05,$ 3486.50,127
3655,11:00:02,$ 3486.505,100
3656,11:00:02,$ 3486.764,"1,000"
3658,11:59:54,$ 3495.62,100
3659,11:59:44,$ 3496.04,100
3660,11:59:38,$ 3495.63,100
3661,11:59:25,$ 3496.2761,240
3662,11:59:09,$ 3496.07,100
3663,11:59:09,$ 3496.01,100
3664,11:58:55,$ 3495.3396,175
3665,11:58:53,$ 3496.44,100
3666,11:58:44,$ 3495.66,100
3667,11:58:25,$ 3496.4885,100
3668,11:58:22,$ 3496.21,100
3669,11:58:22,$ 3495.785,100
3670,11:58:19,$ 3495.65,100
3671,11:57:38,$ 3495.80,100
3672,11:57:38,$ 3496.00,100
3673,11:57:38,$ 3495.85,100
3674,11:57:32,$ 3495.18,"1,200"
3675,11:57:30,$ 3494.99,100
3676,11:57:30,$ 3494.94,100
3677,11:57:30,$ 3494.99,100
3679,11:57:28,$ 3494.38,100
3680,11:57:23,$ 3494.4479,424
3681,11:57:20,$ 3494.45,100
3682,11:57:17,$ 3494.44,100
3683,11:57:07,$ 3494.3484,100
3684,11:56:52,$ 3493.945,"1,200"
3685,11:56:38,$ 3493.435,100
3686,11:56:25,$ 3494.08,100
3687,11:56:14,$ 3493.88,100
3688,11:56:13,$ 3493.88,100
3689,11:56:13,$ 3493.6256,200
3690,11:56:09,$ 3493.67,100
3691,11:56:06,$ 3493.87,100
3692,11:56:05,$ 3493.9031,150
3693,11:56:01,$ 3493.78,100
3694,11:55:54,$ 3493.42,100
3695,11:55:44,$ 3493.24,100
3696,11:55:44,$ 3493.24,100
3697,11:55:43,$ 3492.35,100
3698,11:55:39,$ 3491.8331,243
3700,11:55:39,$ 3491.8331,112
3701,11:55:39,$ 3492.22,102
3702,11:55:29,$ 3491.64,143
3703,11:55:20,$ 3490.872,300
3704,11:55:19,$ 3490.7601,500
3705,11:55:19,$ 3490.9506,100
3706,11:55:13,$ 3491.5085,293
3707,11:55:08,$ 3491.16,100
3708,11:55:04,$ 3491.21,100
3709,11:55:02,$ 3491.195,100
3710,11:55:02,$ 3491.00,"1,100"
3711,11:54:59,$ 3490.2888,119
3712,11:54:55,$ 3490.84,100
3713,11:54:24,$ 3489.662,100
3714,11:53:47,$ 3489.62,100
3715,11:53:47,$ 3489.2765,100
3716,11:53:46,$ 3489.82,100
3717,11:53:37,$ 3488.2901,100
3718,11:53:36,$ 3488.32,100
3719,11:52:04,$ 3489.07,100
3721,11:51:57,$ 3488.98,100
3722,11:51:55,$ 3489.905,100
3723,11:51:28,$ 3489.495,100
3724,11:50:42,$ 3488.47,100
3725,11:50:38,$ 3487.7401,100
3726,11:50:38,$ 3488.07,200
3727,11:50:31,$ 3488.33,100
3728,11:50:31,$ 3488.33,100
3729,11:50:13,$ 3487.45,100
3730,11:50:11,$ 3487.71,100
3731,11:50:03,$ 3488.3775,100
3732,11:50:02,$ 3488.00,100
3733,11:49:36,$ 3486.456,100
3734,11:49:23,$ 3486.64,100
3735,11:49:16,$ 3486.50,100
3736,11:49:14,$ 3486.20,185
3737,11:49:14,$ 3486.21,100
3738,11:49:14,$ 3486.18,100
3739,11:49:07,$ 3486.20,100
3740,11:49:00,$ 3486.2393,402
3742,11:49:00,$ 3485.93,100
3743,11:48:49,$ 3485.50,100
3744,11:48:32,$ 3485.26,100
3745,11:48:32,$ 3485.094,100
3746,11:48:32,$ 3484.825,100
3747,11:48:09,$ 3484.51,185
3748,11:48:04,$ 3485.00,279
3749,11:47:48,$ 3484.545,100
3750,11:47:14,$ 3484.40,100
3751,11:47:14,$ 3484.47,100
3752,11:47:14,$ 3484.48,159
3753,11:47:14,$ 3484.48,100
3754,11:47:14,$ 3484.39,108
3755,11:47:02,$ 3483.65,100
3756,11:47:00,$ 3483.861,100
3757,11:47:00,$ 3484.32,100
3758,11:47:00,$ 3484.2075,100
3759,11:46:21,$ 3484.22,100
3760,11:46:21,$ 3484.22,100
3761,11:46:11,$ 3484.545,100
3763,11:46:01,$ 3484.385,100
3764,11:46:01,$ 3484.39,100
3765,11:45:24,$ 3484.36,100
3766,11:45:15,$ 3484.38,100
3767,11:45:14,$ 3484.8239,100
3768,11:45:09,$ 3484.255,100
3769,11:45:06,$ 3484.94,100
3770,11:44:53,$ 3485.25,100
3771,11:44:33,$ 3484.92,100
3772,11:44:33,$ 3484.90,100
3773,11:44:33,$ 3484.90,100
3774,11:44:33,$ 3484.87,100
3775,11:44:25,$ 3484.205,100
3776,11:44:16,$ 3484.90,100
3777,11:44:07,$ 3485.09,200
3778,11:44:07,$ 3485.00,160
3779,11:43:53,$ 3484.00,100
3780,11:43:53,$ 3484.02,116
3781,11:43:53,$ 3484.04,100
3782,11:43:53,$ 3484.04,100
3784,11:43:39,$ 3484.00,281
3785,11:43:20,$ 3484.555,100
3786,11:43:16,$ 3484.18,100
3787,11:42:59,$ 3483.695,100
3788,11:42:52,$ 3484.607,100
3789,11:42:46,$ 3484.11,100
3790,11:42:46,$ 3484.11,185
3791,11:42:37,$ 3483.70,100
3792,11:42:34,$ 3483.68,400
3793,11:42:31,$ 3483.665,100
3794,11:42:20,$ 3482.50,200
3795,11:42:20,$ 3482.50,140
3796,11:42:06,$ 3481.95,111
3797,11:41:58,$ 3482.8402,130
3798,11:41:40,$ 3482.88,100
3799,11:41:40,$ 3482.88,100
3800,11:41:40,$ 3482.88,100
3801,11:41:40,$ 3482.87,100
3802,11:41:40,$ 3482.88,100
3803,11:41:40,$ 3482.88,100
3805,11:41:40,$ 3482.88,145
3806,11:41:36,$ 3483.005,100
3807,11:41:27,$ 3483.04,455
3808,11:41:27,$ 3483.27,100
3809,11:41:27,$ 3483.27,100
3810,11:41:26,$ 3483.37,100
3811,11:41:26,$ 3483.47,100
3812,11:41:26,$ 3483.55,158
3813,11:41:26,$ 3483.55,100
3814,11:41:26,$ 3483.275,100
3815,11:41:24,$ 3483.285,100
3816,11:41:01,$ 3484.22,100
3817,11:41:00,$ 3484.5981,135
3818,11:40:47,$ 3484.82,100
3819,11:40:46,$ 3484.03,100
3820,11:40:45,$ 3484.574,100
3821,11:40:42,$ 3484.31,100
3822,11:40:41,$ 3485.00,425
3823,11:40:41,$ 3485.00,100
3824,11:40:41,$ 3485.00,100
3826,11:40:41,$ 3485.00,567
3827,11:40:41,$ 3485.00,100
3828,11:40:41,$ 3485.00,100
3829,11:40:41,$ 3485.00,110
3830,11:40:41,$ 3485.00,100
3831,11:40:41,$ 3485.00,100
3832,11:40:33,$ 3485.60,100
3833,11:40:33,$ 3485.60,100
3834,11:40:33,$ 3485.60,100
3835,11:40:33,$ 3485.61,100
3836,11:40:32,$ 3485.99,100
3837,11:40:17,$ 3485.6827,216
3838,11:40:17,$ 3485.6827,113
3839,11:40:17,$ 3485.6827,171
3840,11:40:16,$ 3485.715,100
3841,11:40:08,$ 3485.60,500
3842,11:40:08,$ 3485.60,100
3843,11:40:05,$ 3485.60,100
