,NLS Time (ET),NLS Price,NLS Share Volume
1,09:59:12,$ 3465.475,100
2,09:59:10,$ 3464.69,100
3,09:59:09,$ 3464.96,100
4,09:59:05,$ 3465.185,116
5,09:58:50,$ 3464.23,100
6,09:58:38,$ 3465.815,500
7,09:58:37,$ 3465.00,100
8,09:58:37,$ 3465.45,100
9,09:58:37,$ 3465.07,100
10,09:58:23,$ 3465.6183,359
11,09:58:12,$ 3467.00,372
12,09:58:07,$ 3466.01,100
13,09:58:00,$ 3465.618,100
14,09:58:00,$ 3465.00,163
15,09:57:40,$ 3465.00,130
16,09:57:40,$ 3465.00,100
17,09:57:27,$ 3466.37,100
18,09:57:27,$ 3466.102,100
19,09:57:27,$ 3466.16,100
20,09:57:27,$ 3466.16,100
22,09:57:27,$ 3466.12,100
23,09:57:27,$ 3466.36,100
24,09:56:51,$ 3465.94,100
25,09:56:51,$ 3465.95,100
26,09:56:51,$ 3466.02,100
27,09:56:43,$ 3467.54,200
28,09:56:35,$ 3466.787,500
29,09:56:18,$ 3465.9101,100
30,09:56:03,$ 3466.49,100
31,09:56:01,$ 3466.49,100
32,09:56:01,$ 3466.01,100
33,09:56:00,$ 3466.49,100
34,09:55:38,$ 3467.1217,300
35,09:55:35,$ 3466.94,100
36,09:55:34,$ 3467.16,100
37,09:55:16,$ 3467.04,100
38,09:55:14,$ 3468.10,100
39,09:55:14,$ 3468.10,100
40,09:55:14,$ 3468.04,100
41,09:55:12,$ 3467.53,100
43,09:55:12,$ 3467.78,100
44,09:55:10,$ 3466.9332,200
45,09:54:58,$ 3466.935,200
46,09:54:29,$ 3468.00,900
47,09:54:29,$ 3467.95,385
48,09:54:29,$ 3467.73,100
49,09:54:26,$ 3467.99,100
50,09:54:26,$ 3467.99,100
51,09:54:10,$ 3467.39,100
52,09:53:59,$ 3466.3499,100
53,09:53:52,$ 3466.00,295
54,09:53:45,$ 3466.00,100
55,09:53:37,$ 3465.9906,131
56,09:53:36,$ 3465.9919,141
57,09:53:30,$ 3466.8175,100
58,09:53:29,$ 3465.77,100
59,09:53:15,$ 3466.2636,110
60,09:53:10,$ 3464.93,250
61,09:53:04,$ 3465.00,100
62,09:53:04,$ 3464.79,100
64,09:53:02,$ 3466.00,100
65,09:53:02,$ 3465.71,100
66,09:53:02,$ 3466.18,100
67,09:53:02,$ 3466.20,100
68,09:53:02,$ 3466.15,100
69,09:53:02,$ 3466.08,100
70,09:53:01,$ 3466.03,100
71,09:52:33,$ 3467.39,100
72,09:52:23,$ 3466.58,100
73,09:52:22,$ 3467.60,100
74,09:52:22,$ 3467.59,100
75,09:52:12,$ 3466.56,100
76,09:52:12,$ 3466.56,100
77,09:52:12,$ 3466.56,100
78,09:52:12,$ 3466.56,100
79,09:52:12,$ 3466.56,100
80,09:52:10,$ 3467.42,100
81,09:52:05,$ 3467.01,100
82,09:52:03,$ 3466.83,100
83,09:52:01,$ 3466.61,100
85,09:51:47,$ 3466.60,100
86,09:51:43,$ 3466.00,100
87,09:51:37,$ 3467.575,100
88,09:51:34,$ 3470.3482,200
89,09:51:34,$ 3467.63,100
90,09:51:28,$ 3467.35,100
91,09:51:07,$ 3468.12,100
92,09:51:07,$ 3468.07,100
93,09:51:07,$ 3468.27,100
94,09:51:04,$ 3468.56,100
95,09:51:04,$ 3468.53,100
96,09:51:04,$ 3468.53,100
97,09:51:04,$ 3468.56,100
98,09:50:54,$ 3470.40,100
99,09:50:51,$ 3470.59,100
100,09:50:51,$ 3470.03,100
101,09:50:51,$ 3470.03,100
102,09:50:50,$ 3469.055,383
103,09:50:46,$ 3469.55,100
104,09:50:46,$ 3469.63,100
106,09:50:46,$ 3470.00,100
107,09:50:29,$ 3471.46,100
108,09:50:15,$ 3473.32,110
109,09:50:11,$ 3473.48,100
110,09:50:09,$ 3474.00,100
111,09:50:06,$ 3471.9031,200
112,09:50:05,$ 3472.22,100
113,09:49:33,$ 3473.34,100
114,09:49:00,$ 3474.55,100
115,09:48:38,$ 3475.68,100
116,09:48:38,$ 3475.68,100
117,09:48:38,$ 3476.128,353
118,09:48:38,$ 3476.128,143
119,09:48:19,$ 3474.865,100
120,09:48:11,$ 3475.04,100
121,09:47:50,$ 3474.99,100
122,09:47:48,$ 3474.365,100
123,09:47:48,$ 3474.34,100
124,09:47:48,$ 3474.21,100
125,09:47:48,$ 3474.22,100
127,09:47:44,$ 3474.14,100
128,09:47:44,$ 3474.565,100
129,09:47:41,$ 3475.63,100
130,09:47:39,$ 3475.46,100
131,09:47:23,$ 3476.86,100
132,09:47:23,$ 3476.47,100
133,09:46:58,$ 3474.855,300
134,09:46:55,$ 3473.76,100
135,09:46:52,$ 3473.41,100
136,09:46:52,$ 3473.43,100
137,09:46:52,$ 3473.44,100
138,09:46:36,$ 3471.555,100
139,09:46:24,$ 3473.715,100
140,09:46:22,$ 3473.32,100
141,09:46:22,$ 3474.00,100
142,09:46:22,$ 3474.00,100
143,09:46:14,$ 3473.65,100
144,09:46:01,$ 3472.98,100
145,09:46:00,$ 3472.21,100
146,09:45:51,$ 3471.68,100
148,09:45:48,$ 3471.349,100
149,09:45:47,$ 3471.67,100
150,09:45:43,$ 3470.74,100
151,09:45:31,$ 3470.60,115
152,09:45:31,$ 3470.60,116
153,09:45:31,$ 3470.60,250
154,09:45:31,$ 3470.60,115
155,09:45:31,$ 3470.60,232
156,09:45:31,$ 3470.41,110
157,09:45:14,$ 3471.51,100
158,09:45:14,$ 3472.9898,100
159,09:45:14,$ 3472.42,100
160,09:45:14,$ 3472.99,100
161,09:45:14,$ 3472.71,100
162,09:45:03,$ 3470.435,100
163,09:45:00,$ 3470.74,200
164,09:44:38,$ 3471.28,100
165,09:44:18,$ 3470.1208,100
166,09:44:17,$ 3470.57,100
167,09:44:17,$ 3470.60,100
169,09:44:17,$ 3471.25,100
170,09:44:09,$ 3470.00,100
171,09:44:03,$ 3468.9874,100
172,09:43:56,$ 3470.98,100
173,09:43:53,$ 3470.00,100
174,09:43:53,$ 3468.382,500
175,09:43:34,$ 3468.05,700
176,09:43:34,$ 3468.72,100
177,09:43:32,$ 3469.74,100
178,09:43:23,$ 3470.69,100
179,09:43:19,$ 3471.57,172
180,09:43:15,$ 3472.23,114
181,09:43:08,$ 3472.99,100
182,09:43:08,$ 3472.97,100
183,09:43:05,$ 3472.52,100
184,09:43:05,$ 3472.53,100
185,09:43:05,$ 3471.55,193
186,09:43:04,$ 3471.48,100
187,09:43:04,$ 3471.5836,200
188,09:43:04,$ 3471.83,100
190,09:43:04,$ 3471.48,200
191,09:43:04,$ 3471.81,100
192,09:43:00,$ 3470.32,100
193,09:43:00,$ 3470.32,100
194,09:42:59,$ 3470.32,100
195,09:42:55,$ 3470.5291,450
196,09:41:53,$ 3471.65,122
197,09:41:40,$ 3471.335,200
198,09:41:32,$ 3471.60,100
199,09:41:28,$ 3471.60,100
200,09:41:28,$ 3471.60,100
201,09:41:28,$ 3471.60,100
202,09:41:28,$ 3471.60,115
203,09:41:28,$ 3471.60,115
204,09:41:28,$ 3471.60,116
205,09:41:27,$ 3472.28,100
206,09:41:09,$ 3470.97,100
207,09:41:09,$ 3470.60,100
208,09:41:09,$ 3470.95,100
209,09:41:09,$ 3470.95,100
211,09:41:09,$ 3470.96,100
212,09:41:09,$ 3470.765,100
213,09:40:44,$ 3470.905,125
214,09:40:40,$ 3470.66,100
215,09:40:39,$ 3470.75,100
216,09:40:33,$ 3471.40,100
217,09:40:30,$ 3471.60,100
218,09:40:25,$ 3471.99,100
219,09:40:25,$ 3472.00,100
220,09:40:18,$ 3470.9436,322
221,09:40:18,$ 3470.9437,574
222,09:40:18,$ 3470.944,104
223,09:40:16,$ 3472.00,100
224,09:40:15,$ 3470.03,100
225,09:40:10,$ 3470.00,100
226,09:40:10,$ 3469.08,100
227,09:40:07,$ 3469.8265,500
228,09:40:05,$ 3469.485,100
229,09:40:04,$ 3468.9369,162
230,09:40:03,$ 3471.01,100
232,09:40:01,$ 3470.255,100
233,09:40:00,$ 3470.245,100
234,09:40:00,$ 3470.245,200
235,09:40:00,$ 3470.245,113
236,09:39:59,$ 3465.63,100
237,09:39:56,$ 3466.75,300
238,09:39:53,$ 3464.8142,500
239,09:39:47,$ 3466.23,100
240,09:39:47,$ 3466.23,100
241,09:39:43,$ 3466.00,100
242,09:39:34,$ 3468.14,100
243,09:39:29,$ 3469.1066,200
244,09:39:28,$ 3470.1727,133
245,09:39:11,$ 3468.77,115
246,09:39:11,$ 3468.77,116
247,09:38:49,$ 3471.425,100
248,09:38:46,$ 3470.87,100
249,09:38:27,$ 3469.625,100
250,09:38:21,$ 3469.62,300
251,09:38:20,$ 3469.10,100
253,09:38:17,$ 3469.385,100
254,09:38:17,$ 3470.04,120
255,09:38:17,$ 3468.85,100
256,09:38:15,$ 3468.01,115
257,09:38:15,$ 3468.01,116
258,09:38:09,$ 3469.90,100
259,09:38:08,$ 3469.91,"1,000"
260,09:38:05,$ 3470.705,100
261,09:38:05,$ 3470.01,100
262,09:38:05,$ 3470.05,100
263,09:38:05,$ 3470.40,100
264,09:37:32,$ 3472.375,100
265,09:37:31,$ 3472.365,100
266,09:37:08,$ 3474.215,100
267,09:37:04,$ 3473.8226,100
268,09:37:00,$ 3473.7951,149
269,09:36:59,$ 3473.7772,100
270,09:36:46,$ 3474.00,100
271,09:36:45,$ 3475.965,200
272,09:36:45,$ 3475.25,100
274,09:36:33,$ 3476.61,120
275,09:36:29,$ 3477.43,250
276,09:36:27,$ 3476.54,100
277,09:36:27,$ 3477.025,100
278,09:36:26,$ 3478.20,100
279,09:36:26,$ 3478.00,100
280,09:36:25,$ 3477.30,100
281,09:36:24,$ 3478.24,100
282,09:36:11,$ 3477.44,100
283,09:36:09,$ 3477.95,100
284,09:36:07,$ 3478.08,100
285,09:36:07,$ 3477.97,100
286,09:36:05,$ 3478.38,100
287,09:36:04,$ 3478.01,100
288,09:36:04,$ 3478.01,100
289,09:36:03,$ 3478.01,100
290,09:36:00,$ 3477.40,100
291,09:36:00,$ 3477.41,100
292,09:35:54,$ 3476.57,100
293,09:35:54,$ 3476.37,100
295,09:35:54,$ 3476.56,100
296,09:35:48,$ 3475.5209,100
297,09:35:43,$ 3476.19,100
298,09:35:43,$ 3476.00,100
299,09:35:34,$ 3477.00,100
300,09:35:24,$ 3475.52,100
301,09:35:15,$ 3475.4751,100
302,09:35:14,$ 3475.45,500
303,09:35:10,$ 3475.07,100
304,09:35:07,$ 3476.834,100
305,09:35:07,$ 3475.99,100
306,09:35:07,$ 3475.27,100
307,09:35:07,$ 3475.28,100
308,09:35:06,$ 3475.13,100
309,09:35:01,$ 3473.537,400
310,09:34:59,$ 3473.34,100
311,09:34:55,$ 3473.05,100
312,09:34:55,$ 3473.00,149
313,09:34:43,$ 3474.285,250
314,09:34:42,$ 3474.80,100
316,09:34:41,$ 3474.31,100
317,09:34:40,$ 3472.68,300
318,09:34:40,$ 3472.705,400
319,09:34:34,$ 3473.24,250
320,09:34:33,$ 3473.0147,500
321,09:34:28,$ 3473.24,100
322,09:34:25,$ 3474.38,100
323,09:34:25,$ 3474.41,100
324,09:34:25,$ 3474.28,100
325,09:34:15,$ 3472.80,100
326,09:34:13,$ 3472.69,150
327,09:34:13,$ 3474.00,115
328,09:34:12,$ 3474.72,100
329,09:34:11,$ 3476.51,100
330,09:33:57,$ 3478.9086,200
331,09:33:56,$ 3478.01,100
332,09:33:56,$ 3478.00,100
333,09:33:56,$ 3478.10,100
334,09:33:56,$ 3478.00,689
335,09:33:56,$ 3478.00,311
337,09:33:54,$ 3479.1093,100
338,09:33:52,$ 3478.3162,100
339,09:33:49,$ 3480.01,100
340,09:33:49,$ 3480.00,100
341,09:33:49,$ 3480.00,100
342,09:33:49,$ 3480.03,100
343,09:33:48,$ 3481.12,100
344,09:33:43,$ 3482.51,100
345,09:33:43,$ 3482.51,100
346,09:33:34,$ 3484.04,100
347,09:33:33,$ 3483.505,"1,000"
348,09:33:31,$ 3483.38,150
349,09:33:31,$ 3484.21,100
350,09:33:31,$ 3483.39,100
351,09:33:29,$ 3482.255,500
352,09:33:29,$ 3482.255,500
353,09:33:27,$ 3482.78,100
354,09:33:26,$ 3482.16,100
355,09:33:26,$ 3482.26,100
356,09:33:20,$ 3482.79,195
358,09:33:17,$ 3483.38,100
359,09:33:13,$ 3482.265,100
360,09:33:13,$ 3482.58,100
361,09:33:10,$ 3482.255,300
362,09:33:01,$ 3482.255,300
363,09:33:00,$ 3483.375,100
364,09:33:00,$ 3482.94,100
365,09:33:00,$ 3483.38,100
366,09:33:00,$ 3481.99,100
367,09:33:00,$ 3481.99,100
368,09:33:00,$ 3481.99,100
369,09:33:00,$ 3481.99,100
370,09:32:56,$ 3481.1427,215
371,09:32:55,$ 3482.78,100
372,09:32:55,$ 3482.78,100
373,09:32:55,$ 3483.39,100
374,09:32:55,$ 3483.00,600
375,09:32:55,$ 3483.00,100
376,09:32:53,$ 3482.9996,100
377,09:32:53,$ 3482.06,300
379,09:32:53,$ 3482.06,300
380,09:32:49,$ 3481.87,100
381,09:32:42,$ 3481.40,100
382,09:32:42,$ 3481.00,100
383,09:32:42,$ 3480.93,100
384,09:32:42,$ 3481.40,100
385,09:32:37,$ 3478.98,100
386,09:32:36,$ 3482.20,100
387,09:32:34,$ 3480.74,500
388,09:32:31,$ 3479.3752,100
389,09:32:24,$ 3480.00,115
390,09:32:13,$ 3479.00,100
391,09:32:12,$ 3478.2495,217
392,09:32:12,$ 3478.24,217
393,09:32:12,$ 3479.427,125
394,09:32:08,$ 3477.00,100
395,09:32:08,$ 3477.04,100
396,09:32:08,$ 3477.00,100
397,09:32:08,$ 3477.00,100
398,09:32:03,$ 3476.14,100
400,09:32:03,$ 3476.14,100
401,09:32:03,$ 3477.04,150
402,09:31:59,$ 3476.5513,114
403,09:31:57,$ 3476.8043,100
404,09:31:56,$ 3476.565,100
405,09:31:55,$ 3475.37,100
406,09:31:55,$ 3475.32,100
407,09:31:46,$ 3479.99,700
408,09:31:28,$ 3483.1017,120
409,09:31:21,$ 3482.3034,150
410,09:31:20,$ 3482.93,100
411,09:31:18,$ 3482.93,100
412,09:31:17,$ 3484.00,100
413,09:31:17,$ 3484.888,100
414,09:31:17,$ 3484.46,100
415,09:31:17,$ 3483.21,136
416,09:31:17,$ 3484.17,100
417,09:31:15,$ 3484.66,100
418,09:31:14,$ 3484.64,100
419,09:31:13,$ 3484.11,100
421,09:31:13,$ 3486.015,200
422,09:31:12,$ 3484.77,100
423,09:31:11,$ 3486.3524,100
424,09:31:06,$ 3484.84,100
425,09:31:05,$ 3485.94,139
426,09:31:05,$ 3486.00,150
427,09:31:05,$ 3486.00,110
428,09:31:05,$ 3486.00,116
429,09:31:05,$ 3486.00,124
430,09:31:05,$ 3485.45,116
431,09:31:05,$ 3485.45,115
432,09:31:05,$ 3484.20,100
433,09:31:05,$ 3484.88,100
434,09:31:05,$ 3485.00,450
435,09:31:03,$ 3483.00,100
436,09:31:02,$ 3482.0073,200
437,09:30:58,$ 3482.4338,100
438,09:30:57,$ 3483.9999,100
439,09:30:54,$ 3482.4475,383
440,09:30:54,$ 3482.05,100
442,09:30:54,$ 3482.05,100
443,09:30:54,$ 3481.16,100
444,09:30:54,$ 3480.944,100
445,09:30:54,$ 3481.26,100
446,09:30:53,$ 3479.11,100
447,09:30:52,$ 3483.00,100
448,09:30:49,$ 3481.99,100
449,09:30:49,$ 3482.00,100
450,09:30:49,$ 3482.01,100
451,09:30:45,$ 3480.6697,350
452,09:30:38,$ 3480.71,100
453,09:30:38,$ 3480.71,100
454,09:30:38,$ 3481.20,100
455,09:30:38,$ 3480.76,100
456,09:30:35,$ 3480.74,150
457,09:30:33,$ 3480.85,100
458,09:30:31,$ 3481.75,100
459,09:30:29,$ 3480.05,300
460,09:30:29,$ 3480.155,100
461,09:30:26,$ 3480.8166,150
463,09:30:24,$ 3481.04,100
464,09:30:24,$ 3481.91,100
465,09:30:22,$ 3480.55,100
466,09:30:22,$ 3481.41,500
467,09:30:20,$ 3482.62,100
468,09:30:20,$ 3482.50,678
469,09:30:20,$ 3482.50,222
470,09:30:20,$ 3481.78,100
471,09:30:17,$ 3481.235,100
472,09:30:16,$ 3478.925,100
473,09:30:16,$ 3478.825,100
474,09:30:16,$ 3478.51,300
475,09:30:16,$ 3478.705,100
476,09:30:16,$ 3478.69,100
477,09:30:16,$ 3480.68,100
478,09:30:16,$ 3482.92,100
479,09:30:16,$ 3482.02,100
480,09:30:16,$ 3483.00,217
481,09:30:16,$ 3481.80,100
482,09:30:14,$ 3480.39,100
484,09:30:13,$ 3480.93,100
485,09:30:13,$ 3481.8063,379
486,09:30:13,$ 3481.488,121
487,09:30:10,$ 3480.70,100
488,09:30:09,$ 3480.695,100
489,09:30:09,$ 3480.8532,100
490,09:30:08,$ 3480.695,100
491,09:30:07,$ 3480.695,100
492,09:30:05,$ 3478.05,100
493,09:30:05,$ 3478.05,100
494,09:30:05,$ 3477.67,100
495,09:30:03,$ 3476.59,100
496,09:30:03,$ 3477.2935,100
497,09:30:02,$ 3476.335,100
498,09:30:02,$ 3475.55,4
499,09:30:02,$ 3475.55,14
500,09:30:02,$ 3475.55,1
501,09:30:02,$ 3475.55,1
502,09:30:02,$ 3475.55,14
503,09:30:02,$ 3475.55,8
505,09:30:02,$ 3475.55,1
506,09:30:02,$ 3475.55,1
507,09:30:02,$ 3475.55,1
508,09:30:02,$ 3475.55,1
509,09:30:02,$ 3475.55,18
510,09:30:02,$ 3475.55,1
511,09:30:02,$ 3475.55,3
512,09:30:02,$ 3475.55,70
513,09:30:02,$ 3475.55,2
514,09:30:02,$ 3475.55,1
515,09:30:02,$ 3475.55,1
516,09:30:02,$ 3475.55,3
517,09:30:02,$ 3475.55,1
518,09:30:02,$ 3475.55,1
519,09:30:02,$ 3475.55,2
520,09:30:02,$ 3475.55,1
521,09:30:02,$ 3475.55,3
522,09:30:02,$ 3475.55,5
523,09:30:02,$ 3475.55,1
524,09:30:02,$ 3475.55,1
526,09:30:02,$ 3475.55,1
527,09:30:02,$ 3475.55,1
528,09:30:02,$ 3475.55,2
529,09:30:02,$ 3475.55,5
530,09:30:02,$ 3475.55,1
531,09:30:02,$ 3475.55,4
532,09:30:02,$ 3475.55,1
533,09:30:02,$ 3475.55,12
534,09:30:02,$ 3475.55,"1,800"
535,09:30:02,$ 3475.55,2
536,09:30:02,$ 3475.55,120
537,09:30:02,$ 3475.55,2
538,09:30:02,$ 3475.55,1
539,09:30:02,$ 3475.55,1
540,09:30:02,$ 3475.55,1
541,09:30:02,$ 3475.55,20
542,09:30:02,$ 3475.55,20
543,09:30:02,$ 3475.55,30
544,09:30:02,$ 3475.55,50
545,09:30:02,$ 3475.55,1
547,09:30:02,$ 3475.55,4
548,09:30:02,$ 3475.55,2
549,09:30:02,$ 3475.55,1
550,09:30:02,$ 3475.55,2
551,09:30:02,$ 3475.55,3
552,09:30:02,$ 3475.55,1
553,09:30:02,$ 3475.55,15
554,09:30:02,$ 3475.55,2
555,09:30:02,$ 3475.55,8
556,09:30:02,$ 3475.55,9
557,09:30:02,$ 3475.55,30
558,09:30:02,$ 3475.55,1
559,09:30:02,$ 3475.55,5
560,09:30:02,$ 3475.55,5
561,09:30:02,$ 3475.55,2
562,09:30:02,$ 3475.55,2
563,09:30:02,$ 3475.55,1
564,09:30:02,$ 3475.55,1
565,09:30:02,$ 3475.55,2
566,09:30:02,$ 3475.55,5
568,09:30:02,$ 3475.55,1
569,09:30:02,$ 3475.55,2
570,09:30:02,$ 3475.55,2
571,09:30:02,$ 3475.55,2
572,09:30:02,$ 3475.55,1
573,09:30:02,$ 3475.55,2
574,09:30:02,$ 3475.55,1
575,09:30:02,$ 3475.55,1
576,09:30:02,$ 3475.55,1
577,09:30:02,$ 3475.55,1
578,09:30:02,$ 3475.55,10
579,09:30:02,$ 3475.55,10
580,09:30:02,$ 3475.55,1
581,09:30:02,$ 3475.55,4
582,09:30:02,$ 3475.55,3
583,09:30:02,$ 3475.55,4
584,09:30:02,$ 3475.55,59
585,09:30:02,$ 3475.55,2
586,09:30:02,$ 3475.55,3
587,09:30:02,$ 3475.55,15
589,09:30:02,$ 3475.55,1
590,09:30:02,$ 3475.55,1
591,09:30:02,$ 3475.55,5
592,09:30:02,$ 3475.55,9
593,09:30:02,$ 3475.55,1
594,09:30:02,$ 3475.55,9
595,09:30:02,$ 3475.55,148
596,09:30:02,$ 3475.55,5
597,09:30:02,$ 3475.55,1
598,09:30:02,$ 3475.55,5
599,09:30:02,$ 3475.55,1
600,09:30:02,$ 3475.55,4
601,09:30:02,$ 3475.55,2
602,09:30:02,$ 3475.55,3
603,09:30:02,$ 3475.55,3
604,09:30:02,$ 3475.55,58
605,09:30:02,$ 3475.55,5
606,09:30:02,$ 3475.55,2
607,09:30:02,$ 3475.55,23
608,09:30:02,$ 3475.55,3
610,09:30:02,$ 3475.55,17
611,09:30:02,$ 3475.55,1
612,09:30:02,$ 3475.55,1
613,09:30:02,$ 3475.55,1
614,09:30:02,$ 3475.55,1
615,09:30:02,$ 3475.55,2
616,09:30:02,$ 3475.55,1
617,09:30:02,$ 3475.55,7
618,09:30:02,$ 3475.55,3
619,09:30:02,$ 3475.55,1
620,09:30:02,$ 3475.55,32
621,09:30:02,$ 3475.55,4
622,09:30:02,$ 3475.55,1
623,09:30:02,$ 3475.55,8
624,09:30:02,$ 3475.55,8
625,09:30:02,$ 3475.55,4
626,09:30:02,$ 3475.55,3
627,09:30:02,$ 3475.55,"2,000"
628,09:30:02,$ 3475.55,1
629,09:30:02,$ 3475.55,1
631,09:30:02,$ 3475.55,1
632,09:30:02,$ 3475.55,1
633,09:30:02,$ 3475.55,2
634,09:30:02,$ 3475.55,5
635,09:30:02,$ 3475.55,2
636,09:30:02,$ 3475.55,3
637,09:30:02,$ 3475.55,6
638,09:30:02,$ 3475.55,10
639,09:30:02,$ 3475.55,5
640,09:30:02,$ 3475.55,2
641,09:30:02,$ 3475.55,6
642,09:30:02,$ 3475.55,2
643,09:30:02,$ 3475.55,1
644,09:30:02,$ 3475.55,10
645,09:30:02,$ 3475.55,3
646,09:30:02,$ 3475.55,2
647,09:30:02,$ 3475.55,2
648,09:30:02,$ 3475.55,1
649,09:30:02,$ 3475.55,3
650,09:30:02,$ 3475.55,38
652,09:30:02,$ 3475.55,1
653,09:30:02,$ 3475.55,1
654,09:30:02,$ 3475.55,1
655,09:30:02,$ 3475.55,20
656,09:30:02,$ 3475.55,1
657,09:30:02,$ 3475.55,2
658,09:30:02,$ 3475.55,1
659,09:30:02,$ 3475.55,6
660,09:30:02,$ 3475.55,1
661,09:30:02,$ 3475.55,1
662,09:30:02,$ 3475.55,3
663,09:30:02,$ 3475.55,1
664,09:30:02,$ 3475.55,4
665,09:30:02,$ 3475.55,1
666,09:30:02,$ 3475.55,2
667,09:30:02,$ 3475.55,1
668,09:30:02,$ 3475.55,1
669,09:30:02,$ 3475.55,10
670,09:30:02,$ 3475.55,7
671,09:30:02,$ 3475.55,2
673,09:30:02,$ 3475.55,1
674,09:30:02,$ 3475.55,1
675,09:30:02,$ 3475.55,1
676,09:30:02,$ 3475.55,1
677,09:30:02,$ 3475.55,1
678,09:30:02,$ 3475.55,2
679,09:30:02,$ 3475.55,4
680,09:30:02,$ 3475.55,2
681,09:30:02,$ 3475.55,1
682,09:30:02,$ 3475.55,1
683,09:30:02,$ 3475.55,3
684,09:30:02,$ 3475.55,1
685,09:30:02,$ 3475.55,1
686,09:30:02,$ 3475.55,10
687,09:30:02,$ 3475.55,5
688,09:30:02,$ 3475.55,1
689,09:30:02,$ 3475.55,2
690,09:30:02,$ 3475.55,1
691,09:30:02,$ 3475.55,1
692,09:30:02,$ 3475.55,1
694,09:30:02,$ 3475.55,1
695,09:30:02,$ 3475.55,2
696,09:30:02,$ 3475.55,2
697,09:30:02,$ 3475.55,2
698,09:30:02,$ 3475.55,3
699,09:30:02,$ 3475.55,4
700,09:30:02,$ 3475.55,1
701,09:30:02,$ 3475.55,2
702,09:30:02,$ 3475.55,1
703,09:30:02,$ 3475.55,1
704,09:30:02,$ 3475.55,2
705,09:30:02,$ 3475.55,1
706,09:30:02,$ 3475.55,1
707,09:30:02,$ 3475.55,3
708,09:30:02,$ 3475.55,1
709,09:30:02,$ 3475.55,2
710,09:30:02,$ 3475.55,3
711,09:30:02,$ 3475.55,6
712,09:30:02,$ 3475.55,10
713,09:30:02,$ 3475.55,4
715,09:30:02,$ 3475.55,10
716,09:30:02,$ 3475.55,1
717,09:30:02,$ 3475.55,10
718,09:30:02,$ 3475.55,2
719,09:30:02,$ 3475.55,1
720,09:30:02,$ 3475.55,1
721,09:30:02,$ 3475.55,2
722,09:30:02,$ 3475.55,1
723,09:30:02,$ 3475.55,1
724,09:30:02,$ 3475.55,2
725,09:30:02,$ 3475.55,2
726,09:30:02,$ 3475.55,7
727,09:30:02,$ 3475.55,1
728,09:30:02,$ 3475.55,2
729,09:30:02,$ 3475.55,3
730,09:30:02,$ 3475.55,1
731,09:30:02,$ 3475.55,4
732,09:30:02,$ 3475.55,1
733,09:30:02,$ 3475.55,5
734,09:30:02,$ 3475.55,10
736,09:30:02,$ 3475.55,1
737,09:30:02,$ 3475.55,9
738,09:30:02,$ 3475.55,19
739,09:30:02,$ 3475.55,8
740,09:30:02,$ 3475.55,1
741,09:30:02,$ 3475.55,5
742,09:30:02,$ 3475.55,5
743,09:30:02,$ 3475.55,1
744,09:30:02,$ 3475.55,4
745,09:30:02,$ 3475.55,7
746,09:30:02,$ 3475.55,2
747,09:30:02,$ 3475.55,2
748,09:30:02,$ 3475.55,4
749,09:30:02,$ 3475.55,2
750,09:30:02,$ 3475.55,1
751,09:30:02,$ 3475.55,2
752,09:30:02,$ 3475.55,18
753,09:30:02,$ 3475.55,1
754,09:30:02,$ 3475.55,10
755,09:30:02,$ 3475.55,2
757,09:30:02,$ 3475.55,2
758,09:30:02,$ 3475.55,2
759,09:30:02,$ 3475.55,2
760,09:30:02,$ 3475.55,2
761,09:30:02,$ 3475.55,2
762,09:30:02,$ 3475.55,2
763,09:30:02,$ 3475.55,1
764,09:30:02,$ 3475.55,1
765,09:30:02,$ 3475.55,1
766,09:30:02,$ 3475.55,1
767,09:30:02,$ 3475.55,10
768,09:30:02,$ 3475.55,1
769,09:30:02,$ 3475.55,1
770,09:30:02,$ 3475.55,10
771,09:30:02,$ 3475.55,10
772,09:30:02,$ 3475.55,1
773,09:30:02,$ 3475.55,1
774,09:30:02,$ 3475.55,3
775,09:30:02,$ 3475.55,1
776,09:30:02,$ 3475.55,1
778,09:30:02,$ 3475.55,16
779,09:30:02,$ 3475.55,174
780,09:30:02,$ 3475.55,2
781,09:30:02,$ 3475.55,38
782,09:30:02,$ 3475.55,200
783,09:30:02,$ 3475.55,3
784,09:30:02,$ 3475.55,5
785,09:30:02,$ 3475.55,1
786,09:30:02,$ 3475.55,1
787,09:30:02,$ 3475.55,4
788,09:30:02,$ 3475.55,1
789,09:30:02,$ 3475.55,3
790,09:30:02,$ 3475.55,5
791,09:30:02,$ 3475.55,3
792,09:30:02,$ 3475.55,2
793,09:30:02,$ 3475.55,1
794,09:30:02,$ 3475.55,1
795,09:30:02,$ 3475.55,2
796,09:30:02,$ 3475.55,1
797,09:30:02,$ 3475.55,1
799,09:30:02,$ 3475.55,2
800,09:30:02,$ 3475.55,2
801,09:30:02,$ 3475.55,2
802,09:30:02,$ 3475.55,2
803,09:30:02,$ 3475.55,28
804,09:30:02,$ 3475.55,2
805,09:30:02,$ 3475.55,3
806,09:30:02,$ 3475.55,3
807,09:30:02,$ 3475.55,3
808,09:30:02,$ 3475.55,10
809,09:30:02,$ 3475.55,1
810,09:30:02,$ 3475.55,50
811,09:30:02,$ 3475.55,5
812,09:30:02,$ 3475.55,100
813,09:30:02,$ 3475.55,3
814,09:30:02,$ 3475.55,1
815,09:30:02,$ 3475.55,2
816,09:30:02,$ 3475.55,1
817,09:30:02,$ 3475.55,1
818,09:30:02,$ 3475.55,2
820,09:30:02,$ 3475.55,1
821,09:30:02,$ 3475.55,3
822,09:30:02,$ 3475.55,9
823,09:30:02,$ 3475.55,1
824,09:30:02,$ 3475.55,1
825,09:30:02,$ 3475.55,1
826,09:30:02,$ 3475.55,20
827,09:30:02,$ 3475.55,1
828,09:30:02,$ 3475.55,1
829,09:30:02,$ 3475.55,2
830,09:30:02,$ 3475.55,3
831,09:30:02,$ 3475.55,2
832,09:30:02,$ 3475.55,2
833,09:30:02,$ 3475.55,1
834,09:30:02,$ 3475.55,1
835,09:30:02,$ 3475.55,1
836,09:30:02,$ 3475.55,5
837,09:30:02,$ 3475.55,1
838,09:30:02,$ 3475.55,5
839,09:30:02,$ 3475.55,1
841,09:30:02,$ 3475.55,3
842,09:30:02,$ 3475.55,2
843,09:30:02,$ 3475.55,7
844,09:30:02,$ 3475.55,1
845,09:30:02,$ 3475.55,10
846,09:30:02,$ 3475.55,1
847,09:30:02,$ 3475.55,2
848,09:30:02,$ 3475.55,1
849,09:30:02,$ 3475.55,1
850,09:30:02,$ 3475.55,1
851,09:30:02,$ 3475.55,1
852,09:30:02,$ 3475.55,1
853,09:30:02,$ 3475.55,1
854,09:30:02,$ 3475.55,1
855,09:30:02,$ 3475.55,1
856,09:30:02,$ 3475.55,1
857,09:30:02,$ 3475.55,1
858,09:30:02,$ 3475.55,1
859,09:30:02,$ 3475.55,1
860,09:30:02,$ 3475.55,1
862,09:30:02,$ 3475.55,1
863,09:30:02,$ 3475.55,1
864,09:30:02,$ 3475.55,1
865,09:30:02,$ 3475.55,1
866,09:30:02,$ 3475.55,1
867,09:30:02,$ 3475.55,1
868,09:30:02,$ 3475.55,1
869,09:30:02,$ 3475.55,1
870,09:30:02,$ 3475.55,1
871,09:30:02,$ 3475.55,1
872,09:30:02,$ 3475.55,1
873,09:30:02,$ 3475.55,1
874,09:30:02,$ 3475.55,1
875,09:30:02,$ 3475.55,1
876,09:30:02,$ 3475.55,1
877,09:30:02,$ 3475.55,1
878,09:30:02,$ 3475.55,1
879,09:30:02,$ 3475.55,1
880,09:30:02,$ 3475.55,1
881,09:30:02,$ 3475.55,1
883,09:30:02,$ 3475.55,1
884,09:30:02,$ 3475.55,1
885,09:30:02,$ 3475.55,1
886,09:30:02,$ 3475.55,1
887,09:30:02,$ 3475.55,1
888,09:30:02,$ 3475.55,1
889,09:30:02,$ 3475.55,1
890,09:30:02,$ 3475.55,1
891,09:30:02,$ 3475.55,7
892,09:30:02,$ 3475.55,3
893,09:30:02,$ 3475.55,2
894,09:30:02,$ 3475.55,6
895,09:30:02,$ 3475.55,3
896,09:30:02,$ 3475.55,3
897,09:30:02,$ 3475.55,2
898,09:30:02,$ 3475.55,1
899,09:30:02,$ 3475.55,4
900,09:30:02,$ 3475.55,1
901,09:30:02,$ 3475.55,2
902,09:30:02,$ 3475.55,3
904,09:30:02,$ 3475.55,2
905,09:30:02,$ 3475.55,3
906,09:30:02,$ 3475.55,1
907,09:30:02,$ 3475.55,1
908,09:30:02,$ 3475.55,9
909,09:30:02,$ 3475.55,2
910,09:30:02,$ 3475.55,2
911,09:30:02,$ 3475.55,1
912,09:30:02,$ 3475.55,1
913,09:30:02,$ 3475.55,3
914,09:30:02,$ 3475.55,1
915,09:30:02,$ 3475.55,2
916,09:30:02,$ 3475.55,1
917,09:30:02,$ 3475.55,1
918,09:30:02,$ 3475.55,3
919,09:30:02,$ 3475.55,6
920,09:30:02,$ 3475.55,2
921,09:30:02,$ 3475.55,1
922,09:30:02,$ 3475.55,8
923,09:30:02,$ 3475.55,1
925,09:30:02,$ 3475.55,2
926,09:30:02,$ 3475.55,2
927,09:30:02,$ 3475.55,1
928,09:30:02,$ 3475.55,1
929,09:30:02,$ 3475.55,2
930,09:30:02,$ 3475.55,3
931,09:30:02,$ 3475.55,2
932,09:30:02,$ 3475.55,3
933,09:30:02,$ 3475.55,6
934,09:30:02,$ 3475.55,6
935,09:30:02,$ 3475.55,2
936,09:30:02,$ 3475.55,1
937,09:30:02,$ 3475.55,1
938,09:30:02,$ 3475.55,1
939,09:30:02,$ 3475.55,1
940,09:30:02,$ 3475.55,1
941,09:30:02,$ 3475.55,3
942,09:30:02,$ 3475.55,1
943,09:30:02,$ 3475.55,2
944,09:30:02,$ 3475.55,1
946,09:30:02,$ 3475.55,1
947,09:30:02,$ 3475.55,1
948,09:30:02,$ 3475.55,1
949,09:30:02,$ 3475.55,1
950,09:30:02,$ 3475.55,1
951,09:30:02,$ 3475.55,1
952,09:30:02,$ 3475.55,1
953,09:30:02,$ 3475.55,1
954,09:30:02,$ 3475.55,1
955,09:30:02,$ 3475.55,1
956,09:30:02,$ 3475.55,1
957,09:30:02,$ 3475.55,3
958,09:30:02,$ 3475.55,1
959,09:30:02,$ 3475.55,1
960,09:30:02,$ 3475.55,1
961,09:30:02,$ 3475.55,1
962,09:30:02,$ 3475.55,1
963,09:30:02,$ 3475.55,1
964,09:30:02,$ 3475.55,1
965,09:30:02,$ 3475.55,1
967,09:30:02,$ 3475.55,1
968,09:30:02,$ 3475.55,1
969,09:30:02,$ 3475.55,1
970,09:30:02,$ 3475.55,1
971,09:30:02,$ 3475.55,1
972,09:30:02,$ 3475.55,1
973,09:30:02,$ 3475.55,1
974,09:30:02,$ 3475.55,1
975,09:30:02,$ 3475.55,1
976,09:30:02,$ 3475.55,1
977,09:30:02,$ 3475.55,1
978,09:30:02,$ 3475.55,1
979,09:30:02,$ 3475.55,1
980,09:30:02,$ 3475.55,1
981,09:30:02,$ 3475.55,1
982,09:30:02,$ 3475.55,1
983,09:30:02,$ 3475.55,1
984,09:30:02,$ 3475.55,1
985,09:30:02,$ 3475.55,1
986,09:30:02,$ 3475.55,1
988,09:30:02,$ 3475.55,1
989,09:30:02,$ 3475.55,1
990,09:30:02,$ 3475.55,1
991,09:30:02,$ 3475.55,1
992,09:30:02,$ 3475.55,1
993,09:30:02,$ 3475.55,1
994,09:30:02,$ 3475.55,1
995,09:30:02,$ 3475.55,1
996,09:30:02,$ 3475.55,1
997,09:30:02,$ 3475.55,1
998,09:30:02,$ 3475.55,1
999,09:30:02,$ 3475.55,1
1000,09:30:02,$ 3475.55,1
1001,09:30:02,$ 3475.55,1
1002,09:30:02,$ 3475.55,1
1003,09:30:02,$ 3475.55,1
1004,09:30:02,$ 3475.55,1
1005,09:30:02,$ 3475.55,1
1006,09:30:02,$ 3475.55,1
1007,09:30:02,$ 3475.55,1
1009,09:30:02,$ 3475.55,1
1010,09:30:02,$ 3475.55,1
1011,09:30:02,$ 3475.55,1
1012,09:30:02,$ 3475.55,2
1013,09:30:02,$ 3475.55,2
1014,09:30:02,$ 3475.55,13
1015,09:30:02,$ 3475.55,90
1016,09:30:02,$ 3475.55,1
1017,09:30:02,$ 3475.55,2
1018,09:30:02,$ 3475.55,13
1019,09:30:02,$ 3475.55,43
1020,09:30:02,$ 3475.55,15
1021,09:30:02,$ 3475.55,11
1022,09:30:02,$ 3475.55,2
1023,09:30:02,$ 3475.55,131
1024,09:30:02,$ 3475.55,4
1025,09:30:02,$ 3475.55,91
1026,09:30:02,$ 3475.55,9
1027,09:30:02,$ 3475.55,28
1028,09:30:02,$ 3475.55,12
1030,09:30:02,$ 3475.55,1
1031,09:30:02,$ 3475.55,6
1032,09:30:02,$ 3475.55,7
1033,09:30:02,$ 3475.55,1
1034,09:30:02,$ 3475.55,1
1035,09:30:02,$ 3475.55,27
1036,09:30:02,$ 3475.55,1
1037,09:30:02,$ 3475.55,4
1038,09:30:02,$ 3475.55,1
1039,09:30:02,$ 3475.55,1
1040,09:30:02,$ 3475.55,2
1041,09:30:02,$ 3475.55,1
1042,09:30:02,$ 3475.55,1
1043,09:30:02,$ 3475.55,1
1044,09:30:02,$ 3475.55,5
1045,09:30:02,$ 3475.55,1
1046,09:30:02,$ 3475.55,40
1047,09:30:02,$ 3475.55,1
1048,09:30:02,$ 3475.55,1
1049,09:30:02,$ 3475.55,10
1051,09:30:02,$ 3475.55,129
1052,09:30:02,$ 3475.55,5
1053,09:30:02,$ 3475.55,9
1054,09:30:02,$ 3475.55,7
1055,09:30:02,$ 3475.55,1
1056,09:30:02,$ 3475.55,1
1057,09:30:02,$ 3475.55,1
1058,09:30:02,$ 3475.55,1
1059,09:30:02,$ 3475.55,1
1060,09:30:02,$ 3475.55,1
1061,09:30:02,$ 3475.55,1
1062,09:30:02,$ 3475.55,2
1063,09:30:02,$ 3475.55,1
1064,09:30:02,$ 3475.55,1
1065,09:30:02,$ 3475.55,5
1066,09:30:02,$ 3475.55,7
1067,09:30:02,$ 3475.55,1
1068,09:30:02,$ 3475.55,4
1069,09:30:02,$ 3475.55,10
1070,09:30:02,$ 3475.55,2
1072,09:30:02,$ 3475.55,2
1073,09:30:02,$ 3475.55,104
1074,09:30:02,$ 3475.55,2
1075,09:30:02,$ 3475.55,3
1076,09:30:02,$ 3475.55,2
1077,09:30:02,$ 3475.55,3
1078,09:30:02,$ 3475.55,2
1079,09:30:02,$ 3475.55,3
1080,09:30:02,$ 3475.55,2
1081,09:30:02,$ 3475.55,3
1082,09:30:02,$ 3475.55,3
1083,09:30:02,$ 3475.55,3
1084,09:30:02,$ 3475.55,1
1085,09:30:02,$ 3475.55,4
1086,09:30:02,$ 3475.55,10
1087,09:30:02,$ 3475.55,7
1088,09:30:02,$ 3475.55,2
1089,09:30:02,$ 3475.55,2
1090,09:30:02,$ 3475.55,9
1091,09:30:02,$ 3475.55,21
1093,09:30:02,$ 3475.55,5
1094,09:30:02,$ 3475.55,14
1095,09:30:02,$ 3475.55,9
1096,09:30:02,$ 3475.55,24
1097,09:30:02,$ 3475.55,2
1098,09:30:02,$ 3475.55,3
1099,09:30:02,$ 3475.55,5
1100,09:30:02,$ 3475.55,10
1101,09:30:02,$ 3475.55,2
1102,09:30:02,$ 3475.55,2
1103,09:30:02,$ 3475.55,21
1104,09:30:02,$ 3475.55,4
1105,09:30:02,$ 3475.55,2
1106,09:30:02,$ 3475.55,147
1107,09:30:02,$ 3475.55,5
1108,09:30:02,$ 3475.55,6
1109,09:30:02,$ 3475.55,4
1110,09:30:02,$ 3475.55,10
1111,09:30:02,$ 3475.55,4
1112,09:30:02,$ 3475.55,1
1114,09:30:02,$ 3475.55,1
1115,09:30:02,$ 3475.55,7
1116,09:30:02,$ 3475.55,1
1117,09:30:02,$ 3475.55,1
1118,09:30:02,$ 3475.55,9
1119,09:30:02,$ 3475.55,7
1120,09:30:02,$ 3475.55,3
1121,09:30:02,$ 3475.55,15
1122,09:30:02,$ 3475.55,1
1123,09:30:02,$ 3475.55,118
1124,09:30:02,$ 3475.55,18
1125,09:30:02,$ 3475.55,37
1126,09:30:02,$ 3475.55,15
1127,09:30:02,$ 3475.55,13
1128,09:30:02,$ 3475.55,1
1129,09:30:02,$ 3475.55,7
1130,09:30:02,$ 3475.55,19
1131,09:30:02,$ 3475.55,1
1132,09:30:02,$ 3475.55,13
1133,09:30:02,$ 3475.55,3
1135,09:30:02,$ 3475.55,14
1136,09:30:02,$ 3475.55,2
1137,09:30:02,$ 3475.55,1
1138,09:30:02,$ 3475.55,4
1139,09:30:02,$ 3475.55,14
1140,09:30:02,$ 3475.55,2
1141,09:30:02,$ 3475.55,2
1142,09:30:02,$ 3475.55,10
1143,09:30:02,$ 3475.55,2
1144,09:30:02,$ 3475.55,1
1145,09:30:02,$ 3475.55,2
1146,09:30:02,$ 3475.55,5
1147,09:30:02,$ 3475.55,3
1148,09:30:02,$ 3475.55,10
1149,09:30:02,$ 3475.55,1
1150,09:30:02,$ 3475.55,1
1151,09:30:02,$ 3475.55,1
1152,09:30:02,$ 3475.55,4
1153,09:30:02,$ 3475.55,8
1154,09:30:02,$ 3475.55,6
1156,09:30:02,$ 3475.55,6
1157,09:30:02,$ 3475.55,2
1158,09:30:02,$ 3475.55,5
1159,09:30:02,$ 3475.55,1
1160,09:30:02,$ 3475.55,4
1161,09:30:02,$ 3475.55,1
1162,09:30:02,$ 3475.55,3
1163,09:30:02,$ 3475.55,2
1164,09:30:02,$ 3475.55,1
1165,09:30:02,$ 3475.55,1
1166,09:30:02,$ 3475.55,1
1167,09:30:02,$ 3475.55,1
1168,09:30:02,$ 3475.55,18
1169,09:30:02,$ 3475.55,2
1170,09:30:02,$ 3475.55,3
1171,09:30:02,$ 3475.55,1
1172,09:30:02,$ 3475.55,10
1173,09:30:02,$ 3475.55,10
1174,09:30:02,$ 3475.55,5
1175,09:30:02,$ 3475.55,10
1177,09:30:02,$ 3475.55,1
1178,09:30:02,$ 3475.55,3
1179,09:30:02,$ 3475.55,1
1180,09:30:02,$ 3475.55,2
1181,09:30:02,$ 3475.55,5
1182,09:30:02,$ 3475.55,4
1183,09:30:02,$ 3475.55,120
1184,09:30:02,$ 3475.55,5
1185,09:30:02,$ 3475.55,1
1186,09:30:02,$ 3475.55,23
1187,09:30:02,$ 3475.55,1
1188,09:30:02,$ 3475.55,4
1189,09:30:02,$ 3475.55,1
1190,09:30:02,$ 3475.55,1
1191,09:30:02,$ 3475.55,7
1192,09:30:02,$ 3475.55,8
1193,09:30:02,$ 3475.55,172
1194,09:30:02,$ 3475.55,1
1195,09:30:02,$ 3475.55,1
1196,09:30:02,$ 3475.55,1
1198,09:30:02,$ 3475.55,18
1199,09:30:02,$ 3475.55,1
1200,09:30:02,$ 3475.55,186
1201,09:30:02,$ 3475.55,100
1202,09:30:02,$ 3475.55,4
1203,09:30:02,$ 3475.55,1
1204,09:30:02,$ 3475.55,5
1205,09:30:02,$ 3475.55,5
1206,09:30:02,$ 3475.55,150
1207,09:30:02,$ 3475.55,50
1208,09:30:02,$ 3475.55,1
1209,09:30:02,$ 3475.55,3
1210,09:30:02,$ 3475.55,1
1211,09:30:02,$ 3475.55,4
1212,09:30:02,$ 3475.55,30
1213,09:30:02,$ 3475.55,250
1214,09:30:02,$ 3475.55,3
1215,09:30:02,$ 3475.55,1
1216,09:30:02,$ 3475.55,1
1217,09:30:02,$ 3475.55,2
1219,09:30:02,$ 3475.55,10
1220,09:30:02,$ 3475.55,46
1221,09:30:02,$ 3475.55,1
1222,09:30:02,$ 3475.55,1
1223,09:30:02,$ 3475.55,14
1224,09:30:02,$ 3475.55,2
1225,09:30:02,$ 3475.55,52
1226,09:30:02,$ 3475.55,27
1227,09:30:02,$ 3475.55,3
1228,09:30:02,$ 3475.55,3
1229,09:30:02,$ 3475.55,2
1230,09:30:02,$ 3475.55,7
1231,09:30:02,$ 3475.55,4
1232,09:30:02,$ 3475.55,2
1233,09:30:02,$ 3475.55,2
1234,09:30:02,$ 3475.55,7
1235,09:30:02,$ 3475.55,3
1236,09:30:02,$ 3475.55,4
1237,09:30:02,$ 3475.55,4
1238,09:30:02,$ 3475.55,3
1240,09:30:02,$ 3475.55,3
1241,09:30:02,$ 3475.55,163
1242,09:30:02,$ 3475.55,3
1243,09:30:02,$ 3475.55,3
1244,09:30:02,$ 3475.55,197
1245,09:30:02,$ 3475.55,1
1246,09:30:02,$ 3475.55,1
1247,09:30:02,$ 3475.55,208
1248,09:30:02,$ 3475.55,2
1249,09:30:02,$ 3475.55,5
1250,09:30:02,$ 3475.55,5
1251,09:30:02,$ 3475.55,6
1252,09:30:02,$ 3475.55,3
1253,09:30:02,$ 3475.55,1
1254,09:30:02,$ 3475.55,10
1255,09:30:02,$ 3475.55,1
1256,09:30:02,$ 3475.55,1
1257,09:30:02,$ 3475.55,1
1258,09:30:02,$ 3475.55,1
1259,09:30:02,$ 3475.55,1
1261,09:30:02,$ 3475.55,1
1262,09:30:02,$ 3475.55,1
1263,09:30:02,$ 3475.55,1
1264,09:30:02,$ 3475.55,1
1265,09:30:02,$ 3475.55,1
1266,09:30:02,$ 3475.55,1
1267,09:30:02,$ 3475.55,1
1268,09:30:02,$ 3475.55,1
1269,09:30:02,$ 3475.55,1
1270,09:30:02,$ 3475.55,1
1271,09:30:02,$ 3475.55,1
1272,09:30:02,$ 3475.55,1
1273,09:30:02,$ 3475.55,1
1274,09:30:02,$ 3475.55,1
1275,09:30:02,$ 3475.55,1
1276,09:30:02,$ 3475.55,3
1277,09:30:02,$ 3475.55,2
1278,09:30:02,$ 3475.55,475
1279,09:30:02,$ 3475.55,210
1280,09:30:02,$ 3475.55,10
1282,09:30:02,$ 3475.55,2
1283,09:30:02,$ 3475.55,1
1284,09:30:02,$ 3475.55,3
1285,09:30:02,$ 3475.55,1
1286,09:30:02,$ 3475.55,1
1287,09:30:02,$ 3475.55,1
1288,09:30:02,$ 3475.55,2
1289,09:30:02,$ 3475.55,4
1290,09:30:02,$ 3475.55,1
1291,09:30:02,$ 3475.55,1
1292,09:30:02,$ 3475.55,1
1293,09:30:02,$ 3475.55,1
1294,09:30:02,$ 3475.55,3
1295,09:30:02,$ 3475.55,2
1296,09:30:02,$ 3475.55,2
1297,09:30:02,$ 3475.55,1
1298,09:30:02,$ 3475.55,1
1299,09:30:02,$ 3475.55,1
1300,09:30:02,$ 3475.55,1
1301,09:30:02,$ 3475.55,1
1303,09:30:02,$ 3475.55,2
1304,09:30:02,$ 3475.55,1
1305,09:30:02,$ 3475.55,2
1306,09:30:02,$ 3475.55,1
1307,09:30:02,$ 3475.55,1
1308,09:30:02,$ 3475.55,1
1309,09:30:02,$ 3475.55,3
1310,09:30:02,$ 3475.55,1
1311,09:30:02,$ 3475.55,10
1312,09:30:02,$ 3475.55,29
1313,09:30:02,$ 3475.55,1
1314,09:30:02,$ 3475.55,2
1315,09:30:02,$ 3475.55,3
1316,09:30:02,$ 3475.55,170
1317,09:30:02,$ 3475.55,48
1318,09:30:02,$ 3475.55,77
1319,09:30:02,$ 3475.55,1
1320,09:30:02,$ 3475.55,4
1321,09:30:02,$ 3475.55,1
1322,09:30:02,$ 3475.55,1
1324,09:30:02,$ 3475.55,1
1325,09:30:02,$ 3475.55,2
1326,09:30:02,$ 3475.55,2
1327,09:30:02,$ 3475.55,3
1328,09:30:02,$ 3475.55,1
1329,09:30:02,$ 3475.55,2
1330,09:30:02,$ 3475.55,20
1331,09:30:02,$ 3475.55,1
1332,09:30:02,$ 3475.55,1
1333,09:30:02,$ 3475.55,2
1334,09:30:02,$ 3475.55,1
1335,09:30:02,$ 3475.55,1
1336,09:30:02,$ 3475.55,2
1337,09:30:02,$ 3475.55,2
1338,09:30:02,$ 3475.55,6
1339,09:30:02,$ 3475.55,6
1340,09:30:02,$ 3475.55,2
1341,09:30:02,$ 3475.55,1
1342,09:30:02,$ 3475.55,3
1343,09:30:02,$ 3475.55,2
1345,09:30:02,$ 3475.55,3
1346,09:30:02,$ 3475.55,1
1347,09:30:02,$ 3475.55,1
1348,09:30:02,$ 3475.55,2
1349,09:30:02,$ 3475.55,18
1350,09:30:02,$ 3475.55,2
1351,09:30:02,$ 3475.55,2
1352,09:30:02,$ 3475.55,1
1353,09:30:02,$ 3475.55,5
1354,09:30:02,$ 3475.55,1
1355,09:30:02,$ 3475.55,2
1356,09:30:02,$ 3475.55,130
1357,09:30:02,$ 3475.55,2
1358,09:30:02,$ 3475.55,32
1359,09:30:02,$ 3475.55,147
1360,09:30:02,$ 3475.55,117
1361,09:30:02,$ 3475.55,1
1362,09:30:02,$ 3475.55,1
1363,09:30:02,$ 3475.55,33
1364,09:30:02,$ 3475.55,1
1366,09:30:02,$ 3475.55,2
1367,09:30:02,$ 3475.55,30
1368,09:30:02,$ 3475.55,123
1369,09:30:02,$ 3475.55,25
1370,09:30:02,$ 3475.55,506
1371,09:30:02,$ 3475.55,15
1372,09:30:02,$ 3475.55,92
1373,09:30:02,$ 3475.55,200
1374,09:30:02,$ 3475.55,65
1375,09:30:02,$ 3475.55,20
1376,09:30:02,$ 3475.55,60
1377,09:30:02,$ 3475.55,"1,200"
1378,09:30:02,$ 3475.55,100
1379,09:30:02,$ 3475.55,13
1380,09:30:02,$ 3475.55,3
1381,09:30:02,$ 3475.55,3
1382,09:30:02,$ 3475.55,32
1383,09:30:02,$ 3475.55,16
1384,09:30:02,$ 3475.55,2
1385,09:30:02,$ 3475.55,1
1387,09:30:02,$ 3475.55,16
1388,09:30:02,$ 3475.55,13
1389,09:30:02,$ 3475.55,48
1390,09:30:02,$ 3475.55,88
1391,09:30:02,$ 3475.55,11
1392,09:30:02,$ 3475.55,14
1393,09:30:02,$ 3475.55,9
1394,09:30:02,$ 3475.55,3
1395,09:30:02,$ 3475.55,11
1396,09:30:02,$ 3475.55,6
1397,09:30:02,$ 3475.55,8
1398,09:30:02,$ 3475.55,5
1399,09:30:02,$ 3475.55,"1,800"
1400,09:30:02,$ 3475.55,10
1401,09:30:02,$ 3475.55,3
1402,09:30:02,$ 3475.55,7
1403,09:30:02,$ 3475.55,13
1404,09:30:02,$ 3475.55,9
1405,09:30:02,$ 3475.55,26
1406,09:30:02,$ 3475.55,12
1408,09:30:02,$ 3475.55,8
1409,09:30:02,$ 3475.55,14
1410,09:30:02,$ 3475.55,520
1411,09:30:02,$ 3475.55,10
1412,09:30:02,$ 3475.55,4
1413,09:30:02,$ 3475.55,3
1414,09:30:02,$ 3475.55,5
1415,09:30:02,$ 3475.55,201
1416,09:30:02,$ 3475.55,3
1417,09:30:02,$ 3475.55,3
1418,09:30:02,$ 3475.55,10
1419,09:30:02,$ 3475.55,2
1420,09:30:02,$ 3475.55,349
1421,09:30:02,$ 3475.55,1
1422,09:30:02,$ 3475.55,1
1423,09:30:02,$ 3475.55,1
1424,09:30:02,$ 3475.55,5
1425,09:30:02,$ 3475.55,5
1426,09:30:02,$ 3475.55,3
1427,09:30:02,$ 3475.55,4
1429,09:30:02,$ 3475.55,1
1430,09:30:02,$ 3475.55,10
1431,09:30:02,$ 3475.55,5
1432,09:30:02,$ 3475.55,1
1433,09:30:02,$ 3475.55,2
1434,09:30:02,$ 3475.55,1
1435,09:30:02,$ 3475.55,5
1436,09:30:02,$ 3475.55,15
1437,09:30:02,$ 3475.55,10
1438,09:30:02,$ 3475.55,8
1439,09:30:02,$ 3475.55,1
1440,09:30:02,$ 3475.55,5
1441,09:30:02,$ 3475.55,5
1442,09:30:02,$ 3475.55,15
1443,09:30:02,$ 3475.55,3
1444,09:30:02,$ 3475.55,2
1445,09:30:02,$ 3475.55,3
1446,09:30:02,$ 3475.55,4
1447,09:30:02,$ 3475.55,3
1448,09:30:02,$ 3475.55,1
1450,09:30:02,$ 3475.55,8
1451,09:30:02,$ 3475.55,6
1452,09:30:02,$ 3475.55,4
1453,09:30:02,$ 3475.55,3
1454,09:30:02,$ 3475.55,1
1455,09:30:02,$ 3475.55,2
1456,09:30:02,$ 3475.55,18
1457,09:30:02,$ 3475.55,4
1458,09:30:02,$ 3475.55,189
1459,09:30:02,$ 3475.55,6
1460,09:30:02,$ 3475.55,5
1461,09:30:02,$ 3475.55,1
1462,09:30:02,$ 3475.55,455
1463,09:30:02,$ 3475.55,4
1464,09:30:02,$ 3475.55,50
1465,09:30:02,$ 3475.55,1
1466,09:30:02,$ 3475.55,1
1467,09:30:02,$ 3475.55,5
1468,09:30:02,$ 3475.55,7
1469,09:30:02,$ 3475.55,25
1471,09:30:02,$ 3475.55,4
1472,09:30:02,$ 3475.55,10
1473,09:30:02,$ 3475.55,2
1474,09:30:02,$ 3475.55,1
1475,09:30:02,$ 3475.55,5
1476,09:30:02,$ 3475.55,401
1477,09:30:02,$ 3475.55,1
1478,09:30:02,$ 3475.55,10
1479,09:30:02,$ 3475.55,10
1480,09:30:02,$ 3475.55,246
1481,09:30:02,$ 3475.55,1
1482,09:30:02,$ 3475.55,47
1483,09:30:02,$ 3475.55,50
1484,09:30:02,$ 3475.55,2
1485,09:30:02,$ 3475.55,15
1486,09:30:02,$ 3475.55,1
1487,09:30:02,$ 3475.55,3
1488,09:30:02,$ 3475.55,50
1489,09:30:02,$ 3475.55,1
1490,09:30:02,$ 3475.55,2
1492,09:30:02,$ 3475.55,50
1493,09:30:02,$ 3475.55,225
1494,09:30:02,$ 3475.55,12
1495,09:30:02,$ 3475.55,4
1496,09:30:02,$ 3475.55,2
1497,09:30:02,$ 3475.55,1
1498,09:30:02,$ 3475.55,2
1499,09:30:02,$ 3475.55,3
1500,09:30:02,$ 3475.55,100
1501,09:30:02,$ 3475.55,5
1502,09:30:02,$ 3475.55,16
1503,09:30:02,$ 3475.55,47
1504,09:30:02,$ 3475.55,20
1505,09:30:02,$ 3475.55,9
1506,09:30:02,$ 3475.55,35
1507,09:30:02,$ 3475.55,191
1508,09:30:02,$ 3475.55,200
1509,09:30:02,$ 3475.55,1
1510,09:30:02,$ 3475.55,1
1511,09:30:02,$ 3475.55,17
1513,09:30:02,$ 3475.55,106
1514,09:30:02,$ 3475.55,1
1515,09:30:02,$ 3475.55,9
1516,09:30:02,$ 3475.55,200
1517,09:30:02,$ 3475.55,30
1518,09:30:02,$ 3475.55,1
1519,09:30:02,$ 3475.55,25
1520,09:30:02,$ 3475.55,7
1521,09:30:02,$ 3475.55,20
1522,09:30:02,$ 3475.55,2
1523,09:30:02,$ 3475.55,1
1524,09:30:02,$ 3475.55,12
1525,09:30:02,$ 3475.55,300
1526,09:30:02,$ 3475.55,2
1527,09:30:02,$ 3475.55,1
1528,09:30:02,$ 3475.55,4
1529,09:30:02,$ 3475.55,98
1530,09:30:02,$ 3475.55,16
1531,09:30:02,$ 3475.55,2
1532,09:30:02,$ 3475.55,2
1534,09:30:02,$ 3475.55,1
1535,09:30:02,$ 3475.55,3
1536,09:30:02,$ 3475.55,5
1537,09:30:02,$ 3475.55,7
1538,09:30:02,$ 3475.55,27
1539,09:30:02,$ 3475.55,4
1540,09:30:02,$ 3475.55,144
1541,09:30:02,$ 3475.55,1
1542,09:30:02,$ 3475.55,26
1543,09:30:02,$ 3475.55,15
1544,09:30:02,$ 3475.55,4
1545,09:30:02,$ 3475.55,5
1546,09:30:02,$ 3475.55,12
1547,09:30:02,$ 3475.55,22
1548,09:30:02,$ 3475.55,4
1549,09:30:02,$ 3475.55,190
1550,09:30:02,$ 3475.55,5
1551,09:30:02,$ 3475.55,11
1552,09:30:02,$ 3475.55,1
1553,09:30:02,$ 3475.55,2
1555,09:30:02,$ 3475.55,1
1556,09:30:02,$ 3475.55,43
1557,09:30:02,$ 3475.55,100
1558,09:30:02,$ 3475.55,176
1559,09:30:02,$ 3475.55,1
1560,09:30:02,$ 3475.55,11
1561,09:30:02,$ 3475.55,20
1562,09:30:02,$ 3475.55,43
1563,09:30:02,$ 3475.55,61
1564,09:30:02,$ 3475.55,4
1565,09:30:02,$ 3475.55,10
1566,09:30:02,$ 3475.55,5
1567,09:30:02,$ 3475.55,1
1568,09:30:02,$ 3475.55,2
1569,09:30:02,$ 3475.55,20
1570,09:30:02,$ 3475.55,1
1571,09:30:02,$ 3475.55,7
1572,09:30:02,$ 3475.55,13
1573,09:30:02,$ 3475.55,146
1574,09:30:02,$ 3475.55,1
1576,09:30:02,$ 3475.55,25
1577,09:30:02,$ 3475.55,1
1578,09:30:02,$ 3475.55,1
1579,09:30:02,$ 3475.55,6
1580,09:30:02,$ 3475.55,5
1581,09:30:02,$ 3475.55,1
1582,09:30:02,$ 3475.55,4
1583,09:30:02,$ 3475.55,9
1584,09:30:02,$ 3475.55,17
1585,09:30:02,$ 3475.55,1
1586,09:30:02,$ 3475.55,2
1587,09:30:02,$ 3475.55,3
1588,09:30:02,$ 3475.55,12
1589,09:30:02,$ 3475.55,1
1590,09:30:02,$ 3475.55,1
1591,09:30:02,$ 3475.55,2
1592,09:30:02,$ 3475.55,1
1593,09:30:02,$ 3475.55,5
1594,09:30:02,$ 3475.55,7
1595,09:30:02,$ 3475.55,2
1597,09:30:02,$ 3475.55,2
1598,09:30:02,$ 3475.55,1
1599,09:30:02,$ 3475.55,10
1600,09:30:02,$ 3475.55,2
1601,09:30:02,$ 3475.55,2
1602,09:30:02,$ 3475.55,100
1603,09:30:02,$ 3475.55,1
1604,09:30:02,$ 3475.55,2
1605,09:30:02,$ 3475.55,2
1606,09:30:02,$ 3475.55,1
1607,09:30:02,$ 3475.55,3
1608,09:30:02,$ 3475.55,12
1609,09:30:02,$ 3475.55,58
1610,09:30:02,$ 3475.55,4
1611,09:30:02,$ 3475.55,1
1612,09:30:02,$ 3475.55,75
1613,09:30:02,$ 3475.55,1
1614,09:30:02,$ 3475.55,10
1615,09:30:02,$ 3475.55,6
1616,09:30:02,$ 3475.55,37
1618,09:30:02,$ 3475.55,2
1619,09:30:02,$ 3475.55,100
1620,09:30:02,$ 3475.55,1
1621,09:30:02,$ 3475.55,8
1622,09:30:02,$ 3475.55,1
1623,09:30:02,$ 3475.55,2
1624,09:30:02,$ 3475.55,10
1625,09:30:02,$ 3475.55,4
1626,09:30:02,$ 3475.55,310
1627,09:30:02,$ 3475.55,5
1628,09:30:02,$ 3475.55,1
1629,09:30:02,$ 3475.55,1
1630,09:30:02,$ 3475.55,9
1631,09:30:02,$ 3475.55,42
1632,09:30:02,$ 3475.55,5
1633,09:30:02,$ 3475.55,6
1634,09:30:02,$ 3475.55,4
1635,09:30:02,$ 3475.55,10
1636,09:30:02,$ 3475.55,4
1637,09:30:02,$ 3475.55,2
1639,09:30:02,$ 3475.55,1
1640,09:30:02,$ 3475.55,1
1641,09:30:02,$ 3475.55,1
1642,09:30:02,$ 3475.55,1
1643,09:30:02,$ 3475.55,1
1644,09:30:02,$ 3475.55,4
1645,09:30:02,$ 3475.55,1
1646,09:30:02,$ 3475.55,1
1647,09:30:02,$ 3475.55,3
1648,09:30:02,$ 3475.55,2
1649,09:30:02,$ 3475.55,1
1650,09:30:02,$ 3475.55,1
1651,09:30:02,$ 3475.55,2
1652,09:30:02,$ 3475.55,21
1653,09:30:02,$ 3475.55,1
1654,09:30:02,$ 3475.55,1
1655,09:30:02,$ 3475.55,2
1656,09:30:02,$ 3475.55,2
1657,09:30:02,$ 3475.55,12
1658,09:30:02,$ 3475.55,1
1660,09:30:02,$ 3475.55,6
1661,09:30:02,$ 3475.55,3
1662,09:30:02,$ 3475.55,1
1663,09:30:02,$ 3475.55,5
1664,09:30:02,$ 3475.55,1
1665,09:30:02,$ 3475.55,12
1666,09:30:02,$ 3475.55,6
1667,09:30:02,$ 3475.55,1
1668,09:30:02,$ 3475.55,1
1669,09:30:02,$ 3475.55,2
1670,09:30:02,$ 3475.55,2
1671,09:30:02,$ 3475.55,1
1672,09:30:02,$ 3475.55,2
1673,09:30:02,$ 3475.55,1
1674,09:30:02,$ 3475.55,5
1675,09:30:02,$ 3475.55,15
1676,09:30:02,$ 3475.55,1
1677,09:30:02,$ 3475.55,263
1678,09:30:02,$ 3475.55,3
1679,09:30:02,$ 3475.55,100
1681,09:30:02,$ 3475.55,34
1682,09:30:02,$ 3475.55,4
1683,09:30:02,$ 3475.55,1
1684,09:30:00,$ 3475.55,12
1685,09:30:00,$ 3475.55,25
1686,09:30:00,$ 3475.55,10
1687,09:30:00,$ 3475.55,10
1689,10:29:36,$ 3466.73,100
1690,10:29:18,$ 3467.8493,500
1691,10:28:58,$ 3467.0963,140
1692,10:28:58,$ 3467.1022,103
1693,10:28:56,$ 3467.09,159
1694,10:28:56,$ 3467.09,100
1695,10:28:46,$ 3468.615,100
1696,10:28:35,$ 3469.04,100
1697,10:28:18,$ 3468.2525,400
1698,10:28:05,$ 3467.52,300
1699,10:28:04,$ 3467.96,100
1700,10:28:04,$ 3467.99,100
1701,10:28:04,$ 3467.96,100
1702,10:26:58,$ 3465.23,100
1703,10:26:41,$ 3464.3601,383
1704,10:26:41,$ 3464.3601,525
1705,10:26:21,$ 3465.11,100
1706,10:26:15,$ 3465.8025,100
1707,10:26:15,$ 3465.0001,100
1708,10:25:59,$ 3466.345,100
1710,10:25:56,$ 3466.51,300
1711,10:25:55,$ 3466.78,100
1712,10:25:33,$ 3466.9102,300
1713,10:25:13,$ 3467.15,100
1714,10:25:09,$ 3467.98,100
1715,10:25:02,$ 3467.12,100
1716,10:24:46,$ 3467.40,100
1717,10:24:46,$ 3467.40,100
1718,10:24:30,$ 3467.05,100
1719,10:24:30,$ 3467.01,100
1720,10:24:29,$ 3467.18,100
1721,10:24:24,$ 3467.30,100
1722,10:24:16,$ 3468.07,100
1723,10:24:01,$ 3466.72,100
1724,10:23:09,$ 3468.08,100
1725,10:23:07,$ 3470.4214,400
1726,10:22:50,$ 3467.99,100
1727,10:22:41,$ 3467.395,300
1728,10:22:40,$ 3468.02,100
1729,10:22:40,$ 3468.00,100
1731,10:22:39,$ 3468.43,100
1732,10:22:28,$ 3468.83,100
1733,10:22:03,$ 3470.32,100
1734,10:21:45,$ 3470.505,100
1735,10:21:40,$ 3469.00,100
1736,10:21:40,$ 3469.52,100
1737,10:21:40,$ 3469.26,100
1738,10:21:40,$ 3468.97,100
1739,10:21:32,$ 3469.01,100
1740,10:21:28,$ 3469.58,150
1741,10:21:17,$ 3470.185,200
1742,10:21:12,$ 3470.47,100
1743,10:21:12,$ 3470.46,134
1744,10:21:03,$ 3471.03,100
1745,10:20:47,$ 3472.02,100
1746,10:20:40,$ 3470.4601,150
1747,10:20:36,$ 3471.50,290
1748,10:20:29,$ 3472.32,100
1749,10:20:27,$ 3472.80,200
1750,10:20:27,$ 3472.80,100
1752,10:20:27,$ 3472.68,100
1753,10:20:27,$ 3472.65,200
1754,10:20:27,$ 3472.66,100
1755,10:20:22,$ 3472.20,100
1756,10:20:20,$ 3471.78,100
1757,10:20:20,$ 3471.78,200
1758,10:20:19,$ 3472.485,100
1759,10:20:18,$ 3471.99,100
1760,10:20:18,$ 3471.55,200
1761,10:20:18,$ 3471.55,234
1762,10:20:16,$ 3471.21,100
1763,10:19:27,$ 3468.935,100
1764,10:19:25,$ 3469.4272,100
1765,10:19:01,$ 3468.6131,450
1766,10:18:48,$ 3470.38,100
1767,10:18:41,$ 3470.0186,288
1768,10:18:41,$ 3469.98,100
1769,10:18:41,$ 3469.50,100
1770,10:18:40,$ 3469.35,100
1771,10:18:40,$ 3469.3205,200
1773,10:18:35,$ 3469.36,100
1774,10:18:35,$ 3469.42,150
1775,10:18:33,$ 3468.09,750
1776,10:18:23,$ 3468.495,100
1777,10:18:19,$ 3468.33,100
1778,10:18:17,$ 3468.27,100
1779,10:18:17,$ 3468.245,100
1780,10:18:04,$ 3467.49,100
1781,10:18:00,$ 3467.48,100
1782,10:17:53,$ 3467.00,100
1783,10:17:49,$ 3466.8643,344
1784,10:17:41,$ 3465.99,100
1785,10:17:39,$ 3465.065,100
1786,10:17:38,$ 3465.01,100
1787,10:17:38,$ 3464.73,100
1788,10:17:38,$ 3464.74,100
1789,10:17:34,$ 3464.11,100
1790,10:17:34,$ 3464.11,100
1791,10:17:34,$ 3464.08,100
1792,10:17:34,$ 3464.14,100
1794,10:17:28,$ 3464.50,100
1795,10:17:28,$ 3464.49,100
1796,10:17:08,$ 3462.86,100
1797,10:16:59,$ 3464.51,100
1798,10:16:55,$ 3464.24,100
1799,10:16:35,$ 3464.51,100
1800,10:16:30,$ 3464.31,100
1801,10:16:28,$ 3464.49,100
1802,10:15:53,$ 3465.36,100
1803,10:15:53,$ 3465.37,115
1804,10:15:27,$ 3463.90,100
1805,10:15:24,$ 3464.72,100
1806,10:15:16,$ 3463.11,114
1807,10:15:16,$ 3462.625,100
1808,10:15:10,$ 3461.9568,295
1809,10:15:10,$ 3462.86,100
1810,10:15:10,$ 3462.81,100
1811,10:15:07,$ 3463.63,100
1812,10:15:07,$ 3463.63,100
1813,10:15:03,$ 3463.21,100
1815,10:14:54,$ 3464.98,100
1816,10:14:54,$ 3464.99,100
1817,10:14:54,$ 3464.98,100
1818,10:14:54,$ 3464.99,100
1819,10:14:54,$ 3464.99,100
1820,10:14:36,$ 3465.4999,100
1821,10:14:34,$ 3464.6733,300
1822,10:14:32,$ 3464.69,100
1823,10:14:31,$ 3465.4724,102
1824,10:14:30,$ 3465.10,122
1825,10:14:28,$ 3465.73,100
1826,10:14:25,$ 3465.72,100
1827,10:14:20,$ 3465.12,100
1828,10:14:11,$ 3466.445,100
1829,10:13:51,$ 3467.07,100
1830,10:13:48,$ 3467.51,100
1831,10:13:48,$ 3467.96,100
1832,10:13:38,$ 3467.0175,100
1833,10:13:32,$ 3466.51,100
1834,10:13:32,$ 3466.51,100
1836,10:13:27,$ 3466.51,100
1837,10:13:07,$ 3467.44,100
1838,10:12:26,$ 3466.94,100
1839,10:12:26,$ 3466.77,100
1840,10:12:26,$ 3466.79,100
1841,10:12:20,$ 3466.64,100
1842,10:12:20,$ 3465.91,280
1843,10:12:14,$ 3467.305,110
1844,10:12:07,$ 3467.685,100
1845,10:12:03,$ 3467.19,100
1846,10:12:00,$ 3467.17,100
1847,10:11:43,$ 3468.11,500
1848,10:11:38,$ 3469.98,100
1849,10:11:29,$ 3469.67,100
1850,10:11:11,$ 3471.49,100
1851,10:11:09,$ 3470.95,179
1852,10:11:02,$ 3469.89,100
1853,10:11:01,$ 3469.83,100
1854,10:10:30,$ 3468.295,300
1855,10:10:06,$ 3467.04,100
1857,10:10:04,$ 3466.43,100
1858,10:10:03,$ 3467.19,100
1859,10:10:03,$ 3467.19,100
1860,10:09:59,$ 3467.1901,200
1861,10:09:45,$ 3468.665,200
1862,10:09:43,$ 3468.77,100
1863,10:09:29,$ 3467.89,100
1864,10:09:26,$ 3467.26,100
1865,10:09:26,$ 3467.27,100
1866,10:09:26,$ 3467.91,100
1867,10:09:19,$ 3468.11,100
1868,10:09:10,$ 3468.69,129
1869,10:09:06,$ 3469.65,148
1870,10:08:59,$ 3469.05,100
1871,10:08:42,$ 3469.09,100
1872,10:08:37,$ 3469.3299,100
1873,10:08:27,$ 3470.7101,200
1874,10:08:26,$ 3470.78,100
1875,10:08:20,$ 3471.39,100
1876,10:08:09,$ 3471.09,100
1878,10:08:08,$ 3471.66,100
1879,10:08:08,$ 3471.65,100
1880,10:08:03,$ 3471.6242,304
1881,10:07:42,$ 3472.04,189
1882,10:07:26,$ 3472.9899,200
1883,10:07:24,$ 3472.42,100
1884,10:07:21,$ 3473.0637,200
1885,10:07:18,$ 3472.20,100
1886,10:07:15,$ 3472.20,125
1887,10:07:15,$ 3472.20,125
1888,10:07:11,$ 3471.77,100
1889,10:06:54,$ 3471.54,100
1890,10:06:53,$ 3470.6943,200
1891,10:06:52,$ 3471.13,151
1892,10:06:52,$ 3470.97,100
1893,10:06:43,$ 3470.97,100
1894,10:06:35,$ 3470.00,100
1895,10:06:35,$ 3469.99,100
1896,10:06:35,$ 3469.99,100
1897,10:06:35,$ 3469.99,100
1899,10:06:35,$ 3470.00,100
1900,10:06:35,$ 3469.99,100
1901,10:06:35,$ 3470.00,100
1902,10:06:35,$ 3470.00,100
1903,10:06:35,$ 3469.77,100
1904,10:06:30,$ 3469.52,100
1905,10:06:22,$ 3469.68,100
1906,10:06:22,$ 3469.7599,100
1907,10:06:21,$ 3469.41,100
1908,10:06:21,$ 3469.22,100
1909,10:06:18,$ 3469.05,157
1910,10:06:14,$ 3468.535,100
1911,10:06:10,$ 3468.515,100
1912,10:06:08,$ 3469.00,100
1913,10:06:04,$ 3468.355,100
1914,10:06:02,$ 3469.03,100
1915,10:05:58,$ 3468.3201,100
1916,10:05:50,$ 3469.1975,100
1917,10:05:43,$ 3469.01,100
1918,10:05:26,$ 3469.18,100
1920,10:05:09,$ 3468.3215,150
1921,10:04:57,$ 3468.7897,100
1922,10:04:57,$ 3467.98,261
1923,10:04:57,$ 3468.79,100
1924,10:04:57,$ 3467.98,100
1925,10:04:54,$ 3467.6525,100
1926,10:04:18,$ 3467.71,113
1927,10:04:18,$ 3467.705,174
1928,10:04:13,$ 3466.6101,500
1929,10:04:12,$ 3467.925,200
1930,10:04:11,$ 3467.9216,265
1931,10:04:05,$ 3468.7999,100
1932,10:04:00,$ 3467.225,250
1933,10:03:43,$ 3467.09,154
1934,10:03:43,$ 3467.19,100
1935,10:03:43,$ 3467.13,100
1936,10:03:43,$ 3467.12,100
1937,10:03:34,$ 3467.00,969
1938,10:03:25,$ 3466.765,100
1939,10:03:18,$ 3466.4122,150
1941,10:03:15,$ 3466.9999,100
1942,10:03:15,$ 3466.00,100
1943,10:03:14,$ 3465.09,100
1944,10:03:14,$ 3464.34,100
1945,10:03:05,$ 3464.3399,350
1946,10:03:02,$ 3462.8199,200
1947,10:03:02,$ 3464.34,100
1948,10:03:02,$ 3464.46,100
1949,10:03:00,$ 3465.1778,350
1950,10:02:34,$ 3464.62,100
1951,10:02:34,$ 3463.0701,100
1952,10:02:29,$ 3463.20,100
1953,10:02:29,$ 3463.60,100
1954,10:02:28,$ 3464.00,100
1955,10:02:24,$ 3462.85,100
1956,10:02:21,$ 3463.445,100
1957,10:01:57,$ 3461.31,100
1958,10:01:57,$ 3461.6708,280
1959,10:01:57,$ 3461.57,100
1960,10:01:50,$ 3465.73,200
1962,10:01:50,$ 3465.94,100
1963,10:01:50,$ 3465.94,100
1964,10:01:33,$ 3464.995,200
1965,10:01:19,$ 3466.15,100
1966,10:01:17,$ 3464.32,250
1967,10:00:48,$ 3464.33,100
1968,10:00:48,$ 3464.33,100
1969,10:00:37,$ 3464.89,100
1970,10:00:37,$ 3464.94,100
1971,10:00:30,$ 3465.725,100
1973,10:59:54,$ 3463.56,100
1974,10:59:50,$ 3463.50,100
1975,10:59:47,$ 3463.21,100
1976,10:59:47,$ 3462.76,100
1977,10:59:39,$ 3462.58,100
1978,10:59:17,$ 3463.2007,250
1979,10:58:37,$ 3462.81,100
1980,10:58:21,$ 3462.2819,113
1981,10:58:21,$ 3461.7819,174
1982,10:58:21,$ 3462.2819,204
1983,10:58:21,$ 3461.69,100
1984,10:58:21,$ 3461.75,100
1985,10:57:14,$ 3460.33,100
1986,10:56:56,$ 3460.41,100
1987,10:56:38,$ 3457.94,100
1988,10:56:38,$ 3457.54,100
1989,10:56:26,$ 3457.6468,150
1990,10:56:13,$ 3458.09,104
1991,10:56:12,$ 3458.97,100
1992,10:56:07,$ 3459.79,100
1994,10:55:48,$ 3459.23,200
1995,10:55:32,$ 3459.51,100
1996,10:55:32,$ 3459.51,100
1997,10:55:19,$ 3459.51,100
1998,10:55:10,$ 3458.87,100
1999,10:55:10,$ 3458.87,100
2000,10:55:09,$ 3458.47,100
2001,10:55:09,$ 3458.335,100
2002,10:55:09,$ 3458.04,189
2003,10:55:02,$ 3458.53,136
2004,10:54:22,$ 3458.65,100
2005,10:53:58,$ 3458.50,100
2006,10:53:40,$ 3460.00,100
2007,10:53:40,$ 3460.41,100
2008,10:53:31,$ 3459.47,155
2009,10:53:22,$ 3458.92,100
2010,10:53:12,$ 3458.215,100
2011,10:53:11,$ 3458.22,100
2012,10:53:11,$ 3458.22,100
2013,10:52:03,$ 3458.53,100
2015,10:52:02,$ 3457.00,100
2016,10:52:02,$ 3457.09,100
2017,10:52:02,$ 3457.36,100
2018,10:51:51,$ 3458.27,100
2019,10:51:37,$ 3458.01,100
2020,10:51:37,$ 3458.00,104
2021,10:51:12,$ 3460.00,100
2022,10:51:12,$ 3460.04,100
2023,10:50:51,$ 3459.82,100
2024,10:50:49,$ 3459.935,100
2025,10:50:41,$ 3461.65,100
2026,10:50:34,$ 3459.10,100
2027,10:50:33,$ 3460.00,900
2028,10:50:26,$ 3458.3768,250
2029,10:50:21,$ 3459.5994,400
2030,10:50:15,$ 3458.41,100
2031,10:50:12,$ 3458.60,100
2032,10:50:12,$ 3458.59,100
2033,10:50:03,$ 3459.00,100
2034,10:50:03,$ 3459.63,100
2036,10:49:54,$ 3458.80,100
2037,10:49:43,$ 3457.95,100
2038,10:49:38,$ 3458.66,100
2039,10:49:35,$ 3458.69,100
2040,10:49:35,$ 3458.70,100
2041,10:49:35,$ 3458.70,100
2042,10:49:35,$ 3458.72,100
2043,10:48:55,$ 3459.79,100
2044,10:48:47,$ 3459.31,100
2045,10:48:02,$ 3460.94,100
2046,10:47:54,$ 3461.80,400
2047,10:47:33,$ 3462.83,100
2048,10:47:12,$ 3465.025,100
2049,10:46:14,$ 3462.67,156
2050,10:46:08,$ 3463.42,100
2051,10:45:43,$ 3464.26,100
2052,10:45:36,$ 3462.81,113
2053,10:45:36,$ 3462.82,100
2054,10:45:36,$ 3462.6647,118
2055,10:45:36,$ 3462.28,100
2057,10:45:20,$ 3461.50,100
2058,10:44:25,$ 3461.25,100
2059,10:44:25,$ 3460.50,100
2060,10:44:25,$ 3460.50,100
2061,10:44:25,$ 3460.50,100
2062,10:44:25,$ 3460.54,100
2063,10:44:25,$ 3460.875,100
2064,10:44:21,$ 3460.00,200
2065,10:44:08,$ 3461.41,100
2066,10:43:51,$ 3460.70,100
2067,10:43:01,$ 3461.49,100
2068,10:42:41,$ 3461.01,100
2069,10:42:40,$ 3461.2175,336
2070,10:42:26,$ 3460.785,100
2071,10:42:18,$ 3459.705,100
2072,10:42:18,$ 3459.7021,288
2073,10:42:13,$ 3459.70,200
2074,10:42:10,$ 3459.595,100
2075,10:42:10,$ 3459.06,100
2076,10:42:08,$ 3459.93,100
2078,10:42:04,$ 3458.995,100
2079,10:42:04,$ 3459.14,100
2080,10:42:04,$ 3458.995,100
2081,10:42:04,$ 3459.15,100
2082,10:41:40,$ 3458.93,186
2083,10:41:22,$ 3460.00,100
2084,10:40:59,$ 3458.76,100
2085,10:40:59,$ 3458.28,100
2086,10:40:54,$ 3460.185,100
2087,10:40:50,$ 3462.0099,100
2088,10:40:47,$ 3459.855,100
2089,10:40:46,$ 3460.00,100
2090,10:40:46,$ 3460.00,286
2091,10:40:43,$ 3460.00,100
2092,10:40:33,$ 3459.94,100
2093,10:40:27,$ 3459.71,100
2094,10:40:23,$ 3458.68,100
2095,10:40:13,$ 3458.045,200
2096,10:40:07,$ 3456.2901,100
2097,10:40:07,$ 3457.83,100
2099,10:40:07,$ 3457.88,100
2100,10:39:57,$ 3457.0038,100
2101,10:39:57,$ 3457.00,260
2102,10:39:57,$ 3457.00,100
2103,10:39:56,$ 3457.54,100
2104,10:39:53,$ 3457.79,292
2105,10:39:53,$ 3458.00,200
2106,10:39:50,$ 3458.61,120
2107,10:39:43,$ 3458.02,100
2108,10:39:43,$ 3458.00,100
2109,10:39:43,$ 3459.391,136
2110,10:39:42,$ 3460.005,400
2111,10:39:42,$ 3459.915,100
2112,10:39:41,$ 3459.34,100
2113,10:39:39,$ 3459.31,100
2114,10:39:39,$ 3459.93,150
2115,10:39:36,$ 3460.06,100
2116,10:39:36,$ 3460.095,100
2117,10:39:36,$ 3461.485,100
2118,10:39:36,$ 3460.68,100
2120,10:39:36,$ 3460.00,100
2121,10:39:36,$ 3460.09,100
2122,10:39:36,$ 3460.10,100
2123,10:39:34,$ 3462.01,100
2124,10:39:32,$ 3462.10,100
2125,10:39:26,$ 3462.56,100
2126,10:39:19,$ 3462.95,100
2127,10:39:19,$ 3462.95,100
2128,10:39:15,$ 3462.76,100
2129,10:39:10,$ 3462.6813,100
2130,10:39:10,$ 3462.11,100
2131,10:39:02,$ 3463.08,100
2132,10:39:02,$ 3463.05,100
2133,10:38:58,$ 3462.455,100
2134,10:38:58,$ 3462.475,100
2135,10:38:58,$ 3462.495,100
2136,10:38:57,$ 3464.00,100
2137,10:38:57,$ 3464.17,100
2138,10:38:42,$ 3465.00,100
2139,10:38:37,$ 3465.44,100
2141,10:38:32,$ 3464.43,100
2142,10:38:32,$ 3464.46,100
2143,10:38:32,$ 3464.46,100
2144,10:38:23,$ 3464.925,100
2145,10:38:22,$ 3465.42,100
2146,10:38:22,$ 3465.42,100
2147,10:38:22,$ 3465.70,112
2148,10:38:14,$ 3464.40,340
2149,10:38:12,$ 3464.95,104
2150,10:38:12,$ 3464.96,100
2151,10:38:12,$ 3464.96,100
2152,10:38:12,$ 3464.95,100
2153,10:38:12,$ 3464.95,100
2154,10:38:12,$ 3464.95,100
2155,10:38:12,$ 3465.24,100
2156,10:38:12,$ 3465.00,100
2157,10:37:48,$ 3466.625,100
2158,10:37:48,$ 3466.51,100
2159,10:37:34,$ 3466.0975,100
2160,10:37:29,$ 3466.19,100
2162,10:36:57,$ 3466.34,100
2163,10:36:51,$ 3466.68,100
2164,10:36:44,$ 3467.17,100
2165,10:36:41,$ 3467.0775,100
2166,10:36:36,$ 3467.67,150
2167,10:36:13,$ 3469.195,100
2168,10:35:58,$ 3467.5975,100
2169,10:35:58,$ 3467.6275,100
2170,10:35:58,$ 3467.5925,100
2171,10:35:47,$ 3467.83,100
2172,10:35:44,$ 3468.23,100
2173,10:35:35,$ 3469.6225,100
2174,10:35:11,$ 3470.19,100
2175,10:35:06,$ 3469.22,250
2176,10:34:51,$ 3469.825,100
2177,10:34:10,$ 3468.00,900
2178,10:34:10,$ 3468.00,100
2179,10:33:31,$ 3469.67,100
2180,10:33:31,$ 3470.195,100
2181,10:33:04,$ 3471.045,100
2183,10:32:51,$ 3469.74,100
2184,10:32:50,$ 3470.89,100
2185,10:32:45,$ 3468.85,347
2186,10:32:45,$ 3469.21,100
2187,10:32:42,$ 3469.005,243
2188,10:32:40,$ 3468.74,120
2189,10:31:49,$ 3468.20,100
2190,10:31:44,$ 3468.665,200
2191,10:31:38,$ 3468.01,100
2192,10:31:06,$ 3468.50,100
2193,10:30:41,$ 3469.36,100
2194,10:30:40,$ 3469.74,100
2195,10:30:40,$ 3469.80,100
2196,10:30:40,$ 3469.00,148
2197,10:30:22,$ 3468.00,100
2198,10:30:22,$ 3468.00,100
2199,10:30:18,$ 3467.92,100
2200,10:30:04,$ 3467.245,100
2202,11:29:58,$ 3468.25,100
2203,11:29:49,$ 3467.885,100
2204,11:29:41,$ 3467.89,108
2205,11:29:36,$ 3467.32,100
2206,11:29:36,$ 3467.32,100
2207,11:29:33,$ 3468.055,295
2208,11:29:33,$ 3468.055,100
2209,11:29:16,$ 3469.31,103
2210,11:28:53,$ 3468.70,100
2211,11:28:41,$ 3467.71,100
2212,11:27:56,$ 3467.01,100
2213,11:27:54,$ 3467.13,100
2214,11:27:53,$ 3467.49,231
2215,11:27:53,$ 3467.49,100
2216,11:27:53,$ 3467.745,100
2217,11:27:52,$ 3467.49,100
2218,11:27:52,$ 3467.52,100
2219,11:27:52,$ 3467.07,100
2220,11:27:52,$ 3467.46,100
2221,11:27:10,$ 3466.9094,432
2223,11:27:03,$ 3466.87,100
2224,11:27:03,$ 3466.57,100
2225,11:26:56,$ 3467.03,100
2226,11:26:55,$ 3467.105,100
2227,11:26:55,$ 3467.155,100
2228,11:26:55,$ 3467.20,100
2229,11:26:14,$ 3466.96,100
2230,11:26:14,$ 3466.91,100
2231,11:26:14,$ 3466.85,100
2232,11:25:54,$ 3466.97,163
2233,11:25:54,$ 3466.97,109
2234,11:25:54,$ 3467.03,100
2235,11:25:54,$ 3466.97,197
2236,11:25:54,$ 3466.97,302
2237,11:25:54,$ 3466.96,100
2238,11:25:54,$ 3466.88,100
2239,11:25:25,$ 3467.41,191
2240,11:25:25,$ 3467.41,127
2241,11:25:25,$ 3467.41,402
2242,11:25:25,$ 3466.89,100
2244,11:25:25,$ 3466.97,100
2245,11:25:25,$ 3466.99,100
2246,11:25:14,$ 3466.24,100
2247,11:24:54,$ 3467.42,100
2248,11:24:54,$ 3467.42,134
2249,11:24:52,$ 3467.43,296
2250,11:24:06,$ 3467.14,100
2251,11:22:27,$ 3466.32,127
2252,11:22:08,$ 3467.1484,250
2253,11:21:50,$ 3465.99,100
2254,11:21:38,$ 3466.515,100
2255,11:21:20,$ 3466.78,100
2256,11:20:44,$ 3465.31,100
2257,11:20:37,$ 3465.00,250
2258,11:19:53,$ 3463.225,116
2259,11:19:53,$ 3463.7885,316
2260,11:19:51,$ 3463.58,100
2261,11:19:25,$ 3464.5841,100
2262,11:19:15,$ 3465.00,100
2263,11:19:15,$ 3465.00,100
2265,11:19:15,$ 3465.00,295
2266,11:19:15,$ 3465.00,115
2267,11:19:15,$ 3465.00,380
2268,11:19:15,$ 3465.00,400
2269,11:19:15,$ 3465.00,100
2270,11:19:15,$ 3465.00,100
2271,11:19:15,$ 3465.00,100
2272,11:19:15,$ 3465.00,363
2273,11:19:15,$ 3465.00,100
2274,11:19:15,$ 3465.00,100
2275,11:19:15,$ 3465.01,100
2276,11:19:15,$ 3465.04,100
2277,11:19:15,$ 3465.05,100
2278,11:19:12,$ 3465.21,100
2279,11:19:11,$ 3465.30,100
2280,11:19:09,$ 3464.52,100
2281,11:19:03,$ 3465.31,106
2282,11:18:36,$ 3465.39,100
2283,11:18:31,$ 3464.995,100
2284,11:18:17,$ 3465.349,250
2286,11:17:57,$ 3465.81,100
2287,11:17:57,$ 3466.00,100
2288,11:17:50,$ 3466.515,100
2289,11:17:22,$ 3467.6899,100
2290,11:16:51,$ 3467.41,100
2291,11:16:45,$ 3467.915,400
2292,11:16:44,$ 3468.2237,150
2293,11:16:40,$ 3467.13,100
2294,11:16:32,$ 3467.06,100
2295,11:16:32,$ 3467.00,100
2296,11:16:32,$ 3467.00,100
2297,11:16:31,$ 3467.41,100
2298,11:16:29,$ 3466.97,100
2299,11:16:29,$ 3466.93,100
2300,11:16:29,$ 3467.22,100
2301,11:16:29,$ 3467.02,100
2302,11:16:29,$ 3467.01,100
2303,11:15:18,$ 3466.98,100
2304,11:15:08,$ 3466.79,100
2305,11:15:08,$ 3466.6228,150
2307,11:14:17,$ 3465.59,250
2308,11:13:58,$ 3466.23,100
2309,11:13:41,$ 3466.22,100
2310,11:12:48,$ 3467.1433,120
2311,11:12:16,$ 3468.00,100
2312,11:12:08,$ 3468.00,100
2313,11:12:08,$ 3468.00,100
2314,11:12:06,$ 3467.99,100
2315,11:11:55,$ 3467.755,100
2316,11:11:54,$ 3466.8632,500
2317,11:11:36,$ 3467.00,100
2318,11:11:36,$ 3467.191,200
2319,11:11:25,$ 3467.92,100
2320,11:11:25,$ 3468.00,100
2321,11:11:25,$ 3467.52,100
2322,11:11:15,$ 3467.1471,200
2323,11:11:14,$ 3467.48,100
2324,11:10:59,$ 3466.58,300
2325,11:10:17,$ 3465.015,100
2326,11:10:14,$ 3465.06,100
2328,11:10:10,$ 3465.38,100
2329,11:10:07,$ 3465.38,100
2330,11:10:02,$ 3465.87,100
2331,11:08:51,$ 3466.82,100
2332,11:08:17,$ 3466.635,100
2333,11:08:12,$ 3466.89,100
2334,11:08:00,$ 3466.93,200
2335,11:07:39,$ 3466.3498,200
2336,11:07:36,$ 3465.815,200
2337,11:07:09,$ 3466.99,100
2338,11:06:41,$ 3465.655,100
2339,11:06:29,$ 3466.36,100
2340,11:06:26,$ 3465.94,100
2341,11:05:48,$ 3465.59,100
2342,11:05:37,$ 3465.72,200
2343,11:05:30,$ 3464.62,100
2344,11:05:30,$ 3464.93,124
2345,11:05:30,$ 3464.93,252
2346,11:05:30,$ 3464.91,100
2347,11:05:30,$ 3464.93,147
2349,11:05:30,$ 3464.93,304
2350,11:05:30,$ 3464.99,100
2351,11:05:30,$ 3464.66,100
2352,11:05:30,$ 3464.93,100
2353,11:05:30,$ 3464.93,100
2354,11:05:30,$ 3464.93,100
2355,11:05:29,$ 3465.04,100
2356,11:05:28,$ 3465.7974,100
2357,11:05:12,$ 3465.62,100
2358,11:05:10,$ 3465.6199,195
2359,11:05:01,$ 3465.315,100
2360,11:05:01,$ 3465.315,400
2361,11:04:56,$ 3464.50,100
2362,11:04:56,$ 3464.48,100
2363,11:04:56,$ 3464.37,199
2364,11:04:33,$ 3464.76,100
2365,11:04:33,$ 3464.43,100
2366,11:04:18,$ 3464.44,100
2367,11:04:17,$ 3464.46,100
2368,11:04:17,$ 3464.51,100
2370,11:04:17,$ 3464.64,100
2371,11:04:15,$ 3465.79,200
2372,11:04:12,$ 3465.12,100
2373,11:04:02,$ 3465.36,100
2374,11:03:57,$ 3465.3762,200
2375,11:03:37,$ 3466.38,150
2376,11:03:14,$ 3466.56,100
2377,11:02:53,$ 3466.27,100
2378,11:02:49,$ 3466.9799,100
2379,11:02:45,$ 3467.00,100
2380,11:02:45,$ 3466.49,100
2381,11:02:45,$ 3466.29,100
2382,11:02:27,$ 3465.60,100
2383,11:02:13,$ 3464.29,100
2384,11:02:13,$ 3464.47,100
2385,11:02:12,$ 3464.885,100
2386,11:02:12,$ 3464.47,100
2387,11:01:43,$ 3464.44,100
2388,11:01:27,$ 3464.81,250
2389,11:01:09,$ 3464.39,100
2391,11:00:47,$ 3463.675,100
2392,11:00:46,$ 3464.18,200
2393,11:00:46,$ 3464.18,400
2394,11:00:41,$ 3464.8916,400
2395,11:00:41,$ 3463.59,100
2396,11:00:41,$ 3463.94,100
2397,11:00:41,$ 3463.92,300
2398,11:00:40,$ 3463.5901,120
2399,11:00:28,$ 3464.46,100
2400,11:00:28,$ 3464.49,100
2401,11:00:12,$ 3464.42,100
2402,11:00:12,$ 3464.42,100
2403,11:00:11,$ 3464.42,100
2404,11:00:11,$ 3463.60,100
2405,11:00:10,$ 3464.1736,400
2406,11:00:04,$ 3463.745,120
2407,11:00:01,$ 3463.19,100
2409,11:59:48,$ 3473.89,200
2410,11:59:20,$ 3473.05,100
2411,11:58:51,$ 3472.70,307
2412,11:58:13,$ 3472.2662,100
2413,11:58:05,$ 3472.38,100
2414,11:58:05,$ 3472.38,100
2415,11:58:05,$ 3472.38,100
2416,11:57:50,$ 3471.57,100
2417,11:57:50,$ 3471.77,100
2418,11:57:50,$ 3471.51,100
2419,11:57:18,$ 3471.77,100
2420,11:56:08,$ 3470.46,100
2421,11:55:46,$ 3471.13,100
2422,11:55:46,$ 3471.63,100
2423,11:55:42,$ 3470.05,100
2424,11:55:33,$ 3470.60,100
2425,11:55:22,$ 3469.99,100
2426,11:55:13,$ 3468.93,500
2427,11:54:50,$ 3469.28,100
2428,11:54:32,$ 3469.00,100
2430,11:54:22,$ 3469.36,100
2431,11:54:11,$ 3469.76,100
2432,11:54:11,$ 3470.14,100
2433,11:54:11,$ 3470.00,200
2434,11:54:11,$ 3470.21,100
2435,11:54:04,$ 3471.00,100
2436,11:53:55,$ 3471.515,100
2437,11:53:47,$ 3471.69,100
2438,11:53:44,$ 3472.25,575
2439,11:53:43,$ 3471.6955,100
2440,11:53:40,$ 3472.00,100
2441,11:53:40,$ 3472.4725,244
2442,11:53:40,$ 3471.82,100
2443,11:53:38,$ 3470.73,100
2444,11:53:38,$ 3470.79,100
2445,11:53:29,$ 3471.91,100
2446,11:53:29,$ 3471.99,100
2447,11:53:12,$ 3472.56,100
2448,11:53:10,$ 3472.965,100
2449,11:53:09,$ 3472.0101,100
2451,11:53:08,$ 3472.393,100
2452,11:53:08,$ 3472.24,100
2453,11:53:08,$ 3472.37,100
2454,11:53:08,$ 3472.14,200
2455,11:53:08,$ 3472.4293,100
2456,11:53:08,$ 3472.37,100
2457,11:53:08,$ 3472.37,100
2458,11:53:08,$ 3472.425,100
2459,11:53:08,$ 3472.35,100
2460,11:52:48,$ 3471.985,200
2461,11:52:47,$ 3472.00,100
2462,11:52:47,$ 3471.96,100
2463,11:52:47,$ 3472.725,100
2464,11:52:39,$ 3472.00,107
2465,11:52:29,$ 3473.7925,100
2466,11:52:29,$ 3473.62,100
2467,11:52:19,$ 3474.41,100
2468,11:51:59,$ 3474.5599,100
2469,11:51:56,$ 3474.57,100
2470,11:51:56,$ 3474.28,100
2472,11:51:46,$ 3473.835,200
2473,11:51:14,$ 3474.05,100
2474,11:50:25,$ 3472.92,100
2475,11:50:20,$ 3472.575,100
2476,11:50:12,$ 3473.26,100
2477,11:49:51,$ 3472.20,400
2478,11:49:36,$ 3472.91,100
2479,11:49:32,$ 3472.87,100
2480,11:48:47,$ 3472.00,100
2481,11:48:47,$ 3471.34,100
2482,11:48:32,$ 3471.32,100
2483,11:48:30,$ 3471.36,100
2484,11:48:30,$ 3471.34,100
2485,11:47:54,$ 3470.45,300
2486,11:47:54,$ 3471.02,200
2487,11:47:26,$ 3471.00,900
2488,11:47:26,$ 3471.02,100
2489,11:47:26,$ 3471.00,100
2490,11:47:25,$ 3471.03,100
2491,11:47:25,$ 3471.51,100
2493,11:46:55,$ 3473.01,100
2494,11:46:49,$ 3473.12,100
2495,11:46:49,$ 3472.5727,200
2496,11:46:36,$ 3473.27,100
2497,11:46:31,$ 3473.62,100
2498,11:46:16,$ 3473.3329,100
2499,11:46:03,$ 3474.1093,200
2500,11:46:03,$ 3474.00,100
2501,11:45:56,$ 3474.1203,100
2502,11:45:42,$ 3473.74,100
2503,11:45:36,$ 3474.3988,100
2504,11:45:08,$ 3474.64,300
2505,11:45:03,$ 3474.00,900
2506,11:44:56,$ 3473.69,100
2507,11:43:36,$ 3472.55,400
2508,11:43:15,$ 3472.86,100
2509,11:43:03,$ 3472.79,100
2510,11:42:50,$ 3472.51,100
2511,11:42:44,$ 3471.955,100
2512,11:42:08,$ 3471.695,200
2514,11:41:54,$ 3471.19,100
2515,11:41:54,$ 3472.18,100
2516,11:41:54,$ 3471.17,100
2517,11:41:54,$ 3471.16,100
2518,11:41:54,$ 3471.15,100
2519,11:41:54,$ 3472.54,100
2520,11:41:46,$ 3473.14,100
2521,11:41:46,$ 3473.14,100
2522,11:41:23,$ 3473.14,100
2523,11:40:59,$ 3472.25,100
2524,11:40:44,$ 3471.4521,100
2525,11:40:33,$ 3470.98,100
2526,11:39:58,$ 3470.75,100
2527,11:39:58,$ 3470.29,100
2528,11:39:42,$ 3471.08,100
2529,11:39:37,$ 3471.64,100
2530,11:39:09,$ 3472.49,100
2531,11:39:00,$ 3472.00,100
2532,11:39:00,$ 3472.21,100
2533,11:38:54,$ 3471.98,100
2535,11:38:52,$ 3471.3897,288
2536,11:38:50,$ 3471.8663,100
2537,11:38:40,$ 3471.70,100
2538,11:38:37,$ 3471.695,100
2539,11:38:37,$ 3471.695,200
2540,11:38:32,$ 3471.17,100
2541,11:38:32,$ 3470.84,100
2542,11:38:14,$ 3470.20,164
2543,11:38:14,$ 3470.16,100
2544,11:38:14,$ 3470.20,106
2545,11:38:12,$ 3469.24,100
2546,11:38:04,$ 3470.18,199
2547,11:38:03,$ 3469.4042,200
2548,11:37:42,$ 3468.865,100
2549,11:37:39,$ 3468.92,100
2550,11:37:29,$ 3468.28,100
2551,11:37:19,$ 3468.37,100
2552,11:37:10,$ 3467.84,100
2553,11:37:10,$ 3468.00,"1,000"
2554,11:35:34,$ 3467.85,100
2556,11:35:34,$ 3467.85,100
2557,11:35:09,$ 3467.28,100
2558,11:35:06,$ 3467.18,230
2559,11:35:06,$ 3467.18,116
2560,11:35:06,$ 3467.18,234
2561,11:35:06,$ 3467.18,108
2562,11:35:06,$ 3467.18,464
2563,11:35:06,$ 3467.18,346
2564,11:34:31,$ 3466.82,100
2565,11:34:31,$ 3466.43,100
2566,11:34:19,$ 3466.77,100
2567,11:33:51,$ 3467.52,100
2568,11:33:51,$ 3467.50,100
2569,11:33:51,$ 3467.51,101
2570,11:33:51,$ 3467.52,100
2571,11:33:50,$ 3467.42,100
2572,11:33:50,$ 3467.44,100
2573,11:33:50,$ 3467.52,133
2574,11:33:50,$ 3467.52,100
2575,11:33:46,$ 3468.045,100
2577,11:33:46,$ 3468.00,100
2578,11:31:55,$ 3468.38,210
2579,11:31:35,$ 3468.38,100
2581,12:29:45,$ 3462.28,100
2582,12:29:39,$ 3463.7999,100
2583,12:27:37,$ 3461.84,100
2584,12:27:37,$ 3461.84,100
2585,12:27:37,$ 3461.70,100
2586,12:27:37,$ 3461.70,200
2587,12:27:37,$ 3461.84,100
2588,12:27:00,$ 3462.40,200
2589,12:26:47,$ 3462.02,100
2590,12:26:47,$ 3462.02,100
2591,12:26:44,$ 3463.01,100
2592,12:25:54,$ 3463.42,100
2593,12:25:19,$ 3462.03,100
2594,12:24:49,$ 3462.89,100
2595,12:24:45,$ 3462.25,150
2596,12:24:31,$ 3462.41,100
2597,12:24:31,$ 3462.30,100
2598,12:24:27,$ 3463.37,219
2599,12:24:05,$ 3462.82,100
2600,12:23:58,$ 3463.70,100
2602,12:23:40,$ 3463.8853,248
2603,12:23:28,$ 3462.76,100
2604,12:23:28,$ 3462.27,100
2605,12:23:21,$ 3463.145,100
2606,12:23:21,$ 3463.23,100
2607,12:23:21,$ 3463.44,100
2608,12:23:21,$ 3463.23,100
2609,12:23:17,$ 3463.40,100
2610,12:23:17,$ 3463.55,100
2611,12:23:10,$ 3463.79,900
2612,12:23:08,$ 3464.20,100
2613,12:23:08,$ 3464.00,100
2614,12:22:59,$ 3463.28,100
2615,12:22:55,$ 3463.97,100
2616,12:22:55,$ 3465.06,100
2617,12:22:55,$ 3465.00,197
2618,12:22:55,$ 3465.00,253
2619,12:22:39,$ 3465.40,100
2620,12:21:43,$ 3465.42,150
2621,12:21:20,$ 3466.16,100
2623,12:20:28,$ 3466.00,200
2624,12:20:08,$ 3465.99,347
2625,12:20:05,$ 3466.25,100
2626,12:20:02,$ 3466.87,100
2627,12:19:21,$ 3466.04,100
2628,12:18:29,$ 3466.91,100
2629,12:18:29,$ 3466.7903,100
2630,12:18:16,$ 3466.92,100
2631,12:18:02,$ 3466.07,100
2632,12:18:02,$ 3466.02,100
2633,12:17:37,$ 3465.94,100
2634,12:16:37,$ 3467.39,100
2635,12:16:24,$ 3467.31,100
2636,12:16:23,$ 3467.40,100
2637,12:16:15,$ 3468.175,100
2638,12:16:10,$ 3468.32,100
2639,12:15:50,$ 3468.92,100
2640,12:15:50,$ 3468.92,100
2641,12:14:51,$ 3469.50,100
2642,12:14:41,$ 3469.335,100
2644,12:14:26,$ 3468.73,100
2645,12:14:26,$ 3468.80,100
2646,12:13:58,$ 3467.87,100
2647,12:13:54,$ 3468.17,100
2648,12:13:54,$ 3467.74,100
2649,12:13:54,$ 3468.66,100
2650,12:13:54,$ 3468.71,100
2651,12:13:53,$ 3468.015,100
2652,12:13:15,$ 3466.1902,160
2653,12:13:15,$ 3466.1902,217
2654,12:12:18,$ 3466.5529,121
2655,12:12:09,$ 3466.1501,500
2656,12:11:44,$ 3467.04,400
2657,12:11:32,$ 3467.14,150
2658,12:11:26,$ 3467.07,100
2659,12:11:05,$ 3466.96,131
2660,12:10:55,$ 3465.82,100
2661,12:10:52,$ 3465.82,175
2662,12:10:29,$ 3465.645,116
2663,12:10:29,$ 3465.645,115
2665,12:10:29,$ 3465.645,101
2666,12:10:29,$ 3465.65,101
2667,12:10:29,$ 3465.65,200
2668,12:10:29,$ 3465.645,101
2669,12:10:29,$ 3465.525,300
2670,12:10:25,$ 3466.10,100
2671,12:10:25,$ 3465.85,100
2672,12:10:25,$ 3465.81,100
2673,12:10:25,$ 3465.68,100
2674,12:10:12,$ 3466.635,100
2675,12:09:51,$ 3467.455,100
2676,12:09:48,$ 3467.475,100
2677,12:09:19,$ 3468.03,100
2678,12:09:17,$ 3468.035,100
2679,12:09:17,$ 3468.035,116
2680,12:09:15,$ 3469.1199,100
2681,12:09:11,$ 3468.10,116
2682,12:09:11,$ 3468.10,115
2683,12:09:11,$ 3468.10,116
2684,12:09:07,$ 3468.73,100
2686,12:09:07,$ 3468.80,100
2687,12:09:00,$ 3469.38,100
2688,12:08:40,$ 3469.39,100
2689,12:07:59,$ 3469.56,100
2690,12:07:58,$ 3469.61,100
2691,12:07:57,$ 3469.57,100
2692,12:07:57,$ 3468.89,100
2693,12:07:39,$ 3469.79,100
2694,12:07:27,$ 3470.41,100
2695,12:07:11,$ 3470.12,100
2696,12:07:10,$ 3470.4275,100
2697,12:07:05,$ 3470.46,100
2698,12:07:05,$ 3470.46,100
2699,12:06:09,$ 3470.59,100
2700,12:06:04,$ 3470.98,100
2701,12:06:00,$ 3470.81,100
2702,12:05:59,$ 3471.25,100
2703,12:05:27,$ 3472.00,100
2704,12:04:34,$ 3472.75,100
2705,12:04:00,$ 3472.32,100
2707,12:03:18,$ 3472.44,100
2708,12:03:01,$ 3472.8032,200
2709,12:02:27,$ 3472.32,125
2710,12:02:14,$ 3473.555,100
2711,12:02:06,$ 3474.42,100
2712,12:02:04,$ 3474.03,100
2713,12:01:56,$ 3473.65,100
2714,12:01:42,$ 3473.38,100
2715,12:01:12,$ 3472.40,100
2716,12:01:06,$ 3471.38,100
2717,12:00:43,$ 3472.48,100
2718,12:00:36,$ 3473.10,200
2719,12:00:36,$ 3473.11,100
2720,12:00:29,$ 3472.85,100
2721,12:00:17,$ 3473.64,100
2722,12:00:15,$ 3473.98,100
2723,12:00:15,$ 3473.98,100
2724,12:00:09,$ 3473.95,100
2725,12:00:05,$ 3473.805,102
2727,12:59:59,$ 3453.95,100
2728,12:59:22,$ 3455.00,226
2729,12:59:22,$ 3454.24,123
2730,12:59:07,$ 3452.99,195
2731,12:59:07,$ 3452.99,105
2732,12:59:06,$ 3452.03,123
2733,12:59:04,$ 3452.02,100
2734,12:59:04,$ 3451.62,100
2735,12:58:25,$ 3453.31,100
2736,12:57:39,$ 3454.43,100
2737,12:57:08,$ 3453.84,100
2738,12:57:00,$ 3454.52,100
2739,12:56:56,$ 3454.68,100
2740,12:56:56,$ 3454.67,100
2741,12:56:45,$ 3454.7243,100
2742,12:56:32,$ 3454.40,100
2743,12:56:32,$ 3454.53,100
2744,12:56:32,$ 3454.46,100
2745,12:56:32,$ 3454.46,100
2746,12:56:32,$ 3454.47,100
2748,12:56:32,$ 3454.82,100
2749,12:56:32,$ 3454.82,100
2750,12:56:30,$ 3454.29,100
2751,12:56:00,$ 3454.12,100
2752,12:55:53,$ 3453.685,120
2753,12:55:48,$ 3453.11,100
2754,12:55:48,$ 3453.01,100
2755,12:55:30,$ 3452.995,200
2756,12:55:20,$ 3453.43,100
2757,12:55:20,$ 3453.42,115
2758,12:55:20,$ 3453.86,100
2759,12:55:20,$ 3453.42,200
2760,12:55:19,$ 3453.5871,296
2761,12:55:19,$ 3454.10,100
2762,12:55:19,$ 3454.00,121
2763,12:55:19,$ 3454.00,361
2764,12:55:19,$ 3454.00,100
2765,12:55:19,$ 3454.00,102
2766,12:55:18,$ 3454.22,100
2767,12:55:11,$ 3455.00,103
2769,12:55:11,$ 3454.02,100
2770,12:55:11,$ 3453.72,100
2771,12:55:07,$ 3453.10,100
2772,12:54:21,$ 3452.5715,289
2773,12:54:21,$ 3453.02,100
2774,12:54:17,$ 3452.26,100
2775,12:54:17,$ 3452.40,100
2776,12:54:17,$ 3452.90,115
2777,12:54:17,$ 3452.26,100
2778,12:54:17,$ 3452.42,100
2779,12:54:17,$ 3452.62,100
2780,12:54:16,$ 3451.985,100
2781,12:54:12,$ 3451.985,355
2782,12:53:55,$ 3451.50,100
2783,12:53:20,$ 3451.065,100
2784,12:52:53,$ 3450.00,108
2785,12:52:51,$ 3450.44,100
2786,12:52:09,$ 3450.21,100
2787,12:52:04,$ 3450.44,100
2788,12:51:58,$ 3450.09,100
2790,12:51:58,$ 3450.24,100
2791,12:51:49,$ 3450.0601,100
2792,12:51:32,$ 3450.50,232
2793,12:51:20,$ 3450.55,100
2794,12:51:14,$ 3449.90,100
2795,12:51:03,$ 3450.125,100
2796,12:50:34,$ 3450.455,100
2797,12:50:26,$ 3450.2025,400
2798,12:50:23,$ 3449.55,100
2799,12:50:23,$ 3449.61,100
2800,12:50:17,$ 3449.84,138
2801,12:50:17,$ 3450.02,100
2802,12:50:17,$ 3450.01,102
2803,12:50:09,$ 3451.72,100
2804,12:50:01,$ 3452.065,100
2805,12:49:53,$ 3451.61,100
2806,12:49:03,$ 3452.5214,100
2807,12:49:03,$ 3452.90,100
2808,12:49:03,$ 3452.89,100
2809,12:49:02,$ 3453.445,100
2811,12:49:01,$ 3453.4383,150
2812,12:48:56,$ 3453.945,100
2813,12:48:17,$ 3453.28,100
2814,12:48:02,$ 3452.54,100
2815,12:48:02,$ 3452.40,100
2816,12:48:02,$ 3452.83,100
2817,12:47:51,$ 3451.918,289
2818,12:47:40,$ 3451.88,100
2819,12:47:28,$ 3452.09,100
2820,12:47:20,$ 3451.111,100
2821,12:47:08,$ 3451.03,100
2822,12:47:08,$ 3451.07,100
2823,12:47:06,$ 3451.21,100
2824,12:47:06,$ 3451.21,100
2825,12:47:06,$ 3451.20,100
2826,12:47:06,$ 3451.18,100
2827,12:46:59,$ 3452.87,100
2828,12:46:59,$ 3452.63,100
2829,12:46:53,$ 3452.93,100
2830,12:46:53,$ 3452.92,100
2832,12:46:53,$ 3452.91,100
2833,12:46:52,$ 3452.89,100
2834,12:46:40,$ 3452.78,100
2835,12:46:39,$ 3453.195,100
2836,12:46:32,$ 3453.305,272
2837,12:46:05,$ 3453.845,100
2838,12:45:56,$ 3452.84,100
2839,12:45:56,$ 3453.10,100
2840,12:45:56,$ 3453.11,100
2841,12:45:39,$ 3452.86,100
2842,12:45:37,$ 3452.86,196
2843,12:45:37,$ 3452.8501,200
2844,12:45:37,$ 3453.51,100
2845,12:45:28,$ 3453.91,100
2846,12:45:20,$ 3453.91,100
2847,12:45:16,$ 3454.12,100
2848,12:45:05,$ 3454.30,100
2849,12:45:01,$ 3453.20,100
2850,12:44:55,$ 3453.172,500
2851,12:44:54,$ 3452.56,100
2853,12:44:54,$ 3453.25,100
2854,12:44:18,$ 3452.97,100
2855,12:44:18,$ 3452.98,100
2856,12:44:14,$ 3451.71,250
2857,12:44:04,$ 3452.82,100
2858,12:43:57,$ 3452.75,100
2859,12:43:57,$ 3452.81,300
2860,12:43:57,$ 3452.80,100
2861,12:43:57,$ 3452.755,100
2862,12:43:53,$ 3453.51,100
2863,12:43:53,$ 3452.82,100
2864,12:43:53,$ 3452.81,100
2865,12:43:53,$ 3452.80,100
2866,12:43:53,$ 3452.80,100
2867,12:43:53,$ 3453.14,100
2868,12:43:16,$ 3454.75,100
2869,12:43:03,$ 3454.75,100
2870,12:43:00,$ 3454.75,100
2871,12:42:59,$ 3454.82,100
2872,12:42:31,$ 3455.94,100
2874,12:42:30,$ 3456.46,100
2875,12:42:30,$ 3456.44,200
2876,12:42:26,$ 3456.19,100
2877,12:42:26,$ 3456.11,100
2878,12:42:26,$ 3456.62,100
2879,12:42:26,$ 3456.19,100
2880,12:42:26,$ 3456.20,100
2881,12:42:24,$ 3455.43,100
2882,12:42:24,$ 3455.03,100
2883,12:42:24,$ 3455.05,100
2884,12:42:22,$ 3455.02,100
2885,12:41:58,$ 3453.39,100
2886,12:41:58,$ 3453.89,100
2887,12:41:52,$ 3453.94,100
2888,12:41:44,$ 3453.55,100
2889,12:41:44,$ 3453.17,200
2890,12:41:33,$ 3453.41,100
2891,12:41:33,$ 3453.91,100
2892,12:41:33,$ 3453.72,100
2893,12:41:21,$ 3454.07,100
2895,12:40:56,$ 3453.665,100
2896,12:40:56,$ 3454.22,100
2897,12:40:53,$ 3453.46,100
2898,12:40:52,$ 3454.34,100
2899,12:40:46,$ 3455.07,100
2900,12:40:46,$ 3455.07,100
2901,12:40:42,$ 3455.7738,154
2902,12:40:32,$ 3457.10,100
2903,12:40:17,$ 3457.01,100
2904,12:40:15,$ 3458.01,173
2905,12:40:10,$ 3457.02,115
2906,12:40:03,$ 3458.00,100
2907,12:39:50,$ 3458.23,100
2908,12:39:49,$ 3458.17,100
2909,12:39:35,$ 3458.77,126
2910,12:39:32,$ 3458.405,100
2911,12:39:32,$ 3459.51,100
2912,12:38:58,$ 3460.02,100
2913,12:38:58,$ 3460.11,100
2914,12:38:31,$ 3460.82,100
2916,12:38:31,$ 3460.69,100
2917,12:38:21,$ 3461.27,100
2918,12:38:11,$ 3461.175,100
2919,12:38:01,$ 3461.605,100
2920,12:37:57,$ 3461.05,100
2921,12:37:56,$ 3461.05,300
2922,12:37:50,$ 3460.89,100
2923,12:36:27,$ 3461.655,100
2924,12:36:27,$ 3461.30,150
2925,12:35:48,$ 3461.52,100
2926,12:35:21,$ 3461.37,100
2927,12:35:05,$ 3460.715,100
2928,12:35:03,$ 3460.825,100
2929,12:34:50,$ 3460.825,100
2930,12:34:46,$ 3460.5161,500
2931,12:34:45,$ 3461.37,200
2932,12:34:45,$ 3461.355,100
2933,12:34:45,$ 3461.335,200
2934,12:33:55,$ 3461.3516,100
2935,12:33:53,$ 3460.915,129
2937,12:33:39,$ 3460.915,100
2938,12:33:04,$ 3460.64,100
2939,12:33:00,$ 3461.145,200
2940,12:32:55,$ 3461.65,100
2941,12:32:36,$ 3461.76,100
2942,12:32:36,$ 3461.76,100
2943,12:32:36,$ 3461.75,100
2944,12:31:25,$ 3461.45,100
2945,12:31:15,$ 3461.23,100
2946,12:31:14,$ 3461.24,200
2947,12:31:14,$ 3460.675,100
2948,12:31:12,$ 3460.69,100
2949,12:31:04,$ 3461.17,100
2950,12:31:04,$ 3461.16,137
2951,12:30:45,$ 3461.775,200
2953,13:29:00,$ 3451.76,100
2954,13:28:28,$ 3452.30,100
2955,13:28:28,$ 3452.30,100
2956,13:28:27,$ 3453.097,100
2957,13:28:27,$ 3453.07,100
2958,13:28:27,$ 3453.12,100
2959,13:28:27,$ 3453.12,100
2960,13:28:27,$ 3453.19,100
2961,13:28:27,$ 3453.22,100
2962,13:28:08,$ 3452.92,100
2963,13:27:30,$ 3453.5225,150
2964,13:26:52,$ 3453.85,100
2965,13:26:26,$ 3452.81,100
2966,13:26:22,$ 3453.6199,187
2967,13:25:36,$ 3453.16,100
2968,13:25:31,$ 3453.1045,100
2969,13:25:29,$ 3452.65,100
2970,13:25:10,$ 3453.16,101
2971,13:24:39,$ 3454.75,100
2972,13:24:24,$ 3454.3793,100
2974,13:24:21,$ 3454.54,100
2975,13:24:16,$ 3453.92,200
2976,13:24:15,$ 3453.81,100
2977,13:24:11,$ 3453.05,100
2978,13:23:28,$ 3453.08,100
2979,13:23:28,$ 3452.67,100
2980,13:23:28,$ 3452.42,100
2981,13:23:28,$ 3453.06,286
2982,13:23:28,$ 3453.06,100
2983,13:23:28,$ 3453.06,106
2984,13:23:28,$ 3453.01,100
2985,13:23:20,$ 3453.705,100
2986,13:21:13,$ 3452.9233,100
2987,13:21:10,$ 3453.64,100
2988,13:21:10,$ 3453.82,100
2989,13:21:07,$ 3453.82,100
2990,13:21:07,$ 3453.82,100
2991,13:21:00,$ 3453.27,100
2992,13:20:27,$ 3453.04,100
2993,13:20:00,$ 3451.88,100
2995,13:20:00,$ 3451.65,200
2996,13:19:55,$ 3451.585,100
2997,13:19:55,$ 3451.80,100
2998,13:18:52,$ 3452.3868,100
2999,13:18:39,$ 3452.04,100
3000,13:18:10,$ 3451.585,100
3001,13:17:24,$ 3451.395,100
3002,13:17:05,$ 3451.06,100
3003,13:16:49,$ 3451.8717,100
3004,13:16:38,$ 3451.585,100
3005,13:16:21,$ 3451.59,100
3006,13:16:04,$ 3451.59,100
3007,13:16:03,$ 3451.59,100
3008,13:15:49,$ 3451.9999,100
3009,13:15:46,$ 3451.11,100
3010,13:15:38,$ 3450.36,100
3011,13:15:38,$ 3450.00,100
3012,13:15:33,$ 3449.94,100
3013,13:15:31,$ 3449.945,100
3014,13:14:56,$ 3449.8625,400
3016,13:14:52,$ 3450.34,100
3017,13:14:44,$ 3451.1099,100
3018,13:14:42,$ 3450.18,100
3019,13:13:58,$ 3449.64,200
3020,13:13:33,$ 3449.58,100
3021,13:13:27,$ 3449.1198,100
3022,13:13:23,$ 3449.37,100
3023,13:13:19,$ 3449.01,100
3024,13:12:48,$ 3450.00,200
3025,13:12:12,$ 3449.11,100
3026,13:12:11,$ 3449.00,100
3027,13:12:11,$ 3448.91,100
3028,13:12:11,$ 3448.99,100
3029,13:12:11,$ 3448.95,100
3030,13:12:11,$ 3449.00,100
3031,13:12:11,$ 3449.02,100
3032,13:12:11,$ 3448.94,100
3033,13:12:04,$ 3449.13,100
3034,13:11:54,$ 3448.35,100
3035,13:11:54,$ 3449.13,100
3037,13:11:37,$ 3448.665,200
3038,13:11:17,$ 3447.3497,313
3039,13:10:49,$ 3446.937,500
3040,13:10:48,$ 3447.46,100
3041,13:10:46,$ 3447.35,152
3042,13:10:46,$ 3447.36,100
3043,13:10:46,$ 3447.37,100
3044,13:10:46,$ 3447.54,100
3045,13:10:46,$ 3447.51,100
3046,13:10:45,$ 3447.71,100
3047,13:10:39,$ 3445.297,400
3048,13:10:33,$ 3447.22,100
3049,13:10:22,$ 3445.62,100
3050,13:10:09,$ 3447.267,383
3051,13:10:09,$ 3447.267,117
3052,13:09:20,$ 3447.3688,215
3053,13:09:20,$ 3447.3688,101
3054,13:09:06,$ 3447.505,100
3055,13:08:38,$ 3446.75,100
3056,13:08:38,$ 3446.76,150
3058,13:08:22,$ 3447.07,100
3059,13:08:20,$ 3446.96,100
3060,13:08:19,$ 3446.66,100
3061,13:08:19,$ 3446.96,138
3062,13:08:19,$ 3446.01,100
3063,13:08:19,$ 3446.00,138
3064,13:08:18,$ 3446.485,100
3065,13:08:13,$ 3446.60,155
3066,13:08:03,$ 3447.39,100
3067,13:07:58,$ 3446.23,100
3068,13:07:15,$ 3446.38,100
3069,13:06:56,$ 3446.765,100
3070,13:06:55,$ 3446.79,100
3071,13:06:53,$ 3446.37,393
3072,13:06:17,$ 3447.065,100
3073,13:06:02,$ 3445.01,300
3074,13:05:59,$ 3447.00,100
3075,13:05:58,$ 3447.255,400
3076,13:05:56,$ 3447.07,200
3077,13:05:56,$ 3447.075,100
3079,13:05:56,$ 3447.075,100
3080,13:05:56,$ 3447.075,100
3081,13:05:56,$ 3447.075,100
3082,13:05:55,$ 3446.89,100
3083,13:05:52,$ 3447.7999,100
3084,13:05:51,$ 3447.89,100
3085,13:05:51,$ 3447.80,100
3086,13:05:51,$ 3447.94,100
3087,13:05:51,$ 3446.93,100
3088,13:05:50,$ 3448.1325,137
3089,13:05:49,$ 3448.02,100
3090,13:05:45,$ 3449.02,100
3091,13:05:26,$ 3448.49,100
3092,13:05:21,$ 3448.65,100
3093,13:05:21,$ 3448.14,179
3094,13:05:21,$ 3448.70,100
3095,13:04:54,$ 3449.73,100
3096,13:04:36,$ 3449.77,100
3097,13:04:36,$ 3449.78,100
3098,13:04:36,$ 3449.79,100
3100,13:04:19,$ 3452.3986,100
3101,13:04:16,$ 3451.285,200
3102,13:03:55,$ 3451.96,100
3103,13:03:55,$ 3451.96,100
3104,13:03:55,$ 3451.96,100
3105,13:03:55,$ 3452.00,100
3106,13:03:55,$ 3452.20,100
3107,13:03:42,$ 3453.23,100
3108,13:03:22,$ 3454.06,100
3109,13:03:09,$ 3454.00,100
3110,13:03:02,$ 3454.3123,131
3111,13:02:55,$ 3453.8566,497
3112,13:02:48,$ 3454.24,100
3113,13:02:39,$ 3453.79,100
3114,13:01:46,$ 3454.12,100
3115,13:01:31,$ 3453.60,100
3116,13:01:28,$ 3453.88,100
3117,13:01:25,$ 3454.878,229
3118,13:00:56,$ 3455.16,100
3119,13:00:56,$ 3454.90,100
3121,13:00:42,$ 3455.6984,500
3122,13:00:41,$ 3454.48,100
3124,13:59:27,$ 3451.2387,102
3125,13:58:03,$ 3453.08,200
3126,13:57:31,$ 3453.345,100
3127,13:56:55,$ 3454.25,100
3128,13:56:41,$ 3453.43,100
3129,13:56:39,$ 3452.72,478
3130,13:56:26,$ 3455.44,100
3131,13:56:07,$ 3455.79,100
3132,13:56:07,$ 3455.79,100
3133,13:56:05,$ 3455.72,100
3134,13:56:04,$ 3455.44,100
3135,13:56:04,$ 3455.36,100
3136,13:54:43,$ 3454.65,100
3137,13:54:22,$ 3455.45,100
3138,13:54:22,$ 3455.71,100
3139,13:54:06,$ 3455.9798,100
3140,13:53:36,$ 3456.765,100
3141,13:53:35,$ 3456.74,100
3142,13:53:29,$ 3455.2848,166
3143,13:53:25,$ 3456.295,100
3145,13:53:17,$ 3455.98,100
3146,13:53:05,$ 3456.19,100
3147,13:52:40,$ 3455.86,100
3148,13:52:26,$ 3456.30,100
3149,13:52:26,$ 3456.1404,100
3150,13:52:23,$ 3456.80,100
3151,13:52:23,$ 3456.41,100
3152,13:52:23,$ 3456.41,299
3153,13:52:09,$ 3456.4399,135
3154,13:52:03,$ 3456.47,100
3155,13:52:02,$ 3455.99,100
3156,13:51:57,$ 3455.8129,100
3157,13:51:51,$ 3455.99,100
3158,13:51:51,$ 3455.97,100
3159,13:51:51,$ 3454.87,100
3160,13:51:51,$ 3454.98,100
3161,13:51:51,$ 3454.99,100
3162,13:51:51,$ 3455.41,100
3163,13:51:51,$ 3454.95,100
3164,13:50:47,$ 3453.99,100
3166,13:50:22,$ 3453.5477,100
3167,13:50:13,$ 3453.91,100
3168,13:50:13,$ 3454.00,100
3169,13:49:54,$ 3453.93,100
3170,13:48:25,$ 3454.8225,100
3171,13:48:25,$ 3454.66,100
3172,13:48:25,$ 3454.88,100
3173,13:47:52,$ 3454.92,100
3174,13:46:46,$ 3455.45,100
3175,13:46:42,$ 3454.7443,500
3176,13:46:31,$ 3454.97,100
3177,13:45:05,$ 3455.42,100
3178,13:45:05,$ 3455.27,100
3179,13:44:52,$ 3455.92,100
3180,13:44:06,$ 3455.2335,429
3181,13:43:44,$ 3454.48,100
3182,13:43:41,$ 3455.1475,400
3183,13:43:31,$ 3455.25,100
3184,13:43:22,$ 3454.653,484
3185,13:43:17,$ 3454.49,100
3187,13:43:17,$ 3454.50,100
3188,13:43:15,$ 3454.02,100
3189,13:43:15,$ 3454.1575,100
3190,13:43:15,$ 3454.175,100
3191,13:43:15,$ 3453.64,100
3192,13:43:13,$ 3454.22,100
3193,13:43:13,$ 3453.725,100
3194,13:43:13,$ 3453.72,100
3195,13:43:10,$ 3453.885,100
3196,13:43:10,$ 3453.57,100
3197,13:42:05,$ 3452.335,100
3198,13:39:55,$ 3452.32,100
3199,13:38:41,$ 3452.995,100
3200,13:38:08,$ 3451.87,188
3201,13:38:02,$ 3450.91,100
3202,13:37:21,$ 3452.39,100
3203,13:36:50,$ 3451.00,100
3204,13:36:50,$ 3451.00,100
3205,13:36:50,$ 3451.00,115
3206,13:36:50,$ 3451.00,100
3208,13:36:40,$ 3450.74,100
3209,13:36:37,$ 3451.52,100
3210,13:36:31,$ 3451.13,122
3211,13:36:31,$ 3451.2926,132
3212,13:36:06,$ 3450.00,100
3213,13:34:57,$ 3448.91,100
3214,13:34:40,$ 3449.93,100
3215,13:34:38,$ 3451.2068,100
3216,13:34:11,$ 3450.07,100
3217,13:33:35,$ 3449.6893,100
3218,13:33:20,$ 3448.606,112
3219,13:33:20,$ 3448.96,100
3220,13:33:20,$ 3448.92,100
3221,13:33:20,$ 3449.305,100
3222,13:33:06,$ 3449.24,100
3223,13:32:53,$ 3449.285,100
3224,13:32:29,$ 3448.61,100
3225,13:32:15,$ 3448.5477,215
3226,13:31:34,$ 3449.63,100
3227,13:31:33,$ 3449.03,187
3229,13:31:20,$ 3449.47,100
3230,13:31:09,$ 3449.0523,120
3231,13:30:56,$ 3449.395,200
3232,13:30:45,$ 3448.41,100
3233,13:30:44,$ 3448.40,100
3234,13:30:44,$ 3448.42,100
3235,13:30:44,$ 3448.41,100
3236,13:30:44,$ 3448.55,100
3237,13:30:41,$ 3448.7124,100
3238,13:30:41,$ 3448.7001,400
3239,13:30:17,$ 3450.89,100
3240,13:30:14,$ 3450.90,100
3241,13:30:03,$ 3450.91,100
3242,13:30:01,$ 3451.07,100
3244,14:29:36,$ 3447.115,100
3245,14:29:22,$ 3447.1641,450
3246,14:29:07,$ 3447.54,100
3247,14:28:29,$ 3446.66,100
3248,14:28:11,$ 3446.43,100
3249,14:28:10,$ 3446.43,100
3250,14:28:03,$ 3446.095,440
3251,14:28:02,$ 3446.08,100
3252,14:27:58,$ 3446.045,100
3253,14:27:49,$ 3445.745,100
3254,14:27:24,$ 3445.89,100
3255,14:27:22,$ 3445.88,110
3256,14:27:22,$ 3445.576,110
3257,14:27:22,$ 3445.576,383
3258,14:27:22,$ 3445.576,375
3259,14:26:55,$ 3445.95,100
3260,14:26:11,$ 3447.0625,100
3261,14:26:06,$ 3447.035,100
3262,14:24:37,$ 3448.27,200
3263,14:24:23,$ 3447.7701,100
3265,14:24:04,$ 3447.195,100
3266,14:23:57,$ 3447.25,100
3267,14:23:41,$ 3446.90,100
3268,14:23:32,$ 3446.8639,100
3269,14:22:48,$ 3446.43,100
3270,14:22:48,$ 3446.89,200
3271,14:22:48,$ 3446.89,100
3272,14:22:45,$ 3446.81,100
3273,14:21:47,$ 3447.48,282
3274,14:21:40,$ 3448.23,100
3275,14:21:09,$ 3447.165,100
3276,14:21:03,$ 3446.95,100
3277,14:21:03,$ 3446.40,100
3278,14:21:01,$ 3446.135,100
3279,14:20:47,$ 3444.40,100
3280,14:20:27,$ 3444.305,100
3281,14:20:27,$ 3445.00,200
3282,14:20:27,$ 3445.00,100
3283,14:20:27,$ 3445.00,120
3284,14:20:26,$ 3445.03,100
3286,14:20:26,$ 3445.03,100
3287,14:20:26,$ 3445.02,100
3288,14:20:26,$ 3445.03,100
3289,14:20:26,$ 3445.355,100
3290,14:20:26,$ 3445.27,100
3291,14:20:26,$ 3445.06,100
3292,14:20:26,$ 3445.06,100
3293,14:20:17,$ 3446.00,100
3294,14:19:36,$ 3446.99,100
3295,14:19:27,$ 3447.79,300
3296,14:19:27,$ 3448.20,100
3297,14:18:35,$ 3449.19,100
3298,14:18:34,$ 3449.46,"1,800"
3299,14:18:22,$ 3451.0264,100
3300,14:18:13,$ 3450.62,100
3301,14:18:02,$ 3451.74,100
3302,14:17:59,$ 3451.81,100
3303,14:17:36,$ 3451.3125,250
3304,14:17:28,$ 3452.275,200
3305,14:17:26,$ 3452.28,100
3307,14:17:26,$ 3452.28,100
3308,14:16:44,$ 3450.62,100
3309,14:16:33,$ 3450.97,100
3310,14:14:03,$ 3452.85,100
3311,14:14:02,$ 3453.58,100
3312,14:14:00,$ 3453.42,100
3313,14:13:59,$ 3453.80,100
3314,14:13:58,$ 3453.40,100
3315,14:13:57,$ 3453.72,100
3316,14:13:52,$ 3453.72,200
3317,14:13:51,$ 3453.37,100
3318,14:13:51,$ 3453.55,100
3319,14:13:31,$ 3453.335,100
3320,14:13:28,$ 3454.06,100
3321,14:13:27,$ 3453.33,100
3322,14:12:40,$ 3451.89,100
3323,14:12:40,$ 3451.91,100
3324,14:11:26,$ 3451.66,100
3325,14:11:26,$ 3451.66,100
3326,14:10:26,$ 3451.915,100
3328,14:09:53,$ 3452.205,100
3329,14:09:21,$ 3451.33,205
3330,14:09:10,$ 3452.00,107
3331,14:08:54,$ 3451.94,100
3332,14:08:54,$ 3452.25,101
3333,14:08:54,$ 3451.93,100
3334,14:08:46,$ 3451.445,100
3335,14:08:25,$ 3452.595,100
3336,14:08:13,$ 3452.5775,100
3337,14:07:17,$ 3454.42,500
3338,14:07:13,$ 3453.71,118
3339,14:06:37,$ 3454.8325,100
3340,14:06:36,$ 3454.50,100
3341,14:06:34,$ 3455.09,100
3342,14:06:08,$ 3455.235,100
3343,14:06:06,$ 3455.00,100
3344,14:06:06,$ 3455.00,100
3345,14:06:06,$ 3455.00,100
3346,14:06:01,$ 3454.0644,100
3347,14:06:00,$ 3453.65,100
3349,14:06:00,$ 3454.08,100
3350,14:03:39,$ 3452.4001,497
3351,14:03:05,$ 3452.76,100
3352,14:01:33,$ 3453.11,100
3353,14:01:30,$ 3453.99,100
3354,14:01:03,$ 3453.315,100
3355,14:00:33,$ 3451.93,150
3356,14:00:07,$ 3452.66,100
3358,14:59:59,$ 3448.00,100
3359,14:59:55,$ 3448.375,100
3360,14:59:39,$ 3448.28,100
3361,14:59:25,$ 3448.14,100
3362,14:59:09,$ 3447.47,100
3363,14:59:06,$ 3448.14,100
3364,14:59:05,$ 3448.05,100
3365,14:59:05,$ 3448.495,100
3366,14:59:05,$ 3448.22,100
3367,14:59:05,$ 3447.86,100
3368,14:58:52,$ 3448.34,100
3369,14:58:44,$ 3449.00,100
3370,14:58:36,$ 3448.72,100
3371,14:58:36,$ 3448.75,100
3372,14:58:36,$ 3448.75,100
3373,14:58:22,$ 3448.17,100
3374,14:58:16,$ 3447.1496,787
3375,14:58:16,$ 3447.1496,158
3376,14:58:01,$ 3446.96,100
3377,14:56:38,$ 3446.04,100
3379,14:56:38,$ 3446.04,100
3380,14:56:28,$ 3446.42,100
3381,14:56:21,$ 3447.245,100
3382,14:56:21,$ 3447.245,100
3383,14:56:21,$ 3445.3491,100
3384,14:56:13,$ 3444.945,100
3385,14:56:11,$ 3444.28,225
3386,14:55:51,$ 3444.385,100
3387,14:55:45,$ 3444.22,100
3388,14:55:42,$ 3444.195,200
3389,14:55:34,$ 3444.02,103
3390,14:54:48,$ 3442.6938,180
3391,14:54:43,$ 3441.70,100
3392,14:54:42,$ 3441.675,100
3393,14:54:42,$ 3441.655,100
3394,14:54:39,$ 3441.7419,100
3395,14:54:34,$ 3441.315,100
3396,14:54:34,$ 3441.415,100
3397,14:54:25,$ 3442.01,100
3398,14:54:15,$ 3442.88,100
3400,14:54:15,$ 3442.54,100
3401,14:53:44,$ 3441.89,100
3402,14:53:25,$ 3440.93,100
3403,14:53:15,$ 3440.89,100
3404,14:52:44,$ 3441.10,161
3405,14:52:26,$ 3441.325,100
3406,14:52:24,$ 3440.7601,300
3407,14:52:17,$ 3441.60,100
3408,14:52:17,$ 3440.91,100
3409,14:52:07,$ 3441.76,100
3410,14:52:01,$ 3441.00,300
3411,14:52:01,$ 3441.00,100
3412,14:51:58,$ 3440.975,100
3413,14:51:57,$ 3440.0601,150
3414,14:51:56,$ 3440.52,100
3415,14:51:55,$ 3440.53,100
3416,14:51:41,$ 3439.9367,214
3417,14:51:40,$ 3439.485,100
3418,14:51:40,$ 3439.485,100
3419,14:51:31,$ 3438.42,100
3421,14:51:27,$ 3438.06,100
3422,14:50:58,$ 3438.21,100
3423,14:50:58,$ 3438.43,100
3424,14:50:58,$ 3438.74,100
3425,14:50:58,$ 3438.75,100
3426,14:50:58,$ 3438.74,100
3427,14:50:58,$ 3438.70,100
3428,14:50:58,$ 3438.74,100
3429,14:50:58,$ 3438.79,100
3430,14:50:58,$ 3439.61,100
3431,14:50:57,$ 3439.91,100
3432,14:50:57,$ 3439.92,100
3433,14:50:57,$ 3440.17,100
3434,14:50:57,$ 3440.17,100
3435,14:50:57,$ 3440.15,100
3436,14:50:57,$ 3440.34,100
3437,14:50:49,$ 3440.64,150
3438,14:50:47,$ 3440.15,100
3439,14:50:45,$ 3440.15,100
3440,14:50:44,$ 3440.17,100
3442,14:50:31,$ 3439.59,100
3443,14:50:20,$ 3440.76,100
3444,14:50:20,$ 3440.76,100
3445,14:50:14,$ 3441.06,100
3446,14:50:14,$ 3441.07,100
3447,14:50:07,$ 3441.05,100
3448,14:50:02,$ 3442.0384,130
3449,14:49:33,$ 3442.17,100
3450,14:48:25,$ 3444.5899,100
3451,14:48:24,$ 3444.4718,200
3452,14:47:05,$ 3444.99,250
3453,14:47:03,$ 3445.25,100
3454,14:47:00,$ 3445.34,100
3455,14:46:33,$ 3443.78,100
3456,14:46:33,$ 3443.78,100
3457,14:46:33,$ 3443.28,200
3458,14:46:33,$ 3443.28,100
3459,14:46:05,$ 3442.575,100
3460,14:45:58,$ 3441.7026,113
3461,14:45:37,$ 3442.11,100
3463,14:45:35,$ 3441.94,139
3464,14:45:06,$ 3443.7027,100
3465,14:44:33,$ 3441.94,107
3466,14:44:02,$ 3442.655,100
3467,14:43:38,$ 3442.001,147
3468,14:42:41,$ 3442.3265,100
3469,14:42:29,$ 3442.715,300
3470,14:42:27,$ 3443.605,100
3471,14:42:07,$ 3442.05,200
3472,14:41:38,$ 3440.68,100
3473,14:41:16,$ 3440.826,100
3474,14:41:16,$ 3441.225,761
3475,14:41:15,$ 3441.56,100
3476,14:41:14,$ 3442.7999,497
3477,14:41:13,$ 3441.65,100
3478,14:40:44,$ 3441.72,100
3479,14:40:42,$ 3441.715,100
3480,14:40:35,$ 3441.525,100
3481,14:40:20,$ 3440.5789,100
3482,14:40:16,$ 3440.178,171
3484,14:40:16,$ 3440.178,215
3485,14:40:16,$ 3440.178,114
3486,14:40:14,$ 3440.1686,100
3487,14:40:10,$ 3439.955,"1,800"
3488,14:40:02,$ 3440.15,100
3489,14:39:46,$ 3440.59,100
3490,14:39:44,$ 3440.00,150
3491,14:39:40,$ 3440.77,100
3492,14:39:09,$ 3441.478,100
3493,14:38:43,$ 3442.335,100
3494,14:38:33,$ 3442.495,116
3495,14:38:23,$ 3441.00,100
3496,14:38:19,$ 3441.17,100
3497,14:38:19,$ 3441.17,100
3498,14:38:19,$ 3441.22,100
3499,14:38:19,$ 3441.22,100
3500,14:38:08,$ 3440.31,100
3501,14:38:08,$ 3440.30,100
3502,14:38:03,$ 3440.13,100
3503,14:37:53,$ 3438.83,100
3505,14:37:50,$ 3438.43,100
3506,14:37:48,$ 3438.5785,100
3507,14:37:46,$ 3438.62,100
3508,14:37:43,$ 3438.58,100
3509,14:37:37,$ 3437.7104,651
3510,14:37:37,$ 3437.7104,383
3511,14:37:37,$ 3437.7104,320
3512,14:37:37,$ 3438.15,100
3513,14:37:37,$ 3438.09,100
3514,14:37:37,$ 3438.09,100
3515,14:37:37,$ 3438.37,100
3516,14:37:37,$ 3438.43,100
3517,14:37:37,$ 3438.59,100
3518,14:37:37,$ 3438.68,100
3519,14:37:37,$ 3439.00,100
3520,14:37:37,$ 3439.00,220
3521,14:37:37,$ 3439.34,100
3522,14:37:37,$ 3439.86,400
3523,14:37:37,$ 3440.31,100
3524,14:37:17,$ 3440.91,100
3526,14:36:36,$ 3442.213,100
3527,14:36:23,$ 3440.31,100
3528,14:36:23,$ 3440.2904,100
3529,14:36:03,$ 3441.80,100
3530,14:36:03,$ 3441.2816,137
3531,14:36:03,$ 3441.74,100
3532,14:36:03,$ 3441.85,100
3533,14:35:32,$ 3441.6499,100
3534,14:35:04,$ 3440.95,100
3535,14:35:03,$ 3441.02,100
3536,14:34:58,$ 3441.14,150
3537,14:34:30,$ 3442.1347,450
3538,14:34:27,$ 3442.00,100
3539,14:34:27,$ 3441.97,100
3540,14:34:27,$ 3442.01,160
3541,14:34:20,$ 3442.00,100
3542,14:34:20,$ 3442.34,100
3543,14:34:09,$ 3442.6808,100
3544,14:34:06,$ 3442.00,600
3545,14:34:06,$ 3442.00,"1,100"
3547,14:34:06,$ 3442.00,"1,787"
3548,14:34:03,$ 3443.16,100
3549,14:34:03,$ 3442.7604,100
3550,14:34:03,$ 3442.76,100
3551,14:34:03,$ 3442.7704,100
3552,14:34:02,$ 3442.8204,100
3553,14:34:02,$ 3442.76,100
3554,14:34:01,$ 3443.00,100
3555,14:34:01,$ 3443.00,100
3556,14:33:59,$ 3443.415,100
3557,14:33:58,$ 3443.415,100
3558,14:33:58,$ 3443.01,100
3559,14:33:58,$ 3443.33,100
3560,14:33:58,$ 3443.32,100
3561,14:33:57,$ 3443.37,100
3562,14:33:55,$ 3443.92,100
3563,14:33:51,$ 3444.3875,100
3564,14:33:51,$ 3443.52,100
3565,14:33:51,$ 3443.52,100
3566,14:33:51,$ 3443.44,188
3568,14:33:51,$ 3443.48,100
3569,14:33:51,$ 3443.44,100
3570,14:33:51,$ 3443.97,100
3571,14:33:51,$ 3444.3975,100
3572,14:33:51,$ 3444.355,100
3573,14:33:51,$ 3444.40,100
3574,14:33:14,$ 3444.92,100
3575,14:32:53,$ 3443.20,100
3576,14:32:37,$ 3443.5201,100
3577,14:31:57,$ 3445.34,100
3578,14:31:57,$ 3445.46,100
3579,14:31:57,$ 3445.00,100
3580,14:31:52,$ 3445.45,100
3581,14:31:52,$ 3445.39,100
3582,14:31:50,$ 3445.00,113
3583,14:31:50,$ 3445.00,100
3584,14:31:27,$ 3446.8788,100
3585,14:30:50,$ 3445.4799,100
3586,14:30:44,$ 3444.20,100
3587,14:30:41,$ 3443.73,184
3589,14:30:40,$ 3444.24,100
3590,14:30:22,$ 3445.0001,100
3591,14:30:09,$ 3446.36,100
3592,14:30:09,$ 3446.13,100
3593,14:30:09,$ 3446.12,100
3595,15:29:43,$ 3443.04,100
3596,15:29:25,$ 3443.55,100
3597,15:29:25,$ 3443.53,100
3598,15:29:25,$ 3443.50,590
3599,15:29:07,$ 3444.33,100
3600,15:28:34,$ 3444.12,100
3601,15:28:34,$ 3444.6367,150
3602,15:28:16,$ 3444.78,100
3603,15:27:42,$ 3444.76,100
3604,15:27:07,$ 3444.50,100
3605,15:26:58,$ 3443.65,129
3606,15:26:24,$ 3443.60,100
3607,15:26:11,$ 3444.8139,200
3608,15:26:09,$ 3444.04,100
3609,15:25:04,$ 3443.23,100
3610,15:25:04,$ 3443.23,126
3611,15:24:40,$ 3443.187,100
3612,15:24:37,$ 3443.2433,100
3613,15:24:31,$ 3444.00,100
3614,15:24:02,$ 3445.19,100
3616,15:24:01,$ 3445.27,246
3617,15:23:18,$ 3446.03,100
3618,15:22:14,$ 3445.90,100
3619,15:22:01,$ 3444.40,100
3620,15:21:59,$ 3444.52,100
3621,15:21:43,$ 3444.44,100
3622,15:21:25,$ 3443.96,100
3623,15:20:21,$ 3442.67,100
3624,15:20:04,$ 3442.41,100
3625,15:20:04,$ 3442.41,100
3626,15:20:04,$ 3441.71,100
3627,15:19:26,$ 3443.0804,100
3628,15:19:21,$ 3443.07,100
3629,15:19:20,$ 3442.51,100
3630,15:18:49,$ 3441.285,100
3631,15:18:45,$ 3441.39,100
3632,15:18:38,$ 3442.06,100
3633,15:18:24,$ 3442.61,100
3634,15:18:24,$ 3442.55,100
3635,15:18:11,$ 3443.40,100
3637,15:17:55,$ 3444.49,100
3638,15:17:54,$ 3444.20,100
3639,15:17:54,$ 3444.21,100
3640,15:17:43,$ 3443.50,120
3641,15:16:38,$ 3442.45,100
3642,15:16:26,$ 3442.94,100
3643,15:15:52,$ 3443.515,100
3644,15:15:40,$ 3444.60,100
3645,15:15:40,$ 3444.62,100
3646,15:15:04,$ 3444.96,100
3647,15:14:56,$ 3445.13,250
3648,15:14:53,$ 3445.08,100
3649,15:14:52,$ 3445.60,100
3650,15:14:52,$ 3445.67,100
3651,15:14:52,$ 3445.30,100
3652,15:14:52,$ 3445.65,100
3653,15:14:52,$ 3445.62,100
3654,15:14:09,$ 3446.57,100
3655,15:13:57,$ 3446.97,100
3656,15:13:57,$ 3446.97,100
3658,15:13:32,$ 3447.585,100
3659,15:13:03,$ 3448.46,100
3660,15:12:12,$ 3448.78,100
3661,15:12:03,$ 3448.39,100
3662,15:11:54,$ 3447.81,100
3663,15:11:00,$ 3446.75,100
3664,15:09:38,$ 3447.46,100
3665,15:09:04,$ 3448.03,100
3666,15:09:02,$ 3448.341,111
3667,15:08:31,$ 3448.93,100
3668,15:08:30,$ 3448.5346,500
3669,15:08:09,$ 3449.26,100
3670,15:07:49,$ 3448.50,900
3671,15:07:49,$ 3448.50,100
3672,15:07:08,$ 3448.75,100
3673,15:07:05,$ 3449.17,100
3674,15:06:46,$ 3449.41,100
3675,15:06:43,$ 3448.90,100
3676,15:06:43,$ 3449.00,150
3677,15:06:43,$ 3448.90,100
3679,15:06:43,$ 3448.90,100
3680,15:06:16,$ 3446.94,100
3681,15:06:16,$ 3446.94,100
3682,15:06:04,$ 3446.525,100
3683,15:04:45,$ 3447.00,100
3684,15:02:58,$ 3446.65,100
3685,15:02:41,$ 3447.15,100
3686,15:02:41,$ 3445.84,200
3687,15:02:13,$ 3446.47,100
3688,15:01:17,$ 3446.14,100
3689,15:01:13,$ 3445.96,100
3690,15:01:07,$ 3446.0616,500
3691,15:01:06,$ 3446.475,100
3692,15:00:47,$ 3447.00,100
3693,15:00:47,$ 3447.00,100
3694,15:00:47,$ 3446.71,100
3695,15:00:47,$ 3446.83,100
3696,15:00:09,$ 3447.265,100
3697,15:00:08,$ 3446.995,100
3698,15:00:08,$ 3447.03,100
3700,15:00:05,$ 3447.4899,100
3701,15:00:04,$ 3447.00,315
3703,15:59:59,$ 3450.055,179
3704,15:59:59,$ 3450.93,100
3705,15:59:59,$ 3450.36,100
3706,15:59:59,$ 3450.30,100
3707,15:59:58,$ 3450.465,100
3708,15:59:58,$ 3450.465,100
3709,15:59:58,$ 3450.465,100
3710,15:59:58,$ 3450.465,100
3711,15:59:58,$ 3450.465,100
3712,15:59:58,$ 3450.465,100
3713,15:59:58,$ 3449.70,100
3714,15:59:57,$ 3450.09,100
3715,15:59:57,$ 3450.00,179
3716,15:59:57,$ 3450.73,100
3717,15:59:57,$ 3450.74,100
3718,15:59:57,$ 3450.465,100
3719,15:59:57,$ 3450.73,100
3720,15:59:57,$ 3450.74,100
3721,15:59:57,$ 3450.37,172
3722,15:59:57,$ 3450.00,100
3724,15:59:57,$ 3450.74,100
3725,15:59:56,$ 3450.37,100
3726,15:59:56,$ 3450.02,200
3727,15:59:56,$ 3450.06,100
3728,15:59:56,$ 3450.97,100
3729,15:59:56,$ 3450.01,100
3730,15:59:56,$ 3450.39,100
3731,15:59:56,$ 3450.04,181
3732,15:59:55,$ 3450.21,100
3733,15:59:54,$ 3450.84,100
3734,15:59:53,$ 3451.42,100
3735,15:59:53,$ 3451.33,100
3736,15:59:49,$ 3451.50,100
3737,15:59:49,$ 3451.50,100
3738,15:59:49,$ 3451.50,100
3739,15:59:49,$ 3451.50,100
3740,15:59:49,$ 3451.48,100
3741,15:59:49,$ 3451.50,100
3742,15:59:49,$ 3451.50,100
3743,15:59:49,$ 3451.50,120
3745,15:59:47,$ 3451.49,100
3746,15:59:47,$ 3451.07,100
3747,15:59:47,$ 3451.46,100
3748,15:59:45,$ 3451.13,100
3749,15:59:44,$ 3450.5101,440
3750,15:59:42,$ 3450.56,100
3751,15:59:40,$ 3450.90,100
3752,15:59:40,$ 3450.89,100
3753,15:59:40,$ 3450.56,100
3754,15:59:39,$ 3450.935,100
3755,15:59:35,$ 3451.40,100
3756,15:59:35,$ 3451.34,100
3757,15:59:35,$ 3450.48,100
3758,15:59:34,$ 3451.18,100
3759,15:59:33,$ 3450.80,100
3760,15:59:33,$ 3450.81,100
3761,15:59:33,$ 3450.83,100
3762,15:59:33,$ 3451.30,100
3763,15:59:33,$ 3451.30,100
3764,15:59:33,$ 3450.77,100
3766,15:59:31,$ 3451.20,100
3767,15:59:31,$ 3451.20,100
3768,15:59:31,$ 3451.20,100
3769,15:59:31,$ 3451.20,110
3770,15:59:31,$ 3451.20,100
3771,15:59:31,$ 3451.20,100
3772,15:59:30,$ 3451.18,100
3773,15:59:30,$ 3451.15,100
3774,15:59:30,$ 3451.18,100
3775,15:59:29,$ 3451.15,100
3776,15:59:25,$ 3451.15,100
3777,15:59:24,$ 3450.375,100
3778,15:59:24,$ 3450.96,100
3779,15:59:24,$ 3450.49,100
3780,15:59:23,$ 3450.59,100
3781,15:59:22,$ 3450.50,100
3782,15:59:22,$ 3450.06,100
3783,15:59:22,$ 3450.36,100
3784,15:59:20,$ 3449.97,100
3785,15:59:19,$ 3450.4894,100
3787,15:59:17,$ 3450.14,100
3788,15:59:16,$ 3449.78,100
3789,15:59:16,$ 3450.04,100
3790,15:59:16,$ 3450.04,100
3791,15:59:16,$ 3450.04,100
3792,15:59:12,$ 3450.26,100
3793,15:59:08,$ 3450.06,100
3794,15:59:07,$ 3450.22,100
3795,15:59:06,$ 3449.59,100
3796,15:59:05,$ 3449.63,100
3797,15:59:04,$ 3449.63,100
3798,15:59:03,$ 3449.8375,100
3799,15:59:03,$ 3449.905,100
3800,15:59:03,$ 3450.35,140
3801,15:59:03,$ 3450.51,100
3802,15:59:03,$ 3450.40,300
3803,15:59:03,$ 3450.37,100
3804,15:59:03,$ 3450.37,100
3805,15:59:02,$ 3451.40,100
3806,15:59:01,$ 3451.01,100
3808,15:58:59,$ 3451.005,100
3809,15:58:51,$ 3450.42,100
3810,15:58:50,$ 3450.61,100
3811,15:58:45,$ 3451.12,100
3812,15:58:40,$ 3450.69,100
3813,15:58:39,$ 3450.93,100
3814,15:58:37,$ 3450.30,100
3815,15:58:36,$ 3450.33,100
3816,15:58:35,$ 3450.33,100
3817,15:58:29,$ 3450.32,100
3818,15:58:24,$ 3450.385,100
3819,15:58:21,$ 3449.94,100
3820,15:58:20,$ 3450.105,100
3821,15:58:11,$ 3449.85,100
3822,15:58:06,$ 3449.46,154
3823,15:58:04,$ 3450.41,100
3824,15:58:00,$ 3449.46,100
3825,15:58:00,$ 3449.49,100
3826,15:58:00,$ 3449.18,100
3827,15:58:00,$ 3448.89,100
3829,15:58:00,$ 3449.10,100
3830,15:57:59,$ 3449.205,100
3831,15:57:59,$ 3449.38,100
3832,15:57:59,$ 3449.35,200
3833,15:57:59,$ 3449.34,200
3834,15:57:59,$ 3449.26,100
