,NLS Time (ET),NLS Price,NLS Share Volume
1,09:59:59,$ 3408.985,100
2,09:59:58,$ 3409.44,100
3,09:59:58,$ 3409.40,100
4,09:59:57,$ 3409.01,100
5,09:59:57,$ 3409.22,160
6,09:59:57,$ 3409.11,141
7,09:59:57,$ 3409.11,159
8,09:59:57,$ 3409.22,103
9,09:59:54,$ 3409.12,192
10,09:59:52,$ 3409.8501,100
11,09:59:49,$ 3409.595,100
12,09:59:47,$ 3410.29,100
13,09:59:47,$ 3410.13,100
14,09:59:46,$ 3410.29,100
15,09:59:45,$ 3409.98,100
16,09:59:44,$ 3411.00,200
17,09:59:44,$ 3409.29,100
18,09:59:44,$ 3409.20,100
19,09:59:44,$ 3409.00,100
20,09:59:36,$ 3408.43,200
22,09:59:36,$ 3408.60,100
23,09:59:36,$ 3408.46,100
24,09:59:36,$ 3408.47,100
25,09:59:36,$ 3408.60,200
26,09:59:36,$ 3408.53,100
27,09:59:36,$ 3408.96,200
28,09:59:32,$ 3408.5482,100
29,09:59:32,$ 3408.5578,100
30,09:59:29,$ 3409.21,100
31,09:59:29,$ 3409.21,100
32,09:59:28,$ 3409.53,100
33,09:59:28,$ 3409.53,100
34,09:59:28,$ 3409.54,320
35,09:59:28,$ 3409.53,104
36,09:59:28,$ 3409.54,100
37,09:59:26,$ 3409.70,100
38,09:59:24,$ 3409.21,100
39,09:59:24,$ 3409.64,100
40,09:59:24,$ 3409.355,100
41,09:59:24,$ 3409.99,100
43,09:59:24,$ 3410.00,100
44,09:59:23,$ 3409.50,100
45,09:59:23,$ 3409.50,100
46,09:59:22,$ 3409.315,200
47,09:59:21,$ 3409.315,100
48,09:59:18,$ 3409.16,100
49,09:59:12,$ 3409.18,100
50,09:59:11,$ 3409.615,100
51,09:59:07,$ 3410.03,100
52,09:59:03,$ 3409.53,100
53,09:59:03,$ 3409.14,139
54,09:59:03,$ 3409.50,100
55,09:58:59,$ 3409.945,100
56,09:58:59,$ 3409.02,100
57,09:58:59,$ 3409.985,100
58,09:58:59,$ 3409.775,100
59,09:58:57,$ 3409.24,150
60,09:58:56,$ 3409.645,100
61,09:58:55,$ 3410.05,100
62,09:58:55,$ 3409.50,100
64,09:58:52,$ 3408.98,100
65,09:58:52,$ 3409.00,110
66,09:58:52,$ 3408.96,100
67,09:58:52,$ 3408.935,100
68,09:58:50,$ 3408.49,100
69,09:58:49,$ 3407.90,100
70,09:58:49,$ 3407.26,100
71,09:58:49,$ 3407.39,100
72,09:58:49,$ 3408.47,100
73,09:58:49,$ 3408.10,100
74,09:58:49,$ 3408.22,100
75,09:58:49,$ 3408.24,100
76,09:58:49,$ 3408.25,100
77,09:58:49,$ 3408.32,100
78,09:58:49,$ 3408.34,199
79,09:58:49,$ 3406.50,100
80,09:58:49,$ 3406.83,100
81,09:58:49,$ 3407.39,113
82,09:58:49,$ 3406.495,100
83,09:58:45,$ 3407.39,100
85,09:58:43,$ 3407.82,472
86,09:58:43,$ 3407.796,100
87,09:58:43,$ 3407.796,100
88,09:58:43,$ 3408.06,100
89,09:58:43,$ 3407.796,100
90,09:58:42,$ 3407.21,100
91,09:58:40,$ 3407.505,100
92,09:58:40,$ 3407.73,100
93,09:58:39,$ 3407.81,100
94,09:58:39,$ 3407.765,100
95,09:58:38,$ 3408.38,100
96,09:58:37,$ 3407.655,300
97,09:58:36,$ 3408.215,100
98,09:58:36,$ 3408.78,100
99,09:58:36,$ 3408.61,200
100,09:58:36,$ 3408.04,144
101,09:58:36,$ 3408.04,100
102,09:58:36,$ 3408.04,119
103,09:58:36,$ 3408.04,144
104,09:58:36,$ 3408.04,200
106,09:58:34,$ 3408.00,485
107,09:58:30,$ 3407.35,400
108,09:58:30,$ 3407.30,100
109,09:58:29,$ 3407.845,100
110,09:58:28,$ 3408.31,100
111,09:58:24,$ 3406.895,300
112,09:58:15,$ 3407.847,500
113,09:58:14,$ 3407.2086,472
114,09:58:14,$ 3407.19,100
115,09:58:13,$ 3406.63,100
116,09:58:12,$ 3407.5689,250
117,09:58:12,$ 3406.55,100
118,09:58:11,$ 3406.54,100
119,09:58:08,$ 3406.3953,100
120,09:58:08,$ 3406.5399,100
121,09:58:06,$ 3406.52,100
122,09:58:06,$ 3405.935,100
123,09:58:06,$ 3405.935,100
124,09:58:06,$ 3406.49,100
125,09:58:06,$ 3406.53,100
127,09:58:06,$ 3406.49,100
128,09:58:04,$ 3405.925,100
129,09:58:02,$ 3406.0847,100
130,09:58:01,$ 3406.165,200
131,09:58:00,$ 3406.19,100
132,09:57:59,$ 3406.00,100
133,09:57:59,$ 3406.89,100
134,09:57:58,$ 3407.00,100
135,09:57:49,$ 3407.015,100
136,09:57:49,$ 3407.74,100
137,09:57:40,$ 3406.0443,100
138,09:57:38,$ 3404.58,210
139,09:57:38,$ 3405.575,210
140,09:57:37,$ 3404.78,100
141,09:57:37,$ 3406.57,100
142,09:57:37,$ 3405.26,100
143,09:57:37,$ 3405.26,100
144,09:57:37,$ 3406.57,100
145,09:57:37,$ 3405.58,100
146,09:57:37,$ 3406.57,100
148,09:57:37,$ 3405.57,100
149,09:57:35,$ 3404.19,100
150,09:57:34,$ 3404.19,100
151,09:57:32,$ 3403.52,400
152,09:57:28,$ 3404.56,100
153,09:57:27,$ 3404.57,100
154,09:57:26,$ 3404.375,100
155,09:57:26,$ 3404.625,300
156,09:57:26,$ 3404.85,100
157,09:57:26,$ 3404.85,100
158,09:57:26,$ 3404.325,100
159,09:57:26,$ 3404.82,100
160,09:57:26,$ 3404.85,100
161,09:57:24,$ 3404.5727,100
162,09:57:24,$ 3403.915,152
163,09:57:23,$ 3403.98,200
164,09:57:22,$ 3403.978,500
165,09:57:21,$ 3402.71,100
166,09:57:21,$ 3402.73,100
167,09:57:21,$ 3402.75,100
169,09:57:18,$ 3403.925,200
170,09:57:17,$ 3403.925,400
171,09:57:17,$ 3403.925,211
172,09:57:17,$ 3404.19,100
173,09:57:17,$ 3404.17,400
174,09:57:17,$ 3404.18,100
175,09:57:17,$ 3404.19,100
176,09:57:16,$ 3403.86,100
177,09:57:16,$ 3403.91,100
178,09:57:14,$ 3402.64,200
179,09:57:14,$ 3403.235,100
180,09:57:14,$ 3403.25,200
181,09:57:12,$ 3402.62,100
182,09:57:10,$ 3403.55,400
183,09:57:09,$ 3402.665,100
184,09:57:08,$ 3403.40,100
185,09:57:07,$ 3403.125,100
186,09:57:07,$ 3403.53,100
187,09:57:07,$ 3403.51,100
188,09:57:06,$ 3402.00,100
190,09:57:05,$ 3402.24,100
191,09:57:05,$ 3403.00,100
192,09:57:05,$ 3403.18,500
193,09:57:04,$ 3402.25,100
194,09:57:04,$ 3402.62,100
195,09:57:03,$ 3403.375,100
196,09:57:03,$ 3403.00,100
197,09:57:01,$ 3403.75,100
198,09:57:01,$ 3403.76,100
199,09:57:01,$ 3403.07,100
200,09:57:01,$ 3403.01,100
201,09:56:57,$ 3404.20,100
202,09:56:57,$ 3404.20,200
203,09:56:57,$ 3405.00,100
204,09:56:57,$ 3405.51,300
205,09:56:57,$ 3405.1101,100
206,09:56:57,$ 3405.1101,100
207,09:56:57,$ 3405.11,100
208,09:56:57,$ 3405.11,100
209,09:56:57,$ 3406.121,110
211,09:56:56,$ 3406.00,115
212,09:56:56,$ 3406.06,226
213,09:56:56,$ 3406.06,113
214,09:56:56,$ 3406.06,113
215,09:56:56,$ 3406.05,100
216,09:56:56,$ 3406.06,113
217,09:56:56,$ 3406.05,100
218,09:56:56,$ 3406.05,100
219,09:56:56,$ 3406.05,100
220,09:56:55,$ 3406.16,100
221,09:56:52,$ 3406.03,200
222,09:56:51,$ 3406.14,100
223,09:56:51,$ 3406.415,100
224,09:56:51,$ 3406.415,100
225,09:56:51,$ 3406.59,400
226,09:56:51,$ 3406.58,400
227,09:56:50,$ 3406.411,"1,000"
228,09:56:49,$ 3406.40,100
229,09:56:47,$ 3406.00,100
230,09:56:46,$ 3406.55,100
232,09:56:45,$ 3407.00,166
233,09:56:45,$ 3407.1517,200
234,09:56:45,$ 3407.01,100
235,09:56:44,$ 3407.26,100
236,09:56:43,$ 3407.26,150
237,09:56:40,$ 3407.68,100
238,09:56:40,$ 3407.67,100
239,09:56:40,$ 3407.82,100
240,09:56:40,$ 3408.10,100
241,09:56:40,$ 3408.22,100
242,09:56:38,$ 3408.31,"1,000"
243,09:56:33,$ 3408.10,100
244,09:56:33,$ 3408.675,491
245,09:56:28,$ 3408.6267,289
246,09:56:28,$ 3408.6267,261
247,09:56:28,$ 3408.49,100
248,09:56:28,$ 3408.53,100
249,09:56:28,$ 3408.50,200
250,09:56:22,$ 3408.96,100
251,09:56:22,$ 3408.96,100
253,09:56:22,$ 3408.96,100
254,09:56:22,$ 3408.46,100
255,09:56:22,$ 3408.96,100
256,09:56:22,$ 3409.415,100
257,09:56:21,$ 3409.22,400
258,09:56:20,$ 3408.935,100
259,09:56:20,$ 3408.41,100
260,09:56:20,$ 3408.4001,100
261,09:56:20,$ 3408.508,100
262,09:56:19,$ 3408.41,400
263,09:56:19,$ 3408.41,400
264,09:56:19,$ 3408.40,400
265,09:56:19,$ 3408.33,100
266,09:56:18,$ 3408.896,250
267,09:56:18,$ 3408.28,178
268,09:56:16,$ 3409.03,100
269,09:56:15,$ 3408.91,100
270,09:56:13,$ 3409.209,112
271,09:56:10,$ 3408.255,100
272,09:56:09,$ 3409.19,400
274,09:56:09,$ 3409.94,100
275,09:56:05,$ 3408.9287,115
276,09:56:04,$ 3408.16,100
277,09:56:04,$ 3408.10,100
278,09:56:04,$ 3408.02,100
279,09:56:04,$ 3407.82,100
280,09:56:04,$ 3407.77,100
281,09:56:04,$ 3408.58,100
282,09:56:04,$ 3408.57,200
283,09:56:04,$ 3408.23,100
284,09:56:03,$ 3408.919,100
285,09:56:03,$ 3409.42,165
286,09:56:03,$ 3410.00,450
287,09:56:03,$ 3410.00,394
288,09:56:03,$ 3410.00,100
289,09:56:03,$ 3410.00,100
290,09:56:03,$ 3410.00,105
291,09:56:03,$ 3410.20,400
292,09:56:02,$ 3410.25,100
293,09:56:00,$ 3410.24,100
295,09:55:59,$ 3411.56,100
296,09:55:59,$ 3411.56,100
297,09:55:59,$ 3411.50,100
298,09:55:59,$ 3411.50,100
299,09:55:59,$ 3413.23,100
300,09:55:55,$ 3413.495,100
301,09:55:52,$ 3412.48,248
302,09:55:52,$ 3413.05,100
303,09:55:52,$ 3412.97,200
304,09:55:49,$ 3412.74,200
305,09:55:46,$ 3413.245,100
306,09:55:46,$ 3412.33,100
307,09:55:44,$ 3413.2507,100
308,09:55:44,$ 3413.00,296
309,09:55:44,$ 3413.00,703
310,09:55:43,$ 3413.544,100
311,09:55:41,$ 3414.51,100
312,09:55:40,$ 3413.21,400
313,09:55:40,$ 3413.23,100
314,09:55:39,$ 3413.89,100
316,09:55:36,$ 3413.75,100
317,09:55:35,$ 3414.00,500
318,09:55:35,$ 3413.97,100
319,09:55:35,$ 3414.39,100
320,09:55:35,$ 3414.39,100
321,09:55:35,$ 3414.42,100
322,09:55:32,$ 3414.1122,255
323,09:55:30,$ 3415.33,121
324,09:55:23,$ 3417.00,100
325,09:55:23,$ 3416.585,200
326,09:55:22,$ 3416.32,400
327,09:55:21,$ 3416.32,100
328,09:55:20,$ 3417.07,200
329,09:55:17,$ 3416.48,100
330,09:55:17,$ 3417.61,100
331,09:55:17,$ 3417.12,100
332,09:55:17,$ 3417.17,100
333,09:55:17,$ 3417.8879,100
334,09:55:17,$ 3415.6601,100
335,09:55:17,$ 3417.00,100
337,09:55:17,$ 3417.01,100
338,09:55:15,$ 3418.13,100
339,09:55:13,$ 3417.00,100
340,09:55:12,$ 3419.54,100
341,09:55:12,$ 3417.94,100
342,09:55:11,$ 3419.54,100
343,09:55:10,$ 3417.81,100
344,09:55:08,$ 3418.52,100
345,09:55:07,$ 3419.03,100
346,09:55:07,$ 3418.22,100
347,09:55:07,$ 3417.85,100
348,09:55:06,$ 3418.24,188
349,09:55:06,$ 3419.545,100
350,09:55:06,$ 3419.62,100
351,09:55:06,$ 3418.35,100
352,09:55:06,$ 3419.62,100
353,09:55:04,$ 3418.80,100
354,09:55:04,$ 3418.79,100
355,09:55:02,$ 3419.91,100
356,09:55:02,$ 3419.34,100
358,09:54:56,$ 3419.03,191
359,09:54:56,$ 3418.29,100
360,09:54:56,$ 3418.29,100
361,09:54:55,$ 3417.79,100
362,09:54:55,$ 3418.20,100
363,09:54:54,$ 3417.49,163
364,09:54:54,$ 3417.49,100
365,09:54:54,$ 3417.92,100
366,09:54:54,$ 3417.92,100
367,09:54:54,$ 3417.88,100
368,09:54:53,$ 3417.49,120
369,09:54:53,$ 3418.02,100
370,09:54:52,$ 3419.4587,150
371,09:54:49,$ 3419.2705,100
372,09:54:48,$ 3418.89,100
373,09:54:48,$ 3419.28,100
374,09:54:45,$ 3419.30,100
375,09:54:45,$ 3418.79,100
376,09:54:40,$ 3416.89,100
377,09:54:40,$ 3418.05,100
379,09:54:38,$ 3417.14,100
380,09:54:37,$ 3416.23,200
381,09:54:35,$ 3415.75,133
382,09:54:35,$ 3416.37,100
383,09:54:34,$ 3417.1887,100
384,09:54:32,$ 3417.55,100
385,09:54:32,$ 3418.19,400
386,09:54:32,$ 3418.17,100
387,09:54:30,$ 3417.5801,200
388,09:54:29,$ 3418.18,100
389,09:54:29,$ 3418.175,100
390,09:54:29,$ 3418.175,100
391,09:54:29,$ 3418.175,100
392,09:54:29,$ 3418.76,100
393,09:54:28,$ 3418.00,100
394,09:54:27,$ 3417.10,100
395,09:54:27,$ 3417.06,100
396,09:54:27,$ 3417.10,100
397,09:54:25,$ 3416.42,100
398,09:54:11,$ 3415.7707,200
400,09:54:11,$ 3415.84,100
401,09:54:00,$ 3415.2704,500
402,09:54:00,$ 3415.99,100
403,09:54:00,$ 3415.22,100
404,09:54:00,$ 3415.23,100
405,09:54:00,$ 3415.27,100
406,09:54:00,$ 3415.30,100
407,09:53:57,$ 3415.84,100
408,09:53:49,$ 3415.1001,110
409,09:53:47,$ 3415.35,100
410,09:53:44,$ 3415.00,400
411,09:53:44,$ 3415.00,100
412,09:53:44,$ 3415.00,100
413,09:53:43,$ 3414.76,350
414,09:53:43,$ 3414.34,100
415,09:53:41,$ 3413.70,100
416,09:53:39,$ 3414.9999,200
417,09:53:38,$ 3414.305,200
418,09:53:34,$ 3414.775,100
419,09:53:32,$ 3413.99,100
421,09:53:22,$ 3412.38,100
422,09:53:21,$ 3413.20,329
423,09:53:21,$ 3412.62,164
424,09:53:21,$ 3412.76,100
425,09:53:21,$ 3412.76,100
426,09:53:20,$ 3413.20,100
427,09:53:19,$ 3413.48,100
428,09:53:19,$ 3413.48,100
429,09:53:19,$ 3413.48,100
430,09:53:19,$ 3413.48,100
431,09:53:19,$ 3413.48,100
432,09:53:19,$ 3413.48,100
433,09:53:19,$ 3413.49,100
434,09:53:19,$ 3413.52,100
435,09:53:19,$ 3413.52,218
436,09:53:19,$ 3413.52,100
437,09:53:19,$ 3413.48,100
438,09:53:19,$ 3414.87,100
439,09:53:18,$ 3414.82,100
440,09:53:15,$ 3413.66,100
442,09:53:14,$ 3413.145,100
443,09:52:59,$ 3412.04,100
444,09:52:59,$ 3411.785,100
445,09:52:58,$ 3412.04,400
446,09:52:57,$ 3412.06,100
447,09:52:57,$ 3412.06,100
448,09:52:57,$ 3411.0297,300
449,09:52:55,$ 3411.50,699
450,09:52:54,$ 3411.62,100
451,09:52:54,$ 3411.79,100
452,09:52:54,$ 3411.79,200
453,09:52:54,$ 3411.88,100
454,09:52:54,$ 3412.82,100
455,09:52:54,$ 3412.81,200
456,09:52:53,$ 3413.47,100
457,09:52:51,$ 3413.37,100
458,09:52:49,$ 3413.00,100
459,09:52:49,$ 3412.00,100
460,09:52:47,$ 3412.11,128
461,09:52:45,$ 3411.37,100
463,09:52:45,$ 3411.74,"1,000"
464,09:52:45,$ 3411.375,100
465,09:52:42,$ 3412.0017,150
466,09:52:40,$ 3411.44,100
467,09:52:40,$ 3411.74,100
468,09:52:38,$ 3411.38,101
469,09:52:35,$ 3412.18,100
470,09:52:35,$ 3412.26,100
471,09:52:34,$ 3412.34,100
472,09:52:31,$ 3413.07,100
473,09:52:31,$ 3413.075,100
474,09:52:25,$ 3413.485,100
475,09:52:22,$ 3413.24,100
476,09:52:18,$ 3412.99,100
477,09:52:18,$ 3413.93,100
478,09:52:09,$ 3414.6436,150
479,09:52:05,$ 3414.50,100
480,09:52:04,$ 3414.42,100
481,09:52:02,$ 3414.77,100
482,09:52:01,$ 3415.3909,419
484,09:52:01,$ 3415.3909,467
485,09:52:01,$ 3415.3909,114
486,09:52:01,$ 3415.115,100
487,09:51:54,$ 3415.10,200
488,09:51:54,$ 3414.98,100
489,09:51:54,$ 3414.96,200
490,09:51:54,$ 3414.82,203
491,09:51:54,$ 3414.82,100
492,09:51:54,$ 3414.80,200
493,09:51:52,$ 3414.615,100
494,09:51:52,$ 3413.675,100
495,09:51:50,$ 3413.77,100
496,09:51:50,$ 3413.78,100
497,09:51:50,$ 3413.56,100
498,09:51:50,$ 3413.56,100
499,09:51:50,$ 3413.56,100
500,09:51:50,$ 3413.56,100
501,09:51:50,$ 3413.57,100
502,09:51:49,$ 3414.798,100
503,09:51:49,$ 3413.67,100
505,09:51:47,$ 3413.705,100
506,09:51:47,$ 3414.96,125
507,09:51:40,$ 3413.82,100
508,09:51:40,$ 3414.865,100
509,09:51:40,$ 3414.51,100
510,09:51:40,$ 3414.135,100
511,09:51:40,$ 3413.85,100
512,09:51:40,$ 3413.85,100
513,09:51:39,$ 3413.37,100
514,09:51:39,$ 3415.2999,100
515,09:51:38,$ 3413.41,324
516,09:51:38,$ 3413.41,472
517,09:51:38,$ 3413.41,278
518,09:51:37,$ 3415.01,100
519,09:51:37,$ 3416.25,100
520,09:51:36,$ 3415.82,100
521,09:51:36,$ 3415.50,300
522,09:51:33,$ 3415.2582,200
523,09:51:32,$ 3416.00,100
524,09:51:32,$ 3416.00,168
526,09:51:30,$ 3416.66,100
527,09:51:29,$ 3417.00,100
528,09:51:29,$ 3417.23,300
529,09:51:29,$ 3417.23,100
530,09:51:29,$ 3417.27,100
531,09:51:26,$ 3417.69,100
532,09:51:26,$ 3417.69,100
533,09:51:26,$ 3417.69,100
534,09:51:26,$ 3417.71,100
535,09:51:23,$ 3418.7001,600
536,09:51:22,$ 3417.86,100
537,09:51:22,$ 3418.86,100
538,09:51:21,$ 3419.22,100
539,09:51:21,$ 3419.24,100
540,09:51:21,$ 3418.63,100
541,09:51:20,$ 3419.11,124
542,09:51:20,$ 3419.11,163
543,09:51:20,$ 3419.11,151
544,09:51:20,$ 3419.08,100
545,09:51:20,$ 3418.53,100
547,09:51:18,$ 3418.39,100
548,09:51:17,$ 3418.345,100
549,09:51:17,$ 3417.62,100
550,09:51:17,$ 3418.11,100
551,09:51:16,$ 3419.10,100
552,09:51:13,$ 3419.78,100
553,09:51:13,$ 3419.895,100
554,09:51:13,$ 3419.93,100
555,09:51:12,$ 3419.385,500
556,09:51:11,$ 3419.89,189
557,09:51:11,$ 3419.89,111
558,09:51:10,$ 3418.64,500
559,09:51:10,$ 3420.06,100
560,09:51:10,$ 3420.415,200
561,09:51:03,$ 3421.18,200
562,09:51:02,$ 3421.22,300
563,09:51:01,$ 3421.52,400
564,09:50:59,$ 3421.415,260
565,09:50:59,$ 3422.01,106
566,09:50:53,$ 3421.98,100
568,09:50:53,$ 3421.9999,100
569,09:50:52,$ 3421.03,100
570,09:50:51,$ 3421.38,100
571,09:50:48,$ 3421.335,100
572,09:50:47,$ 3421.36,100
573,09:50:47,$ 3420.45,300
574,09:50:45,$ 3420.39,100
575,09:50:39,$ 3419.47,400
576,09:50:39,$ 3420.23,100
577,09:50:37,$ 3419.47,100
578,09:50:35,$ 3419.546,200
579,09:50:26,$ 3420.00,100
580,09:50:26,$ 3419.98,100
581,09:50:22,$ 3419.345,400
582,09:50:21,$ 3419.6666,"1,097"
583,09:50:21,$ 3419.50,100
584,09:50:21,$ 3419.44,100
585,09:50:21,$ 3419.44,100
586,09:50:19,$ 3419.21,100
587,09:50:18,$ 3418.60,100
589,09:50:18,$ 3418.61,301
590,09:50:18,$ 3418.21,100
591,09:50:18,$ 3418.20,100
592,09:50:15,$ 3418.20,260
593,09:50:13,$ 3418.2199,200
594,09:50:10,$ 3417.87,100
595,09:50:10,$ 3417.52,200
596,09:50:03,$ 3417.07,250
597,09:50:02,$ 3417.5199,100
598,09:50:02,$ 3417.52,100
599,09:50:02,$ 3417.52,100
600,09:50:01,$ 3417.41,100
601,09:50:01,$ 3417.40,105
602,09:50:01,$ 3417.40,115
603,09:50:01,$ 3417.40,118
604,09:50:00,$ 3417.40,100
605,09:50:00,$ 3417.40,109
606,09:49:59,$ 3417.40,131
607,09:49:57,$ 3416.635,100
608,09:49:56,$ 3417.99,100
610,09:49:52,$ 3418.61,100
611,09:49:52,$ 3418.06,300
612,09:49:51,$ 3417.69,100
613,09:49:51,$ 3417.135,200
614,09:49:47,$ 3417.69,500
615,09:49:47,$ 3417.09,150
616,09:49:42,$ 3417.75,100
617,09:49:41,$ 3417.54,100
618,09:49:41,$ 3417.69,100
619,09:49:39,$ 3416.715,100
620,09:49:37,$ 3418.3478,100
621,09:49:36,$ 3417.49,100
622,09:49:36,$ 3417.50,100
623,09:49:36,$ 3418.30,100
624,09:49:36,$ 3418.10,100
625,09:49:36,$ 3418.10,121
626,09:49:35,$ 3418.81,100
627,09:49:35,$ 3418.245,100
628,09:49:33,$ 3418.335,100
629,09:49:30,$ 3419.16,200
631,09:49:30,$ 3418.52,100
632,09:49:27,$ 3419.706,100
633,09:49:27,$ 3419.743,240
634,09:49:26,$ 3419.18,100
635,09:49:26,$ 3419.105,100
636,09:49:26,$ 3419.82,100
637,09:49:26,$ 3420.16,100
638,09:49:26,$ 3419.38,100
639,09:49:26,$ 3419.60,100
640,09:49:24,$ 3419.60,100
641,09:49:24,$ 3419.60,100
642,09:49:24,$ 3419.60,100
643,09:49:24,$ 3419.65,100
644,09:49:24,$ 3419.57,100
645,09:49:24,$ 3419.58,100
646,09:49:23,$ 3419.58,100
647,09:49:23,$ 3419.58,200
648,09:49:23,$ 3418.31,100
649,09:49:22,$ 3419.47,100
650,09:49:22,$ 3419.50,100
652,09:49:22,$ 3419.585,112
653,09:49:22,$ 3420.00,500
654,09:49:22,$ 3420.00,100
655,09:49:22,$ 3420.51,100
656,09:49:19,$ 3421.01,100
657,09:49:19,$ 3421.00,100
658,09:49:18,$ 3421.00,100
659,09:49:18,$ 3421.33,100
660,09:49:18,$ 3421.33,100
661,09:49:17,$ 3421.33,100
662,09:49:17,$ 3421.28,100
663,09:49:17,$ 3422.44,200
664,09:49:16,$ 3421.305,100
665,09:49:16,$ 3422.0769,145
666,09:49:14,$ 3422.19,100
667,09:49:14,$ 3422.7666,100
668,09:49:12,$ 3422.0963,100
669,09:49:11,$ 3422.07,500
670,09:49:09,$ 3422.085,100
671,09:49:09,$ 3423.16,100
673,09:49:05,$ 3422.9529,500
674,09:49:04,$ 3422.595,100
675,09:49:00,$ 3422.055,100
676,09:49:00,$ 3422.44,100
677,09:48:55,$ 3423.4269,100
678,09:48:53,$ 3423.00,100
679,09:48:53,$ 3422.39,184
680,09:48:51,$ 3423.00,100
681,09:48:51,$ 3423.42,100
682,09:48:48,$ 3423.0001,100
683,09:48:47,$ 3423.435,100
684,09:48:47,$ 3423.6129,200
685,09:48:43,$ 3422.665,100
686,09:48:43,$ 3424.02,100
687,09:48:42,$ 3424.155,100
688,09:48:42,$ 3425.0582,123
689,09:48:41,$ 3424.20,100
690,09:48:41,$ 3424.10,100
691,09:48:41,$ 3425.10,100
692,09:48:35,$ 3426.2456,100
694,09:48:32,$ 3425.42,100
695,09:48:31,$ 3426.29,200
696,09:48:31,$ 3426.505,120
697,09:48:30,$ 3426.32,100
698,09:48:28,$ 3426.67,100
699,09:48:27,$ 3428.1284,100
700,09:48:23,$ 3426.45,100
701,09:48:23,$ 3426.40,100
702,09:48:17,$ 3427.555,100
703,09:48:16,$ 3428.22,100
704,09:48:15,$ 3427.60,100
705,09:48:15,$ 3427.55,100
706,09:48:15,$ 3427.55,100
707,09:48:13,$ 3428.289,250
708,09:48:13,$ 3427.615,100
709,09:48:11,$ 3428.01,285
710,09:48:08,$ 3427.55,200
711,09:48:08,$ 3427.64,100
712,09:48:08,$ 3428.00,100
713,09:48:07,$ 3428.2503,200
715,09:48:03,$ 3428.195,100
716,09:48:03,$ 3428.225,100
717,09:48:03,$ 3429.02,100
718,09:48:02,$ 3428.01,100
719,09:48:00,$ 3428.00,400
720,09:48:00,$ 3428.00,100
721,09:48:00,$ 3428.00,150
722,09:47:59,$ 3428.26,100
723,09:47:59,$ 3428.09,100
724,09:47:59,$ 3428.11,100
725,09:47:58,$ 3429.11,171
726,09:47:57,$ 3429.60,100
727,09:47:57,$ 3429.65,100
728,09:47:57,$ 3429.54,100
729,09:47:53,$ 3430.00,186
730,09:47:53,$ 3430.61,100
731,09:47:49,$ 3431.155,400
732,09:47:46,$ 3431.1725,100
733,09:47:44,$ 3431.115,100
734,09:47:44,$ 3430.025,100
736,09:47:39,$ 3431.175,100
737,09:47:37,$ 3432.03,100
738,09:47:36,$ 3431.58,100
739,09:47:34,$ 3431.64,100
740,09:47:34,$ 3431.68,100
741,09:47:34,$ 3431.70,100
742,09:47:31,$ 3433.44,100
743,09:47:30,$ 3434.07,100
744,09:47:29,$ 3433.50,100
745,09:47:28,$ 3433.67,100
746,09:47:28,$ 3433.625,100
747,09:47:20,$ 3432.095,100
748,09:47:17,$ 3431.77,319
749,09:47:15,$ 3433.75,100
750,09:47:13,$ 3433.2625,102
751,09:47:12,$ 3433.105,268
752,09:47:12,$ 3432.21,268
753,09:47:09,$ 3434.28,100
754,09:47:06,$ 3432.76,100
755,09:47:06,$ 3432.69,100
757,09:47:06,$ 3432.73,100
758,09:47:06,$ 3432.77,100
759,09:47:06,$ 3432.77,100
760,09:47:06,$ 3432.55,100
761,09:47:06,$ 3432.55,100
762,09:47:04,$ 3431.82,100
763,09:47:04,$ 3432.00,100
764,09:47:04,$ 3432.17,400
765,09:47:04,$ 3432.18,100
766,09:47:04,$ 3432.17,100
767,09:46:59,$ 3433.28,100
768,09:46:48,$ 3432.99,100
769,09:46:48,$ 3433.04,100
770,09:46:48,$ 3432.99,100
771,09:46:48,$ 3432.98,100
772,09:46:44,$ 3431.93,181
773,09:46:44,$ 3432.48,156
774,09:46:32,$ 3432.46,110
775,09:46:31,$ 3431.21,100
776,09:46:30,$ 3432.225,100
778,09:46:28,$ 3433.3861,375
779,09:46:28,$ 3432.77,100
780,09:46:27,$ 3432.22,100
781,09:46:26,$ 3432.29,100
782,09:46:24,$ 3433.4199,120
783,09:46:24,$ 3432.43,100
784,09:46:24,$ 3432.74,400
785,09:46:24,$ 3432.88,100
786,09:46:21,$ 3431.65,100
787,09:46:18,$ 3431.96,100
788,09:46:17,$ 3432.49,100
789,09:46:17,$ 3432.53,100
790,09:46:12,$ 3433.20,100
791,09:46:12,$ 3432.74,400
792,09:46:10,$ 3433.20,100
793,09:46:07,$ 3433.1499,300
794,09:46:04,$ 3432.78,340
795,09:46:03,$ 3432.8601,200
796,09:46:01,$ 3432.77,400
797,09:45:58,$ 3433.376,125
799,09:45:57,$ 3433.3666,300
800,09:45:54,$ 3432.48,100
801,09:45:54,$ 3432.34,100
802,09:45:54,$ 3432.41,100
803,09:45:49,$ 3432.28,100
804,09:45:49,$ 3431.63,100
805,09:45:45,$ 3430.015,100
806,09:45:38,$ 3430.595,100
807,09:45:37,$ 3430.60,100
808,09:45:36,$ 3430.18,100
809,09:45:34,$ 3429.85,100
810,09:45:34,$ 3429.80,100
811,09:45:25,$ 3429.69,100
812,09:45:23,$ 3429.778,100
813,09:45:23,$ 3429.778,100
814,09:45:23,$ 3429.844,100
815,09:45:23,$ 3429.80,100
816,09:45:17,$ 3430.0118,100
817,09:45:15,$ 3430.00,874
818,09:45:14,$ 3430.875,200
820,09:45:14,$ 3430.135,100
821,09:45:03,$ 3432.928,100
822,09:45:03,$ 3431.75,200
823,09:45:00,$ 3431.45,100
824,09:44:58,$ 3429.085,100
825,09:44:54,$ 3430.00,100
826,09:44:54,$ 3430.92,100
827,09:44:54,$ 3430.90,100
828,09:44:54,$ 3430.91,100
829,09:44:53,$ 3431.516,100
830,09:44:47,$ 3431.81,143
831,09:44:47,$ 3432.3286,291
832,09:44:44,$ 3431.765,100
833,09:44:44,$ 3431.695,100
834,09:44:29,$ 3430.73,100
835,09:44:29,$ 3429.62,184
836,09:44:27,$ 3429.58,570
837,09:44:27,$ 3430.00,100
838,09:44:23,$ 3430.76,100
839,09:44:23,$ 3430.86,100
841,09:44:18,$ 3430.63,100
842,09:44:12,$ 3431.4789,898
843,09:44:06,$ 3430.2939,100
844,09:44:03,$ 3428.61,100
845,09:43:54,$ 3428.9663,100
846,09:43:53,$ 3429.54,500
847,09:43:53,$ 3429.03,200
848,09:43:51,$ 3428.78,200
849,09:43:49,$ 3429.5583,"1,000"
850,09:43:48,$ 3428.27,100
851,09:43:47,$ 3428.94,100
852,09:43:47,$ 3428.8971,139
853,09:43:47,$ 3428.10,100
854,09:43:47,$ 3428.21,100
855,09:43:46,$ 3429.00,100
856,09:43:46,$ 3429.01,100
857,09:43:46,$ 3430.44,100
858,09:43:41,$ 3431.10,200
859,09:43:40,$ 3431.4443,750
860,09:43:40,$ 3431.97,100
862,09:43:36,$ 3431.05,100
863,09:43:36,$ 3431.275,100
864,09:43:32,$ 3431.32,103
865,09:43:32,$ 3430.91,100
866,09:43:28,$ 3431.55,100
867,09:43:27,$ 3431.64,100
868,09:43:27,$ 3432.00,100
869,09:43:27,$ 3432.03,100
870,09:43:25,$ 3432.87,100
871,09:43:20,$ 3432.055,100
872,09:43:16,$ 3432.105,100
873,09:43:13,$ 3432.075,100
874,09:43:13,$ 3432.025,100
875,09:43:08,$ 3432.105,100
876,09:43:06,$ 3433.7321,300
877,09:43:05,$ 3432.41,100
878,09:42:57,$ 3433.00,500
879,09:42:57,$ 3433.38,100
880,09:42:56,$ 3432.68,100
881,09:42:51,$ 3432.96,100
883,09:42:47,$ 3432.1067,100
884,09:42:46,$ 3432.01,100
885,09:42:46,$ 3432.36,100
886,09:42:46,$ 3432.21,100
887,09:42:43,$ 3433.2418,500
888,09:42:42,$ 3432.55,100
889,09:42:42,$ 3432.23,100
890,09:42:42,$ 3432.23,100
891,09:42:42,$ 3433.10,100
892,09:42:36,$ 3434.1118,500
893,09:42:34,$ 3434.26,180
894,09:42:31,$ 3433.65,100
895,09:42:27,$ 3431.73,100
896,09:42:26,$ 3430.8117,100
897,09:42:23,$ 3430.90,100
898,09:42:20,$ 3430.245,100
899,09:42:20,$ 3430.245,200
900,09:42:20,$ 3430.2923,400
901,09:42:20,$ 3430.246,100
902,09:42:20,$ 3430.47,100
904,09:42:20,$ 3430.246,100
905,09:42:20,$ 3430.45,100
906,09:42:20,$ 3430.246,100
907,09:42:19,$ 3430.22,100
908,09:42:19,$ 3429.31,100
909,09:42:18,$ 3429.69,100
910,09:42:18,$ 3429.71,100
911,09:42:17,$ 3428.265,100
912,09:42:17,$ 3428.325,100
913,09:42:16,$ 3429.71,200
914,09:42:15,$ 3428.975,100
915,09:42:15,$ 3428.41,100
916,09:42:14,$ 3428.89,100
917,09:42:13,$ 3429.70,199
918,09:42:13,$ 3431.10,100
919,09:42:13,$ 3429.29,100
920,09:42:13,$ 3430.00,100
921,09:42:13,$ 3430.00,100
922,09:42:13,$ 3430.00,571
923,09:42:13,$ 3430.00,557
925,09:42:13,$ 3430.00,200
926,09:42:13,$ 3430.00,200
927,09:42:13,$ 3430.5701,100
928,09:42:13,$ 3430.5701,100
929,09:42:13,$ 3430.57,100
930,09:42:13,$ 3430.57,100
931,09:42:13,$ 3430.81,100
932,09:42:13,$ 3431.08,100
933,09:42:12,$ 3431.30,100
934,09:42:12,$ 3431.30,100
935,09:42:12,$ 3431.12,111
936,09:42:11,$ 3431.18,100
937,09:42:06,$ 3431.065,100
938,09:42:01,$ 3431.905,500
939,09:42:01,$ 3432.54,100
940,09:42:01,$ 3432.54,152
941,09:42:01,$ 3432.27,102
942,09:41:57,$ 3431.025,100
943,09:41:56,$ 3432.20,100
944,09:41:52,$ 3433.45,100
946,09:41:46,$ 3432.60,100
947,09:41:45,$ 3431.855,100
948,09:41:42,$ 3432.915,100
949,09:41:36,$ 3434.47,100
950,09:41:36,$ 3435.15,100
951,09:41:36,$ 3435.16,100
952,09:41:33,$ 3433.53,394
953,09:41:33,$ 3434.00,100
954,09:41:33,$ 3434.24,100
955,09:41:32,$ 3434.68,100
956,09:41:30,$ 3435.165,100
957,09:41:30,$ 3435.215,100
958,09:41:30,$ 3434.80,100
959,09:41:29,$ 3435.10,100
960,09:41:28,$ 3435.10,100
961,09:41:24,$ 3436.3861,348
962,09:41:22,$ 3437.2194,200
963,09:41:21,$ 3436.65,100
964,09:41:11,$ 3437.1146,500
965,09:41:09,$ 3437.12,100
967,09:41:05,$ 3436.10,100
968,09:41:05,$ 3436.85,100
969,09:41:05,$ 3436.85,100
970,09:40:56,$ 3435.11,100
971,09:40:55,$ 3436.00,100
972,09:40:53,$ 3436.215,100
973,09:40:50,$ 3437.045,100
974,09:40:49,$ 3436.51,100
975,09:40:47,$ 3436.31,100
976,09:40:46,$ 3436.10,200
977,09:40:46,$ 3437.07,100
978,09:40:46,$ 3438.17,100
979,09:40:46,$ 3437.005,100
980,09:40:46,$ 3438.1114,100
981,09:40:45,$ 3437.1728,300
982,09:40:45,$ 3438.3599,150
983,09:40:40,$ 3438.01,100
984,09:40:37,$ 3439.15,100
985,09:40:30,$ 3438.59,100
986,09:40:30,$ 3438.89,100
988,09:40:28,$ 3439.95,100
989,09:40:28,$ 3439.57,200
990,09:40:28,$ 3439.57,200
991,09:40:19,$ 3440.00,100
992,09:40:10,$ 3439.96,100
993,09:40:10,$ 3439.39,100
994,09:40:10,$ 3439.89,100
995,09:40:09,$ 3440.59,100
996,09:40:05,$ 3441.56,100
997,09:40:04,$ 3440.315,100
998,09:40:03,$ 3440.34,100
999,09:39:59,$ 3440.425,100
1000,09:39:59,$ 3441.43,100
1001,09:39:59,$ 3441.43,100
1002,09:39:59,$ 3441.56,100
1003,09:39:56,$ 3440.535,100
1004,09:39:54,$ 3441.025,180
1005,09:39:50,$ 3441.68,100
1006,09:39:48,$ 3442.52,100
1007,09:39:48,$ 3442.52,100
1009,09:39:48,$ 3442.52,100
1010,09:39:48,$ 3442.52,100
1011,09:39:45,$ 3440.77,100
1012,09:39:43,$ 3440.59,276
1013,09:39:43,$ 3440.03,100
1014,09:39:30,$ 3440.90,188
1015,09:39:30,$ 3441.03,100
1016,09:39:28,$ 3441.30,200
1017,09:39:25,$ 3441.45,100
1018,09:39:25,$ 3440.805,500
1019,09:39:23,$ 3440.00,100
1020,09:39:21,$ 3440.7675,100
1021,09:39:20,$ 3441.64,100
1022,09:39:20,$ 3441.63,100
1023,09:39:20,$ 3441.44,100
1024,09:39:20,$ 3441.6573,100
1025,09:39:20,$ 3441.64,100
1026,09:39:20,$ 3441.6565,100
1027,09:39:20,$ 3441.63,100
1028,09:39:20,$ 3441.63,100
1030,09:39:20,$ 3441.63,100
1031,09:39:14,$ 3439.90,100
1032,09:39:08,$ 3441.36,100
1033,09:39:08,$ 3441.30,100
1034,09:39:08,$ 3441.30,100
1035,09:39:04,$ 3441.03,100
1036,09:39:04,$ 3440.85,100
1037,09:39:04,$ 3441.02,200
1038,09:39:02,$ 3440.135,100
1039,09:39:01,$ 3440.89,133
1040,09:39:01,$ 3440.90,100
1041,09:39:00,$ 3440.89,100
1042,09:38:57,$ 3439.50,800
1043,09:38:51,$ 3439.0462,110
1044,09:38:50,$ 3439.50,100
1045,09:38:49,$ 3439.456,100
1046,09:38:49,$ 3439.4997,100
1047,09:38:49,$ 3439.32,100
1048,09:38:49,$ 3439.50,100
1049,09:38:49,$ 3439.49,100
1051,09:38:49,$ 3439.39,100
1052,09:38:49,$ 3439.45,100
1053,09:38:42,$ 3439.1898,200
1054,09:38:37,$ 3438.21,500
1055,09:38:36,$ 3437.95,100
1056,09:38:36,$ 3437.93,100
1057,09:38:36,$ 3437.92,100
1058,09:38:31,$ 3437.27,200
1059,09:38:26,$ 3437.19,500
1060,09:38:17,$ 3438.06,100
1061,09:38:17,$ 3438.06,100
1062,09:38:17,$ 3437.53,100
1063,09:38:16,$ 3437.165,100
1064,09:38:16,$ 3437.185,100
1065,09:38:15,$ 3436.81,100
1066,09:38:15,$ 3436.84,100
1067,09:38:14,$ 3436.56,100
1068,09:38:08,$ 3436.925,100
1069,09:38:06,$ 3436.76,100
1070,09:38:06,$ 3436.82,100
1072,09:38:05,$ 3436.68,100
1073,09:38:05,$ 3436.57,100
1074,09:38:04,$ 3436.69,100
1075,09:38:01,$ 3437.7675,250
1076,09:37:52,$ 3437.82,100
1077,09:37:52,$ 3438.632,100
1078,09:37:52,$ 3438.58,100
1079,09:37:52,$ 3438.582,100
1080,09:37:52,$ 3438.52,100
1081,09:37:43,$ 3437.35,100
1082,09:37:42,$ 3436.5047,"1,012"
1083,09:37:42,$ 3436.5047,288
1084,09:37:40,$ 3437.01,100
1085,09:37:40,$ 3436.34,100
1086,09:37:40,$ 3437.68,100
1087,09:37:38,$ 3436.8421,100
1088,09:37:37,$ 3436.025,100
1089,09:37:37,$ 3436.045,100
1090,09:37:36,$ 3437.38,"1,000"
1091,09:37:34,$ 3437.5016,300
1093,09:37:34,$ 3436.44,100
1094,09:37:34,$ 3437.68,100
1095,09:37:33,$ 3438.2891,285
1096,09:37:32,$ 3436.3201,395
1097,09:37:30,$ 3437.13,100
1098,09:37:29,$ 3437.42,100
1099,09:37:29,$ 3437.93,100
1100,09:37:29,$ 3436.735,100
1101,09:37:28,$ 3438.16,100
1102,09:37:28,$ 3438.158,100
1103,09:37:28,$ 3439.0101,100
1104,09:37:28,$ 3438.85,194
1105,09:37:27,$ 3439.385,100
1106,09:37:26,$ 3439.328,317
1107,09:37:26,$ 3439.328,172
1108,09:37:26,$ 3439.665,300
1109,09:37:24,$ 3439.07,100
1110,09:37:20,$ 3439.7901,100
1111,09:37:17,$ 3439.14,100
1112,09:37:17,$ 3439.27,100
1114,09:37:15,$ 3440.51,100
1115,09:37:14,$ 3440.95,150
1116,09:37:14,$ 3440.94,201
1117,09:37:13,$ 3440.135,100
1118,09:37:10,$ 3441.16,500
1119,09:37:10,$ 3441.165,100
1120,09:37:06,$ 3441.175,100
1121,09:37:05,$ 3441.07,100
1122,09:37:05,$ 3440.46,139
1123,09:37:03,$ 3438.85,100
1124,09:37:02,$ 3439.53,100
1125,09:37:02,$ 3438.91,100
1126,09:37:00,$ 3439.665,400
1127,09:37:00,$ 3439.99,100
1128,09:36:59,$ 3439.768,144
1129,09:36:58,$ 3440.00,100
1130,09:36:58,$ 3440.01,100
1131,09:36:58,$ 3440.07,100
1132,09:36:58,$ 3440.02,100
1133,09:36:56,$ 3441.40,100
1135,09:36:53,$ 3441.30,100
1136,09:36:50,$ 3442.86,100
1137,09:36:48,$ 3441.13,100
1138,09:36:45,$ 3442.00,104
1139,09:36:45,$ 3442.025,100
1140,09:36:45,$ 3442.04,100
1141,09:36:43,$ 3444.13,100
1142,09:36:43,$ 3443.99,100
1143,09:36:43,$ 3443.99,100
1144,09:36:43,$ 3443.415,100
1145,09:36:41,$ 3442.785,100
1146,09:36:40,$ 3443.14,100
1147,09:36:39,$ 3442.17,100
1148,09:36:37,$ 3442.66,100
1149,09:36:36,$ 3442.67,271
1150,09:36:36,$ 3442.66,100
1151,09:36:36,$ 3442.67,280
1152,09:36:34,$ 3443.325,200
1153,09:36:33,$ 3443.325,100
1154,09:36:31,$ 3442.685,100
1156,09:36:30,$ 3443.20,100
1157,09:36:26,$ 3444.0689,136
1158,09:36:26,$ 3445.01,"1,000"
1159,09:36:25,$ 3445.01,100
1160,09:36:25,$ 3445.00,153
1161,09:36:22,$ 3446.695,100
1162,09:36:22,$ 3446.67,100
1163,09:36:21,$ 3446.10,100
1164,09:36:17,$ 3446.22,100
1165,09:36:09,$ 3444.62,100
1166,09:36:08,$ 3443.50,100
1167,09:36:07,$ 3443.94,100
1168,09:36:07,$ 3443.75,100
1169,09:36:05,$ 3444.79,100
1170,09:36:04,$ 3445.40,500
1171,09:35:58,$ 3446.08,100
1172,09:35:58,$ 3446.11,100
1173,09:35:58,$ 3445.47,100
1174,09:35:58,$ 3445.35,100
1175,09:35:57,$ 3443.8554,500
1177,09:35:54,$ 3444.74,100
1178,09:35:52,$ 3444.86,100
1179,09:35:51,$ 3444.22,100
1180,09:35:51,$ 3444.315,100
1181,09:35:50,$ 3444.00,100
1182,09:35:50,$ 3444.63,100
1183,09:35:50,$ 3444.33,100
1184,09:35:50,$ 3444.33,100
1185,09:35:50,$ 3444.85,100
1186,09:35:50,$ 3444.33,100
1187,09:35:47,$ 3445.8099,100
1188,09:35:44,$ 3445.52,100
1189,09:35:43,$ 3445.49,100
1190,09:35:42,$ 3446.17,100
1191,09:35:42,$ 3446.00,100
1192,09:35:41,$ 3446.95,968
1193,09:35:41,$ 3447.00,500
1194,09:35:40,$ 3447.195,100
1195,09:35:39,$ 3447.80,100
1196,09:35:36,$ 3448.01,100
1198,09:35:32,$ 3449.00,100
1199,09:35:23,$ 3449.46,100
1200,09:35:21,$ 3449.1962,200
1201,09:35:18,$ 3449.845,250
1202,09:35:17,$ 3449.00,131
1203,09:35:17,$ 3449.00,100
1204,09:35:17,$ 3449.50,100
1205,09:35:15,$ 3450.55,100
1206,09:35:15,$ 3451.0001,400
1207,09:35:15,$ 3451.42,100
1208,09:35:10,$ 3451.175,100
1209,09:35:10,$ 3451.01,100
1210,09:35:10,$ 3451.02,100
1211,09:35:09,$ 3451.62,500
1212,09:35:06,$ 3451.04,100
1213,09:35:04,$ 3452.68,100
1214,09:35:04,$ 3452.58,100
1215,09:35:04,$ 3452.682,100
1216,09:35:04,$ 3452.52,100
1217,09:35:04,$ 3452.498,100
1219,09:35:04,$ 3452.508,100
1220,09:35:04,$ 3452.568,100
1221,09:35:02,$ 3451.33,100
1222,09:35:02,$ 3452.76,100
1223,09:35:02,$ 3452.77,100
1224,09:35:02,$ 3453.40,100
1225,09:34:59,$ 3453.57,100
1226,09:34:59,$ 3453.57,100
1227,09:34:42,$ 3451.33,100
1228,09:34:25,$ 3453.6287,382
1229,09:34:23,$ 3453.4903,472
1230,09:34:23,$ 3453.4903,416
1231,09:34:11,$ 3453.38,100
1232,09:34:11,$ 3453.425,100
1233,09:34:09,$ 3453.9417,102
1234,09:34:09,$ 3454.87,100
1235,09:34:08,$ 3454.87,100
1236,09:34:08,$ 3454.863,500
1237,09:34:03,$ 3454.52,100
1238,09:34:02,$ 3454.88,171
1240,09:34:02,$ 3454.87,271
1241,09:34:02,$ 3454.52,100
1242,09:34:02,$ 3454.52,134
1243,09:34:02,$ 3454.52,116
1244,09:34:02,$ 3454.52,100
1245,09:34:02,$ 3453.78,200
1246,09:34:02,$ 3454.21,100
1247,09:34:02,$ 3454.21,100
1248,09:34:02,$ 3453.75,217
1249,09:34:02,$ 3453.75,226
1250,09:34:02,$ 3453.75,100
1251,09:34:01,$ 3452.15,100
1252,09:33:52,$ 3450.025,100
1253,09:33:49,$ 3450.495,100
1254,09:33:46,$ 3453.23,100
1255,09:33:43,$ 3450.00,100
1256,09:33:43,$ 3450.00,100
1257,09:33:43,$ 3451.71,100
1258,09:33:38,$ 3450.47,100
1259,09:33:38,$ 3454.97,100
1261,09:33:36,$ 3450.495,100
1262,09:33:36,$ 3450.605,100
1263,09:33:31,$ 3454.5481,250
1264,09:33:26,$ 3452.96,100
1265,09:33:26,$ 3453.00,100
1266,09:33:19,$ 3452.40,153
1267,09:33:17,$ 3451.00,100
1268,09:33:14,$ 3450.51,100
1269,09:33:14,$ 3450.51,190
1270,09:33:14,$ 3452.125,100
1271,09:33:14,$ 3452.125,100
1272,09:33:14,$ 3451.38,100
1273,09:33:14,$ 3452.9899,100
1274,09:33:09,$ 3453.31,100
1275,09:33:09,$ 3453.935,100
1276,09:33:08,$ 3453.57,100
1277,09:33:08,$ 3453.61,100
1278,09:33:08,$ 3453.62,200
1279,09:33:08,$ 3453.70,100
1280,09:33:00,$ 3452.60,100
1282,09:33:00,$ 3451.53,100
1283,09:33:00,$ 3451.58,131
1284,09:33:00,$ 3451.58,190
1285,09:32:59,$ 3451.52,100
1286,09:32:53,$ 3451.6537,300
1287,09:32:51,$ 3452.87,224
1288,09:32:51,$ 3452.88,100
1289,09:32:42,$ 3452.32,103
1290,09:32:42,$ 3452.32,129
1291,09:32:42,$ 3452.35,364
1292,09:32:38,$ 3451.40,546
1293,09:32:32,$ 3449.75,100
1294,09:32:30,$ 3450.145,100
1295,09:32:30,$ 3451.175,100
1296,09:32:30,$ 3451.175,100
1297,09:32:27,$ 3451.885,150
1298,09:32:27,$ 3451.885,100
1299,09:32:27,$ 3451.885,100
1300,09:32:21,$ 3453.07,100
1301,09:32:18,$ 3452.385,100
1303,09:32:17,$ 3452.19,100
1304,09:32:17,$ 3451.71,100
1305,09:32:15,$ 3450.00,100
1306,09:32:12,$ 3450.715,100
1307,09:32:07,$ 3450.14,100
1308,09:32:07,$ 3450.185,100
1309,09:32:07,$ 3450.165,100
1310,09:32:02,$ 3449.91,100
1311,09:32:00,$ 3449.1013,100
1312,09:31:59,$ 3449.47,200
1313,09:31:58,$ 3449.595,100
1314,09:31:57,$ 3450.64,100
1315,09:31:57,$ 3449.98,100
1316,09:31:57,$ 3449.98,100
1317,09:31:56,$ 3450.00,125
1318,09:31:54,$ 3450.9299,100
1319,09:31:50,$ 3451.12,100
1320,09:31:49,$ 3451.09,100
1321,09:31:49,$ 3451.30,100
1322,09:31:49,$ 3451.09,300
1324,09:31:44,$ 3451.325,100
1325,09:31:42,$ 3451.35,100
1326,09:31:40,$ 3452.00,200
1327,09:31:39,$ 3452.945,100
1328,09:31:28,$ 3454.34,100
1329,09:31:26,$ 3455.21,165
1330,09:31:26,$ 3453.495,100
1331,09:31:26,$ 3453.575,100
1332,09:31:22,$ 3453.575,100
1333,09:31:22,$ 3453.495,100
1334,09:31:20,$ 3452.745,100
1335,09:31:20,$ 3454.235,100
1336,09:31:14,$ 3453.305,100
1337,09:31:11,$ 3454.94,100
1338,09:31:10,$ 3454.94,100
1339,09:31:06,$ 3452.00,100
1340,09:31:05,$ 3452.21,100
1341,09:31:05,$ 3454.66,214
1342,09:31:05,$ 3454.61,100
1343,09:31:05,$ 3454.62,100
1345,09:31:05,$ 3454.66,258
1346,09:31:05,$ 3455.2998,100
1347,09:31:05,$ 3454.00,500
1348,09:31:04,$ 3456.09,292
1349,09:31:04,$ 3455.01,100
1350,09:31:04,$ 3455.00,100
1351,09:31:04,$ 3455.00,195
1352,09:31:03,$ 3457.12,100
1353,09:31:02,$ 3458.87,250
1354,09:30:59,$ 3459.62,100
1355,09:30:58,$ 3459.65,100
1356,09:30:58,$ 3460.29,112
1357,09:30:58,$ 3460.29,169
1358,09:30:58,$ 3460.29,113
1359,09:30:58,$ 3460.29,113
1360,09:30:58,$ 3460.29,113
1361,09:30:58,$ 3460.29,113
1362,09:30:58,$ 3460.29,177
1363,09:30:58,$ 3459.78,100
1364,09:30:57,$ 3460.43,100
1366,09:30:57,$ 3460.43,200
1367,09:30:57,$ 3460.90,100
1368,09:30:57,$ 3460.93,100
1369,09:30:57,$ 3460.95,100
1370,09:30:56,$ 3459.64,100
1371,09:30:41,$ 3456.23,100
1372,09:30:39,$ 3457.322,100
1373,09:30:30,$ 3456.21,100
1374,09:30:28,$ 3458.1314,424
1375,09:30:26,$ 3458.70,200
1376,09:30:18,$ 3456.09,500
1377,09:30:18,$ 3458.052,100
1378,09:30:17,$ 3457.65,100
1379,09:30:14,$ 3459.20,155
1380,09:30:14,$ 3460.00,112
1381,09:30:13,$ 3460.84,100
1382,09:30:13,$ 3461.14,100
1383,09:30:07,$ 3462.67,100
1384,09:30:06,$ 3462.66,148
1385,09:30:06,$ 3462.62,100
1387,09:30:03,$ 3464.81,100
1388,09:30:02,$ 3464.01,100
1389,09:30:02,$ 3464.415,100
1390,09:30:02,$ 3464.00,1
1391,09:30:02,$ 3464.00,101
1392,09:30:02,$ 3464.00,1
1393,09:30:02,$ 3464.00,28
1394,09:30:02,$ 3464.00,4
1395,09:30:02,$ 3464.00,7
1396,09:30:02,$ 3464.00,2
1397,09:30:02,$ 3464.00,3
1398,09:30:02,$ 3464.00,7
1399,09:30:02,$ 3464.00,1
1400,09:30:02,$ 3464.00,1
1401,09:30:02,$ 3464.00,4
1402,09:30:02,$ 3464.00,10
1403,09:30:02,$ 3464.00,1
1404,09:30:02,$ 3464.00,24
1405,09:30:02,$ 3464.00,2
1406,09:30:02,$ 3464.00,6
1408,09:30:02,$ 3464.00,19
1409,09:30:02,$ 3464.00,16
1410,09:30:02,$ 3464.00,32
1411,09:30:02,$ 3464.00,4
1412,09:30:02,$ 3464.00,1
1413,09:30:02,$ 3464.00,1
1414,09:30:02,$ 3464.00,1
1415,09:30:02,$ 3464.00,144
1416,09:30:02,$ 3464.00,3
1417,09:30:02,$ 3464.00,7
1418,09:30:02,$ 3464.00,2
1419,09:30:02,$ 3464.00,62
1420,09:30:02,$ 3464.00,5
1421,09:30:02,$ 3464.00,18
1422,09:30:02,$ 3464.00,3
1423,09:30:02,$ 3464.00,9
1424,09:30:02,$ 3464.00,22
1425,09:30:02,$ 3464.00,2
1426,09:30:02,$ 3464.00,34
1427,09:30:02,$ 3464.00,3
1429,09:30:02,$ 3464.00,100
1430,09:30:02,$ 3464.00,8
1431,09:30:02,$ 3464.00,1
1432,09:30:02,$ 3464.00,6
1433,09:30:02,$ 3464.00,25
1434,09:30:02,$ 3464.00,21
1435,09:30:02,$ 3464.00,2
1436,09:30:02,$ 3464.00,1
1437,09:30:02,$ 3464.00,2
1438,09:30:02,$ 3464.00,45
1439,09:30:02,$ 3464.00,12
1440,09:30:02,$ 3464.00,3
1441,09:30:02,$ 3464.00,10
1442,09:30:02,$ 3464.00,16
1443,09:30:02,$ 3464.00,21
1444,09:30:02,$ 3464.00,14
1445,09:30:02,$ 3464.00,3
1446,09:30:02,$ 3464.00,15
1447,09:30:02,$ 3464.00,5
1448,09:30:02,$ 3464.00,2
1450,09:30:02,$ 3464.00,2
1451,09:30:02,$ 3464.00,30
1452,09:30:02,$ 3464.00,1
1453,09:30:02,$ 3464.00,1
1454,09:30:02,$ 3464.00,1
1455,09:30:02,$ 3464.00,1
1456,09:30:02,$ 3464.00,1
1457,09:30:02,$ 3464.00,1
1458,09:30:02,$ 3464.00,2
1459,09:30:02,$ 3464.00,1
1460,09:30:02,$ 3464.00,1
1461,09:30:02,$ 3464.00,1
1462,09:30:02,$ 3464.00,1
1463,09:30:02,$ 3464.00,2
1464,09:30:02,$ 3464.00,1
1465,09:30:02,$ 3464.00,14
1466,09:30:02,$ 3464.00,2
1467,09:30:02,$ 3464.00,41
1468,09:30:02,$ 3464.00,80
1469,09:30:02,$ 3464.00,3
1471,09:30:02,$ 3464.00,5
1472,09:30:02,$ 3464.00,1
1473,09:30:02,$ 3464.00,1
1474,09:30:02,$ 3464.00,3
1475,09:30:02,$ 3464.00,2
1476,09:30:02,$ 3464.00,2
1477,09:30:02,$ 3464.00,1
1478,09:30:02,$ 3464.00,1
1479,09:30:02,$ 3464.00,4
1480,09:30:02,$ 3464.00,4
1481,09:30:02,$ 3464.00,1
1482,09:30:02,$ 3464.00,1
1483,09:30:02,$ 3464.00,3
1484,09:30:02,$ 3464.00,1
1485,09:30:02,$ 3464.00,5
1486,09:30:02,$ 3464.00,1
1487,09:30:02,$ 3464.00,10
1488,09:30:02,$ 3464.00,1
1489,09:30:02,$ 3464.00,8
1490,09:30:02,$ 3464.00,1
1492,09:30:02,$ 3464.00,1
1493,09:30:02,$ 3464.00,2
1494,09:30:02,$ 3464.00,5
1495,09:30:02,$ 3464.00,2
1496,09:30:02,$ 3464.00,1
1497,09:30:02,$ 3464.00,1
1498,09:30:02,$ 3464.00,3
1499,09:30:02,$ 3464.00,3
1500,09:30:02,$ 3464.00,2
1501,09:30:02,$ 3464.00,1
1502,09:30:02,$ 3464.00,1
1503,09:30:02,$ 3464.00,1
1504,09:30:02,$ 3464.00,10
1505,09:30:02,$ 3464.00,1
1506,09:30:02,$ 3464.00,1
1507,09:30:02,$ 3464.00,1
1508,09:30:02,$ 3464.00,1
1509,09:30:02,$ 3464.00,5
1510,09:30:02,$ 3464.00,1
1511,09:30:02,$ 3464.00,3
1513,09:30:02,$ 3464.00,10
1514,09:30:02,$ 3464.00,1
1515,09:30:02,$ 3464.00,5
1516,09:30:02,$ 3464.00,7
1517,09:30:02,$ 3464.00,3
1518,09:30:02,$ 3464.00,1
1519,09:30:02,$ 3464.00,100
1520,09:30:02,$ 3464.00,1
1521,09:30:02,$ 3464.00,5
1522,09:30:02,$ 3464.00,3
1523,09:30:02,$ 3464.00,1
1524,09:30:02,$ 3464.00,1
1525,09:30:02,$ 3464.00,1
1526,09:30:02,$ 3464.00,5
1527,09:30:02,$ 3464.00,2
1528,09:30:02,$ 3464.00,4
1529,09:30:02,$ 3464.00,3
1530,09:30:02,$ 3464.00,2
1531,09:30:02,$ 3464.00,1
1532,09:30:02,$ 3464.00,1
1534,09:30:02,$ 3464.00,1
1535,09:30:02,$ 3464.00,10
1536,09:30:02,$ 3464.00,1
1537,09:30:02,$ 3464.00,10
1538,09:30:02,$ 3464.00,1
1539,09:30:02,$ 3464.00,3
1540,09:30:02,$ 3464.00,1
1541,09:30:02,$ 3464.00,2
1542,09:30:02,$ 3464.00,1
1543,09:30:02,$ 3464.00,1
1544,09:30:02,$ 3464.00,5
1545,09:30:02,$ 3464.00,1
1546,09:30:02,$ 3464.00,5
1547,09:30:02,$ 3464.00,1
1548,09:30:02,$ 3464.00,11
1549,09:30:02,$ 3464.00,2
1550,09:30:02,$ 3464.00,5
1551,09:30:02,$ 3464.00,5
1552,09:30:02,$ 3464.00,11
1553,09:30:02,$ 3464.00,1
1555,09:30:02,$ 3464.00,2
1556,09:30:02,$ 3464.00,8
1557,09:30:02,$ 3464.00,1
1558,09:30:02,$ 3464.00,1
1559,09:30:02,$ 3464.00,2
1560,09:30:02,$ 3464.00,7
1561,09:30:02,$ 3464.00,2
1562,09:30:02,$ 3464.00,1
1563,09:30:02,$ 3464.00,1
1564,09:30:02,$ 3464.00,1
1565,09:30:02,$ 3464.00,1
1566,09:30:02,$ 3464.00,1
1567,09:30:02,$ 3464.00,2
1568,09:30:02,$ 3464.00,4
1569,09:30:02,$ 3464.00,1
1570,09:30:02,$ 3464.00,2
1571,09:30:02,$ 3464.00,1
1572,09:30:02,$ 3464.00,2
1573,09:30:02,$ 3464.00,1
1574,09:30:02,$ 3464.00,1
1576,09:30:02,$ 3464.00,1
1577,09:30:02,$ 3464.00,6
1578,09:30:02,$ 3464.00,3
1579,09:30:02,$ 3464.00,1
1580,09:30:02,$ 3464.00,10
1581,09:30:02,$ 3464.00,1
1582,09:30:02,$ 3464.00,2
1583,09:30:02,$ 3464.00,3
1584,09:30:02,$ 3464.00,2
1585,09:30:02,$ 3464.00,1
1586,09:30:02,$ 3464.00,1
1587,09:30:02,$ 3464.00,1
1588,09:30:02,$ 3464.00,12
1589,09:30:02,$ 3464.00,1
1590,09:30:02,$ 3464.00,3
1591,09:30:02,$ 3464.00,1
1592,09:30:02,$ 3464.00,3
1593,09:30:02,$ 3464.00,1
1594,09:30:02,$ 3464.00,2
1595,09:30:02,$ 3464.00,2
1597,09:30:02,$ 3464.00,1
1598,09:30:02,$ 3464.00,1
1599,09:30:02,$ 3464.00,1
1600,09:30:02,$ 3464.00,2
1601,09:30:02,$ 3464.00,1
1602,09:30:02,$ 3464.00,1
1603,09:30:02,$ 3464.00,7
1604,09:30:02,$ 3464.00,6
1605,09:30:02,$ 3464.00,1
1606,09:30:02,$ 3464.00,10
1607,09:30:02,$ 3464.00,1
1608,09:30:02,$ 3464.00,6
1609,09:30:02,$ 3464.00,2
1610,09:30:02,$ 3464.00,1
1611,09:30:02,$ 3464.00,1
1612,09:30:02,$ 3464.00,3
1613,09:30:02,$ 3464.00,2
1614,09:30:02,$ 3464.00,4
1615,09:30:02,$ 3464.00,3
1616,09:30:02,$ 3464.00,1
1618,09:30:02,$ 3464.00,4
1619,09:30:02,$ 3464.00,3
1620,09:30:02,$ 3464.00,1
1621,09:30:02,$ 3464.00,7
1622,09:30:02,$ 3464.00,1
1623,09:30:02,$ 3464.00,1
1624,09:30:02,$ 3464.00,5
1625,09:30:02,$ 3464.00,10
1626,09:30:02,$ 3464.00,1
1627,09:30:02,$ 3464.00,2
1628,09:30:02,$ 3464.00,3
1629,09:30:02,$ 3464.00,1
1630,09:30:02,$ 3464.00,3
1631,09:30:02,$ 3464.00,27
1632,09:30:02,$ 3464.00,11
1633,09:30:02,$ 3464.00,5
1634,09:30:02,$ 3464.00,5
1635,09:30:02,$ 3464.00,2
1636,09:30:02,$ 3464.00,2
1637,09:30:02,$ 3464.00,1
1639,09:30:02,$ 3464.00,1
1640,09:30:02,$ 3464.00,3
1641,09:30:02,$ 3464.00,1
1642,09:30:02,$ 3464.00,10
1643,09:30:02,$ 3464.00,1
1644,09:30:02,$ 3464.00,1
1645,09:30:02,$ 3464.00,7
1646,09:30:02,$ 3464.00,4
1647,09:30:02,$ 3464.00,2
1648,09:30:02,$ 3464.00,1
1649,09:30:02,$ 3464.00,10
1650,09:30:02,$ 3464.00,2
1651,09:30:02,$ 3464.00,5
1652,09:30:02,$ 3464.00,1
1653,09:30:02,$ 3464.00,2
1654,09:30:02,$ 3464.00,3
1655,09:30:02,$ 3464.00,19
1656,09:30:02,$ 3464.00,30
1657,09:30:02,$ 3464.00,2
1658,09:30:02,$ 3464.00,1
1660,09:30:02,$ 3464.00,1
1661,09:30:02,$ 3464.00,1
1662,09:30:02,$ 3464.00,1
1663,09:30:02,$ 3464.00,3
1664,09:30:02,$ 3464.00,5
1665,09:30:02,$ 3464.00,14
1666,09:30:02,$ 3464.00,2
1667,09:30:02,$ 3464.00,1
1668,09:30:02,$ 3464.00,1
1669,09:30:02,$ 3464.00,10
1670,09:30:02,$ 3464.00,2
1671,09:30:02,$ 3464.00,3
1672,09:30:02,$ 3464.00,34
1673,09:30:02,$ 3464.00,1
1674,09:30:02,$ 3464.00,15
1675,09:30:02,$ 3464.00,3
1676,09:30:02,$ 3464.00,1
1677,09:30:02,$ 3464.00,6
1678,09:30:02,$ 3464.00,1
1679,09:30:02,$ 3464.00,1
1681,09:30:02,$ 3464.00,2
1682,09:30:02,$ 3464.00,2
1683,09:30:02,$ 3464.00,1
1684,09:30:02,$ 3464.00,4
1685,09:30:02,$ 3464.00,10
1686,09:30:02,$ 3464.00,"2,000"
1687,09:30:02,$ 3464.00,1
1688,09:30:02,$ 3464.00,2
1689,09:30:02,$ 3464.00,20
1690,09:30:02,$ 3464.00,5
1691,09:30:02,$ 3464.00,1
1692,09:30:02,$ 3464.00,4
1693,09:30:02,$ 3464.00,1
1694,09:30:02,$ 3464.00,1
1695,09:30:02,$ 3464.00,10
1696,09:30:02,$ 3464.00,2
1697,09:30:02,$ 3464.00,1
1698,09:30:02,$ 3464.00,1
1699,09:30:02,$ 3464.00,1
1700,09:30:02,$ 3464.00,15
1702,09:30:02,$ 3464.00,1
1703,09:30:02,$ 3464.00,44
1704,09:30:02,$ 3464.00,2
1705,09:30:02,$ 3464.00,3
1706,09:30:02,$ 3464.00,150
1707,09:30:02,$ 3464.00,18
1708,09:30:02,$ 3464.00,200
1709,09:30:02,$ 3464.00,15
1710,09:30:02,$ 3464.00,5
1711,09:30:02,$ 3464.00,1
1712,09:30:02,$ 3464.00,2
1713,09:30:02,$ 3464.00,7
1714,09:30:02,$ 3464.00,1
1715,09:30:02,$ 3464.00,1
1716,09:30:02,$ 3464.00,13
1717,09:30:02,$ 3464.00,5
1718,09:30:02,$ 3464.00,7
1719,09:30:02,$ 3464.00,1
1720,09:30:02,$ 3464.00,3
1721,09:30:02,$ 3464.00,1
1723,09:30:02,$ 3464.00,1
1724,09:30:02,$ 3464.00,2
1725,09:30:02,$ 3464.00,2
1726,09:30:02,$ 3464.00,1
1727,09:30:02,$ 3464.00,1
1728,09:30:02,$ 3464.00,1
1729,09:30:02,$ 3464.00,5
1730,09:30:02,$ 3464.00,10
1731,09:30:02,$ 3464.00,8
1732,09:30:02,$ 3464.00,10
1733,09:30:02,$ 3464.00,2
1734,09:30:02,$ 3464.00,30
1735,09:30:02,$ 3464.00,1
1736,09:30:02,$ 3464.00,1
1737,09:30:02,$ 3464.00,5
1738,09:30:02,$ 3464.00,35
1739,09:30:02,$ 3464.00,4
1740,09:30:02,$ 3464.00,33
1741,09:30:02,$ 3464.00,1
1742,09:30:02,$ 3464.00,7
1744,09:30:02,$ 3464.00,15
1745,09:30:02,$ 3464.00,7
1746,09:30:02,$ 3464.00,3
1747,09:30:02,$ 3464.00,5
1748,09:30:02,$ 3464.00,1
1749,09:30:02,$ 3464.00,204
1750,09:30:02,$ 3464.00,6
1751,09:30:02,$ 3464.00,12
1752,09:30:02,$ 3464.00,8
1753,09:30:02,$ 3464.00,3
1754,09:30:02,$ 3464.00,29
1755,09:30:02,$ 3464.00,1
1756,09:30:02,$ 3464.00,1
1757,09:30:02,$ 3464.00,1
1758,09:30:02,$ 3464.00,2
1759,09:30:02,$ 3464.00,7
1760,09:30:02,$ 3464.00,5
1761,09:30:02,$ 3464.00,35
1762,09:30:02,$ 3464.00,1
1763,09:30:02,$ 3464.00,1
1765,09:30:02,$ 3464.00,2
1766,09:30:02,$ 3464.00,1
1767,09:30:02,$ 3464.00,3
1768,09:30:02,$ 3464.00,3
1769,09:30:02,$ 3464.00,1
1770,09:30:02,$ 3464.00,3
1771,09:30:02,$ 3464.00,2
1772,09:30:02,$ 3464.00,1
1773,09:30:02,$ 3464.00,1
1774,09:30:02,$ 3464.00,1
1775,09:30:02,$ 3464.00,1
1776,09:30:02,$ 3464.00,1
1777,09:30:02,$ 3464.00,1
1778,09:30:02,$ 3464.00,2
1779,09:30:02,$ 3464.00,1
1780,09:30:02,$ 3464.00,1
1781,09:30:02,$ 3464.00,1
1782,09:30:02,$ 3464.00,2
1783,09:30:02,$ 3464.00,1
1784,09:30:02,$ 3464.00,1
1786,09:30:02,$ 3464.00,5
1787,09:30:02,$ 3464.00,1
1788,09:30:02,$ 3464.00,1
1789,09:30:02,$ 3464.00,2
1790,09:30:02,$ 3464.00,1
1791,09:30:02,$ 3464.00,1
1792,09:30:02,$ 3464.00,1
1793,09:30:02,$ 3464.00,3
1794,09:30:02,$ 3464.00,1
1795,09:30:02,$ 3464.00,2
1796,09:30:02,$ 3464.00,1
1797,09:30:02,$ 3464.00,1
1798,09:30:02,$ 3464.00,1
1799,09:30:02,$ 3464.00,2
1800,09:30:02,$ 3464.00,10
1801,09:30:02,$ 3464.00,3
1802,09:30:02,$ 3464.00,8
1803,09:30:02,$ 3464.00,1
1804,09:30:02,$ 3464.00,3
1805,09:30:02,$ 3464.00,3
1807,09:30:02,$ 3464.00,1
1808,09:30:02,$ 3464.00,2
1809,09:30:02,$ 3464.00,1
1810,09:30:02,$ 3464.00,2
1811,09:30:02,$ 3464.00,1
1812,09:30:02,$ 3464.00,5
1813,09:30:02,$ 3464.00,20
1814,09:30:02,$ 3464.00,1
1815,09:30:02,$ 3464.00,1
1816,09:30:02,$ 3464.00,3
1817,09:30:02,$ 3464.00,2
1818,09:30:02,$ 3464.00,5
1819,09:30:02,$ 3464.00,1
1820,09:30:02,$ 3464.00,2
1821,09:30:02,$ 3464.00,4
1822,09:30:02,$ 3464.00,4
1823,09:30:02,$ 3464.00,10
1824,09:30:02,$ 3464.00,5
1825,09:30:02,$ 3464.00,1
1826,09:30:02,$ 3464.00,1
1828,09:30:02,$ 3464.00,1
1829,09:30:02,$ 3464.00,3
1830,09:30:02,$ 3464.00,118
1831,09:30:02,$ 3464.00,1
1832,09:30:02,$ 3464.00,1
1833,09:30:02,$ 3464.00,1
1834,09:30:02,$ 3464.00,3
1835,09:30:02,$ 3464.00,10
1836,09:30:02,$ 3464.00,1
1837,09:30:02,$ 3464.00,11
1838,09:30:02,$ 3464.00,1
1839,09:30:02,$ 3464.00,1
1840,09:30:02,$ 3464.00,103
1841,09:30:02,$ 3464.00,1
1842,09:30:02,$ 3464.00,4
1843,09:30:02,$ 3464.00,1
1844,09:30:02,$ 3464.00,1
1845,09:30:02,$ 3464.00,3
1846,09:30:02,$ 3464.00,1
1847,09:30:02,$ 3464.00,10
1849,09:30:02,$ 3464.00,1
1850,09:30:02,$ 3464.00,1
1851,09:30:02,$ 3464.00,3
1852,09:30:02,$ 3464.00,6
1853,09:30:02,$ 3464.00,1
1854,09:30:02,$ 3464.00,7
1855,09:30:02,$ 3464.00,1
1856,09:30:02,$ 3464.00,2
1857,09:30:02,$ 3464.00,8
1858,09:30:02,$ 3464.00,1
1859,09:30:02,$ 3464.00,1
1860,09:30:02,$ 3464.00,1
1861,09:30:02,$ 3464.00,23
1862,09:30:02,$ 3464.00,5
1863,09:30:02,$ 3464.00,25
1864,09:30:02,$ 3464.00,3
1865,09:30:02,$ 3464.00,3
1866,09:30:02,$ 3464.00,1
1867,09:30:02,$ 3464.00,3
1868,09:30:02,$ 3464.00,13
1870,09:30:02,$ 3464.00,2
1871,09:30:02,$ 3464.00,2
1872,09:30:02,$ 3464.00,1
1873,09:30:02,$ 3464.00,2
1874,09:30:02,$ 3464.00,11
1875,09:30:02,$ 3464.00,10
1876,09:30:02,$ 3464.00,2
1877,09:30:02,$ 3464.00,1
1878,09:30:02,$ 3464.00,2
1879,09:30:02,$ 3464.00,1
1880,09:30:02,$ 3464.00,1
1881,09:30:02,$ 3464.00,3
1882,09:30:02,$ 3464.00,7
1883,09:30:02,$ 3464.00,1
1884,09:30:02,$ 3464.00,3
1885,09:30:02,$ 3464.00,2
1886,09:30:02,$ 3464.00,1
1887,09:30:02,$ 3464.00,1
1888,09:30:02,$ 3464.00,1
1889,09:30:02,$ 3464.00,10
1891,09:30:02,$ 3464.00,1
1892,09:30:02,$ 3464.00,5
1893,09:30:02,$ 3464.00,1
1894,09:30:02,$ 3464.00,2
1895,09:30:02,$ 3464.00,24
1896,09:30:02,$ 3464.00,28
1897,09:30:02,$ 3464.00,2
1898,09:30:02,$ 3464.00,1
1899,09:30:02,$ 3464.00,1
1900,09:30:02,$ 3464.00,2
1901,09:30:02,$ 3464.00,7
1902,09:30:02,$ 3464.00,5
1903,09:30:02,$ 3464.00,1
1904,09:30:02,$ 3464.00,55
1905,09:30:02,$ 3464.00,3
1906,09:30:02,$ 3464.00,2
1907,09:30:02,$ 3464.00,1
1908,09:30:02,$ 3464.00,1
1909,09:30:02,$ 3464.00,1
1910,09:30:02,$ 3464.00,3
1912,09:30:02,$ 3464.00,8
1913,09:30:02,$ 3464.00,1
1914,09:30:02,$ 3464.00,1
1915,09:30:02,$ 3464.00,1
1916,09:30:02,$ 3464.00,5
1917,09:30:02,$ 3464.00,2
1918,09:30:02,$ 3464.00,8
1919,09:30:02,$ 3464.00,1
1920,09:30:02,$ 3464.00,1
1921,09:30:02,$ 3464.00,1
1922,09:30:02,$ 3464.00,14
1923,09:30:02,$ 3464.00,6
1924,09:30:02,$ 3464.00,25
1925,09:30:02,$ 3464.00,28
1926,09:30:02,$ 3464.00,3
1927,09:30:02,$ 3464.00,10
1928,09:30:02,$ 3464.00,9
1929,09:30:02,$ 3464.00,3
1930,09:30:02,$ 3464.00,2
1931,09:30:02,$ 3464.00,1
1933,09:30:02,$ 3464.00,3
1934,09:30:02,$ 3464.00,63
1935,09:30:02,$ 3464.00,1
1936,09:30:02,$ 3464.00,1
1937,09:30:02,$ 3464.00,2
1938,09:30:02,$ 3464.00,60
1939,09:30:02,$ 3464.00,5
1940,09:30:02,$ 3464.00,1
1941,09:30:02,$ 3464.00,1
1942,09:30:02,$ 3464.00,3
1943,09:30:02,$ 3464.00,3
1944,09:30:02,$ 3464.00,2
1945,09:30:02,$ 3464.00,2
1946,09:30:02,$ 3464.00,5
1947,09:30:02,$ 3464.00,1
1948,09:30:02,$ 3464.00,7
1949,09:30:02,$ 3464.00,1
1950,09:30:02,$ 3464.00,2
1951,09:30:02,$ 3464.00,1
1952,09:30:02,$ 3464.00,6
1954,09:30:02,$ 3464.00,1
1955,09:30:02,$ 3464.00,10
1956,09:30:02,$ 3464.00,3
1957,09:30:02,$ 3464.00,1
1958,09:30:02,$ 3464.00,2
1959,09:30:02,$ 3464.00,1
1960,09:30:02,$ 3464.00,4
1961,09:30:02,$ 3464.00,5
1962,09:30:02,$ 3464.00,1
1963,09:30:02,$ 3464.00,1
1964,09:30:02,$ 3464.00,2
1965,09:30:02,$ 3464.00,1
1966,09:30:02,$ 3464.00,1
1967,09:30:02,$ 3464.00,1
1968,09:30:02,$ 3464.00,1
1969,09:30:02,$ 3464.00,1
1970,09:30:02,$ 3464.00,4
1971,09:30:02,$ 3464.00,10
1972,09:30:02,$ 3464.00,1
1973,09:30:02,$ 3464.00,4
1975,09:30:02,$ 3464.00,1
1976,09:30:02,$ 3464.00,4
1977,09:30:02,$ 3464.00,1
1978,09:30:02,$ 3464.00,2
1979,09:30:02,$ 3464.00,1
1980,09:30:02,$ 3464.00,1
1981,09:30:02,$ 3464.00,7
1982,09:30:02,$ 3464.00,1
1983,09:30:02,$ 3464.00,10
1984,09:30:02,$ 3464.00,1
1985,09:30:02,$ 3464.00,2
1986,09:30:02,$ 3464.00,4
1987,09:30:02,$ 3464.00,2
1988,09:30:02,$ 3464.00,"3,895"
1989,09:30:02,$ 3464.00,5
1990,09:30:02,$ 3464.00,3
1991,09:30:02,$ 3464.00,9
1992,09:30:02,$ 3464.00,2
1993,09:30:02,$ 3464.00,1
1994,09:30:02,$ 3464.00,1
1996,09:30:02,$ 3464.00,1
1997,09:30:02,$ 3464.00,1
1998,09:30:02,$ 3464.00,1
1999,09:30:02,$ 3464.00,1
2000,09:30:02,$ 3464.00,1
2001,09:30:02,$ 3464.00,1
2002,09:30:02,$ 3464.00,1
2003,09:30:02,$ 3464.00,10
2004,09:30:02,$ 3464.00,14
2005,09:30:02,$ 3464.00,1
2006,09:30:02,$ 3464.00,3
2007,09:30:02,$ 3464.00,1
2008,09:30:02,$ 3464.00,1
2009,09:30:02,$ 3464.00,1
2010,09:30:02,$ 3464.00,1
2011,09:30:02,$ 3464.00,1
2012,09:30:02,$ 3464.00,226
2013,09:30:02,$ 3464.00,10
2014,09:30:02,$ 3464.00,3
2015,09:30:02,$ 3464.00,1
2017,09:30:02,$ 3464.00,5
2018,09:30:02,$ 3464.00,3
2019,09:30:02,$ 3464.00,1
2020,09:30:02,$ 3464.00,1
2021,09:30:02,$ 3464.00,1
2022,09:30:02,$ 3464.00,1
2023,09:30:02,$ 3464.00,7
2024,09:30:02,$ 3464.00,11
2025,09:30:02,$ 3464.00,2
2026,09:30:02,$ 3464.00,1
2027,09:30:02,$ 3464.00,8
2028,09:30:02,$ 3464.00,1
2029,09:30:02,$ 3464.00,18
2030,09:30:02,$ 3464.00,2
2031,09:30:02,$ 3464.00,2
2032,09:30:02,$ 3464.00,10
2033,09:30:02,$ 3464.00,1
2034,09:30:02,$ 3464.00,1
2035,09:30:02,$ 3464.00,13
2036,09:30:02,$ 3464.00,3
2038,09:30:02,$ 3464.00,10
2039,09:30:02,$ 3464.00,10
2040,09:30:02,$ 3464.00,5
2041,09:30:02,$ 3464.00,1
2042,09:30:02,$ 3464.00,1
2043,09:30:02,$ 3464.00,5
2044,09:30:02,$ 3464.00,1
2045,09:30:02,$ 3464.00,5
2046,09:30:02,$ 3464.00,3
2047,09:30:02,$ 3464.00,1
2048,09:30:02,$ 3464.00,1
2049,09:30:02,$ 3464.00,1
2050,09:30:02,$ 3464.00,2
2051,09:30:02,$ 3464.00,2
2052,09:30:02,$ 3464.00,28
2053,09:30:02,$ 3464.00,2
2054,09:30:02,$ 3464.00,1
2055,09:30:02,$ 3464.00,1
2056,09:30:02,$ 3464.00,50
2057,09:30:02,$ 3464.00,15
2059,09:30:02,$ 3464.00,1
2060,09:30:02,$ 3464.00,5
2061,09:30:02,$ 3464.00,2
2062,09:30:02,$ 3464.00,1
2063,09:30:02,$ 3464.00,20
2064,09:30:02,$ 3464.00,2
2065,09:30:02,$ 3464.00,20
2066,09:30:02,$ 3464.00,5
2067,09:30:02,$ 3464.00,3
2068,09:30:02,$ 3464.00,1
2069,09:30:02,$ 3464.00,6
2070,09:30:02,$ 3464.00,33
2071,09:30:02,$ 3464.00,2
2072,09:30:02,$ 3464.00,"2,000"
2073,09:30:02,$ 3464.00,1
2074,09:30:02,$ 3464.00,2
2075,09:30:02,$ 3464.00,6
2076,09:30:02,$ 3464.00,1
2077,09:30:02,$ 3464.00,1
2078,09:30:02,$ 3464.00,5
2080,09:30:02,$ 3464.00,4
2081,09:30:02,$ 3464.00,2
2082,09:30:02,$ 3464.00,1
2083,09:30:02,$ 3464.00,5
2084,09:30:02,$ 3464.00,20
2085,09:30:02,$ 3464.00,17
2086,09:30:02,$ 3464.00,7
2087,09:30:02,$ 3464.00,7
2088,09:30:02,$ 3464.00,1
2089,09:30:02,$ 3464.00,3
2090,09:30:02,$ 3464.00,1
2091,09:30:02,$ 3464.00,1
2092,09:30:02,$ 3464.00,3
2093,09:30:02,$ 3464.00,6
2094,09:30:02,$ 3464.00,2
2095,09:30:02,$ 3464.00,1
2096,09:30:02,$ 3464.00,2
2097,09:30:02,$ 3464.00,65
2098,09:30:02,$ 3464.00,13
2099,09:30:02,$ 3464.00,70
2101,09:30:02,$ 3464.00,70
2102,09:30:02,$ 3464.00,1
2103,09:30:02,$ 3464.00,11
2104,09:30:02,$ 3464.00,1
2105,09:30:02,$ 3464.00,10
2106,09:30:02,$ 3464.00,43
2107,09:30:02,$ 3464.00,1
2108,09:30:02,$ 3464.00,21
2109,09:30:02,$ 3464.00,2
2110,09:30:02,$ 3464.00,10
2111,09:30:02,$ 3464.00,2
2112,09:30:02,$ 3464.00,4
2113,09:30:02,$ 3464.00,3
2114,09:30:02,$ 3464.00,1
2115,09:30:02,$ 3464.00,4
2116,09:30:02,$ 3464.00,3
2117,09:30:02,$ 3464.00,6
2118,09:30:02,$ 3464.00,1
2119,09:30:02,$ 3464.00,2
2120,09:30:02,$ 3464.00,2
2122,09:30:02,$ 3464.00,1
2123,09:30:02,$ 3464.00,2
2124,09:30:02,$ 3464.00,2
2125,09:30:02,$ 3464.00,3
2126,09:30:02,$ 3464.00,3
2127,09:30:02,$ 3464.00,1
2128,09:30:02,$ 3464.00,1
2129,09:30:02,$ 3464.00,1
2130,09:30:02,$ 3464.00,1
2131,09:30:02,$ 3464.00,6
2132,09:30:02,$ 3464.00,10
2133,09:30:02,$ 3464.00,2
2134,09:30:02,$ 3464.00,1
2135,09:30:02,$ 3464.00,1
2136,09:30:02,$ 3464.00,5
2137,09:30:02,$ 3464.00,2
2138,09:30:02,$ 3464.00,1
2139,09:30:02,$ 3464.00,8
2140,09:30:02,$ 3464.00,1
2141,09:30:02,$ 3464.00,1
2143,09:30:02,$ 3464.00,1
2144,09:30:02,$ 3464.00,2
2145,09:30:02,$ 3464.00,1
2146,09:30:02,$ 3464.00,10
2147,09:30:02,$ 3464.00,1
2148,09:30:02,$ 3464.00,3
2149,09:30:02,$ 3464.00,5
2150,09:30:02,$ 3464.00,2
2151,09:30:02,$ 3464.00,1
2152,09:30:02,$ 3464.00,2
2153,09:30:02,$ 3464.00,2
2154,09:30:02,$ 3464.00,4
2155,09:30:02,$ 3464.00,21
2156,09:30:02,$ 3464.00,16
2157,09:30:02,$ 3464.00,10
2158,09:30:02,$ 3464.00,20
2159,09:30:02,$ 3464.00,15
2160,09:30:02,$ 3464.00,1
2161,09:30:02,$ 3464.00,10
2162,09:30:02,$ 3464.00,2
2164,09:30:02,$ 3464.00,4
2165,09:30:02,$ 3464.00,1
2166,09:30:02,$ 3464.00,3
2167,09:30:02,$ 3464.00,30
2168,09:30:02,$ 3464.00,5
2169,09:30:02,$ 3464.00,1
2170,09:30:02,$ 3464.00,15
2171,09:30:02,$ 3464.00,1
2172,09:30:02,$ 3464.00,20
2173,09:30:02,$ 3464.00,10
2174,09:30:02,$ 3464.00,5
2175,09:30:02,$ 3464.00,1
2176,09:30:02,$ 3464.00,14
2177,09:30:02,$ 3464.00,5
2178,09:30:02,$ 3464.00,82
2179,09:30:02,$ 3464.00,81
2180,09:30:02,$ 3464.00,82
2181,09:30:02,$ 3464.00,81
2182,09:30:02,$ 3464.00,3
2183,09:30:02,$ 3464.00,1
2185,09:30:02,$ 3464.00,1
2186,09:30:02,$ 3464.00,1
2187,09:30:02,$ 3464.00,1
2188,09:30:02,$ 3464.00,1
2189,09:30:02,$ 3464.00,3
2190,09:30:02,$ 3464.00,1
2191,09:30:02,$ 3464.00,82
2192,09:30:02,$ 3464.00,81
2193,09:30:02,$ 3464.00,81
2194,09:30:02,$ 3464.00,82
2195,09:30:02,$ 3464.00,5
2196,09:30:02,$ 3464.00,172
2197,09:30:02,$ 3464.00,187
2198,09:30:02,$ 3464.00,81
2199,09:30:02,$ 3464.00,82
2200,09:30:02,$ 3464.00,5
2201,09:30:02,$ 3464.00,81
2202,09:30:02,$ 3464.00,81
2203,09:30:02,$ 3464.00,82
2204,09:30:02,$ 3464.00,5
2206,09:30:02,$ 3464.00,81
2207,09:30:02,$ 3464.00,82
2208,09:30:02,$ 3464.00,100
2209,09:30:02,$ 3464.00,81
2210,09:30:02,$ 3464.00,81
2211,09:30:02,$ 3464.00,82
2212,09:30:02,$ 3464.00,81
2213,09:30:02,$ 3464.00,82
2214,09:30:02,$ 3464.00,81
2215,09:30:02,$ 3464.00,81
2216,09:30:02,$ 3464.00,82
2217,09:30:02,$ 3464.00,81
2218,09:30:02,$ 3464.00,82
2219,09:30:02,$ 3464.00,81
2220,09:30:02,$ 3464.00,2
2221,09:30:02,$ 3464.00,28
2222,09:30:02,$ 3464.00,82
2223,09:30:02,$ 3464.00,81
2224,09:30:02,$ 3464.00,41
2225,09:30:02,$ 3464.00,40
2227,09:30:02,$ 3464.00,41
2228,09:30:02,$ 3464.00,41
2229,09:30:02,$ 3464.00,40
2230,09:30:02,$ 3464.00,41
2231,09:30:02,$ 3464.00,41
2232,09:30:02,$ 3464.00,41
2233,09:30:02,$ 3464.00,40
2234,09:30:02,$ 3464.00,41
2235,09:30:02,$ 3464.00,288
2236,09:30:02,$ 3464.00,2
2237,09:30:02,$ 3464.00,3
2238,09:30:02,$ 3464.00,3
2239,09:30:02,$ 3464.00,300
2240,09:30:02,$ 3464.00,350
2241,09:30:02,$ 3464.00,50
2242,09:30:02,$ 3464.00,50
2243,09:30:02,$ 3464.00,1
2244,09:30:02,$ 3464.00,24
2245,09:30:02,$ 3464.00,1
2246,09:30:02,$ 3464.00,1
2248,09:30:02,$ 3464.00,1
2249,09:30:02,$ 3464.00,20
2250,09:30:02,$ 3464.00,1
2251,09:30:02,$ 3464.00,4
2252,09:30:02,$ 3464.00,1
2253,09:30:02,$ 3464.00,1
2254,09:30:02,$ 3464.00,2
2255,09:30:02,$ 3464.00,8
2256,09:30:02,$ 3464.00,4
2257,09:30:02,$ 3464.00,10
2258,09:30:02,$ 3464.00,1
2259,09:30:02,$ 3464.00,1
2260,09:30:02,$ 3464.00,5
2261,09:30:02,$ 3464.00,1
2262,09:30:02,$ 3464.00,1
2263,09:30:02,$ 3464.00,4
2264,09:30:02,$ 3464.00,10
2265,09:30:02,$ 3464.00,1
2266,09:30:02,$ 3464.00,2
2267,09:30:02,$ 3464.00,3
2269,09:30:02,$ 3464.00,10
2270,09:30:02,$ 3464.00,1
2271,09:30:02,$ 3464.00,1
2272,09:30:02,$ 3464.00,10
2273,09:30:02,$ 3464.00,10
2274,09:30:02,$ 3464.00,4
2275,09:30:02,$ 3464.00,1
2276,09:30:02,$ 3464.00,4
2277,09:30:02,$ 3464.00,1
2278,09:30:02,$ 3464.00,2
2279,09:30:02,$ 3464.00,2
2280,09:30:02,$ 3464.00,1
2281,09:30:02,$ 3464.00,5
2282,09:30:02,$ 3464.00,3
2283,09:30:02,$ 3464.00,3
2284,09:30:02,$ 3464.00,8
2285,09:30:02,$ 3464.00,1
2286,09:30:02,$ 3464.00,1
2287,09:30:02,$ 3464.00,1
2288,09:30:02,$ 3464.00,3
2290,09:30:02,$ 3464.00,3
2291,09:30:02,$ 3464.00,2
2292,09:30:02,$ 3464.00,26
2293,09:30:02,$ 3464.00,1
2294,09:30:02,$ 3464.00,10
2295,09:30:02,$ 3464.00,1
2296,09:30:02,$ 3464.00,6
2297,09:30:02,$ 3464.00,1
2298,09:30:02,$ 3464.00,1
2299,09:30:02,$ 3464.00,1
2300,09:30:02,$ 3464.00,2
2301,09:30:02,$ 3464.00,2
2302,09:30:02,$ 3464.00,5
2303,09:30:02,$ 3464.00,3
2304,09:30:02,$ 3464.00,2
2305,09:30:02,$ 3464.00,1
2306,09:30:02,$ 3464.00,2
2307,09:30:02,$ 3464.00,1
2308,09:30:02,$ 3464.00,1
2309,09:30:02,$ 3464.00,2
2311,09:30:02,$ 3464.00,3
2312,09:30:02,$ 3464.00,1
2313,09:30:02,$ 3464.00,1
2314,09:30:02,$ 3464.00,2
2315,09:30:02,$ 3464.00,1
2316,09:30:02,$ 3464.00,1
2317,09:30:02,$ 3464.00,1
2318,09:30:02,$ 3464.00,1
2319,09:30:02,$ 3464.00,1
2320,09:30:02,$ 3464.00,1
2321,09:30:02,$ 3464.00,5
2322,09:30:02,$ 3464.00,1
2323,09:30:02,$ 3464.00,2
2324,09:30:02,$ 3464.00,2
2325,09:30:02,$ 3464.00,2
2326,09:30:02,$ 3464.00,2
2327,09:30:02,$ 3464.00,1
2328,09:30:02,$ 3464.00,1
2329,09:30:02,$ 3464.00,4
2330,09:30:02,$ 3464.00,1
2332,09:30:02,$ 3464.00,2
2333,09:30:02,$ 3464.00,8
2334,09:30:02,$ 3464.00,2
2335,09:30:02,$ 3464.00,2
2336,09:30:02,$ 3464.00,1
2337,09:30:02,$ 3464.00,1
2338,09:30:02,$ 3464.00,1
2339,09:30:02,$ 3464.00,1
2340,09:30:02,$ 3464.00,1
2341,09:30:02,$ 3464.00,1
2342,09:30:02,$ 3464.00,2
2343,09:30:02,$ 3464.00,1
2344,09:30:02,$ 3464.00,1
2345,09:30:02,$ 3464.00,1
2346,09:30:02,$ 3464.00,1
2347,09:30:02,$ 3464.00,1
2348,09:30:02,$ 3464.00,3
2349,09:30:02,$ 3464.00,3
2350,09:30:02,$ 3464.00,5
2351,09:30:02,$ 3464.00,3
2353,09:30:02,$ 3464.00,1
2354,09:30:02,$ 3464.00,1
2355,09:30:02,$ 3464.00,2
2356,09:30:02,$ 3464.00,3
2357,09:30:02,$ 3464.00,1
2358,09:30:02,$ 3464.00,2
2359,09:30:02,$ 3464.00,1
2360,09:30:02,$ 3464.00,1
2361,09:30:02,$ 3464.00,1
2362,09:30:02,$ 3464.00,1
2363,09:30:02,$ 3464.00,1
2364,09:30:02,$ 3464.00,1
2365,09:30:02,$ 3464.00,1
2366,09:30:02,$ 3464.00,1
2367,09:30:02,$ 3464.00,1
2368,09:30:02,$ 3464.00,2
2369,09:30:02,$ 3464.00,1
2370,09:30:02,$ 3464.00,3
2371,09:30:02,$ 3464.00,8
2372,09:30:02,$ 3464.00,1
2374,09:30:02,$ 3464.00,2
2375,09:30:02,$ 3464.00,1
2376,09:30:02,$ 3464.00,9
2377,09:30:02,$ 3464.00,1
2378,09:30:02,$ 3464.00,1
2379,09:30:02,$ 3464.00,3
2380,09:30:02,$ 3464.00,7
2381,09:30:02,$ 3464.00,1
2382,09:30:02,$ 3464.00,1
2383,09:30:02,$ 3464.00,1
2384,09:30:02,$ 3464.00,1
2385,09:30:02,$ 3464.00,1
2386,09:30:02,$ 3464.00,3
2387,09:30:02,$ 3464.00,1
2388,09:30:02,$ 3464.00,13
2389,09:30:02,$ 3464.00,1
2390,09:30:02,$ 3464.00,1
2391,09:30:02,$ 3464.00,1
2392,09:30:02,$ 3464.00,1
2393,09:30:02,$ 3464.00,1
2395,09:30:02,$ 3464.00,1
2396,09:30:02,$ 3464.00,1
2397,09:30:02,$ 3464.00,1
2398,09:30:02,$ 3464.00,1
2399,09:30:02,$ 3464.00,1
2400,09:30:02,$ 3464.00,2
2401,09:30:02,$ 3464.00,2
2402,09:30:02,$ 3464.00,4
2403,09:30:02,$ 3464.00,275
2404,09:30:02,$ 3464.00,1
2405,09:30:02,$ 3464.00,242
2406,09:30:02,$ 3464.00,1
2407,09:30:02,$ 3464.00,12
2408,09:30:02,$ 3464.00,100
2409,09:30:02,$ 3464.00,100
2410,09:30:02,$ 3464.00,100
2411,09:30:02,$ 3464.00,100
2412,09:30:02,$ 3464.00,70
2413,09:30:02,$ 3464.00,939
2414,09:30:02,$ 3464.00,3
2416,09:30:02,$ 3464.00,58
2417,09:30:02,$ 3464.00,170
2418,09:30:02,$ 3464.00,1
2419,09:30:02,$ 3464.00,1
2420,09:30:02,$ 3464.00,6
2421,09:30:02,$ 3464.00,40
2422,09:30:02,$ 3464.00,3
2423,09:30:02,$ 3464.00,74
2424,09:30:02,$ 3464.00,4
2425,09:30:02,$ 3464.00,3
2426,09:30:02,$ 3464.00,5
2427,09:30:02,$ 3464.00,1
2428,09:30:02,$ 3464.00,15
2429,09:30:02,$ 3464.00,270
2430,09:30:02,$ 3464.00,1
2431,09:30:02,$ 3464.00,3
2432,09:30:02,$ 3464.00,53
2433,09:30:02,$ 3464.00,663
2434,09:30:02,$ 3464.00,74
2435,09:30:02,$ 3464.00,11
2437,09:30:02,$ 3464.00,29
2438,09:30:02,$ 3464.00,215
2439,09:30:02,$ 3464.00,1
2440,09:30:02,$ 3464.00,30
2441,09:30:02,$ 3464.00,2
2442,09:30:02,$ 3464.00,1
2443,09:30:02,$ 3464.00,200
2444,09:30:02,$ 3464.00,20
2445,09:30:02,$ 3464.00,20
2446,09:30:02,$ 3464.00,25
2447,09:30:02,$ 3464.00,35
2448,09:30:02,$ 3464.00,2
2449,09:30:02,$ 3464.00,3
2450,09:30:02,$ 3464.00,5
2451,09:30:02,$ 3464.00,1
2452,09:30:02,$ 3464.00,90
2453,09:30:02,$ 3464.00,3
2454,09:30:02,$ 3464.00,6
2455,09:30:02,$ 3464.00,5
2456,09:30:02,$ 3464.00,1
2458,09:30:02,$ 3464.00,5
2459,09:30:02,$ 3464.00,18
2460,09:30:02,$ 3464.00,766
2461,09:30:02,$ 3464.00,1
2462,09:30:02,$ 3464.00,10
2463,09:30:02,$ 3464.00,1
2464,09:30:02,$ 3464.00,2
2465,09:30:02,$ 3464.00,11
2466,09:30:02,$ 3464.00,7
2467,09:30:02,$ 3464.00,400
2468,09:30:02,$ 3464.00,1
2469,09:30:02,$ 3464.00,6
2470,09:30:02,$ 3464.00,30
2471,09:30:02,$ 3464.00,70
2472,09:30:02,$ 3464.00,380
2473,09:30:02,$ 3464.00,30
2474,09:30:02,$ 3464.00,10
2475,09:30:02,$ 3464.00,1
2476,09:30:02,$ 3464.00,10
2477,09:30:02,$ 3464.00,10
2479,09:30:02,$ 3464.00,100
2480,09:30:02,$ 3464.00,58
2481,09:30:02,$ 3464.00,5
2482,09:30:02,$ 3464.00,4
2483,09:30:02,$ 3464.00,143
2484,09:30:02,$ 3464.00,1
2485,09:30:02,$ 3464.00,23
2486,09:30:02,$ 3464.00,1
2487,09:30:02,$ 3464.00,5
2488,09:30:02,$ 3464.00,100
2489,09:30:02,$ 3464.00,3
2490,09:30:02,$ 3464.00,3
2491,09:30:02,$ 3464.00,1
2492,09:30:02,$ 3464.00,6
2493,09:30:02,$ 3464.00,2
2494,09:30:02,$ 3464.00,2
2495,09:30:02,$ 3464.00,1
2496,09:30:02,$ 3464.00,1
2497,09:30:02,$ 3464.00,10
2498,09:30:02,$ 3464.00,10
2500,09:30:02,$ 3464.00,2
2501,09:30:02,$ 3464.00,2
2502,09:30:02,$ 3464.00,1
2503,09:30:02,$ 3464.00,12
2504,09:30:02,$ 3464.00,2
2505,09:30:02,$ 3464.00,2
2506,09:30:02,$ 3464.00,3
2507,09:30:02,$ 3464.00,100
2508,09:30:02,$ 3464.00,50
2509,09:30:02,$ 3464.00,2
2510,09:30:02,$ 3464.00,3
2511,09:30:02,$ 3464.00,2
2512,09:30:02,$ 3464.00,2
2513,09:30:02,$ 3464.00,6
2514,09:30:02,$ 3464.00,87
2515,09:30:02,$ 3464.00,1
2516,09:30:02,$ 3464.00,1
2517,09:30:02,$ 3464.00,2
2518,09:30:02,$ 3464.00,"1,100"
2519,09:30:02,$ 3464.00,11
2521,09:30:02,$ 3464.00,2
2522,09:30:02,$ 3464.00,70
2523,09:30:02,$ 3464.00,11
2524,09:30:02,$ 3464.00,20
2525,09:30:02,$ 3464.00,50
2526,09:30:02,$ 3464.00,30
2527,09:30:02,$ 3464.00,19
2528,09:30:02,$ 3464.00,30
2529,09:30:02,$ 3464.00,32
2530,09:30:02,$ 3464.00,142
2531,09:30:02,$ 3464.00,21
2532,09:30:02,$ 3464.00,3
2533,09:30:02,$ 3464.00,1
2534,09:30:02,$ 3464.00,5
2535,09:30:02,$ 3464.00,12
2536,09:30:02,$ 3464.00,4
2537,09:30:02,$ 3464.00,2
2538,09:30:02,$ 3464.00,20
2539,09:30:02,$ 3464.00,3
2540,09:30:02,$ 3464.00,1
2542,09:30:02,$ 3464.00,2
2543,09:30:02,$ 3464.00,2
2544,09:30:02,$ 3464.00,200
2545,09:30:02,$ 3464.00,2
2546,09:30:02,$ 3464.00,51
2547,09:30:02,$ 3464.00,200
2548,09:30:02,$ 3464.00,16
2549,09:30:02,$ 3464.00,5
2550,09:30:02,$ 3464.00,5
2551,09:30:02,$ 3464.00,2
2552,09:30:02,$ 3464.00,5
2553,09:30:02,$ 3464.00,15
2554,09:30:02,$ 3464.00,2
2555,09:30:02,$ 3464.00,167
2556,09:30:02,$ 3464.00,3
2557,09:30:02,$ 3464.00,11
2558,09:30:02,$ 3464.00,156
2559,09:30:02,$ 3464.00,1
2560,09:30:02,$ 3464.00,12
2561,09:30:02,$ 3464.00,999
2563,09:30:02,$ 3464.00,10
2564,09:30:02,$ 3464.00,1
2565,09:30:02,$ 3464.00,1
2566,09:30:02,$ 3464.00,30
2567,09:30:02,$ 3464.00,250
2568,09:30:02,$ 3464.00,11
2569,09:30:02,$ 3464.00,2
2570,09:30:02,$ 3464.00,1
2571,09:30:02,$ 3464.00,9
2572,09:30:02,$ 3464.00,10
2573,09:30:02,$ 3464.00,2
2574,09:30:02,$ 3464.00,2
2575,09:30:02,$ 3464.00,1
2576,09:30:02,$ 3464.00,2
2577,09:30:02,$ 3464.00,1
2578,09:30:02,$ 3464.00,1
2579,09:30:02,$ 3464.00,2
2580,09:30:02,$ 3464.00,1
2581,09:30:02,$ 3464.00,15
2582,09:30:02,$ 3464.00,1
2584,09:30:02,$ 3464.00,1
2585,09:30:02,$ 3464.00,1
2586,09:30:02,$ 3464.00,2
2587,09:30:02,$ 3464.00,2
2588,09:30:02,$ 3464.00,2
2589,09:30:02,$ 3464.00,2
2590,09:30:02,$ 3464.00,2
2591,09:30:02,$ 3464.00,12
2592,09:30:02,$ 3464.00,1
2593,09:30:02,$ 3464.00,6
2594,09:30:02,$ 3464.00,10
2595,09:30:02,$ 3464.00,50
2596,09:30:02,$ 3464.00,10
2597,09:30:02,$ 3464.00,2
2598,09:30:02,$ 3464.00,1
2599,09:30:02,$ 3464.00,2
2600,09:30:02,$ 3464.00,2
2601,09:30:02,$ 3464.00,1
2602,09:30:02,$ 3464.00,1
2603,09:30:02,$ 3464.00,28
2605,09:30:02,$ 3464.00,11
2606,09:30:02,$ 3464.00,2
2607,09:30:02,$ 3464.00,1
2608,09:30:02,$ 3464.00,1
2609,09:30:02,$ 3464.00,1
2610,09:30:02,$ 3464.00,1
2611,09:30:02,$ 3464.00,1
2612,09:30:02,$ 3464.00,100
2613,09:30:02,$ 3464.00,2
2614,09:30:02,$ 3464.00,8
2615,09:30:02,$ 3464.00,4
2616,09:30:02,$ 3464.00,4
2617,09:30:02,$ 3464.00,24
2618,09:30:02,$ 3464.00,1
2619,09:30:02,$ 3464.00,9
2620,09:30:02,$ 3464.00,1
2621,09:30:02,$ 3464.00,1
2622,09:30:02,$ 3464.00,3
2623,09:30:02,$ 3464.00,1
2624,09:30:02,$ 3464.00,3
2626,09:30:02,$ 3464.00,22
2627,09:30:02,$ 3464.00,2
2628,09:30:02,$ 3464.00,12
2629,09:30:02,$ 3464.00,8
2630,09:30:02,$ 3464.00,9
2631,09:30:02,$ 3464.00,20
2632,09:30:02,$ 3464.00,3
2633,09:30:02,$ 3464.00,1
2634,09:30:02,$ 3464.00,3
2635,09:30:02,$ 3464.00,1
2636,09:30:02,$ 3464.00,5
2637,09:30:02,$ 3464.00,1
2638,09:30:02,$ 3464.00,18
2639,09:30:02,$ 3464.00,3
2640,09:30:02,$ 3464.00,1
2641,09:30:02,$ 3464.00,40
2642,09:30:02,$ 3464.00,5
2643,09:30:02,$ 3464.00,5
2644,09:30:02,$ 3464.00,1
2645,09:30:02,$ 3464.00,4
2647,09:30:02,$ 3464.00,15
2648,09:30:02,$ 3464.00,2
2649,09:30:02,$ 3464.00,4
2650,09:30:02,$ 3464.00,5
2651,09:30:02,$ 3464.00,1
2652,09:30:02,$ 3464.00,5
2653,09:30:02,$ 3464.00,17
2654,09:30:02,$ 3464.00,10
2655,09:30:02,$ 3464.00,3
2656,09:30:02,$ 3464.00,39
2657,09:30:02,$ 3464.00,1
2658,09:30:02,$ 3464.00,5
2659,09:30:02,$ 3464.00,1
2660,09:30:02,$ 3464.00,2
2661,09:30:02,$ 3464.00,5
2662,09:30:02,$ 3464.00,2
2663,09:30:02,$ 3464.00,36
2664,09:30:02,$ 3464.00,2
2665,09:30:02,$ 3464.00,10
2666,09:30:02,$ 3464.00,117
2668,09:30:02,$ 3464.00,1
2669,09:30:02,$ 3464.00,12
2670,09:30:02,$ 3464.00,1
2671,09:30:02,$ 3464.00,"1,500"
2672,09:30:02,$ 3464.00,9
2673,09:30:02,$ 3464.00,3
2674,09:30:02,$ 3464.00,10
2675,09:30:02,$ 3464.00,4
2676,09:30:02,$ 3464.00,5
2677,09:30:02,$ 3464.00,2
2678,09:30:02,$ 3464.00,2
2679,09:30:02,$ 3464.00,25
2680,09:30:02,$ 3464.00,13
2681,09:30:02,$ 3464.00,4
2682,09:30:02,$ 3464.00,120
2683,09:30:02,$ 3464.00,2
2684,09:30:02,$ 3464.00,1
2685,09:30:02,$ 3464.00,11
2686,09:30:02,$ 3464.00,2
2687,09:30:02,$ 3464.00,303
2689,09:30:02,$ 3464.00,10
2690,09:30:02,$ 3464.00,27
2691,09:30:02,$ 3464.00,1
2692,09:30:02,$ 3464.00,30
2693,09:30:02,$ 3464.00,17
2694,09:30:02,$ 3464.00,2
2695,09:30:02,$ 3464.00,6
2696,09:30:02,$ 3464.00,12
2697,09:30:02,$ 3464.00,7
2698,09:30:02,$ 3464.00,1
2699,09:30:02,$ 3464.00,1
2700,09:30:02,$ 3464.00,3
2701,09:30:02,$ 3464.00,1
2702,09:30:02,$ 3464.00,2
2703,09:30:02,$ 3464.00,15
2704,09:30:02,$ 3464.00,1
2705,09:30:02,$ 3464.00,2
2706,09:30:02,$ 3464.00,1
2707,09:30:02,$ 3464.00,85
2708,09:30:02,$ 3464.00,100
2710,09:30:02,$ 3464.00,1
2711,09:30:02,$ 3464.00,3
2712,09:30:02,$ 3464.00,5
2713,09:30:02,$ 3464.00,1
2714,09:30:02,$ 3464.00,50
2715,09:30:02,$ 3464.00,1
2716,09:30:02,$ 3464.00,30
2717,09:30:02,$ 3464.00,2
2718,09:30:02,$ 3464.00,22
2719,09:30:02,$ 3464.00,10
2720,09:30:02,$ 3464.00,1
2721,09:30:02,$ 3464.00,2
2722,09:30:02,$ 3464.00,10
2723,09:30:02,$ 3464.00,2
2724,09:30:02,$ 3464.00,27
2725,09:30:02,$ 3464.00,5
2726,09:30:02,$ 3464.00,3
2727,09:30:02,$ 3464.00,25
2728,09:30:02,$ 3464.00,7
2729,09:30:02,$ 3464.00,3
2731,09:30:02,$ 3464.00,6
2732,09:30:02,$ 3464.00,22
2733,09:30:02,$ 3464.00,1
2734,09:30:02,$ 3464.00,100
2735,09:30:02,$ 3464.00,5
2736,09:30:02,$ 3464.00,4
2737,09:30:02,$ 3464.00,1
2738,09:30:02,$ 3464.00,3
2739,09:30:02,$ 3464.00,2
2740,09:30:02,$ 3464.00,35
2741,09:30:02,$ 3464.00,5
2742,09:30:02,$ 3464.00,5
2743,09:30:02,$ 3464.00,3
2744,09:30:02,$ 3464.00,1
2745,09:30:02,$ 3464.00,1
2746,09:30:02,$ 3464.00,1
2747,09:30:02,$ 3464.00,10
2748,09:30:02,$ 3464.00,20
2749,09:30:02,$ 3464.00,1
2750,09:30:02,$ 3464.00,1
2752,09:30:02,$ 3464.00,5
2753,09:30:02,$ 3464.00,1
2754,09:30:02,$ 3464.00,1
2755,09:30:02,$ 3464.00,2
2756,09:30:02,$ 3464.00,5
2757,09:30:02,$ 3464.00,1
2758,09:30:02,$ 3464.00,1
2759,09:30:02,$ 3464.00,3
2760,09:30:02,$ 3464.00,2
2761,09:30:02,$ 3464.00,2
2762,09:30:02,$ 3464.00,2
2763,09:30:02,$ 3464.00,1
2764,09:30:02,$ 3464.00,2
2765,09:30:02,$ 3464.00,1
2766,09:30:02,$ 3464.00,1
2767,09:30:02,$ 3464.00,1
2768,09:30:02,$ 3464.00,2
2769,09:30:02,$ 3464.00,3
2770,09:30:02,$ 3464.00,2
2771,09:30:02,$ 3464.00,1
2773,09:30:02,$ 3464.00,12
2774,09:30:02,$ 3464.00,1
2775,09:30:02,$ 3464.00,5
2776,09:30:02,$ 3464.00,7
2777,09:30:02,$ 3464.00,3
2778,09:30:02,$ 3464.00,1
2779,09:30:02,$ 3464.00,10
2780,09:30:02,$ 3464.00,10
2781,09:30:02,$ 3464.00,2
2782,09:30:02,$ 3464.00,1
2783,09:30:02,$ 3464.00,3
2784,09:30:02,$ 3464.00,1
2785,09:30:02,$ 3464.00,1
2786,09:30:02,$ 3464.00,1
2787,09:30:02,$ 3464.00,1
2788,09:30:02,$ 3464.00,10
2789,09:30:02,$ 3464.00,11
2790,09:30:02,$ 3464.00,1
2791,09:30:02,$ 3464.00,3
2792,09:30:02,$ 3464.00,40
2794,09:30:02,$ 3464.00,2
2795,09:30:02,$ 3464.00,50
2796,09:30:01,$ 3463.915,100
2797,09:30:01,$ 3464.82,104
2798,09:30:00,$ 3462.86,100
2799,09:30:00,$ 3464.00,100
2800,09:30:00,$ 3464.642,"1,800"
2801,09:30:00,$ 3464.00,291
2803,10:29:57,$ 3410.25,100
2804,10:29:57,$ 3410.86,100
2805,10:29:56,$ 3411.45,100
2806,10:29:52,$ 3411.46,100
2807,10:29:52,$ 3411.5106,100
2808,10:29:45,$ 3412.175,100
2809,10:29:44,$ 3412.6453,100
2810,10:29:43,$ 3412.54,100
2811,10:29:43,$ 3412.54,100
2812,10:29:43,$ 3412.54,100
2813,10:29:42,$ 3413.00,100
2814,10:29:42,$ 3413.00,100
2815,10:29:37,$ 3413.505,100
2816,10:29:31,$ 3414.57,100
2817,10:29:31,$ 3414.62,100
2818,10:29:31,$ 3414.67,100
2819,10:29:31,$ 3414.54,400
2820,10:29:31,$ 3414.62,100
2821,10:29:31,$ 3414.54,100
2822,10:29:31,$ 3414.53,100
2824,10:29:31,$ 3415.00,100
2825,10:29:26,$ 3413.59,100
2826,10:29:26,$ 3413.59,100
2827,10:29:26,$ 3414.74,100
2828,10:29:22,$ 3414.88,100
2829,10:29:09,$ 3414.26,100
2830,10:29:09,$ 3414.815,100
2831,10:29:03,$ 3414.80,100
2832,10:29:03,$ 3414.80,278
2833,10:28:49,$ 3414.00,100
2834,10:28:48,$ 3414.47,100
2835,10:28:35,$ 3415.00,100
2836,10:28:30,$ 3415.275,100
2837,10:28:29,$ 3414.63,100
2838,10:28:27,$ 3415.12,100
2839,10:28:26,$ 3415.13,100
2840,10:28:11,$ 3415.34,100
2841,10:28:10,$ 3415.55,100
2842,10:28:10,$ 3415.55,100
2843,10:28:09,$ 3416.22,187
2845,10:28:04,$ 3416.5721,100
2846,10:28:02,$ 3415.9202,205
2847,10:27:58,$ 3416.00,110
2848,10:27:56,$ 3415.17,100
2849,10:27:29,$ 3414.4798,205
2850,10:27:27,$ 3415.1984,122
2851,10:27:22,$ 3414.25,100
2852,10:27:18,$ 3414.94,100
2853,10:27:13,$ 3414.955,100
2854,10:27:10,$ 3414.77,100
2855,10:27:06,$ 3414.97,100
2856,10:27:02,$ 3414.37,100
2857,10:27:00,$ 3413.93,100
2858,10:27:00,$ 3413.98,100
2859,10:27:00,$ 3413.91,100
2860,10:27:00,$ 3413.91,100
2861,10:27:00,$ 3413.68,100
2862,10:26:56,$ 3413.255,110
2863,10:26:53,$ 3413.99,100
2864,10:26:48,$ 3413.74,100
2866,10:26:45,$ 3414.35,100
2867,10:26:37,$ 3413.3921,100
2868,10:26:36,$ 3413.7217,300
2869,10:26:23,$ 3414.06,100
2870,10:26:23,$ 3414.06,100
2871,10:26:23,$ 3414.02,100
2872,10:26:22,$ 3413.21,100
2873,10:26:22,$ 3413.22,100
2874,10:26:22,$ 3413.22,100
2875,10:26:18,$ 3413.7399,100
2876,10:26:17,$ 3413.34,100
2877,10:26:15,$ 3413.82,100
2878,10:26:15,$ 3412.93,100
2879,10:26:15,$ 3414.4818,272
2880,10:26:15,$ 3413.828,100
2881,10:26:15,$ 3413.38,100
2882,10:26:14,$ 3412.425,139
2883,10:26:11,$ 3412.425,139
2884,10:26:11,$ 3412.3033,271
2885,10:26:08,$ 3412.60,100
2887,10:26:08,$ 3412.26,100
2888,10:26:07,$ 3412.6004,200
2889,10:26:02,$ 3411.55,100
2890,10:25:58,$ 3411.00,375
2891,10:25:58,$ 3411.00,100
2892,10:25:54,$ 3411.26,123
2893,10:25:47,$ 3410.60,120
2894,10:25:47,$ 3411.085,120
2895,10:25:44,$ 3410.6002,375
2896,10:25:44,$ 3411.10,100
2897,10:25:44,$ 3410.7141,100
2898,10:25:39,$ 3410.56,193
2899,10:25:39,$ 3411.28,193
2900,10:25:34,$ 3410.83,100
2901,10:25:30,$ 3410.935,200
2902,10:25:30,$ 3409.87,200
2903,10:25:29,$ 3410.00,110
2904,10:25:29,$ 3409.59,100
2905,10:25:29,$ 3408.99,268
2906,10:25:29,$ 3408.809,100
2908,10:25:24,$ 3408.23,100
2909,10:25:23,$ 3408.30,128
2910,10:25:21,$ 3408.01,100
2911,10:25:15,$ 3407.93,200
2912,10:25:13,$ 3407.90,100
2913,10:24:58,$ 3407.4725,100
2914,10:24:57,$ 3408.01,128
2915,10:24:57,$ 3407.47,100
2916,10:24:56,$ 3407.29,100
2917,10:24:56,$ 3407.365,100
2918,10:24:55,$ 3407.29,100
2919,10:24:54,$ 3407.69,100
2920,10:24:50,$ 3407.00,100
2921,10:24:50,$ 3407.00,100
2922,10:24:50,$ 3407.00,104
2923,10:24:48,$ 3407.00,102
2924,10:24:46,$ 3407.13,100
2925,10:24:46,$ 3407.865,105
2926,10:24:43,$ 3407.12,100
2927,10:24:42,$ 3407.12,200
2929,10:24:42,$ 3407.29,100
2930,10:24:40,$ 3407.29,100
2931,10:24:40,$ 3407.29,100
2932,10:24:39,$ 3407.9151,100
2933,10:24:32,$ 3408.14,100
2934,10:24:32,$ 3407.89,151
2935,10:24:27,$ 3407.895,100
2936,10:24:27,$ 3408.01,100
2937,10:24:27,$ 3408.39,100
2938,10:24:27,$ 3407.89,100
2939,10:24:26,$ 3407.885,100
2940,10:24:20,$ 3408.22,186
2941,10:24:15,$ 3408.00,100
2942,10:24:05,$ 3407.78,100
2943,10:24:01,$ 3408.52,198
2944,10:24:01,$ 3407.45,199
2945,10:23:59,$ 3407.87,100
2946,10:23:56,$ 3407.445,100
2947,10:23:54,$ 3407.625,100
2948,10:23:54,$ 3408.29,100
2950,10:23:53,$ 3409.89,100
2951,10:23:53,$ 3408.64,100
2952,10:23:53,$ 3408.31,100
2953,10:23:53,$ 3408.64,193
2954,10:23:53,$ 3407.775,100
2955,10:23:52,$ 3408.44,100
2956,10:23:52,$ 3407.82,100
2957,10:23:52,$ 3407.60,100
2958,10:23:50,$ 3407.265,100
2959,10:23:49,$ 3407.26,100
2960,10:23:48,$ 3407.265,100
2961,10:23:48,$ 3407.00,199
2962,10:23:43,$ 3407.00,100
2963,10:23:43,$ 3406.90,100
2964,10:23:38,$ 3407.00,100
2965,10:23:35,$ 3407.00,162
2966,10:23:35,$ 3407.00,100
2967,10:23:35,$ 3406.38,100
2968,10:23:31,$ 3407.15,100
2969,10:23:17,$ 3407.21,100
2971,10:23:17,$ 3407.37,212
2972,10:23:17,$ 3407.9923,212
2973,10:23:17,$ 3408.035,100
2974,10:23:17,$ 3407.39,100
2975,10:23:15,$ 3407.76,100
2976,10:23:15,$ 3408.00,100
2977,10:23:13,$ 3407.5335,977
2978,10:23:10,$ 3408.845,100
2979,10:22:59,$ 3408.85,105
2980,10:22:59,$ 3408.945,100
2981,10:22:56,$ 3409.00,100
2982,10:22:56,$ 3409.00,100
2983,10:22:56,$ 3409.00,100
2984,10:22:55,$ 3409.00,100
2985,10:22:55,$ 3409.00,100
2986,10:22:55,$ 3408.739,400
2987,10:22:52,$ 3409.00,100
2988,10:22:49,$ 3408.34,100
2989,10:22:47,$ 3409.00,110
2990,10:22:46,$ 3408.22,119
2992,10:22:45,$ 3408.82,141
2993,10:22:45,$ 3408.89,116
2994,10:22:42,$ 3408.94,100
2995,10:22:35,$ 3409.77,100
2996,10:22:32,$ 3410.1491,100
2997,10:22:30,$ 3409.60,387
2998,10:22:30,$ 3409.60,108
2999,10:22:29,$ 3410.00,200
3000,10:22:29,$ 3410.00,197
3001,10:22:27,$ 3410.03,100
3002,10:22:26,$ 3409.67,100
3003,10:22:24,$ 3409.89,100
3004,10:22:24,$ 3409.575,100
3005,10:22:24,$ 3409.70,100
3006,10:22:24,$ 3409.75,100
3007,10:22:24,$ 3409.91,100
3008,10:22:24,$ 3409.94,100
3009,10:22:24,$ 3409.99,100
3010,10:22:24,$ 3409.99,100
3011,10:22:22,$ 3409.50,100
3013,10:22:19,$ 3409.50,100
3014,10:22:19,$ 3409.80,100
3015,10:22:17,$ 3409.50,100
3016,10:22:17,$ 3410.39,100
3017,10:22:17,$ 3410.18,100
3018,10:22:17,$ 3410.18,100
3019,10:22:17,$ 3410.34,300
3020,10:22:14,$ 3410.49,100
3021,10:22:07,$ 3411.07,100
3022,10:22:03,$ 3411.24,100
3023,10:22:01,$ 3410.55,100
3024,10:21:58,$ 3411.18,100
3025,10:21:58,$ 3411.23,100
3026,10:21:48,$ 3410.00,100
3027,10:21:36,$ 3410.00,100
3028,10:21:32,$ 3409.79,100
3029,10:21:31,$ 3410.00,108
3030,10:21:24,$ 3410.0101,100
3031,10:21:20,$ 3410.74,100
3032,10:21:20,$ 3410.00,100
3034,10:21:20,$ 3409.75,100
3035,10:21:20,$ 3409.89,100
3036,10:21:13,$ 3409.69,100
3037,10:20:57,$ 3409.64,100
3038,10:20:57,$ 3409.41,100
3039,10:20:57,$ 3409.34,100
3040,10:20:52,$ 3410.86,111
3041,10:20:49,$ 3409.88,100
3042,10:20:45,$ 3410.115,100
3043,10:20:45,$ 3410.19,100
3044,10:20:45,$ 3410.50,100
3045,10:20:45,$ 3410.21,100
3046,10:20:42,$ 3410.00,100
3047,10:20:42,$ 3410.00,100
3048,10:20:42,$ 3410.00,100
3049,10:20:42,$ 3410.00,100
3050,10:20:42,$ 3410.00,100
3051,10:20:42,$ 3410.00,100
3052,10:20:38,$ 3409.18,100
3053,10:20:30,$ 3409.04,100
3055,10:20:26,$ 3409.00,350
3056,10:20:22,$ 3409.32,113
3057,10:20:20,$ 3408.818,197
3058,10:20:19,$ 3409.93,100
3059,10:20:19,$ 3409.832,197
3060,10:20:15,$ 3409.20,100
3061,10:20:06,$ 3409.00,100
3062,10:20:05,$ 3408.0001,100
3063,10:20:05,$ 3408.83,100
3064,10:20:02,$ 3409.00,100
3065,10:19:59,$ 3409.2638,100
3066,10:19:55,$ 3409.39,100
3067,10:19:53,$ 3409.62,100
3068,10:19:53,$ 3410.50,100
3069,10:19:52,$ 3410.1122,100
3070,10:19:52,$ 3410.09,100
3071,10:19:52,$ 3409.50,100
3072,10:19:52,$ 3409.50,100
3073,10:19:52,$ 3409.49,100
3074,10:19:51,$ 3409.35,100
3076,10:19:51,$ 3409.29,100
3077,10:19:46,$ 3408.37,100
3078,10:19:44,$ 3409.00,196
3079,10:19:44,$ 3409.00,100
3080,10:19:39,$ 3408.6196,100
3081,10:19:36,$ 3408.39,100
3082,10:19:32,$ 3408.6951,100
3083,10:19:24,$ 3408.49,200
3084,10:19:24,$ 3408.67,100
3085,10:19:24,$ 3409.0805,800
3086,10:19:21,$ 3406.8301,175
3087,10:19:19,$ 3408.00,101
3088,10:19:19,$ 3408.00,100
3089,10:19:19,$ 3408.00,100
3090,10:19:19,$ 3408.00,100
3091,10:19:19,$ 3408.00,100
3092,10:19:05,$ 3408.01,100
3093,10:19:05,$ 3408.495,100
3094,10:19:02,$ 3408.43,100
3095,10:19:00,$ 3409.00,119
3097,10:19:00,$ 3409.00,100
3098,10:19:00,$ 3409.00,100
3099,10:18:57,$ 3408.61,100
3100,10:18:57,$ 3409.00,200
3101,10:18:55,$ 3408.3901,100
3102,10:18:51,$ 3408.902,130
3103,10:18:51,$ 3408.50,100
3104,10:18:51,$ 3408.42,100
3105,10:18:48,$ 3408.50,200
3106,10:18:48,$ 3408.28,100
3107,10:18:48,$ 3408.04,100
3108,10:18:48,$ 3408.09,100
3109,10:18:48,$ 3408.04,100
3110,10:18:46,$ 3408.00,100
3111,10:18:46,$ 3407.24,100
3112,10:18:46,$ 3407.29,100
3113,10:18:46,$ 3407.24,100
3114,10:18:46,$ 3407.24,100
3115,10:18:44,$ 3407.8167,300
3116,10:18:44,$ 3407.85,482
3118,10:18:41,$ 3407.00,100
3119,10:18:41,$ 3407.00,100
3120,10:18:38,$ 3406.68,100
3121,10:18:38,$ 3406.69,100
3122,10:18:38,$ 3406.82,100
3123,10:18:38,$ 3406.94,100
3124,10:18:38,$ 3407.00,100
3125,10:18:38,$ 3406.18,100
3126,10:18:35,$ 3406.2102,205
3127,10:18:34,$ 3405.805,400
3128,10:18:32,$ 3406.66,100
3129,10:18:32,$ 3406.72,100
3130,10:18:32,$ 3406.72,100
3131,10:18:31,$ 3407.00,100
3132,10:18:30,$ 3406.16,100
3133,10:18:20,$ 3405.37,100
3134,10:18:20,$ 3405.40,100
3135,10:18:20,$ 3404.38,100
3136,10:18:19,$ 3405.3699,190
3137,10:18:12,$ 3405.09,124
3139,10:18:08,$ 3405.00,100
3140,10:18:08,$ 3405.00,100
3141,10:18:05,$ 3405.00,100
3142,10:18:01,$ 3404.43,101
3143,10:18:01,$ 3404.43,202
3144,10:18:01,$ 3404.43,101
3145,10:18:01,$ 3404.43,101
3146,10:18:01,$ 3404.43,100
3147,10:18:01,$ 3404.43,100
3148,10:18:00,$ 3405.165,105
3149,10:18:00,$ 3405.165,100
3150,10:17:57,$ 3405.00,150
3151,10:17:57,$ 3405.00,100
3152,10:17:56,$ 3405.00,100
3153,10:17:56,$ 3404.62,100
3154,10:17:56,$ 3404.64,100
3155,10:17:56,$ 3404.80,100
3156,10:17:56,$ 3404.82,100
3157,10:17:56,$ 3404.88,100
3158,10:17:53,$ 3404.41,100
3160,10:17:53,$ 3404.35,100
3161,10:17:53,$ 3404.31,100
3162,10:17:52,$ 3404.33,750
3163,10:17:48,$ 3402.94,100
3164,10:17:48,$ 3402.68,100
3165,10:17:48,$ 3402.69,100
3166,10:17:48,$ 3402.69,100
3167,10:17:41,$ 3402.62,100
3168,10:17:35,$ 3402.685,100
3169,10:17:32,$ 3402.815,100
3170,10:17:30,$ 3403.68,100
3171,10:17:27,$ 3402.855,100
3172,10:17:24,$ 3403.00,100
3173,10:17:24,$ 3403.00,100
3174,10:17:24,$ 3403.665,100
3175,10:17:23,$ 3403.665,100
3176,10:17:20,$ 3403.045,200
3177,10:17:17,$ 3403.305,100
3178,10:17:10,$ 3404.00,100
3179,10:17:10,$ 3404.00,100
3181,10:17:09,$ 3404.09,159
3182,10:17:08,$ 3403.82,100
3183,10:17:08,$ 3404.00,100
3184,10:17:08,$ 3403.51,100
3185,10:17:06,$ 3403.725,205
3186,10:17:05,$ 3403.84,100
3187,10:17:05,$ 3403.02,100
3188,10:17:01,$ 3404.22,190
3189,10:17:01,$ 3404.22,100
3190,10:17:01,$ 3404.22,100
3191,10:17:00,$ 3403.715,200
3192,10:16:58,$ 3403.60,100
3193,10:16:47,$ 3403.33,100
3194,10:16:46,$ 3403.745,100
3195,10:16:46,$ 3403.745,100
3196,10:16:46,$ 3403.745,300
3197,10:16:46,$ 3404.005,100
3198,10:16:39,$ 3403.8884,100
3199,10:16:37,$ 3403.595,100
3200,10:16:36,$ 3403.60,100
3202,10:16:33,$ 3402.904,500
3203,10:16:26,$ 3403.00,100
3204,10:16:26,$ 3402.85,100
3205,10:16:26,$ 3402.82,100
3206,10:16:26,$ 3402.87,100
3207,10:16:26,$ 3402.89,100
3208,10:16:22,$ 3403.245,100
3209,10:16:20,$ 3402.805,100
3210,10:16:18,$ 3402.2729,132
3211,10:16:16,$ 3402.77,100
3212,10:16:07,$ 3401.595,139
3213,10:16:05,$ 3401.57,100
3214,10:16:05,$ 3401.595,100
3215,10:16:05,$ 3401.61,100
3216,10:16:05,$ 3401.95,100
3217,10:15:56,$ 3402.80,200
3218,10:15:56,$ 3402.89,100
3219,10:15:56,$ 3402.97,100
3220,10:15:55,$ 3403.605,100
3221,10:15:54,$ 3403.70,170
3223,10:15:54,$ 3403.97,100
3224,10:15:53,$ 3403.855,"1,661"
3225,10:15:53,$ 3403.00,324
3226,10:15:53,$ 3403.00,139
3227,10:15:53,$ 3403.00,100
3228,10:15:53,$ 3403.00,100
3229,10:15:53,$ 3403.00,100
3230,10:15:53,$ 3402.87,100
3231,10:15:53,$ 3402.87,100
3232,10:15:53,$ 3402.85,100
3233,10:15:53,$ 3402.72,100
3234,10:15:53,$ 3402.82,100
3235,10:15:53,$ 3402.81,100
3236,10:15:53,$ 3402.115,100
3237,10:15:53,$ 3402.005,300
3238,10:15:53,$ 3402.16,100
3239,10:15:53,$ 3402.115,100
3240,10:15:53,$ 3402.00,100
3241,10:15:51,$ 3400.78,100
3242,10:15:43,$ 3400.28,166
3244,10:15:35,$ 3400.77,100
3245,10:15:35,$ 3399.78,100
3246,10:15:35,$ 3399.78,100
3247,10:15:29,$ 3399.60,150
3248,10:15:26,$ 3399.345,100
3249,10:15:24,$ 3399.42,100
3250,10:15:15,$ 3400.025,100
3251,10:15:15,$ 3400.09,100
3252,10:15:15,$ 3400.045,300
3253,10:15:13,$ 3401.06,100
3254,10:15:13,$ 3401.32,100
3255,10:15:11,$ 3401.96,100
3256,10:15:09,$ 3402.00,100
3257,10:15:06,$ 3401.88,100
3258,10:15:06,$ 3401.40,100
3259,10:15:06,$ 3401.40,100
3260,10:15:06,$ 3401.40,100
3261,10:15:05,$ 3401.24,100
3262,10:14:57,$ 3400.7052,200
3263,10:14:51,$ 3400.32,100
3265,10:14:51,$ 3400.12,175
3266,10:14:45,$ 3400.75,"1,000"
3267,10:14:43,$ 3400.61,100
3268,10:14:31,$ 3400.51,100
3269,10:14:31,$ 3400.00,100
3270,10:14:30,$ 3399.70,100
3271,10:14:30,$ 3399.67,105
3272,10:14:30,$ 3399.55,130
3273,10:14:29,$ 3399.4403,100
3274,10:14:25,$ 3398.58,100
3275,10:14:23,$ 3398.56,121
3276,10:14:23,$ 3398.56,100
3277,10:14:20,$ 3399.06,100
3278,10:14:19,$ 3399.01,100
3279,10:14:19,$ 3399.01,100
3280,10:14:18,$ 3399.70,100
3281,10:14:02,$ 3398.4976,100
3282,10:14:01,$ 3398.4486,100
3283,10:14:00,$ 3398.33,152
3284,10:14:00,$ 3398.33,100
3286,10:14:00,$ 3398.34,100
3287,10:13:57,$ 3397.67,100
3288,10:13:57,$ 3397.66,100
3289,10:13:57,$ 3397.67,250
3290,10:13:56,$ 3398.0489,100
3291,10:13:53,$ 3398.21,150
3292,10:13:53,$ 3398.325,100
3293,10:13:50,$ 3397.7722,243
3294,10:13:49,$ 3398.28,100
3295,10:13:47,$ 3398.5218,100
3296,10:13:44,$ 3398.18,100
3297,10:13:32,$ 3397.64,100
3298,10:13:23,$ 3397.444,100
3299,10:13:21,$ 3397.04,100
3300,10:13:21,$ 3397.02,100
3301,10:13:21,$ 3397.02,100
3302,10:13:21,$ 3396.88,100
3303,10:13:21,$ 3396.93,100
3304,10:13:21,$ 3396.32,121
3305,10:13:18,$ 3395.8763,150
3307,10:13:16,$ 3395.79,100
3308,10:13:16,$ 3395.73,131
3309,10:13:16,$ 3395.74,100
3310,10:13:15,$ 3395.365,100
3311,10:13:14,$ 3395.6016,100
3312,10:13:13,$ 3394.9384,100
3313,10:13:10,$ 3394.18,100
3314,10:13:10,$ 3394.3036,500
3315,10:13:09,$ 3395.02,100
3316,10:13:09,$ 3395.78,100
3317,10:13:09,$ 3395.82,100
3318,10:13:05,$ 3395.91,100
3319,10:13:05,$ 3395.91,100
3320,10:13:05,$ 3395.91,100
3321,10:13:02,$ 3396.36,100
3322,10:13:00,$ 3396.80,100
3323,10:12:52,$ 3396.85,100
3324,10:12:52,$ 3397.00,100
3325,10:12:50,$ 3397.8571,100
3326,10:12:46,$ 3398.00,286
3328,10:12:42,$ 3397.82,108
3329,10:12:42,$ 3397.64,100
3330,10:12:38,$ 3398.04,100
3331,10:12:38,$ 3398.00,100
3332,10:12:37,$ 3398.305,100
3333,10:12:37,$ 3398.305,400
3334,10:12:32,$ 3398.90,100
3335,10:12:32,$ 3398.91,100
3336,10:12:31,$ 3399.46,100
3337,10:12:30,$ 3398.95,163
3338,10:12:29,$ 3399.4293,184
3339,10:12:29,$ 3398.25,246
3340,10:12:29,$ 3398.92,100
3341,10:12:29,$ 3398.96,100
3342,10:12:26,$ 3399.1981,110
3343,10:12:24,$ 3398.30,100
3344,10:12:23,$ 3398.30,100
3345,10:12:21,$ 3398.8573,300
3346,10:12:19,$ 3398.5995,100
3347,10:12:17,$ 3398.12,100
3349,10:12:17,$ 3398.12,100
3350,10:12:17,$ 3398.12,100
3351,10:12:17,$ 3398.55,100
3352,10:12:17,$ 3398.55,120
3353,10:12:14,$ 3399.3154,100
3354,10:12:11,$ 3398.44,100
3355,10:12:11,$ 3398.70,100
3356,10:12:11,$ 3398.68,100
3357,10:12:11,$ 3398.06,100
3358,10:12:09,$ 3397.81,100
3359,10:12:09,$ 3397.82,100
3360,10:12:09,$ 3397.82,100
3361,10:12:09,$ 3397.80,100
3362,10:12:09,$ 3397.58,100
3363,10:12:09,$ 3397.58,100
3364,10:12:09,$ 3397.165,100
3365,10:12:09,$ 3397.82,100
3366,10:12:09,$ 3397.57,100
3367,10:12:09,$ 3397.58,100
3368,10:12:06,$ 3397.01,100
3370,10:12:02,$ 3396.68,100
3371,10:12:01,$ 3397.09,100
3372,10:11:56,$ 3397.7691,200
3373,10:11:45,$ 3397.34,186
3374,10:11:45,$ 3397.34,100
3375,10:11:43,$ 3397.07,100
3376,10:11:40,$ 3396.61,100
3377,10:11:40,$ 3395.7184,257
3378,10:11:40,$ 3395.63,100
3379,10:11:40,$ 3396.00,350
3380,10:11:40,$ 3396.00,100
3381,10:11:40,$ 3396.00,100
3382,10:11:40,$ 3396.01,100
3383,10:11:40,$ 3396.4788,290
3384,10:11:39,$ 3397.04,100
3385,10:11:38,$ 3397.3567,100
3386,10:11:36,$ 3397.91,200
3387,10:11:35,$ 3398.2856,100
3388,10:11:35,$ 3397.92,100
3389,10:11:35,$ 3397.92,100
3391,10:11:32,$ 3397.55,100
3392,10:11:30,$ 3398.01,100
3393,10:11:29,$ 3397.90,100
3394,10:11:25,$ 3398.23,100
3395,10:11:25,$ 3398.50,473
3396,10:11:25,$ 3398.50,100
3397,10:11:25,$ 3398.74,100
3398,10:11:23,$ 3398.86,100
3399,10:11:23,$ 3398.86,797
3400,10:11:20,$ 3398.50,200
3401,10:11:20,$ 3398.51,123
3402,10:11:20,$ 3398.64,100
3403,10:11:20,$ 3398.73,100
3404,10:11:20,$ 3398.87,127
3405,10:11:20,$ 3398.88,100
3406,10:11:20,$ 3399.69,100
3407,10:11:20,$ 3399.77,100
3408,10:11:20,$ 3399.772,200
3409,10:11:20,$ 3400.48,100
3410,10:11:20,$ 3399.77,100
3412,10:11:20,$ 3399.76,100
3413,10:11:20,$ 3399.32,217
3414,10:11:20,$ 3400.00,100
3415,10:11:20,$ 3400.00,481
3416,10:11:20,$ 3400.00,442
3417,10:11:20,$ 3400.4001,100
3418,10:11:20,$ 3400.4001,"1,000"
3419,10:11:20,$ 3400.21,100
3420,10:11:16,$ 3401.325,205
3421,10:11:15,$ 3401.5851,178
3422,10:11:11,$ 3401.19,100
3423,10:11:09,$ 3402.55,100
3424,10:11:09,$ 3402.50,100
3425,10:11:06,$ 3403.02,400
3426,10:11:06,$ 3404.24,400
3427,10:11:04,$ 3404.935,200
3428,10:11:04,$ 3404.82,100
3429,10:11:04,$ 3404.81,164
3430,10:10:53,$ 3405.00,138
3431,10:10:53,$ 3404.96,100
3433,10:10:53,$ 3405.00,129
3434,10:10:53,$ 3404.34,100
3435,10:10:53,$ 3404.34,100
3436,10:10:53,$ 3404.34,175
3437,10:10:53,$ 3404.34,100
3438,10:10:44,$ 3403.34,100
3439,10:10:42,$ 3403.4895,100
3440,10:10:35,$ 3403.32,100
3441,10:10:34,$ 3404.54,100
3442,10:10:34,$ 3404.84,100
3443,10:10:34,$ 3404.84,100
3444,10:10:28,$ 3405.65,100
3445,10:10:28,$ 3405.70,100
3446,10:10:28,$ 3405.655,100
3447,10:10:20,$ 3404.11,100
3448,10:10:19,$ 3405.01,100
3449,10:09:59,$ 3404.865,280
3450,10:09:51,$ 3403.98,200
3451,10:09:50,$ 3405.05,100
3452,10:09:50,$ 3404.855,100
3454,10:09:50,$ 3403.9801,100
3455,10:09:49,$ 3403.9801,"1,504"
3456,10:09:48,$ 3404.09,100
3457,10:09:48,$ 3404.335,100
3458,10:09:47,$ 3404.36,100
3459,10:09:47,$ 3404.69,100
3460,10:09:47,$ 3404.69,100
3461,10:09:47,$ 3405.01,100
3462,10:09:45,$ 3405.01,100
3463,10:09:42,$ 3406.1199,100
3464,10:09:41,$ 3405.95,124
3465,10:09:15,$ 3406.13,100
3466,10:09:14,$ 3406.565,100
3467,10:09:11,$ 3405.905,100
3468,10:09:10,$ 3405.90,100
3469,10:09:09,$ 3406.07,596
3470,10:09:09,$ 3406.49,100
3471,10:09:09,$ 3405.73,140
3472,10:09:09,$ 3405.363,500
3473,10:09:07,$ 3405.90,100
3475,10:09:07,$ 3405.90,100
3476,10:09:06,$ 3405.28,100
3477,10:09:06,$ 3405.285,100
3478,10:09:06,$ 3405.285,100
3479,10:09:06,$ 3405.285,100
3480,10:09:06,$ 3405.285,200
3481,10:09:06,$ 3403.97,100
3482,10:09:06,$ 3404.38,100
3483,10:09:06,$ 3403.91,100
3484,10:09:06,$ 3403.90,300
3485,10:09:00,$ 3403.205,200
3486,10:09:00,$ 3403.205,114
3487,10:08:55,$ 3403.4799,150
3488,10:08:43,$ 3402.80,100
3489,10:08:43,$ 3402.62,100
3490,10:08:41,$ 3403.185,100
3491,10:08:39,$ 3403.91,236
3492,10:08:39,$ 3403.91,128
3493,10:08:38,$ 3402.82,100
3494,10:08:38,$ 3402.78,100
3496,10:08:31,$ 3402.23,100
3497,10:08:22,$ 3403.005,100
3498,10:08:17,$ 3403.02,100
3499,10:08:06,$ 3402.2501,100
3500,10:08:02,$ 3403.05,100
3501,10:08:01,$ 3401.96,100
3502,10:08:01,$ 3402.985,100
3503,10:08:01,$ 3403.075,100
3504,10:08:01,$ 3403.955,100
3505,10:08:01,$ 3404.14,100
3506,10:08:01,$ 3404.08,100
3507,10:07:56,$ 3402.885,100
3508,10:07:50,$ 3402.072,206
3509,10:07:50,$ 3402.072,249
3510,10:07:49,$ 3402.062,293
3511,10:07:48,$ 3402.58,100
3512,10:07:48,$ 3402.58,108
3513,10:07:48,$ 3402.58,100
3514,10:07:47,$ 3402.51,100
3515,10:07:47,$ 3402.9667,300
3517,10:07:40,$ 3403.62,100
3518,10:07:37,$ 3403.814,170
3519,10:07:37,$ 3403.585,100
3520,10:07:36,$ 3403.58,100
3521,10:07:34,$ 3404.10,100
3522,10:07:34,$ 3403.43,100
3523,10:07:32,$ 3404.17,100
3524,10:07:31,$ 3403.555,"1,468"
3525,10:07:31,$ 3403.555,150
3526,10:07:30,$ 3403.10,100
3527,10:07:30,$ 3403.10,100
3528,10:07:28,$ 3402.50,100
3529,10:07:28,$ 3403.00,122
3530,10:07:25,$ 3403.725,100
3531,10:07:25,$ 3403.55,100
3532,10:07:24,$ 3403.95,100
3533,10:07:20,$ 3403.61,100
3534,10:07:17,$ 3404.40,100
3535,10:07:17,$ 3404.72,100
3536,10:07:17,$ 3403.995,100
3538,10:07:17,$ 3404.40,100
3539,10:07:14,$ 3403.67,100
3540,10:07:14,$ 3404.00,100
3541,10:07:12,$ 3404.3816,300
3542,10:07:12,$ 3405.07,100
3543,10:07:11,$ 3405.07,100
3544,10:07:11,$ 3405.07,100
3545,10:07:06,$ 3405.06,100
3546,10:07:05,$ 3404.00,100
3547,10:07:05,$ 3404.00,100
3548,10:07:03,$ 3404.13,100
3549,10:06:54,$ 3406.49,100
3550,10:06:47,$ 3407.865,100
3551,10:06:45,$ 3406.94,100
3552,10:06:41,$ 3407.25,100
3553,10:06:39,$ 3406.848,125
3554,10:06:37,$ 3406.28,100
3555,10:06:37,$ 3406.57,100
3556,10:06:37,$ 3406.02,100
3557,10:06:37,$ 3406.02,100
3559,10:06:33,$ 3405.98,216
3560,10:06:33,$ 3405.98,117
3561,10:06:33,$ 3405.08,100
3562,10:06:25,$ 3405.00,100
3563,10:06:24,$ 3405.50,300
3564,10:06:12,$ 3405.69,100
3565,10:06:07,$ 3406.46,100
3566,10:06:07,$ 3405.59,100
3567,10:06:06,$ 3405.13,121
3568,10:06:06,$ 3405.12,137
3569,10:06:06,$ 3405.12,100
3570,10:06:06,$ 3405.50,100
3571,10:06:02,$ 3405.50,100
3572,10:06:02,$ 3405.50,150
3573,10:06:01,$ 3405.66,100
3574,10:06:01,$ 3405.66,100
3575,10:05:51,$ 3405.73,100
3576,10:05:51,$ 3405.73,100
3577,10:05:51,$ 3405.73,100
3578,10:05:47,$ 3406.345,100
3580,10:05:45,$ 3405.3026,110
3581,10:05:44,$ 3405.55,100
3582,10:05:44,$ 3405.59,100
3583,10:05:44,$ 3405.57,125
3584,10:05:44,$ 3405.82,100
3585,10:05:44,$ 3405.85,100
3586,10:05:44,$ 3405.82,100
3587,10:05:44,$ 3405.89,100
3588,10:05:44,$ 3405.89,100
3589,10:05:44,$ 3406.01,100
3590,10:05:44,$ 3406.63,100
3591,10:05:44,$ 3406.63,100
3592,10:05:44,$ 3406.63,100
3593,10:05:44,$ 3406.93,300
3594,10:05:43,$ 3407.46,100
3595,10:05:43,$ 3407.46,100
3596,10:05:43,$ 3407.46,100
3597,10:05:43,$ 3407.46,100
3598,10:05:43,$ 3407.46,100
3599,10:05:43,$ 3407.48,100
3601,10:05:43,$ 3407.88,100
3602,10:05:43,$ 3408.01,100
3603,10:05:43,$ 3408.01,100
3604,10:05:43,$ 3408.01,100
3605,10:05:43,$ 3408.27,188
3606,10:05:43,$ 3408.52,100
3607,10:05:43,$ 3408.96,100
3608,10:05:43,$ 3409.33,100
3609,10:05:42,$ 3409.12,100
3610,10:05:42,$ 3409.025,100
3611,10:05:40,$ 3409.32,100
3612,10:05:40,$ 3408.75,100
3613,10:05:38,$ 3408.7499,200
3614,10:05:37,$ 3408.125,150
3615,10:05:37,$ 3408.12,100
3616,10:05:34,$ 3407.02,100
3617,10:05:32,$ 3406.98,119
3618,10:05:30,$ 3405.57,100
3619,10:05:29,$ 3406.07,763
3620,10:05:29,$ 3406.07,234
3622,10:05:27,$ 3406.00,100
3623,10:05:18,$ 3406.5267,152
3624,10:05:17,$ 3406.37,100
3625,10:05:17,$ 3406.71,100
3626,10:05:17,$ 3406.42,100
3627,10:05:17,$ 3406.96,100
3628,10:05:17,$ 3406.87,100
3629,10:05:17,$ 3406.89,100
3630,10:05:17,$ 3406.93,100
3631,10:05:17,$ 3407.02,100
3632,10:05:17,$ 3407.26,100
3633,10:05:17,$ 3407.51,100
3634,10:05:16,$ 3409.00,100
3635,10:05:15,$ 3409.22,100
3636,10:05:14,$ 3408.47,100
3637,10:05:13,$ 3409.01,100
3638,10:05:13,$ 3409.00,100
3639,10:05:11,$ 3409.70,223
3640,10:05:11,$ 3409.70,100
3641,10:05:01,$ 3408.6914,130
3643,10:04:58,$ 3408.73,100
3644,10:04:58,$ 3408.7234,150
3645,10:04:57,$ 3408.46,100
3646,10:04:57,$ 3408.59,100
3647,10:04:57,$ 3408.59,100
3648,10:04:49,$ 3407.6078,100
3649,10:04:42,$ 3407.50,170
3650,10:04:40,$ 3406.42,100
3651,10:04:31,$ 3407.545,150
3652,10:04:30,$ 3406.7868,400
3653,10:04:26,$ 3407.50,100
3654,10:04:24,$ 3408.135,150
3655,10:04:23,$ 3408.285,100
3656,10:04:23,$ 3408.7674,100
3657,10:04:23,$ 3408.81,100
3658,10:04:19,$ 3408.83,100
3659,10:04:19,$ 3407.7801,150
3660,10:04:16,$ 3408.64,100
3661,10:04:16,$ 3407.3769,100
3662,10:04:12,$ 3407.77,248
3664,10:04:03,$ 3407.165,100
3665,10:04:00,$ 3407.11,100
3666,10:03:54,$ 3406.65,187
3667,10:03:54,$ 3406.65,102
3668,10:03:54,$ 3406.15,200
3669,10:03:52,$ 3406.42,170
3670,10:03:48,$ 3405.9788,100
3671,10:03:47,$ 3406.10,100
3672,10:03:46,$ 3405.9852,200
3673,10:03:45,$ 3406.09,300
3674,10:03:41,$ 3405.47,100
3675,10:03:41,$ 3405.48,100
3676,10:03:39,$ 3406.10,100
3677,10:03:39,$ 3406.09,132
3678,10:03:39,$ 3405.6325,132
3679,10:03:39,$ 3405.6325,100
3680,10:03:38,$ 3405.0001,250
3681,10:03:37,$ 3405.00,100
3682,10:03:37,$ 3404.5367,100
3683,10:03:37,$ 3404.5706,100
3685,10:03:37,$ 3404.98,100
3686,10:03:35,$ 3405.00,171
3687,10:03:35,$ 3404.984,100
3688,10:03:35,$ 3405.00,264
3689,10:03:33,$ 3404.6255,200
3690,10:03:32,$ 3403.72,100
3691,10:03:32,$ 3403.72,111
3692,10:03:32,$ 3404.35,289
3693,10:03:25,$ 3403.81,100
3694,10:03:21,$ 3404.22,100
3695,10:03:21,$ 3402.69,100
3696,10:03:18,$ 3403.5845,202
3697,10:03:18,$ 3403.9008,100
3698,10:03:16,$ 3403.10,100
3699,10:03:15,$ 3402.60,100
3700,10:03:13,$ 3402.38,100
3701,10:03:13,$ 3402.00,438
3702,10:03:13,$ 3402.00,762
3703,10:03:13,$ 3402.00,176
3704,10:03:12,$ 3401.5836,100
3706,10:03:12,$ 3401.02,100
3707,10:03:11,$ 3401.51,100
3708,10:03:11,$ 3401.77,100
3709,10:03:10,$ 3401.06,100
3710,10:03:07,$ 3400.52,100
3711,10:03:07,$ 3400.52,100
3712,10:03:06,$ 3401.3983,300
3713,10:03:05,$ 3400.59,100
3714,10:03:03,$ 3401.80,111
3715,10:03:03,$ 3401.64,100
3716,10:03:02,$ 3401.80,100
3717,10:03:02,$ 3401.81,100
3718,10:03:01,$ 3402.20,100
3719,10:03:01,$ 3402.18,100
3720,10:03:00,$ 3400.69,100
3721,10:02:51,$ 3400.86,100
3722,10:02:48,$ 3402.02,100
3723,10:02:47,$ 3400.85,100
3724,10:02:47,$ 3400.85,100
3725,10:02:46,$ 3402.00,100
3727,10:02:45,$ 3401.09,100
3728,10:02:45,$ 3400.57,100
3729,10:02:42,$ 3401.24,100
3730,10:02:42,$ 3401.23,100
3731,10:02:42,$ 3401.24,357
3732,10:02:37,$ 3400.3577,100
3733,10:02:35,$ 3400.29,100
3734,10:02:33,$ 3400.62,100
3735,10:02:29,$ 3400.7588,100
3736,10:02:29,$ 3400.31,100
3737,10:02:28,$ 3400.24,100
3738,10:02:28,$ 3400.24,100
3739,10:02:28,$ 3400.24,205
3740,10:02:28,$ 3400.24,100
3741,10:02:24,$ 3400.835,100
3742,10:02:24,$ 3401.22,100
3743,10:02:24,$ 3400.835,100
3744,10:02:23,$ 3400.745,100
3745,10:02:22,$ 3400.25,100
3746,10:02:19,$ 3400.16,100
3748,10:02:19,$ 3401.24,100
3749,10:02:18,$ 3400.705,100
3750,10:02:14,$ 3400.13,200
3751,10:02:13,$ 3400.59,200
3752,10:02:11,$ 3399.07,100
3753,10:02:10,$ 3400.02,100
3754,10:02:10,$ 3400.68,100
3755,10:02:10,$ 3400.00,100
3756,10:02:10,$ 3401.27,100
3757,10:02:10,$ 3401.28,400
3758,10:02:10,$ 3401.75,100
3759,10:02:07,$ 3401.26,191
3760,10:02:07,$ 3401.22,100
3761,10:02:06,$ 3402.3536,200
3762,10:02:06,$ 3400.40,100
3763,10:02:06,$ 3401.93,361
3764,10:02:06,$ 3401.92,400
3765,10:02:06,$ 3401.93,100
3766,10:02:06,$ 3401.93,400
3767,10:02:06,$ 3401.99,100
3769,10:02:06,$ 3401.94,100
3770,10:02:06,$ 3401.94,100
3771,10:02:06,$ 3401.99,100
3772,10:02:04,$ 3402.05,100
3773,10:02:04,$ 3402.655,100
3774,10:02:03,$ 3401.925,100
3775,10:02:03,$ 3402.625,500
3776,10:02:02,$ 3402.63,"1,500"
3777,10:02:02,$ 3402.63,600
3778,10:02:02,$ 3401.85,156
3779,10:02:02,$ 3401.86,144
3780,10:02:02,$ 3401.86,256
3781,10:02:02,$ 3401.95,100
3782,10:02:02,$ 3402.00,100
3783,10:02:01,$ 3401.00,100
3784,10:01:54,$ 3400.60,100
3785,10:01:54,$ 3401.3619,100
3786,10:01:52,$ 3400.32,100
3787,10:01:50,$ 3400.87,100
3788,10:01:49,$ 3401.41,100
3790,10:01:49,$ 3402.00,100
3791,10:01:49,$ 3401.68,100
3792,10:01:48,$ 3401.42,252
3793,10:01:45,$ 3401.8387,100
3794,10:01:44,$ 3401.24,100
3795,10:01:42,$ 3402.0337,150
3796,10:01:40,$ 3398.6742,120
3797,10:01:40,$ 3398.79,100
3798,10:01:39,$ 3399.89,100
3799,10:01:38,$ 3396.73,100
3800,10:01:38,$ 3396.68,400
3801,10:01:38,$ 3397.40,100
3802,10:01:38,$ 3398.27,400
3803,10:01:38,$ 3398.65,100
3804,10:01:38,$ 3397.74,100
3805,10:01:38,$ 3398.00,100
3806,10:01:38,$ 3398.27,100
3807,10:01:38,$ 3398.00,100
3808,10:01:38,$ 3397.95,100
3809,10:01:38,$ 3399.45,100
3811,10:01:38,$ 3399.45,100
3812,10:01:38,$ 3400.59,100
3813,10:01:38,$ 3400.57,100
3814,10:01:38,$ 3400.54,100
3815,10:01:38,$ 3400.63,100
3816,10:01:38,$ 3400.54,400
3817,10:01:37,$ 3401.345,100
3818,10:01:37,$ 3401.345,100
3819,10:01:37,$ 3401.85,100
3820,10:01:37,$ 3401.84,100
3821,10:01:36,$ 3402.615,100
3822,10:01:36,$ 3402.97,100
3823,10:01:33,$ 3400.93,400
3824,10:01:33,$ 3401.38,100
3825,10:01:33,$ 3401.38,100
3826,10:01:33,$ 3401.945,100
3827,10:01:33,$ 3401.925,100
3828,10:01:32,$ 3402.20,100
3829,10:01:31,$ 3400.97,100
3830,10:01:31,$ 3400.75,100
3832,10:01:31,$ 3401.51,100
3833,10:01:31,$ 3399.965,100
3834,10:01:31,$ 3401.00,100
3835,10:01:31,$ 3400.71,100
3836,10:01:31,$ 3400.95,194
3837,10:01:31,$ 3400.40,100
3838,10:01:30,$ 3400.7999,500
3839,10:01:29,$ 3399.07,100
3840,10:01:27,$ 3399.56,100
3841,10:01:26,$ 3399.89,100
3842,10:01:25,$ 3399.70,100
