,NLS Time (ET),NLS Price,NLS Share Volume
1,09:59:48,$ 3393.225,160
2,09:59:47,$ 3393.225,100
3,09:59:39,$ 3393.095,100
4,09:59:35,$ 3392.595,100
5,09:59:34,$ 3392.67,100
6,09:59:27,$ 3393.68,100
7,09:59:19,$ 3394.41,100
8,09:59:19,$ 3394.20,100
9,09:59:05,$ 3393.785,100
10,09:59:05,$ 3393.545,100
11,09:58:59,$ 3393.01,100
12,09:58:58,$ 3392.535,100
13,09:58:49,$ 3392.365,100
14,09:58:48,$ 3392.365,100
15,09:58:41,$ 3392.4562,160
16,09:58:37,$ 3392.455,100
17,09:58:37,$ 3392.455,100
18,09:58:37,$ 3392.00,100
19,09:58:37,$ 3392.25,100
20,09:58:35,$ 3391.94,100
22,09:58:34,$ 3392.465,100
23,09:58:32,$ 3391.97,100
24,09:58:26,$ 3392.455,100
25,09:58:23,$ 3392.59,100
26,09:58:21,$ 3392.23,100
27,09:58:21,$ 3392.22,100
28,09:58:21,$ 3392.72,100
29,09:58:21,$ 3392.73,100
30,09:58:15,$ 3391.87,100
31,09:58:15,$ 3391.86,100
32,09:58:03,$ 3393.945,100
33,09:57:58,$ 3394.63,100
34,09:57:57,$ 3393.25,100
35,09:57:57,$ 3393.57,100
36,09:57:56,$ 3393.99,100
37,09:57:56,$ 3394.00,100
38,09:57:56,$ 3393.44,100
39,09:57:53,$ 3392.815,200
40,09:57:46,$ 3393.40,100
41,09:57:24,$ 3395.38,800
43,09:57:13,$ 3395.645,100
44,09:57:04,$ 3394.94,100
45,09:57:04,$ 3394.88,100
46,09:57:04,$ 3394.86,100
47,09:57:04,$ 3394.9999,100
48,09:56:48,$ 3397.04,100
49,09:56:48,$ 3396.895,100
50,09:56:47,$ 3396.755,100
51,09:56:43,$ 3396.575,100
52,09:56:37,$ 3396.945,100
53,09:56:37,$ 3397.00,100
54,09:56:22,$ 3395.1862,160
55,09:56:21,$ 3394.81,100
56,09:56:21,$ 3395.10,100
57,09:56:16,$ 3393.845,160
58,09:56:12,$ 3393.5199,100
59,09:55:57,$ 3392.845,100
60,09:55:54,$ 3394.98,160
61,09:55:42,$ 3393.7988,160
62,09:55:42,$ 3393.82,100
64,09:55:35,$ 3394.93,100
65,09:55:25,$ 3395.64,100
66,09:55:25,$ 3395.64,100
67,09:55:24,$ 3396.29,100
68,09:55:16,$ 3395.07,150
69,09:55:15,$ 3396.49,100
70,09:55:10,$ 3394.96,237
71,09:55:10,$ 3395.975,160
72,09:55:06,$ 3395.00,300
73,09:55:06,$ 3394.19,100
74,09:55:03,$ 3394.31,100
75,09:54:57,$ 3393.4218,100
76,09:54:57,$ 3394.10,100
77,09:54:43,$ 3395.01,100
78,09:54:36,$ 3394.1001,160
79,09:54:35,$ 3394.20,100
80,09:54:31,$ 3395.6556,100
81,09:54:25,$ 3395.955,100
82,09:54:25,$ 3395.00,100
83,09:54:23,$ 3395.46,100
85,09:54:16,$ 3396.5055,160
86,09:53:41,$ 3394.02,100
87,09:53:29,$ 3394.69,100
88,09:53:26,$ 3395.20,100
89,09:53:21,$ 3394.14,150
90,09:53:18,$ 3394.19,100
91,09:52:58,$ 3396.10,100
92,09:52:51,$ 3396.64,100
93,09:52:42,$ 3395.90,129
94,09:52:31,$ 3395.89,100
95,09:52:25,$ 3395.08,160
96,09:52:24,$ 3394.67,300
97,09:52:23,$ 3395.41,100
98,09:52:19,$ 3394.9526,100
99,09:52:18,$ 3394.9456,100
100,09:52:15,$ 3396.56,153
101,09:52:15,$ 3396.54,100
102,09:52:09,$ 3396.55,200
103,09:52:08,$ 3396.8822,145
104,09:52:07,$ 3395.91,100
106,09:52:05,$ 3395.3175,300
107,09:52:04,$ 3394.91,100
108,09:51:59,$ 3394.7821,200
109,09:51:52,$ 3394.74,100
110,09:51:52,$ 3394.75,100
111,09:51:47,$ 3393.75,100
112,09:51:42,$ 3394.82,100
113,09:51:42,$ 3394.795,100
114,09:51:42,$ 3394.62,100
115,09:51:42,$ 3394.90,100
116,09:51:42,$ 3394.86,100
117,09:51:42,$ 3394.82,100
118,09:51:41,$ 3395.30,100
119,09:51:05,$ 3394.80,100
120,09:51:04,$ 3394.60,100
121,09:51:04,$ 3394.60,105
122,09:50:56,$ 3394.515,100
123,09:50:56,$ 3394.59,100
124,09:50:51,$ 3395.17,100
125,09:50:50,$ 3394.58,300
127,09:50:49,$ 3394.58,800
128,09:50:37,$ 3396.325,100
129,09:50:35,$ 3397.00,100
130,09:50:11,$ 3395.54,100
131,09:50:09,$ 3396.745,100
132,09:50:06,$ 3396.435,100
133,09:50:06,$ 3396.98,100
134,09:50:05,$ 3397.85,124
135,09:50:05,$ 3396.7779,200
136,09:50:03,$ 3396.59,100
137,09:50:00,$ 3396.61,100
138,09:50:00,$ 3396.34,100
139,09:49:59,$ 3396.4293,100
140,09:49:57,$ 3395.93,100
141,09:49:56,$ 3395.98,100
142,09:49:55,$ 3395.185,200
143,09:49:53,$ 3395.67,100
144,09:49:53,$ 3396.36,100
145,09:49:52,$ 3396.15,100
146,09:49:51,$ 3395.654,100
148,09:49:50,$ 3395.805,100
149,09:49:50,$ 3396.00,100
150,09:49:49,$ 3395.00,121
151,09:49:44,$ 3394.73,100
152,09:49:44,$ 3394.73,100
153,09:49:44,$ 3394.73,100
154,09:49:41,$ 3393.15,100
155,09:49:41,$ 3393.15,375
156,09:49:41,$ 3392.92,100
157,09:49:38,$ 3392.9996,100
158,09:49:34,$ 3392.595,200
159,09:49:33,$ 3392.00,100
160,09:49:33,$ 3392.00,100
161,09:49:28,$ 3391.74,100
162,09:49:24,$ 3391.20,408
163,09:49:17,$ 3390.88,100
164,09:49:05,$ 3390.075,100
165,09:48:49,$ 3390.62,100
166,09:48:45,$ 3390.625,100
167,09:48:42,$ 3389.805,160
169,09:48:39,$ 3391.13,100
170,09:48:34,$ 3390.995,200
171,09:48:32,$ 3390.52,100
172,09:48:30,$ 3391.00,100
173,09:48:30,$ 3390.69,100
174,09:48:29,$ 3390.00,100
175,09:48:28,$ 3389.20,100
176,09:48:28,$ 3389.08,100
177,09:48:28,$ 3389.77,100
178,09:48:28,$ 3389.48,100
179,09:48:28,$ 3389.13,100
180,09:48:28,$ 3388.99,100
181,09:48:23,$ 3388.44,100
182,09:48:23,$ 3388.34,100
183,09:48:02,$ 3390.14,100
184,09:47:58,$ 3389.87,100
185,09:47:58,$ 3389.87,100
186,09:47:55,$ 3389.86,250
187,09:47:41,$ 3389.7651,200
188,09:47:38,$ 3389.365,100
190,09:47:38,$ 3390.13,100
191,09:47:38,$ 3390.13,100
192,09:47:38,$ 3389.51,100
193,09:47:25,$ 3388.91,100
194,09:47:21,$ 3387.84,200
195,09:47:20,$ 3388.35,100
196,09:47:10,$ 3388.97,103
197,09:47:08,$ 3389.42,160
198,09:47:05,$ 3389.44,100
199,09:47:01,$ 3388.935,100
200,09:47:01,$ 3389.06,100
201,09:47:01,$ 3389.00,100
202,09:47:00,$ 3389.14,100
203,09:46:58,$ 3387.00,100
204,09:46:58,$ 3387.67,100
205,09:46:58,$ 3387.13,100
206,09:46:58,$ 3387.08,100
207,09:46:57,$ 3386.205,100
208,09:46:50,$ 3386.62,100
209,09:46:49,$ 3386.60,100
211,09:46:48,$ 3387.50,100
212,09:46:48,$ 3387.38,100
213,09:46:47,$ 3387.41,100
214,09:46:47,$ 3387.22,100
215,09:46:47,$ 3387.22,100
216,09:46:47,$ 3387.32,100
217,09:46:47,$ 3387.35,100
218,09:46:45,$ 3387.25,100
219,09:46:45,$ 3387.25,100
220,09:46:14,$ 3388.75,100
221,09:46:14,$ 3388.14,100
222,09:46:13,$ 3387.92,157
223,09:46:13,$ 3387.585,100
224,09:46:13,$ 3386.95,100
225,09:46:13,$ 3386.97,100
226,09:46:13,$ 3387.00,200
227,09:46:10,$ 3386.22,100
228,09:46:10,$ 3386.15,100
229,09:46:08,$ 3385.80,100
230,09:46:05,$ 3387.09,100
232,09:46:05,$ 3386.65,100
233,09:46:05,$ 3387.02,100
234,09:46:05,$ 3386.00,152
235,09:46:05,$ 3386.89,100
236,09:46:03,$ 3386.33,187
237,09:46:03,$ 3386.43,100
238,09:46:02,$ 3386.745,100
239,09:46:00,$ 3386.01,100
240,09:45:55,$ 3387.02,100
241,09:45:41,$ 3388.00,100
242,09:45:39,$ 3388.00,100
243,09:45:30,$ 3388.00,916
244,09:45:30,$ 3388.40,100
245,09:45:11,$ 3389.45,100
246,09:45:07,$ 3389.92,100
247,09:44:59,$ 3388.0001,100
248,09:44:54,$ 3389.28,100
249,09:44:53,$ 3389.52,100
250,09:44:52,$ 3389.39,100
251,09:44:45,$ 3389.475,100
253,09:44:31,$ 3389.375,100
254,09:44:27,$ 3390.26,100
255,09:44:27,$ 3390.22,100
256,09:44:27,$ 3390.22,100
257,09:44:27,$ 3390.00,100
258,09:44:26,$ 3390.9596,100
259,09:43:57,$ 3390.37,100
260,09:43:56,$ 3391.20,104
261,09:43:55,$ 3391.08,100
262,09:43:55,$ 3391.07,100
263,09:43:55,$ 3391.69,100
264,09:43:51,$ 3392.535,100
265,09:43:51,$ 3393.6593,475
266,09:43:51,$ 3392.66,100
267,09:43:50,$ 3392.54,100
268,09:43:47,$ 3392.99,100
269,09:43:47,$ 3393.42,132
270,09:43:36,$ 3393.45,100
271,09:43:31,$ 3393.00,100
272,09:43:30,$ 3392.0564,300
274,09:43:30,$ 3392.315,160
275,09:43:29,$ 3392.315,100
276,09:43:28,$ 3392.32,150
277,09:43:27,$ 3393.284,100
278,09:43:27,$ 3393.3297,100
279,09:43:27,$ 3393.33,100
280,09:43:27,$ 3393.23,100
281,09:43:27,$ 3393.32,100
282,09:43:27,$ 3392.98,100
283,09:43:27,$ 3393.09,100
284,09:43:27,$ 3391.6895,200
285,09:43:20,$ 3393.6611,250
286,09:43:19,$ 3393.76,100
287,09:43:19,$ 3393.52,100
288,09:43:19,$ 3393.76,100
289,09:43:19,$ 3393.7899,100
290,09:43:18,$ 3392.42,100
291,09:43:18,$ 3392.68,100
292,09:43:16,$ 3392.00,100
293,09:43:15,$ 3392.41,100
295,09:43:14,$ 3391.51,100
296,09:43:14,$ 3391.51,100
297,09:43:14,$ 3391.51,100
298,09:43:11,$ 3391.50,160
299,09:43:10,$ 3390.61,100
300,09:43:09,$ 3390.83,100
301,09:42:56,$ 3389.495,100
302,09:42:47,$ 3388.59,250
303,09:42:44,$ 3389.42,100
304,09:42:44,$ 3389.70,100
305,09:42:34,$ 3391.5099,100
306,09:42:34,$ 3391.5099,100
307,09:42:28,$ 3390.55,100
308,09:42:28,$ 3390.59,100
309,09:42:28,$ 3390.00,200
310,09:42:28,$ 3389.95,100
311,09:42:28,$ 3389.85,100
312,09:42:28,$ 3389.69,100
313,09:42:28,$ 3389.69,100
314,09:41:45,$ 3387.86,100
316,09:41:30,$ 3389.2722,100
317,09:41:16,$ 3390.70,100
318,09:41:16,$ 3390.69,100
319,09:41:16,$ 3390.69,100
320,09:41:16,$ 3390.61,100
321,09:41:11,$ 3390.55,100
322,09:41:05,$ 3390.43,100
323,09:41:03,$ 3390.55,100
324,09:41:02,$ 3390.33,100
325,09:41:01,$ 3389.56,100
326,09:41:01,$ 3389.75,100
327,09:41:01,$ 3389.75,100
328,09:41:01,$ 3389.87,100
329,09:41:01,$ 3390.02,100
330,09:41:01,$ 3389.78,100
331,09:41:01,$ 3389.75,690
332,09:41:01,$ 3389.75,104
333,09:41:01,$ 3389.75,212
334,09:41:01,$ 3389.56,100
335,09:41:01,$ 3389.55,100
337,09:41:01,$ 3389.615,100
338,09:40:58,$ 3388.91,100
339,09:40:54,$ 3389.3654,100
340,09:40:51,$ 3389.3941,100
341,09:40:51,$ 3389.38,100
342,09:40:49,$ 3390.5559,579
343,09:40:46,$ 3390.70,100
344,09:40:46,$ 3390.70,100
345,09:40:46,$ 3390.70,100
346,09:40:44,$ 3390.36,100
347,09:40:43,$ 3390.71,100
348,09:40:43,$ 3390.71,100
349,09:40:36,$ 3391.2933,100
350,09:40:23,$ 3390.00,150
351,09:40:22,$ 3389.2492,300
352,09:40:22,$ 3389.95,100
353,09:40:15,$ 3389.85,100
354,09:40:14,$ 3390.24,100
355,09:40:13,$ 3388.7901,100
356,09:40:10,$ 3389.85,100
358,09:40:09,$ 3389.72,100
359,09:40:07,$ 3389.705,100
360,09:40:07,$ 3390.67,100
361,09:40:07,$ 3390.91,100
362,09:40:07,$ 3390.83,100
363,09:39:59,$ 3389.00,100
364,09:39:58,$ 3388.595,150
365,09:39:57,$ 3389.07,100
366,09:39:57,$ 3389.50,169
367,09:39:57,$ 3388.69,100
368,09:39:57,$ 3389.00,100
369,09:39:50,$ 3388.43,100
370,09:39:50,$ 3388.84,100
371,09:39:46,$ 3388.06,100
372,09:39:46,$ 3388.02,100
373,09:39:46,$ 3388.00,100
374,09:39:42,$ 3387.285,100
375,09:39:42,$ 3388.992,100
376,09:39:42,$ 3388.9996,100
377,09:39:42,$ 3388.82,100
379,09:39:42,$ 3388.46,100
380,09:39:42,$ 3388.00,100
381,09:39:42,$ 3386.73,300
382,09:39:42,$ 3387.73,100
383,09:39:42,$ 3387.87,100
384,09:39:41,$ 3387.2275,100
385,09:39:41,$ 3387.75,"2,500"
386,09:39:40,$ 3387.00,100
387,09:39:40,$ 3387.02,100
388,09:39:40,$ 3386.915,100
389,09:39:40,$ 3387.86,100
390,09:39:39,$ 3387.055,100
391,09:39:39,$ 3387.25,100
392,09:39:39,$ 3387.245,100
393,09:39:33,$ 3387.02,100
394,09:39:29,$ 3387.86,100
395,09:39:24,$ 3386.47,160
396,09:39:24,$ 3385.255,100
397,09:39:24,$ 3386.40,100
398,09:39:23,$ 3385.185,100
400,09:39:22,$ 3386.775,100
401,09:39:21,$ 3387.60,100
402,09:39:17,$ 3386.335,160
403,09:39:16,$ 3386.335,100
404,09:39:16,$ 3386.09,100
405,09:39:08,$ 3387.2362,160
406,09:39:05,$ 3386.04,100
407,09:38:59,$ 3385.105,100
408,09:38:53,$ 3386.92,100
409,09:38:52,$ 3385.22,100
410,09:38:47,$ 3385.22,100
411,09:38:47,$ 3385.24,100
412,09:38:47,$ 3386.76,100
413,09:38:47,$ 3386.38,100
414,09:38:38,$ 3385.59,100
415,09:38:38,$ 3385.59,100
416,09:38:33,$ 3385.60,200
417,09:38:33,$ 3386.7583,118
418,09:38:31,$ 3385.7631,140
419,09:38:10,$ 3386.7356,500
421,09:38:09,$ 3385.83,100
422,09:38:04,$ 3386.1323,202
423,09:38:03,$ 3386.00,100
424,09:37:49,$ 3388.00,100
425,09:37:48,$ 3388.7575,100
426,09:37:44,$ 3387.145,160
427,09:37:42,$ 3388.01,102
428,09:37:42,$ 3387.78,100
429,09:37:42,$ 3387.60,100
430,09:37:37,$ 3389.00,250
431,09:37:35,$ 3388.14,100
432,09:37:35,$ 3386.9101,100
433,09:37:31,$ 3387.5588,100
434,09:37:30,$ 3387.63,100
435,09:37:28,$ 3387.785,100
436,09:37:05,$ 3384.49,100
437,09:37:04,$ 3384.60,100
438,09:37:02,$ 3383.798,382
439,09:37:02,$ 3383.798,118
440,09:37:01,$ 3383.80,100
442,09:37:01,$ 3383.66,100
443,09:37:01,$ 3383.80,100
444,09:37:01,$ 3383.80,100
445,09:37:01,$ 3383.66,100
446,09:36:54,$ 3383.80,100
447,09:36:54,$ 3383.80,100
448,09:36:54,$ 3383.80,100
449,09:36:54,$ 3383.80,200
450,09:36:54,$ 3383.80,100
451,09:36:49,$ 3383.4516,100
452,09:36:48,$ 3384.53,100
453,09:36:47,$ 3385.52,100
454,09:36:47,$ 3385.40,100
455,09:36:44,$ 3385.7229,100
456,09:36:42,$ 3386.35,160
457,09:36:40,$ 3387.00,100
458,09:36:34,$ 3384.995,100
459,09:36:25,$ 3384.22,100
460,09:36:23,$ 3383.415,100
461,09:36:21,$ 3381.03,500
463,09:36:17,$ 3382.00,100
464,09:36:17,$ 3382.00,100
465,09:36:16,$ 3381.18,100
466,09:36:16,$ 3382.00,100
467,09:36:15,$ 3381.95,100
468,09:36:15,$ 3382.00,100
469,09:36:06,$ 3381.18,100
470,09:36:03,$ 3381.00,100
471,09:36:03,$ 3381.00,132
472,09:35:56,$ 3381.895,100
473,09:35:54,$ 3381.14,100
474,09:35:42,$ 3382.89,100
475,09:35:33,$ 3382.8616,300
476,09:35:28,$ 3382.00,100
477,09:35:28,$ 3382.867,500
478,09:35:19,$ 3381.145,100
479,09:35:18,$ 3381.02,100
480,09:35:18,$ 3381.09,100
481,09:35:14,$ 3381.18,100
482,09:35:10,$ 3381.75,150
484,09:35:09,$ 3381.04,100
485,09:35:09,$ 3381.27,100
486,09:35:05,$ 3382.04,100
487,09:35:00,$ 3384.15,187
488,09:35:00,$ 3383.43,100
489,09:34:59,$ 3385.815,200
490,09:34:51,$ 3385.32,100
491,09:34:51,$ 3385.04,100
492,09:34:16,$ 3384.28,100
493,09:34:14,$ 3384.2969,100
494,09:34:13,$ 3385.06,100
495,09:34:12,$ 3383.01,100
496,09:34:09,$ 3384.44,100
497,09:34:08,$ 3384.15,100
498,09:34:03,$ 3384.86,100
499,09:34:03,$ 3385.01,100
500,09:34:03,$ 3385.00,290
501,09:33:52,$ 3386.98,100
502,09:33:52,$ 3386.98,100
503,09:33:52,$ 3386.98,100
505,09:33:52,$ 3386.98,100
506,09:33:47,$ 3386.98,100
507,09:33:46,$ 3386.99,250
508,09:33:36,$ 3386.80,100
509,09:33:36,$ 3386.75,100
510,09:33:36,$ 3386.75,111
511,09:33:36,$ 3386.75,103
512,09:33:36,$ 3386.80,100
513,09:33:36,$ 3388.43,102
514,09:33:36,$ 3388.43,133
515,09:33:36,$ 3388.43,"1,619"
516,09:33:30,$ 3388.79,100
517,09:33:30,$ 3388.43,488
518,09:33:27,$ 3385.91,100
519,09:33:27,$ 3385.91,100
520,09:33:27,$ 3386.10,100
521,09:33:27,$ 3386.37,100
522,09:33:27,$ 3386.55,100
523,09:33:26,$ 3384.145,100
524,09:33:25,$ 3384.605,100
526,09:33:24,$ 3386.6993,100
527,09:33:23,$ 3386.3349,500
528,09:33:23,$ 3387.09,100
529,09:33:17,$ 3388.895,100
530,09:33:05,$ 3388.095,100
531,09:33:04,$ 3388.00,200
532,09:33:04,$ 3388.00,100
533,09:33:02,$ 3388.64,100
534,09:32:59,$ 3390.7728,100
535,09:32:52,$ 3391.085,100
536,09:32:52,$ 3392.1696,100
537,09:32:52,$ 3391.30,100
538,09:32:52,$ 3391.30,147
539,09:32:50,$ 3390.2953,200
540,09:32:47,$ 3390.815,100
541,09:32:40,$ 3391.30,100
542,09:32:40,$ 3391.30,100
543,09:32:40,$ 3391.30,100
544,09:32:40,$ 3391.30,100
545,09:32:40,$ 3391.30,100
547,09:32:30,$ 3392.33,100
548,09:32:21,$ 3391.05,100
549,09:32:18,$ 3393.325,100
550,09:32:14,$ 3393.00,100
551,09:32:14,$ 3393.00,107
552,09:32:14,$ 3392.00,156
553,09:32:14,$ 3391.00,218
554,09:32:14,$ 3391.00,250
555,09:32:14,$ 3391.22,212
556,09:32:14,$ 3391.22,135
557,09:32:14,$ 3391.22,101
558,09:32:14,$ 3391.22,100
559,09:32:14,$ 3391.22,100
560,09:32:14,$ 3391.22,168
561,09:32:14,$ 3391.22,"1,040"
562,09:32:12,$ 3389.16,100
563,09:32:00,$ 3389.46,200
564,09:31:56,$ 3388.8601,100
565,09:31:56,$ 3387.56,100
566,09:31:53,$ 3387.8525,100
568,09:31:53,$ 3389.99,100
569,09:31:53,$ 3390.00,300
570,09:31:53,$ 3390.00,231
571,09:31:52,$ 3389.55,100
572,09:31:52,$ 3389.07,125
573,09:31:52,$ 3389.50,100
574,09:31:52,$ 3389.50,376
575,09:31:52,$ 3389.50,100
576,09:31:52,$ 3386.995,100
577,09:31:52,$ 3388.87,100
578,09:31:52,$ 3388.88,100
579,09:31:52,$ 3388.95,100
580,09:31:52,$ 3389.50,100
581,09:31:52,$ 3389.50,100
582,09:31:50,$ 3387.9675,100
583,09:31:46,$ 3388.01,300
584,09:31:46,$ 3388.00,100
585,09:31:46,$ 3388.00,133
586,09:31:46,$ 3387.74,100
587,09:31:46,$ 3387.36,100
589,09:31:46,$ 3387.27,200
590,09:31:46,$ 3387.35,100
591,09:31:46,$ 3387.36,200
592,09:31:46,$ 3387.36,100
593,09:31:46,$ 3387.36,100
594,09:31:45,$ 3387.5423,100
595,09:31:45,$ 3387.679,100
596,09:31:42,$ 3387.355,100
597,09:31:42,$ 3387.35,300
598,09:31:42,$ 3388.68,100
599,09:31:41,$ 3388.9299,100
600,09:31:33,$ 3386.42,100
601,09:31:29,$ 3387.8346,100
602,09:31:28,$ 3388.92,100
603,09:31:26,$ 3388.83,200
604,09:31:10,$ 3386.70,100
605,09:31:10,$ 3386.4616,101
606,09:31:07,$ 3389.00,200
607,09:31:07,$ 3389.00,100
608,09:31:07,$ 3388.00,103
610,09:31:46,$ 3387.27,200
611,09:31:46,$ 3387.35,100
612,09:31:46,$ 3387.36,200
613,09:31:46,$ 3387.36,100
614,09:31:46,$ 3387.36,100
615,09:31:45,$ 3387.5423,100
616,09:31:45,$ 3387.679,100
617,09:31:42,$ 3387.355,100
618,09:31:42,$ 3387.35,300
619,09:31:42,$ 3388.68,100
620,09:31:41,$ 3388.9299,100
621,09:31:33,$ 3386.42,100
622,09:31:29,$ 3387.8346,100
623,09:31:28,$ 3388.92,100
624,09:31:26,$ 3388.83,200
625,09:31:10,$ 3386.70,100
626,09:31:10,$ 3386.4616,101
627,09:31:07,$ 3389.00,200
628,09:31:07,$ 3389.00,100
629,09:31:07,$ 3388.00,103
631,09:30:36,$ 3386.00,100
632,09:30:36,$ 3387.5001,135
633,09:30:35,$ 3385.00,100
634,09:30:35,$ 3386.00,100
635,09:30:35,$ 3386.00,100
636,09:30:33,$ 3385.0553,250
637,09:30:26,$ 3384.005,100
638,09:30:23,$ 3382.30,100
639,09:30:23,$ 3382.83,100
640,09:30:17,$ 3385.81,100
641,09:30:16,$ 3385.75,100
642,09:30:14,$ 3385.2125,100
643,09:30:14,$ 3383.115,100
644,09:30:12,$ 3387.62,100
645,09:30:12,$ 3387.66,100
646,09:30:12,$ 3387.77,100
647,09:30:12,$ 3387.66,121
648,09:30:12,$ 3387.71,100
649,09:30:11,$ 3387.64,100
650,09:30:05,$ 3385.32,100
652,09:30:05,$ 3385.00,100
653,09:30:04,$ 3384.6948,100
654,09:30:04,$ 3384.97,100
655,09:30:04,$ 3385.00,100
656,09:30:04,$ 3384.395,100
657,09:30:04,$ 3384.395,200
658,09:30:04,$ 3384.395,109
659,09:30:04,$ 3381.02,100
660,09:30:02,$ 3383.005,100
661,09:30:02,$ 3380.05,2
662,09:30:02,$ 3380.05,5
663,09:30:02,$ 3380.05,1
664,09:30:02,$ 3380.05,1
665,09:30:02,$ 3380.05,30
666,09:30:02,$ 3380.05,5
667,09:30:02,$ 3380.05,1
668,09:30:02,$ 3380.05,5
669,09:30:02,$ 3380.05,6
670,09:30:02,$ 3380.05,2
671,09:30:02,$ 3380.05,1
673,09:30:02,$ 3380.05,1
674,09:30:02,$ 3380.05,5
675,09:30:02,$ 3380.05,56
676,09:30:02,$ 3380.05,33
677,09:30:02,$ 3380.05,17
678,09:30:02,$ 3380.05,1
679,09:30:02,$ 3380.05,1
680,09:30:02,$ 3380.05,29
681,09:30:02,$ 3380.05,1
682,09:30:02,$ 3380.05,3
683,09:30:02,$ 3380.05,2
684,09:30:02,$ 3380.05,1
685,09:30:02,$ 3380.05,2
686,09:30:02,$ 3380.05,4
687,09:30:02,$ 3380.05,3
688,09:30:02,$ 3380.05,3
689,09:30:02,$ 3380.05,25
690,09:30:02,$ 3380.05,4
691,09:30:02,$ 3380.05,10
692,09:30:02,$ 3380.05,50
694,09:30:02,$ 3380.05,25
695,09:30:02,$ 3380.05,3
696,09:30:02,$ 3380.05,100
697,09:30:02,$ 3380.05,7
698,09:30:02,$ 3380.05,20
699,09:30:02,$ 3380.05,2
700,09:30:02,$ 3380.05,1
701,09:30:02,$ 3380.05,1
702,09:30:02,$ 3380.05,2
703,09:30:02,$ 3380.05,1
704,09:30:02,$ 3380.05,1
705,09:30:02,$ 3380.05,3
706,09:30:02,$ 3380.05,8
707,09:30:02,$ 3380.05,3
708,09:30:02,$ 3380.05,2
709,09:30:02,$ 3380.05,2
710,09:30:02,$ 3380.05,1
711,09:30:02,$ 3380.05,1
712,09:30:02,$ 3380.05,1
713,09:30:02,$ 3380.05,15
715,09:30:02,$ 3380.05,1
716,09:30:02,$ 3380.05,1
717,09:30:02,$ 3380.05,1
718,09:30:02,$ 3380.05,2
719,09:30:02,$ 3380.05,1
720,09:30:02,$ 3380.05,4
721,09:30:02,$ 3380.05,3
722,09:30:02,$ 3380.05,1
723,09:30:02,$ 3380.05,1
724,09:30:02,$ 3380.05,1
725,09:30:02,$ 3380.05,3
726,09:30:02,$ 3380.05,10
727,09:30:02,$ 3380.05,1
728,09:30:02,$ 3380.05,1
729,09:30:02,$ 3380.05,5
730,09:30:02,$ 3380.05,1
731,09:30:02,$ 3380.05,4
732,09:30:02,$ 3380.05,1
733,09:30:02,$ 3380.05,4
734,09:30:02,$ 3380.05,5
736,09:30:02,$ 3380.05,4
737,09:30:02,$ 3380.05,2
738,09:30:02,$ 3380.05,2
739,09:30:02,$ 3380.05,2
740,09:30:02,$ 3380.05,15
741,09:30:02,$ 3380.05,1
742,09:30:02,$ 3380.05,2
743,09:30:02,$ 3380.05,3
744,09:30:02,$ 3380.05,3
745,09:30:02,$ 3380.05,10
746,09:30:02,$ 3380.05,2
747,09:30:02,$ 3380.05,5
748,09:30:02,$ 3380.05,10
749,09:30:02,$ 3380.05,30
750,09:30:02,$ 3380.05,4
751,09:30:02,$ 3380.05,1
752,09:30:02,$ 3380.05,2
753,09:30:02,$ 3380.05,4
754,09:30:02,$ 3380.05,3
755,09:30:02,$ 3380.05,1
757,09:30:02,$ 3380.05,3
758,09:30:02,$ 3380.05,3
759,09:30:02,$ 3380.05,3
760,09:30:02,$ 3380.05,4
761,09:30:02,$ 3380.05,5
762,09:30:02,$ 3380.05,7
763,09:30:02,$ 3380.05,3
764,09:30:02,$ 3380.05,2
765,09:30:02,$ 3380.05,2
766,09:30:02,$ 3380.05,6
767,09:30:02,$ 3380.05,6
768,09:30:02,$ 3380.05,14
769,09:30:02,$ 3380.05,4
770,09:30:02,$ 3380.05,5
771,09:30:02,$ 3380.05,5
772,09:30:02,$ 3380.05,13
773,09:30:02,$ 3380.05,9
774,09:30:02,$ 3380.05,9
775,09:30:02,$ 3380.05,149
776,09:30:02,$ 3380.05,25
778,09:30:02,$ 3380.05,263
779,09:30:02,$ 3380.05,2
780,09:30:02,$ 3380.05,1
781,09:30:02,$ 3380.05,2
782,09:30:02,$ 3380.05,3
783,09:30:02,$ 3380.05,1
784,09:30:02,$ 3380.05,5
785,09:30:02,$ 3380.05,6
786,09:30:02,$ 3380.05,6
787,09:30:02,$ 3380.05,29
788,09:30:02,$ 3380.05,4
789,09:30:02,$ 3380.05,2
790,09:30:02,$ 3380.05,2
791,09:30:02,$ 3380.05,10
792,09:30:02,$ 3380.05,7
793,09:30:02,$ 3380.05,4
794,09:30:02,$ 3380.05,2
795,09:30:02,$ 3380.05,3
796,09:30:02,$ 3380.05,3
797,09:30:02,$ 3380.05,5
799,09:30:02,$ 3380.05,15
800,09:30:02,$ 3380.05,4
801,09:30:02,$ 3380.05,5
802,09:30:02,$ 3380.05,1
803,09:30:02,$ 3380.05,14
804,09:30:02,$ 3380.05,1
805,09:30:02,$ 3380.05,6
806,09:30:02,$ 3380.05,1
807,09:30:02,$ 3380.05,10
808,09:30:02,$ 3380.05,30
809,09:30:02,$ 3380.05,1
810,09:30:02,$ 3380.05,1
811,09:30:02,$ 3380.05,10
812,09:30:02,$ 3380.05,2
813,09:30:02,$ 3380.05,2
814,09:30:02,$ 3380.05,50
815,09:30:02,$ 3380.05,1
816,09:30:02,$ 3380.05,1
817,09:30:02,$ 3380.05,1
818,09:30:02,$ 3380.05,18
820,09:30:02,$ 3380.05,2
821,09:30:02,$ 3380.05,1
822,09:30:02,$ 3380.05,5
823,09:30:02,$ 3380.05,3
824,09:30:02,$ 3380.05,3
825,09:30:02,$ 3380.05,5
826,09:30:02,$ 3380.05,5
827,09:30:02,$ 3380.05,1
828,09:30:02,$ 3380.05,3
829,09:30:02,$ 3380.05,20
830,09:30:02,$ 3380.05,4
831,09:30:02,$ 3380.05,1
832,09:30:02,$ 3380.05,1
833,09:30:02,$ 3380.05,1
834,09:30:02,$ 3380.05,2
835,09:30:02,$ 3380.05,10
836,09:30:02,$ 3380.05,10
837,09:30:02,$ 3380.05,10
838,09:30:02,$ 3380.05,1
839,09:30:02,$ 3380.05,9
841,09:30:02,$ 3380.05,10
842,09:30:02,$ 3380.05,1
843,09:30:02,$ 3380.05,100
844,09:30:02,$ 3380.05,22
845,09:30:02,$ 3380.05,1
846,09:30:02,$ 3380.05,1
847,09:30:02,$ 3380.05,1
848,09:30:02,$ 3380.05,1
849,09:30:02,$ 3380.05,1
850,09:30:02,$ 3380.05,1
851,09:30:02,$ 3380.05,1
852,09:30:02,$ 3380.05,1
853,09:30:02,$ 3380.05,1
854,09:30:02,$ 3380.05,1
855,09:30:02,$ 3380.05,1
856,09:30:02,$ 3380.05,1
857,09:30:02,$ 3380.05,1
858,09:30:02,$ 3380.05,1
859,09:30:02,$ 3380.05,1
860,09:30:02,$ 3380.05,1
862,09:30:02,$ 3380.05,1
863,09:30:02,$ 3380.05,1
864,09:30:02,$ 3380.05,1
865,09:30:02,$ 3380.05,1
866,09:30:02,$ 3380.05,1
867,09:30:02,$ 3380.05,1
868,09:30:02,$ 3380.05,1
869,09:30:02,$ 3380.05,1
870,09:30:02,$ 3380.05,1
871,09:30:02,$ 3380.05,1
872,09:30:02,$ 3380.05,1
873,09:30:02,$ 3380.05,1
874,09:30:02,$ 3380.05,1
875,09:30:02,$ 3380.05,1
876,09:30:02,$ 3380.05,1
877,09:30:02,$ 3380.05,1
878,09:30:02,$ 3380.05,1
879,09:30:02,$ 3380.05,1
880,09:30:02,$ 3380.05,1
881,09:30:02,$ 3380.05,1
883,09:30:02,$ 3380.05,1
884,09:30:02,$ 3380.05,1
885,09:30:02,$ 3380.05,1
886,09:30:02,$ 3380.05,1
887,09:30:02,$ 3380.05,1
888,09:30:02,$ 3380.05,1
889,09:30:02,$ 3380.05,1
890,09:30:02,$ 3380.05,1
891,09:30:02,$ 3380.05,1
892,09:30:02,$ 3380.05,1
893,09:30:02,$ 3380.05,1
894,09:30:02,$ 3380.05,1
895,09:30:02,$ 3380.05,1
896,09:30:02,$ 3380.05,1
897,09:30:02,$ 3380.05,1
898,09:30:02,$ 3380.05,1
899,09:30:02,$ 3380.05,1
900,09:30:02,$ 3380.05,1
901,09:30:02,$ 3380.05,1
902,09:30:02,$ 3380.05,1
904,09:30:02,$ 3380.05,1
905,09:30:02,$ 3380.05,1
906,09:30:02,$ 3380.05,1
907,09:30:02,$ 3380.05,5
908,09:30:02,$ 3380.05,4
909,09:30:02,$ 3380.05,1
910,09:30:02,$ 3380.05,1
911,09:30:02,$ 3380.05,1
912,09:30:02,$ 3380.05,3
913,09:30:02,$ 3380.05,2
914,09:30:02,$ 3380.05,1
915,09:30:02,$ 3380.05,3
916,09:30:02,$ 3380.05,1
917,09:30:02,$ 3380.05,1
918,09:30:02,$ 3380.05,2
919,09:30:02,$ 3380.05,2
920,09:30:02,$ 3380.05,1
921,09:30:02,$ 3380.05,15
922,09:30:02,$ 3380.05,1
923,09:30:02,$ 3380.05,2
925,09:30:02,$ 3380.05,2
926,09:30:02,$ 3380.05,10
927,09:30:02,$ 3380.05,1
928,09:30:02,$ 3380.05,1
929,09:30:02,$ 3380.05,1
930,09:30:02,$ 3380.05,1
931,09:30:02,$ 3380.05,1
932,09:30:02,$ 3380.05,1
933,09:30:02,$ 3380.05,1
934,09:30:02,$ 3380.05,1
935,09:30:02,$ 3380.05,5
936,09:30:02,$ 3380.05,1
937,09:30:02,$ 3380.05,1
938,09:30:02,$ 3380.05,1
939,09:30:02,$ 3380.05,3
940,09:30:02,$ 3380.05,1
941,09:30:02,$ 3380.05,1
942,09:30:02,$ 3380.05,1
943,09:30:02,$ 3380.05,2
944,09:30:02,$ 3380.05,1
946,09:30:02,$ 3380.05,2
947,09:30:02,$ 3380.05,5
948,09:30:02,$ 3380.05,3
949,09:30:02,$ 3380.05,2
950,09:30:02,$ 3380.05,3
951,09:30:02,$ 3380.05,3
952,09:30:02,$ 3380.05,2
953,09:30:02,$ 3380.05,5
954,09:30:02,$ 3380.05,3
955,09:30:02,$ 3380.05,1
956,09:30:02,$ 3380.05,10
957,09:30:02,$ 3380.05,1
958,09:30:02,$ 3380.05,1
959,09:30:02,$ 3380.05,1
960,09:30:02,$ 3380.05,1
961,09:30:02,$ 3380.05,1
962,09:30:02,$ 3380.05,1
963,09:30:02,$ 3380.05,1
964,09:30:02,$ 3380.05,1
965,09:30:02,$ 3380.05,1
967,09:30:02,$ 3380.05,1
968,09:30:02,$ 3380.05,1
969,09:30:02,$ 3380.05,1
970,09:30:02,$ 3380.05,1
971,09:30:02,$ 3380.05,1
972,09:30:02,$ 3380.05,1
973,09:30:02,$ 3380.05,1
974,09:30:02,$ 3380.05,1
975,09:30:02,$ 3380.05,1
976,09:30:02,$ 3380.05,1
977,09:30:02,$ 3380.05,1
978,09:30:02,$ 3380.05,1
979,09:30:02,$ 3380.05,1
980,09:30:02,$ 3380.05,1
981,09:30:02,$ 3380.05,1
982,09:30:02,$ 3380.05,1
983,09:30:02,$ 3380.05,1
984,09:30:02,$ 3380.05,1
985,09:30:02,$ 3380.05,1
986,09:30:02,$ 3380.05,1
988,09:30:02,$ 3380.05,1
989,09:30:02,$ 3380.05,1
990,09:30:02,$ 3380.05,1
991,09:30:02,$ 3380.05,1
992,09:30:02,$ 3380.05,1
993,09:30:02,$ 3380.05,1
994,09:30:02,$ 3380.05,1
995,09:30:02,$ 3380.05,1
996,09:30:02,$ 3380.05,1
997,09:30:02,$ 3380.05,1
998,09:30:02,$ 3380.05,50
999,09:30:02,$ 3380.05,1
1000,09:30:02,$ 3380.05,1
1001,09:30:02,$ 3380.05,1
1002,09:30:02,$ 3380.05,1
1003,09:30:02,$ 3380.05,1
1004,09:30:02,$ 3380.05,1
1005,09:30:02,$ 3380.05,1
1006,09:30:02,$ 3380.05,1
1007,09:30:02,$ 3380.05,1
1009,09:30:02,$ 3380.05,1
1010,09:30:02,$ 3380.05,1
1011,09:30:02,$ 3380.05,1
1012,09:30:02,$ 3380.05,1
1013,09:30:02,$ 3380.05,1
1014,09:30:02,$ 3380.05,1
1015,09:30:02,$ 3380.05,1
1016,09:30:02,$ 3380.05,1
1017,09:30:02,$ 3380.05,1
1018,09:30:02,$ 3380.05,1
1019,09:30:02,$ 3380.05,1
1020,09:30:02,$ 3380.05,1
1021,09:30:02,$ 3380.05,1
1022,09:30:02,$ 3380.05,1
1023,09:30:02,$ 3380.05,1
1024,09:30:02,$ 3380.05,1
1025,09:30:02,$ 3380.05,1
1026,09:30:02,$ 3380.05,1
1027,09:30:02,$ 3380.05,1
1028,09:30:02,$ 3380.05,1
1030,09:30:02,$ 3380.05,1
1031,09:30:02,$ 3380.05,1
1032,09:30:02,$ 3380.05,1
1033,09:30:02,$ 3380.05,1
1034,09:30:02,$ 3380.05,1
1035,09:30:02,$ 3380.05,1
1036,09:30:02,$ 3380.05,1
1037,09:30:02,$ 3380.05,1
1038,09:30:02,$ 3380.05,1
1039,09:30:02,$ 3380.05,1
1040,09:30:02,$ 3380.05,1
1041,09:30:02,$ 3380.05,1
1042,09:30:02,$ 3380.05,1
1043,09:30:02,$ 3380.05,1
1044,09:30:02,$ 3380.05,1
1045,09:30:02,$ 3380.05,1
1046,09:30:02,$ 3380.05,1
1047,09:30:02,$ 3380.05,1
1048,09:30:02,$ 3380.05,1
1049,09:30:02,$ 3380.05,1
1051,09:30:02,$ 3380.05,1
1052,09:30:02,$ 3380.05,1
1053,09:30:02,$ 3380.05,1
1054,09:30:02,$ 3380.05,1
1055,09:30:02,$ 3380.05,1
1056,09:30:02,$ 3380.05,1
1057,09:30:02,$ 3380.05,1
1058,09:30:02,$ 3380.05,2
1059,09:30:02,$ 3380.05,10
1060,09:30:02,$ 3380.05,1
1061,09:30:02,$ 3380.05,1
1062,09:30:02,$ 3380.05,1
1063,09:30:02,$ 3380.05,1
1064,09:30:02,$ 3380.05,1
1065,09:30:02,$ 3380.05,1
1066,09:30:02,$ 3380.05,1
1067,09:30:02,$ 3380.05,1
1068,09:30:02,$ 3380.05,1
1069,09:30:02,$ 3380.05,1
1070,09:30:02,$ 3380.05,1
1072,09:30:02,$ 3380.05,1
1073,09:30:02,$ 3380.05,1
1074,09:30:02,$ 3380.05,1
1075,09:30:02,$ 3380.05,1
1076,09:30:02,$ 3380.05,1
1077,09:30:02,$ 3380.05,4
1078,09:30:02,$ 3380.05,1
1079,09:30:02,$ 3380.05,1
1080,09:30:02,$ 3380.05,1
1081,09:30:02,$ 3380.05,5
1082,09:30:02,$ 3380.05,1
1083,09:30:02,$ 3380.05,4
1084,09:30:02,$ 3380.05,3
1085,09:30:02,$ 3380.05,5
1086,09:30:02,$ 3380.05,1
1087,09:30:02,$ 3380.05,5
1088,09:30:02,$ 3380.05,1
1089,09:30:02,$ 3380.05,32
1090,09:30:02,$ 3380.05,4
1091,09:30:02,$ 3380.05,7
1093,09:30:02,$ 3380.05,3
1094,09:30:02,$ 3380.05,10
1095,09:30:02,$ 3380.05,5
1096,09:30:02,$ 3380.05,18
1097,09:30:02,$ 3380.05,9
1098,09:30:02,$ 3380.05,1
1099,09:30:02,$ 3380.05,2
1100,09:30:02,$ 3380.05,1
1101,09:30:02,$ 3380.05,2
1102,09:30:02,$ 3380.05,1
1103,09:30:02,$ 3380.05,1
1104,09:30:02,$ 3380.05,2
1105,09:30:02,$ 3380.05,3
1106,09:30:02,$ 3380.05,1
1107,09:30:02,$ 3380.05,1
1108,09:30:02,$ 3380.05,1
1109,09:30:02,$ 3380.05,1
1110,09:30:02,$ 3380.05,1
1111,09:30:02,$ 3380.05,1
1112,09:30:02,$ 3380.05,1
1114,09:30:02,$ 3380.05,1
1115,09:30:02,$ 3380.05,5
1116,09:30:02,$ 3380.05,1
1117,09:30:02,$ 3380.05,46
1118,09:30:02,$ 3380.05,2
1119,09:30:02,$ 3380.05,2
1120,09:30:02,$ 3380.05,15
1121,09:30:02,$ 3380.05,34
1122,09:30:02,$ 3380.05,2
1123,09:30:02,$ 3380.05,1
1124,09:30:02,$ 3380.05,1
1125,09:30:02,$ 3380.05,1
1126,09:30:02,$ 3380.05,1
1127,09:30:02,$ 3380.05,1
1128,09:30:02,$ 3380.05,1
1129,09:30:02,$ 3380.05,5
1130,09:30:02,$ 3380.05,1
1131,09:30:02,$ 3380.05,1
1132,09:30:02,$ 3380.05,3
1133,09:30:02,$ 3380.05,12
1135,09:30:02,$ 3380.05,1
1136,09:30:02,$ 3380.05,100
1137,09:30:02,$ 3380.05,1
1138,09:30:02,$ 3380.05,2
1139,09:30:02,$ 3380.05,1
1140,09:30:02,$ 3380.05,1
1141,09:30:02,$ 3380.05,1
1142,09:30:02,$ 3380.05,2
1143,09:30:02,$ 3380.05,1
1144,09:30:02,$ 3380.05,19
1145,09:30:02,$ 3380.05,10
1146,09:30:02,$ 3380.05,1
1147,09:30:02,$ 3380.05,1
1148,09:30:02,$ 3380.05,15
1149,09:30:02,$ 3380.05,2
1150,09:30:02,$ 3380.05,2
1151,09:30:02,$ 3380.05,2
1152,09:30:02,$ 3380.05,3
1153,09:30:02,$ 3380.05,3
1154,09:30:02,$ 3380.05,3
1156,09:30:02,$ 3380.05,4
1157,09:30:02,$ 3380.05,2
1158,09:30:02,$ 3380.05,4
1159,09:30:02,$ 3380.05,6
1160,09:30:02,$ 3380.05,5
1161,09:30:02,$ 3380.05,1
1162,09:30:02,$ 3380.05,1
1163,09:30:02,$ 3380.05,30
1164,09:30:02,$ 3380.05,7
1165,09:30:02,$ 3380.05,8
1166,09:30:02,$ 3380.05,3
1167,09:30:02,$ 3380.05,8
1168,09:30:02,$ 3380.05,10
1169,09:30:02,$ 3380.05,50
1170,09:30:02,$ 3380.05,1
1171,09:30:02,$ 3380.05,2
1172,09:30:02,$ 3380.05,7
1173,09:30:02,$ 3380.05,2
1174,09:30:02,$ 3380.05,3
1175,09:30:02,$ 3380.05,15
1177,09:30:02,$ 3380.05,70
1178,09:30:02,$ 3380.05,2
1179,09:30:02,$ 3380.05,1
1180,09:30:02,$ 3380.05,20
1181,09:30:02,$ 3380.05,1
1182,09:30:02,$ 3380.05,2
1183,09:30:02,$ 3380.05,3
1184,09:30:02,$ 3380.05,1
1185,09:30:02,$ 3380.05,25
1186,09:30:02,$ 3380.05,1
1187,09:30:02,$ 3380.05,1
1188,09:30:02,$ 3380.05,3
1189,09:30:02,$ 3380.05,3
1190,09:30:02,$ 3380.05,5
1191,09:30:02,$ 3380.05,7
1192,09:30:02,$ 3380.05,4
1193,09:30:02,$ 3380.05,11
1194,09:30:02,$ 3380.05,6
1195,09:30:02,$ 3380.05,23
1196,09:30:02,$ 3380.05,176
1198,09:30:02,$ 3380.05,3
1199,09:30:02,$ 3380.05,4
1200,09:30:02,$ 3380.05,7
1201,09:30:02,$ 3380.05,7
1202,09:30:02,$ 3380.05,15
1203,09:30:02,$ 3380.05,3
1204,09:30:02,$ 3380.05,1
1205,09:30:02,$ 3380.05,3
1206,09:30:02,$ 3380.05,19
1207,09:30:02,$ 3380.05,4
1208,09:30:02,$ 3380.05,3
1209,09:30:02,$ 3380.05,49
1210,09:30:02,$ 3380.05,3
1211,09:30:02,$ 3380.05,88
1212,09:30:02,$ 3380.05,5
1213,09:30:02,$ 3380.05,9
1214,09:30:02,$ 3380.05,5
1215,09:30:02,$ 3380.05,22
1216,09:30:02,$ 3380.05,2
1217,09:30:02,$ 3380.05,1
1219,09:30:02,$ 3380.05,14
1220,09:30:02,$ 3380.05,1
1221,09:30:02,$ 3380.05,8
1222,09:30:02,$ 3380.05,1
1223,09:30:02,$ 3380.05,2
1224,09:30:02,$ 3380.05,50
1225,09:30:02,$ 3380.05,1
1226,09:30:02,$ 3380.05,15
1227,09:30:02,$ 3380.05,36
1228,09:30:02,$ 3380.05,20
1229,09:30:02,$ 3380.05,1
1230,09:30:02,$ 3380.05,14
1231,09:30:02,$ 3380.05,1
1232,09:30:02,$ 3380.05,35
1233,09:30:02,$ 3380.05,3
1234,09:30:02,$ 3380.05,140
1235,09:30:02,$ 3380.05,3
1236,09:30:02,$ 3380.05,1
1237,09:30:02,$ 3380.05,2
1238,09:30:02,$ 3380.05,4
1240,09:30:02,$ 3380.05,1
1241,09:30:02,$ 3380.05,4
1242,09:30:02,$ 3380.05,1
1243,09:30:02,$ 3380.05,7
1244,09:30:02,$ 3380.05,29
1245,09:30:02,$ 3380.05,1
1246,09:30:02,$ 3380.05,1
1247,09:30:02,$ 3380.05,1
1248,09:30:02,$ 3380.05,4
1249,09:30:02,$ 3380.05,4
1250,09:30:02,$ 3380.05,3
1251,09:30:02,$ 3380.05,1
1252,09:30:02,$ 3380.05,3
1253,09:30:02,$ 3380.05,20
1254,09:30:02,$ 3380.05,8
1255,09:30:02,$ 3380.05,4
1256,09:30:02,$ 3380.05,2
1257,09:30:02,$ 3380.05,11
1258,09:30:02,$ 3380.05,8
1259,09:30:02,$ 3380.05,7
1261,09:30:02,$ 3380.05,19
1262,09:30:02,$ 3380.05,3
1263,09:30:02,$ 3380.05,1
1264,09:30:02,$ 3380.05,5
1265,09:30:02,$ 3380.05,1
1266,09:30:02,$ 3380.05,1
1267,09:30:02,$ 3380.05,1
1268,09:30:02,$ 3380.05,5
1269,09:30:02,$ 3380.05,2
1270,09:30:02,$ 3380.05,2
1271,09:30:02,$ 3380.05,3
1272,09:30:02,$ 3380.05,1
1273,09:30:02,$ 3380.05,1
1274,09:30:02,$ 3380.05,2
1275,09:30:02,$ 3380.05,1
1276,09:30:02,$ 3380.05,10
1277,09:30:02,$ 3380.05,1
1278,09:30:02,$ 3380.05,2
1279,09:30:02,$ 3380.05,2
1280,09:30:02,$ 3380.05,8
1282,09:30:02,$ 3380.05,28
1283,09:30:02,$ 3380.05,17
1284,09:30:02,$ 3380.05,1
1285,09:30:02,$ 3380.05,1
1286,09:30:02,$ 3380.05,1
1287,09:30:02,$ 3380.05,1
1288,09:30:02,$ 3380.05,1
1289,09:30:02,$ 3380.05,10
1290,09:30:02,$ 3380.05,1
1291,09:30:02,$ 3380.05,3
1292,09:30:02,$ 3380.05,1
1293,09:30:02,$ 3380.05,1
1294,09:30:02,$ 3380.05,3
1295,09:30:02,$ 3380.05,1
1296,09:30:02,$ 3380.05,30
1297,09:30:02,$ 3380.05,1
1298,09:30:02,$ 3380.05,10
1299,09:30:02,$ 3380.05,1
1300,09:30:02,$ 3380.05,1
1301,09:30:02,$ 3380.05,1
1303,09:30:02,$ 3380.05,1
1304,09:30:02,$ 3380.05,1
1305,09:30:02,$ 3380.05,1
1306,09:30:02,$ 3380.05,2
1307,09:30:02,$ 3380.05,100
1308,09:30:02,$ 3380.05,3
1309,09:30:02,$ 3380.05,7
1310,09:30:02,$ 3380.05,5
1311,09:30:02,$ 3380.05,4
1312,09:30:02,$ 3380.05,33
1313,09:30:02,$ 3380.05,1
1314,09:30:02,$ 3380.05,3
1315,09:30:02,$ 3380.05,1
1316,09:30:02,$ 3380.05,3
1317,09:30:02,$ 3380.05,2
1318,09:30:02,$ 3380.05,5
1319,09:30:02,$ 3380.05,1
1320,09:30:02,$ 3380.05,1
1321,09:30:02,$ 3380.05,1
1322,09:30:02,$ 3380.05,1
1324,09:30:02,$ 3380.05,4
1325,09:30:02,$ 3380.05,1
1326,09:30:02,$ 3380.05,3
1327,09:30:02,$ 3380.05,50
1328,09:30:02,$ 3380.05,14
1329,09:30:02,$ 3380.05,1
1330,09:30:02,$ 3380.05,2
1331,09:30:02,$ 3380.05,2
1332,09:30:02,$ 3380.05,1
1333,09:30:02,$ 3380.05,1
1334,09:30:02,$ 3380.05,1
1335,09:30:02,$ 3380.05,1
1336,09:30:02,$ 3380.05,1
1337,09:30:02,$ 3380.05,8
1338,09:30:02,$ 3380.05,1
1339,09:30:02,$ 3380.05,2
1340,09:30:02,$ 3380.05,1
1341,09:30:02,$ 3380.05,1
1342,09:30:02,$ 3380.05,1
1343,09:30:02,$ 3380.05,1
1345,09:30:02,$ 3380.05,2
1346,09:30:02,$ 3380.05,1
1347,09:30:02,$ 3380.05,1
1348,09:30:02,$ 3380.05,1
1349,09:30:02,$ 3380.05,2
1350,09:30:02,$ 3380.05,1
1351,09:30:02,$ 3380.05,25
1352,09:30:02,$ 3380.05,1
1353,09:30:02,$ 3380.05,1
1354,09:30:02,$ 3380.05,3
1355,09:30:02,$ 3380.05,18
1356,09:30:02,$ 3380.05,1
1357,09:30:02,$ 3380.05,1
1358,09:30:02,$ 3380.05,100
1359,09:30:02,$ 3380.05,9
1360,09:30:02,$ 3380.05,3
1361,09:30:02,$ 3380.05,1
1362,09:30:02,$ 3380.05,3
1363,09:30:02,$ 3380.05,1
1364,09:30:02,$ 3380.05,600
1366,09:30:02,$ 3380.05,1
1367,09:30:02,$ 3380.05,5
1368,09:30:02,$ 3380.05,4
1369,09:30:02,$ 3380.05,27
1370,09:30:02,$ 3380.05,48
1371,09:30:02,$ 3380.05,7
1372,09:30:02,$ 3380.05,66
1373,09:30:02,$ 3380.05,68
1374,09:30:02,$ 3380.05,1
1375,09:30:02,$ 3380.05,1
1376,09:30:02,$ 3380.05,1
1377,09:30:02,$ 3380.05,1
1378,09:30:02,$ 3380.05,5
1379,09:30:02,$ 3380.05,3
1380,09:30:02,$ 3380.05,7
1381,09:30:02,$ 3380.05,7
1382,09:30:02,$ 3380.05,7
1383,09:30:02,$ 3380.05,6
1384,09:30:02,$ 3380.05,20
1385,09:30:02,$ 3380.05,200
1387,09:30:02,$ 3380.05,25
1388,09:30:02,$ 3380.05,24
1389,09:30:02,$ 3380.05,24
1390,09:30:02,$ 3380.05,24
1391,09:30:02,$ 3380.05,24
1392,09:30:02,$ 3380.05,99
1393,09:30:02,$ 3380.05,4
1394,09:30:02,$ 3380.05,37
1395,09:30:02,$ 3380.05,20
1396,09:30:02,$ 3380.05,12
1397,09:30:02,$ 3380.05,2
1398,09:30:02,$ 3380.05,1
1399,09:30:02,$ 3380.05,5
1400,09:30:02,$ 3380.05,14
1401,09:30:02,$ 3380.05,14
1402,09:30:02,$ 3380.05,14
1403,09:30:02,$ 3380.05,15
1404,09:30:02,$ 3380.05,57
1405,09:30:02,$ 3380.05,14
1406,09:30:02,$ 3380.05,7
1408,09:30:02,$ 3380.05,28
1409,09:30:02,$ 3380.05,35
1410,09:30:02,$ 3380.05,15
1411,09:30:02,$ 3380.05,10
1412,09:30:02,$ 3380.05,10
1413,09:30:02,$ 3380.05,11
1414,09:30:02,$ 3380.05,21
1415,09:30:02,$ 3380.05,1
1416,09:30:02,$ 3380.05,44
1417,09:30:02,$ 3380.05,300
1418,09:30:02,$ 3380.05,1
1419,09:30:02,$ 3380.05,10
1420,09:30:02,$ 3380.05,2
1421,09:30:02,$ 3380.05,1
1422,09:30:02,$ 3380.05,4
1423,09:30:02,$ 3380.05,60
1424,09:30:02,$ 3380.05,14
1425,09:30:02,$ 3380.05,3
1426,09:30:02,$ 3380.05,2
1427,09:30:02,$ 3380.05,1
1429,09:30:02,$ 3380.05,6
1430,09:30:02,$ 3380.05,4
1431,09:30:02,$ 3380.05,4
1432,09:30:02,$ 3380.05,18
1433,09:30:02,$ 3380.05,3
1434,09:30:02,$ 3380.05,1
1435,09:30:02,$ 3380.05,1
1436,09:30:02,$ 3380.05,7
1437,09:30:02,$ 3380.05,10
1438,09:30:02,$ 3380.05,6
1439,09:30:02,$ 3380.05,1
1440,09:30:02,$ 3380.05,4
1441,09:30:02,$ 3380.05,1
1442,09:30:02,$ 3380.05,8
1443,09:30:02,$ 3380.05,1
1444,09:30:02,$ 3380.05,1
1445,09:30:02,$ 3380.05,2
1446,09:30:02,$ 3380.05,15
1447,09:30:02,$ 3380.05,25
1448,09:30:02,$ 3380.05,1
1450,09:30:02,$ 3380.05,4
1451,09:30:02,$ 3380.05,2
1452,09:30:02,$ 3380.05,16
1453,09:30:02,$ 3380.05,53
1454,09:30:02,$ 3380.05,9
1455,09:30:02,$ 3380.05,1
1456,09:30:02,$ 3380.05,1
1457,09:30:02,$ 3380.05,3
1458,09:30:02,$ 3380.05,17
1459,09:30:02,$ 3380.05,5
1460,09:30:02,$ 3380.05,4
1461,09:30:02,$ 3380.05,30
1462,09:30:02,$ 3380.05,1
1463,09:30:02,$ 3380.05,1
1464,09:30:02,$ 3380.05,12
1465,09:30:02,$ 3380.05,400
1466,09:30:02,$ 3380.05,3
1467,09:30:02,$ 3380.05,1
1468,09:30:02,$ 3380.05,217
1469,09:30:02,$ 3380.05,3
1471,09:30:02,$ 3380.05,4
1472,09:30:02,$ 3380.05,3
1473,09:30:02,$ 3380.05,10
1474,09:30:02,$ 3380.05,136
1475,09:30:02,$ 3380.05,1
1476,09:30:02,$ 3380.05,60
1477,09:30:02,$ 3380.05,5
1478,09:30:02,$ 3380.05,11
1479,09:30:02,$ 3380.05,18
1480,09:30:02,$ 3380.05,12
1481,09:30:02,$ 3380.05,56
1482,09:30:02,$ 3380.05,11
1483,09:30:02,$ 3380.05,90
1484,09:30:02,$ 3380.05,1
1485,09:30:02,$ 3380.05,12
1486,09:30:02,$ 3380.05,6
1487,09:30:02,$ 3380.05,23
1488,09:30:02,$ 3380.05,2
1489,09:30:02,$ 3380.05,4
1490,09:30:02,$ 3380.05,2
1492,09:30:02,$ 3380.05,16
1493,09:30:02,$ 3380.05,3
1494,09:30:02,$ 3380.05,4
1495,09:30:02,$ 3380.05,10
1496,09:30:02,$ 3380.05,1
1497,09:30:02,$ 3380.05,100
1498,09:30:02,$ 3380.05,1
1499,09:30:02,$ 3380.05,2
1500,09:30:02,$ 3380.05,1
1501,09:30:02,$ 3380.05,4
1502,09:30:02,$ 3380.05,3
1503,09:30:02,$ 3380.05,1
1504,09:30:02,$ 3380.05,50
1505,09:30:02,$ 3380.05,1
1506,09:30:02,$ 3380.05,1
1507,09:30:02,$ 3380.05,9
1508,09:30:02,$ 3380.05,18
1509,09:30:02,$ 3380.05,5
1510,09:30:02,$ 3380.05,1
1511,09:30:02,$ 3380.05,1
1513,09:30:02,$ 3380.05,100
1514,09:30:02,$ 3380.05,1
1515,09:30:02,$ 3380.05,2
1516,09:30:02,$ 3380.05,1
1517,09:30:02,$ 3380.05,1
1518,09:30:02,$ 3380.05,1
1519,09:30:02,$ 3380.05,12
1520,09:30:02,$ 3380.05,1
1521,09:30:02,$ 3380.05,1
1522,09:30:02,$ 3380.05,1
1523,09:30:02,$ 3380.05,25
1524,09:30:02,$ 3380.05,7
1525,09:30:02,$ 3380.05,50
1526,09:30:02,$ 3380.05,9
1527,09:30:02,$ 3380.05,2
1528,09:30:02,$ 3380.05,10
1529,09:30:02,$ 3380.05,1
1530,09:30:02,$ 3380.05,18
1531,09:30:02,$ 3380.05,30
1532,09:30:02,$ 3380.05,25
1534,09:30:02,$ 3380.05,10
1535,09:30:02,$ 3380.05,2
1536,09:30:02,$ 3380.05,3
1537,09:30:02,$ 3380.05,2
1538,09:30:02,$ 3380.05,1
1539,09:30:02,$ 3380.05,1
1540,09:30:02,$ 3380.05,200
1541,09:30:02,$ 3380.05,4
1542,09:30:02,$ 3380.05,3
1543,09:30:02,$ 3380.05,8
1544,09:30:02,$ 3380.05,1
1545,09:30:02,$ 3380.05,10
1546,09:30:02,$ 3380.05,22
1547,09:30:02,$ 3380.05,40
1548,09:30:02,$ 3380.05,12
1549,09:30:02,$ 3380.05,51
1550,09:30:02,$ 3380.05,192
1551,09:30:02,$ 3380.05,1
1552,09:30:02,$ 3380.05,1
1553,09:30:02,$ 3380.05,1
1555,09:30:02,$ 3380.05,1
1556,09:30:02,$ 3380.05,100
1557,09:30:02,$ 3380.05,37
1558,09:30:02,$ 3380.05,1
1559,09:30:02,$ 3380.05,6
1560,09:30:02,$ 3380.05,6
1561,09:30:02,$ 3380.05,10
1562,09:30:02,$ 3380.05,26
1563,09:30:02,$ 3380.05,7
1564,09:30:02,$ 3380.05,20
1565,09:30:02,$ 3380.05,4
1566,09:30:02,$ 3380.05,1
1567,09:30:02,$ 3380.05,11
1568,09:30:02,$ 3380.05,5
1569,09:30:02,$ 3380.05,1
1570,09:30:02,$ 3380.05,3
1571,09:30:02,$ 3380.05,10
1572,09:30:02,$ 3380.05,2
1573,09:30:02,$ 3380.05,1
1574,09:30:02,$ 3380.05,1
1576,09:30:02,$ 3380.05,5
1577,09:30:02,$ 3380.05,1
1578,09:30:02,$ 3380.05,30
1579,09:30:02,$ 3380.05,1
1580,09:30:02,$ 3380.05,3
1581,09:30:02,$ 3380.05,1
1582,09:30:02,$ 3380.05,1
1583,09:30:02,$ 3380.05,1
1584,09:30:02,$ 3380.05,26
1585,09:30:02,$ 3380.05,16
1586,09:30:02,$ 3380.05,1
1587,09:30:02,$ 3380.05,1
1588,09:30:02,$ 3380.05,4
1589,09:30:02,$ 3380.05,1
1590,09:30:02,$ 3380.05,50
1591,09:30:02,$ 3380.05,1
1592,09:30:02,$ 3380.05,1
1593,09:30:02,$ 3380.05,5
1594,09:30:02,$ 3380.05,2
1595,09:30:02,$ 3380.05,4
1597,09:30:02,$ 3380.05,5
1598,09:30:02,$ 3380.05,10
1599,09:30:02,$ 3380.05,15
1600,09:30:02,$ 3380.05,15
1601,09:30:02,$ 3380.05,6
1602,09:30:02,$ 3380.05,3
1603,09:30:02,$ 3380.05,2
1604,09:30:02,$ 3380.05,1
1605,09:30:02,$ 3380.05,300
1606,09:30:02,$ 3380.05,1
1607,09:30:02,$ 3380.05,2
1608,09:30:02,$ 3380.05,10
1609,09:30:02,$ 3380.05,145
1610,09:30:02,$ 3380.05,1
1611,09:30:02,$ 3380.05,1
1612,09:30:02,$ 3380.05,3
1613,09:30:02,$ 3380.05,7
1614,09:30:02,$ 3380.05,60
1615,09:30:02,$ 3380.05,5
1616,09:30:02,$ 3380.05,2
1618,09:30:02,$ 3380.05,14
1619,09:30:02,$ 3380.05,6
1620,09:30:02,$ 3380.05,350
1621,09:30:02,$ 3380.05,50
1622,09:30:02,$ 3380.05,2
1623,09:30:02,$ 3380.05,1
1624,09:30:02,$ 3380.05,8
1625,09:30:02,$ 3380.05,3
1626,09:30:02,$ 3380.05,5
1627,09:30:02,$ 3380.05,1
1628,09:30:02,$ 3380.05,5
1629,09:30:02,$ 3380.05,10
1630,09:30:02,$ 3380.05,1
1631,09:30:02,$ 3380.05,1
1632,09:30:02,$ 3380.05,1
1633,09:30:02,$ 3380.05,3
1634,09:30:02,$ 3380.05,24
1635,09:30:02,$ 3380.05,2
1636,09:30:02,$ 3380.05,2
1637,09:30:02,$ 3380.05,9
1639,09:30:02,$ 3380.05,3
1640,09:30:02,$ 3380.05,1
1641,09:30:02,$ 3380.05,2
1642,09:30:02,$ 3380.05,5
1643,09:30:02,$ 3380.05,3
1644,09:30:02,$ 3380.05,7
1645,09:30:02,$ 3380.05,1
1646,09:30:02,$ 3380.05,10
1647,09:30:02,$ 3380.05,30
1648,09:30:02,$ 3380.05,1
1649,09:30:02,$ 3380.05,10
1650,09:30:02,$ 3380.05,3
1651,09:30:02,$ 3380.05,3
1652,09:30:02,$ 3380.05,25
1653,09:30:02,$ 3380.05,1
1654,09:30:02,$ 3380.05,5
1655,09:30:02,$ 3380.05,7
1656,09:30:02,$ 3380.05,10
1657,09:30:02,$ 3380.05,3
1658,09:30:02,$ 3380.05,2
1660,09:30:02,$ 3380.05,3
1661,09:30:02,$ 3380.05,1
1662,09:30:02,$ 3380.05,1
1663,09:30:02,$ 3380.05,2
1664,09:30:02,$ 3380.05,3
1665,09:30:02,$ 3380.05,1
1666,09:30:02,$ 3380.05,1
1667,09:30:02,$ 3380.05,15
1668,09:30:02,$ 3380.05,3
1669,09:30:02,$ 3380.05,10
1670,09:30:02,$ 3380.05,50
1671,09:30:02,$ 3380.05,3
1672,09:30:02,$ 3380.05,50
1673,09:30:02,$ 3380.05,1
1674,09:30:02,$ 3380.05,1
1675,09:30:02,$ 3380.05,1
1676,09:30:02,$ 3380.05,1
1677,09:30:02,$ 3380.05,1
1678,09:30:02,$ 3380.05,25
1679,09:30:02,$ 3380.05,2
1681,09:30:02,$ 3380.05,3
1682,09:30:02,$ 3380.05,2
1683,09:30:02,$ 3380.05,2
1684,09:30:02,$ 3380.05,1
1685,09:30:02,$ 3380.05,1
1686,09:30:02,$ 3380.05,5
1687,09:30:02,$ 3380.05,3
1688,09:30:02,$ 3380.05,1
1689,09:30:02,$ 3380.05,1
1690,09:30:02,$ 3380.05,2
1691,09:30:02,$ 3380.05,35
1692,09:30:02,$ 3380.05,1
1693,09:30:02,$ 3380.05,1
1694,09:30:02,$ 3380.05,5
1695,09:30:02,$ 3380.05,2
1696,09:30:02,$ 3380.05,10
1697,09:30:02,$ 3380.05,1
1698,09:30:02,$ 3380.05,25
1699,09:30:02,$ 3380.05,5
1700,09:30:02,$ 3380.05,2
1702,09:30:02,$ 3380.05,52
1703,09:30:02,$ 3380.05,1
1704,09:30:02,$ 3380.05,1
1705,09:30:02,$ 3380.05,5
1706,09:30:02,$ 3380.05,1
1707,09:30:02,$ 3380.05,4
1708,09:30:02,$ 3380.05,15
1709,09:30:02,$ 3380.05,5
1710,09:30:02,$ 3380.05,1
1711,09:30:02,$ 3380.05,1
1712,09:30:02,$ 3380.05,1
1713,09:30:02,$ 3380.05,4
1714,09:30:02,$ 3380.05,5
1715,09:30:02,$ 3380.05,6
1716,09:30:02,$ 3380.05,1
1717,09:30:02,$ 3380.05,18
1718,09:30:02,$ 3380.05,9
1719,09:30:02,$ 3380.05,1
1720,09:30:02,$ 3380.05,7
1721,09:30:02,$ 3380.05,12
1723,09:30:02,$ 3380.05,3
1724,09:30:02,$ 3380.05,10
1725,09:30:02,$ 3380.05,6
1726,09:30:02,$ 3380.05,5
1727,09:30:02,$ 3380.05,15
1728,09:30:02,$ 3380.05,18
1729,09:30:02,$ 3380.05,7
1730,09:30:02,$ 3380.05,2
1731,09:30:02,$ 3380.05,7
1732,09:30:02,$ 3380.05,2
1733,09:30:02,$ 3380.05,1
1734,09:30:02,$ 3380.05,4
1735,09:30:02,$ 3380.05,3
1736,09:30:02,$ 3380.05,61
1737,09:30:02,$ 3380.05,9
1738,09:30:02,$ 3380.05,15
1739,09:30:02,$ 3380.05,2
1740,09:30:02,$ 3380.05,4
1741,09:30:02,$ 3380.05,3
1742,09:30:02,$ 3380.05,2
1744,09:30:02,$ 3380.05,10
1745,09:30:02,$ 3380.05,12
1746,09:30:02,$ 3380.05,14
1747,09:30:02,$ 3380.05,23
1748,09:30:02,$ 3380.05,20
1749,09:30:02,$ 3380.05,4
1750,09:30:02,$ 3380.05,4
1751,09:30:02,$ 3380.05,3
1752,09:30:02,$ 3380.05,50
1753,09:30:02,$ 3380.05,2
1754,09:30:02,$ 3380.05,1
1755,09:30:02,$ 3380.05,1
1756,09:30:02,$ 3380.05,6
1757,09:30:02,$ 3380.05,1
1758,09:30:02,$ 3380.05,1
1759,09:30:02,$ 3380.05,1
1760,09:30:02,$ 3380.05,3
1761,09:30:02,$ 3380.05,4
1762,09:30:02,$ 3380.05,2
1763,09:30:02,$ 3380.05,1
1765,09:30:02,$ 3380.05,2
1766,09:30:02,$ 3380.05,1
1767,09:30:02,$ 3380.05,10
1768,09:30:02,$ 3380.05,5
1769,09:30:02,$ 3380.05,5
1770,09:30:02,$ 3380.05,3
1771,09:30:02,$ 3380.05,1
1772,09:30:02,$ 3380.05,1
1773,09:30:02,$ 3380.05,1
1774,09:30:02,$ 3380.05,15
1775,09:30:02,$ 3380.05,30
1776,09:30:02,$ 3380.05,2
1777,09:30:02,$ 3380.05,1
1778,09:30:02,$ 3380.05,2
1779,09:30:02,$ 3380.05,10
1780,09:30:02,$ 3380.05,1
1781,09:30:02,$ 3380.05,1
1782,09:30:02,$ 3380.05,5
1783,09:30:02,$ 3380.05,1
1784,09:30:02,$ 3380.05,13
1786,09:30:02,$ 3380.05,18
1787,09:30:02,$ 3380.05,500
1788,09:30:02,$ 3380.05,15
1789,09:30:02,$ 3380.05,2
1790,09:30:02,$ 3380.05,1
1791,09:30:02,$ 3380.05,1
1792,09:30:02,$ 3380.05,4
1793,09:30:02,$ 3380.05,1
1794,09:30:02,$ 3380.05,2
1795,09:30:02,$ 3380.05,30
1796,09:30:02,$ 3380.05,1
1797,09:30:02,$ 3380.05,1
1798,09:30:02,$ 3380.05,30
1799,09:30:02,$ 3380.05,3
1800,09:30:02,$ 3380.05,1
1801,09:30:02,$ 3380.05,3
1802,09:30:02,$ 3380.05,10
1803,09:30:02,$ 3380.05,1
1804,09:30:02,$ 3380.05,20
1805,09:30:02,$ 3380.05,10
1807,09:30:02,$ 3380.05,31
1808,09:30:02,$ 3380.05,4
1809,09:30:02,$ 3380.05,2
1810,09:30:02,$ 3380.05,5
1811,09:30:02,$ 3380.05,1
1812,09:30:02,$ 3380.05,12
1813,09:30:02,$ 3380.05,1
1814,09:30:02,$ 3380.05,8
1815,09:30:02,$ 3380.05,10
1816,09:30:02,$ 3380.05,10
1817,09:30:02,$ 3380.05,7
1818,09:30:02,$ 3380.05,1
1819,09:30:02,$ 3380.05,1
1820,09:30:02,$ 3380.05,1
1821,09:30:02,$ 3380.05,1
1822,09:30:02,$ 3380.05,1
1823,09:30:02,$ 3380.05,50
1824,09:30:02,$ 3380.05,5
1825,09:30:02,$ 3380.05,1
1826,09:30:02,$ 3380.05,1
1828,09:30:02,$ 3380.05,5
1829,09:30:02,$ 3380.05,12
1830,09:30:02,$ 3380.05,2
1831,09:30:02,$ 3380.05,3
1832,09:30:02,$ 3380.05,3
1833,09:30:02,$ 3380.05,1
1834,09:30:02,$ 3380.05,2
1835,09:30:02,$ 3380.05,2
1836,09:30:02,$ 3380.05,2
1837,09:30:02,$ 3380.05,1
1838,09:30:02,$ 3380.05,1
1839,09:30:02,$ 3380.05,1
1840,09:30:02,$ 3380.05,3
1841,09:30:02,$ 3380.05,1
1842,09:30:02,$ 3380.05,6
1843,09:30:02,$ 3380.05,2
1844,09:30:02,$ 3380.05,3
1845,09:30:02,$ 3380.05,5
1846,09:30:02,$ 3380.05,4
1847,09:30:02,$ 3380.05,1
1849,09:30:02,$ 3380.05,4
1850,09:30:02,$ 3380.05,1
1851,09:30:02,$ 3380.05,7
1852,09:30:02,$ 3380.05,1
1853,09:30:02,$ 3380.05,10
1854,09:30:02,$ 3380.05,2
1855,09:30:02,$ 3380.05,2
1856,09:30:02,$ 3380.05,3
1857,09:30:02,$ 3380.05,1
1858,09:30:02,$ 3380.05,1
1859,09:30:02,$ 3380.05,4
1860,09:30:02,$ 3380.05,2
1861,09:30:02,$ 3380.05,2
1862,09:30:02,$ 3380.05,4
1863,09:30:02,$ 3380.05,3
1864,09:30:02,$ 3380.05,10
1865,09:30:02,$ 3380.05,3
1866,09:30:02,$ 3380.05,2
1867,09:30:02,$ 3380.05,1
1868,09:30:02,$ 3380.05,2
1870,09:30:02,$ 3380.05,1
1871,09:30:02,$ 3380.05,1
1872,09:30:02,$ 3380.05,1
1873,09:30:02,$ 3380.05,1
1874,09:30:02,$ 3380.05,5
1875,09:30:02,$ 3380.05,1
1876,09:30:02,$ 3380.05,3
1877,09:30:02,$ 3380.05,2
1878,09:30:02,$ 3380.05,2
1879,09:30:02,$ 3380.05,1
1880,09:30:02,$ 3380.05,3
1881,09:30:02,$ 3380.05,1
1882,09:30:02,$ 3380.05,80
1883,09:30:02,$ 3380.05,4
1884,09:30:02,$ 3380.05,2
1885,09:30:02,$ 3380.05,7
1886,09:30:02,$ 3380.05,3
1887,09:30:02,$ 3380.05,3
1888,09:30:02,$ 3380.05,1
1889,09:30:02,$ 3380.05,12
1891,09:30:02,$ 3380.05,3
1892,09:30:02,$ 3380.05,5
1893,09:30:02,$ 3380.05,100
1894,09:30:02,$ 3380.05,10
1895,09:30:02,$ 3380.05,1
1896,09:30:02,$ 3380.05,1
1897,09:30:02,$ 3380.05,4
1898,09:30:02,$ 3380.05,30
1899,09:30:02,$ 3380.05,1
1900,09:30:02,$ 3380.05,1
1901,09:30:02,$ 3380.05,3
1902,09:30:02,$ 3380.05,1
1903,09:30:02,$ 3380.05,1
1904,09:30:02,$ 3380.05,1
1905,09:30:02,$ 3380.05,1
1906,09:30:02,$ 3380.05,1
1907,09:30:02,$ 3380.05,1
1908,09:30:02,$ 3380.05,1
1909,09:30:02,$ 3380.05,4
1910,09:30:02,$ 3380.05,43
1912,09:30:02,$ 3380.05,2
1913,09:30:02,$ 3380.05,10
1914,09:30:02,$ 3380.05,3
1915,09:30:02,$ 3380.05,1
1916,09:30:02,$ 3380.05,1
1917,09:30:02,$ 3380.05,3
1918,09:30:02,$ 3380.05,36
1919,09:30:02,$ 3380.05,6
1920,09:30:02,$ 3380.05,10
1921,09:30:02,$ 3380.05,14
1922,09:30:02,$ 3380.05,1
1923,09:30:02,$ 3380.05,8
1924,09:30:02,$ 3380.05,5
1925,09:30:02,$ 3380.05,3
1926,09:30:02,$ 3380.05,2
1927,09:30:02,$ 3380.05,10
1928,09:30:02,$ 3380.05,9
1929,09:30:02,$ 3380.05,31
1930,09:30:02,$ 3380.05,160
1931,09:30:02,$ 3380.05,4
1933,09:30:02,$ 3380.05,1
1934,09:30:02,$ 3380.05,1
1935,09:30:02,$ 3380.05,1
1936,09:30:02,$ 3380.05,10
1937,09:30:02,$ 3380.05,1
1938,09:30:02,$ 3380.05,1
1939,09:30:02,$ 3380.05,4
1940,09:30:02,$ 3380.05,2
1941,09:30:02,$ 3380.05,7
1942,09:30:02,$ 3380.05,1
1943,09:30:02,$ 3380.05,13
1944,09:30:02,$ 3380.05,59
1945,09:30:02,$ 3380.05,1
1946,09:30:02,$ 3380.05,1
1947,09:30:02,$ 3380.05,19
1948,09:30:02,$ 3380.05,58
1949,09:30:02,$ 3380.05,114
1950,09:30:02,$ 3380.05,1
1951,09:30:02,$ 3380.05,183
1952,09:30:02,$ 3380.05,112
1954,09:30:02,$ 3380.05,10
1955,09:30:02,$ 3380.05,31
1956,09:30:02,$ 3380.05,59
1957,09:30:02,$ 3380.05,1
1958,09:30:02,$ 3380.05,1
1959,09:30:02,$ 3380.05,36
1960,09:30:02,$ 3380.05,1
1961,09:30:02,$ 3380.05,15
1962,09:30:02,$ 3380.05,1
1963,09:30:02,$ 3380.05,1
1964,09:30:02,$ 3380.05,1
1965,09:30:02,$ 3380.05,10
1966,09:30:02,$ 3380.05,1
1967,09:30:02,$ 3380.05,1
1968,09:30:02,$ 3380.05,1
1969,09:30:02,$ 3380.05,2
1970,09:30:02,$ 3380.05,3
1971,09:30:02,$ 3380.05,1
1972,09:30:02,$ 3380.05,3
1973,09:30:02,$ 3380.05,1
1975,09:30:02,$ 3380.05,1
1976,09:30:02,$ 3380.05,2
1977,09:30:02,$ 3380.05,2
1978,09:30:02,$ 3380.05,1
1979,09:30:02,$ 3380.05,4
1980,09:30:02,$ 3380.05,1
1981,09:30:02,$ 3380.05,1
1982,09:30:02,$ 3380.05,75
1983,09:30:02,$ 3380.05,1
1984,09:30:02,$ 3380.05,1
1985,09:30:02,$ 3380.05,3
1986,09:30:02,$ 3380.05,1
1987,09:30:02,$ 3380.05,8
1988,09:30:02,$ 3380.05,1
1989,09:30:02,$ 3380.05,19
1990,09:30:02,$ 3380.05,4
1991,09:30:02,$ 3380.05,512
1992,09:30:02,$ 3380.05,310
1993,09:30:02,$ 3380.05,775
1994,09:30:02,$ 3380.05,1
1996,09:30:02,$ 3380.05,83
1997,09:30:02,$ 3380.05,8
1998,09:30:02,$ 3380.05,1
1999,09:30:02,$ 3380.05,3
2000,09:30:02,$ 3380.05,2
2001,09:30:02,$ 3380.05,1
2002,09:30:02,$ 3380.05,1
2003,09:30:02,$ 3380.05,1
2004,09:30:02,$ 3380.05,10
2005,09:30:02,$ 3380.05,4
2006,09:30:02,$ 3380.05,1
2007,09:30:02,$ 3380.05,4
2008,09:30:02,$ 3380.05,1
2009,09:30:02,$ 3380.05,2
2010,09:30:02,$ 3380.05,1
2011,09:30:02,$ 3380.05,1
2012,09:30:02,$ 3380.05,1
2013,09:30:02,$ 3380.05,3
2014,09:30:02,$ 3380.05,3
2015,09:30:02,$ 3380.05,1
2017,09:30:02,$ 3380.05,10
2018,09:30:02,$ 3380.05,5
2019,09:30:02,$ 3380.05,1
2020,09:30:02,$ 3380.05,1
2021,09:30:02,$ 3380.05,3
2022,09:30:02,$ 3380.05,2
2023,09:30:02,$ 3380.05,30
2024,09:30:02,$ 3380.05,7
2025,09:30:02,$ 3380.05,1
2026,09:30:02,$ 3380.05,1
2027,09:30:02,$ 3380.05,10
2028,09:30:02,$ 3380.05,136
2029,09:30:02,$ 3380.05,3
2030,09:30:02,$ 3380.05,5
2031,09:30:02,$ 3380.05,2
2032,09:30:02,$ 3380.05,1
2033,09:30:02,$ 3380.05,9
2034,09:30:02,$ 3380.05,4
2035,09:30:02,$ 3380.05,2
2036,09:30:02,$ 3380.05,1
2038,09:30:02,$ 3380.05,1
2039,09:30:02,$ 3380.05,6
2040,09:30:02,$ 3380.05,3
2041,09:30:02,$ 3380.05,1
2042,09:30:02,$ 3380.05,1
2043,09:30:02,$ 3380.05,1
2044,09:30:02,$ 3380.05,10
2045,09:30:02,$ 3380.05,1
2046,09:30:02,$ 3380.05,1
2047,09:30:02,$ 3380.05,1
2048,09:30:02,$ 3380.05,1
2049,09:30:02,$ 3380.05,2
2050,09:30:02,$ 3380.05,2
2051,09:30:02,$ 3380.05,1
2052,09:30:02,$ 3380.05,1
2053,09:30:02,$ 3380.05,2
2054,09:30:02,$ 3380.05,3
2055,09:30:02,$ 3380.05,1
2056,09:30:02,$ 3380.05,1
2057,09:30:02,$ 3380.05,1
2059,09:30:02,$ 3380.05,1
2060,09:30:02,$ 3380.05,1
2061,09:30:02,$ 3380.05,1
2062,09:30:02,$ 3380.05,1
2063,09:30:02,$ 3380.05,1
2064,09:30:02,$ 3380.05,1
2065,09:30:02,$ 3380.05,1
2066,09:30:02,$ 3380.05,1
2067,09:30:02,$ 3380.05,1
2068,09:30:02,$ 3380.05,1
2069,09:30:02,$ 3380.05,1
2070,09:30:02,$ 3380.05,1
2071,09:30:02,$ 3380.05,1
2072,09:30:02,$ 3380.05,1
2073,09:30:02,$ 3380.05,1
2074,09:30:02,$ 3380.05,1
2075,09:30:02,$ 3380.05,1
2076,09:30:02,$ 3380.05,1
2077,09:30:02,$ 3380.05,1
2078,09:30:02,$ 3380.05,7
2080,09:30:02,$ 3380.05,2
2081,09:30:02,$ 3380.05,2
2082,09:30:02,$ 3380.05,5
2083,09:30:02,$ 3380.05,35
2084,09:30:02,$ 3380.05,100
2085,09:30:02,$ 3380.05,4
2086,09:30:02,$ 3380.05,1
2087,09:30:02,$ 3380.05,30
2088,09:30:02,$ 3380.05,1
2089,09:30:02,$ 3380.05,31
2090,09:30:02,$ 3380.05,1
2091,09:30:02,$ 3380.05,200
2092,09:30:02,$ 3380.05,2
2093,09:30:02,$ 3380.05,2
2094,09:30:02,$ 3380.05,20
2095,09:30:02,$ 3380.05,1
2096,09:30:02,$ 3380.05,1
2097,09:30:02,$ 3380.05,1
2098,09:30:02,$ 3380.05,3
2099,09:30:02,$ 3380.05,3
2101,09:30:02,$ 3380.05,1
2102,09:30:02,$ 3380.05,1
2103,09:30:02,$ 3380.05,1
2104,09:30:02,$ 3380.05,2
2105,09:30:02,$ 3380.05,100
2106,09:30:02,$ 3380.05,2
2107,09:30:02,$ 3380.05,10
2108,09:30:02,$ 3380.05,137
2109,09:30:02,$ 3380.05,2
2110,09:30:02,$ 3380.05,10
2111,09:30:02,$ 3380.05,1
2112,09:30:02,$ 3380.05,2
2113,09:30:02,$ 3380.05,1
2114,09:30:02,$ 3380.05,10
2115,09:30:02,$ 3380.05,1
2116,09:30:02,$ 3380.05,5
2117,09:30:02,$ 3380.05,2
2118,09:30:02,$ 3380.05,3
2119,09:30:02,$ 3380.05,2
2120,09:30:02,$ 3380.05,17
2122,09:30:02,$ 3380.05,1
2123,09:30:02,$ 3380.05,5
2124,09:30:02,$ 3380.05,1
2125,09:30:02,$ 3380.05,5
2126,09:30:02,$ 3380.05,1
2127,09:30:02,$ 3380.05,1
2128,09:30:02,$ 3380.05,3
2129,09:30:02,$ 3380.05,1
2130,09:30:02,$ 3380.05,1
2131,09:30:02,$ 3380.05,2
2132,09:30:02,$ 3380.05,1
2133,09:30:02,$ 3380.05,2
2134,09:30:02,$ 3380.05,7
2135,09:30:02,$ 3380.05,1
2136,09:30:02,$ 3380.05,2
2137,09:30:02,$ 3380.05,1
2138,09:30:02,$ 3380.05,3
2139,09:30:02,$ 3380.05,20
2140,09:30:02,$ 3380.05,1
2141,09:30:02,$ 3380.05,2
2143,09:30:02,$ 3380.05,1
2144,09:30:02,$ 3380.05,1
2145,09:30:02,$ 3380.05,22
2146,09:30:02,$ 3380.05,3
2147,09:30:02,$ 3380.05,5
2148,09:30:02,$ 3380.05,191
2149,09:30:02,$ 3380.05,100
2150,09:30:02,$ 3380.05,1
2151,09:30:02,$ 3380.05,20
2152,09:30:02,$ 3380.05,20
2153,09:30:02,$ 3380.05,1
2154,09:30:02,$ 3380.05,1
2155,09:30:02,$ 3380.05,1
2156,09:30:02,$ 3380.05,1
2157,09:30:02,$ 3380.05,13
2158,09:30:02,$ 3380.05,1
2159,09:30:02,$ 3380.05,8
2160,09:30:02,$ 3380.05,20
2161,09:30:02,$ 3380.05,12
2162,09:30:02,$ 3380.05,20
2164,09:30:02,$ 3380.05,20
2165,09:30:02,$ 3380.05,1
2166,09:30:02,$ 3380.05,20
2167,09:30:02,$ 3380.05,176
2168,09:30:02,$ 3380.05,1
2169,09:30:02,$ 3380.05,3
2170,09:30:02,$ 3380.05,20
2171,09:30:02,$ 3380.05,15
2172,09:30:02,$ 3380.05,20
2173,09:30:02,$ 3380.05,21
2174,09:30:02,$ 3380.05,1
2175,09:30:02,$ 3380.05,20
2176,09:30:02,$ 3380.05,10
2177,09:30:02,$ 3380.05,1
2178,09:30:02,$ 3380.05,1
2179,09:30:02,$ 3380.05,6
2180,09:30:02,$ 3380.05,10
2181,09:30:02,$ 3380.05,1
2182,09:30:02,$ 3380.05,2
2183,09:30:02,$ 3380.05,1
2185,09:30:02,$ 3380.05,20
2186,09:30:02,$ 3380.05,1
2187,09:30:02,$ 3380.05,20
2188,09:30:02,$ 3380.05,176
2189,09:30:02,$ 3380.05,1
2190,09:30:02,$ 3380.05,3
2191,09:30:02,$ 3380.05,20
2192,09:30:02,$ 3380.05,15
2193,09:30:02,$ 3380.05,20
2194,09:30:02,$ 3380.05,21
2195,09:30:02,$ 3380.05,1
2196,09:30:02,$ 3380.05,20
2197,09:30:02,$ 3380.05,10
2198,09:30:02,$ 3380.05,1
2199,09:30:02,$ 3380.05,1
2200,09:30:02,$ 3380.05,6
2201,09:30:02,$ 3380.05,10
2202,09:30:02,$ 3380.05,1
2203,09:30:02,$ 3380.05,2
2204,09:30:02,$ 3380.05,1
2206,09:30:02,$ 3380.05,1
2207,09:30:02,$ 3380.05,3
2208,09:30:02,$ 3380.05,200
2209,09:30:01,$ 3380.05,12
2210,09:30:01,$ 3380.05,20
2211,09:30:01,$ 3380.05,1
2212,09:30:01,$ 3380.05,40
2213,09:30:01,$ 3380.05,3
2214,09:30:01,$ 3380.05,7
2215,09:30:01,$ 3380.05,10
2216,09:30:01,$ 3380.05,40
2217,09:30:01,$ 3380.05,2
2218,09:30:01,$ 3380.05,400
2219,09:30:01,$ 3380.05,40
2220,09:30:01,$ 3380.05,1
2221,09:30:01,$ 3380.05,1
2222,09:30:01,$ 3380.05,1
2223,09:30:01,$ 3380.05,1
2224,09:30:01,$ 3380.05,8
2225,09:30:01,$ 3380.05,2
2227,09:30:02,$ 3460.00,3
2228,09:30:02,$ 3460.00,4
2229,09:30:02,$ 3460.00,46
2230,09:30:02,$ 3460.00,1
2231,09:30:02,$ 3460.00,4
2232,09:30:02,$ 3460.00,57
2233,09:30:02,$ 3460.00,113
2234,09:30:02,$ 3460.00,3
2235,09:30:02,$ 3460.00,2
2236,09:30:02,$ 3460.00,1
2237,09:30:02,$ 3460.00,6
2238,09:30:02,$ 3460.00,20
2239,09:30:02,$ 3460.00,"1,674"
2240,09:30:02,$ 3460.00,1
2241,09:30:02,$ 3460.00,1
2242,09:30:02,$ 3460.00,1
2243,09:30:02,$ 3460.00,1
2244,09:30:02,$ 3460.00,7
2245,09:30:02,$ 3460.00,2
2246,09:30:02,$ 3460.00,3
2248,09:30:01,$ 3380.05,1
2249,09:30:01,$ 3380.05,1
2250,09:30:01,$ 3380.05,1
2251,09:30:01,$ 3380.05,10
2252,09:30:01,$ 3380.05,40
2253,09:30:01,$ 3380.05,41
2254,09:30:01,$ 3380.05,1
2255,09:30:01,$ 3380.05,6
2256,09:30:01,$ 3380.05,1
2257,09:30:01,$ 3380.05,3
2258,09:30:01,$ 3380.05,40
2259,09:30:01,$ 3380.05,100
2260,09:30:01,$ 3380.05,15
2261,09:30:01,$ 3380.05,1
2262,09:30:01,$ 3380.05,1
2263,09:30:01,$ 3380.05,1
2264,09:30:01,$ 3380.05,1
2265,09:30:01,$ 3380.05,10
2266,09:30:01,$ 3380.05,22
2267,09:30:01,$ 3380.05,14
2269,10:29:38,$ 3409.01,100
2270,10:29:30,$ 3409.69,100
2271,10:29:08,$ 3409.56,124
2272,10:28:55,$ 3409.08,400
2273,10:28:49,$ 3408.97,250
2274,10:28:32,$ 3409.96,100
2275,10:28:30,$ 3409.516,250
2276,10:28:29,$ 3409.52,100
2277,10:28:17,$ 3408.3537,100
2278,10:28:08,$ 3408.81,100
2279,10:27:56,$ 3408.00,900
2280,10:27:56,$ 3408.09,100
2281,10:26:49,$ 3408.7297,149
2282,10:26:47,$ 3409.48,100
2283,10:26:18,$ 3410.07,105
2284,10:26:01,$ 3410.25,100
2285,10:26:01,$ 3410.28,187
2286,10:25:57,$ 3410.8788,160
2287,10:25:53,$ 3411.125,138
2288,10:25:47,$ 3411.125,160
2290,10:25:38,$ 3411.71,100
2291,10:25:35,$ 3411.545,100
2292,10:25:31,$ 3410.97,100
2293,10:25:15,$ 3410.615,115
2294,10:25:12,$ 3410.83,125
2295,10:25:11,$ 3410.88,100
2296,10:25:11,$ 3410.88,100
2297,10:25:11,$ 3410.88,100
2298,10:25:11,$ 3410.87,100
2299,10:25:03,$ 3411.1448,100
2300,10:24:57,$ 3411.19,100
2301,10:24:53,$ 3411.185,100
2302,10:24:43,$ 3411.53,100
2303,10:24:16,$ 3412.10,100
2304,10:24:11,$ 3411.72,100
2305,10:24:07,$ 3411.72,250
2306,10:23:57,$ 3411.775,139
2307,10:23:38,$ 3411.64,100
2308,10:23:01,$ 3411.60,135
2309,10:22:57,$ 3411.65,100
2311,10:22:46,$ 3411.55,100
2312,10:22:43,$ 3411.1366,160
2313,10:22:41,$ 3411.7733,100
2314,10:22:30,$ 3410.465,100
2315,10:22:23,$ 3411.02,100
2316,10:22:20,$ 3411.7813,100
2317,10:22:17,$ 3411.53,100
2318,10:22:17,$ 3410.955,100
2319,10:22:15,$ 3412.60,100
2320,10:22:11,$ 3412.00,100
2321,10:22:07,$ 3411.45,100
2322,10:22:07,$ 3411.46,160
2323,10:22:07,$ 3411.45,100
2324,10:22:07,$ 3411.27,100
2325,10:22:04,$ 3410.91,124
2326,10:22:03,$ 3410.87,100
2327,10:22:02,$ 3410.9055,200
2328,10:22:02,$ 3411.11,100
2329,10:21:56,$ 3410.385,160
2330,10:21:55,$ 3410.0746,100
2332,10:21:50,$ 3410.71,100
2333,10:21:47,$ 3410.355,200
2334,10:21:44,$ 3410.00,900
2335,10:21:44,$ 3410.24,100
2336,10:21:35,$ 3409.37,100
2337,10:21:21,$ 3409.16,100
2338,10:21:20,$ 3409.37,100
2339,10:21:17,$ 3408.68,160
2340,10:21:16,$ 3409.0529,100
2341,10:21:07,$ 3407.9341,100
2342,10:21:00,$ 3408.485,100
2343,10:20:51,$ 3407.84,250
2344,10:20:51,$ 3408.34,262
2345,10:20:43,$ 3408.4939,100
2346,10:20:33,$ 3407.62,100
2347,10:20:31,$ 3408.03,100
2348,10:20:30,$ 3408.665,100
2349,10:20:27,$ 3408.31,200
2350,10:20:10,$ 3409.165,100
2351,10:20:09,$ 3409.16,100
2353,10:20:08,$ 3409.00,100
2354,10:20:08,$ 3409.00,200
2355,10:20:07,$ 3408.607,100
2356,10:20:06,$ 3408.50,100
2357,10:20:06,$ 3408.40,100
2358,10:20:00,$ 3408.00,300
2359,10:20:00,$ 3408.00,500
2360,10:19:57,$ 3407.70,100
2361,10:19:44,$ 3406.88,170
2362,10:19:32,$ 3407.17,100
2363,10:19:32,$ 3407.48,100
2364,10:19:32,$ 3407.29,100
2365,10:19:05,$ 3406.95,100
2366,10:18:56,$ 3406.815,200
2367,10:18:53,$ 3406.8543,150
2368,10:18:36,$ 3406.214,100
2369,10:18:30,$ 3406.285,200
2370,10:18:13,$ 3406.665,172
2371,10:18:10,$ 3407.36,100
2372,10:18:10,$ 3407.37,100
2374,10:18:09,$ 3407.00,100
2375,10:18:09,$ 3407.00,102
2376,10:18:09,$ 3407.00,100
2377,10:17:54,$ 3404.33,115
2378,10:17:50,$ 3404.94,160
2379,10:17:37,$ 3405.03,100
2380,10:17:13,$ 3404.7779,100
2381,10:17:05,$ 3404.28,100
2382,10:17:03,$ 3404.41,100
2383,10:16:44,$ 3405.14,150
2384,10:16:21,$ 3404.115,100
2385,10:16:19,$ 3403.75,100
2386,10:16:13,$ 3403.75,100
2387,10:16:10,$ 3403.12,100
2388,10:16:09,$ 3403.25,100
2389,10:16:07,$ 3403.495,100
2390,10:15:55,$ 3404.764,100
2391,10:15:52,$ 3404.555,100
2392,10:15:49,$ 3404.7269,100
2393,10:15:47,$ 3405.5648,231
2395,10:15:30,$ 3406.73,160
2396,10:15:12,$ 3407.01,100
2397,10:15:00,$ 3405.37,100
2398,10:14:58,$ 3404.76,106
2399,10:14:58,$ 3403.90,100
2400,10:14:58,$ 3404.28,100
2401,10:14:58,$ 3404.28,193
2402,10:14:58,$ 3404.28,100
2403,10:14:58,$ 3404.18,100
2404,10:14:58,$ 3404.58,100
2405,10:14:58,$ 3404.58,100
2406,10:14:56,$ 3404.9234,200
2407,10:14:17,$ 3405.3455,160
2408,10:13:59,$ 3404.955,160
2409,10:13:58,$ 3405.20,100
2410,10:13:47,$ 3405.20,100
2411,10:13:35,$ 3406.01,100
2412,10:13:35,$ 3406.01,100
2413,10:13:35,$ 3406.01,100
2414,10:13:32,$ 3406.53,100
2416,10:13:29,$ 3406.75,400
2417,10:13:29,$ 3407.00,100
2418,10:13:29,$ 3406.88,100
2419,10:13:29,$ 3406.93,100
2420,10:13:29,$ 3406.75,100
2421,10:13:29,$ 3406.00,131
2422,10:13:29,$ 3406.00,868
2423,10:13:29,$ 3406.04,100
2424,10:13:28,$ 3404.66,100
2425,10:13:27,$ 3404.99,100
2426,10:13:27,$ 3404.0704,298
2427,10:13:26,$ 3404.44,160
2428,10:13:24,$ 3404.18,"1,000"
2429,10:13:21,$ 3403.4754,172
2430,10:13:02,$ 3403.55,100
2431,10:12:43,$ 3403.15,100
2432,10:12:43,$ 3403.16,100
2433,10:12:43,$ 3403.18,100
2434,10:12:42,$ 3403.63,100
2435,10:12:26,$ 3404.35,100
2437,10:11:56,$ 3403.78,160
2438,10:11:46,$ 3403.40,100
2439,10:11:45,$ 3403.365,100
2440,10:11:26,$ 3402.6741,500
2441,10:11:20,$ 3403.585,100
2442,10:11:20,$ 3403.58,100
2443,10:11:14,$ 3403.68,100
2444,10:11:06,$ 3404.04,100
2445,10:11:03,$ 3404.2576,250
2446,10:11:01,$ 3403.365,100
2447,10:11:01,$ 3403.43,100
2448,10:10:59,$ 3402.74,100
2449,10:10:58,$ 3402.74,100
2450,10:10:46,$ 3402.00,100
2451,10:10:46,$ 3402.00,100
2452,10:10:46,$ 3402.30,100
2453,10:10:25,$ 3404.84,100
2454,10:10:25,$ 3404.85,100
2455,10:10:24,$ 3405.01,280
2456,10:10:19,$ 3404.82,100
2458,10:10:14,$ 3404.00,100
2459,10:10:02,$ 3404.10,100
2460,10:09:55,$ 3404.16,100
2461,10:09:53,$ 3404.27,100
2462,10:09:48,$ 3404.7133,200
2463,10:09:47,$ 3404.7417,300
2464,10:09:43,$ 3403.845,100
2465,10:09:41,$ 3403.3201,100
2466,10:09:40,$ 3403.81,100
2467,10:09:34,$ 3403.58,200
2468,10:09:28,$ 3404.00,100
2469,10:09:27,$ 3404.12,100
2470,10:09:16,$ 3405.00,100
2471,10:09:15,$ 3404.80,100
2472,10:09:15,$ 3404.80,100
2473,10:09:15,$ 3404.525,116
2474,10:09:03,$ 3405.3641,179
2475,10:09:00,$ 3405.1736,200
2476,10:08:58,$ 3405.8064,397
2477,10:08:57,$ 3406.1138,142
2479,10:08:56,$ 3406.00,100
2480,10:08:56,$ 3405.65,100
2481,10:08:52,$ 3405.02,100
2482,10:08:52,$ 3405.18,100
2483,10:08:51,$ 3404.18,100
2484,10:08:43,$ 3404.875,100
2485,10:08:17,$ 3405.06,300
2486,10:08:08,$ 3405.18,100
2487,10:07:44,$ 3405.31,300
2488,10:07:43,$ 3404.90,200
2489,10:07:39,$ 3403.62,100
2490,10:07:39,$ 3403.64,100
2491,10:07:39,$ 3403.82,100
2492,10:07:39,$ 3403.87,100
2493,10:07:37,$ 3403.625,260
2494,10:07:27,$ 3404.00,100
2495,10:07:27,$ 3404.00,100
2496,10:07:27,$ 3404.46,100
2497,10:07:27,$ 3404.22,100
2498,10:07:27,$ 3404.02,100
2500,10:07:27,$ 3404.49,150
2501,10:07:25,$ 3404.91,100
2502,10:07:24,$ 3404.78,300
2503,10:07:22,$ 3404.90,100
2504,10:07:21,$ 3405.40,100
2505,10:07:13,$ 3405.675,200
2506,10:07:07,$ 3404.89,100
2507,10:07:06,$ 3404.855,100
2508,10:07:06,$ 3404.88,100
2509,10:07:03,$ 3404.21,100
2510,10:06:56,$ 3403.87,100
2511,10:06:25,$ 3404.89,100
2512,10:06:25,$ 3404.90,100
2513,10:06:12,$ 3404.665,160
2514,10:06:09,$ 3405.795,100
2515,10:06:05,$ 3405.75,100
2516,10:06:00,$ 3404.845,"1,200"
2517,10:05:58,$ 3404.88,300
2518,10:05:40,$ 3403.09,100
2519,10:05:37,$ 3403.74,100
2521,10:05:36,$ 3404.42,100
2522,10:05:36,$ 3404.43,100
2523,10:05:36,$ 3404.42,100
2524,10:05:29,$ 3403.91,100
2525,10:05:29,$ 3404.71,100
2526,10:05:29,$ 3404.71,185
2527,10:05:29,$ 3404.96,100
2528,10:05:29,$ 3404.98,100
2529,10:05:22,$ 3405.00,100
2530,10:05:22,$ 3405.00,131
2531,10:05:22,$ 3405.00,252
2532,10:05:22,$ 3405.00,100
2533,10:05:22,$ 3405.00,160
2534,10:05:16,$ 3403.93,250
2535,10:05:16,$ 3403.7687,100
2536,10:05:14,$ 3403.75,100
2537,10:05:13,$ 3404.2549,100
2538,10:05:06,$ 3404.415,293
2539,10:05:05,$ 3403.75,100
2540,10:04:59,$ 3403.3915,150
2542,10:04:59,$ 3402.60,358
2543,10:04:59,$ 3402.60,100
2544,10:04:59,$ 3402.60,100
2545,10:04:57,$ 3401.63,100
2546,10:04:52,$ 3402.41,200
2547,10:04:31,$ 3403.95,100
2548,10:04:31,$ 3403.95,400
2549,10:04:31,$ 3403.40,100
2550,10:04:24,$ 3404.19,160
2551,10:04:22,$ 3403.785,100
2552,10:04:18,$ 3403.80,160
2553,10:04:16,$ 3402.95,100
2554,10:04:03,$ 3401.79,100
2555,10:04:01,$ 3403.00,100
2556,10:03:59,$ 3402.085,100
2557,10:03:57,$ 3402.35,100
2558,10:03:55,$ 3402.35,130
2559,10:03:54,$ 3402.2656,100
2560,10:03:51,$ 3401.62,100
2561,10:03:42,$ 3402.86,100
2563,10:03:41,$ 3402.4325,100
2564,10:03:39,$ 3402.97,100
2565,10:03:37,$ 3402.64,100
2566,10:03:34,$ 3402.58,100
2567,10:03:31,$ 3402.64,100
2568,10:03:27,$ 3400.76,100
2569,10:03:27,$ 3401.711,100
2570,10:03:27,$ 3401.70,100
2571,10:03:25,$ 3400.98,100
2572,10:03:22,$ 3401.71,250
2573,10:03:22,$ 3401.66,100
2574,10:03:18,$ 3400.71,100
2575,10:03:18,$ 3400.38,100
2576,10:03:18,$ 3400.05,280
2577,10:03:11,$ 3399.35,100
2578,10:03:10,$ 3399.954,100
2579,10:03:02,$ 3400.00,100
2580,10:03:02,$ 3399.88,100
2581,10:03:02,$ 3399.88,100
2582,10:03:02,$ 3400.33,254
2584,10:03:01,$ 3399.84,100
2585,10:02:54,$ 3398.63,100
2586,10:02:51,$ 3399.02,100
2587,10:02:44,$ 3399.14,100
2588,10:02:44,$ 3399.00,100
2589,10:02:42,$ 3398.90,200
2590,10:02:41,$ 3398.405,100
2591,10:02:36,$ 3398.93,100
2592,10:02:13,$ 3395.8941,100
2593,10:02:10,$ 3395.97,100
2594,10:01:42,$ 3396.47,100
2595,10:01:42,$ 3396.32,100
2596,10:01:35,$ 3396.5001,100
2597,10:01:28,$ 3397.71,100
2598,10:01:28,$ 3397.70,407
2599,10:01:28,$ 3396.95,100
2600,10:01:28,$ 3397.09,100
2601,10:01:12,$ 3397.12,100
2602,10:01:12,$ 3397.06,100
2603,10:01:12,$ 3397.06,100
2605,10:01:12,$ 3397.1542,500
2606,10:01:04,$ 3397.99,100
2607,10:01:04,$ 3397.45,100
2608,10:01:03,$ 3397.66,778
2609,10:01:03,$ 3397.64,100
2610,10:00:59,$ 3395.87,100
2611,10:00:59,$ 3395.73,100
2612,10:00:46,$ 3394.565,100
2613,10:00:45,$ 3395.395,100
2614,10:00:44,$ 3394.3025,100
2615,10:00:44,$ 3394.90,100
2616,10:00:36,$ 3395.255,100
2617,10:00:36,$ 3395.255,100
2618,10:00:28,$ 3395.25,500
2619,10:00:27,$ 3395.14,100
2620,10:00:24,$ 3395.25,100
2621,10:00:24,$ 3394.823,100
2622,10:00:19,$ 3396.164,100
2623,10:00:19,$ 3396.134,100
2624,10:00:17,$ 3395.025,150
2626,10:00:12,$ 3394.705,100
2627,10:00:10,$ 3394.39,100
2628,10:00:10,$ 3394.39,100
2629,10:00:10,$ 3396.43,250
2630,10:00:07,$ 3396.165,100
2631,10:00:06,$ 3396.175,100
2632,10:00:06,$ 3397.30,100
2633,10:00:06,$ 3397.37,100
2634,10:00:05,$ 3396.975,160
2635,10:00:05,$ 3397.00,300
2636,10:00:05,$ 3396.195,100
2637,10:00:04,$ 3395.35,100
2638,10:00:02,$ 3394.0604,160
2640,10:59:40,$ 3414.48,100
2641,10:59:31,$ 3415.59,111
2642,10:59:27,$ 3415.015,100
2643,10:59:24,$ 3415.60,100
2644,10:59:23,$ 3415.60,100
2645,10:59:03,$ 3415.06,100
2646,10:59:02,$ 3414.59,100
2647,10:58:54,$ 3414.78,111
2648,10:58:41,$ 3416.00,100
2649,10:58:41,$ 3415.51,100
2650,10:58:33,$ 3415.385,100
2651,10:58:23,$ 3416.00,100
2652,10:58:23,$ 3415.80,100
2653,10:58:23,$ 3415.29,100
2654,10:58:23,$ 3415.295,100
2655,10:58:21,$ 3415.28,100
2656,10:58:11,$ 3414.525,100
2657,10:58:08,$ 3414.70,100
2658,10:58:08,$ 3414.61,100
2659,10:58:08,$ 3414.60,100
2661,10:58:07,$ 3414.19,100
2662,10:58:07,$ 3414.03,100
2663,10:57:48,$ 3413.3075,100
2664,10:57:28,$ 3413.98,100
2665,10:57:28,$ 3413.99,200
2666,10:57:17,$ 3413.94,100
2667,10:57:13,$ 3413.50,100
2668,10:56:54,$ 3414.175,100
2669,10:56:54,$ 3414.58,100
2670,10:56:50,$ 3414.57,100
2671,10:56:42,$ 3414.11,110
2672,10:56:30,$ 3414.00,100
2673,10:56:26,$ 3415.00,200
2674,10:56:26,$ 3414.75,"1,009"
2675,10:56:26,$ 3415.00,100
2676,10:56:26,$ 3414.94,100
2677,10:56:26,$ 3414.1797,100
2678,10:56:26,$ 3414.15,100
2679,10:55:58,$ 3413.475,100
2680,10:55:57,$ 3413.635,100
2682,10:55:40,$ 3414.75,100
2683,10:55:39,$ 3414.74,200
2684,10:55:37,$ 3414.5951,140
2685,10:55:25,$ 3415.025,100
2686,10:55:21,$ 3415.095,117
2687,10:55:15,$ 3415.48,157
2688,10:55:15,$ 3415.49,100
2689,10:55:13,$ 3415.1888,160
2690,10:55:10,$ 3415.00,100
2691,10:55:10,$ 3415.00,100
2692,10:55:10,$ 3415.00,100
2693,10:55:05,$ 3414.8668,250
2694,10:55:03,$ 3414.50,100
2695,10:54:57,$ 3414.055,100
2696,10:54:53,$ 3414.27,100
2697,10:54:52,$ 3413.69,100
2698,10:54:52,$ 3413.69,100
2699,10:54:52,$ 3413.70,100
2700,10:54:52,$ 3413.99,100
2701,10:54:50,$ 3413.43,160
2703,10:54:46,$ 3412.93,175
2704,10:54:46,$ 3412.325,100
2705,10:54:43,$ 3413.50,100
2706,10:54:38,$ 3413.455,200
2707,10:54:28,$ 3413.18,100
2708,10:54:25,$ 3413.95,100
2709,10:54:21,$ 3413.49,139
2710,10:54:05,$ 3411.355,100
2711,10:54:01,$ 3411.3612,116
2712,10:54:01,$ 3411.355,100
2713,10:53:55,$ 3411.89,100
2714,10:53:43,$ 3411.525,100
2715,10:53:37,$ 3411.33,100
2716,10:53:25,$ 3411.07,160
2717,10:53:22,$ 3411.195,100
2718,10:53:19,$ 3411.05,100
2719,10:53:19,$ 3411.05,872
2720,10:53:18,$ 3411.90,100
2721,10:53:05,$ 3411.91,131
2722,10:52:25,$ 3411.86,100
2724,10:52:15,$ 3413.00,157
2725,10:51:52,$ 3412.55,100
2726,10:51:34,$ 3411.80,150
2727,10:51:33,$ 3411.97,100
2728,10:51:33,$ 3411.97,100
2729,10:51:32,$ 3411.93,100
2730,10:51:32,$ 3412.165,274
2731,10:51:32,$ 3412.17,200
2732,10:51:32,$ 3412.30,100
2733,10:51:32,$ 3412.17,100
2734,10:51:32,$ 3412.30,100
2735,10:51:17,$ 3412.64,100
2736,10:51:14,$ 3412.265,140
2737,10:50:59,$ 3412.17,100
2738,10:50:30,$ 3412.40,500
2739,10:50:28,$ 3412.21,100
2740,10:50:23,$ 3413.45,100
2741,10:50:18,$ 3412.9522,100
2742,10:50:17,$ 3412.9522,100
2743,10:50:14,$ 3413.005,300
2745,10:50:04,$ 3412.805,100
2746,10:50:04,$ 3413.48,187
2747,10:49:41,$ 3412.50,200
2748,10:49:26,$ 3411.52,100
2749,10:49:23,$ 3411.53,100
2750,10:49:15,$ 3412.1188,160
2751,10:49:13,$ 3412.115,100
2752,10:49:08,$ 3411.80,100
2753,10:49:08,$ 3412.62,100
2754,10:49:00,$ 3412.40,100
2755,10:49:00,$ 3412.52,100
2756,10:49:00,$ 3412.67,100
2757,10:49:00,$ 3412.54,100
2758,10:48:45,$ 3412.73,100
2759,10:48:42,$ 3413.516,100
2760,10:48:42,$ 3412.9899,100
2761,10:48:42,$ 3412.99,100
2762,10:48:40,$ 3412.53,500
2763,10:48:37,$ 3411.2629,150
2764,10:48:16,$ 3411.00,100
2766,10:48:16,$ 3410.94,100
2767,10:48:13,$ 3409.88,100
2768,10:48:10,$ 3410.64,160
2769,10:48:00,$ 3409.30,100
2770,10:48:00,$ 3409.30,100
2771,10:48:00,$ 3409.30,100
2772,10:48:00,$ 3409.30,100
2773,10:47:29,$ 3409.42,100
2774,10:47:07,$ 3409.36,100
2775,10:47:00,$ 3409.61,100
2776,10:46:58,$ 3409.70,100
2777,10:46:38,$ 3409.95,100
2778,10:46:38,$ 3410.00,100
2779,10:46:24,$ 3409.415,133
2780,10:46:20,$ 3409.84,100
2781,10:46:18,$ 3409.36,100
2782,10:46:05,$ 3409.475,100
2783,10:46:05,$ 3409.92,100
2784,10:45:12,$ 3408.42,100
2785,10:45:00,$ 3407.86,100
2787,10:44:26,$ 3407.9399,120
2788,10:44:15,$ 3407.23,200
2789,10:43:58,$ 3406.271,100
2790,10:43:55,$ 3407.00,100
2791,10:43:55,$ 3407.00,100
2792,10:43:55,$ 3407.045,200
2793,10:43:52,$ 3406.6024,100
2794,10:43:49,$ 3407.075,200
2795,10:43:15,$ 3407.13,100
2796,10:42:56,$ 3406.45,200
2797,10:42:55,$ 3406.45,200
2798,10:42:55,$ 3406.455,400
2799,10:42:22,$ 3406.00,100
2800,10:42:19,$ 3406.0626,133
2801,10:42:17,$ 3405.76,100
2802,10:42:10,$ 3406.003,100
2803,10:42:09,$ 3405.53,100
2804,10:41:26,$ 3404.235,100
2805,10:41:24,$ 3404.64,100
2806,10:40:49,$ 3403.51,100
2808,10:40:49,$ 3403.60,100
2809,10:40:49,$ 3403.48,100
2810,10:40:49,$ 3403.60,100
2811,10:40:42,$ 3404.18,100
2812,10:40:42,$ 3404.18,100
2813,10:40:24,$ 3404.13,200
2814,10:40:22,$ 3404.69,100
2815,10:40:16,$ 3404.23,100
2816,10:40:10,$ 3404.205,100
2817,10:40:10,$ 3404.23,100
2818,10:40:04,$ 3405.065,100
2819,10:40:03,$ 3404.275,100
2820,10:40:00,$ 3405.08,400
2821,10:39:55,$ 3404.87,250
2822,10:39:55,$ 3404.87,100
2823,10:39:53,$ 3403.74,100
2824,10:39:46,$ 3404.535,100
2825,10:39:42,$ 3405.825,180
2826,10:39:36,$ 3405.61,100
2827,10:39:28,$ 3405.10,400
2829,10:39:28,$ 3405.10,107
2830,10:39:26,$ 3404.55,160
2831,10:39:25,$ 3404.005,500
2832,10:39:20,$ 3403.51,100
2833,10:39:20,$ 3403.53,100
2834,10:39:06,$ 3404.2924,100
2835,10:38:46,$ 3405.1047,115
2836,10:38:41,$ 3405.53,100
2837,10:38:36,$ 3405.01,159
2838,10:38:29,$ 3405.04,100
2839,10:38:29,$ 3405.05,100
2840,10:38:29,$ 3405.05,100
2841,10:38:29,$ 3405.05,100
2842,10:38:29,$ 3405.16,100
2843,10:38:03,$ 3405.74,100
2844,10:37:45,$ 3405.895,160
2845,10:37:39,$ 3405.71,100
2846,10:37:39,$ 3405.77,254
2847,10:37:26,$ 3404.50,100
2848,10:37:26,$ 3405.2823,100
2850,10:37:26,$ 3404.51,100
2851,10:37:25,$ 3405.67,100
2852,10:37:17,$ 3406.60,100
2853,10:37:00,$ 3407.046,215
2854,10:36:59,$ 3407.56,100
2855,10:36:34,$ 3408.455,160
2856,10:36:15,$ 3409.0923,198
2857,10:35:28,$ 3408.4846,160
2858,10:34:35,$ 3408.06,100
2859,10:34:27,$ 3408.88,102
2860,10:34:10,$ 3409.20,180
2861,10:33:28,$ 3409.57,100
2862,10:33:11,$ 3409.57,100
2863,10:33:03,$ 3409.51,100
2864,10:33:02,$ 3410.0788,160
2865,10:32:51,$ 3409.46,100
2866,10:32:45,$ 3408.795,100
2867,10:32:20,$ 3408.24,100
2868,10:32:19,$ 3407.54,100
2869,10:32:15,$ 3408.5635,100
2871,10:31:59,$ 3406.397,100
2872,10:31:53,$ 3407.04,100
2873,10:31:35,$ 3406.83,200
2874,10:31:34,$ 3406.415,100
2875,10:31:27,$ 3407.379,250
2876,10:31:09,$ 3408.65,100
2877,10:30:53,$ 3407.29,100
2878,10:30:44,$ 3408.04,100
2879,10:30:24,$ 3407.46,100
2880,10:30:24,$ 3408.02,100
2881,10:30:22,$ 3409.03,297
2882,10:30:18,$ 3409.0501,100
2883,10:30:13,$ 3409.40,100
2884,10:30:08,$ 3410.87,250
2885,10:30:03,$ 3410.505,200
2887,11:28:52,$ 3412.1345,100
2888,11:28:45,$ 3412.26,100
2889,11:28:45,$ 3412.335,100
2890,11:28:44,$ 3411.84,100
2891,11:28:43,$ 3411.37,100
2892,11:28:40,$ 3410.80,200
2893,11:28:33,$ 3409.89,113
2894,11:28:13,$ 3409.92,100
2895,11:27:29,$ 3409.53,249
2896,11:27:10,$ 3409.525,100
2897,11:26:43,$ 3410.90,106
2898,11:26:14,$ 3411.8899,100
2899,11:26:07,$ 3411.65,100
2900,11:26:05,$ 3411.18,100
2901,11:25:57,$ 3411.81,100
2902,11:25:38,$ 3410.67,100
2903,11:25:17,$ 3408.59,100
2904,11:24:55,$ 3407.99,100
2905,11:24:28,$ 3407.67,100
2906,11:24:28,$ 3407.25,100
2908,11:23:42,$ 3407.25,100
2909,11:23:35,$ 3407.9045,400
2910,11:23:19,$ 3407.4758,200
2911,11:23:16,$ 3407.66,100
2912,11:23:12,$ 3407.275,100
2913,11:23:12,$ 3407.185,100
2914,11:23:12,$ 3407.185,100
2915,11:23:12,$ 3407.125,100
2916,11:23:11,$ 3406.78,100
2917,11:23:08,$ 3406.74,100
2918,11:23:03,$ 3406.335,100
2919,11:22:38,$ 3405.875,100
2920,11:22:21,$ 3405.29,100
2921,11:22:13,$ 3406.07,100
2922,11:22:13,$ 3406.07,100
2923,11:21:58,$ 3407.795,100
2924,11:21:56,$ 3407.60,100
2925,11:21:28,$ 3406.47,249
2926,11:21:14,$ 3405.28,"1,000"
2927,11:21:07,$ 3404.80,100
2929,11:21:07,$ 3405.267,100
2930,11:20:57,$ 3405.81,100
2931,11:20:54,$ 3406.7221,100
2932,11:20:53,$ 3406.375,100
2933,11:20:40,$ 3405.09,100
2934,11:20:40,$ 3405.075,100
2935,11:20:40,$ 3404.82,100
2936,11:20:38,$ 3405.275,150
2937,11:20:34,$ 3405.2725,100
2938,11:20:27,$ 3405.25,100
2939,11:20:23,$ 3405.48,100
2940,11:20:13,$ 3405.73,200
2941,11:20:08,$ 3406.49,100
2942,11:19:49,$ 3407.31,100
2943,11:19:39,$ 3406.89,100
2944,11:19:36,$ 3407.2542,240
2945,11:19:11,$ 3407.14,100
2946,11:19:05,$ 3406.963,190
2947,11:19:02,$ 3406.435,100
2948,11:19:00,$ 3406.435,100
2950,11:18:33,$ 3408.70,800
2951,11:18:31,$ 3408.06,100
2952,11:18:24,$ 3408.79,100
2953,11:18:22,$ 3408.52,100
2954,11:18:22,$ 3408.54,100
2955,11:18:15,$ 3409.15,100
2956,11:18:15,$ 3408.96,100
2957,11:17:57,$ 3409.00,100
2958,11:17:57,$ 3409.015,100
2959,11:17:51,$ 3408.345,100
2960,11:17:49,$ 3408.95,100
2961,11:17:49,$ 3408.95,200
2962,11:17:49,$ 3408.95,100
2963,11:17:49,$ 3407.9674,397
2964,11:17:49,$ 3407.9674,164
2965,11:17:49,$ 3408.35,100
2966,11:17:49,$ 3407.9674,"1,038"
2967,11:17:49,$ 3408.0374,100
2968,11:17:49,$ 3408.2143,100
2969,11:17:49,$ 3408.12,100
2971,11:17:49,$ 3408.1964,100
2972,11:17:49,$ 3408.1964,100
2973,11:17:49,$ 3408.14,100
2974,11:17:49,$ 3408.1964,100
2975,11:17:49,$ 3408.10,100
2976,11:17:49,$ 3408.08,100
2977,11:17:48,$ 3408.95,100
2978,11:17:46,$ 3408.54,500
2979,11:17:27,$ 3407.97,100
2980,11:17:19,$ 3407.17,100
2981,11:17:10,$ 3407.98,100
2982,11:17:00,$ 3407.6147,100
2983,11:16:59,$ 3407.87,100
2984,11:16:39,$ 3407.53,100
2985,11:16:39,$ 3407.91,100
2986,11:16:32,$ 3407.11,100
2987,11:16:29,$ 3407.52,180
2988,11:16:28,$ 3408.00,200
2989,11:16:16,$ 3408.0099,200
2990,11:16:16,$ 3407.57,100
2992,11:16:12,$ 3408.07,100
2993,11:16:09,$ 3407.535,100
2994,11:16:06,$ 3407.545,200
2995,11:16:06,$ 3407.545,290
2996,11:16:02,$ 3407.55,100
2997,11:16:02,$ 3407.555,100
2998,11:16:02,$ 3407.9433,200
2999,11:16:00,$ 3407.1661,100
3000,11:16:00,$ 3407.55,100
3001,11:16:00,$ 3407.55,100
3002,11:16:00,$ 3407.85,100
3003,11:16:00,$ 3407.85,165
3004,11:16:00,$ 3407.85,200
3005,11:16:00,$ 3407.85,137
3006,11:16:00,$ 3407.80,100
3007,11:16:00,$ 3407.80,100
3008,11:16:00,$ 3407.80,100
3009,11:16:00,$ 3407.80,237
3010,11:16:00,$ 3407.80,111
3011,11:16:00,$ 3407.80,137
3013,11:16:00,$ 3407.80,100
3014,11:16:00,$ 3407.80,100
3015,11:15:55,$ 3408.00,100
3016,11:15:55,$ 3408.26,100
3017,11:15:55,$ 3408.26,100
3018,11:15:52,$ 3408.3525,141
3019,11:15:47,$ 3408.955,100
3020,11:15:46,$ 3409.23,100
3021,11:15:40,$ 3408.87,100
3022,11:15:37,$ 3408.87,100
3023,11:15:25,$ 3409.48,100
3024,11:15:25,$ 3409.48,100
3025,11:15:24,$ 3409.48,100
3026,11:15:20,$ 3409.50,100
3027,11:15:20,$ 3409.00,300
3028,11:15:19,$ 3409.82,106
3029,11:15:17,$ 3410.405,200
3030,11:15:09,$ 3410.26,106
3031,11:15:09,$ 3410.59,100
3032,11:15:02,$ 3410.595,100
3034,11:14:58,$ 3410.29,100
3035,11:14:57,$ 3410.49,100
3036,11:14:47,$ 3410.88,100
3037,11:14:45,$ 3410.81,113
3038,11:14:42,$ 3410.93,100
3039,11:14:25,$ 3410.99,100
3040,11:14:25,$ 3410.79,100
3041,11:14:17,$ 3410.86,112
3042,11:14:04,$ 3411.11,100
3043,11:14:04,$ 3410.895,100
3044,11:14:00,$ 3410.81,117
3045,11:13:58,$ 3410.97,100
3046,11:13:53,$ 3411.57,100
3047,11:12:47,$ 3413.085,100
3048,11:12:29,$ 3413.30,100
3049,11:12:13,$ 3412.655,100
3050,11:11:50,$ 3410.1201,100
3051,11:11:29,$ 3411.885,100
3052,11:11:29,$ 3411.00,100
3053,11:11:15,$ 3411.90,100
3055,11:11:12,$ 3412.84,100
3056,11:11:12,$ 3412.12,100
3057,11:11:12,$ 3411.97,100
3058,11:11:12,$ 3411.95,200
3059,11:11:12,$ 3412.59,100
3060,11:11:10,$ 3411.80,100
3061,11:10:52,$ 3412.70,100
3062,11:10:51,$ 3412.22,200
3063,11:10:44,$ 3412.95,125
3064,11:10:44,$ 3413.39,100
3065,11:10:44,$ 3413.61,100
3066,11:10:43,$ 3412.23,100
3067,11:10:31,$ 3413.265,100
3068,11:10:31,$ 3413.265,100
3069,11:10:31,$ 3413.265,100
3070,11:10:31,$ 3413.265,100
3071,11:10:31,$ 3413.265,100
3072,11:10:31,$ 3413.265,100
3073,11:10:31,$ 3413.265,100
3074,11:10:31,$ 3413.265,100
3076,11:10:31,$ 3413.265,100
3077,11:10:31,$ 3413.26,190
3078,11:10:31,$ 3413.00,106
3079,11:10:29,$ 3412.475,100
3080,11:10:27,$ 3412.34,100
3081,11:10:27,$ 3412.34,100
3082,11:10:27,$ 3412.34,100
3083,11:10:27,$ 3412.25,100
3084,11:10:27,$ 3412.25,100
3085,11:10:27,$ 3412.00,169
3086,11:10:20,$ 3411.89,100
3087,11:10:20,$ 3411.875,100
3088,11:10:19,$ 3412.39,100
3089,11:09:28,$ 3412.785,100
3090,11:09:28,$ 3412.785,100
3091,11:09:25,$ 3411.2514,100
3092,11:09:25,$ 3411.705,100
3093,11:09:20,$ 3411.73,150
3094,11:08:57,$ 3410.745,100
3095,11:08:49,$ 3413.01,100
3097,11:08:32,$ 3413.6525,100
3098,11:08:32,$ 3413.4475,100
3099,11:08:31,$ 3413.31,100
3100,11:08:31,$ 3413.6375,100
3101,11:08:25,$ 3413.64,100
3102,11:08:22,$ 3414.5113,100
3103,11:08:18,$ 3414.40,100
3104,11:08:05,$ 3415.00,100
3105,11:08:04,$ 3414.48,100
3106,11:08:00,$ 3414.585,100
3107,11:07:48,$ 3414.43,167
3108,11:07:48,$ 3414.24,100
3109,11:07:23,$ 3414.24,100
3110,11:07:04,$ 3414.81,100
3111,11:07:04,$ 3415.12,100
3112,11:07:04,$ 3415.08,100
3113,11:06:59,$ 3415.00,"1,870"
3114,11:06:57,$ 3415.02,100
3115,11:06:57,$ 3415.13,100
3116,11:06:57,$ 3415.07,100
3118,11:06:47,$ 3414.78,100
3119,11:06:46,$ 3414.51,100
3120,11:06:46,$ 3415.00,100
3121,11:06:46,$ 3415.00,100
3122,11:06:46,$ 3414.92,100
3123,11:06:42,$ 3414.80,100
3124,11:06:22,$ 3415.43,100
3125,11:06:16,$ 3416.00,700
3126,11:06:01,$ 3416.63,100
3127,11:05:45,$ 3415.31,167
3128,11:05:37,$ 3415.51,164
3129,11:05:33,$ 3416.38,100
3130,11:05:33,$ 3416.38,100
3131,11:05:33,$ 3416.38,100
3132,11:05:32,$ 3415.58,100
3133,11:05:22,$ 3416.00,100
3134,11:05:22,$ 3416.45,100
3135,11:05:21,$ 3415.95,100
3136,11:05:21,$ 3416.00,100
3137,11:05:21,$ 3415.72,100
3139,11:05:21,$ 3415.72,100
3140,11:05:21,$ 3415.72,100
3141,11:05:21,$ 3415.99,100
3142,11:05:21,$ 3415.72,100
3143,11:05:21,$ 3415.68,100
3144,11:05:21,$ 3415.70,100
3145,11:05:20,$ 3414.92,100
3146,11:04:33,$ 3415.4505,100
3147,11:04:18,$ 3416.00,100
3148,11:03:58,$ 3413.5181,400
3149,11:03:48,$ 3414.3841,100
3150,11:03:42,$ 3413.15,100
3151,11:03:41,$ 3413.37,100
3152,11:03:41,$ 3413.53,100
3153,11:03:18,$ 3413.77,100
3154,11:03:18,$ 3413.72,100
3155,11:03:17,$ 3413.66,100
3156,11:03:16,$ 3413.28,100
3157,11:03:15,$ 3413.68,100
3158,11:03:11,$ 3414.00,200
3160,11:03:08,$ 3414.14,100
3161,11:03:04,$ 3415.00,189
3162,11:02:50,$ 3415.35,100
3163,11:02:50,$ 3415.66,100
3164,11:02:50,$ 3416.01,100
3165,11:02:50,$ 3416.01,100
3166,11:02:50,$ 3416.00,100
3167,11:02:50,$ 3416.47,100
3168,11:02:49,$ 3416.55,100
3169,11:02:28,$ 3416.78,100
3170,11:02:23,$ 3416.775,100
3171,11:02:17,$ 3417.15,100
3172,11:02:17,$ 3416.92,100
3173,11:02:17,$ 3417.08,100
3174,11:02:17,$ 3416.89,100
3175,11:02:13,$ 3416.86,100
3176,11:02:12,$ 3417.00,100
3177,11:02:11,$ 3416.90,100
3178,11:01:17,$ 3414.98,100
3179,11:01:17,$ 3414.65,100
3181,11:01:10,$ 3414.05,100
3182,11:01:10,$ 3414.05,100
3183,11:00:46,$ 3414.294,100
3184,11:00:43,$ 3414.284,250
3185,11:00:19,$ 3413.99,100
3187,11:59:51,$ 3414.3637,100
3188,11:58:58,$ 3414.45,100
3189,11:58:42,$ 3413.93,100
3190,11:58:28,$ 3413.635,100
3191,11:58:22,$ 3413.59,147
3192,11:58:19,$ 3412.6195,100
3193,11:58:18,$ 3414.00,285
3194,11:58:18,$ 3414.00,100
3195,11:58:18,$ 3414.00,123
3196,11:58:17,$ 3413.98,100
3197,11:58:17,$ 3414.00,100
3198,11:58:14,$ 3413.59,100
3199,11:58:01,$ 3412.4314,130
3200,11:57:56,$ 3412.29,100
3201,11:57:42,$ 3412.2944,293
3202,11:57:42,$ 3412.32,112
3203,11:57:28,$ 3412.87,174
3204,11:57:13,$ 3413.145,400
3205,11:57:09,$ 3412.4178,130
3206,11:57:05,$ 3412.75,100
3208,11:56:21,$ 3412.935,212
3209,11:56:21,$ 3412.1798,397
3210,11:56:21,$ 3412.1798,292
3211,11:56:21,$ 3412.52,100
3212,11:56:21,$ 3412.1798,438
3213,11:56:21,$ 3412.8325,100
3214,11:55:58,$ 3414.10,100
3215,11:55:51,$ 3413.555,100
3216,11:55:49,$ 3414.00,100
3217,11:55:48,$ 3414.00,155
3218,11:55:48,$ 3414.00,100
3219,11:55:48,$ 3413.99,100
3220,11:55:30,$ 3413.00,109
3221,11:55:26,$ 3413.22,100
3222,11:55:12,$ 3413.04,100
3223,11:55:12,$ 3412.87,100
3224,11:55:12,$ 3413.05,100
3225,11:55:05,$ 3412.80,100
3226,11:55:04,$ 3411.94,100
3227,11:55:04,$ 3411.72,100
3229,11:54:55,$ 3412.355,"1,000"
3230,11:54:50,$ 3411.59,500
3231,11:54:49,$ 3412.00,100
3232,11:54:49,$ 3412.00,100
3233,11:54:41,$ 3411.87,100
3234,11:54:34,$ 3411.72,100
3235,11:54:34,$ 3411.72,100
3236,11:54:29,$ 3411.67,100
3237,11:54:24,$ 3411.69,100
3238,11:54:14,$ 3411.43,100
3239,11:54:08,$ 3410.76,100
3240,11:54:08,$ 3410.76,100
3241,11:54:01,$ 3410.75,100
3242,11:54:00,$ 3410.75,100
3243,11:53:58,$ 3410.93,100
3244,11:53:51,$ 3410.00,100
3245,11:53:51,$ 3409.19,100
3246,11:53:42,$ 3409.46,100
3247,11:53:23,$ 3409.41,100
3248,11:53:10,$ 3409.275,100
3250,11:53:07,$ 3409.67,100
3251,11:52:46,$ 3408.58,100
3252,11:52:46,$ 3409.47,100
3253,11:52:38,$ 3408.41,100
3254,11:52:32,$ 3408.37,100
3255,11:52:32,$ 3407.62,100
3256,11:52:32,$ 3407.97,100
3257,11:52:16,$ 3408.00,100
3258,11:52:01,$ 3407.69,200
3259,11:51:53,$ 3407.98,100
3260,11:51:45,$ 3407.62,100
3261,11:51:27,$ 3407.81,100
3262,11:51:27,$ 3407.73,500
3263,11:51:20,$ 3406.3414,426
3264,11:51:19,$ 3407.18,100
3265,11:51:17,$ 3405.76,150
3266,11:51:17,$ 3406.34,100
3267,11:51:17,$ 3406.15,100
3268,11:51:17,$ 3406.01,100
3269,11:51:13,$ 3405.94,100
3271,11:51:06,$ 3405.00,100
3272,11:50:52,$ 3405.43,170
3273,11:50:43,$ 3405.365,200
3274,11:50:30,$ 3405.89,100
3275,11:50:20,$ 3406.00,100
3276,11:50:20,$ 3406.92,129
3277,11:49:10,$ 3405.55,590
3278,11:49:10,$ 3405.06,100
3279,11:49:10,$ 3405.5385,100
3280,11:49:08,$ 3406.00,100
3281,11:48:15,$ 3406.52,100
3282,11:48:06,$ 3407.00,100
3283,11:48:04,$ 3406.7158,100
3284,11:48:04,$ 3407.46,100
3285,11:47:54,$ 3407.175,100
3286,11:47:54,$ 3407.43,100
3287,11:47:51,$ 3407.3014,100
3288,11:47:35,$ 3407.29,100
3289,11:47:32,$ 3406.25,100
3290,11:46:49,$ 3406.25,100
3292,11:46:42,$ 3406.50,121
3293,11:46:42,$ 3406.01,103
3294,11:46:27,$ 3406.75,100
3295,11:45:10,$ 3405.76,100
3296,11:45:06,$ 3404.97,100
3297,11:44:52,$ 3406.075,100
3298,11:44:51,$ 3406.0717,300
3299,11:44:04,$ 3406.6585,500
3300,11:43:12,$ 3405.21,100
3301,11:43:11,$ 3405.70,213
3302,11:43:11,$ 3405.71,159
3303,11:42:50,$ 3405.595,100
3304,11:42:50,$ 3405.595,100
3305,11:42:48,$ 3405.60,167
3306,11:42:40,$ 3406.26,100
3307,11:42:37,$ 3406.51,100
3308,11:42:37,$ 3406.51,100
3309,11:42:37,$ 3406.51,193
3310,11:42:23,$ 3407.7636,100
3311,11:42:17,$ 3407.00,100
3313,11:42:10,$ 3407.1923,500
3314,11:41:42,$ 3407.29,100
3315,11:41:38,$ 3407.56,100
3316,11:41:38,$ 3406.93,100
3317,11:41:38,$ 3406.98,100
3318,11:41:01,$ 3406.07,100
3319,11:41:01,$ 3406.07,100
3320,11:41:01,$ 3406.32,200
3321,11:41:01,$ 3406.24,100
3322,11:41:00,$ 3406.255,100
3323,11:40:59,$ 3406.31,100
3324,11:40:59,$ 3406.31,100
3325,11:40:58,$ 3407.26,100
3326,11:40:56,$ 3407.28,100
3327,11:40:02,$ 3410.35,100
3328,11:40:00,$ 3411.80,100
3329,11:39:49,$ 3412.39,100
3330,11:39:49,$ 3412.47,100
3331,11:39:44,$ 3412.82,"1,200"
3332,11:39:41,$ 3413.00,100
3334,11:39:21,$ 3413.33,100
3335,11:39:14,$ 3412.795,100
3336,11:39:13,$ 3412.52,100
3337,11:39:07,$ 3413.111,120
3338,11:38:57,$ 3413.62,100
3339,11:38:45,$ 3413.37,100
3340,11:38:45,$ 3412.97,100
3341,11:38:29,$ 3413.05,100
3342,11:38:22,$ 3412.569,100
3343,11:38:03,$ 3412.31,100
3344,11:38:02,$ 3412.31,100
3345,11:37:58,$ 3412.02,100
3346,11:37:57,$ 3411.31,"1,000"
3347,11:35:44,$ 3410.36,100
3348,11:35:28,$ 3410.1208,225
3349,11:35:22,$ 3410.2411,165
3350,11:35:08,$ 3410.00,100
3351,11:34:24,$ 3411.29,168
3352,11:34:24,$ 3411.30,100
3353,11:34:24,$ 3411.29,100
3355,11:34:23,$ 3411.72,100
3356,11:34:18,$ 3411.53,100
3357,11:33:54,$ 3410.2693,200
3358,11:33:52,$ 3410.41,100
3359,11:33:52,$ 3410.52,100
3360,11:33:51,$ 3411.0854,100
3361,11:33:38,$ 3410.2327,125
3362,11:33:19,$ 3410.51,100
3363,11:32:06,$ 3411.92,100
3364,11:32:00,$ 3412.905,100
3365,11:31:44,$ 3412.12,100
3366,11:31:42,$ 3411.44,187
3368,12:28:54,$ 3409.92,100
3369,12:28:09,$ 3409.85,100
3370,12:27:33,$ 3411.02,100
3371,12:27:33,$ 3410.68,100
3372,12:26:26,$ 3409.665,100
3373,12:26:21,$ 3409.665,100
3374,12:26:21,$ 3408.84,100
3375,12:26:21,$ 3408.84,100
3376,12:25:11,$ 3408.13,100
3377,12:24:47,$ 3409.93,100
3378,12:24:05,$ 3410.79,100
3379,12:24:05,$ 3410.92,100
3380,12:23:45,$ 3411.74,100
3381,12:22:54,$ 3410.57,100
3382,12:20:56,$ 3411.038,100
3383,12:19:26,$ 3411.045,100
3384,12:19:07,$ 3411.455,100
3385,12:19:07,$ 3411.18,100
3386,12:16:25,$ 3410.39,100
3387,12:16:25,$ 3410.25,100
3389,12:15:56,$ 3411.185,293
3390,12:15:54,$ 3411.58,100
3391,12:15:52,$ 3412.02,100
3392,12:15:47,$ 3411.205,100
3393,12:15:45,$ 3411.67,100
3394,12:14:07,$ 3409.59,100
3395,12:13:46,$ 3409.45,100
3396,12:13:20,$ 3408.9594,975
3397,12:12:48,$ 3407.71,100
3398,12:12:16,$ 3408.21,100
3399,12:11:16,$ 3408.58,100
3400,12:10:24,$ 3407.47,100
3401,12:09:54,$ 3407.93,163
3402,12:09:54,$ 3407.93,500
3403,12:09:54,$ 3408.59,100
3404,12:09:54,$ 3407.75,100
3405,12:09:27,$ 3408.0501,100
3406,12:07:54,$ 3408.40,100
3407,12:07:54,$ 3408.81,100
3408,12:07:53,$ 3408.97,100
3410,12:07:47,$ 3408.90,100
3411,12:07:47,$ 3408.90,100
3412,12:07:47,$ 3408.90,100
3413,12:07:08,$ 3409.10,100
3414,12:07:08,$ 3409.67,100
3415,12:07:07,$ 3409.67,100
3416,12:07:07,$ 3409.41,100
3417,12:06:57,$ 3409.26,308
3418,12:06:57,$ 3408.79,100
3419,12:06:48,$ 3408.89,100
3420,12:06:47,$ 3408.79,100
3421,12:06:47,$ 3408.79,100
3422,12:06:47,$ 3408.79,100
3423,12:06:47,$ 3408.79,100
3424,12:06:47,$ 3408.79,100
3425,12:06:47,$ 3408.79,100
3426,12:06:47,$ 3408.79,100
3427,12:06:47,$ 3408.79,100
3428,12:06:40,$ 3409.39,100
3429,12:06:40,$ 3409.095,100
3431,12:06:40,$ 3408.80,100
3432,12:06:40,$ 3408.80,100
3433,12:06:40,$ 3408.79,100
3434,12:06:40,$ 3408.62,100
3435,12:06:40,$ 3408.35,100
3436,12:06:40,$ 3408.40,100
3437,12:06:40,$ 3408.60,100
3438,12:06:40,$ 3408.61,100
3439,12:06:40,$ 3408.61,100
3440,12:06:40,$ 3408.62,100
3441,12:06:40,$ 3408.53,100
3442,12:06:29,$ 3407.18,100
3443,12:06:11,$ 3409.155,100
3444,12:06:11,$ 3409.625,400
3445,12:06:07,$ 3409.55,100
3446,12:06:07,$ 3409.55,100
3447,12:06:07,$ 3409.55,129
3448,12:06:07,$ 3409.32,100
3449,12:06:07,$ 3408.61,100
3450,12:06:07,$ 3408.47,100
3452,12:06:07,$ 3408.54,100
3453,12:06:07,$ 3408.54,100
3454,12:06:07,$ 3408.42,100
3455,12:05:22,$ 3408.77,100
3456,12:05:22,$ 3408.75,100
3457,12:05:16,$ 3409.51,100
3458,12:05:12,$ 3409.55,400
3459,12:05:03,$ 3408.79,100
3460,12:05:03,$ 3408.86,100
3461,12:05:03,$ 3409.03,100
3462,12:04:53,$ 3407.49,100
3463,12:04:08,$ 3408.9235,100
3464,12:04:00,$ 3408.35,100
3465,12:03:28,$ 3409.07,100
3466,12:02:45,$ 3410.00,100
3467,12:02:38,$ 3410.82,100
3468,12:02:18,$ 3410.6967,200
3469,12:01:58,$ 3411.435,100
3470,12:01:48,$ 3411.03,100
3471,12:01:38,$ 3410.20,100
3473,12:01:16,$ 3410.26,100
3474,12:01:08,$ 3410.91,100
3475,12:01:01,$ 3411.00,700
3476,12:01:01,$ 3411.06,100
3477,12:00:39,$ 3412.10,100
3478,12:00:39,$ 3412.09,100
3479,12:00:35,$ 3412.61,100
3480,12:00:33,$ 3412.60,100
3481,12:00:31,$ 3412.465,100
3482,12:00:04,$ 3414.1165,100
3484,12:59:58,$ 3410.83,100
3485,12:59:58,$ 3410.68,100
3486,12:59:41,$ 3410.44,100
3487,12:59:14,$ 3410.73,100
3488,12:58:37,$ 3410.7214,117
3489,12:58:31,$ 3411.13,100
3490,12:58:03,$ 3409.53,100
3491,12:58:02,$ 3409.13,100
3492,12:58:02,$ 3408.905,121
3493,12:57:54,$ 3408.33,100
3494,12:57:50,$ 3409.01,100
3495,12:57:32,$ 3410.00,100
3496,12:57:32,$ 3410.00,100
3497,12:57:29,$ 3410.07,100
3498,12:57:23,$ 3410.00,100
3499,12:57:20,$ 3410.50,100
3500,12:57:17,$ 3410.73,100
3501,12:57:15,$ 3411.055,100
3502,12:57:11,$ 3410.89,100
3503,12:57:11,$ 3410.89,100
3505,12:57:03,$ 3412.01,100
3506,12:57:03,$ 3412.01,100
3507,12:56:10,$ 3412.63,100
3508,12:56:10,$ 3412.94,100
3509,12:56:10,$ 3412.98,100
3510,12:55:57,$ 3413.605,100
3511,12:55:46,$ 3413.60,100
3512,12:55:46,$ 3413.60,100
3513,12:55:46,$ 3413.605,100
3514,12:55:43,$ 3413.30,100
3515,12:53:57,$ 3412.6479,143
3516,12:53:45,$ 3412.32,100
3517,12:53:22,$ 3413.03,100
3518,12:53:13,$ 3412.23,100
3519,12:53:13,$ 3412.04,100
3520,12:53:13,$ 3412.80,100
3521,12:52:53,$ 3412.50,100
3522,12:52:46,$ 3412.49,400
3523,12:52:46,$ 3412.49,100
3524,12:52:46,$ 3412.49,161
3526,12:52:46,$ 3412.49,100
3527,12:52:46,$ 3412.49,126
3528,12:52:17,$ 3412.60,100
3529,12:52:03,$ 3413.348,100
3530,12:52:03,$ 3413.348,100
3531,12:52:03,$ 3413.14,100
3532,12:52:03,$ 3413.348,100
3533,12:52:03,$ 3413.13,100
3534,12:52:03,$ 3413.00,102
3535,12:52:03,$ 3413.00,229
3536,12:52:03,$ 3413.10,100
3537,12:51:46,$ 3414.34,100
3538,12:51:36,$ 3415.26,100
3539,12:50:49,$ 3415.16,100
3540,12:50:49,$ 3415.13,100
3541,12:50:41,$ 3413.855,250
3542,12:50:21,$ 3413.73,100
3543,12:50:19,$ 3413.70,100
3544,12:50:06,$ 3413.8061,100
3545,12:49:51,$ 3413.685,100
3547,12:49:51,$ 3414.173,100
3548,12:49:51,$ 3414.208,200
3549,12:49:32,$ 3413.2406,100
3550,12:48:32,$ 3413.495,100
3551,12:48:25,$ 3413.50,100
3552,12:48:11,$ 3413.5634,100
3553,12:48:05,$ 3413.80,100
3554,12:47:53,$ 3414.60,100
3555,12:47:50,$ 3413.1369,100
3556,12:47:46,$ 3414.3822,100
3557,12:47:29,$ 3414.27,100
3558,12:47:17,$ 3414.97,100
3559,12:46:56,$ 3413.86,200
3560,12:46:16,$ 3415.00,100
3561,12:46:10,$ 3414.99,"1,000"
3562,12:46:08,$ 3415.11,100
3563,12:46:07,$ 3415.55,100
3564,12:45:59,$ 3416.00,440
3565,12:45:57,$ 3415.52,100
3566,12:45:54,$ 3415.1885,130
3568,12:45:52,$ 3415.53,500
3569,12:45:39,$ 3415.48,100
3570,12:45:33,$ 3414.98,100
3571,12:45:14,$ 3414.6776,"1,000"
3572,12:45:12,$ 3414.00,900
3573,12:45:12,$ 3414.00,100
3574,12:45:11,$ 3413.605,100
3575,12:45:07,$ 3414.00,400
3576,12:44:51,$ 3414.00,100
3577,12:44:14,$ 3414.00,100
3578,12:44:02,$ 3412.00,100
3579,12:43:43,$ 3411.59,100
3580,12:43:07,$ 3410.97,100
3581,12:43:07,$ 3410.97,100
3582,12:42:56,$ 3411.065,100
3583,12:42:34,$ 3411.275,100
3584,12:42:31,$ 3411.69,100
3585,12:42:27,$ 3411.09,101
3586,12:42:08,$ 3410.7706,174
3587,12:41:59,$ 3410.785,100
3589,12:41:54,$ 3411.29,100
3590,12:41:54,$ 3411.24,100
3591,12:41:40,$ 3411.47,100
3592,12:41:31,$ 3411.53,100
3593,12:41:31,$ 3411.67,100
3594,12:41:31,$ 3411.44,100
3595,12:41:31,$ 3411.44,100
3596,12:41:24,$ 3411.69,100
3597,12:40:41,$ 3412.64,100
3598,12:40:08,$ 3412.9329,183
3599,12:39:54,$ 3413.165,100
3600,12:39:53,$ 3413.71,100
3601,12:39:53,$ 3412.74,100
3602,12:39:53,$ 3412.73,100
3603,12:39:53,$ 3412.93,100
3604,12:39:25,$ 3413.8288,100
3605,12:39:24,$ 3413.74,100
3606,12:39:21,$ 3413.47,100
3607,12:39:00,$ 3413.78,100
3608,12:38:52,$ 3414.00,100
3610,12:38:13,$ 3414.22,100
3611,12:38:13,$ 3414.11,100
3612,12:36:58,$ 3413.60,238
3613,12:36:58,$ 3414.07,100
3614,12:36:42,$ 3413.345,137
3615,12:36:42,$ 3413.80,100
3616,12:36:42,$ 3413.82,100
3617,12:36:42,$ 3413.82,100
3618,12:36:42,$ 3413.92,100
3619,12:36:42,$ 3413.95,100
3620,12:36:26,$ 3414.01,100
3621,12:36:26,$ 3414.36,100
3622,12:36:26,$ 3414.28,100
3623,12:36:26,$ 3414.35,100
3624,12:36:26,$ 3414.32,100
3625,12:36:26,$ 3414.51,100
3626,12:36:26,$ 3414.51,100
3627,12:36:26,$ 3414.48,100
3628,12:36:26,$ 3414.42,100
3629,12:36:26,$ 3414.37,100
3631,12:36:21,$ 3415.25,100
3632,12:36:19,$ 3414.565,100
3633,12:36:14,$ 3414.55,100
3634,12:35:55,$ 3413.91,137
3635,12:34:01,$ 3413.81,100
3636,12:34:00,$ 3413.905,100
3637,12:33:39,$ 3413.59,100
3638,12:33:24,$ 3412.9047,100
3639,12:32:15,$ 3412.575,100
3640,12:31:35,$ 3412.26,800
3641,12:31:20,$ 3412.85,100
3642,12:31:20,$ 3412.85,100
3643,12:31:02,$ 3412.77,100
3644,12:30:56,$ 3413.625,100
3645,12:30:53,$ 3413.6854,205
3646,12:30:42,$ 3413.98,100
3647,12:30:42,$ 3413.25,100
3648,12:30:42,$ 3413.25,100
3649,12:30:42,$ 3413.25,363
3650,12:30:42,$ 3413.30,100
3652,12:30:42,$ 3413.25,826
3653,12:30:42,$ 3413.25,239
3654,12:30:42,$ 3413.25,490
3655,12:30:42,$ 3413.37,100
3656,12:30:42,$ 3413.25,117
3657,12:30:38,$ 3413.07,262
3658,12:30:38,$ 3413.00,100
3659,12:30:26,$ 3412.58,100
3660,12:30:26,$ 3412.58,100
3661,12:30:25,$ 3411.765,100
3662,12:30:09,$ 3410.825,100
3663,12:30:04,$ 3410.63,100
3665,13:29:57,$ 3425.4161,157
3666,13:29:50,$ 3425.20,100
3667,13:29:50,$ 3425.20,195
3668,13:29:49,$ 3425.11,100
3669,13:29:49,$ 3424.26,297
3670,13:29:49,$ 3424.25,161
3671,13:29:49,$ 3425.41,130
3672,13:29:41,$ 3425.22,100
3673,13:29:36,$ 3425.225,100
3674,13:29:36,$ 3425.20,100
3675,13:29:36,$ 3425.18,100
3676,13:29:34,$ 3424.75,100
3677,13:29:23,$ 3425.245,500
3678,13:29:18,$ 3425.38,100
3679,13:29:18,$ 3425.40,100
3680,13:29:07,$ 3425.04,100
3681,13:29:07,$ 3425.63,100
3682,13:29:07,$ 3425.63,100
3683,13:29:07,$ 3425.01,231
3684,13:29:06,$ 3425.50,100
3686,13:29:05,$ 3426.14,100
3687,13:29:05,$ 3426.14,100
3688,13:29:05,$ 3425.96,200
3689,13:29:05,$ 3426.0214,100
3690,13:29:05,$ 3426.14,100
3691,13:29:05,$ 3426.14,100
3692,13:29:05,$ 3426.14,100
3693,13:29:05,$ 3425.9325,100
3694,13:29:05,$ 3425.42,100
3695,13:29:05,$ 3425.46,100
3696,13:28:55,$ 3424.85,100
3697,13:28:45,$ 3424.26,100
3698,13:28:31,$ 3423.68,100
3699,13:28:23,$ 3424.38,100
3700,13:28:13,$ 3424.00,100
3701,13:27:57,$ 3423.40,100
3702,13:27:45,$ 3423.105,305
3703,13:27:42,$ 3423.205,100
3704,13:27:41,$ 3423.18,100
3705,13:27:30,$ 3422.975,100
3707,13:27:28,$ 3422.805,100
3708,13:27:08,$ 3423.89,100
3709,13:27:06,$ 3424.72,100
3710,13:27:06,$ 3424.76,100
3711,13:27:06,$ 3424.1244,100
3712,13:27:06,$ 3424.14,300
3713,13:27:06,$ 3424.14,100
3714,13:27:05,$ 3423.32,100
3715,13:26:57,$ 3423.03,100
3716,13:26:57,$ 3422.92,100
3717,13:26:57,$ 3422.99,100
3718,13:26:54,$ 3422.6392,207
3719,13:26:47,$ 3423.23,100
3720,13:26:41,$ 3422.85,100
3721,13:26:33,$ 3422.87,100
3722,13:26:31,$ 3422.94,100
3723,13:26:29,$ 3422.57,100
3724,13:25:47,$ 3421.40,100
3725,13:25:39,$ 3421.14,100
3726,13:25:39,$ 3420.49,100
3728,13:25:39,$ 3420.48,200
3729,13:25:39,$ 3421.06,100
3730,13:25:39,$ 3421.07,100
3731,13:25:39,$ 3421.41,100
3732,13:25:34,$ 3421.46,100
3733,13:25:10,$ 3421.37,100
3734,13:25:05,$ 3421.5292,800
3735,13:24:58,$ 3421.535,100
3736,13:24:54,$ 3420.77,100
3737,13:24:50,$ 3421.415,100
3738,13:24:35,$ 3421.25,100
3739,13:24:32,$ 3421.77,650
3740,13:24:28,$ 3421.415,100
3741,13:24:26,$ 3421.62,100
3742,13:24:11,$ 3422.03,100
3743,13:24:05,$ 3422.79,100
3744,13:24:00,$ 3423.0053,292
3745,13:24:00,$ 3423.0053,100
3746,13:24:00,$ 3423.22,100
3747,13:24:00,$ 3422.62,800
3749,13:24:00,$ 3422.96,100
3750,13:24:00,$ 3422.915,100
3751,13:24:00,$ 3421.89,100
3752,13:23:57,$ 3421.4999,516
3753,13:23:57,$ 3421.4999,396
3754,13:23:49,$ 3421.185,100
3755,13:23:32,$ 3420.7712,175
3756,13:23:25,$ 3421.14,100
3757,13:23:24,$ 3420.18,100
3758,13:23:24,$ 3420.23,100
3759,13:23:22,$ 3420.675,500
3760,13:23:21,$ 3419.81,192
3761,13:23:17,$ 3419.99,100
3762,13:23:05,$ 3420.67,100
3763,13:23:03,$ 3419.5053,120
3764,13:23:03,$ 3420.032,100
3765,13:23:01,$ 3420.48,100
3766,13:22:55,$ 3420.8878,100
3767,13:22:52,$ 3421.03,100
3768,13:22:37,$ 3421.3017,100
3770,13:22:30,$ 3421.99,265
3771,13:22:29,$ 3421.59,100
3772,13:22:29,$ 3421.41,100
3773,13:22:25,$ 3421.05,100
3774,13:22:25,$ 3421.05,287
3775,13:22:25,$ 3420.95,100
3776,13:22:25,$ 3420.95,100
3777,13:22:22,$ 3420.53,100
3778,13:22:14,$ 3420.48,100
3779,13:22:14,$ 3420.25,100
3780,13:22:13,$ 3419.9566,500
3781,13:22:10,$ 3419.99,100
3782,13:22:10,$ 3420.00,100
3783,13:22:10,$ 3419.99,100
3784,13:22:10,$ 3420.00,100
3785,13:22:10,$ 3420.00,100
3786,13:22:10,$ 3420.00,100
3787,13:22:10,$ 3420.00,100
3788,13:22:10,$ 3420.00,100
3789,13:22:10,$ 3420.00,144
3791,13:22:10,$ 3420.00,100
3792,13:22:10,$ 3420.00,100
3793,13:21:59,$ 3419.39,100
3794,13:21:43,$ 3419.65,100
3795,13:21:32,$ 3419.595,100
3796,13:21:10,$ 3418.632,115
3797,13:21:03,$ 3418.63,100
3798,13:21:02,$ 3418.40,100
3799,13:20:56,$ 3417.32,100
3800,13:20:56,$ 3417.33,244
3801,13:20:56,$ 3417.00,100
3802,13:20:48,$ 3416.28,100
3803,13:20:48,$ 3416.28,100
3804,13:20:48,$ 3416.28,100
3805,13:20:48,$ 3416.28,100
3806,13:20:48,$ 3416.28,100
3807,13:20:28,$ 3415.47,800
3808,13:20:18,$ 3416.12,100
3809,13:20:18,$ 3416.12,100
3810,13:20:18,$ 3416.12,100
3812,13:20:12,$ 3415.74,100
3813,13:19:53,$ 3415.91,100
3814,13:19:48,$ 3416.12,100
3815,13:19:18,$ 3415.805,100
3816,13:19:12,$ 3415.6629,100
3817,13:19:05,$ 3415.34,100
3818,13:18:49,$ 3415.47,100
3819,13:18:44,$ 3415.50,100
3820,13:18:12,$ 3415.185,100
3821,13:17:57,$ 3415.3006,800
3822,13:17:54,$ 3415.22,100
3823,13:17:54,$ 3415.07,100
3824,13:17:54,$ 3415.07,100
3825,13:17:44,$ 3414.63,100
3826,13:17:44,$ 3415.07,490
3827,13:17:04,$ 3415.05,100
3828,13:17:02,$ 3414.7208,130
3829,13:16:29,$ 3415.1215,397
3830,13:16:29,$ 3415.1215,152
3831,13:16:21,$ 3415.90,100
3833,13:16:15,$ 3415.8098,100
3834,13:16:02,$ 3415.87,100
3835,13:15:33,$ 3415.9015,110
3836,13:15:30,$ 3415.5794,180
3837,13:15:08,$ 3415.51,100
3838,13:14:35,$ 3415.32,100
3839,13:12:58,$ 3414.02,100
3840,13:12:51,$ 3413.90,100
3841,13:12:48,$ 3413.81,100
3842,13:12:19,$ 3413.13,100
3843,13:12:05,$ 3413.66,100
3844,13:11:56,$ 3414.00,100
3845,13:11:55,$ 3414.00,275
3846,13:11:45,$ 3413.99,100
3847,13:11:45,$ 3413.68,100
3848,13:11:44,$ 3414.00,146
3849,13:11:44,$ 3414.00,232
3850,13:11:41,$ 3413.00,100
3851,13:11:41,$ 3413.00,188
3852,13:11:39,$ 3413.9144,100
3854,13:11:38,$ 3413.31,100
3855,13:11:36,$ 3413.01,100
3856,13:11:12,$ 3414.335,100
3857,13:11:11,$ 3414.2859,100
3858,13:11:04,$ 3414.71,100
3859,13:10:12,$ 3416.0199,100
