,NLS Time (ET),NLS Price,NLS Share Volume
1,09:59:52,$ 3469.5601,100
2,09:59:51,$ 3469.8653,300
3,09:59:44,$ 3470.81,100
4,09:59:36,$ 3471.25,100
5,09:59:35,$ 3470.72,100
6,09:59:33,$ 3471.21,100
7,09:59:28,$ 3471.9188,100
8,09:59:22,$ 3472.40,100
9,09:59:20,$ 3473.00,255
10,09:59:20,$ 3473.46,250
11,09:59:04,$ 3473.03,100
12,09:59:04,$ 3473.00,241
13,09:59:01,$ 3473.35,175
14,09:59:01,$ 3473.38,100
15,09:59:01,$ 3473.01,100
16,09:58:56,$ 3471.66,100
17,09:58:55,$ 3472.41,100
18,09:58:47,$ 3471.435,100
19,09:58:47,$ 3470.96,100
20,09:58:46,$ 3470.94,183
22,09:58:46,$ 3470.94,"1,200"
23,09:58:46,$ 3471.85,100
24,09:58:45,$ 3472.2246,200
25,09:58:42,$ 3472.00,222
26,09:58:42,$ 3472.00,111
27,09:58:42,$ 3472.00,567
28,09:58:37,$ 3473.00,150
29,09:58:31,$ 3471.46,500
30,09:58:28,$ 3470.49,500
31,09:58:18,$ 3471.4599,220
32,09:58:18,$ 3469.52,100
33,09:58:11,$ 3470.0229,100
34,09:58:03,$ 3470.04,100
35,09:58:03,$ 3470.76,100
36,09:57:56,$ 3471.18,200
37,09:57:47,$ 3469.8768,100
38,09:57:44,$ 3469.765,100
39,09:57:40,$ 3468.8217,732
40,09:57:40,$ 3469.27,100
41,09:57:40,$ 3471.02,100
43,09:57:39,$ 3472.1406,100
44,09:57:34,$ 3472.15,100
45,09:57:23,$ 3471.4965,164
46,09:57:20,$ 3471.669,200
47,09:57:17,$ 3472.03,100
48,09:57:14,$ 3471.64,100
49,09:57:14,$ 3471.64,100
50,09:57:12,$ 3471.82,175
51,09:57:11,$ 3471.82,200
52,09:57:11,$ 3472.2712,250
53,09:57:10,$ 3472.33,100
54,09:57:10,$ 3472.46,100
55,09:57:08,$ 3472.64,100
56,09:57:08,$ 3472.64,149
57,09:57:07,$ 3473.23,100
58,09:57:07,$ 3473.31,100
59,09:57:07,$ 3473.35,100
60,09:57:02,$ 3473.02,274
61,09:57:02,$ 3474.00,"1,000"
62,09:56:57,$ 3473.505,100
64,09:56:56,$ 3474.00,500
65,09:56:50,$ 3474.49,105
66,09:56:48,$ 3473.96,100
67,09:56:47,$ 3474.014,100
68,09:56:46,$ 3474.011,100
69,09:56:46,$ 3474.00,100
70,09:56:46,$ 3474.14,100
71,09:56:40,$ 3473.99,100
72,09:56:36,$ 3473.495,100
73,09:56:33,$ 3472.72,500
74,09:56:23,$ 3474.00,100
75,09:56:18,$ 3474.62,100
76,09:56:12,$ 3474.60,500
77,09:56:11,$ 3474.49,149
78,09:56:01,$ 3474.69,100
79,09:56:01,$ 3474.70,108
80,09:56:01,$ 3474.51,206
81,09:56:01,$ 3474.51,206
82,09:56:01,$ 3474.51,111
83,09:56:01,$ 3474.50,100
85,09:55:55,$ 3474.00,100
86,09:55:52,$ 3474.45,100
87,09:55:52,$ 3474.26,100
88,09:55:51,$ 3473.54,287
89,09:55:51,$ 3473.55,147
90,09:55:48,$ 3473.85,798
91,09:55:47,$ 3473.7375,500
92,09:55:47,$ 3473.85,100
93,09:55:47,$ 3473.61,100
94,09:55:44,$ 3472.735,100
95,09:55:41,$ 3473.5891,100
96,09:55:38,$ 3473.84,100
97,09:55:37,$ 3472.59,100
98,09:55:37,$ 3473.86,100
99,09:55:30,$ 3473.002,500
100,09:55:30,$ 3473.71,181
101,09:55:28,$ 3471.8386,100
102,09:55:27,$ 3472.13,"1,000"
103,09:55:27,$ 3471.63,100
104,09:55:27,$ 3471.54,100
106,09:55:24,$ 3472.53,200
107,09:55:22,$ 3472.00,100
108,09:55:22,$ 3471.31,100
109,09:55:22,$ 3471.41,160
110,09:55:22,$ 3471.41,100
111,09:55:22,$ 3470.795,100
112,09:55:17,$ 3470.88,100
113,09:55:10,$ 3470.87,100
114,09:55:10,$ 3470.262,500
115,09:55:06,$ 3470.075,200
116,09:55:03,$ 3470.1115,300
117,09:55:02,$ 3470.43,100
118,09:55:01,$ 3470.3868,230
119,09:55:00,$ 3470.08,100
120,09:55:00,$ 3470.00,100
121,09:55:00,$ 3470.00,100
122,09:54:59,$ 3469.26,100
123,09:54:56,$ 3469.0594,100
124,09:54:56,$ 3469.25,100
125,09:54:51,$ 3468.05,100
127,09:54:48,$ 3466.8793,100
128,09:54:48,$ 3466.972,500
129,09:54:47,$ 3467.54,100
130,09:54:47,$ 3467.54,100
131,09:54:47,$ 3466.72,100
132,09:54:46,$ 3466.33,100
133,09:54:46,$ 3466.71,100
134,09:54:45,$ 3466.91,100
135,09:54:38,$ 3465.48,100
136,09:54:36,$ 3464.835,100
137,09:54:35,$ 3464.98,100
138,09:54:31,$ 3463.50,100
139,09:54:28,$ 3463.36,100
140,09:54:27,$ 3463.2764,100
141,09:54:27,$ 3463.20,100
142,09:54:27,$ 3463.15,300
143,09:54:24,$ 3462.97,100
144,09:54:15,$ 3463.14,100
145,09:54:15,$ 3463.16,100
146,09:54:15,$ 3462.62,200
148,09:54:15,$ 3462.78,100
149,09:54:15,$ 3462.82,100
150,09:54:14,$ 3463.305,100
151,09:54:13,$ 3462.9407,103
152,09:54:13,$ 3463.502,100
153,09:53:59,$ 3464.7155,150
154,09:53:58,$ 3464.15,100
155,09:53:57,$ 3464.08,100
156,09:53:45,$ 3463.62,100
157,09:53:44,$ 3464.31,500
158,09:53:43,$ 3464.00,100
159,09:53:34,$ 3461.81,100
160,09:53:31,$ 3461.6998,100
161,09:53:26,$ 3461.785,100
162,09:53:26,$ 3461.785,100
163,09:53:22,$ 3460.43,500
164,09:53:20,$ 3460.78,100
165,09:53:19,$ 3460.31,100
166,09:53:16,$ 3461.71,100
167,09:53:13,$ 3461.9058,100
169,09:53:10,$ 3460.655,100
170,09:53:09,$ 3460.3169,144
171,09:52:59,$ 3460.12,678
172,09:52:48,$ 3459.74,100
173,09:52:48,$ 3459.8391,"1,000"
174,09:52:47,$ 3460.00,100
175,09:52:45,$ 3459.78,100
176,09:52:44,$ 3459.46,100
177,09:52:27,$ 3459.14,100
178,09:52:25,$ 3458.30,100
179,09:52:15,$ 3458.1642,101
180,09:52:14,$ 3458.7774,100
181,09:52:09,$ 3457.81,100
182,09:52:09,$ 3457.73,133
183,09:52:05,$ 3458.20,100
184,09:52:05,$ 3458.20,100
185,09:52:04,$ 3457.195,100
186,09:52:03,$ 3459.00,100
187,09:51:55,$ 3458.00,100
188,09:51:55,$ 3457.74,100
190,09:51:50,$ 3457.33,213
191,09:51:49,$ 3456.695,100
192,09:51:38,$ 3457.65,100
193,09:51:22,$ 3455.93,100
194,09:51:13,$ 3455.62,100
195,09:51:12,$ 3454.23,100
196,09:51:12,$ 3454.23,100
197,09:51:12,$ 3454.78,100
198,09:51:07,$ 3453.355,100
199,09:51:03,$ 3453.6563,100
200,09:51:01,$ 3452.79,100
201,09:50:54,$ 3452.01,100
202,09:50:54,$ 3452.335,100
203,09:50:46,$ 3453.80,100
204,09:50:45,$ 3454.2125,100
205,09:50:39,$ 3455.15,100
206,09:50:38,$ 3455.89,100
207,09:50:38,$ 3454.96,100
208,09:50:34,$ 3454.96,100
209,09:50:32,$ 3455.835,100
211,09:50:24,$ 3456.205,150
212,09:50:20,$ 3456.29,100
213,09:50:17,$ 3456.13,100
214,09:50:17,$ 3456.67,100
215,09:50:15,$ 3455.40,100
216,09:50:15,$ 3455.68,100
217,09:50:15,$ 3455.64,100
218,09:50:14,$ 3455.91,100
219,09:50:04,$ 3456.28,100
220,09:50:04,$ 3456.11,100
221,09:50:04,$ 3455.425,100
222,09:50:04,$ 3455.425,100
223,09:50:04,$ 3455.43,100
224,09:49:58,$ 3457.50,100
225,09:49:56,$ 3457.206,100
226,09:49:53,$ 3457.00,278
227,09:49:53,$ 3456.79,100
228,09:49:50,$ 3455.46,100
229,09:49:50,$ 3455.47,100
230,09:49:50,$ 3455.47,100
232,09:49:35,$ 3454.81,100
233,09:49:35,$ 3454.35,100
234,09:49:32,$ 3454.4383,200
235,09:49:30,$ 3453.65,100
236,09:49:30,$ 3453.91,100
237,09:49:30,$ 3453.89,100
238,09:49:26,$ 3452.8323,100
239,09:49:24,$ 3453.30,100
240,09:49:22,$ 3453.00,183
241,09:49:20,$ 3453.5584,200
242,09:49:20,$ 3453.77,100
243,09:49:17,$ 3454.8099,100
244,09:49:15,$ 3454.29,100
245,09:49:15,$ 3454.29,212
246,09:49:10,$ 3454.56,100
247,09:49:09,$ 3455.73,100
248,09:49:08,$ 3453.99,100
249,09:49:02,$ 3453.3945,149
250,09:49:00,$ 3453.985,100
251,09:48:59,$ 3453.52,100
253,09:48:56,$ 3453.0499,137
254,09:48:56,$ 3453.0499,188
255,09:48:56,$ 3453.25,254
256,09:48:56,$ 3453.25,146
257,09:48:53,$ 3453.22,100
258,09:48:51,$ 3452.36,100
259,09:48:33,$ 3452.244,110
260,09:48:31,$ 3451.53,100
261,09:48:26,$ 3452.3475,100
262,09:48:21,$ 3452.295,100
263,09:48:16,$ 3450.90,200
264,09:48:16,$ 3451.50,"1,000"
265,09:48:12,$ 3451.3867,300
266,09:48:00,$ 3451.28,100
267,09:47:59,$ 3451.65,100
268,09:47:55,$ 3451.9925,100
269,09:47:46,$ 3450.50,"1,075"
270,09:47:46,$ 3450.01,500
271,09:47:46,$ 3450.02,100
272,09:47:46,$ 3450.18,100
274,09:47:46,$ 3451.15,100
275,09:47:46,$ 3451.99,200
276,09:47:46,$ 3452.60,100
277,09:47:46,$ 3452.60,500
278,09:47:45,$ 3453.405,500
279,09:47:42,$ 3451.845,100
280,09:47:39,$ 3452.465,100
281,09:47:37,$ 3451.81,100
282,09:47:33,$ 3453.99,100
283,09:47:29,$ 3452.46,100
284,09:47:21,$ 3451.39,100
285,09:47:21,$ 3451.40,100
286,09:47:21,$ 3451.39,100
287,09:47:21,$ 3451.39,100
288,09:47:09,$ 3451.87,100
289,09:47:09,$ 3452.63,100
290,09:47:08,$ 3451.9748,200
291,09:47:04,$ 3453.305,100
292,09:47:04,$ 3453.30,100
293,09:47:01,$ 3453.71,100
295,09:47:01,$ 3453.33,100
296,09:46:58,$ 3455.2654,583
297,09:46:51,$ 3454.81,100
298,09:46:48,$ 3454.00,169
299,09:46:48,$ 3454.00,111
300,09:46:48,$ 3454.00,210
301,09:46:48,$ 3454.00,100
302,09:46:47,$ 3453.30,100
303,09:46:40,$ 3452.48,100
304,09:46:40,$ 3452.48,100
305,09:46:33,$ 3453.13,100
306,09:46:30,$ 3454.08,100
307,09:46:25,$ 3454.555,100
308,09:46:22,$ 3454.982,100
309,09:46:22,$ 3454.8174,526
310,09:46:20,$ 3454.185,100
311,09:46:20,$ 3454.08,100
312,09:46:10,$ 3453.55,100
313,09:46:10,$ 3453.55,100
314,09:46:10,$ 3453.50,100
316,09:46:07,$ 3454.0783,149
317,09:46:07,$ 3453.62,100
318,09:46:06,$ 3455.2418,137
319,09:46:06,$ 3455.1218,100
320,09:46:06,$ 3455.2428,750
321,09:46:02,$ 3454.395,500
322,09:46:00,$ 3454.01,200
323,09:46:00,$ 3455.57,500
324,09:46:00,$ 3455.57,158
325,09:45:59,$ 3459.53,100
326,09:45:59,$ 3458.78,100
327,09:45:59,$ 3457.46,100
328,09:45:59,$ 3457.46,100
329,09:45:49,$ 3460.04,100
330,09:45:47,$ 3459.00,375
331,09:45:47,$ 3459.80,100
332,09:45:44,$ 3458.38,100
333,09:45:43,$ 3460.21,100
334,09:45:40,$ 3459.2357,112
335,09:45:40,$ 3460.51,100
337,09:45:39,$ 3461.59,100
338,09:45:39,$ 3460.51,100
339,09:45:38,$ 3460.52,100
340,09:45:34,$ 3460.51,"1,000"
341,09:45:34,$ 3462.02,100
342,09:45:30,$ 3461.42,100
343,09:45:28,$ 3461.6189,500
344,09:45:27,$ 3462.6317,100
345,09:45:26,$ 3463.065,200
346,09:45:18,$ 3461.6845,100
347,09:45:17,$ 3461.55,100
348,09:45:17,$ 3461.54,100
349,09:45:08,$ 3461.3911,100
350,09:45:08,$ 3461.765,100
351,09:45:01,$ 3463.70,100
352,09:45:00,$ 3460.38,100
353,09:45:00,$ 3460.99,200
354,09:45:00,$ 3460.2786,100
355,09:45:00,$ 3460.3582,300
356,09:45:00,$ 3463.315,100
358,09:45:00,$ 3462.03,100
359,09:45:00,$ 3463.0525,100
360,09:45:00,$ 3460.83,100
361,09:45:00,$ 3460.83,100
362,09:45:00,$ 3461.00,100
363,09:45:00,$ 3461.57,100
364,09:45:00,$ 3462.185,100
365,09:45:00,$ 3462.54,100
366,09:45:00,$ 3462.4926,100
367,09:45:00,$ 3462.035,100
368,09:45:00,$ 3462.06,100
369,09:45:00,$ 3462.41,200
370,09:45:00,$ 3462.06,100
371,09:45:00,$ 3463.00,700
372,09:44:59,$ 3461.7477,200
373,09:44:55,$ 3462.79,144
374,09:44:54,$ 3461.936,100
375,09:44:54,$ 3462.79,100
376,09:44:46,$ 3459.53,110
377,09:44:46,$ 3460.00,100
379,09:44:46,$ 3459.54,100
380,09:44:39,$ 3460.19,100
381,09:44:39,$ 3459.805,100
382,09:44:38,$ 3460.86,100
383,09:44:37,$ 3459.38,100
384,09:44:37,$ 3459.38,100
385,09:44:37,$ 3459.38,100
386,09:44:33,$ 3459.00,100
387,09:44:33,$ 3459.28,100
388,09:44:32,$ 3458.95,100
389,09:44:27,$ 3457.00,210
390,09:44:23,$ 3455.0101,100
391,09:44:21,$ 3454.925,100
392,09:44:20,$ 3455.0036,280
393,09:44:17,$ 3453.71,100
394,09:44:16,$ 3455.00,100
395,09:44:14,$ 3456.62,100
396,09:44:13,$ 3456.7482,100
397,09:44:11,$ 3456.63,100
398,09:44:11,$ 3455.88,100
400,09:44:11,$ 3455.82,100
401,09:44:11,$ 3455.89,100
402,09:44:08,$ 3457.40,100
403,09:44:05,$ 3454.8068,100
404,09:44:05,$ 3455.27,100
405,09:44:04,$ 3454.59,193
406,09:44:04,$ 3454.59,145
407,09:44:04,$ 3454.59,145
408,09:44:01,$ 3454.5901,100
409,09:44:01,$ 3457.1884,"1,000"
410,09:43:59,$ 3455.01,100
411,09:43:54,$ 3457.2051,400
412,09:43:54,$ 3455.89,100
413,09:43:54,$ 3455.91,100
414,09:43:54,$ 3456.96,100
415,09:43:53,$ 3456.37,100
416,09:43:53,$ 3456.32,100
417,09:43:53,$ 3456.30,100
418,09:43:51,$ 3455.1393,100
419,09:43:50,$ 3454.29,100
421,09:43:50,$ 3454.57,100
422,09:43:49,$ 3454.79,100
423,09:43:49,$ 3454.80,100
424,09:43:47,$ 3454.00,156
425,09:43:47,$ 3454.00,100
426,09:43:44,$ 3452.2518,"1,000"
427,09:43:43,$ 3452.2943,100
428,09:43:42,$ 3452.3145,"1,500"
429,09:43:41,$ 3453.495,100
430,09:43:41,$ 3452.98,100
431,09:43:41,$ 3452.98,111
432,09:43:39,$ 3453.765,100
433,09:43:38,$ 3454.5699,450
434,09:43:38,$ 3454.1824,100
435,09:43:37,$ 3454.41,100
436,09:43:37,$ 3454.70,100
437,09:43:37,$ 3453.50,100
438,09:43:36,$ 3452.92,500
439,09:43:36,$ 3453.50,100
440,09:43:36,$ 3452.45,100
442,09:43:34,$ 3452.31,100
443,09:43:33,$ 3452.9999,149
444,09:43:33,$ 3452.86,100
445,09:43:33,$ 3450.0301,150
446,09:43:32,$ 3450.9983,100
447,09:43:23,$ 3450.771,100
448,09:43:22,$ 3451.80,100
449,09:43:20,$ 3451.56,100
450,09:43:20,$ 3451.39,111
451,09:43:20,$ 3451.38,100
452,09:43:20,$ 3451.38,100
453,09:43:20,$ 3451.27,100
454,09:43:20,$ 3450.00,100
455,09:43:20,$ 3450.00,100
456,09:43:20,$ 3449.75,195
457,09:43:17,$ 3448.42,100
458,09:43:13,$ 3449.39,100
459,09:43:13,$ 3447.2101,100
460,09:43:10,$ 3448.135,100
461,09:43:10,$ 3447.87,100
463,09:43:07,$ 3448.14,100
464,09:43:07,$ 3448.55,100
465,09:43:07,$ 3448.02,100
466,09:43:06,$ 3448.02,100
467,09:43:06,$ 3448.8103,100
468,09:43:06,$ 3448.93,100
469,09:43:02,$ 3449.49,100
470,09:43:02,$ 3449.14,100
471,09:43:02,$ 3449.1399,100
472,09:43:01,$ 3449.45,100
473,09:43:01,$ 3449.45,100
474,09:42:56,$ 3447.855,200
475,09:42:54,$ 3449.055,100
476,09:42:52,$ 3447.53,100
477,09:42:51,$ 3447.4217,497
478,09:42:50,$ 3449.09,250
479,09:42:50,$ 3448.28,100
480,09:42:46,$ 3447.57,100
481,09:42:45,$ 3448.48,100
482,09:42:45,$ 3448.74,100
484,09:42:45,$ 3448.74,100
485,09:42:45,$ 3448.74,100
486,09:42:44,$ 3447.68,100
487,09:42:42,$ 3445.8672,273
488,09:42:40,$ 3443.33,100
489,09:42:38,$ 3443.16,100
490,09:42:35,$ 3444.06,100
491,09:42:33,$ 3442.4555,250
492,09:42:29,$ 3442.5431,100
493,09:42:29,$ 3441.71,200
494,09:42:27,$ 3442.55,100
495,09:42:25,$ 3441.1131,125
496,09:42:22,$ 3440.86,100
497,09:42:20,$ 3440.00,100
498,09:42:20,$ 3440.11,100
499,09:42:20,$ 3440.79,100
500,09:42:20,$ 3440.78,100
501,09:42:18,$ 3441.86,100
502,09:42:15,$ 3441.9165,250
503,09:42:10,$ 3443.12,100
505,09:42:09,$ 3441.311,150
506,09:42:05,$ 3441.84,100
507,09:42:03,$ 3440.9899,100
508,09:41:57,$ 3440.12,198
509,09:41:55,$ 3440.60,100
510,09:41:55,$ 3440.46,100
511,09:41:55,$ 3439.89,100
512,09:41:54,$ 3439.86,100
513,09:41:53,$ 3439.795,200
514,09:41:53,$ 3439.32,100
515,09:41:51,$ 3439.57,123
516,09:41:51,$ 3439.32,100
517,09:41:46,$ 3439.34,100
518,09:41:46,$ 3438.71,100
519,09:41:43,$ 3439.25,100
520,09:41:42,$ 3439.69,185
521,09:41:42,$ 3440.10,290
522,09:41:42,$ 3440.11,110
523,09:41:42,$ 3440.11,100
524,09:41:41,$ 3441.00,100
526,09:41:40,$ 3441.03,100
527,09:41:40,$ 3441.00,100
528,09:41:40,$ 3441.00,100
529,09:41:39,$ 3441.42,100
530,09:41:39,$ 3442.20,250
531,09:41:39,$ 3441.43,100
532,09:41:39,$ 3441.71,100
533,09:41:37,$ 3442.70,100
534,09:41:37,$ 3442.70,100
535,09:41:37,$ 3442.70,100
536,09:41:32,$ 3443.84,100
537,09:41:30,$ 3443.80,100
538,09:41:30,$ 3442.75,100
539,09:41:30,$ 3441.92,100
540,09:41:26,$ 3441.04,100
541,09:41:22,$ 3441.81,100
542,09:41:20,$ 3442.16,250
543,09:41:20,$ 3442.00,132
544,09:41:20,$ 3442.335,100
545,09:41:15,$ 3443.82,100
547,09:41:14,$ 3444.4464,100
548,09:41:14,$ 3444.185,100
549,09:41:12,$ 3444.685,100
550,09:41:11,$ 3445.06,100
551,09:41:07,$ 3445.06,100
552,09:41:07,$ 3446.82,250
553,09:41:07,$ 3446.40,100
554,09:41:03,$ 3447.00,299
555,09:41:03,$ 3445.40,100
556,09:41:01,$ 3444.85,100
557,09:40:56,$ 3442.5275,150
558,09:40:54,$ 3442.45,100
559,09:40:52,$ 3443.26,100
560,09:40:50,$ 3441.39,100
561,09:40:49,$ 3443.00,100
562,09:40:49,$ 3444.705,100
563,09:40:48,$ 3444.88,268
564,09:40:46,$ 3444.00,100
565,09:40:45,$ 3444.18,100
566,09:40:44,$ 3443.645,100
568,09:40:41,$ 3444.8375,100
569,09:40:30,$ 3443.02,100
570,09:40:30,$ 3443.545,120
571,09:40:29,$ 3445.055,119
572,09:40:29,$ 3445.00,100
573,09:40:29,$ 3445.00,251
574,09:40:29,$ 3445.77,100
575,09:40:15,$ 3447.49,100
576,09:40:10,$ 3443.47,100
577,09:40:10,$ 3443.47,100
578,09:40:10,$ 3443.47,100
579,09:40:09,$ 3445.8566,292
580,09:40:08,$ 3445.12,300
581,09:40:07,$ 3445.61,100
582,09:40:07,$ 3445.61,100
583,09:40:06,$ 3445.8804,100
584,09:40:06,$ 3446.51,250
585,09:40:06,$ 3446.00,100
586,09:40:06,$ 3446.00,100
587,09:40:05,$ 3445.9652,120
589,09:40:05,$ 3445.95,200
590,09:40:05,$ 3445.9324,100
591,09:40:03,$ 3445.8836,100
592,09:40:03,$ 3445.61,100
593,09:40:03,$ 3445.61,100
594,09:40:03,$ 3445.63,100
595,09:40:03,$ 3445.75,100
596,09:40:03,$ 3446.34,100
597,09:40:02,$ 3446.495,160
598,09:40:01,$ 3446.421,100
599,09:39:57,$ 3446.18,115
600,09:39:57,$ 3446.18,745
601,09:39:57,$ 3445.2018,200
602,09:39:56,$ 3445.8528,100
603,09:39:56,$ 3445.80,100
604,09:39:51,$ 3445.49,100
605,09:39:51,$ 3445.435,100
606,09:39:51,$ 3444.79,100
607,09:39:51,$ 3444.50,100
608,09:39:51,$ 3445.04,100
610,09:39:51,$ 3444.98,100
611,09:39:51,$ 3445.24,100
612,09:39:51,$ 3445.02,100
613,09:39:51,$ 3445.00,100
614,09:39:49,$ 3446.00,100
615,09:39:45,$ 3445.98,100
616,09:39:39,$ 3444.23,100
617,09:39:38,$ 3444.42,100
618,09:39:31,$ 3443.48,100
619,09:39:31,$ 3443.46,100
620,09:39:31,$ 3443.49,103
621,09:39:30,$ 3444.025,100
622,09:39:30,$ 3443.47,124
623,09:39:25,$ 3444.5899,200
624,09:39:20,$ 3441.88,500
625,09:39:20,$ 3441.30,100
626,09:39:17,$ 3442.08,100
627,09:39:15,$ 3442.00,100
628,09:39:15,$ 3442.12,100
629,09:39:14,$ 3440.99,100
631,09:39:14,$ 3441.40,100
632,09:39:14,$ 3441.215,100
633,09:39:14,$ 3441.74,100
634,09:39:11,$ 3441.40,100
635,09:39:10,$ 3442.155,100
636,09:39:08,$ 3441.99,100
637,09:39:08,$ 3441.60,100
638,09:39:08,$ 3440.62,100
639,09:39:06,$ 3440.57,100
640,09:39:05,$ 3440.2086,300
641,09:38:57,$ 3440.03,100
642,09:38:56,$ 3439.97,500
643,09:38:50,$ 3438.0814,"1,400"
644,09:38:49,$ 3438.46,100
645,09:38:49,$ 3438.46,100
646,09:38:44,$ 3438.56,100
647,09:38:38,$ 3437.69,194
648,09:38:38,$ 3436.692,500
649,09:38:32,$ 3437.435,500
650,09:38:30,$ 3436.20,"1,100"
652,09:38:29,$ 3436.245,200
653,09:38:29,$ 3436.355,100
654,09:38:29,$ 3436.50,100
655,09:38:28,$ 3437.99,250
656,09:38:27,$ 3437.60,108
657,09:38:27,$ 3437.58,100
658,09:38:27,$ 3437.58,100
659,09:38:27,$ 3437.13,100
660,09:38:27,$ 3437.14,100
661,09:38:26,$ 3436.49,100
662,09:38:26,$ 3436.4887,750
663,09:38:24,$ 3436.5791,100
664,09:38:23,$ 3436.18,100
665,09:38:23,$ 3436.10,100
666,09:38:23,$ 3436.00,100
667,09:38:21,$ 3435.61,100
668,09:38:21,$ 3435.46,100
669,09:38:21,$ 3434.735,100
670,09:38:21,$ 3434.115,100
671,09:38:18,$ 3435.2711,250
673,09:38:17,$ 3435.2917,100
674,09:38:16,$ 3435.165,250
675,09:38:15,$ 3436.025,100
676,09:38:15,$ 3435.61,100
677,09:38:15,$ 3435.04,450
678,09:38:15,$ 3434.105,100
679,09:38:15,$ 3435.04,100
680,09:38:15,$ 3435.00,900
681,09:38:13,$ 3434.04,100
682,09:38:13,$ 3434.42,100
683,09:38:12,$ 3437.6005,500
684,09:38:11,$ 3438.15,100
685,09:38:10,$ 3435.51,100
686,09:38:08,$ 3434.7008,100
687,09:38:08,$ 3436.1599,"1,000"
688,09:38:08,$ 3436.11,100
689,09:38:06,$ 3435.58,273
690,09:38:06,$ 3436.16,100
691,09:38:06,$ 3436.19,100
692,09:38:06,$ 3435.99,100
694,09:38:06,$ 3435.99,100
695,09:38:06,$ 3435.00,100
696,09:38:06,$ 3435.23,100
697,09:38:05,$ 3437.08,177
698,09:38:04,$ 3437.7743,100
699,09:38:04,$ 3437.66,100
700,09:38:03,$ 3436.97,100
701,09:38:03,$ 3436.97,100
702,09:38:03,$ 3436.97,100
703,09:38:03,$ 3436.97,100
704,09:38:03,$ 3436.54,115
705,09:38:03,$ 3435.66,100
706,09:38:03,$ 3436.00,100
707,09:38:03,$ 3436.94,100
708,09:38:02,$ 3437.2001,100
709,09:38:02,$ 3437.20,100
710,09:38:01,$ 3437.9666,450
711,09:38:00,$ 3437.2001,250
712,09:37:59,$ 3438.1761,250
713,09:37:59,$ 3439.16,100
715,09:37:58,$ 3438.3401,300
716,09:37:58,$ 3440.00,100
717,09:37:57,$ 3440.10,100
718,09:37:57,$ 3440.10,100
719,09:37:57,$ 3441.47,250
720,09:37:57,$ 3441.215,100
721,09:37:57,$ 3442.02,200
722,09:37:57,$ 3441.47,100
723,09:37:57,$ 3441.20,100
724,09:37:57,$ 3441.77,200
725,09:37:55,$ 3441.3389,200
726,09:37:53,$ 3442.03,100
727,09:37:53,$ 3441.39,104
728,09:37:53,$ 3441.39,296
729,09:37:53,$ 3440.755,100
730,09:37:53,$ 3440.73,100
731,09:37:53,$ 3440.73,100
732,09:37:51,$ 3442.155,100
733,09:37:48,$ 3442.335,100
734,09:37:44,$ 3442.1114,115
736,09:37:42,$ 3442.39,100
737,09:37:42,$ 3442.39,100
738,09:37:42,$ 3442.34,100
739,09:37:40,$ 3441.92,"1,000"
740,09:37:40,$ 3441.38,100
741,09:37:40,$ 3441.69,100
742,09:37:38,$ 3442.99,100
743,09:37:38,$ 3442.9922,250
744,09:37:37,$ 3442.49,100
745,09:37:37,$ 3443.00,100
746,09:37:37,$ 3442.95,100
747,09:37:35,$ 3442.965,250
748,09:37:32,$ 3441.7412,800
749,09:37:31,$ 3442.03,200
750,09:37:30,$ 3443.04,100
751,09:37:30,$ 3441.05,300
752,09:37:30,$ 3443.1203,"1,200"
753,09:37:29,$ 3443.6886,290
754,09:37:29,$ 3443.555,210
755,09:37:28,$ 3443.217,100
757,09:37:28,$ 3443.09,100
758,09:37:28,$ 3443.09,800
759,09:37:28,$ 3443.09,"1,230"
760,09:37:26,$ 3443.11,100
761,09:37:26,$ 3443.11,145
762,09:37:26,$ 3443.11,104
763,09:37:24,$ 3440.20,100
764,09:37:22,$ 3443.19,100
765,09:37:22,$ 3444.18,100
766,09:37:20,$ 3442.66,100
767,09:37:20,$ 3445.00,117
768,09:37:20,$ 3443.84,100
769,09:37:20,$ 3445.00,100
770,09:37:20,$ 3443.835,100
771,09:37:19,$ 3446.17,100
772,09:37:18,$ 3446.51,100
773,09:37:17,$ 3447.0691,145
774,09:37:16,$ 3446.94,100
775,09:37:15,$ 3448.455,100
776,09:37:15,$ 3450.00,100
778,09:37:14,$ 3450.00,100
779,09:37:14,$ 3450.00,100
780,09:37:13,$ 3451.00,100
781,09:37:13,$ 3452.735,100
782,09:37:12,$ 3452.64,100
783,09:37:11,$ 3453.245,283
784,09:37:10,$ 3452.53,100
785,09:37:09,$ 3453.59,100
786,09:37:07,$ 3455.29,500
787,09:37:07,$ 3455.85,100
788,09:37:06,$ 3456.3675,100
789,09:37:06,$ 3456.01,100
790,09:37:06,$ 3455.88,100
791,09:37:06,$ 3455.88,100
792,09:37:06,$ 3455.88,100
793,09:37:06,$ 3456.01,100
794,09:37:05,$ 3456.27,100
795,09:37:05,$ 3456.88,100
796,09:37:04,$ 3457.66,300
797,09:37:04,$ 3457.0775,100
799,09:37:02,$ 3457.675,100
800,09:37:02,$ 3457.675,100
801,09:37:02,$ 3457.675,200
802,09:37:02,$ 3457.675,200
803,09:37:02,$ 3457.675,200
804,09:37:01,$ 3457.49,100
805,09:37:01,$ 3457.30,100
806,09:37:01,$ 3456.32,100
807,09:37:00,$ 3456.97,100
808,09:37:00,$ 3457.2574,204
809,09:36:57,$ 3456.85,150
810,09:36:57,$ 3457.56,200
811,09:36:56,$ 3457.77,100
812,09:36:56,$ 3458.51,100
813,09:36:56,$ 3458.53,100
814,09:36:52,$ 3459.21,250
815,09:36:51,$ 3458.295,100
816,09:36:48,$ 3458.89,200
817,09:36:47,$ 3459.10,100
818,09:36:47,$ 3459.09,100
820,09:36:47,$ 3459.19,100
821,09:36:46,$ 3459.99,100
822,09:36:45,$ 3462.1389,"1,000"
823,09:36:45,$ 3461.7922,100
824,09:36:43,$ 3459.546,132
825,09:36:42,$ 3459.93,200
826,09:36:40,$ 3461.79,100
827,09:36:39,$ 3461.9793,500
828,09:36:38,$ 3460.505,100
829,09:36:38,$ 3459.97,100
830,09:36:36,$ 3460.93,100
831,09:36:36,$ 3459.28,200
832,09:36:35,$ 3458.17,100
833,09:36:32,$ 3459.775,100
834,09:36:32,$ 3458.05,250
835,09:36:26,$ 3458.215,100
836,09:36:21,$ 3458.56,147
837,09:36:21,$ 3457.53,146
838,09:36:20,$ 3456.97,100
839,09:36:18,$ 3459.255,500
841,09:36:17,$ 3459.26,100
842,09:36:17,$ 3458.51,100
843,09:36:17,$ 3458.50,100
844,09:36:16,$ 3459.355,100
845,09:36:15,$ 3458.84,100
846,09:36:15,$ 3459.64,100
847,09:36:14,$ 3459.06,100
848,09:36:10,$ 3459.87,100
849,09:36:10,$ 3459.81,100
850,09:36:10,$ 3459.86,100
851,09:36:09,$ 3460.5735,100
852,09:36:09,$ 3459.81,100
853,09:36:05,$ 3459.44,100
854,09:36:05,$ 3459.44,100
855,09:36:05,$ 3459.44,100
856,09:36:04,$ 3459.49,100
857,09:36:03,$ 3460.00,100
858,09:36:02,$ 3459.60,100
859,09:36:01,$ 3460.00,100
860,09:36:01,$ 3458.21,121
862,09:36:01,$ 3460.00,100
863,09:35:53,$ 3461.74,100
864,09:35:52,$ 3462.52,100
865,09:35:52,$ 3463.17,100
866,09:35:52,$ 3463.00,100
867,09:35:52,$ 3461.0056,"1,225"
868,09:35:52,$ 3462.00,200
869,09:35:52,$ 3462.00,200
870,09:35:52,$ 3462.05,100
871,09:35:52,$ 3462.315,100
872,09:35:52,$ 3462.315,200
873,09:35:52,$ 3462.315,200
874,09:35:50,$ 3463.61,100
875,09:35:48,$ 3461.98,100
876,09:35:48,$ 3461.30,100
877,09:35:48,$ 3461.27,100
878,09:35:48,$ 3461.35,100
879,09:35:48,$ 3461.50,100
880,09:35:48,$ 3461.99,100
881,09:35:48,$ 3462.63,100
883,09:35:46,$ 3463.315,100
884,09:35:45,$ 3463.315,100
885,09:35:43,$ 3462.67,100
886,09:35:43,$ 3463.9063,100
887,09:35:41,$ 3464.39,100
888,09:35:38,$ 3463.145,100
889,09:35:37,$ 3464.5505,150
890,09:35:37,$ 3463.935,100
891,09:35:37,$ 3464.32,100
892,09:35:37,$ 3464.37,100
893,09:35:29,$ 3464.6122,278
894,09:35:28,$ 3462.40,100
895,09:35:28,$ 3462.40,100
896,09:35:28,$ 3462.40,100
897,09:35:28,$ 3463.46,100
898,09:35:28,$ 3462.40,100
899,09:35:28,$ 3462.61,200
900,09:35:28,$ 3462.96,100
901,09:35:28,$ 3464.71,100
902,09:35:27,$ 3464.79,100
904,09:35:27,$ 3462.78,100
905,09:35:26,$ 3464.20,100
906,09:35:26,$ 3464.52,100
907,09:35:26,$ 3464.43,100
908,09:35:26,$ 3464.52,100
909,09:35:26,$ 3464.52,100
910,09:35:26,$ 3464.145,100
911,09:35:26,$ 3464.175,100
912,09:35:26,$ 3463.8301,100
913,09:35:20,$ 3462.81,100
914,09:35:20,$ 3462.82,122
915,09:35:20,$ 3462.82,248
916,09:35:19,$ 3461.48,100
917,09:35:17,$ 3462.715,100
918,09:35:17,$ 3461.80,100
919,09:35:17,$ 3461.845,100
920,09:35:13,$ 3461.4158,150
921,09:35:13,$ 3460.88,200
922,09:35:13,$ 3461.78,100
923,09:35:13,$ 3461.105,100
925,09:35:11,$ 3462.0699,100
926,09:35:11,$ 3460.16,100
927,09:35:11,$ 3461.01,100
928,09:35:11,$ 3461.29,100
929,09:35:08,$ 3461.29,100
930,09:35:08,$ 3461.965,500
931,09:35:06,$ 3463.3631,100
932,09:35:02,$ 3465.25,100
933,09:35:02,$ 3464.57,100
934,09:35:02,$ 3464.44,100
935,09:35:01,$ 3465.00,100
936,09:35:01,$ 3464.44,100
937,09:35:01,$ 3465.00,100
938,09:35:01,$ 3465.00,100
939,09:35:01,$ 3465.8618,100
940,09:35:00,$ 3465.8937,115
941,09:34:58,$ 3466.1169,100
942,09:34:56,$ 3466.1245,100
943,09:34:52,$ 3466.20,100
944,09:34:52,$ 3466.00,100
946,09:34:45,$ 3467.035,200
947,09:34:45,$ 3466.71,100
948,09:34:45,$ 3466.76,200
949,09:34:45,$ 3466.10,100
950,09:34:42,$ 3467.99,500
951,09:34:42,$ 3466.10,250
952,09:34:40,$ 3466.775,100
953,09:34:32,$ 3466.8135,100
954,09:34:31,$ 3467.3999,100
955,09:34:28,$ 3466.50,145
956,09:34:28,$ 3466.97,100
957,09:34:28,$ 3466.62,100
958,09:34:23,$ 3467.865,100
959,09:34:22,$ 3467.968,100
960,09:34:16,$ 3467.1001,140
961,09:34:16,$ 3470.00,100
962,09:34:15,$ 3469.48,250
963,09:34:15,$ 3469.49,100
964,09:34:15,$ 3469.53,100
965,09:34:13,$ 3470.00,100
967,09:34:10,$ 3469.48,100
968,09:34:05,$ 3466.51,100
969,09:34:01,$ 3470.00,300
970,09:34:01,$ 3470.30,100
971,09:33:51,$ 3469.93,100
972,09:33:51,$ 3469.93,100
973,09:33:37,$ 3468.535,100
974,09:33:37,$ 3468.20,100
975,09:33:34,$ 3471.08,100
976,09:33:34,$ 3471.03,100
977,09:33:34,$ 3471.03,100
978,09:33:34,$ 3471.24,100
979,09:33:34,$ 3472.10,100
980,09:33:34,$ 3472.10,100
981,09:33:33,$ 3471.75,100
982,09:33:33,$ 3471.44,100
983,09:33:33,$ 3471.49,200
984,09:33:32,$ 3469.615,"1,000"
985,09:33:30,$ 3469.3223,110
986,09:33:26,$ 3467.11,100
988,09:33:26,$ 3466.7735,100
989,09:33:23,$ 3466.55,300
990,09:33:22,$ 3467.48,100
991,09:33:21,$ 3467.11,100
992,09:33:20,$ 3468.79,100
993,09:33:16,$ 3469.35,100
994,09:33:15,$ 3469.40,100
995,09:33:15,$ 3469.8678,200
996,09:33:14,$ 3468.48,100
997,09:33:14,$ 3468.57,100
998,09:33:13,$ 3466.18,100
999,09:33:13,$ 3467.06,100
1000,09:33:07,$ 3466.98,100
1001,09:33:07,$ 3466.97,100
1002,09:33:06,$ 3467.635,"1,000"
1003,09:33:06,$ 3468.00,100
1004,09:33:06,$ 3467.27,100
1005,09:33:06,$ 3466.82,100
1006,09:33:06,$ 3466.61,100
1007,09:33:02,$ 3467.00,100
1009,09:33:02,$ 3467.00,100
1010,09:33:02,$ 3468.465,100
1011,09:33:00,$ 3468.24,100
1012,09:33:00,$ 3468.35,100
1013,09:33:00,$ 3467.74,100
1014,09:32:57,$ 3468.01,232
1015,09:32:53,$ 3469.0578,100
1016,09:32:52,$ 3468.77,100
1017,09:32:50,$ 3470.57,549
1018,09:32:46,$ 3468.78,100
1019,09:32:38,$ 3469.89,100
1020,09:32:32,$ 3471.61,100
1021,09:32:32,$ 3471.08,200
1022,09:32:32,$ 3471.08,100
1023,09:32:32,$ 3471.08,100
1024,09:32:32,$ 3471.08,100
1025,09:32:32,$ 3471.08,100
1026,09:32:32,$ 3472.6095,100
1027,09:32:31,$ 3472.825,199
1028,09:32:31,$ 3471.91,200
1030,09:32:31,$ 3472.27,100
1031,09:32:31,$ 3471.91,100
1032,09:32:31,$ 3471.92,220
1033,09:32:31,$ 3471.915,100
1034,09:32:30,$ 3473.00,100
1035,09:32:27,$ 3472.23,100
1036,09:32:27,$ 3472.00,100
1037,09:32:27,$ 3472.00,100
1038,09:32:27,$ 3472.00,100
1039,09:32:24,$ 3471.024,200
1040,09:32:21,$ 3468.82,200
1041,09:32:20,$ 3468.72,100
1042,09:32:18,$ 3468.72,100
1043,09:32:18,$ 3467.86,100
1044,09:32:18,$ 3468.715,100
1045,09:32:18,$ 3468.38,100
1046,09:32:17,$ 3467.05,135
1047,09:32:11,$ 3467.85,250
1048,09:32:11,$ 3467.00,100
1049,09:32:09,$ 3467.38,144
1051,09:32:03,$ 3467.01,100
1052,09:32:03,$ 3467.01,100
1053,09:32:02,$ 3467.00,100
1054,09:32:02,$ 3467.00,100
1055,09:32:02,$ 3468.00,100
1056,09:32:02,$ 3468.3305,150
1057,09:32:02,$ 3467.00,177
1058,09:32:02,$ 3467.24,100
1059,09:32:02,$ 3468.00,100
1060,09:32:02,$ 3469.01,100
1061,09:32:02,$ 3469.00,107
1062,09:32:02,$ 3470.00,100
1063,09:32:01,$ 3472.00,200
1064,09:32:01,$ 3472.00,100
1065,09:32:01,$ 3472.00,100
1066,09:32:01,$ 3471.84,107
1067,09:31:59,$ 3472.03,200
1068,09:31:57,$ 3473.46,100
1069,09:31:57,$ 3473.46,100
1070,09:31:57,$ 3473.46,100
1072,09:31:57,$ 3473.46,123
1073,09:31:57,$ 3473.48,400
1074,09:31:57,$ 3473.94,100
1075,09:31:57,$ 3474.08,200
1076,09:31:57,$ 3474.43,100
1077,09:31:53,$ 3474.36,100
1078,09:31:53,$ 3473.41,100
1079,09:31:52,$ 3473.40,169
1080,09:31:51,$ 3472.89,131
1081,09:31:49,$ 3472.2547,100
1082,09:31:46,$ 3472.50,177
1083,09:31:46,$ 3472.51,200
1084,09:31:46,$ 3472.51,200
1085,09:31:46,$ 3473.69,100
1086,09:31:46,$ 3473.10,207
1087,09:31:45,$ 3474.00,100
1088,09:31:43,$ 3474.89,100
1089,09:31:40,$ 3475.29,394
1090,09:31:40,$ 3476.59,100
1091,09:31:38,$ 3475.30,100
1093,09:31:37,$ 3474.0001,"1,739"
1094,09:31:37,$ 3474.80,100
1095,09:31:37,$ 3474.80,100
1096,09:31:37,$ 3474.82,100
1097,09:31:37,$ 3474.80,100
1098,09:31:34,$ 3476.415,100
1099,09:31:31,$ 3475.2895,250
1100,09:31:30,$ 3475.33,100
1101,09:31:27,$ 3475.6065,100
1102,09:31:27,$ 3474.98,100
1103,09:31:27,$ 3475.00,100
1104,09:31:27,$ 3475.64,400
1105,09:31:27,$ 3475.00,100
1106,09:31:27,$ 3475.00,100
1107,09:31:27,$ 3476.11,100
1108,09:31:26,$ 3476.00,200
1109,09:31:25,$ 3476.0001,144
1110,09:31:25,$ 3477.15,100
1111,09:31:24,$ 3476.9803,115
1112,09:31:23,$ 3476.575,100
1114,09:31:21,$ 3477.0299,200
1115,09:31:21,$ 3477.00,165
1116,09:31:21,$ 3476.75,100
1117,09:31:18,$ 3478.22,100
1118,09:31:18,$ 3477.94,100
1119,09:31:18,$ 3477.94,100
1120,09:31:18,$ 3477.95,320
1121,09:31:18,$ 3481.48,100
1122,09:31:18,$ 3479.7066,300
1123,09:31:18,$ 3479.15,100
1124,09:31:18,$ 3478.72,100
1125,09:31:17,$ 3477.85,100
1126,09:31:17,$ 3478.53,100
1127,09:31:17,$ 3478.53,200
1128,09:31:17,$ 3478.52,100
1129,09:31:17,$ 3478.49,100
1130,09:31:17,$ 3479.45,100
1131,09:31:17,$ 3479.45,100
1132,09:31:17,$ 3479.44,100
1133,09:31:15,$ 3480.38,100
1135,09:31:13,$ 3480.3733,150
1136,09:31:11,$ 3480.74,100
1137,09:31:08,$ 3482.00,100
1138,09:31:08,$ 3482.00,100
1139,09:31:08,$ 3482.00,125
1140,09:31:04,$ 3480.21,100
1141,09:31:04,$ 3479.65,100
1142,09:31:04,$ 3479.59,100
1143,09:31:04,$ 3478.69,100
1144,09:31:04,$ 3478.69,100
1145,09:31:04,$ 3478.69,100
1146,09:31:04,$ 3478.50,100
1147,09:31:04,$ 3478.50,100
1148,09:31:04,$ 3478.50,100
1149,09:31:02,$ 3477.01,100
1150,09:31:02,$ 3478.24,100
1151,09:30:59,$ 3477.505,100
1152,09:30:54,$ 3476.19,182
1153,09:30:53,$ 3477.80,100
1154,09:30:52,$ 3478.65,100
1156,09:30:52,$ 3478.80,100
1157,09:30:52,$ 3478.66,100
1158,09:30:52,$ 3478.93,100
1159,09:30:52,$ 3479.00,100
1160,09:30:52,$ 3479.00,279
1161,09:30:50,$ 3478.01,100
1162,09:30:49,$ 3478.891,100
1163,09:30:44,$ 3477.965,100
1164,09:30:42,$ 3478.585,100
1165,09:30:39,$ 3477.81,100
1166,09:30:34,$ 3478.64,100
1167,09:30:30,$ 3477.345,100
1168,09:30:30,$ 3475.81,100
1169,09:30:30,$ 3479.00,100
1170,09:30:30,$ 3479.43,100
1171,09:30:28,$ 3480.255,100
1172,09:30:28,$ 3480.24,100
1173,09:30:27,$ 3480.32,100
1174,09:30:27,$ 3480.42,100
1175,09:30:27,$ 3480.26,100
1177,09:30:27,$ 3480.19,100
1178,09:30:27,$ 3480.18,100
1179,09:30:27,$ 3480.18,100
1180,09:30:27,$ 3480.18,100
1181,09:30:26,$ 3481.00,100
1182,09:30:26,$ 3480.00,100
1183,09:30:26,$ 3479.95,100
1184,09:30:26,$ 3480.00,173
1185,09:30:26,$ 3480.00,100
1186,09:30:26,$ 3480.00,299
1187,09:30:26,$ 3480.00,121
1188,09:30:26,$ 3480.00,109
1189,09:30:26,$ 3479.95,100
1190,09:30:26,$ 3478.56,100
1191,09:30:26,$ 3478.56,100
1192,09:30:26,$ 3478.52,100
1193,09:30:26,$ 3478.55,200
1194,09:30:26,$ 3478.55,100
1195,09:30:26,$ 3478.55,190
1196,09:30:26,$ 3478.00,100
1198,09:30:26,$ 3477.48,100
1199,09:30:25,$ 3477.30,100
1200,09:30:19,$ 3475.63,100
1201,09:30:19,$ 3478.55,200
1202,09:30:17,$ 3475.17,100
1203,09:30:16,$ 3475.822,100
1204,09:30:16,$ 3475.839,100
1205,09:30:16,$ 3475.82,100
1206,09:30:16,$ 3475.60,100
1207,09:30:16,$ 3475.69,100
1208,09:30:16,$ 3475.60,100
1209,09:30:14,$ 3475.01,100
1210,09:30:14,$ 3475.01,100
1211,09:30:14,$ 3475.01,100
1212,09:30:14,$ 3475.10,100
1213,09:30:14,$ 3475.84,100
1214,09:30:14,$ 3475.84,100
1215,09:30:13,$ 3475.80,100
1216,09:30:13,$ 3475.07,100
1217,09:30:12,$ 3473.78,100
1219,09:30:12,$ 3473.10,108
1220,09:30:11,$ 3473.78,100
1221,09:30:11,$ 3473.77,100
1222,09:30:11,$ 3473.78,100
1223,09:30:11,$ 3473.9856,135
1224,09:30:10,$ 3476.77,122
1225,09:30:10,$ 3474.94,100
1226,09:30:10,$ 3475.00,100
1227,09:30:10,$ 3475.00,140
1228,09:30:10,$ 3475.00,100
1229,09:30:10,$ 3475.00,100
1230,09:30:10,$ 3476.19,100
1231,09:30:10,$ 3476.00,200
1232,09:30:09,$ 3476.22,100
1233,09:30:09,$ 3476.13,100
1234,09:30:09,$ 3476.30,181
1235,09:30:09,$ 3476.29,100
1236,09:30:08,$ 3478.5399,100
1237,09:30:08,$ 3477.36,110
1238,09:30:05,$ 3476.18,111
1240,09:30:04,$ 3476.29,100
1241,09:30:03,$ 3476.44,100
1242,09:30:02,$ 3476.42,2
1243,09:30:02,$ 3476.42,1
1244,09:30:02,$ 3476.42,3
1245,09:30:02,$ 3476.42,3
1246,09:30:02,$ 3476.42,1
1247,09:30:02,$ 3476.42,2
1248,09:30:02,$ 3476.42,1
1249,09:30:02,$ 3476.42,1
1250,09:30:02,$ 3476.42,50
1251,09:30:02,$ 3476.42,1
1252,09:30:02,$ 3476.42,4
1253,09:30:02,$ 3476.42,1
1254,09:30:02,$ 3476.42,9
1255,09:30:02,$ 3476.42,6
1256,09:30:02,$ 3476.42,34
1257,09:30:02,$ 3476.42,10
1258,09:30:02,$ 3476.42,1
1259,09:30:02,$ 3476.42,1
1261,09:30:02,$ 3476.42,1
1262,09:30:02,$ 3476.42,1
1263,09:30:02,$ 3476.42,30
1264,09:30:02,$ 3476.42,13
1265,09:30:02,$ 3476.42,1
1266,09:30:02,$ 3476.42,1
1267,09:30:02,$ 3476.42,1
1268,09:30:02,$ 3476.42,1
1269,09:30:02,$ 3476.42,1
1270,09:30:02,$ 3476.42,33
1271,09:30:02,$ 3476.42,1
1272,09:30:02,$ 3476.42,2
1273,09:30:02,$ 3476.42,1
1274,09:30:02,$ 3476.42,4
1275,09:30:02,$ 3476.42,7
1276,09:30:02,$ 3476.42,9
1277,09:30:02,$ 3476.42,2
1278,09:30:02,$ 3476.42,30
1279,09:30:02,$ 3476.42,2
1280,09:30:02,$ 3476.42,10
1282,09:30:02,$ 3476.42,3
1283,09:30:02,$ 3476.42,1
1284,09:30:02,$ 3476.42,10
1285,09:30:02,$ 3476.42,1
1286,09:30:02,$ 3476.42,1
1287,09:30:02,$ 3476.42,3
1288,09:30:02,$ 3476.42,1
1289,09:30:02,$ 3476.42,3
1290,09:30:02,$ 3476.42,1
1291,09:30:02,$ 3476.42,1
1292,09:30:02,$ 3476.42,3
1293,09:30:02,$ 3476.42,1
1294,09:30:02,$ 3476.42,2
1295,09:30:02,$ 3476.42,3
1296,09:30:02,$ 3476.42,1
1297,09:30:02,$ 3476.42,1
1298,09:30:02,$ 3476.42,1
1299,09:30:02,$ 3476.42,5
1300,09:30:02,$ 3476.42,2
1301,09:30:02,$ 3476.42,3
1303,09:30:02,$ 3476.42,33
1304,09:30:02,$ 3476.42,1
1305,09:30:02,$ 3476.42,2
1306,09:30:02,$ 3476.42,2
1307,09:30:02,$ 3476.42,10
1308,09:30:02,$ 3476.42,5
1309,09:30:02,$ 3476.42,4
1310,09:30:02,$ 3476.42,1
1311,09:30:02,$ 3476.42,5
1312,09:30:02,$ 3476.42,7
1313,09:30:02,$ 3476.42,2
1314,09:30:02,$ 3476.42,3
1315,09:30:02,$ 3476.42,3
1316,09:30:02,$ 3476.42,3
1317,09:30:02,$ 3476.42,2
1318,09:30:02,$ 3476.42,3
1319,09:30:02,$ 3476.42,10
1320,09:30:02,$ 3476.42,18
1321,09:30:02,$ 3476.42,4
1322,09:30:02,$ 3476.42,5
1324,09:30:02,$ 3476.42,1
1325,09:30:02,$ 3476.42,1
1326,09:30:02,$ 3476.42,9
1327,09:30:02,$ 3476.42,11
1328,09:30:02,$ 3476.42,1
1329,09:30:02,$ 3476.42,6
1330,09:30:02,$ 3476.42,7
1331,09:30:02,$ 3476.42,2
1332,09:30:02,$ 3476.42,2
1333,09:30:02,$ 3476.42,5
1334,09:30:02,$ 3476.42,50
1335,09:30:02,$ 3476.42,23
1336,09:30:02,$ 3476.42,10
1337,09:30:02,$ 3476.42,50
1338,09:30:02,$ 3476.42,1
1339,09:30:02,$ 3476.42,1
1340,09:30:02,$ 3476.42,1
1341,09:30:02,$ 3476.42,3
1342,09:30:02,$ 3476.42,1
1343,09:30:02,$ 3476.42,4
1345,09:30:02,$ 3476.42,8
1346,09:30:02,$ 3476.42,1
1347,09:30:02,$ 3476.42,1
1348,09:30:02,$ 3476.42,1
1349,09:30:02,$ 3476.42,1
1350,09:30:02,$ 3476.42,3
1351,09:30:02,$ 3476.42,2
1352,09:30:02,$ 3476.42,2
1353,09:30:02,$ 3476.42,25
1354,09:30:02,$ 3476.42,58
1355,09:30:02,$ 3476.42,2
1356,09:30:02,$ 3476.42,2
1357,09:30:02,$ 3476.42,1
1358,09:30:02,$ 3476.42,10
1359,09:30:02,$ 3476.42,2
1360,09:30:02,$ 3476.42,"1,142"
1361,09:30:02,$ 3476.42,3
1362,09:30:02,$ 3476.42,40
1363,09:30:02,$ 3476.42,35
1364,09:30:02,$ 3476.42,3
1366,09:30:02,$ 3476.42,4
1367,09:30:02,$ 3476.42,1
1368,09:30:02,$ 3476.42,1
1369,09:30:02,$ 3476.42,100
1370,09:30:02,$ 3476.42,2
1371,09:30:02,$ 3476.42,1
1372,09:30:02,$ 3476.42,2
1373,09:30:02,$ 3476.42,1
1374,09:30:02,$ 3476.42,1
1375,09:30:02,$ 3476.42,4
1376,09:30:02,$ 3476.42,1
1377,09:30:02,$ 3476.42,2
1378,09:30:02,$ 3476.42,5
1379,09:30:02,$ 3476.42,5
1380,09:30:02,$ 3476.42,5
1381,09:30:02,$ 3476.42,1
1382,09:30:02,$ 3476.42,2
1383,09:30:02,$ 3476.42,12
1384,09:30:02,$ 3476.42,2
1385,09:30:02,$ 3476.42,1
1387,09:30:02,$ 3476.42,1
1388,09:30:02,$ 3476.42,1
1389,09:30:02,$ 3476.42,1
1390,09:30:02,$ 3476.42,2
1391,09:30:02,$ 3476.42,1
1392,09:30:02,$ 3476.42,2
1393,09:30:02,$ 3476.42,20
1394,09:30:02,$ 3476.42,6
1395,09:30:02,$ 3476.42,17
1396,09:30:02,$ 3476.42,1
1397,09:30:02,$ 3476.42,1
1398,09:30:02,$ 3476.42,2
1399,09:30:02,$ 3476.42,1
1400,09:30:02,$ 3476.42,1
1401,09:30:02,$ 3476.42,3
1402,09:30:02,$ 3476.42,2
1403,09:30:02,$ 3476.42,5
1404,09:30:02,$ 3476.42,1
1405,09:30:02,$ 3476.42,2
1406,09:30:02,$ 3476.42,1
1408,09:30:02,$ 3476.42,1
1409,09:30:02,$ 3476.42,1
1410,09:30:02,$ 3476.42,3
1411,09:30:02,$ 3476.42,1
1412,09:30:02,$ 3476.42,1
1413,09:30:02,$ 3476.42,3
1414,09:30:02,$ 3476.42,2
1415,09:30:02,$ 3476.42,2
1416,09:30:02,$ 3476.42,30
1417,09:30:02,$ 3476.42,2
1418,09:30:02,$ 3476.42,3
1419,09:30:02,$ 3476.42,3
1420,09:30:02,$ 3476.42,2
1421,09:30:02,$ 3476.42,1
1422,09:30:02,$ 3476.42,1
1423,09:30:02,$ 3476.42,1
1424,09:30:02,$ 3476.42,1
1425,09:30:02,$ 3476.42,2
1426,09:30:02,$ 3476.42,1
1427,09:30:02,$ 3476.42,1
1429,09:30:02,$ 3476.42,1
1430,09:30:02,$ 3476.42,4
1431,09:30:02,$ 3476.42,45
1432,09:30:02,$ 3476.42,14
1433,09:30:02,$ 3476.42,3
1434,09:30:02,$ 3476.42,3
1435,09:30:02,$ 3476.42,1
1436,09:30:02,$ 3476.42,11
1437,09:30:02,$ 3476.42,1
1438,09:30:02,$ 3476.42,1
1439,09:30:02,$ 3476.42,60
1440,09:30:02,$ 3476.42,2
1441,09:30:02,$ 3476.42,1
1442,09:30:02,$ 3476.42,5
1443,09:30:02,$ 3476.42,106
1444,09:30:02,$ 3476.42,9
1445,09:30:02,$ 3476.42,7
1446,09:30:02,$ 3476.42,1
1447,09:30:02,$ 3476.42,4
1448,09:30:02,$ 3476.42,2
1450,09:30:02,$ 3476.42,10
1451,09:30:02,$ 3476.42,2
1452,09:30:02,$ 3476.42,1
1453,09:30:02,$ 3476.42,11
1454,09:30:02,$ 3476.42,161
1455,09:30:02,$ 3476.42,1
1456,09:30:02,$ 3476.42,3
1457,09:30:02,$ 3476.42,3
1458,09:30:02,$ 3476.42,2
1459,09:30:02,$ 3476.42,1
1460,09:30:02,$ 3476.42,4
1461,09:30:02,$ 3476.42,8
1462,09:30:02,$ 3476.42,1
1463,09:30:02,$ 3476.42,3
1464,09:30:02,$ 3476.42,4
1465,09:30:02,$ 3476.42,10
1466,09:30:02,$ 3476.42,30
1467,09:30:02,$ 3476.42,180
1468,09:30:02,$ 3476.42,1
1469,09:30:02,$ 3476.42,65
1471,09:30:02,$ 3476.42,40
1472,09:30:02,$ 3476.42,164
1473,09:30:02,$ 3476.42,2
1474,09:30:02,$ 3476.42,2
1475,09:30:02,$ 3476.42,9
1476,09:30:02,$ 3476.42,1
1477,09:30:02,$ 3476.42,4
1478,09:30:02,$ 3476.42,1
1479,09:30:02,$ 3476.42,2
1480,09:30:02,$ 3476.42,1
1481,09:30:02,$ 3476.42,2
1482,09:30:02,$ 3476.42,2
1483,09:30:02,$ 3476.42,1
1484,09:30:02,$ 3476.42,5
1485,09:30:02,$ 3476.42,1
1486,09:30:02,$ 3476.42,3
1487,09:30:02,$ 3476.42,3
1488,09:30:02,$ 3476.42,2
1489,09:30:02,$ 3476.42,1
1490,09:30:02,$ 3476.42,2
1492,09:30:02,$ 3476.42,2
1493,09:30:02,$ 3476.42,1
1494,09:30:02,$ 3476.42,63
1495,09:30:02,$ 3476.42,1
1496,09:30:02,$ 3476.42,3
1497,09:30:02,$ 3476.42,2
1498,09:30:02,$ 3476.42,1
1499,09:30:02,$ 3476.42,2
1500,09:30:02,$ 3476.42,1
1501,09:30:02,$ 3476.42,2
1502,09:30:02,$ 3476.42,2
1503,09:30:02,$ 3476.42,18
1504,09:30:02,$ 3476.42,1
1505,09:30:02,$ 3476.42,30
1506,09:30:02,$ 3476.42,1
1507,09:30:02,$ 3476.42,1
1508,09:30:02,$ 3476.42,3
1509,09:30:02,$ 3476.42,1
1510,09:30:02,$ 3476.42,28
1511,09:30:02,$ 3476.42,10
1513,09:30:02,$ 3476.42,1
1514,09:30:02,$ 3476.42,1
1515,09:30:02,$ 3476.42,5
1516,09:30:02,$ 3476.42,3
1517,09:30:02,$ 3476.42,10
1518,09:30:02,$ 3476.42,2
1519,09:30:02,$ 3476.42,2
1520,09:30:02,$ 3476.42,1
1521,09:30:02,$ 3476.42,1
1522,09:30:02,$ 3476.42,6
1523,09:30:02,$ 3476.42,7
1524,09:30:02,$ 3476.42,2
1525,09:30:02,$ 3476.42,1
1526,09:30:02,$ 3476.42,1
1527,09:30:02,$ 3476.42,1
1528,09:30:02,$ 3476.42,1
1529,09:30:02,$ 3476.42,1
1530,09:30:02,$ 3476.42,2
1531,09:30:02,$ 3476.42,1
1532,09:30:02,$ 3476.42,1
1534,09:30:02,$ 3476.42,1
1535,09:30:02,$ 3476.42,22
1536,09:30:02,$ 3476.42,3
1537,09:30:02,$ 3476.42,2
1538,09:30:02,$ 3476.42,200
1539,09:30:02,$ 3476.42,10
1540,09:30:02,$ 3476.42,2
1541,09:30:02,$ 3476.42,1
1542,09:30:02,$ 3476.42,5
1543,09:30:02,$ 3476.42,10
1544,09:30:02,$ 3476.42,1
1545,09:30:02,$ 3476.42,3
1546,09:30:02,$ 3476.42,2
1547,09:30:02,$ 3476.42,1
1548,09:30:02,$ 3476.42,2
1549,09:30:02,$ 3476.42,10
1550,09:30:02,$ 3476.42,1
1551,09:30:02,$ 3476.42,1
1552,09:30:02,$ 3476.42,1
1553,09:30:02,$ 3476.42,3
1555,09:30:02,$ 3476.42,10
1556,09:30:02,$ 3476.42,1
1557,09:30:02,$ 3476.42,2
1558,09:30:02,$ 3476.42,4
1559,09:30:02,$ 3476.42,100
1560,09:30:02,$ 3476.42,13
1561,09:30:02,$ 3476.42,2
1562,09:30:02,$ 3476.42,5
1563,09:30:02,$ 3476.42,3
1564,09:30:02,$ 3476.42,1
1565,09:30:02,$ 3476.42,1
1566,09:30:02,$ 3476.42,2
1567,09:30:02,$ 3476.42,125
1568,09:30:02,$ 3476.42,10
1569,09:30:02,$ 3476.42,1
1570,09:30:02,$ 3476.42,8
1571,09:30:02,$ 3476.42,200
1572,09:30:02,$ 3476.42,"2,000"
1573,09:30:02,$ 3476.42,1
1574,09:30:02,$ 3476.42,4
1576,09:30:02,$ 3476.42,1
1577,09:30:02,$ 3476.42,58
1578,09:30:02,$ 3476.42,1
1579,09:30:02,$ 3476.42,5
1580,09:30:02,$ 3476.42,5
1581,09:30:02,$ 3476.42,10
1582,09:30:02,$ 3476.42,1
1583,09:30:02,$ 3476.42,1
1584,09:30:02,$ 3476.42,1
1585,09:30:02,$ 3476.42,2
1586,09:30:02,$ 3476.42,20
1587,09:30:02,$ 3476.42,6
1588,09:30:02,$ 3476.42,23
1589,09:30:02,$ 3476.42,1
1590,09:30:02,$ 3476.42,3
1591,09:30:02,$ 3476.42,155
1592,09:30:02,$ 3476.42,5
1593,09:30:02,$ 3476.42,5
1594,09:30:02,$ 3476.42,5
1595,09:30:02,$ 3476.42,1
1597,09:30:02,$ 3476.42,11
1598,09:30:02,$ 3476.42,1
1599,09:30:02,$ 3476.42,12
1600,09:30:02,$ 3476.42,2
1601,09:30:02,$ 3476.42,3
1602,09:30:02,$ 3476.42,1
1603,09:30:02,$ 3476.42,2
1604,09:30:02,$ 3476.42,13
1605,09:30:02,$ 3476.42,15
1606,09:30:02,$ 3476.42,21
1607,09:30:02,$ 3476.42,10
1608,09:30:02,$ 3476.42,3
1609,09:30:02,$ 3476.42,2
1610,09:30:02,$ 3476.42,1
1611,09:30:02,$ 3476.42,30
1612,09:30:02,$ 3476.42,10
1613,09:30:02,$ 3476.42,1
1614,09:30:02,$ 3476.42,5
1615,09:30:02,$ 3476.42,1
1616,09:30:02,$ 3476.42,1
1618,09:30:02,$ 3476.42,5
1619,09:30:02,$ 3476.42,14
1620,09:30:02,$ 3476.42,1
1621,09:30:02,$ 3476.42,75
1622,09:30:02,$ 3476.42,5
1623,09:30:02,$ 3476.42,1
1624,09:30:02,$ 3476.42,1
1625,09:30:02,$ 3476.42,1
1626,09:30:02,$ 3476.42,10
1627,09:30:02,$ 3476.42,1
1628,09:30:02,$ 3476.42,75
1629,09:30:02,$ 3476.42,5
1630,09:30:02,$ 3476.42,1
1631,09:30:02,$ 3476.42,1
1632,09:30:02,$ 3476.42,2
1633,09:30:02,$ 3476.42,10
1634,09:30:02,$ 3476.42,5
1635,09:30:02,$ 3476.42,1
1636,09:30:02,$ 3476.42,20
1637,09:30:02,$ 3476.42,1
1639,09:30:02,$ 3476.42,5
1640,09:30:02,$ 3476.42,2
1641,09:30:02,$ 3476.42,6
1642,09:30:02,$ 3476.42,2
1643,09:30:02,$ 3476.42,2
1644,09:30:02,$ 3476.42,1
1645,09:30:02,$ 3476.42,11
1646,09:30:02,$ 3476.42,4
1647,09:30:02,$ 3476.42,2
1648,09:30:02,$ 3476.42,1
1649,09:30:02,$ 3476.42,5
1650,09:30:02,$ 3476.42,4
1651,09:30:02,$ 3476.42,6
1652,09:30:02,$ 3476.42,30
1653,09:30:02,$ 3476.42,10
1654,09:30:02,$ 3476.42,1
1655,09:30:02,$ 3476.42,4
1656,09:30:02,$ 3476.42,2
1657,09:30:02,$ 3476.42,1
1658,09:30:02,$ 3476.42,2
1660,09:30:02,$ 3476.42,2
1661,09:30:02,$ 3476.42,1
1662,09:30:02,$ 3476.42,1
1663,09:30:02,$ 3476.42,3
1664,09:30:02,$ 3476.42,2
1665,09:30:02,$ 3476.42,1
1666,09:30:02,$ 3476.42,47
1667,09:30:02,$ 3476.42,30
1668,09:30:02,$ 3476.42,1
1669,09:30:02,$ 3476.42,1
1670,09:30:02,$ 3476.42,1
1671,09:30:02,$ 3476.42,1
1672,09:30:02,$ 3476.42,2
1673,09:30:02,$ 3476.42,2
1674,09:30:02,$ 3476.42,2
1675,09:30:02,$ 3476.42,1
1676,09:30:02,$ 3476.42,2
1677,09:30:02,$ 3476.42,1
1678,09:30:02,$ 3476.42,1
1679,09:30:02,$ 3476.42,45
1681,09:30:02,$ 3476.42,22
1682,09:30:02,$ 3476.42,1
1683,09:30:02,$ 3476.42,2
1684,09:30:02,$ 3476.42,5
1685,09:30:02,$ 3476.42,1
1686,09:30:02,$ 3476.42,1
1687,09:30:02,$ 3476.42,1
1688,09:30:02,$ 3476.42,4
1689,09:30:02,$ 3476.42,4
1690,09:30:02,$ 3476.42,1
1691,09:30:02,$ 3476.42,2
1692,09:30:02,$ 3476.42,1
1693,09:30:02,$ 3476.42,1
1694,09:30:02,$ 3476.42,1
1695,09:30:02,$ 3476.42,3
1696,09:30:02,$ 3476.42,5
1697,09:30:02,$ 3476.42,1
1698,09:30:02,$ 3476.42,9
1699,09:30:02,$ 3476.42,4
1700,09:30:02,$ 3476.42,2
1702,09:30:02,$ 3476.42,1
1703,09:30:02,$ 3476.42,1
1704,09:30:02,$ 3476.42,1
1705,09:30:02,$ 3476.42,5
1706,09:30:02,$ 3476.42,1
1707,09:30:02,$ 3476.42,2
1708,09:30:02,$ 3476.42,2
1709,09:30:02,$ 3476.42,19
1710,09:30:02,$ 3476.42,1
1711,09:30:02,$ 3476.42,1
1712,09:30:02,$ 3476.42,1
1713,09:30:02,$ 3476.42,1
1714,09:30:02,$ 3476.42,2
1715,09:30:02,$ 3476.42,1
1716,09:30:02,$ 3476.42,1
1717,09:30:02,$ 3476.42,1
1718,09:30:02,$ 3476.42,30
1719,09:30:02,$ 3476.42,3
1720,09:30:02,$ 3476.42,1
1721,09:30:02,$ 3476.42,2
1723,09:30:02,$ 3476.42,1
1724,09:30:02,$ 3476.42,2
1725,09:30:02,$ 3476.42,2
1726,09:30:02,$ 3476.42,8
1727,09:30:02,$ 3476.42,2
1728,09:30:02,$ 3476.42,15
1729,09:30:02,$ 3476.42,3
1730,09:30:02,$ 3476.42,1
1731,09:30:02,$ 3476.42,2
1732,09:30:02,$ 3476.42,1
1733,09:30:02,$ 3476.42,5
1734,09:30:02,$ 3476.42,1
1735,09:30:02,$ 3476.42,1
1736,09:30:02,$ 3476.42,2
1737,09:30:02,$ 3476.42,6
1738,09:30:02,$ 3476.42,1
1739,09:30:02,$ 3476.42,1
1740,09:30:02,$ 3476.42,1
1741,09:30:02,$ 3476.42,2
1742,09:30:02,$ 3476.42,1
1744,09:30:02,$ 3476.42,3
1745,09:30:02,$ 3476.42,3
1746,09:30:02,$ 3476.42,1
1747,09:30:02,$ 3476.42,5
1748,09:30:02,$ 3476.42,3
1749,09:30:02,$ 3476.42,1
1750,09:30:02,$ 3476.42,10
1751,09:30:02,$ 3476.42,1
1752,09:30:02,$ 3476.42,50
1753,09:30:02,$ 3476.42,26
1754,09:30:02,$ 3476.42,4
1755,09:30:02,$ 3476.42,6
1756,09:30:02,$ 3476.42,50
1757,09:30:02,$ 3476.42,4
1758,09:30:02,$ 3476.42,2
1759,09:30:02,$ 3476.42,7
1760,09:30:02,$ 3476.42,2
1761,09:30:02,$ 3476.42,5
1762,09:30:02,$ 3476.42,3
1763,09:30:02,$ 3476.42,5
1765,09:30:02,$ 3476.42,2
1766,09:30:02,$ 3476.42,2
1767,09:30:02,$ 3476.42,1
1768,09:30:02,$ 3476.42,1
1769,09:30:02,$ 3476.42,6
1770,09:30:02,$ 3476.42,2
1771,09:30:02,$ 3476.42,4
1772,09:30:02,$ 3476.42,1
1773,09:30:02,$ 3476.42,1
1774,09:30:02,$ 3476.42,1
1775,09:30:02,$ 3476.42,2
1776,09:30:02,$ 3476.42,1
1777,09:30:02,$ 3476.42,1
1778,09:30:02,$ 3476.42,5
1779,09:30:02,$ 3476.42,3
1780,09:30:02,$ 3476.42,1
1781,09:30:02,$ 3476.42,1
1782,09:30:02,$ 3476.42,2
1783,09:30:02,$ 3476.42,2
1784,09:30:02,$ 3476.42,1
1786,09:30:02,$ 3476.42,2
1787,09:30:02,$ 3476.42,2
1788,09:30:02,$ 3476.42,2
1789,09:30:02,$ 3476.42,2
1790,09:30:02,$ 3476.42,2
1791,09:30:02,$ 3476.42,5
1792,09:30:02,$ 3476.42,3
1793,09:30:02,$ 3476.42,1
1794,09:30:02,$ 3476.42,15
1795,09:30:02,$ 3476.42,25
1796,09:30:02,$ 3476.42,2
1797,09:30:02,$ 3476.42,5
1798,09:30:02,$ 3476.42,3
1799,09:30:02,$ 3476.42,12
1800,09:30:02,$ 3476.42,2
1801,09:30:02,$ 3476.42,5
1802,09:30:02,$ 3476.42,2
1803,09:30:02,$ 3476.42,1
1804,09:30:02,$ 3476.42,30
1805,09:30:02,$ 3476.42,4
1807,09:30:02,$ 3476.42,1
1808,09:30:02,$ 3476.42,1
1809,09:30:02,$ 3476.42,1
1810,09:30:02,$ 3476.42,1
1811,09:30:02,$ 3476.42,10
1812,09:30:02,$ 3476.42,8
1813,09:30:02,$ 3476.42,1
1814,09:30:02,$ 3476.42,1
1815,09:30:02,$ 3476.42,2
1816,09:30:02,$ 3476.42,3
1817,09:30:02,$ 3476.42,8
1818,09:30:02,$ 3476.42,3
1819,09:30:02,$ 3476.42,10
1820,09:30:02,$ 3476.42,10
1821,09:30:02,$ 3476.42,4
1822,09:30:02,$ 3476.42,2
1823,09:30:02,$ 3476.42,2
1824,09:30:02,$ 3476.42,1
1825,09:30:02,$ 3476.42,1
1826,09:30:02,$ 3476.42,2
1828,09:30:02,$ 3476.42,5
1829,09:30:02,$ 3476.42,2
1830,09:30:02,$ 3476.42,2
1831,09:30:02,$ 3476.42,2
1832,09:30:02,$ 3476.42,3
1833,09:30:02,$ 3476.42,7
1834,09:30:02,$ 3476.42,1
1835,09:30:02,$ 3476.42,1
1836,09:30:02,$ 3476.42,4
1837,09:30:02,$ 3476.42,2
1838,09:30:02,$ 3476.42,1
1839,09:30:02,$ 3476.42,1
1840,09:30:02,$ 3476.42,4
1841,09:30:02,$ 3476.42,10
1842,09:30:02,$ 3476.42,3
1843,09:30:02,$ 3476.42,1
1844,09:30:02,$ 3476.42,3
1845,09:30:02,$ 3476.42,10
1846,09:30:02,$ 3476.42,3
1847,09:30:02,$ 3476.42,4
1849,09:30:02,$ 3476.42,1
1850,09:30:02,$ 3476.42,10
1851,09:30:02,$ 3476.42,1
1852,09:30:02,$ 3476.42,1
1853,09:30:02,$ 3476.42,5
1854,09:30:02,$ 3476.42,1
1855,09:30:02,$ 3476.42,13
1856,09:30:02,$ 3476.42,1
1857,09:30:02,$ 3476.42,25
1858,09:30:02,$ 3476.42,2
1859,09:30:02,$ 3476.42,25
1860,09:30:02,$ 3476.42,6
1861,09:30:02,$ 3476.42,1
1862,09:30:02,$ 3476.42,1
1863,09:30:02,$ 3476.42,3
1864,09:30:02,$ 3476.42,3
1865,09:30:02,$ 3476.42,1
1866,09:30:02,$ 3476.42,1
1867,09:30:02,$ 3476.42,15
1868,09:30:02,$ 3476.42,5
1870,09:30:02,$ 3476.42,2
1871,09:30:02,$ 3476.42,17
1872,09:30:02,$ 3476.42,1
1873,09:30:02,$ 3476.42,4
1874,09:30:02,$ 3476.42,1
1875,09:30:02,$ 3476.42,3
1876,09:30:02,$ 3476.42,10
1877,09:30:02,$ 3476.42,1
1878,09:30:02,$ 3476.42,1
1879,09:30:02,$ 3476.42,10
1880,09:30:02,$ 3476.42,5
1881,09:30:02,$ 3476.42,1
1882,09:30:02,$ 3476.42,3
1883,09:30:02,$ 3476.42,3
1884,09:30:02,$ 3476.42,4
1885,09:30:02,$ 3476.42,2
1886,09:30:02,$ 3476.42,1
1887,09:30:02,$ 3476.42,4
1888,09:30:02,$ 3476.42,2
1889,09:30:02,$ 3476.42,3
1891,09:30:02,$ 3476.42,5
1892,09:30:02,$ 3476.42,33
1893,09:30:02,$ 3476.42,3
1894,09:30:02,$ 3476.42,2
1895,09:30:02,$ 3476.42,6
1896,09:30:02,$ 3476.42,1
1897,09:30:02,$ 3476.42,7
1898,09:30:02,$ 3476.42,1
1899,09:30:02,$ 3476.42,5
1900,09:30:02,$ 3476.42,1
1901,09:30:02,$ 3476.42,2
1902,09:30:02,$ 3476.42,8
1903,09:30:02,$ 3476.42,1
1904,09:30:02,$ 3476.42,10
1905,09:30:02,$ 3476.42,1
1906,09:30:02,$ 3476.42,3
1907,09:30:02,$ 3476.42,8
1908,09:30:02,$ 3476.42,1
1909,09:30:02,$ 3476.42,10
1910,09:30:02,$ 3476.42,3
1912,09:30:02,$ 3476.42,1
1913,09:30:02,$ 3476.42,1
1914,09:30:02,$ 3476.42,1
1915,09:30:02,$ 3476.42,3
1916,09:30:02,$ 3476.42,4
1917,09:30:02,$ 3476.42,5
1918,09:30:02,$ 3476.42,14
1919,09:30:02,$ 3476.42,1
1920,09:30:02,$ 3476.42,1
1921,09:30:02,$ 3476.42,1
1922,09:30:02,$ 3476.42,1
1923,09:30:02,$ 3476.42,2
1924,09:30:02,$ 3476.42,3
1925,09:30:02,$ 3476.42,1
1926,09:30:02,$ 3476.42,2
1927,09:30:02,$ 3476.42,1
1928,09:30:02,$ 3476.42,10
1929,09:30:02,$ 3476.42,1
1930,09:30:02,$ 3476.42,5
1931,09:30:02,$ 3476.42,1
1933,09:30:02,$ 3476.42,1
1934,09:30:02,$ 3476.42,12
1935,09:30:02,$ 3476.42,1
1936,09:30:02,$ 3476.42,3
1937,09:30:02,$ 3476.42,7
1938,09:30:02,$ 3476.42,10
1939,09:30:02,$ 3476.42,2
1940,09:30:02,$ 3476.42,2
1941,09:30:02,$ 3476.42,5
1942,09:30:02,$ 3476.42,2
1943,09:30:02,$ 3476.42,2
1944,09:30:02,$ 3476.42,1
1945,09:30:02,$ 3476.42,1
1946,09:30:02,$ 3476.42,3
1947,09:30:02,$ 3476.42,1
1948,09:30:02,$ 3476.42,1
1949,09:30:02,$ 3476.42,5
1950,09:30:02,$ 3476.42,6
1951,09:30:02,$ 3476.42,10
1952,09:30:02,$ 3476.42,10
1954,09:30:02,$ 3476.42,10
1955,09:30:02,$ 3476.42,11
1956,09:30:02,$ 3476.42,1
1957,09:30:02,$ 3476.42,18
1958,09:30:02,$ 3476.42,1
1959,09:30:02,$ 3476.42,5
1960,09:30:02,$ 3476.42,2
1961,09:30:02,$ 3476.42,1
1962,09:30:02,$ 3476.42,1
1963,09:30:02,$ 3476.42,2
1964,09:30:02,$ 3476.42,1
1965,09:30:02,$ 3476.42,1
1966,09:30:02,$ 3476.42,2
1967,09:30:02,$ 3476.42,1
1968,09:30:02,$ 3476.42,1
1969,09:30:02,$ 3476.42,2
1970,09:30:02,$ 3476.42,1
1971,09:30:02,$ 3476.42,1
1972,09:30:02,$ 3476.42,1
1973,09:30:02,$ 3476.42,6
1975,09:30:02,$ 3476.42,2
1976,09:30:02,$ 3476.42,3
1977,09:30:02,$ 3476.42,3
1978,09:30:02,$ 3476.42,12
1979,09:30:02,$ 3476.42,6
1980,09:30:02,$ 3476.42,2
1981,09:30:02,$ 3476.42,1
1982,09:30:02,$ 3476.42,1
1983,09:30:02,$ 3476.42,1
1984,09:30:02,$ 3476.42,11
1985,09:30:02,$ 3476.42,3
1986,09:30:02,$ 3476.42,2
1987,09:30:02,$ 3476.42,2
1988,09:30:02,$ 3476.42,3
1989,09:30:02,$ 3476.42,6
1990,09:30:02,$ 3476.42,1
1991,09:30:02,$ 3476.42,5
1992,09:30:02,$ 3476.42,1
1993,09:30:02,$ 3476.42,1
1994,09:30:02,$ 3476.42,5
1996,09:30:02,$ 3476.42,1
1997,09:30:02,$ 3476.42,2
1998,09:30:02,$ 3476.42,10
1999,09:30:02,$ 3476.42,10
2000,09:30:02,$ 3476.42,1
2001,09:30:02,$ 3476.42,25
2002,09:30:02,$ 3476.42,16
2003,09:30:02,$ 3476.42,20
2004,09:30:02,$ 3476.42,50
2005,09:30:02,$ 3476.42,1
2006,09:30:02,$ 3476.42,3
2007,09:30:02,$ 3476.42,1
2008,09:30:02,$ 3476.42,10
2009,09:30:02,$ 3476.42,1
2010,09:30:02,$ 3476.42,1
2011,09:30:02,$ 3476.42,9
2012,09:30:02,$ 3476.42,21
2013,09:30:02,$ 3476.42,3
2014,09:30:02,$ 3476.42,16
2015,09:30:02,$ 3476.42,18
2017,09:30:02,$ 3476.42,1
2018,09:30:02,$ 3476.42,1
2019,09:30:02,$ 3476.42,1
2020,09:30:02,$ 3476.42,1
2021,09:30:02,$ 3476.42,2
2022,09:30:02,$ 3476.42,1
2023,09:30:02,$ 3476.42,2
2024,09:30:02,$ 3476.42,2
2025,09:30:02,$ 3476.42,2
2026,09:30:02,$ 3476.42,1
2027,09:30:02,$ 3476.42,2
2028,09:30:02,$ 3476.42,2
2029,09:30:02,$ 3476.42,1
2030,09:30:02,$ 3476.42,20
2031,09:30:02,$ 3476.42,1
2032,09:30:02,$ 3476.42,1
2033,09:30:02,$ 3476.42,1
2034,09:30:02,$ 3476.42,1
2035,09:30:02,$ 3476.42,15
2036,09:30:02,$ 3476.42,1
2038,09:30:02,$ 3476.42,6
2039,09:30:02,$ 3476.42,3
2040,09:30:02,$ 3476.42,3
2041,09:30:02,$ 3476.42,10
2042,09:30:02,$ 3476.42,1
2043,09:30:02,$ 3476.42,1
2044,09:30:02,$ 3476.42,1
2045,09:30:02,$ 3476.42,5
2046,09:30:02,$ 3476.42,50
2047,09:30:02,$ 3476.42,10
2048,09:30:02,$ 3476.42,1
2049,09:30:02,$ 3476.42,12
2050,09:30:02,$ 3476.42,1
2051,09:30:02,$ 3476.42,1
2052,09:30:02,$ 3476.42,6
2053,09:30:02,$ 3476.42,1
2054,09:30:02,$ 3476.42,1
2055,09:30:02,$ 3476.42,5
2056,09:30:02,$ 3476.42,1
2057,09:30:02,$ 3476.42,1
2059,09:30:02,$ 3476.42,1
2060,09:30:02,$ 3476.42,2
2061,09:30:02,$ 3476.42,2
2062,09:30:02,$ 3476.42,1
2063,09:30:02,$ 3476.42,2
2064,09:30:02,$ 3476.42,3
2065,09:30:02,$ 3476.42,1
2066,09:30:02,$ 3476.42,1
2067,09:30:02,$ 3476.42,1
2068,09:30:02,$ 3476.42,1
2069,09:30:02,$ 3476.42,10
2070,09:30:02,$ 3476.42,1
2071,09:30:02,$ 3476.42,25
2072,09:30:02,$ 3476.42,1
2073,09:30:02,$ 3476.42,50
2074,09:30:02,$ 3476.42,1
2075,09:30:02,$ 3476.42,2
2076,09:30:02,$ 3476.42,1
2077,09:30:02,$ 3476.42,3
2078,09:30:02,$ 3476.42,1
2080,09:30:02,$ 3476.42,2
2081,09:30:02,$ 3476.42,5
2082,09:30:02,$ 3476.42,2
2083,09:30:02,$ 3476.42,2
2084,09:30:02,$ 3476.42,2
2085,09:30:02,$ 3476.42,5
2086,09:30:02,$ 3476.42,10
2087,09:30:02,$ 3476.42,2
2088,09:30:02,$ 3476.42,4
2089,09:30:02,$ 3476.42,2
2090,09:30:02,$ 3476.42,1
2091,09:30:02,$ 3476.42,9
2092,09:30:02,$ 3476.42,5
2093,09:30:02,$ 3476.42,2
2094,09:30:02,$ 3476.42,4
2095,09:30:02,$ 3476.42,2
2096,09:30:02,$ 3476.42,5
2097,09:30:02,$ 3476.42,3
2098,09:30:02,$ 3476.42,4
2099,09:30:02,$ 3476.42,1
2101,09:30:02,$ 3476.42,1
2102,09:30:02,$ 3476.42,1
2103,09:30:02,$ 3476.42,1
2104,09:30:02,$ 3476.42,1
2105,09:30:02,$ 3476.42,20
2106,09:30:02,$ 3476.42,57
2107,09:30:02,$ 3476.42,10
2108,09:30:02,$ 3476.42,1
2109,09:30:02,$ 3476.42,1
2110,09:30:02,$ 3476.42,1
2111,09:30:02,$ 3476.42,1
2112,09:30:02,$ 3476.42,1
2113,09:30:02,$ 3476.42,2
2114,09:30:02,$ 3476.42,1
2115,09:30:02,$ 3476.42,1
2116,09:30:02,$ 3476.42,2
2117,09:30:02,$ 3476.42,5
2118,09:30:02,$ 3476.42,1
2119,09:30:02,$ 3476.42,12
2120,09:30:02,$ 3476.42,1
2122,09:30:02,$ 3476.42,1
2123,09:30:02,$ 3476.42,7
2124,09:30:02,$ 3476.42,1
2125,09:30:02,$ 3476.42,2
2126,09:30:02,$ 3476.42,1
2127,09:30:02,$ 3476.42,1
2128,09:30:02,$ 3476.42,7
2129,09:30:02,$ 3476.42,9
2130,09:30:02,$ 3476.42,3
2131,09:30:02,$ 3476.42,1
2132,09:30:02,$ 3476.42,1
2133,09:30:02,$ 3476.42,1
2134,09:30:02,$ 3476.42,1
2135,09:30:02,$ 3476.42,4
2136,09:30:02,$ 3476.42,1
2137,09:30:02,$ 3476.42,6
2138,09:30:02,$ 3476.42,3
2139,09:30:02,$ 3476.42,2
2140,09:30:02,$ 3476.42,15
2141,09:30:02,$ 3476.42,2
2143,09:30:02,$ 3476.42,1
2144,09:30:02,$ 3476.42,1
2145,09:30:02,$ 3476.42,3
2146,09:30:02,$ 3476.42,20
2147,09:30:02,$ 3476.42,1
2148,09:30:02,$ 3476.42,6
2149,09:30:02,$ 3476.42,2
2150,09:30:02,$ 3476.42,10
2151,09:30:02,$ 3476.42,2
2152,09:30:02,$ 3476.42,4
2153,09:30:02,$ 3476.42,5
2154,09:30:02,$ 3476.42,1
2155,09:30:02,$ 3476.42,10
2156,09:30:02,$ 3476.42,1
2157,09:30:02,$ 3476.42,5
2158,09:30:02,$ 3476.42,1
2159,09:30:02,$ 3476.42,5
2160,09:30:02,$ 3476.42,1
2161,09:30:02,$ 3476.42,3
2162,09:30:02,$ 3476.42,3
2164,09:30:02,$ 3476.42,3
2165,09:30:02,$ 3476.42,1
2166,09:30:02,$ 3476.42,5
2167,09:30:02,$ 3476.42,3
2168,09:30:02,$ 3476.42,1
2169,09:30:02,$ 3476.42,1
2170,09:30:02,$ 3476.42,3
2171,09:30:02,$ 3476.42,5
2172,09:30:02,$ 3476.42,1
2173,09:30:02,$ 3476.42,1
2174,09:30:02,$ 3476.42,1
2175,09:30:02,$ 3476.42,1
2176,09:30:02,$ 3476.42,1
2177,09:30:02,$ 3476.42,1
2178,09:30:02,$ 3476.42,1
2179,09:30:02,$ 3476.42,1
2180,09:30:02,$ 3476.42,1
2181,09:30:02,$ 3476.42,1
2182,09:30:02,$ 3476.42,3
2183,09:30:02,$ 3476.42,1
2185,09:30:02,$ 3476.42,2
2186,09:30:02,$ 3476.42,2
2187,09:30:02,$ 3476.42,2
2188,09:30:02,$ 3476.42,4
2189,09:30:02,$ 3476.42,1
2190,09:30:02,$ 3476.42,4
2191,09:30:02,$ 3476.42,1
2192,09:30:02,$ 3476.42,2
2193,09:30:02,$ 3476.42,1
2194,09:30:02,$ 3476.42,2
2195,09:30:02,$ 3476.42,20
2196,09:30:02,$ 3476.42,3
2197,09:30:02,$ 3476.42,50
2198,09:30:02,$ 3476.42,2
2199,09:30:02,$ 3476.42,1
2200,09:30:02,$ 3476.42,1
2201,09:30:02,$ 3476.42,2
2202,09:30:02,$ 3476.42,1
2203,09:30:02,$ 3476.42,25
2204,09:30:02,$ 3476.42,1
2206,09:30:02,$ 3476.42,3
2207,09:30:02,$ 3476.42,2
2208,09:30:02,$ 3476.42,1
2209,09:30:02,$ 3476.42,10
2210,09:30:02,$ 3476.42,1
2211,09:30:02,$ 3476.42,3
2212,09:30:02,$ 3476.42,5
2213,09:30:02,$ 3476.42,1
2214,09:30:02,$ 3476.42,1
2215,09:30:02,$ 3476.42,6
2216,09:30:02,$ 3476.42,2
2217,09:30:02,$ 3476.42,28
2218,09:30:02,$ 3476.42,1
2219,09:30:02,$ 3476.42,1
2220,09:30:02,$ 3476.42,1
2221,09:30:02,$ 3476.42,4
2222,09:30:02,$ 3476.42,10
2223,09:30:02,$ 3476.42,5
2224,09:30:02,$ 3476.42,30
2225,09:30:02,$ 3476.42,2
2227,09:30:02,$ 3476.42,2
2228,09:30:02,$ 3476.42,5
2229,09:30:02,$ 3476.42,2
2230,09:30:02,$ 3476.42,9
2231,09:30:02,$ 3476.42,10
2232,09:30:02,$ 3476.42,1
2233,09:30:02,$ 3476.42,1
2234,09:30:02,$ 3476.42,4
2235,09:30:02,$ 3476.42,25
2236,09:30:02,$ 3476.42,10
2237,09:30:02,$ 3476.42,1
2238,09:30:02,$ 3476.42,1
2239,09:30:02,$ 3476.42,2
2240,09:30:02,$ 3476.42,32
2241,09:30:02,$ 3476.42,10
2242,09:30:02,$ 3476.42,4
2243,09:30:02,$ 3476.42,20
2244,09:30:02,$ 3476.42,10
2245,09:30:02,$ 3476.42,3
2246,09:30:02,$ 3476.42,1
2248,09:30:02,$ 3476.42,25
2249,09:30:02,$ 3476.42,1
2250,09:30:02,$ 3476.42,1
2251,09:30:02,$ 3476.42,1
2252,09:30:02,$ 3476.42,5
2253,09:30:02,$ 3476.42,13
2254,09:30:02,$ 3476.42,1
2255,09:30:02,$ 3476.42,3
2256,09:30:02,$ 3476.42,7
2257,09:30:02,$ 3476.42,2
2258,09:30:02,$ 3476.42,1
2259,09:30:02,$ 3476.42,2
2260,09:30:02,$ 3476.42,12
2261,09:30:02,$ 3476.42,1
2262,09:30:02,$ 3476.42,2
2263,09:30:02,$ 3476.42,6
2264,09:30:02,$ 3476.42,4
2265,09:30:02,$ 3476.42,1
2266,09:30:02,$ 3476.42,2
2267,09:30:02,$ 3476.42,2
2269,09:30:02,$ 3476.42,2
2270,09:30:02,$ 3476.42,2
2271,09:30:02,$ 3476.42,2
2272,09:30:02,$ 3476.42,3
2273,09:30:02,$ 3476.42,1
2274,09:30:02,$ 3476.42,10
2275,09:30:02,$ 3476.42,1
2276,09:30:02,$ 3476.42,1
2277,09:30:02,$ 3476.42,1
2278,09:30:02,$ 3476.42,1
2279,09:30:02,$ 3476.42,1
2280,09:30:02,$ 3476.42,1
2281,09:30:02,$ 3476.42,1
2282,09:30:02,$ 3476.42,1
2283,09:30:02,$ 3476.42,5
2284,09:30:02,$ 3476.42,1
2285,09:30:02,$ 3476.42,2
2286,09:30:02,$ 3476.42,1
2287,09:30:02,$ 3476.42,1
2288,09:30:02,$ 3476.42,1
2290,09:30:02,$ 3476.42,10
2291,09:30:02,$ 3476.42,1
2292,09:30:02,$ 3476.42,1
2293,09:30:02,$ 3476.42,3
2294,09:30:02,$ 3476.42,2
2295,09:30:02,$ 3476.42,1
2296,09:30:02,$ 3476.42,5
2297,09:30:02,$ 3476.42,3
2298,09:30:02,$ 3476.42,20
2299,09:30:02,$ 3476.42,2
2300,09:30:02,$ 3476.42,15
2301,09:30:02,$ 3476.42,1
2302,09:30:02,$ 3476.42,1
2303,09:30:02,$ 3476.42,20
2304,09:30:02,$ 3476.42,3
2305,09:30:02,$ 3476.42,6
2306,09:30:02,$ 3476.42,10
2307,09:30:02,$ 3476.42,2
2308,09:30:02,$ 3476.42,1
2309,09:30:02,$ 3476.42,6
2311,09:30:02,$ 3476.42,1
2312,09:30:02,$ 3476.42,1
2313,09:30:02,$ 3476.42,1
2314,09:30:02,$ 3476.42,5
2315,09:30:02,$ 3476.42,1
2316,09:30:02,$ 3476.42,1
2317,09:30:02,$ 3476.42,1
2318,09:30:02,$ 3476.42,1
2319,09:30:02,$ 3476.42,3
2320,09:30:02,$ 3476.42,1
2321,09:30:02,$ 3476.42,2
2322,09:30:02,$ 3476.42,1
2323,09:30:02,$ 3476.42,1
2324,09:30:02,$ 3476.42,3
2325,09:30:02,$ 3476.42,3
2326,09:30:02,$ 3476.42,2
2327,09:30:02,$ 3476.42,5
2328,09:30:02,$ 3476.42,1
2329,09:30:02,$ 3476.42,7
2330,09:30:02,$ 3476.42,1
2332,09:30:02,$ 3476.42,1
2333,09:30:02,$ 3476.42,1
2334,09:30:02,$ 3476.42,6
2335,09:30:02,$ 3476.42,1
2336,09:30:02,$ 3476.42,1
2337,09:30:02,$ 3476.42,1
2338,09:30:02,$ 3476.42,2
2339,09:30:02,$ 3476.42,2
2340,09:30:02,$ 3476.42,5
2341,09:30:02,$ 3476.42,7
2342,09:30:02,$ 3476.42,1
2343,09:30:02,$ 3476.42,1
2344,09:30:02,$ 3476.42,6
2345,09:30:02,$ 3476.42,1
2346,09:30:02,$ 3476.42,2
2347,09:30:02,$ 3476.42,10
2348,09:30:02,$ 3476.42,20
2349,09:30:02,$ 3476.42,1
2350,09:30:02,$ 3476.42,2
2351,09:30:02,$ 3476.42,1
2353,09:30:02,$ 3476.42,3
2354,09:30:02,$ 3476.42,3
2355,09:30:02,$ 3476.42,6
2356,09:30:02,$ 3476.42,30
2357,09:30:02,$ 3476.42,1
2358,09:30:02,$ 3476.42,5
2359,09:30:02,$ 3476.42,3
2360,09:30:02,$ 3476.42,1
2361,09:30:02,$ 3476.42,2
2362,09:30:02,$ 3476.42,6
2363,09:30:02,$ 3476.42,1
2364,09:30:02,$ 3476.42,437
2365,09:30:02,$ 3476.42,8
2366,09:30:02,$ 3476.42,2
2367,09:30:02,$ 3476.42,4
2368,09:30:02,$ 3476.42,1
2369,09:30:02,$ 3476.42,2
2370,09:30:02,$ 3476.42,25
2371,09:30:02,$ 3476.42,1
2372,09:30:02,$ 3476.42,2
2374,09:30:02,$ 3476.42,3
2375,09:30:02,$ 3476.42,1
2376,09:30:02,$ 3476.42,4
2377,09:30:02,$ 3476.42,10
2378,09:30:02,$ 3476.42,3
2379,09:30:02,$ 3476.42,5
2380,09:30:02,$ 3476.42,5
2381,09:30:02,$ 3476.42,2
2382,09:30:02,$ 3476.42,3
2383,09:30:02,$ 3476.42,3
2384,09:30:02,$ 3476.42,1
2385,09:30:02,$ 3476.42,1
2386,09:30:02,$ 3476.42,1
2387,09:30:02,$ 3476.42,1
2388,09:30:02,$ 3476.42,10
2389,09:30:02,$ 3476.42,1
2390,09:30:02,$ 3476.42,3
2391,09:30:02,$ 3476.42,1
2392,09:30:02,$ 3476.42,1
2393,09:30:02,$ 3476.42,1
2395,09:30:02,$ 3476.42,1
2396,09:30:02,$ 3476.42,1
2397,09:30:02,$ 3476.42,2
2398,09:30:02,$ 3476.42,1
2399,09:30:02,$ 3476.42,2
2400,09:30:02,$ 3476.42,1
2401,09:30:02,$ 3476.42,1
2402,09:30:02,$ 3476.42,1
2403,09:30:02,$ 3476.42,30
2404,09:30:02,$ 3476.42,8
2405,09:30:02,$ 3476.42,2
2406,09:30:02,$ 3476.42,100
2407,09:30:02,$ 3476.42,3
2408,09:30:02,$ 3476.42,1
2409,09:30:02,$ 3476.42,10
2410,09:30:02,$ 3476.42,2
2411,09:30:02,$ 3476.42,3
2412,09:30:02,$ 3476.42,1
2413,09:30:02,$ 3476.42,1
2414,09:30:02,$ 3476.42,100
2416,09:30:02,$ 3476.42,1
2417,09:30:02,$ 3476.42,1
2418,09:30:02,$ 3476.42,1
2419,09:30:02,$ 3476.42,5
2420,09:30:02,$ 3476.42,50
2421,09:30:02,$ 3476.42,1
2422,09:30:02,$ 3476.42,1
2423,09:30:02,$ 3476.42,1
2424,09:30:02,$ 3476.42,6
2425,09:30:02,$ 3476.42,1
2426,09:30:02,$ 3476.42,1
2427,09:30:02,$ 3476.42,2
2428,09:30:02,$ 3476.42,2
2429,09:30:02,$ 3476.42,1
2430,09:30:02,$ 3476.42,1
2431,09:30:02,$ 3476.42,30
2432,09:30:02,$ 3476.42,10
2433,09:30:02,$ 3476.42,2
2434,09:30:02,$ 3476.42,2
2435,09:30:02,$ 3476.42,1
2437,09:30:02,$ 3476.42,2
2438,09:30:02,$ 3476.42,6
2439,09:30:02,$ 3476.42,4
2440,09:30:02,$ 3476.42,1
2441,09:30:02,$ 3476.42,3
2442,09:30:02,$ 3476.42,1
2443,09:30:02,$ 3476.42,2
2444,09:30:02,$ 3476.42,1
2445,09:30:02,$ 3476.42,1
2446,09:30:02,$ 3476.42,100
2447,09:30:02,$ 3476.42,15
2448,09:30:02,$ 3476.42,1
2449,09:30:02,$ 3476.42,3
2450,09:30:02,$ 3476.42,1
2451,09:30:02,$ 3476.42,3
2452,09:30:02,$ 3476.42,1
2453,09:30:02,$ 3476.42,4
2454,09:30:02,$ 3476.42,4
2455,09:30:02,$ 3476.42,1
2456,09:30:02,$ 3476.42,6
2458,09:30:02,$ 3476.42,28
2459,09:30:02,$ 3476.42,2
2460,09:30:02,$ 3476.42,10
2461,09:30:02,$ 3476.42,1
2462,09:30:02,$ 3476.42,2
2463,09:30:02,$ 3476.42,5
2464,09:30:02,$ 3476.42,1
2465,09:30:02,$ 3476.42,10
2466,09:30:02,$ 3476.42,1
2467,09:30:02,$ 3476.42,10
2468,09:30:02,$ 3476.42,1
2469,09:30:02,$ 3476.42,3
2470,09:30:02,$ 3476.42,15
2471,09:30:02,$ 3476.42,1
2472,09:30:02,$ 3476.42,3
2473,09:30:02,$ 3476.42,26
2474,09:30:02,$ 3476.42,28
2475,09:30:02,$ 3476.42,1
2476,09:30:02,$ 3476.42,2
2477,09:30:02,$ 3476.42,1
2479,09:30:02,$ 3476.42,1
2480,09:30:02,$ 3476.42,30
2481,09:30:02,$ 3476.42,29
2482,09:30:02,$ 3476.42,2
2483,09:30:02,$ 3476.42,1
2484,09:30:02,$ 3476.42,5
2485,09:30:02,$ 3476.42,2
2486,09:30:02,$ 3476.42,1
2487,09:30:02,$ 3476.42,1
2488,09:30:02,$ 3476.42,28
2489,09:30:02,$ 3476.42,15
2490,09:30:02,$ 3476.42,29
2491,09:30:02,$ 3476.42,100
2492,09:30:02,$ 3476.42,5
2493,09:30:02,$ 3476.42,1
2494,09:30:02,$ 3476.42,3
2495,09:30:02,$ 3476.42,30
2496,09:30:02,$ 3476.42,29
2497,09:30:02,$ 3476.42,2
2498,09:30:02,$ 3476.42,1
2500,09:30:02,$ 3476.42,17
2501,09:30:02,$ 3476.42,29
2502,09:30:02,$ 3476.42,4
2503,09:30:02,$ 3476.42,13
2504,09:30:02,$ 3476.42,1
2505,09:30:02,$ 3476.42,16
2506,09:30:02,$ 3476.42,100
2507,09:30:02,$ 3476.42,37
2508,09:30:02,$ 3476.42,5
2509,09:30:02,$ 3476.42,1
2510,09:30:02,$ 3476.42,1
2511,09:30:02,$ 3476.42,1
2512,09:30:02,$ 3476.42,5
2513,09:30:02,$ 3476.42,45
2514,09:30:02,$ 3476.42,1
2515,09:30:02,$ 3476.42,1
2516,09:30:02,$ 3476.42,10
2517,09:30:02,$ 3476.42,3
2518,09:30:02,$ 3476.42,1
2519,09:30:02,$ 3476.42,1
2521,09:30:02,$ 3476.42,1
2522,09:30:02,$ 3476.42,1
2523,09:30:02,$ 3476.42,4
2524,09:30:02,$ 3476.42,1
2525,09:30:02,$ 3476.42,100
2526,09:30:02,$ 3476.42,2
2527,09:30:02,$ 3476.42,2
2528,09:30:02,$ 3476.42,1
2529,09:30:02,$ 3476.42,4
2530,09:30:02,$ 3476.42,3
2531,09:30:02,$ 3476.42,1
2532,09:30:02,$ 3476.42,17
2533,09:30:02,$ 3476.42,1
2534,09:30:02,$ 3476.42,3
2535,09:30:02,$ 3476.42,4
2536,09:30:02,$ 3476.42,3
2537,09:30:02,$ 3476.42,15
2538,09:30:02,$ 3476.42,3
2539,09:30:02,$ 3476.42,10
2540,09:30:02,$ 3476.42,1
2542,09:30:02,$ 3476.42,10
2543,09:30:02,$ 3476.42,55
2544,09:30:02,$ 3476.42,105
2545,09:30:02,$ 3476.42,4
2546,09:30:02,$ 3476.42,1
2547,09:30:02,$ 3476.42,13
2548,09:30:02,$ 3476.42,1
2549,09:30:02,$ 3476.42,38
2550,09:30:02,$ 3476.42,22
2551,09:30:02,$ 3476.42,1
2552,09:30:02,$ 3476.42,2
2553,09:30:02,$ 3476.42,4
2554,09:30:02,$ 3476.42,434
2555,09:30:02,$ 3476.42,1
2556,09:30:02,$ 3476.42,2
2557,09:30:02,$ 3476.42,52
2558,09:30:02,$ 3476.42,1
2559,09:30:02,$ 3476.42,2
2560,09:30:02,$ 3476.42,1
2561,09:30:02,$ 3476.42,11
2563,09:30:02,$ 3476.42,1
2564,09:30:02,$ 3476.42,14
2565,09:30:02,$ 3476.42,4
2566,09:30:02,$ 3476.42,65
2567,09:30:02,$ 3476.42,1
2568,09:30:02,$ 3476.42,2
2569,09:30:02,$ 3476.42,2
2570,09:30:02,$ 3476.42,2
2571,09:30:02,$ 3476.42,2
2572,09:30:02,$ 3476.42,5
2573,09:30:02,$ 3476.42,2
2574,09:30:02,$ 3476.42,2
2575,09:30:02,$ 3476.42,2
2576,09:30:02,$ 3476.42,8
2577,09:30:02,$ 3476.42,2
2578,09:30:02,$ 3476.42,2
2579,09:30:02,$ 3476.42,5
2580,09:30:02,$ 3476.42,6
2581,09:30:02,$ 3476.42,3
2582,09:30:02,$ 3476.42,2
2584,09:30:02,$ 3476.42,6
2585,09:30:02,$ 3476.42,5
2586,09:30:02,$ 3476.42,3
2587,09:30:02,$ 3476.42,3
2588,09:30:02,$ 3476.42,4
2589,09:30:02,$ 3476.42,2
2590,09:30:02,$ 3476.42,1
2591,09:30:02,$ 3476.42,12
2592,09:30:02,$ 3476.42,7
2593,09:30:02,$ 3476.42,2
2594,09:30:02,$ 3476.42,"1,900"
2595,09:30:02,$ 3476.42,2
2596,09:30:02,$ 3476.42,100
2597,09:30:02,$ 3476.42,5
2598,09:30:02,$ 3476.42,6
2599,09:30:02,$ 3476.42,16
2600,09:30:02,$ 3476.42,143
2601,09:30:02,$ 3476.42,41
2602,09:30:02,$ 3476.42,213
2603,09:30:02,$ 3476.42,24
2605,09:30:02,$ 3476.42,1
2606,09:30:02,$ 3476.42,1
2607,09:30:02,$ 3476.42,1
2608,09:30:02,$ 3476.42,1
2609,09:30:02,$ 3476.42,2
2610,09:30:02,$ 3476.42,1
2611,09:30:02,$ 3476.42,1
2612,09:30:02,$ 3476.42,1
2613,09:30:02,$ 3476.42,1
2614,09:30:02,$ 3476.42,1
2615,09:30:02,$ 3476.42,1
2616,09:30:02,$ 3476.42,1
2617,09:30:02,$ 3476.42,1
2618,09:30:02,$ 3476.42,1
2619,09:30:02,$ 3476.42,1
2620,09:30:02,$ 3476.42,1
2621,09:30:02,$ 3476.42,1
2622,09:30:02,$ 3476.42,1
2623,09:30:02,$ 3476.42,2
2624,09:30:02,$ 3476.42,1
2626,09:30:02,$ 3476.42,7
2627,09:30:02,$ 3476.42,3
2628,09:30:02,$ 3476.42,1
2629,09:30:02,$ 3476.42,1
2630,09:30:02,$ 3476.42,10
2631,09:30:02,$ 3476.42,6
2632,09:30:02,$ 3476.42,3
2633,09:30:02,$ 3476.42,3
2634,09:30:02,$ 3476.42,3
2635,09:30:02,$ 3476.42,2
2636,09:30:02,$ 3476.42,2
2637,09:30:02,$ 3476.42,1
2638,09:30:02,$ 3476.42,1
2639,09:30:02,$ 3476.42,1
2640,09:30:02,$ 3476.42,3
2641,09:30:02,$ 3476.42,3
2642,09:30:02,$ 3476.42,1
2643,09:30:02,$ 3476.42,1
2644,09:30:02,$ 3476.42,1
2645,09:30:02,$ 3476.42,1
2647,09:30:02,$ 3476.42,1
2648,09:30:02,$ 3476.42,1
2649,09:30:02,$ 3476.42,1
2650,09:30:02,$ 3476.42,1
2651,09:30:02,$ 3476.42,2
2652,09:30:02,$ 3476.42,3
2653,09:30:02,$ 3476.42,5
2654,09:30:02,$ 3476.42,1
2655,09:30:02,$ 3476.42,1
2656,09:30:02,$ 3476.42,1
2657,09:30:02,$ 3476.42,1
2658,09:30:02,$ 3476.42,1
2659,09:30:02,$ 3476.42,1
2660,09:30:02,$ 3476.42,1
2661,09:30:02,$ 3476.42,1
2662,09:30:02,$ 3476.42,1
2663,09:30:02,$ 3476.42,1
2664,09:30:02,$ 3476.42,1
2665,09:30:02,$ 3476.42,1
2666,09:30:02,$ 3476.42,5
2668,09:30:02,$ 3476.42,1
2669,09:30:02,$ 3476.42,1
2670,09:30:02,$ 3476.42,1
2671,09:30:02,$ 3476.42,2
2672,09:30:02,$ 3476.42,1
2673,09:30:02,$ 3476.42,1
2674,09:30:02,$ 3476.42,1
2675,09:30:02,$ 3476.42,5
2676,09:30:02,$ 3476.42,3
2677,09:30:02,$ 3476.42,1
2678,09:30:02,$ 3476.42,1
2679,09:30:02,$ 3476.42,3
2680,09:30:02,$ 3476.42,1
2681,09:30:02,$ 3476.42,3
2682,09:30:02,$ 3476.42,3
2683,09:30:02,$ 3476.42,1
2684,09:30:02,$ 3476.42,1
2685,09:30:02,$ 3476.42,1
2686,09:30:02,$ 3476.42,5
2687,09:30:02,$ 3476.42,1
2689,09:30:02,$ 3476.42,2
2690,09:30:02,$ 3476.42,1
2691,09:30:02,$ 3476.42,1
2692,09:30:02,$ 3476.42,1
2693,09:30:02,$ 3476.42,1
2694,09:30:02,$ 3476.42,2
2695,09:30:02,$ 3476.42,1
2696,09:30:02,$ 3476.42,1
2697,09:30:02,$ 3476.42,1
2698,09:30:02,$ 3476.42,11
2699,09:30:02,$ 3476.42,1
2700,09:30:02,$ 3476.42,3
2701,09:30:02,$ 3476.42,"1,988"
2702,09:30:02,$ 3476.42,4
2703,09:30:02,$ 3476.42,5
2704,09:30:02,$ 3476.42,1
2705,09:30:02,$ 3476.42,1
2706,09:30:02,$ 3476.42,2
2707,09:30:02,$ 3476.42,1
2708,09:30:02,$ 3476.42,8
2710,09:30:02,$ 3476.42,3
2711,09:30:02,$ 3476.42,18
2712,09:30:02,$ 3476.42,1
2713,09:30:02,$ 3476.42,1
2714,09:30:02,$ 3476.42,4
2715,09:30:02,$ 3476.42,63
2716,09:30:02,$ 3476.42,5
2717,09:30:02,$ 3476.42,3
2718,09:30:02,$ 3476.42,1
2719,09:30:02,$ 3476.42,2
2720,09:30:02,$ 3476.42,4
2721,09:30:02,$ 3476.42,3
2722,09:30:02,$ 3476.42,3
2723,09:30:02,$ 3476.42,3
2724,09:30:02,$ 3476.42,5
2725,09:30:02,$ 3476.42,6
2726,09:30:02,$ 3476.42,2
2727,09:30:02,$ 3476.42,1
2728,09:30:02,$ 3476.42,3
2729,09:30:02,$ 3476.42,1
2731,09:30:02,$ 3476.42,1
2732,09:30:02,$ 3476.42,3
2733,09:30:02,$ 3476.42,2
2734,09:30:02,$ 3476.42,4
2735,09:30:02,$ 3476.42,2
2736,09:30:02,$ 3476.42,1
2737,09:30:02,$ 3476.42,1
2738,09:30:02,$ 3476.42,2
2739,09:30:02,$ 3476.42,4
2740,09:30:02,$ 3476.42,1
2741,09:30:02,$ 3476.42,3
2742,09:30:02,$ 3476.42,4
2743,09:30:02,$ 3476.42,3
2744,09:30:02,$ 3476.42,1
2745,09:30:02,$ 3476.42,1
2746,09:30:02,$ 3476.42,13
2747,09:30:02,$ 3476.42,5
2748,09:30:02,$ 3476.42,200
2749,09:30:02,$ 3476.42,2
2750,09:30:02,$ 3476.42,8
2752,09:30:02,$ 3476.42,100
2753,09:30:02,$ 3476.42,2
2754,09:30:02,$ 3476.42,400
2755,09:30:02,$ 3476.42,35
2756,09:30:02,$ 3476.42,1
2757,09:30:02,$ 3476.42,416
2758,09:30:02,$ 3476.42,7
2759,09:30:02,$ 3476.42,1
2760,09:30:02,$ 3476.42,96
2761,09:30:02,$ 3476.42,58
2762,09:30:02,$ 3476.42,176
2763,09:30:02,$ 3476.42,119
2764,09:30:02,$ 3476.42,34
2765,09:30:02,$ 3476.42,100
2766,09:30:02,$ 3476.42,400
2767,09:30:02,$ 3476.42,47
2768,09:30:02,$ 3476.42,86
2769,09:30:02,$ 3476.42,86
2770,09:30:02,$ 3476.42,67
2771,09:30:02,$ 3476.42,29
2773,09:30:02,$ 3476.42,2
2774,09:30:02,$ 3476.42,10
2775,09:30:02,$ 3476.42,25
2776,09:30:02,$ 3476.42,1
2777,09:30:02,$ 3476.42,1
2778,09:30:02,$ 3476.42,1
2779,09:30:02,$ 3476.42,48
2780,09:30:02,$ 3476.42,2
2781,09:30:02,$ 3476.42,2
2782,09:30:02,$ 3476.42,1
2783,09:30:02,$ 3476.42,5
2784,09:30:02,$ 3476.42,1
2785,09:30:02,$ 3476.42,1
2786,09:30:02,$ 3476.42,1
2787,09:30:02,$ 3476.42,1
2788,09:30:02,$ 3476.42,25
2789,09:30:02,$ 3476.42,3
2790,09:30:02,$ 3476.42,21
2791,09:30:02,$ 3476.42,1
2792,09:30:02,$ 3476.42,2
2794,09:30:02,$ 3476.42,1
2795,09:30:02,$ 3476.42,10
2796,09:30:02,$ 3476.42,10
2797,09:30:02,$ 3476.42,10
2798,09:30:02,$ 3476.42,1
2799,09:30:02,$ 3476.42,1
2800,09:30:02,$ 3476.42,5
2801,09:30:02,$ 3476.42,2
2802,09:30:02,$ 3476.42,1
2803,09:30:02,$ 3476.42,5
2804,09:30:02,$ 3476.42,5
2805,09:30:02,$ 3476.42,100
2806,09:30:02,$ 3476.42,5
2807,09:30:02,$ 3476.42,1
2808,09:30:02,$ 3476.42,1
2809,09:30:02,$ 3476.42,1
2810,09:30:02,$ 3476.42,1
2811,09:30:02,$ 3476.42,34
2812,09:30:02,$ 3476.42,25
2813,09:30:02,$ 3476.42,1
2815,09:30:02,$ 3476.42,560
2816,09:30:02,$ 3476.42,8
2817,09:30:02,$ 3476.42,14
2818,09:30:02,$ 3476.42,4
2819,09:30:02,$ 3476.42,1
2820,09:30:02,$ 3476.42,3
2821,09:30:02,$ 3476.42,3
2822,09:30:02,$ 3476.42,1
2823,09:30:02,$ 3476.42,3
2824,09:30:02,$ 3476.42,1
2825,09:30:02,$ 3476.42,298
2826,09:30:02,$ 3476.42,2
2827,09:30:02,$ 3476.42,2
2828,09:30:02,$ 3476.42,10
2829,09:30:02,$ 3476.42,5
2830,09:30:02,$ 3476.42,15
2831,09:30:02,$ 3476.42,15
2832,09:30:02,$ 3476.42,97
2833,09:30:02,$ 3476.42,200
2834,09:30:02,$ 3476.42,1
2836,09:30:02,$ 3476.42,4
2837,09:30:02,$ 3476.42,200
2838,09:30:02,$ 3476.42,59
2839,09:30:02,$ 3476.42,1
2840,09:30:02,$ 3476.42,6
2841,09:30:02,$ 3476.42,1
2842,09:30:02,$ 3476.42,2
2843,09:30:02,$ 3476.42,177
2844,09:30:02,$ 3476.42,1
2845,09:30:02,$ 3476.42,5
2846,09:30:02,$ 3476.42,1
2847,09:30:02,$ 3476.42,2
2848,09:30:02,$ 3476.42,30
2849,09:30:02,$ 3476.42,100
2850,09:30:02,$ 3476.42,10
2851,09:30:02,$ 3476.42,1
2852,09:30:02,$ 3476.42,251
2853,09:30:02,$ 3476.42,4
2854,09:30:02,$ 3476.42,34
2855,09:30:02,$ 3476.42,5
2857,09:30:02,$ 3476.42,2
2858,09:30:02,$ 3476.42,1
2859,09:30:02,$ 3476.42,2
2860,09:30:02,$ 3476.42,7
2861,09:30:02,$ 3476.42,1
2862,09:30:02,$ 3476.42,19
2863,09:30:02,$ 3476.42,25
2864,09:30:02,$ 3476.42,1
2865,09:30:02,$ 3476.42,1
2866,09:30:02,$ 3476.42,10
2867,09:30:02,$ 3476.42,16
2868,09:30:02,$ 3476.42,31
2869,09:30:02,$ 3476.42,1
2870,09:30:02,$ 3476.42,198
2871,09:30:02,$ 3476.42,275
2872,09:30:02,$ 3476.42,238
2873,09:30:02,$ 3476.42,159
2874,09:30:02,$ 3476.42,80
2875,09:30:02,$ 3476.42,220
2876,09:30:02,$ 3476.42,1
2878,09:30:02,$ 3476.42,17
2879,09:30:02,$ 3476.42,1
2880,09:30:02,$ 3476.42,6
2881,09:30:02,$ 3476.42,2
2882,09:30:02,$ 3476.42,7
2883,09:30:02,$ 3476.42,5
2884,09:30:02,$ 3476.42,17
2885,09:30:02,$ 3476.42,1
2886,09:30:02,$ 3476.42,2
2887,09:30:02,$ 3476.42,2
2888,09:30:02,$ 3476.42,3
2889,09:30:02,$ 3476.42,3
2890,09:30:02,$ 3476.42,6
2891,09:30:02,$ 3476.42,2
2892,09:30:02,$ 3476.42,1
2893,09:30:02,$ 3476.42,2
2894,09:30:02,$ 3476.42,1
2895,09:30:02,$ 3476.42,1
2896,09:30:02,$ 3476.42,9
2897,09:30:02,$ 3476.42,16
2899,09:30:02,$ 3476.42,493
2900,09:30:02,$ 3476.42,1
2901,09:30:02,$ 3476.42,21
2902,09:30:02,$ 3476.42,7
2903,09:30:02,$ 3476.42,3
2904,09:30:02,$ 3476.42,1
2905,09:30:02,$ 3476.42,2
2906,09:30:02,$ 3476.42,2
2907,09:30:02,$ 3476.42,8
2908,09:30:02,$ 3476.42,1
2909,09:30:02,$ 3476.42,"1,305"
2910,09:30:02,$ 3476.42,245
2911,09:30:02,$ 3476.42,1
2912,09:30:02,$ 3476.42,4
2913,09:30:02,$ 3476.42,10
2914,09:30:02,$ 3476.42,5
2915,09:30:02,$ 3476.42,8
2916,09:30:02,$ 3476.42,10
2917,09:30:02,$ 3476.42,2
2918,09:30:02,$ 3476.42,80
2920,09:30:02,$ 3476.42,60
2921,09:30:02,$ 3476.42,5
2922,09:30:02,$ 3476.42,1
2923,09:30:02,$ 3476.42,2
2924,09:30:02,$ 3476.42,1
2925,09:30:02,$ 3476.42,1
2926,09:30:02,$ 3476.42,57
2927,09:30:02,$ 3476.42,100
2928,09:30:02,$ 3476.42,58
2929,09:30:02,$ 3476.42,61
2930,09:30:02,$ 3476.42,37
2931,09:30:02,$ 3476.42,75
2932,09:30:02,$ 3476.42,91
2933,09:30:02,$ 3476.42,50
2934,09:30:02,$ 3476.42,1
2935,09:30:02,$ 3476.42,1
2936,09:30:02,$ 3476.42,110
2937,09:30:02,$ 3476.42,1
2938,09:30:02,$ 3476.42,22
2939,09:30:02,$ 3476.42,10
2941,09:30:02,$ 3476.42,4
2942,09:30:02,$ 3476.42,4
2943,09:30:02,$ 3476.42,1
2944,09:30:02,$ 3476.42,2
2945,09:30:02,$ 3476.42,10
2946,09:30:02,$ 3476.42,6
2947,09:30:02,$ 3476.42,1
2948,09:30:02,$ 3476.42,37
2949,09:30:02,$ 3476.42,10
2950,09:30:02,$ 3476.42,10
2951,09:30:02,$ 3476.42,9
2952,09:30:02,$ 3476.42,100
2953,09:30:02,$ 3476.42,16
2954,09:30:02,$ 3476.42,1
2955,09:30:02,$ 3476.42,1
2956,09:30:02,$ 3476.42,5
2957,09:30:02,$ 3476.42,9
2958,09:30:02,$ 3476.42,4
2959,09:30:02,$ 3476.42,11
2960,09:30:02,$ 3476.42,2
2962,09:30:02,$ 3476.42,20
2963,09:30:02,$ 3476.42,22
2964,09:30:02,$ 3476.42,2
2965,09:30:02,$ 3476.42,3
2966,09:30:02,$ 3476.42,3
2967,09:30:02,$ 3476.42,2
2968,09:30:02,$ 3476.42,3
2969,09:30:02,$ 3476.42,4
2970,09:30:02,$ 3476.42,3
2971,09:30:02,$ 3476.42,5
2972,09:30:02,$ 3476.42,10
2973,09:30:02,$ 3476.42,100
2974,09:30:02,$ 3476.42,1
2975,09:30:02,$ 3476.42,3
2976,09:30:02,$ 3476.42,2
2977,09:30:02,$ 3476.42,8
2978,09:30:02,$ 3476.42,10
2979,09:30:02,$ 3476.42,4
2980,09:30:02,$ 3476.42,4
2981,09:30:02,$ 3476.42,161
2983,09:30:02,$ 3476.42,5
2984,09:30:02,$ 3476.42,450
2985,09:30:02,$ 3476.42,114
2986,09:30:02,$ 3476.42,2
2987,09:30:02,$ 3476.42,1
2988,09:30:02,$ 3476.42,55
2989,09:30:02,$ 3476.42,1
2990,09:30:02,$ 3476.42,1
2991,09:30:02,$ 3476.42,1
2992,09:30:02,$ 3476.42,2
2993,09:30:02,$ 3476.42,1
2994,09:30:02,$ 3476.42,1
2995,09:30:02,$ 3476.42,1
2996,09:30:02,$ 3476.42,1
2997,09:30:02,$ 3476.42,3
2998,09:30:02,$ 3476.42,300
2999,09:30:02,$ 3476.42,1
3000,09:30:02,$ 3476.42,8
3001,09:30:02,$ 3476.42,12
3002,09:30:02,$ 3476.42,2
3004,09:30:02,$ 3476.42,1
3005,09:30:02,$ 3476.42,72
3006,09:30:02,$ 3476.42,1
3007,09:30:02,$ 3476.42,9
3008,09:30:02,$ 3476.42,30
3009,09:30:02,$ 3476.42,1
3010,09:30:02,$ 3476.42,1
3011,09:30:02,$ 3476.42,3
3012,09:30:02,$ 3476.42,5
3013,09:30:02,$ 3476.42,10
3014,09:30:02,$ 3476.42,3
3015,09:30:02,$ 3476.42,1
3016,09:30:02,$ 3476.42,5
3017,09:30:02,$ 3476.42,5
3018,09:30:02,$ 3476.42,152
3019,09:30:02,$ 3476.42,3
3020,09:30:02,$ 3476.42,9
3021,09:30:02,$ 3476.42,20
3022,09:30:02,$ 3476.42,2
3023,09:30:02,$ 3476.42,1
3025,09:30:02,$ 3476.42,1
3026,09:30:02,$ 3476.42,4
3027,09:30:02,$ 3476.42,20
3028,09:30:02,$ 3476.42,10
3029,09:30:02,$ 3476.42,1
3030,09:30:02,$ 3476.42,129
3031,09:30:02,$ 3476.42,2
3032,09:30:02,$ 3476.42,5
3033,09:30:02,$ 3476.42,50
3034,09:30:02,$ 3476.42,130
3035,09:30:02,$ 3476.42,15
3036,09:30:02,$ 3476.42,10
3037,09:30:02,$ 3476.42,1
3038,09:30:02,$ 3476.42,1
3039,09:30:02,$ 3476.42,7
3040,09:30:02,$ 3476.42,7
3041,09:30:02,$ 3476.42,7
3042,09:30:02,$ 3476.42,1
3043,09:30:02,$ 3476.42,1
3044,09:30:02,$ 3476.42,2
3046,09:30:02,$ 3476.42,5
3047,09:30:02,$ 3476.42,1
3048,09:30:02,$ 3476.42,5
3049,09:30:02,$ 3476.42,3
3050,09:30:02,$ 3476.42,5
3051,09:30:02,$ 3476.42,1
3052,09:30:02,$ 3476.42,2
3053,09:30:02,$ 3476.42,32
3054,09:30:02,$ 3476.42,3
3055,09:30:02,$ 3476.42,50
3056,09:30:02,$ 3476.42,2
3057,09:30:02,$ 3476.42,3
3058,09:30:02,$ 3476.42,2
3059,09:30:02,$ 3476.42,5
3060,09:30:02,$ 3476.42,1
3061,09:30:02,$ 3476.42,1
3062,09:30:02,$ 3476.42,1
3063,09:30:02,$ 3476.42,1
3064,09:30:02,$ 3476.42,2
3065,09:30:02,$ 3476.42,7
3067,09:30:02,$ 3476.42,13
3068,09:30:02,$ 3476.42,14
3069,09:30:02,$ 3476.42,3
3070,09:30:02,$ 3476.42,1
3071,09:30:02,$ 3476.42,2
3072,09:30:02,$ 3476.42,5
3073,09:30:02,$ 3476.42,60
3074,09:30:02,$ 3476.42,3
3075,09:30:02,$ 3476.42,4
3076,09:30:02,$ 3476.42,2
3077,09:30:02,$ 3476.42,3
3078,09:30:02,$ 3476.42,23
3079,09:30:02,$ 3476.42,4
3080,09:30:02,$ 3476.42,4
3081,09:30:02,$ 3476.42,6
3082,09:30:02,$ 3476.42,2
3083,09:30:02,$ 3476.42,1
3084,09:30:02,$ 3476.42,10
3085,09:30:02,$ 3476.42,14
3086,09:30:02,$ 3476.42,20
3088,09:30:02,$ 3476.42,25
3089,09:30:02,$ 3476.42,8
3090,09:30:02,$ 3476.42,3
3091,09:30:02,$ 3476.42,1
3092,09:30:02,$ 3476.42,2
3093,09:30:02,$ 3476.42,4
3094,09:30:02,$ 3476.42,15
3095,09:30:02,$ 3476.42,1
3096,09:30:02,$ 3476.42,1
3097,09:30:02,$ 3476.42,2
3098,09:30:02,$ 3476.42,4
3099,09:30:02,$ 3476.42,3
3100,09:30:02,$ 3476.42,2
3101,09:30:02,$ 3476.42,7
3102,09:30:02,$ 3476.42,1
3103,09:30:02,$ 3476.42,2
3104,09:30:02,$ 3476.42,71
3105,09:30:02,$ 3476.42,4
3106,09:30:02,$ 3476.42,14
3107,09:30:02,$ 3476.42,13
3109,09:30:02,$ 3476.42,20
3110,09:30:02,$ 3476.42,4
3111,09:30:02,$ 3476.42,8
3112,09:30:02,$ 3476.42,10
3113,09:30:02,$ 3476.42,3
3114,09:30:02,$ 3476.42,5
3115,09:30:02,$ 3476.42,14
3116,09:30:02,$ 3476.42,3
3117,09:30:02,$ 3476.42,2
3118,09:30:02,$ 3476.42,10
3119,09:30:02,$ 3476.42,3
3120,09:30:02,$ 3476.42,16
3121,09:30:02,$ 3476.42,2
3122,09:30:02,$ 3476.42,1
3123,09:30:02,$ 3476.42,3
3124,09:30:02,$ 3476.42,1
3125,09:30:02,$ 3476.42,29
3126,09:30:02,$ 3476.42,1
3127,09:30:02,$ 3476.42,2
3128,09:30:02,$ 3476.42,1
3130,09:30:02,$ 3476.42,10
3131,09:30:02,$ 3476.42,2
3132,09:30:02,$ 3476.42,10
3133,09:30:02,$ 3476.42,1
3134,09:30:02,$ 3476.42,5
3135,09:30:02,$ 3476.42,10
3136,09:30:02,$ 3476.42,2
3137,09:30:02,$ 3476.42,274
3138,09:30:02,$ 3476.42,489
3139,09:30:02,$ 3476.42,2
3140,09:30:02,$ 3476.42,1
3141,09:30:02,$ 3476.42,100
3142,09:30:02,$ 3476.42,1
3143,09:30:02,$ 3476.42,5
3144,09:30:02,$ 3476.42,15
3145,09:30:02,$ 3476.42,595
3146,09:30:02,$ 3476.42,5
3147,09:30:02,$ 3476.42,1
3148,09:30:02,$ 3476.42,5
3149,09:30:02,$ 3476.42,5
3151,09:30:02,$ 3476.42,1
3152,09:30:02,$ 3476.42,1
3153,09:30:02,$ 3476.42,1
3154,09:30:02,$ 3476.42,3
3155,09:30:02,$ 3476.42,1
3156,09:30:02,$ 3476.42,10
3157,09:30:02,$ 3476.42,1
3158,09:30:02,$ 3476.42,5
3159,09:30:02,$ 3476.42,1
3160,09:30:02,$ 3476.42,1
3161,09:30:02,$ 3476.42,48
3162,09:30:02,$ 3476.42,1
3163,09:30:02,$ 3476.42,1
3164,09:30:02,$ 3476.42,3
3165,09:30:02,$ 3476.42,5
3166,09:30:02,$ 3476.42,5
3167,09:30:02,$ 3476.42,5
3168,09:30:02,$ 3476.42,10
3169,09:30:02,$ 3476.42,5
3170,09:30:02,$ 3476.42,1
3172,09:30:02,$ 3476.42,2
3173,09:30:02,$ 3476.42,11
3174,09:30:02,$ 3476.42,3
3175,09:30:02,$ 3476.42,1
3176,09:30:02,$ 3476.42,3
3177,09:30:02,$ 3476.42,2
3178,09:30:02,$ 3476.42,3
3179,09:30:02,$ 3476.42,5
3180,09:30:02,$ 3476.42,25
3181,09:30:02,$ 3476.42,14
3182,09:30:02,$ 3476.42,900
3183,09:30:02,$ 3476.42,140
3184,09:30:02,$ 3476.42,10
3185,09:30:02,$ 3476.42,50
3186,09:30:02,$ 3476.42,40
3187,09:30:02,$ 3476.42,3
3188,09:30:02,$ 3476.42,5
3189,09:30:02,$ 3476.42,100
3190,09:30:02,$ 3476.42,100
3191,09:30:02,$ 3476.42,2
3193,09:30:02,$ 3476.42,1
3194,09:30:02,$ 3476.42,3
3195,09:30:02,$ 3476.42,1
3196,09:30:02,$ 3476.42,1
3197,09:30:02,$ 3476.42,1
3198,09:30:02,$ 3476.42,1
3199,09:30:02,$ 3476.42,41
3200,09:30:02,$ 3476.42,2
3201,09:30:02,$ 3476.42,2
3202,09:30:02,$ 3476.42,50
3203,09:30:02,$ 3476.42,600
3204,09:30:02,$ 3476.42,2
3205,09:30:02,$ 3476.42,3
3206,09:30:02,$ 3476.42,1
3207,09:30:02,$ 3476.42,2
3208,09:30:02,$ 3476.42,71
3209,09:30:02,$ 3476.42,1
3210,09:30:02,$ 3476.42,3
3211,09:30:02,$ 3476.42,2
3212,09:30:02,$ 3476.42,1
3214,09:30:02,$ 3476.42,1
3215,09:30:02,$ 3476.42,35
3216,09:30:02,$ 3476.42,35
3217,09:30:02,$ 3476.42,1
3218,09:30:02,$ 3476.42,100
3219,09:30:02,$ 3476.42,1
3220,09:30:02,$ 3476.42,2
3221,09:30:02,$ 3476.42,3
3222,09:30:02,$ 3476.42,3
3223,09:30:02,$ 3476.42,14
3224,09:30:02,$ 3476.42,2
3225,09:30:02,$ 3476.42,3
3226,09:30:02,$ 3476.42,4
3227,09:30:02,$ 3476.42,1
3228,09:30:02,$ 3476.42,4
3229,09:30:02,$ 3476.42,5
3230,09:30:02,$ 3476.42,5
3231,09:30:02,$ 3476.42,2
3232,09:30:02,$ 3476.42,1
3233,09:30:02,$ 3476.42,1
3235,09:30:02,$ 3476.42,5
3236,09:30:02,$ 3476.42,1
3237,09:30:02,$ 3476.42,3
3238,09:30:02,$ 3476.42,1
3239,09:30:02,$ 3476.42,1
3240,09:30:02,$ 3476.42,3
3241,09:30:02,$ 3476.42,10
3242,09:30:02,$ 3476.42,1
3243,09:30:02,$ 3476.42,1
3244,09:30:02,$ 3476.42,12
3245,09:30:02,$ 3476.42,1
3246,09:30:02,$ 3476.42,1
3247,09:30:02,$ 3476.42,14
3248,09:30:02,$ 3476.42,1
3249,09:30:02,$ 3476.42,1
3250,09:30:02,$ 3476.42,10
3251,09:30:02,$ 3476.42,2
3252,09:30:02,$ 3476.42,4
3253,09:30:02,$ 3476.42,2
3254,09:30:02,$ 3476.42,1
3256,09:30:02,$ 3476.42,1
3257,09:30:02,$ 3476.42,10
3258,09:30:02,$ 3476.42,4
3259,09:30:02,$ 3476.42,1
3260,09:30:02,$ 3476.42,5
3261,09:30:02,$ 3476.42,2
3262,09:30:02,$ 3476.42,1
3263,09:30:02,$ 3476.42,7
3264,09:30:02,$ 3476.42,8
3265,09:30:02,$ 3476.42,2
3266,09:30:02,$ 3476.42,3
3267,09:30:02,$ 3476.42,4
3268,09:30:02,$ 3476.42,1
3269,09:30:02,$ 3476.42,1
3270,09:30:02,$ 3476.42,1
3271,09:30:02,$ 3476.42,3
3272,09:30:02,$ 3476.42,1
3273,09:30:02,$ 3476.42,3
3274,09:30:02,$ 3476.42,1
3275,09:30:02,$ 3476.42,1
3277,09:30:02,$ 3476.42,2
3278,09:30:02,$ 3476.42,1
3279,09:30:02,$ 3476.42,4
3280,09:30:02,$ 3476.42,694
3281,09:30:02,$ 3476.42,1
3282,09:30:02,$ 3476.42,1
3283,09:30:02,$ 3476.42,2
3284,09:30:02,$ 3476.42,1
3285,09:30:02,$ 3476.42,2
3286,09:30:02,$ 3476.42,2
3287,09:30:02,$ 3476.42,6
3288,09:30:02,$ 3476.42,5
3289,09:30:02,$ 3476.42,1
3290,09:30:02,$ 3476.42,9
3291,09:30:02,$ 3476.42,2
3292,09:30:02,$ 3476.42,1
3293,09:30:02,$ 3476.42,14
3294,09:30:02,$ 3476.42,14
3295,09:30:02,$ 3476.42,1
3296,09:30:02,$ 3476.42,3
3298,09:30:02,$ 3476.42,5
3299,09:30:02,$ 3476.42,7
3300,09:30:02,$ 3476.42,3
3301,09:30:02,$ 3476.42,1
3302,09:30:02,$ 3476.42,3
3303,09:30:02,$ 3476.42,3
3304,09:30:02,$ 3476.42,1
3305,09:30:02,$ 3476.42,2
3306,09:30:02,$ 3476.42,1
3307,09:30:02,$ 3476.42,10
3308,09:30:02,$ 3476.42,1
3309,09:30:02,$ 3476.42,5
3310,09:30:02,$ 3476.42,1
3311,09:30:02,$ 3476.42,1
3312,09:30:02,$ 3476.42,3
3313,09:30:02,$ 3476.42,14
3314,09:30:02,$ 3476.42,5
3315,09:30:02,$ 3476.42,1
3316,09:30:02,$ 3476.42,5
3317,09:30:02,$ 3476.42,2
3319,09:30:02,$ 3476.42,1
3320,09:30:02,$ 3476.42,500
3321,09:30:02,$ 3476.42,6
3322,09:30:02,$ 3476.42,1
3323,09:30:02,$ 3476.42,1
3324,09:30:02,$ 3476.42,180
3325,09:30:02,$ 3476.42,2
3326,09:30:02,$ 3476.42,14
3327,09:30:02,$ 3476.42,1
3328,09:30:02,$ 3476.42,1
3329,09:30:02,$ 3476.42,1
3330,09:30:02,$ 3476.42,1
3331,09:30:02,$ 3476.42,2
3332,09:30:02,$ 3476.42,3
3333,09:30:02,$ 3476.42,5
3334,09:30:02,$ 3476.42,5
3335,09:30:02,$ 3476.42,5
3336,09:30:02,$ 3476.42,29
3337,09:30:02,$ 3476.42,9
3338,09:30:02,$ 3476.42,4
3340,09:30:02,$ 3476.42,10
3341,09:30:02,$ 3476.42,1
3342,09:30:02,$ 3476.42,1
3343,09:30:02,$ 3476.42,2
3344,09:30:02,$ 3476.42,1
3345,09:30:02,$ 3476.42,23
3346,09:30:02,$ 3476.42,2
3347,09:30:02,$ 3476.42,1
3348,09:30:02,$ 3476.42,25
3349,09:30:02,$ 3476.42,1
3350,09:30:02,$ 3476.42,2
3351,09:30:02,$ 3476.42,1
3352,09:30:02,$ 3476.42,1
3353,09:30:02,$ 3476.42,5
3354,09:30:02,$ 3476.42,2
3355,09:30:02,$ 3476.42,2
3356,09:30:02,$ 3476.42,3
3357,09:30:02,$ 3476.42,1
3358,09:30:02,$ 3476.42,250
3359,09:30:02,$ 3476.42,171
3361,09:30:02,$ 3476.42,186
3362,09:30:02,$ 3476.42,2
3363,09:30:02,$ 3476.42,12
3364,09:30:02,$ 3476.42,1
3365,09:30:02,$ 3476.42,2
3366,09:30:02,$ 3476.42,15
3367,09:30:02,$ 3476.42,1
3368,09:30:02,$ 3476.42,1
3369,09:30:02,$ 3476.42,4
3370,09:30:02,$ 3476.42,1
3371,09:30:02,$ 3476.42,3
3372,09:30:02,$ 3476.42,22
3373,09:30:02,$ 3476.42,60
3374,09:30:02,$ 3476.42,500
3375,09:30:02,$ 3476.42,1
3376,09:30:02,$ 3476.42,99
3377,09:30:02,$ 3476.42,6
3378,09:30:02,$ 3476.42,1
3379,09:30:02,$ 3476.42,7
3380,09:30:02,$ 3476.42,2
3382,09:30:02,$ 3476.42,12
3383,09:30:02,$ 3476.42,6
3384,09:30:02,$ 3476.42,1
3385,09:30:02,$ 3476.42,2
3386,09:30:02,$ 3476.42,5
3387,09:30:02,$ 3476.42,1
3388,09:30:02,$ 3476.42,1
3389,09:30:02,$ 3476.42,1
3390,09:30:02,$ 3476.42,1
3391,09:30:02,$ 3476.42,2
3392,09:30:02,$ 3476.42,1
3393,09:30:02,$ 3476.42,5
3394,09:30:02,$ 3476.42,10
3395,09:30:02,$ 3476.42,3
3396,09:30:02,$ 3476.42,3
3397,09:30:02,$ 3476.42,3
3398,09:30:02,$ 3476.42,1
3399,09:30:02,$ 3476.42,1
3400,09:30:02,$ 3476.42,7
3401,09:30:02,$ 3476.42,6
3403,09:30:02,$ 3476.42,3
3404,09:30:02,$ 3476.42,1
3405,09:30:02,$ 3476.42,10
3406,09:30:02,$ 3476.42,18
3407,09:30:02,$ 3476.42,3
3408,09:30:02,$ 3476.42,38
3409,09:30:02,$ 3476.42,4
3410,09:30:02,$ 3476.42,5
3411,09:30:02,$ 3476.42,1
3412,09:30:02,$ 3476.42,1
3413,09:30:02,$ 3476.42,1
3414,09:30:02,$ 3476.42,1
3415,09:30:02,$ 3476.42,1
3416,09:30:02,$ 3476.42,2
3417,09:30:02,$ 3476.42,25
3418,09:30:02,$ 3476.42,1
3419,09:30:02,$ 3476.42,1
3420,09:30:02,$ 3476.42,5
3421,09:30:02,$ 3476.42,10
3422,09:30:02,$ 3476.42,1
3424,09:30:02,$ 3476.42,3
3425,09:30:02,$ 3476.42,2
3426,09:30:02,$ 3476.42,20
3427,09:30:02,$ 3476.42,1
3428,09:30:02,$ 3476.42,10
3429,09:30:02,$ 3476.42,1
3430,09:30:02,$ 3476.42,38
3431,09:30:02,$ 3476.42,2
3432,09:30:02,$ 3476.42,3
3433,09:30:02,$ 3476.42,1
3434,09:30:02,$ 3476.42,1
3435,09:30:02,$ 3476.42,2
3436,09:30:02,$ 3476.42,5
3437,09:30:02,$ 3476.42,5
3438,09:30:02,$ 3476.42,3
3439,09:30:02,$ 3476.42,20
3440,09:30:02,$ 3476.42,1
3441,09:30:02,$ 3476.42,1
3442,09:30:02,$ 3476.42,3
3443,09:30:02,$ 3476.42,3
3445,09:30:02,$ 3476.42,2
3446,09:30:02,$ 3476.42,2
3447,09:30:02,$ 3476.42,4
3448,09:30:02,$ 3476.42,10
3449,09:30:02,$ 3476.42,10
3450,09:30:02,$ 3476.42,6
3451,09:30:02,$ 3476.42,2
3452,09:30:02,$ 3476.42,1
3453,09:30:02,$ 3476.42,10
3454,09:30:02,$ 3476.42,10
3455,09:30:02,$ 3476.42,3
3456,09:30:02,$ 3476.42,10
3457,09:30:02,$ 3476.42,1
3458,09:30:02,$ 3476.42,1
3459,09:30:02,$ 3476.42,23
3460,09:30:02,$ 3476.42,1
3461,09:30:02,$ 3476.42,1
3462,09:30:02,$ 3476.42,1
3463,09:30:02,$ 3476.42,2
3464,09:30:02,$ 3476.42,10
3466,09:30:02,$ 3476.42,10
3467,09:30:02,$ 3476.42,1
3468,09:30:02,$ 3476.42,10
3469,09:30:02,$ 3476.42,9
3470,09:30:02,$ 3476.42,36
3471,09:30:02,$ 3476.42,2
3472,09:30:02,$ 3476.42,3
3473,09:30:02,$ 3476.42,1
3474,09:30:02,$ 3476.42,20
3475,09:30:02,$ 3476.42,1
3476,09:30:02,$ 3476.42,50
3477,09:30:02,$ 3476.42,1
3478,09:30:02,$ 3476.42,10
3479,09:30:02,$ 3476.42,10
3480,09:30:02,$ 3476.42,10
3481,09:30:02,$ 3476.42,2
3482,09:30:02,$ 3476.42,10
3483,09:30:02,$ 3476.42,1
3484,09:30:02,$ 3476.42,5
3485,09:30:02,$ 3476.42,5
3487,09:30:02,$ 3476.42,1
3488,09:30:02,$ 3476.42,1
3489,09:30:02,$ 3476.42,20
3490,09:30:02,$ 3476.42,10
3491,09:30:02,$ 3476.42,1
3492,09:30:02,$ 3476.42,1
3493,09:30:02,$ 3476.42,100
3494,09:30:02,$ 3476.42,30
3495,09:30:02,$ 3476.42,1
3496,09:30:02,$ 3476.42,4
3497,09:30:02,$ 3476.42,1
3498,09:30:02,$ 3476.42,10
3499,09:30:02,$ 3476.42,10
3500,09:30:02,$ 3476.42,44
3501,09:30:02,$ 3476.42,1
3502,09:30:02,$ 3476.42,2
3503,09:30:02,$ 3476.42,4
3504,09:30:02,$ 3476.42,2
3505,09:30:02,$ 3477.365,100
3506,09:30:02,$ 3477.365,100
3508,10:29:54,$ 3446.765,100
3509,10:29:31,$ 3448.61,100
3510,10:29:31,$ 3448.575,100
3511,10:29:31,$ 3448.575,100
3512,10:29:20,$ 3448.61,100
3513,10:29:15,$ 3446.14,100
3514,10:29:14,$ 3446.65,117
3515,10:28:59,$ 3449.0135,100
3516,10:28:55,$ 3448.73,100
3517,10:28:44,$ 3447.63,100
3518,10:28:44,$ 3446.82,149
3519,10:28:40,$ 3447.1175,100
3520,10:28:39,$ 3446.62,290
3521,10:28:39,$ 3446.62,126
3522,10:28:39,$ 3446.80,100
3523,10:28:39,$ 3446.83,100
3524,10:28:39,$ 3446.80,100
3525,10:28:39,$ 3446.82,100
3526,10:28:39,$ 3446.80,100
3527,10:28:39,$ 3446.76,100
3529,10:28:39,$ 3447.68,100
3530,10:28:38,$ 3447.07,100
3531,10:28:37,$ 3447.68,100
3532,10:28:32,$ 3447.19,100
3533,10:28:30,$ 3448.15,100
3534,10:28:28,$ 3447.28,100
3535,10:28:28,$ 3447.00,100
3536,10:28:26,$ 3448.58,200
3537,10:28:25,$ 3448.00,100
3538,10:28:16,$ 3447.82,100
3539,10:28:12,$ 3447.855,200
3540,10:28:09,$ 3448.11,100
3541,10:28:08,$ 3447.61,100
3542,10:28:07,$ 3447.11,200
3543,10:28:07,$ 3448.1274,400
3544,10:28:06,$ 3447.42,100
3545,10:28:06,$ 3447.24,100
3546,10:28:03,$ 3448.18,100
3547,10:28:03,$ 3448.005,100
3548,10:28:00,$ 3448.74,100
3550,10:28:00,$ 3448.625,200
3551,10:27:58,$ 3448.18,100
3552,10:27:42,$ 3448.39,100
3553,10:27:41,$ 3448.70,100
3554,10:27:36,$ 3447.90,100
3555,10:27:24,$ 3448.02,100
3556,10:27:24,$ 3447.79,100
3557,10:27:24,$ 3447.79,100
3558,10:27:24,$ 3447.79,100
3559,10:27:24,$ 3448.245,100
3560,10:27:19,$ 3447.89,100
3561,10:27:14,$ 3447.95,100
3562,10:26:51,$ 3447.39,100
3563,10:26:49,$ 3447.00,147
3564,10:26:49,$ 3446.44,100
3565,10:26:45,$ 3445.94,100
3566,10:26:41,$ 3445.78,300
3567,10:26:40,$ 3445.78,100
3568,10:26:40,$ 3445.41,100
3569,10:26:40,$ 3445.70,100
3571,10:26:40,$ 3445.795,100
3572,10:26:37,$ 3445.39,121
3573,10:26:18,$ 3445.40,100
3574,10:26:16,$ 3445.82,100
3575,10:25:59,$ 3444.905,100
3576,10:25:58,$ 3444.775,100
3577,10:25:48,$ 3444.2677,100
3578,10:25:44,$ 3443.575,100
3579,10:25:40,$ 3443.67,100
3580,10:25:39,$ 3443.63,100
3581,10:25:39,$ 3443.3459,326
3582,10:25:39,$ 3443.92,179
3583,10:25:01,$ 3442.21,100
3584,10:24:57,$ 3441.01,100
3585,10:24:57,$ 3441.29,100
3586,10:24:52,$ 3442.44,100
3587,10:24:49,$ 3442.65,100
3588,10:24:48,$ 3442.85,100
3589,10:24:44,$ 3443.12,100
3590,10:24:43,$ 3442.67,100
3592,10:24:43,$ 3442.67,100
3593,10:24:41,$ 3443.14,300
3594,10:24:27,$ 3443.19,100
3595,10:24:15,$ 3442.81,100
3596,10:24:15,$ 3442.83,100
3597,10:24:12,$ 3444.0587,100
3598,10:23:48,$ 3441.075,100
3599,10:23:41,$ 3441.44,105
3600,10:23:39,$ 3441.74,105
3601,10:23:39,$ 3441.70,100
3602,10:23:35,$ 3443.05,300
3603,10:23:35,$ 3443.17,100
3604,10:23:35,$ 3443.17,100
3605,10:23:35,$ 3443.1965,200
3606,10:23:35,$ 3443.20,100
3607,10:23:34,$ 3442.01,100
3608,10:23:24,$ 3442.85,100
3609,10:23:24,$ 3442.88,100
3610,10:23:24,$ 3443.39,525
3611,10:23:21,$ 3442.6407,100
3613,10:23:15,$ 3442.625,100
3614,10:23:13,$ 3443.49,140
3615,10:23:10,$ 3443.69,171
3616,10:23:07,$ 3443.15,179
3617,10:23:02,$ 3443.42,103
3618,10:23:02,$ 3443.41,100
3619,10:22:53,$ 3442.36,144
3620,10:22:46,$ 3440.58,100
3621,10:22:46,$ 3441.49,200
3622,10:22:46,$ 3441.07,300
3623,10:22:45,$ 3441.125,149
3624,10:22:44,$ 3442.5399,280
3625,10:22:40,$ 3441.485,100
3626,10:22:33,$ 3439.95,100
3627,10:22:22,$ 3440.7999,100
3628,10:22:12,$ 3438.00,123
3629,10:22:12,$ 3438.00,100
3630,10:22:11,$ 3439.115,500
3631,10:22:09,$ 3438.38,100
3632,10:22:08,$ 3439.22,112
3634,10:22:02,$ 3440.50,100
3635,10:22:02,$ 3440.455,100
3636,10:22:02,$ 3440.51,100
3637,10:21:58,$ 3439.38,100
3638,10:21:57,$ 3440.23,100
3639,10:21:57,$ 3439.89,100
3640,10:21:57,$ 3439.88,100
3641,10:21:57,$ 3439.89,147
3642,10:21:53,$ 3439.60,100
3643,10:21:52,$ 3440.24,100
3644,10:21:51,$ 3439.95,100
3645,10:21:51,$ 3439.69,100
3646,10:21:51,$ 3439.74,100
3647,10:21:47,$ 3439.59,100
3648,10:21:42,$ 3438.8639,500
3649,10:21:39,$ 3438.14,100
3650,10:21:39,$ 3438.14,100
3651,10:21:37,$ 3438.95,100
3652,10:21:29,$ 3437.59,100
3653,10:21:24,$ 3434.56,100
3655,10:21:22,$ 3434.005,240
3656,10:21:21,$ 3434.505,100
3657,10:21:21,$ 3434.005,200
3658,10:21:21,$ 3434.08,200
3659,10:21:20,$ 3434.595,100
3660,10:21:19,$ 3434.19,300
3661,10:21:19,$ 3434.09,200
3662,10:21:19,$ 3434.00,100
3663,10:21:18,$ 3434.00,100
3664,10:21:18,$ 3434.00,100
3665,10:21:18,$ 3434.1156,291
3666,10:21:15,$ 3434.2501,200
3667,10:21:08,$ 3435.04,100
3668,10:21:04,$ 3435.64,100
3669,10:21:02,$ 3435.9034,300
3670,10:21:00,$ 3435.8902,100
3671,10:20:47,$ 3436.81,100
3672,10:20:47,$ 3436.60,100
3673,10:20:36,$ 3436.22,200
3674,10:20:35,$ 3436.35,800
3676,10:20:34,$ 3437.20,100
3677,10:20:19,$ 3436.075,100
3678,10:20:16,$ 3435.95,300
3679,10:20:16,$ 3435.95,100
3680,10:20:15,$ 3435.575,100
3681,10:20:15,$ 3435.575,200
3682,10:20:13,$ 3435.56,100
3683,10:20:02,$ 3434.4405,420
3684,10:20:02,$ 3434.92,301
3685,10:20:02,$ 3434.93,400
3686,10:20:02,$ 3435.00,100
3687,10:20:02,$ 3435.00,100
3688,10:20:02,$ 3435.304,100
3689,10:20:02,$ 3435.29,100
3690,10:20:02,$ 3435.29,100
3691,10:20:02,$ 3435.29,100
3692,10:20:02,$ 3435.29,100
3693,10:20:02,$ 3435.28,100
3694,10:20:01,$ 3435.40,100
3695,10:20:01,$ 3435.30,100
3697,10:20:01,$ 3435.30,100
3698,10:20:01,$ 3436.00,100
3699,10:20:01,$ 3436.00,100
3700,10:20:01,$ 3436.50,150
3701,10:20:01,$ 3436.50,100
3702,10:20:01,$ 3437.30,180
3703,10:20:00,$ 3438.19,100
3704,10:19:45,$ 3439.50,100
3705,10:19:39,$ 3438.6182,100
3706,10:19:36,$ 3438.47,149
3707,10:19:35,$ 3437.70,100
3708,10:19:34,$ 3437.6801,280
3709,10:19:34,$ 3438.363,149
3710,10:19:23,$ 3438.1001,199
3711,10:19:23,$ 3438.84,100
3712,10:19:22,$ 3438.84,100
3713,10:19:22,$ 3438.84,200
3714,10:19:22,$ 3438.84,100
3715,10:19:17,$ 3438.81,100
3716,10:19:16,$ 3439.75,100
3718,10:19:16,$ 3438.81,100
3719,10:19:16,$ 3438.74,100
3720,10:19:16,$ 3438.81,100
3721,10:19:15,$ 3437.7227,114
3722,10:19:15,$ 3437.7227,420
3723,10:19:15,$ 3437.7227,288
3724,10:19:15,$ 3437.7227,819
3725,10:19:15,$ 3439.01,100
3726,10:19:15,$ 3439.05,300
3727,10:19:15,$ 3439.12,100
3728,10:19:15,$ 3439.12,100
3729,10:19:15,$ 3439.12,100
3730,10:19:15,$ 3439.12,100
3731,10:19:15,$ 3439.12,100
3732,10:19:15,$ 3439.12,100
3733,10:19:15,$ 3439.12,100
3734,10:19:15,$ 3439.27,100
3735,10:19:15,$ 3439.28,100
3736,10:19:15,$ 3439.27,100
3737,10:19:15,$ 3439.27,200
3739,10:19:15,$ 3439.28,200
3740,10:19:15,$ 3439.28,100
3741,10:19:15,$ 3439.28,100
3742,10:19:15,$ 3439.51,197
3743,10:19:15,$ 3439.51,100
3744,10:19:15,$ 3439.53,100
3745,10:19:15,$ 3439.67,100
3746,10:19:09,$ 3440.00,100
3747,10:19:09,$ 3440.00,100
3748,10:19:09,$ 3440.00,100
3749,10:19:09,$ 3440.00,100
3750,10:19:09,$ 3440.71,100
3751,10:19:00,$ 3440.16,300
3752,10:18:59,$ 3440.01,100
3753,10:18:54,$ 3441.00,100
3754,10:18:54,$ 3441.00,100
3755,10:18:53,$ 3441.60,100
3756,10:18:53,$ 3441.53,100
3757,10:18:50,$ 3442.17,100
3758,10:18:50,$ 3442.16,100
3760,10:18:14,$ 3441.53,100
3761,10:18:08,$ 3442.60,200
3762,10:18:08,$ 3443.23,152
3763,10:18:08,$ 3443.23,178
3764,10:18:07,$ 3442.60,100
3765,10:18:04,$ 3441.4496,100
3766,10:18:03,$ 3443.18,100
3767,10:18:03,$ 3443.20,100
3768,10:18:03,$ 3442.26,100
3769,10:18:02,$ 3442.10,304
3770,10:17:59,$ 3443.23,200
3771,10:17:59,$ 3443.225,109
3772,10:17:55,$ 3443.23,100
3773,10:17:40,$ 3445.61,100
3774,10:17:37,$ 3445.49,109
3775,10:17:35,$ 3444.39,100
3776,10:17:33,$ 3445.4899,199
3777,10:17:27,$ 3444.505,140
3778,10:17:25,$ 3444.30,100
3779,10:17:20,$ 3443.24,100
3781,10:17:10,$ 3444.01,154
3782,10:16:59,$ 3446.00,300
3783,10:16:46,$ 3446.195,180
3784,10:16:46,$ 3446.80,100
3785,10:16:46,$ 3446.20,100
3786,10:16:44,$ 3446.54,100
3787,10:16:36,$ 3447.505,100
3788,10:16:35,$ 3447.50,100
3789,10:16:34,$ 3446.76,100
3790,10:16:34,$ 3446.85,100
3791,10:16:34,$ 3447.00,100
3792,10:16:34,$ 3447.02,100
3793,10:16:34,$ 3445.09,100
3794,10:16:31,$ 3444.3977,462
3795,10:16:31,$ 3442.97,100
3796,10:16:31,$ 3442.9699,100
3797,10:16:28,$ 3441.17,300
3798,10:16:28,$ 3442.24,300
3799,10:16:28,$ 3442.24,100
3800,10:16:28,$ 3442.239,100
3802,10:16:27,$ 3441.909,100
3803,10:16:26,$ 3441.325,100
3804,10:16:21,$ 3442.2399,100
3805,10:16:19,$ 3442.045,100
3806,10:16:17,$ 3441.795,100
3807,10:16:17,$ 3440.74,100
3808,10:16:17,$ 3440.9452,144
3809,10:16:16,$ 3440.42,100
3810,10:16:14,$ 3441.17,172
3811,10:16:13,$ 3440.755,100
3812,10:16:08,$ 3441.17,100
3813,10:16:05,$ 3441.63,103
3814,10:16:05,$ 3441.63,111
3815,10:16:05,$ 3441.23,100
3816,10:16:05,$ 3441.30,100
3817,10:16:04,$ 3441.9119,119
3818,10:16:03,$ 3442.00,530
3819,10:16:03,$ 3442.89,152
3820,10:16:03,$ 3443.00,100
3821,10:16:03,$ 3443.93,100
3823,10:16:03,$ 3443.22,100
3824,10:16:03,$ 3443.30,100
3825,10:15:59,$ 3443.58,200
3826,10:15:59,$ 3444.00,100
3827,10:15:47,$ 3444.50,100
3828,10:15:44,$ 3444.58,100
3829,10:15:42,$ 3444.97,100
3830,10:15:37,$ 3444.78,100
3831,10:15:27,$ 3445.00,100
3832,10:15:25,$ 3445.955,100
3833,10:15:24,$ 3446.00,100
3834,10:15:24,$ 3446.00,100
3835,10:15:14,$ 3446.485,300
3836,10:14:55,$ 3447.01,100
3837,10:14:54,$ 3447.01,100
3838,10:14:54,$ 3447.81,100
3839,10:14:53,$ 3447.69,299
3840,10:14:50,$ 3446.84,100
3841,10:14:50,$ 3446.33,100
3842,10:14:50,$ 3444.885,200
3844,10:14:49,$ 3444.395,100
3845,10:14:49,$ 3444.395,100
3846,10:14:35,$ 3445.21,100
3847,10:14:35,$ 3444.83,100
3848,10:14:26,$ 3444.2392,165
3849,10:14:25,$ 3443.48,100
3850,10:14:25,$ 3443.505,100
3851,10:14:24,$ 3443.73,100
3852,10:14:24,$ 3443.8001,100
3853,10:14:22,$ 3443.68,187
3854,10:14:12,$ 3444.02,100
3855,10:14:07,$ 3444.66,100
3856,10:14:03,$ 3444.014,100
3857,10:14:03,$ 3444.014,100
3858,10:14:03,$ 3444.014,100
3859,10:14:03,$ 3444.014,100
3860,10:14:03,$ 3444.20,100
3861,10:14:03,$ 3444.22,100
3862,10:14:03,$ 3444.61,100
3863,10:14:00,$ 3443.25,100
3865,10:13:47,$ 3444.95,100
3866,10:13:47,$ 3444.95,100
3867,10:13:47,$ 3444.19,100
3868,10:13:47,$ 3443.66,100
3869,10:13:46,$ 3445.10,100
3870,10:13:46,$ 3445.05,100
3871,10:13:46,$ 3444.94,100
3872,10:13:46,$ 3444.76,100
3873,10:13:46,$ 3444.61,100
3874,10:13:43,$ 3443.80,100
3875,10:13:36,$ 3445.10,100
3876,10:13:36,$ 3443.55,200
3877,10:13:35,$ 3442.82,100
3878,10:13:34,$ 3443.41,100
3879,10:13:30,$ 3445.14,100
3880,10:13:27,$ 3444.585,500
3881,10:13:26,$ 3444.45,100
3882,10:13:25,$ 3445.5057,100
3883,10:13:19,$ 3443.11,100
3884,10:13:18,$ 3443.895,500
3886,10:13:11,$ 3446.68,100
3887,10:13:09,$ 3446.125,500
3888,10:13:04,$ 3445.85,149
3889,10:13:02,$ 3447.26,149
3890,10:13:02,$ 3447.1403,100
3891,10:12:59,$ 3448.37,100
3892,10:12:58,$ 3448.00,100
3893,10:12:52,$ 3449.215,100
3894,10:12:52,$ 3449.4375,100
3895,10:12:52,$ 3449.66,110
3896,10:12:52,$ 3449.65,180
3897,10:12:52,$ 3449.66,100
3898,10:12:52,$ 3449.66,100
3899,10:12:52,$ 3449.215,100
3900,10:12:50,$ 3449.13,100
3901,10:12:46,$ 3449.185,500
3902,10:12:36,$ 3449.057,259
3903,10:12:36,$ 3449.057,480
