,NLS Time (ET),NLS Price,NLS Share Volume
1,09:59:45,$ 3207.495,100
2,09:59:44,$ 3208.81,100
3,09:59:44,$ 3207.495,100
4,09:59:30,$ 3206.53,100
5,09:59:09,$ 3208.2382,125
6,09:59:05,$ 3206.055,100
7,09:59:05,$ 3206.085,100
8,09:58:58,$ 3207.00,100
9,09:58:56,$ 3207.5999,100
10,09:58:56,$ 3206.80,100
11,09:58:56,$ 3207.00,100
12,09:58:56,$ 3207.00,100
13,09:58:44,$ 3207.76,100
14,09:58:37,$ 3209.01,100
15,09:58:24,$ 3207.77,100
16,09:58:24,$ 3207.795,100
17,09:58:24,$ 3207.84,100
18,09:58:23,$ 3209.34,100
19,09:58:22,$ 3207.425,100
20,09:58:20,$ 3207.015,200
22,09:58:16,$ 3206.315,100
23,09:58:16,$ 3207.50,146
24,09:58:02,$ 3212.02,100
25,09:58:02,$ 3212.01,100
26,09:58:00,$ 3213.35,100
27,09:57:59,$ 3212.63,100
28,09:57:59,$ 3212.65,100
29,09:57:57,$ 3211.5106,100
30,09:57:53,$ 3210.70,100
31,09:57:43,$ 3211.67,100
32,09:57:35,$ 3212.48,100
33,09:57:09,$ 3215.59,100
34,09:57:09,$ 3215.59,100
35,09:57:09,$ 3216.54,100
36,09:57:03,$ 3217.6199,400
37,09:57:01,$ 3217.97,100
38,09:57:01,$ 3217.97,100
39,09:57:00,$ 3217.9699,100
40,09:57:00,$ 3217.07,100
41,09:56:52,$ 3213.01,100
43,09:56:27,$ 3210.47,100
44,09:56:18,$ 3210.00,150
45,09:56:18,$ 3208.01,150
46,09:55:59,$ 3208.50,150
47,09:55:46,$ 3209.46,100
48,09:55:27,$ 3207.1081,100
49,09:55:24,$ 3209.43,100
50,09:55:24,$ 3207.436,100
51,09:55:24,$ 3206.79,100
52,09:55:23,$ 3206.15,100
53,09:55:20,$ 3205.785,100
54,09:55:05,$ 3206.916,100
55,09:55:02,$ 3209.215,182
56,09:55:00,$ 3210.01,233
57,09:54:54,$ 3212.00,117
58,09:54:40,$ 3211.48,100
59,09:54:20,$ 3212.00,100
60,09:54:02,$ 3209.96,100
61,09:53:56,$ 3208.20,100
62,09:53:54,$ 3209.40,100
64,09:53:40,$ 3212.80,125
65,09:53:20,$ 3217.32,100
66,09:52:28,$ 3216.97,100
67,09:52:27,$ 3217.805,100
68,09:52:25,$ 3217.2105,200
69,09:52:22,$ 3217.805,145
70,09:52:20,$ 3218.035,100
71,09:52:19,$ 3218.09,100
72,09:52:17,$ 3217.615,100
73,09:52:14,$ 3217.75,100
74,09:52:10,$ 3217.24,100
75,09:52:08,$ 3216.4001,125
76,09:52:06,$ 3218.24,100
77,09:51:53,$ 3217.42,100
78,09:51:38,$ 3214.00,100
79,09:51:38,$ 3214.67,100
80,09:51:37,$ 3216.04,100
81,09:51:37,$ 3216.04,100
82,09:51:34,$ 3215.00,"1,892"
83,09:51:32,$ 3213.00,500
85,09:51:29,$ 3217.36,100
86,09:51:27,$ 3215.24,100
87,09:51:19,$ 3218.68,100
88,09:51:16,$ 3219.22,100
89,09:51:11,$ 3220.4695,100
90,09:51:09,$ 3219.68,100
91,09:51:09,$ 3219.68,150
92,09:51:06,$ 3219.8585,200
93,09:50:58,$ 3219.324,"1,316"
94,09:50:57,$ 3220.00,165
95,09:50:56,$ 3219.95,100
96,09:50:54,$ 3219.297,210
97,09:50:49,$ 3218.00,100
98,09:50:46,$ 3215.91,100
99,09:50:36,$ 3214.46,100
100,09:50:36,$ 3215.44,100
101,09:50:36,$ 3215.53,100
102,09:50:34,$ 3215.53,100
103,09:50:32,$ 3215.15,300
104,09:50:32,$ 3215.21,100
106,09:50:10,$ 3215.4204,185
107,09:50:06,$ 3215.98,100
108,09:50:06,$ 3215.95,100
109,09:50:06,$ 3215.00,200
110,09:50:06,$ 3214.99,105
111,09:50:06,$ 3214.99,105
112,09:50:06,$ 3214.99,105
113,09:50:06,$ 3214.99,100
114,09:50:06,$ 3214.99,105
115,09:50:06,$ 3214.99,105
116,09:50:04,$ 3211.70,233
117,09:50:02,$ 3212.51,100
118,09:50:02,$ 3212.50,100
119,09:49:49,$ 3209.785,100
120,09:49:49,$ 3209.57,100
121,09:49:49,$ 3210.865,100
122,09:49:49,$ 3209.55,100
123,09:49:49,$ 3209.555,100
124,09:49:38,$ 3212.85,100
125,09:49:27,$ 3213.84,100
127,09:49:22,$ 3212.38,100
128,09:49:18,$ 3212.66,100
129,09:49:18,$ 3211.56,100
130,09:49:12,$ 3210.25,100
131,09:49:12,$ 3210.26,100
132,09:49:08,$ 3214.04,100
133,09:49:08,$ 3214.05,100
134,09:49:04,$ 3214.00,100
135,09:48:57,$ 3211.77,100
136,09:48:57,$ 3211.82,100
137,09:48:52,$ 3210.51,200
138,09:48:48,$ 3208.70,100
139,09:48:45,$ 3209.7202,102
140,09:48:43,$ 3209.74,100
141,09:48:41,$ 3206.92,100
142,09:48:23,$ 3204.59,105
143,09:48:17,$ 3203.75,100
144,09:48:12,$ 3202.75,100
145,09:48:05,$ 3203.90,100
146,09:48:02,$ 3204.29,100
148,09:48:02,$ 3203.73,100
149,09:47:45,$ 3205.32,100
150,09:47:43,$ 3203.10,102
151,09:47:41,$ 3205.08,100
152,09:47:34,$ 3201.96,269
153,09:47:33,$ 3200.72,100
154,09:47:33,$ 3201.95,100
155,09:47:33,$ 3201.80,100
156,09:47:28,$ 3202.00,100
157,09:47:27,$ 3202.20,100
158,09:47:17,$ 3204.0795,225
159,09:47:14,$ 3205.00,100
160,09:47:11,$ 3206.01,108
161,09:47:01,$ 3208.36,197
162,09:47:01,$ 3207.29,100
163,09:47:00,$ 3209.28,615
164,09:47:00,$ 3209.28,332
165,09:46:46,$ 3209.765,100
166,09:46:41,$ 3208.0645,100
167,09:46:35,$ 3206.9256,500
169,09:46:32,$ 3209.33,102
170,09:46:32,$ 3210.00,100
171,09:46:09,$ 3211.89,100
172,09:46:08,$ 3210.50,174
173,09:45:54,$ 3211.34,100
174,09:45:46,$ 3213.5544,100
175,09:45:44,$ 3213.85,500
176,09:45:38,$ 3212.74,100
177,09:45:37,$ 3214.5352,100
178,09:45:31,$ 3212.4447,150
179,09:45:30,$ 3213.63,100
180,09:45:29,$ 3214.30,100
181,09:45:28,$ 3214.00,100
182,09:45:28,$ 3212.71,200
183,09:45:23,$ 3213.0782,500
184,09:45:16,$ 3210.04,100
185,09:45:16,$ 3211.26,100
186,09:45:15,$ 3212.25,122
187,09:45:14,$ 3211.49,100
188,09:45:14,$ 3211.49,100
190,09:45:08,$ 3210.00,137
191,09:45:08,$ 3212.395,100
192,09:45:06,$ 3212.395,500
193,09:44:54,$ 3212.00,144
194,09:44:54,$ 3212.28,100
195,09:44:46,$ 3212.7327,102
196,09:44:45,$ 3211.525,100
197,09:44:45,$ 3211.45,100
198,09:44:45,$ 3211.09,100
199,09:44:45,$ 3211.46,100
200,09:44:45,$ 3207.21,100
201,09:44:45,$ 3207.32,100
202,09:44:45,$ 3211.20,100
203,09:44:42,$ 3214.0598,400
204,09:44:41,$ 3210.00,100
205,09:44:37,$ 3213.75,"1,000"
206,09:44:36,$ 3214.822,100
207,09:44:36,$ 3213.60,100
208,09:44:36,$ 3215.10,100
209,09:44:33,$ 3216.76,300
211,09:44:33,$ 3216.76,100
212,09:44:33,$ 3215.1472,148
213,09:44:31,$ 3216.53,100
214,09:44:31,$ 3216.72,100
215,09:44:29,$ 3213.6001,100
216,09:44:28,$ 3215.89,500
217,09:44:26,$ 3214.99,100
218,09:44:26,$ 3215.00,100
219,09:44:26,$ 3215.24,100
220,09:44:24,$ 3213.0932,300
221,09:44:23,$ 3214.72,100
222,09:44:23,$ 3214.73,100
223,09:44:22,$ 3213.60,100
224,09:44:22,$ 3213.23,100
225,09:44:16,$ 3209.61,100
226,09:44:15,$ 3209.46,100
227,09:44:12,$ 3208.73,100
228,09:44:07,$ 3209.56,100
229,09:44:06,$ 3208.70,102
230,09:43:54,$ 3209.20,100
232,09:43:50,$ 3210.945,102
233,09:43:49,$ 3210.95,150
234,09:43:45,$ 3211.03,100
235,09:43:42,$ 3209.545,200
236,09:43:42,$ 3207.02,100
237,09:43:42,$ 3207.02,100
238,09:43:42,$ 3207.82,100
239,09:43:37,$ 3212.36,100
240,09:43:37,$ 3209.61,100
241,09:43:36,$ 3211.42,100
242,09:43:34,$ 3207.81,100
243,09:43:34,$ 3206.99,100
244,09:43:34,$ 3207.00,100
245,09:43:33,$ 3206.89,100
246,09:43:32,$ 3205.83,100
247,09:43:31,$ 3205.69,100
248,09:43:31,$ 3204.4762,500
249,09:43:31,$ 3204.47,100
250,09:43:31,$ 3204.21,100
251,09:43:31,$ 3204.71,100
253,09:43:31,$ 3204.71,100
254,09:43:31,$ 3204.70,100
255,09:43:30,$ 3204.74,100
256,09:43:28,$ 3201.97,100
257,09:43:28,$ 3201.97,100
258,09:43:28,$ 3201.97,100
259,09:43:27,$ 3202.00,100
260,09:43:27,$ 3202.395,200
261,09:43:25,$ 3204.24,100
262,09:43:21,$ 3203.9401,102
263,09:43:18,$ 3203.80,100
264,09:43:18,$ 3203.34,100
265,09:43:18,$ 3203.29,100
266,09:43:18,$ 3204.08,100
267,09:43:18,$ 3204.06,100
268,09:43:14,$ 3205.99,100
269,09:43:09,$ 3204.71,100
270,09:43:09,$ 3204.46,300
271,09:43:06,$ 3204.4714,309
272,09:43:06,$ 3204.4714,191
274,09:43:06,$ 3203.455,500
275,09:43:02,$ 3202.54,106
276,09:43:02,$ 3201.482,100
277,09:43:02,$ 3201.34,100
278,09:43:01,$ 3200.95,100
279,09:42:56,$ 3200.325,750
280,09:42:56,$ 3200.81,100
281,09:42:54,$ 3202.5902,335
282,09:42:52,$ 3202.94,100
283,09:42:52,$ 3201.61,100
284,09:42:52,$ 3201.96,100
285,09:42:52,$ 3201.99,100
286,09:42:51,$ 3200.99,100
287,09:42:49,$ 3199.80,200
288,09:42:46,$ 3198.00,100
289,09:42:37,$ 3197.742,150
290,09:42:34,$ 3197.405,100
291,09:42:31,$ 3197.22,100
292,09:42:31,$ 3196.80,100
293,09:42:31,$ 3196.71,100
295,09:42:27,$ 3199.23,106
296,09:42:21,$ 3196.445,100
297,09:42:11,$ 3192.9438,133
298,09:42:05,$ 3194.58,100
299,09:42:05,$ 3194.71,100
300,09:41:54,$ 3189.4001,200
301,09:41:52,$ 3189.545,300
302,09:41:52,$ 3192.00,100
303,09:41:52,$ 3191.428,100
304,09:41:51,$ 3190.805,100
305,09:41:48,$ 3190.45,100
306,09:41:47,$ 3190.02,100
307,09:41:47,$ 3190.00,100
308,09:41:47,$ 3190.00,911
309,09:41:47,$ 3190.02,100
310,09:41:47,$ 3189.60,100
311,09:41:47,$ 3187.99,100
312,09:41:47,$ 3188.42,100
313,09:41:47,$ 3188.525,100
314,09:41:47,$ 3189.31,100
316,09:41:47,$ 3189.59,100
317,09:41:47,$ 3189.61,100
318,09:41:47,$ 3189.76,146
319,09:41:46,$ 3188.525,100
320,09:41:42,$ 3189.32,100
321,09:41:31,$ 3190.00,100
322,09:41:31,$ 3190.005,100
323,09:41:21,$ 3193.48,100
324,09:41:21,$ 3193.48,100
325,09:41:20,$ 3192.40,100
326,09:41:17,$ 3193.37,100
327,09:41:15,$ 3192.13,100
328,09:41:15,$ 3192.20,100
329,09:41:15,$ 3192.20,100
330,09:41:15,$ 3192.12,100
331,09:41:10,$ 3194.84,157
332,09:41:10,$ 3194.83,100
333,09:41:10,$ 3194.83,100
334,09:41:10,$ 3194.70,100
335,09:41:10,$ 3194.615,100
337,09:41:47,$ 3189.59,100
338,09:41:47,$ 3189.61,100
339,09:41:47,$ 3189.76,146
340,09:41:46,$ 3188.525,100
341,09:41:42,$ 3189.32,100
342,09:41:31,$ 3190.00,100
343,09:41:31,$ 3190.005,100
344,09:41:21,$ 3193.48,100
345,09:41:21,$ 3193.48,100
346,09:41:20,$ 3192.40,100
347,09:41:17,$ 3193.37,100
348,09:41:15,$ 3192.13,100
349,09:41:15,$ 3192.20,100
350,09:41:15,$ 3192.20,100
351,09:41:15,$ 3192.12,100
352,09:41:10,$ 3194.84,157
353,09:41:10,$ 3194.83,100
354,09:41:10,$ 3194.83,100
355,09:41:10,$ 3194.70,100
356,09:41:10,$ 3194.615,100
358,09:40:41,$ 3188.50,100
359,09:40:41,$ 3188.60,100
360,09:40:40,$ 3187.94,285
361,09:40:22,$ 3189.89,100
362,09:40:19,$ 3186.19,100
363,09:40:18,$ 3188.40,100
364,09:40:14,$ 3190.4566,150
365,09:40:09,$ 3190.205,100
366,09:40:08,$ 3190.32,100
367,09:40:07,$ 3191.325,100
368,09:40:06,$ 3192.29,100
369,09:40:06,$ 3191.305,100
370,09:40:05,$ 3190.005,100
371,09:40:05,$ 3191.00,100
372,09:40:00,$ 3190.00,500
373,09:40:00,$ 3189.90,100
374,09:39:50,$ 3188.01,100
375,09:39:49,$ 3188.945,500
376,09:39:37,$ 3189.50,100
377,09:39:36,$ 3189.495,100
379,09:39:36,$ 3189.39,100
380,09:39:35,$ 3188.9924,100
381,09:39:33,$ 3188.37,100
382,09:39:33,$ 3188.6126,100
383,09:39:31,$ 3188.56,100
384,09:39:29,$ 3188.36,100
385,09:39:29,$ 3188.61,100
386,09:39:14,$ 3188.84,159
387,09:39:11,$ 3189.53,113
388,09:39:06,$ 3188.83,100
389,09:39:04,$ 3189.53,112
390,09:39:03,$ 3189.53,112
391,09:39:03,$ 3186.04,100
392,09:39:03,$ 3186.005,100
393,09:39:03,$ 3186.56,100
394,09:39:02,$ 3189.53,157
395,09:39:01,$ 3188.2075,313
396,09:38:43,$ 3189.55,100
397,09:38:43,$ 3189.55,100
398,09:38:43,$ 3189.60,100
400,09:38:43,$ 3190.745,103
401,09:38:40,$ 3190.00,174
402,09:38:40,$ 3189.70,100
403,09:38:35,$ 3186.94,100
404,09:38:33,$ 3186.61,100
405,09:38:33,$ 3188.00,100
406,09:38:33,$ 3188.00,144
407,09:38:33,$ 3188.00,200
408,09:38:33,$ 3189.00,100
409,09:38:29,$ 3190.02,100
410,09:38:27,$ 3190.03,100
411,09:38:22,$ 3190.87,500
412,09:38:20,$ 3190.852,100
413,09:38:20,$ 3190.99,100
414,09:38:19,$ 3190.68,100
415,09:38:15,$ 3187.50,100
416,09:38:15,$ 3188.00,100
417,09:38:15,$ 3188.49,100
418,09:38:13,$ 3187.25,100
419,09:38:12,$ 3187.37,179
421,09:38:12,$ 3185.605,555
422,09:38:11,$ 3186.80,182
423,09:38:10,$ 3185.00,236
424,09:38:10,$ 3185.00,100
425,09:38:10,$ 3186.01,100
426,09:38:09,$ 3186.43,100
427,09:38:06,$ 3187.49,100
428,09:38:06,$ 3187.38,100
429,09:38:06,$ 3188.415,500
430,09:38:05,$ 3187.5736,250
431,09:38:05,$ 3187.38,165
432,09:38:02,$ 3188.32,100
433,09:38:01,$ 3187.11,100
434,09:38:00,$ 3189.68,113
435,09:37:59,$ 3187.43,100
436,09:37:50,$ 3189.90,100
437,09:37:50,$ 3189.90,100
438,09:37:38,$ 3190.7236,300
439,09:37:37,$ 3189.805,100
440,09:37:36,$ 3189.90,100
442,09:37:36,$ 3189.52,100
443,09:37:36,$ 3189.92,100
444,09:37:35,$ 3187.975,100
445,09:37:31,$ 3189.01,100
446,09:37:31,$ 3189.17,100
447,09:37:29,$ 3190.00,100
448,09:37:29,$ 3190.23,100
449,09:37:29,$ 3190.00,400
450,09:37:29,$ 3191.10,100
451,09:37:26,$ 3191.77,121
452,09:37:25,$ 3191.15,100
453,09:37:19,$ 3193.17,100
454,09:37:19,$ 3192.01,100
455,09:37:12,$ 3196.83,100
456,09:37:12,$ 3196.815,100
457,09:37:12,$ 3196.005,100
458,09:37:12,$ 3196.60,100
459,09:37:11,$ 3196.785,100
460,09:37:11,$ 3195.925,100
461,09:37:11,$ 3196.65,100
463,09:37:08,$ 3194.4562,300
464,09:37:07,$ 3197.88,100
465,09:37:06,$ 3195.98,100
466,09:37:04,$ 3195.02,110
467,09:37:04,$ 3195.30,100
468,09:37:04,$ 3195.15,100
469,09:37:02,$ 3196.93,100
470,09:36:59,$ 3196.00,100
471,09:36:59,$ 3195.03,100
472,09:36:59,$ 3195.04,100
473,09:36:59,$ 3195.025,100
474,09:36:59,$ 3195.04,100
475,09:36:52,$ 3196.195,100
476,09:36:51,$ 3195.942,150
477,09:36:46,$ 3194.13,100
478,09:36:44,$ 3195.78,100
479,09:36:44,$ 3194.37,100
480,09:36:44,$ 3194.31,100
481,09:36:43,$ 3194.74,100
482,09:36:35,$ 3193.44,100
484,09:36:35,$ 3193.445,100
485,09:36:28,$ 3191.12,100
486,09:36:28,$ 3192.29,100
487,09:36:28,$ 3192.55,100
488,09:36:28,$ 3193.01,225
489,09:36:28,$ 3193.01,100
490,09:36:26,$ 3195.00,100
491,09:36:21,$ 3196.82,100
492,09:36:18,$ 3196.8187,100
493,09:36:17,$ 3198.02,100
494,09:36:17,$ 3197.40,100
495,09:36:16,$ 3199.00,247
496,09:36:15,$ 3200.995,100
497,09:36:14,$ 3200.995,100
498,09:36:14,$ 3201.79,100
499,09:36:13,$ 3200.99,100
500,09:36:13,$ 3200.99,100
501,09:36:10,$ 3200.5325,100
502,09:36:07,$ 3199.50,200
503,09:36:03,$ 3200.23,100
505,09:36:03,$ 3202.00,107
506,09:36:03,$ 3200.575,100
507,09:36:02,$ 3200.38,100
508,09:36:01,$ 3199.18,100
509,09:36:00,$ 3197.75,100
510,09:35:57,$ 3197.19,100
511,09:35:56,$ 3198.10,100
512,09:35:55,$ 3198.00,"1,341"
513,09:35:55,$ 3198.00,100
514,09:35:55,$ 3198.00,100
515,09:35:55,$ 3198.01,100
516,09:35:55,$ 3198.01,100
517,09:35:55,$ 3198.01,100
518,09:35:50,$ 3198.80,100
519,09:35:50,$ 3197.988,100
520,09:35:50,$ 3197.98,100
521,09:35:49,$ 3198.00,251
522,09:35:48,$ 3199.39,100
523,09:35:48,$ 3200.315,100
524,09:35:48,$ 3199.945,100
526,09:35:48,$ 3200.64,100
527,09:35:48,$ 3200.86,100
528,09:35:48,$ 3200.28,100
529,09:35:48,$ 3200.37,100
530,09:35:46,$ 3198.955,100
531,09:35:46,$ 3198.27,100
532,09:35:46,$ 3198.455,100
533,09:35:40,$ 3200.00,300
534,09:35:27,$ 3198.525,100
535,09:35:27,$ 3199.10,100
536,09:35:27,$ 3199.23,100
537,09:35:23,$ 3200.00,100
538,09:35:23,$ 3199.95,100
539,09:35:23,$ 3202.56,100
540,09:35:15,$ 3200.92,100
541,09:35:12,$ 3200.35,290
542,09:35:12,$ 3200.35,100
543,09:35:12,$ 3200.35,100
544,09:35:11,$ 3200.64,100
545,09:35:04,$ 3198.62,100
547,09:35:04,$ 3196.83,100
548,09:35:01,$ 3198.62,100
549,09:34:53,$ 3197.53,100
550,09:34:50,$ 3197.43,100
551,09:34:50,$ 3196.192,100
552,09:34:46,$ 3197.44,100
553,09:34:46,$ 3197.24,100
554,09:34:46,$ 3196.97,100
555,09:34:46,$ 3195.85,100
556,09:34:46,$ 3195.985,113
557,09:34:42,$ 3197.00,100
558,09:34:42,$ 3197.00,199
559,09:34:42,$ 3197.30,100
560,09:34:41,$ 3198.03,100
561,09:34:39,$ 3199.7175,200
562,09:34:38,$ 3198.03,100
563,09:34:35,$ 3199.8999,220
564,09:34:32,$ 3197.05,100
565,09:34:31,$ 3198.67,100
566,09:34:31,$ 3198.07,100
568,09:34:31,$ 3198.13,100
569,09:34:31,$ 3200.61,100
570,09:34:31,$ 3200.61,100
571,09:34:31,$ 3200.61,669
572,09:34:31,$ 3200.61,300
573,09:34:31,$ 3200.61,300
574,09:34:31,$ 3200.61,100
575,09:34:29,$ 3200.53,100
576,09:34:29,$ 3201.00,100
577,09:34:28,$ 3200.99,100
578,09:34:16,$ 3197.90,"1,000"
579,09:34:15,$ 3200.25,400
580,09:34:15,$ 3200.37,100
581,09:34:03,$ 3200.25,100
582,09:34:03,$ 3200.25,100
583,09:34:03,$ 3200.25,100
584,09:34:03,$ 3200.25,100
585,09:34:03,$ 3200.25,100
586,09:34:03,$ 3200.25,100
587,09:34:03,$ 3200.25,100
589,09:34:03,$ 3200.25,100
590,09:34:03,$ 3198.455,100
591,09:34:02,$ 3200.005,100
592,09:34:02,$ 3199.82,100
593,09:34:02,$ 3198.17,100
594,09:34:02,$ 3198.12,100
595,09:34:02,$ 3198.20,100
596,09:34:02,$ 3198.25,100
597,09:34:02,$ 3198.20,100
598,09:34:02,$ 3198.365,100
599,09:34:02,$ 3195.00,100
600,09:34:00,$ 3197.40,100
601,09:34:00,$ 3196.96,100
602,09:33:59,$ 3198.31,100
603,09:33:58,$ 3198.37,100
604,09:33:58,$ 3198.93,592
605,09:33:58,$ 3197.001,181
606,09:33:57,$ 3200.48,100
607,09:33:57,$ 3200.78,100
608,09:33:57,$ 3200.25,100
610,09:33:57,$ 3200.66,100
611,09:33:57,$ 3200.01,100
612,09:33:56,$ 3199.50,100
613,09:33:55,$ 3200.25,300
614,09:33:55,$ 3200.66,200
615,09:33:55,$ 3200.66,100
616,09:33:50,$ 3200.2528,100
617,09:33:44,$ 3200.70,100
618,09:33:41,$ 3200.88,100
619,09:33:41,$ 3200.25,100
620,09:33:40,$ 3200.25,100
621,09:33:40,$ 3200.255,100
622,09:33:35,$ 3201.2399,100
623,09:33:33,$ 3197.0001,100
624,09:33:33,$ 3199.22,100
625,09:33:33,$ 3199.87,100
626,09:33:33,$ 3199.2726,150
627,09:33:30,$ 3197.00,100
628,09:33:30,$ 3197.00,100
629,09:33:30,$ 3201.46,116
631,09:33:30,$ 3201.46,432
632,09:33:30,$ 3200.25,200
633,09:33:30,$ 3200.25,522
634,09:33:30,$ 3200.99,100
635,09:33:30,$ 3200.25,200
636,09:33:30,$ 3200.25,355
637,09:33:30,$ 3200.30,100
638,09:33:30,$ 3200.25,200
639,09:33:30,$ 3198.80,100
640,09:33:30,$ 3198.10,100
641,09:33:25,$ 3199.28,100
642,09:33:25,$ 3197.30,100
643,09:33:25,$ 3197.63,100
644,09:33:25,$ 3197.58,100
645,09:33:24,$ 3199.25,100
646,09:33:24,$ 3198.80,100
647,09:33:24,$ 3198.80,100
648,09:33:24,$ 3199.49,100
649,09:33:24,$ 3199.50,100
650,09:33:24,$ 3199.48,100
652,09:33:21,$ 3200.9813,103
653,09:33:19,$ 3201.4399,100
654,09:33:09,$ 3200.885,300
655,09:33:04,$ 3199.3421,100
656,09:32:57,$ 3200.325,100
657,09:32:53,$ 3198.432,100
658,09:32:51,$ 3199.97,188
659,09:32:26,$ 3197.5801,125
660,09:32:25,$ 3200.255,100
661,09:32:25,$ 3200.25,100
662,09:32:18,$ 3200.25,100
663,09:32:15,$ 3200.00,100
664,09:32:14,$ 3200.75,100
665,09:32:12,$ 3199.93,292
666,09:32:08,$ 3200.25,100
667,09:32:08,$ 3201.25,100
668,09:32:03,$ 3200.25,100
669,09:31:57,$ 3200.25,100
670,09:31:56,$ 3202.90,100
671,09:31:53,$ 3201.60,100
673,09:31:53,$ 3200.61,100
674,09:31:53,$ 3200.595,100
675,09:31:53,$ 3200.98,125
676,09:31:53,$ 3200.98,200
677,09:31:53,$ 3200.98,300
678,09:31:51,$ 3200.99,100
679,09:31:47,$ 3200.55,700
680,09:31:47,$ 3200.86,100
681,09:31:37,$ 3200.835,100
682,09:31:35,$ 3200.29,100
683,09:31:35,$ 3199.99,100
684,09:31:35,$ 3200.04,100
685,09:31:35,$ 3199.43,117
686,09:31:28,$ 3197.20,100
687,09:31:26,$ 3199.56,100
688,09:31:23,$ 3200.31,100
689,09:31:23,$ 3200.31,100
690,09:31:23,$ 3200.3875,100
691,09:31:23,$ 3200.31,100
692,09:31:23,$ 3200.5675,100
694,09:31:23,$ 3200.31,100
695,09:31:19,$ 3199.775,100
696,09:31:17,$ 3200.945,100
697,09:31:17,$ 3200.04,100
698,09:31:06,$ 3200.25,100
699,09:31:06,$ 3201.6699,100
700,09:31:03,$ 3200.10,100
701,09:31:03,$ 3199.55,100
702,09:31:01,$ 3198.03,100
703,09:31:00,$ 3199.40,100
704,09:31:00,$ 3199.40,100
705,09:30:59,$ 3200.76,100
706,09:30:59,$ 3201.035,100
707,09:30:59,$ 3200.76,100
708,09:30:59,$ 3201.035,100
709,09:30:59,$ 3201.0975,100
710,09:30:59,$ 3201.45,100
711,09:30:59,$ 3200.76,100
712,09:30:59,$ 3200.77,100
713,09:30:59,$ 3200.803,103
715,09:30:58,$ 3201.1297,100
716,09:30:51,$ 3198.45,100
717,09:30:49,$ 3198.20,100
718,09:30:38,$ 3198.48,100
719,09:30:33,$ 3197.31,100
720,09:30:32,$ 3197.02,106
721,09:30:32,$ 3197.00,318
722,09:30:27,$ 3200.00,100
723,09:30:27,$ 3200.05,100
724,09:30:27,$ 3200.25,100
725,09:30:27,$ 3200.00,100
726,09:30:26,$ 3201.525,100
727,09:30:22,$ 3201.525,112
728,09:30:21,$ 3200.156,100
729,09:30:21,$ 3200.025,800
730,09:30:21,$ 3201.515,100
731,09:30:16,$ 3201.1821,100
732,09:30:16,$ 3197.0001,100
733,09:30:12,$ 3200.505,100
734,09:30:12,$ 3195.195,100
736,09:30:12,$ 3199.00,150
737,09:30:09,$ 3198.00,900
738,09:30:09,$ 3197.60,100
739,09:30:09,$ 3197.65,100
740,09:30:09,$ 3197.95,100
741,09:30:09,$ 3198.00,133
742,09:30:07,$ 3195.61,100
743,09:30:07,$ 3195.56,100
744,09:30:07,$ 3195.59,100
745,09:30:07,$ 3195.59,100
746,09:30:07,$ 3195.59,100
747,09:30:07,$ 3195.56,114
748,09:30:07,$ 3195.56,114
749,09:30:06,$ 3194.03,100
750,09:30:05,$ 3193.48,100
751,09:30:04,$ 3196.51,100
752,09:30:02,$ 3195.00,1
753,09:30:02,$ 3195.00,1
754,09:30:02,$ 3195.00,1
755,09:30:02,$ 3195.00,220
757,09:30:02,$ 3195.00,12
758,09:30:02,$ 3195.00,7
759,09:30:02,$ 3195.00,3
760,09:30:02,$ 3195.00,3
761,09:30:02,$ 3195.00,5
762,09:30:02,$ 3195.00,1
763,09:30:02,$ 3195.00,2
764,09:30:02,$ 3195.00,14
765,09:30:02,$ 3195.00,7
766,09:30:02,$ 3195.00,1
767,09:30:02,$ 3195.00,1
768,09:30:02,$ 3195.00,2
769,09:30:02,$ 3195.00,8
770,09:30:02,$ 3195.00,1
771,09:30:02,$ 3195.00,1
772,09:30:02,$ 3195.00,2
773,09:30:02,$ 3195.00,1
774,09:30:02,$ 3195.00,6
775,09:30:02,$ 3195.00,1
776,09:30:02,$ 3195.00,6
778,09:30:02,$ 3195.00,3
779,09:30:02,$ 3195.00,10
780,09:30:02,$ 3195.00,1
781,09:30:02,$ 3195.00,4
782,09:30:02,$ 3195.00,1
783,09:30:02,$ 3195.00,2
784,09:30:02,$ 3195.00,1
785,09:30:02,$ 3195.00,12
786,09:30:02,$ 3195.00,50
787,09:30:02,$ 3195.00,3
788,09:30:02,$ 3195.00,1
789,09:30:02,$ 3195.00,1
790,09:30:02,$ 3195.00,1
791,09:30:02,$ 3195.00,3
792,09:30:02,$ 3195.00,2
793,09:30:02,$ 3195.00,1
794,09:30:02,$ 3195.00,1
795,09:30:02,$ 3195.00,30
796,09:30:02,$ 3195.00,10
797,09:30:02,$ 3195.00,16
799,09:30:02,$ 3195.00,4
800,09:30:02,$ 3195.00,10
801,09:30:02,$ 3195.00,2
802,09:30:02,$ 3195.00,3
803,09:30:02,$ 3195.00,10
804,09:30:02,$ 3195.00,2
805,09:30:02,$ 3195.00,10
806,09:30:02,$ 3195.00,2
807,09:30:02,$ 3195.00,15
808,09:30:02,$ 3195.00,2
809,09:30:02,$ 3195.00,30
810,09:30:02,$ 3195.00,5
811,09:30:02,$ 3195.00,5
812,09:30:02,$ 3195.00,12
813,09:30:02,$ 3195.00,5
814,09:30:02,$ 3195.00,2
815,09:30:02,$ 3195.00,2
816,09:30:02,$ 3195.00,2
817,09:30:02,$ 3195.00,3
818,09:30:02,$ 3195.00,2
820,09:30:02,$ 3195.00,2
821,09:30:02,$ 3195.00,3
822,09:30:02,$ 3195.00,5
823,09:30:02,$ 3195.00,3
824,09:30:02,$ 3195.00,5
825,09:30:02,$ 3195.00,1
826,09:30:02,$ 3195.00,2
827,09:30:02,$ 3195.00,1
828,09:30:02,$ 3195.00,1
829,09:30:02,$ 3195.00,3
830,09:30:02,$ 3195.00,2
831,09:30:02,$ 3195.00,5
832,09:30:02,$ 3195.00,22
833,09:30:02,$ 3195.00,50
834,09:30:02,$ 3195.00,50
835,09:30:02,$ 3195.00,8
836,09:30:02,$ 3195.00,1
837,09:30:02,$ 3195.00,4
838,09:30:02,$ 3195.00,4
839,09:30:02,$ 3195.00,30
841,09:30:02,$ 3195.00,1
842,09:30:02,$ 3195.00,1
843,09:30:02,$ 3195.00,32
844,09:30:02,$ 3195.00,8
845,09:30:02,$ 3195.00,10
846,09:30:02,$ 3195.00,2
847,09:30:02,$ 3195.00,4
848,09:30:02,$ 3195.00,31
849,09:30:02,$ 3195.00,1
850,09:30:02,$ 3195.00,2
851,09:30:02,$ 3195.00,2
852,09:30:02,$ 3195.00,4
853,09:30:02,$ 3195.00,7
854,09:30:02,$ 3195.00,5
855,09:30:02,$ 3195.00,90
856,09:30:02,$ 3195.00,2
857,09:30:02,$ 3195.00,10
858,09:30:02,$ 3195.00,2
859,09:30:02,$ 3195.00,1
860,09:30:02,$ 3195.00,1
862,09:30:02,$ 3195.00,1
863,09:30:02,$ 3195.00,2
864,09:30:02,$ 3195.00,3
865,09:30:02,$ 3195.00,1
866,09:30:02,$ 3195.00,5
867,09:30:02,$ 3195.00,2
868,09:30:02,$ 3195.00,2
869,09:30:02,$ 3195.00,6
870,09:30:02,$ 3195.00,3
871,09:30:02,$ 3195.00,1
872,09:30:02,$ 3195.00,15
873,09:30:02,$ 3195.00,5
874,09:30:02,$ 3195.00,242
875,09:30:02,$ 3195.00,100
876,09:30:02,$ 3195.00,5
877,09:30:02,$ 3195.00,100
878,09:30:02,$ 3195.00,1
879,09:30:02,$ 3195.00,1
880,09:30:02,$ 3195.00,50
881,09:30:02,$ 3195.00,1
883,09:30:02,$ 3195.00,14
884,09:30:02,$ 3195.00,23
885,09:30:02,$ 3195.00,3
886,09:30:02,$ 3195.00,138
887,09:30:02,$ 3195.00,30
888,09:30:02,$ 3195.00,11
889,09:30:02,$ 3195.00,15
890,09:30:02,$ 3195.00,2
891,09:30:02,$ 3195.00,2
892,09:30:02,$ 3195.00,50
893,09:30:02,$ 3195.00,1
894,09:30:02,$ 3195.00,1
895,09:30:02,$ 3195.00,479
896,09:30:02,$ 3195.00,2
897,09:30:02,$ 3195.00,487
898,09:30:02,$ 3195.00,1
899,09:30:02,$ 3195.00,2
900,09:30:02,$ 3195.00,644
901,09:30:02,$ 3195.00,1
902,09:30:02,$ 3195.00,1
904,09:30:02,$ 3195.00,1
905,09:30:02,$ 3195.00,2
906,09:30:02,$ 3195.00,1
907,09:30:02,$ 3195.00,2
908,09:30:02,$ 3195.00,10
909,09:30:02,$ 3195.00,1
910,09:30:02,$ 3195.00,10
911,09:30:02,$ 3195.00,1
912,09:30:02,$ 3195.00,5
913,09:30:02,$ 3195.00,5
914,09:30:02,$ 3195.00,3
915,09:30:02,$ 3195.00,5
916,09:30:02,$ 3195.00,1
917,09:30:02,$ 3195.00,1
918,09:30:02,$ 3195.00,1
919,09:30:02,$ 3195.00,1
920,09:30:02,$ 3195.00,6
921,09:30:02,$ 3195.00,1
922,09:30:02,$ 3195.00,3
923,09:30:02,$ 3195.00,1
925,09:30:02,$ 3195.00,3
926,09:30:02,$ 3195.00,1
927,09:30:02,$ 3195.00,8
928,09:30:02,$ 3195.00,13
929,09:30:02,$ 3195.00,1
930,09:30:02,$ 3195.00,1
931,09:30:02,$ 3195.00,28
932,09:30:02,$ 3195.00,1
933,09:30:02,$ 3195.00,"1,263"
934,09:30:02,$ 3195.00,60
935,09:30:02,$ 3195.00,1
936,09:30:02,$ 3195.00,269
937,09:30:02,$ 3195.00,22
938,09:30:02,$ 3195.00,1
939,09:30:02,$ 3195.00,400
940,09:30:02,$ 3195.00,5
941,09:30:02,$ 3195.00,8
942,09:30:02,$ 3195.00,500
943,09:30:02,$ 3195.00,6
944,09:30:02,$ 3195.00,2
946,09:30:02,$ 3195.00,126
947,09:30:02,$ 3195.00,100
948,09:30:02,$ 3195.00,1
949,09:30:02,$ 3195.00,2
950,09:30:02,$ 3195.00,1
951,09:30:02,$ 3195.00,2
952,09:30:02,$ 3195.00,100
953,09:30:02,$ 3195.00,252
954,09:30:02,$ 3195.00,1
955,09:30:02,$ 3195.00,100
956,09:30:02,$ 3195.00,5
957,09:30:02,$ 3195.00,51
958,09:30:02,$ 3195.00,515
959,09:30:02,$ 3195.00,1
960,09:30:02,$ 3195.00,2
961,09:30:02,$ 3195.00,5
962,09:30:02,$ 3195.00,20
963,09:30:02,$ 3195.00,64
964,09:30:02,$ 3195.00,55
965,09:30:02,$ 3195.00,13
967,09:30:02,$ 3195.00,1
968,09:30:02,$ 3195.00,1
969,09:30:02,$ 3195.00,1
970,09:30:02,$ 3195.00,10
971,09:30:02,$ 3195.00,1
972,09:30:02,$ 3195.00,3
973,09:30:02,$ 3195.00,372
974,09:30:02,$ 3195.00,15
975,09:30:02,$ 3195.00,2
976,09:30:02,$ 3195.00,7
977,09:30:02,$ 3195.00,1
978,09:30:02,$ 3195.00,4
979,09:30:02,$ 3195.00,2
980,09:30:02,$ 3195.00,10
981,09:30:02,$ 3195.00,1
982,09:30:02,$ 3195.00,1
983,09:30:02,$ 3195.00,1
984,09:30:02,$ 3195.00,344
985,09:30:02,$ 3195.00,50
986,09:30:02,$ 3195.00,4
988,09:30:02,$ 3195.00,2
989,09:30:02,$ 3195.00,735
990,09:30:02,$ 3195.00,20
991,09:30:02,$ 3195.00,5
992,09:30:02,$ 3195.00,8
993,09:30:02,$ 3195.00,66
994,09:30:02,$ 3195.00,13
995,09:30:02,$ 3195.00,14
996,09:30:02,$ 3195.00,11
997,09:30:02,$ 3195.00,1
998,09:30:02,$ 3195.00,400
999,09:30:02,$ 3195.00,13
1000,09:30:02,$ 3195.00,174
1001,09:30:02,$ 3195.00,1
1002,09:30:02,$ 3195.00,2
1003,09:30:02,$ 3195.00,1
1004,09:30:02,$ 3195.00,5
1005,09:30:02,$ 3195.00,106
1006,09:30:02,$ 3195.00,1
1007,09:30:02,$ 3195.00,1
1009,09:30:02,$ 3195.00,40
1010,09:30:02,$ 3195.00,250
1011,09:30:02,$ 3195.00,2
1012,09:30:02,$ 3195.00,135
1013,09:30:02,$ 3195.00,448
1014,09:30:02,$ 3195.00,5
1015,09:30:02,$ 3195.00,6
1016,09:30:02,$ 3195.00,74
1017,09:30:02,$ 3195.00,42
1018,09:30:02,$ 3195.00,39
1019,09:30:02,$ 3195.00,30
1020,09:30:02,$ 3195.00,2
1021,09:30:02,$ 3195.00,1
1022,09:30:02,$ 3195.00,6
1023,09:30:02,$ 3195.00,14
1024,09:30:02,$ 3195.00,6
1025,09:30:02,$ 3195.00,1
1026,09:30:02,$ 3195.00,4
1027,09:30:02,$ 3195.00,905
1028,09:30:02,$ 3195.00,6
1030,09:30:02,$ 3195.00,60
1031,09:30:02,$ 3195.00,1
1032,09:30:02,$ 3195.00,97
1033,09:30:02,$ 3195.00,2
1034,09:30:02,$ 3195.00,2
1035,09:30:02,$ 3195.00,2
1036,09:30:02,$ 3195.00,33
1037,09:30:02,$ 3195.00,1
1038,09:30:02,$ 3195.00,1
1039,09:30:02,$ 3195.00,3
1040,09:30:02,$ 3195.00,5
1041,09:30:02,$ 3195.00,6
1042,09:30:02,$ 3195.00,10
1043,09:30:02,$ 3195.00,5
1044,09:30:02,$ 3195.00,3
1045,09:30:02,$ 3195.00,13
1046,09:30:02,$ 3195.00,6
1047,09:30:02,$ 3195.00,1
1048,09:30:02,$ 3195.00,12
1049,09:30:02,$ 3195.00,341
1051,09:30:02,$ 3195.00,59
1052,09:30:02,$ 3195.00,70
1053,09:30:02,$ 3195.00,1
1054,09:30:02,$ 3195.00,2
1055,09:30:02,$ 3195.00,5
1056,09:30:02,$ 3195.00,1
1057,09:30:02,$ 3195.00,12
1058,09:30:02,$ 3195.00,"2,000"
1059,09:30:02,$ 3195.00,1
1060,09:30:02,$ 3195.00,2
1061,09:30:02,$ 3195.00,11
1062,09:30:02,$ 3195.00,2
1063,09:30:02,$ 3195.00,1
1064,09:30:02,$ 3195.00,2
1065,09:30:02,$ 3195.00,2
1066,09:30:02,$ 3195.00,2
1067,09:30:02,$ 3195.00,5
1068,09:30:02,$ 3195.00,4
1069,09:30:02,$ 3195.00,1
1070,09:30:02,$ 3195.00,2
1072,09:30:02,$ 3195.00,9
1073,09:30:02,$ 3195.00,2
1074,09:30:02,$ 3195.00,3
1075,09:30:02,$ 3195.00,2
1076,09:30:02,$ 3195.00,1
1077,09:30:02,$ 3195.00,9
1078,09:30:02,$ 3195.00,5
1079,09:30:02,$ 3195.00,11
1080,09:30:02,$ 3195.00,2
1081,09:30:02,$ 3195.00,1
1082,09:30:02,$ 3195.00,2
1083,09:30:02,$ 3195.00,5
1084,09:30:02,$ 3195.00,80
1085,09:30:02,$ 3195.00,126
1086,09:30:02,$ 3195.00,1
1087,09:30:02,$ 3195.00,2
1088,09:30:02,$ 3195.00,1
1089,09:30:02,$ 3195.00,2
1090,09:30:02,$ 3195.00,15
1091,09:30:02,$ 3195.00,"1,000"
1093,09:30:02,$ 3195.00,9
1094,09:30:02,$ 3195.00,1
1095,09:30:02,$ 3195.00,59
1096,09:30:02,$ 3195.00,20
1097,09:30:02,$ 3195.00,182
1098,09:30:02,$ 3195.00,61
1099,09:30:02,$ 3195.00,2
1100,09:30:02,$ 3195.00,1
1101,09:30:02,$ 3195.00,1
1102,09:30:02,$ 3195.00,5
1103,09:30:02,$ 3195.00,31
1104,09:30:02,$ 3195.00,1
1105,09:30:02,$ 3195.00,3
1106,09:30:02,$ 3195.00,65
1107,09:30:02,$ 3195.00,3
1108,09:30:02,$ 3195.00,5
1109,09:30:02,$ 3195.00,3
1110,09:30:02,$ 3195.00,45
1111,09:30:02,$ 3195.00,3
1112,09:30:02,$ 3195.00,3
1114,09:30:02,$ 3195.00,1
1115,09:30:02,$ 3195.00,3
1116,09:30:02,$ 3195.00,10
1117,09:30:02,$ 3195.00,100
1118,09:30:02,$ 3195.00,1
1119,09:30:02,$ 3195.00,1
1120,09:30:02,$ 3195.00,3
1121,09:30:02,$ 3195.00,1
1122,09:30:02,$ 3195.00,177
1123,09:30:02,$ 3195.00,1
1124,09:30:02,$ 3195.00,1
1125,09:30:02,$ 3195.00,2
1126,09:30:02,$ 3195.00,1
1127,09:30:02,$ 3195.00,5
1128,09:30:02,$ 3195.00,10
1129,09:30:02,$ 3195.00,"1,067"
1130,09:30:02,$ 3195.00,3
1131,09:30:02,$ 3195.00,16
1132,09:30:02,$ 3195.00,2
1133,09:30:02,$ 3195.00,1
1135,09:30:02,$ 3195.00,2
1136,09:30:02,$ 3195.00,7
1137,09:30:02,$ 3195.00,4
1138,09:30:02,$ 3195.00,6
1139,09:30:02,$ 3195.00,3
1140,09:30:02,$ 3195.00,1
1141,09:30:02,$ 3195.00,1
1142,09:30:02,$ 3195.00,5
1143,09:30:02,$ 3195.00,1
1144,09:30:02,$ 3195.00,1
1145,09:30:02,$ 3195.00,10
1146,09:30:02,$ 3195.00,1
1147,09:30:02,$ 3195.00,3
1148,09:30:02,$ 3195.00,15
1149,09:30:02,$ 3195.00,11
1150,09:30:02,$ 3195.00,2
1151,09:30:02,$ 3195.00,3
1152,09:30:02,$ 3195.00,1
1153,09:30:02,$ 3195.00,6
1154,09:30:02,$ 3195.00,4
1156,09:30:02,$ 3195.00,4
1157,09:30:02,$ 3195.00,1
1158,09:30:02,$ 3195.00,2
1159,09:30:02,$ 3195.00,4
1160,09:30:02,$ 3195.00,1
1161,09:30:02,$ 3195.00,6
1162,09:30:02,$ 3195.00,6
1163,09:30:02,$ 3195.00,4
1164,09:30:02,$ 3195.00,12
1165,09:30:02,$ 3195.00,6
1166,09:30:02,$ 3195.00,9
1167,09:30:02,$ 3195.00,2
1168,09:30:02,$ 3195.00,5
1169,09:30:02,$ 3195.00,25
1170,09:30:02,$ 3195.00,16
1171,09:30:02,$ 3195.00,1
1172,09:30:02,$ 3195.00,2
1173,09:30:02,$ 3195.00,1
1174,09:30:02,$ 3195.00,2
1175,09:30:02,$ 3195.00,1
1177,09:30:02,$ 3195.00,1
1178,09:30:02,$ 3195.00,1
1179,09:30:02,$ 3195.00,1
1180,09:30:02,$ 3195.00,1
1181,09:30:02,$ 3195.00,1
1182,09:30:02,$ 3195.00,3
1183,09:30:02,$ 3195.00,20
1184,09:30:02,$ 3195.00,1
1185,09:30:02,$ 3195.00,1
1186,09:30:02,$ 3195.00,2
1187,09:30:02,$ 3195.00,3
1188,09:30:02,$ 3195.00,5
1189,09:30:02,$ 3195.00,1
1190,09:30:02,$ 3195.00,5
1191,09:30:02,$ 3195.00,1
1192,09:30:02,$ 3195.00,1
1193,09:30:02,$ 3195.00,1
1194,09:30:02,$ 3195.00,1
1195,09:30:02,$ 3195.00,1
1196,09:30:02,$ 3195.00,2
1198,09:30:02,$ 3195.00,7
1199,09:30:02,$ 3195.00,1
1200,09:30:02,$ 3195.00,6
1201,09:30:02,$ 3195.00,1
1202,09:30:02,$ 3195.00,1
1203,09:30:02,$ 3195.00,2
1204,09:30:02,$ 3195.00,1
1205,09:30:02,$ 3195.00,1
1206,09:30:02,$ 3195.00,5
1207,09:30:02,$ 3195.00,5
1208,09:30:02,$ 3195.00,1
1209,09:30:02,$ 3195.00,1
1210,09:30:02,$ 3195.00,1
1211,09:30:02,$ 3195.00,1
1212,09:30:02,$ 3195.00,2
1213,09:30:02,$ 3195.00,1
1214,09:30:02,$ 3195.00,1
1215,09:30:02,$ 3195.00,1
1216,09:30:02,$ 3195.00,70
1217,09:30:02,$ 3195.00,5
1219,09:30:02,$ 3195.00,10
1220,09:30:02,$ 3195.00,3
1221,09:30:02,$ 3195.00,1
1222,09:30:02,$ 3195.00,4
1223,09:30:02,$ 3195.00,8
1224,09:30:02,$ 3195.00,1
1225,09:30:02,$ 3195.00,1
1226,09:30:02,$ 3195.00,1
1227,09:30:02,$ 3195.00,345
1228,09:30:02,$ 3195.00,42
1229,09:30:02,$ 3195.00,10
1230,09:30:02,$ 3195.00,2
1231,09:30:02,$ 3195.00,1
1232,09:30:02,$ 3195.00,2
1233,09:30:02,$ 3195.00,1
1234,09:30:02,$ 3195.00,1
1235,09:30:02,$ 3195.00,1
1236,09:30:02,$ 3195.00,3
1237,09:30:02,$ 3195.00,5
1238,09:30:02,$ 3195.00,8
1240,09:30:02,$ 3195.00,4
1241,09:30:02,$ 3195.00,1
1242,09:30:02,$ 3195.00,3
1243,09:30:02,$ 3195.00,2
1244,09:30:02,$ 3195.00,1
1245,09:30:02,$ 3195.00,11
1246,09:30:02,$ 3195.00,2
1247,09:30:02,$ 3195.00,3
1248,09:30:02,$ 3195.00,5
1249,09:30:02,$ 3195.00,8
1250,09:30:02,$ 3195.00,1
1251,09:30:02,$ 3195.00,3
1252,09:30:02,$ 3195.00,2
1253,09:30:02,$ 3195.00,17
1254,09:30:02,$ 3195.00,4
1255,09:30:02,$ 3195.00,1
1256,09:30:02,$ 3195.00,3
1257,09:30:02,$ 3195.00,74
1258,09:30:02,$ 3195.00,1
1259,09:30:02,$ 3195.00,15
1261,09:30:02,$ 3195.00,2
1262,09:30:02,$ 3195.00,5
1263,09:30:02,$ 3195.00,1
1264,09:30:02,$ 3195.00,1
1265,09:30:02,$ 3195.00,1
1266,09:30:02,$ 3195.00,1
1267,09:30:02,$ 3195.00,1
1268,09:30:02,$ 3195.00,4
1269,09:30:02,$ 3195.00,1
1270,09:30:02,$ 3195.00,1
1271,09:30:02,$ 3195.00,20
1272,09:30:02,$ 3195.00,2
1273,09:30:02,$ 3195.00,1
1274,09:30:02,$ 3195.00,4
1275,09:30:02,$ 3195.00,1
1276,09:30:02,$ 3195.00,4
1277,09:30:02,$ 3195.00,3
1278,09:30:02,$ 3195.00,2
1279,09:30:02,$ 3195.00,2
1280,09:30:02,$ 3195.00,1
1282,09:30:02,$ 3195.00,1
1283,09:30:02,$ 3195.00,5
1284,09:30:02,$ 3195.00,4
1285,09:30:02,$ 3195.00,1
1286,09:30:02,$ 3195.00,1
1287,09:30:02,$ 3195.00,7
1288,09:30:02,$ 3195.00,1
1289,09:30:02,$ 3195.00,3
1290,09:30:02,$ 3195.00,2
1291,09:30:02,$ 3195.00,1
1292,09:30:02,$ 3195.00,1
1293,09:30:02,$ 3195.00,1
1294,09:30:02,$ 3195.00,5
1295,09:30:02,$ 3195.00,1
1296,09:30:02,$ 3195.00,1
1297,09:30:02,$ 3195.00,1
1298,09:30:02,$ 3195.00,4
1299,09:30:02,$ 3195.00,1
1300,09:30:02,$ 3195.00,3
1301,09:30:02,$ 3195.00,23
1303,09:30:02,$ 3195.00,1
1304,09:30:02,$ 3195.00,5
1305,09:30:02,$ 3195.00,2
1306,09:30:02,$ 3195.00,3
1307,09:30:02,$ 3195.00,1
1308,09:30:02,$ 3195.00,6
1309,09:30:02,$ 3195.00,1
1310,09:30:02,$ 3195.00,5
1311,09:30:02,$ 3195.00,8
1312,09:30:02,$ 3195.00,3
1313,09:30:02,$ 3195.00,3
1314,09:30:02,$ 3195.00,36
1315,09:30:02,$ 3195.00,75
1316,09:30:02,$ 3195.00,20
1317,09:30:02,$ 3195.00,1
1318,09:30:02,$ 3195.00,1
1319,09:30:02,$ 3195.00,1
1320,09:30:02,$ 3195.00,1
1321,09:30:02,$ 3195.00,2
1322,09:30:02,$ 3195.00,7
1324,09:30:02,$ 3195.00,2
1325,09:30:02,$ 3195.00,1
1326,09:30:02,$ 3195.00,62
1327,09:30:02,$ 3195.00,65
1328,09:30:02,$ 3195.00,1
1329,09:30:02,$ 3195.00,1
1330,09:30:02,$ 3195.00,9
1331,09:30:02,$ 3195.00,1
1332,09:30:02,$ 3195.00,2
1333,09:30:02,$ 3195.00,8
1334,09:30:02,$ 3195.00,1
1335,09:30:02,$ 3195.00,1
1336,09:30:02,$ 3195.00,2
1337,09:30:02,$ 3195.00,4
1338,09:30:02,$ 3195.00,2
1339,09:30:02,$ 3195.00,34
1340,09:30:02,$ 3195.00,4
1341,09:30:02,$ 3195.00,5
1342,09:30:02,$ 3195.00,2
1343,09:30:02,$ 3195.00,1
1345,09:30:02,$ 3195.00,3
1346,09:30:02,$ 3195.00,2
1347,09:30:02,$ 3195.00,4
1348,09:30:02,$ 3195.00,3
1349,09:30:02,$ 3195.00,3
1350,09:30:02,$ 3195.00,12
1351,09:30:02,$ 3195.00,1
1352,09:30:02,$ 3195.00,2
1353,09:30:02,$ 3195.00,1
1354,09:30:02,$ 3195.00,1
1355,09:30:02,$ 3195.00,2
1356,09:30:02,$ 3195.00,1
1357,09:30:02,$ 3195.00,1
1358,09:30:02,$ 3195.00,2
1359,09:30:02,$ 3195.00,2
1360,09:30:02,$ 3195.00,3
1361,09:30:02,$ 3195.00,3
1362,09:30:02,$ 3195.00,3
1363,09:30:02,$ 3195.00,2
1364,09:30:02,$ 3195.00,2
1366,09:30:02,$ 3195.00,1
1367,09:30:02,$ 3195.00,2
1368,09:30:02,$ 3195.00,1
1369,09:30:02,$ 3195.00,1
1370,09:30:02,$ 3195.00,1
1371,09:30:02,$ 3195.00,2
1372,09:30:02,$ 3195.00,2
1373,09:30:02,$ 3195.00,2
1374,09:30:02,$ 3195.00,2
1375,09:30:02,$ 3195.00,2
1376,09:30:02,$ 3195.00,3
1377,09:30:02,$ 3195.00,1
1378,09:30:02,$ 3195.00,1
1379,09:30:02,$ 3195.00,1
1380,09:30:02,$ 3195.00,3
1381,09:30:02,$ 3195.00,7
1382,09:30:02,$ 3195.00,1
1383,09:30:02,$ 3195.00,5
1384,09:30:02,$ 3195.00,1
1385,09:30:02,$ 3195.00,1
1387,09:30:02,$ 3195.00,2
1388,09:30:02,$ 3195.00,1
1389,09:30:02,$ 3195.00,1
1390,09:30:02,$ 3195.00,15
1391,09:30:02,$ 3195.00,18
1392,09:30:02,$ 3195.00,1
1393,09:30:02,$ 3195.00,10
1394,09:30:02,$ 3195.00,6
1395,09:30:02,$ 3195.00,2
1396,09:30:02,$ 3195.00,3
1397,09:30:02,$ 3195.00,1
1398,09:30:02,$ 3195.00,2
1399,09:30:02,$ 3195.00,1
1400,09:30:02,$ 3195.00,1
1401,09:30:02,$ 3195.00,1
1402,09:30:02,$ 3195.00,2
1403,09:30:02,$ 3195.00,1
1404,09:30:02,$ 3195.00,6
1405,09:30:02,$ 3195.00,5
1406,09:30:02,$ 3195.00,31
1408,09:30:02,$ 3195.00,3
1409,09:30:02,$ 3195.00,2
1410,09:30:02,$ 3195.00,4
1411,09:30:02,$ 3195.00,1
1412,09:30:02,$ 3195.00,1
1413,09:30:02,$ 3195.00,7
1414,09:30:02,$ 3195.00,5
1415,09:30:02,$ 3195.00,1
1416,09:30:02,$ 3195.00,135
1417,09:30:02,$ 3195.00,6
1418,09:30:02,$ 3195.00,1
1419,09:30:02,$ 3195.00,100
1420,09:30:02,$ 3195.00,1
1421,09:30:02,$ 3195.00,1
1422,09:30:02,$ 3195.00,1
1423,09:30:02,$ 3195.00,6
1424,09:30:02,$ 3195.00,1
1425,09:30:02,$ 3195.00,12
1426,09:30:02,$ 3195.00,1
1427,09:30:02,$ 3195.00,1
1429,09:30:02,$ 3195.00,3
1430,09:30:02,$ 3195.00,1
1431,09:30:02,$ 3195.00,1
1432,09:30:02,$ 3195.00,1
1433,09:30:02,$ 3195.00,1
1434,09:30:02,$ 3195.00,8
1435,09:30:02,$ 3195.00,2
1436,09:30:02,$ 3195.00,1
1437,09:30:02,$ 3195.00,23
1438,09:30:02,$ 3195.00,3
1439,09:30:02,$ 3195.00,1
1440,09:30:02,$ 3195.00,3
1441,09:30:02,$ 3195.00,24
1442,09:30:02,$ 3195.00,3
1443,09:30:02,$ 3195.00,1
1444,09:30:02,$ 3195.00,2
1445,09:30:02,$ 3195.00,1
1446,09:30:02,$ 3195.00,3
1447,09:30:02,$ 3195.00,3
1448,09:30:02,$ 3195.00,2
1450,09:30:02,$ 3195.00,10
1451,09:30:02,$ 3195.00,2
1452,09:30:02,$ 3195.00,20
1453,09:30:02,$ 3195.00,1
1454,09:30:02,$ 3195.00,42
1455,09:30:02,$ 3195.00,8
1456,09:30:02,$ 3195.00,1
1457,09:30:02,$ 3195.00,11
1458,09:30:02,$ 3195.00,4
1459,09:30:02,$ 3195.00,1
1460,09:30:02,$ 3195.00,30
1461,09:30:02,$ 3195.00,1
1462,09:30:02,$ 3195.00,31
1463,09:30:02,$ 3195.00,15
1464,09:30:02,$ 3195.00,38
1465,09:30:02,$ 3195.00,3
1466,09:30:02,$ 3195.00,4
1467,09:30:02,$ 3195.00,1
1468,09:30:02,$ 3195.00,1
1469,09:30:02,$ 3195.00,1
1471,09:30:02,$ 3195.00,1
1472,09:30:02,$ 3195.00,3
1473,09:30:02,$ 3195.00,4
1474,09:30:02,$ 3195.00,4
1475,09:30:02,$ 3195.00,4
1476,09:30:02,$ 3195.00,11
1477,09:30:02,$ 3195.00,4
1478,09:30:02,$ 3195.00,2
1479,09:30:02,$ 3195.00,2
1480,09:30:02,$ 3195.00,1
1481,09:30:02,$ 3195.00,1
1482,09:30:02,$ 3195.00,2
1483,09:30:02,$ 3195.00,1
1484,09:30:02,$ 3195.00,2
1485,09:30:02,$ 3195.00,10
1486,09:30:02,$ 3195.00,15
1487,09:30:02,$ 3195.00,2
1488,09:30:02,$ 3195.00,3
1489,09:30:02,$ 3195.00,13
1490,09:30:02,$ 3195.00,10
1492,09:30:02,$ 3195.00,15
1493,09:30:02,$ 3195.00,66
1494,09:30:02,$ 3195.00,1
1495,09:30:02,$ 3195.00,2
1496,09:30:02,$ 3195.00,3
1497,09:30:02,$ 3195.00,1
1498,09:30:02,$ 3195.00,2
1499,09:30:02,$ 3195.00,1
1500,09:30:02,$ 3195.00,10
1501,09:30:02,$ 3195.00,2
1502,09:30:02,$ 3195.00,1
1503,09:30:02,$ 3195.00,5
1504,09:30:02,$ 3195.00,2
1505,09:30:02,$ 3195.00,1
1506,09:30:02,$ 3195.00,20
1507,09:30:02,$ 3195.00,1
1508,09:30:02,$ 3195.00,1
1509,09:30:02,$ 3195.00,2
1510,09:30:02,$ 3195.00,1
1511,09:30:02,$ 3195.00,2
1513,09:30:02,$ 3195.00,6
1514,09:30:02,$ 3195.00,1
1515,09:30:02,$ 3195.00,1
1516,09:30:02,$ 3195.00,33
1517,09:30:02,$ 3195.00,10
1518,09:30:02,$ 3195.00,2
1519,09:30:02,$ 3195.00,1
1520,09:30:02,$ 3195.00,15
1521,09:30:02,$ 3195.00,4
1522,09:30:02,$ 3195.00,1
1523,09:30:02,$ 3195.00,1
1524,09:30:02,$ 3195.00,5
1525,09:30:02,$ 3195.00,5
1526,09:30:02,$ 3195.00,3
1527,09:30:02,$ 3195.00,1
1528,09:30:02,$ 3195.00,50
1529,09:30:02,$ 3195.00,7
1530,09:30:02,$ 3195.00,2
1531,09:30:02,$ 3195.00,1
1532,09:30:02,$ 3195.00,10
1534,09:30:02,$ 3195.00,2
1535,09:30:02,$ 3195.00,9
1536,09:30:02,$ 3195.00,10
1537,09:30:02,$ 3195.00,1
1538,09:30:02,$ 3195.00,5
1539,09:30:02,$ 3195.00,1
1540,09:30:02,$ 3195.00,2
1541,09:30:02,$ 3195.00,50
1542,09:30:02,$ 3195.00,2
1543,09:30:02,$ 3195.00,5
1544,09:30:02,$ 3195.00,2
1545,09:30:02,$ 3195.00,2
1546,09:30:02,$ 3195.00,3
1547,09:30:02,$ 3195.00,1
1548,09:30:02,$ 3195.00,1
1549,09:30:02,$ 3195.00,1
1550,09:30:02,$ 3195.00,3
1551,09:30:02,$ 3195.00,1
1552,09:30:02,$ 3195.00,3
1553,09:30:02,$ 3195.00,3
1555,09:30:02,$ 3195.00,1
1556,09:30:02,$ 3195.00,2
1557,09:30:02,$ 3195.00,3
1558,09:30:02,$ 3195.00,1
1559,09:30:02,$ 3195.00,1
1560,09:30:02,$ 3195.00,2
1561,09:30:02,$ 3195.00,30
1562,09:30:02,$ 3195.00,10
1563,09:30:02,$ 3195.00,1
1564,09:30:02,$ 3195.00,1
1565,09:30:02,$ 3195.00,1
1566,09:30:02,$ 3195.00,1
1567,09:30:02,$ 3195.00,100
1568,09:30:02,$ 3195.00,2
1569,09:30:02,$ 3195.00,10
1570,09:30:02,$ 3195.00,2
1571,09:30:02,$ 3195.00,15
1572,09:30:02,$ 3195.00,1
1573,09:30:02,$ 3195.00,1
1574,09:30:02,$ 3195.00,2
1576,09:30:02,$ 3195.00,5
1577,09:30:02,$ 3195.00,3
1578,09:30:02,$ 3195.00,1
1579,09:30:02,$ 3195.00,1
1580,09:30:02,$ 3195.00,1
1581,09:30:02,$ 3195.00,2
1582,09:30:02,$ 3195.00,10
1583,09:30:02,$ 3195.00,2
1584,09:30:02,$ 3195.00,5
1585,09:30:02,$ 3195.00,1
1586,09:30:02,$ 3195.00,1
1587,09:30:02,$ 3195.00,1
1588,09:30:02,$ 3195.00,1
1589,09:30:02,$ 3195.00,3
1590,09:30:02,$ 3195.00,1
1591,09:30:02,$ 3195.00,1
1592,09:30:02,$ 3195.00,1
1593,09:30:02,$ 3195.00,8
1594,09:30:02,$ 3195.00,2
1595,09:30:02,$ 3195.00,1
1597,09:30:02,$ 3195.00,4
1598,09:30:02,$ 3195.00,7
1599,09:30:02,$ 3195.00,2
1600,09:30:02,$ 3195.00,1
1601,09:30:02,$ 3195.00,1
1602,09:30:02,$ 3195.00,2
1603,09:30:02,$ 3195.00,2
1604,09:30:02,$ 3195.00,10
1605,09:30:02,$ 3195.00,1
1606,09:30:02,$ 3195.00,12
1607,09:30:02,$ 3195.00,4
1608,09:30:02,$ 3195.00,3
1609,09:30:02,$ 3195.00,1
1610,09:30:02,$ 3195.00,1
1611,09:30:02,$ 3195.00,4
1612,09:30:02,$ 3195.00,1
1613,09:30:02,$ 3195.00,2
1614,09:30:02,$ 3195.00,5
1615,09:30:02,$ 3195.00,14
1616,09:30:02,$ 3195.00,2
1618,09:30:02,$ 3195.00,3
1619,09:30:02,$ 3195.00,19
1620,09:30:02,$ 3195.00,14
1621,09:30:02,$ 3195.00,10
1622,09:30:02,$ 3195.00,4
1623,09:30:02,$ 3195.00,5
1624,09:30:02,$ 3195.00,64
1625,09:30:02,$ 3195.00,1
1626,09:30:02,$ 3195.00,5
1627,09:30:02,$ 3195.00,10
1628,09:30:02,$ 3195.00,3
1629,09:30:02,$ 3195.00,1
1630,09:30:02,$ 3195.00,1
1631,09:30:02,$ 3195.00,3
1632,09:30:02,$ 3195.00,3
1633,09:30:02,$ 3195.00,1
1634,09:30:02,$ 3195.00,1
1635,09:30:02,$ 3195.00,2
1636,09:30:02,$ 3195.00,2
1637,09:30:02,$ 3195.00,157
1639,09:30:02,$ 3195.00,2
1640,09:30:02,$ 3195.00,17
1641,09:30:02,$ 3195.00,254
1642,09:30:02,$ 3195.00,1
1643,09:30:02,$ 3195.00,1
1644,09:30:02,$ 3195.00,2
1645,09:30:02,$ 3195.00,10
1646,09:30:02,$ 3195.00,1
1647,09:30:02,$ 3195.00,4
1648,09:30:02,$ 3195.00,1
1649,09:30:02,$ 3195.00,1
1650,09:30:02,$ 3195.00,8
1651,09:30:02,$ 3195.00,1
1652,09:30:02,$ 3195.00,2
1653,09:30:02,$ 3195.00,7
1654,09:30:02,$ 3195.00,8
1655,09:30:02,$ 3195.00,175
1656,09:30:02,$ 3195.00,2
1657,09:30:02,$ 3195.00,1
1658,09:30:02,$ 3195.00,1
1660,09:30:02,$ 3195.00,1
1661,09:30:02,$ 3195.00,1
1662,09:30:02,$ 3195.00,4
1663,09:30:02,$ 3195.00,2
1664,09:30:02,$ 3195.00,10
1665,09:30:02,$ 3195.00,10
1666,09:30:02,$ 3195.00,4
1667,09:30:02,$ 3195.00,4
1668,09:30:02,$ 3195.00,1
1669,09:30:02,$ 3195.00,1
1670,09:30:02,$ 3195.00,1
1671,09:30:02,$ 3195.00,3
1672,09:30:02,$ 3195.00,12
1673,09:30:02,$ 3195.00,5
1674,09:30:02,$ 3195.00,1
1675,09:30:02,$ 3195.00,2
1676,09:30:02,$ 3195.00,2
1677,09:30:02,$ 3195.00,9
1678,09:30:02,$ 3195.00,1
1679,09:30:02,$ 3195.00,1
1681,09:30:02,$ 3195.00,16
1682,09:30:02,$ 3195.00,1
1683,09:30:02,$ 3195.00,1
1684,09:30:02,$ 3195.00,1
1685,09:30:02,$ 3195.00,1
1686,09:30:02,$ 3195.00,2
1687,09:30:02,$ 3195.00,12
1688,09:30:02,$ 3195.00,3
1689,09:30:02,$ 3195.00,1
1690,09:30:02,$ 3195.00,15
1691,09:30:02,$ 3195.00,5
1692,09:30:02,$ 3195.00,100
1693,09:30:02,$ 3195.00,1
1694,09:30:02,$ 3195.00,1
1695,09:30:02,$ 3195.00,1
1696,09:30:02,$ 3195.00,20
1697,09:30:02,$ 3195.00,1
1698,09:30:02,$ 3195.00,117
1699,09:30:02,$ 3195.00,1
1700,09:30:02,$ 3195.00,1
1702,09:30:02,$ 3195.00,25
1703,09:30:02,$ 3195.00,117
1704,09:30:02,$ 3195.00,4
1705,09:30:02,$ 3195.00,3
1706,09:30:02,$ 3195.00,1
1707,09:30:02,$ 3195.00,4
1708,09:30:02,$ 3195.00,3
1709,09:30:02,$ 3195.00,6
1710,09:30:02,$ 3195.00,1
1711,09:30:02,$ 3195.00,1
1712,09:30:02,$ 3195.00,3
1713,09:30:02,$ 3195.00,1
1714,09:30:02,$ 3195.00,6
1715,09:30:02,$ 3195.00,1
1716,09:30:02,$ 3195.00,2
1717,09:30:02,$ 3195.00,117
1718,09:30:02,$ 3195.00,2
1719,09:30:02,$ 3195.00,116
1720,09:30:02,$ 3195.00,8
1721,09:30:02,$ 3195.00,4
1723,09:30:02,$ 3195.00,30
1724,09:30:02,$ 3195.00,1
1725,09:30:02,$ 3195.00,15
1726,09:30:02,$ 3195.00,2
1727,09:30:02,$ 3195.00,117
1728,09:30:02,$ 3195.00,4
1729,09:30:02,$ 3195.00,117
1730,09:30:02,$ 3195.00,1
1731,09:30:02,$ 3195.00,117
1732,09:30:02,$ 3195.00,1
1733,09:30:02,$ 3195.00,2
1734,09:30:02,$ 3195.00,117
1735,09:30:02,$ 3195.00,117
1736,09:30:02,$ 3195.00,1
1737,09:30:02,$ 3195.00,1
1738,09:30:02,$ 3195.00,117
1739,09:30:02,$ 3195.00,117
1740,09:30:02,$ 3195.00,5
1741,09:30:02,$ 3195.00,1
1742,09:30:02,$ 3195.00,1
1744,09:30:02,$ 3195.00,1
1745,09:30:02,$ 3195.00,5
1746,09:30:02,$ 3195.00,30
1747,09:30:02,$ 3195.00,1
1748,09:30:02,$ 3195.00,1
1749,09:30:02,$ 3195.00,5
1750,09:30:02,$ 3195.00,2
1751,09:30:02,$ 3195.00,2
1752,09:30:02,$ 3195.00,5
1753,09:30:02,$ 3195.00,20
1754,09:30:02,$ 3195.00,4
1755,09:30:02,$ 3195.00,25
1756,09:30:02,$ 3195.00,1
1757,09:30:02,$ 3195.00,10
1758,09:30:02,$ 3195.00,10
1759,09:30:02,$ 3195.00,1
1760,09:30:02,$ 3195.00,2
1761,09:30:02,$ 3195.00,10
1762,09:30:02,$ 3195.00,1
1763,09:30:02,$ 3195.00,117
1765,09:30:02,$ 3195.00,116
1766,09:30:02,$ 3195.00,1
1767,09:30:02,$ 3195.00,117
1768,09:30:02,$ 3195.00,1
1769,09:30:02,$ 3195.00,1
1770,09:30:02,$ 3195.00,1
1771,09:30:02,$ 3195.00,117
1772,09:30:02,$ 3195.00,4
1773,09:30:02,$ 3195.00,117
1774,09:30:02,$ 3195.00,5
1775,09:30:02,$ 3195.00,2
1776,09:30:02,$ 3195.00,117
1777,09:30:02,$ 3195.00,1
1778,09:30:02,$ 3195.00,117
1779,09:30:02,$ 3195.00,100
1780,09:30:02,$ 3195.00,2
1781,09:30:02,$ 3195.00,20
1782,09:30:02,$ 3195.00,1
1783,09:30:02,$ 3195.00,1
1784,09:30:02,$ 3195.00,117
1786,09:30:02,$ 3195.00,1
1787,09:30:02,$ 3195.00,3
1788,09:30:02,$ 3195.00,117
1789,09:30:02,$ 3195.00,5
1790,09:30:02,$ 3195.00,1
1791,09:30:02,$ 3195.00,1
1792,09:30:02,$ 3195.00,1
1793,09:30:02,$ 3195.00,1
1794,09:30:02,$ 3195.00,117
1795,09:30:02,$ 3195.00,117
1796,09:30:02,$ 3195.00,58
1797,09:30:02,$ 3195.00,186
1798,09:30:02,$ 3195.00,2
1799,09:30:02,$ 3195.00,1
1800,09:30:02,$ 3195.00,3
1801,09:30:02,$ 3195.00,2
1802,09:30:02,$ 3195.00,1
1803,09:30:02,$ 3195.00,1
1804,09:30:02,$ 3195.00,5
1805,09:30:02,$ 3195.00,2
1807,09:30:02,$ 3195.00,1
1808,09:30:02,$ 3195.00,1
1809,09:30:02,$ 3195.00,1
1810,09:30:02,$ 3195.00,1
1811,09:30:02,$ 3195.00,1
1812,09:30:02,$ 3195.00,1
1813,09:30:02,$ 3195.00,300
1814,09:30:02,$ 3195.00,25
1815,09:30:02,$ 3195.00,20
1816,09:30:02,$ 3195.00,1
1817,09:30:02,$ 3195.00,1
1818,09:30:02,$ 3195.00,3
1819,09:30:02,$ 3195.00,1
1820,09:30:02,$ 3195.00,2
1821,09:30:02,$ 3195.00,1
1822,09:30:02,$ 3195.00,7
1823,09:30:02,$ 3195.00,10
1824,09:30:02,$ 3195.00,4
1825,09:30:02,$ 3195.00,4
1826,09:30:02,$ 3195.00,1
1828,09:30:02,$ 3195.00,2
1829,09:30:02,$ 3195.00,1
1830,09:30:02,$ 3195.00,28
1831,09:30:02,$ 3195.00,1
1832,09:30:02,$ 3195.00,1
1833,09:30:02,$ 3195.00,15
1834,09:30:02,$ 3195.00,2
1835,09:30:02,$ 3195.00,1
1836,09:30:02,$ 3195.00,1
1837,09:30:02,$ 3195.00,143
1838,09:30:02,$ 3195.00,58
1839,09:30:02,$ 3195.00,59
1840,09:30:02,$ 3195.00,2
1841,09:30:02,$ 3195.00,58
1842,09:30:02,$ 3195.00,59
1843,09:30:02,$ 3195.00,1
1844,09:30:02,$ 3195.00,58
1845,09:30:02,$ 3195.00,1
1846,09:30:02,$ 3195.00,15
1847,09:30:02,$ 3195.00,59
1849,09:30:02,$ 3195.00,58
1850,09:30:02,$ 3195.00,59
1851,09:30:02,$ 3195.00,58
1852,09:30:02,$ 3195.00,2
1853,09:30:02,$ 3195.00,1
1854,09:30:02,$ 3195.00,50
1855,09:30:02,$ 3195.00,50
1856,09:30:02,$ 3195.00,50
1857,09:30:02,$ 3195.00,1
1858,09:30:02,$ 3195.00,3
1859,09:30:02,$ 3195.00,6
1860,09:30:02,$ 3195.00,3
1861,09:30:02,$ 3195.00,2
1862,09:30:02,$ 3195.00,5
1863,09:30:02,$ 3195.00,1
1864,09:30:02,$ 3195.00,5
1865,09:30:02,$ 3195.00,10
1866,09:30:02,$ 3195.00,1
1867,09:30:02,$ 3195.00,2
1868,09:30:02,$ 3195.00,2
1870,09:30:02,$ 3195.00,1
1871,09:30:02,$ 3195.00,1
1872,09:30:02,$ 3195.00,2
1873,09:30:02,$ 3195.00,1
1874,09:30:02,$ 3195.00,90
1875,09:30:02,$ 3195.00,1
1876,09:30:02,$ 3195.00,1
1877,09:30:02,$ 3195.00,1
1878,09:30:02,$ 3195.00,15
1879,09:30:02,$ 3195.00,2
1880,09:30:02,$ 3195.00,1
1881,09:30:02,$ 3195.00,1
1882,09:30:02,$ 3195.00,10
1883,09:30:02,$ 3195.00,1
1884,09:30:02,$ 3195.00,1
1885,09:30:02,$ 3195.00,3
1886,09:30:02,$ 3195.00,2
1887,09:30:02,$ 3195.00,2
1888,09:30:02,$ 3195.00,1
1889,09:30:02,$ 3195.00,3
1891,09:30:02,$ 3195.00,15
1892,09:30:02,$ 3195.00,5
1893,09:30:02,$ 3195.00,1
1894,09:30:02,$ 3195.00,4
1895,09:30:02,$ 3195.00,1
1896,09:30:02,$ 3195.00,30
1897,09:30:02,$ 3195.00,1
1898,09:30:02,$ 3195.00,250
1899,09:30:02,$ 3195.00,3
1900,09:30:02,$ 3195.00,4
1901,09:30:02,$ 3195.00,3
1902,09:30:02,$ 3195.00,1
1903,09:30:02,$ 3195.00,1
1904,09:30:02,$ 3195.00,100
1905,09:30:02,$ 3195.00,1
1906,09:30:02,$ 3195.00,10
1907,09:30:02,$ 3195.00,10
1908,09:30:02,$ 3195.00,18
1909,09:30:02,$ 3195.00,5
1910,09:30:02,$ 3195.00,10
1912,09:30:02,$ 3195.00,19
1913,09:30:02,$ 3195.00,15
1914,09:30:02,$ 3195.00,10
1915,09:30:02,$ 3195.00,100
1916,09:30:02,$ 3195.00,30
1917,09:30:02,$ 3195.00,100
1918,09:30:02,$ 3195.00,100
1919,09:30:02,$ 3195.00,75
1920,09:30:02,$ 3195.00,40
1921,09:30:02,$ 3195.00,30
1922,09:30:02,$ 3195.00,100
1923,09:30:02,$ 3195.00,60
1924,09:30:02,$ 3195.00,60
1925,09:30:02,$ 3195.00,57
1926,09:30:02,$ 3195.00,100
1927,09:30:02,$ 3195.00,7
1928,09:30:02,$ 3195.00,15
1929,09:30:02,$ 3195.00,1
1930,09:30:02,$ 3195.00,2
1931,09:30:02,$ 3195.00,1
1933,09:30:02,$ 3195.00,9
1934,09:30:02,$ 3195.00,1
1935,09:30:02,$ 3195.00,1
1936,09:30:02,$ 3195.00,3
1937,09:30:02,$ 3195.00,20
1938,09:30:02,$ 3195.00,1
1939,09:30:02,$ 3195.00,3
1940,09:30:02,$ 3195.00,1
1941,09:30:02,$ 3195.00,1
1942,09:30:02,$ 3195.00,1
1943,09:30:02,$ 3195.00,30
1944,09:30:02,$ 3195.00,2
1945,09:30:02,$ 3195.00,6
1946,09:30:02,$ 3195.00,1
1947,09:30:02,$ 3195.00,1
1948,09:30:02,$ 3195.00,10
1949,09:30:02,$ 3195.00,3
1950,09:30:02,$ 3195.00,1
1951,09:30:02,$ 3195.00,2
1952,09:30:02,$ 3195.00,2
1954,09:30:02,$ 3195.00,30
1955,09:30:02,$ 3195.00,142
1956,09:30:02,$ 3195.00,1
1957,09:30:02,$ 3195.00,100
1958,09:30:02,$ 3195.00,22
1959,09:30:02,$ 3195.00,2
1960,09:30:02,$ 3195.00,1
1961,09:30:02,$ 3195.00,6
1962,09:30:02,$ 3195.00,2
1963,09:30:02,$ 3195.00,1
1964,09:30:02,$ 3195.00,6
1965,09:30:02,$ 3195.00,1
1966,09:30:02,$ 3195.00,1
1967,09:30:02,$ 3195.00,5
1968,09:30:02,$ 3195.00,2
1969,09:30:02,$ 3195.00,2
1970,09:30:02,$ 3195.00,5
1971,09:30:02,$ 3195.00,1
1972,09:30:02,$ 3195.00,2
1973,09:30:02,$ 3195.00,1
1975,09:30:02,$ 3195.00,5
1976,09:30:02,$ 3195.00,13
1977,09:30:02,$ 3195.00,3
1978,09:30:02,$ 3195.00,3
1979,09:30:02,$ 3195.00,1
1980,09:30:02,$ 3195.00,9
1981,09:30:02,$ 3195.00,15
1982,09:30:02,$ 3195.00,31
1983,09:30:02,$ 3195.00,93
1984,09:30:02,$ 3195.00,9
1985,09:30:02,$ 3195.00,3
1986,09:30:02,$ 3195.00,9
1987,09:30:02,$ 3195.00,1
1988,09:30:02,$ 3195.00,12
1989,09:30:02,$ 3195.00,5
1990,09:30:02,$ 3195.00,2
1991,09:30:02,$ 3195.00,10
1992,09:30:02,$ 3195.00,1
1993,09:30:02,$ 3195.00,1
1994,09:30:02,$ 3195.00,5
1996,09:30:02,$ 3195.00,5
1997,09:30:02,$ 3195.00,2
1998,09:30:02,$ 3195.00,1
1999,09:30:02,$ 3195.00,3
2000,09:30:02,$ 3195.00,1
2001,09:30:02,$ 3195.00,2
2002,09:30:02,$ 3195.00,1
2003,09:30:02,$ 3195.00,1
2004,09:30:02,$ 3195.00,16
2005,09:30:02,$ 3195.00,2
2006,09:30:02,$ 3195.00,10
2007,09:30:02,$ 3195.00,75
2008,09:30:02,$ 3195.00,3
2009,09:30:02,$ 3195.00,1
2010,09:30:02,$ 3195.00,4
2011,09:30:02,$ 3195.00,1
2012,09:30:02,$ 3195.00,11
2013,09:30:02,$ 3195.00,6
2014,09:30:02,$ 3195.00,10
2015,09:30:02,$ 3195.00,2
2017,09:30:02,$ 3195.00,1
2018,09:30:02,$ 3195.00,1
2019,09:30:02,$ 3195.00,2
2020,09:30:02,$ 3195.00,1
2021,09:30:02,$ 3195.00,1
2022,09:30:02,$ 3195.00,17
2023,09:30:02,$ 3195.00,3
2024,09:30:02,$ 3195.00,1
2025,09:30:02,$ 3195.00,3
2026,09:30:02,$ 3195.00,1
2027,09:30:02,$ 3195.00,1
2028,09:30:02,$ 3195.00,5
2029,09:30:02,$ 3195.00,6
2030,09:30:02,$ 3195.00,10
2031,09:30:02,$ 3195.00,1
2032,09:30:02,$ 3195.00,1
2033,09:30:02,$ 3195.00,1
2034,09:30:02,$ 3195.00,1
2035,09:30:02,$ 3195.00,3
2036,09:30:02,$ 3195.00,50
2038,09:30:02,$ 3195.00,1
2039,09:30:02,$ 3195.00,4
2040,09:30:02,$ 3195.00,5
2041,09:30:02,$ 3195.00,100
2042,09:30:02,$ 3195.00,2
2043,09:30:02,$ 3195.00,1
2044,09:30:02,$ 3195.00,2
2045,09:30:02,$ 3195.00,1
2046,09:30:02,$ 3195.00,3
2047,09:30:02,$ 3195.00,1
2048,09:30:02,$ 3195.00,1
2049,09:30:02,$ 3195.00,1
2050,09:30:02,$ 3195.00,1
2051,09:30:02,$ 3195.00,2
2052,09:30:02,$ 3195.00,1
2053,09:30:02,$ 3195.00,1
2054,09:30:02,$ 3195.00,6
2055,09:30:02,$ 3195.00,2
2056,09:30:02,$ 3195.00,2
2057,09:30:02,$ 3195.00,1
2059,09:30:02,$ 3195.00,3
2060,09:30:02,$ 3195.00,3
2061,09:30:02,$ 3195.00,1
2062,09:30:02,$ 3195.00,1
2063,09:30:02,$ 3195.00,1
2064,09:30:02,$ 3195.00,1
2065,09:30:02,$ 3195.00,1
2066,09:30:02,$ 3195.00,3
2067,09:30:02,$ 3195.00,1
2068,09:30:02,$ 3195.00,1
2069,09:30:02,$ 3195.00,1
2070,09:30:02,$ 3195.00,2
2071,09:30:02,$ 3195.00,3
2072,09:30:02,$ 3195.00,3
2073,09:30:02,$ 3195.00,1
2074,09:30:02,$ 3195.00,1
2075,09:30:02,$ 3195.00,1
2076,09:30:02,$ 3195.00,15
2077,09:30:02,$ 3195.00,18
2078,09:30:02,$ 3195.00,5
2080,09:30:02,$ 3195.00,10
2081,09:30:02,$ 3195.00,2
2082,09:30:02,$ 3195.00,3
2083,09:30:02,$ 3195.00,1
2084,09:30:02,$ 3195.00,1
2085,09:30:02,$ 3195.00,1
2086,09:30:02,$ 3195.00,1
2087,09:30:02,$ 3195.00,1
2088,09:30:02,$ 3195.00,1
2089,09:30:02,$ 3195.00,1
2090,09:30:02,$ 3195.00,6
2091,09:30:02,$ 3195.00,1
2092,09:30:02,$ 3195.00,48
2093,09:30:02,$ 3195.00,10
2094,09:30:02,$ 3195.00,1
2095,09:30:02,$ 3195.00,3
2096,09:30:02,$ 3195.00,19
2097,09:30:02,$ 3195.00,1
2098,09:30:02,$ 3195.00,1
2099,09:30:02,$ 3195.00,10
2101,09:30:02,$ 3195.00,1
2102,09:30:02,$ 3195.00,10
2103,09:30:02,$ 3195.00,1
2104,09:30:02,$ 3195.00,1
2105,09:30:02,$ 3195.00,87
2106,09:30:02,$ 3195.00,9
2107,09:30:02,$ 3195.00,2
2108,09:30:02,$ 3195.00,1
2109,09:30:02,$ 3195.00,1
2110,09:30:02,$ 3195.00,6
2111,09:30:02,$ 3195.00,3
2112,09:30:02,$ 3195.00,6
2113,09:30:02,$ 3195.00,1
2114,09:30:02,$ 3195.00,1
2115,09:30:02,$ 3195.00,2
2116,09:30:02,$ 3195.00,5
2117,09:30:02,$ 3195.00,1
2118,09:30:02,$ 3195.00,2
2119,09:30:02,$ 3195.00,1
2120,09:30:02,$ 3195.00,15
2122,09:30:02,$ 3195.00,15
2123,09:30:02,$ 3195.00,15
2124,09:30:02,$ 3195.00,200
2125,09:30:02,$ 3195.00,1
2126,09:30:02,$ 3195.00,30
2127,09:30:02,$ 3195.00,10
2128,09:30:02,$ 3195.00,55
2129,09:30:02,$ 3195.00,7
2130,09:30:02,$ 3195.00,3
2131,09:30:02,$ 3195.00,1
2132,09:30:02,$ 3195.00,2
2133,09:30:02,$ 3195.00,1
2134,09:30:02,$ 3195.00,1
2135,09:30:02,$ 3195.00,4
2136,09:30:02,$ 3195.00,10
2137,09:30:02,$ 3195.00,3
2138,09:30:02,$ 3195.00,80
2139,09:30:02,$ 3195.00,8
2140,09:30:02,$ 3195.00,1
2141,09:30:02,$ 3195.00,90
2143,09:30:02,$ 3195.00,3
2144,09:30:02,$ 3195.00,3
2145,09:30:02,$ 3195.00,1
2146,09:30:02,$ 3195.00,1
2147,09:30:02,$ 3195.00,2
2148,09:30:02,$ 3195.00,3
2149,09:30:02,$ 3195.00,1
2150,09:30:02,$ 3195.00,15
2151,09:30:02,$ 3195.00,1
2152,09:30:02,$ 3195.00,2
2153,09:30:02,$ 3195.00,1
2154,09:30:02,$ 3195.00,2
2155,09:30:02,$ 3195.00,1
2156,09:30:02,$ 3195.00,2
2157,09:30:02,$ 3195.00,1
2158,09:30:02,$ 3195.00,1
2159,09:30:02,$ 3195.00,1
2160,09:30:02,$ 3195.00,1
2161,09:30:02,$ 3195.00,8
2162,09:30:02,$ 3195.00,2
2164,09:30:02,$ 3195.00,1
2165,09:30:02,$ 3195.00,5
2166,09:30:02,$ 3195.00,12
2167,09:30:02,$ 3195.00,2
2168,09:30:02,$ 3195.00,16
2169,09:30:02,$ 3195.00,8
2170,09:30:02,$ 3195.00,9
2171,09:30:02,$ 3195.00,14
2172,09:30:02,$ 3195.00,1
2173,09:30:02,$ 3195.00,2
2174,09:30:02,$ 3195.00,3
2175,09:30:02,$ 3195.00,1
2176,09:30:02,$ 3195.00,1
2177,09:30:02,$ 3195.00,4
2178,09:30:02,$ 3195.00,1
2179,09:30:02,$ 3195.00,1
2180,09:30:02,$ 3195.00,30
2181,09:30:02,$ 3195.00,10
2182,09:30:02,$ 3195.00,2
2183,09:30:02,$ 3195.00,1
2185,09:30:02,$ 3195.00,7
2186,09:30:02,$ 3195.00,1
2187,09:30:02,$ 3195.00,1
2188,09:30:02,$ 3195.00,2
2189,09:30:02,$ 3195.00,1
2190,09:30:02,$ 3195.00,7
2191,09:30:02,$ 3195.00,2
2192,09:30:02,$ 3195.00,1
2193,09:30:02,$ 3195.00,4
2194,09:30:02,$ 3195.00,2
2195,09:30:02,$ 3195.00,1
2196,09:30:02,$ 3195.00,5
2197,09:30:02,$ 3195.00,7
2198,09:30:02,$ 3195.00,7
2199,09:30:02,$ 3195.00,25
2200,09:30:02,$ 3195.00,10
2201,09:30:02,$ 3195.00,8
2202,09:30:02,$ 3195.00,2
2203,09:30:02,$ 3195.00,9
2204,09:30:02,$ 3195.00,1
2206,09:30:02,$ 3195.00,2
2207,09:30:02,$ 3195.00,5
2208,09:30:02,$ 3195.00,1
2209,09:30:02,$ 3195.00,8
2210,09:30:02,$ 3195.00,1
2211,09:30:02,$ 3195.00,1
2212,09:30:02,$ 3195.00,1
2213,09:30:02,$ 3195.00,1
2214,09:30:02,$ 3195.00,2
2215,09:30:02,$ 3195.00,1
2216,09:30:02,$ 3195.00,5
2217,09:30:02,$ 3195.00,2
2218,09:30:02,$ 3195.00,3
2219,09:30:02,$ 3195.00,1
2220,09:30:02,$ 3195.00,1
2221,09:30:02,$ 3195.00,2
2222,09:30:02,$ 3195.00,1
2223,09:30:02,$ 3195.00,1
2224,09:30:02,$ 3195.00,90
2225,09:30:02,$ 3195.00,2
2227,09:30:02,$ 3195.00,3
2228,09:30:02,$ 3195.00,2
2229,09:30:02,$ 3195.00,11
2230,09:30:02,$ 3195.00,3
2231,09:30:02,$ 3195.00,1
2232,09:30:02,$ 3195.00,3
2233,09:30:02,$ 3195.00,1
2234,09:30:02,$ 3195.00,10
2235,09:30:02,$ 3195.00,1
2236,09:30:02,$ 3195.00,1
2237,09:30:02,$ 3195.00,1
2238,09:30:02,$ 3195.00,1
2239,09:30:02,$ 3195.00,2
2240,09:30:02,$ 3195.00,1
2241,09:30:02,$ 3195.00,3
2242,09:30:02,$ 3195.00,1
2243,09:30:02,$ 3195.00,1
2244,09:30:02,$ 3195.00,38
2245,09:30:02,$ 3195.00,1
2246,09:30:02,$ 3195.00,1
2248,09:30:02,$ 3195.00,1
2249,09:30:02,$ 3195.00,13
2250,09:30:02,$ 3195.00,2
2251,09:30:02,$ 3195.00,6
2252,09:30:02,$ 3195.00,1
2253,09:30:02,$ 3195.00,38
2254,09:30:02,$ 3195.00,346
2255,09:30:02,$ 3195.00,12
2256,09:30:02,$ 3195.00,5
2257,09:30:02,$ 3195.00,100
2258,09:30:02,$ 3195.00,2
2259,09:30:02,$ 3195.00,300
2260,09:30:02,$ 3195.00,10
2261,09:30:02,$ 3195.00,1
2262,09:30:02,$ 3195.00,25
2263,09:30:02,$ 3195.00,8
2264,09:30:02,$ 3195.00,1
2265,09:30:02,$ 3195.00,5
2266,09:30:02,$ 3195.00,144
2267,09:30:02,$ 3195.00,6
2269,09:30:02,$ 3195.00,2
2270,09:30:02,$ 3195.00,10
2271,09:30:02,$ 3195.00,5
2272,09:30:02,$ 3195.00,3
2273,09:30:02,$ 3195.00,2
2274,09:30:02,$ 3195.00,1
2275,09:30:02,$ 3195.00,5
2276,09:30:02,$ 3195.00,1
2277,09:30:02,$ 3195.00,4
2278,09:30:02,$ 3195.00,1
2279,09:30:02,$ 3195.00,8
2280,09:30:02,$ 3195.00,44
2281,09:30:02,$ 3195.00,2
2282,09:30:02,$ 3195.00,25
2283,09:30:02,$ 3195.00,3
2284,09:30:02,$ 3195.00,2
2285,09:30:02,$ 3195.00,1
2286,09:30:02,$ 3195.00,2
2287,09:30:02,$ 3195.00,2
2288,09:30:02,$ 3195.00,1
2290,09:30:02,$ 3195.00,5
2291,09:30:02,$ 3195.00,2
2292,09:30:02,$ 3195.00,1
2293,09:30:02,$ 3195.00,15
2294,09:30:02,$ 3195.00,3
2295,09:30:02,$ 3195.00,1
2296,09:30:02,$ 3195.00,2
2297,09:30:02,$ 3195.00,1
2298,09:30:02,$ 3195.00,1
2299,09:30:02,$ 3195.00,1
2300,09:30:02,$ 3195.00,1
2301,09:30:02,$ 3195.00,4
2302,09:30:02,$ 3195.00,1
2303,09:30:02,$ 3195.00,1
2304,09:30:02,$ 3195.00,3
2305,09:30:02,$ 3195.00,1
2306,09:30:02,$ 3195.00,1
2307,09:30:02,$ 3195.00,1
2308,09:30:02,$ 3195.00,1
2309,09:30:02,$ 3195.00,6
2311,09:30:02,$ 3195.00,1
2312,09:30:02,$ 3195.00,1
2313,09:30:02,$ 3195.00,2
2314,09:30:02,$ 3195.00,1
2315,09:30:02,$ 3195.00,1
2316,09:30:02,$ 3195.00,1
2317,09:30:02,$ 3195.00,1
2318,09:30:02,$ 3195.00,1
2319,09:30:02,$ 3195.00,1
2320,09:30:02,$ 3195.00,1
2321,09:30:02,$ 3195.00,1
2322,09:30:02,$ 3195.00,1
2323,09:30:02,$ 3195.00,1
2324,09:30:02,$ 3195.00,2
2325,09:30:02,$ 3195.00,3
2326,09:30:02,$ 3195.00,10
2327,09:30:02,$ 3195.00,1
2328,09:30:02,$ 3195.00,1
2329,09:30:02,$ 3195.00,1
2330,09:30:02,$ 3195.00,1
2332,09:30:02,$ 3195.00,1
2333,09:30:02,$ 3195.00,1
2334,09:30:02,$ 3195.00,21
2335,09:30:02,$ 3195.00,929
2336,09:30:02,$ 3195.00,1
2337,09:30:02,$ 3195.00,6
2338,09:30:02,$ 3195.00,1
2339,09:30:02,$ 3195.00,1
2340,09:30:02,$ 3195.00,3
2341,09:30:02,$ 3195.00,3
2342,09:30:02,$ 3195.00,1
2343,09:30:02,$ 3195.00,8
2344,09:30:02,$ 3195.00,1
2345,09:30:02,$ 3195.00,7
2346,09:30:02,$ 3195.00,20
2347,09:30:02,$ 3195.00,1
2348,09:30:02,$ 3195.00,8
2349,09:30:02,$ 3195.00,1
2350,09:30:02,$ 3195.00,1
2351,09:30:02,$ 3195.00,1
2353,09:30:02,$ 3195.00,1
2354,09:30:02,$ 3195.00,8
2355,09:30:02,$ 3195.00,8
2356,09:30:02,$ 3195.00,2
2357,09:30:02,$ 3195.00,27
2358,09:30:02,$ 3195.00,2
2359,09:30:02,$ 3195.00,2
2360,09:30:02,$ 3195.00,1
2361,09:30:02,$ 3195.00,1
2362,09:30:02,$ 3195.00,3
2363,09:30:02,$ 3195.00,82
2364,09:30:02,$ 3195.00,255
2365,09:30:02,$ 3195.00,126
2366,09:30:02,$ 3195.00,519
2367,09:30:02,$ 3195.00,15
2368,09:30:02,$ 3195.00,1
2369,09:30:02,$ 3195.00,35
2370,09:30:02,$ 3195.00,1
2371,09:30:02,$ 3195.00,100
2372,09:30:02,$ 3195.00,23
2374,09:30:02,$ 3195.00,28
2375,09:30:02,$ 3195.00,2
2376,09:30:02,$ 3195.00,1
2377,09:30:02,$ 3195.00,30
2378,09:30:02,$ 3195.00,7
2379,09:30:02,$ 3195.00,2
2380,09:30:02,$ 3195.00,135
2381,09:30:02,$ 3195.00,6
2382,09:30:02,$ 3195.00,6
2383,09:30:02,$ 3195.00,119
2384,09:30:02,$ 3195.00,3
2385,09:30:02,$ 3195.00,4
2386,09:30:02,$ 3195.00,3
2387,09:30:02,$ 3195.00,19
2388,09:30:02,$ 3195.00,21
2389,09:30:02,$ 3195.00,3
2390,09:30:02,$ 3195.00,4
2391,09:30:02,$ 3195.00,1
2392,09:30:02,$ 3195.00,2
2393,09:30:02,$ 3195.00,1
2395,09:30:02,$ 3195.00,1
2396,09:30:02,$ 3195.00,5
2397,09:30:02,$ 3195.00,1
2398,09:30:02,$ 3195.00,1
2399,09:30:02,$ 3195.00,3
2400,09:30:02,$ 3195.00,1
2401,09:30:02,$ 3195.00,1
2402,09:30:02,$ 3195.00,3
2403,09:30:02,$ 3195.00,4
2404,09:30:02,$ 3195.00,5
2405,09:30:02,$ 3195.00,1
2406,09:30:02,$ 3195.00,10
2407,09:30:02,$ 3195.00,10
2408,09:30:02,$ 3195.00,1
2409,09:30:02,$ 3195.00,1
2410,09:30:02,$ 3195.00,10
2411,09:30:02,$ 3195.00,1
2412,09:30:02,$ 3195.00,10
2413,09:30:02,$ 3195.00,120
2414,09:30:02,$ 3195.00,2
2416,09:30:02,$ 3195.00,2
2417,09:30:02,$ 3195.00,10
2418,09:30:02,$ 3195.00,10
2419,09:30:02,$ 3195.00,1
2420,09:30:02,$ 3195.00,1
2421,09:30:02,$ 3195.00,1
2422,09:30:02,$ 3195.00,117
2423,09:30:02,$ 3195.00,186
2424,09:30:02,$ 3195.00,117
2425,09:30:02,$ 3195.00,1
2426,09:30:02,$ 3195.00,1
2427,09:30:02,$ 3195.00,1
2428,09:30:02,$ 3195.00,1
2429,09:30:02,$ 3195.00,117
2430,09:30:02,$ 3195.00,1
2431,09:30:02,$ 3195.00,7
2432,09:30:02,$ 3195.00,15
2433,09:30:02,$ 3195.00,5
2434,09:30:02,$ 3195.00,1
2435,09:30:02,$ 3195.00,45
2437,09:30:02,$ 3195.00,1
2438,09:30:02,$ 3195.00,5
2439,09:30:02,$ 3195.00,1
2440,09:30:02,$ 3195.00,117
2441,09:30:02,$ 3195.00,1
2442,09:30:02,$ 3195.00,1
2443,09:30:02,$ 3195.00,100
2444,09:30:02,$ 3195.00,1
2445,09:30:02,$ 3195.00,117
2446,09:30:02,$ 3195.00,10
2447,09:30:02,$ 3195.00,3
2448,09:30:02,$ 3195.00,10
2449,09:30:02,$ 3195.00,1
2450,09:30:02,$ 3195.00,116
2451,09:30:02,$ 3195.00,7
2452,09:30:02,$ 3195.00,1
2453,09:30:02,$ 3195.00,117
2454,09:30:02,$ 3195.00,1
2455,09:30:02,$ 3195.00,1
2456,09:30:02,$ 3195.00,1
2458,09:30:02,$ 3195.00,1
2459,09:30:02,$ 3195.00,20
2460,09:30:02,$ 3195.00,3
2461,09:30:02,$ 3195.00,1
2462,09:30:02,$ 3195.00,2
2463,09:30:02,$ 3195.00,10
2464,09:30:02,$ 3195.00,1
2465,09:30:02,$ 3195.00,100
2466,09:30:02,$ 3195.00,2
2467,09:30:02,$ 3195.00,117
2468,09:30:02,$ 3195.00,117
2469,09:30:02,$ 3195.00,1
2470,09:30:02,$ 3195.00,1
2471,09:30:02,$ 3195.00,3
2472,09:30:02,$ 3195.00,117
2473,09:30:02,$ 3195.00,3
2474,09:30:02,$ 3195.00,6
2475,09:30:02,$ 3195.00,5
2476,09:30:02,$ 3195.00,4
2477,09:30:02,$ 3195.00,5
2479,09:30:02,$ 3195.00,100
2480,09:30:02,$ 3195.00,1
2481,09:30:02,$ 3195.00,1
2482,09:30:02,$ 3195.00,5
2483,09:30:02,$ 3195.00,3
2484,09:30:02,$ 3195.00,5
2485,09:30:02,$ 3195.00,117
2486,09:30:02,$ 3195.00,1
2487,09:30:02,$ 3195.00,117
2488,09:30:02,$ 3195.00,1
2489,09:30:02,$ 3195.00,1
2490,09:30:02,$ 3195.00,1
2491,09:30:02,$ 3195.00,1
2492,09:30:02,$ 3195.00,1
2493,09:30:02,$ 3195.00,1
2494,09:30:02,$ 3195.00,3
2495,09:30:02,$ 3195.00,1
2496,09:30:02,$ 3195.00,1
2497,09:30:02,$ 3195.00,18
2498,09:30:02,$ 3195.00,25
2500,09:30:02,$ 3195.00,1
2501,09:30:02,$ 3195.00,2
2502,09:30:02,$ 3195.00,1
2503,09:30:02,$ 3195.00,7
2504,09:30:02,$ 3195.00,1
2505,09:30:02,$ 3195.00,3
2506,09:30:02,$ 3195.00,5
2507,09:30:02,$ 3195.00,1
2508,09:30:02,$ 3195.00,4
2509,09:30:02,$ 3195.00,5
2510,09:30:02,$ 3195.00,3
2511,09:30:02,$ 3195.00,1
2512,09:30:02,$ 3195.00,5
2513,09:30:02,$ 3195.00,5
2514,09:30:02,$ 3195.00,50
2515,09:30:02,$ 3195.00,1
2516,09:30:02,$ 3195.00,2
2517,09:30:02,$ 3195.00,3
2518,09:30:02,$ 3195.00,4
2519,09:30:02,$ 3195.00,15
2521,09:30:02,$ 3195.00,5
2522,09:30:02,$ 3195.00,5
2523,09:30:02,$ 3195.00,2
2524,09:30:02,$ 3195.00,1
2525,09:30:02,$ 3195.00,3
2526,09:30:02,$ 3195.00,5
2527,09:30:02,$ 3195.00,1
2528,09:30:02,$ 3195.00,6
2529,09:30:02,$ 3195.00,1
2530,09:30:02,$ 3195.00,1
2531,09:30:02,$ 3195.00,3
2532,09:30:02,$ 3195.00,1
2533,09:30:02,$ 3195.00,1
2534,09:30:02,$ 3195.00,1
2535,09:30:02,$ 3195.00,1
2536,09:30:02,$ 3195.00,1
2537,09:30:02,$ 3195.00,1
2538,09:30:02,$ 3195.00,4
2539,09:30:02,$ 3195.00,3
2540,09:30:02,$ 3195.00,5
2542,09:30:02,$ 3195.00,3
2543,09:30:02,$ 3195.00,50
2544,09:30:02,$ 3195.00,5
2545,09:30:02,$ 3195.00,5
2546,09:30:02,$ 3195.00,1
2547,09:30:02,$ 3195.00,4
2548,09:30:02,$ 3195.00,3
2549,09:30:02,$ 3195.00,1
2550,09:30:02,$ 3195.00,11
2551,09:30:02,$ 3195.00,2
2552,09:30:02,$ 3195.00,1
2553,09:30:02,$ 3195.00,5
2554,09:30:02,$ 3195.00,3
2555,09:30:02,$ 3195.00,94
2556,09:30:02,$ 3195.00,5
2557,09:30:02,$ 3195.00,1
2558,09:30:02,$ 3195.00,1
2559,09:30:02,$ 3195.00,1
2560,09:30:02,$ 3195.00,8
2561,09:30:02,$ 3195.00,5
2563,09:30:02,$ 3195.00,1
2564,09:30:02,$ 3195.00,1
2565,09:30:02,$ 3195.00,1
2566,09:30:02,$ 3195.00,1
2567,09:30:02,$ 3195.00,1
2568,09:30:02,$ 3195.00,3
2569,09:30:02,$ 3195.00,1
2570,09:30:02,$ 3195.00,1
2571,09:30:02,$ 3195.00,10
2572,09:30:02,$ 3195.00,3
2573,09:30:02,$ 3195.00,3
2574,09:30:02,$ 3195.00,1
2575,09:30:02,$ 3195.00,1
2576,09:30:02,$ 3195.00,5
2577,09:30:02,$ 3195.00,5
2578,09:30:02,$ 3195.00,1
2579,09:30:02,$ 3195.00,10
2580,09:30:02,$ 3195.00,4
2581,09:30:02,$ 3195.00,8
2582,09:30:02,$ 3195.00,10
2584,09:30:02,$ 3195.00,5
2585,09:30:02,$ 3195.00,1
2586,09:30:02,$ 3195.00,4
2587,09:30:02,$ 3195.00,1
2588,09:30:02,$ 3195.00,1
2589,09:30:02,$ 3195.00,1
2590,09:30:02,$ 3195.00,1
2591,09:30:02,$ 3195.00,3
2592,09:30:02,$ 3195.00,5
2593,09:30:02,$ 3195.00,2
2594,09:30:02,$ 3195.00,1
2595,09:30:02,$ 3195.00,3
2596,09:30:02,$ 3195.00,4
2597,09:30:02,$ 3195.00,2
2598,09:30:02,$ 3195.00,25
2599,09:30:02,$ 3195.00,1
2600,09:30:02,$ 3195.00,2
2601,09:30:02,$ 3195.00,1
2602,09:30:02,$ 3195.00,3
2603,09:30:02,$ 3195.00,2
2605,09:30:02,$ 3195.00,10
2606,09:30:02,$ 3195.00,1
2607,09:30:02,$ 3195.00,1
2608,09:30:02,$ 3195.00,1
2609,09:30:02,$ 3195.00,1
2610,09:30:02,$ 3195.00,1
2611,09:30:02,$ 3195.00,1
2612,09:30:02,$ 3195.00,1
2613,09:30:02,$ 3195.00,2
2614,09:30:02,$ 3195.00,1
2615,09:30:02,$ 3195.00,1
2616,09:30:02,$ 3195.00,3
2617,09:30:02,$ 3195.00,50
2618,09:30:02,$ 3195.00,350
2619,09:30:02,$ 3195.00,1
2620,09:30:02,$ 3195.00,1
2621,09:30:02,$ 3195.00,15
2622,09:30:02,$ 3195.00,1
2623,09:30:02,$ 3195.00,1
2624,09:30:02,$ 3195.00,1
2626,09:30:02,$ 3195.00,1
2627,09:30:02,$ 3195.00,6
2628,09:30:02,$ 3195.00,1
2629,09:30:02,$ 3195.00,10
2630,09:30:02,$ 3195.00,5
2631,09:30:02,$ 3195.00,10
2632,09:30:02,$ 3195.00,17
2633,09:30:02,$ 3195.00,28
2634,09:30:02,$ 3195.00,30
2635,09:30:02,$ 3195.00,5
2636,09:30:02,$ 3195.00,25
2637,09:30:02,$ 3195.00,50
2638,09:30:02,$ 3195.00,2
2639,09:30:02,$ 3195.00,15
2640,09:30:02,$ 3195.00,2
2641,09:30:02,$ 3195.00,2
2642,09:30:02,$ 3195.00,1
2643,09:30:02,$ 3195.00,600
2644,09:30:02,$ 3195.00,1
2645,09:30:02,$ 3195.00,5
2647,09:30:02,$ 3195.00,1
2648,09:30:02,$ 3195.00,10
2649,09:30:02,$ 3195.00,9
2650,09:30:02,$ 3195.00,1
2651,09:30:02,$ 3195.00,10
2652,09:30:02,$ 3195.00,5
2653,09:30:02,$ 3195.00,1
2654,09:30:02,$ 3195.00,1
2655,09:30:02,$ 3195.00,2
2656,09:30:02,$ 3195.00,5
2657,09:30:02,$ 3195.00,5
2658,09:30:02,$ 3195.00,6
2659,09:30:02,$ 3195.00,1
2660,09:30:02,$ 3195.00,1
2661,09:30:02,$ 3195.00,1
2662,09:30:02,$ 3195.00,1
2663,09:30:02,$ 3195.00,1
2664,09:30:02,$ 3195.00,2
2665,09:30:02,$ 3195.00,1
2666,09:30:02,$ 3195.00,2
2668,09:30:02,$ 3195.00,2
2669,09:30:02,$ 3195.00,2
2670,09:30:02,$ 3195.00,1
2671,09:30:02,$ 3195.00,1
2672,09:30:02,$ 3195.00,3
2673,09:30:02,$ 3195.00,2
2674,09:30:02,$ 3195.00,1
2675,09:30:02,$ 3195.00,10
2676,09:30:02,$ 3195.00,3
2677,09:30:02,$ 3195.00,1
2678,09:30:02,$ 3195.00,2
2679,09:30:02,$ 3195.00,20
2680,09:30:02,$ 3195.00,3
2681,09:30:02,$ 3195.00,1
2682,09:30:02,$ 3195.00,1
2683,09:30:02,$ 3195.00,2
2684,09:30:02,$ 3195.00,2
2685,09:30:02,$ 3195.00,2
2686,09:30:02,$ 3195.00,1
2687,09:30:02,$ 3195.00,1
2689,09:30:02,$ 3195.00,2
2690,09:30:02,$ 3195.00,2
2691,09:30:02,$ 3195.00,5
2692,09:30:02,$ 3195.00,7
2693,09:30:02,$ 3195.00,1
2694,09:30:02,$ 3195.00,5
2695,09:30:02,$ 3195.00,3
2696,09:30:02,$ 3195.00,25
2697,09:30:02,$ 3195.00,1
2698,09:30:02,$ 3195.00,10
2699,09:30:02,$ 3195.00,16
2700,09:30:02,$ 3195.00,1
2701,09:30:02,$ 3195.00,1
2702,09:30:02,$ 3195.00,1
2703,09:30:02,$ 3195.00,3
2704,09:30:02,$ 3195.00,5
2705,09:30:02,$ 3195.00,1
2706,09:30:02,$ 3195.00,30
2707,09:30:02,$ 3195.00,1
2708,09:30:02,$ 3195.00,7
2710,09:30:02,$ 3195.00,10
2711,09:30:02,$ 3195.00,6
2712,09:30:02,$ 3195.00,5
2713,09:30:02,$ 3195.00,10
2714,09:30:02,$ 3195.00,2
2715,09:30:02,$ 3195.00,3
2716,09:30:02,$ 3195.00,2
2717,09:30:02,$ 3195.00,10
2718,09:30:02,$ 3195.00,10
2719,09:30:02,$ 3195.00,5
2720,09:30:02,$ 3195.00,2
2721,09:30:02,$ 3195.00,1
2722,09:30:02,$ 3195.00,1
2723,09:30:02,$ 3195.00,1
2724,09:30:02,$ 3195.00,1
2725,09:30:02,$ 3195.00,2
2726,09:30:02,$ 3195.00,4
2727,09:30:02,$ 3195.00,1
2728,09:30:02,$ 3195.00,30
2729,09:30:02,$ 3195.00,10
2731,09:30:02,$ 3195.00,2
2732,09:30:02,$ 3195.00,1
2733,09:30:02,$ 3195.00,1
2734,09:30:02,$ 3195.00,2
2735,09:30:02,$ 3195.00,3
2736,09:30:02,$ 3195.00,1
2737,09:30:02,$ 3195.00,1
2738,09:30:02,$ 3195.00,1
2739,09:30:02,$ 3195.00,500
2740,09:30:02,$ 3195.00,2
2741,09:30:02,$ 3195.00,1
2742,09:30:02,$ 3195.00,50
2743,09:30:02,$ 3195.00,1
2744,09:30:02,$ 3195.00,1
2745,09:30:02,$ 3195.00,2
2746,09:30:02,$ 3195.00,2
2747,09:30:02,$ 3195.00,1
2748,09:30:02,$ 3195.00,3
2749,09:30:02,$ 3195.00,1
2750,09:30:02,$ 3195.00,5
2752,09:30:02,$ 3195.00,7
2753,09:30:02,$ 3195.00,7
2754,09:30:02,$ 3195.00,3
2755,09:30:02,$ 3195.00,1
2756,09:30:02,$ 3195.00,1
2757,09:30:02,$ 3195.00,20
2758,09:30:02,$ 3195.00,2
2759,09:30:02,$ 3195.00,2
2760,09:30:02,$ 3195.00,3
2761,09:30:02,$ 3195.00,5
2762,09:30:02,$ 3195.00,6
2763,09:30:02,$ 3195.00,1
2764,09:30:02,$ 3195.00,1
2765,09:30:02,$ 3195.00,50
2766,09:30:02,$ 3195.00,10
2767,09:30:02,$ 3195.00,15
2768,09:30:02,$ 3195.00,8
2769,09:30:02,$ 3195.00,2
2770,09:30:02,$ 3195.00,20
2771,09:30:02,$ 3195.00,7
2773,09:30:02,$ 3195.00,10
2774,09:30:02,$ 3195.00,10
2775,09:30:02,$ 3195.00,5
2776,09:30:02,$ 3195.00,15
2777,09:30:02,$ 3195.00,5
2778,09:30:02,$ 3195.00,5
2779,09:30:02,$ 3195.00,4
2780,09:30:02,$ 3195.00,4
2781,09:30:02,$ 3195.00,10
2782,09:30:02,$ 3195.00,1
2783,09:30:02,$ 3195.00,3
2784,09:30:02,$ 3195.00,1
2785,09:30:02,$ 3195.00,5
2786,09:30:02,$ 3195.00,20
2787,09:30:02,$ 3195.00,1
2788,09:30:02,$ 3195.00,3
2789,09:30:02,$ 3195.00,1
2790,09:30:02,$ 3195.00,1
2791,09:30:02,$ 3195.00,1
2792,09:30:02,$ 3195.00,1
2794,09:30:02,$ 3195.00,2
2795,09:30:02,$ 3195.00,1
2796,09:30:02,$ 3195.00,20
2797,09:30:02,$ 3195.00,1
2798,09:30:02,$ 3195.00,1
2799,09:30:02,$ 3195.00,1
2800,09:30:02,$ 3195.00,3
2801,09:30:02,$ 3195.00,1
2802,09:30:02,$ 3195.00,10
2803,09:30:02,$ 3195.00,3
2804,09:30:02,$ 3195.00,2
2805,09:30:02,$ 3195.00,1
2806,09:30:02,$ 3195.00,15
2807,09:30:02,$ 3195.00,1
2808,09:30:02,$ 3195.00,1
2809,09:30:02,$ 3195.00,1
2810,09:30:02,$ 3195.00,5
2811,09:30:02,$ 3195.00,1
2812,09:30:02,$ 3195.00,1
2813,09:30:02,$ 3195.00,3
2815,09:30:02,$ 3195.00,1
2816,09:30:02,$ 3195.00,4
2817,09:30:02,$ 3195.00,1
2818,09:30:02,$ 3195.00,1
2819,09:30:02,$ 3195.00,1
2820,09:30:02,$ 3195.00,1
2821,09:30:02,$ 3195.00,1
2822,09:30:02,$ 3195.00,3
2823,09:30:02,$ 3195.00,1
2824,09:30:02,$ 3195.00,5
2825,09:30:02,$ 3195.00,1
2826,09:30:02,$ 3195.00,1
2827,09:30:02,$ 3195.00,1
2828,09:30:02,$ 3195.00,1
2829,09:30:02,$ 3195.00,15
2830,09:30:02,$ 3195.00,10
2831,09:30:02,$ 3195.00,2
2832,09:30:02,$ 3195.00,2
2833,09:30:02,$ 3195.00,4
2834,09:30:02,$ 3195.00,1
2836,09:30:02,$ 3195.00,10
2837,09:30:02,$ 3195.00,2
2838,09:30:02,$ 3195.00,1
2839,09:30:02,$ 3195.00,2
2840,09:30:02,$ 3195.00,5
2841,09:30:02,$ 3195.00,2
2842,09:30:02,$ 3195.00,1
2843,09:30:02,$ 3195.00,4
2844,09:30:02,$ 3195.00,1
2845,09:30:02,$ 3195.00,4
2846,09:30:02,$ 3195.00,1
2847,09:30:02,$ 3195.00,10
2848,09:30:02,$ 3195.37,100
2849,09:30:01,$ 3195.00,99
2850,09:30:01,$ 3195.00,10
2851,09:30:01,$ 3195.00,158
2853,10:29:54,$ 3220.32,100
2854,10:29:51,$ 3218.6701,200
2855,10:29:49,$ 3219.65,227
2856,10:29:38,$ 3219.49,100
2857,10:29:15,$ 3218.77,100
2858,10:29:10,$ 3217.73,100
2859,10:28:45,$ 3217.575,100
2860,10:28:37,$ 3217.40,200
2861,10:28:33,$ 3219.44,165
2862,10:28:31,$ 3218.99,100
2863,10:28:31,$ 3218.99,100
2864,10:28:09,$ 3218.16,100
2865,10:28:08,$ 3219.44,100
2866,10:28:05,$ 3218.3207,162
2867,10:28:01,$ 3219.91,100
2868,10:28:01,$ 3219.34,100
2869,10:28:01,$ 3219.34,100
2870,10:27:56,$ 3219.835,100
2871,10:27:23,$ 3222.186,100
2872,10:27:23,$ 3222.193,100
2874,10:27:13,$ 3220.26,100
2875,10:27:08,$ 3222.169,100
2876,10:27:02,$ 3219.8344,500
2877,10:26:55,$ 3220.06,100
2878,10:26:48,$ 3220.24,100
2879,10:26:28,$ 3222.10,100
2880,10:26:28,$ 3222.16,100
2881,10:26:26,$ 3222.17,100
2882,10:26:26,$ 3222.00,253
2883,10:26:24,$ 3221.33,100
2884,10:26:24,$ 3221.31,100
2885,10:26:24,$ 3221.84,300
2886,10:26:24,$ 3221.83,100
2887,10:26:15,$ 3223.91,100
2888,10:26:07,$ 3219.65,100
2889,10:26:07,$ 3220.99,100
2890,10:26:07,$ 3220.982,160
2891,10:26:07,$ 3220.99,100
2892,10:26:06,$ 3220.12,100
2893,10:26:06,$ 3219.56,100
2895,10:26:04,$ 3219.56,100
2896,10:26:00,$ 3218.48,100
2897,10:25:57,$ 3216.175,200
2898,10:25:43,$ 3218.8199,200
2899,10:25:26,$ 3217.0501,100
2900,10:25:24,$ 3216.8331,200
2901,10:25:16,$ 3215.16,400
2902,10:25:12,$ 3215.00,200
2903,10:24:47,$ 3212.545,100
2904,10:24:47,$ 3211.4444,100
2905,10:24:24,$ 3212.105,100
2906,10:24:16,$ 3213.77,100
2907,10:24:12,$ 3212.655,100
2908,10:24:11,$ 3211.46,100
2909,10:24:06,$ 3212.055,100
2910,10:23:59,$ 3212.01,192
2911,10:23:42,$ 3213.25,100
2912,10:23:42,$ 3213.18,100
2913,10:23:42,$ 3213.2999,200
2914,10:23:42,$ 3213.2999,200
2916,10:23:42,$ 3211.99,300
2917,10:23:42,$ 3211.185,100
2918,10:23:42,$ 3211.26,100
2919,10:23:42,$ 3211.95,100
2920,10:23:42,$ 3212.00,100
2921,10:23:42,$ 3211.88,100
2922,10:23:42,$ 3210.47,100
2923,10:23:42,$ 3209.99,100
2924,10:23:42,$ 3209.988,400
2925,10:23:42,$ 3209.36,380
2926,10:23:42,$ 3209.369,100
2927,10:23:42,$ 3209.004,100
2928,10:23:38,$ 3209.5679,100
2929,10:23:36,$ 3209.7886,100
2930,10:23:34,$ 3208.73,100
2931,10:23:24,$ 3206.97,100
2932,10:23:11,$ 3207.43,100
2933,10:23:09,$ 3207.48,100
2934,10:23:02,$ 3205.96,100
2935,10:22:59,$ 3207.0225,100
2937,10:22:49,$ 3205.00,100
2938,10:22:45,$ 3206.73,115
2939,10:22:41,$ 3207.00,100
2940,10:22:41,$ 3207.00,100
2941,10:22:40,$ 3206.45,100
2942,10:22:39,$ 3206.73,300
2943,10:22:37,$ 3205.00,100
2944,10:22:37,$ 3204.99,100
2945,10:22:23,$ 3203.77,100
2946,10:22:05,$ 3203.81,100
2947,10:22:02,$ 3203.82,100
2948,10:22:00,$ 3203.00,100
2949,10:21:41,$ 3201.95,100
2950,10:21:34,$ 3200.085,100
2951,10:21:29,$ 3200.00,100
2952,10:21:29,$ 3200.00,100
2953,10:21:27,$ 3200.53,100
2954,10:21:25,$ 3200.905,100
2955,10:21:15,$ 3202.23,100
2956,10:21:08,$ 3202.2172,100
2958,10:20:45,$ 3203.76,100
2959,10:20:45,$ 3203.76,100
2960,10:20:45,$ 3203.76,100
2961,10:20:45,$ 3203.76,100
2962,10:20:28,$ 3205.00,100
2963,10:20:18,$ 3205.00,196
2964,10:19:54,$ 3206.60,100
2965,10:19:42,$ 3207.07,100
2966,10:19:38,$ 3207.32,100
2967,10:19:29,$ 3207.1004,150
2968,10:19:23,$ 3206.48,100
2969,10:19:21,$ 3207.1952,144
2970,10:19:17,$ 3207.44,100
2971,10:19:08,$ 3204.7533,100
2972,10:18:52,$ 3204.03,100
2973,10:18:49,$ 3203.66,100
2974,10:18:49,$ 3204.00,100
2975,10:18:46,$ 3203.005,100
2976,10:18:40,$ 3202.52,100
2977,10:18:31,$ 3203.2959,134
2979,10:18:17,$ 3201.89,100
2980,10:18:17,$ 3201.89,154
2981,10:18:02,$ 3199.00,100
2982,10:17:53,$ 3199.5683,116
2983,10:17:06,$ 3199.99,100
2984,10:16:55,$ 3200.00,100
2985,10:16:52,$ 3200.00,200
2986,10:16:47,$ 3198.83,114
2987,10:16:21,$ 3201.87,100
2988,10:16:01,$ 3202.4528,142
2989,10:15:59,$ 3201.62,100
2990,10:15:59,$ 3201.6831,300
2991,10:15:51,$ 3201.05,112
2992,10:15:49,$ 3198.38,100
2993,10:15:44,$ 3197.275,"1,843"
2994,10:15:43,$ 3196.8635,100
2995,10:15:12,$ 3199.22,232
2996,10:15:12,$ 3200.13,100
2997,10:15:11,$ 3201.05,100
2998,10:15:11,$ 3201.07,100
3000,10:15:10,$ 3201.50,100
3001,10:14:47,$ 3203.605,100
3002,10:14:44,$ 3204.355,100
3003,10:14:44,$ 3204.355,100
3004,10:14:43,$ 3202.5881,100
3005,10:14:39,$ 3205.24,100
3006,10:14:31,$ 3204.57,100
3007,10:14:20,$ 3205.62,100
3008,10:14:18,$ 3204.8861,100
3009,10:14:12,$ 3204.25,100
3010,10:14:12,$ 3204.20,100
3011,10:14:11,$ 3203.905,100
3012,10:13:42,$ 3205.96,100
3013,10:13:25,$ 3207.54,100
3014,10:13:25,$ 3206.91,300
3015,10:13:25,$ 3207.24,100
3016,10:13:14,$ 3205.585,300
3017,10:13:03,$ 3203.926,100
3018,10:12:51,$ 3201.96,100
3019,10:12:42,$ 3202.20,100
3021,10:12:33,$ 3201.82,100
3022,10:12:20,$ 3202.40,100
3023,10:12:17,$ 3200.5001,200
3024,10:12:16,$ 3201.401,100
3025,10:12:00,$ 3202.64,200
3026,10:11:57,$ 3204.74,100
3027,10:11:57,$ 3203.77,100
3028,10:11:57,$ 3204.4087,100
3029,10:11:56,$ 3204.74,100
3030,10:11:56,$ 3204.89,100
3031,10:11:53,$ 3206.12,154
3032,10:11:22,$ 3206.20,100
3033,10:11:22,$ 3205.85,100
3034,10:11:18,$ 3206.735,100
3035,10:11:17,$ 3207.3176,200
3036,10:11:16,$ 3208.89,100
3037,10:11:16,$ 3208.855,100
3038,10:11:16,$ 3208.89,283
3039,10:11:16,$ 3208.89,100
3040,10:11:16,$ 3208.88,100
3042,10:11:16,$ 3208.88,100
3043,10:11:16,$ 3208.88,100
3044,10:11:09,$ 3209.00,100
3045,10:11:08,$ 3207.02,100
3046,10:10:58,$ 3208.70,200
3047,10:10:58,$ 3208.70,100
3048,10:10:55,$ 3208.665,380
3049,10:10:49,$ 3209.23,100
3050,10:10:47,$ 3207.555,100
3051,10:10:47,$ 3207.56,100
3052,10:10:34,$ 3205.00,820
3053,10:10:25,$ 3203.25,100
3054,10:10:14,$ 3202.42,100
3055,10:10:13,$ 3202.61,100
3056,10:10:07,$ 3200.6664,100
3057,10:10:05,$ 3204.00,100
3058,10:10:05,$ 3203.87,100
3059,10:10:05,$ 3203.98,100
3060,10:10:02,$ 3202.3983,500
3061,10:10:00,$ 3202.60,100
3063,10:10:00,$ 3202.60,100
3064,10:09:57,$ 3202.355,171
3065,10:09:55,$ 3202.595,100
3066,10:09:43,$ 3201.61,100
3067,10:09:37,$ 3202.216,300
3068,10:09:31,$ 3203.00,270
3069,10:09:19,$ 3201.40,100
3070,10:09:19,$ 3201.62,100
3071,10:09:19,$ 3202.95,100
3072,10:09:13,$ 3200.00,349
3073,10:09:11,$ 3196.7447,100
3074,10:09:08,$ 3199.31,100
3075,10:09:08,$ 3198.62,100
3076,10:09:08,$ 3198.12,100
3077,10:09:08,$ 3198.26,185
3078,10:09:07,$ 3197.8697,100
3079,10:09:01,$ 3196.3429,300
3080,10:08:54,$ 3196.14,100
3081,10:08:53,$ 3196.985,100
3082,10:08:13,$ 3196.02,300
3084,10:08:03,$ 3198.89,100
3085,10:08:00,$ 3197.96,100
3086,10:07:58,$ 3195.496,100
3087,10:07:45,$ 3195.89,100
3088,10:07:45,$ 3196.91,100
3089,10:07:45,$ 3197.235,100
3090,10:07:38,$ 3197.30,100
3091,10:07:38,$ 3197.27,100
3092,10:07:38,$ 3196.81,100
3093,10:07:38,$ 3198.41,100
3094,10:07:31,$ 3198.42,100
3095,10:07:31,$ 3198.00,"1,400"
3096,10:07:31,$ 3198.05,100
3097,10:07:27,$ 3199.2952,100
3098,10:07:26,$ 3199.10,100
3099,10:07:15,$ 3199.8521,100
3100,10:07:13,$ 3199.8521,100
3101,10:06:52,$ 3201.3748,100
3102,10:06:50,$ 3200.4614,100
3103,10:06:40,$ 3199.00,100
3105,10:06:15,$ 3197.60,100
3106,10:06:03,$ 3198.45,100
3107,10:05:26,$ 3199.7186,500
3108,10:05:24,$ 3199.96,100
3109,10:05:24,$ 3199.22,100
3110,10:05:21,$ 3197.21,100
3111,10:05:08,$ 3198.2578,100
3112,10:05:07,$ 3198.00,268
3113,10:04:35,$ 3202.98,207
3114,10:04:25,$ 3201.77,100
3115,10:04:01,$ 3198.305,100
3116,10:03:46,$ 3199.49,100
3117,10:03:42,$ 3202.015,100
3118,10:03:10,$ 3200.6099,300
3119,10:03:00,$ 3198.51,155
3120,10:03:00,$ 3198.67,100
3121,10:02:56,$ 3199.3663,500
3122,10:02:46,$ 3198.60,100
3123,10:02:46,$ 3198.31,100
3124,10:02:30,$ 3201.485,100
3126,10:02:24,$ 3202.35,100
3127,10:02:24,$ 3202.58,100
3128,10:02:23,$ 3202.6199,100
3129,10:02:05,$ 3201.27,155
3130,10:01:56,$ 3203.44,100
3131,10:01:42,$ 3203.0188,100
3132,10:01:34,$ 3199.5101,100
3133,10:01:32,$ 3200.00,100
3134,10:01:32,$ 3200.00,100
3135,10:01:32,$ 3200.00,200
3136,10:01:26,$ 3202.5199,200
3137,10:01:21,$ 3201.17,100
3138,10:01:21,$ 3201.695,100
3139,10:01:19,$ 3202.985,100
3140,10:01:16,$ 3202.74,300
3141,10:01:12,$ 3203.55,116
3142,10:01:12,$ 3203.55,161
3143,10:01:11,$ 3203.70,100
3144,10:01:10,$ 3204.71,100
3145,10:01:10,$ 3204.66,100
3147,10:01:09,$ 3204.67,100
3148,10:01:05,$ 3208.22,100
3149,10:01:05,$ 3207.32,100
3150,10:00:59,$ 3207.81,100
3151,10:00:31,$ 3212.59,100
3152,10:00:27,$ 3210.65,100
3153,10:00:18,$ 3212.29,100
3154,10:00:18,$ 3212.26,100
3155,10:00:18,$ 3212.27,100
3156,10:00:16,$ 3211.3225,100
3157,10:00:14,$ 3211.00,100
3158,10:00:07,$ 3209.00,100
3159,10:00:01,$ 3206.55,100
3161,10:59:52,$ 3216.5601,"1,000"
3162,10:59:51,$ 3217.98,"1,000"
3163,10:59:43,$ 3218.586,241
3164,10:59:43,$ 3218.5339,698
3165,10:59:27,$ 3219.96,172
3166,10:59:27,$ 3219.91,100
3167,10:59:23,$ 3219.745,100
3168,10:59:23,$ 3219.65,100
3169,10:59:23,$ 3220.34,100
3170,10:59:18,$ 3219.6501,102
3171,10:59:18,$ 3220.33,100
3172,10:59:14,$ 3219.5839,100
3173,10:58:50,$ 3216.00,100
3174,10:58:48,$ 3216.005,100
3175,10:58:45,$ 3216.56,100
3176,10:58:45,$ 3216.002,100
3177,10:58:45,$ 3216.20,100
3178,10:58:45,$ 3216.11,100
3179,10:58:16,$ 3219.02,100
3180,10:58:16,$ 3219.02,100
3182,10:58:16,$ 3219.02,100
3183,10:58:16,$ 3219.01,300
3184,10:57:53,$ 3219.00,100
3185,10:57:46,$ 3216.92,100
3186,10:57:39,$ 3217.50,100
3187,10:57:39,$ 3217.50,100
3188,10:57:35,$ 3217.3349,100
3189,10:57:03,$ 3218.61,100
3190,10:56:58,$ 3216.0001,100
3191,10:56:50,$ 3217.975,100
3192,10:56:43,$ 3219.00,100
3193,10:56:26,$ 3220.335,300
3194,10:55:33,$ 3219.10,150
3195,10:55:33,$ 3219.32,100
3196,10:55:15,$ 3221.1384,100
3197,10:55:09,$ 3222.58,100
3198,10:54:43,$ 3222.3833,350
3199,10:54:36,$ 3221.44,100
3200,10:54:36,$ 3221.584,150
3201,10:54:33,$ 3221.46,100
3203,10:54:29,$ 3220.98,281
3204,10:53:57,$ 3219.17,100
3205,10:53:52,$ 3219.89,100
3206,10:53:47,$ 3219.07,100
3207,10:53:47,$ 3219.005,100
3208,10:53:39,$ 3219.89,100
3209,10:53:30,$ 3220.00,100
3210,10:53:25,$ 3220.37,150
3211,10:53:23,$ 3220.165,100
3212,10:53:13,$ 3220.51,300
3213,10:53:05,$ 3220.07,100
3214,10:52:25,$ 3221.0363,500
3215,10:52:22,$ 3222.17,100
3216,10:52:18,$ 3221.895,300
3217,10:52:17,$ 3221.64,100
3218,10:52:15,$ 3222.99,100
3219,10:52:13,$ 3222.99,100
3220,10:52:05,$ 3221.985,100
3221,10:51:41,$ 3219.304,100
3222,10:51:24,$ 3220.01,100
3224,10:51:10,$ 3222.50,100
3225,10:50:55,$ 3221.83,100
3226,10:50:55,$ 3221.63,100
3227,10:50:49,$ 3222.484,100
3228,10:50:37,$ 3221.2701,200
3229,10:50:35,$ 3221.885,100
3230,10:50:34,$ 3221.00,398
3231,10:50:31,$ 3220.68,100
3232,10:50:31,$ 3219.90,100
3233,10:50:31,$ 3220.41,100
3234,10:50:30,$ 3219.78,100
3235,10:50:30,$ 3219.79,149
3236,10:50:30,$ 3219.77,100
3237,10:50:30,$ 3219.78,100
3238,10:50:30,$ 3219.44,100
3239,10:50:19,$ 3218.00,100
3240,10:49:23,$ 3215.2875,100
3241,10:49:22,$ 3216.14,100
3242,10:49:12,$ 3215.085,500
3243,10:49:00,$ 3214.7375,100
3245,10:49:00,$ 3214.8125,100
3246,10:48:56,$ 3214.995,100
3247,10:48:56,$ 3214.995,100
3248,10:48:56,$ 3214.995,100
3249,10:48:56,$ 3214.995,100
3250,10:48:56,$ 3214.93,100
3251,10:48:56,$ 3214.88,100
3252,10:48:56,$ 3214.995,100
3253,10:48:33,$ 3213.45,100
3254,10:48:24,$ 3215.6364,500
3255,10:48:23,$ 3216.91,100
3256,10:48:12,$ 3213.97,100
3257,10:48:03,$ 3214.91,100
3258,10:47:51,$ 3213.25,152
3259,10:47:46,$ 3213.20,100
3260,10:47:46,$ 3213.20,100
3261,10:47:46,$ 3213.20,150
3262,10:47:46,$ 3213.20,227
3263,10:47:43,$ 3213.01,100
3264,10:47:37,$ 3211.595,100
3266,10:47:31,$ 3211.00,153
3267,10:47:31,$ 3211.00,100
3268,10:47:31,$ 3211.00,201
3269,10:47:31,$ 3211.00,100
3270,10:47:31,$ 3211.00,101
3271,10:47:31,$ 3211.00,100
3272,10:46:48,$ 3213.40,200
3273,10:46:48,$ 3213.40,482
3274,10:46:48,$ 3213.40,101
3275,10:46:41,$ 3214.50,100
3276,10:46:28,$ 3213.5799,500
3277,10:46:20,$ 3213.63,100
3278,10:46:19,$ 3213.60,100
3279,10:46:19,$ 3213.60,100
3280,10:46:18,$ 3213.90,162
3281,10:46:15,$ 3213.26,100
3282,10:45:51,$ 3215.5925,100
3283,10:45:37,$ 3212.00,100
3284,10:45:20,$ 3212.09,100
3285,10:45:20,$ 3212.06,100
3287,10:45:20,$ 3212.06,100
3288,10:45:20,$ 3212.06,100
3289,10:45:15,$ 3210.31,100
3290,10:45:05,$ 3214.9799,400
3291,10:44:52,$ 3211.437,100
3292,10:44:48,$ 3210.00,200
3293,10:44:36,$ 3209.4545,100
3294,10:44:29,$ 3209.00,100
3295,10:43:57,$ 3206.72,100
3296,10:43:40,$ 3207.893,400
3297,10:43:37,$ 3208.5956,100
3298,10:43:32,$ 3207.545,100
3299,10:43:25,$ 3208.86,162
3300,10:43:11,$ 3208.00,100
3301,10:43:11,$ 3208.00,100
3302,10:42:22,$ 3203.54,109
3303,10:42:17,$ 3206.4474,100
3304,10:42:17,$ 3206.18,114
3305,10:42:12,$ 3207.4977,100
3306,10:42:07,$ 3207.87,100
3308,10:42:02,$ 3203.7556,200
3309,10:41:47,$ 3205.01,100
3310,10:41:36,$ 3206.0601,100
3311,10:40:59,$ 3206.1679,100
3312,10:40:49,$ 3204.82,100
3313,10:40:49,$ 3203.06,100
3314,10:40:30,$ 3205.3005,100
3315,10:40:24,$ 3205.89,100
3316,10:40:05,$ 3204.355,100
3317,10:40:05,$ 3205.05,100
3318,10:40:02,$ 3205.55,100
3319,10:39:52,$ 3207.30,100
3320,10:39:48,$ 3208.3324,105
3321,10:39:48,$ 3209.5347,100
3322,10:39:46,$ 3207.30,100
3323,10:39:42,$ 3211.5899,400
3324,10:39:42,$ 3211.5899,400
3325,10:39:26,$ 3208.66,100
3326,10:39:19,$ 3206.19,100
3327,10:38:55,$ 3207.32,100
3329,10:38:50,$ 3206.53,145
3330,10:38:46,$ 3206.56,100
3331,10:38:42,$ 3206.915,100
3332,10:38:42,$ 3205.4362,400
3333,10:38:35,$ 3206.50,100
3334,10:38:18,$ 3210.06,100
3335,10:37:55,$ 3211.29,100
3336,10:37:42,$ 3210.07,100
3337,10:37:42,$ 3209.09,100
3338,10:37:29,$ 3208.29,100
3339,10:37:06,$ 3212.01,100
3340,10:36:49,$ 3212.0001,400
3341,10:36:16,$ 3214.255,550
3342,10:36:05,$ 3215.00,100
3343,10:35:43,$ 3210.70,100
3344,10:35:43,$ 3210.9747,550
3345,10:35:36,$ 3212.7565,162
3346,10:35:31,$ 3212.975,100
3347,10:35:26,$ 3212.56,100
3348,10:35:05,$ 3214.03,100
3350,10:34:50,$ 3215.0899,200
3351,10:34:35,$ 3213.28,250
3352,10:34:27,$ 3213.91,100
3353,10:34:23,$ 3212.0001,200
3354,10:34:22,$ 3213.39,100
3355,10:34:12,$ 3213.83,100
3356,10:33:39,$ 3213.39,100
3357,10:33:39,$ 3215.175,100
3358,10:33:39,$ 3215.175,100
3359,10:33:39,$ 3215.175,100
3360,10:33:39,$ 3215.175,100
3361,10:33:34,$ 3214.0206,100
3362,10:33:34,$ 3213.4801,100
3363,10:33:32,$ 3215.235,100
3364,10:33:27,$ 3215.91,100
3365,10:33:26,$ 3215.74,100
3366,10:33:26,$ 3215.66,100
3367,10:33:07,$ 3216.06,150
3368,10:32:57,$ 3217.88,100
3369,10:32:56,$ 3218.2225,100
3371,10:32:53,$ 3217.88,100
3372,10:32:51,$ 3218.00,102
3373,10:32:34,$ 3218.74,100
3374,10:32:25,$ 3218.08,100
3375,10:32:12,$ 3223.6403,153
3376,10:32:12,$ 3220.39,100
3377,10:32:06,$ 3220.32,100
3378,10:31:58,$ 3220.32,100
3379,10:31:30,$ 3217.99,100
3380,10:31:17,$ 3218.65,100
3381,10:31:03,$ 3218.1833,100
3382,10:30:56,$ 3218.225,100
3383,10:30:41,$ 3217.41,300
3384,10:30:40,$ 3218.145,100
3385,10:30:31,$ 3215.44,100
3386,10:30:20,$ 3216.60,400
3388,11:29:33,$ 3218.0521,"1,335"
3389,11:29:33,$ 3219.625,197
3390,11:29:33,$ 3219.625,100
3391,11:29:33,$ 3220.01,100
3392,11:29:33,$ 3220.03,100
3393,11:29:33,$ 3220.7723,100
3394,11:29:31,$ 3219.80,100
3395,11:29:29,$ 3219.26,100
3396,11:29:18,$ 3219.00,100
3397,11:29:18,$ 3219.01,100
3398,11:29:14,$ 3219.97,112
3399,11:28:48,$ 3219.6526,186
3400,11:28:05,$ 3222.39,100
3401,11:28:05,$ 3222.31,100
3402,11:28:05,$ 3222.39,100
3403,11:27:33,$ 3221.119,100
3404,11:26:59,$ 3224.3693,500
3405,11:26:58,$ 3223.7701,100
3406,11:26:30,$ 3224.59,100
3407,11:26:30,$ 3223.54,100
3409,11:26:30,$ 3223.54,100
3410,11:26:27,$ 3222.88,100
3411,11:26:27,$ 3222.88,100
3412,11:26:27,$ 3223.00,100
3413,11:26:19,$ 3221.99,100
3414,11:26:19,$ 3221.98,100
3415,11:25:31,$ 3221.64,100
3416,11:24:02,$ 3224.635,100
3417,11:24:02,$ 3225.01,100
3418,11:23:31,$ 3226.31,100
3419,11:23:18,$ 3225.75,100
3420,11:23:18,$ 3226.435,100
3421,11:23:14,$ 3226.98,100
3422,11:23:11,$ 3226.153,100
3423,11:23:02,$ 3225.91,200
3424,11:23:02,$ 3225.82,100
3425,11:23:02,$ 3226.05,100
3426,11:23:00,$ 3227.00,400
3427,11:23:00,$ 3227.00,100
3428,11:22:58,$ 3226.65,400
3430,11:22:37,$ 3225.00,100
3431,11:22:35,$ 3224.565,100
3432,11:22:23,$ 3225.00,181
3433,11:22:19,$ 3224.94,100
3434,11:20:28,$ 3219.53,100
3435,11:18:29,$ 3218.61,100
3436,11:17:53,$ 3218.10,100
3437,11:17:52,$ 3218.28,100
3438,11:17:22,$ 3220.195,"1,000"
3439,11:17:01,$ 3217.67,100
3440,11:17:01,$ 3217.67,200
3441,11:17:01,$ 3217.67,100
3442,11:16:59,$ 3218.5319,100
3443,11:16:59,$ 3217.83,118
3444,11:16:53,$ 3217.92,500
3445,11:16:50,$ 3219.26,200
3446,11:16:49,$ 3218.29,299
3447,11:16:49,$ 3219.70,164
3448,11:16:49,$ 3220.1233,100
3449,11:16:34,$ 3219.27,100
3451,11:16:34,$ 3219.895,"1,000"
3452,11:16:32,$ 3220.00,100
3453,11:16:32,$ 3220.00,100
3454,11:16:32,$ 3220.00,100
3455,11:16:26,$ 3222.33,138
3456,11:16:26,$ 3222.33,150
3457,11:16:25,$ 3220.855,100
3458,11:16:25,$ 3222.3169,112
3459,11:16:25,$ 3222.33,112
3460,11:16:25,$ 3221.55,201
3461,11:16:22,$ 3221.55,199
3462,11:15:58,$ 3221.13,100
3463,11:15:55,$ 3221.61,228
3464,11:15:55,$ 3221.67,100
3465,11:15:48,$ 3222.545,"1,000"
3466,11:15:46,$ 3223.00,160
3467,11:15:46,$ 3222.7911,771
3468,11:15:46,$ 3222.98,100
3469,11:15:45,$ 3224.7799,100
3470,11:15:30,$ 3224.12,100
3472,11:15:30,$ 3224.00,100
3473,11:15:27,$ 3224.88,500
3474,11:15:25,$ 3224.168,500
3475,11:14:47,$ 3224.01,100
3476,11:14:35,$ 3226.70,100
3477,11:14:26,$ 3225.955,100
3478,11:14:14,$ 3225.71,100
3479,11:14:13,$ 3226.9099,200
3480,11:13:59,$ 3225.06,100
3481,11:13:57,$ 3226.045,100
3482,11:13:51,$ 3226.00,211
3483,11:13:40,$ 3226.2811,100
3484,11:13:23,$ 3226.285,100
3485,11:13:09,$ 3224.87,200
3486,11:13:09,$ 3224.92,100
3487,11:12:58,$ 3226.25,100
3488,11:12:41,$ 3225.20,100
3489,11:12:22,$ 3223.9945,100
3490,11:12:13,$ 3225.68,100
3491,11:12:13,$ 3225.68,100
3493,11:12:13,$ 3225.69,219
3494,11:12:13,$ 3225.28,300
3495,11:12:13,$ 3224.93,100
3496,11:12:13,$ 3225.68,100
3497,11:12:13,$ 3224.19,100
3498,11:12:13,$ 3225.66,100
3499,11:12:12,$ 3223.11,100
3500,11:12:12,$ 3223.31,100
3501,11:12:12,$ 3222.96,100
3502,11:12:12,$ 3223.20,100
3503,11:12:12,$ 3223.30,100
3504,11:12:12,$ 3223.26,300
3505,11:12:12,$ 3223.30,100
3506,11:11:54,$ 3223.215,100
3507,11:11:18,$ 3223.8906,100
3508,11:11:15,$ 3225.535,100
3509,11:11:13,$ 3224.47,"1,000"
3510,11:11:12,$ 3224.475,"1,000"
3511,11:11:12,$ 3225.445,100
3512,11:11:11,$ 3223.8799,192
3514,11:11:11,$ 3223.8799,130
3515,11:11:11,$ 3224.60,100
3516,11:11:11,$ 3224.60,100
3517,11:11:11,$ 3224.34,100
3518,11:11:11,$ 3224.33,100
3519,11:10:32,$ 3224.64,124
3520,11:10:15,$ 3223.9999,100
3521,11:10:15,$ 3223.998,100
3522,11:10:15,$ 3223.99,301
3523,11:10:10,$ 3222.1579,500
3524,11:09:47,$ 3224.5653,100
3525,11:09:40,$ 3225.99,245
3526,11:09:38,$ 3224.482,500
3527,11:09:37,$ 3223.945,500
3528,11:09:34,$ 3224.10,100
3529,11:09:27,$ 3224.33,146
3530,11:09:26,$ 3224.66,100
3531,11:09:26,$ 3224.68,100
3532,11:09:25,$ 3224.81,300
3533,11:09:18,$ 3226.22,100
3535,11:09:16,$ 3227.37,100
3536,11:09:09,$ 3222.65,105
3537,11:09:09,$ 3223.257,100
3538,11:09:08,$ 3222.6137,"1,000"
3539,11:09:07,$ 3224.99,100
3540,11:09:07,$ 3224.99,100
3541,11:09:07,$ 3224.9999,200
3542,11:09:06,$ 3221.915,100
3543,11:09:06,$ 3222.84,100
3544,11:09:06,$ 3222.95,100
3545,11:09:06,$ 3222.81,100
3546,11:09:06,$ 3222.93,100
3547,11:09:05,$ 3221.84,"1,000"
3548,11:09:01,$ 3222.88,100
3549,11:09:00,$ 3222.44,100
3550,11:09:00,$ 3222.44,100
3551,11:09:00,$ 3220.65,956
3552,11:08:47,$ 3221.92,412
3553,11:08:41,$ 3221.90,100
3554,11:08:37,$ 3220.88,100
3556,11:08:37,$ 3220.205,400
3557,11:08:37,$ 3219.9899,100
3558,11:08:37,$ 3219.94,100
3559,11:08:37,$ 3219.99,100
3560,11:08:22,$ 3216.61,100
3561,11:08:14,$ 3217.34,500
3562,11:08:12,$ 3217.925,500
3563,11:08:12,$ 3217.73,100
3564,11:08:10,$ 3216.75,110
3565,11:08:09,$ 3215.445,100
3566,11:08:09,$ 3215.45,500
3567,11:07:52,$ 3213.00,100
3568,11:07:45,$ 3212.99,100
3569,11:07:45,$ 3211.92,200
3570,11:07:44,$ 3211.93,100
3571,11:07:34,$ 3212.71,100
3572,11:07:34,$ 3213.155,300
3573,11:07:34,$ 3213.155,100
3574,11:07:34,$ 3212.5899,100
3575,11:07:34,$ 3212.59,100
3577,11:07:21,$ 3213.09,100
3578,11:07:20,$ 3213.09,100
3579,11:07:18,$ 3213.70,500
3580,11:07:01,$ 3212.475,100
3581,11:06:37,$ 3211.05,100
3582,11:06:30,$ 3211.32,133
3583,11:06:30,$ 3210.67,100
3584,11:06:30,$ 3210.67,100
3585,11:06:23,$ 3209.18,100
3586,11:06:23,$ 3209.00,146
3587,11:05:08,$ 3211.1011,100
3588,11:04:32,$ 3209.00,100
3589,11:04:27,$ 3209.3605,100
3590,11:04:04,$ 3211.44,100
3591,11:03:44,$ 3211.8728,100
3592,11:03:28,$ 3210.9201,100
3593,11:03:20,$ 3212.11,100
3594,11:02:20,$ 3215.55,100
3595,11:02:09,$ 3215.17,100
3596,11:01:50,$ 3214.35,100
3598,11:01:47,$ 3214.5519,100
3599,11:01:47,$ 3214.53,100
3600,11:01:47,$ 3214.43,300
3601,11:01:47,$ 3214.75,100
3602,11:01:47,$ 3214.75,100
3603,11:01:27,$ 3212.16,100
3604,11:01:10,$ 3213.645,100
3605,11:01:06,$ 3214.6699,500
3606,11:00:48,$ 3212.38,100
3607,11:00:48,$ 3213.018,100
3608,11:00:48,$ 3212.38,100
3609,11:00:48,$ 3213.68,100
3610,11:00:48,$ 3213.04,100
3611,11:00:48,$ 3212.36,100
3612,11:00:48,$ 3214.00,200
3613,11:00:43,$ 3215.20,100
3614,11:00:33,$ 3216.465,100
3615,11:00:33,$ 3216.53,100
3616,11:00:32,$ 3216.795,100
3617,11:00:30,$ 3216.81,100
3619,11:00:29,$ 3216.57,100
3620,11:00:28,$ 3215.55,100
3621,11:00:28,$ 3215.54,275
3622,11:00:28,$ 3215.54,100
3623,11:00:28,$ 3215.55,100
3624,11:00:28,$ 3214.9916,"1,000"
3625,11:00:25,$ 3214.66,300
3626,11:00:25,$ 3214.66,100
3627,11:00:25,$ 3215.00,300
3628,11:00:12,$ 3217.125,100
3630,11:59:45,$ 3221.38,100
3631,11:59:26,$ 3220.08,100
3632,11:58:11,$ 3220.3732,386
3633,11:57:59,$ 3223.40,100
3634,11:57:59,$ 3223.42,100
3635,11:57:59,$ 3223.38,100
3636,11:57:59,$ 3223.33,100
3637,11:57:59,$ 3223.29,100
3638,11:57:54,$ 3224.64,348
3639,11:57:52,$ 3224.66,100
3640,11:57:42,$ 3224.66,100
3641,11:57:40,$ 3224.55,100
3642,11:57:40,$ 3224.58,100
3643,11:57:40,$ 3224.45,100
3644,11:57:40,$ 3224.58,100
3645,11:57:40,$ 3224.57,100
3646,11:57:39,$ 3224.38,100
3647,11:57:38,$ 3223.7459,100
3648,11:57:38,$ 3224.66,100
3649,11:57:38,$ 3224.37,100
3651,11:57:38,$ 3224.66,100
3652,11:57:38,$ 3224.55,100
3653,11:57:35,$ 3222.8552,400
3654,11:57:34,$ 3222.77,100
3655,11:57:33,$ 3224.66,100
3656,11:57:33,$ 3223.81,100
3657,11:57:33,$ 3223.84,100
3658,11:57:14,$ 3222.95,170
3659,11:57:10,$ 3222.29,100
3660,11:57:10,$ 3222.30,100
3661,11:57:07,$ 3221.37,100
3662,11:57:03,$ 3221.525,102
3663,11:57:03,$ 3221.92,100
3664,11:56:51,$ 3220.00,768
3665,11:56:49,$ 3219.1156,500
3666,11:56:47,$ 3218.8365,202
3667,11:56:47,$ 3218.8673,172
3668,11:56:34,$ 3219.015,102
3669,11:56:23,$ 3218.2119,400
3670,11:55:59,$ 3217.3606,102
3672,11:55:18,$ 3217.2025,400
3673,11:55:00,$ 3215.00,100
3674,11:55:00,$ 3215.00,598
3675,11:55:00,$ 3215.00,100
3676,11:54:42,$ 3214.8975,100
3677,11:54:05,$ 3213.685,100
3678,11:54:02,$ 3213.71,100
3679,11:53:40,$ 3214.12,500
3680,11:53:36,$ 3213.8027,345
3681,11:53:34,$ 3214.20,168
3682,11:53:13,$ 3214.2698,309
3683,11:53:13,$ 3215.05,100
3684,11:53:10,$ 3215.00,270
3685,11:53:10,$ 3215.00,100
3686,11:53:10,$ 3215.00,100
3687,11:53:10,$ 3215.00,100
3688,11:53:05,$ 3215.82,100
3689,11:52:37,$ 3218.835,400
3690,11:52:37,$ 3218.835,120
3691,11:52:30,$ 3217.67,100
3693,11:55:18,$ 3217.2025,400
3694,11:55:00,$ 3215.00,100
3695,11:55:00,$ 3215.00,598
3696,11:55:00,$ 3215.00,100
3697,11:54:42,$ 3214.8975,100
3698,11:54:05,$ 3213.685,100
3699,11:54:02,$ 3213.71,100
3700,11:53:40,$ 3214.12,500
3701,11:53:36,$ 3213.8027,345
3702,11:53:34,$ 3214.20,168
3703,11:53:13,$ 3214.2698,309
3704,11:53:13,$ 3215.05,100
3705,11:53:10,$ 3215.00,270
3706,11:53:10,$ 3215.00,100
3707,11:53:10,$ 3215.00,100
3708,11:53:10,$ 3215.00,100
3709,11:53:05,$ 3215.82,100
3710,11:52:37,$ 3218.835,400
3711,11:52:37,$ 3218.835,120
3712,11:52:30,$ 3217.67,100
3714,11:47:04,$ 3218.34,100
3715,11:46:48,$ 3218.05,100
3716,11:46:26,$ 3219.26,100
3717,11:46:26,$ 3218.49,100
3718,11:46:26,$ 3218.48,100
3719,11:46:26,$ 3218.82,100
3720,11:46:26,$ 3219.09,100
3721,11:46:23,$ 3219.05,100
3722,11:45:56,$ 3219.87,100
3723,11:45:52,$ 3219.88,100
3724,11:45:49,$ 3219.8855,116
3725,11:45:15,$ 3220.90,100
3726,11:45:09,$ 3221.18,100
3727,11:45:06,$ 3221.23,100
3728,11:45:06,$ 3221.23,112
3729,11:45:05,$ 3221.27,100
3730,11:44:24,$ 3218.60,100
3731,11:44:18,$ 3219.06,100
3732,11:43:39,$ 3218.355,102
3733,11:43:29,$ 3217.56,100
3735,11:43:29,$ 3217.81,100
3736,11:43:19,$ 3218.4496,100
3737,11:43:01,$ 3217.16,100
3738,11:42:47,$ 3219.325,217
3739,11:42:47,$ 3218.99,100
3740,11:42:46,$ 3219.94,100
3741,11:42:40,$ 3220.015,317
3742,11:42:30,$ 3218.84,100
3743,11:42:29,$ 3218.73,100
3744,11:42:29,$ 3218.915,100
3745,11:42:23,$ 3218.765,100
3746,11:42:16,$ 3217.715,100
3747,11:42:15,$ 3218.015,100
3748,11:42:15,$ 3217.71,100
3749,11:42:08,$ 3218.24,100
3750,11:42:07,$ 3218.845,100
3751,11:42:05,$ 3219.54,100
3752,11:42:04,$ 3218.815,114
3753,11:42:03,$ 3219.61,400
3754,11:42:02,$ 3220.03,100
3756,11:42:02,$ 3219.90,100
3757,11:42:02,$ 3219.90,100
3758,11:42:01,$ 3218.65,378
3759,11:42:01,$ 3218.29,102
3760,11:42:01,$ 3218.29,198
3761,11:41:34,$ 3216.47,100
3762,11:41:30,$ 3216.13,100
3763,11:40:39,$ 3220.99,100
3764,11:40:33,$ 3221.64,100
3765,11:40:31,$ 3222.75,100
3766,11:39:59,$ 3221.45,100
3767,11:39:59,$ 3221.45,100
3768,11:39:32,$ 3222.00,100
3769,11:39:26,$ 3220.59,317
3770,11:38:59,$ 3216.496,100
3771,11:38:59,$ 3217.36,100
3772,11:38:59,$ 3216.33,100
3773,11:38:59,$ 3216.311,100
3774,11:38:30,$ 3217.915,200
3775,11:38:28,$ 3218.54,100
3777,11:38:24,$ 3218.39,100
3778,11:38:24,$ 3218.38,100
3779,11:37:05,$ 3217.4561,399
3780,11:36:48,$ 3216.63,100
3781,11:36:48,$ 3216.63,100
3782,11:36:48,$ 3216.63,200
3783,11:36:48,$ 3216.63,121
3784,11:36:48,$ 3216.63,100
3785,11:36:46,$ 3217.092,478
3786,11:35:59,$ 3218.33,479
3787,11:35:59,$ 3218.80,100
3788,11:35:59,$ 3219.37,100
3789,11:35:59,$ 3219.442,100
3790,11:35:59,$ 3218.80,100
3791,11:35:19,$ 3218.01,100
3792,11:35:02,$ 3217.1464,100
3793,11:34:08,$ 3220.26,194
3794,11:33:56,$ 3219.97,100
3795,11:33:56,$ 3219.84,100
3796,11:33:38,$ 3219.65,100
3798,11:32:28,$ 3215.99,100
3799,11:32:27,$ 3216.02,100
3800,11:32:13,$ 3216.44,115
3801,11:32:12,$ 3217.37,100
3802,11:32:02,$ 3215.5201,300
3803,11:31:56,$ 3216.594,500
3804,11:31:54,$ 3216.00,100
3805,11:31:39,$ 3216.26,100
3806,11:31:36,$ 3215.84,100
3807,11:31:07,$ 3213.73,100
3809,12:29:25,$ 3216.465,100
3810,12:29:19,$ 3217.30,100
3811,12:29:02,$ 3217.35,100
3812,12:28:54,$ 3219.15,100
3813,12:28:54,$ 3219.19,100
3814,12:28:52,$ 3219.16,100
3815,12:28:52,$ 3219.19,100
3816,12:28:51,$ 3219.21,100
3817,12:28:51,$ 3219.53,100
3818,12:28:51,$ 3219.53,400
3819,12:28:51,$ 3219.52,100
3820,12:28:51,$ 3219.52,100
3821,12:28:51,$ 3219.52,400
3822,12:28:51,$ 3219.52,100
3823,12:28:51,$ 3219.51,100
3824,12:28:51,$ 3219.53,100
3825,12:28:51,$ 3219.52,100
3826,12:28:51,$ 3218.48,100
3827,12:28:51,$ 3218.59,100
3828,12:28:51,$ 3219.53,100
3830,12:28:50,$ 3219.065,100
3831,12:28:30,$ 3218.98,117
3832,12:28:30,$ 3218.19,100
3833,12:28:19,$ 3218.96,100
3834,12:28:19,$ 3218.5768,389
3835,12:28:19,$ 3217.84,100
3836,12:28:19,$ 3217.91,100
3837,12:28:19,$ 3217.91,100
3838,12:27:55,$ 3218.47,100
3839,12:27:37,$ 3217.92,100
3840,12:26:30,$ 3217.93,100
3841,12:26:10,$ 3218.44,312
3842,12:26:10,$ 3218.44,200
3843,12:26:10,$ 3218.44,100
3844,12:25:17,$ 3218.63,100
3845,12:25:15,$ 3219.02,100
3846,12:25:15,$ 3217.73,100
3847,12:24:59,$ 3219.02,100
3848,12:24:25,$ 3220.05,100
3849,12:24:25,$ 3218.80,100
3851,12:24:25,$ 3218.80,552
3852,12:24:25,$ 3218.80,343
3853,12:24:23,$ 3220.05,100
3854,12:23:46,$ 3217.44,100
3855,12:23:41,$ 3218.76,100
3856,12:23:28,$ 3217.0901,200
3857,12:23:22,$ 3218.00,100
3858,12:22:56,$ 3218.09,100
3859,12:22:47,$ 3217.375,100
3860,12:22:35,$ 3218.33,100
3861,12:22:35,$ 3218.225,100
3862,12:22:35,$ 3218.355,100
3863,12:22:35,$ 3218.31,100
3864,12:22:30,$ 3217.21,100
3865,12:22:03,$ 3217.98,100
3866,12:22:03,$ 3217.075,200
3867,12:22:03,$ 3218.00,100
3868,12:21:56,$ 3216.97,100
3869,12:21:49,$ 3215.00,748
3870,12:21:49,$ 3215.00,100
3872,12:21:17,$ 3215.30,234
3873,12:21:17,$ 3215.63,100
3874,12:21:16,$ 3215.30,100
3875,12:21:16,$ 3215.10,100
3876,12:21:16,$ 3215.37,100
3877,12:20:59,$ 3216.00,170
3878,12:20:58,$ 3216.02,100
3879,12:20:58,$ 3216.01,123
3880,12:20:57,$ 3217.9999,200
3881,12:20:52,$ 3217.15,100
3882,12:20:46,$ 3217.43,100
3883,12:20:06,$ 3218.22,100
3884,12:20:01,$ 3218.24,100
3885,12:19:51,$ 3218.02,100
3886,12:19:51,$ 3218.04,100
3887,12:19:51,$ 3218.20,100
3888,12:19:19,$ 3219.8599,500
3889,12:18:32,$ 3219.50,101
3890,12:17:58,$ 3220.01,100
