,NLS Time (ET),NLS Price,NLS Share Volume
1,09:59:59,$ 3242.41,107
2,09:59:59,$ 3242.11,100
3,09:59:58,$ 3242.12,100
4,09:59:58,$ 3242.32,100
5,09:59:57,$ 3242.235,100
6,09:59:52,$ 3243.70,100
7,09:59:49,$ 3244.2478,150
8,09:59:43,$ 3244.32,107
9,09:59:43,$ 3243.67,100
10,09:59:43,$ 3243.67,100
11,09:59:43,$ 3243.67,100
12,09:59:42,$ 3245.00,100
13,09:59:42,$ 3245.00,100
14,09:59:42,$ 3245.00,100
15,09:59:42,$ 3245.00,100
16,09:59:40,$ 3246.6533,100
17,09:59:32,$ 3248.2101,500
18,09:59:23,$ 3249.13,100
19,09:59:23,$ 3247.72,200
20,09:59:15,$ 3247.705,200
22,09:59:13,$ 3246.786,100
23,09:59:13,$ 3247.88,100
24,09:58:46,$ 3247.27,109
25,09:58:45,$ 3246.125,100
26,09:58:44,$ 3247.7701,400
27,09:58:23,$ 3247.355,100
28,09:58:19,$ 3248.785,200
29,09:58:16,$ 3247.25,100
30,09:58:11,$ 3247.60,100
31,09:58:05,$ 3248.08,100
32,09:58:00,$ 3247.17,100
33,09:57:46,$ 3248.42,200
34,09:57:43,$ 3248.665,100
35,09:57:39,$ 3249.40,100
36,09:57:30,$ 3249.84,200
37,09:57:16,$ 3248.67,100
38,09:57:05,$ 3250.095,100
39,09:57:02,$ 3250.08,109
40,09:57:00,$ 3250.05,100
41,09:57:00,$ 3249.51,100
43,09:56:58,$ 3249.48,100
44,09:56:55,$ 3250.58,100
45,09:56:54,$ 3251.58,100
46,09:56:50,$ 3249.98,100
47,09:56:50,$ 3250.11,100
48,09:56:50,$ 3249.98,100
49,09:56:50,$ 3250.20,100
50,09:56:50,$ 3250.045,100
51,09:56:50,$ 3250.11,100
52,09:56:40,$ 3253.31,100
53,09:56:39,$ 3253.31,100
54,09:56:35,$ 3253.76,107
55,09:56:26,$ 3254.55,100
56,09:56:26,$ 3254.57,100
57,09:56:24,$ 3255.49,108
58,09:56:23,$ 3255.43,100
59,09:56:22,$ 3255.17,100
60,09:56:07,$ 3254.8513,115
61,09:56:05,$ 3254.84,100
62,09:56:01,$ 3254.54,101
64,09:56:00,$ 3253.835,100
65,09:55:51,$ 3257.16,100
66,09:55:48,$ 3255.55,197
67,09:55:46,$ 3256.425,100
68,09:55:19,$ 3253.134,200
69,09:55:10,$ 3253.84,100
70,09:55:07,$ 3252.6886,100
71,09:55:04,$ 3252.87,100
72,09:55:04,$ 3252.87,100
73,09:55:03,$ 3254.765,100
74,09:54:59,$ 3255.00,100
75,09:54:56,$ 3255.26,100
76,09:54:56,$ 3255.05,100
77,09:54:52,$ 3257.3966,200
78,09:54:37,$ 3257.2325,100
79,09:54:33,$ 3256.86,100
80,09:54:10,$ 3255.915,100
81,09:54:10,$ 3256.97,100
82,09:54:04,$ 3256.485,240
83,09:53:44,$ 3255.05,100
85,09:53:41,$ 3255.53,175
86,09:53:34,$ 3254.8704,115
87,09:53:34,$ 3255.64,200
88,09:53:19,$ 3256.34,100
89,09:53:03,$ 3256.445,156
90,09:53:03,$ 3256.85,100
91,09:53:02,$ 3257.29,100
92,09:53:02,$ 3257.29,100
93,09:53:01,$ 3257.23,100
94,09:52:53,$ 3258.565,200
95,09:52:52,$ 3257.655,100
96,09:52:52,$ 3258.04,100
97,09:52:51,$ 3258.63,100
98,09:52:46,$ 3257.045,100
99,09:52:46,$ 3257.80,100
100,09:52:38,$ 3258.8938,100
101,09:52:38,$ 3258.8695,100
102,09:52:35,$ 3256.4875,100
103,09:52:07,$ 3252.90,100
104,09:52:06,$ 3251.94,100
106,09:51:54,$ 3252.05,117
107,09:51:51,$ 3252.9235,100
108,09:51:51,$ 3251.453,100
109,09:51:50,$ 3251.1301,200
110,09:51:48,$ 3252.85,100
111,09:51:48,$ 3252.89,100
112,09:51:48,$ 3252.85,100
113,09:51:44,$ 3249.62,250
114,09:51:40,$ 3248.915,100
115,09:51:40,$ 3248.915,115
116,09:51:38,$ 3249.01,100
117,09:51:25,$ 3248.64,100
118,09:51:23,$ 3247.95,100
119,09:51:23,$ 3248.00,100
120,09:51:19,$ 3247.50,100
121,09:51:10,$ 3244.815,300
122,09:51:00,$ 3244.65,100
123,09:51:00,$ 3244.65,100
124,09:50:50,$ 3244.90,100
125,09:50:15,$ 3243.955,100
127,09:50:15,$ 3243.955,100
128,09:50:11,$ 3243.98,100
129,09:50:08,$ 3242.07,182
130,09:50:08,$ 3242.07,400
131,09:50:08,$ 3243.74,100
132,09:50:08,$ 3243.69,100
133,09:50:08,$ 3245.9099,100
134,09:50:05,$ 3246.01,100
135,09:50:00,$ 3245.00,100
136,09:50:00,$ 3246.22,200
137,09:49:58,$ 3247.39,100
138,09:49:49,$ 3246.96,100
139,09:49:42,$ 3246.46,100
140,09:49:36,$ 3245.28,250
141,09:49:34,$ 3246.78,100
142,09:49:34,$ 3246.30,100
143,09:49:33,$ 3246.265,100
144,09:49:26,$ 3245.51,100
145,09:49:25,$ 3244.48,127
146,09:49:25,$ 3245.91,200
148,09:49:18,$ 3248.241,250
149,09:49:14,$ 3247.095,100
150,09:49:13,$ 3246.65,100
151,09:49:13,$ 3246.66,235
152,09:49:13,$ 3246.62,100
153,09:49:13,$ 3246.23,100
154,09:49:07,$ 3246.905,193
155,09:49:07,$ 3246.91,100
156,09:49:07,$ 3247.8927,100
157,09:49:06,$ 3246.71,100
158,09:49:06,$ 3246.57,100
159,09:49:02,$ 3248.14,100
160,09:49:02,$ 3248.14,100
161,09:49:02,$ 3247.95,100
162,09:49:01,$ 3246.178,500
163,09:49:00,$ 3246.73,250
164,09:48:39,$ 3245.80,100
165,09:48:37,$ 3245.8699,200
166,09:48:36,$ 3245.28,100
167,09:48:36,$ 3244.735,100
169,09:48:35,$ 3243.60,100
170,09:48:35,$ 3243.60,100
171,09:48:28,$ 3245.475,100
172,09:48:21,$ 3244.6691,"1,000"
173,09:48:19,$ 3245.505,100
174,09:48:19,$ 3245.67,100
175,09:48:14,$ 3246.315,100
176,09:48:10,$ 3246.06,100
177,09:48:07,$ 3246.72,100
178,09:48:02,$ 3246.26,100
179,09:48:02,$ 3246.00,110
180,09:48:00,$ 3245.00,100
181,09:47:39,$ 3243.94,100
182,09:47:39,$ 3243.40,100
183,09:47:39,$ 3243.44,100
184,09:47:35,$ 3244.62,200
185,09:47:25,$ 3243.75,100
186,09:47:23,$ 3242.485,100
187,09:47:22,$ 3240.90,100
188,09:47:21,$ 3242.00,100
190,09:47:19,$ 3242.00,100
191,09:47:17,$ 3242.00,100
192,09:47:03,$ 3241.45,100
193,09:47:02,$ 3242.15,100
194,09:46:50,$ 3244.082,100
195,09:46:50,$ 3244.355,100
196,09:46:44,$ 3244.05,200
197,09:46:41,$ 3243.90,100
198,09:46:34,$ 3245.60,200
199,09:46:32,$ 3243.19,100
200,09:46:27,$ 3245.00,100
201,09:46:25,$ 3243.01,100
202,09:46:20,$ 3244.56,100
203,09:46:20,$ 3244.61,100
204,09:46:20,$ 3244.38,"1,000"
205,09:46:18,$ 3243.77,100
206,09:46:16,$ 3242.91,100
207,09:46:13,$ 3243.7699,200
208,09:46:11,$ 3242.50,180
209,09:46:10,$ 3242.885,100
211,09:46:02,$ 3241.44,100
212,09:46:00,$ 3242.90,100
213,09:46:00,$ 3241.97,100
214,09:45:53,$ 3240.96,100
215,09:45:45,$ 3240.00,100
216,09:45:44,$ 3240.00,100
217,09:45:44,$ 3240.00,115
218,09:45:44,$ 3240.14,100
219,09:45:44,$ 3240.20,100
220,09:45:40,$ 3241.82,100
221,09:45:36,$ 3240.49,100
222,09:45:36,$ 3240.49,100
223,09:45:36,$ 3240.49,100
224,09:45:35,$ 3239.75,150
225,09:45:35,$ 3239.10,100
226,09:45:32,$ 3241.645,100
227,09:45:30,$ 3241.51,100
228,09:45:30,$ 3241.58,100
229,09:45:29,$ 3241.81,100
230,09:45:27,$ 3242.30,100
232,09:45:25,$ 3242.28,300
233,09:45:25,$ 3244.0144,100
234,09:45:21,$ 3242.685,100
235,09:45:19,$ 3243.86,100
236,09:45:17,$ 3244.1084,115
237,09:45:10,$ 3245.12,300
238,09:45:09,$ 3243.86,100
239,09:45:09,$ 3243.82,100
240,09:45:09,$ 3243.795,100
241,09:45:05,$ 3245.595,100
242,09:45:03,$ 3244.565,100
243,09:45:03,$ 3245.00,297
244,09:45:03,$ 3245.17,100
245,09:44:58,$ 3246.30,100
246,09:44:57,$ 3246.58,100
247,09:44:51,$ 3247.42,100
248,09:44:49,$ 3247.91,100
249,09:44:36,$ 3248.08,100
250,09:44:36,$ 3247.88,100
251,09:44:33,$ 3250.19,100
253,09:44:33,$ 3248.98,100
254,09:44:32,$ 3247.96,100
255,09:44:28,$ 3247.92,100
256,09:44:23,$ 3248.00,112
257,09:44:23,$ 3248.00,100
258,09:44:23,$ 3248.09,100
259,09:44:19,$ 3248.685,100
260,09:44:19,$ 3248.62,100
261,09:44:19,$ 3249.11,100
262,09:44:18,$ 3248.96,100
263,09:44:18,$ 3249.40,100
264,09:44:18,$ 3249.57,100
265,09:44:14,$ 3249.8834,256
266,09:44:10,$ 3250.66,100
267,09:44:10,$ 3250.90,100
268,09:44:03,$ 3252.37,100
269,09:44:03,$ 3251.81,100
270,09:43:55,$ 3251.945,100
271,09:43:55,$ 3251.945,100
272,09:43:51,$ 3251.95,100
274,09:43:51,$ 3252.00,100
275,09:43:49,$ 3251.69,100
276,09:43:47,$ 3251.04,100
277,09:43:44,$ 3251.72,100
278,09:43:43,$ 3251.90,200
279,09:43:40,$ 3252.8999,100
280,09:43:39,$ 3251.64,100
281,09:43:39,$ 3251.64,100
282,09:43:34,$ 3253.01,100
283,09:43:34,$ 3251.28,100
284,09:43:29,$ 3251.26,100
285,09:43:23,$ 3253.76,100
286,09:43:20,$ 3255.215,100
287,09:43:20,$ 3254.06,100
288,09:43:12,$ 3255.27,100
289,09:42:57,$ 3256.49,100
290,09:42:56,$ 3255.41,100
291,09:42:54,$ 3255.03,100
292,09:42:52,$ 3255.56,100
293,09:42:50,$ 3255.79,100
295,09:42:48,$ 3256.04,100
296,09:42:48,$ 3256.50,100
297,09:42:48,$ 3256.76,100
298,09:42:48,$ 3256.55,100
299,09:42:47,$ 3258.085,100
300,09:42:46,$ 3257.05,100
301,09:42:44,$ 3257.03,100
302,09:42:44,$ 3258.05,100
303,09:42:43,$ 3258.32,100
304,09:42:42,$ 3258.32,100
305,09:42:39,$ 3258.59,100
306,09:42:35,$ 3259.00,100
307,09:42:28,$ 3258.87,100
308,09:42:28,$ 3258.84,100
309,09:42:27,$ 3258.8996,100
310,09:42:18,$ 3259.51,200
311,09:42:08,$ 3259.365,200
312,09:41:49,$ 3257.716,100
313,09:41:20,$ 3260.285,100
314,09:41:15,$ 3260.27,100
316,09:41:09,$ 3259.08,100
317,09:41:04,$ 3261.105,100
318,09:41:00,$ 3259.01,100
319,09:41:00,$ 3258.995,100
320,09:40:50,$ 3259.672,100
321,09:40:44,$ 3258.505,100
322,09:40:43,$ 3258.505,100
323,09:40:43,$ 3258.505,100
324,09:40:43,$ 3258.505,100
325,09:40:37,$ 3258.19,100
326,09:40:20,$ 3258.10,100
327,09:40:12,$ 3257.68,100
328,09:40:01,$ 3258.195,100
329,09:40:00,$ 3258.68,100
330,09:39:58,$ 3257.45,100
331,09:39:48,$ 3257.81,100
332,09:39:35,$ 3259.30,100
333,09:39:35,$ 3256.77,100
334,09:39:34,$ 3256.475,100
335,09:39:34,$ 3256.53,100
337,09:39:34,$ 3256.70,100
338,09:39:34,$ 3256.495,100
339,09:39:34,$ 3256.555,100
340,09:39:32,$ 3258.61,100
341,09:39:31,$ 3259.65,100
342,09:39:18,$ 3256.54,100
343,09:39:18,$ 3257.0051,167
344,09:39:16,$ 3258.42,100
345,09:39:15,$ 3258.53,100
346,09:39:13,$ 3259.31,100
347,09:39:13,$ 3260.16,100
348,09:39:13,$ 3260.10,100
349,09:39:13,$ 3260.06,100
350,09:39:13,$ 3262.13,100
351,09:39:12,$ 3260.95,100
352,09:38:51,$ 3262.3875,100
353,09:38:48,$ 3262.20,100
354,09:38:30,$ 3263.98,100
355,09:38:24,$ 3262.81,100
356,09:38:23,$ 3263.135,100
358,09:38:20,$ 3263.32,100
359,09:38:19,$ 3264.38,100
360,09:38:11,$ 3265.00,100
361,09:38:11,$ 3265.00,100
362,09:38:08,$ 3263.80,100
363,09:37:47,$ 3263.3613,115
364,09:37:46,$ 3264.34,120
365,09:37:42,$ 3264.00,244
366,09:37:42,$ 3264.00,160
367,09:37:39,$ 3263.9899,100
368,09:37:20,$ 3264.09,100
369,09:37:19,$ 3264.12,100
370,09:37:15,$ 3263.56,100
371,09:37:12,$ 3263.56,100
372,09:37:07,$ 3264.29,115
373,09:37:06,$ 3263.06,100
374,09:37:06,$ 3263.63,100
375,09:37:06,$ 3263.33,100
376,09:37:06,$ 3263.38,151
377,09:37:03,$ 3261.00,100
379,09:37:03,$ 3262.01,100
380,09:36:44,$ 3264.56,100
381,09:36:44,$ 3264.56,100
382,09:36:42,$ 3266.6687,500
383,09:36:28,$ 3267.528,375
384,09:36:28,$ 3265.408,100
385,09:36:25,$ 3266.87,100
386,09:36:17,$ 3266.48,100
387,09:36:09,$ 3264.50,100
388,09:36:09,$ 3264.14,100
389,09:36:09,$ 3264.35,100
390,09:36:09,$ 3264.24,100
391,09:36:01,$ 3262.64,100
392,09:35:57,$ 3263.7985,500
393,09:35:50,$ 3265.1499,100
394,09:35:46,$ 3265.35,100
395,09:35:46,$ 3263.81,100
396,09:35:43,$ 3267.00,500
397,09:35:40,$ 3265.74,100
398,09:35:40,$ 3265.74,100
400,09:35:36,$ 3266.88,100
401,09:35:33,$ 3266.16,100
402,09:35:33,$ 3266.23,100
403,09:35:33,$ 3265.7041,100
404,09:35:29,$ 3264.62,100
405,09:35:26,$ 3263.0672,100
406,09:35:24,$ 3263.16,100
407,09:35:17,$ 3263.49,100
408,09:35:16,$ 3264.33,496
409,09:35:14,$ 3264.21,100
410,09:35:14,$ 3263.165,100
411,09:35:10,$ 3264.205,100
412,09:35:09,$ 3262.812,200
413,09:35:08,$ 3264.205,100
414,09:35:08,$ 3261.0001,200
415,09:35:05,$ 3265.42,100
416,09:35:03,$ 3261.855,100
417,09:35:02,$ 3261.51,145
418,09:35:02,$ 3261.51,150
419,09:35:02,$ 3261.51,103
421,09:35:02,$ 3261.22,255
422,09:35:01,$ 3264.0074,111
423,09:34:57,$ 3262.73,200
424,09:34:56,$ 3265.45,100
425,09:34:56,$ 3266.36,100
426,09:34:56,$ 3265.31,100
427,09:34:56,$ 3265.46,100
428,09:34:56,$ 3265.57,100
429,09:34:54,$ 3264.73,100
430,09:34:52,$ 3263.505,111
431,09:34:47,$ 3263.73,100
432,09:34:47,$ 3263.6678,500
433,09:34:42,$ 3262.6301,100
434,09:34:37,$ 3262.80,100
435,09:34:37,$ 3262.84,100
436,09:34:36,$ 3262.76,100
437,09:34:36,$ 3262.84,100
438,09:34:36,$ 3262.77,100
439,09:34:36,$ 3260.0701,200
440,09:34:36,$ 3263.45,100
442,09:34:34,$ 3262.88,100
443,09:34:33,$ 3263.74,100
444,09:34:33,$ 3263.61,100
445,09:34:28,$ 3263.74,100
446,09:34:28,$ 3263.15,100
447,09:34:28,$ 3263.605,100
448,09:34:23,$ 3259.67,100
449,09:34:22,$ 3259.58,100
450,09:34:22,$ 3259.14,100
451,09:34:22,$ 3259.14,100
452,09:34:22,$ 3258.564,100
453,09:34:21,$ 3256.99,100
454,09:34:21,$ 3257.605,100
455,09:34:19,$ 3256.56,100
456,09:34:19,$ 3256.475,100
457,09:34:18,$ 3256.475,100
458,09:34:17,$ 3256.475,100
459,09:34:15,$ 3258.955,100
460,09:34:15,$ 3257.83,100
461,09:34:15,$ 3257.83,100
463,09:34:13,$ 3256.735,100
464,09:34:05,$ 3255.9325,100
465,09:34:04,$ 3256.70,100
466,09:34:00,$ 3257.9275,100
467,09:33:52,$ 3257.89,100
468,09:33:42,$ 3256.80,100
469,09:33:42,$ 3255.58,100
470,09:33:41,$ 3256.1175,100
471,09:33:38,$ 3255.59,100
472,09:33:35,$ 3256.64,100
473,09:33:32,$ 3255.4199,100
474,09:33:32,$ 3254.875,100
475,09:33:31,$ 3254.00,100
476,09:33:24,$ 3253.89,200
477,09:33:21,$ 3252.465,200
478,09:33:17,$ 3252.32,100
479,09:33:08,$ 3251.148,100
480,09:33:07,$ 3249.95,100
481,09:33:07,$ 3250.555,200
482,09:33:07,$ 3250.54,100
484,09:33:07,$ 3250.55,200
485,09:33:07,$ 3250.55,200
486,09:33:01,$ 3249.50,100
487,09:33:01,$ 3250.665,100
488,09:33:01,$ 3250.535,100
489,09:33:01,$ 3251.42,100
490,09:32:56,$ 3249.32,100
491,09:32:44,$ 3251.0925,100
492,09:32:44,$ 3252.00,100
493,09:32:38,$ 3250.64,200
494,09:32:38,$ 3253.63,100
495,09:32:32,$ 3250.23,500
496,09:32:27,$ 3249.23,100
497,09:32:25,$ 3250.19,100
498,09:32:25,$ 3250.19,100
499,09:32:21,$ 3248.215,100
500,09:32:21,$ 3248.04,100
501,09:32:21,$ 3248.18,100
502,09:32:21,$ 3248.50,100
503,09:32:15,$ 3251.00,171
505,09:32:10,$ 3251.7484,100
506,09:32:02,$ 3253.00,190
507,09:32:01,$ 3254.44,100
508,09:32:01,$ 3255.08,100
509,09:32:01,$ 3254.60,150
510,09:31:56,$ 3257.375,100
511,09:31:55,$ 3257.105,100
512,09:31:49,$ 3255.42,100
513,09:31:48,$ 3256.925,100
514,09:31:47,$ 3256.925,100
515,09:31:47,$ 3256.925,200
516,09:31:44,$ 3256.99,100
517,09:31:42,$ 3257.69,100
518,09:31:39,$ 3259.65,400
519,09:31:35,$ 3257.53,100
520,09:31:34,$ 3257.5275,100
521,09:31:34,$ 3257.5475,100
522,09:31:29,$ 3259.24,100
523,09:31:18,$ 3259.15,100
524,09:31:09,$ 3258.97,100
526,09:31:06,$ 3259.149,100
527,09:31:06,$ 3258.452,100
528,09:31:06,$ 3257.426,100
529,09:31:06,$ 3258.50,100
530,09:30:45,$ 3258.54,100
531,09:30:42,$ 3256.31,100
532,09:30:42,$ 3258.14,100
533,09:30:41,$ 3256.66,500
534,09:30:32,$ 3260.00,100
535,09:30:15,$ 3259.87,100
536,09:30:14,$ 3257.24,224
537,09:30:14,$ 3257.28,100
538,09:30:14,$ 3257.70,100
539,09:30:09,$ 3256.24,100
540,09:30:09,$ 3256.25,269
541,09:30:05,$ 3255.10,100
542,09:30:04,$ 3256.06,100
543,09:30:04,$ 3259.99,100
544,09:30:02,$ 3257.00,1
545,09:30:02,$ 3257.00,2
547,09:30:02,$ 3257.00,2
548,09:30:02,$ 3257.00,8
549,09:30:02,$ 3257.00,1
550,09:30:02,$ 3257.00,2
551,09:30:02,$ 3257.00,4
552,09:30:02,$ 3257.00,8
553,09:30:02,$ 3257.00,8
554,09:30:02,$ 3257.00,3
555,09:30:02,$ 3257.00,2
556,09:30:02,$ 3257.00,3
557,09:30:02,$ 3257.00,3
558,09:30:02,$ 3257.00,6
559,09:30:02,$ 3257.00,3
560,09:30:02,$ 3257.00,10
561,09:30:02,$ 3257.00,5
562,09:30:02,$ 3257.00,2
563,09:30:02,$ 3257.00,1
564,09:30:02,$ 3257.00,3
565,09:30:02,$ 3257.00,8
566,09:30:02,$ 3257.00,31
568,09:30:02,$ 3257.00,1
569,09:30:02,$ 3257.00,1
570,09:30:02,$ 3257.00,3
571,09:30:02,$ 3257.00,43
572,09:30:02,$ 3257.00,10
573,09:30:02,$ 3257.00,21
574,09:30:02,$ 3257.00,100
575,09:30:02,$ 3257.00,4
576,09:30:02,$ 3257.00,4
577,09:30:02,$ 3257.00,3
578,09:30:02,$ 3257.00,4
579,09:30:02,$ 3257.00,15
580,09:30:02,$ 3257.00,8
581,09:30:02,$ 3257.00,6
582,09:30:02,$ 3257.00,1
583,09:30:02,$ 3257.00,10
584,09:30:02,$ 3257.00,5
585,09:30:02,$ 3257.00,7
586,09:30:02,$ 3257.00,3
587,09:30:02,$ 3257.00,21
589,09:30:02,$ 3257.00,3
590,09:30:02,$ 3257.00,2
591,09:30:02,$ 3257.00,2
592,09:30:02,$ 3257.00,1
593,09:30:02,$ 3257.00,6
594,09:30:02,$ 3257.00,1
595,09:30:02,$ 3257.00,31
596,09:30:02,$ 3257.00,1
597,09:30:02,$ 3257.00,4
598,09:30:02,$ 3257.00,5
599,09:30:02,$ 3257.00,3
600,09:30:02,$ 3257.00,1
601,09:30:02,$ 3257.00,12
602,09:30:02,$ 3257.00,13
603,09:30:02,$ 3257.00,10
604,09:30:02,$ 3257.00,19
605,09:30:02,$ 3257.00,6
606,09:30:02,$ 3257.00,11
607,09:30:02,$ 3257.00,89
608,09:30:02,$ 3257.00,7
610,09:30:02,$ 3257.00,2
611,09:30:02,$ 3257.00,10
612,09:30:02,$ 3257.00,8
613,09:30:02,$ 3257.00,30
614,09:30:02,$ 3257.00,7
615,09:30:02,$ 3257.00,6
616,09:30:02,$ 3257.00,1
617,09:30:02,$ 3257.00,3
618,09:30:02,$ 3257.00,2
619,09:30:02,$ 3257.00,2
620,09:30:02,$ 3257.00,3
621,09:30:02,$ 3257.00,1
622,09:30:02,$ 3257.00,1
623,09:30:02,$ 3257.00,1
624,09:30:02,$ 3257.00,1
625,09:30:02,$ 3257.00,1
626,09:30:02,$ 3257.00,4
627,09:30:02,$ 3257.00,2
628,09:30:02,$ 3257.00,4
629,09:30:02,$ 3257.00,1
631,09:30:02,$ 3257.00,2
632,09:30:02,$ 3257.00,3
633,09:30:02,$ 3257.00,190
634,09:30:02,$ 3257.00,3
635,09:30:02,$ 3257.00,900
636,09:30:02,$ 3257.00,10
637,09:30:02,$ 3257.00,5
638,09:30:02,$ 3257.00,1
639,09:30:02,$ 3257.00,9
640,09:30:02,$ 3257.00,5
641,09:30:02,$ 3257.00,2
642,09:30:02,$ 3257.00,29
643,09:30:02,$ 3257.00,2
644,09:30:02,$ 3257.00,2
645,09:30:02,$ 3257.00,2
646,09:30:02,$ 3257.00,10
647,09:30:02,$ 3257.00,5
648,09:30:02,$ 3257.00,2
649,09:30:02,$ 3257.00,2
650,09:30:02,$ 3257.00,100
652,09:30:02,$ 3257.00,2
653,09:30:02,$ 3257.00,1
654,09:30:02,$ 3257.00,1
655,09:30:02,$ 3257.00,1
656,09:30:02,$ 3257.00,1
657,09:30:02,$ 3257.00,3
658,09:30:02,$ 3257.00,1
659,09:30:02,$ 3257.00,21
660,09:30:02,$ 3257.00,12
661,09:30:02,$ 3257.00,12
662,09:30:02,$ 3257.00,104
663,09:30:02,$ 3257.00,1
664,09:30:02,$ 3257.00,5
665,09:30:02,$ 3257.00,1
666,09:30:02,$ 3257.00,1
667,09:30:02,$ 3257.00,1
668,09:30:02,$ 3257.00,2
669,09:30:02,$ 3257.00,2
670,09:30:02,$ 3257.00,1
671,09:30:02,$ 3257.00,3
673,09:30:02,$ 3257.00,1
674,09:30:02,$ 3257.00,2
675,09:30:02,$ 3257.00,1
676,09:30:02,$ 3257.00,1
677,09:30:02,$ 3257.00,3
678,09:30:02,$ 3257.00,3
679,09:30:02,$ 3257.00,2
680,09:30:02,$ 3257.00,6
681,09:30:02,$ 3257.00,7
682,09:30:02,$ 3257.00,3
683,09:30:02,$ 3257.00,2
684,09:30:02,$ 3257.00,1
685,09:30:02,$ 3257.00,2
686,09:30:02,$ 3257.00,3
687,09:30:02,$ 3257.00,1
688,09:30:02,$ 3257.00,3
689,09:30:02,$ 3257.00,3
690,09:30:02,$ 3257.00,1
691,09:30:02,$ 3257.00,540
692,09:30:02,$ 3257.00,1
694,09:30:02,$ 3257.00,5
695,09:30:02,$ 3257.00,1
696,09:30:02,$ 3257.00,3
697,09:30:02,$ 3257.00,15
698,09:30:02,$ 3257.00,1
699,09:30:02,$ 3257.00,2
700,09:30:02,$ 3257.00,1
701,09:30:02,$ 3257.00,1
702,09:30:02,$ 3257.00,6
703,09:30:02,$ 3257.00,6
704,09:30:02,$ 3257.00,3
705,09:30:02,$ 3257.00,23
706,09:30:02,$ 3257.00,8
707,09:30:02,$ 3257.00,46
708,09:30:02,$ 3257.00,100
709,09:30:02,$ 3257.00,3
710,09:30:02,$ 3257.00,100
711,09:30:02,$ 3257.00,5
712,09:30:02,$ 3257.00,10
713,09:30:02,$ 3257.00,1
715,09:30:02,$ 3257.00,10
716,09:30:02,$ 3257.00,20
717,09:30:02,$ 3257.00,10
718,09:30:02,$ 3257.00,9
719,09:30:02,$ 3257.00,1
720,09:30:02,$ 3257.00,3
721,09:30:02,$ 3257.00,1
722,09:30:02,$ 3257.00,1
723,09:30:02,$ 3257.00,68
724,09:30:02,$ 3257.00,20
725,09:30:02,$ 3257.00,2
726,09:30:02,$ 3257.00,10
727,09:30:02,$ 3257.00,53
728,09:30:02,$ 3257.00,13
729,09:30:02,$ 3257.00,18
730,09:30:02,$ 3257.00,4
731,09:30:02,$ 3257.00,13
732,09:30:02,$ 3257.00,1
733,09:30:02,$ 3257.00,2
734,09:30:02,$ 3257.00,1
736,09:30:02,$ 3257.00,36
737,09:30:02,$ 3257.00,35
738,09:30:02,$ 3257.00,26
739,09:30:02,$ 3257.00,5
740,09:30:02,$ 3257.00,36
741,09:30:02,$ 3257.00,29
742,09:30:02,$ 3257.00,2
743,09:30:02,$ 3257.00,162
744,09:30:02,$ 3257.00,188
745,09:30:02,$ 3257.00,1
746,09:30:02,$ 3257.00,30
747,09:30:02,$ 3257.00,40
748,09:30:02,$ 3257.00,1
749,09:30:02,$ 3257.00,17
750,09:30:02,$ 3257.00,3
751,09:30:02,$ 3257.00,2
752,09:30:02,$ 3257.00,2
753,09:30:02,$ 3257.00,16
754,09:30:02,$ 3257.00,225
755,09:30:02,$ 3257.00,8
757,09:30:02,$ 3257.00,117
758,09:30:02,$ 3257.00,2
759,09:30:02,$ 3257.00,16
760,09:30:02,$ 3257.00,4
761,09:30:02,$ 3257.00,6
762,09:30:02,$ 3257.00,1
763,09:30:02,$ 3257.00,2
764,09:30:02,$ 3257.00,2
765,09:30:02,$ 3257.00,6
766,09:30:02,$ 3257.00,1
767,09:30:02,$ 3257.00,6
768,09:30:02,$ 3257.00,1
769,09:30:02,$ 3257.00,5
770,09:30:02,$ 3257.00,1
771,09:30:02,$ 3257.00,1
772,09:30:02,$ 3257.00,1
773,09:30:02,$ 3257.00,11
774,09:30:02,$ 3257.00,2
775,09:30:02,$ 3257.00,10
776,09:30:02,$ 3257.00,5
778,09:30:02,$ 3257.00,50
779,09:30:02,$ 3257.00,300
780,09:30:02,$ 3257.00,30
781,09:30:02,$ 3257.00,"2,648"
782,09:30:02,$ 3257.00,20
783,09:30:02,$ 3257.00,25
784,09:30:02,$ 3257.00,10
785,09:30:02,$ 3257.00,200
786,09:30:02,$ 3257.00,2
787,09:30:02,$ 3257.00,2
788,09:30:02,$ 3257.00,1
789,09:30:02,$ 3257.00,2
790,09:30:02,$ 3257.00,1
791,09:30:02,$ 3257.00,2
792,09:30:02,$ 3257.00,1
793,09:30:02,$ 3257.00,10
794,09:30:02,$ 3257.00,7
795,09:30:02,$ 3257.00,3
796,09:30:02,$ 3257.00,7
797,09:30:02,$ 3257.00,5
799,09:30:02,$ 3257.00,8
800,09:30:02,$ 3257.00,5
801,09:30:02,$ 3257.00,2
802,09:30:02,$ 3257.00,17
803,09:30:02,$ 3257.00,1
804,09:30:02,$ 3257.00,17
805,09:30:02,$ 3257.00,1
806,09:30:02,$ 3257.00,1
807,09:30:02,$ 3257.00,14
808,09:30:02,$ 3257.00,15
809,09:30:02,$ 3257.00,19
810,09:30:02,$ 3257.00,1
811,09:30:02,$ 3257.00,1
812,09:30:02,$ 3257.00,"2,279"
813,09:30:02,$ 3257.00,2
814,09:30:02,$ 3257.00,1
815,09:30:02,$ 3257.00,2
816,09:30:02,$ 3257.00,10
817,09:30:02,$ 3257.00,9
818,09:30:02,$ 3257.00,1
820,09:30:02,$ 3257.00,75
821,09:30:02,$ 3257.00,1
822,09:30:02,$ 3257.00,2
823,09:30:02,$ 3257.00,5
824,09:30:02,$ 3257.00,2
825,09:30:02,$ 3257.00,10
826,09:30:02,$ 3257.00,1
827,09:30:02,$ 3257.00,1
828,09:30:02,$ 3257.00,1
829,09:30:02,$ 3257.00,1
830,09:30:02,$ 3257.00,1
831,09:30:02,$ 3257.00,9
832,09:30:02,$ 3257.00,115
833,09:30:02,$ 3257.00,6
834,09:30:02,$ 3257.00,4
835,09:30:02,$ 3257.00,2
836,09:30:02,$ 3257.00,1
837,09:30:02,$ 3257.00,3
838,09:30:02,$ 3257.00,1
839,09:30:02,$ 3257.00,2
841,09:30:02,$ 3257.00,1
842,09:30:02,$ 3257.00,75
843,09:30:02,$ 3257.00,9
844,09:30:02,$ 3257.00,2
845,09:30:02,$ 3257.00,1
846,09:30:02,$ 3257.00,1
847,09:30:02,$ 3257.00,1
848,09:30:02,$ 3257.00,79
849,09:30:02,$ 3257.00,2
850,09:30:02,$ 3257.00,12
851,09:30:02,$ 3257.00,5
852,09:30:02,$ 3257.00,1
853,09:30:02,$ 3257.00,15
854,09:30:02,$ 3257.00,10
855,09:30:02,$ 3257.00,748
856,09:30:02,$ 3257.00,27
857,09:30:02,$ 3257.00,1
858,09:30:02,$ 3257.00,3
859,09:30:02,$ 3257.00,3
860,09:30:02,$ 3257.00,5
862,09:30:02,$ 3257.00,5
863,09:30:02,$ 3257.00,6
864,09:30:02,$ 3257.00,12
865,09:30:02,$ 3257.00,15
866,09:30:02,$ 3257.00,23
867,09:30:02,$ 3257.00,1
868,09:30:02,$ 3257.00,20
869,09:30:02,$ 3257.00,70
870,09:30:02,$ 3257.00,1
871,09:30:02,$ 3257.00,1
872,09:30:02,$ 3257.00,2
873,09:30:02,$ 3257.00,12
874,09:30:02,$ 3257.00,30
875,09:30:02,$ 3257.00,2
876,09:30:02,$ 3257.00,10
877,09:30:02,$ 3257.00,1
878,09:30:02,$ 3257.00,1
879,09:30:02,$ 3257.00,1
880,09:30:02,$ 3257.00,2
881,09:30:02,$ 3257.00,1
883,09:30:02,$ 3257.00,2
884,09:30:02,$ 3257.00,2
885,09:30:02,$ 3257.00,1
886,09:30:02,$ 3257.00,1
887,09:30:02,$ 3257.00,3
888,09:30:02,$ 3257.00,1
889,09:30:02,$ 3257.00,1
890,09:30:02,$ 3257.00,32
891,09:30:02,$ 3257.00,15
892,09:30:02,$ 3257.00,7
893,09:30:02,$ 3257.00,84
894,09:30:02,$ 3257.00,3
895,09:30:02,$ 3257.00,1
896,09:30:02,$ 3257.00,1
897,09:30:02,$ 3257.00,1
898,09:30:02,$ 3257.00,2
899,09:30:02,$ 3257.00,100
900,09:30:02,$ 3257.00,7
901,09:30:02,$ 3257.00,6
902,09:30:02,$ 3257.00,25
904,09:30:02,$ 3257.00,1
905,09:30:02,$ 3257.00,1
906,09:30:02,$ 3257.00,2
907,09:30:02,$ 3257.00,6
908,09:30:02,$ 3257.00,30
909,09:30:02,$ 3257.00,24
910,09:30:02,$ 3257.00,1
911,09:30:02,$ 3257.00,12
912,09:30:02,$ 3257.00,3
913,09:30:02,$ 3257.00,2
914,09:30:02,$ 3257.00,2
915,09:30:02,$ 3257.00,10
916,09:30:02,$ 3257.00,1
917,09:30:02,$ 3257.00,2
918,09:30:02,$ 3257.00,10
919,09:30:02,$ 3257.00,2
920,09:30:02,$ 3257.00,1
921,09:30:02,$ 3257.00,6
922,09:30:02,$ 3257.00,23
923,09:30:02,$ 3257.00,13
925,09:30:02,$ 3257.00,1
926,09:30:02,$ 3257.00,2
927,09:30:02,$ 3257.00,"2,000"
928,09:30:02,$ 3257.00,1
929,09:30:02,$ 3257.00,6
930,09:30:02,$ 3257.00,3
931,09:30:02,$ 3257.00,3
932,09:30:02,$ 3257.00,105
933,09:30:02,$ 3257.00,20
934,09:30:02,$ 3257.00,1
935,09:30:02,$ 3257.00,1
936,09:30:02,$ 3257.00,3
937,09:30:02,$ 3257.00,3
938,09:30:02,$ 3257.00,2
939,09:30:02,$ 3257.00,1
940,09:30:02,$ 3257.00,2
941,09:30:02,$ 3257.00,1
942,09:30:02,$ 3257.00,3
943,09:30:02,$ 3257.00,4
944,09:30:02,$ 3257.00,25
946,09:30:02,$ 3257.00,20
947,09:30:02,$ 3257.00,12
948,09:30:02,$ 3257.00,23
949,09:30:02,$ 3257.00,4
950,09:30:02,$ 3257.00,1
951,09:30:02,$ 3257.00,6
952,09:30:02,$ 3257.00,4
953,09:30:02,$ 3257.00,1
954,09:30:02,$ 3257.00,3
955,09:30:02,$ 3257.00,1
956,09:30:02,$ 3257.00,6
957,09:30:02,$ 3257.00,3
958,09:30:02,$ 3257.00,1
959,09:30:02,$ 3257.00,1
960,09:30:02,$ 3257.00,1
961,09:30:02,$ 3257.00,3
962,09:30:02,$ 3257.00,2
963,09:30:02,$ 3257.00,5
964,09:30:02,$ 3257.00,1
965,09:30:02,$ 3257.00,1
967,09:30:02,$ 3257.00,2
968,09:30:02,$ 3257.00,1
969,09:30:02,$ 3257.00,1
970,09:30:02,$ 3257.00,2
971,09:30:02,$ 3257.00,5
972,09:30:02,$ 3257.00,5
973,09:30:02,$ 3257.00,1
974,09:30:02,$ 3257.00,2
975,09:30:02,$ 3257.00,1
976,09:30:02,$ 3257.00,1
977,09:30:02,$ 3257.00,10
978,09:30:02,$ 3257.00,5
979,09:30:02,$ 3257.00,4
980,09:30:02,$ 3257.00,1
981,09:30:02,$ 3257.00,1
982,09:30:02,$ 3257.00,1
983,09:30:02,$ 3257.00,1
984,09:30:02,$ 3257.00,10
985,09:30:02,$ 3257.00,2
986,09:30:02,$ 3257.00,38
988,09:30:02,$ 3257.00,10
989,09:30:02,$ 3257.00,1
990,09:30:02,$ 3257.00,1
991,09:30:02,$ 3257.00,1
992,09:30:02,$ 3257.00,1
993,09:30:02,$ 3257.00,10
994,09:30:02,$ 3257.00,1
995,09:30:02,$ 3257.00,120
996,09:30:02,$ 3257.00,5
997,09:30:02,$ 3257.00,1
998,09:30:02,$ 3257.00,200
999,09:30:02,$ 3257.00,2
1000,09:30:02,$ 3257.00,36
1001,09:30:02,$ 3257.00,6
1002,09:30:02,$ 3257.00,38
1003,09:30:02,$ 3257.00,1
1004,09:30:02,$ 3257.00,4
1005,09:30:02,$ 3257.00,2
1006,09:30:02,$ 3257.00,1
1007,09:30:02,$ 3257.00,30
1009,09:30:02,$ 3257.00,1
1010,09:30:02,$ 3257.00,6
1011,09:30:02,$ 3257.00,1
1012,09:30:02,$ 3257.00,11
1013,09:30:02,$ 3257.00,1
1014,09:30:02,$ 3257.00,30
1015,09:30:02,$ 3257.00,3
1016,09:30:02,$ 3257.00,1
1017,09:30:02,$ 3257.00,30
1018,09:30:02,$ 3257.00,15
1019,09:30:02,$ 3257.00,3
1020,09:30:02,$ 3257.00,5
1021,09:30:02,$ 3257.00,25
1022,09:30:02,$ 3257.00,5
1023,09:30:02,$ 3257.00,10
1024,09:30:02,$ 3257.00,1
1025,09:30:02,$ 3257.00,35
1026,09:30:02,$ 3257.00,4
1027,09:30:02,$ 3257.00,2
1028,09:30:02,$ 3257.00,14
1030,09:30:02,$ 3257.00,2
1031,09:30:02,$ 3257.00,2
1032,09:30:02,$ 3257.00,6
1033,09:30:02,$ 3257.00,1
1034,09:30:02,$ 3257.00,1
1035,09:30:02,$ 3257.00,3
1036,09:30:02,$ 3257.00,2
1037,09:30:02,$ 3257.00,26
1038,09:30:02,$ 3257.00,20
1039,09:30:02,$ 3257.00,1
1040,09:30:02,$ 3257.00,2
1041,09:30:02,$ 3257.00,2
1042,09:30:02,$ 3257.00,5
1043,09:30:02,$ 3257.00,2
1044,09:30:02,$ 3257.00,1
1045,09:30:02,$ 3257.00,34
1046,09:30:02,$ 3257.00,1
1047,09:30:02,$ 3257.00,8
1048,09:30:02,$ 3257.00,15
1049,09:30:02,$ 3257.00,10
1051,09:30:02,$ 3257.00,26
1052,09:30:02,$ 3257.00,1
1053,09:30:02,$ 3257.00,1
1054,09:30:02,$ 3257.00,2
1055,09:30:02,$ 3257.00,1
1056,09:30:02,$ 3257.00,1
1057,09:30:02,$ 3257.00,3
1058,09:30:02,$ 3257.00,1
1059,09:30:02,$ 3257.00,2
1060,09:30:02,$ 3257.00,26
1061,09:30:02,$ 3257.00,3
1062,09:30:02,$ 3257.00,5
1063,09:30:02,$ 3257.00,5
1064,09:30:02,$ 3257.00,1
1065,09:30:02,$ 3257.00,10
1066,09:30:02,$ 3257.00,4
1067,09:30:02,$ 3257.00,1
1068,09:30:02,$ 3257.00,5
1069,09:30:02,$ 3257.00,3
1070,09:30:02,$ 3257.00,1
1072,09:30:02,$ 3257.00,1
1073,09:30:02,$ 3257.00,1
1074,09:30:02,$ 3257.00,3
1075,09:30:02,$ 3257.00,7
1076,09:30:02,$ 3257.00,5
1077,09:30:02,$ 3257.00,5
1078,09:30:02,$ 3257.00,1
1079,09:30:02,$ 3257.00,2
1080,09:30:02,$ 3257.00,21
1081,09:30:02,$ 3257.00,1
1082,09:30:02,$ 3257.00,4
1083,09:30:02,$ 3257.00,15
1084,09:30:02,$ 3257.00,8
1085,09:30:02,$ 3257.00,29
1086,09:30:02,$ 3257.00,10
1087,09:30:02,$ 3257.00,93
1088,09:30:02,$ 3257.00,3
1089,09:30:02,$ 3257.00,1
1090,09:30:02,$ 3257.00,1
1091,09:30:02,$ 3257.00,1
1093,09:30:02,$ 3257.00,2
1094,09:30:02,$ 3257.00,2
1095,09:30:02,$ 3257.00,1
1096,09:30:02,$ 3257.00,1
1097,09:30:02,$ 3257.00,1
1098,09:30:02,$ 3257.00,1
1099,09:30:02,$ 3257.00,1
1100,09:30:02,$ 3257.00,3
1101,09:30:02,$ 3257.00,2
1102,09:30:02,$ 3257.00,1
1103,09:30:02,$ 3257.00,5
1104,09:30:02,$ 3257.00,14
1105,09:30:02,$ 3257.00,1
1106,09:30:02,$ 3257.00,2
1107,09:30:02,$ 3257.00,1
1108,09:30:02,$ 3257.00,1
1109,09:30:02,$ 3257.00,30
1110,09:30:02,$ 3257.00,3
1111,09:30:02,$ 3257.00,3
1112,09:30:02,$ 3257.00,2
1114,09:30:02,$ 3257.00,1
1115,09:30:02,$ 3257.00,3
1116,09:30:02,$ 3257.00,5
1117,09:30:02,$ 3257.00,3
1118,09:30:02,$ 3257.00,3
1119,09:30:02,$ 3257.00,2
1120,09:30:02,$ 3257.00,4
1121,09:30:02,$ 3257.00,2
1122,09:30:02,$ 3257.00,4
1123,09:30:02,$ 3257.00,1
1124,09:30:02,$ 3257.00,1
1125,09:30:02,$ 3257.00,1
1126,09:30:02,$ 3257.00,1
1127,09:30:02,$ 3257.00,1
1128,09:30:02,$ 3257.00,2
1129,09:30:02,$ 3257.00,3
1130,09:30:02,$ 3257.00,10
1131,09:30:02,$ 3257.00,2
1132,09:30:02,$ 3257.00,3
1133,09:30:02,$ 3257.00,1
1135,09:30:02,$ 3257.00,10
1136,09:30:02,$ 3257.00,1
1137,09:30:02,$ 3257.00,1
1138,09:30:02,$ 3257.00,1
1139,09:30:02,$ 3257.00,1
1140,09:30:02,$ 3257.00,1
1141,09:30:02,$ 3257.00,1
1142,09:30:02,$ 3257.00,1
1143,09:30:02,$ 3257.00,11
1144,09:30:02,$ 3257.00,1
1145,09:30:02,$ 3257.00,1
1146,09:30:02,$ 3257.00,15
1147,09:30:02,$ 3257.00,7
1148,09:30:02,$ 3257.00,7
1149,09:30:02,$ 3257.00,6
1150,09:30:02,$ 3257.00,12
1151,09:30:02,$ 3257.00,200
1152,09:30:02,$ 3257.00,6
1153,09:30:02,$ 3257.00,5
1154,09:30:02,$ 3257.00,18
1156,09:30:02,$ 3257.00,1
1157,09:30:02,$ 3257.00,1
1158,09:30:02,$ 3257.00,5
1159,09:30:02,$ 3257.00,1
1160,09:30:02,$ 3257.00,6
1161,09:30:02,$ 3257.00,3
1162,09:30:02,$ 3257.00,15
1163,09:30:02,$ 3257.00,30
1164,09:30:02,$ 3257.00,5
1165,09:30:02,$ 3257.00,2
1166,09:30:02,$ 3257.00,1
1167,09:30:02,$ 3257.00,30
1168,09:30:02,$ 3257.00,1
1169,09:30:02,$ 3257.00,1
1170,09:30:02,$ 3257.00,1
1171,09:30:02,$ 3257.00,2
1172,09:30:02,$ 3257.00,2
1173,09:30:02,$ 3257.00,12
1174,09:30:02,$ 3257.00,1
1175,09:30:02,$ 3257.00,4
1177,09:30:02,$ 3257.00,1
1178,09:30:02,$ 3257.00,2
1179,09:30:02,$ 3257.00,1
1180,09:30:02,$ 3257.00,1
1181,09:30:02,$ 3257.00,1
1182,09:30:02,$ 3257.00,5
1183,09:30:02,$ 3257.00,120
1184,09:30:02,$ 3257.00,1
1185,09:30:02,$ 3257.00,1
1186,09:30:02,$ 3257.00,1
1187,09:30:02,$ 3257.00,1
1188,09:30:02,$ 3257.00,3
1189,09:30:02,$ 3257.00,10
1190,09:30:02,$ 3257.00,1
1191,09:30:02,$ 3257.00,5
1192,09:30:02,$ 3257.00,7
1193,09:30:02,$ 3257.00,1
1194,09:30:02,$ 3257.00,2
1195,09:30:02,$ 3257.00,4
1196,09:30:02,$ 3257.00,1
1198,09:30:02,$ 3257.00,25
1199,09:30:02,$ 3257.00,1
1200,09:30:02,$ 3257.00,76
1201,09:30:02,$ 3257.00,24
1202,09:30:02,$ 3257.00,5
1203,09:30:02,$ 3257.00,10
1204,09:30:02,$ 3257.00,1
1205,09:30:02,$ 3257.00,1
1206,09:30:02,$ 3257.00,10
1207,09:30:02,$ 3257.00,1
1208,09:30:02,$ 3257.00,3
1209,09:30:02,$ 3257.00,1
1210,09:30:02,$ 3257.00,1
1211,09:30:02,$ 3257.00,5
1212,09:30:02,$ 3257.00,1
1213,09:30:02,$ 3257.00,1
1214,09:30:02,$ 3257.00,10
1215,09:30:02,$ 3257.00,4
1216,09:30:02,$ 3257.00,5
1217,09:30:02,$ 3257.00,1
1219,09:30:02,$ 3257.00,7
1220,09:30:02,$ 3257.00,3
1221,09:30:02,$ 3257.00,1
1222,09:30:02,$ 3257.00,2
1223,09:30:02,$ 3257.00,5
1224,09:30:02,$ 3257.00,1
1225,09:30:02,$ 3257.00,1
1226,09:30:02,$ 3257.00,2
1227,09:30:02,$ 3257.00,1
1228,09:30:02,$ 3257.00,2
1229,09:30:02,$ 3257.00,1
1230,09:30:02,$ 3257.00,1
1231,09:30:02,$ 3257.00,14
1232,09:30:02,$ 3257.00,15
1233,09:30:02,$ 3257.00,1
1234,09:30:02,$ 3257.00,7
1235,09:30:02,$ 3257.00,132
1236,09:30:02,$ 3257.00,10
1237,09:30:02,$ 3257.00,10
1238,09:30:02,$ 3257.00,1
1240,09:30:02,$ 3257.00,1
1241,09:30:02,$ 3257.00,3
1242,09:30:02,$ 3257.00,10
1243,09:30:02,$ 3257.00,1
1244,09:30:02,$ 3257.00,5
1245,09:30:02,$ 3257.00,5
1246,09:30:02,$ 3257.00,1
1247,09:30:02,$ 3257.00,7
1248,09:30:02,$ 3257.00,2
1249,09:30:02,$ 3257.00,1
1250,09:30:02,$ 3257.00,6
1251,09:30:02,$ 3257.00,3
1252,09:30:02,$ 3257.00,1
1253,09:30:02,$ 3257.00,2
1254,09:30:02,$ 3257.00,7
1255,09:30:02,$ 3257.00,2
1256,09:30:02,$ 3257.00,2
1257,09:30:02,$ 3257.00,1
1258,09:30:02,$ 3257.00,3
1259,09:30:02,$ 3257.00,4
1261,09:30:02,$ 3257.00,1
1262,09:30:02,$ 3257.00,2
1263,09:30:02,$ 3257.00,1
1264,09:30:02,$ 3257.00,3
1265,09:30:02,$ 3257.00,2
1266,09:30:02,$ 3257.00,1
1267,09:30:02,$ 3257.00,1
1268,09:30:02,$ 3257.00,1
1269,09:30:02,$ 3257.00,5
1270,09:30:02,$ 3257.00,1
1271,09:30:02,$ 3257.00,2
1272,09:30:02,$ 3257.00,20
1273,09:30:02,$ 3257.00,10
1274,09:30:02,$ 3257.00,3
1275,09:30:02,$ 3257.00,3
1276,09:30:02,$ 3257.00,6
1277,09:30:02,$ 3257.00,1
1278,09:30:02,$ 3257.00,1
1279,09:30:02,$ 3257.00,1
1280,09:30:02,$ 3257.00,3
1282,09:30:02,$ 3257.00,3
1283,09:30:02,$ 3257.00,1
1284,09:30:02,$ 3257.00,1
1285,09:30:02,$ 3257.00,1
1286,09:30:02,$ 3257.00,1
1287,09:30:02,$ 3257.00,2
1288,09:30:02,$ 3257.00,1
1289,09:30:02,$ 3257.00,5
1290,09:30:02,$ 3257.00,1
1291,09:30:02,$ 3257.00,1
1292,09:30:02,$ 3257.00,1
1293,09:30:02,$ 3257.00,1
1294,09:30:02,$ 3257.00,1
1295,09:30:02,$ 3257.00,1
1296,09:30:02,$ 3257.00,1
1297,09:30:02,$ 3257.00,1
1298,09:30:02,$ 3257.00,1
1299,09:30:02,$ 3257.00,1
1300,09:30:02,$ 3257.00,1
1301,09:30:02,$ 3257.00,1
1303,09:30:02,$ 3257.00,1
1304,09:30:02,$ 3257.00,1
1305,09:30:02,$ 3257.00,1
1306,09:30:02,$ 3257.00,1
1307,09:30:02,$ 3257.00,1
1308,09:30:02,$ 3257.00,1
1309,09:30:02,$ 3257.00,1
1310,09:30:02,$ 3257.00,1
1311,09:30:02,$ 3257.00,1
1312,09:30:02,$ 3257.00,1
1313,09:30:02,$ 3257.00,1
1314,09:30:02,$ 3257.00,1
1315,09:30:02,$ 3257.00,1
1316,09:30:02,$ 3257.00,1
1317,09:30:02,$ 3257.00,1
1318,09:30:02,$ 3257.00,1
1319,09:30:02,$ 3257.00,1
1320,09:30:02,$ 3257.00,1
1321,09:30:02,$ 3257.00,1
1322,09:30:02,$ 3257.00,3
1324,09:30:02,$ 3257.00,1
1325,09:30:02,$ 3257.00,10
1326,09:30:02,$ 3257.00,6
1327,09:30:02,$ 3257.00,50
1328,09:30:02,$ 3257.00,5
1329,09:30:02,$ 3257.00,1
1330,09:30:02,$ 3257.00,2
1331,09:30:02,$ 3257.00,2
1332,09:30:02,$ 3257.00,1
1333,09:30:02,$ 3257.00,2
1334,09:30:02,$ 3257.00,1
1335,09:30:02,$ 3257.00,5
1336,09:30:02,$ 3257.00,3
1337,09:30:02,$ 3257.00,2
1338,09:30:02,$ 3257.00,1
1339,09:30:02,$ 3257.00,1
1340,09:30:02,$ 3257.00,3
1341,09:30:02,$ 3257.00,2
1342,09:30:02,$ 3257.00,5
1343,09:30:02,$ 3257.00,2
1345,09:30:02,$ 3257.00,10
1346,09:30:02,$ 3257.00,2
1347,09:30:02,$ 3257.00,10
1348,09:30:02,$ 3257.00,2
1349,09:30:02,$ 3257.00,2
1350,09:30:02,$ 3257.00,1
1351,09:30:02,$ 3257.00,4
1352,09:30:02,$ 3257.00,1
1353,09:30:02,$ 3257.00,3
1354,09:30:02,$ 3257.00,2
1355,09:30:02,$ 3257.00,1
1356,09:30:02,$ 3257.00,25
1357,09:30:02,$ 3257.00,1
1358,09:30:02,$ 3257.00,2
1359,09:30:02,$ 3257.00,15
1360,09:30:02,$ 3257.00,1
1361,09:30:02,$ 3257.00,1
1362,09:30:02,$ 3257.00,1
1363,09:30:02,$ 3257.00,1
1364,09:30:02,$ 3257.00,1
1366,09:30:02,$ 3257.00,1
1367,09:30:02,$ 3257.00,1
1368,09:30:02,$ 3257.00,1
1369,09:30:02,$ 3257.00,1
1370,09:30:02,$ 3257.00,1
1371,09:30:02,$ 3257.00,1
1372,09:30:02,$ 3257.00,1
1373,09:30:02,$ 3257.00,1
1374,09:30:02,$ 3257.00,1
1375,09:30:02,$ 3257.00,1
1376,09:30:02,$ 3257.00,1
1377,09:30:02,$ 3257.00,1
1378,09:30:02,$ 3257.00,1
1379,09:30:02,$ 3257.00,1
1380,09:30:02,$ 3257.00,1
1381,09:30:02,$ 3257.00,1
1382,09:30:02,$ 3257.00,1
1383,09:30:02,$ 3257.00,1
1384,09:30:02,$ 3257.00,1
1385,09:30:02,$ 3257.00,1
1387,09:30:02,$ 3257.00,1
1388,09:30:02,$ 3257.00,1
1389,09:30:02,$ 3257.00,1
1390,09:30:02,$ 3257.00,1
1391,09:30:02,$ 3257.00,1
1392,09:30:02,$ 3257.00,1
1393,09:30:02,$ 3257.00,1
1394,09:30:02,$ 3257.00,1
1395,09:30:02,$ 3257.00,1
1396,09:30:02,$ 3257.00,1
1397,09:30:02,$ 3257.00,1
1398,09:30:02,$ 3257.00,1
1399,09:30:02,$ 3257.00,1
1400,09:30:02,$ 3257.00,1
1401,09:30:02,$ 3257.00,1
1402,09:30:02,$ 3257.00,1
1403,09:30:02,$ 3257.00,1
1404,09:30:02,$ 3257.00,1
1405,09:30:02,$ 3257.00,1
1406,09:30:02,$ 3257.00,1
1408,09:30:02,$ 3257.00,1
1409,09:30:02,$ 3257.00,1
1410,09:30:02,$ 3257.00,1
1411,09:30:02,$ 3257.00,1
1412,09:30:02,$ 3257.00,1
1413,09:30:02,$ 3257.00,1
1414,09:30:02,$ 3257.00,1
1415,09:30:02,$ 3257.00,1
1416,09:30:02,$ 3257.00,1
1417,09:30:02,$ 3257.00,1
1418,09:30:02,$ 3257.00,1
1419,09:30:02,$ 3257.00,1
1420,09:30:02,$ 3257.00,1
1421,09:30:02,$ 3257.00,1
1422,09:30:02,$ 3257.00,1
1423,09:30:02,$ 3257.00,1
1424,09:30:02,$ 3257.00,1
1425,09:30:02,$ 3257.00,1
1426,09:30:02,$ 3257.00,1
1427,09:30:02,$ 3257.00,1
1429,09:30:02,$ 3257.00,2
1430,09:30:02,$ 3257.00,1
1431,09:30:02,$ 3257.00,1
1432,09:30:02,$ 3257.00,3
1433,09:30:02,$ 3257.00,10
1434,09:30:02,$ 3257.00,1
1435,09:30:02,$ 3257.00,1
1436,09:30:02,$ 3257.00,1
1437,09:30:02,$ 3257.00,1
1438,09:30:02,$ 3257.00,1
1439,09:30:02,$ 3257.00,1
1440,09:30:02,$ 3257.00,4
1441,09:30:02,$ 3257.00,4
1442,09:30:02,$ 3257.00,2
1443,09:30:02,$ 3257.00,10
1444,09:30:02,$ 3257.00,1
1445,09:30:02,$ 3257.00,7
1446,09:30:02,$ 3257.00,1
1447,09:30:02,$ 3257.00,1
1448,09:30:02,$ 3257.00,3
1450,09:30:02,$ 3257.00,1
1451,09:30:02,$ 3257.00,1
1452,09:30:02,$ 3257.00,2
1453,09:30:02,$ 3257.00,5
1454,09:30:02,$ 3257.00,1
1455,09:30:02,$ 3257.00,7
1456,09:30:02,$ 3257.00,1
1457,09:30:02,$ 3257.00,2
1458,09:30:02,$ 3257.00,1
1459,09:30:02,$ 3257.00,66
1460,09:30:02,$ 3257.00,1
1461,09:30:02,$ 3257.00,1
1462,09:30:02,$ 3257.00,1
1463,09:30:02,$ 3257.00,1
1464,09:30:02,$ 3257.00,1
1465,09:30:02,$ 3257.00,1
1466,09:30:02,$ 3257.00,5
1467,09:30:02,$ 3257.00,1
1468,09:30:02,$ 3257.00,2
1469,09:30:02,$ 3257.00,1
1471,09:30:02,$ 3257.00,12
1472,09:30:02,$ 3257.00,28
1473,09:30:02,$ 3257.00,1
1474,09:30:02,$ 3257.00,500
1475,09:30:02,$ 3257.00,3
1476,09:30:02,$ 3257.00,1
1477,09:30:02,$ 3257.00,1
1478,09:30:02,$ 3257.00,2
1479,09:30:02,$ 3257.00,28
1480,09:30:02,$ 3257.00,1
1481,09:30:02,$ 3257.00,25
1482,09:30:02,$ 3257.00,2
1483,09:30:02,$ 3257.00,25
1484,09:30:02,$ 3257.00,2
1485,09:30:02,$ 3257.00,2
1486,09:30:02,$ 3257.00,1
1487,09:30:02,$ 3257.00,2
1488,09:30:02,$ 3257.00,1
1489,09:30:02,$ 3257.00,15
1490,09:30:02,$ 3257.00,10
1492,09:30:02,$ 3257.00,4
1493,09:30:02,$ 3257.00,1
1494,09:30:02,$ 3257.00,1
1495,09:30:02,$ 3257.00,1
1496,09:30:02,$ 3257.00,30
1497,09:30:02,$ 3257.00,25
1498,09:30:02,$ 3257.00,4
1499,09:30:02,$ 3257.00,13
1500,09:30:02,$ 3257.00,5
1501,09:30:02,$ 3257.00,8
1502,09:30:02,$ 3257.00,10
1503,09:30:02,$ 3257.00,10
1504,09:30:02,$ 3257.00,10
1505,09:30:02,$ 3257.00,10
1506,09:30:02,$ 3257.00,12
1507,09:30:02,$ 3257.00,10
1508,09:30:02,$ 3257.00,8
1509,09:30:02,$ 3257.00,10
1510,09:30:02,$ 3257.00,10
1511,09:30:02,$ 3257.00,10
1513,09:30:02,$ 3257.00,10
1514,09:30:02,$ 3257.00,10
1515,09:30:02,$ 3257.00,10
1516,09:30:02,$ 3257.00,10
1517,09:30:02,$ 3257.00,106
1518,09:30:02,$ 3257.00,71
1519,09:30:02,$ 3257.00,1
1520,09:30:02,$ 3257.00,1
1521,09:30:02,$ 3257.00,20
1522,09:30:02,$ 3257.00,183
1523,09:30:02,$ 3257.00,199
1524,09:30:02,$ 3257.00,1
1525,09:30:02,$ 3257.00,200
1526,09:30:02,$ 3257.00,1
1527,09:30:02,$ 3257.00,100
1528,09:30:02,$ 3257.00,1
1529,09:30:02,$ 3257.00,1
1530,09:30:02,$ 3257.00,1
1531,09:30:02,$ 3257.00,1
1532,09:30:02,$ 3257.00,30
1534,09:30:02,$ 3257.00,2
1535,09:30:02,$ 3257.00,4
1536,09:30:02,$ 3257.00,60
1537,09:30:02,$ 3257.00,3
1538,09:30:02,$ 3257.00,2
1539,09:30:02,$ 3257.00,16
1540,09:30:02,$ 3257.00,6
1541,09:30:02,$ 3257.00,11
1542,09:30:02,$ 3257.00,3
1543,09:30:02,$ 3257.00,500
1544,09:30:02,$ 3257.00,1
1545,09:30:02,$ 3257.00,1
1546,09:30:02,$ 3257.00,1
1547,09:30:02,$ 3257.00,1
1548,09:30:02,$ 3257.00,1
1549,09:30:02,$ 3257.00,5
1550,09:30:02,$ 3257.00,10
1551,09:30:02,$ 3257.00,1
1552,09:30:02,$ 3257.00,1
1553,09:30:02,$ 3257.00,10
1555,09:30:02,$ 3257.00,104
1556,09:30:02,$ 3257.00,1
1557,09:30:02,$ 3257.00,5
1558,09:30:02,$ 3257.00,5
1559,09:30:02,$ 3257.00,16
1560,09:30:02,$ 3257.00,2
1561,09:30:02,$ 3257.00,29
1562,09:30:02,$ 3257.00,27
1563,09:30:02,$ 3257.00,4
1564,09:30:02,$ 3257.00,2
1565,09:30:02,$ 3257.00,3
1566,09:30:02,$ 3257.00,1
1567,09:30:02,$ 3257.00,1
1568,09:30:02,$ 3257.00,1
1569,09:30:02,$ 3257.00,1
1570,09:30:02,$ 3257.00,1
1571,09:30:02,$ 3257.00,1
1572,09:30:02,$ 3257.00,1
1573,09:30:02,$ 3257.00,2
1574,09:30:02,$ 3257.00,1
1576,09:30:02,$ 3257.00,5
1577,09:30:02,$ 3257.00,1
1578,09:30:02,$ 3257.00,1
1579,09:30:02,$ 3257.00,3
1580,09:30:02,$ 3257.00,1
1581,09:30:02,$ 3257.00,1
1582,09:30:02,$ 3257.00,1
1583,09:30:02,$ 3257.00,2
1584,09:30:02,$ 3257.00,1
1585,09:30:02,$ 3257.00,1
1586,09:30:02,$ 3257.00,1
1587,09:30:02,$ 3257.00,2
1588,09:30:02,$ 3257.00,1
1589,09:30:02,$ 3257.00,2
1590,09:30:02,$ 3257.00,1
1591,09:30:02,$ 3257.00,1
1592,09:30:02,$ 3257.00,1
1593,09:30:02,$ 3257.00,2
1594,09:30:02,$ 3257.00,1
1595,09:30:02,$ 3257.00,1
1597,09:30:02,$ 3257.00,1
1598,09:30:02,$ 3257.00,3
1599,09:30:02,$ 3257.00,1
1600,09:30:02,$ 3257.00,1
1601,09:30:02,$ 3257.00,1
1602,09:30:02,$ 3257.00,1
1603,09:30:02,$ 3257.00,1
1604,09:30:02,$ 3257.00,1
1605,09:30:02,$ 3257.2745,247
1606,09:30:01,$ 3257.00,70
1607,09:30:01,$ 3257.00,100
1609,10:29:47,$ 3252.47,100
1610,10:29:47,$ 3252.62,100
1611,10:29:44,$ 3250.38,100
1612,10:29:32,$ 3251.45,131
1613,10:29:31,$ 3252.02,100
1614,10:29:26,$ 3252.01,100
1615,10:29:20,$ 3252.10,100
1616,10:29:20,$ 3252.42,100
1617,10:28:32,$ 3254.19,100
1618,10:28:13,$ 3255.875,100
1619,10:28:13,$ 3255.93,100
1620,10:28:13,$ 3255.70,100
1621,10:28:09,$ 3257.666,250
1622,10:27:56,$ 3257.61,100
1623,10:27:52,$ 3255.59,100
1624,10:27:52,$ 3255.61,100
1625,10:27:51,$ 3255.665,100
1626,10:27:50,$ 3254.77,100
1627,10:27:26,$ 3254.62,153
1628,10:26:50,$ 3255.8439,112
1630,10:26:47,$ 3254.28,100
1631,10:26:47,$ 3254.46,100
1632,10:26:40,$ 3253.92,100
1633,10:26:03,$ 3252.01,100
1634,10:26:03,$ 3251.035,100
1635,10:26:02,$ 3251.10,100
1636,10:25:59,$ 3250.08,100
1637,10:25:58,$ 3250.48,100
1638,10:25:58,$ 3250.98,100
1639,10:25:50,$ 3251.56,100
1640,10:25:50,$ 3251.195,100
1641,10:25:50,$ 3251.195,100
1642,10:25:50,$ 3251.48,100
1643,10:25:50,$ 3251.52,100
1644,10:25:50,$ 3252.00,100
1645,10:25:48,$ 3252.125,100
1646,10:25:24,$ 3252.39,100
1647,10:25:24,$ 3252.24,104
1648,10:25:12,$ 3253.3125,100
1649,10:25:04,$ 3251.7838,200
1651,10:25:02,$ 3253.22,100
1652,10:25:02,$ 3252.72,100
1653,10:25:01,$ 3254.025,100
1654,10:24:38,$ 3253.05,100
1655,10:24:36,$ 3252.54,100
1656,10:24:33,$ 3252.56,100
1657,10:24:29,$ 3252.57,100
1658,10:24:24,$ 3254.194,100
1659,10:24:24,$ 3255.12,100
1660,10:24:24,$ 3254.38,100
1661,10:24:24,$ 3254.33,100
1662,10:24:24,$ 3254.665,100
1663,10:24:24,$ 3254.59,100
1664,10:24:24,$ 3254.65,100
1665,10:24:15,$ 3254.305,100
1666,10:24:12,$ 3254.66,100
1667,10:24:12,$ 3256.21,100
1668,10:24:00,$ 3256.02,100
1669,10:23:57,$ 3256.265,100
1670,10:23:56,$ 3255.91,100
1672,10:23:56,$ 3256.02,100
1673,10:23:53,$ 3255.03,100
1674,10:23:38,$ 3254.95,100
1675,10:23:38,$ 3255.10,100
1676,10:23:36,$ 3253.44,100
1677,10:23:36,$ 3254.39,100
1678,10:23:34,$ 3254.03,100
1679,10:23:28,$ 3253.025,400
1680,10:23:21,$ 3253.23,100
1681,10:23:21,$ 3253.785,200
1682,10:23:19,$ 3253.92,100
1683,10:23:19,$ 3255.36,100
1684,10:23:01,$ 3254.08,100
1685,10:22:25,$ 3254.90,100
1686,10:22:20,$ 3255.825,140
1687,10:22:20,$ 3255.825,100
1688,10:22:14,$ 3256.42,100
1689,10:22:01,$ 3254.65,100
1690,10:22:01,$ 3254.56,100
1691,10:22:00,$ 3254.89,100
1693,10:22:00,$ 3254.57,100
1694,10:22:00,$ 3254.97,100
1695,10:21:55,$ 3253.96,215
1696,10:21:28,$ 3253.96,100
1697,10:21:10,$ 3253.695,200
1698,10:20:53,$ 3253.665,100
1699,10:20:53,$ 3253.69,100
1700,10:20:51,$ 3253.225,100
1701,10:20:44,$ 3252.88,100
1702,10:20:32,$ 3251.742,100
1703,10:20:25,$ 3253.85,100
1704,10:20:08,$ 3255.73,100
1705,10:19:58,$ 3257.035,100
1706,10:19:47,$ 3255.955,100
1707,10:19:47,$ 3255.64,100
1708,10:19:23,$ 3253.555,100
1709,10:19:22,$ 3253.1401,100
1710,10:19:21,$ 3254.845,100
1711,10:19:21,$ 3254.86,100
1712,10:19:18,$ 3254.9814,200
1714,10:19:15,$ 3254.01,100
1715,10:19:02,$ 3253.415,100
1716,10:19:00,$ 3253.56,100
1717,10:18:55,$ 3252.37,100
1718,10:18:37,$ 3251.244,100
1719,10:18:37,$ 3251.226,100
1720,10:18:20,$ 3250.19,100
1721,10:18:15,$ 3250.215,100
1722,10:18:09,$ 3250.445,100
1723,10:18:00,$ 3251.21,100
1724,10:17:47,$ 3250.00,100
1725,10:17:47,$ 3250.06,100
1726,10:17:43,$ 3253.32,125
1727,10:17:39,$ 3251.00,353
1728,10:17:37,$ 3249.475,100
1729,10:17:37,$ 3249.88,100
1730,10:17:37,$ 3249.13,100
1731,10:17:32,$ 3248.195,100
1732,10:17:30,$ 3249.81,100
1733,10:17:30,$ 3249.60,100
1735,10:17:28,$ 3247.155,100
1736,10:17:28,$ 3248.975,100
1737,10:17:28,$ 3247.045,100
1738,10:17:28,$ 3247.05,100
1739,10:17:28,$ 3247.05,100
1740,10:17:27,$ 3247.2668,116
1741,10:17:25,$ 3249.00,100
1742,10:17:25,$ 3248.00,100
1743,10:17:25,$ 3248.00,100
1744,10:17:21,$ 3249.545,100
1745,10:17:15,$ 3249.22,100
1746,10:17:05,$ 3252.46,100
1747,10:17:05,$ 3252.41,100
1748,10:16:56,$ 3255.15,100
1749,10:16:56,$ 3255.20,100
1750,10:16:52,$ 3253.6057,100
1751,10:16:51,$ 3254.12,100
1752,10:16:49,$ 3254.42,100
1753,10:16:47,$ 3252.9689,100
1754,10:16:34,$ 3258.10,100
1756,10:16:32,$ 3258.0601,200
1757,10:16:17,$ 3260.37,100
1758,10:16:04,$ 3260.72,100
1759,10:15:57,$ 3261.63,100
1760,10:15:57,$ 3261.80,100
1761,10:15:57,$ 3261.48,100
1762,10:15:53,$ 3261.45,100
1763,10:15:50,$ 3261.49,100
1764,10:15:48,$ 3261.49,100
1765,10:15:48,$ 3262.50,100
1766,10:15:48,$ 3262.50,100
1767,10:15:47,$ 3261.42,100
1768,10:15:37,$ 3261.90,100
1769,10:15:37,$ 3262.108,175
1770,10:15:33,$ 3261.99,164
1771,10:15:32,$ 3262.6582,140
1772,10:15:20,$ 3261.75,100
1773,10:15:18,$ 3259.27,100
1774,10:15:13,$ 3259.145,100
1775,10:15:13,$ 3260.00,113
1777,10:15:13,$ 3259.90,100
1778,10:15:13,$ 3260.00,168
1779,10:15:12,$ 3258.14,100
1780,10:15:10,$ 3258.07,100
1781,10:15:10,$ 3258.84,100
1782,10:15:08,$ 3257.73,100
1783,10:14:55,$ 3256.4648,100
1784,10:14:55,$ 3256.56,100
1785,10:14:41,$ 3257.96,100
1786,10:14:40,$ 3257.905,100
1787,10:14:39,$ 3258.02,100
1788,10:14:39,$ 3258.01,100
1789,10:14:39,$ 3257.98,100
1790,10:14:39,$ 3257.95,100
1791,10:14:39,$ 3257.96,100
1792,10:14:36,$ 3257.00,202
1793,10:14:36,$ 3256.94,100
1794,10:14:36,$ 3256.94,114
1795,10:14:34,$ 3255.99,100
1796,10:14:24,$ 3254.78,100
1798,10:14:16,$ 3253.72,170
1799,10:12:55,$ 3253.90,100
1800,10:12:54,$ 3254.20,100
1801,10:12:28,$ 3253.705,100
1802,10:12:25,$ 3253.49,100
1803,10:12:22,$ 3252.0149,100
1804,10:12:08,$ 3252.125,100
1805,10:12:00,$ 3251.93,100
1806,10:11:54,$ 3251.25,100
1807,10:11:39,$ 3252.005,100
1808,10:11:35,$ 3252.01,100
1809,10:11:35,$ 3252.01,100
1810,10:11:35,$ 3252.01,100
1811,10:11:35,$ 3252.385,100
1812,10:11:35,$ 3252.01,100
1813,10:11:35,$ 3252.01,100
1814,10:11:35,$ 3251.815,100
1815,10:11:35,$ 3251.815,100
1816,10:11:35,$ 3251.815,100
1817,10:11:35,$ 3251.815,100
1819,10:11:35,$ 3251.815,100
1820,10:11:35,$ 3251.815,200
1821,10:11:35,$ 3251.815,100
1822,10:11:35,$ 3251.815,100
1823,10:11:35,$ 3251.815,100
1824,10:11:35,$ 3251.815,100
1825,10:11:35,$ 3251.815,100
1826,10:11:35,$ 3251.815,100
1827,10:11:35,$ 3251.815,100
1828,10:11:35,$ 3251.53,100
1829,10:11:34,$ 3251.815,100
1830,10:11:34,$ 3251.815,100
1831,10:11:34,$ 3251.815,100
1832,10:11:34,$ 3251.815,100
1833,10:11:19,$ 3251.515,100
1834,10:11:18,$ 3252.76,100
1835,10:11:18,$ 3251.83,100
1836,10:11:18,$ 3251.95,100
1837,10:11:18,$ 3252.00,100
1838,10:11:11,$ 3251.10,105
1840,10:11:11,$ 3251.39,100
1841,10:11:05,$ 3251.04,100
1842,10:11:04,$ 3251.48,100
1843,10:11:01,$ 3250.845,100
1844,10:11:01,$ 3250.845,100
1845,10:11:01,$ 3250.845,100
1846,10:11:01,$ 3250.94,100
1847,10:11:01,$ 3250.845,100
1848,10:11:01,$ 3250.845,100
1849,10:11:01,$ 3250.845,100
1850,10:11:01,$ 3250.845,100
1851,10:11:01,$ 3250.845,100
1852,10:10:57,$ 3251.46,100
1853,10:10:56,$ 3251.20,100
1854,10:10:56,$ 3251.20,100
1855,10:10:42,$ 3251.00,100
1856,10:10:42,$ 3251.00,100
1857,10:10:42,$ 3251.00,100
1858,10:10:11,$ 3250.80,100
1859,10:10:08,$ 3248.905,100
1861,10:09:54,$ 3248.64,100
1862,10:09:54,$ 3247.63,100
1863,10:09:47,$ 3248.18,100
1864,10:09:41,$ 3247.00,100
1865,10:09:41,$ 3248.36,100
1866,10:09:32,$ 3248.755,100
1867,10:09:31,$ 3248.06,100
1868,10:09:31,$ 3248.01,200
1869,10:09:31,$ 3248.685,100
1870,10:09:31,$ 3248.07,100
1871,10:09:31,$ 3248.30,100
1872,10:09:31,$ 3248.07,100
1873,10:09:23,$ 3249.20,100
1874,10:09:21,$ 3248.18,100
1875,10:09:12,$ 3249.69,100
1876,10:09:12,$ 3249.50,100
1877,10:09:12,$ 3249.08,100
1878,10:09:12,$ 3249.13,100
1879,10:09:08,$ 3248.72,100
1880,10:09:07,$ 3249.555,100
1882,10:09:07,$ 3248.21,100
1883,10:09:04,$ 3247.71,280
1884,10:09:02,$ 3249.35,100
1885,10:09:02,$ 3247.74,100
1886,10:09:00,$ 3249.01,100
1887,10:08:57,$ 3250.02,100
1888,10:08:57,$ 3250.78,100
1889,10:08:50,$ 3250.96,100
1890,10:08:50,$ 3250.95,149
1891,10:08:18,$ 3250.95,102
1892,10:08:11,$ 3250.00,100
1893,10:08:03,$ 3249.54,100
1894,10:08:03,$ 3249.82,100
1895,10:07:54,$ 3251.46,100
1896,10:07:54,$ 3250.435,100
1897,10:07:44,$ 3250.03,100
1898,10:07:42,$ 3250.435,100
1899,10:07:41,$ 3249.762,100
1900,10:07:36,$ 3252.00,200
1901,10:07:36,$ 3250.435,100
1903,10:07:35,$ 3251.66,100
1904,10:07:35,$ 3251.47,100
1905,10:07:35,$ 3252.06,100
1906,10:07:27,$ 3253.78,100
1907,10:07:05,$ 3255.17,100
1908,10:07:03,$ 3254.70,100
1909,10:06:58,$ 3254.72,100
1910,10:06:55,$ 3253.33,100
1911,10:06:40,$ 3254.69,100
1912,10:06:32,$ 3253.55,100
1913,10:06:22,$ 3252.73,500
1914,10:06:20,$ 3252.22,100
1915,10:06:08,$ 3252.53,100
1916,10:06:08,$ 3254.06,100
1917,10:06:08,$ 3253.15,200
1918,10:05:56,$ 3254.00,100
1919,10:05:00,$ 3252.935,100
1920,10:05:00,$ 3252.955,100
1921,10:04:54,$ 3252.7619,100
1922,10:04:46,$ 3252.855,100
1924,10:04:29,$ 3254.5999,500
1925,10:04:12,$ 3253.1958,300
1926,10:03:56,$ 3250.66,100
1927,10:03:33,$ 3250.585,100
1928,10:03:27,$ 3249.645,100
1929,10:03:25,$ 3250.675,100
1930,10:03:15,$ 3252.19,100
1931,10:03:15,$ 3251.91,100
1932,10:02:59,$ 3249.33,100
1933,10:02:59,$ 3249.33,100
1934,10:02:57,$ 3249.27,100
1935,10:02:57,$ 3249.24,100
1936,10:02:57,$ 3249.46,100
1937,10:02:55,$ 3248.91,100
1938,10:02:48,$ 3248.1063,225
1939,10:02:36,$ 3249.53,150
1940,10:02:24,$ 3250.725,300
1941,10:02:18,$ 3251.00,100
1942,10:02:18,$ 3251.34,100
1943,10:02:18,$ 3251.46,100
1945,10:02:16,$ 3251.6563,200
1946,10:02:04,$ 3251.41,100
1947,10:02:04,$ 3251.3401,400
1948,10:01:54,$ 3251.6104,100
1949,10:01:52,$ 3251.48,100
1950,10:01:52,$ 3251.105,100
1951,10:01:47,$ 3250.99,100
1952,10:01:46,$ 3249.94,100
1953,10:01:33,$ 3248.59,100
1954,10:01:26,$ 3249.955,250
1955,10:01:04,$ 3248.875,100
1956,10:00:57,$ 3247.09,100
1957,10:00:54,$ 3246.82,100
1958,10:00:51,$ 3246.8065,100
1959,10:00:35,$ 3245.00,100
1960,10:00:33,$ 3243.535,100
1961,10:00:24,$ 3244.00,100
1962,10:00:22,$ 3244.34,100
1963,10:00:21,$ 3243.795,100
1964,10:00:17,$ 3244.98,100
1966,10:00:09,$ 3243.3031,200
1967,10:00:03,$ 3244.01,100
1968,10:00:02,$ 3241.91,100
1970,10:59:38,$ 3237.08,100
1971,10:59:29,$ 3238.69,100
1972,10:59:28,$ 3239.07,100
1973,10:59:25,$ 3239.10,100
1974,10:59:02,$ 3239.655,100
1975,10:58:55,$ 3239.935,100
1976,10:58:51,$ 3239.505,100
1977,10:58:50,$ 3240.4515,100
1978,10:58:36,$ 3241.9299,100
1979,10:58:32,$ 3240.585,100
1980,10:58:15,$ 3238.98,100
1981,10:58:09,$ 3239.23,100
1982,10:57:57,$ 3239.81,100
1983,10:57:30,$ 3238.97,100
1984,10:57:19,$ 3239.00,100
1985,10:57:15,$ 3239.02,100
1986,10:57:15,$ 3239.035,100
1987,10:57:15,$ 3239.66,188
1988,10:57:14,$ 3238.78,100
1989,10:57:06,$ 3239.192,200
1991,10:57:02,$ 3239.02,100
1992,10:57:01,$ 3238.20,100
1993,10:57:01,$ 3239.03,200
1994,10:57:01,$ 3239.03,100
1995,10:57:01,$ 3239.03,100
1996,10:57:01,$ 3238.40,100
1997,10:56:56,$ 3239.366,100
1998,10:56:53,$ 3239.58,100
1999,10:56:17,$ 3239.026,100
2000,10:56:14,$ 3239.59,100
2001,10:55:55,$ 3238.21,100
2002,10:55:41,$ 3238.37,100
2003,10:55:21,$ 3237.30,100
2004,10:55:21,$ 3237.30,100
2005,10:55:19,$ 3238.07,100
2006,10:55:19,$ 3237.93,100
2007,10:55:19,$ 3238.10,100
2008,10:55:19,$ 3237.89,100
2009,10:55:16,$ 3237.00,100
2010,10:55:16,$ 3236.28,100
2012,10:55:16,$ 3237.00,150
2013,10:55:16,$ 3237.00,100
2014,10:55:16,$ 3237.24,144
2015,10:55:08,$ 3237.875,100
2016,10:55:05,$ 3237.01,100
2017,10:55:05,$ 3237.17,100
2018,10:55:03,$ 3238.355,100
2019,10:55:01,$ 3239.00,130
2020,10:54:56,$ 3237.84,300
2021,10:54:55,$ 3239.00,100
2022,10:54:55,$ 3239.00,100
2023,10:54:55,$ 3239.001,100
2024,10:54:55,$ 3239.02,100
2025,10:54:55,$ 3239.01,100
2026,10:54:48,$ 3239.97,100
2027,10:54:48,$ 3239.135,100
2028,10:54:48,$ 3239.0201,300
2029,10:54:42,$ 3239.10,100
2030,10:54:35,$ 3239.35,375
2031,10:54:34,$ 3239.31,100
2033,10:54:31,$ 3240.12,200
2034,10:54:30,$ 3239.83,100
2035,10:54:22,$ 3239.10,100
2036,10:54:22,$ 3239.10,382
2037,10:54:22,$ 3239.20,100
2038,10:54:18,$ 3239.16,100
2039,10:54:18,$ 3239.10,100
2040,10:54:17,$ 3240.3362,308
2041,10:54:17,$ 3239.21,100
2042,10:54:14,$ 3241.4516,119
2043,10:53:33,$ 3243.84,800
2044,10:53:22,$ 3242.58,100
2045,10:53:14,$ 3241.575,500
2046,10:53:11,$ 3240.67,100
2047,10:53:06,$ 3241.70,100
2048,10:53:06,$ 3241.43,100
2049,10:53:00,$ 3241.555,100
2050,10:53:00,$ 3240.6655,500
2051,10:52:56,$ 3241.51,100
2052,10:52:56,$ 3241.6529,100
2054,10:52:52,$ 3242.32,100
2055,10:52:47,$ 3242.84,122
2056,10:52:35,$ 3243.21,100
2057,10:52:35,$ 3244.03,100
2058,10:52:35,$ 3244.02,100
2059,10:52:29,$ 3244.775,200
2060,10:52:28,$ 3244.99,100
2061,10:52:00,$ 3245.00,183
2062,10:52:00,$ 3244.90,100
2063,10:51:59,$ 3243.67,100
2064,10:51:53,$ 3243.925,100
2065,10:51:28,$ 3242.91,100
2066,10:51:22,$ 3242.50,100
2067,10:51:20,$ 3243.145,100
2068,10:51:06,$ 3243.00,100
2069,10:50:51,$ 3243.53,100
2070,10:50:47,$ 3244.64,100
2071,10:50:37,$ 3243.53,100
2072,10:50:36,$ 3244.66,100
2073,10:50:36,$ 3244.73,100
2075,10:50:25,$ 3243.09,100
2076,10:50:21,$ 3243.17,100
2077,10:50:00,$ 3245.00,100
2078,10:50:00,$ 3244.89,100
2079,10:49:08,$ 3246.53,100
2080,10:48:57,$ 3247.03,100
2081,10:48:51,$ 3245.80,100
2082,10:48:46,$ 3245.9125,100
2083,10:48:46,$ 3245.735,100
2084,10:48:36,$ 3246.13,100
2085,10:48:16,$ 3246.80,154
2086,10:48:16,$ 3246.80,139
2087,10:48:16,$ 3246.80,100
2088,10:48:16,$ 3246.80,100
2089,10:47:41,$ 3248.47,110
2090,10:47:39,$ 3248.9087,106
2091,10:47:10,$ 3247.23,100
2092,10:47:07,$ 3246.18,100
2093,10:47:07,$ 3246.18,100
2094,10:47:07,$ 3247.22,100
2096,10:47:03,$ 3246.16,100
2097,10:47:03,$ 3246.14,100
2098,10:47:03,$ 3246.14,100
2099,10:46:57,$ 3246.2697,145
2100,10:46:51,$ 3247.14,100
2101,10:46:49,$ 3246.76,100
2102,10:46:45,$ 3247.00,117
2103,10:46:45,$ 3247.00,150
2104,10:46:34,$ 3247.88,100
2105,10:46:13,$ 3249.00,500
2106,10:45:57,$ 3246.77,100
2107,10:45:35,$ 3246.45,100
2108,10:45:33,$ 3246.4252,100
2109,10:45:14,$ 3246.14,100
2110,10:45:14,$ 3246.14,100
2111,10:45:07,$ 3245.15,100
2112,10:45:07,$ 3245.50,100
2113,10:45:00,$ 3245.57,100
2114,10:45:00,$ 3245.91,100
2115,10:43:40,$ 3246.90,100
2117,10:43:27,$ 3247.20,100
2118,10:43:00,$ 3246.095,100
2119,10:42:04,$ 3247.75,100
2120,10:41:42,$ 3246.64,100
2121,10:41:41,$ 3248.00,500
2122,10:41:21,$ 3247.765,500
2123,10:41:10,$ 3247.67,100
2124,10:40:42,$ 3247.70,100
2125,10:40:20,$ 3246.01,100
2126,10:40:19,$ 3245.82,100
2127,10:40:18,$ 3247.14,100
2128,10:40:18,$ 3247.01,100
2129,10:40:13,$ 3246.91,100
2130,10:40:13,$ 3247.14,100
2131,10:40:12,$ 3246.93,120
2132,10:40:12,$ 3246.85,100
2133,10:40:12,$ 3246.85,100
2134,10:40:12,$ 3246.85,100
2135,10:40:12,$ 3247.15,100
2136,10:39:39,$ 3247.098,150
2138,10:39:38,$ 3246.65,100
2139,10:39:26,$ 3246.14,100
2140,10:39:26,$ 3247.00,"1,000"
2141,10:39:24,$ 3246.8068,100
2142,10:39:13,$ 3246.00,"1,000"
2143,10:39:08,$ 3246.13,100
2144,10:38:30,$ 3246.645,100
2145,10:38:24,$ 3245.22,100
2146,10:38:10,$ 3246.72,237
2147,10:37:53,$ 3247.45,100
2148,10:37:25,$ 3244.27,100
2149,10:37:24,$ 3245.2975,100
2150,10:37:21,$ 3245.03,"1,000"
2151,10:37:17,$ 3245.495,100
2152,10:37:14,$ 3245.41,500
2153,10:37:04,$ 3244.85,100
2154,10:37:04,$ 3244.51,100
2155,10:37:03,$ 3245.02,100
2156,10:37:01,$ 3245.46,100
2157,10:37:01,$ 3245.4566,279
2159,10:36:54,$ 3247.841,500
2160,10:36:49,$ 3246.77,100
2161,10:36:41,$ 3249.19,100
2162,10:36:08,$ 3248.525,100
2163,10:36:00,$ 3250.12,100
2164,10:35:50,$ 3248.11,100
2165,10:35:50,$ 3248.42,100
2166,10:35:47,$ 3248.13,100
2167,10:35:47,$ 3248.96,262
2168,10:35:42,$ 3248.04,100
2169,10:35:30,$ 3247.87,101
2170,10:35:08,$ 3248.015,100
2171,10:35:07,$ 3247.00,100
2172,10:35:07,$ 3247.00,100
2173,10:35:07,$ 3247.37,100
2174,10:35:07,$ 3247.47,100
2175,10:35:07,$ 3247.25,100
2176,10:35:01,$ 3249.78,100
2177,10:34:55,$ 3249.01,400
2178,10:34:34,$ 3249.995,225
2180,10:34:25,$ 3251.38,100
2181,10:34:25,$ 3250.68,100
2182,10:34:24,$ 3250.675,100
2183,10:34:22,$ 3249.78,100
2184,10:34:22,$ 3251.4599,100
2185,10:34:13,$ 3249.75,100
2186,10:34:09,$ 3248.20,100
2187,10:34:09,$ 3248.20,100
2188,10:34:09,$ 3248.20,100
2189,10:34:09,$ 3248.21,100
2190,10:34:09,$ 3248.20,100
2191,10:34:09,$ 3248.20,100
2192,10:34:09,$ 3248.21,100
2193,10:34:05,$ 3249.07,125
2194,10:34:01,$ 3250.28,100
2195,10:33:58,$ 3248.57,100
2196,10:33:56,$ 3250.055,100
2197,10:33:56,$ 3251.90,100
2198,10:33:51,$ 3249.86,100
2199,10:33:51,$ 3249.86,100
2201,10:33:51,$ 3249.85,100
2202,10:33:51,$ 3249.73,100
2203,10:33:48,$ 3250.9694,100
2204,10:33:39,$ 3251.93,100
2205,10:33:02,$ 3249.50,100
2206,10:32:57,$ 3248.41,147
2207,10:32:56,$ 3249.4001,100
2208,10:32:56,$ 3249.4001,100
2209,10:32:56,$ 3249.50,100
2210,10:32:56,$ 3249.43,100
2211,10:32:51,$ 3249.39,100
2212,10:32:51,$ 3248.695,100
2213,10:32:45,$ 3249.36,100
2214,10:32:38,$ 3248.68,100
2215,10:32:38,$ 3248.68,100
2216,10:32:33,$ 3248.68,100
2217,10:32:19,$ 3247.855,100
2218,10:32:19,$ 3248.72,100
2219,10:32:17,$ 3248.08,100
2220,10:32:17,$ 3248.02,100
2222,10:32:17,$ 3248.07,100
2223,10:32:13,$ 3248.50,100
2224,10:31:54,$ 3250.50,100
2225,10:31:40,$ 3251.40,100
2226,10:31:12,$ 3250.01,100
2227,10:30:27,$ 3250.23,100
2228,10:30:27,$ 3250.24,100
2229,10:30:17,$ 3249.63,100
2230,10:30:11,$ 3250.27,100
2231,10:30:11,$ 3249.14,100
2232,10:30:11,$ 3249.77,100
2234,11:29:59,$ 3245.3575,100
2235,11:29:59,$ 3245.3625,100
2236,11:29:59,$ 3245.3325,100
2237,11:29:59,$ 3245.89,100
2238,11:29:48,$ 3245.27,300
2239,11:29:48,$ 3245.27,100
2240,11:29:33,$ 3246.255,100
2241,11:29:32,$ 3245.9803,100
2242,11:29:24,$ 3247.37,300
2243,11:29:10,$ 3247.6009,100
2244,11:29:07,$ 3247.505,300
2245,11:29:06,$ 3247.37,300
2246,11:29:05,$ 3247.505,300
2247,11:29:04,$ 3247.53,300
2248,11:29:02,$ 3246.62,100
2249,11:29:02,$ 3246.61,100
2250,11:27:19,$ 3247.7025,100
2251,11:27:08,$ 3247.635,100
2252,11:26:48,$ 3247.7545,100
2253,11:26:12,$ 3247.795,200
2255,11:25:36,$ 3248.92,100
2256,11:25:14,$ 3249.325,100
2257,11:25:14,$ 3249.325,125
2258,11:24:48,$ 3248.11,100
2259,11:24:06,$ 3246.61,100
2260,11:24:00,$ 3245.74,100
2261,11:24:00,$ 3245.85,100
2262,11:23:46,$ 3246.635,100
2263,11:23:20,$ 3246.19,100
2264,11:22:52,$ 3245.801,400
2265,11:22:44,$ 3245.36,100
2266,11:22:35,$ 3244.00,100
2267,11:22:30,$ 3244.01,340
2268,11:22:08,$ 3243.3551,200
2269,11:21:41,$ 3244.99,100
2270,11:21:34,$ 3243.415,100
2271,11:21:34,$ 3243.435,100
2272,11:21:34,$ 3243.45,100
2273,11:21:28,$ 3243.935,100
2274,11:21:27,$ 3243.96,100
2276,11:21:20,$ 3243.985,100
2277,11:20:14,$ 3243.17,100
2278,11:20:14,$ 3243.17,100
2279,11:19:59,$ 3243.16,100
2280,11:19:57,$ 3242.625,100
2281,11:19:47,$ 3240.7501,100
2282,11:19:38,$ 3242.2776,100
2283,11:19:37,$ 3241.92,100
2284,11:19:31,$ 3241.91,100
2285,11:19:31,$ 3242.02,183
2286,11:19:31,$ 3242.02,100
2287,11:19:31,$ 3242.33,100
2288,11:19:23,$ 3240.80,100
2289,11:19:20,$ 3241.4542,100
2290,11:19:06,$ 3240.7101,500
2291,11:19:06,$ 3240.71,100
2292,11:19:05,$ 3242.21,100
2293,11:17:33,$ 3247.19,100
2294,11:17:33,$ 3246.46,100
2295,11:17:33,$ 3247.58,100
2297,11:17:33,$ 3247.37,100
2298,11:17:33,$ 3247.25,100
2299,11:17:33,$ 3247.23,100
2300,11:17:33,$ 3247.02,100
2301,11:17:33,$ 3247.38,100
2302,11:17:25,$ 3247.705,100
2303,11:16:07,$ 3246.77,100
2304,11:15:37,$ 3248.50,100
2305,11:15:25,$ 3249.8904,100
2306,11:15:24,$ 3249.465,100
2307,11:14:42,$ 3249.36,400
2308,11:14:33,$ 3250.5974,100
2309,11:14:29,$ 3249.44,100
2310,11:14:16,$ 3249.35,100
2311,11:14:04,$ 3248.694,100
2312,11:13:38,$ 3249.785,100
2313,11:12:14,$ 3250.6401,120
2314,11:12:10,$ 3251.71,100
2315,11:12:10,$ 3251.17,100
2316,11:11:42,$ 3250.16,102
2318,11:11:42,$ 3249.98,100
2319,11:11:35,$ 3249.33,100
2320,11:11:31,$ 3249.71,100
2321,11:11:18,$ 3249.49,100
2322,11:11:18,$ 3249.41,100
2323,11:10:59,$ 3250.57,100
2324,11:10:50,$ 3250.00,300
2325,11:10:50,$ 3250.00,100
2326,11:10:50,$ 3250.00,100
2327,11:10:28,$ 3250.725,100
2328,11:10:24,$ 3251.2972,300
2329,11:10:14,$ 3250.88,100
2330,11:10:14,$ 3250.72,100
2331,11:10:09,$ 3251.4983,100
2332,11:10:02,$ 3249.5418,175
2333,11:09:46,$ 3250.55,100
2334,11:09:46,$ 3249.97,100
2335,11:09:46,$ 3249.42,100
2336,11:09:46,$ 3249.75,100
2337,11:09:46,$ 3249.415,100
2339,11:09:46,$ 3249.225,100
2340,11:09:46,$ 3249.41,100
2341,11:09:46,$ 3249.51,100
2342,11:09:46,$ 3249.07,100
2343,11:09:44,$ 3249.8047,100
2344,11:09:19,$ 3249.24,100
2345,11:09:17,$ 3249.24,100
2346,11:09:16,$ 3249.59,149
2347,11:09:11,$ 3250.00,100
2348,11:09:11,$ 3250.00,100
2349,11:09:11,$ 3250.00,138
2350,11:09:01,$ 3249.23,100
2351,11:08:58,$ 3249.2995,100
2352,11:08:55,$ 3248.4751,100
2353,11:08:51,$ 3249.3089,100
2354,11:08:49,$ 3248.1101,125
2355,11:08:45,$ 3248.2624,150
2356,11:08:44,$ 3249.00,100
2357,11:08:43,$ 3249.4399,100
2358,11:08:42,$ 3249.46,100
2360,11:08:31,$ 3247.33,100
2361,11:08:19,$ 3244.87,100
2362,11:07:22,$ 3245.00,200
2363,11:07:22,$ 3244.325,100
2364,11:07:19,$ 3243.765,100
2365,11:07:14,$ 3244.73,100
2366,11:07:00,$ 3244.8999,800
2367,11:06:50,$ 3244.35,100
2368,11:06:50,$ 3243.93,100
2369,11:06:05,$ 3244.0053,389
2370,11:06:03,$ 3243.635,100
2371,11:05:50,$ 3243.0569,100
2372,11:05:36,$ 3241.40,100
2373,11:05:16,$ 3241.00,100
2374,11:04:40,$ 3241.00,100
2375,11:04:26,$ 3240.34,100
2376,11:04:26,$ 3240.76,100
2377,11:04:09,$ 3241.51,100
2378,11:04:09,$ 3241.51,100
2379,11:04:09,$ 3241.51,100
2381,11:04:09,$ 3241.51,100
2382,11:04:07,$ 3242.01,100
2383,11:04:04,$ 3241.54,100
2384,11:04:04,$ 3241.54,100
2385,11:03:59,$ 3242.24,100
2386,11:03:59,$ 3242.25,100
2387,11:03:20,$ 3244.3616,300
2388,11:03:12,$ 3245.51,100
2389,11:02:53,$ 3245.53,100
2390,11:02:20,$ 3245.19,100
2391,11:01:54,$ 3244.99,198
2392,11:01:26,$ 3243.8784,100
2393,11:01:25,$ 3243.9656,100
2394,11:01:18,$ 3243.11,100
2395,11:00:50,$ 3245.39,100
2396,11:00:45,$ 3245.1332,300
2397,11:00:37,$ 3247.28,100
2398,11:00:37,$ 3248.3925,400
2399,11:00:35,$ 3247.63,100
2400,11:00:24,$ 3243.2237,100
2402,11:59:53,$ 3252.77,100
2403,11:59:45,$ 3252.29,100
2404,11:59:19,$ 3251.00,150
2405,11:59:19,$ 3251.04,100
2406,11:59:16,$ 3250.325,100
2407,11:59:16,$ 3250.33,100
2408,11:59:14,$ 3250.29,100
2409,11:58:59,$ 3249.98,100
2410,11:58:57,$ 3250.3757,100
2411,11:58:53,$ 3250.88,100
2412,11:58:27,$ 3250.26,300
2413,11:58:27,$ 3250.26,100
2414,11:57:30,$ 3249.65,100
2415,11:57:24,$ 3250.49,100
2416,11:57:21,$ 3249.80,100
2417,11:57:21,$ 3249.72,100
2418,11:57:19,$ 3248.925,100
2419,11:57:11,$ 3249.3976,100
2420,11:56:52,$ 3249.77,100
2421,11:56:28,$ 3249.95,100
2423,11:56:10,$ 3248.37,100
2424,11:55:56,$ 3247.64,100
2425,11:55:53,$ 3248.975,100
2426,11:55:49,$ 3247.98,100
2427,11:55:25,$ 3249.715,100
2428,11:55:08,$ 3249.44,100
2429,11:55:02,$ 3250.35,100
2430,11:54:44,$ 3249.5086,100
2431,11:54:02,$ 3246.80,100
2432,11:53:42,$ 3248.505,100
2433,11:53:15,$ 3248.465,100
2434,11:53:11,$ 3247.4401,100
2435,11:52:49,$ 3248.70,100
2436,11:52:31,$ 3248.765,100
2437,11:52:01,$ 3248.265,100
2438,11:51:59,$ 3248.62,100
2439,11:51:57,$ 3248.24,100
2440,11:51:22,$ 3248.89,100
2441,11:51:19,$ 3249.13,100
2442,11:51:14,$ 3250.00,100
2444,11:51:01,$ 3249.49,100
2445,11:50:41,$ 3248.3649,100
2446,11:50:39,$ 3247.61,100
2447,11:50:15,$ 3246.8322,100
2448,11:50:13,$ 3247.555,100
2449,11:50:11,$ 3247.00,100
2450,11:50:02,$ 3246.57,100
2451,11:49:44,$ 3246.0746,100
2452,11:49:42,$ 3247.17,100
2453,11:49:25,$ 3245.08,"1,700"
2454,11:48:59,$ 3245.98,100
2455,11:48:08,$ 3245.00,100
2456,11:48:05,$ 3244.21,100
2457,11:47:45,$ 3245.97,100
2458,11:47:28,$ 3246.39,100
2459,11:47:27,$ 3245.48,100
2460,11:47:15,$ 3245.57,100
2461,11:46:34,$ 3244.8779,100
2462,11:46:34,$ 3245.00,100
2463,11:46:28,$ 3245.175,100
2465,11:46:27,$ 3244.865,100
2466,11:46:24,$ 3244.89,100
2467,11:46:05,$ 3245.215,100
2468,11:46:01,$ 3244.76,100
2469,11:46:01,$ 3244.50,100
2470,11:45:50,$ 3243.225,100
2471,11:45:40,$ 3243.33,100
2472,11:45:40,$ 3242.88,100
2473,11:45:40,$ 3243.39,100
2474,11:45:20,$ 3242.42,100
2475,11:45:18,$ 3242.675,100
2476,11:45:14,$ 3242.44,100
2477,11:44:39,$ 3243.72,100
2478,11:43:57,$ 3243.63,100
2479,11:43:48,$ 3242.94,100
2480,11:43:43,$ 3243.28,100
2481,11:42:59,$ 3244.09,100
2482,11:42:59,$ 3243.545,100
2483,11:42:56,$ 3243.68,100
2484,11:42:50,$ 3243.57,100
2486,11:42:05,$ 3245.60,100
2487,11:42:03,$ 3246.20,100
2488,11:42:01,$ 3245.50,100
2489,11:41:45,$ 3245.53,100
2490,11:41:02,$ 3243.81,100
2491,11:40:55,$ 3244.04,100
2492,11:40:34,$ 3244.92,100
2493,11:40:18,$ 3245.00,100
2494,11:40:09,$ 3245.01,100
2495,11:39:36,$ 3246.22,100
2496,11:39:35,$ 3246.435,100
2497,11:39:32,$ 3247.9208,174
2498,11:39:14,$ 3244.9136,100
2499,11:38:30,$ 3246.1074,100
2500,11:38:27,$ 3245.78,100
2501,11:38:27,$ 3244.76,100
2502,11:38:27,$ 3244.73,100
2503,11:38:08,$ 3246.91,100
2504,11:37:58,$ 3245.925,100
2505,11:37:49,$ 3245.085,100
2507,11:37:49,$ 3245.06,100
2508,11:37:49,$ 3245.075,100
2509,11:37:21,$ 3245.775,100
2510,11:36:21,$ 3244.265,100
2511,11:36:19,$ 3244.045,100
2512,11:36:06,$ 3244.28,100
2513,11:36:01,$ 3244.78,100
2514,11:35:53,$ 3245.385,100
2515,11:35:47,$ 3243.85,100
2516,11:35:41,$ 3246.73,100
2517,11:34:48,$ 3243.00,100
2518,11:34:32,$ 3242.05,100
2519,11:34:16,$ 3242.00,100
2520,11:34:11,$ 3242.86,100
2521,11:34:07,$ 3243.06,100
2522,11:34:02,$ 3243.57,100
2523,11:34:02,$ 3243.63,100
2524,11:33:43,$ 3243.51,100
2525,11:33:42,$ 3243.85,100
2526,11:33:42,$ 3244.065,100
2528,11:33:42,$ 3243.85,100
2529,11:33:42,$ 3243.82,100
2530,11:33:14,$ 3243.555,100
2531,11:33:14,$ 3244.20,100
2532,11:33:08,$ 3243.75,100
2533,11:33:05,$ 3243.50,200
2534,11:32:33,$ 3244.385,125
2535,11:32:06,$ 3244.25,100
2536,11:32:06,$ 3244.46,100
2537,11:32:06,$ 3244.44,100
2538,11:31:55,$ 3245.02,100
2539,11:31:54,$ 3245.035,100
2540,11:31:19,$ 3245.65,100
2541,11:31:16,$ 3244.63,400
2542,11:30:59,$ 3245.5821,361
2544,12:29:57,$ 3253.17,100
2545,12:29:55,$ 3253.18,206
2546,12:29:20,$ 3252.85,100
2547,12:29:13,$ 3252.8301,100
2548,12:29:12,$ 3253.64,307
2549,12:28:48,$ 3253.4641,100
2550,12:28:41,$ 3252.5403,100
2551,12:28:32,$ 3252.97,100
2552,12:28:25,$ 3252.98,100
2553,12:27:57,$ 3253.6361,100
2554,12:27:44,$ 3252.92,100
2555,12:27:34,$ 3253.27,100
2556,12:27:26,$ 3253.4032,100
2557,12:27:23,$ 3252.6349,100
2558,12:26:53,$ 3252.015,100
2559,12:26:51,$ 3252.13,100
2560,12:26:51,$ 3252.22,100
2561,12:26:51,$ 3252.22,100
2562,12:26:51,$ 3252.24,100
2563,12:26:51,$ 3252.27,100
2565,12:26:51,$ 3252.27,100
2566,12:26:51,$ 3252.29,100
2567,12:26:51,$ 3252.29,100
2568,12:26:51,$ 3252.29,100
2569,12:26:50,$ 3251.7515,100
2570,12:26:33,$ 3252.755,100
2571,12:26:31,$ 3252.22,275
2572,12:26:30,$ 3252.1401,230
2573,12:26:23,$ 3253.13,100
2574,12:26:19,$ 3254.21,100
2575,12:26:13,$ 3253.42,100
2576,12:25:27,$ 3254.388,100
2577,12:25:24,$ 3254.76,100
2578,12:25:21,$ 3254.01,100
2579,12:25:06,$ 3254.77,100
2580,12:24:55,$ 3254.559,100
2581,12:24:48,$ 3254.515,100
2582,12:24:44,$ 3254.04,189
2583,12:24:41,$ 3253.61,100
2584,12:24:35,$ 3253.59,100
2586,12:24:34,$ 3253.635,100
2587,12:24:30,$ 3254.6099,120
2588,12:24:23,$ 3253.54,100
2589,12:24:15,$ 3254.08,100
2590,12:24:13,$ 3253.4892,300
2591,12:24:09,$ 3253.45,100
2592,12:24:02,$ 3254.30,100
2593,12:23:58,$ 3253.522,200
2594,12:23:58,$ 3253.7549,384
2595,12:23:53,$ 3254.89,100
2596,12:23:48,$ 3255.3404,400
2597,12:23:47,$ 3255.7407,100
2598,12:23:47,$ 3255.21,100
2599,12:23:44,$ 3255.00,100
2600,12:23:43,$ 3255.9749,100
2601,12:23:36,$ 3255.63,100
2602,12:23:36,$ 3255.54,100
2603,12:23:36,$ 3255.37,100
2604,12:23:20,$ 3254.45,100
2605,12:23:20,$ 3254.63,100
2607,12:23:10,$ 3254.72,100
2608,12:23:09,$ 3255.00,100
2609,12:23:01,$ 3254.8605,100
2610,12:23:00,$ 3254.55,140
2611,12:22:59,$ 3254.97,100
2612,12:22:50,$ 3254.96,100
2613,12:22:30,$ 3254.1869,163
2614,12:22:30,$ 3254.01,159
2615,12:22:29,$ 3253.86,138
2616,12:22:26,$ 3253.86,100
2617,12:22:25,$ 3253.67,100
2618,12:22:12,$ 3253.50,100
2619,12:22:11,$ 3253.595,100
2620,12:22:08,$ 3253.59,100
2621,12:21:39,$ 3254.28,100
2622,12:21:38,$ 3254.0513,300
2623,12:21:27,$ 3254.23,125
2624,12:21:07,$ 3253.6896,100
2625,12:21:02,$ 3253.825,100
2626,12:21:02,$ 3252.89,223
2628,12:21:02,$ 3253.00,100
2629,12:21:01,$ 3252.70,245
2630,12:21:00,$ 3252.56,100
2631,12:21:00,$ 3252.56,100
2632,12:20:58,$ 3252.39,100
2633,12:20:40,$ 3252.98,200
2634,12:20:39,$ 3252.66,282
2635,12:20:39,$ 3253.25,100
2636,12:20:36,$ 3252.734,700
2637,12:20:25,$ 3252.50,100
2638,12:20:25,$ 3252.50,100
2639,12:20:25,$ 3252.76,143
2640,12:20:21,$ 3252.8886,100
2641,12:20:18,$ 3252.88,200
2642,12:20:18,$ 3253.00,100
2643,12:20:18,$ 3253.00,100
2644,12:20:06,$ 3253.98,100
2645,12:20:00,$ 3253.48,100
2646,12:19:21,$ 3255.28,200
2647,12:19:16,$ 3254.952,307
2649,12:18:54,$ 3255.04,100
2650,12:18:45,$ 3256.23,100
2651,12:18:45,$ 3256.22,100
2652,12:18:34,$ 3257.045,200
2653,12:18:34,$ 3256.73,100
2654,12:18:34,$ 3256.69,100
2655,12:18:34,$ 3256.859,200
2656,12:18:29,$ 3256.68,100
2657,12:18:28,$ 3257.035,100
2658,12:18:24,$ 3257.07,100
2659,12:18:24,$ 3257.14,100
2660,12:18:19,$ 3257.61,105
2661,12:18:19,$ 3257.6099,100
2662,12:18:17,$ 3257.12,100
2663,12:18:14,$ 3257.23,100
2664,12:18:14,$ 3257.01,100
2665,12:18:14,$ 3257.00,100
2666,12:18:14,$ 3257.00,100
2667,12:18:14,$ 3257.00,100
2668,12:17:59,$ 3255.40,100
2670,12:17:59,$ 3256.77,100
2671,12:17:58,$ 3256.085,100
2672,12:17:54,$ 3255.82,100
2673,12:17:54,$ 3255.80,100
2674,12:17:52,$ 3256.00,100
2675,12:17:52,$ 3255.9995,100
2676,12:17:52,$ 3255.39,100
2677,12:17:51,$ 3255.64,100
2678,12:17:48,$ 3255.93,100
2679,12:17:48,$ 3255.94,100
2680,12:17:42,$ 3254.95,100
2681,12:17:42,$ 3255.00,100
2682,12:17:27,$ 3253.835,141
2683,12:17:24,$ 3254.475,100
2684,12:17:21,$ 3253.61,100
2685,12:16:50,$ 3254.35,100
2686,12:16:50,$ 3254.51,100
2687,12:16:43,$ 3255.00,100
2688,12:16:24,$ 3254.445,100
2689,12:16:11,$ 3253.90,100
2691,12:15:48,$ 3254.03,100
2692,12:15:33,$ 3255.37,100
2693,12:15:31,$ 3255.08,100
2694,12:14:59,$ 3254.09,100
2695,12:14:50,$ 3253.51,100
2696,12:14:36,$ 3253.50,100
2697,12:14:36,$ 3253.71,100
2698,12:14:27,$ 3252.5245,331
2699,12:14:27,$ 3253.32,100
2700,12:14:24,$ 3254.185,100
2701,12:14:16,$ 3254.16,100
2702,12:14:01,$ 3253.43,130
2703,12:13:54,$ 3253.40,100
2704,12:13:41,$ 3254.02,100
2705,12:13:11,$ 3255.665,100
2706,12:13:01,$ 3254.57,100
2707,12:12:15,$ 3256.14,100
2708,12:12:11,$ 3255.9137,100
2709,12:12:08,$ 3256.17,100
2710,12:12:08,$ 3256.00,100
2712,12:11:55,$ 3254.595,100
2713,12:11:40,$ 3254.30,100
2714,12:11:19,$ 3254.00,100
2715,12:11:06,$ 3254.30,100
2716,12:11:06,$ 3254.30,100
2717,12:10:38,$ 3254.00,100
2718,12:10:12,$ 3253.97,100
2719,12:09:47,$ 3254.66,100
2720,12:09:47,$ 3254.26,100
2721,12:09:28,$ 3254.56,100
2722,12:09:20,$ 3254.95,100
2723,12:09:16,$ 3254.90,100
2724,12:09:16,$ 3254.60,100
2725,12:09:14,$ 3256.81,100
2726,12:09:13,$ 3255.81,100
2727,12:09:13,$ 3255.81,100
2728,12:09:03,$ 3256.16,100
2729,12:08:44,$ 3256.52,450
2730,12:08:44,$ 3256.52,100
2731,12:08:44,$ 3256.52,100
2733,12:08:18,$ 3256.01,100
2734,12:08:10,$ 3255.50,100
2735,12:08:10,$ 3255.50,100
2736,12:08:10,$ 3255.50,100
2737,12:07:56,$ 3254.45,100
2738,12:07:56,$ 3255.00,100
2739,12:07:56,$ 3255.14,100
2740,12:07:21,$ 3256.44,100
2741,12:07:18,$ 3256.85,100
2742,12:07:16,$ 3257.49,100
2743,12:06:54,$ 3257.0628,120
2744,12:06:44,$ 3256.2601,100
2745,12:06:17,$ 3256.92,100
2746,12:06:16,$ 3256.93,100
2747,12:06:01,$ 3256.52,100
2748,12:06:01,$ 3256.77,100
2749,12:06:01,$ 3256.77,100
2750,12:06:01,$ 3257.195,100
2751,12:05:30,$ 3255.93,300
2752,12:05:25,$ 3257.46,110
2754,12:05:25,$ 3257.46,110
2755,12:05:20,$ 3257.5525,200
2756,12:05:18,$ 3257.845,100
2757,12:05:15,$ 3258.11,100
2758,12:05:15,$ 3257.61,100
2759,12:05:13,$ 3257.91,100
2760,12:05:09,$ 3258.00,100
2761,12:05:04,$ 3257.54,100
2762,12:05:00,$ 3257.47,100
2763,12:04:53,$ 3256.555,170
2764,12:04:44,$ 3256.91,100
2765,12:04:44,$ 3256.79,100
2766,12:04:07,$ 3256.9019,100
2767,12:04:02,$ 3257.38,100
2768,12:04:02,$ 3257.39,100
2769,12:03:59,$ 3257.0486,100
2770,12:03:14,$ 3255.5701,100
2771,12:02:48,$ 3256.345,100
2772,12:02:43,$ 3256.49,100
2773,12:02:38,$ 3256.1916,200
2775,12:02:38,$ 3256.412,100
2776,12:02:09,$ 3256.4501,100
2777,12:02:06,$ 3257.038,500
2778,12:02:00,$ 3257.90,100
2779,12:01:57,$ 3257.97,100
2780,12:01:50,$ 3256.83,100
2781,12:01:42,$ 3257.6599,100
2782,12:01:30,$ 3256.01,100
2783,12:01:30,$ 3256.9502,200
2784,12:01:12,$ 3255.97,100
2785,12:01:07,$ 3255.95,100
2786,12:01:05,$ 3255.7199,200
2787,12:00:57,$ 3255.495,"1,700"
2788,12:00:56,$ 3255.65,100
2789,12:00:37,$ 3255.65,100
2790,12:00:36,$ 3255.84,100
2791,12:00:34,$ 3255.41,100
2792,12:00:34,$ 3255.24,100
2793,12:00:33,$ 3255.23,100
2794,12:00:27,$ 3255.56,150
2796,12:00:27,$ 3255.26,100
2797,12:00:24,$ 3254.3262,300
2798,12:00:21,$ 3255.00,100
2799,12:00:21,$ 3255.00,300
2800,12:00:21,$ 3255.00,100
2801,12:00:21,$ 3254.67,100
2802,12:00:20,$ 3254.22,100
2803,12:00:18,$ 3253.82,100
2804,12:00:15,$ 3254.00,100
2805,12:00:15,$ 3254.00,100
2806,12:00:03,$ 3253.0948,100
2808,12:59:42,$ 3248.55,100
2809,12:59:42,$ 3248.88,100
2810,12:59:35,$ 3248.80,100
2811,12:59:33,$ 3248.51,100
2812,12:58:50,$ 3248.14,100
2813,12:58:13,$ 3247.59,100
2814,12:58:10,$ 3247.53,100
2815,12:58:07,$ 3247.80,100
2816,12:57:58,$ 3248.84,100
2817,12:57:38,$ 3248.13,100
2818,12:57:38,$ 3248.30,100
2819,12:57:22,$ 3247.01,100
2820,12:56:56,$ 3248.255,100
2821,12:56:51,$ 3247.92,100
2822,12:56:48,$ 3247.98,100
2823,12:56:46,$ 3246.90,144
2824,12:56:42,$ 3246.825,100
2825,12:56:41,$ 3247.095,100
2826,12:56:33,$ 3247.075,100
2827,12:56:13,$ 3246.84,126
2829,12:56:09,$ 3247.2123,500
2830,12:56:00,$ 3246.895,100
2831,12:56:00,$ 3246.73,184
2832,12:55:47,$ 3246.61,100
2833,12:55:47,$ 3246.61,100
2834,12:55:43,$ 3246.0245,112
2835,12:55:36,$ 3246.72,100
2836,12:55:36,$ 3247.06,100
2837,12:55:36,$ 3247.01,100
2838,12:55:36,$ 3247.01,100
2839,12:55:36,$ 3247.01,618
2840,12:55:36,$ 3247.01,123
2841,12:55:36,$ 3246.94,100
2842,12:55:31,$ 3247.01,100
2843,12:55:31,$ 3247.00,100
2844,12:55:31,$ 3246.94,100
2845,12:55:31,$ 3247.32,100
2846,12:55:31,$ 3247.66,100
2847,12:55:31,$ 3247.31,100
2848,12:55:31,$ 3247.58,100
2850,12:55:31,$ 3247.59,100
2851,12:55:31,$ 3247.40,100
2852,12:55:31,$ 3247.33,100
2853,12:55:31,$ 3247.29,100
2854,12:55:31,$ 3247.465,100
2855,12:55:22,$ 3248.28,100
2856,12:54:59,$ 3247.77,100
2857,12:54:46,$ 3249.09,100
2858,12:53:59,$ 3249.37,100
2859,12:53:59,$ 3249.55,100
2860,12:53:58,$ 3250.005,100
2861,12:53:58,$ 3250.27,100
2862,12:53:58,$ 3250.07,100
2863,12:53:58,$ 3250.06,100
2864,12:53:47,$ 3250.87,100
2865,12:53:22,$ 3250.51,100
2866,12:53:14,$ 3250.51,100
2867,12:53:09,$ 3250.915,100
2868,12:52:44,$ 3250.77,100
2869,12:52:19,$ 3249.8167,100
2871,12:52:17,$ 3249.62,100
2872,12:52:02,$ 3248.4201,100
2873,12:51:58,$ 3248.4101,100
2874,12:51:39,$ 3249.00,100
2875,12:51:24,$ 3249.31,100
2876,12:51:24,$ 3249.19,100
2877,12:51:23,$ 3249.4798,113
2878,12:51:08,$ 3249.64,100
2879,12:50:15,$ 3248.19,100
2880,12:49:37,$ 3248.39,100
2881,12:49:35,$ 3247.00,100
2882,12:49:12,$ 3246.71,100
2883,12:48:59,$ 3248.05,100
2884,12:48:54,$ 3248.3089,430
2885,12:48:52,$ 3248.8325,100
2886,12:48:33,$ 3248.67,100
2887,12:47:28,$ 3247.95,100
2888,12:47:04,$ 3249.14,100
2889,12:46:28,$ 3248.18,100
2890,12:46:23,$ 3247.53,100
2892,12:46:01,$ 3246.77,100
2893,12:46:01,$ 3246.77,100
2894,12:45:58,$ 3247.29,100
2895,12:45:41,$ 3248.87,100
2896,12:45:34,$ 3248.5971,100
2897,12:45:34,$ 3247.92,200
2898,12:45:15,$ 3248.78,100
2899,12:45:09,$ 3249.00,100
2900,12:45:03,$ 3249.47,100
2901,12:45:02,$ 3249.995,100
2902,12:44:54,$ 3249.74,100
2903,12:44:21,$ 3249.54,100
2904,12:44:21,$ 3249.54,100
2905,12:44:09,$ 3249.18,100
2906,12:43:06,$ 3250.04,100
2907,12:42:59,$ 3250.30,100
2908,12:42:49,$ 3249.4485,100
2909,12:42:49,$ 3249.86,100
2910,12:42:47,$ 3249.595,100
2911,12:42:47,$ 3249.595,100
2913,12:42:32,$ 3249.56,100
2914,12:42:00,$ 3248.6103,100
2915,12:41:19,$ 3249.16,100
2916,12:41:19,$ 3249.0077,125
2917,12:41:18,$ 3249.165,100
2918,12:41:18,$ 3249.16,100
2919,12:40:30,$ 3248.41,100
2920,12:40:17,$ 3248.41,100
2921,12:40:15,$ 3247.87,100
2922,12:40:08,$ 3247.86,100
2923,12:38:47,$ 3248.2195,300
2924,12:38:43,$ 3247.705,100
2925,12:38:06,$ 3247.4374,100
2926,12:38:03,$ 3247.445,100
2927,12:37:58,$ 3247.785,100
2928,12:37:27,$ 3247.50,100
2929,12:37:11,$ 3246.925,100
2930,12:36:37,$ 3245.73,100
2931,12:36:11,$ 3246.785,100
2932,12:35:51,$ 3246.93,100
2934,12:35:40,$ 3246.58,100
2935,12:35:36,$ 3246.825,100
2936,12:35:32,$ 3246.46,100
2937,12:35:31,$ 3246.36,100
2938,12:35:27,$ 3246.19,100
2939,12:35:26,$ 3246.2966,300
2940,12:35:07,$ 3246.18,100
2941,12:35:05,$ 3245.65,100
2942,12:35:04,$ 3246.165,100
2943,12:35:04,$ 3246.05,100
2944,12:34:34,$ 3247.95,100
2945,12:34:31,$ 3247.61,100
2946,12:34:09,$ 3247.33,100
2947,12:33:59,$ 3246.6936,100
2948,12:33:57,$ 3247.88,200
2949,12:33:50,$ 3247.00,133
2950,12:33:50,$ 3247.05,100
2951,12:33:49,$ 3247.30,100
2952,12:33:48,$ 3248.31,100
2953,12:33:44,$ 3248.765,100
2955,12:33:43,$ 3249.22,100
2956,12:33:41,$ 3248.1201,200
2957,12:33:37,$ 3248.79,100
2958,12:33:24,$ 3250.67,100
2959,12:33:24,$ 3250.91,100
2960,12:33:16,$ 3250.29,100
2961,12:33:09,$ 3250.51,100
2962,12:33:09,$ 3250.72,100
2963,12:33:09,$ 3251.12,100
2964,12:33:09,$ 3251.12,100
2965,12:33:05,$ 3252.10,100
2966,12:33:01,$ 3251.59,100
2967,12:33:00,$ 3252.00,100
2968,12:32:47,$ 3251.69,100
2969,12:32:43,$ 3252.04,100
2970,12:32:40,$ 3252.49,100
2971,12:32:36,$ 3253.77,100
2972,12:32:35,$ 3253.10,100
2973,12:32:30,$ 3253.56,100
2974,12:31:50,$ 3253.24,100
2976,12:31:42,$ 3253.53,100
2977,12:31:42,$ 3253.51,100
2978,12:31:12,$ 3254.42,100
2979,12:31:09,$ 3254.69,140
2980,12:30:48,$ 3254.69,100
2981,12:30:36,$ 3254.675,100
2982,12:30:20,$ 3253.96,100
2984,13:29:54,$ 3252.06,100
2985,13:28:48,$ 3252.51,122
2986,13:28:44,$ 3252.9123,100
2987,13:28:32,$ 3253.07,100
2988,13:28:16,$ 3252.4119,100
2989,13:28:12,$ 3252.62,100
2990,13:28:08,$ 3252.42,100
2991,13:27:58,$ 3253.72,100
2992,13:27:57,$ 3253.73,100
2993,13:27:57,$ 3253.685,100
2994,13:27:57,$ 3253.04,100
2995,13:27:57,$ 3253.535,100
2996,13:27:32,$ 3251.635,100
2997,13:27:00,$ 3251.275,100
2998,13:26:58,$ 3251.24,100
2999,13:26:53,$ 3250.45,200
3000,13:26:51,$ 3250.075,100
3001,13:26:22,$ 3249.02,100
3002,13:25:31,$ 3248.24,100
3003,13:25:13,$ 3247.09,100
3005,13:24:31,$ 3246.25,100
3006,13:24:30,$ 3246.44,100
3007,13:24:06,$ 3247.3623,100
3008,13:23:52,$ 3247.36,100
3009,13:23:51,$ 3247.38,100
3010,13:23:51,$ 3247.59,100
3011,13:23:43,$ 3247.865,100
3012,13:23:39,$ 3247.06,200
3013,13:23:36,$ 3246.64,100
3014,13:23:36,$ 3246.64,100
3015,13:23:34,$ 3246.9199,100
3016,13:23:33,$ 3246.36,100
3017,13:23:17,$ 3248.03,100
3018,13:23:17,$ 3247.8848,100
3019,13:23:11,$ 3248.105,100
3020,13:23:09,$ 3248.85,100
3021,13:23:09,$ 3249.00,100
3022,13:22:39,$ 3249.88,100
3023,13:22:20,$ 3249.04,100
3024,13:22:11,$ 3249.76,100
3026,13:21:52,$ 3249.29,100
3027,13:21:52,$ 3249.73,100
3028,13:21:52,$ 3249.72,100
3029,13:21:52,$ 3249.9825,100
3030,13:21:52,$ 3249.985,100
3031,13:21:49,$ 3249.47,100
3032,13:21:20,$ 3249.28,100
3033,13:20:57,$ 3249.41,100
3034,13:20:29,$ 3250.49,100
3035,13:20:22,$ 3250.03,149
3036,13:20:09,$ 3251.00,100
3037,13:20:06,$ 3250.155,100
3038,13:19:21,$ 3249.71,100
3039,13:18:58,$ 3250.185,100
3040,13:18:19,$ 3250.00,100
3041,13:18:10,$ 3250.37,100
3042,13:17:59,$ 3249.68,104
3043,13:17:58,$ 3250.01,100
3044,13:17:43,$ 3250.77,100
3045,13:17:35,$ 3250.77,100
3047,13:17:30,$ 3250.6276,100
3048,13:17:05,$ 3250.12,100
3049,13:17:00,$ 3250.16,100
3050,13:16:23,$ 3249.37,100
3051,13:15:53,$ 3250.16,100
3052,13:15:45,$ 3248.51,100
3053,13:15:24,$ 3249.3401,100
3054,13:14:06,$ 3248.795,100
3055,13:13:58,$ 3249.08,100
3056,13:13:58,$ 3249.21,100
3057,13:13:31,$ 3249.85,100
3058,13:13:31,$ 3249.375,200
3059,13:13:31,$ 3249.69,100
3060,13:13:30,$ 3249.85,100
3061,13:13:30,$ 3249.74,100
3062,13:13:30,$ 3249.76,100
3063,13:13:30,$ 3249.81,100
3064,13:13:11,$ 3248.895,100
3065,13:12:34,$ 3248.91,100
3066,13:12:25,$ 3249.105,100
3068,13:12:09,$ 3249.00,100
3069,13:12:07,$ 3248.51,100
3070,13:11:08,$ 3247.24,100
3071,13:10:11,$ 3246.45,100
3072,13:10:08,$ 3246.67,100
3073,13:10:08,$ 3246.715,100
3074,13:10:05,$ 3245.877,500
3075,13:09:54,$ 3246.45,100
3076,13:09:54,$ 3246.45,900
3077,13:09:36,$ 3247.0026,100
3078,13:09:36,$ 3247.5099,100
3079,13:09:00,$ 3247.765,100
3080,13:07:42,$ 3248.06,100
3081,13:07:42,$ 3248.02,100
3082,13:07:27,$ 3247.94,100
3083,13:07:08,$ 3248.03,100
3084,13:06:59,$ 3248.77,100
3085,13:06:27,$ 3248.51,100
3086,13:06:15,$ 3247.2843,204
3087,13:05:32,$ 3248.35,100
3089,13:05:29,$ 3248.04,100
3090,13:05:05,$ 3248.64,100
3091,13:04:15,$ 3247.30,100
3092,13:04:07,$ 3247.855,100
3093,13:04:02,$ 3247.76,100
3094,13:03:59,$ 3247.50,100
3095,13:03:45,$ 3247.26,100
3096,13:03:35,$ 3248.15,100
3097,13:03:08,$ 3248.945,100
3098,13:02:34,$ 3248.76,112
3099,13:01:52,$ 3249.63,100
3100,13:01:37,$ 3250.39,100
3101,13:01:29,$ 3250.2963,500
3102,13:01:10,$ 3249.175,100
3103,13:01:09,$ 3249.75,100
3104,13:00:52,$ 3249.72,100
3105,13:00:18,$ 3249.25,100
3106,13:00:01,$ 3248.97,100
3108,13:59:28,$ 3254.78,100
3109,13:58:40,$ 3256.085,100
3110,13:58:40,$ 3256.01,100
3111,13:57:56,$ 3255.625,100
3112,13:56:51,$ 3255.414,100
3113,13:56:03,$ 3254.27,100
3114,13:55:16,$ 3253.60,100
3115,13:54:21,$ 3253.8863,100
3116,13:54:20,$ 3254.40,100
3117,13:54:10,$ 3256.08,100
3118,13:53:42,$ 3256.70,100
3119,13:53:24,$ 3255.5425,100
3120,13:53:08,$ 3254.69,100
3121,13:53:02,$ 3254.49,120
3122,13:53:02,$ 3254.79,100
3123,13:52:55,$ 3255.67,100
3124,13:52:55,$ 3255.80,101
3125,13:52:55,$ 3255.73,100
3126,13:52:55,$ 3255.78,100
3127,13:52:48,$ 3256.05,127
3129,13:52:48,$ 3256.33,100
3130,13:52:43,$ 3256.36,100
3131,13:52:40,$ 3256.705,100
3132,13:52:40,$ 3256.59,100
3133,13:52:40,$ 3257.67,100
3134,13:52:11,$ 3256.45,100
3135,13:52:01,$ 3256.2307,181
3136,13:52:01,$ 3255.82,100
3137,13:52:01,$ 3255.77,100
3138,13:52:01,$ 3255.75,100
3139,13:51:23,$ 3255.80,103
3140,13:50:21,$ 3255.68,100
3141,13:50:21,$ 3256.00,100
3142,13:49:57,$ 3256.16,100
3143,13:49:57,$ 3255.48,100
3144,13:49:44,$ 3254.81,177
3145,13:49:31,$ 3254.84,100
3146,13:49:18,$ 3254.76,100
3147,13:48:19,$ 3254.50,227
3148,13:48:19,$ 3254.50,161
3150,13:47:33,$ 3254.45,100
3151,13:47:32,$ 3254.61,100
3152,13:47:32,$ 3254.66,100
3153,13:47:32,$ 3254.92,100
3154,13:47:28,$ 3255.01,100
3155,13:47:27,$ 3255.15,100
3156,13:47:11,$ 3255.96,100
3157,13:47:00,$ 3255.605,100
3158,13:46:46,$ 3255.895,100
3159,13:46:41,$ 3256.45,100
3160,13:46:24,$ 3256.15,100
3161,13:46:24,$ 3256.21,100
3162,13:46:24,$ 3256.20,147
3163,13:46:24,$ 3256.70,100
3164,13:46:24,$ 3256.24,100
3165,13:46:12,$ 3257.24,100
3166,13:45:48,$ 3258.00,100
3167,13:45:46,$ 3257.51,100
3168,13:43:53,$ 3257.30,100
3169,13:43:46,$ 3256.68,300
3171,13:43:32,$ 3257.22,100
3172,13:43:27,$ 3256.90,100
3173,13:43:24,$ 3256.87,100
3174,13:43:23,$ 3256.835,100
3175,13:43:23,$ 3256.66,100
3176,13:43:23,$ 3256.87,100
3177,13:43:22,$ 3256.00,310
3178,13:43:22,$ 3256.00,136
3179,13:42:47,$ 3255.47,100
3180,13:42:45,$ 3255.46,100
3181,13:41:12,$ 3255.37,100
3182,13:41:04,$ 3255.405,100
3183,13:40:58,$ 3256.00,452
3184,13:40:58,$ 3256.00,131
3185,13:40:58,$ 3256.00,134
3186,13:40:58,$ 3256.00,150
3187,13:40:58,$ 3255.70,100
3188,13:40:58,$ 3255.77,100
3189,13:40:28,$ 3255.08,100
3190,13:40:28,$ 3255.08,100
3192,13:40:22,$ 3255.37,116
3193,13:40:12,$ 3255.2234,300
3194,13:40:10,$ 3255.19,100
3195,13:40:06,$ 3255.175,100
3196,13:39:57,$ 3254.92,100
3197,13:39:57,$ 3254.88,100
3198,13:39:29,$ 3254.90,100
3199,13:39:27,$ 3254.98,100
3200,13:39:23,$ 3254.25,233
3201,13:38:12,$ 3253.25,100
3202,13:38:08,$ 3253.39,100
3203,13:36:33,$ 3253.35,100
3204,13:36:33,$ 3253.35,100
3205,13:36:26,$ 3253.96,100
3206,13:36:01,$ 3253.89,100
3207,13:35:27,$ 3253.96,100
3208,13:34:55,$ 3254.685,100
3209,13:34:51,$ 3254.99,100
3210,13:34:19,$ 3254.8043,100
3211,13:34:18,$ 3254.43,100
3213,13:33:42,$ 3254.7199,100
3214,13:33:36,$ 3254.30,100
3215,13:33:33,$ 3254.08,100
3216,13:33:33,$ 3253.77,100
3217,13:33:33,$ 3253.77,100
3218,13:33:28,$ 3253.00,100
3219,13:33:21,$ 3252.6585,500
3220,13:32:05,$ 3250.63,100
3221,13:32:01,$ 3251.0499,"3,000"
3222,13:31:44,$ 3250.43,100
3223,13:31:32,$ 3250.43,150
3224,13:31:28,$ 3251.44,100
3225,13:31:26,$ 3252.03,100
3226,13:31:26,$ 3252.03,100
3227,13:30:51,$ 3252.21,100
3228,13:30:22,$ 3252.18,100
3229,13:30:17,$ 3251.87,300
3230,13:30:01,$ 3251.65,100
3232,14:29:42,$ 3258.64,100
3233,14:29:20,$ 3258.73,100
3234,14:27:52,$ 3258.9133,200
3235,14:27:42,$ 3259.085,100
3236,14:26:36,$ 3259.515,100
3237,14:26:22,$ 3258.95,100
3238,14:25:33,$ 3259.00,100
3239,14:25:33,$ 3259.745,100
3240,14:25:20,$ 3259.06,102
3241,14:25:08,$ 3259.855,100
3242,14:25:08,$ 3259.68,100
3243,14:24:40,$ 3259.80,205
3244,14:23:34,$ 3260.0088,200
3245,14:23:32,$ 3260.42,100
3246,14:23:32,$ 3260.42,100
3247,14:23:32,$ 3260.42,100
3248,14:23:32,$ 3260.26,100
3249,14:23:09,$ 3259.35,100
3250,14:22:58,$ 3258.79,100
3251,14:22:56,$ 3259.15,100
3253,14:22:56,$ 3258.75,100
3254,14:22:56,$ 3258.69,100
3255,14:22:56,$ 3258.68,100
3256,14:22:52,$ 3258.60,200
3257,14:22:52,$ 3258.59,100
3258,14:22:24,$ 3258.55,100
3259,14:21:55,$ 3258.569,100
3260,14:21:28,$ 3259.23,110
3261,14:21:21,$ 3259.89,191
3262,14:21:14,$ 3259.59,100
3263,14:20:56,$ 3259.286,300
3264,14:20:45,$ 3259.05,100
3265,14:20:45,$ 3259.37,100
3266,14:20:22,$ 3259.66,100
3267,14:20:22,$ 3259.24,100
3268,14:20:11,$ 3259.12,200
3269,14:20:06,$ 3258.7601,100
3270,14:20:01,$ 3258.73,120
3271,14:19:58,$ 3259.065,100
3272,14:19:50,$ 3259.17,100
3274,14:19:50,$ 3259.05,100
3275,14:19:50,$ 3259.28,100
3276,14:19:50,$ 3258.81,100
3277,14:19:50,$ 3259.20,100
3278,14:19:50,$ 3259.09,100
3279,14:19:48,$ 3259.92,100
3280,14:19:48,$ 3259.50,165
3281,14:19:44,$ 3259.78,100
3282,14:19:44,$ 3259.75,100
3283,14:19:44,$ 3259.72,100
3284,14:19:44,$ 3259.76,100
3285,14:19:44,$ 3259.97,100
3286,14:19:44,$ 3259.75,100
3287,14:19:43,$ 3259.11,100
3288,14:19:41,$ 3259.105,100
3289,14:19:29,$ 3258.51,100
3290,14:19:27,$ 3259.09,100
3291,14:19:24,$ 3258.73,100
3292,14:19:19,$ 3259.43,100
3293,14:19:19,$ 3259.43,100
3295,14:18:59,$ 3259.96,100
3296,14:18:59,$ 3259.47,100
3297,14:18:59,$ 3258.74,100
3298,14:18:59,$ 3259.86,100
3299,14:18:59,$ 3259.82,100
3300,14:18:55,$ 3258.855,100
3301,14:18:49,$ 3258.06,100
3302,14:18:49,$ 3258.145,100
3303,14:18:49,$ 3258.16,100
3304,14:18:48,$ 3258.2425,100
3305,14:18:48,$ 3258.93,100
3306,14:18:45,$ 3258.96,100
3307,14:18:44,$ 3257.955,100
3308,14:18:44,$ 3257.92,100
3309,14:18:39,$ 3258.33,100
3310,14:18:38,$ 3258.7015,100
3311,14:18:36,$ 3257.77,100
3312,14:18:27,$ 3257.31,100
3313,14:18:26,$ 3256.65,100
3314,14:18:17,$ 3256.885,100
3316,14:18:17,$ 3256.80,100
3317,14:18:17,$ 3256.19,100
3318,14:18:17,$ 3256.15,117
3319,14:18:17,$ 3256.1075,100
3320,14:18:17,$ 3256.035,100
3321,14:18:17,$ 3256.0925,100
3322,14:18:15,$ 3255.95,100
3323,14:18:14,$ 3256.67,100
3324,14:18:13,$ 3255.855,250
3325,14:18:13,$ 3256.555,100
3326,14:18:13,$ 3255.95,250
3327,14:18:12,$ 3255.855,143
3328,14:18:04,$ 3255.84,100
3329,14:18:04,$ 3256.2275,100
3330,14:18:04,$ 3256.5275,100
3331,14:18:04,$ 3256.215,100
3332,14:18:04,$ 3256.25,100
3333,14:18:03,$ 3256.63,100
3334,14:18:03,$ 3256.29,100
3335,14:17:59,$ 3256.85,100
3337,14:17:59,$ 3256.4025,100
3338,14:17:45,$ 3256.13,200
3339,14:17:45,$ 3256.015,100
3340,14:17:45,$ 3256.90,100
3341,14:17:45,$ 3257.01,100
3342,14:17:44,$ 3256.22,162
3343,14:17:44,$ 3256.21,100
3344,14:17:44,$ 3256.22,100
3345,14:17:42,$ 3257.00,100
3346,14:17:40,$ 3256.56,100
3347,14:17:28,$ 3255.82,200
3348,14:17:21,$ 3255.725,100
3349,14:16:48,$ 3256.2426,100
3350,14:16:30,$ 3254.93,100
3351,14:16:10,$ 3255.86,395
3352,14:16:10,$ 3255.86,128
3353,14:16:10,$ 3255.86,200
3354,14:16:10,$ 3255.43,100
3355,14:16:02,$ 3255.72,103
3356,14:16:00,$ 3256.04,100
3358,14:16:00,$ 3256.00,100
3359,14:15:57,$ 3256.07,100
3360,14:15:55,$ 3255.68,100
3361,14:15:52,$ 3255.68,100
3362,14:15:40,$ 3256.165,100
3363,14:15:35,$ 3255.90,100
3364,14:15:35,$ 3255.90,100
3365,14:15:35,$ 3255.96,100
3366,14:15:34,$ 3255.95,100
3367,14:15:33,$ 3256.42,100
3368,14:15:33,$ 3255.96,100
3369,14:15:33,$ 3255.55,100
3370,14:15:32,$ 3255.375,100
3371,14:15:32,$ 3256.01,100
3372,14:15:32,$ 3255.96,100
3373,14:15:32,$ 3255.79,100
3374,14:15:32,$ 3255.79,100
3375,14:14:14,$ 3254.28,100
3376,14:14:14,$ 3254.53,138
3377,14:14:14,$ 3254.37,100
3379,14:14:12,$ 3254.49,394
3380,14:14:12,$ 3254.40,100
3381,14:14:12,$ 3254.81,100
3382,14:14:05,$ 3255.87,100
3383,14:14:02,$ 3254.50,100
3384,14:14:02,$ 3254.295,100
3385,14:14:01,$ 3254.02,100
3386,14:13:48,$ 3254.0325,104
3387,14:12:43,$ 3252.885,100
3388,14:12:10,$ 3252.665,100
3389,14:11:56,$ 3252.18,100
3390,14:11:51,$ 3252.2557,129
3391,14:11:33,$ 3252.835,100
3392,14:11:29,$ 3253.20,100
3393,14:11:29,$ 3253.66,100
3394,14:11:29,$ 3253.66,100
3395,14:11:29,$ 3253.66,100
3396,14:11:25,$ 3253.70,200
3397,14:11:23,$ 3253.56,100
3398,14:11:22,$ 3253.56,100
3400,14:11:22,$ 3253.56,100
3401,14:10:53,$ 3254.00,100
3402,14:10:45,$ 3254.065,100
3403,14:10:43,$ 3254.00,100
3404,14:10:42,$ 3254.01,100
3405,14:10:42,$ 3254.11,100
3406,14:10:42,$ 3254.11,100
3407,14:10:40,$ 3254.015,100
3408,14:10:36,$ 3254.00,100
3409,14:10:33,$ 3254.01,100
3410,14:10:32,$ 3254.02,200
3411,14:10:32,$ 3254.00,100
3412,14:10:32,$ 3254.11,100
3413,14:10:17,$ 3253.01,100
3414,14:10:17,$ 3253.11,100
3415,14:10:11,$ 3252.65,100
3416,14:10:11,$ 3252.43,100
3417,14:10:11,$ 3252.39,100
3418,14:09:44,$ 3253.55,100
3419,14:09:32,$ 3252.92,100
3421,14:09:32,$ 3252.88,100
3422,14:09:32,$ 3252.31,100
3423,14:09:29,$ 3252.085,100
3424,14:09:29,$ 3252.47,100
3425,14:09:27,$ 3251.58,100
3426,14:09:19,$ 3252.97,100
3427,14:09:19,$ 3252.97,502
3428,14:09:19,$ 3252.97,100
3429,14:09:19,$ 3252.97,100
3430,14:08:29,$ 3253.25,100
3431,14:08:21,$ 3253.555,141
3432,14:08:16,$ 3253.475,116
3433,14:07:55,$ 3254.02,100
3434,14:07:55,$ 3254.01,100
3435,14:07:55,$ 3254.01,100
3436,14:07:09,$ 3254.02,100
3437,14:07:09,$ 3254.00,100
3438,14:06:48,$ 3254.605,100
3439,14:06:35,$ 3254.75,100
3440,14:06:33,$ 3254.47,100
3442,14:06:23,$ 3254.16,100
3443,14:06:19,$ 3254.47,134
3444,14:06:05,$ 3254.715,100
3445,14:06:00,$ 3254.88,207
3446,14:06:00,$ 3254.85,100
3447,14:06:00,$ 3254.87,100
3448,14:06:00,$ 3254.88,100
3449,14:06:00,$ 3255.10,100
3450,14:05:50,$ 3255.54,296
3451,14:05:40,$ 3257.28,152
3452,14:05:40,$ 3255.20,628
3453,14:05:27,$ 3255.90,250
3454,14:05:23,$ 3256.19,100
3455,14:05:15,$ 3255.23,100
3456,14:04:57,$ 3255.92,100
3457,14:04:38,$ 3256.65,100
3458,14:04:36,$ 3256.99,100
3459,14:04:36,$ 3257.00,100
3460,14:04:36,$ 3256.42,100
3461,14:04:32,$ 3256.35,100
3463,14:04:32,$ 3255.61,100
3464,14:04:32,$ 3255.61,100
3465,14:04:32,$ 3255.61,100
3466,14:04:32,$ 3255.61,100
3467,14:04:20,$ 3254.86,100
3468,14:04:12,$ 3254.41,100
3469,14:04:05,$ 3253.7667,150
3470,14:04:04,$ 3254.01,100
3471,14:04:04,$ 3254.01,100
3472,14:04:04,$ 3254.01,100
3473,14:04:04,$ 3254.01,164
3474,14:04:04,$ 3254.01,100
3475,14:04:04,$ 3254.01,100
3476,14:04:04,$ 3253.925,100
3477,14:03:59,$ 3253.62,100
3478,14:03:05,$ 3254.4338,100
3479,14:02:58,$ 3254.07,100
3480,14:02:52,$ 3253.39,100
3481,14:02:40,$ 3252.69,100
3482,14:02:31,$ 3252.77,100
3484,14:02:12,$ 3252.61,100
3485,14:01:58,$ 3252.82,103
3486,14:01:48,$ 3252.6775,100
3487,14:01:33,$ 3252.58,100
3488,14:01:15,$ 3251.94,100
3489,14:01:15,$ 3251.99,100
3490,14:01:13,$ 3252.24,297
3491,14:01:07,$ 3251.95,100
3492,14:01:07,$ 3252.07,100
3493,14:01:07,$ 3252.05,100
3494,14:01:06,$ 3252.10,100
3495,14:00:48,$ 3252.00,233
3496,14:00:48,$ 3252.39,200
3497,14:00:48,$ 3252.61,100
3498,14:00:43,$ 3253.09,100
3499,14:00:36,$ 3253.01,100
3500,14:00:32,$ 3253.9987,271
3501,14:00:28,$ 3253.30,100
3503,14:59:51,$ 3254.00,100
3504,14:59:48,$ 3255.29,100
3505,14:59:33,$ 3256.35,100
3506,14:59:33,$ 3256.33,100
3507,14:59:25,$ 3256.2277,245
3508,14:59:09,$ 3256.06,100
3509,14:59:00,$ 3255.82,101
3510,14:58:37,$ 3255.40,100
3511,14:58:37,$ 3255.40,100
3512,14:58:37,$ 3255.40,100
3513,14:58:37,$ 3255.40,243
3514,14:58:34,$ 3255.94,100
3515,14:58:33,$ 3256.47,100
3516,14:58:21,$ 3255.9061,300
3517,14:57:56,$ 3256.31,100
3518,14:57:27,$ 3256.2711,100
3519,14:57:13,$ 3258.34,100
3520,14:57:11,$ 3260.2299,200
3521,14:56:44,$ 3260.81,100
3522,14:56:34,$ 3259.79,100
3524,14:56:34,$ 3259.695,154
3525,14:56:33,$ 3260.3174,153
3526,14:56:32,$ 3259.70,500
3527,14:56:30,$ 3259.05,100
3528,14:56:16,$ 3258.97,100
3529,14:56:15,$ 3258.97,100
3530,14:56:09,$ 3258.96,100
3531,14:56:09,$ 3258.96,100
3532,14:56:09,$ 3259.11,400
3533,14:56:09,$ 3259.2399,100
3534,14:56:09,$ 3259.184,145
3535,14:56:09,$ 3259.044,189
3536,14:56:09,$ 3259.075,100
3537,14:56:07,$ 3259.32,100
3538,14:56:06,$ 3259.58,100
3539,14:56:06,$ 3259.53,100
3540,14:55:47,$ 3260.92,100
3541,14:55:47,$ 3260.55,100
3542,14:55:47,$ 3260.72,100
3543,14:55:47,$ 3260.92,100
3545,14:55:47,$ 3260.74,100
3546,14:55:47,$ 3260.74,100
3547,14:55:44,$ 3261.06,100
3548,14:55:44,$ 3261.07,100
3549,14:55:44,$ 3261.07,100
3550,14:55:44,$ 3261.07,100
3551,14:55:37,$ 3261.08,100
3552,14:55:34,$ 3260.795,100
3553,14:55:18,$ 3260.50,100
3554,14:55:03,$ 3260.1949,134
3555,14:54:58,$ 3260.46,160
3556,14:54:49,$ 3259.73,101
3557,14:54:34,$ 3260.105,100
3558,14:54:26,$ 3260.49,100
3559,14:54:24,$ 3260.49,875
3560,14:54:23,$ 3260.47,100
3561,14:54:23,$ 3260.50,200
3562,14:54:13,$ 3260.27,110
3563,14:53:45,$ 3260.06,100
3564,14:53:38,$ 3259.99,100
3566,14:53:38,$ 3260.00,132
3567,14:53:19,$ 3259.00,100
3568,14:53:18,$ 3258.78,100
3569,14:53:15,$ 3257.96,100
3570,14:53:13,$ 3258.58,100
3571,14:53:10,$ 3257.99,100
3572,14:53:08,$ 3258.00,100
3573,14:53:02,$ 3256.52,100
3574,14:51:01,$ 3256.29,100
3575,14:50:18,$ 3255.3875,100
3576,14:50:17,$ 3255.8882,300
3577,14:50:07,$ 3255.12,100
3578,14:49:50,$ 3256.32,100
3579,14:48:35,$ 3256.02,100
3580,14:48:32,$ 3255.91,100
3581,14:48:00,$ 3256.09,150
3582,14:47:02,$ 3255.16,100
3583,14:46:53,$ 3255.46,100
3584,14:46:50,$ 3255.00,401
3585,14:46:47,$ 3255.57,100
3587,14:46:19,$ 3255.61,100
3588,14:46:15,$ 3255.62,100
3589,14:46:11,$ 3255.15,100
3590,14:45:54,$ 3254.905,100
3591,14:45:36,$ 3255.55,100
3592,14:45:24,$ 3254.98,113
3593,14:45:24,$ 3255.25,100
3594,14:45:03,$ 3255.24,100
3595,14:43:54,$ 3255.19,100
3596,14:43:04,$ 3255.07,100
3597,14:42:47,$ 3255.075,100
3598,14:42:47,$ 3254.87,100
3599,14:41:58,$ 3255.44,100
3600,14:41:51,$ 3255.41,100
3601,14:40:20,$ 3252.93,100
3602,14:40:08,$ 3253.13,100
3603,14:39:58,$ 3253.03,100
3604,14:39:57,$ 3253.19,100
3605,14:39:41,$ 3253.29,100
3606,14:39:33,$ 3253.7082,100
3608,14:38:39,$ 3253.37,100
3609,14:38:03,$ 3253.59,100
3610,14:38:02,$ 3254.09,200
3611,14:38:02,$ 3254.05,100
3612,14:37:53,$ 3253.78,100
3613,14:37:49,$ 3253.6362,100
3614,14:37:40,$ 3254.27,100
3615,14:37:12,$ 3254.61,100
3616,14:37:10,$ 3255.025,100
3617,14:37:01,$ 3254.7161,100
3618,14:36:54,$ 3254.76,100
3619,14:36:47,$ 3255.76,100
3620,14:36:47,$ 3255.69,100
3621,14:36:18,$ 3257.575,100
3622,14:36:15,$ 3257.00,100
3623,14:36:15,$ 3256.99,100
3624,14:36:15,$ 3257.00,290
3625,14:36:15,$ 3256.99,100
3626,14:36:15,$ 3257.00,100
3627,14:36:04,$ 3256.65,100
3629,14:35:58,$ 3256.8344,100
3630,14:35:50,$ 3257.25,100
3631,14:35:26,$ 3256.20,119
3632,14:34:52,$ 3256.48,109
3633,14:34:46,$ 3256.225,144
3634,14:34:29,$ 3256.30,100
3635,14:34:11,$ 3256.325,100
3636,14:34:09,$ 3256.3823,100
3637,14:33:28,$ 3255.2501,210
3638,14:33:10,$ 3255.57,100
3639,14:33:09,$ 3256.1751,100
3640,14:33:02,$ 3255.474,162
3641,14:33:02,$ 3255.94,100
3642,14:33:02,$ 3255.94,100
3643,14:32:59,$ 3256.24,100
3644,14:32:56,$ 3256.72,150
3645,14:32:50,$ 3256.63,100
3646,14:32:50,$ 3256.63,100
3647,14:32:50,$ 3256.86,"1,000"
3648,14:32:49,$ 3257.20,100
3650,14:32:48,$ 3257.53,100
3651,14:32:48,$ 3256.73,100
3652,14:32:48,$ 3257.305,100
3653,14:32:48,$ 3257.20,100
3654,14:32:48,$ 3257.20,100
3655,14:32:48,$ 3257.30,100
3656,14:32:18,$ 3258.055,100
3657,14:32:08,$ 3257.55,100
3658,14:31:51,$ 3257.67,200
3659,14:31:43,$ 3257.48,100
3660,14:31:18,$ 3257.705,100
3661,14:31:08,$ 3258.03,100
3662,14:31:08,$ 3258.265,100
3663,14:30:37,$ 3259.6687,100
3664,14:30:37,$ 3259.13,100
3665,14:30:37,$ 3259.11,100
3666,14:30:22,$ 3259.12,100
3668,15:29:59,$ 3250.75,100
3669,15:29:55,$ 3251.08,100
3670,15:29:50,$ 3251.425,100
3671,15:29:34,$ 3251.414,100
3672,15:29:34,$ 3251.23,100
3673,15:29:34,$ 3251.27,100
3674,15:29:34,$ 3251.37,100
3675,15:29:32,$ 3250.7383,100
3676,15:29:23,$ 3250.815,200
3677,15:29:20,$ 3250.82,100
3678,15:29:20,$ 3251.06,100
3679,15:29:16,$ 3251.15,100
3680,15:29:16,$ 3251.15,100
3681,15:29:13,$ 3251.715,100
3682,15:28:54,$ 3252.015,100
3683,15:28:52,$ 3252.00,100
3684,15:28:52,$ 3252.00,100
3685,15:28:48,$ 3252.48,100
3686,15:28:48,$ 3252.69,100
3687,15:28:48,$ 3252.48,100
3689,15:28:48,$ 3252.49,100
3690,15:28:40,$ 3252.00,100
3691,15:28:40,$ 3252.00,100
3692,15:28:40,$ 3252.00,100
3693,15:28:40,$ 3252.00,100
3694,15:28:40,$ 3252.00,100
3695,15:28:40,$ 3252.00,100
3696,15:28:40,$ 3252.00,104
3697,15:28:35,$ 3252.00,100
3698,15:28:04,$ 3250.845,100
3699,15:27:57,$ 3250.665,100
3700,15:27:26,$ 3250.3628,100
3701,15:27:15,$ 3250.6766,100
3702,15:27:06,$ 3249.74,108
3703,15:26:56,$ 3249.0299,155
3704,15:26:53,$ 3248.73,100
3705,15:26:19,$ 3248.73,100
3706,15:26:19,$ 3248.73,100
3707,15:26:14,$ 3249.51,100
3708,15:26:13,$ 3249.33,100
3710,15:26:07,$ 3249.80,200
3711,15:25:03,$ 3251.23,100
3712,15:24:50,$ 3251.925,100
3713,15:24:48,$ 3251.28,100
3714,15:24:48,$ 3251.28,123
3715,15:24:48,$ 3251.28,172
3716,15:24:44,$ 3252.125,100
3717,15:24:44,$ 3252.125,100
3718,15:24:42,$ 3252.27,"2,200"
3719,15:24:38,$ 3251.965,100
3720,15:24:34,$ 3251.64,102
3721,15:24:27,$ 3252.00,100
3722,15:24:27,$ 3252.00,210
3723,15:24:26,$ 3252.00,100
3724,15:24:23,$ 3252.00,100
3725,15:24:08,$ 3250.93,100
3726,15:24:07,$ 3251.41,142
3727,15:23:58,$ 3252.00,300
3728,15:23:19,$ 3251.88,100
3729,15:23:15,$ 3251.50,100
3731,15:23:06,$ 3252.00,110
3732,15:23:05,$ 3252.00,100
3733,15:22:19,$ 3251.4779,100
3734,15:22:14,$ 3251.33,100
3735,15:22:14,$ 3251.33,100
3736,15:22:14,$ 3251.225,100
3737,15:22:14,$ 3251.225,100
3738,15:22:12,$ 3250.895,100
3739,15:22:11,$ 3250.895,100
3740,15:22:11,$ 3250.92,100
3741,15:22:11,$ 3250.895,100
3742,15:22:10,$ 3251.3125,100
3743,15:22:10,$ 3250.895,100
3744,15:21:42,$ 3251.27,100
3745,15:21:17,$ 3250.085,100
3746,15:21:08,$ 3249.74,100
3747,15:20:51,$ 3248.475,100
3748,15:20:51,$ 3249.00,100
3749,15:20:51,$ 3249.00,100
3750,15:20:25,$ 3249.00,100
3752,15:20:00,$ 3250.27,100
3753,15:19:56,$ 3250.00,100
3754,15:19:28,$ 3248.995,100
3755,15:19:27,$ 3249.34,100
3756,15:19:21,$ 3249.13,100
3757,15:19:20,$ 3249.23,100
3758,15:18:40,$ 3248.961,100
3759,15:18:30,$ 3248.316,287
3760,15:18:21,$ 3248.16,116
3761,15:18:20,$ 3248.15,100
3762,15:18:16,$ 3248.05,100
3763,15:18:14,$ 3248.09,100
3764,15:18:14,$ 3248.19,100
3765,15:18:14,$ 3248.15,100
3766,15:18:14,$ 3247.82,100
3767,15:18:11,$ 3248.45,100
3768,15:18:11,$ 3248.18,100
3769,15:17:56,$ 3248.965,100
3770,15:17:41,$ 3248.37,100
3771,15:17:34,$ 3248.62,100
3773,15:17:33,$ 3248.62,100
3774,15:17:23,$ 3248.445,100
3775,15:17:23,$ 3248.68,100
3776,15:17:21,$ 3248.00,100
3777,15:17:06,$ 3248.685,100
3778,15:17:04,$ 3248.30,100
3779,15:16:48,$ 3248.94,100
3780,15:16:17,$ 3250.00,200
3781,15:16:17,$ 3250.10,100
3782,15:16:17,$ 3250.08,100
3783,15:16:15,$ 3250.06,100
3784,15:15:37,$ 3251.00,100
3785,15:15:27,$ 3251.285,100
3786,15:15:26,$ 3251.175,100
3787,15:15:19,$ 3251.22,100
3788,15:15:19,$ 3251.03,100
3789,15:15:19,$ 3251.23,100
3790,15:15:07,$ 3251.852,100
3791,15:15:06,$ 3252.015,100
3792,15:15:06,$ 3252.00,100
3794,15:15:06,$ 3252.00,100
3795,15:15:06,$ 3252.00,100
3796,15:15:06,$ 3252.00,100
3797,15:15:00,$ 3252.165,100
3798,15:15:00,$ 3252.165,100
3799,15:15:00,$ 3252.015,100
3800,15:15:00,$ 3251.96,100
3801,15:14:53,$ 3251.22,100
3802,15:14:44,$ 3250.91,100
3803,15:14:44,$ 3250.80,100
3804,15:14:02,$ 3250.42,100
3805,15:13:59,$ 3250.30,100
3806,15:13:59,$ 3250.27,100
3807,15:13:47,$ 3250.61,100
3808,15:13:37,$ 3251.17,100
3809,15:13:37,$ 3251.17,100
3810,15:13:30,$ 3252.00,100
3811,15:13:30,$ 3252.00,100
3812,15:13:30,$ 3252.00,100
3813,15:13:29,$ 3252.00,100
3815,15:13:29,$ 3252.00,100
3816,15:13:28,$ 3252.005,100
3817,15:13:28,$ 3252.01,100
3818,15:13:28,$ 3252.01,100
3819,15:13:27,$ 3252.015,100
3820,15:13:27,$ 3252.015,100
