,NLS Time (ET),NLS Price,NLS Share Volume
1,09:59:42,$ 3397.30,108
2,09:59:42,$ 3397.35,100
3,09:59:42,$ 3398.09,100
4,09:59:42,$ 3398.04,100
5,09:59:42,$ 3398.25,100
6,09:59:41,$ 3398.655,100
7,09:59:39,$ 3398.48,100
8,09:59:39,$ 3398.42,141
9,09:59:39,$ 3398.42,115
10,09:59:39,$ 3398.42,144
11,09:59:39,$ 3398.91,100
12,09:59:39,$ 3398.935,100
13,09:59:28,$ 3398.42,100
14,09:59:18,$ 3398.965,100
15,09:59:15,$ 3398.76,115
16,09:59:15,$ 3398.76,125
17,09:59:15,$ 3398.76,115
18,09:59:07,$ 3397.4986,750
19,09:59:01,$ 3399.38,100
20,09:58:59,$ 3399.38,100
22,09:58:58,$ 3397.265,100
23,09:58:58,$ 3397.33,100
24,09:58:56,$ 3396.52,100
25,09:58:56,$ 3396.8299,100
26,09:58:54,$ 3397.45,250
27,09:58:54,$ 3397.12,100
28,09:58:53,$ 3397.27,100
29,09:58:48,$ 3395.515,100
30,09:58:35,$ 3395.43,100
31,09:58:35,$ 3395.47,100
32,09:58:35,$ 3395.22,100
33,09:58:35,$ 3395.47,100
34,09:58:35,$ 3395.43,100
35,09:58:20,$ 3394.07,100
36,09:58:15,$ 3394.94,100
37,09:58:15,$ 3395.88,100
38,09:58:15,$ 3395.88,100
39,09:58:15,$ 3395.05,100
40,09:58:15,$ 3395.21,100
41,09:58:15,$ 3395.20,100
43,09:58:15,$ 3395.20,100
44,09:58:14,$ 3394.00,100
45,09:58:06,$ 3393.855,100
46,09:58:03,$ 3394.48,200
47,09:57:51,$ 3391.54,100
48,09:57:51,$ 3391.50,189
49,09:57:51,$ 3391.50,111
50,09:57:45,$ 3392.39,100
51,09:57:45,$ 3393.18,294
52,09:57:45,$ 3392.42,100
53,09:57:45,$ 3392.42,100
54,09:57:40,$ 3392.02,100
55,09:57:38,$ 3392.9378,173
56,09:57:38,$ 3392.8318,110
57,09:57:38,$ 3392.8318,216
58,09:57:37,$ 3393.30,100
59,09:57:28,$ 3393.855,144
60,09:57:28,$ 3394.04,100
61,09:57:28,$ 3394.60,200
62,09:57:28,$ 3394.60,100
64,09:57:10,$ 3393.05,125
65,09:57:09,$ 3393.23,100
66,09:57:09,$ 3393.20,100
67,09:57:09,$ 3393.045,100
68,09:56:52,$ 3393.09,100
69,09:56:51,$ 3393.00,120
70,09:56:49,$ 3393.562,100
71,09:56:49,$ 3393.438,100
72,09:56:49,$ 3393.442,100
73,09:56:46,$ 3391.5724,100
74,09:56:38,$ 3391.0001,100
75,09:56:37,$ 3392.47,100
76,09:56:37,$ 3392.48,100
77,09:56:33,$ 3392.50,100
78,09:56:29,$ 3393.00,198
79,09:56:28,$ 3393.00,102
80,09:56:28,$ 3393.00,100
81,09:56:25,$ 3392.985,100
82,09:56:24,$ 3393.635,100
83,09:56:21,$ 3394.20,100
85,09:56:21,$ 3394.20,100
86,09:56:19,$ 3393.435,100
87,09:56:19,$ 3393.34,100
88,09:56:17,$ 3393.8775,300
89,09:56:17,$ 3394.425,200
90,09:56:17,$ 3395.00,100
91,09:56:17,$ 3395.27,100
92,09:56:17,$ 3395.00,300
93,09:56:17,$ 3395.01,100
94,09:56:15,$ 3395.98,100
95,09:56:10,$ 3395.945,100
96,09:56:07,$ 3396.035,127
97,09:56:07,$ 3396.00,100
98,09:55:54,$ 3396.01,100
99,09:55:54,$ 3396.01,100
100,09:55:54,$ 3397.00,200
101,09:55:50,$ 3398.00,100
102,09:55:47,$ 3399.18,100
103,09:55:47,$ 3399.40,100
104,09:55:45,$ 3398.75,100
106,09:55:45,$ 3399.50,100
107,09:55:45,$ 3399.01,100
108,09:55:45,$ 3399.11,100
109,09:55:45,$ 3399.05,100
110,09:55:45,$ 3399.01,100
111,09:55:42,$ 3399.95,100
112,09:55:38,$ 3400.315,100
113,09:55:25,$ 3399.215,136
114,09:55:11,$ 3399.115,100
115,09:55:11,$ 3399.115,100
116,09:54:59,$ 3401.1796,100
117,09:54:59,$ 3401.23,100
118,09:54:41,$ 3402.00,100
119,09:54:41,$ 3402.00,100
120,09:54:37,$ 3401.415,100
121,09:54:35,$ 3401.795,100
122,09:54:11,$ 3398.795,145
123,09:54:06,$ 3398.5179,100
124,09:54:00,$ 3398.11,265
125,09:54:00,$ 3398.383,100
127,09:54:00,$ 3397.90,100
128,09:53:58,$ 3398.75,100
129,09:53:58,$ 3398.02,100
130,09:53:44,$ 3398.02,100
131,09:53:42,$ 3399.00,100
132,09:53:41,$ 3400.00,495
133,09:53:41,$ 3400.00,100
134,09:53:39,$ 3400.00,100
135,09:53:34,$ 3400.99,400
136,09:53:28,$ 3399.90,100
137,09:53:28,$ 3399.90,100
138,09:53:27,$ 3400.205,116
139,09:53:27,$ 3399.90,100
140,09:53:27,$ 3400.00,140
141,09:53:27,$ 3399.91,100
142,09:53:27,$ 3399.90,100
143,09:53:27,$ 3399.90,100
144,09:53:27,$ 3399.90,100
145,09:53:27,$ 3399.90,100
146,09:53:22,$ 3400.62,100
148,09:53:15,$ 3399.9001,100
149,09:53:11,$ 3401.84,100
150,09:53:11,$ 3401.32,100
151,09:53:11,$ 3400.241,257
152,09:53:10,$ 3401.28,100
153,09:53:03,$ 3402.00,100
154,09:53:03,$ 3402.00,100
155,09:53:01,$ 3401.43,100
156,09:52:59,$ 3401.94,200
157,09:52:59,$ 3401.94,125
158,09:52:59,$ 3402.85,240
159,09:52:58,$ 3401.94,100
160,09:52:57,$ 3402.82,100
161,09:52:55,$ 3401.94,200
162,09:52:46,$ 3402.69,100
163,09:52:43,$ 3401.355,129
164,09:52:43,$ 3402.73,100
165,09:52:42,$ 3401.2064,100
166,09:52:37,$ 3404.17,100
167,09:52:27,$ 3403.37,100
169,09:52:21,$ 3404.52,100
170,09:52:21,$ 3404.56,100
171,09:52:21,$ 3404.9198,246
172,09:52:18,$ 3403.1895,100
173,09:52:17,$ 3403.65,100
174,09:52:17,$ 3403.20,100
175,09:52:09,$ 3403.77,100
176,09:52:08,$ 3403.39,100
177,09:52:02,$ 3403.98,100
178,09:52:02,$ 3404.005,100
179,09:52:02,$ 3402.99,100
180,09:51:59,$ 3402.02,126
181,09:51:43,$ 3401.01,100
182,09:51:42,$ 3401.815,100
183,09:51:42,$ 3401.92,100
184,09:51:42,$ 3401.80,100
185,09:51:42,$ 3401.94,100
186,09:51:42,$ 3401.01,100
187,09:51:42,$ 3400.51,100
188,09:51:41,$ 3401.31,100
190,09:51:37,$ 3401.28,100
191,09:51:37,$ 3399.68,100
192,09:51:35,$ 3399.445,100
193,09:51:35,$ 3399.04,100
194,09:51:35,$ 3399.11,100
195,09:51:35,$ 3399.00,212
196,09:51:35,$ 3399.00,100
197,09:51:35,$ 3399.00,127
198,09:51:19,$ 3399.99,100
199,09:51:18,$ 3399.60,100
200,09:51:18,$ 3399.50,100
201,09:51:11,$ 3400.03,100
202,09:51:11,$ 3399.98,100
203,09:51:06,$ 3401.5692,100
204,09:50:56,$ 3400.00,100
205,09:50:56,$ 3400.00,800
206,09:50:56,$ 3400.00,400
207,09:50:56,$ 3400.00,100
208,09:50:51,$ 3400.235,100
209,09:50:50,$ 3400.17,100
211,09:50:50,$ 3400.17,100
212,09:50:49,$ 3400.10,100
213,09:50:49,$ 3400.065,100
214,09:50:46,$ 3401.37,100
215,09:50:46,$ 3401.53,100
216,09:50:44,$ 3402.265,250
217,09:50:43,$ 3402.7822,145
218,09:50:41,$ 3402.265,100
219,09:50:39,$ 3402.815,100
220,09:50:14,$ 3403.06,100
221,09:50:14,$ 3403.02,100
222,09:50:13,$ 3403.45,100
223,09:50:13,$ 3403.39,100
224,09:50:10,$ 3404.585,100
225,09:50:07,$ 3404.59,100
226,09:50:05,$ 3404.18,100
227,09:49:59,$ 3404.98,100
228,09:49:55,$ 3402.71,125
229,09:49:55,$ 3402.73,100
230,09:49:51,$ 3401.26,100
232,09:49:51,$ 3401.42,100
233,09:49:46,$ 3400.05,100
234,09:49:46,$ 3400.00,100
235,09:49:26,$ 3401.00,100
236,09:49:25,$ 3403.4279,750
237,09:49:25,$ 3402.345,100
238,09:49:05,$ 3401.41,100
239,09:49:04,$ 3402.13,100
240,09:48:49,$ 3404.05,100
241,09:48:48,$ 3404.06,150
242,09:48:34,$ 3404.59,100
243,09:48:14,$ 3405.20,100
244,09:48:14,$ 3405.81,100
245,09:48:09,$ 3405.28,100
246,09:48:09,$ 3405.38,100
247,09:48:00,$ 3402.54,250
248,09:47:55,$ 3403.75,100
249,09:47:55,$ 3403.75,100
250,09:47:55,$ 3403.75,100
251,09:47:49,$ 3405.32,150
253,09:47:48,$ 3403.75,100
254,09:47:45,$ 3404.84,100
255,09:47:45,$ 3404.84,100
256,09:47:45,$ 3404.84,100
257,09:47:45,$ 3404.84,100
258,09:47:32,$ 3401.991,100
259,09:47:29,$ 3402.157,100
260,09:47:28,$ 3402.67,100
261,09:47:27,$ 3403.74,100
262,09:47:26,$ 3403.47,200
263,09:47:18,$ 3403.68,100
264,09:47:11,$ 3405.00,197
265,09:47:11,$ 3405.085,100
266,09:47:11,$ 3405.06,100
267,09:47:11,$ 3405.09,100
268,09:47:11,$ 3405.537,375
269,09:47:11,$ 3405.895,100
270,09:47:10,$ 3405.93,100
271,09:47:07,$ 3407.065,100
272,09:47:06,$ 3405.89,100
274,09:47:04,$ 3406.0686,100
275,09:46:38,$ 3404.50,200
276,09:46:32,$ 3407.00,100
277,09:46:31,$ 3406.495,100
278,09:46:31,$ 3406.505,100
279,09:46:30,$ 3406.50,100
280,09:46:26,$ 3407.01,100
281,09:46:26,$ 3407.06,100
282,09:46:19,$ 3407.68,100
283,09:46:16,$ 3408.33,100
284,09:46:14,$ 3408.74,100
285,09:46:08,$ 3408.75,100
286,09:46:08,$ 3408.76,100
287,09:46:08,$ 3410.01,100
288,09:46:08,$ 3409.27,100
289,09:46:08,$ 3408.74,100
290,09:46:08,$ 3408.74,114
291,09:46:08,$ 3410.02,100
292,09:46:08,$ 3410.00,100
293,09:46:00,$ 3411.41,100
295,09:45:59,$ 3411.94,100
296,09:45:48,$ 3411.37,100
297,09:45:48,$ 3411.62,100
298,09:45:34,$ 3411.47,100
299,09:45:34,$ 3411.16,100
300,09:45:34,$ 3411.39,100
301,09:45:29,$ 3409.62,100
302,09:45:29,$ 3409.65,100
303,09:45:21,$ 3409.91,192
304,09:45:15,$ 3408.90,100
305,09:45:14,$ 3408.90,100
306,09:45:12,$ 3410.45,100
307,09:45:09,$ 3409.8813,100
308,09:45:08,$ 3410.18,100
309,09:45:08,$ 3408.90,100
310,09:45:06,$ 3411.41,100
311,09:45:04,$ 3412.52,100
312,09:45:04,$ 3412.45,100
313,09:45:01,$ 3411.295,500
314,09:45:00,$ 3410.00,100
316,09:45:00,$ 3409.07,100
317,09:45:00,$ 3409.65,100
318,09:45:00,$ 3409.68,100
319,09:45:00,$ 3408.90,100
320,09:44:58,$ 3408.09,100
321,09:44:57,$ 3407.4505,"1,000"
322,09:44:47,$ 3406.56,100
323,09:44:45,$ 3406.56,100
324,09:44:42,$ 3406.82,100
325,09:44:40,$ 3407.76,310
326,09:44:40,$ 3407.724,100
327,09:44:37,$ 3407.02,100
328,09:44:36,$ 3404.0663,285
329,09:44:36,$ 3405.90,100
330,09:44:34,$ 3407.00,140
331,09:44:34,$ 3406.74,100
332,09:44:32,$ 3406.16,100
333,09:44:31,$ 3404.0057,125
334,09:44:28,$ 3405.62,100
335,09:44:26,$ 3407.44,124
337,09:44:26,$ 3407.44,114
338,09:44:26,$ 3407.44,256
339,09:44:26,$ 3407.44,401
340,09:44:26,$ 3407.68,100
341,09:44:25,$ 3407.44,300
342,09:44:25,$ 3407.805,100
343,09:44:23,$ 3408.205,100
344,09:44:23,$ 3407.44,100
345,09:44:13,$ 3408.01,100
346,09:44:13,$ 3407.70,115
347,09:44:12,$ 3407.526,100
348,09:44:11,$ 3408.02,100
349,09:44:11,$ 3408.01,100
350,09:44:11,$ 3408.02,100
351,09:44:11,$ 3408.01,100
352,09:44:11,$ 3408.05,100
353,09:44:09,$ 3408.615,240
354,09:44:08,$ 3409.20,100
355,09:44:04,$ 3409.28,100
356,09:43:57,$ 3406.78,200
358,09:43:54,$ 3408.23,100
359,09:43:53,$ 3407.03,100
360,09:43:53,$ 3407.04,200
361,09:43:53,$ 3406.86,100
362,09:43:53,$ 3406.86,100
363,09:43:52,$ 3407.25,100
364,09:43:52,$ 3406.50,100
365,09:43:51,$ 3407.25,295
366,09:43:51,$ 3407.00,100
367,09:43:50,$ 3405.0006,100
368,09:43:49,$ 3406.27,100
369,09:43:49,$ 3406.27,100
370,09:43:49,$ 3406.28,100
371,09:43:37,$ 3405.27,100
372,09:43:33,$ 3406.09,100
373,09:43:32,$ 3406.097,500
374,09:43:31,$ 3404.64,100
375,09:43:31,$ 3405.00,100
376,09:43:31,$ 3404.80,100
377,09:43:28,$ 3403.34,100
379,09:43:27,$ 3402.6852,200
380,09:43:26,$ 3402.51,100
381,09:43:19,$ 3402.61,100
382,09:43:19,$ 3402.27,100
383,09:43:19,$ 3401.68,100
384,09:43:19,$ 3401.72,100
385,09:43:19,$ 3403.34,"1,000"
386,09:43:16,$ 3403.315,200
387,09:43:15,$ 3403.5458,289
388,09:43:09,$ 3401.5901,100
389,09:43:09,$ 3402.42,100
390,09:43:09,$ 3402.9362,500
391,09:43:08,$ 3402.93,100
392,09:43:07,$ 3402.94,100
393,09:43:01,$ 3401.732,443
394,09:43:00,$ 3401.16,100
395,09:43:00,$ 3401.32,100
396,09:43:00,$ 3401.42,100
397,09:43:00,$ 3400.00,100
398,09:42:59,$ 3400.30,100
400,09:42:48,$ 3400.00,100
401,09:42:48,$ 3400.00,100
402,09:42:47,$ 3401.22,100
403,09:42:32,$ 3398.95,100
404,09:42:31,$ 3398.11,100
405,09:42:31,$ 3398.00,200
406,09:42:31,$ 3398.00,197
407,09:42:31,$ 3398.40,100
408,09:42:31,$ 3398.41,100
409,09:42:30,$ 3396.4711,100
410,09:42:29,$ 3396.22,100
411,09:42:29,$ 3397.02,100
412,09:42:29,$ 3396.00,100
413,09:42:29,$ 3396.00,100
414,09:42:23,$ 3396.99,100
415,09:42:23,$ 3396.88,100
416,09:42:22,$ 3396.155,100
417,09:42:21,$ 3395.31,100
418,09:42:21,$ 3396.38,100
419,09:42:20,$ 3395.49,100
421,09:42:20,$ 3395.49,100
422,09:42:20,$ 3395.69,100
423,09:42:18,$ 3396.56,100
424,09:42:18,$ 3395.0101,100
425,09:42:15,$ 3396.06,100
426,09:42:12,$ 3396.955,400
427,09:42:04,$ 3396.85,100
428,09:42:01,$ 3396.11,100
429,09:42:00,$ 3396.27,101
430,09:42:00,$ 3397.00,100
431,09:42:00,$ 3397.00,100
432,09:41:54,$ 3397.91,100
433,09:41:50,$ 3398.43,100
434,09:41:46,$ 3398.11,100
435,09:41:40,$ 3399.99,100
436,09:41:40,$ 3398.87,100
437,09:41:40,$ 3398.91,100
438,09:41:40,$ 3398.91,100
439,09:41:40,$ 3398.91,100
440,09:41:37,$ 3398.00,100
442,09:41:32,$ 3398.8158,100
443,09:41:30,$ 3398.03,100
444,09:41:29,$ 3398.635,100
445,09:41:29,$ 3398.635,100
446,09:41:29,$ 3398.635,100
447,09:41:29,$ 3398.635,100
448,09:41:29,$ 3398.635,100
449,09:41:29,$ 3398.99,100
450,09:41:28,$ 3398.99,100
451,09:41:27,$ 3398.99,100
452,09:41:27,$ 3398.92,100
453,09:41:27,$ 3398.42,100
454,09:41:26,$ 3399.83,100
455,09:41:25,$ 3399.607,161
456,09:41:22,$ 3396.05,100
457,09:41:22,$ 3397.59,100
458,09:41:22,$ 3397.58,100
459,09:41:16,$ 3398.705,100
460,09:41:02,$ 3399.16,100
461,09:41:02,$ 3398.05,100
463,09:41:00,$ 3398.67,100
464,09:40:58,$ 3397.31,100
465,09:40:58,$ 3397.755,100
466,09:40:58,$ 3398.47,100
467,09:40:57,$ 3399.17,130
468,09:40:57,$ 3400.02,100
469,09:40:57,$ 3401.21,100
470,09:40:57,$ 3400.50,100
471,09:40:57,$ 3400.99,100
472,09:40:57,$ 3400.50,100
473,09:40:53,$ 3399.84,100
474,09:40:53,$ 3400.09,100
475,09:40:52,$ 3399.175,150
476,09:40:50,$ 3399.17,100
477,09:40:47,$ 3400.07,593
478,09:40:43,$ 3397.12,100
479,09:40:43,$ 3397.02,100
480,09:40:31,$ 3396.10,100
481,09:40:28,$ 3394.84,100
482,09:40:26,$ 3395.00,100
484,09:40:25,$ 3394.8679,100
485,09:40:25,$ 3395.68,105
486,09:40:22,$ 3395.407,200
487,09:40:08,$ 3396.5981,100
488,09:40:04,$ 3398.69,180
489,09:39:54,$ 3396.02,100
490,09:39:50,$ 3401.22,100
491,09:39:49,$ 3399.28,100
492,09:39:44,$ 3400.23,100
493,09:39:43,$ 3399.33,100
494,09:39:43,$ 3399.26,100
495,09:39:37,$ 3399.04,100
496,09:39:37,$ 3399.69,100
497,09:39:31,$ 3398.25,100
498,09:39:31,$ 3398.25,100
499,09:39:25,$ 3397.02,100
500,09:39:23,$ 3397.65,200
501,09:39:23,$ 3398.00,100
502,09:39:22,$ 3397.435,100
503,09:39:22,$ 3397.435,100
505,09:39:22,$ 3397.435,100
506,09:39:21,$ 3397.99,100
507,09:39:18,$ 3397.215,100
508,09:39:18,$ 3398.42,100
509,09:39:18,$ 3398.30,100
510,09:39:18,$ 3398.42,100
511,09:39:17,$ 3398.42,100
512,09:39:17,$ 3398.42,100
513,09:39:16,$ 3397.215,300
514,09:39:09,$ 3396.4075,100
515,09:39:09,$ 3396.4075,100
516,09:39:09,$ 3396.395,100
517,09:39:09,$ 3396.395,100
518,09:39:09,$ 3396.395,100
519,09:39:09,$ 3396.4175,100
520,09:39:09,$ 3396.4175,100
521,09:39:09,$ 3396.99,100
522,09:39:09,$ 3397.00,172
523,09:39:08,$ 3395.641,250
524,09:39:05,$ 3395.615,100
526,09:39:01,$ 3395.59,200
527,09:38:55,$ 3395.795,"1,500"
528,09:38:55,$ 3395.795,"1,000"
529,09:38:54,$ 3394.09,100
530,09:38:53,$ 3395.79,100
531,09:38:53,$ 3396.41,100
532,09:38:53,$ 3395.24,100
533,09:38:53,$ 3395.54,100
534,09:38:53,$ 3395.57,107
535,09:38:52,$ 3395.00,167
536,09:38:52,$ 3395.00,117
537,09:38:49,$ 3395.155,200
538,09:38:49,$ 3395.50,200
539,09:38:47,$ 3395.23,100
540,09:38:47,$ 3395.13,100
541,09:38:47,$ 3394.9175,200
542,09:38:42,$ 3394.99,100
543,09:38:42,$ 3395.00,179
544,09:38:42,$ 3395.00,185
545,09:38:41,$ 3393.928,100
547,09:38:35,$ 3392.7101,230
548,09:38:33,$ 3394.16,100
549,09:38:31,$ 3392.83,100
550,09:38:31,$ 3393.08,100
551,09:38:25,$ 3393.0953,100
552,09:38:19,$ 3395.43,100
553,09:38:19,$ 3395.22,100
554,09:38:11,$ 3394.13,100
555,09:38:10,$ 3393.00,100
556,09:38:10,$ 3393.09,100
557,09:38:10,$ 3393.03,110
558,09:38:08,$ 3395.275,400
559,09:38:04,$ 3394.92,100
560,09:38:04,$ 3395.74,100
561,09:37:56,$ 3395.60,100
562,09:37:54,$ 3396.0025,100
563,09:37:51,$ 3397.49,100
564,09:37:51,$ 3397.62,100
565,09:37:51,$ 3397.26,200
566,09:37:51,$ 3396.97,100
568,09:37:51,$ 3398.72,100
569,09:37:50,$ 3396.90,100
570,09:37:49,$ 3397.49,100
571,09:37:49,$ 3397.92,100
572,09:37:49,$ 3398.68,100
573,09:37:49,$ 3398.66,100
574,09:37:48,$ 3398.8223,240
575,09:37:44,$ 3400.565,250
576,09:37:43,$ 3401.3799,100
577,09:37:43,$ 3401.37,100
578,09:37:40,$ 3399.11,200
579,09:37:40,$ 3399.00,100
580,09:37:40,$ 3399.11,101
581,09:37:40,$ 3399.11,100
582,09:37:37,$ 3398.19,100
583,09:37:37,$ 3398.19,100
584,09:37:37,$ 3398.19,100
585,09:37:37,$ 3397.50,100
586,09:37:36,$ 3396.74,100
587,09:37:35,$ 3397.31,100
589,09:37:35,$ 3397.28,179
590,09:37:35,$ 3396.47,100
591,09:37:33,$ 3396.445,500
592,09:37:32,$ 3396.19,200
593,09:37:31,$ 3395.54,300
594,09:37:31,$ 3395.53,100
595,09:37:31,$ 3395.52,200
596,09:37:31,$ 3395.51,200
597,09:37:31,$ 3395.51,100
598,09:37:31,$ 3395.51,100
599,09:37:31,$ 3395.00,111
600,09:37:31,$ 3395.00,200
601,09:37:31,$ 3394.99,100
602,09:37:27,$ 3394.07,100
603,09:37:27,$ 3394.08,100
604,09:37:27,$ 3393.99,100
605,09:37:27,$ 3394.09,189
606,09:37:27,$ 3394.09,100
607,09:37:17,$ 3391.41,100
608,09:37:16,$ 3394.41,100
610,09:37:13,$ 3393.55,100
611,09:37:13,$ 3394.355,100
612,09:37:13,$ 3394.33,100
613,09:37:12,$ 3392.32,108
614,09:37:11,$ 3393.4405,294
615,09:37:11,$ 3392.69,100
616,09:37:08,$ 3393.15,100
617,09:37:07,$ 3393.99,100
618,09:37:07,$ 3393.99,188
619,09:37:07,$ 3392.5535,100
620,09:37:06,$ 3393.00,100
621,09:37:06,$ 3393.00,100
622,09:37:05,$ 3393.66,100
623,09:37:05,$ 3393.69,100
624,09:37:00,$ 3395.53,132
625,09:36:59,$ 3394.57,125
626,09:36:54,$ 3393.60,157
627,09:36:54,$ 3395.21,128
628,09:36:53,$ 3395.00,200
629,09:36:53,$ 3395.00,200
631,09:36:49,$ 3391.04,300
632,09:36:45,$ 3394.08,100
633,09:36:44,$ 3395.63,100
634,09:36:44,$ 3395.00,107
635,09:36:44,$ 3395.00,100
636,09:36:41,$ 3392.42,115
637,09:36:41,$ 3392.50,100
638,09:36:40,$ 3393.05,100
639,09:36:40,$ 3394.025,100
640,09:36:38,$ 3395.22,119
641,09:36:38,$ 3395.21,125
642,09:36:36,$ 3392.525,273
643,09:36:35,$ 3393.88,100
644,09:36:28,$ 3394.475,100
645,09:36:26,$ 3394.50,100
646,09:36:26,$ 3395.00,100
647,09:36:26,$ 3395.00,100
648,09:36:23,$ 3396.37,125
649,09:36:23,$ 3396.37,125
650,09:36:22,$ 3396.37,290
652,09:36:21,$ 3397.03,100
653,09:36:21,$ 3396.063,100
654,09:36:20,$ 3396.10,100
655,09:36:20,$ 3396.0965,100
656,09:36:20,$ 3395.31,196
657,09:36:19,$ 3394.2788,126
658,09:36:16,$ 3395.82,100
659,09:36:15,$ 3396.015,100
660,09:36:13,$ 3396.30,100
661,09:36:13,$ 3395.08,100
662,09:36:13,$ 3395.80,172
663,09:36:11,$ 3394.78,100
664,09:36:10,$ 3394.3613,500
665,09:36:09,$ 3392.20,100
666,09:36:09,$ 3392.61,100
667,09:36:09,$ 3395.80,100
668,09:36:09,$ 3392.01,100
669,09:36:09,$ 3394.43,100
670,09:36:09,$ 3395.16,100
671,09:36:09,$ 3395.16,100
673,09:36:09,$ 3395.16,100
674,09:36:06,$ 3396.46,100
675,09:36:05,$ 3398.26,100
676,09:36:03,$ 3398.03,120
677,09:36:02,$ 3398.00,100
678,09:36:02,$ 3398.07,100
679,09:36:01,$ 3398.98,200
680,09:35:59,$ 3401.40,195
681,09:35:59,$ 3398.37,145
682,09:35:59,$ 3398.37,255
683,09:35:59,$ 3399.37,129
684,09:35:59,$ 3399.37,101
685,09:35:59,$ 3399.37,152
686,09:35:53,$ 3402.3735,118
687,09:35:50,$ 3399.37,400
688,09:35:49,$ 3399.78,100
689,09:35:48,$ 3400.75,100
690,09:35:48,$ 3400.69,100
691,09:35:47,$ 3402.36,100
692,09:35:46,$ 3402.80,100
694,09:35:45,$ 3402.955,125
695,09:35:42,$ 3402.11,100
696,09:35:35,$ 3404.02,100
697,09:35:35,$ 3404.16,100
698,09:35:35,$ 3404.16,100
699,09:35:35,$ 3404.99,124
700,09:35:35,$ 3404.99,100
701,09:35:35,$ 3405.00,100
702,09:35:31,$ 3404.66,100
703,09:35:30,$ 3403.90,100
704,09:35:28,$ 3403.04,100
705,09:35:26,$ 3403.99,100
706,09:35:21,$ 3403.78,100
707,09:35:20,$ 3403.88,100
708,09:35:16,$ 3402.95,100
709,09:35:16,$ 3402.96,100
710,09:35:15,$ 3401.24,100
711,09:35:13,$ 3401.56,100
712,09:35:12,$ 3402.5515,150
713,09:35:11,$ 3401.4823,200
715,09:35:06,$ 3401.765,"1,000"
716,09:35:06,$ 3400.75,100
717,09:35:03,$ 3400.68,100
718,09:35:03,$ 3400.55,400
719,09:35:00,$ 3400.56,100
720,09:35:00,$ 3400.56,100
721,09:35:00,$ 3400.55,300
722,09:34:57,$ 3400.2457,200
723,09:34:49,$ 3400.6125,100
724,09:34:48,$ 3401.79,100
725,09:34:47,$ 3400.00,100
726,09:34:46,$ 3400.32,100
727,09:34:46,$ 3400.93,200
728,09:34:45,$ 3400.93,300
729,09:34:43,$ 3400.4873,100
730,09:34:37,$ 3400.94,100
731,09:34:33,$ 3401.8242,100
732,09:34:32,$ 3401.29,200
733,09:34:32,$ 3401.26,100
734,09:34:31,$ 3401.33,100
736,09:34:30,$ 3401.33,125
737,09:34:25,$ 3401.78,100
738,09:34:22,$ 3404.29,100
739,09:34:17,$ 3402.00,100
740,09:34:09,$ 3402.92,100
741,09:34:03,$ 3403.93,100
742,09:34:03,$ 3403.93,600
743,09:34:00,$ 3405.40,100
744,09:33:55,$ 3407.08,100
745,09:33:55,$ 3406.00,100
746,09:33:55,$ 3406.84,100
747,09:33:55,$ 3406.93,100
748,09:33:52,$ 3409.0699,100
749,09:33:49,$ 3405.365,100
750,09:33:49,$ 3405.205,100
751,09:33:49,$ 3406.60,100
752,09:33:48,$ 3410.2199,200
753,09:33:42,$ 3409.2025,100
754,09:33:42,$ 3410.12,100
755,09:33:42,$ 3410.07,100
757,09:33:35,$ 3414.4099,"1,000"
758,09:33:31,$ 3410.81,100
759,09:33:28,$ 3412.52,100
760,09:33:28,$ 3412.20,100
761,09:33:27,$ 3410.00,100
762,09:33:22,$ 3412.615,200
763,09:33:21,$ 3413.00,100
764,09:33:21,$ 3412.99,100
765,09:33:13,$ 3416.22,100
766,09:33:12,$ 3417.91,400
767,09:33:12,$ 3417.91,100
768,09:33:11,$ 3416.382,100
769,09:33:07,$ 3414.4201,420
770,09:33:05,$ 3416.575,300
771,09:33:04,$ 3416.0639,200
772,09:32:58,$ 3417.4174,493
773,09:32:58,$ 3416.0366,150
774,09:32:57,$ 3415.00,140
775,09:32:57,$ 3414.58,100
776,09:32:55,$ 3413.76,104
778,09:32:55,$ 3415.00,100
779,09:32:55,$ 3414.99,100
780,09:32:55,$ 3415.00,100
781,09:32:55,$ 3414.99,100
782,09:32:52,$ 3414.10,100
783,09:32:48,$ 3413.495,100
784,09:32:48,$ 3413.495,100
785,09:32:46,$ 3414.0617,250
786,09:32:41,$ 3413.58,100
787,09:32:36,$ 3412.895,100
788,09:32:36,$ 3412.72,100
789,09:32:36,$ 3412.22,100
790,09:32:33,$ 3415.63,100
791,09:32:33,$ 3417.123,125
792,09:32:24,$ 3419.00,100
793,09:32:24,$ 3418.355,100
794,09:32:22,$ 3417.92,175
795,09:32:22,$ 3418.00,100
796,09:32:21,$ 3416.89,100
797,09:32:21,$ 3417.00,100
799,09:32:20,$ 3417.9299,200
800,09:32:18,$ 3415.14,100
801,09:32:18,$ 3417.00,100
802,09:32:16,$ 3413.46,322
803,09:32:15,$ 3414.225,100
804,09:32:15,$ 3415.00,100
805,09:32:14,$ 3413.44,250
806,09:32:14,$ 3414.655,250
807,09:32:14,$ 3414.655,100
808,09:32:14,$ 3413.44,100
809,09:32:10,$ 3415.00,442
810,09:32:08,$ 3414.00,100
811,09:32:08,$ 3415.06,100
812,09:32:06,$ 3418.49,546
813,09:32:06,$ 3416.295,295
814,09:32:05,$ 3415.68,156
815,09:32:05,$ 3414.99,100
816,09:32:03,$ 3413.99,500
817,09:31:59,$ 3413.325,100
818,09:31:56,$ 3412.805,100
820,09:31:55,$ 3412.42,100
821,09:31:54,$ 3412.53,100
822,09:31:54,$ 3412.57,100
823,09:31:54,$ 3412.44,100
824,09:31:53,$ 3413.00,100
825,09:31:53,$ 3413.05,100
826,09:31:53,$ 3413.01,100
827,09:31:48,$ 3411.54,270
828,09:31:46,$ 3412.00,205
829,09:31:45,$ 3412.00,105
830,09:31:45,$ 3410.00,100
831,09:31:45,$ 3410.00,100
832,09:31:45,$ 3410.00,205
833,09:31:45,$ 3410.00,576
834,09:31:45,$ 3410.00,362
835,09:31:43,$ 3410.00,100
836,09:31:42,$ 3409.35,100
837,09:31:42,$ 3408.80,100
838,09:31:42,$ 3408.85,100
839,09:31:42,$ 3408.85,100
841,09:31:42,$ 3408.63,100
842,09:31:41,$ 3407.45,100
843,09:31:41,$ 3406.50,148
844,09:31:39,$ 3408.6299,100
845,09:31:37,$ 3405.28,100
846,09:31:35,$ 3407.27,100
847,09:31:30,$ 3406.23,100
848,09:31:28,$ 3405.415,100
849,09:31:18,$ 3403.35,100
850,09:31:18,$ 3403.51,100
851,09:31:18,$ 3403.10,100
852,09:31:17,$ 3404.08,100
853,09:31:15,$ 3405.59,100
854,09:31:15,$ 3406.42,100
855,09:31:15,$ 3402.25,"1,418"
856,09:31:15,$ 3402.25,851
857,09:31:15,$ 3402.25,100
858,09:31:15,$ 3402.25,100
859,09:31:15,$ 3402.25,100
860,09:31:15,$ 3402.20,100
862,09:31:15,$ 3402.25,100
863,09:31:15,$ 3402.25,100
864,09:31:15,$ 3402.22,100
865,09:31:14,$ 3401.20,100
866,09:31:10,$ 3399.995,100
867,09:31:09,$ 3403.545,100
868,09:31:08,$ 3403.75,100
869,09:31:08,$ 3402.2901,100
870,09:31:07,$ 3404.64,100
871,09:31:07,$ 3404.62,100
872,09:31:05,$ 3405.26,100
873,09:31:05,$ 3404.78,100
874,09:31:05,$ 3404.75,100
875,09:31:05,$ 3404.63,100
876,09:31:03,$ 3403.60,100
877,09:31:02,$ 3407.465,100
878,09:31:00,$ 3406.13,100
879,09:31:00,$ 3404.89,200
880,09:31:00,$ 3404.88,100
881,09:30:59,$ 3399.12,150
883,09:30:56,$ 3401.67,140
884,09:30:56,$ 3401.67,100
885,09:30:56,$ 3400.395,100
886,09:30:55,$ 3401.51,100
887,09:30:54,$ 3398.86,100
888,09:30:54,$ 3400.00,190
889,09:30:54,$ 3400.00,144
890,09:30:54,$ 3400.00,200
891,09:30:54,$ 3400.00,150
892,09:30:54,$ 3400.00,100
893,09:30:54,$ 3400.00,127
894,09:30:54,$ 3398.59,100
895,09:30:54,$ 3399.30,468
896,09:30:54,$ 3399.74,100
897,09:30:45,$ 3394.64,100
898,09:30:45,$ 3394.63,100
899,09:30:39,$ 3393.96,100
900,09:30:36,$ 3395.935,100
901,09:30:34,$ 3397.89,100
902,09:30:34,$ 3397.44,100
904,09:30:33,$ 3397.10,100
905,09:30:33,$ 3395.89,100
906,09:30:33,$ 3395.75,100
907,09:30:33,$ 3395.70,100
908,09:30:33,$ 3395.68,100
909,09:30:33,$ 3395.66,100
910,09:30:33,$ 3394.82,100
911,09:30:33,$ 3394.49,100
912,09:30:33,$ 3393.86,125
913,09:30:33,$ 3396.25,100
914,09:30:32,$ 3397.57,100
915,09:30:32,$ 3397.30,100
916,09:30:31,$ 3397.655,100
917,09:30:31,$ 3396.0746,104
918,09:30:28,$ 3396.01,100
919,09:30:28,$ 3396.01,100
920,09:30:28,$ 3396.01,100
921,09:30:28,$ 3396.01,100
922,09:30:27,$ 3395.81,100
923,09:30:27,$ 3395.89,100
925,09:30:27,$ 3394.89,100
926,09:30:25,$ 3394.04,297
927,09:30:25,$ 3394.05,200
928,09:30:25,$ 3394.10,100
929,09:30:25,$ 3395.045,100
930,09:30:24,$ 3394.44,100
931,09:30:23,$ 3394.155,100
932,09:30:22,$ 3394.04,100
933,09:30:22,$ 3395.025,100
934,09:30:18,$ 3394.19,100
935,09:30:18,$ 3394.18,300
936,09:30:18,$ 3393.50,100
937,09:30:18,$ 3393.12,408
938,09:30:18,$ 3396.00,100
939,09:30:16,$ 3394.20,100
940,09:30:15,$ 3395.96,100
941,09:30:15,$ 3395.79,190
942,09:30:15,$ 3395.37,100
943,09:30:15,$ 3395.13,100
944,09:30:15,$ 3392.22,100
946,09:30:15,$ 3393.995,100
947,09:30:13,$ 3392.20,100
948,09:30:13,$ 3395.81,100
949,09:30:13,$ 3390.61,200
950,09:30:07,$ 3393.865,100
951,09:30:07,$ 3390.05,404
952,09:30:06,$ 3394.00,138
953,09:30:05,$ 3390.62,100
954,09:30:04,$ 3394.715,100
955,09:30:04,$ 3394.81,100
956,09:30:04,$ 3394.81,100
957,09:30:03,$ 3391.01,100
958,09:30:03,$ 3391.01,100
959,09:30:03,$ 3392.02,101
960,09:30:03,$ 3392.01,100
961,09:30:03,$ 3392.28,100
962,09:30:03,$ 3393.15,219
963,09:30:03,$ 3396.00,3
964,09:30:03,$ 3396.00,1
965,09:30:03,$ 3396.00,30
967,09:30:03,$ 3396.00,3
968,09:30:03,$ 3396.00,2
969,09:30:03,$ 3396.00,3
970,09:30:03,$ 3396.00,5
971,09:30:03,$ 3396.00,9
972,09:30:03,$ 3396.00,1
973,09:30:03,$ 3396.00,14
974,09:30:03,$ 3396.00,3
975,09:30:03,$ 3396.00,7
976,09:30:03,$ 3396.00,8
977,09:30:03,$ 3396.00,8
978,09:30:03,$ 3396.00,11
979,09:30:03,$ 3396.00,26
980,09:30:03,$ 3396.00,8
981,09:30:03,$ 3396.00,8
982,09:30:03,$ 3396.00,8
983,09:30:03,$ 3396.00,12
984,09:30:03,$ 3396.00,75
985,09:30:03,$ 3396.00,11
986,09:30:03,$ 3396.00,8
988,09:30:03,$ 3396.00,2
989,09:30:03,$ 3396.00,3
990,09:30:03,$ 3396.00,1
991,09:30:03,$ 3396.00,3
992,09:30:03,$ 3396.00,1
993,09:30:03,$ 3396.00,1
994,09:30:03,$ 3396.00,2
995,09:30:03,$ 3396.00,3
996,09:30:03,$ 3396.00,1
997,09:30:03,$ 3396.00,1
998,09:30:03,$ 3396.00,1
999,09:30:03,$ 3396.00,3
1000,09:30:03,$ 3396.00,1
1001,09:30:03,$ 3396.00,3
1002,09:30:03,$ 3396.00,2
1003,09:30:03,$ 3396.00,1
1004,09:30:03,$ 3396.00,1
1005,09:30:03,$ 3396.00,1
1006,09:30:03,$ 3396.00,1
1007,09:30:03,$ 3396.00,42
1009,09:30:03,$ 3396.00,64
1010,09:30:03,$ 3396.00,5
1011,09:30:03,$ 3396.00,1
1012,09:30:03,$ 3396.00,2
1013,09:30:03,$ 3396.00,15
1014,09:30:03,$ 3396.00,1
1015,09:30:03,$ 3396.00,1
1016,09:30:03,$ 3396.00,1
1017,09:30:03,$ 3396.00,4
1018,09:30:03,$ 3396.00,1
1019,09:30:03,$ 3396.00,2
1020,09:30:03,$ 3396.00,4
1021,09:30:03,$ 3396.00,7
1022,09:30:03,$ 3396.00,3
1023,09:30:03,$ 3396.00,2
1024,09:30:03,$ 3396.00,2
1025,09:30:03,$ 3396.00,1
1026,09:30:03,$ 3396.00,4
1027,09:30:03,$ 3396.00,5
1028,09:30:03,$ 3396.00,4
1030,09:30:03,$ 3396.00,3
1031,09:30:03,$ 3396.00,2
1032,09:30:03,$ 3396.00,4
1033,09:30:03,$ 3396.00,1
1034,09:30:03,$ 3396.00,4
1035,09:30:03,$ 3396.00,2
1036,09:30:03,$ 3396.00,2
1037,09:30:03,$ 3396.00,2
1038,09:30:03,$ 3396.00,10
1039,09:30:03,$ 3396.00,3
1040,09:30:03,$ 3396.00,1
1041,09:30:03,$ 3396.00,1
1042,09:30:03,$ 3396.00,2
1043,09:30:03,$ 3396.00,10
1044,09:30:03,$ 3396.00,4
1045,09:30:03,$ 3396.00,1
1046,09:30:03,$ 3396.00,1
1047,09:30:03,$ 3396.00,2
1048,09:30:03,$ 3396.00,1
1049,09:30:03,$ 3396.00,1
1051,09:30:03,$ 3396.00,1
1052,09:30:03,$ 3396.00,1
1053,09:30:03,$ 3396.00,2
1054,09:30:03,$ 3396.00,2
1055,09:30:03,$ 3396.00,5
1056,09:30:03,$ 3396.00,1
1057,09:30:03,$ 3396.00,2
1058,09:30:03,$ 3396.00,28
1059,09:30:03,$ 3396.00,1
1060,09:30:03,$ 3396.00,1
1061,09:30:03,$ 3396.00,1
1062,09:30:03,$ 3396.00,10
1063,09:30:03,$ 3396.00,3
1064,09:30:03,$ 3396.00,1
1065,09:30:03,$ 3396.00,2
1066,09:30:03,$ 3396.00,2
1067,09:30:03,$ 3396.00,5
1068,09:30:03,$ 3396.00,2
1069,09:30:03,$ 3396.00,2
1070,09:30:03,$ 3396.00,1
1072,09:30:03,$ 3396.00,1
1073,09:30:03,$ 3396.00,1
1074,09:30:03,$ 3396.00,1
1075,09:30:03,$ 3396.00,1
1076,09:30:03,$ 3396.00,1
1077,09:30:03,$ 3396.00,1
1078,09:30:03,$ 3396.00,1
1079,09:30:03,$ 3396.00,1
1080,09:30:03,$ 3396.00,310
1081,09:30:03,$ 3396.00,3
1082,09:30:03,$ 3396.00,1
1083,09:30:03,$ 3396.00,1
1084,09:30:03,$ 3396.00,1
1085,09:30:03,$ 3396.00,1
1086,09:30:03,$ 3396.00,1
1087,09:30:03,$ 3396.00,1
1088,09:30:03,$ 3396.00,1
1089,09:30:03,$ 3396.00,1
1090,09:30:03,$ 3396.00,1
1091,09:30:03,$ 3396.00,1
1093,09:30:03,$ 3396.00,1
1094,09:30:03,$ 3396.00,1
1095,09:30:03,$ 3396.00,1
1096,09:30:03,$ 3396.00,1
1097,09:30:03,$ 3396.00,1
1098,09:30:03,$ 3396.00,1
1099,09:30:03,$ 3396.00,1
1100,09:30:03,$ 3396.00,1
1101,09:30:03,$ 3396.00,1
1102,09:30:03,$ 3396.00,1
1103,09:30:03,$ 3396.00,1
1104,09:30:03,$ 3396.00,1
1105,09:30:03,$ 3396.00,1
1106,09:30:03,$ 3396.00,1
1107,09:30:03,$ 3396.00,1
1108,09:30:03,$ 3396.00,1
1109,09:30:03,$ 3396.00,1
1110,09:30:03,$ 3396.00,1
1111,09:30:03,$ 3396.00,1
1112,09:30:03,$ 3396.00,1
1114,09:30:03,$ 3396.00,1
1115,09:30:03,$ 3396.00,1
1116,09:30:03,$ 3396.00,1
1117,09:30:03,$ 3396.00,1
1118,09:30:03,$ 3396.00,1
1119,09:30:03,$ 3396.00,1
1120,09:30:03,$ 3396.00,1
1121,09:30:03,$ 3396.00,1
1122,09:30:03,$ 3396.00,1
1123,09:30:03,$ 3396.00,1
1124,09:30:03,$ 3396.00,1
1125,09:30:03,$ 3396.00,1
1126,09:30:03,$ 3396.00,1
1127,09:30:03,$ 3396.00,1
1128,09:30:03,$ 3396.00,1
1129,09:30:03,$ 3396.00,1
1130,09:30:03,$ 3396.00,1
1131,09:30:03,$ 3396.00,1
1132,09:30:03,$ 3396.00,1
1133,09:30:03,$ 3396.00,1
1135,09:30:03,$ 3396.00,1
1136,09:30:03,$ 3396.00,1
1137,09:30:03,$ 3396.00,1
1138,09:30:03,$ 3396.00,1
1139,09:30:03,$ 3396.00,1
1140,09:30:03,$ 3396.00,1
1141,09:30:03,$ 3396.00,1
1142,09:30:03,$ 3396.00,1
1143,09:30:03,$ 3396.00,1
1144,09:30:03,$ 3396.00,1
1145,09:30:03,$ 3396.00,1
1146,09:30:03,$ 3396.00,1
1147,09:30:03,$ 3396.00,1
1148,09:30:03,$ 3396.00,1
1149,09:30:03,$ 3396.00,1
1150,09:30:03,$ 3396.00,1
1151,09:30:03,$ 3396.00,1
1152,09:30:03,$ 3396.00,1
1153,09:30:03,$ 3396.00,1
1154,09:30:03,$ 3396.00,1
1156,09:30:03,$ 3396.00,1
1157,09:30:03,$ 3396.00,1
1158,09:30:03,$ 3396.00,1
1159,09:30:03,$ 3396.00,1
1160,09:30:03,$ 3396.00,1
1161,09:30:03,$ 3396.00,1
1162,09:30:03,$ 3396.00,1
1163,09:30:03,$ 3396.00,1
1164,09:30:03,$ 3396.00,1
1165,09:30:03,$ 3396.00,1
1166,09:30:03,$ 3396.00,1
1167,09:30:03,$ 3396.00,1
1168,09:30:03,$ 3396.00,1
1169,09:30:03,$ 3396.00,1
1170,09:30:03,$ 3396.00,1
1171,09:30:03,$ 3396.00,1
1172,09:30:03,$ 3396.00,1
1173,09:30:03,$ 3396.00,1
1174,09:30:03,$ 3396.00,1
1175,09:30:03,$ 3396.00,1
1177,09:30:03,$ 3396.00,1
1178,09:30:03,$ 3396.00,1
1179,09:30:03,$ 3396.00,1
1180,09:30:03,$ 3396.00,1
1181,09:30:03,$ 3396.00,1
1182,09:30:03,$ 3396.00,1
1183,09:30:03,$ 3396.00,1
1184,09:30:03,$ 3396.00,1
1185,09:30:03,$ 3396.00,1
1186,09:30:03,$ 3396.00,1
1187,09:30:03,$ 3396.00,1
1188,09:30:03,$ 3396.00,1
1189,09:30:03,$ 3396.00,1
1190,09:30:03,$ 3396.00,1
1191,09:30:03,$ 3396.00,1
1192,09:30:03,$ 3396.00,1
1193,09:30:03,$ 3396.00,1
1194,09:30:03,$ 3396.00,1
1195,09:30:03,$ 3396.00,1
1196,09:30:03,$ 3396.00,1
1198,09:30:03,$ 3396.00,1
1199,09:30:03,$ 3396.00,1
1200,09:30:03,$ 3396.00,1
1201,09:30:03,$ 3396.00,1
1202,09:30:03,$ 3396.00,1
1203,09:30:03,$ 3396.00,1
1204,09:30:03,$ 3396.00,1
1205,09:30:03,$ 3396.00,1
1206,09:30:03,$ 3396.00,1
1207,09:30:03,$ 3396.00,1
1208,09:30:03,$ 3396.00,1
1209,09:30:03,$ 3396.00,1
1210,09:30:03,$ 3396.00,1
1211,09:30:03,$ 3396.00,1
1212,09:30:03,$ 3396.00,1
1213,09:30:03,$ 3396.00,1
1214,09:30:03,$ 3396.00,4
1215,09:30:03,$ 3396.00,1
1216,09:30:03,$ 3396.00,1
1217,09:30:03,$ 3396.00,2
1219,09:30:03,$ 3396.00,1
1220,09:30:03,$ 3396.00,1
1221,09:30:03,$ 3396.00,3
1222,09:30:03,$ 3396.00,1
1223,09:30:03,$ 3396.00,4
1224,09:30:03,$ 3396.00,1
1225,09:30:03,$ 3396.00,10
1226,09:30:03,$ 3396.00,1
1227,09:30:03,$ 3396.00,1
1228,09:30:03,$ 3396.00,1
1229,09:30:03,$ 3396.00,1
1230,09:30:03,$ 3396.00,1
1231,09:30:03,$ 3396.00,1
1232,09:30:03,$ 3396.00,1
1233,09:30:03,$ 3396.00,8
1234,09:30:03,$ 3396.00,1
1235,09:30:03,$ 3396.00,2
1236,09:30:03,$ 3396.00,2
1237,09:30:03,$ 3396.00,1
1238,09:30:03,$ 3396.00,3
1240,09:30:03,$ 3396.00,1
1241,09:30:03,$ 3396.00,1
1242,09:30:03,$ 3396.00,1
1243,09:30:03,$ 3396.00,1
1244,09:30:03,$ 3396.00,1
1245,09:30:03,$ 3396.00,1
1246,09:30:03,$ 3396.00,1
1247,09:30:03,$ 3396.00,1
1248,09:30:03,$ 3396.00,2
1249,09:30:03,$ 3396.00,1
1250,09:30:03,$ 3396.00,4
1251,09:30:03,$ 3396.00,1
1252,09:30:03,$ 3396.00,2
1253,09:30:03,$ 3396.00,1
1254,09:30:03,$ 3396.00,2
1255,09:30:03,$ 3396.00,3
1256,09:30:03,$ 3396.00,1
1257,09:30:03,$ 3396.00,1
1258,09:30:03,$ 3396.00,5
1259,09:30:03,$ 3396.00,1
1261,09:30:03,$ 3396.00,1
1262,09:30:03,$ 3396.00,1
1263,09:30:03,$ 3396.00,1
1264,09:30:03,$ 3396.00,1
1265,09:30:03,$ 3396.00,2
1266,09:30:03,$ 3396.00,1
1267,09:30:03,$ 3396.00,1
1268,09:30:03,$ 3396.00,1
1269,09:30:03,$ 3396.00,1
1270,09:30:03,$ 3396.00,1
1271,09:30:03,$ 3396.00,2
1272,09:30:03,$ 3396.00,2
1273,09:30:03,$ 3396.00,1
1274,09:30:03,$ 3396.00,1
1275,09:30:03,$ 3396.00,1
1276,09:30:03,$ 3396.00,1
1277,09:30:03,$ 3396.00,4
1278,09:30:03,$ 3396.00,2
1279,09:30:03,$ 3396.00,1
1280,09:30:03,$ 3396.00,1
1282,09:30:03,$ 3396.00,1
1283,09:30:03,$ 3396.00,5
1284,09:30:03,$ 3396.00,1
1285,09:30:03,$ 3396.00,1
1286,09:30:03,$ 3396.00,2
1287,09:30:03,$ 3396.00,1
1288,09:30:03,$ 3396.00,3
1289,09:30:03,$ 3396.00,5
1290,09:30:03,$ 3396.00,5
1291,09:30:03,$ 3396.00,1
1292,09:30:03,$ 3396.00,1
1293,09:30:03,$ 3396.00,1
1294,09:30:03,$ 3396.00,2
1295,09:30:03,$ 3396.00,1
1296,09:30:03,$ 3396.00,2
1297,09:30:03,$ 3396.00,2
1298,09:30:03,$ 3396.00,4
1299,09:30:03,$ 3396.00,1
1300,09:30:03,$ 3396.00,5
1301,09:30:03,$ 3396.00,4
1303,09:30:03,$ 3396.00,2
1304,09:30:03,$ 3396.00,4
1305,09:30:03,$ 3396.00,1
1306,09:30:03,$ 3396.00,1
1307,09:30:03,$ 3396.00,3
1308,09:30:03,$ 3396.00,1
1309,09:30:03,$ 3396.00,1
1310,09:30:03,$ 3396.00,5
1311,09:30:03,$ 3396.00,1
1312,09:30:03,$ 3396.00,4
1313,09:30:03,$ 3396.00,1
1314,09:30:03,$ 3396.00,1
1315,09:30:03,$ 3396.00,1
1316,09:30:03,$ 3396.00,1
1317,09:30:03,$ 3396.00,1
1318,09:30:03,$ 3396.00,1
1319,09:30:03,$ 3396.00,1
1320,09:30:03,$ 3396.00,1
1321,09:30:03,$ 3396.00,1
1322,09:30:03,$ 3396.00,1
1324,09:30:03,$ 3396.00,1
1325,09:30:03,$ 3396.00,1
1326,09:30:03,$ 3396.00,1
1327,09:30:03,$ 3396.00,1
1328,09:30:03,$ 3396.00,1
1329,09:30:03,$ 3396.00,1
1330,09:30:03,$ 3396.00,1
1331,09:30:03,$ 3396.00,1
1332,09:30:03,$ 3396.00,1
1333,09:30:03,$ 3396.00,1
1334,09:30:03,$ 3396.00,1
1335,09:30:03,$ 3396.00,1
1336,09:30:03,$ 3396.00,1
1337,09:30:03,$ 3396.00,1
1338,09:30:03,$ 3396.00,1
1339,09:30:03,$ 3396.00,1
1340,09:30:03,$ 3396.00,1
1341,09:30:03,$ 3396.00,1
1342,09:30:03,$ 3396.00,1
1343,09:30:03,$ 3396.00,1
1345,09:30:03,$ 3396.00,1
1346,09:30:03,$ 3396.00,1
1347,09:30:03,$ 3396.00,1
1348,09:30:03,$ 3396.00,1
1349,09:30:03,$ 3396.00,1
1350,09:30:03,$ 3396.00,1
1351,09:30:03,$ 3396.00,1
1352,09:30:03,$ 3396.00,1
1353,09:30:03,$ 3396.00,1
1354,09:30:03,$ 3396.00,1
1355,09:30:03,$ 3396.00,1
1356,09:30:03,$ 3396.00,1
1357,09:30:03,$ 3396.00,1
1358,09:30:03,$ 3396.00,1
1359,09:30:03,$ 3396.00,1
1360,09:30:03,$ 3396.00,1
1361,09:30:03,$ 3396.00,1
1362,09:30:03,$ 3396.00,1
1363,09:30:03,$ 3396.00,1
1364,09:30:03,$ 3396.00,1
1366,09:30:03,$ 3396.00,1
1367,09:30:03,$ 3396.00,1
1368,09:30:03,$ 3396.00,1
1369,09:30:03,$ 3396.00,1
1370,09:30:03,$ 3396.00,1
1371,09:30:03,$ 3396.00,1
1372,09:30:03,$ 3396.00,1
1373,09:30:03,$ 3396.00,1
1374,09:30:03,$ 3396.00,1
1375,09:30:03,$ 3396.00,1
1376,09:30:03,$ 3396.00,1
1377,09:30:03,$ 3396.00,1
1378,09:30:03,$ 3396.00,1
1379,09:30:03,$ 3396.00,1
1380,09:30:03,$ 3396.00,1
1381,09:30:03,$ 3396.00,1
1382,09:30:03,$ 3396.00,1
1383,09:30:03,$ 3396.00,1
1384,09:30:03,$ 3396.00,1
1385,09:30:03,$ 3396.00,1
1387,09:30:03,$ 3396.00,1
1388,09:30:03,$ 3396.00,1
1389,09:30:03,$ 3396.00,1
1390,09:30:03,$ 3396.00,1
1391,09:30:03,$ 3396.00,1
1392,09:30:03,$ 3396.00,1
1393,09:30:03,$ 3396.00,1
1394,09:30:03,$ 3396.00,1
1395,09:30:03,$ 3396.00,1
1396,09:30:03,$ 3396.00,1
1397,09:30:03,$ 3396.00,1
1398,09:30:03,$ 3396.00,1
1399,09:30:03,$ 3396.00,1
1400,09:30:03,$ 3396.00,1
1401,09:30:03,$ 3396.00,1
1402,09:30:03,$ 3396.00,1
1403,09:30:03,$ 3396.00,1
1404,09:30:03,$ 3396.00,1
1405,09:30:03,$ 3396.00,1
1406,09:30:03,$ 3396.00,1
1408,09:30:03,$ 3396.00,1
1409,09:30:03,$ 3396.00,1
1410,09:30:03,$ 3396.00,1
1411,09:30:03,$ 3396.00,1
1412,09:30:03,$ 3396.00,1
1413,09:30:03,$ 3396.00,1
1414,09:30:03,$ 3396.00,1
1415,09:30:03,$ 3396.00,1
1416,09:30:03,$ 3396.00,1
1417,09:30:03,$ 3396.00,1
1418,09:30:03,$ 3396.00,1
1419,09:30:03,$ 3396.00,1
1420,09:30:03,$ 3396.00,1
1421,09:30:03,$ 3396.00,1
1422,09:30:03,$ 3396.00,1
1423,09:30:03,$ 3396.00,1
1424,09:30:03,$ 3396.00,1
1425,09:30:03,$ 3396.00,1
1426,09:30:03,$ 3396.00,1
1427,09:30:03,$ 3396.00,1
1429,09:30:03,$ 3396.00,1
1430,09:30:03,$ 3396.00,1
1431,09:30:03,$ 3396.00,1
1432,09:30:03,$ 3396.00,1
1433,09:30:03,$ 3396.00,1
1434,09:30:03,$ 3396.00,1
1435,09:30:03,$ 3396.00,1
1436,09:30:03,$ 3396.00,1
1437,09:30:03,$ 3396.00,1
1438,09:30:03,$ 3396.00,1
1439,09:30:03,$ 3396.00,1
1440,09:30:03,$ 3396.00,1
1441,09:30:03,$ 3396.00,2
1442,09:30:03,$ 3396.00,6
1443,09:30:03,$ 3396.00,1
1444,09:30:03,$ 3396.00,6
1445,09:30:03,$ 3396.00,2
1446,09:30:03,$ 3396.00,1
1447,09:30:03,$ 3396.00,5
1448,09:30:03,$ 3396.00,1
1450,09:30:03,$ 3396.00,2
1451,09:30:03,$ 3396.00,7
1452,09:30:03,$ 3396.00,14
1453,09:30:03,$ 3396.00,1
1454,09:30:03,$ 3396.00,1
1455,09:30:03,$ 3396.00,1
1456,09:30:03,$ 3396.00,1
1457,09:30:03,$ 3396.00,1
1458,09:30:03,$ 3396.00,5
1459,09:30:03,$ 3396.00,2
1460,09:30:03,$ 3396.00,2
1461,09:30:03,$ 3396.00,10
1462,09:30:03,$ 3396.00,1
1463,09:30:03,$ 3396.00,6
1464,09:30:03,$ 3396.00,1
1465,09:30:03,$ 3396.00,78
1466,09:30:03,$ 3396.00,1
1467,09:30:03,$ 3396.00,1
1468,09:30:03,$ 3396.00,3
1469,09:30:03,$ 3396.00,5
1471,09:30:03,$ 3396.00,2
1472,09:30:03,$ 3396.00,1
1473,09:30:03,$ 3396.00,14
1474,09:30:03,$ 3396.00,10
1475,09:30:03,$ 3396.00,1
1476,09:30:03,$ 3396.00,1
1477,09:30:03,$ 3396.00,2
1478,09:30:03,$ 3396.00,5
1479,09:30:03,$ 3396.00,9
1480,09:30:03,$ 3396.00,4
1481,09:30:03,$ 3396.00,3
1482,09:30:03,$ 3396.00,3
1483,09:30:03,$ 3396.00,1
1484,09:30:03,$ 3396.00,2
1485,09:30:03,$ 3396.00,1
1486,09:30:03,$ 3396.00,1
1487,09:30:03,$ 3396.00,1
1488,09:30:03,$ 3396.00,1
1489,09:30:03,$ 3396.00,1
1490,09:30:03,$ 3396.00,1
1492,09:30:03,$ 3396.00,1
1493,09:30:03,$ 3396.00,1
1494,09:30:03,$ 3396.00,1
1495,09:30:03,$ 3396.00,1
1496,09:30:03,$ 3396.00,1
1497,09:30:03,$ 3396.00,1
1498,09:30:03,$ 3396.00,1
1499,09:30:03,$ 3396.00,1
1500,09:30:03,$ 3396.00,1
1501,09:30:03,$ 3396.00,1
1502,09:30:03,$ 3396.00,1
1503,09:30:03,$ 3396.00,1
1504,09:30:03,$ 3396.00,1
1505,09:30:03,$ 3396.00,1
1506,09:30:03,$ 3396.00,1
1507,09:30:03,$ 3396.00,1
1508,09:30:03,$ 3396.00,1
1509,09:30:03,$ 3396.00,1
1510,09:30:03,$ 3396.00,1
1511,09:30:03,$ 3396.00,1
1513,09:30:03,$ 3396.00,1
1514,09:30:03,$ 3396.00,1
1515,09:30:03,$ 3396.00,1
1516,09:30:03,$ 3396.00,1
1517,09:30:03,$ 3396.00,1
1518,09:30:03,$ 3396.00,1
1519,09:30:03,$ 3396.00,1
1520,09:30:03,$ 3396.00,1
1521,09:30:03,$ 3396.00,1
1522,09:30:03,$ 3396.00,1
1523,09:30:03,$ 3396.00,1
1524,09:30:03,$ 3396.00,1
1525,09:30:03,$ 3396.00,1
1526,09:30:03,$ 3396.00,1
1527,09:30:03,$ 3396.00,1
1528,09:30:03,$ 3396.00,1
1529,09:30:03,$ 3396.00,1
1530,09:30:03,$ 3396.00,1
1531,09:30:03,$ 3396.00,1
1532,09:30:03,$ 3396.00,1
1534,09:30:03,$ 3396.00,1
1535,09:30:03,$ 3396.00,1
1536,09:30:03,$ 3396.00,1
1537,09:30:03,$ 3396.00,22
1538,09:30:03,$ 3396.00,1
1539,09:30:03,$ 3396.00,1
1540,09:30:03,$ 3396.00,1
1541,09:30:03,$ 3396.00,1
1542,09:30:03,$ 3396.00,1
1543,09:30:03,$ 3396.00,1
1544,09:30:03,$ 3396.00,1
1545,09:30:03,$ 3396.00,1
1546,09:30:03,$ 3396.00,1
1547,09:30:03,$ 3396.00,1
1548,09:30:03,$ 3396.00,1
1549,09:30:03,$ 3396.00,1
1550,09:30:03,$ 3396.00,1
1551,09:30:03,$ 3396.00,1
1552,09:30:03,$ 3396.00,1
1553,09:30:03,$ 3396.00,1
1555,09:30:03,$ 3396.00,1
1556,09:30:03,$ 3396.00,5
1557,09:30:03,$ 3396.00,156
1558,09:30:03,$ 3396.00,7
1559,09:30:03,$ 3396.00,1
1560,09:30:03,$ 3396.00,2
1561,09:30:03,$ 3396.00,30
1562,09:30:03,$ 3396.00,5
1563,09:30:03,$ 3396.00,17
1564,09:30:03,$ 3396.00,1
1565,09:30:03,$ 3396.00,1
1566,09:30:03,$ 3396.00,105
1567,09:30:03,$ 3396.00,1
1568,09:30:03,$ 3396.00,1
1569,09:30:03,$ 3396.00,1
1570,09:30:03,$ 3396.00,140
1571,09:30:03,$ 3396.00,1
1572,09:30:03,$ 3396.00,1
1573,09:30:03,$ 3396.00,1
1574,09:30:03,$ 3396.00,2
1576,09:30:03,$ 3396.00,15
1577,09:30:03,$ 3396.00,1
1578,09:30:03,$ 3396.00,10
1579,09:30:03,$ 3396.00,1
1580,09:30:03,$ 3396.00,16
1581,09:30:03,$ 3396.00,43
1582,09:30:03,$ 3396.00,1
1583,09:30:03,$ 3396.00,1
1584,09:30:03,$ 3396.00,5
1585,09:30:03,$ 3396.00,1
1586,09:30:03,$ 3396.00,1
1587,09:30:03,$ 3396.00,1
1588,09:30:03,$ 3396.00,1
1589,09:30:03,$ 3396.00,1
1590,09:30:03,$ 3396.00,10
1591,09:30:03,$ 3396.00,1
1592,09:30:03,$ 3396.00,1
1593,09:30:03,$ 3396.00,1
1594,09:30:03,$ 3396.00,4
1595,09:30:03,$ 3396.00,29
1597,09:30:03,$ 3396.00,30
1598,09:30:03,$ 3396.00,25
1599,09:30:03,$ 3396.00,4
1600,09:30:03,$ 3396.00,1
1601,09:30:03,$ 3396.00,1
1602,09:30:03,$ 3396.00,5
1603,09:30:03,$ 3396.00,10
1604,09:30:03,$ 3396.00,1
1605,09:30:03,$ 3396.00,1
1606,09:30:03,$ 3396.00,1
1607,09:30:03,$ 3396.00,3
1608,09:30:03,$ 3396.00,1
1609,09:30:03,$ 3396.00,1
1610,09:30:03,$ 3396.00,1
1611,09:30:03,$ 3396.00,9
1612,09:30:03,$ 3396.00,1
1613,09:30:03,$ 3396.00,2
1614,09:30:03,$ 3396.00,8
1615,09:30:03,$ 3396.00,3
1616,09:30:03,$ 3396.00,2
1618,09:30:03,$ 3396.00,4
1619,09:30:03,$ 3396.00,7
1620,09:30:03,$ 3396.00,2
1621,09:30:03,$ 3396.00,2
1622,09:30:03,$ 3396.00,3
1623,09:30:03,$ 3396.00,1
1624,09:30:03,$ 3396.00,10
1625,09:30:03,$ 3396.00,35
1626,09:30:03,$ 3396.00,2
1627,09:30:03,$ 3396.00,2
1628,09:30:03,$ 3396.00,3
1629,09:30:03,$ 3396.00,6
1630,09:30:03,$ 3396.00,3
1631,09:30:03,$ 3396.00,4
1632,09:30:03,$ 3396.00,2
1633,09:30:03,$ 3396.00,5
1634,09:30:03,$ 3396.00,4
1635,09:30:03,$ 3396.00,1
1636,09:30:03,$ 3396.00,3
1637,09:30:03,$ 3396.00,3
1639,09:30:03,$ 3396.00,2
1640,09:30:03,$ 3396.00,1
1641,09:30:03,$ 3396.00,13
1642,09:30:03,$ 3396.00,120
1643,09:30:03,$ 3396.00,3
1644,09:30:03,$ 3396.00,6
1645,09:30:03,$ 3396.00,1
1646,09:30:03,$ 3396.00,5
1647,09:30:03,$ 3396.00,40
1648,09:30:03,$ 3396.00,10
1649,09:30:03,$ 3396.00,6
1650,09:30:03,$ 3396.00,16
1651,09:30:03,$ 3396.00,12
1652,09:30:03,$ 3396.00,2
1653,09:30:03,$ 3396.00,7
1654,09:30:03,$ 3396.00,9
1655,09:30:03,$ 3396.00,10
1656,09:30:03,$ 3396.00,25
1657,09:30:03,$ 3396.00,9
1658,09:30:03,$ 3396.00,2
1660,09:30:03,$ 3396.00,12
1661,09:30:03,$ 3396.00,20
1662,09:30:03,$ 3396.00,1
1663,09:30:03,$ 3396.00,190
1664,09:30:03,$ 3396.00,200
1665,09:30:03,$ 3396.00,1
1666,09:30:03,$ 3396.00,255
1667,09:30:03,$ 3396.00,1
1668,09:30:03,$ 3396.00,13
1669,09:30:03,$ 3396.00,1
1670,09:30:03,$ 3396.00,12
1671,09:30:03,$ 3396.00,1
1672,09:30:03,$ 3396.00,5
1673,09:30:03,$ 3396.00,1
1674,09:30:03,$ 3396.00,3
1675,09:30:03,$ 3396.00,100
1676,09:30:03,$ 3396.00,1
1677,09:30:03,$ 3396.00,362
1678,09:30:03,$ 3396.00,5
1679,09:30:03,$ 3396.00,2
1681,09:30:03,$ 3396.00,1
1682,09:30:03,$ 3396.00,43
1683,09:30:03,$ 3396.00,2
1684,09:30:03,$ 3396.00,2
1685,09:30:03,$ 3396.00,1
1686,09:30:03,$ 3396.00,1
1687,09:30:03,$ 3396.00,4
1688,09:30:03,$ 3396.00,24
1689,09:30:03,$ 3396.00,9
1690,09:30:03,$ 3396.00,19
1691,09:30:03,$ 3396.00,9
1692,09:30:03,$ 3396.00,1
1693,09:30:03,$ 3396.00,200
1694,09:30:03,$ 3396.00,25
1695,09:30:03,$ 3396.00,3
1696,09:30:03,$ 3396.00,10
1697,09:30:03,$ 3396.00,1
1698,09:30:03,$ 3396.00,4
1699,09:30:03,$ 3396.00,10
1700,09:30:03,$ 3396.00,10
1702,09:30:03,$ 3396.00,3
1703,09:30:03,$ 3396.00,2
1704,09:30:03,$ 3396.00,1
1705,09:30:03,$ 3396.00,3
1706,09:30:03,$ 3396.00,6
1707,09:30:03,$ 3396.00,1
1708,09:30:03,$ 3396.00,1
1709,09:30:03,$ 3396.00,5
1710,09:30:03,$ 3396.00,1
1711,09:30:03,$ 3396.00,9
1712,09:30:03,$ 3396.00,8
1713,09:30:03,$ 3396.00,26
1714,09:30:03,$ 3396.00,1
1715,09:30:03,$ 3396.00,25
1716,09:30:03,$ 3396.00,2
1717,09:30:03,$ 3396.00,2
1718,09:30:03,$ 3396.00,25
1719,09:30:03,$ 3396.00,1
1720,09:30:03,$ 3396.00,17
1721,09:30:03,$ 3396.00,6
1723,09:30:03,$ 3396.00,3
1724,09:30:03,$ 3396.00,1
1725,09:30:03,$ 3396.00,4
1726,09:30:03,$ 3396.00,5
1727,09:30:03,$ 3396.00,6
1728,09:30:03,$ 3396.00,1
1729,09:30:03,$ 3396.00,1
1730,09:30:03,$ 3396.00,1
1731,09:30:03,$ 3396.00,21
1732,09:30:03,$ 3396.00,3
1733,09:30:03,$ 3396.00,1
1734,09:30:03,$ 3396.00,16
1735,09:30:03,$ 3396.00,1
1736,09:30:03,$ 3396.00,8
1737,09:30:03,$ 3396.00,5
1738,09:30:03,$ 3396.00,6
1739,09:30:03,$ 3396.00,2
1740,09:30:03,$ 3396.00,1
1741,09:30:03,$ 3396.00,2
1742,09:30:03,$ 3396.00,65
1744,09:30:03,$ 3396.00,1
1745,09:30:03,$ 3396.00,500
1746,09:30:03,$ 3396.00,1
1747,09:30:03,$ 3396.00,1
1748,09:30:03,$ 3396.00,10
1749,09:30:03,$ 3396.00,566
1750,09:30:03,$ 3396.00,1
1751,09:30:03,$ 3396.00,7
1752,09:30:03,$ 3396.00,5
1753,09:30:03,$ 3396.00,3
1754,09:30:03,$ 3396.00,3
1755,09:30:03,$ 3396.00,6
1756,09:30:03,$ 3396.00,3
1757,09:30:03,$ 3396.00,3
1758,09:30:03,$ 3396.00,1
1759,09:30:03,$ 3396.00,1
1760,09:30:03,$ 3396.00,1
1761,09:30:03,$ 3396.00,8
1762,09:30:03,$ 3396.00,2
1763,09:30:03,$ 3396.00,2
1765,09:30:03,$ 3396.00,165
1766,09:30:03,$ 3396.00,12
1767,09:30:03,$ 3396.00,3
1768,09:30:03,$ 3396.00,7
1769,09:30:03,$ 3396.00,1
1770,09:30:03,$ 3396.00,1
1771,09:30:03,$ 3396.00,69
1772,09:30:03,$ 3396.00,1
1773,09:30:03,$ 3396.00,1
1774,09:30:03,$ 3396.00,1
1775,09:30:03,$ 3396.00,1
1776,09:30:03,$ 3396.00,1
1777,09:30:03,$ 3396.00,1
1778,09:30:03,$ 3396.00,17
1779,09:30:03,$ 3396.00,1
1780,09:30:03,$ 3396.00,86
1781,09:30:03,$ 3396.00,1
1782,09:30:03,$ 3396.00,1
1783,09:30:03,$ 3396.00,3
1784,09:30:03,$ 3396.00,5
1786,09:30:03,$ 3396.00,1
1787,09:30:03,$ 3396.00,1
1788,09:30:03,$ 3396.00,16
1789,09:30:03,$ 3396.00,1
1790,09:30:03,$ 3396.00,1
1791,09:30:03,$ 3396.00,10
1792,09:30:03,$ 3396.00,2
1793,09:30:03,$ 3396.00,2
1794,09:30:03,$ 3396.00,5
1795,09:30:03,$ 3396.00,3
1796,09:30:03,$ 3396.00,1
1797,09:30:03,$ 3396.00,1
1798,09:30:03,$ 3396.00,1
1799,09:30:03,$ 3396.00,2
1800,09:30:03,$ 3396.00,1
1801,09:30:03,$ 3396.00,2
1802,09:30:03,$ 3396.00,2
1803,09:30:03,$ 3396.00,1
1804,09:30:03,$ 3396.00,29
1805,09:30:03,$ 3396.00,2
1807,09:30:03,$ 3396.00,2
1808,09:30:03,$ 3396.00,1
1809,09:30:03,$ 3396.00,2
1810,09:30:03,$ 3396.00,6
1811,09:30:03,$ 3396.00,41
1812,09:30:03,$ 3396.00,5
1813,09:30:03,$ 3396.00,1
1814,09:30:03,$ 3396.00,5
1815,09:30:03,$ 3396.00,1
1816,09:30:03,$ 3396.00,1
1817,09:30:03,$ 3396.00,2
1818,09:30:03,$ 3396.00,5
1819,09:30:03,$ 3396.00,1
1820,09:30:03,$ 3396.00,1
1821,09:30:03,$ 3396.00,2
1822,09:30:03,$ 3396.00,1
1823,09:30:03,$ 3396.00,1
1824,09:30:03,$ 3396.00,2
1825,09:30:03,$ 3396.00,1
1826,09:30:03,$ 3396.00,4
1828,09:30:03,$ 3396.00,2
1829,09:30:03,$ 3396.00,5
1830,09:30:03,$ 3396.00,4
1831,09:30:03,$ 3396.00,3
1832,09:30:03,$ 3396.00,2
1833,09:30:03,$ 3396.00,7
1834,09:30:03,$ 3396.00,39
1835,09:30:03,$ 3396.00,1
1836,09:30:03,$ 3396.00,25
1837,09:30:03,$ 3396.00,2
1838,09:30:03,$ 3396.00,9
1839,09:30:03,$ 3396.00,3
1840,09:30:03,$ 3396.00,3
1841,09:30:03,$ 3396.00,1
1842,09:30:03,$ 3396.00,1
1843,09:30:03,$ 3396.00,1
1844,09:30:03,$ 3396.00,73
1845,09:30:03,$ 3396.00,2
1846,09:30:03,$ 3396.00,1
1847,09:30:03,$ 3396.00,2
1849,09:30:03,$ 3396.00,1
1850,09:30:03,$ 3396.00,1
1851,09:30:03,$ 3396.00,2
1852,09:30:03,$ 3396.00,2
1853,09:30:03,$ 3396.00,25
1854,09:30:03,$ 3396.00,1
1855,09:30:03,$ 3396.00,1
1856,09:30:03,$ 3396.00,7
1857,09:30:03,$ 3396.00,5
1858,09:30:03,$ 3396.00,18
1859,09:30:03,$ 3396.00,7
1860,09:30:03,$ 3396.00,2
1861,09:30:03,$ 3396.00,3
1862,09:30:03,$ 3396.00,27
1863,09:30:03,$ 3396.00,1
1864,09:30:03,$ 3396.00,15
1865,09:30:03,$ 3396.00,10
1866,09:30:03,$ 3396.00,7
1867,09:30:03,$ 3396.00,3
1868,09:30:03,$ 3396.00,1
1870,09:30:03,$ 3396.00,1
1871,09:30:03,$ 3396.00,1
1872,09:30:03,$ 3396.00,4
1873,09:30:03,$ 3396.00,8
1874,09:30:03,$ 3396.00,1
1875,09:30:03,$ 3396.00,14
1876,09:30:03,$ 3396.00,2
1877,09:30:03,$ 3396.00,1
1878,09:30:03,$ 3396.00,1
1879,09:30:03,$ 3396.00,1
1880,09:30:03,$ 3396.00,1
1881,09:30:03,$ 3396.00,1
1882,09:30:03,$ 3396.00,1
1883,09:30:03,$ 3396.00,1
1884,09:30:03,$ 3396.00,1
1885,09:30:03,$ 3396.00,1
1886,09:30:03,$ 3396.00,1
1887,09:30:03,$ 3396.00,5
1888,09:30:03,$ 3396.00,1
1889,09:30:03,$ 3396.00,1
1891,09:30:03,$ 3396.00,2
1892,09:30:03,$ 3396.00,3
1893,09:30:03,$ 3396.00,10
1894,09:30:03,$ 3396.00,1
1895,09:30:03,$ 3396.00,30
1896,09:30:03,$ 3396.00,1
1897,09:30:03,$ 3396.00,3
1898,09:30:03,$ 3396.00,3
1899,09:30:03,$ 3396.00,1
1900,09:30:03,$ 3396.00,2
1901,09:30:03,$ 3396.00,4
1902,09:30:03,$ 3396.00,5
1903,09:30:03,$ 3396.00,1
1904,09:30:03,$ 3396.00,1
1905,09:30:03,$ 3396.00,80
1906,09:30:03,$ 3396.00,1
1907,09:30:03,$ 3396.00,3
1908,09:30:03,$ 3396.00,2
1909,09:30:03,$ 3396.00,1
1910,09:30:03,$ 3396.00,2
1912,09:30:03,$ 3396.00,2
1913,09:30:03,$ 3396.00,15
1914,09:30:03,$ 3396.00,1
1915,09:30:03,$ 3396.00,1
1916,09:30:03,$ 3396.00,16
1917,09:30:03,$ 3396.00,10
1918,09:30:03,$ 3396.00,1
1919,09:30:03,$ 3396.00,1
1920,09:30:03,$ 3396.00,5
1921,09:30:03,$ 3396.00,1
1922,09:30:03,$ 3396.00,15
1923,09:30:03,$ 3396.00,1
1924,09:30:03,$ 3396.00,1
1925,09:30:03,$ 3396.00,1
1926,09:30:03,$ 3396.00,1
1927,09:30:03,$ 3396.00,1
1928,09:30:03,$ 3396.00,3
1929,09:30:03,$ 3396.00,1
1930,09:30:03,$ 3396.00,2
1931,09:30:03,$ 3396.00,6
1933,09:30:03,$ 3396.00,1
1934,09:30:03,$ 3396.00,2
1935,09:30:03,$ 3396.00,1
1936,09:30:03,$ 3396.00,2
1937,09:30:03,$ 3396.00,3
1938,09:30:03,$ 3396.00,866
1939,09:30:03,$ 3396.00,2
1940,09:30:03,$ 3396.00,1
1941,09:30:03,$ 3396.00,3
1942,09:30:03,$ 3396.00,2
1943,09:30:03,$ 3396.00,2
1944,09:30:03,$ 3396.00,2
1945,09:30:03,$ 3396.00,3
1946,09:30:03,$ 3396.00,1
1947,09:30:03,$ 3396.00,1
1948,09:30:03,$ 3396.00,50
1949,09:30:03,$ 3396.00,3
1950,09:30:03,$ 3396.00,1
1951,09:30:03,$ 3396.00,10
1952,09:30:03,$ 3396.00,1
1954,09:30:03,$ 3396.00,1
1955,09:30:03,$ 3396.00,2
1956,09:30:03,$ 3396.00,1
1957,09:30:03,$ 3396.00,1
1958,09:30:03,$ 3396.00,3
1959,09:30:03,$ 3396.00,3
1960,09:30:03,$ 3396.00,1
1961,09:30:03,$ 3396.00,2
1962,09:30:03,$ 3396.00,1
1963,09:30:03,$ 3396.00,1
1964,09:30:03,$ 3396.00,2
1965,09:30:03,$ 3396.00,1
1966,09:30:03,$ 3396.00,4
1967,09:30:03,$ 3396.00,1
1968,09:30:03,$ 3396.00,1
1969,09:30:03,$ 3396.00,5
1970,09:30:03,$ 3396.00,1
1971,09:30:03,$ 3396.00,1
1972,09:30:03,$ 3396.00,1
1973,09:30:03,$ 3396.00,1
1975,09:30:03,$ 3396.00,1
1976,09:30:03,$ 3396.00,5
1977,09:30:03,$ 3396.00,2
1978,09:30:03,$ 3396.00,5
1979,09:30:03,$ 3396.00,1
1980,09:30:03,$ 3396.00,1
1981,09:30:03,$ 3396.00,5
1982,09:30:03,$ 3396.00,2
1983,09:30:03,$ 3396.00,1
1984,09:30:03,$ 3396.00,1
1985,09:30:03,$ 3396.00,10
1986,09:30:03,$ 3396.00,1
1987,09:30:03,$ 3396.00,1
1988,09:30:03,$ 3396.00,6
1989,09:30:03,$ 3396.00,1
1990,09:30:03,$ 3396.00,1
1991,09:30:03,$ 3396.00,1
1992,09:30:03,$ 3396.00,5
1993,09:30:03,$ 3396.00,10
1994,09:30:03,$ 3396.00,5
1996,09:30:03,$ 3396.00,5
1997,09:30:03,$ 3396.00,3
1998,09:30:03,$ 3396.00,20
1999,09:30:03,$ 3396.00,8
2000,09:30:03,$ 3396.00,60
2001,09:30:03,$ 3396.00,2
2002,09:30:03,$ 3396.00,4
2003,09:30:03,$ 3396.00,1
2004,09:30:03,$ 3396.00,10
2005,09:30:03,$ 3396.00,1
2006,09:30:03,$ 3396.00,1
2007,09:30:03,$ 3396.00,1
2008,09:30:03,$ 3396.00,"3,301"
2009,09:30:03,$ 3396.00,1
2010,09:30:03,$ 3396.00,1
2011,09:30:03,$ 3396.00,3
2012,09:30:03,$ 3396.00,2
2013,09:30:03,$ 3396.00,1
2014,09:30:03,$ 3396.00,7
2015,09:30:03,$ 3396.00,1
2017,09:30:03,$ 3396.00,1
2018,09:30:03,$ 3396.00,1
2019,09:30:03,$ 3396.00,1
2020,09:30:03,$ 3396.00,1
2021,09:30:03,$ 3396.00,1
2022,09:30:03,$ 3396.00,3
2023,09:30:03,$ 3396.00,50
2024,09:30:03,$ 3396.00,2
2025,09:30:03,$ 3396.00,1
2026,09:30:03,$ 3396.00,1
2027,09:30:03,$ 3396.00,1
2028,09:30:03,$ 3396.00,2
2029,09:30:03,$ 3396.00,2
2030,09:30:03,$ 3396.00,1
2031,09:30:03,$ 3396.00,4
2032,09:30:03,$ 3396.00,1
2033,09:30:03,$ 3396.00,2
2034,09:30:03,$ 3396.00,10
2035,09:30:03,$ 3396.00,4
2036,09:30:03,$ 3396.00,1
2038,09:30:03,$ 3396.00,30
2039,09:30:03,$ 3396.00,10
2040,09:30:03,$ 3396.00,1
2041,09:30:03,$ 3396.00,1
2042,09:30:03,$ 3396.00,1
2043,09:30:03,$ 3396.00,3
2044,09:30:03,$ 3396.00,5
2045,09:30:03,$ 3396.00,5
2046,09:30:03,$ 3396.00,1
2047,09:30:03,$ 3396.00,2
2048,09:30:03,$ 3396.00,2
2049,09:30:03,$ 3396.00,1
2050,09:30:03,$ 3396.00,3
2051,09:30:03,$ 3396.00,1
2052,09:30:03,$ 3396.00,1
2053,09:30:03,$ 3396.00,1
2054,09:30:03,$ 3396.00,1
2055,09:30:03,$ 3396.00,8
2056,09:30:03,$ 3396.00,43
2057,09:30:03,$ 3396.00,8
2059,09:30:03,$ 3396.00,8
2060,09:30:03,$ 3396.00,8
2061,09:30:03,$ 3396.00,5
2062,09:30:03,$ 3396.00,1
2063,09:30:03,$ 3396.00,1
2064,09:30:03,$ 3396.00,1
2065,09:30:03,$ 3396.00,2
2066,09:30:03,$ 3396.00,1
2067,09:30:03,$ 3396.00,7
2068,09:30:03,$ 3396.00,2
2069,09:30:03,$ 3396.00,1
2070,09:30:03,$ 3396.00,15
2071,09:30:03,$ 3396.00,1
2072,09:30:03,$ 3396.00,1
2073,09:30:03,$ 3396.00,3
2074,09:30:03,$ 3396.00,8
2075,09:30:03,$ 3396.00,1
2076,09:30:03,$ 3396.00,10
2077,09:30:03,$ 3396.00,1
2078,09:30:03,$ 3396.00,10
2080,09:30:03,$ 3396.00,1
2081,09:30:03,$ 3396.00,1
2082,09:30:03,$ 3396.00,1
2083,09:30:03,$ 3396.00,5
2084,09:30:03,$ 3396.00,1
2085,09:30:03,$ 3396.00,1
2086,09:30:03,$ 3396.00,3
2087,09:30:03,$ 3396.00,1
2088,09:30:03,$ 3396.00,10
2089,09:30:03,$ 3396.00,14
2090,09:30:03,$ 3396.00,1
2091,09:30:03,$ 3396.00,1
2092,09:30:03,$ 3396.00,5
2093,09:30:03,$ 3396.00,1
2094,09:30:03,$ 3396.00,1
2095,09:30:03,$ 3396.00,3
2096,09:30:03,$ 3396.00,1
2097,09:30:03,$ 3396.00,2
2098,09:30:03,$ 3396.00,2
2099,09:30:03,$ 3396.00,2
2101,09:30:03,$ 3396.00,1
2102,09:30:03,$ 3396.00,1
2103,09:30:03,$ 3396.00,4
2104,09:30:03,$ 3396.00,1
2105,09:30:03,$ 3396.00,2
2106,09:30:03,$ 3396.00,1
2107,09:30:03,$ 3396.00,1
2108,09:30:03,$ 3396.00,1
2109,09:30:03,$ 3396.00,2
2110,09:30:03,$ 3396.00,140
2111,09:30:03,$ 3396.00,57
2112,09:30:03,$ 3396.00,1
2113,09:30:03,$ 3396.00,1
2114,09:30:03,$ 3396.00,4
2115,09:30:03,$ 3396.00,2
2116,09:30:03,$ 3396.00,1
2117,09:30:03,$ 3396.00,9
2118,09:30:03,$ 3396.00,1
2119,09:30:03,$ 3396.00,1
2120,09:30:03,$ 3396.00,1
2122,09:30:03,$ 3396.00,1
2123,09:30:03,$ 3396.00,1
2124,09:30:03,$ 3396.00,1
2125,09:30:03,$ 3396.00,1
2126,09:30:03,$ 3396.00,1
2127,09:30:03,$ 3396.00,1
2128,09:30:03,$ 3396.00,1
2129,09:30:03,$ 3396.00,20
2130,09:30:03,$ 3396.00,1
2131,09:30:03,$ 3396.00,1
2132,09:30:03,$ 3396.00,1
2133,09:30:03,$ 3396.00,1
2134,09:30:03,$ 3396.00,3
2135,09:30:03,$ 3396.00,4
2136,09:30:03,$ 3396.00,29
2137,09:30:03,$ 3396.00,3
2138,09:30:03,$ 3396.00,2
2139,09:30:03,$ 3396.00,1
2140,09:30:03,$ 3396.00,5
2141,09:30:03,$ 3396.00,4
2143,09:30:03,$ 3396.00,1
2144,09:30:03,$ 3396.00,1
2145,09:30:03,$ 3396.00,1
2146,09:30:03,$ 3396.00,1
2147,09:30:03,$ 3396.00,1
2148,09:30:03,$ 3396.00,1
2149,09:30:03,$ 3396.00,2
2150,09:30:03,$ 3396.00,10
2151,09:30:03,$ 3396.00,10
2152,09:30:03,$ 3396.00,5
2153,09:30:03,$ 3396.00,5
2154,09:30:03,$ 3396.00,5
2155,09:30:03,$ 3396.00,4
2156,09:30:03,$ 3396.00,3
2157,09:30:03,$ 3396.00,2
2158,09:30:03,$ 3396.00,1
2159,09:30:03,$ 3396.00,3
2160,09:30:03,$ 3396.00,1
2161,09:30:03,$ 3396.00,1
2162,09:30:03,$ 3396.00,1
2164,09:30:03,$ 3396.00,1
2165,09:30:03,$ 3396.00,1
2166,09:30:03,$ 3396.00,3
2167,09:30:03,$ 3396.00,10
2168,09:30:03,$ 3396.00,3
2169,09:30:03,$ 3396.00,2
2170,09:30:03,$ 3396.00,1
2171,09:30:03,$ 3396.00,1
2172,09:30:03,$ 3396.00,5
2173,09:30:03,$ 3396.00,1
2174,09:30:03,$ 3396.00,2
2175,09:30:03,$ 3396.00,4
2176,09:30:03,$ 3396.00,2
2177,09:30:03,$ 3396.00,5
2178,09:30:03,$ 3396.00,10
2179,09:30:03,$ 3396.00,1
2180,09:30:03,$ 3396.00,1
2181,09:30:03,$ 3396.00,2
2182,09:30:03,$ 3396.00,1
2183,09:30:03,$ 3396.00,1
2185,09:30:03,$ 3396.00,1
2186,09:30:03,$ 3396.00,5
2187,09:30:03,$ 3396.00,1
2188,09:30:03,$ 3396.00,1
2189,09:30:03,$ 3396.00,14
2190,09:30:03,$ 3396.00,1
2191,09:30:03,$ 3396.00,2
2192,09:30:03,$ 3396.00,1
2193,09:30:03,$ 3396.00,2
2194,09:30:03,$ 3396.00,1
2195,09:30:03,$ 3396.00,1
2196,09:30:03,$ 3396.00,1
2197,09:30:03,$ 3396.00,5
2198,09:30:03,$ 3396.00,1
2199,09:30:03,$ 3396.00,1
2200,09:30:03,$ 3396.00,1
2201,09:30:03,$ 3396.00,1
2202,09:30:03,$ 3396.00,3
2203,09:30:03,$ 3396.00,1
2204,09:30:03,$ 3396.00,3
2206,09:30:03,$ 3396.00,2
2207,09:30:03,$ 3396.00,1
2208,09:30:03,$ 3396.00,3
2209,09:30:03,$ 3396.00,1
2210,09:30:03,$ 3396.00,21
2211,09:30:03,$ 3396.00,1
2212,09:30:03,$ 3396.00,4
2213,09:30:03,$ 3396.00,3
2214,09:30:03,$ 3396.00,1
2215,09:30:03,$ 3396.00,1
2216,09:30:03,$ 3396.00,1
2217,09:30:03,$ 3396.00,2
2218,09:30:03,$ 3396.00,1
2219,09:30:03,$ 3396.00,1
2220,09:30:03,$ 3396.00,1
2221,09:30:03,$ 3396.00,2
2222,09:30:03,$ 3396.00,5
2223,09:30:03,$ 3396.00,1
2224,09:30:03,$ 3396.00,2
2225,09:30:03,$ 3396.00,10
2227,09:30:03,$ 3396.00,6
2228,09:30:03,$ 3396.00,5
2229,09:30:03,$ 3396.00,1
2230,09:30:03,$ 3396.00,1
2231,09:30:03,$ 3396.00,1
2232,09:30:03,$ 3396.00,1
2233,09:30:03,$ 3396.00,1
2234,09:30:03,$ 3396.00,3
2235,09:30:03,$ 3396.00,5
2236,09:30:03,$ 3396.00,1
2237,09:30:03,$ 3396.00,1
2238,09:30:03,$ 3396.00,1
2239,09:30:03,$ 3396.00,2
2240,09:30:03,$ 3396.00,15
2241,09:30:03,$ 3396.00,3
2242,09:30:03,$ 3396.00,289
2243,09:30:03,$ 3396.00,5
2244,09:30:03,$ 3396.00,1
2245,09:30:03,$ 3396.00,1
2246,09:30:03,$ 3396.00,1
2248,09:30:03,$ 3396.00,1
2249,09:30:03,$ 3396.00,2
2250,09:30:03,$ 3396.00,1
2251,09:30:03,$ 3396.00,6
2252,09:30:03,$ 3396.00,1
2253,09:30:03,$ 3396.00,1
2254,09:30:03,$ 3396.00,1
2255,09:30:03,$ 3396.00,1
2256,09:30:03,$ 3396.00,1
2257,09:30:03,$ 3396.00,14
2258,09:30:03,$ 3396.00,2
2259,09:30:03,$ 3396.00,2
2260,09:30:03,$ 3396.00,2
2261,09:30:03,$ 3396.00,6
2262,09:30:03,$ 3396.00,3
2263,09:30:03,$ 3396.00,5
2264,09:30:03,$ 3396.00,1
2265,09:30:03,$ 3396.00,1
2266,09:30:03,$ 3396.00,2
2267,09:30:03,$ 3396.00,1
2269,09:30:03,$ 3396.00,1
2270,09:30:03,$ 3396.00,10
2271,09:30:03,$ 3396.00,1
2272,09:30:03,$ 3396.00,1
2273,09:30:03,$ 3396.00,1
2274,09:30:03,$ 3396.00,1
2275,09:30:03,$ 3396.00,1
2276,09:30:03,$ 3396.00,3
2277,09:30:03,$ 3396.00,1
2278,09:30:03,$ 3396.00,1
2279,09:30:03,$ 3396.00,1
2280,09:30:03,$ 3396.00,3
2281,09:30:03,$ 3396.00,5
2282,09:30:03,$ 3396.00,1
2283,09:30:03,$ 3396.00,1
2284,09:30:03,$ 3396.00,1
2285,09:30:03,$ 3396.00,1
2286,09:30:03,$ 3396.00,1
2287,09:30:03,$ 3396.00,1
2288,09:30:03,$ 3396.00,5
2290,09:30:03,$ 3396.00,1
2291,09:30:03,$ 3396.00,21
2292,09:30:03,$ 3396.00,1
2293,09:30:03,$ 3396.00,1
2294,09:30:03,$ 3396.00,1
2295,09:30:03,$ 3396.00,1
2296,09:30:03,$ 3396.00,8
2297,09:30:03,$ 3396.00,9
2298,09:30:03,$ 3396.00,1
2299,09:30:03,$ 3396.00,5
2300,09:30:03,$ 3396.00,1
2301,09:30:03,$ 3396.00,2
2302,09:30:03,$ 3396.00,1
2303,09:30:03,$ 3396.00,2
2304,09:30:03,$ 3396.00,7
2305,09:30:03,$ 3396.00,5
2306,09:30:03,$ 3396.00,5
2307,09:30:03,$ 3396.00,3
2308,09:30:03,$ 3396.00,1
2309,09:30:03,$ 3396.00,3
2311,09:30:03,$ 3396.00,1
2312,09:30:03,$ 3396.00,4
2313,09:30:03,$ 3396.00,3
2314,09:30:03,$ 3396.00,1
2315,09:30:03,$ 3396.00,1
2316,09:30:03,$ 3396.00,8
2317,09:30:03,$ 3396.00,4
2318,09:30:03,$ 3396.00,10
2319,09:30:03,$ 3396.00,5
2320,09:30:03,$ 3396.00,8
2321,09:30:03,$ 3396.00,1
2322,09:30:03,$ 3396.00,1
2323,09:30:03,$ 3396.00,1
2324,09:30:03,$ 3396.00,8
2325,09:30:03,$ 3396.00,"1,284"
2326,09:30:03,$ 3396.00,58
2327,09:30:03,$ 3396.00,1
2328,09:30:03,$ 3396.00,1
2329,09:30:03,$ 3396.00,424
2330,09:30:03,$ 3396.00,"1,065"
2332,09:30:03,$ 3396.00,3
2333,09:30:03,$ 3396.00,3
2334,09:30:03,$ 3396.00,17
2335,09:30:03,$ 3396.00,1
2336,09:30:03,$ 3396.00,28
2337,09:30:03,$ 3396.00,9
2338,09:30:03,$ 3396.00,1
2339,09:30:03,$ 3396.00,10
2340,09:30:03,$ 3396.00,3
2341,09:30:03,$ 3396.00,3
2342,09:30:03,$ 3396.00,1
2343,09:30:03,$ 3396.00,1
2344,09:30:03,$ 3396.00,1
2345,09:30:03,$ 3396.00,1
2346,09:30:03,$ 3396.00,1
2347,09:30:03,$ 3396.00,4
2348,09:30:03,$ 3396.00,6
2349,09:30:03,$ 3396.00,2
2350,09:30:03,$ 3396.00,2
2351,09:30:03,$ 3396.00,5
2353,09:30:03,$ 3396.00,1
2354,09:30:03,$ 3396.00,1
2355,09:30:03,$ 3396.00,1
2356,09:30:03,$ 3396.00,1
2357,09:30:03,$ 3396.00,2
2358,09:30:03,$ 3396.00,1
2359,09:30:03,$ 3396.00,1
2360,09:30:03,$ 3396.00,1
2361,09:30:03,$ 3396.00,1
2362,09:30:03,$ 3396.00,1
2363,09:30:03,$ 3396.00,1
2364,09:30:03,$ 3396.00,1
2365,09:30:03,$ 3396.00,3
2366,09:30:03,$ 3396.00,1
2367,09:30:03,$ 3396.00,1
2368,09:30:03,$ 3396.00,1
2369,09:30:03,$ 3396.00,1
2370,09:30:03,$ 3396.00,3
2371,09:30:03,$ 3396.00,1
2372,09:30:03,$ 3396.00,1
2374,09:30:03,$ 3396.00,1
2375,09:30:03,$ 3396.00,1
2376,09:30:03,$ 3396.00,1
2377,09:30:03,$ 3396.00,1
2378,09:30:03,$ 3396.00,1
2379,09:30:03,$ 3396.00,1
2380,09:30:03,$ 3396.00,1
2381,09:30:03,$ 3396.00,1
2382,09:30:03,$ 3396.00,11
2383,09:30:03,$ 3396.00,1
2384,09:30:03,$ 3396.00,2
2385,09:30:03,$ 3396.00,3
2386,09:30:03,$ 3396.00,4
2387,09:30:03,$ 3396.00,5
2388,09:30:03,$ 3396.00,1
2389,09:30:03,$ 3396.00,1
2390,09:30:03,$ 3396.00,1
2391,09:30:03,$ 3396.00,57
2392,09:30:03,$ 3396.00,1
2393,09:30:03,$ 3396.00,1
2395,09:30:03,$ 3396.00,1
2396,09:30:03,$ 3396.00,25
2397,09:30:03,$ 3396.00,3
2398,09:30:03,$ 3396.00,10
2399,09:30:03,$ 3396.00,"2,002"
2400,09:30:03,$ 3396.00,80
2401,09:30:03,$ 3396.00,50
2402,09:30:03,$ 3396.00,1
2403,09:30:03,$ 3396.00,1
2404,09:30:03,$ 3396.00,2
2405,09:30:03,$ 3396.00,2
2406,09:30:03,$ 3396.00,1
2407,09:30:03,$ 3396.00,3
2408,09:30:03,$ 3396.00,2
2409,09:30:03,$ 3396.00,2
2410,09:30:03,$ 3396.00,1
2411,09:30:03,$ 3396.00,1
2412,09:30:03,$ 3396.00,2
2413,09:30:03,$ 3396.00,5
2414,09:30:03,$ 3396.00,3
2416,09:30:03,$ 3396.00,2
2417,09:30:03,$ 3396.00,4
2418,09:30:03,$ 3396.00,1
2419,09:30:03,$ 3396.00,1
2420,09:30:03,$ 3396.00,1
2421,09:30:03,$ 3396.00,4
2422,09:30:03,$ 3396.00,1
2423,09:30:03,$ 3396.00,2
2424,09:30:03,$ 3396.00,1
2425,09:30:03,$ 3396.00,1
2426,09:30:03,$ 3396.00,1
2427,09:30:03,$ 3396.00,1
2428,09:30:03,$ 3396.00,6
2429,09:30:03,$ 3396.00,1
2430,09:30:03,$ 3396.00,2
2431,09:30:03,$ 3396.00,2
2432,09:30:03,$ 3396.00,8
2433,09:30:03,$ 3396.00,1
2434,09:30:03,$ 3396.00,"2,000"
2435,09:30:03,$ 3396.00,2
2437,09:30:03,$ 3396.00,4
2438,09:30:03,$ 3396.00,2
2439,09:30:03,$ 3396.00,1
2440,09:30:03,$ 3396.00,1
2441,09:30:03,$ 3396.00,1
2442,09:30:03,$ 3396.00,1
2443,09:30:03,$ 3396.00,1
2444,09:30:03,$ 3396.00,2
2445,09:30:03,$ 3396.00,2
2446,09:30:03,$ 3396.00,2
2447,09:30:03,$ 3396.00,3
2448,09:30:03,$ 3396.00,3
2449,09:30:03,$ 3396.00,2
2450,09:30:03,$ 3396.00,2
2451,09:30:03,$ 3396.00,1
2452,09:30:03,$ 3396.00,3
2453,09:30:03,$ 3396.00,2
2454,09:30:03,$ 3396.00,2
2455,09:30:03,$ 3396.00,2
2456,09:30:03,$ 3396.00,3
2458,09:30:03,$ 3396.00,1
2459,09:30:03,$ 3396.00,1
2460,09:30:03,$ 3396.00,1
2461,09:30:03,$ 3396.00,3
2462,09:30:03,$ 3396.00,1
2463,09:30:03,$ 3396.00,256
2464,09:30:03,$ 3396.00,11
2465,09:30:03,$ 3396.00,40
2466,09:30:03,$ 3396.00,257
2467,09:30:03,$ 3396.00,1
2468,09:30:03,$ 3396.00,1
2469,09:30:03,$ 3396.00,166
2470,09:30:03,$ 3396.00,608
2471,09:30:03,$ 3396.00,19
2472,09:30:03,$ 3396.00,100
2473,09:30:03,$ 3396.00,10
2474,09:30:03,$ 3396.00,200
2475,09:30:03,$ 3396.00,100
2476,09:30:03,$ 3396.00,4
2477,09:30:03,$ 3396.00,350
2479,09:30:03,$ 3396.00,100
2480,09:30:03,$ 3396.00,1
2481,09:30:03,$ 3396.00,1
2482,09:30:03,$ 3396.00,1
2483,09:30:03,$ 3396.00,3
2484,09:30:03,$ 3396.00,31
2485,09:30:03,$ 3396.00,2
2486,09:30:03,$ 3396.00,12
2487,09:30:03,$ 3396.00,9
2488,09:30:03,$ 3396.00,5
2489,09:30:03,$ 3396.00,200
2490,09:30:03,$ 3396.00,15
2491,09:30:03,$ 3396.00,100
2492,09:30:03,$ 3396.00,3
2493,09:30:03,$ 3396.00,4
2494,09:30:03,$ 3396.00,4
2495,09:30:03,$ 3396.00,18
2496,09:30:03,$ 3396.00,45
2497,09:30:03,$ 3396.00,45
2498,09:30:03,$ 3396.00,45
2500,09:30:03,$ 3396.00,45
2501,09:30:03,$ 3396.00,44
2502,09:30:03,$ 3396.00,44
2503,09:30:03,$ 3396.00,44
2504,09:30:03,$ 3396.00,44
2505,09:30:03,$ 3396.00,513
2506,09:30:03,$ 3396.00,140
2507,09:30:03,$ 3396.00,210
2508,09:30:03,$ 3396.00,42
2509,09:30:03,$ 3396.00,642
2510,09:30:03,$ 3396.00,257
2511,09:30:03,$ 3396.00,64
2512,09:30:03,$ 3396.00,5
2513,09:30:03,$ 3396.00,1
2514,09:30:03,$ 3396.00,1
2515,09:30:03,$ 3396.00,6
2516,09:30:03,$ 3396.00,1
2517,09:30:03,$ 3396.00,2
2518,09:30:03,$ 3396.00,6
2519,09:30:03,$ 3396.00,2
2521,09:30:03,$ 3396.00,1
2522,09:30:03,$ 3396.00,77
2523,09:30:03,$ 3396.00,15
2524,09:30:03,$ 3396.00,1
2525,09:30:03,$ 3396.00,1
2526,09:30:03,$ 3396.00,1
2527,09:30:03,$ 3396.00,6
2528,09:30:03,$ 3396.00,2
2529,09:30:03,$ 3396.00,57
2530,09:30:03,$ 3396.00,29
2531,09:30:03,$ 3396.00,110
2532,09:30:03,$ 3396.00,65
2533,09:30:03,$ 3396.00,2
2534,09:30:03,$ 3396.00,2
2535,09:30:03,$ 3396.00,1
2536,09:30:03,$ 3396.00,3
2537,09:30:03,$ 3396.00,3
2538,09:30:03,$ 3396.00,57
2539,09:30:03,$ 3396.00,19
2540,09:30:03,$ 3396.00,50
2542,09:30:03,$ 3396.00,16
2543,09:30:03,$ 3396.00,1
2544,09:30:03,$ 3396.00,6
2545,09:30:03,$ 3396.00,60
2546,09:30:03,$ 3396.00,1
2547,09:30:03,$ 3396.00,100
2548,09:30:03,$ 3396.00,1
2549,09:30:03,$ 3396.00,6
2550,09:30:03,$ 3396.00,19
2551,09:30:03,$ 3396.00,1
2552,09:30:03,$ 3396.00,15
2553,09:30:03,$ 3396.00,1
2554,09:30:03,$ 3396.00,1
2555,09:30:03,$ 3396.00,2
2556,09:30:03,$ 3396.00,2
2557,09:30:03,$ 3396.00,1
2558,09:30:03,$ 3396.00,10
2559,09:30:03,$ 3396.00,1
2560,09:30:03,$ 3396.00,753
2561,09:30:03,$ 3396.00,5
2563,09:30:03,$ 3396.00,4
2564,09:30:03,$ 3396.00,1
2565,09:30:03,$ 3396.00,2
2566,09:30:03,$ 3396.00,60
2567,09:30:03,$ 3396.00,100
2568,09:30:03,$ 3396.00,162
2569,09:30:03,$ 3396.00,5
2570,09:30:03,$ 3396.00,10
2571,09:30:03,$ 3396.00,4
2572,09:30:03,$ 3396.00,24
2573,09:30:03,$ 3396.00,1
2574,09:30:03,$ 3396.00,1
2575,09:30:03,$ 3396.00,49
2576,09:30:03,$ 3396.00,1
2577,09:30:03,$ 3396.00,1
2578,09:30:03,$ 3396.00,5
2579,09:30:03,$ 3396.00,500
2580,09:30:03,$ 3396.00,4
2581,09:30:03,$ 3396.00,5
2582,09:30:03,$ 3396.00,3
2584,09:30:03,$ 3396.00,100
2585,09:30:03,$ 3396.00,10
2586,09:30:03,$ 3396.00,1
2587,09:30:03,$ 3396.00,37
2588,09:30:03,$ 3396.00,30
2589,09:30:03,$ 3396.00,43
2590,09:30:03,$ 3396.00,25
2591,09:30:03,$ 3396.00,28
2592,09:30:03,$ 3396.00,100
2593,09:30:03,$ 3396.00,1
2594,09:30:03,$ 3396.00,94
2595,09:30:03,$ 3396.00,1
2596,09:30:03,$ 3396.00,19
2597,09:30:03,$ 3396.00,9
2598,09:30:03,$ 3396.00,3
2599,09:30:03,$ 3396.00,12
2600,09:30:03,$ 3396.00,11
2601,09:30:03,$ 3396.00,1
2602,09:30:03,$ 3396.00,1
2603,09:30:03,$ 3396.00,10
2605,09:30:03,$ 3396.00,10
2606,09:30:03,$ 3396.00,10
2607,09:30:03,$ 3396.00,202
2608,09:30:03,$ 3396.00,18
2609,09:30:03,$ 3396.00,1
2610,09:30:03,$ 3396.00,1
2611,09:30:03,$ 3396.00,300
2612,09:30:03,$ 3396.00,2
2613,09:30:03,$ 3396.00,2
2614,09:30:03,$ 3396.00,3
2615,09:30:03,$ 3396.00,1
2616,09:30:03,$ 3396.00,5
2617,09:30:03,$ 3396.00,12
2618,09:30:03,$ 3396.00,30
2619,09:30:03,$ 3396.00,6
2620,09:30:03,$ 3396.00,2
2621,09:30:03,$ 3396.00,8
2622,09:30:03,$ 3396.00,1
2623,09:30:03,$ 3396.00,1
2624,09:30:03,$ 3396.00,5
2626,09:30:03,$ 3396.00,2
2627,09:30:03,$ 3396.00,1
2628,09:30:03,$ 3396.00,2
2629,09:30:03,$ 3396.00,2
2630,09:30:03,$ 3396.00,1
2631,09:30:03,$ 3396.00,5
2632,09:30:03,$ 3396.00,1
2633,09:30:03,$ 3396.00,19
2634,09:30:03,$ 3396.00,42
2635,09:30:03,$ 3396.00,1
2636,09:30:03,$ 3396.00,3
2637,09:30:03,$ 3396.00,3
2638,09:30:03,$ 3396.00,94
2639,09:30:03,$ 3396.00,10
2640,09:30:03,$ 3396.00,10
2641,09:30:03,$ 3396.00,1
2642,09:30:03,$ 3396.00,2
2643,09:30:03,$ 3396.00,1
2644,09:30:03,$ 3396.00,1
2645,09:30:03,$ 3396.00,1
2647,09:30:03,$ 3396.00,1
2648,09:30:03,$ 3396.00,93
2649,09:30:03,$ 3396.00,1
2650,09:30:03,$ 3396.00,1
2651,09:30:03,$ 3396.00,94
2652,09:30:03,$ 3396.00,2
2653,09:30:03,$ 3396.00,6
2654,09:30:03,$ 3396.00,93
2655,09:30:03,$ 3396.00,93
2656,09:30:03,$ 3396.00,1
2657,09:30:03,$ 3396.00,1
2658,09:30:03,$ 3396.00,100
2659,09:30:03,$ 3396.00,10
2660,09:30:03,$ 3396.00,20
2661,09:30:03,$ 3396.00,12
2662,09:30:03,$ 3396.00,1
2663,09:30:03,$ 3396.00,1
2664,09:30:03,$ 3396.00,1
2665,09:30:03,$ 3396.00,1
2666,09:30:03,$ 3396.00,2
2668,09:30:03,$ 3396.00,5
2669,09:30:03,$ 3396.00,1
2670,09:30:03,$ 3396.00,10
2671,09:30:03,$ 3396.00,1
2672,09:30:03,$ 3396.00,1
2673,09:30:03,$ 3396.00,1
2674,09:30:03,$ 3396.00,10
2675,09:30:03,$ 3396.00,102
2676,09:30:03,$ 3396.00,20
2677,09:30:03,$ 3396.00,8
2678,09:30:03,$ 3396.00,1
2679,09:30:03,$ 3396.00,16
2680,09:30:03,$ 3396.00,1
2681,09:30:03,$ 3396.00,3
2682,09:30:03,$ 3396.00,5
2683,09:30:03,$ 3396.00,1
2684,09:30:03,$ 3396.00,10
2685,09:30:03,$ 3396.00,1
2686,09:30:03,$ 3396.00,1
2687,09:30:03,$ 3396.00,94
2689,09:30:03,$ 3396.00,1
2690,09:30:03,$ 3396.00,1
2691,09:30:03,$ 3396.00,18
2692,09:30:03,$ 3396.00,1
2693,09:30:03,$ 3396.00,93
2694,09:30:03,$ 3396.00,1
2695,09:30:03,$ 3396.00,15
2696,09:30:03,$ 3396.00,1
2697,09:30:03,$ 3396.00,93
2698,09:30:03,$ 3396.00,1
2699,09:30:03,$ 3396.00,10
2700,09:30:03,$ 3396.00,5
2701,09:30:03,$ 3396.00,1
2702,09:30:03,$ 3396.00,94
2703,09:30:03,$ 3396.00,93
2704,09:30:03,$ 3396.00,2
2705,09:30:03,$ 3396.00,3
2706,09:30:03,$ 3396.00,100
2707,09:30:03,$ 3396.00,1
2708,09:30:03,$ 3396.00,2
2710,09:30:03,$ 3396.00,1
2711,09:30:03,$ 3396.00,1
2712,09:30:03,$ 3396.00,1
2713,09:30:03,$ 3396.00,1
2714,09:30:03,$ 3396.00,1
2715,09:30:03,$ 3396.00,27
2716,09:30:03,$ 3396.00,1
2717,09:30:03,$ 3396.00,1
2718,09:30:03,$ 3396.00,3
2719,09:30:03,$ 3396.00,2
2720,09:30:03,$ 3396.00,1
2721,09:30:03,$ 3396.00,20
2722,09:30:03,$ 3396.00,2
2723,09:30:03,$ 3396.00,80
2724,09:30:03,$ 3396.00,186
2725,09:30:03,$ 3396.00,1
2726,09:30:03,$ 3396.00,1
2727,09:30:03,$ 3396.00,1
2728,09:30:03,$ 3396.00,1
2729,09:30:03,$ 3396.00,1
2731,09:30:03,$ 3396.00,1
2732,09:30:03,$ 3396.00,1
2733,09:30:03,$ 3396.00,10
2734,09:30:03,$ 3396.00,94
2735,09:30:03,$ 3396.00,93
2736,09:30:03,$ 3396.00,1
2737,09:30:03,$ 3396.00,1
2738,09:30:03,$ 3396.00,10
2739,09:30:03,$ 3396.00,1
2740,09:30:03,$ 3396.00,93
2741,09:30:03,$ 3396.00,6
2742,09:30:03,$ 3396.00,20
2743,09:30:03,$ 3396.00,94
2744,09:30:03,$ 3396.00,93
2745,09:30:03,$ 3396.00,3
2746,09:30:03,$ 3396.00,1
2747,09:30:03,$ 3396.00,1
2748,09:30:03,$ 3396.00,2
2749,09:30:03,$ 3396.00,1
2750,09:30:03,$ 3396.00,1
2752,09:30:03,$ 3396.00,10
2753,09:30:03,$ 3396.00,10
2754,09:30:03,$ 3396.00,2
2755,09:30:03,$ 3396.00,93
2756,09:30:03,$ 3396.00,94
2757,09:30:03,$ 3396.00,93
2758,09:30:03,$ 3396.00,35
2759,09:30:03,$ 3396.00,10
2760,09:30:03,$ 3396.00,94
2761,09:30:03,$ 3396.00,3
2762,09:30:03,$ 3396.00,93
2763,09:30:03,$ 3396.00,93
2764,09:30:03,$ 3396.00,68
2765,09:30:03,$ 3396.00,94
2766,09:30:03,$ 3396.00,93
2767,09:30:03,$ 3396.00,94
2768,09:30:03,$ 3396.00,1
2769,09:30:03,$ 3396.00,1
2770,09:30:03,$ 3396.00,6
2771,09:30:03,$ 3396.00,1
2773,09:30:03,$ 3396.00,5
2774,09:30:03,$ 3396.00,10
2775,09:30:03,$ 3396.00,1
2776,09:30:03,$ 3396.00,10
2777,09:30:03,$ 3396.00,3
2778,09:30:03,$ 3396.00,1
2779,09:30:03,$ 3396.00,1
2780,09:30:03,$ 3396.00,1
2781,09:30:03,$ 3396.00,10
2782,09:30:03,$ 3396.00,5
2783,09:30:03,$ 3396.00,1
2784,09:30:03,$ 3396.00,20
2785,09:30:03,$ 3396.00,2
2786,09:30:03,$ 3396.00,2
2787,09:30:03,$ 3396.00,3
2788,09:30:03,$ 3396.00,10
2789,09:30:03,$ 3396.00,5
2790,09:30:03,$ 3396.00,1
2791,09:30:03,$ 3396.00,6
2792,09:30:03,$ 3396.00,1
2794,09:30:03,$ 3396.00,1
2795,09:30:03,$ 3396.00,1
2796,09:30:03,$ 3396.00,17
2797,09:30:03,$ 3396.00,1
2798,09:30:03,$ 3396.00,5
2799,09:30:03,$ 3396.00,190
2800,09:30:03,$ 3396.00,93
2801,09:30:03,$ 3396.00,93
2802,09:30:03,$ 3396.00,94
2803,09:30:03,$ 3396.00,93
2804,09:30:03,$ 3396.00,93
2805,09:30:03,$ 3396.00,6
2806,09:30:03,$ 3396.00,1
2807,09:30:03,$ 3396.00,1
2808,09:30:03,$ 3396.00,94
2809,09:30:03,$ 3396.00,93
2810,09:30:03,$ 3396.00,29
2811,09:30:03,$ 3396.00,29
2812,09:30:03,$ 3396.00,29
2813,09:30:03,$ 3396.00,29
2815,09:30:03,$ 3396.00,94
2816,09:30:03,$ 3396.00,30
2817,09:30:03,$ 3396.00,30
2818,09:30:03,$ 3396.00,30
2819,09:30:03,$ 3396.00,30
2820,09:30:03,$ 3396.00,93
2821,09:30:03,$ 3396.00,31
2822,09:30:03,$ 3396.00,31
2823,09:30:03,$ 3396.00,31
2824,09:30:03,$ 3396.00,1
2825,09:30:03,$ 3396.00,31
2826,09:30:03,$ 3396.00,1
2827,09:30:03,$ 3396.00,32
2828,09:30:03,$ 3396.00,93
2829,09:30:03,$ 3396.00,32
2830,09:30:03,$ 3396.00,32
2831,09:30:03,$ 3396.00,32
2832,09:30:03,$ 3396.00,33
2833,09:30:03,$ 3396.00,94
2834,09:30:03,$ 3396.00,33
2836,09:30:03,$ 3396.00,33
2837,09:30:03,$ 3396.00,33
2838,09:30:03,$ 3396.00,34
2839,09:30:03,$ 3396.00,93
2840,09:30:03,$ 3396.00,34
2841,09:30:03,$ 3396.00,2
2842,09:30:03,$ 3396.00,1
2843,09:30:03,$ 3396.00,34
2844,09:30:03,$ 3396.00,34
2845,09:30:03,$ 3396.00,35
2846,09:30:03,$ 3396.00,93
2847,09:30:03,$ 3396.00,35
2848,09:30:03,$ 3396.00,35
2849,09:30:03,$ 3396.00,35
2850,09:30:03,$ 3396.00,36
2851,09:30:03,$ 3396.00,94
2852,09:30:03,$ 3396.00,36
2853,09:30:03,$ 3396.00,36
2854,09:30:03,$ 3396.00,36
2855,09:30:03,$ 3396.00,15
2857,09:30:03,$ 3396.00,1
2858,09:30:03,$ 3396.00,1
2859,09:30:03,$ 3396.00,5
2860,09:30:03,$ 3396.00,1
2861,09:30:03,$ 3396.00,1
2862,09:30:03,$ 3396.00,15
2863,09:30:03,$ 3396.00,1
2864,09:30:03,$ 3396.00,37
2865,09:30:03,$ 3396.00,37
2866,09:30:03,$ 3396.00,93
2867,09:30:03,$ 3396.00,37
2868,09:30:03,$ 3396.00,1
2869,09:30:03,$ 3396.00,37
2870,09:30:03,$ 3396.00,38
2871,09:30:03,$ 3396.00,38
2872,09:30:03,$ 3396.00,94
2873,09:30:03,$ 3396.00,38
2874,09:30:03,$ 3396.00,38
2875,09:30:03,$ 3396.00,39
2876,09:30:03,$ 3396.00,1
2878,09:30:03,$ 3396.00,39
2879,09:30:03,$ 3396.00,93
2880,09:30:03,$ 3396.00,39
2881,09:30:03,$ 3396.00,1
2882,09:30:03,$ 3396.00,39
2883,09:30:03,$ 3396.00,40
2884,09:30:03,$ 3396.00,20
2885,09:30:03,$ 3396.00,40
2886,09:30:03,$ 3396.00,1
2887,09:30:03,$ 3396.00,93
2888,09:30:03,$ 3396.00,40
2889,09:30:03,$ 3396.00,40
2890,09:30:03,$ 3396.00,41
2891,09:30:03,$ 3396.00,41
2892,09:30:03,$ 3396.00,94
2893,09:30:03,$ 3396.00,41
2894,09:30:03,$ 3396.00,5
2895,09:30:03,$ 3396.00,1
2896,09:30:03,$ 3396.00,5
2897,09:30:03,$ 3396.00,1
2899,09:30:03,$ 3396.00,1
2900,09:30:03,$ 3396.00,41
2901,09:30:03,$ 3396.00,42
2902,09:30:03,$ 3396.00,42
2903,09:30:03,$ 3396.00,93
2904,09:30:03,$ 3396.00,42
2905,09:30:03,$ 3396.00,1
2906,09:30:03,$ 3396.00,4
2907,09:30:03,$ 3396.00,94
2908,09:30:03,$ 3396.00,1
2909,09:30:03,$ 3396.00,93
2910,09:30:03,$ 3396.00,1
2911,09:30:03,$ 3396.00,3
2912,09:30:03,$ 3396.00,93
2913,09:30:03,$ 3396.00,3
2914,09:30:03,$ 3396.00,100
2915,09:30:03,$ 3396.00,10
2916,09:30:03,$ 3396.00,1
2917,09:30:03,$ 3396.00,10
2918,09:30:03,$ 3396.00,1
2920,09:30:03,$ 3396.00,1
2921,09:30:03,$ 3396.00,1
2922,09:30:03,$ 3396.00,3
2923,09:30:03,$ 3396.00,1
2924,09:30:03,$ 3396.00,1
2925,09:30:03,$ 3396.00,2
2926,09:30:03,$ 3396.00,1
2927,09:30:03,$ 3396.00,2
2928,09:30:03,$ 3396.00,1
2929,09:30:03,$ 3396.00,1
2930,09:30:03,$ 3396.00,2
2931,09:30:03,$ 3396.00,1
2932,09:30:03,$ 3396.00,10
2933,09:30:03,$ 3396.00,1
2934,09:30:03,$ 3396.00,5
2935,09:30:03,$ 3396.00,4
2936,09:30:03,$ 3396.00,5
2937,09:30:03,$ 3396.00,5
2938,09:30:03,$ 3396.00,10
2939,09:30:03,$ 3396.00,1
2941,09:30:03,$ 3396.00,1
2942,09:30:03,$ 3396.00,50
2943,09:30:03,$ 3396.00,1
2944,09:30:03,$ 3396.00,1
2945,09:30:03,$ 3396.00,10
2946,09:30:03,$ 3396.00,2
2947,09:30:03,$ 3396.00,94
2948,09:30:03,$ 3396.00,93
2949,09:30:03,$ 3396.00,2
2950,09:30:03,$ 3396.00,1
2951,09:30:03,$ 3396.00,93
2952,09:30:03,$ 3396.00,94
2953,09:30:03,$ 3396.00,93
2954,09:30:03,$ 3396.00,6
2955,09:30:03,$ 3396.00,1
2956,09:30:03,$ 3396.00,1
2957,09:30:03,$ 3396.00,1
2958,09:30:03,$ 3396.00,1
2959,09:30:03,$ 3396.00,1
2960,09:30:03,$ 3396.00,94
2962,09:30:03,$ 3396.00,93
2963,09:30:03,$ 3396.00,10
2964,09:30:03,$ 3396.00,25
2965,09:30:03,$ 3396.00,1
2966,09:30:03,$ 3396.00,93
2967,09:30:03,$ 3396.00,42
2968,09:30:03,$ 3396.00,94
2969,09:30:03,$ 3396.00,93
2970,09:30:03,$ 3396.00,1
2971,09:30:03,$ 3396.00,1
2972,09:30:03,$ 3396.00,93
2973,09:30:03,$ 3396.00,94
2974,09:30:03,$ 3396.00,1
2975,09:30:03,$ 3396.00,93
2976,09:30:03,$ 3396.00,1
2977,09:30:03,$ 3396.00,94
2978,09:30:03,$ 3396.00,93
2979,09:30:03,$ 3396.00,1
2980,09:30:03,$ 3396.00,93
2981,09:30:03,$ 3396.00,94
2983,09:30:03,$ 3396.00,93
2984,09:30:03,$ 3396.00,94
2985,09:30:03,$ 3396.00,1
2986,09:30:03,$ 3396.00,93
2987,09:30:03,$ 3396.00,2
2988,09:30:03,$ 3396.00,93
2989,09:30:03,$ 3396.00,2
2990,09:30:03,$ 3396.00,94
2991,09:30:03,$ 3396.00,93
2992,09:30:03,$ 3396.00,93
2993,09:30:03,$ 3396.00,40
2994,09:30:03,$ 3396.00,1
2995,09:30:03,$ 3396.00,1
2996,09:30:03,$ 3396.00,4
2997,09:30:03,$ 3396.00,15
2998,09:30:03,$ 3396.00,10
2999,09:30:03,$ 3396.00,20
3000,09:30:03,$ 3396.00,5
3001,09:30:03,$ 3396.00,1
3002,09:30:03,$ 3396.00,1
3004,09:30:03,$ 3396.00,1
3005,09:30:03,$ 3396.00,94
3006,09:30:03,$ 3396.00,93
3007,09:30:03,$ 3396.00,4
3008,09:30:03,$ 3396.00,94
3009,09:30:03,$ 3396.00,1
3010,09:30:03,$ 3396.00,5
3011,09:30:03,$ 3396.00,93
3012,09:30:03,$ 3396.00,93
3013,09:30:03,$ 3396.00,1
3014,09:30:03,$ 3396.00,94
3015,09:30:03,$ 3396.00,93
3016,09:30:03,$ 3396.00,17
3017,09:30:03,$ 3396.00,93
3018,09:30:03,$ 3396.00,94
3019,09:30:03,$ 3396.00,43
3020,09:30:03,$ 3396.00,93
3021,09:30:03,$ 3396.00,1
3022,09:30:03,$ 3396.00,2
3023,09:30:03,$ 3396.00,94
3025,09:30:03,$ 3396.00,93
3026,09:30:03,$ 3396.00,10
3027,09:30:03,$ 3396.00,1
3028,09:30:03,$ 3396.00,21
3029,09:30:03,$ 3396.00,1
3030,09:30:03,$ 3396.00,1
3031,09:30:03,$ 3396.00,20
3032,09:30:03,$ 3396.00,1
3033,09:30:03,$ 3396.00,5
3034,09:30:03,$ 3396.00,93
3035,09:30:03,$ 3396.00,94
3036,09:30:03,$ 3396.00,1
3037,09:30:03,$ 3396.00,1
3038,09:30:03,$ 3396.00,3
3039,09:30:03,$ 3396.00,1
3040,09:30:03,$ 3396.00,93
3041,09:30:03,$ 3396.00,94
3042,09:30:03,$ 3396.00,93
3043,09:30:03,$ 3396.00,19
3044,09:30:03,$ 3396.00,80
3046,09:30:03,$ 3396.00,93
3047,09:30:03,$ 3396.00,2
3048,09:30:03,$ 3396.00,94
3049,09:30:03,$ 3396.00,5
3050,09:30:03,$ 3396.00,93
3051,09:30:03,$ 3396.00,93
3052,09:30:03,$ 3396.00,94
3053,09:30:03,$ 3396.00,93
3054,09:30:03,$ 3396.00,94
3055,09:30:03,$ 3396.00,1
3056,09:30:03,$ 3396.00,2
3057,09:30:03,$ 3396.00,5
3058,09:30:03,$ 3396.00,1
3059,09:30:03,$ 3396.00,1
3060,09:30:03,$ 3396.00,2
3061,09:30:03,$ 3396.00,1
3062,09:30:03,$ 3396.00,1
3063,09:30:03,$ 3396.00,3
3064,09:30:03,$ 3396.00,1
3065,09:30:03,$ 3396.00,20
3067,09:30:03,$ 3396.00,2
3068,09:30:03,$ 3396.00,1
3069,09:30:03,$ 3396.00,1
3070,09:30:03,$ 3396.00,5
3071,09:30:03,$ 3396.00,2
3072,09:30:03,$ 3396.00,10
3073,09:30:03,$ 3396.00,1
3074,09:30:03,$ 3396.00,10
3075,09:30:03,$ 3396.00,2
3076,09:30:03,$ 3396.00,2
3077,09:30:03,$ 3396.00,5
3078,09:30:03,$ 3396.00,1
3079,09:30:03,$ 3396.00,1
3080,09:30:03,$ 3396.00,3
3081,09:30:03,$ 3396.00,1
3082,09:30:03,$ 3396.00,7
3083,09:30:03,$ 3396.00,1
3084,09:30:03,$ 3396.00,1
3085,09:30:03,$ 3396.00,1
3086,09:30:03,$ 3396.00,10
3088,09:30:03,$ 3396.00,93
3089,09:30:03,$ 3396.00,1
3090,09:30:03,$ 3396.00,93
3091,09:30:03,$ 3396.00,52
3092,09:30:03,$ 3396.00,94
3093,09:30:03,$ 3396.00,93
3094,09:30:03,$ 3396.00,2
3095,09:30:03,$ 3396.00,1
3096,09:30:03,$ 3396.00,1
3097,09:30:03,$ 3396.00,10
3098,09:30:03,$ 3396.00,47
3099,09:30:03,$ 3396.00,46
3100,09:30:03,$ 3396.00,20
3101,09:30:03,$ 3396.00,47
3102,09:30:03,$ 3396.00,47
3103,09:30:03,$ 3396.00,5
3104,09:30:03,$ 3396.00,47
3105,09:30:03,$ 3396.00,46
3106,09:30:03,$ 3396.00,47
3107,09:30:03,$ 3396.00,47
3109,09:30:03,$ 3396.00,1
3110,09:30:03,$ 3396.00,46
3111,09:30:03,$ 3396.00,47
3112,09:30:03,$ 3396.00,5
3113,09:30:03,$ 3396.00,1
3114,09:30:03,$ 3396.00,1
3115,09:30:03,$ 3396.00,1
3116,09:30:03,$ 3396.00,10
3117,09:30:03,$ 3396.00,1
3118,09:30:03,$ 3396.00,1
3119,09:30:03,$ 3396.00,1
3120,09:30:03,$ 3396.00,1
3121,09:30:03,$ 3396.00,2
3122,09:30:03,$ 3396.00,25
3123,09:30:03,$ 3396.00,1
3124,09:30:03,$ 3396.00,3
3125,09:30:03,$ 3396.00,15
3126,09:30:03,$ 3396.00,8
3127,09:30:03,$ 3396.00,1
3128,09:30:03,$ 3396.00,2
3130,09:30:03,$ 3396.00,5
3131,09:30:03,$ 3396.00,7
3132,09:30:03,$ 3396.00,10
3133,09:30:03,$ 3396.00,1
3134,09:30:03,$ 3396.00,5
3135,09:30:03,$ 3396.00,70
3136,09:30:03,$ 3396.00,1
3137,09:30:03,$ 3396.00,2
3138,09:30:03,$ 3396.00,1
3139,09:30:03,$ 3396.00,1
3140,09:30:03,$ 3396.00,1
3141,09:30:03,$ 3396.00,23
3142,09:30:03,$ 3396.00,1
3143,09:30:03,$ 3396.00,3
3144,09:30:03,$ 3396.00,4
3145,09:30:03,$ 3396.00,1
3146,09:30:03,$ 3396.00,2
3147,09:30:03,$ 3396.00,25
3148,09:30:03,$ 3396.00,1
3149,09:30:03,$ 3396.00,43
3151,09:30:03,$ 3396.00,1
3152,09:30:03,$ 3396.00,1
3153,09:30:03,$ 3396.00,1
3154,09:30:03,$ 3396.00,19
3155,09:30:03,$ 3396.00,1
3156,09:30:03,$ 3396.00,5
3157,09:30:03,$ 3396.00,20
3158,09:30:03,$ 3396.00,2
3159,09:30:03,$ 3396.00,20
3160,09:30:03,$ 3396.00,43
3161,09:30:03,$ 3396.00,310
3162,09:30:03,$ 3396.00,10
3163,09:30:03,$ 3396.00,43
3164,09:30:03,$ 3396.00,1
3165,09:30:03,$ 3396.00,1
3166,09:30:03,$ 3396.00,1
3167,09:30:03,$ 3396.00,35
3168,09:30:03,$ 3396.00,1
3169,09:30:03,$ 3396.00,2
3170,09:30:03,$ 3396.00,5
3172,09:30:03,$ 3396.00,20
3173,09:30:03,$ 3396.00,20
3174,09:30:03,$ 3396.00,1
3175,09:30:03,$ 3396.00,1
3176,09:30:03,$ 3396.00,15
3177,09:30:03,$ 3396.00,1
3178,09:30:03,$ 3396.00,3
3179,09:30:03,$ 3396.00,1
3180,09:30:03,$ 3396.00,30
3181,09:30:03,$ 3396.00,1
3182,09:30:03,$ 3396.00,2
3183,09:30:03,$ 3396.00,75
3184,09:30:03,$ 3396.00,1
3185,09:30:03,$ 3396.00,2
3186,09:30:03,$ 3396.00,50
3187,09:30:03,$ 3396.00,5
3188,09:30:03,$ 3396.00,1
3189,09:30:03,$ 3396.00,1
3190,09:30:03,$ 3396.00,1
3191,09:30:03,$ 3396.00,1
3193,09:30:03,$ 3396.00,6
3194,09:30:03,$ 3396.00,2
3195,09:30:03,$ 3396.00,2
3196,09:30:03,$ 3396.00,91
3197,09:30:03,$ 3396.00,1
3198,09:30:03,$ 3396.00,2
3199,09:30:03,$ 3396.00,1
3200,09:30:03,$ 3396.00,25
3201,09:30:03,$ 3396.00,2
3202,09:30:03,$ 3396.00,5
3203,09:30:03,$ 3396.00,1
3204,09:30:03,$ 3396.00,1
3205,09:30:03,$ 3396.00,6
3206,09:30:03,$ 3396.00,5
3207,09:30:03,$ 3396.00,5
3208,09:30:03,$ 3396.00,1
3209,09:30:03,$ 3396.00,1
3210,09:30:03,$ 3396.00,4
3211,09:30:03,$ 3396.00,1
3212,09:30:03,$ 3396.00,2
3214,09:30:03,$ 3396.00,1
3215,09:30:03,$ 3396.00,10
3216,09:30:03,$ 3396.00,2
3217,09:30:03,$ 3396.00,1
3218,09:30:03,$ 3396.00,1
3219,09:30:03,$ 3396.00,10
3220,09:30:03,$ 3396.00,1
3221,09:30:03,$ 3396.00,2
3222,09:30:03,$ 3396.00,1
3223,09:30:03,$ 3396.00,2
3224,09:30:03,$ 3396.00,50
3225,09:30:03,$ 3396.00,5
3226,09:30:03,$ 3396.00,5
3227,09:30:03,$ 3396.00,131
3228,09:30:03,$ 3396.00,2
3229,09:30:03,$ 3396.00,2
3230,09:30:03,$ 3396.00,1
3231,09:30:03,$ 3396.00,1
3232,09:30:03,$ 3396.00,3
3233,09:30:03,$ 3396.00,2
3235,09:30:03,$ 3396.00,2
3236,09:30:03,$ 3396.00,10
3237,09:30:03,$ 3396.00,1
3238,09:30:03,$ 3396.00,15
3239,09:30:03,$ 3396.00,2
3240,09:30:03,$ 3396.00,1
3241,09:30:03,$ 3396.00,1
3242,09:30:03,$ 3396.00,1
3243,09:30:03,$ 3396.00,1
3244,09:30:03,$ 3396.00,1
3245,09:30:03,$ 3396.00,100
3246,09:30:03,$ 3396.00,2
3247,09:30:03,$ 3396.00,3
3248,09:30:03,$ 3396.00,10
3249,09:30:03,$ 3396.00,2
3250,09:30:03,$ 3396.00,2
3251,09:30:03,$ 3396.00,3
3252,09:30:03,$ 3396.00,1
3253,09:30:03,$ 3396.00,2
3254,09:30:03,$ 3396.00,1
3256,09:30:03,$ 3396.00,1
3257,09:30:03,$ 3396.00,1
3258,09:30:03,$ 3396.00,1
3259,09:30:03,$ 3396.00,25
3260,09:30:03,$ 3396.00,1
3261,09:30:03,$ 3396.00,10
3262,09:30:03,$ 3396.00,10
3263,09:30:03,$ 3396.00,10
3264,09:30:03,$ 3396.00,10
3265,09:30:03,$ 3396.00,20
3266,09:30:03,$ 3396.00,19
3267,09:30:03,$ 3396.00,20
3268,09:30:03,$ 3396.00,11
3269,09:30:03,$ 3396.00,40
3270,09:30:03,$ 3396.00,26
3271,09:30:03,$ 3396.00,54
3272,09:30:03,$ 3396.00,5
3273,09:30:03,$ 3396.00,10
3274,09:30:03,$ 3396.00,1
3275,09:30:03,$ 3396.00,4
3277,09:30:03,$ 3396.00,1
3278,09:30:03,$ 3396.00,2
3279,09:30:03,$ 3396.00,14
3280,09:30:03,$ 3396.00,1
3281,09:30:03,$ 3396.00,2
3282,09:30:03,$ 3396.00,2
3283,09:30:03,$ 3396.00,1
3284,09:30:03,$ 3396.00,13
3285,09:30:03,$ 3396.00,5
3286,09:30:03,$ 3396.00,8
3287,09:30:03,$ 3396.00,8
3288,09:30:03,$ 3396.00,29
3289,09:30:03,$ 3396.00,2
3290,09:30:03,$ 3396.00,2
3291,09:30:03,$ 3396.00,2
3292,09:30:03,$ 3396.00,1
3293,09:30:03,$ 3396.00,1
3294,09:30:03,$ 3396.00,1
3295,09:30:03,$ 3396.00,2
3296,09:30:03,$ 3396.00,1
3298,09:30:03,$ 3396.00,10
3299,09:30:03,$ 3396.00,3
3300,09:30:03,$ 3396.00,5
3301,09:30:03,$ 3396.00,7
3302,09:30:03,$ 3396.00,3
3303,09:30:03,$ 3396.00,4
3304,09:30:03,$ 3396.00,18
3305,09:30:03,$ 3396.00,10
3306,09:30:03,$ 3396.00,1
3307,09:30:03,$ 3396.00,10
3308,09:30:03,$ 3396.00,1
3309,09:30:03,$ 3396.00,1
3310,09:30:03,$ 3396.00,1
3311,09:30:03,$ 3396.00,1
3312,09:30:03,$ 3396.00,1
3313,09:30:03,$ 3396.00,1
3314,09:30:03,$ 3396.00,1
3315,09:30:03,$ 3396.00,1
3316,09:30:03,$ 3396.00,2
3317,09:30:03,$ 3396.00,1
3319,09:30:03,$ 3396.00,10
3320,09:30:03,$ 3396.00,3
3321,09:30:03,$ 3396.00,5
3322,09:30:03,$ 3396.00,7
3323,09:30:03,$ 3396.00,3
3324,09:30:03,$ 3396.00,4
3325,09:30:03,$ 3396.00,18
3326,09:30:03,$ 3396.00,10
3327,09:30:03,$ 3396.00,1
3328,09:30:03,$ 3396.00,10
3329,09:30:03,$ 3396.00,1
3330,09:30:03,$ 3396.00,1
3331,09:30:03,$ 3396.00,1
3332,09:30:03,$ 3396.00,1
3333,09:30:03,$ 3396.00,1
3334,09:30:03,$ 3396.00,1
3335,09:30:03,$ 3396.00,1
3336,09:30:03,$ 3396.00,1
3337,09:30:03,$ 3396.00,2
3338,09:30:03,$ 3396.00,1
3340,09:30:03,$ 3396.00,1
3341,09:30:03,$ 3396.00,1
3342,09:30:03,$ 3396.00,300
3343,09:30:03,$ 3396.00,1
3344,09:30:03,$ 3396.00,2
3345,09:30:03,$ 3396.00,1
3346,09:30:03,$ 3396.00,1
3347,09:30:03,$ 3396.00,1
3348,09:30:03,$ 3396.00,100
3349,09:30:03,$ 3396.00,1
3350,09:30:03,$ 3396.00,3
3351,09:30:03,$ 3396.00,50
3352,09:30:03,$ 3396.00,10
3353,09:30:03,$ 3396.00,10
3354,09:30:03,$ 3396.00,10
3355,09:30:03,$ 3396.00,1
3356,09:30:03,$ 3396.00,1
3357,09:30:03,$ 3396.00,1
3358,09:30:03,$ 3396.00,5
3359,09:30:03,$ 3396.00,5
3361,09:30:03,$ 3396.00,2
3362,09:30:03,$ 3396.00,7
3363,09:30:03,$ 3396.00,1
3364,09:30:03,$ 3396.00,36
3365,09:30:03,$ 3396.00,1
3366,09:30:03,$ 3396.00,1
3367,09:30:03,$ 3396.00,7
3368,09:30:03,$ 3396.00,4
3369,09:30:03,$ 3396.00,1
3370,09:30:03,$ 3396.00,2
3371,09:30:03,$ 3396.00,2
3372,09:30:03,$ 3396.00,1
3373,09:30:03,$ 3396.00,20
3374,09:30:03,$ 3396.00,1
3375,09:30:03,$ 3396.00,1
3376,09:30:03,$ 3396.00,1
3377,09:30:03,$ 3396.00,1
3378,09:30:03,$ 3396.00,2
3379,09:30:03,$ 3396.00,3
3380,09:30:03,$ 3396.00,1
3382,09:30:03,$ 3396.00,1
3383,09:30:03,$ 3396.00,1
3384,09:30:03,$ 3396.00,10
3385,09:30:03,$ 3396.00,1
3386,09:30:03,$ 3396.00,1
3387,09:30:03,$ 3396.00,3
3388,09:30:03,$ 3396.00,1
3389,09:30:03,$ 3396.00,2
3390,09:30:03,$ 3396.00,1
3391,09:30:03,$ 3396.00,1
3392,09:30:03,$ 3396.00,5
3393,09:30:03,$ 3396.00,5
3394,09:30:03,$ 3396.00,1
3395,09:30:03,$ 3396.00,1
3396,09:30:03,$ 3396.00,2
3397,09:30:03,$ 3396.00,10
3398,09:30:03,$ 3396.00,50
3399,09:30:03,$ 3396.00,1
3400,09:30:03,$ 3396.00,1
3401,09:30:03,$ 3396.00,1
3403,09:30:03,$ 3396.00,5
3404,09:30:03,$ 3396.00,2
3405,09:30:03,$ 3396.00,2
3406,09:30:03,$ 3396.00,1
3407,09:30:03,$ 3396.00,25
3408,09:30:03,$ 3396.00,3
3409,09:30:03,$ 3396.00,2
3410,09:30:03,$ 3396.00,1
3411,09:30:03,$ 3396.00,4
3412,09:30:03,$ 3396.00,1
3413,09:30:03,$ 3396.00,50
3414,09:30:03,$ 3396.00,1
3415,09:30:03,$ 3396.00,5
3416,09:30:03,$ 3396.00,2
3417,09:30:03,$ 3396.00,1
3418,09:30:03,$ 3396.00,1
3419,09:30:03,$ 3396.00,2
3420,09:30:03,$ 3396.00,1
3421,09:30:03,$ 3396.00,1
3422,09:30:03,$ 3396.00,"1,000"
3424,09:30:03,$ 3396.00,1
3425,09:30:03,$ 3396.00,1
3426,09:30:03,$ 3396.00,1
3427,09:30:03,$ 3396.00,1
3428,09:30:03,$ 3396.00,1
3429,09:30:03,$ 3396.00,20
3430,09:30:03,$ 3396.00,2
3431,09:30:03,$ 3396.00,1
3432,09:30:03,$ 3396.00,1
3433,09:30:03,$ 3396.00,3
3434,09:30:03,$ 3396.00,8
3435,09:30:03,$ 3396.00,15
3436,09:30:03,$ 3396.00,1
3437,09:30:03,$ 3396.00,1
3438,09:30:03,$ 3396.00,1
3439,09:30:03,$ 3396.00,2
3440,09:30:03,$ 3396.00,1
3441,09:30:03,$ 3396.00,1
3442,09:30:03,$ 3396.00,1
3443,09:30:03,$ 3396.00,2
3445,09:30:03,$ 3396.00,3
3446,09:30:03,$ 3396.00,4
3447,09:30:03,$ 3396.00,2
3448,09:30:03,$ 3396.00,5
3449,09:30:03,$ 3396.00,3
3450,09:30:03,$ 3396.00,1
3451,09:30:03,$ 3396.00,1
3452,09:30:03,$ 3396.00,1
3453,09:30:03,$ 3396.00,20
3454,09:30:03,$ 3396.00,5
3455,09:30:03,$ 3396.00,1
3456,09:30:03,$ 3396.00,2
3457,09:30:03,$ 3396.00,1
3458,09:30:03,$ 3396.00,2
3459,09:30:03,$ 3396.00,1
3460,09:30:03,$ 3396.00,15
3461,09:30:03,$ 3396.00,2
3462,09:30:03,$ 3396.00,10
3463,09:30:03,$ 3396.00,1
3464,09:30:03,$ 3396.00,1
3466,09:30:03,$ 3396.00,2
3467,09:30:03,$ 3396.00,1
3468,09:30:03,$ 3396.00,10
3469,09:30:03,$ 3396.00,1
3470,09:30:03,$ 3396.00,1
3471,09:30:03,$ 3396.00,1
3472,09:30:03,$ 3396.00,10
3473,09:30:03,$ 3396.00,4
3474,09:30:03,$ 3396.00,34
3475,09:30:03,$ 3396.00,51
3476,09:30:03,$ 3396.00,1
3477,09:30:03,$ 3396.00,1
3478,09:30:03,$ 3396.00,1
3479,09:30:03,$ 3396.00,1
3480,09:30:03,$ 3396.00,10
3481,09:30:03,$ 3396.00,1
3482,09:30:03,$ 3396.00,1
3483,09:30:03,$ 3396.00,1
3484,09:30:03,$ 3396.00,30
3485,09:30:03,$ 3396.00,3
3487,09:30:03,$ 3396.00,1
3488,09:30:03,$ 3396.00,1
3489,09:30:03,$ 3396.00,10
3490,09:30:03,$ 3396.00,1
3491,09:30:03,$ 3396.00,3
3492,09:30:03,$ 3396.00,2
3493,09:30:03,$ 3396.00,1
3494,09:30:03,$ 3396.00,2
3495,09:30:03,$ 3396.00,10
3496,09:30:03,$ 3396.00,1
3497,09:30:03,$ 3396.00,5
3498,09:30:03,$ 3396.00,1
3499,09:30:03,$ 3396.00,1
3500,09:30:03,$ 3396.00,1
3501,09:30:03,$ 3396.00,2
3502,09:30:03,$ 3396.00,1
3503,09:30:03,$ 3396.00,3
3504,09:30:03,$ 3396.00,1
3505,09:30:03,$ 3396.00,1
3506,09:30:03,$ 3396.00,1
3508,09:30:03,$ 3396.00,2
3509,09:30:03,$ 3396.00,4
3510,09:30:03,$ 3396.00,5
3511,09:30:03,$ 3396.00,1
3512,09:30:03,$ 3396.00,1
3513,09:30:03,$ 3396.00,2
3514,09:30:03,$ 3396.00,13
3515,09:30:03,$ 3396.00,3
3516,09:30:03,$ 3396.00,10
3517,09:30:03,$ 3396.00,10
3518,09:30:03,$ 3396.00,5
3519,09:30:03,$ 3396.00,2
3520,09:30:03,$ 3396.00,1
3521,09:30:03,$ 3396.00,1
3522,09:30:03,$ 3396.00,1
3523,09:30:03,$ 3396.00,1
3524,09:30:03,$ 3396.00,10
3525,09:30:03,$ 3396.00,12
3526,09:30:03,$ 3396.00,10
3527,09:30:03,$ 3396.00,1
3529,09:30:03,$ 3396.00,2
3530,09:30:03,$ 3396.00,1
3531,09:30:03,$ 3396.00,1
3532,09:30:03,$ 3396.00,1
3533,09:30:03,$ 3396.00,1
3534,09:30:03,$ 3396.00,1
3535,09:30:03,$ 3396.00,1
3536,09:30:03,$ 3396.00,1
3537,09:30:03,$ 3396.00,1
3538,09:30:03,$ 3396.00,2
3539,09:30:03,$ 3396.00,200
3540,09:30:03,$ 3396.00,3
3541,09:30:03,$ 3396.00,2
3542,09:30:03,$ 3396.00,60
3543,09:30:03,$ 3396.00,2
3544,09:30:03,$ 3396.00,1
3545,09:30:03,$ 3396.00,1
3546,09:30:03,$ 3396.00,10
3547,09:30:03,$ 3396.00,1
3548,09:30:03,$ 3396.00,13
3550,09:30:03,$ 3396.00,3
3551,09:30:03,$ 3396.00,10
3552,09:30:03,$ 3396.00,8
3553,09:30:03,$ 3396.00,1
3554,09:30:03,$ 3396.00,1
3555,09:30:03,$ 3396.00,2
3556,09:30:03,$ 3396.00,1
3557,09:30:03,$ 3396.00,1
3558,09:30:03,$ 3396.00,5
3559,09:30:03,$ 3396.00,1
3560,09:30:03,$ 3396.00,1
3561,09:30:03,$ 3396.00,1
3562,09:30:03,$ 3396.00,2
3563,09:30:03,$ 3396.00,1
3564,09:30:03,$ 3396.00,1
3565,09:30:03,$ 3396.00,3
3566,09:30:03,$ 3396.00,1
3567,09:30:03,$ 3396.00,10
3568,09:30:03,$ 3396.00,2
3569,09:30:03,$ 3396.00,1
3571,09:30:03,$ 3396.00,1
3572,09:30:03,$ 3396.00,1
3573,09:30:03,$ 3396.00,10
3574,09:30:03,$ 3396.00,6
3575,09:30:03,$ 3396.00,1
3576,09:30:03,$ 3396.00,2
3577,09:30:03,$ 3396.00,2
3578,09:30:03,$ 3396.00,1
3579,09:30:03,$ 3396.00,5
3580,09:30:03,$ 3396.00,10
3581,09:30:03,$ 3396.00,5
3582,09:30:03,$ 3396.00,10
3583,09:30:03,$ 3396.00,1
3584,09:30:03,$ 3396.00,1
3585,09:30:03,$ 3396.00,10
3586,09:30:03,$ 3396.00,10
3587,09:30:03,$ 3396.00,5
3588,09:30:03,$ 3396.00,1
3589,09:30:03,$ 3396.00,5
3590,09:30:03,$ 3396.00,2
3592,09:30:03,$ 3396.00,3
3593,09:30:03,$ 3396.00,2
3594,09:30:03,$ 3396.00,3
3595,09:30:03,$ 3396.00,2
3596,09:30:03,$ 3396.00,1
3597,09:30:03,$ 3396.00,2
3598,09:30:03,$ 3396.00,1
3599,09:30:03,$ 3396.00,3
3600,09:30:03,$ 3396.00,2
3601,09:30:03,$ 3396.00,1
3602,09:30:03,$ 3396.00,1
3603,09:30:03,$ 3396.00,1
3604,09:30:03,$ 3396.00,2
3605,09:30:03,$ 3396.00,4
3606,09:30:03,$ 3396.00,5
3607,09:30:03,$ 3396.00,1
3608,09:30:03,$ 3396.00,1
3609,09:30:03,$ 3396.00,1
3610,09:30:03,$ 3396.00,1
3611,09:30:03,$ 3396.00,4
3613,09:30:03,$ 3396.00,1
3614,09:30:03,$ 3396.00,4
3615,09:30:03,$ 3396.00,1
3616,09:30:03,$ 3396.00,3
3617,09:30:03,$ 3396.00,2
3618,09:30:03,$ 3396.00,1
3619,09:30:03,$ 3396.00,7
3620,09:30:03,$ 3396.00,3
3621,09:30:03,$ 3396.00,1
3622,09:30:03,$ 3396.00,5
3623,09:30:03,$ 3396.00,1
3624,09:30:03,$ 3396.00,3
3625,09:30:03,$ 3396.00,1
3626,09:30:03,$ 3396.00,1
3627,09:30:03,$ 3396.00,1
3628,09:30:03,$ 3396.00,1
3629,09:30:03,$ 3396.00,2
3630,09:30:03,$ 3396.00,1
3631,09:30:03,$ 3396.00,5
3632,09:30:03,$ 3396.00,4
3634,09:30:03,$ 3396.00,10
3635,09:30:03,$ 3396.00,47
3636,09:30:03,$ 3396.00,5
3637,09:30:03,$ 3396.00,1
3638,09:30:03,$ 3396.00,1
3639,09:30:03,$ 3396.00,1
3640,09:30:03,$ 3396.00,4
3641,09:30:03,$ 3396.00,1
3642,09:30:03,$ 3396.00,3
3643,09:30:03,$ 3396.00,1
3644,09:30:03,$ 3396.00,1
3645,09:30:03,$ 3396.00,3
3646,09:30:03,$ 3396.00,1
3647,09:30:03,$ 3396.00,1
3648,09:30:03,$ 3396.00,5
3649,09:30:03,$ 3396.00,1
3650,09:30:03,$ 3396.00,1
3651,09:30:03,$ 3396.00,1
3652,09:30:03,$ 3396.00,1
3653,09:30:03,$ 3396.00,30
3655,09:30:03,$ 3396.00,6
3656,09:30:03,$ 3396.00,1
3657,09:30:03,$ 3396.00,5
3658,09:30:03,$ 3396.00,1
3659,09:30:03,$ 3396.00,1
3660,09:30:03,$ 3396.00,3
3661,09:30:03,$ 3396.00,10
3662,09:30:03,$ 3396.00,4
3663,09:30:03,$ 3396.00,3
3664,09:30:03,$ 3396.00,4
3665,09:30:03,$ 3396.00,1
3666,09:30:03,$ 3396.00,1
3667,09:30:03,$ 3396.00,3
3668,09:30:03,$ 3396.00,1
3669,09:30:03,$ 3396.00,1
3670,09:30:03,$ 3396.00,2
3671,09:30:03,$ 3396.00,1
3672,09:30:03,$ 3396.00,1
3673,09:30:03,$ 3396.00,2
3674,09:30:03,$ 3396.00,25
3676,09:30:03,$ 3396.00,1
3677,09:30:03,$ 3396.00,1
3678,09:30:03,$ 3396.00,2
3679,09:30:03,$ 3396.00,1
3680,09:30:03,$ 3396.00,10
3681,09:30:03,$ 3396.00,1
3682,09:30:03,$ 3396.00,1
3683,09:30:03,$ 3396.00,1
3684,09:30:03,$ 3396.00,8
3685,09:30:03,$ 3396.00,1
3686,09:30:03,$ 3396.00,1
3687,09:30:03,$ 3396.00,1
3688,09:30:03,$ 3396.00,1
3689,09:30:03,$ 3396.00,1
3690,09:30:03,$ 3396.00,2
3691,09:30:03,$ 3396.00,5
3692,09:30:03,$ 3396.00,3
3693,09:30:03,$ 3396.00,3
3694,09:30:03,$ 3396.00,1
3695,09:30:03,$ 3396.00,1
3697,09:30:03,$ 3396.00,1
3698,09:30:03,$ 3396.00,1
3699,09:30:03,$ 3396.00,1
3700,09:30:03,$ 3396.00,100
3701,09:30:03,$ 3396.00,1
3702,09:30:03,$ 3396.00,1
3703,09:30:03,$ 3396.00,10
3704,09:30:03,$ 3396.00,5
3705,09:30:03,$ 3396.00,10
3706,09:30:03,$ 3396.00,2
3707,09:30:03,$ 3396.00,1
3708,09:30:03,$ 3396.00,1
3709,09:30:03,$ 3396.00,3
3710,09:30:03,$ 3396.00,1
3711,09:30:03,$ 3396.00,4
3712,09:30:03,$ 3396.00,1
3713,09:30:03,$ 3396.00,2
3714,09:30:03,$ 3396.00,1
3715,09:30:03,$ 3396.00,2
3716,09:30:03,$ 3396.00,1
3718,09:30:03,$ 3396.00,10
3719,09:30:03,$ 3396.00,1
3720,09:30:03,$ 3396.00,1
3721,09:30:03,$ 3396.00,10
3722,09:30:03,$ 3396.00,1
3723,09:30:03,$ 3396.00,1
3724,09:30:03,$ 3396.00,4
3725,09:30:03,$ 3396.00,1
3726,09:30:03,$ 3396.00,1
3727,09:30:03,$ 3396.00,1
3728,09:30:03,$ 3396.00,4
3729,09:30:03,$ 3396.00,1
3730,09:30:03,$ 3396.00,1
3731,09:30:03,$ 3396.00,1
3732,09:30:03,$ 3396.00,1
3733,09:30:03,$ 3396.00,1
3734,09:30:03,$ 3396.00,9
3735,09:30:03,$ 3396.00,4
3736,09:30:03,$ 3396.00,5
3737,09:30:03,$ 3396.00,1
3739,09:30:03,$ 3396.00,1
3740,09:30:03,$ 3396.00,3
3741,09:30:03,$ 3396.00,2
3742,09:30:03,$ 3396.00,5
3743,09:30:03,$ 3396.00,1
3744,09:30:03,$ 3396.00,1
3745,09:30:03,$ 3396.00,1
3746,09:30:03,$ 3396.00,1
3747,09:30:03,$ 3396.00,10
3748,09:30:03,$ 3396.00,10
3749,09:30:03,$ 3396.00,1
3750,09:30:03,$ 3396.00,1
3751,09:30:03,$ 3396.00,7
3752,09:30:03,$ 3396.00,5
3753,09:30:03,$ 3396.00,5
3754,09:30:03,$ 3396.00,1
3755,09:30:03,$ 3396.00,4
3756,09:30:03,$ 3396.00,5
3757,09:30:03,$ 3396.00,1
3758,09:30:03,$ 3396.00,10
3760,09:30:03,$ 3396.00,1
3761,09:30:03,$ 3396.00,1
3762,09:30:03,$ 3396.00,50
3763,09:30:03,$ 3396.00,5
3764,09:30:03,$ 3396.00,2
3765,09:30:03,$ 3396.00,10
3766,09:30:03,$ 3396.00,3
3767,09:30:03,$ 3396.00,5
3768,09:30:03,$ 3396.00,3
3769,09:30:03,$ 3396.00,10
3770,09:30:03,$ 3396.00,3
3771,09:30:03,$ 3396.00,2
3772,09:30:03,$ 3396.00,1
3773,09:30:03,$ 3396.00,4
3774,09:30:03,$ 3396.00,1
3775,09:30:03,$ 3396.00,1
3776,09:30:03,$ 3396.00,1
3777,09:30:03,$ 3396.00,1
3778,09:30:03,$ 3396.00,1
3779,09:30:03,$ 3396.00,1
3781,09:30:03,$ 3396.00,1
3782,09:30:03,$ 3396.00,2
3783,09:30:03,$ 3396.00,1
3784,09:30:03,$ 3396.00,1
3785,09:30:03,$ 3396.00,90
3786,09:30:03,$ 3396.00,30
3787,09:30:03,$ 3396.00,2
3788,09:30:03,$ 3396.00,1
3789,09:30:03,$ 3396.00,40
3790,09:30:03,$ 3396.00,10
3791,09:30:03,$ 3396.00,5
3792,09:30:03,$ 3396.00,1
3793,09:30:03,$ 3396.00,5
3794,09:30:03,$ 3396.00,5
3795,09:30:03,$ 3396.00,2
3796,09:30:03,$ 3396.00,3
3797,09:30:03,$ 3396.00,1
3798,09:30:03,$ 3396.00,1
3799,09:30:03,$ 3396.00,10
3800,09:30:03,$ 3396.00,1
3802,09:30:03,$ 3396.00,3
3803,09:30:03,$ 3396.00,3
3804,09:30:03,$ 3396.00,1
3805,09:30:03,$ 3396.00,1
3806,09:30:03,$ 3396.00,1
3807,09:30:03,$ 3396.00,5
3808,09:30:03,$ 3396.00,10
3809,09:30:03,$ 3396.00,1
3810,09:30:03,$ 3396.00,1
3811,09:30:03,$ 3396.00,3
3812,09:30:03,$ 3396.00,1
3813,09:30:03,$ 3396.00,1
3814,09:30:03,$ 3396.00,1
3815,09:30:03,$ 3396.00,1
3816,09:30:03,$ 3396.00,1
3817,09:30:03,$ 3396.00,1
3818,09:30:03,$ 3396.00,21
3819,09:30:03,$ 3396.00,5
3820,09:30:03,$ 3396.00,20
3821,09:30:03,$ 3396.00,10
3823,09:30:03,$ 3396.00,1
3824,09:30:03,$ 3396.00,2
3825,09:30:03,$ 3396.00,1
3826,09:30:03,$ 3396.00,1
3827,09:30:03,$ 3396.00,5
3828,09:30:03,$ 3396.00,59
3829,09:30:03,$ 3396.00,15
3830,09:30:03,$ 3396.00,1
3831,09:30:03,$ 3396.00,15
3832,09:30:03,$ 3396.00,8
3833,09:30:03,$ 3396.00,30
3834,09:30:03,$ 3396.00,7
3835,09:30:03,$ 3396.00,12
3836,09:30:03,$ 3396.00,12
3837,09:30:03,$ 3396.00,50
3838,09:30:03,$ 3396.00,10
3839,09:30:03,$ 3396.00,12
3840,09:30:03,$ 3396.00,15
3841,09:30:03,$ 3396.00,6
3842,09:30:03,$ 3396.00,10
3844,09:30:03,$ 3396.00,6
3845,09:30:03,$ 3396.00,10
3846,09:30:03,$ 3396.00,1
3847,09:30:03,$ 3396.00,100
3848,09:30:03,$ 3396.00,2
3849,09:30:03,$ 3396.00,2
3850,09:30:03,$ 3396.00,3
3851,09:30:03,$ 3396.00,2
3852,09:30:03,$ 3396.00,1
3853,09:30:03,$ 3396.00,1
3854,09:30:03,$ 3396.00,30
3855,09:30:03,$ 3396.00,1
3856,09:30:03,$ 3396.00,2
3857,09:30:03,$ 3396.00,9
3858,09:30:03,$ 3396.00,6
3859,09:30:03,$ 3396.00,20
3860,09:30:03,$ 3396.00,9
3861,09:30:03,$ 3396.00,4
3862,09:30:03,$ 3396.00,1
3863,09:30:03,$ 3396.00,1
3865,09:30:03,$ 3396.00,1
3866,09:30:03,$ 3396.00,1
3867,09:30:03,$ 3396.00,2
3868,09:30:03,$ 3396.00,1
3869,09:30:03,$ 3396.00,1
3870,09:30:03,$ 3396.00,1
3871,09:30:03,$ 3396.00,1
3872,09:30:03,$ 3396.00,10
3873,09:30:03,$ 3396.00,1
3874,09:30:03,$ 3396.00,1
3875,09:30:03,$ 3396.00,2
3876,09:30:03,$ 3396.00,3
3877,09:30:03,$ 3396.00,2
3878,09:30:03,$ 3396.00,3
3879,09:30:03,$ 3396.00,3
3880,09:30:03,$ 3396.00,1
3881,09:30:03,$ 3396.00,10
3882,09:30:03,$ 3396.00,1
3883,09:30:03,$ 3396.00,1
3884,09:30:03,$ 3396.00,1
3886,09:30:03,$ 3396.00,2
3887,09:30:03,$ 3396.00,1
3888,09:30:03,$ 3396.00,1
3889,09:30:03,$ 3396.00,2
3890,09:30:03,$ 3396.00,1
3891,09:30:03,$ 3396.00,5
3892,09:30:03,$ 3396.00,1
3893,09:30:03,$ 3396.00,3
3894,09:30:03,$ 3396.00,1
3895,09:30:03,$ 3396.00,1
3896,09:30:03,$ 3396.00,1
3897,09:30:03,$ 3396.00,2
3898,09:30:03,$ 3396.00,3
3899,09:30:03,$ 3396.00,1
3900,09:30:03,$ 3396.00,1
3901,09:30:03,$ 3396.00,1
3902,09:30:03,$ 3396.00,1
3903,09:30:03,$ 3396.00,13
3904,09:30:03,$ 3396.00,5
3905,09:30:03,$ 3396.00,2
3907,09:30:03,$ 3396.00,10
3908,09:30:03,$ 3396.00,1
3909,09:30:03,$ 3396.00,1
3910,09:30:03,$ 3396.00,1
3911,09:30:03,$ 3396.00,1
3912,09:30:03,$ 3396.00,5
3913,09:30:03,$ 3396.00,5
3914,09:30:03,$ 3396.00,1
3915,09:30:03,$ 3396.00,1
3916,09:30:03,$ 3396.00,1
3917,09:30:03,$ 3396.00,9
3918,09:30:03,$ 3396.00,1
3919,09:30:03,$ 3396.00,1
3920,09:30:03,$ 3396.00,1
3921,09:30:03,$ 3396.00,1
3922,09:30:03,$ 3396.00,5
3923,09:30:03,$ 3396.00,1
3924,09:30:03,$ 3396.00,2
3925,09:30:03,$ 3396.00,1
3926,09:30:03,$ 3396.00,5
3928,09:30:03,$ 3396.00,1
3929,09:30:03,$ 3396.00,1
3930,09:30:03,$ 3396.00,7
3931,09:30:03,$ 3396.00,1
3932,09:30:03,$ 3396.00,10
3933,09:30:03,$ 3396.00,1
3934,09:30:03,$ 3396.00,1
3935,09:30:03,$ 3396.00,4
3936,09:30:03,$ 3396.00,1
3937,09:30:03,$ 3396.00,3
3938,09:30:03,$ 3396.00,1
3939,09:30:03,$ 3396.00,1
3940,09:30:03,$ 3396.00,50
3941,09:30:03,$ 3396.00,2
3942,09:30:03,$ 3396.00,1
3943,09:30:03,$ 3396.00,10
3944,09:30:03,$ 3396.00,3
3945,09:30:03,$ 3396.00,1
3946,09:30:03,$ 3396.00,3
3947,09:30:03,$ 3396.00,10
3949,09:30:03,$ 3396.00,30
3950,09:30:03,$ 3396.00,5
3951,09:30:03,$ 3396.00,3
3952,09:30:03,$ 3396.00,3
3953,09:30:03,$ 3396.00,1
3954,09:30:03,$ 3396.00,5
3955,09:30:03,$ 3396.00,2
3956,09:30:03,$ 3396.00,2
3957,09:30:03,$ 3396.00,1
3958,09:30:03,$ 3396.00,5
3959,09:30:03,$ 3396.00,1
3960,09:30:03,$ 3396.00,10
3961,09:30:03,$ 3396.00,2
3962,09:30:03,$ 3396.00,100
3963,09:30:03,$ 3396.00,4
3964,09:30:03,$ 3396.00,1
