,NLS Time (ET),NLS Price,NLS Share Volume
1,09:59:54,$ 3213.31,100
2,09:59:50,$ 3213.96,100
3,09:59:47,$ 3215.00,219
4,09:59:45,$ 3215.00,100
5,09:59:26,$ 3216.65,100
6,09:59:22,$ 3215.885,100
7,09:59:13,$ 3216.17,148
8,09:59:11,$ 3215.00,100
9,09:59:11,$ 3215.16,100
10,09:59:10,$ 3216.355,313
11,09:58:57,$ 3217.5098,200
12,09:58:55,$ 3216.79,100
13,09:58:26,$ 3216.795,262
14,09:58:22,$ 3216.75,100
15,09:58:01,$ 3215.6793,100
16,09:57:56,$ 3214.34,100
17,09:57:40,$ 3214.14,100
18,09:57:36,$ 3214.51,250
19,09:57:11,$ 3214.56,100
20,09:57:01,$ 3214.50,100
22,09:56:59,$ 3214.72,100
23,09:56:59,$ 3214.88,100
24,09:56:59,$ 3214.90,100
25,09:56:59,$ 3214.50,100
26,09:56:59,$ 3214.89,100
27,09:56:59,$ 3214.60,100
28,09:56:59,$ 3214.71,100
29,09:56:59,$ 3214.26,100
30,09:56:50,$ 3214.1375,100
31,09:56:44,$ 3213.205,100
32,09:56:41,$ 3213.07,100
33,09:56:39,$ 3213.08,100
34,09:56:39,$ 3213.08,100
35,09:56:27,$ 3214.40,100
36,09:56:25,$ 3214.43,100
37,09:56:24,$ 3214.26,100
38,09:56:22,$ 3214.58,100
39,09:56:18,$ 3215.00,150
40,09:56:06,$ 3216.13,100
41,09:56:02,$ 3216.96,100
43,09:56:00,$ 3216.59,100
44,09:55:58,$ 3216.00,100
45,09:55:56,$ 3214.92,144
46,09:55:53,$ 3215.83,367
47,09:55:53,$ 3215.40,100
48,09:55:51,$ 3214.01,100
49,09:55:46,$ 3215.74,100
50,09:55:46,$ 3215.94,100
51,09:55:46,$ 3215.67,100
52,09:55:46,$ 3215.95,100
53,09:55:42,$ 3215.39,200
54,09:55:42,$ 3215.7823,100
55,09:55:33,$ 3215.68,100
56,09:55:21,$ 3216.94,100
57,09:55:20,$ 3216.88,100
58,09:55:20,$ 3217.05,100
59,09:55:14,$ 3217.01,135
60,09:55:11,$ 3218.6399,"1,000"
61,09:54:58,$ 3218.935,100
62,09:54:53,$ 3218.99,100
64,09:54:53,$ 3218.48,100
65,09:54:53,$ 3218.51,200
66,09:54:53,$ 3218.80,100
67,09:54:53,$ 3218.42,100
68,09:54:51,$ 3218.265,100
69,09:54:48,$ 3217.615,100
70,09:54:47,$ 3217.595,100
71,09:54:47,$ 3217.82,100
72,09:54:45,$ 3218.88,180
73,09:54:42,$ 3219.18,500
74,09:54:40,$ 3220.14,100
75,09:54:40,$ 3220.38,100
76,09:54:35,$ 3220.32,100
77,09:54:33,$ 3220.4208,100
78,09:54:23,$ 3221.10,100
79,09:54:22,$ 3221.65,100
80,09:54:20,$ 3221.68,100
81,09:54:20,$ 3221.67,100
82,09:54:15,$ 3221.1964,100
83,09:54:14,$ 3221.48,100
85,09:54:09,$ 3221.01,100
86,09:54:01,$ 3223.94,100
87,09:54:00,$ 3222.00,100
88,09:54:00,$ 3222.01,400
89,09:53:59,$ 3222.585,100
90,09:53:55,$ 3221.435,100
91,09:53:48,$ 3221.38,100
92,09:53:40,$ 3221.64,100
93,09:53:33,$ 3222.00,100
94,09:53:18,$ 3225.81,100
95,09:52:57,$ 3225.81,172
96,09:52:54,$ 3224.03,100
97,09:52:41,$ 3225.01,100
98,09:52:41,$ 3225.13,200
99,09:52:41,$ 3224.61,100
100,09:52:41,$ 3225.03,100
101,09:52:41,$ 3225.03,100
102,09:52:22,$ 3225.82,100
103,09:52:22,$ 3225.93,100
104,09:52:06,$ 3225.3026,100
106,09:52:03,$ 3224.71,700
107,09:52:03,$ 3224.71,100
108,09:52:03,$ 3225.00,100
109,09:51:57,$ 3224.7599,"1,100"
110,09:51:48,$ 3224.11,100
111,09:51:44,$ 3224.98,100
112,09:51:38,$ 3225.00,300
113,09:51:35,$ 3225.06,280
114,09:51:35,$ 3225.06,100
115,09:51:34,$ 3226.3593,230
116,09:51:32,$ 3226.6173,100
117,09:51:30,$ 3225.74,100
118,09:51:29,$ 3226.1488,396
119,09:51:28,$ 3226.165,100
120,09:51:28,$ 3226.10,100
121,09:51:28,$ 3226.09,400
122,09:51:28,$ 3226.09,300
123,09:51:27,$ 3226.715,100
124,09:51:14,$ 3227.795,100
125,09:51:13,$ 3226.22,100
127,09:51:09,$ 3226.335,100
128,09:51:09,$ 3226.27,100
129,09:51:04,$ 3229.0292,100
130,09:51:01,$ 3228.35,100
131,09:51:01,$ 3228.22,100
132,09:50:57,$ 3226.99,220
133,09:50:40,$ 3229.00,218
134,09:50:40,$ 3229.01,100
135,09:50:32,$ 3229.1507,100
136,09:50:31,$ 3228.525,100
137,09:50:27,$ 3227.97,100
138,09:50:19,$ 3228.76,100
139,09:50:19,$ 3228.76,100
140,09:50:13,$ 3231.3945,100
141,09:50:10,$ 3228.83,220
142,09:50:10,$ 3227.935,100
143,09:50:06,$ 3226.23,100
144,09:50:06,$ 3226.23,100
145,09:50:06,$ 3226.25,800
146,09:50:06,$ 3226.25,285
148,09:50:06,$ 3226.23,100
149,09:50:06,$ 3226.24,100
150,09:50:06,$ 3226.25,919
151,09:50:06,$ 3226.25,399
152,09:50:06,$ 3226.21,100
153,09:50:02,$ 3227.27,400
154,09:50:00,$ 3227.25,100
155,09:50:00,$ 3227.25,100
156,09:50:00,$ 3227.25,100
157,09:50:00,$ 3227.24,100
158,09:50:00,$ 3227.23,118
159,09:50:00,$ 3227.23,100
160,09:49:58,$ 3226.81,115
161,09:49:57,$ 3226.05,100
162,09:49:55,$ 3225.13,100
163,09:49:53,$ 3228.25,100
164,09:49:50,$ 3228.33,100
165,09:49:48,$ 3229.6239,100
166,09:49:17,$ 3230.91,100
167,09:49:17,$ 3230.91,100
169,09:49:11,$ 3232.4299,200
170,09:48:55,$ 3231.6599,100
171,09:48:50,$ 3229.98,150
172,09:48:45,$ 3229.00,100
173,09:48:43,$ 3229.00,100
174,09:48:42,$ 3229.00,100
175,09:48:39,$ 3229.21,100
176,09:48:39,$ 3229.21,100
177,09:48:32,$ 3228.6376,145
178,09:48:32,$ 3229.78,394
179,09:48:24,$ 3228.2701,100
180,09:48:19,$ 3228.03,100
181,09:48:16,$ 3229.33,100
182,09:48:16,$ 3229.34,100
183,09:48:13,$ 3228.84,100
184,09:48:13,$ 3228.83,100
185,09:48:12,$ 3229.23,100
186,09:48:11,$ 3229.061,100
187,09:48:11,$ 3230.00,100
188,09:48:11,$ 3230.00,100
190,09:48:11,$ 3230.00,100
191,09:48:11,$ 3230.03,100
192,09:48:09,$ 3230.4201,100
193,09:48:05,$ 3232.4899,100
194,09:48:01,$ 3231.655,100
195,09:47:52,$ 3230.66,100
196,09:47:52,$ 3230.65,200
197,09:47:52,$ 3230.50,100
198,09:47:43,$ 3231.25,100
199,09:47:35,$ 3232.98,100
200,09:47:35,$ 3232.525,100
201,09:47:32,$ 3232.37,400
202,09:47:32,$ 3232.65,100
203,09:47:01,$ 3230.645,100
204,09:47:01,$ 3230.23,100
205,09:47:01,$ 3230.83,100
206,09:46:44,$ 3234.895,100
207,09:46:40,$ 3233.81,100
208,09:46:36,$ 3232.40,100
209,09:46:36,$ 3233.58,100
211,09:46:36,$ 3233.56,100
212,09:46:36,$ 3233.45,100
213,09:46:36,$ 3233.42,100
214,09:46:36,$ 3233.40,100
215,09:46:36,$ 3233.18,100
216,09:46:34,$ 3233.9408,600
217,09:46:24,$ 3231.02,100
218,09:46:22,$ 3230.80,100
219,09:46:06,$ 3232.37,100
220,09:46:06,$ 3232.65,100
221,09:45:51,$ 3234.74,100
222,09:45:34,$ 3233.59,100
223,09:45:34,$ 3233.76,100
224,09:45:31,$ 3233.51,100
225,09:45:31,$ 3233.51,100
226,09:45:31,$ 3233.51,100
227,09:45:26,$ 3233.395,100
228,09:45:25,$ 3233.60,100
229,09:45:22,$ 3235.0099,100
230,09:45:22,$ 3234.00,618
232,09:45:22,$ 3234.00,100
233,09:45:13,$ 3235.56,100
234,09:45:13,$ 3235.57,100
235,09:45:13,$ 3235.26,100
236,09:45:13,$ 3235.11,100
237,09:45:13,$ 3235.02,100
238,09:45:13,$ 3234.93,100
239,09:45:11,$ 3236.45,100
240,09:45:11,$ 3236.45,100
241,09:45:02,$ 3235.00,100
242,09:44:41,$ 3238.355,100
243,09:44:20,$ 3237.00,100
244,09:44:18,$ 3235.815,100
245,09:44:12,$ 3234.215,100
246,09:43:59,$ 3234.60,100
247,09:43:56,$ 3233.50,100
248,09:43:56,$ 3233.50,100
249,09:43:56,$ 3233.50,100
250,09:43:49,$ 3233.7046,250
251,09:43:39,$ 3232.5061,100
253,09:43:05,$ 3233.03,100
254,09:43:03,$ 3232.4633,150
255,09:42:37,$ 3234.86,400
256,09:42:33,$ 3234.01,100
257,09:42:33,$ 3233.62,200
258,09:42:31,$ 3234.105,100
259,09:42:30,$ 3234.87,100
260,09:42:29,$ 3235.59,100
261,09:42:28,$ 3237.00,100
262,09:42:26,$ 3233.74,100
263,09:42:19,$ 3233.19,100
264,09:42:19,$ 3233.19,166
265,09:42:14,$ 3231.03,100
266,09:42:09,$ 3231.6125,100
267,09:42:09,$ 3232.06,100
268,09:42:02,$ 3232.3875,100
269,09:41:58,$ 3232.555,100
270,09:41:58,$ 3232.70,208
271,09:41:58,$ 3232.70,102
272,09:41:58,$ 3232.70,100
274,09:41:58,$ 3232.70,100
275,09:41:53,$ 3231.64,100
276,09:41:52,$ 3231.85,100
277,09:41:52,$ 3231.85,100
278,09:41:52,$ 3231.2032,200
279,09:41:52,$ 3231.425,200
280,09:41:47,$ 3231.685,200
281,09:41:44,$ 3231.675,100
282,09:41:40,$ 3231.64,100
283,09:41:34,$ 3231.745,100
284,09:41:31,$ 3232.075,100
285,09:41:30,$ 3231.775,475
286,09:41:15,$ 3231.30,200
287,09:41:11,$ 3232.80,100
288,09:41:06,$ 3231.3697,100
289,09:40:59,$ 3231.455,100
290,09:40:58,$ 3231.53,100
291,09:40:57,$ 3232.3632,500
292,09:40:55,$ 3232.56,100
293,09:40:44,$ 3231.67,100
295,09:40:43,$ 3232.14,100
296,09:40:41,$ 3232.735,400
297,09:40:35,$ 3234.945,100
298,09:40:35,$ 3234.40,100
299,09:40:35,$ 3234.20,100
300,09:40:35,$ 3234.63,100
301,09:40:35,$ 3233.75,100
302,09:40:34,$ 3232.70,100
303,09:40:23,$ 3232.985,200
304,09:40:22,$ 3232.985,100
305,09:40:15,$ 3233.06,150
306,09:40:14,$ 3233.745,100
307,09:40:14,$ 3234.895,100
308,09:40:12,$ 3235.93,100
309,09:40:12,$ 3235.83,100
310,09:40:08,$ 3236.795,100
311,09:40:05,$ 3235.98,100
312,09:40:04,$ 3237.40,100
313,09:40:01,$ 3236.615,100
314,09:40:01,$ 3234.5001,100
316,09:39:59,$ 3233.00,100
317,09:39:59,$ 3232.22,100
318,09:39:59,$ 3232.22,100
319,09:39:49,$ 3231.70,100
320,09:39:46,$ 3231.81,100
321,09:39:46,$ 3232.76,100
322,09:39:46,$ 3232.69,100
323,09:39:40,$ 3232.02,100
324,09:39:38,$ 3231.15,100
325,09:39:38,$ 3231.17,100
326,09:39:36,$ 3231.18,250
327,09:39:36,$ 3231.66,100
328,09:39:34,$ 3230.70,100
329,09:39:34,$ 3230.68,100
330,09:39:34,$ 3230.66,100
331,09:39:34,$ 3230.75,100
332,09:39:31,$ 3230.61,100
333,09:39:31,$ 3230.86,100
334,09:39:27,$ 3231.60,224
335,09:39:26,$ 3231.10,100
337,09:39:26,$ 3231.59,100
338,09:39:25,$ 3231.60,100
339,09:39:25,$ 3231.60,100
340,09:39:25,$ 3231.57,100
341,09:39:25,$ 3231.46,100
342,09:39:25,$ 3230.54,220
343,09:39:22,$ 3229.26,100
344,09:39:21,$ 3226.515,100
345,09:39:20,$ 3225.78,100
346,09:39:20,$ 3227.97,100
347,09:39:20,$ 3227.41,100
348,09:39:20,$ 3227.97,100
349,09:39:20,$ 3227.97,100
350,09:39:20,$ 3227.99,100
351,09:39:20,$ 3226.385,100
352,09:39:16,$ 3226.56,100
353,09:39:14,$ 3226.91,100
354,09:39:09,$ 3226.21,100
355,09:39:09,$ 3226.29,100
356,09:39:09,$ 3226.98,100
358,09:39:06,$ 3224.74,100
359,09:39:06,$ 3225.00,200
360,09:39:06,$ 3225.00,100
361,09:39:02,$ 3224.2996,100
362,09:38:57,$ 3223.45,100
363,09:38:56,$ 3223.72,100
364,09:38:56,$ 3224.00,250
365,09:38:54,$ 3224.50,100
366,09:38:54,$ 3224.50,100
367,09:38:54,$ 3224.50,200
368,09:38:54,$ 3224.47,100
369,09:38:52,$ 3223.37,100
370,09:38:49,$ 3223.525,200
371,09:38:47,$ 3223.31,100
372,09:38:46,$ 3223.11,100
373,09:38:44,$ 3223.81,127
374,09:38:43,$ 3224.81,100
375,09:38:41,$ 3224.7741,100
376,09:38:41,$ 3223.94,200
377,09:38:34,$ 3223.33,100
379,09:38:34,$ 3223.31,100
380,09:38:32,$ 3222.54,200
381,09:38:23,$ 3220.095,100
382,09:38:22,$ 3219.09,110
383,09:38:04,$ 3219.98,100
384,09:38:03,$ 3220.91,100
385,09:38:02,$ 3219.98,100
386,09:38:02,$ 3220.00,100
387,09:38:01,$ 3220.30,100
388,09:37:53,$ 3220.00,100
389,09:37:53,$ 3220.906,100
390,09:37:52,$ 3220.985,100
391,09:37:36,$ 3221.00,100
392,09:37:36,$ 3220.17,100
393,09:37:36,$ 3220.18,100
394,09:37:30,$ 3219.1887,140
395,09:37:20,$ 3217.0559,"1,494"
396,09:37:15,$ 3218.32,100
397,09:37:03,$ 3217.21,200
398,09:36:57,$ 3219.31,238
400,09:36:57,$ 3219.88,100
401,09:36:54,$ 3220.2142,100
402,09:36:52,$ 3219.51,151
403,09:36:52,$ 3219.52,100
404,09:36:51,$ 3220.52,100
405,09:36:51,$ 3220.51,100
406,09:36:38,$ 3221.336,200
407,09:36:24,$ 3222.01,100
408,09:36:20,$ 3221.99,100
409,09:36:20,$ 3222.21,100
410,09:36:16,$ 3220.54,100
411,09:36:13,$ 3220.365,100
412,09:36:13,$ 3220.365,100
413,09:36:09,$ 3220.19,100
414,09:36:09,$ 3220.00,100
415,09:36:08,$ 3220.00,100
416,09:36:08,$ 3219.59,136
417,09:36:07,$ 3218.69,100
418,09:36:05,$ 3218.56,100
419,09:36:05,$ 3218.80,250
421,09:36:05,$ 3218.80,200
422,09:36:05,$ 3219.22,100
423,09:36:02,$ 3217.786,145
424,09:35:59,$ 3216.105,100
425,09:35:58,$ 3215.95,100
426,09:35:52,$ 3213.56,100
427,09:35:49,$ 3214.7359,110
428,09:35:46,$ 3215.81,100
429,09:35:46,$ 3215.55,100
430,09:35:46,$ 3215.665,100
431,09:35:46,$ 3215.80,100
432,09:35:36,$ 3215.315,100
433,09:35:32,$ 3214.305,100
434,09:35:31,$ 3213.3801,100
435,09:35:30,$ 3214.56,100
436,09:35:29,$ 3214.05,100
437,09:35:26,$ 3213.3216,300
438,09:35:26,$ 3212.0501,100
439,09:35:23,$ 3213.58,100
440,09:35:22,$ 3215.39,100
442,09:35:22,$ 3213.99,100
443,09:35:22,$ 3214.61,100
444,09:35:22,$ 3213.89,100
445,09:35:20,$ 3212.92,100
446,09:35:18,$ 3211.25,100
447,09:35:09,$ 3209.22,100
448,09:35:09,$ 3209.83,100
449,09:35:06,$ 3209.31,100
450,09:35:06,$ 3207.92,100
451,09:35:05,$ 3207.92,100
452,09:35:05,$ 3207.92,100
453,09:35:00,$ 3207.45,100
454,09:35:00,$ 3207.00,397
455,09:35:00,$ 3207.64,100
456,09:35:00,$ 3207.64,100
457,09:35:00,$ 3208.60,100
458,09:34:59,$ 3207.53,100
459,09:34:59,$ 3206.7499,100
460,09:34:59,$ 3206.7496,100
461,09:34:55,$ 3206.7599,150
463,09:34:27,$ 3207.755,100
464,09:34:27,$ 3207.79,100
465,09:34:27,$ 3207.91,100
466,09:34:27,$ 3207.975,100
467,09:34:16,$ 3209.17,200
468,09:34:15,$ 3206.94,175
469,09:34:07,$ 3203.0201,100
470,09:34:03,$ 3203.7878,150
471,09:33:59,$ 3204.72,100
472,09:33:55,$ 3204.7439,200
473,09:33:47,$ 3206.48,100
474,09:33:47,$ 3206.4024,156
475,09:33:47,$ 3206.09,100
476,09:33:31,$ 3206.07,100
477,09:33:31,$ 3206.07,100
478,09:33:23,$ 3206.1027,100
479,09:33:20,$ 3206.30,100
480,09:33:13,$ 3203.98,100
481,09:33:12,$ 3204.40,100
482,09:33:10,$ 3202.25,100
484,09:33:10,$ 3202.25,100
485,09:33:10,$ 3203.99,132
486,09:33:00,$ 3205.00,100
487,09:32:55,$ 3204.63,100
488,09:32:53,$ 3204.42,100
489,09:32:51,$ 3204.48,100
490,09:32:49,$ 3204.635,100
491,09:32:49,$ 3204.30,100
492,09:32:46,$ 3204.79,100
493,09:32:41,$ 3205.47,100
494,09:32:41,$ 3205.47,100
495,09:32:41,$ 3205.9225,100
496,09:32:41,$ 3204.38,100
497,09:32:41,$ 3204.365,100
498,09:32:41,$ 3204.485,100
499,09:32:39,$ 3205.59,100
500,09:32:39,$ 3205.61,100
501,09:32:34,$ 3205.47,100
502,09:32:33,$ 3208.475,100
503,09:32:29,$ 3208.90,100
505,09:32:15,$ 3209.15,100
506,09:32:07,$ 3209.90,100
507,09:32:03,$ 3208.82,100
508,09:32:03,$ 3210.97,774
509,09:32:01,$ 3209.875,200
510,09:31:59,$ 3209.945,100
511,09:31:49,$ 3210.97,100
512,09:31:49,$ 3210.98,100
513,09:31:49,$ 3210.93,100
514,09:31:48,$ 3209.96,100
515,09:31:44,$ 3210.62,100
516,09:31:35,$ 3206.6525,100
517,09:31:30,$ 3206.80,125
518,09:31:25,$ 3205.785,100
519,09:31:25,$ 3209.24,100
520,09:31:25,$ 3206.34,100
521,09:31:24,$ 3205.75,100
522,09:31:22,$ 3205.00,100
523,09:31:21,$ 3203.30,100
524,09:31:21,$ 3204.22,100
526,09:31:21,$ 3201.93,100
527,09:31:10,$ 3205.70,100
528,09:31:10,$ 3205.70,100
529,09:31:10,$ 3205.75,100
530,09:31:10,$ 3206.77,100
531,09:31:10,$ 3206.20,100
532,09:31:10,$ 3206.19,100
533,09:31:10,$ 3207.33,100
534,09:31:10,$ 3207.27,100
535,09:31:04,$ 3207.55,100
536,09:31:04,$ 3204.46,300
537,09:31:04,$ 3205.5475,100
538,09:31:02,$ 3207.25,100
539,09:31:02,$ 3205.01,100
540,09:31:00,$ 3205.47,100
541,09:31:00,$ 3205.47,100
542,09:31:00,$ 3207.08,100
543,09:31:00,$ 3206.66,100
544,09:31:00,$ 3206.44,100
545,09:30:59,$ 3208.16,100
547,09:30:59,$ 3208.16,200
548,09:30:51,$ 3209.105,100
549,09:30:50,$ 3210.03,100
550,09:30:42,$ 3209.88,100
551,09:30:41,$ 3208.775,100
552,09:30:40,$ 3211.075,100
553,09:30:34,$ 3209.17,101
554,09:30:34,$ 3208.95,100
555,09:30:33,$ 3210.60,100
556,09:30:32,$ 3211.25,100
557,09:30:31,$ 3213.6107,520
558,09:30:28,$ 3210.905,500
559,09:30:28,$ 3210.50,200
560,09:30:26,$ 3211.365,"1,000"
561,09:30:20,$ 3212.28,100
562,09:30:20,$ 3212.00,100
563,09:30:20,$ 3212.27,100
564,09:30:20,$ 3212.02,100
565,09:30:17,$ 3212.53,100
566,09:30:17,$ 3212.60,100
568,09:30:17,$ 3211.26,100
569,09:30:17,$ 3211.27,100
570,09:30:17,$ 3211.32,100
571,09:30:17,$ 3211.37,100
572,09:30:17,$ 3211.37,100
573,09:30:17,$ 3211.37,300
574,09:30:16,$ 3210.16,100
575,09:30:15,$ 3210.185,100
576,09:30:14,$ 3209.18,100
577,09:30:09,$ 3210.69,400
578,09:30:08,$ 3210.49,100
579,09:30:07,$ 3210.56,100
580,09:30:01,$ 3210.14,100
581,09:30:00,$ 3213.53,1
582,09:30:00,$ 3213.53,1
583,09:30:00,$ 3213.53,1
584,09:30:00,$ 3213.53,1
585,09:30:00,$ 3213.53,1
586,09:30:00,$ 3213.53,1
587,09:30:00,$ 3213.53,1
589,09:30:00,$ 3213.53,1
590,09:30:00,$ 3213.53,1
591,09:30:00,$ 3213.53,1
592,09:30:00,$ 3213.53,1
593,09:30:00,$ 3213.53,1
594,09:30:00,$ 3213.53,1
595,09:30:00,$ 3213.53,1
596,09:30:00,$ 3213.53,1
597,09:30:00,$ 3213.53,1
598,09:30:00,$ 3213.53,1
599,09:30:00,$ 3213.53,1
600,09:30:00,$ 3213.53,1
601,09:30:00,$ 3213.53,1
602,09:30:00,$ 3213.53,1
603,09:30:00,$ 3213.53,1
604,09:30:00,$ 3213.53,1
605,09:30:00,$ 3213.53,8
606,09:30:00,$ 3213.53,1
607,09:30:00,$ 3213.53,1
608,09:30:00,$ 3213.53,1
610,09:30:00,$ 3213.53,1
611,09:30:00,$ 3213.53,1
612,09:30:00,$ 3213.53,1
613,09:30:00,$ 3213.53,1
614,09:30:00,$ 3213.53,1
615,09:30:00,$ 3213.53,1
616,09:30:00,$ 3213.53,1
617,09:30:00,$ 3213.53,1
618,09:30:00,$ 3213.53,1
619,09:30:00,$ 3213.53,1
620,09:30:00,$ 3213.53,1
621,09:30:00,$ 3213.53,1
622,09:30:00,$ 3213.53,1
623,09:30:00,$ 3213.53,1
624,09:30:00,$ 3213.53,1
625,09:30:00,$ 3213.53,1
626,09:30:00,$ 3213.53,1
627,09:30:00,$ 3213.53,1
628,09:30:00,$ 3213.53,1
629,09:30:00,$ 3213.53,1
631,09:30:00,$ 3213.53,1
632,09:30:00,$ 3213.53,1
633,09:30:00,$ 3213.53,1
634,09:30:00,$ 3213.53,1
635,09:30:00,$ 3213.53,1
636,09:30:00,$ 3213.53,1
637,09:30:00,$ 3213.53,1
638,09:30:00,$ 3213.53,1
639,09:30:00,$ 3213.53,1
640,09:30:00,$ 3213.53,1
641,09:30:00,$ 3213.53,1
642,09:30:00,$ 3213.53,1
643,09:30:00,$ 3213.53,1
644,09:30:00,$ 3213.53,1
645,09:30:00,$ 3213.53,1
646,09:30:00,$ 3213.53,1
647,09:30:00,$ 3213.53,20
648,09:30:00,$ 3213.53,1
649,09:30:00,$ 3213.53,5
650,09:30:00,$ 3213.53,2
652,09:30:00,$ 3213.53,10
653,09:30:00,$ 3213.53,1
654,09:30:00,$ 3213.53,5
655,09:30:00,$ 3213.53,3
656,09:30:00,$ 3213.53,1
657,09:30:00,$ 3213.53,10
658,09:30:00,$ 3213.53,2
659,09:30:00,$ 3213.53,9
660,09:30:00,$ 3213.53,1
661,09:30:00,$ 3213.53,10
662,09:30:00,$ 3213.53,1
663,09:30:00,$ 3213.53,1
664,09:30:00,$ 3213.53,5
665,09:30:00,$ 3213.53,2
666,09:30:00,$ 3213.53,11
667,09:30:00,$ 3213.53,4
668,09:30:00,$ 3213.53,2
669,09:30:00,$ 3213.53,9
670,09:30:00,$ 3213.53,3
671,09:30:00,$ 3213.53,25
673,09:30:00,$ 3213.53,1
674,09:30:00,$ 3213.53,1
675,09:30:00,$ 3213.53,2
676,09:30:00,$ 3213.53,10
677,09:30:00,$ 3213.53,2
678,09:30:00,$ 3213.53,1
679,09:30:00,$ 3213.53,1
680,09:30:00,$ 3213.53,1
681,09:30:00,$ 3213.53,1
682,09:30:00,$ 3213.53,1
683,09:30:00,$ 3213.53,1
684,09:30:00,$ 3213.53,1
685,09:30:00,$ 3213.53,2
686,09:30:00,$ 3213.53,2
687,09:30:00,$ 3213.53,1
688,09:30:00,$ 3213.53,2
689,09:30:00,$ 3213.53,1
690,09:30:00,$ 3213.53,10
691,09:30:00,$ 3213.53,5
692,09:30:00,$ 3213.53,1
694,09:30:00,$ 3213.53,4
695,09:30:00,$ 3213.53,1
696,09:30:00,$ 3213.53,2
697,09:30:00,$ 3213.53,5
698,09:30:00,$ 3213.53,4
699,09:30:00,$ 3213.53,1
700,09:30:00,$ 3213.53,1
701,09:30:00,$ 3213.53,3
702,09:30:00,$ 3213.53,2
703,09:30:00,$ 3213.53,12
704,09:30:00,$ 3213.53,1
705,09:30:00,$ 3213.53,1
706,09:30:00,$ 3213.53,3
707,09:30:00,$ 3213.53,1
708,09:30:00,$ 3213.53,1
709,09:30:00,$ 3213.53,1
710,09:30:00,$ 3213.53,1
711,09:30:00,$ 3213.53,1
712,09:30:00,$ 3213.53,1
713,09:30:00,$ 3213.53,1
715,09:30:00,$ 3213.53,1
716,09:30:00,$ 3213.53,1
717,09:30:00,$ 3213.53,1
718,09:30:00,$ 3213.53,1
719,09:30:00,$ 3213.53,1
720,09:30:00,$ 3213.53,1
721,09:30:00,$ 3213.53,1
722,09:30:00,$ 3213.53,1
723,09:30:00,$ 3213.53,1
724,09:30:00,$ 3213.53,1
725,09:30:00,$ 3213.53,1
726,09:30:00,$ 3213.53,1
727,09:30:00,$ 3213.53,1
728,09:30:00,$ 3213.53,1
729,09:30:00,$ 3213.53,1
730,09:30:00,$ 3213.53,1
731,09:30:00,$ 3213.53,1
732,09:30:00,$ 3213.53,1
733,09:30:00,$ 3213.53,1
734,09:30:00,$ 3213.53,1
736,09:30:00,$ 3213.53,1
737,09:30:00,$ 3213.53,1
738,09:30:00,$ 3213.53,1
739,09:30:00,$ 3213.53,1
740,09:30:00,$ 3213.53,1
741,09:30:00,$ 3213.53,1
742,09:30:00,$ 3213.53,1
743,09:30:00,$ 3213.53,1
744,09:30:00,$ 3213.53,1
745,09:30:00,$ 3213.53,1
746,09:30:00,$ 3213.53,1
747,09:30:00,$ 3213.53,1
748,09:30:00,$ 3213.53,1
749,09:30:00,$ 3213.53,1
750,09:30:00,$ 3213.53,1
751,09:30:00,$ 3213.53,1
752,09:30:00,$ 3213.53,1
753,09:30:00,$ 3213.53,1
754,09:30:00,$ 3213.53,1
755,09:30:00,$ 3213.53,1
757,09:30:00,$ 3213.53,1
758,09:30:00,$ 3213.53,1
759,09:30:00,$ 3213.53,1
760,09:30:00,$ 3213.53,1
761,09:30:00,$ 3213.53,1
762,09:30:00,$ 3213.53,1
763,09:30:00,$ 3213.53,1
764,09:30:00,$ 3213.53,1
765,09:30:00,$ 3213.53,1
766,09:30:00,$ 3213.53,1
767,09:30:00,$ 3213.53,1
768,09:30:00,$ 3213.53,1
769,09:30:00,$ 3213.53,1
770,09:30:00,$ 3213.53,1
771,09:30:00,$ 3213.53,1
772,09:30:00,$ 3213.53,1
773,09:30:00,$ 3213.53,1
774,09:30:00,$ 3213.53,1
775,09:30:00,$ 3213.53,1
776,09:30:00,$ 3213.53,1
778,09:30:00,$ 3213.53,1
779,09:30:00,$ 3213.53,1
780,09:30:00,$ 3213.53,1
781,09:30:00,$ 3213.53,1
782,09:30:00,$ 3213.53,1
783,09:30:00,$ 3213.53,1
784,09:30:00,$ 3213.53,1
785,09:30:00,$ 3213.53,1
786,09:30:00,$ 3213.53,1
787,09:30:00,$ 3213.53,1
788,09:30:00,$ 3213.53,1
789,09:30:00,$ 3213.53,1
790,09:30:00,$ 3213.53,1
791,09:30:00,$ 3213.53,1
792,09:30:00,$ 3213.53,1
793,09:30:00,$ 3213.53,1
794,09:30:00,$ 3213.53,1
795,09:30:00,$ 3213.53,1
796,09:30:00,$ 3213.53,1
797,09:30:00,$ 3213.53,1
799,09:30:00,$ 3213.53,1
800,09:30:00,$ 3213.53,1
801,09:30:00,$ 3213.53,1
802,09:30:00,$ 3213.53,1
803,09:30:00,$ 3213.53,1
804,09:30:00,$ 3213.53,4
805,09:30:00,$ 3213.53,1
806,09:30:00,$ 3213.53,1
807,09:30:00,$ 3213.53,3
808,09:30:00,$ 3213.53,1
809,09:30:00,$ 3213.53,1
810,09:30:00,$ 3213.53,1
811,09:30:00,$ 3213.53,1
812,09:30:00,$ 3213.53,1
813,09:30:00,$ 3213.53,1
814,09:30:00,$ 3213.53,1
815,09:30:00,$ 3213.53,1
816,09:30:00,$ 3213.53,1
817,09:30:00,$ 3213.53,1
818,09:30:00,$ 3213.53,1
820,09:30:00,$ 3213.53,1
821,09:30:00,$ 3213.53,1
822,09:30:00,$ 3213.53,1
823,09:30:00,$ 3213.53,1
824,09:30:00,$ 3213.53,1
825,09:30:00,$ 3213.53,1
826,09:30:00,$ 3213.53,105
827,09:30:00,$ 3213.53,2
828,09:30:00,$ 3213.53,1
829,09:30:00,$ 3213.53,1
830,09:30:00,$ 3213.53,1
831,09:30:00,$ 3213.53,29
832,09:30:00,$ 3213.53,3
833,09:30:00,$ 3213.53,14
834,09:30:00,$ 3213.53,9
835,09:30:00,$ 3213.53,24
836,09:30:00,$ 3213.53,3
837,09:30:00,$ 3213.53,23
838,09:30:00,$ 3213.53,2
839,09:30:00,$ 3213.53,27
841,09:30:00,$ 3213.53,7
842,09:30:00,$ 3213.53,7
843,09:30:00,$ 3213.53,1
844,09:30:00,$ 3213.53,146
845,09:30:00,$ 3213.53,10
846,09:30:00,$ 3213.53,3
847,09:30:00,$ 3213.53,2
848,09:30:00,$ 3213.53,2
849,09:30:00,$ 3213.53,34
850,09:30:00,$ 3213.53,2
851,09:30:00,$ 3213.53,3
852,09:30:00,$ 3213.53,8
853,09:30:00,$ 3213.53,1
854,09:30:00,$ 3213.53,2
855,09:30:00,$ 3213.53,2
856,09:30:00,$ 3213.53,140
857,09:30:00,$ 3213.53,484
858,09:30:00,$ 3213.53,1
859,09:30:00,$ 3213.53,70
860,09:30:00,$ 3213.53,1
862,09:30:00,$ 3213.53,1
863,09:30:00,$ 3213.53,3
864,09:30:00,$ 3213.53,2
865,09:30:00,$ 3213.53,12
866,09:30:00,$ 3213.53,7
867,09:30:00,$ 3213.53,1
868,09:30:00,$ 3213.53,1
869,09:30:00,$ 3213.53,3
870,09:30:00,$ 3213.53,9
871,09:30:00,$ 3213.53,1
872,09:30:00,$ 3213.53,1
873,09:30:00,$ 3213.53,1
874,09:30:00,$ 3213.53,9
875,09:30:00,$ 3213.53,1
876,09:30:00,$ 3213.53,10
877,09:30:00,$ 3213.53,1
878,09:30:00,$ 3213.53,1
879,09:30:00,$ 3213.53,1
880,09:30:00,$ 3213.53,2
881,09:30:00,$ 3213.53,1
883,09:30:00,$ 3213.53,2
884,09:30:00,$ 3213.53,1
885,09:30:00,$ 3213.53,2
886,09:30:00,$ 3213.53,1
887,09:30:00,$ 3213.53,1
888,09:30:00,$ 3213.53,7
889,09:30:00,$ 3213.53,1
890,09:30:00,$ 3213.53,12
891,09:30:00,$ 3213.53,1
892,09:30:00,$ 3213.53,1
893,09:30:00,$ 3213.53,1
894,09:30:00,$ 3213.53,1
895,09:30:00,$ 3213.53,1
896,09:30:00,$ 3213.53,1
897,09:30:00,$ 3213.53,1
898,09:30:00,$ 3213.53,1
899,09:30:00,$ 3213.53,6
900,09:30:00,$ 3213.53,13
901,09:30:00,$ 3213.53,2
902,09:30:00,$ 3213.53,1
904,09:30:00,$ 3213.53,20
905,09:30:00,$ 3213.53,1
906,09:30:00,$ 3213.53,2
907,09:30:00,$ 3213.53,4
908,09:30:00,$ 3213.53,2
909,09:30:00,$ 3213.53,3
910,09:30:00,$ 3213.53,2
911,09:30:00,$ 3213.53,2
912,09:30:00,$ 3213.53,4
913,09:30:00,$ 3213.53,2
914,09:30:00,$ 3213.53,2
915,09:30:00,$ 3213.53,1
916,09:30:00,$ 3213.53,3
917,09:30:00,$ 3213.53,2
918,09:30:00,$ 3213.53,3
919,09:30:00,$ 3213.53,2
920,09:30:00,$ 3213.53,2
921,09:30:00,$ 3213.53,3
922,09:30:00,$ 3213.53,3
923,09:30:00,$ 3213.53,1
925,09:30:00,$ 3213.53,5
926,09:30:00,$ 3213.53,5
927,09:30:00,$ 3213.53,2
928,09:30:00,$ 3213.53,4
929,09:30:00,$ 3213.53,2
930,09:30:00,$ 3213.53,9
931,09:30:00,$ 3213.53,1
932,09:30:00,$ 3213.53,7
933,09:30:00,$ 3213.53,1
934,09:30:00,$ 3213.53,5
935,09:30:00,$ 3213.53,5
936,09:30:00,$ 3213.53,13
937,09:30:00,$ 3213.53,12
938,09:30:00,$ 3213.53,5
939,09:30:00,$ 3213.53,1
940,09:30:00,$ 3213.53,9
941,09:30:00,$ 3213.53,2
942,09:30:00,$ 3213.53,1
943,09:30:00,$ 3213.53,7
944,09:30:00,$ 3213.53,7
946,09:30:00,$ 3213.53,5
947,09:30:00,$ 3213.53,1
948,09:30:00,$ 3213.53,3
949,09:30:00,$ 3213.53,20
950,09:30:00,$ 3213.53,16
951,09:30:00,$ 3213.53,21
952,09:30:00,$ 3213.53,2
953,09:30:00,$ 3213.53,1
954,09:30:00,$ 3213.53,5
955,09:30:00,$ 3213.53,1
956,09:30:00,$ 3213.53,50
957,09:30:00,$ 3213.53,3
958,09:30:00,$ 3213.53,31
959,09:30:00,$ 3213.53,50
960,09:30:00,$ 3213.53,20
961,09:30:00,$ 3213.53,5
962,09:30:00,$ 3213.53,2
963,09:30:00,$ 3213.53,10
964,09:30:00,$ 3213.53,1
965,09:30:00,$ 3213.53,1
967,09:30:00,$ 3213.53,18
968,09:30:00,$ 3213.53,1
969,09:30:00,$ 3213.53,6
970,09:30:00,$ 3213.53,2
971,09:30:00,$ 3213.53,1
972,09:30:00,$ 3213.53,2
973,09:30:00,$ 3213.53,3
974,09:30:00,$ 3213.53,18
975,09:30:00,$ 3213.53,5
976,09:30:00,$ 3213.53,4
977,09:30:00,$ 3213.53,1
978,09:30:00,$ 3213.53,14
979,09:30:00,$ 3213.53,4
980,09:30:00,$ 3213.53,3
981,09:30:00,$ 3213.53,2
982,09:30:00,$ 3213.53,10
983,09:30:00,$ 3213.53,2
984,09:30:00,$ 3213.53,1
985,09:30:00,$ 3213.53,1
986,09:30:00,$ 3213.53,5
988,09:30:00,$ 3213.53,1
989,09:30:00,$ 3213.53,1
990,09:30:00,$ 3213.53,1
991,09:30:00,$ 3213.53,2
992,09:30:00,$ 3213.53,5
993,09:30:00,$ 3213.53,1
994,09:30:00,$ 3213.53,3
995,09:30:00,$ 3213.53,1
996,09:30:00,$ 3213.53,1
997,09:30:00,$ 3213.53,1
998,09:30:00,$ 3213.53,1
999,09:30:00,$ 3213.53,1
1000,09:30:00,$ 3213.53,1
1001,09:30:00,$ 3213.53,1
1002,09:30:00,$ 3213.53,3
1003,09:30:00,$ 3213.53,10
1004,09:30:00,$ 3213.53,1
1005,09:30:00,$ 3213.53,1
1006,09:30:00,$ 3213.53,1
1007,09:30:00,$ 3213.53,1
1009,09:30:00,$ 3213.53,2
1010,09:30:00,$ 3213.53,1
1011,09:30:00,$ 3213.53,1
1012,09:30:00,$ 3213.53,1
1013,09:30:00,$ 3213.53,1
1014,09:30:00,$ 3213.53,2
1015,09:30:00,$ 3213.53,2
1016,09:30:00,$ 3213.53,1
1017,09:30:00,$ 3213.53,3
1018,09:30:00,$ 3213.53,1
1019,09:30:00,$ 3213.53,2
1020,09:30:00,$ 3213.53,2
1021,09:30:00,$ 3213.53,1
1022,09:30:00,$ 3213.53,1
1023,09:30:00,$ 3213.53,2
1024,09:30:00,$ 3213.53,4
1025,09:30:00,$ 3213.53,9
1026,09:30:00,$ 3213.53,3
1027,09:30:00,$ 3213.53,4
1028,09:30:00,$ 3213.53,5
1030,09:30:00,$ 3213.53,10
1031,09:30:00,$ 3213.53,5
1032,09:30:00,$ 3213.53,1
1033,09:30:00,$ 3213.53,1
1034,09:30:00,$ 3213.53,9
1035,09:30:00,$ 3213.53,15
1036,09:30:00,$ 3213.53,2
1037,09:30:00,$ 3213.53,4
1038,09:30:00,$ 3213.53,4
1039,09:30:00,$ 3213.53,2
1040,09:30:00,$ 3213.53,3
1041,09:30:00,$ 3213.53,11
1042,09:30:00,$ 3213.53,7
1043,09:30:00,$ 3213.53,1
1044,09:30:00,$ 3213.53,2
1045,09:30:00,$ 3213.53,2
1046,09:30:00,$ 3213.53,3
1047,09:30:00,$ 3213.53,1
1048,09:30:00,$ 3213.53,15
1049,09:30:00,$ 3213.53,3
1051,09:30:00,$ 3213.53,1
1052,09:30:00,$ 3213.53,1
1053,09:30:00,$ 3213.53,7
1054,09:30:00,$ 3213.53,1
1055,09:30:00,$ 3213.53,3
1056,09:30:00,$ 3213.53,1
1057,09:30:00,$ 3213.53,1
1058,09:30:00,$ 3213.53,27
1059,09:30:00,$ 3213.53,5
1060,09:30:00,$ 3213.53,2
1061,09:30:00,$ 3213.53,9
1062,09:30:00,$ 3213.53,10
1063,09:30:00,$ 3213.53,1
1064,09:30:00,$ 3213.53,2
1065,09:30:00,$ 3213.53,1
1066,09:30:00,$ 3213.53,12
1067,09:30:00,$ 3213.53,2
1068,09:30:00,$ 3213.53,1
1069,09:30:00,$ 3213.53,1
1070,09:30:00,$ 3213.53,2
1072,09:30:00,$ 3213.53,10
1073,09:30:00,$ 3213.53,1
1074,09:30:00,$ 3213.53,1
1075,09:30:00,$ 3213.53,1
1076,09:30:00,$ 3213.53,3
1077,09:30:00,$ 3213.53,10
1078,09:30:00,$ 3213.53,10
1079,09:30:00,$ 3213.53,1
1080,09:30:00,$ 3213.53,5
1081,09:30:00,$ 3213.53,5
1082,09:30:00,$ 3213.53,3
1083,09:30:00,$ 3213.53,1
1084,09:30:00,$ 3213.53,2
1085,09:30:00,$ 3213.53,20
1086,09:30:00,$ 3213.53,10
1087,09:30:00,$ 3213.53,3
1088,09:30:00,$ 3213.53,2
1089,09:30:00,$ 3213.53,1
1090,09:30:00,$ 3213.53,15
1091,09:30:00,$ 3213.53,1
1093,09:30:00,$ 3213.53,25
1094,09:30:00,$ 3213.53,1
1095,09:30:00,$ 3213.53,9
1096,09:30:00,$ 3213.53,3
1097,09:30:00,$ 3213.53,1
1098,09:30:00,$ 3213.53,3
1099,09:30:00,$ 3213.53,2
1100,09:30:00,$ 3213.53,2
1101,09:30:00,$ 3213.53,1
1102,09:30:00,$ 3213.53,44
1103,09:30:00,$ 3213.53,2
1104,09:30:00,$ 3213.53,1
1105,09:30:00,$ 3213.53,1
1106,09:30:00,$ 3213.53,1
1107,09:30:00,$ 3213.53,1
1108,09:30:00,$ 3213.53,1
1109,09:30:00,$ 3213.53,1
1110,09:30:00,$ 3213.53,29
1111,09:30:00,$ 3213.53,30
1112,09:30:00,$ 3213.53,3
1114,09:30:00,$ 3213.53,1
1115,09:30:00,$ 3213.53,1
1116,09:30:00,$ 3213.53,4
1117,09:30:00,$ 3213.53,10
1118,09:30:00,$ 3213.53,1
1119,09:30:00,$ 3213.53,1
1120,09:30:00,$ 3213.53,10
1121,09:30:00,$ 3213.53,3
1122,09:30:00,$ 3213.53,7
1123,09:30:00,$ 3213.53,2
1124,09:30:00,$ 3213.53,1
1125,09:30:00,$ 3213.53,1
1126,09:30:00,$ 3213.53,5
1127,09:30:00,$ 3213.53,1
1128,09:30:00,$ 3213.53,1
1129,09:30:00,$ 3213.53,20
1130,09:30:00,$ 3213.53,3
1131,09:30:00,$ 3213.53,2
1132,09:30:00,$ 3213.53,1
1133,09:30:00,$ 3213.53,20
1135,09:30:00,$ 3213.53,1
1136,09:30:00,$ 3213.53,20
1137,09:30:00,$ 3213.53,1
1138,09:30:00,$ 3213.53,20
1139,09:30:00,$ 3213.53,4
1140,09:30:00,$ 3213.53,30
1141,09:30:00,$ 3213.53,1
1142,09:30:00,$ 3213.53,2
1143,09:30:00,$ 3213.53,8
1144,09:30:00,$ 3213.53,1
1145,09:30:00,$ 3213.53,1
1146,09:30:00,$ 3213.53,5
1147,09:30:00,$ 3213.53,1
1148,09:30:00,$ 3213.53,5
1149,09:30:00,$ 3213.53,2
1150,09:30:00,$ 3213.53,10
1151,09:30:00,$ 3213.53,5
1152,09:30:00,$ 3213.53,2
1153,09:30:00,$ 3213.53,1
1154,09:30:00,$ 3213.53,3
1156,09:30:00,$ 3213.53,3
1157,09:30:00,$ 3213.53,1
1158,09:30:00,$ 3213.53,1
1159,09:30:00,$ 3213.53,1
1160,09:30:00,$ 3213.53,10
1161,09:30:00,$ 3213.53,2
1162,09:30:00,$ 3213.53,2
1163,09:30:00,$ 3213.53,2
1164,09:30:00,$ 3213.53,3
1165,09:30:00,$ 3213.53,1
1166,09:30:00,$ 3213.53,10
1167,09:30:00,$ 3213.53,2
1168,09:30:00,$ 3213.53,7
1169,09:30:00,$ 3213.53,2
1170,09:30:00,$ 3213.53,10
1171,09:30:00,$ 3213.53,2
1172,09:30:00,$ 3213.53,8
1173,09:30:00,$ 3213.53,12
1174,09:30:00,$ 3213.53,10
1175,09:30:00,$ 3213.53,2
1177,09:30:00,$ 3213.53,1
1178,09:30:00,$ 3213.53,1
1179,09:30:00,$ 3213.53,25
1180,09:30:00,$ 3213.53,4
1181,09:30:00,$ 3213.53,3
1182,09:30:00,$ 3213.53,10
1183,09:30:00,$ 3213.53,1
1184,09:30:00,$ 3213.53,2
1185,09:30:00,$ 3213.53,5
1186,09:30:00,$ 3213.53,1
1187,09:30:00,$ 3213.53,1
1188,09:30:00,$ 3213.53,1
1189,09:30:00,$ 3213.53,1
1190,09:30:00,$ 3213.53,14
1191,09:30:00,$ 3213.53,1
1192,09:30:00,$ 3213.53,1
1193,09:30:00,$ 3213.53,1
1194,09:30:00,$ 3213.53,3
1195,09:30:00,$ 3213.53,1
1196,09:30:00,$ 3213.53,1
1198,09:30:00,$ 3213.53,3
1199,09:30:00,$ 3213.53,30
1200,09:30:00,$ 3213.53,1
1201,09:30:00,$ 3213.53,3
1202,09:30:00,$ 3213.53,5
1203,09:30:00,$ 3213.53,2
1204,09:30:00,$ 3213.53,3
1205,09:30:00,$ 3213.53,4
1206,09:30:00,$ 3213.53,1
1207,09:30:00,$ 3213.53,15
1208,09:30:00,$ 3213.53,152
1209,09:30:00,$ 3213.53,5
1210,09:30:00,$ 3213.53,88
1211,09:30:00,$ 3213.53,27
1212,09:30:00,$ 3213.53,2
1213,09:30:00,$ 3213.53,4
1214,09:30:00,$ 3213.53,1
1215,09:30:00,$ 3213.53,1
1216,09:30:00,$ 3213.53,1
1217,09:30:00,$ 3213.53,6
1219,09:30:00,$ 3213.53,7
1220,09:30:00,$ 3213.53,3
1221,09:30:00,$ 3213.53,1
1222,09:30:00,$ 3213.53,1
1223,09:30:00,$ 3213.53,1
1224,09:30:00,$ 3213.53,1
1225,09:30:00,$ 3213.53,1
1226,09:30:00,$ 3213.53,3
1227,09:30:00,$ 3213.53,8
1228,09:30:00,$ 3213.53,2
1229,09:30:00,$ 3213.53,2
1230,09:30:00,$ 3213.53,46
1231,09:30:00,$ 3213.53,1
1232,09:30:00,$ 3213.53,6
1233,09:30:00,$ 3213.53,1
1234,09:30:00,$ 3213.53,4
1235,09:30:00,$ 3213.53,1
1236,09:30:00,$ 3213.53,2
1237,09:30:00,$ 3213.53,2
1238,09:30:00,$ 3213.53,1
1240,09:30:00,$ 3213.53,1
1241,09:30:00,$ 3213.53,62
1242,09:30:00,$ 3213.53,1
1243,09:30:00,$ 3213.53,2
1244,09:30:00,$ 3213.53,1
1245,09:30:00,$ 3213.53,2
1246,09:30:00,$ 3213.53,3
1247,09:30:00,$ 3213.53,100
1248,09:30:00,$ 3213.53,1
1249,09:30:00,$ 3213.53,1
1250,09:30:00,$ 3213.53,1
1251,09:30:00,$ 3213.53,20
1252,09:30:00,$ 3213.53,1
1253,09:30:00,$ 3213.53,2
1254,09:30:00,$ 3213.53,1
1255,09:30:00,$ 3213.53,1
1256,09:30:00,$ 3213.53,1
1257,09:30:00,$ 3213.53,1
1258,09:30:00,$ 3213.53,4
1259,09:30:00,$ 3213.53,4
1261,09:30:00,$ 3213.53,10
1262,09:30:00,$ 3213.53,1
1263,09:30:00,$ 3213.53,3
1264,09:30:00,$ 3213.53,9
1265,09:30:00,$ 3213.53,3
1266,09:30:00,$ 3213.53,5
1267,09:30:00,$ 3213.53,2
1268,09:30:00,$ 3213.53,1
1269,09:30:00,$ 3213.53,1
1270,09:30:00,$ 3213.53,1
1271,09:30:00,$ 3213.53,7
1272,09:30:00,$ 3213.53,1
1273,09:30:00,$ 3213.53,7
1274,09:30:00,$ 3213.53,10
1275,09:30:00,$ 3213.53,2
1276,09:30:00,$ 3213.53,1
1277,09:30:00,$ 3213.53,3
1278,09:30:00,$ 3213.53,3
1279,09:30:00,$ 3213.53,2
1280,09:30:00,$ 3213.53,31
1282,09:30:00,$ 3213.53,1
1283,09:30:00,$ 3213.53,1
1284,09:30:00,$ 3213.53,1
1285,09:30:00,$ 3213.53,4
1286,09:30:00,$ 3213.53,1
1287,09:30:00,$ 3213.53,48
1288,09:30:00,$ 3213.53,6
1289,09:30:00,$ 3213.53,15
1290,09:30:00,$ 3213.53,1
1291,09:30:00,$ 3213.53,2
1292,09:30:00,$ 3213.53,4
1293,09:30:00,$ 3213.53,16
1294,09:30:00,$ 3213.53,5
1295,09:30:00,$ 3213.53,1
1296,09:30:00,$ 3213.53,3
1297,09:30:00,$ 3213.53,3
1298,09:30:00,$ 3213.53,2
1299,09:30:00,$ 3213.53,2
1300,09:30:00,$ 3213.53,15
1301,09:30:00,$ 3213.53,4
1303,09:30:00,$ 3213.53,31
1304,09:30:00,$ 3213.53,1
1305,09:30:00,$ 3213.53,1
1306,09:30:00,$ 3213.53,1
1307,09:30:00,$ 3213.53,1
1308,09:30:00,$ 3213.53,1
1309,09:30:00,$ 3213.53,6
1310,09:30:00,$ 3213.53,2
1311,09:30:00,$ 3213.53,1
1312,09:30:00,$ 3213.53,3
1313,09:30:00,$ 3213.53,3
1314,09:30:00,$ 3213.53,4
1315,09:30:00,$ 3213.53,1
1316,09:30:00,$ 3213.53,3
1317,09:30:00,$ 3213.53,2
1318,09:30:00,$ 3213.53,3
1319,09:30:00,$ 3213.53,5
1320,09:30:00,$ 3213.53,5
1321,09:30:00,$ 3213.53,2
1322,09:30:00,$ 3213.53,1
1324,09:30:00,$ 3213.53,1
1325,09:30:00,$ 3213.53,3
1326,09:30:00,$ 3213.53,1
1327,09:30:00,$ 3213.53,3
1328,09:30:00,$ 3213.53,3
1329,09:30:00,$ 3213.53,2
1330,09:30:00,$ 3213.53,1
1331,09:30:00,$ 3213.53,3
1332,09:30:00,$ 3213.53,3
1333,09:30:00,$ 3213.53,3
1334,09:30:00,$ 3213.53,1
1335,09:30:00,$ 3213.53,1
1336,09:30:00,$ 3213.53,1
1337,09:30:00,$ 3213.53,1
1338,09:30:00,$ 3213.53,10
1339,09:30:00,$ 3213.53,100
1340,09:30:00,$ 3213.53,4
1341,09:30:00,$ 3213.53,1
1342,09:30:00,$ 3213.53,1
1343,09:30:00,$ 3213.53,5
1345,09:30:00,$ 3213.53,1
1346,09:30:00,$ 3213.53,"2,000"
1347,09:30:00,$ 3213.53,26
1348,09:30:00,$ 3213.53,5
1349,09:30:00,$ 3213.53,5
1350,09:30:00,$ 3213.53,1
1351,09:30:00,$ 3213.53,1
1352,09:30:00,$ 3213.53,1
1353,09:30:00,$ 3213.53,1
1354,09:30:00,$ 3213.53,1
1355,09:30:00,$ 3213.53,10
1356,09:30:00,$ 3213.53,1
1357,09:30:00,$ 3213.53,6
1358,09:30:00,$ 3213.53,3
1359,09:30:00,$ 3213.53,2
1360,09:30:00,$ 3213.53,5
1361,09:30:00,$ 3213.53,2
1362,09:30:00,$ 3213.53,3
1363,09:30:00,$ 3213.53,2
1364,09:30:00,$ 3213.53,1
1366,09:30:00,$ 3213.53,1
1367,09:30:00,$ 3213.53,1
1368,09:30:00,$ 3213.53,12
1369,09:30:00,$ 3213.53,1
1370,09:30:00,$ 3213.53,2
1371,09:30:00,$ 3213.53,2
1372,09:30:00,$ 3213.53,1
1373,09:30:00,$ 3213.53,1
1374,09:30:00,$ 3213.53,1
1375,09:30:00,$ 3213.53,1
1376,09:30:00,$ 3213.53,2
1377,09:30:00,$ 3213.53,1
1378,09:30:00,$ 3213.53,1
1379,09:30:00,$ 3213.53,1
1380,09:30:00,$ 3213.53,1
1381,09:30:00,$ 3213.53,1
1382,09:30:00,$ 3213.53,1
1383,09:30:00,$ 3213.53,5
1384,09:30:00,$ 3213.53,1
1385,09:30:00,$ 3213.53,2
1387,09:30:00,$ 3213.53,2
1388,09:30:00,$ 3213.53,4
1389,09:30:00,$ 3213.53,1
1390,09:30:00,$ 3213.53,2
1391,09:30:00,$ 3213.53,1
1392,09:30:00,$ 3213.53,1
1393,09:30:00,$ 3213.53,1
1394,09:30:00,$ 3213.53,1
1395,09:30:00,$ 3213.53,1
1396,09:30:00,$ 3213.53,1
1397,09:30:00,$ 3213.53,2
1398,09:30:00,$ 3213.53,1
1399,09:30:00,$ 3213.53,2
1400,09:30:00,$ 3213.53,1
1401,09:30:00,$ 3213.53,1
1402,09:30:00,$ 3213.53,1
1403,09:30:00,$ 3213.53,20
1404,09:30:00,$ 3213.53,1
1405,09:30:00,$ 3213.53,1
1406,09:30:00,$ 3213.53,1
1408,09:30:00,$ 3213.53,1
1409,09:30:00,$ 3213.53,2
1410,09:30:00,$ 3213.53,1
1411,09:30:00,$ 3213.53,7
1412,09:30:00,$ 3213.53,3
1413,09:30:00,$ 3213.53,5
1414,09:30:00,$ 3213.53,1
1415,09:30:00,$ 3213.53,27
1416,09:30:00,$ 3213.53,52
1417,09:30:00,$ 3213.53,1
1418,09:30:00,$ 3213.53,9
1419,09:30:00,$ 3213.53,10
1420,09:30:00,$ 3213.53,3
1421,09:30:00,$ 3213.53,1
1422,09:30:00,$ 3213.53,4
1423,09:30:00,$ 3213.53,1
1424,09:30:00,$ 3213.53,1
1425,09:30:00,$ 3213.53,2
1426,09:30:00,$ 3213.53,5
1427,09:30:00,$ 3213.53,3
1429,09:30:00,$ 3213.53,7
1430,09:30:00,$ 3213.53,1
1431,09:30:00,$ 3213.53,4
1432,09:30:00,$ 3213.53,1
1433,09:30:00,$ 3213.53,4
1434,09:30:00,$ 3213.53,1
1435,09:30:00,$ 3213.53,3
1436,09:30:00,$ 3213.53,4
1437,09:30:00,$ 3213.53,1
1438,09:30:00,$ 3213.53,158
1439,09:30:00,$ 3213.53,5
1440,09:30:00,$ 3213.53,7
1441,09:30:00,$ 3213.53,2
1442,09:30:00,$ 3213.53,20
1443,09:30:00,$ 3213.53,1
1444,09:30:00,$ 3213.53,2
1445,09:30:00,$ 3213.53,11
1446,09:30:00,$ 3213.53,2
1447,09:30:00,$ 3213.53,1
1448,09:30:00,$ 3213.53,1
1450,09:30:00,$ 3213.53,1
1451,09:30:00,$ 3213.53,11
1452,09:30:00,$ 3213.53,21
1453,09:30:00,$ 3213.53,1
1454,09:30:00,$ 3213.53,18
1455,09:30:00,$ 3213.53,13
1456,09:30:00,$ 3213.53,2
1457,09:30:00,$ 3213.53,1
1458,09:30:00,$ 3213.53,2
1459,09:30:00,$ 3213.53,1
1460,09:30:00,$ 3213.53,1
1461,09:30:00,$ 3213.53,2
1462,09:30:00,$ 3213.53,49
1463,09:30:00,$ 3213.53,36
1464,09:30:00,$ 3213.53,1
1465,09:30:00,$ 3213.53,49
1466,09:30:00,$ 3213.53,156
1467,09:30:00,$ 3213.53,23
1468,09:30:00,$ 3213.53,20
1469,09:30:00,$ 3213.53,10
1471,09:30:00,$ 3213.53,10
1472,09:30:00,$ 3213.53,10
1473,09:30:00,$ 3213.53,10
1474,09:30:00,$ 3213.53,31
1475,09:30:00,$ 3213.53,9
1476,09:30:00,$ 3213.53,7
1477,09:30:00,$ 3213.53,10
1478,09:30:00,$ 3213.53,100
1479,09:30:00,$ 3213.53,1
1480,09:30:00,$ 3213.53,1
1481,09:30:00,$ 3213.53,1
1482,09:30:00,$ 3213.53,1
1483,09:30:00,$ 3213.53,1
1484,09:30:00,$ 3213.53,1
1485,09:30:00,$ 3213.53,4
1486,09:30:00,$ 3213.53,50
1487,09:30:00,$ 3213.53,92
1488,09:30:00,$ 3213.53,47
1489,09:30:00,$ 3213.53,18
1490,09:30:00,$ 3213.53,9
1492,09:30:00,$ 3213.53,7
1493,09:30:00,$ 3213.53,500
1494,09:30:00,$ 3213.53,57
1495,09:30:00,$ 3213.53,40
1496,09:30:00,$ 3213.53,1
1497,09:30:00,$ 3213.53,1
1498,09:30:00,$ 3213.53,58
1499,09:30:00,$ 3213.53,49
1500,09:30:00,$ 3213.53,5
1501,09:30:00,$ 3213.53,1
1502,09:30:00,$ 3213.53,"2,450"
1503,09:30:00,$ 3213.53,16
1504,09:30:00,$ 3213.53,50
1505,09:30:00,$ 3213.53,1
1506,09:30:00,$ 3213.53,1
1507,09:30:00,$ 3213.53,20
1508,09:30:00,$ 3213.53,40
1509,09:30:00,$ 3213.53,1
1510,09:30:00,$ 3213.53,2
1511,09:30:00,$ 3213.53,1
1513,09:30:00,$ 3213.53,260
1514,09:30:00,$ 3213.53,1
1515,09:30:00,$ 3213.53,4
1516,09:30:00,$ 3213.53,1
1517,09:30:00,$ 3213.53,119
1518,09:30:00,$ 3213.53,100
1519,09:30:00,$ 3213.53,4
1520,09:30:00,$ 3213.53,15
1521,09:30:00,$ 3213.53,7
1522,09:30:00,$ 3213.53,8
1523,09:30:00,$ 3213.53,6
1524,09:30:00,$ 3213.53,6
1525,09:30:00,$ 3213.53,8
1526,09:30:00,$ 3213.53,2
1527,09:30:00,$ 3213.53,5
1528,09:30:00,$ 3213.53,30
1529,09:30:00,$ 3213.53,7
1530,09:30:00,$ 3213.53,2
1531,09:30:00,$ 3213.53,6
1532,09:30:00,$ 3213.53,12
1534,09:30:00,$ 3213.53,3
1535,09:30:00,$ 3213.53,201
1536,09:30:00,$ 3213.53,10
1537,09:30:00,$ 3213.53,6
1538,09:30:00,$ 3213.53,8
1539,09:30:00,$ 3213.53,11
1540,09:30:00,$ 3213.53,3
1541,09:30:00,$ 3213.53,4
1542,09:30:00,$ 3213.53,49
1543,09:30:00,$ 3213.53,1
1544,09:30:00,$ 3213.53,100
1545,09:30:00,$ 3213.53,2
1546,09:30:00,$ 3213.53,2
1547,09:30:00,$ 3213.53,27
1548,09:30:00,$ 3213.53,31
1549,09:30:00,$ 3213.53,1
1550,09:30:00,$ 3213.53,15
1551,09:30:00,$ 3213.53,271
1552,09:30:00,$ 3213.53,3
1553,09:30:00,$ 3213.53,4
1555,09:30:00,$ 3213.53,5
1556,09:30:00,$ 3213.53,1
1557,09:30:00,$ 3213.53,1
1558,09:30:00,$ 3213.53,166
1559,09:30:00,$ 3213.53,1
1560,09:30:00,$ 3213.53,1
1561,09:30:00,$ 3213.53,9
1562,09:30:00,$ 3213.53,2
1563,09:30:00,$ 3213.53,3
1564,09:30:00,$ 3213.53,1
1565,09:30:00,$ 3213.53,50
1566,09:30:00,$ 3213.53,100
1567,09:30:00,$ 3213.53,"3,000"
1568,09:30:00,$ 3213.53,1
1569,09:30:00,$ 3213.53,150
1570,09:30:00,$ 3213.53,357
1571,09:30:00,$ 3213.53,2
1572,09:30:00,$ 3213.53,1
1573,09:30:00,$ 3213.53,18
1574,09:30:00,$ 3213.53,1
1576,09:30:00,$ 3213.53,20
1577,09:30:00,$ 3213.53,125
1578,09:30:00,$ 3213.53,10
1579,09:30:00,$ 3213.53,17
1580,09:30:00,$ 3213.53,5
1581,09:30:00,$ 3213.53,3
1582,09:30:00,$ 3213.53,2
1583,09:30:00,$ 3213.53,2
1584,09:30:00,$ 3213.53,1
1585,09:30:00,$ 3213.53,1
1586,09:30:00,$ 3213.53,2
1587,09:30:00,$ 3213.53,1
1588,09:30:00,$ 3213.53,85
1589,09:30:00,$ 3213.53,3
1590,09:30:00,$ 3213.53,100
1591,09:30:00,$ 3213.53,1
1592,09:30:00,$ 3213.53,"1,893"
1593,09:30:00,$ 3213.53,12
1594,09:30:00,$ 3213.53,28
1595,09:30:00,$ 3213.53,8
1597,09:30:00,$ 3213.53,4
1598,09:30:00,$ 3213.53,16
1599,09:30:00,$ 3213.53,"1,193"
1600,09:30:00,$ 3213.53,1
1601,09:30:00,$ 3213.53,20
1602,09:30:00,$ 3213.53,2
1603,09:30:00,$ 3213.53,60
1604,09:30:00,$ 3213.53,45
1605,09:30:00,$ 3213.53,5
1606,09:30:00,$ 3213.53,5
1607,09:30:00,$ 3213.53,1
1608,09:30:00,$ 3213.53,23
1609,09:30:00,$ 3213.53,22
1610,09:30:00,$ 3213.53,25
1611,09:30:00,$ 3213.53,88
1612,09:30:00,$ 3213.53,1
1613,09:30:00,$ 3213.53,5
1614,09:30:00,$ 3213.53,370
1615,09:30:00,$ 3213.53,3
1616,09:30:00,$ 3213.53,40
1618,09:30:00,$ 3213.53,1
1619,09:30:00,$ 3213.53,1
1620,09:30:00,$ 3213.53,1
1621,09:30:00,$ 3213.53,2
1622,09:30:00,$ 3213.53,2
1623,09:30:00,$ 3213.53,3
1624,09:30:00,$ 3213.53,18
1625,09:30:00,$ 3213.53,10
1626,09:30:00,$ 3213.53,54
1627,09:30:00,$ 3213.53,2
1628,09:30:00,$ 3213.53,26
1629,09:30:00,$ 3213.53,7
1630,09:30:00,$ 3213.53,31
1631,09:30:00,$ 3213.53,1
1632,09:30:00,$ 3213.53,10
1633,09:30:00,$ 3213.53,3
1634,09:30:00,$ 3213.53,2
1635,09:30:00,$ 3213.53,1
1636,09:30:00,$ 3213.53,50
1637,09:30:00,$ 3213.53,262
1639,09:30:00,$ 3213.53,1
1640,09:30:00,$ 3213.53,5
1641,09:30:00,$ 3213.53,7
1642,09:30:00,$ 3213.53,2
1643,09:30:00,$ 3213.53,1
1644,09:30:00,$ 3213.53,100
1645,09:30:00,$ 3213.53,1
1646,09:30:00,$ 3213.53,1
1647,09:30:00,$ 3213.53,1
1648,09:30:00,$ 3213.53,2
1649,09:30:00,$ 3213.53,1
1650,09:30:00,$ 3213.53,2
1651,09:30:00,$ 3213.53,12
1652,09:30:00,$ 3213.53,1
1653,09:30:00,$ 3213.53,12
1654,09:30:00,$ 3213.53,1
1655,09:30:00,$ 3213.53,4
1656,09:30:00,$ 3213.53,3
1657,09:30:00,$ 3213.53,2
1658,09:30:00,$ 3213.53,1
1660,09:30:00,$ 3213.53,1
1661,09:30:00,$ 3213.53,156
1662,09:30:00,$ 3213.53,8
1663,09:30:00,$ 3213.53,1
1664,09:30:00,$ 3213.53,1
1665,09:30:00,$ 3213.53,16
1666,09:30:00,$ 3213.53,2
1667,09:30:00,$ 3213.53,3
1668,09:30:00,$ 3213.53,1
1669,09:30:00,$ 3213.53,1
1670,09:30:00,$ 3213.53,2
1671,09:30:00,$ 3213.53,20
1672,09:30:00,$ 3213.53,1
1673,09:30:00,$ 3213.53,20
1674,09:30:00,$ 3213.53,10
1675,09:30:00,$ 3213.53,9
1676,09:30:00,$ 3213.53,300
1677,09:30:00,$ 3213.53,1
1678,09:30:00,$ 3213.53,1
1679,09:30:00,$ 3213.53,10
1681,09:30:00,$ 3213.53,3
1682,09:30:00,$ 3213.53,5
1683,09:30:00,$ 3213.53,2
1684,09:30:00,$ 3213.53,1
1685,09:30:00,$ 3213.53,20
1686,09:30:00,$ 3213.53,6
1687,09:30:00,$ 3213.53,8
1688,09:30:00,$ 3213.53,4
1689,09:30:00,$ 3213.53,1
1690,09:30:00,$ 3213.53,30
1691,09:30:00,$ 3213.53,2
1692,09:30:00,$ 3213.53,107
1693,09:30:00,$ 3213.53,22
1694,09:30:00,$ 3213.53,2
1695,09:30:00,$ 3213.53,2
1696,09:30:00,$ 3213.53,1
1697,09:30:00,$ 3213.53,1
1698,09:30:00,$ 3213.53,23
1699,09:30:00,$ 3213.53,12
1700,09:30:00,$ 3213.53,1
1702,09:30:00,$ 3213.53,1
1703,09:30:00,$ 3213.53,3
1704,09:30:00,$ 3213.53,5
1705,09:30:00,$ 3213.53,11
1706,09:30:00,$ 3213.53,2
1707,09:30:00,$ 3213.53,2
1708,09:30:00,$ 3213.53,30
1709,09:30:00,$ 3213.53,147
1710,09:30:00,$ 3213.53,1
1711,09:30:00,$ 3213.53,3
1712,09:30:00,$ 3213.53,6
1713,09:30:00,$ 3213.53,6
1714,09:30:00,$ 3213.53,1
1715,09:30:00,$ 3213.53,4
1716,09:30:00,$ 3213.53,5
1717,09:30:00,$ 3213.53,1
1718,09:30:00,$ 3213.53,195
1719,09:30:00,$ 3213.53,1
1720,09:30:00,$ 3213.53,1
1721,09:30:00,$ 3213.53,9
1723,09:30:00,$ 3213.53,1
1724,09:30:00,$ 3213.53,2
1725,09:30:00,$ 3213.53,3
1726,09:30:00,$ 3213.53,9
1727,09:30:00,$ 3213.53,1
1728,09:30:00,$ 3213.53,3
1729,09:30:00,$ 3213.53,1
1730,09:30:00,$ 3213.53,7
1731,09:30:00,$ 3213.53,3
1732,09:30:00,$ 3213.53,3
1733,09:30:00,$ 3213.53,75
1734,09:30:00,$ 3213.53,1
1735,09:30:00,$ 3213.53,9
1736,09:30:00,$ 3213.53,2
1737,09:30:00,$ 3213.53,537
1738,09:30:00,$ 3213.53,2
1739,09:30:00,$ 3213.53,1
1740,09:30:00,$ 3213.53,1
1741,09:30:00,$ 3213.53,1
1742,09:30:00,$ 3213.53,"3,500"
1744,09:30:00,$ 3213.53,"1,472"
1745,09:30:00,$ 3213.53,112
1746,09:30:00,$ 3213.53,"1,211"
1747,09:30:00,$ 3213.53,260
1748,09:30:00,$ 3213.53,33
1749,09:30:00,$ 3213.53,50
1750,09:30:00,$ 3213.53,1
1751,09:30:00,$ 3213.53,10
1752,09:30:00,$ 3213.53,1
1753,09:30:00,$ 3213.53,3
1754,09:30:00,$ 3213.53,7
1755,09:30:00,$ 3213.53,16
1756,09:30:00,$ 3213.53,2
1757,09:30:00,$ 3213.53,317
1758,09:30:00,$ 3213.53,1
1759,09:30:00,$ 3213.53,1
1760,09:30:00,$ 3213.53,4
1761,09:30:00,$ 3213.53,5
1762,09:30:00,$ 3213.53,2
1763,09:30:00,$ 3213.53,34
1765,09:30:00,$ 3213.53,9
1766,09:30:00,$ 3213.53,1
1767,09:30:00,$ 3213.53,1
1768,09:30:00,$ 3213.53,4
1769,09:30:00,$ 3213.53,4
1770,09:30:00,$ 3213.53,1
1771,09:30:00,$ 3213.53,3
1772,09:30:00,$ 3213.53,13
1773,09:30:00,$ 3213.53,31
1774,09:30:00,$ 3213.53,2
1775,09:30:00,$ 3213.53,2
1776,09:30:00,$ 3213.53,3
1777,09:30:00,$ 3213.53,12
1778,09:30:00,$ 3213.53,10
1779,09:30:00,$ 3213.53,1
1780,09:30:00,$ 3213.53,5
1781,09:30:00,$ 3213.53,4
1782,09:30:00,$ 3213.53,1
1783,09:30:00,$ 3213.53,1
1784,09:30:00,$ 3213.53,1
1786,09:30:00,$ 3213.53,3
1787,09:30:00,$ 3213.53,2
1788,09:30:00,$ 3213.53,1
1789,09:30:00,$ 3213.53,2
1790,09:30:00,$ 3213.53,33
1791,09:30:00,$ 3213.53,13
1792,09:30:00,$ 3213.53,5
1793,09:30:00,$ 3213.53,1
1794,09:30:00,$ 3213.53,133
1795,09:30:00,$ 3213.53,1
1796,09:30:00,$ 3213.53,10
1797,09:30:00,$ 3213.53,3
1798,09:30:00,$ 3213.53,1
1799,09:30:00,$ 3213.53,2
1800,09:30:00,$ 3213.53,1
1801,09:30:00,$ 3213.53,150
1802,09:30:00,$ 3213.53,160
1803,09:30:00,$ 3213.53,238
1804,09:30:00,$ 3213.53,160
1805,09:30:00,$ 3213.53,12
1807,09:30:00,$ 3213.53,31
1808,09:30:00,$ 3213.53,121
1809,09:30:00,$ 3213.53,1
1810,09:30:00,$ 3213.53,9
1811,09:30:00,$ 3213.53,12
1812,09:30:00,$ 3213.53,5
1813,09:30:00,$ 3213.53,2
1814,09:30:00,$ 3213.53,1
1815,09:30:00,$ 3213.53,5
1816,09:30:00,$ 3213.53,3
1817,09:30:00,$ 3213.53,1
1818,09:30:00,$ 3213.53,5
1819,09:30:00,$ 3213.53,1
1820,09:30:00,$ 3213.53,2
1821,09:30:00,$ 3213.53,3
1822,09:30:00,$ 3213.53,7
1823,09:30:00,$ 3213.53,2
1824,09:30:00,$ 3213.53,3
1825,09:30:00,$ 3213.53,3
1826,09:30:00,$ 3213.53,1
1828,09:30:00,$ 3213.53,1
1829,09:30:00,$ 3213.53,1
1830,09:30:00,$ 3213.53,1
1831,09:30:00,$ 3213.53,7
1832,09:30:00,$ 3213.53,1
1833,09:30:00,$ 3213.53,1
1834,09:30:00,$ 3213.53,1
1835,09:30:00,$ 3213.53,2
1836,09:30:00,$ 3213.53,4
1837,09:30:00,$ 3213.53,4
1838,09:30:00,$ 3213.53,3
1839,09:30:00,$ 3213.53,4
1840,09:30:00,$ 3213.53,1
1841,09:30:00,$ 3213.53,3
1842,09:30:00,$ 3213.53,1
1843,09:30:00,$ 3213.53,1
1844,09:30:00,$ 3213.53,2
1845,09:30:00,$ 3213.53,1
1846,09:30:00,$ 3213.53,2
1847,09:30:00,$ 3213.53,1
1849,09:30:00,$ 3213.53,2
1850,09:30:00,$ 3213.53,1
1851,09:30:00,$ 3213.53,9
1852,09:30:00,$ 3213.53,1
1853,09:30:00,$ 3213.53,4
1854,09:30:00,$ 3213.53,5
1855,09:30:00,$ 3213.53,1
1856,09:30:00,$ 3213.53,1
1857,09:30:00,$ 3213.53,4
1858,09:30:00,$ 3213.53,2
1859,09:30:00,$ 3213.53,7
1860,09:30:00,$ 3213.53,2
1861,09:30:00,$ 3213.53,2
1862,09:30:00,$ 3213.53,15
1863,09:30:00,$ 3213.53,11
1864,09:30:00,$ 3213.53,15
1865,09:30:00,$ 3213.53,4
1866,09:30:00,$ 3213.53,1
1867,09:30:00,$ 3213.53,13
1868,09:30:00,$ 3213.53,5
1870,09:30:00,$ 3213.53,5
1871,09:30:00,$ 3213.53,"1,500"
1872,09:30:00,$ 3213.53,10
1873,09:30:00,$ 3213.53,50
1874,09:30:00,$ 3213.53,5
1875,09:30:00,$ 3213.53,1
1876,09:30:00,$ 3213.53,11
1877,09:30:00,$ 3213.53,1
1878,09:30:00,$ 3213.53,12
1879,09:30:00,$ 3213.53,5
1880,09:30:00,$ 3213.53,70
1881,09:30:00,$ 3213.53,3
1882,09:30:00,$ 3213.53,16
1883,09:30:00,$ 3213.53,2
1884,09:30:00,$ 3213.53,4
1885,09:30:00,$ 3213.53,5
1886,09:30:00,$ 3213.53,2
1887,09:30:00,$ 3213.53,20
1888,09:30:00,$ 3213.53,7
1889,09:30:00,$ 3213.53,10
1891,09:30:00,$ 3213.53,6
1892,09:30:00,$ 3213.53,4
1893,09:30:00,$ 3213.53,100
1894,09:30:00,$ 3213.53,8
1895,09:30:00,$ 3213.53,80
1896,09:30:00,$ 3213.53,9
1897,09:30:00,$ 3213.53,8
1898,09:30:00,$ 3213.53,14
1899,09:30:00,$ 3213.53,4
1900,09:30:00,$ 3213.53,1
1901,09:30:00,$ 3213.53,1
1902,09:30:00,$ 3213.53,6
1903,09:30:00,$ 3213.53,10
1904,09:30:00,$ 3213.53,40
1905,09:30:00,$ 3213.53,1
1906,09:30:00,$ 3213.53,1
1907,09:30:00,$ 3213.53,1
1908,09:30:00,$ 3213.53,10
1909,09:30:00,$ 3213.53,1
1910,09:30:00,$ 3213.53,1
1912,09:30:00,$ 3213.53,1
1913,09:30:00,$ 3213.53,1
1914,09:30:00,$ 3213.53,1
1915,09:30:00,$ 3213.53,10
1916,09:30:00,$ 3213.53,3
1917,09:30:00,$ 3213.53,10
1918,09:30:00,$ 3213.53,1
1919,09:30:00,$ 3213.53,1
1920,09:30:00,$ 3213.53,1
1921,09:30:00,$ 3213.53,1
1922,09:30:00,$ 3213.53,2
1923,09:30:00,$ 3213.53,1
1924,09:30:00,$ 3213.53,12
1925,09:30:00,$ 3213.53,2
1926,09:30:00,$ 3213.53,2
1927,09:30:00,$ 3213.53,10
1928,09:30:00,$ 3213.53,8
1929,09:30:00,$ 3213.53,7
1930,09:30:00,$ 3213.53,1
1931,09:30:00,$ 3213.53,2
1933,09:30:00,$ 3213.53,1
1934,09:30:00,$ 3213.53,3
1935,09:30:00,$ 3213.53,1
1936,09:30:00,$ 3213.53,1
1937,09:30:00,$ 3213.53,1
1938,09:30:00,$ 3213.53,5
1939,09:30:00,$ 3213.53,1
1940,09:30:00,$ 3213.53,6
1941,09:30:00,$ 3213.53,1
1942,09:30:00,$ 3213.53,2
1943,09:30:00,$ 3213.53,11
1944,09:30:00,$ 3213.53,15
1945,09:30:00,$ 3213.53,1
1946,09:30:00,$ 3213.53,1
1947,09:30:00,$ 3213.53,2
1948,09:30:00,$ 3213.53,1
1949,09:30:00,$ 3213.53,1
1950,09:30:00,$ 3213.53,2
1951,09:30:00,$ 3213.53,3
1952,09:30:00,$ 3213.53,1
1954,09:30:00,$ 3213.53,3
1955,09:30:00,$ 3213.53,20
1956,09:30:00,$ 3213.53,1
1957,09:30:00,$ 3213.53,2
1958,09:30:00,$ 3213.53,1
1959,09:30:00,$ 3213.53,1
1960,09:30:00,$ 3213.53,3
1961,09:30:00,$ 3213.53,30
1962,09:30:00,$ 3213.53,1
1963,09:30:00,$ 3213.53,10
1964,09:30:00,$ 3213.53,2
1965,09:30:00,$ 3213.53,2
1966,09:30:00,$ 3213.53,27
1967,09:30:00,$ 3213.53,1
1968,09:30:00,$ 3213.53,5
1969,09:30:00,$ 3213.53,1
1970,09:30:00,$ 3213.53,10
1971,09:30:00,$ 3213.53,18
1972,09:30:00,$ 3213.53,31
1973,09:30:00,$ 3213.53,1
1975,09:30:00,$ 3213.53,31
1976,09:30:00,$ 3213.53,31
1977,09:30:00,$ 3213.53,3
1978,09:30:00,$ 3213.53,4
1979,09:30:00,$ 3213.53,1
1980,09:30:00,$ 3213.53,25
1981,09:30:00,$ 3213.53,2
1982,09:30:00,$ 3213.53,1
1983,09:30:00,$ 3213.53,10
1984,09:30:00,$ 3213.53,5
1985,09:30:00,$ 3213.53,1
1986,09:30:00,$ 3213.53,5
1987,09:30:00,$ 3213.53,9
1988,09:30:00,$ 3213.53,24
1989,09:30:00,$ 3213.53,1
1990,09:30:00,$ 3213.53,2
1991,09:30:00,$ 3213.53,32
1992,09:30:00,$ 3213.53,10
1993,09:30:00,$ 3213.53,1
1994,09:30:00,$ 3213.53,1
1996,09:30:00,$ 3213.53,1
1997,09:30:00,$ 3213.53,1
1998,09:30:00,$ 3213.53,1
1999,09:30:00,$ 3213.53,54
2000,09:30:00,$ 3213.53,32
2001,09:30:00,$ 3213.53,3
2002,09:30:00,$ 3213.53,1
2003,09:30:00,$ 3213.53,1
2004,09:30:00,$ 3213.53,1
2005,09:30:00,$ 3213.53,1
2006,09:30:00,$ 3213.53,3
2007,09:30:00,$ 3213.53,2
2008,09:30:00,$ 3213.53,14
2009,09:30:00,$ 3213.53,16
2010,09:30:00,$ 3213.53,1
2011,09:30:00,$ 3213.53,5
2012,09:30:00,$ 3213.53,1
2013,09:30:00,$ 3213.53,1
2014,09:30:00,$ 3213.53,2
2015,09:30:00,$ 3213.53,4
2017,09:30:00,$ 3213.53,12
2018,09:30:00,$ 3213.53,1
2019,09:30:00,$ 3213.53,5
2020,09:30:00,$ 3213.53,1
2021,09:30:00,$ 3213.53,2
2022,09:30:00,$ 3213.53,1
2023,09:30:00,$ 3213.53,1
2024,09:30:00,$ 3213.53,1
2025,09:30:00,$ 3213.53,3
2026,09:30:00,$ 3213.53,28
2027,09:30:00,$ 3213.53,1
2028,09:30:00,$ 3213.53,2
2029,09:30:00,$ 3213.53,20
2030,09:30:00,$ 3213.53,10
2031,09:30:00,$ 3213.53,33
2032,09:30:00,$ 3213.53,64
2033,09:30:00,$ 3213.53,5
2034,09:30:00,$ 3213.53,20
2035,09:30:00,$ 3213.53,5
2036,09:30:00,$ 3213.53,2
2038,09:30:00,$ 3213.53,1
2039,09:30:00,$ 3213.53,4
2040,09:30:00,$ 3213.53,1
2041,09:30:00,$ 3213.53,1
2042,09:30:00,$ 3213.53,4
2043,09:30:00,$ 3213.53,10
2044,09:30:00,$ 3213.53,1
2045,09:30:00,$ 3213.53,5
2046,09:30:00,$ 3213.53,1
2047,09:30:00,$ 3213.53,3
2048,09:30:00,$ 3213.53,1
2049,09:30:00,$ 3213.53,2
2050,09:30:00,$ 3213.53,140
2051,09:30:00,$ 3213.53,1
2052,09:30:00,$ 3213.53,1
2053,09:30:00,$ 3213.53,3
2054,09:30:00,$ 3213.53,9
2055,09:30:00,$ 3213.53,2
2056,09:30:00,$ 3213.53,1
2057,09:30:00,$ 3213.53,3
2059,09:30:00,$ 3213.53,1
2060,09:30:00,$ 3213.53,4
2061,09:30:00,$ 3213.53,1
2062,09:30:00,$ 3213.53,5
2063,09:30:00,$ 3213.53,1
2064,09:30:00,$ 3213.53,5
2065,09:30:00,$ 3213.53,3
2066,09:30:00,$ 3213.53,1
2067,09:30:00,$ 3213.53,20
2068,09:30:00,$ 3213.53,1
2069,09:30:00,$ 3213.53,1
2070,09:30:00,$ 3213.53,1
2071,09:30:00,$ 3213.53,2
2072,09:30:00,$ 3213.53,3
2073,09:30:00,$ 3213.53,1
2074,09:30:00,$ 3213.53,1
2075,09:30:00,$ 3213.53,2
2076,09:30:00,$ 3213.53,15
2077,09:30:00,$ 3213.53,1
2078,09:30:00,$ 3213.53,3
2080,09:30:00,$ 3213.53,1
2081,09:30:00,$ 3213.53,1
2082,09:30:00,$ 3213.53,5
2083,09:30:00,$ 3213.53,1
2084,09:30:00,$ 3213.53,30
2085,09:30:00,$ 3213.53,15
2086,09:30:00,$ 3213.53,2
2087,09:30:00,$ 3213.53,3
2088,09:30:00,$ 3213.53,1
2089,09:30:00,$ 3213.53,1
2090,09:30:00,$ 3213.53,1
2091,09:30:00,$ 3213.53,1
2092,09:30:00,$ 3213.53,1
2093,09:30:00,$ 3213.53,1
2094,09:30:00,$ 3213.53,1
2095,09:30:00,$ 3213.53,8
2096,09:30:00,$ 3213.53,3
2097,09:30:00,$ 3213.53,5
2098,09:30:00,$ 3213.53,1
2099,09:30:00,$ 3213.53,1
2101,09:30:00,$ 3213.53,1
2102,09:30:00,$ 3213.53,2
2103,09:30:00,$ 3213.53,3
2104,09:30:00,$ 3213.53,1
2105,09:30:00,$ 3213.53,2
2106,09:30:00,$ 3213.53,2
2107,09:30:00,$ 3213.53,6
2108,09:30:00,$ 3213.53,2
2109,09:30:00,$ 3213.53,5
2110,09:30:00,$ 3213.53,17
2111,09:30:00,$ 3213.53,1
2112,09:30:00,$ 3213.53,1
2113,09:30:00,$ 3213.53,1
2114,09:30:00,$ 3213.53,1
2115,09:30:00,$ 3213.53,2
2116,09:30:00,$ 3213.53,2
2117,09:30:00,$ 3213.53,1
2118,09:30:00,$ 3213.53,1
2119,09:30:00,$ 3213.53,3
2120,09:30:00,$ 3213.53,1
2122,09:30:00,$ 3213.53,1
2123,09:30:00,$ 3213.53,2
2124,09:30:00,$ 3213.53,6
2125,09:30:00,$ 3213.53,11
2126,09:30:00,$ 3213.53,20
2127,09:30:00,$ 3213.53,1
2128,09:30:00,$ 3213.53,1
2129,09:30:00,$ 3213.53,4
2130,09:30:00,$ 3213.53,10
2131,09:30:00,$ 3213.53,3
2132,09:30:00,$ 3213.53,1
2133,09:30:00,$ 3213.53,1
2134,09:30:00,$ 3213.53,1
2135,09:30:00,$ 3213.53,1
2136,09:30:00,$ 3213.53,1
2137,09:30:00,$ 3213.53,7
2138,09:30:00,$ 3213.53,1
2139,09:30:00,$ 3213.53,10
2140,09:30:00,$ 3213.53,2
2141,09:30:00,$ 3213.53,7
2143,09:30:00,$ 3213.53,1
2144,09:30:00,$ 3213.53,32
2145,09:30:00,$ 3213.53,1
2146,09:30:00,$ 3213.53,10
2147,09:30:00,$ 3213.53,1
2148,09:30:00,$ 3213.53,1
2149,09:30:00,$ 3213.53,16
2150,09:30:00,$ 3213.53,1
2151,09:30:00,$ 3213.53,1
2152,09:30:00,$ 3213.53,14
2153,09:30:00,$ 3213.53,1
2154,09:30:00,$ 3213.53,1
2155,09:30:00,$ 3213.53,1
2156,09:30:00,$ 3213.53,1
2157,09:30:00,$ 3213.53,10
2158,09:30:00,$ 3213.53,7
2159,09:30:00,$ 3213.53,50
2160,09:30:00,$ 3213.53,5
2161,09:30:00,$ 3213.53,4
2162,09:30:00,$ 3213.53,5
2164,09:30:00,$ 3213.53,2
2165,09:30:00,$ 3213.53,20
2166,09:30:00,$ 3213.53,1
2167,09:30:00,$ 3213.53,1
2168,09:30:00,$ 3213.53,1
2169,09:30:00,$ 3213.53,1
2170,09:30:00,$ 3213.53,3
2171,09:30:00,$ 3213.53,1
2172,09:30:00,$ 3213.53,1
2173,09:30:00,$ 3213.53,20
2174,09:30:00,$ 3213.53,1
2175,09:30:00,$ 3213.53,2
2176,09:30:00,$ 3213.53,7
2177,09:30:00,$ 3213.53,1
2178,09:30:00,$ 3213.53,1
2179,09:30:00,$ 3213.53,2
2180,09:30:00,$ 3213.53,5
2181,09:30:00,$ 3213.53,1
2182,09:30:00,$ 3213.53,1
2183,09:30:00,$ 3213.53,3
2185,09:30:00,$ 3213.53,2
2186,09:30:00,$ 3213.53,5
2187,09:30:00,$ 3213.53,2
2188,09:30:00,$ 3213.53,3
2189,09:30:00,$ 3213.53,1
2190,09:30:00,$ 3213.53,2
2191,09:30:00,$ 3213.53,5
2192,09:30:00,$ 3213.53,6
2193,09:30:00,$ 3213.53,2
2194,09:30:00,$ 3213.53,1
2195,09:30:00,$ 3213.53,1
2196,09:30:00,$ 3213.53,1
2197,09:30:00,$ 3213.53,25
2198,09:30:00,$ 3213.53,3
2199,09:30:00,$ 3213.53,1
2200,09:30:00,$ 3213.53,10
2201,09:30:00,$ 3213.53,3
2202,09:30:00,$ 3213.53,7
2203,09:30:00,$ 3213.53,5
2204,09:30:00,$ 3213.53,1
2206,09:30:00,$ 3213.53,1
2207,09:30:00,$ 3213.53,8
2208,09:30:00,$ 3213.53,2
2209,09:30:00,$ 3213.53,1
2210,09:30:00,$ 3213.53,2
2211,09:30:00,$ 3213.53,1
2212,09:30:00,$ 3213.53,2
2213,09:30:00,$ 3213.53,10
2214,09:30:00,$ 3213.53,1
2215,09:30:00,$ 3213.53,2
2216,09:30:00,$ 3213.53,1
2217,09:30:00,$ 3213.53,1
2218,09:30:00,$ 3213.53,1
2219,09:30:00,$ 3213.53,10
2220,09:30:00,$ 3213.53,1
2221,09:30:00,$ 3213.53,3
2222,09:30:00,$ 3213.53,9
2223,09:30:00,$ 3213.53,5
2224,09:30:00,$ 3213.53,1
2225,09:30:00,$ 3213.53,130
2227,09:30:00,$ 3213.53,5
2228,09:30:00,$ 3213.53,1
2229,09:30:00,$ 3213.53,1
2230,09:30:00,$ 3213.53,18
2231,09:30:00,$ 3213.53,7
2232,09:30:00,$ 3213.53,7
2233,09:30:00,$ 3213.53,5
2234,09:30:00,$ 3213.53,36
2235,09:30:00,$ 3213.53,1
2236,09:30:00,$ 3213.53,1
2237,09:30:00,$ 3213.53,4
2238,09:30:00,$ 3213.53,1
2239,09:30:00,$ 3213.53,2
2240,09:30:00,$ 3213.53,2
2241,09:30:00,$ 3213.53,1
2242,09:30:00,$ 3213.53,10
2243,09:30:00,$ 3213.53,1
2244,09:30:00,$ 3213.53,1
2245,09:30:00,$ 3213.53,18
2246,09:30:00,$ 3213.53,1
2248,09:30:00,$ 3213.53,3
2249,09:30:00,$ 3213.53,12
2250,09:30:00,$ 3213.53,23
2251,09:30:00,$ 3213.53,35
2252,09:30:00,$ 3213.53,1
2253,09:30:00,$ 3213.53,1
2254,09:30:00,$ 3213.53,1
2255,09:30:00,$ 3213.53,1
2256,09:30:00,$ 3213.53,8
2257,09:30:00,$ 3213.53,7
2258,09:30:00,$ 3213.53,14
2259,09:30:00,$ 3213.53,2
2260,09:30:00,$ 3213.53,1
2261,09:30:00,$ 3213.53,1
2262,09:30:00,$ 3213.53,25
2263,09:30:00,$ 3213.53,10
2264,09:30:00,$ 3213.53,25
2265,09:30:00,$ 3213.53,11
2266,09:30:00,$ 3213.53,1
2267,09:30:00,$ 3213.53,10
2269,09:30:00,$ 3213.53,1
2270,09:30:00,$ 3213.53,9
2271,09:30:00,$ 3213.53,3
2272,09:30:00,$ 3213.53,2
2273,09:30:00,$ 3213.53,25
2274,09:30:00,$ 3213.53,3
2275,09:30:00,$ 3213.53,5
2276,09:30:00,$ 3213.53,8
2277,09:30:00,$ 3213.53,10
2278,09:30:00,$ 3213.53,1
2279,09:30:00,$ 3213.53,2
2280,09:30:00,$ 3213.53,1
2281,09:30:00,$ 3213.53,1
2282,09:30:00,$ 3213.53,1
2283,09:30:00,$ 3213.53,1
2284,09:30:00,$ 3213.53,1
2285,09:30:00,$ 3213.53,21
2286,09:30:00,$ 3213.53,594
2287,09:30:00,$ 3213.53,33
2288,09:30:00,$ 3213.53,5
2290,09:30:00,$ 3213.53,2
2292,10:29:59,$ 3241.315,100
2293,10:29:51,$ 3241.1357,150
2294,10:29:46,$ 3241.7737,137
2295,10:29:46,$ 3242.43,200
2296,10:29:44,$ 3240.00,100
2297,10:29:44,$ 3242.00,100
2298,10:29:27,$ 3241.00,100
2299,10:29:22,$ 3242.04,100
2300,10:29:22,$ 3242.00,100
2301,10:29:19,$ 3244.00,100
2302,10:29:19,$ 3244.00,100
2303,10:29:18,$ 3243.1398,100
2304,10:29:18,$ 3242.20,100
2305,10:29:18,$ 3242.495,100
2306,10:29:14,$ 3242.00,252
2307,10:29:14,$ 3242.00,145
2308,10:29:12,$ 3241.50,247
2309,10:29:01,$ 3239.985,100
2310,10:29:00,$ 3239.96,300
2311,10:29:00,$ 3239.96,100
2313,10:28:58,$ 3239.24,100
2314,10:28:58,$ 3239.98,100
2315,10:28:55,$ 3239.655,100
2316,10:28:50,$ 3238.62,100
2317,10:28:47,$ 3239.78,500
2318,10:28:32,$ 3239.80,100
2319,10:28:29,$ 3239.92,100
2320,10:28:29,$ 3239.68,100
2321,10:28:29,$ 3239.95,100
2322,10:28:27,$ 3240.515,109
2323,10:28:23,$ 3240.70,100
2324,10:28:22,$ 3241.39,125
2325,10:28:10,$ 3241.345,100
2326,10:28:10,$ 3241.62,100
2327,10:27:54,$ 3241.20,200
2328,10:27:29,$ 3242.91,100
2329,10:27:25,$ 3242.55,138
2330,10:27:20,$ 3243.02,100
2331,10:27:20,$ 3243.97,100
2332,10:27:19,$ 3243.23,100
2334,10:27:05,$ 3244.935,100
2335,10:26:59,$ 3244.95,100
2336,10:26:43,$ 3244.55,100
2337,10:26:43,$ 3244.59,100
2338,10:26:42,$ 3243.91,100
2339,10:26:42,$ 3243.90,100
2340,10:26:39,$ 3244.00,100
2341,10:26:37,$ 3243.36,100
2342,10:26:35,$ 3243.25,100
2343,10:26:35,$ 3243.25,150
2344,10:26:30,$ 3242.9888,300
2345,10:26:22,$ 3243.00,247
2346,10:26:22,$ 3243.00,253
2347,10:26:20,$ 3244.00,500
2348,10:26:16,$ 3243.02,100
2349,10:26:16,$ 3242.42,100
2350,10:26:14,$ 3243.005,500
2351,10:26:13,$ 3243.11,600
2352,10:26:11,$ 3244.59,100
2353,10:26:08,$ 3244.00,200
2355,10:26:08,$ 3243.82,100
2356,10:26:05,$ 3242.98,100
2357,10:25:58,$ 3241.76,100
2358,10:25:58,$ 3242.4222,255
2359,10:25:56,$ 3242.49,100
2360,10:25:56,$ 3242.49,100
2361,10:25:56,$ 3242.49,100
2362,10:25:56,$ 3242.49,100
2363,10:25:43,$ 3242.03,100
2364,10:25:43,$ 3242.03,100
2365,10:25:42,$ 3241.45,162
2366,10:25:39,$ 3241.745,200
2367,10:25:38,$ 3241.12,100
2368,10:25:38,$ 3241.05,158
2369,10:25:34,$ 3241.41,100
2370,10:25:34,$ 3241.40,100
2371,10:25:34,$ 3241.285,257
2372,10:25:31,$ 3242.49,500
2373,10:25:26,$ 3241.87,100
2374,10:25:08,$ 3244.08,258
2376,10:25:02,$ 3242.1467,500
2377,10:25:01,$ 3242.755,195
2378,10:24:41,$ 3244.18,100
2379,10:24:38,$ 3244.2169,500
2380,10:24:38,$ 3243.42,100
2381,10:24:34,$ 3245.915,100
2382,10:24:34,$ 3245.905,100
2383,10:24:33,$ 3244.19,100
2384,10:24:33,$ 3244.17,100
2385,10:24:33,$ 3243.44,100
2386,10:24:33,$ 3243.44,100
2387,10:24:26,$ 3242.64,100
2388,10:24:26,$ 3242.63,100
2389,10:24:24,$ 3244.67,100
2390,10:24:22,$ 3245.14,121
2391,10:24:22,$ 3245.966,100
2392,10:24:22,$ 3246.635,"1,000"
2393,10:24:21,$ 3245.75,100
2394,10:24:21,$ 3245.77,100
2395,10:24:21,$ 3245.00,162
2397,10:24:21,$ 3245.00,100
2398,10:24:21,$ 3244.99,101
2399,10:24:21,$ 3244.4987,308
2400,10:24:21,$ 3244.53,180
2401,10:24:21,$ 3244.53,200
2402,10:24:20,$ 3243.81,186
2403,10:24:20,$ 3243.7525,100
2404,10:24:18,$ 3244.08,300
2405,10:24:16,$ 3242.00,100
2406,10:24:16,$ 3242.00,100
2407,10:24:13,$ 3242.07,100
2408,10:24:09,$ 3241.82,100
2409,10:24:09,$ 3242.15,100
2410,10:24:03,$ 3241.04,100
2411,10:24:03,$ 3241.00,100
2412,10:23:57,$ 3241.39,140
2413,10:23:56,$ 3241.66,100
2414,10:23:55,$ 3241.195,100
2415,10:23:52,$ 3240.86,300
2416,10:23:41,$ 3240.00,100
2418,10:23:26,$ 3239.305,100
2419,10:23:05,$ 3241.27,100
2420,10:23:05,$ 3241.2501,308
2421,10:23:02,$ 3241.64,100
2422,10:23:02,$ 3241.60,100
2423,10:23:01,$ 3241.435,100
2424,10:23:01,$ 3241.59,100
2425,10:23:01,$ 3241.57,100
2426,10:23:01,$ 3241.56,100
2427,10:23:01,$ 3241.54,100
2428,10:22:59,$ 3241.60,100
2429,10:22:50,$ 3241.00,100
2430,10:22:50,$ 3241.00,218
2431,10:22:47,$ 3240.00,100
2432,10:22:41,$ 3239.7644,100
2433,10:22:39,$ 3240.00,100
2434,10:22:37,$ 3240.00,100
2435,10:22:37,$ 3239.72,100
2436,10:22:37,$ 3239.90,100
2437,10:22:35,$ 3237.82,100
2439,10:22:34,$ 3237.467,195
2440,10:22:27,$ 3238.58,100
2441,10:22:27,$ 3238.58,100
2442,10:22:27,$ 3238.58,126
2443,10:22:27,$ 3238.58,174
2444,10:22:27,$ 3238.57,100
2445,10:22:24,$ 3236.2446,500
2446,10:22:18,$ 3236.6318,100
2447,10:22:16,$ 3237.66,100
2448,10:22:16,$ 3237.43,100
2449,10:22:15,$ 3236.16,100
2450,10:22:15,$ 3236.16,100
2451,10:22:15,$ 3236.00,100
2452,10:22:15,$ 3236.00,100
2453,10:22:11,$ 3234.0575,100
2454,10:22:04,$ 3234.70,100
2455,10:22:04,$ 3234.1078,100
2456,10:22:03,$ 3234.17,"1,000"
2457,10:22:03,$ 3234.89,150
2458,10:22:03,$ 3234.00,100
2460,10:22:02,$ 3234.4599,100
2461,10:22:00,$ 3235.00,100
2462,10:21:56,$ 3235.00,100
2463,10:21:52,$ 3235.00,100
2464,10:21:52,$ 3234.40,100
2465,10:21:48,$ 3234.00,100
2466,10:21:48,$ 3233.46,100
2467,10:21:48,$ 3233.66,100
2468,10:21:48,$ 3233.66,100
2469,10:21:48,$ 3233.42,100
2470,10:21:47,$ 3233.66,250
2471,10:21:37,$ 3233.73,200
2472,10:21:37,$ 3234.90,100
2473,10:21:37,$ 3234.90,100
2474,10:21:37,$ 3234.83,100
2475,10:21:36,$ 3234.4118,200
2476,10:21:35,$ 3232.77,100
2477,10:21:34,$ 3232.00,100
2478,10:21:34,$ 3231.99,100
2479,10:21:32,$ 3230.47,100
2481,10:21:26,$ 3230.66,100
2482,10:21:23,$ 3230.66,200
2483,10:21:20,$ 3229.885,100
2484,10:21:20,$ 3230.00,100
2485,10:21:16,$ 3231.1234,176
2486,10:21:11,$ 3231.00,100
2487,10:20:59,$ 3228.96,100
2488,10:20:57,$ 3228.095,100
2489,10:20:48,$ 3227.965,234
2490,10:20:22,$ 3228.8799,300
2491,10:20:20,$ 3231.00,113
2492,10:20:12,$ 3229.94,100
2493,10:20:08,$ 3228.795,100
2494,10:20:01,$ 3227.00,100
2495,10:20:01,$ 3226.82,100
2496,10:20:01,$ 3226.82,100
2497,10:19:38,$ 3225.45,100
2498,10:19:35,$ 3225.00,100
2499,10:19:29,$ 3225.3552,200
2500,10:19:11,$ 3224.59,100
2502,10:19:11,$ 3224.59,100
2503,10:19:11,$ 3224.59,100
2504,10:19:11,$ 3224.59,112
2505,10:19:08,$ 3223.50,100
2506,10:19:08,$ 3223.79,103
2507,10:19:05,$ 3222.95,100
2508,10:19:01,$ 3223.50,200
2509,10:18:45,$ 3221.01,100
2510,10:18:11,$ 3222.115,100
2511,10:18:05,$ 3222.915,100
2512,10:18:05,$ 3223.86,100
2513,10:18:04,$ 3224.57,100
2514,10:18:04,$ 3223.40,100
2515,10:18:03,$ 3223.37,100
2516,10:17:58,$ 3223.5726,100
2517,10:17:53,$ 3224.99,200
2518,10:17:53,$ 3224.2525,100
2519,10:17:50,$ 3224.2327,100
2520,10:17:47,$ 3224.45,100
2521,10:17:47,$ 3223.30,132
2523,10:17:47,$ 3223.30,100
2524,10:17:45,$ 3223.19,100
2525,10:17:45,$ 3221.94,100
2526,10:17:45,$ 3221.91,100
2527,10:17:45,$ 3221.995,100
2528,10:17:45,$ 3221.99,100
2529,10:17:45,$ 3221.88,100
2530,10:17:45,$ 3222.00,100
2531,10:17:45,$ 3221.975,100
2532,10:17:37,$ 3220.82,100
2533,10:17:37,$ 3220.53,100
2534,10:17:37,$ 3220.53,100
2535,10:17:37,$ 3220.53,100
2536,10:17:37,$ 3220.53,354
2537,10:17:37,$ 3220.53,100
2538,10:17:25,$ 3219.20,100
2539,10:17:24,$ 3219.16,100
2540,10:17:22,$ 3219.84,100
2541,10:17:18,$ 3219.89,100
2542,10:17:11,$ 3219.585,100
2544,10:17:11,$ 3219.00,100
2545,10:17:11,$ 3219.05,100
2546,10:17:11,$ 3219.04,100
2547,10:17:02,$ 3221.44,100
2548,10:16:54,$ 3220.88,100
2549,10:16:52,$ 3221.05,200
2550,10:16:50,$ 3220.12,100
2551,10:16:47,$ 3220.89,100
2552,10:16:35,$ 3218.81,100
2553,10:16:31,$ 3217.9943,100
2554,10:16:20,$ 3216.72,100
2555,10:16:11,$ 3218.11,100
2556,10:16:11,$ 3218.13,100
2557,10:16:06,$ 3217.89,100
2558,10:16:04,$ 3218.32,100
2559,10:15:54,$ 3217.70,100
2560,10:15:52,$ 3218.4869,100
2561,10:15:35,$ 3218.795,200
2562,10:15:30,$ 3218.9302,135
2563,10:15:24,$ 3219.25,100
2565,10:15:20,$ 3219.185,100
2566,10:15:19,$ 3218.99,100
2567,10:15:19,$ 3218.99,100
2568,10:15:16,$ 3221.03,111
2569,10:15:14,$ 3219.21,100
2570,10:15:01,$ 3218.98,100
2571,10:14:46,$ 3218.15,146
2572,10:14:21,$ 3217.00,100
2573,10:14:03,$ 3214.70,321
2574,10:14:03,$ 3214.70,316
2575,10:14:03,$ 3214.70,100
2576,10:14:03,$ 3214.70,234
2577,10:13:55,$ 3214.58,100
2578,10:13:53,$ 3215.13,100
2579,10:13:53,$ 3215.08,100
2580,10:13:53,$ 3215.00,100
2581,10:13:53,$ 3215.09,100
2582,10:13:51,$ 3215.00,100
2583,10:13:51,$ 3215.00,100
2584,10:13:42,$ 3214.00,200
2586,10:13:42,$ 3213.67,100
2587,10:13:37,$ 3213.35,128
2588,10:13:33,$ 3212.42,100
2589,10:13:33,$ 3212.28,100
2590,10:13:33,$ 3212.22,100
2591,10:13:33,$ 3212.18,100
2592,10:13:33,$ 3212.12,100
2593,10:13:27,$ 3212.99,100
2594,10:13:21,$ 3211.695,400
2595,10:13:13,$ 3212.02,100
2596,10:13:13,$ 3212.12,100
2597,10:13:12,$ 3212.08,100
2598,10:13:03,$ 3212.79,100
2599,10:13:02,$ 3213.02,100
2600,10:12:44,$ 3212.13,100
2601,10:12:33,$ 3213.43,100
2602,10:12:33,$ 3212.9527,100
2603,10:12:33,$ 3212.9527,100
2604,10:12:33,$ 3213.40,100
2605,10:12:33,$ 3212.9527,100
2607,10:12:33,$ 3212.9527,100
2608,10:12:33,$ 3213.42,100
2609,10:12:31,$ 3213.0199,100
2610,10:12:30,$ 3212.46,100
2611,10:12:30,$ 3213.095,100
2612,10:12:28,$ 3212.64,100
2613,10:12:25,$ 3212.06,100
2614,10:12:25,$ 3212.34,100
2615,10:12:25,$ 3212.34,300
2616,10:12:25,$ 3212.06,100
2617,10:12:25,$ 3212.06,100
2618,10:12:25,$ 3212.06,100
2619,10:12:24,$ 3213.02,100
2620,10:12:18,$ 3211.98,132
2621,10:12:15,$ 3211.98,100
2622,10:12:15,$ 3211.84,100
2623,10:12:13,$ 3209.9433,100
2624,10:12:13,$ 3209.9433,100
2625,10:12:13,$ 3210.57,100
2626,10:12:13,$ 3210.57,100
2628,10:12:10,$ 3210.96,200
2629,10:12:10,$ 3209.915,400
2630,10:12:10,$ 3209.92,100
2631,10:12:10,$ 3209.92,100
2632,10:12:04,$ 3210.00,100
2633,10:11:59,$ 3210.74,100
2634,10:11:55,$ 3209.26,100
2635,10:11:55,$ 3209.26,140
2636,10:11:29,$ 3206.335,100
2637,10:11:29,$ 3206.335,100
2638,10:11:29,$ 3204.15,100
2639,10:11:29,$ 3204.17,100
2640,10:11:29,$ 3204.20,100
2641,10:11:29,$ 3206.73,100
2642,10:11:29,$ 3205.89,100
2643,10:11:29,$ 3206.40,100
2644,10:11:29,$ 3206.95,100
2645,10:11:29,$ 3204.45,100
2646,10:11:29,$ 3205.58,300
2647,10:11:11,$ 3206.00,100
2649,10:11:11,$ 3206.00,100
2650,10:11:11,$ 3205.9996,100
2651,10:11:10,$ 3206.00,100
2652,10:11:10,$ 3206.00,100
2653,10:11:10,$ 3206.00,100
2654,10:11:10,$ 3206.00,116
2655,10:11:10,$ 3206.00,354
2656,10:11:10,$ 3206.00,100
2657,10:11:10,$ 3206.00,100
2658,10:11:10,$ 3205.54,100
2659,10:11:10,$ 3205.50,100
2660,10:11:10,$ 3205.51,100
2661,10:11:03,$ 3204.52,100
2662,10:11:02,$ 3203.87,100
2663,10:10:48,$ 3204.57,100
2664,10:10:48,$ 3204.57,100
2665,10:10:41,$ 3205.5608,100
2666,10:10:41,$ 3206.08,100
2667,10:10:41,$ 3206.12,100
2668,10:10:41,$ 3205.67,100
2670,10:10:38,$ 3206.35,153
2671,10:10:38,$ 3206.30,100
2672,10:10:20,$ 3208.77,121
2673,10:10:20,$ 3207.495,100
2674,10:10:18,$ 3207.96,100
2675,10:10:07,$ 3207.475,100
2676,10:10:03,$ 3209.08,100
2677,10:10:01,$ 3208.19,100
2678,10:09:11,$ 3208.19,100
2679,10:09:07,$ 3207.555,100
2680,10:09:04,$ 3208.07,100
2681,10:08:51,$ 3210.74,100
2682,10:08:41,$ 3208.06,100
2683,10:08:38,$ 3208.95,100
2684,10:08:37,$ 3208.53,100
2685,10:08:30,$ 3207.99,100
2686,10:08:30,$ 3208.93,100
2687,10:08:29,$ 3207.56,"1,787"
2688,10:08:29,$ 3207.89,100
2689,10:08:29,$ 3207.9897,100
2691,10:08:29,$ 3207.98,100
2692,10:08:29,$ 3207.99,100
2693,10:08:29,$ 3207.985,100
2694,10:08:29,$ 3207.766,100
2695,10:08:29,$ 3207.89,100
2696,10:08:29,$ 3207.98,100
2697,10:08:26,$ 3207.84,100
2698,10:08:26,$ 3207.315,100
2699,10:08:26,$ 3207.16,100
2700,10:08:26,$ 3207.16,100
2701,10:08:24,$ 3206.10,100
2702,10:08:24,$ 3206.13,100
2703,10:08:24,$ 3206.13,100
2704,10:08:24,$ 3206.13,100
2705,10:08:24,$ 3206.11,180
2706,10:08:24,$ 3206.45,300
2707,10:08:24,$ 3206.11,100
2708,10:08:24,$ 3206.54,100
2709,10:08:24,$ 3206.285,200
2710,10:08:21,$ 3206.52,100
2712,10:08:19,$ 3207.4961,200
2713,10:08:13,$ 3206.7325,100
2714,10:08:10,$ 3206.80,155
2715,10:08:02,$ 3205.61,100
2716,10:07:42,$ 3203.80,100
2717,10:07:42,$ 3204.00,100
2718,10:07:42,$ 3205.0575,200
2719,10:07:29,$ 3203.90,100
2720,10:07:22,$ 3203.80,100
2721,10:07:22,$ 3202.99,100
2722,10:07:19,$ 3202.02,100
2723,10:06:56,$ 3201.2488,200
2724,10:06:51,$ 3202.0361,300
2725,10:06:51,$ 3200.8454,100
2726,10:06:49,$ 3201.56,100
2727,10:06:46,$ 3199.21,100
2728,10:06:46,$ 3198.62,100
2729,10:06:46,$ 3198.62,100
2730,10:06:46,$ 3198.62,100
2731,10:06:45,$ 3199.02,100
2733,10:06:38,$ 3199.77,100
2734,10:06:38,$ 3199.77,100
2735,10:06:38,$ 3199.77,100
2736,10:06:38,$ 3199.77,100
2737,10:06:38,$ 3199.77,100
2738,10:06:26,$ 3200.915,100
2739,10:06:25,$ 3200.85,100
2740,10:06:25,$ 3201.65,100
2741,10:06:25,$ 3201.77,100
2742,10:06:17,$ 3202.86,100
2743,10:06:17,$ 3202.26,100
2744,10:06:16,$ 3202.34,100
2745,10:06:16,$ 3202.355,100
2746,10:06:14,$ 3203.00,100
2747,10:06:11,$ 3203.72,100
2748,10:06:08,$ 3203.83,100
2749,10:06:06,$ 3203.215,300
2750,10:06:00,$ 3203.7175,100
2751,10:05:52,$ 3203.255,100
2752,10:05:50,$ 3203.7092,265
2754,10:05:50,$ 3203.7092,184
2755,10:05:49,$ 3203.275,178
2756,10:05:48,$ 3203.275,400
2757,10:05:48,$ 3203.275,200
2758,10:05:47,$ 3203.42,100
2759,10:05:46,$ 3203.525,100
2760,10:05:40,$ 3204.9788,396
2761,10:05:40,$ 3204.49,100
2762,10:05:30,$ 3205.295,100
2763,10:05:21,$ 3205.42,100
2764,10:05:21,$ 3205.085,100
2765,10:05:21,$ 3204.915,200
2766,10:05:09,$ 3203.505,200
2767,10:05:09,$ 3204.73,100
2768,10:05:03,$ 3203.37,100
2769,10:04:57,$ 3203.71,400
2770,10:04:57,$ 3203.85,100
2771,10:04:55,$ 3203.85,100
2772,10:04:35,$ 3204.97,200
2773,10:04:32,$ 3204.025,400
2775,10:04:23,$ 3202.46,150
2776,10:04:23,$ 3203.24,100
2777,10:04:19,$ 3202.64,200
2778,10:04:19,$ 3202.64,200
2779,10:04:10,$ 3203.0775,200
2780,10:04:04,$ 3203.7899,150
2781,10:04:03,$ 3201.79,100
2782,10:03:45,$ 3203.66,100
2783,10:03:45,$ 3203.65,100
2784,10:03:45,$ 3202.34,300
2785,10:03:40,$ 3203.74,100
2786,10:03:37,$ 3203.63,100
2787,10:03:37,$ 3202.00,100
2788,10:03:37,$ 3202.01,100
2789,10:03:36,$ 3203.505,100
2790,10:03:31,$ 3203.175,300
2791,10:03:29,$ 3202.29,100
2792,10:03:09,$ 3201.92,100
2793,10:03:00,$ 3202.875,100
2794,10:02:58,$ 3202.885,130
2796,10:02:52,$ 3202.20,100
2797,10:02:51,$ 3200.14,100
2798,10:02:39,$ 3200.455,100
2799,10:02:38,$ 3199.0004,100
2800,10:02:37,$ 3199.31,100
2801,10:02:36,$ 3200.046,110
2802,10:02:36,$ 3200.00,165
2803,10:02:36,$ 3200.00,202
2804,10:02:36,$ 3200.00,150
2805,10:02:36,$ 3200.00,177
2806,10:02:36,$ 3200.00,100
2807,10:02:36,$ 3200.00,150
2808,10:02:32,$ 3201.81,150
2809,10:02:09,$ 3202.37,321
2810,10:02:08,$ 3202.73,100
2811,10:01:59,$ 3202.01,192
2812,10:01:55,$ 3203.97,100
2813,10:01:55,$ 3203.52,100
2814,10:01:53,$ 3203.51,100
2815,10:01:51,$ 3203.00,200
2817,10:01:47,$ 3204.61,300
2818,10:01:43,$ 3206.37,100
2819,10:01:43,$ 3206.49,100
2820,10:01:35,$ 3205.82,100
2821,10:01:35,$ 3206.02,100
2822,10:01:34,$ 3206.00,100
2823,10:01:34,$ 3205.96,250
2824,10:01:34,$ 3206.855,100
2825,10:01:34,$ 3205.96,300
2826,10:01:30,$ 3207.575,100
2827,10:01:30,$ 3207.705,100
2828,10:01:30,$ 3207.58,100
2829,10:01:30,$ 3207.61,100
2830,10:01:30,$ 3207.66,100
2831,10:01:30,$ 3207.475,100
2832,10:01:30,$ 3207.72,100
2833,10:01:29,$ 3205.58,100
2834,10:01:29,$ 3205.63,100
2835,10:01:27,$ 3205.6099,100
2836,10:01:23,$ 3204.64,100
2838,10:01:23,$ 3205.61,100
2839,10:01:23,$ 3205.58,199
2840,10:01:23,$ 3205.59,100
2841,10:01:23,$ 3206.00,100
2842,10:01:23,$ 3205.91,100
2843,10:01:21,$ 3206.65,100
2844,10:01:21,$ 3207.02,100
2845,10:01:21,$ 3206.85,100
2846,10:01:20,$ 3206.65,100
2847,10:01:19,$ 3205.867,100
2848,10:01:18,$ 3206.64,100
2849,10:01:18,$ 3207.20,100
2850,10:01:18,$ 3207.00,100
2851,10:01:17,$ 3207.9475,100
2852,10:01:17,$ 3208.02,100
2853,10:01:17,$ 3208.02,100
2854,10:01:15,$ 3208.98,100
2855,10:01:03,$ 3209.885,100
2856,10:00:43,$ 3209.192,"1,000"
2857,10:00:42,$ 3209.0401,228
2859,10:00:37,$ 3210.00,100
2860,10:00:29,$ 3210.78,100
2861,10:00:29,$ 3210.78,100
2862,10:00:29,$ 3210.78,100
2863,10:00:27,$ 3210.87,100
2864,10:00:17,$ 3210.07,100
2865,10:00:13,$ 3209.02,150
2866,10:00:09,$ 3208.80,100
2867,10:00:08,$ 3208.8001,200
2868,10:00:08,$ 3208.80,158
2869,10:00:08,$ 3208.8004,100
2870,10:00:05,$ 3211.6599,100
2871,10:00:04,$ 3209.41,"1,300"
2872,10:00:02,$ 3210.00,100
2873,10:00:02,$ 3208.81,100
2874,10:00:01,$ 3211.10,100
2876,10:59:54,$ 3245.598,243
2877,10:59:33,$ 3244.6323,100
2878,10:59:11,$ 3242.05,100
2879,10:59:05,$ 3242.605,100
2880,10:58:17,$ 3243.3226,200
2881,10:57:38,$ 3242.29,100
2882,10:57:25,$ 3241.792,100
2883,10:57:25,$ 3240.54,100
2884,10:57:25,$ 3241.68,100
2885,10:57:24,$ 3241.82,100
2886,10:56:54,$ 3240.31,100
2887,10:56:42,$ 3241.01,100
2888,10:56:16,$ 3242.715,100
2889,10:56:11,$ 3242.39,200
2890,10:56:09,$ 3242.60,200
2891,10:56:08,$ 3241.02,100
2892,10:55:57,$ 3241.00,100
2893,10:55:36,$ 3241.00,100
2894,10:55:36,$ 3241.00,100
2895,10:55:34,$ 3243.58,100
2897,10:55:24,$ 3244.52,100
2898,10:55:23,$ 3242.76,100
2899,10:54:58,$ 3245.83,100
2900,10:54:57,$ 3245.85,100
2901,10:54:50,$ 3244.25,100
2902,10:54:47,$ 3245.30,100
2903,10:54:42,$ 3243.69,150
2904,10:54:33,$ 3244.2138,100
2905,10:54:31,$ 3243.72,100
2906,10:54:17,$ 3243.405,100
2907,10:54:07,$ 3242.57,100
2908,10:54:07,$ 3242.91,100
2909,10:53:44,$ 3244.33,400
2910,10:53:27,$ 3244.06,100
2911,10:53:19,$ 3244.73,150
2912,10:53:08,$ 3244.58,100
2913,10:52:46,$ 3244.14,100
2914,10:52:38,$ 3242.00,100
2915,10:52:34,$ 3242.62,100
2916,10:52:34,$ 3242.62,101
2918,10:52:34,$ 3242.88,100
2919,10:52:10,$ 3245.05,100
2920,10:52:10,$ 3245.85,100
2921,10:52:04,$ 3247.0177,100
2922,10:51:59,$ 3246.69,100
2923,10:51:55,$ 3246.00,728
2924,10:51:55,$ 3246.00,100
2925,10:51:55,$ 3246.00,108
2926,10:51:42,$ 3246.4863,321
2927,10:50:42,$ 3247.46,100
2928,10:50:42,$ 3247.46,100
2929,10:50:42,$ 3247.655,100
2930,10:50:23,$ 3247.06,100
2931,10:50:18,$ 3247.9694,273
2932,10:50:18,$ 3247.9705,216
2933,10:50:14,$ 3248.96,100
2934,10:50:14,$ 3249.01,100
2935,10:50:14,$ 3248.995,100
2936,10:50:14,$ 3249.40,100
2937,10:50:14,$ 3249.10,100
2939,10:50:14,$ 3249.01,100
2940,10:50:14,$ 3249.00,100
2941,10:50:09,$ 3250.60,143
2942,10:50:09,$ 3249.6834,100
2943,10:50:05,$ 3249.945,100
2944,10:50:03,$ 3251.61,160
2945,10:50:03,$ 3251.602,100
2946,10:50:03,$ 3251.55,100
2947,10:50:02,$ 3250.82,100
2948,10:50:01,$ 3251.41,100
2949,10:49:53,$ 3249.075,"1,000"
2950,10:49:53,$ 3248.835,100
2951,10:49:53,$ 3249.31,300
2952,10:49:53,$ 3249.59,100
2953,10:49:48,$ 3249.10,100
2954,10:49:43,$ 3250.00,150
2955,10:49:43,$ 3250.00,500
2956,10:49:43,$ 3250.00,100
2957,10:49:43,$ 3250.00,100
2958,10:49:43,$ 3250.00,100
2960,10:49:43,$ 3249.60,100
2961,10:49:39,$ 3248.90,100
2962,10:49:35,$ 3248.025,100
2963,10:49:33,$ 3249.00,105
2964,10:49:31,$ 3247.06,100
2965,10:49:31,$ 3247.73,100
2966,10:49:31,$ 3247.785,100
2967,10:49:31,$ 3248.055,100
2968,10:49:31,$ 3247.08,400
2969,10:49:18,$ 3245.155,100
2970,10:49:15,$ 3245.51,100
2971,10:49:14,$ 3244.725,100
2972,10:49:04,$ 3242.50,100
2973,10:49:04,$ 3242.50,100
2974,10:49:04,$ 3242.50,229
2975,10:49:04,$ 3242.50,100
2976,10:49:04,$ 3242.50,100
2977,10:49:04,$ 3242.50,100
2978,10:49:04,$ 3242.50,100
2979,10:49:04,$ 3242.50,100
2981,10:49:04,$ 3242.50,200
2982,10:49:04,$ 3242.1734,100
2983,10:49:00,$ 3241.185,100
2984,10:48:50,$ 3239.41,100
2985,10:48:48,$ 3239.18,100
2986,10:48:48,$ 3239.62,100
2987,10:48:48,$ 3239.63,100
2988,10:48:48,$ 3239.565,100
2989,10:48:47,$ 3238.2638,500
2990,10:48:47,$ 3238.25,100
2991,10:48:47,$ 3238.25,100
2992,10:48:47,$ 3238.25,168
2993,10:48:47,$ 3239.34,100
2994,10:48:47,$ 3238.25,195
2995,10:48:46,$ 3239.62,100
2996,10:48:46,$ 3239.54,100
2997,10:48:46,$ 3239.53,400
2998,10:48:42,$ 3240.39,100
2999,10:48:42,$ 3240.39,100
3000,10:48:42,$ 3240.43,100
3002,10:48:42,$ 3240.49,100
3003,10:48:42,$ 3240.47,100
3004,10:48:42,$ 3240.42,100
3005,10:48:42,$ 3240.39,100
3006,10:48:42,$ 3240.39,100
3007,10:48:42,$ 3240.37,100
3008,10:48:41,$ 3242.00,100
3009,10:48:38,$ 3240.09,100
3010,10:48:22,$ 3240.00,100
3011,10:48:19,$ 3239.33,100
3012,10:48:19,$ 3238.69,100
3013,10:48:13,$ 3239.03,100
3014,10:48:13,$ 3239.11,100
3015,10:48:09,$ 3239.8646,150
3016,10:47:48,$ 3240.2952,150
3017,10:47:45,$ 3241.00,142
3018,10:47:31,$ 3241.62,100
3019,10:47:31,$ 3241.77,100
3020,10:47:31,$ 3241.84,100
3021,10:47:31,$ 3241.88,100
3023,10:47:31,$ 3241.89,100
3024,10:47:31,$ 3241.89,333
3025,10:47:14,$ 3242.09,100
3026,10:47:14,$ 3242.12,100
3027,10:47:14,$ 3242.09,100
3028,10:47:05,$ 3242.8519,100
3029,10:47:00,$ 3242.55,213
3030,10:47:00,$ 3242.44,100
3031,10:46:41,$ 3242.54,155
3032,10:46:05,$ 3240.3238,100
3033,10:46:05,$ 3239.645,100
3034,10:46:05,$ 3239.66,100
3035,10:45:42,$ 3244.47,100
3036,10:45:34,$ 3245.74,100
3037,10:45:34,$ 3245.79,100
3038,10:45:34,$ 3245.1937,100
3039,10:45:28,$ 3245.08,100
3040,10:45:26,$ 3246.54,100
3041,10:45:23,$ 3245.73,100
3042,10:45:06,$ 3244.945,100
3044,10:45:05,$ 3245.46,100
3045,10:45:00,$ 3245.57,100
3046,10:44:57,$ 3245.04,100
3047,10:44:54,$ 3244.78,100
3048,10:44:52,$ 3244.345,100
3049,10:44:47,$ 3245.14,100
3050,10:44:46,$ 3244.35,100
3051,10:44:46,$ 3244.49,100
3052,10:44:45,$ 3244.0925,100
3053,10:44:45,$ 3244.095,100
3054,10:44:45,$ 3244.08,100
3055,10:44:42,$ 3244.645,100
3056,10:44:38,$ 3244.10,100
3057,10:44:29,$ 3244.115,100
3058,10:44:26,$ 3244.54,100
3059,10:44:26,$ 3244.54,100
3060,10:44:26,$ 3243.90,100
3061,10:44:26,$ 3243.90,100
3062,10:44:19,$ 3244.9392,115
3063,10:44:15,$ 3244.15,100
3065,10:44:15,$ 3244.53,100
3066,10:44:15,$ 3244.38,100
3067,10:44:13,$ 3242.79,200
3068,10:44:13,$ 3243.16,200
3069,10:44:10,$ 3243.54,100
3070,10:44:07,$ 3243.545,100
3071,10:44:07,$ 3243.545,100
3072,10:44:07,$ 3243.52,100
3073,10:44:00,$ 3240.6544,100
3074,10:43:58,$ 3241.10,100
3075,10:43:58,$ 3241.60,100
3076,10:43:58,$ 3241.72,100
3077,10:43:58,$ 3241.605,100
3078,10:43:58,$ 3241.58,100
3079,10:43:58,$ 3240.99,100
3080,10:43:58,$ 3240.86,100
3081,10:43:58,$ 3240.86,100
3082,10:43:58,$ 3241.66,100
3083,10:43:58,$ 3241.22,100
3084,10:43:57,$ 3243.28,270
3086,10:43:57,$ 3243.28,197
3087,10:43:54,$ 3243.2875,100
3088,10:43:50,$ 3244.44,100
3089,10:43:50,$ 3244.44,100
3090,10:43:43,$ 3243.45,200
3091,10:43:43,$ 3243.365,100
3092,10:43:43,$ 3242.59,100
3093,10:43:43,$ 3243.45,100
3094,10:43:43,$ 3242.62,100
3095,10:43:39,$ 3243.65,100
3096,10:43:39,$ 3243.17,200
3097,10:43:39,$ 3244.061,375
3098,10:43:39,$ 3242.723,100
3099,10:43:37,$ 3243.545,100
3100,10:43:34,$ 3243.62,100
3101,10:43:34,$ 3243.625,100
3102,10:43:25,$ 3241.74,100
3103,10:43:20,$ 3241.00,100
3104,10:43:15,$ 3239.805,100
3105,10:43:14,$ 3239.51,100
3107,10:43:10,$ 3239.23,100
3108,10:43:10,$ 3239.40,100
3109,10:43:10,$ 3239.23,100
3110,10:43:10,$ 3239.20,100
3111,10:43:09,$ 3239.25,100
3112,10:43:07,$ 3239.685,200
3113,10:43:06,$ 3239.685,100
3114,10:43:06,$ 3239.685,100
3115,10:43:06,$ 3239.865,100
3116,10:43:06,$ 3239.68,100
3117,10:43:06,$ 3239.25,100
3118,10:43:06,$ 3239.25,200
3119,10:43:06,$ 3239.25,200
3120,10:43:06,$ 3239.63,100
3121,10:43:06,$ 3239.49,100
3122,10:43:06,$ 3240.24,100
3123,10:43:06,$ 3239.4325,100
3124,10:43:06,$ 3240.27,100
3125,10:43:06,$ 3239.5675,100
3126,10:43:06,$ 3239.355,100
3128,10:43:06,$ 3239.2425,100
3129,10:43:06,$ 3239.24,100
3130,10:43:06,$ 3239.2275,100
3131,10:43:06,$ 3239.25,100
3132,10:43:06,$ 3239.25,100
3133,10:43:06,$ 3239.25,200
3134,10:43:06,$ 3239.52,100
3135,10:43:06,$ 3239.25,200
3136,10:43:04,$ 3238.926,100
3137,10:43:02,$ 3239.245,100
3138,10:42:29,$ 3236.75,100
3139,10:42:29,$ 3237.31,103
3140,10:42:29,$ 3237.31,286
3141,10:42:29,$ 3237.31,286
3142,10:42:27,$ 3237.81,100
3143,10:42:26,$ 3238.46,100
3144,10:42:22,$ 3239.48,100
3145,10:42:20,$ 3238.03,100
3146,10:42:15,$ 3238.74,100
3147,10:42:05,$ 3239.4354,250
3149,10:41:57,$ 3240.5879,122
3150,10:41:42,$ 3241.885,250
3151,10:41:20,$ 3241.26,100
3152,10:40:35,$ 3240.07,100
3153,10:40:29,$ 3239.16,100
3154,10:40:29,$ 3239.13,100
3155,10:40:29,$ 3239.16,100
3156,10:40:29,$ 3239.15,100
3157,10:40:28,$ 3239.05,100
3158,10:40:20,$ 3240.01,100
3159,10:40:13,$ 3240.115,100
3160,10:40:07,$ 3241.74,100
3161,10:39:57,$ 3239.89,100
3162,10:39:51,$ 3240.112,125
3163,10:39:50,$ 3239.44,100
3164,10:39:26,$ 3237.89,111
3165,10:39:25,$ 3238.00,100
3166,10:39:13,$ 3237.28,100
3167,10:39:13,$ 3237.54,100
3168,10:39:05,$ 3235.03,100
3170,10:38:40,$ 3235.44,100
3171,10:38:40,$ 3236.58,100
3172,10:38:26,$ 3234.81,100
3173,10:38:17,$ 3234.46,100
3174,10:38:15,$ 3235.57,100
3175,10:38:13,$ 3236.11,250
3176,10:38:12,$ 3235.54,100
3177,10:37:59,$ 3236.25,100
3178,10:37:11,$ 3235.66,114
3179,10:37:11,$ 3235.11,100
3180,10:37:06,$ 3237.01,100
3181,10:37:06,$ 3237.27,100
3182,10:36:57,$ 3237.78,100
3183,10:36:54,$ 3238.61,100
3184,10:36:40,$ 3238.64,100
3185,10:36:38,$ 3240.02,100
3186,10:36:18,$ 3239.94,100
3187,10:35:37,$ 3241.535,100
3188,10:35:27,$ 3240.38,100
3189,10:35:23,$ 3240.06,100
3191,10:35:23,$ 3240.06,100
3192,10:35:23,$ 3240.06,100
3193,10:35:23,$ 3240.06,100
3194,10:35:20,$ 3239.99,100
3195,10:35:20,$ 3240.00,211
3196,10:35:17,$ 3238.22,400
3197,10:34:55,$ 3237.915,138
3198,10:34:48,$ 3238.385,100
3199,10:34:36,$ 3236.37,100
3200,10:34:36,$ 3236.61,100
3201,10:34:34,$ 3236.5503,"1,135"
3202,10:34:34,$ 3238.15,100
3203,10:34:34,$ 3238.01,100
3204,10:34:34,$ 3237.96,100
3205,10:34:28,$ 3238.94,150
3206,10:34:22,$ 3239.06,100
3207,10:34:22,$ 3239.09,100
3208,10:34:17,$ 3239.765,100
3209,10:34:15,$ 3240.00,100
3210,10:34:15,$ 3240.55,100
3212,10:34:14,$ 3241.00,100
3213,10:33:57,$ 3243.03,100
3214,10:33:42,$ 3243.68,119
3215,10:33:34,$ 3243.375,100
3216,10:33:27,$ 3244.7184,100
3217,10:33:20,$ 3243.00,100
3218,10:33:20,$ 3243.02,100
3219,10:33:15,$ 3244.4033,100
3220,10:32:55,$ 3245.08,100
3221,10:32:37,$ 3244.00,100
3222,10:32:37,$ 3244.10,100
3223,10:32:34,$ 3244.745,100
3224,10:32:23,$ 3244.735,312
3225,10:32:16,$ 3245.0506,100
3226,10:32:12,$ 3245.03,100
3227,10:32:05,$ 3245.8253,200
3228,10:31:51,$ 3245.86,100
3229,10:31:49,$ 3245.095,125
3230,10:31:47,$ 3245.57,100
3231,10:31:28,$ 3247.00,100
3233,10:31:21,$ 3245.785,500
3234,10:31:15,$ 3246.54,100
3235,10:31:15,$ 3246.33,100
3236,10:30:50,$ 3245.62,100
3237,10:30:50,$ 3246.25,100
3238,10:30:50,$ 3246.25,900
3239,10:30:45,$ 3244.505,100
3240,10:30:45,$ 3245.00,100
3241,10:30:44,$ 3244.07,500
3242,10:30:42,$ 3243.64,182
3243,10:30:42,$ 3243.64,152
3244,10:30:40,$ 3243.11,300
3245,10:30:31,$ 3241.57,116
3246,10:30:30,$ 3242.60,100
3247,10:30:30,$ 3242.00,100
3248,10:30:28,$ 3241.24,100
3249,10:30:15,$ 3240.76,125
3250,10:30:03,$ 3241.1414,100
3252,11:29:54,$ 3234.139,100
3253,11:29:25,$ 3233.22,100
3254,11:29:25,$ 3233.75,100
3255,11:29:25,$ 3234.28,100
3256,11:29:03,$ 3232.284,183
3257,11:29:01,$ 3234.00,100
3258,11:28:58,$ 3233.03,100
3259,11:28:53,$ 3233.13,100
3260,11:28:52,$ 3233.08,100
3261,11:28:43,$ 3234.5099,100
3262,11:28:38,$ 3233.52,100
3263,11:27:38,$ 3235.205,107
3264,11:27:38,$ 3234.23,131
3265,11:27:37,$ 3234.88,131
3266,11:27:37,$ 3234.99,480
3267,11:27:37,$ 3234.175,100
3268,11:27:25,$ 3234.05,100
3269,11:27:16,$ 3233.67,100
3270,11:27:09,$ 3232.92,100
3271,11:27:03,$ 3233.00,100
3273,11:26:41,$ 3231.225,250
3274,11:25:37,$ 3231.00,100
3275,11:25:20,$ 3230.1225,100
3276,11:25:17,$ 3230.42,100
3277,11:25:17,$ 3230.43,100
3278,11:25:17,$ 3230.44,100
3279,11:25:17,$ 3230.44,100
3280,11:25:14,$ 3230.42,100
3281,11:25:02,$ 3229.09,100
3282,11:25:01,$ 3229.48,100
3283,11:25:01,$ 3229.61,100
3284,11:25:01,$ 3229.61,100
3285,11:25:00,$ 3228.94,100
3286,11:24:57,$ 3229.19,100
3287,11:24:57,$ 3229.52,100
3288,11:24:54,$ 3229.6356,100
3289,11:24:51,$ 3229.595,100
3290,11:24:08,$ 3230.81,100
3291,11:23:46,$ 3230.86,100
3292,11:23:42,$ 3229.665,200
3294,11:23:39,$ 3230.08,100
3295,11:23:31,$ 3228.55,100
3296,11:23:21,$ 3230.42,100
3297,11:23:21,$ 3230.47,100
3298,11:23:20,$ 3231.89,285
3299,11:23:19,$ 3230.266,100
3300,11:23:19,$ 3229.4168,415
3301,11:23:19,$ 3230.82,100
3302,11:23:19,$ 3230.88,100
3303,11:23:10,$ 3231.84,100
3304,11:23:10,$ 3231.72,100
3305,11:23:05,$ 3231.965,100
3306,11:22:38,$ 3232.19,100
3307,11:21:39,$ 3232.08,193
3308,11:21:02,$ 3233.77,100
3309,11:20:46,$ 3233.86,100
3310,11:20:46,$ 3233.67,100
3311,11:20:46,$ 3233.75,100
3312,11:20:45,$ 3233.10,100
3313,11:20:45,$ 3233.10,100
3315,11:20:45,$ 3233.10,100
3316,11:20:42,$ 3233.1001,500
3317,11:20:37,$ 3234.00,100
3318,11:20:37,$ 3234.00,100
3319,11:20:37,$ 3234.00,272
3320,11:20:37,$ 3234.01,100
3321,11:20:26,$ 3235.99,100
3322,11:20:10,$ 3238.015,100
3323,11:20:01,$ 3238.6311,105
3324,11:19:35,$ 3237.49,100
3325,11:19:23,$ 3237.38,500
3326,11:19:06,$ 3236.97,113
3327,11:19:03,$ 3236.7101,134
3328,11:18:06,$ 3238.24,115
3329,11:17:52,$ 3238.61,100
3330,11:17:52,$ 3238.61,100
3331,11:17:52,$ 3238.61,100
3332,11:17:41,$ 3239.26,100
3333,11:17:41,$ 3239.00,100
3334,11:17:41,$ 3239.00,100
3336,11:17:41,$ 3239.00,100
3337,11:17:30,$ 3239.62,100
3338,11:17:30,$ 3239.75,100
3339,11:17:00,$ 3237.05,100
3340,11:16:55,$ 3236.825,100
3341,11:16:35,$ 3236.61,100
3342,11:16:22,$ 3236.70,100
3343,11:16:22,$ 3237.63,300
3344,11:16:20,$ 3236.32,100
3345,11:16:10,$ 3237.01,100
3346,11:16:10,$ 3237.00,333
3347,11:16:10,$ 3237.00,141
3348,11:16:09,$ 3237.65,100
3349,11:15:21,$ 3238.97,100
3350,11:15:20,$ 3239.00,100
3351,11:14:46,$ 3239.56,100
3352,11:14:37,$ 3238.67,100
3353,11:14:32,$ 3240.03,100
3354,11:14:32,$ 3239.43,100
3355,11:13:11,$ 3237.39,200
3357,11:13:09,$ 3237.96,100
3358,11:13:00,$ 3237.72,100
3359,11:13:00,$ 3238.86,246
3360,11:12:39,$ 3238.8953,500
3361,11:12:29,$ 3237.96,100
3362,11:12:15,$ 3237.30,100
3363,11:12:05,$ 3237.31,100
3364,11:11:53,$ 3236.40,100
3365,11:11:47,$ 3236.60,100
3366,11:10:53,$ 3238.99,100
3367,11:10:38,$ 3239.05,100
3368,11:10:38,$ 3239.04,100
3369,11:10:07,$ 3240.775,100
3370,11:10:02,$ 3242.425,100
3371,11:09:55,$ 3241.315,200
3372,11:09:21,$ 3239.22,100
3373,11:09:20,$ 3239.2993,154
3374,11:09:05,$ 3240.225,100
3375,11:09:05,$ 3240.175,100
3376,11:09:02,$ 3240.45,500
3378,11:08:30,$ 3238.01,100
3379,11:08:30,$ 3238.2514,100
3380,11:08:22,$ 3239.32,100
3381,11:08:22,$ 3239.32,400
3382,11:08:18,$ 3238.60,100
3383,11:08:18,$ 3238.565,100
3384,11:08:13,$ 3239.45,100
3385,11:07:38,$ 3240.895,100
3386,11:07:38,$ 3241.00,100
3387,11:07:38,$ 3241.00,100
3388,11:07:38,$ 3241.00,100
3389,11:07:38,$ 3241.00,100
3390,11:07:31,$ 3241.00,100
3391,11:07:31,$ 3241.00,100
3392,11:07:31,$ 3241.00,280
3393,11:07:16,$ 3241.4896,300
3394,11:07:13,$ 3240.295,100
3395,11:07:08,$ 3241.59,100
3396,11:07:06,$ 3241.58,145
3397,11:07:04,$ 3240.38,100
3399,11:06:52,$ 3239.46,100
3400,11:06:51,$ 3239.06,100
3401,11:06:51,$ 3239.99,300
3402,11:06:51,$ 3240.00,161
3403,11:06:51,$ 3240.00,100
3404,11:06:51,$ 3240.00,102
3405,11:06:43,$ 3240.00,100
3406,11:06:39,$ 3240.00,100
3407,11:06:37,$ 3241.7278,100
3408,11:06:37,$ 3241.81,100
3409,11:06:35,$ 3241.15,100
3410,11:06:28,$ 3242.01,100
3411,11:06:21,$ 3242.01,100
3412,11:06:21,$ 3242.715,100
3413,11:06:14,$ 3243.595,100
3414,11:06:09,$ 3242.8454,269
3415,11:06:05,$ 3245.20,100
3416,11:06:01,$ 3244.60,100
3417,11:06:01,$ 3245.04,100
3418,11:05:43,$ 3246.05,145
3420,11:05:17,$ 3245.075,100
3421,11:05:13,$ 3245.12,100
3422,11:04:14,$ 3245.57,100
3423,11:04:14,$ 3245.57,100
3424,11:03:42,$ 3244.7097,500
3425,11:03:40,$ 3243.06,100
3426,11:03:17,$ 3244.95,100
3427,11:03:11,$ 3242.66,200
3428,11:03:10,$ 3244.59,100
3429,11:03:04,$ 3243.95,100
3430,11:02:55,$ 3245.3164,100
3431,11:02:53,$ 3244.97,200
3432,11:02:26,$ 3248.20,100
3433,11:02:26,$ 3247.42,371
3434,11:02:26,$ 3247.42,100
3435,11:02:26,$ 3247.42,100
3436,11:02:21,$ 3248.0922,250
3437,11:02:11,$ 3247.44,100
3438,11:02:02,$ 3247.585,100
3439,11:02:00,$ 3247.7512,200
3441,11:01:56,$ 3247.91,100
3442,11:01:50,$ 3246.075,100
3443,11:01:47,$ 3245.0815,700
3444,11:01:40,$ 3246.315,100
3445,11:01:26,$ 3244.225,100
3446,11:01:22,$ 3245.0416,112
3447,11:01:22,$ 3245.0416,104
3448,11:01:10,$ 3243.51,100
3449,11:01:05,$ 3243.30,100
3450,11:00:55,$ 3242.90,100
3451,11:00:53,$ 3242.955,199
3452,11:00:26,$ 3242.985,100
3453,11:00:19,$ 3242.9062,100
3454,11:00:02,$ 3244.80,100
3456,11:59:22,$ 3246.01,100
3457,11:59:18,$ 3246.92,100
3458,11:59:15,$ 3246.71,100
3459,11:59:15,$ 3246.59,100
3460,11:59:13,$ 3246.99,100
3461,11:59:10,$ 3246.80,100
3462,11:59:10,$ 3246.79,127
3463,11:59:10,$ 3246.79,100
3464,11:59:01,$ 3245.805,100
3465,11:58:36,$ 3245.2629,"1,000"
3466,11:58:29,$ 3246.694,100
3467,11:58:29,$ 3246.75,105
3468,11:58:29,$ 3246.74,200
3469,11:57:28,$ 3245.65,250
3470,11:57:26,$ 3245.9999,389
3471,11:56:40,$ 3245.53,100
3472,11:56:40,$ 3245.48,100
3473,11:56:35,$ 3244.95,100
3474,11:56:31,$ 3245.6616,250
3475,11:56:30,$ 3246.2231,100
3477,11:56:27,$ 3245.96,100
3478,11:56:24,$ 3245.00,290
3479,11:56:21,$ 3245.00,100
3480,11:55:55,$ 3245.00,100
3481,11:55:55,$ 3245.00,100
3482,11:55:55,$ 3244.91,100
3483,11:55:38,$ 3244.51,151
3484,11:55:35,$ 3243.60,100
3485,11:55:24,$ 3243.01,100
3486,11:55:24,$ 3243.01,100
3487,11:55:24,$ 3242.99,100
3488,11:55:20,$ 3243.19,100
3489,11:55:13,$ 3243.90,100
3490,11:55:13,$ 3243.90,100
3491,11:54:29,$ 3244.055,160
3492,11:54:17,$ 3244.00,100
3493,11:54:17,$ 3244.00,100
3494,11:54:05,$ 3242.66,100
3495,11:53:18,$ 3242.69,100
3496,11:52:50,$ 3243.00,100
3498,11:52:50,$ 3243.00,150
3499,11:52:50,$ 3243.05,100
3500,11:52:37,$ 3242.71,100
3501,11:51:47,$ 3241.2801,100
3502,11:51:46,$ 3242.81,391
3503,11:51:31,$ 3240.755,100
3504,11:51:19,$ 3239.795,100
3505,11:51:15,$ 3240.6038,176
3506,11:50:56,$ 3238.01,100
3507,11:50:43,$ 3240.56,100
3508,11:50:42,$ 3239.84,100
3509,11:49:45,$ 3236.685,100
3510,11:49:04,$ 3236.96,121
3511,11:47:55,$ 3237.43,173
3512,11:47:55,$ 3237.24,108
3513,11:47:55,$ 3237.24,100
3514,11:47:48,$ 3238.70,187
3515,11:47:37,$ 3238.85,100
3516,11:47:34,$ 3239.25,100
3517,11:47:16,$ 3238.70,100
3519,11:47:15,$ 3239.235,400
3520,11:47:15,$ 3239.80,100
3521,11:47:09,$ 3238.92,100
3522,11:46:34,$ 3237.16,100
3523,11:46:10,$ 3237.558,122
3524,11:46:10,$ 3237.558,136
3525,11:46:10,$ 3237.558,242
3526,11:46:02,$ 3238.3186,100
3527,11:44:27,$ 3235.62,155
3528,11:44:08,$ 3235.0449,338
3529,11:44:08,$ 3236.53,200
3530,11:43:43,$ 3236.955,200
3531,11:43:27,$ 3237.18,100
3532,11:43:11,$ 3237.09,100
3533,11:42:54,$ 3237.34,200
3534,11:42:34,$ 3238.47,100
3535,11:42:08,$ 3239.19,100
3536,11:42:00,$ 3239.20,100
3537,11:42:00,$ 3239.16,100
3538,11:42:00,$ 3239.00,100
3540,11:41:13,$ 3238.107,140
3541,11:40:38,$ 3238.2641,100
3542,11:40:33,$ 3238.90,100
3543,11:40:30,$ 3239.985,100
3544,11:40:25,$ 3239.97,100
3545,11:40:25,$ 3239.64,300
3546,11:40:25,$ 3239.72,100
3547,11:40:23,$ 3239.22,100
3548,11:40:22,$ 3238.99,100
3549,11:40:14,$ 3239.99,100
3550,11:39:49,$ 3237.015,100
3551,11:39:35,$ 3237.04,100
3552,11:39:26,$ 3236.89,100
3553,11:39:23,$ 3236.95,100
3554,11:39:13,$ 3236.03,100
3555,11:39:13,$ 3236.00,313
3556,11:39:13,$ 3236.00,100
3557,11:39:13,$ 3236.00,135
3558,11:39:00,$ 3236.80,100
3559,11:38:54,$ 3236.06,100
3561,11:38:49,$ 3235.985,100
3562,11:38:45,$ 3235.66,100
3563,11:38:05,$ 3235.75,100
3564,11:38:03,$ 3233.99,100
3565,11:37:58,$ 3234.32,100
3566,11:36:48,$ 3233.065,100
3567,11:36:38,$ 3232.22,100
3568,11:36:38,$ 3232.17,100
3569,11:36:38,$ 3232.17,100
3570,11:36:32,$ 3233.46,100
3571,11:36:28,$ 3233.67,100
3572,11:36:28,$ 3233.58,100
3573,11:36:28,$ 3233.51,100
3574,11:36:28,$ 3233.40,100
3575,11:35:55,$ 3230.39,321
3576,11:35:52,$ 3230.78,100
3577,11:35:52,$ 3230.91,100
3578,11:35:46,$ 3230.00,100
3579,11:35:23,$ 3230.91,100
3580,11:35:23,$ 3230.48,100
3582,11:35:18,$ 3231.24,100
3583,11:35:18,$ 3231.36,100
3584,11:35:18,$ 3231.24,100
3585,11:35:17,$ 3232.00,288
3586,11:35:17,$ 3232.00,141
3587,11:34:47,$ 3231.53,300
3588,11:34:47,$ 3231.65,100
3589,11:34:39,$ 3232.00,100
3590,11:34:39,$ 3232.05,100
3591,11:34:39,$ 3232.15,100
3592,11:34:39,$ 3232.00,100
3593,11:34:32,$ 3233.8997,100
3594,11:34:21,$ 3232.51,100
3595,11:34:21,$ 3232.60,100
3596,11:34:21,$ 3232.60,100
3597,11:34:21,$ 3232.52,100
3598,11:34:21,$ 3232.84,100
3599,11:34:21,$ 3232.49,200
3600,11:34:21,$ 3232.49,100
3601,11:34:21,$ 3232.49,100
3603,11:34:21,$ 3232.49,100
3604,11:34:21,$ 3232.495,100
3605,11:34:21,$ 3232.49,100
3606,11:34:21,$ 3232.86,100
3607,11:34:21,$ 3232.495,100
3608,11:34:21,$ 3232.545,100
3609,11:34:21,$ 3232.565,100
3610,11:34:21,$ 3232.69,100
3611,11:34:21,$ 3232.52,100
3612,11:34:21,$ 3232.62,100
3613,11:34:21,$ 3232.60,100
3614,11:34:21,$ 3232.54,100
3615,11:34:21,$ 3232.51,100
3616,11:34:21,$ 3232.51,100
3617,11:34:21,$ 3232.49,100
3618,11:33:42,$ 3231.26,100
3619,11:33:24,$ 3230.81,100
3620,11:33:22,$ 3230.16,100
3621,11:33:19,$ 3233.00,100
3622,11:33:05,$ 3231.69,100
3624,11:33:01,$ 3232.70,238
3625,11:32:55,$ 3233.36,100
3626,11:31:42,$ 3233.315,100
3627,11:31:41,$ 3233.00,175
3628,11:31:41,$ 3233.00,290
3630,12:29:10,$ 3233.845,100
3631,12:28:19,$ 3232.58,100
3632,12:28:06,$ 3231.5112,100
3633,12:27:48,$ 3231.43,100
3634,12:27:33,$ 3233.1525,100
3635,12:27:32,$ 3231.5414,100
3636,12:27:28,$ 3232.34,100
3637,12:26:50,$ 3238.79,100
3638,12:26:43,$ 3239.10,100
3639,12:26:37,$ 3239.59,262
3640,12:26:37,$ 3239.59,300
3641,12:26:37,$ 3238.714,100
3642,12:26:27,$ 3240.395,100
3643,12:26:08,$ 3238.085,100
3644,12:25:26,$ 3236.205,251
3645,12:24:09,$ 3234.654,100
3646,12:23:10,$ 3234.17,100
3647,12:22:54,$ 3233.07,100
3648,12:22:54,$ 3233.07,100
3649,12:22:54,$ 3233.82,100
3651,12:22:06,$ 3236.15,355
3652,12:22:06,$ 3236.15,342
3653,12:22:06,$ 3236.16,100
3654,12:21:50,$ 3236.96,100
3655,12:21:45,$ 3237.125,100
3656,12:20:22,$ 3234.8413,100
3657,12:19:12,$ 3237.00,100
3658,12:19:02,$ 3237.36,100
3659,12:18:48,$ 3237.36,100
3660,12:18:48,$ 3237.00,100
3661,12:18:36,$ 3236.82,133
3662,12:18:35,$ 3236.16,100
3663,12:18:34,$ 3236.81,100
3664,12:17:51,$ 3236.0358,100
3665,12:17:40,$ 3235.7916,300
3666,12:17:21,$ 3236.40,100
3667,12:17:21,$ 3236.87,100
3668,12:16:55,$ 3236.01,100
3669,12:16:44,$ 3235.6272,100
3670,12:15:58,$ 3236.1551,145
3672,12:15:38,$ 3236.22,100
3673,12:12:48,$ 3235.96,100
3674,12:12:48,$ 3236.00,100
3675,12:12:48,$ 3236.01,100
3676,12:12:37,$ 3235.50,100
3677,12:11:23,$ 3237.15,100
3678,12:11:09,$ 3237.28,100
3679,12:11:09,$ 3237.26,100
3680,12:11:05,$ 3237.83,100
3681,12:10:51,$ 3238.91,150
3682,12:09:37,$ 3235.60,100
3683,12:09:05,$ 3237.0725,300
3684,12:08:21,$ 3237.66,100
3685,12:08:14,$ 3236.38,100
3686,12:08:13,$ 3237.79,100
3687,12:08:06,$ 3239.99,100
3688,12:08:06,$ 3239.99,100
3689,12:08:06,$ 3239.99,100
3690,12:08:06,$ 3239.99,100
3691,12:07:32,$ 3239.57,100
3693,12:07:17,$ 3238.89,100
3694,12:07:17,$ 3238.71,100
3695,12:06:46,$ 3240.2782,100
3696,12:06:36,$ 3239.69,100
3697,12:06:35,$ 3238.94,100
3698,12:06:13,$ 3240.18,100
3699,12:06:08,$ 3239.60,100
3700,12:06:08,$ 3239.40,100
3701,12:06:08,$ 3239.81,100
3702,12:05:44,$ 3240.00,100
3703,12:05:28,$ 3240.22,100
3704,12:05:28,$ 3240.00,199
3705,12:05:28,$ 3240.46,100
3706,12:05:26,$ 3242.28,100
3707,12:04:27,$ 3243.97,320
3708,12:04:17,$ 3243.0982,"1,000"
3709,12:03:12,$ 3242.535,100
3710,12:02:54,$ 3242.00,100
3711,12:02:53,$ 3242.00,100
3712,12:02:53,$ 3242.03,100
3714,12:02:53,$ 3242.00,100
3715,12:02:45,$ 3242.865,100
3716,12:02:31,$ 3244.92,100
3717,12:02:31,$ 3244.43,100
3718,12:02:31,$ 3244.43,100
3719,12:02:31,$ 3244.43,100
3720,12:02:31,$ 3244.43,100
3721,12:02:31,$ 3244.43,100
3722,12:02:31,$ 3245.00,100
3723,12:02:29,$ 3245.22,100
3724,12:02:29,$ 3245.28,100
3725,12:02:29,$ 3244.915,100
3726,12:02:29,$ 3244.51,100
3727,12:02:29,$ 3244.46,100
3728,12:02:28,$ 3244.915,200
3729,12:02:28,$ 3244.65,100
3730,12:02:28,$ 3244.43,100
3731,12:01:49,$ 3246.00,200
3732,12:01:35,$ 3246.00,200
3733,12:01:32,$ 3245.92,100
3735,12:01:22,$ 3246.00,200
3736,12:01:20,$ 3245.995,100
3737,12:00:32,$ 3245.41,100
3738,12:00:27,$ 3245.9211,200
3739,12:00:26,$ 3245.60,200
3740,12:00:25,$ 3244.90,100
3742,12:58:46,$ 3236.58,100
3743,12:58:32,$ 3238.14,100
3744,12:57:33,$ 3238.055,100
3745,12:57:27,$ 3238.78,100
3746,12:57:27,$ 3238.78,100
3747,12:56:17,$ 3237.02,214
3748,12:56:17,$ 3237.26,100
3749,12:56:17,$ 3237.26,149
3750,12:56:17,$ 3237.42,100
3751,12:56:17,$ 3237.91,193
3752,12:56:17,$ 3238.35,100
3753,12:55:52,$ 3240.04,100
3754,12:55:27,$ 3239.35,100
3755,12:55:16,$ 3238.31,100
3756,12:54:48,$ 3237.73,100
3757,12:54:48,$ 3237.13,100
3758,12:54:45,$ 3237.53,100
3759,12:54:32,$ 3237.56,100
3760,12:54:20,$ 3238.55,100
3761,12:54:17,$ 3238.89,100
3763,12:54:17,$ 3238.41,100
3764,12:54:17,$ 3238.32,100
3765,12:54:02,$ 3237.39,100
3766,12:54:02,$ 3237.60,100
3767,12:54:02,$ 3237.50,100
3768,12:54:02,$ 3237.53,100
3769,12:53:58,$ 3238.27,100
3770,12:53:54,$ 3239.19,100
3771,12:53:36,$ 3239.305,100
3772,12:53:33,$ 3238.635,852
3773,12:53:33,$ 3239.125,594
3774,12:51:41,$ 3236.98,100
3775,12:50:25,$ 3238.65,100
3776,12:50:18,$ 3238.60,100
3777,12:48:49,$ 3236.26,100
3778,12:48:47,$ 3236.00,100
3779,12:48:27,$ 3235.5299,100
3780,12:47:49,$ 3236.31,100
3781,12:47:48,$ 3236.86,100
3782,12:47:48,$ 3236.86,100
3784,12:47:15,$ 3237.16,100
3785,12:47:10,$ 3238.09,100
3786,12:46:54,$ 3237.945,100
3787,12:45:41,$ 3241.05,100
3788,12:45:41,$ 3241.192,100
3789,12:45:41,$ 3241.16,100
3790,12:45:41,$ 3241.19,100
3791,12:45:41,$ 3241.192,100
3792,12:45:41,$ 3241.20,100
3793,12:45:35,$ 3240.38,100
3794,12:45:35,$ 3240.38,100
3795,12:45:35,$ 3240.20,100
3796,12:45:35,$ 3240.00,100
3797,12:45:19,$ 3239.81,100
3798,12:45:19,$ 3239.81,100
3799,12:45:14,$ 3239.70,100
3800,12:44:52,$ 3237.815,100
3801,12:44:47,$ 3237.90,100
3802,12:44:07,$ 3237.55,100
3803,12:43:32,$ 3238.54,100
3805,12:43:32,$ 3238.64,100
3806,12:42:57,$ 3238.60,100
3807,12:42:20,$ 3236.96,100
3808,12:42:20,$ 3236.98,100
3809,12:41:36,$ 3235.4038,309
3810,12:41:00,$ 3236.85,100
3811,12:40:57,$ 3235.855,210
3812,12:40:36,$ 3236.54,200
3813,12:40:10,$ 3233.79,100
3814,12:40:10,$ 3233.78,100
3815,12:39:39,$ 3234.01,143
3816,12:39:23,$ 3232.8675,100
3817,12:37:49,$ 3231.18,100
3818,12:37:37,$ 3230.19,100
3819,12:37:37,$ 3230.15,100
3820,12:37:25,$ 3230.82,100
3821,12:37:25,$ 3230.82,340
3822,12:37:14,$ 3229.58,100
3823,12:36:59,$ 3231.00,100
3824,12:36:50,$ 3231.07,100
3826,12:36:46,$ 3231.07,100
3827,12:36:06,$ 3230.74,121
3828,12:36:03,$ 3230.735,100
3829,12:35:59,$ 3230.10,100
3830,12:35:59,$ 3231.94,150
3831,12:35:44,$ 3232.50,100
3832,12:35:44,$ 3232.50,100
3833,12:35:30,$ 3232.50,100
3834,12:35:25,$ 3233.5557,200
3835,12:35:00,$ 3232.76,100
3836,12:34:48,$ 3231.69,100
3837,12:34:41,$ 3231.89,100
3838,12:34:08,$ 3231.01,100
3839,12:34:07,$ 3232.60,100
3840,12:34:00,$ 3232.01,100
3841,12:34:00,$ 3231.91,100
3842,12:32:27,$ 3233.42,100
3843,12:32:05,$ 3233.18,100
3844,12:31:57,$ 3232.61,100
3845,12:31:48,$ 3233.97,100
3847,12:31:40,$ 3234.88,155
3848,12:31:03,$ 3233.30,100
3849,12:30:56,$ 3234.38,100
3851,13:29:36,$ 3244.055,100
3852,13:29:22,$ 3243.28,100
3853,13:29:06,$ 3241.30,100
3854,13:29:06,$ 3241.76,100
3855,13:29:06,$ 3241.90,100
3856,13:29:06,$ 3242.068,100
3857,13:29:02,$ 3241.31,100
3858,13:28:55,$ 3242.115,100
3859,13:28:51,$ 3241.675,100
3860,13:28:47,$ 3241.885,100
3861,13:28:47,$ 3241.88,100
3862,13:28:47,$ 3241.97,100
3863,13:28:19,$ 3241.15,100
3864,13:28:19,$ 3241.15,100
3865,13:27:51,$ 3240.00,157
3866,13:27:51,$ 3240.00,206
3867,13:27:51,$ 3240.00,"1,954"
3868,13:27:46,$ 3238.8038,100
3869,13:27:33,$ 3237.715,100
3870,13:26:57,$ 3237.97,100
3872,13:26:57,$ 3238.47,100
