,NLS Time (ET),NLS Price,NLS Share Volume
1,09:59:59,$ 3351.89,100
2,09:59:59,$ 3352.47,100
3,09:59:58,$ 3352.585,100
4,09:59:58,$ 3351.12,120
5,09:59:57,$ 3351.13,100
6,09:59:57,$ 3352.355,100
7,09:59:57,$ 3352.47,100
8,09:59:56,$ 3352.66,100
9,09:59:55,$ 3353.12,100
10,09:59:54,$ 3354.16,100
11,09:59:54,$ 3353.83,100
12,09:59:53,$ 3353.41,100
13,09:59:53,$ 3354.00,100
14,09:59:51,$ 3353.255,100
15,09:59:50,$ 3353.00,100
16,09:59:50,$ 3351.83,100
17,09:59:50,$ 3353.00,100
18,09:59:50,$ 3351.85,100
19,09:59:50,$ 3352.03,100
20,09:59:50,$ 3351.91,100
22,09:59:50,$ 3352.03,100
23,09:59:50,$ 3351.065,600
24,09:59:50,$ 3351.065,100
25,09:59:49,$ 3350.67,100
26,09:59:49,$ 3350.55,100
27,09:59:49,$ 3350.05,100
28,09:59:49,$ 3350.02,100
29,09:59:48,$ 3351.00,105
30,09:59:48,$ 3351.00,120
31,09:59:48,$ 3351.00,100
32,09:59:48,$ 3351.00,100
33,09:59:48,$ 3350.97,100
34,09:59:48,$ 3350.97,100
35,09:59:48,$ 3350.97,100
36,09:59:48,$ 3350.09,200
37,09:59:47,$ 3350.105,100
38,09:59:47,$ 3350.15,100
39,09:59:47,$ 3350.1628,460
40,09:59:46,$ 3350.65,100
41,09:59:45,$ 3350.105,100
43,09:59:45,$ 3350.00,100
44,09:59:45,$ 3350.00,100
45,09:59:45,$ 3349.44,100
46,09:59:45,$ 3349.41,100
47,09:59:45,$ 3349.29,100
48,09:59:44,$ 3350.105,100
49,09:59:43,$ 3350.10,100
50,09:59:43,$ 3350.105,100
51,09:59:43,$ 3349.605,100
52,09:59:43,$ 3349.295,100
53,09:59:42,$ 3349.41,100
54,09:59:42,$ 3350.00,100
55,09:59:41,$ 3350.00,100
56,09:59:41,$ 3348.0001,"1,250"
57,09:59:41,$ 3350.14,100
58,09:59:40,$ 3350.08,100
59,09:59:39,$ 3350.60,"1,250"
60,09:59:38,$ 3351.00,100
61,09:59:37,$ 3350.255,100
62,09:59:37,$ 3351.00,100
64,09:59:37,$ 3351.00,100
65,09:59:37,$ 3351.00,100
66,09:59:37,$ 3351.00,100
67,09:59:36,$ 3350.97,100
68,09:59:36,$ 3350.00,100
69,09:59:36,$ 3350.00,100
70,09:59:36,$ 3350.02,100
71,09:59:36,$ 3350.02,100
72,09:59:36,$ 3351.10,100
73,09:59:36,$ 3351.00,100
74,09:59:36,$ 3351.00,200
75,09:59:35,$ 3352.02,100
76,09:59:35,$ 3351.00,100
77,09:59:35,$ 3351.00,100
78,09:59:35,$ 3351.00,100
79,09:59:35,$ 3351.00,100
80,09:59:35,$ 3351.515,100
81,09:59:35,$ 3351.515,100
82,09:59:34,$ 3351.00,100
83,09:59:34,$ 3351.515,100
85,09:59:34,$ 3351.02,100
86,09:59:33,$ 3352.01,100
87,09:59:33,$ 3351.63,935
88,09:59:33,$ 3351.63,100
89,09:59:33,$ 3351.63,163
90,09:59:33,$ 3352.03,100
91,09:59:33,$ 3352.03,163
92,09:59:33,$ 3352.03,100
93,09:59:33,$ 3352.03,101
94,09:59:33,$ 3351.00,100
95,09:59:33,$ 3352.03,500
96,09:59:33,$ 3351.10,100
97,09:59:32,$ 3351.00,100
98,09:59:32,$ 3351.515,"1,250"
99,09:59:32,$ 3351.00,100
100,09:59:32,$ 3351.00,100
101,09:59:32,$ 3351.00,100
102,09:59:32,$ 3351.01,100
103,09:59:32,$ 3351.515,100
104,09:59:32,$ 3352.095,100
106,09:59:32,$ 3352.03,155
107,09:59:32,$ 3352.01,610
108,09:59:32,$ 3352.01,100
109,09:59:32,$ 3352.00,200
110,09:59:32,$ 3353.24,100
111,09:59:32,$ 3352.90,100
112,09:59:32,$ 3352.66,100
113,09:59:32,$ 3352.03,100
114,09:59:32,$ 3352.03,115
115,09:59:30,$ 3353.275,100
116,09:59:30,$ 3353.80,100
117,09:59:30,$ 3354.5399,100
118,09:59:29,$ 3353.7494,100
119,09:59:29,$ 3355.35,100
120,09:59:29,$ 3354.35,100
121,09:59:29,$ 3354.35,100
122,09:59:29,$ 3355.31,100
123,09:59:29,$ 3356.12,100
124,09:59:29,$ 3355.32,100
125,09:59:29,$ 3356.12,100
127,09:59:28,$ 3356.12,100
128,09:59:28,$ 3356.71,100
129,09:59:27,$ 3356.65,100
130,09:59:25,$ 3355.875,"1,250"
131,09:59:25,$ 3356.92,100
132,09:59:24,$ 3355.99,100
133,09:59:24,$ 3355.99,100
134,09:59:23,$ 3356.505,146
135,09:59:23,$ 3355.00,100
136,09:59:23,$ 3355.00,318
137,09:59:23,$ 3355.00,100
138,09:59:23,$ 3355.00,100
139,09:59:23,$ 3354.736,100
140,09:59:23,$ 3355.00,100
141,09:59:23,$ 3354.758,100
142,09:59:23,$ 3353.9899,100
143,09:59:23,$ 3353.9899,100
144,09:59:23,$ 3353.9899,100
145,09:59:23,$ 3353.99,100
146,09:59:23,$ 3353.99,100
148,09:59:28,$ 3356.12,100
149,09:59:28,$ 3356.71,100
150,09:59:27,$ 3356.65,100
151,09:59:25,$ 3355.875,"1,250"
152,09:59:25,$ 3356.92,100
153,09:59:24,$ 3355.99,100
154,09:59:24,$ 3355.99,100
155,09:59:23,$ 3356.505,146
156,09:59:23,$ 3355.00,100
157,09:59:23,$ 3355.00,318
158,09:59:23,$ 3355.00,100
159,09:59:23,$ 3355.00,100
160,09:59:23,$ 3354.736,100
161,09:59:23,$ 3355.00,100
162,09:59:23,$ 3354.758,100
163,09:59:23,$ 3353.9899,100
164,09:59:23,$ 3353.9899,100
165,09:59:23,$ 3353.9899,100
166,09:59:23,$ 3353.99,100
167,09:59:23,$ 3353.99,100
169,09:59:21,$ 3352.955,500
170,09:59:20,$ 3351.90,100
171,09:59:20,$ 3351.68,100
172,09:59:20,$ 3352.47,100
173,09:59:20,$ 3351.64,100
174,09:59:20,$ 3351.85,100
175,09:59:20,$ 3351.63,100
176,09:59:20,$ 3351.525,100
177,09:59:20,$ 3352.10,100
178,09:59:20,$ 3352.05,100
179,09:59:19,$ 3351.19,100
180,09:59:18,$ 3351.308,100
181,09:59:16,$ 3351.985,100
182,09:59:16,$ 3351.985,125
183,09:59:15,$ 3351.12,100
184,09:59:15,$ 3351.97,100
185,09:59:15,$ 3351.00,220
186,09:59:14,$ 3351.12,100
187,09:59:14,$ 3351.15,100
188,09:59:14,$ 3351.24,100
190,09:59:14,$ 3351.00,100
191,09:59:14,$ 3351.00,100
192,09:59:14,$ 3351.00,100
193,09:59:14,$ 3351.33,100
194,09:59:14,$ 3351.33,100
195,09:59:14,$ 3351.00,100
196,09:59:14,$ 3350.97,100
197,09:59:13,$ 3349.24,125
198,09:59:12,$ 3350.285,100
199,09:59:12,$ 3349.81,100
200,09:59:12,$ 3350.075,100
201,09:59:11,$ 3349.81,100
202,09:59:11,$ 3349.77,100
203,09:59:10,$ 3349.89,600
204,09:59:09,$ 3348.6591,267
205,09:59:09,$ 3349.5384,100
206,09:59:09,$ 3349.5384,100
207,09:59:09,$ 3349.11,100
208,09:59:09,$ 3349.11,100
209,09:59:08,$ 3350.00,100
211,09:59:08,$ 3350.08,100
212,09:59:08,$ 3350.00,100
213,09:59:08,$ 3350.00,100
214,09:59:08,$ 3350.83,100
215,09:59:07,$ 3350.00,100
216,09:59:07,$ 3350.69,100
217,09:59:07,$ 3350.36,100
218,09:59:07,$ 3351.00,100
219,09:59:07,$ 3351.00,100
220,09:59:07,$ 3351.00,100
221,09:59:06,$ 3351.00,"1,250"
222,09:59:06,$ 3351.00,100
223,09:59:05,$ 3350.58,100
224,09:59:05,$ 3350.00,100
225,09:59:05,$ 3350.64,100
226,09:59:05,$ 3350.52,100
227,09:59:05,$ 3350.52,100
228,09:59:05,$ 3350.52,100
229,09:59:05,$ 3351.09,100
230,09:59:05,$ 3351.09,100
232,09:59:05,$ 3351.09,100
233,09:59:04,$ 3350.54,100
234,09:59:04,$ 3350.9212,"1,105"
235,09:59:03,$ 3351.604,240
236,09:59:03,$ 3351.76,100
237,09:59:02,$ 3352.13,100
238,09:59:02,$ 3352.245,200
239,09:59:02,$ 3352.08,100
240,09:59:02,$ 3352.4875,100
241,09:59:01,$ 3352.50,200
242,09:59:01,$ 3352.51,100
243,09:59:01,$ 3352.465,100
244,09:59:01,$ 3352.465,100
245,09:59:01,$ 3352.465,200
246,09:59:01,$ 3352.50,200
247,09:59:01,$ 3352.21,100
248,09:59:01,$ 3352.47,100
249,09:59:01,$ 3352.465,100
250,09:59:01,$ 3353.224,450
251,09:59:01,$ 3352.465,100
253,09:59:01,$ 3352.465,100
254,09:59:01,$ 3352.465,100
255,09:59:00,$ 3353.44,100
256,09:58:59,$ 3352.465,100
257,09:58:58,$ 3352.945,100
258,09:58:58,$ 3352.91,100
259,09:58:58,$ 3352.91,100
260,09:58:58,$ 3352.93,100
261,09:58:57,$ 3352.70,100
262,09:58:57,$ 3352.37,100
263,09:58:57,$ 3352.67,100
264,09:58:57,$ 3352.42,100
265,09:58:56,$ 3351.97,100
266,09:58:56,$ 3351.76,100
267,09:58:56,$ 3351.76,100
268,09:58:56,$ 3351.93,100
269,09:58:56,$ 3351.76,100
270,09:58:56,$ 3351.90,100
271,09:58:56,$ 3351.94,100
272,09:58:55,$ 3351.49,100
274,09:58:55,$ 3352.24,100
275,09:58:55,$ 3352.28,100
276,09:58:55,$ 3352.245,100
277,09:58:55,$ 3351.80,100
278,09:58:55,$ 3351.80,100
279,09:58:55,$ 3352.245,100
280,09:58:55,$ 3353.00,100
281,09:58:51,$ 3352.245,103
282,09:58:51,$ 3352.99,100
283,09:58:51,$ 3352.245,100
284,09:58:50,$ 3352.245,200
285,09:58:49,$ 3351.76,135
286,09:58:45,$ 3353.55,100
287,09:58:45,$ 3353.55,100
288,09:58:45,$ 3352.6392,"1,250"
289,09:58:43,$ 3352.99,"1,250"
290,09:58:43,$ 3352.52,100
291,09:58:41,$ 3352.9574,200
292,09:58:40,$ 3353.00,100
293,09:58:40,$ 3353.04,100
295,09:58:40,$ 3353.00,100
296,09:58:40,$ 3353.00,100
297,09:58:40,$ 3353.00,428
298,09:58:39,$ 3353.375,124
299,09:58:39,$ 3352.40,100
300,09:58:39,$ 3352.57,100
301,09:58:39,$ 3352.45,400
302,09:58:38,$ 3353.5692,100
303,09:58:36,$ 3353.55,100
304,09:58:35,$ 3354.13,100
305,09:58:35,$ 3353.91,100
306,09:58:35,$ 3354.35,150
307,09:58:35,$ 3354.77,100
308,09:58:34,$ 3354.22,100
309,09:58:34,$ 3354.22,300
310,09:58:34,$ 3354.22,200
311,09:58:34,$ 3354.7699,100
312,09:58:34,$ 3353.64,600
313,09:58:31,$ 3353.0307,135
314,09:58:30,$ 3353.61,200
316,09:58:28,$ 3354.5192,100
317,09:58:28,$ 3353.65,100
318,09:58:26,$ 3353.61,200
319,09:58:26,$ 3353.61,100
320,09:58:26,$ 3353.602,100
321,09:58:26,$ 3353.57,100
322,09:58:26,$ 3352.905,200
323,09:58:26,$ 3352.905,100
324,09:58:26,$ 3353.701,744
325,09:58:26,$ 3353.336,100
326,09:58:26,$ 3353.295,100
327,09:58:26,$ 3354.26,161
328,09:58:26,$ 3353.02,100
329,09:58:26,$ 3353.71,100
330,09:58:26,$ 3353.605,151
331,09:58:26,$ 3353.605,100
332,09:58:26,$ 3353.605,100
333,09:58:26,$ 3353.6775,100
334,09:58:24,$ 3353.6075,100
335,09:58:24,$ 3353.605,100
337,09:58:24,$ 3353.605,100
338,09:58:24,$ 3353.605,500
339,09:58:23,$ 3353.42,100
340,09:58:19,$ 3351.76,100
341,09:58:18,$ 3352.635,"1,250"
342,09:58:18,$ 3353.00,200
343,09:58:18,$ 3354.76,500
344,09:58:18,$ 3352.49,100
345,09:58:18,$ 3352.99,100
346,09:58:18,$ 3351.48,100
347,09:58:18,$ 3350.80,100
348,09:58:18,$ 3350.885,100
349,09:58:17,$ 3348.7919,100
350,09:58:17,$ 3348.78,100
351,09:58:17,$ 3348.65,115
352,09:58:16,$ 3349.63,100
353,09:58:16,$ 3349.27,100
354,09:58:16,$ 3349.27,100
355,09:58:16,$ 3349.27,100
356,09:58:16,$ 3349.27,100
358,09:58:16,$ 3349.376,100
359,09:58:16,$ 3349.27,100
360,09:58:16,$ 3349.568,100
361,09:58:15,$ 3349.80,100
362,09:58:15,$ 3349.80,100
363,09:58:15,$ 3350.325,100
364,09:58:15,$ 3350.45,100
365,09:58:15,$ 3349.6719,493
366,09:58:15,$ 3349.6719,235
367,09:58:15,$ 3350.00,100
368,09:58:15,$ 3350.05,100
369,09:58:15,$ 3350.198,200
370,09:58:14,$ 3350.743,500
371,09:58:13,$ 3350.128,100
372,09:58:13,$ 3350.136,100
373,09:58:13,$ 3351.01,200
374,09:58:13,$ 3351.63,100
375,09:58:13,$ 3351.41,100
376,09:58:13,$ 3351.71,100
377,09:58:13,$ 3351.70,100
379,09:58:13,$ 3351.65,100
380,09:58:10,$ 3352.4299,"1,250"
381,09:58:09,$ 3352.205,100
382,09:58:08,$ 3352.45,100
383,09:58:08,$ 3352.6165,411
384,09:58:08,$ 3352.23,100
385,09:58:08,$ 3352.59,100
386,09:58:08,$ 3352.1947,100
387,09:58:08,$ 3352.46,100
388,09:58:08,$ 3352.63,100
389,09:58:08,$ 3352.99,100
390,09:58:07,$ 3352.20,100
391,09:58:03,$ 3352.68,100
392,09:58:03,$ 3352.00,200
393,09:58:02,$ 3352.11,100
394,09:58:01,$ 3353.00,300
395,09:58:00,$ 3351.86,100
396,09:57:59,$ 3351.7268,100
397,09:57:57,$ 3351.7614,110
398,09:57:57,$ 3351.002,500
400,09:57:57,$ 3350.5151,207
401,09:57:57,$ 3350.5151,"1,001"
402,09:57:57,$ 3351.30,100
403,09:57:57,$ 3351.30,100
404,09:57:57,$ 3351.31,100
405,09:57:56,$ 3351.00,"1,250"
406,09:57:54,$ 3351.2652,100
407,09:57:54,$ 3351.8233,120
408,09:57:53,$ 3351.30,125
409,09:57:49,$ 3349.61,100
410,09:57:49,$ 3349.10,100
411,09:57:49,$ 3349.55,100
412,09:57:48,$ 3348.8799,600
413,09:57:46,$ 3348.32,100
414,09:57:45,$ 3348.44,100
415,09:57:45,$ 3347.78,100
416,09:57:45,$ 3347.76,100
417,09:57:45,$ 3348.9535,100
418,09:57:43,$ 3348.9664,200
419,09:57:39,$ 3348.35,100
421,09:57:39,$ 3348.07,100
422,09:57:36,$ 3347.39,100
423,09:57:36,$ 3347.51,100
424,09:57:36,$ 3347.512,100
425,09:57:36,$ 3347.51,100
426,09:57:36,$ 3347.51,100
427,09:57:36,$ 3347.51,100
428,09:57:36,$ 3347.731,200
429,09:57:36,$ 3348.30,100
430,09:57:36,$ 3348.04,100
431,09:57:36,$ 3348.41,100
432,09:57:36,$ 3349.105,100
433,09:57:36,$ 3347.9211,295
434,09:57:36,$ 3347.9211,144
435,09:57:36,$ 3350.16,100
436,09:57:36,$ 3350.00,100
437,09:57:35,$ 3349.8644,250
438,09:57:34,$ 3349.39,120
439,09:57:33,$ 3350.04,100
440,09:57:33,$ 3350.4036,500
442,09:57:33,$ 3349.8116,298
443,09:57:31,$ 3349.05,500
444,09:57:29,$ 3350.6499,500
445,09:57:29,$ 3350.00,100
446,09:57:29,$ 3351.27,100
447,09:57:29,$ 3347.94,100
448,09:57:28,$ 3346.76,600
449,09:57:28,$ 3346.76,"2,400"
450,09:57:28,$ 3352.16,100
451,09:57:28,$ 3351.19,100
452,09:57:28,$ 3351.21,100
453,09:57:28,$ 3349.42,100
454,09:57:28,$ 3350.32,100
455,09:57:28,$ 3350.32,100
456,09:57:28,$ 3350.32,100
457,09:57:28,$ 3350.32,100
458,09:57:28,$ 3350.32,100
459,09:57:28,$ 3350.33,100
460,09:57:28,$ 3350.32,100
461,09:57:28,$ 3350.531,200
463,09:57:27,$ 3350.675,100
464,09:57:27,$ 3350.61,100
465,09:57:25,$ 3352.245,600
466,09:57:25,$ 3353.9999,100
467,09:57:24,$ 3350.825,100
468,09:57:23,$ 3350.775,100
469,09:57:23,$ 3349.6211,100
470,09:57:23,$ 3350.153,296
471,09:57:22,$ 3349.86,100
472,09:57:22,$ 3346.9204,211
473,09:57:22,$ 3346.9204,"1,324"
474,09:57:22,$ 3349.835,120
475,09:57:22,$ 3350.00,100
476,09:57:22,$ 3350.03,100
477,09:57:22,$ 3350.04,100
478,09:57:21,$ 3350.15,100
479,09:57:21,$ 3350.80,100
480,09:57:21,$ 3351.06,100
481,09:57:21,$ 3350.80,100
482,09:57:21,$ 3351.22,100
484,09:57:21,$ 3351.03,100
485,09:57:21,$ 3352.10,113
486,09:57:21,$ 3352.15,100
487,09:57:20,$ 3352.12,100
488,09:57:20,$ 3353.55,100
489,09:57:20,$ 3353.50,100
490,09:57:20,$ 3353.23,100
491,09:57:20,$ 3353.20,100
492,09:57:20,$ 3353.10,100
493,09:57:20,$ 3353.875,100
494,09:57:20,$ 3353.97,100
495,09:57:20,$ 3353.5728,"1,239"
496,09:57:20,$ 3353.875,100
497,09:57:19,$ 3355.00,100
498,09:57:18,$ 3354.67,100
499,09:57:18,$ 3353.81,100
500,09:57:18,$ 3354.335,100
501,09:57:18,$ 3351.53,100
502,09:57:17,$ 3352.45,100
503,09:57:17,$ 3352.53,100
505,09:57:17,$ 3352.47,100
506,09:57:17,$ 3353.47,100
507,09:57:17,$ 3353.49,100
508,09:57:17,$ 3353.47,100
509,09:57:15,$ 3353.50,100
510,09:57:15,$ 3354.50,100
511,09:57:14,$ 3353.915,100
512,09:57:14,$ 3353.3967,100
513,09:57:13,$ 3353.95,100
514,09:57:13,$ 3354.65,100
515,09:57:13,$ 3353.87,100
516,09:57:11,$ 3353.37,100
517,09:57:11,$ 3353.64,105
518,09:57:11,$ 3353.92,100
519,09:57:11,$ 3353.81,100
520,09:57:11,$ 3353.70,100
521,09:57:11,$ 3353.65,100
522,09:57:10,$ 3353.16,100
523,09:57:09,$ 3353.64,100
524,09:57:09,$ 3352.745,100
526,09:57:09,$ 3352.30,100
527,09:57:09,$ 3352.32,100
528,09:57:07,$ 3352.29,100
529,09:57:06,$ 3351.7625,100
530,09:57:06,$ 3351.42,100
531,09:57:06,$ 3351.43,100
532,09:57:05,$ 3351.845,100
533,09:57:04,$ 3352.34,100
534,09:57:03,$ 3350.79,100
535,09:57:03,$ 3350.78,108
536,09:57:03,$ 3351.00,100
537,09:57:03,$ 3351.03,100
538,09:57:02,$ 3352.00,100
539,09:57:02,$ 3353.2201,600
540,09:57:02,$ 3352.96,100
541,09:57:00,$ 3352.90,100
542,09:56:58,$ 3351.975,100
543,09:56:58,$ 3352.99,100
544,09:56:58,$ 3353.00,100
545,09:56:58,$ 3352.945,100
547,09:56:57,$ 3351.0537,250
548,09:56:57,$ 3351.88,100
549,09:56:56,$ 3350.81,100
550,09:56:54,$ 3351.875,300
551,09:56:54,$ 3352.47,100
552,09:56:53,$ 3353.15,100
553,09:56:53,$ 3353.14,100
554,09:56:53,$ 3350.75,100
555,09:56:53,$ 3353.105,100
556,09:56:53,$ 3352.23,100
557,09:56:53,$ 3351.875,100
558,09:56:53,$ 3352.24,100
559,09:56:53,$ 3352.9999,200
560,09:56:53,$ 3352.9999,900
561,09:56:53,$ 3352.46,100
562,09:56:53,$ 3352.695,100
563,09:56:53,$ 3352.05,100
564,09:56:53,$ 3352.04,100
565,09:56:53,$ 3352.16,100
566,09:56:53,$ 3352.00,100
568,09:56:53,$ 3353.05,211
569,09:56:53,$ 3353.18,100
570,09:56:53,$ 3353.17,100
571,09:56:52,$ 3353.07,100
572,09:56:52,$ 3353.92,100
573,09:56:52,$ 3353.92,100
574,09:56:52,$ 3353.92,100
575,09:56:52,$ 3354.08,100
576,09:56:52,$ 3354.1267,210
577,09:56:51,$ 3354.57,100
578,09:56:51,$ 3354.49,100
579,09:56:50,$ 3355.6131,100
580,09:56:50,$ 3354.56,100
581,09:56:50,$ 3355.35,100
582,09:56:50,$ 3355.00,101
583,09:56:49,$ 3355.00,100
584,09:56:49,$ 3354.55,100
585,09:56:48,$ 3354.4725,100
586,09:56:48,$ 3354.465,100
587,09:56:47,$ 3355.8235,135
589,09:56:47,$ 3354.35,100
590,09:56:47,$ 3355.5778,100
591,09:56:47,$ 3354.775,100
592,09:56:46,$ 3354.1279,100
593,09:56:46,$ 3355.3096,100
594,09:56:46,$ 3354.784,100
595,09:56:46,$ 3353.92,100
596,09:56:46,$ 3353.92,300
597,09:56:46,$ 3353.931,161
598,09:56:46,$ 3354.09,100
599,09:56:46,$ 3354.65,100
600,09:56:45,$ 3354.36,100
601,09:56:44,$ 3355.71,100
602,09:56:44,$ 3353.91,100
603,09:56:43,$ 3354.06,100
604,09:56:43,$ 3353.03,100
605,09:56:43,$ 3353.03,121
606,09:56:43,$ 3353.03,171
607,09:56:42,$ 3352.205,100
608,09:56:39,$ 3353.00,100
610,09:56:39,$ 3353.00,298
611,09:56:39,$ 3353.20,100
612,09:56:39,$ 3353.3363,500
613,09:56:38,$ 3354.12,100
614,09:56:38,$ 3355.22,100
615,09:56:37,$ 3354.0434,100
616,09:56:36,$ 3355.9899,100
617,09:56:35,$ 3355.01,100
618,09:56:35,$ 3355.00,100
619,09:56:34,$ 3355.00,100
620,09:56:34,$ 3354.2586,200
621,09:56:34,$ 3355.05,100
622,09:56:34,$ 3355.9999,200
623,09:56:33,$ 3357.66,100
624,09:56:33,$ 3357.66,100
625,09:56:33,$ 3356.4335,190
626,09:56:32,$ 3357.00,100
627,09:56:32,$ 3357.00,100
628,09:56:32,$ 3357.00,100
629,09:56:30,$ 3357.6699,200
631,09:56:30,$ 3357.54,100
632,09:56:30,$ 3357.67,100
633,09:56:29,$ 3357.54,100
634,09:56:29,$ 3357.54,100
635,09:56:29,$ 3357.54,100
636,09:56:29,$ 3357.54,100
637,09:56:29,$ 3356.3922,100
638,09:56:28,$ 3357.085,100
639,09:56:28,$ 3357.46,100
640,09:56:28,$ 3357.46,300
641,09:56:27,$ 3356.845,"2,000"
642,09:56:27,$ 3357.00,100
643,09:56:27,$ 3356.18,100
644,09:56:27,$ 3355.96,100
645,09:56:26,$ 3356.18,200
646,09:56:26,$ 3356.18,100
647,09:56:26,$ 3356.18,100
648,09:56:26,$ 3354.96,100
649,09:56:26,$ 3356.15,100
650,09:56:26,$ 3356.15,100
652,09:56:26,$ 3356.15,100
653,09:56:26,$ 3356.15,100
654,09:56:26,$ 3356.15,100
655,09:56:26,$ 3355.30,100
656,09:56:26,$ 3356.18,100
657,09:56:26,$ 3356.17,400
658,09:56:26,$ 3355.31,100
659,09:56:26,$ 3354.96,100
660,09:56:26,$ 3354.85,100
661,09:56:25,$ 3354.03,100
662,09:56:24,$ 3355.21,100
663,09:56:24,$ 3356.64,100
664,09:56:22,$ 3356.7499,100
665,09:56:22,$ 3356.7099,222
666,09:56:21,$ 3355.89,100
667,09:56:21,$ 3357.00,100
668,09:56:21,$ 3356.9999,100
669,09:56:21,$ 3356.44,100
670,09:56:21,$ 3356.95,100
671,09:56:21,$ 3356.9999,100
673,09:56:21,$ 3356.95,300
674,09:56:21,$ 3356.9999,300
675,09:56:21,$ 3356.00,230
676,09:56:20,$ 3354.5271,100
677,09:56:20,$ 3355.89,100
678,09:56:20,$ 3355.89,155
679,09:56:20,$ 3355.89,100
680,09:56:20,$ 3355.02,100
681,09:56:19,$ 3355.88,198
682,09:56:19,$ 3354.486,232
683,09:56:19,$ 3355.42,155
684,09:56:19,$ 3353.2248,100
685,09:56:19,$ 3354.01,100
686,09:56:19,$ 3353.74,100
687,09:56:19,$ 3354.99,100
688,09:56:19,$ 3354.93,100
689,09:56:19,$ 3354.99,100
690,09:56:19,$ 3354.99,109
691,09:56:19,$ 3354.99,300
692,09:56:19,$ 3354.99,300
694,09:56:19,$ 3355.00,100
695,09:56:18,$ 3354.99,100
696,09:56:18,$ 3354.365,100
697,09:56:18,$ 3354.99,157
698,09:56:18,$ 3354.98,261
699,09:56:18,$ 3354.80,100
700,09:56:18,$ 3354.80,274
701,09:56:17,$ 3354.86,100
702,09:56:17,$ 3354.08,100
703,09:56:17,$ 3354.08,100
704,09:56:17,$ 3354.08,100
705,09:56:17,$ 3354.00,100
706,09:56:17,$ 3354.00,100
707,09:56:17,$ 3352.89,200
708,09:56:16,$ 3352.71,200
709,09:56:16,$ 3353.47,100
710,09:56:16,$ 3353.90,100
711,09:56:16,$ 3351.605,100
712,09:56:16,$ 3351.75,103
713,09:56:16,$ 3351.75,100
715,09:56:16,$ 3351.60,124
716,09:56:16,$ 3351.60,100
717,09:56:16,$ 3351.60,100
718,09:56:16,$ 3351.60,100
719,09:56:16,$ 3351.75,100
720,09:56:16,$ 3351.60,100
721,09:56:16,$ 3350.975,100
722,09:56:16,$ 3351.55,100
723,09:56:16,$ 3351.60,184
724,09:56:16,$ 3350.00,550
725,09:56:16,$ 3350.60,119
726,09:56:16,$ 3350.60,200
727,09:56:16,$ 3350.60,200
728,09:56:16,$ 3350.60,200
729,09:56:16,$ 3349.96,100
730,09:56:16,$ 3350.2032,250
731,09:56:16,$ 3350.60,100
732,09:56:16,$ 3350.58,100
733,09:56:16,$ 3349.96,100
734,09:56:16,$ 3350.00,100
736,09:56:16,$ 3349.96,100
737,09:56:15,$ 3349.88,100
738,09:56:15,$ 3349.60,103
739,09:56:15,$ 3349.60,100
740,09:56:15,$ 3349.88,100
741,09:56:15,$ 3349.60,191
742,09:56:15,$ 3349.60,300
743,09:56:15,$ 3349.37,100
744,09:56:15,$ 3348.495,100
745,09:56:15,$ 3348.495,"1,150"
746,09:56:15,$ 3348.61,100
747,09:56:15,$ 3348.66,100
748,09:56:15,$ 3348.66,100
749,09:56:14,$ 3348.66,100
750,09:56:14,$ 3348.66,100
751,09:56:13,$ 3348.61,100
752,09:56:13,$ 3348.49,100
753,09:56:13,$ 3347.625,"1,250"
754,09:56:13,$ 3348.00,594
755,09:56:11,$ 3348.56,100
757,09:56:11,$ 3347.92,100
758,09:56:04,$ 3347.37,108
759,09:56:04,$ 3345.65,100
760,09:56:03,$ 3345.62,100
761,09:56:01,$ 3344.79,100
762,09:55:58,$ 3344.15,100
763,09:55:58,$ 3345.44,100
764,09:55:54,$ 3343.9773,120
765,09:55:54,$ 3343.28,100
766,09:55:54,$ 3343.28,100
767,09:55:54,$ 3343.28,100
768,09:55:54,$ 3343.30,100
769,09:55:54,$ 3343.28,100
770,09:55:54,$ 3343.97,100
771,09:55:52,$ 3343.85,100
772,09:55:52,$ 3343.85,100
773,09:55:52,$ 3343.87,100
774,09:55:49,$ 3343.05,100
775,09:55:49,$ 3343.64,100
776,09:55:48,$ 3344.27,100
778,09:55:46,$ 3343.30,100
779,09:55:46,$ 3344.18,100
780,09:55:45,$ 3345.10,100
781,09:55:45,$ 3344.13,100
782,09:55:45,$ 3345.00,450
783,09:55:45,$ 3344.907,124
784,09:55:45,$ 3344.41,100
785,09:55:45,$ 3344.00,200
786,09:55:43,$ 3344.4501,100
787,09:55:43,$ 3344.24,100
788,09:55:43,$ 3344.56,100
789,09:55:43,$ 3344.59,100
790,09:55:43,$ 3344.58,100
791,09:55:43,$ 3345.15,100
792,09:55:43,$ 3344.94,100
793,09:55:43,$ 3344.345,600
794,09:55:43,$ 3344.345,300
795,09:55:42,$ 3344.345,100
796,09:55:42,$ 3344.44,100
797,09:55:42,$ 3344.44,280
799,09:55:42,$ 3344.16,100
800,09:55:42,$ 3344.34,100
801,09:55:42,$ 3344.86,150
802,09:55:41,$ 3344.185,100
803,09:55:40,$ 3344.63,100
804,09:55:40,$ 3344.20,100
805,09:55:39,$ 3344.9737,172
806,09:55:39,$ 3344.50,100
807,09:55:39,$ 3344.472,200
808,09:55:39,$ 3344.29,100
809,09:55:39,$ 3343.695,200
810,09:55:37,$ 3344.00,100
811,09:55:37,$ 3343.98,100
812,09:55:33,$ 3343.775,100
813,09:55:32,$ 3342.38,100
814,09:55:32,$ 3342.58,100
815,09:55:30,$ 3341.394,100
816,09:55:30,$ 3341.13,100
817,09:55:30,$ 3341.105,100
818,09:55:30,$ 3341.13,100
820,09:55:29,$ 3341.93,100
821,09:55:26,$ 3341.04,100
822,09:55:26,$ 3341.07,100
823,09:55:23,$ 3340.015,100
824,09:55:23,$ 3340.035,100
825,09:55:19,$ 3340.035,100
826,09:55:19,$ 3340.01,100
827,09:55:18,$ 3340.40,100
828,09:55:17,$ 3340.26,100
829,09:55:17,$ 3340.19,100
830,09:55:16,$ 3340.535,100
831,09:55:15,$ 3340.43,100
832,09:55:15,$ 3340.575,100
833,09:55:15,$ 3340.02,137
834,09:55:15,$ 3340.27,100
835,09:55:15,$ 3340.10,100
836,09:55:15,$ 3340.04,100
837,09:55:15,$ 3340.04,100
838,09:55:13,$ 3340.62,200
839,09:55:12,$ 3339.61,100
841,09:55:12,$ 3339.77,100
842,09:55:12,$ 3339.75,100
843,09:55:12,$ 3339.66,100
844,09:55:12,$ 3341.53,100
845,09:55:11,$ 3341.70,100
846,09:55:11,$ 3341.65,100
847,09:55:11,$ 3341.28,100
848,09:55:11,$ 3341.28,100
849,09:55:11,$ 3341.26,100
850,09:55:11,$ 3341.26,100
851,09:55:10,$ 3341.96,100
852,09:55:10,$ 3342.24,100
853,09:55:05,$ 3342.06,100
854,09:55:04,$ 3341.07,100
855,09:55:04,$ 3341.97,100
856,09:55:04,$ 3342.00,100
857,09:55:04,$ 3342.00,100
858,09:55:02,$ 3341.237,200
859,09:55:02,$ 3341.30,100
860,09:55:02,$ 3341.33,100
862,09:55:01,$ 3342.00,100
863,09:55:01,$ 3342.00,100
864,09:55:01,$ 3341.12,100
865,09:55:01,$ 3341.12,100
866,09:55:01,$ 3341.12,100
867,09:55:01,$ 3341.12,100
868,09:55:01,$ 3341.12,100
869,09:55:00,$ 3340.66,100
870,09:54:58,$ 3340.00,300
871,09:54:58,$ 3340.00,100
872,09:54:58,$ 3340.03,100
873,09:54:56,$ 3339.285,100
874,09:54:56,$ 3339.00,100
875,09:54:56,$ 3339.00,100
876,09:54:56,$ 3339.00,100
877,09:54:54,$ 3340.27,100
878,09:54:54,$ 3339.63,100
879,09:54:54,$ 3339.50,100
880,09:54:54,$ 3340.14,100
881,09:54:54,$ 3340.10,100
883,09:54:54,$ 3340.115,100
884,09:54:50,$ 3339.535,"1,250"
885,09:54:48,$ 3339.535,"1,250"
886,09:54:43,$ 3339.3917,100
887,09:54:41,$ 3340.50,100
888,09:54:41,$ 3340.52,100
889,09:54:39,$ 3340.55,100
890,09:54:39,$ 3340.55,100
891,09:54:39,$ 3339.58,100
892,09:54:39,$ 3340.3812,100
893,09:54:39,$ 3339.00,100
894,09:54:37,$ 3340.00,100
895,09:54:37,$ 3340.00,100
896,09:54:37,$ 3340.00,100
897,09:54:37,$ 3339.58,100
898,09:54:37,$ 3339.67,100
899,09:54:36,$ 3338.16,100
900,09:54:35,$ 3338.55,113
901,09:54:33,$ 3338.50,100
902,09:54:33,$ 3338.52,100
904,09:54:33,$ 3338.49,100
905,09:54:31,$ 3338.279,150
906,09:54:31,$ 3337.93,100
907,09:54:30,$ 3337.93,100
908,09:54:30,$ 3337.44,100
909,09:54:30,$ 3337.35,100
910,09:54:27,$ 3338.16,100
911,09:54:27,$ 3338.16,100
912,09:54:23,$ 3336.9975,100
913,09:54:23,$ 3337.24,200
914,09:54:23,$ 3336.71,100
915,09:54:23,$ 3336.71,100
916,09:54:23,$ 3337.2775,100
917,09:54:23,$ 3336.73,100
918,09:54:20,$ 3337.56,100
919,09:54:19,$ 3336.71,100
920,09:54:17,$ 3337.855,100
921,09:54:17,$ 3337.545,100
922,09:54:17,$ 3336.60,173
923,09:54:17,$ 3336.00,100
925,09:54:15,$ 3334.725,100
926,09:54:14,$ 3335.9999,"1,250"
927,09:54:12,$ 3334.2349,628
928,09:54:12,$ 3334.67,100
929,09:54:12,$ 3333.44,100
930,09:54:12,$ 3332.50,100
931,09:54:12,$ 3332.31,100
932,09:54:12,$ 3332.27,100
933,09:54:12,$ 3332.67,100
934,09:54:12,$ 3332.71,100
935,09:54:12,$ 3332.90,100
936,09:54:11,$ 3332.28,100
937,09:54:11,$ 3333.4399,100
938,09:54:11,$ 3332.7388,100
939,09:54:09,$ 3332.00,100
940,09:54:07,$ 3332.46,100
941,09:54:07,$ 3332.56,100
942,09:54:05,$ 3333.38,100
943,09:54:05,$ 3333.34,100
944,09:54:05,$ 3333.34,100
946,09:54:05,$ 3333.36,100
947,09:54:03,$ 3335.01,100
948,09:54:03,$ 3334.43,100
949,09:54:03,$ 3335.05,100
950,09:54:03,$ 3335.05,100
951,09:54:00,$ 3336.055,100
952,09:53:57,$ 3335.23,100
953,09:53:56,$ 3336.69,100
954,09:53:56,$ 3336.69,100
955,09:53:55,$ 3335.98,100
956,09:53:55,$ 3335.72,100
957,09:53:55,$ 3336.37,100
958,09:53:55,$ 3336.86,276
959,09:53:54,$ 3336.37,100
960,09:53:54,$ 3336.37,100
961,09:53:54,$ 3336.34,100
962,09:53:54,$ 3335.20,100
963,09:53:54,$ 3335.24,100
964,09:53:54,$ 3334.615,100
965,09:53:53,$ 3334.28,150
967,09:53:52,$ 3334.00,100
968,09:53:52,$ 3335.01,100
969,09:53:52,$ 3334.96,100
970,09:53:51,$ 3335.21,100
971,09:53:50,$ 3335.2127,100
972,09:53:46,$ 3334.43,100
973,09:53:44,$ 3335.10,100
974,09:53:44,$ 3335.7699,100
975,09:53:44,$ 3335.30,100
976,09:53:44,$ 3335.14,100
977,09:53:44,$ 3335.14,100
978,09:53:44,$ 3335.14,100
979,09:53:44,$ 3335.15,100
980,09:53:44,$ 3335.15,107
981,09:53:44,$ 3335.1115,100
982,09:53:44,$ 3334.57,100
983,09:53:43,$ 3334.52,100
984,09:53:42,$ 3334.235,100
985,09:53:42,$ 3334.39,100
986,09:53:41,$ 3334.00,100
988,09:53:41,$ 3334.9627,100
989,09:53:41,$ 3334.1775,100
990,09:53:41,$ 3334.27,100
991,09:53:40,$ 3333.58,100
992,09:53:40,$ 3334.24,100
993,09:53:40,$ 3334.8678,100
994,09:53:39,$ 3333.825,100
995,09:53:39,$ 3333.33,100
996,09:53:39,$ 3333.52,100
997,09:53:39,$ 3333.42,100
998,09:53:39,$ 3334.20,100
999,09:53:39,$ 3333.54,100
1000,09:53:39,$ 3333.89,100
1001,09:53:39,$ 3333.84,100
1002,09:53:39,$ 3334.11,100
1003,09:53:39,$ 3333.88,100
1004,09:53:39,$ 3335.00,100
1005,09:53:39,$ 3335.00,100
1006,09:53:39,$ 3335.52,100
1007,09:53:38,$ 3336.865,100
1009,09:53:37,$ 3338.00,548
1010,09:53:37,$ 3338.00,116
1011,09:53:37,$ 3338.10,100
1012,09:53:37,$ 3338.88,100
1013,09:53:36,$ 3339.175,100
1014,09:53:34,$ 3338.75,100
1015,09:53:34,$ 3338.96,200
1016,09:53:32,$ 3339.705,100
1017,09:53:31,$ 3339.24,100
1018,09:53:28,$ 3340.30,100
1019,09:53:28,$ 3339.775,100
1020,09:53:28,$ 3339.445,100
1021,09:53:25,$ 3339.935,200
1022,09:53:25,$ 3339.10,100
1023,09:53:25,$ 3340.00,300
1024,09:53:25,$ 3340.05,100
1025,09:53:24,$ 3341.20,200
1026,09:53:24,$ 3341.04,100
1027,09:53:24,$ 3341.06,100
1028,09:53:24,$ 3341.04,100
1030,09:53:24,$ 3341.04,100
1031,09:53:24,$ 3341.04,100
1032,09:53:24,$ 3341.54,100
1033,09:53:23,$ 3341.38,100
1034,09:53:23,$ 3340.31,100
1035,09:53:23,$ 3341.59,800
1036,09:53:23,$ 3341.69,100
1037,09:53:23,$ 3341.09,100
1038,09:53:23,$ 3341.576,100
1039,09:53:23,$ 3341.285,100
1040,09:53:23,$ 3340.795,100
1041,09:53:23,$ 3341.28,100
1042,09:53:19,$ 3341.925,100
1043,09:53:19,$ 3341.91,100
1044,09:53:19,$ 3341.48,100
1045,09:53:14,$ 3341.925,200
1046,09:53:09,$ 3342.00,100
1047,09:53:04,$ 3341.03,200
1048,09:53:01,$ 3341.00,100
1049,09:53:01,$ 3341.01,100
1051,09:53:01,$ 3340.52,100
1052,09:53:01,$ 3340.47,100
1053,09:53:01,$ 3340.47,100
1054,09:53:01,$ 3341.34,100
1055,09:53:01,$ 3341.94,100
1056,09:52:59,$ 3342.92,100
1057,09:52:58,$ 3342.02,100
1058,09:52:56,$ 3342.01,100
1059,09:52:56,$ 3342.01,100
1060,09:52:56,$ 3342.01,100
1061,09:52:56,$ 3342.01,100
1062,09:52:54,$ 3340.03,100
1063,09:52:54,$ 3341.02,100
1064,09:52:53,$ 3341.47,100
1065,09:52:52,$ 3341.6099,462
1066,09:52:52,$ 3341.10,100
1067,09:52:52,$ 3340.70,100
1068,09:52:52,$ 3340.67,113
1069,09:52:51,$ 3340.67,100
1070,09:52:50,$ 3340.67,"1,250"
1072,09:52:49,$ 3340.265,200
1073,09:52:48,$ 3340.48,175
1074,09:52:48,$ 3340.48,107
1075,09:52:47,$ 3340.82,100
1076,09:52:46,$ 3339.41,100
1077,09:52:46,$ 3339.41,100
1078,09:52:46,$ 3339.43,100
1079,09:52:46,$ 3339.41,100
1080,09:52:46,$ 3340.15,100
1081,09:52:43,$ 3341.775,100
1082,09:52:43,$ 3341.775,100
1083,09:52:43,$ 3342.00,100
1084,09:52:43,$ 3342.00,100
1085,09:52:43,$ 3342.00,100
1086,09:52:43,$ 3342.02,100
1087,09:52:41,$ 3342.32,100
1088,09:52:41,$ 3342.64,100
1089,09:52:41,$ 3342.32,100
1090,09:52:41,$ 3341.83,100
1091,09:52:40,$ 3342.13,100
1093,09:52:40,$ 3341.855,100
1094,09:52:39,$ 3342.295,100
1095,09:52:39,$ 3342.00,100
1096,09:52:39,$ 3342.00,100
1097,09:52:39,$ 3342.00,100
1098,09:52:38,$ 3342.55,100
1099,09:52:38,$ 3342.05,100
1100,09:52:35,$ 3342.65,100
1101,09:52:30,$ 3343.89,100
1102,09:52:29,$ 3344.46,100
1103,09:52:29,$ 3344.64,100
1104,09:52:29,$ 3344.64,100
1105,09:52:29,$ 3344.64,100
1106,09:52:29,$ 3344.58,100
1107,09:52:29,$ 3344.64,100
1108,09:52:29,$ 3344.19,100
1109,09:52:27,$ 3344.6399,120
1110,09:52:25,$ 3342.405,108
1111,09:52:22,$ 3344.12,100
1112,09:52:22,$ 3342.32,100
1114,09:52:22,$ 3343.3499,116
1115,09:52:22,$ 3341.1601,100
1116,09:52:22,$ 3342.32,100
1117,09:52:22,$ 3343.60,100
1118,09:52:22,$ 3343.41,100
1119,09:52:22,$ 3343.60,100
1120,09:52:22,$ 3343.60,100
1121,09:52:22,$ 3343.41,119
1122,09:52:21,$ 3344.00,100
1123,09:52:20,$ 3343.62,100
1124,09:52:18,$ 3343.82,"1,250"
1125,09:52:16,$ 3344.10,100
1126,09:52:16,$ 3344.84,379
1127,09:52:16,$ 3344.49,100
1128,09:52:16,$ 3344.58,100
1129,09:52:16,$ 3344.41,346
1130,09:52:16,$ 3344.61,100
1131,09:52:16,$ 3344.01,346
1132,09:52:16,$ 3344.19,100
1133,09:52:16,$ 3344.59,100
1135,09:52:16,$ 3344.21,100
1136,09:52:16,$ 3344.09,100
1137,09:52:16,$ 3344.00,100
1138,09:52:15,$ 3344.33,100
1139,09:52:15,$ 3344.21,100
1140,09:52:14,$ 3343.96,100
1141,09:52:14,$ 3343.96,100
1142,09:52:10,$ 3342.6502,100
1143,09:52:09,$ 3342.73,100
1144,09:52:08,$ 3342.6125,250
1145,09:52:04,$ 3342.17,100
1146,09:52:03,$ 3342.06,100
1147,09:52:03,$ 3340.9685,100
1148,09:52:01,$ 3341.05,100
1149,09:52:00,$ 3340.9508,200
1150,09:52:00,$ 3341.14,100
1151,09:52:00,$ 3341.16,100
1152,09:52:00,$ 3341.1599,250
1153,09:52:00,$ 3340.655,899
1154,09:51:59,$ 3340.825,250
1156,09:51:59,$ 3342.1699,"1,250"
1157,09:51:57,$ 3341.53,200
1158,09:51:56,$ 3341.01,100
1159,09:51:56,$ 3341.01,100
1160,09:51:56,$ 3341.4105,178
1161,09:51:56,$ 3341.4105,299
1162,09:51:56,$ 3341.70,100
1163,09:51:56,$ 3341.74,100
1164,09:51:56,$ 3341.70,100
1165,09:51:56,$ 3341.81,100
1166,09:51:56,$ 3341.30,100
1167,09:51:56,$ 3341.41,100
1168,09:51:56,$ 3341.30,100
1169,09:51:55,$ 3342.5027,150
1170,09:51:55,$ 3342.16,100
1171,09:51:55,$ 3342.20,100
1172,09:51:55,$ 3342.30,100
1173,09:51:55,$ 3342.30,100
1174,09:51:55,$ 3342.32,100
1175,09:51:55,$ 3342.39,100
1177,09:51:55,$ 3343.39,100
1178,09:51:55,$ 3343.79,171
1179,09:51:55,$ 3343.39,171
1180,09:51:55,$ 3343.79,670
1181,09:51:55,$ 3343.79,110
1182,09:51:55,$ 3343.79,299
1183,09:51:54,$ 3343.52,100
1184,09:51:54,$ 3343.52,100
1185,09:51:53,$ 3344.21,"1,250"
1186,09:51:53,$ 3345.6699,319
1187,09:51:53,$ 3344.85,100
1188,09:51:52,$ 3344.86,100
1189,09:51:52,$ 3344.05,100
1190,09:51:52,$ 3344.07,100
1191,09:51:51,$ 3344.86,153
1192,09:51:50,$ 3344.86,100
1193,09:51:50,$ 3344.86,100
1194,09:51:49,$ 3345.35,100
1195,09:51:49,$ 3344.18,100
1196,09:51:49,$ 3344.08,100
1198,09:51:45,$ 3344.86,102
1199,09:51:45,$ 3344.86,100
1200,09:51:44,$ 3344.40,100
1201,09:51:44,$ 3345.00,100
1202,09:51:44,$ 3344.98,100
1203,09:51:44,$ 3344.99,100
1204,09:51:42,$ 3343.3901,125
1205,09:51:41,$ 3344.185,100
1206,09:51:40,$ 3344.16,100
1207,09:51:40,$ 3344.9439,200
1208,09:51:40,$ 3343.39,100
1209,09:51:40,$ 3344.325,100
1210,09:51:39,$ 3343.39,100
1211,09:51:39,$ 3344.65,100
1212,09:51:39,$ 3344.70,100
1213,09:51:39,$ 3345.89,600
1214,09:51:38,$ 3349.1275,706
1215,09:51:38,$ 3348.63,100
1216,09:51:38,$ 3349.03,100
1217,09:51:38,$ 3348.1908,100
1219,09:51:38,$ 3348.1908,100
1220,09:51:38,$ 3348.47,100
1221,09:51:38,$ 3348.58,100
1222,09:51:37,$ 3348.18,100
1223,09:51:36,$ 3347.69,100
1224,09:51:35,$ 3348.00,100
1225,09:51:35,$ 3348.00,100
1226,09:51:35,$ 3348.00,100
1227,09:51:35,$ 3348.2274,100
1228,09:51:35,$ 3348.725,100
1229,09:51:34,$ 3348.79,100
1230,09:51:34,$ 3348.79,100
1231,09:51:33,$ 3349.45,100
1232,09:51:33,$ 3349.60,140
1233,09:51:33,$ 3349.13,100
1234,09:51:33,$ 3349.33,200
1235,09:51:32,$ 3348.97,100
1236,09:51:32,$ 3349.07,125
1237,09:51:31,$ 3349.26,100
1238,09:51:31,$ 3348.735,100
1240,09:51:31,$ 3348.95,100
1241,09:51:29,$ 3348.29,100
1242,09:51:29,$ 3348.29,100
1243,09:51:29,$ 3348.29,100
1244,09:51:29,$ 3348.60,100
1245,09:51:28,$ 3348.60,200
1246,09:51:28,$ 3348.60,100
1247,09:51:28,$ 3348.58,100
1248,09:51:28,$ 3348.47,100
1249,09:51:28,$ 3348.47,100
1250,09:51:27,$ 3347.3144,175
1251,09:51:26,$ 3347.1201,100
1252,09:51:25,$ 3347.795,"1,250"
1253,09:51:24,$ 3347.91,100
1254,09:51:24,$ 3347.75,100
1255,09:51:24,$ 3347.75,100
1256,09:51:23,$ 3347.12,100
1257,09:51:23,$ 3347.12,100
1258,09:51:23,$ 3347.12,"1,250"
1259,09:51:21,$ 3347.12,100
1261,09:51:21,$ 3347.75,100
1262,09:51:20,$ 3347.26,100
1263,09:51:19,$ 3347.60,244
1264,09:51:19,$ 3347.60,203
1265,09:51:16,$ 3347.75,100
1266,09:51:15,$ 3347.22,100
1267,09:51:13,$ 3346.70,100
1268,09:51:13,$ 3347.05,100
1269,09:51:12,$ 3346.98,100
1270,09:51:12,$ 3346.73,100
1271,09:51:11,$ 3346.73,100
1272,09:51:11,$ 3346.63,100
1273,09:51:10,$ 3346.60,100
1274,09:51:09,$ 3346.60,100
1275,09:51:09,$ 3346.60,200
1276,09:51:08,$ 3346.52,100
1277,09:51:08,$ 3346.60,338
1278,09:51:08,$ 3345.40,100
1279,09:51:08,$ 3345.70,100
1280,09:51:08,$ 3345.80,100
1282,09:51:08,$ 3345.80,100
1283,09:51:08,$ 3344.69,100
1284,09:51:07,$ 3344.93,100
1285,09:51:07,$ 3345.00,100
1286,09:51:05,$ 3344.865,100
1287,09:51:05,$ 3345.29,136
1288,09:51:05,$ 3344.83,100
1289,09:51:02,$ 3344.83,100
1290,09:51:01,$ 3344.635,100
1291,09:51:01,$ 3345.77,100
1292,09:50:53,$ 3343.90,117
1293,09:50:53,$ 3343.70,100
1294,09:50:53,$ 3343.51,100
1295,09:50:53,$ 3343.77,100
1296,09:50:52,$ 3343.9858,200
1297,09:50:51,$ 3345.22,100
1298,09:50:51,$ 3345.14,100
1299,09:50:50,$ 3345.48,100
1300,09:50:50,$ 3345.47,100
1301,09:50:50,$ 3345.46,100
1303,09:50:50,$ 3345.48,100
1304,09:50:50,$ 3345.39,100
1305,09:50:48,$ 3345.80,100
1306,09:50:46,$ 3344.58,100
1307,09:50:46,$ 3344.63,100
1308,09:50:46,$ 3344.63,100
1309,09:50:46,$ 3344.60,100
1310,09:50:40,$ 3343.495,100
1311,09:50:38,$ 3343.46,104
1312,09:50:38,$ 3343.47,100
1313,09:50:36,$ 3342.00,100
1314,09:50:36,$ 3343.39,100
1315,09:50:36,$ 3343.39,100
1316,09:50:36,$ 3343.44,100
1317,09:50:36,$ 3344.335,"1,250"
1318,09:50:34,$ 3343.86,100
1319,09:50:33,$ 3345.28,100
1320,09:50:32,$ 3344.80,300
1321,09:50:31,$ 3345.815,100
1322,09:50:30,$ 3345.5458,200
1324,09:50:30,$ 3345.40,100
1325,09:50:28,$ 3345.67,103
1326,09:50:27,$ 3345.90,100
1327,09:50:27,$ 3346.00,100
1328,09:50:27,$ 3345.60,100
1329,09:50:27,$ 3345.60,100
1330,09:50:27,$ 3345.60,105
1331,09:50:27,$ 3345.315,125
1332,09:50:27,$ 3345.60,125
1333,09:50:26,$ 3345.00,100
1334,09:50:26,$ 3345.00,100
1335,09:50:26,$ 3344.44,101
1336,09:50:26,$ 3344.44,100
1337,09:50:26,$ 3344.32,100
1338,09:50:24,$ 3343.448,100
1339,09:50:24,$ 3343.11,100
1340,09:50:24,$ 3343.11,104
1341,09:50:24,$ 3343.10,100
1342,09:50:24,$ 3343.085,100
1343,09:50:24,$ 3343.85,100
1345,09:50:24,$ 3343.89,100
1346,09:50:24,$ 3343.69,100
1347,09:50:23,$ 3342.52,115
1348,09:50:21,$ 3342.30,100
1349,09:50:18,$ 3342.23,100
1350,09:50:17,$ 3341.40,100
1351,09:50:17,$ 3341.52,100
1352,09:50:17,$ 3341.52,100
1353,09:50:17,$ 3340.76,109
1354,09:50:17,$ 3340.86,100
1355,09:50:16,$ 3341.30,100
1356,09:50:16,$ 3341.07,100
1357,09:50:16,$ 3341.17,100
1358,09:50:15,$ 3340.49,100
1359,09:50:15,$ 3339.65,100
1360,09:50:15,$ 3339.65,100
1361,09:50:15,$ 3339.65,100
1362,09:50:14,$ 3338.245,100
1363,09:50:14,$ 3338.492,100
1364,09:50:14,$ 3338.48,100
1366,09:50:13,$ 3337.615,100
1367,09:50:12,$ 3337.825,100
1368,09:50:12,$ 3337.17,100
1369,09:50:12,$ 3337.825,100
1370,09:50:12,$ 3337.02,100
1371,09:50:12,$ 3337.00,100
1372,09:50:11,$ 3338.975,100
1373,09:50:10,$ 3338.27,100
1374,09:50:09,$ 3338.31,100
1375,09:50:09,$ 3338.61,100
1376,09:50:09,$ 3338.975,200
1377,09:50:09,$ 3338.20,100
1378,09:50:07,$ 3339.02,100
1379,09:50:07,$ 3338.43,100
1380,09:50:07,$ 3338.79,100
1381,09:50:07,$ 3338.79,100
1382,09:50:07,$ 3339.72,100
1383,09:50:07,$ 3339.9099,"1,250"
1384,09:50:07,$ 3339.7887,100
1385,09:50:06,$ 3338.61,150
1387,09:50:05,$ 3339.20,100
1388,09:50:05,$ 3339.275,100
1389,09:50:05,$ 3339.54,100
1390,09:50:05,$ 3339.435,100
1391,09:50:05,$ 3339.30,100
1392,09:50:05,$ 3339.31,100
1393,09:50:03,$ 3339.22,100
1394,09:50:03,$ 3338.60,500
1395,09:50:02,$ 3338.77,100
1396,09:50:02,$ 3337.51,100
1397,09:50:02,$ 3337.50,100
1398,09:50:02,$ 3338.00,100
1399,09:50:02,$ 3338.02,100
1400,09:50:00,$ 3338.04,100
1401,09:50:00,$ 3337.6601,700
1402,09:49:59,$ 3338.21,100
1403,09:49:59,$ 3338.20,100
1404,09:49:59,$ 3338.02,100
1405,09:49:56,$ 3338.475,125
1406,09:49:55,$ 3339.97,100
1408,09:49:55,$ 3338.485,100
1409,09:49:55,$ 3338.59,100
1410,09:49:52,$ 3339.085,100
1411,09:49:52,$ 3339.7633,150
1412,09:49:50,$ 3339.91,100
1413,09:49:50,$ 3339.195,100
1414,09:49:50,$ 3340.48,100
1415,09:49:50,$ 3338.11,100
1416,09:49:50,$ 3338.205,100
1417,09:49:50,$ 3338.14,100
1418,09:49:50,$ 3340.835,100
1419,09:49:50,$ 3338.22,100
1420,09:49:50,$ 3338.225,100
1421,09:49:50,$ 3338.26,100
1422,09:49:50,$ 3338.87,100
1423,09:49:50,$ 3339.935,100
1424,09:49:50,$ 3340.12,100
1425,09:49:50,$ 3340.55,100
1426,09:49:50,$ 3340.54,100
1427,09:49:50,$ 3338.55,100
1429,09:49:50,$ 3338.40,100
1430,09:49:49,$ 3336.61,100
1431,09:49:49,$ 3338.0249,225
1432,09:49:48,$ 3337.31,100
1433,09:49:46,$ 3336.70,100
1434,09:49:46,$ 3336.625,100
1435,09:49:46,$ 3336.50,100
1436,09:49:46,$ 3336.28,100
1437,09:49:46,$ 3336.50,100
1438,09:49:46,$ 3336.23,100
1439,09:49:44,$ 3337.58,100
1440,09:49:43,$ 3337.24,100
1441,09:49:43,$ 3337.21,100
1442,09:49:43,$ 3337.30,100
1443,09:49:40,$ 3337.61,100
1444,09:49:40,$ 3338.6242,100
1445,09:49:39,$ 3338.98,100
1446,09:49:37,$ 3338.7569,150
1447,09:49:36,$ 3338.10,100
1448,09:49:35,$ 3338.59,100
1450,09:49:34,$ 3338.54,100
1451,09:49:34,$ 3338.50,100
1452,09:49:33,$ 3337.60,100
1453,09:49:33,$ 3337.601,100
1454,09:49:33,$ 3337.652,100
1455,09:49:33,$ 3337.61,100
1456,09:49:33,$ 3339.49,100
1457,09:49:32,$ 3339.19,"1,250"
1458,09:49:31,$ 3339.50,100
1459,09:49:31,$ 3339.99,300
1460,09:49:30,$ 3340.22,100
1461,09:49:30,$ 3341.8699,100
1462,09:49:29,$ 3341.433,100
1463,09:49:29,$ 3340.56,100
1464,09:49:25,$ 3340.145,100
1465,09:49:24,$ 3341.02,100
1466,09:49:22,$ 3340.18,100
1467,09:49:22,$ 3340.59,100
1468,09:49:22,$ 3340.0511,200
1469,09:49:21,$ 3340.00,100
1471,09:49:18,$ 3339.82,100
1472,09:49:18,$ 3340.00,100
1473,09:49:18,$ 3340.00,113
1474,09:49:18,$ 3340.00,117
1475,09:49:17,$ 3340.12,100
1476,09:49:16,$ 3340.03,100
1477,09:49:16,$ 3340.00,100
1478,09:49:16,$ 3340.585,100
1479,09:49:16,$ 3340.08,100
1480,09:49:16,$ 3340.03,100
1481,09:49:16,$ 3340.775,200
1482,09:49:14,$ 3340.775,100
1483,09:49:12,$ 3341.32,100
1484,09:49:10,$ 3341.32,100
1485,09:49:10,$ 3341.40,100
1486,09:49:10,$ 3341.33,100
1487,09:49:08,$ 3342.09,100
1488,09:49:08,$ 3342.30,100
1489,09:49:07,$ 3341.955,100
1490,09:49:06,$ 3342.16,200
1492,09:49:05,$ 3340.51,100
1493,09:49:04,$ 3339.7516,250
1494,09:49:04,$ 3339.475,100
1495,09:49:04,$ 3339.30,100
1496,09:49:03,$ 3338.89,100
1497,09:49:02,$ 3338.10,100
1498,09:49:01,$ 3339.9099,130
1499,09:49:01,$ 3339.37,100
1500,09:49:01,$ 3339.03,100
1501,09:49:00,$ 3340.00,494
1502,09:49:00,$ 3339.50,100
1503,09:49:00,$ 3339.37,100
1504,09:49:00,$ 3339.34,100
1505,09:49:00,$ 3340.00,100
1506,09:49:00,$ 3340.00,"1,845"
1507,09:49:00,$ 3340.00,100
1508,09:49:00,$ 3340.00,100
1509,09:49:00,$ 3340.00,245
1510,09:49:00,$ 3340.00,100
1511,09:49:00,$ 3340.00,100
1513,09:49:00,$ 3340.00,598
1514,09:49:00,$ 3340.55,100
1515,09:48:57,$ 3340.2801,200
1516,09:48:56,$ 3340.55,100
1517,09:48:56,$ 3341.305,100
1518,09:48:56,$ 3341.25,100
1519,09:48:56,$ 3341.305,950
1520,09:48:56,$ 3341.17,100
1521,09:48:55,$ 3341.45,100
1522,09:48:54,$ 3341.9808,699
1523,09:48:54,$ 3341.98,200
1524,09:48:54,$ 3341.98,344
1525,09:48:54,$ 3341.98,200
1526,09:48:53,$ 3342.46,100
1527,09:48:53,$ 3342.65,100
1528,09:48:53,$ 3342.71,100
1529,09:48:53,$ 3342.77,100
1530,09:48:53,$ 3342.00,100
1531,09:48:52,$ 3342.00,100
1532,09:48:52,$ 3341.99,100
1534,09:48:52,$ 3342.00,100
1535,09:48:52,$ 3341.45,100
1536,09:48:50,$ 3341.12,128
1537,09:48:50,$ 3341.13,100
1538,09:48:50,$ 3341.13,100
1539,09:48:49,$ 3340.0001,100
1540,09:48:47,$ 3341.30,100
1541,09:48:46,$ 3341.30,100
1542,09:48:44,$ 3341.22,100
1543,09:48:44,$ 3341.22,100
1544,09:48:43,$ 3341.99,100
1545,09:48:42,$ 3341.99,100
1546,09:48:41,$ 3342.03,250
1547,09:48:41,$ 3341.99,600
1548,09:48:41,$ 3341.99,495
1549,09:48:40,$ 3341.92,100
1550,09:48:40,$ 3342.025,250
1551,09:48:38,$ 3342.445,200
1552,09:48:36,$ 3341.2105,100
1553,09:48:34,$ 3341.78,100
1555,09:48:34,$ 3341.78,100
1556,09:48:33,$ 3341.874,250
1557,09:48:33,$ 3342.015,150
1558,09:48:33,$ 3341.645,100
1559,09:48:32,$ 3342.38,100
1560,09:48:32,$ 3342.38,100
1561,09:48:32,$ 3341.88,125
1562,09:48:32,$ 3341.88,100
1563,09:48:31,$ 3341.50,100
1564,09:48:30,$ 3341.01,100
1565,09:48:30,$ 3341.00,100
1566,09:48:30,$ 3342.00,100
1567,09:48:29,$ 3341.3079,100
1568,09:48:27,$ 3342.00,100
1569,09:48:27,$ 3341.91,100
1570,09:48:27,$ 3341.675,100
1571,09:48:27,$ 3342.005,200
1572,09:48:27,$ 3341.70,100
1573,09:48:27,$ 3341.65,100
1574,09:48:27,$ 3341.65,100
1576,09:48:27,$ 3342.02,190
1577,09:48:26,$ 3342.02,150
1578,09:48:26,$ 3342.50,100
1579,09:48:25,$ 3342.30,100
1580,09:48:25,$ 3342.30,100
1581,09:48:25,$ 3344.04,200
1582,09:48:25,$ 3343.0801,"1,250"
1583,09:48:25,$ 3343.4381,100
1584,09:48:24,$ 3344.70,100
1585,09:48:24,$ 3343.0001,100
1586,09:48:23,$ 3343.2068,250
1587,09:48:22,$ 3344.64,100
1588,09:48:21,$ 3344.99,100
1589,09:48:19,$ 3344.825,100
1590,09:48:19,$ 3344.5853,"2,000"
1591,09:48:19,$ 3344.782,100
1592,09:48:19,$ 3345.15,100
1593,09:48:18,$ 3344.84,100
1594,09:48:18,$ 3345.05,100
1595,09:48:17,$ 3345.05,100
1597,09:48:17,$ 3345.14,100
1598,09:48:17,$ 3345.19,100
1599,09:48:16,$ 3345.60,100
1600,09:48:16,$ 3345.9999,100
1601,09:48:15,$ 3344.995,100
1602,09:48:15,$ 3345.50,100
1603,09:48:15,$ 3345.22,100
1604,09:48:15,$ 3345.03,"1,250"
1605,09:48:15,$ 3345.06,100
1606,09:48:15,$ 3344.98,100
1607,09:48:15,$ 3345.00,112
1608,09:48:14,$ 3345.00,100
1609,09:48:14,$ 3345.284,250
1610,09:48:14,$ 3345.28,100
1611,09:48:13,$ 3345.2475,100
1612,09:48:13,$ 3344.60,100
1613,09:48:13,$ 3345.16,100
1614,09:48:13,$ 3345.16,100
1615,09:48:13,$ 3345.05,100
1616,09:48:13,$ 3344.985,100
1618,09:48:13,$ 3345.00,100
1619,09:48:13,$ 3344.95,100
1620,09:48:13,$ 3344.3076,100
1621,09:48:12,$ 3345.9999,250
1622,09:48:12,$ 3345.72,100
1623,09:48:12,$ 3344.01,100
1624,09:48:12,$ 3345.07,100
1625,09:48:12,$ 3344.22,100
1626,09:48:12,$ 3343.93,100
1627,09:48:12,$ 3345.33,100
1628,09:48:11,$ 3346.22,100
1629,09:48:11,$ 3346.51,100
1630,09:48:11,$ 3346.51,100
1631,09:48:11,$ 3346.51,100
1632,09:48:11,$ 3346.51,100
1633,09:48:11,$ 3346.51,100
1634,09:48:10,$ 3346.70,100
1635,09:48:10,$ 3346.768,100
1636,09:48:10,$ 3346.23,100
1637,09:48:10,$ 3346.19,100
1639,09:48:10,$ 3345.76,100
1640,09:48:10,$ 3346.18,100
1641,09:48:10,$ 3346.166,100
1642,09:48:10,$ 3345.61,200
1643,09:48:04,$ 3344.40,120
1644,09:48:03,$ 3346.3099,100
1645,09:48:03,$ 3346.31,100
1646,09:48:01,$ 3345.48,100
1647,09:48:00,$ 3345.13,100
1648,09:47:59,$ 3346.12,100
1649,09:47:58,$ 3346.14,100
1650,09:47:58,$ 3345.895,100
1651,09:47:54,$ 3344.565,100
1652,09:47:54,$ 3344.59,216
1653,09:47:54,$ 3344.60,126
1654,09:47:53,$ 3343.035,100
1655,09:47:52,$ 3343.205,100
1656,09:47:52,$ 3343.81,299
1657,09:47:51,$ 3343.60,100
1658,09:47:51,$ 3343.02,100
1660,09:47:51,$ 3343.01,100
1661,09:47:50,$ 3343.20,100
1662,09:47:50,$ 3343.81,100
1663,09:47:50,$ 3343.78,100
1664,09:47:50,$ 3343.80,100
1665,09:47:50,$ 3343.61,100
1666,09:47:50,$ 3343.52,100
1667,09:47:50,$ 3343.6101,250
1668,09:47:50,$ 3344.63,200
1669,09:47:49,$ 3344.605,100
1670,09:47:48,$ 3345.05,100
1671,09:47:48,$ 3345.23,100
1672,09:47:48,$ 3345.36,100
1673,09:47:48,$ 3345.65,181
1674,09:47:48,$ 3345.35,100
1675,09:47:48,$ 3346.00,196
1676,09:47:48,$ 3346.00,107
1677,09:47:48,$ 3346.30,100
1678,09:47:48,$ 3347.33,100
1679,09:47:48,$ 3347.53,100
1681,09:47:47,$ 3349.80,100
1682,09:47:45,$ 3348.5423,100
1683,09:47:45,$ 3348.97,300
1684,09:47:45,$ 3349.4639,100
1685,09:47:44,$ 3348.86,100
1686,09:47:43,$ 3348.97,100
1687,09:47:42,$ 3348.24,100
1688,09:47:42,$ 3348.23,100
1689,09:47:40,$ 3349.76,100
1690,09:47:40,$ 3350.00,137
1691,09:47:40,$ 3349.50,100
1692,09:47:40,$ 3348.264,209
1693,09:47:40,$ 3348.135,200
1694,09:47:39,$ 3348.40,100
1695,09:47:39,$ 3348.36,100
1696,09:47:39,$ 3348.52,100
1697,09:47:39,$ 3349.61,100
1698,09:47:39,$ 3349.15,100
1699,09:47:38,$ 3349.61,100
1700,09:47:38,$ 3349.031,100
1702,09:47:38,$ 3349.031,100
1703,09:47:38,$ 3349.62,100
1704,09:47:38,$ 3348.26,150
1705,09:47:38,$ 3349.989,100
1706,09:47:38,$ 3350.00,200
1707,09:47:38,$ 3350.00,322
1708,09:47:38,$ 3350.00,100
1709,09:47:38,$ 3349.80,100
1710,09:47:38,$ 3349.90,100
1711,09:47:38,$ 3348.58,100
1712,09:47:38,$ 3348.80,100
1713,09:47:38,$ 3348.97,100
1714,09:47:38,$ 3347.95,100
1715,09:47:38,$ 3348.00,100
1716,09:47:38,$ 3347.387,100
1717,09:47:38,$ 3347.387,100
1718,09:47:37,$ 3347.48,100
1719,09:47:36,$ 3347.205,100
1720,09:47:35,$ 3346.3442,100
1721,09:47:35,$ 3347.00,100
1723,09:47:35,$ 3347.00,100
1724,09:47:35,$ 3347.00,100
1725,09:47:34,$ 3347.02,100
1726,09:47:34,$ 3347.50,200
1727,09:47:33,$ 3347.49,100
1728,09:47:33,$ 3347.50,600
1729,09:47:32,$ 3347.34,136
1730,09:47:31,$ 3347.22,100
1731,09:47:31,$ 3346.74,100
1732,09:47:31,$ 3346.74,100
1733,09:47:30,$ 3346.00,400
1734,09:47:30,$ 3345.12,100
1735,09:47:30,$ 3344.065,100
1736,09:47:29,$ 3344.065,100
1737,09:47:28,$ 3344.325,100
1738,09:47:27,$ 3343.712,100
1739,09:47:27,$ 3344.63,100
1740,09:47:27,$ 3344.045,100
1741,09:47:27,$ 3345.00,100
1742,09:47:27,$ 3345.03,100
1744,09:47:27,$ 3345.00,100
1745,09:47:27,$ 3345.00,100
1746,09:47:27,$ 3345.00,100
1747,09:47:27,$ 3345.00,100
1748,09:47:27,$ 3345.62,100
1749,09:47:26,$ 3345.2183,100
1750,09:47:26,$ 3345.31,100
1751,09:47:26,$ 3346.05,100
1752,09:47:24,$ 3345.815,100
1753,09:47:24,$ 3347.555,100
1754,09:47:24,$ 3347.30,100
1755,09:47:24,$ 3347.01,100
1756,09:47:24,$ 3346.26,100
1757,09:47:24,$ 3346.90,100
1758,09:47:24,$ 3347.055,100
1759,09:47:23,$ 3346.99,100
1760,09:47:22,$ 3347.00,100
1761,09:47:22,$ 3346.50,100
1762,09:47:22,$ 3347.02,100
1763,09:47:21,$ 3346.935,100
1765,09:47:21,$ 3345.72,100
1766,09:47:20,$ 3346.71,100
1767,09:47:20,$ 3345.82,100
1768,09:47:20,$ 3346.635,100
1769,09:47:18,$ 3346.05,100
1770,09:47:16,$ 3345.69,100
1771,09:47:16,$ 3346.9999,200
1772,09:47:14,$ 3345.50,100
1773,09:47:12,$ 3344.505,100
1774,09:47:12,$ 3343.9969,100
1775,09:47:11,$ 3343.4509,100
1776,09:47:10,$ 3345.05,100
1777,09:47:10,$ 3345.00,111
1778,09:47:09,$ 3345.61,100
1779,09:47:09,$ 3346.23,100
1780,09:47:09,$ 3346.21,100
1781,09:47:09,$ 3346.62,100
1782,09:47:09,$ 3347.37,118
1783,09:47:09,$ 3347.11,100
1784,09:47:09,$ 3347.485,100
1786,09:47:09,$ 3347.51,100
1787,09:47:09,$ 3347.51,100
1788,09:47:09,$ 3347.46,100
1789,09:47:09,$ 3347.98,100
1790,09:47:09,$ 3348.21,100
1791,09:47:09,$ 3348.475,100
1792,09:47:08,$ 3348.43,100
1793,09:47:08,$ 3348.00,100
1794,09:47:08,$ 3347.90,100
1795,09:47:08,$ 3347.90,100
1796,09:47:08,$ 3347.90,100
1797,09:47:08,$ 3347.90,100
1798,09:47:08,$ 3348.14,100
1799,09:47:07,$ 3348.0003,100
1800,09:47:06,$ 3349.00,100
1801,09:47:06,$ 3348.665,100
1802,09:47:06,$ 3348.665,100
1803,09:47:05,$ 3348.2575,100
1804,09:47:05,$ 3348.615,100
1805,09:47:05,$ 3347.90,100
1807,09:47:05,$ 3348.80,100
1808,09:47:04,$ 3347.90,100
1809,09:47:04,$ 3347.91,100
1810,09:47:03,$ 3348.825,100
1811,09:47:03,$ 3349.575,100
1812,09:47:03,$ 3349.61,100
1813,09:47:03,$ 3348.25,100
1814,09:47:03,$ 3348.80,100
1815,09:47:03,$ 3348.80,200
1816,09:47:02,$ 3348.70,100
1817,09:47:02,$ 3348.29,100
1818,09:47:02,$ 3348.80,100
1819,09:47:02,$ 3348.35,100
1820,09:47:01,$ 3348.42,100
1821,09:47:01,$ 3348.00,212
1822,09:47:01,$ 3347.90,100
1823,09:47:01,$ 3347.50,100
1824,09:47:01,$ 3347.50,100
1825,09:47:01,$ 3347.29,100
1826,09:47:01,$ 3346.05,100
1828,09:47:00,$ 3346.46,100
1829,09:47:00,$ 3346.46,100
1830,09:47:00,$ 3345.43,100
1831,09:46:59,$ 3345.43,100
1832,09:46:59,$ 3347.06,100
1833,09:46:58,$ 3346.465,300
1834,09:46:58,$ 3347.2455,100
1835,09:46:57,$ 3345.43,100
1836,09:46:57,$ 3346.02,100
1837,09:46:57,$ 3345.43,100
1838,09:46:56,$ 3345.86,100
1839,09:46:56,$ 3345.60,100
1840,09:46:56,$ 3345.01,100
1841,09:46:56,$ 3345.60,100
1842,09:46:56,$ 3345.92,100
1843,09:46:56,$ 3345.92,100
1844,09:46:55,$ 3345.78,100
1845,09:46:55,$ 3344.715,100
1846,09:46:54,$ 3345.25,100
1847,09:46:54,$ 3345.43,100
1849,09:46:54,$ 3345.753,100
1850,09:46:54,$ 3345.744,100
1851,09:46:53,$ 3345.385,500
1852,09:46:53,$ 3345.00,105
1853,09:46:52,$ 3344.615,100
1854,09:46:51,$ 3345.00,100
1855,09:46:51,$ 3345.00,100
1856,09:46:51,$ 3345.00,100
1857,09:46:51,$ 3345.00,181
1858,09:46:51,$ 3344.145,100
1859,09:46:50,$ 3343.795,100
1860,09:46:50,$ 3344.06,100
1861,09:46:49,$ 3342.565,100
1862,09:46:49,$ 3342.61,100
1863,09:46:48,$ 3344.38,100
1864,09:46:48,$ 3345.01,100
1865,09:46:46,$ 3345.34,100
1866,09:46:46,$ 3344.405,100
1867,09:46:46,$ 3344.61,100
1868,09:46:45,$ 3345.26,119
1870,09:46:45,$ 3344.96,100
1871,09:46:45,$ 3344.6538,100
1872,09:46:44,$ 3345.30,100
1873,09:46:43,$ 3344.79,100
1874,09:46:43,$ 3345.5437,100
1875,09:46:43,$ 3345.4599,100
1876,09:46:42,$ 3345.63,100
1877,09:46:42,$ 3345.59,100
1878,09:46:41,$ 3346.035,100
1879,09:46:41,$ 3346.46,100
1880,09:46:41,$ 3345.7475,100
1881,09:46:41,$ 3345.01,100
1882,09:46:41,$ 3347.60,150
1883,09:46:40,$ 3347.0425,100
1884,09:46:40,$ 3347.73,100
1885,09:46:40,$ 3347.81,100
1886,09:46:40,$ 3348.23,100
1887,09:46:40,$ 3347.01,200
1888,09:46:39,$ 3347.625,100
1889,09:46:39,$ 3347.635,200
1891,09:46:39,$ 3347.01,100
1892,09:46:39,$ 3347.06,100
1893,09:46:39,$ 3347.94,100
1894,09:46:39,$ 3347.99,100
1895,09:46:38,$ 3348.075,100
1896,09:46:38,$ 3348.08,100
1897,09:46:38,$ 3348.10,100
1898,09:46:38,$ 3348.4675,400
1899,09:46:38,$ 3347.94,100
1900,09:46:37,$ 3347.06,100
1901,09:46:37,$ 3348.80,100
1902,09:46:37,$ 3348.82,227
1903,09:46:37,$ 3348.82,188
1904,09:46:37,$ 3347.06,100
1905,09:46:35,$ 3347.94,100
1906,09:46:34,$ 3348.80,100
1907,09:46:34,$ 3347.44,100
1908,09:46:33,$ 3348.00,100
1909,09:46:33,$ 3346.48,100
1910,09:46:32,$ 3347.805,100
1912,09:46:31,$ 3346.6436,100
1913,09:46:28,$ 3347.292,100
1914,09:46:28,$ 3347.288,100
1915,09:46:27,$ 3347.024,100
1916,09:46:24,$ 3345.45,100
1917,09:46:24,$ 3345.891,100
1918,09:46:23,$ 3346.50,100
1919,09:46:23,$ 3345.4052,200
1920,09:46:23,$ 3347.16,100
1921,09:46:23,$ 3348.00,200
1922,09:46:22,$ 3346.50,100
1923,09:46:21,$ 3346.506,250
1924,09:46:21,$ 3344.6719,500
1925,09:46:19,$ 3346.86,100
1926,09:46:19,$ 3344.3801,100
1927,09:46:19,$ 3348.6199,100
1928,09:46:19,$ 3344.9443,248
1929,09:46:19,$ 3348.62,400
1930,09:46:19,$ 3346.46,100
1931,09:46:17,$ 3346.83,100
1933,09:46:17,$ 3348.34,100
1934,09:46:16,$ 3345.995,100
1935,09:46:16,$ 3345.70,100
1936,09:46:16,$ 3346.73,200
1937,09:46:15,$ 3348.37,100
1938,09:46:15,$ 3347.9693,625
1939,09:46:15,$ 3346.965,100
1940,09:46:14,$ 3346.98,100
1941,09:46:13,$ 3346.95,100
1942,09:46:13,$ 3346.95,100
1943,09:46:13,$ 3346.735,200
1944,09:46:13,$ 3346.25,100
1945,09:46:13,$ 3345.82,100
1946,09:46:13,$ 3344.91,100
1947,09:46:12,$ 3344.62,100
1948,09:46:12,$ 3344.61,100
1949,09:46:12,$ 3344.62,100
1950,09:46:12,$ 3344.64,100
1951,09:46:12,$ 3344.52,100
1952,09:46:12,$ 3343.99,100
1954,09:46:11,$ 3343.9855,100
1955,09:46:11,$ 3343.265,200
1956,09:46:10,$ 3343.435,100
1957,09:46:10,$ 3343.56,100
1958,09:46:10,$ 3343.54,100
1959,09:46:10,$ 3343.62,100
1960,09:46:10,$ 3343.72,100
1961,09:46:10,$ 3343.75,100
1962,09:46:10,$ 3342.98,100
1963,09:46:10,$ 3341.97,500
1964,09:46:09,$ 3342.74,100
1965,09:46:08,$ 3343.9899,100
1966,09:46:08,$ 3343.30,100
1967,09:46:08,$ 3342.92,100
1968,09:46:08,$ 3342.81,100
1969,09:46:08,$ 3342.22,100
1970,09:46:08,$ 3343.00,200
1971,09:46:08,$ 3343.12,113
1972,09:46:08,$ 3343.12,115
1973,09:46:07,$ 3343.00,213
1975,09:46:07,$ 3342.385,100
1976,09:46:06,$ 3342.48,100
1977,09:46:06,$ 3341.59,100
1978,09:46:05,$ 3340.81,100
1979,09:46:05,$ 3341.61,100
1980,09:46:04,$ 3341.1095,484
1981,09:46:04,$ 3341.27,100
1982,09:46:04,$ 3341.24,100
1983,09:46:04,$ 3341.36,100
1984,09:46:03,$ 3340.7175,100
1985,09:46:03,$ 3340.805,100
1986,09:46:02,$ 3340.0722,450
1987,09:46:02,$ 3340.0722,299
1988,09:46:02,$ 3340.64,100
1989,09:46:02,$ 3340.41,100
1990,09:46:02,$ 3340.01,100
1991,09:46:02,$ 3340.64,100
1992,09:46:02,$ 3340.07,100
1993,09:46:02,$ 3340.47,100
1994,09:46:02,$ 3340.64,100
1996,09:46:02,$ 3340.64,100
1997,09:46:01,$ 3339.835,100
1998,09:46:01,$ 3340.00,100
1999,09:46:01,$ 3339.95,100
2000,09:46:01,$ 3339.855,600
2001,09:46:00,$ 3339.68,100
2002,09:46:00,$ 3339.68,100
2003,09:46:00,$ 3339.778,500
2004,09:45:59,$ 3339.67,100
2005,09:45:59,$ 3339.95,100
2006,09:45:59,$ 3339.66,100
2007,09:45:59,$ 3339.66,100
2008,09:45:59,$ 3339.66,100
2009,09:45:59,$ 3339.40,100
2010,09:45:59,$ 3340.05,100
2011,09:45:59,$ 3340.354,100
2012,09:45:59,$ 3340.15,100
2013,09:45:58,$ 3340.83,100
2014,09:45:58,$ 3340.66,100
2015,09:45:58,$ 3340.61,100
2017,09:45:58,$ 3340.84,100
2018,09:45:58,$ 3340.875,100
2019,09:45:58,$ 3340.94,100
2020,09:45:57,$ 3340.76,100
2021,09:45:57,$ 3340.77,100
2022,09:45:57,$ 3340.36,100
2023,09:45:57,$ 3341.02,100
2024,09:45:56,$ 3341.54,100
2025,09:45:56,$ 3341.54,100
2026,09:45:55,$ 3341.54,100
2027,09:45:55,$ 3341.54,100
2028,09:45:53,$ 3341.11,100
2029,09:45:53,$ 3341.11,"1,000"
2030,09:45:52,$ 3341.54,100
2031,09:45:51,$ 3341.88,100
2032,09:45:51,$ 3341.88,100
2033,09:45:51,$ 3340.54,100
2034,09:45:51,$ 3340.47,100
2035,09:45:51,$ 3341.225,100
2036,09:45:50,$ 3341.26,100
2038,09:45:50,$ 3341.09,100
2039,09:45:50,$ 3340.745,100
2040,09:45:50,$ 3341.693,100
2041,09:45:50,$ 3341.88,100
2042,09:45:50,$ 3341.87,100
2043,09:45:50,$ 3341.88,100
2044,09:45:50,$ 3340.85,100
2045,09:45:50,$ 3340.89,100
2046,09:45:50,$ 3341.22,100
2047,09:45:50,$ 3341.26,100
2048,09:45:50,$ 3341.63,100
2049,09:45:50,$ 3341.68,100
2050,09:45:50,$ 3341.77,100
2051,09:45:50,$ 3341.88,100
2052,09:45:50,$ 3341.88,100
2053,09:45:50,$ 3341.88,189
2054,09:45:50,$ 3341.27,100
2055,09:45:50,$ 3341.87,100
2056,09:45:50,$ 3340.00,266
2057,09:45:50,$ 3340.00,234
2059,09:45:50,$ 3340.35,100
2060,09:45:49,$ 3341.1025,100
2061,09:45:49,$ 3341.33,100
2062,09:45:49,$ 3342.275,100
2063,09:45:48,$ 3341.88,100
2064,09:45:48,$ 3343.00,100
2065,09:45:48,$ 3343.99,100
2066,09:45:48,$ 3343.89,296
2067,09:45:47,$ 3343.968,110
2068,09:45:45,$ 3342.59,100
2069,09:45:45,$ 3343.11,100
2070,09:45:44,$ 3343.41,200
2071,09:45:43,$ 3342.88,100
2072,09:45:43,$ 3343.49,100
2073,09:45:43,$ 3342.8725,100
2074,09:45:43,$ 3343.10,100
2075,09:45:43,$ 3343.03,100
2076,09:45:43,$ 3342.62,100
2077,09:45:42,$ 3343.55,100
2078,09:45:42,$ 3342.88,100
2080,09:45:41,$ 3342.385,500
2081,09:45:40,$ 3342.3675,100
2082,09:45:38,$ 3342.085,100
2083,09:45:38,$ 3342.24,100
2084,09:45:35,$ 3344.63,100
2085,09:45:35,$ 3343.43,100
2086,09:45:35,$ 3343.42,100
2087,09:45:35,$ 3343.42,100
2088,09:45:35,$ 3343.47,100
2089,09:45:34,$ 3344.2925,100
2090,09:45:34,$ 3344.2775,100
2091,09:45:33,$ 3343.98,100
2092,09:45:33,$ 3343.44,600
2093,09:45:32,$ 3343.95,100
2094,09:45:32,$ 3343.00,103
2095,09:45:32,$ 3342.78,100
2096,09:45:32,$ 3342.58,100
2097,09:45:31,$ 3341.655,100
2098,09:45:31,$ 3341.68,100
2099,09:45:31,$ 3341.68,100
2101,09:45:31,$ 3341.655,100
2102,09:45:31,$ 3341.47,100
2103,09:45:31,$ 3341.32,100
2104,09:45:29,$ 3341.68,100
2105,09:45:29,$ 3342.55,100
2106,09:45:26,$ 3342.1165,101
2107,09:45:26,$ 3342.58,100
2108,09:45:26,$ 3341.9537,543
2109,09:45:26,$ 3341.00,100
2110,09:45:26,$ 3341.15,100
2111,09:45:26,$ 3340.25,200
2112,09:45:26,$ 3340.788,100
2113,09:45:25,$ 3340.255,100
2114,09:45:25,$ 3340.00,100
2115,09:45:25,$ 3340.00,100
2116,09:45:25,$ 3340.00,100
2117,09:45:25,$ 3340.20,100
2118,09:45:25,$ 3340.565,100
2119,09:45:25,$ 3340.565,100
2120,09:45:25,$ 3340.02,100
2122,09:45:25,$ 3340.94,100
2123,09:45:25,$ 3340.13,100
2124,09:45:25,$ 3340.1225,100
2125,09:45:25,$ 3340.9625,100
2126,09:45:25,$ 3339.86,100
2127,09:45:25,$ 3340.00,100
2128,09:45:25,$ 3340.00,100
2129,09:45:25,$ 3340.00,104
2130,09:45:25,$ 3340.00,100
2131,09:45:24,$ 3339.59,100
2132,09:45:24,$ 3339.58,100
2133,09:45:24,$ 3338.83,100
2134,09:45:24,$ 3338.79,200
2135,09:45:24,$ 3338.78,100
2136,09:45:23,$ 3338.00,100
2137,09:45:23,$ 3337.935,100
2138,09:45:23,$ 3338.37,100
2139,09:45:23,$ 3338.37,100
2140,09:45:23,$ 3337.7925,100
2141,09:45:22,$ 3337.7079,500
2143,09:45:20,$ 3338.49,100
2144,09:45:20,$ 3338.52,100
2145,09:45:20,$ 3338.55,100
2146,09:45:19,$ 3338.42,100
2147,09:45:18,$ 3338.58,100
2148,09:45:18,$ 3338.79,100
2149,09:45:17,$ 3338.3625,100
2150,09:45:17,$ 3338.715,100
2151,09:45:17,$ 3337.935,100
2152,09:45:16,$ 3337.935,"1,250"
2153,09:45:15,$ 3337.935,"1,250"
2154,09:45:14,$ 3337.935,100
2155,09:45:11,$ 3338.7895,100
2156,09:45:10,$ 3337.7416,200
2157,09:45:09,$ 3337.41,100
2158,09:45:08,$ 3338.10,100
2159,09:45:07,$ 3335.94,100
2160,09:45:05,$ 3335.89,100
2161,09:45:05,$ 3336.34,100
2162,09:45:03,$ 3333.87,100
2164,09:45:03,$ 3333.865,100
2165,09:44:59,$ 3332.815,100
2166,09:44:58,$ 3332.235,100
2167,09:44:58,$ 3332.37,100
2168,09:44:58,$ 3332.88,108
2169,09:44:58,$ 3332.56,100
2170,09:44:58,$ 3332.515,100
2171,09:44:58,$ 3332.56,100
2172,09:44:58,$ 3332.28,100
2173,09:44:56,$ 3332.63,100
2174,09:44:53,$ 3334.20,100
2175,09:44:45,$ 3333.72,100
2176,09:44:44,$ 3332.99,100
2177,09:44:44,$ 3333.01,100
2178,09:44:44,$ 3333.0975,100
2179,09:44:44,$ 3333.99,100
2180,09:44:44,$ 3332.56,100
2181,09:44:44,$ 3333.00,100
2182,09:44:44,$ 3333.00,100
2183,09:44:44,$ 3333.00,271
2185,09:44:44,$ 3333.12,100
2186,09:44:44,$ 3333.625,100
2187,09:44:43,$ 3333.30,100
2188,09:44:43,$ 3333.5725,100
2189,09:44:42,$ 3333.10,100
2190,09:44:39,$ 3334.25,100
2191,09:44:38,$ 3333.17,100
2192,09:44:38,$ 3333.2225,100
2193,09:44:36,$ 3333.125,200
2194,09:44:35,$ 3333.125,150
2195,09:44:33,$ 3333.58,100
2196,09:44:30,$ 3334.25,100
2197,09:44:30,$ 3333.31,100
2198,09:44:29,$ 3332.74,100
2199,09:44:29,$ 3332.70,100
2200,09:44:29,$ 3332.74,100
2201,09:44:26,$ 3333.56,100
2202,09:44:24,$ 3333.7625,100
2203,09:44:24,$ 3333.795,100
2204,09:44:24,$ 3335.05,100
2206,09:44:24,$ 3335.00,500
2207,09:44:24,$ 3335.06,100
2208,09:44:24,$ 3335.00,100
2209,09:44:24,$ 3335.00,100
2210,09:44:23,$ 3335.00,250
2211,09:44:22,$ 3334.64,143
2212,09:44:22,$ 3334.63,100
2213,09:44:22,$ 3334.40,100
2214,09:44:22,$ 3334.37,100
2215,09:44:19,$ 3333.14,100
2216,09:44:16,$ 3331.40,100
2217,09:44:16,$ 3332.02,100
2218,09:44:16,$ 3332.49,100
2219,09:44:16,$ 3332.82,100
2220,09:44:16,$ 3332.97,100
2221,09:44:16,$ 3333.13,100
2222,09:44:16,$ 3333.21,100
2223,09:44:16,$ 3333.83,100
2224,09:44:16,$ 3334.23,100
2225,09:44:16,$ 3334.37,100
2227,09:44:16,$ 3334.66,100
2228,09:44:16,$ 3335.05,100
2229,09:44:16,$ 3335.00,112
2230,09:44:16,$ 3336.985,100
2231,09:44:14,$ 3337.752,100
2232,09:44:14,$ 3337.79,100
2233,09:44:14,$ 3338.00,200
2234,09:44:14,$ 3336.71,100
2235,09:44:14,$ 3335.86,100
2236,09:44:13,$ 3336.99,100
2237,09:44:12,$ 3335.99,140
2238,09:44:11,$ 3336.00,100
2239,09:44:10,$ 3335.065,200
2240,09:44:10,$ 3334.99,100
2241,09:44:09,$ 3333.44,100
2242,09:44:08,$ 3333.9725,100
2243,09:44:07,$ 3333.82,100
2244,09:44:07,$ 3333.12,122
2245,09:44:07,$ 3333.12,100
2246,09:44:07,$ 3333.33,100
2248,09:44:07,$ 3333.58,100
2249,09:44:07,$ 3333.56,100
2250,09:44:07,$ 3333.42,100
2251,09:44:06,$ 3333.019,107
2252,09:44:06,$ 3333.0302,100
2253,09:44:06,$ 3333.96,100
2254,09:44:06,$ 3333.59,100
2255,09:44:06,$ 3333.74,100
2256,09:44:06,$ 3333.72,100
2257,09:44:06,$ 3334.225,100
2258,09:44:06,$ 3334.29,100
2259,09:44:06,$ 3334.275,100
2260,09:44:05,$ 3333.5001,100
2261,09:44:05,$ 3335.20,100
2262,09:44:05,$ 3335.30,100
2263,09:44:05,$ 3335.02,100
2264,09:44:05,$ 3335.00,150
2265,09:44:05,$ 3335.87,100
2266,09:44:05,$ 3336.50,200
2267,09:44:05,$ 3335.55,100
2269,09:44:05,$ 3336.52,100
2270,09:44:05,$ 3336.53,100
2271,09:44:04,$ 3336.50,100
2272,09:44:04,$ 3336.50,100
2273,09:44:04,$ 3337.30,100
2274,09:44:03,$ 3338.81,100
2275,09:44:03,$ 3337.06,100
2276,09:44:03,$ 3337.02,100
2277,09:44:03,$ 3337.00,100
2278,09:44:03,$ 3337.00,100
2279,09:44:03,$ 3338.00,100
2280,09:44:03,$ 3337.52,100
2281,09:44:03,$ 3337.32,100
2282,09:44:03,$ 3337.0001,150
2283,09:44:03,$ 3338.99,100
2284,09:44:02,$ 3337.00,100
2285,09:44:02,$ 3338.08,100
2286,09:44:02,$ 3337.00,100
2287,09:44:01,$ 3338.22,100
2288,09:44:01,$ 3338.20,100
2290,09:44:01,$ 3338.20,109
2291,09:44:01,$ 3338.885,100
2292,09:44:01,$ 3339.02,100
2293,09:44:01,$ 3339.46,100
2294,09:44:00,$ 3339.79,100
2295,09:44:00,$ 3339.40,100
2296,09:44:00,$ 3339.02,100
2297,09:44:00,$ 3339.00,134
2298,09:44:00,$ 3339.10,100
2299,09:44:00,$ 3338.72,100
2300,09:44:00,$ 3338.69,100
2301,09:44:00,$ 3338.53,100
2302,09:44:00,$ 3338.52,100
2303,09:43:59,$ 3339.00,100
2304,09:43:58,$ 3339.00,100
2305,09:43:58,$ 3338.66,100
2306,09:43:58,$ 3338.54,100
2307,09:43:58,$ 3339.81,100
2308,09:43:58,$ 3339.29,100
2309,09:43:58,$ 3339.38,100
2311,09:43:57,$ 3338.07,100
2312,09:43:56,$ 3340.00,100
2313,09:43:54,$ 3340.75,100
2314,09:43:54,$ 3339.49,100
2315,09:43:53,$ 3339.82,100
2316,09:43:53,$ 3338.1519,110
2317,09:43:53,$ 3339.38,100
2318,09:43:52,$ 3339.03,100
2319,09:43:52,$ 3339.03,100
2320,09:43:52,$ 3339.05,100
2321,09:43:52,$ 3338.775,100
2322,09:43:52,$ 3339.09,100
2323,09:43:52,$ 3339.00,100
2324,09:43:52,$ 3339.00,100
2325,09:43:52,$ 3339.00,100
2326,09:43:52,$ 3339.00,100
2327,09:43:51,$ 3339.71,100
2328,09:43:50,$ 3340.00,100
2329,09:43:46,$ 3339.50,100
2330,09:43:46,$ 3340.00,100
2332,09:43:45,$ 3340.015,100
2333,09:43:45,$ 3340.03,100
2334,09:43:45,$ 3340.00,200
2335,09:43:45,$ 3340.00,146
2336,09:43:45,$ 3340.00,100
2337,09:43:45,$ 3340.02,100
2338,09:43:45,$ 3340.00,100
2339,09:43:44,$ 3340.00,100
2340,09:43:44,$ 3340.00,100
2341,09:43:43,$ 3340.00,200
2342,09:43:43,$ 3339.8502,100
2343,09:43:43,$ 3339.414,100
2344,09:43:43,$ 3340.00,100
2345,09:43:43,$ 3339.4362,100
2346,09:43:43,$ 3340.00,100
2347,09:43:43,$ 3339.71,100
2348,09:43:42,$ 3339.03,100
2349,09:43:42,$ 3340.00,100
2350,09:43:42,$ 3340.00,100
2351,09:43:41,$ 3338.92,100
2353,09:43:41,$ 3338.98,100
2354,09:43:41,$ 3339.00,192
2355,09:43:41,$ 3339.00,200
2356,09:43:41,$ 3339.00,100
2357,09:43:41,$ 3338.51,100
2358,09:43:36,$ 3337.65,100
2359,09:43:36,$ 3338.01,100
2360,09:43:36,$ 3338.14,100
2361,09:43:36,$ 3338.08,100
2362,09:43:36,$ 3338.06,100
2363,09:43:36,$ 3338.00,100
2364,09:43:36,$ 3338.01,100
2365,09:43:36,$ 3338.25,200
2366,09:43:34,$ 3338.61,100
2367,09:43:34,$ 3339.55,100
2368,09:43:33,$ 3339.55,100
2369,09:43:32,$ 3339.55,100
2370,09:43:32,$ 3339.49,100
2371,09:43:31,$ 3338.41,100
2372,09:43:30,$ 3338.39,100
2374,09:43:30,$ 3338.37,100
2375,09:43:29,$ 3338.982,127
2376,09:43:29,$ 3338.72,100
2377,09:43:27,$ 3338.71,130
2378,09:43:27,$ 3338.615,100
2379,09:43:27,$ 3338.49,100
2380,09:43:26,$ 3338.92,100
2381,09:43:23,$ 3338.36,100
2382,09:43:23,$ 3338.275,100
2383,09:43:23,$ 3337.61,100
2384,09:43:23,$ 3338.3595,100
2385,09:43:21,$ 3338.09,100
2386,09:43:20,$ 3336.82,100
2387,09:43:20,$ 3336.115,100
2388,09:43:20,$ 3336.6025,100
2389,09:43:20,$ 3337.43,100
2390,09:43:20,$ 3337.46,100
2391,09:43:19,$ 3337.45,100
2392,09:43:19,$ 3337.00,100
2393,09:43:19,$ 3337.00,100
2395,09:43:19,$ 3336.49,100
2396,09:43:18,$ 3335.99,100
2397,09:43:18,$ 3335.62,100
2398,09:43:16,$ 3335.36,100
2399,09:43:15,$ 3333.81,100
2400,09:43:15,$ 3334.04,100
2401,09:43:15,$ 3334.00,100
2402,09:43:14,$ 3336.2299,100
2403,09:43:14,$ 3335.115,100
2404,09:43:14,$ 3335.055,100
2405,09:43:14,$ 3335.06,100
2406,09:43:14,$ 3335.092,100
2407,09:43:14,$ 3335.104,100
2408,09:43:14,$ 3335.106,100
2409,09:43:12,$ 3337.19,100
2410,09:43:12,$ 3337.76,100
2411,09:43:12,$ 3337.76,100
2412,09:43:11,$ 3337.76,100
2413,09:43:08,$ 3336.29,100
2414,09:43:07,$ 3336.21,100
2416,09:43:07,$ 3335.545,200
2417,09:43:07,$ 3335.35,100
2418,09:43:07,$ 3336.31,100
2419,09:43:07,$ 3336.31,100
2420,09:43:07,$ 3336.34,100
2421,09:43:06,$ 3336.70,100
2422,09:43:06,$ 3336.76,100
2423,09:43:06,$ 3336.66,115
2424,09:43:06,$ 3336.28,100
2425,09:43:06,$ 3336.29,100
2426,09:43:06,$ 3335.545,200
2427,09:43:04,$ 3335.545,100
2428,09:43:02,$ 3333.7801,100
2429,09:43:01,$ 3335.43,100
2430,09:43:01,$ 3335.44,100
2431,09:43:00,$ 3334.93,100
2432,09:43:00,$ 3334.5013,116
2433,09:43:00,$ 3334.3914,100
2434,09:43:00,$ 3334.22,100
2435,09:42:59,$ 3334.89,100
2437,09:42:58,$ 3334.665,100
2438,09:42:58,$ 3334.89,100
2439,09:42:58,$ 3335.13,100
2440,09:42:58,$ 3334.65,100
2441,09:42:57,$ 3335.195,100
2442,09:42:56,$ 3335.465,100
2443,09:42:56,$ 3335.465,100
2444,09:42:53,$ 3334.86,100
2445,09:42:52,$ 3336.0999,100
2446,09:42:52,$ 3335.06,100
2447,09:42:50,$ 3336.22,100
2448,09:42:50,$ 3336.22,100
2449,09:42:50,$ 3335.60,100
2450,09:42:49,$ 3336.21,100
2451,09:42:49,$ 3336.71,100
2452,09:42:49,$ 3336.29,100
2453,09:42:49,$ 3336.21,100
2454,09:42:49,$ 3336.40,100
2455,09:42:48,$ 3337.0825,100
2456,09:42:48,$ 3337.145,100
2458,09:42:48,$ 3337.135,100
2459,09:42:48,$ 3334.49,200
2460,09:42:48,$ 3334.49,450
2461,09:42:48,$ 3335.98,181
2462,09:42:47,$ 3338.04,100
2463,09:42:47,$ 3337.92,100
2464,09:42:47,$ 3338.025,100
2465,09:42:47,$ 3338.04,100
2466,09:42:47,$ 3337.38,100
2467,09:42:47,$ 3338.00,100
2468,09:42:47,$ 3335.0101,"1,250"
2469,09:42:46,$ 3337.69,100
2470,09:42:46,$ 3336.905,100
2471,09:42:46,$ 3336.005,100
2472,09:42:46,$ 3336.35,200
2473,09:42:46,$ 3336.20,100
2474,09:42:46,$ 3336.15,100
2475,09:42:46,$ 3335.61,100
2476,09:42:46,$ 3336.065,100
2477,09:42:45,$ 3336.01,100
2479,09:42:45,$ 3335.98,143
2480,09:42:45,$ 3335.005,100
2481,09:42:45,$ 3335.19,100
2482,09:42:45,$ 3334.90,100
2483,09:42:45,$ 3334.89,100
2484,09:42:44,$ 3334.18,100
2485,09:42:44,$ 3334.859,182
2486,09:42:44,$ 3333.65,100
2487,09:42:44,$ 3333.60,100
2488,09:42:44,$ 3333.60,100
2489,09:42:44,$ 3333.60,100
2490,09:42:44,$ 3333.60,100
2491,09:42:43,$ 3332.98,100
2492,09:42:43,$ 3332.96,200
2493,09:42:43,$ 3332.23,200
2494,09:42:43,$ 3332.61,100
2495,09:42:43,$ 3332.97,100
2496,09:42:42,$ 3332.91,100
2497,09:42:42,$ 3331.99,100
2498,09:42:40,$ 3332.945,100
2500,09:42:40,$ 3332.83,100
2501,09:42:40,$ 3332.14,100
2502,09:42:39,$ 3332.72,100
2503,09:42:39,$ 3332.57,100
2504,09:42:39,$ 3332.67,100
2505,09:42:39,$ 3331.98,100
2506,09:42:39,$ 3331.94,100
2507,09:42:39,$ 3331.84,100
2508,09:42:39,$ 3331.72,100
2509,09:42:39,$ 3331.90,100
2510,09:42:39,$ 3330.995,100
2511,09:42:39,$ 3331.73,100
2512,09:42:39,$ 3331.79,100
2513,09:42:39,$ 3331.46,100
2514,09:42:38,$ 3331.78,100
2515,09:42:38,$ 3331.35,100
2516,09:42:38,$ 3330.21,100
2517,09:42:38,$ 3330.995,100
2518,09:42:38,$ 3331.775,100
2519,09:42:38,$ 3331.93,100
2521,09:42:36,$ 3330.255,100
2522,09:42:36,$ 3331.76,100
2523,09:42:35,$ 3330.81,100
2524,09:42:35,$ 3331.395,100
2525,09:42:34,$ 3331.90,200
2526,09:42:34,$ 3332.61,100
2527,09:42:34,$ 3332.56,100
2528,09:42:34,$ 3331.90,100
2529,09:42:34,$ 3331.00,100
2530,09:42:34,$ 3331.96,100
2531,09:42:34,$ 3331.93,100
2532,09:42:34,$ 3330.86,100
2533,09:42:33,$ 3331.00,100
2534,09:42:33,$ 3331.87,100
2535,09:42:33,$ 3331.98,100
2536,09:42:32,$ 3332.17,100
2537,09:42:31,$ 3332.59,100
2538,09:42:31,$ 3332.38,100
2539,09:42:30,$ 3332.80,100
2540,09:42:30,$ 3333.12,100
2542,09:42:30,$ 3332.51,100
2543,09:42:30,$ 3332.80,100
2544,09:42:28,$ 3332.84,100
2545,09:42:27,$ 3333.10,100
2546,09:42:26,$ 3332.2551,100
2547,09:42:26,$ 3332.855,100
2548,09:42:24,$ 3333.77,198
2549,09:42:24,$ 3333.865,100
2550,09:42:24,$ 3333.79,500
2551,09:42:24,$ 3333.97,100
2552,09:42:24,$ 3333.98,100
2553,09:42:24,$ 3333.85,100
2554,09:42:22,$ 3333.73,100
2555,09:42:22,$ 3333.73,100
2556,09:42:22,$ 3333.00,100
2557,09:42:22,$ 3332.96,100
2558,09:42:22,$ 3333.00,100
2559,09:42:22,$ 3333.00,100
2560,09:42:22,$ 3333.00,100
2561,09:42:22,$ 3332.23,100
2563,09:42:20,$ 3332.94,100
2564,09:42:19,$ 3331.38,100
2565,09:42:19,$ 3331.78,100
2566,09:42:19,$ 3327.0001,100
2567,09:42:19,$ 3332.725,100
2568,09:42:19,$ 3331.74,100
2569,09:42:19,$ 3331.76,100
2570,09:42:19,$ 3331.74,100
2571,09:42:19,$ 3331.76,100
2572,09:42:19,$ 3331.755,100
2573,09:42:19,$ 3331.765,100
2574,09:42:19,$ 3327.0001,100
2575,09:42:19,$ 3331.91,100
2576,09:42:19,$ 3331.99,100
2577,09:42:19,$ 3332.00,100
2578,09:42:19,$ 3332.00,100
2579,09:42:19,$ 3330.00,600
2580,09:42:19,$ 3329.99,100
2581,09:42:19,$ 3330.00,242
2582,09:42:19,$ 3330.00,100
2584,09:42:19,$ 3329.98,141
2585,09:42:18,$ 3329.6799,100
2586,09:42:18,$ 3329.465,"1,250"
2587,09:42:18,$ 3329.77,100
2588,09:42:18,$ 3328.9401,140
2589,09:42:18,$ 3329.77,100
2590,09:42:18,$ 3329.77,100
2591,09:42:17,$ 3329.44,100
2592,09:42:17,$ 3328.415,100
2593,09:42:17,$ 3328.20,194
2594,09:42:15,$ 3327.81,100
2595,09:42:15,$ 3328.13,100
2596,09:42:15,$ 3328.20,100
2597,09:42:15,$ 3328.14,100
2598,09:42:14,$ 3327.15,100
2599,09:42:14,$ 3327.25,100
2600,09:42:14,$ 3327.34,100
2601,09:42:14,$ 3327.34,100
2602,09:42:13,$ 3325.85,100
2603,09:42:13,$ 3325.88,100
2605,09:42:13,$ 3326.42,100
2606,09:42:13,$ 3326.51,100
2607,09:42:13,$ 3326.82,100
2608,09:42:13,$ 3326.91,100
2609,09:42:13,$ 3326.014,200
2610,09:42:13,$ 3325.315,100
2611,09:42:13,$ 3325.60,100
2612,09:42:13,$ 3325.64,100
2613,09:42:13,$ 3325.52,100
2614,09:42:13,$ 3326.04,100
2615,09:42:13,$ 3325.64,100
2616,09:42:13,$ 3326.00,100
2617,09:42:13,$ 3326.12,100
2618,09:42:12,$ 3324.61,100
2619,09:42:12,$ 3325.04,100
2620,09:42:12,$ 3325.42,100
2621,09:42:12,$ 3325.35,100
2622,09:42:12,$ 3325.26,100
2623,09:42:11,$ 3325.56,100
2624,09:42:11,$ 3327.035,100
2626,09:42:11,$ 3326.28,100
2627,09:42:10,$ 3325.60,100
2628,09:42:10,$ 3326.39,154
2629,09:42:10,$ 3326.40,100
2630,09:42:10,$ 3327.49,100
2631,09:42:09,$ 3328.10,100
2632,09:42:08,$ 3327.53,100
2633,09:42:08,$ 3327.19,100
2634,09:42:07,$ 3327.17,100
2635,09:42:06,$ 3327.34,100
2636,09:42:06,$ 3328.31,100
2637,09:42:05,$ 3328.56,100
2638,09:42:04,$ 3327.89,100
2639,09:42:02,$ 3328.56,100
2640,09:42:01,$ 3328.67,100
2641,09:42:01,$ 3328.71,100
2642,09:42:01,$ 3329.15,100
2643,09:42:00,$ 3329.70,100
2644,09:42:00,$ 3329.78,100
2645,09:41:59,$ 3329.25,100
2647,09:41:59,$ 3329.80,250
2648,09:41:59,$ 3329.80,239
2649,09:41:59,$ 3329.80,100
2650,09:41:59,$ 3329.80,100
2651,09:41:59,$ 3329.2235,100
2652,09:41:58,$ 3329.47,100
2653,09:41:58,$ 3329.47,100
2654,09:41:57,$ 3329.47,100
2655,09:41:57,$ 3329.47,100
2656,09:41:56,$ 3328.695,100
2657,09:41:56,$ 3328.6709,100
2658,09:41:56,$ 3329.17,100
2659,09:41:56,$ 3329.50,100
2660,09:41:56,$ 3329.41,100
2661,09:41:56,$ 3328.37,100
2662,09:41:56,$ 3328.64,100
2663,09:41:56,$ 3328.86,100
2664,09:41:55,$ 3329.41,100
2665,09:41:55,$ 3328.82,100
2666,09:41:55,$ 3328.90,100
2668,09:41:55,$ 3328.90,100
2669,09:41:55,$ 3329.08,180
2670,09:41:54,$ 3329.46,100
2671,09:41:54,$ 3328.92,148
2672,09:41:52,$ 3328.51,100
2673,09:41:51,$ 3327.5901,100
2674,09:41:51,$ 3328.80,100
2675,09:41:51,$ 3328.85,100
2676,09:41:51,$ 3328.86,100
2677,09:41:50,$ 3329.16,100
2678,09:41:50,$ 3329.165,100
2679,09:41:50,$ 3328.29,173
2680,09:41:50,$ 3329.33,100
2681,09:41:50,$ 3329.15,159
2682,09:41:50,$ 3329.22,100
2683,09:41:50,$ 3329.45,500
2684,09:41:49,$ 3329.15,145
2685,09:41:49,$ 3329.22,335
2686,09:41:49,$ 3329.15,100
2687,09:41:49,$ 3329.15,400
2689,09:41:49,$ 3329.15,100
2690,09:41:49,$ 3328.78,100
2691,09:41:49,$ 3329.00,100
2692,09:41:49,$ 3329.14,100
2693,09:41:49,$ 3328.99,100
2694,09:41:49,$ 3328.65,157
2695,09:41:49,$ 3328.94,100
2696,09:41:49,$ 3328.98,100
2697,09:41:49,$ 3328.65,100
2698,09:41:48,$ 3328.65,100
2699,09:41:48,$ 3328.65,100
2700,09:41:48,$ 3328.65,100
2701,09:41:48,$ 3328.65,100
2702,09:41:48,$ 3328.65,144
2703,09:41:48,$ 3328.65,100
2704,09:41:48,$ 3327.445,100
2705,09:41:47,$ 3328.43,100
2706,09:41:47,$ 3328.43,100
2707,09:41:46,$ 3328.04,100
2708,09:41:46,$ 3327.9375,100
2710,09:41:46,$ 3327.62,100
2711,09:41:46,$ 3327.68,100
2712,09:41:46,$ 3327.68,100
2713,09:41:46,$ 3327.68,100
2714,09:41:46,$ 3327.67,100
2715,09:41:46,$ 3326.90,100
2716,09:41:46,$ 3327.68,100
2717,09:41:46,$ 3327.37,100
2718,09:41:45,$ 3328.15,279
2719,09:41:45,$ 3327.99,100
2720,09:41:45,$ 3328.15,177
2721,09:41:45,$ 3328.15,213
2722,09:41:45,$ 3326.54,100
2723,09:41:45,$ 3327.88,100
2724,09:41:45,$ 3326.78,100
2725,09:41:45,$ 3326.88,500
2726,09:41:45,$ 3326.92,100
2727,09:41:45,$ 3327.48,100
2728,09:41:45,$ 3326.00,100
2729,09:41:44,$ 3324.57,100
2731,09:41:44,$ 3324.16,100
2732,09:41:42,$ 3323.06,100
2733,09:41:42,$ 3323.4498,370
2734,09:41:42,$ 3322.90,100
2735,09:41:42,$ 3323.56,100
2736,09:41:38,$ 3322.87,100
2737,09:41:37,$ 3323.77,100
2738,09:41:37,$ 3323.75,100
2739,09:41:37,$ 3323.39,100
2740,09:41:36,$ 3322.41,100
2741,09:41:36,$ 3322.32,100
2742,09:41:36,$ 3322.73,100
2743,09:41:36,$ 3323.16,100
2744,09:41:36,$ 3323.00,150
2745,09:41:36,$ 3323.00,310
2746,09:41:36,$ 3323.00,100
2747,09:41:35,$ 3324.51,100
2748,09:41:35,$ 3324.27,100
2749,09:41:35,$ 3324.40,100
2750,09:41:35,$ 3324.50,100
2752,09:41:35,$ 3324.17,100
2753,09:41:35,$ 3323.4088,699
2754,09:41:35,$ 3323.83,100
2755,09:41:35,$ 3324.1942,100
2756,09:41:35,$ 3324.1942,100
2757,09:41:35,$ 3324.1942,100
2758,09:41:35,$ 3323.97,100
2759,09:41:35,$ 3324.1942,100
2760,09:41:35,$ 3324.1942,100
2761,09:41:35,$ 3323.90,100
2762,09:41:35,$ 3323.80,100
2763,09:41:34,$ 3324.65,100
2764,09:41:34,$ 3324.69,100
2765,09:41:34,$ 3325.48,100
2766,09:41:34,$ 3324.98,100
2767,09:41:34,$ 3324.86,100
2768,09:41:33,$ 3324.27,100
2769,09:41:31,$ 3323.55,100
2770,09:41:30,$ 3323.80,100
2771,09:41:29,$ 3323.45,100
2773,09:41:27,$ 3322.25,100
2774,09:41:27,$ 3323.09,100
2775,09:41:25,$ 3322.41,100
2776,09:41:24,$ 3321.26,100
2777,09:41:21,$ 3322.025,100
2778,09:41:21,$ 3322.025,100
2779,09:41:21,$ 3322.89,100
2780,09:41:21,$ 3322.89,100
2781,09:41:20,$ 3323.59,100
2782,09:41:18,$ 3323.67,100
2783,09:41:18,$ 3323.67,126
2784,09:41:18,$ 3323.02,100
2785,09:41:18,$ 3323.06,100
2786,09:41:18,$ 3323.00,100
2787,09:41:18,$ 3323.00,100
2788,09:41:18,$ 3322.89,309
2789,09:41:18,$ 3323.00,100
2790,09:41:18,$ 3323.40,100
2791,09:41:18,$ 3323.29,309
2792,09:41:18,$ 3323.42,100
2794,09:41:18,$ 3323.46,100
2795,09:41:17,$ 3322.31,200
2796,09:41:17,$ 3323.17,100
2797,09:41:17,$ 3322.82,100
2798,09:41:17,$ 3320.58,100
2799,09:41:17,$ 3322.71,100
2800,09:41:17,$ 3323.30,100
2801,09:41:17,$ 3323.945,100
2802,09:41:17,$ 3323.945,100
2803,09:41:15,$ 3324.32,100
2804,09:41:15,$ 3324.35,100
2805,09:41:15,$ 3324.57,100
2806,09:41:15,$ 3324.218,100
2807,09:41:15,$ 3324.59,199
2808,09:41:15,$ 3324.25,100
2809,09:41:14,$ 3324.54,100
2810,09:41:14,$ 3324.41,100
2811,09:41:13,$ 3324.02,100
2812,09:41:09,$ 3325.49,100
2813,09:41:09,$ 3326.06,100
2815,09:41:08,$ 3325.50,100
2816,09:41:08,$ 3325.50,124
2817,09:41:08,$ 3325.50,100
2818,09:41:08,$ 3325.575,100
2819,09:41:08,$ 3325.575,100
2820,09:41:08,$ 3325.4475,100
2821,09:41:08,$ 3325.3675,100
2822,09:41:08,$ 3325.575,100
2823,09:41:08,$ 3325.58,100
2824,09:41:07,$ 3325.37,100
2825,09:41:07,$ 3325.945,100
2826,09:41:07,$ 3326.15,100
2827,09:41:07,$ 3325.945,100
2828,09:41:07,$ 3325.69,100
2829,09:41:07,$ 3325.77,100
2830,09:41:06,$ 3325.4425,100
2831,09:41:06,$ 3325.08,100
2832,09:41:06,$ 3324.565,100
2833,09:41:06,$ 3324.565,100
2834,09:41:05,$ 3323.9901,100
2836,09:41:05,$ 3324.49,100
2837,09:41:05,$ 3324.99,100
2838,09:41:04,$ 3323.025,100
2839,09:41:03,$ 3324.99,100
2840,09:41:03,$ 3324.60,100
2841,09:41:03,$ 3324.56,100
2842,09:41:03,$ 3324.96,100
2843,09:41:03,$ 3324.43,100
2844,09:41:03,$ 3324.79,100
2845,09:41:03,$ 3324.784,200
2846,09:41:03,$ 3323.72,100
2847,09:41:03,$ 3323.73,100
2848,09:41:03,$ 3324.13,100
2849,09:41:03,$ 3324.12,100
2850,09:41:03,$ 3323.72,100
2851,09:41:03,$ 3324.12,100
2852,09:41:03,$ 3323.70,100
2853,09:41:03,$ 3323.79,100
2854,09:41:02,$ 3323.79,100
2855,09:41:02,$ 3322.9775,100
2857,09:41:02,$ 3322.9275,100
2858,09:41:01,$ 3323.00,217
2859,09:41:01,$ 3323.00,150
2860,09:41:01,$ 3323.00,100
2861,09:41:01,$ 3322.90,100
2862,09:41:01,$ 3323.00,100
2863,09:41:01,$ 3323.00,100
2864,09:41:01,$ 3322.245,100
2865,09:41:01,$ 3323.00,100
2866,09:41:01,$ 3322.40,100
2867,09:41:01,$ 3322.2799,300
2868,09:41:01,$ 3322.2799,200
2869,09:41:01,$ 3322.28,100
2870,09:41:01,$ 3322.28,300
2871,09:41:01,$ 3322.2799,100
2872,09:41:00,$ 3322.00,100
2873,09:41:00,$ 3321.235,"1,250"
2874,09:40:59,$ 3321.245,100
2875,09:40:59,$ 3320.875,100
2876,09:40:59,$ 3321.36,100
2878,09:40:59,$ 3321.42,100
2879,09:40:59,$ 3321.54,100
2880,09:40:58,$ 3320.46,100
2881,09:40:57,$ 3321.55,100
2882,09:40:57,$ 3321.50,100
2883,09:40:56,$ 3321.14,100
2884,09:40:56,$ 3320.39,100
2885,09:40:56,$ 3318.71,100
2886,09:40:56,$ 3319.06,100
2887,09:40:55,$ 3319.75,100
2888,09:40:55,$ 3319.49,100
2889,09:40:55,$ 3319.55,100
2890,09:40:55,$ 3319.43,100
2891,09:40:55,$ 3319.43,100
2892,09:40:55,$ 3318.67,100
2893,09:40:54,$ 3319.15,100
2894,09:40:53,$ 3319.27,100
2895,09:40:53,$ 3319.73,100
2896,09:40:53,$ 3319.73,100
2897,09:40:53,$ 3320.46,100
2899,09:40:53,$ 3320.52,100
2900,09:40:53,$ 3320.47,100
2901,09:40:53,$ 3320.00,100
2902,09:40:53,$ 3320.09,100
2903,09:40:53,$ 3320.55,100
2904,09:40:53,$ 3320.49,100
2905,09:40:53,$ 3320.15,100
2906,09:40:53,$ 3320.12,100
2907,09:40:53,$ 3320.07,100
2908,09:40:53,$ 3320.95,100
2909,09:40:53,$ 3320.92,100
2910,09:40:53,$ 3320.94,100
2911,09:40:53,$ 3321.09,100
2912,09:40:52,$ 3319.2701,"1,250"
2913,09:40:52,$ 3320.36,100
2914,09:40:51,$ 3321.21,100
2915,09:40:50,$ 3320.365,100
2916,09:40:50,$ 3320.365,100
2917,09:40:49,$ 3320.90,100
2918,09:40:48,$ 3319.128,100
2920,09:40:48,$ 3319.875,227
2921,09:40:48,$ 3320.00,169
2922,09:40:47,$ 3320.27,100
2923,09:40:47,$ 3322.37,100
2924,09:40:47,$ 3322.36,100
2925,09:40:47,$ 3322.38,100
2926,09:40:47,$ 3321.98,100
2927,09:40:47,$ 3321.96,100
2928,09:40:47,$ 3322.39,100
2929,09:40:47,$ 3322.21,100
2930,09:40:47,$ 3322.40,100
2931,09:40:47,$ 3322.22,100
2932,09:40:47,$ 3322.14,100
2933,09:40:47,$ 3321.99,100
2934,09:40:46,$ 3323.38,100
2935,09:40:44,$ 3322.70,100
2936,09:40:44,$ 3322.58,118
2937,09:40:44,$ 3323.06,100
2938,09:40:44,$ 3323.32,100
2939,09:40:43,$ 3322.53,100
2941,09:40:43,$ 3323.23,100
2942,09:40:42,$ 3322.70,100
2943,09:40:42,$ 3322.725,100
2944,09:40:42,$ 3323.20,100
2945,09:40:40,$ 3322.99,100
2946,09:40:39,$ 3322.35,100
2947,09:40:39,$ 3321.53,100
2948,09:40:39,$ 3321.41,100
2949,09:40:39,$ 3321.19,100
2950,09:40:39,$ 3321.05,100
2951,09:40:39,$ 3320.20,100
2952,09:40:39,$ 3320.315,100
2953,09:40:39,$ 3320.24,100
2954,09:40:39,$ 3320.215,100
2955,09:40:39,$ 3320.56,100
2956,09:40:39,$ 3320.29,100
2957,09:40:39,$ 3321.8381,107
2958,09:40:39,$ 3320.195,"1,250"
2959,09:40:38,$ 3320.185,100
2960,09:40:37,$ 3320.63,100
2962,09:40:37,$ 3320.64,112
2963,09:40:37,$ 3320.00,100
2964,09:40:37,$ 3320.00,200
2965,09:40:37,$ 3319.92,100
2966,09:40:37,$ 3319.61,100
2967,09:40:35,$ 3319.65,100
2968,09:40:34,$ 3319.27,100
2969,09:40:34,$ 3319.55,100
2970,09:40:34,$ 3318.98,300
2971,09:40:33,$ 3320.29,100
2972,09:40:33,$ 3320.18,100
2973,09:40:33,$ 3320.89,100
2974,09:40:32,$ 3319.80,100
2975,09:40:32,$ 3319.99,100
2976,09:40:31,$ 3320.16,100
2977,09:40:31,$ 3320.09,100
2978,09:40:31,$ 3320.41,100
2979,09:40:31,$ 3319.91,100
2980,09:40:31,$ 3318.97,100
2981,09:40:31,$ 3318.99,215
2983,09:40:31,$ 3318.99,100
2984,09:40:31,$ 3318.00,200
2985,09:40:30,$ 3317.99,105
2986,09:40:30,$ 3318.99,146
2987,09:40:30,$ 3319.72,100
2988,09:40:30,$ 3320.02,100
2989,09:40:29,$ 3322.85,100
2990,09:40:29,$ 3320.13,100
2991,09:40:29,$ 3321.225,"1,250"
2992,09:40:28,$ 3322.09,100
2993,09:40:28,$ 3322.00,144
2994,09:40:28,$ 3322.00,100
2995,09:40:27,$ 3322.18,100
2996,09:40:27,$ 3322.32,100
2997,09:40:27,$ 3322.33,100
2998,09:40:27,$ 3322.63,100
2999,09:40:26,$ 3323.77,100
3000,09:40:25,$ 3324.07,100
3001,09:40:25,$ 3323.41,100
3002,09:40:23,$ 3324.61,100
3004,09:40:21,$ 3323.38,100
3005,09:40:21,$ 3323.35,100
3006,09:40:21,$ 3322.46,100
3007,09:40:21,$ 3323.09,100
3008,09:40:21,$ 3323.17,100
3009,09:40:21,$ 3323.14,100
3010,09:40:21,$ 3323.09,100
3011,09:40:21,$ 3323.09,323
3012,09:40:21,$ 3323.13,100
3013,09:40:21,$ 3323.09,406
3014,09:40:20,$ 3324.08,100
3015,09:40:20,$ 3324.42,100
3016,09:40:20,$ 3324.14,100
3017,09:40:20,$ 3324.93,100
3018,09:40:19,$ 3324.33,100
3019,09:40:19,$ 3324.37,100
3020,09:40:19,$ 3324.42,100
3021,09:40:18,$ 3324.11,100
3022,09:40:18,$ 3324.43,100
3023,09:40:18,$ 3323.52,100
3025,09:40:17,$ 3323.09,192
3026,09:40:17,$ 3323.60,100
3027,09:40:17,$ 3323.58,100
3028,09:40:17,$ 3324.59,100
3029,09:40:17,$ 3324.34,200
3030,09:40:17,$ 3324.3636,205
3031,09:40:17,$ 3324.615,135
3032,09:40:17,$ 3324.16,100
3033,09:40:17,$ 3323.45,100
3034,09:40:16,$ 3324.91,100
3035,09:40:16,$ 3326.15,100
3036,09:40:16,$ 3324.615,100
3037,09:40:16,$ 3323.80,100
3038,09:40:16,$ 3324.03,200
3039,09:40:15,$ 3324.425,200
3040,09:40:15,$ 3324.34,100
3041,09:40:15,$ 3323.245,100
3042,09:40:15,$ 3323.67,100
3043,09:40:15,$ 3324.56,200
3044,09:40:15,$ 3323.00,200
3046,09:40:15,$ 3323.00,100
3047,09:40:14,$ 3323.91,100
3048,09:40:14,$ 3323.35,100
3049,09:40:14,$ 3323.35,200
3050,09:40:13,$ 3322.89,100
3051,09:40:12,$ 3322.57,100
3052,09:40:12,$ 3323.35,100
3053,09:40:12,$ 3323.61,100
3054,09:40:12,$ 3324.17,100
3055,09:40:11,$ 3324.15,100
3056,09:40:11,$ 3321.865,100
3057,09:40:11,$ 3324.534,100
3058,09:40:11,$ 3324.33,100
3059,09:40:10,$ 3326.00,100
3060,09:40:10,$ 3323.00,100
3061,09:40:09,$ 3323.52,100
3062,09:40:09,$ 3322.16,100
3063,09:40:08,$ 3322.36,100
3064,09:40:08,$ 3321.24,100
3065,09:40:08,$ 3321.68,100
3067,09:40:08,$ 3321.28,100
3068,09:40:08,$ 3320.60,600
3069,09:40:08,$ 3321.24,100
3070,09:40:08,$ 3321.28,100
3071,09:40:08,$ 3321.68,100
3072,09:40:08,$ 3321.00,600
3073,09:40:08,$ 3321.64,100
3074,09:40:07,$ 3320.54,100
3075,09:40:07,$ 3320.45,100
3076,09:40:07,$ 3320.00,100
3077,09:40:05,$ 3319.23,100
3078,09:40:05,$ 3318.00,100
3079,09:40:05,$ 3319.03,100
3080,09:40:05,$ 3318.03,100
3081,09:40:05,$ 3318.39,100
3082,09:40:05,$ 3319.17,160
3083,09:40:05,$ 3318.524,100
3084,09:40:05,$ 3318.00,100
3085,09:40:05,$ 3318.375,100
3086,09:40:05,$ 3318.44,100
3088,09:40:04,$ 3318.00,100
3089,09:40:04,$ 3318.00,100
3090,09:40:04,$ 3318.08,100
3091,09:40:04,$ 3317.80,100
3092,09:40:04,$ 3318.54,100
3093,09:40:04,$ 3317.80,101
3094,09:40:04,$ 3317.79,100
3095,09:40:03,$ 3318.58,100
3096,09:40:03,$ 3317.79,100
3097,09:40:03,$ 3317.795,"1,000"
3098,09:40:03,$ 3317.795,100
3099,09:40:03,$ 3318.5899,100
3100,09:40:03,$ 3318.065,200
3101,09:40:03,$ 3318.08,150
3102,09:40:03,$ 3319.1499,100
3103,09:40:03,$ 3318.61,100
3104,09:40:03,$ 3318.615,100
3105,09:40:02,$ 3319.46,100
3106,09:40:02,$ 3318.74,100
3107,09:40:01,$ 3318.18,100
3109,09:40:01,$ 3317.26,100
3110,09:40:00,$ 3317.03,100
3111,09:39:59,$ 3318.48,100
3112,09:39:59,$ 3318.43,100
3113,09:39:59,$ 3317.62,100
3114,09:39:59,$ 3318.052,100
3115,09:39:58,$ 3317.36,282
3116,09:39:58,$ 3318.05,230
3117,09:39:58,$ 3317.38,100
3118,09:39:58,$ 3317.42,100
3119,09:39:57,$ 3318.26,150
3120,09:39:56,$ 3318.045,100
3121,09:39:56,$ 3318.40,100
3122,09:39:55,$ 3318.37,100
3123,09:39:55,$ 3317.38,100
3124,09:39:55,$ 3317.36,119
3125,09:39:55,$ 3318.315,100
3126,09:39:53,$ 3318.545,100
3127,09:39:53,$ 3317.35,100
3128,09:39:52,$ 3318.02,100
3130,09:39:52,$ 3319.15,100
3131,09:39:51,$ 3317.0001,100
3132,09:39:51,$ 3318.16,100
3133,09:39:51,$ 3317.90,100
3134,09:39:51,$ 3317.90,100
3135,09:39:51,$ 3318.60,100
3136,09:39:51,$ 3317.15,400
3137,09:39:51,$ 3317.26,100
3138,09:39:51,$ 3317.75,300
3139,09:39:51,$ 3317.75,116
3140,09:39:51,$ 3317.90,100
3141,09:39:50,$ 3317.88,100
3142,09:39:50,$ 3318.00,100
3143,09:39:50,$ 3318.00,199
3144,09:39:50,$ 3318.00,199
3145,09:39:49,$ 3319.0725,100
3146,09:39:49,$ 3318.12,100
3147,09:39:49,$ 3319.20,100
3148,09:39:49,$ 3319.285,300
3149,09:39:49,$ 3318.23,100
3151,09:39:47,$ 3319.80,100
3152,09:39:47,$ 3319.575,100
3153,09:39:45,$ 3319.85,100
3154,09:39:45,$ 3319.91,100
3155,09:39:45,$ 3319.80,100
3156,09:39:45,$ 3319.58,100
3157,09:39:44,$ 3318.00,200
3158,09:39:44,$ 3318.48,100
3159,09:39:44,$ 3318.04,100
3160,09:39:43,$ 3318.4104,655
3161,09:39:43,$ 3319.15,100
3162,09:39:43,$ 3319.88,100
3163,09:39:43,$ 3319.48,100
3164,09:39:43,$ 3320.80,100
3165,09:39:43,$ 3320.47,100
3166,09:39:43,$ 3320.8242,100
3167,09:39:43,$ 3320.40,100
3168,09:39:43,$ 3320.90,100
3169,09:39:43,$ 3321.09,100
3170,09:39:43,$ 3320.70,100
3172,09:39:43,$ 3318.5672,353
3173,09:39:43,$ 3320.48,100
3174,09:39:43,$ 3321.426,100
3175,09:39:43,$ 3321.43,100
3176,09:39:43,$ 3321.425,100
3177,09:39:40,$ 3320.82,100
3178,09:39:39,$ 3319.75,100
3179,09:39:39,$ 3319.77,100
3180,09:39:39,$ 3318.885,107
3181,09:39:39,$ 3318.00,100
3182,09:39:39,$ 3318.92,100
3183,09:39:39,$ 3318.99,100
3184,09:39:39,$ 3318.18,100
3185,09:39:39,$ 3320.00,479
3186,09:39:39,$ 3320.00,122
3187,09:39:39,$ 3320.01,316
3188,09:39:39,$ 3321.11,100
3189,09:39:38,$ 3320.39,100
3190,09:39:38,$ 3320.36,100
3191,09:39:38,$ 3320.22,100
3193,09:39:38,$ 3320.03,100
3194,09:39:38,$ 3320.01,604
3195,09:39:37,$ 3323.0164,"1,500"
3196,09:39:37,$ 3321.51,100
3197,09:39:32,$ 3322.4758,100
3198,09:39:30,$ 3323.595,100
3199,09:39:30,$ 3322.99,100
3200,09:39:30,$ 3323.00,100
3201,09:39:30,$ 3324.20,200
3202,09:39:30,$ 3324.59,100
3203,09:39:30,$ 3324.71,100
3204,09:39:30,$ 3324.845,100
3205,09:39:29,$ 3324.20,200
3206,09:39:29,$ 3324.80,100
3207,09:39:29,$ 3323.49,100
3208,09:39:29,$ 3324.20,100
3209,09:39:29,$ 3324.20,200
3210,09:39:29,$ 3324.66,100
3211,09:39:29,$ 3324.53,100
3212,09:39:29,$ 3325.00,100
3214,09:39:29,$ 3324.92,100
3215,09:39:28,$ 3324.98,100
3216,09:39:28,$ 3323.8575,100
3217,09:39:28,$ 3323.9125,100
3218,09:39:28,$ 3323.14,100
3219,09:39:28,$ 3323.19,100
3220,09:39:28,$ 3324.09,100
3221,09:39:28,$ 3323.90,100
3222,09:39:24,$ 3322.49,100
3223,09:39:24,$ 3323.52,100
3224,09:39:24,$ 3323.29,100
3225,09:39:24,$ 3322.50,100
3226,09:39:24,$ 3322.68,100
3227,09:39:24,$ 3323.29,100
3228,09:39:22,$ 3322.69,100
3229,09:39:22,$ 3322.18,100
3230,09:39:22,$ 3322.45,100
3231,09:39:21,$ 3321.454,100
3232,09:39:21,$ 3321.499,173
3233,09:39:21,$ 3321.499,100
3235,09:39:21,$ 3320.62,231
3236,09:39:21,$ 3320.88,100
3237,09:39:21,$ 3320.61,100
3238,09:39:20,$ 3320.61,100
3239,09:39:20,$ 3320.61,100
3240,09:39:20,$ 3320.41,100
3241,09:39:20,$ 3320.40,100
3242,09:39:20,$ 3319.74,100
3243,09:39:20,$ 3319.74,100
3244,09:39:19,$ 3320.60,100
3245,09:39:19,$ 3320.08,100
3246,09:39:19,$ 3319.21,100
3247,09:39:19,$ 3319.19,100
3248,09:39:19,$ 3320.40,100
3249,09:39:19,$ 3319.25,100
3250,09:39:19,$ 3320.26,100
3251,09:39:19,$ 3320.37,100
3252,09:39:18,$ 3320.41,224
3253,09:39:18,$ 3320.22,100
3254,09:39:18,$ 3320.82,100
3256,09:39:17,$ 3319.98,100
3257,09:39:17,$ 3319.99,209
3258,09:39:17,$ 3319.99,113
3259,09:39:17,$ 3319.99,117
3260,09:39:16,$ 3318.56,100
3261,09:39:13,$ 3320.05,100
3262,09:39:13,$ 3319.86,100
3263,09:39:13,$ 3320.10,100
3264,09:39:12,$ 3319.62,100
3265,09:39:12,$ 3319.77,100
3266,09:39:12,$ 3319.87,100
3267,09:39:12,$ 3319.18,100
3268,09:39:12,$ 3320.00,226
3269,09:39:11,$ 3320.93,100
3270,09:39:11,$ 3319.75,100
3271,09:39:11,$ 3320.00,100
3272,09:39:11,$ 3320.00,100
3273,09:39:10,$ 3319.21,100
3274,09:39:09,$ 3319.54,100
3275,09:39:08,$ 3319.41,100
3277,09:39:07,$ 3319.1625,100
3278,09:39:07,$ 3319.79,100
3279,09:39:07,$ 3318.13,100
3280,09:39:07,$ 3318.95,100
3281,09:39:05,$ 3318.20,200
3282,09:39:05,$ 3319.14,100
3283,09:39:05,$ 3319.08,100
3284,09:39:05,$ 3319.11,100
3285,09:39:05,$ 3319.05,100
3286,09:39:04,$ 3320.58,100
3287,09:39:03,$ 3320.23,100
3288,09:39:03,$ 3321.29,100
3289,09:39:03,$ 3320.91,100
3290,09:39:03,$ 3320.49,100
3291,09:39:03,$ 3320.95,100
3292,09:39:03,$ 3320.90,100
3293,09:39:03,$ 3320.48,100
3294,09:39:03,$ 3318.99,100
3295,09:39:03,$ 3318.92,100
3296,09:39:03,$ 3320.02,100
3298,09:39:02,$ 3321.72,100
3299,09:39:02,$ 3321.52,100
3300,09:39:02,$ 3321.45,100
3301,09:39:02,$ 3321.38,100
3302,09:39:02,$ 3321.22,100
3303,09:39:02,$ 3321.20,100
3304,09:39:01,$ 3321.00,100
3305,09:39:01,$ 3320.37,100
3306,09:39:01,$ 3321.66,100
3307,09:39:00,$ 3321.00,100
3308,09:39:00,$ 3321.00,100
3309,09:38:59,$ 3321.00,200
3310,09:38:59,$ 3320.32,100
3311,09:38:59,$ 3320.72,100
3312,09:38:59,$ 3321.6599,100
3313,09:38:59,$ 3321.55,100
3314,09:38:59,$ 3321.53,100
3315,09:38:59,$ 3321.24,100
3316,09:38:59,$ 3320.95,100
3317,09:38:59,$ 3321.40,100
3319,09:38:59,$ 3321.50,100
3320,09:38:59,$ 3320.94,100
3321,09:38:59,$ 3320.29,100
3322,09:38:59,$ 3320.77,100
3323,09:38:59,$ 3320.78,100
3324,09:38:59,$ 3320.77,100
3325,09:38:59,$ 3320.885,100
3326,09:38:59,$ 3320.14,100
3327,09:38:59,$ 3318.3201,100
3328,09:38:58,$ 3319.1249,100
3329,09:38:58,$ 3319.76,100
3330,09:38:58,$ 3319.87,100
3331,09:38:58,$ 3320.04,100
3332,09:38:58,$ 3320.14,100
3333,09:38:58,$ 3319.68,100
3334,09:38:58,$ 3319.66,100
3335,09:38:58,$ 3318.88,100
3336,09:38:58,$ 3318.67,100
3337,09:38:58,$ 3319.48,100
3338,09:38:58,$ 3319.95,100
3340,09:38:58,$ 3319.87,100
3341,09:38:57,$ 3318.89,100
3342,09:38:57,$ 3318.25,100
3343,09:38:57,$ 3319.90,100
3344,09:38:57,$ 3319.91,153
3345,09:38:57,$ 3320.00,100
3346,09:38:57,$ 3320.20,100
3347,09:38:56,$ 3320.34,100
3348,09:38:55,$ 3322.00,100
3349,09:38:55,$ 3322.08,100
3350,09:38:55,$ 3322.13,100
3351,09:38:54,$ 3321.73,100
3352,09:38:54,$ 3322.445,100
3353,09:38:54,$ 3320.41,100
3354,09:38:54,$ 3320.00,100
3355,09:38:53,$ 3321.87,100
3356,09:38:53,$ 3320.00,100
3357,09:38:53,$ 3320.00,100
3358,09:38:53,$ 3320.00,100
3359,09:38:53,$ 3320.06,100
3361,09:38:53,$ 3320.00,100
3362,09:38:53,$ 3320.89,100
3363,09:38:53,$ 3321.42,100
3364,09:38:53,$ 3321.05,100
3365,09:38:52,$ 3322.75,100
3366,09:38:52,$ 3322.74,100
3367,09:38:52,$ 3322.33,200
3368,09:38:52,$ 3322.74,100
3369,09:38:52,$ 3322.72,100
3370,09:38:52,$ 3323.30,100
3371,09:38:51,$ 3324.70,100
3372,09:38:49,$ 3323.00,100
3373,09:38:49,$ 3323.38,100
3374,09:38:49,$ 3323.97,100
3375,09:38:49,$ 3323.62,100
3376,09:38:49,$ 3323.51,100
3377,09:38:49,$ 3323.39,100
3378,09:38:49,$ 3323.47,100
3379,09:38:49,$ 3323.51,100
3380,09:38:49,$ 3322.11,100
3382,09:38:49,$ 3322.11,100
3383,09:38:49,$ 3322.11,100
3384,09:38:49,$ 3322.24,134
3385,09:38:49,$ 3322.54,100
3386,09:38:48,$ 3322.28,100
3387,09:38:48,$ 3322.28,100
3388,09:38:48,$ 3322.28,100
3389,09:38:48,$ 3322.28,100
3390,09:38:48,$ 3322.28,200
3391,09:38:48,$ 3322.28,120
3392,09:38:48,$ 3322.28,180
3393,09:38:48,$ 3322.42,100
3394,09:38:48,$ 3322.33,100
3395,09:38:48,$ 3322.48,100
3396,09:38:48,$ 3322.67,100
3397,09:38:48,$ 3323.26,106
3398,09:38:48,$ 3323.26,106
3399,09:38:48,$ 3323.96,100
3400,09:38:47,$ 3324.89,100
3401,09:38:46,$ 3324.135,100
3403,09:38:46,$ 3323.85,100
3404,09:38:45,$ 3325.05,100
3405,09:38:43,$ 3324.02,100
3406,09:38:41,$ 3324.26,100
3407,09:38:41,$ 3324.67,100
3408,09:38:41,$ 3324.045,100
3409,09:38:41,$ 3324.045,100
3410,09:38:41,$ 3324.01,100
3411,09:38:41,$ 3324.27,100
3412,09:38:40,$ 3327.14,100
3413,09:38:40,$ 3327.39,100
3414,09:38:40,$ 3327.48,100
3415,09:38:40,$ 3327.40,100
3416,09:38:40,$ 3327.28,100
3417,09:38:40,$ 3327.18,100
3418,09:38:40,$ 3327.15,100
3419,09:38:40,$ 3327.57,100
3420,09:38:39,$ 3327.65,280
3421,09:38:39,$ 3327.00,100
3422,09:38:39,$ 3327.00,100
3424,09:38:38,$ 3325.82,100
3425,09:38:38,$ 3326.31,100
3426,09:38:38,$ 3325.205,100
3427,09:38:37,$ 3326.124,100
3428,09:38:37,$ 3326.36,100
3429,09:38:37,$ 3326.36,100
3430,09:38:37,$ 3325.99,100
3431,09:38:37,$ 3325.86,100
3432,09:38:37,$ 3325.61,100
3433,09:38:37,$ 3326.015,100
3434,09:38:36,$ 3325.765,100
3435,09:38:36,$ 3325.03,100
3436,09:38:36,$ 3325.7125,100
3437,09:38:36,$ 3325.26,100
3438,09:38:36,$ 3325.92,100
3439,09:38:36,$ 3325.90,100
3440,09:38:36,$ 3325.86,100
3441,09:38:35,$ 3325.92,700
3442,09:38:35,$ 3326.06,100
3443,09:38:35,$ 3326.00,100
3445,09:38:34,$ 3324.12,100
3446,09:38:34,$ 3324.12,100
3447,09:38:34,$ 3323.06,100
3448,09:38:34,$ 3325.005,700
3449,09:38:34,$ 3323.00,100
3450,09:38:34,$ 3323.445,100
3451,09:38:34,$ 3323.00,100
3452,09:38:34,$ 3322.415,183
3453,09:38:33,$ 3322.05,100
3454,09:38:33,$ 3322.00,200
3455,09:38:33,$ 3323.04,100
3456,09:38:33,$ 3323.24,100
3457,09:38:33,$ 3324.71,100
3458,09:38:32,$ 3326.36,100
3459,09:38:32,$ 3324.31,100
3460,09:38:32,$ 3324.71,100
3461,09:38:31,$ 3323.03,100
3462,09:38:31,$ 3323.03,100
3463,09:38:31,$ 3323.17,100
3464,09:38:31,$ 3324.30,100
3466,09:38:30,$ 3324.26,100
3467,09:38:30,$ 3323.82,100
3468,09:38:30,$ 3323.90,100
3469,09:38:30,$ 3323.80,100
3470,09:38:30,$ 3323.57,100
3471,09:38:30,$ 3323.52,100
3472,09:38:30,$ 3324.08,100
3473,09:38:29,$ 3324.53,102
3474,09:38:26,$ 3325.73,100
3475,09:38:26,$ 3326.31,100
3476,09:38:26,$ 3326.36,100
3477,09:38:26,$ 3327.00,100
3478,09:38:25,$ 3325.535,100
3479,09:38:25,$ 3325.555,100
3480,09:38:25,$ 3326.365,137
3481,09:38:25,$ 3326.365,100
3482,09:38:25,$ 3326.48,100
3483,09:38:25,$ 3326.38,100
3484,09:38:25,$ 3326.37,100
3485,09:38:25,$ 3325.58,100
3487,09:38:25,$ 3325.59,100
3488,09:38:24,$ 3324.70,100
3489,09:38:23,$ 3322.00,147
3490,09:38:22,$ 3324.04,100
3491,09:38:21,$ 3324.91,100
3492,09:38:21,$ 3324.91,100
3493,09:38:21,$ 3324.91,100
3494,09:38:21,$ 3324.91,100
3495,09:38:21,$ 3324.91,100
3496,09:38:21,$ 3324.91,100
3497,09:38:21,$ 3325.00,100
3498,09:38:21,$ 3325.44,100
3499,09:38:21,$ 3325.70,100
3500,09:38:21,$ 3325.43,100
3501,09:38:21,$ 3325.40,100
3502,09:38:21,$ 3325.36,100
3503,09:38:21,$ 3325.18,100
3504,09:38:21,$ 3324.92,100
3505,09:38:21,$ 3324.92,100
3506,09:38:21,$ 3324.92,100
3508,09:38:21,$ 3325.185,100
3509,09:38:21,$ 3326.23,100
3510,09:38:20,$ 3326.50,100
3511,09:38:20,$ 3326.50,100
3512,09:38:20,$ 3326.11,100
3513,09:38:20,$ 3326.10,100
3514,09:38:20,$ 3326.10,100
3515,09:38:19,$ 3325.77,100
3516,09:38:19,$ 3324.92,100
3517,09:38:19,$ 3324.92,100
3518,09:38:19,$ 3324.92,100
3519,09:38:17,$ 3324.65,100
3520,09:38:17,$ 3324.20,100
3521,09:38:17,$ 3323.00,100
3522,09:38:17,$ 3323.38,100
3523,09:38:17,$ 3323.47,100
3524,09:38:17,$ 3323.48,100
3525,09:38:15,$ 3326.07,100
3526,09:38:15,$ 3325.93,100
3527,09:38:15,$ 3325.025,100
3529,09:38:15,$ 3325.82,100
3530,09:38:14,$ 3325.68,160
3531,09:38:14,$ 3325.68,100
3532,09:38:14,$ 3325.67,300
3533,09:38:14,$ 3325.00,161
3534,09:38:14,$ 3325.45,100
3535,09:38:14,$ 3325.00,100
3536,09:38:14,$ 3325.00,100
3537,09:38:14,$ 3323.655,100
3538,09:38:13,$ 3325.31,100
3539,09:38:13,$ 3325.00,100
3540,09:38:12,$ 3324.40,100
3541,09:38:12,$ 3324.73,100
3542,09:38:12,$ 3324.36,100
3543,09:38:12,$ 3324.29,100
3544,09:38:11,$ 3324.35,100
3545,09:38:11,$ 3321.44,412
3546,09:38:11,$ 3324.31,100
3547,09:38:11,$ 3324.34,100
3548,09:38:11,$ 3324.21,100
3550,09:38:11,$ 3324.1752,230
3551,09:38:11,$ 3322.808,230
3552,09:38:10,$ 3324.35,100
3553,09:38:10,$ 3321.4691,195
3554,09:38:09,$ 3323.73,100
3555,09:38:09,$ 3322.3332,117
3556,09:38:08,$ 3323.345,100
3557,09:38:08,$ 3324.0007,140
3558,09:38:08,$ 3322.26,100
3559,09:38:08,$ 3322.29,100
3560,09:38:08,$ 3322.29,100
3561,09:38:08,$ 3323.63,100
3562,09:38:07,$ 3322.26,100
3563,09:38:07,$ 3323.63,100
3564,09:38:06,$ 3323.535,100
3565,09:38:06,$ 3322.44,100
3566,09:38:06,$ 3322.48,100
3567,09:38:06,$ 3322.49,100
3568,09:38:06,$ 3325.00,100
3569,09:38:06,$ 3323.77,100
3571,09:38:06,$ 3323.675,100
3572,09:38:05,$ 3323.28,100
3573,09:38:05,$ 3323.28,100
3574,09:38:05,$ 3323.28,100
3575,09:38:05,$ 3323.28,100
3576,09:38:05,$ 3323.215,100
3577,09:38:05,$ 3323.41,100
3578,09:38:05,$ 3323.56,100
3579,09:38:05,$ 3323.58,100
3580,09:38:04,$ 3323.61,100
3581,09:38:04,$ 3323.66,194
3582,09:38:04,$ 3324.42,100
3583,09:38:04,$ 3326.09,100
3584,09:38:04,$ 3324.56,100
3585,09:38:04,$ 3325.255,100
3586,09:38:04,$ 3325.19,100
3587,09:38:04,$ 3325.235,100
3588,09:38:03,$ 3325.94,100
3589,09:38:03,$ 3326.04,100
3590,09:38:03,$ 3325.96,100
3592,09:38:03,$ 3325.90,100
3593,09:38:03,$ 3326.04,100
3594,09:38:03,$ 3325.10,100
3595,09:38:03,$ 3325.00,100
3596,09:38:03,$ 3325.12,100
3597,09:38:03,$ 3325.065,100
3598,09:38:03,$ 3325.13,100
3599,09:38:03,$ 3325.00,100
3600,09:38:02,$ 3325.4899,100
3601,09:38:02,$ 3325.00,110
3602,09:38:01,$ 3323.352,100
3603,09:38:01,$ 3323.95,100
3604,09:38:01,$ 3323.72,100
3605,09:38:01,$ 3322.47,100
3606,09:37:59,$ 3323.00,182
3607,09:37:59,$ 3322.70,100
3608,09:37:59,$ 3322.70,100
3609,09:37:58,$ 3323.93,100
3610,09:37:58,$ 3321.05,100
3611,09:37:57,$ 3321.79,100
3613,09:37:57,$ 3323.69,100
3614,09:37:57,$ 3323.475,100
3615,09:37:57,$ 3323.60,100
3616,09:37:57,$ 3323.38,100
3617,09:37:57,$ 3324.29,100
3618,09:37:57,$ 3324.02,100
3619,09:37:57,$ 3323.92,100
3620,09:37:57,$ 3323.73,100
3621,09:37:57,$ 3323.69,100
3622,09:37:57,$ 3323.38,100
3623,09:37:57,$ 3323.38,100
3624,09:37:57,$ 3323.38,100
3625,09:37:57,$ 3324.525,100
3626,09:37:56,$ 3324.53,100
3627,09:37:56,$ 3325.00,100
3628,09:37:56,$ 3323.94,100
3629,09:37:56,$ 3323.83,100
3630,09:37:56,$ 3325.66,100
3631,09:37:54,$ 3323.74,100
3632,09:37:53,$ 3324.715,200
3634,09:37:51,$ 3324.715,100
3635,09:37:51,$ 3323.915,100
3636,09:37:51,$ 3325.04,100
3637,09:37:51,$ 3326.05,100
3638,09:37:51,$ 3324.4275,100
3639,09:37:51,$ 3325.06,100
3640,09:37:50,$ 3326.05,100
3641,09:37:50,$ 3326.05,100
3642,09:37:49,$ 3325.25,100
3643,09:37:49,$ 3325.43,100
3644,09:37:49,$ 3325.26,100
3645,09:37:49,$ 3324.138,100
3646,09:37:49,$ 3324.945,100
3647,09:37:49,$ 3324.088,100
3648,09:37:49,$ 3324.096,100
3649,09:37:49,$ 3324.139,200
3650,09:37:47,$ 3322.52,100
3651,09:37:47,$ 3322.36,100
3652,09:37:47,$ 3323.50,100
3653,09:37:47,$ 3323.63,100
3655,09:37:47,$ 3323.50,100
3656,09:37:47,$ 3323.075,100
3657,09:37:47,$ 3322.88,100
3658,09:37:47,$ 3322.52,100
3659,09:37:46,$ 3323.075,100
3660,09:37:46,$ 3323.075,100
3661,09:37:45,$ 3321.20,"1,900"
3662,09:37:45,$ 3323.24,100
3663,09:37:45,$ 3322.93,250
3664,09:37:45,$ 3322.76,100
3665,09:37:45,$ 3323.35,100
3666,09:37:44,$ 3322.40,100
3667,09:37:42,$ 3322.00,101
3668,09:37:42,$ 3322.865,100
3669,09:37:42,$ 3322.00,148
3670,09:37:42,$ 3323.14,100
3671,09:37:42,$ 3323.12,100
3672,09:37:42,$ 3323.47,100
3673,09:37:42,$ 3324.95,100
3674,09:37:42,$ 3324.895,100
3676,09:37:41,$ 3323.48,100
3677,09:37:41,$ 3322.748,500
3678,09:37:41,$ 3322.7115,199
3679,09:37:40,$ 3324.04,100
3680,09:37:40,$ 3323.97,100
3681,09:37:39,$ 3326.00,100
3682,09:37:39,$ 3326.35,100
3683,09:37:39,$ 3325.83,100
3684,09:37:39,$ 3326.30,100
3685,09:37:38,$ 3328.5585,100
3686,09:37:38,$ 3327.65,166
3687,09:37:38,$ 3327.65,100
3688,09:37:38,$ 3327.65,100
3689,09:37:37,$ 3328.00,100
3690,09:37:37,$ 3327.86,100
3691,09:37:37,$ 3326.9945,200
3692,09:37:37,$ 3327.07,100
3693,09:37:36,$ 3327.10,100
3694,09:37:36,$ 3326.65,100
3695,09:37:36,$ 3326.71,100
3697,09:37:36,$ 3327.15,386
3698,09:37:36,$ 3327.65,114
3699,09:37:35,$ 3327.98,100
3700,09:37:35,$ 3327.15,100
3701,09:37:35,$ 3328.00,100
3702,09:37:35,$ 3327.56,100
3703,09:37:35,$ 3327.15,100
3704,09:37:34,$ 3327.15,100
3705,09:37:34,$ 3327.15,100
3706,09:37:34,$ 3326.91,100
3707,09:37:34,$ 3327.15,200
3708,09:37:34,$ 3326.65,100
3709,09:37:34,$ 3326.65,100
3710,09:37:34,$ 3326.65,100
3711,09:37:33,$ 3326.65,100
3712,09:37:33,$ 3326.20,100
3713,09:37:33,$ 3326.91,100
3714,09:37:33,$ 3326.91,100
3715,09:37:33,$ 3326.91,100
3716,09:37:33,$ 3326.65,200
3718,09:37:33,$ 3326.15,185
3719,09:37:33,$ 3325.91,100
3720,09:37:33,$ 3326.15,120
3721,09:37:33,$ 3326.15,100
3722,09:37:33,$ 3326.15,100
3723,09:37:33,$ 3326.69,100
3724,09:37:33,$ 3326.15,100
3725,09:37:33,$ 3325.89,100
3726,09:37:33,$ 3325.925,100
3727,09:37:33,$ 3325.19,100
3728,09:37:33,$ 3325.90,100
3729,09:37:31,$ 3324.915,100
3730,09:37:30,$ 3324.85,100
3731,09:37:30,$ 3324.85,100
3732,09:37:30,$ 3325.60,100
3733,09:37:30,$ 3324.70,100
3734,09:37:30,$ 3324.68,100
3735,09:37:30,$ 3324.70,100
3736,09:37:30,$ 3325.99,100
3737,09:37:30,$ 3325.19,100
3739,09:37:29,$ 3324.70,100
3740,09:37:27,$ 3322.76,100
3741,09:37:27,$ 3323.295,100
3742,09:37:27,$ 3322.04,100
3743,09:37:27,$ 3323.21,500
