,NLS Time (ET),NLS Price,NLS Share Volume
1,09:59:58,$ 3233.00,100
2,09:59:55,$ 3232.99,100
3,09:59:46,$ 3232.135,200
4,09:59:46,$ 3231.2701,260
5,09:59:30,$ 3233.29,181
6,09:59:20,$ 3233.07,100
7,09:59:19,$ 3232.21,300
8,09:59:19,$ 3232.21,200
9,09:59:19,$ 3232.9999,292
10,09:59:18,$ 3232.3199,"1,000"
11,09:59:07,$ 3230.04,205
12,09:59:04,$ 3229.8742,100
13,09:59:02,$ 3230.04,360
14,09:59:02,$ 3230.20,100
15,09:59:02,$ 3230.18,100
16,09:59:02,$ 3230.11,100
17,09:58:56,$ 3229.8669,247
18,09:58:55,$ 3229.52,100
19,09:58:55,$ 3229.02,100
20,09:58:55,$ 3229.00,100
22,09:58:55,$ 3229.00,100
23,09:58:55,$ 3229.00,100
24,09:58:55,$ 3229.52,100
25,09:58:55,$ 3229.02,100
26,09:58:55,$ 3229.02,100
27,09:58:55,$ 3230.405,100
28,09:58:55,$ 3229.16,100
29,09:58:55,$ 3229.565,100
30,09:58:54,$ 3230.01,100
31,09:58:54,$ 3231.84,970
32,09:58:47,$ 3231.115,"1,000"
33,09:58:47,$ 3230.94,100
34,09:58:46,$ 3230.7679,309
35,09:58:46,$ 3230.51,100
36,09:58:46,$ 3230.70,100
37,09:58:46,$ 3230.29,100
38,09:58:46,$ 3230.79,100
39,09:58:46,$ 3230.20,100
40,09:58:45,$ 3230.7302,"1,000"
41,09:58:12,$ 3232.20,100
43,09:58:12,$ 3233.00,100
44,09:58:12,$ 3233.08,226
45,09:58:12,$ 3233.00,100
46,09:58:06,$ 3232.3582,"1,000"
47,09:57:46,$ 3232.5601,160
48,09:57:41,$ 3230.57,100
49,09:57:40,$ 3231.00,100
50,09:57:40,$ 3231.00,100
51,09:57:40,$ 3231.21,100
52,09:57:34,$ 3232.722,120
53,09:57:33,$ 3231.9429,105
54,09:57:16,$ 3232.21,100
55,09:57:15,$ 3233.365,100
56,09:57:14,$ 3232.8728,109
57,09:56:56,$ 3232.49,100
58,09:56:56,$ 3232.00,"1,138"
59,09:56:56,$ 3232.14,380
60,09:56:56,$ 3231.97,100
61,09:56:56,$ 3232.00,137
62,09:56:56,$ 3232.00,164
64,09:56:56,$ 3232.585,300
65,09:56:56,$ 3232.585,200
66,09:56:55,$ 3232.0364,100
67,09:56:49,$ 3232.97,100
68,09:56:32,$ 3231.78,900
69,09:56:31,$ 3232.285,"1,000"
70,09:56:30,$ 3232.55,100
71,09:56:30,$ 3232.00,100
72,09:56:30,$ 3231.86,100
73,09:56:30,$ 3233.9999,"1,000"
74,09:56:29,$ 3233.00,100
75,09:56:25,$ 3233.00,100
76,09:56:14,$ 3232.075,100
77,09:56:12,$ 3232.55,100
78,09:56:12,$ 3232.55,100
79,09:56:10,$ 3231.79,100
80,09:56:10,$ 3231.69,100
81,09:56:08,$ 3233.89,100
82,09:56:08,$ 3233.98,100
83,09:56:08,$ 3233.96,100
85,09:56:08,$ 3233.50,100
86,09:56:08,$ 3233.98,100
87,09:56:08,$ 3233.98,100
88,09:55:57,$ 3235.19,100
89,09:55:57,$ 3235.15,100
90,09:55:36,$ 3231.79,100
91,09:55:28,$ 3233.85,100
92,09:55:08,$ 3234.0201,100
93,09:55:04,$ 3236.00,100
94,09:55:00,$ 3236.42,151
95,09:54:55,$ 3234.02,100
96,09:54:55,$ 3234.17,100
97,09:54:49,$ 3236.2799,"1,282"
98,09:54:46,$ 3234.907,100
99,09:54:45,$ 3235.00,100
100,09:54:33,$ 3236.633,250
101,09:54:33,$ 3237.07,100
102,09:54:33,$ 3237.485,100
103,09:54:32,$ 3236.1699,929
104,09:54:29,$ 3236.1684,"1,000"
106,09:54:24,$ 3236.614,100
107,09:54:18,$ 3237.59,100
108,09:54:12,$ 3237.312,100
109,09:54:09,$ 3237.82,100
110,09:53:59,$ 3237.95,100
111,09:53:55,$ 3237.18,155
112,09:53:55,$ 3237.18,297
113,09:53:55,$ 3237.42,100
114,09:53:55,$ 3237.42,100
115,09:53:55,$ 3237.41,282
116,09:53:55,$ 3236.91,282
117,09:53:55,$ 3237.36,100
118,09:53:54,$ 3236.7299,289
119,09:53:54,$ 3236.7299,589
120,09:53:54,$ 3236.7299,122
121,09:53:52,$ 3236.7299,"1,000"
122,09:53:42,$ 3236.23,"1,000"
123,09:53:41,$ 3235.5621,959
124,09:53:41,$ 3236.12,"1,000"
125,09:53:40,$ 3236.12,250
127,09:53:35,$ 3236.8892,"1,000"
128,09:53:16,$ 3237.04,100
129,09:53:16,$ 3237.00,100
130,09:53:11,$ 3237.49,"1,000"
131,09:53:11,$ 3236.6343,122
132,09:53:11,$ 3236.6343,566
133,09:53:10,$ 3235.4205,"1,000"
134,09:53:09,$ 3237.135,100
135,09:53:08,$ 3236.07,100
136,09:53:04,$ 3236.46,100
137,09:53:02,$ 3237.945,100
138,09:52:59,$ 3237.855,100
139,09:52:58,$ 3237.025,100
140,09:52:56,$ 3237.61,100
141,09:52:48,$ 3238.00,100
142,09:52:46,$ 3236.75,700
143,09:52:44,$ 3237.935,100
144,09:52:44,$ 3236.88,190
145,09:52:40,$ 3236.87,100
146,09:52:37,$ 3238.00,100
148,09:52:31,$ 3235.9564,100
149,09:52:24,$ 3238.00,100
150,09:52:23,$ 3237.93,100
151,09:52:23,$ 3237.93,100
152,09:52:22,$ 3237.80,100
153,09:52:21,$ 3236.865,100
154,09:52:21,$ 3236.4185,206
155,09:52:21,$ 3236.4185,392
156,09:52:21,$ 3236.73,259
157,09:52:21,$ 3236.23,259
158,09:52:20,$ 3236.81,100
159,09:52:20,$ 3235.78,100
160,09:52:20,$ 3235.78,"1,000"
161,09:52:19,$ 3236.815,100
162,09:52:19,$ 3236.2244,281
163,09:52:19,$ 3235.95,100
164,09:52:19,$ 3234.90,100
165,09:52:19,$ 3234.726,100
166,09:52:19,$ 3234.94,100
167,09:52:18,$ 3235.405,100
169,09:52:18,$ 3234.58,100
170,09:52:18,$ 3234.60,100
171,09:52:15,$ 3235.37,100
172,09:52:14,$ 3235.335,100
173,09:52:13,$ 3234.651,309
174,09:52:13,$ 3234.108,100
175,09:52:13,$ 3234.08,100
176,09:52:13,$ 3233.96,100
177,09:52:12,$ 3232.6052,283
178,09:52:12,$ 3232.6052,663
179,09:52:10,$ 3232.00,900
180,09:52:08,$ 3231.27,100
181,09:52:05,$ 3233.295,100
182,09:51:30,$ 3234.74,100
183,09:51:28,$ 3234.39,100
184,09:51:16,$ 3235.645,100
185,09:51:07,$ 3233.25,100
186,09:51:07,$ 3232.78,100
187,09:51:07,$ 3233.19,100
188,09:51:03,$ 3232.00,400
190,09:51:02,$ 3232.24,124
191,09:51:02,$ 3233.95,100
192,09:51:02,$ 3234.00,100
193,09:51:02,$ 3233.93,100
194,09:50:58,$ 3234.81,297
195,09:50:58,$ 3236.365,100
196,09:50:49,$ 3235.77,100
197,09:50:48,$ 3236.39,100
198,09:50:18,$ 3236.68,100
199,09:50:18,$ 3236.61,100
200,09:50:08,$ 3237.245,200
201,09:50:07,$ 3238.165,300
202,09:50:05,$ 3237.99,100
203,09:50:05,$ 3237.00,250
204,09:50:05,$ 3237.00,171
205,09:50:05,$ 3236.3561,298
206,09:50:05,$ 3236.50,171
207,09:50:05,$ 3236.99,370
208,09:50:05,$ 3236.49,370
209,09:50:02,$ 3235.01,100
211,09:50:02,$ 3234.80,100
212,09:50:02,$ 3236.3054,160
213,09:50:02,$ 3236.4191,543
214,09:50:02,$ 3235.69,100
215,09:50:01,$ 3235.8499,"1,000"
216,09:50:00,$ 3233.918,206
217,09:50:00,$ 3235.00,151
218,09:49:55,$ 3233.01,700
219,09:49:52,$ 3230.9601,"1,000"
220,09:49:47,$ 3233.19,100
221,09:49:45,$ 3233.21,"1,000"
222,09:49:44,$ 3232.33,"1,000"
223,09:49:44,$ 3232.315,"1,000"
224,09:49:29,$ 3232.05,200
225,09:49:05,$ 3233.0303,121
226,09:49:05,$ 3233.0303,309
227,09:49:05,$ 3232.22,100
228,09:49:05,$ 3232.72,100
229,09:49:05,$ 3231.27,100
230,09:49:05,$ 3231.16,100
232,09:49:05,$ 3231.66,100
233,09:49:04,$ 3231.2861,"1,000"
234,09:48:54,$ 3229.7485,100
235,09:48:53,$ 3231.2146,"1,000"
236,09:48:51,$ 3230.69,"1,000"
237,09:48:50,$ 3230.00,100
238,09:48:43,$ 3230.76,100
239,09:48:43,$ 3231.11,100
240,09:48:34,$ 3233.39,100
241,09:48:29,$ 3234.72,250
242,09:48:20,$ 3233.66,100
243,09:48:20,$ 3234.77,100
244,09:48:20,$ 3234.78,100
245,09:48:19,$ 3233.4334,300
246,09:48:16,$ 3233.93,500
247,09:48:16,$ 3233.45,100
248,09:48:16,$ 3233.47,100
249,09:48:16,$ 3234.72,100
250,09:48:14,$ 3235.99,664
251,09:48:14,$ 3234.58,100
253,09:48:01,$ 3234.145,100
254,09:47:54,$ 3233.7723,100
255,09:47:48,$ 3234.36,100
256,09:47:48,$ 3235.26,100
257,09:47:42,$ 3236.00,100
258,09:47:36,$ 3236.445,100
259,09:47:00,$ 3236.50,100
260,09:46:55,$ 3237.2092,500
261,09:46:46,$ 3237.93,100
262,09:46:46,$ 3237.85,150
263,09:46:37,$ 3235.7681,100
264,09:46:32,$ 3236.00,400
265,09:46:27,$ 3236.08,100
266,09:46:27,$ 3236.71,100
267,09:46:27,$ 3236.999,100
268,09:46:27,$ 3234.63,100
269,09:46:26,$ 3235.00,100
270,09:46:24,$ 3237.00,100
271,09:46:15,$ 3236.00,100
272,09:46:15,$ 3235.95,100
274,09:46:15,$ 3236.00,794
275,09:46:10,$ 3236.00,100
276,09:46:08,$ 3235.005,200
277,09:46:03,$ 3235.90,100
278,09:45:55,$ 3234.00,130
279,09:45:54,$ 3235.95,100
280,09:45:53,$ 3235.99,216
281,09:45:53,$ 3235.98,100
282,09:45:35,$ 3235.41,100
283,09:45:34,$ 3235.38,200
284,09:45:31,$ 3233.9318,200
285,09:45:28,$ 3237.4556,100
286,09:45:20,$ 3236.00,100
287,09:45:13,$ 3236.90,100
288,09:45:12,$ 3237.66,100
289,09:45:02,$ 3238.80,100
290,09:45:02,$ 3238.00,570
291,09:45:02,$ 3238.00,176
292,09:45:02,$ 3237.99,100
293,09:45:02,$ 3238.00,223
295,09:45:02,$ 3237.00,100
296,09:45:02,$ 3237.00,104
297,09:45:01,$ 3235.685,100
298,09:45:01,$ 3235.685,250
299,09:44:40,$ 3231.75,100
300,09:44:35,$ 3232.50,200
301,09:44:35,$ 3232.14,280
302,09:44:24,$ 3230.58,100
303,09:44:23,$ 3232.035,100
304,09:44:20,$ 3233.50,100
305,09:44:05,$ 3232.85,100
306,09:44:02,$ 3232.97,100
307,09:43:57,$ 3233.245,100
308,09:43:43,$ 3234.61,100
309,09:43:30,$ 3235.3128,592
310,09:43:30,$ 3235.61,100
311,09:43:30,$ 3235.664,100
312,09:43:30,$ 3235.11,100
313,09:43:30,$ 3235.18,100
314,09:43:27,$ 3235.2188,"1,000"
316,09:43:26,$ 3235.76,"1,000"
317,09:43:07,$ 3233.895,100
318,09:43:06,$ 3234.73,100
319,09:43:02,$ 3235.08,100
320,09:43:01,$ 3233.155,500
321,09:43:00,$ 3234.0454,500
322,09:42:57,$ 3233.5924,100
323,09:42:53,$ 3234.22,100
324,09:42:43,$ 3236.9999,500
325,09:42:42,$ 3233.70,423
326,09:42:41,$ 3234.6041,500
327,09:42:40,$ 3235.105,500
328,09:42:37,$ 3235.00,100
329,09:42:37,$ 3235.00,100
330,09:42:37,$ 3235.00,200
331,09:42:37,$ 3235.00,200
332,09:42:34,$ 3235.00,100
333,09:42:34,$ 3235.00,100
334,09:42:33,$ 3236.9599,100
335,09:42:28,$ 3236.96,140
337,09:42:22,$ 3236.76,100
338,09:42:20,$ 3235.04,100
339,09:42:20,$ 3235.60,100
340,09:42:18,$ 3236.53,100
341,09:42:18,$ 3236.53,332
342,09:42:18,$ 3236.53,100
343,09:42:18,$ 3236.53,134
344,09:42:18,$ 3236.53,100
345,09:42:07,$ 3238.3727,100
346,09:42:07,$ 3239.00,100
347,09:41:59,$ 3236.765,300
348,09:41:48,$ 3235.881,100
349,09:41:45,$ 3236.1225,107
350,09:41:40,$ 3236.00,200
351,09:41:40,$ 3236.00,100
352,09:41:40,$ 3236.00,299
353,09:41:40,$ 3236.00,100
354,09:41:40,$ 3236.00,104
355,09:41:38,$ 3235.00,100
356,09:41:38,$ 3235.00,128
358,09:41:38,$ 3235.00,100
359,09:41:38,$ 3235.00,100
360,09:41:38,$ 3235.00,100
361,09:41:38,$ 3235.00,100
362,09:41:38,$ 3235.00,107
363,09:41:38,$ 3235.00,101
364,09:41:38,$ 3235.00,101
365,09:41:38,$ 3235.00,100
366,09:41:24,$ 3236.55,100
367,09:41:24,$ 3236.83,"1,000"
368,09:41:24,$ 3236.9953,"1,000"
369,09:41:17,$ 3233.60,100
370,09:41:17,$ 3234.02,100
371,09:41:12,$ 3235.005,100
372,09:41:10,$ 3235.00,340
373,09:41:10,$ 3235.00,386
374,09:41:03,$ 3236.12,100
375,09:41:03,$ 3236.645,100
376,09:41:03,$ 3237.04,196
377,09:41:01,$ 3235.515,100
379,09:41:01,$ 3236.05,258
380,09:41:01,$ 3235.84,100
381,09:41:00,$ 3235.7158,100
382,09:40:55,$ 3236.05,498
383,09:40:55,$ 3234.62,100
384,09:40:55,$ 3234.12,100
385,09:40:55,$ 3235.405,100
386,09:40:51,$ 3235.50,471
387,09:40:51,$ 3235.45,100
388,09:40:51,$ 3235.48,100
389,09:40:49,$ 3235.31,100
390,09:40:42,$ 3234.34,100
391,09:40:40,$ 3236.45,100
392,09:40:36,$ 3235.90,100
393,09:40:36,$ 3236.00,173
394,09:40:31,$ 3234.95,100
395,09:40:30,$ 3233.9539,500
396,09:40:30,$ 3234.045,100
397,09:40:30,$ 3233.375,200
398,09:40:21,$ 3233.25,100
400,09:40:20,$ 3230.2475,"1,000"
401,09:40:15,$ 3229.6458,500
402,09:40:15,$ 3234.0216,100
403,09:40:15,$ 3234.0216,100
404,09:40:15,$ 3234.242,100
405,09:40:14,$ 3234.08,100
406,09:40:14,$ 3234.085,100
407,09:40:12,$ 3232.28,"1,000"
408,09:40:05,$ 3234.3243,112
409,09:40:04,$ 3233.99,100
410,09:40:03,$ 3232.24,100
411,09:40:01,$ 3232.00,300
412,09:40:01,$ 3232.00,100
413,09:40:01,$ 3232.00,300
414,09:40:01,$ 3232.00,200
415,09:40:01,$ 3231.47,100
416,09:40:00,$ 3230.7226,151
417,09:39:57,$ 3229.015,100
418,09:39:57,$ 3229.7613,120
419,09:39:47,$ 3227.6318,100
421,09:39:44,$ 3229.69,150
422,09:39:42,$ 3229.25,100
423,09:39:39,$ 3230.48,150
424,09:39:32,$ 3229.94,100
425,09:39:29,$ 3229.85,100
426,09:39:26,$ 3230.14,100
427,09:39:23,$ 3230.41,100
428,09:39:23,$ 3231.9999,"1,000"
429,09:39:22,$ 3230.38,100
430,09:39:13,$ 3230.54,100
431,09:39:13,$ 3230.40,100
432,09:39:06,$ 3231.86,220
433,09:39:02,$ 3231.13,100
434,09:39:02,$ 3231.00,422
435,09:39:02,$ 3231.00,578
436,09:39:02,$ 3230.46,100
437,09:38:54,$ 3229.555,100
438,09:38:54,$ 3230.71,100
439,09:38:53,$ 3230.00,705
440,09:38:53,$ 3229.95,100
442,09:38:53,$ 3230.00,100
443,09:38:53,$ 3230.00,100
444,09:38:53,$ 3230.00,100
445,09:38:53,$ 3230.00,140
446,09:38:53,$ 3230.00,100
447,09:38:53,$ 3230.00,205
448,09:38:53,$ 3229.00,500
449,09:38:53,$ 3229.00,100
450,09:38:53,$ 3227.93,100
451,09:38:53,$ 3228.30,100
452,09:38:53,$ 3227.80,100
453,09:38:53,$ 3227.89,100
454,09:38:36,$ 3227.915,100
455,09:38:17,$ 3227.66,200
456,09:38:14,$ 3227.8136,331
457,09:38:13,$ 3227.66,100
458,09:38:10,$ 3228.8699,400
459,09:38:09,$ 3226.925,100
460,09:38:08,$ 3227.80,400
461,09:38:08,$ 3227.44,100
463,09:38:01,$ 3226.97,100
464,09:37:52,$ 3224.58,100
465,09:37:46,$ 3224.16,100
466,09:37:22,$ 3226.34,100
467,09:37:20,$ 3226.9591,100
468,09:37:19,$ 3226.595,100
469,09:37:10,$ 3225.4301,"1,997"
470,09:37:08,$ 3227.4374,100
471,09:37:06,$ 3224.86,100
472,09:37:05,$ 3225.90,100
473,09:37:05,$ 3227.00,142
474,09:37:05,$ 3226.48,100
475,09:37:04,$ 3226.46,100
476,09:37:04,$ 3226.00,200
477,09:37:03,$ 3223.64,100
478,09:37:02,$ 3225.00,100
479,09:37:00,$ 3222.86,100
480,09:37:00,$ 3222.87,100
481,09:36:56,$ 3222.52,100
482,09:36:55,$ 3221.78,100
484,09:36:55,$ 3221.27,100
485,09:36:51,$ 3221.00,100
486,09:36:51,$ 3222.4971,272
487,09:36:51,$ 3220.97,100
488,09:36:51,$ 3220.942,100
489,09:36:51,$ 3220.928,100
490,09:36:51,$ 3220.852,100
491,09:36:51,$ 3220.776,100
492,09:36:51,$ 3220.17,100
493,09:36:51,$ 3220.83,100
494,09:36:51,$ 3220.84,100
495,09:36:51,$ 3220.97,100
496,09:36:51,$ 3220.00,100
497,09:36:51,$ 3220.00,370
498,09:36:51,$ 3220.00,100
499,09:36:35,$ 3219.50,100
500,09:36:34,$ 3219.83,111
501,09:36:34,$ 3220.00,100
502,09:36:34,$ 3220.15,100
503,09:36:34,$ 3221.45,100
505,09:36:33,$ 3223.295,100
506,09:36:33,$ 3223.295,118
507,09:36:12,$ 3222.14,100
508,09:36:06,$ 3223.04,100
509,09:36:00,$ 3221.8101,200
510,09:36:00,$ 3221.82,100
511,09:36:00,$ 3221.80,100
512,09:36:00,$ 3221.80,112
513,09:36:00,$ 3221.86,100
514,09:35:54,$ 3218.95,100
515,09:35:54,$ 3220.30,100
516,09:35:54,$ 3220.30,100
517,09:35:54,$ 3220.30,100
518,09:35:54,$ 3220.30,100
519,09:35:54,$ 3220.30,100
520,09:35:51,$ 3220.30,100
521,09:35:51,$ 3221.46,100
522,09:35:51,$ 3221.19,100
523,09:35:40,$ 3220.24,100
524,09:35:40,$ 3220.28,100
526,09:35:40,$ 3220.185,100
527,09:35:40,$ 3220.25,100
528,09:35:40,$ 3220.29,100
529,09:35:40,$ 3220.29,102
530,09:35:38,$ 3217.544,300
531,09:35:35,$ 3220.405,100
532,09:35:35,$ 3220.00,249
533,09:35:35,$ 3220.00,656
534,09:35:35,$ 3220.00,100
535,09:35:35,$ 3220.00,123
536,09:35:35,$ 3220.38,100
537,09:35:35,$ 3220.26,100
538,09:35:35,$ 3220.25,199
539,09:35:35,$ 3220.30,100
540,09:35:35,$ 3220.25,"1,327"
541,09:35:35,$ 3220.78,100
542,09:35:31,$ 3221.28,100
543,09:35:29,$ 3221.26,100
544,09:35:29,$ 3221.27,100
545,09:35:23,$ 3223.5233,300
547,09:35:21,$ 3224.65,100
548,09:35:20,$ 3224.445,100
549,09:35:20,$ 3225.22,100
550,09:35:20,$ 3225.55,158
551,09:35:12,$ 3223.33,100
552,09:35:11,$ 3223.8244,100
553,09:35:08,$ 3221.98,100
554,09:35:08,$ 3221.98,100
555,09:35:08,$ 3222.45,100
556,09:35:05,$ 3224.50,225
557,09:35:05,$ 3222.67,100
558,09:34:52,$ 3221.125,200
559,09:34:52,$ 3221.8448,200
560,09:34:52,$ 3221.125,100
561,09:34:52,$ 3221.00,100
562,09:34:50,$ 3221.72,100
563,09:34:40,$ 3223.53,100
564,09:34:34,$ 3222.86,100
565,09:34:32,$ 3224.20,100
566,09:34:25,$ 3224.945,100
568,09:34:18,$ 3223.0694,750
569,09:34:10,$ 3225.59,100
570,09:34:10,$ 3226.04,100
571,09:33:53,$ 3226.0899,100
572,09:33:52,$ 3224.82,100
573,09:33:44,$ 3220.25,116
574,09:33:41,$ 3221.41,100
575,09:33:41,$ 3221.05,300
576,09:33:32,$ 3223.775,390
577,09:33:19,$ 3227.4784,250
578,09:33:17,$ 3225.696,100
579,09:33:17,$ 3225.69,489
580,09:33:11,$ 3226.53,200
581,09:33:09,$ 3225.6801,100
582,09:33:07,$ 3227.55,100
583,09:33:07,$ 3227.51,100
584,09:33:00,$ 3227.35,210
585,09:33:00,$ 3227.35,"2,900"
586,09:33:00,$ 3227.00,100
587,09:33:00,$ 3226.95,100
589,09:33:00,$ 3226.86,100
590,09:33:00,$ 3225.99,100
591,09:33:00,$ 3225.975,100
592,09:33:00,$ 3225.95,100
593,09:33:00,$ 3225.982,100
594,09:33:00,$ 3225.97,100
595,09:33:00,$ 3225.95,100
596,09:33:00,$ 3225.00,245
597,09:33:00,$ 3224.84,100
598,09:33:00,$ 3224.89,461
599,09:33:00,$ 3225.00,100
600,09:33:00,$ 3225.00,100
601,09:32:59,$ 3221.1883,100
602,09:32:56,$ 3221.825,100
603,09:32:56,$ 3221.66,100
604,09:32:46,$ 3222.43,100
605,09:32:39,$ 3221.96,100
606,09:32:37,$ 3221.46,350
607,09:32:34,$ 3220.84,100
608,09:32:17,$ 3222.90,100
610,09:32:17,$ 3223.85,100
611,09:32:17,$ 3224.00,100
612,09:32:16,$ 3223.00,905
613,09:32:11,$ 3221.73,100
614,09:32:11,$ 3221.72,100
615,09:32:11,$ 3222.57,100
616,09:32:11,$ 3222.56,100
617,09:32:11,$ 3221.2064,100
618,09:32:09,$ 3221.8499,100
619,09:32:06,$ 3220.555,100
620,09:32:00,$ 3219.95,100
621,09:32:00,$ 3220.00,100
622,09:32:00,$ 3219.80,100
623,09:31:52,$ 3215.08,100
624,09:31:52,$ 3215.225,100
625,09:31:52,$ 3215.41,100
626,09:31:50,$ 3216.99,400
627,09:31:42,$ 3213.225,100
628,09:31:41,$ 3214.435,250
629,09:31:41,$ 3214.99,100
631,09:31:35,$ 3211.825,100
632,09:31:34,$ 3212.07,100
633,09:31:33,$ 3215.20,100
634,09:31:29,$ 3215.00,100
635,09:31:27,$ 3215.62,100
636,09:31:27,$ 3215.25,"1,799"
637,09:31:27,$ 3214.99,100
638,09:31:27,$ 3215.00,100
639,09:31:27,$ 3215.00,100
640,09:31:27,$ 3215.00,100
641,09:31:15,$ 3210.4993,100
642,09:31:05,$ 3210.5544,100
643,09:31:03,$ 3210.6215,100
644,09:31:01,$ 3211.04,100
645,09:31:01,$ 3211.05,100
646,09:30:59,$ 3212.20,100
647,09:30:58,$ 3212.38,100
648,09:30:58,$ 3212.33,100
649,09:30:57,$ 3214.12,100
650,09:30:51,$ 3214.18,100
652,09:30:50,$ 3215.70,100
653,09:30:48,$ 3215.74,100
654,09:30:47,$ 3215.74,100
655,09:30:47,$ 3215.48,100
656,09:30:45,$ 3215.005,100
657,09:30:45,$ 3216.2399,100
658,09:30:42,$ 3216.13,100
659,09:30:42,$ 3217.26,100
660,09:30:39,$ 3218.00,100
661,09:30:39,$ 3217.52,100
662,09:30:38,$ 3218.00,100
663,09:30:30,$ 3217.22,100
664,09:30:24,$ 3216.59,100
665,09:30:24,$ 3216.87,100
666,09:30:24,$ 3217.00,100
667,09:30:21,$ 3214.63,100
668,09:30:21,$ 3214.63,121
669,09:30:21,$ 3214.59,100
670,09:30:20,$ 3213.57,100
671,09:30:10,$ 3214.00,100
673,09:30:10,$ 3214.17,100
674,09:30:10,$ 3214.00,413
675,09:30:10,$ 3214.00,350
676,09:30:03,$ 3217.10,100
677,09:30:03,$ 3216.655,100
678,09:30:02,$ 3215.50,625
679,09:30:02,$ 3215.50,10
680,09:30:02,$ 3215.50,1
681,09:30:02,$ 3215.50,1
682,09:30:02,$ 3215.50,1
683,09:30:02,$ 3215.50,1
684,09:30:02,$ 3215.50,10
685,09:30:02,$ 3215.50,10
686,09:30:02,$ 3215.50,1
687,09:30:02,$ 3215.50,2
688,09:30:02,$ 3215.50,1
689,09:30:02,$ 3215.50,1
690,09:30:02,$ 3215.50,2
691,09:30:02,$ 3215.50,3
692,09:30:02,$ 3215.50,3
694,09:30:02,$ 3215.50,5
695,09:30:02,$ 3215.50,1
696,09:30:02,$ 3215.50,1
697,09:30:02,$ 3215.50,1
698,09:30:02,$ 3215.50,2
699,09:30:02,$ 3215.50,1
700,09:30:02,$ 3215.50,50
701,09:30:02,$ 3215.50,1
702,09:30:02,$ 3215.50,1
703,09:30:02,$ 3215.50,1
704,09:30:02,$ 3215.50,6
705,09:30:02,$ 3215.50,14
706,09:30:02,$ 3215.50,100
707,09:30:02,$ 3215.50,1
708,09:30:02,$ 3215.50,3
709,09:30:02,$ 3215.50,2
710,09:30:02,$ 3215.50,1
711,09:30:02,$ 3215.50,1
712,09:30:02,$ 3215.50,2
713,09:30:02,$ 3215.50,1
715,09:30:02,$ 3215.50,1
716,09:30:02,$ 3215.50,1
717,09:30:02,$ 3215.50,8
718,09:30:02,$ 3215.50,100
719,09:30:02,$ 3215.50,1
720,09:30:02,$ 3215.50,2
721,09:30:02,$ 3215.50,7
722,09:30:02,$ 3215.50,7
723,09:30:02,$ 3215.50,2
724,09:30:02,$ 3215.50,1
725,09:30:02,$ 3215.50,6
726,09:30:02,$ 3215.50,17
727,09:30:02,$ 3215.50,6
728,09:30:02,$ 3215.50,2
729,09:30:02,$ 3215.50,12
730,09:30:02,$ 3215.50,5
731,09:30:02,$ 3215.50,5
732,09:30:02,$ 3215.50,1
733,09:30:02,$ 3215.50,3
734,09:30:02,$ 3215.50,1
736,09:30:02,$ 3215.50,3
737,09:30:02,$ 3215.50,3
738,09:30:02,$ 3215.50,3
739,09:30:02,$ 3215.50,2
740,09:30:02,$ 3215.50,12
741,09:30:02,$ 3215.50,1
742,09:30:02,$ 3215.50,2
743,09:30:02,$ 3215.50,2
744,09:30:02,$ 3215.50,2
745,09:30:02,$ 3215.50,2
746,09:30:02,$ 3215.50,3
747,09:30:02,$ 3215.50,1
748,09:30:02,$ 3215.50,10
749,09:30:02,$ 3215.50,3
750,09:30:02,$ 3215.50,3
751,09:30:02,$ 3215.50,1
752,09:30:02,$ 3215.50,7
753,09:30:02,$ 3215.50,10
754,09:30:02,$ 3215.50,14
755,09:30:02,$ 3215.50,20
757,09:30:02,$ 3215.50,100
758,09:30:02,$ 3215.50,1
759,09:30:02,$ 3215.50,7
760,09:30:02,$ 3215.50,2
761,09:30:02,$ 3215.50,8
762,09:30:02,$ 3215.50,2
763,09:30:02,$ 3215.50,4
764,09:30:02,$ 3215.50,3
765,09:30:02,$ 3215.50,1
766,09:30:02,$ 3215.50,2
767,09:30:02,$ 3215.50,2
768,09:30:02,$ 3215.50,3
769,09:30:02,$ 3215.50,1
770,09:30:02,$ 3215.50,1
771,09:30:02,$ 3215.50,3
772,09:30:02,$ 3215.50,1
773,09:30:02,$ 3215.50,1
774,09:30:02,$ 3215.50,2
775,09:30:02,$ 3215.50,1
776,09:30:02,$ 3215.50,20
778,09:30:02,$ 3215.50,3
779,09:30:02,$ 3215.50,22
780,09:30:02,$ 3215.50,2
781,09:30:02,$ 3215.50,5
782,09:30:02,$ 3215.50,3
783,09:30:02,$ 3215.50,2
784,09:30:02,$ 3215.50,1
785,09:30:02,$ 3215.50,2
786,09:30:02,$ 3215.50,1
787,09:30:02,$ 3215.50,1
788,09:30:02,$ 3215.50,7
789,09:30:02,$ 3215.50,5
790,09:30:02,$ 3215.50,"2,000"
791,09:30:02,$ 3215.50,2
792,09:30:02,$ 3215.50,2
793,09:30:02,$ 3215.50,1
794,09:30:02,$ 3215.50,1
795,09:30:02,$ 3215.50,1
796,09:30:02,$ 3215.50,2
797,09:30:02,$ 3215.50,5
799,09:30:02,$ 3215.50,10
800,09:30:02,$ 3215.50,2
801,09:30:02,$ 3215.50,4
802,09:30:02,$ 3215.50,1
803,09:30:02,$ 3215.50,5
804,09:30:02,$ 3215.50,156
805,09:30:02,$ 3215.50,1
806,09:30:02,$ 3215.50,5
807,09:30:02,$ 3215.50,20
808,09:30:02,$ 3215.50,1
809,09:30:02,$ 3215.50,2
810,09:30:02,$ 3215.50,1
811,09:30:02,$ 3215.50,1
812,09:30:02,$ 3215.50,3
813,09:30:02,$ 3215.50,6
814,09:30:02,$ 3215.50,15
815,09:30:02,$ 3215.50,1
816,09:30:02,$ 3215.50,1
817,09:30:02,$ 3215.50,1
818,09:30:02,$ 3215.50,1
820,09:30:02,$ 3215.50,1
821,09:30:02,$ 3215.50,1
822,09:30:02,$ 3215.50,3
823,09:30:02,$ 3215.50,5
824,09:30:02,$ 3215.50,1
825,09:30:02,$ 3215.50,3
826,09:30:02,$ 3215.50,1
827,09:30:02,$ 3215.50,15
828,09:30:02,$ 3215.50,5
829,09:30:02,$ 3215.50,5
830,09:30:02,$ 3215.50,654
831,09:30:02,$ 3215.50,1
832,09:30:02,$ 3215.50,8
833,09:30:02,$ 3215.50,10
834,09:30:02,$ 3215.50,4
835,09:30:02,$ 3215.50,1
836,09:30:02,$ 3215.50,2
837,09:30:02,$ 3215.50,2
838,09:30:02,$ 3215.50,1
839,09:30:02,$ 3215.50,5
841,09:30:02,$ 3215.50,3
842,09:30:02,$ 3215.50,2
843,09:30:02,$ 3215.50,1
844,09:30:02,$ 3215.50,4
845,09:30:02,$ 3215.50,3
846,09:30:02,$ 3215.50,22
847,09:30:02,$ 3215.50,3
848,09:30:02,$ 3215.50,1
849,09:30:02,$ 3215.50,1
850,09:30:02,$ 3215.50,1
851,09:30:02,$ 3215.50,32
852,09:30:02,$ 3215.50,31
853,09:30:02,$ 3215.50,14
854,09:30:02,$ 3215.50,24
855,09:30:02,$ 3215.50,8
856,09:30:02,$ 3215.50,2
857,09:30:02,$ 3215.50,5
858,09:30:02,$ 3215.50,1
859,09:30:02,$ 3215.50,1
860,09:30:02,$ 3215.50,1
862,09:30:02,$ 3215.50,2
863,09:30:02,$ 3215.50,3
864,09:30:02,$ 3215.50,3
865,09:30:02,$ 3215.50,2
866,09:30:02,$ 3215.50,2
867,09:30:02,$ 3215.50,3
868,09:30:02,$ 3215.50,1
869,09:30:02,$ 3215.50,20
870,09:30:02,$ 3215.50,1
871,09:30:02,$ 3215.50,1
872,09:30:02,$ 3215.50,3
873,09:30:02,$ 3215.50,1
874,09:30:02,$ 3215.50,3
875,09:30:02,$ 3215.50,4
876,09:30:02,$ 3215.50,5
877,09:30:02,$ 3215.50,1
878,09:30:02,$ 3215.50,1
879,09:30:02,$ 3215.50,3
880,09:30:02,$ 3215.50,1
881,09:30:02,$ 3215.50,4
883,09:30:02,$ 3215.50,1
884,09:30:02,$ 3215.50,1
885,09:30:02,$ 3215.50,1
886,09:30:02,$ 3215.50,1
887,09:30:02,$ 3215.50,31
888,09:30:02,$ 3215.50,4
889,09:30:02,$ 3215.50,2
890,09:30:02,$ 3215.50,1
891,09:30:02,$ 3215.50,1
892,09:30:02,$ 3215.50,1
893,09:30:02,$ 3215.50,2
894,09:30:02,$ 3215.50,21
895,09:30:02,$ 3215.50,2
896,09:30:02,$ 3215.50,1
897,09:30:02,$ 3215.50,2
898,09:30:02,$ 3215.50,3
899,09:30:02,$ 3215.50,1
900,09:30:02,$ 3215.50,1
901,09:30:02,$ 3215.50,30
902,09:30:02,$ 3215.50,32
904,09:30:02,$ 3215.50,1
905,09:30:02,$ 3215.50,1
906,09:30:02,$ 3215.50,2
907,09:30:02,$ 3215.50,1
908,09:30:02,$ 3215.50,1
909,09:30:02,$ 3215.50,5
910,09:30:02,$ 3215.50,1
911,09:30:02,$ 3215.50,1
912,09:30:02,$ 3215.50,1
913,09:30:02,$ 3215.50,1
914,09:30:02,$ 3215.50,5
915,09:30:02,$ 3215.50,3
916,09:30:02,$ 3215.50,10
917,09:30:02,$ 3215.50,3
918,09:30:02,$ 3215.50,1
919,09:30:02,$ 3215.50,5
920,09:30:02,$ 3215.50,4
921,09:30:02,$ 3215.50,2
922,09:30:02,$ 3215.50,1
923,09:30:02,$ 3215.50,2
925,09:30:02,$ 3215.50,10
926,09:30:02,$ 3215.50,2
927,09:30:02,$ 3215.50,2
928,09:30:02,$ 3215.50,4
929,09:30:02,$ 3215.50,1
930,09:30:02,$ 3215.50,10
931,09:30:02,$ 3215.50,5
932,09:30:02,$ 3215.50,10
933,09:30:02,$ 3215.50,7
934,09:30:02,$ 3215.50,1
935,09:30:02,$ 3215.50,1
936,09:30:02,$ 3215.50,1
937,09:30:02,$ 3215.50,20
938,09:30:02,$ 3215.50,6
939,09:30:02,$ 3215.50,10
940,09:30:02,$ 3215.50,1
941,09:30:02,$ 3215.50,2
942,09:30:02,$ 3215.50,1
943,09:30:02,$ 3215.50,10
944,09:30:02,$ 3215.50,1
946,09:30:02,$ 3215.50,1
947,09:30:02,$ 3215.50,1
948,09:30:02,$ 3215.50,4
949,09:30:02,$ 3215.50,1
950,09:30:02,$ 3215.50,6
951,09:30:02,$ 3215.50,1
952,09:30:02,$ 3215.50,5
953,09:30:02,$ 3215.50,1
954,09:30:02,$ 3215.50,3
955,09:30:02,$ 3215.50,8
956,09:30:02,$ 3215.50,1
957,09:30:02,$ 3215.50,3
958,09:30:02,$ 3215.50,5
959,09:30:02,$ 3215.50,2
960,09:30:02,$ 3215.50,1
961,09:30:02,$ 3215.50,1
962,09:30:02,$ 3215.50,1
963,09:30:02,$ 3215.50,5
964,09:30:02,$ 3215.50,5
965,09:30:02,$ 3215.50,4
967,09:30:02,$ 3215.50,1
968,09:30:02,$ 3215.50,31
969,09:30:02,$ 3215.50,3
970,09:30:02,$ 3215.50,5
971,09:30:02,$ 3215.50,1
972,09:30:02,$ 3215.50,20
973,09:30:02,$ 3215.50,18
974,09:30:02,$ 3215.50,20
975,09:30:02,$ 3215.50,1
976,09:30:02,$ 3215.50,2
977,09:30:02,$ 3215.50,1
978,09:30:02,$ 3215.50,6
979,09:30:02,$ 3215.50,2
980,09:30:02,$ 3215.50,7
981,09:30:02,$ 3215.50,2
982,09:30:02,$ 3215.50,3
983,09:30:02,$ 3215.50,1
984,09:30:02,$ 3215.50,4
985,09:30:02,$ 3215.50,2
986,09:30:02,$ 3215.50,1
988,09:30:02,$ 3215.50,6
989,09:30:02,$ 3215.50,2
990,09:30:02,$ 3215.50,1
991,09:30:02,$ 3215.50,10
992,09:30:02,$ 3215.50,1
993,09:30:02,$ 3215.50,2
994,09:30:02,$ 3215.50,1
995,09:30:02,$ 3215.50,4
996,09:30:02,$ 3215.50,1
997,09:30:02,$ 3215.50,1
998,09:30:02,$ 3215.50,1
999,09:30:02,$ 3215.50,1
1000,09:30:02,$ 3215.50,1
1001,09:30:02,$ 3215.50,1
1002,09:30:02,$ 3215.50,12
1003,09:30:02,$ 3215.50,3
1004,09:30:02,$ 3215.50,11
1005,09:30:02,$ 3215.50,35
1006,09:30:02,$ 3215.50,20
1007,09:30:02,$ 3215.50,3
1009,09:30:02,$ 3215.50,1
1010,09:30:02,$ 3215.50,10
1011,09:30:02,$ 3215.50,3
1012,09:30:02,$ 3215.50,1
1013,09:30:02,$ 3215.50,2
1014,09:30:02,$ 3215.50,1
1015,09:30:02,$ 3215.50,4
1016,09:30:02,$ 3215.50,1
1017,09:30:02,$ 3215.50,1
1018,09:30:02,$ 3215.50,1
1019,09:30:02,$ 3215.50,4
1020,09:30:02,$ 3215.50,3
1021,09:30:02,$ 3215.50,2
1022,09:30:02,$ 3215.50,1
1023,09:30:02,$ 3215.50,1
1024,09:30:02,$ 3215.50,1
1025,09:30:02,$ 3215.50,3
1026,09:30:02,$ 3215.50,3
1027,09:30:02,$ 3215.50,1
1028,09:30:02,$ 3215.50,5
1030,09:30:02,$ 3215.50,2
1031,09:30:02,$ 3215.50,1
1032,09:30:02,$ 3215.50,1
1033,09:30:02,$ 3215.50,2
1034,09:30:02,$ 3215.50,2
1035,09:30:02,$ 3215.50,7
1036,09:30:02,$ 3215.50,7
1037,09:30:02,$ 3215.50,2
1038,09:30:02,$ 3215.50,5
1039,09:30:02,$ 3215.50,1
1040,09:30:02,$ 3215.50,1
1041,09:30:02,$ 3215.50,1
1042,09:30:02,$ 3215.50,3
1043,09:30:02,$ 3215.50,2
1044,09:30:02,$ 3215.50,3
1045,09:30:02,$ 3215.50,4
1046,09:30:02,$ 3215.50,1
1047,09:30:02,$ 3215.50,4
1048,09:30:02,$ 3215.50,1
1049,09:30:02,$ 3215.50,2
1051,09:30:02,$ 3215.50,2
1052,09:30:02,$ 3215.50,5
1053,09:30:02,$ 3215.50,5
1054,09:30:02,$ 3215.50,1
1055,09:30:02,$ 3215.50,2
1056,09:30:02,$ 3215.50,1
1057,09:30:02,$ 3215.50,1
1058,09:30:02,$ 3215.50,1
1059,09:30:02,$ 3215.50,3
1060,09:30:02,$ 3215.50,3
1061,09:30:02,$ 3215.50,3
1062,09:30:02,$ 3215.50,2
1063,09:30:02,$ 3215.50,5
1064,09:30:02,$ 3215.50,6
1065,09:30:02,$ 3215.50,6
1066,09:30:02,$ 3215.50,5
1067,09:30:02,$ 3215.50,1
1068,09:30:02,$ 3215.50,1
1069,09:30:02,$ 3215.50,6
1070,09:30:02,$ 3215.50,1
1072,09:30:02,$ 3215.50,1
1073,09:30:02,$ 3215.50,1
1074,09:30:02,$ 3215.50,1
1075,09:30:02,$ 3215.50,1
1076,09:30:02,$ 3215.50,3
1077,09:30:02,$ 3215.50,2
1078,09:30:02,$ 3215.50,1
1079,09:30:02,$ 3215.50,2
1080,09:30:02,$ 3215.50,2
1081,09:30:02,$ 3215.50,22
1082,09:30:02,$ 3215.50,4
1083,09:30:02,$ 3215.50,7
1084,09:30:02,$ 3215.50,1
1085,09:30:02,$ 3215.50,23
1086,09:30:02,$ 3215.50,2
1087,09:30:02,$ 3215.50,1
1088,09:30:02,$ 3215.50,6
1089,09:30:02,$ 3215.50,1
1090,09:30:02,$ 3215.50,2
1091,09:30:02,$ 3215.50,2
1093,09:30:02,$ 3215.50,1
1094,09:30:02,$ 3215.50,1
1095,09:30:02,$ 3215.50,1
1096,09:30:02,$ 3215.50,2
1097,09:30:02,$ 3215.50,5
1098,09:30:02,$ 3215.50,2
1099,09:30:02,$ 3215.50,1
1100,09:30:02,$ 3215.50,1
1101,09:30:02,$ 3215.50,10
1102,09:30:02,$ 3215.50,1
1103,09:30:02,$ 3215.50,6
1104,09:30:02,$ 3215.50,6
1105,09:30:02,$ 3215.50,3
1106,09:30:02,$ 3215.50,2
1107,09:30:02,$ 3215.50,1
1108,09:30:02,$ 3215.50,5
1109,09:30:02,$ 3215.50,1
1110,09:30:02,$ 3215.50,3
1111,09:30:02,$ 3215.50,1
1112,09:30:02,$ 3215.50,10
1114,09:30:02,$ 3215.50,3
1115,09:30:02,$ 3215.50,2
1116,09:30:02,$ 3215.50,1
1117,09:30:02,$ 3215.50,1
1118,09:30:02,$ 3215.50,1
1119,09:30:02,$ 3215.50,1
1120,09:30:02,$ 3215.50,15
1121,09:30:02,$ 3215.50,2
1122,09:30:02,$ 3215.50,1
1123,09:30:02,$ 3215.50,2
1124,09:30:02,$ 3215.50,2
1125,09:30:02,$ 3215.50,2
1126,09:30:02,$ 3215.50,17
1127,09:30:02,$ 3215.50,3
1128,09:30:02,$ 3215.50,1
1129,09:30:02,$ 3215.50,10
1130,09:30:02,$ 3215.50,3
1131,09:30:02,$ 3215.50,2
1132,09:30:02,$ 3215.50,1
1133,09:30:02,$ 3215.50,2
1135,09:30:02,$ 3215.50,2
1136,09:30:02,$ 3215.50,1
1137,09:30:02,$ 3215.50,1
1138,09:30:02,$ 3215.50,5
1139,09:30:02,$ 3215.50,1
1140,09:30:02,$ 3215.50,1
1141,09:30:02,$ 3215.50,3
1142,09:30:02,$ 3215.50,1
1143,09:30:02,$ 3215.50,1
1144,09:30:02,$ 3215.50,1
1145,09:30:02,$ 3215.50,5
1146,09:30:02,$ 3215.50,1
1147,09:30:02,$ 3215.50,3
1148,09:30:02,$ 3215.50,2
1149,09:30:02,$ 3215.50,3
1150,09:30:02,$ 3215.50,4
1151,09:30:02,$ 3215.50,64
1152,09:30:02,$ 3215.50,129
1153,09:30:02,$ 3215.50,13
1154,09:30:02,$ 3215.50,1
1156,09:30:02,$ 3215.50,1
1157,09:30:02,$ 3215.50,2
1158,09:30:02,$ 3215.50,1
1159,09:30:02,$ 3215.50,8
1160,09:30:02,$ 3215.50,10
1161,09:30:02,$ 3215.50,2
1162,09:30:02,$ 3215.50,1
1163,09:30:02,$ 3215.50,2
1164,09:30:02,$ 3215.50,10
1165,09:30:02,$ 3215.50,1
1166,09:30:02,$ 3215.50,1
1167,09:30:02,$ 3215.50,3
1168,09:30:02,$ 3215.50,5
1169,09:30:02,$ 3215.50,1
1170,09:30:02,$ 3215.50,5
1171,09:30:02,$ 3215.50,1
1172,09:30:02,$ 3215.50,1
1173,09:30:02,$ 3215.50,6
1174,09:30:02,$ 3215.50,1
1175,09:30:02,$ 3215.50,1
1177,09:30:02,$ 3215.50,1
1178,09:30:02,$ 3215.50,6
1179,09:30:02,$ 3215.50,1
1180,09:30:02,$ 3215.50,1
1181,09:30:02,$ 3215.50,1
1182,09:30:02,$ 3215.50,1
1183,09:30:02,$ 3215.50,7
1184,09:30:02,$ 3215.50,10
1185,09:30:02,$ 3215.50,1
1186,09:30:02,$ 3215.50,2
1187,09:30:02,$ 3215.50,32
1188,09:30:02,$ 3215.50,1
1189,09:30:02,$ 3215.50,1
1190,09:30:02,$ 3215.50,1
1191,09:30:02,$ 3215.50,1
1192,09:30:02,$ 3215.50,7
1193,09:30:02,$ 3215.50,1
1194,09:30:02,$ 3215.50,4
1195,09:30:02,$ 3215.50,1
1196,09:30:02,$ 3215.50,1
1198,09:30:02,$ 3215.50,1
1199,09:30:02,$ 3215.50,1
1200,09:30:02,$ 3215.50,1
1201,09:30:02,$ 3215.50,2
1202,09:30:02,$ 3215.50,4
1203,09:30:02,$ 3215.50,3
1204,09:30:02,$ 3215.50,1
1205,09:30:02,$ 3215.50,1
1206,09:30:02,$ 3215.50,1
1207,09:30:02,$ 3215.50,10
1208,09:30:02,$ 3215.50,20
1209,09:30:02,$ 3215.50,3
1210,09:30:02,$ 3215.50,1
1211,09:30:02,$ 3215.50,3
1212,09:30:02,$ 3215.50,1
1213,09:30:02,$ 3215.50,2
1214,09:30:02,$ 3215.50,78
1215,09:30:02,$ 3215.50,3
1216,09:30:02,$ 3215.50,1
1217,09:30:02,$ 3215.50,1
1219,09:30:02,$ 3215.50,15
1220,09:30:02,$ 3215.50,1
1221,09:30:02,$ 3215.50,2
1222,09:30:02,$ 3215.50,4
1223,09:30:02,$ 3215.50,3
1224,09:30:02,$ 3215.50,1
1225,09:30:02,$ 3215.50,1
1226,09:30:02,$ 3215.50,4
1227,09:30:02,$ 3215.50,1
1228,09:30:02,$ 3215.50,2
1229,09:30:02,$ 3215.50,1
1230,09:30:02,$ 3215.50,1
1231,09:30:02,$ 3215.50,10
1232,09:30:02,$ 3215.50,1
1233,09:30:02,$ 3215.50,10
1234,09:30:02,$ 3215.50,1
1235,09:30:02,$ 3215.50,3
1236,09:30:02,$ 3215.50,1
1237,09:30:02,$ 3215.50,3
1238,09:30:02,$ 3215.50,4
1240,09:30:02,$ 3215.50,1
1241,09:30:02,$ 3215.50,1
1242,09:30:02,$ 3215.50,1
1243,09:30:02,$ 3215.50,20
1244,09:30:02,$ 3215.50,1
1245,09:30:02,$ 3215.50,2
1246,09:30:02,$ 3215.50,2
1247,09:30:02,$ 3215.50,5
1248,09:30:02,$ 3215.50,2
1249,09:30:02,$ 3215.50,1
1250,09:30:02,$ 3215.50,1
1251,09:30:02,$ 3215.50,1
1252,09:30:02,$ 3215.50,1
1253,09:30:02,$ 3215.50,4
1254,09:30:02,$ 3215.50,2
1255,09:30:02,$ 3215.50,1
1256,09:30:02,$ 3215.50,1
1257,09:30:02,$ 3215.50,5
1258,09:30:02,$ 3215.50,3
1259,09:30:02,$ 3215.50,5
1261,09:30:02,$ 3215.50,1
1262,09:30:02,$ 3215.50,1
1263,09:30:02,$ 3215.50,1
1264,09:30:02,$ 3215.50,1
1265,09:30:02,$ 3215.50,30
1266,09:30:02,$ 3215.50,10
1267,09:30:02,$ 3215.50,1
1268,09:30:02,$ 3215.50,60
1269,09:30:02,$ 3215.50,1
1270,09:30:02,$ 3215.50,1
1271,09:30:02,$ 3215.50,2
1272,09:30:02,$ 3215.50,8
1273,09:30:02,$ 3215.50,5
1274,09:30:02,$ 3215.50,1
1275,09:30:02,$ 3215.50,1
1276,09:30:02,$ 3215.50,2
1277,09:30:02,$ 3215.50,10
1278,09:30:02,$ 3215.50,6
1279,09:30:02,$ 3215.50,5
1280,09:30:02,$ 3215.50,3
1282,09:30:02,$ 3215.50,3
1283,09:30:02,$ 3215.50,3
1284,09:30:02,$ 3215.50,4
1285,09:30:02,$ 3215.50,3
1286,09:30:02,$ 3215.50,5
1287,09:30:02,$ 3215.50,2
1288,09:30:02,$ 3215.50,2
1289,09:30:02,$ 3215.50,10
1290,09:30:02,$ 3215.50,5
1291,09:30:02,$ 3215.50,4
1292,09:30:02,$ 3215.50,5
1293,09:30:02,$ 3215.50,16
1294,09:30:02,$ 3215.50,7
1295,09:30:02,$ 3215.50,1
1296,09:30:02,$ 3215.50,1
1297,09:30:02,$ 3215.50,5
1298,09:30:02,$ 3215.50,2
1299,09:30:02,$ 3215.50,10
1300,09:30:02,$ 3215.50,8
1301,09:30:02,$ 3215.50,3
1303,09:30:02,$ 3215.50,2
1304,09:30:02,$ 3215.50,2
1305,09:30:02,$ 3215.50,8
1306,09:30:02,$ 3215.50,8
1307,09:30:02,$ 3215.50,1
1308,09:30:02,$ 3215.50,6
1309,09:30:02,$ 3215.50,9
1310,09:30:02,$ 3215.50,8
1311,09:30:02,$ 3215.50,6
1312,09:30:02,$ 3215.50,5
1313,09:30:02,$ 3215.50,5
1314,09:30:02,$ 3215.50,1
1315,09:30:02,$ 3215.50,3
1316,09:30:02,$ 3215.50,3
1317,09:30:02,$ 3215.50,3
1318,09:30:02,$ 3215.50,3
1319,09:30:02,$ 3215.50,3
1320,09:30:02,$ 3215.50,30
1321,09:30:02,$ 3215.50,9
1322,09:30:02,$ 3215.50,10
1324,09:30:02,$ 3215.50,1
1325,09:30:02,$ 3215.50,9
1326,09:30:02,$ 3215.50,3
1327,09:30:02,$ 3215.50,96
1328,09:30:02,$ 3215.50,140
1329,09:30:02,$ 3215.50,10
1330,09:30:02,$ 3215.50,1
1331,09:30:02,$ 3215.50,7
1332,09:30:02,$ 3215.50,1
1333,09:30:02,$ 3215.50,1
1334,09:30:02,$ 3215.50,7
1335,09:30:02,$ 3215.50,5
1336,09:30:02,$ 3215.50,1
1337,09:30:02,$ 3215.50,6
1338,09:30:02,$ 3215.50,1
1339,09:30:02,$ 3215.50,3
1340,09:30:02,$ 3215.50,1
1341,09:30:02,$ 3215.50,3
1342,09:30:02,$ 3215.50,3
1343,09:30:02,$ 3215.50,1
1345,09:30:02,$ 3215.50,1
1346,09:30:02,$ 3215.50,199
1347,09:30:02,$ 3215.50,1
1348,09:30:02,$ 3215.50,40
1349,09:30:02,$ 3215.50,1
1350,09:30:02,$ 3215.50,1
1351,09:30:02,$ 3215.50,4
1352,09:30:02,$ 3215.50,1
1353,09:30:02,$ 3215.50,1
1354,09:30:02,$ 3215.50,6
1355,09:30:02,$ 3215.50,1
1356,09:30:02,$ 3215.50,1
1357,09:30:02,$ 3215.50,3
1358,09:30:02,$ 3215.50,1
1359,09:30:02,$ 3215.50,1
1360,09:30:02,$ 3215.50,1
1361,09:30:02,$ 3215.50,4
1362,09:30:02,$ 3215.50,5
1363,09:30:02,$ 3215.50,2
1364,09:30:02,$ 3215.50,1
1366,09:30:02,$ 3215.50,3
1367,09:30:02,$ 3215.50,5
1368,09:30:02,$ 3215.50,1
1369,09:30:02,$ 3215.50,1
1370,09:30:02,$ 3215.50,31
1371,09:30:02,$ 3215.50,2
1372,09:30:02,$ 3215.50,1
1373,09:30:02,$ 3215.50,1
1374,09:30:02,$ 3215.50,2
1375,09:30:02,$ 3215.50,1
1376,09:30:02,$ 3215.50,4
1377,09:30:02,$ 3215.50,1
1378,09:30:02,$ 3215.50,6
1379,09:30:02,$ 3215.50,1
1380,09:30:02,$ 3215.50,32
1381,09:30:02,$ 3215.50,10
1382,09:30:02,$ 3215.50,20
1383,09:30:02,$ 3215.50,1
1384,09:30:02,$ 3215.50,2
1385,09:30:02,$ 3215.50,1
1387,09:30:02,$ 3215.50,2
1388,09:30:02,$ 3215.50,2
1389,09:30:02,$ 3215.50,2
1390,09:30:02,$ 3215.50,3
1391,09:30:02,$ 3215.50,1
1392,09:30:02,$ 3215.50,1
1393,09:30:02,$ 3215.50,1
1394,09:30:02,$ 3215.50,5
1395,09:30:02,$ 3215.50,1
1396,09:30:02,$ 3215.50,1
1397,09:30:02,$ 3215.50,17
1398,09:30:02,$ 3215.50,30
1399,09:30:02,$ 3215.50,3
1400,09:30:02,$ 3215.50,10
1401,09:30:02,$ 3215.50,1
1402,09:30:02,$ 3215.50,1
1403,09:30:02,$ 3215.50,1
1404,09:30:02,$ 3215.50,25
1405,09:30:02,$ 3215.50,1
1406,09:30:02,$ 3215.50,1
1408,09:30:02,$ 3215.50,38
1409,09:30:02,$ 3215.50,2
1410,09:30:02,$ 3215.50,1
1411,09:30:02,$ 3215.50,3
1412,09:30:02,$ 3215.50,2
1413,09:30:02,$ 3215.50,6
1414,09:30:02,$ 3215.50,2
1415,09:30:02,$ 3215.50,1
1416,09:30:02,$ 3215.50,1
1417,09:30:02,$ 3215.50,1
1418,09:30:02,$ 3215.50,3
1419,09:30:02,$ 3215.50,1
1420,09:30:02,$ 3215.50,2
1421,09:30:02,$ 3215.50,2
1422,09:30:02,$ 3215.50,4
1423,09:30:02,$ 3215.50,10
1424,09:30:02,$ 3215.50,2
1425,09:30:02,$ 3215.50,1
1426,09:30:02,$ 3215.50,1
1427,09:30:02,$ 3215.50,3
1429,09:30:02,$ 3215.50,100
1430,09:30:02,$ 3215.50,185
1431,09:30:02,$ 3215.50,1
1432,09:30:02,$ 3215.50,201
1433,09:30:02,$ 3215.50,1
1434,09:30:02,$ 3215.50,3
1435,09:30:02,$ 3215.50,2
1436,09:30:02,$ 3215.50,1
1437,09:30:02,$ 3215.50,12
1438,09:30:02,$ 3215.50,4
1439,09:30:02,$ 3215.50,1
1440,09:30:02,$ 3215.50,15
1441,09:30:02,$ 3215.50,1
1442,09:30:02,$ 3215.50,2
1443,09:30:02,$ 3215.50,33
1444,09:30:02,$ 3215.50,1
1445,09:30:02,$ 3215.50,1
1446,09:30:02,$ 3215.50,5
1447,09:30:02,$ 3215.50,5
1448,09:30:02,$ 3215.50,7
1450,09:30:02,$ 3215.50,1
1451,09:30:02,$ 3215.50,9
1452,09:30:02,$ 3215.50,33
1453,09:30:02,$ 3215.50,3
1454,09:30:02,$ 3215.50,8
1455,09:30:02,$ 3215.50,50
1456,09:30:02,$ 3215.50,50
1457,09:30:02,$ 3215.50,50
1458,09:30:02,$ 3215.50,100
1459,09:30:02,$ 3215.50,100
1460,09:30:02,$ 3215.50,1
1461,09:30:02,$ 3215.50,25
1462,09:30:02,$ 3215.50,20
1463,09:30:02,$ 3215.50,4
1464,09:30:02,$ 3215.50,2
1465,09:30:02,$ 3215.50,42
1466,09:30:02,$ 3215.50,58
1467,09:30:02,$ 3215.50,60
1468,09:30:02,$ 3215.50,1
1469,09:30:02,$ 3215.50,585
1471,09:30:02,$ 3215.50,1
1472,09:30:02,$ 3215.50,1
1473,09:30:02,$ 3215.50,1
1474,09:30:02,$ 3215.50,5
1475,09:30:02,$ 3215.50,1
1476,09:30:02,$ 3215.50,1
1477,09:30:02,$ 3215.50,3
1478,09:30:02,$ 3215.50,20
1479,09:30:02,$ 3215.50,6
1480,09:30:02,$ 3215.50,1
1481,09:30:02,$ 3215.50,4
1482,09:30:02,$ 3215.50,3
1483,09:30:02,$ 3215.50,1
1484,09:30:02,$ 3215.50,1
1485,09:30:02,$ 3215.50,1
1486,09:30:02,$ 3215.50,1
1487,09:30:02,$ 3215.50,1
1488,09:30:02,$ 3215.50,1
1489,09:30:02,$ 3215.50,3
1490,09:30:02,$ 3215.50,25
1492,09:30:02,$ 3215.50,1
1493,09:30:02,$ 3215.50,3
1494,09:30:02,$ 3215.50,12
1495,09:30:02,$ 3215.50,5
1496,09:30:02,$ 3215.50,5
1497,09:30:02,$ 3215.50,4
1498,09:30:02,$ 3215.50,2
1499,09:30:02,$ 3215.50,47
1500,09:30:02,$ 3215.50,195
1501,09:30:02,$ 3215.50,6
1502,09:30:02,$ 3215.50,6
1503,09:30:02,$ 3215.50,5
1504,09:30:02,$ 3215.50,1
1505,09:30:02,$ 3215.50,1
1506,09:30:02,$ 3215.50,1
1507,09:30:02,$ 3215.50,7
1508,09:30:02,$ 3215.50,10
1509,09:30:02,$ 3215.50,1
1510,09:30:02,$ 3215.50,2
1511,09:30:02,$ 3215.50,5
1513,09:30:02,$ 3215.50,9
1514,09:30:02,$ 3215.50,3
1515,09:30:02,$ 3215.50,1
1516,09:30:02,$ 3215.50,2
1517,09:30:02,$ 3215.50,4
1518,09:30:02,$ 3215.50,4
1519,09:30:02,$ 3215.50,4
1520,09:30:02,$ 3215.50,4
1521,09:30:02,$ 3215.50,4
1522,09:30:02,$ 3215.50,4
1523,09:30:02,$ 3215.50,236
1524,09:30:02,$ 3215.50,3
1525,09:30:02,$ 3215.50,1
1526,09:30:02,$ 3215.50,1
1527,09:30:02,$ 3215.50,2
1528,09:30:02,$ 3215.50,4
1529,09:30:02,$ 3215.50,3
1530,09:30:02,$ 3215.50,5
1531,09:30:02,$ 3215.50,1
1532,09:30:02,$ 3215.50,1
1534,09:30:02,$ 3215.50,1
1535,09:30:02,$ 3215.50,1
1536,09:30:02,$ 3215.50,1
1537,09:30:02,$ 3215.50,3
1538,09:30:02,$ 3215.50,10
1539,09:30:02,$ 3215.50,2
1540,09:30:02,$ 3215.50,1
1541,09:30:02,$ 3215.50,1
1542,09:30:02,$ 3215.50,1
1543,09:30:02,$ 3215.50,1
1544,09:30:02,$ 3215.50,2
1545,09:30:02,$ 3215.50,2
1546,09:30:02,$ 3215.50,1
1547,09:30:02,$ 3215.50,2
1548,09:30:02,$ 3215.50,1
1549,09:30:02,$ 3215.50,1
1550,09:30:02,$ 3215.50,2
1551,09:30:02,$ 3215.50,1
1552,09:30:02,$ 3215.50,1
1553,09:30:02,$ 3215.50,1
1555,09:30:02,$ 3215.50,1
1556,09:30:02,$ 3215.50,1
1557,09:30:02,$ 3215.50,1
1558,09:30:02,$ 3215.50,1
1559,09:30:02,$ 3215.50,6
1560,09:30:02,$ 3215.50,2
1561,09:30:02,$ 3215.50,2
1562,09:30:02,$ 3215.50,5
1563,09:30:02,$ 3215.50,1
1564,09:30:02,$ 3215.50,1
1565,09:30:02,$ 3215.50,1
1566,09:30:02,$ 3215.50,1
1567,09:30:02,$ 3215.50,2
1568,09:30:02,$ 3215.50,1
1569,09:30:02,$ 3215.50,2
1570,09:30:02,$ 3215.50,1
1571,09:30:02,$ 3215.50,3
1572,09:30:02,$ 3215.50,1
1573,09:30:02,$ 3215.50,1
1574,09:30:02,$ 3215.50,1
1576,09:30:02,$ 3215.50,1
1577,09:30:02,$ 3215.50,2
1578,09:30:02,$ 3215.50,1
1579,09:30:02,$ 3215.50,2
1580,09:30:02,$ 3215.50,1
1581,09:30:02,$ 3215.50,1
1582,09:30:02,$ 3215.50,1
1583,09:30:02,$ 3215.50,1
1584,09:30:02,$ 3215.50,4
1585,09:30:02,$ 3215.50,1
1586,09:30:02,$ 3215.50,1
1587,09:30:02,$ 3215.50,2
1588,09:30:02,$ 3215.50,1
1589,09:30:02,$ 3215.50,9
1590,09:30:02,$ 3215.50,3
1591,09:30:02,$ 3215.50,1
1592,09:30:02,$ 3215.50,1
1593,09:30:02,$ 3215.50,2
1594,09:30:02,$ 3215.50,1
1595,09:30:02,$ 3215.50,1
1597,09:30:02,$ 3215.50,1
1598,09:30:02,$ 3215.50,1
1599,09:30:02,$ 3215.50,19
1600,09:30:02,$ 3215.50,4
1601,09:30:02,$ 3215.50,11
1602,09:30:02,$ 3215.50,4
1603,09:30:02,$ 3215.50,900
1604,09:30:02,$ 3215.50,1
1605,09:30:02,$ 3215.50,1
1606,09:30:02,$ 3215.50,16
1607,09:30:02,$ 3215.50,2
1608,09:30:02,$ 3215.50,2
1609,09:30:02,$ 3215.50,1
1610,09:30:02,$ 3215.50,1
1611,09:30:02,$ 3215.50,3
1612,09:30:02,$ 3215.50,2
1613,09:30:02,$ 3215.50,1
1614,09:30:02,$ 3215.50,11
1615,09:30:02,$ 3215.50,13
1616,09:30:02,$ 3215.50,1
1618,09:30:02,$ 3215.50,1
1619,09:30:02,$ 3215.50,2
1620,09:30:02,$ 3215.50,5
1621,09:30:02,$ 3215.50,2
1622,09:30:02,$ 3215.50,1
1623,09:30:02,$ 3215.50,2
1624,09:30:02,$ 3215.50,4
1625,09:30:02,$ 3215.50,5
1626,09:30:02,$ 3215.50,1
1627,09:30:02,$ 3215.50,8
1628,09:30:02,$ 3215.50,80
1629,09:30:02,$ 3215.50,8
1630,09:30:02,$ 3215.50,1
1631,09:30:02,$ 3215.50,1
1632,09:30:02,$ 3215.50,5
1633,09:30:02,$ 3215.50,1
1634,09:30:02,$ 3215.50,1
1635,09:30:02,$ 3215.50,1
1636,09:30:02,$ 3215.50,2
1637,09:30:02,$ 3215.50,1
1639,09:30:02,$ 3215.50,5
1640,09:30:02,$ 3215.50,8
1641,09:30:02,$ 3215.50,5
1642,09:30:02,$ 3215.50,1
1643,09:30:02,$ 3215.50,4
1644,09:30:02,$ 3215.50,14
1645,09:30:02,$ 3215.50,5
1646,09:30:02,$ 3215.50,5
1647,09:30:02,$ 3215.50,3
1648,09:30:02,$ 3215.50,1
1649,09:30:02,$ 3215.50,5
1650,09:30:02,$ 3215.50,2
1651,09:30:02,$ 3215.50,2
1652,09:30:02,$ 3215.50,107
1653,09:30:02,$ 3215.50,1
1654,09:30:02,$ 3215.50,4
1655,09:30:02,$ 3215.50,48
1656,09:30:02,$ 3215.50,24
1657,09:30:02,$ 3215.50,12
1658,09:30:02,$ 3215.50,126
1660,09:30:02,$ 3215.50,382
1661,09:30:02,$ 3215.50,212
1662,09:30:02,$ 3215.50,1
1663,09:30:02,$ 3215.50,2
1664,09:30:02,$ 3215.50,4
1665,09:30:02,$ 3215.50,3
1666,09:30:02,$ 3215.50,3
1667,09:30:02,$ 3215.50,3
1668,09:30:02,$ 3215.50,6
1669,09:30:02,$ 3215.50,100
1670,09:30:02,$ 3215.50,100
1671,09:30:02,$ 3215.50,500
1672,09:30:02,$ 3215.50,5
1673,09:30:02,$ 3215.50,1
1674,09:30:02,$ 3215.50,1
1675,09:30:02,$ 3215.50,7
1676,09:30:02,$ 3215.50,8
1677,09:30:02,$ 3215.50,32
1678,09:30:02,$ 3215.50,1
1679,09:30:02,$ 3215.50,32
1681,09:30:02,$ 3215.50,2
1682,09:30:02,$ 3215.50,14
1683,09:30:02,$ 3215.50,6
1684,09:30:02,$ 3215.50,108
1685,09:30:02,$ 3215.50,3
1686,09:30:02,$ 3215.50,100
1687,09:30:02,$ 3215.50,30
1688,09:30:02,$ 3215.50,3
1689,09:30:02,$ 3215.50,11
1690,09:30:02,$ 3215.50,6
1691,09:30:02,$ 3215.50,3
1692,09:30:02,$ 3215.50,11
1693,09:30:02,$ 3215.50,3
1694,09:30:02,$ 3215.50,1
1695,09:30:02,$ 3215.50,176
1696,09:30:02,$ 3215.50,1
1697,09:30:02,$ 3215.50,353
1698,09:30:02,$ 3215.50,1
1699,09:30:02,$ 3215.50,1
1700,09:30:02,$ 3215.50,1
1702,09:30:02,$ 3215.50,27
1703,09:30:02,$ 3215.50,253
1704,09:30:02,$ 3215.50,195
1705,09:30:02,$ 3215.50,25
1706,09:30:02,$ 3215.50,17
1707,09:30:02,$ 3215.50,700
1708,09:30:02,$ 3215.50,"1,058"
1709,09:30:02,$ 3215.50,10
1710,09:30:02,$ 3215.50,5
1711,09:30:02,$ 3215.50,705
1712,09:30:02,$ 3215.50,1
1713,09:30:02,$ 3215.50,1
1714,09:30:02,$ 3215.50,1
1715,09:30:02,$ 3215.50,212
1716,09:30:02,$ 3215.50,3
1717,09:30:02,$ 3215.50,30
1718,09:30:02,$ 3215.50,505
1719,09:30:02,$ 3215.50,3
1720,09:30:02,$ 3215.50,1
1721,09:30:02,$ 3215.50,10
1723,09:30:02,$ 3215.50,126
1724,09:30:02,$ 3215.50,5
1725,09:30:02,$ 3215.50,26
1726,09:30:02,$ 3215.50,33
1727,09:30:02,$ 3215.50,1
1728,09:30:02,$ 3215.50,353
1729,09:30:02,$ 3215.50,33
1730,09:30:02,$ 3215.50,33
1731,09:30:02,$ 3215.50,1
1732,09:30:02,$ 3215.50,2
1733,09:30:02,$ 3215.50,1
1734,09:30:02,$ 3215.50,23
1735,09:30:02,$ 3215.50,33
1736,09:30:02,$ 3215.50,2
1737,09:30:02,$ 3215.50,1
1738,09:30:02,$ 3215.50,2
1739,09:30:02,$ 3215.50,21
1740,09:30:02,$ 3215.50,16
1741,09:30:02,$ 3215.50,24
1742,09:30:02,$ 3215.50,7
1744,09:30:02,$ 3215.50,6
1745,09:30:02,$ 3215.50,126
1746,09:30:02,$ 3215.50,14
1747,09:30:02,$ 3215.50,1
1748,09:30:02,$ 3215.50,10
1749,09:30:02,$ 3215.50,3
1750,09:30:02,$ 3215.50,200
1751,09:30:02,$ 3215.50,2
1752,09:30:02,$ 3215.50,626
1753,09:30:02,$ 3215.50,2
1754,09:30:02,$ 3215.50,17
1755,09:30:02,$ 3215.50,106
1756,09:30:02,$ 3215.50,2
1757,09:30:02,$ 3215.50,1
1758,09:30:02,$ 3215.50,5
1759,09:30:02,$ 3215.50,20
1760,09:30:02,$ 3215.50,3
1761,09:30:02,$ 3215.50,1
1762,09:30:02,$ 3215.50,25
1763,09:30:02,$ 3215.50,3
1765,09:30:02,$ 3215.50,10
1766,09:30:02,$ 3215.50,3
1767,09:30:02,$ 3215.50,2
1768,09:30:02,$ 3215.50,16
1769,09:30:02,$ 3215.50,8
1770,09:30:02,$ 3215.50,6
1771,09:30:02,$ 3215.50,1
1772,09:30:02,$ 3215.50,300
1773,09:30:02,$ 3215.50,4
1774,09:30:02,$ 3215.50,3
1775,09:30:02,$ 3215.50,1
1776,09:30:02,$ 3215.50,54
1777,09:30:02,$ 3215.50,44
1778,09:30:02,$ 3215.50,42
1779,09:30:02,$ 3215.50,6
1780,09:30:02,$ 3215.50,5
1781,09:30:02,$ 3215.50,11
1782,09:30:02,$ 3215.50,1
1783,09:30:02,$ 3215.50,1
1784,09:30:02,$ 3215.50,1
1786,09:30:02,$ 3215.50,1
1787,09:30:02,$ 3215.50,1
1788,09:30:02,$ 3215.50,3
1789,09:30:02,$ 3215.50,7
1790,09:30:02,$ 3215.50,193
1791,09:30:02,$ 3215.50,4
1792,09:30:02,$ 3215.50,4
1793,09:30:02,$ 3215.50,4
1794,09:30:02,$ 3215.50,5
1795,09:30:02,$ 3215.50,7
1796,09:30:02,$ 3215.50,50
1797,09:30:02,$ 3215.50,1
1798,09:30:02,$ 3215.50,64
1799,09:30:02,$ 3215.50,2
1800,09:30:02,$ 3215.50,1
1801,09:30:02,$ 3215.50,10
1802,09:30:02,$ 3215.50,1
1803,09:30:02,$ 3215.50,7
1804,09:30:02,$ 3215.50,1
1805,09:30:02,$ 3215.50,2
1807,09:30:02,$ 3215.50,2
1808,09:30:02,$ 3215.50,"2,000"
1809,09:30:02,$ 3215.50,6
1810,09:30:02,$ 3215.50,3
1811,09:30:02,$ 3215.50,5
1812,09:30:02,$ 3215.50,10
1813,09:30:02,$ 3215.50,2
1814,09:30:02,$ 3215.50,2
1815,09:30:02,$ 3215.50,5
1816,09:30:02,$ 3215.50,150
1817,09:30:02,$ 3215.50,2
1818,09:30:02,$ 3215.50,6
1819,09:30:02,$ 3215.50,1
1820,09:30:02,$ 3215.50,10
1821,09:30:02,$ 3215.50,1
1822,09:30:02,$ 3215.50,12
1823,09:30:02,$ 3215.50,1
1824,09:30:02,$ 3215.50,5
1825,09:30:02,$ 3215.50,1
1826,09:30:02,$ 3215.50,5
1828,09:30:02,$ 3215.50,30
1829,09:30:02,$ 3215.50,9
1830,09:30:02,$ 3215.50,30
1831,09:30:02,$ 3215.50,1
1832,09:30:02,$ 3215.50,5
1833,09:30:02,$ 3215.50,5
1834,09:30:02,$ 3215.50,20
1835,09:30:02,$ 3215.50,1
1836,09:30:02,$ 3215.50,"1,031"
1837,09:30:02,$ 3215.50,1
1838,09:30:02,$ 3215.50,1
1839,09:30:02,$ 3215.50,1
1840,09:30:02,$ 3215.50,60
1841,09:30:02,$ 3215.50,3
1842,09:30:02,$ 3215.50,1
1843,09:30:02,$ 3215.50,1
1844,09:30:02,$ 3215.50,2
1845,09:30:02,$ 3215.50,1
1846,09:30:02,$ 3215.50,1
1847,09:30:02,$ 3215.50,1
1849,09:30:02,$ 3215.50,1
1850,09:30:02,$ 3215.50,13
1851,09:30:02,$ 3215.50,5
1852,09:30:02,$ 3215.50,1
1853,09:30:02,$ 3215.50,20
1854,09:30:02,$ 3215.50,1
1855,09:30:02,$ 3215.50,5
1856,09:30:02,$ 3215.50,22
1857,09:30:02,$ 3215.50,11
1858,09:30:02,$ 3215.50,10
1859,09:30:02,$ 3215.50,4
1860,09:30:02,$ 3215.50,58
1861,09:30:02,$ 3215.50,1
1862,09:30:02,$ 3215.50,3
1863,09:30:02,$ 3215.50,6
1864,09:30:02,$ 3215.50,13
1865,09:30:02,$ 3215.50,8
1866,09:30:02,$ 3215.50,6
1867,09:30:02,$ 3215.50,5
1868,09:30:02,$ 3215.50,40
1870,09:30:02,$ 3215.50,6
1871,09:30:02,$ 3215.50,1
1872,09:30:02,$ 3215.50,1
1873,09:30:02,$ 3215.50,1
1874,09:30:02,$ 3215.50,3
1875,09:30:02,$ 3215.50,3
1876,09:30:02,$ 3215.50,20
1877,09:30:02,$ 3215.50,5
1878,09:30:02,$ 3215.50,1
1879,09:30:02,$ 3215.50,1
1880,09:30:02,$ 3215.50,3
1881,09:30:02,$ 3215.50,1
1882,09:30:02,$ 3215.50,5
1883,09:30:02,$ 3215.50,1
1884,09:30:02,$ 3215.50,2
1885,09:30:02,$ 3215.50,1
1886,09:30:02,$ 3215.50,1
1887,09:30:02,$ 3215.50,30
1888,09:30:02,$ 3215.50,7
1889,09:30:02,$ 3215.50,5
1891,09:30:02,$ 3215.50,3
1892,09:30:02,$ 3215.50,6
1893,09:30:02,$ 3215.50,20
1894,09:30:02,$ 3215.50,2
1895,09:30:02,$ 3215.50,1
1896,09:30:02,$ 3215.50,75
1897,09:30:02,$ 3215.50,1
1898,09:30:02,$ 3215.50,12
1899,09:30:02,$ 3215.50,10
1900,09:30:02,$ 3215.50,3
1901,09:30:02,$ 3215.50,111
1902,09:30:02,$ 3215.50,2
1903,09:30:02,$ 3215.50,1
1904,09:30:02,$ 3215.50,4
1905,09:30:02,$ 3215.50,7
1906,09:30:02,$ 3215.50,1
1907,09:30:02,$ 3215.50,1
1908,09:30:02,$ 3215.50,16
1909,09:30:02,$ 3215.50,93
1910,09:30:02,$ 3215.50,356
1912,09:30:02,$ 3215.50,2
1913,09:30:02,$ 3215.50,6
1914,09:30:02,$ 3215.50,49
1915,09:30:02,$ 3215.50,1
1916,09:30:02,$ 3215.50,2
1917,09:30:02,$ 3215.50,2
1918,09:30:02,$ 3215.50,2
1919,09:30:02,$ 3215.50,2
1920,09:30:02,$ 3215.50,1
1921,09:30:02,$ 3215.50,2
1922,09:30:02,$ 3215.50,6
1923,09:30:02,$ 3215.50,3
1924,09:30:02,$ 3215.50,6
1925,09:30:02,$ 3215.50,1
1926,09:30:02,$ 3215.50,1
1927,09:30:02,$ 3215.50,5
1928,09:30:02,$ 3215.50,10
1929,09:30:02,$ 3215.50,83
1930,09:30:02,$ 3215.50,1
1931,09:30:02,$ 3215.50,1
1933,09:30:02,$ 3215.50,1
1934,09:30:02,$ 3215.50,4
1935,09:30:02,$ 3215.50,4
1936,09:30:02,$ 3215.50,3
1937,09:30:02,$ 3215.50,2
1938,09:30:02,$ 3215.50,1
1939,09:30:02,$ 3215.50,1
1940,09:30:02,$ 3215.50,1
1941,09:30:02,$ 3215.50,1
1942,09:30:02,$ 3215.50,1
1943,09:30:02,$ 3215.50,72
1944,09:30:02,$ 3215.50,1
1945,09:30:02,$ 3215.50,1
1946,09:30:02,$ 3215.50,1
1947,09:30:02,$ 3215.50,1
1948,09:30:02,$ 3215.50,3
1949,09:30:02,$ 3215.50,12
1950,09:30:02,$ 3215.50,1
1951,09:30:02,$ 3215.50,1
1952,09:30:02,$ 3215.50,2
1954,09:30:02,$ 3215.50,1
1955,09:30:02,$ 3215.50,1
1956,09:30:02,$ 3215.50,2
1957,09:30:02,$ 3215.50,2
1958,09:30:02,$ 3215.50,1
1959,09:30:02,$ 3215.50,5
1960,09:30:02,$ 3215.50,50
1961,09:30:02,$ 3215.50,1
1962,09:30:02,$ 3215.50,156
1963,09:30:02,$ 3215.50,1
1964,09:30:02,$ 3215.50,1
1965,09:30:02,$ 3215.50,1
1966,09:30:02,$ 3215.50,50
1967,09:30:02,$ 3215.50,1
1968,09:30:02,$ 3215.50,3
1969,09:30:02,$ 3215.50,4
1970,09:30:02,$ 3215.50,10
1971,09:30:02,$ 3215.50,3
1972,09:30:02,$ 3215.50,3
1973,09:30:02,$ 3215.50,1
1975,09:30:02,$ 3215.50,4
1976,09:30:02,$ 3215.50,5
1977,09:30:02,$ 3215.50,4
1978,09:30:02,$ 3215.50,10
1979,09:30:02,$ 3215.50,7
1980,09:30:02,$ 3215.50,1
1981,09:30:02,$ 3215.50,1
1982,09:30:02,$ 3215.50,1
1983,09:30:02,$ 3215.50,12
1984,09:30:02,$ 3215.50,3
1985,09:30:02,$ 3215.50,1
1986,09:30:02,$ 3215.50,1
1987,09:30:02,$ 3215.50,1
1988,09:30:02,$ 3215.50,1
1989,09:30:02,$ 3215.50,1
1990,09:30:02,$ 3215.50,20
1991,09:30:02,$ 3215.50,1
1992,09:30:02,$ 3215.50,1
1993,09:30:02,$ 3215.50,1
1994,09:30:02,$ 3215.50,3
1996,09:30:02,$ 3215.50,1
1997,09:30:02,$ 3215.50,1
1998,09:30:02,$ 3215.50,5
1999,09:30:02,$ 3215.50,1
2000,09:30:02,$ 3215.50,5
2001,09:30:02,$ 3215.50,1
2002,09:30:02,$ 3215.50,3
2003,09:30:02,$ 3215.50,1
2004,09:30:02,$ 3215.50,5
2005,09:30:02,$ 3215.50,10
2006,09:30:02,$ 3215.50,1
2007,09:30:02,$ 3215.50,2
2008,09:30:02,$ 3215.50,1
2009,09:30:02,$ 3215.50,3
2010,09:30:02,$ 3215.50,1
2011,09:30:02,$ 3215.50,5
2012,09:30:02,$ 3215.50,8
2013,09:30:02,$ 3215.50,6
2014,09:30:02,$ 3215.50,1
2015,09:30:02,$ 3215.50,2
2017,09:30:02,$ 3215.50,1
2018,09:30:02,$ 3215.50,1
2019,09:30:02,$ 3215.50,1
2020,09:30:02,$ 3215.50,1
2021,09:30:02,$ 3215.50,1
2022,09:30:02,$ 3215.50,10
2023,09:30:02,$ 3215.50,2
2024,09:30:02,$ 3215.50,1
2025,09:30:02,$ 3215.50,4
2026,09:30:02,$ 3215.50,2
2027,09:30:02,$ 3215.50,5
2028,09:30:02,$ 3215.50,1
2029,09:30:02,$ 3215.50,5
2030,09:30:02,$ 3215.50,1
2031,09:30:02,$ 3215.50,2
2032,09:30:02,$ 3215.50,2
2033,09:30:02,$ 3215.50,3
2034,09:30:02,$ 3215.50,3
2035,09:30:02,$ 3215.50,20
2036,09:30:02,$ 3215.50,3
2038,09:30:02,$ 3215.50,1
2039,09:30:02,$ 3215.50,1
2040,09:30:02,$ 3215.50,2
2041,09:30:02,$ 3215.50,2
2042,09:30:02,$ 3215.50,1
2043,09:30:02,$ 3215.50,1
2044,09:30:02,$ 3215.50,3
2045,09:30:02,$ 3215.50,7
2046,09:30:02,$ 3215.50,2
2047,09:30:02,$ 3215.50,3
2048,09:30:02,$ 3215.50,1
2049,09:30:02,$ 3215.50,3
2050,09:30:02,$ 3215.50,1
2051,09:30:02,$ 3215.50,1
2052,09:30:02,$ 3215.50,10
2053,09:30:02,$ 3215.50,1
2054,09:30:02,$ 3215.50,2
2055,09:30:02,$ 3215.50,1
2056,09:30:02,$ 3215.50,1
2057,09:30:02,$ 3215.50,1
2059,09:30:02,$ 3215.50,1
2060,09:30:02,$ 3215.50,2
2061,09:30:02,$ 3215.50,2
2062,09:30:02,$ 3215.50,5
2063,09:30:02,$ 3215.50,2
2064,09:30:02,$ 3215.50,1
2065,09:30:02,$ 3215.50,1
2066,09:30:02,$ 3215.50,1
2067,09:30:02,$ 3215.50,3
2068,09:30:02,$ 3215.50,39
2069,09:30:02,$ 3215.50,15
2070,09:30:02,$ 3215.50,1
2071,09:30:02,$ 3215.50,3
2072,09:30:02,$ 3215.50,10
2073,09:30:02,$ 3215.50,5
2074,09:30:02,$ 3215.50,1
2075,09:30:02,$ 3215.50,2
2076,09:30:02,$ 3215.50,2
2077,09:30:02,$ 3215.50,3
2078,09:30:02,$ 3215.50,2
2080,09:30:02,$ 3215.50,2
2081,09:30:02,$ 3215.50,1
2082,09:30:02,$ 3215.50,2
2083,09:30:02,$ 3215.50,33
2084,09:30:02,$ 3215.50,8
2085,09:30:02,$ 3215.50,1
2086,09:30:02,$ 3215.50,3
2087,09:30:02,$ 3215.50,1
2088,09:30:02,$ 3215.50,62
2089,09:30:02,$ 3215.50,1
2090,09:30:02,$ 3215.50,39
2091,09:30:02,$ 3215.50,1
2092,09:30:02,$ 3215.50,12
2093,09:30:02,$ 3215.50,55
2094,09:30:02,$ 3215.50,3
2095,09:30:02,$ 3215.50,2
2096,09:30:02,$ 3215.50,2
2097,09:30:02,$ 3215.50,16
2098,09:30:02,$ 3215.50,2
2099,09:30:02,$ 3215.50,1
2101,09:30:02,$ 3215.50,1
2102,09:30:02,$ 3215.50,5
2103,09:30:02,$ 3215.50,8
2104,09:30:02,$ 3215.50,1
2105,09:30:02,$ 3215.50,2
2106,09:30:02,$ 3215.50,1
2107,09:30:02,$ 3215.50,1
2108,09:30:02,$ 3215.50,7
2109,09:30:02,$ 3215.50,9
2110,09:30:02,$ 3215.50,2
2111,09:30:02,$ 3215.50,1
2112,09:30:02,$ 3215.50,2
2113,09:30:02,$ 3215.50,1
2114,09:30:02,$ 3215.50,1
2115,09:30:02,$ 3215.50,1
2116,09:30:02,$ 3215.50,1
2117,09:30:02,$ 3215.50,4
2118,09:30:02,$ 3215.50,1
2119,09:30:02,$ 3215.50,1
2120,09:30:02,$ 3215.50,2
2122,09:30:02,$ 3215.50,2
2123,09:30:02,$ 3215.50,2
2124,09:30:02,$ 3215.50,2
2125,09:30:02,$ 3215.50,19
2126,09:30:02,$ 3215.50,26
2127,09:30:02,$ 3215.50,1
2128,09:30:02,$ 3215.50,2
2129,09:30:02,$ 3215.50,1
2130,09:30:02,$ 3215.50,4
2131,09:30:02,$ 3215.50,3
2132,09:30:02,$ 3215.50,15
2133,09:30:02,$ 3215.50,5
2134,09:30:02,$ 3215.50,1
2135,09:30:02,$ 3215.50,1
2136,09:30:02,$ 3215.50,10
2137,09:30:02,$ 3215.50,10
2138,09:30:02,$ 3215.50,10
2139,09:30:02,$ 3215.50,1
2140,09:30:02,$ 3215.50,1
2141,09:30:02,$ 3215.50,2
2143,09:30:02,$ 3215.50,1
2144,09:30:02,$ 3215.50,4
2145,09:30:02,$ 3215.50,1
2146,09:30:02,$ 3215.50,10
2147,09:30:02,$ 3215.50,31
2148,09:30:02,$ 3215.50,2
2149,09:30:02,$ 3215.50,3
2150,09:30:02,$ 3215.50,1
2151,09:30:02,$ 3215.50,4
2152,09:30:02,$ 3215.50,4
2153,09:30:02,$ 3215.50,1
2154,09:30:02,$ 3215.50,2
2155,09:30:02,$ 3215.50,1
2156,09:30:02,$ 3215.50,312
2157,09:30:02,$ 3215.50,5
2158,09:30:02,$ 3215.50,1
2159,09:30:02,$ 3215.50,1
2160,09:30:02,$ 3215.50,1
2161,09:30:02,$ 3215.50,25
2162,09:30:02,$ 3215.50,3
2164,09:30:02,$ 3215.50,1
2165,09:30:02,$ 3215.50,1
2166,09:30:02,$ 3215.50,1
2167,09:30:02,$ 3215.50,2
2168,09:30:02,$ 3215.50,1
2169,09:30:02,$ 3215.50,4
2170,09:30:02,$ 3215.50,5
2171,09:30:02,$ 3215.50,2
2172,09:30:02,$ 3215.50,1
2173,09:30:02,$ 3215.50,1
2174,09:30:02,$ 3215.50,3
2175,09:30:02,$ 3215.50,2
2176,09:30:02,$ 3215.50,3
2177,09:30:02,$ 3215.50,1
2178,09:30:02,$ 3215.50,15
2179,09:30:02,$ 3215.50,1
2180,09:30:02,$ 3215.50,3
2181,09:30:02,$ 3215.50,4
2182,09:30:02,$ 3215.50,6
2183,09:30:02,$ 3215.50,1
2185,09:30:02,$ 3215.50,6
2186,09:30:02,$ 3215.50,5
2187,09:30:02,$ 3215.50,4
2188,09:30:02,$ 3215.50,4
2189,09:30:02,$ 3215.50,5
2190,09:30:02,$ 3215.50,10
2191,09:30:02,$ 3215.50,1
2192,09:30:02,$ 3215.50,3
2193,09:30:02,$ 3215.50,1
2194,09:30:02,$ 3215.50,10
2195,09:30:02,$ 3215.50,70
2196,09:30:02,$ 3215.50,2
2197,09:30:02,$ 3215.50,1
2198,09:30:02,$ 3215.50,5
2199,09:30:02,$ 3215.50,10
2200,09:30:02,$ 3215.50,1
2201,09:30:02,$ 3215.50,16
2202,09:30:02,$ 3215.50,3
2203,09:30:02,$ 3215.50,5
2204,09:30:02,$ 3215.50,1
2206,09:30:02,$ 3215.50,100
2207,09:30:02,$ 3215.50,1
2208,09:30:02,$ 3215.50,265
2209,09:30:02,$ 3215.50,38
2210,09:30:02,$ 3215.50,10
2211,09:30:02,$ 3215.50,31
2212,09:30:02,$ 3215.50,700
2213,09:30:02,$ 3215.50,100
2214,09:30:02,$ 3215.50,49
2215,09:30:02,$ 3215.50,15
2216,09:30:02,$ 3215.50,100
2217,09:30:02,$ 3215.50,93
2218,09:30:02,$ 3215.50,22
2219,09:30:02,$ 3215.50,58
2220,09:30:02,$ 3215.50,50
2221,09:30:02,$ 3215.50,"1,000"
2222,09:30:02,$ 3215.50,1
2223,09:30:02,$ 3215.50,2
2224,09:30:02,$ 3215.50,2
2225,09:30:02,$ 3215.50,600
2227,09:30:02,$ 3215.50,1
2228,09:30:02,$ 3215.50,1
2229,09:30:02,$ 3215.50,2
2230,09:30:02,$ 3215.50,1
2231,09:30:02,$ 3215.50,1
2232,09:30:02,$ 3215.50,1
2233,09:30:02,$ 3215.50,49
2234,09:30:02,$ 3215.50,1
2235,09:30:02,$ 3215.50,15
2236,09:30:02,$ 3215.50,1
2237,09:30:02,$ 3215.50,79
2238,09:30:02,$ 3215.50,1
2239,09:30:02,$ 3215.50,2
2240,09:30:02,$ 3215.50,12
2241,09:30:02,$ 3215.50,5
2242,09:30:02,$ 3215.50,1
2243,09:30:02,$ 3215.50,10
2244,09:30:02,$ 3215.50,5
2245,09:30:02,$ 3215.50,3
2246,09:30:02,$ 3215.50,1
2248,09:30:02,$ 3215.50,2
2249,09:30:02,$ 3215.50,3
2250,09:30:02,$ 3215.50,1
2251,09:30:02,$ 3215.50,2
2252,09:30:02,$ 3215.50,49
2253,09:30:02,$ 3215.50,1
2254,09:30:02,$ 3215.50,1
2255,09:30:02,$ 3215.50,1
2256,09:30:02,$ 3215.50,1
2257,09:30:02,$ 3215.50,1
2258,09:30:02,$ 3215.50,1
2259,09:30:02,$ 3215.50,1
2260,09:30:02,$ 3215.50,8
2261,09:30:02,$ 3215.50,1
2262,09:30:02,$ 3215.50,1
2263,09:30:02,$ 3215.50,2
2264,09:30:02,$ 3215.50,4
2265,09:30:00,$ 3215.4005,100
2266,09:30:00,$ 3215.50,30
2267,09:30:00,$ 3215.50,27
2269,09:30:00,$ 3215.50,273
2270,09:30:00,$ 3215.25,100
2272,10:29:12,$ 3246.40,100
2273,10:29:12,$ 3246.67,100
2274,10:29:12,$ 3246.41,300
2275,10:29:06,$ 3246.0325,100
2276,10:29:06,$ 3246.065,100
2277,10:29:05,$ 3246.22,100
2278,10:29:05,$ 3245.99,100
2279,10:29:05,$ 3246.21,100
2280,10:28:51,$ 3245.45,150
2281,10:28:49,$ 3245.11,100
2282,10:28:40,$ 3245.10,100
2283,10:28:34,$ 3245.97,100
2284,10:28:34,$ 3245.52,100
2285,10:28:11,$ 3246.64,100
2286,10:28:11,$ 3246.63,100
2287,10:28:11,$ 3246.58,100
2288,10:28:09,$ 3246.8748,100
2289,10:28:04,$ 3245.68,100
2290,10:28:04,$ 3245.99,100
2291,10:27:32,$ 3245.29,100
2293,10:26:54,$ 3245.45,100
2294,10:26:51,$ 3245.33,100
2295,10:26:47,$ 3244.99,100
2296,10:26:47,$ 3244.99,100
2297,10:26:44,$ 3244.99,100
2298,10:26:44,$ 3244.99,100
2299,10:26:31,$ 3244.85,100
2300,10:26:31,$ 3244.85,100
2301,10:26:27,$ 3244.2302,100
2302,10:26:11,$ 3245.455,100
2303,10:26:09,$ 3245.00,100
2304,10:26:09,$ 3245.00,100
2305,10:25:55,$ 3246.22,100
2306,10:25:42,$ 3245.04,100
2307,10:25:19,$ 3246.97,100
2308,10:25:19,$ 3246.76,100
2309,10:25:19,$ 3246.61,100
2310,10:25:19,$ 3246.61,120
2311,10:25:18,$ 3245.74,100
2312,10:25:18,$ 3245.59,100
2314,10:25:18,$ 3245.54,100
2315,10:25:17,$ 3245.39,100
2316,10:25:17,$ 3245.145,100
2317,10:25:17,$ 3245.44,100
2318,10:25:17,$ 3245.57,100
2319,10:25:17,$ 3245.58,100
2320,10:25:17,$ 3245.56,100
2321,10:25:17,$ 3245.55,100
2322,10:25:16,$ 3245.28,100
2323,10:25:16,$ 3245.56,100
2324,10:25:16,$ 3245.55,100
2325,10:25:16,$ 3245.35,100
2326,10:25:16,$ 3245.28,100
2327,10:25:16,$ 3244.79,100
2328,10:24:55,$ 3245.00,100
2329,10:24:55,$ 3244.94,100
2330,10:24:43,$ 3246.305,100
2331,10:24:24,$ 3245.99,100
2332,10:24:12,$ 3246.00,100
2333,10:24:05,$ 3246.7286,200
2335,10:24:03,$ 3245.9041,108
2336,10:23:47,$ 3245.88,119
2337,10:23:46,$ 3245.86,100
2338,10:23:38,$ 3245.81,100
2339,10:23:28,$ 3245.095,300
2340,10:23:16,$ 3246.0336,100
2341,10:23:12,$ 3246.00,100
2342,10:23:11,$ 3246.30,100
2343,10:22:50,$ 3245.00,100
2344,10:22:50,$ 3245.00,100
2345,10:22:50,$ 3245.00,100
2346,10:22:49,$ 3244.98,100
2347,10:22:49,$ 3245.00,100
2348,10:22:49,$ 3244.96,100
2349,10:22:49,$ 3244.98,100
2350,10:22:48,$ 3245.00,100
2351,10:22:48,$ 3244.96,100
2352,10:22:47,$ 3245.00,200
2353,10:22:43,$ 3244.795,100
2354,10:22:43,$ 3244.945,300
2356,10:22:43,$ 3245.00,100
2357,10:22:43,$ 3244.86,100
2358,10:22:43,$ 3245.00,160
2359,10:22:41,$ 3244.88,100
2360,10:22:29,$ 3244.34,100
2361,10:22:27,$ 3243.84,100
2362,10:22:15,$ 3244.58,100
2363,10:22:10,$ 3244.35,100
2364,10:22:09,$ 3243.95,200
2365,10:22:07,$ 3244.17,100
2366,10:22:00,$ 3244.30,200
2367,10:21:35,$ 3243.87,100
2368,10:21:34,$ 3244.75,100
2369,10:21:31,$ 3243.46,100
2370,10:21:07,$ 3242.9917,120
2371,10:21:04,$ 3243.00,139
2372,10:20:16,$ 3243.1807,200
2373,10:20:16,$ 3243.75,100
2374,10:20:06,$ 3243.54,100
2375,10:20:04,$ 3243.72,100
2377,10:19:46,$ 3242.00,106
2378,10:19:46,$ 3242.00,100
2379,10:19:37,$ 3242.98,115
2380,10:19:37,$ 3242.98,211
2381,10:19:37,$ 3243.00,156
2382,10:19:37,$ 3242.98,100
2383,10:19:37,$ 3242.86,100
2384,10:19:37,$ 3242.90,100
2385,10:19:37,$ 3242.98,411
2386,10:19:33,$ 3242.8853,351
2387,10:19:32,$ 3242.50,100
2388,10:19:32,$ 3242.50,200
2389,10:19:31,$ 3242.505,214
2390,10:19:31,$ 3242.505,200
2391,10:19:24,$ 3242.695,"1,000"
2392,10:19:20,$ 3242.00,100
2393,10:19:20,$ 3242.00,241
2394,10:19:20,$ 3242.00,431
2395,10:19:20,$ 3242.00,265
2396,10:18:49,$ 3242.745,200
2398,10:18:39,$ 3242.085,100
2399,10:18:28,$ 3242.20,122
2400,10:18:28,$ 3242.20,150
2401,10:18:28,$ 3242.2265,228
2402,10:18:27,$ 3242.64,500
2403,10:18:26,$ 3243.0987,500
2404,10:18:24,$ 3242.40,100
2405,10:18:18,$ 3241.81,100
2406,10:17:56,$ 3242.905,100
2407,10:17:54,$ 3242.51,200
2408,10:17:48,$ 3243.50,100
2409,10:17:45,$ 3243.725,100
2410,10:17:26,$ 3243.40,208
2411,10:17:26,$ 3244.28,100
2412,10:17:25,$ 3244.26,100
2413,10:17:19,$ 3243.40,100
2414,10:17:15,$ 3243.395,700
2415,10:16:52,$ 3243.805,200
2416,10:16:43,$ 3244.74,100
2417,10:16:43,$ 3243.99,100
2419,10:16:20,$ 3244.00,100
2420,10:16:12,$ 3243.97,100
2421,10:16:11,$ 3243.95,100
2422,10:16:07,$ 3243.97,100
2423,10:16:03,$ 3243.50,100
2424,10:15:58,$ 3244.00,100
2425,10:15:52,$ 3244.00,100
2426,10:15:51,$ 3244.925,100
2427,10:15:48,$ 3244.93,100
2428,10:15:48,$ 3244.90,100
2429,10:15:48,$ 3244.64,100
2430,10:15:48,$ 3244.81,100
2431,10:15:39,$ 3243.00,128
2432,10:15:36,$ 3242.02,141
2433,10:15:15,$ 3241.92,100
2434,10:15:15,$ 3241.78,100
2435,10:15:15,$ 3241.78,455
2436,10:15:15,$ 3241.78,591
2437,10:15:15,$ 3241.78,100
2438,10:15:15,$ 3241.78,268
2440,10:15:15,$ 3241.78,100
2441,10:15:13,$ 3241.485,100
2442,10:15:10,$ 3241.00,100
2443,10:14:39,$ 3240.99,200
2444,10:14:39,$ 3241.00,100
2445,10:14:39,$ 3241.00,130
2446,10:14:39,$ 3240.995,100
2447,10:14:39,$ 3241.00,100
2448,10:14:39,$ 3240.995,100
2449,10:14:39,$ 3240.83,100
2450,10:14:39,$ 3240.99,100
2451,10:14:39,$ 3241.06,100
2452,10:14:39,$ 3241.00,200
2453,10:14:34,$ 3241.67,100
2454,10:14:28,$ 3241.8242,100
2455,10:14:27,$ 3240.983,100
2456,10:14:20,$ 3240.52,100
2457,10:14:10,$ 3239.2528,250
2458,10:14:09,$ 3240.02,100
2459,10:14:09,$ 3239.52,100
2461,10:14:00,$ 3240.19,177
2462,10:13:53,$ 3240.09,200
2463,10:13:35,$ 3241.165,250
2464,10:13:31,$ 3241.10,104
2465,10:13:31,$ 3240.99,100
2466,10:13:30,$ 3240.70,100
2467,10:13:30,$ 3240.6321,100
2468,10:13:27,$ 3240.93,100
2469,10:13:27,$ 3240.77,100
2470,10:13:27,$ 3240.85,100
2471,10:13:25,$ 3239.92,100
2472,10:13:23,$ 3238.56,100
2473,10:13:23,$ 3238.97,100
2474,10:13:23,$ 3239.99,150
2475,10:13:23,$ 3238.64,100
2476,10:13:21,$ 3239.475,100
2477,10:13:15,$ 3239.98,100
2478,10:13:15,$ 3239.98,100
2479,10:13:13,$ 3238.52,174
2480,10:13:09,$ 3239.94,100
2482,10:13:09,$ 3240.00,100
2483,10:13:04,$ 3239.99,100
2484,10:13:01,$ 3239.94,100
2485,10:13:00,$ 3239.94,100
2486,10:12:41,$ 3239.61,100
2487,10:12:41,$ 3239.87,100
2488,10:12:41,$ 3239.27,100
2489,10:12:20,$ 3238.81,"1,000"
2490,10:12:19,$ 3239.1716,"1,000"
2491,10:12:09,$ 3237.97,100
2492,10:11:47,$ 3236.89,100
2493,10:11:46,$ 3236.89,100
2494,10:11:46,$ 3236.60,100
2495,10:11:46,$ 3236.90,100
2496,10:11:46,$ 3237.02,300
2497,10:11:46,$ 3237.4701,100
2498,10:11:46,$ 3237.47,100
2499,10:11:46,$ 3237.47,100
2500,10:11:46,$ 3237.67,100
2501,10:11:46,$ 3237.57,100
2503,10:11:46,$ 3237.17,100
2504,10:11:46,$ 3237.53,100
2505,10:11:46,$ 3237.84,100
2506,10:11:46,$ 3237.67,100
2507,10:11:46,$ 3237.17,100
2508,10:11:46,$ 3237.956,200
2509,10:11:46,$ 3237.48,200
2510,10:11:44,$ 3238.075,100
2511,10:11:43,$ 3238.075,"1,000"
2512,10:11:42,$ 3238.66,100
2513,10:11:42,$ 3237.956,"1,000"
2514,10:11:40,$ 3238.69,100
2515,10:11:39,$ 3238.69,100
2516,10:11:34,$ 3237.8801,300
2517,10:11:14,$ 3239.00,100
2518,10:11:14,$ 3239.00,100
2519,10:11:14,$ 3239.00,100
2520,10:11:14,$ 3238.60,100
2521,10:11:13,$ 3237.54,"1,000"
2522,10:11:09,$ 3237.0719,100
2524,10:11:02,$ 3237.6253,113
2525,10:10:22,$ 3236.945,100
2526,10:10:22,$ 3236.00,156
2527,10:10:22,$ 3236.20,100
2528,10:10:22,$ 3236.06,100
2529,10:10:22,$ 3236.00,100
2530,10:10:22,$ 3235.97,100
2531,10:10:22,$ 3236.975,100
2532,10:10:18,$ 3237.2573,"1,000"
2533,10:10:15,$ 3236.115,200
2534,10:10:15,$ 3235.92,100
2535,10:09:56,$ 3234.40,100
2536,10:09:25,$ 3235.9999,100
2537,10:09:15,$ 3235.195,100
2538,10:09:00,$ 3234.56,100
2539,10:08:59,$ 3233.24,100
2540,10:08:40,$ 3233.00,100
2541,10:08:40,$ 3233.00,171
2542,10:08:37,$ 3233.835,300
2543,10:07:56,$ 3234.32,100
2545,10:07:42,$ 3234.93,100
2546,10:07:34,$ 3234.99,100
2547,10:07:29,$ 3234.97,100
2548,10:06:49,$ 3234.05,100
2549,10:06:48,$ 3235.07,100
2550,10:06:43,$ 3234.01,100
2551,10:06:33,$ 3233.35,300
2552,10:06:26,$ 3233.53,100
2553,10:06:12,$ 3237.04,610
2554,10:06:12,$ 3235.28,100
2555,10:06:12,$ 3234.78,100
2556,10:06:11,$ 3236.03,"1,000"
2557,10:06:10,$ 3237.04,545
2558,10:06:10,$ 3236.21,300
2559,10:06:10,$ 3236.87,100
2560,10:06:06,$ 3237.325,"1,000"
2561,10:06:04,$ 3237.4274,"1,000"
2562,10:05:51,$ 3238.49,100
2563,10:05:06,$ 3236.665,100
2564,10:05:02,$ 3237.20,100
2566,10:05:02,$ 3237.925,100
2567,10:05:02,$ 3237.195,100
2568,10:05:02,$ 3236.964,"1,000"
2569,10:04:58,$ 3236.36,100
2570,10:04:57,$ 3236.685,"1,000"
2571,10:04:55,$ 3236.68,"1,000"
2572,10:04:27,$ 3234.28,136
2573,10:04:25,$ 3235.17,153
2574,10:04:17,$ 3235.39,100
2575,10:03:55,$ 3237.30,100
2576,10:03:43,$ 3236.97,100
2577,10:03:40,$ 3236.315,"1,500"
2578,10:03:38,$ 3235.07,100
2579,10:03:38,$ 3236.315,100
2580,10:03:38,$ 3235.211,100
2581,10:03:38,$ 3235.064,100
2582,10:03:38,$ 3235.074,100
2583,10:03:38,$ 3235.084,100
2584,10:03:38,$ 3235.16,100
2585,10:03:37,$ 3237.03,122
2587,10:03:36,$ 3237.67,"1,500"
2588,10:03:28,$ 3236.8407,100
2589,10:03:27,$ 3237.78,100
2590,10:03:27,$ 3237.78,100
2591,10:03:07,$ 3238.52,100
2592,10:03:06,$ 3237.99,100
2593,10:03:06,$ 3237.99,100
2594,10:03:06,$ 3237.9999,766
2595,10:03:06,$ 3238.00,100
2596,10:03:06,$ 3237.632,100
2597,10:03:06,$ 3237.695,100
2598,10:03:06,$ 3237.11,100
2599,10:03:06,$ 3237.11,100
2600,10:03:02,$ 3236.955,"1,500"
2601,10:03:01,$ 3237.49,254
2602,10:03:01,$ 3236.855,100
2603,10:02:58,$ 3236.94,100
2604,10:02:49,$ 3236.175,900
2605,10:02:47,$ 3236.18,"1,000"
2606,10:02:42,$ 3236.18,"1,000"
2608,10:02:34,$ 3236.7769,198
2609,10:02:33,$ 3237.39,100
2610,10:02:29,$ 3237.2572,100
2611,10:02:09,$ 3235.66,100
2612,10:01:58,$ 3236.73,100
2613,10:01:58,$ 3236.96,100
2614,10:01:58,$ 3236.59,100
2615,10:01:58,$ 3236.98,100
2616,10:01:58,$ 3236.86,100
2617,10:01:58,$ 3235.94,100
2618,10:01:58,$ 3237.43,100
2619,10:01:56,$ 3237.4375,100
2620,10:01:48,$ 3237.91,100
2621,10:01:47,$ 3238.00,100
2622,10:01:47,$ 3237.24,100
2623,10:01:39,$ 3237.793,100
2624,10:01:24,$ 3237.565,100
2625,10:01:24,$ 3237.58,100
2626,10:01:20,$ 3236.56,100
2627,10:01:20,$ 3237.86,100
2629,10:01:20,$ 3236.56,400
2630,10:01:20,$ 3236.56,600
2631,10:01:01,$ 3236.78,100
2632,10:01:00,$ 3237.00,100
2633,10:00:57,$ 3235.95,100
2634,10:00:57,$ 3235.76,100
2635,10:00:57,$ 3235.95,100
2636,10:00:48,$ 3235.205,100
2637,10:00:48,$ 3235.51,100
2638,10:00:36,$ 3234.85,100
2639,10:00:03,$ 3235.00,150
2640,10:00:03,$ 3235.00,100
2641,10:00:03,$ 3234.00,100
2642,10:00:03,$ 3234.09,100
2643,10:00:03,$ 3234.00,100
2645,10:59:59,$ 3247.25,100
2646,10:59:27,$ 3247.39,109
2647,10:59:27,$ 3247.38,100
2648,10:59:19,$ 3248.12,100
2649,10:58:53,$ 3248.08,100
2650,10:58:46,$ 3247.99,100
2651,10:58:31,$ 3248.00,100
2652,10:58:26,$ 3248.105,100
2653,10:57:42,$ 3247.26,100
2654,10:57:42,$ 3247.26,100
2655,10:57:42,$ 3247.26,100
2656,10:57:25,$ 3247.38,100
2657,10:57:19,$ 3247.65,100
2658,10:56:26,$ 3247.25,232
2659,10:56:26,$ 3247.22,100
2660,10:56:26,$ 3247.26,100
2661,10:56:19,$ 3248.00,100
2662,10:55:57,$ 3247.16,100
2663,10:55:49,$ 3247.359,119
2664,10:55:32,$ 3247.99,100
2666,10:55:32,$ 3247.90,100
2667,10:55:26,$ 3247.22,100
2668,10:55:15,$ 3246.39,100
2669,10:54:52,$ 3247.175,100
2670,10:54:47,$ 3247.02,100
2671,10:54:46,$ 3246.82,100
2672,10:54:46,$ 3246.82,121
2673,10:54:46,$ 3246.77,100
2674,10:54:45,$ 3246.61,100
2675,10:54:36,$ 3246.57,100
2676,10:53:36,$ 3246.25,100
2677,10:53:09,$ 3245.785,100
2678,10:53:07,$ 3245.77,100
2679,10:53:02,$ 3245.40,100
2680,10:52:42,$ 3246.65,100
2681,10:52:42,$ 3246.65,186
2682,10:52:42,$ 3246.00,100
2683,10:52:42,$ 3246.518,100
2684,10:52:42,$ 3245.99,100
2685,10:52:42,$ 3246.00,100
2687,10:52:42,$ 3245.98,100
2688,10:52:42,$ 3245.72,100
2689,10:52:42,$ 3245.72,100
2690,10:52:42,$ 3245.44,400
2691,10:52:42,$ 3245.422,100
2692,10:52:42,$ 3245.44,100
2693,10:52:42,$ 3245.416,100
2694,10:52:41,$ 3245.008,185
2695,10:52:28,$ 3245.52,123
2696,10:52:16,$ 3245.81,100
2697,10:51:35,$ 3246.38,100
2698,10:51:30,$ 3245.82,100
2699,10:51:16,$ 3246.37,100
2700,10:51:16,$ 3246.50,100
2701,10:51:16,$ 3246.50,100
2702,10:51:16,$ 3246.50,100
2703,10:50:44,$ 3247.21,100
2704,10:50:44,$ 3247.21,100
2705,10:50:44,$ 3247.20,100
2706,10:50:28,$ 3248.10,100
2708,10:50:28,$ 3248.08,100
2709,10:50:28,$ 3248.10,100
2710,10:50:19,$ 3248.00,100
2711,10:50:19,$ 3247.35,100
2712,10:50:19,$ 3247.35,100
2713,10:50:19,$ 3247.35,100
2714,10:50:19,$ 3247.35,100
2715,10:50:19,$ 3247.35,100
2716,10:50:19,$ 3247.35,100
2717,10:50:19,$ 3248.17,100
2718,10:50:19,$ 3248.30,100
2719,10:50:06,$ 3247.9853,100
2720,10:49:51,$ 3247.115,100
2721,10:49:51,$ 3247.00,238
2722,10:49:51,$ 3247.98,100
2723,10:49:08,$ 3248.24,100
2724,10:49:07,$ 3248.3259,100
2725,10:49:00,$ 3248.175,100
2726,10:48:41,$ 3247.88,100
2727,10:48:01,$ 3248.765,100
2729,10:48:01,$ 3248.50,100
2730,10:47:59,$ 3246.94,100
2731,10:47:57,$ 3246.45,100
2732,10:47:51,$ 3247.06,300
2733,10:47:42,$ 3247.64,100
2734,10:47:21,$ 3247.095,100
2735,10:46:53,$ 3246.12,100
2736,10:46:53,$ 3245.97,100
2737,10:46:48,$ 3246.84,100
2738,10:46:48,$ 3246.86,100
2739,10:46:38,$ 3246.12,100
2740,10:46:38,$ 3246.12,100
2741,10:46:19,$ 3246.785,100
2742,10:45:51,$ 3247.02,100
2743,10:45:48,$ 3247.19,100
2744,10:44:56,$ 3247.145,100
2745,10:44:46,$ 3247.88,400
2746,10:44:32,$ 3248.1384,300
2747,10:44:21,$ 3247.15,100
2748,10:44:21,$ 3247.10,100
2750,10:44:02,$ 3248.46,100
2751,10:44:02,$ 3248.38,100
2752,10:44:02,$ 3248.13,100
2753,10:43:55,$ 3248.31,100
2754,10:43:42,$ 3248.53,100
2755,10:43:42,$ 3248.53,100
2756,10:43:33,$ 3247.91,100
2757,10:43:33,$ 3247.90,100
2758,10:43:13,$ 3249.378,100
2759,10:43:07,$ 3249.00,100
2760,10:42:51,$ 3250.37,100
2761,10:42:36,$ 3249.7414,500
2762,10:42:34,$ 3249.5301,100
2763,10:42:21,$ 3251.4711,100
2764,10:42:19,$ 3250.8084,150
2765,10:42:11,$ 3251.03,100
2766,10:42:05,$ 3251.83,100
2767,10:42:04,$ 3251.51,103
2768,10:42:04,$ 3251.54,100
2769,10:41:58,$ 3252.23,100
2771,10:41:52,$ 3251.86,100
2772,10:41:50,$ 3251.52,100
2773,10:41:37,$ 3251.98,100
2774,10:41:37,$ 3252.00,100
2775,10:41:30,$ 3250.89,100
2776,10:41:19,$ 3250.12,100
2777,10:41:18,$ 3249.83,100
2778,10:41:13,$ 3250.00,100
2779,10:41:13,$ 3249.7625,100
2780,10:41:12,$ 3250.00,100
2781,10:41:12,$ 3249.935,100
2782,10:41:11,$ 3250.00,100
2783,10:41:11,$ 3249.57,100
2784,10:41:11,$ 3249.61,150
2785,10:41:11,$ 3249.57,100
2786,10:41:11,$ 3249.57,120
2787,10:41:11,$ 3250.00,100
2788,10:41:08,$ 3249.60,232
2789,10:41:03,$ 3249.985,100
2790,10:41:02,$ 3249.985,100
2792,10:41:02,$ 3250.00,200
2793,10:41:02,$ 3249.985,100
2794,10:41:00,$ 3249.99,200
2795,10:40:55,$ 3250.34,100
2796,10:40:54,$ 3249.59,200
2797,10:40:49,$ 3249.99,300
2798,10:40:39,$ 3249.775,100
2799,10:40:38,$ 3249.91,200
2800,10:40:38,$ 3250.00,400
2801,10:40:37,$ 3249.70,100
2802,10:40:37,$ 3250.00,100
2803,10:40:37,$ 3249.70,200
2804,10:40:36,$ 3249.91,100
2805,10:40:36,$ 3249.75,100
2806,10:40:30,$ 3250.74,100
2807,10:40:28,$ 3251.235,100
2808,10:40:28,$ 3251.235,100
2809,10:40:19,$ 3251.175,100
2810,10:39:53,$ 3250.20,100
2811,10:39:52,$ 3251.30,200
2813,10:39:52,$ 3250.555,100
2814,10:39:52,$ 3250.5625,100
2815,10:39:41,$ 3251.40,123
2816,10:39:38,$ 3251.515,100
2817,10:39:37,$ 3251.515,100
2818,10:39:34,$ 3250.94,100
2819,10:39:33,$ 3249.83,100
2820,10:39:33,$ 3250.275,100
2821,10:39:32,$ 3250.275,100
2822,10:39:31,$ 3250.3425,100
2823,10:39:31,$ 3250.38,100
2824,10:39:18,$ 3250.61,200
2825,10:39:18,$ 3250.61,100
2826,10:39:18,$ 3250.905,200
2827,10:39:18,$ 3250.905,100
2828,10:39:17,$ 3250.54,100
2829,10:39:17,$ 3250.58,100
2830,10:39:17,$ 3250.61,100
2831,10:39:17,$ 3250.71,100
2832,10:39:05,$ 3249.94,100
2834,10:39:03,$ 3249.99,200
2835,10:39:03,$ 3250.49,100
2836,10:39:03,$ 3251.3099,100
2837,10:39:02,$ 3250.9775,100
2838,10:39:02,$ 3250.79,200
2839,10:39:02,$ 3250.79,200
2840,10:39:02,$ 3251.00,155
2841,10:39:02,$ 3250.79,300
2842,10:39:02,$ 3250.79,100
2843,10:39:00,$ 3250.63,380
2844,10:39:00,$ 3250.96,100
2845,10:38:59,$ 3250.425,131
2846,10:38:57,$ 3250.33,400
2847,10:38:57,$ 3250.435,400
2848,10:38:54,$ 3249.84,"1,000"
2849,10:38:54,$ 3250.00,350
2850,10:38:54,$ 3250.092,100
2851,10:38:54,$ 3250.15,100
2852,10:38:54,$ 3249.99,100
2853,10:38:54,$ 3250.00,100
2855,10:38:54,$ 3250.00,100
2856,10:38:54,$ 3250.00,400
2857,10:38:54,$ 3250.00,200
2858,10:38:54,$ 3250.00,100
2859,10:38:54,$ 3250.00,100
2860,10:38:54,$ 3250.05,100
2861,10:38:54,$ 3249.75,100
2862,10:38:54,$ 3249.89,100
2863,10:38:54,$ 3249.90,100
2864,10:38:49,$ 3249.7824,200
2865,10:38:38,$ 3249.87,100
2866,10:38:27,$ 3249.36,100
2867,10:38:20,$ 3248.925,100
2868,10:38:19,$ 3248.62,100
2869,10:38:13,$ 3248.9545,100
2870,10:37:56,$ 3249.23,149
2871,10:37:43,$ 3248.99,100
2872,10:37:36,$ 3248.33,"1,380"
2873,10:37:33,$ 3249.06,100
2874,10:37:31,$ 3248.86,100
2876,10:37:31,$ 3248.89,100
2877,10:37:30,$ 3249.29,200
2878,10:37:24,$ 3247.95,100
2879,10:37:23,$ 3248.18,100
2880,10:37:18,$ 3248.00,100
2881,10:37:10,$ 3247.5177,138
2882,10:36:45,$ 3246.96,100
2883,10:36:13,$ 3246.26,100
2884,10:36:07,$ 3247.64,137
2885,10:36:03,$ 3248.28,100
2886,10:35:59,$ 3247.34,100
2887,10:35:59,$ 3247.99,100
2888,10:35:54,$ 3247.815,100
2889,10:35:50,$ 3246.61,100
2890,10:35:20,$ 3247.5124,140
2891,10:35:20,$ 3247.47,114
2892,10:35:15,$ 3246.78,100
2893,10:35:10,$ 3247.06,100
2894,10:35:10,$ 3246.91,100
2895,10:34:56,$ 3246.175,100
2897,10:34:48,$ 3246.8185,100
2898,10:34:42,$ 3246.86,100
2899,10:34:42,$ 3246.84,100
2900,10:34:36,$ 3245.1701,100
2901,10:34:27,$ 3246.58,100
2902,10:34:26,$ 3245.66,100
2903,10:34:26,$ 3245.25,100
2904,10:34:25,$ 3243.74,100
2905,10:34:22,$ 3244.475,100
2906,10:34:21,$ 3243.79,100
2907,10:34:21,$ 3244.37,100
2908,10:34:21,$ 3244.55,100
2909,10:34:21,$ 3244.60,100
2910,10:34:21,$ 3244.87,100
2911,10:34:21,$ 3244.78,100
2912,10:34:21,$ 3244.984,100
2913,10:34:21,$ 3244.74,100
2914,10:34:18,$ 3244.995,100
2915,10:34:06,$ 3244.4774,100
2916,10:34:02,$ 3246.62,100
2918,10:33:56,$ 3245.99,122
2919,10:33:56,$ 3246.00,100
2920,10:33:53,$ 3245.29,100
2921,10:33:53,$ 3245.255,100
2922,10:33:47,$ 3245.615,300
2923,10:33:46,$ 3245.365,100
2924,10:33:38,$ 3245.44,100
2925,10:33:38,$ 3245.40,100
2926,10:33:22,$ 3245.00,100
2927,10:33:21,$ 3245.14,100
2928,10:33:20,$ 3245.3916,150
2929,10:33:09,$ 3246.00,100
2930,10:32:52,$ 3247.0502,750
2931,10:32:44,$ 3247.02,300
2932,10:32:30,$ 3247.42,149
2933,10:32:30,$ 3246.75,100
2934,10:32:15,$ 3246.0001,200
2935,10:32:15,$ 3247.00,185
2936,10:32:06,$ 3246.305,100
2937,10:31:41,$ 3246.6401,300
2939,10:31:41,$ 3246.64,350
2940,10:31:41,$ 3247.43,100
2941,10:31:40,$ 3248.22,100
2942,10:31:40,$ 3246.6969,400
2943,10:31:32,$ 3248.15,100
2944,10:31:27,$ 3248.47,100
2945,10:31:21,$ 3248.47,100
2946,10:31:17,$ 3248.78,100
2947,10:31:10,$ 3247.805,100
2948,10:31:09,$ 3248.24,100
2949,10:30:55,$ 3247.46,100
2950,10:30:53,$ 3247.89,300
2951,10:30:42,$ 3247.455,100
2952,10:30:36,$ 3247.85,100
2953,10:30:33,$ 3247.23,125
2954,10:30:33,$ 3247.23,100
2955,10:30:29,$ 3247.76,300
2956,10:30:03,$ 3247.94,100
2957,10:30:03,$ 3248.00,100
2958,10:30:01,$ 3247.79,100
2960,11:29:44,$ 3250.78,100
2961,11:29:37,$ 3251.51,100
2962,11:29:25,$ 3251.31,100
2963,11:29:25,$ 3251.27,100
2964,11:29:09,$ 3252.76,100
2965,11:28:21,$ 3253.16,100
2966,11:28:09,$ 3254.6799,200
2967,11:27:51,$ 3254.26,100
2968,11:27:49,$ 3253.875,100
2969,11:26:54,$ 3254.56,190
2970,11:26:38,$ 3254.41,143
2971,11:26:18,$ 3254.50,110
2972,11:25:51,$ 3253.93,100
2973,11:25:36,$ 3254.0431,100
2974,11:25:21,$ 3254.05,100
2975,11:25:21,$ 3254.04,100
2976,11:25:16,$ 3254.03,300
2977,11:25:12,$ 3254.39,100
2978,11:25:05,$ 3253.6223,100
2979,11:24:58,$ 3254.00,200
2981,11:24:49,$ 3253.33,100
2982,11:24:49,$ 3253.35,100
2983,11:24:48,$ 3253.65,100
2984,11:24:34,$ 3253.575,100
2985,11:24:16,$ 3253.27,100
2986,11:24:16,$ 3253.67,100
2987,11:22:30,$ 3252.845,200
2988,11:22:04,$ 3252.66,100
2989,11:21:59,$ 3252.395,100
2990,11:21:28,$ 3252.1094,190
2991,11:21:25,$ 3252.50,100
2992,11:21:23,$ 3252.92,200
2993,11:21:23,$ 3252.53,100
2994,11:21:23,$ 3252.76,100
2995,11:21:23,$ 3252.76,100
2996,11:21:23,$ 3253.28,100
2997,11:21:14,$ 3253.49,100
2998,11:21:11,$ 3253.49,100
2999,11:20:59,$ 3253.70,250
3000,11:20:57,$ 3253.69,100
3002,11:20:57,$ 3253.49,100
3003,11:20:57,$ 3253.48,100
3004,11:20:47,$ 3253.70,100
3005,11:20:44,$ 3253.69,100
3006,11:20:44,$ 3253.65,100
3007,11:20:41,$ 3253.4722,100
3008,11:20:40,$ 3253.95,100
3009,11:20:37,$ 3253.71,107
3010,11:20:37,$ 3253.71,184
3011,11:20:37,$ 3253.902,709
3012,11:20:34,$ 3253.99,100
3013,11:20:28,$ 3253.26,100
3014,11:20:28,$ 3253.265,400
3015,11:20:27,$ 3253.265,100
3016,11:20:23,$ 3253.265,100
3017,11:20:05,$ 3253.22,200
3018,11:20:00,$ 3252.40,100
3019,11:19:57,$ 3252.1067,107
3020,11:19:47,$ 3252.74,100
3021,11:19:38,$ 3252.00,100
3023,11:19:25,$ 3252.075,200
3024,11:19:22,$ 3252.24,100
3025,11:19:22,$ 3252.25,100
3026,11:19:20,$ 3252.25,100
3027,11:19:20,$ 3252.25,100
3028,11:19:12,$ 3251.7501,250
3029,11:19:12,$ 3252.22,100
3030,11:19:11,$ 3252.04,100
3031,11:19:11,$ 3252.22,100
3032,11:18:57,$ 3252.31,100
3033,11:18:57,$ 3251.89,100
3034,11:18:57,$ 3251.89,100
3035,11:18:57,$ 3252.315,100
3036,11:18:42,$ 3252.56,100
3037,11:18:42,$ 3252.39,100
3038,11:18:42,$ 3252.57,106
3039,11:18:40,$ 3252.44,100
3040,11:18:37,$ 3252.32,100
3041,11:18:33,$ 3252.00,100
3042,11:18:33,$ 3251.99,100
3044,11:18:31,$ 3251.64,100
3045,11:18:25,$ 3251.63,100
3046,11:18:18,$ 3252.00,100
3047,11:18:14,$ 3251.325,100
3048,11:18:14,$ 3251.325,100
3049,11:18:11,$ 3251.11,100
3050,11:17:53,$ 3251.11,100
3051,11:17:46,$ 3251.30,100
3052,11:17:38,$ 3251.00,900
3053,11:17:38,$ 3250.99,100
3054,11:17:34,$ 3250.273,500
3055,11:17:15,$ 3250.39,100
3056,11:17:04,$ 3249.53,100
3057,11:17:00,$ 3249.95,100
3058,11:17:00,$ 3249.99,100
3059,11:17:00,$ 3250.00,100
3060,11:17:00,$ 3250.00,200
3061,11:17:00,$ 3250.00,460
3062,11:17:00,$ 3250.00,100
3063,11:17:00,$ 3250.00,100
3065,11:16:48,$ 3249.85,100
3066,11:15:24,$ 3247.20,100
3067,11:15:20,$ 3247.64,100
3068,11:15:06,$ 3247.9601,137
3069,11:14:57,$ 3247.6414,155
3070,11:14:22,$ 3247.545,100
3071,11:14:15,$ 3247.95,100
3072,11:14:02,$ 3247.22,100
3073,11:14:02,$ 3247.44,100
3074,11:13:01,$ 3248.00,125
3075,11:11:57,$ 3247.36,100
3076,11:11:44,$ 3247.7406,200
3077,11:11:22,$ 3246.84,100
3078,11:10:56,$ 3246.5001,171
3079,11:10:50,$ 3246.47,100
3080,11:10:44,$ 3247.00,100
3081,11:10:14,$ 3245.06,100
3082,11:10:10,$ 3245.75,100
3083,11:09:55,$ 3245.87,100
3084,11:09:43,$ 3246.44,100
3086,11:09:36,$ 3245.43,100
3087,11:09:35,$ 3246.01,100
3088,11:09:32,$ 3246.01,100
3089,11:09:06,$ 3246.55,100
3090,11:09:00,$ 3245.73,100
3091,11:08:01,$ 3245.59,100
3092,11:07:04,$ 3245.42,100
3093,11:06:37,$ 3244.45,100
3094,11:06:34,$ 3244.01,100
3095,11:06:34,$ 3244.00,100
3096,11:06:34,$ 3244.03,100
3097,11:06:28,$ 3244.10,100
3098,11:06:28,$ 3244.20,100
3099,11:06:07,$ 3245.61,100
3100,11:05:47,$ 3247.60,100
3101,11:05:41,$ 3246.00,100
3102,11:05:20,$ 3245.97,100
3103,11:05:15,$ 3246.45,159
3104,11:05:03,$ 3245.94,100
3105,11:05:03,$ 3245.94,100
3107,11:05:03,$ 3245.94,100
3108,11:05:03,$ 3245.98,100
3109,11:04:18,$ 3246.89,100
3110,11:04:18,$ 3246.93,100
3111,11:04:17,$ 3245.42,100
3112,11:03:58,$ 3246.94,100
3113,11:03:57,$ 3246.93,100
3114,11:03:40,$ 3248.04,100
3115,11:03:36,$ 3247.07,100
3116,11:03:36,$ 3247.07,100
3117,11:03:36,$ 3247.07,100
3118,11:03:14,$ 3246.40,100
3119,11:03:14,$ 3246.27,100
3120,11:03:14,$ 3246.83,100
3121,11:03:14,$ 3246.88,100
3122,11:03:14,$ 3246.82,100
3123,11:03:14,$ 3246.84,100
3124,11:03:14,$ 3246.87,100
3125,11:03:14,$ 3246.88,100
3126,11:02:45,$ 3246.20,100
3128,11:02:45,$ 3246.20,100
3129,11:02:33,$ 3246.20,100
3130,11:02:12,$ 3247.09,100
3131,11:02:00,$ 3247.12,100
3132,11:01:38,$ 3246.925,100
3133,11:01:29,$ 3247.45,100
3134,11:01:15,$ 3247.99,100
3135,11:01:02,$ 3247.755,100
3136,11:01:02,$ 3247.755,100
3137,11:00:42,$ 3248.50,100
3138,11:00:12,$ 3249.78,100
3139,11:00:11,$ 3248.66,100
3140,11:00:11,$ 3248.50,100
3142,11:59:57,$ 3254.13,100
3143,11:59:35,$ 3254.29,100
3144,11:59:35,$ 3254.285,100
3145,11:59:34,$ 3254.07,100
3146,11:59:25,$ 3254.00,318
3147,11:59:25,$ 3254.00,300
3148,11:59:25,$ 3254.00,181
3149,11:59:23,$ 3253.405,100
3150,11:59:23,$ 3253.41,100
3151,11:58:57,$ 3253.95,100
3152,11:58:57,$ 3253.98,100
3153,11:58:24,$ 3253.53,100
3154,11:58:02,$ 3252.64,100
3155,11:58:02,$ 3252.60,100
3156,11:57:20,$ 3252.955,200
3157,11:57:19,$ 3252.95,100
3158,11:57:00,$ 3253.83,100
3159,11:56:47,$ 3252.39,100
3160,11:56:38,$ 3251.965,100
3161,11:56:38,$ 3252.191,500
3163,11:55:34,$ 3253.50,100
3164,11:55:23,$ 3253.02,100
3165,11:55:19,$ 3252.96,100
3166,11:55:19,$ 3252.96,100
3167,11:54:45,$ 3251.05,100
3168,11:54:28,$ 3251.80,100
3169,11:54:25,$ 3251.6958,500
3170,11:54:04,$ 3252.12,100
3171,11:54:04,$ 3252.25,100
3172,11:54:04,$ 3252.23,100
3173,11:53:33,$ 3252.50,144
3174,11:53:32,$ 3252.51,100
3175,11:53:13,$ 3253.60,100
3176,11:52:50,$ 3252.55,100
3177,11:52:50,$ 3252.54,100
3178,11:52:43,$ 3252.01,100
3179,11:52:43,$ 3252.00,100
3180,11:52:36,$ 3252.07,100
3181,11:52:36,$ 3252.01,100
3182,11:52:32,$ 3252.56,100
3184,11:52:27,$ 3253.15,100
3185,11:52:26,$ 3253.16,100
3186,11:52:26,$ 3253.24,100
3187,11:52:16,$ 3254.87,140
3188,11:52:14,$ 3254.04,100
3189,11:51:46,$ 3254.83,100
3190,11:51:36,$ 3254.62,100
3191,11:51:15,$ 3254.33,100
3192,11:50:51,$ 3254.66,200
3193,11:50:12,$ 3253.9315,200
3194,11:49:59,$ 3253.86,100
3195,11:49:59,$ 3253.85,100
3196,11:49:34,$ 3252.75,100
3197,11:49:22,$ 3251.94,100
3198,11:49:18,$ 3252.73,100
3199,11:49:18,$ 3252.72,100
3200,11:49:18,$ 3252.72,125
3201,11:49:18,$ 3252.72,125
3202,11:49:18,$ 3252.72,125
3203,11:49:13,$ 3252.7201,475
3205,11:48:44,$ 3252.95,100
3206,11:48:44,$ 3252.96,126
3207,11:48:37,$ 3252.60,100
3208,11:48:37,$ 3252.62,100
3209,11:48:37,$ 3252.86,100
3210,11:48:28,$ 3252.305,100
3211,11:47:40,$ 3252.30,100
3212,11:47:21,$ 3253.0776,300
3213,11:47:11,$ 3253.5012,100
3214,11:46:59,$ 3252.825,100
3215,11:46:27,$ 3252.01,500
3216,11:46:19,$ 3253.27,100
3217,11:46:15,$ 3253.09,100
3218,11:46:07,$ 3253.1271,100
3219,11:45:41,$ 3252.385,100
3220,11:45:41,$ 3252.375,100
3221,11:45:38,$ 3252.885,100
3222,11:45:30,$ 3253.7215,100
3223,11:45:17,$ 3253.45,100
3224,11:44:47,$ 3253.97,100
3226,11:44:36,$ 3251.9501,100
3227,11:44:20,$ 3254.00,100
3228,11:44:18,$ 3252.33,257
3229,11:44:18,$ 3252.33,100
3230,11:44:18,$ 3252.33,477
3231,11:44:17,$ 3252.10,157
3232,11:44:17,$ 3252.10,500
3233,11:44:17,$ 3252.10,106
3234,11:44:17,$ 3252.10,100
3235,11:44:10,$ 3251.17,100
3236,11:44:10,$ 3251.17,200
3237,11:44:00,$ 3249.50,100
3238,11:42:20,$ 3251.76,100
3239,11:42:09,$ 3251.00,300
3240,11:42:05,$ 3250.38,"1,000"
3241,11:42:03,$ 3250.278,"1,000"
3242,11:41:44,$ 3249.64,"1,000"
3243,11:41:42,$ 3250.333,"1,000"
3244,11:41:33,$ 3249.895,100
3245,11:41:27,$ 3249.81,100
3247,11:41:27,$ 3249.82,100
3248,11:41:20,$ 3249.275,200
3249,11:41:20,$ 3249.73,100
3250,11:41:20,$ 3249.74,100
3251,11:41:17,$ 3249.04,100
3252,11:40:33,$ 3249.99,200
3253,11:40:32,$ 3249.23,100
3254,11:39:33,$ 3250.18,100
3255,11:39:24,$ 3249.32,100
3256,11:39:24,$ 3249.30,100
3257,11:39:24,$ 3249.22,100
3258,11:39:20,$ 3248.785,100
3259,11:39:15,$ 3248.405,100
3260,11:39:08,$ 3249.00,100
3261,11:38:58,$ 3248.772,119
3262,11:38:41,$ 3248.405,"1,000"
3263,11:38:36,$ 3248.67,100
3264,11:38:36,$ 3248.57,102
3265,11:38:31,$ 3248.98,100
3266,11:38:28,$ 3248.99,100
3268,11:38:27,$ 3248.70,200
3269,11:38:12,$ 3249.27,100
3270,11:38:03,$ 3249.98,385
3271,11:38:03,$ 3249.57,100
3272,11:38:03,$ 3249.07,100
3273,11:38:03,$ 3249.966,100
3274,11:38:03,$ 3249.51,100
3275,11:38:03,$ 3249.966,100
3276,11:38:03,$ 3249.53,100
3277,11:37:56,$ 3249.65,100
3278,11:37:38,$ 3250.17,100
3279,11:37:36,$ 3250.10,100
3280,11:37:27,$ 3251.00,146
3281,11:37:19,$ 3250.53,100
3282,11:37:13,$ 3250.0496,104
3283,11:37:08,$ 3250.92,100
3284,11:36:58,$ 3250.18,100
3285,11:36:58,$ 3250.15,100
3286,11:36:54,$ 3250.01,100
3287,11:36:23,$ 3250.02,150
3289,11:36:19,$ 3251.79,100
3290,11:36:18,$ 3249.98,100
3291,11:36:17,$ 3249.96,100
3292,11:36:17,$ 3249.72,300
3293,11:36:17,$ 3249.72,100
3294,11:36:17,$ 3249.54,100
3295,11:36:17,$ 3249.9773,100
3296,11:36:17,$ 3249.85,200
3297,11:36:17,$ 3249.96,100
3298,11:36:17,$ 3249.96,100
3299,11:36:17,$ 3249.95,300
3300,11:36:13,$ 3249.7393,118
3301,11:35:56,$ 3250.00,450
3302,11:35:54,$ 3250.01,100
3303,11:35:02,$ 3251.00,100
3304,11:34:50,$ 3251.8199,100
3305,11:34:43,$ 3251.0797,150
3306,11:34:43,$ 3252.225,100
3307,11:34:31,$ 3251.635,100
3308,11:34:23,$ 3250.6413,100
3310,11:34:07,$ 3251.81,100
3311,11:33:21,$ 3250.69,200
3312,11:32:48,$ 3250.69,100
3313,11:32:24,$ 3250.22,100
3314,11:32:24,$ 3249.66,100
3315,11:32:24,$ 3249.67,100
3316,11:32:15,$ 3249.355,100
3317,11:31:59,$ 3248.9905,120
3318,11:31:53,$ 3250.115,100
3319,11:31:53,$ 3250.125,100
3320,11:31:45,$ 3250.375,"1,000"
3321,11:31:42,$ 3250.3464,"1,000"
3322,11:31:35,$ 3251.00,100
3323,11:31:14,$ 3251.70,100
3324,11:31:05,$ 3252.745,300
3325,11:31:05,$ 3252.25,100
3326,11:31:05,$ 3252.25,100
3328,12:29:32,$ 3247.77,100
3329,12:28:28,$ 3247.33,100
3330,12:28:22,$ 3247.19,100
3331,12:28:13,$ 3247.685,200
3332,12:28:12,$ 3248.178,111
3333,12:28:12,$ 3248.178,307
3334,12:28:12,$ 3248.178,360
3335,12:28:01,$ 3247.71,100
3336,12:27:58,$ 3246.6098,100
3337,12:27:50,$ 3246.26,100
3338,12:27:49,$ 3246.26,100
3339,12:27:48,$ 3246.865,100
3340,12:27:46,$ 3247.2758,"1,000"
3341,12:27:44,$ 3245.84,100
3342,12:27:30,$ 3246.93,100
3343,12:27:28,$ 3246.12,100
3344,12:27:25,$ 3246.52,200
3345,12:27:25,$ 3245.85,100
3346,12:27:15,$ 3246.675,100
3347,12:27:03,$ 3246.82,100
3349,12:27:02,$ 3246.32,500
3350,12:27:02,$ 3246.56,100
3351,12:27:02,$ 3246.56,100
3352,12:27:00,$ 3247.07,100
3353,12:27:00,$ 3247.50,200
3354,12:27:00,$ 3247.10,100
3355,12:27:00,$ 3247.72,100
3356,12:26:57,$ 3247.72,100
3357,12:26:19,$ 3247.50,298
3358,12:26:19,$ 3247.97,200
3359,12:26:10,$ 3249.03,100
3360,12:26:09,$ 3249.035,100
3361,12:26:06,$ 3248.20,100
3362,12:26:06,$ 3249.97,"1,000"
3363,12:26:02,$ 3248.57,200
3364,12:26:02,$ 3248.57,176
3365,12:26:02,$ 3248.57,100
3366,12:25:57,$ 3249.787,100
3367,12:25:17,$ 3249.00,111
3368,12:25:17,$ 3249.50,149
3370,12:25:11,$ 3249.315,100
3371,12:24:59,$ 3249.295,100
3372,12:24:26,$ 3249.68,100
3373,12:23:08,$ 3250.695,100
3374,12:22:36,$ 3250.80,100
3375,12:21:24,$ 3250.26,100
3376,12:21:20,$ 3249.485,200
3377,12:21:19,$ 3249.485,100
3378,12:21:09,$ 3249.59,100
3379,12:21:00,$ 3249.07,100
3380,12:20:56,$ 3249.00,400
3381,12:20:50,$ 3250.199,100
3382,12:20:28,$ 3250.34,100
3383,12:20:24,$ 3250.00,100
3384,12:20:24,$ 3250.35,100
3385,12:20:23,$ 3250.1566,172
3386,12:20:00,$ 3250.45,100
3387,12:17:57,$ 3252.1453,307
3388,12:17:57,$ 3251.43,100
3389,12:17:57,$ 3251.43,100
3391,12:16:58,$ 3250.885,100
3392,12:16:53,$ 3249.77,200
3393,12:16:42,$ 3249.05,100
3394,12:16:24,$ 3249.50,100
3395,12:16:19,$ 3249.945,100
3396,12:16:14,$ 3250.7291,"1,000"
3397,12:15:27,$ 3249.53,100
3398,12:15:08,$ 3250.30,400
3399,12:14:14,$ 3251.1468,100
3400,12:13:58,$ 3250.67,100
3401,12:13:41,$ 3250.34,100
3402,12:13:41,$ 3249.51,100
3403,12:13:17,$ 3250.00,211
3404,12:13:17,$ 3250.21,200
3405,12:13:17,$ 3250.02,100
3406,12:12:57,$ 3250.28,100
3407,12:12:42,$ 3250.29,157
3408,12:12:42,$ 3250.97,100
3409,12:12:37,$ 3251.00,100
3410,12:12:18,$ 3251.8099,100
3412,12:12:16,$ 3250.61,100
3413,12:12:13,$ 3250.61,100
3414,12:12:13,$ 3250.75,100
3415,12:12:13,$ 3250.75,100
3416,12:12:13,$ 3250.665,100
3417,12:12:03,$ 3251.16,100
3418,12:11:37,$ 3251.43,100
3419,12:11:33,$ 3251.96,100
3420,12:11:29,$ 3251.635,750
3421,12:11:02,$ 3251.94,100
3422,12:11:02,$ 3251.79,100
3423,12:11:02,$ 3251.84,100
3424,12:10:53,$ 3251.15,100
3425,12:10:53,$ 3251.15,100
3426,12:10:21,$ 3252.14,100
3427,12:09:48,$ 3252.86,100
3428,12:09:48,$ 3252.86,100
3429,12:09:48,$ 3252.87,100
3430,12:09:48,$ 3252.86,100
3431,12:09:48,$ 3252.87,100
3433,12:08:58,$ 3254.415,100
3434,12:08:29,$ 3253.81,100
3435,12:08:27,$ 3254.416,100
3436,12:08:27,$ 3254.75,400
3437,12:07:39,$ 3254.96,100
3438,12:07:37,$ 3254.84,100
3439,12:07:35,$ 3254.80,100
3440,12:07:35,$ 3254.86,100
3441,12:07:35,$ 3254.80,100
3442,12:07:31,$ 3255.20,100
3443,12:07:13,$ 3255.77,100
3444,12:07:13,$ 3255.26,100
3445,12:07:13,$ 3255.255,100
3446,12:07:13,$ 3255.255,100
3447,12:07:13,$ 3255.26,100
3448,12:07:13,$ 3255.25,100
3449,12:07:06,$ 3255.54,101
3450,12:07:06,$ 3255.25,100
3451,12:07:06,$ 3255.25,100
3452,12:07:06,$ 3255.545,100
3454,12:07:06,$ 3255.82,100
3455,12:07:06,$ 3255.78,100
3456,12:07:06,$ 3255.27,100
3457,12:07:06,$ 3255.25,100
3458,12:06:50,$ 3257.00,153
3459,12:06:46,$ 3257.06,128
3460,12:06:46,$ 3257.14,100
3461,12:06:40,$ 3257.50,100
3462,12:06:13,$ 3257.00,200
3463,12:05:56,$ 3257.95,200
3464,12:05:48,$ 3257.66,200
3465,12:05:48,$ 3257.66,100
3466,12:05:19,$ 3257.345,100
3467,12:04:46,$ 3257.335,100
3468,12:04:46,$ 3257.345,100
3469,12:04:23,$ 3257.48,100
3470,12:04:23,$ 3257.50,723
3471,12:04:14,$ 3257.36,100
3472,12:04:14,$ 3257.12,100
3473,12:04:08,$ 3256.70,157
3475,12:04:01,$ 3257.01,100
3476,12:04:01,$ 3257.50,150
3477,12:03:58,$ 3256.855,103
3478,12:03:58,$ 3256.88,100
3479,12:03:58,$ 3256.89,100
3480,12:03:56,$ 3256.02,100
3481,12:03:26,$ 3255.68,100
3482,12:03:09,$ 3255.599,672
3483,12:03:09,$ 3255.051,100
3484,12:03:04,$ 3255.225,100
3485,12:02:48,$ 3255.16,100
3486,12:02:41,$ 3255.41,100
3487,12:02:41,$ 3255.41,100
3488,12:02:41,$ 3255.41,100
3489,12:02:41,$ 3255.41,100
3490,12:02:41,$ 3255.41,100
3491,12:02:41,$ 3255.41,100
3492,12:02:41,$ 3255.41,100
3493,12:02:41,$ 3255.41,100
3494,12:02:31,$ 3256.3086,100
3496,12:02:25,$ 3256.443,181
3497,12:02:11,$ 3256.00,100
3498,12:02:10,$ 3255.77,100
3499,12:02:10,$ 3256.00,100
3500,12:02:10,$ 3256.00,100
3501,12:02:10,$ 3256.00,100
3502,12:02:10,$ 3256.00,299
3503,12:02:10,$ 3256.00,100
3504,12:01:56,$ 3256.095,100
3505,12:01:41,$ 3255.78,100
3506,12:01:38,$ 3255.77,100
3507,12:01:38,$ 3255.77,100
3508,12:01:33,$ 3255.88,100
3509,12:01:32,$ 3255.9425,100
3510,12:01:28,$ 3256.225,100
3511,12:01:28,$ 3255.82,100
3512,12:01:16,$ 3256.3062,564
3513,12:01:16,$ 3256.3062,307
3514,12:01:15,$ 3256.205,100
3515,12:01:15,$ 3256.22,100
3517,12:01:14,$ 3256.68,100
3518,12:01:11,$ 3256.215,100
3519,12:01:03,$ 3255.97,100
3520,12:01:01,$ 3255.61,367
3521,12:01:00,$ 3255.645,200
3522,12:00:59,$ 3255.875,100
3523,12:00:59,$ 3256.00,100
3524,12:00:59,$ 3255.99,100
3525,12:00:59,$ 3255.99,100
3526,12:00:59,$ 3255.55,200
3527,12:00:57,$ 3255.66,100
3528,12:00:53,$ 3255.30,100
3529,12:00:42,$ 3255.18,100
3530,12:00:41,$ 3255.00,100
3531,12:00:36,$ 3255.095,100
3532,12:00:34,$ 3255.05,100
3533,12:00:31,$ 3255.045,200
3534,12:00:31,$ 3255.205,100
3535,12:00:31,$ 3255.205,100
3536,12:00:31,$ 3255.045,100
3538,12:00:05,$ 3255.00,100
3539,12:00:05,$ 3255.00,100
3540,12:00:05,$ 3255.00,100
3541,12:00:05,$ 3255.00,100
3542,12:00:05,$ 3255.00,100
3543,12:00:05,$ 3254.87,100
3544,12:00:04,$ 3254.0301,100
3545,12:00:03,$ 3254.43,100
3547,12:59:54,$ 3245.259,600
3548,12:59:24,$ 3245.726,100
3549,12:58:33,$ 3245.02,100
3550,12:58:30,$ 3245.32,100
3551,12:58:26,$ 3245.48,100
3552,12:58:02,$ 3245.01,100
3553,12:57:55,$ 3245.1588,100
3554,12:57:12,$ 3245.36,100
3555,12:57:12,$ 3245.36,100
3556,12:55:36,$ 3245.07,300
3557,12:55:13,$ 3244.41,129
3558,12:55:13,$ 3244.65,100
3559,12:55:13,$ 3244.82,100
3560,12:54:30,$ 3244.93,100
3561,12:54:09,$ 3245.00,100
3562,12:53:08,$ 3245.81,100
3563,12:53:08,$ 3245.51,100
3564,12:53:02,$ 3246.17,100
3565,12:52:59,$ 3246.41,100
3566,12:52:59,$ 3246.54,100
3568,12:52:49,$ 3246.34,100
3569,12:52:44,$ 3246.90,100
3570,12:52:20,$ 3246.91,250
3571,12:52:05,$ 3247.00,100
3572,12:51:44,$ 3246.76,100
3573,12:51:39,$ 3247.14,100
3574,12:51:34,$ 3247.76,300
3575,12:51:30,$ 3247.00,306
3576,12:51:30,$ 3247.00,107
3577,12:51:30,$ 3247.00,100
3578,12:51:23,$ 3247.61,154
3579,12:51:11,$ 3247.11,100
3580,12:50:58,$ 3247.1031,100
3581,12:50:56,$ 3245.68,200
3582,12:50:47,$ 3245.65,100
3583,12:50:11,$ 3246.16,100
3584,12:50:05,$ 3246.35,700
3585,12:48:57,$ 3246.00,100
3586,12:48:53,$ 3246.765,100
3587,12:48:00,$ 3246.87,100
3589,12:47:53,$ 3246.83,100
3590,12:47:25,$ 3246.20,100
3591,12:47:10,$ 3246.00,100
3592,12:46:20,$ 3244.885,111
3593,12:46:20,$ 3244.08,111
3594,12:46:20,$ 3244.10,100
3595,12:46:20,$ 3244.24,200
3596,12:46:20,$ 3244.08,189
3597,12:46:20,$ 3244.46,100
3598,12:46:20,$ 3244.0827,100
3599,12:46:20,$ 3244.0835,100
3600,12:46:20,$ 3244.40,100
3601,12:46:15,$ 3244.28,100
3602,12:46:15,$ 3244.10,100
3603,12:45:47,$ 3245.59,100
3604,12:45:47,$ 3245.60,100
3605,12:45:47,$ 3245.54,100
3606,12:45:44,$ 3245.54,100
3607,12:45:33,$ 3244.85,100
3608,12:45:24,$ 3244.11,100
3610,12:45:11,$ 3245.00,100
3611,12:44:38,$ 3244.73,100
3612,12:44:28,$ 3244.99,100
3613,12:44:27,$ 3245.03,100
3614,12:44:23,$ 3244.90,100
3615,12:44:10,$ 3244.966,250
3616,12:44:09,$ 3245.00,100
3617,12:44:06,$ 3244.13,100
3618,12:44:01,$ 3244.00,100
3619,12:44:01,$ 3244.01,100
3620,12:44:01,$ 3244.00,100
3621,12:44:01,$ 3244.00,100
3622,12:43:44,$ 3244.2106,165
3623,12:43:44,$ 3244.22,100
3624,12:43:44,$ 3245.00,100
3625,12:43:44,$ 3245.00,151
3626,12:43:44,$ 3245.00,107
3627,12:43:44,$ 3245.05,100
3628,12:43:37,$ 3245.80,297
3629,12:43:37,$ 3245.80,151
3631,12:43:37,$ 3245.80,231
3632,12:43:36,$ 3246.84,100
3633,12:43:09,$ 3247.53,100
3634,12:42:57,$ 3247.926,885
3635,12:42:49,$ 3247.5086,100
3636,12:42:43,$ 3246.40,100
3637,12:42:43,$ 3246.45,100
3638,12:42:37,$ 3246.00,100
3639,12:42:17,$ 3246.57,100
3640,12:42:09,$ 3246.82,100
3641,12:42:08,$ 3246.8079,750
3642,12:42:08,$ 3246.454,100
3643,12:41:14,$ 3246.405,100
3644,12:41:14,$ 3246.00,323
3645,12:41:14,$ 3246.00,113
3646,12:41:09,$ 3247.23,100
3647,12:41:06,$ 3246.68,100
3648,12:40:55,$ 3246.50,187
3649,12:40:34,$ 3246.71,250
3650,12:39:27,$ 3247.47,100
3652,12:39:06,$ 3247.31,129
3653,12:38:36,$ 3248.43,100
3654,12:37:24,$ 3248.4299,100
3655,12:37:12,$ 3248.39,100
3656,12:36:19,$ 3248.50,100
3657,12:36:19,$ 3248.50,102
3658,12:36:19,$ 3248.64,100
3659,12:36:19,$ 3248.63,100
3660,12:36:18,$ 3248.5304,424
3661,12:36:18,$ 3248.54,100
3662,12:36:18,$ 3248.62,100
3663,12:36:18,$ 3248.62,200
3664,12:36:18,$ 3248.63,100
3665,12:36:18,$ 3248.64,100
3666,12:36:18,$ 3249.15,100
3667,12:35:08,$ 3249.60,100
3668,12:35:00,$ 3248.01,100
3669,12:34:46,$ 3248.09,100
3670,12:34:37,$ 3247.34,100
3671,12:34:21,$ 3248.89,100
3673,12:33:45,$ 3247.34,100
3674,12:33:35,$ 3248.30,100
3675,12:33:35,$ 3248.28,100
3676,12:33:22,$ 3249.025,100
3677,12:32:58,$ 3249.49,100
3678,12:32:22,$ 3250.13,300
3679,12:31:39,$ 3250.26,100
3680,12:31:38,$ 3250.55,100
3681,12:31:37,$ 3250.555,100
3682,12:31:33,$ 3250.56,199
3683,12:31:30,$ 3250.00,200
3684,12:31:30,$ 3250.00,100
3685,12:31:17,$ 3249.38,115
3686,12:31:17,$ 3249.38,174
3687,12:31:00,$ 3249.20,100
3688,12:31:00,$ 3248.58,100
3689,12:31:00,$ 3248.66,100
3690,12:31:00,$ 3249.00,100
3691,12:31:00,$ 3249.00,317
3692,12:31:00,$ 3249.00,154
3694,12:31:00,$ 3249.00,100
3696,13:29:55,$ 3250.00,100
3697,13:29:53,$ 3250.83,100
3698,13:29:37,$ 3250.025,100
3699,13:29:36,$ 3250.13,100
3700,13:28:53,$ 3250.26,100
3701,13:28:42,$ 3250.34,100
3702,13:28:20,$ 3250.815,100
3703,13:27:03,$ 3249.60,100
3704,13:27:02,$ 3249.7425,100
3705,13:27:01,$ 3249.99,100
3706,13:26:22,$ 3249.65,100
3707,13:24:27,$ 3251.01,100
3708,13:24:27,$ 3251.475,169
3709,13:24:27,$ 3251.24,100
3710,13:24:21,$ 3251.5567,250
3711,13:23:58,$ 3251.43,100
3712,13:23:53,$ 3250.92,100
3713,13:23:53,$ 3250.89,100
3714,13:23:53,$ 3250.88,100
3715,13:23:10,$ 3250.87,100
3717,13:23:03,$ 3250.059,100
3718,13:22:53,$ 3250.305,135
3719,13:22:44,$ 3249.955,100
3720,13:22:22,$ 3249.745,"1,000"
3721,13:22:10,$ 3250.01,100
3722,13:22:10,$ 3250.01,100
3723,13:22:10,$ 3250.01,100
3724,13:22:10,$ 3250.01,373
3725,13:22:10,$ 3250.01,100
3726,13:22:10,$ 3250.01,109
3727,13:21:43,$ 3250.59,100
3728,13:21:05,$ 3250.265,100
3729,13:20:17,$ 3250.06,100
3730,13:19:27,$ 3250.10,100
3731,13:17:33,$ 3250.98,100
3732,13:15:31,$ 3249.1622,306
3733,13:15:31,$ 3249.1622,437
3734,13:15:28,$ 3250.23,100
3735,13:15:21,$ 3250.865,"1,000"
3736,13:15:06,$ 3250.705,150
3738,13:15:01,$ 3250.24,250
3739,13:14:41,$ 3250.7045,100
3740,13:13:13,$ 3250.00,100
3741,13:12:01,$ 3250.13,100
3742,13:12:00,$ 3250.45,100
3743,13:11:44,$ 3250.25,750
3744,13:11:38,$ 3250.01,100
3745,13:11:17,$ 3249.9047,250
3746,13:11:17,$ 3250.00,100
3747,13:11:11,$ 3249.71,100
3748,13:11:11,$ 3248.99,100
3749,13:11:11,$ 3249.00,133
3750,13:11:11,$ 3249.00,347
3751,13:11:11,$ 3249.00,100
3752,13:10:58,$ 3248.61,100
3753,13:10:58,$ 3248.38,100
3754,13:10:58,$ 3248.23,100
3755,13:10:20,$ 3247.79,100
3756,13:10:00,$ 3246.975,100
3757,13:09:57,$ 3246.54,100
3759,13:08:59,$ 3245.88,100
3760,13:08:22,$ 3246.19,100
3761,13:08:16,$ 3246.62,100
3762,13:08:14,$ 3246.81,100
3763,13:07:50,$ 3247.93,100
3764,13:07:42,$ 3247.88,100
3765,13:07:42,$ 3247.90,100
3766,13:06:34,$ 3246.80,100
3767,13:06:33,$ 3248.11,300
3768,13:06:33,$ 3247.478,100
3769,13:06:33,$ 3247.87,100
3770,13:06:33,$ 3247.174,100
3771,13:06:33,$ 3247.17,100
3772,13:06:33,$ 3247.16,100
3773,13:06:33,$ 3246.59,100
3774,13:06:33,$ 3246.60,100
3775,13:06:24,$ 3246.4073,100
3776,13:05:48,$ 3245.29,100
3777,13:05:07,$ 3246.91,100
3778,13:04:51,$ 3246.7992,100
3780,13:03:21,$ 3245.34,100
3781,13:03:07,$ 3247.00,100
3782,13:03:04,$ 3247.5699,100
3783,13:02:58,$ 3246.05,302
3784,13:02:58,$ 3246.20,100
3785,13:02:58,$ 3245.70,100
3786,13:02:58,$ 3246.42,100
3787,13:02:58,$ 3245.92,100
3788,13:02:58,$ 3246.52,100
3789,13:02:58,$ 3246.02,100
3790,13:02:58,$ 3246.959,100
3791,13:02:58,$ 3246.61,100
3792,13:02:55,$ 3246.96,100
3793,13:02:27,$ 3245.76,100
3794,13:02:13,$ 3245.17,300
3795,13:02:13,$ 3245.17,300
3796,13:02:13,$ 3245.54,100
3797,13:02:13,$ 3245.19,100
3798,13:02:13,$ 3245.19,100
3799,13:01:26,$ 3245.13,100
3801,13:00:09,$ 3244.5238,568
3802,13:00:09,$ 3245.16,100
3803,13:00:09,$ 3245.17,100
3804,13:00:09,$ 3244.67,100
3805,13:00:09,$ 3245.1689,100
3806,13:00:09,$ 3244.91,100
3807,13:00:06,$ 3245.62,100
3809,13:59:40,$ 3246.86,200
3810,13:59:39,$ 3246.15,300
3811,13:59:27,$ 3246.66,100
3812,13:59:13,$ 3246.91,100
3813,13:59:11,$ 3247.065,100
3814,13:58:50,$ 3247.06,100
3815,13:58:50,$ 3247.06,100
3816,13:58:32,$ 3247.36,100
3817,13:58:02,$ 3247.91,100
3818,13:57:50,$ 3249.00,100
3819,13:57:41,$ 3248.559,100
3820,13:56:58,$ 3247.91,100
3821,13:56:56,$ 3247.54,100
3822,13:56:56,$ 3248.00,480
3823,13:56:56,$ 3247.88,100
3824,13:56:23,$ 3248.65,800
3825,13:56:23,$ 3248.75,455
3826,13:56:18,$ 3249.30,100
3827,13:56:16,$ 3249.30,100
3828,13:56:16,$ 3249.30,100
3830,13:56:16,$ 3249.30,100
3831,13:56:16,$ 3249.30,100
3832,13:56:15,$ 3249.21,800
3833,13:56:15,$ 3249.21,600
3834,13:56:15,$ 3249.21,100
3835,13:56:15,$ 3249.21,100
3836,13:56:15,$ 3249.21,100
3837,13:56:06,$ 3249.86,100
3838,13:56:04,$ 3249.40,100
3839,13:55:47,$ 3249.84,100
3840,13:55:14,$ 3249.075,110
3841,13:55:06,$ 3249.00,100
3842,13:54:55,$ 3249.14,681
3843,13:53:49,$ 3249.79,100
3844,13:53:21,$ 3250.385,105
3845,13:53:21,$ 3250.93,100
3846,13:52:31,$ 3250.61,100
3847,13:52:18,$ 3250.00,100
3848,13:52:18,$ 3250.00,121
3849,13:52:18,$ 3250.00,100
3851,13:52:18,$ 3250.00,100
3852,13:52:15,$ 3250.01,100
3853,13:52:04,$ 3250.83,100
3854,13:51:02,$ 3251.32,100
3855,13:50:50,$ 3250.48,100
