,NLS Time (ET),NLS Price,NLS Share Volume
1,09:59:59,$ 3499.07,100
2,09:59:59,$ 3499.05,100
3,09:59:59,$ 3499.355,100
4,09:59:59,$ 3499.36,100
5,09:59:59,$ 3499.28,100
6,09:59:59,$ 3499.32,100
7,09:59:59,$ 3499.33,200
8,09:59:59,$ 3499.33,100
9,09:59:59,$ 3498.575,100
10,09:59:51,$ 3499.00,191
11,09:59:49,$ 3498.89,100
12,09:59:42,$ 3499.06,100
13,09:59:39,$ 3499.01,100
14,09:59:38,$ 3499.525,100
15,09:59:31,$ 3499.70,100
16,09:59:30,$ 3499.155,500
17,09:59:25,$ 3497.80,100
18,09:59:22,$ 3497.755,200
19,09:59:21,$ 3497.52,100
20,09:59:21,$ 3497.36,101
22,09:59:20,$ 3497.00,100
23,09:59:20,$ 3497.07,100
24,09:59:20,$ 3497.07,100
25,09:59:20,$ 3497.07,100
26,09:59:20,$ 3497.56,100
27,09:59:20,$ 3497.10,100
28,09:59:20,$ 3497.05,100
29,09:59:20,$ 3496.3701,100
30,09:59:19,$ 3496.725,100
31,09:59:18,$ 3496.38,100
32,09:59:13,$ 3497.28,100
33,09:59:07,$ 3496.35,100
34,09:59:07,$ 3497.00,200
35,09:59:07,$ 3497.19,100
36,09:59:07,$ 3497.18,120
37,09:59:06,$ 3497.53,100
38,09:59:06,$ 3497.47,100
39,09:59:00,$ 3498.235,200
40,09:58:59,$ 3497.77,100
41,09:58:50,$ 3498.135,500
43,09:58:49,$ 3497.88,100
44,09:58:49,$ 3498.01,100
45,09:58:45,$ 3498.145,100
46,09:58:43,$ 3498.98,500
47,09:58:36,$ 3498.95,100
48,09:58:36,$ 3498.93,100
49,09:58:36,$ 3498.80,100
50,09:58:36,$ 3498.98,142
51,09:58:35,$ 3498.51,100
52,09:58:32,$ 3498.545,100
53,09:58:31,$ 3498.555,100
54,09:58:27,$ 3498.565,100
55,09:58:25,$ 3499.06,100
56,09:58:22,$ 3499.71,100
57,09:58:22,$ 3499.59,100
58,09:58:19,$ 3500.27,150
59,09:58:07,$ 3501.355,100
60,09:57:57,$ 3500.86,100
61,09:57:56,$ 3501.285,500
62,09:57:53,$ 3502.04,100
64,09:57:49,$ 3501.98,100
65,09:57:44,$ 3502.145,100
66,09:57:43,$ 3501.59,100
67,09:57:38,$ 3502.54,200
68,09:57:38,$ 3502.46,100
69,09:57:36,$ 3502.155,100
70,09:57:06,$ 3502.43,100
71,09:57:05,$ 3502.3579,100
72,09:57:03,$ 3502.646,100
73,09:57:01,$ 3502.88,100
74,09:56:54,$ 3501.335,500
75,09:56:37,$ 3500.99,100
76,09:56:37,$ 3501.00,100
77,09:56:35,$ 3500.0734,338
78,09:56:35,$ 3500.35,100
79,09:56:32,$ 3500.00,115
80,09:56:27,$ 3500.645,140
81,09:56:27,$ 3500.645,500
82,09:56:20,$ 3499.595,100
83,09:56:16,$ 3499.675,200
85,09:56:15,$ 3499.37,100
86,09:56:15,$ 3499.36,100
87,09:56:15,$ 3499.37,100
88,09:56:15,$ 3500.46,100
89,09:56:15,$ 3500.00,"2,293"
90,09:56:14,$ 3500.50,100
91,09:56:10,$ 3500.615,100
92,09:55:59,$ 3500.7889,500
93,09:55:56,$ 3500.3548,200
94,09:55:56,$ 3501.06,198
95,09:55:56,$ 3501.06,100
96,09:55:54,$ 3500.40,100
97,09:55:54,$ 3500.63,100
98,09:55:48,$ 3500.84,200
99,09:55:45,$ 3501.695,100
100,09:55:25,$ 3502.965,100
101,09:55:25,$ 3502.22,100
102,09:54:58,$ 3499.6815,172
103,09:54:56,$ 3500.62,100
104,09:54:52,$ 3500.00,163
106,09:54:52,$ 3500.00,234
107,09:54:52,$ 3500.00,100
108,09:54:39,$ 3501.07,100
109,09:54:39,$ 3501.20,100
110,09:54:36,$ 3501.21,100
111,09:54:29,$ 3501.20,100
112,09:54:27,$ 3501.29,100
113,09:54:22,$ 3500.45,100
114,09:54:19,$ 3500.45,100
115,09:54:15,$ 3500.345,100
116,09:54:08,$ 3501.92,100
117,09:54:08,$ 3501.925,100
118,09:54:08,$ 3501.95,100
119,09:54:08,$ 3501.58,100
120,09:54:00,$ 3504.105,100
121,09:53:55,$ 3504.529,500
122,09:53:54,$ 3504.25,100
123,09:53:53,$ 3504.27,100
124,09:53:52,$ 3504.335,100
125,09:53:49,$ 3504.98,100
127,09:53:40,$ 3504.98,100
128,09:53:33,$ 3502.8256,140
129,09:52:49,$ 3501.9322,100
130,09:52:46,$ 3502.87,100
131,09:52:46,$ 3501.95,100
132,09:52:43,$ 3501.265,100
133,09:52:41,$ 3500.48,100
134,09:52:37,$ 3500.70,100
135,09:52:37,$ 3500.68,100
136,09:52:37,$ 3500.65,100
137,09:52:37,$ 3500.69,100
138,09:52:37,$ 3500.88,100
139,09:52:37,$ 3500.6807,100
140,09:52:37,$ 3500.6835,100
141,09:52:37,$ 3500.71,100
142,09:52:37,$ 3500.71,100
143,09:52:37,$ 3501.19,150
144,09:52:07,$ 3501.20,100
145,09:52:04,$ 3500.23,100
146,09:52:03,$ 3500.60,100
148,09:52:02,$ 3500.82,101
149,09:52:00,$ 3499.96,100
150,09:52:00,$ 3499.955,100
151,09:51:59,$ 3500.00,200
152,09:51:59,$ 3500.00,100
153,09:51:59,$ 3500.00,100
154,09:51:59,$ 3500.46,100
155,09:51:59,$ 3501.27,106
156,09:51:54,$ 3502.59,100
157,09:51:40,$ 3503.0498,125
158,09:51:40,$ 3502.96,100
159,09:51:35,$ 3502.63,100
160,09:51:34,$ 3503.57,100
161,09:51:32,$ 3502.8177,193
162,09:51:30,$ 3502.45,100
163,09:51:25,$ 3502.34,100
164,09:51:25,$ 3502.21,100
165,09:51:13,$ 3503.03,100
166,09:51:03,$ 3503.075,100
167,09:51:03,$ 3503.11,100
169,09:51:03,$ 3503.11,100
170,09:50:45,$ 3504.41,100
171,09:50:38,$ 3504.33,100
172,09:50:37,$ 3504.32,100
173,09:50:32,$ 3504.10,100
174,09:50:25,$ 3504.4976,100
175,09:50:21,$ 3505.28,100
176,09:50:16,$ 3506.10,500
177,09:50:09,$ 3507.695,100
178,09:50:04,$ 3506.065,200
179,09:50:04,$ 3506.065,100
180,09:50:00,$ 3506.29,100
181,09:50:00,$ 3506.27,100
182,09:50:00,$ 3506.09,100
183,09:49:58,$ 3505.64,100
184,09:49:44,$ 3504.215,100
185,09:49:44,$ 3504.485,100
186,09:49:43,$ 3504.25,100
187,09:49:43,$ 3504.25,100
188,09:49:43,$ 3504.14,100
190,09:49:26,$ 3503.995,100
191,09:49:17,$ 3503.10,100
192,09:49:17,$ 3502.86,100
193,09:49:12,$ 3502.58,100
194,09:49:11,$ 3502.5801,150
195,09:48:59,$ 3502.445,500
196,09:48:32,$ 3503.8601,500
197,09:47:57,$ 3504.97,100
198,09:47:57,$ 3504.95,100
199,09:47:57,$ 3504.87,100
200,09:47:57,$ 3504.95,100
201,09:47:57,$ 3505.00,100
202,09:47:57,$ 3505.00,200
203,09:47:52,$ 3504.00,100
204,09:47:52,$ 3504.00,100
205,09:47:52,$ 3504.02,100
206,09:47:52,$ 3504.02,100
207,09:47:49,$ 3503.8613,100
208,09:47:38,$ 3503.42,100
209,09:47:38,$ 3502.695,100
211,09:47:32,$ 3501.99,100
212,09:47:25,$ 3501.772,324
213,09:47:08,$ 3500.03,100
214,09:47:07,$ 3500.04,103
215,09:47:00,$ 3500.11,100
216,09:47:00,$ 3500.12,100
217,09:47:00,$ 3501.00,100
218,09:46:53,$ 3500.96,100
219,09:46:35,$ 3501.00,100
220,09:46:33,$ 3501.08,430
221,09:46:33,$ 3501.00,"1,839"
222,09:46:33,$ 3501.00,198
223,09:46:33,$ 3501.00,571
224,09:46:33,$ 3501.00,103
225,09:46:33,$ 3501.00,100
226,09:46:33,$ 3501.00,100
227,09:46:28,$ 3501.235,100
228,09:46:26,$ 3502.85,100
229,09:45:46,$ 3504.89,100
230,09:45:37,$ 3508.41,100
232,09:45:28,$ 3509.39,300
233,09:45:23,$ 3509.00,100
234,09:45:21,$ 3509.69,100
235,09:45:21,$ 3509.69,100
236,09:45:21,$ 3509.035,430
237,09:45:15,$ 3508.735,100
238,09:45:13,$ 3508.67,100
239,09:45:13,$ 3507.83,100
240,09:45:13,$ 3507.00,150
241,09:45:12,$ 3506.09,100
242,09:45:02,$ 3505.00,100
243,09:44:51,$ 3502.705,500
244,09:44:48,$ 3502.37,100
245,09:44:30,$ 3501.82,100
246,09:44:29,$ 3502.57,100
247,09:44:21,$ 3502.73,500
248,09:44:09,$ 3501.59,200
249,09:44:07,$ 3502.6722,100
250,09:43:45,$ 3502.837,100
251,09:43:45,$ 3502.95,100
253,09:43:38,$ 3502.58,250
254,09:43:32,$ 3501.873,147
255,09:43:24,$ 3501.9395,500
256,09:43:23,$ 3502.1058,150
257,09:43:15,$ 3501.705,100
258,09:43:08,$ 3501.85,100
259,09:43:06,$ 3502.3033,100
260,09:43:06,$ 3501.675,100
261,09:42:49,$ 3501.36,100
262,09:42:47,$ 3501.03,100
263,09:42:47,$ 3501.36,874
264,09:42:28,$ 3499.84,100
265,09:42:24,$ 3499.35,100
266,09:42:24,$ 3500.01,100
267,09:42:24,$ 3499.60,100
268,09:42:19,$ 3500.99,100
269,09:42:18,$ 3500.47,200
270,09:42:17,$ 3501.03,100
271,09:42:15,$ 3500.475,100
272,09:42:14,$ 3501.35,100
274,09:42:11,$ 3499.455,100
275,09:42:11,$ 3499.395,100
276,09:42:11,$ 3499.41,100
277,09:42:09,$ 3500.01,100
278,09:42:09,$ 3500.50,100
279,09:42:09,$ 3501.29,100
280,09:42:09,$ 3501.23,100
281,09:42:05,$ 3501.40,100
282,09:42:05,$ 3501.40,100
283,09:41:54,$ 3502.765,100
284,09:41:37,$ 3503.215,200
285,09:41:34,$ 3502.54,100
286,09:41:33,$ 3502.5058,279
287,09:41:22,$ 3502.3567,600
288,09:41:10,$ 3503.68,100
289,09:41:10,$ 3504.07,100
290,09:41:07,$ 3504.0701,220
291,09:41:04,$ 3505.00,100
292,09:41:04,$ 3505.00,100
293,09:41:04,$ 3505.00,100
295,09:41:01,$ 3505.42,278
296,09:40:55,$ 3506.39,100
297,09:40:53,$ 3506.50,115
298,09:40:50,$ 3507.12,100
299,09:40:40,$ 3507.6278,400
300,09:40:38,$ 3508.45,100
301,09:40:30,$ 3505.99,100
302,09:40:29,$ 3507.68,150
303,09:40:24,$ 3506.195,100
304,09:40:23,$ 3506.57,100
305,09:40:23,$ 3506.57,100
306,09:40:16,$ 3504.83,296
307,09:40:14,$ 3505.69,100
308,09:40:12,$ 3506.315,100
309,09:40:12,$ 3505.68,100
310,09:40:08,$ 3507.025,500
311,09:40:08,$ 3507.22,100
312,09:40:08,$ 3507.295,100
313,09:40:08,$ 3507.305,100
314,09:40:08,$ 3507.305,100
316,09:40:08,$ 3507.05,100
317,09:40:07,$ 3507.37,100
318,09:40:06,$ 3507.87,100
319,09:40:05,$ 3509.30,100
320,09:40:05,$ 3508.59,100
321,09:40:04,$ 3509.8652,100
322,09:40:02,$ 3509.73,100
323,09:40:01,$ 3510.835,200
324,09:40:01,$ 3509.26,401
325,09:40:00,$ 3510.625,217
326,09:39:59,$ 3511.805,100
327,09:39:59,$ 3511.9608,100
328,09:39:58,$ 3511.12,100
329,09:39:58,$ 3511.17,100
330,09:39:58,$ 3510.00,100
331,09:39:58,$ 3508.63,300
332,09:39:58,$ 3509.6396,100
333,09:39:58,$ 3509.04,"1,785"
334,09:39:58,$ 3509.3487,100
335,09:39:56,$ 3509.6641,100
337,09:39:54,$ 3508.80,100
338,09:39:52,$ 3508.02,100
339,09:39:52,$ 3507.43,100
340,09:39:49,$ 3506.755,100
341,09:39:49,$ 3506.685,100
342,09:39:43,$ 3506.4862,100
343,09:39:41,$ 3506.0101,100
344,09:39:40,$ 3507.5699,100
345,09:39:39,$ 3506.89,100
346,09:39:39,$ 3506.65,100
347,09:39:39,$ 3507.92,100
348,09:39:37,$ 3508.00,351
349,09:39:37,$ 3508.00,320
350,09:39:37,$ 3508.00,329
351,09:39:37,$ 3507.9999,100
352,09:39:31,$ 3506.80,109
353,09:39:31,$ 3506.80,100
354,09:39:30,$ 3506.83,200
355,09:39:23,$ 3505.66,100
356,09:39:22,$ 3505.63,100
358,09:39:22,$ 3506.4294,100
359,09:39:18,$ 3505.68,100
360,09:39:18,$ 3506.56,100
361,09:39:18,$ 3506.56,100
362,09:39:18,$ 3506.56,100
363,09:39:10,$ 3506.01,100
364,09:39:10,$ 3505.885,100
365,09:39:09,$ 3506.00,100
366,09:39:03,$ 3505.91,100
367,09:38:57,$ 3505.25,100
368,09:38:57,$ 3505.26,100
369,09:38:57,$ 3505.25,100
370,09:38:57,$ 3505.14,100
371,09:38:53,$ 3504.89,100
372,09:38:52,$ 3505.53,100
373,09:38:52,$ 3505.53,100
374,09:38:46,$ 3504.72,100
375,09:38:43,$ 3505.2267,100
376,09:38:42,$ 3503.9688,100
377,09:38:41,$ 3505.58,100
379,09:38:41,$ 3505.00,100
380,09:38:41,$ 3505.802,100
381,09:38:38,$ 3505.965,600
382,09:38:35,$ 3505.52,100
383,09:38:34,$ 3507.0921,250
384,09:38:33,$ 3507.37,100
385,09:38:33,$ 3507.14,100
386,09:38:32,$ 3507.03,100
387,09:38:31,$ 3506.30,364
388,09:38:31,$ 3506.47,100
389,09:38:31,$ 3506.16,100
390,09:38:31,$ 3505.595,100
391,09:38:30,$ 3506.435,100
392,09:38:30,$ 3506.33,100
393,09:38:23,$ 3505.0306,200
394,09:38:22,$ 3505.92,100
395,09:38:19,$ 3505.00,100
396,09:38:19,$ 3504.82,100
397,09:38:19,$ 3504.75,100
398,09:38:12,$ 3502.9025,100
400,09:38:09,$ 3502.76,200
401,09:38:05,$ 3502.00,287
402,09:38:05,$ 3501.45,100
403,09:38:05,$ 3500.48,100
404,09:37:55,$ 3500.85,100
405,09:37:34,$ 3500.30,100
406,09:37:33,$ 3499.70,100
407,09:37:33,$ 3500.22,100
408,09:37:31,$ 3499.465,100
409,09:37:31,$ 3499.465,176
410,09:37:31,$ 3499.105,100
411,09:37:31,$ 3498.6325,107
412,09:37:27,$ 3499.2657,100
413,09:37:25,$ 3499.105,100
414,09:37:25,$ 3497.83,200
415,09:37:21,$ 3498.12,200
416,09:37:19,$ 3499.0998,150
417,09:37:16,$ 3498.40,200
418,09:37:16,$ 3498.09,100
419,09:37:16,$ 3498.72,100
421,09:37:15,$ 3498.55,100
422,09:37:15,$ 3498.00,132
423,09:37:12,$ 3497.70,100
424,09:37:12,$ 3497.33,100
425,09:37:03,$ 3498.08,100
426,09:37:01,$ 3497.46,100
427,09:37:00,$ 3497.49,100
428,09:36:59,$ 3497.255,100
429,09:36:56,$ 3497.9899,100
430,09:36:54,$ 3496.9566,100
431,09:36:49,$ 3498.99,100
432,09:36:48,$ 3500.00,100
433,09:36:47,$ 3501.01,100
434,09:36:46,$ 3501.01,100
435,09:36:43,$ 3501.10,200
436,09:36:38,$ 3501.40,100
437,09:36:35,$ 3502.665,100
438,09:36:31,$ 3502.96,100
439,09:36:24,$ 3502.99,100
440,09:36:21,$ 3502.51,100
442,09:36:15,$ 3501.00,150
443,09:36:13,$ 3500.40,100
444,09:36:13,$ 3500.40,109
445,09:36:13,$ 3500.40,100
446,09:36:13,$ 3500.40,100
447,09:36:10,$ 3499.115,100
448,09:36:07,$ 3498.10,100
449,09:36:01,$ 3497.50,100
450,09:36:01,$ 3498.29,100
451,09:35:44,$ 3499.895,100
452,09:35:36,$ 3499.54,100
453,09:35:34,$ 3498.54,100
454,09:35:30,$ 3498.54,100
455,09:35:26,$ 3497.45,100
456,09:35:23,$ 3498.52,153
457,09:35:20,$ 3497.74,100
458,09:35:20,$ 3497.82,100
459,09:35:18,$ 3497.86,100
460,09:35:18,$ 3497.98,100
461,09:35:17,$ 3497.24,200
463,09:35:04,$ 3497.15,100
464,09:35:04,$ 3496.065,100
465,09:34:59,$ 3496.99,100
466,09:34:59,$ 3497.90,100
467,09:34:57,$ 3496.98,100
468,09:34:52,$ 3498.24,100
469,09:34:47,$ 3498.5075,100
470,09:34:47,$ 3498.5025,100
471,09:34:47,$ 3498.61,100
472,09:34:47,$ 3498.61,100
473,09:34:47,$ 3498.60,100
474,09:34:46,$ 3498.72,100
475,09:34:40,$ 3499.00,100
476,09:34:37,$ 3498.46,100
477,09:34:29,$ 3497.72,100
478,09:34:24,$ 3498.48,118
479,09:34:24,$ 3498.055,100
480,09:34:18,$ 3497.6908,100
481,09:34:15,$ 3497.64,200
482,09:34:05,$ 3500.46,100
484,09:34:04,$ 3500.54,125
485,09:34:02,$ 3499.96,100
486,09:34:02,$ 3499.95,100
487,09:34:00,$ 3500.66,200
488,09:33:57,$ 3500.8344,200
489,09:33:55,$ 3500.735,113
490,09:33:45,$ 3499.13,100
491,09:33:45,$ 3499.325,100
492,09:33:43,$ 3501.7568,100
493,09:33:43,$ 3501.93,100
494,09:33:38,$ 3501.61,100
495,09:33:35,$ 3501.4349,100
496,09:33:35,$ 3503.055,200
497,09:33:32,$ 3501.6258,100
498,09:33:30,$ 3502.715,200
499,09:33:24,$ 3501.71,100
500,09:33:20,$ 3502.37,190
501,09:33:20,$ 3501.5944,100
502,09:33:19,$ 3503.065,100
503,09:33:06,$ 3502.40,150
505,09:32:56,$ 3501.15,132
506,09:32:55,$ 3500.57,100
507,09:32:52,$ 3500.49,100
508,09:32:47,$ 3499.00,100
509,09:32:45,$ 3498.26,100
510,09:32:38,$ 3498.39,100
511,09:32:38,$ 3498.435,100
512,09:32:37,$ 3498.8216,250
513,09:32:37,$ 3499.39,100
514,09:32:33,$ 3500.44,100
515,09:32:29,$ 3501.2428,200
516,09:32:26,$ 3501.17,100
517,09:32:26,$ 3501.17,142
518,09:32:26,$ 3501.17,498
519,09:32:26,$ 3501.67,133
520,09:32:25,$ 3501.695,100
521,09:32:25,$ 3501.755,100
522,09:32:25,$ 3501.67,100
523,09:32:23,$ 3502.0719,264
524,09:32:19,$ 3503.36,300
526,09:32:19,$ 3502.47,100
527,09:32:16,$ 3503.40,275
528,09:32:12,$ 3503.315,100
529,09:32:07,$ 3503.56,250
530,09:32:05,$ 3504.38,100
531,09:32:05,$ 3503.625,100
532,09:32:00,$ 3504.67,100
533,09:31:59,$ 3505.39,100
534,09:31:57,$ 3504.436,100
535,09:31:57,$ 3505.48,100
536,09:31:57,$ 3504.24,100
537,09:31:57,$ 3505.00,102
538,09:31:57,$ 3504.95,100
539,09:31:57,$ 3503.54,100
540,09:31:57,$ 3503.39,100
541,09:31:57,$ 3503.42,100
542,09:31:57,$ 3503.53,100
543,09:31:56,$ 3502.7606,100
544,09:31:47,$ 3504.26,200
545,09:31:47,$ 3502.34,100
547,09:31:46,$ 3502.30,108
548,09:31:46,$ 3502.30,109
549,09:31:46,$ 3502.30,108
550,09:31:46,$ 3502.30,109
551,09:31:46,$ 3502.30,213
552,09:31:46,$ 3502.30,108
553,09:31:46,$ 3502.30,100
554,09:31:46,$ 3502.30,109
555,09:31:45,$ 3501.51,100
556,09:31:44,$ 3501.30,120
557,09:31:44,$ 3501.4175,200
558,09:31:41,$ 3502.9773,100
559,09:31:41,$ 3501.236,150
560,09:31:41,$ 3501.07,100
561,09:31:29,$ 3500.82,100
562,09:31:26,$ 3502.215,190
563,09:31:25,$ 3500.00,100
564,09:31:25,$ 3502.04,100
565,09:31:25,$ 3502.04,100
566,09:31:25,$ 3502.04,100
568,09:31:25,$ 3502.04,100
569,09:31:24,$ 3503.16,200
570,09:31:24,$ 3503.32,100
571,09:31:23,$ 3502.26,100
572,09:31:23,$ 3502.13,400
573,09:31:20,$ 3502.38,100
574,09:31:17,$ 3502.10,100
575,09:31:17,$ 3502.12,100
576,09:31:17,$ 3502.21,100
577,09:31:17,$ 3502.21,313
578,09:31:17,$ 3502.21,387
579,09:31:17,$ 3501.40,100
580,09:31:17,$ 3502.00,509
581,09:31:17,$ 3502.00,100
582,09:31:17,$ 3500.00,208
583,09:31:17,$ 3501.40,100
584,09:31:17,$ 3500.00,100
585,09:31:17,$ 3500.00,162
586,09:31:17,$ 3500.00,100
587,09:31:17,$ 3500.00,104
589,09:31:17,$ 3500.00,107
590,09:31:17,$ 3500.00,120
591,09:31:17,$ 3500.00,100
592,09:31:17,$ 3500.00,170
593,09:31:17,$ 3499.72,100
594,09:31:17,$ 3499.11,100
595,09:31:13,$ 3498.175,100
596,09:31:10,$ 3499.14,100
597,09:31:08,$ 3499.15,100
598,09:31:04,$ 3497.18,270
599,09:31:04,$ 3498.10,100
600,09:31:01,$ 3497.21,100
601,09:31:00,$ 3494.58,"1,223"
602,09:31:00,$ 3495.68,100
603,09:30:59,$ 3495.60,150
604,09:30:59,$ 3495.40,347
605,09:30:59,$ 3495.40,100
606,09:30:58,$ 3494.095,100
607,09:30:58,$ 3494.13,100
608,09:30:57,$ 3495.165,100
610,09:30:57,$ 3495.40,193
611,09:30:52,$ 3494.54,100
612,09:30:52,$ 3494.49,100
613,09:30:52,$ 3494.49,100
614,09:30:49,$ 3492.725,150
615,09:30:48,$ 3492.91,100
616,09:30:42,$ 3492.28,100
617,09:30:42,$ 3492.47,100
618,09:30:40,$ 3490.815,100
619,09:30:37,$ 3491.20,100
620,09:30:36,$ 3491.99,100
621,09:30:35,$ 3491.9899,200
622,09:30:33,$ 3491.98,"1,898"
623,09:30:24,$ 3491.105,100
624,09:30:24,$ 3491.46,100
625,09:30:23,$ 3490.25,100
626,09:30:23,$ 3490.28,100
627,09:30:23,$ 3490.23,100
628,09:30:23,$ 3490.25,100
629,09:30:20,$ 3489.94,100
631,09:30:20,$ 3489.68,100
632,09:30:16,$ 3487.05,200
633,09:30:16,$ 3488.00,132
634,09:30:16,$ 3488.00,163
635,09:30:16,$ 3488.00,100
636,09:30:16,$ 3489.06,"2,000"
637,09:30:15,$ 3489.2216,100
638,09:30:15,$ 3489.3554,100
639,09:30:12,$ 3490.2899,100
640,09:30:11,$ 3490.31,154
641,09:30:11,$ 3490.31,100
642,09:30:11,$ 3490.345,100
643,09:30:11,$ 3490.10,100
644,09:30:11,$ 3490.00,100
645,09:30:11,$ 3490.3814,600
646,09:30:10,$ 3493.18,100
647,09:30:07,$ 3492.40,100
648,09:30:03,$ 3494.01,146
649,09:30:03,$ 3494.00,189
650,09:30:02,$ 3494.49,319
652,09:30:02,$ 3494.49,114
653,09:30:02,$ 3494.49,233
654,09:30:02,$ 3494.49,118
655,09:30:01,$ 3494.76,1
656,09:30:01,$ 3494.76,10
657,09:30:01,$ 3494.76,2
658,09:30:01,$ 3494.76,2
659,09:30:01,$ 3494.76,4
660,09:30:01,$ 3494.76,3
661,09:30:01,$ 3494.76,4
662,09:30:01,$ 3494.76,2
663,09:30:01,$ 3494.76,30
664,09:30:01,$ 3494.76,8
665,09:30:01,$ 3494.76,2
666,09:30:01,$ 3494.76,9
667,09:30:01,$ 3494.76,1
668,09:30:01,$ 3494.76,1
669,09:30:01,$ 3494.76,11
670,09:30:01,$ 3494.76,2
671,09:30:01,$ 3494.76,2
673,09:30:01,$ 3494.76,25
674,09:30:01,$ 3494.76,2
675,09:30:01,$ 3494.76,10
676,09:30:01,$ 3494.76,1
677,09:30:01,$ 3494.76,9
678,09:30:01,$ 3494.76,9
679,09:30:01,$ 3494.76,2
680,09:30:01,$ 3494.76,12
681,09:30:01,$ 3494.76,10
682,09:30:01,$ 3494.76,10
683,09:30:01,$ 3494.76,2
684,09:30:01,$ 3494.76,1
685,09:30:01,$ 3494.76,9
686,09:30:01,$ 3494.76,2
687,09:30:01,$ 3494.76,1
688,09:30:01,$ 3494.76,1
689,09:30:01,$ 3494.76,4
690,09:30:01,$ 3494.76,9
691,09:30:01,$ 3494.76,1
692,09:30:01,$ 3494.76,9
694,09:30:01,$ 3494.76,1
695,09:30:01,$ 3494.76,17
696,09:30:01,$ 3494.76,4
697,09:30:01,$ 3494.76,2
698,09:30:01,$ 3494.76,1
699,09:30:01,$ 3494.76,1
700,09:30:01,$ 3494.76,2
701,09:30:01,$ 3494.76,3
702,09:30:01,$ 3494.76,1
703,09:30:01,$ 3494.76,1
704,09:30:01,$ 3494.76,1
705,09:30:01,$ 3494.76,4
706,09:30:01,$ 3494.76,8
707,09:30:01,$ 3494.76,5
708,09:30:01,$ 3494.76,1
709,09:30:01,$ 3494.76,15
710,09:30:01,$ 3494.76,3
711,09:30:01,$ 3494.76,1
712,09:30:01,$ 3494.76,3
713,09:30:01,$ 3494.76,2
715,09:30:01,$ 3494.76,2
716,09:30:01,$ 3494.76,2
717,09:30:01,$ 3494.76,5
718,09:30:01,$ 3494.76,2
719,09:30:01,$ 3494.76,1
720,09:30:01,$ 3494.76,1
721,09:30:01,$ 3494.76,10
722,09:30:01,$ 3494.76,25
723,09:30:01,$ 3494.76,2
724,09:30:01,$ 3494.76,1
725,09:30:01,$ 3494.76,2
726,09:30:01,$ 3494.76,1
727,09:30:01,$ 3494.76,1
728,09:30:01,$ 3494.76,10
729,09:30:01,$ 3494.76,1
730,09:30:01,$ 3494.76,4
731,09:30:01,$ 3494.76,1
732,09:30:01,$ 3494.76,10
733,09:30:01,$ 3494.76,2
734,09:30:01,$ 3494.76,3
736,09:30:01,$ 3494.76,15
737,09:30:01,$ 3494.76,1
738,09:30:01,$ 3494.76,5
739,09:30:01,$ 3494.76,1
740,09:30:01,$ 3494.76,1
741,09:30:01,$ 3494.76,1
742,09:30:01,$ 3494.76,2
743,09:30:01,$ 3494.76,2
744,09:30:01,$ 3494.76,1
745,09:30:01,$ 3494.76,1
746,09:30:01,$ 3494.76,1
747,09:30:01,$ 3494.76,1
748,09:30:01,$ 3494.76,6
749,09:30:01,$ 3494.76,1
750,09:30:01,$ 3494.76,5
751,09:30:01,$ 3494.76,5
752,09:30:01,$ 3494.76,10
753,09:30:01,$ 3494.76,5
754,09:30:01,$ 3494.76,1
755,09:30:01,$ 3494.76,1
757,09:30:01,$ 3494.76,1
758,09:30:01,$ 3494.76,6
759,09:30:01,$ 3494.76,3
760,09:30:01,$ 3494.76,1
761,09:30:01,$ 3494.76,2
762,09:30:01,$ 3494.76,3
763,09:30:01,$ 3494.76,12
764,09:30:01,$ 3494.76,2
765,09:30:01,$ 3494.76,1
766,09:30:01,$ 3494.76,62
767,09:30:01,$ 3494.76,1
768,09:30:01,$ 3494.76,2
769,09:30:01,$ 3494.76,1
770,09:30:01,$ 3494.76,1
771,09:30:01,$ 3494.76,1
772,09:30:01,$ 3494.76,1
773,09:30:01,$ 3494.76,1
774,09:30:01,$ 3494.76,1
775,09:30:01,$ 3494.76,1
776,09:30:01,$ 3494.76,1
778,09:30:01,$ 3494.76,1
779,09:30:01,$ 3494.76,1
780,09:30:01,$ 3494.76,1
781,09:30:01,$ 3494.76,1
782,09:30:01,$ 3494.76,1
783,09:30:01,$ 3494.76,1
784,09:30:01,$ 3494.76,1
785,09:30:01,$ 3494.76,1
786,09:30:01,$ 3494.76,1
787,09:30:01,$ 3494.76,1
788,09:30:01,$ 3494.76,1
789,09:30:01,$ 3494.76,1
790,09:30:01,$ 3494.76,1
791,09:30:01,$ 3494.76,1
792,09:30:01,$ 3494.76,1
793,09:30:01,$ 3494.76,1
794,09:30:01,$ 3494.76,1
795,09:30:01,$ 3494.76,1
796,09:30:01,$ 3494.76,1
797,09:30:01,$ 3494.76,1
799,09:30:01,$ 3494.76,1
800,09:30:01,$ 3494.76,1
801,09:30:01,$ 3494.76,1
802,09:30:01,$ 3494.76,1
803,09:30:01,$ 3494.76,1
804,09:30:01,$ 3494.76,1
805,09:30:01,$ 3494.76,1
806,09:30:01,$ 3494.76,1
807,09:30:01,$ 3494.76,1
808,09:30:01,$ 3494.76,1
809,09:30:01,$ 3494.76,1
810,09:30:01,$ 3494.76,1
811,09:30:01,$ 3494.76,1
812,09:30:01,$ 3494.76,1
813,09:30:01,$ 3494.76,1
814,09:30:01,$ 3494.76,1
815,09:30:01,$ 3494.76,1
816,09:30:01,$ 3494.76,1
817,09:30:01,$ 3494.76,1
818,09:30:01,$ 3494.76,1
820,09:30:01,$ 3494.76,1
821,09:30:01,$ 3494.76,1
822,09:30:01,$ 3494.76,1
823,09:30:01,$ 3494.76,1
824,09:30:01,$ 3494.76,1
825,09:30:01,$ 3494.76,1
826,09:30:01,$ 3494.76,1
827,09:30:01,$ 3494.76,1
828,09:30:01,$ 3494.76,1
829,09:30:01,$ 3494.76,1
830,09:30:01,$ 3494.76,1
831,09:30:01,$ 3494.76,1
832,09:30:01,$ 3494.76,1
833,09:30:01,$ 3494.76,1
834,09:30:01,$ 3494.76,1
835,09:30:01,$ 3494.76,1
836,09:30:01,$ 3494.76,1
837,09:30:01,$ 3494.76,1
838,09:30:01,$ 3494.76,1
839,09:30:01,$ 3494.76,1
841,09:30:01,$ 3494.76,1
842,09:30:01,$ 3494.76,1
843,09:30:01,$ 3494.76,1
844,09:30:01,$ 3494.76,1
845,09:30:01,$ 3494.76,1
846,09:30:01,$ 3494.76,1
847,09:30:01,$ 3494.76,1
848,09:30:01,$ 3494.76,1
849,09:30:01,$ 3494.76,1
850,09:30:01,$ 3494.76,30
851,09:30:01,$ 3494.76,14
852,09:30:01,$ 3494.76,1
853,09:30:01,$ 3494.76,2
854,09:30:01,$ 3494.76,3
855,09:30:01,$ 3494.76,99
856,09:30:01,$ 3494.76,1
857,09:30:01,$ 3494.76,5
858,09:30:01,$ 3494.76,3
859,09:30:01,$ 3494.76,2
860,09:30:01,$ 3494.76,4
862,09:30:01,$ 3494.76,2
863,09:30:01,$ 3494.76,2
864,09:30:01,$ 3494.76,3
865,09:30:01,$ 3494.76,6
866,09:30:01,$ 3494.76,1
867,09:30:01,$ 3494.76,2
868,09:30:01,$ 3494.76,1
869,09:30:01,$ 3494.76,1
870,09:30:01,$ 3494.76,1
871,09:30:01,$ 3494.76,3
872,09:30:01,$ 3494.76,5
873,09:30:01,$ 3494.76,1
874,09:30:01,$ 3494.76,1
875,09:30:01,$ 3494.76,6
876,09:30:01,$ 3494.76,1
877,09:30:01,$ 3494.76,3
878,09:30:01,$ 3494.76,10
879,09:30:01,$ 3494.76,2
880,09:30:01,$ 3494.76,5
881,09:30:01,$ 3494.76,3
883,09:30:01,$ 3494.76,1
884,09:30:01,$ 3494.76,6
885,09:30:01,$ 3494.76,3
886,09:30:01,$ 3494.76,2
887,09:30:01,$ 3494.76,7
888,09:30:01,$ 3494.76,3
889,09:30:01,$ 3494.76,1
890,09:30:01,$ 3494.76,3
891,09:30:01,$ 3494.76,1
892,09:30:01,$ 3494.76,1
893,09:30:01,$ 3494.76,5
894,09:30:01,$ 3494.76,1
895,09:30:01,$ 3494.76,2
896,09:30:01,$ 3494.76,1
897,09:30:01,$ 3494.76,1
898,09:30:01,$ 3494.76,100
899,09:30:01,$ 3494.76,10
900,09:30:01,$ 3494.76,2
901,09:30:01,$ 3494.76,1
902,09:30:01,$ 3494.76,1
904,09:30:01,$ 3494.76,2
905,09:30:01,$ 3494.76,1
906,09:30:01,$ 3494.76,1
907,09:30:01,$ 3494.76,1
908,09:30:01,$ 3494.76,1
909,09:30:01,$ 3494.76,1
910,09:30:01,$ 3494.76,1
911,09:30:01,$ 3494.76,1
912,09:30:01,$ 3494.76,1
913,09:30:01,$ 3494.76,1
914,09:30:01,$ 3494.76,1
915,09:30:01,$ 3494.76,1
916,09:30:01,$ 3494.76,1
917,09:30:01,$ 3494.76,1
918,09:30:01,$ 3494.76,1
919,09:30:01,$ 3494.76,1
920,09:30:01,$ 3494.76,1
921,09:30:01,$ 3494.76,1
922,09:30:01,$ 3494.76,1
923,09:30:01,$ 3494.76,1
925,09:30:01,$ 3494.76,1
926,09:30:01,$ 3494.76,1
927,09:30:01,$ 3494.76,1
928,09:30:01,$ 3494.76,1
929,09:30:01,$ 3494.76,1
930,09:30:01,$ 3494.76,1
931,09:30:01,$ 3494.76,1
932,09:30:01,$ 3494.76,1
933,09:30:01,$ 3494.76,1
934,09:30:01,$ 3494.76,3
935,09:30:01,$ 3494.76,1
936,09:30:01,$ 3494.76,1
937,09:30:01,$ 3494.76,1
938,09:30:01,$ 3494.76,1
939,09:30:01,$ 3494.76,1
940,09:30:01,$ 3494.76,1
941,09:30:01,$ 3494.76,1
942,09:30:01,$ 3494.76,1
943,09:30:01,$ 3494.76,1
944,09:30:01,$ 3494.76,1
946,09:30:01,$ 3494.76,1
947,09:30:01,$ 3494.76,2
948,09:30:01,$ 3494.76,1
949,09:30:01,$ 3494.76,1
950,09:30:01,$ 3494.76,1
951,09:30:01,$ 3494.76,1
952,09:30:01,$ 3494.76,1
953,09:30:01,$ 3494.76,1
954,09:30:01,$ 3494.76,1
955,09:30:01,$ 3494.76,1
956,09:30:01,$ 3494.76,1
957,09:30:01,$ 3494.76,1
958,09:30:01,$ 3494.76,1
959,09:30:01,$ 3494.76,1
960,09:30:01,$ 3494.76,1
961,09:30:01,$ 3494.76,1
962,09:30:01,$ 3494.76,1
963,09:30:01,$ 3494.76,1
964,09:30:01,$ 3494.76,1
965,09:30:01,$ 3494.76,1
967,09:30:01,$ 3494.76,1
968,09:30:01,$ 3494.76,1
969,09:30:01,$ 3494.76,1
970,09:30:01,$ 3494.76,1
971,09:30:01,$ 3494.76,1
972,09:30:01,$ 3494.76,1
973,09:30:01,$ 3494.76,1
974,09:30:01,$ 3494.76,1
975,09:30:01,$ 3494.76,1
976,09:30:01,$ 3494.76,1
977,09:30:01,$ 3494.76,1
978,09:30:01,$ 3494.76,1
979,09:30:01,$ 3494.76,1
980,09:30:01,$ 3494.76,1
981,09:30:01,$ 3494.76,1
982,09:30:01,$ 3494.76,1
983,09:30:01,$ 3494.76,1
984,09:30:01,$ 3494.76,1
985,09:30:01,$ 3494.76,1
986,09:30:01,$ 3494.76,1
988,09:30:01,$ 3494.76,1
989,09:30:01,$ 3494.76,1
990,09:30:01,$ 3494.76,1
991,09:30:01,$ 3494.76,1
992,09:30:01,$ 3494.76,1
993,09:30:01,$ 3494.76,1
994,09:30:01,$ 3494.76,1
995,09:30:01,$ 3494.76,1
996,09:30:01,$ 3494.76,8
997,09:30:01,$ 3494.76,10
998,09:30:01,$ 3494.76,60
999,09:30:01,$ 3494.76,12
1000,09:30:01,$ 3494.76,1
1001,09:30:01,$ 3494.76,1
1002,09:30:01,$ 3494.76,1
1003,09:30:01,$ 3494.76,1
1004,09:30:01,$ 3494.76,1
1005,09:30:01,$ 3494.76,1
1006,09:30:01,$ 3494.76,1
1007,09:30:01,$ 3494.76,1
1009,09:30:01,$ 3494.76,1
1010,09:30:01,$ 3494.76,1
1011,09:30:01,$ 3494.76,1
1012,09:30:01,$ 3494.76,1
1013,09:30:01,$ 3494.76,1
1014,09:30:01,$ 3494.76,1
1015,09:30:01,$ 3494.76,1
1016,09:30:01,$ 3494.76,1
1017,09:30:01,$ 3494.76,1
1018,09:30:01,$ 3494.76,1
1019,09:30:01,$ 3494.76,1
1020,09:30:01,$ 3494.76,48
1021,09:30:01,$ 3494.76,18
1022,09:30:01,$ 3494.76,2
1023,09:30:01,$ 3494.76,11
1024,09:30:01,$ 3494.76,29
1025,09:30:01,$ 3494.76,100
1026,09:30:01,$ 3494.76,17
1027,09:30:01,$ 3494.76,1
1028,09:30:01,$ 3494.76,10
1030,09:30:01,$ 3494.76,1
1031,09:30:01,$ 3494.76,9
1032,09:30:01,$ 3494.76,5
1033,09:30:01,$ 3494.76,2
1034,09:30:01,$ 3494.76,3
1035,09:30:01,$ 3494.76,5
1036,09:30:01,$ 3494.76,6
1037,09:30:01,$ 3494.76,3
1038,09:30:01,$ 3494.76,4
1039,09:30:01,$ 3494.76,1
1040,09:30:01,$ 3494.76,5
1041,09:30:01,$ 3494.76,1
1042,09:30:01,$ 3494.76,2
1043,09:30:01,$ 3494.76,1
1044,09:30:01,$ 3494.76,1
1045,09:30:01,$ 3494.76,2
1046,09:30:01,$ 3494.76,15
1047,09:30:01,$ 3494.76,5
1048,09:30:01,$ 3494.76,2
1049,09:30:01,$ 3494.76,3
1051,09:30:01,$ 3494.76,2
1052,09:30:01,$ 3494.76,5
1053,09:30:01,$ 3494.76,1
1054,09:30:01,$ 3494.76,1
1055,09:30:01,$ 3494.76,1
1056,09:30:01,$ 3494.76,1
1057,09:30:01,$ 3494.76,10
1058,09:30:01,$ 3494.76,1
1059,09:30:01,$ 3494.76,14
1060,09:30:01,$ 3494.76,3
1061,09:30:01,$ 3494.76,1
1062,09:30:01,$ 3494.76,25
1063,09:30:01,$ 3494.76,2
1064,09:30:01,$ 3494.76,1
1065,09:30:01,$ 3494.76,10
1066,09:30:01,$ 3494.76,1
1067,09:30:01,$ 3494.76,3
1068,09:30:01,$ 3494.76,15
1069,09:30:01,$ 3494.76,3
1070,09:30:01,$ 3494.76,10
1072,09:30:01,$ 3494.76,5
1073,09:30:01,$ 3494.76,3
1074,09:30:01,$ 3494.76,10
1075,09:30:01,$ 3494.76,3
1076,09:30:01,$ 3494.76,3
1077,09:30:01,$ 3494.76,2
1078,09:30:01,$ 3494.76,1
1079,09:30:01,$ 3494.76,1
1080,09:30:01,$ 3494.76,5
1081,09:30:01,$ 3494.76,4
1082,09:30:01,$ 3494.76,50
1083,09:30:01,$ 3494.76,2
1084,09:30:01,$ 3494.76,2
1085,09:30:01,$ 3494.76,1
1086,09:30:01,$ 3494.76,5
1087,09:30:01,$ 3494.76,1
1088,09:30:01,$ 3494.76,1
1089,09:30:01,$ 3494.76,8
1090,09:30:01,$ 3494.76,7
1091,09:30:01,$ 3494.76,10
1093,09:30:01,$ 3494.76,1
1094,09:30:01,$ 3494.76,1
1095,09:30:01,$ 3494.76,1
1096,09:30:01,$ 3494.76,1
1097,09:30:01,$ 3494.76,30
1098,09:30:01,$ 3494.76,1
1099,09:30:01,$ 3494.76,1
1100,09:30:01,$ 3494.76,1
1101,09:30:01,$ 3494.76,50
1102,09:30:01,$ 3494.76,101
1103,09:30:01,$ 3494.76,1
1104,09:30:01,$ 3494.76,1
1105,09:30:01,$ 3494.76,1
1106,09:30:01,$ 3494.76,1
1107,09:30:01,$ 3494.76,10
1108,09:30:01,$ 3494.76,5
1109,09:30:01,$ 3494.76,5
1110,09:30:01,$ 3494.76,1
1111,09:30:01,$ 3494.76,3
1112,09:30:01,$ 3494.76,1
1114,09:30:01,$ 3494.76,1
1115,09:30:01,$ 3494.76,1
1116,09:30:01,$ 3494.76,2
1117,09:30:01,$ 3494.76,1
1118,09:30:01,$ 3494.76,1
1119,09:30:01,$ 3494.76,10
1120,09:30:01,$ 3494.76,2
1121,09:30:01,$ 3494.76,15
1122,09:30:01,$ 3494.76,10
1123,09:30:01,$ 3494.76,1
1124,09:30:01,$ 3494.76,3
1125,09:30:01,$ 3494.76,20
1126,09:30:01,$ 3494.76,10
1127,09:30:01,$ 3494.76,1
1128,09:30:01,$ 3494.76,6
1129,09:30:01,$ 3494.76,1
1130,09:30:01,$ 3494.76,1
1131,09:30:01,$ 3494.76,1
1132,09:30:01,$ 3494.76,1
1133,09:30:01,$ 3494.76,10
1135,09:30:01,$ 3494.76,2
1136,09:30:01,$ 3494.76,1
1137,09:30:01,$ 3494.76,1
1138,09:30:01,$ 3494.76,8
1139,09:30:01,$ 3494.76,2
1140,09:30:01,$ 3494.76,1
1141,09:30:01,$ 3494.76,3
1142,09:30:01,$ 3494.76,2
1143,09:30:01,$ 3494.76,1
1144,09:30:01,$ 3494.76,18
1145,09:30:01,$ 3494.76,3
1146,09:30:01,$ 3494.76,4
1147,09:30:01,$ 3494.76,2
1148,09:30:01,$ 3494.76,3
1149,09:30:01,$ 3494.76,2
1150,09:30:01,$ 3494.76,3
1151,09:30:01,$ 3494.76,3
1152,09:30:01,$ 3494.76,2
1153,09:30:01,$ 3494.76,3
1154,09:30:01,$ 3494.76,3
1156,09:30:01,$ 3494.76,3
1157,09:30:01,$ 3494.76,1
1158,09:30:01,$ 3494.76,3
1159,09:30:01,$ 3494.76,3
1160,09:30:01,$ 3494.76,10
1161,09:30:01,$ 3494.76,2
1162,09:30:01,$ 3494.76,13
1163,09:30:01,$ 3494.76,1
1164,09:30:01,$ 3494.76,15
1165,09:30:01,$ 3494.76,3
1166,09:30:01,$ 3494.76,14
1167,09:30:01,$ 3494.76,1
1168,09:30:01,$ 3494.76,100
1169,09:30:01,$ 3494.76,6
1170,09:30:01,$ 3494.76,20
1171,09:30:01,$ 3494.76,58
1172,09:30:01,$ 3494.76,1
1173,09:30:01,$ 3494.76,10
1174,09:30:01,$ 3494.76,14
1175,09:30:01,$ 3494.76,22
1177,09:30:01,$ 3494.76,3
1178,09:30:01,$ 3494.76,10
1179,09:30:01,$ 3494.76,3
1180,09:30:01,$ 3494.76,13
1181,09:30:01,$ 3494.76,2
1182,09:30:01,$ 3494.76,1
1183,09:30:01,$ 3494.76,15
1184,09:30:01,$ 3494.76,5
1185,09:30:01,$ 3494.76,15
1186,09:30:01,$ 3494.76,14
1187,09:30:01,$ 3494.76,6
1188,09:30:01,$ 3494.76,2
1189,09:30:01,$ 3494.76,1
1190,09:30:01,$ 3494.76,3
1191,09:30:01,$ 3494.76,7
1192,09:30:01,$ 3494.76,5
1193,09:30:01,$ 3494.76,8
1194,09:30:01,$ 3494.76,3
1195,09:30:01,$ 3494.76,5
1196,09:30:01,$ 3494.76,36
1198,09:30:01,$ 3494.76,180
1199,09:30:01,$ 3494.76,2
1200,09:30:01,$ 3494.76,1
1201,09:30:01,$ 3494.76,1
1202,09:30:01,$ 3494.76,4
1203,09:30:01,$ 3494.76,2
1204,09:30:01,$ 3494.76,1
1205,09:30:01,$ 3494.76,100
1206,09:30:01,$ 3494.76,15
1207,09:30:01,$ 3494.76,38
1208,09:30:01,$ 3494.76,6
1209,09:30:01,$ 3494.76,4
1210,09:30:01,$ 3494.76,1
1211,09:30:01,$ 3494.76,20
1212,09:30:01,$ 3494.76,8
1213,09:30:01,$ 3494.76,4
1214,09:30:01,$ 3494.76,5
1215,09:30:01,$ 3494.76,1
1216,09:30:01,$ 3494.76,5
1217,09:30:01,$ 3494.76,1
1219,09:30:01,$ 3494.76,69
1220,09:30:01,$ 3494.76,2
1221,09:30:01,$ 3494.76,1
1222,09:30:01,$ 3494.76,9
1223,09:30:01,$ 3494.76,1
1224,09:30:01,$ 3494.76,1
1225,09:30:01,$ 3494.76,2
1226,09:30:01,$ 3494.76,1
1227,09:30:01,$ 3494.76,1
1228,09:30:01,$ 3494.76,29
1229,09:30:01,$ 3494.76,7
1230,09:30:01,$ 3494.76,1
1231,09:30:01,$ 3494.76,10
1232,09:30:01,$ 3494.76,4
1233,09:30:01,$ 3494.76,2
1234,09:30:01,$ 3494.76,1
1235,09:30:01,$ 3494.76,5
1236,09:30:01,$ 3494.76,5
1237,09:30:01,$ 3494.76,3
1238,09:30:01,$ 3494.76,1
1240,09:30:01,$ 3494.76,1
1241,09:30:01,$ 3494.76,14
1242,09:30:01,$ 3494.76,4
1243,09:30:01,$ 3494.76,5
1244,09:30:01,$ 3494.76,3
1245,09:30:01,$ 3494.76,49
1246,09:30:01,$ 3494.76,1
1247,09:30:01,$ 3494.76,1
1248,09:30:01,$ 3494.76,2
1249,09:30:01,$ 3494.76,1
1250,09:30:01,$ 3494.76,1
1251,09:30:01,$ 3494.76,5
1252,09:30:01,$ 3494.76,3
1253,09:30:01,$ 3494.76,1
1254,09:30:01,$ 3494.76,9
1255,09:30:01,$ 3494.76,3
1256,09:30:01,$ 3494.76,1
1257,09:30:01,$ 3494.76,1
1258,09:30:01,$ 3494.76,1
1259,09:30:01,$ 3494.76,1
1261,09:30:01,$ 3494.76,4
1262,09:30:01,$ 3494.76,1
1263,09:30:01,$ 3494.76,1
1264,09:30:01,$ 3494.76,1
1265,09:30:01,$ 3494.76,1
1266,09:30:01,$ 3494.76,1
1267,09:30:01,$ 3494.76,1
1268,09:30:01,$ 3494.76,1
1269,09:30:01,$ 3494.76,1
1270,09:30:01,$ 3494.76,1
1271,09:30:01,$ 3494.76,3
1272,09:30:01,$ 3494.76,1
1273,09:30:01,$ 3494.76,1
1274,09:30:01,$ 3494.76,1
1275,09:30:01,$ 3494.76,4
1276,09:30:01,$ 3494.76,1
1277,09:30:01,$ 3494.76,7
1278,09:30:01,$ 3494.76,1
1279,09:30:01,$ 3494.76,5
1280,09:30:01,$ 3494.76,3
1282,09:30:01,$ 3494.76,1
1283,09:30:01,$ 3494.76,5
1284,09:30:01,$ 3494.76,24
1285,09:30:01,$ 3494.76,1
1286,09:30:01,$ 3494.76,1
1287,09:30:01,$ 3494.76,4
1288,09:30:01,$ 3494.76,2
1289,09:30:01,$ 3494.76,5
1290,09:30:01,$ 3494.76,2
1291,09:30:01,$ 3494.76,15
1292,09:30:01,$ 3494.76,7
1293,09:30:01,$ 3494.76,10
1294,09:30:01,$ 3494.76,1
1295,09:30:01,$ 3494.76,1
1296,09:30:01,$ 3494.76,3
1297,09:30:01,$ 3494.76,5
1298,09:30:01,$ 3494.76,2
1299,09:30:01,$ 3494.76,1
1300,09:30:01,$ 3494.76,1
1301,09:30:01,$ 3494.76,1
1303,09:30:01,$ 3494.76,100
1304,09:30:01,$ 3494.76,1
1305,09:30:01,$ 3494.76,1
1306,09:30:01,$ 3494.76,6
1307,09:30:01,$ 3494.76,4
1308,09:30:01,$ 3494.76,1
1309,09:30:01,$ 3494.76,6
1310,09:30:01,$ 3494.76,17
1311,09:30:01,$ 3494.76,6
1312,09:30:01,$ 3494.76,2
1313,09:30:01,$ 3494.76,1
1314,09:30:01,$ 3494.76,11
1315,09:30:01,$ 3494.76,1
1316,09:30:01,$ 3494.76,1
1317,09:30:01,$ 3494.76,1
1318,09:30:01,$ 3494.76,1
1319,09:30:01,$ 3494.76,4
1320,09:30:01,$ 3494.76,1
1321,09:30:01,$ 3494.76,1
1322,09:30:01,$ 3494.76,1
1324,09:30:01,$ 3494.76,1
1325,09:30:01,$ 3494.76,1
1326,09:30:01,$ 3494.76,1
1327,09:30:01,$ 3494.76,1
1328,09:30:01,$ 3494.76,2
1329,09:30:01,$ 3494.76,5
1330,09:30:01,$ 3494.76,1
1331,09:30:01,$ 3494.76,3
1332,09:30:01,$ 3494.76,1
1333,09:30:01,$ 3494.76,7
1334,09:30:01,$ 3494.76,11
1335,09:30:01,$ 3494.76,1
1336,09:30:01,$ 3494.76,7
1337,09:30:01,$ 3494.76,2
1338,09:30:01,$ 3494.76,2
1339,09:30:01,$ 3494.76,9
1340,09:30:01,$ 3494.76,1
1341,09:30:01,$ 3494.76,8
1342,09:30:01,$ 3494.76,1
1343,09:30:01,$ 3494.76,2
1345,09:30:01,$ 3494.76,103
1346,09:30:01,$ 3494.76,1
1347,09:30:01,$ 3494.76,1
1348,09:30:01,$ 3494.76,5
1349,09:30:01,$ 3494.76,1
1350,09:30:01,$ 3494.76,1
1351,09:30:01,$ 3494.76,1
1352,09:30:01,$ 3494.76,1
1353,09:30:01,$ 3494.76,1
1354,09:30:01,$ 3494.76,3
1355,09:30:01,$ 3494.76,1
1356,09:30:01,$ 3494.76,3
1357,09:30:01,$ 3494.76,5
1358,09:30:01,$ 3494.76,1
1359,09:30:01,$ 3494.76,1
1360,09:30:01,$ 3494.76,1
1361,09:30:01,$ 3494.76,3
1362,09:30:01,$ 3494.76,8
1363,09:30:01,$ 3494.76,1
1364,09:30:01,$ 3494.76,1
1366,09:30:01,$ 3494.76,1
1367,09:30:01,$ 3494.76,3
1368,09:30:01,$ 3494.76,4
1369,09:30:01,$ 3494.76,2
1370,09:30:01,$ 3494.76,1
1371,09:30:01,$ 3494.76,23
1372,09:30:01,$ 3494.76,6
1373,09:30:01,$ 3494.76,1
1374,09:30:01,$ 3494.76,2
1375,09:30:01,$ 3494.76,20
1376,09:30:01,$ 3494.76,3
1377,09:30:01,$ 3494.76,10
1378,09:30:01,$ 3494.76,3
1379,09:30:01,$ 3494.76,10
1380,09:30:01,$ 3494.76,3
1381,09:30:01,$ 3494.76,1
1382,09:30:01,$ 3494.76,150
1383,09:30:01,$ 3494.76,2
1384,09:30:01,$ 3494.76,1
1385,09:30:01,$ 3494.76,1
1387,09:30:01,$ 3494.76,1
1388,09:30:01,$ 3494.76,2
1389,09:30:01,$ 3494.76,1
1390,09:30:01,$ 3494.76,1
1391,09:30:01,$ 3494.76,2
1392,09:30:01,$ 3494.76,5
1393,09:30:01,$ 3494.76,1
1394,09:30:01,$ 3494.76,34
1395,09:30:01,$ 3494.76,10
1396,09:30:01,$ 3494.76,2
1397,09:30:01,$ 3494.76,8
1398,09:30:01,$ 3494.76,1
1399,09:30:01,$ 3494.76,1
1400,09:30:01,$ 3494.76,5
1401,09:30:01,$ 3494.76,2
1402,09:30:01,$ 3494.76,9
1403,09:30:01,$ 3494.76,1
1404,09:30:01,$ 3494.76,3
1405,09:30:01,$ 3494.76,1
1406,09:30:01,$ 3494.76,9
1408,09:30:01,$ 3494.76,1
1409,09:30:01,$ 3494.76,1
1410,09:30:01,$ 3494.76,3
1411,09:30:01,$ 3494.76,1
1412,09:30:01,$ 3494.76,43
1413,09:30:01,$ 3494.76,1
1414,09:30:01,$ 3494.76,3
1415,09:30:01,$ 3494.76,2
1416,09:30:01,$ 3494.76,1
1417,09:30:01,$ 3494.76,2
1418,09:30:01,$ 3494.76,1
1419,09:30:01,$ 3494.76,2
1420,09:30:01,$ 3494.76,500
1421,09:30:01,$ 3494.76,1
1422,09:30:01,$ 3494.76,1
1423,09:30:01,$ 3494.76,2
1424,09:30:01,$ 3494.76,1
1425,09:30:01,$ 3494.76,1
1426,09:30:01,$ 3494.76,6
1427,09:30:01,$ 3494.76,1
1429,09:30:01,$ 3494.76,6
1430,09:30:01,$ 3494.76,1
1431,09:30:01,$ 3494.76,1
1432,09:30:01,$ 3494.76,21
1433,09:30:01,$ 3494.76,5
1434,09:30:01,$ 3494.76,1
1435,09:30:01,$ 3494.76,2
1436,09:30:01,$ 3494.76,2
1437,09:30:01,$ 3494.76,3
1438,09:30:01,$ 3494.76,2
1439,09:30:01,$ 3494.76,3
1440,09:30:01,$ 3494.76,1
1441,09:30:01,$ 3494.76,1
1442,09:30:01,$ 3494.76,4
1443,09:30:01,$ 3494.76,1
1444,09:30:01,$ 3494.76,1
1445,09:30:01,$ 3494.76,3
1446,09:30:01,$ 3494.76,6
1447,09:30:01,$ 3494.76,2
1448,09:30:01,$ 3494.76,3
1450,09:30:01,$ 3494.76,1
1451,09:30:01,$ 3494.76,2
1452,09:30:01,$ 3494.76,5
1453,09:30:01,$ 3494.76,10
1454,09:30:01,$ 3494.76,3
1455,09:30:01,$ 3494.76,1
1456,09:30:01,$ 3494.76,1
1457,09:30:01,$ 3494.76,1
1458,09:30:01,$ 3494.76,5
1459,09:30:01,$ 3494.76,4
1460,09:30:01,$ 3494.76,2
1461,09:30:01,$ 3494.76,10
1462,09:30:01,$ 3494.76,1
1463,09:30:01,$ 3494.76,1
1464,09:30:01,$ 3494.76,5
1465,09:30:01,$ 3494.76,1
1466,09:30:01,$ 3494.76,3
1467,09:30:01,$ 3494.76,1
1468,09:30:01,$ 3494.76,80
1469,09:30:01,$ 3494.76,527
1471,09:30:01,$ 3494.76,247
1472,09:30:01,$ 3494.76,222
1473,09:30:01,$ 3494.76,3
1474,09:30:01,$ 3494.76,2
1475,09:30:01,$ 3494.76,1
1476,09:30:01,$ 3494.76,8
1477,09:30:01,$ 3494.76,15
1478,09:30:01,$ 3494.76,3
1479,09:30:01,$ 3494.76,2
1480,09:30:01,$ 3494.76,20
1481,09:30:01,$ 3494.76,1
1482,09:30:01,$ 3494.76,1
1483,09:30:01,$ 3494.76,28
1484,09:30:01,$ 3494.76,1
1485,09:30:01,$ 3494.76,3
1486,09:30:01,$ 3494.76,20
1487,09:30:01,$ 3494.76,7
1488,09:30:01,$ 3494.76,250
1489,09:30:01,$ 3494.76,3
1490,09:30:01,$ 3494.76,38
1492,09:30:01,$ 3494.76,5
1493,09:30:01,$ 3494.76,147
1494,09:30:01,$ 3494.76,71
1495,09:30:01,$ 3494.76,1
1496,09:30:01,$ 3494.76,1
1497,09:30:01,$ 3494.76,2
1498,09:30:01,$ 3494.76,31
1499,09:30:01,$ 3494.76,1
1500,09:30:01,$ 3494.76,6
1501,09:30:01,$ 3494.76,2
1502,09:30:01,$ 3494.76,10
1503,09:30:01,$ 3494.76,2
1504,09:30:01,$ 3494.76,2
1505,09:30:01,$ 3494.76,1
1506,09:30:01,$ 3494.76,1
1507,09:30:01,$ 3494.76,1
1508,09:30:01,$ 3494.76,1
1509,09:30:01,$ 3494.76,1
1510,09:30:01,$ 3494.76,15
1511,09:30:01,$ 3494.76,5
1513,09:30:01,$ 3494.76,5
1514,09:30:01,$ 3494.76,5
1515,09:30:01,$ 3494.76,10
1516,09:30:01,$ 3494.76,22
1517,09:30:01,$ 3494.76,15
1518,09:30:01,$ 3494.76,10
1519,09:30:01,$ 3494.76,13
1520,09:30:01,$ 3494.76,5
1521,09:30:01,$ 3494.76,60
1522,09:30:01,$ 3494.76,1
1523,09:30:01,$ 3494.76,5
1524,09:30:01,$ 3494.76,14
1525,09:30:01,$ 3494.76,2
1526,09:30:01,$ 3494.76,3
1527,09:30:01,$ 3494.76,3
1528,09:30:01,$ 3494.76,70
1529,09:30:01,$ 3494.76,7
1530,09:30:01,$ 3494.76,40
1531,09:30:01,$ 3494.76,10
1532,09:30:01,$ 3494.76,27
1534,09:30:01,$ 3494.76,16
1535,09:30:01,$ 3494.76,14
1536,09:30:01,$ 3494.76,3
1537,09:30:01,$ 3494.76,4
1538,09:30:01,$ 3494.76,20
1539,09:30:01,$ 3494.76,14
1540,09:30:01,$ 3494.76,2
1541,09:30:01,$ 3494.76,200
1542,09:30:01,$ 3494.76,35
1543,09:30:01,$ 3494.76,4
1544,09:30:01,$ 3494.76,3
1545,09:30:01,$ 3494.76,1
1546,09:30:01,$ 3494.76,10
1547,09:30:01,$ 3494.76,9
1548,09:30:01,$ 3494.76,4
1549,09:30:01,$ 3494.76,10
1550,09:30:01,$ 3494.76,20
1551,09:30:01,$ 3494.76,6
1552,09:30:01,$ 3494.76,9
1553,09:30:01,$ 3494.76,5
1555,09:30:01,$ 3494.76,3
1556,09:30:01,$ 3494.76,1
1557,09:30:01,$ 3494.76,10
1558,09:30:01,$ 3494.76,5
1559,09:30:01,$ 3494.76,19
1560,09:30:01,$ 3494.76,13
1561,09:30:01,$ 3494.76,2
1562,09:30:01,$ 3494.76,1
1563,09:30:01,$ 3494.76,2
1564,09:30:01,$ 3494.76,2
1565,09:30:01,$ 3494.76,2
1566,09:30:01,$ 3494.76,1
1567,09:30:01,$ 3494.76,15
1568,09:30:01,$ 3494.76,1
1569,09:30:01,$ 3494.76,1
1570,09:30:01,$ 3494.76,1
1571,09:30:01,$ 3494.76,1
1572,09:30:01,$ 3494.76,1
1573,09:30:01,$ 3494.76,1
1574,09:30:01,$ 3494.76,7
1576,09:30:01,$ 3494.76,2
1577,09:30:01,$ 3494.76,1
1578,09:30:01,$ 3494.76,1
1579,09:30:01,$ 3494.76,1
1580,09:30:01,$ 3494.76,4
1581,09:30:01,$ 3494.76,1
1582,09:30:01,$ 3494.76,2
1583,09:30:01,$ 3494.76,2
1584,09:30:01,$ 3494.76,1
1585,09:30:01,$ 3494.76,1
1586,09:30:01,$ 3494.76,1
1587,09:30:01,$ 3494.76,1
1588,09:30:01,$ 3494.76,10
1589,09:30:01,$ 3494.76,5
1590,09:30:01,$ 3494.76,1
1591,09:30:01,$ 3494.76,4
1592,09:30:01,$ 3494.76,1
1593,09:30:01,$ 3494.76,1
1594,09:30:01,$ 3494.76,1
1595,09:30:01,$ 3494.76,1
1597,09:30:01,$ 3494.76,1
1598,09:30:01,$ 3494.76,1
1599,09:30:01,$ 3494.76,4
1600,09:30:01,$ 3494.76,1
1601,09:30:01,$ 3494.76,4
1602,09:30:01,$ 3494.76,3
1603,09:30:01,$ 3494.76,1
1604,09:30:01,$ 3494.76,5
1605,09:30:01,$ 3494.76,6
1606,09:30:01,$ 3494.76,15
1607,09:30:01,$ 3494.76,8
1608,09:30:01,$ 3494.76,7
1609,09:30:01,$ 3494.76,3
1610,09:30:01,$ 3494.76,1
1611,09:30:01,$ 3494.76,10
1612,09:30:01,$ 3494.76,4
1613,09:30:01,$ 3494.76,10
1614,09:30:01,$ 3494.76,25
1615,09:30:01,$ 3494.76,5
1616,09:30:01,$ 3494.76,17
1618,09:30:01,$ 3494.76,1
1619,09:30:01,$ 3494.76,1
1620,09:30:01,$ 3494.76,2
1621,09:30:01,$ 3494.76,25
1622,09:30:01,$ 3494.76,1
1623,09:30:01,$ 3494.76,2
1624,09:30:01,$ 3494.76,2
1625,09:30:01,$ 3494.76,1
1626,09:30:01,$ 3494.76,1
1627,09:30:01,$ 3494.76,3
1628,09:30:01,$ 3494.76,1
1629,09:30:01,$ 3494.76,1
1630,09:30:01,$ 3494.76,1
1631,09:30:01,$ 3494.76,1
1632,09:30:01,$ 3494.76,1
1633,09:30:01,$ 3494.76,3
1634,09:30:01,$ 3494.76,5
1635,09:30:01,$ 3494.76,18
1636,09:30:01,$ 3494.76,2
1637,09:30:01,$ 3494.76,5
1639,09:30:01,$ 3494.76,1
1640,09:30:01,$ 3494.76,2
1641,09:30:01,$ 3494.76,1
1642,09:30:01,$ 3494.76,1
1643,09:30:01,$ 3494.76,3
1644,09:30:01,$ 3494.76,2
1645,09:30:01,$ 3494.76,4
1646,09:30:01,$ 3494.76,2
1647,09:30:01,$ 3494.76,15
1648,09:30:01,$ 3494.76,1
1649,09:30:01,$ 3494.76,1
1650,09:30:01,$ 3494.76,642
1651,09:30:01,$ 3494.76,1
1652,09:30:01,$ 3494.76,100
1653,09:30:01,$ 3494.76,23
1654,09:30:01,$ 3494.76,36
1655,09:30:01,$ 3494.76,"2,000"
1656,09:30:01,$ 3494.76,3
1657,09:30:01,$ 3494.76,6
1658,09:30:01,$ 3494.76,1
1660,09:30:01,$ 3494.76,12
1661,09:30:01,$ 3494.76,3
1662,09:30:01,$ 3494.76,2
1663,09:30:01,$ 3494.76,5
1664,09:30:01,$ 3494.76,1
1665,09:30:01,$ 3494.76,20
1666,09:30:01,$ 3494.76,1
1667,09:30:01,$ 3494.76,3
1668,09:30:01,$ 3494.76,10
1669,09:30:01,$ 3494.76,4
1670,09:30:01,$ 3494.76,25
1671,09:30:01,$ 3494.76,5
1672,09:30:01,$ 3494.76,1
1673,09:30:01,$ 3494.76,1
1674,09:30:01,$ 3494.76,1
1675,09:30:01,$ 3494.76,1
1676,09:30:01,$ 3494.76,2
1677,09:30:01,$ 3494.76,5
1678,09:30:01,$ 3494.76,7
1679,09:30:01,$ 3494.76,3
1681,09:30:01,$ 3494.76,2
1682,09:30:01,$ 3494.76,1
1683,09:30:01,$ 3494.76,10
1684,09:30:01,$ 3494.76,4
1685,09:30:01,$ 3494.76,1
1686,09:30:01,$ 3494.76,1
1687,09:30:01,$ 3494.76,5
1688,09:30:01,$ 3494.76,15
1689,09:30:01,$ 3494.76,1
1690,09:30:01,$ 3494.76,1
1691,09:30:01,$ 3494.76,1
1692,09:30:01,$ 3494.76,2
1693,09:30:01,$ 3494.76,2
1694,09:30:01,$ 3494.76,3
1695,09:30:01,$ 3494.76,1
1696,09:30:01,$ 3494.76,2
1697,09:30:01,$ 3494.76,2
1698,09:30:01,$ 3494.76,1
1699,09:30:01,$ 3494.76,2
1700,09:30:01,$ 3494.76,6
1702,09:30:01,$ 3494.76,1
1703,09:30:01,$ 3494.76,2
1704,09:30:01,$ 3494.76,1
1705,09:30:01,$ 3494.76,1
1706,09:30:01,$ 3494.76,1
1707,09:30:01,$ 3494.76,1
1708,09:30:01,$ 3494.76,1
1709,09:30:01,$ 3494.76,3
1710,09:30:01,$ 3494.76,5
1711,09:30:01,$ 3494.76,1
1712,09:30:01,$ 3494.76,10
1713,09:30:01,$ 3494.76,2
1714,09:30:01,$ 3494.76,3
1715,09:30:01,$ 3494.76,1
1716,09:30:01,$ 3494.76,1
1717,09:30:01,$ 3494.76,1
1718,09:30:01,$ 3494.76,21
1719,09:30:01,$ 3494.76,4
1720,09:30:01,$ 3494.76,1
1721,09:30:01,$ 3494.76,1
1723,09:30:01,$ 3494.76,20
1724,09:30:01,$ 3494.76,1
1725,09:30:01,$ 3494.76,1
1726,09:30:01,$ 3494.76,3
1727,09:30:01,$ 3494.76,5
1728,09:30:01,$ 3494.76,1
1729,09:30:01,$ 3494.76,3
1730,09:30:01,$ 3494.76,3
1731,09:30:01,$ 3494.76,1
1732,09:30:01,$ 3494.76,3
1733,09:30:01,$ 3494.76,1
1734,09:30:01,$ 3494.76,2
1735,09:30:01,$ 3494.76,1
1736,09:30:01,$ 3494.76,10
1737,09:30:01,$ 3494.76,5
1738,09:30:01,$ 3494.76,6
1739,09:30:01,$ 3494.76,1
1740,09:30:01,$ 3494.76,20
1741,09:30:01,$ 3494.76,1
1742,09:30:01,$ 3494.76,1
1744,09:30:01,$ 3494.76,3
1745,09:30:01,$ 3494.76,6
1746,09:30:01,$ 3494.76,10
1747,09:30:01,$ 3494.76,1
1748,09:30:01,$ 3494.76,10
1749,09:30:01,$ 3494.76,4
1750,09:30:01,$ 3494.76,1
1751,09:30:01,$ 3494.76,8
1752,09:30:01,$ 3494.76,2
1753,09:30:01,$ 3494.76,2
1754,09:30:01,$ 3494.76,3
1755,09:30:01,$ 3494.76,50
1756,09:30:01,$ 3494.76,10
1757,09:30:01,$ 3494.76,25
1758,09:30:01,$ 3494.76,1
1759,09:30:01,$ 3494.76,1
1760,09:30:01,$ 3494.76,6
1761,09:30:01,$ 3494.76,1
1762,09:30:01,$ 3494.76,28
1763,09:30:01,$ 3494.76,20
1765,09:30:01,$ 3494.76,3
1766,09:30:01,$ 3494.76,1
1767,09:30:01,$ 3494.76,3
1768,09:30:01,$ 3494.76,5
1769,09:30:01,$ 3494.76,3
1770,09:30:01,$ 3494.76,5
1771,09:30:01,$ 3494.76,1
1772,09:30:01,$ 3494.76,1
1773,09:30:01,$ 3494.76,37
1774,09:30:01,$ 3494.76,15
1775,09:30:01,$ 3494.76,5
1776,09:30:01,$ 3494.76,33
1777,09:30:01,$ 3494.76,10
1778,09:30:01,$ 3494.76,16
1779,09:30:01,$ 3494.76,10
1780,09:30:01,$ 3494.76,1
1781,09:30:01,$ 3494.76,8
1782,09:30:01,$ 3494.76,1
1783,09:30:01,$ 3494.76,4
1784,09:30:01,$ 3494.76,5
1786,09:30:01,$ 3494.76,1
1787,09:30:01,$ 3494.76,6
1788,09:30:01,$ 3494.76,9
1789,09:30:01,$ 3494.76,1
1790,09:30:01,$ 3494.76,14
1791,09:30:01,$ 3494.76,5
1792,09:30:01,$ 3494.76,1
1793,09:30:01,$ 3494.76,3
1794,09:30:01,$ 3494.76,1
1795,09:30:01,$ 3494.76,1
1796,09:30:01,$ 3494.76,12
1797,09:30:01,$ 3494.76,2
1798,09:30:01,$ 3494.76,3
1799,09:30:01,$ 3494.76,3
1800,09:30:01,$ 3494.76,2
1801,09:30:01,$ 3494.76,2
1802,09:30:01,$ 3494.76,10
1803,09:30:01,$ 3494.76,3
1804,09:30:01,$ 3494.76,1
1805,09:30:01,$ 3494.76,8
1807,09:30:01,$ 3494.76,3
1808,09:30:01,$ 3494.76,1
1809,09:30:01,$ 3494.76,2
1810,09:30:01,$ 3494.76,1
1811,09:30:01,$ 3494.76,3
1812,09:30:01,$ 3494.76,1
1813,09:30:01,$ 3494.76,1
1814,09:30:01,$ 3494.76,5
1815,09:30:01,$ 3494.76,2
1816,09:30:01,$ 3494.76,5
1817,09:30:01,$ 3494.76,15
1818,09:30:01,$ 3494.76,3
1819,09:30:01,$ 3494.76,18
1820,09:30:01,$ 3494.76,2
1821,09:30:01,$ 3494.76,1
1822,09:30:01,$ 3494.76,1
1823,09:30:01,$ 3494.76,50
1824,09:30:01,$ 3494.76,1
1825,09:30:01,$ 3494.76,200
1826,09:30:01,$ 3494.76,5
1828,09:30:01,$ 3494.76,1
1829,09:30:01,$ 3494.76,1
1830,09:30:01,$ 3494.76,20
1831,09:30:01,$ 3494.76,1
1832,09:30:01,$ 3494.76,10
1833,09:30:01,$ 3494.76,30
1834,09:30:01,$ 3494.76,2
1835,09:30:01,$ 3494.76,1
1836,09:30:01,$ 3494.76,185
1837,09:30:01,$ 3494.76,5
1838,09:30:01,$ 3494.76,1
1839,09:30:01,$ 3494.76,2
1840,09:30:01,$ 3494.76,30
1841,09:30:01,$ 3494.76,1
1842,09:30:01,$ 3494.76,5
1843,09:30:01,$ 3494.76,25
1844,09:30:01,$ 3494.76,15
1845,09:30:01,$ 3494.76,1
1846,09:30:01,$ 3494.76,160
1847,09:30:01,$ 3494.76,10
1849,09:30:01,$ 3494.76,1
1850,09:30:01,$ 3494.76,7
1851,09:30:01,$ 3494.76,3
1852,09:30:01,$ 3494.76,1
1853,09:30:01,$ 3494.76,10
1854,09:30:01,$ 3494.76,3
1855,09:30:01,$ 3494.76,13
1856,09:30:01,$ 3494.76,30
1857,09:30:01,$ 3494.76,10
1858,09:30:01,$ 3494.76,2
1859,09:30:01,$ 3494.76,1
1860,09:30:01,$ 3494.76,12
1861,09:30:01,$ 3494.76,100
1862,09:30:01,$ 3494.76,"2,900"
1863,09:30:01,$ 3494.76,1
1864,09:30:01,$ 3494.76,1
1865,09:30:01,$ 3494.76,1
1866,09:30:01,$ 3494.76,1
1867,09:30:01,$ 3494.76,2
1868,09:30:01,$ 3494.76,1
1870,09:30:01,$ 3494.76,4
1871,09:30:01,$ 3494.76,1
1872,09:30:01,$ 3494.76,3
1873,09:30:01,$ 3494.76,28
1874,09:30:01,$ 3494.76,36
1875,09:30:01,$ 3494.76,12
1876,09:30:01,$ 3494.76,20
1877,09:30:01,$ 3494.76,10
1878,09:30:01,$ 3494.76,10
1879,09:30:01,$ 3494.76,1
1880,09:30:01,$ 3494.76,98
1881,09:30:01,$ 3494.76,3
1882,09:30:01,$ 3494.76,9
1883,09:30:01,$ 3494.76,3
1884,09:30:01,$ 3494.76,1
1885,09:30:01,$ 3494.76,2
1886,09:30:01,$ 3494.76,1
1887,09:30:01,$ 3494.76,1
1888,09:30:01,$ 3494.76,1
1889,09:30:01,$ 3494.76,1
1891,09:30:01,$ 3494.76,1
1892,09:30:01,$ 3494.76,2
1893,09:30:01,$ 3494.76,3
1894,09:30:01,$ 3494.76,3
1895,09:30:01,$ 3494.76,3
1896,09:30:01,$ 3494.76,35
1897,09:30:01,$ 3494.76,2
1898,09:30:01,$ 3494.76,2
1899,09:30:01,$ 3494.76,1
1900,09:30:01,$ 3494.76,1
1901,09:30:01,$ 3494.76,3
1902,09:30:01,$ 3494.76,1
1903,09:30:01,$ 3494.76,2
1904,09:30:01,$ 3494.76,5
1905,09:30:01,$ 3494.76,6
1906,09:30:01,$ 3494.76,5
1907,09:30:01,$ 3494.76,5
1908,09:30:01,$ 3494.76,4
1909,09:30:01,$ 3494.76,5
1910,09:30:01,$ 3494.76,5
1912,09:30:01,$ 3494.76,16
1913,09:30:01,$ 3494.76,31
1914,09:30:01,$ 3494.76,6
1915,09:30:01,$ 3494.76,1
1916,09:30:01,$ 3494.76,1
1917,09:30:01,$ 3494.76,5
1918,09:30:01,$ 3494.76,1
1919,09:30:01,$ 3494.76,130
1920,09:30:01,$ 3494.76,1
1921,09:30:01,$ 3494.76,50
1922,09:30:01,$ 3494.76,50
1923,09:30:01,$ 3494.76,150
1924,09:30:01,$ 3494.76,50
1925,09:30:01,$ 3494.76,50
1926,09:30:01,$ 3494.76,100
1927,09:30:01,$ 3494.76,50
1928,09:30:01,$ 3494.76,50
1929,09:30:01,$ 3494.76,50
1930,09:30:01,$ 3494.76,50
1931,09:30:01,$ 3494.76,50
1933,09:30:01,$ 3494.76,6
1934,09:30:01,$ 3494.76,2
1935,09:30:01,$ 3494.76,10
1936,09:30:01,$ 3494.76,105
1937,09:30:01,$ 3494.76,8
1938,09:30:01,$ 3494.76,2
1939,09:30:01,$ 3494.76,3
1940,09:30:01,$ 3494.76,3
1941,09:30:01,$ 3494.76,1
1942,09:30:01,$ 3494.76,2
1943,09:30:01,$ 3494.76,16
1944,09:30:01,$ 3494.76,1
1945,09:30:01,$ 3494.76,9
1946,09:30:01,$ 3494.76,28
1947,09:30:01,$ 3494.76,2
1948,09:30:01,$ 3494.76,1
1949,09:30:01,$ 3494.76,5
1950,09:30:01,$ 3494.76,11
1951,09:30:01,$ 3494.76,106
1952,09:30:01,$ 3494.76,5
1954,09:30:01,$ 3494.76,1
1955,09:30:01,$ 3494.76,1
1956,09:30:01,$ 3494.76,5
1957,09:30:01,$ 3494.76,300
1958,09:30:01,$ 3494.76,19
1959,09:30:01,$ 3494.76,3
1960,09:30:01,$ 3494.76,2
1961,09:30:01,$ 3494.76,1
1962,09:30:01,$ 3494.76,1
1963,09:30:01,$ 3494.76,1
1964,09:30:01,$ 3494.76,1
1965,09:30:01,$ 3494.76,1
1966,09:30:01,$ 3494.76,1
1967,09:30:01,$ 3494.76,1
1968,09:30:01,$ 3494.76,1
1969,09:30:01,$ 3494.76,1
1970,09:30:01,$ 3494.76,1
1971,09:30:01,$ 3494.76,1
1972,09:30:01,$ 3494.76,1
1973,09:30:01,$ 3494.76,1
1975,09:30:01,$ 3494.76,1
1976,09:30:01,$ 3494.76,1
1977,09:30:01,$ 3494.76,1
1978,09:30:01,$ 3494.76,1
1979,09:30:01,$ 3494.76,1
1980,09:30:01,$ 3494.76,1
1981,09:30:01,$ 3494.76,1
1982,09:30:01,$ 3494.76,1
1983,09:30:01,$ 3494.76,1
1984,09:30:01,$ 3494.76,1
1985,09:30:01,$ 3494.76,1
1986,09:30:01,$ 3494.76,1
1987,09:30:01,$ 3494.76,1
1988,09:30:01,$ 3494.76,1
1989,09:30:01,$ 3494.76,1
1990,09:30:01,$ 3494.76,1
1991,09:30:01,$ 3494.76,1
1992,09:30:01,$ 3494.76,1
1993,09:30:01,$ 3494.76,1
1994,09:30:01,$ 3494.76,1
1996,09:30:01,$ 3494.76,3
1997,09:30:01,$ 3494.76,1
1998,09:30:01,$ 3494.76,1
1999,09:30:01,$ 3494.76,1
2000,09:30:01,$ 3494.76,3
2001,09:30:01,$ 3494.76,1
2002,09:30:01,$ 3494.76,3
2003,09:30:01,$ 3494.76,1
2004,09:30:01,$ 3494.76,30
2005,09:30:01,$ 3494.76,1
2006,09:30:01,$ 3494.76,8
2007,09:30:01,$ 3494.76,100
2008,09:30:01,$ 3494.76,1
2009,09:30:01,$ 3494.76,1
2010,09:30:01,$ 3494.76,1
2011,09:30:01,$ 3494.76,2
2012,09:30:01,$ 3494.76,100
2013,09:30:01,$ 3494.76,18
2014,09:30:01,$ 3494.76,72
2015,09:30:01,$ 3494.76,1
2017,09:30:01,$ 3494.76,1
2018,09:30:01,$ 3494.76,3
2019,09:30:01,$ 3494.76,2
2020,09:30:01,$ 3494.76,5
2021,09:30:01,$ 3494.76,1
2022,09:30:01,$ 3494.76,1
2023,09:30:01,$ 3494.76,3
2024,09:30:01,$ 3494.76,1
2025,09:30:01,$ 3494.76,1
2026,09:30:01,$ 3494.76,1
2027,09:30:01,$ 3494.76,1
2028,09:30:01,$ 3494.76,4
2029,09:30:01,$ 3494.76,1
2030,09:30:01,$ 3494.76,1
2031,09:30:01,$ 3494.76,1
2032,09:30:01,$ 3494.76,1
2033,09:30:01,$ 3494.76,1
2034,09:30:01,$ 3494.76,1
2035,09:30:01,$ 3494.76,1
2036,09:30:01,$ 3494.76,1
2038,09:30:01,$ 3494.76,1
2039,09:30:01,$ 3494.76,2
2040,09:30:01,$ 3494.76,1
2041,09:30:01,$ 3494.76,2
2042,09:30:01,$ 3494.76,2
2043,09:30:01,$ 3494.76,1
2044,09:30:01,$ 3494.76,1
2045,09:30:01,$ 3494.76,9
2046,09:30:01,$ 3494.76,2
2047,09:30:01,$ 3494.76,1
2048,09:30:01,$ 3494.76,1
2049,09:30:01,$ 3494.76,2
2050,09:30:01,$ 3494.76,1
2051,09:30:01,$ 3494.76,2
2052,09:30:01,$ 3494.76,1
2053,09:30:01,$ 3494.76,2
2054,09:30:01,$ 3494.76,1
2055,09:30:01,$ 3494.76,5
2056,09:30:01,$ 3494.76,4
2057,09:30:01,$ 3494.76,1
2059,09:30:01,$ 3494.76,10
2060,09:30:01,$ 3494.76,2
2061,09:30:01,$ 3494.76,20
2062,09:30:01,$ 3494.76,5
2063,09:30:01,$ 3494.76,2
2064,09:30:01,$ 3494.76,1
2065,09:30:01,$ 3494.76,2
2066,09:30:01,$ 3494.76,1
2067,09:30:01,$ 3494.76,12
2068,09:30:01,$ 3494.76,2
2069,09:30:01,$ 3494.76,1
2070,09:30:01,$ 3494.76,1
2071,09:30:01,$ 3494.76,1
2072,09:30:01,$ 3494.76,2
2073,09:30:01,$ 3494.76,2
2074,09:30:01,$ 3494.76,1
2075,09:30:01,$ 3494.76,2
2076,09:30:01,$ 3494.76,2
2077,09:30:01,$ 3494.76,1
2078,09:30:01,$ 3494.76,6
2080,09:30:01,$ 3494.76,1
2081,09:30:01,$ 3494.76,1
2082,09:30:01,$ 3494.76,3
2083,09:30:01,$ 3494.76,2
2084,09:30:01,$ 3494.76,2
2085,09:30:01,$ 3494.76,1
2086,09:30:01,$ 3494.76,2
2087,09:30:01,$ 3494.76,2
2088,09:30:01,$ 3494.76,6
2089,09:30:01,$ 3494.76,5
2090,09:30:01,$ 3494.76,6
2091,09:30:01,$ 3494.76,1
2092,09:30:01,$ 3494.76,1
2093,09:30:01,$ 3494.76,1
2094,09:30:01,$ 3494.76,1
2095,09:30:01,$ 3494.76,11
2096,09:30:01,$ 3494.76,6
2097,09:30:01,$ 3494.76,14
2098,09:30:01,$ 3494.76,1
2099,09:30:01,$ 3494.76,6
2101,09:30:01,$ 3494.76,1
2102,09:30:01,$ 3494.76,3
2103,09:30:01,$ 3494.76,1
2104,09:30:01,$ 3494.76,1
2105,09:30:01,$ 3494.76,3
2106,09:30:01,$ 3494.76,15
2107,09:30:01,$ 3494.76,1
2108,09:30:01,$ 3494.76,2
2109,09:30:01,$ 3494.76,2
2110,09:30:01,$ 3494.76,1
2111,09:30:01,$ 3494.76,2
2112,09:30:01,$ 3494.76,2
2113,09:30:01,$ 3494.76,1
2114,09:30:01,$ 3494.76,2
2115,09:30:01,$ 3494.76,1
2116,09:30:01,$ 3494.76,1
2117,09:30:01,$ 3494.76,3
2118,09:30:01,$ 3494.76,1
2119,09:30:01,$ 3494.76,2
2120,09:30:01,$ 3494.76,1
2122,09:30:01,$ 3494.76,1
2123,09:30:01,$ 3494.76,1
2124,09:30:01,$ 3494.76,5
2125,09:30:01,$ 3494.76,18
2126,09:30:01,$ 3494.76,7
2127,09:30:01,$ 3494.76,12
2128,09:30:01,$ 3494.76,21
2129,09:30:01,$ 3494.76,1
2130,09:30:01,$ 3494.76,1
2131,09:30:01,$ 3494.76,1
2132,09:30:01,$ 3494.76,15
2133,09:30:01,$ 3494.76,1
2134,09:30:01,$ 3494.76,73
2135,09:30:01,$ 3494.76,6
2136,09:30:01,$ 3494.76,1
2137,09:30:01,$ 3494.76,100
2138,09:30:01,$ 3494.76,10
2139,09:30:01,$ 3494.76,2
2140,09:30:01,$ 3494.76,100
2141,09:30:01,$ 3494.76,12
2143,09:30:01,$ 3494.76,1
2144,09:30:01,$ 3494.76,200
2145,09:30:01,$ 3494.76,127
2146,09:30:01,$ 3494.76,5
2147,09:30:01,$ 3494.76,6
2148,09:30:01,$ 3494.76,1
2149,09:30:01,$ 3494.76,2
2150,09:30:01,$ 3494.76,15
2151,09:30:01,$ 3494.76,"2,000"
2152,09:30:01,$ 3494.76,33
2153,09:30:01,$ 3494.76,16
2154,09:30:01,$ 3494.76,1
2155,09:30:01,$ 3494.76,4
2156,09:30:01,$ 3494.76,96
2157,09:30:01,$ 3494.76,2
2158,09:30:01,$ 3494.76,28
2159,09:30:01,$ 3494.76,14
2160,09:30:01,$ 3494.76,3
2161,09:30:01,$ 3494.76,1
2162,09:30:01,$ 3494.76,1
2164,09:30:01,$ 3494.76,2
2165,09:30:01,$ 3494.76,1
2166,09:30:01,$ 3494.76,2
2167,09:30:01,$ 3494.76,400
2168,09:30:01,$ 3494.76,35
2169,09:30:01,$ 3494.76,5
2170,09:30:01,$ 3494.76,8
2171,09:30:01,$ 3494.76,2
2172,09:30:01,$ 3494.76,43
2173,09:30:01,$ 3494.76,6
2174,09:30:01,$ 3494.76,3
2175,09:30:01,$ 3494.76,3
2176,09:30:01,$ 3494.76,11
2177,09:30:01,$ 3494.76,1
2178,09:30:01,$ 3494.76,3
2179,09:30:01,$ 3494.76,2
2180,09:30:01,$ 3494.76,2
2181,09:30:01,$ 3494.76,1
2182,09:30:01,$ 3494.76,16
2183,09:30:01,$ 3494.76,5
2185,09:30:01,$ 3494.76,5
2186,09:30:01,$ 3494.76,2
2187,09:30:01,$ 3494.76,28
2188,09:30:01,$ 3494.76,10
2189,09:30:01,$ 3494.76,3
2190,09:30:01,$ 3494.76,15
2191,09:30:01,$ 3494.76,10
2192,09:30:01,$ 3494.76,1
2193,09:30:01,$ 3494.76,1
2194,09:30:01,$ 3494.76,55
2195,09:30:01,$ 3494.76,1
2196,09:30:01,$ 3494.76,1
2197,09:30:01,$ 3494.76,31
2198,09:30:01,$ 3494.76,30
2199,09:30:01,$ 3494.76,20
2200,09:30:01,$ 3494.76,2
2201,09:30:01,$ 3494.76,1
2202,09:30:01,$ 3494.76,6
2203,09:30:01,$ 3494.76,10
2204,09:30:01,$ 3494.76,3
2206,09:30:01,$ 3494.76,10
2207,09:30:01,$ 3494.76,1
2208,09:30:01,$ 3494.76,1
2209,09:30:01,$ 3494.76,1
2210,09:30:01,$ 3494.76,1
2211,09:30:01,$ 3494.76,8
2212,09:30:01,$ 3494.76,10
2213,09:30:01,$ 3494.76,10
2214,09:30:01,$ 3494.76,10
2215,09:30:01,$ 3494.76,1
2216,09:30:01,$ 3494.76,6
2217,09:30:01,$ 3494.76,37
2218,09:30:01,$ 3494.76,1
2219,09:30:01,$ 3494.76,2
2220,09:30:01,$ 3494.76,4
2221,09:30:01,$ 3494.76,49
2222,09:30:01,$ 3494.76,140
2223,09:30:01,$ 3494.76,11
2224,09:30:01,$ 3494.76,1
2225,09:30:01,$ 3494.76,89
2227,09:30:01,$ 3494.76,24
2228,09:30:01,$ 3494.76,2
2229,09:30:01,$ 3494.76,38
2230,09:30:01,$ 3494.76,400
2231,09:30:01,$ 3494.76,2
2232,09:30:01,$ 3494.76,5
2233,09:30:01,$ 3494.76,1
2234,09:30:01,$ 3494.76,26
2235,09:30:01,$ 3494.76,5
2236,09:30:01,$ 3494.76,2
2237,09:30:01,$ 3494.76,4
2238,09:30:01,$ 3494.76,130
2239,09:30:01,$ 3494.76,10
2240,09:30:01,$ 3494.76,1
2241,09:30:01,$ 3494.76,670
2242,09:30:01,$ 3494.76,3
2243,09:30:01,$ 3494.76,3
2244,09:30:01,$ 3494.76,15
2245,09:30:01,$ 3494.76,55
2246,09:30:01,$ 3494.76,4
2248,09:30:01,$ 3494.76,1
2249,09:30:01,$ 3494.76,13
2250,09:30:01,$ 3494.76,1
2251,09:30:01,$ 3494.76,5
2252,09:30:01,$ 3494.76,1
2253,09:30:01,$ 3494.76,5
2254,09:30:01,$ 3494.76,250
2255,09:30:01,$ 3494.76,30
2256,09:30:01,$ 3494.76,247
2257,09:30:01,$ 3494.76,16
2258,09:30:01,$ 3494.76,3
2259,09:30:01,$ 3494.76,2
2260,09:30:01,$ 3494.76,1
2261,09:30:01,$ 3494.76,4
2262,09:30:01,$ 3494.76,1
2263,09:30:01,$ 3494.76,2
2264,09:30:01,$ 3494.76,2
2265,09:30:01,$ 3494.76,89
2266,09:30:01,$ 3494.76,1
2267,09:30:01,$ 3494.76,11
2269,09:30:01,$ 3494.76,3
2270,09:30:01,$ 3494.76,1
2271,09:30:01,$ 3494.76,1
2272,09:30:01,$ 3494.76,4
2273,09:30:01,$ 3494.76,86
2274,09:30:01,$ 3494.76,2
2275,09:30:01,$ 3494.76,70
2276,09:30:01,$ 3494.76,2
2277,09:30:01,$ 3494.76,3
2278,09:30:01,$ 3494.76,1
2279,09:30:01,$ 3494.76,1
2280,09:30:01,$ 3494.76,5
2281,09:30:01,$ 3494.76,6
2282,09:30:01,$ 3494.76,1
2283,09:30:01,$ 3494.76,5
2284,09:30:01,$ 3494.76,1
2285,09:30:01,$ 3494.76,60
2286,09:30:01,$ 3494.76,19
2287,09:30:01,$ 3494.76,22
2288,09:30:01,$ 3494.76,22
2290,09:30:01,$ 3494.76,5
2291,09:30:01,$ 3494.76,15
2292,09:30:01,$ 3494.76,1
2293,09:30:01,$ 3494.76,1
2294,09:30:01,$ 3494.76,4
2295,09:30:01,$ 3494.76,6
2296,09:30:01,$ 3494.76,64
2297,09:30:01,$ 3494.76,518
2298,09:30:01,$ 3494.76,8
2299,09:30:01,$ 3494.76,3
2300,09:30:01,$ 3494.76,90
2301,09:30:01,$ 3494.76,1
2302,09:30:01,$ 3494.76,1
2303,09:30:01,$ 3494.76,2
2304,09:30:01,$ 3494.76,2
2305,09:30:01,$ 3494.76,300
2306,09:30:01,$ 3494.76,3
2307,09:30:01,$ 3494.76,56
2308,09:30:01,$ 3494.76,4
2309,09:30:01,$ 3494.76,1
2311,09:30:01,$ 3494.76,1
2312,09:30:01,$ 3494.76,40
2313,09:30:01,$ 3494.76,2
2314,09:30:01,$ 3494.76,10
2315,09:30:01,$ 3494.76,5
2316,09:30:01,$ 3494.76,5
2317,09:30:01,$ 3494.76,1
2318,09:30:01,$ 3494.76,12
2319,09:30:01,$ 3494.76,30
2320,09:30:01,$ 3494.76,1
2321,09:30:01,$ 3494.76,9
2322,09:30:01,$ 3494.76,24
2323,09:30:01,$ 3494.76,1
2324,09:30:01,$ 3494.76,1
2325,09:30:01,$ 3494.76,1
2326,09:30:01,$ 3494.76,11
2327,09:30:01,$ 3494.76,66
2328,09:30:01,$ 3494.76,8
2329,09:30:01,$ 3494.76,44
2330,09:30:01,$ 3494.76,2
2332,09:30:01,$ 3494.76,2
2333,09:30:01,$ 3494.76,13
2334,09:30:01,$ 3494.76,2
2335,09:30:01,$ 3494.76,1
2336,09:30:01,$ 3494.76,20
2337,09:30:01,$ 3494.76,1
2338,09:30:01,$ 3494.76,15
2339,09:30:01,$ 3494.76,5
2340,09:30:01,$ 3494.76,1
2341,09:30:01,$ 3494.76,1
2342,09:30:01,$ 3494.76,6
2343,09:30:01,$ 3494.76,3
2344,09:30:01,$ 3494.76,1
2345,09:30:01,$ 3494.76,4
2346,09:30:01,$ 3494.76,1
2347,09:30:01,$ 3494.76,1
2348,09:30:01,$ 3494.76,4
2349,09:30:01,$ 3494.76,6
2350,09:30:01,$ 3494.76,2
2351,09:30:01,$ 3494.76,6
2353,09:30:01,$ 3494.76,23
2354,09:30:01,$ 3494.76,10
2355,09:30:01,$ 3494.76,1
2356,09:30:01,$ 3494.76,1
2357,09:30:01,$ 3494.76,1
2358,09:30:01,$ 3494.76,3
2359,09:30:01,$ 3494.76,8
2360,09:30:01,$ 3494.76,30
2361,09:30:01,$ 3494.76,22
2362,09:30:01,$ 3494.76,8
2363,09:30:01,$ 3494.76,8
2364,09:30:01,$ 3494.76,4
2365,09:30:01,$ 3494.76,12
2366,09:30:01,$ 3494.76,50
2367,09:30:01,$ 3494.76,145
2368,09:30:01,$ 3494.76,4
2369,09:30:01,$ 3494.76,50
2370,09:30:01,$ 3494.76,2
2371,09:30:01,$ 3494.76,1
2372,09:30:01,$ 3494.76,14
2374,09:30:01,$ 3494.76,1
2375,09:30:01,$ 3494.76,3
2376,09:30:01,$ 3494.76,1
2377,09:30:01,$ 3494.76,1
2378,09:30:01,$ 3494.76,6
2379,09:30:01,$ 3494.76,1
2380,09:30:01,$ 3494.76,1
2381,09:30:01,$ 3494.76,1
2382,09:30:01,$ 3494.76,1
2383,09:30:01,$ 3494.76,9
2384,09:30:01,$ 3494.76,5
2385,09:30:01,$ 3494.76,2
2386,09:30:01,$ 3494.76,3
2387,09:30:01,$ 3494.76,30
2388,09:30:01,$ 3494.76,251
2389,09:30:01,$ 3494.76,207
2390,09:30:01,$ 3494.76,2
2391,09:30:01,$ 3494.76,1
2392,09:30:01,$ 3494.76,100
2393,09:30:01,$ 3494.76,3
2395,09:30:01,$ 3494.76,1
2396,09:30:01,$ 3494.76,3
2397,09:30:01,$ 3494.76,1
2398,09:30:01,$ 3494.76,30
2399,09:30:01,$ 3494.76,25
2400,09:30:01,$ 3494.76,1
2401,09:30:01,$ 3494.76,10
2402,09:30:01,$ 3494.76,1
2403,09:30:01,$ 3494.76,1
2404,09:30:01,$ 3494.76,5
2405,09:30:01,$ 3494.76,5
2406,09:30:01,$ 3494.76,2
2407,09:30:01,$ 3494.76,1
2408,09:30:01,$ 3494.76,25
2409,09:30:01,$ 3494.76,1
2410,09:30:01,$ 3494.76,4
2411,09:30:01,$ 3494.76,85
2412,09:30:01,$ 3494.76,38
2413,09:30:01,$ 3494.76,1
2414,09:30:01,$ 3494.76,100
2416,09:30:01,$ 3494.76,576
2417,09:30:01,$ 3494.76,10
2418,09:30:01,$ 3494.76,50
2419,09:30:01,$ 3494.76,2
2420,09:30:01,$ 3494.76,1
2421,09:30:01,$ 3494.76,1
2422,09:30:01,$ 3494.76,5
2423,09:30:01,$ 3494.76,1
2424,09:30:01,$ 3494.76,2
2425,09:30:01,$ 3494.76,10
2426,09:30:01,$ 3494.76,1
2427,09:30:01,$ 3494.76,1
2428,09:30:01,$ 3494.76,1
2429,09:30:01,$ 3494.76,25
2430,09:30:01,$ 3494.76,8
2431,09:30:01,$ 3494.76,384
2432,09:30:01,$ 3494.76,10
2433,09:30:01,$ 3494.62,100
2434,09:30:00,$ 3495.40,300
2436,10:29:47,$ 3497.17,100
2437,10:29:43,$ 3498.28,500
2438,10:29:41,$ 3498.475,100
2439,10:29:40,$ 3498.9612,100
2440,10:29:32,$ 3499.00,399
2441,10:29:31,$ 3498.6509,100
2442,10:29:29,$ 3498.75,100
2443,10:29:22,$ 3498.9999,500
2444,10:29:21,$ 3498.95,100
2445,10:29:20,$ 3498.4899,213
2446,10:29:20,$ 3498.4899,272
2447,10:29:20,$ 3498.60,118
2448,10:29:20,$ 3498.60,376
2449,10:29:19,$ 3498.805,100
2450,10:29:06,$ 3498.58,100
2451,10:29:00,$ 3499.3388,324
2452,10:29:00,$ 3499.3389,257
2453,10:29:00,$ 3499.3912,419
2454,10:28:59,$ 3498.82,100
2455,10:28:59,$ 3499.215,150
2457,10:28:59,$ 3498.56,500
2458,10:28:58,$ 3499.00,100
2459,10:28:53,$ 3497.82,200
2460,10:28:50,$ 3498.75,100
2461,10:28:48,$ 3498.405,100
2462,10:28:45,$ 3498.9999,100
2463,10:28:45,$ 3498.9999,100
2464,10:28:45,$ 3499.00,100
2465,10:28:31,$ 3497.23,100
2466,10:28:27,$ 3496.47,100
2467,10:28:23,$ 3496.00,230
2468,10:28:10,$ 3496.60,100
2469,10:28:06,$ 3495.07,100
2470,10:28:04,$ 3495.63,100
2471,10:27:55,$ 3495.72,100
2472,10:27:46,$ 3495.71,100
2473,10:27:40,$ 3496.15,100
2474,10:27:40,$ 3494.9975,100
2475,10:27:40,$ 3494.80,100
2476,10:27:40,$ 3495.105,165
2478,10:27:28,$ 3494.30,100
2479,10:27:28,$ 3494.40,100
2480,10:27:28,$ 3494.32,100
2481,10:27:28,$ 3494.28,200
2482,10:27:28,$ 3495.13,100
2483,10:27:28,$ 3495.23,100
2484,10:27:28,$ 3495.24,100
2485,10:27:23,$ 3495.26,134
2486,10:27:23,$ 3495.27,100
2487,10:27:20,$ 3495.19,100
2488,10:27:03,$ 3496.0601,500
2489,10:26:46,$ 3496.625,100
2490,10:26:46,$ 3495.9701,"1,000"
2491,10:26:45,$ 3496.7688,285
2492,10:26:45,$ 3497.00,400
2493,10:26:45,$ 3496.55,200
2494,10:26:45,$ 3497.05,200
2495,10:26:45,$ 3496.6763,100
2496,10:26:45,$ 3497.00,100
2497,10:26:45,$ 3497.00,100
2499,10:26:45,$ 3496.85,100
2500,10:26:45,$ 3496.77,100
2501,10:26:44,$ 3496.41,100
2502,10:26:42,$ 3496.747,300
2503,10:26:41,$ 3496.84,100
2504,10:26:39,$ 3496.5412,324
2505,10:26:39,$ 3496.5412,176
2506,10:26:38,$ 3496.05,100
2507,10:26:33,$ 3495.2039,324
2508,10:26:26,$ 3493.00,100
2509,10:26:20,$ 3493.50,100
2510,10:26:20,$ 3493.50,100
2511,10:26:05,$ 3492.79,200
2512,10:25:59,$ 3493.65,100
2513,10:25:59,$ 3493.8501,"1,000"
2514,10:25:58,$ 3494.49,100
2515,10:25:58,$ 3494.49,100
2516,10:25:58,$ 3494.47,100
2517,10:25:53,$ 3494.56,100
2518,10:25:44,$ 3494.6082,200
2520,10:25:42,$ 3494.13,199
2521,10:25:41,$ 3495.0525,400
2522,10:25:37,$ 3494.75,200
2523,10:25:37,$ 3495.00,400
2524,10:25:37,$ 3495.1475,100
2525,10:25:37,$ 3494.78,100
2526,10:25:37,$ 3495.00,293
2527,10:25:37,$ 3495.00,260
2528,10:25:37,$ 3495.00,100
2529,10:25:37,$ 3495.00,572
2530,10:25:37,$ 3495.00,"1,073"
2531,10:25:37,$ 3494.75,100
2532,10:25:37,$ 3494.67,100
2533,10:25:33,$ 3494.23,100
2534,10:25:32,$ 3494.03,200
2535,10:25:31,$ 3493.4569,100
2536,10:25:25,$ 3493.72,100
2537,10:25:16,$ 3494.00,300
2538,10:25:15,$ 3494.47,100
2539,10:25:15,$ 3494.47,100
2541,10:25:12,$ 3494.47,100
2542,10:25:05,$ 3493.74,100
2543,10:25:04,$ 3492.945,100
2544,10:25:04,$ 3492.86,100
2545,10:25:04,$ 3493.00,100
2546,10:25:04,$ 3493.00,100
2547,10:25:01,$ 3492.99,100
2548,10:25:01,$ 3491.86,100
2549,10:24:55,$ 3491.442,500
2550,10:24:50,$ 3491.865,100
2551,10:24:50,$ 3491.89,100
2552,10:24:49,$ 3490.04,100
2553,10:24:38,$ 3488.83,100
2554,10:24:38,$ 3488.83,100
2555,10:24:31,$ 3489.15,100
2556,10:24:31,$ 3489.14,500
2557,10:24:26,$ 3489.80,100
2558,10:24:26,$ 3489.80,100
2559,10:24:24,$ 3489.16,100
2560,10:24:24,$ 3489.20,100
2562,10:24:21,$ 3488.545,100
2563,10:24:21,$ 3488.595,100
2564,10:24:21,$ 3488.60,100
2565,10:24:21,$ 3488.66,100
2566,10:24:05,$ 3487.58,100
2567,10:24:04,$ 3487.7425,100
2568,10:24:04,$ 3487.58,500
2569,10:24:00,$ 3486.98,100
2570,10:23:59,$ 3486.28,100
2571,10:23:54,$ 3486.3389,100
2572,10:23:52,$ 3486.19,100
2573,10:23:45,$ 3485.36,100
2574,10:23:45,$ 3486.00,100
2575,10:23:23,$ 3484.63,100
2576,10:23:19,$ 3484.63,150
2577,10:23:14,$ 3484.20,150
2578,10:22:40,$ 3485.22,100
2579,10:22:26,$ 3484.155,100
2580,10:22:13,$ 3484.20,109
2581,10:22:13,$ 3484.20,108
2583,10:22:11,$ 3484.20,100
2584,10:22:11,$ 3484.20,108
2585,10:22:05,$ 3484.72,100
2586,10:22:03,$ 3485.26,100
2587,10:21:58,$ 3486.44,100
2588,10:21:58,$ 3486.43,100
2589,10:21:56,$ 3487.0041,300
2590,10:21:55,$ 3487.00,100
2591,10:21:43,$ 3486.98,400
2592,10:21:33,$ 3486.3918,100
2593,10:21:30,$ 3485.7012,100
2594,10:21:26,$ 3489.23,100
2595,10:21:26,$ 3488.1868,100
2596,10:21:09,$ 3488.685,286
2597,10:21:09,$ 3488.39,100
2598,10:21:09,$ 3488.21,100
2599,10:21:09,$ 3489.24,100
2600,10:21:04,$ 3488.71,100
2601,10:20:53,$ 3489.3801,100
2602,10:20:51,$ 3489.38,100
2604,10:20:51,$ 3489.38,100
2605,10:20:50,$ 3489.80,100
2606,10:20:50,$ 3488.95,100
2607,10:20:44,$ 3486.29,100
2608,10:20:35,$ 3485.22,100
2609,10:20:35,$ 3485.2199,100
2610,10:20:31,$ 3483.9225,100
2611,10:20:29,$ 3484.34,100
2612,10:20:25,$ 3484.26,100
2613,10:20:14,$ 3483.94,100
2614,10:20:14,$ 3483.99,100
2615,10:20:07,$ 3483.53,100
2616,10:19:57,$ 3484.00,100
2617,10:19:57,$ 3484.00,100
2618,10:19:57,$ 3484.00,100
2619,10:19:57,$ 3484.03,100
2620,10:19:47,$ 3483.4403,129
2621,10:19:47,$ 3484.37,100
2622,10:19:46,$ 3483.325,100
2623,10:19:44,$ 3483.50,100
2625,10:19:44,$ 3483.50,100
2626,10:19:38,$ 3484.13,100
2627,10:19:34,$ 3484.00,100
2628,10:19:34,$ 3484.00,100
2629,10:19:34,$ 3484.00,232
2630,10:19:33,$ 3484.18,100
2631,10:19:27,$ 3484.14,100
2632,10:19:24,$ 3484.55,100
2633,10:19:24,$ 3484.25,100
2634,10:19:23,$ 3483.895,100
2635,10:19:16,$ 3483.21,198
2636,10:19:12,$ 3484.2069,150
2637,10:18:54,$ 3483.825,100
2638,10:18:54,$ 3484.3721,252
2639,10:18:52,$ 3485.01,100
2640,10:18:42,$ 3485.25,500
2641,10:18:40,$ 3485.24,100
2642,10:18:34,$ 3484.2301,100
2643,10:18:33,$ 3484.795,100
2644,10:18:24,$ 3484.788,100
2646,10:18:24,$ 3484.62,100
2647,10:18:19,$ 3484.65,100
2648,10:18:19,$ 3485.155,500
2649,10:18:18,$ 3485.00,100
2650,10:18:15,$ 3485.28,100
2651,10:18:12,$ 3485.185,100
2652,10:18:08,$ 3484.96,100
2653,10:18:07,$ 3484.89,100
2654,10:18:07,$ 3484.46,100
2655,10:18:02,$ 3484.91,100
2656,10:18:02,$ 3485.00,100
2657,10:18:02,$ 3484.80,100
2658,10:17:51,$ 3484.03,100
2659,10:17:51,$ 3484.30,100
2660,10:17:51,$ 3484.32,100
2661,10:17:51,$ 3484.30,100
2662,10:17:51,$ 3484.27,100
2663,10:17:51,$ 3484.26,100
2664,10:17:42,$ 3483.345,100
2665,10:17:36,$ 3483.80,100
2667,10:17:34,$ 3483.745,174
2668,10:17:33,$ 3483.80,100
2669,10:17:33,$ 3483.98,100
2670,10:17:33,$ 3483.25,100
2671,10:17:29,$ 3483.0001,100
2672,10:17:28,$ 3483.5142,324
2673,10:17:28,$ 3484.03,100
2674,10:17:26,$ 3484.04,100
2675,10:17:23,$ 3484.66,500
2676,10:17:22,$ 3484.59,100
2677,10:17:22,$ 3485.00,185
2678,10:17:19,$ 3485.25,"1,801"
2679,10:17:19,$ 3485.25,100
2680,10:17:17,$ 3485.03,100
2681,10:17:17,$ 3485.00,100
2682,10:17:17,$ 3485.00,100
2683,10:17:17,$ 3485.00,100
2684,10:17:17,$ 3485.00,250
2685,10:17:15,$ 3485.91,100
2686,10:17:14,$ 3485.03,100
2688,10:17:14,$ 3485.03,100
2689,10:17:14,$ 3485.30,100
2690,10:17:14,$ 3485.311,194
2691,10:17:13,$ 3486.28,100
2692,10:17:06,$ 3487.485,100
2693,10:17:03,$ 3487.65,500
2694,10:17:00,$ 3488.70,200
2695,10:16:57,$ 3488.64,100
2696,10:16:51,$ 3488.5684,150
2697,10:16:46,$ 3489.60,100
2698,10:16:43,$ 3488.615,130
2699,10:16:39,$ 3488.92,112
2700,10:16:38,$ 3488.267,286
2701,10:16:38,$ 3488.267,100
2702,10:16:38,$ 3488.48,100
2703,10:16:38,$ 3487.81,100
2704,10:16:34,$ 3488.11,100
2705,10:16:19,$ 3487.49,100
2706,10:16:19,$ 3488.00,915
2707,10:16:15,$ 3488.61,100
2709,10:16:10,$ 3489.015,100
2710,10:16:10,$ 3489.12,100
2711,10:16:07,$ 3488.81,100
2712,10:16:04,$ 3488.7401,500
2713,10:16:03,$ 3488.78,100
2714,10:16:03,$ 3488.54,100
2715,10:16:03,$ 3488.54,100
2716,10:16:02,$ 3488.198,100
2717,10:15:58,$ 3488.3049,100
2718,10:15:49,$ 3488.588,200
2719,10:15:47,$ 3488.62,500
2720,10:15:46,$ 3488.96,100
2721,10:15:40,$ 3488.11,100
2722,10:15:39,$ 3488.925,100
2723,10:15:38,$ 3489.0584,158
2724,10:15:38,$ 3489.0584,114
2725,10:15:38,$ 3489.0584,324
2726,10:15:38,$ 3489.0584,"1,404"
2727,10:15:30,$ 3488.72,100
2728,10:15:30,$ 3488.50,351
2730,10:15:23,$ 3489.00,100
2731,10:15:18,$ 3489.53,100
2732,10:15:14,$ 3490.09,100
2733,10:15:06,$ 3488.58,500
2734,10:15:00,$ 3489.628,100
2735,10:15:00,$ 3490.15,100
2736,10:15:00,$ 3490.15,100
2737,10:14:52,$ 3488.92,200
2738,10:14:52,$ 3489.344,200
2739,10:14:46,$ 3489.38,199
2740,10:14:36,$ 3488.67,100
2741,10:14:36,$ 3488.51,100
2742,10:14:32,$ 3488.99,100
2743,10:14:20,$ 3489.99,100
2744,10:14:20,$ 3489.96,100
2745,10:14:20,$ 3489.94,100
2746,10:14:20,$ 3489.82,100
2747,10:14:20,$ 3489.22,100
2748,10:14:15,$ 3489.2825,100
2749,10:14:14,$ 3490.2583,300
2751,10:14:10,$ 3490.00,150
2752,10:14:03,$ 3490.31,100
2753,10:13:46,$ 3490.0701,200
2754,10:13:44,$ 3490.72,100
2755,10:13:38,$ 3490.63,100
2756,10:13:24,$ 3490.18,100
2757,10:13:16,$ 3490.97,100
2758,10:13:05,$ 3490.59,186
2759,10:13:00,$ 3491.35,100
2760,10:13:00,$ 3491.36,100
2761,10:12:48,$ 3491.4891,150
2762,10:12:40,$ 3492.505,100
2763,10:12:37,$ 3491.92,100
2764,10:12:32,$ 3491.87,100
2765,10:12:32,$ 3491.89,100
2766,10:12:32,$ 3491.66,200
2767,10:12:32,$ 3491.84,100
2768,10:12:28,$ 3491.86,100
2769,10:12:28,$ 3491.88,100
2770,10:12:24,$ 3491.049,100
2772,10:12:14,$ 3490.00,100
2773,10:12:10,$ 3490.61,100
2774,10:12:09,$ 3490.61,100
2775,10:12:04,$ 3490.17,100
2776,10:12:00,$ 3490.61,100
2777,10:11:59,$ 3490.00,200
2778,10:11:58,$ 3490.31,200
2779,10:11:57,$ 3490.31,500
2780,10:11:53,$ 3490.1127,200
2781,10:11:53,$ 3490.00,424
2782,10:11:53,$ 3490.00,100
2783,10:11:37,$ 3492.43,100
2784,10:11:36,$ 3491.92,111
2785,10:11:36,$ 3491.94,100
2786,10:11:36,$ 3491.95,100
2787,10:11:32,$ 3492.00,100
2788,10:11:32,$ 3491.64,100
2789,10:11:25,$ 3492.39,100
2790,10:11:24,$ 3492.17,800
2791,10:11:23,$ 3492.095,200
2793,10:11:15,$ 3491.6201,500
2794,10:11:14,$ 3492.06,100
2795,10:11:05,$ 3492.45,100
2796,10:11:05,$ 3493.17,100
2797,10:11:05,$ 3493.17,100
2798,10:10:55,$ 3493.34,100
2799,10:10:49,$ 3494.75,100
2800,10:10:49,$ 3494.70,100
2801,10:10:49,$ 3494.75,100
2802,10:10:47,$ 3493.17,100
2803,10:10:46,$ 3493.1699,200
2804,10:10:46,$ 3493.10,100
2805,10:10:45,$ 3492.7712,126
2806,10:10:33,$ 3492.585,165
2807,10:10:32,$ 3493.05,100
2808,10:10:32,$ 3493.15,100
2809,10:10:31,$ 3494.2199,500
2810,10:10:30,$ 3492.39,100
2811,10:10:25,$ 3492.39,100
2812,10:10:25,$ 3492.29,100
2814,10:10:23,$ 3491.595,100
2815,10:10:23,$ 3491.566,100
2816,10:10:23,$ 3491.59,100
2817,10:10:22,$ 3491.59,100
2818,10:10:22,$ 3491.59,100
2819,10:10:21,$ 3492.00,134
2820,10:10:12,$ 3492.928,500
2821,10:10:09,$ 3493.03,100
2822,10:10:07,$ 3493.7509,"1,000"
2823,10:10:00,$ 3493.75,100
2824,10:10:00,$ 3493.37,100
2825,10:10:00,$ 3493.37,108
2826,10:10:00,$ 3493.74,100
2827,10:09:58,$ 3493.7399,100
2828,10:09:56,$ 3493.00,100
2829,10:09:44,$ 3493.06,100
2830,10:09:44,$ 3493.06,100
2831,10:09:44,$ 3493.38,100
2832,10:09:43,$ 3494.13,100
2833,10:09:37,$ 3493.7101,142
2835,10:09:25,$ 3492.7601,200
2836,10:09:24,$ 3493.37,100
2837,10:09:24,$ 3492.77,200
2838,10:09:23,$ 3492.00,300
2839,10:09:23,$ 3491.65,100
2840,10:09:23,$ 3491.60,100
2841,10:09:23,$ 3491.64,100
2842,10:09:23,$ 3491.66,180
2843,10:09:18,$ 3491.31,274
2844,10:09:17,$ 3491.5363,100
2845,10:09:14,$ 3492.097,500
2846,10:09:08,$ 3491.72,100
2847,10:08:53,$ 3492.40,100
2848,10:08:53,$ 3492.40,100
2849,10:08:53,$ 3492.46,100
2850,10:08:48,$ 3492.95,600
2851,10:08:42,$ 3492.5113,137
2852,10:08:39,$ 3493.00,100
2853,10:08:39,$ 3492.93,100
2854,10:08:12,$ 3494.4099,200
2856,10:08:10,$ 3493.73,100
2857,10:08:08,$ 3495.0943,100
2858,10:08:03,$ 3494.81,100
2859,10:08:03,$ 3495.55,100
2860,10:08:03,$ 3495.63,100
2861,10:07:54,$ 3495.98,100
2862,10:07:51,$ 3495.967,125
2863,10:07:39,$ 3496.64,142
2864,10:07:24,$ 3495.92,100
2865,10:07:03,$ 3496.158,100
2866,10:07:03,$ 3496.158,100
2867,10:07:03,$ 3496.14,100
2868,10:07:03,$ 3496.14,100
2869,10:07:00,$ 3496.735,199
2870,10:06:58,$ 3496.75,100
2871,10:06:38,$ 3496.375,200
2872,10:06:13,$ 3495.39,100
2873,10:06:06,$ 3494.53,100
2874,10:05:59,$ 3493.7833,286
2875,10:05:59,$ 3493.785,100
2877,10:05:52,$ 3493.55,100
2878,10:05:42,$ 3493.08,229
2879,10:05:35,$ 3494.2899,100
2880,10:05:28,$ 3492.9733,598
2881,10:05:27,$ 3493.00,100
2882,10:05:23,$ 3492.44,100
2883,10:05:23,$ 3492.46,100
2884,10:05:23,$ 3491.848,500
2885,10:05:14,$ 3491.61,100
2886,10:04:41,$ 3492.15,100
2887,10:04:37,$ 3492.2299,100
2888,10:04:36,$ 3492.52,100
2889,10:04:34,$ 3492.1943,500
2890,10:04:29,$ 3491.055,100
2891,10:04:29,$ 3490.88,100
2892,10:04:28,$ 3490.60,600
2893,10:04:28,$ 3491.05,100
2894,10:04:27,$ 3491.32,100
2895,10:04:23,$ 3490.95,100
2896,10:04:22,$ 3490.62,100
2898,10:04:22,$ 3491.30,100
2899,10:04:20,$ 3490.90,100
2900,10:04:18,$ 3491.3818,100
2901,10:04:09,$ 3491.5305,103
2902,10:03:55,$ 3492.5599,200
2903,10:03:55,$ 3491.66,100
2904,10:03:55,$ 3491.68,100
2905,10:03:55,$ 3491.74,100
2906,10:03:55,$ 3491.75,492
2907,10:03:55,$ 3491.75,"1,334"
2908,10:03:55,$ 3491.75,131
2909,10:03:55,$ 3491.75,100
2910,10:03:55,$ 3491.75,277
2911,10:03:55,$ 3491.75,110
2912,10:03:51,$ 3491.935,500
2913,10:03:50,$ 3491.61,100
2914,10:03:42,$ 3492.13,200
2915,10:03:38,$ 3492.61,100
2916,10:03:37,$ 3492.68,100
2917,10:03:37,$ 3492.56,100
2919,10:03:37,$ 3492.51,100
2920,10:03:37,$ 3492.50,225
2921,10:03:37,$ 3492.51,100
2922,10:03:37,$ 3492.50,165
2923,10:03:29,$ 3493.1399,100
2924,10:03:28,$ 3492.67,100
2925,10:03:24,$ 3492.57,100
2926,10:03:24,$ 3492.56,100
2927,10:03:24,$ 3492.39,100
2928,10:03:24,$ 3492.58,100
2929,10:03:23,$ 3492.5899,"1,000"
2930,10:03:20,$ 3491.60,199
2931,10:03:19,$ 3491.61,100
2932,10:03:17,$ 3492.13,100
2933,10:03:17,$ 3492.06,100
2934,10:03:16,$ 3492.08,100
2935,10:03:12,$ 3492.2083,100
2936,10:03:06,$ 3491.5899,100
2937,10:03:05,$ 3492.275,100
2938,10:03:05,$ 3492.21,100
2940,10:03:05,$ 3492.64,100
2941,10:03:05,$ 3492.65,100
2942,10:03:04,$ 3493.18,100
2943,10:03:04,$ 3493.36,100
2944,10:03:04,$ 3493.35,100
2945,10:03:04,$ 3493.34,200
2946,10:03:04,$ 3493.25,100
2947,10:03:04,$ 3493.25,185
2948,10:03:04,$ 3492.85,100
2949,10:03:00,$ 3494.00,100
2950,10:02:59,$ 3494.875,150
2951,10:02:53,$ 3495.06,100
2952,10:02:53,$ 3495.6459,200
2953,10:02:51,$ 3494.74,100
2954,10:02:51,$ 3495.00,100
2955,10:02:51,$ 3495.00,100
2956,10:02:51,$ 3495.18,100
2957,10:02:51,$ 3495.32,100
2958,10:02:51,$ 3495.32,100
2959,10:02:51,$ 3495.32,100
2961,10:02:51,$ 3495.32,100
2962,10:02:45,$ 3496.0001,500
2963,10:02:45,$ 3496.12,100
2964,10:02:44,$ 3496.60,100
2965,10:02:44,$ 3496.59,100
2966,10:02:37,$ 3497.0001,200
2967,10:02:31,$ 3496.73,100
2968,10:02:25,$ 3496.59,100
2969,10:02:21,$ 3497.4006,200
2970,10:02:18,$ 3497.035,100
2971,10:02:15,$ 3497.02,100
2972,10:02:15,$ 3497.035,100
2973,10:02:11,$ 3497.02,112
2974,10:02:11,$ 3497.06,100
2975,10:02:09,$ 3497.03,100
2976,10:02:08,$ 3496.65,100
2977,10:02:07,$ 3496.64,100
2978,10:02:07,$ 3496.89,100
2979,10:02:07,$ 3496.73,100
2980,10:02:07,$ 3496.65,100
2982,10:02:05,$ 3497.59,100
2983,10:02:03,$ 3497.7191,150
2984,10:02:02,$ 3498.00,100
2985,10:01:34,$ 3499.235,100
2986,10:01:28,$ 3499.19,100
2987,10:01:24,$ 3500.00,128
2988,10:01:20,$ 3500.83,100
2989,10:01:03,$ 3500.83,500
2990,10:00:59,$ 3501.56,300
2991,10:00:58,$ 3501.56,200
2992,10:00:58,$ 3501.345,500
2993,10:00:52,$ 3501.735,181
2994,10:00:52,$ 3500.835,100
2995,10:00:48,$ 3500.00,182
2996,10:00:45,$ 3500.0261,100
2997,10:00:40,$ 3502.35,100
2998,10:00:40,$ 3501.725,100
2999,10:00:39,$ 3500.73,100
3000,10:00:38,$ 3500.875,100
3001,10:00:38,$ 3500.91,300
3003,10:00:30,$ 3500.73,100
3004,10:00:30,$ 3500.30,100
3005,10:00:19,$ 3499.3665,100
3006,10:00:10,$ 3499.00,400
3007,10:00:06,$ 3499.63,100
3008,10:00:06,$ 3499.63,100
3009,10:00:06,$ 3500.00,100
3011,10:59:16,$ 3501.00,200
3012,10:59:13,$ 3501.48,100
3013,10:59:12,$ 3501.495,100
3014,10:58:50,$ 3501.53,125
3015,10:58:42,$ 3501.79,100
3016,10:58:24,$ 3501.9799,100
3017,10:58:13,$ 3501.835,340
3018,10:57:51,$ 3502.95,100
3019,10:57:05,$ 3503.1675,100
3020,10:57:04,$ 3503.625,100
3021,10:56:47,$ 3503.027,280
3022,10:56:15,$ 3503.31,100
3023,10:56:01,$ 3502.89,100
3024,10:55:44,$ 3501.955,100
3025,10:55:41,$ 3501.945,500
3026,10:55:37,$ 3502.1608,200
3027,10:55:36,$ 3501.28,100
3028,10:55:08,$ 3501.61,100
3029,10:55:02,$ 3502.14,100
3030,10:55:02,$ 3501.92,100
3032,10:55:02,$ 3501.92,100
3033,10:55:02,$ 3501.905,100
3034,10:55:02,$ 3502.06,100
3035,10:54:50,$ 3502.53,500
3036,10:54:49,$ 3501.465,100
3037,10:54:47,$ 3502.10,100
3038,10:54:46,$ 3501.5575,100
3039,10:54:46,$ 3501.5525,100
3040,10:54:46,$ 3501.525,100
3041,10:54:46,$ 3502.16,100
3042,10:54:33,$ 3503.355,200
3043,10:54:28,$ 3503.7051,100
3044,10:54:22,$ 3503.7801,100
3045,10:54:10,$ 3504.50,100
3046,10:54:10,$ 3504.63,100
3047,10:54:03,$ 3504.635,100
3048,10:54:03,$ 3504.78,100
3049,10:54:03,$ 3505.00,100
3050,10:54:00,$ 3504.76,100
3051,10:53:53,$ 3504.15,100
3053,10:53:52,$ 3505.9625,100
3054,10:53:16,$ 3506.3201,500
3055,10:53:08,$ 3507.14,100
3056,10:53:05,$ 3507.2099,100
3057,10:52:59,$ 3506.745,500
3058,10:52:41,$ 3505.19,600
3059,10:52:04,$ 3505.18,500
3060,10:52:00,$ 3505.20,245
3061,10:52:00,$ 3504.543,255
3062,10:51:45,$ 3505.5496,100
3063,10:51:45,$ 3505.45,100
3064,10:51:45,$ 3505.40,100
3065,10:51:45,$ 3505.41,100
3066,10:51:32,$ 3504.97,100
3067,10:51:28,$ 3504.46,500
3068,10:51:21,$ 3505.00,100
3069,10:51:01,$ 3503.745,500
3070,10:51:00,$ 3503.65,100
3071,10:50:46,$ 3503.0048,103
3072,10:50:42,$ 3503.19,100
3074,10:49:45,$ 3503.60,100
3075,10:49:45,$ 3504.03,100
3076,10:49:45,$ 3504.4277,100
3077,10:49:45,$ 3504.4277,100
3078,10:49:45,$ 3504.4277,100
3079,10:49:45,$ 3504.30,100
3080,10:49:42,$ 3504.99,100
3081,10:48:48,$ 3503.3205,600
3082,10:48:47,$ 3505.48,200
3083,10:48:41,$ 3504.50,100
3084,10:48:23,$ 3502.5363,100
3085,10:48:07,$ 3501.775,200
3086,10:48:05,$ 3502.25,100
3087,10:47:41,$ 3504.80,100
3088,10:47:41,$ 3504.47,100
3089,10:47:41,$ 3504.02,100
3090,10:47:21,$ 3506.468,100
3091,10:47:21,$ 3506.462,100
3092,10:47:21,$ 3506.416,100
3093,10:47:21,$ 3505.60,100
3095,10:47:20,$ 3506.32,100
3096,10:47:19,$ 3505.915,200
3097,10:47:18,$ 3506.13,500
3098,10:47:16,$ 3505.99,100
3099,10:47:16,$ 3505.56,100
3100,10:47:11,$ 3505.02,100
3101,10:47:11,$ 3505.575,100
3102,10:47:11,$ 3505.61,100
3103,10:47:11,$ 3505.58,100
3104,10:47:11,$ 3505.00,100
3105,10:47:10,$ 3506.08,100
3106,10:47:10,$ 3506.55,100
3107,10:47:07,$ 3506.46,100
3108,10:47:03,$ 3506.43,100
3109,10:47:03,$ 3506.49,100
3110,10:46:57,$ 3506.56,100
3111,10:46:56,$ 3506.58,100
3112,10:46:56,$ 3506.57,100
3113,10:46:56,$ 3506.57,100
3114,10:46:53,$ 3507.00,186
3116,10:46:53,$ 3506.50,100
3117,10:46:48,$ 3505.905,500
3118,10:46:47,$ 3505.20,100
3119,10:46:46,$ 3505.99,200
3120,10:46:46,$ 3505.72,100
3121,10:46:46,$ 3505.73,100
3122,10:46:44,$ 3503.9695,285
3123,10:46:43,$ 3503.2201,400
3124,10:46:42,$ 3503.19,109
3125,10:46:39,$ 3503.00,100
3126,10:46:32,$ 3503.00,100
3127,10:46:20,$ 3502.505,600
3128,10:46:20,$ 3502.51,151
3129,10:46:18,$ 3502.435,700
3130,10:46:18,$ 3502.05,499
3131,10:46:18,$ 3501.97,100
3132,10:46:13,$ 3501.47,600
3133,10:46:05,$ 3501.01,100
3134,10:46:05,$ 3501.01,192
3135,10:46:05,$ 3501.1457,208
3137,10:45:54,$ 3500.15,102
3138,10:45:51,$ 3499.3401,500
3139,10:45:47,$ 3500.58,100
3140,10:45:44,$ 3500.085,500
3141,10:45:30,$ 3499.0701,200
3142,10:45:11,$ 3499.605,100
3143,10:45:11,$ 3499.85,100
3144,10:45:11,$ 3499.67,100
3145,10:45:11,$ 3499.62,100
3146,10:45:07,$ 3500.65,100
3147,10:45:07,$ 3500.16,100
3148,10:45:01,$ 3499.68,100
3149,10:44:59,$ 3500.21,100
3150,10:44:59,$ 3499.40,109
3151,10:44:53,$ 3500.4199,100
3152,10:44:47,$ 3499.78,100
3153,10:44:46,$ 3500.31,500
3154,10:44:40,$ 3500.335,100
3155,10:44:39,$ 3500.155,100
3156,10:44:36,$ 3499.8755,200
3158,10:44:30,$ 3500.02,100
3159,10:44:30,$ 3499.649,143
3160,10:44:19,$ 3500.00,500
3161,10:44:17,$ 3499.112,500
3162,10:44:13,$ 3498.40,100
3163,10:43:48,$ 3499.59,100
3164,10:43:48,$ 3499.44,100
3165,10:43:48,$ 3499.46,101
3166,10:43:40,$ 3496.22,100
3167,10:43:18,$ 3497.21,200
3168,10:42:50,$ 3496.58,100
3169,10:42:50,$ 3496.67,100
3170,10:42:36,$ 3496.2974,180
3171,10:42:17,$ 3497.01,200
3172,10:41:49,$ 3497.00,330
3173,10:41:46,$ 3497.40,100
3174,10:40:56,$ 3496.74,119
3175,10:40:55,$ 3496.127,500
3176,10:40:50,$ 3496.79,125
3177,10:40:50,$ 3496.51,200
3179,10:40:47,$ 3496.70,135
3180,10:40:28,$ 3496.56,100
3181,10:40:28,$ 3496.57,100
3182,10:40:27,$ 3498.00,100
3183,10:40:13,$ 3498.705,500
3184,10:40:01,$ 3498.6713,180
3185,10:39:34,$ 3495.9777,100
3186,10:39:24,$ 3495.0101,100
3187,10:39:23,$ 3495.17,100
3188,10:39:20,$ 3495.0801,150
3189,10:39:17,$ 3496.2087,500
3190,10:39:13,$ 3496.7376,200
3191,10:39:11,$ 3497.1748,100
3192,10:39:07,$ 3497.14,100
3193,10:39:07,$ 3497.14,161
3194,10:39:02,$ 3497.785,200
3195,10:39:02,$ 3498.57,163
3196,10:39:02,$ 3498.57,285
3197,10:39:02,$ 3498.57,100
3198,10:39:02,$ 3498.57,150
3200,10:38:46,$ 3499.06,100
3201,10:38:42,$ 3499.02,100
3202,10:38:39,$ 3498.675,500
3203,10:38:18,$ 3500.425,207
3204,10:38:17,$ 3500.27,100
3205,10:38:16,$ 3500.93,100
3206,10:38:16,$ 3500.949,176
3207,10:38:16,$ 3500.92,100
3208,10:38:15,$ 3500.625,100
3209,10:38:08,$ 3500.88,500
3210,10:38:07,$ 3500.46,100
3211,10:38:07,$ 3500.46,100
3212,10:38:03,$ 3500.73,100
3213,10:38:03,$ 3500.60,100
3214,10:38:03,$ 3500.34,100
3215,10:38:01,$ 3501.05,100
3216,10:37:58,$ 3501.045,200
3217,10:37:58,$ 3501.045,100
3218,10:37:58,$ 3501.10,100
3219,10:37:57,$ 3500.435,200
3221,10:37:57,$ 3500.435,100
3222,10:37:56,$ 3500.435,200
3223,10:37:56,$ 3500.435,100
3224,10:37:55,$ 3499.99,200
3225,10:37:55,$ 3500.98,100
3226,10:37:55,$ 3500.00,100
3227,10:37:55,$ 3500.00,100
3228,10:37:55,$ 3500.00,100
3229,10:37:55,$ 3499.5195,500
3230,10:37:53,$ 3499.83,100
3231,10:37:51,$ 3499.86,100
3232,10:37:51,$ 3499.10,400
3233,10:37:49,$ 3499.475,500
3234,10:37:48,$ 3499.69,100
3235,10:37:48,$ 3499.69,100
3236,10:37:48,$ 3499.69,100
3237,10:37:26,$ 3499.10,200
3238,10:37:18,$ 3499.45,100
3239,10:37:18,$ 3499.45,100
3240,10:37:14,$ 3499.67,100
3242,10:37:13,$ 3499.365,100
3243,10:37:06,$ 3499.435,100
3244,10:36:55,$ 3499.485,100
3245,10:36:44,$ 3498.70,500
3246,10:36:39,$ 3499.91,100
3247,10:36:13,$ 3498.00,100
3248,10:36:12,$ 3497.62,500
3249,10:35:26,$ 3497.925,200
3250,10:35:13,$ 3497.97,100
3251,10:35:08,$ 3498.735,200
3252,10:35:05,$ 3498.55,100
3253,10:35:01,$ 3498.75,100
3254,10:34:55,$ 3499.17,200
3255,10:34:48,$ 3499.40,100
3256,10:34:44,$ 3499.14,100
3257,10:34:39,$ 3498.515,100
3258,10:34:14,$ 3497.72,100
3259,10:34:04,$ 3496.455,200
3260,10:33:20,$ 3497.40,100
3261,10:33:20,$ 3497.32,100
3263,10:33:20,$ 3497.21,100
3264,10:33:20,$ 3497.74,100
3265,10:33:20,$ 3497.42,100
3266,10:33:15,$ 3498.285,500
3267,10:33:08,$ 3498.5941,100
3268,10:33:04,$ 3498.51,100
3269,10:32:58,$ 3497.55,100
3270,10:32:50,$ 3497.835,500
3271,10:32:42,$ 3497.10,100
3272,10:32:39,$ 3497.06,100
3273,10:32:26,$ 3497.7501,100
3274,10:32:16,$ 3498.66,100
3275,10:32:15,$ 3499.323,324
3276,10:31:30,$ 3496.44,100
3277,10:31:16,$ 3496.3795,100
3278,10:31:16,$ 3496.37,100
3279,10:31:16,$ 3495.525,200
3280,10:31:13,$ 3495.48,100
3281,10:31:09,$ 3496.00,100
3282,10:31:05,$ 3495.5879,200
3284,10:30:57,$ 3495.4801,100
3285,10:30:44,$ 3495.895,100
3286,10:30:36,$ 3495.01,100
3287,10:30:30,$ 3494.32,700
3288,10:30:28,$ 3495.6708,300
3289,10:30:23,$ 3495.37,149
3290,10:30:17,$ 3495.4699,200
3291,10:30:10,$ 3495.14,200
3292,10:30:08,$ 3494.9628,200
3294,11:29:44,$ 3503.46,100
3295,11:29:44,$ 3503.61,100
3296,11:29:39,$ 3503.60,100
3297,11:29:27,$ 3502.39,100
3298,11:29:26,$ 3502.35,100
3299,11:29:26,$ 3502.41,100
3300,11:29:25,$ 3501.41,100
3301,11:29:23,$ 3501.8428,100
3302,11:29:16,$ 3502.32,100
3303,11:29:16,$ 3502.42,100
3304,11:28:40,$ 3503.03,100
3305,11:28:21,$ 3503.01,100
3306,11:28:21,$ 3503.13,100
3307,11:28:11,$ 3503.265,100
3308,11:27:47,$ 3502.80,100
3309,11:27:05,$ 3504.02,100
3310,11:26:55,$ 3503.81,100
3311,11:26:55,$ 3503.82,100
3312,11:26:17,$ 3504.0199,100
3313,11:26:08,$ 3503.24,100
3315,11:26:02,$ 3502.88,100
3316,11:25:16,$ 3501.63,100
3317,11:24:32,$ 3501.94,100
3318,11:24:13,$ 3501.63,100
3319,11:24:06,$ 3501.62,100
3320,11:22:56,$ 3502.48,100
3321,11:22:45,$ 3502.995,100
3322,11:22:32,$ 3502.4434,140
3323,11:22:31,$ 3503.635,100
3324,11:22:15,$ 3503.295,100
3325,11:20:51,$ 3503.68,100
3326,11:20:40,$ 3503.77,100
3327,11:20:22,$ 3503.20,100
3328,11:20:07,$ 3504.935,100
3329,11:20:07,$ 3504.895,100
3330,11:20:07,$ 3504.885,100
3331,11:20:01,$ 3505.00,306
3332,11:19:58,$ 3504.915,100
3333,11:19:58,$ 3504.85,100
3334,11:19:58,$ 3504.75,100
3336,11:19:57,$ 3503.785,100
3337,11:19:54,$ 3504.36,100
3338,11:19:54,$ 3504.34,195
3339,11:19:52,$ 3504.665,100
3340,11:19:52,$ 3504.38,210
3341,11:19:48,$ 3504.375,100
3342,11:19:41,$ 3504.925,100
3343,11:19:33,$ 3504.955,100
3344,11:19:33,$ 3504.93,100
3345,11:19:27,$ 3504.20,100
3346,11:19:27,$ 3504.19,100
3347,11:19:27,$ 3504.18,100
3348,11:19:19,$ 3504.545,100
3349,11:19:17,$ 3504.965,100
3350,11:19:17,$ 3504.96,100
3351,11:19:13,$ 3504.20,100
3352,11:19:13,$ 3504.96,100
3353,11:19:09,$ 3503.98,100
3354,11:19:04,$ 3503.90,100
3355,11:19:04,$ 3503.80,100
3357,11:19:03,$ 3503.36,100
3358,11:19:03,$ 3503.36,100
3359,11:18:53,$ 3503.16,100
3360,11:18:52,$ 3503.14,162
3361,11:18:35,$ 3501.825,100
3362,11:18:30,$ 3501.79,100
3363,11:18:27,$ 3501.755,100
3364,11:17:53,$ 3501.56,100
3365,11:17:52,$ 3501.07,100
3366,11:17:52,$ 3501.07,100
3367,11:17:44,$ 3501.41,450
3368,11:17:44,$ 3501.15,126
3369,11:17:18,$ 3501.7499,"1,000"
3370,11:17:17,$ 3501.995,100
3371,11:17:15,$ 3503.9999,100
3372,11:17:00,$ 3502.195,100
3373,11:16:51,$ 3502.555,100
3374,11:16:51,$ 3502.53,100
3375,11:16:43,$ 3502.77,400
3376,11:16:35,$ 3502.80,100
3378,11:16:25,$ 3502.3147,500
3379,11:16:24,$ 3502.015,100
3380,11:15:42,$ 3500.22,100
3381,11:15:31,$ 3501.67,500
3382,11:15:29,$ 3501.36,280
3383,11:15:23,$ 3501.72,100
3384,11:15:22,$ 3501.715,111
3385,11:15:18,$ 3501.855,100
3386,11:15:12,$ 3501.97,100
3387,11:15:12,$ 3501.515,100
3388,11:15:10,$ 3501.39,500
3389,11:15:09,$ 3500.60,173
3390,11:15:07,$ 3500.5031,100
3391,11:15:03,$ 3500.09,380
3392,11:15:02,$ 3500.5109,100
3393,11:14:59,$ 3499.80,100
3394,11:14:58,$ 3500.305,100
3395,11:14:58,$ 3500.3275,100
3396,11:14:58,$ 3500.49,100
3397,11:14:57,$ 3500.23,169
3399,11:14:52,$ 3500.01,100
3400,11:14:47,$ 3500.16,100
3401,11:14:47,$ 3500.00,100
3402,11:14:47,$ 3500.02,100
3403,11:14:47,$ 3500.00,100
3404,11:14:46,$ 3499.22,108
3405,11:14:39,$ 3499.80,100
3406,11:14:39,$ 3499.22,100
3407,11:14:37,$ 3499.22,100
3408,11:14:37,$ 3498.42,175
3409,11:14:01,$ 3499.22,109
3410,11:14:01,$ 3499.22,109
3411,11:13:51,$ 3499.22,100
3412,11:13:28,$ 3498.58,100
3413,11:12:58,$ 3499.31,108
3414,11:12:57,$ 3498.89,100
3415,11:12:54,$ 3499.39,120
3416,11:12:44,$ 3498.195,100
3417,11:12:08,$ 3498.81,100
3418,11:12:08,$ 3498.81,100
3420,11:12:08,$ 3498.96,100
3421,11:12:08,$ 3498.96,100
3422,11:12:08,$ 3498.9601,100
3423,11:12:08,$ 3499.14,100
3424,11:11:51,$ 3498.94,100
3425,11:11:40,$ 3498.76,500
3426,11:11:39,$ 3498.755,100
3427,11:11:27,$ 3498.745,100
3428,11:11:21,$ 3497.957,324
3429,11:11:09,$ 3496.835,100
3430,11:10:50,$ 3496.555,500
3431,11:10:47,$ 3496.58,100
3432,11:10:44,$ 3496.37,100
3433,11:10:34,$ 3496.48,100
3434,11:10:30,$ 3496.0946,100
3435,11:10:28,$ 3495.62,100
3436,11:10:23,$ 3495.905,100
3437,11:10:22,$ 3494.91,100
3438,11:10:22,$ 3495.08,100
3439,11:10:22,$ 3495.12,100
3441,11:10:22,$ 3495.13,100
3442,11:10:11,$ 3494.84,200
3443,11:10:11,$ 3494.94,100
3444,11:09:54,$ 3496.23,100
3445,11:09:21,$ 3495.77,100
3446,11:09:12,$ 3496.50,218
3447,11:09:08,$ 3496.74,100
3448,11:09:06,$ 3496.1557,100
3449,11:08:57,$ 3496.0299,200
3450,11:08:38,$ 3495.00,100
3451,11:08:32,$ 3495.52,100
3452,11:08:25,$ 3495.74,100
3453,11:08:12,$ 3495.4001,500
3454,11:08:12,$ 3496.30,100
3455,11:08:11,$ 3496.62,100
3456,11:08:11,$ 3496.62,100
3457,11:08:11,$ 3496.61,100
3458,11:06:55,$ 3496.875,100
3459,11:06:47,$ 3496.28,100
3460,11:06:34,$ 3496.29,200
3462,11:06:34,$ 3496.07,100
3463,11:06:34,$ 3495.97,155
3464,11:06:34,$ 3496.13,100
3465,11:06:22,$ 3497.0925,100
3466,11:05:54,$ 3497.8337,500
3467,11:05:51,$ 3496.82,100
3468,11:05:48,$ 3497.21,100
3469,11:05:46,$ 3496.21,100
3470,11:05:44,$ 3496.00,100
3471,11:05:44,$ 3496.59,100
3472,11:05:26,$ 3496.63,100
3473,11:05:26,$ 3496.695,100
3474,11:05:19,$ 3497.135,500
3475,11:05:07,$ 3498.03,102
3476,11:05:00,$ 3498.89,100
3477,11:04:36,$ 3499.56,100
3478,11:04:17,$ 3499.2691,705
3479,11:04:17,$ 3499.67,100
3480,11:04:17,$ 3499.67,100
3481,11:04:07,$ 3500.11,100
3483,11:04:07,$ 3500.21,100
3484,11:04:07,$ 3500.20,100
3485,11:04:07,$ 3500.05,100
3486,11:04:07,$ 3500.00,100
3487,11:04:07,$ 3500.00,100
3488,11:04:07,$ 3500.12,100
3489,11:04:06,$ 3500.81,100
3490,11:04:06,$ 3500.00,100
3491,11:04:06,$ 3500.035,100
3492,11:04:06,$ 3500.00,100
3493,11:04:06,$ 3500.00,100
3494,11:04:06,$ 3500.00,100
3495,11:04:06,$ 3500.00,100
3496,11:04:06,$ 3500.93,100
3497,11:04:06,$ 3500.80,100
3498,11:04:06,$ 3500.81,100
3499,11:04:06,$ 3500.91,100
3500,11:04:06,$ 3500.80,100
3501,11:04:06,$ 3500.015,100
3502,11:04:06,$ 3500.82,100
3504,11:04:04,$ 3500.8001,100
3505,11:03:27,$ 3498.99,100
3506,11:03:25,$ 3498.88,100
3507,11:03:04,$ 3498.82,100
3508,11:02:55,$ 3499.39,100
3509,11:02:40,$ 3500.215,100
3510,11:02:27,$ 3499.53,147
3511,11:02:25,$ 3500.17,207
3512,11:02:25,$ 3499.58,154
3513,11:02:25,$ 3499.7924,154
3514,11:02:18,$ 3500.12,100
3515,11:02:16,$ 3500.42,100
3516,11:02:15,$ 3500.775,100
3517,11:02:15,$ 3501.20,100
3518,11:02:14,$ 3501.53,100
3519,11:02:11,$ 3501.82,100
3520,11:01:56,$ 3500.945,100
3521,11:01:44,$ 3501.9899,100
3522,11:01:42,$ 3500.615,500
3523,11:01:36,$ 3500.485,100
3525,11:01:33,$ 3500.41,100
3526,11:01:15,$ 3499.0038,100
3527,11:01:07,$ 3498.85,200
3528,11:01:01,$ 3499.00,100
3529,11:00:59,$ 3499.60,100
3530,11:00:57,$ 3499.69,117
3531,11:00:52,$ 3499.86,100
3532,11:00:52,$ 3499.85,104
3533,11:00:30,$ 3500.60,100
3534,11:00:25,$ 3500.60,100
3535,11:00:25,$ 3500.80,100
3536,11:00:25,$ 3499.805,100
3537,11:00:25,$ 3499.95,100
3538,11:00:24,$ 3499.68,100
3539,11:00:24,$ 3499.68,100
3540,11:00:23,$ 3499.505,100
3541,11:00:20,$ 3499.0563,100
3542,11:00:20,$ 3499.26,100
3543,11:00:19,$ 3500.00,100
3544,11:00:18,$ 3500.63,100
3546,11:00:13,$ 3500.69,100
3547,11:00:02,$ 3501.43,100
3549,11:59:50,$ 3494.09,100
3550,11:59:41,$ 3494.77,100
3551,11:58:53,$ 3495.055,610
3552,11:58:39,$ 3495.06,100
3553,11:57:49,$ 3495.1466,300
3554,11:57:47,$ 3494.86,100
3555,11:57:47,$ 3494.86,100
3556,11:57:43,$ 3494.81,100
3557,11:57:24,$ 3495.0994,100
3558,11:57:05,$ 3495.5006,100
3559,11:56:50,$ 3495.31,100
3560,11:56:48,$ 3495.71,100
3561,11:56:36,$ 3495.01,100
3562,11:56:16,$ 3496.20,260
3563,11:56:10,$ 3495.93,100
3564,11:56:09,$ 3495.79,100
3565,11:56:09,$ 3495.79,100
3566,11:56:09,$ 3495.65,100
3567,11:55:32,$ 3496.50,196
3568,11:55:27,$ 3495.84,100
3570,11:55:27,$ 3495.80,100
3571,11:55:27,$ 3495.67,100
3572,11:55:19,$ 3495.00,100
3573,11:55:18,$ 3494.76,100
3574,11:55:09,$ 3494.23,100
3575,11:55:07,$ 3494.46,100
3576,11:55:07,$ 3494.15,100
3577,11:55:07,$ 3494.21,100
3578,11:55:05,$ 3494.13,100
3579,11:55:05,$ 3494.14,100
3580,11:55:04,$ 3494.08,100
3581,11:55:03,$ 3494.1499,100
3582,11:55:00,$ 3494.14,100
3583,11:54:52,$ 3493.505,300
3584,11:54:34,$ 3493.44,100
3585,11:54:00,$ 3493.25,242
3586,11:54:00,$ 3493.25,175
3587,11:54:00,$ 3493.25,516
3588,11:54:00,$ 3493.42,100
3589,11:53:29,$ 3493.63,100
3591,11:53:25,$ 3493.51,100
3592,11:53:25,$ 3493.46,100
3593,11:53:18,$ 3493.14,100
3594,11:52:57,$ 3493.06,100
3595,11:52:54,$ 3493.8425,100
3596,11:52:54,$ 3493.865,100
3597,11:52:54,$ 3493.25,100
3598,11:52:54,$ 3493.2501,100
3599,11:52:05,$ 3493.205,100
3600,11:52:02,$ 3493.07,100
3601,11:51:56,$ 3492.91,100
3602,11:51:44,$ 3492.71,100
3603,11:51:17,$ 3492.245,500
3604,11:51:02,$ 3492.00,800
3605,11:50:59,$ 3492.9504,100
3606,11:50:43,$ 3492.92,100
3607,11:50:29,$ 3493.04,100
3608,11:50:26,$ 3493.14,100
3609,11:50:25,$ 3493.14,100
3610,11:49:39,$ 3493.00,108
3612,11:49:39,$ 3493.00,199
3613,11:49:30,$ 3492.855,100
3614,11:49:14,$ 3493.1221,500
3615,11:49:04,$ 3492.82,500
3616,11:49:02,$ 3492.82,100
3617,11:49:02,$ 3493.38,100
3618,11:48:12,$ 3493.82,100
3619,11:48:12,$ 3493.52,100
3620,11:48:12,$ 3494.01,100
3621,11:48:12,$ 3494.00,100
3622,11:47:44,$ 3493.80,100
3623,11:47:38,$ 3494.3699,150
3624,11:47:17,$ 3494.64,100
3625,11:47:15,$ 3493.80,100
3626,11:47:15,$ 3493.62,100
3627,11:47:15,$ 3494.00,100
3628,11:46:59,$ 3492.84,100
3629,11:46:59,$ 3492.89,100
3630,11:46:54,$ 3491.95,100
3631,11:46:54,$ 3492.01,100
3633,11:46:51,$ 3492.08,100
3634,11:46:41,$ 3492.63,100
3635,11:46:39,$ 3492.57,100
3636,11:46:38,$ 3492.6199,100
3637,11:46:32,$ 3492.42,100
3638,11:46:28,$ 3491.00,100
3639,11:46:28,$ 3491.7673,100
3640,11:46:28,$ 3491.01,100
3641,11:46:28,$ 3491.01,100
3642,11:46:24,$ 3491.01,100
3643,11:46:23,$ 3491.10,100
3644,11:46:23,$ 3491.80,100
3645,11:46:22,$ 3492.46,200
3646,11:46:22,$ 3492.46,100
3647,11:46:22,$ 3492.46,100
3648,11:46:22,$ 3492.41,100
3649,11:46:22,$ 3492.44,100
3650,11:46:21,$ 3491.735,100
3651,11:46:21,$ 3491.02,100
3652,11:46:21,$ 3492.15,100
3654,11:46:21,$ 3491.05,100
3655,11:46:19,$ 3491.72,100
3656,11:46:19,$ 3491.72,100
3657,11:46:19,$ 3491.18,100
3658,11:46:19,$ 3491.13,100
3659,11:46:19,$ 3491.10,100
3660,11:46:19,$ 3491.72,190
3661,11:46:18,$ 3491.53,100
3662,11:46:18,$ 3492.32,100
3663,11:46:18,$ 3492.28,170
3664,11:46:18,$ 3492.2635,268
3665,11:46:18,$ 3492.2635,553
3666,11:46:17,$ 3492.60,100
3667,11:46:17,$ 3492.60,100
3668,11:46:17,$ 3492.35,100
3669,11:46:17,$ 3492.61,100
3670,11:46:17,$ 3492.80,100
3671,11:46:17,$ 3492.81,100
3672,11:46:17,$ 3493.01,300
3673,11:46:17,$ 3493.021,200
3675,11:46:16,$ 3494.00,100
3676,11:46:15,$ 3493.89,100
3677,11:46:13,$ 3493.99,100
3678,11:46:07,$ 3494.205,100
3679,11:46:04,$ 3494.77,135
3680,11:45:54,$ 3495.14,100
3681,11:45:33,$ 3496.11,100
3682,11:45:33,$ 3496.00,214
3683,11:45:21,$ 3497.00,100
3684,11:45:21,$ 3496.39,100
3685,11:45:06,$ 3497.13,100
3686,11:44:56,$ 3497.68,100
3687,11:44:26,$ 3496.85,106
3688,11:43:39,$ 3496.36,100
3689,11:43:31,$ 3496.6063,100
3690,11:42:46,$ 3497.495,100
3691,11:42:28,$ 3497.605,100
3692,11:42:20,$ 3497.73,100
3693,11:42:08,$ 3498.00,100
3694,11:41:59,$ 3497.64,100
3696,11:41:57,$ 3497.145,100
3697,11:41:57,$ 3497.60,100
3698,11:41:57,$ 3497.61,100
3699,11:41:46,$ 3498.00,100
3700,11:41:25,$ 3497.45,100
3701,11:41:11,$ 3497.70,100
3702,11:41:01,$ 3497.90,100
3703,11:40:46,$ 3497.1153,100
3704,11:40:45,$ 3497.00,100
3705,11:40:43,$ 3496.575,500
3706,11:40:31,$ 3496.58,100
3707,11:40:31,$ 3496.56,100
3708,11:40:31,$ 3495.88,100
3709,11:40:31,$ 3495.88,100
3710,11:40:31,$ 3495.88,100
3711,11:40:27,$ 3495.23,100
3712,11:40:26,$ 3495.6826,115
3713,11:40:24,$ 3494.93,100
3714,11:40:20,$ 3495.19,100
3715,11:40:12,$ 3495.635,100
3717,11:39:58,$ 3495.97,100
3718,11:39:58,$ 3496.01,100
3719,11:39:58,$ 3495.95,100
3720,11:39:58,$ 3495.97,100
3721,11:39:58,$ 3495.58,100
3722,11:39:58,$ 3496.025,232
3723,11:39:53,$ 3496.40,100
3724,11:39:46,$ 3496.035,500
3725,11:39:44,$ 3496.33,100
3726,11:39:44,$ 3496.37,100
3727,11:39:35,$ 3496.15,100
3728,11:39:29,$ 3496.11,100
3729,11:39:25,$ 3496.4826,151
3730,11:39:25,$ 3496.483,249
3731,11:39:20,$ 3496.59,100
3732,11:39:18,$ 3497.16,100
3733,11:39:10,$ 3496.02,100
3734,11:39:06,$ 3496.25,100
3735,11:39:06,$ 3496.73,100
3736,11:39:04,$ 3498.01,154
3738,11:38:48,$ 3499.065,100
3739,11:38:47,$ 3499.98,100
3740,11:38:45,$ 3499.1491,100
3741,11:38:23,$ 3498.9745,100
3742,11:38:20,$ 3498.5887,100
3743,11:38:20,$ 3498.88,100
3744,11:38:19,$ 3499.1695,200
3745,11:38:06,$ 3499.985,100
3746,11:38:06,$ 3499.02,100
3747,11:38:06,$ 3499.04,100
3748,11:38:06,$ 3499.44,100
3749,11:38:06,$ 3500.08,100
3750,11:38:06,$ 3500.08,100
3751,11:38:06,$ 3500.10,100
3752,11:38:06,$ 3500.16,100
3753,11:38:06,$ 3500.08,100
3754,11:38:06,$ 3500.08,100
3755,11:38:06,$ 3500.08,100
3756,11:38:06,$ 3500.09,100
3757,11:38:06,$ 3500.09,100
3759,11:38:06,$ 3500.08,100
3760,11:38:06,$ 3500.12,100
3761,11:38:03,$ 3501.06,100
3762,11:38:00,$ 3501.33,100
3763,11:38:00,$ 3501.04,185
3764,11:37:21,$ 3501.77,100
3765,11:37:12,$ 3502.04,100
3766,11:37:07,$ 3501.945,100
3767,11:36:56,$ 3501.945,100
3768,11:36:32,$ 3501.44,100
3769,11:36:32,$ 3501.895,100
3770,11:36:21,$ 3502.1161,100
3771,11:36:17,$ 3501.685,100
3772,11:36:09,$ 3501.7158,200
3773,11:36:08,$ 3500.86,100
3774,11:36:08,$ 3501.545,100
3775,11:36:05,$ 3501.37,100
3776,11:36:00,$ 3500.6886,120
3777,11:35:28,$ 3501.2038,100
3778,11:35:24,$ 3500.3001,200
3780,11:35:16,$ 3500.37,100
3781,11:35:16,$ 3500.37,100
3782,11:35:16,$ 3500.00,100
3783,11:35:13,$ 3499.50,100
3784,11:34:59,$ 3499.55,100
3785,11:34:29,$ 3499.95,100
3786,11:34:13,$ 3500.6501,130
3787,11:34:12,$ 3500.78,100
3788,11:34:11,$ 3500.81,100
3789,11:34:11,$ 3500.89,100
3790,11:34:11,$ 3501.32,100
3791,11:33:58,$ 3501.28,300
3792,11:33:49,$ 3502.095,100
3793,11:33:04,$ 3503.11,100
3794,11:33:04,$ 3503.11,100
3795,11:32:53,$ 3503.27,100
3796,11:32:43,$ 3504.25,100
3797,11:32:40,$ 3505.02,300
3798,11:32:39,$ 3504.54,200
3799,11:32:37,$ 3505.30,100
3801,11:32:34,$ 3505.36,100
3802,11:32:23,$ 3505.08,100
3803,11:32:12,$ 3505.00,100
3804,11:32:12,$ 3505.00,264
3805,11:32:12,$ 3504.84,100
3806,11:32:12,$ 3504.43,100
3807,11:32:09,$ 3504.20,100
3808,11:31:36,$ 3503.63,100
3810,12:29:40,$ 3493.3184,500
3811,12:29:34,$ 3492.00,100
3812,12:29:29,$ 3492.67,100
3813,12:28:42,$ 3491.17,100
3814,12:27:58,$ 3491.86,100
3815,12:27:35,$ 3491.6168,100
3816,12:27:01,$ 3491.17,100
3817,12:26:01,$ 3491.71,100
3818,12:26:01,$ 3491.71,107
3819,12:25:38,$ 3491.735,"1,000"
3820,12:25:24,$ 3491.73,160
3821,12:24:55,$ 3490.71,100
3822,12:23:27,$ 3490.7199,100
3823,12:23:04,$ 3490.7267,175
3824,12:22:02,$ 3491.98,100
3825,12:21:52,$ 3492.18,100
3826,12:21:52,$ 3491.93,297
3827,12:21:52,$ 3491.93,100
3828,12:21:31,$ 3491.91,100
3829,12:21:21,$ 3490.90,100
3831,12:21:21,$ 3491.00,100
3832,12:21:21,$ 3491.00,100
3833,12:21:21,$ 3490.58,100
3834,12:21:21,$ 3490.98,100
3835,12:21:21,$ 3490.58,109
3836,12:21:21,$ 3490.58,100
3837,12:21:19,$ 3490.00,100
3838,12:20:54,$ 3490.80,100
3839,12:20:38,$ 3491.07,100
3840,12:20:30,$ 3490.455,100
3841,12:20:25,$ 3491.59,100
3842,12:20:23,$ 3490.545,100
3843,12:20:14,$ 3490.60,100
3844,12:20:09,$ 3491.2263,400
3845,12:20:06,$ 3491.8999,100
3846,12:19:59,$ 3490.1591,100
3847,12:19:58,$ 3490.705,100
3848,12:19:53,$ 3489.922,140
3849,12:19:49,$ 3490.03,100
3850,12:19:48,$ 3490.70,100
3852,12:19:38,$ 3490.17,200
3853,12:19:37,$ 3490.00,100
3854,12:18:43,$ 3491.46,100
3855,12:18:41,$ 3491.40,100
3856,12:18:29,$ 3491.46,100
3857,12:18:15,$ 3491.90,100
3858,12:18:15,$ 3492.4601,100
3859,12:18:10,$ 3491.395,100
3860,12:17:56,$ 3493.28,100
3861,12:17:49,$ 3494.33,100
3862,12:17:23,$ 3495.2899,256
3863,12:16:14,$ 3495.06,130
3864,12:15:55,$ 3495.55,100
3865,12:15:34,$ 3495.25,400
3866,12:15:33,$ 3495.00,266
3867,12:15:06,$ 3494.59,200
3868,12:15:02,$ 3494.91,100
3869,12:14:50,$ 3495.56,100
