,NLS Time (ET),NLS Price,NLS Share Volume
1,09:59:59,$ 3348.455,100
2,09:59:59,$ 3348.55,100
3,09:59:59,$ 3348.455,100
4,09:59:59,$ 3348.455,100
5,09:59:57,$ 3348.48,200
6,09:59:57,$ 3348.01,100
7,09:59:57,$ 3348.22,100
8,09:59:57,$ 3348.22,100
9,09:59:57,$ 3348.66,100
10,09:59:57,$ 3349.14,100
11,09:59:57,$ 3349.48,100
12,09:59:57,$ 3349.52,100
13,09:59:57,$ 3349.52,136
14,09:59:52,$ 3347.5199,100
15,09:59:51,$ 3347.50,100
16,09:59:51,$ 3347.60,100
17,09:59:51,$ 3347.60,709
18,09:59:46,$ 3347.49,100
19,09:59:46,$ 3347.49,100
20,09:59:46,$ 3347.49,100
22,09:59:46,$ 3347.49,200
23,09:59:46,$ 3347.49,200
24,09:59:46,$ 3347.49,100
25,09:59:46,$ 3347.49,117
26,09:59:42,$ 3347.775,100
27,09:59:42,$ 3348.0057,200
28,09:59:38,$ 3348.19,100
29,09:59:33,$ 3347.835,100
30,09:59:33,$ 3348.52,100
31,09:59:33,$ 3348.77,100
32,09:59:33,$ 3348.87,100
33,09:59:33,$ 3348.88,100
34,09:59:33,$ 3348.91,100
35,09:59:33,$ 3349.14,100
36,09:59:33,$ 3349.28,100
37,09:59:33,$ 3349.32,100
38,09:59:33,$ 3349.32,200
39,09:59:33,$ 3349.32,369
40,09:59:33,$ 3347.82,100
41,09:59:29,$ 3348.15,500
43,09:59:26,$ 3350.1279,118
44,09:59:26,$ 3350.4469,150
45,09:59:25,$ 3349.0001,250
46,09:59:25,$ 3349.87,100
47,09:59:25,$ 3349.87,100
48,09:59:25,$ 3349.87,461
49,09:59:25,$ 3349.76,100
50,09:59:25,$ 3349.87,100
51,09:59:25,$ 3349.87,100
52,09:59:25,$ 3349.87,100
53,09:59:23,$ 3348.484,100
54,09:59:21,$ 3349.60,162
55,09:59:21,$ 3348.85,100
56,09:59:21,$ 3347.79,100
57,09:59:21,$ 3347.80,100
58,09:59:21,$ 3347.782,100
59,09:59:21,$ 3347.799,122
60,09:59:17,$ 3346.2442,100
61,09:59:16,$ 3346.93,100
62,09:59:16,$ 3346.56,100
64,09:59:16,$ 3346.965,100
65,09:59:16,$ 3347.42,100
66,09:59:16,$ 3347.87,100
67,09:59:16,$ 3347.90,100
68,09:59:16,$ 3347.92,100
69,09:59:16,$ 3347.92,100
70,09:59:16,$ 3347.92,521
71,09:59:16,$ 3347.92,200
72,09:59:16,$ 3346.78,100
73,09:59:16,$ 3346.47,100
74,09:59:16,$ 3346.56,100
75,09:59:15,$ 3346.05,100
76,09:59:15,$ 3346.19,100
77,09:59:12,$ 3347.7438,250
78,09:59:11,$ 3345.84,150
79,09:59:09,$ 3347.16,100
80,09:59:09,$ 3347.20,100
81,09:59:09,$ 3347.49,100
82,09:59:09,$ 3347.50,100
83,09:59:09,$ 3347.51,185
85,09:59:09,$ 3347.52,100
86,09:59:09,$ 3347.52,298
87,09:59:04,$ 3347.4331,100
88,09:59:03,$ 3346.09,100
89,09:59:03,$ 3346.17,100
90,09:59:03,$ 3346.33,100
91,09:59:03,$ 3346.36,100
92,09:59:03,$ 3346.36,100
93,09:59:03,$ 3346.36,266
94,09:59:02,$ 3345.09,100
95,09:58:59,$ 3347.38,100
96,09:58:56,$ 3348.27,100
97,09:58:56,$ 3348.41,100
98,09:58:56,$ 3348.64,100
99,09:58:56,$ 3348.69,200
100,09:58:56,$ 3348.69,100
101,09:58:56,$ 3348.69,142
102,09:58:52,$ 3348.2873,300
103,09:58:52,$ 3348.005,200
104,09:58:51,$ 3348.015,100
106,09:58:48,$ 3348.00,888
107,09:58:48,$ 3348.00,304
108,09:58:48,$ 3347.49,100
109,09:58:48,$ 3347.14,100
110,09:58:48,$ 3347.12,100
111,09:58:48,$ 3347.50,100
112,09:58:48,$ 3348.00,100
113,09:58:48,$ 3347.00,100
114,09:58:48,$ 3347.00,200
115,09:58:42,$ 3346.99,100
116,09:58:42,$ 3345.80,100
117,09:58:42,$ 3347.00,119
118,09:58:42,$ 3346.12,100
119,09:58:42,$ 3346.74,100
120,09:58:42,$ 3346.74,100
121,09:58:42,$ 3346.94,100
122,09:58:42,$ 3347.00,100
123,09:58:42,$ 3347.00,100
124,09:58:38,$ 3346.8062,500
125,09:58:37,$ 3345.96,116
127,09:58:37,$ 3346.00,218
128,09:58:37,$ 3346.00,282
129,09:58:37,$ 3346.39,100
130,09:58:37,$ 3346.61,100
131,09:58:37,$ 3345.49,100
132,09:58:31,$ 3345.37,100
133,09:58:31,$ 3345.42,100
134,09:58:31,$ 3345.55,100
135,09:58:27,$ 3344.825,143
136,09:58:21,$ 3344.05,100
137,09:58:20,$ 3344.00,100
138,09:58:20,$ 3344.00,100
139,09:58:16,$ 3344.9295,500
140,09:58:14,$ 3346.20,100
141,09:58:14,$ 3346.20,100
142,09:58:14,$ 3346.20,260
143,09:58:13,$ 3346.175,450
144,09:58:01,$ 3345.00,400
145,09:58:01,$ 3345.95,100
146,09:58:00,$ 3345.615,100
148,09:57:59,$ 3346.50,200
149,09:57:58,$ 3346.35,380
150,09:57:57,$ 3345.405,163
151,09:57:57,$ 3345.50,100
152,09:57:57,$ 3345.00,100
153,09:57:52,$ 3343.17,100
154,09:57:52,$ 3343.19,100
155,09:57:52,$ 3343.20,199
156,09:57:52,$ 3342.9399,100
157,09:57:48,$ 3343.717,100
158,09:57:48,$ 3343.715,200
159,09:57:41,$ 3343.055,100
160,09:57:40,$ 3343.05,100
161,09:57:29,$ 3343.085,100
162,09:57:19,$ 3343.835,100
163,09:57:19,$ 3343.795,100
164,09:57:19,$ 3343.78,100
165,09:57:17,$ 3343.21,100
166,09:57:17,$ 3342.324,100
167,09:57:17,$ 3342.324,100
169,09:57:17,$ 3343.26,100
170,09:57:16,$ 3342.535,100
171,09:57:14,$ 3342.185,500
172,09:57:10,$ 3343.6265,150
173,09:57:08,$ 3343.08,100
174,09:57:02,$ 3341.90,100
175,09:57:02,$ 3342.33,100
176,09:57:00,$ 3342.33,500
177,09:57:00,$ 3343.608,146
178,09:57:00,$ 3343.75,100
179,09:57:00,$ 3343.75,100
180,09:57:00,$ 3343.60,500
181,09:57:00,$ 3343.34,100
182,09:56:59,$ 3343.33,224
183,09:56:59,$ 3343.33,398
184,09:56:59,$ 3343.33,299
185,09:56:59,$ 3343.58,100
186,09:56:59,$ 3343.33,100
187,09:56:59,$ 3343.329,105
188,09:56:59,$ 3342.60,300
190,09:56:59,$ 3343.00,100
191,09:56:59,$ 3342.92,100
192,09:56:59,$ 3342.96,100
193,09:56:59,$ 3343.01,100
194,09:56:59,$ 3343.02,100
195,09:56:58,$ 3342.61,100
196,09:56:54,$ 3342.32,100
197,09:56:54,$ 3342.32,100
198,09:56:54,$ 3342.47,100
199,09:56:52,$ 3342.00,"1,000"
200,09:56:52,$ 3342.00,200
201,09:56:52,$ 3342.00,100
202,09:56:52,$ 3342.00,100
203,09:56:51,$ 3341.265,100
204,09:56:49,$ 3341.60,164
205,09:56:41,$ 3339.92,100
206,09:56:38,$ 3340.52,145
207,09:56:27,$ 3341.00,100
208,09:56:18,$ 3339.805,100
209,09:56:15,$ 3340.20,100
211,09:56:11,$ 3337.87,100
212,09:56:10,$ 3337.43,200
213,09:56:04,$ 3336.00,100
214,09:56:02,$ 3336.1599,100
215,09:56:00,$ 3336.19,100
216,09:55:56,$ 3336.75,100
217,09:55:48,$ 3336.97,100
218,09:55:44,$ 3336.655,100
219,09:55:44,$ 3336.99,300
220,09:55:38,$ 3336.80,100
221,09:55:33,$ 3336.905,150
222,09:55:25,$ 3337.28,100
223,09:55:25,$ 3337.28,100
224,09:55:25,$ 3337.28,100
225,09:55:18,$ 3337.69,100
226,09:55:18,$ 3337.69,100
227,09:55:18,$ 3338.14,100
228,09:55:17,$ 3337.69,100
229,09:55:17,$ 3338.20,100
230,09:55:13,$ 3338.935,200
232,09:55:12,$ 3339.6455,500
233,09:55:11,$ 3338.69,100
234,09:55:07,$ 3338.57,100
235,09:55:07,$ 3338.57,100
236,09:55:07,$ 3338.57,100
237,09:55:04,$ 3338.90,180
238,09:55:04,$ 3338.86,100
239,09:55:04,$ 3338.86,100
240,09:55:04,$ 3339.00,100
241,09:55:04,$ 3338.95,100
242,09:55:02,$ 3339.575,100
243,09:55:02,$ 3339.575,100
244,09:54:54,$ 3341.33,100
245,09:54:53,$ 3340.99,100
246,09:54:52,$ 3340.66,100
247,09:54:50,$ 3340.905,100
248,09:54:42,$ 3341.01,100
249,09:54:38,$ 3341.1313,200
250,09:54:25,$ 3338.99,100
251,09:54:25,$ 3339.04,100
253,09:54:23,$ 3339.995,200
254,09:54:22,$ 3340.495,100
255,09:54:19,$ 3341.21,100
256,09:54:18,$ 3340.02,190
257,09:54:16,$ 3338.93,100
258,09:54:06,$ 3338.16,100
259,09:54:06,$ 3338.16,100
260,09:54:06,$ 3338.52,100
261,09:54:06,$ 3338.53,100
262,09:54:06,$ 3338.57,100
263,09:54:04,$ 3338.495,221
264,09:54:02,$ 3338.51,100
265,09:54:02,$ 3338.57,100
266,09:53:53,$ 3339.48,100
267,09:53:51,$ 3339.53,100
268,09:53:45,$ 3340.3199,100
269,09:53:43,$ 3339.85,100
270,09:53:40,$ 3339.475,100
271,09:53:28,$ 3339.665,100
272,09:53:06,$ 3338.33,100
274,09:53:02,$ 3337.85,100
275,09:52:56,$ 3338.00,962
276,09:52:56,$ 3338.00,100
277,09:52:43,$ 3339.77,300
278,09:52:41,$ 3339.03,100
279,09:52:38,$ 3340.43,100
280,09:52:38,$ 3339.66,100
281,09:52:38,$ 3339.65,100
282,09:52:34,$ 3340.54,100
283,09:52:33,$ 3339.925,200
284,09:52:29,$ 3340.28,100
285,09:52:29,$ 3341.37,100
286,09:52:26,$ 3340.69,100
287,09:52:21,$ 3339.34,100
288,09:52:19,$ 3339.13,100
289,09:52:09,$ 3338.16,100
290,09:52:04,$ 3338.82,100
291,09:51:56,$ 3336.52,100
292,09:51:45,$ 3337.34,100
293,09:51:38,$ 3335.1546,200
295,09:51:37,$ 3336.36,100
296,09:51:37,$ 3335.75,500
297,09:51:36,$ 3336.02,100
298,09:51:29,$ 3338.27,100
299,09:51:25,$ 3337.721,100
300,09:51:24,$ 3337.65,100
301,09:51:23,$ 3337.27,100
302,09:51:22,$ 3337.70,300
303,09:51:22,$ 3337.70,100
304,09:51:22,$ 3337.692,100
305,09:51:22,$ 3337.69,100
306,09:51:13,$ 3336.58,100
307,09:51:09,$ 3337.0401,119
308,09:51:07,$ 3336.845,100
309,09:51:07,$ 3336.845,100
310,09:51:07,$ 3338.0623,266
311,09:51:07,$ 3337.50,100
312,09:51:07,$ 3337.50,100
313,09:51:06,$ 3336.9042,500
314,09:51:06,$ 3337.14,100
316,09:51:06,$ 3337.36,100
317,09:51:05,$ 3336.99,100
318,09:50:59,$ 3335.61,100
319,09:50:59,$ 3335.61,100
320,09:50:56,$ 3336.45,100
321,09:50:54,$ 3335.686,100
322,09:50:54,$ 3335.628,100
323,09:50:54,$ 3335.72,100
324,09:50:44,$ 3335.81,100
325,09:50:42,$ 3336.45,100
326,09:50:34,$ 3335.52,100
327,09:50:34,$ 3335.00,192
328,09:50:33,$ 3336.01,200
329,09:50:20,$ 3338.40,100
330,09:50:19,$ 3337.65,100
331,09:50:15,$ 3336.55,200
332,09:50:15,$ 3336.74,100
333,09:50:04,$ 3337.76,100
334,09:50:02,$ 3337.39,100
335,09:49:58,$ 3337.00,100
337,09:49:57,$ 3337.17,100
338,09:49:55,$ 3339.02,100
339,09:49:55,$ 3339.00,148
340,09:49:55,$ 3339.00,100
341,09:49:53,$ 3339.855,100
342,09:49:41,$ 3340.98,100
343,09:49:32,$ 3340.79,100
344,09:49:12,$ 3340.10,100
345,09:49:10,$ 3340.00,399
346,09:49:09,$ 3340.00,100
347,09:49:09,$ 3340.1647,600
348,09:49:01,$ 3341.36,100
349,09:49:01,$ 3340.83,100
350,09:49:00,$ 3340.695,100
351,09:48:47,$ 3342.95,100
352,09:48:45,$ 3343.74,100
353,09:48:34,$ 3341.51,200
354,09:48:33,$ 3342.46,100
355,09:48:32,$ 3342.64,100
356,09:48:30,$ 3343.29,157
358,09:48:29,$ 3343.14,100
359,09:48:29,$ 3343.04,100
360,09:48:29,$ 3343.01,100
361,09:48:29,$ 3342.95,100
362,09:48:29,$ 3342.94,100
363,09:48:28,$ 3344.14,100
364,09:48:24,$ 3343.97,100
365,09:48:22,$ 3343.87,100
366,09:48:22,$ 3344.08,103
367,09:48:22,$ 3343.81,100
368,09:48:19,$ 3343.41,100
369,09:48:16,$ 3343.57,100
370,09:48:16,$ 3344.08,100
371,09:48:08,$ 3344.46,100
372,09:48:08,$ 3344.44,100
373,09:48:00,$ 3345.22,140
374,09:47:57,$ 3343.0701,100
375,09:47:53,$ 3344.9999,100
376,09:47:52,$ 3341.00,146
377,09:47:52,$ 3341.00,100
379,09:47:51,$ 3340.77,170
380,09:47:46,$ 3340.73,100
381,09:47:46,$ 3341.02,100
382,09:47:46,$ 3340.87,100
383,09:47:45,$ 3340.2701,200
384,09:47:40,$ 3339.225,225
385,09:47:39,$ 3338.54,100
386,09:47:25,$ 3338.88,100
387,09:47:25,$ 3339.02,100
388,09:47:14,$ 3338.21,100
389,09:47:01,$ 3337.8383,150
390,09:46:54,$ 3337.04,100
391,09:46:41,$ 3339.5243,453
392,09:46:41,$ 3339.5199,232
393,09:46:40,$ 3338.9935,100
394,09:46:37,$ 3338.87,100
395,09:46:20,$ 3339.9356,200
396,09:46:19,$ 3339.86,150
397,09:46:19,$ 3340.12,100
398,09:46:17,$ 3341.22,100
400,09:46:17,$ 3341.85,100
401,09:46:17,$ 3340.16,100
402,09:46:17,$ 3339.985,100
403,09:46:17,$ 3339.94,100
404,09:46:17,$ 3340.02,100
405,09:46:17,$ 3340.15,100
406,09:46:17,$ 3340.17,100
407,09:46:16,$ 3340.35,100
408,09:46:07,$ 3338.87,100
409,09:46:05,$ 3337.755,100
410,09:46:04,$ 3338.24,100
411,09:46:03,$ 3336.36,100
412,09:45:59,$ 3336.08,100
413,09:45:59,$ 3336.08,100
414,09:45:59,$ 3336.09,100
415,09:45:54,$ 3337.2472,300
416,09:45:51,$ 3337.02,100
417,09:45:51,$ 3337.03,100
418,09:45:50,$ 3336.8944,100
419,09:45:50,$ 3336.61,100
421,09:45:50,$ 3336.68,100
422,09:45:49,$ 3336.12,100
423,09:45:47,$ 3337.63,100
424,09:45:47,$ 3336.55,100
425,09:45:46,$ 3336.55,162
426,09:45:45,$ 3335.98,500
427,09:45:44,$ 3335.7771,100
428,09:45:41,$ 3335.59,200
429,09:45:36,$ 3337.00,100
430,09:45:34,$ 3335.1342,250
431,09:45:33,$ 3335.07,100
432,09:45:32,$ 3335.05,100
433,09:45:31,$ 3335.67,200
434,09:45:31,$ 3335.32,200
435,09:45:31,$ 3335.79,100
436,09:45:29,$ 3336.05,100
437,09:45:27,$ 3335.27,100
438,09:45:27,$ 3335.47,100
439,09:45:22,$ 3334.51,100
440,09:45:21,$ 3335.80,100
442,09:45:21,$ 3335.93,100
443,09:45:21,$ 3336.40,100
444,09:45:18,$ 3335.13,200
445,09:45:18,$ 3334.35,100
446,09:45:14,$ 3333.65,100
447,09:45:11,$ 3333.53,100
448,09:45:08,$ 3334.61,100
449,09:45:01,$ 3335.00,100
450,09:45:01,$ 3335.00,300
451,09:45:01,$ 3335.00,100
452,09:45:01,$ 3335.01,100
453,09:45:01,$ 3335.00,200
454,09:45:01,$ 3335.03,100
455,09:45:01,$ 3335.12,100
456,09:45:00,$ 3336.00,100
457,09:44:59,$ 3336.60,100
458,09:44:59,$ 3336.12,100
459,09:44:58,$ 3336.70,100
460,09:44:54,$ 3338.00,100
461,09:44:52,$ 3338.00,100
463,09:44:52,$ 3338.25,100
464,09:44:52,$ 3338.50,100
465,09:44:50,$ 3338.98,100
466,09:44:46,$ 3338.51,100
467,09:44:39,$ 3339.00,100
468,09:44:39,$ 3339.02,100
469,09:44:36,$ 3339.219,500
470,09:44:28,$ 3340.6099,100
471,09:44:24,$ 3338.91,100
472,09:44:15,$ 3338.85,100
473,09:44:02,$ 3338.2501,200
474,09:44:02,$ 3339.7641,100
475,09:44:01,$ 3338.8375,200
476,09:44:00,$ 3339.55,100
477,09:43:57,$ 3339.3308,100
478,09:43:56,$ 3339.2625,200
479,09:43:56,$ 3339.00,100
480,09:43:56,$ 3339.735,300
481,09:43:52,$ 3340.20,100
482,09:43:52,$ 3340.88,100
484,09:43:52,$ 3340.83,100
485,09:43:45,$ 3342.225,100
486,09:43:45,$ 3344.27,140
487,09:43:25,$ 3341.952,225
488,09:43:14,$ 3342.38,100
489,09:43:06,$ 3341.39,100
490,09:43:03,$ 3340.00,100
491,09:43:03,$ 3340.00,100
492,09:43:01,$ 3340.0187,100
493,09:42:52,$ 3341.80,100
494,09:42:40,$ 3342.53,100
495,09:42:35,$ 3340.46,100
496,09:42:32,$ 3342.154,125
497,09:42:31,$ 3340.44,100
498,09:42:31,$ 3340.44,100
499,09:42:21,$ 3342.85,100
500,09:42:21,$ 3343.00,100
501,09:42:21,$ 3344.09,126
502,09:42:19,$ 3344.095,100
503,09:42:12,$ 3344.38,100
505,09:42:10,$ 3343.00,100
506,09:42:07,$ 3343.15,100
507,09:42:07,$ 3343.10,100
508,09:42:04,$ 3344.31,100
509,09:42:04,$ 3345.2098,500
510,09:42:03,$ 3344.31,500
511,09:42:02,$ 3345.38,674
512,09:42:02,$ 3344.12,500
513,09:42:01,$ 3343.17,100
514,09:42:00,$ 3343.21,100
515,09:42:00,$ 3344.12,100
516,09:42:00,$ 3344.17,100
517,09:41:50,$ 3342.55,100
518,09:41:50,$ 3342.60,100
519,09:41:50,$ 3343.78,100
520,09:41:50,$ 3344.25,100
521,09:41:48,$ 3342.80,100
522,09:41:48,$ 3342.80,100
523,09:41:48,$ 3342.55,100
524,09:41:48,$ 3342.90,500
526,09:41:47,$ 3343.1389,200
527,09:41:47,$ 3343.06,200
528,09:41:44,$ 3343.925,100
529,09:41:44,$ 3343.13,100
530,09:41:44,$ 3343.7444,113
531,09:41:44,$ 3343.7444,106
532,09:41:44,$ 3343.55,128
533,09:41:44,$ 3343.7444,445
534,09:41:39,$ 3344.79,100
535,09:41:39,$ 3344.175,100
536,09:41:37,$ 3343.055,200
537,09:41:35,$ 3343.475,100
538,09:41:32,$ 3340.87,100
539,09:41:32,$ 3340.97,200
540,09:41:30,$ 3340.13,100
541,09:41:29,$ 3341.68,140
542,09:41:19,$ 3341.18,100
543,09:41:16,$ 3341.803,291
544,09:41:16,$ 3341.803,209
545,09:41:13,$ 3341.2831,300
547,09:41:11,$ 3341.13,100
548,09:41:08,$ 3339.7901,500
549,09:41:08,$ 3341.19,100
550,09:41:07,$ 3340.02,100
551,09:41:07,$ 3340.42,100
552,09:41:06,$ 3340.00,500
553,09:41:06,$ 3339.87,100
554,09:41:06,$ 3339.87,100
555,09:41:06,$ 3339.87,100
556,09:41:06,$ 3339.79,150
557,09:41:05,$ 3339.56,100
558,09:41:02,$ 3338.86,100
559,09:40:58,$ 3339.00,102
560,09:40:55,$ 3338.72,200
561,09:40:54,$ 3339.44,100
562,09:40:54,$ 3338.72,100
563,09:40:53,$ 3338.10,100
564,09:40:53,$ 3338.975,100
565,09:40:53,$ 3338.70,100
566,09:40:53,$ 3339.09,100
568,09:40:53,$ 3339.05,100
569,09:40:52,$ 3339.32,100
570,09:40:48,$ 3340.06,100
571,09:40:48,$ 3339.415,100
572,09:40:48,$ 3340.06,100
573,09:40:46,$ 3338.75,100
574,09:40:46,$ 3339.01,100
575,09:40:46,$ 3340.01,100
576,09:40:46,$ 3340.01,100
577,09:40:46,$ 3340.01,100
578,09:40:45,$ 3340.47,100
579,09:40:45,$ 3340.49,100
580,09:40:45,$ 3340.00,216
581,09:40:45,$ 3339.998,100
582,09:40:45,$ 3340.00,100
583,09:40:45,$ 3339.99,100
584,09:40:45,$ 3339.46,100
585,09:40:45,$ 3339.50,100
586,09:40:34,$ 3340.10,100
587,09:40:31,$ 3338.72,100
589,09:40:30,$ 3340.01,100
590,09:40:29,$ 3340.35,101
591,09:40:29,$ 3339.85,100
592,09:40:29,$ 3340.62,100
593,09:40:29,$ 3340.62,100
594,09:40:29,$ 3341.19,100
595,09:40:29,$ 3340.62,100
596,09:40:27,$ 3339.92,100
597,09:40:27,$ 3339.95,200
598,09:40:25,$ 3339.845,100
599,09:40:19,$ 3339.835,100
600,09:40:18,$ 3340.4066,300
601,09:40:17,$ 3339.39,100
602,09:40:16,$ 3339.85,100
603,09:40:16,$ 3339.835,100
604,09:40:16,$ 3340.42,100
605,09:40:16,$ 3339.06,100
606,09:40:15,$ 3339.63,100
607,09:40:15,$ 3339.555,100
608,09:40:15,$ 3338.815,100
610,09:40:14,$ 3339.4424,200
611,09:40:12,$ 3339.49,100
612,09:40:12,$ 3339.645,100
613,09:40:12,$ 3339.635,100
614,09:40:12,$ 3339.63,100
615,09:40:11,$ 3338.30,100
616,09:40:08,$ 3340.66,100
617,09:40:05,$ 3339.49,100
618,09:40:05,$ 3339.10,100
619,09:40:05,$ 3339.10,186
620,09:40:05,$ 3339.10,200
621,09:40:05,$ 3339.10,100
622,09:40:05,$ 3339.36,100
623,09:40:05,$ 3339.65,100
624,09:40:05,$ 3339.49,100
625,09:40:04,$ 3340.00,400
626,09:40:04,$ 3339.90,100
627,09:40:04,$ 3339.90,100
628,09:40:04,$ 3340.00,150
629,09:40:04,$ 3340.00,100
631,09:40:04,$ 3340.00,"1,000"
632,09:40:04,$ 3340.00,100
633,09:40:04,$ 3340.10,100
634,09:40:04,$ 3340.10,100
635,09:40:04,$ 3340.10,100
636,09:40:04,$ 3340.10,100
637,09:40:04,$ 3340.10,300
638,09:40:04,$ 3340.10,100
639,09:40:04,$ 3340.66,100
640,09:40:03,$ 3341.00,100
641,09:40:03,$ 3341.20,100
642,09:40:01,$ 3342.39,100
643,09:40:01,$ 3342.4775,100
644,09:40:00,$ 3343.45,100
645,09:39:57,$ 3345.00,350
646,09:39:53,$ 3342.55,100
647,09:39:53,$ 3342.49,100
648,09:39:53,$ 3342.42,100
649,09:39:53,$ 3342.55,100
650,09:39:53,$ 3342.79,100
652,09:39:53,$ 3342.81,100
653,09:39:53,$ 3342.85,100
654,09:39:53,$ 3342.85,100
655,09:39:53,$ 3343.20,100
656,09:39:50,$ 3342.61,100
657,09:39:44,$ 3342.095,100
658,09:39:44,$ 3342.00,100
659,09:39:44,$ 3342.00,200
660,09:39:42,$ 3342.71,100
661,09:39:39,$ 3341.82,100
662,09:39:38,$ 3341.405,100
663,09:39:35,$ 3341.83,500
664,09:39:35,$ 3341.83,100
665,09:39:31,$ 3342.675,100
666,09:39:28,$ 3341.8432,600
667,09:39:27,$ 3341.3673,120
668,09:39:24,$ 3342.00,200
669,09:39:11,$ 3340.80,100
670,09:39:06,$ 3342.92,100
671,09:39:04,$ 3342.00,100
673,09:39:02,$ 3343.09,100
674,09:39:01,$ 3343.40,100
675,09:39:01,$ 3343.16,100
676,09:39:01,$ 3342.58,100
677,09:39:01,$ 3342.73,100
678,09:38:56,$ 3343.1609,400
679,09:38:52,$ 3343.84,277
680,09:38:44,$ 3345.28,300
681,09:38:42,$ 3344.9712,100
682,09:38:40,$ 3345.51,100
683,09:38:37,$ 3344.4945,151
684,09:38:36,$ 3344.557,378
685,09:38:36,$ 3344.065,600
686,09:38:36,$ 3344.625,500
687,09:38:36,$ 3344.625,300
688,09:38:31,$ 3344.73,100
689,09:38:28,$ 3344.40,100
690,09:38:23,$ 3343.57,109
691,09:38:23,$ 3344.00,100
692,09:38:22,$ 3345.1539,100
694,09:38:21,$ 3344.29,100
695,09:38:18,$ 3344.01,100
696,09:38:18,$ 3344.00,100
697,09:38:10,$ 3344.57,100
698,09:38:10,$ 3344.56,100
699,09:38:08,$ 3344.90,100
700,09:38:05,$ 3344.445,100
701,09:38:05,$ 3344.02,100
702,09:38:05,$ 3344.03,100
703,09:38:05,$ 3344.56,200
704,09:38:05,$ 3344.56,200
705,09:38:04,$ 3344.55,100
706,09:38:04,$ 3344.55,100
707,09:38:03,$ 3345.55,100
708,09:38:02,$ 3346.50,100
709,09:38:02,$ 3347.00,352
710,09:38:00,$ 3347.00,100
711,09:37:58,$ 3347.25,100
712,09:37:48,$ 3346.17,100
713,09:37:47,$ 3345.99,145
715,09:37:36,$ 3345.89,100
716,09:37:26,$ 3345.82,100
717,09:37:26,$ 3345.82,100
718,09:37:25,$ 3346.97,100
719,09:37:23,$ 3346.23,108
720,09:37:22,$ 3347.285,200
721,09:37:21,$ 3346.2689,100
722,09:37:20,$ 3347.285,200
723,09:37:20,$ 3346.58,100
724,09:37:17,$ 3347.60,100
725,09:37:17,$ 3348.39,100
726,09:37:17,$ 3347.3931,258
727,09:37:17,$ 3347.3931,684
728,09:37:17,$ 3347.54,241
729,09:37:17,$ 3347.55,100
730,09:37:14,$ 3347.55,100
731,09:37:10,$ 3344.925,100
732,09:37:07,$ 3345.35,100
733,09:37:06,$ 3344.71,300
734,09:37:04,$ 3344.705,100
736,09:37:03,$ 3343.80,100
737,09:37:02,$ 3344.00,100
738,09:37:02,$ 3345.00,900
739,09:37:02,$ 3345.00,100
740,09:37:01,$ 3344.00,100
741,09:37:01,$ 3345.00,100
742,09:37:01,$ 3345.00,100
743,09:37:00,$ 3345.34,100
744,09:37:00,$ 3345.8368,200
745,09:36:56,$ 3345.73,100
746,09:36:49,$ 3346.30,100
747,09:36:48,$ 3346.39,100
748,09:36:48,$ 3347.09,100
749,09:36:48,$ 3347.00,100
750,09:36:45,$ 3349.3698,100
751,09:36:34,$ 3348.99,200
752,09:36:24,$ 3348.63,100
753,09:36:10,$ 3350.05,100
754,09:36:10,$ 3350.00,100
755,09:36:06,$ 3350.97,100
757,09:36:00,$ 3349.61,100
758,09:35:57,$ 3350.78,100
759,09:35:57,$ 3350.60,100
760,09:35:55,$ 3351.58,100
761,09:35:50,$ 3351.9416,500
762,09:35:50,$ 3349.57,100
763,09:35:50,$ 3349.57,100
764,09:35:50,$ 3347.82,100
765,09:35:50,$ 3348.60,100
766,09:35:50,$ 3349.21,100
767,09:35:49,$ 3349.21,100
768,09:35:49,$ 3348.90,100
769,09:35:49,$ 3348.89,100
770,09:35:49,$ 3348.89,100
771,09:35:46,$ 3348.89,100
772,09:35:46,$ 3347.63,100
773,09:35:44,$ 3347.19,100
774,09:35:43,$ 3347.625,100
775,09:35:43,$ 3347.53,100
776,09:35:37,$ 3346.19,100
778,09:35:37,$ 3346.55,100
779,09:35:31,$ 3347.29,100
780,09:35:30,$ 3347.605,100
781,09:35:29,$ 3347.3411,500
782,09:35:27,$ 3348.42,100
783,09:35:27,$ 3349.16,100
784,09:35:27,$ 3348.69,100
785,09:35:27,$ 3347.85,100
786,09:35:27,$ 3347.94,100
787,09:35:27,$ 3347.99,100
788,09:35:27,$ 3348.14,100
789,09:35:25,$ 3346.4701,100
790,09:35:25,$ 3346.4701,100
791,09:35:23,$ 3348.39,100
792,09:35:23,$ 3347.62,100
793,09:35:22,$ 3349.14,100
794,09:35:20,$ 3348.23,200
795,09:35:20,$ 3348.64,100
796,09:35:20,$ 3348.64,100
797,09:35:20,$ 3348.83,100
799,09:35:16,$ 3348.14,100
800,09:35:16,$ 3346.895,500
801,09:35:15,$ 3348.428,130
802,09:35:15,$ 3348.61,100
803,09:35:09,$ 3347.33,100
804,09:35:07,$ 3348.31,100
805,09:35:05,$ 3346.47,100
806,09:35:05,$ 3345.36,100
807,09:35:05,$ 3346.47,100
808,09:35:01,$ 3345.34,100
809,09:35:00,$ 3346.505,100
810,09:34:59,$ 3346.51,100
811,09:34:59,$ 3346.505,100
812,09:34:56,$ 3347.17,200
813,09:34:56,$ 3347.18,100
814,09:34:56,$ 3347.18,100
815,09:34:55,$ 3346.9686,107
816,09:34:55,$ 3346.55,107
817,09:34:55,$ 3347.36,100
818,09:34:55,$ 3347.00,437
820,09:34:54,$ 3347.54,100
821,09:34:53,$ 3348.07,100
822,09:34:52,$ 3348.63,100
823,09:34:52,$ 3348.815,100
824,09:34:48,$ 3348.00,100
825,09:34:48,$ 3347.81,100
826,09:34:48,$ 3348.85,179
827,09:34:48,$ 3348.85,179
828,09:34:48,$ 3348.85,138
829,09:34:47,$ 3348.625,100
830,09:34:46,$ 3349.02,100
831,09:34:45,$ 3350.08,250
832,09:34:45,$ 3350.02,100
833,09:34:37,$ 3349.4097,184
834,09:34:37,$ 3349.00,100
835,09:34:37,$ 3347.76,100
836,09:34:35,$ 3347.27,164
837,09:34:35,$ 3348.00,100
838,09:34:35,$ 3348.05,100
839,09:34:35,$ 3348.05,100
841,09:34:34,$ 3349.00,100
842,09:34:34,$ 3349.00,100
843,09:34:34,$ 3349.01,100
844,09:34:34,$ 3350.00,146
845,09:34:34,$ 3349.95,411
846,09:34:34,$ 3350.00,447
847,09:34:34,$ 3350.00,100
848,09:34:34,$ 3350.00,112
849,09:34:34,$ 3350.00,100
850,09:34:32,$ 3350.61,100
851,09:34:30,$ 3350.40,100
852,09:34:29,$ 3352.0835,100
853,09:34:28,$ 3352.3266,150
854,09:34:28,$ 3352.13,100
855,09:34:27,$ 3352.136,100
856,09:34:27,$ 3352.21,100
857,09:34:27,$ 3353.16,100
858,09:34:27,$ 3352.02,100
859,09:34:27,$ 3351.34,100
860,09:34:21,$ 3354.17,100
862,09:34:20,$ 3352.77,100
863,09:34:13,$ 3353.34,100
864,09:34:12,$ 3350.20,100
865,09:34:11,$ 3354.17,138
866,09:34:11,$ 3351.10,100
867,09:34:11,$ 3352.12,100
868,09:34:10,$ 3350.45,100
869,09:34:08,$ 3350.06,100
870,09:34:08,$ 3351.64,100
871,09:34:08,$ 3351.15,100
872,09:34:07,$ 3350.20,100
873,09:34:07,$ 3350.20,100
874,09:34:06,$ 3351.15,100
875,09:34:06,$ 3350.90,100
876,09:34:06,$ 3351.0089,100
877,09:34:06,$ 3350.90,100
878,09:34:06,$ 3352.00,210
879,09:34:06,$ 3352.00,790
880,09:34:05,$ 3354.65,100
881,09:34:03,$ 3352.00,100
883,09:34:03,$ 3353.00,100
884,09:33:59,$ 3352.01,100
885,09:33:59,$ 3352.80,100
886,09:33:59,$ 3354.51,100
887,09:33:56,$ 3354.63,100
888,09:33:56,$ 3355.26,100
889,09:33:56,$ 3355.26,100
890,09:33:49,$ 3354.51,100
891,09:33:49,$ 3356.00,200
892,09:33:44,$ 3353.61,100
893,09:33:41,$ 3353.61,100
894,09:33:41,$ 3354.05,100
895,09:33:39,$ 3355.40,103
896,09:33:36,$ 3353.20,100
897,09:33:36,$ 3353.20,100
898,09:33:30,$ 3354.48,100
899,09:33:29,$ 3354.46,100
900,09:33:29,$ 3355.0339,100
901,09:33:29,$ 3355.65,100
902,09:33:27,$ 3358.65,117
904,09:33:23,$ 3358.00,100
905,09:33:23,$ 3358.20,100
906,09:33:22,$ 3361.575,100
907,09:33:19,$ 3362.10,100
908,09:33:19,$ 3360.00,100
909,09:33:13,$ 3360.60,100
910,09:33:09,$ 3361.27,100
911,09:33:09,$ 3361.585,100
912,09:33:09,$ 3361.585,100
913,09:33:09,$ 3360.00,167
914,09:33:07,$ 3361.59,100
915,09:33:07,$ 3362.05,100
916,09:33:07,$ 3362.00,177
917,09:33:07,$ 3362.00,138
918,09:33:07,$ 3362.00,100
919,09:32:50,$ 3360.60,100
920,09:32:33,$ 3363.60,100
921,09:32:33,$ 3364.09,100
922,09:32:33,$ 3364.09,100
923,09:32:06,$ 3364.00,100
925,09:32:02,$ 3361.97,100
926,09:32:01,$ 3363.20,100
927,09:31:58,$ 3363.11,100
928,09:31:58,$ 3362.00,100
929,09:31:55,$ 3364.1451,100
930,09:31:52,$ 3363.28,183
931,09:31:52,$ 3365.27,250
932,09:31:34,$ 3365.795,100
933,09:31:31,$ 3365.2334,100
934,09:31:30,$ 3365.50,100
935,09:31:23,$ 3365.935,100
936,09:31:21,$ 3367.01,200
937,09:31:21,$ 3367.01,160
938,09:31:21,$ 3369.00,100
939,09:31:20,$ 3366.81,100
940,09:31:12,$ 3368.9999,100
941,09:31:11,$ 3365.975,200
942,09:31:10,$ 3365.97,200
943,09:31:10,$ 3364.46,200
944,09:31:10,$ 3366.58,103
946,09:31:09,$ 3366.58,100
947,09:31:09,$ 3366.58,100
948,09:31:09,$ 3367.325,100
949,09:31:06,$ 3368.87,100
950,09:31:05,$ 3369.19,100
951,09:31:00,$ 3368.26,100
952,09:31:00,$ 3368.02,100
953,09:30:58,$ 3369.11,100
954,09:30:58,$ 3368.47,100
955,09:30:58,$ 3367.68,100
956,09:30:58,$ 3365.51,100
957,09:30:58,$ 3367.04,100
958,09:30:56,$ 3365.11,150
959,09:30:47,$ 3366.1799,100
960,09:30:44,$ 3363.24,100
961,09:30:44,$ 3363.75,100
962,09:30:44,$ 3363.75,100
963,09:30:44,$ 3363.75,"2,205"
964,09:30:43,$ 3364.73,100
965,09:30:42,$ 3364.73,100
967,09:30:41,$ 3364.73,100
968,09:30:41,$ 3364.73,100
969,09:30:41,$ 3364.73,100
970,09:30:41,$ 3364.73,100
971,09:30:40,$ 3365.08,100
972,09:30:39,$ 3367.02,100
973,09:30:38,$ 3367.66,100
974,09:30:38,$ 3366.35,200
975,09:30:37,$ 3366.355,150
976,09:30:31,$ 3364.73,100
977,09:30:30,$ 3362.82,100
978,09:30:28,$ 3361.02,100
979,09:30:26,$ 3363.90,100
980,09:30:26,$ 3364.67,100
981,09:30:23,$ 3361.00,150
982,09:30:20,$ 3360.01,100
983,09:30:15,$ 3357.00,100
984,09:30:15,$ 3357.40,100
985,09:30:15,$ 3357.40,100
986,09:30:15,$ 3357.40,100
988,09:30:14,$ 3357.03,100
989,09:30:09,$ 3356.69,100
990,09:30:05,$ 3357.40,100
991,09:30:03,$ 3357.05,100
992,09:30:03,$ 3357.00,100
993,09:30:03,$ 3358.38,100
994,09:30:03,$ 3357.71,100
995,09:30:02,$ 3357.71,1
996,09:30:02,$ 3357.71,2
997,09:30:02,$ 3357.71,1
998,09:30:02,$ 3357.71,1
999,09:30:02,$ 3357.71,1
1000,09:30:02,$ 3357.71,1
1001,09:30:02,$ 3357.71,1
1002,09:30:02,$ 3357.71,3
1003,09:30:02,$ 3357.71,1
1004,09:30:02,$ 3357.71,1
1005,09:30:02,$ 3357.71,1
1006,09:30:02,$ 3357.71,1
1007,09:30:02,$ 3357.71,7
1009,09:30:02,$ 3357.71,2
1010,09:30:02,$ 3357.71,1
1011,09:30:02,$ 3357.71,1
1012,09:30:02,$ 3357.71,2
1013,09:30:02,$ 3357.71,1
1014,09:30:02,$ 3357.71,1
1015,09:30:02,$ 3357.71,7
1016,09:30:02,$ 3357.71,10
1017,09:30:02,$ 3357.71,1
1018,09:30:02,$ 3357.71,1
1019,09:30:02,$ 3357.71,5
1020,09:30:02,$ 3357.71,4
1021,09:30:02,$ 3357.71,12
1022,09:30:02,$ 3357.71,1
1023,09:30:02,$ 3357.71,3
1024,09:30:02,$ 3357.71,11
1025,09:30:02,$ 3357.71,1
1026,09:30:02,$ 3357.71,1
1027,09:30:02,$ 3357.71,123
1028,09:30:02,$ 3357.71,1
1030,09:30:02,$ 3357.71,1
1031,09:30:02,$ 3357.71,4
1032,09:30:02,$ 3357.71,1
1033,09:30:02,$ 3357.71,27
1034,09:30:02,$ 3357.71,1
1035,09:30:02,$ 3357.71,1
1036,09:30:02,$ 3357.71,1
1037,09:30:02,$ 3357.71,1
1038,09:30:02,$ 3357.71,3
1039,09:30:02,$ 3357.71,10
1040,09:30:02,$ 3357.71,120
1041,09:30:02,$ 3357.71,5
1042,09:30:02,$ 3357.71,1
1043,09:30:02,$ 3357.71,1
1044,09:30:02,$ 3357.71,4
1045,09:30:02,$ 3357.71,1
1046,09:30:02,$ 3357.71,3
1047,09:30:02,$ 3357.71,8
1048,09:30:02,$ 3357.71,12
1049,09:30:02,$ 3357.71,3
1051,09:30:02,$ 3357.71,5
1052,09:30:02,$ 3357.71,126
1053,09:30:02,$ 3357.71,1
1054,09:30:02,$ 3357.71,1
1055,09:30:02,$ 3357.71,2
1056,09:30:02,$ 3357.71,1
1057,09:30:02,$ 3357.71,1
1058,09:30:02,$ 3357.71,1
1059,09:30:02,$ 3357.71,2
1060,09:30:02,$ 3357.71,1
1061,09:30:02,$ 3357.71,2
1062,09:30:02,$ 3357.71,1
1063,09:30:02,$ 3357.71,1
1064,09:30:02,$ 3357.71,1
1065,09:30:02,$ 3357.71,5
1066,09:30:02,$ 3357.71,2
1067,09:30:02,$ 3357.71,1
1068,09:30:02,$ 3357.71,1
1069,09:30:02,$ 3357.71,5
1070,09:30:02,$ 3357.71,1
1072,09:30:02,$ 3357.71,1
1073,09:30:02,$ 3357.71,1
1074,09:30:02,$ 3357.71,1
1075,09:30:02,$ 3357.71,1
1076,09:30:02,$ 3357.71,1
1077,09:30:02,$ 3357.71,7
1078,09:30:02,$ 3357.71,1
1079,09:30:02,$ 3357.71,1
1080,09:30:02,$ 3357.71,3
1081,09:30:02,$ 3357.71,6
1082,09:30:02,$ 3357.71,1
1083,09:30:02,$ 3357.71,1
1084,09:30:02,$ 3357.71,10
1085,09:30:02,$ 3357.71,4
1086,09:30:02,$ 3357.71,1
1087,09:30:02,$ 3357.71,4
1088,09:30:02,$ 3357.71,1
1089,09:30:02,$ 3357.71,5
1090,09:30:02,$ 3357.71,10
1091,09:30:02,$ 3357.71,1
1093,09:30:02,$ 3357.71,7
1094,09:30:02,$ 3357.71,3
1095,09:30:02,$ 3357.71,1
1096,09:30:02,$ 3357.71,1
1097,09:30:02,$ 3357.71,4
1098,09:30:02,$ 3357.71,4
1099,09:30:02,$ 3357.71,2
1100,09:30:02,$ 3357.71,1
1101,09:30:02,$ 3357.71,1
1102,09:30:02,$ 3357.71,1
1103,09:30:02,$ 3357.71,2
1104,09:30:02,$ 3357.71,5
1105,09:30:02,$ 3357.71,59
1106,09:30:02,$ 3357.71,1
1107,09:30:02,$ 3357.71,1
1108,09:30:02,$ 3357.71,5
1109,09:30:02,$ 3357.71,1
1110,09:30:02,$ 3357.71,1
1111,09:30:02,$ 3357.71,1
1112,09:30:02,$ 3357.71,1
1114,09:30:02,$ 3357.71,1
1115,09:30:02,$ 3357.71,51
1116,09:30:02,$ 3357.71,1
1117,09:30:02,$ 3357.71,2
1118,09:30:02,$ 3357.71,2
1119,09:30:02,$ 3357.71,1
1120,09:30:02,$ 3357.71,3
1121,09:30:02,$ 3357.71,1
1122,09:30:02,$ 3357.71,10
1123,09:30:02,$ 3357.71,20
1124,09:30:02,$ 3357.71,1
1125,09:30:02,$ 3357.71,1
1126,09:30:02,$ 3357.71,11
1127,09:30:02,$ 3357.71,1
1128,09:30:02,$ 3357.71,5
1129,09:30:02,$ 3357.71,2
1130,09:30:02,$ 3357.71,1
1131,09:30:02,$ 3357.71,5
1132,09:30:02,$ 3357.71,1
1133,09:30:02,$ 3357.71,4
1135,09:30:02,$ 3357.71,1
1136,09:30:02,$ 3357.71,1
1137,09:30:02,$ 3357.71,11
1138,09:30:02,$ 3357.71,5
1139,09:30:02,$ 3357.71,1
1140,09:30:02,$ 3357.71,1
1141,09:30:02,$ 3357.71,1
1142,09:30:02,$ 3357.71,1
1143,09:30:02,$ 3357.71,1
1144,09:30:02,$ 3357.71,1
1145,09:30:02,$ 3357.71,1
1146,09:30:02,$ 3357.71,1
1147,09:30:02,$ 3357.71,1
1148,09:30:02,$ 3357.71,3
1149,09:30:02,$ 3357.71,2
1150,09:30:02,$ 3357.71,1
1151,09:30:02,$ 3357.71,1
1152,09:30:02,$ 3357.71,1
1153,09:30:02,$ 3357.71,2
1154,09:30:02,$ 3357.71,1
1156,09:30:02,$ 3357.71,3
1157,09:30:02,$ 3357.71,3
1158,09:30:02,$ 3357.71,1
1159,09:30:02,$ 3357.71,20
1160,09:30:02,$ 3357.71,2
1161,09:30:02,$ 3357.71,1
1162,09:30:02,$ 3357.71,5
1163,09:30:02,$ 3357.71,1
1164,09:30:02,$ 3357.71,29
1165,09:30:02,$ 3357.71,2
1166,09:30:02,$ 3357.71,50
1167,09:30:02,$ 3357.71,1
1168,09:30:02,$ 3357.71,2
1169,09:30:02,$ 3357.71,1
1170,09:30:02,$ 3357.71,1
1171,09:30:02,$ 3357.71,1
1172,09:30:02,$ 3357.71,10
1173,09:30:02,$ 3357.71,1
1174,09:30:02,$ 3357.71,1
1175,09:30:02,$ 3357.71,2
1177,09:30:02,$ 3357.71,1
1178,09:30:02,$ 3357.71,1
1179,09:30:02,$ 3357.71,1
1180,09:30:02,$ 3357.71,1
1181,09:30:02,$ 3357.71,25
1182,09:30:02,$ 3357.71,1
1183,09:30:02,$ 3357.71,3
1184,09:30:02,$ 3357.71,1
1185,09:30:02,$ 3357.71,1
1186,09:30:02,$ 3357.71,3
1187,09:30:02,$ 3357.71,89
1188,09:30:02,$ 3357.71,13
1189,09:30:02,$ 3357.71,1
1190,09:30:02,$ 3357.71,4
1191,09:30:02,$ 3357.71,4
1192,09:30:02,$ 3357.71,1
1193,09:30:02,$ 3357.71,1
1194,09:30:02,$ 3357.71,1
1195,09:30:02,$ 3357.71,5
1196,09:30:02,$ 3357.71,12
1198,09:30:02,$ 3357.71,2
1199,09:30:02,$ 3357.71,15
1200,09:30:02,$ 3357.71,7
1201,09:30:02,$ 3357.71,2
1202,09:30:02,$ 3357.71,2
1203,09:30:02,$ 3357.71,2
1204,09:30:02,$ 3357.71,2
1205,09:30:02,$ 3357.71,8
1206,09:30:02,$ 3357.71,4
1207,09:30:02,$ 3357.71,74
1208,09:30:02,$ 3357.71,2
1209,09:30:02,$ 3357.71,5
1210,09:30:02,$ 3357.71,1
1211,09:30:02,$ 3357.71,10
1212,09:30:02,$ 3357.71,2
1213,09:30:02,$ 3357.71,3
1214,09:30:02,$ 3357.71,7
1215,09:30:02,$ 3357.71,15
1216,09:30:02,$ 3357.71,1
1217,09:30:02,$ 3357.71,1
1219,09:30:02,$ 3357.71,1
1220,09:30:02,$ 3357.71,15
1221,09:30:02,$ 3357.71,1
1222,09:30:02,$ 3357.71,1
1223,09:30:02,$ 3357.71,1
1224,09:30:02,$ 3357.71,10
1225,09:30:02,$ 3357.71,4
1226,09:30:02,$ 3357.71,3
1227,09:30:02,$ 3357.71,1
1228,09:30:02,$ 3357.71,1
1229,09:30:02,$ 3357.71,1
1230,09:30:02,$ 3357.71,1
1231,09:30:02,$ 3357.71,1
1232,09:30:02,$ 3357.71,1
1233,09:30:02,$ 3357.71,1
1234,09:30:02,$ 3357.71,2
1235,09:30:02,$ 3357.71,1
1236,09:30:02,$ 3357.71,2
1237,09:30:02,$ 3357.71,5
1238,09:30:02,$ 3357.71,2
1240,09:30:02,$ 3357.71,2
1241,09:30:02,$ 3357.71,2
1242,09:30:02,$ 3357.71,1
1243,09:30:02,$ 3357.71,1
1244,09:30:02,$ 3357.71,1
1245,09:30:02,$ 3357.71,1
1246,09:30:02,$ 3357.71,1
1247,09:30:02,$ 3357.71,1
1248,09:30:02,$ 3357.71,2
1249,09:30:02,$ 3357.71,1
1250,09:30:02,$ 3357.71,1
1251,09:30:02,$ 3357.71,1
1252,09:30:02,$ 3357.71,1
1253,09:30:02,$ 3357.71,1
1254,09:30:02,$ 3357.71,1
1255,09:30:02,$ 3357.71,1
1256,09:30:02,$ 3357.71,1
1257,09:30:02,$ 3357.71,1
1258,09:30:02,$ 3357.71,1
1259,09:30:02,$ 3357.71,1
1261,09:30:02,$ 3357.71,1
1262,09:30:02,$ 3357.71,1
1263,09:30:02,$ 3357.71,1
1264,09:30:02,$ 3357.71,1
1265,09:30:02,$ 3357.71,1
1266,09:30:02,$ 3357.71,1
1267,09:30:02,$ 3357.71,1
1268,09:30:02,$ 3357.71,1
1269,09:30:02,$ 3357.71,1
1270,09:30:02,$ 3357.71,1
1271,09:30:02,$ 3357.71,1
1272,09:30:02,$ 3357.71,1
1273,09:30:02,$ 3357.71,1
1274,09:30:02,$ 3357.71,1
1275,09:30:02,$ 3357.71,1
1276,09:30:02,$ 3357.71,1
1277,09:30:02,$ 3357.71,1
1278,09:30:02,$ 3357.71,1
1279,09:30:02,$ 3357.71,1
1280,09:30:02,$ 3357.71,1
1282,09:30:02,$ 3357.71,1
1283,09:30:02,$ 3357.71,1
1284,09:30:02,$ 3357.71,1
1285,09:30:02,$ 3357.71,1
1286,09:30:02,$ 3357.71,1
1287,09:30:02,$ 3357.71,1
1288,09:30:02,$ 3357.71,1
1289,09:30:02,$ 3357.71,1
1290,09:30:02,$ 3357.71,1
1291,09:30:02,$ 3357.71,1
1292,09:30:02,$ 3357.71,1
1293,09:30:02,$ 3357.71,1
1294,09:30:02,$ 3357.71,1
1295,09:30:02,$ 3357.71,1
1296,09:30:02,$ 3357.71,1
1297,09:30:02,$ 3357.71,3
1298,09:30:02,$ 3357.71,1
1299,09:30:02,$ 3357.71,2
1300,09:30:02,$ 3357.71,1
1301,09:30:02,$ 3357.71,2
1303,09:30:02,$ 3357.71,4
1304,09:30:02,$ 3357.71,20
1305,09:30:02,$ 3357.71,2
1306,09:30:02,$ 3357.71,2
1307,09:30:02,$ 3357.71,2
1308,09:30:02,$ 3357.71,2
1309,09:30:02,$ 3357.71,2
1310,09:30:02,$ 3357.71,2
1311,09:30:02,$ 3357.71,14
1312,09:30:02,$ 3357.71,1
1313,09:30:02,$ 3357.71,1
1314,09:30:02,$ 3357.71,1
1315,09:30:02,$ 3357.71,1
1316,09:30:02,$ 3357.71,1
1317,09:30:02,$ 3357.71,1
1318,09:30:02,$ 3357.71,1
1319,09:30:02,$ 3357.71,2
1320,09:30:02,$ 3357.71,5
1321,09:30:02,$ 3357.71,1
1322,09:30:02,$ 3357.71,1
1324,09:30:02,$ 3357.71,1
1325,09:30:02,$ 3357.71,1
1326,09:30:02,$ 3357.71,1
1327,09:30:02,$ 3357.71,1
1328,09:30:02,$ 3357.71,1
1329,09:30:02,$ 3357.71,1
1330,09:30:02,$ 3357.71,1
1331,09:30:02,$ 3357.71,1
1332,09:30:02,$ 3357.71,1
1333,09:30:02,$ 3357.71,1
1334,09:30:02,$ 3357.71,1
1335,09:30:02,$ 3357.71,1
1336,09:30:02,$ 3357.71,1
1337,09:30:02,$ 3357.71,1
1338,09:30:02,$ 3357.71,1
1339,09:30:02,$ 3357.71,1
1340,09:30:02,$ 3357.71,1
1341,09:30:02,$ 3357.71,1
1342,09:30:02,$ 3357.71,1
1343,09:30:02,$ 3357.71,1
1345,09:30:02,$ 3357.71,1
1346,09:30:02,$ 3357.71,1
1347,09:30:02,$ 3357.71,1
1348,09:30:02,$ 3357.71,1
1349,09:30:02,$ 3357.71,1
1350,09:30:02,$ 3357.71,1
1351,09:30:02,$ 3357.71,1
1352,09:30:02,$ 3357.71,1
1353,09:30:02,$ 3357.71,1
1354,09:30:02,$ 3357.71,1
1355,09:30:02,$ 3357.71,1
1356,09:30:02,$ 3357.71,1
1357,09:30:02,$ 3357.71,1
1358,09:30:02,$ 3357.71,1
1359,09:30:02,$ 3357.71,30
1360,09:30:02,$ 3357.71,3
1361,09:30:02,$ 3357.71,8
1362,09:30:02,$ 3357.71,2
1363,09:30:02,$ 3357.71,1
1364,09:30:02,$ 3357.71,1
1366,09:30:02,$ 3357.71,1
1367,09:30:02,$ 3357.71,1
1368,09:30:02,$ 3357.71,1
1369,09:30:02,$ 3357.71,1
1370,09:30:02,$ 3357.71,3
1371,09:30:02,$ 3357.71,113
1372,09:30:02,$ 3357.71,34
1373,09:30:02,$ 3357.71,7
1374,09:30:02,$ 3357.71,18
1375,09:30:02,$ 3357.71,10
1376,09:30:02,$ 3357.71,3
1377,09:30:02,$ 3357.71,22
1378,09:30:02,$ 3357.71,1
1379,09:30:02,$ 3357.71,14
1380,09:30:02,$ 3357.71,8
1381,09:30:02,$ 3357.71,10
1382,09:30:02,$ 3357.71,113
1383,09:30:02,$ 3357.71,1
1384,09:30:02,$ 3357.71,3
1385,09:30:02,$ 3357.71,3
1387,09:30:02,$ 3357.71,8
1388,09:30:02,$ 3357.71,1
1389,09:30:02,$ 3357.71,3
1390,09:30:02,$ 3357.71,1
1391,09:30:02,$ 3357.71,1
1392,09:30:02,$ 3357.71,1
1393,09:30:02,$ 3357.71,3
1394,09:30:02,$ 3357.71,40
1395,09:30:02,$ 3357.71,1
1396,09:30:02,$ 3357.71,1
1397,09:30:02,$ 3357.71,1
1398,09:30:02,$ 3357.71,2
1399,09:30:02,$ 3357.71,1
1400,09:30:02,$ 3357.71,4
1401,09:30:02,$ 3357.71,1
1402,09:30:02,$ 3357.71,1
1403,09:30:02,$ 3357.71,1
1404,09:30:02,$ 3357.71,3
1405,09:30:02,$ 3357.71,1
1406,09:30:02,$ 3357.71,1
1408,09:30:02,$ 3357.71,1
1409,09:30:02,$ 3357.71,25
1410,09:30:02,$ 3357.71,47
1411,09:30:02,$ 3357.71,2
1412,09:30:02,$ 3357.71,5
1413,09:30:02,$ 3357.71,1
1414,09:30:02,$ 3357.71,17
1415,09:30:02,$ 3357.71,8
1416,09:30:02,$ 3357.71,9
1417,09:30:02,$ 3357.71,25
1418,09:30:02,$ 3357.71,12
1419,09:30:02,$ 3357.71,6
1420,09:30:02,$ 3357.71,2
1421,09:30:02,$ 3357.71,15
1422,09:30:02,$ 3357.71,6
1423,09:30:02,$ 3357.71,4
1424,09:30:02,$ 3357.71,5
1425,09:30:02,$ 3357.71,10
1426,09:30:02,$ 3357.71,3
1427,09:30:02,$ 3357.71,5
1429,09:30:02,$ 3357.71,6
1430,09:30:02,$ 3357.71,2
1431,09:30:02,$ 3357.71,5
1432,09:30:02,$ 3357.71,19
1433,09:30:02,$ 3357.71,8
1434,09:30:02,$ 3357.71,3
1435,09:30:02,$ 3357.71,1
1436,09:30:02,$ 3357.71,15
1437,09:30:02,$ 3357.71,6
1438,09:30:02,$ 3357.71,46
1439,09:30:02,$ 3357.71,1
1440,09:30:02,$ 3357.71,1
1441,09:30:02,$ 3357.71,58
1442,09:30:02,$ 3357.71,6
1443,09:30:02,$ 3357.71,4
1444,09:30:02,$ 3357.71,2
1445,09:30:02,$ 3357.71,1
1446,09:30:02,$ 3357.71,2
1447,09:30:02,$ 3357.71,2
1448,09:30:02,$ 3357.71,1
1450,09:30:02,$ 3357.71,3
1451,09:30:02,$ 3357.71,2
1452,09:30:02,$ 3357.71,1
1453,09:30:02,$ 3357.71,1
1454,09:30:02,$ 3357.71,1
1455,09:30:02,$ 3357.71,1
1456,09:30:02,$ 3357.71,2
1457,09:30:02,$ 3357.71,1
1458,09:30:02,$ 3357.71,3
1459,09:30:02,$ 3357.71,5
1460,09:30:02,$ 3357.71,5
1461,09:30:02,$ 3357.71,1
1462,09:30:02,$ 3357.71,2
1463,09:30:02,$ 3357.71,7
1464,09:30:02,$ 3357.71,6
1465,09:30:02,$ 3357.71,12
1466,09:30:02,$ 3357.71,8
1467,09:30:02,$ 3357.71,1
1468,09:30:02,$ 3357.71,1
1469,09:30:02,$ 3357.71,35
1471,09:30:02,$ 3357.71,14
1472,09:30:02,$ 3357.71,5
1473,09:30:02,$ 3357.71,2
1474,09:30:02,$ 3357.71,13
1475,09:30:02,$ 3357.71,2
1476,09:30:02,$ 3357.71,2
1477,09:30:02,$ 3357.71,1
1478,09:30:02,$ 3357.71,5
1479,09:30:02,$ 3357.71,1
1480,09:30:02,$ 3357.71,9
1481,09:30:02,$ 3357.71,10
1482,09:30:02,$ 3357.71,5
1483,09:30:02,$ 3357.71,5
1484,09:30:02,$ 3357.71,1
1485,09:30:02,$ 3357.71,1
1486,09:30:02,$ 3357.71,3
1487,09:30:02,$ 3357.71,6
1488,09:30:02,$ 3357.71,1
1489,09:30:02,$ 3357.71,1
1490,09:30:02,$ 3357.71,3
1492,09:30:02,$ 3357.71,2
1493,09:30:02,$ 3357.71,2
1494,09:30:02,$ 3357.71,12
1495,09:30:02,$ 3357.71,4
1496,09:30:02,$ 3357.71,1
1497,09:30:02,$ 3357.71,1
1498,09:30:02,$ 3357.71,2
1499,09:30:02,$ 3357.71,3
1500,09:30:02,$ 3357.71,1
1501,09:30:02,$ 3357.71,1
1502,09:30:02,$ 3357.71,2
1503,09:30:02,$ 3357.71,10
1504,09:30:02,$ 3357.71,1
1505,09:30:02,$ 3357.71,4
1506,09:30:02,$ 3357.71,2
1507,09:30:02,$ 3357.71,1
1508,09:30:02,$ 3357.71,1
1509,09:30:02,$ 3357.71,4
1510,09:30:02,$ 3357.71,1
1511,09:30:02,$ 3357.71,1
1513,09:30:02,$ 3357.71,2
1514,09:30:02,$ 3357.71,1
1515,09:30:02,$ 3357.71,10
1516,09:30:02,$ 3357.71,10
1517,09:30:02,$ 3357.71,40
1518,09:30:02,$ 3357.71,40
1519,09:30:02,$ 3357.71,1
1520,09:30:02,$ 3357.71,1
1521,09:30:02,$ 3357.71,1
1522,09:30:02,$ 3357.71,5
1523,09:30:02,$ 3357.71,1
1524,09:30:02,$ 3357.71,1
1525,09:30:02,$ 3357.71,2
1526,09:30:02,$ 3357.71,1
1527,09:30:02,$ 3357.71,4
1528,09:30:02,$ 3357.71,5
1529,09:30:02,$ 3357.71,1
1530,09:30:02,$ 3357.71,1
1531,09:30:02,$ 3357.71,53
1532,09:30:02,$ 3357.71,45
1534,09:30:02,$ 3357.71,30
1535,09:30:02,$ 3357.71,50
1536,09:30:02,$ 3357.71,40
1537,09:30:02,$ 3357.71,3
1538,09:30:02,$ 3357.71,1
1539,09:30:02,$ 3357.71,2
1540,09:30:02,$ 3357.71,2
1541,09:30:02,$ 3357.71,15
1542,09:30:02,$ 3357.71,1
1543,09:30:02,$ 3357.71,1
1544,09:30:02,$ 3357.71,4
1545,09:30:02,$ 3357.71,2
1546,09:30:02,$ 3357.71,6
1547,09:30:02,$ 3357.71,2
1548,09:30:02,$ 3357.71,6
1549,09:30:02,$ 3357.71,1
1550,09:30:02,$ 3357.71,15
1551,09:30:02,$ 3357.71,5
1552,09:30:02,$ 3357.71,10
1553,09:30:02,$ 3357.71,1
1555,09:30:02,$ 3357.71,1
1556,09:30:02,$ 3357.71,1
1557,09:30:02,$ 3357.71,2
1558,09:30:02,$ 3357.71,6
1559,09:30:02,$ 3357.71,2
1560,09:30:02,$ 3357.71,2
1561,09:30:02,$ 3357.71,1
1562,09:30:02,$ 3357.71,2
1563,09:30:02,$ 3357.71,15
1564,09:30:02,$ 3357.71,3
1565,09:30:02,$ 3357.71,1
1566,09:30:02,$ 3357.71,4
1567,09:30:02,$ 3357.71,15
1568,09:30:02,$ 3357.71,1
1569,09:30:02,$ 3357.71,1
1570,09:30:02,$ 3357.71,1
1571,09:30:02,$ 3357.71,1
1572,09:30:02,$ 3357.71,2
1573,09:30:02,$ 3357.71,3
1574,09:30:02,$ 3357.71,1
1576,09:30:02,$ 3357.71,1
1577,09:30:02,$ 3357.71,6
1578,09:30:02,$ 3357.71,1
1579,09:30:02,$ 3357.71,1
1580,09:30:02,$ 3357.71,8
1581,09:30:02,$ 3357.71,1
1582,09:30:02,$ 3357.71,100
1583,09:30:02,$ 3357.71,21
1584,09:30:02,$ 3357.71,23
1585,09:30:02,$ 3357.71,6
1586,09:30:02,$ 3357.71,84
1587,09:30:02,$ 3357.71,84
1588,09:30:02,$ 3357.71,32
1589,09:30:02,$ 3357.71,10
1590,09:30:02,$ 3357.71,122
1591,09:30:02,$ 3357.71,44
1592,09:30:02,$ 3357.71,1
1593,09:30:02,$ 3357.71,92
1594,09:30:02,$ 3357.71,1
1595,09:30:02,$ 3357.71,131
1597,09:30:02,$ 3357.71,5
1598,09:30:02,$ 3357.71,1
1599,09:30:02,$ 3357.71,10
1600,09:30:02,$ 3357.71,1
1601,09:30:02,$ 3357.71,1
1602,09:30:02,$ 3357.71,1
1603,09:30:02,$ 3357.71,1
1604,09:30:02,$ 3357.71,10
1605,09:30:02,$ 3357.71,5
1606,09:30:02,$ 3357.71,2
1607,09:30:02,$ 3357.71,1
1608,09:30:02,$ 3357.71,20
1609,09:30:02,$ 3357.71,1
1610,09:30:02,$ 3357.71,3
1611,09:30:02,$ 3357.71,1
1612,09:30:02,$ 3357.71,1
1613,09:30:02,$ 3357.71,10
1614,09:30:02,$ 3357.71,10
1615,09:30:02,$ 3357.71,3
1616,09:30:02,$ 3357.71,6
1618,09:30:02,$ 3357.71,1
1619,09:30:02,$ 3357.71,1
1620,09:30:02,$ 3357.71,1
1621,09:30:02,$ 3357.71,1
1622,09:30:02,$ 3357.71,2
1623,09:30:02,$ 3357.71,3
1624,09:30:02,$ 3357.71,8
1625,09:30:02,$ 3357.71,1
1626,09:30:02,$ 3357.71,1
1627,09:30:02,$ 3357.71,97
1628,09:30:02,$ 3357.71,1
1629,09:30:02,$ 3357.71,4
1630,09:30:02,$ 3357.71,1
1631,09:30:02,$ 3357.71,10
1632,09:30:02,$ 3357.71,1
1633,09:30:02,$ 3357.71,1
1634,09:30:02,$ 3357.71,1
1635,09:30:02,$ 3357.71,2
1636,09:30:02,$ 3357.71,2
1637,09:30:02,$ 3357.71,30
1639,09:30:02,$ 3357.71,1
1640,09:30:02,$ 3357.71,31
1641,09:30:02,$ 3357.71,31
1642,09:30:02,$ 3357.71,7
1643,09:30:02,$ 3357.71,3
1644,09:30:02,$ 3357.71,1
1645,09:30:02,$ 3357.71,1
1646,09:30:02,$ 3357.71,1
1647,09:30:02,$ 3357.71,3
1648,09:30:02,$ 3357.71,6
1649,09:30:02,$ 3357.71,1
1650,09:30:02,$ 3357.71,1
1651,09:30:02,$ 3357.71,2
1652,09:30:02,$ 3357.71,20
1653,09:30:02,$ 3357.71,6
1654,09:30:02,$ 3357.71,31
1655,09:30:02,$ 3357.71,3
1656,09:30:02,$ 3357.71,100
1657,09:30:02,$ 3357.71,167
1658,09:30:02,$ 3357.71,3
1660,09:30:02,$ 3357.71,1
1661,09:30:02,$ 3357.71,4
1662,09:30:02,$ 3357.71,1
1663,09:30:02,$ 3357.71,3
1664,09:30:02,$ 3357.71,29
1665,09:30:02,$ 3357.71,22
1666,09:30:02,$ 3357.71,5
1667,09:30:02,$ 3357.71,1
1668,09:30:02,$ 3357.71,225
1669,09:30:02,$ 3357.71,5
1670,09:30:02,$ 3357.71,5
1671,09:30:02,$ 3357.71,1
1672,09:30:02,$ 3357.71,1
1673,09:30:02,$ 3357.71,200
1674,09:30:02,$ 3357.71,37
1675,09:30:02,$ 3357.71,4
1676,09:30:02,$ 3357.71,4
1677,09:30:02,$ 3357.71,1
1678,09:30:02,$ 3357.71,6
1679,09:30:02,$ 3357.71,5
1681,09:30:02,$ 3357.71,2
1682,09:30:02,$ 3357.71,59
1683,09:30:02,$ 3357.71,2
1684,09:30:02,$ 3357.71,182
1685,09:30:02,$ 3357.71,5
1686,09:30:02,$ 3357.71,277
1687,09:30:02,$ 3357.71,428
1688,09:30:02,$ 3357.71,3
1689,09:30:02,$ 3357.71,3
1690,09:30:02,$ 3357.71,4
1691,09:30:02,$ 3357.71,1
1692,09:30:02,$ 3357.71,1
1693,09:30:02,$ 3357.71,1
1694,09:30:02,$ 3357.71,1
1695,09:30:02,$ 3357.71,1
1696,09:30:02,$ 3357.71,30
1697,09:30:02,$ 3357.71,1
1698,09:30:02,$ 3357.71,3
1699,09:30:02,$ 3357.71,1
1700,09:30:02,$ 3357.71,15
1702,09:30:02,$ 3357.71,1
1703,09:30:02,$ 3357.71,2
1704,09:30:02,$ 3357.71,2
1705,09:30:02,$ 3357.71,2
1706,09:30:02,$ 3357.71,1
1707,09:30:02,$ 3357.71,6
1708,09:30:02,$ 3357.71,3
1709,09:30:02,$ 3357.71,1
1710,09:30:02,$ 3357.71,1
1711,09:30:02,$ 3357.71,1
1712,09:30:02,$ 3357.71,1
1713,09:30:02,$ 3357.71,1
1714,09:30:02,$ 3357.71,2
1715,09:30:02,$ 3357.71,1
1716,09:30:02,$ 3357.71,1
1717,09:30:02,$ 3357.71,1
1718,09:30:02,$ 3357.71,1
1719,09:30:02,$ 3357.71,1
1720,09:30:02,$ 3357.71,1
1721,09:30:02,$ 3357.71,1
1723,09:30:02,$ 3357.71,1
1724,09:30:02,$ 3357.71,1
1725,09:30:02,$ 3357.71,1
1726,09:30:02,$ 3357.71,1
1727,09:30:02,$ 3357.71,1
1728,09:30:02,$ 3357.71,3
1729,09:30:02,$ 3357.71,5
1730,09:30:02,$ 3357.71,68
1731,09:30:02,$ 3357.71,31
1732,09:30:02,$ 3357.71,1
1733,09:30:02,$ 3357.71,2
1734,09:30:02,$ 3357.71,1
1735,09:30:02,$ 3357.71,2
1736,09:30:02,$ 3357.71,2
1737,09:30:02,$ 3357.71,1
1738,09:30:02,$ 3357.71,1
1739,09:30:02,$ 3357.71,6
1740,09:30:02,$ 3357.71,3
1741,09:30:02,$ 3357.71,1
1742,09:30:02,$ 3357.71,3
1744,09:30:02,$ 3357.71,1
1745,09:30:02,$ 3357.71,540
1746,09:30:02,$ 3357.71,5
1747,09:30:02,$ 3357.71,1
1748,09:30:02,$ 3357.71,2
1749,09:30:02,$ 3357.71,12
1750,09:30:02,$ 3357.71,1
1751,09:30:02,$ 3357.71,1
1752,09:30:02,$ 3357.71,3
1753,09:30:02,$ 3357.71,1
1754,09:30:02,$ 3357.71,1
1755,09:30:02,$ 3357.71,1
1756,09:30:02,$ 3357.71,30
1757,09:30:02,$ 3357.71,6
1758,09:30:02,$ 3357.71,2
1759,09:30:02,$ 3357.71,1
1760,09:30:02,$ 3357.71,2
1761,09:30:02,$ 3357.71,1
1762,09:30:02,$ 3357.71,6
1763,09:30:02,$ 3357.71,410
1765,09:30:02,$ 3357.71,135
1766,09:30:02,$ 3357.71,1
1767,09:30:02,$ 3357.71,2
1768,09:30:02,$ 3357.71,99
1769,09:30:02,$ 3357.71,27
1770,09:30:02,$ 3357.71,564
1771,09:30:02,$ 3357.71,677
1772,09:30:02,$ 3357.71,451
1773,09:30:02,$ 3357.71,300
1774,09:30:02,$ 3357.71,452
1775,09:30:02,$ 3357.71,3
1776,09:30:02,$ 3357.71,396
1777,09:30:02,$ 3357.71,562
1778,09:30:02,$ 3357.71,1
1779,09:30:02,$ 3357.71,250
1780,09:30:02,$ 3357.71,2
1781,09:30:02,$ 3357.71,200
1782,09:30:02,$ 3357.71,3
1783,09:30:02,$ 3357.71,43
1784,09:30:02,$ 3357.71,5
1786,09:30:02,$ 3357.71,67
1787,09:30:02,$ 3357.71,16
1788,09:30:02,$ 3357.71,1
1789,09:30:02,$ 3357.71,19
1790,09:30:02,$ 3357.71,3
1791,09:30:02,$ 3357.71,16
1792,09:30:02,$ 3357.71,90
1793,09:30:02,$ 3357.71,52
1794,09:30:02,$ 3357.71,3
1795,09:30:02,$ 3357.71,21
1796,09:30:02,$ 3357.71,23
1797,09:30:02,$ 3357.71,4
1798,09:30:02,$ 3357.71,33
1799,09:30:02,$ 3357.71,5
1800,09:30:02,$ 3357.71,1
1801,09:30:02,$ 3357.71,39
1802,09:30:02,$ 3357.71,50
1803,09:30:02,$ 3357.71,10
1804,09:30:02,$ 3357.71,2
1805,09:30:02,$ 3357.71,100
1807,09:30:02,$ 3357.71,2
1808,09:30:02,$ 3357.71,11
1809,09:30:02,$ 3357.71,5
1810,09:30:02,$ 3357.71,4
1811,09:30:02,$ 3357.71,107
1812,09:30:02,$ 3357.71,7
1813,09:30:02,$ 3357.71,151
1814,09:30:02,$ 3357.71,337
1815,09:30:02,$ 3357.71,40
1816,09:30:02,$ 3357.71,2
1817,09:30:02,$ 3357.71,"1,281"
1818,09:30:02,$ 3357.71,2
1819,09:30:02,$ 3357.71,633
1820,09:30:02,$ 3357.71,56
1821,09:30:02,$ 3357.71,10
1822,09:30:02,$ 3357.71,2
1823,09:30:02,$ 3357.71,6
1824,09:30:02,$ 3357.71,15
1825,09:30:02,$ 3357.71,1
1826,09:30:02,$ 3357.71,5
1828,09:30:02,$ 3357.71,2
1829,09:30:02,$ 3357.71,1
1830,09:30:02,$ 3357.71,1
1831,09:30:02,$ 3357.71,2
1832,09:30:02,$ 3357.71,1
1833,09:30:02,$ 3357.71,10
1834,09:30:02,$ 3357.71,6
1835,09:30:02,$ 3357.71,1
1836,09:30:02,$ 3357.71,2
1837,09:30:02,$ 3357.71,9
1838,09:30:02,$ 3357.71,7
1839,09:30:02,$ 3357.71,2
1840,09:30:02,$ 3357.71,3
1841,09:30:02,$ 3357.71,1
1842,09:30:02,$ 3357.71,7
1843,09:30:02,$ 3357.71,2
1844,09:30:02,$ 3357.71,11
1845,09:30:02,$ 3357.71,30
1846,09:30:02,$ 3357.71,2
1847,09:30:02,$ 3357.71,116
1849,09:30:02,$ 3357.71,1
1850,09:30:02,$ 3357.71,7
1851,09:30:02,$ 3357.71,2
1852,09:30:02,$ 3357.71,8
1853,09:30:02,$ 3357.71,6
1854,09:30:02,$ 3357.71,25
1855,09:30:02,$ 3357.71,10
1856,09:30:02,$ 3357.71,1
1857,09:30:02,$ 3357.71,7
1858,09:30:02,$ 3357.71,1
1859,09:30:02,$ 3357.71,11
1860,09:30:02,$ 3357.71,8
1861,09:30:02,$ 3357.71,8
1862,09:30:02,$ 3357.71,29
1863,09:30:02,$ 3357.71,1
1864,09:30:02,$ 3357.71,11
1865,09:30:02,$ 3357.71,4
1866,09:30:02,$ 3357.71,3
1867,09:30:02,$ 3357.71,5
1868,09:30:02,$ 3357.71,10
1870,09:30:02,$ 3357.71,2
1871,09:30:02,$ 3357.71,1
1872,09:30:02,$ 3357.71,53
1873,09:30:02,$ 3357.71,6
1874,09:30:02,$ 3357.71,100
1875,09:30:02,$ 3357.71,16
1876,09:30:02,$ 3357.71,200
1877,09:30:02,$ 3357.71,150
1878,09:30:02,$ 3357.71,5
1879,09:30:02,$ 3357.71,100
1880,09:30:02,$ 3357.71,1
1881,09:30:02,$ 3357.71,4
1882,09:30:02,$ 3357.71,"2,155"
1883,09:30:02,$ 3357.71,1
1884,09:30:02,$ 3357.71,5
1885,09:30:02,$ 3357.71,1
1886,09:30:02,$ 3357.71,3
1887,09:30:02,$ 3357.71,3
1888,09:30:02,$ 3357.71,4
1889,09:30:02,$ 3357.71,75
1891,09:30:02,$ 3357.71,"1,000"
1892,09:30:02,$ 3357.71,122
1893,09:30:02,$ 3357.71,50
1894,09:30:02,$ 3357.71,1
1895,09:30:02,$ 3357.71,1
1896,09:30:02,$ 3357.71,3
1897,09:30:02,$ 3357.71,18
1898,09:30:02,$ 3357.71,10
1899,09:30:02,$ 3357.71,10
1900,09:30:02,$ 3357.71,1
1901,09:30:02,$ 3357.71,2
1902,09:30:02,$ 3357.71,1
1903,09:30:02,$ 3357.71,1
1904,09:30:02,$ 3357.71,9
1905,09:30:02,$ 3357.71,45
1906,09:30:02,$ 3357.71,1
1907,09:30:02,$ 3357.71,9
1908,09:30:02,$ 3357.71,12
1909,09:30:02,$ 3357.71,9
1910,09:30:02,$ 3357.71,12
1912,09:30:02,$ 3357.71,4
1913,09:30:02,$ 3357.71,1
1914,09:30:02,$ 3357.71,5
1915,09:30:02,$ 3357.71,3
1916,09:30:02,$ 3357.71,69
1917,09:30:02,$ 3357.71,70
1918,09:30:02,$ 3357.71,1
1919,09:30:02,$ 3357.71,2
1920,09:30:02,$ 3357.71,4
1921,09:30:02,$ 3357.71,1
1922,09:30:02,$ 3357.71,1
1923,09:30:02,$ 3357.71,8
1924,09:30:02,$ 3357.71,1
1925,09:30:02,$ 3357.71,5
1926,09:30:02,$ 3357.71,400
1927,09:30:02,$ 3357.71,1
1928,09:30:02,$ 3357.71,2
1929,09:30:02,$ 3357.71,11
1930,09:30:02,$ 3357.71,1
1931,09:30:02,$ 3357.71,1
1933,09:30:02,$ 3357.71,2
1934,09:30:02,$ 3357.71,26
1935,09:30:02,$ 3357.71,3
1936,09:30:02,$ 3357.71,24
1937,09:30:02,$ 3357.71,60
1938,09:30:02,$ 3357.71,7
1939,09:30:02,$ 3357.71,1
1940,09:30:02,$ 3357.71,4
1941,09:30:02,$ 3357.71,1
1942,09:30:02,$ 3357.71,10
1943,09:30:02,$ 3357.71,2
1944,09:30:02,$ 3357.71,1
1945,09:30:02,$ 3357.71,8
1946,09:30:02,$ 3357.71,1
1947,09:30:02,$ 3357.71,32
1948,09:30:02,$ 3357.71,141
1949,09:30:02,$ 3357.71,1
1950,09:30:02,$ 3357.71,4
1951,09:30:02,$ 3357.71,1
1952,09:30:02,$ 3357.71,29
1954,09:30:02,$ 3357.71,21
1955,09:30:02,$ 3357.71,26
1956,09:30:02,$ 3357.71,10
1957,09:30:02,$ 3357.71,16
1958,09:30:02,$ 3357.71,271
1959,09:30:02,$ 3357.71,1
1960,09:30:02,$ 3357.71,4
1961,09:30:02,$ 3357.71,25
1962,09:30:02,$ 3357.71,4
1963,09:30:02,$ 3357.71,1
1964,09:30:02,$ 3357.71,1
1965,09:30:02,$ 3357.71,1
1966,09:30:02,$ 3357.71,3
1967,09:30:02,$ 3357.71,1
1968,09:30:02,$ 3357.71,3
1969,09:30:02,$ 3357.71,50
1970,09:30:02,$ 3357.71,46
1971,09:30:02,$ 3357.71,17
1972,09:30:02,$ 3357.71,1
1973,09:30:02,$ 3357.71,2
1975,09:30:02,$ 3357.71,10
1976,09:30:02,$ 3357.71,27
1977,09:30:02,$ 3357.71,1
1978,09:30:02,$ 3357.71,10
1979,09:30:02,$ 3357.71,4
1980,09:30:02,$ 3357.71,100
1981,09:30:02,$ 3357.71,1
1982,09:30:02,$ 3357.71,20
1983,09:30:02,$ 3357.71,8
1984,09:30:02,$ 3357.71,1
1985,09:30:02,$ 3357.71,5
1986,09:30:02,$ 3357.71,1
1987,09:30:02,$ 3357.71,33
1988,09:30:02,$ 3357.71,2
1989,09:30:02,$ 3357.71,1
1990,09:30:02,$ 3357.71,10
1991,09:30:02,$ 3357.71,1
1992,09:30:02,$ 3357.71,23
1993,09:30:02,$ 3357.71,1
1994,09:30:02,$ 3357.71,1
1996,09:30:02,$ 3357.71,3
1997,09:30:02,$ 3357.71,1
1998,09:30:02,$ 3357.71,34
1999,09:30:02,$ 3357.71,2
2000,09:30:02,$ 3357.71,5
2001,09:30:02,$ 3357.71,1
2002,09:30:02,$ 3357.71,3
2003,09:30:02,$ 3357.71,228
2004,09:30:02,$ 3357.71,3
2005,09:30:02,$ 3357.71,3
2006,09:30:02,$ 3357.71,5
2007,09:30:02,$ 3357.71,1
2008,09:30:02,$ 3357.71,1
2009,09:30:02,$ 3357.71,2
2010,09:30:02,$ 3357.71,10
2011,09:30:02,$ 3357.71,1
2012,09:30:02,$ 3357.71,1
2013,09:30:02,$ 3357.71,1
2014,09:30:02,$ 3357.71,5
2015,09:30:02,$ 3357.71,46
2017,09:30:02,$ 3357.71,1
2018,09:30:02,$ 3357.71,500
2019,09:30:02,$ 3357.71,2
2020,09:30:02,$ 3357.71,1
2021,09:30:02,$ 3357.71,1
2022,09:30:02,$ 3357.71,1
2023,09:30:02,$ 3357.71,31
2024,09:30:02,$ 3357.71,3
2025,09:30:02,$ 3357.71,10
2026,09:30:02,$ 3357.71,2
2027,09:30:02,$ 3357.71,10
2028,09:30:02,$ 3357.71,3
2029,09:30:02,$ 3357.71,2
2030,09:30:02,$ 3357.71,3
2031,09:30:02,$ 3357.71,5
2032,09:30:02,$ 3357.71,5
2033,09:30:02,$ 3357.71,81
2034,09:30:02,$ 3357.71,1
2035,09:30:02,$ 3357.71,5
2036,09:30:02,$ 3357.71,5
2038,09:30:02,$ 3357.71,15
2039,09:30:02,$ 3357.71,1
2040,09:30:02,$ 3357.71,1
2041,09:30:02,$ 3357.71,1
2042,09:30:02,$ 3357.71,15
2043,09:30:02,$ 3357.71,1
2044,09:30:02,$ 3357.71,5
2045,09:30:02,$ 3357.71,1
2046,09:30:02,$ 3357.71,8
2047,09:30:02,$ 3357.71,2
2048,09:30:02,$ 3357.71,1
2049,09:30:02,$ 3357.71,10
2050,09:30:02,$ 3357.71,4
2051,09:30:02,$ 3357.71,2
2052,09:30:02,$ 3357.71,54
2053,09:30:02,$ 3357.71,3
2054,09:30:02,$ 3357.71,2
2055,09:30:02,$ 3357.71,3
2056,09:30:02,$ 3357.71,4
2057,09:30:02,$ 3357.71,17
2059,09:30:02,$ 3357.71,29
2060,09:30:02,$ 3357.71,66
2061,09:30:02,$ 3357.71,2
2062,09:30:02,$ 3357.71,8
2063,09:30:02,$ 3357.71,1
2064,09:30:02,$ 3357.71,6
2065,09:30:02,$ 3357.71,2
2066,09:30:02,$ 3357.71,10
2067,09:30:02,$ 3357.71,1
2068,09:30:02,$ 3357.71,2
2069,09:30:02,$ 3357.71,1
2070,09:30:02,$ 3357.71,4
2071,09:30:02,$ 3357.71,5
2072,09:30:02,$ 3357.71,1
2073,09:30:02,$ 3357.71,21
2074,09:30:02,$ 3357.71,2
2075,09:30:02,$ 3357.71,1
2076,09:30:02,$ 3357.71,1
2077,09:30:02,$ 3357.71,1
2078,09:30:02,$ 3357.71,1
2080,09:30:02,$ 3357.71,1
2081,09:30:02,$ 3357.71,1
2082,09:30:02,$ 3357.71,"2,000"
2083,09:30:02,$ 3357.71,40
2084,09:30:02,$ 3357.71,2
2085,09:30:02,$ 3357.71,1
2086,09:30:02,$ 3357.71,1
2087,09:30:02,$ 3357.71,1
2088,09:30:02,$ 3357.71,2
2089,09:30:02,$ 3357.71,5
2090,09:30:02,$ 3357.71,2
2091,09:30:02,$ 3357.71,3
2092,09:30:02,$ 3357.71,2
2093,09:30:02,$ 3357.71,2
2094,09:30:02,$ 3357.71,1
2095,09:30:02,$ 3357.71,1
2096,09:30:02,$ 3357.71,1
2097,09:30:02,$ 3357.71,1
2098,09:30:02,$ 3357.71,2
2099,09:30:02,$ 3357.71,2
2101,09:30:02,$ 3357.71,1
2102,09:30:02,$ 3357.71,1
2103,09:30:02,$ 3357.71,1
2104,09:30:02,$ 3357.71,7
2105,09:30:02,$ 3357.71,2
2106,09:30:02,$ 3357.71,2
2107,09:30:02,$ 3357.71,2
2108,09:30:02,$ 3357.71,1
2109,09:30:02,$ 3357.71,10
2110,09:30:02,$ 3357.71,5
2111,09:30:02,$ 3357.71,40
2112,09:30:02,$ 3357.71,3
2113,09:30:02,$ 3357.71,4
2114,09:30:02,$ 3357.71,1
2115,09:30:02,$ 3357.71,1
2116,09:30:02,$ 3357.71,22
2117,09:30:02,$ 3357.71,260
2118,09:30:02,$ 3357.71,1
2119,09:30:02,$ 3357.71,3
2120,09:30:02,$ 3357.71,1
2122,09:30:02,$ 3357.71,4
2123,09:30:02,$ 3357.71,1
2124,09:30:02,$ 3357.71,5
2125,09:30:02,$ 3357.71,5
2126,09:30:02,$ 3357.71,4
2127,09:30:02,$ 3357.71,10
2128,09:30:02,$ 3357.71,130
2129,09:30:02,$ 3357.71,35
2130,09:30:02,$ 3357.71,2
2131,09:30:02,$ 3357.71,1
2132,09:30:02,$ 3357.71,5
2133,09:30:02,$ 3357.71,5
2134,09:30:02,$ 3357.71,10
2135,09:30:02,$ 3357.71,7
2136,09:30:02,$ 3357.71,10
2137,09:30:02,$ 3357.71,2
2138,09:30:02,$ 3357.71,1
2139,09:30:02,$ 3357.71,5
2140,09:30:02,$ 3357.71,10
2141,09:30:02,$ 3357.71,1
2143,09:30:02,$ 3357.71,3
2144,09:30:02,$ 3357.71,11
2145,09:30:02,$ 3357.71,11
2146,09:30:02,$ 3357.71,1
2147,09:30:02,$ 3357.71,1
2148,09:30:02,$ 3357.71,1
2149,09:30:02,$ 3357.71,96
2150,09:30:02,$ 3357.71,100
2151,09:30:02,$ 3357.71,"1,000"
2152,09:30:02,$ 3357.71,5
2153,09:30:02,$ 3357.71,2
2154,09:30:02,$ 3357.71,29
2155,09:30:02,$ 3357.71,33
2156,09:30:02,$ 3357.71,42
2157,09:30:02,$ 3357.71,7
2158,09:30:02,$ 3357.71,168
2159,09:30:02,$ 3357.71,41
2160,09:30:02,$ 3357.71,2
2161,09:30:02,$ 3357.71,5
2162,09:30:02,$ 3357.71,1
2164,09:30:02,$ 3357.71,8
2165,09:30:02,$ 3357.71,5
2166,09:30:02,$ 3357.71,1
2167,09:30:02,$ 3357.71,8
2168,09:30:02,$ 3357.71,42
2169,09:30:02,$ 3357.71,41
2170,09:30:02,$ 3357.71,41
2171,09:30:02,$ 3357.71,42
2172,09:30:02,$ 3357.71,1
2173,09:30:02,$ 3357.71,1
2174,09:30:02,$ 3357.71,2
2175,09:30:02,$ 3357.71,1
2176,09:30:02,$ 3357.71,1
2177,09:30:02,$ 3357.71,1
2178,09:30:02,$ 3357.71,1
2179,09:30:02,$ 3357.71,1
2180,09:30:02,$ 3357.71,1
2181,09:30:02,$ 3357.71,41
2182,09:30:02,$ 3357.71,1
2183,09:30:02,$ 3357.71,42
2185,09:30:02,$ 3357.71,657
2186,09:30:02,$ 3357.71,41
2187,09:30:02,$ 3357.71,2
2188,09:30:02,$ 3357.71,41
2189,09:30:02,$ 3357.71,14
2190,09:30:02,$ 3357.71,100
2191,09:30:02,$ 3357.71,42
2192,09:30:02,$ 3357.71,2
2193,09:30:02,$ 3357.71,1
2194,09:30:02,$ 3357.71,2
2195,09:30:02,$ 3357.71,1
2196,09:30:02,$ 3357.71,3
2197,09:30:02,$ 3357.71,5
2198,09:30:02,$ 3357.71,1
2199,09:30:02,$ 3357.71,225
2200,09:30:02,$ 3357.71,1
2201,09:30:02,$ 3357.71,1
2202,09:30:02,$ 3357.71,50
2203,09:30:02,$ 3357.71,3
2204,09:30:02,$ 3357.71,4
2206,09:30:02,$ 3357.71,40
2207,09:30:02,$ 3357.71,5
2208,09:30:02,$ 3357.71,3
2209,09:30:02,$ 3357.71,1
2210,09:30:02,$ 3357.71,1
2211,09:30:02,$ 3357.71,5
2212,09:30:02,$ 3357.71,1
2213,09:30:02,$ 3357.71,3
2214,09:30:02,$ 3357.71,5
2215,09:30:02,$ 3357.71,2
2216,09:30:02,$ 3357.71,10
2217,09:30:02,$ 3357.71,7
2218,09:30:02,$ 3357.71,1
2219,09:30:02,$ 3357.71,1
2220,09:30:02,$ 3357.71,4
2221,09:30:02,$ 3357.71,1
2222,09:30:02,$ 3357.71,3
2223,09:30:02,$ 3357.71,5
2224,09:30:02,$ 3357.71,1
2225,09:30:02,$ 3357.71,1
2227,09:30:02,$ 3357.71,1
2228,09:30:02,$ 3357.71,1
2229,09:30:02,$ 3357.71,41
2230,09:30:02,$ 3357.71,2
2231,09:30:02,$ 3357.71,42
2232,09:30:02,$ 3357.71,41
2233,09:30:02,$ 3357.71,41
2234,09:30:02,$ 3357.71,42
2235,09:30:02,$ 3357.71,2
2236,09:30:02,$ 3357.71,1
2237,09:30:02,$ 3357.71,1
2238,09:30:02,$ 3357.71,1
2239,09:30:02,$ 3357.71,10
2240,09:30:02,$ 3357.71,25
2241,09:30:02,$ 3357.71,41
2242,09:30:02,$ 3357.71,41
2243,09:30:02,$ 3357.71,42
2244,09:30:02,$ 3357.71,41
2245,09:30:02,$ 3357.71,5
2246,09:30:02,$ 3357.71,1
2248,09:30:02,$ 3357.71,50
2249,09:30:02,$ 3357.71,1
2250,09:30:02,$ 3357.71,42
2251,09:30:02,$ 3357.71,41
2252,09:30:02,$ 3357.71,1
2253,09:30:02,$ 3357.71,41
2254,09:30:02,$ 3357.71,789
2255,09:30:02,$ 3357.71,42
2256,09:30:02,$ 3357.71,41
2257,09:30:02,$ 3357.71,84
2258,09:30:02,$ 3357.71,3
2259,09:30:02,$ 3357.71,5
2260,09:30:02,$ 3357.71,2
2261,09:30:02,$ 3357.71,42
2262,09:30:02,$ 3357.71,41
2263,09:30:02,$ 3357.71,41
2264,09:30:02,$ 3357.71,4
2265,09:30:02,$ 3357.71,42
2266,09:30:02,$ 3357.71,100
2267,09:30:02,$ 3357.71,500
2269,09:30:02,$ 3357.71,2
2270,09:30:02,$ 3357.71,1
2271,09:30:02,$ 3357.71,41
2272,09:30:02,$ 3357.71,1
2273,09:30:02,$ 3357.71,42
2274,09:30:02,$ 3357.71,41
2275,09:30:02,$ 3357.71,526
2276,09:30:02,$ 3357.71,41
2277,09:30:02,$ 3357.71,42
2278,09:30:02,$ 3357.71,100
2279,09:30:02,$ 3357.71,19
2280,09:30:02,$ 3357.71,3
2281,09:30:02,$ 3357.71,3
2282,09:30:02,$ 3357.71,3
2283,09:30:02,$ 3357.71,10
2284,09:30:02,$ 3357.71,1
2285,09:30:02,$ 3357.71,12
2286,09:30:02,$ 3357.71,1
2287,09:30:02,$ 3357.71,41
2288,09:30:02,$ 3357.71,42
2290,09:30:02,$ 3357.71,41
2291,09:30:02,$ 3357.71,41
2292,09:30:02,$ 3357.71,100
2293,09:30:02,$ 3357.71,8
2294,09:30:02,$ 3357.71,177
2295,09:30:02,$ 3357.71,1
2296,09:30:02,$ 3357.71,1
2297,09:30:02,$ 3357.71,3
2298,09:30:02,$ 3357.71,1
2299,09:30:02,$ 3357.71,5
2300,09:30:02,$ 3357.71,42
2301,09:30:02,$ 3357.71,193
2302,09:30:02,$ 3357.71,41
2303,09:30:02,$ 3357.71,42
2304,09:30:02,$ 3357.71,41
2305,09:30:02,$ 3357.71,41
2306,09:30:02,$ 3357.71,100
2307,09:30:02,$ 3357.71,55
2308,09:30:02,$ 3357.71,42
2309,09:30:02,$ 3357.71,16
2311,09:30:02,$ 3357.71,41
2312,09:30:02,$ 3357.71,30
2313,09:30:02,$ 3357.71,42
2314,09:30:02,$ 3357.71,1
2315,09:30:02,$ 3357.71,41
2316,09:30:02,$ 3357.71,41
2317,09:30:02,$ 3357.71,1
2318,09:30:02,$ 3357.71,1
2319,09:30:02,$ 3357.71,1
2320,09:30:02,$ 3357.71,6
2321,09:30:02,$ 3357.71,1
2322,09:30:02,$ 3357.71,42
2323,09:30:02,$ 3357.71,1
2324,09:30:02,$ 3357.71,41
2325,09:30:02,$ 3357.71,41
2326,09:30:02,$ 3357.71,42
2327,09:30:02,$ 3357.71,10
2328,09:30:02,$ 3357.71,1
2329,09:30:02,$ 3357.71,41
2330,09:30:02,$ 3357.71,42
2332,09:30:02,$ 3357.71,1
2333,09:30:02,$ 3357.71,41
2334,09:30:02,$ 3357.71,41
2335,09:30:02,$ 3357.71,42
2336,09:30:02,$ 3357.71,8
2337,09:30:02,$ 3357.71,3
2338,09:30:02,$ 3357.71,2
2339,09:30:02,$ 3357.71,1
2340,09:30:02,$ 3357.71,1
2341,09:30:02,$ 3357.71,2
2342,09:30:02,$ 3357.71,1
2343,09:30:02,$ 3357.71,1
2344,09:30:02,$ 3357.71,5
2345,09:30:02,$ 3357.71,41
2346,09:30:02,$ 3357.71,42
2347,09:30:02,$ 3357.71,15
2348,09:30:02,$ 3357.71,41
2349,09:30:02,$ 3357.71,182
2350,09:30:02,$ 3357.71,1
2351,09:30:02,$ 3357.71,41
2353,09:30:02,$ 3357.71,26
2354,09:30:02,$ 3357.71,3
2355,09:30:02,$ 3357.71,42
2356,09:30:02,$ 3357.71,1
2357,09:30:02,$ 3357.71,30
2358,09:30:02,$ 3357.71,41
2359,09:30:02,$ 3357.71,42
2360,09:30:02,$ 3357.71,41
2361,09:30:02,$ 3357.71,1
2362,09:30:02,$ 3357.71,2
2363,09:30:02,$ 3357.71,41
2364,09:30:02,$ 3357.71,42
2365,09:30:02,$ 3357.71,41
2366,09:30:02,$ 3357.71,16
2367,09:30:02,$ 3357.71,1
2368,09:30:02,$ 3357.71,42
2369,09:30:02,$ 3357.71,41
2370,09:30:02,$ 3357.71,1
2371,09:30:02,$ 3357.71,1
2372,09:30:02,$ 3357.71,41
2374,09:30:02,$ 3357.71,42
2375,09:30:02,$ 3357.71,41
2376,09:30:02,$ 3357.71,42
2377,09:30:02,$ 3357.71,41
2378,09:30:02,$ 3357.71,41
2379,09:30:02,$ 3357.71,42
2380,09:30:02,$ 3357.71,41
2381,09:30:02,$ 3357.71,18
2382,09:30:02,$ 3357.71,41
2383,09:30:02,$ 3357.71,42
2384,09:30:02,$ 3357.71,1
2385,09:30:02,$ 3357.71,1
2386,09:30:02,$ 3357.71,60
2387,09:30:02,$ 3357.71,10
2388,09:30:02,$ 3357.71,1
2389,09:30:02,$ 3357.71,1
2390,09:30:02,$ 3357.71,1
2391,09:30:02,$ 3357.71,1
2392,09:30:02,$ 3357.71,5
2393,09:30:02,$ 3357.71,1
2395,09:30:02,$ 3357.71,10
2396,09:30:02,$ 3357.71,41
2397,09:30:02,$ 3357.71,42
2398,09:30:02,$ 3357.71,41
2399,09:30:02,$ 3357.71,41
2400,09:30:02,$ 3357.71,42
2401,09:30:02,$ 3357.71,41
2402,09:30:02,$ 3357.71,42
2403,09:30:02,$ 3357.71,1
2404,09:30:02,$ 3357.71,41
2405,09:30:02,$ 3357.71,21
2406,09:30:02,$ 3357.71,21
2407,09:30:02,$ 3357.71,22
2408,09:30:02,$ 3357.71,21
2409,09:30:02,$ 3357.71,21
2410,09:30:02,$ 3357.71,66
2411,09:30:02,$ 3357.71,21
2412,09:30:02,$ 3357.71,21
2413,09:30:02,$ 3357.71,30
2414,09:30:02,$ 3357.71,22
2416,09:30:02,$ 3357.71,21
2417,09:30:02,$ 3357.71,21
2418,09:30:02,$ 3357.71,1
2419,09:30:02,$ 3357.71,5
2420,09:30:02,$ 3357.71,1
2421,09:30:02,$ 3357.71,2
2422,09:30:02,$ 3357.71,2
2423,09:30:02,$ 3357.71,4
2424,09:30:02,$ 3357.71,25
2425,09:30:02,$ 3357.71,3
2426,09:30:02,$ 3357.71,1
2427,09:30:02,$ 3357.71,1
2428,09:30:02,$ 3357.71,6
2429,09:30:02,$ 3357.71,13
2430,09:30:02,$ 3357.71,10
2431,09:30:02,$ 3357.71,19
2432,09:30:02,$ 3357.71,1
2433,09:30:02,$ 3357.71,4
2434,09:30:02,$ 3357.71,1
2435,09:30:02,$ 3357.71,1
2437,09:30:02,$ 3357.71,26
2438,09:30:02,$ 3357.71,9
2439,09:30:02,$ 3357.71,4
2440,09:30:02,$ 3357.71,3
2441,09:30:02,$ 3357.71,168
2442,09:30:02,$ 3357.71,129
2443,09:30:02,$ 3357.71,29
2444,09:30:02,$ 3357.71,6
2445,09:30:02,$ 3357.71,1
2446,09:30:02,$ 3357.71,3
2447,09:30:02,$ 3357.71,2
2448,09:30:02,$ 3357.71,5
2449,09:30:02,$ 3357.71,1
2450,09:30:02,$ 3357.71,1
2451,09:30:02,$ 3357.71,10
2452,09:30:02,$ 3357.71,1
2453,09:30:02,$ 3357.71,8
2454,09:30:02,$ 3357.71,1
2455,09:30:02,$ 3357.71,1
2456,09:30:02,$ 3357.71,1
2458,09:30:02,$ 3357.71,4
2459,09:30:02,$ 3357.71,114
2460,09:30:02,$ 3357.71,3
2461,09:30:02,$ 3357.71,12
2462,09:30:02,$ 3357.71,1
2463,09:30:02,$ 3357.71,5
2464,09:30:02,$ 3357.71,5
2465,09:30:02,$ 3357.71,1
2466,09:30:02,$ 3357.71,1
2467,09:30:02,$ 3357.71,1
2468,09:30:02,$ 3357.71,1
2469,09:30:02,$ 3357.71,1
2470,09:30:02,$ 3357.71,1
2471,09:30:02,$ 3357.71,5
2472,09:30:01,$ 3359.75,100
2474,10:29:52,$ 3331.97,100
2475,10:29:52,$ 3331.965,100
2476,10:29:51,$ 3330.68,130
2477,10:29:41,$ 3329.57,200
2478,10:29:38,$ 3329.69,100
2479,10:29:35,$ 3330.33,100
2480,10:29:32,$ 3330.21,100
2481,10:29:24,$ 3328.915,150
2482,10:29:21,$ 3328.965,100
2483,10:29:21,$ 3328.06,100
2484,10:29:11,$ 3330.10,100
2485,10:29:08,$ 3330.085,500
2486,10:29:05,$ 3329.81,100
2487,10:29:00,$ 3329.85,100
2488,10:29:00,$ 3329.77,100
2489,10:28:59,$ 3329.75,100
2490,10:28:59,$ 3329.77,100
2491,10:28:59,$ 3329.74,100
2492,10:28:59,$ 3329.64,100
2493,10:28:59,$ 3329.72,100
2495,10:28:59,$ 3329.72,100
2496,10:28:59,$ 3329.73,100
2497,10:28:46,$ 3330.14,200
2498,10:28:46,$ 3329.52,100
2499,10:28:36,$ 3329.70,100
2500,10:28:36,$ 3330.97,100
2501,10:28:35,$ 3330.425,100
2502,10:28:32,$ 3329.50,100
2503,10:28:32,$ 3329.75,100
2504,10:28:32,$ 3329.50,234
2505,10:28:30,$ 3328.97,100
2506,10:28:17,$ 3326.43,100
2507,10:28:12,$ 3325.74,100
2508,10:27:55,$ 3326.54,168
2509,10:27:55,$ 3326.57,100
2510,10:27:49,$ 3327.6325,100
2511,10:27:46,$ 3327.865,100
2512,10:27:46,$ 3328.505,500
2513,10:27:43,$ 3326.185,200
2514,10:27:36,$ 3326.315,100
2516,10:27:35,$ 3326.53,100
2517,10:27:35,$ 3326.53,100
2518,10:27:35,$ 3326.51,100
2519,10:27:25,$ 3326.9425,100
2520,10:27:25,$ 3326.845,100
2521,10:27:22,$ 3326.825,100
2522,10:27:13,$ 3326.9875,100
2523,10:27:13,$ 3326.18,100
2524,10:27:12,$ 3327.25,100
2525,10:27:07,$ 3324.52,100
2526,10:27:02,$ 3324.895,100
2527,10:27:01,$ 3324.895,100
2528,10:26:48,$ 3324.42,150
2529,10:26:47,$ 3323.45,100
2530,10:26:47,$ 3323.60,100
2531,10:26:40,$ 3323.45,100
2532,10:26:39,$ 3322.57,100
2533,10:26:39,$ 3322.57,100
2534,10:26:33,$ 3323.07,100
2535,10:26:22,$ 3324.98,120
2537,10:26:16,$ 3325.0211,100
2538,10:26:14,$ 3325.565,100
2539,10:26:08,$ 3325.14,100
2540,10:26:08,$ 3325.12,100
2541,10:25:54,$ 3327.505,100
2542,10:25:53,$ 3327.14,100
2543,10:25:53,$ 3327.14,100
2544,10:25:49,$ 3327.625,200
2545,10:25:48,$ 3327.22,106
2546,10:25:41,$ 3325.14,100
2547,10:25:39,$ 3326.83,100
2548,10:25:39,$ 3326.83,100
2549,10:25:34,$ 3326.83,100
2550,10:25:28,$ 3325.36,135
2551,10:25:26,$ 3325.00,100
2552,10:25:20,$ 3325.8472,100
2553,10:25:20,$ 3325.8418,100
2554,10:25:19,$ 3325.92,100
2555,10:25:12,$ 3326.96,100
2556,10:25:12,$ 3327.24,100
2558,10:25:12,$ 3327.20,100
2559,10:25:11,$ 3327.3967,100
2560,10:25:09,$ 3328.18,100
2561,10:25:09,$ 3328.00,100
2562,10:25:07,$ 3327.18,200
2563,10:25:02,$ 3328.01,100
2564,10:25:02,$ 3327.815,100
2565,10:25:02,$ 3327.64,100
2566,10:24:59,$ 3329.34,100
2567,10:24:59,$ 3329.34,100
2568,10:24:54,$ 3328.465,100
2569,10:24:52,$ 3327.29,100
2570,10:24:47,$ 3328.34,500
2571,10:24:47,$ 3328.24,100
2572,10:24:46,$ 3327.34,100
2573,10:24:46,$ 3327.34,100
2574,10:24:46,$ 3327.34,100
2575,10:24:44,$ 3326.82,100
2576,10:24:44,$ 3326.80,100
2577,10:24:43,$ 3326.98,100
2579,10:24:43,$ 3326.80,100
2580,10:24:42,$ 3326.825,100
2581,10:24:42,$ 3326.825,100
2582,10:24:41,$ 3327.34,106
2583,10:24:39,$ 3327.20,100
2584,10:24:37,$ 3326.87,100
2585,10:24:37,$ 3327.38,100
2586,10:24:37,$ 3327.085,100
2587,10:24:37,$ 3326.125,100
2588,10:24:29,$ 3327.02,100
2589,10:24:24,$ 3324.51,100
2590,10:24:10,$ 3324.74,100
2591,10:24:10,$ 3324.74,100
2592,10:24:10,$ 3324.76,100
2593,10:24:09,$ 3325.03,100
2594,10:24:09,$ 3325.02,100
2595,10:24:09,$ 3325.01,100
2596,10:24:02,$ 3326.1062,100
2597,10:23:38,$ 3326.638,100
2598,10:23:32,$ 3327.41,100
2600,10:23:26,$ 3328.00,100
2601,10:23:26,$ 3327.1767,398
2602,10:23:26,$ 3327.1767,164
2603,10:23:24,$ 3327.22,100
2604,10:23:24,$ 3326.06,100
2605,10:23:07,$ 3325.55,393
2606,10:23:06,$ 3326.22,100
2607,10:22:53,$ 3326.71,120
2608,10:22:45,$ 3327.33,128
2609,10:22:45,$ 3327.33,100
2610,10:22:44,$ 3325.9616,500
2611,10:22:43,$ 3327.325,111
2612,10:22:41,$ 3327.00,100
2613,10:22:38,$ 3326.275,100
2614,10:22:27,$ 3325.7384,120
2615,10:22:22,$ 3325.5324,150
2616,10:22:17,$ 3327.59,100
2617,10:22:15,$ 3326.6472,290
2618,10:22:14,$ 3326.9703,100
2619,10:22:11,$ 3325.86,500
2621,10:21:43,$ 3326.66,100
2622,10:21:43,$ 3325.84,100
2623,10:21:43,$ 3325.79,100
2624,10:21:43,$ 3325.75,100
2625,10:21:38,$ 3325.636,100
2626,10:21:38,$ 3325.63,100
2627,10:21:38,$ 3325.61,100
2628,10:21:38,$ 3325.63,100
2629,10:21:37,$ 3325.69,100
2630,10:21:37,$ 3325.495,100
2631,10:21:34,$ 3325.662,111
2632,10:21:31,$ 3324.51,100
2633,10:21:31,$ 3325.06,100
2634,10:21:31,$ 3324.98,100
2635,10:21:31,$ 3324.99,100
2636,10:21:27,$ 3324.86,100
2637,10:21:23,$ 3322.45,100
2638,10:21:23,$ 3322.50,100
2639,10:21:22,$ 3321.56,300
2640,10:21:22,$ 3322.03,250
2642,10:21:21,$ 3321.61,100
2643,10:21:21,$ 3321.60,100
2644,10:21:15,$ 3322.54,110
2645,10:21:15,$ 3322.54,100
2646,10:21:15,$ 3322.54,100
2647,10:21:15,$ 3322.00,100
2648,10:21:15,$ 3322.00,100
2649,10:21:15,$ 3322.12,100
2650,10:21:15,$ 3322.12,100
2651,10:21:13,$ 3322.12,310
2652,10:21:13,$ 3322.12,585
2653,10:21:13,$ 3322.12,104
2654,10:21:12,$ 3322.50,100
2655,10:21:12,$ 3322.50,300
2656,10:21:09,$ 3322.71,100
2657,10:21:08,$ 3323.085,100
2658,10:21:07,$ 3323.425,100
2659,10:21:06,$ 3323.425,100
2660,10:21:00,$ 3323.825,100
2661,10:21:00,$ 3323.24,100
2663,10:20:59,$ 3323.725,100
2664,10:20:58,$ 3323.23,116
2665,10:20:58,$ 3323.23,131
2666,10:20:58,$ 3323.91,100
2667,10:20:57,$ 3323.50,100
2668,10:20:57,$ 3323.50,100
2669,10:20:52,$ 3323.51,100
2670,10:20:52,$ 3323.51,100
2671,10:20:52,$ 3323.50,100
2672,10:20:52,$ 3324.03,100
2673,10:20:52,$ 3324.37,200
2674,10:20:52,$ 3324.37,100
2675,10:20:52,$ 3324.60,100
2676,10:20:52,$ 3324.71,100
2677,10:20:47,$ 3324.52,400
2678,10:20:40,$ 3324.02,400
2679,10:20:40,$ 3324.05,100
2680,10:20:40,$ 3324.015,400
2681,10:20:39,$ 3323.925,100
2682,10:20:39,$ 3324.015,100
2684,10:20:39,$ 3324.0225,100
2685,10:20:38,$ 3324.52,200
2686,10:20:34,$ 3324.6905,100
2687,10:20:16,$ 3324.51,100
2688,10:20:15,$ 3324.24,100
2689,10:20:12,$ 3323.745,100
2690,10:20:09,$ 3324.00,100
2691,10:20:04,$ 3324.89,100
2692,10:19:57,$ 3324.49,100
2693,10:19:43,$ 3324.7329,100
2694,10:19:37,$ 3326.82,100
2695,10:19:34,$ 3326.01,100
2696,10:19:34,$ 3326.33,100
2697,10:19:34,$ 3326.01,100
2698,10:19:34,$ 3325.76,100
2699,10:19:34,$ 3325.76,100
2700,10:19:34,$ 3325.91,100
2701,10:19:16,$ 3324.76,100
2702,10:19:16,$ 3325.02,100
2703,10:19:02,$ 3325.38,100
2705,10:18:57,$ 3325.89,100
2706,10:18:47,$ 3326.42,100
2707,10:18:38,$ 3325.8552,200
2708,10:18:33,$ 3326.645,100
2709,10:18:32,$ 3326.713,375
2710,10:18:32,$ 3327.568,100
2711,10:18:28,$ 3325.40,100
2712,10:18:20,$ 3324.87,100
2713,10:18:20,$ 3324.51,100
2714,10:18:10,$ 3324.88,100
2715,10:18:05,$ 3324.26,100
2716,10:18:04,$ 3324.77,480
2717,10:17:48,$ 3324.51,100
2718,10:17:46,$ 3324.725,100
2719,10:17:46,$ 3324.95,100
2720,10:17:42,$ 3324.67,100
2721,10:17:42,$ 3325.00,100
2722,10:17:42,$ 3325.00,100
2723,10:17:41,$ 3326.8559,500
2724,10:17:36,$ 3326.009,250
2726,10:17:34,$ 3325.54,100
2727,10:17:33,$ 3325.66,100
2728,10:17:16,$ 3327.77,250
2729,10:17:11,$ 3327.495,100
2730,10:17:01,$ 3328.57,100
2731,10:17:01,$ 3328.795,150
2732,10:17:00,$ 3328.50,100
2733,10:17:00,$ 3328.29,250
2734,10:16:47,$ 3330.07,100
2735,10:16:47,$ 3330.075,200
2736,10:16:41,$ 3331.1072,200
2737,10:16:25,$ 3331.625,100
2738,10:16:21,$ 3331.63,100
2739,10:16:19,$ 3332.36,100
2740,10:16:19,$ 3331.89,100
2741,10:16:19,$ 3331.89,100
2742,10:16:16,$ 3330.63,100
2743,10:16:16,$ 3330.63,100
2744,10:16:16,$ 3331.13,100
2745,10:16:13,$ 3330.36,100
2747,10:16:02,$ 3330.65,100
2748,10:16:00,$ 3330.66,100
2749,10:16:00,$ 3330.70,100
2750,10:15:54,$ 3332.99,100
2751,10:15:54,$ 3332.91,100
2752,10:15:54,$ 3332.3125,200
2753,10:15:54,$ 3332.41,100
2754,10:15:54,$ 3333.00,100
2755,10:15:54,$ 3332.825,100
2756,10:15:54,$ 3332.975,100
2757,10:15:53,$ 3331.175,100
2758,10:15:53,$ 3331.37,100
2759,10:15:53,$ 3331.625,100
2760,10:15:52,$ 3330.00,100
2761,10:15:49,$ 3330.525,100
2762,10:15:49,$ 3330.5725,100
2763,10:15:49,$ 3330.525,100
2764,10:15:48,$ 3330.59,100
2765,10:15:48,$ 3330.52,100
2766,10:15:47,$ 3331.21,100
2768,10:15:45,$ 3329.50,100
2769,10:15:45,$ 3329.50,100
2770,10:15:45,$ 3330.00,100
2771,10:15:42,$ 3328.75,100
2772,10:15:41,$ 3329.50,100
2773,10:15:36,$ 3327.99,100
2774,10:15:24,$ 3326.81,100
2775,10:15:16,$ 3328.98,212
2776,10:15:14,$ 3329.4897,748
2777,10:15:14,$ 3328.38,100
2778,10:15:13,$ 3328.2993,100
2779,10:15:12,$ 3328.98,328
2780,10:15:11,$ 3328.83,100
2781,10:15:03,$ 3326.80,100
2782,10:15:03,$ 3326.81,100
2783,10:15:03,$ 3327.22,136
2784,10:15:03,$ 3327.34,100
2785,10:15:01,$ 3325.01,100
2786,10:15:00,$ 3325.26,100
2787,10:15:00,$ 3325.03,100
2789,10:15:00,$ 3325.61,100
2790,10:15:00,$ 3325.25,100
2791,10:15:00,$ 3325.29,100
2792,10:15:00,$ 3325.59,100
2793,10:15:00,$ 3325.61,100
2794,10:14:58,$ 3327.50,100
2795,10:14:44,$ 3328.2783,124
2796,10:14:41,$ 3329.00,299
2797,10:14:41,$ 3329.00,100
2798,10:14:32,$ 3328.22,100
2799,10:14:30,$ 3328.59,100
2800,10:14:28,$ 3328.58,100
2801,10:14:27,$ 3328.26,150
2802,10:14:15,$ 3329.50,"1,800"
2803,10:14:15,$ 3329.50,100
2804,10:14:15,$ 3330.11,100
2805,10:14:09,$ 3331.325,100
2806,10:14:05,$ 3330.795,100
2807,10:14:04,$ 3330.80,100
2808,10:14:03,$ 3330.32,126
2810,10:14:02,$ 3330.795,300
2811,10:13:59,$ 3331.58,100
2812,10:13:55,$ 3332.44,100
2813,10:13:50,$ 3331.35,100
2814,10:13:43,$ 3330.651,250
2815,10:13:42,$ 3330.00,100
2816,10:13:36,$ 3329.45,100
2817,10:13:36,$ 3329.57,100
2818,10:13:36,$ 3329.06,100
2819,10:13:35,$ 3329.42,100
2820,10:13:29,$ 3329.22,100
2821,10:13:29,$ 3329.13,100
2822,10:13:29,$ 3329.11,298
2823,10:13:29,$ 3328.82,100
2824,10:13:29,$ 3329.05,100
2825,10:13:28,$ 3329.70,100
2826,10:13:19,$ 3328.88,100
2827,10:13:08,$ 3330.14,100
2828,10:13:02,$ 3329.1499,"1,000"
2829,10:12:50,$ 3327.57,100
2831,10:12:50,$ 3327.65,100
2832,10:12:49,$ 3326.14,100
2833,10:12:48,$ 3325.84,100
2834,10:12:46,$ 3325.28,100
2835,10:12:36,$ 3326.30,100
2836,10:12:32,$ 3327.4799,100
2837,10:12:28,$ 3327.63,100
2838,10:12:28,$ 3327.63,100
2839,10:12:09,$ 3327.30,100
2840,10:12:09,$ 3328.33,100
2841,10:12:00,$ 3330.03,200
2842,10:12:00,$ 3330.03,100
2843,10:11:58,$ 3330.03,100
2844,10:11:58,$ 3331.52,100
2845,10:11:58,$ 3331.21,100
2846,10:11:53,$ 3331.90,100
2847,10:11:48,$ 3331.69,100
2848,10:11:48,$ 3332.48,100
2849,10:11:47,$ 3330.64,100
2850,10:11:46,$ 3330.36,100
2852,10:11:41,$ 3330.13,100
2853,10:11:41,$ 3330.07,100
2854,10:11:36,$ 3329.135,100
2855,10:11:26,$ 3328.33,100
2856,10:11:23,$ 3328.02,100
2857,10:11:22,$ 3326.40,100
2858,10:11:20,$ 3327.12,500
2859,10:11:18,$ 3327.785,100
2860,10:11:18,$ 3327.188,176
2861,10:11:12,$ 3328.825,200
2862,10:11:08,$ 3329.83,244
2863,10:11:08,$ 3329.83,244
2864,10:11:07,$ 3329.955,100
2865,10:11:06,$ 3329.31,100
2866,10:11:06,$ 3329.285,100
2867,10:11:06,$ 3329.88,199
2868,10:11:02,$ 3328.01,100
2869,10:11:02,$ 3328.00,100
2870,10:11:01,$ 3328.99,100
2871,10:11:00,$ 3328.50,100
2873,10:11:00,$ 3329.31,100
2874,10:10:56,$ 3329.70,100
2875,10:10:56,$ 3329.729,100
2876,10:10:48,$ 3330.835,100
2877,10:10:41,$ 3330.835,500
2878,10:10:37,$ 3330.56,100
2879,10:10:36,$ 3330.195,100
2880,10:10:36,$ 3330.195,100
2881,10:10:35,$ 3330.195,100
2882,10:10:32,$ 3330.08,100
2883,10:10:32,$ 3330.05,100
2884,10:10:27,$ 3331.00,100
2885,10:10:27,$ 3331.375,100
2886,10:10:27,$ 3331.34,100
2887,10:10:27,$ 3331.475,100
2888,10:10:27,$ 3331.34,100
2889,10:10:27,$ 3332.00,100
2890,10:10:24,$ 3330.5006,100
2891,10:10:21,$ 3329.2075,100
2892,10:10:18,$ 3330.02,100
2894,10:10:16,$ 3329.41,100
2895,10:10:02,$ 3330.56,100
2896,10:10:01,$ 3331.37,100
2897,10:10:01,$ 3330.78,100
2898,10:09:56,$ 3330.50,197
2899,10:09:56,$ 3331.8199,100
2900,10:09:38,$ 3331.11,100
2901,10:09:29,$ 3332.665,100
2902,10:09:25,$ 3332.2775,100
2903,10:09:25,$ 3331.995,200
2904,10:09:25,$ 3332.99,100
2905,10:09:25,$ 3331.995,100
2906,10:09:23,$ 3331.995,100
2907,10:09:23,$ 3332.15,100
2908,10:09:23,$ 3331.995,100
2909,10:09:23,$ 3332.00,100
2910,10:09:23,$ 3332.00,100
2911,10:09:15,$ 3333.2899,100
2912,10:09:14,$ 3332.15,500
2913,10:09:12,$ 3332.68,"1,000"
2915,10:09:06,$ 3331.4101,100
2916,10:09:04,$ 3331.18,100
2917,10:09:01,$ 3331.74,100
2918,10:08:54,$ 3330.01,100
2919,10:08:53,$ 3330.735,200
2920,10:08:46,$ 3330.8224,150
2921,10:08:37,$ 3330.00,100
2922,10:08:36,$ 3330.00,100
2923,10:08:36,$ 3330.00,300
2924,10:08:36,$ 3330.01,300
2925,10:08:36,$ 3330.01,100
2926,10:08:36,$ 3330.00,400
2927,10:08:36,$ 3330.00,100
2928,10:08:36,$ 3330.00,100
2929,10:08:36,$ 3330.00,100
2930,10:08:36,$ 3330.00,100
2931,10:08:36,$ 3330.00,100
2932,10:08:36,$ 3330.00,100
2933,10:08:34,$ 3330.50,150
2934,10:08:33,$ 3330.87,100
2936,10:08:26,$ 3330.85,100
2937,10:08:20,$ 3330.35,100
2938,10:08:16,$ 3331.755,100
2939,10:08:14,$ 3332.05,100
2940,10:08:12,$ 3332.17,100
2941,10:08:08,$ 3332.30,100
2942,10:08:08,$ 3333.655,200
2943,10:08:01,$ 3331.89,100
2944,10:07:54,$ 3330.06,100
2945,10:07:45,$ 3330.965,100
2946,10:07:41,$ 3330.10,500
2947,10:07:40,$ 3330.50,339
2948,10:07:38,$ 3331.49,100
2949,10:07:37,$ 3332.63,262
2950,10:07:32,$ 3332.055,200
2951,10:07:30,$ 3332.00,100
2952,10:07:27,$ 3332.92,500
2953,10:07:25,$ 3332.55,100
2954,10:07:12,$ 3333.22,100
2955,10:07:12,$ 3333.22,100
2957,10:07:12,$ 3333.22,100
2958,10:07:11,$ 3334.05,100
2959,10:07:10,$ 3332.8518,500
2960,10:07:03,$ 3331.3034,300
2961,10:06:54,$ 3332.03,100
2962,10:06:53,$ 3332.49,100
2963,10:06:53,$ 3332.76,100
2964,10:06:49,$ 3331.965,100
2965,10:06:31,$ 3332.85,110
2966,10:06:31,$ 3333.00,100
2967,10:06:31,$ 3333.00,217
2968,10:06:13,$ 3334.465,100
2969,10:06:09,$ 3335.65,100
2970,10:06:07,$ 3334.43,100
2971,10:06:04,$ 3335.01,100
2972,10:06:03,$ 3335.78,100
2973,10:06:00,$ 3333.47,100
2974,10:06:00,$ 3333.67,100
2975,10:06:00,$ 3333.89,100
2976,10:05:43,$ 3333.9001,100
2978,10:05:39,$ 3336.30,100
2979,10:05:35,$ 3336.20,100
2980,10:05:32,$ 3335.96,100
2981,10:05:30,$ 3336.20,100
2982,10:05:30,$ 3336.20,100
2983,10:05:30,$ 3336.20,100
2984,10:05:24,$ 3337.12,100
2985,10:05:15,$ 3334.65,100
2986,10:05:12,$ 3335.05,100
2987,10:05:06,$ 3334.94,100
2988,10:05:06,$ 3334.91,100
2989,10:04:56,$ 3336.999,100
2990,10:04:56,$ 3337.00,100
2991,10:04:47,$ 3335.685,500
2992,10:04:40,$ 3336.45,100
2993,10:04:37,$ 3337.915,100
2994,10:04:35,$ 3336.08,100
2995,10:04:34,$ 3336.20,100
2996,10:04:31,$ 3338.195,100
2997,10:04:31,$ 3338.18,100
2999,10:04:29,$ 3338.63,100
3000,10:04:28,$ 3338.65,120
3001,10:04:19,$ 3337.775,100
3002,10:04:18,$ 3338.75,100
3003,10:04:16,$ 3338.6339,"1,000"
3004,10:04:08,$ 3336.00,415
3005,10:04:03,$ 3334.895,100
3006,10:04:03,$ 3334.87,100
3007,10:04:00,$ 3334.7356,160
3008,10:03:57,$ 3334.79,100
3009,10:03:35,$ 3335.24,100
3010,10:03:29,$ 3335.08,200
3011,10:03:27,$ 3334.7865,100
3012,10:03:26,$ 3334.8606,100
3013,10:03:25,$ 3334.14,177
3014,10:03:16,$ 3332.97,100
3015,10:03:16,$ 3332.97,188
3016,10:03:16,$ 3332.98,100
3017,10:03:14,$ 3332.95,100
3018,10:03:07,$ 3333.00,100
3020,10:03:06,$ 3333.37,150
3021,10:03:06,$ 3333.37,100
3022,10:03:05,$ 3333.97,100
3023,10:03:04,$ 3334.63,100
3024,10:03:04,$ 3334.63,100
3025,10:03:01,$ 3334.54,100
3026,10:02:59,$ 3335.735,100
3027,10:02:58,$ 3336.09,100
3028,10:02:57,$ 3335.61,100
3029,10:02:57,$ 3335.20,100
3030,10:02:56,$ 3337.51,100
3031,10:02:51,$ 3336.07,100
3032,10:02:51,$ 3336.64,100
3033,10:02:51,$ 3336.20,100
3034,10:02:46,$ 3336.04,100
3035,10:02:41,$ 3336.24,100
3036,10:02:38,$ 3336.48,100
3037,10:02:38,$ 3335.67,100
3038,10:02:38,$ 3335.67,100
3039,10:02:38,$ 3335.31,100
3041,10:02:38,$ 3335.36,100
3042,10:02:38,$ 3335.64,100
3043,10:02:38,$ 3335.67,100
3044,10:02:38,$ 3335.67,100
3045,10:02:35,$ 3336.39,200
3046,10:02:35,$ 3335.11,100
3047,10:02:31,$ 3335.97,100
3048,10:02:31,$ 3335.01,230
3049,10:02:31,$ 3336.0234,100
3050,10:02:21,$ 3336.37,100
3051,10:02:21,$ 3335.37,200
3052,10:02:13,$ 3335.395,100
3053,10:02:10,$ 3334.81,173
3054,10:02:04,$ 3336.2347,100
3055,10:02:02,$ 3335.00,100
3056,10:01:56,$ 3331.06,100
3057,10:01:56,$ 3331.025,100
3058,10:01:56,$ 3331.59,100
3059,10:01:56,$ 3331.11,100
3060,10:01:56,$ 3331.61,100
3062,10:01:56,$ 3331.00,100
3063,10:01:56,$ 3332.81,168
3064,10:01:56,$ 3331.79,100
3065,10:01:56,$ 3333.00,100
3066,10:01:56,$ 3333.00,100
3067,10:01:55,$ 3333.0001,100
3068,10:01:55,$ 3333.0001,100
3069,10:01:55,$ 3333.0001,100
3070,10:01:55,$ 3333.00,100
3071,10:01:55,$ 3333.855,120
3072,10:01:55,$ 3333.33,100
3073,10:01:53,$ 3334.96,100
3074,10:01:52,$ 3335.0799,100
3075,10:01:47,$ 3335.19,100
3076,10:01:42,$ 3334.47,100
3077,10:01:39,$ 3334.4873,100
3078,10:01:37,$ 3335.00,100
3079,10:01:37,$ 3335.00,100
3080,10:01:37,$ 3335.00,100
3081,10:01:37,$ 3335.00,200
3083,10:01:37,$ 3335.00,100
3084,10:01:37,$ 3335.00,100
3085,10:01:37,$ 3335.00,100
3086,10:01:36,$ 3335.69,100
3087,10:01:33,$ 3337.2634,120
3088,10:01:31,$ 3337.8799,200
3089,10:01:30,$ 3337.20,100
3090,10:01:22,$ 3337.00,500
3091,10:01:21,$ 3337.37,196
3092,10:01:21,$ 3338.22,100
3093,10:01:21,$ 3338.24,100
3094,10:01:21,$ 3338.24,100
3095,10:01:21,$ 3338.73,100
3096,10:01:21,$ 3338.60,100
3097,10:01:21,$ 3338.43,100
3098,10:01:21,$ 3338.62,100
3099,10:01:15,$ 3338.60,100
3100,10:01:11,$ 3340.41,500
3101,10:01:10,$ 3340.405,100
3102,10:01:10,$ 3339.86,100
3104,10:01:07,$ 3339.13,100
3105,10:01:07,$ 3339.37,100
3106,10:01:06,$ 3339.76,100
3107,10:01:05,$ 3338.57,100
3108,10:01:04,$ 3338.70,100
3109,10:01:01,$ 3340.02,100
3110,10:01:01,$ 3339.29,100
3111,10:01:00,$ 3338.61,100
3112,10:00:57,$ 3340.325,100
3113,10:00:54,$ 3339.49,100
3114,10:00:50,$ 3340.62,100
3115,10:00:47,$ 3339.62,100
3116,10:00:45,$ 3340.7661,186
3117,10:00:45,$ 3338.40,241
3118,10:00:45,$ 3339.35,100
3119,10:00:45,$ 3339.56,100
3120,10:00:43,$ 3339.01,100
3121,10:00:39,$ 3340.30,500
3122,10:00:39,$ 3341.59,100
3123,10:00:38,$ 3340.59,100
3125,10:00:36,$ 3340.59,100
3126,10:00:33,$ 3341.275,100
3127,10:00:33,$ 3340.10,100
3128,10:00:28,$ 3340.69,100
3129,10:00:19,$ 3342.825,100
3130,10:00:19,$ 3341.10,"1,003"
3131,10:00:17,$ 3339.79,570
3132,10:00:16,$ 3340.43,100
3133,10:00:16,$ 3340.43,100
3134,10:00:16,$ 3340.43,100
3135,10:00:16,$ 3340.43,100
3136,10:00:16,$ 3340.43,100
3137,10:00:16,$ 3340.43,100
3138,10:00:16,$ 3340.56,100
3139,10:00:16,$ 3340.5799,100
3140,10:00:15,$ 3340.07,100
3141,10:00:14,$ 3340.61,100
3142,10:00:14,$ 3341.52,100
3143,10:00:13,$ 3342.525,100
3144,10:00:13,$ 3342.94,100
3146,10:00:13,$ 3343.82,100
3147,10:00:09,$ 3342.77,100
3148,10:00:09,$ 3342.65,100
3149,10:00:09,$ 3343.83,100
3150,10:00:08,$ 3343.58,100
3151,10:00:08,$ 3343.94,100
3152,10:00:08,$ 3343.47,100
3153,10:00:08,$ 3343.50,100
3154,10:00:08,$ 3344.42,100
3155,10:00:08,$ 3345.70,100
3156,10:00:08,$ 3346.88,100
3157,10:00:08,$ 3346.93,100
3158,10:00:08,$ 3346.93,100
3159,10:00:08,$ 3346.93,173
3160,10:00:07,$ 3341.61,100
3161,10:00:07,$ 3342.22,100
3162,10:00:04,$ 3341.35,100
3163,10:00:04,$ 3343.65,100
3164,10:00:04,$ 3344.8558,100
3165,10:00:04,$ 3343.65,100
3167,10:00:03,$ 3344.59,100
3168,10:00:03,$ 3345.25,500
3169,10:00:02,$ 3343.665,100
3170,10:00:02,$ 3345.45,100
3171,10:00:02,$ 3343.51,100
3172,10:00:02,$ 3344.36,100
3173,10:00:02,$ 3344.55,100
3174,10:00:02,$ 3345.27,100
3175,10:00:02,$ 3345.33,100
3176,10:00:02,$ 3345.38,100
3177,10:00:02,$ 3345.38,200
3178,10:00:02,$ 3345.38,100
3179,10:00:01,$ 3344.0767,120
3180,10:00:01,$ 3345.00,117
3182,10:59:54,$ 3322.58,141
3183,10:59:54,$ 3322.1499,100
3184,10:59:54,$ 3322.1499,100
3185,10:59:54,$ 3322.15,100
3186,10:59:41,$ 3322.00,100
3187,10:59:40,$ 3322.675,100
3188,10:59:33,$ 3322.69,500
3189,10:59:18,$ 3323.7043,100
3190,10:59:09,$ 3322.60,100
3191,10:59:06,$ 3322.9456,500
3192,10:59:05,$ 3323.06,133
3193,10:58:59,$ 3322.00,100
3194,10:58:59,$ 3321.625,100
3195,10:58:59,$ 3321.64,100
3196,10:58:54,$ 3322.00,100
3197,10:58:53,$ 3322.12,100
3198,10:58:53,$ 3322.24,100
3199,10:58:53,$ 3322.27,100
3200,10:58:51,$ 3322.07,100
3201,10:58:51,$ 3322.87,100
3203,10:58:46,$ 3322.47,100
3204,10:58:45,$ 3323.12,500
3205,10:58:45,$ 3323.12,100
3206,10:58:45,$ 3323.115,100
3207,10:58:45,$ 3323.115,100
3208,10:58:45,$ 3322.53,100
3209,10:58:29,$ 3322.8288,100
3210,10:58:19,$ 3323.40,100
3211,10:58:17,$ 3323.42,100
3212,10:58:07,$ 3322.69,100
3213,10:58:06,$ 3323.02,144
3214,10:58:06,$ 3322.2267,110
3215,10:58:03,$ 3323.40,100
3216,10:58:02,$ 3323.41,100
3217,10:57:58,$ 3323.435,100
3218,10:57:57,$ 3324.09,100
3219,10:57:52,$ 3324.62,117
3220,10:57:51,$ 3324.6284,500
3221,10:57:41,$ 3325.695,100
3222,10:57:30,$ 3326.59,100
3224,10:57:30,$ 3326.35,100
3225,10:57:17,$ 3325.695,100
3226,10:57:16,$ 3325.465,100
3227,10:57:15,$ 3325.00,100
3228,10:57:14,$ 3325.52,100
3229,10:57:11,$ 3326.30,100
3230,10:57:09,$ 3325.56,100
3231,10:57:09,$ 3325.56,100
3232,10:56:51,$ 3325.77,100
3233,10:56:48,$ 3327.3199,100
3234,10:56:45,$ 3327.915,100
3235,10:56:27,$ 3324.78,100
3236,10:56:13,$ 3326.47,100
3237,10:56:11,$ 3325.25,100
3238,10:56:10,$ 3325.15,100
3239,10:55:45,$ 3326.28,100
3240,10:55:45,$ 3326.27,100
3241,10:55:45,$ 3326.29,100
3242,10:55:43,$ 3326.52,100
3243,10:55:43,$ 3326.53,100
3245,10:55:19,$ 3326.465,100
3246,10:55:17,$ 3327.02,100
3247,10:55:06,$ 3325.20,100
3248,10:55:06,$ 3325.20,100
3249,10:54:45,$ 3325.00,100
3250,10:54:35,$ 3324.53,100
3251,10:54:34,$ 3324.98,100
3252,10:54:34,$ 3324.98,100
3253,10:54:28,$ 3325.55,100
3254,10:54:28,$ 3325.53,100
3255,10:54:05,$ 3325.52,131
3256,10:53:59,$ 3326.055,100
3257,10:53:57,$ 3326.99,100
3258,10:53:53,$ 3326.25,169
3259,10:53:46,$ 3325.565,100
3260,10:53:46,$ 3325.565,100
3261,10:53:45,$ 3326.33,100
3262,10:53:39,$ 3325.60,100
3263,10:53:38,$ 3325.50,100
3264,10:53:38,$ 3325.52,100
3266,10:53:35,$ 3326.38,100
3267,10:53:34,$ 3326.43,100
3268,10:53:34,$ 3326.33,100
3269,10:53:32,$ 3327.43,100
3270,10:53:30,$ 3326.44,100
3271,10:53:29,$ 3328.04,126
3272,10:53:28,$ 3327.565,100
3273,10:53:28,$ 3327.57,100
3274,10:53:28,$ 3327.32,131
3275,10:52:50,$ 3327.58,100
3276,10:52:49,$ 3327.97,100
3277,10:52:42,$ 3327.20,100
3278,10:52:42,$ 3327.20,100
3279,10:52:36,$ 3326.63,100
3280,10:52:23,$ 3327.0099,100
3281,10:52:15,$ 3325.525,100
3282,10:52:02,$ 3327.02,100
3283,10:52:02,$ 3326.805,100
3284,10:51:39,$ 3329.15,100
3285,10:50:59,$ 3325.70,100
3287,10:50:52,$ 3325.00,172
3288,10:50:52,$ 3325.00,200
3289,10:50:52,$ 3325.00,100
3290,10:50:52,$ 3325.00,100
3291,10:50:52,$ 3325.06,100
3292,10:50:52,$ 3325.00,200
3293,10:50:48,$ 3325.64,100
3294,10:50:44,$ 3326.03,100
3295,10:50:23,$ 3327.64,100
3296,10:50:20,$ 3327.25,100
3297,10:50:18,$ 3326.515,100
3298,10:50:16,$ 3326.43,100
3299,10:50:14,$ 3327.05,100
3300,10:50:10,$ 3328.03,100
3301,10:50:09,$ 3328.715,100
3302,10:50:06,$ 3329.28,100
3303,10:50:04,$ 3327.67,100
3304,10:50:01,$ 3328.27,100
3305,10:50:01,$ 3328.00,100
3306,10:50:01,$ 3328.145,100
3308,10:50:01,$ 3329.2575,100
3309,10:49:59,$ 3328.59,100
3310,10:49:57,$ 3329.98,100
3311,10:49:56,$ 3329.48,100
3312,10:49:56,$ 3329.975,111
3313,10:49:55,$ 3329.975,100
3314,10:49:55,$ 3329.975,100
3315,10:49:32,$ 3329.00,100
3316,10:49:26,$ 3329.92,104
3317,10:49:20,$ 3329.18,100
3318,10:49:05,$ 3330.772,147
3319,10:48:50,$ 3332.74,100
3320,10:48:19,$ 3332.265,200
3321,10:48:15,$ 3332.15,100
3322,10:48:13,$ 3331.945,100
3323,10:48:12,$ 3331.935,100
3324,10:48:01,$ 3329.92,137
3325,10:48:00,$ 3328.81,100
3326,10:47:37,$ 3327.76,100
3327,10:47:37,$ 3328.00,100
3329,10:47:37,$ 3328.01,100
3330,10:47:34,$ 3329.22,200
3331,10:47:32,$ 3329.84,100
3332,10:47:28,$ 3329.575,107
3333,10:47:27,$ 3329.32,100
3334,10:47:19,$ 3328.30,100
3335,10:47:15,$ 3328.98,100
3336,10:46:57,$ 3329.28,100
3337,10:46:57,$ 3328.3554,200
3338,10:46:57,$ 3329.2825,400
3339,10:46:50,$ 3329.025,100
3340,10:46:49,$ 3329.535,100
3341,10:46:46,$ 3328.9475,100
3342,10:46:45,$ 3329.105,100
3343,10:46:45,$ 3329.135,100
3344,10:46:44,$ 3330.24,100
3345,10:46:43,$ 3331.08,100
3346,10:46:39,$ 3331.05,100
3347,10:46:37,$ 3331.105,100
3348,10:46:34,$ 3330.97,100
3350,10:46:32,$ 3332.03,100
3351,10:46:01,$ 3332.6999,500
3352,10:45:51,$ 3333.00,100
3353,10:45:51,$ 3333.07,100
3354,10:45:44,$ 3333.66,100
3355,10:45:42,$ 3333.745,100
3356,10:45:40,$ 3333.745,100
3357,10:45:38,$ 3333.58,100
3358,10:45:25,$ 3333.6666,150
3359,10:45:23,$ 3333.66,100
3360,10:45:15,$ 3333.66,100
3361,10:45:14,$ 3333.65,100
3362,10:45:14,$ 3333.505,100
3363,10:45:14,$ 3333.95,100
3364,10:45:10,$ 3331.9675,100
3365,10:45:07,$ 3332.325,100
3366,10:44:52,$ 3331.325,172
3367,10:44:51,$ 3331.325,100
3368,10:44:51,$ 3331.335,100
3369,10:44:50,$ 3331.065,100
3371,10:44:45,$ 3331.145,100
3372,10:44:42,$ 3331.23,100
3373,10:44:42,$ 3331.09,152
3374,10:44:41,$ 3331.16,100
3375,10:44:34,$ 3331.79,100
3376,10:44:29,$ 3331.07,100
3377,10:44:29,$ 3331.00,100
3378,10:44:29,$ 3331.12,100
3379,10:44:29,$ 3331.00,100
3380,10:44:29,$ 3331.01,100
3381,10:44:29,$ 3331.26,100
3382,10:44:29,$ 3331.08,100
3383,10:44:29,$ 3331.025,100
3384,10:44:29,$ 3331.32,100
3385,10:44:29,$ 3331.65,100
3386,10:44:21,$ 3332.205,100
3387,10:44:14,$ 3331.97,100
3388,10:44:02,$ 3331.22,100
3389,10:44:00,$ 3330.915,100
3390,10:44:00,$ 3330.35,100
3392,10:44:00,$ 3330.35,100
3393,10:43:57,$ 3331.76,147
3394,10:43:56,$ 3331.09,100
3395,10:43:54,$ 3332.095,100
3396,10:43:52,$ 3331.83,100
3397,10:43:51,$ 3331.895,100
3398,10:43:48,$ 3332.62,100
3399,10:43:48,$ 3332.62,100
3400,10:43:45,$ 3332.205,100
3401,10:43:43,$ 3333.28,"1,000"
3402,10:43:40,$ 3332.745,100
3403,10:43:34,$ 3332.83,100
3404,10:43:33,$ 3332.755,100
3405,10:43:32,$ 3331.5801,150
3406,10:43:22,$ 3332.87,100
3407,10:43:00,$ 3332.07,100
3408,10:43:00,$ 3333.07,100
3409,10:43:00,$ 3332.06,100
3410,10:43:00,$ 3332.01,100
3411,10:43:00,$ 3332.94,100
3413,10:42:57,$ 3333.005,100
3414,10:42:56,$ 3333.01,100
3415,10:42:48,$ 3333.34,100
3416,10:42:45,$ 3333.07,200
3417,10:42:44,$ 3332.80,100
3418,10:42:44,$ 3332.92,100
3419,10:42:44,$ 3332.89,100
3420,10:42:44,$ 3332.92,100
3421,10:42:44,$ 3332.98,100
3422,10:42:43,$ 3332.91,100
3423,10:42:43,$ 3332.91,100
3424,10:42:41,$ 3332.91,100
3425,10:42:37,$ 3333.37,100
3426,10:42:37,$ 3332.47,100
3427,10:42:37,$ 3333.49,100
3428,10:42:36,$ 3333.4899,100
3429,10:42:28,$ 3332.885,100
3430,10:42:26,$ 3332.4234,100
3431,10:42:21,$ 3333.52,100
3432,10:42:20,$ 3332.505,100
3434,10:42:20,$ 3332.47,100
3435,10:42:20,$ 3332.36,100
3436,10:42:20,$ 3332.42,100
3437,10:42:20,$ 3332.41,100
3438,10:42:20,$ 3331.50,198
3439,10:42:20,$ 3332.58,100
3440,10:42:20,$ 3332.58,100
3441,10:42:20,$ 3332.53,100
3442,10:42:20,$ 3332.11,100
3443,10:42:19,$ 3332.98,100
3444,10:42:19,$ 3333.56,100
3445,10:42:19,$ 3332.98,100
3446,10:42:19,$ 3332.98,100
3447,10:42:19,$ 3332.895,100
3448,10:42:19,$ 3332.70,200
3449,10:42:19,$ 3333.35,100
3450,10:42:19,$ 3332.495,100
3451,10:42:19,$ 3332.495,100
3452,10:42:17,$ 3332.495,100
3453,10:42:09,$ 3332.05,100
3455,10:42:06,$ 3331.925,100
3456,10:41:53,$ 3330.75,128
3457,10:41:42,$ 3331.00,100
3458,10:41:31,$ 3332.60,100
3459,10:41:31,$ 3332.595,100
3460,10:41:30,$ 3333.3799,100
3461,10:40:55,$ 3330.92,100
3462,10:40:50,$ 3329.53,144
3463,10:40:44,$ 3330.00,100
3464,10:40:23,$ 3332.5375,150
3465,10:40:23,$ 3332.485,100
3466,10:40:23,$ 3332.49,100
3467,10:40:23,$ 3332.48,142
3468,10:39:57,$ 3332.81,100
3469,10:39:56,$ 3332.22,100
3470,10:39:49,$ 3331.545,100
3471,10:39:49,$ 3331.545,100
3472,10:39:41,$ 3331.70,100
3473,10:39:36,$ 3332.23,100
3474,10:39:26,$ 3330.50,100
3476,10:39:18,$ 3332.20,100
3477,10:39:15,$ 3332.765,100
3478,10:39:15,$ 3332.765,100
3479,10:38:56,$ 3333.2201,200
3480,10:38:38,$ 3334.15,100
3481,10:38:38,$ 3334.15,100
3482,10:38:36,$ 3334.9566,100
3483,10:38:31,$ 3334.2897,140
3484,10:38:30,$ 3335.62,100
3485,10:38:27,$ 3334.68,100
3486,10:38:26,$ 3334.58,100
3487,10:38:26,$ 3334.41,100
3488,10:38:23,$ 3334.4803,300
3489,10:38:20,$ 3334.36,100
3490,10:38:20,$ 3334.36,100
3491,10:38:20,$ 3333.97,100
3492,10:38:16,$ 3334.13,100
3493,10:38:14,$ 3333.4593,100
3494,10:38:07,$ 3333.40,114
3495,10:38:03,$ 3332.97,200
3497,10:38:02,$ 3332.66,100
3498,10:37:59,$ 3332.51,100
3499,10:37:59,$ 3332.50,100
3500,10:37:57,$ 3332.1648,100
3501,10:37:52,$ 3332.78,100
3502,10:37:38,$ 3329.73,100
3503,10:37:25,$ 3329.56,100
3504,10:37:15,$ 3328.0229,100
3505,10:37:01,$ 3330.29,100
3506,10:37:00,$ 3329.92,100
3507,10:36:52,$ 3330.69,100
3508,10:36:49,$ 3330.20,119
3509,10:36:37,$ 3329.79,100
3510,10:36:28,$ 3329.60,100
3511,10:36:28,$ 3329.81,100
3512,10:36:28,$ 3329.97,100
3513,10:36:28,$ 3329.81,100
3514,10:36:28,$ 3329.60,100
3515,10:36:28,$ 3329.44,100
3516,10:36:28,$ 3329.39,100
3518,10:36:28,$ 3329.38,100
3519,10:36:17,$ 3329.37,100
3520,10:36:14,$ 3329.955,100
3521,10:36:11,$ 3328.765,100
3522,10:36:11,$ 3330.00,100
3523,10:36:10,$ 3329.52,100
3524,10:36:10,$ 3328.52,100
3525,10:36:10,$ 3328.52,100
3526,10:36:10,$ 3328.52,100
3527,10:36:10,$ 3329.52,100
3528,10:36:03,$ 3328.6994,100
3529,10:35:51,$ 3326.29,100
3530,10:35:47,$ 3325.20,100
3531,10:35:47,$ 3325.00,100
3532,10:35:47,$ 3325.00,100
3533,10:35:44,$ 3326.77,100
3534,10:35:36,$ 3325.75,500
3535,10:35:34,$ 3325.785,100
3536,10:35:34,$ 3325.76,100
3537,10:35:34,$ 3326.78,200
3539,10:35:31,$ 3327.05,125
3540,10:35:28,$ 3327.51,100
3541,10:35:28,$ 3327.50,100
3542,10:35:28,$ 3327.50,100
3543,10:35:25,$ 3329.36,100
3544,10:35:19,$ 3330.0823,162
3545,10:35:18,$ 3329.46,100
3546,10:35:16,$ 3329.7525,100
3547,10:35:13,$ 3330.50,100
3548,10:35:02,$ 3330.95,100
3549,10:34:57,$ 3332.0234,500
3550,10:34:56,$ 3331.51,100
3551,10:34:56,$ 3331.65,100
3552,10:34:45,$ 3330.78,100
3553,10:34:44,$ 3330.35,500
3554,10:34:32,$ 3330.47,400
3555,10:34:32,$ 3330.48,100
3556,10:34:18,$ 3330.88,100
3557,10:34:14,$ 3331.27,100
3558,10:33:53,$ 3330.00,100
3560,10:33:53,$ 3329.99,100
3561,10:33:53,$ 3329.99,100
3562,10:33:53,$ 3330.00,100
3563,10:33:44,$ 3329.27,100
3564,10:33:40,$ 3329.56,100
3565,10:33:31,$ 3327.205,100
3566,10:33:19,$ 3327.74,100
3567,10:33:13,$ 3328.49,185
3568,10:33:08,$ 3327.05,350
3569,10:33:07,$ 3327.05,100
3570,10:33:07,$ 3327.05,350
3571,10:32:58,$ 3329.3075,100
3572,10:32:58,$ 3329.1575,100
3573,10:32:56,$ 3328.59,100
3574,10:32:49,$ 3327.74,100
3575,10:32:46,$ 3327.00,100
3576,10:32:38,$ 3328.00,500
3577,10:32:25,$ 3327.78,100
3578,10:32:25,$ 3327.83,100
3579,10:32:23,$ 3327.99,100
3581,10:32:23,$ 3328.26,100
3582,10:32:22,$ 3328.38,100
3583,10:32:22,$ 3328.35,100
3584,10:32:21,$ 3329.015,100
3585,10:32:20,$ 3328.60,100
3586,10:32:18,$ 3329.00,100
3587,10:32:18,$ 3329.00,100
3588,10:32:11,$ 3330.00,200
3589,10:32:10,$ 3330.00,109
3590,10:32:10,$ 3330.05,100
3591,10:32:04,$ 3331.20,100
3592,10:32:04,$ 3331.22,200
3593,10:31:59,$ 3332.66,100
3594,10:31:53,$ 3331.93,100
3595,10:31:47,$ 3332.65,100
3596,10:31:33,$ 3331.87,100
3597,10:31:29,$ 3330.13,100
3598,10:31:27,$ 3329.02,100
3599,10:31:25,$ 3330.30,100
3600,10:31:25,$ 3330.30,112
3602,10:31:24,$ 3331.04,200
3603,10:31:24,$ 3331.04,200
3604,10:30:50,$ 3331.16,100
3605,10:30:45,$ 3330.28,100
3606,10:30:30,$ 3330.1641,100
3607,10:30:27,$ 3330.68,100
3608,10:30:13,$ 3329.925,127
3609,10:30:09,$ 3330.475,100
3610,10:30:05,$ 3330.66,100
3611,10:30:05,$ 3330.78,100
3612,10:30:05,$ 3329.57,100
3613,10:30:05,$ 3329.55,100
3615,11:29:56,$ 3309.79,100
3616,11:29:56,$ 3310.00,100
3617,11:29:41,$ 3311.12,100
3618,11:29:38,$ 3310.4888,111
3619,11:29:29,$ 3308.926,100
3620,11:29:29,$ 3308.939,100
3621,11:29:22,$ 3309.05,297
3622,11:29:21,$ 3309.505,200
3623,11:29:20,$ 3310.02,400
3624,11:29:16,$ 3310.26,100
3625,11:29:14,$ 3310.25,100
3626,11:29:14,$ 3310.25,100
3627,11:29:14,$ 3310.25,100
3628,11:29:14,$ 3310.25,100
3629,11:29:14,$ 3310.25,100
3630,11:29:14,$ 3310.25,100
3631,11:29:13,$ 3310.24,100
3632,11:29:13,$ 3310.05,200
3633,11:29:03,$ 3309.625,500
3634,11:29:00,$ 3309.47,100
3636,11:28:54,$ 3309.1713,263
3637,11:28:54,$ 3309.1713,237
3638,11:28:53,$ 3309.75,100
3639,11:28:53,$ 3309.91,100
3640,11:28:39,$ 3310.68,100
3641,11:28:39,$ 3310.205,400
3642,11:28:39,$ 3310.50,100
3643,11:28:36,$ 3310.69,100
3644,11:28:36,$ 3310.69,100
3645,11:28:36,$ 3310.30,100
3646,11:28:36,$ 3310.00,200
3647,11:28:36,$ 3310.00,100
3648,11:28:36,$ 3310.00,400
3649,11:28:36,$ 3310.00,404
3650,11:28:36,$ 3310.00,100
3651,11:28:36,$ 3310.00,100
3652,11:28:35,$ 3310.60,100
3653,11:28:32,$ 3310.66,100
3654,11:28:32,$ 3310.66,250
3655,11:28:28,$ 3310.61,100
3657,11:28:22,$ 3312.3516,200
3658,11:28:21,$ 3313.00,100
3659,11:28:19,$ 3312.45,100
3660,11:28:18,$ 3312.075,100
3661,11:28:17,$ 3311.91,215
3662,11:28:17,$ 3312.07,100
3663,11:28:17,$ 3312.07,100
3664,11:28:14,$ 3312.50,100
3665,11:28:13,$ 3312.535,100
3666,11:28:05,$ 3312.87,373
3667,11:28:05,$ 3312.87,201
3668,11:27:59,$ 3313.39,400
3669,11:27:57,$ 3314.8787,100
3670,11:27:52,$ 3314.51,345
3671,11:27:48,$ 3314.345,155
3672,11:27:46,$ 3314.345,200
3673,11:27:44,$ 3314.41,100
3674,11:27:37,$ 3314.005,100
3675,11:27:37,$ 3314.005,100
3676,11:27:37,$ 3314.005,200
3678,11:27:37,$ 3314.005,100
3679,11:27:34,$ 3314.03,100
3680,11:27:34,$ 3314.03,100
3681,11:27:34,$ 3314.03,100
3682,11:27:33,$ 3314.03,100
3683,11:27:33,$ 3314.03,100
3684,11:27:33,$ 3314.03,100
3685,11:27:33,$ 3314.035,100
3686,11:27:28,$ 3314.00,100
3687,11:27:20,$ 3313.745,200
3688,11:27:20,$ 3314.03,500
3689,11:27:19,$ 3313.40,100
3690,11:27:16,$ 3314.73,200
3691,11:27:08,$ 3314.47,100
3692,11:27:07,$ 3313.84,100
3693,11:27:00,$ 3314.00,100
3694,11:26:58,$ 3314.46,150
3695,11:26:51,$ 3314.51,200
3696,11:26:46,$ 3315.175,200
3697,11:26:41,$ 3314.9487,790
3699,11:26:41,$ 3314.4698,150
3700,11:26:35,$ 3315.461,247
3701,11:26:25,$ 3316.0461,100
3702,11:26:23,$ 3315.9058,100
3703,11:26:22,$ 3315.5798,210
3704,11:26:08,$ 3315.00,132
3705,11:26:01,$ 3314.64,200
3706,11:25:50,$ 3315.42,100
3707,11:25:49,$ 3315.06,125
3708,11:25:43,$ 3315.11,100
3709,11:25:30,$ 3314.156,250
3710,11:25:26,$ 3314.78,100
3711,11:25:19,$ 3315.00,182
3712,11:25:12,$ 3313.35,100
3713,11:25:12,$ 3313.35,100
3714,11:24:52,$ 3313.98,100
3715,11:24:52,$ 3314.00,100
3716,11:24:52,$ 3313.32,100
3717,11:24:52,$ 3313.32,100
3718,11:24:52,$ 3313.57,100
3720,11:24:52,$ 3313.65,100
3721,11:24:52,$ 3313.82,100
3722,11:24:52,$ 3313.93,100
3723,11:24:52,$ 3313.98,100
3724,11:24:52,$ 3314.00,138
3725,11:24:49,$ 3313.54,100
3726,11:24:47,$ 3313.2486,100
3727,11:24:42,$ 3313.00,150
3728,11:24:26,$ 3313.32,100
3729,11:24:25,$ 3312.85,100
3730,11:24:17,$ 3312.775,200
3731,11:23:55,$ 3312.55,100
3732,11:23:55,$ 3311.8223,130
3733,11:23:45,$ 3312.09,100
3734,11:23:27,$ 3312.00,100
3735,11:23:12,$ 3313.32,100
3736,11:23:11,$ 3313.49,100
3737,11:23:01,$ 3312.33,100
3738,11:22:59,$ 3312.40,100
3739,11:22:48,$ 3313.18,100
3741,11:22:37,$ 3314.2025,100
3742,11:22:37,$ 3314.225,100
3743,11:22:34,$ 3314.0596,200
3744,11:22:31,$ 3314.00,208
3745,11:22:26,$ 3314.00,100
3746,11:22:20,$ 3313.18,100
3747,11:22:17,$ 3313.755,118
3748,11:22:12,$ 3313.68,100
3749,11:22:10,$ 3314.53,100
3750,11:22:10,$ 3314.64,100
3751,11:22:10,$ 3314.25,100
3752,11:22:10,$ 3314.63,100
3753,11:22:09,$ 3314.445,100
3754,11:22:09,$ 3314.41,100
3755,11:22:09,$ 3314.57,100
3756,11:21:30,$ 3312.895,100
3757,11:21:20,$ 3312.13,100
3758,11:21:20,$ 3311.8364,200
3759,11:21:19,$ 3311.648,100
3760,11:21:17,$ 3311.455,100
3762,11:21:17,$ 3311.28,100
3763,11:21:17,$ 3310.875,100
3764,11:21:16,$ 3310.875,100
3765,11:21:15,$ 3311.47,100
3766,11:20:59,$ 3310.2462,117
3767,11:20:55,$ 3310.903,500
3768,11:20:54,$ 3311.267,619
3769,11:20:53,$ 3311.09,100
3770,11:20:53,$ 3311.061,200
3771,11:20:53,$ 3311.06,100
3772,11:20:53,$ 3310.91,100
3773,11:20:53,$ 3310.89,100
3774,11:20:53,$ 3310.871,100
3775,11:20:50,$ 3312.705,100
3776,11:20:50,$ 3312.705,100
3777,11:20:50,$ 3312.705,100
3778,11:20:45,$ 3313.07,100
3779,11:20:45,$ 3312.55,100
3780,11:20:45,$ 3313.07,100
3781,11:20:45,$ 3312.545,100
3783,11:20:41,$ 3312.58,100
3784,11:20:41,$ 3312.555,100
3785,11:20:41,$ 3312.555,100
3786,11:20:37,$ 3312.23,100
3787,11:20:31,$ 3311.53,100
3788,11:20:27,$ 3310.817,500
3789,11:20:20,$ 3310.765,200
3790,11:20:08,$ 3312.39,100
3791,11:20:08,$ 3312.19,100
3792,11:20:05,$ 3312.035,200
3793,11:20:03,$ 3312.19,100
3794,11:19:44,$ 3312.06,100
3795,11:19:44,$ 3312.06,100
3796,11:19:43,$ 3312.59,200
3797,11:19:26,$ 3313.635,500
3798,11:19:25,$ 3313.36,100
3799,11:19:24,$ 3313.265,100
3800,11:19:24,$ 3313.275,100
3801,11:19:24,$ 3313.275,100
3802,11:19:24,$ 3313.27,121
3804,11:19:18,$ 3313.35,500
3805,11:19:11,$ 3313.60,285
3806,11:19:11,$ 3312.46,154
3807,11:19:10,$ 3311.683,200
3808,11:19:06,$ 3313.29,100
3809,11:19:00,$ 3312.805,100
3810,11:18:57,$ 3312.805,100
3811,11:18:56,$ 3314.00,120
3812,11:18:34,$ 3310.39,500
3813,11:18:33,$ 3310.36,100
3814,11:18:26,$ 3309.30,100
3815,11:18:18,$ 3310.43,100
3816,11:18:16,$ 3308.815,100
3817,11:17:55,$ 3309.985,500
3818,11:17:53,$ 3309.93,100
3819,11:17:52,$ 3309.955,100
3820,11:17:51,$ 3309.89,100
3821,11:17:40,$ 3309.97,100
3822,11:17:37,$ 3309.065,500
3823,11:17:26,$ 3308.49,100
3825,11:17:24,$ 3308.11,100
3826,11:17:19,$ 3307.77,100
3827,11:17:04,$ 3308.205,"1,000"
3828,11:16:53,$ 3309.09,100
3829,11:16:41,$ 3309.30,100
3830,11:16:41,$ 3309.00,100
3831,11:16:37,$ 3307.8006,500
3832,11:16:30,$ 3308.605,100
3833,11:16:26,$ 3308.00,100
3834,11:16:26,$ 3309.0444,200
3835,11:16:17,$ 3308.65,100
3836,11:16:14,$ 3309.00,100
3837,11:16:14,$ 3309.00,100
3838,11:16:14,$ 3309.03,100
3839,11:15:57,$ 3310.85,500
3840,11:15:51,$ 3311.68,100
3841,11:15:25,$ 3310.10,100
3842,11:15:25,$ 3310.10,100
3843,11:15:25,$ 3311.01,100
3844,11:15:25,$ 3311.01,100
3846,11:15:22,$ 3311.00,100
3847,11:15:17,$ 3309.535,150
3848,11:15:15,$ 3309.535,500
