,NLS Time (ET),NLS Price,NLS Share Volume
1,09:59:53,$ 3690.34,200
2,09:59:32,$ 3690.00,100
3,09:59:31,$ 3690.63,100
4,09:59:10,$ 3690.14,100
5,09:59:09,$ 3690.03,100
6,09:59:00,$ 3691.23,400
7,09:58:59,$ 3690.525,100
8,09:58:58,$ 3691.17,100
9,09:58:45,$ 3691.51,100
10,09:58:45,$ 3692.41,100
11,09:58:45,$ 3692.41,639
12,09:58:45,$ 3692.46,100
13,09:58:19,$ 3692.18,200
14,09:58:18,$ 3691.77,100
15,09:58:18,$ 3692.675,100
16,09:58:13,$ 3694.0065,280
17,09:58:06,$ 3694.092,100
18,09:58:06,$ 3694.12,100
19,09:58:04,$ 3694.74,100
20,09:58:04,$ 3695.40,271
22,09:58:04,$ 3695.00,110
23,09:58:04,$ 3695.00,100
24,09:58:04,$ 3694.59,100
25,09:57:59,$ 3693.16,100
26,09:57:46,$ 3693.18,200
27,09:57:46,$ 3693.91,100
28,09:57:46,$ 3694.00,100
29,09:57:32,$ 3692.01,100
30,09:57:32,$ 3692.01,100
31,09:57:32,$ 3692.00,100
32,09:57:32,$ 3692.00,100
33,09:57:24,$ 3692.26,100
34,09:57:22,$ 3692.24,100
35,09:57:21,$ 3693.7299,400
36,09:57:20,$ 3692.00,250
37,09:57:13,$ 3692.01,100
38,09:57:13,$ 3691.99,100
39,09:57:10,$ 3692.5112,100
40,09:57:10,$ 3692.27,"1,000"
41,09:57:08,$ 3692.21,100
43,09:57:08,$ 3692.79,100
44,09:57:01,$ 3692.34,100
45,09:57:01,$ 3691.96,100
46,09:57:01,$ 3691.205,100
47,09:56:56,$ 3691.21,100
48,09:56:52,$ 3690.35,100
49,09:56:52,$ 3690.35,100
50,09:56:42,$ 3690.02,120
51,09:56:40,$ 3690.00,100
52,09:56:40,$ 3689.58,100
53,09:56:28,$ 3688.31,100
54,09:56:28,$ 3688.00,100
55,09:56:11,$ 3686.105,100
56,09:56:09,$ 3684.97,100
57,09:56:09,$ 3685.8366,250
58,09:56:08,$ 3684.335,100
59,09:56:04,$ 3685.04,100
60,09:56:04,$ 3685.00,140
61,09:55:50,$ 3686.44,100
62,09:55:50,$ 3686.44,100
64,09:55:50,$ 3686.44,100
65,09:55:49,$ 3687.17,377
66,09:55:47,$ 3686.59,100
67,09:55:37,$ 3686.855,100
68,09:55:34,$ 3686.875,100
69,09:55:34,$ 3686.37,100
70,09:55:28,$ 3686.76,200
71,09:55:28,$ 3686.15,100
72,09:55:21,$ 3684.5601,500
73,09:55:10,$ 3684.74,169
74,09:55:10,$ 3685.00,145
75,09:55:04,$ 3682.00,100
76,09:55:04,$ 3680.85,100
77,09:54:58,$ 3679.88,100
78,09:54:58,$ 3680.00,500
79,09:54:51,$ 3677.18,100
80,09:54:17,$ 3677.995,100
81,09:54:08,$ 3677.41,150
82,09:54:02,$ 3677.40,100
83,09:54:02,$ 3677.40,100
85,09:53:53,$ 3674.03,100
86,09:53:53,$ 3674.03,100
87,09:53:53,$ 3674.03,100
88,09:53:53,$ 3674.03,100
89,09:53:53,$ 3674.03,100
90,09:53:52,$ 3674.877,500
91,09:53:51,$ 3674.21,100
92,09:53:50,$ 3674.98,100
93,09:53:49,$ 3675.565,100
94,09:53:26,$ 3678.07,100
95,09:53:26,$ 3677.45,100
96,09:53:25,$ 3676.415,377
97,09:53:19,$ 3677.655,"1,000"
98,09:53:13,$ 3677.11,100
99,09:53:07,$ 3679.62,100
100,09:53:04,$ 3677.45,100
101,09:52:56,$ 3677.2401,120
102,09:52:54,$ 3678.13,100
103,09:52:52,$ 3680.00,171
104,09:52:52,$ 3679.39,200
106,09:52:52,$ 3680.17,100
107,09:52:47,$ 3680.215,100
108,09:52:42,$ 3683.0571,100
109,09:52:41,$ 3682.06,100
110,09:52:41,$ 3682.00,200
111,09:52:41,$ 3682.58,100
112,09:52:37,$ 3682.01,100
113,09:52:30,$ 3684.5138,100
114,09:52:30,$ 3683.0955,150
115,09:52:21,$ 3683.2801,500
116,09:52:21,$ 3684.64,500
117,09:52:19,$ 3684.625,150
118,09:52:19,$ 3683.2522,164
119,09:52:02,$ 3681.64,100
120,09:51:58,$ 3681.4855,200
121,09:51:49,$ 3680.93,100
122,09:51:49,$ 3680.93,100
123,09:51:41,$ 3682.14,100
124,09:51:34,$ 3681.425,100
125,09:51:25,$ 3682.925,200
127,09:51:21,$ 3683.00,100
128,09:51:20,$ 3682.685,150
129,09:51:18,$ 3682.62,100
130,09:51:17,$ 3683.63,100
131,09:51:17,$ 3683.45,100
132,09:51:17,$ 3683.54,100
133,09:51:17,$ 3683.555,100
134,09:51:13,$ 3685.88,100
135,09:51:13,$ 3685.60,100
136,09:51:12,$ 3685.9899,100
137,09:51:10,$ 3685.27,100
138,09:51:10,$ 3685.54,100
139,09:51:00,$ 3686.99,100
140,09:51:00,$ 3686.92,100
141,09:51:00,$ 3686.915,100
142,09:50:57,$ 3686.865,100
143,09:50:57,$ 3686.775,100
144,09:50:53,$ 3686.705,150
145,09:50:50,$ 3687.39,900
146,09:50:50,$ 3687.39,100
148,09:50:49,$ 3686.335,100
149,09:50:46,$ 3685.5984,100
150,09:50:39,$ 3687.34,100
151,09:50:38,$ 3685.59,200
152,09:50:36,$ 3686.32,100
153,09:50:36,$ 3685.41,100
154,09:50:36,$ 3685.22,100
155,09:50:31,$ 3686.735,100
156,09:50:31,$ 3686.735,100
157,09:50:31,$ 3686.735,100
158,09:50:25,$ 3685.9674,155
159,09:50:24,$ 3687.4599,500
160,09:50:18,$ 3686.845,100
161,09:50:18,$ 3686.705,100
162,09:50:18,$ 3686.64,100
163,09:50:18,$ 3686.64,100
164,09:50:18,$ 3686.05,100
165,09:50:18,$ 3686.845,100
166,09:50:13,$ 3686.85,100
167,09:50:04,$ 3686.99,100
169,09:50:03,$ 3686.045,"1,500"
170,09:50:01,$ 3687.00,100
171,09:50:01,$ 3686.95,100
172,09:50:01,$ 3686.82,100
173,09:50:00,$ 3686.64,100
174,09:50:00,$ 3686.32,100
175,09:50:00,$ 3685.88,100
176,09:50:00,$ 3686.215,100
177,09:49:59,$ 3686.2115,280
178,09:49:54,$ 3686.355,100
179,09:49:53,$ 3686.47,100
180,09:49:53,$ 3686.71,100
181,09:49:53,$ 3686.76,100
182,09:49:52,$ 3686.82,100
183,09:49:52,$ 3686.85,100
184,09:49:52,$ 3687.00,100
185,09:49:52,$ 3687.00,100
186,09:49:45,$ 3687.98,100
187,09:49:19,$ 3687.66,100
188,09:49:19,$ 3687.71,100
190,09:49:17,$ 3688.72,200
191,09:49:15,$ 3687.83,462
192,09:49:15,$ 3687.83,271
193,09:49:15,$ 3687.62,100
194,09:49:09,$ 3687.32,100
195,09:49:08,$ 3687.61,100
196,09:48:56,$ 3688.63,100
197,09:48:53,$ 3688.58,100
198,09:48:48,$ 3686.865,100
199,09:48:45,$ 3687.7107,100
200,09:48:43,$ 3686.0501,150
201,09:48:43,$ 3686.05,200
202,09:48:41,$ 3687.72,100
203,09:48:34,$ 3686.84,100
204,09:48:32,$ 3686.00,100
205,09:48:27,$ 3686.00,100
206,09:48:27,$ 3686.495,"1,250"
207,09:48:26,$ 3685.5219,"1,000"
208,09:48:24,$ 3687.70,219
209,09:48:24,$ 3687.59,100
211,09:48:24,$ 3687.71,100
212,09:48:22,$ 3686.81,100
213,09:48:21,$ 3686.89,100
214,09:48:21,$ 3686.89,100
215,09:48:21,$ 3686.92,100
216,09:48:21,$ 3686.92,100
217,09:48:21,$ 3686.83,100
218,09:48:19,$ 3686.375,100
219,09:48:17,$ 3687.00,100
220,09:48:16,$ 3686.57,100
221,09:48:16,$ 3686.34,100
222,09:48:16,$ 3686.33,100
223,09:48:14,$ 3686.76,100
224,09:48:13,$ 3686.69,100
225,09:48:12,$ 3686.33,100
226,09:48:06,$ 3685.75,100
227,09:48:06,$ 3686.00,100
228,09:48:03,$ 3685.11,100
229,09:48:00,$ 3684.555,200
230,09:47:58,$ 3684.49,100
232,09:47:53,$ 3684.86,100
233,09:47:53,$ 3684.86,100
234,09:47:47,$ 3685.99,100
235,09:47:47,$ 3685.99,100
236,09:47:35,$ 3684.64,100
237,09:47:35,$ 3684.81,100
238,09:47:35,$ 3684.80,100
239,09:47:28,$ 3685.21,100
240,09:47:28,$ 3685.1843,108
241,09:47:24,$ 3685.77,100
242,09:47:24,$ 3685.78,100
243,09:47:24,$ 3685.80,100
244,09:47:21,$ 3686.25,100
245,09:47:19,$ 3685.24,100
246,09:47:18,$ 3684.41,100
247,09:47:16,$ 3683.99,100
248,09:47:16,$ 3683.99,100
249,09:47:14,$ 3683.17,100
250,09:47:06,$ 3682.3562,100
251,09:47:03,$ 3683.045,100
253,09:46:59,$ 3682.85,100
254,09:46:59,$ 3682.85,108
255,09:46:59,$ 3682.85,271
256,09:46:57,$ 3684.79,100
257,09:46:57,$ 3683.99,100
258,09:46:55,$ 3684.77,100
259,09:46:55,$ 3684.29,100
260,09:46:55,$ 3684.29,100
261,09:46:53,$ 3684.29,100
262,09:46:49,$ 3683.18,100
263,09:46:49,$ 3683.3483,100
264,09:46:49,$ 3684.54,100
265,09:46:48,$ 3681.8801,250
266,09:46:47,$ 3683.96,100
267,09:46:47,$ 3683.72,100
268,09:46:37,$ 3682.34,100
269,09:46:37,$ 3682.34,100
270,09:46:37,$ 3681.48,292
271,09:46:37,$ 3682.34,100
272,09:46:37,$ 3681.99,100
274,09:46:37,$ 3681.98,100
275,09:46:32,$ 3679.73,100
276,09:46:32,$ 3679.82,100
277,09:46:31,$ 3678.79,100
278,09:46:28,$ 3679.56,100
279,09:46:20,$ 3679.99,100
280,09:46:20,$ 3678.655,200
281,09:46:12,$ 3678.06,100
282,09:46:11,$ 3677.40,100
283,09:46:08,$ 3678.39,100
284,09:46:05,$ 3678.57,200
285,09:46:04,$ 3679.34,200
286,09:46:03,$ 3678.29,100
287,09:46:03,$ 3678.31,100
288,09:46:02,$ 3677.76,100
289,09:46:02,$ 3677.98,100
290,09:46:01,$ 3676.42,100
291,09:46:01,$ 3676.22,100
292,09:46:01,$ 3676.42,100
293,09:46:01,$ 3676.42,100
295,09:46:01,$ 3676.30,100
296,09:46:01,$ 3676.44,100
297,09:46:00,$ 3675.96,100
298,09:46:00,$ 3675.49,200
299,09:45:56,$ 3675.00,100
300,09:45:56,$ 3675.00,100
301,09:45:56,$ 3675.4956,331
302,09:45:46,$ 3675.45,100
303,09:45:43,$ 3676.78,100
304,09:45:35,$ 3675.15,100
305,09:45:31,$ 3675.30,100
306,09:45:31,$ 3676.8106,200
307,09:45:30,$ 3676.08,200
308,09:45:29,$ 3675.9665,200
309,09:45:21,$ 3675.945,200
310,09:45:19,$ 3675.98,100
311,09:45:19,$ 3675.99,100
312,09:45:19,$ 3676.00,100
313,09:45:19,$ 3674.99,100
314,09:45:03,$ 3673.90,100
316,09:44:56,$ 3674.99,100
317,09:44:56,$ 3673.00,100
318,09:44:56,$ 3673.79,100
319,09:44:56,$ 3672.78,100
320,09:44:56,$ 3671.895,100
321,09:44:56,$ 3672.66,100
322,09:44:56,$ 3672.68,100
323,09:44:49,$ 3671.20,100
324,09:44:49,$ 3670.14,100
325,09:44:49,$ 3670.16,100
326,09:44:46,$ 3669.3805,200
327,09:44:41,$ 3669.42,100
328,09:44:29,$ 3670.15,100
329,09:44:29,$ 3670.16,100
330,09:44:19,$ 3669.4235,200
331,09:44:17,$ 3668.5851,100
332,09:44:04,$ 3671.21,100
333,09:43:59,$ 3669.85,100
334,09:43:59,$ 3670.87,100
335,09:43:59,$ 3671.21,100
337,09:43:57,$ 3671.845,200
338,09:43:53,$ 3672.22,100
339,09:43:38,$ 3671.04,100
340,09:43:33,$ 3672.00,118
341,09:43:31,$ 3671.52,100
342,09:43:20,$ 3672.935,100
343,09:43:17,$ 3672.71,100
344,09:43:17,$ 3672.38,100
345,09:43:14,$ 3671.25,100
346,09:43:09,$ 3671.19,175
347,09:43:03,$ 3671.25,100
348,09:43:03,$ 3671.55,100
349,09:42:58,$ 3671.545,200
350,09:42:57,$ 3671.72,100
351,09:42:52,$ 3668.4559,100
352,09:42:46,$ 3672.70,316
353,09:42:44,$ 3671.51,100
354,09:42:41,$ 3673.31,100
355,09:42:38,$ 3671.25,100
356,09:42:36,$ 3669.57,100
358,09:42:26,$ 3669.39,100
359,09:42:26,$ 3669.39,100
360,09:42:26,$ 3670.00,100
361,09:42:07,$ 3674.18,100
362,09:42:04,$ 3673.875,500
363,09:42:00,$ 3673.525,100
364,09:41:59,$ 3674.98,100
365,09:41:59,$ 3674.98,100
366,09:41:58,$ 3674.13,100
367,09:41:56,$ 3673.45,100
368,09:41:56,$ 3674.6577,100
369,09:41:56,$ 3673.85,500
370,09:41:54,$ 3673.10,100
371,09:41:54,$ 3673.12,100
372,09:41:54,$ 3673.24,100
373,09:41:54,$ 3672.71,100
374,09:41:47,$ 3672.7469,500
375,09:41:47,$ 3672.88,100
376,09:41:47,$ 3672.85,200
377,09:41:47,$ 3672.405,100
379,09:41:47,$ 3672.55,100
380,09:41:46,$ 3671.185,338
381,09:41:46,$ 3670.92,100
382,09:41:42,$ 3671.27,100
383,09:41:42,$ 3669.40,100
384,09:41:42,$ 3669.43,100
385,09:41:41,$ 3669.36,100
386,09:41:37,$ 3668.00,100
387,09:41:31,$ 3668.37,100
388,09:41:31,$ 3668.77,100
389,09:41:28,$ 3666.90,100
390,09:41:26,$ 3668.71,100
391,09:41:24,$ 3667.9999,150
392,09:41:22,$ 3667.915,100
393,09:41:18,$ 3665.86,100
394,09:41:17,$ 3667.865,100
395,09:41:17,$ 3666.58,100
396,09:41:07,$ 3668.00,100
397,09:41:05,$ 3664.6156,100
398,09:41:03,$ 3666.00,100
400,09:41:02,$ 3666.10,200
401,09:41:01,$ 3666.0966,291
402,09:41:00,$ 3666.095,100
403,09:41:00,$ 3667.28,100
404,09:40:59,$ 3667.52,100
405,09:40:59,$ 3667.99,100
406,09:40:59,$ 3667.28,100
407,09:40:56,$ 3667.23,100
408,09:40:56,$ 3666.93,100
409,09:40:52,$ 3666.88,100
410,09:40:52,$ 3667.42,100
411,09:40:45,$ 3664.675,100
412,09:40:45,$ 3664.685,100
413,09:40:45,$ 3664.575,100
414,09:40:45,$ 3663.23,500
415,09:40:41,$ 3664.51,100
416,09:40:37,$ 3665.67,100
417,09:40:37,$ 3665.355,100
418,09:40:31,$ 3661.33,100
419,09:40:31,$ 3661.36,100
421,09:40:31,$ 3661.35,100
422,09:40:25,$ 3662.37,101
423,09:40:25,$ 3662.37,111
424,09:40:17,$ 3664.45,100
425,09:40:17,$ 3664.45,100
426,09:40:14,$ 3665.00,100
427,09:40:14,$ 3664.6299,100
428,09:40:14,$ 3664.6299,100
429,09:40:14,$ 3664.57,100
430,09:40:13,$ 3663.91,100
431,09:40:13,$ 3664.00,100
432,09:40:10,$ 3662.4038,352
433,09:40:10,$ 3661.66,200
434,09:40:10,$ 3661.66,100
435,09:40:10,$ 3661.50,100
436,09:40:03,$ 3659.855,500
437,09:40:02,$ 3657.53,100
438,09:40:02,$ 3659.35,100
439,09:40:02,$ 3659.00,135
440,09:40:02,$ 3657.52,100
442,09:40:02,$ 3657.4922,250
443,09:40:02,$ 3658.91,100
444,09:40:02,$ 3658.86,100
445,09:40:02,$ 3657.26,100
446,09:40:02,$ 3658.91,100
447,09:40:02,$ 3657.43,100
448,09:40:02,$ 3660.00,106
449,09:40:02,$ 3660.28,100
450,09:40:02,$ 3660.22,100
451,09:40:02,$ 3660.22,100
452,09:40:02,$ 3661.10,200
453,09:40:02,$ 3661.10,220
454,09:40:02,$ 3661.12,400
455,09:40:02,$ 3661.10,100
456,09:40:02,$ 3661.38,100
457,09:40:01,$ 3661.38,100
458,09:40:01,$ 3661.66,100
459,09:39:57,$ 3663.475,100
460,09:39:50,$ 3662.97,100
461,09:39:50,$ 3663.00,172
463,09:39:50,$ 3662.725,100
464,09:39:46,$ 3663.595,500
465,09:39:42,$ 3662.4742,200
466,09:39:39,$ 3663.00,607
467,09:39:38,$ 3662.55,100
468,09:39:38,$ 3662.48,100
469,09:39:38,$ 3662.39,100
470,09:39:38,$ 3662.39,100
471,09:39:38,$ 3663.69,100
472,09:39:34,$ 3662.39,100
473,09:39:34,$ 3662.48,100
474,09:39:29,$ 3662.97,196
475,09:39:18,$ 3661.76,100
476,09:39:18,$ 3661.77,100
477,09:39:17,$ 3662.49,183
478,09:39:17,$ 3662.49,100
479,09:39:16,$ 3663.74,500
480,09:39:05,$ 3665.37,100
481,09:39:01,$ 3665.90,100
482,09:39:01,$ 3666.84,100
484,09:39:01,$ 3665.57,100
485,09:38:55,$ 3663.17,100
486,09:38:55,$ 3664.925,100
487,09:38:50,$ 3663.16,500
488,09:38:43,$ 3664.288,185
489,09:38:39,$ 3664.00,100
490,09:38:36,$ 3664.74,100
491,09:38:27,$ 3666.5313,100
492,09:38:26,$ 3664.59,100
493,09:38:26,$ 3664.32,200
494,09:38:25,$ 3663.75,100
495,09:38:25,$ 3663.75,100
496,09:38:25,$ 3663.87,100
497,09:38:16,$ 3664.2904,148
498,09:38:16,$ 3664.2904,273
499,09:38:15,$ 3664.5499,500
500,09:38:10,$ 3666.00,143
501,09:38:03,$ 3664.57,100
502,09:38:03,$ 3665.85,100
503,09:38:03,$ 3664.57,100
505,09:38:03,$ 3665.10,100
506,09:38:03,$ 3664.57,100
507,09:38:03,$ 3665.38,190
508,09:38:03,$ 3665.29,100
509,09:37:56,$ 3665.8701,100
510,09:37:56,$ 3666.84,269
511,09:37:52,$ 3665.77,100
512,09:37:48,$ 3665.225,100
513,09:37:39,$ 3666.295,100
514,09:37:39,$ 3668.87,100
515,09:37:38,$ 3667.52,100
516,09:37:38,$ 3667.52,100
517,09:37:34,$ 3666.31,100
518,09:37:30,$ 3669.42,100
519,09:37:29,$ 3669.16,100
520,09:37:28,$ 3668.475,100
521,09:37:27,$ 3669.14,129
522,09:37:26,$ 3668.87,100
523,09:37:21,$ 3667.362,979
524,09:37:17,$ 3665.96,100
526,09:37:17,$ 3666.99,129
527,09:37:15,$ 3666.57,100
528,09:37:15,$ 3666.64,100
529,09:37:13,$ 3666.8101,100
530,09:37:12,$ 3666.50,100
531,09:37:10,$ 3668.207,125
532,09:37:09,$ 3668.21,100
533,09:37:08,$ 3666.23,100
534,09:37:08,$ 3666.22,100
535,09:37:08,$ 3666.35,100
536,09:37:06,$ 3665.00,100
537,09:37:06,$ 3665.00,100
538,09:37:02,$ 3663.65,100
539,09:36:55,$ 3666.475,100
540,09:36:46,$ 3667.785,100
541,09:36:41,$ 3667.95,100
542,09:36:41,$ 3667.115,100
543,09:36:41,$ 3667.22,100
544,09:36:41,$ 3666.28,100
545,09:36:41,$ 3667.105,100
547,09:36:35,$ 3667.7606,100
548,09:36:34,$ 3665.42,100
549,09:36:34,$ 3665.32,100
550,09:36:34,$ 3665.23,100
551,09:36:34,$ 3667.35,100
552,09:36:34,$ 3668.16,100
553,09:36:34,$ 3668.16,300
554,09:36:33,$ 3668.21,100
555,09:36:30,$ 3666.65,100
556,09:36:30,$ 3666.55,100
557,09:36:29,$ 3665.89,180
558,09:36:29,$ 3666.10,100
559,09:36:25,$ 3665.76,100
560,09:36:22,$ 3666.09,109
561,09:36:20,$ 3663.3112,200
562,09:36:18,$ 3665.00,600
563,09:36:18,$ 3665.00,100
564,09:36:18,$ 3665.16,100
565,09:36:18,$ 3665.16,100
566,09:36:15,$ 3666.72,100
568,09:36:10,$ 3667.2399,280
569,09:36:08,$ 3667.26,100
570,09:36:05,$ 3665.79,100
571,09:35:50,$ 3663.50,100
572,09:35:50,$ 3661.0101,100
573,09:35:48,$ 3663.60,100
574,09:35:47,$ 3663.61,175
575,09:35:47,$ 3663.95,100
576,09:35:46,$ 3663.90,100
577,09:35:36,$ 3663.04,100
578,09:35:35,$ 3663.00,100
579,09:35:35,$ 3663.00,500
580,09:35:33,$ 3663.80,100
581,09:35:33,$ 3663.225,200
582,09:35:33,$ 3663.00,100
583,09:35:33,$ 3663.13,100
584,09:35:33,$ 3661.98,100
585,09:35:24,$ 3660.455,100
586,09:35:23,$ 3661.843,500
587,09:35:22,$ 3662.34,100
589,09:35:22,$ 3661.635,100
590,09:35:19,$ 3661.27,174
591,09:35:19,$ 3660.81,100
592,09:35:19,$ 3660.81,100
593,09:35:17,$ 3660.32,100
594,09:35:17,$ 3663.16,100
595,09:35:14,$ 3661.00,149
596,09:35:14,$ 3661.67,100
597,09:35:14,$ 3661.16,100
598,09:35:14,$ 3662.42,100
599,09:35:08,$ 3664.4074,110
600,09:35:05,$ 3664.00,100
601,09:35:02,$ 3664.78,100
602,09:35:02,$ 3664.79,100
603,09:35:02,$ 3665.00,100
604,09:35:00,$ 3662.20,100
605,09:34:57,$ 3665.855,500
606,09:34:56,$ 3665.86,100
607,09:34:53,$ 3665.00,100
608,09:34:49,$ 3662.2692,200
610,09:34:49,$ 3662.54,100
611,09:34:46,$ 3664.12,100
612,09:34:46,$ 3664.07,100
613,09:34:46,$ 3665.00,107
614,09:34:46,$ 3665.00,500
615,09:34:44,$ 3665.02,100
616,09:34:44,$ 3665.02,100
617,09:34:44,$ 3665.01,584
618,09:34:44,$ 3665.02,100
619,09:34:44,$ 3665.028,100
620,09:34:44,$ 3665.05,100
621,09:34:44,$ 3665.30,100
622,09:34:44,$ 3665.20,100
623,09:34:44,$ 3665.05,100
624,09:34:42,$ 3667.8547,500
625,09:34:36,$ 3668.1199,200
626,09:34:30,$ 3668.41,100
627,09:34:28,$ 3668.60,100
628,09:34:26,$ 3670.88,100
629,09:34:26,$ 3670.33,100
631,09:34:26,$ 3669.435,100
632,09:34:25,$ 3669.575,100
633,09:34:23,$ 3670.33,300
634,09:34:23,$ 3669.99,100
635,09:34:22,$ 3670.325,700
636,09:34:22,$ 3668.21,100
637,09:34:17,$ 3670.00,100
638,09:34:17,$ 3669.33,136
639,09:34:10,$ 3671.3277,331
640,09:34:10,$ 3672.6599,500
641,09:34:08,$ 3671.80,100
642,09:34:08,$ 3671.754,100
643,09:34:08,$ 3671.79,100
644,09:34:08,$ 3669.77,100
645,09:34:08,$ 3669.60,100
646,09:34:08,$ 3670.06,684
647,09:34:08,$ 3668.21,100
648,09:34:08,$ 3668.20,123
649,09:34:08,$ 3668.20,227
650,09:34:03,$ 3668.00,263
652,09:34:03,$ 3667.79,100
653,09:33:44,$ 3671.81,300
654,09:33:43,$ 3671.95,140
655,09:33:43,$ 3672.05,111
656,09:33:43,$ 3672.12,100
657,09:33:42,$ 3668.96,100
658,09:33:42,$ 3668.84,100
659,09:33:39,$ 3668.84,100
660,09:33:37,$ 3669.83,387
661,09:33:37,$ 3668.83,111
662,09:33:33,$ 3670.11,100
663,09:33:33,$ 3670.15,100
664,09:33:32,$ 3670.15,100
665,09:33:30,$ 3671.81,100
666,09:33:29,$ 3673.01,100
667,09:33:29,$ 3673.01,100
668,09:33:29,$ 3673.01,100
669,09:33:29,$ 3673.01,262
670,09:33:29,$ 3673.04,100
671,09:33:28,$ 3673.2904,100
673,09:33:28,$ 3673.2904,100
674,09:33:28,$ 3673.15,100
675,09:33:27,$ 3673.15,100
676,09:33:27,$ 3673.01,100
677,09:33:25,$ 3674.565,100
678,09:33:24,$ 3675.7454,500
679,09:33:24,$ 3674.41,100
680,09:33:24,$ 3675.22,100
681,09:33:19,$ 3676.99,100
682,09:33:19,$ 3676.99,200
683,09:33:14,$ 3679.79,100
684,09:33:14,$ 3679.94,100
685,09:33:14,$ 3679.93,100
686,09:33:10,$ 3677.50,172
687,09:33:10,$ 3677.73,100
688,09:33:04,$ 3678.7044,500
689,09:32:47,$ 3678.88,100
690,09:32:47,$ 3680.00,171
691,09:32:47,$ 3680.00,100
692,09:32:47,$ 3678.105,100
694,09:32:45,$ 3677.2545,200
695,09:32:32,$ 3677.63,100
696,09:32:25,$ 3677.13,100
697,09:32:24,$ 3678.8466,150
698,09:32:20,$ 3679.435,100
699,09:32:20,$ 3679.99,107
700,09:32:18,$ 3677.78,100
701,09:32:17,$ 3678.892,500
702,09:32:11,$ 3677.034,300
703,09:32:08,$ 3676.63,100
704,09:32:08,$ 3677.39,100
705,09:32:08,$ 3677.39,100
706,09:31:56,$ 3674.60,200
707,09:31:54,$ 3676.00,100
708,09:31:54,$ 3677.42,100
709,09:31:54,$ 3675.42,100
710,09:31:54,$ 3674.82,100
711,09:31:50,$ 3675.01,400
712,09:31:46,$ 3676.00,100
713,09:31:45,$ 3675.18,300
715,09:31:44,$ 3678.36,700
716,09:31:44,$ 3675.95,100
717,09:31:43,$ 3675.82,100
718,09:31:38,$ 3679.155,170
719,09:31:33,$ 3679.51,100
720,09:31:33,$ 3679.8094,100
721,09:31:32,$ 3681.345,100
722,09:31:13,$ 3682.1602,269
723,09:31:12,$ 3675.52,100
724,09:31:12,$ 3677.37,100
725,09:31:12,$ 3680.42,100
726,09:31:12,$ 3683.9899,110
727,09:31:12,$ 3682.20,100
728,09:31:07,$ 3679.18,180
729,09:31:06,$ 3678.00,100
730,09:31:06,$ 3680.00,104
731,09:31:06,$ 3680.00,110
732,09:31:03,$ 3681.80,100
733,09:30:59,$ 3684.3499,200
734,09:30:58,$ 3682.00,100
736,09:30:58,$ 3683.84,100
737,09:30:53,$ 3685.22,100
738,09:30:53,$ 3685.00,250
739,09:30:53,$ 3685.00,100
740,09:30:53,$ 3685.82,300
741,09:30:47,$ 3688.24,200
742,09:30:41,$ 3688.24,100
743,09:30:37,$ 3686.20,100
744,09:30:35,$ 3686.20,100
745,09:30:34,$ 3686.00,200
746,09:30:34,$ 3686.00,100
747,09:30:34,$ 3686.00,100
748,09:30:30,$ 3688.00,500
749,09:30:30,$ 3688.00,354
750,09:30:27,$ 3688.36,100
751,09:30:18,$ 3690.83,100
752,09:30:13,$ 3690.00,148
753,09:30:12,$ 3691.64,100
754,09:30:12,$ 3691.00,100
755,09:30:12,$ 3690.84,100
757,09:30:12,$ 3693.14,100
758,09:30:11,$ 3692.60,100
759,09:30:11,$ 3692.60,100
760,09:30:03,$ 3690.41,100
761,09:30:02,$ 3694.20,1
762,09:30:02,$ 3694.20,5
763,09:30:02,$ 3694.20,104
764,09:30:02,$ 3694.20,1
765,09:30:02,$ 3694.20,1
766,09:30:02,$ 3694.20,1
767,09:30:02,$ 3694.20,1
768,09:30:02,$ 3694.20,5
769,09:30:02,$ 3694.20,1
770,09:30:02,$ 3694.20,2
771,09:30:02,$ 3694.20,2
772,09:30:02,$ 3694.20,1
773,09:30:02,$ 3694.20,6
774,09:30:02,$ 3694.20,1
775,09:30:02,$ 3694.20,1
776,09:30:02,$ 3694.20,1
778,09:30:02,$ 3694.20,20
779,09:30:02,$ 3694.20,5
780,09:30:02,$ 3694.20,20
781,09:30:02,$ 3694.20,1
782,09:30:02,$ 3694.20,1
783,09:30:02,$ 3694.20,1
784,09:30:02,$ 3694.20,2
785,09:30:02,$ 3694.20,5
786,09:30:02,$ 3694.20,1
787,09:30:02,$ 3694.20,3
788,09:30:02,$ 3694.20,1
789,09:30:02,$ 3694.20,1
790,09:30:02,$ 3694.20,35
791,09:30:02,$ 3694.20,25
792,09:30:02,$ 3694.20,3
793,09:30:02,$ 3694.20,6
794,09:30:02,$ 3694.20,5
795,09:30:02,$ 3694.20,1
796,09:30:02,$ 3694.20,10
797,09:30:02,$ 3694.20,7
799,09:30:02,$ 3694.20,2
800,09:30:02,$ 3694.20,3
801,09:30:02,$ 3694.20,3
802,09:30:02,$ 3694.20,2
803,09:30:02,$ 3694.20,1
804,09:30:02,$ 3694.20,51
805,09:30:02,$ 3694.20,2
806,09:30:02,$ 3694.20,10
807,09:30:02,$ 3694.20,3
808,09:30:02,$ 3694.20,2
809,09:30:02,$ 3694.20,20
810,09:30:02,$ 3694.20,5
811,09:30:02,$ 3694.20,5
812,09:30:02,$ 3694.20,3
813,09:30:02,$ 3694.20,1
814,09:30:02,$ 3694.20,7
815,09:30:02,$ 3694.20,1
816,09:30:02,$ 3694.20,18
817,09:30:02,$ 3694.20,9
818,09:30:02,$ 3694.20,1
820,09:30:02,$ 3694.20,30
821,09:30:02,$ 3694.20,3
822,09:30:02,$ 3694.20,25
823,09:30:02,$ 3694.20,6
824,09:30:02,$ 3694.20,9
825,09:30:02,$ 3694.20,5
826,09:30:02,$ 3694.20,33
827,09:30:02,$ 3694.20,1
828,09:30:02,$ 3694.20,28
829,09:30:02,$ 3694.20,2
830,09:30:02,$ 3694.20,4
831,09:30:02,$ 3694.20,100
832,09:30:02,$ 3694.20,1
833,09:30:02,$ 3694.20,3
834,09:30:02,$ 3694.20,5
835,09:30:02,$ 3694.20,1
836,09:30:02,$ 3694.20,16
837,09:30:02,$ 3694.20,2
838,09:30:02,$ 3694.20,134
839,09:30:02,$ 3694.20,881
841,09:30:02,$ 3694.20,4
842,09:30:02,$ 3694.20,11
843,09:30:02,$ 3694.20,2
844,09:30:02,$ 3694.20,2
845,09:30:02,$ 3694.20,5
846,09:30:02,$ 3694.20,1
847,09:30:02,$ 3694.20,10
848,09:30:02,$ 3694.20,3
849,09:30:02,$ 3694.20,10
850,09:30:02,$ 3694.20,10
851,09:30:02,$ 3694.20,1
852,09:30:02,$ 3694.20,2
853,09:30:02,$ 3694.20,15
854,09:30:02,$ 3694.20,18
855,09:30:02,$ 3694.20,2
856,09:30:02,$ 3694.20,3
857,09:30:02,$ 3694.20,2
858,09:30:02,$ 3694.20,5
859,09:30:02,$ 3694.20,3
860,09:30:02,$ 3694.20,3
862,09:30:02,$ 3694.20,6
863,09:30:02,$ 3694.20,3
864,09:30:02,$ 3694.20,3
865,09:30:02,$ 3694.20,2
866,09:30:02,$ 3694.20,2
867,09:30:02,$ 3694.20,1
868,09:30:02,$ 3694.20,1
869,09:30:02,$ 3694.20,12
870,09:30:02,$ 3694.20,15
871,09:30:02,$ 3694.20,15
872,09:30:02,$ 3694.20,15
873,09:30:02,$ 3694.20,1
874,09:30:02,$ 3694.20,2
875,09:30:02,$ 3694.20,1
876,09:30:02,$ 3694.20,3
877,09:30:02,$ 3694.20,1
878,09:30:02,$ 3694.20,1
879,09:30:02,$ 3694.20,3
880,09:30:02,$ 3694.20,1
881,09:30:02,$ 3694.20,1
883,09:30:02,$ 3694.20,7
884,09:30:02,$ 3694.20,150
885,09:30:02,$ 3694.20,7
886,09:30:02,$ 3694.20,1
887,09:30:02,$ 3694.20,1
888,09:30:02,$ 3694.20,2
889,09:30:02,$ 3694.20,3
890,09:30:02,$ 3694.20,12
891,09:30:02,$ 3694.20,1
892,09:30:02,$ 3694.20,5
893,09:30:02,$ 3694.20,1
894,09:30:02,$ 3694.20,1
895,09:30:02,$ 3694.20,10
896,09:30:02,$ 3694.20,1
897,09:30:02,$ 3694.20,2
898,09:30:02,$ 3694.20,4
899,09:30:02,$ 3694.20,4
900,09:30:02,$ 3694.20,5
901,09:30:02,$ 3694.20,3
902,09:30:02,$ 3694.20,3
904,09:30:02,$ 3694.20,38
905,09:30:02,$ 3694.20,22
906,09:30:02,$ 3694.20,164
907,09:30:02,$ 3694.20,1
908,09:30:02,$ 3694.20,50
909,09:30:02,$ 3694.20,1
910,09:30:02,$ 3694.20,1
911,09:30:02,$ 3694.20,1
912,09:30:02,$ 3694.20,5
913,09:30:02,$ 3694.20,1
914,09:30:02,$ 3694.20,1
915,09:30:02,$ 3694.20,10
916,09:30:02,$ 3694.20,2
917,09:30:02,$ 3694.20,1
918,09:30:02,$ 3694.20,10
919,09:30:02,$ 3694.20,67
920,09:30:02,$ 3694.20,2
921,09:30:02,$ 3694.20,1
922,09:30:02,$ 3694.20,6
923,09:30:02,$ 3694.20,1
925,09:30:02,$ 3694.20,5
926,09:30:02,$ 3694.20,1
927,09:30:02,$ 3694.20,2
928,09:30:02,$ 3694.20,15
929,09:30:02,$ 3694.20,67
930,09:30:02,$ 3694.20,67
931,09:30:02,$ 3694.20,27
932,09:30:02,$ 3694.20,5
933,09:30:02,$ 3694.20,1
934,09:30:02,$ 3694.20,10
935,09:30:02,$ 3694.20,84
936,09:30:02,$ 3694.20,7
937,09:30:02,$ 3694.20,74
938,09:30:02,$ 3694.20,54
939,09:30:02,$ 3694.20,1
940,09:30:02,$ 3694.20,1
941,09:30:02,$ 3694.20,1
942,09:30:02,$ 3694.20,60
943,09:30:02,$ 3694.20,1
944,09:30:02,$ 3694.20,4
946,09:30:02,$ 3694.20,3
947,09:30:02,$ 3694.20,7
948,09:30:02,$ 3694.20,1
949,09:30:02,$ 3694.20,27
950,09:30:02,$ 3694.20,3
951,09:30:02,$ 3694.20,6
952,09:30:02,$ 3694.20,5
953,09:30:02,$ 3694.20,1
954,09:30:02,$ 3694.20,8
955,09:30:02,$ 3694.20,1
956,09:30:02,$ 3694.20,4
957,09:30:02,$ 3694.20,1
958,09:30:02,$ 3694.20,1
959,09:30:02,$ 3694.20,1
960,09:30:02,$ 3694.20,2
961,09:30:02,$ 3694.20,10
962,09:30:02,$ 3694.20,3
963,09:30:02,$ 3694.20,10
964,09:30:02,$ 3694.20,12
965,09:30:02,$ 3694.20,3
967,09:30:02,$ 3694.20,1
968,09:30:02,$ 3694.20,1
969,09:30:02,$ 3694.20,1
970,09:30:02,$ 3694.20,5
971,09:30:02,$ 3694.20,1
972,09:30:02,$ 3694.20,2
973,09:30:02,$ 3694.20,6
974,09:30:02,$ 3694.20,9
975,09:30:02,$ 3694.20,1
976,09:30:02,$ 3694.20,6
977,09:30:02,$ 3694.20,2
978,09:30:02,$ 3694.20,1
979,09:30:02,$ 3694.20,3
980,09:30:02,$ 3694.20,2
981,09:30:02,$ 3694.20,1
982,09:30:02,$ 3694.20,5
983,09:30:02,$ 3694.20,1
984,09:30:02,$ 3694.20,1
985,09:30:02,$ 3694.20,1
986,09:30:02,$ 3694.20,1
988,09:30:02,$ 3694.20,1
989,09:30:02,$ 3694.20,1
990,09:30:02,$ 3694.20,3
991,09:30:02,$ 3694.20,1
992,09:30:02,$ 3694.20,10
993,09:30:02,$ 3694.20,7
994,09:30:02,$ 3694.20,3
995,09:30:02,$ 3694.20,2
996,09:30:02,$ 3694.20,1
997,09:30:02,$ 3694.20,6
998,09:30:02,$ 3694.20,4
999,09:30:02,$ 3694.20,2
1000,09:30:02,$ 3694.20,18
1001,09:30:02,$ 3694.20,3
1002,09:30:02,$ 3694.20,2
1003,09:30:02,$ 3694.20,1
1004,09:30:02,$ 3694.20,1
1005,09:30:02,$ 3694.20,5
1006,09:30:02,$ 3694.20,4
1007,09:30:02,$ 3694.20,1
1009,09:30:02,$ 3694.20,5
1010,09:30:02,$ 3694.20,2
1011,09:30:02,$ 3694.20,20
1012,09:30:02,$ 3694.20,1
1013,09:30:02,$ 3694.20,2
1014,09:30:02,$ 3694.20,1
1015,09:30:02,$ 3694.20,1
1016,09:30:02,$ 3694.20,1
1017,09:30:02,$ 3694.20,4
1018,09:30:02,$ 3694.20,2
1019,09:30:02,$ 3694.20,1
1020,09:30:02,$ 3694.20,1
1021,09:30:02,$ 3694.20,20
1022,09:30:02,$ 3694.20,9
1023,09:30:02,$ 3694.20,12
1024,09:30:02,$ 3694.20,13
1025,09:30:02,$ 3694.20,4
1026,09:30:02,$ 3694.20,16
1027,09:30:02,$ 3694.20,1
1028,09:30:02,$ 3694.20,1
1030,09:30:02,$ 3694.20,1
1031,09:30:02,$ 3694.20,1
1032,09:30:02,$ 3694.20,1
1033,09:30:02,$ 3694.20,1
1034,09:30:02,$ 3694.20,1
1035,09:30:02,$ 3694.20,238
1036,09:30:02,$ 3694.20,1
1037,09:30:02,$ 3694.20,6
1038,09:30:02,$ 3694.20,320
1039,09:30:02,$ 3694.20,5
1040,09:30:02,$ 3694.20,1
1041,09:30:02,$ 3694.20,262
1042,09:30:02,$ 3694.20,1
1043,09:30:02,$ 3694.20,2
1044,09:30:02,$ 3694.20,4
1045,09:30:02,$ 3694.20,37
1046,09:30:02,$ 3694.20,8
1047,09:30:02,$ 3694.20,1
1048,09:30:02,$ 3694.20,3
1049,09:30:02,$ 3694.20,1
1051,09:30:02,$ 3694.20,1
1052,09:30:02,$ 3694.20,1
1053,09:30:02,$ 3694.20,10
1054,09:30:02,$ 3694.20,3
1055,09:30:02,$ 3694.20,2
1056,09:30:02,$ 3694.20,7
1057,09:30:02,$ 3694.20,6
1058,09:30:02,$ 3694.20,5
1059,09:30:02,$ 3694.20,15
1060,09:30:02,$ 3694.20,5
1061,09:30:02,$ 3694.20,15
1062,09:30:02,$ 3694.20,202
1063,09:30:02,$ 3694.20,3
1064,09:30:02,$ 3694.20,3
1065,09:30:02,$ 3694.20,3
1066,09:30:02,$ 3694.20,5
1067,09:30:02,$ 3694.20,70
1068,09:30:02,$ 3694.20,7
1069,09:30:02,$ 3694.20,14
1070,09:30:02,$ 3694.20,22
1072,09:30:02,$ 3694.20,2
1073,09:30:02,$ 3694.20,2
1074,09:30:02,$ 3694.20,5
1075,09:30:02,$ 3694.20,5
1076,09:30:02,$ 3694.20,11
1077,09:30:02,$ 3694.20,12
1078,09:30:02,$ 3694.20,37
1079,09:30:02,$ 3694.20,38
1080,09:30:02,$ 3694.20,2
1081,09:30:02,$ 3694.20,1
1082,09:30:02,$ 3694.20,1
1083,09:30:02,$ 3694.20,2
1084,09:30:02,$ 3694.20,1
1085,09:30:02,$ 3694.20,1
1086,09:30:02,$ 3694.20,1
1087,09:30:02,$ 3694.20,1
1088,09:30:02,$ 3694.20,1
1089,09:30:02,$ 3694.20,1
1090,09:30:02,$ 3694.20,20
1091,09:30:02,$ 3694.20,1
1093,09:30:02,$ 3694.20,1
1094,09:30:02,$ 3694.20,1
1095,09:30:02,$ 3694.20,1
1096,09:30:02,$ 3694.20,1
1097,09:30:02,$ 3694.20,1
1098,09:30:02,$ 3694.20,2
1099,09:30:02,$ 3694.20,1
1100,09:30:02,$ 3694.20,1
1101,09:30:02,$ 3694.20,48
1102,09:30:02,$ 3694.20,1
1103,09:30:02,$ 3694.20,1
1104,09:30:02,$ 3694.20,1
1105,09:30:02,$ 3694.20,1
1106,09:30:02,$ 3694.20,3
1107,09:30:02,$ 3694.20,20
1108,09:30:02,$ 3694.20,3
1109,09:30:02,$ 3694.20,2
1110,09:30:02,$ 3694.20,1
1111,09:30:02,$ 3694.20,1
1112,09:30:02,$ 3694.20,1
1114,09:30:02,$ 3694.20,5
1115,09:30:02,$ 3694.20,1
1116,09:30:02,$ 3694.20,6
1117,09:30:02,$ 3694.20,1
1118,09:30:02,$ 3694.20,2
1119,09:30:02,$ 3694.20,1
1120,09:30:02,$ 3694.20,30
1121,09:30:02,$ 3694.20,3
1122,09:30:02,$ 3694.20,500
1123,09:30:02,$ 3694.20,1
1124,09:30:02,$ 3694.20,1
1125,09:30:02,$ 3694.20,2
1126,09:30:02,$ 3694.20,42
1127,09:30:02,$ 3694.20,1
1128,09:30:02,$ 3694.20,5
1129,09:30:02,$ 3694.20,1
1130,09:30:02,$ 3694.20,4
1131,09:30:02,$ 3694.20,2
1132,09:30:02,$ 3694.20,10
1133,09:30:02,$ 3694.20,1
1135,09:30:02,$ 3694.20,12
1136,09:30:02,$ 3694.20,1
1137,09:30:02,$ 3694.20,5
1138,09:30:02,$ 3694.20,70
1139,09:30:02,$ 3694.20,5
1140,09:30:02,$ 3694.20,1
1141,09:30:02,$ 3694.20,2
1142,09:30:02,$ 3694.20,3
1143,09:30:02,$ 3694.20,1
1144,09:30:02,$ 3694.20,4
1145,09:30:02,$ 3694.20,1
1146,09:30:02,$ 3694.20,1
1147,09:30:02,$ 3694.20,10
1148,09:30:02,$ 3694.20,1
1149,09:30:02,$ 3694.20,2
1150,09:30:02,$ 3694.20,30
1151,09:30:02,$ 3694.20,1
1152,09:30:02,$ 3694.20,5
1153,09:30:02,$ 3694.20,3
1154,09:30:02,$ 3694.20,80
1156,09:30:02,$ 3694.20,1
1157,09:30:02,$ 3694.20,14
1158,09:30:02,$ 3694.20,1
1159,09:30:02,$ 3694.20,2
1160,09:30:02,$ 3694.20,74
1161,09:30:02,$ 3694.20,1
1162,09:30:02,$ 3694.20,1
1163,09:30:02,$ 3694.20,9
1164,09:30:02,$ 3694.20,4
1165,09:30:02,$ 3694.20,20
1166,09:30:02,$ 3694.20,13
1167,09:30:02,$ 3694.20,5
1168,09:30:02,$ 3694.20,4
1169,09:30:02,$ 3694.20,1
1170,09:30:02,$ 3694.20,1
1171,09:30:02,$ 3694.20,1
1172,09:30:02,$ 3694.20,2
1173,09:30:02,$ 3694.20,1
1174,09:30:02,$ 3694.20,1
1175,09:30:02,$ 3694.20,1
1177,09:30:02,$ 3694.20,3
1178,09:30:02,$ 3694.20,1
1179,09:30:02,$ 3694.20,1
1180,09:30:02,$ 3694.20,14
1181,09:30:02,$ 3694.20,2
1182,09:30:02,$ 3694.20,50
1183,09:30:02,$ 3694.20,1
1184,09:30:02,$ 3694.20,2
1185,09:30:02,$ 3694.20,1
1186,09:30:02,$ 3694.20,3
1187,09:30:02,$ 3694.20,2
1188,09:30:02,$ 3694.20,1
1189,09:30:02,$ 3694.20,1
1190,09:30:02,$ 3694.20,4
1191,09:30:02,$ 3694.20,1
1192,09:30:02,$ 3694.20,1
1193,09:30:02,$ 3694.20,2
1194,09:30:02,$ 3694.20,1
1195,09:30:02,$ 3694.20,1
1196,09:30:02,$ 3694.20,1
1198,09:30:02,$ 3694.20,2
1199,09:30:02,$ 3694.20,1
1200,09:30:02,$ 3694.20,2
1201,09:30:02,$ 3694.20,3
1202,09:30:02,$ 3694.20,2
1203,09:30:02,$ 3694.20,2
1204,09:30:02,$ 3694.20,1
1205,09:30:02,$ 3694.20,3
1206,09:30:02,$ 3694.20,2
1207,09:30:02,$ 3694.20,1
1208,09:30:02,$ 3694.20,5
1209,09:30:02,$ 3694.20,11
1210,09:30:02,$ 3694.20,1
1211,09:30:02,$ 3694.20,1
1212,09:30:02,$ 3694.20,1
1213,09:30:02,$ 3694.20,2
1214,09:30:02,$ 3694.20,1
1215,09:30:02,$ 3694.20,1
1216,09:30:02,$ 3694.20,2
1217,09:30:02,$ 3694.20,1
1219,09:30:02,$ 3694.20,3
1220,09:30:02,$ 3694.20,1
1221,09:30:02,$ 3694.20,1
1222,09:30:02,$ 3694.20,4
1223,09:30:02,$ 3694.20,5
1224,09:30:02,$ 3694.20,3
1225,09:30:02,$ 3694.20,2
1226,09:30:02,$ 3694.20,1
1227,09:30:02,$ 3694.20,1
1228,09:30:02,$ 3694.20,4
1229,09:30:02,$ 3694.20,1
1230,09:30:02,$ 3694.20,11
1231,09:30:02,$ 3694.20,2
1232,09:30:02,$ 3694.20,3
1233,09:30:02,$ 3694.20,4
1234,09:30:02,$ 3694.20,3
1235,09:30:02,$ 3694.20,1
1236,09:30:02,$ 3694.20,4
1237,09:30:02,$ 3694.20,10
1238,09:30:02,$ 3694.20,104
1240,09:30:02,$ 3694.20,1
1241,09:30:02,$ 3694.20,4
1242,09:30:02,$ 3694.20,3
1243,09:30:02,$ 3694.20,1
1244,09:30:02,$ 3694.20,1
1245,09:30:02,$ 3694.20,3
1246,09:30:02,$ 3694.20,13
1247,09:30:02,$ 3694.20,3
1248,09:30:02,$ 3694.20,2
1249,09:30:02,$ 3694.20,1
1250,09:30:02,$ 3694.20,1
1251,09:30:02,$ 3694.20,2
1252,09:30:02,$ 3694.20,1
1253,09:30:02,$ 3694.20,1
1254,09:30:02,$ 3694.20,1
1255,09:30:02,$ 3694.20,10
1256,09:30:02,$ 3694.20,8
1257,09:30:02,$ 3694.20,10
1258,09:30:02,$ 3694.20,3
1259,09:30:02,$ 3694.20,1
1261,09:30:02,$ 3694.20,1
1262,09:30:02,$ 3694.20,2
1263,09:30:02,$ 3694.20,8
1264,09:30:02,$ 3694.20,528
1265,09:30:02,$ 3694.20,500
1266,09:30:02,$ 3694.20,27
1267,09:30:02,$ 3694.20,10
1268,09:30:02,$ 3694.20,2
1269,09:30:02,$ 3694.20,100
1270,09:30:02,$ 3694.20,2
1271,09:30:02,$ 3694.20,6
1272,09:30:02,$ 3694.20,25
1273,09:30:02,$ 3694.20,1
1274,09:30:02,$ 3694.20,10
1275,09:30:02,$ 3694.20,371
1276,09:30:02,$ 3694.20,6
1277,09:30:02,$ 3694.20,4
1278,09:30:02,$ 3694.20,2
1279,09:30:02,$ 3694.20,1
1280,09:30:02,$ 3694.20,1
1282,09:30:02,$ 3694.20,7
1283,09:30:02,$ 3694.20,1
1284,09:30:02,$ 3694.20,1
1285,09:30:02,$ 3694.20,1
1286,09:30:02,$ 3694.20,1
1287,09:30:02,$ 3694.20,5
1288,09:30:02,$ 3694.20,1
1289,09:30:02,$ 3694.20,22
1290,09:30:02,$ 3694.20,3
1291,09:30:02,$ 3694.20,5
1292,09:30:02,$ 3694.20,2
1293,09:30:02,$ 3694.20,24
1294,09:30:02,$ 3694.20,10
1295,09:30:02,$ 3694.20,4
1296,09:30:02,$ 3694.20,1
1297,09:30:02,$ 3694.20,13
1298,09:30:02,$ 3694.20,3
1299,09:30:02,$ 3694.20,2
1300,09:30:02,$ 3694.20,1
1301,09:30:02,$ 3694.20,1
1303,09:30:02,$ 3694.20,12
1304,09:30:02,$ 3694.20,1
1305,09:30:02,$ 3694.20,3
1306,09:30:02,$ 3694.20,3
1307,09:30:02,$ 3694.20,10
1308,09:30:02,$ 3694.20,20
1309,09:30:02,$ 3694.20,1
1310,09:30:02,$ 3694.20,57
1311,09:30:02,$ 3694.20,10
1312,09:30:02,$ 3694.20,1
1313,09:30:02,$ 3694.20,1
1314,09:30:02,$ 3694.20,2
1315,09:30:02,$ 3694.20,3
1316,09:30:02,$ 3694.20,1
1317,09:30:02,$ 3694.20,10
1318,09:30:02,$ 3694.20,14
1319,09:30:02,$ 3694.20,5
1320,09:30:02,$ 3694.20,"2,000"
1321,09:30:02,$ 3694.20,2
1322,09:30:02,$ 3694.20,45
1324,09:30:02,$ 3694.20,1
1325,09:30:02,$ 3694.20,7
1326,09:30:02,$ 3694.20,1
1327,09:30:02,$ 3694.20,10
1328,09:30:02,$ 3694.20,2
1329,09:30:02,$ 3694.20,5
1330,09:30:02,$ 3694.20,2
1331,09:30:02,$ 3694.20,1
1332,09:30:02,$ 3694.20,5
1333,09:30:02,$ 3694.20,5
1334,09:30:02,$ 3694.20,4
1335,09:30:02,$ 3694.20,91
1336,09:30:02,$ 3694.20,1
1337,09:30:02,$ 3694.20,1
1338,09:30:02,$ 3694.20,5
1339,09:30:02,$ 3694.20,9
1340,09:30:02,$ 3694.20,5
1341,09:30:02,$ 3694.20,1
1342,09:30:02,$ 3694.20,1
1343,09:30:02,$ 3694.20,1
1345,09:30:02,$ 3694.20,1
1346,09:30:02,$ 3694.20,5
1347,09:30:02,$ 3694.20,1
1348,09:30:02,$ 3694.20,1
1349,09:30:02,$ 3694.20,10
1350,09:30:02,$ 3694.20,2
1351,09:30:02,$ 3694.20,1
1352,09:30:02,$ 3694.20,3
1353,09:30:02,$ 3694.20,2
1354,09:30:02,$ 3694.20,12
1355,09:30:02,$ 3694.20,2
1356,09:30:02,$ 3694.20,3
1357,09:30:02,$ 3694.20,3
1358,09:30:02,$ 3694.20,1
1359,09:30:02,$ 3694.20,4
1360,09:30:02,$ 3694.20,14
1361,09:30:02,$ 3694.20,1
1362,09:30:02,$ 3694.20,2
1363,09:30:02,$ 3694.20,3
1364,09:30:02,$ 3694.20,3
1366,09:30:02,$ 3694.20,1
1367,09:30:02,$ 3694.20,8
1368,09:30:02,$ 3694.20,3
1369,09:30:02,$ 3694.20,1
1370,09:30:02,$ 3694.20,"1,345"
1371,09:30:02,$ 3694.20,3
1372,09:30:02,$ 3694.20,19
1373,09:30:02,$ 3694.20,21
1374,09:30:02,$ 3694.20,5
1375,09:30:02,$ 3694.20,2
1376,09:30:02,$ 3694.20,6
1377,09:30:02,$ 3694.20,1
1378,09:30:02,$ 3694.20,1
1379,09:30:02,$ 3694.20,1
1380,09:30:02,$ 3694.20,1
1381,09:30:02,$ 3694.20,1
1382,09:30:02,$ 3694.20,1
1383,09:30:02,$ 3694.20,1
1384,09:30:02,$ 3694.20,6
1385,09:30:02,$ 3694.20,1
1387,09:30:02,$ 3694.20,7
1388,09:30:02,$ 3694.20,3
1389,09:30:02,$ 3694.20,3
1390,09:30:02,$ 3694.20,2
1391,09:30:02,$ 3694.20,1
1392,09:30:02,$ 3694.20,1
1393,09:30:02,$ 3694.20,1
1394,09:30:02,$ 3694.20,10
1395,09:30:02,$ 3694.20,2
1396,09:30:02,$ 3694.20,1
1397,09:30:02,$ 3694.20,6
1398,09:30:02,$ 3694.20,1
1399,09:30:02,$ 3694.20,20
1400,09:30:02,$ 3694.20,1
1401,09:30:02,$ 3694.20,1
1402,09:30:02,$ 3694.20,2
1403,09:30:02,$ 3694.20,2
1404,09:30:02,$ 3694.20,4
1405,09:30:02,$ 3694.20,3
1406,09:30:02,$ 3694.20,1
1408,09:30:02,$ 3694.20,50
1409,09:30:02,$ 3694.20,3
1410,09:30:02,$ 3694.20,2
1411,09:30:02,$ 3694.20,3
1412,09:30:02,$ 3694.20,15
1413,09:30:02,$ 3694.20,1
1414,09:30:02,$ 3694.20,1
1415,09:30:02,$ 3694.20,1
1416,09:30:02,$ 3694.20,1
1417,09:30:02,$ 3694.20,5
1418,09:30:02,$ 3694.20,1
1419,09:30:02,$ 3694.20,1
1420,09:30:02,$ 3694.20,1
1421,09:30:02,$ 3694.20,10
1422,09:30:02,$ 3694.20,2
1423,09:30:02,$ 3694.20,7
1424,09:30:02,$ 3694.20,1
1425,09:30:02,$ 3694.20,5
1426,09:30:02,$ 3694.20,1
1427,09:30:02,$ 3694.20,1
1429,09:30:02,$ 3694.20,2
1430,09:30:02,$ 3694.20,5
1431,09:30:02,$ 3694.20,3
1432,09:30:02,$ 3694.20,1
1433,09:30:02,$ 3694.20,10
1434,09:30:02,$ 3694.20,2
1435,09:30:02,$ 3694.20,2
1436,09:30:02,$ 3694.20,2
1437,09:30:02,$ 3694.20,1
1438,09:30:02,$ 3694.20,15
1439,09:30:02,$ 3694.20,20
1440,09:30:02,$ 3694.20,1
1441,09:30:02,$ 3694.20,1
1442,09:30:02,$ 3694.20,1
1443,09:30:02,$ 3694.20,1
1444,09:30:02,$ 3694.20,1
1445,09:30:02,$ 3694.20,1
1446,09:30:02,$ 3694.20,1
1447,09:30:02,$ 3694.20,1
1448,09:30:02,$ 3694.20,1
1450,09:30:02,$ 3694.20,1
1451,09:30:02,$ 3694.20,1
1452,09:30:02,$ 3694.20,1
1453,09:30:02,$ 3694.20,1
1454,09:30:02,$ 3694.20,1
1455,09:30:02,$ 3694.20,1
1456,09:30:02,$ 3694.20,1
1457,09:30:02,$ 3694.20,1
1458,09:30:02,$ 3694.20,1
1459,09:30:02,$ 3694.20,3
1460,09:30:02,$ 3694.20,1
1461,09:30:02,$ 3694.20,1
1462,09:30:02,$ 3694.20,1
1463,09:30:02,$ 3694.20,1
1464,09:30:02,$ 3694.20,1
1465,09:30:02,$ 3694.20,1
1466,09:30:02,$ 3694.20,1
1467,09:30:02,$ 3694.20,1
1468,09:30:02,$ 3694.20,1
1469,09:30:02,$ 3694.20,1
1471,09:30:02,$ 3694.20,1
1472,09:30:02,$ 3694.20,1
1473,09:30:02,$ 3694.20,1
1474,09:30:02,$ 3694.20,1
1475,09:30:02,$ 3694.20,1
1476,09:30:02,$ 3694.20,1
1477,09:30:02,$ 3694.20,1
1478,09:30:02,$ 3694.20,1
1479,09:30:02,$ 3694.20,1
1480,09:30:02,$ 3694.20,1
1481,09:30:02,$ 3694.20,1
1482,09:30:02,$ 3694.20,1
1483,09:30:02,$ 3694.20,1
1484,09:30:02,$ 3694.20,1
1485,09:30:02,$ 3694.20,1
1486,09:30:02,$ 3694.20,1
1487,09:30:02,$ 3694.20,1
1488,09:30:02,$ 3694.20,1
1489,09:30:02,$ 3694.20,1
1490,09:30:02,$ 3694.20,1
1492,09:30:02,$ 3694.20,1
1493,09:30:02,$ 3694.20,1
1494,09:30:02,$ 3694.20,1
1495,09:30:02,$ 3694.20,1
1496,09:30:02,$ 3694.20,1
1497,09:30:02,$ 3694.20,1
1498,09:30:02,$ 3694.20,1
1499,09:30:02,$ 3694.20,1
1500,09:30:02,$ 3694.20,1
1501,09:30:02,$ 3694.20,1
1502,09:30:02,$ 3694.20,1
1503,09:30:02,$ 3694.20,1
1504,09:30:02,$ 3694.20,1
1505,09:30:02,$ 3694.20,1
1506,09:30:02,$ 3694.20,1
1507,09:30:02,$ 3694.20,1
1508,09:30:02,$ 3694.20,1
1509,09:30:02,$ 3694.20,1
1510,09:30:02,$ 3694.20,2
1511,09:30:02,$ 3694.20,10
1513,09:30:02,$ 3694.20,2
1514,09:30:02,$ 3694.20,1
1515,09:30:02,$ 3694.20,9
1516,09:30:02,$ 3694.20,3
1517,09:30:02,$ 3694.20,1
1518,09:30:02,$ 3694.20,1
1519,09:30:02,$ 3694.20,2
1520,09:30:02,$ 3694.20,1
1521,09:30:02,$ 3694.20,1
1522,09:30:02,$ 3694.20,1
1523,09:30:02,$ 3694.20,1
1524,09:30:02,$ 3694.20,1
1525,09:30:02,$ 3694.20,8
1526,09:30:02,$ 3694.20,1
1527,09:30:02,$ 3694.20,1
1528,09:30:02,$ 3694.20,1
1529,09:30:02,$ 3694.20,1
1530,09:30:02,$ 3694.20,3
1531,09:30:02,$ 3694.20,5
1532,09:30:02,$ 3694.20,1
1534,09:30:02,$ 3694.20,2
1535,09:30:02,$ 3694.20,4
1536,09:30:02,$ 3694.20,2
1537,09:30:02,$ 3694.20,9
1538,09:30:02,$ 3694.20,9
1539,09:30:02,$ 3694.20,1
1540,09:30:02,$ 3694.20,1
1541,09:30:02,$ 3694.20,1
1542,09:30:02,$ 3694.20,2
1543,09:30:02,$ 3694.20,2
1544,09:30:02,$ 3694.20,3
1545,09:30:02,$ 3694.20,3
1546,09:30:02,$ 3694.20,1
1547,09:30:02,$ 3694.20,10
1548,09:30:02,$ 3694.20,1
1549,09:30:02,$ 3694.20,2
1550,09:30:02,$ 3694.20,1
1551,09:30:02,$ 3694.20,2
1552,09:30:02,$ 3694.20,1
1553,09:30:02,$ 3694.20,5
1555,09:30:02,$ 3694.20,1
1556,09:30:02,$ 3694.20,9
1557,09:30:02,$ 3694.20,11
1558,09:30:02,$ 3694.20,2
1559,09:30:02,$ 3694.20,8
1560,09:30:02,$ 3694.20,1
1561,09:30:02,$ 3694.20,34
1562,09:30:02,$ 3694.20,3
1563,09:30:02,$ 3694.20,4
1564,09:30:02,$ 3694.20,14
1565,09:30:02,$ 3694.20,1
1566,09:30:02,$ 3694.20,1
1567,09:30:02,$ 3694.20,10
1568,09:30:02,$ 3694.20,1
1569,09:30:02,$ 3694.20,2
1570,09:30:02,$ 3694.20,1
1571,09:30:02,$ 3694.20,6
1572,09:30:02,$ 3694.20,1
1573,09:30:02,$ 3694.20,1
1574,09:30:02,$ 3694.20,1
1576,09:30:02,$ 3694.20,10
1577,09:30:02,$ 3694.20,1
1578,09:30:02,$ 3694.20,5
1579,09:30:02,$ 3694.20,1
1580,09:30:02,$ 3694.20,1
1581,09:30:02,$ 3694.20,1
1582,09:30:02,$ 3694.20,1
1583,09:30:02,$ 3694.20,1
1584,09:30:02,$ 3694.20,1
1585,09:30:02,$ 3694.20,1
1586,09:30:02,$ 3694.20,1
1587,09:30:02,$ 3694.20,1
1588,09:30:02,$ 3694.20,1
1589,09:30:02,$ 3694.20,1
1590,09:30:02,$ 3694.20,1
1591,09:30:02,$ 3694.20,1
1592,09:30:02,$ 3694.20,1
1593,09:30:02,$ 3694.20,20
1594,09:30:02,$ 3694.20,1
1595,09:30:02,$ 3694.20,1
1597,09:30:02,$ 3694.20,1
1598,09:30:02,$ 3694.20,1
1599,09:30:02,$ 3694.20,1
1600,09:30:02,$ 3694.20,1
1601,09:30:02,$ 3694.20,1
1602,09:30:02,$ 3694.20,1
1603,09:30:02,$ 3694.20,1
1604,09:30:02,$ 3694.20,1
1605,09:30:02,$ 3694.20,1
1606,09:30:02,$ 3694.20,1
1607,09:30:02,$ 3694.20,1
1608,09:30:02,$ 3694.20,1
1609,09:30:02,$ 3694.20,1
1610,09:30:02,$ 3694.20,1
1611,09:30:02,$ 3694.20,1
1612,09:30:02,$ 3694.20,1
1613,09:30:02,$ 3694.20,1
1614,09:30:02,$ 3694.20,1
1615,09:30:02,$ 3694.20,1
1616,09:30:02,$ 3694.20,1
1618,09:30:02,$ 3694.20,1
1619,09:30:02,$ 3694.20,1
1620,09:30:02,$ 3694.20,1
1621,09:30:02,$ 3694.20,1
1622,09:30:02,$ 3694.20,1
1623,09:30:02,$ 3694.20,1
1624,09:30:02,$ 3694.20,1
1625,09:30:02,$ 3694.20,1
1626,09:30:02,$ 3694.20,1
1627,09:30:02,$ 3694.20,1
1628,09:30:02,$ 3694.20,1
1629,09:30:02,$ 3694.20,1
1630,09:30:02,$ 3694.20,1
1631,09:30:02,$ 3694.20,1
1632,09:30:02,$ 3694.20,1
1633,09:30:02,$ 3694.20,1
1634,09:30:02,$ 3694.20,1
1635,09:30:02,$ 3694.20,1
1636,09:30:02,$ 3694.20,1
1637,09:30:02,$ 3694.20,1
1639,09:30:02,$ 3694.20,1
1640,09:30:02,$ 3694.20,1
1641,09:30:02,$ 3694.20,1
1642,09:30:02,$ 3694.20,1
1643,09:30:02,$ 3694.20,1
1644,09:30:02,$ 3694.20,1
1645,09:30:02,$ 3694.20,1
1646,09:30:02,$ 3694.20,1
1647,09:30:02,$ 3694.20,1
1648,09:30:02,$ 3694.20,1
1649,09:30:02,$ 3694.20,1
1650,09:30:02,$ 3694.20,1
1651,09:30:02,$ 3694.20,1
1652,09:30:02,$ 3694.20,1
1653,09:30:02,$ 3694.20,1
1654,09:30:02,$ 3694.20,1
1655,09:30:02,$ 3694.20,1
1656,09:30:02,$ 3694.20,22
1657,09:30:02,$ 3694.20,65
1658,09:30:02,$ 3694.20,1
1660,09:30:02,$ 3694.20,1
1661,09:30:02,$ 3694.20,1
1662,09:30:02,$ 3694.20,1
1663,09:30:02,$ 3694.20,1
1664,09:30:02,$ 3694.20,1
1665,09:30:02,$ 3694.20,1
1666,09:30:02,$ 3694.20,1
1667,09:30:02,$ 3694.20,1
1668,09:30:02,$ 3694.20,1
1669,09:30:02,$ 3694.20,1
1670,09:30:02,$ 3694.20,1
1671,09:30:02,$ 3694.20,1
1672,09:30:02,$ 3694.20,1
1673,09:30:02,$ 3694.20,1
1674,09:30:02,$ 3694.20,1
1675,09:30:02,$ 3694.20,1
1676,09:30:02,$ 3694.20,80
1677,09:30:02,$ 3694.20,5
1678,09:30:02,$ 3694.20,18
1679,09:30:02,$ 3694.20,15
1681,09:30:02,$ 3694.20,279
1682,09:30:02,$ 3694.20,1
1683,09:30:02,$ 3694.20,40
1684,09:30:02,$ 3694.20,2
1685,09:30:02,$ 3694.20,1
1686,09:30:02,$ 3694.20,4
1687,09:30:02,$ 3694.20,23
1688,09:30:02,$ 3694.20,33
1689,09:30:02,$ 3694.20,3
1690,09:30:02,$ 3694.20,6
1691,09:30:02,$ 3694.20,2
1692,09:30:02,$ 3694.20,3
1693,09:30:02,$ 3694.20,96
1694,09:30:02,$ 3694.20,6
1695,09:30:02,$ 3694.20,1
1696,09:30:02,$ 3694.20,4
1697,09:30:02,$ 3694.20,1
1698,09:30:02,$ 3694.20,5
1699,09:30:02,$ 3694.20,1
1700,09:30:02,$ 3694.20,3
1702,09:30:02,$ 3694.20,4
1703,09:30:02,$ 3694.20,10
1704,09:30:02,$ 3694.20,2
1705,09:30:02,$ 3694.20,7
1706,09:30:02,$ 3694.20,1
1707,09:30:02,$ 3694.20,1
1708,09:30:02,$ 3694.20,10
1709,09:30:02,$ 3694.20,1
1710,09:30:02,$ 3694.20,2
1711,09:30:02,$ 3694.20,4
1712,09:30:02,$ 3694.20,2
1713,09:30:02,$ 3694.20,5
1714,09:30:02,$ 3694.20,2
1715,09:30:02,$ 3694.20,1
1716,09:30:02,$ 3694.20,1
1717,09:30:02,$ 3694.20,2
1718,09:30:02,$ 3694.20,1
1719,09:30:02,$ 3694.20,1
1720,09:30:02,$ 3694.20,4
1721,09:30:02,$ 3694.20,3
1723,09:30:02,$ 3694.20,41
1724,09:30:02,$ 3694.20,1
1725,09:30:02,$ 3694.20,3
1726,09:30:02,$ 3694.20,1
1727,09:30:02,$ 3694.20,2
1728,09:30:02,$ 3694.20,9
1729,09:30:02,$ 3694.20,5
1730,09:30:02,$ 3694.20,1
1731,09:30:02,$ 3694.20,1
1732,09:30:02,$ 3694.20,1
1733,09:30:02,$ 3694.20,1
1734,09:30:02,$ 3694.20,9
1735,09:30:02,$ 3694.20,10
1736,09:30:02,$ 3694.20,2
1737,09:30:02,$ 3694.20,1
1738,09:30:02,$ 3694.20,1
1739,09:30:02,$ 3694.20,2
1740,09:30:02,$ 3694.20,1
1741,09:30:02,$ 3694.20,1
1742,09:30:02,$ 3694.20,10
1744,09:30:02,$ 3694.20,1
1745,09:30:02,$ 3694.20,5
1746,09:30:02,$ 3694.20,1
1747,09:30:02,$ 3694.20,1
1748,09:30:02,$ 3694.20,1
1749,09:30:02,$ 3694.20,1
1750,09:30:02,$ 3694.20,1
1751,09:30:02,$ 3694.20,150
1752,09:30:02,$ 3694.20,3
1753,09:30:02,$ 3694.20,6
1754,09:30:02,$ 3694.20,2
1755,09:30:02,$ 3694.20,1
1756,09:30:02,$ 3694.20,10
1757,09:30:02,$ 3694.20,13
1758,09:30:02,$ 3694.20,1
1759,09:30:02,$ 3694.20,1
1760,09:30:02,$ 3694.20,15
1761,09:30:02,$ 3694.20,1
1762,09:30:02,$ 3694.20,1
1763,09:30:02,$ 3694.20,1
1765,09:30:02,$ 3694.20,1
1766,09:30:02,$ 3694.20,6
1767,09:30:02,$ 3694.20,1
1768,09:30:02,$ 3694.20,1
1769,09:30:02,$ 3694.20,37
1770,09:30:02,$ 3694.20,81
1771,09:30:02,$ 3694.20,2
1772,09:30:02,$ 3694.20,82
1773,09:30:02,$ 3694.20,81
1774,09:30:02,$ 3694.20,1
1775,09:30:02,$ 3694.20,10
1776,09:30:02,$ 3694.20,5
1777,09:30:02,$ 3694.20,5
1778,09:30:02,$ 3694.20,10
1779,09:30:02,$ 3694.20,1
1780,09:30:02,$ 3694.20,4
1781,09:30:02,$ 3694.20,5
1782,09:30:02,$ 3694.20,2
1783,09:30:02,$ 3694.20,3
1784,09:30:02,$ 3694.20,81
1786,09:30:02,$ 3694.20,1
1787,09:30:02,$ 3694.20,82
1788,09:30:02,$ 3694.20,10
1789,09:30:02,$ 3694.20,5
1790,09:30:02,$ 3694.20,1
1791,09:30:02,$ 3694.20,4
1792,09:30:02,$ 3694.20,81
1793,09:30:02,$ 3694.20,81
1794,09:30:02,$ 3694.20,1
1795,09:30:02,$ 3694.20,1
1796,09:30:02,$ 3694.20,81
1797,09:30:02,$ 3694.20,82
1798,09:30:02,$ 3694.20,81
1799,09:30:02,$ 3694.20,81
1800,09:30:02,$ 3694.20,1
1801,09:30:02,$ 3694.20,5
1802,09:30:02,$ 3694.20,82
1803,09:30:02,$ 3694.20,81
1804,09:30:02,$ 3694.20,81
1805,09:30:02,$ 3694.20,1
1807,09:30:02,$ 3694.20,1
1808,09:30:02,$ 3694.20,81
1809,09:30:02,$ 3694.20,82
1810,09:30:02,$ 3694.20,81
1811,09:30:02,$ 3694.20,161
1812,09:30:02,$ 3694.20,175
1813,09:30:02,$ 3694.20,5
1814,09:30:02,$ 3694.20,81
1815,09:30:02,$ 3694.20,82
1816,09:30:02,$ 3694.20,1
1817,09:30:02,$ 3694.20,81
1818,09:30:02,$ 3694.20,81
1819,09:30:02,$ 3694.20,81
1820,09:30:02,$ 3694.20,1
1821,09:30:02,$ 3694.20,30
1822,09:30:02,$ 3694.20,1
1823,09:30:02,$ 3694.20,8
1824,09:30:02,$ 3694.20,37
1825,09:30:02,$ 3694.20,1
1826,09:30:02,$ 3694.20,1
1828,09:30:02,$ 3694.20,1
1829,09:30:02,$ 3694.20,2
1830,09:30:02,$ 3694.20,10
1831,09:30:02,$ 3694.20,1
1832,09:30:02,$ 3694.20,5
1833,09:30:02,$ 3694.20,6
1834,09:30:02,$ 3694.20,137
1835,09:30:02,$ 3694.20,45
1836,09:30:02,$ 3694.20,1
1837,09:30:02,$ 3694.20,1
1838,09:30:02,$ 3694.20,1
1839,09:30:02,$ 3694.20,1
1840,09:30:02,$ 3694.20,1
1841,09:30:02,$ 3694.20,1
1842,09:30:02,$ 3694.20,1
1843,09:30:02,$ 3694.20,95
1844,09:30:02,$ 3694.20,1
1845,09:30:02,$ 3694.20,53
1846,09:30:02,$ 3694.20,1
1847,09:30:02,$ 3694.20,4
1849,09:30:02,$ 3694.20,1
1850,09:30:02,$ 3694.20,82
1851,09:30:02,$ 3694.20,81
1852,09:30:02,$ 3694.20,81
1853,09:30:02,$ 3694.20,2
1854,09:30:02,$ 3694.20,82
1855,09:30:02,$ 3694.20,81
1856,09:30:02,$ 3694.20,81
1857,09:30:02,$ 3694.20,81
1858,09:30:02,$ 3694.20,82
1859,09:30:02,$ 3694.20,81
1860,09:30:02,$ 3694.20,81
1861,09:30:02,$ 3694.20,81
1862,09:30:02,$ 3694.20,82
1863,09:30:02,$ 3694.20,81
1864,09:30:02,$ 3694.20,81
1865,09:30:02,$ 3694.20,82
1866,09:30:02,$ 3694.20,41
1867,09:30:02,$ 3694.20,41
1868,09:30:02,$ 3694.20,4
1870,09:30:02,$ 3694.20,3
1871,09:30:02,$ 3694.20,41
1872,09:30:02,$ 3694.20,41
1873,09:30:02,$ 3694.20,41
1874,09:30:02,$ 3694.20,41
1875,09:30:02,$ 3694.20,2
1876,09:30:02,$ 3694.20,28
1877,09:30:02,$ 3694.20,41
1878,09:30:02,$ 3694.20,1
1879,09:30:02,$ 3694.20,41
1880,09:30:02,$ 3694.20,40
1881,09:30:02,$ 3694.20,40
1882,09:30:02,$ 3694.20,10
1883,09:30:02,$ 3694.20,1
1884,09:30:02,$ 3694.20,15
1885,09:30:02,$ 3694.20,4
1886,09:30:02,$ 3694.20,1
1887,09:30:02,$ 3694.20,3
1888,09:30:02,$ 3694.20,7
1889,09:30:02,$ 3694.20,2
1891,09:30:02,$ 3694.20,3
1892,09:30:02,$ 3694.20,4
1893,09:30:02,$ 3694.20,4
1894,09:30:02,$ 3694.20,1
1895,09:30:02,$ 3694.20,24
1896,09:30:02,$ 3694.20,6
1897,09:30:02,$ 3694.20,8
1898,09:30:02,$ 3694.20,1
1899,09:30:02,$ 3694.20,1
1900,09:30:02,$ 3694.20,5
1901,09:30:02,$ 3694.20,2
1902,09:30:02,$ 3694.20,1
1903,09:30:02,$ 3694.20,1
1904,09:30:02,$ 3694.20,1
1905,09:30:02,$ 3694.20,40
1906,09:30:02,$ 3694.20,5
1907,09:30:02,$ 3694.20,2
1908,09:30:02,$ 3694.20,1
1909,09:30:02,$ 3694.20,1
1910,09:30:02,$ 3694.20,2
1912,09:30:02,$ 3694.20,2
1913,09:30:02,$ 3694.20,1
1914,09:30:02,$ 3694.20,1
1915,09:30:02,$ 3694.20,1
1916,09:30:02,$ 3694.20,5
1917,09:30:02,$ 3694.20,5
1918,09:30:02,$ 3694.20,24
1919,09:30:02,$ 3694.20,2
1920,09:30:02,$ 3694.20,2
1921,09:30:02,$ 3694.20,2
1922,09:30:02,$ 3694.20,1
1923,09:30:02,$ 3694.20,1
1924,09:30:02,$ 3694.20,14
1925,09:30:02,$ 3694.20,1
1926,09:30:02,$ 3694.20,3
1927,09:30:02,$ 3694.20,1
1928,09:30:02,$ 3694.20,1
1929,09:30:02,$ 3694.20,3
1930,09:30:02,$ 3694.20,1
1931,09:30:02,$ 3694.20,10
1933,09:30:02,$ 3694.20,1
1934,09:30:02,$ 3694.20,1
1935,09:30:02,$ 3694.20,1
1936,09:30:02,$ 3694.20,1
1937,09:30:02,$ 3694.20,5
1938,09:30:02,$ 3694.20,3
1939,09:30:02,$ 3694.20,1
1940,09:30:02,$ 3694.20,1
1941,09:30:02,$ 3694.20,2
1942,09:30:02,$ 3694.20,2
1943,09:30:02,$ 3694.20,1
1944,09:30:02,$ 3694.20,2
1945,09:30:02,$ 3694.20,4
1946,09:30:02,$ 3694.20,1
1947,09:30:02,$ 3694.20,1
1948,09:30:02,$ 3694.20,22
1949,09:30:02,$ 3694.20,3
1950,09:30:02,$ 3694.20,20
1951,09:30:02,$ 3694.20,5
1952,09:30:02,$ 3694.20,1
1954,09:30:02,$ 3694.20,1
1955,09:30:02,$ 3694.20,"1,900"
1956,09:30:02,$ 3694.20,54
1957,09:30:02,$ 3694.20,1
1958,09:30:02,$ 3694.20,1
1959,09:30:02,$ 3694.20,10
1960,09:30:02,$ 3694.20,2
1961,09:30:02,$ 3694.20,20
1962,09:30:02,$ 3694.20,10
1963,09:30:02,$ 3694.20,3
1964,09:30:02,$ 3694.20,1
1965,09:30:02,$ 3694.20,1
1966,09:30:02,$ 3694.20,1
1967,09:30:02,$ 3694.20,1
1968,09:30:02,$ 3694.20,3
1969,09:30:02,$ 3694.20,5
1970,09:30:02,$ 3694.20,13
1971,09:30:02,$ 3694.20,5
1972,09:30:02,$ 3694.20,1
1973,09:30:02,$ 3694.20,1
1975,09:30:02,$ 3694.20,1
1976,09:30:02,$ 3694.20,2
1977,09:30:02,$ 3694.20,4
1978,09:30:02,$ 3694.20,1
1979,09:30:02,$ 3694.20,1
1980,09:30:02,$ 3694.20,1
1981,09:30:02,$ 3694.20,1
1982,09:30:02,$ 3694.20,1
1983,09:30:02,$ 3694.20,1
1984,09:30:02,$ 3694.20,1
1985,09:30:02,$ 3694.20,1
1986,09:30:02,$ 3694.20,3
1987,09:30:02,$ 3694.20,4
1988,09:30:02,$ 3694.20,2
1989,09:30:02,$ 3694.20,2
1990,09:30:02,$ 3694.20,1
1991,09:30:02,$ 3694.20,3
1992,09:30:02,$ 3694.20,5
1993,09:30:02,$ 3694.20,4
1994,09:30:02,$ 3694.20,1
1996,09:30:02,$ 3694.20,3
1997,09:30:02,$ 3694.20,7
1998,09:30:02,$ 3694.20,1
1999,09:30:02,$ 3694.20,1
2000,09:30:02,$ 3694.20,1
2001,09:30:02,$ 3694.20,6
2002,09:30:02,$ 3694.20,1
2003,09:30:02,$ 3694.20,2
2004,09:30:02,$ 3694.20,88
2005,09:30:02,$ 3694.20,197
2006,09:30:02,$ 3694.20,4
2007,09:30:02,$ 3694.20,600
2008,09:30:02,$ 3694.20,6
2009,09:30:02,$ 3694.20,100
2010,09:30:02,$ 3694.20,100
2011,09:30:02,$ 3694.20,14
2012,09:30:02,$ 3694.20,"2,558"
2013,09:30:02,$ 3694.20,144
2014,09:30:02,$ 3694.20,1
2015,09:30:02,$ 3694.20,1
2017,09:30:02,$ 3694.20,1
2018,09:30:02,$ 3694.20,2
2019,09:30:02,$ 3694.20,100
2020,09:30:02,$ 3694.20,8
2021,09:30:02,$ 3694.20,6
2022,09:30:02,$ 3694.20,92
2023,09:30:02,$ 3694.20,224
2024,09:30:02,$ 3694.20,32
2025,09:30:02,$ 3694.20,1
2026,09:30:02,$ 3694.20,6
2027,09:30:02,$ 3694.20,85
2028,09:30:02,$ 3694.20,6
2029,09:30:02,$ 3694.20,7
2030,09:30:02,$ 3694.20,1
2031,09:30:02,$ 3694.20,4
2032,09:30:02,$ 3694.20,100
2033,09:30:02,$ 3694.20,68
2034,09:30:02,$ 3694.20,4
2035,09:30:02,$ 3694.20,3
2036,09:30:02,$ 3694.20,3
2038,09:30:02,$ 3694.20,10
2039,09:30:02,$ 3694.20,1
2040,09:30:02,$ 3694.20,25
2041,09:30:02,$ 3694.20,8
2042,09:30:02,$ 3694.20,7
2043,09:30:02,$ 3694.20,2
2044,09:30:02,$ 3694.20,35
2045,09:30:02,$ 3694.20,63
2046,09:30:02,$ 3694.20,100
2047,09:30:02,$ 3694.20,1
2048,09:30:02,$ 3694.20,5
2049,09:30:02,$ 3694.20,14
2050,09:30:02,$ 3694.20,1
2051,09:30:02,$ 3694.20,20
2052,09:30:02,$ 3694.20,1
2053,09:30:02,$ 3694.20,210
2054,09:30:02,$ 3694.20,1
2055,09:30:02,$ 3694.20,16
2056,09:30:02,$ 3694.20,1
2057,09:30:02,$ 3694.20,8
2059,09:30:02,$ 3694.20,3
2060,09:30:02,$ 3694.20,25
2061,09:30:02,$ 3694.20,10
2062,09:30:02,$ 3694.20,10
2063,09:30:02,$ 3694.20,50
2064,09:30:02,$ 3694.20,883
2065,09:30:02,$ 3694.20,24
2066,09:30:02,$ 3694.20,2
2067,09:30:02,$ 3694.20,7
2068,09:30:02,$ 3694.20,11
2069,09:30:02,$ 3694.20,3
2070,09:30:02,$ 3694.20,1
2071,09:30:02,$ 3694.20,1
2072,09:30:02,$ 3694.20,3
2073,09:30:02,$ 3694.20,13
2074,09:30:02,$ 3694.20,1
2075,09:30:02,$ 3694.20,1
2076,09:30:02,$ 3694.20,1
2077,09:30:02,$ 3694.20,60
2078,09:30:02,$ 3694.20,4
2080,09:30:02,$ 3694.20,50
2081,09:30:02,$ 3694.20,1
2082,09:30:02,$ 3694.20,9
2083,09:30:02,$ 3694.20,9
2084,09:30:02,$ 3694.20,2
2085,09:30:02,$ 3694.20,10
2086,09:30:02,$ 3694.20,9
2087,09:30:02,$ 3694.20,5
2088,09:30:02,$ 3694.20,1
2089,09:30:02,$ 3694.20,1
2090,09:30:02,$ 3694.20,7
2091,09:30:02,$ 3694.20,1
2092,09:30:02,$ 3694.20,100
2093,09:30:02,$ 3694.20,3
2094,09:30:02,$ 3694.20,5
2095,09:30:02,$ 3694.20,174
2096,09:30:02,$ 3694.20,2
2097,09:30:02,$ 3694.20,5
2098,09:30:02,$ 3694.20,1
2099,09:30:02,$ 3694.20,6
2101,09:30:02,$ 3694.20,10
2102,09:30:02,$ 3694.20,1
2103,09:30:02,$ 3694.20,1
2104,09:30:02,$ 3694.20,13
2105,09:30:02,$ 3694.20,100
2106,09:30:02,$ 3694.20,3
2107,09:30:02,$ 3694.20,50
2108,09:30:02,$ 3694.20,12
2109,09:30:02,$ 3694.20,723
2110,09:30:02,$ 3694.20,111
2111,09:30:02,$ 3694.20,5
2112,09:30:02,$ 3694.20,95
2113,09:30:02,$ 3694.20,1
2114,09:30:02,$ 3694.20,1
2115,09:30:02,$ 3694.20,2
2116,09:30:02,$ 3694.20,1
2117,09:30:02,$ 3694.20,50
2118,09:30:02,$ 3694.20,1
2119,09:30:02,$ 3694.20,5
2120,09:30:02,$ 3694.20,1
2122,09:30:02,$ 3694.20,500
2123,09:30:02,$ 3694.20,2
2124,09:30:02,$ 3694.20,1
2125,09:30:02,$ 3694.20,10
2126,09:30:02,$ 3694.20,1
2127,09:30:02,$ 3694.20,300
2128,09:30:02,$ 3694.20,12
2129,09:30:02,$ 3694.20,"1,000"
2130,09:30:02,$ 3694.20,2
2131,09:30:02,$ 3694.20,40
2132,09:30:02,$ 3694.20,20
2133,09:30:02,$ 3694.20,26
2134,09:30:02,$ 3694.20,22
2135,09:30:02,$ 3694.20,18
2136,09:30:02,$ 3694.20,91
2137,09:30:02,$ 3694.20,18
2138,09:30:02,$ 3694.20,1
2139,09:30:02,$ 3694.20,2
2140,09:30:02,$ 3694.20,4
2141,09:30:02,$ 3694.20,10
2143,09:30:02,$ 3694.20,2
2144,09:30:02,$ 3694.20,175
2145,09:30:02,$ 3694.20,98
2146,09:30:02,$ 3694.20,1
2147,09:30:02,$ 3694.20,3
2148,09:30:02,$ 3694.20,4
2149,09:30:02,$ 3694.20,1
2150,09:30:02,$ 3694.20,3
2151,09:30:02,$ 3694.20,2
2152,09:30:02,$ 3694.20,38
2153,09:30:02,$ 3694.20,3
2154,09:30:02,$ 3694.20,1
2155,09:30:02,$ 3694.20,2
2156,09:30:02,$ 3694.20,2
2157,09:30:02,$ 3694.20,1
2158,09:30:02,$ 3694.20,1
2159,09:30:02,$ 3694.20,14
2160,09:30:02,$ 3694.20,1
2161,09:30:02,$ 3694.20,1
2162,09:30:02,$ 3694.20,1
2164,09:30:02,$ 3694.20,1
2165,09:30:02,$ 3694.20,3
2166,09:30:02,$ 3694.20,20
2167,09:30:02,$ 3694.20,69
2168,09:30:02,$ 3694.20,50
2169,09:30:02,$ 3694.20,10
2170,09:30:02,$ 3694.20,1
2171,09:30:02,$ 3694.20,20
2172,09:30:02,$ 3694.20,1
2173,09:30:02,$ 3694.20,1
2174,09:30:02,$ 3694.20,100
2175,09:30:02,$ 3694.20,35
2176,09:30:02,$ 3694.20,190
2177,09:30:02,$ 3694.20,1
2178,09:30:02,$ 3694.20,1
2179,09:30:02,$ 3694.20,1
2180,09:30:02,$ 3694.20,1
2181,09:30:02,$ 3694.20,12
2182,09:30:02,$ 3694.20,1
2183,09:30:02,$ 3694.20,16
2185,09:30:02,$ 3694.20,30
2186,09:30:02,$ 3694.20,14
2187,09:30:02,$ 3694.20,13
2188,09:30:02,$ 3694.20,1
2189,09:30:02,$ 3694.20,100
2190,09:30:02,$ 3694.20,4
2191,09:30:02,$ 3694.20,7
2192,09:30:02,$ 3694.20,3
2193,09:30:02,$ 3694.20,2
2194,09:30:02,$ 3694.20,24
2195,09:30:02,$ 3694.20,1
2196,09:30:02,$ 3694.20,14
2197,09:30:02,$ 3694.20,11
2198,09:30:02,$ 3694.20,1
2199,09:30:02,$ 3694.20,153
2200,09:30:02,$ 3694.20,3
2201,09:30:02,$ 3694.20,5
2202,09:30:02,$ 3694.20,1
2203,09:30:02,$ 3694.20,48
2204,09:30:02,$ 3694.20,168
2206,09:30:02,$ 3694.20,1
2207,09:30:02,$ 3694.20,1
2208,09:30:02,$ 3694.20,2
2209,09:30:02,$ 3694.20,20
2210,09:30:02,$ 3694.20,13
2211,09:30:02,$ 3694.20,10
2212,09:30:02,$ 3694.20,1
2213,09:30:02,$ 3694.20,2
2214,09:30:02,$ 3694.20,4
2215,09:30:02,$ 3694.20,4
2216,09:30:02,$ 3694.20,1
2217,09:30:02,$ 3694.20,10
2218,09:30:02,$ 3694.20,10
2219,09:30:02,$ 3694.20,5
2220,09:30:02,$ 3694.20,31
2221,09:30:02,$ 3694.20,5
2222,09:30:02,$ 3694.20,53
2223,09:30:02,$ 3694.20,1
2224,09:30:02,$ 3694.20,2
2225,09:30:02,$ 3694.20,4
2227,09:30:02,$ 3694.20,2
2228,09:30:02,$ 3694.20,1
2229,09:30:02,$ 3694.20,1
2230,09:30:02,$ 3694.20,1
2231,09:30:02,$ 3694.20,200
2232,09:30:02,$ 3694.20,1
2233,09:30:02,$ 3694.20,1
2234,09:30:02,$ 3694.20,1
2235,09:30:02,$ 3694.20,1
2236,09:30:02,$ 3694.20,1
2237,09:30:02,$ 3694.20,3
2238,09:30:02,$ 3694.20,10
2239,09:30:02,$ 3691.93,100
2240,09:30:02,$ 3693.56,100
2241,09:30:02,$ 3693.56,100
2242,09:30:01,$ 3691.93,100
2243,09:30:01,$ 3691.02,100
2245,10:29:47,$ 3665.10,100
2246,10:29:40,$ 3663.84,100
2247,10:29:40,$ 3663.84,100
2248,10:29:40,$ 3664.945,100
2249,10:29:39,$ 3665.26,100
2250,10:29:33,$ 3665.3413,100
2251,10:29:28,$ 3665.80,100
2252,10:29:27,$ 3665.00,100
2253,10:29:27,$ 3665.94,100
2254,10:29:13,$ 3664.075,200
2255,10:29:12,$ 3663.73,100
2256,10:29:05,$ 3662.5701,100
2257,10:29:04,$ 3664.00,214
2258,10:29:02,$ 3663.05,100
2259,10:29:02,$ 3662.88,123
2260,10:29:01,$ 3661.85,100
2261,10:28:50,$ 3663.985,500
2262,10:28:47,$ 3663.65,100
2263,10:28:47,$ 3663.65,100
2264,10:28:47,$ 3664.04,200
2266,10:28:47,$ 3664.04,100
2267,10:28:47,$ 3664.67,100
2268,10:28:40,$ 3664.66,100
2269,10:28:40,$ 3664.63,"1,000"
2270,10:28:40,$ 3664.77,100
2271,10:28:27,$ 3664.52,100
2272,10:28:25,$ 3665.845,100
2273,10:28:18,$ 3664.67,100
2274,10:28:18,$ 3664.66,100
2275,10:28:18,$ 3663.93,100
2276,10:28:17,$ 3663.00,100
2277,10:28:17,$ 3663.04,100
2278,10:28:17,$ 3663.0405,100
2279,10:28:14,$ 3664.5199,100
2280,10:28:04,$ 3664.34,100
2281,10:28:01,$ 3665.055,100
2282,10:28:00,$ 3664.82,100
2283,10:28:00,$ 3664.08,100
2284,10:28:00,$ 3665.07,100
2285,10:27:56,$ 3665.21,100
2287,10:27:56,$ 3665.80,100
2288,10:27:56,$ 3666.21,100
2289,10:27:51,$ 3667.00,100
2290,10:27:50,$ 3667.40,100
2291,10:27:50,$ 3667.41,100
2292,10:27:50,$ 3667.21,100
2293,10:27:48,$ 3668.00,106
2294,10:27:48,$ 3668.5593,127
2295,10:27:48,$ 3668.4925,554
2296,10:27:41,$ 3669.00,100
2297,10:27:41,$ 3669.15,100
2298,10:27:41,$ 3669.15,100
2299,10:27:00,$ 3671.535,100
2300,10:27:00,$ 3671.535,100
2301,10:26:59,$ 3672.00,100
2302,10:26:48,$ 3673.47,100
2303,10:26:39,$ 3673.7836,150
2304,10:26:16,$ 3672.77,125
2305,10:26:12,$ 3673.00,100
2306,10:26:12,$ 3673.00,110
2308,10:26:08,$ 3671.7287,200
2309,10:25:46,$ 3673.27,100
2310,10:25:41,$ 3672.76,100
2311,10:25:34,$ 3672.83,100
2312,10:25:32,$ 3673.12,100
2313,10:25:29,$ 3673.24,100
2314,10:25:21,$ 3672.26,360
2315,10:25:19,$ 3673.0259,100
2316,10:25:19,$ 3672.75,100
2317,10:25:09,$ 3672.02,120
2318,10:24:52,$ 3673.57,100
2319,10:24:52,$ 3673.20,100
2320,10:24:52,$ 3671.75,100
2321,10:24:52,$ 3671.82,100
2322,10:24:46,$ 3672.34,100
2323,10:24:45,$ 3672.11,100
2324,10:24:45,$ 3671.99,100
2325,10:24:36,$ 3671.19,100
2326,10:24:33,$ 3671.98,100
2327,10:24:28,$ 3672.00,100
2329,10:24:26,$ 3671.02,100
2330,10:24:08,$ 3672.15,100
2331,10:24:08,$ 3672.32,100
2332,10:24:08,$ 3672.235,100
2333,10:24:08,$ 3674.9399,100
2334,10:24:00,$ 3670.79,200
2335,10:24:00,$ 3670.79,100
2336,10:23:55,$ 3669.31,100
2337,10:23:37,$ 3669.2161,277
2338,10:23:25,$ 3669.78,"1,000"
2339,10:23:18,$ 3668.995,100
2340,10:23:17,$ 3671.6164,603
2341,10:23:17,$ 3671.6164,137
2342,10:23:16,$ 3667.53,100
2343,10:23:12,$ 3668.06,100
2344,10:23:11,$ 3667.575,100
2345,10:23:06,$ 3666.9782,331
2346,10:23:06,$ 3666.4648,200
2347,10:23:03,$ 3667.9699,100
2348,10:22:49,$ 3669.6431,400
2350,10:22:47,$ 3670.011,168
2351,10:22:34,$ 3671.43,100
2352,10:22:29,$ 3671.495,100
2353,10:22:26,$ 3672.28,100
2354,10:21:43,$ 3674.12,100
2355,10:21:12,$ 3673.4378,100
2356,10:21:05,$ 3675.735,100
2357,10:21:04,$ 3675.00,100
2358,10:21:04,$ 3675.05,100
2359,10:20:41,$ 3672.25,100
2360,10:20:09,$ 3670.67,100
2361,10:20:04,$ 3669.41,100
2362,10:20:02,$ 3671.3039,400
2363,10:19:50,$ 3670.16,100
2364,10:19:41,$ 3670.43,280
2365,10:19:28,$ 3670.425,100
2366,10:19:28,$ 3670.87,100
2367,10:19:28,$ 3670.87,100
2368,10:19:28,$ 3670.72,100
2369,10:19:25,$ 3670.51,100
2371,10:19:24,$ 3669.86,100
2372,10:19:20,$ 3669.97,100
2373,10:19:15,$ 3669.411,300
2374,10:19:14,$ 3669.09,100
2375,10:19:14,$ 3670.00,343
2376,10:19:12,$ 3671.00,200
2377,10:19:04,$ 3671.00,140
2378,10:19:04,$ 3671.00,100
2379,10:19:04,$ 3671.081,114
2380,10:19:00,$ 3673.00,244
2381,10:18:54,$ 3674.1475,400
2382,10:18:38,$ 3673.60,100
2383,10:18:26,$ 3674.10,100
2384,10:18:26,$ 3673.60,114
2385,10:18:22,$ 3672.99,100
2386,10:18:21,$ 3673.6099,100
2387,10:18:21,$ 3673.60,100
2388,10:18:19,$ 3673.00,200
2389,10:18:18,$ 3673.87,100
2390,10:18:15,$ 3672.2877,100
2392,10:17:57,$ 3673.31,100
2393,10:17:57,$ 3673.31,100
2394,10:17:57,$ 3674.225,100
2395,10:17:57,$ 3674.225,100
2396,10:17:43,$ 3675.12,100
2397,10:17:37,$ 3675.63,100
2398,10:17:37,$ 3675.67,100
2399,10:17:33,$ 3673.96,100
2400,10:17:33,$ 3673.96,100
2401,10:17:30,$ 3674.0001,500
2402,10:17:24,$ 3675.9299,100
2403,10:17:24,$ 3674.97,100
2404,10:17:24,$ 3674.36,100
2405,10:17:15,$ 3676.56,100
2406,10:17:15,$ 3676.5899,100
2407,10:16:51,$ 3678.18,100
2408,10:16:51,$ 3677.55,100
2409,10:16:47,$ 3679.7199,100
2410,10:16:45,$ 3678.01,100
2411,10:16:43,$ 3678.00,750
2413,10:16:43,$ 3679.92,100
2414,10:16:36,$ 3679.86,100
2415,10:16:36,$ 3680.0216,100
2416,10:16:34,$ 3680.00,117
2417,10:16:32,$ 3681.02,100
2418,10:16:21,$ 3682.755,100
2419,10:16:17,$ 3682.77,100
2420,10:16:14,$ 3681.1501,135
2421,10:16:11,$ 3682.92,100
2422,10:15:41,$ 3682.45,100
2423,10:15:36,$ 3682.85,100
2424,10:15:27,$ 3685.045,100
2425,10:15:26,$ 3685.255,127
2426,10:15:16,$ 3685.575,100
2427,10:15:16,$ 3685.575,100
2428,10:15:16,$ 3685.575,100
2429,10:15:16,$ 3685.575,100
2430,10:15:14,$ 3685.58,100
2431,10:15:14,$ 3685.585,100
2432,10:15:14,$ 3685.615,100
2434,10:15:09,$ 3685.4612,100
2435,10:14:52,$ 3684.07,100
2436,10:14:52,$ 3684.62,100
2437,10:14:32,$ 3681.42,100
2438,10:14:29,$ 3682.91,100
2439,10:14:26,$ 3682.00,100
2440,10:14:26,$ 3681.99,100
2441,10:14:26,$ 3681.655,100
2442,10:13:57,$ 3682.0199,100
2443,10:13:55,$ 3681.9014,100
2444,10:13:42,$ 3680.09,100
2445,10:13:32,$ 3680.00,100
2446,10:13:31,$ 3679.93,100
2447,10:13:03,$ 3680.85,100
2448,10:13:03,$ 3680.77,319
2449,10:13:02,$ 3681.055,100
2450,10:12:45,$ 3683.18,100
2451,10:12:45,$ 3683.23,100
2452,10:12:45,$ 3683.23,100
2453,10:12:35,$ 3683.38,100
2455,10:12:18,$ 3684.005,100
2456,10:11:59,$ 3686.265,100
2457,10:11:57,$ 3686.326,100
2458,10:11:52,$ 3686.27,100
2459,10:11:52,$ 3686.27,100
2460,10:11:44,$ 3685.12,100
2461,10:11:31,$ 3684.825,100
2462,10:11:23,$ 3684.15,100
2463,10:10:55,$ 3683.95,100
2464,10:10:54,$ 3684.16,100
2465,10:10:47,$ 3684.84,200
2466,10:10:39,$ 3685.595,200
2467,10:10:22,$ 3684.87,200
2468,10:10:20,$ 3686.53,100
2469,10:10:18,$ 3687.66,105
2470,10:10:13,$ 3688.98,100
2471,10:10:13,$ 3688.98,105
2472,10:10:13,$ 3688.98,100
2473,10:10:13,$ 3687.755,100
2474,10:10:13,$ 3687.755,100
2476,10:10:04,$ 3687.83,100
2477,10:10:03,$ 3688.3599,100
2478,10:10:03,$ 3686.96,100
2479,10:10:00,$ 3687.4245,100
2480,10:09:55,$ 3685.99,100
2481,10:09:55,$ 3686.02,100
2482,10:09:55,$ 3685.48,100
2483,10:09:55,$ 3685.49,100
2484,10:09:47,$ 3684.06,100
2485,10:09:44,$ 3684.14,100
2486,10:09:33,$ 3683.8006,100
2487,10:09:20,$ 3683.05,100
2488,10:09:10,$ 3682.80,"1,000"
2489,10:09:05,$ 3684.3945,200
2490,10:08:52,$ 3682.80,100
2491,10:08:51,$ 3682.65,100
2492,10:08:51,$ 3682.65,100
2493,10:08:42,$ 3681.63,100
2494,10:08:37,$ 3680.815,115
2495,10:08:36,$ 3681.00,100
2497,10:08:34,$ 3681.1151,"1,000"
2498,10:08:20,$ 3682.24,181
2499,10:08:20,$ 3683.80,100
2500,10:08:17,$ 3684.41,100
2501,10:08:03,$ 3681.2601,100
2502,10:07:53,$ 3683.22,100
2503,10:07:15,$ 3682.09,100
2504,10:07:14,$ 3682.855,120
2505,10:06:56,$ 3682.00,100
2506,10:06:56,$ 3683.00,100
2507,10:06:56,$ 3682.99,100
2508,10:06:50,$ 3684.06,100
2509,10:06:46,$ 3684.56,100
2510,10:06:00,$ 3684.8599,100
2511,10:05:48,$ 3681.65,100
2512,10:05:10,$ 3679.3901,100
2513,10:05:06,$ 3680.07,139
2514,10:05:06,$ 3680.00,100
2515,10:05:06,$ 3680.00,100
2516,10:05:06,$ 3680.29,100
2518,10:04:57,$ 3681.4524,150
2519,10:04:55,$ 3682.535,100
2520,10:04:55,$ 3681.50,100
2521,10:04:53,$ 3683.4199,100
2522,10:04:49,$ 3681.99,100
2523,10:04:45,$ 3682.5566,273
2524,10:04:42,$ 3682.17,100
2525,10:04:38,$ 3680.1801,100
2526,10:04:18,$ 3681.14,100
2527,10:04:06,$ 3680.03,100
2528,10:04:06,$ 3680.03,100
2529,10:04:06,$ 3680.03,100
2530,10:04:06,$ 3680.19,100
2531,10:04:06,$ 3680.03,100
2532,10:04:05,$ 3680.3073,538
2533,10:04:03,$ 3682.00,155
2534,10:03:52,$ 3683.10,100
2535,10:03:52,$ 3682.00,100
2536,10:03:51,$ 3682.00,100
2537,10:03:51,$ 3682.00,100
2539,10:03:51,$ 3683.1824,198
2540,10:03:41,$ 3683.258,100
2541,10:03:35,$ 3684.16,100
2542,10:03:29,$ 3687.445,500
2543,10:03:25,$ 3686.75,100
2544,10:03:25,$ 3686.75,100
2545,10:03:25,$ 3686.75,100
2546,10:02:55,$ 3688.05,100
2547,10:02:35,$ 3689.0001,500
2548,10:02:29,$ 3691.205,100
2549,10:02:22,$ 3690.43,100
2550,10:02:17,$ 3690.43,160
2551,10:02:15,$ 3690.87,100
2552,10:01:43,$ 3689.03,100
2553,10:01:37,$ 3687.985,400
2554,10:01:17,$ 3686.65,100
2555,10:01:13,$ 3687.0652,280
2556,10:01:13,$ 3686.42,100
2557,10:00:57,$ 3687.49,200
2558,10:00:57,$ 3687.65,100
2560,10:00:52,$ 3686.44,100
2561,10:00:50,$ 3687.283,208
2562,10:00:50,$ 3687.283,203
2563,10:00:49,$ 3687.33,200
2564,10:00:49,$ 3687.53,100
2565,10:00:44,$ 3688.00,100
2566,10:00:25,$ 3689.10,100
2567,10:00:20,$ 3690.78,100
2568,10:00:20,$ 3690.78,100
2569,10:00:20,$ 3690.76,100
2570,10:00:20,$ 3690.76,100
2571,10:00:20,$ 3690.76,100
2572,10:00:18,$ 3689.85,100
2573,10:00:18,$ 3689.85,100
2574,10:00:18,$ 3689.88,100
2575,10:00:13,$ 3690.305,100
2576,10:00:04,$ 3690.97,200
2578,10:59:59,$ 3649.00,100
2579,10:59:52,$ 3649.26,100
2580,10:59:50,$ 3650.52,100
2581,10:59:50,$ 3650.75,100
2582,10:59:37,$ 3650.00,170
2583,10:59:37,$ 3650.62,100
2584,10:59:37,$ 3650.34,100
2585,10:59:37,$ 3650.32,100
2586,10:59:37,$ 3650.31,100
2587,10:59:37,$ 3650.00,100
2588,10:59:37,$ 3650.00,100
2589,10:59:18,$ 3653.2344,100
2590,10:59:17,$ 3653.66,100
2591,10:59:17,$ 3653.66,100
2592,10:59:17,$ 3653.50,100
2593,10:59:09,$ 3652.795,100
2594,10:59:08,$ 3653.52,100
2595,10:58:26,$ 3657.59,100
2596,10:58:26,$ 3657.59,100
2597,10:58:24,$ 3657.87,100
2599,10:58:24,$ 3657.87,200
2600,10:58:24,$ 3657.864,100
2601,10:58:24,$ 3657.87,100
2602,10:58:24,$ 3657.87,100
2603,10:58:24,$ 3657.87,100
2604,10:58:24,$ 3657.87,100
2605,10:58:24,$ 3657.87,100
2606,10:58:17,$ 3655.175,100
2607,10:58:17,$ 3655.3675,100
2608,10:58:16,$ 3654.99,100
2609,10:58:16,$ 3655.52,100
2610,10:58:16,$ 3655.75,100
2611,10:58:16,$ 3655.52,100
2612,10:58:16,$ 3654.99,100
2613,10:58:02,$ 3655.16,100
2614,10:58:02,$ 3655.11,100
2615,10:57:50,$ 3656.57,100
2616,10:57:26,$ 3656.54,100
2617,10:57:26,$ 3656.39,100
2618,10:57:26,$ 3656.39,100
2620,10:57:26,$ 3656.39,100
2621,10:57:11,$ 3654.46,100
2622,10:57:10,$ 3654.69,100
2623,10:57:10,$ 3654.69,100
2624,10:57:10,$ 3654.69,100
2625,10:57:10,$ 3654.69,100
2626,10:57:10,$ 3654.69,100
2627,10:57:10,$ 3654.69,100
2628,10:56:56,$ 3656.80,"1,125"
2629,10:56:56,$ 3657.82,100
2630,10:56:53,$ 3657.64,100
2631,10:56:48,$ 3658.74,100
2632,10:56:48,$ 3658.59,100
2633,10:56:48,$ 3658.59,100
2634,10:56:43,$ 3657.57,100
2635,10:56:43,$ 3656.8646,100
2636,10:56:37,$ 3657.63,100
2637,10:56:34,$ 3657.09,100
2638,10:56:33,$ 3656.575,100
2639,10:56:32,$ 3656.82,100
2641,10:56:30,$ 3656.29,100
2642,10:56:28,$ 3656.68,100
2643,10:56:26,$ 3656.29,200
2644,10:56:25,$ 3656.37,100
2645,10:56:13,$ 3653.51,100
2646,10:56:07,$ 3653.91,100
2647,10:56:01,$ 3654.61,200
2648,10:56:00,$ 3654.96,200
2649,10:56:00,$ 3654.75,100
2650,10:56:00,$ 3655.58,100
2651,10:56:00,$ 3655.56,200
2652,10:56:00,$ 3656.185,200
2653,10:56:00,$ 3655.59,100
2654,10:56:00,$ 3655.59,100
2655,10:56:00,$ 3655.5627,200
2656,10:56:00,$ 3655.565,100
2657,10:56:00,$ 3655.59,100
2658,10:55:56,$ 3655.94,100
2659,10:55:56,$ 3655.95,100
2660,10:55:55,$ 3654.10,100
2662,10:55:51,$ 3654.81,100
2663,10:55:48,$ 3653.48,100
2664,10:55:42,$ 3653.745,100
2665,10:55:32,$ 3653.14,100
2666,10:55:32,$ 3652.98,100
2667,10:55:26,$ 3653.52,100
2668,10:55:16,$ 3653.25,100
2669,10:55:16,$ 3653.51,100
2670,10:55:16,$ 3653.57,100
2671,10:55:16,$ 3653.47,100
2672,10:55:16,$ 3654.00,100
2673,10:55:16,$ 3654.15,100
2674,10:55:11,$ 3652.47,100
2675,10:55:07,$ 3652.00,100
2676,10:54:48,$ 3652.34,100
2677,10:54:46,$ 3652.01,100
2678,10:54:28,$ 3652.455,100
2679,10:54:27,$ 3653.57,100
2680,10:54:25,$ 3652.16,180
2681,10:54:25,$ 3652.21,100
2683,10:54:25,$ 3652.20,100
2684,10:54:25,$ 3652.20,100
2685,10:54:25,$ 3652.16,100
2686,10:54:25,$ 3652.24,100
2687,10:54:25,$ 3652.23,100
2688,10:54:25,$ 3652.20,100
2689,10:54:25,$ 3652.21,100
2690,10:54:05,$ 3651.9675,100
2691,10:53:58,$ 3653.25,100
2692,10:53:56,$ 3653.30,100
2693,10:53:52,$ 3654.035,100
2694,10:53:47,$ 3654.04,100
2695,10:53:33,$ 3653.185,100
2696,10:53:29,$ 3651.932,108
2697,10:53:29,$ 3651.932,100
2698,10:53:29,$ 3652.78,100
2699,10:53:29,$ 3651.932,100
2700,10:53:20,$ 3652.00,380
2701,10:53:20,$ 3652.01,380
2702,10:52:59,$ 3652.94,100
2704,10:52:59,$ 3652.94,100
2705,10:52:58,$ 3652.94,100
2706,10:52:58,$ 3653.08,100
2707,10:52:58,$ 3652.92,100
2708,10:52:58,$ 3652.92,100
2709,10:52:58,$ 3652.92,100
2710,10:52:58,$ 3652.92,100
2711,10:52:53,$ 3652.50,100
2712,10:52:53,$ 3652.90,100
2713,10:52:37,$ 3651.60,100
2714,10:52:37,$ 3651.59,100
2715,10:52:30,$ 3654.36,101
2716,10:52:30,$ 3654.36,127
2717,10:52:30,$ 3654.36,103
2718,10:52:30,$ 3654.36,101
2719,10:52:28,$ 3653.775,100
2720,10:52:23,$ 3653.0501,100
2721,10:52:02,$ 3653.31,100
2722,10:51:56,$ 3653.71,100
2723,10:51:56,$ 3653.71,100
2725,10:51:55,$ 3653.71,100
2726,10:51:55,$ 3653.71,100
2727,10:51:55,$ 3653.71,100
2728,10:51:55,$ 3653.71,100
2729,10:51:55,$ 3654.50,100
2730,10:51:55,$ 3653.71,100
2731,10:51:54,$ 3654.84,100
2732,10:51:46,$ 3653.66,100
2733,10:51:41,$ 3653.484,108
2734,10:51:41,$ 3652.8185,189
2735,10:51:41,$ 3653.75,100
2736,10:51:37,$ 3653.645,100
2737,10:51:36,$ 3653.70,100
2738,10:51:36,$ 3653.80,100
2739,10:51:36,$ 3653.79,100
2740,10:51:34,$ 3654.36,100
2741,10:51:33,$ 3654.3499,100
2742,10:51:32,$ 3652.6175,100
2743,10:51:32,$ 3653.53,100
2744,10:51:32,$ 3652.793,100
2746,10:51:32,$ 3652.1125,100
2747,10:51:24,$ 3651.85,400
2748,10:51:24,$ 3650.6401,100
2749,10:51:18,$ 3650.34,100
2750,10:51:03,$ 3645.97,100
2751,10:51:03,$ 3646.40,100
2752,10:51:03,$ 3645.80,100
2753,10:51:03,$ 3646.73,100
2754,10:51:03,$ 3646.73,100
2755,10:51:03,$ 3646.41,100
2756,10:51:02,$ 3645.21,100
2757,10:51:02,$ 3645.325,100
2758,10:51:02,$ 3645.40,100
2759,10:51:02,$ 3645.41,100
2760,10:51:02,$ 3645.23,100
2761,10:50:59,$ 3646.4199,200
2762,10:50:55,$ 3644.9641,100
2763,10:50:49,$ 3646.37,100
2764,10:50:49,$ 3646.36,100
2765,10:50:49,$ 3646.35,100
2767,10:50:49,$ 3646.27,100
2768,10:50:49,$ 3644.00,447
2769,10:50:49,$ 3644.11,100
2770,10:50:49,$ 3644.86,200
2771,10:50:49,$ 3645.5094,277
2772,10:50:45,$ 3646.455,100
2773,10:50:42,$ 3647.0699,101
2774,10:50:36,$ 3646.41,400
2775,10:50:30,$ 3647.15,150
2776,10:50:27,$ 3646.4101,100
2777,10:50:27,$ 3647.065,100
2778,10:50:22,$ 3647.83,141
2779,10:50:15,$ 3649.98,100
2780,10:50:15,$ 3649.96,100
2781,10:50:15,$ 3650.20,100
2782,10:50:15,$ 3650.21,100
2783,10:50:09,$ 3651.44,100
2784,10:50:09,$ 3651.44,100
2785,10:50:09,$ 3651.029,200
2786,10:50:08,$ 3651.37,100
2788,10:50:02,$ 3648.00,166
2789,10:49:59,$ 3649.3799,100
2790,10:49:57,$ 3650.685,100
2791,10:49:52,$ 3650.7975,100
2792,10:49:51,$ 3650.80,100
2793,10:49:51,$ 3650.80,100
2794,10:49:50,$ 3651.05,100
2795,10:49:47,$ 3650.695,200
2796,10:49:36,$ 3650.00,474
2797,10:49:36,$ 3650.00,256
2798,10:49:36,$ 3648.32,100
2799,10:49:36,$ 3648.18,100
2800,10:49:32,$ 3648.3099,100
2801,10:49:30,$ 3648.29,100
2802,10:49:26,$ 3648.13,100
2803,10:49:25,$ 3648.17,220
2804,10:49:25,$ 3648.37,100
2805,10:49:24,$ 3647.88,100
2806,10:49:24,$ 3647.55,100
2807,10:49:24,$ 3647.08,100
2809,10:49:24,$ 3646.56,100
2810,10:49:24,$ 3645.29,251
2811,10:49:24,$ 3647.00,100
2812,10:49:24,$ 3646.52,100
2813,10:49:24,$ 3646.68,100
2814,10:49:24,$ 3646.63,100
2815,10:49:24,$ 3649.73,100
2816,10:49:24,$ 3646.72,100
2817,10:49:24,$ 3646.64,100
2818,10:49:24,$ 3648.32,100
2819,10:49:24,$ 3648.32,100
2820,10:49:24,$ 3647.89,100
2821,10:49:24,$ 3648.44,100
2822,10:49:24,$ 3648.44,100
2823,10:49:24,$ 3648.00,100
2824,10:49:24,$ 3648.42,100
2825,10:49:24,$ 3648.44,100
2826,10:49:24,$ 3650.00,100
2827,10:49:24,$ 3650.00,100
2828,10:49:24,$ 3650.00,100
2830,10:49:24,$ 3650.00,100
2831,10:49:24,$ 3650.00,180
2832,10:49:24,$ 3650.00,200
2833,10:49:24,$ 3650.00,200
2834,10:49:24,$ 3650.00,100
2835,10:49:24,$ 3650.75,900
2836,10:49:24,$ 3650.79,100
2837,10:49:23,$ 3651.00,100
2838,10:49:23,$ 3651.12,100
2839,10:49:17,$ 3651.75,100
2840,10:49:17,$ 3652.00,100
2841,10:49:12,$ 3653.22,100
2842,10:49:12,$ 3653.22,100
2843,10:48:58,$ 3652.6522,100
2844,10:48:58,$ 3652.62,100
2845,10:48:56,$ 3652.59,100
2846,10:48:56,$ 3652.53,100
2847,10:48:56,$ 3652.5101,100
2848,10:48:56,$ 3652.698,100
2849,10:48:55,$ 3652.715,100
2851,10:48:47,$ 3652.36,100
2852,10:48:47,$ 3652.36,100
2853,10:48:47,$ 3652.50,100
2854,10:48:22,$ 3654.295,200
2855,10:48:17,$ 3654.30,100
2856,10:48:17,$ 3654.94,100
2857,10:48:08,$ 3654.28,100
2858,10:48:08,$ 3654.28,100
2859,10:48:03,$ 3654.10,100
2860,10:48:03,$ 3654.10,100
2861,10:47:59,$ 3654.00,100
2862,10:47:59,$ 3654.00,100
2863,10:47:56,$ 3653.61,180
2864,10:47:56,$ 3653.61,200
2865,10:47:48,$ 3654.10,100
2866,10:47:24,$ 3654.37,100
2867,10:47:24,$ 3654.76,100
2868,10:47:24,$ 3654.67,100
2869,10:47:24,$ 3654.61,100
2870,10:47:23,$ 3655.215,100
2872,10:47:20,$ 3655.71,100
2873,10:47:18,$ 3655.65,100
2874,10:47:03,$ 3655.9041,138
2875,10:47:03,$ 3655.9041,108
2876,10:47:00,$ 3656.61,100
2877,10:46:56,$ 3657.57,100
2878,10:46:56,$ 3658.07,100
2879,10:46:50,$ 3658.28,100
2880,10:46:50,$ 3658.07,100
2881,10:46:47,$ 3659.00,100
2882,10:46:43,$ 3657.975,100
2883,10:46:43,$ 3657.975,100
2884,10:46:43,$ 3657.975,100
2885,10:46:43,$ 3657.71,100
2886,10:46:23,$ 3658.9999,100
2887,10:46:23,$ 3658.9999,170
2888,10:46:09,$ 3656.87,100
2889,10:46:09,$ 3656.85,100
2890,10:46:07,$ 3656.495,"1,000"
2891,10:45:59,$ 3656.9005,100
2893,10:45:46,$ 3656.42,100
2894,10:45:42,$ 3658.08,146
2895,10:45:40,$ 3656.96,384
2896,10:45:40,$ 3658.30,115
2897,10:45:39,$ 3656.99,100
2898,10:45:39,$ 3657.03,100
2899,10:45:39,$ 3658.19,100
2900,10:45:38,$ 3655.955,200
2901,10:45:37,$ 3654.6701,100
2902,10:45:30,$ 3655.17,100
2903,10:45:30,$ 3652.55,100
2904,10:45:30,$ 3652.50,100
2905,10:45:30,$ 3652.50,100
2906,10:45:30,$ 3653.95,100
2907,10:45:30,$ 3652.58,100
2908,10:45:26,$ 3654.76,137
2909,10:45:21,$ 3654.355,100
2910,10:45:20,$ 3654.355,100
2911,10:45:18,$ 3653.77,105
2912,10:45:09,$ 3652.1891,100
2914,10:45:07,$ 3651.76,651
2915,10:45:06,$ 3651.75,100
2916,10:45:04,$ 3652.27,100
2917,10:45:00,$ 3654.00,100
2918,10:44:58,$ 3655.905,500
2919,10:44:42,$ 3654.955,100
2920,10:44:40,$ 3655.05,100
2921,10:44:33,$ 3655.39,150
2922,10:44:28,$ 3655.37,100
2923,10:44:24,$ 3656.3699,117
2924,10:44:19,$ 3654.5961,200
2925,10:44:12,$ 3655.82,100
2926,10:44:12,$ 3655.88,100
2927,10:44:12,$ 3655.97,185
2928,10:44:12,$ 3655.97,265
2929,10:44:09,$ 3655.955,100
2930,10:44:09,$ 3655.31,100
2931,10:44:09,$ 3655.04,100
2932,10:44:09,$ 3655.38,200
2933,10:44:08,$ 3655.955,100
2935,10:44:08,$ 3655.948,100
2936,10:44:08,$ 3655.92,100
2937,10:44:07,$ 3656.3508,334
2938,10:44:04,$ 3655.14,100
2939,10:44:04,$ 3656.28,200
2940,10:44:04,$ 3656.25,100
2941,10:43:57,$ 3656.60,100
2942,10:43:57,$ 3656.67,100
2943,10:43:57,$ 3657.63,100
2944,10:43:52,$ 3658.845,100
2945,10:43:52,$ 3657.625,100
2946,10:43:44,$ 3659.01,200
2947,10:43:30,$ 3661.2576,100
2948,10:43:17,$ 3657.7753,100
2949,10:43:09,$ 3657.00,100
2950,10:43:09,$ 3658.62,100
2951,10:43:09,$ 3658.61,100
2952,10:43:05,$ 3659.49,500
2953,10:43:03,$ 3660.0499,100
2954,10:42:59,$ 3659.595,"1,000"
2956,10:42:52,$ 3661.09,100
2957,10:42:29,$ 3660.83,150
2958,10:42:12,$ 3661.50,100
2959,10:42:11,$ 3660.60,112
2960,10:42:08,$ 3660.69,100
2961,10:41:59,$ 3660.76,100
2962,10:41:55,$ 3660.02,184
2963,10:41:55,$ 3660.03,400
2964,10:41:55,$ 3660.02,100
2965,10:41:55,$ 3660.04,100
2966,10:41:55,$ 3660.18,100
2967,10:41:40,$ 3660.70,100
2968,10:41:40,$ 3660.70,100
2969,10:41:40,$ 3660.73,100
2970,10:41:33,$ 3660.78,100
2971,10:41:32,$ 3660.78,100
2972,10:41:24,$ 3660.66,100
2973,10:41:21,$ 3659.34,100
2974,10:41:20,$ 3659.615,100
2975,10:41:16,$ 3657.6847,224
2977,10:41:16,$ 3657.6847,672
2978,10:41:16,$ 3657.6847,104
2979,10:41:14,$ 3658.84,100
2980,10:41:14,$ 3658.84,100
2981,10:41:14,$ 3658.84,100
2982,10:41:09,$ 3659.2299,100
2983,10:41:07,$ 3659.055,100
2984,10:41:04,$ 3658.3801,100
2985,10:41:04,$ 3658.43,100
2986,10:41:02,$ 3659.19,100
2987,10:41:02,$ 3659.42,100
2988,10:41:00,$ 3660.00,100
2989,10:40:54,$ 3660.90,100
2990,10:40:52,$ 3660.96,400
2991,10:40:52,$ 3660.79,200
2992,10:40:47,$ 3662.18,100
2993,10:40:47,$ 3662.18,100
2994,10:40:41,$ 3661.4311,400
2995,10:40:41,$ 3661.51,100
2996,10:40:40,$ 3660.82,100
2998,10:40:39,$ 3662.00,100
2999,10:40:39,$ 3660.23,100
3000,10:40:39,$ 3662.00,100
3001,10:40:39,$ 3661.34,100
3002,10:40:39,$ 3662.00,100
3003,10:40:39,$ 3662.00,100
3004,10:40:30,$ 3664.5299,100
3005,10:40:21,$ 3664.07,100
3006,10:40:19,$ 3665.56,100
3007,10:39:58,$ 3667.24,150
3008,10:39:56,$ 3667.02,100
3009,10:39:52,$ 3667.855,100
3010,10:39:51,$ 3668.35,100
3011,10:39:51,$ 3668.49,100
3012,10:39:51,$ 3668.34,100
3013,10:39:51,$ 3668.49,100
3014,10:39:42,$ 3667.98,198
3015,10:39:28,$ 3667.33,100
3016,10:39:27,$ 3667.8493,100
3017,10:39:25,$ 3667.245,100
3019,10:39:25,$ 3667.12,100
3020,10:39:08,$ 3666.98,281
3021,10:38:58,$ 3665.8966,150
3022,10:38:30,$ 3666.15,500
3023,10:38:11,$ 3668.165,100
3024,10:38:07,$ 3668.05,100
3025,10:37:59,$ 3668.33,100
3026,10:37:54,$ 3668.36,380
3027,10:37:53,$ 3668.37,100
3028,10:37:53,$ 3668.34,200
3029,10:37:47,$ 3669.03,100
3030,10:37:47,$ 3668.89,100
3031,10:37:39,$ 3667.71,100
3032,10:37:36,$ 3667.71,180
3033,10:37:36,$ 3667.71,200
3034,10:37:36,$ 3667.73,100
3035,10:37:30,$ 3668.44,100
3036,10:36:43,$ 3666.7608,400
3037,10:36:37,$ 3665.26,100
3038,10:36:34,$ 3664.965,100
3040,10:36:33,$ 3664.965,100
3041,10:36:32,$ 3664.965,100
3042,10:36:11,$ 3664.26,100
3043,10:35:53,$ 3663.91,105
3044,10:35:24,$ 3665.625,100
3045,10:35:07,$ 3666.265,100
3046,10:35:04,$ 3666.00,302
3047,10:35:00,$ 3667.51,100
3048,10:35:00,$ 3667.62,100
3049,10:34:37,$ 3668.75,100
3050,10:34:20,$ 3666.89,100
3051,10:34:14,$ 3668.08,100
3052,10:33:54,$ 3668.00,100
3053,10:33:54,$ 3668.00,100
3054,10:33:54,$ 3668.00,131
3055,10:33:52,$ 3668.26,100
3056,10:33:52,$ 3668.23,100
3057,10:33:52,$ 3668.28,100
3058,10:33:52,$ 3668.21,100
3059,10:33:52,$ 3668.35,100
3061,10:33:52,$ 3668.26,100
3062,10:33:47,$ 3666.84,100
3063,10:33:46,$ 3666.86,100
3064,10:33:46,$ 3666.8486,740
3065,10:33:45,$ 3668.00,100
3066,10:33:45,$ 3668.00,100
3067,10:33:45,$ 3668.00,133
3068,10:33:39,$ 3668.85,100
3069,10:33:36,$ 3668.85,100
3070,10:33:36,$ 3669.6575,100
3071,10:33:28,$ 3668.73,100
3072,10:33:23,$ 3669.70,200
3073,10:33:23,$ 3669.70,220
3074,10:33:21,$ 3669.705,100
3075,10:33:20,$ 3670.72,100
3076,10:33:19,$ 3669.93,100
3077,10:33:19,$ 3669.50,230
3078,10:33:19,$ 3669.8194,495
3079,10:33:16,$ 3669.65,100
3080,10:33:15,$ 3668.86,100
3082,10:33:00,$ 3669.17,100
3083,10:32:58,$ 3669.2795,333
3084,10:32:53,$ 3668.45,100
3085,10:32:52,$ 3667.83,100
3086,10:32:48,$ 3668.055,100
3087,10:32:44,$ 3667.13,100
3088,10:32:44,$ 3667.17,100
3089,10:32:44,$ 3667.13,100
3090,10:32:44,$ 3667.43,100
3091,10:32:44,$ 3667.23,100
3092,10:32:44,$ 3668.8699,100
3093,10:32:31,$ 3668.13,100
3094,10:32:29,$ 3666.64,100
3095,10:32:01,$ 3666.385,100
3096,10:31:51,$ 3665.4169,134
3097,10:31:50,$ 3666.505,100
3098,10:31:47,$ 3666.16,100
3099,10:31:46,$ 3665.885,100
3100,10:31:43,$ 3665.80,100
3101,10:31:38,$ 3665.785,100
3103,10:31:37,$ 3665.785,100
3104,10:31:37,$ 3665.785,100
3105,10:31:32,$ 3665.665,100
3106,10:31:32,$ 3665.80,100
3107,10:31:15,$ 3665.79,100
3108,10:31:15,$ 3665.32,100
3109,10:30:59,$ 3665.55,100
3110,10:30:59,$ 3665.60,100
3111,10:30:59,$ 3665.56,400
3112,10:30:59,$ 3665.55,100
3113,10:30:59,$ 3666.65,100
3114,10:30:59,$ 3665.60,100
3115,10:30:59,$ 3665.55,100
3116,10:30:59,$ 3666.60,100
3117,10:30:59,$ 3665.69,100
3118,10:30:59,$ 3665.60,100
3119,10:30:54,$ 3666.355,100
3120,10:30:54,$ 3667.16,100
3121,10:30:54,$ 3666.348,125
3122,10:30:28,$ 3666.82,125
3124,10:30:26,$ 3666.125,100
3125,10:30:22,$ 3666.13,100
3126,10:30:13,$ 3663.00,800
3128,11:29:54,$ 3658.03,167
3129,11:29:54,$ 3657.93,100
3130,11:29:54,$ 3657.37,100
3131,11:29:52,$ 3657.75,210
3132,11:29:52,$ 3657.25,304
3133,11:29:40,$ 3656.42,100
3134,11:29:08,$ 3654.86,100
3135,11:29:04,$ 3654.72,100
3136,11:28:55,$ 3654.85,120
3137,11:28:55,$ 3654.85,400
3138,11:28:42,$ 3655.00,100
3139,11:28:42,$ 3655.00,900
3140,11:28:40,$ 3656.09,100
3141,11:28:31,$ 3656.85,100
3142,11:28:31,$ 3656.85,100
3143,11:28:07,$ 3657.30,100
3144,11:27:53,$ 3657.39,100
3145,11:27:49,$ 3658.01,100
3146,11:27:49,$ 3658.013,378
3147,11:27:15,$ 3657.07,100
3149,11:26:39,$ 3657.61,100
3150,11:26:39,$ 3657.46,100
3151,11:26:36,$ 3656.3629,200
3152,11:26:26,$ 3659.02,140
3153,11:26:24,$ 3658.8201,150
3154,11:26:16,$ 3659.67,100
3155,11:25:56,$ 3660.46,100
3156,11:25:56,$ 3660.0801,200
3157,11:25:50,$ 3660.84,100
3158,11:25:34,$ 3660.255,100
3159,11:25:23,$ 3660.435,100
3160,11:25:16,$ 3660.68,100
3161,11:25:06,$ 3659.51,150
3162,11:25:03,$ 3659.415,100
3163,11:25:00,$ 3659.4525,100
3164,11:25:00,$ 3659.00,133
3165,11:25:00,$ 3659.02,100
3166,11:24:45,$ 3659.2401,100
3167,11:24:45,$ 3659.2401,300
3168,11:24:35,$ 3659.01,100
3170,11:24:26,$ 3659.686,100
3171,11:24:26,$ 3659.65,263
3172,11:24:21,$ 3660.3261,100
3173,11:24:19,$ 3659.9666,150
3174,11:24:18,$ 3659.995,100
3175,11:24:10,$ 3659.68,100
3176,11:24:07,$ 3659.4999,100
3177,11:24:01,$ 3658.945,100
3178,11:24:01,$ 3658.91,100
3179,11:23:53,$ 3658.195,500
3180,11:23:51,$ 3656.73,100
3181,11:23:50,$ 3657.10,100
3182,11:23:50,$ 3657.10,100
3183,11:22:55,$ 3657.32,500
3184,11:22:54,$ 3657.21,100
3185,11:22:32,$ 3657.53,100
3186,11:22:28,$ 3657.6173,100
3187,11:22:22,$ 3656.2399,620
3188,11:22:19,$ 3655.87,100
3189,11:22:19,$ 3655.875,194
3191,11:22:18,$ 3655.877,273
3192,11:22:18,$ 3655.877,123
3193,11:22:02,$ 3654.87,100
3194,11:21:21,$ 3655.27,100
3195,11:21:06,$ 3656.215,100
3196,11:21:05,$ 3655.74,100
3197,11:20:15,$ 3654.42,100
3198,11:20:07,$ 3655.125,100
3199,11:19:58,$ 3654.6099,100
3200,11:19:04,$ 3653.53,183
3201,11:19:03,$ 3654.395,100
3202,11:18:42,$ 3656.26,100
3203,11:18:42,$ 3656.22,100
3204,11:18:25,$ 3655.40,100
3205,11:18:24,$ 3656.23,100
3206,11:18:07,$ 3657.76,100
3207,11:17:56,$ 3657.00,100
3208,11:17:55,$ 3657.44,100
3209,11:17:55,$ 3657.44,100
3210,11:17:05,$ 3656.9701,300
3212,11:16:58,$ 3658.15,100
3213,11:16:57,$ 3658.51,100
3214,11:16:56,$ 3658.04,200
3215,11:16:39,$ 3657.3014,106
3216,11:16:36,$ 3658.54,100
3217,11:16:33,$ 3657.265,500
3218,11:16:19,$ 3657.9429,100
3219,11:16:13,$ 3657.56,100
3220,11:16:13,$ 3657.56,100
3221,11:16:13,$ 3657.56,100
3222,11:16:13,$ 3657.56,100
3223,11:16:04,$ 3655.9847,100
3224,11:15:43,$ 3657.605,100
3225,11:15:43,$ 3657.56,100
3226,11:15:42,$ 3658.365,100
3227,11:15:38,$ 3658.65,100
3228,11:15:38,$ 3658.76,100
3229,11:15:15,$ 3658.00,300
3230,11:15:15,$ 3658.00,148
3231,11:15:12,$ 3657.735,100
3233,11:15:12,$ 3657.735,100
3234,11:15:11,$ 3657.915,200
3235,11:15:11,$ 3656.95,100
3236,11:15:10,$ 3656.9501,200
3237,11:15:10,$ 3657.77,285
3238,11:15:10,$ 3657.77,345
3239,11:15:10,$ 3657.77,100
3240,11:15:05,$ 3657.785,100
3241,11:15:05,$ 3657.785,100
3242,11:14:59,$ 3657.68,100
3243,11:14:59,$ 3657.16,100
3244,11:14:59,$ 3657.21,100
3245,11:14:59,$ 3657.36,100
3246,11:14:56,$ 3656.548,500
3247,11:14:54,$ 3656.203,100
3248,11:14:46,$ 3656.54,100
3249,11:14:45,$ 3657.6368,200
3250,11:14:42,$ 3656.3643,"1,000"
3251,11:14:38,$ 3657.81,100
3252,11:14:29,$ 3657.285,500
3254,11:14:28,$ 3657.27,100
3255,11:14:16,$ 3658.28,100
3256,11:14:14,$ 3658.46,100
3257,11:14:10,$ 3656.43,100
3258,11:14:05,$ 3656.825,100
3259,11:14:04,$ 3656.825,100
3260,11:13:54,$ 3655.43,100
3261,11:13:47,$ 3653.86,100
3262,11:13:35,$ 3653.25,100
3263,11:13:10,$ 3653.8733,100
3264,11:13:07,$ 3651.30,100
3265,11:12:54,$ 3651.02,100
3266,11:12:46,$ 3651.01,100
3267,11:12:35,$ 3649.72,100
3268,11:12:33,$ 3650.49,108
3269,11:12:33,$ 3650.49,215
3270,11:12:33,$ 3650.47,100
3271,11:12:33,$ 3650.47,100
3272,11:12:33,$ 3650.388,100
3273,11:12:33,$ 3650.45,100
3275,11:12:21,$ 3650.00,100
3276,11:11:59,$ 3649.86,100
3277,11:11:49,$ 3649.54,100
3278,11:11:41,$ 3649.095,100
3279,11:11:40,$ 3648.925,100
3280,11:11:37,$ 3649.23,100
3281,11:11:33,$ 3647.27,100
3282,11:11:33,$ 3647.29,100
3283,11:11:33,$ 3647.36,100
3284,11:11:32,$ 3648.19,100
3285,11:11:29,$ 3648.125,100
3286,11:11:10,$ 3646.92,200
3287,11:11:06,$ 3648.955,200
3288,11:10:49,$ 3648.84,100
3289,11:10:47,$ 3647.27,100
3290,11:10:47,$ 3647.36,100
3291,11:10:47,$ 3646.95,100
3292,11:10:47,$ 3647.13,100
3293,11:10:37,$ 3645.97,100
3294,11:10:34,$ 3648.00,100
3296,11:10:26,$ 3650.35,100
3297,11:10:10,$ 3650.575,100
3298,11:10:09,$ 3649.00,100
3299,11:10:09,$ 3649.975,500
3300,11:10:08,$ 3649.2148,500
3301,11:10:07,$ 3650.98,100
3302,11:10:07,$ 3650.00,100
3303,11:10:07,$ 3650.75,100
3304,11:10:04,$ 3651.02,100
3305,11:10:04,$ 3651.02,100
3306,11:09:58,$ 3651.05,100
3307,11:09:55,$ 3651.14,100
3308,11:09:55,$ 3651.525,100
3309,11:09:55,$ 3651.525,180
3310,11:09:52,$ 3651.38,100
3311,11:09:08,$ 3652.34,100
3312,11:09:08,$ 3651.82,100
3313,11:09:04,$ 3651.29,100
3314,11:09:02,$ 3652.19,100
3315,11:08:59,$ 3651.80,100
3317,11:08:56,$ 3651.07,100
3318,11:08:56,$ 3650.965,100
3319,11:08:50,$ 3650.19,100
3320,11:08:50,$ 3650.19,100
3321,11:08:49,$ 3649.1501,100
3322,11:08:48,$ 3650.11,100
3323,11:08:37,$ 3650.45,100
3324,11:08:32,$ 3650.04,100
3325,11:08:12,$ 3650.73,164
3326,11:08:12,$ 3650.33,100
3327,11:08:12,$ 3650.33,100
3328,11:08:11,$ 3650.3599,100
3329,11:07:58,$ 3649.15,100
3330,11:07:58,$ 3649.32,100
3331,11:07:58,$ 3649.37,100
3332,11:07:58,$ 3649.21,100
3333,11:07:58,$ 3649.21,100
3334,11:07:56,$ 3649.15,100
3335,11:07:56,$ 3648.84,100
3336,11:07:55,$ 3649.91,100
3338,11:07:51,$ 3648.3001,350
3339,11:07:24,$ 3649.21,100
3340,11:07:10,$ 3650.02,100
3341,11:07:09,$ 3649.5436,103
3342,11:07:08,$ 3650.4759,400
3343,11:07:02,$ 3650.80,189
3344,11:07:02,$ 3650.79,100
3345,11:07:00,$ 3649.76,100
3346,11:06:45,$ 3648.055,100
3347,11:06:44,$ 3648.86,100
3348,11:06:44,$ 3646.99,100
3349,11:06:44,$ 3648.80,100
3350,11:06:42,$ 3648.50,100
3351,11:06:42,$ 3648.65,100
3352,11:06:42,$ 3648.65,100
3353,11:06:41,$ 3648.43,100
3354,11:06:40,$ 3647.41,100
3355,11:06:39,$ 3647.97,"1,000"
3356,11:06:35,$ 3647.23,100
3357,11:06:34,$ 3648.0199,100
3359,11:06:34,$ 3646.55,100
3360,11:06:28,$ 3647.32,100
3361,11:06:19,$ 3645.64,117
3362,11:06:19,$ 3645.64,100
3363,11:06:19,$ 3645.64,122
3364,11:06:19,$ 3645.64,122
3365,11:06:18,$ 3646.30,110
3366,11:06:11,$ 3646.00,100
3367,11:05:43,$ 3645.4999,500
3368,11:05:42,$ 3645.11,100
3369,11:05:30,$ 3642.73,100
3370,11:05:22,$ 3640.7321,165
3371,11:05:16,$ 3641.655,100
3372,11:05:12,$ 3642.96,100
3373,11:05:09,$ 3641.463,600
3374,11:05:09,$ 3640.50,500
3375,11:04:57,$ 3640.47,100
3376,11:04:57,$ 3640.47,100
3377,11:04:57,$ 3640.60,100
3378,11:04:57,$ 3640.51,100
3380,11:04:57,$ 3640.47,100
3381,11:04:57,$ 3640.47,200
3382,11:04:55,$ 3642.00,100
3383,11:04:55,$ 3642.0001,300
3384,11:04:53,$ 3643.568,100
3385,11:04:53,$ 3643.528,100
3386,11:04:53,$ 3642.80,247
3387,11:04:53,$ 3643.55,100
3388,11:04:37,$ 3643.67,100
3389,11:04:36,$ 3644.32,400
3390,11:04:35,$ 3644.60,100
3391,11:04:29,$ 3644.85,100
3392,11:04:29,$ 3644.80,100
3393,11:04:29,$ 3643.495,100
3394,11:04:24,$ 3645.5599,100
3395,11:04:17,$ 3643.815,100
3396,11:04:15,$ 3645.55,100
3397,11:04:10,$ 3644.447,148
3398,11:04:10,$ 3644.447,267
3399,11:04:03,$ 3641.78,143
3401,11:03:52,$ 3640.36,118
3402,11:03:52,$ 3640.885,100
3403,11:03:39,$ 3640.895,300
3404,11:03:39,$ 3641.00,100
3405,11:03:34,$ 3642.125,100
3406,11:03:31,$ 3643.28,100
3407,11:03:26,$ 3643.27,100
3408,11:03:25,$ 3643.60,100
3409,11:03:25,$ 3643.53,100
3410,11:03:24,$ 3644.5009,204
3411,11:03:22,$ 3645.28,100
3412,11:03:10,$ 3641.5301,620
3413,11:03:06,$ 3642.19,100
3414,11:03:06,$ 3642.365,100
3415,11:03:05,$ 3641.03,100
3416,11:03:01,$ 3643.22,100
3417,11:03:00,$ 3642.69,100
3418,11:02:58,$ 3641.9438,100
3419,11:02:54,$ 3641.87,100
3420,11:02:51,$ 3643.02,100
3422,11:02:49,$ 3642.235,100
3423,11:02:49,$ 3642.95,100
3424,11:02:49,$ 3642.43,100
3425,11:02:49,$ 3642.16,100
3426,11:02:49,$ 3642.10,100
3427,11:02:47,$ 3643.94,200
3428,11:02:46,$ 3643.57,100
3429,11:02:46,$ 3643.57,100
3430,11:02:45,$ 3644.00,100
3431,11:02:45,$ 3645.00,100
3432,11:02:45,$ 3645.15,500
3433,11:02:45,$ 3645.15,200
3434,11:02:38,$ 3645.9674,400
3435,11:02:37,$ 3645.79,100
3436,11:02:31,$ 3646.1201,170
3437,11:02:31,$ 3646.1201,100
3438,11:02:26,$ 3646.10,100
3439,11:02:26,$ 3646.00,127
3440,11:02:26,$ 3646.35,100
3441,11:02:26,$ 3646.30,100
3443,11:02:26,$ 3646.56,100
3444,11:02:25,$ 3648.9053,142
3445,11:02:24,$ 3647.86,100
3446,11:02:22,$ 3647.85,200
3447,11:02:22,$ 3648.00,100
3448,11:02:22,$ 3648.00,100
3449,11:02:22,$ 3648.028,200
3450,11:02:21,$ 3648.05,100
3451,11:01:59,$ 3651.60,100
3452,11:01:59,$ 3651.47,103
3453,11:01:59,$ 3651.59,100
3454,11:01:59,$ 3651.47,100
3455,11:01:59,$ 3651.49,100
3456,11:01:59,$ 3651.49,100
3457,11:01:59,$ 3651.74,100
3458,11:01:59,$ 3651.52,100
3459,11:01:59,$ 3651.52,100
3460,11:01:59,$ 3652.11,100
3461,11:01:58,$ 3652.40,104
3462,11:01:58,$ 3652.40,127
3464,11:01:58,$ 3652.42,100
3465,11:01:58,$ 3652.39,100
3466,11:01:48,$ 3652.00,100
3467,11:01:37,$ 3651.42,100
3468,11:01:37,$ 3651.42,100
3469,11:01:10,$ 3653.16,100
3470,11:01:06,$ 3654.085,100
3471,11:01:06,$ 3653.0201,100
3472,11:01:03,$ 3653.45,100
3473,11:00:57,$ 3652.10,500
3474,11:00:45,$ 3650.02,100
3475,11:00:39,$ 3649.98,100
3476,11:00:39,$ 3650.13,100
3477,11:00:32,$ 3648.08,100
3478,11:00:32,$ 3648.18,100
3479,11:00:32,$ 3648.00,100
3480,11:00:30,$ 3648.70,100
3481,11:00:30,$ 3649.76,100
3482,11:00:30,$ 3650.71,100
3483,11:00:15,$ 3652.33,100
3485,11:00:05,$ 3651.335,100
3486,11:00:05,$ 3651.82,100
3487,11:00:04,$ 3651.06,100
3488,11:00:04,$ 3651.64,100
3489,11:00:03,$ 3649.62,100
3490,11:00:03,$ 3649.80,100
3492,11:59:55,$ 3636.966,100
3493,11:59:52,$ 3637.2227,100
3494,11:59:42,$ 3636.00,100
3495,11:59:40,$ 3636.3943,150
3496,11:59:33,$ 3635.89,100
3497,11:59:33,$ 3635.89,100
3498,11:59:33,$ 3635.89,100
3499,11:59:33,$ 3635.89,100
3500,11:59:27,$ 3635.0001,100
3501,11:59:21,$ 3635.985,100
3502,11:59:15,$ 3636.40,100
3503,11:59:12,$ 3635.63,100
3504,11:58:59,$ 3634.50,100
3505,11:58:48,$ 3634.82,200
3506,11:58:47,$ 3634.40,500
3507,11:58:45,$ 3635.23,110
3508,11:58:43,$ 3634.35,151
3509,11:58:38,$ 3634.283,500
3510,11:58:29,$ 3635.31,100
3511,11:58:26,$ 3634.31,100
3513,11:58:26,$ 3634.34,100
3514,11:58:26,$ 3634.31,105
3515,11:58:23,$ 3634.3099,175
3516,11:58:17,$ 3633.905,100
3517,11:58:17,$ 3633.905,100
3518,11:58:16,$ 3633.225,100
3519,11:58:03,$ 3633.965,100
3520,11:58:03,$ 3633.975,100
3521,11:58:03,$ 3634.08,100
3522,11:57:50,$ 3634.36,100
3523,11:57:49,$ 3635.4499,100
3524,11:57:40,$ 3632.00,200
3525,11:57:31,$ 3635.0211,150
3526,11:57:31,$ 3635.8974,100
3527,11:57:30,$ 3635.00,900
3528,11:57:30,$ 3635.15,100
3529,11:57:30,$ 3634.95,100
3530,11:57:26,$ 3634.14,100
3531,11:57:23,$ 3633.388,169
3532,11:57:23,$ 3633.08,223
3534,11:57:23,$ 3633.08,108
3535,11:57:21,$ 3633.626,100
3536,11:57:20,$ 3633.222,500
3537,11:57:18,$ 3632.50,100
3538,11:57:09,$ 3633.22,100
3539,11:56:58,$ 3633.51,500
3540,11:56:57,$ 3632.04,100
3541,11:56:57,$ 3632.29,100
3542,11:56:52,$ 3633.0001,100
3543,11:56:52,$ 3634.365,200
3544,11:56:51,$ 3633.865,100
3545,11:56:43,$ 3633.82,200
3546,11:56:43,$ 3634.00,100
3547,11:56:38,$ 3633.00,897
3548,11:56:38,$ 3633.00,100
3549,11:56:30,$ 3634.3541,108
3550,11:56:19,$ 3634.54,100
3551,11:56:19,$ 3634.65,160
3552,11:56:18,$ 3634.3579,350
3553,11:56:13,$ 3633.80,100
3555,11:56:11,$ 3633.8001,100
3556,11:56:10,$ 3634.57,500
3557,11:55:59,$ 3633.31,100
3558,11:55:59,$ 3633.03,100
3559,11:55:55,$ 3633.785,100
3560,11:55:53,$ 3633.785,100
3561,11:55:51,$ 3633.13,100
3562,11:55:50,$ 3634.04,182
3563,11:55:44,$ 3634.04,220
3564,11:55:40,$ 3635.26,270
3565,11:55:39,$ 3634.34,100
3566,11:55:33,$ 3634.46,100
3567,11:55:33,$ 3634.51,137
3568,11:55:30,$ 3634.255,100
3569,11:55:27,$ 3634.355,100
3570,11:55:20,$ 3634.0415,290
3571,11:55:20,$ 3634.08,121
3572,11:55:16,$ 3634.94,100
3573,11:55:16,$ 3634.95,100
3574,11:55:16,$ 3634.95,100
3576,11:55:14,$ 3634.9399,100
3577,11:55:10,$ 3634.80,500
3578,11:55:10,$ 3634.24,100
3579,11:55:10,$ 3634.24,100
3580,11:55:01,$ 3635.608,500
3581,11:54:59,$ 3634.9075,274
3582,11:54:55,$ 3634.6789,571
3583,11:54:55,$ 3634.23,159
3584,11:54:55,$ 3635.05,100
3585,11:54:55,$ 3635.10,100
3586,11:54:55,$ 3635.8427,100
3587,11:54:54,$ 3636.00,100
3588,11:54:52,$ 3635.00,100
3589,11:54:52,$ 3635.50,500
3590,11:54:52,$ 3635.26,100
3591,11:54:52,$ 3635.211,185
3592,11:54:52,$ 3636.13,100
3593,11:54:51,$ 3637.035,100
3594,11:54:48,$ 3636.38,100
3595,11:54:45,$ 3637.14,169
3597,11:54:40,$ 3636.36,100
3598,11:54:25,$ 3638.505,100
3599,11:54:24,$ 3639.30,100
3600,11:54:19,$ 3640.08,500
3601,11:54:06,$ 3640.80,135
3602,11:54:06,$ 3641.27,100
3603,11:54:04,$ 3641.7477,110
3604,11:53:54,$ 3642.655,100
3605,11:53:32,$ 3643.06,100
3606,11:53:24,$ 3642.87,100
3607,11:53:24,$ 3642.70,100
3608,11:53:10,$ 3642.19,100
3609,11:53:06,$ 3642.72,100
3610,11:53:05,$ 3642.19,130
3611,11:52:59,$ 3642.35,100
3612,11:52:57,$ 3643.03,100
3613,11:52:40,$ 3642.4791,111
3614,11:52:28,$ 3642.465,100
3615,11:52:24,$ 3642.705,100
3616,11:52:23,$ 3643.805,200
3618,11:52:17,$ 3644.00,687
3619,11:52:00,$ 3643.50,400
3620,11:51:53,$ 3642.87,100
3621,11:51:37,$ 3643.30,100
3622,11:51:17,$ 3643.679,151
3623,11:51:17,$ 3643.62,100
3624,11:51:17,$ 3642.14,100
3625,11:51:17,$ 3642.12,100
3626,11:51:15,$ 3641.826,250
3627,11:51:01,$ 3642.01,100
3628,11:51:00,$ 3641.06,100
3629,11:50:57,$ 3641.97,100
3630,11:50:51,$ 3641.57,100
3631,11:50:35,$ 3640.98,100
3632,11:50:16,$ 3640.49,100
3633,11:50:15,$ 3640.025,100
3634,11:50:13,$ 3639.595,100
3635,11:50:13,$ 3640.00,212
3636,11:50:13,$ 3640.00,100
3637,11:50:13,$ 3640.00,100
3639,11:50:13,$ 3640.00,100
3640,11:49:58,$ 3640.58,100
3641,11:49:58,$ 3640.77,200
3642,11:49:44,$ 3641.7599,100
3643,11:49:43,$ 3640.8777,700
3644,11:49:43,$ 3640.7701,800
3645,11:49:36,$ 3642.65,100
3646,11:49:29,$ 3642.65,200
3647,11:49:29,$ 3642.6401,100
3648,11:49:16,$ 3642.605,105
3649,11:48:51,$ 3641.4897,200
3650,11:48:50,$ 3642.00,900
3651,11:48:50,$ 3641.85,326
3652,11:48:50,$ 3642.00,100
3653,11:48:47,$ 3642.695,400
3654,11:48:41,$ 3642.8814,420
3655,11:48:36,$ 3643.01,100
3656,11:48:33,$ 3643.85,100
3657,11:48:33,$ 3643.85,169
3658,11:48:28,$ 3644.675,100
3660,11:48:07,$ 3644.8499,100
3661,11:48:07,$ 3644.8499,100
3662,11:48:04,$ 3643.85,100
3663,11:47:59,$ 3643.38,130
3664,11:47:24,$ 3644.35,100
3665,11:47:24,$ 3644.30,100
3666,11:47:16,$ 3644.707,500
3667,11:47:13,$ 3645.82,100
3668,11:46:56,$ 3645.045,100
3669,11:46:54,$ 3644.915,200
3670,11:46:37,$ 3645.34,500
3671,11:46:34,$ 3646.165,100
3672,11:46:28,$ 3649.16,200
3673,11:46:10,$ 3648.00,101
3674,11:46:10,$ 3649.02,100
3675,11:46:03,$ 3649.59,100
3676,11:45:53,$ 3649.5999,200
3677,11:45:51,$ 3648.10,100
3678,11:45:28,$ 3650.053,500
3679,11:45:25,$ 3650.6899,172
3681,11:45:25,$ 3650.6899,100
3682,11:45:16,$ 3648.726,119
3683,11:45:07,$ 3650.12,100
3684,11:45:05,$ 3648.61,161
3685,11:45:05,$ 3649.6881,273
3686,11:45:00,$ 3647.28,100
3687,11:44:56,$ 3646.955,100
3688,11:44:41,$ 3646.83,105
3689,11:44:37,$ 3648.00,100
3690,11:44:33,$ 3646.9573,100
3691,11:44:28,$ 3646.51,100
3692,11:44:28,$ 3646.86,100
3693,11:44:28,$ 3646.87,100
3694,11:44:13,$ 3646.935,100
3695,11:44:07,$ 3646.745,300
3696,11:44:07,$ 3646.745,100
3697,11:43:41,$ 3646.466,307
3698,11:43:41,$ 3645.4617,100
3699,11:43:40,$ 3645.00,100
3700,11:43:36,$ 3644.5188,100
3702,11:43:09,$ 3644.9372,100
3703,11:42:43,$ 3646.415,100
3704,11:42:43,$ 3646.27,100
3705,11:42:41,$ 3644.7926,120
3706,11:42:41,$ 3646.305,100
3707,11:42:41,$ 3646.305,100
3708,11:42:41,$ 3646.525,100
3709,11:42:40,$ 3646.525,100
3710,11:42:39,$ 3644.97,100
3711,11:42:39,$ 3644.82,100
3712,11:42:39,$ 3644.92,100
3713,11:42:39,$ 3644.53,100
3714,11:42:39,$ 3644.60,100
3715,11:42:39,$ 3644.62,100
3716,11:42:39,$ 3644.77,100
3717,11:42:39,$ 3644.80,100
3718,11:42:33,$ 3644.0365,100
3719,11:42:20,$ 3646.00,100
3720,11:42:10,$ 3646.251,150
3721,11:42:01,$ 3646.705,500
3723,11:41:42,$ 3648.7273,500
3724,11:41:41,$ 3648.8092,100
3725,11:40:44,$ 3647.4851,100
3726,11:40:38,$ 3645.28,100
3727,11:40:38,$ 3644.913,500
3728,11:40:10,$ 3647.9674,110
3729,11:39:54,$ 3647.83,100
3730,11:39:42,$ 3649.00,100
3731,11:39:39,$ 3648.77,100
3732,11:39:27,$ 3648.20,100
3733,11:39:00,$ 3649.2097,300
3734,11:38:39,$ 3647.35,100
3735,11:38:37,$ 3646.86,100
3736,11:38:32,$ 3645.833,500
3737,11:38:30,$ 3645.58,100
3738,11:38:22,$ 3646.8083,158
3739,11:38:22,$ 3646.9167,142
3740,11:38:19,$ 3646.805,100
3741,11:38:17,$ 3646.97,100
3742,11:38:15,$ 3646.68,100
3744,11:38:02,$ 3646.715,200
3745,11:38:01,$ 3646.846,176
3746,11:37:54,$ 3646.14,100
3747,11:37:44,$ 3646.73,100
3748,11:37:44,$ 3646.73,100
3749,11:37:44,$ 3646.73,100
3750,11:37:38,$ 3647.745,500
3751,11:37:35,$ 3647.895,200
3752,11:37:34,$ 3647.50,100
3753,11:37:34,$ 3647.50,262
3754,11:37:24,$ 3648.225,100
3755,11:37:13,$ 3647.90,100
3756,11:37:10,$ 3647.85,160
3757,11:36:37,$ 3650.19,100
3758,11:36:37,$ 3650.19,100
3759,11:36:31,$ 3649.01,100
3760,11:36:31,$ 3649.01,100
3761,11:36:31,$ 3650.00,100
3762,11:36:25,$ 3650.707,500
3763,11:36:24,$ 3650.705,100
3765,11:36:18,$ 3650.94,100
3766,11:35:48,$ 3653.42,100
3767,11:35:48,$ 3653.62,100
3768,11:35:48,$ 3653.83,100
3769,11:35:36,$ 3653.623,500
3770,11:35:02,$ 3654.67,144
3771,11:34:55,$ 3654.25,100
3772,11:34:42,$ 3652.622,500
3773,11:34:37,$ 3652.37,100
3774,11:34:37,$ 3652.54,100
3775,11:34:37,$ 3652.23,100
3776,11:34:36,$ 3651.825,100
3777,11:34:30,$ 3650.6126,170
3778,11:34:12,$ 3653.1801,500
3779,11:33:57,$ 3654.5593,235
3780,11:33:57,$ 3655.55,100
3781,11:33:57,$ 3655.55,100
3782,11:33:57,$ 3655.552,100
3783,11:33:42,$ 3657.42,100
3784,11:33:42,$ 3656.74,150
3786,11:33:03,$ 3657.35,100
3787,11:32:30,$ 3657.60,100
3788,11:32:06,$ 3656.49,150
3789,11:32:02,$ 3656.95,200
3790,11:31:58,$ 3656.392,210
3791,11:31:58,$ 3657.03,100
3792,11:31:58,$ 3657.13,100
3793,11:31:57,$ 3657.1434,150
3794,11:31:45,$ 3658.18,100
3795,11:31:45,$ 3658.75,150
3796,11:31:17,$ 3660.08,100
3797,11:31:14,$ 3660.6717,300
3798,11:31:11,$ 3660.00,500
3799,11:31:02,$ 3660.02,100
3800,11:31:00,$ 3659.21,163
3801,11:31:00,$ 3659.21,147
3803,12:29:42,$ 3635.82,100
3804,12:29:34,$ 3635.4053,100
3805,12:29:31,$ 3636.14,100
3806,12:29:22,$ 3635.0001,100
3807,12:29:20,$ 3637.9199,100
3808,12:29:02,$ 3637.42,100
3809,12:28:57,$ 3638.29,100
3810,12:28:46,$ 3638.88,280
3811,12:28:40,$ 3639.29,100
3812,12:28:39,$ 3639.14,100
3813,12:28:32,$ 3639.57,420
3814,12:28:16,$ 3639.7497,"1,000"
3815,12:27:56,$ 3638.50,100
3816,12:27:56,$ 3638.50,100
3817,12:26:27,$ 3639.24,100
3818,12:26:27,$ 3639.24,100
3819,12:26:27,$ 3639.13,100
3820,12:26:07,$ 3637.5409,100
3821,12:26:01,$ 3640.00,249
3822,12:26:01,$ 3638.7832,500
3824,12:25:56,$ 3639.57,280
3825,12:25:39,$ 3639.175,193
3826,12:25:34,$ 3638.60,100
3827,12:25:34,$ 3638.65,100
3828,12:25:06,$ 3638.1699,100
3829,12:25:03,$ 3636.93,100
3830,12:25:03,$ 3637.08,100
3831,12:25:03,$ 3636.424,204
3832,12:25:03,$ 3636.92,230
3833,12:25:03,$ 3636.506,230
3834,12:24:02,$ 3635.14,100
3835,12:24:00,$ 3635.42,100
3836,12:23:53,$ 3635.92,500
3837,12:23:46,$ 3635.965,100
3838,12:23:30,$ 3636.5399,274
3839,12:23:30,$ 3635.01,107
3840,12:23:28,$ 3636.00,100
3841,12:23:18,$ 3636.635,100
3842,12:23:17,$ 3635.81,100
3843,12:23:17,$ 3635.99,100
3845,12:23:17,$ 3635.94,100
3846,12:23:17,$ 3635.95,100
