,NLS Time (ET),NLS Price,NLS Share Volume
1,09:59:39,$ 3312.589,199
2,09:59:39,$ 3311.63,100
3,09:59:34,$ 3310.52,100
4,09:59:33,$ 3311.06,100
5,09:59:29,$ 3311.29,100
6,09:59:27,$ 3310.62,100
7,09:59:20,$ 3310.68,100
8,09:59:20,$ 3311.98,100
9,09:59:15,$ 3311.2295,113
10,09:59:10,$ 3311.77,100
11,09:58:01,$ 3312.86,488
12,09:58:01,$ 3312.54,100
13,09:57:58,$ 3311.5916,100
14,09:57:55,$ 3311.7508,131
15,09:57:55,$ 3311.7508,119
16,09:57:55,$ 3312.00,300
17,09:57:51,$ 3313.4001,173
18,09:57:48,$ 3313.00,482
19,09:57:29,$ 3314.015,100
20,09:57:28,$ 3312.835,100
22,09:57:17,$ 3313.3862,100
23,09:57:17,$ 3313.11,100
24,09:57:17,$ 3312.46,100
25,09:57:15,$ 3313.72,150
26,09:57:10,$ 3313.84,100
27,09:57:10,$ 3313.90,100
28,09:57:05,$ 3314.19,100
29,09:57:04,$ 3314.96,100
30,09:56:57,$ 3315.2509,"1,135"
31,09:56:57,$ 3315.72,100
32,09:56:57,$ 3315.64,100
33,09:56:57,$ 3315.64,100
34,09:56:57,$ 3315.64,100
35,09:56:57,$ 3315.83,100
36,09:56:57,$ 3315.73,100
37,09:56:57,$ 3315.67,100
38,09:56:53,$ 3315.7543,200
39,09:56:50,$ 3316.105,136
40,09:56:47,$ 3315.94,100
41,09:56:47,$ 3315.6965,249
43,09:56:41,$ 3315.5796,100
44,09:56:33,$ 3315.415,100
45,09:56:12,$ 3315.50,100
46,09:56:01,$ 3313.62,100
47,09:55:56,$ 3314.31,127
48,09:55:51,$ 3314.625,100
49,09:55:46,$ 3314.26,100
50,09:55:46,$ 3315.00,100
51,09:55:44,$ 3315.035,100
52,09:55:44,$ 3314.53,100
53,09:55:43,$ 3314.57,250
54,09:55:35,$ 3314.065,100
55,09:55:27,$ 3313.19,100
56,09:55:26,$ 3313.68,100
57,09:55:23,$ 3314.185,100
58,09:55:20,$ 3314.51,100
59,09:55:18,$ 3315.5504,100
60,09:55:17,$ 3315.53,100
61,09:55:09,$ 3315.00,100
62,09:55:06,$ 3315.605,130
64,09:55:05,$ 3314.945,100
65,09:55:03,$ 3315.1099,150
66,09:55:03,$ 3315.76,100
67,09:55:03,$ 3315.5375,100
68,09:55:00,$ 3316.71,100
69,09:55:00,$ 3316.96,100
70,09:55:00,$ 3316.96,100
71,09:55:00,$ 3316.70,300
72,09:55:00,$ 3316.01,389
73,09:55:00,$ 3315.97,100
74,09:55:00,$ 3315.97,100
75,09:55:00,$ 3315.77,200
76,09:55:00,$ 3315.26,100
77,09:55:00,$ 3314.81,100
78,09:54:46,$ 3315.00,100
79,09:54:44,$ 3314.99,100
80,09:54:42,$ 3313.8761,300
81,09:54:37,$ 3314.5001,100
82,09:54:36,$ 3315.55,100
83,09:54:36,$ 3315.01,108
85,09:54:36,$ 3315.00,482
86,09:54:36,$ 3314.75,100
87,09:54:36,$ 3315.00,113
88,09:54:30,$ 3313.595,100
89,09:54:25,$ 3314.25,200
90,09:54:19,$ 3313.50,100
91,09:54:19,$ 3312.89,100
92,09:54:19,$ 3312.77,100
93,09:54:15,$ 3313.865,100
94,09:54:06,$ 3312.10,200
95,09:54:02,$ 3312.64,100
96,09:53:58,$ 3314.00,158
97,09:53:58,$ 3314.00,573
98,09:53:57,$ 3313.80,250
99,09:53:57,$ 3313.45,100
100,09:53:57,$ 3313.45,100
101,09:53:50,$ 3313.0774,100
102,09:53:42,$ 3313.38,100
103,09:53:38,$ 3313.73,100
104,09:53:38,$ 3314.00,100
106,09:53:38,$ 3314.00,100
107,09:53:37,$ 3314.55,200
108,09:53:37,$ 3313.985,114
109,09:53:35,$ 3313.96,100
110,09:53:34,$ 3314.12,100
111,09:53:33,$ 3314.11,507
112,09:53:31,$ 3314.45,100
113,09:53:30,$ 3314.08,100
114,09:53:30,$ 3315.00,257
115,09:53:30,$ 3314.75,109
116,09:53:28,$ 3314.88,200
117,09:53:26,$ 3314.00,100
118,09:53:26,$ 3313.96,648
119,09:53:26,$ 3314.00,900
120,09:53:26,$ 3314.10,105
121,09:53:26,$ 3314.00,100
122,09:53:22,$ 3312.5601,400
123,09:53:16,$ 3313.25,100
124,09:53:12,$ 3312.28,100
125,09:53:08,$ 3313.41,300
127,09:53:06,$ 3313.0225,400
128,09:53:03,$ 3312.80,100
129,09:53:03,$ 3312.51,100
130,09:53:02,$ 3312.26,100
131,09:52:52,$ 3311.70,100
132,09:52:52,$ 3311.5934,194
133,09:52:52,$ 3311.23,113
134,09:52:48,$ 3312.00,100
135,09:52:36,$ 3310.11,100
136,09:52:36,$ 3310.205,100
137,09:52:31,$ 3309.24,100
138,09:52:31,$ 3310.00,405
139,09:52:31,$ 3310.00,100
140,09:52:20,$ 3309.14,100
141,09:51:48,$ 3308.00,100
142,09:51:42,$ 3307.75,108
143,09:51:41,$ 3307.00,100
144,09:51:38,$ 3308.44,200
145,09:51:37,$ 3307.74,100
146,09:51:37,$ 3307.73,100
148,09:51:35,$ 3308.03,100
149,09:51:34,$ 3308.50,100
150,09:51:29,$ 3308.565,172
151,09:51:23,$ 3308.755,100
152,09:51:18,$ 3309.12,100
153,09:51:13,$ 3307.6975,100
154,09:51:01,$ 3307.77,100
155,09:50:55,$ 3306.00,100
156,09:50:54,$ 3306.06,100
157,09:50:48,$ 3307.795,100
158,09:50:40,$ 3309.06,100
159,09:50:35,$ 3309.415,100
160,09:50:35,$ 3308.96,100
161,09:50:28,$ 3311.50,100
162,09:50:28,$ 3311.52,100
163,09:50:28,$ 3311.00,200
164,09:50:28,$ 3311.00,100
165,09:50:26,$ 3309.9999,331
166,09:50:26,$ 3309.97,100
167,09:50:19,$ 3310.00,100
169,09:50:19,$ 3310.00,100
170,09:50:19,$ 3309.46,100
171,09:50:09,$ 3308.2996,200
172,09:50:06,$ 3307.66,100
173,09:50:05,$ 3306.85,100
174,09:50:02,$ 3307.05,100
175,09:50:00,$ 3306.5557,200
176,09:49:57,$ 3306.015,100
177,09:49:45,$ 3308.5301,113
178,09:49:43,$ 3309.00,200
179,09:49:43,$ 3309.00,100
180,09:49:42,$ 3308.3684,100
181,09:49:39,$ 3309.435,100
182,09:49:38,$ 3308.90,100
183,09:49:36,$ 3309.56,100
184,09:49:36,$ 3309.15,100
185,09:49:35,$ 3308.9758,200
186,09:49:32,$ 3308.75,100
187,09:49:32,$ 3309.00,100
188,09:49:32,$ 3308.46,100
190,09:49:32,$ 3308.46,100
191,09:49:31,$ 3307.865,100
192,09:49:20,$ 3306.76,102
193,09:49:20,$ 3306.76,100
194,09:49:15,$ 3305.76,200
195,09:49:14,$ 3306.76,378
196,09:49:10,$ 3306.0233,100
197,09:49:05,$ 3307.00,100
198,09:48:57,$ 3306.69,100
199,09:48:57,$ 3306.70,100
200,09:48:51,$ 3307.9705,100
201,09:48:50,$ 3307.36,120
202,09:48:50,$ 3307.36,100
203,09:48:43,$ 3308.35,100
204,09:48:43,$ 3306.85,100
205,09:48:43,$ 3306.85,100
206,09:48:43,$ 3306.85,100
207,09:48:43,$ 3306.16,100
208,09:48:41,$ 3305.62,100
209,09:48:41,$ 3305.62,101
211,09:48:41,$ 3305.62,100
212,09:48:34,$ 3306.01,100
213,09:48:34,$ 3306.57,100
214,09:48:32,$ 3305.5864,396
215,09:48:32,$ 3305.5864,302
216,09:48:32,$ 3305.5864,288
217,09:48:24,$ 3305.11,100
218,09:48:24,$ 3305.11,100
219,09:48:24,$ 3305.11,100
220,09:48:19,$ 3305.40,200
221,09:48:19,$ 3305.10,100
222,09:48:15,$ 3305.64,121
223,09:48:09,$ 3306.62,113
224,09:47:58,$ 3305.05,100
225,09:47:58,$ 3304.99,100
226,09:47:51,$ 3305.06,100
227,09:47:45,$ 3306.475,100
228,09:47:40,$ 3307.525,100
229,09:47:34,$ 3307.485,100
230,09:47:28,$ 3309.00,100
232,09:47:25,$ 3308.83,100
233,09:47:22,$ 3309.04,100
234,09:47:17,$ 3309.02,152
235,09:47:11,$ 3308.895,100
236,09:47:08,$ 3308.90,100
237,09:47:08,$ 3308.90,100
238,09:47:07,$ 3308.76,100
239,09:47:07,$ 3308.76,100
240,09:47:00,$ 3308.91,100
241,09:46:44,$ 3307.16,300
242,09:46:41,$ 3307.79,100
243,09:46:36,$ 3306.727,500
244,09:46:32,$ 3307.39,100
245,09:46:14,$ 3309.26,175
246,09:46:08,$ 3309.855,100
247,09:45:59,$ 3310.00,318
248,09:45:59,$ 3310.00,100
249,09:45:59,$ 3310.00,100
250,09:45:59,$ 3310.00,100
251,09:45:59,$ 3308.60,100
253,09:45:59,$ 3308.56,100
254,09:45:59,$ 3307.75,100
255,09:45:59,$ 3307.30,100
256,09:45:56,$ 3306.01,100
257,09:45:39,$ 3306.242,200
258,09:45:39,$ 3303.37,100
259,09:45:39,$ 3305.00,100
260,09:45:39,$ 3304.195,450
261,09:45:27,$ 3307.19,100
262,09:45:24,$ 3306.405,100
263,09:45:09,$ 3309.13,100
264,09:45:07,$ 3308.91,100
265,09:45:06,$ 3309.4299,100
266,09:44:57,$ 3306.7852,191
267,09:44:57,$ 3306.7852,750
268,09:44:45,$ 3304.6925,100
269,09:44:23,$ 3304.95,100
270,09:44:21,$ 3304.235,475
271,09:44:20,$ 3303.47,250
272,09:44:18,$ 3304.00,600
274,09:44:15,$ 3302.27,100
275,09:44:00,$ 3301.02,100
276,09:44:00,$ 3301.07,100
277,09:43:59,$ 3300.97,100
278,09:43:59,$ 3300.99,100
279,09:43:58,$ 3301.32,100
280,09:43:58,$ 3301.32,200
281,09:43:58,$ 3301.15,100
282,09:43:57,$ 3301.81,100
283,09:43:31,$ 3303.5544,100
284,09:43:31,$ 3302.49,100
285,09:43:24,$ 3303.60,100
286,09:43:11,$ 3304.28,100
287,09:43:11,$ 3304.02,100
288,09:43:07,$ 3303.775,500
289,09:43:06,$ 3303.00,125
290,09:42:52,$ 3305.07,100
291,09:42:52,$ 3305.55,100
292,09:42:52,$ 3305.6551,200
293,09:42:48,$ 3306.1716,250
295,09:42:46,$ 3306.36,100
296,09:42:46,$ 3307.1008,385
297,09:42:39,$ 3307.8198,200
298,09:42:38,$ 3307.155,100
299,09:42:35,$ 3307.96,100
300,09:42:35,$ 3307.96,136
301,09:42:35,$ 3307.96,100
302,09:42:35,$ 3307.96,100
303,09:42:24,$ 3308.33,100
304,09:42:18,$ 3308.82,100
305,09:42:15,$ 3308.90,100
306,09:42:12,$ 3308.59,100
307,09:42:11,$ 3308.115,100
308,09:42:08,$ 3309.00,100
309,09:42:08,$ 3308.97,100
310,09:42:08,$ 3308.99,100
311,09:42:06,$ 3308.9932,100
312,09:42:06,$ 3308.57,100
313,09:42:06,$ 3307.7308,100
314,09:42:04,$ 3308.85,100
316,09:42:04,$ 3307.24,143
317,09:42:04,$ 3307.00,200
318,09:41:52,$ 3307.645,500
319,09:41:46,$ 3306.0282,100
320,09:41:45,$ 3306.1091,302
321,09:41:45,$ 3306.06,100
322,09:41:45,$ 3306.09,100
323,09:41:45,$ 3306.10,100
324,09:41:44,$ 3306.00,318
325,09:41:44,$ 3306.00,100
326,09:41:44,$ 3305.97,100
327,09:41:44,$ 3305.80,100
328,09:41:38,$ 3307.26,100
329,09:41:38,$ 3307.26,100
330,09:41:38,$ 3307.20,100
331,09:41:37,$ 3307.11,100
332,09:41:35,$ 3306.535,100
333,09:41:34,$ 3307.40,100
334,09:41:31,$ 3308.60,206
335,09:41:31,$ 3308.60,144
337,09:41:31,$ 3307.93,100
338,09:41:31,$ 3307.96,100
339,09:41:26,$ 3310.9142,200
340,09:41:25,$ 3310.55,147
341,09:41:24,$ 3310.44,148
342,09:41:24,$ 3310.25,100
343,09:41:23,$ 3309.29,100
344,09:41:23,$ 3309.665,100
345,09:41:20,$ 3310.00,100
346,09:41:20,$ 3310.55,100
347,09:41:20,$ 3310.55,100
348,09:41:20,$ 3310.00,100
349,09:41:17,$ 3309.40,200
350,09:41:17,$ 3309.00,100
351,09:41:14,$ 3308.92,100
352,09:41:13,$ 3308.37,400
353,09:41:12,$ 3308.64,100
354,09:41:10,$ 3308.50,100
355,09:41:07,$ 3308.13,100
356,09:41:07,$ 3308.14,100
358,09:41:05,$ 3308.0102,125
359,09:41:05,$ 3308.08,100
360,09:41:01,$ 3306.98,200
361,09:40:52,$ 3306.45,100
362,09:40:50,$ 3305.73,100
363,09:40:50,$ 3305.73,100
364,09:40:48,$ 3306.04,100
365,09:40:47,$ 3307.00,110
366,09:40:39,$ 3306.9999,100
367,09:40:38,$ 3306.38,100
368,09:40:31,$ 3305.76,400
369,09:40:31,$ 3306.66,100
370,09:40:31,$ 3306.649,200
371,09:40:22,$ 3305.02,605
372,09:40:22,$ 3305.03,100
373,09:40:22,$ 3305.2364,100
374,09:40:21,$ 3306.26,100
375,09:40:16,$ 3304.98,100
376,09:40:16,$ 3304.82,100
377,09:40:11,$ 3304.95,100
379,09:40:11,$ 3304.97,100
380,09:40:09,$ 3305.29,120
381,09:40:08,$ 3304.52,100
382,09:40:08,$ 3304.50,395
383,09:40:08,$ 3304.52,100
384,09:40:07,$ 3304.52,100
385,09:40:06,$ 3304.0609,"1,000"
386,09:40:05,$ 3303.6833,100
387,09:40:01,$ 3302.55,100
388,09:40:00,$ 3302.57,300
389,09:39:57,$ 3302.78,100
390,09:39:54,$ 3303.76,100
391,09:39:52,$ 3304.84,100
392,09:39:52,$ 3304.87,100
393,09:39:52,$ 3303.88,100
394,09:39:52,$ 3304.115,500
395,09:39:49,$ 3304.33,100
396,09:39:49,$ 3304.33,100
397,09:39:49,$ 3304.33,100
398,09:39:48,$ 3305.01,100
400,09:39:39,$ 3304.49,100
401,09:39:39,$ 3304.49,100
402,09:39:39,$ 3303.82,100
403,09:39:37,$ 3305.01,100
404,09:39:34,$ 3304.7826,100
405,09:39:34,$ 3304.61,100
406,09:39:33,$ 3304.8174,100
407,09:39:31,$ 3305.79,200
408,09:39:27,$ 3305.76,100
409,09:39:27,$ 3305.45,100
410,09:39:23,$ 3306.4399,250
411,09:39:23,$ 3304.98,183
412,09:39:22,$ 3304.1988,110
413,09:39:22,$ 3303.5794,396
414,09:39:20,$ 3304.84,100
415,09:39:20,$ 3304.50,100
416,09:39:15,$ 3303.50,100
417,09:39:13,$ 3303.48,100
418,09:39:12,$ 3302.73,100
419,09:39:11,$ 3303.26,100
421,09:39:11,$ 3303.2599,100
422,09:39:11,$ 3303.26,100
423,09:39:11,$ 3303.255,200
424,09:39:11,$ 3303.25,100
425,09:39:11,$ 3303.198,100
426,09:39:09,$ 3303.26,100
427,09:39:06,$ 3302.39,100
428,09:39:04,$ 3302.321,800
429,09:39:04,$ 3302.27,100
430,09:39:04,$ 3302.64,100
431,09:38:38,$ 3303.52,100
432,09:38:38,$ 3303.33,111
433,09:38:33,$ 3302.42,100
434,09:38:29,$ 3302.02,100
435,09:38:29,$ 3302.02,200
436,09:38:17,$ 3303.10,100
437,09:38:15,$ 3303.9175,100
438,09:38:11,$ 3303.59,100
439,09:38:00,$ 3302.79,100
440,09:38:00,$ 3302.62,100
442,09:38:00,$ 3303.50,100
443,09:38:00,$ 3303.3099,100
444,09:37:49,$ 3303.78,100
445,09:37:48,$ 3303.00,100
446,09:37:36,$ 3303.555,100
447,09:37:28,$ 3303.53,100
448,09:37:26,$ 3305.19,100
449,09:37:19,$ 3303.7675,101
450,09:37:19,$ 3304.455,100
451,09:37:19,$ 3304.455,100
452,09:37:18,$ 3304.34,125
453,09:37:18,$ 3304.0001,100
454,09:37:17,$ 3303.4901,100
455,09:37:13,$ 3305.39,100
456,09:37:13,$ 3305.43,100
457,09:37:13,$ 3305.44,140
458,09:37:12,$ 3304.66,100
459,09:37:10,$ 3304.62,100
460,09:37:09,$ 3305.26,200
461,09:37:09,$ 3305.26,200
463,09:37:09,$ 3305.26,400
464,09:37:07,$ 3304.58,134
465,09:37:07,$ 3304.5816,151
466,09:37:00,$ 3306.18,100
467,09:37:00,$ 3304.615,220
468,09:37:00,$ 3306.18,100
469,09:37:00,$ 3306.18,100
470,09:37:00,$ 3304.50,100
471,09:37:00,$ 3304.50,100
472,09:36:58,$ 3304.01,100
473,09:36:58,$ 3304.01,100
474,09:36:57,$ 3304.52,100
475,09:36:57,$ 3305.42,100
476,09:36:57,$ 3305.28,100
477,09:36:57,$ 3305.11,100
478,09:36:57,$ 3305.10,100
479,09:36:53,$ 3306.00,100
480,09:36:53,$ 3306.50,100
481,09:36:53,$ 3306.5871,200
482,09:36:52,$ 3306.96,100
484,09:36:50,$ 3308.04,100
485,09:36:50,$ 3308.06,100
486,09:36:50,$ 3308.06,100
487,09:36:50,$ 3308.06,100
488,09:36:50,$ 3308.06,100
489,09:36:50,$ 3307.33,100
490,09:36:50,$ 3308.51,100
491,09:36:50,$ 3308.69,100
492,09:36:50,$ 3308.69,100
493,09:36:50,$ 3309.00,100
494,09:36:50,$ 3308.22,300
495,09:36:50,$ 3308.36,100
496,09:36:46,$ 3307.60,100
497,09:36:42,$ 3306.636,100
498,09:36:42,$ 3306.73,200
499,09:36:42,$ 3306.72,100
500,09:36:42,$ 3306.36,100
501,09:36:38,$ 3306.10,100
502,09:36:34,$ 3307.0985,100
503,09:36:31,$ 3306.89,100
505,09:36:30,$ 3306.90,100
506,09:36:30,$ 3306.87,100
507,09:36:30,$ 3306.90,100
508,09:36:30,$ 3306.898,200
509,09:36:30,$ 3306.90,100
510,09:36:29,$ 3306.80,100
511,09:36:29,$ 3306.90,100
512,09:36:29,$ 3306.90,100
513,09:36:29,$ 3306.90,100
514,09:36:29,$ 3306.55,100
515,09:36:27,$ 3306.50,100
516,09:36:27,$ 3305.96,100
517,09:36:27,$ 3305.98,100
518,09:36:27,$ 3305.02,100
519,09:36:26,$ 3304.49,100
520,09:36:26,$ 3304.50,100
521,09:36:24,$ 3305.565,100
522,09:36:22,$ 3304.25,100
523,09:36:18,$ 3304.405,135
524,09:36:18,$ 3304.405,100
526,09:36:18,$ 3304.405,100
527,09:36:18,$ 3304.405,100
528,09:36:14,$ 3304.535,100
529,09:36:09,$ 3305.465,125
530,09:36:09,$ 3304.76,100
531,09:36:04,$ 3305.00,100
532,09:36:04,$ 3305.02,100
533,09:36:03,$ 3303.65,100
534,09:36:03,$ 3303.12,100
535,09:36:01,$ 3302.43,100
536,09:36:01,$ 3302.3422,500
537,09:36:00,$ 3302.145,100
538,09:35:59,$ 3301.235,100
539,09:35:59,$ 3301.94,100
540,09:35:58,$ 3301.07,100
541,09:35:56,$ 3302.069,100
542,09:35:54,$ 3301.685,100
543,09:35:53,$ 3301.325,100
544,09:35:52,$ 3302.289,100
545,09:35:52,$ 3301.44,100
547,09:35:51,$ 3302.68,100
548,09:35:51,$ 3301.695,100
549,09:35:51,$ 3301.76,100
550,09:35:46,$ 3304.27,100
551,09:35:46,$ 3303.58,100
552,09:35:40,$ 3305.414,100
553,09:35:39,$ 3303.8301,500
554,09:35:38,$ 3304.45,100
555,09:35:38,$ 3304.49,100
556,09:35:38,$ 3305.539,100
557,09:35:37,$ 3304.64,100
558,09:35:36,$ 3305.00,100
559,09:35:33,$ 3306.90,100
560,09:35:33,$ 3306.90,100
561,09:35:33,$ 3306.90,100
562,09:35:32,$ 3306.13,100
563,09:35:32,$ 3305.64,100
564,09:35:31,$ 3305.79,100
565,09:35:24,$ 3306.47,100
566,09:35:22,$ 3306.20,100
568,09:35:20,$ 3307.395,100
569,09:35:20,$ 3307.56,100
570,09:35:19,$ 3305.95,431
571,09:35:17,$ 3305.145,100
572,09:35:16,$ 3305.4532,100
573,09:35:14,$ 3304.665,100
574,09:35:12,$ 3305.47,100
575,09:35:11,$ 3303.78,100
576,09:35:11,$ 3303.6085,110
577,09:35:09,$ 3305.495,100
578,09:35:09,$ 3303.90,100
579,09:35:06,$ 3305.17,100
580,09:35:04,$ 3306.3403,100
581,09:35:03,$ 3305.77,100
582,09:35:02,$ 3305.83,100
583,09:35:01,$ 3305.82,100
584,09:35:01,$ 3306.69,100
585,09:35:01,$ 3306.60,100
586,09:35:01,$ 3306.54,100
587,09:35:01,$ 3306.53,100
589,09:35:01,$ 3306.53,100
590,09:35:01,$ 3306.51,100
591,09:35:00,$ 3306.95,100
592,09:35:00,$ 3307.00,100
593,09:35:00,$ 3306.35,100
594,09:35:00,$ 3306.17,100
595,09:34:55,$ 3305.30,100
596,09:34:53,$ 3307.00,100
597,09:34:53,$ 3307.00,100
598,09:34:51,$ 3305.8166,100
599,09:34:49,$ 3304.855,100
600,09:34:49,$ 3305.01,100
601,09:34:49,$ 3304.855,100
602,09:34:49,$ 3304.855,100
603,09:34:49,$ 3304.855,100
604,09:34:47,$ 3304.90,100
605,09:34:47,$ 3305.42,100
606,09:34:47,$ 3306.05,100
607,09:34:46,$ 3306.2151,100
608,09:34:45,$ 3306.02,100
610,09:34:44,$ 3304.709,480
611,09:34:43,$ 3306.00,100
612,09:34:43,$ 3305.99,170
613,09:34:43,$ 3305.1275,100
614,09:34:41,$ 3305.94,100
615,09:34:40,$ 3305.85,100
616,09:34:40,$ 3305.81,100
617,09:34:36,$ 3306.62,100
618,09:34:32,$ 3305.98,100
619,09:34:32,$ 3305.72,100
620,09:34:32,$ 3305.42,100
621,09:34:30,$ 3305.44,100
622,09:34:30,$ 3306.00,540
623,09:34:29,$ 3307.99,200
624,09:34:28,$ 3308.03,100
625,09:34:27,$ 3307.00,100
626,09:34:27,$ 3307.00,100
627,09:34:25,$ 3306.27,100
628,09:34:21,$ 3306.67,204
629,09:34:15,$ 3307.00,100
631,09:34:15,$ 3307.00,100
632,09:34:12,$ 3305.00,604
633,09:34:12,$ 3306.27,100
634,09:34:12,$ 3307.00,100
635,09:34:12,$ 3307.00,100
636,09:34:12,$ 3306.80,100
637,09:34:12,$ 3307.00,100
638,09:34:12,$ 3306.90,100
639,09:34:12,$ 3307.00,100
640,09:34:12,$ 3306.70,100
641,09:34:12,$ 3304.9748,"1,000"
642,09:34:12,$ 3306.86,100
643,09:34:11,$ 3306.32,100
644,09:34:10,$ 3306.32,122
645,09:34:10,$ 3305.81,100
646,09:34:10,$ 3304.69,250
647,09:34:10,$ 3305.00,100
648,09:34:10,$ 3305.00,200
649,09:34:10,$ 3305.00,100
650,09:34:10,$ 3305.00,100
652,09:34:10,$ 3304.59,100
653,09:34:10,$ 3304.49,100
654,09:34:07,$ 3303.76,100
655,09:34:03,$ 3303.00,100
656,09:34:03,$ 3302.9996,100
657,09:34:03,$ 3303.00,100
658,09:34:03,$ 3302.865,100
659,09:34:01,$ 3302.21,100
660,09:33:58,$ 3301.0173,100
661,09:33:56,$ 3302.00,250
662,09:33:51,$ 3303.72,100
663,09:33:51,$ 3303.02,100
664,09:33:51,$ 3303.02,101
665,09:33:51,$ 3302.99,100
666,09:33:51,$ 3301.98,100
667,09:33:51,$ 3301.88,100
668,09:33:50,$ 3300.03,125
669,09:33:49,$ 3300.60,100
670,09:33:49,$ 3300.65,100
671,09:33:49,$ 3300.59,100
673,09:33:49,$ 3300.57,135
674,09:33:40,$ 3300.92,100
675,09:33:40,$ 3300.87,100
676,09:33:40,$ 3300.81,100
677,09:33:40,$ 3300.04,100
678,09:33:40,$ 3300.31,100
679,09:33:38,$ 3299.19,100
680,09:33:36,$ 3299.53,100
681,09:33:34,$ 3299.03,100
682,09:33:31,$ 3299.05,100
683,09:33:31,$ 3300.00,300
684,09:33:30,$ 3300.42,134
685,09:33:30,$ 3300.635,100
686,09:33:26,$ 3300.418,100
687,09:33:25,$ 3299.935,100
688,09:33:24,$ 3299.92,100
689,09:33:24,$ 3299.93,100
690,09:33:22,$ 3299.93,232
691,09:33:22,$ 3299.93,100
692,09:33:19,$ 3300.175,100
694,09:33:12,$ 3301.74,100
695,09:33:10,$ 3301.465,100
696,09:33:08,$ 3299.93,100
697,09:33:06,$ 3300.00,624
698,09:33:06,$ 3299.98,100
699,09:33:06,$ 3299.98,100
700,09:33:01,$ 3298.398,500
701,09:33:01,$ 3298.93,100
702,09:33:01,$ 3297.93,100
703,09:33:01,$ 3298.40,100
704,09:33:01,$ 3298.78,100
705,09:33:01,$ 3299.00,200
706,09:33:01,$ 3299.00,248
707,09:33:01,$ 3299.00,100
708,09:32:57,$ 3297.50,928
709,09:32:54,$ 3297.76,700
710,09:32:54,$ 3297.22,100
711,09:32:50,$ 3297.22,100
712,09:32:49,$ 3296.72,150
713,09:32:46,$ 3296.11,150
715,09:32:43,$ 3297.00,200
716,09:32:43,$ 3297.00,100
717,09:32:42,$ 3296.395,700
718,09:32:41,$ 3296.36,100
719,09:32:33,$ 3295.00,200
720,09:32:24,$ 3295.67,135
721,09:32:17,$ 3296.88,100
722,09:32:16,$ 3295.025,120
723,09:32:13,$ 3295.325,500
724,09:32:13,$ 3293.9601,440
725,09:32:10,$ 3296.83,100
726,09:32:08,$ 3293.75,250
727,09:32:08,$ 3294.53,321
728,09:32:08,$ 3294.53,100
729,09:32:03,$ 3293.875,250
730,09:32:03,$ 3295.28,213
731,09:32:02,$ 3294.97,100
732,09:32:02,$ 3293.755,100
733,09:32:00,$ 3295.00,100
734,09:32:00,$ 3295.00,100
736,09:31:59,$ 3294.295,100
737,09:31:59,$ 3294.37,100
738,09:31:59,$ 3293.69,100
739,09:31:51,$ 3293.58,100
740,09:31:51,$ 3292.35,125
741,09:31:50,$ 3292.32,248
742,09:31:50,$ 3293.22,100
743,09:31:49,$ 3293.747,500
744,09:31:48,$ 3294.417,520
745,09:31:48,$ 3294.00,100
746,09:31:48,$ 3294.00,100
747,09:31:48,$ 3294.00,200
748,09:31:48,$ 3293.17,100
749,09:31:48,$ 3293.17,100
750,09:31:48,$ 3293.16,100
751,09:31:48,$ 3293.16,100
752,09:31:38,$ 3291.5419,250
753,09:31:35,$ 3290.93,100
754,09:31:35,$ 3290.98,100
755,09:31:29,$ 3289.73,100
757,09:31:29,$ 3289.73,100
758,09:31:29,$ 3289.73,100
759,09:31:28,$ 3289.6566,150
760,09:31:28,$ 3290.9799,100
761,09:31:24,$ 3290.01,100
762,09:31:17,$ 3287.707,100
763,09:31:17,$ 3288.05,100
764,09:31:17,$ 3288.10,100
765,09:31:17,$ 3287.362,100
766,09:31:17,$ 3286.722,100
767,09:31:17,$ 3286.722,100
768,09:31:17,$ 3287.28,100
769,09:31:17,$ 3287.29,100
770,09:31:16,$ 3286.35,100
771,09:31:14,$ 3285.84,500
772,09:31:12,$ 3284.13,100
773,09:31:11,$ 3284.995,100
774,09:31:10,$ 3283.2301,500
775,09:31:09,$ 3283.06,125
776,09:31:05,$ 3285.795,500
778,09:31:04,$ 3286.21,100
779,09:30:57,$ 3286.57,100
780,09:30:52,$ 3288.97,100
781,09:30:52,$ 3287.82,100
782,09:30:51,$ 3287.02,100
783,09:30:50,$ 3287.78,500
784,09:30:49,$ 3286.444,100
785,09:30:49,$ 3287.07,100
786,09:30:48,$ 3286.26,100
787,09:30:48,$ 3286.30,100
788,09:30:48,$ 3286.27,100
789,09:30:48,$ 3286.81,300
790,09:30:47,$ 3287.91,300
791,09:30:45,$ 3288.5199,570
792,09:30:44,$ 3287.33,100
793,09:30:44,$ 3287.34,100
794,09:30:44,$ 3286.898,396
795,09:30:38,$ 3285.39,100
796,09:30:37,$ 3286.86,100
797,09:30:33,$ 3286.46,100
799,09:30:33,$ 3286.565,100
800,09:30:32,$ 3285.55,408
801,09:30:32,$ 3287.015,100
802,09:30:32,$ 3285.69,100
803,09:30:32,$ 3285.345,100
804,09:30:32,$ 3285.65,100
805,09:30:32,$ 3285.70,100
806,09:30:31,$ 3286.00,257
807,09:30:22,$ 3287.07,100
808,09:30:20,$ 3287.5101,100
809,09:30:18,$ 3290.01,300
810,09:30:16,$ 3290.00,100
811,09:30:12,$ 3291.72,100
812,09:30:11,$ 3291.675,100
813,09:30:08,$ 3291.37,100
814,09:30:08,$ 3291.99,100
815,09:30:06,$ 3291.825,100
816,09:30:05,$ 3292.90,175
817,09:30:04,$ 3292.185,100
818,09:30:04,$ 3292.185,100
820,09:30:02,$ 3291.88,100
821,09:30:02,$ 3291.42,100
822,09:30:02,$ 3292.245,100
823,09:30:02,$ 3291.54,1
824,09:30:02,$ 3291.54,1
825,09:30:02,$ 3291.54,1
826,09:30:02,$ 3291.54,1
827,09:30:02,$ 3291.54,1
828,09:30:02,$ 3291.54,1
829,09:30:02,$ 3291.54,1
830,09:30:02,$ 3291.54,1
831,09:30:02,$ 3291.54,1
832,09:30:02,$ 3291.54,1
833,09:30:02,$ 3291.54,1
834,09:30:02,$ 3291.54,2
835,09:30:02,$ 3291.54,1
836,09:30:02,$ 3291.54,3
837,09:30:02,$ 3291.54,1
838,09:30:02,$ 3291.54,1
839,09:30:02,$ 3291.54,1
841,09:30:02,$ 3291.54,1
842,09:30:02,$ 3291.54,1
843,09:30:02,$ 3291.54,1
844,09:30:02,$ 3291.54,1
845,09:30:02,$ 3291.54,1
846,09:30:02,$ 3291.54,1
847,09:30:02,$ 3291.54,1
848,09:30:02,$ 3291.54,1
849,09:30:02,$ 3291.54,1
850,09:30:02,$ 3291.54,1
851,09:30:02,$ 3291.54,1
852,09:30:02,$ 3291.54,1
853,09:30:02,$ 3291.54,1
854,09:30:02,$ 3291.54,1
855,09:30:02,$ 3291.54,1
856,09:30:02,$ 3291.54,1
857,09:30:02,$ 3291.54,1
858,09:30:02,$ 3291.54,1
859,09:30:02,$ 3291.54,1
860,09:30:02,$ 3291.54,1
862,09:30:02,$ 3291.54,2
863,09:30:02,$ 3291.54,1
864,09:30:02,$ 3291.54,1
865,09:30:02,$ 3291.54,2
866,09:30:02,$ 3291.54,1
867,09:30:02,$ 3291.54,12
868,09:30:02,$ 3291.54,2
869,09:30:02,$ 3291.54,3
870,09:30:02,$ 3291.54,1
871,09:30:02,$ 3291.54,1
872,09:30:02,$ 3291.54,5
873,09:30:02,$ 3291.54,10
874,09:30:02,$ 3291.54,3
875,09:30:02,$ 3291.54,2
876,09:30:02,$ 3291.54,2
877,09:30:02,$ 3291.54,1
878,09:30:02,$ 3291.54,5
879,09:30:02,$ 3291.54,1
880,09:30:02,$ 3291.54,10
881,09:30:02,$ 3291.54,2
883,09:30:02,$ 3291.54,5
884,09:30:02,$ 3291.54,5
885,09:30:02,$ 3291.54,9
886,09:30:02,$ 3291.54,1
887,09:30:02,$ 3291.54,6
888,09:30:02,$ 3291.54,1
889,09:30:02,$ 3291.54,5
890,09:30:02,$ 3291.54,2
891,09:30:02,$ 3291.54,8
892,09:30:02,$ 3291.54,10
893,09:30:02,$ 3291.54,3
894,09:30:02,$ 3291.54,4
895,09:30:02,$ 3291.54,7
896,09:30:02,$ 3291.54,1
897,09:30:02,$ 3291.54,1
898,09:30:02,$ 3291.54,1
899,09:30:02,$ 3291.54,30
900,09:30:02,$ 3291.54,1
901,09:30:02,$ 3291.54,4
902,09:30:02,$ 3291.54,20
904,09:30:02,$ 3291.54,2
905,09:30:02,$ 3291.54,2
906,09:30:02,$ 3291.54,1
907,09:30:02,$ 3291.54,1
908,09:30:02,$ 3291.54,2
909,09:30:02,$ 3291.54,1
910,09:30:02,$ 3291.54,2
911,09:30:02,$ 3291.54,1
912,09:30:02,$ 3291.54,1
913,09:30:02,$ 3291.54,1
914,09:30:02,$ 3291.54,20
915,09:30:02,$ 3291.54,5
916,09:30:02,$ 3291.54,1
917,09:30:02,$ 3291.54,5
918,09:30:02,$ 3291.54,1
919,09:30:02,$ 3291.54,2
920,09:30:02,$ 3291.54,3
921,09:30:02,$ 3291.54,1
922,09:30:02,$ 3291.54,4
923,09:30:02,$ 3291.54,3
925,09:30:02,$ 3291.54,4
926,09:30:02,$ 3291.54,3
927,09:30:02,$ 3291.54,4
928,09:30:02,$ 3291.54,10
929,09:30:02,$ 3291.54,10
930,09:30:02,$ 3291.54,30
931,09:30:02,$ 3291.54,1
932,09:30:02,$ 3291.54,3
933,09:30:02,$ 3291.54,3
934,09:30:02,$ 3291.54,3
935,09:30:02,$ 3291.54,5
936,09:30:02,$ 3291.54,1
937,09:30:02,$ 3291.54,1
938,09:30:02,$ 3291.54,1
939,09:30:02,$ 3291.54,1
940,09:30:02,$ 3291.54,1
941,09:30:02,$ 3291.54,1
942,09:30:02,$ 3291.54,1
943,09:30:02,$ 3291.54,1
944,09:30:02,$ 3291.54,1
946,09:30:02,$ 3291.54,1
947,09:30:02,$ 3291.54,1
948,09:30:02,$ 3291.54,1
949,09:30:02,$ 3291.54,1
950,09:30:02,$ 3291.54,1
951,09:30:02,$ 3291.54,1
952,09:30:02,$ 3291.54,1
953,09:30:02,$ 3291.54,1
954,09:30:02,$ 3291.54,1
955,09:30:02,$ 3291.54,1
956,09:30:02,$ 3291.54,1
957,09:30:02,$ 3291.54,1
958,09:30:02,$ 3291.54,3
959,09:30:02,$ 3291.54,1
960,09:30:02,$ 3291.54,1
961,09:30:02,$ 3291.54,1
962,09:30:02,$ 3291.54,1
963,09:30:02,$ 3291.54,1
964,09:30:02,$ 3291.54,1
965,09:30:02,$ 3291.54,1
967,09:30:02,$ 3291.54,1
968,09:30:02,$ 3291.54,1
969,09:30:02,$ 3291.54,1
970,09:30:02,$ 3291.54,1
971,09:30:02,$ 3291.54,1
972,09:30:02,$ 3291.54,1
973,09:30:02,$ 3291.54,1
974,09:30:02,$ 3291.54,1
975,09:30:02,$ 3291.54,1
976,09:30:02,$ 3291.54,1
977,09:30:02,$ 3291.54,1
978,09:30:02,$ 3291.54,1
979,09:30:02,$ 3291.54,1
980,09:30:02,$ 3291.54,1
981,09:30:02,$ 3291.54,1
982,09:30:02,$ 3291.54,1
983,09:30:02,$ 3291.54,1
984,09:30:02,$ 3291.54,1
985,09:30:02,$ 3291.54,1
986,09:30:02,$ 3291.54,1
988,09:30:02,$ 3291.54,1
989,09:30:02,$ 3291.54,1
990,09:30:02,$ 3291.54,1
991,09:30:02,$ 3291.54,1
992,09:30:02,$ 3291.54,1
993,09:30:02,$ 3291.54,1
994,09:30:02,$ 3291.54,1
995,09:30:02,$ 3291.54,1
996,09:30:02,$ 3291.54,1
997,09:30:02,$ 3291.54,1
998,09:30:02,$ 3291.54,1
999,09:30:02,$ 3291.54,1
1000,09:30:02,$ 3291.54,1
1001,09:30:02,$ 3291.54,1
1002,09:30:02,$ 3291.54,1
1003,09:30:02,$ 3291.54,1
1004,09:30:02,$ 3291.54,1
1005,09:30:02,$ 3291.54,1
1006,09:30:02,$ 3291.54,1
1007,09:30:02,$ 3291.54,1
1009,09:30:02,$ 3291.54,1
1010,09:30:02,$ 3291.54,1
1011,09:30:02,$ 3291.54,1
1012,09:30:02,$ 3291.54,1
1013,09:30:02,$ 3291.54,1
1014,09:30:02,$ 3291.54,1
1015,09:30:02,$ 3291.54,1
1016,09:30:02,$ 3291.54,1
1017,09:30:02,$ 3291.54,1
1018,09:30:02,$ 3291.54,1
1019,09:30:02,$ 3291.54,1
1020,09:30:02,$ 3291.54,1
1021,09:30:02,$ 3291.54,5
1022,09:30:02,$ 3291.54,16
1023,09:30:02,$ 3291.54,6
1024,09:30:02,$ 3291.54,1
1025,09:30:02,$ 3291.54,1
1026,09:30:02,$ 3291.54,1
1027,09:30:02,$ 3291.54,1
1028,09:30:02,$ 3291.54,1
1030,09:30:02,$ 3291.54,1
1031,09:30:02,$ 3291.54,1
1032,09:30:02,$ 3291.54,1
1033,09:30:02,$ 3291.54,1
1034,09:30:02,$ 3291.54,1
1035,09:30:02,$ 3291.54,1
1036,09:30:02,$ 3291.54,1
1037,09:30:02,$ 3291.54,1
1038,09:30:02,$ 3291.54,1
1039,09:30:02,$ 3291.54,1
1040,09:30:02,$ 3291.54,1
1041,09:30:02,$ 3291.54,1
1042,09:30:02,$ 3291.54,2
1043,09:30:02,$ 3291.54,1
1044,09:30:02,$ 3291.54,1
1045,09:30:02,$ 3291.54,1
1046,09:30:02,$ 3291.54,10
1047,09:30:02,$ 3291.54,1
1048,09:30:02,$ 3291.54,12
1049,09:30:02,$ 3291.54,68
1051,09:30:02,$ 3291.54,12
1052,09:30:02,$ 3291.54,4
1053,09:30:02,$ 3291.54,8
1054,09:30:02,$ 3291.54,5
1055,09:30:02,$ 3291.54,1
1056,09:30:02,$ 3291.54,1
1057,09:30:02,$ 3291.54,1
1058,09:30:02,$ 3291.54,10
1059,09:30:02,$ 3291.54,17
1060,09:30:02,$ 3291.54,1
1061,09:30:02,$ 3291.54,6
1062,09:30:02,$ 3291.54,67
1063,09:30:02,$ 3291.54,9
1064,09:30:02,$ 3291.54,3
1065,09:30:02,$ 3291.54,1
1066,09:30:02,$ 3291.54,1
1067,09:30:02,$ 3291.54,12
1068,09:30:02,$ 3291.54,20
1069,09:30:02,$ 3291.54,3
1070,09:30:02,$ 3291.54,16
1072,09:30:02,$ 3291.54,3
1073,09:30:02,$ 3291.54,24
1074,09:30:02,$ 3291.54,1
1075,09:30:02,$ 3291.54,1
1076,09:30:02,$ 3291.54,5
1077,09:30:02,$ 3291.54,1
1078,09:30:02,$ 3291.54,3
1079,09:30:02,$ 3291.54,10
1080,09:30:02,$ 3291.54,20
1081,09:30:02,$ 3291.54,"1,000"
1082,09:30:02,$ 3291.54,"1,000"
1083,09:30:02,$ 3291.54,1
1084,09:30:02,$ 3291.54,2
1085,09:30:02,$ 3291.54,6
1086,09:30:02,$ 3291.54,2
1087,09:30:02,$ 3291.54,10
1088,09:30:02,$ 3291.54,1
1089,09:30:02,$ 3291.54,1
1090,09:30:02,$ 3291.54,3
1091,09:30:02,$ 3291.54,2
1093,09:30:02,$ 3291.54,1
1094,09:30:02,$ 3291.54,1
1095,09:30:02,$ 3291.54,2
1096,09:30:02,$ 3291.54,1
1097,09:30:02,$ 3291.54,1
1098,09:30:02,$ 3291.54,43
1099,09:30:02,$ 3291.54,2
1100,09:30:02,$ 3291.54,1
1101,09:30:02,$ 3291.54,10
1102,09:30:02,$ 3291.54,13
1103,09:30:02,$ 3291.54,1
1104,09:30:02,$ 3291.54,10
1105,09:30:02,$ 3291.54,10
1106,09:30:02,$ 3291.54,1
1107,09:30:02,$ 3291.54,9
1108,09:30:02,$ 3291.54,1
1109,09:30:02,$ 3291.54,32
1110,09:30:02,$ 3291.54,16
1111,09:30:02,$ 3291.54,13
1112,09:30:02,$ 3291.54,1
1114,09:30:02,$ 3291.54,1
1115,09:30:02,$ 3291.54,1
1116,09:30:02,$ 3291.54,5
1117,09:30:02,$ 3291.54,1
1118,09:30:02,$ 3291.54,2
1119,09:30:02,$ 3291.54,1
1120,09:30:02,$ 3291.54,6
1121,09:30:02,$ 3291.54,1
1122,09:30:02,$ 3291.54,5
1123,09:30:02,$ 3291.54,2
1124,09:30:02,$ 3291.54,1
1125,09:30:02,$ 3291.54,7
1126,09:30:02,$ 3291.54,7
1127,09:30:02,$ 3291.54,4
1128,09:30:02,$ 3291.54,2
1129,09:30:02,$ 3291.54,3
1130,09:30:02,$ 3291.54,2
1131,09:30:02,$ 3291.54,3
1132,09:30:02,$ 3291.54,2
1133,09:30:02,$ 3291.54,5
1135,09:30:02,$ 3291.54,3
1136,09:30:02,$ 3291.54,3
1137,09:30:02,$ 3291.54,2
1138,09:30:02,$ 3291.54,3
1139,09:30:02,$ 3291.54,3
1140,09:30:02,$ 3291.54,3
1141,09:30:02,$ 3291.54,4
1142,09:30:02,$ 3291.54,3
1143,09:30:02,$ 3291.54,3
1144,09:30:02,$ 3291.54,8
1145,09:30:02,$ 3291.54,7
1146,09:30:02,$ 3291.54,1
1147,09:30:02,$ 3291.54,5
1148,09:30:02,$ 3291.54,5
1149,09:30:02,$ 3291.54,7
1150,09:30:02,$ 3291.54,3
1151,09:30:02,$ 3291.54,30
1152,09:30:02,$ 3291.54,15
1153,09:30:02,$ 3291.54,4
1154,09:30:02,$ 3291.54,200
1156,09:30:02,$ 3291.54,2
1157,09:30:02,$ 3291.54,14
1158,09:30:02,$ 3291.54,4
1159,09:30:02,$ 3291.54,10
1160,09:30:02,$ 3291.54,4
1161,09:30:02,$ 3291.54,28
1162,09:30:02,$ 3291.54,8
1163,09:30:02,$ 3291.54,2
1164,09:30:02,$ 3291.54,61
1165,09:30:02,$ 3291.54,4
1166,09:30:02,$ 3291.54,3
1167,09:30:02,$ 3291.54,1
1168,09:30:02,$ 3291.54,3
1169,09:30:02,$ 3291.54,6
1170,09:30:02,$ 3291.54,46
1171,09:30:02,$ 3291.54,15
1172,09:30:02,$ 3291.54,1
1173,09:30:02,$ 3291.54,2
1174,09:30:02,$ 3291.54,1
1175,09:30:02,$ 3291.54,20
1177,09:30:02,$ 3291.54,190
1178,09:30:02,$ 3291.54,19
1179,09:30:02,$ 3291.54,3
1180,09:30:02,$ 3291.54,100
1181,09:30:02,$ 3291.54,2
1182,09:30:02,$ 3291.54,1
1183,09:30:02,$ 3291.54,7
1184,09:30:02,$ 3291.54,6
1185,09:30:02,$ 3291.54,2
1186,09:30:02,$ 3291.54,2
1187,09:30:02,$ 3291.54,1
1188,09:30:02,$ 3291.54,1
1189,09:30:02,$ 3291.54,4
1190,09:30:02,$ 3291.54,30
1191,09:30:02,$ 3291.54,8
1192,09:30:02,$ 3291.54,126
1193,09:30:02,$ 3291.54,2
1194,09:30:02,$ 3291.54,1
1195,09:30:02,$ 3291.54,1
1196,09:30:02,$ 3291.54,1
1198,09:30:02,$ 3291.54,50
1199,09:30:02,$ 3291.54,1
1200,09:30:02,$ 3291.54,2
1201,09:30:02,$ 3291.54,4
1202,09:30:02,$ 3291.54,1
1203,09:30:02,$ 3291.54,20
1204,09:30:02,$ 3291.54,2
1205,09:30:02,$ 3291.54,2
1206,09:30:02,$ 3291.54,1
1207,09:30:02,$ 3291.54,5
1208,09:30:02,$ 3291.54,1
1209,09:30:02,$ 3291.54,2
1210,09:30:02,$ 3291.54,1
1211,09:30:02,$ 3291.54,1
1212,09:30:02,$ 3291.54,1
1213,09:30:02,$ 3291.54,1
1214,09:30:02,$ 3291.54,2
1215,09:30:02,$ 3291.54,2
1216,09:30:02,$ 3291.54,8
1217,09:30:02,$ 3291.54,5
1219,09:30:02,$ 3291.54,2
1220,09:30:02,$ 3291.54,1
1221,09:30:02,$ 3291.54,3
1222,09:30:02,$ 3291.54,1
1223,09:30:02,$ 3291.54,5
1224,09:30:02,$ 3291.54,2
1225,09:30:02,$ 3291.54,1
1226,09:30:02,$ 3291.54,1
1227,09:30:02,$ 3291.54,1
1228,09:30:02,$ 3291.54,1
1229,09:30:02,$ 3291.54,1
1230,09:30:02,$ 3291.54,20
1231,09:30:02,$ 3291.54,3
1232,09:30:02,$ 3291.54,3
1233,09:30:02,$ 3291.54,24
1234,09:30:02,$ 3291.54,1
1235,09:30:02,$ 3291.54,4
1236,09:30:02,$ 3291.54,6
1237,09:30:02,$ 3291.54,1
1238,09:30:02,$ 3291.54,15
1240,09:30:02,$ 3291.54,5
1241,09:30:02,$ 3291.54,1
1242,09:30:02,$ 3291.54,1
1243,09:30:02,$ 3291.54,1
1244,09:30:02,$ 3291.54,1
1245,09:30:02,$ 3291.54,5
1246,09:30:02,$ 3291.54,10
1247,09:30:02,$ 3291.54,1
1248,09:30:02,$ 3291.54,1
1249,09:30:02,$ 3291.54,1
1250,09:30:02,$ 3291.54,1
1251,09:30:02,$ 3291.54,1
1252,09:30:02,$ 3291.54,12
1253,09:30:02,$ 3291.54,11
1254,09:30:02,$ 3291.54,2
1255,09:30:02,$ 3291.54,3
1256,09:30:02,$ 3291.54,4
1257,09:30:02,$ 3291.54,1
1258,09:30:02,$ 3291.54,55
1259,09:30:02,$ 3291.54,5
1261,09:30:02,$ 3291.54,15
1262,09:30:02,$ 3291.54,4
1263,09:30:02,$ 3291.54,6
1264,09:30:02,$ 3291.54,3
1265,09:30:02,$ 3291.54,3
1266,09:30:02,$ 3291.54,2
1267,09:30:02,$ 3291.54,30
1268,09:30:02,$ 3291.54,1
1269,09:30:02,$ 3291.54,3
1270,09:30:02,$ 3291.54,1
1271,09:30:02,$ 3291.54,3
1272,09:30:02,$ 3291.54,1
1273,09:30:02,$ 3291.54,4
1274,09:30:02,$ 3291.54,2
1275,09:30:02,$ 3291.54,1
1276,09:30:02,$ 3291.54,1
1277,09:30:02,$ 3291.54,1
1278,09:30:02,$ 3291.54,39
1279,09:30:02,$ 3291.54,1
1280,09:30:02,$ 3291.54,2
1282,09:30:02,$ 3291.54,3
1283,09:30:02,$ 3291.54,3
1284,09:30:02,$ 3291.54,5
1285,09:30:02,$ 3291.54,2
1286,09:30:02,$ 3291.54,"1,569"
1287,09:30:02,$ 3291.54,5
1288,09:30:02,$ 3291.54,2
1289,09:30:02,$ 3291.54,12
1290,09:30:02,$ 3291.54,1
1291,09:30:02,$ 3291.54,1
1292,09:30:02,$ 3291.54,2
1293,09:30:02,$ 3291.54,20
1294,09:30:02,$ 3291.54,1
1295,09:30:02,$ 3291.54,1
1296,09:30:02,$ 3291.54,2
1297,09:30:02,$ 3291.54,52
1298,09:30:02,$ 3291.54,2
1299,09:30:02,$ 3291.54,5
1300,09:30:02,$ 3291.54,5
1301,09:30:02,$ 3291.54,205
1303,09:30:02,$ 3291.54,1
1304,09:30:02,$ 3291.54,1
1305,09:30:02,$ 3291.54,25
1306,09:30:02,$ 3291.54,4
1307,09:30:02,$ 3291.54,3
1308,09:30:02,$ 3291.54,10
1309,09:30:02,$ 3291.54,1
1310,09:30:02,$ 3291.54,10
1311,09:30:02,$ 3291.54,2
1312,09:30:02,$ 3291.54,2
1313,09:30:02,$ 3291.54,10
1314,09:30:02,$ 3291.54,10
1315,09:30:02,$ 3291.54,5
1316,09:30:02,$ 3291.54,2
1317,09:30:02,$ 3291.54,25
1318,09:30:02,$ 3291.54,5
1319,09:30:02,$ 3291.54,1
1320,09:30:02,$ 3291.54,5
1321,09:30:02,$ 3291.54,20
1322,09:30:02,$ 3291.54,1
1324,09:30:02,$ 3291.54,10
1325,09:30:02,$ 3291.54,9
1326,09:30:02,$ 3291.54,1
1327,09:30:02,$ 3291.54,1
1328,09:30:02,$ 3291.54,6
1329,09:30:02,$ 3291.54,4
1330,09:30:02,$ 3291.54,11
1331,09:30:02,$ 3291.54,1
1332,09:30:02,$ 3291.54,9
1333,09:30:02,$ 3291.54,3
1334,09:30:02,$ 3291.54,1
1335,09:30:02,$ 3291.54,2
1336,09:30:02,$ 3291.54,100
1337,09:30:02,$ 3291.54,4
1338,09:30:02,$ 3291.54,1
1339,09:30:02,$ 3291.54,15
1340,09:30:02,$ 3291.54,1
1341,09:30:02,$ 3291.54,1
1342,09:30:02,$ 3291.54,1
1343,09:30:02,$ 3291.54,1
1345,09:30:02,$ 3291.54,1
1346,09:30:02,$ 3291.54,4
1347,09:30:02,$ 3291.54,2
1348,09:30:02,$ 3291.54,10
1349,09:30:02,$ 3291.54,4
1350,09:30:02,$ 3291.54,5
1351,09:30:02,$ 3291.54,3
1352,09:30:02,$ 3291.54,1
1353,09:30:02,$ 3291.54,1
1354,09:30:02,$ 3291.54,2
1355,09:30:02,$ 3291.54,1
1356,09:30:02,$ 3291.54,10
1357,09:30:02,$ 3291.54,1
1358,09:30:02,$ 3291.54,15
1359,09:30:02,$ 3291.54,3
1360,09:30:02,$ 3291.54,1
1361,09:30:02,$ 3291.54,2
1362,09:30:02,$ 3291.54,4
1363,09:30:02,$ 3291.54,2
1364,09:30:02,$ 3291.54,3
1366,09:30:02,$ 3291.54,90
1367,09:30:02,$ 3291.54,1
1368,09:30:02,$ 3291.54,1
1369,09:30:02,$ 3291.54,1
1370,09:30:02,$ 3291.54,1
1371,09:30:02,$ 3291.54,10
1372,09:30:02,$ 3291.54,10
1373,09:30:02,$ 3291.54,1
1374,09:30:02,$ 3291.54,10
1375,09:30:02,$ 3291.54,12
1376,09:30:02,$ 3291.54,1
1377,09:30:02,$ 3291.54,3
1378,09:30:02,$ 3291.54,3
1379,09:30:02,$ 3291.54,3
1380,09:30:02,$ 3291.54,3
1381,09:30:02,$ 3291.54,1
1382,09:30:02,$ 3291.54,3
1383,09:30:02,$ 3291.54,2
1384,09:30:02,$ 3291.54,1
1385,09:30:02,$ 3291.54,3
1387,09:30:02,$ 3291.54,1
1388,09:30:02,$ 3291.54,2
1389,09:30:02,$ 3291.54,2
1390,09:30:02,$ 3291.54,5
1391,09:30:02,$ 3291.54,2
1392,09:30:02,$ 3291.54,5
1393,09:30:02,$ 3291.54,7
1394,09:30:02,$ 3291.54,1
1395,09:30:02,$ 3291.54,8
1396,09:30:02,$ 3291.54,10
1397,09:30:02,$ 3291.54,25
1398,09:30:02,$ 3291.54,215
1399,09:30:02,$ 3291.54,1
1400,09:30:02,$ 3291.54,15
1401,09:30:02,$ 3291.54,1
1402,09:30:02,$ 3291.54,3
1403,09:30:02,$ 3291.54,1
1404,09:30:02,$ 3291.54,14
1405,09:30:02,$ 3291.54,8
1406,09:30:02,$ 3291.54,1
1408,09:30:02,$ 3291.54,8
1409,09:30:02,$ 3291.54,30
1410,09:30:02,$ 3291.54,10
1411,09:30:02,$ 3291.54,5
1412,09:30:02,$ 3291.54,20
1413,09:30:02,$ 3291.54,57
1414,09:30:02,$ 3291.54,10
1415,09:30:02,$ 3291.54,1
1416,09:30:02,$ 3291.54,3
1417,09:30:02,$ 3291.54,20
1418,09:30:02,$ 3291.54,5
1419,09:30:02,$ 3291.54,10
1420,09:30:02,$ 3291.54,3
1421,09:30:02,$ 3291.54,6
1422,09:30:02,$ 3291.54,5
1423,09:30:02,$ 3291.54,1
1424,09:30:02,$ 3291.54,30
1425,09:30:02,$ 3291.54,30
1426,09:30:02,$ 3291.54,9
1427,09:30:02,$ 3291.54,30
1429,09:30:02,$ 3291.54,1
1430,09:30:02,$ 3291.54,18
1431,09:30:02,$ 3291.54,1
1432,09:30:02,$ 3291.54,4
1433,09:30:02,$ 3291.54,2
1434,09:30:02,$ 3291.54,1
1435,09:30:02,$ 3291.54,3
1436,09:30:02,$ 3291.54,5
1437,09:30:02,$ 3291.54,1
1438,09:30:02,$ 3291.54,1
1439,09:30:02,$ 3291.54,1
1440,09:30:02,$ 3291.54,3
1441,09:30:02,$ 3291.54,1
1442,09:30:02,$ 3291.54,7
1443,09:30:02,$ 3291.54,13
1444,09:30:02,$ 3291.54,1
1445,09:30:02,$ 3291.54,1
1446,09:30:02,$ 3291.54,6
1447,09:30:02,$ 3291.54,30
1448,09:30:02,$ 3291.54,2
1450,09:30:02,$ 3291.54,1
1451,09:30:02,$ 3291.54,1
1452,09:30:02,$ 3291.54,1
1453,09:30:02,$ 3291.54,1
1454,09:30:02,$ 3291.54,1
1455,09:30:02,$ 3291.54,6
1456,09:30:02,$ 3291.54,1
1457,09:30:02,$ 3291.54,10
1458,09:30:02,$ 3291.54,1
1459,09:30:02,$ 3291.54,5
1460,09:30:02,$ 3291.54,1
1461,09:30:02,$ 3291.54,10
1462,09:30:02,$ 3291.54,4
1463,09:30:02,$ 3291.54,6
1464,09:30:02,$ 3291.54,5
1465,09:30:02,$ 3291.54,20
1466,09:30:02,$ 3291.54,5
1467,09:30:02,$ 3291.54,1
1468,09:30:02,$ 3291.54,1
1469,09:30:02,$ 3291.54,6
1471,09:30:02,$ 3291.54,5
1472,09:30:02,$ 3291.54,5
1473,09:30:02,$ 3291.54,4
1474,09:30:02,$ 3291.54,5
1475,09:30:02,$ 3291.54,20
1476,09:30:02,$ 3291.54,1
1477,09:30:02,$ 3291.54,8
1478,09:30:02,$ 3291.54,5
1479,09:30:02,$ 3291.54,5
1480,09:30:02,$ 3291.54,1
1481,09:30:02,$ 3291.54,15
1482,09:30:02,$ 3291.54,2
1483,09:30:02,$ 3291.54,3
1484,09:30:02,$ 3291.54,3
1485,09:30:02,$ 3291.54,10
1486,09:30:02,$ 3291.54,12
1487,09:30:02,$ 3291.54,200
1488,09:30:02,$ 3291.54,2
1489,09:30:02,$ 3291.54,6
1490,09:30:02,$ 3291.54,2
1492,09:30:02,$ 3291.54,1
1493,09:30:02,$ 3291.54,12
1494,09:30:02,$ 3291.54,1
1495,09:30:02,$ 3291.54,10
1496,09:30:02,$ 3291.54,5
1497,09:30:02,$ 3291.54,12
1498,09:30:02,$ 3291.54,14
1499,09:30:02,$ 3291.54,1
1500,09:30:02,$ 3291.54,20
1501,09:30:02,$ 3291.54,1
1502,09:30:02,$ 3291.54,1
1503,09:30:02,$ 3291.54,3
1504,09:30:02,$ 3291.54,2
1505,09:30:02,$ 3291.54,1
1506,09:30:02,$ 3291.54,3
1507,09:30:02,$ 3291.54,3
1508,09:30:02,$ 3291.54,22
1509,09:30:02,$ 3291.54,3
1510,09:30:02,$ 3291.54,1
1511,09:30:02,$ 3291.54,3
1513,09:30:02,$ 3291.54,29
1514,09:30:02,$ 3291.54,2
1515,09:30:02,$ 3291.54,1
1516,09:30:02,$ 3291.54,1
1517,09:30:02,$ 3291.54,10
1518,09:30:02,$ 3291.54,1
1519,09:30:02,$ 3291.54,19
1520,09:30:02,$ 3291.54,3
1521,09:30:02,$ 3291.54,1
1522,09:30:02,$ 3291.54,95
1523,09:30:02,$ 3291.54,4
1524,09:30:02,$ 3291.54,3
1525,09:30:02,$ 3291.54,1
1526,09:30:02,$ 3291.54,1
1527,09:30:02,$ 3291.54,1
1528,09:30:02,$ 3291.54,15
1529,09:30:02,$ 3291.54,3
1530,09:30:02,$ 3291.54,7
1531,09:30:02,$ 3291.54,1
1532,09:30:02,$ 3291.54,15
1534,09:30:02,$ 3291.54,3
1535,09:30:02,$ 3291.54,1
1536,09:30:02,$ 3291.54,1
1537,09:30:02,$ 3291.54,5
1538,09:30:02,$ 3291.54,1
1539,09:30:02,$ 3291.54,2
1540,09:30:02,$ 3291.54,1
1541,09:30:02,$ 3291.54,1
1542,09:30:02,$ 3291.54,7
1543,09:30:02,$ 3291.54,45
1544,09:30:02,$ 3291.54,4
1545,09:30:02,$ 3291.54,5
1546,09:30:02,$ 3291.54,1
1547,09:30:02,$ 3291.54,1
1548,09:30:02,$ 3291.54,2
1549,09:30:02,$ 3291.54,13
1550,09:30:02,$ 3291.54,2
1551,09:30:02,$ 3291.54,1
1552,09:30:02,$ 3291.54,1
1553,09:30:02,$ 3291.54,7
1555,09:30:02,$ 3291.54,1
1556,09:30:02,$ 3291.54,1
1557,09:30:02,$ 3291.54,1
1558,09:30:02,$ 3291.54,2
1559,09:30:02,$ 3291.54,1
1560,09:30:02,$ 3291.54,2
1561,09:30:02,$ 3291.54,6
1562,09:30:02,$ 3291.54,1
1563,09:30:02,$ 3291.54,1
1564,09:30:02,$ 3291.54,2
1565,09:30:02,$ 3291.54,1
1566,09:30:02,$ 3291.54,4
1567,09:30:02,$ 3291.54,1
1568,09:30:02,$ 3291.54,2
1569,09:30:02,$ 3291.54,3
1570,09:30:02,$ 3291.54,2
1571,09:30:02,$ 3291.54,2
1572,09:30:02,$ 3291.54,6
1573,09:30:02,$ 3291.54,4
1574,09:30:02,$ 3291.54,3
1576,09:30:02,$ 3291.54,2
1577,09:30:02,$ 3291.54,2
1578,09:30:02,$ 3291.54,1
1579,09:30:02,$ 3291.54,1
1580,09:30:02,$ 3291.54,3
1581,09:30:02,$ 3291.54,3
1582,09:30:02,$ 3291.54,2
1583,09:30:02,$ 3291.54,2
1584,09:30:02,$ 3291.54,10
1585,09:30:02,$ 3291.54,5
1586,09:30:02,$ 3291.54,4
1587,09:30:02,$ 3291.54,2
1588,09:30:02,$ 3291.54,1
1589,09:30:02,$ 3291.54,6
1590,09:30:02,$ 3291.54,1
1591,09:30:02,$ 3291.54,4
1592,09:30:02,$ 3291.54,1
1593,09:30:02,$ 3291.54,1
1594,09:30:02,$ 3291.54,1
1595,09:30:02,$ 3291.54,3
1597,09:30:02,$ 3291.54,1
1598,09:30:02,$ 3291.54,2
1599,09:30:02,$ 3291.54,1
1600,09:30:02,$ 3291.54,3
1601,09:30:02,$ 3291.54,1
1602,09:30:02,$ 3291.54,1
1603,09:30:02,$ 3291.54,1
1604,09:30:02,$ 3291.54,1
1605,09:30:02,$ 3291.54,1
1606,09:30:02,$ 3291.54,1
1607,09:30:02,$ 3291.54,3
1608,09:30:02,$ 3291.54,1
1609,09:30:02,$ 3291.54,2
1610,09:30:02,$ 3291.54,3
1611,09:30:02,$ 3291.54,100
1612,09:30:02,$ 3291.54,2
1613,09:30:02,$ 3291.54,1
1614,09:30:02,$ 3291.54,7
1615,09:30:02,$ 3291.54,5
1616,09:30:02,$ 3291.54,4
1618,09:30:02,$ 3291.54,15
1619,09:30:02,$ 3291.54,2
1620,09:30:02,$ 3291.54,1
1621,09:30:02,$ 3291.54,17
1622,09:30:02,$ 3291.54,1
1623,09:30:02,$ 3291.54,1
1624,09:30:02,$ 3291.54,2
1625,09:30:02,$ 3291.54,1
1626,09:30:02,$ 3291.54,1
1627,09:30:02,$ 3291.54,5
1628,09:30:02,$ 3291.54,3
1629,09:30:02,$ 3291.54,10
1630,09:30:02,$ 3291.54,1
1631,09:30:02,$ 3291.54,1
1632,09:30:02,$ 3291.54,10
1633,09:30:02,$ 3291.54,1
1634,09:30:02,$ 3291.54,3
1635,09:30:02,$ 3291.54,2
1636,09:30:02,$ 3291.54,3
1637,09:30:02,$ 3291.54,1
1639,09:30:02,$ 3291.54,4
1640,09:30:02,$ 3291.54,6
1641,09:30:02,$ 3291.54,3
1642,09:30:02,$ 3291.54,2
1643,09:30:02,$ 3291.54,287
1644,09:30:02,$ 3291.54,106
1645,09:30:02,$ 3291.54,27
1646,09:30:02,$ 3291.54,7
1647,09:30:02,$ 3291.54,1
1648,09:30:02,$ 3291.54,5
1649,09:30:02,$ 3291.54,1
1650,09:30:02,$ 3291.54,8
1651,09:30:02,$ 3291.54,1
1652,09:30:02,$ 3291.54,10
1653,09:30:02,$ 3291.54,15
1654,09:30:02,$ 3291.54,50
1655,09:30:02,$ 3291.54,7
1656,09:30:02,$ 3291.54,3
1657,09:30:02,$ 3291.54,4
1658,09:30:02,$ 3291.54,5
1660,09:30:02,$ 3291.54,3
1661,09:30:02,$ 3291.54,1
1662,09:30:02,$ 3291.54,3
1663,09:30:02,$ 3291.54,1
1664,09:30:02,$ 3291.54,64
1665,09:30:02,$ 3291.54,19
1666,09:30:02,$ 3291.54,2
1667,09:30:02,$ 3291.54,1
1668,09:30:02,$ 3291.54,1
1669,09:30:02,$ 3291.54,6
1670,09:30:02,$ 3291.54,1
1671,09:30:02,$ 3291.54,2
1672,09:30:02,$ 3291.54,5
1673,09:30:02,$ 3291.54,1
1674,09:30:02,$ 3291.54,1
1675,09:30:02,$ 3291.54,95
1676,09:30:02,$ 3291.54,2
1677,09:30:02,$ 3291.54,1
1678,09:30:02,$ 3291.54,5
1679,09:30:02,$ 3291.54,5
1681,09:30:02,$ 3291.54,1
1682,09:30:02,$ 3291.54,1
1683,09:30:02,$ 3291.54,2
1684,09:30:02,$ 3291.54,1
1685,09:30:02,$ 3291.54,3
1686,09:30:02,$ 3291.54,30
1687,09:30:02,$ 3291.54,30
1688,09:30:02,$ 3291.54,1
1689,09:30:02,$ 3291.54,15
1690,09:30:02,$ 3291.54,2
1691,09:30:02,$ 3291.54,21
1692,09:30:02,$ 3291.54,1
1693,09:30:02,$ 3291.54,3
1694,09:30:02,$ 3291.54,1
1695,09:30:02,$ 3291.54,168
1696,09:30:02,$ 3291.54,2
1697,09:30:02,$ 3291.54,1
1698,09:30:02,$ 3291.54,8
1699,09:30:02,$ 3291.54,4
1700,09:30:02,$ 3291.54,6
1702,09:30:02,$ 3291.54,1
1703,09:30:02,$ 3291.54,1
1704,09:30:02,$ 3291.54,1
1705,09:30:02,$ 3291.54,5
1706,09:30:02,$ 3291.54,34
1707,09:30:02,$ 3291.54,4
1708,09:30:02,$ 3291.54,8
1709,09:30:02,$ 3291.54,5
1710,09:30:02,$ 3291.54,7
1711,09:30:02,$ 3291.54,6
1712,09:30:02,$ 3291.54,4
1713,09:30:02,$ 3291.54,5
1714,09:30:02,$ 3291.54,1
1715,09:30:02,$ 3291.54,5
1716,09:30:02,$ 3291.54,1
1717,09:30:02,$ 3291.54,12
1718,09:30:02,$ 3291.54,60
1719,09:30:02,$ 3291.54,1
1720,09:30:02,$ 3291.54,1
1721,09:30:02,$ 3291.54,2
1723,09:30:02,$ 3291.54,5
1724,09:30:02,$ 3291.54,1
1725,09:30:02,$ 3291.54,1
1726,09:30:02,$ 3291.54,1
1727,09:30:02,$ 3291.54,1
1728,09:30:02,$ 3291.54,4
1729,09:30:02,$ 3291.54,1
1730,09:30:02,$ 3291.54,1
1731,09:30:02,$ 3291.54,3
1732,09:30:02,$ 3291.54,3
1733,09:30:02,$ 3291.54,3
1734,09:30:02,$ 3291.54,4
1735,09:30:02,$ 3291.54,3
1736,09:30:02,$ 3291.54,30
1737,09:30:02,$ 3291.54,3
1738,09:30:02,$ 3291.54,30
1739,09:30:02,$ 3291.54,1
1740,09:30:02,$ 3291.54,6
1741,09:30:02,$ 3291.54,4
1742,09:30:02,$ 3291.54,1
1744,09:30:02,$ 3291.54,3
1745,09:30:02,$ 3291.54,1
1746,09:30:02,$ 3291.54,1
1747,09:30:02,$ 3291.54,21
1748,09:30:02,$ 3291.54,23
1749,09:30:02,$ 3291.54,14
1750,09:30:02,$ 3291.54,1
1751,09:30:02,$ 3291.54,1
1752,09:30:02,$ 3291.54,1
1753,09:30:02,$ 3291.54,8
1754,09:30:02,$ 3291.54,2
1755,09:30:02,$ 3291.54,11
1756,09:30:02,$ 3291.54,1
1757,09:30:02,$ 3291.54,2
1758,09:30:02,$ 3291.54,5
1759,09:30:02,$ 3291.54,1
1760,09:30:02,$ 3291.54,1
1761,09:30:02,$ 3291.54,2
1762,09:30:02,$ 3291.54,2
1763,09:30:02,$ 3291.54,1
1765,09:30:02,$ 3291.54,1
1766,09:30:02,$ 3291.54,2
1767,09:30:02,$ 3291.54,1
1768,09:30:02,$ 3291.54,4
1769,09:30:02,$ 3291.54,1
1770,09:30:02,$ 3291.54,2
1771,09:30:02,$ 3291.54,8
1772,09:30:02,$ 3291.54,20
1773,09:30:02,$ 3291.54,8
1774,09:30:02,$ 3291.54,22
1775,09:30:02,$ 3291.54,3
1776,09:30:02,$ 3291.54,1
1777,09:30:02,$ 3291.54,3
1778,09:30:02,$ 3291.54,6
1779,09:30:02,$ 3291.54,1
1780,09:30:02,$ 3291.54,5
1781,09:30:02,$ 3291.54,3
1782,09:30:02,$ 3291.54,1
1783,09:30:02,$ 3291.54,1
1784,09:30:02,$ 3291.54,5
1786,09:30:02,$ 3291.54,2
1787,09:30:02,$ 3291.54,5
1788,09:30:02,$ 3291.54,50
1789,09:30:02,$ 3291.54,3
1790,09:30:02,$ 3291.54,6
1791,09:30:02,$ 3291.54,20
1792,09:30:02,$ 3291.54,3
1793,09:30:02,$ 3291.54,2
1794,09:30:02,$ 3291.54,100
1795,09:30:02,$ 3291.54,6
1796,09:30:02,$ 3291.54,5
1797,09:30:02,$ 3291.54,10
1798,09:30:02,$ 3291.54,10
1799,09:30:02,$ 3291.54,10
1800,09:30:02,$ 3291.54,100
1801,09:30:02,$ 3291.54,10
1802,09:30:02,$ 3291.54,1
1803,09:30:02,$ 3291.54,8
1804,09:30:02,$ 3291.54,1
1805,09:30:02,$ 3291.54,1
1807,09:30:02,$ 3291.54,10
1808,09:30:02,$ 3291.54,1
1809,09:30:02,$ 3291.54,2
1810,09:30:02,$ 3291.54,2
1811,09:30:02,$ 3291.54,5
1812,09:30:02,$ 3291.54,6
1813,09:30:02,$ 3291.54,10
1814,09:30:02,$ 3291.54,1
1815,09:30:02,$ 3291.54,8
1816,09:30:02,$ 3291.54,2
1817,09:30:02,$ 3291.54,1
1818,09:30:02,$ 3291.54,44
1819,09:30:02,$ 3291.54,10
1820,09:30:02,$ 3291.54,20
1821,09:30:02,$ 3291.54,10
1822,09:30:02,$ 3291.54,1
1823,09:30:02,$ 3291.54,25
1824,09:30:02,$ 3291.54,2
1825,09:30:02,$ 3291.54,2
1826,09:30:02,$ 3291.54,3
1828,09:30:02,$ 3291.54,3
1829,09:30:02,$ 3291.54,1
1830,09:30:02,$ 3291.54,10
1831,09:30:02,$ 3291.54,5
1832,09:30:02,$ 3291.54,3
1833,09:30:02,$ 3291.54,4
1834,09:30:02,$ 3291.54,1
1835,09:30:02,$ 3291.54,1
1836,09:30:02,$ 3291.54,1
1837,09:30:02,$ 3291.54,2
1838,09:30:02,$ 3291.54,5
1839,09:30:02,$ 3291.54,2
1840,09:30:02,$ 3291.54,2
1841,09:30:02,$ 3291.54,15
1842,09:30:02,$ 3291.54,6
1843,09:30:02,$ 3291.54,1
1844,09:30:02,$ 3291.54,1
1845,09:30:02,$ 3291.54,1
1846,09:30:02,$ 3291.54,1
1847,09:30:02,$ 3291.54,1
1849,09:30:02,$ 3291.54,1
1850,09:30:02,$ 3291.54,1
1851,09:30:02,$ 3291.54,1
1852,09:30:02,$ 3291.54,1
1853,09:30:02,$ 3291.54,1
1854,09:30:02,$ 3291.54,1
1855,09:30:02,$ 3291.54,1
1856,09:30:02,$ 3291.54,1
1857,09:30:02,$ 3291.54,1
1858,09:30:02,$ 3291.54,1
1859,09:30:02,$ 3291.54,1
1860,09:30:02,$ 3291.54,1
1861,09:30:02,$ 3291.54,1
1862,09:30:02,$ 3291.54,1
1863,09:30:02,$ 3291.54,1
1864,09:30:02,$ 3291.54,1
1865,09:30:02,$ 3291.54,1
1866,09:30:02,$ 3291.54,1
1867,09:30:02,$ 3291.54,1
1868,09:30:02,$ 3291.54,1
1870,09:30:02,$ 3291.54,1
1871,09:30:02,$ 3291.54,1
1872,09:30:02,$ 3291.54,1
1873,09:30:02,$ 3291.54,1
1874,09:30:02,$ 3291.54,1
1875,09:30:02,$ 3291.54,1
1876,09:30:02,$ 3291.54,1
1877,09:30:02,$ 3291.54,1
1878,09:30:02,$ 3291.54,1
1879,09:30:02,$ 3291.54,1
1880,09:30:02,$ 3291.54,1
1881,09:30:02,$ 3291.54,1
1882,09:30:02,$ 3291.54,1
1883,09:30:02,$ 3291.54,1
1884,09:30:02,$ 3291.54,1
1885,09:30:02,$ 3291.54,1
1886,09:30:02,$ 3291.54,1
1887,09:30:02,$ 3291.54,1
1888,09:30:02,$ 3291.54,1
1889,09:30:02,$ 3291.54,1
1891,09:30:02,$ 3291.54,1
1892,09:30:02,$ 3291.54,1
1893,09:30:02,$ 3291.54,1
1894,09:30:02,$ 3291.54,1
1895,09:30:02,$ 3291.54,1
1896,09:30:02,$ 3291.54,1
1897,09:30:02,$ 3291.54,1
1898,09:30:02,$ 3291.54,1
1899,09:30:02,$ 3291.54,1
1900,09:30:02,$ 3291.54,1
1901,09:30:02,$ 3291.54,1
1902,09:30:02,$ 3291.54,1
1903,09:30:02,$ 3291.54,1
1904,09:30:02,$ 3291.54,1
1905,09:30:02,$ 3291.54,1
1906,09:30:02,$ 3291.54,1
1907,09:30:02,$ 3291.54,1
1908,09:30:02,$ 3291.54,1
1909,09:30:02,$ 3291.54,1
1910,09:30:02,$ 3291.54,1
1912,09:30:02,$ 3291.54,1
1913,09:30:02,$ 3291.54,1
1914,09:30:02,$ 3291.54,1
1915,09:30:02,$ 3291.54,1
1916,09:30:02,$ 3291.54,1
1917,09:30:02,$ 3291.54,1
1918,09:30:02,$ 3291.54,1
1919,09:30:02,$ 3291.54,1
1920,09:30:02,$ 3291.54,1
1921,09:30:02,$ 3291.54,1
1922,09:30:02,$ 3291.54,2
1923,09:30:02,$ 3291.54,1
1924,09:30:02,$ 3291.54,17
1925,09:30:02,$ 3291.54,1
1926,09:30:02,$ 3291.54,3
1927,09:30:02,$ 3291.54,10
1928,09:30:02,$ 3291.54,1
1929,09:30:02,$ 3291.54,1
1930,09:30:02,$ 3291.54,2
1931,09:30:02,$ 3291.54,69
1933,09:30:02,$ 3291.54,1
1934,09:30:02,$ 3291.54,1
1935,09:30:02,$ 3291.54,1
1936,09:30:02,$ 3291.54,2
1937,09:30:02,$ 3291.54,3
1938,09:30:02,$ 3291.54,3
1939,09:30:02,$ 3291.54,1
1940,09:30:02,$ 3291.54,1
1941,09:30:02,$ 3291.54,1
1942,09:30:02,$ 3291.54,1
1943,09:30:02,$ 3291.54,1
1944,09:30:02,$ 3291.54,1
1945,09:30:02,$ 3291.54,1
1946,09:30:02,$ 3291.54,1
1947,09:30:02,$ 3291.54,3
1948,09:30:02,$ 3291.54,1
1949,09:30:02,$ 3291.54,1
1950,09:30:02,$ 3291.54,1
1951,09:30:02,$ 3291.54,2
1952,09:30:02,$ 3291.54,1
1954,09:30:02,$ 3291.54,1
1955,09:30:02,$ 3291.54,2
1956,09:30:02,$ 3291.54,1
1957,09:30:02,$ 3291.54,1
1958,09:30:02,$ 3291.54,1
1959,09:30:02,$ 3291.54,1
1960,09:30:02,$ 3291.54,1
1961,09:30:02,$ 3291.54,1
1962,09:30:02,$ 3291.54,2
1963,09:30:02,$ 3291.54,2
1964,09:30:02,$ 3291.54,1
1965,09:30:02,$ 3291.54,1
1966,09:30:02,$ 3291.54,1
1967,09:30:02,$ 3291.54,1
1968,09:30:02,$ 3291.54,1
1969,09:30:02,$ 3291.54,1
1970,09:30:02,$ 3291.54,2
1971,09:30:02,$ 3291.54,3
1972,09:30:02,$ 3291.54,2
1973,09:30:02,$ 3291.54,1
1975,09:30:02,$ 3291.54,1
1976,09:30:02,$ 3291.54,1
1977,09:30:02,$ 3291.54,1
1978,09:30:02,$ 3291.54,1
1979,09:30:02,$ 3291.54,1
1980,09:30:02,$ 3291.54,2
1981,09:30:02,$ 3291.54,2
1982,09:30:02,$ 3291.54,1
1983,09:30:02,$ 3291.54,4
1984,09:30:02,$ 3291.54,2
1985,09:30:02,$ 3291.54,3
1986,09:30:02,$ 3291.54,95
1987,09:30:02,$ 3291.54,2
1988,09:30:02,$ 3291.54,2
1989,09:30:02,$ 3291.54,1
1990,09:30:02,$ 3291.54,1
1991,09:30:02,$ 3291.54,2
1992,09:30:02,$ 3291.54,1
1993,09:30:02,$ 3291.54,1
1994,09:30:02,$ 3291.54,4
1996,09:30:02,$ 3291.54,2
1997,09:30:02,$ 3291.54,7
1998,09:30:02,$ 3291.54,1
1999,09:30:02,$ 3291.54,35
2000,09:30:02,$ 3291.54,5
2001,09:30:02,$ 3291.54,7
2002,09:30:02,$ 3291.54,4
2003,09:30:02,$ 3291.54,4
2004,09:30:02,$ 3291.54,1
2005,09:30:02,$ 3291.54,1
2006,09:30:02,$ 3291.54,3
2007,09:30:02,$ 3291.54,7
2008,09:30:02,$ 3291.54,70
2009,09:30:02,$ 3291.54,1
2010,09:30:02,$ 3291.54,4
2011,09:30:02,$ 3291.54,4
2012,09:30:02,$ 3291.54,3
2013,09:30:02,$ 3291.54,1
2014,09:30:02,$ 3291.54,28
2015,09:30:02,$ 3291.54,161
2017,09:30:02,$ 3291.54,7
2018,09:30:02,$ 3291.54,140
2019,09:30:02,$ 3291.54,1
2020,09:30:02,$ 3291.54,1
2021,09:30:02,$ 3291.54,2
2022,09:30:02,$ 3291.54,1
2023,09:30:02,$ 3291.54,3
2024,09:30:02,$ 3291.54,3
2025,09:30:02,$ 3291.54,4
2026,09:30:02,$ 3291.54,25
2027,09:30:02,$ 3291.54,1
2028,09:30:02,$ 3291.54,1
2029,09:30:02,$ 3291.54,1
2030,09:30:02,$ 3291.54,6
2031,09:30:02,$ 3291.54,10
2032,09:30:02,$ 3291.54,5
2033,09:30:02,$ 3291.54,2
2034,09:30:02,$ 3291.54,4
2035,09:30:02,$ 3291.54,1
2036,09:30:02,$ 3291.54,1
2038,09:30:02,$ 3291.54,1
2039,09:30:02,$ 3291.54,4
2040,09:30:02,$ 3291.54,2
2041,09:30:02,$ 3291.54,1
2042,09:30:02,$ 3291.54,2
2043,09:30:02,$ 3291.54,7
2044,09:30:02,$ 3291.54,1
2045,09:30:02,$ 3291.54,3
2046,09:30:02,$ 3291.54,4
2047,09:30:02,$ 3291.54,1
2048,09:30:02,$ 3291.54,1
2049,09:30:02,$ 3291.54,4
2050,09:30:02,$ 3291.54,1
2051,09:30:02,$ 3291.54,1
2052,09:30:02,$ 3291.54,1
2053,09:30:02,$ 3291.54,7
2054,09:30:02,$ 3291.54,1
2055,09:30:02,$ 3291.54,3
2056,09:30:02,$ 3291.54,1
2057,09:30:02,$ 3291.54,1
2059,09:30:02,$ 3291.54,1
2060,09:30:02,$ 3291.54,35
2061,09:30:02,$ 3291.54,1
2062,09:30:02,$ 3291.54,1
2063,09:30:02,$ 3291.54,4
2064,09:30:02,$ 3291.54,1
2065,09:30:02,$ 3291.54,1
2066,09:30:02,$ 3291.54,2
2067,09:30:02,$ 3291.54,1
2068,09:30:02,$ 3291.54,1
2069,09:30:02,$ 3291.54,1
2070,09:30:02,$ 3291.54,4
2071,09:30:02,$ 3291.54,1
2072,09:30:02,$ 3291.54,11
2073,09:30:02,$ 3291.54,7
2074,09:30:02,$ 3291.54,1
2075,09:30:02,$ 3291.54,1
2076,09:30:02,$ 3291.54,3
2077,09:30:02,$ 3291.54,1
2078,09:30:02,$ 3291.54,1
2080,09:30:02,$ 3291.54,1
2081,09:30:02,$ 3291.54,1
2082,09:30:02,$ 3291.54,7
2083,09:30:02,$ 3291.54,3
2084,09:30:02,$ 3291.54,2
2085,09:30:02,$ 3291.54,2
2086,09:30:02,$ 3291.54,5
2087,09:30:02,$ 3291.54,1
2088,09:30:02,$ 3291.54,8
2089,09:30:02,$ 3291.54,15
2090,09:30:02,$ 3291.54,11
2091,09:30:02,$ 3291.54,40
2092,09:30:02,$ 3291.54,6
2093,09:30:02,$ 3291.54,37
2094,09:30:02,$ 3291.54,1
2095,09:30:02,$ 3291.54,150
2096,09:30:02,$ 3291.54,3
2097,09:30:02,$ 3291.54,2
2098,09:30:02,$ 3291.54,1
2099,09:30:02,$ 3291.54,5
2101,09:30:02,$ 3291.54,100
2102,09:30:02,$ 3291.54,3
2103,09:30:02,$ 3291.54,3
2104,09:30:02,$ 3291.54,4
2105,09:30:02,$ 3291.54,1
2106,09:30:02,$ 3291.54,1
2107,09:30:02,$ 3291.54,3
2108,09:30:02,$ 3291.54,2
2109,09:30:02,$ 3291.54,300
2110,09:30:02,$ 3291.54,100
2111,09:30:02,$ 3291.54,64
2112,09:30:02,$ 3291.54,1
2113,09:30:02,$ 3291.54,5
2114,09:30:02,$ 3291.54,104
2115,09:30:02,$ 3291.54,1
2116,09:30:02,$ 3291.54,100
2117,09:30:02,$ 3291.54,5
2118,09:30:02,$ 3291.54,200
2119,09:30:02,$ 3291.54,1
2120,09:30:02,$ 3291.54,2
2122,09:30:02,$ 3291.54,50
2123,09:30:02,$ 3291.54,4
2124,09:30:02,$ 3291.54,100
2125,09:30:02,$ 3291.54,4
2126,09:30:02,$ 3291.54,2
2127,09:30:02,$ 3291.54,291
2128,09:30:02,$ 3291.54,6
2129,09:30:02,$ 3291.54,5
2130,09:30:02,$ 3291.54,3
2131,09:30:02,$ 3291.54,6
2132,09:30:02,$ 3291.54,25
2133,09:30:02,$ 3291.54,26
2134,09:30:02,$ 3291.54,19
2135,09:30:02,$ 3291.54,195
2136,09:30:02,$ 3291.54,3
2137,09:30:02,$ 3291.54,350
2138,09:30:02,$ 3291.54,25
2139,09:30:02,$ 3291.54,900
2140,09:30:02,$ 3291.54,1
2141,09:30:02,$ 3291.54,100
2143,09:30:02,$ 3291.54,50
2144,09:30:02,$ 3291.54,100
2145,09:30:02,$ 3291.54,10
2146,09:30:02,$ 3291.54,3
2147,09:30:02,$ 3291.54,6
2148,09:30:02,$ 3291.54,3
2149,09:30:02,$ 3291.54,50
2150,09:30:02,$ 3291.54,33
2151,09:30:02,$ 3291.54,50
2152,09:30:02,$ 3291.54,3
2153,09:30:02,$ 3291.54,6
2154,09:30:02,$ 3291.54,18
2155,09:30:02,$ 3291.54,35
2156,09:30:02,$ 3291.54,4
2157,09:30:02,$ 3291.54,4
2158,09:30:02,$ 3291.54,10
2159,09:30:02,$ 3291.54,15
2160,09:30:02,$ 3291.54,5
2161,09:30:02,$ 3291.54,7
2162,09:30:02,$ 3291.54,60
2164,09:30:02,$ 3291.54,2
2165,09:30:02,$ 3291.54,1
2166,09:30:02,$ 3291.54,3
2167,09:30:02,$ 3291.54,7
2168,09:30:02,$ 3291.54,3
2169,09:30:02,$ 3291.54,5
2170,09:30:02,$ 3291.54,1
2171,09:30:02,$ 3291.54,2
2172,09:30:02,$ 3291.54,1
2173,09:30:02,$ 3291.54,1
2174,09:30:02,$ 3291.54,10
2175,09:30:02,$ 3291.54,3
2176,09:30:02,$ 3291.54,5
2177,09:30:02,$ 3291.54,3
2178,09:30:02,$ 3291.54,12
2179,09:30:02,$ 3291.54,1
2180,09:30:02,$ 3291.54,4
2181,09:30:02,$ 3291.54,10
2182,09:30:02,$ 3291.54,100
2183,09:30:02,$ 3291.54,2
2185,09:30:02,$ 3291.54,1
2186,09:30:02,$ 3291.54,5
2187,09:30:02,$ 3291.54,1
2188,09:30:02,$ 3291.54,1
2189,09:30:02,$ 3291.54,7
2190,09:30:02,$ 3291.54,200
2191,09:30:02,$ 3291.54,13
2192,09:30:02,$ 3291.54,4
2193,09:30:02,$ 3291.54,20
2194,09:30:02,$ 3291.54,3
2195,09:30:02,$ 3291.54,2
2196,09:30:02,$ 3291.54,3
2197,09:30:02,$ 3291.54,4
2198,09:30:02,$ 3291.54,5
2199,09:30:02,$ 3291.54,3
2200,09:30:02,$ 3291.54,1
2201,09:30:02,$ 3291.54,2
2202,09:30:02,$ 3291.54,35
2203,09:30:02,$ 3291.54,1
2204,09:30:02,$ 3291.54,1
2206,09:30:02,$ 3291.54,15
2207,09:30:02,$ 3291.54,1
2208,09:30:02,$ 3291.54,5
2209,09:30:02,$ 3291.54,2
2210,09:30:02,$ 3291.54,1
2211,09:30:02,$ 3291.54,1
2212,09:30:02,$ 3291.54,2
2213,09:30:02,$ 3291.54,90
2214,09:30:02,$ 3291.54,15
2215,09:30:02,$ 3291.54,2
2216,09:30:02,$ 3291.54,20
2217,09:30:02,$ 3291.54,10
2218,09:30:02,$ 3291.54,3
2219,09:30:02,$ 3291.54,6
2220,09:30:02,$ 3291.54,5
2221,09:30:02,$ 3291.54,19
2222,09:30:02,$ 3291.54,5
2223,09:30:02,$ 3291.54,6
2224,09:30:02,$ 3291.54,1
2225,09:30:02,$ 3291.54,1
2227,09:30:02,$ 3291.54,1
2228,09:30:02,$ 3291.54,4
2229,09:30:02,$ 3291.54,10
2230,09:30:02,$ 3291.54,396
2231,09:30:02,$ 3291.54,30
2232,09:30:02,$ 3291.54,3
2233,09:30:02,$ 3291.54,200
2234,09:30:02,$ 3291.54,1
2235,09:30:02,$ 3291.54,2
2236,09:30:02,$ 3291.54,1
2237,09:30:02,$ 3291.54,5
2238,09:30:02,$ 3291.54,1
2239,09:30:02,$ 3291.54,9
2240,09:30:02,$ 3291.54,10
2241,09:30:02,$ 3291.54,50
2242,09:30:02,$ 3291.54,20
2243,09:30:02,$ 3291.54,3
2244,09:30:02,$ 3291.54,8
2245,09:30:02,$ 3291.54,9
2246,09:30:02,$ 3291.54,10
2248,09:30:02,$ 3291.54,10
2249,09:30:02,$ 3291.54,1
2250,09:30:02,$ 3291.54,200
2251,09:30:02,$ 3291.54,539
2252,09:30:02,$ 3291.54,1
2253,09:30:02,$ 3291.54,2
2254,09:30:02,$ 3291.54,1
2255,09:30:02,$ 3291.54,5
2256,09:30:02,$ 3291.54,1
2257,09:30:02,$ 3291.54,100
2258,09:30:02,$ 3291.54,3
2259,09:30:02,$ 3291.54,39
2260,09:30:02,$ 3291.54,1
2261,09:30:02,$ 3291.54,34
2262,09:30:02,$ 3291.54,1
2263,09:30:02,$ 3291.54,1
2264,09:30:02,$ 3291.54,1
2265,09:30:02,$ 3291.54,48
2266,09:30:02,$ 3291.54,27
2267,09:30:02,$ 3291.54,30
2269,09:30:02,$ 3291.54,74
2270,09:30:02,$ 3291.54,7
2271,09:30:02,$ 3291.54,8
2272,09:30:02,$ 3291.54,2
2273,09:30:02,$ 3291.54,8
2274,09:30:02,$ 3291.54,2
2275,09:30:02,$ 3291.54,159
2276,09:30:02,$ 3291.54,10
2277,09:30:02,$ 3291.54,224
2278,09:30:02,$ 3291.54,1
2279,09:30:02,$ 3291.54,7
2280,09:30:02,$ 3291.54,1
2281,09:30:02,$ 3291.54,12
2282,09:30:02,$ 3291.54,1
2283,09:30:02,$ 3291.54,1
2284,09:30:02,$ 3291.54,1
2285,09:30:02,$ 3291.54,10
2286,09:30:02,$ 3291.54,4
2287,09:30:02,$ 3291.54,300
2288,09:30:02,$ 3291.54,23
2290,09:30:02,$ 3291.54,30
2291,09:30:02,$ 3291.54,1
2292,09:30:02,$ 3291.54,31
2293,09:30:02,$ 3291.54,73
2294,09:30:02,$ 3291.54,2
2295,09:30:02,$ 3291.54,8
2296,09:30:02,$ 3291.54,1
2297,09:30:02,$ 3291.54,15
2298,09:30:02,$ 3291.54,2
2299,09:30:02,$ 3291.54,3
2300,09:30:02,$ 3291.54,16
2301,09:30:02,$ 3291.54,1
2302,09:30:02,$ 3291.54,2
2303,09:30:02,$ 3291.54,5
2304,09:30:02,$ 3291.54,10
2305,09:30:02,$ 3291.54,1
2306,09:30:02,$ 3291.54,100
2307,09:30:02,$ 3291.54,1
2308,09:30:02,$ 3291.54,6
2309,09:30:02,$ 3291.54,1
2311,09:30:02,$ 3291.54,2
2312,09:30:02,$ 3291.54,42
2313,09:30:02,$ 3291.54,7
2314,09:30:02,$ 3291.54,7
2315,09:30:02,$ 3291.54,9
2316,09:30:02,$ 3291.54,11
2317,09:30:02,$ 3291.54,71
2318,09:30:02,$ 3291.54,8
2319,09:30:02,$ 3291.54,70
2320,09:30:02,$ 3291.54,1
2321,09:30:02,$ 3291.54,30
2322,09:30:02,$ 3291.54,1
2323,09:30:02,$ 3291.54,20
2324,09:30:02,$ 3291.54,2
2325,09:30:02,$ 3291.54,5
2326,09:30:02,$ 3291.54,4
2327,09:30:02,$ 3291.54,10
2328,09:30:02,$ 3291.54,2
2329,09:30:02,$ 3291.54,5
2330,09:30:02,$ 3291.54,10
2332,09:30:02,$ 3291.54,1
2333,09:30:02,$ 3291.54,2
2334,09:30:02,$ 3291.54,3
2335,09:30:02,$ 3291.54,2
2336,09:30:02,$ 3291.54,1
2337,09:30:02,$ 3291.54,2
2338,09:30:02,$ 3291.54,1
2339,09:30:02,$ 3291.54,4
2340,09:30:02,$ 3291.54,3
2341,09:30:02,$ 3291.54,1
2342,09:30:02,$ 3291.54,50
2343,09:30:02,$ 3291.54,33
2344,09:30:02,$ 3291.54,4
2345,09:30:02,$ 3291.54,1
2346,09:30:02,$ 3291.54,8
2347,09:30:02,$ 3291.54,4
2348,09:30:02,$ 3291.54,1
2349,09:30:02,$ 3291.54,1
2350,09:30:02,$ 3291.54,4
2351,09:30:02,$ 3291.54,4
2353,09:30:02,$ 3291.54,62
2354,09:30:02,$ 3291.54,1
2355,09:30:02,$ 3291.54,1
2356,09:30:02,$ 3291.54,3
2357,09:30:02,$ 3291.54,1
2358,09:30:02,$ 3291.54,4
2359,09:30:02,$ 3291.54,9
2360,09:30:02,$ 3291.54,1
2361,09:30:02,$ 3291.54,8
2362,09:30:02,$ 3291.54,16
2363,09:30:02,$ 3291.54,1
2364,09:30:02,$ 3291.54,5
2365,09:30:02,$ 3291.54,300
2366,09:30:02,$ 3291.54,1
2367,09:30:02,$ 3291.54,1
2368,09:30:02,$ 3291.54,15
2369,09:30:02,$ 3291.54,4
2370,09:30:02,$ 3291.54,2
2371,09:30:02,$ 3291.54,2
2372,09:30:02,$ 3291.54,3
2374,09:30:02,$ 3291.54,2
2375,09:30:02,$ 3291.54,1
2376,09:30:02,$ 3291.54,5
2377,09:30:02,$ 3291.54,1
2378,09:30:02,$ 3291.54,16
2379,09:30:02,$ 3291.54,1
2380,09:30:02,$ 3291.54,1
2381,09:30:02,$ 3291.54,5
2382,09:30:02,$ 3291.54,2
2383,09:30:02,$ 3291.54,5
2384,09:30:02,$ 3291.54,1
2385,09:30:02,$ 3291.54,1
2386,09:30:02,$ 3291.54,4
2387,09:30:02,$ 3291.54,1
2388,09:30:02,$ 3291.54,2
2389,09:30:02,$ 3291.54,107
2390,09:30:02,$ 3291.54,94
2391,09:30:02,$ 3291.54,15
2392,09:30:02,$ 3291.54,2
2393,09:30:02,$ 3291.54,42
2395,09:30:02,$ 3291.54,22
2396,09:30:02,$ 3291.54,3
2397,09:30:02,$ 3291.54,1
2398,09:30:02,$ 3291.54,17
2399,09:30:02,$ 3291.54,2
2400,09:30:02,$ 3291.54,3
2401,09:30:02,$ 3291.54,1
2402,09:30:02,$ 3291.54,300
2403,09:30:02,$ 3291.54,175
2404,09:30:02,$ 3291.54,10
2405,09:30:02,$ 3291.54,1
2406,09:30:02,$ 3291.54,3
2407,09:30:02,$ 3291.54,1
2408,09:30:02,$ 3291.54,6
2409,09:30:02,$ 3291.54,1
2410,09:30:02,$ 3291.54,5
2411,09:30:02,$ 3291.54,25
2412,09:30:02,$ 3291.54,1
2413,09:30:02,$ 3291.54,3
2414,09:30:02,$ 3291.54,2
2416,09:30:02,$ 3291.54,10
2417,09:30:02,$ 3291.54,2
2418,09:30:02,$ 3291.54,9
2419,09:30:02,$ 3291.54,3
2420,09:30:02,$ 3291.54,2
2421,09:30:02,$ 3291.54,2
2422,09:30:02,$ 3291.54,13
2423,09:30:02,$ 3291.54,2
2424,09:30:02,$ 3291.54,1
2425,09:30:02,$ 3291.54,2
2426,09:30:02,$ 3291.54,1
2427,09:30:02,$ 3291.54,20
2428,09:30:02,$ 3291.54,1
2429,09:30:02,$ 3291.54,1
2430,09:30:02,$ 3291.54,17
2431,09:30:02,$ 3291.54,8
2432,09:30:02,$ 3291.54,2
2433,09:30:02,$ 3291.54,22
2434,09:30:02,$ 3291.54,97
2435,09:30:02,$ 3291.54,1
2437,09:30:02,$ 3291.54,5
2438,09:30:02,$ 3291.54,3
2439,09:30:02,$ 3291.54,1
2440,09:30:02,$ 3291.54,16
2441,09:30:02,$ 3291.54,10
2442,09:30:02,$ 3291.54,1
2443,09:30:02,$ 3291.54,1
2444,09:30:02,$ 3291.54,25
2445,09:30:02,$ 3291.54,2
2446,09:30:02,$ 3291.54,25
2447,09:30:02,$ 3291.54,3
2448,09:30:02,$ 3291.54,1
2449,09:30:02,$ 3291.54,5
2450,09:30:02,$ 3291.54,1
2451,09:30:02,$ 3291.54,1
2452,09:30:02,$ 3291.54,1
2453,09:30:02,$ 3291.54,1
2454,09:30:02,$ 3291.54,2
2455,09:30:02,$ 3291.54,2
2456,09:30:02,$ 3291.54,1
2458,09:30:02,$ 3291.54,1
2459,09:30:02,$ 3291.54,1
2460,09:30:02,$ 3291.54,4
2461,09:30:02,$ 3291.54,1
2462,09:30:02,$ 3291.54,2
2463,09:30:02,$ 3291.54,17
2464,09:30:02,$ 3291.54,2
2465,09:30:02,$ 3291.54,3
2466,09:30:02,$ 3291.54,4
2467,09:30:02,$ 3291.54,15
2468,09:30:02,$ 3291.54,1
2469,09:30:02,$ 3291.54,5
2470,09:30:02,$ 3291.54,20
2471,09:30:02,$ 3291.54,1
2472,09:30:02,$ 3291.54,10
2473,09:30:02,$ 3291.54,1
2474,09:30:02,$ 3291.54,100
2475,09:30:02,$ 3291.54,1
2476,09:30:02,$ 3291.54,1
2477,09:30:02,$ 3291.54,1
2479,09:30:02,$ 3291.54,10
2480,09:30:02,$ 3291.54,1
2481,09:30:02,$ 3291.54,1
2482,09:30:02,$ 3291.54,85
2483,09:30:02,$ 3291.54,40
2484,09:30:02,$ 3291.54,3
2485,09:30:02,$ 3291.54,3
2486,09:30:02,$ 3291.54,6
2487,09:30:02,$ 3291.54,2
2488,09:30:02,$ 3291.54,6
2489,09:30:02,$ 3291.54,13
2490,09:30:02,$ 3291.54,15
2491,09:30:02,$ 3291.54,10
2492,09:30:02,$ 3291.54,21
2493,09:30:02,$ 3291.54,7
2494,09:30:02,$ 3291.54,5
2495,09:30:02,$ 3291.54,10
2496,09:30:02,$ 3291.54,10
2497,09:30:02,$ 3291.54,14
2498,09:30:02,$ 3291.54,8
2500,09:30:02,$ 3291.54,5
2501,09:30:02,$ 3291.54,3
2502,09:30:02,$ 3291.54,23
2503,09:30:02,$ 3291.54,166
2504,09:30:02,$ 3291.54,138
2505,09:30:02,$ 3291.54,1
2506,09:30:02,$ 3291.54,1
2507,09:30:02,$ 3291.54,2
2508,09:30:02,$ 3291.54,1
2509,09:30:02,$ 3291.54,2
2510,09:30:02,$ 3291.54,10
2511,09:30:02,$ 3291.54,1
2512,09:30:02,$ 3291.54,1
2513,09:30:02,$ 3291.54,2
2514,09:30:02,$ 3291.54,1
2515,09:30:02,$ 3291.54,7
2516,09:30:02,$ 3291.54,1
2517,09:30:02,$ 3291.54,60
2518,09:30:02,$ 3291.54,36
2519,09:30:02,$ 3291.54,1
2521,09:30:02,$ 3291.54,10
2522,09:30:02,$ 3291.54,6
2523,09:30:02,$ 3291.54,50
2524,09:30:02,$ 3291.54,7
2525,09:30:02,$ 3291.54,1
2526,09:30:02,$ 3291.54,1
2527,09:30:02,$ 3291.54,1
2528,09:30:02,$ 3291.54,25
2529,09:30:02,$ 3291.54,3
2530,09:30:02,$ 3291.54,"2,000"
2531,09:30:02,$ 3291.54,4
2532,09:30:02,$ 3291.54,1
2533,09:30:02,$ 3291.54,7
2534,09:30:02,$ 3291.54,5
2535,09:30:02,$ 3291.54,4
2536,09:30:02,$ 3291.54,50
2537,09:30:02,$ 3291.54,2
2538,09:30:02,$ 3291.54,5
2539,09:30:02,$ 3291.54,8
2540,09:30:02,$ 3291.54,2
2542,09:30:02,$ 3291.54,250
2543,09:30:02,$ 3291.54,4
2544,09:30:02,$ 3291.54,1
2545,09:30:02,$ 3291.54,1
2546,09:30:02,$ 3291.54,40
2547,09:30:02,$ 3291.54,1
2548,09:30:02,$ 3291.54,3
2549,09:30:02,$ 3291.54,2
2550,09:30:02,$ 3291.54,10
2551,09:30:02,$ 3291.54,1
2552,09:30:02,$ 3291.54,5
2553,09:30:02,$ 3291.54,2
2554,09:30:02,$ 3291.54,4
2555,09:30:02,$ 3291.54,1
2556,09:30:02,$ 3291.54,1
2557,09:30:02,$ 3291.54,110
2558,09:30:02,$ 3291.54,2
2559,09:30:02,$ 3291.54,1
2560,09:30:02,$ 3291.54,30
2561,09:30:02,$ 3291.54,6
2563,09:30:02,$ 3291.54,5
2564,09:30:02,$ 3291.54,3
2565,09:30:02,$ 3291.54,5
2566,09:30:02,$ 3291.54,3
2567,09:30:02,$ 3291.54,5
2568,09:30:02,$ 3291.54,1
2569,09:30:02,$ 3291.54,10
2570,09:30:02,$ 3291.54,10
2571,09:30:02,$ 3291.54,1
2572,09:30:02,$ 3291.54,181
2573,09:30:02,$ 3291.54,101
2574,09:30:02,$ 3291.54,50
2575,09:30:02,$ 3291.54,3
2576,09:30:02,$ 3291.54,3
2577,09:30:02,$ 3291.54,1
2578,09:30:02,$ 3291.54,1
2579,09:30:02,$ 3291.54,1
2580,09:30:02,$ 3291.54,197
2581,09:30:02,$ 3291.54,4
2582,09:30:02,$ 3291.54,5
2584,09:30:02,$ 3291.54,4
2585,09:30:02,$ 3291.54,4
2586,09:30:02,$ 3291.54,6
2587,09:30:02,$ 3291.54,3
2588,09:30:02,$ 3291.54,7
2589,09:30:02,$ 3291.54,1
2590,09:30:02,$ 3291.54,24
2591,09:30:02,$ 3291.54,2
2592,09:30:02,$ 3291.54,50
2593,09:30:02,$ 3291.54,5
2594,09:30:02,$ 3291.54,5
2595,09:30:02,$ 3291.54,20
2596,09:30:02,$ 3291.54,6
2597,09:30:02,$ 3291.54,1
2598,09:30:02,$ 3291.54,2
2599,09:30:02,$ 3291.54,5
2600,09:30:02,$ 3291.54,5
2601,09:30:02,$ 3291.54,5
2602,09:30:02,$ 3291.54,3
2603,09:30:02,$ 3291.54,2
2605,09:30:02,$ 3291.54,5
2606,09:30:02,$ 3291.54,5
2607,09:30:02,$ 3291.54,1
2608,09:30:02,$ 3291.54,1
2609,09:30:02,$ 3291.54,2
2610,09:30:02,$ 3291.54,3
2611,09:30:02,$ 3291.54,10
2612,09:30:02,$ 3291.54,25
2613,09:30:02,$ 3291.54,1
2614,09:30:02,$ 3291.54,1
2615,09:30:02,$ 3291.54,53
2616,09:30:02,$ 3291.54,9
2617,09:30:02,$ 3291.54,5
2618,09:30:02,$ 3291.54,1
2619,09:30:02,$ 3291.54,2
2620,09:30:02,$ 3291.54,5
2621,09:30:02,$ 3291.54,2
2622,09:30:02,$ 3291.54,2
2623,09:30:02,$ 3291.54,10
2624,09:30:02,$ 3291.54,2
2626,09:30:02,$ 3291.54,28
2627,09:30:02,$ 3291.54,50
2628,09:30:02,$ 3291.54,4
2629,09:30:02,$ 3291.54,5
2630,09:30:02,$ 3291.54,1
2631,09:30:02,$ 3291.54,1
2632,09:30:02,$ 3291.54,"1,510"
2633,09:30:02,$ 3291.54,1
2634,09:30:02,$ 3291.54,1
2635,09:30:02,$ 3291.54,1
2636,09:30:02,$ 3291.54,15
2637,09:30:02,$ 3291.54,1
2638,09:30:02,$ 3291.54,10
2639,09:30:02,$ 3291.54,10
2640,09:30:02,$ 3291.54,1
2641,09:30:02,$ 3291.54,2
2642,09:30:02,$ 3291.54,1
2643,09:30:02,$ 3291.54,15
2644,09:30:02,$ 3291.54,100
2645,09:30:02,$ 3291.54,250
2647,09:30:02,$ 3291.54,4
2648,09:30:02,$ 3291.54,4
2649,09:30:02,$ 3291.54,1
2650,09:30:02,$ 3291.54,1
2651,09:30:02,$ 3291.54,10
2652,09:30:02,$ 3291.54,5
2653,09:30:02,$ 3291.54,5
2654,09:30:02,$ 3291.54,1
2655,09:30:02,$ 3291.54,3
2656,09:30:02,$ 3291.54,1
2657,09:30:02,$ 3291.54,1
2658,09:30:02,$ 3291.54,1
2659,09:30:02,$ 3291.54,1
2660,09:30:02,$ 3291.54,1
2661,09:30:02,$ 3291.54,1
2662,09:30:02,$ 3291.54,1
2663,09:30:02,$ 3291.54,1
2664,09:30:02,$ 3291.54,25
2665,09:30:02,$ 3291.54,1
2666,09:30:02,$ 3291.54,200
2668,09:30:02,$ 3291.54,4
2669,09:30:02,$ 3291.54,1
2670,09:30:02,$ 3291.54,25
2671,09:30:02,$ 3291.54,13
2672,09:30:02,$ 3291.54,2
2673,09:30:02,$ 3291.54,1
2674,09:30:02,$ 3291.54,11
2675,09:30:02,$ 3291.54,1
2676,09:30:02,$ 3291.54,6
2677,09:30:02,$ 3291.54,8
2678,09:30:02,$ 3291.54,3
2679,09:30:02,$ 3291.54,3
2680,09:30:02,$ 3291.54,4
2681,09:30:02,$ 3291.54,8
2682,09:30:02,$ 3291.54,5
2683,09:30:02,$ 3291.54,2
2684,09:30:02,$ 3291.54,2
2685,09:30:02,$ 3291.54,46
2686,09:30:02,$ 3291.54,10
2687,09:30:02,$ 3291.54,1
2689,09:30:02,$ 3291.54,50
2690,09:30:02,$ 3291.54,3
2691,09:30:02,$ 3291.54,3
2692,09:30:02,$ 3291.54,2
2693,09:30:02,$ 3291.54,11
2694,09:30:02,$ 3291.54,5
2695,09:30:02,$ 3291.54,7
2696,09:30:02,$ 3291.54,20
2697,09:30:02,$ 3291.54,5
2698,09:30:02,$ 3291.54,5
2699,09:30:02,$ 3291.54,7
2700,09:30:02,$ 3291.54,4
2701,09:30:02,$ 3291.54,5
2702,09:30:02,$ 3291.54,1
2703,09:30:02,$ 3291.54,2
2704,09:30:02,$ 3291.54,1
2705,09:30:02,$ 3291.54,25
2706,09:30:02,$ 3291.54,2
2707,09:30:02,$ 3291.54,15
2708,09:30:02,$ 3291.54,1
2710,09:30:02,$ 3291.54,10
2711,09:30:02,$ 3291.54,1
2712,09:30:02,$ 3291.54,2
2713,09:30:02,$ 3291.54,2
2714,09:30:02,$ 3291.54,3
2715,09:30:02,$ 3291.54,2
2716,09:30:02,$ 3291.54,1
2717,09:30:02,$ 3291.54,3
2718,09:30:02,$ 3291.54,15
2719,09:30:02,$ 3291.54,1
2720,09:30:02,$ 3291.54,3
2721,09:30:02,$ 3291.54,2
2722,09:30:02,$ 3291.54,10
2723,09:30:02,$ 3291.54,1
2724,09:30:02,$ 3291.54,2
2725,09:30:02,$ 3291.54,8
2726,09:30:02,$ 3291.54,2
2727,09:30:02,$ 3291.54,13
2728,09:30:02,$ 3291.54,5
2729,09:30:02,$ 3291.54,2
2731,09:30:02,$ 3291.54,1
2732,09:30:02,$ 3291.54,1
2733,09:30:02,$ 3291.54,2
2734,09:30:02,$ 3291.54,1
2735,09:30:02,$ 3291.54,2
2736,09:30:02,$ 3291.54,2
2737,09:30:02,$ 3291.54,1
2738,09:30:02,$ 3291.54,1
2739,09:30:02,$ 3291.54,10
2740,09:30:02,$ 3291.54,7
2741,09:30:02,$ 3291.54,7
2742,09:30:02,$ 3291.54,1
2743,09:30:02,$ 3291.54,1
2744,09:30:02,$ 3291.54,2
2745,09:30:02,$ 3291.54,1
2746,09:30:02,$ 3291.54,7
2747,09:30:02,$ 3291.54,1
2748,09:30:02,$ 3291.54,2
2749,09:30:02,$ 3291.54,11
2750,09:30:02,$ 3291.54,5
2752,09:30:02,$ 3291.54,1
2753,09:30:02,$ 3291.54,3
2754,09:30:02,$ 3291.54,5
2755,09:30:02,$ 3291.54,1
2756,09:30:02,$ 3291.54,1
2757,09:30:02,$ 3291.54,3
2758,09:30:02,$ 3291.54,5
2759,09:30:02,$ 3291.54,100
2760,09:30:02,$ 3291.54,9
2761,09:30:02,$ 3291.54,1
2762,09:30:02,$ 3291.54,1
2763,09:30:02,$ 3291.54,3
2764,09:30:02,$ 3291.54,107
2765,09:30:02,$ 3291.54,6
2766,09:30:02,$ 3291.54,57
2767,09:30:02,$ 3291.54,2
2768,09:30:02,$ 3291.54,1
2769,09:30:02,$ 3291.54,10
2770,09:30:02,$ 3291.54,30
2771,09:30:02,$ 3291.54,1
2773,09:30:02,$ 3291.54,20
2774,09:30:02,$ 3291.54,24
2775,09:30:02,$ 3291.54,7
2776,09:30:02,$ 3291.54,1
2777,09:30:02,$ 3291.54,2
2778,09:30:02,$ 3291.54,4
2779,09:30:02,$ 3291.54,2
2780,09:30:02,$ 3291.54,3
2781,09:30:02,$ 3291.54,5
2782,09:30:02,$ 3291.54,2
2783,09:30:02,$ 3291.54,3
2784,09:30:02,$ 3291.54,4
2785,09:30:02,$ 3291.54,31
2786,09:30:02,$ 3291.54,2
2787,09:30:02,$ 3291.54,3
2788,09:30:02,$ 3291.54,1
2789,09:30:02,$ 3291.54,7
2790,09:30:02,$ 3292.4647,290
2791,09:30:02,$ 3292.4546,100
2792,09:30:01,$ 3291.54,100
2794,10:29:56,$ 3318.495,500
2795,10:29:54,$ 3318.615,100
2796,10:29:42,$ 3319.28,100
2797,10:29:29,$ 3319.43,100
2798,10:29:16,$ 3320.0227,300
2799,10:28:42,$ 3319.47,138
2800,10:28:32,$ 3320.48,100
2801,10:28:30,$ 3320.36,100
2802,10:28:22,$ 3319.4701,100
2803,10:28:13,$ 3319.17,100
2804,10:28:10,$ 3318.965,100
2805,10:27:56,$ 3318.615,100
2806,10:27:56,$ 3318.875,100
2807,10:27:55,$ 3319.43,370
2808,10:27:39,$ 3319.69,100
2809,10:27:26,$ 3320.22,100
2810,10:27:18,$ 3320.185,136
2811,10:27:11,$ 3319.075,100
2812,10:26:57,$ 3319.79,100
2813,10:26:44,$ 3319.40,100
2815,10:26:44,$ 3319.40,100
2816,10:26:26,$ 3318.39,130
2817,10:26:19,$ 3318.44,100
2818,10:26:03,$ 3318.49,200
2819,10:26:02,$ 3318.25,100
2820,10:25:45,$ 3318.4565,152
2821,10:25:41,$ 3318.375,134
2822,10:25:40,$ 3318.45,100
2823,10:25:40,$ 3318.28,100
2824,10:25:05,$ 3319.32,100
2825,10:24:59,$ 3318.5001,100
2826,10:24:57,$ 3318.585,100
2827,10:24:34,$ 3319.7784,100
2828,10:24:33,$ 3319.57,100
2829,10:24:32,$ 3319.2492,120
2830,10:24:27,$ 3319.8856,100
2831,10:24:21,$ 3319.845,135
2832,10:24:00,$ 3319.7882,100
2833,10:23:57,$ 3320.27,100
2834,10:23:57,$ 3320.05,100
2836,10:23:48,$ 3318.805,200
2837,10:23:46,$ 3319.135,200
2838,10:23:19,$ 3319.28,100
2839,10:23:09,$ 3319.00,100
2840,10:22:51,$ 3318.1016,100
2841,10:22:46,$ 3318.92,100
2842,10:22:42,$ 3318.99,100
2843,10:22:41,$ 3319.34,100
2844,10:22:39,$ 3319.87,100
2845,10:22:36,$ 3319.00,292
2846,10:22:08,$ 3319.3123,150
2847,10:21:58,$ 3319.205,100
2848,10:21:58,$ 3319.5796,100
2849,10:21:58,$ 3319.41,100
2850,10:21:57,$ 3318.83,100
2851,10:21:57,$ 3318.99,100
2852,10:21:32,$ 3320.4462,100
2853,10:21:22,$ 3319.91,100
2854,10:21:20,$ 3320.00,100
2855,10:21:20,$ 3320.00,100
2857,10:21:20,$ 3320.00,100
2858,10:21:19,$ 3319.91,109
2859,10:21:16,$ 3319.66,100
2860,10:21:16,$ 3319.89,100
2861,10:21:11,$ 3319.68,100
2862,10:21:10,$ 3319.54,100
2863,10:21:05,$ 3318.51,100
2864,10:20:58,$ 3317.99,100
2865,10:20:58,$ 3317.99,100
2866,10:20:48,$ 3318.2027,100
2867,10:20:46,$ 3317.86,106
2868,10:20:37,$ 3317.73,100
2869,10:20:18,$ 3317.72,100
2870,10:20:12,$ 3317.33,100
2871,10:20:11,$ 3317.18,150
2872,10:19:42,$ 3316.90,182
2873,10:19:21,$ 3317.7381,109
2874,10:19:21,$ 3317.53,100
2875,10:18:59,$ 3316.515,"1,000"
2876,10:18:49,$ 3315.30,100
2878,10:18:49,$ 3315.30,100
2879,10:18:35,$ 3316.535,100
2880,10:18:32,$ 3317.1199,100
2881,10:18:19,$ 3317.77,100
2882,10:18:13,$ 3316.84,100
2883,10:18:07,$ 3318.224,100
2884,10:18:01,$ 3319.56,100
2885,10:18:01,$ 3319.36,100
2886,10:18:01,$ 3319.35,100
2887,10:17:55,$ 3319.59,100
2888,10:17:53,$ 3319.3188,300
2889,10:17:52,$ 3319.00,182
2890,10:17:52,$ 3318.87,100
2891,10:17:52,$ 3318.80,100
2892,10:17:52,$ 3318.80,246
2893,10:17:51,$ 3318.32,100
2894,10:17:51,$ 3318.32,100
2895,10:17:50,$ 3318.33,100
2896,10:17:49,$ 3318.33,100
2897,10:17:49,$ 3318.32,100
2899,10:17:48,$ 3318.00,482
2900,10:17:48,$ 3318.00,100
2901,10:17:48,$ 3318.00,100
2902,10:17:48,$ 3318.00,150
2903,10:17:48,$ 3317.60,100
2904,10:17:43,$ 3317.28,100
2905,10:17:35,$ 3317.085,100
2906,10:17:31,$ 3317.05,100
2907,10:17:21,$ 3315.81,100
2908,10:16:58,$ 3315.96,100
2909,10:16:40,$ 3315.40,100
2910,10:16:30,$ 3314.89,100
2911,10:16:16,$ 3314.5906,120
2912,10:16:15,$ 3315.01,100
2913,10:16:06,$ 3315.4111,200
2914,10:15:55,$ 3313.80,100
2915,10:15:44,$ 3314.57,100
2916,10:15:22,$ 3314.81,100
2917,10:15:19,$ 3315.65,100
2918,10:15:07,$ 3315.845,100
2920,10:15:00,$ 3316.16,100
2921,10:14:24,$ 3315.21,100
2922,10:14:22,$ 3316.18,287
2923,10:14:20,$ 3315.80,100
2924,10:14:09,$ 3315.8743,141
2925,10:14:09,$ 3315.45,125
2926,10:14:02,$ 3314.965,100
2927,10:14:02,$ 3314.965,100
2928,10:13:55,$ 3315.90,100
2929,10:13:55,$ 3315.89,100
2930,10:13:46,$ 3316.13,100
2931,10:13:42,$ 3316.7577,100
2932,10:13:34,$ 3316.8263,100
2933,10:13:28,$ 3316.83,100
2934,10:13:18,$ 3316.2289,100
2935,10:13:15,$ 3316.135,100
2936,10:13:00,$ 3316.5501,300
2937,10:12:43,$ 3315.4634,100
2938,10:12:39,$ 3315.115,100
2939,10:12:27,$ 3316.24,100
2941,10:12:27,$ 3316.27,100
2942,10:12:27,$ 3316.04,100
2943,10:12:27,$ 3316.23,100
2944,10:12:27,$ 3316.23,100
2945,10:12:27,$ 3316.23,100
2946,10:12:27,$ 3316.01,300
2947,10:12:27,$ 3316.23,100
2948,10:12:27,$ 3316.23,100
2949,10:12:27,$ 3316.25,100
2950,10:12:27,$ 3315.9425,100
2951,10:12:13,$ 3317.50,300
2952,10:11:16,$ 3315.99,100
2953,10:11:13,$ 3315.32,100
2954,10:11:13,$ 3315.26,100
2955,10:11:13,$ 3315.24,100
2956,10:11:07,$ 3316.015,100
2957,10:11:07,$ 3316.02,100
2958,10:10:56,$ 3316.01,100
2959,10:10:28,$ 3316.175,100
2960,10:10:27,$ 3315.1101,100
2962,10:10:26,$ 3315.49,100
2963,10:10:26,$ 3316.26,100
2964,10:10:20,$ 3316.34,100
2965,10:10:20,$ 3316.34,100
2966,10:10:20,$ 3316.88,"1,000"
2967,10:10:14,$ 3316.095,100
2968,10:10:14,$ 3316.72,100
2969,10:10:13,$ 3316.60,200
2970,10:10:13,$ 3317.00,217
2971,10:10:08,$ 3316.39,100
2972,10:10:07,$ 3316.065,100
2973,10:10:00,$ 3315.08,100
2974,10:10:00,$ 3314.39,100
2975,10:10:00,$ 3315.655,100
2976,10:09:51,$ 3314.855,100
2977,10:09:38,$ 3313.95,100
2978,10:09:38,$ 3314.36,100
2979,10:09:32,$ 3315.25,100
2980,10:09:28,$ 3315.17,100
2981,10:09:27,$ 3315.145,100
2983,10:09:26,$ 3314.63,100
2984,10:09:26,$ 3314.62,100
2985,10:09:19,$ 3315.50,113
2986,10:09:14,$ 3315.00,100
2987,10:09:14,$ 3315.00,166
2988,10:09:08,$ 3314.70,100
2989,10:09:05,$ 3314.1468,115
2990,10:09:02,$ 3314.085,100
2991,10:09:01,$ 3314.085,100
2992,10:08:57,$ 3314.35,100
2993,10:08:57,$ 3314.35,100
2994,10:08:57,$ 3314.35,100
2995,10:08:52,$ 3314.071,100
2996,10:08:50,$ 3313.885,100
2997,10:08:50,$ 3313.885,100
2998,10:08:50,$ 3313.885,100
2999,10:08:41,$ 3313.245,100
3000,10:08:36,$ 3314.22,100
3001,10:08:29,$ 3313.075,130
3002,10:08:21,$ 3313.1825,100
3004,10:08:20,$ 3312.6617,110
3005,10:08:15,$ 3313.35,310
3006,10:08:13,$ 3312.775,100
3007,10:08:12,$ 3313.30,100
3008,10:08:11,$ 3313.56,100
3009,10:08:01,$ 3313.585,100
3010,10:07:58,$ 3314.00,100
3011,10:07:50,$ 3313.06,100
3012,10:07:35,$ 3313.88,100
3013,10:07:24,$ 3314.105,100
3014,10:07:21,$ 3314.09,100
3015,10:07:09,$ 3314.01,100
3016,10:07:08,$ 3313.81,100
3017,10:07:01,$ 3315.00,100
3018,10:07:01,$ 3315.00,167
3019,10:07:01,$ 3314.95,100
3020,10:07:00,$ 3314.95,100
3021,10:06:59,$ 3313.1701,100
3022,10:06:55,$ 3314.38,100
3023,10:06:07,$ 3315.315,100
3025,10:06:05,$ 3315.16,100
3026,10:05:59,$ 3314.08,100
3027,10:05:59,$ 3314.08,100
3028,10:05:56,$ 3314.14,100
3029,10:05:45,$ 3314.89,100
3030,10:05:42,$ 3314.64,100
3031,10:05:42,$ 3314.51,100
3032,10:05:40,$ 3315.19,100
3033,10:05:40,$ 3315.19,100
3034,10:05:40,$ 3315.12,100
3035,10:05:36,$ 3315.99,100
3036,10:05:24,$ 3315.01,100
3037,10:05:21,$ 3316.2799,100
3038,10:05:17,$ 3315.635,100
3039,10:05:11,$ 3316.85,100
3040,10:05:11,$ 3316.85,100
3041,10:05:11,$ 3316.48,100
3042,10:05:11,$ 3316.48,100
3043,10:05:11,$ 3316.44,100
3044,10:05:10,$ 3316.77,100
3046,10:05:10,$ 3316.77,100
3047,10:04:44,$ 3317.06,100
3048,10:04:34,$ 3316.61,100
3049,10:04:06,$ 3314.94,100
3050,10:03:44,$ 3315.73,100
3051,10:03:32,$ 3314.99,100
3052,10:03:08,$ 3316.02,101
3053,10:03:07,$ 3316.06,198
3054,10:03:03,$ 3316.00,482
3055,10:03:03,$ 3316.01,100
3056,10:03:03,$ 3316.00,100
3057,10:02:55,$ 3316.89,100
3058,10:02:49,$ 3318.21,100
3059,10:02:41,$ 3317.54,100
3060,10:02:31,$ 3316.365,150
3061,10:02:24,$ 3316.27,100
3062,10:02:24,$ 3316.27,100
3063,10:02:24,$ 3316.27,100
3064,10:02:22,$ 3316.78,100
3065,10:02:18,$ 3316.5146,150
3067,10:02:17,$ 3317.00,100
3068,10:02:17,$ 3317.00,100
3069,10:02:13,$ 3317.27,100
3070,10:02:11,$ 3317.51,100
3071,10:02:11,$ 3317.47,100
3072,10:02:11,$ 3317.49,100
3073,10:02:10,$ 3316.87,200
3074,10:01:57,$ 3317.235,100
3075,10:01:50,$ 3316.40,100
3076,10:01:43,$ 3316.785,100
3077,10:01:43,$ 3316.7128,100
3078,10:01:41,$ 3316.69,100
3079,10:01:40,$ 3317.29,100
3080,10:01:31,$ 3317.755,200
3081,10:01:25,$ 3317.66,100
3082,10:01:06,$ 3317.35,100
3083,10:01:06,$ 3316.70,100
3084,10:01:06,$ 3316.70,100
3085,10:00:59,$ 3315.35,100
3086,10:00:51,$ 3314.99,200
3088,10:00:37,$ 3314.69,100
3089,10:00:37,$ 3314.69,100
3090,10:00:33,$ 3314.55,315
3091,10:00:32,$ 3314.55,100
3092,10:00:31,$ 3314.08,100
3093,10:00:28,$ 3313.906,150
3094,10:00:22,$ 3313.55,300
3095,10:00:13,$ 3314.36,300
3096,10:00:12,$ 3313.71,100
3097,10:00:12,$ 3313.82,100
3098,10:00:12,$ 3314.805,100
3099,10:00:09,$ 3315.78,100
3100,10:00:09,$ 3315.795,100
3101,10:00:09,$ 3315.44,100
3102,10:00:09,$ 3315.19,100
3103,10:00:03,$ 3315.86,100
3105,10:59:56,$ 3319.11,100
3106,10:59:44,$ 3319.47,100
3107,10:59:35,$ 3319.00,100
3108,10:59:29,$ 3318.90,100
3109,10:59:28,$ 3319.00,100
3110,10:59:28,$ 3318.32,100
3111,10:59:28,$ 3318.32,100
3112,10:59:28,$ 3318.32,100
3113,10:59:17,$ 3319.615,121
3114,10:59:14,$ 3319.74,100
3115,10:59:00,$ 3320.20,100
3116,10:59:00,$ 3320.27,100
3117,10:58:27,$ 3320.1801,180
3118,10:58:22,$ 3320.58,100
3119,10:58:09,$ 3320.57,100
3120,10:58:02,$ 3320.625,100
3121,10:57:55,$ 3320.565,200
3122,10:57:41,$ 3321.175,100
3123,10:57:39,$ 3321.12,100
3124,10:57:39,$ 3321.12,149
3126,10:57:33,$ 3321.72,100
3127,10:57:08,$ 3322.02,100
3128,10:57:05,$ 3321.99,100
3129,10:56:49,$ 3321.58,100
3130,10:56:46,$ 3321.835,100
3131,10:56:43,$ 3322.48,100
3132,10:56:43,$ 3322.57,100
3133,10:56:43,$ 3321.98,141
3134,10:56:43,$ 3322.44,105
3135,10:56:43,$ 3321.99,100
3136,10:56:43,$ 3322.03,100
3137,10:56:34,$ 3321.53,100
3138,10:56:17,$ 3322.25,100
3139,10:56:10,$ 3321.71,100
3140,10:56:10,$ 3321.50,100
3141,10:56:10,$ 3321.50,100
3142,10:55:58,$ 3319.92,302
3143,10:55:58,$ 3320.00,163
3144,10:55:37,$ 3320.555,500
3145,10:55:18,$ 3321.255,100
3147,10:55:08,$ 3319.7901,100
3148,10:54:59,$ 3319.605,100
3149,10:54:56,$ 3319.42,626
3150,10:54:44,$ 3320.729,200
3151,10:54:40,$ 3320.8706,100
3152,10:54:37,$ 3320.5079,301
3153,10:54:37,$ 3320.4771,271
3154,10:54:20,$ 3321.12,100
3155,10:54:05,$ 3320.3274,200
3156,10:54:05,$ 3320.542,100
3157,10:53:49,$ 3321.01,100
3158,10:53:41,$ 3320.38,100
3159,10:52:48,$ 3321.24,100
3160,10:52:33,$ 3321.868,"1,633"
3161,10:52:33,$ 3321.97,100
3162,10:52:33,$ 3322.23,100
3163,10:52:33,$ 3322.2676,100
3164,10:52:24,$ 3321.87,122
3165,10:52:04,$ 3321.16,100
3166,10:52:04,$ 3320.77,100
3168,10:52:04,$ 3320.82,100
3169,10:51:58,$ 3320.4441,171
3170,10:51:49,$ 3320.5059,100
3171,10:51:47,$ 3320.39,100
3172,10:51:20,$ 3320.265,100
3173,10:51:16,$ 3320.84,100
3174,10:50:56,$ 3321.42,100
3175,10:50:30,$ 3320.34,100
3176,10:49:21,$ 3318.03,100
3177,10:49:17,$ 3318.365,150
3178,10:49:15,$ 3318.21,100
3179,10:49:15,$ 3318.68,"2,200"
3180,10:49:13,$ 3318.5326,150
3181,10:49:11,$ 3318.54,100
3182,10:48:59,$ 3318.59,300
3183,10:48:59,$ 3318.57,100
3184,10:48:58,$ 3318.915,100
3185,10:48:58,$ 3318.96,100
3186,10:48:58,$ 3319.00,900
3187,10:48:58,$ 3319.00,100
3189,10:48:57,$ 3319.195,100
3190,10:48:53,$ 3319.43,100
3191,10:48:51,$ 3319.83,100
3192,10:48:51,$ 3319.81,100
3193,10:48:50,$ 3320.40,100
3194,10:48:50,$ 3320.39,100
3195,10:48:47,$ 3320.135,309
3196,10:48:46,$ 3320.135,155
3197,10:48:45,$ 3319.455,100
3198,10:48:45,$ 3319.375,100
3199,10:48:45,$ 3319.8375,100
3200,10:48:45,$ 3319.81,100
3201,10:48:43,$ 3320.30,100
3202,10:48:30,$ 3320.8025,100
3203,10:48:30,$ 3321.16,100
3204,10:48:30,$ 3321.53,100
3205,10:48:13,$ 3320.26,100
3206,10:48:09,$ 3320.24,100
3207,10:47:59,$ 3321.35,100
3208,10:47:59,$ 3320.92,100
3210,10:47:58,$ 3321.41,100
3211,10:47:41,$ 3321.97,188
3212,10:47:37,$ 3322.2238,113
3213,10:47:35,$ 3322.48,100
3214,10:47:35,$ 3322.48,109
3215,10:47:18,$ 3321.98,100
3216,10:46:53,$ 3320.945,100
3217,10:46:46,$ 3321.12,100
3218,10:46:35,$ 3321.02,100
3219,10:46:34,$ 3321.66,100
3220,10:46:34,$ 3321.66,200
3221,10:46:34,$ 3321.38,103
3222,10:46:31,$ 3321.67,100
3223,10:46:31,$ 3321.86,100
3224,10:46:20,$ 3320.93,196
3225,10:46:00,$ 3321.80,100
3226,10:45:57,$ 3321.52,100
3227,10:45:52,$ 3321.15,100
3228,10:45:52,$ 3321.15,100
3229,10:45:40,$ 3322.125,100
3231,10:45:37,$ 3321.89,100
3232,10:45:08,$ 3320.26,100
3233,10:44:41,$ 3321.16,103
3234,10:44:41,$ 3321.97,100
3235,10:44:26,$ 3321.14,100
3236,10:44:26,$ 3320.2201,150
3237,10:44:25,$ 3321.23,100
3238,10:44:25,$ 3320.99,100
3239,10:44:24,$ 3321.00,100
3240,10:44:24,$ 3321.00,153
3241,10:44:24,$ 3320.99,100
3242,10:44:24,$ 3321.07,100
3243,10:44:24,$ 3320.75,100
3244,10:44:12,$ 3320.00,100
3245,10:44:11,$ 3320.00,100
3246,10:44:11,$ 3320.00,100
3247,10:44:11,$ 3320.00,100
3248,10:44:01,$ 3319.54,100
3249,10:44:01,$ 3319.59,100
3250,10:43:56,$ 3318.88,100
3252,10:43:55,$ 3319.22,100
3253,10:43:52,$ 3318.81,110
3254,10:43:52,$ 3319.18,103
3255,10:43:52,$ 3319.18,100
3256,10:43:52,$ 3319.12,100
3257,10:43:50,$ 3320.00,100
3258,10:43:50,$ 3320.00,100
3259,10:43:45,$ 3319.19,100
3260,10:43:34,$ 3318.525,100
3261,10:43:33,$ 3318.905,100
3262,10:43:33,$ 3318.68,100
3263,10:43:21,$ 3318.17,100
3264,10:43:09,$ 3318.215,100
3265,10:43:02,$ 3319.10,100
3266,10:42:52,$ 3318.248,100
3267,10:42:47,$ 3319.13,113
3268,10:42:43,$ 3319.43,200
3269,10:42:40,$ 3319.44,100
3270,10:42:32,$ 3320.052,176
3271,10:42:27,$ 3319.43,100
3273,10:42:08,$ 3318.95,100
3274,10:42:04,$ 3318.705,200
3275,10:41:49,$ 3319.32,141
3276,10:41:35,$ 3319.16,101
3277,10:41:29,$ 3319.81,100
3278,10:41:29,$ 3319.80,100
3279,10:41:29,$ 3319.79,175
3280,10:41:24,$ 3320.00,100
3281,10:41:23,$ 3320.16,100
3282,10:41:23,$ 3320.16,100
3283,10:41:10,$ 3320.16,100
3284,10:40:58,$ 3320.01,120
3285,10:40:54,$ 3320.14,477
3286,10:40:52,$ 3319.69,100
3287,10:40:45,$ 3320.37,100
3288,10:40:41,$ 3320.745,100
3289,10:40:28,$ 3320.89,100
3290,10:40:12,$ 3320.93,100
3291,10:40:06,$ 3320.04,100
3292,10:39:56,$ 3318.99,100
3294,10:39:56,$ 3319.04,100
3295,10:39:49,$ 3318.8957,100
3296,10:39:34,$ 3319.85,100
3297,10:39:30,$ 3320.535,100
3298,10:39:26,$ 3320.49,100
3299,10:39:24,$ 3319.725,100
3300,10:39:22,$ 3319.0401,396
3301,10:39:22,$ 3319.0401,130
3302,10:39:22,$ 3319.61,100
3303,10:39:21,$ 3319.32,100
3304,10:39:18,$ 3318.39,100
3305,10:39:06,$ 3320.0117,103
3306,10:39:05,$ 3320.00,400
3307,10:39:05,$ 3320.00,100
3308,10:39:04,$ 3320.13,100
3309,10:38:57,$ 3320.40,100
3310,10:38:49,$ 3321.15,100
3311,10:38:40,$ 3321.95,100
3312,10:38:33,$ 3321.31,100
3313,10:38:32,$ 3320.96,100
3315,10:38:30,$ 3321.925,100
3316,10:38:27,$ 3321.715,100
3317,10:38:15,$ 3321.05,100
3318,10:38:15,$ 3321.06,100
3319,10:38:15,$ 3321.07,100
3320,10:38:15,$ 3320.60,100
3321,10:38:14,$ 3320.46,100
3322,10:38:08,$ 3321.495,100
3323,10:38:02,$ 3321.05,285
3324,10:38:02,$ 3321.94,392
3325,10:38:01,$ 3321.66,100
3326,10:38:01,$ 3321.66,100
3327,10:37:55,$ 3321.96,100
3328,10:37:44,$ 3321.82,196
3329,10:37:43,$ 3322.27,100
3330,10:37:43,$ 3322.09,100
3331,10:37:43,$ 3322.09,100
3332,10:37:43,$ 3322.08,100
3333,10:37:37,$ 3320.8316,100
3334,10:37:35,$ 3321.38,100
3336,10:37:27,$ 3320.83,100
3337,10:37:24,$ 3319.75,100
3338,10:37:24,$ 3319.735,100
3339,10:37:24,$ 3319.75,100
3340,10:37:21,$ 3319.14,100
3341,10:37:11,$ 3319.905,100
3342,10:37:09,$ 3319.55,100
3343,10:37:09,$ 3319.80,100
3344,10:37:08,$ 3320.00,148
3345,10:36:39,$ 3321.00,100
3346,10:36:34,$ 3320.00,188
3347,10:36:34,$ 3320.00,188
3348,10:36:34,$ 3319.98,100
3349,10:36:34,$ 3319.98,100
3350,10:36:34,$ 3320.00,155
3351,10:36:34,$ 3320.00,100
3352,10:36:34,$ 3320.00,129
3353,10:36:34,$ 3320.00,772
3354,10:36:24,$ 3319.615,100
3355,10:36:10,$ 3319.24,100
3357,10:36:05,$ 3319.20,100
3358,10:36:00,$ 3319.42,100
3359,10:35:56,$ 3319.19,100
3360,10:35:53,$ 3318.45,100
3361,10:35:49,$ 3319.00,151
3362,10:35:49,$ 3319.00,380
3363,10:35:41,$ 3318.44,100
3364,10:35:37,$ 3319.0994,100
3365,10:35:25,$ 3319.04,100
3366,10:35:18,$ 3319.66,100
3367,10:35:18,$ 3319.66,100
3368,10:35:16,$ 3319.6258,122
3369,10:35:08,$ 3319.71,100
3370,10:34:59,$ 3319.71,100
3371,10:34:44,$ 3317.85,100
3372,10:34:42,$ 3317.46,100
3373,10:34:36,$ 3317.59,100
3374,10:34:36,$ 3316.9306,300
3375,10:34:35,$ 3317.32,100
3376,10:34:35,$ 3317.25,100
3378,10:34:34,$ 3317.03,100
3379,10:34:34,$ 3317.02,100
3380,10:34:15,$ 3315.89,100
3381,10:34:15,$ 3316.02,100
3382,10:34:15,$ 3316.01,100
3383,10:34:15,$ 3316.19,100
3384,10:34:05,$ 3315.21,100
3385,10:34:05,$ 3315.22,100
3386,10:34:05,$ 3315.22,100
3387,10:34:05,$ 3315.22,100
3388,10:34:00,$ 3315.36,100
3389,10:33:52,$ 3315.76,100
3390,10:33:52,$ 3315.75,100
3391,10:33:35,$ 3317.605,100
3392,10:33:31,$ 3317.30,100
3393,10:33:31,$ 3317.27,100
3394,10:33:31,$ 3317.27,100
3395,10:33:31,$ 3317.28,100
3396,10:33:31,$ 3317.30,100
3397,10:33:22,$ 3317.27,150
3399,10:33:18,$ 3317.00,101
3400,10:33:18,$ 3317.84,100
3401,10:33:00,$ 3318.838,100
3402,10:33:00,$ 3318.384,100
3403,10:33:00,$ 3318.43,100
3404,10:32:59,$ 3317.5001,100
3405,10:32:38,$ 3317.94,100
3406,10:32:36,$ 3317.105,100
3407,10:32:25,$ 3318.0807,100
3408,10:32:11,$ 3316.95,100
3409,10:32:04,$ 3317.60,100
3410,10:32:00,$ 3317.20,100
3411,10:31:51,$ 3316.9108,117
3412,10:31:42,$ 3316.11,127
3413,10:31:42,$ 3316.50,197
3414,10:31:33,$ 3317.00,100
3415,10:31:29,$ 3315.83,100
3416,10:31:29,$ 3315.83,100
3417,10:31:29,$ 3315.81,100
3418,10:31:29,$ 3315.83,100
3420,10:31:29,$ 3315.83,100
3421,10:31:11,$ 3317.09,100
3422,10:31:10,$ 3317.195,100
3423,10:30:55,$ 3317.53,100
3424,10:30:48,$ 3318.38,100
3425,10:30:45,$ 3317.59,100
3426,10:30:43,$ 3318.00,900
3427,10:30:26,$ 3318.00,100
3428,10:30:14,$ 3319.73,100
3429,10:30:10,$ 3319.545,100
3430,10:30:07,$ 3319.18,100
3432,11:29:26,$ 3314.445,100
3433,11:28:56,$ 3314.57,100
3434,11:28:55,$ 3314.62,100
3435,11:28:53,$ 3315.345,100
3436,11:28:53,$ 3315.345,100
3437,11:28:50,$ 3315.365,100
3438,11:28:50,$ 3315.365,100
3439,11:28:05,$ 3315.67,100
3440,11:28:05,$ 3315.57,100
3441,11:27:58,$ 3315.75,100
3442,11:27:53,$ 3315.60,100
3443,11:27:36,$ 3316.00,100
3444,11:27:34,$ 3315.58,100
3445,11:27:34,$ 3315.61,301
3446,11:27:21,$ 3314.98,100
3447,11:25:59,$ 3313.6256,657
3448,11:25:59,$ 3313.5936,323
3449,11:25:57,$ 3313.64,100
3450,11:25:44,$ 3313.3359,100
3451,11:25:40,$ 3313.00,100
3453,11:25:33,$ 3313.16,300
3454,11:25:29,$ 3313.44,100
3455,11:25:11,$ 3313.04,100
3456,11:25:11,$ 3313.03,100
3457,11:25:05,$ 3313.43,100
3458,11:24:50,$ 3313.66,100
3459,11:24:37,$ 3314.00,100
3460,11:24:14,$ 3315.28,100
3461,11:23:57,$ 3315.15,103
3462,11:23:32,$ 3315.58,100
3463,11:23:28,$ 3314.57,100
3464,11:22:56,$ 3313.7217,100
3465,11:22:19,$ 3313.60,100
3466,11:22:19,$ 3313.53,100
3467,11:22:15,$ 3313.97,100
3468,11:21:41,$ 3314.41,200
3469,11:21:40,$ 3315.0999,100
3470,11:21:19,$ 3315.00,100
3471,11:21:15,$ 3314.53,100
3472,11:21:12,$ 3315.22,100
3474,11:20:51,$ 3314.50,100
3475,11:20:51,$ 3314.50,329
3476,11:20:49,$ 3314.385,333
3477,11:20:14,$ 3313.49,100
3478,11:20:14,$ 3313.52,100
3479,11:20:13,$ 3313.16,100
3480,11:20:10,$ 3313.15,100
3481,11:20:05,$ 3313.35,100
3482,11:20:05,$ 3313.52,100
3483,11:19:16,$ 3312.0242,150
3484,11:19:11,$ 3313.14,100
3485,11:19:06,$ 3313.52,100
3486,11:19:04,$ 3313.52,100
3487,11:18:47,$ 3314.01,100
3488,11:18:47,$ 3314.01,100
3489,11:18:47,$ 3314.01,100
3490,11:18:47,$ 3314.01,100
3491,11:18:47,$ 3314.17,100
3492,11:18:31,$ 3314.44,100
3493,11:18:31,$ 3314.455,100
3495,11:18:31,$ 3314.44,300
3496,11:18:31,$ 3314.48,100
3497,11:18:31,$ 3314.415,100
3498,11:18:31,$ 3314.415,100
3499,11:18:31,$ 3314.535,100
3500,11:18:31,$ 3315.13,100
3501,11:18:24,$ 3315.05,100
3502,11:18:23,$ 3315.00,298
3503,11:18:23,$ 3315.00,374
3504,11:18:23,$ 3315.00,284
3505,11:18:23,$ 3315.00,144
3506,11:18:23,$ 3315.00,138
3507,11:18:15,$ 3314.689,100
3508,11:18:11,$ 3315.03,100
3509,11:18:11,$ 3315.07,100
3510,11:18:09,$ 3314.82,100
3511,11:18:07,$ 3314.91,100
3512,11:17:55,$ 3315.52,100
3513,11:16:36,$ 3316.77,100
3514,11:15:57,$ 3316.85,100
3516,11:15:54,$ 3316.2586,100
3517,11:15:31,$ 3316.36,100
3518,11:15:09,$ 3316.03,100
3519,11:15:09,$ 3316.50,100
3520,11:15:09,$ 3316.40,100
3521,11:14:45,$ 3315.61,100
3522,11:14:45,$ 3315.995,100
3523,11:14:36,$ 3315.95,200
3524,11:14:25,$ 3316.31,100
3525,11:14:07,$ 3315.07,100
3526,11:13:53,$ 3315.31,100
3527,11:13:47,$ 3315.45,100
3528,11:13:46,$ 3315.73,500
3529,11:13:44,$ 3316.0399,443
3530,11:12:53,$ 3315.52,100
3531,11:12:43,$ 3315.83,100
3532,11:12:06,$ 3314.26,100
3533,11:12:00,$ 3314.09,100
3534,11:12:00,$ 3314.41,100
3535,11:11:57,$ 3314.94,100
3537,11:11:22,$ 3314.48,100
3538,11:11:12,$ 3315.33,100
3539,11:10:33,$ 3316.00,100
3540,11:10:33,$ 3316.05,100
3541,11:10:32,$ 3315.80,100
3542,11:10:32,$ 3315.79,100
3543,11:10:03,$ 3316.88,100
3544,11:10:01,$ 3316.22,100
3545,11:10:01,$ 3316.045,100
3546,11:09:57,$ 3315.375,100
3547,11:09:57,$ 3315.45,100
3548,11:09:57,$ 3315.375,100
3549,11:09:41,$ 3316.97,100
3550,11:09:40,$ 3317.15,100
3551,11:09:39,$ 3317.28,100
3552,11:07:55,$ 3318.38,100
3553,11:07:45,$ 3317.89,100
3554,11:07:03,$ 3318.705,400
3555,11:06:36,$ 3317.80,200
3556,11:06:34,$ 3318.15,100
3558,11:06:21,$ 3318.545,100
3559,11:05:32,$ 3318.17,100
3560,11:05:31,$ 3318.45,100
3561,11:05:27,$ 3319.355,100
3562,11:05:19,$ 3319.01,100
3563,11:05:10,$ 3320.575,100
3564,11:04:58,$ 3319.98,100
3565,11:04:04,$ 3319.07,100
3566,11:03:11,$ 3319.825,100
3567,11:03:11,$ 3319.755,100
3568,11:03:08,$ 3319.215,100
3569,11:02:58,$ 3318.00,100
3570,11:02:57,$ 3318.84,100
3571,11:02:57,$ 3318.68,100
3572,11:02:48,$ 3318.105,100
3573,11:02:47,$ 3318.30,100
3574,11:02:46,$ 3318.00,100
3575,11:02:46,$ 3318.08,100
3576,11:02:35,$ 3318.90,100
3577,11:02:22,$ 3319.02,100
3579,11:02:22,$ 3319.00,207
3580,11:02:22,$ 3319.00,333
3581,11:02:18,$ 3319.75,100
3582,11:00:37,$ 3319.7901,100
3583,11:00:11,$ 3320.27,100
3585,11:58:45,$ 3318.3803,199
3586,11:58:37,$ 3319.10,100
3587,11:58:07,$ 3320.00,100
3588,11:57:59,$ 3319.77,100
3589,11:57:49,$ 3319.55,100
3590,11:57:49,$ 3319.55,100
3591,11:57:36,$ 3319.1613,109
3592,11:57:05,$ 3318.71,100
3593,11:57:05,$ 3318.50,100
3594,11:56:27,$ 3317.535,200
3595,11:56:04,$ 3317.73,100
3596,11:56:04,$ 3317.94,100
3597,11:55:43,$ 3318.03,100
3598,11:55:35,$ 3318.315,100
3599,11:55:29,$ 3318.11,100
3600,11:55:26,$ 3318.095,100
3601,11:55:26,$ 3318.08,100
3602,11:55:26,$ 3318.40,100
3603,11:55:22,$ 3318.125,100
3604,11:55:21,$ 3318.34,100
3606,11:54:31,$ 3315.99,100
3607,11:54:00,$ 3317.12,100
3608,11:54:00,$ 3317.40,100
3609,11:54:00,$ 3317.60,100
3610,11:54:00,$ 3317.50,100
3611,11:53:59,$ 3318.03,100
3612,11:53:59,$ 3318.00,100
3613,11:53:51,$ 3318.30,400
3614,11:52:12,$ 3317.753,100
3615,11:52:11,$ 3317.8999,600
3616,11:51:40,$ 3317.82,100
3617,11:51:12,$ 3317.46,100
3618,11:50:36,$ 3318.15,100
3619,11:50:36,$ 3318.15,100
3620,11:50:25,$ 3318.50,100
3621,11:50:15,$ 3318.48,100
3622,11:50:15,$ 3318.49,100
3623,11:50:11,$ 3318.685,100
3624,11:50:09,$ 3318.94,100
3625,11:50:02,$ 3318.38,100
3627,11:50:00,$ 3318.70,100
3628,11:50:00,$ 3318.93,100
3629,11:50:00,$ 3318.70,100
3630,11:50:00,$ 3318.58,100
3631,11:49:52,$ 3318.405,100
3632,11:49:46,$ 3318.42,100
3633,11:48:49,$ 3318.5274,200
3634,11:48:38,$ 3318.10,100
3635,11:48:38,$ 3318.10,100
3636,11:48:38,$ 3318.10,100
3637,11:48:37,$ 3317.965,100
3638,11:48:37,$ 3318.04,100
3639,11:48:37,$ 3318.22,100
3640,11:48:37,$ 3317.965,100
3641,11:48:20,$ 3317.95,100
3642,11:47:45,$ 3317.81,200
3643,11:47:45,$ 3317.82,100
3644,11:47:45,$ 3318.00,100
3645,11:47:45,$ 3318.05,100
3646,11:46:44,$ 3318.09,100
3648,11:46:39,$ 3318.08,100
3649,11:46:39,$ 3318.08,100
3650,11:46:25,$ 3318.21,100
3651,11:46:25,$ 3318.41,374
3652,11:46:21,$ 3318.705,100
3653,11:45:28,$ 3319.15,100
3654,11:45:28,$ 3319.12,100
3655,11:45:19,$ 3319.30,100
3656,11:45:00,$ 3319.00,100
3657,11:44:53,$ 3318.7941,147
3658,11:44:34,$ 3318.545,100
3659,11:44:24,$ 3318.53,100
3660,11:44:24,$ 3318.53,100
3661,11:44:10,$ 3318.90,100
3662,11:43:59,$ 3318.9999,125
3663,11:42:05,$ 3318.46,200
3664,11:41:54,$ 3319.08,200
3665,11:41:53,$ 3319.74,100
3666,11:41:14,$ 3318.41,100
3667,11:41:09,$ 3317.73,101
3669,11:41:08,$ 3318.76,100
3670,11:41:01,$ 3317.855,100
3671,11:40:51,$ 3317.24,100
3672,11:40:51,$ 3317.24,100
3673,11:40:51,$ 3317.24,100
3674,11:40:50,$ 3316.97,100
3675,11:40:50,$ 3316.99,100
3676,11:40:38,$ 3316.01,100
3677,11:40:30,$ 3316.0868,100
3678,11:40:30,$ 3316.35,100
3679,11:40:30,$ 3317.26,100
3680,11:40:30,$ 3316.77,100
3681,11:40:30,$ 3317.24,100
3682,11:40:30,$ 3317.25,100
3683,11:40:30,$ 3317.25,100
3684,11:40:14,$ 3317.26,100
3685,11:40:14,$ 3317.32,100
3686,11:40:14,$ 3317.24,100
3687,11:40:14,$ 3317.49,143
3688,11:40:10,$ 3317.25,200
3690,11:40:10,$ 3317.59,100
3691,11:39:48,$ 3317.59,100
3692,11:39:34,$ 3317.9006,100
3693,11:39:26,$ 3318.32,200
3694,11:39:26,$ 3318.01,100
3695,11:39:05,$ 3318.585,100
3696,11:39:05,$ 3318.60,100
3697,11:39:05,$ 3318.60,100
3698,11:39:04,$ 3318.63,100
3699,11:38:59,$ 3318.64,200
3700,11:38:56,$ 3318.60,100
3701,11:38:50,$ 3318.48,237
3702,11:38:50,$ 3318.48,131
3703,11:38:50,$ 3318.46,100
3704,11:38:40,$ 3318.48,100
3705,11:38:07,$ 3318.42,100
3706,11:38:03,$ 3318.525,100
3707,11:37:57,$ 3318.73,100
3708,11:37:57,$ 3318.73,100
3709,11:37:33,$ 3318.47,291
3711,11:37:33,$ 3318.23,100
3712,11:37:33,$ 3318.47,282
3713,11:37:16,$ 3318.995,100
3714,11:37:16,$ 3318.995,100
3715,11:36:43,$ 3318.79,100
3716,11:36:38,$ 3319.215,100
3717,11:36:35,$ 3319.19,100
3718,11:36:34,$ 3319.17,100
3719,11:36:34,$ 3319.18,100
3720,11:36:34,$ 3319.28,100
3721,11:36:30,$ 3319.095,100
3722,11:36:11,$ 3319.11,100
3723,11:35:40,$ 3320.085,100
3724,11:35:39,$ 3320.53,100
3725,11:35:36,$ 3319.925,100
3726,11:35:36,$ 3319.99,100
3727,11:35:34,$ 3320.51,100
3728,11:35:19,$ 3320.10,100
3729,11:35:19,$ 3320.00,100
3730,11:35:19,$ 3320.00,223
3732,11:35:19,$ 3320.00,100
3733,11:34:52,$ 3319.58,100
3734,11:34:43,$ 3318.7981,100
3735,11:34:31,$ 3317.86,100
3736,11:34:24,$ 3318.00,350
3737,11:34:24,$ 3318.00,100
3738,11:34:23,$ 3318.00,100
3739,11:34:23,$ 3317.33,100
3740,11:34:23,$ 3317.32,278
3741,11:34:23,$ 3317.32,100
3742,11:34:23,$ 3317.32,144
3743,11:34:23,$ 3317.32,100
3744,11:34:03,$ 3317.29,100
3745,11:34:01,$ 3317.61,100
3746,11:34:01,$ 3317.61,100
3747,11:33:57,$ 3317.50,100
3748,11:33:51,$ 3316.74,100
3749,11:33:40,$ 3316.685,100
3750,11:33:39,$ 3316.15,121
3751,11:32:57,$ 3315.80,100
3753,11:32:45,$ 3316.00,250
3754,11:32:18,$ 3314.44,100
3755,11:31:17,$ 3315.92,100
3756,11:31:17,$ 3315.91,170
3757,11:31:11,$ 3316.36,100
3758,11:31:11,$ 3315.85,100
3759,11:31:10,$ 3315.90,100
3761,12:28:53,$ 3318.1763,116
3762,12:27:55,$ 3317.365,100
3763,12:27:46,$ 3317.365,100
3764,12:27:08,$ 3317.2043,500
3765,12:26:49,$ 3317.49,100
3766,12:26:33,$ 3317.485,125
3767,12:26:11,$ 3317.68,100
3768,12:25:56,$ 3317.80,100
3769,12:25:50,$ 3317.85,100
3770,12:24:27,$ 3317.92,100
3771,12:24:26,$ 3318.0068,150
3772,12:23:45,$ 3318.00,565
3773,12:23:45,$ 3318.00,285
3774,12:23:45,$ 3318.00,100
3775,12:23:45,$ 3318.00,200
3776,12:23:38,$ 3317.99,100
3777,12:23:38,$ 3317.99,100
3778,12:22:21,$ 3317.83,100
3779,12:22:06,$ 3317.888,150
3780,12:21:58,$ 3318.47,100
3782,12:21:58,$ 3318.47,100
3783,12:21:46,$ 3317.53,100
3784,12:19:34,$ 3317.32,100
3785,12:19:34,$ 3317.26,100
3786,12:19:34,$ 3317.39,124
3787,12:19:21,$ 3317.90,100
3788,12:19:18,$ 3317.87,111
3789,12:18:18,$ 3316.595,100
3790,12:18:12,$ 3316.1001,100
3791,12:17:51,$ 3316.16,100
3792,12:17:49,$ 3315.9459,500
3793,12:17:42,$ 3315.70,115
3794,12:17:22,$ 3316.00,100
3795,12:16:52,$ 3316.67,100
3796,12:16:52,$ 3316.67,100
3797,12:16:51,$ 3316.225,100
3798,12:16:51,$ 3316.225,100
3799,12:16:31,$ 3316.6326,322
3800,12:15:59,$ 3315.905,100
3801,12:14:43,$ 3316.47,163
3803,12:14:41,$ 3316.3893,121
3804,12:14:35,$ 3316.13,600
3805,12:14:11,$ 3316.36,100
3806,12:13:59,$ 3315.68,100
3807,12:13:59,$ 3315.66,100
3808,12:13:49,$ 3316.21,146
3809,12:13:14,$ 3317.10,100
3810,12:11:27,$ 3317.16,100
3811,12:11:24,$ 3317.14,100
3812,12:10:53,$ 3317.36,117
3813,12:10:33,$ 3316.94,134
3814,12:10:30,$ 3317.00,100
3815,12:10:25,$ 3317.24,100
3816,12:10:25,$ 3317.27,113
3817,12:10:25,$ 3317.27,100
3818,12:09:54,$ 3317.03,100
3819,12:09:54,$ 3317.04,100
3820,12:09:34,$ 3316.76,100
3821,12:09:22,$ 3316.65,100
3822,12:08:19,$ 3317.695,100
3824,12:07:50,$ 3316.55,100
3825,12:07:47,$ 3316.32,100
3826,12:07:31,$ 3317.28,100
3827,12:07:23,$ 3317.705,100
3828,12:07:02,$ 3317.62,100
3829,12:06:15,$ 3317.14,100
3830,12:06:15,$ 3317.93,100
3831,12:06:08,$ 3318.18,"1,000"
3832,12:04:28,$ 3318.68,150
3833,12:03:46,$ 3318.69,100
3834,12:03:15,$ 3318.59,100
3835,12:03:14,$ 3318.75,100
3836,12:03:14,$ 3318.74,100
3837,12:03:10,$ 3319.135,100
3838,12:03:09,$ 3319.40,100
3839,12:02:36,$ 3319.365,100
3840,12:02:36,$ 3319.31,100
3841,12:02:36,$ 3319.40,100
3842,12:02:36,$ 3319.31,100
3843,12:02:36,$ 3319.31,100
3845,12:02:36,$ 3319.31,100
3846,12:02:33,$ 3319.355,100
3847,12:02:33,$ 3319.61,100
3848,12:02:27,$ 3319.17,100
3849,12:02:21,$ 3319.23,100
3850,12:01:59,$ 3319.11,100
3851,12:01:29,$ 3319.3407,100
3852,12:01:24,$ 3319.37,100
3853,12:01:01,$ 3319.42,100
3854,12:00:58,$ 3318.9893,118
3855,12:00:54,$ 3319.18,100
3856,12:00:45,$ 3319.08,275
3857,12:00:45,$ 3319.08,100
3858,12:00:33,$ 3318.85,100
3860,12:59:44,$ 3320.99,100
3861,12:59:26,$ 3321.00,100
3862,12:59:23,$ 3320.61,110
3863,12:59:06,$ 3320.435,100
3864,12:58:35,$ 3320.46,100
3865,12:58:27,$ 3320.13,100
3866,12:57:44,$ 3320.40,100
3867,12:57:19,$ 3320.58,100
3868,12:57:00,$ 3321.00,100
3869,12:56:54,$ 3320.705,120
3870,12:56:42,$ 3320.70,100
3871,12:56:33,$ 3320.61,100
3872,12:56:32,$ 3320.70,100
3873,12:55:29,$ 3319.54,100
3874,12:55:20,$ 3319.74,350
3875,12:54:44,$ 3319.60,100
3876,12:54:34,$ 3319.51,227
3877,12:54:28,$ 3319.64,100
3878,12:53:49,$ 3318.85,100
3879,12:52:48,$ 3318.51,100
3881,12:51:48,$ 3318.19,100
3882,12:51:44,$ 3318.00,100
3883,12:51:12,$ 3318.0077,115
3884,12:50:14,$ 3319.015,100
3885,12:50:09,$ 3318.47,100
3886,12:50:00,$ 3318.50,300
3887,12:49:13,$ 3318.50,100
3888,12:49:05,$ 3318.2518,100
3889,12:48:31,$ 3317.62,100
