,NLS Time (ET),NLS Price,NLS Share Volume
1,09:59:59,$ 3337.65,500
2,09:59:51,$ 3336.97,100
3,09:59:50,$ 3336.25,200
4,09:59:21,$ 3336.7699,100
5,09:59:12,$ 3334.69,100
6,09:59:12,$ 3334.69,100
7,09:59:12,$ 3334.98,100
8,09:59:12,$ 3334.91,100
9,09:59:12,$ 3334.83,100
10,09:59:12,$ 3334.81,100
11,09:59:11,$ 3334.95,100
12,09:59:11,$ 3334.95,100
13,09:59:11,$ 3334.95,100
14,09:59:11,$ 3334.95,100
15,09:59:10,$ 3334.99,100
16,09:59:10,$ 3335.00,195
17,09:59:10,$ 3335.0007,715
18,09:59:10,$ 3335.565,100
19,09:59:07,$ 3336.55,100
20,09:59:06,$ 3337.00,100
22,09:58:53,$ 3337.58,100
23,09:58:44,$ 3338.38,100
24,09:58:37,$ 3340.01,300
25,09:58:37,$ 3340.12,100
26,09:57:46,$ 3339.1903,100
27,09:57:40,$ 3339.09,247
28,09:57:38,$ 3339.774,200
29,09:57:22,$ 3341.0365,258
30,09:57:06,$ 3341.0177,100
31,09:57:03,$ 3341.68,100
32,09:57:01,$ 3340.38,100
33,09:57:01,$ 3340.08,100
34,09:57:01,$ 3340.365,100
35,09:57:01,$ 3340.10,100
36,09:57:01,$ 3340.10,100
37,09:56:49,$ 3339.71,427
38,09:56:48,$ 3339.71,100
39,09:56:29,$ 3340.00,100
40,09:56:25,$ 3340.7556,250
41,09:56:18,$ 3340.66,100
43,09:56:18,$ 3340.64,100
44,09:56:07,$ 3340.63,200
45,09:56:07,$ 3340.63,100
46,09:56:06,$ 3342.148,377
47,09:56:05,$ 3341.75,100
48,09:56:05,$ 3342.00,110
49,09:56:00,$ 3343.00,100
50,09:56:00,$ 3343.00,400
51,09:55:57,$ 3343.50,100
52,09:55:56,$ 3343.50,100
53,09:55:56,$ 3342.00,100
54,09:55:56,$ 3342.55,100
55,09:55:56,$ 3342.045,100
56,09:55:56,$ 3343.031,200
57,09:55:56,$ 3343.15,100
58,09:55:56,$ 3343.02,100
59,09:55:56,$ 3343.37,100
60,09:55:56,$ 3343.24,100
61,09:55:56,$ 3343.37,100
62,09:55:56,$ 3343.41,100
64,09:55:54,$ 3343.84,100
65,09:55:54,$ 3344.275,200
66,09:55:50,$ 3344.55,200
67,09:55:50,$ 3344.55,100
68,09:55:44,$ 3344.00,100
69,09:55:44,$ 3343.85,100
70,09:55:44,$ 3343.91,100
71,09:55:28,$ 3341.47,100
72,09:55:26,$ 3342.15,500
73,09:55:25,$ 3341.43,100
74,09:55:21,$ 3341.43,100
75,09:55:07,$ 3341.17,263
76,09:55:07,$ 3342.26,100
77,09:55:07,$ 3342.26,380
78,09:55:06,$ 3342.965,100
79,09:55:04,$ 3342.955,280
80,09:55:03,$ 3342.745,100
81,09:55:01,$ 3342.47,100
82,09:55:00,$ 3342.86,100
83,09:55:00,$ 3342.87,100
85,09:55:00,$ 3343.10,100
86,09:55:00,$ 3342.88,190
87,09:54:49,$ 3342.2618,200
88,09:54:21,$ 3341.26,100
89,09:54:21,$ 3341.26,100
90,09:54:18,$ 3340.6188,100
91,09:54:09,$ 3340.75,100
92,09:54:08,$ 3340.54,100
93,09:54:05,$ 3340.35,100
94,09:54:00,$ 3339.4012,250
95,09:53:55,$ 3339.787,110
96,09:53:39,$ 3339.41,100
97,09:53:37,$ 3339.99,100
98,09:53:37,$ 3339.50,100
99,09:53:36,$ 3339.50,200
100,09:53:35,$ 3339.50,100
101,09:53:35,$ 3339.50,100
102,09:53:24,$ 3340.255,200
103,09:53:20,$ 3339.43,100
104,09:53:19,$ 3340.1547,121
106,09:53:10,$ 3340.98,100
107,09:53:10,$ 3340.58,100
108,09:53:10,$ 3340.67,100
109,09:53:10,$ 3340.58,500
110,09:53:09,$ 3339.22,200
111,09:53:07,$ 3340.42,200
112,09:53:07,$ 3339.815,100
113,09:52:58,$ 3338.98,100
114,09:52:55,$ 3339.49,100
115,09:52:54,$ 3339.43,100
116,09:52:53,$ 3340.16,100
117,09:52:47,$ 3340.86,100
118,09:52:41,$ 3341.99,100
119,09:52:41,$ 3341.79,100
120,09:52:41,$ 3341.9045,118
121,09:52:41,$ 3341.9045,862
122,09:52:31,$ 3341.50,100
123,09:52:31,$ 3341.74,100
124,09:52:31,$ 3340.37,300
125,09:52:28,$ 3341.64,100
127,09:52:28,$ 3341.40,100
128,09:52:28,$ 3341.55,100
129,09:52:28,$ 3340.438,260
130,09:52:28,$ 3341.292,100
131,09:52:28,$ 3341.25,100
132,09:52:28,$ 3341.58,100
133,09:52:28,$ 3341.43,100
134,09:52:27,$ 3341.8999,101
135,09:52:23,$ 3341.18,200
136,09:52:17,$ 3340.98,280
137,09:52:14,$ 3340.585,100
138,09:52:12,$ 3340.775,100
139,09:52:11,$ 3339.65,100
140,09:52:09,$ 3340.00,100
141,09:52:09,$ 3340.00,108
142,09:52:08,$ 3339.53,100
143,09:51:38,$ 3337.58,100
144,09:51:37,$ 3336.00,100
145,09:51:37,$ 3335.005,280
146,09:51:36,$ 3336.00,100
148,09:51:36,$ 3336.00,100
149,09:51:30,$ 3334.94,100
150,09:51:29,$ 3334.9296,100
151,09:51:14,$ 3334.47,100
152,09:51:14,$ 3334.47,100
153,09:51:14,$ 3334.47,100
154,09:51:14,$ 3333.8224,200
155,09:51:11,$ 3334.95,439
156,09:51:08,$ 3336.147,100
157,09:51:08,$ 3336.09,100
158,09:51:01,$ 3336.03,100
159,09:50:52,$ 3336.0042,108
160,09:50:31,$ 3336.605,150
161,09:50:29,$ 3337.65,100
162,09:50:29,$ 3337.00,200
163,09:50:26,$ 3338.00,100
164,09:50:22,$ 3335.58,200
165,09:50:20,$ 3337.57,100
166,09:50:16,$ 3338.89,100
167,09:50:15,$ 3338.25,200
169,09:50:15,$ 3338.93,100
170,09:50:08,$ 3336.58,400
171,09:50:05,$ 3338.55,100
172,09:50:04,$ 3338.12,100
173,09:50:04,$ 3338.87,100
174,09:50:04,$ 3339.6565,500
175,09:50:02,$ 3340.2268,100
176,09:50:00,$ 3340.7999,200
177,09:50:00,$ 3339.99,100
178,09:50:00,$ 3340.39,100
179,09:50:00,$ 3339.82,100
180,09:50:00,$ 3340.00,100
181,09:50:00,$ 3340.00,114
182,09:50:00,$ 3340.00,100
183,09:49:59,$ 3339.84,100
184,09:49:59,$ 3338.22,100
185,09:49:55,$ 3339.67,100
186,09:49:55,$ 3339.395,100
187,09:49:55,$ 3339.395,100
188,09:49:55,$ 3339.49,100
190,09:49:48,$ 3337.82,100
191,09:49:45,$ 3339.00,100
192,09:49:45,$ 3338.8085,110
193,09:49:42,$ 3338.00,100
194,09:49:42,$ 3338.97,100
195,09:49:41,$ 3338.43,100
196,09:49:41,$ 3338.33,100
197,09:49:40,$ 3336.66,100
198,09:49:40,$ 3336.64,200
199,09:49:40,$ 3336.93,100
200,09:49:40,$ 3336.93,100
201,09:49:40,$ 3336.51,126
202,09:49:40,$ 3337.00,100
203,09:49:40,$ 3336.51,243
204,09:49:40,$ 3336.51,100
205,09:49:40,$ 3336.51,100
206,09:49:38,$ 3335.67,100
207,09:49:38,$ 3336.253,100
208,09:49:38,$ 3336.29,100
209,09:49:38,$ 3336.29,100
211,09:49:38,$ 3336.05,100
212,09:49:37,$ 3336.18,100
213,09:49:36,$ 3335.6799,102
214,09:49:35,$ 3335.70,100
215,09:49:31,$ 3337.00,100
216,09:49:31,$ 3336.97,100
217,09:49:31,$ 3336.96,100
218,09:49:27,$ 3337.00,100
219,09:49:22,$ 3335.46,100
220,09:49:22,$ 3335.46,100
221,09:49:21,$ 3335.0634,190
222,09:49:21,$ 3334.66,100
223,09:49:20,$ 3334.78,100
224,09:49:20,$ 3334.805,100
225,09:49:20,$ 3334.80,100
226,09:49:20,$ 3334.805,100
227,09:49:16,$ 3334.6659,300
228,09:49:09,$ 3333.95,200
229,09:49:02,$ 3332.23,200
230,09:49:01,$ 3333.73,100
232,09:48:56,$ 3332.61,400
233,09:48:55,$ 3334.275,200
234,09:48:55,$ 3333.55,100
235,09:48:55,$ 3333.55,100
236,09:48:50,$ 3334.145,200
237,09:48:49,$ 3334.2296,100
238,09:48:49,$ 3333.668,492
239,09:48:49,$ 3333.13,100
240,09:48:47,$ 3334.00,100
241,09:48:47,$ 3334.00,344
242,09:48:47,$ 3334.00,100
243,09:48:43,$ 3332.56,200
244,09:48:43,$ 3334.10,390
245,09:48:43,$ 3334.09,100
246,09:48:43,$ 3334.11,200
247,09:48:42,$ 3334.025,100
248,09:48:41,$ 3333.325,100
249,09:48:38,$ 3334.08,100
250,09:48:38,$ 3334.08,100
251,09:48:38,$ 3334.08,100
253,09:48:38,$ 3334.00,100
254,09:48:35,$ 3332.31,400
255,09:48:35,$ 3333.87,100
256,09:48:35,$ 3333.24,100
257,09:48:35,$ 3333.41,100
258,09:48:34,$ 3334.66,100
259,09:48:33,$ 3333.93,100
260,09:48:31,$ 3332.885,100
261,09:48:31,$ 3333.98,100
262,09:48:30,$ 3332.94,100
263,09:48:30,$ 3332.94,100
264,09:48:30,$ 3331.94,100
265,09:48:30,$ 3332.16,100
266,09:48:30,$ 3332.00,100
267,09:48:29,$ 3331.70,100
268,09:48:28,$ 3330.50,100
269,09:48:27,$ 3330.9377,100
270,09:48:26,$ 3330.00,100
271,09:48:26,$ 3330.00,100
272,09:48:26,$ 3330.00,100
274,09:48:26,$ 3330.00,100
275,09:48:26,$ 3330.00,100
276,09:48:23,$ 3329.16,100
277,09:48:21,$ 3329.17,100
278,09:48:19,$ 3329.135,100
279,09:48:18,$ 3329.00,166
280,09:48:18,$ 3328.62,160
281,09:48:18,$ 3328.62,217
282,09:48:18,$ 3328.62,100
283,09:48:18,$ 3328.62,100
284,09:48:11,$ 3328.9999,120
285,09:48:09,$ 3328.23,100
286,09:48:07,$ 3327.825,100
287,09:48:06,$ 3327.78,100
288,09:48:02,$ 3328.81,100
289,09:48:02,$ 3328.85,100
290,09:48:02,$ 3328.34,100
291,09:48:02,$ 3328.16,100
292,09:48:02,$ 3327.00,100
293,09:47:57,$ 3325.09,100
295,09:47:57,$ 3325.05,100
296,09:47:57,$ 3324.93,102
297,09:47:57,$ 3324.93,100
298,09:47:57,$ 3324.93,111
299,09:47:57,$ 3324.93,100
300,09:47:54,$ 3324.50,100
301,09:47:54,$ 3324.51,100
302,09:47:54,$ 3324.51,100
303,09:47:54,$ 3324.51,200
304,09:47:54,$ 3324.30,100
305,09:47:54,$ 3324.19,100
306,09:47:54,$ 3324.18,100
307,09:47:46,$ 3324.047,126
308,09:47:41,$ 3324.01,100
309,09:47:39,$ 3323.745,100
310,09:47:20,$ 3324.48,100
311,09:47:02,$ 3323.63,100
312,09:46:55,$ 3324.47,159
313,09:46:55,$ 3324.5394,100
314,09:46:54,$ 3323.49,400
316,09:46:51,$ 3323.56,100
317,09:46:51,$ 3323.55,100
318,09:46:51,$ 3323.51,100
319,09:46:50,$ 3323.50,100
320,09:46:50,$ 3323.55,100
321,09:46:50,$ 3323.50,100
322,09:46:50,$ 3323.07,100
323,09:46:42,$ 3323.00,100
324,09:46:42,$ 3323.735,100
325,09:46:42,$ 3323.14,100
326,09:46:42,$ 3323.00,500
327,09:46:39,$ 3322.6275,100
328,09:46:39,$ 3322.27,100
329,09:46:39,$ 3322.68,100
330,09:46:39,$ 3322.58,200
331,09:46:39,$ 3322.61,100
332,09:46:39,$ 3322.725,100
333,09:46:39,$ 3322.685,100
334,09:46:39,$ 3322.725,100
335,09:46:39,$ 3322.68,100
337,09:46:39,$ 3322.30,100
338,09:46:39,$ 3322.30,168
339,09:46:39,$ 3322.725,100
340,09:46:39,$ 3322.73,200
341,09:46:39,$ 3322.56,100
342,09:46:39,$ 3322.30,100
343,09:46:34,$ 3322.98,100
344,09:46:31,$ 3324.435,100
345,09:46:27,$ 3323.97,161
346,09:46:27,$ 3324.13,100
347,09:46:21,$ 3323.655,200
348,09:46:15,$ 3322.69,100
349,09:46:07,$ 3322.18,600
350,09:46:05,$ 3321.99,200
351,09:46:05,$ 3322.39,100
352,09:46:05,$ 3322.18,100
353,09:46:05,$ 3322.18,100
354,09:46:05,$ 3322.18,100
355,09:46:05,$ 3321.656,200
356,09:46:03,$ 3322.18,200
358,09:46:02,$ 3322.82,100
359,09:46:02,$ 3322.91,100
360,09:46:01,$ 3322.19,500
361,09:46:01,$ 3322.915,100
362,09:46:00,$ 3322.33,100
363,09:46:00,$ 3322.69,100
364,09:46:00,$ 3322.69,100
365,09:46:00,$ 3322.915,100
366,09:46:00,$ 3322.915,100
367,09:46:00,$ 3322.905,100
368,09:46:00,$ 3322.84,100
369,09:46:00,$ 3322.54,200
370,09:45:54,$ 3321.34,100
371,09:45:53,$ 3321.955,100
372,09:45:52,$ 3321.95,100
373,09:45:52,$ 3321.675,100
374,09:45:51,$ 3321.93,200
375,09:45:50,$ 3322.22,100
376,09:45:50,$ 3321.93,100
377,09:45:50,$ 3322.02,100
379,09:45:47,$ 3322.775,300
380,09:45:46,$ 3322.315,100
381,09:45:46,$ 3322.425,100
382,09:45:46,$ 3322.315,100
383,09:45:46,$ 3322.22,100
384,09:45:40,$ 3324.00,100
385,09:45:40,$ 3321.4313,150
386,09:45:35,$ 3322.1882,336
387,09:45:30,$ 3322.645,100
388,09:45:28,$ 3322.26,100
389,09:45:28,$ 3322.26,100
390,09:45:23,$ 3320.49,150
391,09:45:20,$ 3321.32,100
392,09:45:03,$ 3320.775,100
393,09:45:03,$ 3320.62,100
394,09:45:03,$ 3320.36,100
395,09:44:55,$ 3319.96,200
396,09:44:54,$ 3320.41,100
397,09:44:53,$ 3320.52,100
398,09:44:32,$ 3320.745,399
400,09:44:25,$ 3320.20,100
401,09:44:25,$ 3320.45,100
402,09:44:25,$ 3320.16,100
403,09:44:24,$ 3320.10,200
404,09:44:24,$ 3320.06,100
405,09:44:17,$ 3320.46,200
406,09:44:17,$ 3320.45,160
407,09:44:17,$ 3321.81,100
408,09:44:12,$ 3321.72,500
409,09:44:08,$ 3320.88,100
410,09:44:03,$ 3320.00,100
411,09:44:00,$ 3320.6225,100
412,09:44:00,$ 3319.945,200
413,09:44:00,$ 3320.5475,100
414,09:44:00,$ 3319.63,100
415,09:44:00,$ 3320.515,100
416,09:44:00,$ 3320.625,100
417,09:44:00,$ 3319.96,100
418,09:44:00,$ 3320.52,100
419,09:44:00,$ 3320.00,100
421,09:44:00,$ 3319.935,100
422,09:44:00,$ 3320.06,100
423,09:43:59,$ 3320.80,100
424,09:43:59,$ 3321.14,100
425,09:43:59,$ 3320.50,100
426,09:43:58,$ 3321.14,200
427,09:43:58,$ 3320.69,100
428,09:43:58,$ 3320.765,100
429,09:43:58,$ 3320.765,100
430,09:43:58,$ 3320.765,100
431,09:43:58,$ 3320.58,100
432,09:43:58,$ 3320.69,100
433,09:43:58,$ 3320.765,100
434,09:43:58,$ 3320.765,100
435,09:43:58,$ 3320.765,100
436,09:43:58,$ 3320.11,100
437,09:43:58,$ 3320.00,100
438,09:43:57,$ 3320.75,100
439,09:43:51,$ 3320.41,100
440,09:43:51,$ 3320.00,172
442,09:43:48,$ 3320.35,100
443,09:43:48,$ 3320.00,100
444,09:43:46,$ 3320.085,200
445,09:43:45,$ 3320.825,250
446,09:43:43,$ 3321.04,100
447,09:43:32,$ 3320.195,100
448,09:43:32,$ 3320.00,395
449,09:43:32,$ 3320.195,101
450,09:43:31,$ 3320.49,100
451,09:43:31,$ 3320.49,200
452,09:43:31,$ 3318.74,100
453,09:43:30,$ 3319.805,100
454,09:43:30,$ 3320.01,100
455,09:43:30,$ 3320.58,122
456,09:43:30,$ 3320.58,122
457,09:43:30,$ 3320.58,142
458,09:43:30,$ 3320.58,122
459,09:43:30,$ 3320.58,100
460,09:43:30,$ 3320.58,100
461,09:43:30,$ 3320.00,100
463,09:43:30,$ 3320.00,487
464,09:43:29,$ 3320.695,100
465,09:43:29,$ 3320.695,100
466,09:43:27,$ 3320.00,100
467,09:43:18,$ 3321.93,100
468,09:43:16,$ 3321.74,200
469,09:43:16,$ 3321.74,100
470,09:43:07,$ 3322.555,100
471,09:43:06,$ 3322.9722,100
472,09:43:06,$ 3323.00,100
473,09:43:04,$ 3321.96,100
474,09:43:04,$ 3322.25,100
475,09:43:02,$ 3321.465,200
476,09:42:58,$ 3320.86,200
477,09:42:58,$ 3320.86,200
478,09:42:58,$ 3320.73,100
479,09:42:57,$ 3320.86,100
480,09:42:55,$ 3320.935,100
481,09:42:55,$ 3320.98,100
482,09:42:55,$ 3320.98,100
484,09:42:55,$ 3320.98,100
485,09:42:55,$ 3320.98,100
486,09:42:55,$ 3320.59,100
487,09:42:55,$ 3320.46,100
488,09:42:55,$ 3320.86,100
489,09:42:49,$ 3320.375,200
490,09:42:46,$ 3321.405,100
491,09:42:46,$ 3321.50,100
492,09:42:46,$ 3321.01,100
493,09:42:46,$ 3321.01,103
494,09:42:46,$ 3321.01,100
495,09:42:46,$ 3321.01,100
496,09:42:46,$ 3321.01,100
497,09:42:40,$ 3322.04,100
498,09:42:30,$ 3322.535,100
499,09:42:30,$ 3321.93,100
500,09:42:30,$ 3322.18,340
501,09:42:30,$ 3322.23,100
502,09:42:30,$ 3323.00,100
503,09:42:30,$ 3321.93,100
505,09:42:30,$ 3321.26,100
506,09:42:30,$ 3321.565,100
507,09:42:30,$ 3321.625,100
508,09:42:30,$ 3321.49,100
509,09:42:30,$ 3321.625,400
510,09:42:30,$ 3321.26,100
511,09:42:30,$ 3321.625,500
512,09:42:30,$ 3321.5725,100
513,09:42:30,$ 3321.625,100
514,09:42:30,$ 3321.26,100
515,09:42:30,$ 3321.625,100
516,09:42:30,$ 3321.60,100
517,09:42:22,$ 3323.205,100
518,09:42:21,$ 3323.03,100
519,09:42:21,$ 3323.03,100
520,09:42:21,$ 3322.865,100
521,09:42:21,$ 3322.935,100
522,09:42:21,$ 3322.925,100
523,09:42:21,$ 3322.655,100
524,09:42:17,$ 3323.00,123
526,09:42:17,$ 3323.00,100
527,09:42:14,$ 3323.00,100
528,09:42:00,$ 3322.30,100
529,09:41:58,$ 3321.54,100
530,09:41:58,$ 3321.91,100
531,09:41:58,$ 3322.00,100
532,09:41:58,$ 3323.295,100
533,09:41:50,$ 3322.0001,100
534,09:41:46,$ 3323.06,100
535,09:41:46,$ 3323.07,100
536,09:41:39,$ 3323.395,100
537,09:41:26,$ 3323.31,100
538,09:41:26,$ 3323.305,100
539,09:41:26,$ 3323.305,100
540,09:41:22,$ 3323.4278,280
541,09:41:16,$ 3323.69,100
542,09:41:12,$ 3324.685,100
543,09:41:12,$ 3324.59,100
544,09:41:11,$ 3324.6484,500
545,09:41:09,$ 3324.73,100
547,09:41:09,$ 3324.72,100
548,09:41:06,$ 3325.205,100
549,09:41:06,$ 3325.205,100
550,09:41:04,$ 3324.7605,300
551,09:41:00,$ 3325.18,100
552,09:40:54,$ 3323.71,100
553,09:40:54,$ 3323.71,100
554,09:40:54,$ 3323.77,100
555,09:40:48,$ 3324.00,175
556,09:40:42,$ 3322.71,100
557,09:40:42,$ 3322.71,100
558,09:40:42,$ 3322.71,100
559,09:40:42,$ 3322.75,100
560,09:40:42,$ 3322.785,100
561,09:40:42,$ 3322.00,100
562,09:40:42,$ 3324.505,100
563,09:40:42,$ 3323.03,100
564,09:40:42,$ 3323.35,100
565,09:40:42,$ 3323.35,100
566,09:40:42,$ 3324.10,100
568,09:40:42,$ 3323.35,100
569,09:40:42,$ 3324.345,100
570,09:40:42,$ 3324.345,100
571,09:40:42,$ 3324.345,100
572,09:40:42,$ 3323.975,100
573,09:40:42,$ 3324.345,100
574,09:40:42,$ 3324.3075,100
575,09:40:42,$ 3324.345,100
576,09:40:42,$ 3323.81,100
577,09:40:42,$ 3323.60,100
578,09:40:42,$ 3323.42,100
579,09:40:42,$ 3323.30,100
580,09:40:42,$ 3323.58,100
581,09:40:35,$ 3324.145,200
582,09:40:33,$ 3324.98,100
583,09:40:33,$ 3324.98,100
584,09:40:17,$ 3324.79,100
585,09:40:17,$ 3324.985,100
586,09:40:17,$ 3325.00,100
587,09:40:17,$ 3325.00,100
589,09:40:05,$ 3326.62,100
590,09:40:05,$ 3326.79,100
591,09:40:00,$ 3327.00,202
592,09:39:56,$ 3324.9686,100
593,09:39:55,$ 3323.8841,100
594,09:39:51,$ 3325.1558,100
595,09:39:50,$ 3324.83,100
596,09:39:50,$ 3325.00,100
597,09:39:50,$ 3325.00,100
598,09:39:50,$ 3325.00,100
599,09:39:50,$ 3325.54,100
600,09:39:45,$ 3325.54,100
601,09:39:43,$ 3326.495,100
602,09:39:34,$ 3326.753,100
603,09:39:34,$ 3326.753,100
604,09:39:34,$ 3325.83,100
605,09:39:34,$ 3325.83,100
606,09:39:33,$ 3326.75,100
607,09:39:33,$ 3326.7465,100
608,09:39:33,$ 3325.83,100
610,09:39:33,$ 3326.7465,100
611,09:39:33,$ 3325.74,100
612,09:39:29,$ 3326.75,100
613,09:39:15,$ 3324.67,100
614,09:39:15,$ 3324.67,100
615,09:39:15,$ 3324.67,100
616,09:39:15,$ 3324.21,100
617,09:39:14,$ 3322.9583,100
618,09:39:06,$ 3323.70,100
619,09:39:06,$ 3323.70,584
620,09:39:06,$ 3323.70,306
621,09:39:05,$ 3323.51,100
622,09:39:05,$ 3323.51,100
623,09:39:05,$ 3323.35,100
624,09:39:04,$ 3322.72,100
625,09:39:02,$ 3322.51,100
626,09:39:01,$ 3322.49,250
627,09:38:59,$ 3322.71,400
628,09:38:59,$ 3322.51,120
629,09:38:59,$ 3322.72,100
631,09:38:59,$ 3322.52,100
632,09:38:59,$ 3322.985,100
633,09:38:59,$ 3322.985,200
634,09:38:59,$ 3322.985,100
635,09:38:59,$ 3322.51,100
636,09:38:55,$ 3323.74,100
637,09:38:55,$ 3323.785,100
638,09:38:55,$ 3323.06,100
639,09:38:55,$ 3323.74,100
640,09:38:55,$ 3323.58,300
641,09:38:53,$ 3323.745,100
642,09:38:51,$ 3323.59,100
643,09:38:37,$ 3322.14,100
644,09:38:35,$ 3323.175,100
645,09:38:35,$ 3323.175,100
646,09:38:35,$ 3323.175,100
647,09:38:35,$ 3323.175,100
648,09:38:25,$ 3323.6115,155
649,09:38:22,$ 3323.61,500
650,09:38:22,$ 3325.19,100
652,09:38:13,$ 3323.91,100
653,09:38:13,$ 3323.255,100
654,09:38:12,$ 3323.255,100
655,09:38:12,$ 3322.3975,100
656,09:38:12,$ 3322.41,100
657,09:38:10,$ 3322.9235,100
658,09:38:09,$ 3323.90,100
659,09:38:09,$ 3323.15,100
660,09:38:07,$ 3324.00,100
661,09:38:06,$ 3324.00,100
662,09:38:06,$ 3324.00,100
663,09:38:06,$ 3324.00,100
664,09:38:06,$ 3324.00,100
665,09:38:04,$ 3325.035,100
666,09:38:04,$ 3325.035,100
667,09:37:55,$ 3324.00,198
668,09:37:55,$ 3323.65,100
669,09:37:55,$ 3323.93,100
670,09:37:55,$ 3323.15,150
671,09:37:50,$ 3324.03,100
673,09:37:50,$ 3324.03,100
674,09:37:50,$ 3324.025,100
675,09:37:50,$ 3324.03,100
676,09:37:50,$ 3324.03,100
677,09:37:50,$ 3324.025,100
678,09:37:50,$ 3324.025,100
679,09:37:50,$ 3323.00,177
680,09:37:50,$ 3323.00,251
681,09:37:49,$ 3324.035,100
682,09:37:49,$ 3323.89,100
683,09:37:49,$ 3324.035,100
684,09:37:49,$ 3324.26,100
685,09:37:49,$ 3324.265,100
686,09:37:49,$ 3324.26,100
687,09:37:49,$ 3324.265,100
688,09:37:45,$ 3325.6223,100
689,09:37:44,$ 3323.67,100
690,09:37:44,$ 3323.67,164
691,09:37:44,$ 3324.165,100
692,09:37:44,$ 3325.9151,100
694,09:37:43,$ 3324.59,100
695,09:37:43,$ 3324.35,100
696,09:37:43,$ 3324.35,100
697,09:37:43,$ 3325.255,100
698,09:37:43,$ 3325.905,100
699,09:37:36,$ 3324.7275,100
700,09:37:36,$ 3324.01,100
701,09:37:36,$ 3324.34,100
702,09:37:36,$ 3324.88,100
703,09:37:36,$ 3324.885,100
704,09:37:36,$ 3324.91,100
705,09:37:36,$ 3324.91,900
706,09:37:36,$ 3324.82,100
707,09:37:36,$ 3324.82,100
708,09:37:36,$ 3324.82,100
709,09:37:34,$ 3325.00,200
710,09:37:34,$ 3325.00,100
711,09:37:27,$ 3326.5694,250
712,09:37:26,$ 3326.555,100
713,09:37:26,$ 3326.36,100
715,09:37:23,$ 3327.85,400
716,09:37:21,$ 3328.045,100
717,09:37:19,$ 3328.22,100
718,09:37:19,$ 3328.285,100
719,09:37:11,$ 3326.015,100
720,09:37:11,$ 3325.88,100
721,09:37:08,$ 3324.675,100
722,09:37:07,$ 3324.595,100
723,09:37:07,$ 3326.07,100
724,09:37:07,$ 3325.975,100
725,09:37:07,$ 3326.08,100
726,09:37:07,$ 3324.635,500
727,09:37:07,$ 3326.12,100
728,09:37:07,$ 3325.48,100
729,09:37:03,$ 3324.42,100
730,09:37:03,$ 3324.02,100
731,09:37:03,$ 3324.30,100
732,09:37:03,$ 3324.42,100
733,09:37:03,$ 3324.18,100
734,09:37:03,$ 3324.42,100
736,09:37:03,$ 3324.42,100
737,09:37:03,$ 3324.42,100
738,09:37:03,$ 3324.32,100
739,09:37:03,$ 3324.91,200
740,09:37:03,$ 3324.61,100
741,09:37:03,$ 3324.46,100
742,09:37:03,$ 3323.56,100
743,09:37:03,$ 3323.51,100
744,09:37:03,$ 3325.00,100
745,09:37:03,$ 3325.00,700
746,09:37:03,$ 3324.09,100
747,09:37:00,$ 3323.125,200
748,09:36:59,$ 3323.365,100
749,09:36:59,$ 3323.425,100
750,09:36:59,$ 3323.54,100
751,09:36:59,$ 3322.98,100
752,09:36:59,$ 3323.545,100
753,09:36:59,$ 3322.98,100
754,09:36:59,$ 3322.98,100
755,09:36:59,$ 3322.98,100
757,09:36:59,$ 3322.98,100
758,09:36:59,$ 3322.98,100
759,09:36:59,$ 3322.98,100
760,09:36:59,$ 3323.59,400
761,09:36:59,$ 3323.80,100
762,09:36:59,$ 3323.80,100
763,09:36:59,$ 3323.835,100
764,09:36:59,$ 3323.815,100
765,09:36:59,$ 3323.7075,100
766,09:36:59,$ 3323.835,100
767,09:36:59,$ 3323.82,100
768,09:36:59,$ 3323.835,100
769,09:36:59,$ 3323.825,100
770,09:36:59,$ 3323.05,100
771,09:36:59,$ 3323.04,100
772,09:36:59,$ 3323.835,100
773,09:36:59,$ 3323.83,100
774,09:36:57,$ 3324.00,200
775,09:36:40,$ 3323.3375,100
776,09:36:39,$ 3323.28,100
778,09:36:39,$ 3323.37,100
779,09:36:39,$ 3323.3425,100
780,09:36:30,$ 3324.44,100
781,09:36:24,$ 3322.85,100
782,09:36:23,$ 3322.195,100
783,09:36:23,$ 3322.195,400
784,09:36:23,$ 3322.195,600
785,09:36:22,$ 3322.17,100
786,09:36:17,$ 3322.17,100
787,09:36:17,$ 3322.17,100
788,09:36:14,$ 3322.585,100
789,09:36:14,$ 3322.75,200
790,09:36:14,$ 3322.585,100
791,09:36:14,$ 3322.42,100
792,09:36:14,$ 3322.23,100
793,09:36:13,$ 3322.74,100
794,09:36:13,$ 3322.74,100
795,09:36:08,$ 3322.925,100
796,09:36:06,$ 3322.855,100
797,09:36:04,$ 3323.49,100
799,09:36:00,$ 3322.546,100
800,09:35:55,$ 3322.96,100
801,09:35:54,$ 3323.19,100
802,09:35:52,$ 3322.475,280
803,09:35:49,$ 3321.99,320
804,09:35:49,$ 3322.445,100
805,09:35:49,$ 3322.445,220
806,09:35:43,$ 3322.63,100
807,09:35:42,$ 3322.045,299
808,09:35:41,$ 3321.57,100
809,09:35:41,$ 3321.58,100
810,09:35:35,$ 3320.50,340
811,09:35:29,$ 3321.55,100
812,09:35:08,$ 3322.48,100
813,09:35:08,$ 3322.70,100
814,09:35:08,$ 3322.77,100
815,09:35:00,$ 3321.4292,250
816,09:34:54,$ 3321.16,100
817,09:34:53,$ 3321.19,835
818,09:34:53,$ 3321.53,100
820,09:34:50,$ 3320.87,100
821,09:34:44,$ 3322.9899,100
822,09:34:44,$ 3321.50,100
823,09:34:32,$ 3321.00,500
824,09:34:31,$ 3321.00,100
825,09:34:28,$ 3320.9958,357
826,09:34:26,$ 3320.8845,388
827,09:34:26,$ 3320.8845,112
828,09:34:22,$ 3319.675,100
829,09:34:22,$ 3319.76,100
830,09:34:22,$ 3319.835,100
831,09:34:21,$ 3318.7561,100
832,09:34:19,$ 3318.47,100
833,09:34:17,$ 3317.865,100
834,09:34:11,$ 3318.125,100
835,09:34:11,$ 3318.17,100
836,09:33:57,$ 3320.90,100
837,09:33:52,$ 3318.23,100
838,09:33:52,$ 3318.00,100
839,09:33:52,$ 3318.285,100
841,09:33:52,$ 3318.085,100
842,09:33:51,$ 3322.78,"1,000"
843,09:33:51,$ 3319.30,100
844,09:33:49,$ 3321.4513,500
845,09:33:49,$ 3320.24,180
846,09:33:46,$ 3322.8427,250
847,09:33:44,$ 3322.26,100
848,09:33:44,$ 3322.17,199
849,09:33:36,$ 3324.50,100
850,09:33:22,$ 3324.01,100
851,09:33:21,$ 3323.43,100
852,09:33:20,$ 3326.02,100
853,09:33:19,$ 3327.595,250
854,09:33:10,$ 3325.99,100
855,09:33:00,$ 3326.17,100
856,09:32:59,$ 3324.62,100
857,09:32:46,$ 3322.48,100
858,09:32:42,$ 3324.6699,100
859,09:32:42,$ 3322.00,500
860,09:32:41,$ 3319.0001,200
862,09:32:39,$ 3321.19,100
863,09:32:38,$ 3319.21,100
864,09:32:38,$ 3319.43,100
865,09:32:28,$ 3319.01,100
866,09:32:27,$ 3319.00,100
867,09:32:27,$ 3319.00,100
868,09:32:23,$ 3319.28,197
869,09:32:23,$ 3320.00,272
870,09:32:23,$ 3320.00,100
871,09:32:22,$ 3320.9571,800
872,09:32:22,$ 3321.545,100
873,09:32:21,$ 3320.25,100
874,09:32:21,$ 3320.48,100
875,09:32:12,$ 3322.385,100
876,09:32:12,$ 3323.37,100
877,09:32:03,$ 3322.89,130
878,09:31:54,$ 3324.17,100
879,09:31:53,$ 3324.73,100
880,09:31:53,$ 3324.43,100
881,09:31:53,$ 3324.73,100
883,09:31:49,$ 3323.68,100
884,09:31:47,$ 3322.415,200
885,09:31:47,$ 3321.141,194
886,09:31:47,$ 3322.10,100
887,09:31:47,$ 3321.04,100
888,09:31:47,$ 3321.14,100
889,09:31:44,$ 3322.54,157
890,09:31:44,$ 3324.43,100
891,09:31:44,$ 3325.16,100
892,09:31:44,$ 3326.59,100
893,09:31:44,$ 3326.29,100
894,09:31:44,$ 3326.00,100
895,09:31:39,$ 3327.32,100
896,09:31:29,$ 3328.155,100
897,09:31:22,$ 3328.145,100
898,09:31:20,$ 3328.145,100
899,09:31:17,$ 3328.15,100
900,09:31:17,$ 3328.145,100
901,09:31:17,$ 3329.9999,500
902,09:31:16,$ 3326.52,100
904,09:31:16,$ 3327.34,100
905,09:31:16,$ 3328.91,384
906,09:31:14,$ 3326.635,100
907,09:31:11,$ 3325.3638,250
908,09:31:10,$ 3323.73,100
909,09:31:05,$ 3325.135,100
910,09:31:04,$ 3323.135,100
911,09:31:04,$ 3324.01,100
912,09:31:04,$ 3323.05,100
913,09:31:04,$ 3323.61,100
914,09:31:04,$ 3327.73,100
915,09:30:59,$ 3325.78,100
916,09:30:59,$ 3326.14,100
917,09:30:58,$ 3327.29,200
918,09:30:58,$ 3328.285,100
919,09:30:58,$ 3327.75,100
920,09:30:58,$ 3328.28,100
921,09:30:58,$ 3326.59,100
922,09:30:58,$ 3326.90,100
923,09:30:57,$ 3327.75,100
925,09:30:57,$ 3327.90,200
926,09:30:56,$ 3327.50,100
927,09:30:53,$ 3328.24,200
928,09:30:53,$ 3328.25,100
929,09:30:52,$ 3328.68,280
930,09:30:51,$ 3328.22,100
931,09:30:50,$ 3328.68,100
932,09:30:50,$ 3328.68,100
933,09:30:50,$ 3328.73,100
934,09:30:49,$ 3327.12,100
935,09:30:44,$ 3324.58,100
936,09:30:44,$ 3326.205,100
937,09:30:43,$ 3326.195,100
938,09:30:40,$ 3324.37,100
939,09:30:40,$ 3324.37,100
940,09:30:36,$ 3324.125,100
941,09:30:35,$ 3324.125,100
942,09:30:30,$ 3325.185,200
943,09:30:30,$ 3325.185,200
944,09:30:28,$ 3322.945,100
946,09:30:28,$ 3325.17,100
947,09:30:26,$ 3327.36,100
948,09:30:19,$ 3325.56,100
949,09:30:15,$ 3325.60,100
950,09:30:10,$ 3323.82,294
951,09:30:10,$ 3325.50,100
952,09:30:08,$ 3328.61,100
953,09:30:07,$ 3325.50,100
954,09:30:07,$ 3327.42,100
955,09:30:04,$ 3325.44,100
956,09:30:04,$ 3325.50,100
957,09:30:04,$ 3325.77,150
958,09:30:03,$ 3325.94,100
959,09:30:03,$ 3323.10,100
960,09:30:03,$ 3322.89,100
961,09:30:03,$ 3325.14,100
962,09:30:03,$ 3326.00,100
963,09:30:02,$ 3326.00,100
964,09:30:02,$ 3322.11,2
965,09:30:02,$ 3322.11,1
967,09:30:02,$ 3322.11,1
968,09:30:02,$ 3322.11,1
969,09:30:02,$ 3322.11,2
970,09:30:02,$ 3322.11,1
971,09:30:02,$ 3322.11,2
972,09:30:02,$ 3322.11,1
973,09:30:02,$ 3322.11,3
974,09:30:02,$ 3322.11,2
975,09:30:02,$ 3322.11,1
976,09:30:02,$ 3322.11,10
977,09:30:02,$ 3322.11,1
978,09:30:02,$ 3322.11,2
979,09:30:02,$ 3322.11,10
980,09:30:02,$ 3322.11,20
981,09:30:02,$ 3322.11,2
982,09:30:02,$ 3322.11,2
983,09:30:02,$ 3322.11,2
984,09:30:02,$ 3322.11,20
985,09:30:02,$ 3322.11,5
986,09:30:02,$ 3322.11,1
988,09:30:02,$ 3322.11,1
989,09:30:02,$ 3322.11,6
990,09:30:02,$ 3322.11,5
991,09:30:02,$ 3322.11,1
992,09:30:02,$ 3322.11,1
993,09:30:02,$ 3322.11,1
994,09:30:02,$ 3322.11,1
995,09:30:02,$ 3322.11,1
996,09:30:02,$ 3322.11,1
997,09:30:02,$ 3322.11,1
998,09:30:02,$ 3322.11,1
999,09:30:02,$ 3322.11,1
1000,09:30:02,$ 3322.11,1
1001,09:30:02,$ 3322.11,1
1002,09:30:02,$ 3322.11,1
1003,09:30:02,$ 3322.11,1
1004,09:30:02,$ 3322.11,1
1005,09:30:02,$ 3322.11,1
1006,09:30:02,$ 3322.11,1
1007,09:30:02,$ 3322.11,1
1009,09:30:02,$ 3322.11,1
1010,09:30:02,$ 3322.11,1
1011,09:30:02,$ 3322.11,1
1012,09:30:02,$ 3322.11,1
1013,09:30:02,$ 3322.11,1
1014,09:30:02,$ 3322.11,1
1015,09:30:02,$ 3322.11,1
1016,09:30:02,$ 3322.11,1
1017,09:30:02,$ 3322.11,1
1018,09:30:02,$ 3322.11,1
1019,09:30:02,$ 3322.11,1
1020,09:30:02,$ 3322.11,1
1021,09:30:02,$ 3322.11,1
1022,09:30:02,$ 3322.11,1
1023,09:30:02,$ 3322.11,1
1024,09:30:02,$ 3322.11,1
1025,09:30:02,$ 3322.11,2
1026,09:30:02,$ 3322.11,1
1027,09:30:02,$ 3322.11,1
1028,09:30:02,$ 3322.11,1
1030,09:30:02,$ 3322.11,1
1031,09:30:02,$ 3322.11,1
1032,09:30:02,$ 3322.11,1
1033,09:30:02,$ 3322.11,1
1034,09:30:02,$ 3322.11,1
1035,09:30:02,$ 3322.11,1
1036,09:30:02,$ 3322.11,1
1037,09:30:02,$ 3322.11,1
1038,09:30:02,$ 3322.11,1
1039,09:30:02,$ 3322.11,1
1040,09:30:02,$ 3322.11,1
1041,09:30:02,$ 3322.11,1
1042,09:30:02,$ 3322.11,1
1043,09:30:02,$ 3322.11,1
1044,09:30:02,$ 3322.11,1
1045,09:30:02,$ 3322.11,1
1046,09:30:02,$ 3322.11,1
1047,09:30:02,$ 3322.11,1
1048,09:30:02,$ 3322.11,1
1049,09:30:02,$ 3322.11,1
1051,09:30:02,$ 3322.11,1
1052,09:30:02,$ 3322.11,1
1053,09:30:02,$ 3322.11,1
1054,09:30:02,$ 3322.11,1
1055,09:30:02,$ 3322.11,21
1056,09:30:02,$ 3322.11,1
1057,09:30:02,$ 3322.11,1
1058,09:30:02,$ 3322.11,1
1059,09:30:02,$ 3322.11,1
1060,09:30:02,$ 3322.11,1
1061,09:30:02,$ 3322.11,1
1062,09:30:02,$ 3322.11,1
1063,09:30:02,$ 3322.11,1
1064,09:30:02,$ 3322.11,1
1065,09:30:02,$ 3322.11,1
1066,09:30:02,$ 3322.11,1
1067,09:30:02,$ 3322.11,7
1068,09:30:02,$ 3322.11,2
1069,09:30:02,$ 3322.11,2
1070,09:30:02,$ 3322.11,1
1072,09:30:02,$ 3322.11,1
1073,09:30:02,$ 3322.11,1
1074,09:30:02,$ 3322.11,2
1075,09:30:02,$ 3322.11,10
1076,09:30:02,$ 3322.11,1
1077,09:30:02,$ 3322.11,1
1078,09:30:02,$ 3322.11,1
1079,09:30:02,$ 3322.11,1
1080,09:30:02,$ 3322.11,1
1081,09:30:02,$ 3322.11,1
1082,09:30:02,$ 3322.11,1
1083,09:30:02,$ 3322.11,2
1084,09:30:02,$ 3322.11,5
1085,09:30:02,$ 3322.11,3
1086,09:30:02,$ 3322.11,35
1087,09:30:02,$ 3322.11,1
1088,09:30:02,$ 3322.11,2
1089,09:30:02,$ 3322.11,1
1090,09:30:02,$ 3322.11,2
1091,09:30:02,$ 3322.11,30
1093,09:30:02,$ 3322.11,1
1094,09:30:02,$ 3322.11,5
1095,09:30:02,$ 3322.11,12
1096,09:30:02,$ 3322.11,1
1097,09:30:02,$ 3322.11,2
1098,09:30:02,$ 3322.11,34
1099,09:30:02,$ 3322.11,3
1100,09:30:02,$ 3322.11,1
1101,09:30:02,$ 3322.11,19
1102,09:30:02,$ 3322.11,5
1103,09:30:02,$ 3322.11,4
1104,09:30:02,$ 3322.11,1
1105,09:30:02,$ 3322.11,1
1106,09:30:02,$ 3322.11,1
1107,09:30:02,$ 3322.11,1
1108,09:30:02,$ 3322.11,1
1109,09:30:02,$ 3322.11,1
1110,09:30:02,$ 3322.11,50
1111,09:30:02,$ 3322.11,8
1112,09:30:02,$ 3322.11,2
1114,09:30:02,$ 3322.11,2
1115,09:30:02,$ 3322.11,1
1116,09:30:02,$ 3322.11,3
1117,09:30:02,$ 3322.11,1
1118,09:30:02,$ 3322.11,5
1119,09:30:02,$ 3322.11,3
1120,09:30:02,$ 3322.11,3
1121,09:30:02,$ 3322.11,4
1122,09:30:02,$ 3322.11,1
1123,09:30:02,$ 3322.11,1
1124,09:30:02,$ 3322.11,2
1125,09:30:02,$ 3322.11,1
1126,09:30:02,$ 3322.11,1
1127,09:30:02,$ 3322.11,3
1128,09:30:02,$ 3322.11,1
1129,09:30:02,$ 3322.11,2
1130,09:30:02,$ 3322.11,1
1131,09:30:02,$ 3322.11,2
1132,09:30:02,$ 3322.11,1
1133,09:30:02,$ 3322.11,1
1135,09:30:02,$ 3322.11,3
1136,09:30:02,$ 3322.11,2
1137,09:30:02,$ 3322.11,2
1138,09:30:02,$ 3322.11,1
1139,09:30:02,$ 3322.11,1
1140,09:30:02,$ 3322.11,5
1141,09:30:02,$ 3322.11,2
1142,09:30:02,$ 3322.11,3
1143,09:30:02,$ 3322.11,5
1144,09:30:02,$ 3322.11,1
1145,09:30:02,$ 3322.11,119
1146,09:30:02,$ 3322.11,46
1147,09:30:02,$ 3322.11,2
1148,09:30:02,$ 3322.11,1
1149,09:30:02,$ 3322.11,3
1150,09:30:02,$ 3322.11,2
1151,09:30:02,$ 3322.11,5
1152,09:30:02,$ 3322.11,2
1153,09:30:02,$ 3322.11,18
1154,09:30:02,$ 3322.11,1
1156,09:30:02,$ 3322.11,1
1157,09:30:02,$ 3322.11,1
1158,09:30:02,$ 3322.11,2
1159,09:30:02,$ 3322.11,1
1160,09:30:02,$ 3322.11,5
1161,09:30:02,$ 3322.11,1
1162,09:30:02,$ 3322.11,36
1163,09:30:02,$ 3322.11,9
1164,09:30:02,$ 3322.11,6
1165,09:30:02,$ 3322.11,1
1166,09:30:02,$ 3322.11,2
1167,09:30:02,$ 3322.11,3
1168,09:30:02,$ 3322.11,10
1169,09:30:02,$ 3322.11,3
1170,09:30:02,$ 3322.11,3
1171,09:30:02,$ 3322.11,159
1172,09:30:02,$ 3322.11,1
1173,09:30:02,$ 3322.11,80
1174,09:30:02,$ 3322.11,18
1175,09:30:02,$ 3322.11,50
1177,09:30:02,$ 3322.11,20
1178,09:30:02,$ 3322.11,1
1179,09:30:02,$ 3322.11,14
1180,09:30:02,$ 3322.11,5
1181,09:30:02,$ 3322.11,4
1182,09:30:02,$ 3322.11,3
1183,09:30:02,$ 3322.11,50
1184,09:30:02,$ 3322.11,30
1185,09:30:02,$ 3322.11,1
1186,09:30:02,$ 3322.11,2
1187,09:30:02,$ 3322.11,1
1188,09:30:02,$ 3322.11,50
1189,09:30:02,$ 3322.11,9
1190,09:30:02,$ 3322.11,6
1191,09:30:02,$ 3322.11,3
1192,09:30:02,$ 3322.11,7
1193,09:30:02,$ 3322.11,15
1194,09:30:02,$ 3322.11,1
1195,09:30:02,$ 3322.11,5
1196,09:30:02,$ 3322.11,19
1198,09:30:02,$ 3322.11,2
1199,09:30:02,$ 3322.11,3
1200,09:30:02,$ 3322.11,4
1201,09:30:02,$ 3322.11,2
1202,09:30:02,$ 3322.11,2
1203,09:30:02,$ 3322.11,100
1204,09:30:02,$ 3322.11,1
1205,09:30:02,$ 3322.11,8
1206,09:30:02,$ 3322.11,4
1207,09:30:02,$ 3322.11,5
1208,09:30:02,$ 3322.11,1
1209,09:30:02,$ 3322.11,1
1210,09:30:02,$ 3322.11,1
1211,09:30:02,$ 3322.11,4
1212,09:30:02,$ 3322.11,3
1213,09:30:02,$ 3322.11,50
1214,09:30:02,$ 3322.11,17
1215,09:30:02,$ 3322.11,15
1216,09:30:02,$ 3322.11,4
1217,09:30:02,$ 3322.11,12
1219,09:30:02,$ 3322.11,20
1220,09:30:02,$ 3322.11,20
1221,09:30:02,$ 3322.11,1
1222,09:30:02,$ 3322.11,2
1223,09:30:02,$ 3322.11,114
1224,09:30:02,$ 3322.11,8
1225,09:30:02,$ 3322.11,2
1226,09:30:02,$ 3322.11,1
1227,09:30:02,$ 3322.11,1
1228,09:30:02,$ 3322.11,10
1229,09:30:02,$ 3322.11,2
1230,09:30:02,$ 3322.11,2
1231,09:30:02,$ 3322.11,2
1232,09:30:02,$ 3322.11,6
1233,09:30:02,$ 3322.11,3
1234,09:30:02,$ 3322.11,5
1235,09:30:02,$ 3322.11,3
1236,09:30:02,$ 3322.11,1
1237,09:30:02,$ 3322.11,1
1238,09:30:02,$ 3322.11,1
1240,09:30:02,$ 3322.11,2
1241,09:30:02,$ 3322.11,11
1242,09:30:02,$ 3322.11,2
1243,09:30:02,$ 3322.11,4
1244,09:30:02,$ 3322.11,1
1245,09:30:02,$ 3322.11,1
1246,09:30:02,$ 3322.11,2
1247,09:30:02,$ 3322.11,4
1248,09:30:02,$ 3322.11,1
1249,09:30:02,$ 3322.11,52
1250,09:30:02,$ 3322.11,103
1251,09:30:02,$ 3322.11,1
1252,09:30:02,$ 3322.11,1
1253,09:30:02,$ 3322.11,3
1254,09:30:02,$ 3322.11,2
1255,09:30:02,$ 3322.11,10
1256,09:30:02,$ 3322.11,1
1257,09:30:02,$ 3322.11,8
1258,09:30:02,$ 3322.11,1
1259,09:30:02,$ 3322.11,2
1261,09:30:02,$ 3322.11,1
1262,09:30:02,$ 3322.11,1
1263,09:30:02,$ 3322.11,1
1264,09:30:02,$ 3322.11,1
1265,09:30:02,$ 3322.11,1
1266,09:30:02,$ 3322.11,50
1267,09:30:02,$ 3322.11,1
1268,09:30:02,$ 3322.11,1
1269,09:30:02,$ 3322.11,20
1270,09:30:02,$ 3322.11,1
1271,09:30:02,$ 3322.11,1
1272,09:30:02,$ 3322.11,2
1273,09:30:02,$ 3322.11,10
1274,09:30:02,$ 3322.11,1
1275,09:30:02,$ 3322.11,1
1276,09:30:02,$ 3322.11,1
1277,09:30:02,$ 3322.11,10
1278,09:30:02,$ 3322.11,1
1279,09:30:02,$ 3322.11,1
1280,09:30:02,$ 3322.11,3
1282,09:30:02,$ 3322.11,50
1283,09:30:02,$ 3322.11,10
1284,09:30:02,$ 3322.11,1
1285,09:30:02,$ 3322.11,2
1286,09:30:02,$ 3322.11,30
1287,09:30:02,$ 3322.11,5
1288,09:30:02,$ 3322.11,1
1289,09:30:02,$ 3322.11,2
1290,09:30:02,$ 3322.11,2
1291,09:30:02,$ 3322.11,7
1292,09:30:02,$ 3322.11,1
1293,09:30:02,$ 3322.11,6
1294,09:30:02,$ 3322.11,1
1295,09:30:02,$ 3322.11,1
1296,09:30:02,$ 3322.11,9
1297,09:30:02,$ 3322.11,16
1298,09:30:02,$ 3322.11,7
1299,09:30:02,$ 3322.11,6
1300,09:30:02,$ 3322.11,5
1301,09:30:02,$ 3322.11,1
1303,09:30:02,$ 3322.11,2
1304,09:30:02,$ 3322.11,1
1305,09:30:02,$ 3322.11,1
1306,09:30:02,$ 3322.11,10
1307,09:30:02,$ 3322.11,6
1308,09:30:02,$ 3322.11,10
1309,09:30:02,$ 3322.11,2
1310,09:30:02,$ 3322.11,7
1311,09:30:02,$ 3322.11,4
1312,09:30:02,$ 3322.11,3
1313,09:30:02,$ 3322.11,4
1314,09:30:02,$ 3322.11,4
1315,09:30:02,$ 3322.11,2
1316,09:30:02,$ 3322.11,6
1317,09:30:02,$ 3322.11,5
1318,09:30:02,$ 3322.11,4
1319,09:30:02,$ 3322.11,2
1320,09:30:02,$ 3322.11,9
1321,09:30:02,$ 3322.11,24
1322,09:30:02,$ 3322.11,1
1324,09:30:02,$ 3322.11,12
1325,09:30:02,$ 3322.11,1
1326,09:30:02,$ 3322.11,35
1327,09:30:02,$ 3322.11,89
1328,09:30:02,$ 3322.11,22
1329,09:30:02,$ 3322.11,2
1330,09:30:02,$ 3322.11,1
1331,09:30:02,$ 3322.11,2
1332,09:30:02,$ 3322.11,297
1333,09:30:02,$ 3322.11,40
1334,09:30:02,$ 3322.11,2
1335,09:30:02,$ 3322.11,4
1336,09:30:02,$ 3322.11,30
1337,09:30:02,$ 3322.11,8
1338,09:30:02,$ 3322.11,2
1339,09:30:02,$ 3322.11,20
1340,09:30:02,$ 3322.11,1
1341,09:30:02,$ 3322.11,15
1342,09:30:02,$ 3322.11,1
1343,09:30:02,$ 3322.11,5
1345,09:30:02,$ 3322.11,3
1346,09:30:02,$ 3322.11,19
1347,09:30:02,$ 3322.11,1
1348,09:30:02,$ 3322.11,1
1349,09:30:02,$ 3322.11,1
1350,09:30:02,$ 3322.11,4
1351,09:30:02,$ 3322.11,223
1352,09:30:02,$ 3322.11,12
1353,09:30:02,$ 3322.11,13
1354,09:30:02,$ 3322.11,3
1355,09:30:02,$ 3322.11,10
1356,09:30:02,$ 3322.11,8
1357,09:30:02,$ 3322.11,15
1358,09:30:02,$ 3322.11,2
1359,09:30:02,$ 3322.11,5
1360,09:30:02,$ 3322.11,1
1361,09:30:02,$ 3322.11,1
1362,09:30:02,$ 3322.11,8
1363,09:30:02,$ 3322.11,1
1364,09:30:02,$ 3322.11,1
1366,09:30:02,$ 3322.11,1
1367,09:30:02,$ 3322.11,28
1368,09:30:02,$ 3322.11,4
1369,09:30:02,$ 3322.11,50
1370,09:30:02,$ 3322.11,5
1371,09:30:02,$ 3322.11,301
1372,09:30:02,$ 3322.11,13
1373,09:30:02,$ 3322.11,1
1374,09:30:02,$ 3322.11,48
1375,09:30:02,$ 3322.11,1
1376,09:30:02,$ 3322.11,1
1377,09:30:02,$ 3322.11,8
1378,09:30:02,$ 3322.11,1
1379,09:30:02,$ 3322.11,50
1380,09:30:02,$ 3322.11,5
1381,09:30:02,$ 3322.11,1
1382,09:30:02,$ 3322.11,1
1383,09:30:02,$ 3322.11,3
1384,09:30:02,$ 3322.11,2
1385,09:30:02,$ 3322.11,40
1387,09:30:02,$ 3322.11,1
1388,09:30:02,$ 3322.11,2
1389,09:30:02,$ 3322.11,1
1390,09:30:02,$ 3322.11,5
1391,09:30:02,$ 3322.11,1
1392,09:30:02,$ 3322.11,8
1393,09:30:02,$ 3322.11,2
1394,09:30:02,$ 3322.11,3
1395,09:30:02,$ 3322.11,2
1396,09:30:02,$ 3322.11,5
1397,09:30:02,$ 3322.11,4
1398,09:30:02,$ 3322.11,15
1399,09:30:02,$ 3322.11,200
1400,09:30:02,$ 3322.11,35
1401,09:30:02,$ 3322.11,10
1402,09:30:02,$ 3322.11,5
1403,09:30:02,$ 3322.11,2
1404,09:30:02,$ 3322.11,1
1405,09:30:02,$ 3322.11,5
1406,09:30:02,$ 3322.11,7
1408,09:30:02,$ 3322.11,3
1409,09:30:02,$ 3322.11,50
1410,09:30:02,$ 3322.11,1
1411,09:30:02,$ 3322.11,15
1412,09:30:02,$ 3322.11,1
1413,09:30:02,$ 3322.11,1
1414,09:30:02,$ 3322.11,694
1415,09:30:02,$ 3322.11,5
1416,09:30:02,$ 3322.11,5
1417,09:30:02,$ 3322.11,2
1418,09:30:02,$ 3322.11,25
1419,09:30:02,$ 3322.11,1
1420,09:30:02,$ 3322.11,1
1421,09:30:02,$ 3322.11,2
1422,09:30:02,$ 3322.11,2
1423,09:30:02,$ 3322.11,57
1424,09:30:02,$ 3322.11,1
1425,09:30:02,$ 3322.11,5
1426,09:30:02,$ 3322.11,3
1427,09:30:02,$ 3322.11,4
1429,09:30:02,$ 3322.11,1
1430,09:30:02,$ 3322.11,4
1431,09:30:02,$ 3322.11,2
1432,09:30:02,$ 3322.11,1
1433,09:30:02,$ 3322.11,2
1434,09:30:02,$ 3322.11,1
1435,09:30:02,$ 3322.11,1
1436,09:30:02,$ 3322.11,1
1437,09:30:02,$ 3322.11,1
1438,09:30:02,$ 3322.11,3
1439,09:30:02,$ 3322.11,2
1440,09:30:02,$ 3322.11,2
1441,09:30:02,$ 3322.11,1
1442,09:30:02,$ 3322.11,10
1443,09:30:02,$ 3322.11,3
1444,09:30:02,$ 3322.11,2
1445,09:30:02,$ 3322.11,11
1446,09:30:02,$ 3322.11,4
1447,09:30:02,$ 3322.11,50
1448,09:30:02,$ 3322.11,4
1450,09:30:02,$ 3322.11,15
1451,09:30:02,$ 3322.11,2
1452,09:30:02,$ 3322.11,5
1453,09:30:02,$ 3322.11,1
1454,09:30:02,$ 3322.11,2
1455,09:30:02,$ 3322.11,5
1456,09:30:02,$ 3322.11,5
1457,09:30:02,$ 3322.11,4
1458,09:30:02,$ 3322.11,1
1459,09:30:02,$ 3322.11,10
1460,09:30:02,$ 3322.11,10
1461,09:30:02,$ 3322.11,19
1462,09:30:02,$ 3322.11,19
1463,09:30:02,$ 3322.11,31
1464,09:30:02,$ 3322.11,22
1465,09:30:02,$ 3322.11,127
1466,09:30:02,$ 3322.11,1
1467,09:30:02,$ 3322.11,5
1468,09:30:02,$ 3322.11,5
1469,09:30:02,$ 3322.11,5
1471,09:30:02,$ 3322.11,1
1472,09:30:02,$ 3322.11,1
1473,09:30:02,$ 3322.11,4
1474,09:30:02,$ 3322.11,4
1475,09:30:02,$ 3322.11,7
1476,09:30:02,$ 3322.11,6
1477,09:30:02,$ 3322.11,1
1478,09:30:02,$ 3322.11,3
1479,09:30:02,$ 3322.11,10
1480,09:30:02,$ 3322.11,9
1481,09:30:02,$ 3322.11,100
1482,09:30:02,$ 3322.11,3
1483,09:30:02,$ 3322.11,39
1484,09:30:02,$ 3322.11,3
1485,09:30:02,$ 3322.11,4
1486,09:30:02,$ 3322.11,1
1487,09:30:02,$ 3322.11,1
1488,09:30:02,$ 3322.11,7
1489,09:30:02,$ 3322.11,50
1490,09:30:02,$ 3322.11,1
1492,09:30:02,$ 3322.11,4
1493,09:30:02,$ 3322.11,3
1494,09:30:02,$ 3322.11,1
1495,09:30:02,$ 3322.11,15
1496,09:30:02,$ 3322.11,9
1497,09:30:02,$ 3322.11,1
1498,09:30:02,$ 3322.11,1
1499,09:30:02,$ 3322.11,43
1500,09:30:02,$ 3322.11,3
1501,09:30:02,$ 3322.11,3
1502,09:30:02,$ 3322.11,1
1503,09:30:02,$ 3322.11,2
1504,09:30:02,$ 3322.11,1
1505,09:30:02,$ 3322.11,1
1506,09:30:02,$ 3322.11,5
1507,09:30:02,$ 3322.11,5
1508,09:30:02,$ 3322.11,3
1509,09:30:02,$ 3322.11,5
1510,09:30:02,$ 3322.11,1
1511,09:30:02,$ 3322.11,1
1513,09:30:02,$ 3322.11,5
1514,09:30:02,$ 3322.11,2
1515,09:30:02,$ 3322.11,1
1516,09:30:02,$ 3322.11,1
1517,09:30:02,$ 3322.11,4
1518,09:30:02,$ 3322.11,1
1519,09:30:02,$ 3322.11,1
1520,09:30:02,$ 3322.11,1
1521,09:30:02,$ 3322.11,3
1522,09:30:02,$ 3322.11,1
1523,09:30:02,$ 3322.11,1
1524,09:30:02,$ 3322.11,2
1525,09:30:02,$ 3322.11,1
1526,09:30:02,$ 3322.11,10
1527,09:30:02,$ 3322.11,2
1528,09:30:02,$ 3322.11,5
1529,09:30:02,$ 3322.11,2
1530,09:30:02,$ 3322.11,1
1531,09:30:02,$ 3322.11,1
1532,09:30:02,$ 3322.11,33
1534,09:30:02,$ 3322.11,6
1535,09:30:02,$ 3322.11,5
1536,09:30:02,$ 3322.11,1
1537,09:30:02,$ 3322.11,5
1538,09:30:02,$ 3322.11,10
1539,09:30:02,$ 3322.11,2
1540,09:30:02,$ 3322.11,14
1541,09:30:02,$ 3322.11,1
1542,09:30:02,$ 3322.11,2
1543,09:30:02,$ 3322.11,1
1544,09:30:02,$ 3322.11,2
1545,09:30:02,$ 3322.11,1
1546,09:30:02,$ 3322.11,2
1547,09:30:02,$ 3322.11,3
1548,09:30:02,$ 3322.11,10
1549,09:30:02,$ 3322.11,15
1550,09:30:02,$ 3322.11,156
1551,09:30:02,$ 3322.11,2
1552,09:30:02,$ 3322.11,1
1553,09:30:02,$ 3322.11,1
1555,09:30:02,$ 3322.11,29
1556,09:30:02,$ 3322.11,1
1557,09:30:02,$ 3322.11,3
1558,09:30:02,$ 3322.11,1
1559,09:30:02,$ 3322.11,1
1560,09:30:02,$ 3322.11,2
1561,09:30:02,$ 3322.11,9
1562,09:30:02,$ 3322.11,5
1563,09:30:02,$ 3322.11,38
1564,09:30:02,$ 3322.11,1
1565,09:30:02,$ 3322.11,2
1566,09:30:02,$ 3322.11,1
1567,09:30:02,$ 3322.11,2
1568,09:30:02,$ 3322.11,1
1569,09:30:02,$ 3322.11,1
1570,09:30:02,$ 3322.11,17
1571,09:30:02,$ 3322.11,3
1572,09:30:02,$ 3322.11,3
1573,09:30:02,$ 3322.11,2
1574,09:30:02,$ 3322.11,2
1576,09:30:02,$ 3322.11,9
1577,09:30:02,$ 3322.11,1
1578,09:30:02,$ 3322.11,1
1579,09:30:02,$ 3322.11,7
1580,09:30:02,$ 3322.11,100
1581,09:30:02,$ 3322.11,4
1582,09:30:02,$ 3322.11,3
1583,09:30:02,$ 3322.11,7
1584,09:30:02,$ 3322.11,4
1585,09:30:02,$ 3322.11,5
1586,09:30:02,$ 3322.11,23
1587,09:30:02,$ 3322.11,57
1588,09:30:02,$ 3322.11,2
1589,09:30:02,$ 3322.11,3
1590,09:30:02,$ 3322.11,120
1591,09:30:02,$ 3322.11,1
1592,09:30:02,$ 3322.11,4
1593,09:30:02,$ 3322.11,2
1594,09:30:02,$ 3322.11,3
1595,09:30:02,$ 3322.11,8
1597,09:30:02,$ 3322.11,2
1598,09:30:02,$ 3322.11,5
1599,09:30:02,$ 3322.11,3
1600,09:30:02,$ 3322.11,4
1601,09:30:02,$ 3322.11,20
1602,09:30:02,$ 3322.11,3
1603,09:30:02,$ 3322.11,5
1604,09:30:02,$ 3322.11,5
1605,09:30:02,$ 3322.11,7
1606,09:30:02,$ 3322.11,13
1607,09:30:02,$ 3322.11,15
1608,09:30:02,$ 3322.11,1
1609,09:30:02,$ 3322.11,1
1610,09:30:02,$ 3322.11,1
1611,09:30:02,$ 3322.11,2
1612,09:30:02,$ 3322.11,5
1613,09:30:02,$ 3322.11,10
1614,09:30:02,$ 3322.11,1
1615,09:30:02,$ 3322.11,40
1616,09:30:02,$ 3322.11,1
1618,09:30:02,$ 3322.11,3
1619,09:30:02,$ 3322.11,7
1620,09:30:02,$ 3322.11,1
1621,09:30:02,$ 3322.11,1
1622,09:30:02,$ 3322.11,10
1623,09:30:02,$ 3322.11,1
1624,09:30:02,$ 3322.11,1
1625,09:30:02,$ 3322.11,1
1626,09:30:02,$ 3322.11,1
1627,09:30:02,$ 3322.11,1
1628,09:30:02,$ 3322.11,1
1629,09:30:02,$ 3322.11,3
1630,09:30:02,$ 3322.11,1
1631,09:30:02,$ 3322.11,10
1632,09:30:02,$ 3322.11,1
1633,09:30:02,$ 3322.11,2
1634,09:30:02,$ 3322.11,2
1635,09:30:02,$ 3322.11,2
1636,09:30:02,$ 3322.11,1
1637,09:30:02,$ 3322.11,63
1639,09:30:02,$ 3322.11,2
1640,09:30:02,$ 3322.11,1
1641,09:30:02,$ 3322.11,3
1642,09:30:02,$ 3322.11,5
1643,09:30:02,$ 3322.11,"2,000"
1644,09:30:02,$ 3322.11,15
1645,09:30:02,$ 3322.11,3
1646,09:30:02,$ 3322.11,1
1647,09:30:02,$ 3322.11,5
1648,09:30:02,$ 3322.11,1
1649,09:30:02,$ 3322.11,2
1650,09:30:02,$ 3322.11,7
1651,09:30:02,$ 3322.11,95
1652,09:30:02,$ 3322.11,1
1653,09:30:02,$ 3322.11,6
1654,09:30:02,$ 3322.11,1
1655,09:30:02,$ 3322.11,4
1656,09:30:02,$ 3322.11,1
1657,09:30:02,$ 3322.11,1
1658,09:30:02,$ 3322.11,2
1660,09:30:02,$ 3322.11,3
1661,09:30:02,$ 3322.11,1
1662,09:30:02,$ 3322.11,3
1663,09:30:02,$ 3322.11,4
1664,09:30:02,$ 3322.11,26
1665,09:30:02,$ 3322.11,10
1666,09:30:02,$ 3322.11,1
1667,09:30:02,$ 3322.11,5
1668,09:30:02,$ 3322.11,1
1669,09:30:02,$ 3322.11,4
1670,09:30:02,$ 3322.11,2
1671,09:30:02,$ 3322.11,3
1672,09:30:02,$ 3322.11,30
1673,09:30:02,$ 3322.11,1
1674,09:30:02,$ 3322.11,3
1675,09:30:02,$ 3322.11,1
1676,09:30:02,$ 3322.11,3
1677,09:30:02,$ 3322.11,10
1678,09:30:02,$ 3322.11,22
1679,09:30:02,$ 3322.11,1
1681,09:30:02,$ 3322.11,6
1682,09:30:02,$ 3322.11,3
1683,09:30:02,$ 3322.11,1
1684,09:30:02,$ 3322.11,15
1685,09:30:02,$ 3322.11,6
1686,09:30:02,$ 3322.11,2
1687,09:30:02,$ 3322.11,1
1688,09:30:02,$ 3322.11,5
1689,09:30:02,$ 3322.11,1
1690,09:30:02,$ 3322.11,2
1691,09:30:02,$ 3322.11,1
1692,09:30:02,$ 3322.11,10
1693,09:30:02,$ 3322.11,2
1694,09:30:02,$ 3322.11,3
1695,09:30:02,$ 3322.11,1
1696,09:30:02,$ 3322.11,2
1697,09:30:02,$ 3322.11,250
1698,09:30:02,$ 3322.11,34
1699,09:30:02,$ 3322.11,2
1700,09:30:02,$ 3322.11,15
1702,09:30:02,$ 3322.11,15
1703,09:30:02,$ 3322.11,1
1704,09:30:02,$ 3322.11,6
1705,09:30:02,$ 3322.11,5
1706,09:30:02,$ 3322.11,2
1707,09:30:02,$ 3322.11,2
1708,09:30:02,$ 3322.11,2
1709,09:30:02,$ 3322.11,2
1710,09:30:02,$ 3322.11,1
1711,09:30:02,$ 3322.11,7
1712,09:30:02,$ 3322.11,1
1713,09:30:02,$ 3322.11,30
1714,09:30:02,$ 3322.11,1
1715,09:30:02,$ 3322.11,1
1716,09:30:02,$ 3322.11,1
1717,09:30:02,$ 3322.11,2
1718,09:30:02,$ 3322.11,1
1719,09:30:02,$ 3322.11,2
1720,09:30:02,$ 3322.11,2
1721,09:30:02,$ 3322.11,30
1723,09:30:02,$ 3322.11,2
1724,09:30:02,$ 3322.11,5
1725,09:30:02,$ 3322.11,1
1726,09:30:02,$ 3322.11,1
1727,09:30:02,$ 3322.11,2
1728,09:30:02,$ 3322.11,3
1729,09:30:02,$ 3322.11,1
1730,09:30:02,$ 3322.11,2
1731,09:30:02,$ 3322.11,3
1732,09:30:02,$ 3322.11,8
1733,09:30:02,$ 3322.11,1
1734,09:30:02,$ 3322.11,1
1735,09:30:02,$ 3322.11,2
1736,09:30:02,$ 3322.11,1
1737,09:30:02,$ 3322.11,3
1738,09:30:02,$ 3322.11,2
1739,09:30:02,$ 3322.11,1
1740,09:30:02,$ 3322.11,1
1741,09:30:02,$ 3322.11,2
1742,09:30:02,$ 3322.11,1
1744,09:30:02,$ 3322.11,1
1745,09:30:02,$ 3322.11,25
1746,09:30:02,$ 3322.11,2
1747,09:30:02,$ 3322.11,5
1748,09:30:02,$ 3322.11,2
1749,09:30:02,$ 3322.11,4
1750,09:30:02,$ 3322.11,1
1751,09:30:02,$ 3322.11,5
1752,09:30:02,$ 3322.11,3
1753,09:30:02,$ 3322.11,2
1754,09:30:02,$ 3322.11,1
1755,09:30:02,$ 3322.11,1
1756,09:30:02,$ 3322.11,2
1757,09:30:02,$ 3322.11,6
1758,09:30:02,$ 3322.11,2
1759,09:30:02,$ 3322.11,1
1760,09:30:02,$ 3322.11,3
1761,09:30:02,$ 3322.11,5
1762,09:30:02,$ 3322.11,2
1763,09:30:02,$ 3322.11,3
1765,09:30:02,$ 3322.11,15
1766,09:30:02,$ 3322.11,4
1767,09:30:02,$ 3322.11,1
1768,09:30:02,$ 3322.11,1
1769,09:30:02,$ 3322.11,1
1770,09:30:02,$ 3322.11,1
1771,09:30:02,$ 3322.11,2
1772,09:30:02,$ 3322.11,2
1773,09:30:02,$ 3322.11,1
1774,09:30:02,$ 3322.11,7
1775,09:30:02,$ 3322.11,1
1776,09:30:02,$ 3322.11,1
1777,09:30:02,$ 3322.11,10
1778,09:30:02,$ 3322.11,1
1779,09:30:02,$ 3322.11,1
1780,09:30:02,$ 3322.11,1
1781,09:30:02,$ 3322.11,20
1782,09:30:02,$ 3322.11,2
1783,09:30:02,$ 3322.11,3
1784,09:30:02,$ 3322.11,3
1786,09:30:02,$ 3322.11,10
1787,09:30:02,$ 3322.11,20
1788,09:30:02,$ 3322.11,6
1789,09:30:02,$ 3322.11,1
1790,09:30:02,$ 3322.11,1
1791,09:30:02,$ 3322.11,1
1792,09:30:02,$ 3322.11,1
1793,09:30:02,$ 3322.11,1
1794,09:30:02,$ 3322.11,1
1795,09:30:02,$ 3322.11,1
1796,09:30:02,$ 3322.11,15
1797,09:30:02,$ 3322.11,3
1798,09:30:02,$ 3322.11,2
1799,09:30:02,$ 3322.11,1
1800,09:30:02,$ 3322.11,1
1801,09:30:02,$ 3322.11,6
1802,09:30:02,$ 3322.11,2
1803,09:30:02,$ 3322.11,3
1804,09:30:02,$ 3322.11,8
1805,09:30:02,$ 3322.11,5
1807,09:30:02,$ 3322.11,5
1808,09:30:02,$ 3322.11,1
1809,09:30:02,$ 3322.11,2
1810,09:30:02,$ 3322.11,5
1811,09:30:02,$ 3322.11,1
1812,09:30:02,$ 3322.11,5
1813,09:30:02,$ 3322.11,3
1814,09:30:02,$ 3322.11,38
1815,09:30:02,$ 3322.11,1
1816,09:30:02,$ 3322.11,3
1817,09:30:02,$ 3322.11,2
1818,09:30:02,$ 3322.11,3
1819,09:30:02,$ 3322.11,4
1820,09:30:02,$ 3322.11,6
1821,09:30:02,$ 3322.11,100
1822,09:30:02,$ 3322.11,3
1823,09:30:02,$ 3322.11,2
1824,09:30:02,$ 3322.11,14
1825,09:30:02,$ 3322.11,1
1826,09:30:02,$ 3322.11,2
1828,09:30:02,$ 3322.11,1
1829,09:30:02,$ 3322.11,5
1830,09:30:02,$ 3322.11,15
1831,09:30:02,$ 3322.11,2
1832,09:30:02,$ 3322.11,1
1833,09:30:02,$ 3322.11,1
1834,09:30:02,$ 3322.11,30
1835,09:30:02,$ 3322.11,1
1836,09:30:02,$ 3322.11,6
1837,09:30:02,$ 3322.11,8
1838,09:30:02,$ 3322.11,11
1839,09:30:02,$ 3322.11,1
1840,09:30:02,$ 3322.11,1
1841,09:30:02,$ 3322.11,4
1842,09:30:02,$ 3322.11,2
1843,09:30:02,$ 3322.11,2
1844,09:30:02,$ 3322.11,1
1845,09:30:02,$ 3322.11,1
1846,09:30:02,$ 3322.11,1
1847,09:30:02,$ 3322.11,5
1849,09:30:02,$ 3322.11,5
1850,09:30:02,$ 3322.11,60
1851,09:30:02,$ 3322.11,1
1852,09:30:02,$ 3322.11,5
1853,09:30:02,$ 3322.11,22
1854,09:30:02,$ 3322.11,1
1855,09:30:02,$ 3322.11,2
1856,09:30:02,$ 3322.11,1
1857,09:30:02,$ 3322.11,2
1858,09:30:02,$ 3322.11,1
1859,09:30:02,$ 3322.11,1
1860,09:30:02,$ 3322.11,1
1861,09:30:02,$ 3322.11,1
1862,09:30:02,$ 3322.11,1
1863,09:30:02,$ 3322.11,1
1864,09:30:02,$ 3322.11,15
1865,09:30:02,$ 3322.11,1
1866,09:30:02,$ 3322.11,2
1867,09:30:02,$ 3322.11,1
1868,09:30:02,$ 3322.11,3
1870,09:30:02,$ 3322.11,1
1871,09:30:02,$ 3322.11,60
1872,09:30:02,$ 3322.11,2
1873,09:30:02,$ 3322.11,2
1874,09:30:02,$ 3322.11,1
1875,09:30:02,$ 3322.11,5
1876,09:30:02,$ 3322.11,1
1877,09:30:02,$ 3322.11,4
1878,09:30:02,$ 3322.11,8
1879,09:30:02,$ 3322.11,8
1880,09:30:02,$ 3322.11,2
1881,09:30:02,$ 3322.11,10
1882,09:30:02,$ 3322.11,2
1883,09:30:02,$ 3322.11,2
1884,09:30:02,$ 3322.11,1
1885,09:30:02,$ 3322.11,2
1886,09:30:02,$ 3322.11,2
1887,09:30:02,$ 3322.11,2
1888,09:30:02,$ 3322.11,1
1889,09:30:02,$ 3322.11,1
1891,09:30:02,$ 3322.11,2
1892,09:30:02,$ 3322.11,3
1893,09:30:02,$ 3322.11,30
1894,09:30:02,$ 3322.11,2
1895,09:30:02,$ 3322.11,1
1896,09:30:02,$ 3322.11,5
1897,09:30:02,$ 3322.11,2
1898,09:30:02,$ 3322.11,10
1899,09:30:02,$ 3322.11,1
1900,09:30:02,$ 3322.11,1
1901,09:30:02,$ 3322.11,1
1902,09:30:02,$ 3322.11,2
1903,09:30:02,$ 3322.11,1
1904,09:30:02,$ 3322.11,1
1905,09:30:02,$ 3322.11,5
1906,09:30:02,$ 3322.11,5
1907,09:30:02,$ 3322.11,1
1908,09:30:02,$ 3322.11,1
1909,09:30:02,$ 3322.11,3
1910,09:30:02,$ 3322.11,10
1912,09:30:02,$ 3322.11,1
1913,09:30:02,$ 3322.11,7
1914,09:30:02,$ 3322.11,6
1915,09:30:02,$ 3322.11,1
1916,09:30:02,$ 3322.11,2
1917,09:30:02,$ 3322.11,5
1918,09:30:02,$ 3322.11,1
1919,09:30:02,$ 3322.11,1
1920,09:30:02,$ 3322.11,5
1921,09:30:02,$ 3322.11,20
1922,09:30:02,$ 3322.11,4
1923,09:30:02,$ 3322.11,398
1924,09:30:02,$ 3322.11,8
1925,09:30:02,$ 3322.11,1
1926,09:30:02,$ 3322.11,13
1927,09:30:02,$ 3322.11,3
1928,09:30:02,$ 3322.11,1
1929,09:30:02,$ 3322.11,2
1930,09:30:02,$ 3322.11,8
1931,09:30:02,$ 3322.11,10
1933,09:30:02,$ 3322.11,2
1934,09:30:02,$ 3322.11,1
1935,09:30:02,$ 3322.11,4
1936,09:30:02,$ 3322.11,1
1937,09:30:02,$ 3322.11,1
1938,09:30:02,$ 3322.11,5
1939,09:30:02,$ 3322.11,20
1940,09:30:02,$ 3322.11,4
1941,09:30:02,$ 3322.11,2
1942,09:30:02,$ 3322.11,1
1943,09:30:02,$ 3322.11,5
1944,09:30:02,$ 3322.11,2
1945,09:30:02,$ 3322.11,2
1946,09:30:02,$ 3322.11,3
1947,09:30:02,$ 3322.11,6
1948,09:30:02,$ 3322.11,3
1949,09:30:02,$ 3322.11,18
1950,09:30:02,$ 3322.11,8
1951,09:30:02,$ 3322.11,5
1952,09:30:02,$ 3322.11,17
1954,09:30:02,$ 3322.11,300
1955,09:30:02,$ 3322.11,1
1956,09:30:02,$ 3322.11,1
1957,09:30:02,$ 3322.11,400
1958,09:30:02,$ 3322.11,1
1959,09:30:02,$ 3322.11,2
1960,09:30:02,$ 3322.11,1
1961,09:30:02,$ 3322.11,3
1962,09:30:02,$ 3322.11,1
1963,09:30:02,$ 3322.11,1
1964,09:30:02,$ 3322.11,100
1965,09:30:02,$ 3322.11,4
1966,09:30:02,$ 3322.11,1
1967,09:30:02,$ 3322.11,4
1968,09:30:02,$ 3322.11,1
1969,09:30:02,$ 3322.11,15
1970,09:30:02,$ 3322.11,46
1971,09:30:02,$ 3322.11,6
1972,09:30:02,$ 3322.11,1
1973,09:30:02,$ 3322.11,3
1975,09:30:02,$ 3322.11,5
1976,09:30:02,$ 3322.11,1
1977,09:30:02,$ 3322.11,3
1978,09:30:02,$ 3322.11,6
1979,09:30:02,$ 3322.11,5
1980,09:30:02,$ 3322.11,4
1981,09:30:02,$ 3322.11,2
1982,09:30:02,$ 3322.11,1
1983,09:30:02,$ 3322.11,10
1984,09:30:02,$ 3322.11,5
1985,09:30:02,$ 3322.11,1
1986,09:30:02,$ 3322.11,1
1987,09:30:02,$ 3322.11,1
1988,09:30:02,$ 3322.11,8
1989,09:30:02,$ 3322.11,1
1990,09:30:02,$ 3322.11,1
1991,09:30:02,$ 3322.11,5
1992,09:30:02,$ 3322.11,1
1993,09:30:02,$ 3322.11,1
1994,09:30:02,$ 3322.11,5
1996,09:30:02,$ 3322.11,12
1997,09:30:02,$ 3322.11,1
1998,09:30:02,$ 3322.11,5
1999,09:30:02,$ 3322.11,1
2000,09:30:02,$ 3322.11,1
2001,09:30:02,$ 3322.11,1
2002,09:30:02,$ 3322.11,2
2003,09:30:02,$ 3322.11,2
2004,09:30:02,$ 3322.11,5
2005,09:30:02,$ 3322.11,10
2006,09:30:02,$ 3322.11,1
2007,09:30:02,$ 3322.11,2
2008,09:30:02,$ 3322.11,1
2009,09:30:02,$ 3322.11,1
2010,09:30:02,$ 3322.11,1
2011,09:30:02,$ 3322.11,1
2012,09:30:02,$ 3322.11,1
2013,09:30:02,$ 3322.11,1
2014,09:30:02,$ 3322.11,1
2015,09:30:02,$ 3322.11,1
2017,09:30:02,$ 3322.11,1
2018,09:30:02,$ 3322.11,2
2019,09:30:02,$ 3322.11,1
2020,09:30:02,$ 3322.11,1
2021,09:30:02,$ 3322.11,1
2022,09:30:02,$ 3322.11,52
2023,09:30:02,$ 3322.11,1
2024,09:30:02,$ 3322.11,5
2025,09:30:02,$ 3322.11,1
2026,09:30:02,$ 3322.11,1
2027,09:30:02,$ 3322.11,1
2028,09:30:02,$ 3322.11,1
2029,09:30:02,$ 3322.11,1
2030,09:30:02,$ 3322.11,1
2031,09:30:02,$ 3322.11,1
2032,09:30:02,$ 3322.11,1
2033,09:30:02,$ 3322.11,1
2034,09:30:02,$ 3322.11,1
2035,09:30:02,$ 3322.11,1
2036,09:30:02,$ 3322.11,1
2038,09:30:02,$ 3322.11,1
2039,09:30:02,$ 3322.11,1
2040,09:30:02,$ 3322.11,1
2041,09:30:02,$ 3322.11,1
2042,09:30:02,$ 3322.11,1
2043,09:30:02,$ 3322.11,1
2044,09:30:02,$ 3322.11,1
2045,09:30:02,$ 3322.11,1
2046,09:30:02,$ 3322.11,1
2047,09:30:02,$ 3322.11,1
2048,09:30:02,$ 3322.11,1
2049,09:30:02,$ 3322.11,1
2050,09:30:02,$ 3322.11,1
2051,09:30:02,$ 3322.11,1
2052,09:30:02,$ 3322.11,1
2053,09:30:02,$ 3322.11,9
2054,09:30:02,$ 3322.11,3
2055,09:30:02,$ 3322.11,2
2056,09:30:02,$ 3322.11,100
2057,09:30:02,$ 3322.11,7
2059,09:30:02,$ 3322.11,1
2060,09:30:02,$ 3322.11,1
2061,09:30:02,$ 3322.11,1
2062,09:30:02,$ 3322.11,1
2063,09:30:02,$ 3322.11,2
2064,09:30:02,$ 3322.11,20
2065,09:30:02,$ 3322.11,3
2066,09:30:02,$ 3322.11,13
2067,09:30:02,$ 3322.11,1
2068,09:30:02,$ 3322.11,1
2069,09:30:02,$ 3322.11,3
2070,09:30:02,$ 3322.11,1
2071,09:30:02,$ 3322.11,1
2072,09:30:02,$ 3322.11,12
2073,09:30:02,$ 3322.11,1
2074,09:30:02,$ 3322.11,1
2075,09:30:02,$ 3322.11,5
2076,09:30:02,$ 3322.11,40
2077,09:30:02,$ 3322.11,1
2078,09:30:02,$ 3322.11,1
2080,09:30:02,$ 3322.11,3
2081,09:30:02,$ 3322.11,2
2082,09:30:02,$ 3322.11,35
2083,09:30:02,$ 3322.11,67
2084,09:30:02,$ 3322.11,200
2085,09:30:02,$ 3322.11,4
2086,09:30:02,$ 3322.11,4
2087,09:30:02,$ 3322.11,1
2088,09:30:02,$ 3322.11,4
2089,09:30:02,$ 3322.11,1
2090,09:30:02,$ 3322.11,1
2091,09:30:02,$ 3322.11,4
2092,09:30:02,$ 3322.11,4
2093,09:30:02,$ 3322.11,4
2094,09:30:02,$ 3322.11,4
2095,09:30:02,$ 3322.11,5
2096,09:30:02,$ 3322.11,5
2097,09:30:02,$ 3322.11,79
2098,09:30:02,$ 3322.11,30
2099,09:30:02,$ 3322.11,5
2101,09:30:02,$ 3322.11,150
2102,09:30:02,$ 3322.11,100
2103,09:30:02,$ 3322.11,3
2104,09:30:02,$ 3322.11,20
2105,09:30:02,$ 3322.11,3
2106,09:30:02,$ 3322.11,100
2107,09:30:02,$ 3322.11,1
2108,09:30:02,$ 3322.11,52
2109,09:30:02,$ 3322.11,52
2110,09:30:02,$ 3322.11,42
2111,09:30:02,$ 3322.11,62
2112,09:30:02,$ 3322.11,61
2113,09:30:02,$ 3322.11,1
2114,09:30:02,$ 3322.11,100
2115,09:30:02,$ 3322.11,1
2116,09:30:02,$ 3322.11,400
2117,09:30:02,$ 3322.11,91
2118,09:30:02,$ 3322.11,1
2119,09:30:02,$ 3322.11,1
2120,09:30:02,$ 3322.11,1
2122,09:30:02,$ 3322.11,1
2123,09:30:02,$ 3322.11,100
2124,09:30:02,$ 3322.11,1
2125,09:30:02,$ 3322.11,1
2126,09:30:02,$ 3322.11,1
2127,09:30:02,$ 3322.11,1
2128,09:30:02,$ 3322.11,10
2129,09:30:02,$ 3322.11,5
2130,09:30:02,$ 3322.11,1
2131,09:30:02,$ 3322.11,1
2132,09:30:02,$ 3322.11,1
2133,09:30:02,$ 3322.11,2
2134,09:30:02,$ 3322.11,1
2135,09:30:02,$ 3322.11,4
2136,09:30:02,$ 3322.11,10
2137,09:30:02,$ 3322.11,2
2138,09:30:02,$ 3322.11,2
2139,09:30:02,$ 3322.11,1
2140,09:30:02,$ 3322.11,1
2141,09:30:02,$ 3322.11,10
2143,09:30:02,$ 3322.11,2
2144,09:30:02,$ 3322.11,10
2145,09:30:02,$ 3322.11,12
2146,09:30:02,$ 3322.11,1
2147,09:30:02,$ 3322.11,1
2148,09:30:02,$ 3322.11,3
2149,09:30:02,$ 3322.11,3
2150,09:30:02,$ 3322.11,70
2151,09:30:02,$ 3322.11,1
2152,09:30:02,$ 3322.11,60
2153,09:30:02,$ 3322.11,1
2154,09:30:02,$ 3322.11,33
2155,09:30:02,$ 3322.11,7
2156,09:30:02,$ 3322.11,30
2157,09:30:02,$ 3322.11,1
2158,09:30:02,$ 3322.11,5
2159,09:30:02,$ 3322.11,3
2160,09:30:02,$ 3322.11,2
2161,09:30:02,$ 3322.11,1
2162,09:30:02,$ 3322.11,10
2164,09:30:02,$ 3322.11,2
2165,09:30:02,$ 3322.11,2
2166,09:30:02,$ 3322.11,1
2167,09:30:02,$ 3322.11,25
2168,09:30:02,$ 3322.11,200
2169,09:30:02,$ 3322.11,33
2170,09:30:02,$ 3322.11,10
2171,09:30:02,$ 3322.11,2
2172,09:30:02,$ 3322.11,5
2173,09:30:02,$ 3322.11,5
2174,09:30:02,$ 3322.11,1
2175,09:30:02,$ 3322.11,1
2176,09:30:02,$ 3322.11,33
2177,09:30:02,$ 3322.11,7
2178,09:30:02,$ 3322.11,10
2179,09:30:02,$ 3322.11,100
2180,09:30:02,$ 3322.11,4
2181,09:30:02,$ 3322.11,179
2182,09:30:02,$ 3322.11,1
2183,09:30:02,$ 3322.11,1
2185,09:30:02,$ 3322.11,2
2186,09:30:02,$ 3322.11,1
2187,09:30:02,$ 3322.11,1
2188,09:30:02,$ 3322.11,1
2189,09:30:02,$ 3322.11,2
2190,09:30:02,$ 3322.11,1
2191,09:30:02,$ 3322.11,5
2192,09:30:02,$ 3322.11,24
2193,09:30:02,$ 3322.11,3
2194,09:30:02,$ 3322.11,10
2195,09:30:02,$ 3322.11,1
2196,09:30:02,$ 3322.11,2
2197,09:30:02,$ 3322.11,1
2198,09:30:02,$ 3322.11,1
2199,09:30:02,$ 3322.11,5
2200,09:30:02,$ 3322.11,4
2201,09:30:02,$ 3322.11,1
2202,09:30:02,$ 3322.11,1
2203,09:30:02,$ 3322.11,195
2204,09:30:02,$ 3322.11,3
2206,09:30:02,$ 3322.11,1
2207,09:30:02,$ 3322.11,1
2208,09:30:02,$ 3322.11,4
2209,09:30:02,$ 3322.11,1
2210,09:30:02,$ 3322.11,1
2211,09:30:02,$ 3322.11,10
2212,09:30:02,$ 3322.11,1
2213,09:30:02,$ 3322.11,2
2214,09:30:02,$ 3322.11,2
2215,09:30:02,$ 3322.11,1
2216,09:30:02,$ 3322.11,1
2217,09:30:02,$ 3322.11,19
2218,09:30:02,$ 3322.11,1
2219,09:30:02,$ 3322.11,1
2220,09:30:02,$ 3322.11,1
2221,09:30:02,$ 3322.11,1
2222,09:30:02,$ 3322.11,100
2223,09:30:02,$ 3322.11,40
2224,09:30:02,$ 3322.11,20
2225,09:30:02,$ 3322.11,2
2227,09:30:02,$ 3322.11,2
2228,09:30:02,$ 3322.11,1
2229,09:30:02,$ 3322.11,3
2230,09:30:02,$ 3322.11,2
2231,09:30:02,$ 3322.11,5
2232,09:30:02,$ 3322.11,10
2233,09:30:02,$ 3322.11,2
2234,09:30:02,$ 3322.11,3
2235,09:30:02,$ 3322.11,1
2236,09:30:02,$ 3322.11,3
2237,09:30:02,$ 3322.11,1
2238,09:30:02,$ 3322.11,3
2239,09:30:02,$ 3322.11,3
2240,09:30:02,$ 3322.11,1
2241,09:30:02,$ 3322.11,2
2242,09:30:02,$ 3322.11,3
2243,09:30:02,$ 3322.11,7
2244,09:30:02,$ 3322.11,2
2245,09:30:02,$ 3322.11,100
2246,09:30:02,$ 3322.11,2
2248,09:30:02,$ 3322.11,15
2249,09:30:02,$ 3322.11,15
2250,09:30:02,$ 3322.11,9
2251,09:30:02,$ 3322.11,28
2252,09:30:02,$ 3322.11,1
2253,09:30:02,$ 3322.11,3
2254,09:30:02,$ 3322.11,10
2255,09:30:02,$ 3322.11,7
2256,09:30:02,$ 3322.11,32
2257,09:30:02,$ 3322.11,187
2258,09:30:02,$ 3322.11,4
2259,09:30:02,$ 3322.11,144
2260,09:30:02,$ 3322.11,4
2261,09:30:02,$ 3322.11,1
2262,09:30:02,$ 3322.11,10
2263,09:30:02,$ 3322.11,1
2264,09:30:02,$ 3322.11,1
2265,09:30:02,$ 3322.11,5
2266,09:30:02,$ 3322.11,60
2267,09:30:02,$ 3322.11,1
2269,09:30:02,$ 3322.11,10
2270,09:30:02,$ 3322.11,5
2271,09:30:02,$ 3322.11,5
2272,09:30:02,$ 3322.11,1
2273,09:30:02,$ 3322.11,2
2274,09:30:02,$ 3322.11,3
2275,09:30:02,$ 3322.11,100
2276,09:30:02,$ 3322.11,1
2277,09:30:02,$ 3322.11,5
2278,09:30:02,$ 3322.11,5
2279,09:30:02,$ 3322.11,1
2280,09:30:02,$ 3322.11,1
2281,09:30:02,$ 3322.11,5
2282,09:30:02,$ 3322.11,10
2283,09:30:02,$ 3322.11,1
2284,09:30:02,$ 3322.11,1
2285,09:30:02,$ 3322.11,3
2286,09:30:02,$ 3322.11,5
2287,09:30:02,$ 3322.11,6
2288,09:30:02,$ 3322.11,1
2290,09:30:02,$ 3322.11,5
2291,09:30:02,$ 3322.11,3
2292,09:30:02,$ 3322.11,1
2293,09:30:02,$ 3322.11,10
2294,09:30:02,$ 3322.11,10
2295,09:30:02,$ 3322.11,1
2296,09:30:02,$ 3322.11,1
2297,09:30:02,$ 3322.11,4
2298,09:30:02,$ 3322.11,3
2299,09:30:02,$ 3322.11,1
2300,09:30:02,$ 3322.11,3
2301,09:30:02,$ 3322.11,5
2302,09:30:02,$ 3322.11,2
2303,09:30:02,$ 3322.11,1
2304,09:30:02,$ 3322.11,5
2305,09:30:02,$ 3322.11,3
2306,09:30:02,$ 3322.11,1
2307,09:30:02,$ 3322.11,1
2308,09:30:02,$ 3322.11,1
2309,09:30:02,$ 3322.11,1
2311,09:30:02,$ 3322.11,1
2312,09:30:02,$ 3322.11,1
2313,09:30:02,$ 3322.11,3
2314,09:30:02,$ 3322.11,5
2315,09:30:02,$ 3322.11,1
2316,09:30:02,$ 3322.11,4
2317,09:30:02,$ 3322.11,27
2318,09:30:02,$ 3322.11,18
2319,09:30:02,$ 3322.11,1
2320,09:30:02,$ 3322.11,1
2321,09:30:02,$ 3322.11,12
2322,09:30:02,$ 3322.11,2
2323,09:30:02,$ 3322.11,8
2324,09:30:02,$ 3322.11,1
2325,09:30:02,$ 3322.11,1
2326,09:30:02,$ 3322.11,1
2327,09:30:02,$ 3322.11,19
2328,09:30:02,$ 3322.11,1
2329,09:30:02,$ 3322.11,1
2330,09:30:02,$ 3322.11,2
2332,09:30:02,$ 3322.11,5
2333,09:30:02,$ 3322.11,4
2334,09:30:02,$ 3322.11,5
2335,09:30:02,$ 3322.11,3
2336,09:30:02,$ 3322.11,1
2337,09:30:02,$ 3322.11,1
2338,09:30:02,$ 3322.11,1
2339,09:30:02,$ 3322.11,100
2340,09:30:02,$ 3322.11,1
2341,09:30:02,$ 3322.11,1
2342,09:30:02,$ 3322.11,2
2343,09:30:02,$ 3322.11,2
2344,09:30:02,$ 3322.11,1
2345,09:30:02,$ 3322.11,1
2346,09:30:02,$ 3322.11,4
2347,09:30:02,$ 3322.11,1
2348,09:30:02,$ 3322.11,1
2349,09:30:02,$ 3322.11,2
2350,09:30:02,$ 3322.11,1
2351,09:30:02,$ 3322.11,2
2353,09:30:02,$ 3322.11,300
2354,09:30:02,$ 3322.11,94
2355,09:30:02,$ 3322.11,2
2356,09:30:02,$ 3322.11,29
2357,09:30:02,$ 3322.11,14
2358,09:30:02,$ 3322.11,2
2359,09:30:02,$ 3322.11,8
2360,09:30:02,$ 3322.11,8
2361,09:30:02,$ 3322.11,5
2362,09:30:02,$ 3322.11,8
2363,09:30:02,$ 3322.11,30
2364,09:30:02,$ 3322.11,1
2365,09:30:02,$ 3322.11,87
2366,09:30:02,$ 3322.11,2
2367,09:30:02,$ 3322.11,2
2368,09:30:02,$ 3322.11,1
2369,09:30:02,$ 3322.11,1
2370,09:30:02,$ 3322.11,1
2371,09:30:02,$ 3322.11,1
2372,09:30:02,$ 3322.11,2
2374,09:30:02,$ 3322.11,3
2375,09:30:02,$ 3322.11,10
2376,09:30:02,$ 3322.11,2
2377,09:30:02,$ 3322.11,300
2378,09:30:02,$ 3322.11,5
2379,09:30:02,$ 3322.11,2
2380,09:30:02,$ 3322.11,2
2381,09:30:02,$ 3322.11,1
2382,09:30:02,$ 3322.11,3
2383,09:30:02,$ 3322.11,3
2384,09:30:02,$ 3322.11,3
2385,09:30:02,$ 3322.11,20
2386,09:30:02,$ 3322.11,20
2387,09:30:02,$ 3322.11,20
2388,09:30:02,$ 3322.11,60
2389,09:30:02,$ 3322.11,235
2390,09:30:02,$ 3322.11,12
2391,09:30:02,$ 3322.11,88
2392,09:30:02,$ 3322.11,15
2393,09:30:02,$ 3322.11,2
2395,09:30:02,$ 3322.11,50
2396,09:30:02,$ 3322.11,1
2397,09:30:02,$ 3322.11,2
2398,09:30:02,$ 3322.11,1
2399,09:30:02,$ 3322.11,1
2400,09:30:02,$ 3322.11,1
2401,09:30:02,$ 3322.11,1
2402,09:30:02,$ 3322.11,1
2403,09:30:02,$ 3322.11,8
2404,09:30:02,$ 3322.11,4
2405,09:30:02,$ 3322.11,1
2406,09:30:02,$ 3322.11,2
2407,09:30:02,$ 3322.11,1
2408,09:30:02,$ 3322.11,3
2409,09:30:02,$ 3322.11,2
2410,09:30:02,$ 3322.11,1
2411,09:30:02,$ 3322.11,1
2412,09:30:02,$ 3322.11,1
2413,09:30:02,$ 3322.11,5
2414,09:30:02,$ 3322.11,1
2416,09:30:02,$ 3322.11,1
2417,09:30:02,$ 3322.11,2
2418,09:30:02,$ 3322.11,1
2419,09:30:02,$ 3322.11,4
2420,09:30:02,$ 3322.11,1
2421,09:30:02,$ 3322.11,2
2422,09:30:02,$ 3322.11,1
2423,09:30:02,$ 3322.11,1
2424,09:30:02,$ 3322.11,1
2425,09:30:02,$ 3322.11,1
2426,09:30:02,$ 3322.11,5
2427,09:30:02,$ 3322.11,1
2428,09:30:02,$ 3322.11,1
2429,09:30:02,$ 3322.11,1
2430,09:30:02,$ 3322.11,1
2431,09:30:02,$ 3322.11,1
2432,09:30:02,$ 3322.11,1
2433,09:30:02,$ 3322.11,1
2434,09:30:02,$ 3322.11,2
2435,09:30:02,$ 3322.11,1
2437,09:30:02,$ 3322.11,1
2438,09:30:02,$ 3322.11,5
2439,09:30:02,$ 3322.11,2
2440,09:30:02,$ 3322.11,1
2441,09:30:02,$ 3322.11,2
2442,09:30:02,$ 3322.11,1
2443,09:30:02,$ 3322.11,1
2444,09:30:02,$ 3322.11,8
2445,09:30:02,$ 3322.11,2
2446,09:30:02,$ 3322.11,2
2447,09:30:02,$ 3322.11,2
2448,09:30:02,$ 3322.11,2
2449,09:30:02,$ 3322.11,5
2450,09:30:02,$ 3322.11,1
2451,09:30:02,$ 3322.11,2
2452,09:30:02,$ 3322.11,4
2453,09:30:02,$ 3322.11,90
2454,09:30:02,$ 3322.11,23
2455,09:30:02,$ 3322.11,2
2456,09:30:02,$ 3322.11,2
2458,09:30:02,$ 3322.11,2
2459,09:30:02,$ 3322.11,3
2460,09:30:02,$ 3322.11,1
2461,09:30:02,$ 3322.11,1
2462,09:30:02,$ 3322.11,3
2463,09:30:02,$ 3322.11,1
2464,09:30:02,$ 3322.11,2
2465,09:30:02,$ 3322.11,2
2466,09:30:02,$ 3322.11,3
2467,09:30:02,$ 3322.11,1
2468,09:30:02,$ 3322.11,2
2469,09:30:02,$ 3322.11,2
2470,09:30:02,$ 3322.11,3
2471,09:30:02,$ 3322.11,1
2472,09:30:02,$ 3322.11,3
2473,09:30:02,$ 3322.11,1
2474,09:30:02,$ 3322.11,3
2475,09:30:02,$ 3322.11,8
2476,09:30:02,$ 3322.11,6
2477,09:30:02,$ 3322.11,2
2479,09:30:02,$ 3322.11,1
2480,09:30:02,$ 3322.11,2
2481,09:30:02,$ 3322.11,3
2482,09:30:02,$ 3322.11,1
2483,09:30:02,$ 3322.11,2
2484,09:30:02,$ 3322.11,1
2485,09:30:02,$ 3322.11,1
2486,09:30:02,$ 3322.11,5
2487,09:30:02,$ 3322.11,1
2488,09:30:02,$ 3322.11,2
2489,09:30:02,$ 3322.11,1
2490,09:30:02,$ 3322.11,3
2491,09:30:02,$ 3322.11,1
2492,09:30:02,$ 3322.11,2
2493,09:30:02,$ 3322.11,3
2494,09:30:02,$ 3322.11,9
2495,09:30:02,$ 3322.11,6
2496,09:30:02,$ 3322.11,1
2497,09:30:02,$ 3322.11,2
2498,09:30:02,$ 3322.11,1
2500,09:30:02,$ 3322.11,1
2501,09:30:02,$ 3322.11,1
2502,09:30:02,$ 3322.11,30
2503,09:30:02,$ 3322.11,1
2504,09:30:02,$ 3322.11,1
2505,09:30:02,$ 3322.11,1
2506,09:30:02,$ 3322.11,1
2507,09:30:02,$ 3322.11,6
2508,09:30:02,$ 3322.11,1
2509,09:30:02,$ 3322.11,1
2510,09:30:02,$ 3322.11,3
2511,09:30:02,$ 3322.11,2
2512,09:30:02,$ 3322.11,6
2513,09:30:02,$ 3322.11,1
2514,09:30:02,$ 3322.11,15
2515,09:30:02,$ 3322.11,1
2516,09:30:02,$ 3322.11,33
2517,09:30:02,$ 3322.11,6
2518,09:30:02,$ 3322.11,1
2519,09:30:02,$ 3322.11,2
2521,09:30:02,$ 3322.11,3
2522,09:30:02,$ 3322.11,1
2523,09:30:02,$ 3322.11,2
2524,09:30:02,$ 3322.11,6
2525,09:30:02,$ 3322.11,2
2526,09:30:02,$ 3322.11,1
2527,09:30:02,$ 3322.11,3
2528,09:30:02,$ 3322.11,"1,800"
2529,09:30:02,$ 3322.11,300
2530,09:30:02,$ 3322.11,3
2531,09:30:02,$ 3322.11,1
2532,09:30:02,$ 3322.11,1
2533,09:30:02,$ 3322.11,100
2534,09:30:02,$ 3322.11,6
2535,09:30:02,$ 3322.11,40
2536,09:30:02,$ 3322.11,26
2537,09:30:02,$ 3322.11,153
2538,09:30:02,$ 3322.11,5
2539,09:30:02,$ 3322.11,1
2540,09:30:02,$ 3322.11,6
2542,09:30:02,$ 3322.11,47
2543,09:30:02,$ 3322.11,10
2544,09:30:02,$ 3322.11,21
2545,09:30:02,$ 3322.11,16
2546,09:30:02,$ 3322.11,395
2547,09:30:02,$ 3322.11,1
2548,09:30:02,$ 3322.11,218
2549,09:30:02,$ 3322.11,5
2550,09:30:02,$ 3322.11,100
2551,09:30:02,$ 3322.11,1
2552,09:30:02,$ 3322.11,600
2553,09:30:02,$ 3322.11,151
2554,09:30:02,$ 3322.11,34
2555,09:30:02,$ 3322.11,25
2556,09:30:02,$ 3322.11,1
2557,09:30:02,$ 3322.11,32
2558,09:30:02,$ 3322.11,32
2559,09:30:02,$ 3322.11,7
2560,09:30:02,$ 3322.11,2
2561,09:30:02,$ 3322.11,3
2563,09:30:02,$ 3322.11,25
2564,09:30:02,$ 3322.11,84
2565,09:30:02,$ 3322.11,4
2566,09:30:02,$ 3322.11,2
2567,09:30:02,$ 3322.11,3
2568,09:30:02,$ 3322.11,4
2569,09:30:02,$ 3322.11,4
2570,09:30:02,$ 3322.11,66
2571,09:30:02,$ 3322.11,34
2572,09:30:02,$ 3322.11,100
2573,09:30:02,$ 3322.11,1
2574,09:30:02,$ 3322.11,255
2575,09:30:02,$ 3322.11,85
2576,09:30:02,$ 3322.11,36
2577,09:30:02,$ 3322.11,3
2578,09:30:02,$ 3322.11,1
2579,09:30:02,$ 3322.11,100
2580,09:30:02,$ 3322.11,"1,044"
2581,09:30:02,$ 3322.11,72
2582,09:30:02,$ 3322.11,3
2584,09:30:02,$ 3322.11,200
2585,09:30:02,$ 3322.11,20
2586,09:30:02,$ 3322.11,1
2587,09:30:02,$ 3322.11,4
2588,09:30:02,$ 3322.11,100
2589,09:30:02,$ 3322.11,54
2590,09:30:02,$ 3322.11,24
2591,09:30:02,$ 3322.11,54
2592,09:30:02,$ 3322.11,10
2593,09:30:02,$ 3322.11,15
2594,09:30:02,$ 3322.11,125
2595,09:30:02,$ 3322.11,2
2596,09:30:02,$ 3322.11,14
2597,09:30:02,$ 3322.11,2
2598,09:30:02,$ 3322.11,3
2599,09:30:02,$ 3322.11,10
2600,09:30:02,$ 3322.11,1
2601,09:30:02,$ 3322.11,6
2602,09:30:02,$ 3322.11,9
2603,09:30:02,$ 3322.11,1
2605,09:30:02,$ 3322.11,36
2606,09:30:02,$ 3322.11,15
2607,09:30:02,$ 3322.11,7
2608,09:30:02,$ 3322.11,25
2609,09:30:02,$ 3322.11,8
2610,09:30:02,$ 3322.11,106
2611,09:30:02,$ 3322.11,1
2612,09:30:02,$ 3322.11,2
2613,09:30:02,$ 3322.11,1
2614,09:30:02,$ 3322.11,2
2615,09:30:02,$ 3322.11,1
2616,09:30:02,$ 3322.11,1
2617,09:30:02,$ 3322.11,2
2618,09:30:02,$ 3322.11,100
2619,09:30:02,$ 3322.11,2
2620,09:30:02,$ 3322.11,4
2621,09:30:02,$ 3322.11,4
2622,09:30:02,$ 3322.11,1
2623,09:30:02,$ 3322.11,1
2624,09:30:02,$ 3322.11,100
2626,09:30:02,$ 3322.11,20
2627,09:30:02,$ 3322.11,10
2628,09:30:02,$ 3322.11,2
2629,09:30:02,$ 3322.11,14
2630,09:30:02,$ 3322.11,3
2631,09:30:02,$ 3322.11,5
2632,09:30:02,$ 3322.11,2
2633,09:30:02,$ 3322.11,2
2634,09:30:02,$ 3322.11,6
2635,09:30:02,$ 3322.11,36
2636,09:30:02,$ 3322.11,14
2637,09:30:02,$ 3322.11,6
2638,09:30:02,$ 3322.11,2
2639,09:30:02,$ 3322.11,6
2640,09:30:02,$ 3322.11,8
2641,09:30:02,$ 3322.11,144
2642,09:30:02,$ 3322.11,2
2643,09:30:02,$ 3322.11,1
2644,09:30:02,$ 3322.11,100
2645,09:30:02,$ 3322.11,5
2647,09:30:02,$ 3322.11,1
2648,09:30:02,$ 3322.11,10
2649,09:30:02,$ 3322.11,3
2650,09:30:02,$ 3322.11,1
2651,09:30:02,$ 3322.11,2
2652,09:30:02,$ 3322.11,1
2653,09:30:02,$ 3322.11,2
2654,09:30:02,$ 3322.11,1
2655,09:30:02,$ 3322.11,1
2656,09:30:02,$ 3322.11,42
2657,09:30:02,$ 3322.11,18
2658,09:30:02,$ 3322.11,4
2659,09:30:02,$ 3322.11,1
2660,09:30:02,$ 3322.11,3
2661,09:30:02,$ 3322.11,8
2662,09:30:02,$ 3322.11,1
2663,09:30:02,$ 3322.11,1
2664,09:30:02,$ 3322.11,1
2665,09:30:02,$ 3322.11,10
2666,09:30:02,$ 3322.11,1
2668,09:30:02,$ 3322.11,10
2669,09:30:02,$ 3322.11,3
2670,09:30:02,$ 3322.11,19
2671,09:30:02,$ 3322.11,34
2672,09:30:02,$ 3322.11,47
2673,09:30:02,$ 3322.11,6
2674,09:30:02,$ 3322.11,1
2675,09:30:02,$ 3322.11,1
2676,09:30:02,$ 3322.11,1
2677,09:30:02,$ 3322.11,1
2678,09:30:02,$ 3322.11,7
2679,09:30:02,$ 3322.11,1
2680,09:30:02,$ 3322.11,20
2681,09:30:02,$ 3322.11,1
2682,09:30:02,$ 3322.11,75
2683,09:30:02,$ 3322.11,20
2684,09:30:02,$ 3322.11,129
2685,09:30:02,$ 3322.11,25
2686,09:30:02,$ 3322.11,1
2687,09:30:02,$ 3322.11,1
2689,09:30:02,$ 3326.00,100
2690,09:30:01,$ 3325.00,100
2691,09:30:00,$ 3322.11,10
2692,09:30:00,$ 3322.11,1
2694,10:29:55,$ 3342.10,280
2695,10:29:52,$ 3343.02,100
2696,10:29:46,$ 3344.25,100
2697,10:29:46,$ 3343.26,100
2698,10:29:46,$ 3345.00,900
2699,10:29:46,$ 3345.00,100
2700,10:29:18,$ 3347.22,100
2701,10:29:13,$ 3347.75,100
2702,10:29:09,$ 3348.25,125
2703,10:29:07,$ 3347.4701,100
2704,10:28:57,$ 3348.235,"1,200"
2705,10:28:53,$ 3348.92,100
2706,10:28:53,$ 3348.92,100
2707,10:28:53,$ 3348.69,100
2708,10:28:53,$ 3348.64,200
2709,10:28:37,$ 3348.1931,200
2710,10:28:31,$ 3348.28,100
2711,10:28:23,$ 3348.2699,100
2712,10:28:22,$ 3347.69,100
2713,10:28:07,$ 3347.47,100
2715,10:28:05,$ 3347.16,100
2716,10:28:04,$ 3347.51,100
2717,10:28:04,$ 3347.97,200
2718,10:28:04,$ 3347.55,100
2719,10:27:46,$ 3347.09,100
2720,10:27:46,$ 3346.96,100
2721,10:27:41,$ 3346.23,100
2722,10:27:40,$ 3346.47,100
2723,10:27:34,$ 3346.55,100
2724,10:27:32,$ 3346.64,100
2725,10:27:26,$ 3348.40,100
2726,10:27:26,$ 3346.6354,152
2727,10:27:26,$ 3346.6354,"1,333"
2728,10:27:18,$ 3348.49,100
2729,10:27:17,$ 3347.625,100
2730,10:27:09,$ 3348.025,100
2731,10:27:03,$ 3348.29,100
2732,10:26:58,$ 3349.10,100
2733,10:26:53,$ 3347.265,100
2734,10:26:53,$ 3348.58,200
2736,10:26:43,$ 3348.965,100
2737,10:26:42,$ 3348.45,100
2738,10:26:40,$ 3348.8658,100
2739,10:26:34,$ 3348.80,100
2740,10:26:32,$ 3348.96,100
2741,10:26:32,$ 3348.9447,100
2742,10:26:28,$ 3349.19,100
2743,10:25:38,$ 3347.7303,100
2744,10:25:36,$ 3347.853,200
2745,10:25:08,$ 3345.6569,100
2746,10:24:55,$ 3347.11,150
2747,10:24:55,$ 3347.12,200
2748,10:24:49,$ 3348.05,100
2749,10:24:43,$ 3349.50,100
2750,10:24:15,$ 3348.085,100
2751,10:24:14,$ 3348.295,100
2752,10:23:56,$ 3347.30,100
2753,10:23:48,$ 3347.095,100
2754,10:23:47,$ 3347.1485,200
2755,10:23:25,$ 3347.545,100
2757,10:23:22,$ 3348.03,100
2758,10:23:22,$ 3348.02,100
2759,10:23:22,$ 3348.21,100
2760,10:22:45,$ 3347.151,100
2761,10:22:44,$ 3347.41,100
2762,10:22:42,$ 3347.0668,186
2763,10:22:40,$ 3346.76,100
2764,10:22:38,$ 3346.99,100
2765,10:22:38,$ 3346.81,100
2766,10:22:38,$ 3346.81,100
2767,10:22:36,$ 3346.29,100
2768,10:22:22,$ 3346.23,104
2769,10:22:20,$ 3347.00,229
2770,10:22:20,$ 3347.42,100
2771,10:22:20,$ 3347.28,100
2772,10:22:18,$ 3348.34,100
2773,10:22:13,$ 3348.80,100
2774,10:22:11,$ 3349.63,100
2775,10:22:11,$ 3350.215,100
2776,10:22:08,$ 3351.285,100
2778,10:22:08,$ 3351.30,100
2779,10:22:08,$ 3351.285,100
2780,10:22:07,$ 3350.99,100
2781,10:22:06,$ 3351.015,100
2782,10:22:06,$ 3350.93,100
2783,10:22:06,$ 3350.84,100
2784,10:22:06,$ 3350.65,100
2785,10:22:06,$ 3350.00,100
2786,10:21:53,$ 3348.0074,100
2787,10:21:52,$ 3348.39,200
2788,10:21:50,$ 3348.30,100
2789,10:21:50,$ 3348.30,100
2790,10:21:44,$ 3348.30,100
2791,10:21:44,$ 3348.30,100
2792,10:21:40,$ 3348.29,100
2793,10:21:39,$ 3348.30,100
2794,10:21:36,$ 3348.29,100
2795,10:21:30,$ 3347.41,100
2796,10:21:30,$ 3347.41,100
2797,10:21:28,$ 3348.3445,100
2799,10:21:27,$ 3347.38,100
2800,10:21:25,$ 3348.075,100
2801,10:21:23,$ 3347.48,100
2802,10:21:21,$ 3347.44,100
2803,10:21:21,$ 3347.44,100
2804,10:21:21,$ 3347.44,104
2805,10:21:21,$ 3347.44,100
2806,10:21:21,$ 3347.44,100
2807,10:21:21,$ 3347.4399,298
2808,10:21:21,$ 3347.42,100
2809,10:21:17,$ 3346.89,100
2810,10:21:15,$ 3347.48,100
2811,10:21:05,$ 3345.98,100
2812,10:21:05,$ 3347.50,100
2813,10:21:04,$ 3346.5239,200
2814,10:21:03,$ 3347.11,100
2815,10:21:03,$ 3346.5496,100
2816,10:21:03,$ 3346.55,100
2817,10:21:02,$ 3346.40,100
2818,10:21:02,$ 3346.40,100
2820,10:21:02,$ 3346.55,100
2821,10:21:02,$ 3346.55,100
2822,10:21:01,$ 3345.68,100
2823,10:20:56,$ 3345.22,200
2824,10:20:46,$ 3345.54,100
2825,10:20:46,$ 3345.115,100
2826,10:20:46,$ 3344.755,100
2827,10:20:40,$ 3343.665,100
2828,10:20:38,$ 3344.50,100
2829,10:20:33,$ 3345.00,100
2830,10:20:32,$ 3344.51,100
2831,10:20:28,$ 3344.52,100
2832,10:20:28,$ 3344.54,100
2833,10:20:28,$ 3344.56,100
2834,10:20:24,$ 3345.42,100
2835,10:20:24,$ 3345.42,100
2836,10:20:24,$ 3345.3524,500
2837,10:20:18,$ 3344.98,100
2838,10:20:17,$ 3344.27,100
2839,10:20:12,$ 3343.39,500
2841,10:20:10,$ 3343.3886,674
2842,10:20:07,$ 3343.32,280
2843,10:20:05,$ 3343.00,100
2844,10:20:05,$ 3342.042,147
2845,10:20:05,$ 3342.042,100
2846,10:20:05,$ 3342.29,100
2847,10:20:05,$ 3342.042,100
2848,10:19:58,$ 3340.8214,100
2849,10:19:43,$ 3339.11,100
2850,10:19:40,$ 3340.65,100
2851,10:19:32,$ 3339.48,100
2852,10:19:30,$ 3339.26,100
2853,10:19:30,$ 3338.96,100
2854,10:19:30,$ 3338.665,100
2855,10:19:30,$ 3339.26,100
2856,10:19:30,$ 3338.94,200
2857,10:19:17,$ 3338.165,300
2858,10:18:30,$ 3337.5628,100
2859,10:18:19,$ 3338.62,100
2860,10:18:12,$ 3337.646,130
2862,10:17:58,$ 3337.90,230
2863,10:17:49,$ 3338.79,280
2864,10:17:38,$ 3337.9301,100
2865,10:17:03,$ 3340.34,200
2866,10:16:53,$ 3338.13,500
2867,10:16:37,$ 3341.50,200
2868,10:16:20,$ 3339.555,100
2869,10:16:15,$ 3340.22,100
2870,10:16:08,$ 3339.17,500
2871,10:16:06,$ 3339.07,280
2872,10:15:44,$ 3338.01,100
2873,10:15:44,$ 3338.00,501
2874,10:15:17,$ 3338.00,100
2875,10:15:17,$ 3338.00,105
2876,10:15:00,$ 3338.45,100
2877,10:14:58,$ 3337.72,100
2878,10:14:58,$ 3337.335,100
2879,10:14:55,$ 3337.65,100
2880,10:14:51,$ 3337.01,100
2881,10:14:50,$ 3336.875,100
2883,10:14:46,$ 3336.63,100
2884,10:14:46,$ 3337.20,100
2885,10:14:42,$ 3336.595,200
2886,10:14:19,$ 3336.13,100
2887,10:14:15,$ 3336.57,100
2888,10:14:15,$ 3335.98,100
2889,10:14:15,$ 3336.291,200
2890,10:14:10,$ 3337.5493,200
2891,10:14:05,$ 3337.376,100
2892,10:14:01,$ 3336.92,100
2893,10:13:33,$ 3337.82,100
2894,10:13:29,$ 3337.87,100
2895,10:13:29,$ 3337.8204,700
2896,10:13:29,$ 3338.26,100
2897,10:13:26,$ 3339.525,200
2898,10:13:17,$ 3339.081,100
2899,10:13:17,$ 3339.275,100
2900,10:13:17,$ 3338.99,100
2901,10:13:02,$ 3338.105,100
2902,10:12:33,$ 3338.85,280
2904,10:12:27,$ 3340.08,100
2905,10:12:27,$ 3340.04,100
2906,10:12:27,$ 3340.04,100
2907,10:12:27,$ 3340.02,100
2908,10:12:27,$ 3340.08,100
2909,10:12:07,$ 3337.2134,300
2910,10:11:57,$ 3337.35,200
2911,10:11:57,$ 3337.71,250
2912,10:11:57,$ 3337.64,100
2913,10:11:44,$ 3340.0371,105
2914,10:11:42,$ 3339.985,100
2915,10:11:37,$ 3338.935,100
2916,10:11:32,$ 3339.02,100
2917,10:11:30,$ 3340.00,100
2918,10:11:30,$ 3340.00,100
2919,10:11:27,$ 3340.00,100
2920,10:11:27,$ 3340.00,100
2921,10:11:26,$ 3340.00,100
2922,10:11:26,$ 3340.00,100
2923,10:11:26,$ 3340.455,309
2925,10:10:31,$ 3343.675,100
2926,10:10:31,$ 3342.88,100
2927,10:10:30,$ 3343.6715,280
2928,10:10:20,$ 3343.81,100
2929,10:10:07,$ 3344.40,100
2930,10:10:01,$ 3343.06,100
2931,10:10:00,$ 3344.11,100
2932,10:10:00,$ 3344.00,100
2933,10:10:00,$ 3344.00,135
2934,10:10:00,$ 3344.00,115
2935,10:09:49,$ 3343.20,100
2936,10:09:45,$ 3343.00,130
2937,10:09:41,$ 3341.855,100
2938,10:09:39,$ 3341.99,100
2939,10:09:39,$ 3342.00,184
2940,10:09:35,$ 3341.46,100
2941,10:09:05,$ 3340.22,100
2942,10:08:58,$ 3339.61,100
2943,10:08:58,$ 3339.61,100
2944,10:08:58,$ 3340.00,100
2946,10:08:58,$ 3340.19,100
2947,10:08:58,$ 3340.22,100
2948,10:08:58,$ 3340.00,100
2949,10:08:58,$ 3340.00,100
2950,10:08:58,$ 3340.00,100
2951,10:08:58,$ 3340.00,100
2952,10:08:58,$ 3340.00,100
2953,10:08:58,$ 3340.00,100
2954,10:08:40,$ 3340.97,200
2955,10:08:33,$ 3340.875,100
2956,10:08:27,$ 3340.00,100
2957,10:08:26,$ 3338.64,100
2958,10:08:25,$ 3339.99,100
2959,10:08:25,$ 3340.00,100
2960,10:08:25,$ 3339.61,100
2961,10:08:05,$ 3338.60,100
2962,10:07:58,$ 3338.68,200
2963,10:07:58,$ 3338.68,100
2964,10:07:58,$ 3338.68,100
2965,10:07:58,$ 3337.61,100
2967,10:07:54,$ 3338.26,100
2968,10:07:49,$ 3338.83,100
2969,10:07:44,$ 3338.97,100
2970,10:07:35,$ 3337.1801,105
2971,10:07:09,$ 3339.80,100
2972,10:06:18,$ 3339.81,100
2973,10:06:15,$ 3338.39,100
2974,10:06:15,$ 3338.42,100
2975,10:05:55,$ 3337.00,100
2976,10:05:53,$ 3336.31,100
2977,10:05:46,$ 3335.12,119
2978,10:05:46,$ 3336.6126,700
2979,10:05:39,$ 3339.3401,100
2980,10:05:35,$ 3340.21,100
2981,10:05:33,$ 3341.09,100
2982,10:05:30,$ 3341.86,100
2983,10:05:30,$ 3341.86,100
2984,10:05:12,$ 3343.22,100
2985,10:05:09,$ 3343.61,100
2986,10:04:11,$ 3341.27,100
2988,10:04:11,$ 3341.61,200
2989,10:04:11,$ 3342.00,100
2990,10:03:50,$ 3341.10,100
2991,10:03:08,$ 3340.69,100
2992,10:02:57,$ 3339.50,100
2993,10:02:46,$ 3338.31,100
2994,10:02:29,$ 3340.195,500
2995,10:02:26,$ 3340.195,111
2996,10:02:11,$ 3340.245,500
2997,10:02:11,$ 3340.77,100
2998,10:02:05,$ 3339.66,111
2999,10:01:42,$ 3339.35,100
3000,10:01:39,$ 3336.50,100
3001,10:01:38,$ 3337.01,100
3002,10:01:30,$ 3338.9747,550
3003,10:01:27,$ 3341.64,100
3004,10:01:27,$ 3341.5263,100
3005,10:01:27,$ 3341.5635,100
3006,10:01:27,$ 3341.5262,100
3007,10:01:27,$ 3341.73,100
3009,10:01:27,$ 3341.77,100
3010,10:01:27,$ 3341.77,100
3011,10:01:22,$ 3340.16,100
3012,10:01:09,$ 3342.24,100
3013,10:01:07,$ 3344.74,100
3014,10:01:07,$ 3344.04,100
3015,10:01:07,$ 3344.04,100
3016,10:01:04,$ 3344.83,100
3017,10:01:00,$ 3344.83,100
3018,10:01:00,$ 3344.78,100
3019,10:00:55,$ 3344.38,100
3020,10:00:48,$ 3344.305,109
3021,10:00:40,$ 3344.80,300
3022,10:00:40,$ 3344.80,100
3023,10:00:40,$ 3344.55,190
3024,10:00:26,$ 3343.0919,300
3025,10:00:25,$ 3343.255,110
3026,10:00:24,$ 3342.68,280
3027,10:00:19,$ 3342.81,100
3028,10:00:19,$ 3341.89,100
3030,10:00:19,$ 3342.05,100
3031,10:00:13,$ 3340.9423,124
3032,10:00:12,$ 3340.7978,200
3033,10:00:11,$ 3340.44,299
3035,10:59:56,$ 3342.9193,100
3036,10:59:56,$ 3341.5167,100
3037,10:59:56,$ 3341.86,100
3038,10:59:49,$ 3339.065,500
3039,10:59:37,$ 3340.66,500
3040,10:59:24,$ 3339.92,100
3041,10:59:16,$ 3338.57,100
3042,10:59:16,$ 3339.95,196
3043,10:59:16,$ 3339.95,200
3044,10:59:11,$ 3340.82,100
3045,10:58:52,$ 3341.7304,398
3046,10:58:51,$ 3340.84,100
3047,10:58:51,$ 3340.92,100
3048,10:58:51,$ 3341.05,100
3049,10:58:47,$ 3341.515,500
3050,10:58:33,$ 3340.72,100
3051,10:58:33,$ 3341.683,500
3052,10:58:20,$ 3341.015,100
3053,10:58:17,$ 3340.51,100
3054,10:58:00,$ 3341.26,500
3056,10:57:59,$ 3340.20,100
3057,10:57:59,$ 3340.40,100
3058,10:57:43,$ 3341.305,100
3059,10:56:43,$ 3341.31,100
3060,10:56:34,$ 3339.7303,500
3061,10:56:15,$ 3340.65,203
3062,10:56:15,$ 3340.58,100
3063,10:56:15,$ 3340.46,100
3064,10:56:15,$ 3340.77,100
3065,10:56:00,$ 3342.00,100
3066,10:56:00,$ 3342.16,100
3067,10:55:46,$ 3341.80,100
3068,10:55:40,$ 3343.15,100
3069,10:55:37,$ 3342.28,100
3070,10:55:14,$ 3344.64,100
3071,10:55:14,$ 3344.50,100
3072,10:54:35,$ 3344.14,100
3073,10:54:15,$ 3343.31,100
3074,10:53:54,$ 3343.92,100
3075,10:53:47,$ 3344.13,100
3077,10:53:47,$ 3343.94,100
3078,10:53:47,$ 3343.98,100
3079,10:53:39,$ 3342.6512,100
3080,10:53:22,$ 3343.06,100
3081,10:53:15,$ 3342.92,100
3082,10:52:57,$ 3343.35,100
3083,10:52:23,$ 3342.59,100
3084,10:52:21,$ 3342.79,100
3085,10:52:21,$ 3344.08,100
3086,10:52:21,$ 3342.80,100
3087,10:52:21,$ 3344.03,100
3088,10:52:21,$ 3344.13,100
3089,10:52:21,$ 3344.22,100
3090,10:52:15,$ 3344.895,102
3091,10:51:55,$ 3343.87,100
3092,10:51:51,$ 3343.99,100
3093,10:51:05,$ 3345.50,100
3094,10:50:58,$ 3346.317,500
3095,10:50:58,$ 3346.8381,100
3096,10:50:29,$ 3345.8203,550
3098,10:50:23,$ 3345.00,100
3099,10:50:21,$ 3343.7299,500
3100,10:49:54,$ 3344.585,100
3101,10:49:52,$ 3345.4618,244
3102,10:49:46,$ 3346.28,100
3103,10:49:30,$ 3345.22,100
3104,10:49:27,$ 3346.28,100
3105,10:49:26,$ 3347.336,100
3106,10:49:26,$ 3346.78,100
3107,10:49:26,$ 3346.40,"1,000"
3108,10:49:25,$ 3346.39,100
3109,10:49:17,$ 3345.99,100
3110,10:49:17,$ 3345.99,100
3111,10:49:17,$ 3345.99,100
3112,10:49:17,$ 3345.15,100
3113,10:49:17,$ 3345.00,100
3114,10:49:17,$ 3345.00,100
3115,10:49:16,$ 3344.195,100
3116,10:49:14,$ 3344.59,100
3117,10:48:58,$ 3343.00,100
3119,10:48:58,$ 3343.00,100
3120,10:48:58,$ 3343.00,100
3121,10:48:58,$ 3343.00,103
3122,10:48:50,$ 3342.73,100
3123,10:48:50,$ 3342.885,100
3124,10:48:50,$ 3342.665,100
3125,10:48:46,$ 3342.00,100
3126,10:48:46,$ 3341.255,200
3127,10:48:46,$ 3341.255,100
3128,10:48:46,$ 3341.255,100
3129,10:48:46,$ 3341.255,100
3130,10:48:45,$ 3341.115,100
3131,10:48:45,$ 3340.43,100
3132,10:48:44,$ 3340.43,100
3133,10:48:44,$ 3340.43,100
3134,10:48:44,$ 3340.71,100
3135,10:48:44,$ 3340.56,100
3136,10:48:35,$ 3340.05,100
3137,10:48:34,$ 3340.06,100
3138,10:48:34,$ 3339.565,400
3140,10:48:32,$ 3339.81,100
3141,10:48:32,$ 3340.07,100
3142,10:48:27,$ 3339.16,100
3143,10:48:21,$ 3339.42,280
3144,10:48:12,$ 3340.057,125
3145,10:48:04,$ 3340.07,100
3146,10:48:04,$ 3339.8948,100
3147,10:48:01,$ 3339.28,100
3148,10:48:00,$ 3339.77,100
3149,10:47:57,$ 3338.91,500
3150,10:47:49,$ 3339.7381,100
3151,10:47:40,$ 3338.03,100
3152,10:47:26,$ 3337.53,100
3153,10:47:26,$ 3337.85,100
3154,10:46:59,$ 3335.315,"1,000"
3155,10:46:26,$ 3337.02,100
3156,10:46:04,$ 3335.43,100
3157,10:45:44,$ 3335.45,500
3158,10:45:33,$ 3336.79,100
3159,10:45:26,$ 3339.35,100
3161,10:45:12,$ 3339.855,280
3162,10:44:47,$ 3338.44,200
3163,10:44:43,$ 3339.09,100
3164,10:44:29,$ 3339.00,100
3165,10:44:25,$ 3338.53,100
3166,10:43:55,$ 3337.345,500
3167,10:43:39,$ 3338.69,100
3168,10:43:38,$ 3337.02,100
3169,10:43:14,$ 3339.51,100
3170,10:43:08,$ 3335.4346,239
3171,10:43:05,$ 3336.67,100
3172,10:42:55,$ 3335.03,100
3173,10:42:53,$ 3334.79,100
3174,10:42:53,$ 3334.79,100
3175,10:42:53,$ 3334.013,500
3176,10:42:38,$ 3335.05,100
3177,10:42:38,$ 3335.05,100
3178,10:42:29,$ 3335.30,100
3179,10:42:29,$ 3335.30,100
3180,10:42:29,$ 3335.30,100
3182,10:42:29,$ 3333.575,600
3183,10:42:29,$ 3333.115,100
3184,10:42:29,$ 3333.21,100
3185,10:42:29,$ 3333.31,100
3186,10:42:28,$ 3335.00,100
3187,10:42:28,$ 3334.60,100
3188,10:42:08,$ 3335.99,100
3189,10:42:08,$ 3335.99,100
3190,10:42:08,$ 3335.00,100
3191,10:41:27,$ 3334.965,100
3192,10:41:27,$ 3334.57,200
3193,10:41:27,$ 3334.58,100
3194,10:41:22,$ 3333.405,100
3195,10:41:22,$ 3333.6706,500
3196,10:41:11,$ 3335.00,100
3197,10:40:32,$ 3335.06,250
3198,10:40:19,$ 3336.1322,100
3199,10:40:16,$ 3335.87,100
3200,10:40:12,$ 3336.29,100
3201,10:40:06,$ 3334.38,100
3203,10:40:03,$ 3334.38,250
3204,10:39:48,$ 3333.83,250
3205,10:39:40,$ 3333.83,226
3206,10:39:35,$ 3333.41,100
3207,10:39:35,$ 3333.41,100
3208,10:39:34,$ 3333.46,100
3209,10:39:33,$ 3333.42,200
3210,10:39:33,$ 3333.065,398
3211,10:39:33,$ 3332.9324,122
3212,10:39:33,$ 3333.42,220
3213,10:39:31,$ 3333.845,250
3214,10:39:29,$ 3334.335,100
3215,10:39:29,$ 3334.335,100
3216,10:39:29,$ 3334.23,100
3217,10:39:06,$ 3334.9216,252
3218,10:38:38,$ 3335.15,665
3219,10:38:24,$ 3333.785,280
3220,10:38:14,$ 3334.09,100
3221,10:37:50,$ 3332.93,100
3222,10:37:47,$ 3334.08,400
3224,10:37:47,$ 3333.87,100
3225,10:37:37,$ 3334.96,100
3226,10:37:25,$ 3334.25,100
3227,10:37:25,$ 3334.29,100
3228,10:37:25,$ 3334.255,100
3229,10:37:25,$ 3334.545,100
3230,10:37:25,$ 3333.58,100
3231,10:37:07,$ 3335.00,200
3232,10:37:05,$ 3335.53,100
3233,10:37:03,$ 3335.70,400
3234,10:36:54,$ 3334.31,100
3235,10:36:48,$ 3334.58,100
3236,10:36:48,$ 3334.58,100
3237,10:36:48,$ 3334.58,100
3238,10:36:48,$ 3334.58,100
3239,10:36:48,$ 3334.58,100
3240,10:36:48,$ 3334.58,100
3241,10:36:48,$ 3334.58,100
3242,10:36:29,$ 3336.81,200
3243,10:36:19,$ 3336.01,100
3245,10:36:18,$ 3337.41,100
3246,10:36:16,$ 3337.8499,100
3247,10:36:09,$ 3336.878,500
3248,10:36:05,$ 3337.98,100
3249,10:36:00,$ 3337.20,300
3250,10:35:49,$ 3337.765,500
3251,10:35:37,$ 3334.56,100
3252,10:35:36,$ 3334.6869,"1,000"
3253,10:35:32,$ 3334.105,150
3254,10:35:26,$ 3334.71,100
3255,10:35:26,$ 3334.71,115
3256,10:35:26,$ 3334.71,115
3257,10:35:05,$ 3335.56,100
3258,10:34:56,$ 3335.36,100
3259,10:34:48,$ 3334.33,100
3260,10:34:48,$ 3334.13,400
3261,10:34:41,$ 3333.725,200
3262,10:34:41,$ 3333.00,100
3263,10:34:41,$ 3333.00,100
3264,10:34:40,$ 3333.73,100
3266,10:34:38,$ 3333.725,100
3267,10:34:36,$ 3334.235,100
3268,10:34:36,$ 3334.36,100
3269,10:34:32,$ 3334.171,200
3270,10:34:32,$ 3334.3193,100
3271,10:34:28,$ 3334.66,100
3272,10:34:23,$ 3334.09,200
3273,10:34:23,$ 3333.58,400
3274,10:34:23,$ 3333.58,100
3275,10:34:23,$ 3334.01,100
3276,10:34:23,$ 3334.09,100
3277,10:34:23,$ 3334.33,100
3278,10:34:23,$ 3334.09,200
3279,10:34:23,$ 3334.38,100
3280,10:34:23,$ 3334.09,100
3281,10:34:23,$ 3333.01,100
3282,10:34:23,$ 3334.50,100
3283,10:34:18,$ 3333.93,100
3284,10:34:06,$ 3333.09,114
3285,10:34:05,$ 3332.02,100
3287,10:34:05,$ 3332.22,100
3288,10:34:05,$ 3331.52,100
3289,10:34:05,$ 3331.59,200
3290,10:34:05,$ 3331.71,200
3291,10:33:59,$ 3331.88,100
3292,10:33:57,$ 3332.00,100
3293,10:33:51,$ 3330.0975,100
3294,10:33:44,$ 3330.42,100
3295,10:33:44,$ 3330.42,100
3296,10:33:35,$ 3330.16,200
3297,10:33:35,$ 3330.16,164
3298,10:33:33,$ 3330.965,100
3299,10:33:31,$ 3332.16,100
3300,10:33:26,$ 3332.37,100
3301,10:33:23,$ 3331.5528,100
3302,10:33:23,$ 3331.025,200
3303,10:33:21,$ 3331.24,500
3304,10:33:20,$ 3329.87,115
3305,10:33:20,$ 3330.38,100
3306,10:33:15,$ 3329.98,100
3308,10:33:14,$ 3329.175,300
3309,10:33:10,$ 3329.42,400
3310,10:33:10,$ 3329.45,398
3311,10:33:09,$ 3329.20,100
3312,10:33:06,$ 3329.005,129
3313,10:33:04,$ 3329.385,200
3314,10:33:01,$ 3330.00,100
3315,10:33:01,$ 3329.3218,500
3316,10:33:00,$ 3330.195,100
3317,10:33:00,$ 3330.195,100
3318,10:32:55,$ 3330.6138,500
3319,10:32:43,$ 3331.445,100
3320,10:32:43,$ 3331.445,100
3321,10:32:43,$ 3331.445,100
3322,10:32:43,$ 3331.445,400
3323,10:32:42,$ 3330.8849,151
3324,10:32:42,$ 3330.8849,100
3325,10:32:42,$ 3330.38,100
3326,10:32:41,$ 3331.4083,100
3327,10:32:41,$ 3331.22,100
3329,10:32:39,$ 3332.9599,100
3330,10:32:33,$ 3332.3324,140
3331,10:32:23,$ 3333.83,100
3332,10:32:23,$ 3333.70,100
3333,10:32:21,$ 3333.00,100
3334,10:32:21,$ 3333.00,100
3335,10:32:21,$ 3333.125,100
3336,10:32:18,$ 3333.70,624
3337,10:32:18,$ 3334.20,100
3338,10:32:18,$ 3334.16,100
3339,10:32:15,$ 3334.37,100
3340,10:32:07,$ 3333.87,100
3341,10:31:59,$ 3334.20,286
3342,10:31:51,$ 3333.40,100
3343,10:31:41,$ 3333.7591,100
3344,10:31:33,$ 3334.075,200
3345,10:31:33,$ 3333.825,100
3346,10:31:27,$ 3334.205,100
3347,10:31:23,$ 3334.83,100
3348,10:31:23,$ 3335.00,100
3350,10:31:22,$ 3335.52,100
3351,10:31:14,$ 3336.53,100
3352,10:31:11,$ 3336.90,153
3353,10:31:11,$ 3336.02,189
3354,10:31:10,$ 3336.6999,125
3355,10:31:10,$ 3336.11,400
3356,10:31:10,$ 3336.63,100
3357,10:31:04,$ 3338.20,100
3358,10:30:57,$ 3339.23,100
3359,10:30:13,$ 3341.60,100
3360,10:30:12,$ 3342.665,400
3361,10:30:06,$ 3343.33,100
3362,10:30:03,$ 3343.92,100
3363,10:30:02,$ 3343.495,100
3364,10:30:02,$ 3343.495,100
3366,11:29:59,$ 3326.055,148
3367,11:29:57,$ 3326.05,100
3368,11:29:54,$ 3326.24,100
3369,11:29:52,$ 3325.80,100
3370,11:29:51,$ 3326.40,100
3371,11:29:51,$ 3326.40,100
3372,11:29:50,$ 3326.40,100
3373,11:29:50,$ 3326.22,200
3374,11:29:49,$ 3326.64,400
3375,11:29:46,$ 3326.655,100
3376,11:29:36,$ 3327.505,400
3377,11:29:36,$ 3327.50,400
3378,11:29:36,$ 3326.96,100
3379,11:29:36,$ 3327.3697,100
3380,11:29:33,$ 3327.60,150
3381,11:29:31,$ 3327.63,100
3382,11:29:20,$ 3328.18,100
3383,11:29:20,$ 3328.02,400
3384,11:29:19,$ 3328.13,100
3385,11:29:19,$ 3328.13,100
3387,11:29:19,$ 3328.13,100
3388,11:29:19,$ 3328.13,100
3389,11:29:14,$ 3328.7403,100
3390,11:29:09,$ 3329.12,200
3391,11:29:07,$ 3329.12,100
3392,11:28:46,$ 3331.08,100
3393,11:28:44,$ 3331.1148,100
3394,11:28:38,$ 3331.54,100
3395,11:28:29,$ 3330.75,100
3396,11:28:26,$ 3330.41,100
3397,11:28:25,$ 3329.79,100
3398,11:28:25,$ 3329.92,100
3399,11:28:03,$ 3329.44,100
3400,11:27:38,$ 3329.325,100
3401,11:27:38,$ 3329.155,100
3402,11:27:38,$ 3329.155,100
3403,11:27:38,$ 3329.155,200
3404,11:27:38,$ 3329.155,200
3405,11:27:38,$ 3329.155,300
3406,11:27:19,$ 3329.125,100
3408,11:27:18,$ 3329.15,101
3409,11:27:11,$ 3330.00,100
3410,11:27:11,$ 3329.935,100
3411,11:27:09,$ 3329.17,101
3412,11:27:07,$ 3329.17,100
3413,11:27:07,$ 3329.845,100
3414,11:27:03,$ 3329.93,100
3415,11:26:59,$ 3329.935,100
3416,11:26:54,$ 3329.95,100
3417,11:26:54,$ 3329.95,100
3418,11:26:54,$ 3329.01,100
3419,11:26:54,$ 3329.475,100
3420,11:26:54,$ 3329.00,100
3421,11:26:53,$ 3328.99,100
3422,11:26:53,$ 3329.95,100
3423,11:26:52,$ 3330.00,100
3424,11:26:51,$ 3329.01,100
3425,11:26:51,$ 3329.01,100
3426,11:26:51,$ 3328.96,100
3427,11:26:51,$ 3328.96,100
3429,11:26:51,$ 3328.96,200
3430,11:26:51,$ 3328.91,100
3431,11:26:51,$ 3329.01,100
3432,11:26:51,$ 3329.01,100
3433,11:26:51,$ 3329.01,100
3434,11:26:51,$ 3329.01,100
3435,11:26:51,$ 3329.01,100
3436,11:26:48,$ 3329.99,100
3437,11:26:48,$ 3329.69,100
3438,11:26:48,$ 3329.94,100
3439,11:26:48,$ 3329.02,100
3440,11:26:07,$ 3329.78,100
3441,11:25:45,$ 3329.035,100
3442,11:25:29,$ 3329.73,100
3443,11:25:12,$ 3329.18,100
3444,11:25:11,$ 3328.615,200
3445,11:25:00,$ 3329.325,100
3446,11:24:19,$ 3329.1612,100
3447,11:24:13,$ 3330.00,100
3448,11:24:12,$ 3329.07,100
3450,11:24:02,$ 3330.20,100
3451,11:23:51,$ 3328.53,100
3452,11:23:51,$ 3328.53,100
3453,11:23:42,$ 3329.06,100
3454,11:23:29,$ 3329.04,100
3455,11:23:22,$ 3328.54,100
3456,11:23:12,$ 3328.135,100
3457,11:23:12,$ 3328.51,100
3458,11:23:00,$ 3327.82,100
3459,11:23:00,$ 3327.77,168
3460,11:22:56,$ 3328.05,100
3461,11:22:56,$ 3327.8834,100
3462,11:22:54,$ 3327.67,100
3463,11:22:53,$ 3328.21,100
3464,11:22:52,$ 3328.21,100
3465,11:22:52,$ 3328.21,100
3466,11:22:50,$ 3327.18,100
3467,11:22:50,$ 3327.2488,141
3468,11:22:46,$ 3327.91,179
3469,11:22:46,$ 3328.00,100
3471,11:22:44,$ 3328.51,100
3472,11:22:26,$ 3329.04,100
3473,11:22:26,$ 3329.04,100
3474,11:22:22,$ 3329.00,100
3475,11:22:20,$ 3329.23,100
3476,11:22:16,$ 3330.05,100
3477,11:22:16,$ 3330.05,118
3478,11:22:16,$ 3329.77,100
3479,11:22:16,$ 3329.77,300
3480,11:22:16,$ 3329.57,100
3481,11:22:12,$ 3328.721,100
3482,11:21:45,$ 3330.05,100
3483,11:21:35,$ 3330.06,100
3484,11:21:30,$ 3330.3017,200
3485,11:21:18,$ 3331.075,200
3486,11:21:17,$ 3331.46,100
3487,11:21:09,$ 3330.0601,150
3488,11:21:07,$ 3330.15,100
3489,11:21:07,$ 3331.7204,100
3490,11:21:07,$ 3331.72,252
3492,11:21:07,$ 3331.72,352
3493,11:21:07,$ 3332.12,100
3494,11:21:01,$ 3332.795,100
3495,11:20:49,$ 3333.00,129
3496,11:20:46,$ 3333.50,100
3497,11:20:39,$ 3334.2814,150
3498,11:20:12,$ 3335.00,100
3499,11:20:05,$ 3335.97,100
3500,11:19:48,$ 3335.8167,209
3501,11:19:46,$ 3336.135,100
3502,11:19:34,$ 3337.0448,100
3503,11:19:27,$ 3335.195,100
3504,11:19:24,$ 3335.4658,200
3505,11:19:21,$ 3335.18,100
3506,11:19:06,$ 3334.32,100
3507,11:18:54,$ 3334.15,140
3508,11:18:47,$ 3334.01,100
3509,11:18:41,$ 3333.07,100
3510,11:18:41,$ 3333.00,100
3511,11:18:41,$ 3333.11,100
3513,11:18:41,$ 3333.12,100
3514,11:18:38,$ 3334.54,100
3515,11:18:38,$ 3334.54,100
3516,11:18:38,$ 3334.54,100
3517,11:18:38,$ 3334.54,100
3518,11:18:38,$ 3334.42,100
3519,11:18:36,$ 3334.08,100
3520,11:18:36,$ 3334.37,100
3521,11:18:36,$ 3335.41,100
3522,11:18:36,$ 3336.515,200
3523,11:18:36,$ 3335.39,100
3524,11:18:36,$ 3335.56,100
3525,11:18:36,$ 3335.72,100
3526,11:18:36,$ 3335.68,100
3527,11:18:36,$ 3335.66,100
3528,11:18:36,$ 3335.66,100
3529,11:18:36,$ 3335.60,100
3530,11:18:36,$ 3335.41,100
3531,11:18:25,$ 3336.25,100
3532,11:18:24,$ 3336.33,100
3534,11:18:24,$ 3336.33,100
3535,11:18:24,$ 3336.33,100
3536,11:18:24,$ 3336.33,100
3537,11:18:24,$ 3335.2182,223
3538,11:18:22,$ 3336.325,100
3539,11:18:22,$ 3336.325,100
3540,11:18:18,$ 3336.84,100
3541,11:18:03,$ 3335.37,100
3542,11:17:59,$ 3336.44,100
3543,11:17:57,$ 3336.42,194
3544,11:17:54,$ 3336.49,182
3545,11:17:54,$ 3336.50,102
3546,11:17:51,$ 3336.385,100
3547,11:17:38,$ 3337.025,100
3548,11:17:32,$ 3338.055,100
3549,11:17:32,$ 3338.055,100
3550,11:17:21,$ 3338.01,100
3551,11:17:19,$ 3337.36,100
3552,11:17:19,$ 3337.07,100
3553,11:17:11,$ 3338.045,100
3555,11:17:11,$ 3338.0022,100
3556,11:17:03,$ 3339.23,100
3557,11:17:02,$ 3339.23,100
3558,11:17:00,$ 3339.785,100
3559,11:17:00,$ 3339.7675,100
3560,11:16:56,$ 3339.87,100
3561,11:16:56,$ 3339.87,100
3562,11:16:56,$ 3339.555,100
3563,11:16:38,$ 3338.01,100
3564,11:16:23,$ 3338.60,280
3565,11:15:51,$ 3338.68,200
3566,11:15:51,$ 3338.19,100
3567,11:15:30,$ 3337.22,100
3568,11:15:27,$ 3338.93,100
3569,11:15:27,$ 3338.93,100
3570,11:15:27,$ 3338.74,300
3571,11:15:27,$ 3338.93,100
3572,11:15:18,$ 3338.45,100
3573,11:14:41,$ 3340.92,100
3574,11:14:17,$ 3340.1695,300
3576,11:14:16,$ 3339.46,100
3577,11:14:15,$ 3339.91,200
3578,11:13:49,$ 3339.975,100
3579,11:13:46,$ 3339.76,100
3580,11:13:36,$ 3339.48,100
3581,11:13:34,$ 3338.82,100
3582,11:13:34,$ 3338.83,100
3583,11:13:34,$ 3338.83,100
3584,11:13:34,$ 3338.83,100
3585,11:13:34,$ 3338.83,100
3586,11:13:34,$ 3338.83,100
3587,11:13:13,$ 3339.725,400
3588,11:13:13,$ 3339.925,437
3589,11:12:41,$ 3339.72,100
3590,11:12:22,$ 3340.61,100
3591,11:12:22,$ 3340.60,100
3592,11:11:53,$ 3342.6583,100
3593,11:11:33,$ 3342.6136,100
3594,11:11:22,$ 3342.484,100
3595,11:10:59,$ 3340.42,100
3597,11:10:59,$ 3340.42,100
3598,11:10:58,$ 3340.66,100
3599,11:10:58,$ 3340.36,100
3600,11:10:48,$ 3340.17,131
3601,11:10:40,$ 3338.6741,100
3602,11:10:38,$ 3339.14,100
3603,11:10:38,$ 3339.065,100
3604,11:10:38,$ 3339.58,100
3605,11:10:38,$ 3339.025,100
3606,11:10:38,$ 3339.235,200
3607,11:10:38,$ 3338.67,100
3608,11:10:38,$ 3338.67,100
3609,11:10:38,$ 3338.67,100
3610,11:10:38,$ 3338.67,100
3611,11:10:38,$ 3338.67,101
3612,11:10:34,$ 3339.56,185
3613,11:10:25,$ 3338.99,280
3614,11:10:22,$ 3338.99,100
3615,11:10:15,$ 3339.5168,100
3616,11:10:12,$ 3338.70,360
3618,11:10:12,$ 3338.71,100
3619,11:10:12,$ 3338.24,100
3620,11:10:12,$ 3338.59,100
3621,11:10:11,$ 3338.935,100
3622,11:09:53,$ 3341.46,100
3623,11:09:43,$ 3341.3507,200
3624,11:09:38,$ 3341.92,100
3625,11:09:32,$ 3341.00,128
3626,11:09:28,$ 3341.91,100
3627,11:09:28,$ 3340.95,100
3628,11:09:26,$ 3340.27,100
3629,11:09:26,$ 3340.06,100
3630,11:09:23,$ 3339.045,100
3631,11:09:23,$ 3339.77,100
3632,11:09:23,$ 3339.045,150
3633,11:09:15,$ 3338.46,100
3634,11:09:15,$ 3338.965,100
3635,11:09:14,$ 3338.81,100
3636,11:09:14,$ 3338.765,100
3637,11:09:10,$ 3339.3153,129
3639,11:09:07,$ 3339.04,100
3640,11:09:07,$ 3339.05,100
3641,11:09:07,$ 3338.24,100
3642,11:09:07,$ 3338.24,100
3643,11:09:07,$ 3338.50,100
3644,11:08:55,$ 3337.7565,150
3645,11:08:51,$ 3338.8875,200
3646,11:08:49,$ 3340.20,100
3647,11:08:29,$ 3340.45,100
3648,11:08:27,$ 3340.45,100
3649,11:08:25,$ 3339.97,100
3650,11:08:25,$ 3339.97,100
3651,11:08:25,$ 3339.97,100
3652,11:08:25,$ 3339.97,100
3653,11:08:25,$ 3339.97,100
3654,11:08:25,$ 3339.97,100
3655,11:08:22,$ 3340.29,100
3656,11:07:49,$ 3339.83,100
3657,11:07:20,$ 3341.47,100
3658,11:06:26,$ 3341.935,400
3660,11:06:26,$ 3341.935,100
3661,11:06:21,$ 3341.19,130
3662,11:06:04,$ 3342.78,100
3663,11:06:00,$ 3342.40,100
3664,11:05:49,$ 3341.77,150
3665,11:05:43,$ 3340.70,100
3666,11:05:29,$ 3338.62,100
3667,11:04:50,$ 3339.84,159
3668,11:04:46,$ 3339.41,100
3669,11:04:45,$ 3339.00,100
3670,11:04:12,$ 3340.00,200
3671,11:03:50,$ 3340.205,150
3672,11:03:33,$ 3338.80,100
3673,11:03:33,$ 3338.80,100
3674,11:03:02,$ 3338.06,100
3675,11:02:34,$ 3337.42,100
3676,11:02:26,$ 3337.59,100
3677,11:02:18,$ 3338.925,100
3678,11:02:10,$ 3341.51,100
3679,11:02:10,$ 3342.295,100
3681,11:02:10,$ 3342.42,100
3682,11:01:49,$ 3342.8758,150
3683,11:01:28,$ 3343.325,115
3684,11:01:26,$ 3344.0522,291
3685,11:01:14,$ 3344.2001,100
3686,11:00:57,$ 3344.008,500
3687,11:00:50,$ 3343.705,100
3688,11:00:46,$ 3344.32,143
3689,11:00:46,$ 3343.777,143
3690,11:00:46,$ 3343.777,100
3691,11:00:46,$ 3343.777,100
3692,11:00:46,$ 3344.27,100
3693,11:00:19,$ 3342.045,400
3694,11:00:13,$ 3342.875,100
3695,11:00:03,$ 3342.995,100
3697,11:59:36,$ 3323.14,100
3698,11:59:27,$ 3323.003,500
3699,11:59:26,$ 3323.00,100
3700,11:59:11,$ 3322.53,100
3701,11:59:00,$ 3321.26,100
3702,11:59:00,$ 3320.84,100
3703,11:58:54,$ 3321.20,100
3704,11:58:54,$ 3321.65,100
3705,11:58:54,$ 3320.50,100
3706,11:58:54,$ 3320.56,100
3707,11:58:54,$ 3320.50,100
3708,11:58:54,$ 3320.945,100
3709,11:58:54,$ 3321.21,100
3710,11:58:54,$ 3321.09,100
3711,11:58:54,$ 3321.37,100
3712,11:58:54,$ 3320.45,100
3713,11:58:52,$ 3321.44,100
3714,11:58:52,$ 3321.85,100
3715,11:58:52,$ 3321.49,100
3716,11:58:52,$ 3321.44,100
3718,11:58:52,$ 3321.44,100
3719,11:58:52,$ 3321.42,100
3720,11:58:52,$ 3321.42,100
3721,11:58:52,$ 3321.43,100
3722,11:58:52,$ 3321.47,100
3723,11:58:52,$ 3320.73,100
3724,11:58:52,$ 3320.71,100
3725,11:58:40,$ 3322.77,100
3726,11:58:39,$ 3322.77,111
3727,11:58:11,$ 3320.76,100
3728,11:58:07,$ 3321.07,111
3729,11:58:03,$ 3321.26,100
3730,11:57:44,$ 3321.885,100
3731,11:57:34,$ 3321.86,100
3732,11:57:34,$ 3321.78,100
3733,11:57:30,$ 3321.55,118
3734,11:57:30,$ 3321.56,100
3735,11:57:25,$ 3322.135,100
3736,11:57:21,$ 3321.58,100
3737,11:56:58,$ 3321.55,100
3739,11:56:58,$ 3321.54,100
3740,11:56:52,$ 3320.64,100
3741,11:56:46,$ 3320.44,100
3742,11:56:30,$ 3318.72,100
3743,11:56:24,$ 3319.32,100
3744,11:56:01,$ 3319.03,100
3745,11:55:37,$ 3319.40,100
3746,11:55:36,$ 3318.0822,"2,000"
3747,11:55:32,$ 3318.875,100
3748,11:55:31,$ 3318.875,200
3749,11:55:27,$ 3318.11,100
3750,11:55:27,$ 3318.185,100
3751,11:55:27,$ 3318.15,200
3752,11:55:27,$ 3318.195,100
3753,11:55:26,$ 3318.11,100
3754,11:55:26,$ 3318.12,100
3755,11:55:26,$ 3318.405,100
3756,11:55:26,$ 3318.445,100
3757,11:55:12,$ 3319.37,100
3758,11:55:09,$ 3319.49,200
3760,11:55:09,$ 3319.49,100
3761,11:54:48,$ 3319.71,100
3762,11:54:47,$ 3318.885,100
3763,11:54:43,$ 3319.02,100
3764,11:54:43,$ 3319.33,100
3765,11:54:43,$ 3319.01,100
3766,11:54:43,$ 3319.385,100
3767,11:54:25,$ 3320.0003,690
3768,11:53:34,$ 3319.6582,100
3769,11:53:33,$ 3319.6599,280
3770,11:53:26,$ 3319.6825,100
3771,11:53:26,$ 3319.4901,100
3772,11:53:11,$ 3321.27,100
3773,11:52:25,$ 3323.37,100
3774,11:52:25,$ 3323.37,100
3775,11:52:25,$ 3323.36,100
3776,11:52:25,$ 3323.37,100
3777,11:52:19,$ 3323.48,100
3778,11:52:19,$ 3323.48,100
3779,11:52:19,$ 3323.48,100
3781,11:52:19,$ 3323.48,100
3782,11:52:19,$ 3323.62,100
3783,11:52:17,$ 3323.48,100
3784,11:52:17,$ 3323.83,100
3785,11:52:17,$ 3323.48,100
3786,11:52:17,$ 3323.48,100
3787,11:52:17,$ 3323.48,100
3788,11:52:17,$ 3323.47,100
3789,11:52:14,$ 3323.47,100
3790,11:52:13,$ 3323.45,100
3791,11:51:44,$ 3322.0257,100
3792,11:51:37,$ 3322.98,100
3793,11:51:37,$ 3323.10,100
3794,11:51:37,$ 3323.14,100
3795,11:51:37,$ 3323.15,100
3796,11:51:37,$ 3323.16,100
3797,11:51:16,$ 3322.965,100
3798,11:51:03,$ 3323.47,100
3799,11:51:01,$ 3323.72,100
3800,11:50:59,$ 3323.73,100
3802,11:50:58,$ 3323.77,100
3803,11:50:58,$ 3324.38,100
3804,11:50:43,$ 3323.73,100
3805,11:50:35,$ 3324.3856,100
3806,11:50:12,$ 3325.00,100
3807,11:49:38,$ 3324.44,100
3808,11:49:38,$ 3324.00,100
3809,11:49:38,$ 3324.64,100
3810,11:49:38,$ 3324.00,190
3811,11:49:33,$ 3324.5021,300
3812,11:48:35,$ 3324.00,100
3813,11:48:34,$ 3324.00,100
3814,11:48:31,$ 3323.6925,100
3815,11:48:10,$ 3322.83,100
3816,11:47:25,$ 3321.37,100
3817,11:47:22,$ 3321.96,100
3818,11:47:04,$ 3320.17,100
3819,11:46:55,$ 3319.38,191
3820,11:46:26,$ 3319.38,300
3821,11:46:24,$ 3319.0026,125
3823,11:45:59,$ 3320.67,100
3824,11:45:42,$ 3321.615,100
3825,11:45:27,$ 3321.00,100
3826,11:45:21,$ 3321.88,100
3827,11:45:21,$ 3322.00,100
3828,11:45:02,$ 3322.5196,100
3829,11:44:57,$ 3322.595,100
3830,11:44:56,$ 3322.595,100
3831,11:44:56,$ 3322.5425,100
3832,11:44:29,$ 3322.21,100
3833,11:44:29,$ 3322.36,100
3834,11:44:28,$ 3323.2494,398
3835,11:44:28,$ 3323.2494,105
3836,11:44:28,$ 3323.2494,"1,786"
3837,11:44:17,$ 3322.90,100
3838,11:44:11,$ 3322.4966,100
3839,11:44:10,$ 3322.73,100
3840,11:43:51,$ 3322.11,100
3841,11:43:51,$ 3322.11,100
3842,11:43:51,$ 3321.77,121
3844,11:43:51,$ 3321.77,174
3845,11:43:44,$ 3322.44,100
3846,11:43:21,$ 3322.1094,164
3847,11:42:53,$ 3320.88,280
3848,11:42:50,$ 3320.5476,100
3849,11:42:48,$ 3320.64,100
3850,11:42:44,$ 3320.00,100
3851,11:42:44,$ 3319.9996,100
3852,11:42:37,$ 3320.01,100
3853,11:42:36,$ 3319.91,100
3854,11:42:31,$ 3319.25,100
3855,11:42:31,$ 3319.25,100
3856,11:42:31,$ 3319.25,100
3857,11:42:31,$ 3319.46,100
3858,11:42:30,$ 3318.53,100
3859,11:42:28,$ 3317.90,100
3860,11:42:28,$ 3317.90,100
3861,11:42:28,$ 3317.90,100
3862,11:42:28,$ 3318.35,100
3863,11:42:28,$ 3317.86,100
3865,11:42:28,$ 3318.415,100
3866,11:42:28,$ 3318.08,100
3867,11:42:28,$ 3318.235,100
3868,11:42:28,$ 3318.19,100
