,NLS Time (ET),NLS Price,NLS Share Volume
1,09:59:50,$ 3239.34,300
2,09:59:43,$ 3239.23,100
3,09:59:19,$ 3237.6787,100
4,09:59:15,$ 3237.66,100
5,09:59:13,$ 3237.30,100
6,09:59:13,$ 3237.13,100
7,09:58:45,$ 3237.27,100
8,09:58:32,$ 3237.365,200
9,09:58:27,$ 3237.04,100
10,09:58:27,$ 3237.00,100
11,09:58:22,$ 3237.50,100
12,09:58:22,$ 3237.21,100
13,09:58:22,$ 3237.58,102
14,09:58:18,$ 3236.77,200
15,09:58:15,$ 3236.725,300
16,09:58:13,$ 3237.03,100
17,09:58:13,$ 3237.05,100
18,09:58:11,$ 3236.8925,100
19,09:58:11,$ 3236.985,300
20,09:58:11,$ 3236.985,300
22,09:58:11,$ 3236.985,300
23,09:58:01,$ 3235.635,400
24,09:58:01,$ 3236.02,100
25,09:57:47,$ 3235.95,100
26,09:57:36,$ 3235.19,100
27,09:57:36,$ 3235.01,100
28,09:57:32,$ 3235.535,300
29,09:57:32,$ 3235.41,100
30,09:57:32,$ 3235.199,100
31,09:57:30,$ 3234.95,300
32,09:57:30,$ 3234.95,300
33,09:57:30,$ 3235.44,400
34,09:57:30,$ 3235.1975,300
35,09:57:30,$ 3234.955,"4,700"
36,09:57:23,$ 3235.56,100
37,09:57:08,$ 3234.55,100
38,09:57:03,$ 3235.71,100
39,09:56:49,$ 3233.53,100
40,09:56:46,$ 3235.735,100
41,09:56:46,$ 3235.625,100
43,09:56:45,$ 3234.155,100
44,09:56:45,$ 3234.265,100
45,09:56:42,$ 3233.572,249
46,09:56:33,$ 3235.33,100
47,09:56:33,$ 3235.43,100
48,09:56:32,$ 3235.00,100
49,09:56:32,$ 3235.00,191
50,09:56:27,$ 3235.53,210
51,09:56:27,$ 3235.53,317
52,09:56:27,$ 3235.60,100
53,09:56:27,$ 3236.66,100
54,09:56:27,$ 3236.66,100
55,09:56:27,$ 3236.63,300
56,09:55:46,$ 3234.56,168
57,09:55:29,$ 3235.02,100
58,09:55:23,$ 3239.01,200
59,09:55:18,$ 3238.75,300
60,09:55:18,$ 3239.02,300
61,09:55:18,$ 3239.02,100
62,09:55:18,$ 3237.72,100
64,09:55:16,$ 3235.00,170
65,09:55:11,$ 3235.64,300
66,09:55:09,$ 3235.93,100
67,09:55:04,$ 3237.60,100
68,09:55:04,$ 3237.59,100
69,09:54:57,$ 3238.80,100
70,09:54:57,$ 3238.90,100
71,09:54:55,$ 3238.40,100
72,09:54:55,$ 3238.19,100
73,09:54:45,$ 3239.63,100
74,09:54:45,$ 3239.73,100
75,09:54:45,$ 3239.17,100
76,09:54:40,$ 3238.40,100
77,09:54:40,$ 3238.47,100
78,09:54:40,$ 3238.49,100
79,09:54:40,$ 3238.50,100
80,09:54:40,$ 3238.58,100
81,09:54:40,$ 3238.87,100
82,09:54:32,$ 3237.49,190
83,09:54:30,$ 3237.49,100
85,09:54:21,$ 3238.74,100
86,09:54:18,$ 3238.29,100
87,09:54:05,$ 3237.975,100
88,09:54:02,$ 3237.57,100
89,09:53:57,$ 3237.78,100
90,09:53:37,$ 3239.3069,282
91,09:53:37,$ 3238.21,100
92,09:53:28,$ 3238.55,100
93,09:53:21,$ 3238.21,100
94,09:53:21,$ 3238.06,100
95,09:53:21,$ 3238.33,100
96,09:53:21,$ 3238.33,100
97,09:53:21,$ 3238.33,100
98,09:53:16,$ 3239.4858,150
99,09:53:16,$ 3239.2736,100
100,09:53:16,$ 3240.00,100
101,09:53:15,$ 3239.10,100
102,09:53:12,$ 3238.40,100
103,09:53:10,$ 3240.00,100
104,09:53:09,$ 3240.00,100
106,09:53:09,$ 3239.11,100
107,09:53:03,$ 3236.42,100
108,09:53:03,$ 3237.11,100
109,09:53:02,$ 3237.64,179
110,09:52:49,$ 3237.64,100
111,09:52:49,$ 3237.04,100
112,09:52:48,$ 3237.00,100
113,09:52:45,$ 3237.185,100
114,09:52:41,$ 3237.9999,100
115,09:52:09,$ 3237.638,100
116,09:52:09,$ 3237.612,100
117,09:52:04,$ 3237.24,100
118,09:52:03,$ 3237.7999,310
119,09:51:54,$ 3238.04,132
120,09:51:54,$ 3238.10,100
121,09:51:54,$ 3238.31,100
122,09:51:54,$ 3238.07,100
123,09:51:54,$ 3238.07,100
124,09:51:54,$ 3238.70,100
125,09:51:54,$ 3238.82,100
127,09:51:54,$ 3238.56,100
128,09:51:54,$ 3238.55,100
129,09:51:54,$ 3238.54,100
130,09:51:54,$ 3238.53,100
131,09:51:43,$ 3238.57,100
132,09:51:41,$ 3239.46,100
133,09:51:36,$ 3238.05,100
134,09:51:36,$ 3238.00,100
135,09:51:23,$ 3239.46,100
136,09:51:20,$ 3238.75,100
137,09:51:14,$ 3238.91,100
138,09:51:10,$ 3238.1598,260
139,09:51:08,$ 3238.06,100
140,09:51:01,$ 3238.75,200
141,09:51:00,$ 3239.44,100
142,09:51:00,$ 3239.51,100
143,09:51:00,$ 3240.00,107
144,09:51:00,$ 3240.00,100
145,09:51:00,$ 3240.00,100
146,09:50:58,$ 3240.00,100
148,09:50:58,$ 3240.00,100
149,09:50:55,$ 3240.00,100
150,09:50:55,$ 3240.00,100
151,09:50:55,$ 3240.00,100
152,09:50:55,$ 3240.00,100
153,09:50:55,$ 3240.08,100
154,09:50:55,$ 3240.00,300
155,09:50:55,$ 3240.00,100
156,09:50:55,$ 3240.00,100
157,09:50:55,$ 3240.00,100
158,09:50:55,$ 3240.00,100
159,09:50:55,$ 3240.00,100
160,09:50:55,$ 3240.00,279
161,09:50:55,$ 3240.00,108
162,09:50:55,$ 3240.00,100
163,09:50:55,$ 3240.00,100
164,09:50:55,$ 3240.00,278
165,09:50:55,$ 3240.11,100
166,09:50:54,$ 3240.359,299
167,09:50:54,$ 3241.35,128
169,09:50:54,$ 3241.00,500
170,09:50:54,$ 3241.00,100
171,09:50:54,$ 3241.31,200
172,09:50:27,$ 3243.0399,200
173,09:50:20,$ 3242.29,100
174,09:50:18,$ 3243.20,100
175,09:50:18,$ 3243.17,100
176,09:50:16,$ 3243.02,100
177,09:50:16,$ 3243.02,125
178,09:50:15,$ 3243.96,100
179,09:50:02,$ 3243.93,100
180,09:50:00,$ 3243.385,100
181,09:49:50,$ 3243.66,100
182,09:49:49,$ 3243.6484,100
183,09:49:43,$ 3242.0801,100
184,09:49:36,$ 3242.77,150
185,09:49:11,$ 3242.48,100
186,09:49:09,$ 3242.5883,100
187,09:49:03,$ 3242.14,100
188,09:49:00,$ 3243.18,100
190,09:49:00,$ 3242.87,100
191,09:48:58,$ 3243.85,300
192,09:48:58,$ 3243.84,100
193,09:48:58,$ 3244.04,100
194,09:48:58,$ 3244.03,100
195,09:48:58,$ 3244.00,200
196,09:48:58,$ 3244.0001,100
197,09:48:53,$ 3244.1957,100
198,09:48:35,$ 3244.80,100
199,09:48:30,$ 3244.31,100
200,09:48:03,$ 3246.37,100
201,09:47:59,$ 3247.55,100
202,09:47:57,$ 3248.275,100
203,09:47:54,$ 3248.88,100
204,09:47:51,$ 3248.88,100
205,09:47:38,$ 3248.01,100
206,09:47:36,$ 3248.135,100
207,09:47:34,$ 3248.715,100
208,09:47:27,$ 3248.777,100
209,09:47:27,$ 3248.36,100
211,09:47:27,$ 3248.50,100
212,09:47:27,$ 3248.215,100
213,09:47:27,$ 3248.215,100
214,09:47:07,$ 3246.84,100
215,09:46:50,$ 3247.4415,240
216,09:46:47,$ 3247.6945,163
217,09:46:36,$ 3247.21,100
218,09:46:21,$ 3248.14,100
219,09:46:14,$ 3248.07,100
220,09:46:14,$ 3248.02,100
221,09:46:14,$ 3248.02,100
222,09:46:06,$ 3248.0999,100
223,09:46:06,$ 3246.58,100
224,09:46:06,$ 3248.305,100
225,09:46:05,$ 3247.63,100
226,09:46:05,$ 3247.39,139
227,09:46:04,$ 3248.11,120
228,09:46:04,$ 3248.31,133
229,09:46:03,$ 3250.00,100
230,09:46:01,$ 3249.24,100
232,09:46:01,$ 3249.455,100
233,09:45:59,$ 3249.86,100
234,09:45:59,$ 3250.01,100
235,09:45:59,$ 3250.075,100
236,09:45:57,$ 3249.17,100
237,09:45:57,$ 3249.12,107
238,09:45:56,$ 3249.78,100
239,09:45:55,$ 3250.11,100
240,09:45:55,$ 3250.385,100
241,09:45:54,$ 3250.11,100
242,09:45:54,$ 3250.385,100
243,09:45:53,$ 3250.98,100
244,09:45:53,$ 3250.98,100
245,09:45:53,$ 3249.32,100
246,09:45:53,$ 3249.32,100
247,09:45:53,$ 3249.88,100
248,09:45:53,$ 3250.04,100
249,09:45:53,$ 3250.055,100
250,09:45:51,$ 3250.89,100
251,09:45:49,$ 3250.31,100
253,09:45:49,$ 3250.84,100
254,09:45:48,$ 3250.00,118
255,09:45:48,$ 3249.91,100
256,09:45:48,$ 3250.00,100
257,09:45:48,$ 3250.00,125
258,09:45:48,$ 3249.98,100
259,09:45:48,$ 3249.92,100
260,09:45:46,$ 3249.157,298
261,09:45:46,$ 3249.90,100
262,09:45:46,$ 3249.79,100
263,09:45:42,$ 3249.65,100
264,09:45:42,$ 3249.65,100
265,09:45:42,$ 3249.585,100
266,09:45:38,$ 3249.69,100
267,09:45:38,$ 3249.68,100
268,09:45:33,$ 3248.72,100
269,09:45:33,$ 3248.84,100
270,09:45:32,$ 3249.82,100
271,09:45:28,$ 3249.43,100
272,09:45:26,$ 3249.29,100
274,09:45:24,$ 3249.18,100
275,09:45:24,$ 3249.21,100
276,09:45:24,$ 3249.3099,100
277,09:45:24,$ 3248.87,100
278,09:45:24,$ 3248.81,100
279,09:45:24,$ 3248.81,265
280,09:45:24,$ 3248.80,390
281,09:45:24,$ 3248.78,100
282,09:45:18,$ 3248.81,100
283,09:45:14,$ 3247.761,100
284,09:45:13,$ 3248.785,100
285,09:45:13,$ 3248.84,100
286,09:45:13,$ 3248.86,100
287,09:45:11,$ 3248.045,100
288,09:45:10,$ 3248.83,100
289,09:45:10,$ 3248.76,100
290,09:45:00,$ 3247.65,100
291,09:45:00,$ 3247.97,100
292,09:45:00,$ 3247.64,100
293,09:45:00,$ 3247.53,100
295,09:45:00,$ 3246.96,100
296,09:45:00,$ 3247.40,100
297,09:45:00,$ 3247.40,100
298,09:45:00,$ 3246.64,100
299,09:45:00,$ 3246.86,200
300,09:45:00,$ 3246.97,100
301,09:45:00,$ 3245.47,100
302,09:45:00,$ 3245.74,100
303,09:45:00,$ 3245.65,100
304,09:45:00,$ 3245.47,100
305,09:45:00,$ 3245.65,130
306,09:45:00,$ 3244.99,100
307,09:44:55,$ 3244.75,100
308,09:44:52,$ 3245.415,100
309,09:44:51,$ 3243.5394,100
310,09:44:48,$ 3245.08,100
311,09:44:47,$ 3243.92,100
312,09:44:40,$ 3244.55,100
313,09:44:34,$ 3244.605,100
314,09:44:28,$ 3244.555,100
316,09:44:26,$ 3243.73,100
317,09:44:14,$ 3244.51,100
318,09:44:11,$ 3243.83,100
319,09:44:11,$ 3244.00,222
320,09:44:11,$ 3244.00,118
321,09:44:09,$ 3244.045,100
322,09:44:07,$ 3243.23,140
323,09:44:07,$ 3244.0783,100
324,09:43:58,$ 3245.11,100
325,09:43:42,$ 3245.27,100
326,09:43:42,$ 3245.00,101
327,09:43:41,$ 3244.4927,449
328,09:43:39,$ 3244.4945,100
329,09:43:35,$ 3244.41,100
330,09:43:24,$ 3245.39,100
331,09:43:23,$ 3245.00,100
332,09:43:16,$ 3244.87,100
333,09:43:13,$ 3244.73,100
334,09:43:09,$ 3245.42,100
335,09:43:08,$ 3245.00,100
337,09:43:08,$ 3245.00,100
338,09:43:01,$ 3245.41,100
339,09:43:00,$ 3245.45,100
340,09:42:49,$ 3246.10,100
341,09:42:48,$ 3246.10,100
342,09:42:38,$ 3245.46,100
343,09:42:38,$ 3245.30,100
344,09:42:35,$ 3245.79,100
345,09:42:30,$ 3246.74,223
346,09:42:19,$ 3246.16,100
347,09:42:18,$ 3245.69,100
348,09:42:18,$ 3245.63,100
349,09:42:18,$ 3245.69,100
350,09:42:18,$ 3245.64,100
351,09:42:17,$ 3246.03,100
352,09:42:08,$ 3247.115,100
353,09:42:08,$ 3246.85,100
354,09:42:06,$ 3247.315,100
355,09:42:03,$ 3246.89,198
356,09:42:02,$ 3246.55,100
358,09:41:59,$ 3245.85,100
359,09:41:54,$ 3246.7869,200
360,09:41:50,$ 3246.85,100
361,09:41:39,$ 3247.62,200
362,09:41:26,$ 3246.93,200
363,09:41:14,$ 3247.69,100
364,09:41:08,$ 3248.86,"1,177"
365,09:41:08,$ 3247.76,100
366,09:41:08,$ 3247.69,100
367,09:41:08,$ 3247.69,100
368,09:41:03,$ 3247.885,100
369,09:41:03,$ 3248.185,100
370,09:41:03,$ 3248.09,100
371,09:41:03,$ 3247.885,100
372,09:41:02,$ 3248.56,100
373,09:41:02,$ 3248.42,100
374,09:41:02,$ 3247.845,100
375,09:41:02,$ 3248.505,100
376,09:41:01,$ 3248.21,100
377,09:41:01,$ 3247.97,100
379,09:41:00,$ 3247.37,100
380,09:40:57,$ 3247.345,250
381,09:40:55,$ 3247.345,100
382,09:40:55,$ 3247.345,100
383,09:40:55,$ 3247.34,700
384,09:40:54,$ 3247.9597,100
385,09:40:54,$ 3247.96,100
386,09:40:54,$ 3247.61,841
387,09:40:54,$ 3247.96,100
388,09:40:54,$ 3247.88,100
389,09:40:54,$ 3247.82,100
390,09:40:48,$ 3247.33,100
391,09:40:48,$ 3247.335,200
392,09:40:48,$ 3247.335,100
393,09:40:42,$ 3247.175,100
394,09:40:42,$ 3247.175,100
395,09:40:42,$ 3247.17,100
396,09:40:30,$ 3246.22,100
397,09:40:25,$ 3246.60,100
398,09:40:21,$ 3246.2301,100
400,09:40:21,$ 3246.3197,100
401,09:40:21,$ 3246.96,100
402,09:40:20,$ 3246.49,100
403,09:40:20,$ 3246.50,100
404,09:40:20,$ 3246.50,100
405,09:40:20,$ 3246.50,100
406,09:40:14,$ 3246.48,100
407,09:40:13,$ 3246.46,100
408,09:40:12,$ 3246.23,100
409,09:40:12,$ 3246.24,100
410,09:40:12,$ 3246.22,100
411,09:40:04,$ 3245.24,100
412,09:40:01,$ 3243.90,100
413,09:39:54,$ 3244.62,100
414,09:39:54,$ 3244.62,100
415,09:39:53,$ 3244.62,100
416,09:39:51,$ 3244.37,100
417,09:39:51,$ 3244.62,450
418,09:39:51,$ 3244.62,117
419,09:39:48,$ 3243.1301,200
421,09:39:18,$ 3244.4006,200
422,09:39:12,$ 3244.6299,300
423,09:39:11,$ 3243.695,100
424,09:39:10,$ 3243.54,100
425,09:39:10,$ 3243.54,100
426,09:39:10,$ 3244.375,100
427,09:39:08,$ 3244.6314,100
428,09:39:07,$ 3245.73,100
429,09:39:07,$ 3245.73,100
430,09:39:03,$ 3245.335,100
431,09:39:03,$ 3245.55,100
432,09:39:03,$ 3245.72,100
433,09:39:03,$ 3245.72,100
434,09:39:02,$ 3246.00,100
435,09:39:02,$ 3245.47,100
436,09:39:02,$ 3245.88,100
437,09:39:02,$ 3245.87,100
438,09:39:02,$ 3245.66,100
439,09:39:00,$ 3244.955,100
440,09:39:00,$ 3245.24,100
442,09:38:59,$ 3244.945,100
443,09:38:37,$ 3243.55,132
444,09:38:32,$ 3242.83,100
445,09:38:06,$ 3240.86,100
446,09:38:06,$ 3240.40,100
447,09:38:01,$ 3240.17,100
448,09:37:52,$ 3244.35,200
449,09:37:52,$ 3241.47,100
450,09:37:27,$ 3240.695,100
451,09:37:27,$ 3240.09,100
452,09:37:26,$ 3240.11,100
453,09:37:26,$ 3240.955,100
454,09:37:21,$ 3241.18,100
455,09:37:20,$ 3240.8121,100
456,09:37:18,$ 3241.25,100
457,09:37:18,$ 3241.54,100
458,09:37:06,$ 3240.00,100
459,09:37:04,$ 3239.755,100
460,09:37:01,$ 3240.08,100
461,09:37:01,$ 3240.14,100
463,09:37:01,$ 3240.38,100
464,09:37:01,$ 3240.62,100
465,09:36:58,$ 3240.065,100
466,09:36:58,$ 3239.96,100
467,09:36:58,$ 3239.825,300
468,09:36:58,$ 3240.34,100
469,09:36:57,$ 3240.36,100
470,09:36:57,$ 3240.52,100
471,09:36:57,$ 3240.58,100
472,09:36:57,$ 3240.66,100
473,09:36:57,$ 3239.79,100
474,09:36:56,$ 3239.42,100
475,09:36:56,$ 3241.165,100
476,09:36:56,$ 3239.42,100
477,09:36:56,$ 3239.54,100
478,09:36:56,$ 3239.43,100
479,09:36:56,$ 3240.00,100
480,09:36:56,$ 3240.00,100
481,09:36:55,$ 3240.44,100
482,09:36:55,$ 3240.67,100
484,09:36:55,$ 3240.71,100
485,09:36:55,$ 3241.90,100
486,09:36:55,$ 3242.59,100
487,09:36:53,$ 3241.4473,100
488,09:36:47,$ 3241.57,100
489,09:36:44,$ 3243.48,100
490,09:36:43,$ 3243.4999,198
491,09:36:43,$ 3242.77,198
492,09:36:40,$ 3243.5986,200
493,09:36:31,$ 3242.86,100
494,09:36:25,$ 3242.78,100
495,09:36:25,$ 3243.84,100
496,09:36:24,$ 3243.91,140
497,09:36:24,$ 3244.00,100
498,09:36:24,$ 3243.92,100
499,09:36:23,$ 3242.92,100
500,09:36:23,$ 3243.88,100
501,09:36:23,$ 3243.90,100
502,09:36:23,$ 3244.00,100
503,09:36:23,$ 3244.00,100
505,09:36:23,$ 3243.92,200
506,09:36:23,$ 3243.99,400
507,09:36:23,$ 3243.79,100
508,09:36:23,$ 3243.98,100
509,09:36:23,$ 3244.00,100
510,09:36:23,$ 3242.81,100
511,09:36:23,$ 3243.61,100
512,09:36:23,$ 3243.93,100
513,09:36:21,$ 3242.65,300
514,09:36:15,$ 3242.32,100
515,09:36:06,$ 3242.335,100
516,09:36:02,$ 3242.42,100
517,09:36:02,$ 3242.71,100
518,09:36:01,$ 3243.855,100
519,09:35:59,$ 3243.61,100
520,09:35:59,$ 3244.315,100
521,09:35:59,$ 3244.3375,100
522,09:35:58,$ 3244.31,100
523,09:35:58,$ 3244.305,100
524,09:35:58,$ 3244.305,100
526,09:35:58,$ 3244.60,100
527,09:35:53,$ 3244.275,100
528,09:35:51,$ 3244.08,100
529,09:35:48,$ 3242.92,100
530,09:35:34,$ 3245.14,100
531,09:35:34,$ 3245.00,166
532,09:35:34,$ 3245.00,"1,334"
533,09:35:34,$ 3245.10,100
534,09:35:32,$ 3243.94,100
535,09:35:31,$ 3243.51,100
536,09:35:31,$ 3242.95,100
537,09:35:31,$ 3242.96,100
538,09:35:31,$ 3242.98,100
539,09:35:31,$ 3243.12,100
540,09:35:31,$ 3242.00,223
541,09:35:31,$ 3242.00,698
542,09:35:31,$ 3242.09,100
543,09:35:29,$ 3241.7761,100
544,09:35:25,$ 3241.3042,100
545,09:35:24,$ 3241.06,100
547,09:35:24,$ 3240.99,100
548,09:35:23,$ 3241.95,100
549,09:35:00,$ 3240.73,100
550,09:34:57,$ 3239.8866,100
551,09:34:55,$ 3240.00,100
552,09:34:55,$ 3239.70,100
553,09:34:55,$ 3239.70,100
554,09:34:55,$ 3240.03,100
555,09:34:52,$ 3241.31,100
556,09:34:52,$ 3241.165,100
557,09:34:51,$ 3242.03,100
558,09:34:47,$ 3242.0069,100
559,09:34:43,$ 3242.00,100
560,09:34:42,$ 3241.855,100
561,09:34:41,$ 3240.7501,100
562,09:34:38,$ 3241.225,100
563,09:34:13,$ 3240.00,100
564,09:34:11,$ 3240.20,100
565,09:34:08,$ 3242.104,450
566,09:33:40,$ 3239.475,100
568,09:33:30,$ 3239.99,100
569,09:33:30,$ 3239.905,100
570,09:33:27,$ 3240.00,100
571,09:33:23,$ 3240.57,100
572,09:33:22,$ 3240.50,100
573,09:33:18,$ 3241.77,100
574,09:33:11,$ 3241.17,100
575,09:33:10,$ 3240.50,100
576,09:33:08,$ 3240.00,733
577,09:33:08,$ 3240.15,100
578,09:33:08,$ 3240.00,100
579,09:33:08,$ 3240.00,100
580,09:33:02,$ 3239.97,100
581,09:33:02,$ 3239.97,100
582,09:33:02,$ 3239.97,100
583,09:33:02,$ 3239.97,100
584,09:33:01,$ 3238.99,100
585,09:33:01,$ 3239.90,100
586,09:33:01,$ 3239.915,100
587,09:33:01,$ 3239.00,100
589,09:32:57,$ 3240.20,100
590,09:32:56,$ 3240.00,100
591,09:32:56,$ 3239.90,100
592,09:32:48,$ 3240.54,100
593,09:32:43,$ 3240.02,100
594,09:32:42,$ 3240.00,100
595,09:32:33,$ 3242.99,100
596,09:32:22,$ 3243.7999,100
597,09:32:09,$ 3245.01,100
598,09:32:09,$ 3245.00,100
599,09:32:01,$ 3241.0675,100
600,09:32:01,$ 3240.795,100
601,09:31:58,$ 3241.99,100
602,09:31:56,$ 3241.88,100
603,09:31:53,$ 3241.73,100
604,09:31:50,$ 3242.29,100
605,09:31:41,$ 3239.79,100
606,09:31:41,$ 3239.785,100
607,09:31:40,$ 3239.7896,220
608,09:31:40,$ 3240.57,100
610,09:31:35,$ 3239.5801,150
611,09:31:32,$ 3240.2217,300
612,09:31:18,$ 3243.66,100
613,09:31:17,$ 3241.74,100
614,09:31:16,$ 3241.02,100
615,09:31:08,$ 3244.00,100
616,09:31:04,$ 3241.98,100
617,09:31:02,$ 3242.55,100
618,09:31:00,$ 3242.415,150
619,09:30:58,$ 3242.20,100
620,09:30:57,$ 3242.96,100
621,09:30:57,$ 3242.06,126
622,09:30:57,$ 3242.06,148
623,09:30:49,$ 3242.09,100
624,09:30:29,$ 3240.00,200
625,09:30:13,$ 3242.00,100
626,09:30:13,$ 3244.00,100
627,09:30:10,$ 3243.49,234
628,09:30:09,$ 3243.00,100
629,09:30:07,$ 3243.47,100
631,09:30:07,$ 3243.47,100
632,09:30:03,$ 3242.56,100
633,09:30:03,$ 3242.65,3
634,09:30:03,$ 3242.65,35
635,09:30:03,$ 3242.65,3
636,09:30:03,$ 3242.65,4
637,09:30:03,$ 3242.65,1
638,09:30:03,$ 3242.65,4
639,09:30:03,$ 3242.65,8
640,09:30:03,$ 3242.65,15
641,09:30:03,$ 3242.65,1
642,09:30:03,$ 3242.65,2
643,09:30:03,$ 3242.65,1
644,09:30:03,$ 3242.65,1
645,09:30:03,$ 3242.65,1
646,09:30:03,$ 3242.65,1
647,09:30:03,$ 3242.65,1
648,09:30:03,$ 3242.65,10
649,09:30:03,$ 3242.65,2
650,09:30:03,$ 3242.65,1
652,09:30:03,$ 3242.65,2
653,09:30:03,$ 3242.65,3
654,09:30:03,$ 3242.65,2
655,09:30:03,$ 3242.65,67
656,09:30:03,$ 3242.65,4
657,09:30:03,$ 3242.65,1
658,09:30:03,$ 3242.65,1
659,09:30:03,$ 3242.65,5
660,09:30:03,$ 3242.65,1
661,09:30:03,$ 3242.65,7
662,09:30:03,$ 3242.65,1
663,09:30:03,$ 3242.65,6
664,09:30:03,$ 3242.65,2
665,09:30:03,$ 3242.65,2
666,09:30:03,$ 3242.65,1
667,09:30:03,$ 3242.65,2
668,09:30:03,$ 3242.65,3
669,09:30:03,$ 3242.65,2
670,09:30:03,$ 3242.65,2
671,09:30:03,$ 3242.65,1
673,09:30:03,$ 3242.65,1
674,09:30:03,$ 3242.65,2
675,09:30:03,$ 3242.65,1
676,09:30:03,$ 3242.65,31
677,09:30:03,$ 3242.65,7
678,09:30:03,$ 3242.65,75
679,09:30:03,$ 3242.65,1
680,09:30:03,$ 3242.65,1
681,09:30:03,$ 3242.65,1
682,09:30:03,$ 3242.65,1
683,09:30:03,$ 3242.65,2
684,09:30:03,$ 3242.65,1
685,09:30:03,$ 3242.65,1
686,09:30:03,$ 3242.65,2
687,09:30:03,$ 3242.65,2
688,09:30:03,$ 3242.65,1
689,09:30:03,$ 3242.65,5
690,09:30:03,$ 3242.65,1
691,09:30:03,$ 3242.65,3
692,09:30:03,$ 3242.65,1
694,09:30:03,$ 3242.65,1
695,09:30:03,$ 3242.65,15
696,09:30:03,$ 3242.65,3
697,09:30:03,$ 3242.65,1
698,09:30:03,$ 3242.65,1
699,09:30:03,$ 3242.65,42
700,09:30:03,$ 3242.65,2
701,09:30:03,$ 3242.65,1
702,09:30:03,$ 3242.65,1
703,09:30:03,$ 3242.65,2
704,09:30:03,$ 3242.65,1
705,09:30:03,$ 3242.65,6
706,09:30:03,$ 3242.65,2
707,09:30:03,$ 3242.65,1
708,09:30:03,$ 3242.65,3
709,09:30:03,$ 3242.65,1
710,09:30:03,$ 3242.65,2
711,09:30:03,$ 3242.65,1
712,09:30:03,$ 3242.65,1
713,09:30:03,$ 3242.65,1
715,09:30:03,$ 3242.65,1
716,09:30:03,$ 3242.65,2
717,09:30:03,$ 3242.65,1
718,09:30:03,$ 3242.65,5
719,09:30:03,$ 3242.65,1
720,09:30:03,$ 3242.65,2
721,09:30:03,$ 3242.65,1
722,09:30:03,$ 3242.65,1
723,09:30:03,$ 3242.65,3
724,09:30:03,$ 3242.65,1
725,09:30:03,$ 3242.65,1
726,09:30:03,$ 3242.65,30
727,09:30:03,$ 3242.65,5
728,09:30:03,$ 3242.65,1
729,09:30:03,$ 3242.65,1
730,09:30:03,$ 3242.65,1
731,09:30:03,$ 3242.65,15
732,09:30:03,$ 3242.65,15
733,09:30:03,$ 3242.65,10
734,09:30:03,$ 3242.65,10
736,09:30:03,$ 3242.65,8
737,09:30:03,$ 3242.65,1
738,09:30:03,$ 3242.65,3
739,09:30:03,$ 3242.65,1
740,09:30:03,$ 3242.65,1
741,09:30:03,$ 3242.65,10
742,09:30:03,$ 3242.65,2
743,09:30:03,$ 3242.65,3
744,09:30:03,$ 3242.65,1
745,09:30:03,$ 3242.65,4
746,09:30:03,$ 3242.65,1
747,09:30:03,$ 3242.65,1
748,09:30:03,$ 3242.65,2
749,09:30:03,$ 3242.65,1
750,09:30:03,$ 3242.65,2
751,09:30:03,$ 3242.65,3
752,09:30:03,$ 3242.65,2
753,09:30:03,$ 3242.65,5
754,09:30:03,$ 3242.65,24
755,09:30:03,$ 3242.65,10
757,09:30:03,$ 3242.65,5
758,09:30:03,$ 3242.65,2
759,09:30:03,$ 3242.65,5
760,09:30:03,$ 3242.65,93
761,09:30:03,$ 3242.65,1
762,09:30:03,$ 3242.65,3
763,09:30:03,$ 3242.65,6
764,09:30:03,$ 3242.65,3
765,09:30:03,$ 3242.65,5
766,09:30:03,$ 3242.65,2
767,09:30:03,$ 3242.65,5
768,09:30:03,$ 3242.65,3
769,09:30:03,$ 3242.65,1
770,09:30:03,$ 3242.65,2
771,09:30:03,$ 3242.65,2
772,09:30:03,$ 3242.65,4
773,09:30:03,$ 3242.65,5
774,09:30:03,$ 3242.65,2
775,09:30:03,$ 3242.65,3
776,09:30:03,$ 3242.65,5
778,09:30:03,$ 3242.65,2
779,09:30:03,$ 3242.65,2
780,09:30:03,$ 3242.65,3
781,09:30:03,$ 3242.65,2
782,09:30:03,$ 3242.65,2
783,09:30:03,$ 3242.65,9
784,09:30:03,$ 3242.65,3
785,09:30:03,$ 3242.65,2
786,09:30:03,$ 3242.65,4
787,09:30:03,$ 3242.65,1
788,09:30:03,$ 3242.65,3
789,09:30:03,$ 3242.65,3
790,09:30:03,$ 3242.65,5
791,09:30:03,$ 3242.65,4
792,09:30:03,$ 3242.65,1
793,09:30:03,$ 3242.65,2
794,09:30:03,$ 3242.65,30
795,09:30:03,$ 3242.65,59
796,09:30:03,$ 3242.65,10
797,09:30:03,$ 3242.65,12
799,09:30:03,$ 3242.65,172
800,09:30:03,$ 3242.65,1
801,09:30:03,$ 3242.65,2
802,09:30:03,$ 3242.65,3
803,09:30:03,$ 3242.65,13
804,09:30:03,$ 3242.65,125
805,09:30:03,$ 3242.65,7
806,09:30:03,$ 3242.65,2
807,09:30:03,$ 3242.65,1
808,09:30:03,$ 3242.65,1
809,09:30:03,$ 3242.65,5
810,09:30:03,$ 3242.65,3
811,09:30:03,$ 3242.65,18
812,09:30:03,$ 3242.65,5
813,09:30:03,$ 3242.65,64
814,09:30:03,$ 3242.65,12
815,09:30:03,$ 3242.65,9
816,09:30:03,$ 3242.65,3
817,09:30:03,$ 3242.65,1
818,09:30:03,$ 3242.65,2
820,09:30:03,$ 3242.65,1
821,09:30:03,$ 3242.65,1
822,09:30:03,$ 3242.65,3
823,09:30:03,$ 3242.65,3
824,09:30:03,$ 3242.65,1
825,09:30:03,$ 3242.65,1
826,09:30:03,$ 3242.65,6
827,09:30:03,$ 3242.65,7
828,09:30:03,$ 3242.65,17
829,09:30:03,$ 3242.65,6
830,09:30:03,$ 3242.65,1
831,09:30:03,$ 3242.65,1
832,09:30:03,$ 3242.65,1
833,09:30:03,$ 3242.65,1
834,09:30:03,$ 3242.65,1
835,09:30:03,$ 3242.65,1
836,09:30:03,$ 3242.65,1
837,09:30:03,$ 3242.65,1
838,09:30:03,$ 3242.65,1
839,09:30:03,$ 3242.65,1
841,09:30:03,$ 3242.65,1
842,09:30:03,$ 3242.65,1
843,09:30:03,$ 3242.65,3
844,09:30:03,$ 3242.65,1
845,09:30:03,$ 3242.65,2
846,09:30:03,$ 3242.65,3
847,09:30:03,$ 3242.65,6
848,09:30:03,$ 3242.65,18
849,09:30:03,$ 3242.65,2
850,09:30:03,$ 3242.65,38
851,09:30:03,$ 3242.65,6
852,09:30:03,$ 3242.65,20
853,09:30:03,$ 3242.65,85
854,09:30:03,$ 3242.65,16
855,09:30:03,$ 3242.65,15
856,09:30:03,$ 3242.65,3
857,09:30:03,$ 3242.65,100
858,09:30:03,$ 3242.65,4
859,09:30:03,$ 3242.65,3
860,09:30:03,$ 3242.65,42
862,09:30:03,$ 3242.65,10
863,09:30:03,$ 3242.65,8
864,09:30:03,$ 3242.65,8
865,09:30:03,$ 3242.65,34
866,09:30:03,$ 3242.65,1
867,09:30:03,$ 3242.65,8
868,09:30:03,$ 3242.65,1
869,09:30:03,$ 3242.65,75
870,09:30:03,$ 3242.65,10
871,09:30:03,$ 3242.65,2
872,09:30:03,$ 3242.65,5
873,09:30:03,$ 3242.65,34
874,09:30:03,$ 3242.65,20
875,09:30:03,$ 3242.65,3
876,09:30:03,$ 3242.65,5
877,09:30:03,$ 3242.65,3
878,09:30:03,$ 3242.65,44
879,09:30:03,$ 3242.65,5
880,09:30:03,$ 3242.65,6
881,09:30:03,$ 3242.65,10
883,09:30:03,$ 3242.65,7
884,09:30:03,$ 3242.65,5
885,09:30:03,$ 3242.65,2
886,09:30:03,$ 3242.65,4
887,09:30:03,$ 3242.65,3
888,09:30:03,$ 3242.65,1
889,09:30:03,$ 3242.65,8
890,09:30:03,$ 3242.65,7
891,09:30:03,$ 3242.65,4
892,09:30:03,$ 3242.65,12
893,09:30:03,$ 3242.65,1
894,09:30:03,$ 3242.65,1
895,09:30:03,$ 3242.65,30
896,09:30:03,$ 3242.65,9
897,09:30:03,$ 3242.65,11
898,09:30:03,$ 3242.65,"1,100"
899,09:30:03,$ 3242.65,10
900,09:30:03,$ 3242.65,3
901,09:30:03,$ 3242.65,110
902,09:30:03,$ 3242.65,1
904,09:30:03,$ 3242.65,30
905,09:30:03,$ 3242.65,11
906,09:30:03,$ 3242.65,8
907,09:30:03,$ 3242.65,2
908,09:30:03,$ 3242.65,4
909,09:30:03,$ 3242.65,3
910,09:30:03,$ 3242.65,12
911,09:30:03,$ 3242.65,14
912,09:30:03,$ 3242.65,10
913,09:30:03,$ 3242.65,5
914,09:30:03,$ 3242.65,1
915,09:30:03,$ 3242.65,1
916,09:30:03,$ 3242.65,4
917,09:30:03,$ 3242.65,1
918,09:30:03,$ 3242.65,1
919,09:30:03,$ 3242.65,1
920,09:30:03,$ 3242.65,5
921,09:30:03,$ 3242.65,6
922,09:30:03,$ 3242.65,100
923,09:30:03,$ 3242.65,5
925,09:30:03,$ 3242.65,3
926,09:30:03,$ 3242.65,1
927,09:30:03,$ 3242.65,4
928,09:30:03,$ 3242.65,"2,176"
929,09:30:03,$ 3242.65,1
930,09:30:03,$ 3242.65,15
931,09:30:03,$ 3242.65,8
932,09:30:03,$ 3242.65,3
933,09:30:03,$ 3242.65,1
934,09:30:03,$ 3242.65,1
935,09:30:03,$ 3242.65,1
936,09:30:03,$ 3242.65,5
937,09:30:03,$ 3242.65,15
938,09:30:03,$ 3242.65,2
939,09:30:03,$ 3242.65,5
940,09:30:03,$ 3242.65,75
941,09:30:03,$ 3242.65,3
942,09:30:03,$ 3242.65,1
943,09:30:03,$ 3242.65,6
944,09:30:03,$ 3242.65,1
946,09:30:03,$ 3242.65,1
947,09:30:03,$ 3242.65,2
948,09:30:03,$ 3242.65,1
949,09:30:03,$ 3242.65,1
950,09:30:03,$ 3242.65,1
951,09:30:03,$ 3242.65,4
952,09:30:03,$ 3242.65,1
953,09:30:03,$ 3242.65,10
954,09:30:03,$ 3242.65,10
955,09:30:03,$ 3242.65,60
956,09:30:03,$ 3242.65,5
957,09:30:03,$ 3242.65,3
958,09:30:03,$ 3242.65,2
959,09:30:03,$ 3242.65,3
960,09:30:03,$ 3242.65,2
961,09:30:03,$ 3242.65,15
962,09:30:03,$ 3242.65,11
963,09:30:03,$ 3242.65,20
964,09:30:03,$ 3242.65,15
965,09:30:03,$ 3242.65,20
967,09:30:03,$ 3242.65,9
968,09:30:03,$ 3242.65,9
969,09:30:03,$ 3242.65,15
970,09:30:03,$ 3242.65,5
971,09:30:03,$ 3242.65,1
972,09:30:03,$ 3242.65,20
973,09:30:03,$ 3242.65,1
974,09:30:03,$ 3242.65,2
975,09:30:03,$ 3242.65,2
976,09:30:03,$ 3242.65,1
977,09:30:03,$ 3242.65,1
978,09:30:03,$ 3242.65,5
979,09:30:03,$ 3242.65,1
980,09:30:03,$ 3242.65,1
981,09:30:03,$ 3242.65,8
982,09:30:03,$ 3242.65,1
983,09:30:03,$ 3242.65,1
984,09:30:03,$ 3242.65,3
985,09:30:03,$ 3242.65,10
986,09:30:03,$ 3242.65,1
988,09:30:03,$ 3242.65,1
989,09:30:03,$ 3242.65,3
990,09:30:03,$ 3242.65,3
991,09:30:03,$ 3242.65,4
992,09:30:03,$ 3242.65,6
993,09:30:03,$ 3242.65,1
994,09:30:03,$ 3242.65,1
995,09:30:03,$ 3242.65,1
996,09:30:03,$ 3242.65,12
997,09:30:03,$ 3242.65,2
998,09:30:03,$ 3242.65,3
999,09:30:03,$ 3242.65,53
1000,09:30:03,$ 3242.65,1
1001,09:30:03,$ 3242.65,1
1002,09:30:03,$ 3242.65,7
1003,09:30:03,$ 3242.65,2
1004,09:30:03,$ 3242.65,1
1005,09:30:03,$ 3242.65,1
1006,09:30:03,$ 3242.65,3
1007,09:30:03,$ 3242.65,1
1009,09:30:03,$ 3242.65,1
1010,09:30:03,$ 3242.65,1
1011,09:30:03,$ 3242.65,1
1012,09:30:03,$ 3242.65,5
1013,09:30:03,$ 3242.65,1
1014,09:30:03,$ 3242.65,12
1015,09:30:03,$ 3242.65,1
1016,09:30:03,$ 3242.65,1
1017,09:30:03,$ 3242.65,1
1018,09:30:03,$ 3242.65,1
1019,09:30:03,$ 3242.65,7
1020,09:30:03,$ 3242.65,1
1021,09:30:03,$ 3242.65,2
1022,09:30:03,$ 3242.65,1
1023,09:30:03,$ 3242.65,1
1024,09:30:03,$ 3242.65,2
1025,09:30:03,$ 3242.65,2
1026,09:30:03,$ 3242.65,3
1027,09:30:03,$ 3242.65,10
1028,09:30:03,$ 3242.65,1
1030,09:30:03,$ 3242.65,1
1031,09:30:03,$ 3242.65,5
1032,09:30:03,$ 3242.65,1
1033,09:30:03,$ 3242.65,3
1034,09:30:03,$ 3242.65,1
1035,09:30:03,$ 3242.65,1
1036,09:30:03,$ 3242.65,5
1037,09:30:03,$ 3242.65,25
1038,09:30:03,$ 3242.65,10
1039,09:30:03,$ 3242.65,6
1040,09:30:03,$ 3242.65,13
1041,09:30:03,$ 3242.65,50
1042,09:30:03,$ 3242.65,7
1043,09:30:03,$ 3242.65,47
1044,09:30:03,$ 3242.65,6
1045,09:30:03,$ 3242.65,2
1046,09:30:03,$ 3242.65,1
1047,09:30:03,$ 3242.65,1
1048,09:30:03,$ 3242.65,2
1049,09:30:03,$ 3242.65,3
1051,09:30:03,$ 3242.65,1
1052,09:30:03,$ 3242.65,3
1053,09:30:03,$ 3242.65,60
1054,09:30:03,$ 3242.65,50
1055,09:30:03,$ 3242.65,1
1056,09:30:03,$ 3242.65,1
1057,09:30:03,$ 3242.65,2
1058,09:30:03,$ 3242.65,1
1059,09:30:03,$ 3242.65,1
1060,09:30:03,$ 3242.65,1
1061,09:30:03,$ 3242.65,100
1062,09:30:03,$ 3242.65,2
1063,09:30:03,$ 3242.65,1
1064,09:30:03,$ 3242.65,3
1065,09:30:03,$ 3242.65,1
1066,09:30:03,$ 3242.65,1
1067,09:30:03,$ 3242.65,1
1068,09:30:03,$ 3242.65,30
1069,09:30:03,$ 3242.65,5
1070,09:30:03,$ 3242.65,1
1072,09:30:03,$ 3242.65,5
1073,09:30:03,$ 3242.65,2
1074,09:30:03,$ 3242.65,3
1075,09:30:03,$ 3242.65,1
1076,09:30:03,$ 3242.65,12
1077,09:30:03,$ 3242.65,1
1078,09:30:03,$ 3242.65,3
1079,09:30:03,$ 3242.65,1
1080,09:30:03,$ 3242.65,8
1081,09:30:03,$ 3242.65,33
1082,09:30:03,$ 3242.65,4
1083,09:30:03,$ 3242.65,4
1084,09:30:03,$ 3242.65,3
1085,09:30:03,$ 3242.65,10
1086,09:30:03,$ 3242.65,1
1087,09:30:03,$ 3242.65,1
1088,09:30:03,$ 3242.65,1
1089,09:30:03,$ 3242.65,8
1090,09:30:03,$ 3242.65,1
1091,09:30:03,$ 3242.65,5
1093,09:30:03,$ 3242.65,1
1094,09:30:03,$ 3242.65,2
1095,09:30:03,$ 3242.65,10
1096,09:30:03,$ 3242.65,2
1097,09:30:03,$ 3242.65,1
1098,09:30:03,$ 3242.65,12
1099,09:30:03,$ 3242.65,1
1100,09:30:03,$ 3242.65,4
1101,09:30:03,$ 3242.65,1
1102,09:30:03,$ 3242.65,1
1103,09:30:03,$ 3242.65,25
1104,09:30:03,$ 3242.65,1
1105,09:30:03,$ 3242.65,5
1106,09:30:03,$ 3242.65,2
1107,09:30:03,$ 3242.65,1
1108,09:30:03,$ 3242.65,3
1109,09:30:03,$ 3242.65,2
1110,09:30:03,$ 3242.65,2
1111,09:30:03,$ 3242.65,2
1112,09:30:03,$ 3242.65,7
1114,09:30:03,$ 3242.65,1
1115,09:30:03,$ 3242.65,1
1116,09:30:03,$ 3242.65,10
1117,09:30:03,$ 3242.65,1
1118,09:30:03,$ 3242.65,1
1119,09:30:03,$ 3242.65,3
1120,09:30:03,$ 3242.65,2
1121,09:30:03,$ 3242.65,1
1122,09:30:03,$ 3242.65,3
1123,09:30:03,$ 3242.65,3
1124,09:30:03,$ 3242.65,1
1125,09:30:03,$ 3242.65,1
1126,09:30:03,$ 3242.65,1
1127,09:30:03,$ 3242.65,2
1128,09:30:03,$ 3242.65,2
1129,09:30:03,$ 3242.65,2
1130,09:30:03,$ 3242.65,2
1131,09:30:03,$ 3242.65,1
1132,09:30:03,$ 3242.65,2
1133,09:30:03,$ 3242.65,2
1135,09:30:03,$ 3242.65,2
1136,09:30:03,$ 3242.65,2
1137,09:30:03,$ 3242.65,1
1138,09:30:03,$ 3242.65,1
1139,09:30:03,$ 3242.65,1
1140,09:30:03,$ 3242.65,1
1141,09:30:03,$ 3242.65,6
1142,09:30:03,$ 3242.65,2
1143,09:30:03,$ 3242.65,2
1144,09:30:03,$ 3242.65,2
1145,09:30:03,$ 3242.65,12
1146,09:30:03,$ 3242.65,10
1147,09:30:03,$ 3242.65,2
1148,09:30:03,$ 3242.65,15
1149,09:30:03,$ 3242.65,1
1150,09:30:03,$ 3242.65,2
1151,09:30:03,$ 3242.65,5
1152,09:30:03,$ 3242.65,1
1153,09:30:03,$ 3242.65,1
1154,09:30:03,$ 3242.65,3
1156,09:30:03,$ 3242.65,2
1157,09:30:03,$ 3242.65,10
1158,09:30:03,$ 3242.65,2
1159,09:30:03,$ 3242.65,2
1160,09:30:03,$ 3242.65,2
1161,09:30:03,$ 3242.65,1
1162,09:30:03,$ 3242.65,3
1163,09:30:03,$ 3242.65,1
1164,09:30:03,$ 3242.65,6
1165,09:30:03,$ 3242.65,3
1166,09:30:03,$ 3242.65,4
1167,09:30:03,$ 3242.65,3
1168,09:30:03,$ 3242.65,1
1169,09:30:03,$ 3242.65,1
1170,09:30:03,$ 3242.65,5
1171,09:30:03,$ 3242.65,5
1172,09:30:03,$ 3242.65,9
1173,09:30:03,$ 3242.65,1
1174,09:30:03,$ 3242.65,1
1175,09:30:03,$ 3242.65,2
1177,09:30:03,$ 3242.65,1
1178,09:30:03,$ 3242.65,5
1179,09:30:03,$ 3242.65,2
1180,09:30:03,$ 3242.65,1
1181,09:30:03,$ 3242.65,2
1182,09:30:03,$ 3242.65,1
1183,09:30:03,$ 3242.65,20
1184,09:30:03,$ 3242.65,10
1185,09:30:03,$ 3242.65,2
1186,09:30:03,$ 3242.65,3
1187,09:30:03,$ 3242.65,1
1188,09:30:03,$ 3242.65,1
1189,09:30:03,$ 3242.65,5
1190,09:30:03,$ 3242.65,1
1191,09:30:03,$ 3242.65,16
1192,09:30:03,$ 3242.65,1
1193,09:30:03,$ 3242.65,2
1194,09:30:03,$ 3242.65,3
1195,09:30:03,$ 3242.65,2
1196,09:30:03,$ 3242.65,1
1198,09:30:03,$ 3242.65,4
1199,09:30:03,$ 3242.65,1
1200,09:30:03,$ 3242.65,2
1201,09:30:03,$ 3242.65,4
1202,09:30:03,$ 3242.65,30
1203,09:30:03,$ 3242.65,2
1204,09:30:03,$ 3242.65,6
1205,09:30:03,$ 3242.65,1
1206,09:30:03,$ 3242.65,3
1207,09:30:03,$ 3242.65,1
1208,09:30:03,$ 3242.65,1
1209,09:30:03,$ 3242.65,4
1210,09:30:03,$ 3242.65,5
1211,09:30:03,$ 3242.65,2
1212,09:30:03,$ 3242.65,4
1213,09:30:03,$ 3242.65,1
1214,09:30:03,$ 3242.65,2
1215,09:30:03,$ 3242.65,3
1216,09:30:03,$ 3242.65,137
1217,09:30:03,$ 3242.65,1
1219,09:30:03,$ 3242.65,5
1220,09:30:03,$ 3242.65,12
1221,09:30:03,$ 3242.65,2
1222,09:30:03,$ 3242.65,35
1223,09:30:03,$ 3242.65,1
1224,09:30:03,$ 3242.65,5
1225,09:30:03,$ 3242.65,2
1226,09:30:03,$ 3242.65,10
1227,09:30:03,$ 3242.65,500
1228,09:30:03,$ 3242.65,50
1229,09:30:03,$ 3242.65,1
1230,09:30:03,$ 3242.65,8
1231,09:30:03,$ 3242.65,5
1232,09:30:03,$ 3242.65,17
1233,09:30:03,$ 3242.65,20
1234,09:30:03,$ 3242.65,1
1235,09:30:03,$ 3242.65,100
1236,09:30:03,$ 3242.65,2
1237,09:30:03,$ 3242.65,10
1238,09:30:03,$ 3242.65,6
1240,09:30:03,$ 3242.65,1
1241,09:30:03,$ 3242.65,15
1242,09:30:03,$ 3242.65,2
1243,09:30:03,$ 3242.65,1
1244,09:30:03,$ 3242.65,3
1245,09:30:03,$ 3242.65,30
1246,09:30:03,$ 3242.65,4
1247,09:30:03,$ 3242.65,3
1248,09:30:03,$ 3242.65,5
1249,09:30:03,$ 3242.65,10
1250,09:30:03,$ 3242.65,7
1251,09:30:03,$ 3242.65,4
1252,09:30:03,$ 3242.65,2
1253,09:30:03,$ 3242.65,1
1254,09:30:03,$ 3242.65,2
1255,09:30:03,$ 3242.65,6
1256,09:30:03,$ 3242.65,1
1257,09:30:03,$ 3242.65,6
1258,09:30:03,$ 3242.65,2
1259,09:30:03,$ 3242.65,9
1261,09:30:03,$ 3242.65,1
1262,09:30:03,$ 3242.65,3
1263,09:30:03,$ 3242.65,1
1264,09:30:03,$ 3242.65,2
1265,09:30:03,$ 3242.65,5
1266,09:30:03,$ 3242.65,3
1267,09:30:03,$ 3242.65,2
1268,09:30:03,$ 3242.65,2
1269,09:30:03,$ 3242.65,3
1270,09:30:03,$ 3242.65,4
1271,09:30:03,$ 3242.65,5
1272,09:30:03,$ 3242.65,3
1273,09:30:03,$ 3242.65,2
1274,09:30:03,$ 3242.65,216
1275,09:30:03,$ 3242.65,20
1276,09:30:03,$ 3242.65,1
1277,09:30:03,$ 3242.65,4
1278,09:30:03,$ 3242.65,20
1279,09:30:03,$ 3242.65,2
1280,09:30:03,$ 3242.65,200
1282,09:30:03,$ 3242.65,7
1283,09:30:03,$ 3242.65,1
1284,09:30:03,$ 3242.65,2
1285,09:30:03,$ 3242.65,8
1286,09:30:03,$ 3242.65,1
1287,09:30:03,$ 3242.65,4
1288,09:30:03,$ 3242.65,4
1289,09:30:03,$ 3242.65,"1,000"
1290,09:30:03,$ 3242.65,13
1291,09:30:03,$ 3242.65,1
1292,09:30:03,$ 3242.65,1
1293,09:30:03,$ 3242.65,1
1294,09:30:03,$ 3242.65,1
1295,09:30:03,$ 3242.65,2
1296,09:30:03,$ 3242.65,3
1297,09:30:03,$ 3242.65,1
1298,09:30:03,$ 3242.65,1
1299,09:30:03,$ 3242.65,1
1300,09:30:03,$ 3242.65,1
1301,09:30:03,$ 3242.65,2
1303,09:30:03,$ 3242.65,3
1304,09:30:03,$ 3242.65,50
1305,09:30:03,$ 3242.65,2
1306,09:30:03,$ 3242.65,2
1307,09:30:03,$ 3242.65,2
1308,09:30:03,$ 3242.65,2
1309,09:30:03,$ 3242.65,6
1310,09:30:03,$ 3242.65,6
1311,09:30:03,$ 3242.65,2
1312,09:30:03,$ 3242.65,1
1313,09:30:03,$ 3242.65,2
1314,09:30:03,$ 3242.65,14
1315,09:30:03,$ 3242.65,10
1316,09:30:03,$ 3242.65,4
1317,09:30:03,$ 3242.65,2
1318,09:30:03,$ 3242.65,1
1319,09:30:03,$ 3242.65,10
1320,09:30:03,$ 3242.65,1
1321,09:30:03,$ 3242.65,2
1322,09:30:03,$ 3242.65,2
1324,09:30:03,$ 3242.65,2
1325,09:30:03,$ 3242.65,15
1326,09:30:03,$ 3242.65,5
1327,09:30:03,$ 3242.65,1
1328,09:30:03,$ 3242.65,1
1329,09:30:03,$ 3242.65,1
1330,09:30:03,$ 3242.65,4
1331,09:30:03,$ 3242.65,1
1332,09:30:03,$ 3242.65,4
1333,09:30:03,$ 3242.65,14
1334,09:30:03,$ 3242.65,1
1335,09:30:03,$ 3242.65,10
1336,09:30:03,$ 3242.65,5
1337,09:30:03,$ 3242.65,15
1338,09:30:03,$ 3242.65,2
1339,09:30:03,$ 3242.65,30
1340,09:30:03,$ 3242.65,4
1341,09:30:03,$ 3242.65,2
1342,09:30:03,$ 3242.65,1
1343,09:30:03,$ 3242.65,9
1345,09:30:03,$ 3242.65,1
1346,09:30:03,$ 3242.65,2
1347,09:30:03,$ 3242.65,5
1348,09:30:03,$ 3242.65,42
1349,09:30:03,$ 3242.65,1
1350,09:30:03,$ 3242.65,6
1351,09:30:03,$ 3242.65,1
1352,09:30:03,$ 3242.65,4
1353,09:30:03,$ 3242.65,9
1354,09:30:03,$ 3242.65,4
1355,09:30:03,$ 3242.65,1
1356,09:30:03,$ 3242.65,1
1357,09:30:03,$ 3242.65,1
1358,09:30:03,$ 3242.65,2
1359,09:30:03,$ 3242.65,1
1360,09:30:03,$ 3242.65,1
1361,09:30:03,$ 3242.65,2
1362,09:30:03,$ 3242.65,1
1363,09:30:03,$ 3242.65,1
1364,09:30:03,$ 3242.65,3
1366,09:30:03,$ 3242.65,4
1367,09:30:03,$ 3242.65,7
1368,09:30:03,$ 3242.65,2
1369,09:30:03,$ 3242.65,6
1370,09:30:03,$ 3242.65,1
1371,09:30:03,$ 3242.65,1
1372,09:30:03,$ 3242.65,1
1373,09:30:03,$ 3242.65,4
1374,09:30:03,$ 3242.65,6
1375,09:30:03,$ 3242.65,7
1376,09:30:03,$ 3242.65,8
1377,09:30:03,$ 3242.65,15
1378,09:30:03,$ 3242.65,2
1379,09:30:03,$ 3242.65,1
1380,09:30:03,$ 3242.65,1
1381,09:30:03,$ 3242.65,1
1382,09:30:03,$ 3242.65,1
1383,09:30:03,$ 3242.65,1
1384,09:30:03,$ 3242.65,10
1385,09:30:03,$ 3242.65,1
1387,09:30:03,$ 3242.65,1
1388,09:30:03,$ 3242.65,1
1389,09:30:03,$ 3242.65,10
1390,09:30:03,$ 3242.65,1
1391,09:30:03,$ 3242.65,1
1392,09:30:03,$ 3242.65,1
1393,09:30:03,$ 3242.65,5
1394,09:30:03,$ 3242.65,2
1395,09:30:03,$ 3242.65,28
1396,09:30:03,$ 3242.65,2
1397,09:30:03,$ 3242.65,1
1398,09:30:03,$ 3242.65,10
1399,09:30:03,$ 3242.65,4
1400,09:30:03,$ 3242.65,2
1401,09:30:03,$ 3242.65,4
1402,09:30:03,$ 3242.65,1
1403,09:30:03,$ 3242.65,2
1404,09:30:03,$ 3242.65,1
1405,09:30:03,$ 3242.65,1
1406,09:30:03,$ 3242.65,2
1408,09:30:03,$ 3242.65,20
1409,09:30:03,$ 3242.65,5
1410,09:30:03,$ 3242.65,20
1411,09:30:03,$ 3242.65,1
1412,09:30:03,$ 3242.65,1
1413,09:30:03,$ 3242.65,1
1414,09:30:03,$ 3242.65,2
1415,09:30:03,$ 3242.65,3
1416,09:30:03,$ 3242.65,1
1417,09:30:03,$ 3242.65,9
1418,09:30:03,$ 3242.65,8
1419,09:30:03,$ 3242.65,4
1420,09:30:03,$ 3242.65,2
1421,09:30:03,$ 3242.65,10
1422,09:30:03,$ 3242.65,1
1423,09:30:03,$ 3242.65,3
1424,09:30:03,$ 3242.65,1
1425,09:30:03,$ 3242.65,1
1426,09:30:03,$ 3242.65,16
1427,09:30:03,$ 3242.65,2
1429,09:30:03,$ 3242.65,5
1430,09:30:03,$ 3242.65,5
1431,09:30:03,$ 3242.65,2
1432,09:30:03,$ 3242.65,3
1433,09:30:03,$ 3242.65,6
1434,09:30:03,$ 3242.65,10
1435,09:30:03,$ 3242.65,1
1436,09:30:03,$ 3242.65,2
1437,09:30:03,$ 3242.65,10
1438,09:30:03,$ 3242.65,1
1439,09:30:03,$ 3242.65,10
1440,09:30:03,$ 3242.65,1
1441,09:30:03,$ 3242.65,1
1442,09:30:03,$ 3242.65,1
1443,09:30:03,$ 3242.65,2
1444,09:30:03,$ 3242.65,1
1445,09:30:03,$ 3242.65,1
1446,09:30:03,$ 3242.65,2
1447,09:30:03,$ 3242.65,5
1448,09:30:03,$ 3242.65,15
1450,09:30:03,$ 3242.65,1
1451,09:30:03,$ 3242.65,1
1452,09:30:03,$ 3242.65,1
1453,09:30:03,$ 3242.65,100
1454,09:30:03,$ 3242.65,2
1455,09:30:03,$ 3242.65,1
1456,09:30:03,$ 3242.65,75
1457,09:30:03,$ 3242.65,12
1458,09:30:03,$ 3242.65,1
1459,09:30:03,$ 3242.65,1
1460,09:30:03,$ 3242.65,2
1461,09:30:03,$ 3242.65,1
1462,09:30:03,$ 3242.65,1
1463,09:30:03,$ 3242.65,5
1464,09:30:03,$ 3242.65,1
1465,09:30:03,$ 3242.65,8
1466,09:30:03,$ 3242.65,8
1467,09:30:03,$ 3242.65,1
1468,09:30:03,$ 3242.65,2
1469,09:30:03,$ 3242.65,3
1471,09:30:03,$ 3242.65,10
1472,09:30:03,$ 3242.65,1
1473,09:30:03,$ 3242.65,1
1474,09:30:03,$ 3242.65,2
1475,09:30:03,$ 3242.65,5
1476,09:30:03,$ 3242.65,2
1477,09:30:03,$ 3242.65,2
1478,09:30:03,$ 3242.65,1
1479,09:30:03,$ 3242.65,5
1480,09:30:03,$ 3242.65,1
1481,09:30:03,$ 3242.65,1
1482,09:30:03,$ 3242.65,2
1483,09:30:03,$ 3242.65,1
1484,09:30:03,$ 3242.65,5
1485,09:30:03,$ 3242.65,1
1486,09:30:03,$ 3242.65,1
1487,09:30:03,$ 3242.65,1
1488,09:30:03,$ 3242.65,5
1489,09:30:03,$ 3242.65,1
1490,09:30:03,$ 3242.65,1
1492,09:30:03,$ 3242.65,1
1493,09:30:03,$ 3242.65,1
1494,09:30:03,$ 3242.65,1
1495,09:30:03,$ 3242.65,4
1496,09:30:03,$ 3242.65,2
1497,09:30:03,$ 3242.65,1
1498,09:30:03,$ 3242.65,2
1499,09:30:03,$ 3242.65,3
1500,09:30:03,$ 3242.65,2
1501,09:30:03,$ 3242.65,5
1502,09:30:03,$ 3242.65,1
1503,09:30:03,$ 3242.65,31
1504,09:30:03,$ 3242.65,1
1505,09:30:03,$ 3242.65,1
1506,09:30:03,$ 3242.65,5
1507,09:30:03,$ 3242.65,1
1508,09:30:03,$ 3242.65,3
1509,09:30:03,$ 3242.65,3
1510,09:30:03,$ 3242.65,3
1511,09:30:03,$ 3242.65,4
1513,09:30:03,$ 3242.65,10
1514,09:30:03,$ 3242.65,5
1515,09:30:03,$ 3242.65,31
1516,09:30:03,$ 3242.65,1
1517,09:30:03,$ 3242.65,7
1518,09:30:03,$ 3242.65,10
1519,09:30:03,$ 3242.65,3
1520,09:30:03,$ 3242.65,1
1521,09:30:03,$ 3242.65,1
1522,09:30:03,$ 3242.65,1
1523,09:30:03,$ 3242.65,2
1524,09:30:03,$ 3242.65,1
1525,09:30:03,$ 3242.65,1
1526,09:30:03,$ 3242.65,1
1527,09:30:03,$ 3242.65,3
1528,09:30:03,$ 3242.65,1
1529,09:30:03,$ 3242.65,1
1530,09:30:03,$ 3242.65,5
1531,09:30:03,$ 3242.65,1
1532,09:30:03,$ 3242.65,1
1534,09:30:03,$ 3242.65,15
1535,09:30:03,$ 3242.65,1
1536,09:30:03,$ 3242.65,2
1537,09:30:03,$ 3242.65,5
1538,09:30:03,$ 3242.65,3
1539,09:30:03,$ 3242.65,2
1540,09:30:03,$ 3242.65,20
1541,09:30:03,$ 3242.65,4
1542,09:30:03,$ 3242.65,6
1543,09:30:03,$ 3242.65,1
1544,09:30:03,$ 3242.65,1
1545,09:30:03,$ 3242.65,10
1546,09:30:03,$ 3242.65,10
1547,09:30:03,$ 3242.65,1
1548,09:30:03,$ 3242.65,8
1549,09:30:03,$ 3242.65,10
1550,09:30:03,$ 3242.65,5
1551,09:30:03,$ 3242.65,4
1552,09:30:03,$ 3242.65,2
1553,09:30:03,$ 3242.65,1
1555,09:30:03,$ 3242.65,1
1556,09:30:03,$ 3242.65,4
1557,09:30:03,$ 3242.65,2
1558,09:30:03,$ 3242.65,5
1559,09:30:03,$ 3242.65,1
1560,09:30:03,$ 3242.65,1
1561,09:30:03,$ 3242.65,2
1562,09:30:03,$ 3242.65,80
1563,09:30:03,$ 3242.65,5
1564,09:30:03,$ 3242.65,1
1565,09:30:03,$ 3242.65,1
1566,09:30:03,$ 3242.65,2
1567,09:30:03,$ 3242.65,1
1568,09:30:03,$ 3242.65,1
1569,09:30:03,$ 3242.65,1
1570,09:30:03,$ 3242.65,10
1571,09:30:03,$ 3242.65,3
1572,09:30:03,$ 3242.65,35
1573,09:30:03,$ 3242.65,1
1574,09:30:03,$ 3242.65,2
1576,09:30:03,$ 3242.65,8
1577,09:30:03,$ 3242.65,1
1578,09:30:03,$ 3242.65,1
1579,09:30:03,$ 3242.65,3
1580,09:30:03,$ 3242.65,10
1581,09:30:03,$ 3242.65,2
1582,09:30:03,$ 3242.65,2
1583,09:30:03,$ 3242.65,1
1584,09:30:03,$ 3242.65,3
1585,09:30:03,$ 3242.65,3
1586,09:30:03,$ 3242.65,2
1587,09:30:03,$ 3242.65,1
1588,09:30:03,$ 3242.65,1
1589,09:30:03,$ 3242.65,2
1590,09:30:03,$ 3242.65,68
1591,09:30:03,$ 3242.65,1
1592,09:30:03,$ 3242.65,1
1593,09:30:03,$ 3242.65,1
1594,09:30:03,$ 3242.65,2
1595,09:30:03,$ 3242.65,5
1597,09:30:03,$ 3242.65,2
1598,09:30:03,$ 3242.65,5
1599,09:30:03,$ 3242.65,5
1600,09:30:03,$ 3242.65,10
1601,09:30:03,$ 3242.65,1
1602,09:30:03,$ 3242.65,3
1603,09:30:03,$ 3242.65,2
1604,09:30:03,$ 3242.65,3
1605,09:30:03,$ 3242.65,2
1606,09:30:03,$ 3242.65,3
1607,09:30:03,$ 3242.65,3
1608,09:30:03,$ 3242.65,1
1609,09:30:03,$ 3242.65,3
1610,09:30:03,$ 3242.65,9
1611,09:30:03,$ 3242.65,1
1612,09:30:03,$ 3242.65,1
1613,09:30:03,$ 3242.65,1
1614,09:30:03,$ 3242.65,9
1615,09:30:03,$ 3242.65,20
1616,09:30:03,$ 3242.65,7
1618,09:30:03,$ 3242.65,1
1619,09:30:03,$ 3242.65,2
1620,09:30:03,$ 3242.65,3
1621,09:30:03,$ 3242.65,2
1622,09:30:03,$ 3242.65,10
1623,09:30:03,$ 3242.65,4
1624,09:30:03,$ 3242.65,2
1625,09:30:03,$ 3242.65,31
1626,09:30:03,$ 3242.65,1
1627,09:30:03,$ 3242.65,14
1628,09:30:03,$ 3242.65,5
1629,09:30:03,$ 3242.65,9
1630,09:30:03,$ 3242.65,1
1631,09:30:03,$ 3242.65,1
1632,09:30:03,$ 3242.65,2
1633,09:30:03,$ 3242.65,2
1634,09:30:03,$ 3242.65,13
1635,09:30:03,$ 3242.65,4
1636,09:30:03,$ 3242.65,2
1637,09:30:03,$ 3242.65,2
1639,09:30:03,$ 3242.65,8
1640,09:30:03,$ 3242.65,3
1641,09:30:03,$ 3242.65,9
1642,09:30:03,$ 3242.65,4
1643,09:30:03,$ 3242.65,1
1644,09:30:03,$ 3242.65,1
1645,09:30:03,$ 3242.65,1
1646,09:30:03,$ 3242.65,1
1647,09:30:03,$ 3242.65,10
1648,09:30:03,$ 3242.65,1
1649,09:30:03,$ 3242.65,1
1650,09:30:03,$ 3242.65,5
1651,09:30:03,$ 3242.65,5
1652,09:30:03,$ 3242.65,5
1653,09:30:03,$ 3242.65,6
1654,09:30:03,$ 3242.65,2
1655,09:30:03,$ 3242.65,2
1656,09:30:03,$ 3242.65,10
1657,09:30:03,$ 3242.65,1
1658,09:30:03,$ 3242.65,2
1660,09:30:03,$ 3242.65,1
1661,09:30:03,$ 3242.65,1
1662,09:30:03,$ 3242.65,1
1663,09:30:03,$ 3242.65,1
1664,09:30:03,$ 3242.65,2
1665,09:30:03,$ 3242.65,2
1666,09:30:03,$ 3242.65,2
1667,09:30:03,$ 3242.65,1
1668,09:30:03,$ 3242.65,1
1669,09:30:03,$ 3242.65,25
1670,09:30:03,$ 3242.65,1
1671,09:30:03,$ 3242.65,31
1672,09:30:03,$ 3242.65,1
1673,09:30:03,$ 3242.65,2
1674,09:30:03,$ 3242.65,2
1675,09:30:03,$ 3242.65,14
1676,09:30:03,$ 3242.65,1
1677,09:30:03,$ 3242.65,4
1678,09:30:03,$ 3242.65,1
1679,09:30:03,$ 3242.65,5
1681,09:30:03,$ 3242.65,2
1682,09:30:03,$ 3242.65,7
1683,09:30:03,$ 3242.65,1
1684,09:30:03,$ 3242.65,1
1685,09:30:03,$ 3242.65,10
1686,09:30:03,$ 3242.65,8
1687,09:30:03,$ 3242.65,1
1688,09:30:03,$ 3242.65,1
1689,09:30:03,$ 3242.65,1
1690,09:30:03,$ 3242.65,1
1691,09:30:03,$ 3242.65,5
1692,09:30:03,$ 3242.65,1
1693,09:30:03,$ 3242.65,1
1694,09:30:03,$ 3242.65,5
1695,09:30:03,$ 3242.65,10
1696,09:30:03,$ 3242.65,3
1697,09:30:03,$ 3242.65,3
1698,09:30:03,$ 3242.65,5
1699,09:30:03,$ 3242.65,1
1700,09:30:03,$ 3242.65,1
1702,09:30:03,$ 3242.65,2
1703,09:30:03,$ 3242.65,2
1704,09:30:03,$ 3242.65,1
1705,09:30:03,$ 3242.65,1
1706,09:30:03,$ 3242.65,1
1707,09:30:03,$ 3242.65,1
1708,09:30:03,$ 3242.65,1
1709,09:30:03,$ 3242.65,1
1710,09:30:03,$ 3242.65,1
1711,09:30:03,$ 3242.65,1
1712,09:30:03,$ 3242.65,3
1713,09:30:03,$ 3242.65,5
1714,09:30:03,$ 3242.65,1
1715,09:30:03,$ 3242.65,4
1716,09:30:03,$ 3242.65,1
1717,09:30:03,$ 3242.65,2
1718,09:30:03,$ 3242.65,20
1719,09:30:03,$ 3242.65,1
1720,09:30:03,$ 3242.65,1
1721,09:30:03,$ 3242.65,3
1723,09:30:03,$ 3242.65,4
1724,09:30:03,$ 3242.65,10
1725,09:30:03,$ 3242.65,1
1726,09:30:03,$ 3242.65,5
1727,09:30:03,$ 3242.65,50
1728,09:30:03,$ 3242.65,1
1729,09:30:03,$ 3242.65,1
1730,09:30:03,$ 3242.65,1
1731,09:30:03,$ 3242.65,1
1732,09:30:03,$ 3242.65,1
1733,09:30:03,$ 3242.65,1
1734,09:30:03,$ 3242.65,1
1735,09:30:03,$ 3242.65,1
1736,09:30:03,$ 3242.65,1
1737,09:30:03,$ 3242.65,25
1738,09:30:03,$ 3242.65,1
1739,09:30:03,$ 3242.65,1
1740,09:30:03,$ 3242.65,2
1741,09:30:03,$ 3242.65,1
1742,09:30:03,$ 3242.65,1
1744,09:30:03,$ 3242.65,13
1745,09:30:03,$ 3242.65,40
1746,09:30:03,$ 3242.65,12
1747,09:30:03,$ 3242.65,20
1748,09:30:03,$ 3242.65,1
1749,09:30:03,$ 3242.65,2
1750,09:30:03,$ 3242.65,1
1751,09:30:03,$ 3242.65,2
1752,09:30:03,$ 3242.65,14
1753,09:30:03,$ 3242.65,1
1754,09:30:03,$ 3242.65,1
1755,09:30:03,$ 3242.65,12
1756,09:30:03,$ 3242.65,15
1757,09:30:03,$ 3242.65,2
1758,09:30:03,$ 3242.65,8
1759,09:30:03,$ 3242.65,25
1760,09:30:03,$ 3242.65,40
1761,09:30:03,$ 3242.65,3
1762,09:30:03,$ 3242.65,35
1763,09:30:03,$ 3242.65,165
1765,09:30:03,$ 3242.65,30
1766,09:30:03,$ 3242.65,1
1767,09:30:03,$ 3242.65,1
1768,09:30:03,$ 3242.65,5
1769,09:30:03,$ 3242.65,6
1770,09:30:03,$ 3242.65,1
1771,09:30:03,$ 3242.65,1
1772,09:30:03,$ 3242.65,6
1773,09:30:03,$ 3242.65,1
1774,09:30:03,$ 3242.65,1
1775,09:30:03,$ 3242.65,5
1776,09:30:03,$ 3242.65,3
1777,09:30:03,$ 3242.65,2
1778,09:30:03,$ 3242.65,3
1779,09:30:03,$ 3242.65,1
1780,09:30:03,$ 3242.65,3
1781,09:30:03,$ 3242.65,19
1782,09:30:03,$ 3242.65,1
1783,09:30:03,$ 3242.65,1
1784,09:30:03,$ 3242.65,2
1786,09:30:03,$ 3242.65,15
1787,09:30:03,$ 3242.65,2
1788,09:30:03,$ 3242.65,1
1789,09:30:03,$ 3242.65,1
1790,09:30:03,$ 3242.65,24
1791,09:30:03,$ 3242.65,1
1792,09:30:03,$ 3242.65,1
1793,09:30:03,$ 3242.65,8
1794,09:30:03,$ 3242.65,5
1795,09:30:03,$ 3242.65,2
1796,09:30:03,$ 3242.65,15
1797,09:30:03,$ 3242.65,3
1798,09:30:03,$ 3242.65,5
1799,09:30:03,$ 3242.65,2
1800,09:30:03,$ 3242.65,6
1801,09:30:03,$ 3242.65,10
1802,09:30:03,$ 3242.65,1
1803,09:30:03,$ 3242.65,2
1804,09:30:03,$ 3242.65,4
1805,09:30:03,$ 3242.65,5
1807,09:30:03,$ 3242.65,1
1808,09:30:03,$ 3242.65,1
1809,09:30:03,$ 3242.65,3
1810,09:30:03,$ 3242.65,1
1811,09:30:03,$ 3242.65,1
1812,09:30:03,$ 3242.65,1
1813,09:30:03,$ 3242.65,4
1814,09:30:03,$ 3242.65,1
1815,09:30:03,$ 3242.65,4
1816,09:30:03,$ 3242.65,1
1817,09:30:03,$ 3242.65,4
1818,09:30:03,$ 3242.65,1
1819,09:30:03,$ 3242.65,1
1820,09:30:03,$ 3242.65,20
1821,09:30:03,$ 3242.65,1
1822,09:30:03,$ 3242.65,8
1823,09:30:03,$ 3242.65,3
1824,09:30:03,$ 3242.65,7
1825,09:30:03,$ 3242.65,1
1826,09:30:03,$ 3242.65,1
1828,09:30:03,$ 3242.65,5
1829,09:30:03,$ 3242.65,3
1830,09:30:03,$ 3242.65,1
1831,09:30:03,$ 3242.65,1
1832,09:30:03,$ 3242.65,13
1833,09:30:03,$ 3242.65,25
1834,09:30:03,$ 3242.65,1
1835,09:30:03,$ 3242.65,1
1836,09:30:03,$ 3242.65,1
1837,09:30:03,$ 3242.65,1
1838,09:30:03,$ 3242.65,2
1839,09:30:03,$ 3242.65,1
1840,09:30:03,$ 3242.65,6
1841,09:30:03,$ 3242.65,1
1842,09:30:03,$ 3242.65,3
1843,09:30:03,$ 3242.65,1
1844,09:30:03,$ 3242.65,2
1845,09:30:03,$ 3242.65,2
1846,09:30:03,$ 3242.65,6
1847,09:30:03,$ 3242.65,1
1849,09:30:03,$ 3242.65,2
1850,09:30:03,$ 3242.65,62
1851,09:30:03,$ 3242.65,1
1852,09:30:03,$ 3242.65,2
1853,09:30:03,$ 3242.65,1
1854,09:30:03,$ 3242.65,3
1855,09:30:03,$ 3242.65,30
1856,09:30:03,$ 3242.65,1
1857,09:30:03,$ 3242.65,1
1858,09:30:03,$ 3242.65,1
1859,09:30:03,$ 3242.65,1
1860,09:30:03,$ 3242.65,1
1861,09:30:03,$ 3242.65,1
1862,09:30:03,$ 3242.65,1
1863,09:30:03,$ 3242.65,2
1864,09:30:03,$ 3242.65,10
1865,09:30:03,$ 3242.65,2
1866,09:30:03,$ 3242.65,1
1867,09:30:03,$ 3242.65,1
1868,09:30:03,$ 3242.65,1
1870,09:30:03,$ 3242.65,5
1871,09:30:03,$ 3242.65,1
1872,09:30:03,$ 3242.65,1
1873,09:30:03,$ 3242.65,1
1874,09:30:03,$ 3242.65,1
1875,09:30:03,$ 3242.65,1
1876,09:30:03,$ 3242.65,2
1877,09:30:03,$ 3242.65,1
1878,09:30:03,$ 3242.65,1
1879,09:30:03,$ 3242.65,1
1880,09:30:03,$ 3242.65,1
1881,09:30:03,$ 3242.65,1
1882,09:30:03,$ 3242.65,1
1883,09:30:03,$ 3242.65,1
1884,09:30:03,$ 3242.65,2
1885,09:30:03,$ 3242.65,2
1886,09:30:03,$ 3242.65,8
1887,09:30:03,$ 3242.65,15
1888,09:30:03,$ 3242.65,10
1889,09:30:03,$ 3242.65,65
1891,09:30:03,$ 3242.65,1
1892,09:30:03,$ 3242.65,6
1893,09:30:03,$ 3242.65,18
1894,09:30:03,$ 3242.65,12
1895,09:30:03,$ 3242.65,4
1896,09:30:03,$ 3242.65,3
1897,09:30:03,$ 3242.65,18
1898,09:30:03,$ 3242.65,30
1899,09:30:03,$ 3242.65,7
1900,09:30:03,$ 3242.65,7
1901,09:30:03,$ 3242.65,3
1902,09:30:03,$ 3242.65,15
1903,09:30:03,$ 3242.65,1
1904,09:30:03,$ 3242.65,10
1905,09:30:03,$ 3242.65,106
1906,09:30:03,$ 3242.65,7
1907,09:30:03,$ 3242.65,3
1908,09:30:03,$ 3242.65,2
1909,09:30:03,$ 3242.65,4
1910,09:30:03,$ 3242.65,1
1912,09:30:03,$ 3242.65,1
1913,09:30:03,$ 3242.65,50
1914,09:30:03,$ 3242.65,1
1915,09:30:03,$ 3242.65,2
1916,09:30:03,$ 3242.65,6
1917,09:30:03,$ 3242.65,315
1918,09:30:03,$ 3242.65,6
1919,09:30:03,$ 3242.65,10
1920,09:30:03,$ 3242.65,2
1921,09:30:03,$ 3242.65,2
1922,09:30:03,$ 3242.65,2
1923,09:30:03,$ 3242.65,1
1924,09:30:03,$ 3242.65,25
1925,09:30:03,$ 3242.65,1
1926,09:30:03,$ 3242.65,5
1927,09:30:03,$ 3242.65,92
1928,09:30:03,$ 3242.65,102
1929,09:30:03,$ 3242.65,2
1930,09:30:03,$ 3242.65,5
1931,09:30:03,$ 3242.65,6
1933,09:30:03,$ 3242.65,5
1934,09:30:03,$ 3242.65,25
1935,09:30:03,$ 3242.65,5
1936,09:30:03,$ 3242.65,100
1937,09:30:03,$ 3242.65,38
1938,09:30:03,$ 3242.65,4
1939,09:30:03,$ 3242.65,58
1940,09:30:03,$ 3242.65,14
1941,09:30:03,$ 3242.65,1
1942,09:30:03,$ 3242.65,15
1943,09:30:03,$ 3242.65,1
1944,09:30:03,$ 3242.65,80
1945,09:30:03,$ 3242.65,3
1946,09:30:03,$ 3242.65,100
1947,09:30:03,$ 3242.65,9
1948,09:30:03,$ 3242.65,"2,000"
1949,09:30:03,$ 3242.65,3
1950,09:30:03,$ 3242.65,2
1951,09:30:03,$ 3242.65,5
1952,09:30:03,$ 3242.65,2
1954,09:30:03,$ 3242.65,9
1955,09:30:03,$ 3242.65,15
1956,09:30:03,$ 3242.65,1
1957,09:30:03,$ 3242.65,47
1958,09:30:03,$ 3242.65,65
1959,09:30:03,$ 3242.65,57
1960,09:30:03,$ 3242.65,51
1961,09:30:03,$ 3242.65,600
1962,09:30:03,$ 3242.65,10
1963,09:30:03,$ 3242.65,2
1964,09:30:03,$ 3242.65,2
1965,09:30:03,$ 3242.65,2
1966,09:30:03,$ 3242.65,4
1967,09:30:03,$ 3242.65,7
1968,09:30:03,$ 3242.65,25
1969,09:30:03,$ 3242.65,47
1970,09:30:03,$ 3242.65,100
1971,09:30:03,$ 3242.65,9
1972,09:30:03,$ 3242.65,6
1973,09:30:03,$ 3242.65,1
1975,09:30:03,$ 3242.65,1
1976,09:30:03,$ 3242.65,200
1977,09:30:03,$ 3242.65,3
1978,09:30:03,$ 3242.65,681
1979,09:30:03,$ 3242.65,6
1980,09:30:03,$ 3242.65,22
1981,09:30:03,$ 3242.65,100
1982,09:30:03,$ 3242.65,1
1983,09:30:03,$ 3242.65,5
1984,09:30:03,$ 3242.65,2
1985,09:30:03,$ 3242.65,1
1986,09:30:03,$ 3242.65,1
1987,09:30:03,$ 3242.65,1
1988,09:30:03,$ 3242.65,100
1989,09:30:03,$ 3242.65,500
1990,09:30:03,$ 3242.65,3
1991,09:30:03,$ 3242.65,2
1992,09:30:03,$ 3242.65,10
1993,09:30:03,$ 3242.65,31
1994,09:30:03,$ 3242.65,50
1996,09:30:03,$ 3242.65,10
1997,09:30:03,$ 3242.65,100
1998,09:30:03,$ 3242.65,100
1999,09:30:03,$ 3242.65,2
2000,09:30:03,$ 3242.65,14
2001,09:30:03,$ 3242.65,19
2002,09:30:03,$ 3242.65,27
2003,09:30:03,$ 3242.65,1
2004,09:30:03,$ 3242.65,8
2005,09:30:03,$ 3242.65,1
2006,09:30:03,$ 3242.65,2
2007,09:30:03,$ 3242.65,1
2008,09:30:03,$ 3242.65,2
2009,09:30:03,$ 3242.65,8
2010,09:30:03,$ 3242.65,8
2011,09:30:03,$ 3242.65,3
2012,09:30:03,$ 3242.65,2
2013,09:30:03,$ 3242.65,4
2014,09:30:03,$ 3242.65,1
2015,09:30:03,$ 3242.65,10
2017,09:30:03,$ 3242.65,4
2018,09:30:03,$ 3242.65,97
2019,09:30:03,$ 3242.65,65
2020,09:30:03,$ 3242.65,1
2021,09:30:03,$ 3242.65,1
2022,09:30:03,$ 3242.65,2
2023,09:30:03,$ 3242.65,3
2024,09:30:03,$ 3242.65,2
2025,09:30:03,$ 3242.65,2
2026,09:30:03,$ 3242.65,1
2027,09:30:03,$ 3242.65,669
2028,09:30:03,$ 3242.65,2
2029,09:30:03,$ 3242.65,1
2030,09:30:03,$ 3242.65,2
2031,09:30:03,$ 3242.65,2
2032,09:30:03,$ 3242.65,1
2033,09:30:03,$ 3242.65,5
2034,09:30:03,$ 3242.65,1
2035,09:30:03,$ 3242.65,1
2036,09:30:03,$ 3242.65,9
2038,09:30:03,$ 3242.65,2
2039,09:30:03,$ 3242.65,90
2040,09:30:03,$ 3242.65,8
2041,09:30:03,$ 3242.65,1
2042,09:30:03,$ 3242.65,5
2043,09:30:03,$ 3242.65,2
2044,09:30:03,$ 3242.65,1
2045,09:30:03,$ 3242.65,25
2046,09:30:03,$ 3242.65,2
2047,09:30:03,$ 3242.65,6
2048,09:30:03,$ 3242.65,7
2049,09:30:03,$ 3242.65,6
2050,09:30:03,$ 3242.65,1
2051,09:30:03,$ 3242.65,30
2052,09:30:03,$ 3242.65,5
2053,09:30:03,$ 3242.65,10
2054,09:30:03,$ 3242.65,20
2055,09:30:03,$ 3242.65,156
2056,09:30:03,$ 3242.65,1
2057,09:30:03,$ 3242.65,1
2059,09:30:03,$ 3242.65,1
2060,09:30:03,$ 3242.65,46
2061,09:30:03,$ 3242.65,1
2062,09:30:03,$ 3242.65,15
2063,09:30:03,$ 3242.65,2
2064,09:30:03,$ 3242.65,2
2065,09:30:03,$ 3242.65,209
2066,09:30:03,$ 3242.65,8
2067,09:30:03,$ 3242.65,1
2068,09:30:03,$ 3242.65,25
2069,09:30:03,$ 3242.65,15
2070,09:30:03,$ 3242.65,1
2071,09:30:03,$ 3242.65,1
2072,09:30:03,$ 3242.65,1
2073,09:30:03,$ 3242.65,1
2074,09:30:03,$ 3242.65,30
2075,09:30:03,$ 3242.65,9
2076,09:30:03,$ 3242.65,2
2077,09:30:03,$ 3242.65,1
2078,09:30:03,$ 3242.65,3
2080,09:30:03,$ 3242.65,1
2081,09:30:03,$ 3242.65,1
2082,09:30:03,$ 3242.65,5
2083,09:30:03,$ 3242.65,1
2084,09:30:03,$ 3242.65,1
2085,09:30:03,$ 3242.65,1
2086,09:30:03,$ 3242.65,2
2087,09:30:03,$ 3242.65,5
2088,09:30:03,$ 3242.65,11
2089,09:30:03,$ 3242.65,5
2090,09:30:03,$ 3242.65,3
2091,09:30:03,$ 3242.65,1
2092,09:30:03,$ 3242.65,1
2093,09:30:03,$ 3242.65,5
2094,09:30:03,$ 3242.65,1
2095,09:30:03,$ 3242.65,2
2096,09:30:03,$ 3242.65,6
2097,09:30:03,$ 3242.65,110
2098,09:30:03,$ 3242.65,3
2099,09:30:03,$ 3242.65,6
2101,09:30:03,$ 3242.65,12
2102,09:30:03,$ 3242.65,100
2103,09:30:03,$ 3242.65,1
2104,09:30:03,$ 3242.65,1
2105,09:30:03,$ 3242.65,2
2106,09:30:03,$ 3242.65,5
2107,09:30:03,$ 3242.65,1
2108,09:30:03,$ 3242.65,42
2109,09:30:03,$ 3242.65,2
2110,09:30:03,$ 3242.65,12
2111,09:30:03,$ 3242.65,1
2112,09:30:03,$ 3242.65,37
2113,09:30:03,$ 3242.65,40
2114,09:30:03,$ 3242.65,40
2115,09:30:03,$ 3242.65,4
2116,09:30:03,$ 3242.65,1
2117,09:30:03,$ 3242.65,1
2118,09:30:03,$ 3242.65,6
2119,09:30:03,$ 3242.65,2
2120,09:30:03,$ 3242.65,17
2122,09:30:03,$ 3242.65,3
2123,09:30:03,$ 3242.65,2
2124,09:30:03,$ 3242.65,2
2125,09:30:03,$ 3242.65,10
2126,09:30:03,$ 3242.65,10
2127,09:30:03,$ 3242.65,3
2128,09:30:03,$ 3242.65,5
2129,09:30:03,$ 3242.65,2
2130,09:30:03,$ 3242.65,3
2131,09:30:03,$ 3242.65,2
2132,09:30:03,$ 3242.65,51
2133,09:30:03,$ 3242.65,20
2134,09:30:03,$ 3242.65,24
2135,09:30:03,$ 3242.65,2
2136,09:30:03,$ 3242.65,1
2137,09:30:03,$ 3242.65,16
2138,09:30:03,$ 3242.65,1
2139,09:30:03,$ 3242.65,4
2140,09:30:03,$ 3242.65,19
2141,09:30:03,$ 3242.65,5
2143,09:30:03,$ 3242.65,14
2144,09:30:03,$ 3242.65,2
2145,09:30:03,$ 3242.65,12
2146,09:30:03,$ 3242.65,1
2147,09:30:03,$ 3242.65,32
2148,09:30:03,$ 3242.65,400
2149,09:30:03,$ 3242.65,2
2150,09:30:03,$ 3242.65,3
2151,09:30:03,$ 3242.65,20
2152,09:30:03,$ 3242.65,31
2153,09:30:03,$ 3242.65,3
2154,09:30:03,$ 3242.65,3
2155,09:30:03,$ 3242.65,50
2156,09:30:03,$ 3242.65,100
2157,09:30:03,$ 3242.65,30
2158,09:30:03,$ 3242.65,10
2159,09:30:03,$ 3242.65,2
2160,09:30:03,$ 3242.65,5
2161,09:30:03,$ 3242.65,20
2162,09:30:03,$ 3242.65,2
2164,09:30:03,$ 3242.65,6
2165,09:30:03,$ 3242.65,3
2166,09:30:03,$ 3242.65,2
2167,09:30:03,$ 3242.65,19
2168,09:30:03,$ 3242.65,4
2169,09:30:03,$ 3242.65,6
2170,09:30:03,$ 3242.65,7
2171,09:30:03,$ 3242.65,3
2172,09:30:03,$ 3242.65,200
2173,09:30:03,$ 3242.65,3
2174,09:30:03,$ 3242.65,10
2175,09:30:03,$ 3242.65,2
2176,09:30:03,$ 3242.65,2
2177,09:30:03,$ 3242.65,1
2178,09:30:03,$ 3242.65,1
2179,09:30:03,$ 3242.65,1
2180,09:30:03,$ 3242.65,12
2181,09:30:03,$ 3242.65,400
2182,09:30:03,$ 3242.65,1
2183,09:30:03,$ 3242.65,6
2185,09:30:03,$ 3242.65,3
2186,09:30:03,$ 3242.65,1
2187,09:30:03,$ 3242.65,50
2188,09:30:03,$ 3242.65,93
2189,09:30:03,$ 3242.65,3
2190,09:30:03,$ 3242.65,80
2191,09:30:03,$ 3242.65,2
2192,09:30:03,$ 3242.65,78
2193,09:30:03,$ 3242.65,49
2194,09:30:03,$ 3242.65,44
2195,09:30:03,$ 3242.65,5
2196,09:30:03,$ 3242.65,1
2197,09:30:03,$ 3242.65,5
2198,09:30:03,$ 3242.65,1
2199,09:30:03,$ 3242.65,2
2200,09:30:03,$ 3242.65,3
2201,09:30:03,$ 3242.65,100
2202,09:30:03,$ 3242.65,3
2203,09:30:03,$ 3242.65,4
2204,09:30:03,$ 3242.65,2
2206,09:30:03,$ 3242.65,1
2207,09:30:03,$ 3242.65,100
2208,09:30:03,$ 3242.65,1
2209,09:30:03,$ 3242.65,2
2210,09:30:03,$ 3242.65,7
2211,09:30:03,$ 3242.65,1
2212,09:30:03,$ 3242.65,1
2213,09:30:03,$ 3242.65,3
2214,09:30:03,$ 3242.65,2
2215,09:30:03,$ 3242.65,1
2216,09:30:03,$ 3242.65,1
2217,09:30:03,$ 3242.65,6
2218,09:30:03,$ 3242.65,1
2219,09:30:03,$ 3242.65,1
2220,09:30:03,$ 3242.65,1
2221,09:30:03,$ 3242.65,1
2222,09:30:03,$ 3242.65,2
2223,09:30:03,$ 3242.65,1
2224,09:30:03,$ 3242.65,1
2225,09:30:03,$ 3242.65,5
2227,09:30:03,$ 3242.65,10
2228,09:30:03,$ 3242.65,2
2229,09:30:03,$ 3242.65,5
2230,09:30:03,$ 3242.65,1
2231,09:30:03,$ 3242.65,3
2232,09:30:03,$ 3242.65,10
2233,09:30:03,$ 3242.65,1
2234,09:30:03,$ 3242.65,5
2235,09:30:03,$ 3242.65,5
2236,09:30:03,$ 3242.65,16
2237,09:30:03,$ 3242.65,15
2238,09:30:03,$ 3242.65,2
2239,09:30:03,$ 3242.65,1
2240,09:30:03,$ 3242.65,9
2241,09:30:03,$ 3242.65,10
2242,09:30:03,$ 3242.65,4
2243,09:30:03,$ 3242.65,10
2244,09:30:03,$ 3242.65,3
2245,09:30:03,$ 3242.65,2
2246,09:30:03,$ 3242.65,2
2248,09:30:03,$ 3242.65,3
2249,09:30:03,$ 3242.65,1
2250,09:30:03,$ 3242.65,1
2251,09:30:03,$ 3242.65,1
2252,09:30:03,$ 3242.65,1
2253,09:30:03,$ 3242.65,2
2254,09:30:03,$ 3242.65,1
2255,09:30:03,$ 3242.65,46
2256,09:30:03,$ 3242.65,1
2257,09:30:03,$ 3242.65,3
2258,09:30:03,$ 3242.65,1
2259,09:30:03,$ 3242.65,1
2260,09:30:03,$ 3242.65,116
2261,09:30:03,$ 3242.65,10
2262,09:30:03,$ 3242.65,1
2263,09:30:03,$ 3242.65,3
2264,09:30:03,$ 3242.65,1
2265,09:30:03,$ 3242.65,15
2266,09:30:03,$ 3242.65,10
2267,09:30:03,$ 3242.65,3
2269,09:30:03,$ 3242.65,1
2270,09:30:03,$ 3242.65,1
2271,09:30:03,$ 3242.65,2
2272,09:30:03,$ 3242.65,2
2273,09:30:03,$ 3242.65,1
2274,09:30:03,$ 3242.65,1
2275,09:30:03,$ 3242.65,1
2276,09:30:03,$ 3242.65,10
2277,09:30:03,$ 3242.65,10
2278,09:30:03,$ 3242.65,1
2279,09:30:03,$ 3242.65,10
2280,09:30:03,$ 3242.65,1
2281,09:30:03,$ 3242.65,3
2282,09:30:03,$ 3242.65,1
2283,09:30:03,$ 3242.65,1
2284,09:30:03,$ 3242.65,1
2285,09:30:03,$ 3242.65,3
2286,09:30:03,$ 3242.65,6
2287,09:30:03,$ 3242.65,1
2288,09:30:03,$ 3242.65,3
2290,09:30:03,$ 3242.65,1
2291,09:30:03,$ 3242.65,1
2292,09:30:03,$ 3242.65,6
2293,09:30:03,$ 3242.65,11
2294,09:30:03,$ 3242.65,3
2295,09:30:03,$ 3242.65,6
2296,09:30:03,$ 3242.65,1
2297,09:30:03,$ 3242.65,2
2298,09:30:03,$ 3242.65,25
2299,09:30:03,$ 3242.65,9
2300,09:30:03,$ 3242.65,5
2301,09:30:03,$ 3242.65,3
2302,09:30:03,$ 3242.65,2
2303,09:30:03,$ 3242.65,1
2304,09:30:03,$ 3242.65,24
2305,09:30:03,$ 3242.65,1
2306,09:30:03,$ 3242.65,120
2307,09:30:03,$ 3242.65,15
2308,09:30:03,$ 3242.65,1
2309,09:30:03,$ 3242.65,9
2311,09:30:03,$ 3242.65,1
2312,09:30:03,$ 3242.65,2
2313,09:30:03,$ 3242.65,3
2314,09:30:03,$ 3242.65,4
2315,09:30:03,$ 3242.65,1
2316,09:30:03,$ 3242.65,1
2317,09:30:03,$ 3242.65,20
2318,09:30:03,$ 3242.65,60
2319,09:30:03,$ 3242.65,130
2320,09:30:03,$ 3242.65,100
2321,09:30:03,$ 3242.65,5
2322,09:30:03,$ 3242.65,2
2323,09:30:03,$ 3242.65,9
2324,09:30:03,$ 3242.65,5
2325,09:30:03,$ 3242.65,1
2326,09:30:03,$ 3242.65,23
2327,09:30:03,$ 3242.65,4
2328,09:30:03,$ 3242.65,3
2329,09:30:03,$ 3242.65,1
2330,09:30:03,$ 3242.65,4
2332,09:30:03,$ 3242.65,5
2333,09:30:03,$ 3242.65,3
2334,09:30:03,$ 3242.65,1
2335,09:30:03,$ 3242.65,5
2336,09:30:03,$ 3242.65,2
2337,09:30:03,$ 3242.65,2
2338,09:30:03,$ 3242.65,1
2339,09:30:03,$ 3242.65,5
2340,09:30:03,$ 3242.65,2
2341,09:30:03,$ 3242.65,2
2342,09:30:03,$ 3242.65,25
2343,09:30:03,$ 3242.65,14
2344,09:30:03,$ 3242.65,5
2345,09:30:03,$ 3242.65,10
2346,09:30:03,$ 3242.65,9
2347,09:30:03,$ 3242.65,24
2348,09:30:03,$ 3242.65,7
2349,09:30:03,$ 3242.65,2
2350,09:30:03,$ 3242.65,15
2351,09:30:03,$ 3242.65,1
2353,09:30:03,$ 3242.65,1
2354,09:30:03,$ 3242.65,5
2355,09:30:03,$ 3242.65,6
2356,09:30:03,$ 3242.65,10
2357,09:30:03,$ 3242.65,2
2358,09:30:03,$ 3242.65,15
2359,09:30:03,$ 3242.65,1
2360,09:30:03,$ 3242.65,4
2361,09:30:03,$ 3242.65,1
2362,09:30:03,$ 3242.65,5
2363,09:30:03,$ 3242.65,"2,000"
2364,09:30:03,$ 3242.65,30
2365,09:30:03,$ 3242.65,3
2366,09:30:03,$ 3242.65,10
2367,09:30:03,$ 3242.65,9
2368,09:30:03,$ 3242.65,14
2369,09:30:03,$ 3242.65,35
2370,09:30:03,$ 3242.65,10
2371,09:30:03,$ 3242.65,2
2372,09:30:03,$ 3242.65,5
2374,09:30:03,$ 3242.65,4
2375,09:30:03,$ 3242.65,4
2376,09:30:03,$ 3242.65,2
2377,09:30:03,$ 3242.65,40
2378,09:30:03,$ 3242.65,4
2379,09:30:03,$ 3242.65,3
2380,09:30:03,$ 3242.65,5
2381,09:30:03,$ 3242.65,2
2382,09:30:03,$ 3242.65,60
2383,09:30:03,$ 3242.65,1
2384,09:30:03,$ 3242.65,2
2385,09:30:03,$ 3242.65,3
2386,09:30:03,$ 3242.65,7
2387,09:30:03,$ 3242.65,2
2388,09:30:03,$ 3242.65,4
2389,09:30:03,$ 3242.65,1
2390,09:30:03,$ 3242.65,9
2391,09:30:03,$ 3242.65,8
2392,09:30:03,$ 3242.65,25
2393,09:30:03,$ 3242.65,2
2395,09:30:03,$ 3242.65,7
2396,09:30:03,$ 3242.65,9
2397,09:30:03,$ 3242.65,35
2398,09:30:03,$ 3242.65,4
2399,09:30:03,$ 3242.65,26
2400,09:30:03,$ 3242.65,2
2401,09:30:03,$ 3242.65,16
2402,09:30:03,$ 3242.65,4
2403,09:30:03,$ 3242.65,1
2404,09:30:03,$ 3242.65,150
2405,09:30:03,$ 3242.65,1
2406,09:30:03,$ 3242.65,1
2407,09:30:03,$ 3242.65,1
2408,09:30:03,$ 3242.65,2
2409,09:30:03,$ 3242.65,1
2410,09:30:03,$ 3242.65,72
2411,09:30:03,$ 3242.65,1
2412,09:30:03,$ 3242.65,1
2413,09:30:03,$ 3242.65,1
2414,09:30:03,$ 3242.65,66
2416,09:30:03,$ 3242.65,1
2417,09:30:03,$ 3242.65,1
2418,09:30:03,$ 3242.65,1
2419,09:30:03,$ 3242.65,3
2420,09:30:03,$ 3242.65,1
2421,09:30:03,$ 3242.65,1
2422,09:30:03,$ 3242.65,1
2423,09:30:03,$ 3242.65,3
2424,09:30:03,$ 3242.65,4
2425,09:30:03,$ 3242.65,2
2426,09:30:03,$ 3242.65,1
2427,09:30:03,$ 3242.65,1
2428,09:30:03,$ 3242.65,1
2429,09:30:03,$ 3242.65,2
2430,09:30:03,$ 3242.65,2
2431,09:30:03,$ 3242.65,3
2432,09:30:03,$ 3242.65,10
2433,09:30:03,$ 3242.65,3
2434,09:30:03,$ 3242.65,1
2435,09:30:03,$ 3242.65,3
2437,09:30:03,$ 3242.65,1
2438,09:30:03,$ 3242.65,1
2439,09:30:03,$ 3242.65,1
2440,09:30:03,$ 3242.65,1
2441,09:30:03,$ 3242.65,1
2442,09:30:03,$ 3242.65,1
2443,09:30:03,$ 3242.65,1
2444,09:30:03,$ 3242.65,1
2445,09:30:03,$ 3242.65,1
2446,09:30:03,$ 3242.65,1
2447,09:30:03,$ 3242.65,1
2448,09:30:03,$ 3242.65,1
2449,09:30:03,$ 3242.65,30
2450,09:30:03,$ 3242.65,1
2451,09:30:03,$ 3242.65,100
2452,09:30:03,$ 3242.65,1
2453,09:30:03,$ 3242.65,1
2454,09:30:03,$ 3242.65,1
2455,09:30:03,$ 3242.65,1
2456,09:30:03,$ 3242.65,2
2458,09:30:03,$ 3242.65,52
2459,09:30:03,$ 3242.65,1
2460,09:30:03,$ 3242.65,30
2461,09:30:03,$ 3242.65,1
2462,09:30:03,$ 3242.65,3
2463,09:30:03,$ 3242.65,3
2464,09:30:03,$ 3242.65,7
2465,09:30:03,$ 3242.65,1
2466,09:30:03,$ 3242.65,1
2467,09:30:03,$ 3242.65,1
2468,09:30:03,$ 3242.65,25
2469,09:30:03,$ 3242.65,2
2470,09:30:03,$ 3242.65,4
2471,09:30:03,$ 3242.65,2
2472,09:30:03,$ 3242.65,1
2473,09:30:03,$ 3242.65,1
2474,09:30:03,$ 3242.65,3
2475,09:30:03,$ 3242.65,1
2476,09:30:03,$ 3242.65,1
2477,09:30:03,$ 3242.65,1
2479,09:30:03,$ 3242.65,3
2480,09:30:03,$ 3242.65,2
2481,09:30:03,$ 3242.65,3
2482,09:30:03,$ 3242.65,10
2483,09:30:03,$ 3242.65,3
2484,09:30:03,$ 3242.65,3
2485,09:30:03,$ 3242.65,3
2486,09:30:03,$ 3242.65,3
2487,09:30:03,$ 3242.65,1
2488,09:30:03,$ 3242.65,4
2489,09:30:03,$ 3242.65,2
2490,09:30:03,$ 3242.65,1
2491,09:30:03,$ 3242.65,15
2492,09:30:03,$ 3242.65,1
2493,09:30:03,$ 3242.65,2
2494,09:30:03,$ 3242.65,45
2495,09:30:03,$ 3242.65,1
2496,09:30:03,$ 3242.65,2
2497,09:30:03,$ 3242.65,1
2498,09:30:03,$ 3242.65,3
2500,09:30:03,$ 3242.65,1
2501,09:30:03,$ 3242.65,5
2502,09:30:03,$ 3242.65,1
2503,09:30:03,$ 3242.65,1
2504,09:30:03,$ 3242.65,10
2505,09:30:03,$ 3242.65,1
2506,09:30:03,$ 3242.65,2
2507,09:30:03,$ 3242.65,1
2508,09:30:03,$ 3242.65,100
2509,09:30:03,$ 3242.65,4
2510,09:30:03,$ 3242.65,10
2511,09:30:03,$ 3242.65,1
2512,09:30:03,$ 3242.65,10
2513,09:30:03,$ 3242.65,1
2514,09:30:03,$ 3242.65,2
2515,09:30:03,$ 3242.65,1
2516,09:30:03,$ 3242.65,5
2517,09:30:03,$ 3242.65,2
2518,09:30:03,$ 3242.65,2
2519,09:30:03,$ 3242.65,1
2521,09:30:03,$ 3242.65,62
2522,09:30:03,$ 3242.65,1
2523,09:30:03,$ 3242.65,1
2524,09:30:03,$ 3242.65,2
2525,09:30:03,$ 3242.65,200
2526,09:30:03,$ 3242.65,1
2527,09:30:03,$ 3242.65,1
2528,09:30:03,$ 3242.65,5
2529,09:30:03,$ 3242.65,1
2530,09:30:03,$ 3242.65,1
2531,09:30:03,$ 3242.65,1
2532,09:30:03,$ 3242.65,10
2533,09:30:03,$ 3242.65,6
2534,09:30:03,$ 3242.65,19
2535,09:30:03,$ 3242.65,1
2536,09:30:03,$ 3242.65,2
2537,09:30:03,$ 3242.65,1
2538,09:30:03,$ 3242.65,184
2539,09:30:03,$ 3242.65,1
2540,09:30:03,$ 3242.65,1
2542,09:30:03,$ 3242.65,2
2543,09:30:03,$ 3242.65,2
2544,09:30:03,$ 3242.65,200
2545,09:30:03,$ 3242.65,200
2546,09:30:03,$ 3242.65,77
2547,09:30:03,$ 3242.65,500
2548,09:30:03,$ 3242.65,500
2549,09:30:03,$ 3242.65,93
2550,09:30:03,$ 3242.65,15
2551,09:30:03,$ 3242.65,1
2552,09:30:03,$ 3242.65,8
2553,09:30:03,$ 3242.65,4
2554,09:30:03,$ 3242.65,50
2555,09:30:03,$ 3242.65,8
2556,09:30:03,$ 3242.65,60
2557,09:30:03,$ 3242.65,1
2558,09:30:03,$ 3242.65,2
2559,09:30:03,$ 3242.65,3
2560,09:30:03,$ 3242.65,1
2561,09:30:03,$ 3242.65,10
2563,09:30:03,$ 3242.65,2
2564,09:30:03,$ 3242.65,3
2565,09:30:03,$ 3242.65,1
2566,09:30:03,$ 3242.65,31
2567,09:30:03,$ 3242.65,8
2568,09:30:03,$ 3242.65,2
2569,09:30:03,$ 3242.65,17
2570,09:30:03,$ 3242.65,2
2571,09:30:03,$ 3242.65,1
2572,09:30:03,$ 3242.65,3
2573,09:30:03,$ 3242.65,30
2574,09:30:03,$ 3242.65,100
2575,09:30:03,$ 3242.65,2
2576,09:30:03,$ 3242.65,6
2577,09:30:03,$ 3242.65,1
2578,09:30:03,$ 3242.65,3
2579,09:30:03,$ 3242.65,1
2580,09:30:03,$ 3242.65,2
2581,09:30:03,$ 3242.65,925
2582,09:30:03,$ 3242.65,4
2584,09:30:03,$ 3242.65,2
2585,09:30:03,$ 3242.65,7
2586,09:30:03,$ 3242.65,2
2587,09:30:03,$ 3242.65,5
2588,09:30:03,$ 3242.65,3
2589,09:30:03,$ 3242.65,10
2590,09:30:03,$ 3242.65,10
2591,09:30:03,$ 3242.65,31
2592,09:30:03,$ 3242.65,1
2593,09:30:03,$ 3242.65,10
2594,09:30:03,$ 3242.65,1
2595,09:30:03,$ 3242.65,4
2596,09:30:03,$ 3242.65,2
2597,09:30:03,$ 3242.65,1
2598,09:30:03,$ 3242.65,1
2599,09:30:03,$ 3242.65,20
2600,09:30:03,$ 3242.65,1
2601,09:30:03,$ 3242.65,1
2602,09:30:03,$ 3242.65,1
2603,09:30:03,$ 3242.65,20
2605,09:30:03,$ 3242.65,3
2606,09:30:03,$ 3242.65,1
2607,09:30:03,$ 3242.65,3
2608,09:30:03,$ 3242.65,10
2609,09:30:03,$ 3242.65,1
2610,09:30:03,$ 3242.65,3
2611,09:30:03,$ 3242.65,1
2612,09:30:03,$ 3242.65,2
2613,09:30:03,$ 3242.65,2
2614,09:30:03,$ 3242.65,1
2615,09:30:03,$ 3242.65,2
2616,09:30:03,$ 3242.65,2
2617,09:30:03,$ 3242.65,2
2618,09:30:03,$ 3242.65,3
2619,09:30:03,$ 3242.65,2
2620,09:30:03,$ 3242.65,1
2621,09:30:03,$ 3242.65,1
2622,09:30:03,$ 3242.65,1
2623,09:30:03,$ 3242.65,1
2624,09:30:03,$ 3242.65,1
2626,09:30:03,$ 3242.65,1
2627,09:30:03,$ 3242.65,2
2628,09:30:03,$ 3242.65,1
2629,09:30:03,$ 3242.65,1
2630,09:30:03,$ 3242.65,1
2631,09:30:03,$ 3242.65,2
2632,09:30:03,$ 3242.65,1
2633,09:30:03,$ 3242.65,2
2634,09:30:03,$ 3242.65,1
2635,09:30:03,$ 3242.65,10
2636,09:30:03,$ 3242.65,10
2637,09:30:03,$ 3242.65,1
2638,09:30:03,$ 3242.65,1
2639,09:30:03,$ 3242.65,50
2640,09:30:03,$ 3242.65,50
2641,09:30:03,$ 3242.65,10
2642,09:30:03,$ 3242.65,1
2643,09:30:03,$ 3242.65,5
2644,09:30:03,$ 3242.65,4
2645,09:30:03,$ 3242.65,1
2647,09:30:03,$ 3242.65,2
2648,09:30:03,$ 3242.65,1
2649,09:30:03,$ 3242.65,8
2650,09:30:03,$ 3242.65,26
2651,09:30:03,$ 3242.65,2
2652,09:30:03,$ 3242.65,3
2653,09:30:03,$ 3242.65,9
2654,09:30:03,$ 3242.65,1
2655,09:30:03,$ 3242.65,1
2656,09:30:03,$ 3242.65,1
2657,09:30:03,$ 3242.65,1
2658,09:30:03,$ 3242.65,9
2659,09:30:03,$ 3242.65,3
2660,09:30:03,$ 3242.65,24
2661,09:30:03,$ 3242.65,12
2662,09:30:03,$ 3242.65,680
2663,09:30:03,$ 3242.65,2
2664,09:30:03,$ 3242.65,1
2665,09:30:03,$ 3242.65,7
2666,09:30:03,$ 3242.65,1
2668,09:30:03,$ 3242.65,2
2669,09:30:03,$ 3242.65,1
2670,09:30:03,$ 3242.65,1
2671,09:30:03,$ 3242.65,1
2672,09:30:03,$ 3242.65,1
2673,09:30:03,$ 3242.65,1
2674,09:30:03,$ 3242.65,2
2675,09:30:03,$ 3242.65,4
2676,09:30:03,$ 3242.65,1
2677,09:30:03,$ 3242.65,1
2678,09:30:03,$ 3242.65,1
2679,09:30:03,$ 3242.65,2
2680,09:30:03,$ 3242.65,2
2681,09:30:03,$ 3242.65,3
2682,09:30:03,$ 3242.65,1
2683,09:30:03,$ 3242.65,1
2684,09:30:03,$ 3242.65,2
2685,09:30:03,$ 3242.65,6
2686,09:30:03,$ 3242.65,8
2687,09:30:03,$ 3242.65,1
2689,09:30:03,$ 3242.65,2
2690,09:30:03,$ 3242.65,3
2691,09:30:03,$ 3242.65,11
2692,09:30:03,$ 3242.65,1
2693,09:30:03,$ 3242.65,3
2694,09:30:03,$ 3242.65,1
2695,09:30:03,$ 3242.65,2
2696,09:30:03,$ 3242.65,1
2697,09:30:03,$ 3242.65,5
2698,09:30:03,$ 3242.65,3
2699,09:30:03,$ 3242.65,278
2700,09:30:03,$ 3242.65,175
2701,09:30:03,$ 3242.65,4
2702,09:30:03,$ 3242.65,2
2703,09:30:03,$ 3242.65,7
2704,09:30:03,$ 3242.65,1
2705,09:30:03,$ 3242.65,1
2706,09:30:03,$ 3242.65,5
2707,09:30:03,$ 3242.65,4
2708,09:30:03,$ 3242.65,7
2710,09:30:03,$ 3242.65,7
2711,09:30:03,$ 3242.65,1
2712,09:30:03,$ 3242.65,1
2713,09:30:03,$ 3242.65,1
2714,09:30:03,$ 3242.65,1
2715,09:30:03,$ 3242.65,1
2716,09:30:03,$ 3242.65,1
2717,09:30:03,$ 3242.65,2
2718,09:30:03,$ 3242.65,1
2719,09:30:03,$ 3242.65,2
2720,09:30:03,$ 3242.65,1
2721,09:30:03,$ 3242.65,3
2722,09:30:03,$ 3242.65,1
2723,09:30:03,$ 3242.65,1
2724,09:30:03,$ 3242.65,1
2725,09:30:03,$ 3242.65,1
2726,09:30:03,$ 3242.65,1
2727,09:30:03,$ 3242.65,1
2728,09:30:03,$ 3242.65,1
2729,09:30:03,$ 3242.65,3
2731,09:30:03,$ 3242.65,1
2732,09:30:03,$ 3242.65,1
2733,09:30:03,$ 3242.65,1
2734,09:30:03,$ 3242.65,1
2735,09:30:03,$ 3242.65,1
2736,09:30:03,$ 3242.65,1
2737,09:30:03,$ 3242.65,1
2738,09:30:03,$ 3242.65,1
2739,09:30:03,$ 3242.65,1
2740,09:30:03,$ 3242.65,1
2741,09:30:03,$ 3242.65,1
2742,09:30:03,$ 3242.65,1
2743,09:30:03,$ 3242.65,2
2744,09:30:03,$ 3242.65,1
2745,09:30:03,$ 3242.65,1
2746,09:30:03,$ 3242.65,1
2747,09:30:03,$ 3242.65,1
2748,09:30:03,$ 3242.65,2
2749,09:30:03,$ 3242.65,1
2750,09:30:03,$ 3242.65,1
2752,09:30:03,$ 3242.65,1
2753,09:30:03,$ 3242.65,1
2754,09:30:03,$ 3242.65,3
2755,09:30:03,$ 3242.65,2
2756,09:30:03,$ 3242.65,1
2757,09:30:03,$ 3242.65,1
2758,09:30:03,$ 3242.65,1
2759,09:30:03,$ 3242.65,1
2760,09:30:03,$ 3242.65,1
2761,09:30:03,$ 3242.65,1
2762,09:30:03,$ 3242.65,1
2763,09:30:03,$ 3242.65,1
2764,09:30:03,$ 3242.65,1
2765,09:30:03,$ 3242.65,2
2766,09:30:03,$ 3242.65,5
2767,09:30:03,$ 3242.65,1
2768,09:30:03,$ 3242.65,1
2769,09:30:03,$ 3242.65,2
2770,09:30:03,$ 3242.65,1
2771,09:30:03,$ 3242.65,2
2773,09:30:03,$ 3242.65,2
2774,09:30:03,$ 3242.65,1
2775,09:30:03,$ 3242.65,1
2776,09:30:03,$ 3242.65,1
2777,09:30:03,$ 3242.65,1
2778,09:30:03,$ 3242.65,1
2779,09:30:03,$ 3242.65,3
2780,09:30:03,$ 3242.65,1
2781,09:30:03,$ 3242.65,2
2782,09:30:03,$ 3242.65,1
2783,09:30:03,$ 3242.65,10
2784,09:30:03,$ 3242.65,1
2785,09:30:03,$ 3242.65,1
2786,09:30:03,$ 3242.65,3
2787,09:30:03,$ 3242.65,1
2788,09:30:03,$ 3242.65,2
2789,09:30:03,$ 3242.65,3
2790,09:30:03,$ 3242.65,2
2791,09:30:03,$ 3242.65,1
2792,09:30:03,$ 3242.65,1
2794,09:30:03,$ 3242.65,1
2795,09:30:03,$ 3242.65,4
2796,09:30:03,$ 3242.65,97
2797,09:30:03,$ 3242.65,57
2798,09:30:03,$ 3242.65,100
2799,09:30:03,$ 3242.65,2
2800,09:30:03,$ 3242.65,5
2801,09:30:03,$ 3242.65,100
2802,09:30:03,$ 3242.65,2
2803,09:30:03,$ 3242.65,11
2804,09:30:03,$ 3242.65,5
2805,09:30:03,$ 3242.65,1
2806,09:30:03,$ 3242.65,5
2807,09:30:03,$ 3242.65,1
2808,09:30:03,$ 3242.65,1
2809,09:30:03,$ 3242.65,1
2810,09:30:03,$ 3242.65,8
2811,09:30:03,$ 3242.65,3
2812,09:30:03,$ 3242.65,1
2813,09:30:03,$ 3242.65,3
2815,09:30:03,$ 3242.65,80
2816,09:30:03,$ 3242.65,1
2817,09:30:03,$ 3242.65,4
2818,09:30:03,$ 3242.65,2
2819,09:30:03,$ 3242.65,17
2820,09:30:03,$ 3242.65,2
2821,09:30:03,$ 3242.65,1
2822,09:30:03,$ 3242.65,1
2823,09:30:03,$ 3242.65,1
2824,09:30:03,$ 3242.65,1
2825,09:30:03,$ 3242.65,1
2826,09:30:03,$ 3242.65,2
2827,09:30:03,$ 3242.65,1
2828,09:30:03,$ 3242.65,1
2829,09:30:03,$ 3242.65,3
2830,09:30:03,$ 3242.65,1
2831,09:30:03,$ 3242.65,1
2832,09:30:03,$ 3242.65,2
2833,09:30:03,$ 3242.65,1
2834,09:30:03,$ 3242.65,1
2836,09:30:03,$ 3242.65,1
2837,09:30:03,$ 3242.65,1
2838,09:30:03,$ 3242.65,2
2839,09:30:03,$ 3242.65,8
2840,09:30:03,$ 3242.65,1
2841,09:30:03,$ 3242.65,1
2842,09:30:03,$ 3242.65,3
2843,09:30:03,$ 3242.65,1
2844,09:30:03,$ 3242.65,3
2845,09:30:03,$ 3242.65,1
2846,09:30:03,$ 3242.65,1
2847,09:30:03,$ 3242.65,2
2848,09:30:03,$ 3242.65,40
2849,09:30:03,$ 3242.65,7
2850,09:30:03,$ 3242.65,1
2851,09:30:03,$ 3242.65,1
2852,09:30:03,$ 3242.65,5
2853,09:30:03,$ 3242.65,20
2854,09:30:03,$ 3242.65,1
2855,09:30:03,$ 3242.65,1
2857,09:30:03,$ 3242.65,1
2858,09:30:03,$ 3242.65,1
2859,09:30:03,$ 3242.65,1
2860,09:30:03,$ 3242.65,1
2861,09:30:03,$ 3242.65,6
2862,09:30:03,$ 3242.65,200
2863,09:30:03,$ 3242.65,6
2864,09:30:03,$ 3242.65,29
2865,09:30:03,$ 3242.65,57
2866,09:30:03,$ 3242.65,6
2867,09:30:03,$ 3242.65,2
2868,09:30:03,$ 3242.65,299
2869,09:30:03,$ 3242.65,250
2870,09:30:03,$ 3242.65,1
2871,09:30:03,$ 3242.65,1
2872,09:30:03,$ 3242.65,3
2873,09:30:03,$ 3242.65,9
2874,09:30:03,$ 3242.65,149
2875,09:30:03,$ 3242.65,2
2876,09:30:03,$ 3242.65,811
2878,09:30:03,$ 3242.65,28
2879,09:30:03,$ 3242.65,31
2880,09:30:03,$ 3242.65,25
2881,09:30:03,$ 3242.65,300
2882,09:30:03,$ 3242.65,6
2883,09:30:03,$ 3242.65,1
2884,09:30:03,$ 3242.65,1
2885,09:30:03,$ 3242.65,1
2886,09:30:03,$ 3242.65,1
2887,09:30:03,$ 3242.65,1
2888,09:30:03,$ 3242.65,3
2889,09:30:03,$ 3242.65,4
2890,09:30:03,$ 3242.65,4
2891,09:30:03,$ 3242.65,2
2892,09:30:03,$ 3242.65,4
2893,09:30:03,$ 3242.65,2
2894,09:30:03,$ 3242.65,7
2895,09:30:03,$ 3242.65,2
2896,09:30:03,$ 3242.65,37
2897,09:30:03,$ 3242.65,10
2899,09:30:03,$ 3242.65,160
2900,09:30:03,$ 3242.65,1
2901,09:30:03,$ 3242.65,"5,200"
2902,09:30:03,$ 3242.65,1
2903,09:30:03,$ 3242.65,30
2904,09:30:03,$ 3242.65,2
2905,09:30:03,$ 3242.65,2
2906,09:30:03,$ 3242.65,26
2907,09:30:03,$ 3242.65,7
2908,09:30:03,$ 3242.65,350
2909,09:30:03,$ 3242.65,45
2910,09:30:03,$ 3242.65,4
2911,09:30:03,$ 3242.65,2
2912,09:30:03,$ 3242.65,15
2913,09:30:03,$ 3242.65,1
2914,09:30:03,$ 3242.65,7
2915,09:30:03,$ 3242.65,2
2916,09:30:03,$ 3242.65,1
2917,09:30:03,$ 3242.65,1
2918,09:30:03,$ 3242.65,6
2920,09:30:03,$ 3242.65,260
2921,09:30:03,$ 3242.65,12
2922,09:30:03,$ 3242.65,10
2923,09:30:03,$ 3242.65,20
2924,09:30:03,$ 3242.65,22
2925,09:30:03,$ 3242.65,86
2926,09:30:03,$ 3242.65,2
2927,09:30:03,$ 3242.65,13
2928,09:30:03,$ 3242.65,1
2929,09:30:03,$ 3242.65,5
2930,09:30:03,$ 3242.65,5
2931,09:30:03,$ 3242.65,47
2932,09:30:03,$ 3242.65,1
2933,09:30:03,$ 3242.65,3
2934,09:30:03,$ 3242.65,5
2935,09:30:03,$ 3242.65,1
2936,09:30:03,$ 3242.65,1
2937,09:30:03,$ 3242.65,100
2938,09:30:03,$ 3242.65,2
2939,09:30:03,$ 3242.65,2
2941,09:30:03,$ 3242.65,7
2942,09:30:03,$ 3242.65,1
2943,09:30:03,$ 3242.65,5
2944,09:30:03,$ 3242.65,7
2945,09:30:03,$ 3242.65,3
2946,09:30:03,$ 3242.65,15
2947,09:30:03,$ 3242.65,27
2948,09:30:03,$ 3242.65,13
2949,09:30:03,$ 3242.65,2
2950,09:30:03,$ 3242.65,1
2951,09:30:03,$ 3242.65,1
2952,09:30:03,$ 3242.65,80
2953,09:30:03,$ 3242.65,4
2954,09:30:03,$ 3242.65,8
2955,09:30:03,$ 3242.65,15
2956,09:30:03,$ 3242.65,2
2957,09:30:03,$ 3242.65,6
2958,09:30:03,$ 3242.65,6
2959,09:30:03,$ 3242.65,8
2960,09:30:03,$ 3242.65,3
2962,09:30:03,$ 3242.65,7
2963,09:30:03,$ 3242.65,5
2964,09:30:03,$ 3242.65,16
2965,09:30:03,$ 3242.65,15
2966,09:30:03,$ 3242.65,1
2967,09:30:03,$ 3242.65,3
2968,09:30:03,$ 3242.65,7
2969,09:30:03,$ 3242.65,8
2970,09:30:03,$ 3242.65,16
2971,09:30:03,$ 3242.65,1
2972,09:30:03,$ 3242.65,18
2973,09:30:03,$ 3242.65,11
2974,09:30:03,$ 3242.65,4
2975,09:30:03,$ 3242.65,1
2976,09:30:03,$ 3242.65,20
2977,09:30:03,$ 3242.65,9
2978,09:30:03,$ 3242.65,11
2979,09:30:03,$ 3242.65,25
2980,09:30:03,$ 3242.65,18
2981,09:30:03,$ 3242.65,16
2983,09:30:03,$ 3242.65,110
2984,09:30:03,$ 3242.65,10
2985,09:30:03,$ 3242.65,2
2986,09:30:02,$ 3242.65,10
2987,09:30:02,$ 3242.65,6
2988,09:30:02,$ 3242.65,10
2989,09:30:02,$ 3242.65,34
2990,09:30:02,$ 3242.65,10
2991,09:30:02,$ 3242.65,50
2992,09:30:02,$ 3242.65,15
2993,09:30:01,$ 3243.159,102
2995,10:29:58,$ 3224.92,200
2996,10:29:57,$ 3224.35,100
2997,10:29:57,$ 3224.915,100
2998,10:29:57,$ 3224.915,100
2999,10:29:56,$ 3224.77,100
3000,10:29:56,$ 3224.95,100
3001,10:29:54,$ 3224.265,100
3002,10:29:47,$ 3224.81,310
3003,10:29:47,$ 3224.81,281
3004,10:29:44,$ 3224.08,"1,000"
3005,10:29:39,$ 3224.135,100
3006,10:29:36,$ 3223.985,500
3007,10:29:34,$ 3223.84,100
3008,10:29:34,$ 3223.84,100
3009,10:29:34,$ 3223.94,100
3010,10:29:29,$ 3223.15,100
3011,10:29:29,$ 3223.82,100
3012,10:29:26,$ 3223.675,100
3013,10:29:24,$ 3223.624,100
3014,10:29:24,$ 3223.606,100
3016,10:29:24,$ 3223.33,100
3017,10:29:24,$ 3223.55,100
3018,10:29:24,$ 3223.675,100
3019,10:29:19,$ 3222.9332,"1,000"
3020,10:29:18,$ 3223.4325,100
3021,10:29:18,$ 3223.04,100
3022,10:29:17,$ 3223.29,100
3023,10:29:17,$ 3223.06,100
3024,10:29:17,$ 3223.06,100
3025,10:29:17,$ 3223.06,100
3026,10:29:17,$ 3223.26,100
3027,10:29:17,$ 3223.21,100
3028,10:29:17,$ 3223.06,100
3029,10:29:17,$ 3223.04,300
3030,10:29:16,$ 3223.02,100
3031,10:29:16,$ 3223.41,100
3032,10:29:15,$ 3222.9301,"1,000"
3033,10:29:15,$ 3223.45,100
3034,10:29:15,$ 3223.25,598
3035,10:29:15,$ 3222.995,100
3037,10:29:15,$ 3223.18,100
3038,10:29:15,$ 3223.24,100
3039,10:29:15,$ 3223.18,100
3040,10:29:15,$ 3222.785,700
3041,10:29:14,$ 3222.78,100
3042,10:29:13,$ 3222.775,100
3043,10:29:07,$ 3222.66,100
3044,10:29:04,$ 3222.28,200
3045,10:29:03,$ 3222.25,100
3046,10:29:03,$ 3222.02,100
3047,10:29:03,$ 3222.34,100
3048,10:28:51,$ 3221.80,100
3049,10:28:51,$ 3221.65,100
3050,10:28:50,$ 3222.13,500
3051,10:28:46,$ 3222.1085,"1,000"
3052,10:28:43,$ 3221.615,100
3053,10:28:42,$ 3221.55,100
3054,10:28:42,$ 3221.55,100
3055,10:28:42,$ 3221.55,100
3056,10:28:42,$ 3221.55,100
3058,10:28:42,$ 3221.55,100
3059,10:28:42,$ 3221.555,100
3060,10:28:42,$ 3221.55,100
3061,10:28:42,$ 3221.555,100
3062,10:28:42,$ 3221.55,100
3063,10:28:42,$ 3221.55,"1,000"
3064,10:28:42,$ 3222.00,100
3065,10:28:41,$ 3221.55,600
3066,10:28:41,$ 3221.55,100
3067,10:28:41,$ 3221.41,100
3068,10:28:41,$ 3221.72,100
3069,10:28:41,$ 3221.55,200
3070,10:28:41,$ 3221.42,100
3071,10:28:41,$ 3221.59,100
3072,10:28:41,$ 3221.72,100
3073,10:28:41,$ 3221.72,100
3074,10:28:30,$ 3221.66,100
3075,10:28:29,$ 3222.00,100
3076,10:28:29,$ 3222.00,100
3077,10:28:29,$ 3222.00,100
3079,10:28:29,$ 3222.00,100
3080,10:28:25,$ 3222.475,200
3081,10:28:19,$ 3222.47,100
3082,10:28:19,$ 3222.47,100
3083,10:28:18,$ 3222.40,100
3084,10:28:17,$ 3222.40,100
3085,10:28:17,$ 3222.40,100
3086,10:28:15,$ 3222.178,100
3087,10:28:15,$ 3222.26,100
3088,10:28:15,$ 3222.18,100
3089,10:28:14,$ 3222.185,100
3090,10:28:13,$ 3222.195,500
3091,10:28:11,$ 3222.908,500
3092,10:28:10,$ 3222.89,100
3093,10:28:08,$ 3224.06,100
3094,10:28:08,$ 3224.10,100
3095,10:28:04,$ 3224.385,100
3096,10:28:04,$ 3224.385,100
3097,10:27:52,$ 3223.98,100
3098,10:27:52,$ 3223.98,500
3100,10:27:51,$ 3223.3401,200
3101,10:27:50,$ 3223.973,500
3102,10:27:49,$ 3223.5067,200
3103,10:27:44,$ 3223.975,100
3104,10:27:40,$ 3224.6034,108
3105,10:27:34,$ 3222.53,100
3106,10:27:34,$ 3222.615,100
3107,10:27:31,$ 3222.98,100
3108,10:27:29,$ 3223.185,500
3109,10:27:28,$ 3223.187,500
3110,10:27:27,$ 3223.18,500
3111,10:27:26,$ 3222.90,100
3112,10:27:26,$ 3222.90,100
3113,10:27:26,$ 3222.9217,500
3114,10:27:24,$ 3221.5037,152
3115,10:27:24,$ 3222.135,100
3116,10:27:24,$ 3222.235,100
3117,10:27:22,$ 3224.04,200
3118,10:27:20,$ 3223.515,100
3119,10:27:20,$ 3223.515,100
3121,10:27:20,$ 3223.515,100
3122,10:27:20,$ 3223.515,100
3123,10:27:20,$ 3223.71,100
3124,10:27:19,$ 3224.04,500
3125,10:27:19,$ 3224.035,500
3126,10:27:17,$ 3224.23,100
3127,10:27:17,$ 3224.658,310
3128,10:27:17,$ 3224.658,100
3129,10:27:14,$ 3224.81,100
3130,10:27:13,$ 3225.06,100
3131,10:27:11,$ 3225.11,100
3132,10:27:09,$ 3225.00,280
3133,10:27:06,$ 3224.52,100
3134,10:27:04,$ 3224.16,400
3135,10:27:03,$ 3223.82,116
3136,10:27:03,$ 3224.163,310
3137,10:27:03,$ 3224.163,116
3138,10:27:02,$ 3223.82,100
3139,10:27:02,$ 3223.79,100
3140,10:26:59,$ 3224.2386,300
3142,10:26:54,$ 3224.00,100
3143,10:26:54,$ 3224.00,100
3144,10:26:54,$ 3223.77,100
3145,10:26:54,$ 3223.69,100
3146,10:26:54,$ 3223.69,100
3147,10:26:24,$ 3223.015,100
3148,10:26:23,$ 3222.31,100
3149,10:26:21,$ 3221.2719,133
3150,10:26:20,$ 3222.335,500
3151,10:26:20,$ 3222.11,100
3152,10:26:18,$ 3222.528,500
3153,10:26:14,$ 3221.905,100
3154,10:26:11,$ 3222.90,100
3155,10:26:10,$ 3222.92,100
3156,10:26:10,$ 3222.33,100
3157,10:26:10,$ 3222.64,100
3158,10:26:10,$ 3222.38,100
3159,10:26:09,$ 3222.80,100
3160,10:26:09,$ 3222.72,100
3161,10:26:09,$ 3222.72,100
3163,10:26:09,$ 3222.70,100
3164,10:26:09,$ 3222.75,100
3165,10:26:09,$ 3222.73,100
3166,10:26:09,$ 3222.70,100
3167,10:26:09,$ 3222.49,100
3168,10:26:09,$ 3222.72,100
3169,10:26:09,$ 3222.36,100
3170,10:26:09,$ 3222.58,100
3171,10:26:09,$ 3222.74,100
3172,10:26:02,$ 3221.56,100
3173,10:26:02,$ 3222.10,100
3174,10:26:02,$ 3222.14,100
3175,10:26:02,$ 3222.11,100
3176,10:26:01,$ 3222.23,199
3177,10:25:57,$ 3222.53,100
3178,10:25:57,$ 3222.67,200
3179,10:25:45,$ 3221.00,285
3180,10:25:45,$ 3221.962,100
3181,10:25:45,$ 3221.974,100
3182,10:25:44,$ 3222.59,100
3184,10:25:44,$ 3221.985,100
3185,10:25:44,$ 3221.99,100
3186,10:25:43,$ 3221.65,200
3187,10:25:43,$ 3221.31,100
3188,10:25:43,$ 3221.21,100
3189,10:25:43,$ 3221.24,100
3190,10:25:43,$ 3221.21,100
3191,10:25:35,$ 3219.91,100
3192,10:25:32,$ 3220.61,100
3193,10:25:26,$ 3220.12,100
3194,10:25:26,$ 3220.13,100
3195,10:25:26,$ 3220.13,279
3196,10:25:26,$ 3220.13,100
3197,10:25:26,$ 3220.13,100
3198,10:25:26,$ 3220.13,642
3199,10:25:24,$ 3220.12,100
3200,10:25:24,$ 3220.00,100
3201,10:25:19,$ 3219.17,100
3202,10:25:17,$ 3218.99,100
3203,10:25:16,$ 3218.91,100
3205,10:25:16,$ 3219.01,100
3206,10:25:15,$ 3219.6206,120
3207,10:25:14,$ 3219.51,100
3208,10:25:14,$ 3219.51,100
3209,10:25:14,$ 3219.51,100
3210,10:25:14,$ 3219.51,100
3211,10:25:10,$ 3219.45,100
3212,10:25:10,$ 3219.65,100
3213,10:25:10,$ 3219.26,100
3214,10:24:49,$ 3217.3737,207
3215,10:24:42,$ 3219.17,200
3216,10:24:37,$ 3219.04,100
3217,10:24:37,$ 3219.335,100
3218,10:24:31,$ 3219.66,100
3219,10:24:31,$ 3219.435,100
3220,10:24:26,$ 3218.81,200
3221,10:24:15,$ 3219.1902,200
3222,10:24:10,$ 3219.20,100
3223,10:24:10,$ 3218.97,100
3224,10:24:10,$ 3218.96,100
3226,10:24:10,$ 3218.96,100
3227,10:24:10,$ 3218.85,100
3228,10:24:10,$ 3218.90,100
3229,10:24:10,$ 3218.899,100
3230,10:24:10,$ 3218.80,100
3231,10:24:01,$ 3218.805,100
3232,10:23:55,$ 3218.30,100
3233,10:23:47,$ 3218.348,100
3234,10:23:13,$ 3218.68,100
3235,10:23:12,$ 3218.11,200
3236,10:23:11,$ 3217.99,100
3237,10:23:11,$ 3217.94,100
3238,10:22:29,$ 3216.37,100
3239,10:22:27,$ 3215.72,100
3240,10:22:17,$ 3216.37,100
3241,10:22:00,$ 3215.6788,102
3242,10:21:58,$ 3215.52,281
3243,10:21:44,$ 3216.02,186
3244,10:21:37,$ 3215.41,100
3245,10:21:29,$ 3215.8832,100
3247,10:21:24,$ 3216.37,100
3248,10:21:10,$ 3215.00,100
3249,10:21:10,$ 3215.00,100
3250,10:20:57,$ 3217.43,100
3251,10:20:57,$ 3217.15,100
3252,10:20:57,$ 3217.15,100
3253,10:20:51,$ 3216.73,100
3254,10:20:45,$ 3216.25,100
3255,10:20:45,$ 3216.685,100
3256,10:20:31,$ 3217.14,100
3257,10:20:30,$ 3216.28,100
3258,10:20:28,$ 3217.20,100
3259,10:20:28,$ 3217.24,100
3260,10:20:15,$ 3216.51,100
3261,10:20:04,$ 3216.01,100
3262,10:20:03,$ 3217.176,100
3263,10:20:02,$ 3216.77,100
3264,10:20:01,$ 3217.93,100
3265,10:20:01,$ 3217.5901,100
3266,10:20:01,$ 3217.35,100
3268,10:19:52,$ 3216.745,100
3269,10:19:50,$ 3217.10,635
3270,10:19:43,$ 3216.82,100
3271,10:19:42,$ 3216.03,100
3272,10:19:34,$ 3217.155,100
3273,10:19:24,$ 3217.00,100
3274,10:19:24,$ 3216.88,100
3275,10:19:24,$ 3216.60,100
3276,10:19:24,$ 3217.00,100
3277,10:19:24,$ 3217.00,100
3278,10:19:22,$ 3217.6616,300
3279,10:19:18,$ 3217.387,200
3280,10:19:13,$ 3218.09,100
3281,10:19:03,$ 3216.97,114
3282,10:18:56,$ 3217.1433,150
3283,10:18:52,$ 3216.925,100
3284,10:18:42,$ 3217.498,500
3285,10:18:36,$ 3218.2499,400
3286,10:18:36,$ 3216.73,100
3287,10:18:31,$ 3217.37,100
3289,10:18:28,$ 3215.925,100
3290,10:18:24,$ 3216.00,200
3291,10:18:20,$ 3216.103,500
3292,10:18:18,$ 3216.30,100
3293,10:18:17,$ 3216.00,135
3294,10:18:15,$ 3216.25,100
3295,10:18:07,$ 3217.26,100
3296,10:17:58,$ 3215.26,100
3297,10:17:56,$ 3216.30,100
3298,10:17:52,$ 3215.635,"1,000"
3299,10:17:51,$ 3216.43,100
3300,10:17:51,$ 3215.6965,"1,000"
3301,10:17:48,$ 3216.56,100
3302,10:17:48,$ 3215.465,100
3303,10:17:43,$ 3215.525,197
3304,10:17:40,$ 3215.03,100
3305,10:17:36,$ 3214.15,200
3306,10:17:30,$ 3215.23,100
3307,10:17:16,$ 3214.645,100
3308,10:17:13,$ 3213.92,100
3310,10:17:13,$ 3214.065,199
3311,10:17:12,$ 3213.521,981
3312,10:17:05,$ 3213.85,100
3313,10:17:03,$ 3213.288,500
3314,10:17:01,$ 3213.4107,500
3315,10:16:59,$ 3213.94,100
3316,10:16:46,$ 3214.33,100
3317,10:16:41,$ 3214.38,100
3318,10:16:37,$ 3214.69,100
3319,10:16:37,$ 3214.70,100
3320,10:16:33,$ 3214.22,100
3321,10:16:33,$ 3214.00,100
3322,10:16:26,$ 3213.95,100
3323,10:16:23,$ 3212.93,100
3324,10:16:20,$ 3210.33,117
3325,10:16:15,$ 3211.58,100
3326,10:16:12,$ 3211.45,200
3327,10:16:12,$ 3211.52,100
3328,10:16:09,$ 3212.8569,422
3329,10:16:06,$ 3213.255,100
3331,10:16:04,$ 3212.71,479
3332,10:16:04,$ 3212.73,100
3333,10:16:04,$ 3212.73,100
3334,10:16:04,$ 3212.75,100
3335,10:16:04,$ 3212.3216,300
3336,10:16:03,$ 3212.525,100
3337,10:16:01,$ 3213.095,100
3338,10:16:00,$ 3213.48,100
3339,10:16:00,$ 3213.32,100
3340,10:16:00,$ 3213.51,100
3341,10:15:57,$ 3214.86,100
3342,10:15:57,$ 3215.33,100
3343,10:15:57,$ 3216.02,100
3344,10:15:57,$ 3216.00,100
3345,10:15:56,$ 3215.93,100
3346,10:15:52,$ 3216.19,100
3347,10:15:50,$ 3216.42,300
3348,10:15:48,$ 3215.723,500
3349,10:15:48,$ 3215.72,500
3350,10:15:46,$ 3215.01,100
3352,10:15:46,$ 3215.01,100
3353,10:15:46,$ 3215.01,100
3354,10:15:46,$ 3215.11,100
3355,10:15:46,$ 3215.20,100
3356,10:15:46,$ 3215.21,100
3357,10:15:46,$ 3215.12,100
3358,10:15:46,$ 3215.21,100
3359,10:15:39,$ 3215.69,100
3360,10:15:39,$ 3215.69,100
3361,10:15:38,$ 3215.30,300
3362,10:15:38,$ 3215.32,100
3363,10:15:31,$ 3214.8484,300
3364,10:15:22,$ 3213.952,250
3365,10:15:22,$ 3213.952,100
3366,10:15:22,$ 3214.27,100
3367,10:15:22,$ 3213.94,100
3368,10:15:22,$ 3214.55,100
3369,10:15:22,$ 3214.55,100
3370,10:15:22,$ 3213.02,200
3371,10:15:20,$ 3214.10,100
3373,10:15:09,$ 3212.92,100
3374,10:15:06,$ 3214.13,100
3375,10:15:03,$ 3214.93,100
3376,10:15:03,$ 3215.0293,240
3377,10:14:59,$ 3217.06,100
3378,10:14:58,$ 3216.765,100
3379,10:14:58,$ 3217.00,295
3380,10:14:58,$ 3217.15,100
3381,10:14:55,$ 3217.62,100
3382,10:14:55,$ 3218.06,100
3383,10:14:51,$ 3219.0699,500
3384,10:14:48,$ 3218.40,100
3385,10:14:48,$ 3218.33,100
3386,10:14:48,$ 3218.44,100
3387,10:14:48,$ 3218.33,100
3388,10:14:48,$ 3218.765,100
3389,10:14:48,$ 3219.18,100
3390,10:14:46,$ 3219.34,100
3391,10:14:44,$ 3219.62,100
3392,10:14:44,$ 3219.14,100
3394,10:14:44,$ 3219.32,100
3395,10:14:18,$ 3220.01,100
3396,10:13:52,$ 3221.34,130
3397,10:13:47,$ 3221.28,100
3398,10:13:46,$ 3221.255,100
3399,10:13:43,$ 3220.96,100
3400,10:13:33,$ 3221.86,100
3401,10:13:26,$ 3220.3665,100
3402,10:13:26,$ 3221.035,100
3403,10:13:26,$ 3221.05,100
3404,10:13:21,$ 3221.32,100
3405,10:13:21,$ 3221.485,200
3406,10:13:16,$ 3222.295,100
3407,10:13:13,$ 3222.0266,100
3408,10:13:11,$ 3222.165,100
3409,10:13:09,$ 3221.41,100
3410,10:13:06,$ 3221.279,100
3411,10:13:05,$ 3221.47,100
3412,10:13:05,$ 3221.38,100
3413,10:13:05,$ 3221.47,100
3415,10:13:05,$ 3221.47,100
3416,10:13:03,$ 3220.6299,100
3417,10:13:02,$ 3220.51,100
3418,10:12:58,$ 3220.257,150
3419,10:12:54,$ 3220.80,100
3420,10:12:54,$ 3221.00,109
3421,10:12:50,$ 3222.095,100
3422,10:12:37,$ 3222.03,100
3423,10:12:32,$ 3222.95,100
3424,10:12:32,$ 3223.16,100
3425,10:12:21,$ 3223.00,100
3426,10:12:21,$ 3223.00,300
3427,10:12:20,$ 3223.48,100
3428,10:12:20,$ 3223.25,100
3429,10:12:20,$ 3224.115,100
3430,10:12:20,$ 3223.7265,100
3431,10:12:20,$ 3223.26,100
3432,10:12:19,$ 3223.28,100
3433,10:12:19,$ 3223.71,100
3434,10:12:19,$ 3223.71,100
3436,10:12:19,$ 3223.71,100
3437,10:12:19,$ 3223.42,100
3438,10:12:19,$ 3223.57,300
3439,10:12:19,$ 3223.27,100
3440,10:12:19,$ 3223.2535,100
3441,10:12:19,$ 3223.59,100
3442,10:12:19,$ 3224.115,100
3443,10:12:13,$ 3224.58,100
3444,10:12:06,$ 3224.4595,300
3445,10:12:00,$ 3225.42,100
3446,10:11:52,$ 3226.02,100
3447,10:11:51,$ 3225.87,100
3448,10:11:47,$ 3224.94,100
3449,10:11:41,$ 3225.10,100
3450,10:11:36,$ 3225.13,100
3451,10:11:30,$ 3225.79,100
3452,10:11:29,$ 3226.47,100
3453,10:11:27,$ 3226.31,100
3454,10:11:26,$ 3225.50,100
3455,10:11:17,$ 3226.71,100
3457,10:11:14,$ 3226.115,100
3458,10:11:11,$ 3225.79,100
3459,10:10:53,$ 3225.85,100
3460,10:10:52,$ 3225.965,100
3461,10:10:52,$ 3225.38,100
3462,10:10:39,$ 3226.8475,105
3463,10:10:32,$ 3225.80,100
3464,10:10:31,$ 3226.09,100
3465,10:10:27,$ 3226.02,100
3466,10:10:07,$ 3227.02,100
3467,10:10:04,$ 3226.16,100
3468,10:10:04,$ 3227.00,952
3469,10:09:52,$ 3228.905,100
3470,10:09:52,$ 3227.82,100
3471,10:09:30,$ 3228.61,100
3472,10:09:29,$ 3227.81,100
3473,10:09:24,$ 3227.85,100
3474,10:09:24,$ 3228.00,282
3475,10:09:24,$ 3227.85,200
3476,10:09:23,$ 3228.655,100
3478,10:09:20,$ 3228.10,120
3479,10:09:20,$ 3228.10,158
3480,10:09:12,$ 3228.23,100
3481,10:08:47,$ 3229.82,100
3482,10:08:30,$ 3229.9952,190
3483,10:08:28,$ 3230.52,100
3484,10:08:16,$ 3230.015,100
3485,10:08:11,$ 3230.00,100
3486,10:07:59,$ 3230.70,100
3487,10:07:59,$ 3230.98,100
3488,10:07:59,$ 3231.00,100
3489,10:07:59,$ 3231.00,150
3490,10:07:59,$ 3230.98,115
3491,10:07:59,$ 3230.98,100
3492,10:07:59,$ 3231.00,100
3493,10:07:59,$ 3230.98,100
3494,10:07:54,$ 3230.44,100
3495,10:07:43,$ 3230.51,100
3496,10:07:37,$ 3230.00,100
3497,10:07:27,$ 3229.23,100
3499,10:07:23,$ 3229.365,100
3500,10:06:55,$ 3229.18,100
3501,10:06:54,$ 3229.995,100
3502,10:06:37,$ 3230.4116,461
3503,10:06:37,$ 3230.4116,122
3504,10:06:36,$ 3229.7434,500
3505,10:06:23,$ 3230.4525,100
3506,10:06:12,$ 3229.915,100
3507,10:06:12,$ 3230.636,508
3508,10:06:08,$ 3229.98,100
3509,10:06:00,$ 3230.84,100
3510,10:05:56,$ 3230.83,100
3511,10:05:56,$ 3230.21,100
3512,10:05:49,$ 3230.31,100
3513,10:05:49,$ 3230.08,100
3514,10:05:48,$ 3230.03,100
3515,10:05:41,$ 3229.26,100
3516,10:05:33,$ 3227.48,100
3517,10:05:32,$ 3228.745,276
3518,10:05:24,$ 3227.965,300
3520,10:05:23,$ 3227.985,100
3521,10:05:22,$ 3228.16,100
3522,10:05:22,$ 3228.11,100
3523,10:05:21,$ 3228.305,100
3524,10:05:21,$ 3228.175,100
3525,10:05:21,$ 3228.56,100
3526,10:05:13,$ 3228.455,100
3527,10:05:04,$ 3228.06,100
3528,10:05:04,$ 3228.10,100
3529,10:04:58,$ 3229.75,100
3530,10:04:58,$ 3230.64,100
3531,10:04:58,$ 3230.34,100
3532,10:04:54,$ 3230.20,100
3533,10:04:54,$ 3230.11,100
3534,10:04:53,$ 3230.0252,100
3535,10:04:51,$ 3230.00,795
3536,10:04:51,$ 3230.00,200
3537,10:04:51,$ 3230.00,100
3538,10:04:51,$ 3230.00,100
3539,10:04:51,$ 3230.00,255
3541,10:04:51,$ 3230.00,100
3542,10:04:50,$ 3230.02,100
3543,10:04:50,$ 3230.00,100
3544,10:04:50,$ 3230.01,400
3545,10:04:50,$ 3231.01,200
3546,10:04:50,$ 3231.00,150
3547,10:04:50,$ 3231.745,100
3548,10:04:48,$ 3231.01,100
3549,10:04:47,$ 3231.01,100
3550,10:04:46,$ 3232.02,100
3551,10:04:44,$ 3231.00,100
3552,10:04:39,$ 3232.58,100
3553,10:04:39,$ 3232.81,100
3554,10:04:39,$ 3232.26,100
3555,10:04:39,$ 3232.17,100
3556,10:04:19,$ 3232.32,100
3557,10:03:47,$ 3233.08,100
3558,10:03:36,$ 3232.77,100
3559,10:03:26,$ 3232.98,100
3560,10:03:26,$ 3232.71,100
3562,10:03:26,$ 3232.72,100
3563,10:03:26,$ 3232.72,100
3564,10:03:26,$ 3232.72,100
3565,10:03:24,$ 3233.255,100
3566,10:03:21,$ 3232.22,100
3567,10:03:06,$ 3231.75,200
3568,10:02:49,$ 3232.478,250
3569,10:02:43,$ 3232.27,100
3570,10:02:39,$ 3232.895,200
3571,10:02:37,$ 3233.385,100
3572,10:02:36,$ 3233.15,100
3573,10:02:34,$ 3233.2273,150
3574,10:02:33,$ 3232.88,100
3575,10:02:33,$ 3233.14,100
3576,10:02:33,$ 3233.30,100
3577,10:02:33,$ 3233.53,100
3578,10:02:25,$ 3234.48,150
3579,10:02:23,$ 3234.00,853
3580,10:02:23,$ 3235.30,100
3581,10:02:23,$ 3235.30,100
3583,10:02:23,$ 3235.73,100
3584,10:02:18,$ 3235.57,100
3585,10:02:18,$ 3235.30,100
3586,10:02:01,$ 3236.00,100
3587,10:02:01,$ 3236.00,200
3588,10:02:01,$ 3236.02,100
3589,10:01:45,$ 3236.00,100
3590,10:01:41,$ 3236.00,100
3591,10:01:33,$ 3236.40,100
3592,10:01:33,$ 3235.74,100
3593,10:01:26,$ 3237.9766,100
3594,10:01:23,$ 3236.39,100
3595,10:01:17,$ 3235.38,100
3596,10:01:17,$ 3235.43,100
3597,10:01:16,$ 3236.22,100
3598,10:01:12,$ 3236.235,100
3599,10:01:03,$ 3236.71,100
3600,10:01:01,$ 3239.11,100
3601,10:00:38,$ 3239.365,100
3602,10:00:28,$ 3238.32,100
3604,10:00:28,$ 3238.37,100
3605,10:00:13,$ 3239.09,100
3606,10:00:13,$ 3239.09,100
3607,10:00:13,$ 3237.655,100
3608,10:00:13,$ 3237.55,100
3609,10:00:13,$ 3238.80,300
3610,10:00:13,$ 3237.555,100
3611,10:00:13,$ 3238.49,100
3612,10:00:13,$ 3237.615,100
3613,10:00:12,$ 3237.77,100
3614,10:00:12,$ 3238.08,100
3615,10:00:12,$ 3237.62,300
3617,10:59:37,$ 3213.60,100
3618,10:59:28,$ 3213.23,100
3619,10:59:23,$ 3213.22,300
3620,10:59:15,$ 3213.4181,149
3621,10:59:15,$ 3213.29,100
3622,10:59:14,$ 3212.90,100
3623,10:59:09,$ 3213.3667,100
3624,10:59:09,$ 3213.3693,100
3625,10:59:09,$ 3213.51,100
3626,10:59:09,$ 3213.77,100
3627,10:59:08,$ 3213.205,146
3628,10:58:56,$ 3214.00,100
3629,10:58:56,$ 3214.00,100
3630,10:58:55,$ 3213.99,100
3631,10:58:41,$ 3213.305,200
3632,10:58:39,$ 3212.7437,200
3633,10:58:20,$ 3212.0083,100
3634,10:58:20,$ 3212.16,100
3635,10:57:51,$ 3211.51,100
3636,10:57:50,$ 3211.53,100
3638,10:57:40,$ 3211.5081,100
3639,10:57:40,$ 3211.40,100
3640,10:57:34,$ 3210.23,100
3641,10:57:33,$ 3210.03,100
3642,10:57:18,$ 3211.40,100
3643,10:57:18,$ 3212.18,100
3644,10:57:09,$ 3210.94,100
3645,10:57:09,$ 3210.82,100
3646,10:57:09,$ 3211.41,100
3647,10:57:05,$ 3211.665,"1,000"
3648,10:57:00,$ 3212.07,100
3649,10:56:57,$ 3211.32,"1,000"
3650,10:56:46,$ 3211.7787,115
3651,10:56:46,$ 3211.7787,492
3652,10:56:44,$ 3210.095,"1,000"
3653,10:56:43,$ 3211.0826,250
3654,10:56:33,$ 3209.06,100
3655,10:56:31,$ 3209.97,100
3656,10:56:31,$ 3210.02,100
3657,10:56:30,$ 3212.2763,"1,000"
3659,10:56:30,$ 3209.25,100
3660,10:56:30,$ 3209.25,100
3661,10:56:29,$ 3211.872,100
3662,10:56:28,$ 3211.12,"1,000"
3663,10:56:28,$ 3209.49,272
3664,10:56:27,$ 3210.00,100
3665,10:56:27,$ 3210.00,100
3666,10:56:27,$ 3210.00,300
3667,10:56:27,$ 3210.00,200
3668,10:56:25,$ 3210.50,932
3669,10:56:19,$ 3211.5884,"1,000"
3670,10:56:17,$ 3211.86,"1,000"
3671,10:55:45,$ 3211.67,100
3672,10:55:42,$ 3212.34,100
3673,10:55:42,$ 3212.34,396
3674,10:55:29,$ 3212.8101,191
3675,10:55:26,$ 3213.50,100
3676,10:55:24,$ 3212.40,100
3677,10:55:23,$ 3213.85,100
3678,10:55:09,$ 3213.4371,114
3680,10:55:09,$ 3213.4371,136
3681,10:55:02,$ 3213.94,100
3682,10:54:34,$ 3212.56,100
3683,10:54:34,$ 3212.54,100
3684,10:54:24,$ 3212.67,100
3685,10:54:24,$ 3212.58,"1,093"
3686,10:54:16,$ 3212.59,100
3687,10:54:01,$ 3213.09,140
3688,10:53:54,$ 3213.7296,250
3689,10:53:50,$ 3212.22,100
3690,10:53:18,$ 3212.00,100
3691,10:53:14,$ 3212.62,100
3692,10:53:14,$ 3212.57,430
3693,10:53:13,$ 3213.84,600
3694,10:53:13,$ 3213.00,201
3695,10:53:13,$ 3213.00,301
3696,10:53:02,$ 3214.50,100
3697,10:53:02,$ 3214.50,100
3698,10:53:02,$ 3214.58,100
3699,10:53:02,$ 3214.55,100
3701,10:52:47,$ 3214.51,100
3702,10:52:44,$ 3215.01,200
3703,10:52:42,$ 3215.09,100
3704,10:52:42,$ 3215.10,100
3705,10:52:03,$ 3214.72,100
3706,10:51:36,$ 3213.45,150
3707,10:51:36,$ 3213.39,200
3708,10:51:36,$ 3214.02,100
3709,10:51:27,$ 3213.21,100
3710,10:51:27,$ 3213.22,200
3711,10:51:27,$ 3213.22,100
3712,10:51:27,$ 3213.22,200
3713,10:51:23,$ 3214.59,100
3714,10:51:23,$ 3214.555,100
3715,10:51:14,$ 3215.01,100
3716,10:51:13,$ 3215.14,100
3717,10:51:08,$ 3215.00,900
3718,10:51:08,$ 3215.05,100
3719,10:51:04,$ 3216.4193,375
3720,10:51:04,$ 3215.895,100
3722,10:51:03,$ 3215.45,100
3723,10:51:00,$ 3216.88,100
3724,10:50:59,$ 3216.88,100
3725,10:50:47,$ 3216.90,100
3726,10:50:32,$ 3217.11,100
3727,10:50:32,$ 3217.12,100
3728,10:50:32,$ 3217.12,100
3729,10:50:32,$ 3217.15,100
3730,10:50:32,$ 3217.34,100
3731,10:50:32,$ 3217.67,100
3732,10:50:23,$ 3218.89,100
3733,10:50:19,$ 3218.53,100
3734,10:49:50,$ 3220.105,100
3735,10:48:52,$ 3219.89,100
3736,10:48:52,$ 3219.74,100
3737,10:48:52,$ 3219.74,"4,900"
3738,10:48:52,$ 3218.27,100
3739,10:48:52,$ 3218.29,100
3740,10:48:52,$ 3218.29,100
3741,10:48:50,$ 3217.65,100
3743,10:48:46,$ 3217.65,100
3744,10:48:44,$ 3219.35,100
3745,10:48:23,$ 3218.53,100
3746,10:47:40,$ 3217.61,100
3747,10:47:31,$ 3219.79,100
3748,10:47:31,$ 3219.53,100
3749,10:47:24,$ 3218.52,100
3750,10:47:23,$ 3219.725,100
3751,10:47:20,$ 3218.465,100
3752,10:47:15,$ 3218.39,100
3753,10:47:15,$ 3218.40,100
3754,10:46:31,$ 3216.745,400
3755,10:46:23,$ 3215.06,100
3756,10:46:23,$ 3215.075,100
3757,10:46:23,$ 3215.15,100
3758,10:46:19,$ 3216.36,100
3759,10:46:08,$ 3216.53,132
3760,10:46:08,$ 3216.13,179
3761,10:46:08,$ 3216.24,100
3762,10:46:00,$ 3219.10,100
3764,10:45:33,$ 3218.41,100
3765,10:45:01,$ 3219.05,100
3766,10:44:51,$ 3220.01,100
3767,10:44:51,$ 3220.15,100
3768,10:44:40,$ 3221.00,100
3769,10:44:20,$ 3222.20,200
3770,10:44:20,$ 3221.93,100
3771,10:44:08,$ 3223.63,100
3772,10:44:08,$ 3223.54,100
3773,10:43:50,$ 3223.84,100
3774,10:43:50,$ 3223.91,100
3775,10:43:43,$ 3223.63,341
3776,10:42:57,$ 3222.29,100
3777,10:42:06,$ 3222.2501,100
3778,10:42:04,$ 3222.54,100
3779,10:42:01,$ 3222.93,100
3780,10:40:53,$ 3222.86,100
3781,10:40:53,$ 3222.865,209
3782,10:40:25,$ 3222.57,100
3783,10:40:22,$ 3222.885,120
3785,10:40:16,$ 3222.27,100
3786,10:40:07,$ 3221.00,290
3787,10:40:02,$ 3220.63,100
3788,10:39:38,$ 3220.18,100
3789,10:39:31,$ 3220.7062,800
3790,10:39:30,$ 3220.5663,100
3791,10:39:28,$ 3221.0453,500
3792,10:39:27,$ 3221.565,100
3793,10:39:21,$ 3221.26,100
3794,10:39:05,$ 3222.127,310
3795,10:39:00,$ 3222.43,"1,000"
3796,10:38:57,$ 3222.7367,"1,000"
3797,10:38:55,$ 3223.605,100
3798,10:38:17,$ 3222.45,100
3799,10:38:13,$ 3222.05,300
3800,10:38:12,$ 3224.04,100
3801,10:38:11,$ 3224.0178,176
3802,10:38:11,$ 3224.01,100
3803,10:38:11,$ 3224.83,100
3804,10:38:11,$ 3224.83,100
3806,10:38:11,$ 3225.10,100
3807,10:38:11,$ 3224.60,100
3808,10:38:09,$ 3225.00,100
3809,10:38:05,$ 3224.03,100
3810,10:38:02,$ 3224.67,100
3811,10:38:02,$ 3224.67,100
3812,10:37:53,$ 3225.52,100
3813,10:37:47,$ 3224.44,100
3814,10:37:28,$ 3225.81,100
3815,10:37:12,$ 3224.991,125
3816,10:37:04,$ 3227.00,100
3817,10:37:04,$ 3227.085,100
3818,10:37:04,$ 3227.00,100
3819,10:37:00,$ 3226.70,100
3820,10:36:53,$ 3226.22,100
3821,10:36:51,$ 3227.00,100
3822,10:36:48,$ 3227.00,100
3823,10:36:48,$ 3226.22,108
3824,10:36:39,$ 3225.90,100
3825,10:36:37,$ 3226.43,100
3827,10:36:36,$ 3225.795,100
3828,10:36:36,$ 3226.3476,150
3829,10:36:35,$ 3225.2574,100
3830,10:36:18,$ 3226.41,100
3831,10:36:06,$ 3225.92,100
3832,10:36:01,$ 3225.37,200
3833,10:35:55,$ 3226.07,100
3834,10:35:52,$ 3226.68,100
3835,10:35:51,$ 3225.91,100
3836,10:35:43,$ 3226.89,100
3837,10:35:34,$ 3226.05,100
3838,10:35:34,$ 3225.91,100
3839,10:35:34,$ 3225.91,215
3840,10:35:18,$ 3226.715,"1,000"
3841,10:35:16,$ 3226.5773,"1,000"
3842,10:35:02,$ 3225.39,100
3843,10:35:01,$ 3226.0277,150
3844,10:34:57,$ 3225.64,"1,000"
3845,10:34:37,$ 3225.92,100
3846,10:34:35,$ 3225.505,120
3848,10:34:33,$ 3225.495,100
3849,10:34:33,$ 3225.03,100
3850,10:34:28,$ 3225.5047,300
3851,10:34:24,$ 3225.04,100
3852,10:34:23,$ 3225.85,100
3853,10:34:20,$ 3225.03,100
3854,10:34:04,$ 3225.04,100
3855,10:34:04,$ 3225.04,100
3856,10:34:04,$ 3225.515,100
3857,10:34:01,$ 3225.3867,100
3858,10:33:58,$ 3225.9093,190
3859,10:33:58,$ 3226.1697,164
3860,10:33:56,$ 3225.65,100
3861,10:33:54,$ 3225.61,100
3862,10:33:33,$ 3224.2989,500
3863,10:33:31,$ 3224.155,500
3864,10:33:24,$ 3223.4625,100
3865,10:33:24,$ 3223.79,100
3866,10:33:18,$ 3224.19,100
3867,10:33:16,$ 3224.007,100
3869,10:33:16,$ 3224.25,100
3870,10:33:14,$ 3223.25,100
3871,10:33:11,$ 3222.11,100
3872,10:33:09,$ 3223.22,100
3873,10:33:09,$ 3223.24,100
3874,10:33:09,$ 3223.23,100
3875,10:33:01,$ 3223.23,100
3876,10:32:57,$ 3223.86,100
3877,10:32:57,$ 3224.00,900
3878,10:32:57,$ 3224.00,100
3879,10:32:48,$ 3224.62,"1,000"
3880,10:32:47,$ 3225.1017,"1,000"
3881,10:32:40,$ 3224.60,100
3882,10:32:39,$ 3225.42,100
3883,10:32:22,$ 3225.32,100
3884,10:32:22,$ 3225.92,100
3885,10:32:09,$ 3225.56,100
3886,10:32:08,$ 3224.425,700
3887,10:32:07,$ 3225.826,164
3888,10:32:07,$ 3225.8101,763
3890,10:31:59,$ 3225.53,169
3891,10:31:59,$ 3226.115,500
3892,10:31:59,$ 3225.5301,169
3893,10:31:46,$ 3224.8901,200
3894,10:31:45,$ 3226.7809,150
3895,10:31:38,$ 3226.50,100
3896,10:31:29,$ 3227.115,100
3897,10:31:29,$ 3227.115,100
3898,10:31:27,$ 3226.76,100
3899,10:31:19,$ 3227.00,900
3900,10:31:16,$ 3227.08,100
3901,10:31:15,$ 3226.95,100
3902,10:31:14,$ 3227.50,100
3903,10:31:12,$ 3227.00,100
3904,10:31:11,$ 3227.00,100
3905,10:31:11,$ 3227.00,100
3906,10:31:11,$ 3227.00,100
3907,10:31:10,$ 3227.00,100
3908,10:31:08,$ 3227.00,100
3909,10:31:08,$ 3226.81,100
3911,10:31:05,$ 3227.00,100
3912,10:31:04,$ 3226.66,100
3913,10:31:04,$ 3226.625,100
3914,10:31:03,$ 3227.00,100
