,NLS Time (ET),NLS Price,NLS Share Volume
1,09:59:59,$ 3456.00,100
2,09:59:55,$ 3456.42,100
3,09:59:53,$ 3455.97,150
4,09:59:51,$ 3455.90,150
5,09:59:49,$ 3455.50,100
6,09:59:36,$ 3455.00,100
7,09:59:36,$ 3455.00,138
8,09:59:34,$ 3455.00,100
9,09:59:27,$ 3454.49,147
10,09:59:27,$ 3454.49,185
11,09:59:27,$ 3454.48,100
12,09:59:26,$ 3455.75,200
13,09:59:26,$ 3454.20,492
14,09:59:25,$ 3454.10,150
15,09:59:03,$ 3454.92,100
16,09:59:03,$ 3455.07,100
17,09:58:55,$ 3456.98,100
18,09:58:54,$ 3455.50,123
19,09:58:54,$ 3455.50,155
20,09:58:48,$ 3453.01,100
22,09:58:35,$ 3454.00,100
23,09:58:35,$ 3456.10,100
24,09:58:34,$ 3455.00,168
25,09:58:34,$ 3455.00,108
26,09:58:34,$ 3455.00,198
27,09:58:27,$ 3453.79,100
28,09:58:19,$ 3454.495,100
29,09:58:15,$ 3454.50,100
30,09:58:13,$ 3454.78,100
31,09:58:13,$ 3454.78,100
32,09:58:10,$ 3456.45,100
33,09:58:10,$ 3456.375,100
34,09:58:10,$ 3456.395,100
35,09:58:10,$ 3456.44,100
36,09:58:10,$ 3457.175,100
37,09:58:00,$ 3457.17,100
38,09:57:57,$ 3457.6284,300
39,09:57:39,$ 3455.03,100
40,09:57:27,$ 3454.20,100
41,09:57:27,$ 3454.605,100
43,09:57:26,$ 3455.24,100
44,09:57:22,$ 3455.55,100
45,09:57:20,$ 3455.55,100
46,09:57:20,$ 3455.55,100
47,09:57:18,$ 3457.39,100
48,09:57:15,$ 3456.70,100
49,09:57:15,$ 3456.71,100
50,09:57:07,$ 3455.80,100
51,09:57:05,$ 3455.5628,300
52,09:57:03,$ 3456.72,100
53,09:57:03,$ 3456.70,100
54,09:57:03,$ 3456.685,100
55,09:57:03,$ 3456.77,100
56,09:56:54,$ 3455.75,131
57,09:56:54,$ 3455.75,100
58,09:56:54,$ 3455.75,329
59,09:56:54,$ 3456.255,100
60,09:56:54,$ 3455.7501,100
61,09:56:54,$ 3456.87,159
62,09:56:44,$ 3456.68,100
64,09:56:43,$ 3455.75,100
65,09:56:40,$ 3454.045,100
66,09:56:37,$ 3453.09,200
67,09:56:36,$ 3454.89,150
68,09:56:33,$ 3454.02,200
69,09:56:32,$ 3454.95,100
70,09:56:27,$ 3453.0401,100
71,09:56:26,$ 3453.65,200
72,09:56:26,$ 3452.91,200
73,09:56:26,$ 3453.04,200
74,09:56:26,$ 3453.00,100
75,09:56:23,$ 3451.06,100
76,09:56:20,$ 3451.06,100
77,09:56:19,$ 3451.93,100
78,09:56:19,$ 3451.93,100
79,09:56:18,$ 3451.11,100
80,09:56:18,$ 3451.50,100
81,09:56:06,$ 3450.37,100
82,09:56:06,$ 3450.71,100
83,09:56:06,$ 3449.77,330
85,09:56:05,$ 3449.26,100
86,09:56:05,$ 3449.26,100
87,09:56:05,$ 3449.26,100
88,09:55:59,$ 3449.26,100
89,09:55:59,$ 3449.26,100
90,09:55:45,$ 3449.26,100
91,09:55:42,$ 3448.95,100
92,09:55:35,$ 3448.5793,500
93,09:55:28,$ 3447.865,100
94,09:55:28,$ 3448.34,100
95,09:55:24,$ 3448.19,100
96,09:55:24,$ 3448.24,100
97,09:55:21,$ 3446.823,403
98,09:55:18,$ 3446.59,100
99,09:55:18,$ 3446.61,100
100,09:55:18,$ 3446.66,100
101,09:55:14,$ 3446.1432,100
102,09:54:59,$ 3447.93,100
103,09:54:56,$ 3448.3535,100
104,09:54:51,$ 3447.48,100
106,09:54:51,$ 3447.35,166
107,09:54:51,$ 3447.35,100
108,09:54:43,$ 3447.01,100
109,09:54:34,$ 3448.2376,349
110,09:54:32,$ 3447.71,100
111,09:54:32,$ 3447.10,100
112,09:54:32,$ 3448.40,100
113,09:54:32,$ 3447.755,100
114,09:54:26,$ 3447.875,100
115,09:54:19,$ 3449.40,100
116,09:54:11,$ 3449.82,100
117,09:54:09,$ 3449.74,200
118,09:54:09,$ 3450.66,100
119,09:54:09,$ 3450.00,100
120,09:54:09,$ 3450.66,100
121,09:54:09,$ 3450.33,100
122,09:53:51,$ 3451.60,100
123,09:53:50,$ 3453.75,100
124,09:53:49,$ 3452.4201,100
125,09:53:30,$ 3453.40,100
127,09:53:26,$ 3454.32,100
128,09:53:23,$ 3454.06,100
129,09:53:18,$ 3453.2839,100
130,09:53:13,$ 3454.59,100
131,09:53:09,$ 3454.69,100
132,09:53:06,$ 3454.69,100
133,09:53:04,$ 3454.679,400
134,09:53:03,$ 3453.79,100
135,09:53:03,$ 3453.88,100
136,09:52:56,$ 3453.75,100
137,09:52:47,$ 3454.905,100
138,09:52:43,$ 3455.5286,300
139,09:52:32,$ 3455.75,100
140,09:52:27,$ 3455.86,100
141,09:51:59,$ 3456.35,100
142,09:51:25,$ 3454.10,100
143,09:51:13,$ 3455.34,100
144,09:51:13,$ 3455.33,100
145,09:51:13,$ 3455.33,100
146,09:51:09,$ 3455.33,100
148,09:51:09,$ 3456.4187,100
149,09:51:07,$ 3457.06,100
150,09:51:02,$ 3454.18,100
151,09:51:02,$ 3454.23,100
152,09:50:45,$ 3454.09,100
153,09:50:43,$ 3453.63,100
154,09:50:39,$ 3453.5046,100
155,09:50:25,$ 3452.50,100
156,09:50:25,$ 3452.98,100
157,09:50:20,$ 3452.02,350
158,09:50:10,$ 3453.00,100
159,09:50:05,$ 3453.6201,100
160,09:50:02,$ 3454.9826,100
161,09:49:53,$ 3455.65,100
162,09:49:53,$ 3455.89,100
163,09:49:46,$ 3457.115,100
164,09:49:43,$ 3457.735,200
165,09:49:34,$ 3457.915,100
166,09:49:34,$ 3457.915,100
167,09:49:26,$ 3457.94,100
169,09:49:21,$ 3457.38,200
170,09:49:21,$ 3457.39,100
171,09:49:19,$ 3456.145,100
172,09:49:04,$ 3455.85,100
173,09:49:04,$ 3455.85,100
174,09:49:04,$ 3455.85,100
175,09:49:04,$ 3455.82,100
176,09:49:04,$ 3455.60,100
177,09:48:42,$ 3454.96,100
178,09:48:41,$ 3453.89,100
179,09:48:40,$ 3453.88,100
180,09:48:35,$ 3453.885,488
181,09:48:20,$ 3453.73,100
182,09:48:10,$ 3453.71,100
183,09:48:10,$ 3454.54,100
184,09:48:10,$ 3453.086,250
185,09:48:04,$ 3452.805,100
186,09:48:02,$ 3452.21,100
187,09:48:00,$ 3451.4611,376
188,09:47:54,$ 3451.54,100
190,09:47:51,$ 3451.33,100
191,09:47:47,$ 3451.00,100
192,09:47:42,$ 3449.2401,100
193,09:47:40,$ 3450.12,100
194,09:47:40,$ 3449.30,100
195,09:47:28,$ 3449.18,100
196,09:47:22,$ 3447.73,600
197,09:47:21,$ 3448.135,300
198,09:47:21,$ 3449.23,100
199,09:47:21,$ 3449.07,116
200,09:47:17,$ 3447.91,100
201,09:47:17,$ 3447.91,300
202,09:47:14,$ 3447.56,200
203,09:47:14,$ 3447.56,200
204,09:47:12,$ 3447.56,200
205,09:47:12,$ 3447.56,200
206,09:47:12,$ 3448.15,100
207,09:47:11,$ 3448.15,200
208,09:47:11,$ 3448.15,115
209,09:47:07,$ 3448.15,100
211,09:47:07,$ 3448.15,100
212,09:47:04,$ 3448.425,100
213,09:47:04,$ 3448.1106,"1,000"
214,09:47:03,$ 3448.315,200
215,09:47:01,$ 3448.86,100
216,09:47:00,$ 3449.03,115
217,09:47:00,$ 3449.03,116
218,09:47:00,$ 3449.03,116
219,09:47:00,$ 3449.03,100
220,09:47:00,$ 3448.54,100
221,09:46:58,$ 3448.53,100
222,09:46:57,$ 3448.25,100
223,09:46:52,$ 3447.92,100
224,09:46:47,$ 3446.75,100
225,09:46:47,$ 3447.24,500
226,09:46:46,$ 3447.84,100
227,09:46:46,$ 3448.07,100
228,09:46:46,$ 3448.87,100
229,09:46:46,$ 3448.18,"1,000"
230,09:46:46,$ 3448.17,100
232,09:46:43,$ 3449.3687,100
233,09:46:35,$ 3449.7199,200
234,09:46:34,$ 3448.11,100
235,09:46:34,$ 3448.92,100
236,09:46:27,$ 3448.64,100
237,09:46:25,$ 3449.79,100
238,09:46:19,$ 3450.00,890
239,09:46:19,$ 3449.415,100
240,09:46:15,$ 3449.60,100
241,09:46:13,$ 3449.1107,100
242,09:46:03,$ 3448.58,100
243,09:46:03,$ 3449.99,100
244,09:46:03,$ 3449.77,100
245,09:46:03,$ 3448.90,100
246,09:46:03,$ 3449.00,116
247,09:46:03,$ 3449.00,115
248,09:46:03,$ 3449.115,100
249,09:46:02,$ 3450.00,100
250,09:46:02,$ 3450.00,100
251,09:46:02,$ 3450.00,100
253,09:46:02,$ 3450.00,100
254,09:46:02,$ 3450.00,200
255,09:46:02,$ 3450.94,100
256,09:46:02,$ 3451.00,100
257,09:46:00,$ 3453.11,100
258,09:45:59,$ 3451.105,100
259,09:45:54,$ 3452.165,100
260,09:45:53,$ 3453.33,100
261,09:45:53,$ 3453.33,100
262,09:45:53,$ 3453.33,100
263,09:45:53,$ 3452.60,100
264,09:45:53,$ 3452.40,100
265,09:45:53,$ 3451.11,100
266,09:45:51,$ 3452.34,100
267,09:45:50,$ 3453.50,100
268,09:45:41,$ 3454.6728,342
269,09:45:22,$ 3454.00,100
270,09:45:22,$ 3454.05,100
271,09:45:22,$ 3454.06,100
272,09:45:22,$ 3454.00,300
274,09:45:22,$ 3454.00,100
275,09:45:18,$ 3454.55,100
276,09:45:07,$ 3455.57,100
277,09:45:07,$ 3455.87,100
278,09:45:04,$ 3457.335,100
279,09:45:04,$ 3456.48,100
280,09:45:04,$ 3456.43,200
281,09:45:04,$ 3457.3538,721
282,09:45:02,$ 3458.80,205
283,09:45:02,$ 3458.31,100
284,09:45:00,$ 3456.585,100
285,09:45:00,$ 3456.87,100
286,09:44:58,$ 3455.30,100
287,09:44:58,$ 3456.88,100
288,09:44:58,$ 3455.20,100
289,09:44:58,$ 3454.84,100
290,09:44:56,$ 3455.855,310
291,09:44:50,$ 3456.10,100
292,09:44:46,$ 3454.55,100
293,09:44:46,$ 3454.48,100
295,09:44:46,$ 3454.60,100
296,09:44:45,$ 3455.405,100
297,09:44:26,$ 3457.53,100
298,09:44:22,$ 3456.71,100
299,09:44:17,$ 3456.60,100
300,09:44:11,$ 3456.00,100
301,09:44:10,$ 3454.85,200
302,09:44:10,$ 3455.68,100
303,09:44:05,$ 3455.03,100
304,09:43:58,$ 3454.78,100
305,09:43:58,$ 3455.00,100
306,09:43:53,$ 3455.69,100
307,09:43:50,$ 3453.485,100
308,09:43:41,$ 3453.475,140
309,09:43:40,$ 3453.21,348
310,09:43:37,$ 3453.56,100
311,09:43:37,$ 3454.09,100
312,09:43:37,$ 3454.10,100
313,09:43:37,$ 3454.15,100
314,09:43:33,$ 3452.23,100
316,09:43:33,$ 3453.4688,949
317,09:43:32,$ 3453.01,220
318,09:43:31,$ 3452.15,100
319,09:43:31,$ 3453.45,100
320,09:43:31,$ 3452.00,100
321,09:43:30,$ 3452.08,100
322,09:43:30,$ 3452.085,100
323,09:43:23,$ 3453.10,100
324,09:43:23,$ 3453.135,100
325,09:43:22,$ 3453.65,100
326,09:43:18,$ 3453.50,100
327,09:43:17,$ 3454.30,100
328,09:43:16,$ 3453.22,100
329,09:43:16,$ 3453.38,100
330,09:43:16,$ 3453.225,100
331,09:43:14,$ 3453.47,100
332,09:43:13,$ 3453.37,100
333,09:43:13,$ 3453.38,500
334,09:43:11,$ 3454.03,100
335,09:43:11,$ 3453.51,100
337,09:43:11,$ 3453.51,100
338,09:43:11,$ 3454.02,100
339,09:43:09,$ 3454.06,100
340,09:43:05,$ 3455.875,100
341,09:43:03,$ 3455.285,100
342,09:43:01,$ 3456.47,100
343,09:43:00,$ 3455.76,500
344,09:42:49,$ 3455.39,100
345,09:42:48,$ 3455.00,100
346,09:42:48,$ 3455.00,100
347,09:42:40,$ 3455.81,100
348,09:42:38,$ 3456.50,100
349,09:42:35,$ 3456.44,100
350,09:42:35,$ 3455.80,200
351,09:42:35,$ 3456.0001,100
352,09:42:35,$ 3456.0004,100
353,09:42:35,$ 3456.1848,102
354,09:42:26,$ 3456.12,100
355,09:42:17,$ 3457.58,679
356,09:42:17,$ 3457.49,100
358,09:42:17,$ 3457.56,100
359,09:42:17,$ 3457.56,100
360,09:42:16,$ 3456.12,100
361,09:42:15,$ 3456.20,100
362,09:42:15,$ 3456.90,100
363,09:42:15,$ 3456.90,100
364,09:42:15,$ 3456.90,100
365,09:42:15,$ 3456.90,100
366,09:42:15,$ 3456.925,100
367,09:42:15,$ 3456.90,100
368,09:42:15,$ 3457.34,100
369,09:42:15,$ 3456.91,100
370,09:42:07,$ 3459.78,100
371,09:42:03,$ 3459.27,100
372,09:41:53,$ 3460.02,100
373,09:41:40,$ 3459.00,100
374,09:41:40,$ 3460.00,100
375,09:41:36,$ 3459.99,100
376,09:41:27,$ 3462.28,100
377,09:41:27,$ 3461.5054,500
379,09:41:16,$ 3461.13,100
380,09:41:16,$ 3460.00,200
381,09:41:05,$ 3459.50,113
382,09:41:02,$ 3461.29,100
383,09:41:00,$ 3460.3523,100
384,09:40:55,$ 3461.07,100
385,09:40:52,$ 3461.74,100
386,09:40:52,$ 3462.21,100
387,09:40:44,$ 3460.01,100
388,09:40:44,$ 3460.00,106
389,09:40:44,$ 3460.10,100
390,09:40:44,$ 3460.00,100
391,09:40:44,$ 3460.12,100
392,09:40:44,$ 3460.00,100
393,09:40:42,$ 3462.245,100
394,09:40:41,$ 3460.00,100
395,09:40:41,$ 3460.35,100
396,09:40:40,$ 3460.35,100
397,09:40:40,$ 3460.018,100
398,09:40:40,$ 3460.34,100
400,09:40:39,$ 3461.20,100
401,09:40:38,$ 3461.4191,100
402,09:40:37,$ 3462.5401,150
403,09:40:37,$ 3462.79,100
404,09:40:37,$ 3462.54,120
405,09:40:36,$ 3463.4565,200
406,09:40:36,$ 3463.15,100
407,09:40:29,$ 3463.965,200
408,09:40:28,$ 3463.84,150
409,09:40:17,$ 3463.33,500
410,09:40:13,$ 3464.72,100
411,09:40:13,$ 3464.72,100
412,09:40:13,$ 3464.80,100
413,09:40:12,$ 3464.295,100
414,09:40:06,$ 3462.56,100
415,09:40:06,$ 3462.90,100
416,09:39:59,$ 3463.89,100
417,09:39:58,$ 3465.00,100
418,09:39:55,$ 3465.195,100
419,09:39:55,$ 3465.01,100
421,09:39:55,$ 3466.53,100
422,09:39:55,$ 3466.73,100
423,09:39:50,$ 3468.265,100
424,09:39:45,$ 3467.72,100
425,09:39:37,$ 3467.575,100
426,09:39:27,$ 3469.61,100
427,09:39:24,$ 3469.61,100
428,09:39:24,$ 3469.83,100
429,09:39:18,$ 3470.05,100
430,09:39:16,$ 3471.8788,570
431,09:39:16,$ 3471.8788,145
432,09:39:14,$ 3470.86,100
433,09:39:13,$ 3471.09,100
434,09:39:08,$ 3472.80,100
435,09:39:08,$ 3472.60,100
436,09:39:08,$ 3472.42,100
437,09:39:06,$ 3471.805,200
438,09:38:58,$ 3471.63,100
439,09:38:52,$ 3470.00,100
440,09:38:47,$ 3470.2175,100
442,09:38:43,$ 3470.00,100
443,09:38:43,$ 3470.00,100
444,09:38:41,$ 3471.095,200
445,09:38:41,$ 3470.49,100
446,09:38:39,$ 3471.155,100
447,09:38:38,$ 3470.0001,110
448,09:38:32,$ 3470.40,100
449,09:38:32,$ 3472.37,100
450,09:38:32,$ 3472.42,100
451,09:38:32,$ 3472.39,100
452,09:38:26,$ 3472.47,100
453,09:38:18,$ 3473.01,100
454,09:38:04,$ 3473.13,100
455,09:37:59,$ 3473.35,100
456,09:37:56,$ 3473.19,100
457,09:37:56,$ 3473.10,100
458,09:37:56,$ 3473.10,100
459,09:37:56,$ 3473.50,396
460,09:37:55,$ 3473.69,100
461,09:37:53,$ 3473.53,100
463,09:37:50,$ 3473.32,100
464,09:37:50,$ 3473.32,100
465,09:37:50,$ 3473.18,100
466,09:37:49,$ 3473.15,208
467,09:37:49,$ 3473.00,175
468,09:37:41,$ 3473.74,100
469,09:37:40,$ 3473.7209,100
470,09:37:39,$ 3473.39,100
471,09:37:39,$ 3474.00,100
472,09:37:39,$ 3474.00,100
473,09:37:36,$ 3474.95,100
474,09:37:28,$ 3474.95,100
475,09:37:23,$ 3475.98,100
476,09:37:23,$ 3475.98,260
477,09:37:23,$ 3475.99,100
478,09:37:13,$ 3475.025,100
479,09:37:09,$ 3474.75,100
480,09:37:04,$ 3474.99,100
481,09:37:03,$ 3476.62,100
482,09:37:02,$ 3475.81,100
484,09:37:02,$ 3475.00,100
485,09:37:02,$ 3475.00,115
486,09:36:58,$ 3475.00,100
487,09:36:45,$ 3474.63,100
488,09:36:38,$ 3473.835,100
489,09:36:30,$ 3474.08,100
490,09:36:24,$ 3475.69,100
491,09:36:24,$ 3475.89,100
492,09:36:21,$ 3476.835,100
493,09:36:19,$ 3477.12,100
494,09:36:19,$ 3477.14,100
495,09:36:19,$ 3475.75,100
496,09:36:16,$ 3474.5288,200
497,09:36:09,$ 3475.25,100
498,09:36:08,$ 3475.25,100
499,09:36:06,$ 3474.32,100
500,09:36:06,$ 3474.32,100
501,09:36:06,$ 3474.32,100
502,09:36:02,$ 3475.77,100
503,09:36:02,$ 3475.17,100
505,09:36:02,$ 3475.17,100
506,09:36:02,$ 3475.00,200
507,09:36:02,$ 3474.70,100
508,09:36:02,$ 3474.25,100
509,09:35:59,$ 3473.59,100
510,09:35:45,$ 3474.16,100
511,09:35:45,$ 3474.16,100
512,09:35:45,$ 3472.75,100
513,09:35:45,$ 3473.81,100
514,09:35:45,$ 3473.00,100
515,09:35:45,$ 3473.72,100
516,09:35:45,$ 3473.55,100
517,09:35:44,$ 3470.15,100
518,09:35:44,$ 3470.15,100
519,09:35:44,$ 3472.47,100
520,09:35:44,$ 3473.515,400
521,09:35:44,$ 3473.20,100
522,09:35:44,$ 3474.00,100
523,09:35:44,$ 3472.715,100
524,09:35:44,$ 3471.41,100
526,09:35:44,$ 3471.41,100
527,09:35:44,$ 3471.41,100
528,09:35:44,$ 3471.325,100
529,09:35:44,$ 3471.41,100
530,09:35:44,$ 3471.325,100
531,09:35:44,$ 3472.75,100
532,09:35:44,$ 3471.325,400
533,09:35:44,$ 3472.75,100
534,09:35:44,$ 3472.595,100
535,09:35:43,$ 3472.13,120
536,09:35:43,$ 3472.20,100
537,09:35:30,$ 3471.30,100
538,09:35:29,$ 3470.295,100
539,09:35:29,$ 3469.7097,100
540,09:35:21,$ 3469.8272,150
541,09:35:09,$ 3472.76,100
542,09:35:09,$ 3472.94,100
543,09:35:09,$ 3473.44,100
544,09:35:07,$ 3473.54,100
545,09:35:00,$ 3471.815,100
547,09:35:00,$ 3470.7901,100
548,09:35:00,$ 3471.98,100
549,09:34:59,$ 3470.86,200
550,09:34:59,$ 3470.78,100
551,09:34:59,$ 3470.00,100
552,09:34:55,$ 3468.98,100
553,09:34:52,$ 3468.05,100
554,09:34:52,$ 3468.05,100
555,09:34:50,$ 3468.05,200
556,09:34:50,$ 3468.05,100
557,09:34:47,$ 3468.425,200
558,09:34:46,$ 3469.035,200
559,09:34:45,$ 3469.33,100
560,09:34:44,$ 3469.02,100
561,09:34:36,$ 3467.14,100
562,09:34:36,$ 3467.445,100
563,09:34:36,$ 3467.1101,100
564,09:34:33,$ 3470.00,100
565,09:34:33,$ 3470.14,100
566,09:34:33,$ 3470.00,100
568,09:34:33,$ 3470.14,100
569,09:34:33,$ 3470.52,100
570,09:34:33,$ 3470.52,100
571,09:34:28,$ 3471.11,200
572,09:34:27,$ 3471.10,100
573,09:34:27,$ 3472.08,100
574,09:34:27,$ 3472.08,100
575,09:34:27,$ 3471.32,100
576,09:34:18,$ 3470.265,100
577,09:34:18,$ 3470.245,100
578,09:34:17,$ 3472.40,138
579,09:34:16,$ 3471.36,100
580,09:34:16,$ 3471.35,100
581,09:34:07,$ 3473.655,300
582,09:34:06,$ 3472.80,100
583,09:34:06,$ 3472.82,100
584,09:34:05,$ 3473.5975,100
585,09:33:58,$ 3473.00,100
586,09:33:58,$ 3473.00,100
587,09:33:55,$ 3472.48,100
589,09:33:53,$ 3472.48,100
590,09:33:52,$ 3472.28,100
591,09:33:52,$ 3472.28,100
592,09:33:52,$ 3473.62,100
593,09:33:52,$ 3472.54,100
594,09:33:52,$ 3472.66,100
595,09:33:52,$ 3472.72,100
596,09:33:52,$ 3472.65,100
597,09:33:52,$ 3472.30,100
598,09:33:49,$ 3474.91,100
599,09:33:46,$ 3472.60,100
600,09:33:45,$ 3473.56,100
601,09:33:44,$ 3473.815,100
602,09:33:43,$ 3473.54,100
603,09:33:43,$ 3475.65,100
604,09:33:43,$ 3474.25,100
605,09:33:43,$ 3474.25,100
606,09:33:43,$ 3473.20,100
607,09:33:43,$ 3473.06,100
608,09:33:43,$ 3473.06,100
610,09:33:43,$ 3473.22,100
611,09:33:43,$ 3473.32,100
612,09:33:43,$ 3473.745,100
613,09:33:42,$ 3471.20,100
614,09:33:42,$ 3471.46,100
615,09:33:41,$ 3473.23,100
616,09:33:41,$ 3473.23,100
617,09:33:41,$ 3473.32,100
618,09:33:39,$ 3470.60,100
619,09:33:39,$ 3473.61,100
620,09:33:39,$ 3473.00,221
621,09:33:37,$ 3474.6767,200
622,09:33:37,$ 3474.33,100
623,09:33:37,$ 3473.66,100
624,09:33:37,$ 3474.33,100
625,09:33:36,$ 3475.63,100
626,09:33:35,$ 3475.77,100
627,09:33:34,$ 3473.6601,100
628,09:33:34,$ 3474.82,100
629,09:33:33,$ 3472.92,100
631,09:33:33,$ 3474.12,100
632,09:33:33,$ 3474.12,100
633,09:33:33,$ 3473.205,100
634,09:33:33,$ 3473.00,490
635,09:33:33,$ 3472.99,100
636,09:33:33,$ 3473.00,100
637,09:33:33,$ 3473.00,313
638,09:33:29,$ 3473.19,100
639,09:33:29,$ 3473.41,100
640,09:33:26,$ 3473.41,100
641,09:33:26,$ 3472.08,100
642,09:33:25,$ 3472.085,100
643,09:33:24,$ 3471.19,100
644,09:33:24,$ 3471.035,100
645,09:33:23,$ 3471.27,100
646,09:33:23,$ 3471.82,100
647,09:33:22,$ 3469.27,100
648,09:33:17,$ 3469.945,100
649,09:33:17,$ 3469.04,100
650,09:33:13,$ 3467.63,100
652,09:33:13,$ 3469.035,100
653,09:33:13,$ 3469.00,100
654,09:33:13,$ 3469.00,100
655,09:33:13,$ 3469.00,100
656,09:33:13,$ 3469.00,100
657,09:33:13,$ 3469.33,100
658,09:33:13,$ 3468.41,100
659,09:33:13,$ 3468.27,100
660,09:33:13,$ 3468.28,116
661,09:33:13,$ 3468.28,113
662,09:33:13,$ 3468.29,200
663,09:33:13,$ 3468.29,139
664,09:33:11,$ 3466.1017,100
665,09:33:08,$ 3466.24,100
666,09:33:07,$ 3467.255,100
667,09:32:56,$ 3468.28,169
668,09:32:56,$ 3466.74,100
669,09:32:56,$ 3466.87,100
670,09:32:56,$ 3467.02,100
671,09:32:56,$ 3466.25,100
673,09:32:55,$ 3466.4625,100
674,09:32:46,$ 3466.69,100
675,09:32:46,$ 3466.64,100
676,09:32:45,$ 3466.69,100
677,09:32:41,$ 3465.73,100
678,09:32:29,$ 3463.21,100
679,09:32:29,$ 3463.21,100
680,09:32:29,$ 3463.75,100
681,09:32:27,$ 3463.05,100
682,09:32:27,$ 3463.94,100
683,09:32:27,$ 3463.94,100
684,09:32:24,$ 3465.96,100
685,09:32:24,$ 3465.96,100
686,09:32:22,$ 3466.94,100
687,09:32:18,$ 3465.913,250
688,09:32:17,$ 3464.94,100
689,09:32:17,$ 3464.95,100
690,09:32:16,$ 3464.93,100
691,09:32:15,$ 3463.94,115
692,09:32:10,$ 3464.91,100
694,09:32:10,$ 3463.94,100
695,09:32:10,$ 3462.80,100
696,09:32:10,$ 3463.57,300
697,09:32:07,$ 3464.9399,100
698,09:32:06,$ 3462.77,"1,000"
699,09:32:00,$ 3464.95,100
700,09:32:00,$ 3465.84,100
701,09:31:54,$ 3468.41,100
702,09:31:54,$ 3467.72,100
703,09:31:54,$ 3467.72,200
704,09:31:53,$ 3466.68,100
705,09:31:51,$ 3465.875,100
706,09:31:51,$ 3466.16,100
707,09:31:51,$ 3466.78,200
708,09:31:51,$ 3466.16,100
709,09:31:51,$ 3466.795,100
710,09:31:51,$ 3466.79,100
711,09:31:51,$ 3466.78,100
712,09:31:51,$ 3466.78,100
713,09:31:51,$ 3466.91,100
715,09:31:48,$ 3468.20,100
716,09:31:48,$ 3467.00,140
717,09:31:48,$ 3467.00,100
718,09:31:48,$ 3467.00,376
719,09:31:46,$ 3465.97,100
720,09:31:46,$ 3465.00,100
721,09:31:46,$ 3465.00,100
722,09:31:45,$ 3463.81,100
723,09:31:45,$ 3463.81,100
724,09:31:40,$ 3463.66,100
725,09:31:37,$ 3461.92,100
726,09:31:37,$ 3461.92,100
727,09:31:36,$ 3461.7488,100
728,09:31:36,$ 3462.595,100
729,09:31:36,$ 3461.40,100
730,09:31:35,$ 3461.38,100
731,09:31:35,$ 3463.81,100
732,09:31:34,$ 3462.42,100
733,09:31:34,$ 3462.42,100
734,09:31:34,$ 3462.28,100
736,09:31:33,$ 3462.41,100
737,09:31:33,$ 3460.51,100
738,09:31:27,$ 3460.51,100
739,09:31:27,$ 3460.52,100
740,09:31:27,$ 3461.29,100
741,09:31:23,$ 3460.56,100
742,09:31:22,$ 3462.425,150
743,09:31:21,$ 3461.36,100
744,09:31:14,$ 3461.42,100
745,09:31:10,$ 3460.97,100
746,09:31:10,$ 3461.40,100
747,09:31:10,$ 3460.23,280
748,09:31:10,$ 3460.23,100
749,09:31:08,$ 3464.51,100
750,09:31:08,$ 3459.92,100
751,09:31:08,$ 3462.10,100
752,09:31:08,$ 3462.15,100
753,09:31:08,$ 3462.16,100
754,09:31:06,$ 3459.36,100
755,09:31:06,$ 3458.37,100
757,09:31:06,$ 3458.61,100
758,09:31:03,$ 3457.42,100
759,09:31:00,$ 3458.00,100
760,09:30:58,$ 3456.14,100
761,09:30:53,$ 3455.84,100
762,09:30:53,$ 3455.80,100
763,09:30:52,$ 3454.79,100
764,09:30:47,$ 3455.00,300
765,09:30:46,$ 3452.34,100
766,09:30:46,$ 3453.07,100
767,09:30:45,$ 3453.66,100
768,09:30:39,$ 3452.38,100
769,09:30:39,$ 3452.48,100
770,09:30:37,$ 3454.34,126
771,09:30:37,$ 3454.34,100
772,09:30:35,$ 3454.05,100
773,09:30:30,$ 3455.71,100
774,09:30:30,$ 3455.85,100
775,09:30:30,$ 3455.71,100
776,09:30:30,$ 3455.71,100
778,09:30:30,$ 3455.71,100
779,09:30:30,$ 3455.72,200
780,09:30:30,$ 3455.72,200
781,09:30:30,$ 3455.76,100
782,09:30:30,$ 3455.75,400
783,09:30:28,$ 3455.75,100
784,09:30:27,$ 3455.85,100
785,09:30:27,$ 3455.75,100
786,09:30:27,$ 3456.26,100
787,09:30:25,$ 3457.24,100
788,09:30:25,$ 3456.2775,100
789,09:30:25,$ 3457.24,100
790,09:30:25,$ 3457.29,100
791,09:30:25,$ 3457.31,100
792,09:30:25,$ 3455.745,100
793,09:30:25,$ 3455.675,100
794,09:30:22,$ 3455.31,200
795,09:30:22,$ 3455.31,100
796,09:30:22,$ 3455.30,100
797,09:30:22,$ 3455.30,100
799,09:30:21,$ 3455.46,100
800,09:30:14,$ 3455.775,100
801,09:30:11,$ 3456.0634,100
802,09:30:06,$ 3457.72,100
803,09:30:05,$ 3457.81,100
804,09:30:03,$ 3457.00,195
805,09:30:02,$ 3460.00,10
806,09:30:02,$ 3460.00,1
807,09:30:02,$ 3460.00,1
808,09:30:02,$ 3460.00,4
809,09:30:02,$ 3460.00,1
810,09:30:02,$ 3460.00,1
811,09:30:02,$ 3460.00,3
812,09:30:02,$ 3460.00,8
813,09:30:02,$ 3460.00,1
814,09:30:02,$ 3460.00,1
815,09:30:02,$ 3460.00,5
816,09:30:02,$ 3460.00,2
817,09:30:02,$ 3460.00,1
818,09:30:02,$ 3460.00,2
820,09:30:02,$ 3460.00,1
821,09:30:02,$ 3460.00,5
822,09:30:02,$ 3460.00,4
823,09:30:02,$ 3460.00,1
824,09:30:02,$ 3460.00,2
825,09:30:02,$ 3460.00,2
826,09:30:02,$ 3460.00,1
827,09:30:02,$ 3460.00,2
828,09:30:02,$ 3460.00,2
829,09:30:02,$ 3460.00,2
830,09:30:02,$ 3460.00,1
831,09:30:02,$ 3460.00,3
832,09:30:02,$ 3460.00,1
833,09:30:02,$ 3460.00,3
834,09:30:02,$ 3460.00,1
835,09:30:02,$ 3460.00,3
836,09:30:02,$ 3460.00,15
837,09:30:02,$ 3460.00,900
838,09:30:02,$ 3460.00,1
839,09:30:02,$ 3460.00,1
841,09:30:02,$ 3460.00,1
842,09:30:02,$ 3460.00,5
843,09:30:02,$ 3460.00,5
844,09:30:02,$ 3460.00,3
845,09:30:02,$ 3460.00,1
846,09:30:02,$ 3460.00,1
847,09:30:02,$ 3460.00,4
848,09:30:02,$ 3460.00,3
849,09:30:02,$ 3460.00,15
850,09:30:02,$ 3460.00,1
851,09:30:02,$ 3460.00,3
852,09:30:02,$ 3460.00,3
853,09:30:02,$ 3460.00,1
854,09:30:02,$ 3460.00,4
855,09:30:02,$ 3460.00,3
856,09:30:02,$ 3460.00,2
857,09:30:02,$ 3460.00,25
858,09:30:02,$ 3460.00,1
859,09:30:02,$ 3460.00,15
860,09:30:02,$ 3460.00,1
862,09:30:02,$ 3460.00,2
863,09:30:02,$ 3460.00,1
864,09:30:02,$ 3460.00,4
865,09:30:02,$ 3460.00,200
866,09:30:02,$ 3460.00,3
867,09:30:02,$ 3460.00,1
868,09:30:02,$ 3460.00,5
869,09:30:02,$ 3460.00,1
870,09:30:02,$ 3460.00,1
871,09:30:02,$ 3460.00,1
872,09:30:02,$ 3460.00,1
873,09:30:02,$ 3460.00,1
874,09:30:02,$ 3460.00,1
875,09:30:02,$ 3460.00,1
876,09:30:02,$ 3460.00,1
877,09:30:02,$ 3460.00,1
878,09:30:02,$ 3460.00,1
879,09:30:02,$ 3460.00,1
880,09:30:02,$ 3460.00,1
881,09:30:02,$ 3460.00,1
883,09:30:02,$ 3460.00,1
884,09:30:02,$ 3460.00,1
885,09:30:02,$ 3460.00,1
886,09:30:02,$ 3460.00,1
887,09:30:02,$ 3460.00,1
888,09:30:02,$ 3460.00,1
889,09:30:02,$ 3460.00,1
890,09:30:02,$ 3460.00,1
891,09:30:02,$ 3460.00,1
892,09:30:02,$ 3460.00,1
893,09:30:02,$ 3460.00,1
894,09:30:02,$ 3460.00,1
895,09:30:02,$ 3460.00,1
896,09:30:02,$ 3460.00,1
897,09:30:02,$ 3460.00,1
898,09:30:02,$ 3460.00,1
899,09:30:02,$ 3460.00,1
900,09:30:02,$ 3460.00,1
901,09:30:02,$ 3460.00,1
902,09:30:02,$ 3460.00,1
904,09:30:02,$ 3460.00,1
905,09:30:02,$ 3460.00,1
906,09:30:02,$ 3460.00,1
907,09:30:02,$ 3460.00,1
908,09:30:02,$ 3460.00,1
909,09:30:02,$ 3460.00,1
910,09:30:02,$ 3460.00,1
911,09:30:02,$ 3460.00,1
912,09:30:02,$ 3460.00,1
913,09:30:02,$ 3460.00,1
914,09:30:02,$ 3460.00,1
915,09:30:02,$ 3460.00,1
916,09:30:02,$ 3460.00,1
917,09:30:02,$ 3460.00,1
918,09:30:02,$ 3460.00,1
919,09:30:02,$ 3460.00,1
920,09:30:02,$ 3460.00,1
921,09:30:02,$ 3460.00,1
922,09:30:02,$ 3460.00,1
923,09:30:02,$ 3460.00,1
925,09:30:02,$ 3460.00,1
926,09:30:02,$ 3460.00,1
927,09:30:02,$ 3460.00,1
928,09:30:02,$ 3460.00,1
929,09:30:02,$ 3460.00,1
930,09:30:02,$ 3460.00,1
931,09:30:02,$ 3460.00,1
932,09:30:02,$ 3460.00,1
933,09:30:02,$ 3460.00,1
934,09:30:02,$ 3460.00,1
935,09:30:02,$ 3460.00,1
936,09:30:02,$ 3460.00,1
937,09:30:02,$ 3460.00,1
938,09:30:02,$ 3460.00,1
939,09:30:02,$ 3460.00,1
940,09:30:02,$ 3460.00,1
941,09:30:02,$ 3460.00,1
942,09:30:02,$ 3460.00,1
943,09:30:02,$ 3460.00,1
944,09:30:02,$ 3460.00,1
946,09:30:02,$ 3460.00,2
947,09:30:02,$ 3460.00,1
948,09:30:02,$ 3460.00,1
949,09:30:02,$ 3460.00,25
950,09:30:02,$ 3460.00,3
951,09:30:02,$ 3460.00,1
952,09:30:02,$ 3460.00,1
953,09:30:02,$ 3460.00,2
954,09:30:02,$ 3460.00,1
955,09:30:02,$ 3460.00,2
956,09:30:02,$ 3460.00,1
957,09:30:02,$ 3460.00,1
958,09:30:02,$ 3460.00,1
959,09:30:02,$ 3460.00,1
960,09:30:02,$ 3460.00,1
961,09:30:02,$ 3460.00,8
962,09:30:02,$ 3460.00,1
963,09:30:02,$ 3460.00,1
964,09:30:02,$ 3460.00,1
965,09:30:02,$ 3460.00,1
967,09:30:02,$ 3460.00,1
968,09:30:02,$ 3460.00,2
969,09:30:02,$ 3460.00,2
970,09:30:02,$ 3460.00,2
971,09:30:02,$ 3460.00,1
972,09:30:02,$ 3460.00,1
973,09:30:02,$ 3460.00,2
974,09:30:02,$ 3460.00,1
975,09:30:02,$ 3460.00,5
976,09:30:02,$ 3460.00,4
977,09:30:02,$ 3460.00,2
978,09:30:02,$ 3460.00,11
979,09:30:02,$ 3460.00,3
980,09:30:02,$ 3460.00,1
981,09:30:02,$ 3460.00,2
982,09:30:02,$ 3460.00,2
983,09:30:02,$ 3460.00,1
984,09:30:02,$ 3460.00,1
985,09:30:02,$ 3460.00,1
986,09:30:02,$ 3460.00,1
988,09:30:02,$ 3460.00,1
989,09:30:02,$ 3460.00,1
990,09:30:02,$ 3460.00,3
991,09:30:02,$ 3460.00,20
992,09:30:02,$ 3460.00,1
993,09:30:02,$ 3460.00,2
994,09:30:02,$ 3460.00,3
995,09:30:02,$ 3460.00,1
996,09:30:02,$ 3460.00,1
997,09:30:02,$ 3460.00,2
998,09:30:02,$ 3460.00,3
999,09:30:02,$ 3460.00,1
1000,09:30:02,$ 3460.00,4
1001,09:30:02,$ 3460.00,2
1002,09:30:02,$ 3460.00,1
1003,09:30:02,$ 3460.00,3
1004,09:30:02,$ 3460.00,1
1005,09:30:02,$ 3460.00,1
1006,09:30:02,$ 3460.00,1
1007,09:30:02,$ 3460.00,1
1009,09:30:02,$ 3460.00,1
1010,09:30:02,$ 3460.00,1
1011,09:30:02,$ 3460.00,1
1012,09:30:02,$ 3460.00,2
1013,09:30:02,$ 3460.00,1
1014,09:30:02,$ 3460.00,1
1015,09:30:02,$ 3460.00,1
1016,09:30:02,$ 3460.00,1
1017,09:30:02,$ 3460.00,1
1018,09:30:02,$ 3460.00,1
1019,09:30:02,$ 3460.00,1
1020,09:30:02,$ 3460.00,1
1021,09:30:02,$ 3460.00,5
1022,09:30:02,$ 3460.00,1
1023,09:30:02,$ 3460.00,1
1024,09:30:02,$ 3460.00,1
1025,09:30:02,$ 3460.00,1
1026,09:30:02,$ 3460.00,1
1027,09:30:02,$ 3460.00,1
1028,09:30:02,$ 3460.00,1
1030,09:30:02,$ 3460.00,1
1031,09:30:02,$ 3460.00,1
1032,09:30:02,$ 3460.00,1
1033,09:30:02,$ 3460.00,1
1034,09:30:02,$ 3460.00,1
1035,09:30:02,$ 3460.00,1
1036,09:30:02,$ 3460.00,1
1037,09:30:02,$ 3460.00,1
1038,09:30:02,$ 3460.00,1
1039,09:30:02,$ 3460.00,1
1040,09:30:02,$ 3460.00,1
1041,09:30:02,$ 3460.00,1
1042,09:30:02,$ 3460.00,1
1043,09:30:02,$ 3460.00,1
1044,09:30:02,$ 3460.00,1
1045,09:30:02,$ 3460.00,1
1046,09:30:02,$ 3460.00,1
1047,09:30:02,$ 3460.00,1
1048,09:30:02,$ 3460.00,1
1049,09:30:02,$ 3460.00,1
1051,09:30:02,$ 3460.00,1
1052,09:30:02,$ 3460.00,1
1053,09:30:02,$ 3460.00,1
1054,09:30:02,$ 3460.00,1
1055,09:30:02,$ 3460.00,1
1056,09:30:02,$ 3460.00,1
1057,09:30:02,$ 3460.00,1
1058,09:30:02,$ 3460.00,1
1059,09:30:02,$ 3460.00,1
1060,09:30:02,$ 3460.00,1
1061,09:30:02,$ 3460.00,1
1062,09:30:02,$ 3460.00,1
1063,09:30:02,$ 3460.00,1
1064,09:30:02,$ 3460.00,1
1065,09:30:02,$ 3460.00,1
1066,09:30:02,$ 3460.00,1
1067,09:30:02,$ 3460.00,1
1068,09:30:02,$ 3460.00,1
1069,09:30:02,$ 3460.00,1
1070,09:30:02,$ 3460.00,1
1072,09:30:02,$ 3460.00,1
1073,09:30:02,$ 3460.00,1
1074,09:30:02,$ 3460.00,1
1075,09:30:02,$ 3460.00,1
1076,09:30:02,$ 3460.00,1
1077,09:30:02,$ 3460.00,1
1078,09:30:02,$ 3460.00,1
1079,09:30:02,$ 3460.00,1
1080,09:30:02,$ 3460.00,1
1081,09:30:02,$ 3460.00,1
1082,09:30:02,$ 3460.00,1
1083,09:30:02,$ 3460.00,1
1084,09:30:02,$ 3460.00,1
1085,09:30:02,$ 3460.00,1
1086,09:30:02,$ 3460.00,1
1087,09:30:02,$ 3460.00,1
1088,09:30:02,$ 3460.00,1
1089,09:30:02,$ 3460.00,1
1090,09:30:02,$ 3460.00,1
1091,09:30:02,$ 3460.00,1
1093,09:30:02,$ 3460.00,1
1094,09:30:02,$ 3460.00,1
1095,09:30:02,$ 3460.00,1
1096,09:30:02,$ 3460.00,1
1097,09:30:02,$ 3460.00,1
1098,09:30:02,$ 3460.00,1
1099,09:30:02,$ 3460.00,1
1100,09:30:02,$ 3460.00,30
1101,09:30:02,$ 3460.00,12
1102,09:30:02,$ 3460.00,1
1103,09:30:02,$ 3460.00,1
1104,09:30:02,$ 3460.00,1
1105,09:30:02,$ 3460.00,1
1106,09:30:02,$ 3460.00,1
1107,09:30:02,$ 3460.00,1
1108,09:30:02,$ 3460.00,1
1109,09:30:02,$ 3460.00,1
1110,09:30:02,$ 3460.00,1
1111,09:30:02,$ 3460.00,1
1112,09:30:02,$ 3460.00,1
1114,09:30:02,$ 3460.00,1
1115,09:30:02,$ 3460.00,1
1116,09:30:02,$ 3460.00,1
1117,09:30:02,$ 3460.00,1
1118,09:30:02,$ 3460.00,1
1119,09:30:02,$ 3460.00,1
1120,09:30:02,$ 3460.00,1
1121,09:30:02,$ 3460.00,1
1122,09:30:02,$ 3460.00,1
1123,09:30:02,$ 3460.00,1
1124,09:30:02,$ 3460.00,1
1125,09:30:02,$ 3460.00,1
1126,09:30:02,$ 3460.00,15
1127,09:30:02,$ 3460.00,5
1128,09:30:02,$ 3460.00,1
1129,09:30:02,$ 3460.00,1
1130,09:30:02,$ 3460.00,1
1131,09:30:02,$ 3460.00,20
1132,09:30:02,$ 3460.00,10
1133,09:30:02,$ 3460.00,14
1135,09:30:02,$ 3460.00,8
1136,09:30:02,$ 3460.00,2
1137,09:30:02,$ 3460.00,1
1138,09:30:02,$ 3460.00,1
1139,09:30:02,$ 3460.00,3
1140,09:30:02,$ 3460.00,1
1141,09:30:02,$ 3460.00,1
1142,09:30:02,$ 3460.00,14
1143,09:30:02,$ 3460.00,3
1144,09:30:02,$ 3460.00,1
1145,09:30:02,$ 3460.00,1
1146,09:30:02,$ 3460.00,1
1147,09:30:02,$ 3460.00,1
1148,09:30:02,$ 3460.00,1
1149,09:30:02,$ 3460.00,1
1150,09:30:02,$ 3460.00,1
1151,09:30:02,$ 3460.00,2
1152,09:30:02,$ 3460.00,2
1153,09:30:02,$ 3460.00,1
1154,09:30:02,$ 3460.00,5
1156,09:30:02,$ 3460.00,1
1157,09:30:02,$ 3460.00,4
1158,09:30:02,$ 3460.00,1
1159,09:30:02,$ 3460.00,1
1160,09:30:02,$ 3460.00,1
1161,09:30:02,$ 3460.00,2
1162,09:30:02,$ 3460.00,1
1163,09:30:02,$ 3460.00,1
1164,09:30:02,$ 3460.00,3
1165,09:30:02,$ 3460.00,6
1166,09:30:02,$ 3460.00,1
1167,09:30:02,$ 3460.00,2
1168,09:30:02,$ 3460.00,25
1169,09:30:02,$ 3460.00,1
1170,09:30:02,$ 3460.00,1
1171,09:30:02,$ 3460.00,5
1172,09:30:02,$ 3460.00,1
1173,09:30:02,$ 3460.00,5
1174,09:30:02,$ 3460.00,5
1175,09:30:02,$ 3460.00,2
1177,09:30:02,$ 3460.00,10
1178,09:30:02,$ 3460.00,18
1179,09:30:02,$ 3460.00,2
1180,09:30:02,$ 3460.00,1
1181,09:30:02,$ 3460.00,2
1182,09:30:02,$ 3460.00,1
1183,09:30:02,$ 3460.00,1
1184,09:30:02,$ 3460.00,5
1185,09:30:02,$ 3460.00,3
1186,09:30:02,$ 3460.00,5
1187,09:30:02,$ 3460.00,1
1188,09:30:02,$ 3460.00,1
1189,09:30:02,$ 3460.00,23
1190,09:30:02,$ 3460.00,1
1191,09:30:02,$ 3460.00,3
1192,09:30:02,$ 3460.00,10
1193,09:30:02,$ 3460.00,10
1194,09:30:02,$ 3460.00,35
1195,09:30:02,$ 3460.00,35
1196,09:30:02,$ 3460.00,144
1198,09:30:02,$ 3460.00,35
1199,09:30:02,$ 3460.00,1
1200,09:30:02,$ 3460.00,2
1201,09:30:02,$ 3460.00,12
1202,09:30:02,$ 3460.00,134
1203,09:30:02,$ 3460.00,229
1204,09:30:02,$ 3460.00,3
1205,09:30:02,$ 3460.00,6
1206,09:30:02,$ 3460.00,40
1207,09:30:02,$ 3460.00,4
1208,09:30:02,$ 3460.00,2
1209,09:30:02,$ 3460.00,15
1210,09:30:02,$ 3460.00,30
1211,09:30:02,$ 3460.00,100
1212,09:30:02,$ 3460.00,50
1213,09:30:02,$ 3460.00,1
1214,09:30:02,$ 3460.00,1
1215,09:30:02,$ 3460.00,13
1216,09:30:02,$ 3460.00,1
1217,09:30:02,$ 3460.00,6
1219,09:30:02,$ 3460.00,14
1220,09:30:02,$ 3460.00,7
1221,09:30:02,$ 3460.00,3
1222,09:30:02,$ 3460.00,70
1223,09:30:02,$ 3460.00,20
1224,09:30:02,$ 3460.00,4
1225,09:30:02,$ 3460.00,4
1226,09:30:02,$ 3460.00,1
1227,09:30:02,$ 3460.00,23
1228,09:30:02,$ 3460.00,10
1229,09:30:02,$ 3460.00,1
1230,09:30:02,$ 3460.00,1
1231,09:30:02,$ 3460.00,1
1232,09:30:02,$ 3460.00,3
1233,09:30:02,$ 3460.00,12
1234,09:30:02,$ 3460.00,8
1235,09:30:02,$ 3460.00,2
1236,09:30:02,$ 3460.00,31
1237,09:30:02,$ 3460.00,17
1238,09:30:02,$ 3460.00,4
1240,09:30:02,$ 3460.00,2
1241,09:30:02,$ 3460.00,2
1242,09:30:02,$ 3460.00,1
1243,09:30:02,$ 3460.00,2
1244,09:30:02,$ 3460.00,6
1245,09:30:02,$ 3460.00,36
1246,09:30:02,$ 3460.00,9
1247,09:30:02,$ 3460.00,10
1248,09:30:02,$ 3460.00,10
1249,09:30:02,$ 3460.00,5
1250,09:30:02,$ 3460.00,2
1251,09:30:02,$ 3460.00,1
1252,09:30:02,$ 3460.00,3
1253,09:30:02,$ 3460.00,14
1254,09:30:02,$ 3460.00,4
1255,09:30:02,$ 3460.00,2
1256,09:30:02,$ 3460.00,1
1257,09:30:02,$ 3460.00,1
1258,09:30:02,$ 3460.00,2
1259,09:30:02,$ 3460.00,3
1261,09:30:02,$ 3460.00,1
1262,09:30:02,$ 3460.00,7
1263,09:30:02,$ 3460.00,2
1264,09:30:02,$ 3460.00,6
1265,09:30:02,$ 3460.00,13
1266,09:30:02,$ 3460.00,1
1267,09:30:02,$ 3460.00,2
1268,09:30:02,$ 3460.00,1
1269,09:30:02,$ 3460.00,1
1270,09:30:02,$ 3460.00,10
1271,09:30:02,$ 3460.00,1
1272,09:30:02,$ 3460.00,49
1273,09:30:02,$ 3460.00,1
1274,09:30:02,$ 3460.00,1
1275,09:30:02,$ 3460.00,1
1276,09:30:02,$ 3460.00,1
1277,09:30:02,$ 3460.00,1
1278,09:30:02,$ 3460.00,1
1279,09:30:02,$ 3460.00,3
1280,09:30:02,$ 3460.00,1
1282,09:30:02,$ 3460.00,4
1283,09:30:02,$ 3460.00,1
1284,09:30:02,$ 3460.00,2
1285,09:30:02,$ 3460.00,4
1286,09:30:02,$ 3460.00,1
1287,09:30:02,$ 3460.00,1
1288,09:30:02,$ 3460.00,1
1289,09:30:02,$ 3460.00,1
1290,09:30:02,$ 3460.00,1
1291,09:30:02,$ 3460.00,10
1292,09:30:02,$ 3460.00,1
1293,09:30:02,$ 3460.00,1
1294,09:30:02,$ 3460.00,1
1295,09:30:02,$ 3460.00,159
1296,09:30:02,$ 3460.00,4
1297,09:30:02,$ 3460.00,20
1298,09:30:02,$ 3460.00,1
1299,09:30:02,$ 3460.00,1
1300,09:30:02,$ 3460.00,1
1301,09:30:02,$ 3460.00,20
1303,09:30:02,$ 3460.00,10
1304,09:30:02,$ 3460.00,30
1305,09:30:02,$ 3460.00,22
1306,09:30:02,$ 3460.00,1
1307,09:30:02,$ 3460.00,2
1308,09:30:02,$ 3460.00,2
1309,09:30:02,$ 3460.00,1
1310,09:30:02,$ 3460.00,1
1311,09:30:02,$ 3460.00,1
1312,09:30:02,$ 3460.00,1
1313,09:30:02,$ 3460.00,5
1314,09:30:02,$ 3460.00,3
1315,09:30:02,$ 3460.00,1
1316,09:30:02,$ 3460.00,1
1317,09:30:02,$ 3460.00,1
1318,09:30:02,$ 3460.00,1
1319,09:30:02,$ 3460.00,10
1320,09:30:02,$ 3460.00,1
1321,09:30:02,$ 3460.00,1
1322,09:30:02,$ 3460.00,2
1324,09:30:02,$ 3460.00,1
1325,09:30:02,$ 3460.00,1
1326,09:30:02,$ 3460.00,3
1327,09:30:02,$ 3460.00,5
1328,09:30:02,$ 3460.00,1
1329,09:30:02,$ 3460.00,1
1330,09:30:02,$ 3460.00,1
1331,09:30:02,$ 3460.00,10
1332,09:30:02,$ 3460.00,2
1333,09:30:02,$ 3460.00,1
1334,09:30:02,$ 3460.00,1
1335,09:30:02,$ 3460.00,1
1336,09:30:02,$ 3460.00,1
1337,09:30:02,$ 3460.00,1
1338,09:30:02,$ 3460.00,1
1339,09:30:02,$ 3460.00,1
1340,09:30:02,$ 3460.00,1
1341,09:30:02,$ 3460.00,1
1342,09:30:02,$ 3460.00,1
1343,09:30:02,$ 3460.00,1
1345,09:30:02,$ 3460.00,1
1346,09:30:02,$ 3460.00,1
1347,09:30:02,$ 3460.00,1
1348,09:30:02,$ 3460.00,1
1349,09:30:02,$ 3460.00,1
1350,09:30:02,$ 3460.00,1
1351,09:30:02,$ 3460.00,4
1352,09:30:02,$ 3460.00,15
1353,09:30:02,$ 3460.00,4
1354,09:30:02,$ 3460.00,1
1355,09:30:02,$ 3460.00,310
1356,09:30:02,$ 3460.00,1
1357,09:30:02,$ 3460.00,5
1358,09:30:02,$ 3460.00,1
1359,09:30:02,$ 3460.00,3
1360,09:30:02,$ 3460.00,4
1361,09:30:02,$ 3460.00,6
1362,09:30:02,$ 3460.00,5
1363,09:30:02,$ 3460.00,1
1364,09:30:02,$ 3460.00,1
1366,09:30:02,$ 3460.00,1
1367,09:30:02,$ 3460.00,2
1368,09:30:02,$ 3460.00,3
1369,09:30:02,$ 3460.00,3
1370,09:30:02,$ 3460.00,4
1371,09:30:02,$ 3460.00,1
1372,09:30:02,$ 3460.00,5
1373,09:30:02,$ 3460.00,5
1374,09:30:02,$ 3460.00,2
1375,09:30:02,$ 3460.00,2
1376,09:30:02,$ 3460.00,2
1377,09:30:02,$ 3460.00,4
1378,09:30:02,$ 3460.00,2
1379,09:30:02,$ 3460.00,2
1380,09:30:02,$ 3460.00,1
1381,09:30:02,$ 3460.00,2
1382,09:30:02,$ 3460.00,3
1383,09:30:02,$ 3460.00,3
1384,09:30:02,$ 3460.00,1
1385,09:30:02,$ 3460.00,3
1387,09:30:02,$ 3460.00,1
1388,09:30:02,$ 3460.00,445
1389,09:30:02,$ 3460.00,58
1390,09:30:02,$ 3460.00,263
1391,09:30:02,$ 3460.00,3
1392,09:30:02,$ 3460.00,19
1393,09:30:02,$ 3460.00,100
1394,09:30:02,$ 3460.00,96
1395,09:30:02,$ 3460.00,115
1396,09:30:02,$ 3460.00,10
1397,09:30:02,$ 3460.00,16
1398,09:30:02,$ 3460.00,25
1399,09:30:02,$ 3460.00,17
1400,09:30:02,$ 3460.00,1
1401,09:30:02,$ 3460.00,100
1402,09:30:02,$ 3460.00,1
1403,09:30:02,$ 3460.00,17
1404,09:30:02,$ 3460.00,35
1405,09:30:02,$ 3460.00,1
1406,09:30:02,$ 3460.00,134
1408,09:30:02,$ 3460.00,2
1409,09:30:02,$ 3460.00,100
1410,09:30:02,$ 3460.00,1
1411,09:30:02,$ 3460.00,947
1412,09:30:02,$ 3460.00,5
1413,09:30:02,$ 3460.00,3
1414,09:30:02,$ 3460.00,5
1415,09:30:02,$ 3460.00,27
1416,09:30:02,$ 3460.00,1
1417,09:30:02,$ 3460.00,5
1418,09:30:02,$ 3460.00,3
1419,09:30:02,$ 3460.00,3
1420,09:30:02,$ 3460.00,1
1421,09:30:02,$ 3460.00,64
1422,09:30:02,$ 3460.00,18
1423,09:30:02,$ 3460.00,3
1424,09:30:02,$ 3460.00,134
1425,09:30:02,$ 3460.00,15
1426,09:30:02,$ 3460.00,200
1427,09:30:02,$ 3460.00,1
1429,09:30:02,$ 3460.00,3
1430,09:30:02,$ 3460.00,2
1431,09:30:02,$ 3460.00,1
1432,09:30:02,$ 3460.00,1
1433,09:30:02,$ 3460.00,1
1434,09:30:02,$ 3460.00,15
1435,09:30:02,$ 3460.00,2
1436,09:30:02,$ 3460.00,14
1437,09:30:02,$ 3460.00,344
1438,09:30:02,$ 3460.00,15
1439,09:30:02,$ 3460.00,773
1440,09:30:02,$ 3460.00,18
1441,09:30:02,$ 3460.00,12
1442,09:30:02,$ 3460.00,12
1443,09:30:02,$ 3460.00,5
1444,09:30:02,$ 3460.00,6
1445,09:30:02,$ 3460.00,146
1446,09:30:02,$ 3460.00,6
1447,09:30:02,$ 3460.00,329
1448,09:30:02,$ 3460.00,8
1450,09:30:02,$ 3460.00,5
1451,09:30:02,$ 3460.00,5
1452,09:30:02,$ 3460.00,6
1453,09:30:02,$ 3460.00,4
1454,09:30:02,$ 3460.00,3
1455,09:30:02,$ 3460.00,1
1456,09:30:02,$ 3460.00,2
1457,09:30:02,$ 3460.00,1
1458,09:30:02,$ 3460.00,14
1459,09:30:02,$ 3460.00,6
1460,09:30:02,$ 3460.00,4
1461,09:30:02,$ 3460.00,50
1462,09:30:02,$ 3460.00,5
1463,09:30:02,$ 3460.00,4
1464,09:30:02,$ 3460.00,3
1465,09:30:02,$ 3460.00,3
1466,09:30:02,$ 3460.00,4
1467,09:30:02,$ 3460.00,2
1468,09:30:02,$ 3460.00,3
1469,09:30:02,$ 3460.00,1
1471,09:30:02,$ 3460.00,15
1472,09:30:02,$ 3460.00,27
1473,09:30:02,$ 3460.00,70
1474,09:30:02,$ 3460.00,20
1475,09:30:02,$ 3460.00,9
1476,09:30:02,$ 3460.00,1
1477,09:30:02,$ 3460.00,100
1478,09:30:02,$ 3460.00,1
1479,09:30:02,$ 3460.00,1
1480,09:30:02,$ 3460.00,4
1481,09:30:02,$ 3460.00,1
1482,09:30:02,$ 3460.00,5
1483,09:30:02,$ 3460.00,327
1484,09:30:02,$ 3460.00,1
1485,09:30:02,$ 3460.00,160
1486,09:30:02,$ 3460.00,9
1487,09:30:02,$ 3460.00,8
1488,09:30:02,$ 3460.00,15
1489,09:30:02,$ 3460.00,2
1490,09:30:02,$ 3460.00,1
1492,09:30:02,$ 3460.00,2
1493,09:30:02,$ 3460.00,8
1494,09:30:02,$ 3460.00,2
1495,09:30:02,$ 3460.00,22
1496,09:30:02,$ 3460.00,1
1497,09:30:02,$ 3460.00,7
1498,09:30:02,$ 3460.00,20
1499,09:30:02,$ 3460.00,10
1500,09:30:02,$ 3460.00,11
1501,09:30:02,$ 3460.00,13
1502,09:30:02,$ 3460.00,100
1503,09:30:02,$ 3460.00,28
1504,09:30:02,$ 3460.00,1
1505,09:30:02,$ 3460.00,2
1506,09:30:02,$ 3460.00,117
1507,09:30:02,$ 3460.00,11
1508,09:30:02,$ 3460.00,55
1509,09:30:02,$ 3460.00,1
1510,09:30:02,$ 3460.00,2
1511,09:30:02,$ 3460.00,196
1513,09:30:02,$ 3460.00,2
1514,09:30:02,$ 3460.00,29
1515,09:30:02,$ 3460.00,1
1516,09:30:02,$ 3460.00,5
1517,09:30:02,$ 3460.00,13
1518,09:30:02,$ 3460.00,1
1519,09:30:02,$ 3460.00,7
1520,09:30:02,$ 3460.00,1
1521,09:30:02,$ 3460.00,1
1522,09:30:02,$ 3460.00,10
1523,09:30:02,$ 3460.00,7
1524,09:30:02,$ 3460.00,18
1525,09:30:02,$ 3460.00,23
1526,09:30:02,$ 3460.00,1
1527,09:30:02,$ 3460.00,30
1528,09:30:02,$ 3460.00,2
1529,09:30:02,$ 3460.00,1
1530,09:30:02,$ 3460.00,15
1531,09:30:02,$ 3460.00,10
1532,09:30:02,$ 3460.00,50
1534,09:30:02,$ 3460.00,10
1535,09:30:02,$ 3460.00,28
1536,09:30:02,$ 3460.00,57
1537,09:30:02,$ 3460.00,25
1538,09:30:02,$ 3460.00,18
1539,09:30:02,$ 3460.00,4
1540,09:30:02,$ 3460.00,1
1541,09:30:02,$ 3460.00,3
1542,09:30:02,$ 3460.00,8
1543,09:30:02,$ 3460.00,1
1544,09:30:02,$ 3460.00,48
1545,09:30:02,$ 3460.00,1
1546,09:30:02,$ 3460.00,1
1547,09:30:02,$ 3460.00,158
1548,09:30:02,$ 3460.00,1
1549,09:30:02,$ 3460.00,2
1550,09:30:02,$ 3460.00,3
1551,09:30:02,$ 3460.00,10
1552,09:30:02,$ 3460.00,1
1553,09:30:02,$ 3460.00,1
1555,09:30:02,$ 3460.00,3
1556,09:30:02,$ 3460.00,"4,000"
1557,09:30:02,$ 3460.00,1
1558,09:30:02,$ 3460.00,2
1559,09:30:02,$ 3460.00,3
1560,09:30:02,$ 3460.00,1
1561,09:30:02,$ 3460.00,139
1562,09:30:02,$ 3460.00,2
1563,09:30:02,$ 3460.00,11
1564,09:30:02,$ 3460.00,13
1565,09:30:02,$ 3460.00,14
1566,09:30:02,$ 3460.00,22
1567,09:30:02,$ 3460.00,5
1568,09:30:02,$ 3460.00,3
1569,09:30:02,$ 3460.00,1
1570,09:30:02,$ 3460.00,20
1571,09:30:02,$ 3460.00,3
1572,09:30:02,$ 3460.00,1
1573,09:30:02,$ 3460.00,200
1574,09:30:02,$ 3460.00,15
1576,09:30:02,$ 3460.00,50
1577,09:30:02,$ 3460.00,63
1578,09:30:02,$ 3460.00,2
1579,09:30:02,$ 3460.00,1
1580,09:30:02,$ 3460.00,87
1581,09:30:02,$ 3460.00,5
1582,09:30:02,$ 3460.00,3
1583,09:30:02,$ 3460.00,1
1584,09:30:02,$ 3460.00,27
1585,09:30:02,$ 3460.00,15
1586,09:30:02,$ 3460.00,3
1587,09:30:02,$ 3460.00,1
1588,09:30:02,$ 3460.00,20
1589,09:30:02,$ 3460.00,60
1590,09:30:02,$ 3460.00,157
1591,09:30:02,$ 3460.00,14
1592,09:30:02,$ 3460.00,1
1593,09:30:02,$ 3460.00,2
1594,09:30:02,$ 3460.00,1
1595,09:30:02,$ 3460.00,2
1597,09:30:02,$ 3460.00,135
1598,09:30:02,$ 3460.00,1
1599,09:30:02,$ 3460.00,4
1600,09:30:02,$ 3460.00,1
1601,09:30:02,$ 3460.00,1
1602,09:30:02,$ 3460.00,96
1603,09:30:02,$ 3460.00,1
1604,09:30:02,$ 3460.00,2
1605,09:30:02,$ 3460.00,1
1606,09:30:02,$ 3460.00,12
1607,09:30:02,$ 3460.00,1
1608,09:30:02,$ 3460.00,3
1609,09:30:02,$ 3460.00,20
1610,09:30:02,$ 3460.00,10
1611,09:30:02,$ 3460.00,1
1612,09:30:02,$ 3460.00,1
1613,09:30:02,$ 3460.00,2
1614,09:30:02,$ 3460.00,24
1615,09:30:02,$ 3460.00,10
1616,09:30:02,$ 3460.00,13
1618,09:30:02,$ 3460.00,8
1619,09:30:02,$ 3460.00,1
1620,09:30:02,$ 3460.00,1
1621,09:30:02,$ 3460.00,65
1622,09:30:02,$ 3460.00,7
1623,09:30:02,$ 3460.00,6
1624,09:30:02,$ 3460.00,1
1625,09:30:02,$ 3460.00,7
1626,09:30:02,$ 3460.00,1
1627,09:30:02,$ 3460.00,1
1628,09:30:02,$ 3460.00,1
1629,09:30:02,$ 3460.00,2
1630,09:30:02,$ 3460.00,1
1631,09:30:02,$ 3460.00,6
1632,09:30:02,$ 3460.00,2
1633,09:30:02,$ 3460.00,3
1634,09:30:02,$ 3460.00,1
1635,09:30:02,$ 3460.00,2
1636,09:30:02,$ 3460.00,1
1637,09:30:02,$ 3460.00,4
1639,09:30:02,$ 3460.00,2
1640,09:30:02,$ 3460.00,1
1641,09:30:02,$ 3460.00,1
1642,09:30:02,$ 3460.00,1
1643,09:30:02,$ 3460.00,7
1644,09:30:02,$ 3460.00,1
1645,09:30:02,$ 3460.00,2
1646,09:30:02,$ 3460.00,11
1647,09:30:02,$ 3460.00,30
1648,09:30:02,$ 3460.00,4
1649,09:30:02,$ 3460.00,1
1650,09:30:02,$ 3460.00,1
1651,09:30:02,$ 3460.00,2
1652,09:30:02,$ 3460.00,3
1653,09:30:02,$ 3460.00,6
1654,09:30:02,$ 3460.00,1
1655,09:30:02,$ 3460.00,1
1656,09:30:02,$ 3460.00,"2,000"
1657,09:30:02,$ 3460.00,1
1658,09:30:02,$ 3460.00,2
1660,09:30:02,$ 3460.00,1
1661,09:30:02,$ 3460.00,1
1662,09:30:02,$ 3460.00,1
1663,09:30:02,$ 3460.00,7
1664,09:30:02,$ 3460.00,1
1665,09:30:02,$ 3460.00,5
1666,09:30:02,$ 3460.00,6
1667,09:30:02,$ 3460.00,3
1668,09:30:02,$ 3460.00,6
1669,09:30:02,$ 3460.00,10
1670,09:30:02,$ 3460.00,1
1671,09:30:02,$ 3460.00,10
1672,09:30:02,$ 3460.00,5
1673,09:30:02,$ 3460.00,1
1674,09:30:02,$ 3460.00,1
1675,09:30:02,$ 3460.00,1
1676,09:30:02,$ 3460.00,1
1677,09:30:02,$ 3460.00,1
1678,09:30:02,$ 3460.00,1
1679,09:30:02,$ 3460.00,1
1681,09:30:02,$ 3460.00,15
1682,09:30:02,$ 3460.00,5
1683,09:30:02,$ 3460.00,1
1684,09:30:02,$ 3460.00,1
1685,09:30:02,$ 3460.00,8
1686,09:30:02,$ 3460.00,1
1687,09:30:02,$ 3460.00,1
1688,09:30:02,$ 3460.00,7
1689,09:30:02,$ 3460.00,2
1690,09:30:02,$ 3460.00,1
1691,09:30:02,$ 3460.00,41
1692,09:30:02,$ 3460.00,4
1693,09:30:02,$ 3460.00,1
1694,09:30:02,$ 3460.00,2
1695,09:30:02,$ 3460.00,1
1696,09:30:02,$ 3460.00,3
1697,09:30:02,$ 3460.00,3
1698,09:30:02,$ 3460.00,4
1699,09:30:02,$ 3460.00,50
1700,09:30:02,$ 3460.00,1
1702,09:30:02,$ 3460.00,1
1703,09:30:02,$ 3460.00,15
1704,09:30:02,$ 3460.00,1
1705,09:30:02,$ 3460.00,1
1706,09:30:02,$ 3460.00,1
1707,09:30:02,$ 3460.00,3
1708,09:30:02,$ 3460.00,3
1709,09:30:02,$ 3460.00,4
1710,09:30:02,$ 3460.00,3
1711,09:30:02,$ 3460.00,10
1712,09:30:02,$ 3460.00,15
1713,09:30:02,$ 3460.00,2
1714,09:30:02,$ 3460.00,3
1715,09:30:02,$ 3460.00,1
1716,09:30:02,$ 3460.00,1
1717,09:30:02,$ 3460.00,6
1718,09:30:02,$ 3460.00,19
1719,09:30:02,$ 3460.00,2
1720,09:30:02,$ 3460.00,15
1721,09:30:02,$ 3460.00,15
1723,09:30:02,$ 3460.00,2
1724,09:30:02,$ 3460.00,3
1725,09:30:02,$ 3460.00,19
1726,09:30:02,$ 3460.00,26
1727,09:30:02,$ 3460.00,10
1728,09:30:02,$ 3460.00,115
1729,09:30:02,$ 3460.00,58
1730,09:30:02,$ 3460.00,4
1731,09:30:02,$ 3460.00,6
1732,09:30:02,$ 3460.00,8
1733,09:30:02,$ 3460.00,21
1734,09:30:02,$ 3460.00,14
1735,09:30:02,$ 3460.00,4
1736,09:30:02,$ 3460.00,6
1737,09:30:02,$ 3460.00,3
1738,09:30:02,$ 3460.00,22
1739,09:30:02,$ 3460.00,4
1740,09:30:02,$ 3460.00,3
1741,09:30:02,$ 3460.00,5
1742,09:30:02,$ 3460.00,3
1744,09:30:02,$ 3460.00,2
1745,09:30:02,$ 3460.00,4
1746,09:30:02,$ 3460.00,1
1747,09:30:02,$ 3460.00,35
1748,09:30:02,$ 3460.00,1
1749,09:30:02,$ 3460.00,1
1750,09:30:02,$ 3460.00,1
1751,09:30:02,$ 3460.00,2
1752,09:30:02,$ 3460.00,1
1753,09:30:02,$ 3460.00,1
1754,09:30:02,$ 3460.00,1
1755,09:30:02,$ 3460.00,10
1756,09:30:02,$ 3460.00,2
1757,09:30:02,$ 3460.00,44
1758,09:30:02,$ 3460.00,2
1759,09:30:02,$ 3460.00,63
1760,09:30:02,$ 3460.00,1
1761,09:30:02,$ 3460.00,6
1762,09:30:02,$ 3460.00,5
1763,09:30:02,$ 3460.00,3
1765,09:30:02,$ 3460.00,1
1766,09:30:02,$ 3460.00,1
1767,09:30:02,$ 3460.00,1
1768,09:30:02,$ 3460.00,1
1769,09:30:02,$ 3460.00,1
1770,09:30:02,$ 3460.00,5
1771,09:30:02,$ 3460.00,1
1772,09:30:02,$ 3460.00,16
1773,09:30:02,$ 3460.00,1
1774,09:30:02,$ 3460.00,1
1775,09:30:02,$ 3460.00,2
1776,09:30:02,$ 3460.00,8
1777,09:30:02,$ 3460.00,1
1778,09:30:02,$ 3460.00,1
1779,09:30:02,$ 3460.00,3
1780,09:30:02,$ 3460.00,1
1781,09:30:02,$ 3460.00,2
1782,09:30:02,$ 3460.00,2
1783,09:30:02,$ 3460.00,20
1784,09:30:02,$ 3460.00,10
1786,09:30:02,$ 3460.00,6
1787,09:30:02,$ 3460.00,1
1788,09:30:02,$ 3460.00,1
1789,09:30:02,$ 3460.00,1
1790,09:30:02,$ 3460.00,5
1791,09:30:02,$ 3460.00,1
1792,09:30:02,$ 3460.00,14
1793,09:30:02,$ 3460.00,4
1794,09:30:02,$ 3460.00,15
1795,09:30:02,$ 3460.00,1
1796,09:30:02,$ 3460.00,2
1797,09:30:02,$ 3460.00,1
1798,09:30:02,$ 3460.00,1
1799,09:30:02,$ 3460.00,7
1800,09:30:02,$ 3460.00,18
1801,09:30:02,$ 3460.00,4
1802,09:30:02,$ 3460.00,1
1803,09:30:02,$ 3460.00,5
1804,09:30:02,$ 3460.00,5
1805,09:30:02,$ 3460.00,10
1807,09:30:02,$ 3460.00,1
1808,09:30:02,$ 3460.00,61
1809,09:30:02,$ 3460.00,5
1810,09:30:02,$ 3460.00,5
1811,09:30:02,$ 3460.00,5
1812,09:30:02,$ 3460.00,1
1813,09:30:02,$ 3460.00,5
1814,09:30:02,$ 3460.00,3
1815,09:30:02,$ 3460.00,1
1816,09:30:02,$ 3460.00,1
1817,09:30:02,$ 3460.00,1
1818,09:30:02,$ 3460.00,2
1819,09:30:02,$ 3460.00,4
1820,09:30:02,$ 3460.00,2
1821,09:30:02,$ 3460.00,4
1822,09:30:02,$ 3460.00,2
1823,09:30:02,$ 3460.00,1
1824,09:30:02,$ 3460.00,1
1825,09:30:02,$ 3460.00,8
1826,09:30:02,$ 3460.00,54
1828,09:30:02,$ 3460.00,13
1829,09:30:02,$ 3460.00,4
1830,09:30:02,$ 3460.00,1
1831,09:30:02,$ 3460.00,35
1832,09:30:02,$ 3460.00,3
1833,09:30:02,$ 3460.00,3
1834,09:30:02,$ 3460.00,1
1835,09:30:02,$ 3460.00,4
1836,09:30:02,$ 3460.00,1
1837,09:30:02,$ 3460.00,1
1838,09:30:02,$ 3460.00,5
1839,09:30:02,$ 3460.00,1
1840,09:30:02,$ 3460.00,8
1841,09:30:02,$ 3460.00,1
1842,09:30:02,$ 3460.00,1
1843,09:30:02,$ 3460.00,2
1844,09:30:02,$ 3460.00,3
1845,09:30:02,$ 3460.00,1
1846,09:30:02,$ 3460.00,1
1847,09:30:02,$ 3460.00,1
1849,09:30:02,$ 3460.00,1
1850,09:30:02,$ 3460.00,1
1851,09:30:02,$ 3460.00,1
1852,09:30:02,$ 3460.00,3
1853,09:30:02,$ 3460.00,1
1854,09:30:02,$ 3460.00,1
1855,09:30:02,$ 3460.00,3
1856,09:30:02,$ 3460.00,1
1857,09:30:02,$ 3460.00,10
1858,09:30:02,$ 3460.00,4
1859,09:30:02,$ 3460.00,5
1860,09:30:02,$ 3460.00,1
1861,09:30:02,$ 3460.00,1
1862,09:30:02,$ 3460.00,4
1863,09:30:02,$ 3460.00,5
1864,09:30:02,$ 3460.00,4
1865,09:30:02,$ 3460.00,1
1866,09:30:02,$ 3460.00,8
1867,09:30:02,$ 3460.00,2
1868,09:30:02,$ 3460.00,1
1870,09:30:02,$ 3460.00,2
1871,09:30:02,$ 3460.00,2
1872,09:30:02,$ 3460.00,2
1873,09:30:02,$ 3460.00,1
1874,09:30:02,$ 3460.00,2
1875,09:30:02,$ 3460.00,1
1876,09:30:02,$ 3460.00,1
1877,09:30:02,$ 3460.00,3
1878,09:30:02,$ 3460.00,1
1879,09:30:02,$ 3460.00,1
1880,09:30:02,$ 3460.00,5
1881,09:30:02,$ 3460.00,1
1882,09:30:02,$ 3460.00,1
1883,09:30:02,$ 3460.00,5
1884,09:30:02,$ 3460.00,2
1885,09:30:02,$ 3460.00,2
1886,09:30:02,$ 3460.00,1
1887,09:30:02,$ 3460.00,1
1888,09:30:02,$ 3460.00,2
1889,09:30:02,$ 3460.00,4
1891,09:30:02,$ 3460.00,1
1892,09:30:02,$ 3460.00,10
1893,09:30:02,$ 3460.00,5
1894,09:30:02,$ 3460.00,4
1895,09:30:02,$ 3460.00,1
1896,09:30:02,$ 3460.00,1
1897,09:30:02,$ 3460.00,20
1898,09:30:02,$ 3460.00,18
1899,09:30:02,$ 3460.00,10
1900,09:30:02,$ 3460.00,2
1901,09:30:02,$ 3460.00,1
1902,09:30:02,$ 3460.00,2
1903,09:30:02,$ 3460.00,5
1904,09:30:02,$ 3460.00,1
1905,09:30:02,$ 3460.00,1
1906,09:30:02,$ 3460.00,19
1907,09:30:02,$ 3460.00,1
1908,09:30:02,$ 3460.00,6
1909,09:30:02,$ 3460.00,1
1910,09:30:02,$ 3460.00,1
1912,09:30:02,$ 3460.00,6
1913,09:30:02,$ 3460.00,9
1914,09:30:02,$ 3460.00,3
1915,09:30:02,$ 3460.00,1
1916,09:30:02,$ 3460.00,1
1917,09:30:02,$ 3460.00,22
1918,09:30:02,$ 3460.00,200
1919,09:30:02,$ 3460.00,1
1920,09:30:02,$ 3460.00,1
1921,09:30:02,$ 3460.00,3
1922,09:30:02,$ 3460.00,7
1923,09:30:02,$ 3460.00,10
1924,09:30:02,$ 3460.00,4
1925,09:30:02,$ 3460.00,6
1926,09:30:02,$ 3460.00,3
1927,09:30:02,$ 3460.00,10
1928,09:30:02,$ 3460.00,1
1929,09:30:02,$ 3460.00,1
1930,09:30:02,$ 3460.00,1
1931,09:30:02,$ 3460.00,103
1933,09:30:02,$ 3460.00,259
1934,09:30:02,$ 3460.00,236
1935,09:30:02,$ 3460.00,15
1936,09:30:02,$ 3460.00,1
1937,09:30:02,$ 3460.00,2
1938,09:30:02,$ 3460.00,1
1939,09:30:02,$ 3460.00,5
1940,09:30:02,$ 3460.00,8
1941,09:30:02,$ 3460.00,1
1942,09:30:02,$ 3460.00,1
1943,09:30:02,$ 3460.00,5
1944,09:30:02,$ 3460.00,1
1945,09:30:02,$ 3460.00,5
1946,09:30:02,$ 3460.00,1
1947,09:30:02,$ 3460.00,1
1948,09:30:02,$ 3460.00,1
1949,09:30:02,$ 3460.00,1
1950,09:30:02,$ 3460.00,5
1951,09:30:02,$ 3460.00,2
1952,09:30:02,$ 3460.00,10
1954,09:30:02,$ 3460.00,1
1955,09:30:02,$ 3460.00,1
1956,09:30:02,$ 3460.00,1
1957,09:30:02,$ 3460.00,5
1958,09:30:02,$ 3460.00,3
1959,09:30:02,$ 3460.00,6
1960,09:30:02,$ 3460.00,4
1961,09:30:02,$ 3460.00,2
1962,09:30:02,$ 3460.00,2
1963,09:30:02,$ 3460.00,2
1964,09:30:02,$ 3460.00,1
1965,09:30:02,$ 3460.00,1
1966,09:30:02,$ 3460.00,1
1967,09:30:02,$ 3460.00,3
1968,09:30:02,$ 3460.00,1
1969,09:30:02,$ 3460.00,8
1970,09:30:02,$ 3460.00,1
1971,09:30:02,$ 3460.00,2
1972,09:30:02,$ 3460.00,1
1973,09:30:02,$ 3460.00,10
1975,09:30:02,$ 3460.00,1
1976,09:30:02,$ 3460.00,5
1977,09:30:02,$ 3460.00,2
1978,09:30:02,$ 3460.00,3
1979,09:30:02,$ 3460.00,2
1980,09:30:02,$ 3460.00,20
1981,09:30:02,$ 3460.00,1
1982,09:30:02,$ 3460.00,2
1983,09:30:02,$ 3460.00,45
1984,09:30:02,$ 3460.00,4
1985,09:30:02,$ 3460.00,14
1986,09:30:02,$ 3460.00,5
1987,09:30:02,$ 3460.00,115
1988,09:30:02,$ 3460.00,485
1989,09:30:02,$ 3460.00,30
1990,09:30:02,$ 3460.00,116
1991,09:30:02,$ 3460.00,115
1992,09:30:02,$ 3460.00,115
1993,09:30:02,$ 3460.00,58
1994,09:30:02,$ 3460.00,58
1996,09:30:02,$ 3460.00,57
1997,09:30:02,$ 3460.00,10
1998,09:30:02,$ 3460.00,58
1999,09:30:02,$ 3460.00,1
2000,09:30:02,$ 3460.00,58
2001,09:30:02,$ 3460.00,57
2002,09:30:02,$ 3460.00,3
2003,09:30:02,$ 3460.00,5
2004,09:30:02,$ 3460.00,1
2005,09:30:02,$ 3460.00,2
2006,09:30:02,$ 3460.00,58
2007,09:30:02,$ 3460.00,58
2008,09:30:02,$ 3460.00,57
2009,09:30:02,$ 3460.00,10
2010,09:30:02,$ 3460.00,58
2011,09:30:02,$ 3460.00,1
2012,09:30:02,$ 3460.00,4
2013,09:30:02,$ 3460.00,1
2014,09:30:02,$ 3460.00,2
2015,09:30:02,$ 3460.00,25
2017,09:30:02,$ 3460.00,187
2018,09:30:02,$ 3460.00,400
2019,09:30:02,$ 3460.00,3
2020,09:30:02,$ 3460.00,1
2021,09:30:02,$ 3460.00,1
2022,09:30:02,$ 3460.00,2
2023,09:30:02,$ 3460.00,7
2024,09:30:02,$ 3460.00,1
2025,09:30:02,$ 3460.00,10
2026,09:30:02,$ 3460.00,20
2027,09:30:02,$ 3460.00,1
2028,09:30:02,$ 3460.00,2
2029,09:30:02,$ 3460.00,1
2030,09:30:02,$ 3460.00,6
2031,09:30:02,$ 3460.00,1
2032,09:30:02,$ 3460.00,15
2033,09:30:02,$ 3460.00,1
2034,09:30:02,$ 3460.00,1
2035,09:30:02,$ 3460.00,1
2036,09:30:02,$ 3460.00,1
2038,09:30:02,$ 3460.00,20
2039,09:30:02,$ 3460.00,10
2040,09:30:02,$ 3460.00,29
2041,09:30:02,$ 3460.00,4
2042,09:30:02,$ 3460.00,1
2043,09:30:02,$ 3460.00,29
2044,09:30:02,$ 3460.00,1
2045,09:30:02,$ 3460.00,1
2046,09:30:02,$ 3460.00,1
2047,09:30:02,$ 3460.00,2
2048,09:30:02,$ 3460.00,1
2049,09:30:02,$ 3460.00,18
2050,09:30:02,$ 3460.00,1
2051,09:30:02,$ 3460.00,1
2052,09:30:02,$ 3460.00,1
2053,09:30:02,$ 3460.00,3
2054,09:30:02,$ 3460.00,3
2055,09:30:02,$ 3460.00,1
2056,09:30:02,$ 3460.00,1
2057,09:30:02,$ 3460.00,5
2059,09:30:02,$ 3460.00,1
2060,09:30:02,$ 3460.00,5
2061,09:30:02,$ 3460.00,5
2062,09:30:02,$ 3460.00,2
2063,09:30:02,$ 3460.00,3
2064,09:30:02,$ 3460.00,1
2065,09:30:02,$ 3460.00,12
2066,09:30:02,$ 3460.00,1
2067,09:30:02,$ 3460.00,14
2068,09:30:02,$ 3460.00,28
2069,09:30:02,$ 3460.00,5
2070,09:30:02,$ 3460.00,3
2071,09:30:02,$ 3460.00,14
2072,09:30:02,$ 3460.00,4
2073,09:30:02,$ 3460.00,1
2074,09:30:02,$ 3460.00,5
2075,09:30:02,$ 3460.00,4
2076,09:30:02,$ 3460.00,10
2077,09:30:02,$ 3460.00,1
2078,09:30:02,$ 3460.00,1
2080,09:30:02,$ 3460.00,1
2081,09:30:02,$ 3460.00,2
2082,09:30:02,$ 3460.00,1
2083,09:30:02,$ 3460.00,1
2084,09:30:02,$ 3460.00,1
2085,09:30:02,$ 3460.00,1
2086,09:30:02,$ 3460.00,1
2087,09:30:02,$ 3460.00,2
2088,09:30:02,$ 3460.00,1
2089,09:30:02,$ 3460.00,5
2090,09:30:02,$ 3460.00,13
2091,09:30:02,$ 3460.00,9
2092,09:30:02,$ 3460.00,1
2093,09:30:02,$ 3460.00,1
2094,09:30:02,$ 3460.00,2
2095,09:30:02,$ 3460.00,100
2096,09:30:02,$ 3460.00,1
2097,09:30:02,$ 3460.00,10
2098,09:30:02,$ 3460.00,3
2099,09:30:02,$ 3460.00,3
2101,09:30:02,$ 3460.00,1
2102,09:30:02,$ 3460.00,1
2103,09:30:02,$ 3460.00,1
2104,09:30:02,$ 3460.00,8
2105,09:30:02,$ 3460.00,5
2106,09:30:02,$ 3460.00,10
2107,09:30:02,$ 3460.00,2
2108,09:30:02,$ 3460.00,3
2109,09:30:02,$ 3460.00,1
2110,09:30:02,$ 3460.00,3
2111,09:30:02,$ 3460.00,2
2112,09:30:02,$ 3460.00,4
2113,09:30:02,$ 3460.00,1
2114,09:30:02,$ 3460.00,4
2115,09:30:02,$ 3460.00,1
2116,09:30:02,$ 3460.00,29
2117,09:30:02,$ 3460.00,25
2118,09:30:02,$ 3460.00,1
2119,09:30:02,$ 3460.00,3
2120,09:30:02,$ 3460.00,1
2122,09:30:02,$ 3460.00,1
2123,09:30:02,$ 3460.00,2
2124,09:30:02,$ 3460.00,3
2125,09:30:02,$ 3460.00,26
2126,09:30:02,$ 3460.00,5
2127,09:30:02,$ 3460.00,3
2128,09:30:02,$ 3460.00,4
2129,09:30:02,$ 3460.00,1
2130,09:30:02,$ 3460.00,1
2131,09:30:02,$ 3460.00,1
2132,09:30:02,$ 3460.00,1
2133,09:30:02,$ 3460.00,4
2134,09:30:02,$ 3460.00,4
2135,09:30:02,$ 3460.00,5
2136,09:30:02,$ 3460.00,1
2137,09:30:02,$ 3460.00,1
2138,09:30:02,$ 3460.00,3
2139,09:30:02,$ 3460.00,1
2140,09:30:02,$ 3460.00,1
2141,09:30:02,$ 3460.00,1
2143,09:30:02,$ 3460.00,1
2144,09:30:02,$ 3460.00,1
2145,09:30:02,$ 3460.00,1
2146,09:30:02,$ 3460.00,1
2147,09:30:02,$ 3460.00,6
2148,09:30:02,$ 3460.00,1
2149,09:30:02,$ 3460.00,1
2150,09:30:02,$ 3460.00,1
2151,09:30:02,$ 3460.00,1
2152,09:30:02,$ 3460.00,1
2153,09:30:02,$ 3460.00,1
2154,09:30:02,$ 3460.00,1
2155,09:30:02,$ 3460.00,5
2156,09:30:02,$ 3460.00,1
2157,09:30:02,$ 3460.00,1
2158,09:30:02,$ 3460.00,1
2159,09:30:02,$ 3460.00,1
2160,09:30:02,$ 3460.00,1
2161,09:30:02,$ 3460.00,1
2162,09:30:02,$ 3460.00,2
2164,09:30:02,$ 3460.00,1
2165,09:30:02,$ 3460.00,1
2166,09:30:02,$ 3460.00,1
2167,09:30:02,$ 3460.00,1
2168,09:30:02,$ 3460.00,1
2169,09:30:02,$ 3460.00,1
2170,09:30:02,$ 3460.00,1
2171,09:30:02,$ 3460.00,1
2172,09:30:02,$ 3460.00,2
2173,09:30:02,$ 3460.00,1
2174,09:30:02,$ 3460.00,3
2175,09:30:02,$ 3460.00,1
2176,09:30:02,$ 3460.00,1
2177,09:30:02,$ 3460.00,1
2178,09:30:02,$ 3460.00,1
2179,09:30:02,$ 3460.00,25
2180,09:30:02,$ 3460.00,2
2181,09:30:02,$ 3460.00,1
2182,09:30:02,$ 3460.00,1
2183,09:30:02,$ 3460.00,1
2185,09:30:02,$ 3460.00,8
2186,09:30:02,$ 3460.00,2
2187,09:30:02,$ 3460.00,2
2188,09:30:02,$ 3460.00,2
2189,09:30:02,$ 3460.00,20
2190,09:30:02,$ 3460.00,49
2191,09:30:02,$ 3460.00,1
2192,09:30:02,$ 3460.00,2
2193,09:30:02,$ 3460.00,2
2194,09:30:02,$ 3460.00,3
2195,09:30:02,$ 3460.00,8
2196,09:30:02,$ 3460.00,3
2197,09:30:02,$ 3460.00,3
2198,09:30:02,$ 3460.00,10
2199,09:30:02,$ 3460.00,1
2200,09:30:02,$ 3460.00,2
2201,09:30:02,$ 3460.00,5
2202,09:30:02,$ 3460.00,6
2203,09:30:02,$ 3460.00,3
2204,09:30:02,$ 3460.00,10
2206,09:30:02,$ 3460.00,1
2207,09:30:02,$ 3460.00,2
2208,09:30:02,$ 3460.00,1
2209,09:30:02,$ 3460.00,1
2210,09:30:02,$ 3460.00,80
2211,09:30:02,$ 3460.00,2
2212,09:30:02,$ 3460.00,1
2213,09:30:02,$ 3460.00,2
2214,09:30:02,$ 3460.00,10
2215,09:30:02,$ 3460.00,3
2216,09:30:02,$ 3460.00,2
2217,09:30:02,$ 3460.00,1
2218,09:30:02,$ 3460.00,18
2219,09:30:02,$ 3460.00,10
2220,09:30:02,$ 3460.00,6
2221,09:30:02,$ 3460.00,1
2222,09:30:02,$ 3460.00,7
2223,09:30:02,$ 3460.00,1
2224,09:30:02,$ 3460.00,1
2225,09:30:02,$ 3460.00,10
2227,09:30:02,$ 3460.00,3
2228,09:30:02,$ 3460.00,4
2229,09:30:02,$ 3460.00,46
2230,09:30:02,$ 3460.00,1
2231,09:30:02,$ 3460.00,4
2232,09:30:02,$ 3460.00,57
2233,09:30:02,$ 3460.00,113
2234,09:30:02,$ 3460.00,3
2235,09:30:02,$ 3460.00,2
2236,09:30:02,$ 3460.00,1
2237,09:30:02,$ 3460.00,6
2238,09:30:02,$ 3460.00,20
2239,09:30:02,$ 3460.00,"1,674"
2240,09:30:02,$ 3460.00,1
2241,09:30:02,$ 3460.00,1
2242,09:30:02,$ 3460.00,1
2243,09:30:02,$ 3460.00,1
2244,09:30:02,$ 3460.00,7
2245,09:30:02,$ 3460.00,2
2246,09:30:02,$ 3460.00,3
2248,09:30:02,$ 3460.00,36
2249,09:30:02,$ 3460.00,1
2250,09:30:01,$ 3458.41,100
2251,09:30:01,$ 3459.11,100
2252,09:30:01,$ 3459.13,100
2253,09:30:01,$ 3460.00,100
2254,09:30:01,$ 3460.00,100
2256,10:29:53,$ 3464.0248,190
2257,10:29:51,$ 3464.875,200
2258,10:29:51,$ 3464.4001,300
2259,10:29:39,$ 3465.00,100
2260,10:29:37,$ 3464.00,100
2261,10:29:34,$ 3464.50,100
2262,10:29:30,$ 3463.7635,200
2263,10:29:22,$ 3464.09,179
2264,10:29:22,$ 3464.00,111
2265,10:29:22,$ 3464.00,100
2266,10:29:22,$ 3463.98,100
2267,10:29:22,$ 3464.00,290
2268,10:29:17,$ 3463.10,100
2269,10:29:17,$ 3462.875,500
2270,10:29:15,$ 3463.00,198
2271,10:29:15,$ 3463.00,102
2272,10:29:14,$ 3462.89,100
2273,10:29:10,$ 3462.21,100
2274,10:28:58,$ 3462.51,100
2275,10:28:57,$ 3462.295,100
2277,10:28:53,$ 3460.75,100
2278,10:28:24,$ 3462.50,100
2279,10:28:24,$ 3462.00,100
2280,10:28:22,$ 3462.50,500
2281,10:28:16,$ 3463.00,100
2282,10:28:12,$ 3462.1882,500
2283,10:28:05,$ 3462.13,100
2284,10:28:03,$ 3460.31,166
2285,10:27:50,$ 3459.5607,100
2286,10:27:45,$ 3458.96,100
2287,10:27:26,$ 3457.94,100
2288,10:27:21,$ 3457.99,100
2289,10:27:19,$ 3457.00,100
2290,10:27:19,$ 3457.82,100
2291,10:27:16,$ 3457.46,100
2292,10:27:15,$ 3458.57,100
2293,10:27:07,$ 3458.7826,200
2294,10:27:05,$ 3458.51,100
2295,10:27:05,$ 3458.55,100
2296,10:27:05,$ 3458.9298,250
2298,10:26:52,$ 3458.80,100
2299,10:26:51,$ 3459.17,109
2300,10:26:51,$ 3459.17,100
2301,10:26:51,$ 3458.6133,406
2302,10:26:51,$ 3459.63,100
2303,10:26:51,$ 3460.01,100
2304,10:26:50,$ 3460.625,100
2305,10:26:50,$ 3460.76,144
2306,10:26:50,$ 3461.08,100
2307,10:26:44,$ 3462.30,100
2308,10:26:43,$ 3462.8547,100
2309,10:26:04,$ 3463.5199,400
2310,10:26:00,$ 3462.6232,282
2311,10:25:56,$ 3462.5534,110
2312,10:25:46,$ 3462.2822,175
2313,10:25:32,$ 3460.985,200
2314,10:25:26,$ 3460.01,100
2315,10:25:05,$ 3460.6036,361
2316,10:25:05,$ 3460.75,100
2317,10:25:05,$ 3460.72,100
2319,10:25:05,$ 3460.75,122
2320,10:25:05,$ 3460.75,100
2321,10:25:05,$ 3460.75,100
2322,10:25:05,$ 3460.768,100
2323,10:25:05,$ 3460.90,100
2324,10:25:05,$ 3462.0374,500
2325,10:25:02,$ 3462.0101,500
2326,10:24:59,$ 3462.22,100
2327,10:24:57,$ 3463.14,122
2328,10:24:56,$ 3463.14,100
2329,10:24:52,$ 3462.24,100
2330,10:24:50,$ 3462.36,100
2331,10:24:50,$ 3462.34,100
2332,10:24:50,$ 3462.34,100
2333,10:24:50,$ 3462.36,100
2334,10:24:50,$ 3462.34,100
2335,10:24:50,$ 3462.36,100
2336,10:24:50,$ 3462.36,100
2337,10:24:49,$ 3462.5065,200
2338,10:24:46,$ 3462.365,500
2340,10:24:44,$ 3462.14,100
2341,10:24:42,$ 3462.315,500
2342,10:24:33,$ 3461.00,100
2343,10:24:33,$ 3460.8969,356
2344,10:24:27,$ 3460.55,178
2345,10:24:25,$ 3460.73,100
2346,10:24:25,$ 3460.10,100
2347,10:24:25,$ 3460.10,100
2348,10:24:25,$ 3460.10,103
2349,10:24:25,$ 3460.10,100
2350,10:24:25,$ 3460.10,115
2351,10:24:25,$ 3460.10,100
2352,10:24:24,$ 3460.10,100
2353,10:24:24,$ 3460.10,100
2354,10:24:24,$ 3459.88,100
2355,10:24:24,$ 3459.87,115
2356,10:24:24,$ 3459.6501,100
2357,10:24:24,$ 3460.10,100
2358,10:24:23,$ 3460.91,100
2359,10:24:22,$ 3459.87,100
2361,10:24:22,$ 3459.87,100
2362,10:24:19,$ 3460.94,100
2363,10:24:19,$ 3460.905,100
2364,10:24:19,$ 3460.955,100
2365,10:24:19,$ 3460.95,100
2366,10:24:19,$ 3460.97,100
2367,10:24:19,$ 3460.97,100
2368,10:24:19,$ 3460.00,100
2369,10:24:19,$ 3460.31,100
2370,10:24:17,$ 3460.00,100
2371,10:24:17,$ 3459.05,100
2372,10:24:14,$ 3459.0401,100
2373,10:24:05,$ 3458.22,100
2374,10:23:57,$ 3459.00,100
2375,10:23:56,$ 3458.80,100
2376,10:23:52,$ 3458.57,100
2377,10:23:50,$ 3457.57,175
2378,10:23:46,$ 3456.39,100
2379,10:23:45,$ 3456.655,"1,000"
2380,10:23:29,$ 3456.11,100
2382,10:23:29,$ 3456.9078,500
2383,10:23:29,$ 3456.23,100
2384,10:23:28,$ 3456.63,100
2385,10:23:17,$ 3456.30,100
2386,10:23:17,$ 3456.56,100
2387,10:23:14,$ 3455.63,200
2388,10:23:12,$ 3455.30,200
2389,10:23:08,$ 3454.89,100
2390,10:23:07,$ 3454.8227,100
2391,10:22:36,$ 3454.16,100
2392,10:22:29,$ 3454.57,100
2393,10:22:23,$ 3454.59,100
2394,10:22:16,$ 3454.57,100
2395,10:22:13,$ 3453.55,100
2396,10:22:09,$ 3454.55,200
2397,10:22:08,$ 3454.60,100
2398,10:21:35,$ 3454.22,100
2399,10:21:32,$ 3453.56,100
2400,10:21:09,$ 3452.76,100
2401,10:21:08,$ 3453.8911,100
2403,10:20:27,$ 3454.67,100
2404,10:20:04,$ 3456.54,100
2405,10:20:04,$ 3456.525,100
2406,10:19:56,$ 3456.625,100
2407,10:19:55,$ 3454.57,100
2408,10:19:49,$ 3456.62,100
2409,10:19:00,$ 3454.385,200
2410,10:18:35,$ 3453.418,200
2411,10:18:32,$ 3453.99,100
2412,10:18:28,$ 3453.53,100
2413,10:18:28,$ 3453.53,100
2414,10:18:28,$ 3453.71,100
2415,10:18:21,$ 3455.69,100
2416,10:18:21,$ 3455.00,100
2417,10:18:19,$ 3454.40,100
2418,10:18:12,$ 3454.263,500
2419,10:18:11,$ 3454.30,100
2420,10:18:08,$ 3453.2799,850
2421,10:18:06,$ 3454.00,100
2422,10:18:02,$ 3453.59,100
2424,10:17:55,$ 3453.02,100
2425,10:17:55,$ 3452.82,100
2426,10:17:32,$ 3451.16,200
2427,10:17:31,$ 3451.48,100
2428,10:17:25,$ 3451.02,100
2429,10:17:25,$ 3451.02,100
2430,10:17:17,$ 3451.7656,400
2431,10:17:01,$ 3449.938,200
2432,10:16:59,$ 3449.45,100
2433,10:16:57,$ 3449.17,100
2434,10:16:52,$ 3449.435,100
2435,10:16:48,$ 3449.16,200
2436,10:16:48,$ 3449.01,100
2437,10:16:37,$ 3448.7367,100
2438,10:16:36,$ 3448.23,100
2439,10:16:29,$ 3448.695,200
2440,10:16:29,$ 3448.13,100
2441,10:16:29,$ 3448.15,115
2442,10:16:07,$ 3448.58,200
2443,10:16:07,$ 3448.265,100
2445,10:16:07,$ 3448.59,100
2446,10:15:39,$ 3447.74,100
2447,10:15:30,$ 3447.2001,100
2448,10:15:11,$ 3449.00,348
2449,10:13:56,$ 3451.385,179
2450,10:13:52,$ 3451.44,103
2451,10:13:33,$ 3449.50,100
2452,10:13:25,$ 3449.00,100
2453,10:13:25,$ 3449.52,100
2454,10:13:23,$ 3450.23,100
2455,10:13:20,$ 3450.31,100
2456,10:13:14,$ 3450.985,100
2457,10:13:06,$ 3450.55,100
2458,10:13:00,$ 3449.29,100
2459,10:12:49,$ 3450.20,100
2460,10:12:48,$ 3451.215,100
2461,10:12:48,$ 3451.21,100
2462,10:12:48,$ 3450.7952,500
2463,10:12:44,$ 3451.59,100
2464,10:12:42,$ 3452.01,100
2466,10:12:42,$ 3452.20,100
2467,10:12:42,$ 3452.27,100
2468,10:12:41,$ 3452.75,100
2469,10:12:40,$ 3453.24,300
2470,10:12:33,$ 3452.39,100
2471,10:12:22,$ 3452.34,100
2472,10:12:13,$ 3452.66,100
2473,10:12:12,$ 3453.99,106
2474,10:12:00,$ 3452.40,100
2475,10:11:59,$ 3452.87,100
2476,10:11:54,$ 3453.11,100
2477,10:11:51,$ 3453.20,100
2478,10:11:46,$ 3454.07,100
2479,10:11:19,$ 3455.5413,100
2480,10:11:02,$ 3456.04,178
2481,10:10:53,$ 3456.57,100
2482,10:10:39,$ 3456.03,100
2483,10:10:39,$ 3456.18,100
2484,10:10:20,$ 3455.62,100
2485,10:10:14,$ 3456.49,100
2487,10:10:08,$ 3457.19,200
2488,10:10:08,$ 3457.00,100
2489,10:10:03,$ 3457.9999,285
2490,10:10:01,$ 3457.18,100
2491,10:09:48,$ 3457.25,168
2492,10:09:27,$ 3456.38,113
2493,10:08:54,$ 3456.4601,100
2494,10:08:45,$ 3457.25,100
2495,10:08:35,$ 3456.66,100
2496,10:08:35,$ 3456.64,100
2497,10:08:35,$ 3456.56,100
2498,10:08:33,$ 3456.60,100
2499,10:08:33,$ 3456.34,200
2500,10:08:09,$ 3455.78,100
2501,10:08:09,$ 3455.9999,100
2502,10:08:02,$ 3453.64,200
2503,10:08:02,$ 3453.28,100
2504,10:08:02,$ 3453.28,100
2505,10:08:02,$ 3453.28,100
2506,10:08:02,$ 3453.28,100
2508,10:07:59,$ 3453.61,146
2509,10:07:58,$ 3452.215,100
2510,10:07:57,$ 3453.17,100
2511,10:07:51,$ 3453.32,100
2512,10:07:44,$ 3455.03,100
2513,10:07:28,$ 3455.94,100
2514,10:07:28,$ 3455.60,100
2515,10:07:27,$ 3454.79,100
2516,10:07:25,$ 3455.95,100
2517,10:07:25,$ 3455.83,100
2518,10:07:22,$ 3456.55,100
2519,10:07:12,$ 3455.07,100
2520,10:07:12,$ 3454.99,100
2521,10:07:05,$ 3453.97,100
2522,10:07:03,$ 3453.95,100
2523,10:07:03,$ 3453.95,100
2524,10:07:03,$ 3454.38,100
2525,10:07:03,$ 3454.43,100
2526,10:07:03,$ 3454.42,100
2527,10:07:03,$ 3453.93,100
2529,10:07:03,$ 3453.93,100
2530,10:06:59,$ 3454.04,100
2531,10:06:59,$ 3453.28,100
2532,10:05:56,$ 3453.75,300
2533,10:05:56,$ 3454.07,100
2534,10:05:52,$ 3453.00,107
2535,10:05:52,$ 3452.80,100
2536,10:05:49,$ 3453.00,275
2537,10:05:47,$ 3453.26,250
2538,10:05:21,$ 3454.62,100
2539,10:05:19,$ 3453.84,100
2540,10:05:14,$ 3452.75,100
2541,10:05:14,$ 3452.75,207
2542,10:04:46,$ 3450.79,100
2543,10:04:44,$ 3451.00,115
2544,10:04:44,$ 3451.00,116
2545,10:04:42,$ 3449.90,100
2546,10:04:42,$ 3449.6468,100
2547,10:04:23,$ 3449.62,116
2548,10:04:12,$ 3448.65,100
2550,10:04:05,$ 3449.43,100
2551,10:03:57,$ 3451.326,100
2552,10:03:46,$ 3451.17,100
2553,10:03:46,$ 3451.38,100
2554,10:03:44,$ 3451.72,100
2555,10:03:33,$ 3452.75,100
2556,10:03:18,$ 3451.78,100
2557,10:03:06,$ 3451.78,100
2558,10:03:06,$ 3451.78,100
2559,10:03:00,$ 3452.26,100
2560,10:02:55,$ 3453.08,100
2561,10:02:55,$ 3453.08,100
2562,10:02:45,$ 3454.32,100
2563,10:02:43,$ 3453.935,100
2564,10:02:29,$ 3452.30,100
2565,10:02:29,$ 3452.29,131
2566,10:02:29,$ 3452.28,159
2567,10:02:29,$ 3451.49,100
2568,10:02:29,$ 3451.50,105
2569,10:02:23,$ 3451.06,100
2571,10:02:23,$ 3450.07,100
2572,10:02:21,$ 3450.4832,200
2573,10:02:18,$ 3450.00,100
2574,10:02:11,$ 3451.01,100
2575,10:02:03,$ 3451.17,100
2576,10:01:50,$ 3450.0001,100
2577,10:01:37,$ 3453.38,100
2578,10:01:36,$ 3452.305,200
2579,10:01:32,$ 3454.08,100
2580,10:01:31,$ 3454.62,200
2581,10:01:26,$ 3454.40,100
2582,10:01:26,$ 3454.40,100
2583,10:01:26,$ 3454.40,100
2584,10:01:26,$ 3454.39,100
2585,10:01:26,$ 3454.40,100
2586,10:01:08,$ 3453.50,100
2587,10:01:06,$ 3453.47,100
2588,10:00:59,$ 3453.55,100
2589,10:00:59,$ 3453.50,100
2590,10:00:52,$ 3453.34,117
2592,10:00:50,$ 3454.00,100
2593,10:00:50,$ 3453.98,100
2594,10:00:50,$ 3453.07,100
2595,10:00:50,$ 3453.01,100
2596,10:00:50,$ 3453.01,100
2597,10:00:50,$ 3452.92,100
2598,10:00:50,$ 3453.71,100
2599,10:00:40,$ 3453.39,115
2600,10:00:40,$ 3452.93,115
2601,10:00:40,$ 3453.28,114
2602,10:00:40,$ 3452.85,251
2603,10:00:40,$ 3452.83,100
2604,10:00:40,$ 3452.93,190
2605,10:00:29,$ 3451.395,100
2606,10:00:12,$ 3452.925,100
2607,10:00:09,$ 3453.13,100
2608,10:00:09,$ 3453.13,116
2609,10:00:02,$ 3454.672,500
2611,10:59:37,$ 3458.885,500
2612,10:58:58,$ 3459.15,100
2613,10:58:49,$ 3458.26,100
2614,10:58:33,$ 3457.48,100
2615,10:58:19,$ 3457.45,100
2616,10:58:14,$ 3456.545,100
2617,10:58:12,$ 3457.09,100
2618,10:57:55,$ 3456.05,100
2619,10:57:27,$ 3455.07,100
2620,10:57:24,$ 3455.3414,140
2621,10:57:11,$ 3454.445,100
2622,10:57:11,$ 3454.47,100
2623,10:57:11,$ 3454.44,100
2624,10:57:11,$ 3455.00,100
2625,10:57:09,$ 3455.3801,100
2626,10:57:05,$ 3455.80,100
2627,10:57:05,$ 3455.82,100
2628,10:57:03,$ 3455.905,100
2629,10:56:53,$ 3455.40,100
2630,10:56:52,$ 3455.725,132
2632,10:56:45,$ 3456.25,100
2633,10:56:39,$ 3456.08,100
2634,10:56:39,$ 3456.10,100
2635,10:56:39,$ 3456.51,100
2636,10:56:35,$ 3457.06,134
2637,10:56:35,$ 3457.06,176
2638,10:56:24,$ 3456.618,100
2639,10:56:22,$ 3456.74,100
2640,10:56:20,$ 3456.43,100
2641,10:56:20,$ 3456.4304,100
2642,10:56:20,$ 3457.4601,100
2643,10:56:20,$ 3457.45,150
2644,10:56:20,$ 3457.46,100
2645,10:56:20,$ 3457.4601,100
2646,10:56:18,$ 3458.2659,216
2647,10:56:16,$ 3457.54,100
2648,10:56:16,$ 3457.99,200
2649,10:56:05,$ 3458.5101,100
2650,10:55:50,$ 3458.04,100
2651,10:55:50,$ 3458.4184,120
2653,10:55:24,$ 3458.98,100
2654,10:55:24,$ 3459.01,115
2655,10:55:24,$ 3459.01,116
2656,10:55:21,$ 3458.46,100
2657,10:55:21,$ 3458.6823,"1,000"
2658,10:54:34,$ 3460.66,150
2659,10:54:32,$ 3460.52,100
2660,10:54:31,$ 3460.59,100
2661,10:54:31,$ 3460.56,100
2662,10:54:31,$ 3459.6523,100
2663,10:54:31,$ 3459.95,100
2664,10:54:31,$ 3460.57,100
2665,10:54:29,$ 3460.66,100
2666,10:53:59,$ 3461.5866,100
2667,10:53:51,$ 3461.19,100
2668,10:53:50,$ 3461.77,100
2669,10:53:30,$ 3463.1899,100
2670,10:53:28,$ 3462.89,100
2671,10:53:20,$ 3462.18,100
2672,10:53:15,$ 3462.165,100
2674,10:52:42,$ 3461.07,100
2675,10:52:42,$ 3461.10,100
2676,10:52:06,$ 3460.995,100
2677,10:52:02,$ 3460.99,100
2678,10:52:00,$ 3461.055,100
2679,10:52:00,$ 3461.04,100
2680,10:52:00,$ 3461.02,100
2681,10:51:32,$ 3461.41,100
2682,10:51:19,$ 3460.40,100
2683,10:51:07,$ 3460.80,100
2684,10:51:00,$ 3460.165,100
2685,10:50:58,$ 3460.00,100
2686,10:50:56,$ 3460.70,100
2687,10:50:47,$ 3460.9257,250
2688,10:50:47,$ 3460.66,100
2689,10:50:42,$ 3461.0057,153
2690,10:50:39,$ 3461.8342,126
2691,10:50:37,$ 3461.185,100
2692,10:50:21,$ 3461.57,125
2693,10:50:09,$ 3462.47,100
2695,10:50:07,$ 3462.015,200
2696,10:49:35,$ 3461.84,100
2697,10:49:23,$ 3463.76,100
2698,10:49:21,$ 3462.63,100
2699,10:49:16,$ 3462.95,100
2700,10:49:08,$ 3464.61,100
2701,10:48:50,$ 3464.25,100
2702,10:48:50,$ 3464.12,100
2703,10:48:46,$ 3464.6997,100
2704,10:48:20,$ 3465.20,100
2705,10:48:07,$ 3465.00,100
2706,10:48:03,$ 3465.365,100
2707,10:47:56,$ 3465.445,100
2708,10:47:46,$ 3463.68,100
2709,10:47:44,$ 3463.69,100
2710,10:47:44,$ 3464.00,100
2711,10:47:41,$ 3462.8215,100
2712,10:47:38,$ 3462.77,200
2713,10:47:37,$ 3463.3686,185
2714,10:47:37,$ 3463.3686,213
2716,10:47:37,$ 3462.70,100
2717,10:47:37,$ 3462.72,100
2718,10:47:14,$ 3460.86,100
2719,10:47:14,$ 3461.4899,100
2720,10:47:11,$ 3461.13,100
2721,10:47:06,$ 3460.09,100
2722,10:47:05,$ 3460.60,100
2723,10:47:05,$ 3460.62,100
2724,10:46:58,$ 3461.35,100
2725,10:46:53,$ 3462.885,100
2726,10:46:50,$ 3463.195,100
2727,10:46:33,$ 3462.88,100
2728,10:46:28,$ 3463.655,100
2729,10:46:19,$ 3462.78,100
2730,10:46:19,$ 3462.89,100
2731,10:46:05,$ 3463.92,100
2732,10:45:58,$ 3463.06,100
2733,10:45:56,$ 3463.645,100
2734,10:45:39,$ 3465.0299,100
2735,10:45:17,$ 3463.95,100
2737,10:45:03,$ 3463.58,100
2738,10:45:03,$ 3463.24,100
2739,10:45:03,$ 3464.04,100
2740,10:44:16,$ 3463.985,150
2741,10:43:57,$ 3464.71,100
2742,10:43:53,$ 3465.13,100
2743,10:43:51,$ 3465.84,100
2744,10:43:51,$ 3464.9004,100
2745,10:43:51,$ 3465.27,100
2746,10:43:27,$ 3467.5768,376
2747,10:43:25,$ 3465.13,100
2748,10:43:19,$ 3466.354,"1,000"
2749,10:43:13,$ 3464.05,200
2750,10:43:00,$ 3463.91,100
2751,10:42:57,$ 3464.50,100
2752,10:42:57,$ 3464.48,100
2753,10:42:39,$ 3462.75,500
2754,10:42:23,$ 3463.575,"1,000"
2755,10:42:21,$ 3464.00,100
2756,10:42:21,$ 3463.81,100
2758,10:42:21,$ 3463.57,107
2759,10:42:21,$ 3463.58,100
2760,10:42:18,$ 3465.58,100
2761,10:42:16,$ 3464.73,100
2762,10:42:03,$ 3465.48,130
2763,10:42:03,$ 3465.48,100
2764,10:42:03,$ 3465.53,100
2765,10:42:02,$ 3465.49,100
2766,10:42:01,$ 3465.62,100
2767,10:41:54,$ 3466.80,100
2768,10:41:49,$ 3467.16,100
2769,10:41:48,$ 3466.2794,159
2770,10:41:48,$ 3466.4233,103
2771,10:41:24,$ 3466.37,100
2772,10:41:19,$ 3465.295,100
2773,10:41:17,$ 3466.00,200
2774,10:41:07,$ 3465.435,101
2775,10:41:07,$ 3465.92,100
2776,10:40:52,$ 3466.80,100
2777,10:40:30,$ 3467.43,100
2779,10:40:14,$ 3468.465,100
2780,10:40:09,$ 3468.447,125
2781,10:40:01,$ 3468.385,500
2782,10:40:00,$ 3468.14,100
2783,10:40:00,$ 3468.14,100
2784,10:39:59,$ 3468.60,100
2785,10:39:57,$ 3469.22,100
2786,10:39:57,$ 3468.14,100
2787,10:39:52,$ 3468.54,100
2788,10:39:52,$ 3468.535,200
2789,10:39:52,$ 3468.535,100
2790,10:39:52,$ 3468.535,100
2791,10:39:51,$ 3468.685,116
2792,10:39:45,$ 3468.76,500
2793,10:39:44,$ 3468.49,100
2794,10:39:38,$ 3468.005,165
2795,10:39:33,$ 3468.08,100
2796,10:39:33,$ 3468.08,200
2797,10:39:27,$ 3467.3801,500
2798,10:39:12,$ 3468.003,100
2800,10:39:06,$ 3468.0657,200
2801,10:38:57,$ 3468.74,100
2802,10:38:41,$ 3468.18,100
2803,10:38:41,$ 3468.19,100
2804,10:38:41,$ 3468.17,100
2805,10:38:38,$ 3468.845,500
2806,10:38:38,$ 3468.50,100
2807,10:38:21,$ 3467.8237,169
2808,10:37:59,$ 3467.869,190
2809,10:37:58,$ 3468.00,100
2810,10:37:55,$ 3467.1796,200
2811,10:37:55,$ 3467.0501,100
2812,10:37:52,$ 3467.3771,100
2813,10:37:49,$ 3468.11,100
2814,10:37:49,$ 3468.41,100
2815,10:37:48,$ 3468.395,100
2816,10:37:45,$ 3468.00,158
2817,10:37:45,$ 3467.5654,100
2818,10:37:45,$ 3467.86,295
2819,10:37:45,$ 3467.6539,295
2821,10:37:45,$ 3467.86,100
2822,10:37:39,$ 3466.34,500
2823,10:37:32,$ 3466.34,100
2824,10:37:14,$ 3465.92,100
2825,10:37:09,$ 3466.98,100
2826,10:37:05,$ 3465.005,500
2827,10:36:56,$ 3465.64,100
2828,10:36:56,$ 3465.30,100
2829,10:36:48,$ 3465.965,500
2830,10:36:48,$ 3466.00,140
2831,10:36:48,$ 3466.00,110
2832,10:36:37,$ 3465.765,114
2833,10:36:34,$ 3465.63,100
2834,10:36:31,$ 3465.9054,500
2835,10:36:24,$ 3464.3841,356
2836,10:36:23,$ 3464.925,100
2837,10:36:20,$ 3464.785,100
2838,10:36:09,$ 3464.04,100
2839,10:36:09,$ 3463.5989,500
2840,10:36:07,$ 3464.12,100
2842,10:36:00,$ 3464.03,500
2843,10:35:59,$ 3464.695,100
2844,10:35:55,$ 3463.97,100
2845,10:35:26,$ 3462.23,100
2846,10:35:12,$ 3463.0001,100
2847,10:35:08,$ 3463.72,100
2848,10:34:48,$ 3464.095,250
2849,10:34:44,$ 3464.31,100
2850,10:34:43,$ 3464.50,100
2851,10:34:43,$ 3464.12,100
2852,10:34:33,$ 3465.045,100
2853,10:34:33,$ 3465.045,100
2854,10:34:27,$ 3465.47,100
2855,10:34:27,$ 3464.95,100
2856,10:34:24,$ 3465.25,200
2857,10:34:24,$ 3465.30,100
2858,10:34:21,$ 3465.67,100
2859,10:34:18,$ 3465.74,100
2860,10:34:10,$ 3466.00,200
2861,10:34:01,$ 3465.495,100
2863,10:33:57,$ 3465.37,100
2864,10:33:48,$ 3464.24,200
2865,10:33:16,$ 3463.0001,100
2866,10:33:14,$ 3462.84,100
2867,10:33:12,$ 3463.84,100
2868,10:33:12,$ 3463.84,198
2869,10:33:08,$ 3463.13,100
2870,10:33:07,$ 3463.83,100
2871,10:33:04,$ 3461.40,100
2872,10:32:55,$ 3462.88,100
2873,10:32:55,$ 3462.6839,100
2874,10:32:44,$ 3463.27,100
2875,10:32:44,$ 3463.77,100
2876,10:32:42,$ 3462.76,100
2877,10:32:31,$ 3463.3711,100
2878,10:32:28,$ 3463.9599,100
2879,10:32:26,$ 3464.215,100
2880,10:32:22,$ 3463.48,100
2881,10:32:08,$ 3463.33,100
2882,10:32:03,$ 3463.5194,126
2884,10:32:01,$ 3463.84,100
2885,10:31:40,$ 3463.71,200
2886,10:31:15,$ 3462.00,100
2887,10:31:07,$ 3462.00,400
2888,10:31:07,$ 3462.00,100
2889,10:30:58,$ 3463.82,100
2890,10:30:58,$ 3462.61,100
2891,10:30:51,$ 3463.08,100
2892,10:30:51,$ 3462.61,100
2893,10:30:51,$ 3462.65,100
2894,10:30:43,$ 3463.20,100
2895,10:30:42,$ 3463.8572,443
2896,10:30:31,$ 3462.925,100
2897,10:30:29,$ 3464.96,100
2898,10:30:23,$ 3464.85,100
2899,10:30:21,$ 3465.35,100
2900,10:30:21,$ 3464.99,100
2901,10:30:08,$ 3463.77,100
2903,11:29:51,$ 3454.68,117
2904,11:29:23,$ 3455.035,100
2905,11:29:18,$ 3455.00,100
2906,11:29:04,$ 3455.00,100
2907,11:29:03,$ 3455.91,100
2908,11:28:15,$ 3455.39,100
2909,11:28:09,$ 3454.99,100
2910,11:28:09,$ 3455.00,200
2911,11:28:06,$ 3454.00,100
2912,11:28:02,$ 3454.96,100
2913,11:27:49,$ 3453.61,108
2914,11:27:15,$ 3453.74,100
2915,11:27:11,$ 3453.5398,100
2916,11:27:06,$ 3453.225,100
2917,11:27:05,$ 3453.30,400
2918,11:27:05,$ 3453.58,100
2919,11:27:01,$ 3453.28,100
2920,11:26:58,$ 3453.01,100
2921,11:26:31,$ 3454.905,200
2922,11:26:31,$ 3454.25,100
2924,11:26:09,$ 3454.46,100
2925,11:25:08,$ 3455.91,100
2926,11:24:50,$ 3455.89,100
2927,11:24:50,$ 3455.47,100
2928,11:24:49,$ 3455.49,100
2929,11:24:49,$ 3456.01,100
2930,11:24:49,$ 3456.00,100
2931,11:24:35,$ 3455.9017,100
2932,11:24:25,$ 3456.18,100
2933,11:24:25,$ 3456.17,100
2934,11:24:20,$ 3456.50,100
2935,11:23:46,$ 3457.32,100
2936,11:23:33,$ 3457.885,100
2937,11:23:19,$ 3458.31,100
2938,11:23:06,$ 3457.27,100
2939,11:23:02,$ 3457.27,100
2940,11:23:01,$ 3456.80,100
2941,11:22:37,$ 3456.73,100
2942,11:22:22,$ 3455.00,221
2943,11:21:59,$ 3453.6425,100
2945,11:21:55,$ 3452.44,100
2946,11:21:48,$ 3453.03,100
2947,11:21:48,$ 3453.03,100
2948,11:21:48,$ 3453.27,100
2949,11:21:36,$ 3453.04,100
2950,11:21:21,$ 3454.00,300
2951,11:21:21,$ 3454.08,100
2952,11:21:20,$ 3454.36,100
2953,11:21:04,$ 3453.9875,100
2954,11:21:02,$ 3454.425,100
2955,11:21:02,$ 3454.42,100
2956,11:21:02,$ 3454.835,200
2957,11:20:50,$ 3455.4553,115
2958,11:20:46,$ 3455.59,100
2959,11:20:40,$ 3454.165,116
2960,11:20:12,$ 3454.95,100
2961,11:20:09,$ 3456.51,100
2962,11:20:09,$ 3456.51,100
2963,11:20:04,$ 3455.01,100
2964,11:19:58,$ 3456.51,"1,000"
2966,11:19:43,$ 3455.3889,100
2967,11:19:37,$ 3456.61,100
2968,11:19:37,$ 3455.81,100
2969,11:19:32,$ 3455.705,500
2970,11:19:19,$ 3457.975,100
2971,11:19:19,$ 3457.955,100
2972,11:19:19,$ 3458.00,100
2973,11:18:52,$ 3455.76,100
2974,11:18:41,$ 3454.84,100
2975,11:18:40,$ 3455.22,100
2976,11:18:19,$ 3456.2299,100
2977,11:18:19,$ 3455.33,100
2978,11:18:12,$ 3455.2601,100
2979,11:18:09,$ 3454.98,100
2980,11:17:58,$ 3455.9864,129
2981,11:17:48,$ 3454.695,190
2982,11:17:36,$ 3455.85,100
2983,11:17:36,$ 3455.85,100
2984,11:17:14,$ 3457.3601,400
2985,11:16:51,$ 3457.9719,250
2987,11:16:27,$ 3459.695,100
2988,11:16:11,$ 3458.3099,100
2989,11:16:03,$ 3457.00,100
2990,11:16:03,$ 3457.07,100
2991,11:16:03,$ 3457.00,318
2992,11:16:03,$ 3457.00,178
2993,11:16:03,$ 3457.00,100
2994,11:15:50,$ 3458.25,100
2995,11:15:50,$ 3458.25,100
2996,11:15:50,$ 3458.32,100
2997,11:15:32,$ 3459.53,100
2998,11:15:32,$ 3459.50,100
2999,11:15:30,$ 3461.19,110
3000,11:15:23,$ 3461.68,100
3001,11:15:22,$ 3461.22,100
3002,11:15:22,$ 3461.22,100
3003,11:15:19,$ 3461.70,100
3004,11:15:12,$ 3461.70,100
3005,11:15:04,$ 3462.47,100
3006,11:14:37,$ 3463.8199,100
3008,11:14:31,$ 3462.8712,100
3009,11:14:18,$ 3463.37,100
3010,11:14:18,$ 3462.47,100
3011,11:14:14,$ 3461.2701,115
3012,11:13:49,$ 3462.24,156
3013,11:13:40,$ 3463.015,100
3014,11:13:16,$ 3462.18,100
3015,11:13:04,$ 3462.2679,100
3016,11:13:02,$ 3462.17,100
3017,11:12:59,$ 3462.79,100
3018,11:12:54,$ 3462.6901,100
3019,11:12:33,$ 3461.5001,400
3020,11:12:30,$ 3462.14,100
3021,11:12:19,$ 3461.9999,100
3022,11:12:15,$ 3462.3199,100
3023,11:12:06,$ 3461.69,100
3024,11:12:06,$ 3462.49,100
3025,11:12:06,$ 3462.42,100
3026,11:12:03,$ 3463.12,100
3027,11:12:03,$ 3462.9853,100
3029,11:11:26,$ 3462.4901,400
3030,11:10:58,$ 3463.27,100
3031,11:10:07,$ 3463.23,100
3032,11:10:03,$ 3463.64,100
3033,11:10:00,$ 3464.00,100
3034,11:10:00,$ 3464.00,100
3035,11:10:00,$ 3464.00,100
3036,11:09:44,$ 3464.499,138
3037,11:09:09,$ 3462.50,100
3038,11:09:01,$ 3461.64,100
3039,11:08:44,$ 3461.635,100
3040,11:08:03,$ 3460.06,100
3041,11:07:59,$ 3460.01,200
3042,11:07:47,$ 3460.54,100
3043,11:07:45,$ 3461.34,100
3044,11:07:43,$ 3462.0199,200
3045,11:07:34,$ 3461.78,100
3046,11:07:32,$ 3462.15,100
3047,11:07:22,$ 3462.39,100
3048,11:07:13,$ 3462.80,100
3050,11:07:12,$ 3462.97,100
3051,11:07:12,$ 3463.00,100
3052,11:06:58,$ 3461.83,100
3053,11:06:56,$ 3462.18,100
3054,11:06:56,$ 3461.815,162
3055,11:06:56,$ 3461.815,125
3056,11:06:55,$ 3461.51,100
3057,11:06:53,$ 3461.43,100
3058,11:06:53,$ 3461.54,100
3059,11:06:41,$ 3460.5818,100
3060,11:06:36,$ 3461.20,100
3061,11:06:33,$ 3461.065,100
3062,11:06:33,$ 3461.065,100
3063,11:06:32,$ 3460.60,100
3064,11:06:32,$ 3460.38,100
3065,11:06:29,$ 3459.63,100
3066,11:06:29,$ 3460.00,100
3067,11:06:03,$ 3459.0015,500
3068,11:05:57,$ 3458.73,100
3069,11:05:57,$ 3459.193,100
3071,11:05:57,$ 3458.78,100
3072,11:05:57,$ 3459.193,100
3073,11:05:57,$ 3459.193,100
3074,11:05:57,$ 3458.71,100
3075,11:05:56,$ 3459.00,100
3076,11:05:52,$ 3459.6899,400
3077,11:05:39,$ 3460.00,100
3078,11:05:32,$ 3459.9699,140
3079,11:05:25,$ 3460.11,100
3080,11:05:25,$ 3460.10,100
3081,11:05:19,$ 3460.6799,100
3082,11:05:14,$ 3459.60,100
3083,11:05:10,$ 3460.98,179
3084,11:04:45,$ 3462.44,100
3085,11:04:45,$ 3462.44,100
3086,11:04:09,$ 3463.034,100
3087,11:03:51,$ 3463.65,275
3088,11:03:14,$ 3464.61,100
3089,11:03:14,$ 3465.195,100
3090,11:02:59,$ 3464.98,100
3092,11:02:34,$ 3464.555,100
3093,11:02:27,$ 3464.615,113
3094,11:02:16,$ 3464.98,100
3095,11:02:16,$ 3464.98,100
3096,11:02:16,$ 3464.12,200
3097,11:02:16,$ 3464.34,100
3098,11:02:16,$ 3464.16,100
3099,11:02:16,$ 3463.86,100
3100,11:02:16,$ 3464.38,116
3101,11:02:16,$ 3464.38,116
3102,11:02:16,$ 3464.38,115
3103,11:02:16,$ 3464.38,116
3104,11:02:16,$ 3464.38,115
3105,11:02:02,$ 3463.75,100
3106,11:01:57,$ 3463.42,100
3107,11:01:57,$ 3463.385,100
3108,11:01:57,$ 3463.35,100
3109,11:01:53,$ 3462.81,100
3110,11:01:51,$ 3463.12,100
3111,11:01:46,$ 3463.035,116
3113,11:01:46,$ 3462.85,100
3114,11:01:34,$ 3462.00,100
3115,11:01:27,$ 3462.27,115
3116,11:01:16,$ 3461.525,100
3117,11:01:16,$ 3461.54,100
3118,11:01:16,$ 3461.54,100
3119,11:01:02,$ 3462.06,100
3120,11:01:02,$ 3462.06,100
3121,11:01:02,$ 3461.205,100
3122,11:00:26,$ 3461.03,100
3123,11:00:20,$ 3460.85,105
3124,11:00:17,$ 3461.10,100
3125,11:00:09,$ 3461.075,100
3126,11:00:09,$ 3461.075,100
3128,11:59:53,$ 3462.85,100
3129,11:59:36,$ 3462.835,100
3130,11:59:24,$ 3463.38,100
3131,11:59:06,$ 3462.54,100
3132,11:59:06,$ 3462.87,100
3133,11:59:03,$ 3463.81,100
3134,11:59:02,$ 3462.765,100
3135,11:59:01,$ 3462.73,100
3136,11:58:54,$ 3462.205,481
3137,11:58:48,$ 3461.42,100
3138,11:58:37,$ 3461.72,100
3139,11:58:33,$ 3461.3923,100
3140,11:58:25,$ 3461.4843,323
3141,11:57:56,$ 3460.8356,100
3142,11:57:26,$ 3459.53,100
3143,11:57:20,$ 3459.63,100
3144,11:57:14,$ 3459.33,100
3145,11:57:14,$ 3459.16,100
3146,11:57:10,$ 3459.57,100
3147,11:56:33,$ 3460.35,100
3149,11:59:53,$ 3462.85,100
3150,11:59:36,$ 3462.835,100
3151,11:59:24,$ 3463.38,100
3152,11:59:06,$ 3462.54,100
3153,11:59:06,$ 3462.87,100
3154,11:59:03,$ 3463.81,100
3155,11:59:02,$ 3462.765,100
3156,11:59:01,$ 3462.73,100
3157,11:58:54,$ 3462.205,481
3158,11:58:48,$ 3461.42,100
3159,11:58:37,$ 3461.72,100
3160,11:58:33,$ 3461.3923,100
3161,11:58:25,$ 3461.4843,323
3162,11:57:56,$ 3460.8356,100
3163,11:57:26,$ 3459.53,100
3164,11:57:20,$ 3459.63,100
3165,11:57:14,$ 3459.33,100
3166,11:57:14,$ 3459.16,100
3167,11:57:10,$ 3459.57,100
3168,11:56:33,$ 3460.35,100
3170,11:51:47,$ 3456.505,130
3171,11:51:23,$ 3456.55,100
3172,11:51:00,$ 3457.63,100
3173,11:50:44,$ 3457.15,100
3174,11:50:44,$ 3458.00,100
3175,11:50:21,$ 3456.50,100
3176,11:50:21,$ 3456.50,265
3177,11:49:58,$ 3456.965,124
3178,11:48:42,$ 3456.475,192
3179,11:47:35,$ 3456.0201,100
3180,11:47:29,$ 3457.35,100
3181,11:47:10,$ 3456.73,100
3182,11:47:09,$ 3456.72,100
3183,11:46:54,$ 3456.82,100
3184,11:46:45,$ 3455.13,100
3185,11:46:35,$ 3456.025,163
3186,11:46:08,$ 3456.98,150
3187,11:45:23,$ 3456.78,100
3188,11:45:15,$ 3456.63,100
3189,11:45:10,$ 3457.0701,100
3191,11:44:59,$ 3457.38,100
3192,11:44:40,$ 3457.36,100
3193,11:44:33,$ 3457.34,100
3194,11:44:24,$ 3457.34,100
3195,11:43:41,$ 3457.60,100
3196,11:43:28,$ 3458.055,100
3197,11:43:28,$ 3458.00,100
3198,11:43:28,$ 3457.385,100
3199,11:43:28,$ 3457.3625,100
3200,11:43:28,$ 3456.93,163
3201,11:43:14,$ 3457.5701,100
3202,11:43:10,$ 3458.27,110
3203,11:43:05,$ 3458.78,100
3204,11:43:05,$ 3458.44,100
3205,11:43:05,$ 3458.42,100
3206,11:43:03,$ 3458.705,100
3207,11:43:02,$ 3458.705,100
3208,11:43:02,$ 3458.705,100
3209,11:42:47,$ 3458.645,100
3210,11:42:46,$ 3458.44,100
3212,11:42:26,$ 3458.31,100
3213,11:42:26,$ 3457.825,100
3214,11:42:26,$ 3458.325,100
3215,11:42:26,$ 3458.35,100
3216,11:42:21,$ 3458.27,100
3217,11:42:12,$ 3458.41,100
3218,11:42:12,$ 3458.41,100
3219,11:42:12,$ 3458.41,100
3220,11:42:12,$ 3458.41,100
3221,11:42:12,$ 3458.41,100
3222,11:42:12,$ 3458.41,100
3223,11:42:12,$ 3458.41,100
3224,11:42:10,$ 3458.41,100
3225,11:42:10,$ 3458.41,100
3226,11:42:10,$ 3458.41,100
3227,11:42:09,$ 3458.41,100
3228,11:42:09,$ 3458.41,100
3229,11:42:08,$ 3458.225,100
3230,11:41:30,$ 3458.40,100
3231,11:41:28,$ 3457.8381,300
3233,11:41:08,$ 3458.14,100
3234,11:41:01,$ 3458.5992,200
3235,11:40:55,$ 3457.25,100
3236,11:40:55,$ 3456.94,100
3237,11:40:55,$ 3458.20,100
3238,11:40:41,$ 3459.08,100
3239,11:40:41,$ 3459.97,122
3240,11:40:39,$ 3460.18,100
3241,11:40:37,$ 3459.63,100
3242,11:40:33,$ 3460.002,100
3243,11:40:31,$ 3459.94,192
3244,11:40:28,$ 3459.22,115
3245,11:40:23,$ 3458.87,100
3246,11:39:54,$ 3458.06,100
3247,11:39:32,$ 3457.8339,100
3248,11:39:32,$ 3457.8339,100
3249,11:39:32,$ 3457.8339,100
3250,11:39:32,$ 3458.33,100
3251,11:39:32,$ 3457.8343,100
3252,11:39:32,$ 3458.33,100
3254,11:39:31,$ 3458.42,250
3255,11:39:13,$ 3459.19,100
3256,11:39:08,$ 3458.106,250
3257,11:39:05,$ 3457.55,100
3258,11:39:03,$ 3457.99,200
3259,11:38:54,$ 3457.51,200
3260,11:38:54,$ 3457.51,100
3261,11:38:54,$ 3457.131,200
3262,11:38:48,$ 3457.846,200
3263,11:38:38,$ 3458.17,100
3264,11:38:36,$ 3457.37,325
3265,11:38:33,$ 3457.275,300
3266,11:38:25,$ 3457.68,100
3267,11:37:58,$ 3455.79,100
3268,11:37:43,$ 3455.07,125
3269,11:37:43,$ 3455.07,113
3270,11:37:43,$ 3454.85,100
3271,11:37:43,$ 3454.94,100
3272,11:37:43,$ 3454.99,100
3273,11:37:26,$ 3453.90,116
3275,11:37:26,$ 3453.90,115
3276,11:36:49,$ 3453.44,100
3277,11:36:49,$ 3453.10,500
3278,11:36:48,$ 3452.90,100
3279,11:36:12,$ 3452.917,376
3280,11:36:11,$ 3452.915,100
3281,11:36:08,$ 3452.14,100
3282,11:36:08,$ 3452.14,100
3283,11:36:06,$ 3452.60,100
3284,11:36:03,$ 3453.02,500
3285,11:36:03,$ 3452.6923,100
3286,11:36:02,$ 3452.60,100
3287,11:35:47,$ 3453.4899,100
3288,11:35:45,$ 3452.25,500
3289,11:35:41,$ 3452.2601,100
3290,11:35:27,$ 3452.79,100
3291,11:34:01,$ 3454.4054,250
3292,11:33:37,$ 3454.17,100
3293,11:32:58,$ 3454.88,100
3294,11:32:58,$ 3454.43,100
3296,11:32:52,$ 3454.14,100
3297,11:32:42,$ 3453.6898,190
3298,11:32:16,$ 3454.31,100
3299,11:32:14,$ 3454.75,100
3300,11:31:35,$ 3455.435,100
3301,11:31:18,$ 3453.20,100
3303,12:29:21,$ 3473.985,100
3304,12:29:07,$ 3474.55,224
3305,12:28:58,$ 3474.56,100
3306,12:28:58,$ 3475.02,100
3307,12:28:57,$ 3475.07,100
3308,12:28:56,$ 3475.00,100
3309,12:28:52,$ 3474.55,100
3310,12:28:52,$ 3474.55,190
3311,12:28:52,$ 3474.55,100
3312,12:28:52,$ 3474.55,100
3313,12:28:15,$ 3474.98,100
3314,12:28:11,$ 3474.88,100
3315,12:28:11,$ 3473.595,100
3316,12:28:11,$ 3474.18,100
3317,12:28:11,$ 3474.26,100
3318,12:28:11,$ 3474.42,100
3319,12:28:11,$ 3474.62,100
3320,12:28:05,$ 3473.64,100
3321,12:27:56,$ 3473.35,100
3322,12:27:26,$ 3472.9932,100
3324,12:27:24,$ 3474.1799,500
3325,12:27:19,$ 3472.875,100
3326,12:27:14,$ 3472.54,259
3327,12:27:08,$ 3473.3699,100
3328,12:26:43,$ 3471.215,200
3329,12:26:41,$ 3472.165,600
3330,12:26:41,$ 3472.86,100
3331,12:26:41,$ 3472.81,100
3332,12:26:41,$ 3472.43,100
3333,12:26:41,$ 3471.92,100
3334,12:26:41,$ 3472.15,100
3335,12:26:41,$ 3472.20,100
3336,12:26:41,$ 3472.20,100
3337,12:26:41,$ 3472.20,450
3338,12:26:41,$ 3471.25,100
3339,12:26:36,$ 3471.64,100
3340,12:26:36,$ 3470.57,100
3341,12:26:31,$ 3470.8362,100
3342,12:26:30,$ 3471.76,100
3343,12:26:09,$ 3470.96,100
3345,12:26:09,$ 3470.8501,100
3346,12:25:33,$ 3472.02,100
3347,12:25:28,$ 3472.26,100
3348,12:25:28,$ 3472.26,100
3349,12:25:25,$ 3472.80,100
3350,12:25:16,$ 3472.32,100
3351,12:25:13,$ 3471.8932,100
3352,12:25:07,$ 3472.8599,100
3353,12:24:58,$ 3471.58,200
3354,12:24:42,$ 3472.86,100
3355,12:24:42,$ 3472.55,200
3356,12:24:42,$ 3472.64,100
3357,12:24:42,$ 3472.86,100
3358,12:24:15,$ 3472.55,100
3359,12:24:13,$ 3471.9084,250
3360,12:23:56,$ 3472.51,100
3361,12:23:46,$ 3472.29,100
3362,12:23:46,$ 3472.41,100
3363,12:23:28,$ 3472.30,100
3364,12:23:19,$ 3472.095,100
3366,12:23:15,$ 3472.425,100
3367,12:23:15,$ 3471.89,100
3368,12:23:15,$ 3472.37,100
3369,12:23:15,$ 3472.48,100
3370,12:23:10,$ 3473.245,100
3371,12:22:57,$ 3473.275,200
3372,12:22:51,$ 3473.6599,245
3373,12:22:47,$ 3472.90,100
3374,12:22:44,$ 3473.56,100
3375,12:22:26,$ 3473.26,100
3376,12:22:07,$ 3473.115,100
3377,12:22:05,$ 3473.09,100
3378,12:22:03,$ 3472.86,100
3379,12:21:46,$ 3472.47,100
3380,12:21:34,$ 3471.96,100
3381,12:21:07,$ 3471.25,900
3382,12:20:42,$ 3471.23,100
3383,12:20:42,$ 3471.11,100
3384,12:20:41,$ 3471.465,100
3385,12:20:37,$ 3471.80,100
3387,12:20:34,$ 3472.50,461
3388,12:20:25,$ 3472.09,100
3389,12:20:25,$ 3472.00,100
3390,12:20:25,$ 3472.00,133
3391,12:20:25,$ 3472.00,180
3392,12:20:25,$ 3472.00,100
3393,12:20:25,$ 3472.00,103
3394,12:20:25,$ 3472.00,100
3395,12:20:25,$ 3472.00,100
3396,12:20:25,$ 3472.00,176
3397,12:20:25,$ 3471.64,100
3398,12:20:21,$ 3471.7356,100
3399,12:20:18,$ 3471.415,100
3400,12:20:16,$ 3471.467,500
3401,12:20:04,$ 3471.29,100
3402,12:19:29,$ 3469.95,200
3403,12:19:28,$ 3470.525,115
3404,12:19:11,$ 3470.11,100
3405,12:19:09,$ 3469.27,100
3406,12:19:04,$ 3469.475,200
3408,12:18:59,$ 3470.90,250
3409,12:18:55,$ 3470.90,100
3410,12:18:49,$ 3470.77,100
3411,12:18:49,$ 3470.77,100
3412,12:18:36,$ 3471.56,100
3413,12:18:36,$ 3471.415,116
3414,12:18:36,$ 3470.98,100
3415,12:18:26,$ 3471.634,100
3416,12:18:23,$ 3471.4786,100
3417,12:18:21,$ 3471.37,100
3418,12:18:09,$ 3471.05,100
3419,12:18:09,$ 3471.425,100
3420,12:18:09,$ 3471.425,100
3421,12:18:07,$ 3471.465,100
3422,12:18:07,$ 3471.465,100
3423,12:18:07,$ 3471.465,470
3424,12:18:06,$ 3471.55,100
3425,12:18:04,$ 3470.49,100
3426,12:17:51,$ 3470.57,100
3427,12:17:51,$ 3471.00,100
3429,12:17:51,$ 3470.67,100
3430,12:17:48,$ 3470.67,100
3431,12:17:46,$ 3470.1872,383
3432,12:17:31,$ 3470.425,150
3433,12:17:22,$ 3470.63,100
3434,12:17:17,$ 3470.73,100
3435,12:17:15,$ 3470.16,100
3436,12:17:15,$ 3470.18,100
3437,12:17:15,$ 3470.85,100
3438,12:16:58,$ 3470.3875,100
3439,12:16:51,$ 3470.61,100
3440,12:16:44,$ 3470.76,100
3441,12:16:42,$ 3470.35,100
3442,12:16:42,$ 3470.94,100
3443,12:16:39,$ 3470.4724,100
3444,12:16:06,$ 3470.63,100
3445,12:16:06,$ 3470.92,100
3446,12:16:06,$ 3470.49,100
3447,12:16:01,$ 3470.48,100
3448,12:16:01,$ 3470.49,100
3450,12:15:49,$ 3469.80,100
3451,12:15:42,$ 3468.50,100
3452,12:15:42,$ 3468.47,100
3453,12:15:42,$ 3468.50,100
3454,12:15:40,$ 3468.50,100
3455,12:15:40,$ 3468.56,100
3456,12:15:33,$ 3468.54,200
3457,12:15:22,$ 3468.00,107
3458,12:15:11,$ 3467.895,100
3459,12:14:54,$ 3467.99,100
3460,12:14:42,$ 3468.00,141
3461,12:14:37,$ 3467.085,100
3462,12:13:56,$ 3468.21,100
3463,12:13:56,$ 3468.21,100
3464,12:13:54,$ 3468.375,100
3465,12:13:54,$ 3468.12,100
3466,12:13:38,$ 3468.24,100
3467,12:13:32,$ 3468.80,100
3468,12:13:32,$ 3468.96,100
3469,12:13:32,$ 3468.88,100
3471,12:13:32,$ 3468.45,109
3472,12:13:32,$ 3468.65,100
3473,12:13:26,$ 3468.38,100
3474,12:13:03,$ 3468.91,100
3475,12:13:02,$ 3467.51,100
3476,12:12:59,$ 3467.57,350
3477,12:12:59,$ 3467.21,100
3478,12:12:59,$ 3467.57,100
3479,12:12:59,$ 3467.57,100
3480,12:12:55,$ 3467.04,100
3481,12:12:36,$ 3466.9216,100
3482,12:12:17,$ 3466.50,100
3483,12:12:06,$ 3467.0971,190
3484,12:12:06,$ 3467.0971,125
3485,12:11:51,$ 3465.06,100
3486,12:11:51,$ 3465.03,100
3487,12:11:51,$ 3465.03,100
3488,12:11:51,$ 3465.06,100
3489,12:11:51,$ 3466.75,100
3490,12:11:51,$ 3466.60,100
3492,12:11:51,$ 3466.43,100
3493,12:11:31,$ 3466.84,100
3494,12:11:25,$ 3467.75,250
3495,12:11:13,$ 3467.5979,"1,204"
3496,12:11:09,$ 3467.665,500
3497,12:11:05,$ 3467.917,500
3498,12:11:04,$ 3468.08,100
3499,12:11:04,$ 3467.69,100
3500,12:11:00,$ 3467.92,100
3501,12:10:20,$ 3467.71,100
3502,12:10:19,$ 3467.92,100
3503,12:09:19,$ 3467.24,100
3504,12:09:10,$ 3467.1201,400
3505,12:08:49,$ 3467.77,100
3506,12:08:49,$ 3467.53,100
3507,12:08:41,$ 3467.34,200
3508,12:08:35,$ 3467.02,100
3509,12:08:11,$ 3467.41,100
3510,12:08:11,$ 3467.89,100
3511,12:07:48,$ 3468.51,100
3513,12:07:12,$ 3467.1604,100
3514,12:06:30,$ 3467.28,100
3515,12:06:30,$ 3467.51,100
3516,12:06:30,$ 3467.51,100
3517,12:06:11,$ 3468.39,100
3518,12:06:03,$ 3467.58,100
3519,12:06:03,$ 3468.32,100
3520,12:06:03,$ 3468.00,100
3521,12:06:03,$ 3468.00,115
3522,12:06:03,$ 3468.00,100
3523,12:06:03,$ 3468.00,100
3524,12:06:03,$ 3468.00,100
3525,12:06:03,$ 3468.00,113
3526,12:06:03,$ 3468.00,100
3527,12:06:03,$ 3468.00,323
3528,12:06:03,$ 3468.00,123
3529,12:06:03,$ 3468.00,100
3530,12:06:03,$ 3468.00,104
3531,12:06:03,$ 3468.00,114
3532,12:06:03,$ 3467.58,900
3534,12:05:21,$ 3468.00,100
3535,12:05:07,$ 3466.95,100
3536,12:04:28,$ 3466.895,100
3537,12:04:23,$ 3466.99,100
3538,12:04:23,$ 3466.81,100
3539,12:04:23,$ 3466.91,100
3540,12:04:23,$ 3466.98,100
3541,12:03:39,$ 3466.92,100
3542,12:03:34,$ 3466.80,100
3543,12:03:18,$ 3465.80,250
3544,12:03:14,$ 3466.65,100
3545,12:03:05,$ 3466.73,150
3546,12:02:40,$ 3466.65,100
3547,12:02:40,$ 3466.30,100
3548,12:02:39,$ 3466.46,100
3549,12:02:39,$ 3466.47,100
3550,12:02:39,$ 3466.44,100
3551,12:02:38,$ 3466.65,100
3552,12:02:38,$ 3466.60,100
3553,12:02:33,$ 3466.9271,114
3555,12:02:26,$ 3467.00,100
3556,12:02:19,$ 3467.40,250
3557,12:02:18,$ 3467.355,100
3558,12:02:18,$ 3467.46,100
3559,12:02:10,$ 3467.40,100
3560,12:02:00,$ 3466.51,100
3561,12:02:00,$ 3466.51,100
3562,12:01:58,$ 3467.62,100
3563,12:01:34,$ 3468.20,500
3564,12:01:19,$ 3467.56,100
3565,12:01:18,$ 3467.99,200
3566,12:01:08,$ 3466.775,143
3567,12:01:05,$ 3466.41,100
3568,12:01:05,$ 3466.27,100
3569,12:01:05,$ 3466.00,100
3570,12:01:03,$ 3464.57,391
3571,12:01:03,$ 3465.55,100
3572,12:01:03,$ 3464.99,100
3573,12:00:56,$ 3464.18,100
3574,12:00:52,$ 3463.64,100
3576,12:00:50,$ 3463.255,100
3577,12:00:50,$ 3463.255,115
3578,12:00:38,$ 3463.64,100
3579,12:00:11,$ 3462.4701,100
3580,12:00:10,$ 3463.1818,100
3581,12:00:04,$ 3463.9899,181
3583,12:59:35,$ 3473.79,100
3584,12:59:10,$ 3474.36,100
3585,12:59:10,$ 3474.36,140
3586,12:57:22,$ 3474.3943,100
3587,12:57:09,$ 3475.05,100
3588,12:57:09,$ 3475.05,138
3589,12:56:41,$ 3475.46,100
3590,12:56:15,$ 3474.98,100
3591,12:56:14,$ 3474.98,100
3592,12:56:08,$ 3475.10,100
3593,12:56:05,$ 3474.75,100
3594,12:56:04,$ 3474.66,100
3595,12:55:55,$ 3473.53,100
3596,12:55:45,$ 3473.015,100
3597,12:55:44,$ 3473.44,100
3598,12:55:32,$ 3472.97,100
3599,12:55:32,$ 3473.15,100
3600,12:55:31,$ 3472.92,100
3601,12:55:31,$ 3472.94,100
3602,12:55:15,$ 3472.9799,100
3604,12:55:04,$ 3472.97,100
3605,12:54:51,$ 3472.01,100
3606,12:54:37,$ 3473.47,100
3607,12:54:33,$ 3473.33,100
3608,12:52:58,$ 3473.6201,500
3609,12:52:53,$ 3473.91,100
3610,12:52:18,$ 3472.15,100
3611,12:52:13,$ 3471.2386,100
3612,12:52:10,$ 3471.97,100
3613,12:52:10,$ 3471.92,100
3614,12:52:04,$ 3471.735,100
3615,12:52:03,$ 3471.725,300
3616,12:51:51,$ 3473.20,100
3617,12:51:35,$ 3474.13,100
3618,12:51:23,$ 3474.13,100
3619,12:51:07,$ 3474.635,100
3620,12:50:50,$ 3474.569,250
3621,12:50:37,$ 3475.16,100
3622,12:50:12,$ 3476.8299,100
3623,12:49:55,$ 3475.385,100
3625,12:49:49,$ 3474.25,100
3626,12:49:49,$ 3474.24,100
3627,12:49:24,$ 3475.60,266
3628,12:49:19,$ 3475.35,200
3629,12:49:04,$ 3476.02,127
3630,12:49:04,$ 3476.62,100
3631,12:49:04,$ 3476.00,100
3632,12:49:04,$ 3476.00,100
3633,12:49:04,$ 3475.95,200
3634,12:49:04,$ 3476.285,100
3635,12:48:18,$ 3477.45,100
3636,12:48:05,$ 3477.13,100
3637,12:48:05,$ 3477.31,100
3638,12:48:05,$ 3477.30,100
3639,12:47:51,$ 3477.80,100
3640,12:47:23,$ 3478.0142,343
3641,12:47:17,$ 3478.00,100
3642,12:47:09,$ 3478.26,144
3643,12:47:08,$ 3477.8161,100
3644,12:47:04,$ 3478.5279,100
3646,12:47:02,$ 3478.11,100
3647,12:47:02,$ 3478.16,100
3648,12:47:02,$ 3478.15,100
3649,12:47:02,$ 3478.13,100
3650,12:47:01,$ 3478.5848,100
3651,12:46:59,$ 3478.82,250
3652,12:46:59,$ 3478.83,100
3653,12:46:54,$ 3478.47,100
3654,12:46:49,$ 3478.74,100
3655,12:46:42,$ 3478.00,240
3656,12:46:29,$ 3477.00,188
3657,12:46:28,$ 3476.935,200
3658,12:46:05,$ 3476.01,200
3659,12:45:54,$ 3476.00,100
3660,12:45:54,$ 3476.00,116
3661,12:45:54,$ 3476.00,100
3662,12:45:24,$ 3477.095,190
3663,12:45:10,$ 3476.89,100
3664,12:44:40,$ 3476.9179,100
3665,12:44:34,$ 3476.925,200
3667,12:44:32,$ 3477.39,100
3668,12:44:32,$ 3477.35,100
3669,12:44:32,$ 3477.39,100
3670,12:44:32,$ 3477.27,100
3671,12:44:24,$ 3477.125,100
3672,12:44:21,$ 3476.8328,200
3673,12:44:21,$ 3476.925,100
3674,12:44:21,$ 3477.0942,166
3675,12:44:15,$ 3476.62,100
3676,12:44:10,$ 3475.615,100
3677,12:43:56,$ 3476.13,100
3678,12:43:56,$ 3475.41,100
3679,12:43:56,$ 3475.41,100
3680,12:43:46,$ 3474.88,200
3681,12:43:43,$ 3474.51,200
3682,12:43:28,$ 3474.28,100
3683,12:43:09,$ 3473.229,100
3684,12:42:26,$ 3472.14,200
3685,12:42:10,$ 3473.19,100
3686,12:42:10,$ 3472.92,100
3688,12:42:01,$ 3472.13,100
3689,12:42:01,$ 3472.14,100
3690,12:42:00,$ 3471.625,100
3691,12:41:57,$ 3471.605,200
3692,12:41:24,$ 3472.1309,100
3693,12:41:18,$ 3471.9588,100
3694,12:40:32,$ 3472.82,100
3695,12:39:58,$ 3473.76,100
3696,12:39:08,$ 3475.13,188
3697,12:38:54,$ 3475.11,128
3698,12:38:40,$ 3474.5303,250
3699,12:38:35,$ 3475.0967,100
3700,12:38:14,$ 3474.51,100
3701,12:38:12,$ 3474.06,100
3702,12:38:02,$ 3474.125,100
3703,12:37:55,$ 3473.10,100
3704,12:37:55,$ 3473.00,100
3705,12:37:55,$ 3473.00,239
3706,12:37:20,$ 3473.135,100
3707,12:37:14,$ 3472.99,100
3709,12:37:13,$ 3473.00,134
3710,12:37:03,$ 3473.08,100
3711,12:37:00,$ 3473.46,100
3712,12:37:00,$ 3473.71,100
3713,12:37:00,$ 3473.74,100
3714,12:37:00,$ 3473.75,100
3715,12:36:57,$ 3473.00,100
3716,12:36:53,$ 3473.10,100
3717,12:36:46,$ 3474.33,100
3718,12:36:35,$ 3474.57,100
3719,12:36:12,$ 3475.1301,100
3720,12:36:09,$ 3476.7146,244
3721,12:36:03,$ 3475.965,200
3722,12:35:57,$ 3474.8501,200
3723,12:35:44,$ 3474.72,100
3724,12:35:44,$ 3474.72,149
3725,12:35:29,$ 3474.68,100
3726,12:35:19,$ 3474.3716,100
3727,12:35:09,$ 3474.91,100
3728,12:35:09,$ 3475.23,100
3730,12:35:09,$ 3475.00,100
3731,12:35:08,$ 3476.18,100
3732,12:35:08,$ 3476.17,100
3733,12:35:01,$ 3476.46,200
3734,12:34:36,$ 3477.035,100
3735,12:34:36,$ 3477.035,100
3736,12:34:36,$ 3476.94,100
3737,12:34:34,$ 3477.49,100
3738,12:34:27,$ 3477.99,100
3739,12:33:47,$ 3477.9965,100
3740,12:33:38,$ 3477.765,100
3741,12:33:26,$ 3477.31,100
3742,12:33:25,$ 3477.2781,100
3743,12:33:20,$ 3477.32,100
3744,12:33:14,$ 3476.2701,100
3745,12:33:12,$ 3477.419,200
3746,12:33:05,$ 3477.36,100
3747,12:33:05,$ 3477.32,100
3748,12:32:45,$ 3477.60,100
3749,12:32:40,$ 3478.00,100
3751,12:32:31,$ 3478.08,200
3752,12:32:21,$ 3477.55,100
3753,12:31:44,$ 3477.12,100
3754,12:31:26,$ 3477.06,100
3755,12:31:20,$ 3476.3212,100
3756,12:31:04,$ 3476.65,100
3757,12:31:03,$ 3477.87,100
3758,12:31:03,$ 3477.34,100
3759,12:31:00,$ 3477.814,300
3760,12:30:49,$ 3477.62,100
3761,12:30:48,$ 3477.6227,100
3762,12:30:45,$ 3477.77,400
3763,12:30:43,$ 3477.425,190
3764,12:30:40,$ 3477.15,100
3765,12:30:33,$ 3476.86,100
3766,12:30:27,$ 3475.9466,231
3767,12:30:21,$ 3476.46,100
3768,12:30:21,$ 3476.00,100
3769,12:30:15,$ 3475.5966,100
3770,12:30:10,$ 3475.00,100
3772,13:29:35,$ 3473.6414,189
3773,13:28:57,$ 3473.59,100
3774,13:28:57,$ 3473.64,100
3775,13:28:57,$ 3473.64,100
3776,13:26:47,$ 3473.66,100
3777,13:26:47,$ 3473.665,200
3778,13:25:11,$ 3474.77,100
3779,13:25:04,$ 3474.93,100
3780,13:25:04,$ 3475.19,100
3781,13:24:11,$ 3474.2485,100
3782,13:24:07,$ 3474.7875,100
3783,13:24:01,$ 3474.93,100
3784,13:23:45,$ 3474.74,100
3785,13:22:55,$ 3475.21,100
3786,13:22:45,$ 3475.541,249
3787,13:22:21,$ 3475.81,100
3788,13:22:20,$ 3475.8028,111
3789,13:22:15,$ 3476.43,100
3790,13:22:13,$ 3475.815,125
3791,13:22:06,$ 3475.89,100
3793,13:21:43,$ 3476.26,200
3794,13:21:42,$ 3476.46,100
3795,13:21:42,$ 3475.80,100
3796,13:21:19,$ 3476.435,155
3797,13:20:49,$ 3475.70,146
3798,13:20:49,$ 3475.70,314
3799,13:20:39,$ 3475.19,110
3800,13:20:39,$ 3475.19,100
3801,13:20:17,$ 3475.19,100
3802,13:19:13,$ 3474.7772,"1,000"
3803,13:18:35,$ 3472.68,100
3804,13:18:30,$ 3472.24,200
3805,13:16:06,$ 3473.2765,200
3806,13:16:00,$ 3474.685,100
3807,13:15:53,$ 3475.49,200
3808,13:15:51,$ 3474.74,100
3809,13:15:43,$ 3475.10,233
3810,13:15:37,$ 3474.53,100
3811,13:15:37,$ 3474.53,100
3812,13:15:27,$ 3475.00,100
3814,13:15:23,$ 3474.80,100
3815,13:15:20,$ 3474.1467,120
3816,13:15:19,$ 3474.505,200
3817,13:15:19,$ 3474.88,800
3818,13:15:17,$ 3475.20,100
3819,13:15:16,$ 3475.20,150
3820,13:14:56,$ 3475.22,178
3821,13:14:12,$ 3474.01,116
3822,13:13:59,$ 3474.75,100
3823,13:13:49,$ 3474.69,100
3824,13:13:46,$ 3475.34,100
3825,13:13:39,$ 3474.45,100
3826,13:13:36,$ 3475.5099,100
3827,13:13:34,$ 3474.4291,500
3828,13:13:33,$ 3473.955,100
3829,13:13:21,$ 3474.00,185
3830,13:13:21,$ 3473.37,100
3831,13:13:06,$ 3473.08,500
3832,13:12:55,$ 3472.605,100
3833,13:12:55,$ 3472.15,100
3835,13:12:55,$ 3472.36,100
3836,13:12:46,$ 3472.2133,364
3837,13:12:42,$ 3471.68,100
3838,13:12:36,$ 3471.75,100
3839,13:12:22,$ 3471.20,100
3840,13:12:06,$ 3471.00,100
3841,13:11:55,$ 3470.37,100
3842,13:11:53,$ 3470.54,100
3843,13:11:46,$ 3471.00,209
3844,13:11:23,$ 3470.885,100
3845,13:11:13,$ 3470.99,200
3846,13:11:13,$ 3470.88,100
3847,13:11:11,$ 3471.19,132
3848,13:11:07,$ 3470.565,100
3849,13:10:57,$ 3470.60,100
3850,13:10:26,$ 3470.5469,146
