,NLS Time (ET),NLS Price,NLS Share Volume
1,09:59:52,$ 3322.80,100
2,09:59:43,$ 3322.74,100
3,09:59:41,$ 3322.71,100
4,09:59:40,$ 3323.52,100
5,09:59:36,$ 3323.0896,100
6,09:59:27,$ 3322.80,100
7,09:59:27,$ 3322.67,100
8,09:59:20,$ 3322.6849,200
9,09:59:14,$ 3323.39,100
10,09:59:10,$ 3323.4559,100
11,09:59:08,$ 3324.01,100
12,09:59:03,$ 3325.32,200
13,09:59:02,$ 3326.0434,800
14,09:59:00,$ 3324.50,100
15,09:59:00,$ 3325.81,100
16,09:59:00,$ 3325.00,100
17,09:58:56,$ 3325.48,100
18,09:58:52,$ 3325.00,220
19,09:58:52,$ 3325.00,100
20,09:58:50,$ 3324.975,100
22,09:58:50,$ 3324.6344,100
23,09:58:46,$ 3324.71,100
24,09:58:28,$ 3327.00,100
25,09:58:28,$ 3327.00,100
26,09:58:14,$ 3325.8075,100
27,09:58:14,$ 3326.73,100
28,09:58:14,$ 3326.38,100
29,09:58:14,$ 3325.612,100
30,09:58:14,$ 3325.13,100
31,09:58:14,$ 3325.61,100
32,09:58:14,$ 3325.604,100
33,09:58:14,$ 3325.58,100
34,09:58:14,$ 3325.58,100
35,09:58:08,$ 3324.89,100
36,09:58:06,$ 3325.00,200
37,09:58:06,$ 3325.59,100
38,09:58:06,$ 3325.60,100
39,09:58:06,$ 3325.60,100
40,09:58:06,$ 3325.53,100
41,09:58:05,$ 3325.20,100
43,09:58:03,$ 3325.9746,200
44,09:58:00,$ 3325.78,300
45,09:57:53,$ 3326.13,100
46,09:57:40,$ 3326.01,100
47,09:57:40,$ 3326.00,100
48,09:57:32,$ 3327.12,100
49,09:57:27,$ 3327.21,100
50,09:57:24,$ 3326.665,300
51,09:57:15,$ 3326.00,121
52,09:57:11,$ 3324.81,324
53,09:57:11,$ 3325.00,100
54,09:57:11,$ 3325.36,207
55,09:57:10,$ 3325.94,400
56,09:57:06,$ 3326.635,100
57,09:57:05,$ 3325.76,477
58,09:57:04,$ 3326.295,100
59,09:57:04,$ 3326.67,100
60,09:57:03,$ 3326.35,100
61,09:57:03,$ 3326.355,184
62,09:57:03,$ 3326.355,100
64,09:56:59,$ 3326.635,100
65,09:56:59,$ 3326.635,216
66,09:56:53,$ 3326.515,100
67,09:56:51,$ 3326.78,100
68,09:56:51,$ 3326.775,100
69,09:56:51,$ 3326.775,100
70,09:56:50,$ 3326.78,100
71,09:56:44,$ 3326.68,100
72,09:56:44,$ 3326.685,100
73,09:56:44,$ 3326.87,100
74,09:56:44,$ 3326.87,100
75,09:56:44,$ 3326.87,300
76,09:56:43,$ 3327.10,100
77,09:56:35,$ 3327.53,500
78,09:56:27,$ 3328.13,100
79,09:56:26,$ 3328.4469,200
80,09:56:25,$ 3328.26,100
81,09:56:23,$ 3328.31,100
82,09:56:23,$ 3328.085,100
83,09:56:21,$ 3327.80,100
85,09:56:21,$ 3327.80,100
86,09:56:19,$ 3327.6166,175
87,09:56:13,$ 3327.65,400
88,09:56:13,$ 3328.31,100
89,09:56:03,$ 3327.105,500
90,09:56:02,$ 3327.575,100
91,09:56:02,$ 3327.575,100
92,09:56:02,$ 3327.57,100
93,09:55:56,$ 3327.19,100
94,09:55:54,$ 3326.105,200
95,09:55:54,$ 3326.245,100
96,09:55:52,$ 3327.00,100
97,09:55:52,$ 3325.48,100
98,09:55:51,$ 3326.74,100
99,09:55:48,$ 3327.00,100
100,09:55:48,$ 3326.00,100
101,09:55:47,$ 3327.00,100
102,09:55:45,$ 3327.00,100
103,09:55:45,$ 3327.00,100
104,09:55:44,$ 3326.18,100
106,09:55:38,$ 3327.88,100
107,09:55:38,$ 3327.72,100
108,09:55:38,$ 3327.67,100
109,09:55:38,$ 3327.61,100
110,09:55:36,$ 3326.82,100
111,09:55:36,$ 3327.07,100
112,09:55:36,$ 3327.07,200
113,09:55:36,$ 3327.07,100
114,09:55:36,$ 3327.075,100
115,09:55:32,$ 3326.34,100
116,09:55:25,$ 3325.57,100
117,09:55:22,$ 3326.825,100
118,09:55:22,$ 3326.825,100
119,09:55:22,$ 3326.335,100
120,09:55:18,$ 3327.51,380
121,09:55:15,$ 3327.80,100
122,09:55:13,$ 3327.35,100
123,09:55:13,$ 3327.3825,100
124,09:55:12,$ 3325.4325,100
125,09:55:11,$ 3325.68,100
127,09:55:11,$ 3325.37,100
128,09:55:11,$ 3325.475,100
129,09:55:11,$ 3325.475,100
130,09:55:11,$ 3325.94,100
131,09:55:09,$ 3326.265,100
132,09:55:09,$ 3326.095,100
133,09:55:08,$ 3326.51,100
134,09:55:08,$ 3325.77,100
135,09:55:08,$ 3326.51,100
136,09:55:08,$ 3326.51,100
137,09:55:08,$ 3325.63,100
138,09:55:03,$ 3324.5416,300
139,09:55:02,$ 3324.67,100
140,09:55:01,$ 3324.43,100
141,09:55:01,$ 3325.00,100
142,09:55:01,$ 3325.00,100
143,09:54:48,$ 3326.67,100
144,09:54:48,$ 3327.215,100
145,09:54:39,$ 3327.00,147
146,09:54:38,$ 3326.95,100
148,09:54:37,$ 3325.68,100
149,09:54:37,$ 3325.71,100
150,09:54:35,$ 3324.85,100
151,09:54:35,$ 3325.00,205
152,09:54:35,$ 3325.00,100
153,09:54:35,$ 3325.00,574
154,09:54:35,$ 3325.00,100
155,09:54:34,$ 3325.00,100
156,09:54:31,$ 3325.905,100
157,09:54:29,$ 3327.02,100
158,09:54:23,$ 3327.91,100
159,09:54:22,$ 3326.40,100
160,09:54:20,$ 3326.995,100
161,09:54:20,$ 3327.43,100
162,09:54:20,$ 3327.50,130
163,09:54:19,$ 3326.90,100
164,09:54:19,$ 3326.30,100
165,09:54:19,$ 3326.49,100
166,09:54:12,$ 3327.26,100
167,09:54:12,$ 3327.26,100
169,09:54:12,$ 3327.565,100
170,09:54:12,$ 3327.57,100
171,09:53:57,$ 3327.85,100
172,09:53:57,$ 3327.97,100
173,09:53:57,$ 3327.68,100
174,09:53:54,$ 3327.87,100
175,09:53:52,$ 3328.00,100
176,09:53:52,$ 3328.06,100
177,09:53:52,$ 3328.10,100
178,09:53:50,$ 3330.00,100
179,09:53:50,$ 3329.91,100
180,09:53:32,$ 3330.09,100
181,09:53:31,$ 3328.32,157
182,09:53:26,$ 3329.19,100
183,09:53:26,$ 3328.4745,119
184,09:53:25,$ 3329.03,100
185,09:53:13,$ 3327.17,100
186,09:53:11,$ 3329.06,100
187,09:52:54,$ 3329.16,100
188,09:52:48,$ 3330.00,185
190,09:52:48,$ 3330.61,100
191,09:52:48,$ 3330.57,100
192,09:52:45,$ 3330.64,100
193,09:52:43,$ 3330.125,100
194,09:52:43,$ 3330.025,100
195,09:52:43,$ 3330.075,100
196,09:52:42,$ 3331.00,100
197,09:52:27,$ 3330.63,100
198,09:52:27,$ 3330.555,100
199,09:52:25,$ 3331.1727,100
200,09:52:23,$ 3332.00,100
201,09:52:22,$ 3332.77,100
202,09:52:22,$ 3332.67,100
203,09:52:20,$ 3333.45,100
204,09:52:18,$ 3333.47,100
205,09:52:18,$ 3333.62,100
206,09:52:13,$ 3333.515,100
207,09:52:05,$ 3335.165,100
208,09:52:05,$ 3335.105,100
209,09:52:05,$ 3335.165,100
211,09:52:03,$ 3335.67,100
212,09:52:02,$ 3335.925,100
213,09:52:00,$ 3334.995,100
214,09:51:53,$ 3335.07,100
215,09:51:49,$ 3335.01,100
216,09:51:49,$ 3335.34,100
217,09:51:49,$ 3335.30,100
218,09:51:49,$ 3335.39,100
219,09:51:45,$ 3336.39,119
220,09:51:42,$ 3335.45,100
221,09:51:38,$ 3336.89,100
222,09:51:32,$ 3337.18,100
223,09:51:23,$ 3335.57,100
224,09:51:20,$ 3335.59,100
225,09:51:13,$ 3336.39,100
226,09:51:10,$ 3336.15,100
227,09:51:04,$ 3336.97,100
228,09:51:00,$ 3337.11,100
229,09:51:00,$ 3337.11,100
230,09:50:55,$ 3336.3344,234
232,09:50:55,$ 3336.68,100
233,09:50:50,$ 3336.5689,210
234,09:50:48,$ 3336.97,100
235,09:50:48,$ 3337.11,100
236,09:50:48,$ 3336.00,100
237,09:50:47,$ 3336.78,100
238,09:50:47,$ 3336.21,100
239,09:50:45,$ 3336.47,100
240,09:50:42,$ 3336.98,100
241,09:50:42,$ 3337.065,100
242,09:50:40,$ 3337.6077,500
243,09:50:37,$ 3337.06,100
244,09:50:37,$ 3337.07,100
245,09:50:25,$ 3336.24,100
246,09:50:25,$ 3336.24,100
247,09:50:25,$ 3336.125,100
248,09:50:25,$ 3336.24,100
249,09:50:25,$ 3336.135,100
250,09:50:25,$ 3336.24,100
251,09:50:25,$ 3336.47,100
253,09:50:25,$ 3336.47,100
254,09:50:24,$ 3336.47,100
255,09:50:24,$ 3335.84,500
256,09:50:24,$ 3336.59,100
257,09:50:24,$ 3336.625,100
258,09:50:24,$ 3336.23,100
259,09:50:24,$ 3336.595,100
260,09:50:24,$ 3336.595,100
261,09:50:24,$ 3336.595,100
262,09:50:24,$ 3336.595,500
263,09:50:24,$ 3336.595,100
264,09:50:24,$ 3336.595,100
265,09:50:24,$ 3336.595,100
266,09:50:24,$ 3336.595,100
267,09:50:24,$ 3336.595,100
268,09:50:24,$ 3336.4607,189
269,09:50:22,$ 3336.22,100
270,09:50:22,$ 3336.245,100
271,09:50:21,$ 3336.60,100
272,09:50:21,$ 3336.22,100
274,09:50:21,$ 3336.27,100
275,09:50:21,$ 3336.255,100
276,09:50:20,$ 3336.275,100
277,09:50:20,$ 3336.55,100
278,09:50:20,$ 3336.70,100
279,09:50:20,$ 3336.3425,100
280,09:50:20,$ 3336.665,100
281,09:50:20,$ 3336.665,100
282,09:50:20,$ 3336.70,100
283,09:50:20,$ 3336.44,100
284,09:50:20,$ 3336.10,100
285,09:50:14,$ 3336.52,100
286,09:50:14,$ 3336.725,100
287,09:50:14,$ 3336.7225,100
288,09:50:13,$ 3336.63,100
289,09:50:13,$ 3336.725,100
290,09:50:13,$ 3336.725,100
291,09:50:02,$ 3336.88,100
292,09:49:56,$ 3336.79,100
293,09:49:52,$ 3338.40,100
295,09:49:30,$ 3340.18,100
296,09:49:26,$ 3340.375,100
297,09:49:22,$ 3341.19,100
298,09:49:12,$ 3342.73,100
299,09:49:09,$ 3341.54,100
300,09:49:00,$ 3343.01,100
301,09:49:00,$ 3342.13,100
302,09:48:58,$ 3340.86,100
303,09:48:58,$ 3341.39,100
304,09:48:58,$ 3341.31,100
305,09:48:58,$ 3341.27,100
306,09:48:58,$ 3341.26,100
307,09:48:58,$ 3341.24,100
308,09:48:58,$ 3341.07,100
309,09:48:52,$ 3341.4632,362
310,09:48:52,$ 3342.435,100
311,09:48:46,$ 3342.075,100
312,09:48:44,$ 3342.10,100
313,09:48:42,$ 3342.075,100
314,09:48:42,$ 3342.775,100
316,09:48:37,$ 3342.92,100
317,09:48:36,$ 3343.5602,100
318,09:48:33,$ 3342.6156,300
319,09:48:27,$ 3342.54,100
320,09:48:25,$ 3342.89,100
321,09:48:25,$ 3342.50,100
322,09:48:25,$ 3341.88,100
323,09:48:24,$ 3342.50,100
324,09:48:23,$ 3341.68,100
325,09:48:23,$ 3341.8546,100
326,09:48:18,$ 3341.735,210
327,09:48:17,$ 3342.755,100
328,09:48:17,$ 3341.94,100
329,09:48:17,$ 3342.11,100
330,09:48:17,$ 3342.00,100
331,09:48:17,$ 3342.41,100
332,09:48:17,$ 3342.00,100
333,09:48:17,$ 3342.00,198
334,09:48:17,$ 3342.00,102
335,09:48:17,$ 3342.00,476
337,09:48:17,$ 3342.00,128
338,09:48:17,$ 3342.00,100
339,09:48:16,$ 3341.68,100
340,09:48:13,$ 3341.50,230
341,09:48:11,$ 3341.68,100
342,09:48:06,$ 3340.3501,100
343,09:48:05,$ 3340.905,200
344,09:48:01,$ 3341.00,800
345,09:48:01,$ 3341.00,100
346,09:48:01,$ 3340.62,100
347,09:48:01,$ 3340.62,100
348,09:48:01,$ 3340.0506,100
349,09:48:01,$ 3340.6199,400
350,09:47:58,$ 3339.60,100
351,09:47:58,$ 3339.60,100
352,09:47:56,$ 3340.55,100
353,09:47:56,$ 3340.44,100
354,09:47:55,$ 3339.8214,100
355,09:47:54,$ 3339.7616,100
356,09:47:53,$ 3339.625,100
358,09:47:52,$ 3339.85,100
359,09:47:52,$ 3340.35,100
360,09:47:52,$ 3340.36,100
361,09:47:45,$ 3340.37,100
362,09:47:41,$ 3340.63,100
363,09:47:40,$ 3340.25,100
364,09:47:39,$ 3339.60,100
365,09:47:39,$ 3339.60,100
366,09:47:39,$ 3339.53,100
367,09:47:37,$ 3340.50,100
368,09:47:37,$ 3340.47,100
369,09:47:36,$ 3340.6501,180
370,09:47:29,$ 3341.01,100
371,09:47:28,$ 3340.91,100
372,09:47:28,$ 3340.26,100
373,09:47:28,$ 3340.92,100
374,09:47:27,$ 3340.91,400
375,09:47:27,$ 3340.92,100
376,09:47:27,$ 3340.81,100
377,09:47:27,$ 3340.08,100
379,09:47:26,$ 3340.90,100
380,09:47:26,$ 3340.90,100
381,09:47:23,$ 3340.935,100
382,09:47:13,$ 3341.88,100
383,09:47:11,$ 3340.39,100
384,09:47:09,$ 3340.265,100
385,09:47:08,$ 3339.8611,200
386,09:47:06,$ 3341.00,100
387,09:47:06,$ 3341.00,154
388,09:47:04,$ 3340.00,100
389,09:47:01,$ 3341.935,100
390,09:47:01,$ 3341.89,100
391,09:47:00,$ 3341.44,100
392,09:47:00,$ 3341.99,100
393,09:47:00,$ 3340.88,100
394,09:47:00,$ 3339.26,100
395,09:47:00,$ 3339.22,100
396,09:46:59,$ 3338.68,100
397,09:46:59,$ 3339.26,100
398,09:46:53,$ 3337.63,100
400,09:46:53,$ 3337.60,400
401,09:46:53,$ 3337.63,100
402,09:46:48,$ 3336.98,100
403,09:46:48,$ 3336.98,100
404,09:46:39,$ 3335.99,100
405,09:46:36,$ 3335.25,100
406,09:46:28,$ 3337.255,100
407,09:46:27,$ 3337.36,100
408,09:46:23,$ 3337.00,100
409,09:46:23,$ 3336.45,100
410,09:46:20,$ 3335.48,100
411,09:46:13,$ 3336.24,147
412,09:46:12,$ 3336.475,100
413,09:46:11,$ 3336.65,100
414,09:46:11,$ 3336.65,100
415,09:46:11,$ 3335.95,100
416,09:46:07,$ 3335.785,100
417,09:46:07,$ 3336.00,100
418,09:46:07,$ 3336.00,100
419,09:46:05,$ 3335.4855,200
421,09:46:03,$ 3335.738,168
422,09:46:03,$ 3335.28,100
423,09:46:03,$ 3335.28,181
424,09:46:03,$ 3335.28,100
425,09:46:03,$ 3335.28,300
426,09:45:47,$ 3332.00,100
427,09:45:47,$ 3332.18,100
428,09:45:30,$ 3331.765,100
429,09:45:24,$ 3331.845,100
430,09:45:24,$ 3330.86,500
431,09:45:22,$ 3331.395,100
432,09:45:14,$ 3329.94,100
433,09:45:14,$ 3330.00,100
434,09:45:14,$ 3330.00,100
435,09:45:06,$ 3328.285,100
436,09:44:58,$ 3327.221,195
437,09:44:53,$ 3327.95,100
438,09:44:53,$ 3327.895,100
439,09:44:46,$ 3329.7147,150
440,09:44:44,$ 3327.535,100
442,09:44:43,$ 3327.61,100
443,09:44:41,$ 3329.19,300
444,09:44:36,$ 3328.06,100
445,09:44:34,$ 3328.8883,167
446,09:44:30,$ 3328.76,100
447,09:44:28,$ 3329.2597,150
448,09:44:28,$ 3329.77,100
449,09:44:16,$ 3330.35,378
450,09:44:16,$ 3330.64,100
451,09:44:13,$ 3331.54,100
452,09:44:13,$ 3331.40,100
453,09:43:51,$ 3332.38,100
454,09:43:39,$ 3333.00,100
455,09:43:38,$ 3332.69,100
456,09:43:33,$ 3332.4672,500
457,09:43:29,$ 3331.15,100
458,09:43:25,$ 3331.47,100
459,09:43:23,$ 3331.32,100
460,09:43:23,$ 3331.46,100
461,09:43:23,$ 3331.47,100
463,09:43:23,$ 3331.47,100
464,09:43:20,$ 3330.85,100
465,09:43:02,$ 3331.62,296
466,09:43:02,$ 3331.62,100
467,09:42:58,$ 3331.6201,335
468,09:42:47,$ 3332.50,100
469,09:42:47,$ 3331.70,100
470,09:42:43,$ 3333.27,100
471,09:42:36,$ 3333.00,100
472,09:42:36,$ 3333.00,125
473,09:42:35,$ 3332.50,100
474,09:42:28,$ 3331.9673,100
475,09:42:14,$ 3331.56,100
476,09:42:13,$ 3332.28,100
477,09:42:11,$ 3331.66,100
478,09:42:06,$ 3330.97,100
479,09:42:03,$ 3330.51,100
480,09:42:00,$ 3329.1601,200
481,09:41:59,$ 3329.93,100
482,09:41:49,$ 3329.58,200
484,09:41:48,$ 3330.16,100
485,09:41:45,$ 3330.99,110
486,09:41:44,$ 3330.6176,100
487,09:41:39,$ 3329.69,100
488,09:41:17,$ 3330.55,100
489,09:41:13,$ 3330.73,100
490,09:41:12,$ 3330.41,100
491,09:41:09,$ 3329.11,100
492,09:41:09,$ 3329.19,100
493,09:41:08,$ 3330.6874,100
494,09:41:06,$ 3329.3526,100
495,09:40:55,$ 3330.62,100
496,09:40:50,$ 3332.05,100
497,09:40:48,$ 3332.80,100
498,09:40:41,$ 3332.4379,100
499,09:40:22,$ 3332.03,100
500,09:40:22,$ 3332.685,100
501,09:40:21,$ 3332.28,100
502,09:40:20,$ 3332.81,100
503,09:40:20,$ 3333.3142,100
505,09:40:19,$ 3333.00,114
506,09:40:19,$ 3334.00,100
507,09:40:10,$ 3335.78,100
508,09:40:04,$ 3335.80,100
509,09:40:02,$ 3335.82,100
510,09:40:01,$ 3334.50,100
511,09:39:55,$ 3333.7866,150
512,09:39:52,$ 3334.23,100
513,09:39:48,$ 3333.86,100
514,09:39:44,$ 3334.32,100
515,09:39:43,$ 3335.01,100
516,09:39:30,$ 3334.69,100
517,09:39:25,$ 3335.24,100
518,09:39:23,$ 3335.46,100
519,09:39:18,$ 3334.45,100
520,09:39:18,$ 3334.44,100
521,09:39:18,$ 3334.45,100
522,09:39:09,$ 3335.389,128
523,09:39:08,$ 3335.40,100
524,09:39:01,$ 3335.31,100
526,09:39:00,$ 3332.60,100
527,09:38:53,$ 3331.76,100
528,09:38:52,$ 3331.535,100
529,09:38:49,$ 3332.83,100
530,09:38:49,$ 3332.94,100
531,09:38:49,$ 3332.5429,210
532,09:38:44,$ 3334.60,100
533,09:38:43,$ 3333.455,100
534,09:38:43,$ 3334.00,100
535,09:38:39,$ 3331.6301,100
536,09:38:36,$ 3332.74,100
537,09:38:16,$ 3330.30,100
538,09:38:04,$ 3330.15,100
539,09:37:54,$ 3328.91,300
540,09:37:45,$ 3331.10,100
541,09:37:39,$ 3330.105,100
542,09:37:39,$ 3330.025,100
543,09:37:39,$ 3330.01,100
544,09:37:39,$ 3330.5975,200
545,09:37:39,$ 3330.145,100
547,09:37:38,$ 3332.82,100
548,09:37:38,$ 3332.55,100
549,09:37:38,$ 3332.53,200
550,09:37:38,$ 3332.52,100
551,09:37:38,$ 3332.51,100
552,09:37:36,$ 3332.93,100
553,09:37:30,$ 3331.75,100
554,09:37:28,$ 3330.8071,100
555,09:37:28,$ 3331.73,200
556,09:37:22,$ 3331.552,100
557,09:37:22,$ 3331.54,100
558,09:37:18,$ 3329.20,100
559,09:37:17,$ 3330.46,100
560,09:37:15,$ 3329.0506,100
561,09:37:08,$ 3329.80,100
562,09:37:07,$ 3329.04,200
563,09:37:05,$ 3329.949,110
564,09:37:02,$ 3329.67,100
565,09:37:00,$ 3328.825,100
566,09:36:59,$ 3328.82,100
568,09:36:52,$ 3330.2999,100
569,09:36:38,$ 3330.99,300
570,09:36:38,$ 3330.49,100
571,09:36:37,$ 3330.00,100
572,09:36:37,$ 3330.70,300
573,09:36:35,$ 3329.79,100
574,09:36:30,$ 3328.765,200
575,09:36:23,$ 3328.99,100
576,09:36:16,$ 3329.32,100
577,09:36:08,$ 3329.05,100
578,09:36:08,$ 3328.72,100
579,09:35:42,$ 3327.92,100
580,09:35:42,$ 3327.94,100
581,09:35:35,$ 3328.23,230
582,09:35:32,$ 3327.385,100
583,09:35:23,$ 3328.06,100
584,09:35:23,$ 3328.04,100
585,09:35:23,$ 3328.03,100
586,09:35:23,$ 3327.99,100
587,09:35:23,$ 3327.99,100
589,09:35:23,$ 3327.99,100
590,09:35:21,$ 3328.91,200
591,09:35:21,$ 3328.91,276
592,09:35:21,$ 3328.41,200
593,09:35:17,$ 3329.02,100
594,09:35:06,$ 3329.255,100
595,09:35:06,$ 3329.425,100
596,09:35:06,$ 3328.43,100
597,09:35:06,$ 3327.10,100
598,09:35:06,$ 3329.44,100
599,09:35:03,$ 3330.22,100
600,09:35:03,$ 3330.255,100
601,09:35:01,$ 3329.61,100
602,09:34:52,$ 3329.90,100
603,09:34:52,$ 3330.56,100
604,09:34:52,$ 3330.00,"1,200"
605,09:34:52,$ 3330.00,100
606,09:34:49,$ 3329.99,100
607,09:34:46,$ 3328.63,110
608,09:34:45,$ 3326.60,100
610,09:34:45,$ 3326.57,100
611,09:34:38,$ 3329.20,100
612,09:34:36,$ 3329.00,162
613,09:34:36,$ 3329.00,338
614,09:34:12,$ 3328.41,100
615,09:34:11,$ 3327.80,100
616,09:34:09,$ 3326.6384,210
617,09:34:03,$ 3325.2001,150
618,09:34:01,$ 3325.76,100
619,09:33:56,$ 3326.29,100
620,09:33:50,$ 3327.475,165
621,09:33:43,$ 3328.0524,100
622,09:33:42,$ 3328.06,100
623,09:33:42,$ 3328.00,100
624,09:33:42,$ 3328.00,100
625,09:33:25,$ 3328.25,100
626,09:33:21,$ 3328.695,100
627,09:33:21,$ 3328.695,100
628,09:33:15,$ 3328.91,200
629,09:33:05,$ 3328.48,100
631,09:33:03,$ 3327.00,100
632,09:33:02,$ 3328.21,100
633,09:32:58,$ 3327.8918,100
634,09:32:57,$ 3327.34,100
635,09:32:57,$ 3327.29,100
636,09:32:57,$ 3327.12,100
637,09:32:56,$ 3328.39,100
638,09:32:55,$ 3328.00,100
639,09:32:55,$ 3328.14,100
640,09:32:51,$ 3330.00,200
641,09:32:51,$ 3330.00,100
642,09:32:51,$ 3329.00,100
643,09:32:51,$ 3330.00,100
644,09:32:51,$ 3330.00,100
645,09:32:51,$ 3330.00,125
646,09:32:51,$ 3330.00,100
647,09:32:51,$ 3330.00,100
648,09:32:51,$ 3330.00,100
649,09:32:51,$ 3330.00,222
650,09:32:51,$ 3330.36,100
652,09:32:49,$ 3332.79,200
653,09:32:49,$ 3331.06,100
654,09:32:49,$ 3331.07,100
655,09:32:49,$ 3331.01,100
656,09:32:48,$ 3331.125,100
657,09:32:48,$ 3331.025,100
658,09:32:48,$ 3331.345,100
659,09:32:48,$ 3331.99,200
660,09:32:48,$ 3331.49,116
661,09:32:44,$ 3331.64,100
662,09:32:29,$ 3331.86,100
663,09:32:29,$ 3332.25,100
664,09:32:28,$ 3332.01,100
665,09:32:28,$ 3332.66,100
666,09:32:28,$ 3332.00,100
667,09:32:27,$ 3334.97,100
668,09:32:27,$ 3334.08,100
669,09:32:26,$ 3334.05,100
670,09:32:24,$ 3333.00,167
671,09:32:20,$ 3333.005,200
673,09:32:20,$ 3332.86,100
674,09:32:14,$ 3332.33,100
675,09:32:14,$ 3332.74,200
676,09:32:14,$ 3332.325,100
677,09:32:13,$ 3332.00,150
678,09:32:13,$ 3332.00,134
679,09:32:13,$ 3332.00,163
680,09:32:13,$ 3332.12,100
681,09:32:13,$ 3332.84,100
682,09:32:13,$ 3332.68,200
683,09:32:13,$ 3332.68,100
684,09:32:10,$ 3333.88,100
685,09:32:09,$ 3332.88,100
686,09:32:07,$ 3334.00,100
687,09:32:07,$ 3334.20,171
688,09:32:06,$ 3334.00,100
689,09:32:06,$ 3335.00,200
690,09:32:06,$ 3334.05,100
691,09:32:00,$ 3334.92,100
692,09:32:00,$ 3333.43,100
694,09:31:54,$ 3335.3491,100
695,09:31:42,$ 3334.62,100
696,09:31:42,$ 3334.68,100
697,09:31:34,$ 3332.8375,300
698,09:31:32,$ 3333.335,100
699,09:31:29,$ 3333.34,200
700,09:31:29,$ 3332.12,100
701,09:31:28,$ 3333.7579,500
702,09:31:28,$ 3334.39,100
703,09:31:28,$ 3334.39,100
704,09:31:25,$ 3333.0722,150
705,09:31:23,$ 3332.245,100
706,09:31:23,$ 3332.145,100
707,09:31:23,$ 3332.32,100
708,09:31:18,$ 3333.47,100
709,09:31:18,$ 3336.235,100
710,09:31:18,$ 3335.84,340
711,09:31:15,$ 3336.215,100
712,09:31:15,$ 3334.98,100
713,09:31:15,$ 3334.955,100
715,09:31:07,$ 3335.08,100
716,09:31:06,$ 3333.2278,100
717,09:31:05,$ 3334.4274,199
718,09:31:04,$ 3334.895,100
719,09:31:02,$ 3333.90,105
720,09:31:02,$ 3334.00,124
721,09:31:02,$ 3334.00,126
722,09:31:02,$ 3334.00,200
723,09:31:02,$ 3334.00,100
724,09:31:02,$ 3334.00,200
725,09:31:02,$ 3334.00,100
726,09:31:02,$ 3334.00,300
727,09:31:02,$ 3334.00,123
728,09:31:02,$ 3335.00,145
729,09:31:02,$ 3335.00,100
730,09:31:02,$ 3335.00,112
731,09:31:02,$ 3335.00,120
732,09:31:00,$ 3336.01,212
733,09:31:00,$ 3336.06,100
734,09:30:58,$ 3337.745,100
736,09:30:52,$ 3336.31,100
737,09:30:52,$ 3336.25,127
738,09:30:50,$ 3338.6875,100
739,09:30:50,$ 3338.6875,100
740,09:30:50,$ 3338.735,200
741,09:30:50,$ 3338.735,200
742,09:30:39,$ 3340.47,110
743,09:30:32,$ 3340.46,200
744,09:30:31,$ 3340.465,100
745,09:30:31,$ 3340.465,100
746,09:30:31,$ 3340.465,100
747,09:30:28,$ 3340.74,100
748,09:30:17,$ 3339.52,100
749,09:30:16,$ 3341.53,100
750,09:30:16,$ 3341.01,100
751,09:30:15,$ 3340.85,100
752,09:30:15,$ 3340.06,100
753,09:30:15,$ 3339.52,100
754,09:30:15,$ 3339.70,100
755,09:30:15,$ 3340.04,100
757,09:30:14,$ 3340.05,100
758,09:30:14,$ 3340.00,100
759,09:30:14,$ 3340.00,200
760,09:30:14,$ 3340.00,156
761,09:30:13,$ 3340.885,100
762,09:30:13,$ 3341.795,100
763,09:30:12,$ 3340.825,100
764,09:30:11,$ 3342.25,100
765,09:30:11,$ 3340.77,100
766,09:30:10,$ 3342.265,100
767,09:30:10,$ 3342.80,100
768,09:30:10,$ 3342.9975,100
769,09:30:10,$ 3343.1175,100
770,09:30:10,$ 3342.8775,100
771,09:30:10,$ 3343.56,143
772,09:30:09,$ 3342.87,100
773,09:30:09,$ 3342.325,100
774,09:30:09,$ 3342.795,100
775,09:30:09,$ 3342.18,100
776,09:30:09,$ 3342.20,100
778,09:30:09,$ 3342.87,"3,200"
779,09:30:09,$ 3342.875,300
780,09:30:09,$ 3342.38,100
781,09:30:09,$ 3342.29,100
782,09:30:09,$ 3342.40,100
783,09:30:09,$ 3342.875,900
784,09:30:09,$ 3342.875,200
785,09:30:09,$ 3342.40,100
786,09:30:09,$ 3342.98,100
787,09:30:09,$ 3342.895,100
788,09:30:09,$ 3343.11,100
789,09:30:09,$ 3342.925,100
790,09:30:09,$ 3342.925,100
791,09:30:09,$ 3343.23,100
792,09:30:09,$ 3342.18,100
793,09:30:09,$ 3342.635,100
794,09:30:09,$ 3343.17,100
795,09:30:09,$ 3342.61,100
796,09:30:09,$ 3342.41,100
797,09:30:09,$ 3342.875,600
799,09:30:09,$ 3342.875,400
800,09:30:09,$ 3342.8775,100
801,09:30:09,$ 3342.875,600
802,09:30:09,$ 3342.875,100
803,09:30:09,$ 3342.875,100
804,09:30:09,$ 3342.875,700
805,09:30:09,$ 3343.14,100
806,09:30:09,$ 3342.925,100
807,09:30:09,$ 3342.925,100
808,09:30:09,$ 3342.925,100
809,09:30:09,$ 3342.925,100
810,09:30:09,$ 3342.64,100
811,09:30:09,$ 3342.88,100
812,09:30:09,$ 3342.8775,100
813,09:30:09,$ 3342.7575,100
814,09:30:09,$ 3342.925,100
815,09:30:09,$ 3342.925,100
816,09:30:09,$ 3342.8425,100
817,09:30:09,$ 3342.925,100
818,09:30:09,$ 3342.925,100
820,09:30:08,$ 3343.56,100
821,09:30:07,$ 3342.87,100
822,09:30:07,$ 3341.425,100
823,09:30:06,$ 3340.605,100
824,09:30:05,$ 3342.15,100
825,09:30:05,$ 3342.15,100
826,09:30:05,$ 3342.15,100
827,09:30:04,$ 3342.15,265
828,09:30:03,$ 3342.04,100
829,09:30:02,$ 3342.12,100
830,09:30:02,$ 3341.77,100
831,09:30:02,$ 3341.72,100
832,09:30:02,$ 3341.685,100
833,09:30:02,$ 3341.685,100
834,09:30:02,$ 3342.12,100
835,09:30:02,$ 3341.805,164
836,09:30:02,$ 3340.985,100
837,09:30:02,$ 3341.92,100
838,09:30:02,$ 3340.72,2
839,09:30:02,$ 3340.72,20
841,09:30:02,$ 3340.72,1
842,09:30:02,$ 3340.72,9
843,09:30:02,$ 3340.72,9
844,09:30:02,$ 3340.72,10
845,09:30:02,$ 3340.72,1
846,09:30:02,$ 3340.72,4
847,09:30:02,$ 3340.72,1
848,09:30:02,$ 3340.72,3
849,09:30:02,$ 3340.72,1
850,09:30:02,$ 3340.72,4
851,09:30:02,$ 3340.72,1
852,09:30:02,$ 3340.72,1
853,09:30:02,$ 3340.72,3
854,09:30:02,$ 3340.72,2
855,09:30:02,$ 3340.72,1
856,09:30:02,$ 3340.72,1
857,09:30:02,$ 3340.72,1
858,09:30:02,$ 3340.72,1
859,09:30:02,$ 3340.72,1
860,09:30:02,$ 3340.72,1
862,09:30:02,$ 3340.72,1
863,09:30:02,$ 3340.72,1
864,09:30:02,$ 3340.72,1
865,09:30:02,$ 3340.72,1
866,09:30:02,$ 3340.72,1
867,09:30:02,$ 3340.72,1
868,09:30:02,$ 3340.72,1
869,09:30:02,$ 3340.72,1
870,09:30:02,$ 3340.72,1
871,09:30:02,$ 3340.72,1
872,09:30:02,$ 3340.72,1
873,09:30:02,$ 3340.72,1
874,09:30:02,$ 3340.72,1
875,09:30:02,$ 3340.72,1
876,09:30:02,$ 3340.72,1
877,09:30:02,$ 3340.72,1
878,09:30:02,$ 3340.72,1
879,09:30:02,$ 3340.72,1
880,09:30:02,$ 3340.72,1
881,09:30:02,$ 3340.72,1
883,09:30:02,$ 3340.72,1
884,09:30:02,$ 3340.72,1
885,09:30:02,$ 3340.72,1
886,09:30:02,$ 3340.72,1
887,09:30:02,$ 3340.72,2
888,09:30:02,$ 3340.72,1
889,09:30:02,$ 3340.72,1
890,09:30:02,$ 3340.72,1
891,09:30:02,$ 3340.72,1
892,09:30:02,$ 3340.72,1
893,09:30:02,$ 3340.72,1
894,09:30:02,$ 3340.72,1
895,09:30:02,$ 3340.72,1
896,09:30:02,$ 3340.72,1
897,09:30:02,$ 3340.72,1
898,09:30:02,$ 3340.72,1
899,09:30:02,$ 3340.72,1
900,09:30:02,$ 3340.72,1
901,09:30:02,$ 3340.72,1
902,09:30:02,$ 3340.72,1
904,09:30:02,$ 3340.72,1
905,09:30:02,$ 3340.72,1
906,09:30:02,$ 3340.72,1
907,09:30:02,$ 3340.72,1
908,09:30:02,$ 3340.72,3
909,09:30:02,$ 3340.72,2
910,09:30:02,$ 3340.72,7
911,09:30:02,$ 3340.72,1
912,09:30:02,$ 3340.72,1
913,09:30:02,$ 3340.72,1
914,09:30:02,$ 3340.72,1
915,09:30:02,$ 3340.72,1
916,09:30:02,$ 3340.72,1
917,09:30:02,$ 3340.72,9
918,09:30:02,$ 3340.72,25
919,09:30:02,$ 3340.72,1
920,09:30:02,$ 3340.72,3
921,09:30:02,$ 3340.72,9
922,09:30:02,$ 3340.72,4
923,09:30:02,$ 3340.72,40
925,09:30:02,$ 3340.72,4
926,09:30:02,$ 3340.72,3
927,09:30:02,$ 3340.72,1
928,09:30:02,$ 3340.72,1
929,09:30:02,$ 3340.72,1
930,09:30:02,$ 3340.72,1
931,09:30:02,$ 3340.72,1
932,09:30:02,$ 3340.72,2
933,09:30:02,$ 3340.72,5
934,09:30:02,$ 3340.72,27
935,09:30:02,$ 3340.72,1
936,09:30:02,$ 3340.72,14
937,09:30:02,$ 3340.72,3
938,09:30:02,$ 3340.72,3
939,09:30:02,$ 3340.72,1
940,09:30:02,$ 3340.72,1
941,09:30:02,$ 3340.72,7
942,09:30:02,$ 3340.72,3
943,09:30:02,$ 3340.72,45
944,09:30:02,$ 3340.72,4
946,09:30:02,$ 3340.72,60
947,09:30:02,$ 3340.72,15
948,09:30:02,$ 3340.72,2
949,09:30:02,$ 3340.72,6
950,09:30:02,$ 3340.72,10
951,09:30:02,$ 3340.72,1
952,09:30:02,$ 3340.72,1
953,09:30:02,$ 3340.72,5
954,09:30:02,$ 3340.72,1
955,09:30:02,$ 3340.72,3
956,09:30:02,$ 3340.72,3
957,09:30:02,$ 3340.72,1
958,09:30:02,$ 3340.72,2
959,09:30:02,$ 3340.72,3
960,09:30:02,$ 3340.72,1
961,09:30:02,$ 3340.72,1
962,09:30:02,$ 3340.72,5
963,09:30:02,$ 3340.72,1
964,09:30:02,$ 3340.72,1
965,09:30:02,$ 3340.72,1
967,09:30:02,$ 3340.72,3
968,09:30:02,$ 3340.72,2
969,09:30:02,$ 3340.72,30
970,09:30:02,$ 3340.72,5
971,09:30:02,$ 3340.72,1
972,09:30:02,$ 3340.72,1
973,09:30:02,$ 3340.72,2
974,09:30:02,$ 3340.72,4
975,09:30:02,$ 3340.72,3
976,09:30:02,$ 3340.72,5
977,09:30:02,$ 3340.72,3
978,09:30:02,$ 3340.72,3
979,09:30:02,$ 3340.72,3
980,09:30:02,$ 3340.72,1
981,09:30:02,$ 3340.72,1
982,09:30:02,$ 3340.72,1
983,09:30:02,$ 3340.72,5
984,09:30:02,$ 3340.72,20
985,09:30:02,$ 3340.72,1
986,09:30:02,$ 3340.72,1
988,09:30:02,$ 3340.72,2
989,09:30:02,$ 3340.72,11
990,09:30:02,$ 3340.72,3
991,09:30:02,$ 3340.72,1
992,09:30:02,$ 3340.72,5
993,09:30:02,$ 3340.72,1
994,09:30:02,$ 3340.72,2
995,09:30:02,$ 3340.72,1
996,09:30:02,$ 3340.72,74
997,09:30:02,$ 3340.72,1
998,09:30:02,$ 3340.72,2
999,09:30:02,$ 3340.72,2
1000,09:30:02,$ 3340.72,2
1001,09:30:02,$ 3340.72,1
1002,09:30:02,$ 3340.72,1
1003,09:30:02,$ 3340.72,4
1004,09:30:02,$ 3340.72,1
1005,09:30:02,$ 3340.72,3
1006,09:30:02,$ 3340.72,3
1007,09:30:02,$ 3340.72,1
1009,09:30:02,$ 3340.72,18
1010,09:30:02,$ 3340.72,30
1011,09:30:02,$ 3340.72,1
1012,09:30:02,$ 3340.72,3
1013,09:30:02,$ 3340.72,10
1014,09:30:02,$ 3340.72,25
1015,09:30:02,$ 3340.72,1
1016,09:30:02,$ 3340.72,9
1017,09:30:02,$ 3340.72,1
1018,09:30:02,$ 3340.72,8
1019,09:30:02,$ 3340.72,40
1020,09:30:02,$ 3340.72,8
1021,09:30:02,$ 3340.72,2
1022,09:30:02,$ 3340.72,10
1023,09:30:02,$ 3340.72,1
1024,09:30:02,$ 3340.72,1
1025,09:30:02,$ 3340.72,1
1026,09:30:02,$ 3340.72,10
1027,09:30:02,$ 3340.72,1
1028,09:30:02,$ 3340.72,2
1030,09:30:02,$ 3340.72,1
1031,09:30:02,$ 3340.72,1
1032,09:30:02,$ 3340.72,1
1033,09:30:02,$ 3340.72,15
1034,09:30:02,$ 3340.72,3
1035,09:30:02,$ 3340.72,5
1036,09:30:02,$ 3340.72,1
1037,09:30:02,$ 3340.72,1
1038,09:30:02,$ 3340.72,1
1039,09:30:02,$ 3340.72,3
1040,09:30:02,$ 3340.72,1
1041,09:30:02,$ 3340.72,1
1042,09:30:02,$ 3340.72,1
1043,09:30:02,$ 3340.72,10
1044,09:30:02,$ 3340.72,1
1045,09:30:02,$ 3340.72,4
1046,09:30:02,$ 3340.72,1
1047,09:30:02,$ 3340.72,1
1048,09:30:02,$ 3340.72,1
1049,09:30:02,$ 3340.72,2
1051,09:30:02,$ 3340.72,1
1052,09:30:02,$ 3340.72,9
1053,09:30:02,$ 3340.72,1
1054,09:30:02,$ 3340.72,6
1055,09:30:02,$ 3340.72,1
1056,09:30:02,$ 3340.72,1
1057,09:30:02,$ 3340.72,1
1058,09:30:02,$ 3340.72,1
1059,09:30:02,$ 3340.72,1
1060,09:30:02,$ 3340.72,1
1061,09:30:02,$ 3340.72,1
1062,09:30:02,$ 3340.72,1
1063,09:30:02,$ 3340.72,1
1064,09:30:02,$ 3340.72,1
1065,09:30:02,$ 3340.72,1
1066,09:30:02,$ 3340.72,1
1067,09:30:02,$ 3340.72,1
1068,09:30:02,$ 3340.72,1
1069,09:30:02,$ 3340.72,1
1070,09:30:02,$ 3340.72,1
1072,09:30:02,$ 3340.72,1
1073,09:30:02,$ 3340.72,1
1074,09:30:02,$ 3340.72,1
1075,09:30:02,$ 3340.72,2
1076,09:30:02,$ 3340.72,1
1077,09:30:02,$ 3340.72,1
1078,09:30:02,$ 3340.72,1
1079,09:30:02,$ 3340.72,1
1080,09:30:02,$ 3340.72,1
1081,09:30:02,$ 3340.72,1
1082,09:30:02,$ 3340.72,1
1083,09:30:02,$ 3340.72,1
1084,09:30:02,$ 3340.72,2
1085,09:30:02,$ 3340.72,1
1086,09:30:02,$ 3340.72,1
1087,09:30:02,$ 3340.72,1
1088,09:30:02,$ 3340.72,1
1089,09:30:02,$ 3340.72,1
1090,09:30:02,$ 3340.72,1
1091,09:30:02,$ 3340.72,1
1093,09:30:02,$ 3340.72,1
1094,09:30:02,$ 3340.72,1
1095,09:30:02,$ 3340.72,1
1096,09:30:02,$ 3340.72,1
1097,09:30:02,$ 3340.72,1
1098,09:30:02,$ 3340.72,1
1099,09:30:02,$ 3340.72,1
1100,09:30:02,$ 3340.72,1
1101,09:30:02,$ 3340.72,1
1102,09:30:02,$ 3340.72,1
1103,09:30:02,$ 3340.72,1
1104,09:30:02,$ 3340.72,1
1105,09:30:02,$ 3340.72,1
1106,09:30:02,$ 3340.72,1
1107,09:30:02,$ 3340.72,1
1108,09:30:02,$ 3340.72,1
1109,09:30:02,$ 3340.72,1
1110,09:30:02,$ 3340.72,1
1111,09:30:02,$ 3340.72,1
1112,09:30:02,$ 3340.72,1
1114,09:30:02,$ 3340.72,1
1115,09:30:02,$ 3340.72,1
1116,09:30:02,$ 3340.72,1
1117,09:30:02,$ 3340.72,1
1118,09:30:02,$ 3340.72,1
1119,09:30:02,$ 3340.72,1
1120,09:30:02,$ 3340.72,1
1121,09:30:02,$ 3340.72,1
1122,09:30:02,$ 3340.72,9
1123,09:30:02,$ 3340.72,1
1124,09:30:02,$ 3340.72,1
1125,09:30:02,$ 3340.72,1
1126,09:30:02,$ 3340.72,1
1127,09:30:02,$ 3340.72,1
1128,09:30:02,$ 3340.72,1
1129,09:30:02,$ 3340.72,1
1130,09:30:02,$ 3340.72,1
1131,09:30:02,$ 3340.72,1
1132,09:30:02,$ 3340.72,1
1133,09:30:02,$ 3340.72,1
1135,09:30:02,$ 3340.72,1
1136,09:30:02,$ 3340.72,1
1137,09:30:02,$ 3340.72,1
1138,09:30:02,$ 3340.72,1
1139,09:30:02,$ 3340.72,1
1140,09:30:02,$ 3340.72,1
1141,09:30:02,$ 3340.72,1
1142,09:30:02,$ 3340.72,4
1143,09:30:02,$ 3340.72,1
1144,09:30:02,$ 3340.72,1
1145,09:30:02,$ 3340.72,2
1146,09:30:02,$ 3340.72,1
1147,09:30:02,$ 3340.72,1
1148,09:30:02,$ 3340.72,1
1149,09:30:02,$ 3340.72,1
1150,09:30:02,$ 3340.72,1
1151,09:30:02,$ 3340.72,1
1152,09:30:02,$ 3340.72,1
1153,09:30:02,$ 3340.72,1
1154,09:30:02,$ 3340.72,1
1156,09:30:02,$ 3340.72,1
1157,09:30:02,$ 3340.72,1
1158,09:30:02,$ 3340.72,1
1159,09:30:02,$ 3340.72,1
1160,09:30:02,$ 3340.72,1
1161,09:30:02,$ 3340.72,1
1162,09:30:02,$ 3340.72,1
1163,09:30:02,$ 3340.72,1
1164,09:30:02,$ 3340.72,1
1165,09:30:02,$ 3340.72,1
1166,09:30:02,$ 3340.72,1
1167,09:30:02,$ 3340.72,1
1168,09:30:02,$ 3340.72,1
1169,09:30:02,$ 3340.72,1
1170,09:30:02,$ 3340.72,1
1171,09:30:02,$ 3340.72,1
1172,09:30:02,$ 3340.72,1
1173,09:30:02,$ 3340.72,1
1174,09:30:02,$ 3340.72,1
1175,09:30:02,$ 3340.72,1
1177,09:30:02,$ 3340.72,1
1178,09:30:02,$ 3340.72,1
1179,09:30:02,$ 3340.72,1
1180,09:30:02,$ 3340.72,1
1181,09:30:02,$ 3340.72,1
1182,09:30:02,$ 3340.72,1
1183,09:30:02,$ 3340.72,1
1184,09:30:02,$ 3340.72,1
1185,09:30:02,$ 3340.72,1
1186,09:30:02,$ 3340.72,1
1187,09:30:02,$ 3340.72,1
1188,09:30:02,$ 3340.72,1
1189,09:30:02,$ 3340.72,1
1190,09:30:02,$ 3340.72,3
1191,09:30:02,$ 3340.72,1
1192,09:30:02,$ 3340.72,1
1193,09:30:02,$ 3340.72,1
1194,09:30:02,$ 3340.72,1
1195,09:30:02,$ 3340.72,1
1196,09:30:02,$ 3340.72,1
1198,09:30:02,$ 3340.72,3
1199,09:30:02,$ 3340.72,3
1200,09:30:02,$ 3340.72,15
1201,09:30:02,$ 3340.72,2
1202,09:30:02,$ 3340.72,5
1203,09:30:02,$ 3340.72,6
1204,09:30:02,$ 3340.72,8
1205,09:30:02,$ 3340.72,2
1206,09:30:02,$ 3340.72,6
1207,09:30:02,$ 3340.72,3
1208,09:30:02,$ 3340.72,1
1209,09:30:02,$ 3340.72,1
1210,09:30:02,$ 3340.72,5
1211,09:30:02,$ 3340.72,3
1212,09:30:02,$ 3340.72,5
1213,09:30:02,$ 3340.72,40
1214,09:30:02,$ 3340.72,3
1215,09:30:02,$ 3340.72,1
1216,09:30:02,$ 3340.72,33
1217,09:30:02,$ 3340.72,1
1219,09:30:02,$ 3340.72,1
1220,09:30:02,$ 3340.72,1
1221,09:30:02,$ 3340.72,30
1222,09:30:02,$ 3340.72,1
1223,09:30:02,$ 3340.72,5
1224,09:30:02,$ 3340.72,1
1225,09:30:02,$ 3340.72,1
1226,09:30:02,$ 3340.72,1
1227,09:30:02,$ 3340.72,1
1228,09:30:02,$ 3340.72,1
1229,09:30:02,$ 3340.72,1
1230,09:30:02,$ 3340.72,1
1231,09:30:02,$ 3340.72,3
1232,09:30:02,$ 3340.72,10
1233,09:30:02,$ 3340.72,6
1234,09:30:02,$ 3340.72,5
1235,09:30:02,$ 3340.72,2
1236,09:30:02,$ 3340.72,1
1237,09:30:02,$ 3340.72,3
1238,09:30:02,$ 3340.72,1
1240,09:30:02,$ 3340.72,1
1241,09:30:02,$ 3340.72,1
1242,09:30:02,$ 3340.72,1
1243,09:30:02,$ 3340.72,1
1244,09:30:02,$ 3340.72,2
1245,09:30:02,$ 3340.72,3
1246,09:30:02,$ 3340.72,10
1247,09:30:02,$ 3340.72,1
1248,09:30:02,$ 3340.72,10
1249,09:30:02,$ 3340.72,1
1250,09:30:02,$ 3340.72,15
1251,09:30:02,$ 3340.72,5
1252,09:30:02,$ 3340.72,2
1253,09:30:02,$ 3340.72,3
1254,09:30:02,$ 3340.72,21
1255,09:30:02,$ 3340.72,2
1256,09:30:02,$ 3340.72,3
1257,09:30:02,$ 3340.72,1
1258,09:30:02,$ 3340.72,3
1259,09:30:02,$ 3340.72,22
1261,09:30:02,$ 3340.72,12
1262,09:30:02,$ 3340.72,2
1263,09:30:02,$ 3340.72,1
1264,09:30:02,$ 3340.72,3
1265,09:30:02,$ 3340.72,2
1266,09:30:02,$ 3340.72,1
1267,09:30:02,$ 3340.72,3
1268,09:30:02,$ 3340.72,1
1269,09:30:02,$ 3340.72,1
1270,09:30:02,$ 3340.72,3
1271,09:30:02,$ 3340.72,5
1272,09:30:02,$ 3340.72,1
1273,09:30:02,$ 3340.72,1
1274,09:30:02,$ 3340.72,2
1275,09:30:02,$ 3340.72,6
1276,09:30:02,$ 3340.72,1
1277,09:30:02,$ 3340.72,10
1278,09:30:02,$ 3340.72,3
1279,09:30:02,$ 3340.72,3
1280,09:30:02,$ 3340.72,4
1282,09:30:02,$ 3340.72,2
1283,09:30:02,$ 3340.72,7
1284,09:30:02,$ 3340.72,1
1285,09:30:02,$ 3340.72,25
1286,09:30:02,$ 3340.72,2
1287,09:30:02,$ 3340.72,3
1288,09:30:02,$ 3340.72,50
1289,09:30:02,$ 3340.72,1
1290,09:30:02,$ 3340.72,1
1291,09:30:02,$ 3340.72,2
1292,09:30:02,$ 3340.72,2
1293,09:30:02,$ 3340.72,1
1294,09:30:02,$ 3340.72,6
1295,09:30:02,$ 3340.72,9
1296,09:30:02,$ 3340.72,3
1297,09:30:02,$ 3340.72,1
1298,09:30:02,$ 3340.72,1
1299,09:30:02,$ 3340.72,1
1300,09:30:02,$ 3340.72,4
1301,09:30:02,$ 3340.72,2
1303,09:30:02,$ 3340.72,2
1304,09:30:02,$ 3340.72,21
1305,09:30:02,$ 3340.72,3
1306,09:30:02,$ 3340.72,20
1307,09:30:02,$ 3340.72,30
1308,09:30:02,$ 3340.72,20
1309,09:30:02,$ 3340.72,15
1310,09:30:02,$ 3340.72,8
1311,09:30:02,$ 3340.72,2
1312,09:30:02,$ 3340.72,1
1313,09:30:02,$ 3340.72,2
1314,09:30:02,$ 3340.72,2
1315,09:30:02,$ 3340.72,1
1316,09:30:02,$ 3340.72,2
1317,09:30:02,$ 3340.72,1
1318,09:30:02,$ 3340.72,3
1319,09:30:02,$ 3340.72,3
1320,09:30:02,$ 3340.72,15
1321,09:30:02,$ 3340.72,3
1322,09:30:02,$ 3340.72,2
1324,09:30:02,$ 3340.72,1
1325,09:30:02,$ 3340.72,1
1326,09:30:02,$ 3340.72,1
1327,09:30:02,$ 3340.72,1
1328,09:30:02,$ 3340.72,7
1329,09:30:02,$ 3340.72,2
1330,09:30:02,$ 3340.72,1
1331,09:30:02,$ 3340.72,3
1332,09:30:02,$ 3340.72,2
1333,09:30:02,$ 3340.72,1
1334,09:30:02,$ 3340.72,1
1335,09:30:02,$ 3340.72,16
1336,09:30:02,$ 3340.72,1
1337,09:30:02,$ 3340.72,1
1338,09:30:02,$ 3340.72,22
1339,09:30:02,$ 3340.72,8
1340,09:30:02,$ 3340.72,1
1341,09:30:02,$ 3340.72,2
1342,09:30:02,$ 3340.72,1
1343,09:30:02,$ 3340.72,3
1345,09:30:02,$ 3340.72,22
1346,09:30:02,$ 3340.72,1
1347,09:30:02,$ 3340.72,1
1348,09:30:02,$ 3340.72,1
1349,09:30:02,$ 3340.72,2
1350,09:30:02,$ 3340.72,1
1351,09:30:02,$ 3340.72,1
1352,09:30:02,$ 3340.72,1
1353,09:30:02,$ 3340.72,1
1354,09:30:02,$ 3340.72,2
1355,09:30:02,$ 3340.72,1
1356,09:30:02,$ 3340.72,1
1357,09:30:02,$ 3340.72,9
1358,09:30:02,$ 3340.72,1
1359,09:30:02,$ 3340.72,1
1360,09:30:02,$ 3340.72,1
1361,09:30:02,$ 3340.72,3
1362,09:30:02,$ 3340.72,1
1363,09:30:02,$ 3340.72,1
1364,09:30:02,$ 3340.72,2
1366,09:30:02,$ 3340.72,1
1367,09:30:02,$ 3340.72,1
1368,09:30:02,$ 3340.72,1
1369,09:30:02,$ 3340.72,1
1370,09:30:02,$ 3340.72,1
1371,09:30:02,$ 3340.72,1
1372,09:30:02,$ 3340.72,2
1373,09:30:02,$ 3340.72,3
1374,09:30:02,$ 3340.72,1
1375,09:30:02,$ 3340.72,2
1376,09:30:02,$ 3340.72,2
1377,09:30:02,$ 3340.72,1
1378,09:30:02,$ 3340.72,1
1379,09:30:02,$ 3340.72,2
1380,09:30:02,$ 3340.72,1
1381,09:30:02,$ 3340.72,1
1382,09:30:02,$ 3340.72,20
1383,09:30:02,$ 3340.72,15
1384,09:30:02,$ 3340.72,1
1385,09:30:02,$ 3340.72,1
1387,09:30:02,$ 3340.72,1
1388,09:30:02,$ 3340.72,1
1389,09:30:02,$ 3340.72,7
1390,09:30:02,$ 3340.72,6
1391,09:30:02,$ 3340.72,5
1392,09:30:02,$ 3340.72,10
1393,09:30:02,$ 3340.72,10
1394,09:30:02,$ 3340.72,1
1395,09:30:02,$ 3340.72,70
1396,09:30:02,$ 3340.72,1
1397,09:30:02,$ 3340.72,32
1398,09:30:02,$ 3340.72,1
1399,09:30:02,$ 3340.72,1
1400,09:30:02,$ 3340.72,1
1401,09:30:02,$ 3340.72,6
1402,09:30:02,$ 3340.72,11
1403,09:30:02,$ 3340.72,1
1404,09:30:02,$ 3340.72,1
1405,09:30:02,$ 3340.72,10
1406,09:30:02,$ 3340.72,15
1408,09:30:02,$ 3340.72,20
1409,09:30:02,$ 3340.72,30
1410,09:30:02,$ 3340.72,15
1411,09:30:02,$ 3340.72,1
1412,09:30:02,$ 3340.72,1
1413,09:30:02,$ 3340.72,6
1414,09:30:02,$ 3340.72,1
1415,09:30:02,$ 3340.72,5
1416,09:30:02,$ 3340.72,3
1417,09:30:02,$ 3340.72,30
1418,09:30:02,$ 3340.72,1
1419,09:30:02,$ 3340.72,3
1420,09:30:02,$ 3340.72,5
1421,09:30:02,$ 3340.72,1
1422,09:30:02,$ 3340.72,19
1423,09:30:02,$ 3340.72,8
1424,09:30:02,$ 3340.72,5
1425,09:30:02,$ 3340.72,1
1426,09:30:02,$ 3340.72,2
1427,09:30:02,$ 3340.72,7
1429,09:30:02,$ 3340.72,2
1430,09:30:02,$ 3340.72,5
1431,09:30:02,$ 3340.72,12
1432,09:30:02,$ 3340.72,22
1433,09:30:02,$ 3340.72,1
1434,09:30:02,$ 3340.72,"1,000"
1435,09:30:02,$ 3340.72,3
1436,09:30:02,$ 3340.72,3
1437,09:30:02,$ 3340.72,1
1438,09:30:02,$ 3340.72,3
1439,09:30:02,$ 3340.72,2
1440,09:30:02,$ 3340.72,4
1441,09:30:02,$ 3340.72,18
1442,09:30:02,$ 3340.72,4
1443,09:30:02,$ 3340.72,3
1444,09:30:02,$ 3340.72,30
1445,09:30:02,$ 3340.72,2
1446,09:30:02,$ 3340.72,30
1447,09:30:02,$ 3340.72,30
1448,09:30:02,$ 3340.72,3
1450,09:30:02,$ 3340.72,2
1451,09:30:02,$ 3340.72,30
1452,09:30:02,$ 3340.72,30
1453,09:30:02,$ 3340.72,30
1454,09:30:02,$ 3340.72,4
1455,09:30:02,$ 3340.72,5
1456,09:30:02,$ 3340.72,5
1457,09:30:02,$ 3340.72,2
1458,09:30:02,$ 3340.72,3
1459,09:30:02,$ 3340.72,3
1460,09:30:02,$ 3340.72,4
1461,09:30:02,$ 3340.72,3
1462,09:30:02,$ 3340.72,3
1463,09:30:02,$ 3340.72,3
1464,09:30:02,$ 3340.72,5
1465,09:30:02,$ 3340.72,3
1466,09:30:02,$ 3340.72,2
1467,09:30:02,$ 3340.72,15
1468,09:30:02,$ 3340.72,3
1469,09:30:02,$ 3340.72,3
1471,09:30:02,$ 3340.72,6
1472,09:30:02,$ 3340.72,25
1473,09:30:02,$ 3340.72,5
1474,09:30:02,$ 3340.72,10
1475,09:30:02,$ 3340.72,1
1476,09:30:02,$ 3340.72,15
1477,09:30:02,$ 3340.72,15
1478,09:30:02,$ 3340.72,45
1479,09:30:02,$ 3340.72,4
1480,09:30:02,$ 3340.72,7
1481,09:30:02,$ 3340.72,2
1482,09:30:02,$ 3340.72,12
1483,09:30:02,$ 3340.72,32
1484,09:30:02,$ 3340.72,105
1485,09:30:02,$ 3340.72,7
1486,09:30:02,$ 3340.72,1
1487,09:30:02,$ 3340.72,45
1488,09:30:02,$ 3340.72,27
1489,09:30:02,$ 3340.72,3
1490,09:30:02,$ 3340.72,448
1492,09:30:02,$ 3340.72,3
1493,09:30:02,$ 3340.72,3
1494,09:30:02,$ 3340.72,20
1495,09:30:02,$ 3340.72,10
1496,09:30:02,$ 3340.72,15
1497,09:30:02,$ 3340.72,15
1498,09:30:02,$ 3340.72,100
1499,09:30:02,$ 3340.72,9
1500,09:30:02,$ 3340.72,3
1501,09:30:02,$ 3340.72,100
1502,09:30:02,$ 3340.72,1
1503,09:30:02,$ 3340.72,8
1504,09:30:02,$ 3340.72,5
1505,09:30:02,$ 3340.72,5
1506,09:30:02,$ 3340.72,6
1507,09:30:02,$ 3340.72,1
1508,09:30:02,$ 3340.72,23
1509,09:30:02,$ 3340.72,2
1510,09:30:02,$ 3340.72,45
1511,09:30:02,$ 3340.72,11
1513,09:30:02,$ 3340.72,30
1514,09:30:02,$ 3340.72,90
1515,09:30:02,$ 3340.72,100
1516,09:30:02,$ 3340.72,100
1517,09:30:02,$ 3340.72,30
1518,09:30:02,$ 3340.72,60
1519,09:30:02,$ 3340.72,253
1520,09:30:02,$ 3340.72,30
1521,09:30:02,$ 3340.72,5
1522,09:30:02,$ 3340.72,70
1523,09:30:02,$ 3340.72,35
1524,09:30:02,$ 3340.72,3
1525,09:30:02,$ 3340.72,2
1526,09:30:02,$ 3340.72,15
1527,09:30:02,$ 3340.72,3
1528,09:30:02,$ 3340.72,3
1529,09:30:02,$ 3340.72,3
1530,09:30:02,$ 3340.72,4
1531,09:30:02,$ 3340.72,3
1532,09:30:02,$ 3340.72,150
1534,09:30:02,$ 3340.72,5
1535,09:30:02,$ 3340.72,15
1536,09:30:02,$ 3340.72,1
1537,09:30:02,$ 3340.72,14
1538,09:30:02,$ 3340.72,4
1539,09:30:02,$ 3340.72,15
1540,09:30:02,$ 3340.72,7
1541,09:30:02,$ 3340.72,6
1542,09:30:02,$ 3340.72,7
1543,09:30:02,$ 3340.72,3
1544,09:30:02,$ 3340.72,9
1545,09:30:02,$ 3340.72,3
1546,09:30:02,$ 3340.72,16
1547,09:30:02,$ 3340.72,25
1548,09:30:02,$ 3340.72,30
1549,09:30:02,$ 3340.72,26
1550,09:30:02,$ 3340.72,30
1551,09:30:02,$ 3340.72,21
1552,09:30:02,$ 3340.72,30
1553,09:30:02,$ 3340.72,13
1555,09:30:02,$ 3340.72,15
1556,09:30:02,$ 3340.72,30
1557,09:30:02,$ 3340.72,30
1558,09:30:02,$ 3340.72,19
1559,09:30:02,$ 3340.72,19
1560,09:30:02,$ 3340.72,150
1561,09:30:02,$ 3340.72,5
1562,09:30:02,$ 3340.72,11
1563,09:30:02,$ 3340.72,5
1564,09:30:02,$ 3340.72,1
1565,09:30:02,$ 3340.72,1
1566,09:30:02,$ 3340.72,3
1567,09:30:02,$ 3340.72,3
1568,09:30:02,$ 3340.72,36
1569,09:30:02,$ 3340.72,30
1570,09:30:02,$ 3340.72,30
1571,09:30:02,$ 3340.72,15
1572,09:30:02,$ 3340.72,3
1573,09:30:02,$ 3340.72,7
1574,09:30:02,$ 3340.72,3
1576,09:30:02,$ 3340.72,15
1577,09:30:02,$ 3340.72,15
1578,09:30:02,$ 3340.72,1
1579,09:30:02,$ 3340.72,13
1580,09:30:02,$ 3340.72,3
1581,09:30:02,$ 3340.72,1
1582,09:30:02,$ 3340.72,45
1583,09:30:02,$ 3340.72,100
1584,09:30:02,$ 3340.72,45
1585,09:30:02,$ 3340.72,5
1586,09:30:02,$ 3340.72,5
1587,09:30:02,$ 3340.72,2
1588,09:30:02,$ 3340.72,2
1589,09:30:02,$ 3340.72,17
1590,09:30:02,$ 3340.72,8
1591,09:30:02,$ 3340.72,4
1592,09:30:02,$ 3340.72,6
1593,09:30:02,$ 3340.72,7
1594,09:30:02,$ 3340.72,3
1595,09:30:02,$ 3340.72,1
1597,09:30:02,$ 3340.72,1
1598,09:30:02,$ 3340.72,3
1599,09:30:02,$ 3340.72,4
1600,09:30:02,$ 3340.72,2
1601,09:30:02,$ 3340.72,2
1602,09:30:02,$ 3340.72,5
1603,09:30:02,$ 3340.72,4
1604,09:30:02,$ 3340.72,13
1605,09:30:02,$ 3340.72,357
1606,09:30:02,$ 3340.72,10
1607,09:30:02,$ 3340.72,10
1608,09:30:02,$ 3340.72,2
1609,09:30:02,$ 3340.72,7
1610,09:30:02,$ 3340.72,1
1611,09:30:02,$ 3340.72,15
1612,09:30:02,$ 3340.72,15
1613,09:30:02,$ 3340.72,10
1614,09:30:02,$ 3340.72,10
1615,09:30:02,$ 3340.72,11
1616,09:30:02,$ 3340.72,5
1618,09:30:02,$ 3340.72,11
1619,09:30:02,$ 3340.72,25
1620,09:30:02,$ 3340.72,3
1621,09:30:02,$ 3340.72,1
1622,09:30:02,$ 3340.72,1
1623,09:30:02,$ 3340.72,5
1624,09:30:02,$ 3340.72,1
1625,09:30:02,$ 3340.72,1
1626,09:30:02,$ 3340.72,1
1627,09:30:02,$ 3340.72,1
1628,09:30:02,$ 3340.72,1
1629,09:30:02,$ 3340.72,2
1630,09:30:02,$ 3340.72,7
1631,09:30:02,$ 3340.72,3
1632,09:30:02,$ 3340.72,10
1633,09:30:02,$ 3340.72,1
1634,09:30:02,$ 3340.72,1
1635,09:30:02,$ 3340.72,1
1636,09:30:02,$ 3340.72,1
1637,09:30:02,$ 3340.72,3
1639,09:30:02,$ 3340.72,10
1640,09:30:02,$ 3340.72,2
1641,09:30:02,$ 3340.72,16
1642,09:30:02,$ 3340.72,1
1643,09:30:02,$ 3340.72,1
1644,09:30:02,$ 3340.72,4
1645,09:30:02,$ 3340.72,1
1646,09:30:02,$ 3340.72,1
1647,09:30:02,$ 3340.72,1
1648,09:30:02,$ 3340.72,1
1649,09:30:02,$ 3340.72,534
1650,09:30:02,$ 3340.72,4
1651,09:30:02,$ 3340.72,3
1652,09:30:02,$ 3340.72,2
1653,09:30:02,$ 3340.72,3
1654,09:30:02,$ 3340.72,2
1655,09:30:02,$ 3340.72,5
1656,09:30:02,$ 3340.72,7
1657,09:30:02,$ 3340.72,3
1658,09:30:02,$ 3340.72,6
1660,09:30:02,$ 3340.72,1
1661,09:30:02,$ 3340.72,1
1662,09:30:02,$ 3340.72,1
1663,09:30:02,$ 3340.72,1
1664,09:30:02,$ 3340.72,4
1665,09:30:02,$ 3340.72,3
1666,09:30:02,$ 3340.72,2
1667,09:30:02,$ 3340.72,6
1668,09:30:02,$ 3340.72,1
1669,09:30:02,$ 3340.72,6
1670,09:30:02,$ 3340.72,1
1671,09:30:02,$ 3340.72,1
1672,09:30:02,$ 3340.72,3
1673,09:30:02,$ 3340.72,55
1674,09:30:02,$ 3340.72,1
1675,09:30:02,$ 3340.72,1
1676,09:30:02,$ 3340.72,1
1677,09:30:02,$ 3340.72,3
1678,09:30:02,$ 3340.72,10
1679,09:30:02,$ 3340.72,5
1681,09:30:02,$ 3340.72,1
1682,09:30:02,$ 3340.72,3
1683,09:30:02,$ 3340.72,15
1684,09:30:02,$ 3340.72,1
1685,09:30:02,$ 3340.72,6
1686,09:30:02,$ 3340.72,2
1687,09:30:02,$ 3340.72,1
1688,09:30:02,$ 3340.72,100
1689,09:30:02,$ 3340.72,11
1690,09:30:02,$ 3340.72,10
1691,09:30:02,$ 3340.72,5
1692,09:30:02,$ 3340.72,3
1693,09:30:02,$ 3340.72,5
1694,09:30:02,$ 3340.72,5
1695,09:30:02,$ 3340.72,10
1696,09:30:02,$ 3340.72,6
1697,09:30:02,$ 3340.72,4
1698,09:30:02,$ 3340.72,1
1699,09:30:02,$ 3340.72,14
1700,09:30:02,$ 3340.72,10
1702,09:30:02,$ 3340.72,52
1703,09:30:02,$ 3340.72,10
1704,09:30:02,$ 3340.72,4
1705,09:30:02,$ 3340.72,5
1706,09:30:02,$ 3340.72,16
1707,09:30:02,$ 3340.72,4
1708,09:30:02,$ 3340.72,3
1709,09:30:02,$ 3340.72,3
1710,09:30:02,$ 3340.72,3
1711,09:30:02,$ 3340.72,12
1712,09:30:02,$ 3340.72,3
1713,09:30:02,$ 3340.72,1
1714,09:30:02,$ 3340.72,3
1715,09:30:02,$ 3340.72,2
1716,09:30:02,$ 3340.72,10
1717,09:30:02,$ 3340.72,2
1718,09:30:02,$ 3340.72,4
1719,09:30:02,$ 3340.72,5
1720,09:30:02,$ 3340.72,6
1721,09:30:02,$ 3340.72,1
1723,09:30:02,$ 3340.72,1
1724,09:30:02,$ 3340.72,20
1725,09:30:02,$ 3340.72,1
1726,09:30:02,$ 3340.72,10
1727,09:30:02,$ 3340.72,25
1728,09:30:02,$ 3340.72,10
1729,09:30:02,$ 3340.72,2
1730,09:30:02,$ 3340.72,1
1731,09:30:02,$ 3340.72,1
1732,09:30:02,$ 3340.72,1
1733,09:30:02,$ 3340.72,75
1734,09:30:02,$ 3340.72,1
1735,09:30:02,$ 3340.72,1
1736,09:30:02,$ 3340.72,45
1737,09:30:02,$ 3340.72,6
1738,09:30:02,$ 3340.72,8
1739,09:30:02,$ 3340.72,6
1740,09:30:02,$ 3340.72,155
1741,09:30:02,$ 3340.72,4
1742,09:30:02,$ 3340.72,2
1744,09:30:02,$ 3340.72,2
1745,09:30:02,$ 3340.72,12
1746,09:30:02,$ 3340.72,6
1747,09:30:02,$ 3340.72,1
1748,09:30:02,$ 3340.72,2
1749,09:30:02,$ 3340.72,20
1750,09:30:02,$ 3340.72,30
1751,09:30:02,$ 3340.72,5
1752,09:30:02,$ 3340.72,6
1753,09:30:02,$ 3340.72,90
1754,09:30:02,$ 3340.72,30
1755,09:30:02,$ 3340.72,1
1756,09:30:02,$ 3340.72,6
1757,09:30:02,$ 3340.72,10
1758,09:30:02,$ 3340.72,12
1759,09:30:02,$ 3340.72,30
1760,09:30:02,$ 3340.72,7
1761,09:30:02,$ 3340.72,3
1762,09:30:02,$ 3340.72,1
1763,09:30:02,$ 3340.72,11
1765,09:30:02,$ 3340.72,2
1766,09:30:02,$ 3340.72,5
1767,09:30:02,$ 3340.72,2
1768,09:30:02,$ 3340.72,5
1769,09:30:02,$ 3340.72,15
1770,09:30:02,$ 3340.72,10
1771,09:30:02,$ 3340.72,1
1772,09:30:02,$ 3340.72,5
1773,09:30:02,$ 3340.72,300
1774,09:30:02,$ 3340.72,1
1775,09:30:02,$ 3340.72,22
1776,09:30:02,$ 3340.72,9
1777,09:30:02,$ 3340.72,3
1778,09:30:02,$ 3340.72,1
1779,09:30:02,$ 3340.72,15
1780,09:30:02,$ 3340.72,3
1781,09:30:02,$ 3340.72,30
1782,09:30:02,$ 3340.72,1
1783,09:30:02,$ 3340.72,5
1784,09:30:02,$ 3340.72,2
1786,09:30:02,$ 3340.72,1
1787,09:30:02,$ 3340.72,8
1788,09:30:02,$ 3340.72,1
1789,09:30:02,$ 3340.72,25
1790,09:30:02,$ 3340.72,4
1791,09:30:02,$ 3340.72,300
1792,09:30:02,$ 3340.72,2
1793,09:30:02,$ 3340.72,1
1794,09:30:02,$ 3340.72,30
1795,09:30:02,$ 3340.72,90
1796,09:30:02,$ 3340.72,11
1797,09:30:02,$ 3340.72,3
1798,09:30:02,$ 3340.72,88
1799,09:30:02,$ 3340.72,4
1800,09:30:02,$ 3340.72,2
1801,09:30:02,$ 3340.72,65
1802,09:30:02,$ 3340.72,15
1803,09:30:02,$ 3340.72,9
1804,09:30:02,$ 3340.72,7
1805,09:30:02,$ 3340.72,6
1807,09:30:02,$ 3340.72,1
1808,09:30:02,$ 3340.72,3
1809,09:30:02,$ 3340.72,8
1810,09:30:02,$ 3340.72,26
1811,09:30:02,$ 3340.72,60
1812,09:30:02,$ 3340.72,5
1813,09:30:02,$ 3340.72,3
1814,09:30:02,$ 3340.72,3
1815,09:30:02,$ 3340.72,3
1816,09:30:02,$ 3340.72,1
1817,09:30:02,$ 3340.72,1
1818,09:30:02,$ 3340.72,10
1819,09:30:02,$ 3340.72,6
1820,09:30:02,$ 3340.72,5
1821,09:30:02,$ 3340.72,3
1822,09:30:02,$ 3340.72,5
1823,09:30:02,$ 3340.72,3
1824,09:30:02,$ 3340.72,5
1825,09:30:02,$ 3340.72,7
1826,09:30:02,$ 3340.72,5
1828,09:30:02,$ 3340.72,40
1829,09:30:02,$ 3340.72,3
1830,09:30:02,$ 3340.72,1
1831,09:30:02,$ 3340.72,22
1832,09:30:02,$ 3340.72,5
1833,09:30:02,$ 3340.72,3
1834,09:30:02,$ 3340.72,1
1835,09:30:02,$ 3340.72,1
1836,09:30:02,$ 3340.72,15
1837,09:30:02,$ 3340.72,1
1838,09:30:02,$ 3340.72,2
1839,09:30:02,$ 3340.72,2
1840,09:30:02,$ 3340.72,90
1841,09:30:02,$ 3340.72,6
1842,09:30:02,$ 3340.72,10
1843,09:30:02,$ 3340.72,100
1844,09:30:02,$ 3340.72,1
1845,09:30:02,$ 3340.72,1
1846,09:30:02,$ 3340.72,10
1847,09:30:02,$ 3340.72,5
1849,09:30:02,$ 3340.72,1
1850,09:30:02,$ 3340.72,40
1851,09:30:02,$ 3340.72,1
1852,09:30:02,$ 3340.72,3
1853,09:30:02,$ 3340.72,3
1854,09:30:02,$ 3340.72,4
1855,09:30:02,$ 3340.72,1
1856,09:30:02,$ 3340.72,3
1857,09:30:02,$ 3340.72,1
1858,09:30:02,$ 3340.72,1
1859,09:30:02,$ 3340.72,1
1860,09:30:02,$ 3340.72,3
1861,09:30:02,$ 3340.72,1
1862,09:30:02,$ 3340.72,24
1863,09:30:02,$ 3340.72,2
1864,09:30:02,$ 3340.72,"2,000"
1865,09:30:02,$ 3340.72,1
1866,09:30:02,$ 3340.72,1
1867,09:30:02,$ 3340.72,2
1868,09:30:02,$ 3340.72,1
1870,09:30:02,$ 3340.72,3
1871,09:30:02,$ 3340.72,1
1872,09:30:02,$ 3340.72,1
1873,09:30:02,$ 3340.72,5
1874,09:30:02,$ 3340.72,1
1875,09:30:02,$ 3340.72,1
1876,09:30:02,$ 3340.72,1
1877,09:30:02,$ 3340.72,1
1878,09:30:02,$ 3340.72,1
1879,09:30:02,$ 3340.72,1
1880,09:30:02,$ 3340.72,24
1881,09:30:02,$ 3340.72,1
1882,09:30:02,$ 3340.72,2
1883,09:30:02,$ 3340.72,1
1884,09:30:02,$ 3340.72,1
1885,09:30:02,$ 3340.72,3
1886,09:30:02,$ 3340.72,1
1887,09:30:02,$ 3340.72,1
1888,09:30:02,$ 3340.72,1
1889,09:30:02,$ 3340.72,1
1891,09:30:02,$ 3340.72,1
1892,09:30:02,$ 3340.72,2
1893,09:30:02,$ 3340.72,1
1894,09:30:02,$ 3340.72,1
1895,09:30:02,$ 3340.72,2
1896,09:30:02,$ 3340.72,1
1897,09:30:02,$ 3340.72,3
1898,09:30:02,$ 3340.72,6
1899,09:30:02,$ 3340.72,1
1900,09:30:02,$ 3340.72,1
1901,09:30:02,$ 3340.72,1
1902,09:30:02,$ 3340.72,2
1903,09:30:02,$ 3340.72,1
1904,09:30:02,$ 3340.72,1
1905,09:30:02,$ 3340.72,3
1906,09:30:02,$ 3340.72,1
1907,09:30:02,$ 3340.72,1
1908,09:30:02,$ 3340.72,1
1909,09:30:02,$ 3340.72,1
1910,09:30:02,$ 3340.72,1
1912,09:30:02,$ 3340.72,1
1913,09:30:02,$ 3340.72,10
1914,09:30:02,$ 3340.72,30
1915,09:30:02,$ 3340.72,1
1916,09:30:02,$ 3340.72,10
1917,09:30:02,$ 3340.72,1
1918,09:30:02,$ 3340.72,5
1919,09:30:02,$ 3340.72,1
1920,09:30:02,$ 3340.72,1
1921,09:30:02,$ 3340.72,20
1922,09:30:02,$ 3340.72,1
1923,09:30:02,$ 3340.72,10
1924,09:30:02,$ 3340.72,1
1925,09:30:02,$ 3340.72,2
1926,09:30:02,$ 3340.72,2
1927,09:30:02,$ 3340.72,1
1928,09:30:02,$ 3340.72,1
1929,09:30:02,$ 3340.72,1
1930,09:30:02,$ 3340.72,1
1931,09:30:02,$ 3340.72,10
1933,09:30:02,$ 3340.72,1
1934,09:30:02,$ 3340.72,6
1935,09:30:02,$ 3340.72,2
1936,09:30:02,$ 3340.72,2
1937,09:30:02,$ 3340.72,5
1938,09:30:02,$ 3340.72,4
1939,09:30:02,$ 3340.72,1
1940,09:30:02,$ 3340.72,1
1941,09:30:02,$ 3340.72,2
1942,09:30:02,$ 3340.72,1
1943,09:30:02,$ 3340.72,30
1944,09:30:02,$ 3340.72,6
1945,09:30:02,$ 3340.72,1
1946,09:30:02,$ 3340.72,1
1947,09:30:02,$ 3340.72,1
1948,09:30:02,$ 3340.72,1
1949,09:30:02,$ 3340.72,5
1950,09:30:02,$ 3340.72,6
1951,09:30:02,$ 3340.72,5
1952,09:30:02,$ 3340.72,3
1954,09:30:02,$ 3340.72,1
1955,09:30:02,$ 3340.72,1
1956,09:30:02,$ 3340.72,1
1957,09:30:02,$ 3340.72,6
1958,09:30:02,$ 3340.72,8
1959,09:30:02,$ 3340.72,9
1960,09:30:02,$ 3340.72,3
1961,09:30:02,$ 3340.72,1
1962,09:30:02,$ 3340.72,4
1963,09:30:02,$ 3340.72,2
1964,09:30:02,$ 3340.72,1
1965,09:30:02,$ 3340.72,10
1966,09:30:02,$ 3340.72,1
1967,09:30:02,$ 3340.72,3
1968,09:30:02,$ 3340.72,2
1969,09:30:02,$ 3340.72,1
1970,09:30:02,$ 3340.72,1
1971,09:30:02,$ 3340.72,5
1972,09:30:02,$ 3340.72,4
1973,09:30:02,$ 3340.72,14
1975,09:30:02,$ 3340.72,1
1976,09:30:02,$ 3340.72,10
1977,09:30:02,$ 3340.72,8
1978,09:30:02,$ 3340.72,1
1979,09:30:02,$ 3340.72,2
1980,09:30:02,$ 3340.72,1
1981,09:30:02,$ 3340.72,20
1982,09:30:02,$ 3340.72,1
1983,09:30:02,$ 3340.72,8
1984,09:30:02,$ 3340.72,120
1985,09:30:02,$ 3340.72,1
1986,09:30:02,$ 3340.72,1
1987,09:30:02,$ 3340.72,1
1988,09:30:02,$ 3340.72,10
1989,09:30:02,$ 3340.72,6
1990,09:30:02,$ 3340.72,1
1991,09:30:02,$ 3340.72,2
1992,09:30:02,$ 3340.72,5
1993,09:30:02,$ 3340.72,8
1994,09:30:02,$ 3340.72,1
1996,09:30:02,$ 3340.72,5
1997,09:30:02,$ 3340.72,20
1998,09:30:02,$ 3340.72,8
1999,09:30:02,$ 3340.72,11
2000,09:30:02,$ 3340.72,7
2001,09:30:02,$ 3340.72,1
2002,09:30:02,$ 3340.72,2
2003,09:30:02,$ 3340.72,36
2004,09:30:02,$ 3340.72,1
2005,09:30:02,$ 3340.72,1
2006,09:30:02,$ 3340.72,10
2007,09:30:02,$ 3340.72,5
2008,09:30:02,$ 3340.72,10
2009,09:30:02,$ 3340.72,2
2010,09:30:02,$ 3340.72,16
2011,09:30:02,$ 3340.72,4
2012,09:30:02,$ 3340.72,2
2013,09:30:02,$ 3340.72,24
2014,09:30:02,$ 3340.72,1
2015,09:30:02,$ 3340.72,50
2017,09:30:02,$ 3340.72,1
2018,09:30:02,$ 3340.72,4
2019,09:30:02,$ 3340.72,30
2020,09:30:02,$ 3340.72,15
2021,09:30:02,$ 3340.72,203
2022,09:30:02,$ 3340.72,42
2023,09:30:02,$ 3340.72,2
2024,09:30:02,$ 3340.72,3
2025,09:30:02,$ 3340.72,4
2026,09:30:02,$ 3340.72,1
2027,09:30:02,$ 3340.72,2
2028,09:30:02,$ 3340.72,8
2029,09:30:02,$ 3340.72,1
2030,09:30:02,$ 3340.72,1
2031,09:30:02,$ 3340.72,25
2032,09:30:02,$ 3340.72,10
2033,09:30:02,$ 3340.72,1
2034,09:30:02,$ 3340.72,10
2035,09:30:02,$ 3340.72,5
2036,09:30:02,$ 3340.72,2
2038,09:30:02,$ 3340.72,5
2039,09:30:02,$ 3340.72,1
2040,09:30:02,$ 3340.72,3
2041,09:30:02,$ 3340.72,1
2042,09:30:02,$ 3340.72,5
2043,09:30:02,$ 3340.72,1
2044,09:30:02,$ 3340.72,1
2045,09:30:02,$ 3340.72,120
2046,09:30:02,$ 3340.72,1
2047,09:30:02,$ 3340.72,2
2048,09:30:02,$ 3340.72,9
2049,09:30:02,$ 3340.72,7
2050,09:30:02,$ 3340.72,1
2051,09:30:02,$ 3340.72,2
2052,09:30:02,$ 3340.72,3
2053,09:30:02,$ 3340.72,1
2054,09:30:02,$ 3340.72,10
2055,09:30:02,$ 3340.72,35
2056,09:30:02,$ 3340.72,8
2057,09:30:02,$ 3340.72,1
2059,09:30:02,$ 3340.72,10
2060,09:30:02,$ 3340.72,1
2061,09:30:02,$ 3340.72,3
2062,09:30:02,$ 3340.72,1
2063,09:30:02,$ 3340.72,1
2064,09:30:02,$ 3340.72,20
2065,09:30:02,$ 3340.72,64
2066,09:30:02,$ 3340.72,1
2067,09:30:02,$ 3340.72,11
2068,09:30:02,$ 3340.72,13
2069,09:30:02,$ 3340.72,1
2070,09:30:02,$ 3340.72,1
2071,09:30:02,$ 3340.72,1
2072,09:30:02,$ 3340.72,3
2073,09:30:02,$ 3340.72,3
2074,09:30:02,$ 3340.72,1
2075,09:30:02,$ 3340.72,1
2076,09:30:02,$ 3340.72,1
2077,09:30:02,$ 3340.72,2
2078,09:30:02,$ 3340.72,2
2080,09:30:02,$ 3340.72,1
2081,09:30:02,$ 3340.72,1
2082,09:30:02,$ 3340.72,2
2083,09:30:02,$ 3340.72,74
2084,09:30:02,$ 3340.72,1
2085,09:30:02,$ 3340.72,264
2086,09:30:02,$ 3340.72,1
2087,09:30:02,$ 3340.72,90
2088,09:30:02,$ 3340.72,1
2089,09:30:02,$ 3340.72,1
2090,09:30:02,$ 3340.72,9
2091,09:30:02,$ 3340.72,1
2092,09:30:02,$ 3340.72,2
2093,09:30:02,$ 3340.72,7
2094,09:30:02,$ 3340.72,1
2095,09:30:02,$ 3340.72,2
2096,09:30:02,$ 3340.72,2
2097,09:30:02,$ 3340.72,1
2098,09:30:02,$ 3340.72,1
2099,09:30:02,$ 3340.72,1
2101,09:30:02,$ 3340.72,1
2102,09:30:02,$ 3340.72,1
2103,09:30:02,$ 3340.72,6
2104,09:30:02,$ 3340.72,1
2105,09:30:02,$ 3340.72,3
2106,09:30:02,$ 3340.72,9
2107,09:30:02,$ 3340.72,2
2108,09:30:02,$ 3340.72,3
2109,09:30:02,$ 3340.72,2
2110,09:30:02,$ 3340.72,1
2111,09:30:02,$ 3340.72,2
2112,09:30:02,$ 3340.72,25
2113,09:30:02,$ 3340.72,2
2114,09:30:02,$ 3340.72,2
2115,09:30:02,$ 3340.72,10
2116,09:30:02,$ 3340.72,3
2117,09:30:02,$ 3340.72,4
2118,09:30:02,$ 3340.72,9
2119,09:30:02,$ 3340.72,1
2120,09:30:02,$ 3340.72,2
2122,09:30:02,$ 3340.72,10
2123,09:30:02,$ 3340.72,1
2124,09:30:02,$ 3340.72,1
2125,09:30:02,$ 3340.72,1
2126,09:30:02,$ 3340.72,1
2127,09:30:02,$ 3340.72,1
2128,09:30:02,$ 3340.72,2
2129,09:30:02,$ 3340.72,1
2130,09:30:02,$ 3340.72,1
2131,09:30:02,$ 3340.72,4
2132,09:30:02,$ 3340.72,1
2133,09:30:02,$ 3340.72,6
2134,09:30:02,$ 3340.72,5
2135,09:30:02,$ 3340.72,1
2136,09:30:02,$ 3340.72,1
2137,09:30:02,$ 3340.72,2
2138,09:30:02,$ 3340.72,1
2139,09:30:02,$ 3340.72,2
2140,09:30:02,$ 3340.72,2
2141,09:30:02,$ 3340.72,9
2143,09:30:02,$ 3340.72,1
2144,09:30:02,$ 3340.72,1
2145,09:30:02,$ 3340.72,1
2146,09:30:02,$ 3340.72,1
2147,09:30:02,$ 3340.72,1
2148,09:30:02,$ 3340.72,3
2149,09:30:02,$ 3340.72,1
2150,09:30:02,$ 3340.72,3
2151,09:30:02,$ 3340.72,1
2152,09:30:02,$ 3340.72,1
2153,09:30:02,$ 3340.72,1
2154,09:30:02,$ 3340.72,1
2155,09:30:02,$ 3340.72,3
2156,09:30:02,$ 3340.72,1
2157,09:30:02,$ 3340.72,6
2158,09:30:02,$ 3340.72,3
2159,09:30:02,$ 3340.72,1
2160,09:30:02,$ 3340.72,1
2161,09:30:02,$ 3340.72,4
2162,09:30:02,$ 3340.72,1
2164,09:30:02,$ 3340.72,4
2165,09:30:02,$ 3340.72,3
2166,09:30:02,$ 3340.72,1
2167,09:30:02,$ 3340.72,2
2168,09:30:02,$ 3340.72,5
2169,09:30:02,$ 3340.72,1
2170,09:30:02,$ 3340.72,1
2171,09:30:02,$ 3340.72,6
2172,09:30:02,$ 3340.72,2
2173,09:30:02,$ 3340.72,1
2174,09:30:02,$ 3340.72,5
2175,09:30:02,$ 3340.72,1
2176,09:30:02,$ 3340.72,2
2177,09:30:02,$ 3340.72,8
2178,09:30:02,$ 3340.72,1
2179,09:30:02,$ 3340.72,8
2180,09:30:02,$ 3340.72,2
2181,09:30:02,$ 3340.72,1
2182,09:30:02,$ 3340.72,1
2183,09:30:02,$ 3340.72,1
2185,09:30:02,$ 3340.72,1
2186,09:30:02,$ 3340.72,1
2187,09:30:02,$ 3340.72,2
2188,09:30:02,$ 3340.72,1
2189,09:30:02,$ 3340.72,5
2190,09:30:02,$ 3340.72,2
2191,09:30:02,$ 3340.72,4
2192,09:30:02,$ 3340.72,1
2193,09:30:02,$ 3340.72,9
2194,09:30:02,$ 3340.72,1
2195,09:30:02,$ 3340.72,2
2196,09:30:02,$ 3340.72,3
2197,09:30:02,$ 3340.72,13
2198,09:30:02,$ 3340.72,1
2199,09:30:02,$ 3340.72,6
2200,09:30:02,$ 3340.72,3
2201,09:30:02,$ 3340.72,1
2202,09:30:02,$ 3340.72,10
2203,09:30:02,$ 3340.72,2
2204,09:30:02,$ 3340.72,1
2206,09:30:02,$ 3340.72,10
2207,09:30:02,$ 3340.72,2
2208,09:30:02,$ 3340.72,1
2209,09:30:02,$ 3340.72,3
2210,09:30:02,$ 3340.72,1
2211,09:30:02,$ 3340.72,1
2212,09:30:02,$ 3340.72,8
2213,09:30:02,$ 3340.72,1
2214,09:30:02,$ 3340.72,2
2215,09:30:02,$ 3340.72,10
2216,09:30:02,$ 3340.72,4
2217,09:30:02,$ 3340.72,1
2218,09:30:02,$ 3340.72,3
2219,09:30:02,$ 3340.72,2
2220,09:30:02,$ 3340.72,38
2221,09:30:02,$ 3340.72,5
2222,09:30:02,$ 3340.72,3
2223,09:30:02,$ 3340.72,8
2224,09:30:02,$ 3340.72,1
2225,09:30:02,$ 3340.72,2
2227,09:30:02,$ 3340.72,3
2228,09:30:02,$ 3340.72,2
2229,09:30:02,$ 3340.72,2
2230,09:30:02,$ 3340.72,1
2231,09:30:02,$ 3340.72,2
2232,09:30:02,$ 3340.72,1
2233,09:30:02,$ 3340.72,10
2234,09:30:02,$ 3340.72,1
2235,09:30:02,$ 3340.72,1
2236,09:30:02,$ 3340.72,12
2237,09:30:02,$ 3340.72,3
2238,09:30:02,$ 3340.72,1
2239,09:30:02,$ 3340.72,6
2240,09:30:02,$ 3340.72,3
2241,09:30:02,$ 3340.72,9
2242,09:30:02,$ 3340.72,1
2243,09:30:02,$ 3340.72,1
2244,09:30:02,$ 3340.72,9
2245,09:30:02,$ 3340.72,1
2246,09:30:02,$ 3340.72,1
2248,09:30:02,$ 3340.72,1
2249,09:30:02,$ 3340.72,50
2250,09:30:02,$ 3340.72,2
2251,09:30:02,$ 3340.72,228
2252,09:30:02,$ 3340.72,169
2253,09:30:02,$ 3340.72,10
2254,09:30:02,$ 3340.72,5
2255,09:30:02,$ 3340.72,23
2256,09:30:02,$ 3340.72,169
2257,09:30:02,$ 3340.72,1
2258,09:30:02,$ 3340.72,1
2259,09:30:02,$ 3340.72,1
2260,09:30:02,$ 3340.72,25
2261,09:30:02,$ 3340.72,3
2262,09:30:02,$ 3340.72,1
2263,09:30:02,$ 3340.72,1
2264,09:30:02,$ 3340.72,1
2265,09:30:02,$ 3340.72,3
2266,09:30:02,$ 3340.72,1
2267,09:30:02,$ 3340.72,12
2269,09:30:02,$ 3340.72,1
2270,09:30:02,$ 3340.72,2
2271,09:30:02,$ 3340.72,1
2272,09:30:02,$ 3340.72,1
2273,09:30:02,$ 3340.72,1
2274,09:30:02,$ 3340.72,1
2275,09:30:02,$ 3340.72,3
2276,09:30:02,$ 3340.72,5
2277,09:30:02,$ 3340.72,1
2278,09:30:02,$ 3340.72,1
2279,09:30:02,$ 3340.72,2
2280,09:30:02,$ 3340.72,1
2281,09:30:02,$ 3340.72,1
2282,09:30:02,$ 3340.72,5
2283,09:30:02,$ 3340.72,2
2284,09:30:02,$ 3340.72,8
2285,09:30:02,$ 3340.72,1
2286,09:30:02,$ 3340.72,1
2287,09:30:02,$ 3340.72,1
2288,09:30:02,$ 3340.72,1
2290,09:30:02,$ 3340.72,4
2291,09:30:02,$ 3340.72,4
2292,09:30:02,$ 3340.72,1
2293,09:30:02,$ 3340.72,1
2294,09:30:02,$ 3340.72,1
2295,09:30:02,$ 3340.72,1
2296,09:30:02,$ 3340.72,1
2297,09:30:02,$ 3340.72,18
2298,09:30:02,$ 3340.72,5
2299,09:30:02,$ 3340.72,1
2300,09:30:02,$ 3340.72,2
2301,09:30:02,$ 3340.72,6
2302,09:30:02,$ 3340.72,45
2303,09:30:02,$ 3340.72,2
2304,09:30:02,$ 3340.72,60
2305,09:30:02,$ 3340.72,1
2306,09:30:02,$ 3340.72,10
2307,09:30:02,$ 3340.72,15
2308,09:30:02,$ 3340.72,2
2309,09:30:02,$ 3340.72,3
2311,09:30:02,$ 3340.72,1
2312,09:30:02,$ 3340.72,1
2313,09:30:02,$ 3340.72,30
2314,09:30:02,$ 3340.72,3
2315,09:30:02,$ 3340.72,31
2316,09:30:02,$ 3340.72,10
2317,09:30:02,$ 3340.72,2
2318,09:30:02,$ 3340.72,1
2319,09:30:02,$ 3340.72,3
2320,09:30:02,$ 3340.72,40
2321,09:30:02,$ 3340.72,1
2322,09:30:02,$ 3340.72,1
2323,09:30:02,$ 3340.72,1
2324,09:30:02,$ 3340.72,10
2325,09:30:02,$ 3340.72,10
2326,09:30:02,$ 3340.72,1
2327,09:30:02,$ 3340.72,1
2328,09:30:02,$ 3340.72,1
2329,09:30:02,$ 3340.72,1
2330,09:30:02,$ 3340.72,3
2332,09:30:02,$ 3340.72,3
2333,09:30:02,$ 3340.72,1
2334,09:30:02,$ 3340.72,1
2335,09:30:02,$ 3340.72,1
2336,09:30:02,$ 3340.72,5
2337,09:30:02,$ 3340.72,1
2338,09:30:02,$ 3340.72,20
2339,09:30:02,$ 3340.72,1
2340,09:30:02,$ 3340.72,1
2341,09:30:02,$ 3340.72,30
2342,09:30:02,$ 3340.72,2
2343,09:30:02,$ 3340.72,1
2344,09:30:02,$ 3340.72,20
2345,09:30:02,$ 3340.72,3
2346,09:30:02,$ 3340.72,8
2347,09:30:02,$ 3340.72,1
2348,09:30:02,$ 3340.72,1
2349,09:30:02,$ 3340.72,1
2350,09:30:02,$ 3340.72,1
2351,09:30:02,$ 3340.72,1
2353,09:30:02,$ 3340.72,3
2354,09:30:02,$ 3340.72,10
2355,09:30:02,$ 3340.72,1
2356,09:30:02,$ 3340.72,8
2357,09:30:02,$ 3340.72,1
2358,09:30:02,$ 3340.72,10
2359,09:30:02,$ 3340.72,1
2360,09:30:02,$ 3340.72,6
2361,09:30:02,$ 3340.72,3
2362,09:30:02,$ 3340.72,10
2363,09:30:02,$ 3340.72,1
2364,09:30:02,$ 3340.72,30
2365,09:30:02,$ 3340.72,10
2366,09:30:02,$ 3340.72,24
2367,09:30:02,$ 3340.72,7
2368,09:30:02,$ 3340.72,96
2369,09:30:02,$ 3340.72,81
2370,09:30:02,$ 3340.72,72
2371,09:30:02,$ 3340.72,120
2372,09:30:02,$ 3340.72,7
2374,09:30:02,$ 3340.72,2
2375,09:30:02,$ 3340.72,2
2376,09:30:02,$ 3340.72,2
2377,09:30:02,$ 3340.72,6
2378,09:30:02,$ 3340.72,3
2379,09:30:02,$ 3340.72,1
2380,09:30:02,$ 3340.72,143
2381,09:30:02,$ 3340.72,558
2382,09:30:02,$ 3340.72,4
2383,09:30:02,$ 3340.72,5
2384,09:30:02,$ 3340.72,5
2385,09:30:02,$ 3340.72,2
2386,09:30:02,$ 3340.72,2
2387,09:30:02,$ 3340.72,3
2388,09:30:02,$ 3340.72,15
2389,09:30:02,$ 3340.72,2
2390,09:30:02,$ 3340.72,1
2391,09:30:02,$ 3340.72,10
2392,09:30:02,$ 3340.72,1
2393,09:30:02,$ 3340.72,"1,497"
2395,09:30:02,$ 3340.72,12
2396,09:30:02,$ 3340.72,3
2397,09:30:02,$ 3340.72,154
2398,09:30:02,$ 3340.72,179
2399,09:30:02,$ 3340.72,4
2400,09:30:02,$ 3340.72,3
2401,09:30:02,$ 3340.72,2
2402,09:30:02,$ 3340.72,1
2403,09:30:02,$ 3340.72,25
2404,09:30:02,$ 3340.72,30
2405,09:30:02,$ 3340.72,4
2406,09:30:02,$ 3340.72,1
2407,09:30:02,$ 3340.72,1
2408,09:30:02,$ 3340.72,2
2409,09:30:02,$ 3340.72,1
2410,09:30:02,$ 3340.72,1
2411,09:30:02,$ 3340.72,1
2412,09:30:02,$ 3340.72,1
2413,09:30:02,$ 3340.72,1
2414,09:30:02,$ 3340.72,5
2416,09:30:02,$ 3340.72,6
2417,09:30:02,$ 3340.72,5
2418,09:30:02,$ 3340.72,1
2419,09:30:02,$ 3340.72,2
2420,09:30:02,$ 3340.72,1
2421,09:30:02,$ 3340.72,1
2422,09:30:02,$ 3340.72,7
2423,09:30:02,$ 3340.72,12
2424,09:30:02,$ 3340.72,3
2425,09:30:02,$ 3340.72,3
2426,09:30:02,$ 3340.72,2
2427,09:30:02,$ 3340.72,9
2428,09:30:02,$ 3340.72,1
2429,09:30:02,$ 3340.72,2
2430,09:30:02,$ 3340.72,2
2431,09:30:02,$ 3340.72,10
2432,09:30:02,$ 3340.72,5
2433,09:30:02,$ 3340.72,8
2434,09:30:02,$ 3340.72,30
2435,09:30:02,$ 3340.72,6
2437,09:30:02,$ 3340.72,2
2438,09:30:02,$ 3340.72,2
2439,09:30:02,$ 3340.72,10
2440,09:30:02,$ 3340.72,5
2441,09:30:02,$ 3340.72,5
2442,09:30:02,$ 3340.72,4
2443,09:30:02,$ 3340.72,2
2444,09:30:02,$ 3340.72,14
2445,09:30:02,$ 3340.72,4
2446,09:30:02,$ 3340.72,60
2447,09:30:02,$ 3340.72,16
2448,09:30:02,$ 3340.72,14
2449,09:30:02,$ 3340.72,39
2450,09:30:02,$ 3340.72,100
2451,09:30:02,$ 3340.72,1
2452,09:30:02,$ 3340.72,15
2453,09:30:02,$ 3340.72,6
2454,09:30:02,$ 3340.72,30
2455,09:30:02,$ 3340.72,1
2456,09:30:02,$ 3340.72,15
2458,09:30:02,$ 3340.72,46
2459,09:30:02,$ 3340.72,1
2460,09:30:02,$ 3340.72,10
2461,09:30:02,$ 3340.72,265
2462,09:30:02,$ 3340.72,20
2463,09:30:02,$ 3340.72,5
2464,09:30:02,$ 3340.72,40
2465,09:30:02,$ 3340.72,2
2466,09:30:02,$ 3340.72,16
2467,09:30:02,$ 3340.72,1
2468,09:30:02,$ 3340.72,89
2469,09:30:02,$ 3340.72,5
2470,09:30:02,$ 3340.72,3
2471,09:30:02,$ 3340.72,10
2472,09:30:02,$ 3340.72,1
2473,09:30:02,$ 3340.72,2
2474,09:30:02,$ 3340.72,1
2475,09:30:02,$ 3340.72,1
2476,09:30:02,$ 3340.72,7
2477,09:30:02,$ 3340.72,1
2479,09:30:02,$ 3340.72,5
2480,09:30:02,$ 3340.72,20
2481,09:30:02,$ 3340.72,1
2482,09:30:02,$ 3340.72,10
2483,09:30:02,$ 3340.72,2
2484,09:30:02,$ 3340.72,10
2485,09:30:02,$ 3340.72,1
2486,09:30:02,$ 3340.72,10
2487,09:30:02,$ 3340.72,1
2488,09:30:02,$ 3340.72,3
2489,09:30:02,$ 3340.72,5
2490,09:30:02,$ 3340.72,1
2491,09:30:02,$ 3340.72,15
2492,09:30:02,$ 3340.72,1
2493,09:30:02,$ 3340.72,1
2494,09:30:02,$ 3340.72,1
2495,09:30:02,$ 3340.72,3
2496,09:30:02,$ 3340.72,1
2497,09:30:02,$ 3340.72,5
2498,09:30:02,$ 3340.72,5
2500,09:30:02,$ 3340.72,18
2501,09:30:02,$ 3340.72,5
2502,09:30:02,$ 3340.72,1
2503,09:30:02,$ 3340.72,3
2504,09:30:02,$ 3340.72,1
2505,09:30:02,$ 3340.72,3
2506,09:30:02,$ 3340.72,3
2507,09:30:02,$ 3340.72,10
2508,09:30:02,$ 3340.72,3
2509,09:30:02,$ 3340.72,2
2510,09:30:02,$ 3340.72,2
2511,09:30:02,$ 3340.72,1
2512,09:30:02,$ 3340.72,3
2513,09:30:02,$ 3340.72,2
2514,09:30:02,$ 3340.72,2
2515,09:30:02,$ 3340.72,4
2516,09:30:02,$ 3340.72,1
2517,09:30:02,$ 3340.72,3
2518,09:30:02,$ 3340.72,1
2519,09:30:02,$ 3340.72,1
2521,09:30:02,$ 3340.72,1
2522,09:30:02,$ 3340.72,3
2523,09:30:02,$ 3340.72,15
2524,09:30:02,$ 3340.72,4
2525,09:30:02,$ 3340.72,2
2526,09:30:02,$ 3340.72,1
2527,09:30:02,$ 3340.72,1
2528,09:30:02,$ 3340.72,10
2529,09:30:02,$ 3340.72,15
2530,09:30:02,$ 3340.72,1
2531,09:30:02,$ 3340.72,1
2532,09:30:02,$ 3340.72,1
2533,09:30:02,$ 3340.72,10
2534,09:30:02,$ 3340.72,1
2535,09:30:02,$ 3340.72,1
2536,09:30:02,$ 3340.72,1
2537,09:30:02,$ 3340.72,1
2538,09:30:02,$ 3340.72,1
2539,09:30:02,$ 3340.72,1
2540,09:30:02,$ 3340.72,1
2542,09:30:02,$ 3340.72,8
2543,09:30:02,$ 3340.72,50
2544,09:30:02,$ 3340.72,1
2545,09:30:02,$ 3340.72,6
2546,09:30:02,$ 3340.72,1
2547,09:30:02,$ 3340.72,5
2548,09:30:02,$ 3340.72,1
2549,09:30:02,$ 3340.72,1
2550,09:30:02,$ 3340.72,1
2551,09:30:02,$ 3340.72,1
2552,09:30:02,$ 3340.72,1
2553,09:30:02,$ 3340.72,3
2554,09:30:02,$ 3340.72,1
2555,09:30:02,$ 3340.72,45
2556,09:30:02,$ 3340.72,43
2557,09:30:02,$ 3340.72,4
2558,09:30:02,$ 3340.72,1
2559,09:30:02,$ 3340.72,1
2560,09:30:02,$ 3340.72,2
2561,09:30:02,$ 3340.72,1
2563,09:30:02,$ 3340.72,1
2564,09:30:02,$ 3340.72,1
2565,09:30:02,$ 3340.72,1
2566,09:30:02,$ 3340.72,1
2567,09:30:02,$ 3340.72,1
2568,09:30:02,$ 3340.72,1
2569,09:30:02,$ 3340.72,1
2570,09:30:02,$ 3340.72,1
2571,09:30:02,$ 3340.72,5
2572,09:30:02,$ 3340.72,5
2573,09:30:02,$ 3340.72,4
2574,09:30:02,$ 3340.72,10
2575,09:30:02,$ 3340.72,5
2576,09:30:02,$ 3340.72,5
2577,09:30:02,$ 3340.72,10
2578,09:30:02,$ 3340.72,8
2579,09:30:02,$ 3340.72,5
2580,09:30:02,$ 3340.72,1
2581,09:30:02,$ 3340.72,5
2582,09:30:02,$ 3340.72,2
2584,09:30:02,$ 3340.72,2
2585,09:30:02,$ 3340.72,1
2586,09:30:02,$ 3340.72,1
2587,09:30:02,$ 3340.72,3
2588,09:30:02,$ 3340.72,1
2589,09:30:02,$ 3340.72,1
2590,09:30:02,$ 3340.72,4
2591,09:30:02,$ 3340.72,2
2592,09:30:02,$ 3340.72,1
2593,09:30:02,$ 3340.72,1
2594,09:30:02,$ 3340.72,2
2595,09:30:02,$ 3340.72,1
2596,09:30:02,$ 3340.72,95
2597,09:30:02,$ 3340.72,3
2598,09:30:02,$ 3340.72,2
2599,09:30:02,$ 3340.72,3
2600,09:30:02,$ 3340.72,1
2601,09:30:02,$ 3340.72,2
2602,09:30:02,$ 3340.72,1
2603,09:30:02,$ 3340.72,1
2605,09:30:02,$ 3340.72,2
2606,09:30:02,$ 3340.72,5
2607,09:30:02,$ 3340.72,1
2608,09:30:02,$ 3340.72,1
2609,09:30:02,$ 3340.72,1
2610,09:30:02,$ 3340.72,1
2611,09:30:02,$ 3340.72,2
2612,09:30:02,$ 3340.72,2
2613,09:30:02,$ 3340.72,1
2614,09:30:02,$ 3340.72,1
2615,09:30:02,$ 3340.72,1
2616,09:30:02,$ 3340.72,1
2617,09:30:02,$ 3340.72,1
2618,09:30:02,$ 3340.72,1
2619,09:30:02,$ 3340.72,1
2620,09:30:02,$ 3340.72,10
2621,09:30:02,$ 3340.72,2
2622,09:30:02,$ 3340.72,2
2623,09:30:02,$ 3340.72,1
2624,09:30:02,$ 3340.72,3
2626,09:30:02,$ 3340.72,15
2627,09:30:02,$ 3340.72,1
2628,09:30:02,$ 3340.72,2
2629,09:30:02,$ 3340.72,1
2630,09:30:02,$ 3340.72,1
2631,09:30:02,$ 3340.72,2
2632,09:30:02,$ 3340.72,2
2633,09:30:02,$ 3340.72,7
2634,09:30:02,$ 3340.72,1
2635,09:30:02,$ 3340.72,1
2636,09:30:02,$ 3340.72,1
2637,09:30:02,$ 3340.72,2
2638,09:30:02,$ 3340.72,1
2639,09:30:02,$ 3340.72,1
2640,09:30:02,$ 3340.72,1
2641,09:30:02,$ 3340.72,1
2642,09:30:02,$ 3340.72,1
2643,09:30:02,$ 3340.72,17
2644,09:30:02,$ 3340.72,1
2645,09:30:02,$ 3340.72,1
2647,09:30:02,$ 3340.72,1
2648,09:30:02,$ 3340.72,3
2649,09:30:02,$ 3340.72,2
2650,09:30:02,$ 3340.72,1
2651,09:30:02,$ 3340.72,1
2652,09:30:02,$ 3340.72,1
2653,09:30:02,$ 3340.72,1
2654,09:30:02,$ 3340.72,100
2655,09:30:02,$ 3340.72,1
2656,09:30:02,$ 3340.72,1
2657,09:30:02,$ 3340.72,13
2658,09:30:02,$ 3340.72,1
2659,09:30:02,$ 3340.72,3
2660,09:30:02,$ 3340.72,1
2661,09:30:02,$ 3340.72,1
2662,09:30:02,$ 3340.72,3
2663,09:30:02,$ 3340.72,4
2664,09:30:02,$ 3340.72,1
2665,09:30:02,$ 3340.72,1
2666,09:30:02,$ 3340.72,1
2668,09:30:02,$ 3340.72,1
2669,09:30:02,$ 3340.72,1
2670,09:30:02,$ 3340.72,1
2671,09:30:02,$ 3340.72,1
2672,09:30:02,$ 3340.72,3
2673,09:30:02,$ 3340.72,1
2674,09:30:02,$ 3340.72,1
2675,09:30:02,$ 3340.72,2
2676,09:30:02,$ 3340.72,1
2677,09:30:02,$ 3340.72,1
2678,09:30:02,$ 3340.72,1
2679,09:30:02,$ 3340.72,1
2680,09:30:02,$ 3340.72,1
2681,09:30:02,$ 3340.72,1
2682,09:30:02,$ 3340.72,1
2683,09:30:02,$ 3340.72,2
2684,09:30:02,$ 3340.72,1
2685,09:30:02,$ 3340.72,1
2686,09:30:02,$ 3340.72,1
2687,09:30:02,$ 3340.72,1
2689,09:30:02,$ 3340.72,2
2690,09:30:02,$ 3340.72,3
2691,09:30:02,$ 3340.72,5
2692,09:30:02,$ 3340.72,1
2693,09:30:02,$ 3340.72,1
2694,09:30:02,$ 3340.72,1
2695,09:30:02,$ 3340.72,8
2696,09:30:02,$ 3340.72,11
2697,09:30:02,$ 3340.72,54
2698,09:30:02,$ 3340.72,18
2699,09:30:02,$ 3340.72,1
2700,09:30:02,$ 3340.72,1
2701,09:30:02,$ 3340.72,2
2702,09:30:02,$ 3340.72,1
2703,09:30:02,$ 3340.72,3
2704,09:30:02,$ 3340.72,3
2705,09:30:02,$ 3340.72,1
2706,09:30:02,$ 3340.72,1
2707,09:30:02,$ 3340.72,3
2708,09:30:02,$ 3340.72,11
2710,09:30:02,$ 3340.72,4
2711,09:30:02,$ 3340.72,9
2712,09:30:02,$ 3340.72,23
2713,09:30:02,$ 3340.72,1
2714,09:30:02,$ 3340.72,2
2715,09:30:02,$ 3340.72,3
2716,09:30:02,$ 3340.72,3
2717,09:30:02,$ 3340.72,3
2718,09:30:02,$ 3340.72,2
2719,09:30:02,$ 3340.72,4
2720,09:30:02,$ 3340.72,1
2721,09:30:02,$ 3340.72,3
2722,09:30:02,$ 3340.72,4
2723,09:30:02,$ 3340.72,2
2724,09:30:02,$ 3340.72,3
2725,09:30:02,$ 3340.72,2
2726,09:30:02,$ 3340.72,2
2727,09:30:02,$ 3340.72,1
2728,09:30:02,$ 3340.72,2
2729,09:30:02,$ 3340.72,1
2731,09:30:02,$ 3340.72,1
2732,09:30:02,$ 3340.72,1
2733,09:30:02,$ 3340.72,1
2734,09:30:02,$ 3340.72,1
2735,09:30:02,$ 3340.72,1
2736,09:30:02,$ 3340.72,6
2737,09:30:02,$ 3340.72,3
2738,09:30:02,$ 3340.72,2
2739,09:30:02,$ 3340.72,5
2740,09:30:02,$ 3340.72,3
2741,09:30:02,$ 3340.72,2
2742,09:30:02,$ 3340.72,3
2743,09:30:02,$ 3340.72,1
2744,09:30:02,$ 3340.72,2
2745,09:30:02,$ 3340.72,1
2746,09:30:02,$ 3340.72,1
2747,09:30:02,$ 3340.72,"1,800"
2748,09:30:02,$ 3340.72,1
2749,09:30:02,$ 3340.72,7
2750,09:30:02,$ 3340.72,10
2752,09:30:02,$ 3340.72,1
2753,09:30:02,$ 3340.72,1
2754,09:30:02,$ 3340.72,2
2755,09:30:02,$ 3340.72,1
2756,09:30:02,$ 3340.72,1
2757,09:30:02,$ 3340.72,2
2758,09:30:02,$ 3340.72,1
2759,09:30:02,$ 3340.72,1
2760,09:30:02,$ 3340.72,5
2761,09:30:02,$ 3340.72,3
2762,09:30:02,$ 3340.72,2
2763,09:30:02,$ 3340.72,60
2764,09:30:02,$ 3340.72,1
2765,09:30:02,$ 3340.72,1
2766,09:30:02,$ 3340.72,1
2767,09:30:02,$ 3340.72,1
2768,09:30:02,$ 3340.72,1
2769,09:30:02,$ 3340.72,1
2770,09:30:02,$ 3340.72,3
2771,09:30:02,$ 3340.72,1
2773,09:30:02,$ 3340.72,2
2774,09:30:02,$ 3340.72,1
2775,09:30:02,$ 3340.72,1
2776,09:30:02,$ 3340.72,6
2777,09:30:02,$ 3340.72,2
2778,09:30:02,$ 3340.72,2
2779,09:30:02,$ 3340.72,1
2780,09:30:02,$ 3340.72,1
2781,09:30:02,$ 3340.72,2
2782,09:30:02,$ 3340.72,1
2783,09:30:02,$ 3340.72,2
2784,09:30:02,$ 3340.72,2
2785,09:30:02,$ 3340.72,2
2786,09:30:02,$ 3340.72,1
2787,09:30:02,$ 3340.72,1
2788,09:30:02,$ 3340.72,2
2789,09:30:02,$ 3340.72,1
2790,09:30:02,$ 3340.72,3
2791,09:30:02,$ 3340.72,1
2792,09:30:02,$ 3340.72,98
2794,09:30:02,$ 3340.72,1
2795,09:30:02,$ 3340.72,10
2796,09:30:02,$ 3340.72,2
2797,09:30:02,$ 3340.72,"1,361"
2798,09:30:02,$ 3340.72,2
2799,09:30:02,$ 3340.72,7
2800,09:30:02,$ 3340.72,1
2801,09:30:02,$ 3340.72,30
2802,09:30:02,$ 3340.72,27
2803,09:30:02,$ 3340.72,4
2804,09:30:02,$ 3340.72,73
2805,09:30:02,$ 3340.72,49
2806,09:30:02,$ 3340.72,1
2807,09:30:02,$ 3340.72,175
2808,09:30:02,$ 3340.72,1
2809,09:30:02,$ 3340.72,8
2810,09:30:02,$ 3340.72,2
2811,09:30:02,$ 3340.72,100
2812,09:30:02,$ 3340.72,100
2813,09:30:02,$ 3340.72,2
2815,09:30:02,$ 3340.72,50
2816,09:30:02,$ 3340.72,5
2817,09:30:02,$ 3340.72,30
2818,09:30:02,$ 3340.72,7
2819,09:30:02,$ 3340.72,10
2820,09:30:02,$ 3340.72,20
2821,09:30:02,$ 3340.72,43
2822,09:30:02,$ 3340.72,15
2823,09:30:02,$ 3340.72,186
2824,09:30:02,$ 3340.72,10
2825,09:30:02,$ 3340.72,29
2826,09:30:02,$ 3340.72,2
2827,09:30:02,$ 3340.72,27
2828,09:30:02,$ 3340.72,8
2829,09:30:02,$ 3340.72,42
2830,09:30:02,$ 3340.72,1
2831,09:30:02,$ 3340.72,9
2832,09:30:02,$ 3340.72,2
2833,09:30:02,$ 3340.72,17
2834,09:30:02,$ 3340.72,70
2836,09:30:02,$ 3340.72,9
2837,09:30:02,$ 3340.72,70
2838,09:30:02,$ 3340.72,"2,500"
2839,09:30:02,$ 3340.72,1
2840,09:30:02,$ 3340.72,1
2841,09:30:02,$ 3340.72,10
2842,09:30:02,$ 3340.72,1
2843,09:30:02,$ 3340.72,8
2844,09:30:02,$ 3340.72,40
2845,09:30:02,$ 3340.72,18
2846,09:30:02,$ 3340.72,12
2847,09:30:02,$ 3340.72,175
2848,09:30:02,$ 3340.72,1
2849,09:30:02,$ 3340.72,5
2850,09:30:02,$ 3340.72,1
2851,09:30:02,$ 3340.72,175
2852,09:30:02,$ 3340.72,5
2853,09:30:02,$ 3340.72,11
2854,09:30:02,$ 3340.72,75
2855,09:30:02,$ 3340.72,7
2857,09:30:02,$ 3340.72,15
2858,09:30:02,$ 3340.72,1
2859,09:30:02,$ 3340.72,4
2860,09:30:02,$ 3340.72,1
2861,09:30:02,$ 3340.72,10
2862,09:30:02,$ 3340.72,2
2863,09:30:02,$ 3340.72,5
2864,09:30:02,$ 3340.72,15
2865,09:30:02,$ 3340.72,20
2866,09:30:02,$ 3340.72,5
2867,09:30:02,$ 3340.72,1
2868,09:30:02,$ 3340.72,3
2869,09:30:02,$ 3340.72,1
2870,09:30:02,$ 3340.72,1
2871,09:30:02,$ 3340.72,20
2872,09:30:02,$ 3340.72,1
2873,09:30:02,$ 3340.72,1
2874,09:30:02,$ 3340.72,"1,000"
2875,09:30:02,$ 3340.72,24
2876,09:30:02,$ 3340.72,5
2878,09:30:02,$ 3340.72,1
2879,09:30:02,$ 3340.72,5
2880,09:30:02,$ 3340.72,80
2881,09:30:02,$ 3340.72,9
2882,09:30:02,$ 3340.72,4
2883,09:30:02,$ 3340.72,8
2884,09:30:02,$ 3340.72,9
2885,09:30:02,$ 3340.72,4
2886,09:30:02,$ 3340.72,7
2887,09:30:02,$ 3340.72,7
2888,09:30:02,$ 3340.72,5
2889,09:30:02,$ 3340.72,16
2890,09:30:02,$ 3340.72,7
2891,09:30:02,$ 3340.72,6
2892,09:30:02,$ 3340.72,2
2893,09:30:02,$ 3340.72,17
2894,09:30:02,$ 3340.72,8
2895,09:30:02,$ 3340.72,30
2896,09:30:02,$ 3340.72,4
2897,09:30:02,$ 3340.72,90
2899,09:30:02,$ 3340.72,10
2900,09:30:02,$ 3340.72,4
2901,09:30:02,$ 3340.72,30
2902,09:30:02,$ 3340.72,50
2903,09:30:02,$ 3340.72,14
2904,09:30:02,$ 3340.72,12
2905,09:30:02,$ 3340.72,20
2906,09:30:02,$ 3340.72,2
2907,09:30:02,$ 3340.72,5
2908,09:30:02,$ 3340.72,5
2909,09:30:02,$ 3340.72,3
2910,09:30:02,$ 3340.72,3
2911,09:30:02,$ 3340.72,9
2912,09:30:02,$ 3340.72,3
2913,09:30:02,$ 3340.72,10
2914,09:30:02,$ 3340.72,7
2915,09:30:02,$ 3340.72,30
2916,09:30:02,$ 3340.72,2
2917,09:30:02,$ 3340.72,4
2918,09:30:02,$ 3340.72,5
2920,09:30:02,$ 3340.72,1
2921,09:30:02,$ 3340.72,41
2922,09:30:02,$ 3340.72,9
2923,09:30:02,$ 3340.72,100
2924,09:30:02,$ 3340.72,54
2925,09:30:02,$ 3340.72,3
2926,09:30:02,$ 3340.72,100
2927,09:30:02,$ 3340.72,12
2928,09:30:02,$ 3340.72,1
2929,09:30:02,$ 3340.72,24
2930,09:30:02,$ 3340.72,158
2931,09:30:02,$ 3340.72,1
2932,09:30:02,$ 3340.72,1
2933,09:30:02,$ 3340.72,4
2934,09:30:02,$ 3340.72,15
2935,09:30:02,$ 3340.72,20
2936,09:30:02,$ 3340.72,1
2937,09:30:02,$ 3340.72,5
2938,09:30:02,$ 3340.72,1
2939,09:30:02,$ 3340.72,1
2941,09:30:02,$ 3340.72,1
2942,09:30:02,$ 3340.72,5
2943,09:30:02,$ 3340.72,32
2944,09:30:02,$ 3340.72,1
2945,09:30:02,$ 3340.72,1
2946,09:30:02,$ 3340.72,17
2947,09:30:02,$ 3340.72,6
2948,09:30:02,$ 3340.72,2
2949,09:30:02,$ 3340.72,7
2950,09:30:02,$ 3340.72,1
2951,09:30:02,$ 3340.72,8
2952,09:30:02,$ 3340.72,1
2953,09:30:02,$ 3340.72,1
2954,09:30:02,$ 3340.72,3
2955,09:30:02,$ 3340.72,4
2956,09:30:02,$ 3340.72,130
2957,09:30:02,$ 3340.72,4
2958,09:30:02,$ 3340.72,1
2959,09:30:02,$ 3340.72,7
2960,09:30:02,$ 3340.72,22
2962,09:30:02,$ 3340.72,15
2963,09:30:02,$ 3340.72,10
2964,09:30:02,$ 3340.72,36
2965,09:30:02,$ 3340.72,1
2966,09:30:02,$ 3340.72,30
2967,09:30:02,$ 3340.72,1
2968,09:30:02,$ 3340.72,3
2969,09:30:02,$ 3340.72,14
2970,09:30:02,$ 3340.72,4
2971,09:30:02,$ 3340.72,1
2972,09:30:02,$ 3340.72,2
2973,09:30:02,$ 3340.72,4
2974,09:30:02,$ 3340.72,200
2975,09:30:02,$ 3340.72,38
2976,09:30:02,$ 3340.72,34
2977,09:30:02,$ 3340.72,1
2978,09:30:02,$ 3340.72,15
2979,09:30:02,$ 3340.72,15
2980,09:30:02,$ 3340.72,36
2981,09:30:02,$ 3340.72,1
2983,09:30:02,$ 3340.72,14
2984,09:30:02,$ 3340.72,7
2985,09:30:02,$ 3340.72,4
2986,09:30:02,$ 3340.72,10
2987,09:30:02,$ 3340.72,10
2988,09:30:02,$ 3340.72,30
2989,09:30:02,$ 3340.72,1
2990,09:30:02,$ 3340.72,10
2991,09:30:02,$ 3340.72,82
2992,09:30:02,$ 3340.72,10
2993,09:30:02,$ 3340.72,3
2994,09:30:02,$ 3340.72,7
2995,09:30:02,$ 3340.72,1
2996,09:30:02,$ 3340.72,283
2997,09:30:02,$ 3340.72,3
2998,09:30:02,$ 3340.72,15
2999,09:30:02,$ 3340.72,200
3000,09:30:02,$ 3340.72,2
3001,09:30:02,$ 3340.72,20
3002,09:30:02,$ 3340.72,1
3004,09:30:02,$ 3340.72,1
3005,09:30:02,$ 3340.72,52
3006,09:30:02,$ 3340.72,3
3007,09:30:02,$ 3340.72,1
3008,09:30:02,$ 3340.72,5
3009,09:30:02,$ 3340.72,1
3010,09:30:02,$ 3340.72,1
3011,09:30:02,$ 3340.72,1
3012,09:30:02,$ 3340.72,6
3013,09:30:02,$ 3340.72,2
3014,09:30:02,$ 3340.72,2
3015,09:30:02,$ 3340.72,1
3016,09:30:02,$ 3340.72,5
3017,09:30:02,$ 3340.72,3
3018,09:30:02,$ 3340.72,9
3019,09:30:02,$ 3340.72,4
3020,09:30:02,$ 3340.72,4
3021,09:30:02,$ 3340.72,3
3022,09:30:02,$ 3340.72,10
3023,09:30:02,$ 3340.72,4
3025,09:30:02,$ 3340.72,10
3026,09:30:02,$ 3340.72,15
3027,09:30:02,$ 3340.72,12
3028,09:30:02,$ 3340.72,30
3029,09:30:02,$ 3340.72,85
3030,09:30:02,$ 3340.72,9
3031,09:30:02,$ 3340.72,2
3032,09:30:02,$ 3340.72,1
3033,09:30:02,$ 3340.72,50
3034,09:30:02,$ 3340.72,1
3035,09:30:02,$ 3340.72,2
3036,09:30:02,$ 3340.72,2
3037,09:30:02,$ 3340.72,111
3038,09:30:02,$ 3340.72,5
3039,09:30:02,$ 3340.72,10
3040,09:30:02,$ 3340.72,2
3041,09:30:02,$ 3340.72,12
3042,09:30:02,$ 3340.72,6
3043,09:30:02,$ 3340.72,5
3044,09:30:02,$ 3340.72,34
3046,09:30:02,$ 3340.72,1
3047,09:30:02,$ 3340.72,2
3048,09:30:02,$ 3340.72,15
3049,09:30:02,$ 3340.72,1
3050,09:30:02,$ 3340.72,100
3051,09:30:02,$ 3340.72,56
3052,09:30:02,$ 3340.72,1
3053,09:30:02,$ 3340.72,2
3054,09:30:02,$ 3340.72,25
3055,09:30:02,$ 3340.72,3
3056,09:30:02,$ 3340.72,1
3057,09:30:02,$ 3340.72,2
3058,09:30:02,$ 3340.72,1
3059,09:30:02,$ 3340.72,2
3060,09:30:02,$ 3340.72,1
3061,09:30:02,$ 3340.72,520
3062,09:30:02,$ 3340.72,5
3063,09:30:02,$ 3340.72,76
3064,09:30:02,$ 3340.72,24
3065,09:30:02,$ 3340.72,6
3067,09:30:02,$ 3340.72,2
3068,09:30:02,$ 3340.72,3
3069,09:30:02,$ 3340.72,2
3070,09:30:02,$ 3340.72,1
3071,09:30:02,$ 3340.72,2
3072,09:30:02,$ 3340.72,1
3073,09:30:02,$ 3340.72,19
3074,09:30:02,$ 3340.72,1
3075,09:30:02,$ 3340.72,1
3076,09:30:02,$ 3340.72,44
3077,09:30:02,$ 3340.72,13
3078,09:30:02,$ 3340.72,10
3079,09:30:02,$ 3340.72,25
3080,09:30:02,$ 3340.72,112
3081,09:30:02,$ 3340.72,2
3082,09:30:02,$ 3340.72,17
3083,09:30:02,$ 3340.72,3
3084,09:30:02,$ 3340.72,12
3085,09:30:02,$ 3340.72,75
3086,09:30:02,$ 3340.72,6
3088,09:30:02,$ 3340.72,1
3089,09:30:02,$ 3340.72,10
3090,09:30:02,$ 3340.72,1
3091,09:30:02,$ 3340.72,3
3092,09:30:02,$ 3340.72,4
3093,09:30:02,$ 3340.72,1
3094,09:30:02,$ 3340.72,1
3095,09:30:02,$ 3340.72,70
3096,09:30:02,$ 3340.72,3
3097,09:30:02,$ 3340.72,83
3098,09:30:02,$ 3340.72,1
3099,09:30:02,$ 3340.72,16
3100,09:30:02,$ 3340.72,2
3101,09:30:02,$ 3340.72,1
3102,09:30:02,$ 3340.72,26
3103,09:30:02,$ 3340.72,1
3104,09:30:02,$ 3340.72,28
3105,09:30:02,$ 3340.72,2
3106,09:30:02,$ 3340.72,3
3107,09:30:02,$ 3340.72,6
3109,09:30:02,$ 3340.72,1
3110,09:30:02,$ 3340.72,9
3111,09:30:02,$ 3340.72,25
3112,09:30:02,$ 3340.72,2
3113,09:30:02,$ 3340.72,1
3114,09:30:02,$ 3340.72,1
3115,09:30:02,$ 3340.72,2
3116,09:30:02,$ 3340.72,3
3117,09:30:02,$ 3340.72,4
3118,09:30:02,$ 3340.72,2
3119,09:30:02,$ 3340.72,10
3120,09:30:02,$ 3340.72,26
3121,09:30:02,$ 3340.72,1
3122,09:30:02,$ 3340.72,15
3123,09:30:02,$ 3340.72,1
3124,09:30:02,$ 3340.72,4
3125,09:30:02,$ 3340.72,7
3126,09:30:02,$ 3340.72,1
3127,09:30:02,$ 3340.72,1
3128,09:30:02,$ 3340.72,2
3130,09:30:02,$ 3340.72,2
3131,09:30:02,$ 3340.72,7
3132,09:30:02,$ 3340.72,14
3133,09:30:02,$ 3340.72,16
3134,09:30:02,$ 3340.72,100
3135,09:30:02,$ 3340.72,100
3136,09:30:02,$ 3340.72,1
3137,09:30:02,$ 3340.72,1
3138,09:30:02,$ 3340.72,2
3139,09:30:02,$ 3340.72,281
3140,09:30:02,$ 3340.72,2
3141,09:30:02,$ 3340.72,4
3142,09:30:02,$ 3340.72,8
3143,09:30:02,$ 3340.72,9
3144,09:30:02,$ 3340.72,16
3145,09:30:02,$ 3340.72,32
3146,09:30:02,$ 3340.72,46
3147,09:30:02,$ 3340.72,1
3148,09:30:02,$ 3340.72,1
3149,09:30:02,$ 3340.72,3
3151,09:30:02,$ 3340.72,1
3152,09:30:02,$ 3340.72,3
3153,09:30:02,$ 3340.72,1
3154,09:30:02,$ 3340.72,2
3155,09:30:02,$ 3340.72,22
3156,09:30:02,$ 3340.72,1
3157,09:30:02,$ 3340.72,15
3158,09:30:02,$ 3340.72,2
3159,09:30:02,$ 3340.72,1
3160,09:30:02,$ 3340.72,2
3161,09:30:02,$ 3340.72,4
3162,09:30:02,$ 3340.72,15
3163,09:30:02,$ 3340.72,30
3164,09:30:02,$ 3340.72,2
3165,09:30:02,$ 3340.72,3
3166,09:30:02,$ 3340.72,3
3167,09:30:02,$ 3340.72,3
3168,09:30:02,$ 3340.72,2
3169,09:30:02,$ 3340.72,3
3170,09:30:02,$ 3340.72,1
3172,09:30:02,$ 3340.72,40
3173,09:30:02,$ 3340.72,100
3174,09:30:02,$ 3340.72,2
3175,09:30:02,$ 3340.72,5
3176,09:30:02,$ 3340.72,100
3177,09:30:02,$ 3340.72,141
3178,09:30:02,$ 3340.72,1
3179,09:30:02,$ 3340.72,244
3180,09:30:02,$ 3340.72,1
3181,09:30:02,$ 3340.72,1
3182,09:30:02,$ 3340.72,2
3183,09:30:02,$ 3340.72,1
3184,09:30:02,$ 3340.72,2
3185,09:30:02,$ 3340.72,16
3186,09:30:02,$ 3340.72,12
3187,09:30:02,$ 3340.72,130
3188,09:30:02,$ 3340.72,7
3189,09:30:02,$ 3340.72,10
3190,09:30:02,$ 3340.72,2
3191,09:30:02,$ 3340.72,4
3193,09:30:02,$ 3340.72,1
3194,09:30:02,$ 3340.72,34
3195,09:30:02,$ 3340.72,4
3196,09:30:02,$ 3340.72,4
3197,09:30:02,$ 3340.72,3
3198,09:30:02,$ 3340.72,5
3199,09:30:02,$ 3340.72,6
3200,09:30:02,$ 3340.72,5
3201,09:30:02,$ 3340.72,3
3202,09:30:02,$ 3340.72,6
3203,09:30:02,$ 3340.72,5
3204,09:30:02,$ 3340.72,33
3205,09:30:02,$ 3340.72,15
3206,09:30:02,$ 3340.72,6
3207,09:30:02,$ 3340.72,11
3208,09:30:02,$ 3340.72,21
3209,09:30:02,$ 3340.72,9
3210,09:30:02,$ 3340.72,15
3211,09:30:02,$ 3340.72,6
3212,09:30:02,$ 3340.72,2
3214,09:30:02,$ 3340.72,12
3215,09:30:02,$ 3340.72,33
3216,09:30:02,$ 3340.72,10
3217,09:30:02,$ 3340.72,3
3218,09:30:02,$ 3340.72,31
3219,09:30:02,$ 3340.72,5
3220,09:30:02,$ 3340.72,3
3221,09:30:02,$ 3340.72,1
3222,09:30:02,$ 3340.72,2
3223,09:30:02,$ 3340.72,1
3224,09:30:02,$ 3340.72,6
3225,09:30:02,$ 3340.72,3
3226,09:30:02,$ 3340.72,1
3227,09:30:02,$ 3340.72,2
3228,09:30:02,$ 3340.72,2
3229,09:30:02,$ 3340.72,5
3230,09:30:02,$ 3340.72,8
3231,09:30:02,$ 3340.72,1
3232,09:30:02,$ 3340.72,56
3233,09:30:02,$ 3340.72,5
3235,09:30:02,$ 3340.72,4
3236,09:30:02,$ 3340.72,1
3237,09:30:02,$ 3340.72,1
3238,09:30:02,$ 3340.72,3
3239,09:30:02,$ 3340.72,7
3240,09:30:02,$ 3340.72,2
3241,09:30:02,$ 3340.72,2
3242,09:30:02,$ 3340.72,1
3243,09:30:02,$ 3340.72,1
3244,09:30:02,$ 3340.72,27
3245,09:30:02,$ 3340.72,1
3246,09:30:02,$ 3340.72,4
3247,09:30:02,$ 3340.72,2
3248,09:30:02,$ 3340.72,"5,414"
3249,09:30:02,$ 3340.72,160
3250,09:30:02,$ 3340.72,457
3251,09:30:02,$ 3340.72,200
3252,09:30:02,$ 3340.72,4
3253,09:30:02,$ 3340.72,7
3254,09:30:02,$ 3340.72,12
3256,09:30:02,$ 3340.72,1
3257,09:30:02,$ 3340.72,2
3258,09:30:02,$ 3340.72,1
3259,09:30:02,$ 3340.72,1
3260,09:30:02,$ 3340.72,1
3261,09:30:02,$ 3340.72,6
3262,09:30:02,$ 3340.72,1
3263,09:30:02,$ 3340.72,3
3264,09:30:02,$ 3340.72,2
3265,09:30:02,$ 3340.72,13
3266,09:30:02,$ 3340.72,15
3267,09:30:02,$ 3340.72,2
3268,09:30:02,$ 3340.72,1
3269,09:30:02,$ 3340.72,1
3270,09:30:02,$ 3340.72,4
3271,09:30:02,$ 3340.72,1
3272,09:30:02,$ 3340.72,8
3273,09:30:02,$ 3340.72,1
3274,09:30:02,$ 3340.72,1
3275,09:30:02,$ 3340.72,1
3277,09:30:02,$ 3340.72,2
3278,09:30:02,$ 3340.72,1
3279,09:30:02,$ 3340.72,10
3280,09:30:02,$ 3340.72,1
3281,09:30:02,$ 3340.72,2
3282,09:30:02,$ 3340.72,2
3283,09:30:02,$ 3340.72,239
3284,09:30:02,$ 3340.72,191
3285,09:30:02,$ 3340.72,7
3286,09:30:02,$ 3340.72,3
3287,09:30:02,$ 3340.72,3
3288,09:30:02,$ 3340.72,7
3289,09:30:02,$ 3340.72,50
3290,09:30:02,$ 3340.72,1
3291,09:30:02,$ 3340.72,8
3292,09:30:02,$ 3340.72,1
3293,09:30:02,$ 3340.72,5
3294,09:30:02,$ 3340.72,3
3295,09:30:02,$ 3340.72,5
3296,09:30:02,$ 3340.72,1
3298,09:30:02,$ 3340.72,1
3299,09:30:02,$ 3340.72,1
3300,09:30:02,$ 3340.72,1
3301,09:30:02,$ 3340.72,1
3302,09:30:02,$ 3340.72,10
3303,09:30:02,$ 3340.72,10
3304,09:30:02,$ 3340.72,3
3305,09:30:02,$ 3340.72,7
3306,09:30:02,$ 3340.72,1
3307,09:30:02,$ 3340.72,10
3308,09:30:02,$ 3340.72,7
3309,09:30:02,$ 3340.72,8
3310,09:30:02,$ 3340.72,5
3311,09:30:02,$ 3340.72,1
3312,09:30:02,$ 3340.72,2
3313,09:30:02,$ 3340.72,1
3314,09:30:02,$ 3340.72,2
3315,09:30:02,$ 3340.72,1
3316,09:30:02,$ 3340.72,1
3317,09:30:02,$ 3340.72,3
3319,09:30:02,$ 3340.72,3
3320,09:30:02,$ 3340.72,1
3321,09:30:02,$ 3340.72,2
3322,09:30:02,$ 3340.72,2
3323,09:30:02,$ 3340.72,5
3324,09:30:02,$ 3340.72,3
3325,09:30:02,$ 3340.72,4
3326,09:30:02,$ 3340.72,1
3327,09:30:02,$ 3340.72,1
3328,09:30:02,$ 3340.72,1
3329,09:30:02,$ 3340.72,1
3330,09:30:02,$ 3340.72,3
3331,09:30:02,$ 3340.72,6
3332,09:30:02,$ 3340.72,5
3333,09:30:02,$ 3340.72,7
3334,09:30:02,$ 3340.72,2
3335,09:30:02,$ 3340.72,5
3336,09:30:02,$ 3340.72,15
3337,09:30:02,$ 3340.72,1
3338,09:30:02,$ 3340.72,1
3340,09:30:02,$ 3340.72,2
3341,09:30:02,$ 3340.72,1
3342,09:30:02,$ 3340.72,3
3343,09:30:02,$ 3340.72,5
3344,09:30:02,$ 3340.72,30
3345,09:30:02,$ 3340.72,2
3346,09:30:02,$ 3340.72,4
3347,09:30:02,$ 3340.72,10
3348,09:30:02,$ 3340.72,3
3349,09:30:02,$ 3340.72,5
3350,09:30:02,$ 3340.72,5
3351,09:30:02,$ 3340.72,1
3352,09:30:02,$ 3340.72,1
3353,09:30:02,$ 3340.72,5
3354,09:30:02,$ 3340.72,1
3355,09:30:02,$ 3340.72,45
3356,09:30:02,$ 3340.72,45
3357,09:30:02,$ 3340.72,2
3358,09:30:02,$ 3340.72,1
3359,09:30:02,$ 3340.72,4
3361,09:30:02,$ 3340.72,15
3362,09:30:02,$ 3340.72,2
3363,09:30:02,$ 3340.72,1
3364,09:30:02,$ 3340.72,5
3365,09:30:02,$ 3340.72,6
3366,09:30:02,$ 3340.72,3
3367,09:30:02,$ 3340.72,8
3368,09:30:02,$ 3340.72,30
3369,09:30:02,$ 3340.72,75
3370,09:30:02,$ 3340.72,1
3371,09:30:02,$ 3340.72,6
3372,09:30:02,$ 3340.72,30
3373,09:30:02,$ 3340.72,1
3374,09:30:02,$ 3340.72,2
3375,09:30:02,$ 3340.72,1
3376,09:30:02,$ 3340.72,2
3377,09:30:02,$ 3340.72,3
3378,09:30:02,$ 3340.72,1
3379,09:30:02,$ 3340.72,2
3380,09:30:02,$ 3340.72,1
3382,09:30:02,$ 3340.72,1
3383,09:30:02,$ 3340.72,1
3384,09:30:02,$ 3340.72,4
3385,09:30:02,$ 3340.72,1
3386,09:30:02,$ 3340.72,100
3387,09:30:02,$ 3340.72,5
3388,09:30:02,$ 3340.72,15
3389,09:30:02,$ 3340.72,29
3390,09:30:02,$ 3340.72,90
3391,09:30:02,$ 3340.72,84
3392,09:30:02,$ 3340.72,4
3393,09:30:02,$ 3340.72,10
3394,09:30:02,$ 3340.72,8
3395,09:30:02,$ 3340.72,7
3396,09:30:02,$ 3340.72,3
3397,09:30:02,$ 3340.72,3
3398,09:30:02,$ 3340.72,12
3399,09:30:02,$ 3340.72,3
3400,09:30:02,$ 3340.72,4
3401,09:30:02,$ 3340.72,3
3403,09:30:02,$ 3340.72,3
3404,09:30:02,$ 3340.72,8
3405,09:30:02,$ 3340.72,13
3406,09:30:02,$ 3340.72,6
3407,09:30:02,$ 3340.72,2
3408,09:30:02,$ 3340.72,1
3409,09:30:02,$ 3340.72,3
3410,09:30:02,$ 3340.72,4
3411,09:30:02,$ 3340.72,1
3412,09:30:02,$ 3340.72,10
3413,09:30:02,$ 3340.72,5
3414,09:30:02,$ 3340.72,2
3415,09:30:02,$ 3340.72,126
3416,09:30:02,$ 3340.72,1
3417,09:30:02,$ 3340.72,153
3418,09:30:02,$ 3340.72,161
3419,09:30:02,$ 3340.72,110
3420,09:30:02,$ 3340.72,117
3421,09:30:02,$ 3340.72,124
3422,09:30:02,$ 3340.72,132
3424,09:30:02,$ 3340.72,141
3425,09:30:02,$ 3340.72,139
3426,09:30:02,$ 3340.72,1
3427,09:30:02,$ 3340.72,44
3428,09:30:02,$ 3340.72,55
3429,09:30:02,$ 3340.72,1
3430,09:30:02,$ 3340.72,1
3431,09:30:02,$ 3340.72,1
3432,09:30:02,$ 3340.72,3
3433,09:30:02,$ 3340.72,1
3434,09:30:02,$ 3340.72,1
3435,09:30:02,$ 3340.72,2
3436,09:30:02,$ 3340.72,194
3437,09:30:02,$ 3340.72,1
3438,09:30:02,$ 3340.72,8
3439,09:30:02,$ 3340.72,1
3440,09:30:02,$ 3340.72,3
3441,09:30:02,$ 3340.72,15
3442,09:30:02,$ 3340.72,3
3443,09:30:02,$ 3340.72,3
3445,09:30:02,$ 3340.72,11
3446,09:30:02,$ 3340.72,100
3447,09:30:02,$ 3340.72,5
3448,09:30:02,$ 3340.72,1
3449,09:30:02,$ 3340.72,1
3450,09:30:02,$ 3340.72,6
3451,09:30:02,$ 3340.72,4
3452,09:30:02,$ 3340.72,1
3453,09:30:02,$ 3340.72,1
3454,09:30:02,$ 3340.72,600
3455,09:30:02,$ 3340.72,4
3456,09:30:02,$ 3340.72,2
3457,09:30:02,$ 3340.72,1
3458,09:30:02,$ 3340.72,10
3459,09:30:02,$ 3340.72,600
3460,09:30:02,$ 3340.72,1
3461,09:30:02,$ 3340.72,"3,500"
3462,09:30:02,$ 3340.72,100
3463,09:30:02,$ 3340.72,20
3464,09:30:02,$ 3340.72,5
3466,09:30:02,$ 3340.72,2
3467,09:30:02,$ 3340.72,4
3468,09:30:02,$ 3340.72,3
3469,09:30:02,$ 3340.72,4
3470,09:30:02,$ 3340.72,3
3471,09:30:02,$ 3340.72,5
3472,09:30:02,$ 3340.72,1
3473,09:30:02,$ 3340.72,3
3474,09:30:02,$ 3340.72,1
3475,09:30:02,$ 3340.72,1
3476,09:30:02,$ 3340.72,8
3477,09:30:02,$ 3340.72,3
3478,09:30:02,$ 3340.72,3
3479,09:30:02,$ 3340.72,1
3480,09:30:02,$ 3340.72,3
3481,09:30:02,$ 3340.72,5
3482,09:30:02,$ 3340.72,6
3483,09:30:02,$ 3340.72,20
3484,09:30:02,$ 3340.72,6
3485,09:30:02,$ 3340.72,10
3487,09:30:02,$ 3340.72,1
3488,09:30:02,$ 3340.72,1
3489,09:30:02,$ 3340.72,1
3490,09:30:02,$ 3340.72,10
3491,09:30:02,$ 3340.72,10
3492,09:30:02,$ 3340.72,8
3493,09:30:02,$ 3340.72,4
3494,09:30:02,$ 3340.72,3
3495,09:30:02,$ 3340.72,10
3496,09:30:02,$ 3340.72,600
3497,09:30:02,$ 3340.72,6
3498,09:30:02,$ 3340.72,50
3499,09:30:02,$ 3340.72,110
3500,09:30:02,$ 3340.72,5
3501,09:30:02,$ 3340.72,10
3502,09:30:02,$ 3340.72,3
3503,09:30:02,$ 3340.72,20
3504,09:30:02,$ 3340.72,2
3505,09:30:02,$ 3340.72,20
3506,09:30:02,$ 3340.72,2
3508,09:30:02,$ 3340.72,2
3509,09:30:02,$ 3340.72,2
3510,09:30:02,$ 3340.72,75
3511,09:30:02,$ 3340.72,4
3512,09:30:02,$ 3340.72,4
3513,09:30:02,$ 3340.72,5
3514,09:30:02,$ 3340.72,1
3515,09:30:02,$ 3340.72,10
3516,09:30:02,$ 3340.72,3
3517,09:30:02,$ 3340.72,10
3518,09:30:02,$ 3340.72,1
3519,09:30:02,$ 3340.72,1
3520,09:30:02,$ 3340.72,1
3521,09:30:02,$ 3340.72,1
3522,09:30:02,$ 3340.72,2
3523,09:30:02,$ 3340.72,1
3524,09:30:02,$ 3340.72,60
3525,09:30:02,$ 3340.72,6
3526,09:30:02,$ 3340.72,6
3527,09:30:02,$ 3340.72,60
3529,09:30:02,$ 3340.72,1
3530,09:30:02,$ 3340.72,37
3531,09:30:02,$ 3340.72,17
3532,09:30:02,$ 3340.72,15
3533,09:30:02,$ 3340.72,13
3534,09:30:02,$ 3340.72,10
3535,09:30:02,$ 3340.72,3
3536,09:30:02,$ 3340.72,5
3537,09:30:02,$ 3340.72,1
3538,09:30:02,$ 3340.72,1
3539,09:30:02,$ 3340.72,1
3540,09:30:02,$ 3340.72,15
3541,09:30:02,$ 3340.72,3
3542,09:30:02,$ 3340.72,3
3543,09:30:02,$ 3340.72,2
3544,09:30:02,$ 3340.72,15
3545,09:30:02,$ 3340.72,36
3546,09:30:02,$ 3340.72,10
3547,09:30:02,$ 3340.72,100
3548,09:30:02,$ 3340.72,15
3550,09:30:02,$ 3340.72,2
3551,09:30:02,$ 3340.72,5
3552,09:30:02,$ 3340.72,32
3553,09:30:02,$ 3340.72,4
3554,09:30:02,$ 3340.72,12
3555,09:30:02,$ 3340.72,10
3556,09:30:02,$ 3340.72,2
3557,09:30:02,$ 3340.72,9
3558,09:30:02,$ 3340.72,3
3559,09:30:02,$ 3340.72,1
3560,09:30:02,$ 3340.72,3
3561,09:30:02,$ 3340.72,2
3562,09:30:02,$ 3340.72,50
3563,09:30:02,$ 3340.72,50
3564,09:30:02,$ 3340.72,1
3565,09:30:02,$ 3340.72,1
3566,09:30:02,$ 3340.72,1
3567,09:30:02,$ 3340.72,2
3568,09:30:02,$ 3340.72,3
3569,09:30:02,$ 3340.72,2
3571,09:30:02,$ 3340.72,5
3572,09:30:02,$ 3340.72,5
3573,09:30:02,$ 3340.72,2
3574,09:30:02,$ 3340.72,1
3575,09:30:02,$ 3340.72,43
3576,09:30:02,$ 3340.72,30
3577,09:30:02,$ 3340.72,3
3578,09:30:02,$ 3340.72,1
3579,09:30:02,$ 3340.72,1
3580,09:30:02,$ 3340.72,15
3581,09:30:02,$ 3340.72,20
3582,09:30:02,$ 3340.72,1
3583,09:30:02,$ 3340.72,3
3584,09:30:02,$ 3340.72,6
3585,09:30:02,$ 3340.72,2
3586,09:30:02,$ 3340.72,2
3587,09:30:02,$ 3340.72,100
3588,09:30:02,$ 3340.72,15
3589,09:30:02,$ 3340.72,4
3590,09:30:02,$ 3340.72,15
3592,09:30:02,$ 3340.72,3
3593,09:30:02,$ 3340.72,30
3594,09:30:02,$ 3340.72,54
3595,09:30:02,$ 3340.72,1
3596,09:30:02,$ 3340.72,1
3597,09:30:02,$ 3340.72,1
3598,09:30:02,$ 3340.72,14
3599,09:30:02,$ 3340.72,1
3600,09:30:02,$ 3340.72,15
3601,09:30:02,$ 3340.72,2
3602,09:30:02,$ 3340.72,1
3603,09:30:02,$ 3340.72,2
3604,09:30:02,$ 3340.72,3
3605,09:30:02,$ 3340.72,3
3606,09:30:02,$ 3340.72,14
3607,09:30:02,$ 3340.72,1
3608,09:30:02,$ 3340.72,1
3609,09:30:02,$ 3340.72,1
3610,09:30:02,$ 3340.72,1
3611,09:30:02,$ 3340.72,2
3613,09:30:02,$ 3340.72,10
3614,09:30:02,$ 3340.72,10
3615,09:30:02,$ 3340.72,1
3616,09:30:02,$ 3340.72,161
3617,09:30:02,$ 3340.72,1
3618,09:30:02,$ 3340.72,1
3619,09:30:02,$ 3340.72,11
3620,09:30:02,$ 3340.72,1
3621,09:30:02,$ 3340.72,6
3622,09:30:02,$ 3340.72,3
3623,09:30:02,$ 3340.72,3
3624,09:30:02,$ 3340.72,7
3625,09:30:02,$ 3340.72,50
3626,09:30:02,$ 3340.72,1
3627,09:30:02,$ 3340.72,3
3628,09:30:02,$ 3340.72,2
3629,09:30:02,$ 3340.72,4
3630,09:30:02,$ 3340.72,1
3631,09:30:02,$ 3340.72,1
3632,09:30:02,$ 3340.72,7
3634,09:30:02,$ 3340.72,4
3635,09:30:02,$ 3340.72,15
3636,09:30:02,$ 3340.72,3
3637,09:30:02,$ 3340.72,6
3638,09:30:02,$ 3340.72,3
3639,09:30:02,$ 3340.72,3
3640,09:30:02,$ 3340.72,5
3641,09:30:02,$ 3340.72,2
3642,09:30:02,$ 3340.72,2
3643,09:30:02,$ 3340.72,4
3644,09:30:02,$ 3340.72,1
3645,09:30:02,$ 3340.72,1
3646,09:30:02,$ 3340.72,1
3647,09:30:02,$ 3340.72,6
3648,09:30:02,$ 3340.72,29
3649,09:30:02,$ 3340.72,2
3650,09:30:02,$ 3340.72,2
3651,09:30:02,$ 3340.72,2
3652,09:30:02,$ 3340.72,1
3653,09:30:02,$ 3340.72,24
3655,09:30:02,$ 3340.72,1
3656,09:30:02,$ 3340.72,3
3657,09:30:02,$ 3340.72,1
3658,09:30:02,$ 3340.72,1
3659,09:30:02,$ 3340.72,2
3660,09:30:02,$ 3340.72,1
3661,09:30:02,$ 3340.72,1
3662,09:30:02,$ 3340.72,1
3663,09:30:02,$ 3340.72,5
3664,09:30:02,$ 3340.72,2
3665,09:30:02,$ 3340.72,6
3666,09:30:02,$ 3340.72,10
3667,09:30:02,$ 3340.72,7
3668,09:30:02,$ 3340.72,20
3669,09:30:01,$ 3341.2746,200
3670,09:30:01,$ 3340.72,97
3671,09:30:01,$ 3340.72,10
3672,09:30:01,$ 3340.72,34
3673,09:30:01,$ 3340.72,47
3675,10:29:52,$ 3309.50,100
3676,10:29:42,$ 3310.61,225
3677,10:29:20,$ 3310.46,100
3678,10:29:20,$ 3310.45,100
3679,10:29:16,$ 3310.11,100
3680,10:29:16,$ 3309.79,"1,000"
3681,10:29:15,$ 3309.68,100
3682,10:29:15,$ 3309.69,100
3683,10:29:08,$ 3309.795,252
3684,10:29:03,$ 3310.1381,100
3685,10:29:00,$ 3310.00,100
3686,10:28:59,$ 3310.74,100
3687,10:28:56,$ 3311.385,255
3688,10:28:48,$ 3310.59,100
3689,10:28:35,$ 3311.5268,100
3690,10:28:09,$ 3312.24,100
3691,10:27:59,$ 3312.0831,100
3692,10:27:50,$ 3312.72,100
3693,10:27:41,$ 3312.455,100
3694,10:27:41,$ 3312.48,100
3696,10:27:37,$ 3312.43,100
3697,10:27:28,$ 3313.00,228
3698,10:27:28,$ 3313.00,551
3699,10:27:28,$ 3313.00,106
3700,10:27:19,$ 3311.89,100
3701,10:27:17,$ 3312.00,100
3702,10:27:12,$ 3311.765,100
3703,10:26:58,$ 3310.96,100
3704,10:26:48,$ 3310.18,100
3705,10:26:47,$ 3310.01,100
3706,10:26:28,$ 3311.10,100
3707,10:26:28,$ 3311.625,100
3708,10:26:18,$ 3311.99,100
3709,10:26:03,$ 3312.55,100
3710,10:26:01,$ 3311.88,100
3711,10:25:59,$ 3311.895,100
3712,10:25:49,$ 3311.87,"1,000"
3713,10:25:47,$ 3311.82,100
3714,10:25:47,$ 3311.82,100
3715,10:25:47,$ 3311.82,100
3717,10:25:46,$ 3311.82,100
3718,10:25:44,$ 3311.405,100
3719,10:25:44,$ 3311.405,100
3720,10:25:43,$ 3311.41,100
3721,10:25:36,$ 3312.00,100
3722,10:25:36,$ 3312.04,100
3723,10:25:28,$ 3312.62,100
3724,10:25:23,$ 3312.0001,200
3725,10:25:23,$ 3312.67,100
3726,10:25:22,$ 3312.3401,115
3727,10:25:22,$ 3312.341,375
3728,10:25:17,$ 3315.52,100
3729,10:25:04,$ 3316.16,100
3730,10:25:03,$ 3315.79,100
3731,10:25:03,$ 3315.55,100
3732,10:24:55,$ 3314.75,100
3733,10:24:55,$ 3314.46,100
3734,10:24:55,$ 3314.74,100
3735,10:24:39,$ 3315.79,100
3736,10:24:36,$ 3316.73,100
3738,10:24:36,$ 3316.09,100
3739,10:24:18,$ 3313.465,250
3740,10:24:12,$ 3312.51,100
3741,10:24:11,$ 3313.61,100
3742,10:24:09,$ 3314.56,100
3743,10:23:55,$ 3313.61,100
3744,10:23:52,$ 3314.66,182
3745,10:23:52,$ 3314.0012,100
3746,10:23:51,$ 3315.6788,274
3747,10:23:47,$ 3315.4429,200
3748,10:23:41,$ 3316.67,220
3749,10:23:41,$ 3315.4552,242
3750,10:23:40,$ 3316.315,100
3751,10:23:40,$ 3316.27,100
3752,10:23:38,$ 3316.01,200
3753,10:23:38,$ 3316.21,100
3754,10:23:31,$ 3317.97,100
3755,10:23:29,$ 3317.91,100
3756,10:23:29,$ 3317.81,100
3757,10:23:29,$ 3317.705,100
3759,10:23:24,$ 3317.86,100
3760,10:23:20,$ 3316.51,200
3761,10:23:17,$ 3315.7999,300
3762,10:23:15,$ 3316.28,400
3763,10:23:14,$ 3316.493,200
3764,10:23:12,$ 3316.445,100
3765,10:23:09,$ 3315.89,400
3766,10:23:02,$ 3315.00,100
3767,10:23:02,$ 3315.00,100
3768,10:23:02,$ 3313.9825,200
3769,10:23:00,$ 3314.02,100
3770,10:23:00,$ 3314.02,100
3771,10:22:58,$ 3314.00,100
3772,10:22:53,$ 3313.425,100
3773,10:22:53,$ 3313.465,100
3774,10:22:53,$ 3313.44,100
3775,10:22:51,$ 3312.88,100
3776,10:22:49,$ 3312.425,100
3777,10:22:49,$ 3312.68,100
3778,10:22:43,$ 3311.695,158
3780,10:22:39,$ 3311.8495,100
3781,10:22:38,$ 3312.2999,100
3782,10:22:37,$ 3311.77,100
3783,10:22:31,$ 3312.18,100
3784,10:22:24,$ 3312.2718,100
3785,10:22:23,$ 3312.00,100
3786,10:22:12,$ 3310.76,100
3787,10:22:11,$ 3310.60,100
3788,10:22:11,$ 3310.60,100
3789,10:21:48,$ 3308.89,100
3790,10:21:37,$ 3310.13,100
3791,10:21:36,$ 3310.25,100
3792,10:21:36,$ 3310.10,100
3793,10:21:31,$ 3309.80,100
3794,10:21:27,$ 3310.3337,100
3795,10:21:20,$ 3310.00,200
3796,10:21:14,$ 3310.00,100
3797,10:21:14,$ 3310.1088,300
3798,10:20:50,$ 3309.59,100
3799,10:20:48,$ 3309.115,100
3801,10:20:40,$ 3310.02,100
3802,10:20:40,$ 3310.31,100
3803,10:20:40,$ 3310.01,100
3804,10:20:40,$ 3310.01,100
3805,10:20:38,$ 3310.25,103
3806,10:20:38,$ 3310.25,109
3807,10:20:38,$ 3310.639,140
3808,10:20:35,$ 3310.905,100
3809,10:20:24,$ 3310.58,100
3810,10:20:23,$ 3311.01,100
3811,10:20:23,$ 3311.635,109
3812,10:20:20,$ 3311.88,100
3813,10:20:19,$ 3312.25,100
3814,10:20:19,$ 3313.47,100
3815,10:20:19,$ 3312.2401,300
3816,10:20:19,$ 3312.52,100
3817,10:20:18,$ 3312.29,100
3818,10:20:18,$ 3312.2801,900
3819,10:20:13,$ 3311.625,300
3820,10:20:12,$ 3311.8152,100
3822,10:20:07,$ 3310.21,100
3823,10:20:07,$ 3311.56,100
3824,10:20:07,$ 3311.63,100
3825,10:20:06,$ 3310.9994,100
3826,10:20:06,$ 3311.00,100
3827,10:20:02,$ 3310.93,100
3828,10:20:01,$ 3312.32,100
3829,10:20:00,$ 3312.48,100
3830,10:20:00,$ 3312.48,100
3831,10:20:00,$ 3312.26,100
3832,10:20:00,$ 3312.36,100
3833,10:20:00,$ 3312.4045,100
3834,10:19:59,$ 3312.28,100
3835,10:19:59,$ 3312.50,100
3836,10:19:59,$ 3312.54,100
3837,10:19:58,$ 3312.92,100
3838,10:19:58,$ 3313.05,100
3839,10:19:58,$ 3313.00,797
3840,10:19:58,$ 3313.00,124
3841,10:19:55,$ 3312.49,100
3843,10:19:55,$ 3312.36,100
3844,10:19:54,$ 3312.00,100
3845,10:19:54,$ 3311.6217,200
3846,10:19:52,$ 3310.44,100
3847,10:19:52,$ 3309.5401,100
3848,10:19:52,$ 3310.255,100
3849,10:19:49,$ 3310.3784,150
3850,10:19:48,$ 3309.81,100
3851,10:19:48,$ 3309.83,100
3852,10:19:48,$ 3309.32,110
3853,10:19:45,$ 3310.07,296
3854,10:19:45,$ 3309.41,100
3855,10:19:36,$ 3310.07,100
3856,10:19:36,$ 3310.07,100
3857,10:19:28,$ 3309.87,100
3858,10:19:28,$ 3308.86,100
3859,10:19:28,$ 3308.435,100
3860,10:19:27,$ 3308.40,100
3861,10:19:25,$ 3307.73,100
3862,10:19:21,$ 3308.00,100
3864,10:19:18,$ 3306.755,100
3865,10:19:08,$ 3305.965,100
3866,10:18:59,$ 3307.12,100
3867,10:18:56,$ 3306.92,100
3868,10:18:56,$ 3307.7399,100
3869,10:18:55,$ 3306.77,100
3870,10:18:55,$ 3306.84,100
3871,10:18:55,$ 3307.06,100
3872,10:18:55,$ 3307.32,100
3873,10:18:55,$ 3307.36,100
3874,10:18:55,$ 3307.00,100
3875,10:18:55,$ 3307.03,100
3876,10:18:54,$ 3307.46,129
3877,10:18:52,$ 3307.05,100
3878,10:18:49,$ 3306.60,100
3879,10:18:45,$ 3307.05,100
3880,10:18:45,$ 3306.8371,250
3881,10:18:44,$ 3307.44,100
3882,10:18:44,$ 3307.19,100
3883,10:18:44,$ 3307.195,100
3885,10:18:37,$ 3307.00,666
3886,10:18:35,$ 3307.4399,100
3887,10:18:30,$ 3305.38,100
3888,10:18:29,$ 3305.61,100
3889,10:18:29,$ 3305.41,100
3890,10:18:29,$ 3306.00,158
3891,10:18:29,$ 3305.62,100
3892,10:18:29,$ 3305.78,100
3893,10:18:29,$ 3304.835,100
3894,10:18:29,$ 3304.835,100
3895,10:18:28,$ 3304.55,350
3896,10:18:26,$ 3305.5781,300
3897,10:18:19,$ 3304.5067,120
3898,10:18:14,$ 3304.25,100
3899,10:18:12,$ 3304.27,100
3900,10:18:09,$ 3304.8411,400
3901,10:18:09,$ 3304.88,100
3902,10:18:09,$ 3304.26,100
3903,10:18:07,$ 3303.5844,100
3904,10:18:00,$ 3303.9043,150
3906,10:17:57,$ 3304.78,100
3907,10:17:57,$ 3304.63,100
3908,10:17:56,$ 3304.5271,100
3909,10:17:54,$ 3304.2264,219
3910,10:17:50,$ 3303.8116,150
3911,10:17:50,$ 3303.815,100
3912,10:17:48,$ 3304.485,100
3913,10:17:48,$ 3304.50,100
3914,10:17:47,$ 3304.00,100
3915,10:17:44,$ 3303.9966,200
3916,10:17:42,$ 3305.21,100
3917,10:17:42,$ 3305.78,124
3918,10:17:41,$ 3305.53,100
3919,10:17:41,$ 3305.54,100
3920,10:17:41,$ 3305.74,100
3921,10:17:41,$ 3304.87,100
3922,10:17:41,$ 3304.38,100
3923,10:17:41,$ 3304.38,100
3924,10:17:41,$ 3304.45,100
3925,10:17:41,$ 3303.6738,120
3927,10:17:35,$ 3304.0697,100
3928,10:17:29,$ 3303.361,100
3929,10:17:21,$ 3303.57,100
3930,10:17:17,$ 3304.68,100
3931,10:17:17,$ 3304.84,100
3932,10:17:17,$ 3304.85,100
3933,10:17:14,$ 3303.91,100
3934,10:17:07,$ 3303.44,100
3935,10:17:06,$ 3303.44,167
3936,10:17:02,$ 3304.11,100
3937,10:16:56,$ 3304.33,100
3938,10:16:56,$ 3304.33,100
3939,10:16:49,$ 3304.21,150
3940,10:16:45,$ 3304.21,100
3941,10:16:45,$ 3304.20,100
3942,10:16:40,$ 3304.24,100
3943,10:16:36,$ 3304.83,100
3944,10:16:36,$ 3304.85,100
3945,10:16:36,$ 3304.86,100
