,NLS Time (ET),NLS Price,NLS Share Volume
1,09:59:56,$ 3416.5359,170
2,09:59:45,$ 3415.69,100
3,09:59:40,$ 3414.94,100
4,09:59:39,$ 3414.94,179
5,09:59:38,$ 3415.0004,100
6,09:59:38,$ 3415.40,100
7,09:59:38,$ 3415.48,100
8,09:59:38,$ 3415.538,100
9,09:59:30,$ 3416.66,100
10,09:59:30,$ 3416.66,100
11,09:59:26,$ 3417.25,200
12,09:59:25,$ 3416.68,100
13,09:59:19,$ 3415.77,131
14,09:59:14,$ 3415.76,400
15,09:59:14,$ 3415.76,200
16,09:59:08,$ 3416.39,100
17,09:59:04,$ 3416.00,100
18,09:59:04,$ 3416.00,262
19,09:59:04,$ 3416.00,100
20,09:58:57,$ 3416.66,400
22,09:58:55,$ 3416.65,100
23,09:58:54,$ 3417.675,100
24,09:58:41,$ 3416.33,100
25,09:58:41,$ 3416.21,100
26,09:58:41,$ 3416.32,100
27,09:58:35,$ 3415.12,100
28,09:58:32,$ 3414.50,100
29,09:58:32,$ 3415.00,100
30,09:58:32,$ 3415.00,100
31,09:58:32,$ 3415.00,100
32,09:58:31,$ 3415.03,100
33,09:58:27,$ 3417.74,100
34,09:58:15,$ 3417.545,150
35,09:58:09,$ 3419.65,289
36,09:58:09,$ 3419.65,372
37,09:58:03,$ 3419.09,100
38,09:58:02,$ 3420.07,100
39,09:58:01,$ 3420.07,500
40,09:58:00,$ 3420.545,200
41,09:57:55,$ 3418.945,"1,000"
43,09:57:50,$ 3418.98,100
44,09:57:49,$ 3418.28,100
45,09:57:48,$ 3419.11,500
46,09:57:47,$ 3418.32,100
47,09:57:46,$ 3419.145,100
48,09:57:32,$ 3416.53,100
49,09:57:17,$ 3415.365,100
50,09:57:17,$ 3415.42,100
51,09:57:17,$ 3415.38,100
52,09:57:09,$ 3416.14,"1,000"
53,09:57:08,$ 3415.20,100
54,09:57:08,$ 3415.60,100
55,09:56:41,$ 3417.49,100
56,09:56:39,$ 3417.54,175
57,09:56:39,$ 3415.60,100
58,09:56:39,$ 3415.37,100
59,09:56:39,$ 3415.62,100
60,09:56:38,$ 3414.825,100
61,09:56:38,$ 3414.14,100
62,09:56:35,$ 3416.06,100
64,09:56:24,$ 3413.0794,"1,000"
65,09:56:17,$ 3413.03,100
66,09:56:09,$ 3413.18,100
67,09:56:07,$ 3414.00,100
68,09:56:04,$ 3413.58,100
69,09:56:04,$ 3413.64,100
70,09:56:04,$ 3413.62,100
71,09:55:54,$ 3414.00,300
72,09:55:37,$ 3414.515,500
73,09:55:34,$ 3414.96,500
74,09:55:27,$ 3411.965,100
75,09:55:24,$ 3412.24,100
76,09:55:17,$ 3414.845,200
77,09:55:17,$ 3413.84,250
78,09:55:14,$ 3412.6701,100
79,09:55:03,$ 3414.47,100
80,09:55:03,$ 3415.3406,300
81,09:55:01,$ 3415.17,100
82,09:55:01,$ 3412.855,100
83,09:54:55,$ 3415.79,100
85,09:54:50,$ 3417.106,100
86,09:54:49,$ 3417.345,200
87,09:54:49,$ 3417.04,195
88,09:54:47,$ 3418.775,100
89,09:54:47,$ 3418.7667,120
90,09:54:32,$ 3419.6001,200
91,09:54:32,$ 3420.262,100
92,09:54:32,$ 3421.02,100
93,09:54:32,$ 3420.42,100
94,09:54:32,$ 3420.00,201
95,09:54:32,$ 3419.96,100
96,09:54:32,$ 3420.00,310
97,09:54:32,$ 3420.00,101
98,09:54:32,$ 3420.35,100
99,09:54:32,$ 3420.22,100
100,09:54:32,$ 3420.28,100
101,09:54:23,$ 3421.085,100
102,09:54:21,$ 3421.545,100
103,09:54:21,$ 3420.90,100
104,09:54:21,$ 3420.90,100
106,09:54:12,$ 3422.145,200
107,09:54:09,$ 3422.00,100
108,09:54:02,$ 3423.42,100
109,09:53:57,$ 3424.3601,150
110,09:53:56,$ 3425.3345,156
111,09:53:56,$ 3425.459,100
112,09:53:56,$ 3425.518,100
113,09:53:56,$ 3425.518,100
114,09:53:56,$ 3425.02,100
115,09:53:56,$ 3424.95,100
116,09:53:56,$ 3425.00,100
117,09:53:47,$ 3427.41,100
118,09:53:47,$ 3427.32,100
119,09:53:41,$ 3423.395,100
120,09:53:39,$ 3421.70,100
121,09:53:37,$ 3423.25,100
122,09:53:37,$ 3423.20,100
123,09:53:37,$ 3422.625,100
124,09:53:34,$ 3422.66,100
125,09:53:34,$ 3422.7099,500
127,09:53:34,$ 3422.66,100
128,09:53:32,$ 3420.31,100
129,09:53:31,$ 3420.94,100
130,09:53:30,$ 3419.42,100
131,09:53:30,$ 3419.41,100
132,09:53:30,$ 3419.49,100
133,09:53:30,$ 3419.50,100
134,09:53:30,$ 3420.00,323
135,09:53:29,$ 3418.73,100
136,09:53:29,$ 3418.16,100
137,09:53:29,$ 3418.07,100
138,09:53:28,$ 3418.5938,150
139,09:53:16,$ 3418.99,100
140,09:53:14,$ 3419.40,100
141,09:53:09,$ 3418.20,100
142,09:53:08,$ 3417.64,130
143,09:53:04,$ 3418.18,100
144,09:53:01,$ 3418.6503,500
145,09:53:01,$ 3419.68,100
146,09:53:00,$ 3419.53,100
148,09:53:00,$ 3419.56,100
149,09:52:56,$ 3420.095,500
150,09:52:48,$ 3420.23,100
151,09:52:48,$ 3419.62,100
152,09:52:42,$ 3420.595,100
153,09:52:41,$ 3421.71,100
154,09:52:41,$ 3420.00,396
155,09:52:18,$ 3418.4994,100
156,09:52:18,$ 3418.07,100
157,09:52:02,$ 3422.3068,100
158,09:51:59,$ 3421.3634,150
159,09:51:59,$ 3421.92,100
160,09:51:58,$ 3421.845,100
161,09:51:58,$ 3423.70,100
162,09:51:52,$ 3424.90,150
163,09:51:48,$ 3424.34,100
164,09:51:42,$ 3425.005,100
165,09:51:41,$ 3425.017,344
166,09:51:41,$ 3425.017,102
167,09:51:41,$ 3425.60,100
169,09:51:41,$ 3425.01,100
170,09:51:40,$ 3424.48,100
171,09:51:39,$ 3423.60,100
172,09:51:39,$ 3423.64,100
173,09:51:39,$ 3423.59,100
174,09:51:39,$ 3421.93,"1,000"
175,09:51:34,$ 3423.56,100
176,09:51:28,$ 3421.70,400
177,09:51:28,$ 3423.3628,125
178,09:51:25,$ 3423.64,100
179,09:51:25,$ 3422.475,100
180,09:51:25,$ 3423.00,400
181,09:51:25,$ 3423.00,100
182,09:51:25,$ 3422.72,100
183,09:51:20,$ 3420.939,100
184,09:51:11,$ 3420.26,500
185,09:51:07,$ 3420.185,100
186,09:51:04,$ 3419.3101,300
187,09:51:03,$ 3420.7337,100
188,09:51:03,$ 3420.245,100
190,09:51:02,$ 3420.64,100
191,09:51:02,$ 3421.02,100
192,09:50:59,$ 3423.35,100
193,09:50:59,$ 3422.905,100
194,09:50:51,$ 3422.005,116
195,09:50:47,$ 3422.945,100
196,09:50:36,$ 3422.24,146
197,09:50:33,$ 3425.43,100
198,09:50:29,$ 3424.25,100
199,09:50:28,$ 3425.00,500
200,09:50:27,$ 3424.595,250
201,09:50:26,$ 3425.70,100
202,09:50:24,$ 3427.20,250
203,09:50:22,$ 3426.4082,250
204,09:50:16,$ 3426.5357,250
205,09:50:15,$ 3427.60,100
206,09:50:14,$ 3426.5709,250
207,09:50:14,$ 3427.32,100
208,09:50:12,$ 3425.789,100
209,09:50:09,$ 3424.44,125
211,09:50:07,$ 3423.47,100
212,09:50:07,$ 3423.38,100
213,09:50:07,$ 3423.25,100
214,09:50:05,$ 3425.00,250
215,09:50:01,$ 3425.9708,500
216,09:50:01,$ 3426.04,100
217,09:50:00,$ 3426.13,474
218,09:50:00,$ 3425.07,100
219,09:50:00,$ 3425.58,100
220,09:50:00,$ 3425.59,100
221,09:49:58,$ 3425.33,100
222,09:49:56,$ 3426.31,100
223,09:49:54,$ 3426.10,100
224,09:49:52,$ 3425.73,100
225,09:49:51,$ 3425.33,100
226,09:49:51,$ 3425.66,100
227,09:49:51,$ 3425.68,100
228,09:49:51,$ 3425.68,100
229,09:49:51,$ 3425.33,100
230,09:49:49,$ 3425.04,500
232,09:49:47,$ 3424.76,100
233,09:49:37,$ 3421.85,100
234,09:49:33,$ 3423.3001,100
235,09:49:32,$ 3424.115,100
236,09:49:30,$ 3423.295,100
237,09:49:23,$ 3421.56,138
238,09:49:22,$ 3423.10,100
239,09:49:09,$ 3421.39,100
240,09:49:04,$ 3423.305,"1,000"
241,09:49:03,$ 3422.705,100
242,09:48:57,$ 3423.57,100
243,09:48:50,$ 3422.53,100
244,09:48:50,$ 3422.52,100
245,09:48:48,$ 3423.405,100
246,09:48:47,$ 3422.78,100
247,09:48:40,$ 3421.5558,100
248,09:48:38,$ 3422.255,"1,000"
249,09:48:36,$ 3421.5066,100
250,09:48:32,$ 3420.99,100
251,09:48:29,$ 3421.6899,100
253,09:48:12,$ 3418.62,100
254,09:48:12,$ 3418.61,100
255,09:48:08,$ 3419.50,152
256,09:48:08,$ 3418.87,100
257,09:48:08,$ 3418.89,100
258,09:48:05,$ 3417.765,100
259,09:48:03,$ 3418.85,100
260,09:48:00,$ 3417.13,100
261,09:47:56,$ 3417.02,157
262,09:47:54,$ 3419.55,100
263,09:47:50,$ 3418.845,100
264,09:47:45,$ 3418.48,100
265,09:47:41,$ 3419.72,100
266,09:47:41,$ 3418.67,100
267,09:47:39,$ 3418.59,100
268,09:47:39,$ 3417.90,100
269,09:47:35,$ 3419.18,100
270,09:47:31,$ 3418.60,100
271,09:47:29,$ 3419.45,100
272,09:47:28,$ 3418.45,100
274,09:47:27,$ 3417.73,100
275,09:47:25,$ 3416.87,100
276,09:47:21,$ 3416.90,174
277,09:47:21,$ 3417.0101,100
278,09:47:21,$ 3417.695,100
279,09:47:19,$ 3415.82,102
280,09:47:18,$ 3418.2899,100
281,09:47:17,$ 3415.91,100
282,09:47:16,$ 3417.9159,100
283,09:47:14,$ 3418.03,100
284,09:47:14,$ 3417.299,200
285,09:47:11,$ 3418.277,100
286,09:47:11,$ 3416.415,100
287,09:47:02,$ 3413.51,100
288,09:46:58,$ 3415.01,100
289,09:46:51,$ 3416.15,100
290,09:46:51,$ 3417.05,100
291,09:46:51,$ 3417.00,100
292,09:46:51,$ 3417.38,400
293,09:46:51,$ 3417.43,100
295,09:46:49,$ 3417.38,100
296,09:46:46,$ 3417.43,106
297,09:46:46,$ 3417.43,100
298,09:46:46,$ 3415.8855,200
299,09:46:44,$ 3414.17,100
300,09:46:44,$ 3414.06,100
301,09:46:44,$ 3413.92,100
302,09:46:43,$ 3417.4299,200
303,09:46:43,$ 3417.4299,300
304,09:46:40,$ 3416.555,100
305,09:46:35,$ 3417.04,100
306,09:46:35,$ 3416.68,100
307,09:46:35,$ 3417.67,229
308,09:46:34,$ 3415.65,100
309,09:46:34,$ 3415.62,100
310,09:46:34,$ 3415.60,100
311,09:46:34,$ 3415.62,100
312,09:46:34,$ 3415.61,100
313,09:46:34,$ 3415.65,100
314,09:46:34,$ 3415.68,100
316,09:46:34,$ 3415.69,100
317,09:46:34,$ 3415.70,100
318,09:46:34,$ 3416.39,100
319,09:46:33,$ 3413.4401,100
320,09:46:32,$ 3414.62,100
321,09:46:32,$ 3414.44,100
322,09:46:32,$ 3414.66,100
323,09:46:32,$ 3414.71,100
324,09:46:29,$ 3413.23,100
325,09:46:26,$ 3414.15,100
326,09:46:26,$ 3414.20,100
327,09:46:20,$ 3411.34,100
328,09:46:20,$ 3412.00,193
329,09:46:20,$ 3412.00,100
330,09:46:15,$ 3408.6395,118
331,09:46:12,$ 3408.985,100
332,09:46:03,$ 3408.88,100
333,09:46:03,$ 3408.88,100
334,09:46:01,$ 3408.30,100
335,09:46:00,$ 3408.30,200
337,09:46:00,$ 3408.00,"1,000"
338,09:45:56,$ 3405.99,100
339,09:45:52,$ 3406.015,100
340,09:45:47,$ 3404.445,100
341,09:45:46,$ 3404.49,100
342,09:45:42,$ 3405.41,100
343,09:45:41,$ 3406.28,100
344,09:45:41,$ 3406.26,100
345,09:45:41,$ 3406.239,100
346,09:45:41,$ 3406.239,100
347,09:45:40,$ 3406.15,100
348,09:45:40,$ 3406.00,100
349,09:45:40,$ 3406.15,100
350,09:45:40,$ 3406.19,100
351,09:45:36,$ 3406.32,100
352,09:45:32,$ 3405.72,100
353,09:45:14,$ 3405.375,100
354,09:45:05,$ 3403.55,100
355,09:45:05,$ 3403.51,101
356,09:45:00,$ 3403.7124,300
358,09:45:00,$ 3403.62,100
359,09:45:00,$ 3403.47,100
360,09:44:59,$ 3404.22,100
361,09:44:52,$ 3405.87,100
362,09:44:47,$ 3406.65,100
363,09:44:46,$ 3405.87,100
364,09:44:44,$ 3405.965,140
365,09:44:43,$ 3406.42,100
366,09:44:43,$ 3406.40,100
367,09:44:43,$ 3406.32,100
368,09:44:43,$ 3406.22,100
369,09:44:43,$ 3406.22,100
370,09:44:39,$ 3406.97,200
371,09:44:38,$ 3407.65,100
372,09:44:35,$ 3408.55,100
373,09:44:31,$ 3407.29,100
374,09:44:26,$ 3407.80,125
375,09:44:19,$ 3407.00,100
376,09:44:12,$ 3407.4899,100
377,09:44:12,$ 3407.4899,300
379,09:44:10,$ 3406.70,100
380,09:44:10,$ 3406.70,100
381,09:44:10,$ 3406.70,100
382,09:44:08,$ 3405.31,100
383,09:44:07,$ 3404.33,100
384,09:44:07,$ 3404.33,100
385,09:44:05,$ 3404.68,109
386,09:43:57,$ 3405.68,100
387,09:43:57,$ 3405.68,100
388,09:43:57,$ 3405.6801,300
389,09:43:55,$ 3405.85,100
390,09:43:51,$ 3404.93,100
391,09:43:51,$ 3405.84,100
392,09:43:49,$ 3405.20,100
393,09:43:47,$ 3405.00,100
394,09:43:47,$ 3404.96,100
395,09:43:45,$ 3404.72,100
396,09:43:41,$ 3403.70,125
397,09:43:41,$ 3403.70,110
398,09:43:41,$ 3403.70,100
400,09:43:37,$ 3403.70,100
401,09:43:31,$ 3401.7875,100
402,09:43:31,$ 3401.83,100
403,09:43:31,$ 3401.77,100
404,09:43:31,$ 3401.84,100
405,09:43:31,$ 3401.77,100
406,09:43:28,$ 3401.137,500
407,09:43:25,$ 3400.54,100
408,09:43:22,$ 3399.95,100
409,09:43:21,$ 3400.5984,250
410,09:43:20,$ 3401.00,100
411,09:43:18,$ 3399.935,100
412,09:43:08,$ 3398.68,100
413,09:43:05,$ 3398.847,115
414,09:43:03,$ 3399.626,351
415,09:42:41,$ 3399.93,100
416,09:42:39,$ 3398.8989,300
417,09:42:31,$ 3400.00,100
418,09:42:31,$ 3400.04,100
419,09:42:30,$ 3398.58,100
421,09:42:20,$ 3398.80,100
422,09:42:15,$ 3399.97,100
423,09:42:05,$ 3399.98,100
424,09:42:03,$ 3400.31,400
425,09:42:03,$ 3400.27,100
426,09:41:59,$ 3401.5505,100
427,09:41:53,$ 3401.09,100
428,09:41:45,$ 3401.49,100
429,09:41:45,$ 3401.52,100
430,09:41:44,$ 3401.46,100
431,09:41:38,$ 3400.14,100
432,09:41:36,$ 3401.2566,200
433,09:41:31,$ 3399.8699,100
434,09:41:22,$ 3398.90,100
435,09:41:05,$ 3397.80,100
436,09:41:00,$ 3397.20,100
437,09:41:00,$ 3397.20,100
438,09:41:00,$ 3397.20,100
439,09:41:00,$ 3397.20,100
440,09:40:59,$ 3397.20,110
442,09:40:59,$ 3397.20,106
443,09:40:59,$ 3397.20,110
444,09:40:59,$ 3398.02,100
445,09:40:56,$ 3398.1249,116
446,09:40:52,$ 3398.1741,100
447,09:40:52,$ 3398.42,100
448,09:40:47,$ 3399.40,100
449,09:40:47,$ 3399.745,100
450,09:40:38,$ 3400.82,100
451,09:40:37,$ 3400.86,100
452,09:40:31,$ 3399.80,100
453,09:40:31,$ 3399.84,350
454,09:40:28,$ 3398.68,118
455,09:40:23,$ 3400.36,100
456,09:40:15,$ 3397.995,100
457,09:40:14,$ 3398.54,100
458,09:40:13,$ 3397.91,110
459,09:40:10,$ 3399.545,100
460,09:40:10,$ 3399.545,100
461,09:40:09,$ 3397.84,100
463,09:40:09,$ 3399.1487,657
464,09:40:04,$ 3398.35,100
465,09:40:04,$ 3398.35,100
466,09:40:03,$ 3398.31,100
467,09:40:02,$ 3397.29,100
468,09:40:01,$ 3395.615,100
469,09:40:01,$ 3395.60,100
470,09:40:01,$ 3395.59,200
471,09:40:01,$ 3395.615,100
472,09:40:01,$ 3397.56,100
473,09:40:01,$ 3398.70,100
474,09:40:00,$ 3399.59,100
475,09:39:58,$ 3400.00,100
476,09:39:57,$ 3402.64,100
477,09:39:54,$ 3402.00,100
478,09:39:54,$ 3402.00,100
479,09:39:48,$ 3402.37,100
480,09:39:46,$ 3402.66,100
481,09:39:42,$ 3403.03,100
482,09:39:42,$ 3402.50,300
484,09:39:42,$ 3402.53,100
485,09:39:34,$ 3401.04,100
486,09:39:31,$ 3400.20,100
487,09:39:29,$ 3401.525,100
488,09:39:22,$ 3400.275,100
489,09:39:22,$ 3400.30,100
490,09:39:20,$ 3400.277,500
491,09:39:12,$ 3401.92,100
492,09:39:12,$ 3401.00,100
493,09:39:11,$ 3401.94,100
494,09:39:06,$ 3398.5287,200
495,09:39:03,$ 3400.02,100
496,09:39:03,$ 3400.01,100
497,09:39:03,$ 3399.82,100
498,09:39:03,$ 3399.62,100
499,09:39:03,$ 3399.61,100
500,09:39:01,$ 3401.41,100
501,09:39:01,$ 3401.41,100
502,09:39:01,$ 3401.41,100
503,09:39:00,$ 3400.48,100
505,09:39:00,$ 3400.59,100
506,09:39:00,$ 3399.9307,100
507,09:38:58,$ 3399.31,100
508,09:38:58,$ 3401.00,200
509,09:38:58,$ 3401.33,100
510,09:38:58,$ 3402.05,100
511,09:38:58,$ 3402.99,100
512,09:38:56,$ 3403.6928,100
513,09:38:46,$ 3402.805,100
514,09:38:42,$ 3405.13,100
515,09:38:38,$ 3403.015,100
516,09:38:37,$ 3400.91,400
517,09:38:29,$ 3400.605,100
518,09:38:26,$ 3400.46,100
519,09:38:25,$ 3397.64,100
520,09:38:25,$ 3399.52,100
521,09:38:25,$ 3398.6883,124
522,09:38:25,$ 3400.00,500
523,09:38:25,$ 3400.00,100
524,09:38:25,$ 3400.00,165
526,09:38:25,$ 3400.00,100
527,09:38:25,$ 3400.00,113
528,09:38:25,$ 3400.00,300
529,09:38:25,$ 3400.31,100
530,09:38:25,$ 3400.28,100
531,09:38:24,$ 3401.71,100
532,09:38:23,$ 3400.8834,150
533,09:38:22,$ 3401.38,100
534,09:38:22,$ 3402.27,100
535,09:38:19,$ 3401.66,100
536,09:38:18,$ 3402.90,100
537,09:38:18,$ 3402.80,100
538,09:38:17,$ 3402.175,400
539,09:38:16,$ 3402.76,100
540,09:38:16,$ 3402.72,100
541,09:38:14,$ 3403.605,100
542,09:38:14,$ 3403.78,100
543,09:38:14,$ 3403.76,100
544,09:38:14,$ 3403.67,100
545,09:38:11,$ 3403.80,100
547,09:38:08,$ 3403.04,100
548,09:38:08,$ 3403.04,300
549,09:38:06,$ 3402.59,100
550,09:38:01,$ 3402.71,117
551,09:38:01,$ 3402.31,100
552,09:38:01,$ 3401.96,100
553,09:38:01,$ 3403.36,100
554,09:38:00,$ 3404.00,100
555,09:37:58,$ 3405.30,110
556,09:37:58,$ 3405.30,106
557,09:37:58,$ 3405.30,110
558,09:37:55,$ 3405.53,100
559,09:37:50,$ 3407.28,100
560,09:37:49,$ 3407.25,100
561,09:37:48,$ 3406.82,100
562,09:37:46,$ 3407.26,100
563,09:37:46,$ 3407.23,100
564,09:37:42,$ 3405.77,100
565,09:37:42,$ 3405.78,100
566,09:37:31,$ 3404.37,115
568,09:37:31,$ 3405.24,100
569,09:37:30,$ 3406.20,100
570,09:37:30,$ 3405.89,100
571,09:37:30,$ 3406.35,100
572,09:37:30,$ 3406.22,100
573,09:37:30,$ 3406.01,100
574,09:37:30,$ 3407.43,100
575,09:37:21,$ 3407.24,100
576,09:37:21,$ 3406.76,100
577,09:37:18,$ 3407.06,100
578,09:37:16,$ 3407.2453,140
579,09:37:15,$ 3406.77,100
580,09:37:12,$ 3408.86,698
581,09:37:12,$ 3408.87,100
582,09:37:12,$ 3408.91,100
583,09:37:10,$ 3407.2999,100
584,09:37:10,$ 3407.26,100
585,09:37:08,$ 3407.60,100
586,09:37:06,$ 3408.18,100
587,09:37:05,$ 3408.84,100
589,09:37:05,$ 3407.47,100
590,09:37:01,$ 3406.82,100
591,09:37:01,$ 3406.82,100
592,09:37:00,$ 3407.30,100
593,09:36:59,$ 3407.712,"1,950"
594,09:36:57,$ 3407.23,100
595,09:36:57,$ 3405.93,100
596,09:36:57,$ 3405.93,100
597,09:36:52,$ 3405.55,100
598,09:36:49,$ 3405.03,100
599,09:36:48,$ 3405.00,100
600,09:36:39,$ 3404.87,150
601,09:36:37,$ 3404.0001,400
602,09:36:24,$ 3406.62,200
603,09:36:22,$ 3407.01,100
604,09:36:20,$ 3406.1827,200
605,09:36:18,$ 3405.08,100
606,09:36:11,$ 3405.41,100
607,09:36:11,$ 3405.44,100
608,09:36:08,$ 3404.72,100
610,09:36:08,$ 3405.4396,100
611,09:36:08,$ 3404.69,100
612,09:36:07,$ 3404.70,241
613,09:36:04,$ 3404.34,100
614,09:36:04,$ 3404.35,100
615,09:36:01,$ 3404.65,100
616,09:35:57,$ 3406.105,100
617,09:35:57,$ 3405.44,100
618,09:35:52,$ 3406.36,100
619,09:35:52,$ 3407.28,100
620,09:35:52,$ 3407.254,100
621,09:35:52,$ 3407.04,100
622,09:35:45,$ 3406.3831,100
623,09:35:39,$ 3404.76,100
624,09:35:39,$ 3404.76,100
625,09:35:39,$ 3404.78,100
626,09:35:38,$ 3404.29,100
627,09:35:37,$ 3403.84,100
628,09:35:36,$ 3403.379,200
629,09:35:36,$ 3402.9827,250
631,09:35:36,$ 3403.38,300
632,09:35:32,$ 3406.9699,100
633,09:35:29,$ 3405.55,100
634,09:35:29,$ 3406.23,300
635,09:35:24,$ 3407.205,100
636,09:35:22,$ 3407.23,100
637,09:35:16,$ 3407.63,100
638,09:35:15,$ 3408.815,100
639,09:35:14,$ 3408.7206,200
640,09:35:13,$ 3407.115,100
641,09:35:12,$ 3407.28,100
642,09:35:12,$ 3407.28,100
643,09:35:12,$ 3406.57,150
644,09:35:08,$ 3406.575,150
645,09:35:08,$ 3406.30,105
646,09:35:00,$ 3408.01,100
647,09:35:00,$ 3409.4599,100
648,09:34:58,$ 3411.115,100
649,09:34:58,$ 3410.52,100
650,09:34:57,$ 3411.12,100
652,09:34:51,$ 3416.677,"2,122"
653,09:34:51,$ 3416.677,304
654,09:34:51,$ 3414.99,100
655,09:34:51,$ 3414.30,100
656,09:34:50,$ 3414.09,100
657,09:34:50,$ 3413.99,100
658,09:34:50,$ 3413.10,100
659,09:34:50,$ 3413.99,100
660,09:34:50,$ 3413.79,100
661,09:34:50,$ 3413.96,100
662,09:34:50,$ 3412.24,100
663,09:34:50,$ 3412.24,100
664,09:34:50,$ 3412.25,139
665,09:34:50,$ 3412.24,100
666,09:34:48,$ 3411.90,100
667,09:34:47,$ 3411.075,100
668,09:34:45,$ 3410.9234,120
669,09:34:43,$ 3410.78,100
670,09:34:41,$ 3411.81,100
671,09:34:36,$ 3409.8007,200
673,09:34:35,$ 3410.59,100
674,09:34:31,$ 3408.91,200
675,09:34:30,$ 3408.93,100
676,09:34:30,$ 3408.73,100
677,09:34:23,$ 3408.20,100
678,09:34:22,$ 3406.96,100
679,09:34:15,$ 3405.30,100
680,09:34:14,$ 3406.03,100
681,09:34:12,$ 3407.60,100
682,09:34:12,$ 3407.63,100
683,09:34:12,$ 3407.68,113
684,09:34:11,$ 3407.3725,400
685,09:34:11,$ 3407.63,100
686,09:34:10,$ 3408.28,100
687,09:34:10,$ 3406.99,100
688,09:34:06,$ 3407.44,110
689,09:34:06,$ 3408.20,100
690,09:34:06,$ 3407.16,100
691,09:34:05,$ 3406.725,"1,000"
692,09:34:04,$ 3407.33,100
694,09:34:03,$ 3407.96,100
695,09:34:03,$ 3407.32,100
696,09:34:03,$ 3408.01,100
697,09:34:03,$ 3408.09,100
698,09:34:03,$ 3409.0282,123
699,09:34:02,$ 3408.64,100
700,09:34:02,$ 3409.06,100
701,09:34:02,$ 3410.00,100
702,09:34:02,$ 3410.00,100
703,09:34:02,$ 3410.25,100
704,09:34:02,$ 3410.62,192
705,09:34:02,$ 3411.305,100
706,09:34:01,$ 3411.30,106
707,09:34:01,$ 3411.30,106
708,09:33:41,$ 3415.77,100
709,09:33:38,$ 3414.46,100
710,09:33:38,$ 3413.995,194
711,09:33:35,$ 3415.14,169
712,09:33:35,$ 3415.00,160
713,09:33:35,$ 3415.00,313
715,09:33:30,$ 3415.17,100
716,09:33:28,$ 3416.06,100
717,09:33:27,$ 3416.21,100
718,09:33:27,$ 3416.455,100
719,09:33:21,$ 3416.525,100
720,09:33:20,$ 3416.84,100
721,09:33:20,$ 3416.84,100
722,09:33:20,$ 3416.85,100
723,09:33:18,$ 3415.99,100
724,09:33:18,$ 3415.99,100
725,09:33:18,$ 3415.995,100
726,09:33:18,$ 3416.535,100
727,09:33:05,$ 3418.97,281
728,09:33:05,$ 3418.80,100
729,09:33:01,$ 3419.89,100
730,09:33:01,$ 3419.89,100
731,09:32:59,$ 3420.00,100
732,09:32:58,$ 3419.99,100
733,09:32:58,$ 3421.00,100
734,09:32:57,$ 3422.12,100
736,09:32:54,$ 3421.865,100
737,09:32:51,$ 3422.20,100
738,09:32:49,$ 3421.77,100
739,09:32:49,$ 3422.11,100
740,09:32:49,$ 3422.10,"3,317"
741,09:32:49,$ 3422.11,200
742,09:32:49,$ 3422.11,100
743,09:32:49,$ 3422.11,200
744,09:32:49,$ 3422.1098,100
745,09:32:48,$ 3422.11,100
746,09:32:48,$ 3421.41,100
747,09:32:48,$ 3422.12,100
748,09:32:47,$ 3422.30,100
749,09:32:47,$ 3421.54,100
750,09:32:47,$ 3421.53,192
751,09:32:47,$ 3421.9581,100
752,09:32:42,$ 3424.1166,100
753,09:32:42,$ 3424.2266,335
754,09:32:42,$ 3424.0966,100
755,09:32:42,$ 3424.56,335
757,09:32:42,$ 3424.43,100
758,09:32:42,$ 3424.45,100
759,09:32:42,$ 3424.42,100
760,09:32:42,$ 3422.92,100
761,09:32:42,$ 3422.62,100
762,09:32:41,$ 3420.60,100
763,09:32:37,$ 3420.56,100
764,09:32:35,$ 3424.73,100
765,09:32:34,$ 3419.85,100
766,09:32:33,$ 3418.30,100
767,09:32:29,$ 3419.11,100
768,09:32:29,$ 3418.36,100
769,09:32:26,$ 3418.33,100
770,09:32:26,$ 3418.30,400
771,09:32:26,$ 3418.23,100
772,09:32:26,$ 3418.28,100
773,09:32:25,$ 3418.09,100
774,09:32:24,$ 3418.135,100
775,09:32:23,$ 3417.94,100
776,09:32:23,$ 3417.95,100
778,09:32:23,$ 3417.95,100
779,09:32:17,$ 3416.33,100
780,09:32:16,$ 3415.82,100
781,09:32:12,$ 3416.255,200
782,09:32:05,$ 3417.24,100
783,09:32:05,$ 3417.25,100
784,09:32:03,$ 3417.2399,200
785,09:32:03,$ 3415.01,111
786,09:31:59,$ 3417.225,100
787,09:31:56,$ 3417.77,363
788,09:31:54,$ 3419.622,100
789,09:31:54,$ 3418.335,500
790,09:31:54,$ 3419.639,250
791,09:31:54,$ 3419.62,100
792,09:31:53,$ 3418.35,200
793,09:31:51,$ 3419.05,100
794,09:31:51,$ 3418.93,100
795,09:31:49,$ 3418.295,100
796,09:31:49,$ 3417.69,100
797,09:31:49,$ 3417.69,100
799,09:31:46,$ 3419.13,100
800,09:31:46,$ 3419.13,100
801,09:31:46,$ 3419.01,100
802,09:31:41,$ 3417.80,106
803,09:31:41,$ 3417.80,110
804,09:31:41,$ 3417.80,106
805,09:31:41,$ 3417.80,110
806,09:31:40,$ 3415.58,100
807,09:31:40,$ 3415.77,100
808,09:31:40,$ 3415.27,106
809,09:31:40,$ 3415.27,106
810,09:31:40,$ 3415.27,106
811,09:31:38,$ 3417.00,102
812,09:31:37,$ 3417.89,100
813,09:31:37,$ 3418.10,100
814,09:31:37,$ 3417.72,104
815,09:31:36,$ 3419.87,100
816,09:31:36,$ 3419.87,100
817,09:31:34,$ 3418.50,197
818,09:31:34,$ 3418.72,131
820,09:31:32,$ 3420.35,100
821,09:31:32,$ 3420.35,100
822,09:31:31,$ 3420.72,200
823,09:31:31,$ 3421.57,203
824,09:31:31,$ 3421.57,100
825,09:31:24,$ 3422.50,100
826,09:31:24,$ 3423.19,100
827,09:31:24,$ 3423.19,100
828,09:31:24,$ 3423.16,100
829,09:31:24,$ 3423.16,100
830,09:31:23,$ 3423.10,100
831,09:31:23,$ 3422.73,100
832,09:31:23,$ 3422.72,113
833,09:31:20,$ 3425.41,100
834,09:31:17,$ 3425.00,200
835,09:31:17,$ 3424.72,151
836,09:31:17,$ 3425.00,223
837,09:31:13,$ 3425.28,100
838,09:31:10,$ 3425.48,200
839,09:31:10,$ 3425.49,200
841,09:31:08,$ 3426.22,100
842,09:31:07,$ 3425.765,100
843,09:31:07,$ 3426.875,150
844,09:31:03,$ 3427.15,100
845,09:31:02,$ 3425.9845,100
846,09:30:59,$ 3425.77,100
847,09:30:59,$ 3430.89,304
848,09:30:59,$ 3430.89,"2,135"
849,09:30:59,$ 3430.89,116
850,09:30:59,$ 3430.91,100
851,09:30:59,$ 3430.65,100
852,09:30:59,$ 3428.57,146
853,09:30:59,$ 3428.44,100
854,09:30:59,$ 3428.44,100
855,09:30:59,$ 3428.40,100
856,09:30:59,$ 3427.80,100
857,09:30:59,$ 3427.82,100
858,09:30:59,$ 3428.38,100
859,09:30:59,$ 3428.41,100
860,09:30:58,$ 3426.87,100
862,09:30:58,$ 3427.00,100
863,09:30:58,$ 3426.61,100
864,09:30:58,$ 3424.73,100
865,09:30:58,$ 3426.24,100
866,09:30:57,$ 3427.10,100
867,09:30:54,$ 3427.625,"2,000"
868,09:30:50,$ 3428.72,100
869,09:30:49,$ 3426.96,100
870,09:30:49,$ 3427.53,100
871,09:30:47,$ 3430.34,100
872,09:30:45,$ 3429.25,100
873,09:30:44,$ 3429.16,100
874,09:30:42,$ 3428.61,100
875,09:30:42,$ 3427.895,100
876,09:30:42,$ 3428.61,150
877,09:30:42,$ 3428.65,100
878,09:30:42,$ 3428.60,110
879,09:30:42,$ 3428.08,100
880,09:30:41,$ 3428.97,100
881,09:30:38,$ 3428.45,100
883,09:30:37,$ 3430.00,100
884,09:30:36,$ 3430.20,100
885,09:30:36,$ 3429.92,100
886,09:30:34,$ 3429.72,100
887,09:30:33,$ 3427.9101,"2,000"
888,09:30:32,$ 3429.51,100
889,09:30:32,$ 3429.64,100
890,09:30:32,$ 3429.2125,200
891,09:30:32,$ 3429.30,100
892,09:30:31,$ 3429.095,100
893,09:30:31,$ 3428.47,100
894,09:30:31,$ 3428.47,100
895,09:30:29,$ 3429.8947,500
896,09:30:26,$ 3428.81,100
897,09:30:26,$ 3428.81,200
898,09:30:26,$ 3430.9899,100
899,09:30:25,$ 3427.88,100
900,09:30:24,$ 3428.1525,100
901,09:30:23,$ 3427.295,100
902,09:30:23,$ 3429.80,100
904,09:30:23,$ 3429.80,100
905,09:30:23,$ 3429.80,100
906,09:30:23,$ 3427.885,100
907,09:30:23,$ 3428.0775,100
908,09:30:23,$ 3429.81,194
909,09:30:23,$ 3429.81,100
910,09:30:23,$ 3430.00,100
911,09:30:23,$ 3430.00,100
912,09:30:23,$ 3429.00,100
913,09:30:23,$ 3429.00,100
914,09:30:23,$ 3429.00,100
915,09:30:23,$ 3429.00,100
916,09:30:23,$ 3429.00,100
917,09:30:23,$ 3427.86,100
918,09:30:23,$ 3427.91,100
919,09:30:22,$ 3427.68,100
920,09:30:22,$ 3427.86,100
921,09:30:22,$ 3427.64,100
922,09:30:17,$ 3427.53,100
923,09:30:16,$ 3425.2809,250
925,09:30:12,$ 3425.27,100
926,09:30:12,$ 3425.99,100
927,09:30:12,$ 3426.01,100
928,09:30:06,$ 3424.2697,304
929,09:30:06,$ 3424.2697,142
930,09:30:06,$ 3425.12,100
931,09:30:06,$ 3425.5807,980
932,09:30:06,$ 3425.48,980
933,09:30:06,$ 3425.71,100
934,09:30:06,$ 3425.4693,200
935,09:30:03,$ 3425.48,100
936,09:30:03,$ 3425.56,100
937,09:30:02,$ 3424.80,2
938,09:30:02,$ 3424.80,16
939,09:30:02,$ 3424.80,3
940,09:30:02,$ 3424.80,27
941,09:30:02,$ 3424.80,1
942,09:30:02,$ 3424.80,50
943,09:30:02,$ 3424.80,38
944,09:30:02,$ 3424.80,30
946,09:30:02,$ 3424.80,200
947,09:30:02,$ 3424.80,150
948,09:30:02,$ 3424.80,5
949,09:30:02,$ 3424.80,2
950,09:30:02,$ 3424.80,1
951,09:30:02,$ 3424.80,5
952,09:30:02,$ 3424.80,6
953,09:30:02,$ 3424.80,6
954,09:30:02,$ 3424.80,5
955,09:30:02,$ 3424.80,4
956,09:30:02,$ 3424.80,7
957,09:30:02,$ 3424.80,7
958,09:30:02,$ 3424.80,6
959,09:30:02,$ 3424.80,55
960,09:30:02,$ 3424.80,1
961,09:30:02,$ 3424.80,20
962,09:30:02,$ 3424.80,31
963,09:30:02,$ 3424.80,5
964,09:30:02,$ 3424.80,1
965,09:30:02,$ 3424.80,1
967,09:30:02,$ 3424.80,4
968,09:30:02,$ 3424.80,6
969,09:30:02,$ 3424.80,2
970,09:30:02,$ 3424.80,7
971,09:30:02,$ 3424.80,2
972,09:30:02,$ 3424.80,1
973,09:30:02,$ 3424.80,1
974,09:30:02,$ 3424.80,6
975,09:30:02,$ 3424.80,3
976,09:30:02,$ 3424.80,2
977,09:30:02,$ 3424.80,14
978,09:30:02,$ 3424.80,3
979,09:30:02,$ 3424.80,2
980,09:30:02,$ 3424.80,2
981,09:30:02,$ 3424.80,5
982,09:30:02,$ 3424.80,1
983,09:30:02,$ 3424.80,1
984,09:30:02,$ 3424.80,1
985,09:30:02,$ 3424.80,1
986,09:30:02,$ 3424.80,1
988,09:30:02,$ 3424.80,2
989,09:30:02,$ 3424.80,1
990,09:30:02,$ 3424.80,1
991,09:30:02,$ 3424.80,1
992,09:30:02,$ 3424.80,1
993,09:30:02,$ 3424.80,1
994,09:30:02,$ 3424.80,1
995,09:30:02,$ 3424.80,10
996,09:30:02,$ 3424.80,1
997,09:30:02,$ 3424.80,5
998,09:30:02,$ 3424.80,25
999,09:30:02,$ 3424.80,15
1000,09:30:02,$ 3424.80,1
1001,09:30:02,$ 3424.80,2
1002,09:30:02,$ 3424.80,10
1003,09:30:02,$ 3424.80,1
1004,09:30:02,$ 3424.80,5
1005,09:30:02,$ 3424.80,2
1006,09:30:02,$ 3424.80,14
1007,09:30:02,$ 3424.80,2
1009,09:30:02,$ 3424.80,1
1010,09:30:02,$ 3424.80,1
1011,09:30:02,$ 3424.80,5
1012,09:30:02,$ 3424.80,4
1013,09:30:02,$ 3424.80,3
1014,09:30:02,$ 3424.80,1
1015,09:30:02,$ 3424.80,80
1016,09:30:02,$ 3424.80,8
1017,09:30:02,$ 3424.80,1
1018,09:30:02,$ 3424.80,20
1019,09:30:02,$ 3424.80,6
1020,09:30:02,$ 3424.80,30
1021,09:30:02,$ 3424.80,2
1022,09:30:02,$ 3424.80,1
1023,09:30:02,$ 3424.80,40
1024,09:30:02,$ 3424.80,30
1025,09:30:02,$ 3424.80,1
1026,09:30:02,$ 3424.80,3
1027,09:30:02,$ 3424.80,48
1028,09:30:02,$ 3424.80,2
1030,09:30:02,$ 3424.80,3
1031,09:30:02,$ 3424.80,1
1032,09:30:02,$ 3424.80,1
1033,09:30:02,$ 3424.80,1
1034,09:30:02,$ 3424.80,140
1035,09:30:02,$ 3424.80,2
1036,09:30:02,$ 3424.80,1
1037,09:30:02,$ 3424.80,2
1038,09:30:02,$ 3424.80,10
1039,09:30:02,$ 3424.80,3
1040,09:30:02,$ 3424.80,14
1041,09:30:02,$ 3424.80,4
1042,09:30:02,$ 3424.80,2
1043,09:30:02,$ 3424.80,1
1044,09:30:02,$ 3424.80,7
1045,09:30:02,$ 3424.80,1
1046,09:30:02,$ 3424.80,7
1047,09:30:02,$ 3424.80,1
1048,09:30:02,$ 3424.80,7
1049,09:30:02,$ 3424.80,3
1051,09:30:02,$ 3424.80,2
1052,09:30:02,$ 3424.80,1
1053,09:30:02,$ 3424.80,1
1054,09:30:02,$ 3424.80,2
1055,09:30:02,$ 3424.80,1
1056,09:30:02,$ 3424.80,1
1057,09:30:02,$ 3424.80,10
1058,09:30:02,$ 3424.80,1
1059,09:30:02,$ 3424.80,1
1060,09:30:02,$ 3424.80,3
1061,09:30:02,$ 3424.80,3
1062,09:30:02,$ 3424.80,9
1063,09:30:02,$ 3424.80,15
1064,09:30:02,$ 3424.80,1
1065,09:30:02,$ 3424.80,2
1066,09:30:02,$ 3424.80,1
1067,09:30:02,$ 3424.80,2
1068,09:30:02,$ 3424.80,1
1069,09:30:02,$ 3424.80,100
1070,09:30:02,$ 3424.80,2
1072,09:30:02,$ 3424.80,1
1073,09:30:02,$ 3424.80,3
1074,09:30:02,$ 3424.80,3
1075,09:30:02,$ 3424.80,1
1076,09:30:02,$ 3424.80,2
1077,09:30:02,$ 3424.80,4
1078,09:30:02,$ 3424.80,1
1079,09:30:02,$ 3424.80,1
1080,09:30:02,$ 3424.80,3
1081,09:30:02,$ 3424.80,2
1082,09:30:02,$ 3424.80,1
1083,09:30:02,$ 3424.80,1
1084,09:30:02,$ 3424.80,1
1085,09:30:02,$ 3424.80,1
1086,09:30:02,$ 3424.80,10
1087,09:30:02,$ 3424.80,4
1088,09:30:02,$ 3424.80,1
1089,09:30:02,$ 3424.80,3
1090,09:30:02,$ 3424.80,1
1091,09:30:02,$ 3424.80,1
1093,09:30:02,$ 3424.80,1
1094,09:30:02,$ 3424.80,1
1095,09:30:02,$ 3424.80,2
1096,09:30:02,$ 3424.80,3
1097,09:30:02,$ 3424.80,1
1098,09:30:02,$ 3424.80,1
1099,09:30:02,$ 3424.80,5
1100,09:30:02,$ 3424.80,1
1101,09:30:02,$ 3424.80,5
1102,09:30:02,$ 3424.80,15
1103,09:30:02,$ 3424.80,2
1104,09:30:02,$ 3424.80,1
1105,09:30:02,$ 3424.80,2
1106,09:30:02,$ 3424.80,2
1107,09:30:02,$ 3424.80,1
1108,09:30:02,$ 3424.80,1
1109,09:30:02,$ 3424.80,3
1110,09:30:02,$ 3424.80,85
1111,09:30:02,$ 3424.80,2
1112,09:30:02,$ 3424.80,4
1114,09:30:02,$ 3424.80,3
1115,09:30:02,$ 3424.80,5
1116,09:30:02,$ 3424.80,1
1117,09:30:02,$ 3424.80,5
1118,09:30:02,$ 3424.80,5
1119,09:30:02,$ 3424.80,3
1120,09:30:02,$ 3424.80,1
1121,09:30:02,$ 3424.80,4
1122,09:30:02,$ 3424.80,1
1123,09:30:02,$ 3424.80,1
1124,09:30:02,$ 3424.80,1
1125,09:30:02,$ 3424.80,1
1126,09:30:02,$ 3424.80,5
1127,09:30:02,$ 3424.80,1
1128,09:30:02,$ 3424.80,1
1129,09:30:02,$ 3424.80,1
1130,09:30:02,$ 3424.80,3
1131,09:30:02,$ 3424.80,4
1132,09:30:02,$ 3424.80,2
1133,09:30:02,$ 3424.80,1
1135,09:30:02,$ 3424.80,16
1136,09:30:02,$ 3424.80,1
1137,09:30:02,$ 3424.80,3
1138,09:30:02,$ 3424.80,5
1139,09:30:02,$ 3424.80,2
1140,09:30:02,$ 3424.80,2
1141,09:30:02,$ 3424.80,4
1142,09:30:02,$ 3424.80,3
1143,09:30:02,$ 3424.80,4
1144,09:30:02,$ 3424.80,9
1145,09:30:02,$ 3424.80,8
1146,09:30:02,$ 3424.80,1
1147,09:30:02,$ 3424.80,24
1148,09:30:02,$ 3424.80,34
1149,09:30:02,$ 3424.80,747
1150,09:30:02,$ 3424.80,6
1151,09:30:02,$ 3424.80,5
1152,09:30:02,$ 3424.80,4
1153,09:30:02,$ 3424.80,3
1154,09:30:02,$ 3424.80,3
1156,09:30:02,$ 3424.80,1
1157,09:30:02,$ 3424.80,10
1158,09:30:02,$ 3424.80,2
1159,09:30:02,$ 3424.80,2
1160,09:30:02,$ 3424.80,10
1161,09:30:02,$ 3424.80,2
1162,09:30:02,$ 3424.80,20
1163,09:30:02,$ 3424.80,13
1164,09:30:02,$ 3424.80,1
1165,09:30:02,$ 3424.80,2
1166,09:30:02,$ 3424.80,4
1167,09:30:02,$ 3424.80,2
1168,09:30:02,$ 3424.80,3
1169,09:30:02,$ 3424.80,1
1170,09:30:02,$ 3424.80,1
1171,09:30:02,$ 3424.80,2
1172,09:30:02,$ 3424.80,1
1173,09:30:02,$ 3424.80,3
1174,09:30:02,$ 3424.80,2
1175,09:30:02,$ 3424.80,10
1177,09:30:02,$ 3424.80,1
1178,09:30:02,$ 3424.80,24
1179,09:30:02,$ 3424.80,1
1180,09:30:02,$ 3424.80,5
1181,09:30:02,$ 3424.80,3
1182,09:30:02,$ 3424.80,105
1183,09:30:02,$ 3424.80,5
1184,09:30:02,$ 3424.80,2
1185,09:30:02,$ 3424.80,1
1186,09:30:02,$ 3424.80,25
1187,09:30:02,$ 3424.80,5
1188,09:30:02,$ 3424.80,10
1189,09:30:02,$ 3424.80,25
1190,09:30:02,$ 3424.80,3
1191,09:30:02,$ 3424.80,20
1192,09:30:02,$ 3424.80,5
1193,09:30:02,$ 3424.80,1
1194,09:30:02,$ 3424.80,3
1195,09:30:02,$ 3424.80,1
1196,09:30:02,$ 3424.80,3
1198,09:30:02,$ 3424.80,1
1199,09:30:02,$ 3424.80,6
1200,09:30:02,$ 3424.80,1
1201,09:30:02,$ 3424.80,1
1202,09:30:02,$ 3424.80,2
1203,09:30:02,$ 3424.80,120
1204,09:30:02,$ 3424.80,1
1205,09:30:02,$ 3424.80,1
1206,09:30:02,$ 3424.80,10
1207,09:30:02,$ 3424.80,1
1208,09:30:02,$ 3424.80,8
1209,09:30:02,$ 3424.80,1
1210,09:30:02,$ 3424.80,4
1211,09:30:02,$ 3424.80,1
1212,09:30:02,$ 3424.80,55
1213,09:30:02,$ 3424.80,2
1214,09:30:02,$ 3424.80,1
1215,09:30:02,$ 3424.80,1
1216,09:30:02,$ 3424.80,100
1217,09:30:02,$ 3424.80,10
1219,09:30:02,$ 3424.80,5
1220,09:30:02,$ 3424.80,1
1221,09:30:02,$ 3424.80,2
1222,09:30:02,$ 3424.80,2
1223,09:30:02,$ 3424.80,9
1224,09:30:02,$ 3424.80,49
1225,09:30:02,$ 3424.80,1
1226,09:30:02,$ 3424.80,5
1227,09:30:02,$ 3424.80,8
1228,09:30:02,$ 3424.80,10
1229,09:30:02,$ 3424.80,6
1230,09:30:02,$ 3424.80,3
1231,09:30:02,$ 3424.80,2
1232,09:30:02,$ 3424.80,6
1233,09:30:02,$ 3424.80,16
1234,09:30:02,$ 3424.80,1
1235,09:30:02,$ 3424.80,1
1236,09:30:02,$ 3424.80,1
1237,09:30:02,$ 3424.80,2
1238,09:30:02,$ 3424.80,10
1240,09:30:02,$ 3424.80,1
1241,09:30:02,$ 3424.80,3
1242,09:30:02,$ 3424.80,1
1243,09:30:02,$ 3424.80,2
1244,09:30:02,$ 3424.80,5
1245,09:30:02,$ 3424.80,2
1246,09:30:02,$ 3424.80,3
1247,09:30:02,$ 3424.80,392
1248,09:30:02,$ 3424.80,102
1249,09:30:02,$ 3424.80,113
1250,09:30:02,$ 3424.80,125
1251,09:30:02,$ 3424.80,124
1252,09:30:02,$ 3424.80,252
1253,09:30:02,$ 3424.80,1
1254,09:30:02,$ 3424.80,3
1255,09:30:02,$ 3424.80,1
1256,09:30:02,$ 3424.80,1
1257,09:30:02,$ 3424.80,1
1258,09:30:02,$ 3424.80,2
1259,09:30:02,$ 3424.80,1
1261,09:30:02,$ 3424.80,6
1262,09:30:02,$ 3424.80,12
1263,09:30:02,$ 3424.80,1
1264,09:30:02,$ 3424.80,1
1265,09:30:02,$ 3424.80,8
1266,09:30:02,$ 3424.80,2
1267,09:30:02,$ 3424.80,1
1268,09:30:02,$ 3424.80,6
1269,09:30:02,$ 3424.80,3
1270,09:30:02,$ 3424.80,1
1271,09:30:02,$ 3424.80,15
1272,09:30:02,$ 3424.80,2
1273,09:30:02,$ 3424.80,1
1274,09:30:02,$ 3424.80,3
1275,09:30:02,$ 3424.80,1
1276,09:30:02,$ 3424.80,21
1277,09:30:02,$ 3424.80,3
1278,09:30:02,$ 3424.80,5
1279,09:30:02,$ 3424.80,5
1280,09:30:02,$ 3424.80,1
1282,09:30:02,$ 3424.80,18
1283,09:30:02,$ 3424.80,1
1284,09:30:02,$ 3424.80,10
1285,09:30:02,$ 3424.80,3
1286,09:30:02,$ 3424.80,2
1287,09:30:02,$ 3424.80,2
1288,09:30:02,$ 3424.80,1
1289,09:30:02,$ 3424.80,1
1290,09:30:02,$ 3424.80,1
1291,09:30:02,$ 3424.80,1
1292,09:30:02,$ 3424.80,5
1293,09:30:02,$ 3424.80,1
1294,09:30:02,$ 3424.80,3
1295,09:30:02,$ 3424.80,1
1296,09:30:02,$ 3424.80,25
1297,09:30:02,$ 3424.80,10
1298,09:30:02,$ 3424.80,3
1299,09:30:02,$ 3424.80,1
1300,09:30:02,$ 3424.80,1
1301,09:30:02,$ 3424.80,2
1303,09:30:02,$ 3424.80,2
1304,09:30:02,$ 3424.80,10
1305,09:30:02,$ 3424.80,1
1306,09:30:02,$ 3424.80,6
1307,09:30:02,$ 3424.80,1
1308,09:30:02,$ 3424.80,1
1309,09:30:02,$ 3424.80,1
1310,09:30:02,$ 3424.80,1
1311,09:30:02,$ 3424.80,5
1312,09:30:02,$ 3424.80,2
1313,09:30:02,$ 3424.80,2
1314,09:30:02,$ 3424.80,12
1315,09:30:02,$ 3424.80,1
1316,09:30:02,$ 3424.80,3
1317,09:30:02,$ 3424.80,1
1318,09:30:02,$ 3424.80,4
1319,09:30:02,$ 3424.80,30
1320,09:30:02,$ 3424.80,30
1321,09:30:02,$ 3424.80,1
1322,09:30:02,$ 3424.80,10
1324,09:30:02,$ 3424.80,6
1325,09:30:02,$ 3424.80,2
1326,09:30:02,$ 3424.80,1
1327,09:30:02,$ 3424.80,3
1328,09:30:02,$ 3424.80,5
1329,09:30:02,$ 3424.80,20
1330,09:30:02,$ 3424.80,2
1331,09:30:02,$ 3424.80,2
1332,09:30:02,$ 3424.80,3
1333,09:30:02,$ 3424.80,1
1334,09:30:02,$ 3424.80,1
1335,09:30:02,$ 3424.80,1
1336,09:30:02,$ 3424.80,3
1337,09:30:02,$ 3424.80,1
1338,09:30:02,$ 3424.80,3
1339,09:30:02,$ 3424.80,1
1340,09:30:02,$ 3424.80,5
1341,09:30:02,$ 3424.80,1
1342,09:30:02,$ 3424.80,21
1343,09:30:02,$ 3424.80,1
1345,09:30:02,$ 3424.80,1
1346,09:30:02,$ 3424.80,1
1347,09:30:02,$ 3424.80,1
1348,09:30:02,$ 3424.80,1
1349,09:30:02,$ 3424.80,1
1350,09:30:02,$ 3424.80,1
1351,09:30:02,$ 3424.80,1
1352,09:30:02,$ 3424.80,1
1353,09:30:02,$ 3424.80,1
1354,09:30:02,$ 3424.80,1
1355,09:30:02,$ 3424.80,1
1356,09:30:02,$ 3424.80,1
1357,09:30:02,$ 3424.80,1
1358,09:30:02,$ 3424.80,1
1359,09:30:02,$ 3424.80,1
1360,09:30:02,$ 3424.80,1
1361,09:30:02,$ 3424.80,1
1362,09:30:02,$ 3424.80,1
1363,09:30:02,$ 3424.80,1
1364,09:30:02,$ 3424.80,1
1366,09:30:02,$ 3424.80,1
1367,09:30:02,$ 3424.80,1
1368,09:30:02,$ 3424.80,1
1369,09:30:02,$ 3424.80,1
1370,09:30:02,$ 3424.80,1
1371,09:30:02,$ 3424.80,1
1372,09:30:02,$ 3424.80,1
1373,09:30:02,$ 3424.80,1
1374,09:30:02,$ 3424.80,1
1375,09:30:02,$ 3424.80,1
1376,09:30:02,$ 3424.80,1
1377,09:30:02,$ 3424.80,1
1378,09:30:02,$ 3424.80,1
1379,09:30:02,$ 3424.80,1
1380,09:30:02,$ 3424.80,1
1381,09:30:02,$ 3424.80,1
1382,09:30:02,$ 3424.80,1
1383,09:30:02,$ 3424.80,1
1384,09:30:02,$ 3424.80,7
1385,09:30:02,$ 3424.80,15
1387,09:30:02,$ 3424.80,4
1388,09:30:02,$ 3424.80,1
1389,09:30:02,$ 3424.80,1
1390,09:30:02,$ 3424.80,1
1391,09:30:02,$ 3424.80,1
1392,09:30:02,$ 3424.80,1
1393,09:30:02,$ 3424.80,1
1394,09:30:02,$ 3424.80,1
1395,09:30:02,$ 3424.80,1
1396,09:30:02,$ 3424.80,1
1397,09:30:02,$ 3424.80,1
1398,09:30:02,$ 3424.80,1
1399,09:30:02,$ 3424.80,1
1400,09:30:02,$ 3424.80,1
1401,09:30:02,$ 3424.80,1
1402,09:30:02,$ 3424.80,1
1403,09:30:02,$ 3424.80,1
1404,09:30:02,$ 3424.80,1
1405,09:30:02,$ 3424.80,1
1406,09:30:02,$ 3424.80,1
1408,09:30:02,$ 3424.80,1
1409,09:30:02,$ 3424.80,1
1410,09:30:02,$ 3424.80,1
1411,09:30:02,$ 3424.80,1
1412,09:30:02,$ 3424.80,1
1413,09:30:02,$ 3424.80,1
1414,09:30:02,$ 3424.80,1
1415,09:30:02,$ 3424.80,1
1416,09:30:02,$ 3424.80,1
1417,09:30:02,$ 3424.80,1
1418,09:30:02,$ 3424.80,1
1419,09:30:02,$ 3424.80,1
1420,09:30:02,$ 3424.80,1
1421,09:30:02,$ 3424.80,1
1422,09:30:02,$ 3424.80,1
1423,09:30:02,$ 3424.80,1
1424,09:30:02,$ 3424.80,1
1425,09:30:02,$ 3424.80,1
1426,09:30:02,$ 3424.80,1
1427,09:30:02,$ 3424.80,1
1429,09:30:02,$ 3424.80,1
1430,09:30:02,$ 3424.80,1
1431,09:30:02,$ 3424.80,1
1432,09:30:02,$ 3424.80,1
1433,09:30:02,$ 3424.80,1
1434,09:30:02,$ 3424.80,1
1435,09:30:02,$ 3424.80,1
1436,09:30:02,$ 3424.80,1
1437,09:30:02,$ 3424.80,1
1438,09:30:02,$ 3424.80,1
1439,09:30:02,$ 3424.80,1
1440,09:30:02,$ 3424.80,1
1441,09:30:02,$ 3424.80,1
1442,09:30:02,$ 3424.80,1
1443,09:30:02,$ 3424.80,2
1444,09:30:02,$ 3424.80,1
1445,09:30:02,$ 3424.80,1
1446,09:30:02,$ 3424.80,1
1447,09:30:02,$ 3424.80,3
1448,09:30:02,$ 3424.80,1
1450,09:30:02,$ 3424.80,2
1451,09:30:02,$ 3424.80,10
1452,09:30:02,$ 3424.80,1
1453,09:30:02,$ 3424.80,1
1454,09:30:02,$ 3424.80,6
1455,09:30:02,$ 3424.80,5
1456,09:30:02,$ 3424.80,2
1457,09:30:02,$ 3424.80,3
1458,09:30:02,$ 3424.80,6
1459,09:30:02,$ 3424.80,3
1460,09:30:02,$ 3424.80,2
1461,09:30:02,$ 3424.80,5
1462,09:30:02,$ 3424.80,25
1463,09:30:02,$ 3424.80,3
1464,09:30:02,$ 3424.80,9
1465,09:30:02,$ 3424.80,3
1466,09:30:02,$ 3424.80,1
1467,09:30:02,$ 3424.80,5
1468,09:30:02,$ 3424.80,1
1469,09:30:02,$ 3424.80,3
1471,09:30:02,$ 3424.80,2
1472,09:30:02,$ 3424.80,30
1473,09:30:02,$ 3424.80,18
1474,09:30:02,$ 3424.80,2
1475,09:30:02,$ 3424.80,10
1476,09:30:02,$ 3424.80,10
1477,09:30:02,$ 3424.80,5
1478,09:30:02,$ 3424.80,1
1479,09:30:02,$ 3424.80,5
1480,09:30:02,$ 3424.80,1
1481,09:30:02,$ 3424.80,1
1482,09:30:02,$ 3424.80,2
1483,09:30:02,$ 3424.80,2
1484,09:30:02,$ 3424.80,3
1485,09:30:02,$ 3424.80,1
1486,09:30:02,$ 3424.80,2
1487,09:30:02,$ 3424.80,4
1488,09:30:02,$ 3424.80,3
1489,09:30:02,$ 3424.80,1
1490,09:30:02,$ 3424.80,1
1492,09:30:02,$ 3424.80,1
1493,09:30:02,$ 3424.80,3
1494,09:30:02,$ 3424.80,8
1495,09:30:02,$ 3424.80,1
1496,09:30:02,$ 3424.80,15
1497,09:30:02,$ 3424.80,1
1498,09:30:02,$ 3424.80,3
1499,09:30:02,$ 3424.80,1
1500,09:30:02,$ 3424.80,2
1501,09:30:02,$ 3424.80,2
1502,09:30:02,$ 3424.80,1
1503,09:30:02,$ 3424.80,3
1504,09:30:02,$ 3424.80,7
1505,09:30:02,$ 3424.80,2
1506,09:30:02,$ 3424.80,5
1507,09:30:02,$ 3424.80,1
1508,09:30:02,$ 3424.80,300
1509,09:30:02,$ 3424.80,5
1510,09:30:02,$ 3424.80,1
1511,09:30:02,$ 3424.80,4
1513,09:30:02,$ 3424.80,50
1514,09:30:02,$ 3424.80,2
1515,09:30:02,$ 3424.80,5
1516,09:30:02,$ 3424.80,3
1517,09:30:02,$ 3424.80,1
1518,09:30:02,$ 3424.80,1
1519,09:30:02,$ 3424.80,1
1520,09:30:02,$ 3424.80,1
1521,09:30:02,$ 3424.80,1
1522,09:30:02,$ 3424.80,1
1523,09:30:02,$ 3424.80,1
1524,09:30:02,$ 3424.80,1
1525,09:30:02,$ 3424.80,1
1526,09:30:02,$ 3424.80,1
1527,09:30:02,$ 3424.80,1
1528,09:30:02,$ 3424.80,1
1529,09:30:02,$ 3424.80,1
1530,09:30:02,$ 3424.80,1
1531,09:30:02,$ 3424.80,1
1532,09:30:02,$ 3424.80,1
1534,09:30:02,$ 3424.80,1
1535,09:30:02,$ 3424.80,1
1536,09:30:02,$ 3424.80,1
1537,09:30:02,$ 3424.80,1
1538,09:30:02,$ 3424.80,1
1539,09:30:02,$ 3424.80,1
1540,09:30:02,$ 3424.80,1
1541,09:30:02,$ 3424.80,1
1542,09:30:02,$ 3424.80,1
1543,09:30:02,$ 3424.80,1
1544,09:30:02,$ 3424.80,1
1545,09:30:02,$ 3424.80,1
1546,09:30:02,$ 3424.80,1
1547,09:30:02,$ 3424.80,1
1548,09:30:02,$ 3424.80,1
1549,09:30:02,$ 3424.80,1
1550,09:30:02,$ 3424.80,1
1551,09:30:02,$ 3424.80,1
1552,09:30:02,$ 3424.80,1
1553,09:30:02,$ 3424.80,1
1555,09:30:02,$ 3424.80,1
1556,09:30:02,$ 3424.80,1
1557,09:30:02,$ 3424.80,1
1558,09:30:02,$ 3424.80,1
1559,09:30:02,$ 3424.80,1
1560,09:30:02,$ 3424.80,1
1561,09:30:02,$ 3424.80,1
1562,09:30:02,$ 3424.80,1
1563,09:30:02,$ 3424.80,1
1564,09:30:02,$ 3424.80,1
1565,09:30:02,$ 3424.80,1
1566,09:30:02,$ 3424.80,1
1567,09:30:02,$ 3424.80,1
1568,09:30:02,$ 3424.80,1
1569,09:30:02,$ 3424.80,1
1570,09:30:02,$ 3424.80,1
1571,09:30:02,$ 3424.80,2
1572,09:30:02,$ 3424.80,1
1573,09:30:02,$ 3424.80,1
1574,09:30:02,$ 3424.80,1
1576,09:30:02,$ 3424.80,1
1577,09:30:02,$ 3424.80,1
1578,09:30:02,$ 3424.80,1
1579,09:30:02,$ 3424.80,1
1580,09:30:02,$ 3424.80,1
1581,09:30:02,$ 3424.80,1
1582,09:30:02,$ 3424.80,1
1583,09:30:02,$ 3424.80,1
1584,09:30:02,$ 3424.80,1
1585,09:30:02,$ 3424.80,1
1586,09:30:02,$ 3424.80,1
1587,09:30:02,$ 3424.80,1
1588,09:30:02,$ 3424.80,1
1589,09:30:02,$ 3424.80,1
1590,09:30:02,$ 3424.80,1
1591,09:30:02,$ 3424.80,1
1592,09:30:02,$ 3424.80,1
1593,09:30:02,$ 3424.80,1
1594,09:30:02,$ 3424.80,1
1595,09:30:02,$ 3424.80,1
1597,09:30:02,$ 3424.80,1
1598,09:30:02,$ 3424.80,18
1599,09:30:02,$ 3424.80,1
1600,09:30:02,$ 3424.80,15
1601,09:30:02,$ 3424.80,20
1602,09:30:02,$ 3424.80,200
1603,09:30:02,$ 3424.80,2
1604,09:30:02,$ 3424.80,6
1605,09:30:02,$ 3424.80,4
1606,09:30:02,$ 3424.80,1
1607,09:30:02,$ 3424.80,1
1608,09:30:02,$ 3424.80,1
1609,09:30:02,$ 3424.80,1
1610,09:30:02,$ 3424.80,1
1611,09:30:02,$ 3424.80,1
1612,09:30:02,$ 3424.80,1
1613,09:30:02,$ 3424.80,1
1614,09:30:02,$ 3424.80,1
1615,09:30:02,$ 3424.80,1
1616,09:30:02,$ 3424.80,1
1618,09:30:02,$ 3424.80,1
1619,09:30:02,$ 3424.80,1
1620,09:30:02,$ 3424.80,1
1621,09:30:02,$ 3424.80,2
1622,09:30:02,$ 3424.80,1
1623,09:30:02,$ 3424.80,1
1624,09:30:02,$ 3424.80,1
1625,09:30:02,$ 3424.80,1
1626,09:30:02,$ 3424.80,1
1627,09:30:02,$ 3424.80,1
1628,09:30:02,$ 3424.80,1
1629,09:30:02,$ 3424.80,1
1630,09:30:02,$ 3424.80,1
1631,09:30:02,$ 3424.80,3
1632,09:30:02,$ 3424.80,13
1633,09:30:02,$ 3424.80,20
1634,09:30:02,$ 3424.80,9
1635,09:30:02,$ 3424.80,1
1636,09:30:02,$ 3424.80,10
1637,09:30:02,$ 3424.80,1
1639,09:30:02,$ 3424.80,5
1640,09:30:02,$ 3424.80,2
1641,09:30:02,$ 3424.80,1
1642,09:30:02,$ 3424.80,1
1643,09:30:02,$ 3424.80,1
1644,09:30:02,$ 3424.80,3
1645,09:30:02,$ 3424.80,2
1646,09:30:02,$ 3424.80,4
1647,09:30:02,$ 3424.80,1
1648,09:30:02,$ 3424.80,4
1649,09:30:02,$ 3424.80,2
1650,09:30:02,$ 3424.80,10
1651,09:30:02,$ 3424.80,5
1652,09:30:02,$ 3424.80,1
1653,09:30:02,$ 3424.80,4
1654,09:30:02,$ 3424.80,3
1655,09:30:02,$ 3424.80,1
1656,09:30:02,$ 3424.80,5
1657,09:30:02,$ 3424.80,1
1658,09:30:02,$ 3424.80,1
1660,09:30:02,$ 3424.80,2
1661,09:30:02,$ 3424.80,2
1662,09:30:02,$ 3424.80,1
1663,09:30:02,$ 3424.80,1
1664,09:30:02,$ 3424.80,1
1665,09:30:02,$ 3424.80,30
1666,09:30:02,$ 3424.80,2
1667,09:30:02,$ 3424.80,20
1668,09:30:02,$ 3424.80,1
1669,09:30:02,$ 3424.80,10
1670,09:30:02,$ 3424.80,7
1671,09:30:02,$ 3424.80,22
1672,09:30:02,$ 3424.80,30
1673,09:30:02,$ 3424.80,2
1674,09:30:02,$ 3424.80,1
1675,09:30:02,$ 3424.80,2
1676,09:30:02,$ 3424.80,1
1677,09:30:02,$ 3424.80,4
1678,09:30:02,$ 3424.80,1
1679,09:30:02,$ 3424.80,1
1681,09:30:02,$ 3424.80,5
1682,09:30:02,$ 3424.80,2
1683,09:30:02,$ 3424.80,1
1684,09:30:02,$ 3424.80,2
1685,09:30:02,$ 3424.80,1
1686,09:30:02,$ 3424.80,50
1687,09:30:02,$ 3424.80,14
1688,09:30:02,$ 3424.80,1
1689,09:30:02,$ 3424.80,1
1690,09:30:02,$ 3424.80,5
1691,09:30:02,$ 3424.80,6
1692,09:30:02,$ 3424.80,10
1693,09:30:02,$ 3424.80,3
1694,09:30:02,$ 3424.80,1
1695,09:30:02,$ 3424.80,1
1696,09:30:02,$ 3424.80,1
1697,09:30:02,$ 3424.80,1
1698,09:30:02,$ 3424.80,1
1699,09:30:02,$ 3424.80,9
1700,09:30:02,$ 3424.80,1
1702,09:30:02,$ 3424.80,1
1703,09:30:02,$ 3424.80,1
1704,09:30:02,$ 3424.80,1
1705,09:30:02,$ 3424.80,1
1706,09:30:02,$ 3424.80,1
1707,09:30:02,$ 3424.80,2
1708,09:30:02,$ 3424.80,2
1709,09:30:02,$ 3424.80,1
1710,09:30:02,$ 3424.80,1
1711,09:30:02,$ 3424.80,15
1712,09:30:02,$ 3424.80,2
1713,09:30:02,$ 3424.80,15
1714,09:30:02,$ 3424.80,1
1715,09:30:02,$ 3424.80,1
1716,09:30:02,$ 3424.80,1
1717,09:30:02,$ 3424.80,1
1718,09:30:02,$ 3424.80,50
1719,09:30:02,$ 3424.80,2
1720,09:30:02,$ 3424.80,1
1721,09:30:02,$ 3424.80,1
1723,09:30:02,$ 3424.80,1
1724,09:30:02,$ 3424.80,8
1725,09:30:02,$ 3424.80,3
1726,09:30:02,$ 3424.80,1
1727,09:30:02,$ 3424.80,14
1728,09:30:02,$ 3424.80,4
1729,09:30:02,$ 3424.80,5
1730,09:30:02,$ 3424.80,3
1731,09:30:02,$ 3424.80,4
1732,09:30:02,$ 3424.80,37
1733,09:30:02,$ 3424.80,1
1734,09:30:02,$ 3424.80,26
1735,09:30:02,$ 3424.80,1
1736,09:30:02,$ 3424.80,5
1737,09:30:02,$ 3424.80,4
1738,09:30:02,$ 3424.80,1
1739,09:30:02,$ 3424.80,50
1740,09:30:02,$ 3424.80,1
1741,09:30:02,$ 3424.80,7
1742,09:30:02,$ 3424.80,2
1744,09:30:02,$ 3424.80,3
1745,09:30:02,$ 3424.80,5
1746,09:30:02,$ 3424.80,2
1747,09:30:02,$ 3424.80,1
1748,09:30:02,$ 3424.80,7
1749,09:30:02,$ 3424.80,1
1750,09:30:02,$ 3424.80,2
1751,09:30:02,$ 3424.80,1
1752,09:30:02,$ 3424.80,1
1753,09:30:02,$ 3424.80,1
1754,09:30:02,$ 3424.80,1
1755,09:30:02,$ 3424.80,250
1756,09:30:02,$ 3424.80,8
1757,09:30:02,$ 3424.80,9
1758,09:30:02,$ 3424.80,1
1759,09:30:02,$ 3424.80,5
1760,09:30:02,$ 3424.80,200
1761,09:30:02,$ 3424.80,25
1762,09:30:02,$ 3424.80,3
1763,09:30:02,$ 3424.80,2
1765,09:30:02,$ 3424.80,3
1766,09:30:02,$ 3424.80,3
1767,09:30:02,$ 3424.80,2
1768,09:30:02,$ 3424.80,3
1769,09:30:02,$ 3424.80,2
1770,09:30:02,$ 3424.80,3
1771,09:30:02,$ 3424.80,3
1772,09:30:02,$ 3424.80,50
1773,09:30:02,$ 3424.80,3
1774,09:30:02,$ 3424.80,3
1775,09:30:02,$ 3424.80,2
1776,09:30:02,$ 3424.80,5
1777,09:30:02,$ 3424.80,4
1778,09:30:02,$ 3424.80,3
1779,09:30:02,$ 3424.80,2
1780,09:30:02,$ 3424.80,3
1781,09:30:02,$ 3424.80,1
1782,09:30:02,$ 3424.80,2
1783,09:30:02,$ 3424.80,2
1784,09:30:02,$ 3424.80,1
1786,09:30:02,$ 3424.80,1
1787,09:30:02,$ 3424.80,1
1788,09:30:02,$ 3424.80,1
1789,09:30:02,$ 3424.80,8
1790,09:30:02,$ 3424.80,12
1791,09:30:02,$ 3424.80,67
1792,09:30:02,$ 3424.80,10
1793,09:30:02,$ 3424.80,4
1794,09:30:02,$ 3424.80,27
1795,09:30:02,$ 3424.80,1
1796,09:30:02,$ 3424.80,10
1797,09:30:02,$ 3424.80,29
1798,09:30:02,$ 3424.80,15
1799,09:30:02,$ 3424.80,2
1800,09:30:02,$ 3424.80,5
1801,09:30:02,$ 3424.80,20
1802,09:30:02,$ 3424.80,10
1803,09:30:02,$ 3424.80,2
1804,09:30:02,$ 3424.80,3
1805,09:30:02,$ 3424.80,3
1807,09:30:02,$ 3424.80,298
1808,09:30:02,$ 3424.80,1
1809,09:30:02,$ 3424.80,2
1810,09:30:02,$ 3424.80,45
1811,09:30:02,$ 3424.80,3
1812,09:30:02,$ 3424.80,32
1813,09:30:02,$ 3424.80,10
1814,09:30:02,$ 3424.80,1
1815,09:30:02,$ 3424.80,2
1816,09:30:02,$ 3424.80,6
1817,09:30:02,$ 3424.80,42
1818,09:30:02,$ 3424.80,18
1819,09:30:02,$ 3424.80,11
1820,09:30:02,$ 3424.80,50
1821,09:30:02,$ 3424.80,20
1822,09:30:02,$ 3424.80,1
1823,09:30:02,$ 3424.80,20
1824,09:30:02,$ 3424.80,1
1825,09:30:02,$ 3424.80,3
1826,09:30:02,$ 3424.80,12
1828,09:30:02,$ 3424.80,9
1829,09:30:02,$ 3424.80,2
1830,09:30:02,$ 3424.80,2
1831,09:30:02,$ 3424.80,2
1832,09:30:02,$ 3424.80,9
1833,09:30:02,$ 3424.80,58
1834,09:30:02,$ 3424.80,2
1835,09:30:02,$ 3424.80,23
1836,09:30:02,$ 3424.80,15
1837,09:30:02,$ 3424.80,16
1838,09:30:02,$ 3424.80,1
1839,09:30:02,$ 3424.80,2
1840,09:30:02,$ 3424.80,14
1841,09:30:02,$ 3424.80,2
1842,09:30:02,$ 3424.80,18
1843,09:30:02,$ 3424.80,2
1844,09:30:02,$ 3424.80,2
1845,09:30:02,$ 3424.80,1
1846,09:30:02,$ 3424.80,2
1847,09:30:02,$ 3424.80,1
1849,09:30:02,$ 3424.80,5
1850,09:30:02,$ 3424.80,1
1851,09:30:02,$ 3424.80,1
1852,09:30:02,$ 3424.80,1
1853,09:30:02,$ 3424.80,1
1854,09:30:02,$ 3424.80,3
1855,09:30:02,$ 3424.80,1
1856,09:30:02,$ 3424.80,1
1857,09:30:02,$ 3424.80,1
1858,09:30:02,$ 3424.80,1
1859,09:30:02,$ 3424.80,1
1860,09:30:02,$ 3424.80,1
1861,09:30:02,$ 3424.80,1
1862,09:30:02,$ 3424.80,1
1863,09:30:02,$ 3424.80,1
1864,09:30:02,$ 3424.80,1
1865,09:30:02,$ 3424.80,1
1866,09:30:02,$ 3424.80,1
1867,09:30:02,$ 3424.80,1
1868,09:30:02,$ 3424.80,1
1870,09:30:02,$ 3424.80,1
1871,09:30:02,$ 3424.80,1
1872,09:30:02,$ 3424.80,1
1873,09:30:02,$ 3424.80,1
1874,09:30:02,$ 3424.80,1
1875,09:30:02,$ 3424.80,12
1876,09:30:02,$ 3424.80,3
1877,09:30:02,$ 3424.80,7
1878,09:30:02,$ 3424.80,22
1879,09:30:02,$ 3424.80,1
1880,09:30:02,$ 3424.80,1
1881,09:30:02,$ 3424.80,1
1882,09:30:02,$ 3424.80,1
1883,09:30:02,$ 3424.80,2
1884,09:30:02,$ 3424.80,1
1885,09:30:02,$ 3424.80,6
1886,09:30:02,$ 3424.80,5
1887,09:30:02,$ 3424.80,1
1888,09:30:02,$ 3424.80,10
1889,09:30:02,$ 3424.80,3
1891,09:30:02,$ 3424.80,31
1892,09:30:02,$ 3424.80,153
1893,09:30:02,$ 3424.80,108
1894,09:30:02,$ 3424.80,1
1895,09:30:02,$ 3424.80,1
1896,09:30:02,$ 3424.80,1
1897,09:30:02,$ 3424.80,1
1898,09:30:02,$ 3424.80,13
1899,09:30:02,$ 3424.80,484
1900,09:30:02,$ 3424.80,342
1901,09:30:02,$ 3424.80,1
1902,09:30:02,$ 3424.80,1
1903,09:30:02,$ 3424.80,5
1904,09:30:02,$ 3424.80,1
1905,09:30:02,$ 3424.80,1
1906,09:30:02,$ 3424.80,1
1907,09:30:02,$ 3424.80,1
1908,09:30:02,$ 3424.80,1
1909,09:30:02,$ 3424.80,1
1910,09:30:02,$ 3424.80,3
1912,09:30:02,$ 3424.80,1
1913,09:30:02,$ 3424.80,2
1914,09:30:02,$ 3424.80,1
1915,09:30:02,$ 3424.80,1
1916,09:30:02,$ 3424.80,1
1917,09:30:02,$ 3424.80,1
1918,09:30:02,$ 3424.80,1
1919,09:30:02,$ 3424.80,1
1920,09:30:02,$ 3424.80,1
1921,09:30:02,$ 3424.80,1
1922,09:30:02,$ 3424.80,1
1923,09:30:02,$ 3424.80,1
1924,09:30:02,$ 3424.80,1
1925,09:30:02,$ 3424.80,1
1926,09:30:02,$ 3424.80,1
1927,09:30:02,$ 3424.80,1
1928,09:30:02,$ 3424.80,1
1929,09:30:02,$ 3424.80,1
1930,09:30:02,$ 3424.80,1
1931,09:30:02,$ 3424.80,1
1933,09:30:02,$ 3424.80,2
1934,09:30:02,$ 3424.80,1
1935,09:30:02,$ 3424.80,2
1936,09:30:02,$ 3424.80,1
1937,09:30:02,$ 3424.80,2
1938,09:30:02,$ 3424.80,3
1939,09:30:02,$ 3424.80,1
1940,09:30:02,$ 3424.80,2
1941,09:30:02,$ 3424.80,6
1942,09:30:02,$ 3424.80,"1,519"
1943,09:30:02,$ 3424.80,1
1944,09:30:02,$ 3424.80,1
1945,09:30:02,$ 3424.80,4
1946,09:30:02,$ 3424.80,87
1947,09:30:02,$ 3424.80,1
1948,09:30:02,$ 3424.80,2
1949,09:30:02,$ 3424.80,31
1950,09:30:02,$ 3424.80,6
1951,09:30:02,$ 3424.80,26
1952,09:30:02,$ 3424.80,43
1954,09:30:02,$ 3424.80,24
1955,09:30:02,$ 3424.80,1
1956,09:30:02,$ 3424.80,1
1957,09:30:02,$ 3424.80,2
1958,09:30:02,$ 3424.80,1
1959,09:30:02,$ 3424.80,1
1960,09:30:02,$ 3424.80,2
1961,09:30:02,$ 3424.80,1
1962,09:30:02,$ 3424.80,6
1963,09:30:02,$ 3424.80,2
1964,09:30:02,$ 3424.80,131
1965,09:30:02,$ 3424.80,8
1966,09:30:02,$ 3424.80,1
1967,09:30:02,$ 3424.80,2
1968,09:30:02,$ 3424.80,5
1969,09:30:02,$ 3424.80,1
1970,09:30:02,$ 3424.80,2
1971,09:30:02,$ 3424.80,1
1972,09:30:02,$ 3424.80,2
1973,09:30:02,$ 3424.80,1
1975,09:30:02,$ 3424.80,3
1976,09:30:02,$ 3424.80,1
1977,09:30:02,$ 3424.80,1
1978,09:30:02,$ 3424.80,6
1979,09:30:02,$ 3424.80,1
1980,09:30:02,$ 3424.80,2
1981,09:30:02,$ 3424.80,3
1982,09:30:02,$ 3424.80,5
1983,09:30:02,$ 3424.80,1
1984,09:30:02,$ 3424.80,3
1985,09:30:02,$ 3424.80,2
1986,09:30:02,$ 3424.80,2
1987,09:30:02,$ 3424.80,6
1988,09:30:02,$ 3424.80,1
1989,09:30:02,$ 3424.80,3
1990,09:30:02,$ 3424.80,1
1991,09:30:02,$ 3424.80,2
1992,09:30:02,$ 3424.80,2
1993,09:30:02,$ 3424.80,1
1994,09:30:02,$ 3424.80,1
1996,09:30:02,$ 3424.80,1
1997,09:30:02,$ 3424.80,2
1998,09:30:02,$ 3424.80,14
1999,09:30:02,$ 3424.80,2
2000,09:30:02,$ 3424.80,7
2001,09:30:02,$ 3424.80,2
2002,09:30:02,$ 3424.80,200
2003,09:30:02,$ 3424.80,365
2004,09:30:02,$ 3424.80,29
2005,09:30:02,$ 3424.80,71
2006,09:30:02,$ 3424.80,11
2007,09:30:02,$ 3424.80,157
2008,09:30:02,$ 3424.80,102
2009,09:30:02,$ 3424.80,1
2010,09:30:02,$ 3424.80,100
2011,09:30:02,$ 3424.80,16
2012,09:30:02,$ 3424.80,3
2013,09:30:02,$ 3424.80,10
2014,09:30:02,$ 3424.80,200
2015,09:30:02,$ 3424.80,100
2017,09:30:02,$ 3424.80,725
2018,09:30:02,$ 3424.80,10
2019,09:30:02,$ 3424.80,48
2020,09:30:02,$ 3424.80,250
2021,09:30:02,$ 3424.80,1
2022,09:30:02,$ 3424.80,50
2023,09:30:02,$ 3424.80,3
2024,09:30:02,$ 3424.80,4
2025,09:30:02,$ 3424.80,9
2026,09:30:02,$ 3424.80,2
2027,09:30:02,$ 3424.80,4
2028,09:30:02,$ 3424.80,1
2029,09:30:02,$ 3424.80,15
2030,09:30:02,$ 3424.80,2
2031,09:30:02,$ 3424.80,30
2032,09:30:02,$ 3424.80,10
2033,09:30:02,$ 3424.80,12
2034,09:30:02,$ 3424.80,22
2035,09:30:02,$ 3424.80,23
2036,09:30:02,$ 3424.80,10
2038,09:30:02,$ 3424.80,7
2039,09:30:02,$ 3424.80,6
2040,09:30:02,$ 3424.80,21
2041,09:30:02,$ 3424.80,8
2042,09:30:02,$ 3424.80,2
2043,09:30:02,$ 3424.80,10
2044,09:30:02,$ 3424.80,65
2045,09:30:02,$ 3424.80,11
2046,09:30:02,$ 3424.80,10
2047,09:30:02,$ 3424.80,3
2048,09:30:02,$ 3424.80,29
2049,09:30:02,$ 3424.80,2
2050,09:30:02,$ 3424.80,6
2051,09:30:02,$ 3424.80,2
2052,09:30:02,$ 3424.80,1
2053,09:30:02,$ 3424.80,1
2054,09:30:02,$ 3424.80,20
2055,09:30:02,$ 3424.80,1
2056,09:30:02,$ 3424.80,8
2057,09:30:02,$ 3424.80,29
2059,09:30:02,$ 3424.80,2
2060,09:30:02,$ 3424.80,6
2061,09:30:02,$ 3424.80,3
2062,09:30:02,$ 3424.80,3
2063,09:30:02,$ 3424.80,2
2064,09:30:02,$ 3424.80,93
2065,09:30:02,$ 3424.80,1
2066,09:30:02,$ 3424.80,1
2067,09:30:02,$ 3424.80,4
2068,09:30:02,$ 3424.80,2
2069,09:30:02,$ 3424.80,1
2070,09:30:02,$ 3424.80,1
2071,09:30:02,$ 3424.80,1
2072,09:30:02,$ 3424.80,57
2073,09:30:02,$ 3424.80,7
2074,09:30:02,$ 3424.80,1
2075,09:30:02,$ 3424.80,70
2076,09:30:02,$ 3424.80,397
2077,09:30:02,$ 3424.80,2
2078,09:30:02,$ 3424.80,30
2080,09:30:02,$ 3424.80,4
2081,09:30:02,$ 3424.80,1
2082,09:30:02,$ 3424.80,1
2083,09:30:02,$ 3424.80,43
2084,09:30:02,$ 3424.80,246
2085,09:30:02,$ 3424.80,1
2086,09:30:02,$ 3424.80,1
2087,09:30:02,$ 3424.80,19
2088,09:30:02,$ 3424.80,1
2089,09:30:02,$ 3424.80,3
2090,09:30:02,$ 3424.80,10
2091,09:30:02,$ 3424.80,3
2092,09:30:02,$ 3424.80,73
2093,09:30:02,$ 3424.80,4
2094,09:30:02,$ 3424.80,1
2095,09:30:02,$ 3424.80,6
2096,09:30:02,$ 3424.80,3
2097,09:30:02,$ 3424.80,7
2098,09:30:02,$ 3424.80,5
2099,09:30:02,$ 3424.80,43
2101,09:30:02,$ 3424.80,60
2102,09:30:02,$ 3424.80,1
2103,09:30:02,$ 3424.80,4
2104,09:30:02,$ 3424.80,15
2105,09:30:02,$ 3424.80,150
2106,09:30:02,$ 3424.80,150
2107,09:30:02,$ 3424.80,4
2108,09:30:02,$ 3424.80,50
2109,09:30:02,$ 3424.80,1
2110,09:30:02,$ 3424.80,20
2111,09:30:02,$ 3424.80,10
2112,09:30:02,$ 3424.80,3
2113,09:30:02,$ 3424.80,3
2114,09:30:02,$ 3424.80,6
2115,09:30:02,$ 3424.80,3
2116,09:30:02,$ 3424.80,2
2117,09:30:02,$ 3424.80,3
2118,09:30:02,$ 3424.80,140
2119,09:30:02,$ 3424.80,4
2120,09:30:02,$ 3424.80,2
2122,09:30:02,$ 3424.80,2
2123,09:30:02,$ 3424.80,234
2124,09:30:02,$ 3424.80,4
2125,09:30:02,$ 3424.80,1
2126,09:30:02,$ 3424.80,3
2127,09:30:02,$ 3424.80,1
2128,09:30:02,$ 3424.80,3
2129,09:30:02,$ 3424.80,3
2130,09:30:02,$ 3424.80,3
2131,09:30:02,$ 3424.80,3
2132,09:30:02,$ 3424.80,1
2133,09:30:02,$ 3424.80,6
2134,09:30:02,$ 3424.80,7
2135,09:30:02,$ 3424.80,12
2136,09:30:02,$ 3424.80,1
2137,09:30:02,$ 3424.80,6
2138,09:30:02,$ 3424.80,161
2139,09:30:02,$ 3424.80,4
2140,09:30:02,$ 3424.80,8
2141,09:30:02,$ 3424.80,1
2143,09:30:02,$ 3424.80,1
2144,09:30:02,$ 3424.80,1
2145,09:30:02,$ 3424.80,1
2146,09:30:02,$ 3424.80,1
2147,09:30:02,$ 3424.80,1
2148,09:30:02,$ 3424.80,1
2149,09:30:02,$ 3424.80,1
2150,09:30:02,$ 3424.80,1
2151,09:30:02,$ 3424.80,26
2152,09:30:02,$ 3424.80,50
2153,09:30:02,$ 3424.80,29
2154,09:30:02,$ 3424.80,1
2155,09:30:02,$ 3424.80,25
2156,09:30:02,$ 3424.80,10
2157,09:30:02,$ 3424.80,1
2158,09:30:02,$ 3424.80,5
2159,09:30:02,$ 3424.80,25
2160,09:30:02,$ 3424.80,73
2161,09:30:02,$ 3424.80,13
2162,09:30:02,$ 3424.80,535
2164,09:30:02,$ 3424.80,1
2165,09:30:02,$ 3424.80,8
2166,09:30:02,$ 3424.80,57
2167,09:30:02,$ 3424.80,5
2168,09:30:02,$ 3424.80,1
2169,09:30:02,$ 3424.80,1
2170,09:30:02,$ 3424.80,69
2171,09:30:02,$ 3424.80,2
2172,09:30:02,$ 3424.80,15
2173,09:30:02,$ 3424.80,859
2174,09:30:02,$ 3424.80,1
2175,09:30:02,$ 3424.80,1
2176,09:30:02,$ 3424.80,1
2177,09:30:02,$ 3424.80,138
2178,09:30:02,$ 3424.80,17
2179,09:30:02,$ 3424.80,17
2180,09:30:02,$ 3424.80,2
2181,09:30:02,$ 3424.80,9
2182,09:30:02,$ 3424.80,3
2183,09:30:02,$ 3424.80,10
2185,09:30:02,$ 3424.80,1
2186,09:30:02,$ 3424.80,4
2187,09:30:02,$ 3424.80,3
2188,09:30:02,$ 3424.80,2
2189,09:30:02,$ 3424.80,"1,462"
2190,09:30:02,$ 3424.80,80
2191,09:30:02,$ 3424.80,8
2192,09:30:02,$ 3424.80,1
2193,09:30:02,$ 3424.80,5
2194,09:30:02,$ 3424.80,2
2195,09:30:02,$ 3424.80,3
2196,09:30:02,$ 3424.80,3
2197,09:30:02,$ 3424.80,29
2198,09:30:02,$ 3424.80,132
2199,09:30:02,$ 3424.80,1
2200,09:30:02,$ 3424.80,1
2201,09:30:02,$ 3424.80,6
2202,09:30:02,$ 3424.80,1
2203,09:30:02,$ 3424.80,33
2204,09:30:02,$ 3424.80,2
2206,09:30:02,$ 3424.80,5
2207,09:30:02,$ 3424.80,34
2208,09:30:02,$ 3424.80,1
2209,09:30:02,$ 3424.80,268
2210,09:30:02,$ 3424.80,50
2211,09:30:02,$ 3424.80,1
2212,09:30:02,$ 3424.80,111
2213,09:30:02,$ 3424.80,1
2214,09:30:02,$ 3424.80,2
2215,09:30:02,$ 3424.80,32
2216,09:30:02,$ 3424.80,19
2217,09:30:02,$ 3424.80,1
2218,09:30:02,$ 3424.80,1
2219,09:30:02,$ 3424.80,47
2220,09:30:02,$ 3424.80,1
2221,09:30:02,$ 3424.80,1
2222,09:30:02,$ 3424.80,2
2223,09:30:02,$ 3424.80,5
2224,09:30:02,$ 3424.80,5
2225,09:30:02,$ 3424.80,4
2227,09:30:02,$ 3424.80,1
2228,09:30:02,$ 3424.80,3
2229,09:30:02,$ 3424.80,"9,712"
2230,09:30:02,$ 3424.80,14
2231,09:30:02,$ 3424.80,1
2232,09:30:02,$ 3424.80,6
2233,09:30:02,$ 3424.80,46
2234,09:30:02,$ 3424.80,8
2235,09:30:02,$ 3424.80,1
2236,09:30:02,$ 3424.80,2
2237,09:30:02,$ 3424.80,2
2238,09:30:02,$ 3424.80,10
2239,09:30:02,$ 3424.80,20
2240,09:30:02,$ 3424.80,1
2241,09:30:02,$ 3424.80,5
2242,09:30:02,$ 3424.80,1
2243,09:30:02,$ 3424.80,9
2244,09:30:02,$ 3424.80,7
2245,09:30:02,$ 3424.80,13
2246,09:30:02,$ 3424.80,2
2248,09:30:02,$ 3424.80,10
2249,09:30:02,$ 3424.80,200
2250,09:30:02,$ 3424.80,25
2251,09:30:02,$ 3424.80,1
2252,09:30:02,$ 3424.80,1
2253,09:30:02,$ 3424.80,8
2254,09:30:02,$ 3424.80,3
2255,09:30:02,$ 3424.80,1
2256,09:30:02,$ 3424.80,5
2257,09:30:02,$ 3424.80,2
2258,09:30:02,$ 3424.80,1
2259,09:30:02,$ 3424.80,1
2260,09:30:02,$ 3424.80,32
2261,09:30:02,$ 3424.80,40
2262,09:30:02,$ 3424.80,1
2263,09:30:02,$ 3424.80,317
2264,09:30:02,$ 3424.80,1
2265,09:30:02,$ 3424.80,3
2266,09:30:02,$ 3424.80,5
2267,09:30:02,$ 3424.80,1
2269,09:30:02,$ 3424.80,1
2270,09:30:02,$ 3424.80,1
2271,09:30:02,$ 3424.80,1
2272,09:30:02,$ 3424.80,15
2273,09:30:02,$ 3424.80,15
2274,09:30:02,$ 3424.80,1
2275,09:30:02,$ 3424.80,19
2276,09:30:02,$ 3424.80,3
2277,09:30:02,$ 3424.80,392
2278,09:30:02,$ 3424.80,2
2279,09:30:02,$ 3424.80,2
2280,09:30:02,$ 3424.80,8
2281,09:30:02,$ 3424.80,45
2282,09:30:02,$ 3424.80,12
2283,09:30:02,$ 3424.80,52
2284,09:30:02,$ 3424.80,6
2285,09:30:02,$ 3424.80,3
2286,09:30:02,$ 3424.80,2
2287,09:30:02,$ 3424.80,145
2288,09:30:02,$ 3424.80,96
2290,09:30:02,$ 3424.80,4
2291,09:30:02,$ 3424.80,3
2292,09:30:02,$ 3424.80,20
2293,09:30:02,$ 3424.80,3
2294,09:30:02,$ 3424.80,5
2295,09:30:02,$ 3424.80,8
2296,09:30:02,$ 3424.80,13
2297,09:30:02,$ 3424.80,45
2298,09:30:02,$ 3424.80,58
2299,09:30:02,$ 3424.80,45
2300,09:30:02,$ 3424.80,10
2301,09:30:02,$ 3424.80,1
2302,09:30:02,$ 3424.80,7
2303,09:30:02,$ 3424.80,1
2304,09:30:02,$ 3424.80,4
2305,09:30:02,$ 3424.80,1
2306,09:30:02,$ 3424.80,1
2307,09:30:02,$ 3424.80,100
2308,09:30:02,$ 3424.80,3
2309,09:30:02,$ 3424.80,3
2311,09:30:02,$ 3424.80,2
2312,09:30:02,$ 3424.80,15
2313,09:30:02,$ 3424.80,1
2314,09:30:02,$ 3424.80,3
2315,09:30:02,$ 3424.80,7
2316,09:30:02,$ 3424.80,1
2317,09:30:02,$ 3424.80,3
2318,09:30:02,$ 3424.80,3
2319,09:30:02,$ 3424.80,8
2320,09:30:02,$ 3424.80,34
2321,09:30:02,$ 3424.80,30
2322,09:30:02,$ 3424.80,8
2323,09:30:02,$ 3424.80,5
2324,09:30:02,$ 3424.80,1
2325,09:30:02,$ 3424.80,4
2326,09:30:02,$ 3424.80,1
2327,09:30:02,$ 3424.80,1
2328,09:30:02,$ 3424.80,3
2329,09:30:02,$ 3424.80,1
2330,09:30:02,$ 3424.80,4
2332,09:30:02,$ 3424.80,2
2333,09:30:02,$ 3424.80,10
2334,09:30:02,$ 3424.80,2
2335,09:30:02,$ 3424.80,3
2336,09:30:02,$ 3424.80,2
2337,09:30:02,$ 3424.80,3
2338,09:30:02,$ 3424.80,1
2339,09:30:02,$ 3424.80,18
2340,09:30:02,$ 3424.80,1
2341,09:30:02,$ 3424.80,5
2342,09:30:02,$ 3424.80,3
2343,09:30:02,$ 3424.80,3
2344,09:30:02,$ 3424.80,20
2345,09:30:02,$ 3424.80,7
2346,09:30:02,$ 3424.80,8
2347,09:30:02,$ 3424.80,3
2348,09:30:02,$ 3424.80,2
2349,09:30:02,$ 3424.80,2
2350,09:30:02,$ 3424.80,14
2351,09:30:02,$ 3424.80,19
2353,09:30:02,$ 3424.80,30
2354,09:30:02,$ 3424.80,4
2355,09:30:02,$ 3424.80,3
2356,09:30:02,$ 3424.80,2
2357,09:30:02,$ 3424.80,4
2358,09:30:02,$ 3424.80,3
2359,09:30:02,$ 3424.80,2
2360,09:30:02,$ 3424.80,1
2361,09:30:02,$ 3424.80,1
2362,09:30:02,$ 3424.80,1
2363,09:30:02,$ 3424.80,1
2364,09:30:02,$ 3424.80,"2,000"
2365,09:30:02,$ 3424.80,10
2366,09:30:02,$ 3424.80,1
2367,09:30:02,$ 3424.80,2
2368,09:30:02,$ 3424.80,1
2369,09:30:02,$ 3424.80,1
2370,09:30:02,$ 3424.80,5
2371,09:30:02,$ 3424.80,2
2372,09:30:02,$ 3424.80,3
2374,09:30:02,$ 3424.80,1
2375,09:30:02,$ 3424.80,2
2376,09:30:02,$ 3424.80,25
2377,09:30:02,$ 3424.80,1
2378,09:30:02,$ 3424.80,1
2379,09:30:02,$ 3424.80,50
2380,09:30:02,$ 3424.80,1
2381,09:30:02,$ 3424.80,1
2382,09:30:02,$ 3424.80,1
2383,09:30:02,$ 3424.80,3
2384,09:30:02,$ 3424.80,1
2385,09:30:02,$ 3424.80,50
2386,09:30:02,$ 3424.80,1
2387,09:30:02,$ 3424.80,1
2388,09:30:02,$ 3424.80,10
2389,09:30:02,$ 3424.80,2
2390,09:30:02,$ 3424.80,10
2391,09:30:02,$ 3424.80,2
2392,09:30:02,$ 3424.80,1
2393,09:30:02,$ 3424.80,1
2395,09:30:02,$ 3424.80,15
2396,09:30:02,$ 3424.80,1
2397,09:30:02,$ 3424.80,3
2398,09:30:02,$ 3424.80,1
2399,09:30:02,$ 3424.80,1
2400,09:30:02,$ 3424.80,2
2401,09:30:02,$ 3424.80,1
2402,09:30:02,$ 3424.80,1
2403,09:30:02,$ 3424.80,1
2404,09:30:02,$ 3424.80,1
2405,09:30:02,$ 3424.80,1
2406,09:30:02,$ 3424.80,2
2407,09:30:02,$ 3424.80,1
2408,09:30:02,$ 3424.80,3
2409,09:30:02,$ 3424.80,2
2410,09:30:02,$ 3424.80,1
2411,09:30:02,$ 3424.80,5
2412,09:30:02,$ 3424.80,5
2413,09:30:02,$ 3424.80,1
2414,09:30:02,$ 3424.80,111
2416,09:30:02,$ 3424.80,1
2417,09:30:02,$ 3424.80,1
2418,09:30:02,$ 3424.80,5
2419,09:30:02,$ 3424.80,7
2420,09:30:02,$ 3424.80,8
2421,09:30:02,$ 3424.80,1
2422,09:30:02,$ 3424.80,1
2423,09:30:02,$ 3424.80,5
2424,09:30:02,$ 3424.80,272
2425,09:30:02,$ 3424.80,1
2426,09:30:02,$ 3424.80,1
2427,09:30:02,$ 3424.80,3
2428,09:30:02,$ 3424.80,5
2429,09:30:02,$ 3424.80,4
2430,09:30:02,$ 3424.80,2
2431,09:30:02,$ 3424.80,10
2432,09:30:02,$ 3424.80,9
2433,09:30:02,$ 3424.80,1
2434,09:30:02,$ 3424.80,1
2435,09:30:02,$ 3424.80,2
2437,09:30:02,$ 3424.80,26
2438,09:30:02,$ 3424.80,1
2439,09:30:02,$ 3424.80,4
2440,09:30:02,$ 3424.80,1
2441,09:30:02,$ 3424.80,1
2442,09:30:02,$ 3424.80,2
2443,09:30:02,$ 3424.80,4
2444,09:30:02,$ 3424.80,1
2445,09:30:02,$ 3424.80,1
2446,09:30:02,$ 3424.80,1
2447,09:30:02,$ 3424.80,2
2448,09:30:02,$ 3424.80,1
2449,09:30:02,$ 3424.80,25
2450,09:30:02,$ 3424.80,50
2451,09:30:02,$ 3424.80,15
2452,09:30:02,$ 3424.80,4
2453,09:30:02,$ 3424.80,45
2454,09:30:02,$ 3424.80,5
2455,09:30:02,$ 3424.80,1
2456,09:30:02,$ 3424.80,2
2458,09:30:02,$ 3424.80,22
2459,09:30:02,$ 3424.80,1
2460,09:30:02,$ 3424.80,6
2461,09:30:02,$ 3424.80,30
2462,09:30:02,$ 3424.80,3
2463,09:30:02,$ 3424.80,6
2464,09:30:02,$ 3424.80,5
2465,09:30:02,$ 3424.80,30
2466,09:30:02,$ 3424.80,33
2467,09:30:02,$ 3424.80,150
2468,09:30:02,$ 3424.80,7
2469,09:30:02,$ 3424.80,1
2470,09:30:02,$ 3424.80,1
2471,09:30:02,$ 3424.80,2
2472,09:30:02,$ 3424.80,30
2473,09:30:02,$ 3424.80,10
2474,09:30:02,$ 3424.80,2
2475,09:30:02,$ 3424.80,12
2476,09:30:02,$ 3424.80,29
2477,09:30:02,$ 3424.80,40
2479,09:30:02,$ 3424.80,292
2480,09:30:02,$ 3424.80,14
2481,09:30:02,$ 3424.80,5
2482,09:30:02,$ 3424.80,20
2483,09:30:02,$ 3424.80,2
2484,09:30:02,$ 3424.80,10
2485,09:30:02,$ 3424.80,8
2486,09:30:02,$ 3424.80,40
2487,09:30:02,$ 3424.80,20
2488,09:30:02,$ 3424.80,2
2489,09:30:02,$ 3424.80,1
2490,09:30:02,$ 3424.80,4
2491,09:30:02,$ 3424.80,1
2492,09:30:02,$ 3424.80,1
2493,09:30:02,$ 3424.80,3
2494,09:30:02,$ 3424.80,2
2495,09:30:02,$ 3424.80,1
2496,09:30:02,$ 3424.80,1
2497,09:30:02,$ 3424.80,1
2498,09:30:02,$ 3424.80,1
2500,09:30:02,$ 3424.80,1
2501,09:30:02,$ 3424.80,8
2502,09:30:02,$ 3424.80,1
2503,09:30:02,$ 3424.80,3
2504,09:30:02,$ 3424.80,1
2505,09:30:02,$ 3424.80,1
2506,09:30:02,$ 3424.80,1
2507,09:30:02,$ 3424.80,1
2508,09:30:02,$ 3424.80,2
2509,09:30:02,$ 3424.80,1
2510,09:30:02,$ 3424.80,1
2511,09:30:02,$ 3424.80,1
2512,09:30:02,$ 3424.80,10
2513,09:30:02,$ 3424.80,182
2514,09:30:02,$ 3424.80,1
2515,09:30:02,$ 3424.80,5
2516,09:30:02,$ 3424.80,3
2517,09:30:02,$ 3424.80,7
2518,09:30:02,$ 3424.80,3
2519,09:30:02,$ 3424.80,5
2521,09:30:02,$ 3424.80,1
2522,09:30:02,$ 3424.80,2
2523,09:30:02,$ 3424.80,1
2524,09:30:02,$ 3424.80,1
2525,09:30:02,$ 3424.80,1
2526,09:30:02,$ 3424.80,1
2527,09:30:02,$ 3424.80,1
2528,09:30:02,$ 3424.80,1
2529,09:30:02,$ 3424.80,2
2530,09:30:02,$ 3424.80,1
2531,09:30:02,$ 3424.80,1
2532,09:30:02,$ 3424.80,1
2533,09:30:02,$ 3424.80,1
2534,09:30:02,$ 3424.80,1
2535,09:30:02,$ 3424.80,1
2536,09:30:02,$ 3424.80,4
2537,09:30:02,$ 3424.80,2
2538,09:30:02,$ 3424.80,2
2539,09:30:02,$ 3424.80,10
2540,09:30:02,$ 3424.80,1
2542,09:30:02,$ 3424.80,4
2543,09:30:02,$ 3424.80,3
2544,09:30:02,$ 3424.80,20
2545,09:30:02,$ 3424.80,1
2546,09:30:02,$ 3424.80,40
2547,09:30:02,$ 3424.80,2
2548,09:30:02,$ 3424.80,2
2549,09:30:02,$ 3424.80,6
2550,09:30:02,$ 3424.80,1
2551,09:30:02,$ 3424.80,5
2552,09:30:02,$ 3424.80,1
2553,09:30:02,$ 3424.80,1
2554,09:30:02,$ 3424.80,1
2555,09:30:02,$ 3424.80,10
2556,09:30:02,$ 3424.80,48
2557,09:30:02,$ 3424.80,8
2558,09:30:02,$ 3424.80,1
2559,09:30:02,$ 3424.80,66
2560,09:30:02,$ 3424.80,2
2561,09:30:02,$ 3424.80,1
2563,09:30:02,$ 3424.80,10
2564,09:30:02,$ 3424.80,3
2565,09:30:02,$ 3424.80,1
2566,09:30:02,$ 3424.80,2
2567,09:30:02,$ 3424.80,2
2568,09:30:02,$ 3424.80,2
2569,09:30:02,$ 3424.80,900
2570,09:30:02,$ 3424.80,1
2571,09:30:02,$ 3424.80,1
2572,09:30:02,$ 3424.80,10
2573,09:30:02,$ 3424.80,5
2574,09:30:02,$ 3424.80,1
2575,09:30:02,$ 3424.80,3
2576,09:30:02,$ 3424.80,2
2577,09:30:02,$ 3424.80,58
2578,09:30:02,$ 3424.80,58
2579,09:30:02,$ 3424.80,58
2580,09:30:02,$ 3424.80,29
2581,09:30:02,$ 3424.80,29
2582,09:30:02,$ 3424.80,58
2584,09:30:02,$ 3424.80,4
2585,09:30:02,$ 3424.80,29
2586,09:30:02,$ 3424.80,29
2587,09:30:02,$ 3424.80,5
2588,09:30:02,$ 3424.80,1
2589,09:30:02,$ 3424.80,7
2590,09:30:02,$ 3424.80,20
2591,09:30:02,$ 3424.80,2
2592,09:30:02,$ 3424.80,15
2593,09:30:02,$ 3424.80,30
2594,09:30:02,$ 3424.80,3
2595,09:30:02,$ 3424.80,6
2596,09:30:02,$ 3424.80,1
2597,09:30:02,$ 3424.80,2
2598,09:30:02,$ 3424.80,2
2599,09:30:02,$ 3424.80,15
2600,09:30:02,$ 3424.80,2
2601,09:30:02,$ 3424.80,2
2602,09:30:02,$ 3424.80,1
2603,09:30:02,$ 3424.80,1
2605,09:30:02,$ 3424.80,1
2606,09:30:02,$ 3424.80,1
2607,09:30:02,$ 3424.80,1
2608,09:30:02,$ 3424.80,1
2609,09:30:02,$ 3424.80,1
2610,09:30:02,$ 3424.80,1
2611,09:30:02,$ 3424.80,14
2612,09:30:02,$ 3424.80,33
2613,09:30:02,$ 3424.80,18
2614,09:30:02,$ 3424.80,1
2615,09:30:02,$ 3424.80,10
2616,09:30:02,$ 3424.80,2
2617,09:30:02,$ 3424.80,26
2618,09:30:02,$ 3424.80,3
2619,09:30:02,$ 3424.80,54
2620,09:30:02,$ 3424.80,5
2621,09:30:02,$ 3424.80,1
2622,09:30:02,$ 3424.80,4
2623,09:30:02,$ 3424.80,2
2624,09:30:02,$ 3424.80,19
2626,09:30:02,$ 3424.80,30
2627,09:30:02,$ 3424.80,32
2628,09:30:02,$ 3424.80,2
2629,09:30:02,$ 3424.80,1
2630,09:30:02,$ 3424.80,250
2631,09:30:02,$ 3424.80,1
2632,09:30:02,$ 3424.80,1
2633,09:30:02,$ 3424.80,3
2634,09:30:02,$ 3424.80,3
2635,09:30:02,$ 3424.80,9
2636,09:30:02,$ 3424.80,16
2637,09:30:02,$ 3424.80,7
2638,09:30:02,$ 3424.80,10
2639,09:30:02,$ 3424.80,6
2640,09:30:02,$ 3424.80,1
2641,09:30:02,$ 3424.80,67
2642,09:30:02,$ 3424.80,1
2643,09:30:02,$ 3424.80,5
2644,09:30:02,$ 3424.80,2
2645,09:30:02,$ 3424.80,1
2647,09:30:02,$ 3424.80,9
2648,09:30:02,$ 3424.80,58
2649,09:30:02,$ 3424.80,14
2650,09:30:02,$ 3424.80,2
2651,09:30:02,$ 3424.80,14
2652,09:30:02,$ 3424.80,2
2653,09:30:02,$ 3424.80,1
2654,09:30:02,$ 3424.80,45
2655,09:30:02,$ 3424.80,18
2656,09:30:02,$ 3424.80,55
2657,09:30:02,$ 3424.80,30
2658,09:30:02,$ 3424.80,50
2659,09:30:02,$ 3424.80,30
2660,09:30:02,$ 3424.80,3
2661,09:30:02,$ 3424.80,5
2662,09:30:02,$ 3424.80,9
2663,09:30:02,$ 3424.80,4
2664,09:30:02,$ 3424.80,200
2665,09:30:02,$ 3424.80,1
2666,09:30:02,$ 3424.80,152
2668,09:30:02,$ 3424.80,2
2669,09:30:02,$ 3424.80,8
2670,09:30:02,$ 3424.80,4
2671,09:30:02,$ 3424.80,2
2672,09:30:02,$ 3424.80,1
2673,09:30:02,$ 3424.80,20
2674,09:30:02,$ 3424.80,2
2675,09:30:02,$ 3424.80,15
2676,09:30:02,$ 3424.80,2
2677,09:30:02,$ 3424.80,7
2678,09:30:02,$ 3424.80,3
2679,09:30:02,$ 3424.80,26
2680,09:30:02,$ 3424.80,5
2681,09:30:02,$ 3424.80,1
2682,09:30:02,$ 3424.80,77
2683,09:30:02,$ 3424.80,6
2684,09:30:02,$ 3424.80,12
2685,09:30:02,$ 3424.80,5
2686,09:30:02,$ 3424.80,6
2687,09:30:02,$ 3424.80,12
2689,09:30:02,$ 3424.80,3
2690,09:30:02,$ 3424.80,1
2691,09:30:02,$ 3424.80,4
2692,09:30:02,$ 3424.80,2
2693,09:30:02,$ 3424.80,1
2694,09:30:02,$ 3424.80,135
2695,09:30:02,$ 3424.80,1
2696,09:30:02,$ 3424.80,9
2697,09:30:02,$ 3424.80,3
2698,09:30:02,$ 3424.80,5
2699,09:30:02,$ 3424.80,10
2700,09:30:02,$ 3424.80,3
2701,09:30:02,$ 3424.80,28
2702,09:30:02,$ 3424.80,24
2703,09:30:02,$ 3424.80,9
2704,09:30:02,$ 3424.80,17
2705,09:30:02,$ 3424.80,20
2706,09:30:02,$ 3424.80,2
2707,09:30:02,$ 3424.80,2
2708,09:30:02,$ 3424.80,3
2710,09:30:02,$ 3424.80,2
2711,09:30:02,$ 3424.80,2
2712,09:30:02,$ 3424.80,51
2713,09:30:02,$ 3424.80,5
2714,09:30:02,$ 3424.80,5
2715,09:30:02,$ 3424.80,4
2716,09:30:02,$ 3424.80,2
2717,09:30:02,$ 3424.80,13
2718,09:30:02,$ 3424.80,9
2719,09:30:02,$ 3424.80,292
2720,09:30:02,$ 3424.80,1
2721,09:30:02,$ 3424.80,18
2722,09:30:02,$ 3424.80,17
2723,09:30:02,$ 3424.80,46
2724,09:30:02,$ 3424.80,1
2725,09:30:02,$ 3424.80,"1,432"
2726,09:30:02,$ 3424.80,5
2727,09:30:02,$ 3424.80,1
2728,09:30:02,$ 3424.80,3
2729,09:30:02,$ 3424.80,1
2731,09:30:02,$ 3424.80,4
2732,09:30:02,$ 3424.80,16
2733,09:30:02,$ 3424.80,2
2734,09:30:02,$ 3424.80,2
2735,09:30:02,$ 3424.80,180
2736,09:30:02,$ 3424.80,10
2737,09:30:02,$ 3424.80,7
2738,09:30:02,$ 3424.80,6
2739,09:30:02,$ 3424.80,30
2740,09:30:02,$ 3424.80,7
2741,09:30:02,$ 3424.80,3
2742,09:30:02,$ 3424.80,18
2743,09:30:02,$ 3424.80,1
2744,09:30:02,$ 3424.80,1
2745,09:30:02,$ 3424.80,1
2746,09:30:02,$ 3424.80,1
2747,09:30:02,$ 3424.80,2
2748,09:30:02,$ 3424.80,1
2749,09:30:02,$ 3424.80,1
2750,09:30:02,$ 3424.80,1
2752,09:30:02,$ 3424.80,1
2753,09:30:02,$ 3424.80,1
2754,09:30:02,$ 3424.80,1
2755,09:30:02,$ 3424.80,1
2756,09:30:02,$ 3424.80,1
2757,09:30:02,$ 3424.80,1
2758,09:30:02,$ 3424.80,1
2759,09:30:02,$ 3424.80,1
2760,09:30:02,$ 3424.80,1
2761,09:30:02,$ 3424.80,1
2762,09:30:02,$ 3424.80,1
2763,09:30:02,$ 3424.80,1
2764,09:30:02,$ 3424.80,1
2765,09:30:02,$ 3424.80,1
2766,09:30:02,$ 3424.80,1
2767,09:30:02,$ 3424.80,1
2768,09:30:02,$ 3424.80,1
2769,09:30:02,$ 3424.80,1
2770,09:30:02,$ 3424.80,1
2771,09:30:02,$ 3424.80,1
2773,09:30:02,$ 3424.80,1
2774,09:30:02,$ 3424.80,1
2775,09:30:02,$ 3424.80,1
2776,09:30:02,$ 3424.80,1
2777,09:30:02,$ 3424.80,1
2778,09:30:02,$ 3424.80,1
2779,09:30:02,$ 3424.80,1
2780,09:30:02,$ 3424.80,1
2781,09:30:02,$ 3424.80,1
2782,09:30:02,$ 3424.80,1
2783,09:30:02,$ 3424.80,1
2784,09:30:02,$ 3424.80,1
2785,09:30:02,$ 3424.80,1
2786,09:30:02,$ 3424.80,1
2787,09:30:02,$ 3424.80,2
2788,09:30:02,$ 3424.80,1
2789,09:30:02,$ 3424.80,1
2790,09:30:02,$ 3424.80,1
2791,09:30:02,$ 3424.80,1
2792,09:30:02,$ 3424.80,1
2794,09:30:02,$ 3424.80,1
2795,09:30:02,$ 3424.80,1
2796,09:30:02,$ 3424.80,1
2797,09:30:01,$ 3424.80,100
2799,10:29:59,$ 3435.49,100
2800,10:29:59,$ 3435.49,100
2801,10:29:57,$ 3434.93,100
2802,10:29:56,$ 3435.495,500
2803,10:29:44,$ 3435.53,100
2804,10:29:40,$ 3436.66,100
2805,10:29:35,$ 3435.995,100
2806,10:29:35,$ 3435.915,100
2807,10:29:35,$ 3435.95,100
2808,10:29:33,$ 3435.0701,500
2809,10:29:27,$ 3434.965,100
2810,10:29:26,$ 3435.6899,100
2811,10:29:12,$ 3434.065,100
2812,10:29:10,$ 3433.98,100
2813,10:29:10,$ 3433.97,100
2814,10:28:55,$ 3432.7701,100
2815,10:28:50,$ 3433.45,100
2816,10:28:49,$ 3433.80,222
2817,10:28:12,$ 3433.6423,100
2818,10:27:58,$ 3432.16,200
2820,10:27:58,$ 3432.64,100
2821,10:27:58,$ 3432.62,100
2822,10:27:56,$ 3433.47,100
2823,10:27:54,$ 3433.475,199
2824,10:27:50,$ 3433.11,100
2825,10:27:48,$ 3431.9301,100
2826,10:27:47,$ 3432.46,100
2827,10:27:34,$ 3433.30,194
2828,10:27:27,$ 3433.08,100
2829,10:27:27,$ 3433.08,100
2830,10:27:00,$ 3433.69,100
2831,10:27:00,$ 3434.435,100
2832,10:26:59,$ 3434.23,100
2833,10:26:59,$ 3434.22,100
2834,10:26:59,$ 3434.16,100
2835,10:26:56,$ 3435.6399,100
2836,10:26:54,$ 3435.075,100
2837,10:26:52,$ 3434.815,100
2838,10:26:47,$ 3434.2201,300
2839,10:26:44,$ 3434.90,100
2841,10:26:44,$ 3434.90,100
2842,10:26:33,$ 3434.95,100
2843,10:26:33,$ 3434.95,100
2844,10:26:30,$ 3434.46,116
2845,10:26:20,$ 3434.78,100
2846,10:26:15,$ 3434.00,100
2847,10:26:14,$ 3434.34,100
2848,10:26:14,$ 3434.32,100
2849,10:26:05,$ 3434.50,100
2850,10:25:59,$ 3434.41,100
2851,10:25:59,$ 3434.94,100
2852,10:25:58,$ 3433.63,100
2853,10:25:58,$ 3433.63,100
2854,10:25:38,$ 3431.00,100
2855,10:25:23,$ 3431.355,100
2856,10:25:17,$ 3430.7166,150
2857,10:25:08,$ 3431.19,100
2858,10:25:05,$ 3429.63,238
2859,10:25:05,$ 3430.43,200
2860,10:25:02,$ 3430.50,100
2862,10:25:02,$ 3431.225,100
2863,10:24:58,$ 3432.06,100
2864,10:24:48,$ 3430.6001,150
2865,10:24:48,$ 3435.7999,150
2866,10:24:46,$ 3430.84,100
2867,10:24:46,$ 3432.02,100
2868,10:24:46,$ 3432.02,100
2869,10:24:41,$ 3433.27,100
2870,10:24:40,$ 3433.3658,178
2871,10:24:23,$ 3433.9701,100
2872,10:24:11,$ 3432.98,100
2873,10:24:11,$ 3432.98,100
2874,10:24:11,$ 3432.6999,111
2875,10:24:11,$ 3432.6996,100
2876,10:23:59,$ 3431.915,100
2877,10:23:56,$ 3431.47,100
2878,10:23:56,$ 3431.48,100
2879,10:23:53,$ 3430.5294,150
2880,10:23:39,$ 3431.24,100
2881,10:23:11,$ 3431.53,100
2883,10:23:11,$ 3431.53,100
2884,10:23:04,$ 3430.79,100
2885,10:22:54,$ 3430.47,100
2886,10:22:29,$ 3431.06,100
2887,10:22:29,$ 3431.05,100
2888,10:22:29,$ 3431.37,100
2889,10:22:06,$ 3432.6999,100
2890,10:21:58,$ 3428.77,100
2891,10:21:54,$ 3428.79,100
2892,10:21:48,$ 3428.63,100
2893,10:21:48,$ 3428.57,100
2894,10:21:46,$ 3428.175,100
2895,10:21:46,$ 3428.175,100
2896,10:21:46,$ 3428.175,100
2897,10:21:34,$ 3428.225,100
2898,10:21:34,$ 3428.24,100
2899,10:21:34,$ 3427.70,100
2900,10:21:33,$ 3428.905,100
2901,10:21:24,$ 3429.73,100
2902,10:21:21,$ 3426.5901,100
2904,10:21:20,$ 3428.85,100
2905,10:20:41,$ 3430.79,116
2906,10:20:36,$ 3429.79,100
2907,10:20:22,$ 3429.07,100
2908,10:19:58,$ 3429.5783,100
2909,10:19:47,$ 3430.61,100
2910,10:19:47,$ 3428.67,100
2911,10:19:41,$ 3429.225,100
2912,10:19:38,$ 3429.95,100
2913,10:19:38,$ 3429.19,100
2914,10:19:36,$ 3428.635,100
2915,10:19:30,$ 3430.28,100
2916,10:19:30,$ 3430.28,100
2917,10:19:24,$ 3430.36,100
2918,10:19:23,$ 3431.105,100
2919,10:19:22,$ 3430.64,200
2920,10:18:56,$ 3428.00,100
2921,10:18:51,$ 3428.63,100
2922,10:18:47,$ 3428.00,100
2923,10:18:45,$ 3426.9501,100
2925,10:18:43,$ 3426.9501,100
2926,10:18:31,$ 3427.46,100
2927,10:18:29,$ 3427.475,100
2928,10:18:28,$ 3426.92,100
2929,10:18:28,$ 3426.835,100
2930,10:18:28,$ 3426.31,100
2931,10:18:28,$ 3426.805,100
2932,10:18:25,$ 3426.745,100
2933,10:18:25,$ 3426.24,100
2934,10:18:20,$ 3426.76,100
2935,10:18:16,$ 3427.36,100
2936,10:18:16,$ 3427.485,100
2937,10:18:12,$ 3426.9999,100
2938,10:18:12,$ 3426.945,100
2939,10:17:58,$ 3426.29,100
2940,10:17:58,$ 3426.21,100
2941,10:17:58,$ 3426.21,100
2942,10:17:55,$ 3426.8913,200
2943,10:17:52,$ 3427.5499,100
2944,10:17:51,$ 3426.15,200
2946,10:17:44,$ 3428.5099,100
2947,10:17:41,$ 3427.26,100
2948,10:17:20,$ 3426.16,100
2949,10:17:11,$ 3427.27,100
2950,10:17:02,$ 3426.52,100
2951,10:16:58,$ 3426.5201,150
2952,10:16:04,$ 3425.655,100
2953,10:16:02,$ 3427.00,800
2954,10:16:02,$ 3427.50,100
2955,10:15:58,$ 3428.4504,100
2956,10:15:52,$ 3428.6548,100
2957,10:15:49,$ 3428.20,100
2958,10:15:27,$ 3430.29,100
2959,10:15:27,$ 3430.31,100
2960,10:15:20,$ 3431.09,100
2961,10:15:14,$ 3429.225,200
2962,10:15:12,$ 3429.235,100
2963,10:15:06,$ 3429.72,100
2964,10:14:52,$ 3428.30,100
2965,10:14:38,$ 3428.063,100
2967,10:14:36,$ 3428.13,480
2968,10:14:17,$ 3428.3599,100
2969,10:14:16,$ 3427.91,100
2970,10:14:13,$ 3427.32,100
2971,10:14:13,$ 3427.25,106
2972,10:14:11,$ 3427.51,300
2973,10:14:06,$ 3427.32,399
2974,10:14:06,$ 3428.2996,100
2975,10:14:01,$ 3429.01,100
2976,10:14:01,$ 3429.81,100
2977,10:14:01,$ 3429.07,100
2978,10:14:01,$ 3430.06,100
2979,10:14:01,$ 3431.65,100
2980,10:14:00,$ 3432.14,100
2981,10:13:32,$ 3433.35,100
2982,10:13:30,$ 3433.995,100
2983,10:13:30,$ 3434.9999,500
2984,10:13:22,$ 3433.15,100
2985,10:13:22,$ 3433.00,100
2986,10:13:18,$ 3433.76,100
2988,10:13:18,$ 3432.51,100
2989,10:13:10,$ 3431.6122,200
2990,10:12:56,$ 3433.435,100
2991,10:12:56,$ 3433.405,100
2992,10:12:48,$ 3432.15,100
2993,10:12:32,$ 3432.14,100
2994,10:12:03,$ 3431.75,100
2995,10:11:49,$ 3432.32,100
2996,10:11:45,$ 3433.94,100
2997,10:11:45,$ 3433.62,100
2998,10:11:43,$ 3433.6401,500
2999,10:11:42,$ 3435.00,600
3000,10:11:42,$ 3435.00,139
3001,10:11:42,$ 3434.69,100
3002,10:11:32,$ 3435.4985,100
3003,10:11:21,$ 3435.935,100
3004,10:11:20,$ 3435.64,100
3005,10:11:20,$ 3435.50,100
3006,10:11:16,$ 3435.7362,100
3007,10:11:16,$ 3435.87,500
3009,10:11:15,$ 3435.455,100
3010,10:11:10,$ 3434.99,100
3011,10:11:10,$ 3434.905,100
3012,10:11:03,$ 3433.81,500
3013,10:11:01,$ 3433.81,255
3014,10:10:59,$ 3433.59,100
3015,10:10:56,$ 3433.38,100
3016,10:10:56,$ 3432.99,100
3017,10:10:43,$ 3429.75,100
3018,10:10:37,$ 3431.00,211
3019,10:10:37,$ 3431.00,279
3020,10:10:29,$ 3429.395,100
3021,10:10:26,$ 3428.79,198
3022,10:10:26,$ 3429.61,100
3023,10:10:23,$ 3428.80,198
3024,10:10:22,$ 3429.95,100
3025,10:10:20,$ 3430.575,100
3026,10:10:14,$ 3430.60,100
3027,10:10:03,$ 3429.04,100
3028,10:10:03,$ 3429.00,100
3030,10:10:00,$ 3429.50,100
3031,10:09:59,$ 3431.052,228
3032,10:09:59,$ 3431.052,245
3033,10:09:44,$ 3429.25,100
3034,10:09:44,$ 3429.25,100
3035,10:09:35,$ 3430.245,100
3036,10:09:35,$ 3429.43,164
3037,10:09:31,$ 3431.30,110
3038,10:09:31,$ 3431.30,106
3039,10:09:30,$ 3431.30,110
3040,10:09:29,$ 3431.62,100
3041,10:09:27,$ 3431.6201,200
3042,10:09:12,$ 3430.92,100
3043,10:09:01,$ 3433.498,159
3044,10:09:01,$ 3433.498,315
3045,10:09:01,$ 3433.2483,100
3046,10:08:44,$ 3433.7228,150
3047,10:08:43,$ 3434.17,100
3048,10:08:34,$ 3436.885,100
3049,10:08:33,$ 3436.315,100
3051,10:08:32,$ 3436.33,100
3052,10:08:31,$ 3436.65,200
3053,10:08:31,$ 3436.65,100
3054,10:08:22,$ 3435.48,100
3055,10:08:22,$ 3435.48,100
3056,10:08:18,$ 3436.00,389
3057,10:08:17,$ 3436.94,"1,500"
3058,10:08:16,$ 3435.94,100
3059,10:08:11,$ 3434.865,200
3060,10:08:06,$ 3434.88,100
3061,10:08:06,$ 3435.025,100
3062,10:08:06,$ 3435.00,203
3063,10:08:06,$ 3435.00,303
3064,10:08:06,$ 3435.00,339
3065,10:08:06,$ 3435.00,100
3066,10:08:05,$ 3434.5107,100
3067,10:07:55,$ 3434.7011,150
3068,10:07:52,$ 3434.84,100
3069,10:07:52,$ 3434.099,100
3070,10:07:44,$ 3433.95,100
3072,10:07:42,$ 3433.518,300
3073,10:07:33,$ 3434.5615,404
3074,10:07:33,$ 3434.5615,304
3075,10:07:33,$ 3434.5615,291
3076,10:07:31,$ 3433.3801,125
3077,10:07:31,$ 3433.22,100
3078,10:07:27,$ 3432.63,100
3079,10:07:25,$ 3432.5199,105
3080,10:07:22,$ 3432.28,100
3081,10:07:14,$ 3430.1596,200
3082,10:07:09,$ 3432.23,100
3083,10:07:06,$ 3431.66,100
3084,10:07:06,$ 3431.89,100
3085,10:07:06,$ 3431.83,100
3086,10:07:06,$ 3431.83,100
3087,10:07:03,$ 3433.24,100
3088,10:07:00,$ 3433.2501,100
3089,10:06:50,$ 3434.64,100
3090,10:06:48,$ 3435.00,100
3091,10:06:47,$ 3434.17,300
3093,10:06:46,$ 3434.15,102
3094,10:06:45,$ 3435.72,100
3095,10:06:44,$ 3435.00,600
3096,10:06:44,$ 3433.90,311
3097,10:06:44,$ 3434.405,100
3098,10:06:43,$ 3434.09,200
3099,10:06:42,$ 3434.7485,200
3100,10:06:39,$ 3434.2456,100
3101,10:06:39,$ 3433.02,100
3102,10:06:39,$ 3433.52,100
3103,10:06:38,$ 3433.51,200
3104,10:06:38,$ 3432.53,100
3105,10:06:37,$ 3433.52,100
3106,10:06:37,$ 3431.5401,500
3107,10:06:37,$ 3433.52,100
3108,10:06:33,$ 3432.70,100
3109,10:06:31,$ 3430.68,100
3110,10:06:29,$ 3430.135,100
3111,10:06:24,$ 3429.4001,300
3112,10:06:24,$ 3430.65,100
3114,10:06:22,$ 3430.8244,100
3115,10:06:22,$ 3430.19,"1,000"
3116,10:06:21,$ 3430.00,100
3117,10:06:19,$ 3428.99,100
3118,10:06:18,$ 3429.3378,100
3119,10:06:18,$ 3429.00,200
3120,10:06:15,$ 3429.20,100
3121,10:06:15,$ 3427.75,106
3122,10:06:15,$ 3427.75,100
3123,10:06:13,$ 3427.75,106
3124,10:06:07,$ 3427.60,108
3125,10:06:06,$ 3426.72,100
3126,10:05:56,$ 3427.105,125
3127,10:05:51,$ 3426.7917,300
3128,10:05:46,$ 3427.00,200
3129,10:05:38,$ 3426.2792,125
3130,10:05:37,$ 3426.72,100
3131,10:05:37,$ 3426.69,100
3132,10:05:31,$ 3426.74,100
3133,10:05:17,$ 3426.157,125
3135,10:05:05,$ 3425.0129,125
3136,10:05:03,$ 3423.05,269
3137,10:05:00,$ 3424.5986,450
3138,10:04:54,$ 3425.4164,125
3139,10:04:39,$ 3425.1496,125
3140,10:04:23,$ 3424.38,100
3141,10:04:17,$ 3424.59,100
3142,10:04:12,$ 3424.3201,150
3143,10:04:10,$ 3424.7601,100
3144,10:04:05,$ 3425.40,100
3145,10:04:01,$ 3425.84,176
3146,10:03:57,$ 3425.25,100
3147,10:03:56,$ 3424.8519,125
3148,10:03:56,$ 3424.731,339
3149,10:03:35,$ 3424.72,100
3150,10:03:31,$ 3424.977,500
3151,10:03:30,$ 3424.00,100
3152,10:03:30,$ 3424.00,685
3153,10:03:30,$ 3424.00,160
3154,10:03:26,$ 3423.27,100
3156,10:03:20,$ 3422.635,500
3157,10:03:05,$ 3421.82,100
3158,10:02:49,$ 3421.555,100
3159,10:02:42,$ 3421.41,100
3160,10:02:42,$ 3421.545,100
3161,10:02:38,$ 3421.62,100
3162,10:02:31,$ 3421.975,100
3163,10:02:29,$ 3421.95,100
3164,10:02:26,$ 3422.045,100
3165,10:02:24,$ 3421.76,500
3166,10:02:16,$ 3419.858,290
3167,10:02:16,$ 3419.858,100
3168,10:02:16,$ 3419.72,100
3169,10:02:08,$ 3421.64,100
3170,10:02:08,$ 3421.63,100
3171,10:02:05,$ 3421.29,500
3172,10:02:04,$ 3421.00,100
3173,10:02:03,$ 3420.0001,100
3174,10:02:02,$ 3420.578,304
3175,10:02:02,$ 3420.578,100
3177,10:02:02,$ 3420.05,100
3178,10:02:01,$ 3420.00,100
3179,10:02:01,$ 3420.00,100
3180,10:02:00,$ 3421.23,102
3181,10:02:00,$ 3421.91,500
3182,10:02:00,$ 3422.5433,120
3183,10:01:55,$ 3422.1494,"1,000"
3184,10:01:41,$ 3421.906,126
3185,10:01:36,$ 3422.76,100
3186,10:01:31,$ 3421.88,100
3187,10:01:29,$ 3422.99,100
3188,10:01:29,$ 3422.975,100
3189,10:01:26,$ 3421.81,100
3190,10:00:53,$ 3421.56,200
3191,10:00:52,$ 3421.50,100
3192,10:00:52,$ 3422.145,100
3193,10:00:44,$ 3421.725,100
3194,10:00:21,$ 3419.75,100
3195,10:00:15,$ 3416.53,100
3196,10:00:08,$ 3415.445,100
3198,10:00:05,$ 3415.97,100
3199,10:00:05,$ 3415.92,100
3200,10:00:04,$ 3414.56,100
3201,10:00:02,$ 3413.55,100
3202,10:00:01,$ 3416.00,100
3204,10:59:22,$ 3436.82,100
3205,10:59:09,$ 3438.2899,100
3206,10:59:07,$ 3437.18,100
3207,10:59:00,$ 3436.99,139
3208,10:59:00,$ 3436.94,100
3209,10:58:59,$ 3436.395,200
3210,10:58:54,$ 3435.3102,187
3211,10:58:52,$ 3436.24,100
3212,10:58:52,$ 3435.92,100
3213,10:58:34,$ 3436.80,100
3214,10:58:29,$ 3437.39,100
3215,10:58:28,$ 3436.80,100
3216,10:58:16,$ 3438.04,100
3217,10:58:12,$ 3438.45,131
3218,10:58:12,$ 3438.45,100
3219,10:57:50,$ 3439.6499,100
3220,10:57:23,$ 3438.72,100
3221,10:57:17,$ 3438.54,100
3222,10:57:17,$ 3438.51,100
3223,10:57:11,$ 3438.97,100
3225,10:57:07,$ 3438.1601,300
3226,10:56:44,$ 3436.81,100
3227,10:56:44,$ 3436.81,100
3228,10:56:30,$ 3438.655,100
3229,10:56:29,$ 3438.37,100
3230,10:56:28,$ 3438.00,266
3231,10:56:18,$ 3437.28,100
3232,10:56:18,$ 3437.285,300
3233,10:56:06,$ 3436.96,100
3234,10:55:12,$ 3435.08,100
3235,10:54:57,$ 3434.83,100
3236,10:53:37,$ 3435.52,100
3237,10:53:37,$ 3436.00,100
3238,10:53:36,$ 3436.37,100
3239,10:53:23,$ 3435.855,200
3240,10:53:19,$ 3436.00,471
3241,10:53:19,$ 3436.00,124
3242,10:53:19,$ 3436.00,147
3243,10:53:19,$ 3436.00,150
3244,10:53:13,$ 3436.37,160
3246,10:53:13,$ 3436.21,195
3247,10:53:13,$ 3436.21,100
3248,10:53:12,$ 3436.13,200
3249,10:53:04,$ 3435.8475,150
3250,10:52:42,$ 3436.07,200
3251,10:52:42,$ 3435.54,100
3252,10:52:42,$ 3435.54,100
3253,10:52:39,$ 3435.53,100
3254,10:52:36,$ 3434.99,103
3255,10:52:29,$ 3434.385,"1,000"
3256,10:52:29,$ 3434.385,100
3257,10:52:04,$ 3432.54,200
3258,10:51:58,$ 3432.60,100
3259,10:51:06,$ 3432.52,100
3260,10:51:06,$ 3432.52,100
3261,10:50:44,$ 3432.5088,150
3262,10:50:42,$ 3431.86,100
3263,10:50:40,$ 3431.51,100
3264,10:50:35,$ 3432.01,104
3265,10:50:22,$ 3432.71,100
3267,10:50:04,$ 3432.79,190
3268,10:50:03,$ 3434.00,100
3269,10:50:01,$ 3434.84,150
3270,10:49:57,$ 3435.5934,150
3271,10:49:52,$ 3434.83,100
3272,10:49:52,$ 3434.82,100
3273,10:49:40,$ 3434.8001,115
3274,10:49:32,$ 3436.3699,150
3275,10:49:28,$ 3435.84,100
3276,10:49:00,$ 3434.11,100
3277,10:48:57,$ 3434.6793,230
3278,10:48:52,$ 3435.49,100
3279,10:48:51,$ 3435.75,100
3280,10:48:50,$ 3436.00,100
3281,10:48:17,$ 3437.07,100
3282,10:48:17,$ 3437.07,100
3283,10:48:17,$ 3437.45,100
3284,10:48:17,$ 3437.10,100
3285,10:48:14,$ 3437.535,500
3286,10:48:08,$ 3437.172,500
3288,10:48:04,$ 3437.02,100
3289,10:48:03,$ 3436.39,100
3290,10:47:54,$ 3435.8001,100
3291,10:47:54,$ 3435.8825,100
3292,10:47:47,$ 3435.655,100
3293,10:47:46,$ 3435.665,100
3294,10:47:31,$ 3436.39,100
3295,10:47:31,$ 3436.60,100
3296,10:47:29,$ 3437.73,100
3297,10:47:29,$ 3437.57,100
3298,10:47:03,$ 3438.23,100
3299,10:47:03,$ 3438.23,100
3300,10:47:01,$ 3438.43,100
3301,10:46:59,$ 3438.01,100
3302,10:46:58,$ 3438.04,200
3303,10:46:58,$ 3438.03,100
3304,10:46:58,$ 3438.02,100
3305,10:46:47,$ 3438.095,500
3306,10:46:42,$ 3438.01,100
3307,10:46:42,$ 3438.00,100
3309,10:46:42,$ 3438.00,100
3310,10:46:32,$ 3438.04,127
3311,10:46:01,$ 3436.645,100
3312,10:46:01,$ 3436.645,500
3313,10:45:59,$ 3436.07,100
3314,10:45:59,$ 3436.00,100
3315,10:45:29,$ 3434.795,100
3316,10:45:20,$ 3435.37,381
3317,10:45:19,$ 3435.00,184
3318,10:45:16,$ 3436.205,150
3319,10:45:14,$ 3437.4203,"1,000"
3320,10:45:14,$ 3435.02,100
3321,10:45:05,$ 3432.90,100
3322,10:45:05,$ 3432.355,200
3323,10:45:02,$ 3431.96,100
3324,10:45:02,$ 3432.05,100
3325,10:44:53,$ 3432.355,106
3326,10:44:48,$ 3432.15,100
3327,10:44:46,$ 3433.23,192
3328,10:44:44,$ 3433.80,100
3330,10:44:44,$ 3433.79,151
3331,10:44:43,$ 3432.52,140
3332,10:44:42,$ 3433.16,100
3333,10:44:41,$ 3433.16,100
3334,10:44:35,$ 3433.28,140
3335,10:44:33,$ 3434.28,100
3336,10:44:28,$ 3434.29,200
3337,10:44:25,$ 3434.32,100
3338,10:44:25,$ 3434.31,100
3339,10:44:17,$ 3434.855,100
3340,10:44:17,$ 3434.6854,760
3341,10:44:13,$ 3434.21,100
3342,10:44:10,$ 3434.825,200
3343,10:44:06,$ 3434.78,110
3344,10:44:04,$ 3434.755,100
3345,10:44:04,$ 3434.0001,120
3346,10:44:03,$ 3434.80,100
3347,10:44:03,$ 3434.80,100
3348,10:44:03,$ 3435.296,150
3349,10:43:58,$ 3436.205,100
3351,10:43:52,$ 3436.18,136
3352,10:43:52,$ 3436.18,359
3353,10:43:45,$ 3436.96,100
3354,10:43:40,$ 3437.48,100
3355,10:43:13,$ 3436.91,100
3356,10:42:19,$ 3437.35,100
3357,10:42:19,$ 3437.35,100
3358,10:41:53,$ 3438.1001,100
3359,10:41:53,$ 3437.88,100
3360,10:41:44,$ 3437.89,100
3361,10:41:35,$ 3438.0099,200
3362,10:41:34,$ 3437.215,100
3363,10:41:04,$ 3438.1462,200
3364,10:40:57,$ 3436.97,100
3365,10:40:50,$ 3436.46,100
3366,10:40:39,$ 3437.7733,150
3367,10:40:23,$ 3437.00,100
3368,10:40:11,$ 3437.43,120
3369,10:40:05,$ 3436.86,500
3370,10:39:57,$ 3439.00,335
3372,10:39:57,$ 3439.00,100
3373,10:39:57,$ 3438.84,300
3374,10:39:57,$ 3437.89,100
3375,10:39:33,$ 3437.94,100
3376,10:39:33,$ 3438.00,160
3377,10:39:31,$ 3435.7401,200
3378,10:39:30,$ 3436.86,100
3379,10:39:25,$ 3438.352,500
3380,10:39:16,$ 3436.855,100
3381,10:39:13,$ 3436.53,100
3382,10:39:12,$ 3436.60,100
3383,10:39:05,$ 3437.0967,155
3384,10:39:03,$ 3436.17,100
3385,10:39:01,$ 3436.65,200
3386,10:39:00,$ 3436.163,122
3387,10:39:00,$ 3436.163,140
3388,10:39:00,$ 3436.163,100
3389,10:39:00,$ 3435.70,100
3390,10:39:00,$ 3436.163,100
3391,10:39:00,$ 3435.83,100
3393,10:38:56,$ 3436.24,100
3394,10:38:56,$ 3437.16,100
3395,10:38:56,$ 3437.725,200
3396,10:38:55,$ 3437.805,100
3397,10:38:51,$ 3437.94,100
3398,10:38:51,$ 3437.94,121
3399,10:38:50,$ 3437.15,100
3400,10:38:41,$ 3436.3609,100
3401,10:38:31,$ 3436.60,136
3402,10:38:26,$ 3436.325,200
3403,10:38:19,$ 3436.23,100
3404,10:38:10,$ 3435.80,100
3405,10:38:01,$ 3436.37,100
3406,10:38:01,$ 3436.50,500
3407,10:37:45,$ 3436.94,100
3408,10:37:38,$ 3436.94,200
3409,10:37:21,$ 3436.72,120
3410,10:37:21,$ 3436.32,200
3411,10:37:04,$ 3435.6896,100
3412,10:36:43,$ 3436.325,130
3414,10:36:40,$ 3433.99,135
3415,10:36:40,$ 3437.915,100
3416,10:36:40,$ 3437.41,100
3417,10:36:40,$ 3437.61,100
3418,10:36:28,$ 3438.24,100
3419,10:36:26,$ 3438.205,120
3420,10:36:24,$ 3438.6462,"1,000"
3421,10:36:23,$ 3439.0899,100
3422,10:36:22,$ 3438.705,100
3423,10:36:21,$ 3439.0226,100
3424,10:36:18,$ 3439.018,500
3425,10:36:15,$ 3439.08,100
3426,10:36:09,$ 3438.84,100
3427,10:36:09,$ 3438.875,100
3428,10:36:09,$ 3438.90,100
3429,10:36:09,$ 3439.00,100
3430,10:36:07,$ 3438.26,100
3431,10:36:04,$ 3438.00,150
3432,10:36:04,$ 3438.00,274
3433,10:36:04,$ 3438.00,171
3435,10:35:59,$ 3437.18,100
3436,10:35:59,$ 3436.91,100
3437,10:35:59,$ 3436.85,100
3438,10:35:59,$ 3436.80,100
3439,10:35:57,$ 3437.3878,136
3440,10:35:57,$ 3437.31,100
3441,10:35:57,$ 3437.00,100
3442,10:35:57,$ 3437.00,100
3443,10:35:56,$ 3437.27,297
3444,10:35:56,$ 3437.26,100
3445,10:35:55,$ 3436.87,100
3446,10:35:55,$ 3436.905,100
3447,10:35:55,$ 3436.965,100
3448,10:35:55,$ 3436.97,100
3449,10:35:53,$ 3436.80,100
3450,10:35:53,$ 3436.78,100
3451,10:35:52,$ 3436.70,100
3452,10:35:52,$ 3436.91,100
3453,10:35:52,$ 3436.88,100
3454,10:35:52,$ 3436.70,200
3456,10:35:52,$ 3436.70,100
3457,10:35:52,$ 3437.00,100
3458,10:35:52,$ 3437.00,100
3459,10:35:52,$ 3436.00,400
3460,10:35:50,$ 3435.50,100
3461,10:35:49,$ 3435.61,100
3462,10:35:49,$ 3435.70,100
3463,10:35:49,$ 3435.70,100
3464,10:35:49,$ 3434.90,100
3465,10:35:49,$ 3434.72,100
3466,10:35:44,$ 3434.745,100
3467,10:35:44,$ 3434.55,100
3468,10:35:43,$ 3433.69,100
3469,10:35:43,$ 3433.76,100
3470,10:35:43,$ 3433.59,100
3471,10:35:43,$ 3433.13,100
3472,10:35:39,$ 3434.50,100
3473,10:35:36,$ 3434.00,100
3474,10:35:36,$ 3433.77,100
3475,10:35:36,$ 3433.77,100
3477,10:35:17,$ 3433.72,100
3478,10:35:06,$ 3433.75,100
3479,10:35:06,$ 3433.32,100
3480,10:35:06,$ 3433.32,100
3481,10:34:34,$ 3432.59,100
3482,10:34:12,$ 3432.66,100
3483,10:34:05,$ 3432.64,100
3484,10:34:01,$ 3432.01,150
3485,10:33:48,$ 3432.505,100
3486,10:33:48,$ 3432.48,100
3487,10:33:47,$ 3432.48,100
3488,10:33:47,$ 3431.89,100
3489,10:33:41,$ 3431.885,100
3490,10:33:37,$ 3431.41,100
3491,10:33:20,$ 3431.61,100
3492,10:33:05,$ 3432.08,100
3493,10:32:47,$ 3431.95,100
3494,10:32:38,$ 3431.99,148
3495,10:32:36,$ 3431.00,100
3496,10:32:36,$ 3431.00,100
3498,10:32:36,$ 3431.00,100
3499,10:32:36,$ 3431.00,100
3500,10:32:36,$ 3431.00,100
3501,10:32:36,$ 3431.00,143
3502,10:32:36,$ 3431.06,100
3503,10:32:36,$ 3431.06,100
3504,10:32:33,$ 3431.903,263
3505,10:32:16,$ 3432.015,100
3506,10:32:09,$ 3432.7399,100
3507,10:31:52,$ 3430.97,100
3508,10:31:52,$ 3430.32,100
3509,10:31:52,$ 3431.655,100
3510,10:31:43,$ 3431.02,100
3511,10:31:28,$ 3429.90,100
3512,10:31:27,$ 3429.71,100
3513,10:31:25,$ 3430.00,100
3514,10:31:22,$ 3430.30,100
3515,10:31:21,$ 3430.875,100
3516,10:31:21,$ 3430.30,100
3517,10:31:15,$ 3430.68,200
3519,10:31:01,$ 3435.275,100
3520,10:30:51,$ 3431.46,100
3521,10:30:51,$ 3431.3608,164
3522,10:30:43,$ 3431.36,100
3523,10:30:43,$ 3431.29,100
3524,10:30:43,$ 3431.29,100
3525,10:30:43,$ 3431.28,100
3526,10:30:41,$ 3432.00,100
3527,10:30:41,$ 3432.00,100
3528,10:30:36,$ 3432.5875,100
3529,10:30:29,$ 3433.89,100
3530,10:30:29,$ 3433.89,100
3531,10:30:23,$ 3433.645,100
3532,10:30:19,$ 3434.40,100
3533,10:30:07,$ 3435.295,100
3535,11:29:56,$ 3439.40,197
3536,11:29:56,$ 3439.40,364
3537,11:29:56,$ 3439.40,100
3538,11:29:56,$ 3439.40,106
3539,11:29:56,$ 3439.40,142
3540,11:29:39,$ 3439.23,100
3541,11:29:36,$ 3438.55,100
3542,11:29:09,$ 3439.16,100
3543,11:29:08,$ 3438.20,100
3544,11:28:49,$ 3438.485,117
3545,11:28:43,$ 3438.325,100
3546,11:27:23,$ 3436.9562,100
3547,11:26:22,$ 3437.72,100
3548,11:25:51,$ 3438.87,100
3549,11:25:35,$ 3439.25,100
3550,11:25:32,$ 3439.95,100
3551,11:25:30,$ 3439.65,100
3552,11:25:26,$ 3439.26,100
3553,11:25:15,$ 3439.40,100
3554,11:25:13,$ 3439.40,100
3556,11:25:01,$ 3439.00,100
3557,11:24:37,$ 3438.135,100
3558,11:24:37,$ 3437.88,100
3559,11:24:37,$ 3437.78,100
3560,11:24:28,$ 3437.9175,100
3561,11:23:06,$ 3437.65,100
3562,11:23:00,$ 3438.00,258
3563,11:23:00,$ 3438.00,367
3564,11:23:00,$ 3438.06,100
3565,11:22:49,$ 3438.705,200
3566,11:22:39,$ 3439.21,100
3567,11:22:25,$ 3438.12,100
3568,11:22:18,$ 3437.975,100
3569,11:22:14,$ 3437.89,100
3570,11:22:11,$ 3437.36,100
3571,11:21:58,$ 3437.655,500
3572,11:21:46,$ 3437.67,100
3573,11:21:31,$ 3437.12,200
3574,11:21:31,$ 3437.61,100
3575,11:21:31,$ 3437.61,100
3577,11:21:29,$ 3438.04,100
3578,11:21:21,$ 3438.13,100
3579,11:20:44,$ 3437.68,"1,000"
3580,11:20:08,$ 3437.31,250
3581,11:19:46,$ 3437.29,100
3582,11:19:40,$ 3437.31,100
3583,11:19:35,$ 3438.02,100
3584,11:19:28,$ 3438.99,100
3585,11:19:06,$ 3438.37,100
3586,11:19:00,$ 3438.70,200
3587,11:19:00,$ 3438.64,100
3588,11:18:52,$ 3438.23,"1,000"
3589,11:18:44,$ 3438.96,100
3590,11:18:44,$ 3438.90,107
3591,11:18:39,$ 3439.425,100
3592,11:18:17,$ 3439.14,500
3593,11:18:15,$ 3439.48,100
3594,11:18:14,$ 3439.60,100
3595,11:18:14,$ 3439.00,100
3596,11:18:00,$ 3437.39,250
3598,11:17:59,$ 3437.09,100
3599,11:17:56,$ 3437.3072,100
3600,11:17:51,$ 3438.10,100
3601,11:17:48,$ 3438.00,100
3602,11:17:39,$ 3437.9999,100
3603,11:17:27,$ 3437.3806,100
3604,11:17:14,$ 3437.70,100
3605,11:16:58,$ 3436.8659,100
3606,11:16:58,$ 3437.00,200
3607,11:16:45,$ 3436.8945,100
3608,11:16:41,$ 3436.9999,100
3609,11:16:39,$ 3436.885,100
3610,11:16:38,$ 3437.045,500
3611,11:16:38,$ 3437.47,100
3612,11:16:38,$ 3437.47,100
3613,11:16:32,$ 3438.00,160
3614,11:16:26,$ 3436.79,100
3615,11:16:17,$ 3436.53,500
3616,11:16:00,$ 3435.38,100
3617,11:15:36,$ 3434.735,100
3619,11:15:21,$ 3434.00,152
3620,11:15:12,$ 3433.875,100
3621,11:15:06,$ 3433.97,100
3622,11:15:00,$ 3433.97,262
3623,11:14:51,$ 3435.495,100
3624,11:14:47,$ 3434.48,100
3625,11:14:44,$ 3436.04,100
3626,11:14:44,$ 3436.26,100
3627,11:14:42,$ 3436.45,100
3628,11:14:33,$ 3436.11,100
3629,11:14:09,$ 3436.51,100
3630,11:14:01,$ 3436.22,100
3631,11:13:45,$ 3435.75,100
3632,11:13:33,$ 3435.84,100
3633,11:13:26,$ 3436.2199,100
3634,11:13:20,$ 3435.785,100
3635,11:12:56,$ 3436.075,100
3636,11:12:54,$ 3435.70,100
3637,11:12:04,$ 3436.17,100
3638,11:11:59,$ 3435.73,100
3640,11:11:55,$ 3436.00,100
3641,11:11:44,$ 3435.75,324
3642,11:11:44,$ 3435.75,100
3643,11:11:30,$ 3435.0801,100
3644,11:11:18,$ 3437.03,100
3645,11:10:54,$ 3437.565,100
3646,11:10:42,$ 3437.91,100
3647,11:10:42,$ 3437.78,100
3648,11:10:42,$ 3437.78,100
3649,11:10:26,$ 3438.58,100
3650,11:10:25,$ 3438.00,160
3651,11:10:21,$ 3437.90,189
3652,11:10:21,$ 3437.95,100
3653,11:09:45,$ 3436.00,225
3654,11:09:45,$ 3436.00,100
3655,11:09:27,$ 3436.055,100
3656,11:09:22,$ 3436.06,100
3657,11:09:20,$ 3436.72,100
3658,11:09:20,$ 3436.72,100
3659,11:09:18,$ 3436.7201,500
3661,11:09:15,$ 3437.36,120
3662,11:09:02,$ 3436.03,200
3663,11:08:58,$ 3436.71,200
3664,11:08:58,$ 3435.9699,100
3665,11:08:58,$ 3435.9699,100
3666,11:08:58,$ 3435.97,100
3667,11:08:58,$ 3435.97,100
3668,11:08:58,$ 3435.97,100
3669,11:08:58,$ 3435.97,100
3670,11:08:58,$ 3435.9699,100
3671,11:08:58,$ 3435.9699,100
3672,11:08:58,$ 3435.42,100
3673,11:08:23,$ 3434.55,299
3674,11:08:23,$ 3434.55,100
3675,11:08:23,$ 3434.55,100
3676,11:08:16,$ 3434.79,100
3677,11:08:16,$ 3434.94,100
3678,11:08:10,$ 3434.70,100
3679,11:07:51,$ 3434.7199,100
3680,11:07:36,$ 3434.035,100
3682,11:07:25,$ 3433.52,100
3683,11:07:13,$ 3433.4758,100
3684,11:06:25,$ 3432.0001,100
3685,11:06:14,$ 3433.49,100
3686,11:06:14,$ 3433.54,100
3687,11:06:14,$ 3433.54,100
3688,11:05:46,$ 3432.96,100
3689,11:05:33,$ 3432.9631,145
3690,11:04:59,$ 3432.00,100
3691,11:04:58,$ 3431.62,100
3692,11:04:53,$ 3431.88,100
3693,11:04:53,$ 3432.00,100
3694,11:04:37,$ 3432.03,100
3695,11:04:37,$ 3431.81,100
3696,11:04:10,$ 3433.00,100
3697,11:04:10,$ 3433.55,100
3698,11:04:10,$ 3433.55,100
3699,11:04:06,$ 3434.855,100
3700,11:04:06,$ 3434.61,100
3701,11:03:35,$ 3434.3132,100
3703,11:03:23,$ 3434.51,100
3704,11:03:19,$ 3434.52,100
3705,11:03:12,$ 3435.40,100
3706,11:03:12,$ 3435.39,100
3707,11:02:51,$ 3436.14,100
3708,11:02:44,$ 3435.99,100
3709,11:02:14,$ 3435.49,100
3710,11:02:11,$ 3435.00,100
3711,11:02:07,$ 3433.90,100
3712,11:02:07,$ 3433.92,100
3713,11:02:02,$ 3433.92,655
3714,11:02:02,$ 3433.46,200
3715,11:02:01,$ 3433.46,100
3716,11:01:46,$ 3434.61,100
3717,11:01:41,$ 3435.485,100
3718,11:01:34,$ 3435.44,100
3719,11:01:05,$ 3436.13,100
3720,11:00:44,$ 3435.46,100
3722,11:59:25,$ 3452.205,100
3723,11:59:20,$ 3452.82,100
3724,11:59:02,$ 3452.58,100
3725,11:59:02,$ 3453.785,200
3726,11:59:01,$ 3452.70,100
3727,11:58:56,$ 3452.1201,300
3728,11:58:46,$ 3453.20,106
3729,11:58:45,$ 3452.69,106
3730,11:58:41,$ 3452.5283,246
3731,11:58:22,$ 3451.62,100
3732,11:58:10,$ 3453.20,100
3733,11:58:09,$ 3453.20,100
3734,11:58:08,$ 3453.20,100
3735,11:58:03,$ 3453.27,100
3736,11:58:03,$ 3453.655,200
3737,11:58:01,$ 3453.545,100
3738,11:57:53,$ 3453.035,250
3739,11:57:50,$ 3453.035,100
3740,11:57:09,$ 3453.835,100
3741,11:57:06,$ 3453.855,100
3743,11:56:57,$ 3454.39,100
3744,11:56:53,$ 3454.29,100
3745,11:56:47,$ 3455.00,100
3746,11:56:40,$ 3454.5725,100
3747,11:56:36,$ 3454.51,100
3748,11:56:35,$ 3454.51,100
3749,11:56:35,$ 3454.51,100
3750,11:56:35,$ 3454.51,100
3751,11:56:35,$ 3454.51,100
3752,11:56:20,$ 3453.65,100
3753,11:56:17,$ 3454.07,100
3754,11:56:09,$ 3452.7725,100
3755,11:56:07,$ 3452.75,100
3756,11:56:06,$ 3452.74,100
3757,11:56:03,$ 3452.9175,100
3758,11:56:03,$ 3452.82,100
3759,11:56:00,$ 3453.58,100
3760,11:56:00,$ 3453.69,200
3761,11:55:56,$ 3454.645,100
3762,11:55:55,$ 3454.675,400
3764,11:55:53,$ 3454.675,500
3765,11:55:52,$ 3455.3899,100
3766,11:55:49,$ 3455.96,100
3767,11:55:49,$ 3456.1633,210
3768,11:55:43,$ 3456.5896,100
3769,11:55:40,$ 3456.43,100
3770,11:55:38,$ 3455.81,100
3771,11:55:38,$ 3455.80,100
3772,11:55:28,$ 3455.76,100
3773,11:55:28,$ 3456.07,100
3774,11:55:28,$ 3456.00,100
3775,11:55:28,$ 3456.00,100
3776,11:55:16,$ 3456.4377,100
3777,11:55:12,$ 3455.59,100
3778,11:55:11,$ 3456.22,100
3779,11:55:11,$ 3456.20,100
3780,11:55:10,$ 3455.7889,107
3781,11:55:10,$ 3454.5672,100
3782,11:55:09,$ 3456.00,100
3783,11:55:07,$ 3455.3056,400
3785,11:54:48,$ 3454.9257,128
3786,11:54:38,$ 3454.795,100
3787,11:54:38,$ 3454.865,100
3788,11:54:37,$ 3454.67,263
3789,11:54:37,$ 3455.136,100
3790,11:54:37,$ 3454.9799,157
3791,11:54:37,$ 3454.98,157
3792,11:54:37,$ 3454.655,100
3793,11:54:36,$ 3454.78,100
3794,11:54:34,$ 3454.67,118
3795,11:54:33,$ 3454.61,100
3796,11:54:21,$ 3454.2617,600
3797,11:54:17,$ 3454.33,100
3798,11:54:15,$ 3454.555,400
3799,11:54:13,$ 3454.1301,500
3800,11:54:13,$ 3454.56,100
3801,11:54:11,$ 3455.04,100
3802,11:54:10,$ 3453.97,100
3803,11:54:10,$ 3454.00,100
3804,11:54:07,$ 3454.625,100
3806,11:54:07,$ 3455.3399,100
3807,11:54:01,$ 3454.69,100
3808,11:53:56,$ 3454.65,200
3809,11:53:55,$ 3454.545,100
3810,11:53:54,$ 3455.00,100
3811,11:53:54,$ 3454.67,100
3812,11:53:54,$ 3454.66,100
3813,11:53:54,$ 3454.53,100
3814,11:53:54,$ 3454.67,100
3815,11:53:54,$ 3454.67,694
3816,11:53:54,$ 3454.67,100
3817,11:53:51,$ 3453.73,100
3818,11:53:51,$ 3453.87,100
3819,11:53:51,$ 3452.55,101
3820,11:53:32,$ 3452.414,100
3821,11:53:16,$ 3452.00,100
3822,11:53:11,$ 3452.41,500
3823,11:53:10,$ 3451.9333,600
3824,11:53:01,$ 3451.93,500
3825,11:52:59,$ 3452.20,100
3827,11:52:47,$ 3452.20,100
3828,11:52:31,$ 3451.6717,106
3829,11:52:26,$ 3452.5712,289
3830,11:52:23,$ 3451.4899,100
3831,11:52:22,$ 3451.215,200
3832,11:52:14,$ 3451.52,140
3833,11:52:14,$ 3451.52,100
3834,11:52:13,$ 3450.775,100
3835,11:52:09,$ 3450.9472,200
3836,11:51:54,$ 3453.18,199
3837,11:51:54,$ 3451.80,100
3838,11:51:54,$ 3452.00,100
3839,11:51:45,$ 3451.40,100
3840,11:51:43,$ 3451.4199,100
3841,11:51:34,$ 3451.14,100
3842,11:51:30,$ 3450.925,100
3843,11:51:30,$ 3450.79,100
3844,11:51:26,$ 3451.14,100
3845,11:51:24,$ 3451.43,100
3846,11:51:18,$ 3450.225,100
3848,11:51:13,$ 3450.69,100
3849,11:51:09,$ 3450.32,200
3850,11:50:44,$ 3449.23,100
3851,11:50:40,$ 3450.6015,200
3852,11:50:38,$ 3450.299,250
3853,11:50:29,$ 3449.09,100
3854,11:50:11,$ 3449.96,100
3855,11:50:11,$ 3450.22,100
3856,11:50:09,$ 3450.60,500
3857,11:50:08,$ 3450.45,100
3858,11:50:08,$ 3451.16,100
3859,11:50:07,$ 3450.20,100
3860,11:50:07,$ 3450.39,100
3861,11:50:07,$ 3450.39,100
3862,11:50:06,$ 3450.00,900
3863,11:50:06,$ 3450.00,100
3864,11:50:06,$ 3450.12,100
3865,11:50:06,$ 3450.00,100
3866,11:50:06,$ 3450.00,900
3867,11:50:06,$ 3450.00,300
3869,11:50:06,$ 3450.00,100
3870,11:50:06,$ 3450.00,100
3871,11:50:06,$ 3450.00,100
3872,11:50:06,$ 3450.00,100
3873,11:50:06,$ 3450.00,100
3874,11:50:06,$ 3450.00,100
