,NLS Time (ET),NLS Price,NLS Share Volume
1,09:59:37,$ 3270.00,300
2,09:59:21,$ 3271.00,100
3,09:59:18,$ 3272.83,100
4,09:59:05,$ 3272.00,100
5,09:59:03,$ 3273.9141,100
6,09:59:00,$ 3273.435,100
7,09:58:54,$ 3273.22,100
8,09:58:54,$ 3273.17,100
9,09:58:53,$ 3273.00,150
10,09:58:53,$ 3273.00,100
11,09:58:53,$ 3273.00,160
12,09:58:52,$ 3274.74,100
13,09:58:52,$ 3273.93,100
14,09:58:33,$ 3272.88,100
15,09:58:25,$ 3272.00,137
16,09:58:25,$ 3271.94,100
17,09:58:25,$ 3272.00,100
18,09:58:06,$ 3270.14,100
19,09:58:06,$ 3270.01,100
20,09:58:04,$ 3271.00,100
22,09:58:01,$ 3270.00,611
23,09:58:01,$ 3270.00,150
24,09:57:56,$ 3269.99,100
25,09:57:24,$ 3267.87,100
26,09:57:07,$ 3269.00,100
27,09:57:05,$ 3268.4841,200
28,09:56:40,$ 3268.00,104
29,09:56:40,$ 3268.00,264
30,09:56:38,$ 3267.11,100
31,09:56:28,$ 3267.6701,145
32,09:56:28,$ 3268.18,100
33,09:56:07,$ 3269.43,100
34,09:56:00,$ 3267.96,100
35,09:56:00,$ 3267.77,100
36,09:56:00,$ 3267.82,100
37,09:56:00,$ 3267.82,100
38,09:56:00,$ 3267.85,100
39,09:55:58,$ 3267.71,100
40,09:55:55,$ 3268.00,100
41,09:55:55,$ 3268.00,150
43,09:55:48,$ 3269.5199,100
44,09:55:42,$ 3269.455,100
45,09:55:36,$ 3269.465,100
46,09:55:35,$ 3269.51,100
47,09:55:35,$ 3269.50,100
48,09:55:19,$ 3269.255,100
49,09:55:19,$ 3269.112,100
50,09:55:17,$ 3268.87,100
51,09:55:17,$ 3268.91,100
52,09:55:16,$ 3268.86,100
53,09:55:16,$ 3268.90,100
54,09:55:16,$ 3268.91,100
55,09:55:15,$ 3267.53,100
56,09:55:13,$ 3267.8622,200
57,09:55:08,$ 3268.42,100
58,09:55:08,$ 3268.42,100
59,09:55:04,$ 3267.83,200
60,09:55:01,$ 3268.00,101
61,09:55:01,$ 3268.00,100
62,09:55:00,$ 3267.5926,100
64,09:55:00,$ 3267.1683,100
65,09:54:56,$ 3267.00,195
66,09:54:56,$ 3267.26,100
67,09:54:56,$ 3267.08,100
68,09:54:49,$ 3267.00,100
69,09:54:44,$ 3267.82,100
70,09:54:44,$ 3268.09,100
71,09:54:44,$ 3268.696,100
72,09:54:36,$ 3268.75,219
73,09:54:36,$ 3269.00,100
74,09:54:25,$ 3271.05,100
75,09:54:07,$ 3272.01,100
76,09:54:04,$ 3270.691,100
77,09:53:56,$ 3270.59,100
78,09:53:56,$ 3270.69,100
79,09:53:55,$ 3271.225,100
80,09:53:48,$ 3271.405,100
81,09:53:47,$ 3271.36,100
82,09:53:47,$ 3271.35,100
83,09:53:19,$ 3271.91,100
85,09:53:18,$ 3271.78,100
86,09:53:18,$ 3272.615,100
87,09:53:16,$ 3272.91,100
88,09:53:10,$ 3271.80,100
89,09:52:57,$ 3271.00,100
90,09:52:55,$ 3270.99,180
91,09:52:52,$ 3270.81,100
92,09:52:45,$ 3271.00,100
93,09:52:44,$ 3270.94,100
94,09:52:41,$ 3270.41,100
95,09:52:41,$ 3271.18,200
96,09:52:41,$ 3271.94,152
97,09:52:27,$ 3270.925,100
98,09:52:25,$ 3270.18,100
99,09:52:14,$ 3270.04,100
100,09:52:11,$ 3269.80,100
101,09:52:07,$ 3270.25,100
102,09:51:55,$ 3270.14,100
103,09:51:50,$ 3269.56,100
104,09:51:50,$ 3269.61,100
106,09:51:50,$ 3269.61,100
107,09:51:48,$ 3269.42,220
108,09:51:48,$ 3269.20,100
109,09:51:46,$ 3270.31,100
110,09:51:40,$ 3271.29,100
111,09:51:30,$ 3271.09,100
112,09:51:30,$ 3270.7202,100
113,09:51:25,$ 3271.75,100
114,09:51:16,$ 3270.4483,100
115,09:51:10,$ 3271.93,100
116,09:51:08,$ 3271.20,100
117,09:51:07,$ 3270.21,200
118,09:51:05,$ 3270.27,100
119,09:51:05,$ 3270.22,100
120,09:51:04,$ 3269.735,100
121,09:51:02,$ 3270.238,200
122,09:50:50,$ 3271.02,100
123,09:50:23,$ 3271.13,200
124,09:50:23,$ 3271.13,100
125,09:50:13,$ 3269.06,100
127,09:50:13,$ 3269.75,100
128,09:50:13,$ 3270.41,100
129,09:50:13,$ 3270.37,100
130,09:50:13,$ 3270.28,100
131,09:49:55,$ 3271.16,100
132,09:49:50,$ 3270.00,100
133,09:49:43,$ 3270.02,100
134,09:49:43,$ 3270.0001,100
135,09:49:41,$ 3271.00,139
136,09:49:40,$ 3271.88,100
137,09:49:38,$ 3272.12,100
138,09:49:31,$ 3272.47,100
139,09:49:27,$ 3273.56,110
140,09:49:13,$ 3273.44,100
141,09:49:13,$ 3273.20,100
142,09:49:07,$ 3273.33,100
143,09:49:02,$ 3272.5752,100
144,09:48:54,$ 3270.55,100
145,09:48:40,$ 3272.01,100
146,09:48:40,$ 3272.01,100
148,09:50:13,$ 3269.75,100
149,09:50:13,$ 3270.41,100
150,09:50:13,$ 3270.37,100
151,09:50:13,$ 3270.28,100
152,09:49:55,$ 3271.16,100
153,09:49:50,$ 3270.00,100
154,09:49:43,$ 3270.02,100
155,09:49:43,$ 3270.0001,100
156,09:49:41,$ 3271.00,139
157,09:49:40,$ 3271.88,100
158,09:49:38,$ 3272.12,100
159,09:49:31,$ 3272.47,100
160,09:49:27,$ 3273.56,110
161,09:49:13,$ 3273.44,100
162,09:49:13,$ 3273.20,100
163,09:49:07,$ 3273.33,100
164,09:49:02,$ 3272.5752,100
165,09:48:54,$ 3270.55,100
166,09:48:40,$ 3272.01,100
167,09:48:40,$ 3272.01,100
169,09:46:56,$ 3276.76,250
170,09:46:45,$ 3276.69,100
171,09:46:39,$ 3275.97,100
172,09:46:34,$ 3275.98,100
173,09:46:34,$ 3276.02,100
174,09:46:34,$ 3275.99,100
175,09:46:30,$ 3276.69,100
176,09:46:30,$ 3275.97,100
177,09:46:30,$ 3275.82,100
178,09:46:11,$ 3274.62,100
179,09:46:11,$ 3274.6729,100
180,09:46:06,$ 3274.89,100
181,09:46:05,$ 3275.00,100
182,09:46:05,$ 3275.43,100
183,09:45:39,$ 3276.95,100
184,09:45:30,$ 3276.41,100
185,09:45:28,$ 3275.00,100
186,09:45:23,$ 3275.885,200
187,09:45:20,$ 3276.55,150
188,09:45:20,$ 3276.54,100
190,09:45:15,$ 3277.29,500
191,09:45:14,$ 3277.90,100
192,09:45:09,$ 3278.53,100
193,09:45:05,$ 3278.38,100
194,09:45:03,$ 3277.98,100
195,09:44:59,$ 3278.31,100
196,09:44:59,$ 3277.98,100
197,09:44:55,$ 3277.29,100
198,09:44:51,$ 3277.185,100
199,09:44:42,$ 3277.00,200
200,09:44:41,$ 3277.00,100
201,09:44:36,$ 3276.85,100
202,09:44:36,$ 3276.93,100
203,09:44:34,$ 3277.31,100
204,09:44:31,$ 3276.24,104
205,09:44:30,$ 3275.895,100
206,09:44:30,$ 3275.68,100
207,09:44:27,$ 3276.3299,100
208,09:44:26,$ 3275.7848,100
209,09:44:19,$ 3275.58,500
211,09:48:37,$ 3271.3401,500
212,09:48:01,$ 3276.39,100
213,09:47:56,$ 3274.97,100
214,09:47:56,$ 3275.4019,100
215,09:47:36,$ 3278.155,100
216,09:47:33,$ 3277.88,100
217,09:47:33,$ 3278.00,100
218,09:47:33,$ 3278.12,100
219,09:47:20,$ 3278.4109,100
220,09:47:16,$ 3277.66,100
221,09:47:12,$ 3277.575,100
222,09:47:12,$ 3277.57,100
223,09:47:12,$ 3277.39,100
224,09:47:12,$ 3277.62,100
225,09:47:12,$ 3277.46,100
226,09:47:09,$ 3277.02,150
227,09:47:08,$ 3277.68,100
228,09:47:06,$ 3277.725,100
229,09:47:06,$ 3278.44,100
230,09:47:02,$ 3278.48,100
232,09:43:04,$ 3274.36,100
233,09:42:57,$ 3273.80,100
234,09:42:55,$ 3273.00,100
235,09:42:53,$ 3272.63,100
236,09:42:47,$ 3272.01,100
237,09:42:41,$ 3272.00,100
238,09:42:40,$ 3272.945,100
239,09:42:40,$ 3272.4455,350
240,09:42:34,$ 3275.699,200
241,09:42:32,$ 3274.3335,100
242,09:42:26,$ 3272.85,100
243,09:42:23,$ 3273.93,100
244,09:42:13,$ 3273.06,100
245,09:42:05,$ 3273.18,100
246,09:42:04,$ 3273.62,100
247,09:42:03,$ 3273.7072,128
248,09:41:55,$ 3274.5614,139
249,09:41:53,$ 3274.4559,200
250,09:41:33,$ 3274.96,100
251,09:41:33,$ 3274.48,100
253,09:41:22,$ 3275.30,190
254,09:41:21,$ 3275.30,100
255,09:41:21,$ 3275.30,100
256,09:41:21,$ 3275.30,100
257,09:41:21,$ 3275.30,133
258,09:41:21,$ 3274.855,100
259,09:41:20,$ 3274.41,100
260,09:41:20,$ 3274.41,100
261,09:41:19,$ 3275.205,100
262,09:41:13,$ 3275.00,100
263,09:41:13,$ 3275.00,100
264,09:41:08,$ 3275.625,100
265,09:41:08,$ 3275.48,149
266,09:41:08,$ 3275.48,177
267,09:41:08,$ 3275.48,100
268,09:40:57,$ 3275.88,100
269,09:40:56,$ 3275.88,100
270,09:40:56,$ 3275.84,100
271,09:40:56,$ 3276.02,100
272,09:40:56,$ 3276.365,151
274,09:40:52,$ 3277.1499,184
275,09:40:51,$ 3275.6846,100
276,09:40:50,$ 3275.08,149
277,09:40:50,$ 3275.10,100
278,09:40:50,$ 3275.19,100
279,09:40:49,$ 3276.81,100
280,09:40:48,$ 3277.01,120
281,09:40:47,$ 3277.53,100
282,09:40:47,$ 3277.1718,100
283,09:40:28,$ 3277.42,100
284,09:40:25,$ 3277.02,100
285,09:40:25,$ 3277.35,116
286,09:40:24,$ 3278.24,100
287,09:40:24,$ 3278.23,100
288,09:40:21,$ 3278.39,500
289,09:40:21,$ 3278.21,100
290,09:40:20,$ 3277.3661,100
291,09:40:20,$ 3278.155,100
292,09:40:13,$ 3278.175,100
293,09:40:13,$ 3277.99,100
295,09:40:13,$ 3278.00,100
296,09:40:13,$ 3277.35,100
297,09:40:12,$ 3278.385,200
298,09:40:09,$ 3278.50,100
299,09:40:08,$ 3278.5001,100
300,09:40:05,$ 3279.035,100
301,09:40:05,$ 3278.8043,100
302,09:40:02,$ 3278.44,100
303,09:40:01,$ 3279.80,100
304,09:40:00,$ 3278.645,138
305,09:39:59,$ 3278.99,100
306,09:39:45,$ 3277.15,100
307,09:39:36,$ 3276.0201,100
308,09:39:27,$ 3277.994,100
309,09:39:27,$ 3278.00,200
310,09:39:27,$ 3276.92,100
311,09:39:27,$ 3276.79,100
312,09:39:25,$ 3276.85,100
313,09:39:25,$ 3276.85,100
314,09:39:25,$ 3276.54,100
316,09:39:21,$ 3276.99,100
317,09:39:12,$ 3275.615,100
318,09:39:08,$ 3275.49,101
319,09:39:02,$ 3273.86,100
320,09:39:02,$ 3273.56,100
321,09:39:01,$ 3273.242,100
322,09:39:01,$ 3273.63,100
323,09:38:55,$ 3273.381,250
324,09:38:25,$ 3273.58,100
325,09:38:25,$ 3273.58,100
326,09:38:25,$ 3273.58,100
327,09:38:21,$ 3273.205,100
328,09:38:09,$ 3274.50,100
329,09:38:08,$ 3273.9099,100
330,09:38:08,$ 3273.91,100
331,09:38:08,$ 3273.9099,200
332,09:38:08,$ 3273.01,100
333,09:38:06,$ 3273.60,100
334,09:38:06,$ 3273.60,100
335,09:38:06,$ 3273.40,300
337,09:37:57,$ 3276.00,100
338,09:37:47,$ 3276.51,100
339,09:37:47,$ 3276.45,100
340,09:37:47,$ 3276.475,100
341,09:37:38,$ 3274.14,250
342,09:37:34,$ 3275.485,100
343,09:37:25,$ 3274.875,100
344,09:37:25,$ 3275.14,100
345,09:37:14,$ 3275.42,100
346,09:37:10,$ 3277.28,100
347,09:37:08,$ 3278.14,154
348,09:37:06,$ 3278.4356,213
349,09:37:04,$ 3278.86,100
350,09:37:00,$ 3277.41,100
351,09:36:54,$ 3277.30,200
352,09:36:52,$ 3277.3502,120
353,09:36:50,$ 3276.44,100
354,09:36:43,$ 3277.57,100
355,09:36:40,$ 3278.6534,158
356,09:36:39,$ 3279.00,177
358,09:36:39,$ 3279.00,200
359,09:36:39,$ 3279.00,200
360,09:36:39,$ 3278.61,100
361,09:36:39,$ 3278.00,100
362,09:36:39,$ 3278.00,100
363,09:36:31,$ 3276.0016,150
364,09:36:30,$ 3276.49,100
365,09:36:25,$ 3275.88,100
366,09:36:14,$ 3276.00,155
367,09:36:09,$ 3274.46,100
368,09:36:09,$ 3275.76,100
369,09:36:08,$ 3275.58,100
370,09:36:07,$ 3274.10,100
371,09:36:07,$ 3274.90,110
372,09:36:07,$ 3274.59,100
373,09:36:07,$ 3274.59,100
374,09:36:07,$ 3275.00,200
375,09:36:07,$ 3275.00,200
376,09:36:07,$ 3275.00,100
377,09:36:07,$ 3275.00,100
379,09:36:03,$ 3274.03,200
380,09:36:00,$ 3273.81,100
381,09:36:00,$ 3274.26,100
382,09:35:55,$ 3273.74,100
383,09:35:52,$ 3273.82,100
384,09:35:51,$ 3274.97,100
385,09:35:50,$ 3274.45,100
386,09:35:50,$ 3274.07,100
387,09:35:47,$ 3274.25,100
388,09:35:46,$ 3274.25,100
389,09:35:25,$ 3271.4529,100
390,09:35:22,$ 3270.78,204
391,09:35:20,$ 3271.62,100
392,09:35:20,$ 3271.61,100
393,09:35:20,$ 3271.38,100
394,09:35:19,$ 3271.68,530
395,09:35:19,$ 3271.68,186
396,09:35:19,$ 3271.68,100
397,09:35:18,$ 3273.9199,100
398,09:35:16,$ 3272.57,100
400,09:35:12,$ 3273.355,100
401,09:35:12,$ 3274.36,100
402,09:35:12,$ 3273.41,100
403,09:35:11,$ 3273.42,100
404,09:35:10,$ 3273.30,189
405,09:35:04,$ 3272.24,100
406,09:35:04,$ 3272.40,100
407,09:35:03,$ 3272.04,100
408,09:35:03,$ 3272.67,120
409,09:35:02,$ 3270.83,100
410,09:35:00,$ 3273.298,100
411,09:35:00,$ 3273.2999,100
412,09:35:00,$ 3273.195,100
413,09:35:00,$ 3271.69,100
414,09:35:00,$ 3272.97,100
415,09:35:00,$ 3273.22,100
416,09:35:00,$ 3272.67,110
417,09:35:00,$ 3270.70,100
418,09:34:53,$ 3271.6933,100
419,09:34:51,$ 3272.24,100
421,09:34:51,$ 3272.25,129
422,09:34:47,$ 3271.83,100
423,09:34:47,$ 3271.96,100
424,09:34:36,$ 3271.0175,100
425,09:34:36,$ 3271.015,100
426,09:34:28,$ 3269.05,100
427,09:34:24,$ 3268.425,100
428,09:34:17,$ 3267.19,100
429,09:34:17,$ 3267.195,100
430,09:34:17,$ 3269.34,300
431,09:34:17,$ 3269.50,140
432,09:34:17,$ 3269.34,300
433,09:34:17,$ 3269.87,100
434,09:34:17,$ 3269.89,100
435,09:34:17,$ 3269.50,300
436,09:34:17,$ 3268.88,100
437,09:34:17,$ 3268.595,100
438,09:34:17,$ 3268.595,100
439,09:34:07,$ 3264.52,100
440,09:34:07,$ 3264.47,100
442,09:34:07,$ 3264.51,100
443,09:34:03,$ 3263.25,100
444,09:34:02,$ 3264.18,100
445,09:34:02,$ 3264.18,100
446,09:33:57,$ 3263.255,100
447,09:33:44,$ 3263.7293,135
448,09:33:39,$ 3263.25,100
449,09:33:34,$ 3264.945,250
450,09:33:32,$ 3265.51,100
451,09:33:29,$ 3263.90,100
452,09:33:26,$ 3263.40,100
453,09:33:21,$ 3263.07,100
454,09:33:14,$ 3263.50,100
455,09:33:13,$ 3263.50,100
456,09:33:06,$ 3263.8589,150
457,09:33:01,$ 3265.33,100
458,09:33:01,$ 3265.38,100
459,09:32:58,$ 3264.50,100
460,09:32:51,$ 3266.52,100
461,09:32:50,$ 3265.386,100
463,09:32:47,$ 3267.495,100
464,09:32:47,$ 3267.495,100
465,09:32:47,$ 3266.00,100
466,09:32:44,$ 3266.395,100
467,09:32:41,$ 3267.00,100
468,09:32:41,$ 3267.00,100
469,09:32:39,$ 3269.41,100
470,09:32:25,$ 3268.8985,200
471,09:32:19,$ 3268.57,100
472,09:31:57,$ 3271.10,100
473,09:31:56,$ 3271.0018,"2,000"
474,09:31:45,$ 3270.175,150
475,09:31:29,$ 3269.78,100
476,09:31:26,$ 3268.031,195
477,09:31:26,$ 3271.7399,100
478,09:31:25,$ 3269.99,100
479,09:31:23,$ 3270.76,100
480,09:31:21,$ 3269.80,100
481,09:31:18,$ 3268.03,150
482,09:31:14,$ 3269.59,200
484,09:31:13,$ 3266.6888,400
485,09:31:07,$ 3267.23,100
486,09:30:56,$ 3267.78,100
487,09:30:56,$ 3267.28,100
488,09:30:56,$ 3268.17,100
489,09:30:56,$ 3268.22,100
490,09:30:56,$ 3268.22,100
491,09:30:52,$ 3266.17,100
492,09:30:47,$ 3266.7502,165
493,09:30:45,$ 3267.525,100
494,09:30:38,$ 3269.77,100
495,09:30:38,$ 3269.79,100
496,09:30:38,$ 3270.90,100
497,09:30:38,$ 3269.50,100
498,09:30:38,$ 3268.08,100
499,09:30:26,$ 3264.7613,100
500,09:30:26,$ 3264.39,100
501,09:30:24,$ 3265.328,197
502,09:30:22,$ 3265.86,100
503,09:30:22,$ 3266.86,100
505,09:30:18,$ 3268.7675,100
506,09:30:18,$ 3268.6975,100
507,09:30:18,$ 3268.6975,100
508,09:30:16,$ 3268.91,100
509,09:30:09,$ 3270.1927,150
510,09:30:07,$ 3269.665,100
511,09:30:07,$ 3270.165,100
512,09:30:07,$ 3268.14,100
513,09:30:07,$ 3268.20,100
514,09:30:06,$ 3270.315,100
515,09:30:05,$ 3270.995,100
516,09:30:05,$ 3269.991,100
517,09:30:04,$ 3269.94,100
518,09:30:04,$ 3269.98,101
519,09:30:04,$ 3269.99,100
520,09:30:04,$ 3270.00,108
521,09:30:03,$ 3269.67,100
522,09:30:02,$ 3269.98,100
523,09:30:02,$ 3269.71,2
524,09:30:02,$ 3269.71,5
526,09:30:02,$ 3269.71,1
527,09:30:02,$ 3269.71,1
528,09:30:02,$ 3269.71,10
529,09:30:02,$ 3269.71,1
530,09:30:02,$ 3269.71,1
531,09:30:02,$ 3269.71,2
532,09:30:02,$ 3269.71,1
533,09:30:02,$ 3269.71,30
534,09:30:02,$ 3269.71,4
535,09:30:02,$ 3269.71,3
536,09:30:02,$ 3269.71,1
537,09:30:02,$ 3269.71,16
538,09:30:02,$ 3269.71,1
539,09:30:02,$ 3269.71,15
540,09:30:02,$ 3269.71,1
541,09:30:02,$ 3269.71,10
542,09:30:02,$ 3269.71,2
543,09:30:02,$ 3269.71,3
544,09:30:02,$ 3269.71,1
545,09:30:02,$ 3269.71,1
547,09:30:02,$ 3269.71,1
548,09:30:02,$ 3269.71,10
549,09:30:02,$ 3269.71,1
550,09:30:02,$ 3269.71,4
551,09:30:02,$ 3269.71,2
552,09:30:02,$ 3269.71,4
553,09:30:02,$ 3269.71,15
554,09:30:02,$ 3269.71,2
555,09:30:02,$ 3269.71,3
556,09:30:02,$ 3269.71,4
557,09:30:02,$ 3269.71,300
558,09:30:02,$ 3269.71,1
559,09:30:02,$ 3269.71,1
560,09:30:02,$ 3269.71,2
561,09:30:02,$ 3269.71,1
562,09:30:02,$ 3269.71,1
563,09:30:02,$ 3269.71,1
564,09:30:02,$ 3269.71,2
565,09:30:02,$ 3269.71,1
566,09:30:02,$ 3269.71,1
568,09:30:02,$ 3269.71,10
569,09:30:02,$ 3269.71,15
570,09:30:02,$ 3269.71,50
571,09:30:02,$ 3269.71,1
572,09:30:02,$ 3269.71,6
573,09:30:02,$ 3269.71,5
574,09:30:02,$ 3269.71,1
575,09:30:02,$ 3269.71,1
576,09:30:02,$ 3269.71,25
577,09:30:02,$ 3269.71,10
578,09:30:02,$ 3269.71,1
579,09:30:02,$ 3269.71,2
580,09:30:02,$ 3269.71,5
581,09:30:02,$ 3269.71,1
582,09:30:02,$ 3269.71,10
583,09:30:02,$ 3269.71,1
584,09:30:02,$ 3269.71,3
585,09:30:02,$ 3269.71,1
586,09:30:02,$ 3269.71,25
587,09:30:02,$ 3269.71,8
589,09:30:02,$ 3269.71,1
590,09:30:02,$ 3269.71,1
591,09:30:02,$ 3269.71,5
592,09:30:02,$ 3269.71,367
593,09:30:02,$ 3269.71,1
594,09:30:02,$ 3269.71,2
595,09:30:02,$ 3269.71,1
596,09:30:02,$ 3269.71,3
597,09:30:02,$ 3269.71,1
598,09:30:02,$ 3269.71,5
599,09:30:02,$ 3269.71,2
600,09:30:02,$ 3269.71,4
601,09:30:02,$ 3269.71,1
602,09:30:02,$ 3269.71,5
603,09:30:02,$ 3269.71,1
604,09:30:02,$ 3269.71,10
605,09:30:02,$ 3269.71,3
606,09:30:02,$ 3269.71,42
607,09:30:02,$ 3269.71,8
608,09:30:02,$ 3269.71,10
610,09:30:02,$ 3269.71,12
611,09:30:02,$ 3269.71,1
612,09:30:02,$ 3269.71,3
613,09:30:02,$ 3269.71,1
614,09:30:02,$ 3269.71,28
615,09:30:02,$ 3269.71,10
616,09:30:02,$ 3269.71,6
617,09:30:02,$ 3269.71,2
618,09:30:02,$ 3269.71,6
619,09:30:02,$ 3269.71,40
620,09:30:02,$ 3269.71,7
621,09:30:02,$ 3269.71,12
622,09:30:02,$ 3269.71,1
623,09:30:02,$ 3269.71,9
624,09:30:02,$ 3269.71,3
625,09:30:02,$ 3269.71,2
626,09:30:02,$ 3269.71,2
627,09:30:02,$ 3269.71,1
628,09:30:02,$ 3269.71,3
629,09:30:02,$ 3269.71,12
631,09:30:02,$ 3269.71,2
632,09:30:02,$ 3269.71,4
633,09:30:02,$ 3269.71,3
634,09:30:02,$ 3269.71,11
635,09:30:02,$ 3269.71,1
636,09:30:02,$ 3269.71,3
637,09:30:02,$ 3269.71,6
638,09:30:02,$ 3269.71,5
639,09:30:02,$ 3269.71,2
640,09:30:02,$ 3269.71,2
641,09:30:02,$ 3269.71,1
642,09:30:02,$ 3269.71,1
643,09:30:02,$ 3269.71,2
644,09:30:02,$ 3269.71,2
645,09:30:02,$ 3269.71,1
646,09:30:02,$ 3269.71,1
647,09:30:02,$ 3269.71,3
648,09:30:02,$ 3269.71,1
649,09:30:02,$ 3269.71,2
650,09:30:02,$ 3269.71,5
652,09:30:02,$ 3269.71,1
653,09:30:02,$ 3269.71,5
654,09:30:02,$ 3269.71,4
655,09:30:02,$ 3269.71,1
656,09:30:02,$ 3269.71,1
657,09:30:02,$ 3269.71,2
658,09:30:02,$ 3269.71,2
659,09:30:02,$ 3269.71,1
660,09:30:02,$ 3269.71,100
661,09:30:02,$ 3269.71,6
662,09:30:02,$ 3269.71,3
663,09:30:02,$ 3269.71,7
664,09:30:02,$ 3269.71,1
665,09:30:02,$ 3269.71,19
666,09:30:02,$ 3269.71,1
667,09:30:02,$ 3269.71,1
668,09:30:02,$ 3269.71,4
669,09:30:02,$ 3269.71,266
670,09:30:02,$ 3269.71,1
671,09:30:02,$ 3269.71,10
673,09:30:02,$ 3269.71,1
674,09:30:02,$ 3269.71,48
675,09:30:02,$ 3269.71,7
676,09:30:02,$ 3269.71,30
677,09:30:02,$ 3269.71,6
678,09:30:02,$ 3269.71,8
679,09:30:02,$ 3269.71,4
680,09:30:02,$ 3269.71,5
681,09:30:02,$ 3269.71,5
682,09:30:02,$ 3269.71,5
683,09:30:02,$ 3269.71,2
684,09:30:02,$ 3269.71,1
685,09:30:02,$ 3269.71,5
686,09:30:02,$ 3269.71,1
687,09:30:02,$ 3269.71,2
688,09:30:02,$ 3269.71,5
689,09:30:02,$ 3269.71,1
690,09:30:02,$ 3269.71,2
691,09:30:02,$ 3269.71,7
692,09:30:02,$ 3269.71,2
694,09:30:02,$ 3269.71,1
695,09:30:02,$ 3269.71,1
696,09:30:02,$ 3269.71,1
697,09:30:02,$ 3269.71,2
698,09:30:02,$ 3269.71,1
699,09:30:02,$ 3269.71,1
700,09:30:02,$ 3269.71,4
701,09:30:02,$ 3269.71,9
702,09:30:02,$ 3269.71,10
703,09:30:02,$ 3269.71,5
704,09:30:02,$ 3269.71,10
705,09:30:02,$ 3269.71,1
706,09:30:02,$ 3269.71,1
707,09:30:02,$ 3269.71,1
708,09:30:02,$ 3269.71,1
709,09:30:02,$ 3269.71,1
710,09:30:02,$ 3269.71,6
711,09:30:02,$ 3269.71,5
712,09:30:02,$ 3269.71,1
713,09:30:02,$ 3269.71,1
715,09:30:02,$ 3269.71,2
716,09:30:02,$ 3269.71,1
717,09:30:02,$ 3269.71,8
718,09:30:02,$ 3269.71,1
719,09:30:02,$ 3269.71,1
720,09:30:02,$ 3269.71,2
721,09:30:02,$ 3269.71,5
722,09:30:02,$ 3269.71,6
723,09:30:02,$ 3269.71,1
724,09:30:02,$ 3269.71,1
725,09:30:02,$ 3269.71,2
726,09:30:02,$ 3269.71,7
727,09:30:02,$ 3269.71,3
728,09:30:02,$ 3269.71,1
729,09:30:02,$ 3269.71,3
730,09:30:02,$ 3269.71,2
731,09:30:02,$ 3269.71,2
732,09:30:02,$ 3269.71,1
733,09:30:02,$ 3269.71,7
734,09:30:02,$ 3269.71,2
736,09:30:02,$ 3269.71,2
737,09:30:02,$ 3269.71,1
738,09:30:02,$ 3269.71,1
739,09:30:02,$ 3269.71,2
740,09:30:02,$ 3269.71,2
741,09:30:02,$ 3269.71,1
742,09:30:02,$ 3269.71,1
743,09:30:02,$ 3269.71,16
744,09:30:02,$ 3269.71,3
745,09:30:02,$ 3269.71,1
746,09:30:02,$ 3269.71,1
747,09:30:02,$ 3269.71,1
748,09:30:02,$ 3269.71,3
749,09:30:02,$ 3269.71,2
750,09:30:02,$ 3269.71,1
751,09:30:02,$ 3269.71,5
752,09:30:02,$ 3269.71,3
753,09:30:02,$ 3269.71,2
754,09:30:02,$ 3269.71,2
755,09:30:02,$ 3269.71,7
757,09:30:02,$ 3269.71,1
758,09:30:02,$ 3269.71,2
759,09:30:02,$ 3269.71,1
760,09:30:02,$ 3269.71,3
761,09:30:02,$ 3269.71,1
762,09:30:02,$ 3269.71,22
763,09:30:02,$ 3269.71,1
764,09:30:02,$ 3269.71,200
765,09:30:02,$ 3269.71,48
766,09:30:02,$ 3269.71,4
767,09:30:02,$ 3269.71,88
768,09:30:02,$ 3269.71,104
769,09:30:02,$ 3269.71,1
770,09:30:02,$ 3269.71,22
771,09:30:02,$ 3269.71,1
772,09:30:02,$ 3269.71,2
773,09:30:02,$ 3269.71,1
774,09:30:02,$ 3269.71,3
775,09:30:02,$ 3269.71,10
776,09:30:02,$ 3269.71,1
778,09:30:02,$ 3269.71,1
779,09:30:02,$ 3269.71,11
780,09:30:02,$ 3269.71,4
781,09:30:02,$ 3269.71,5
782,09:30:02,$ 3269.71,3
783,09:30:02,$ 3269.71,14
784,09:30:02,$ 3269.71,70
785,09:30:02,$ 3269.71,1
786,09:30:02,$ 3269.71,1
787,09:30:02,$ 3269.71,4
788,09:30:02,$ 3269.71,2
789,09:30:02,$ 3269.71,1
790,09:30:02,$ 3269.71,49
791,09:30:02,$ 3269.71,1
792,09:30:02,$ 3269.71,9
793,09:30:02,$ 3269.71,1
794,09:30:02,$ 3269.71,2
795,09:30:02,$ 3269.71,1
796,09:30:02,$ 3269.71,13
797,09:30:02,$ 3269.71,1
799,09:30:02,$ 3269.71,2
800,09:30:02,$ 3269.71,3
801,09:30:02,$ 3269.71,1
802,09:30:02,$ 3269.71,10
803,09:30:02,$ 3269.71,15
804,09:30:02,$ 3269.71,1
805,09:30:02,$ 3269.71,1
806,09:30:02,$ 3269.71,5
807,09:30:02,$ 3269.71,1
808,09:30:02,$ 3269.71,1
809,09:30:02,$ 3269.71,2
810,09:30:02,$ 3269.71,2
811,09:30:02,$ 3269.71,1
812,09:30:02,$ 3269.71,1
813,09:30:02,$ 3269.71,1
814,09:30:02,$ 3269.71,5
815,09:30:02,$ 3269.71,1
816,09:30:02,$ 3269.71,4
817,09:30:02,$ 3269.71,9
818,09:30:02,$ 3269.71,3
820,09:30:02,$ 3269.71,13
821,09:30:02,$ 3269.71,2
822,09:30:02,$ 3269.71,3
823,09:30:02,$ 3269.71,8
824,09:30:02,$ 3269.71,5
825,09:30:02,$ 3269.71,6
826,09:30:02,$ 3269.71,2
827,09:30:02,$ 3269.71,1
828,09:30:02,$ 3269.71,23
829,09:30:02,$ 3269.71,3
830,09:30:02,$ 3269.71,1
831,09:30:02,$ 3269.71,6
832,09:30:02,$ 3269.71,5
833,09:30:02,$ 3269.71,3
834,09:30:02,$ 3269.71,4
835,09:30:02,$ 3269.71,3
836,09:30:02,$ 3269.71,8
837,09:30:02,$ 3269.71,1
838,09:30:02,$ 3269.71,16
839,09:30:02,$ 3269.71,1
841,09:30:02,$ 3269.71,1
842,09:30:02,$ 3269.71,10
843,09:30:02,$ 3269.71,2
844,09:30:02,$ 3269.71,20
845,09:30:02,$ 3269.71,2
846,09:30:02,$ 3269.71,5
847,09:30:02,$ 3269.71,3
848,09:30:02,$ 3269.71,6
849,09:30:02,$ 3269.71,1
850,09:30:02,$ 3269.71,1
851,09:30:02,$ 3269.71,2
852,09:30:02,$ 3269.71,1
853,09:30:02,$ 3269.71,2
854,09:30:02,$ 3269.71,5
855,09:30:02,$ 3269.71,3
856,09:30:02,$ 3269.71,2
857,09:30:02,$ 3269.71,75
858,09:30:02,$ 3269.71,3
859,09:30:02,$ 3269.71,3
860,09:30:02,$ 3269.71,2
862,09:30:02,$ 3269.71,2
863,09:30:02,$ 3269.71,1
864,09:30:02,$ 3269.71,4
865,09:30:02,$ 3269.71,1
866,09:30:02,$ 3269.71,100
867,09:30:02,$ 3269.71,1
868,09:30:02,$ 3269.71,5
869,09:30:02,$ 3269.71,2
870,09:30:02,$ 3269.71,2
871,09:30:02,$ 3269.71,1
872,09:30:02,$ 3269.71,1
873,09:30:02,$ 3269.71,2
874,09:30:02,$ 3269.71,2
875,09:30:02,$ 3269.71,11
876,09:30:02,$ 3269.71,1
877,09:30:02,$ 3269.71,1
878,09:30:02,$ 3269.71,15
879,09:30:02,$ 3269.71,9
880,09:30:02,$ 3269.71,1
881,09:30:02,$ 3269.71,4
883,09:30:02,$ 3269.71,10
884,09:30:02,$ 3269.71,1
885,09:30:02,$ 3269.71,20
886,09:30:02,$ 3269.71,5
887,09:30:02,$ 3269.71,5
888,09:30:02,$ 3269.71,1
889,09:30:02,$ 3269.71,1
890,09:30:02,$ 3269.71,2
891,09:30:02,$ 3269.71,2
892,09:30:02,$ 3269.71,1
893,09:30:02,$ 3269.71,2
894,09:30:02,$ 3269.71,1
895,09:30:02,$ 3269.71,1
896,09:30:02,$ 3269.71,3
897,09:30:02,$ 3269.71,1
898,09:30:02,$ 3269.71,1
899,09:30:02,$ 3269.71,1
900,09:30:02,$ 3269.71,4
901,09:30:02,$ 3269.71,10
902,09:30:02,$ 3269.71,1
904,09:30:02,$ 3269.71,1
905,09:30:02,$ 3269.71,1
906,09:30:02,$ 3269.71,20
907,09:30:02,$ 3269.71,17
908,09:30:02,$ 3269.71,1
909,09:30:02,$ 3269.71,1
910,09:30:02,$ 3269.71,5
911,09:30:02,$ 3269.71,1
912,09:30:02,$ 3269.71,1
913,09:30:02,$ 3269.71,1
914,09:30:02,$ 3269.71,2
915,09:30:02,$ 3269.71,1
916,09:30:02,$ 3269.71,1
917,09:30:02,$ 3269.71,3
918,09:30:02,$ 3269.71,1
919,09:30:02,$ 3269.71,7
920,09:30:02,$ 3269.71,4
921,09:30:02,$ 3269.71,3
922,09:30:02,$ 3269.71,1
923,09:30:02,$ 3269.71,1
925,09:30:02,$ 3269.71,1
926,09:30:02,$ 3269.71,1
927,09:30:02,$ 3269.71,1
928,09:30:02,$ 3269.71,1
929,09:30:02,$ 3269.71,1
930,09:30:02,$ 3269.71,1
931,09:30:02,$ 3269.71,1
932,09:30:02,$ 3269.71,1
933,09:30:02,$ 3269.71,1
934,09:30:02,$ 3269.71,1
935,09:30:02,$ 3269.71,1
936,09:30:02,$ 3269.71,1
937,09:30:02,$ 3269.71,1
938,09:30:02,$ 3269.71,1
939,09:30:02,$ 3269.71,1
940,09:30:02,$ 3269.71,1
941,09:30:02,$ 3269.71,1
942,09:30:02,$ 3269.71,1
943,09:30:02,$ 3269.71,1
944,09:30:02,$ 3269.71,1
946,09:30:02,$ 3269.71,1
947,09:30:02,$ 3269.71,2
948,09:30:02,$ 3269.71,1
949,09:30:02,$ 3269.71,1
950,09:30:02,$ 3269.71,1
951,09:30:02,$ 3269.71,1
952,09:30:02,$ 3269.71,1
953,09:30:02,$ 3269.71,1
954,09:30:02,$ 3269.71,1
955,09:30:02,$ 3269.71,1
956,09:30:02,$ 3269.71,1
957,09:30:02,$ 3269.71,1
958,09:30:02,$ 3269.71,1
959,09:30:02,$ 3269.71,1
960,09:30:02,$ 3269.71,1
961,09:30:02,$ 3269.71,1
962,09:30:02,$ 3269.71,1
963,09:30:02,$ 3269.71,1
964,09:30:02,$ 3269.71,1
965,09:30:02,$ 3269.71,1
967,09:30:02,$ 3269.71,3
968,09:30:02,$ 3269.71,25
969,09:30:02,$ 3269.71,1
970,09:30:02,$ 3269.71,1
971,09:30:02,$ 3269.71,1
972,09:30:02,$ 3269.71,1
973,09:30:02,$ 3269.71,1
974,09:30:02,$ 3269.71,1
975,09:30:02,$ 3269.71,1
976,09:30:02,$ 3269.71,1
977,09:30:02,$ 3269.71,1
978,09:30:02,$ 3269.71,1
979,09:30:02,$ 3269.71,1
980,09:30:02,$ 3269.71,1
981,09:30:02,$ 3269.71,1
982,09:30:02,$ 3269.71,1
983,09:30:02,$ 3269.71,1
984,09:30:02,$ 3269.71,1
985,09:30:02,$ 3269.71,1
986,09:30:02,$ 3269.71,2
988,09:30:02,$ 3269.71,5
989,09:30:02,$ 3269.71,15
990,09:30:02,$ 3269.71,2
991,09:30:02,$ 3269.71,7
992,09:30:02,$ 3269.71,2
993,09:30:02,$ 3269.71,2
994,09:30:02,$ 3269.71,2
995,09:30:02,$ 3269.71,3
996,09:30:02,$ 3269.71,9
997,09:30:02,$ 3269.71,6
998,09:30:02,$ 3269.71,3
999,09:30:02,$ 3269.71,1
1000,09:30:02,$ 3269.71,20
1001,09:30:02,$ 3269.71,5
1002,09:30:02,$ 3269.71,1
1003,09:30:02,$ 3269.71,1
1004,09:30:02,$ 3269.71,8
1005,09:30:02,$ 3269.71,1
1006,09:30:02,$ 3269.71,1
1007,09:30:02,$ 3269.71,2
1009,09:30:02,$ 3269.71,1
1010,09:30:02,$ 3269.71,8
1011,09:30:02,$ 3269.71,1
1012,09:30:02,$ 3269.71,1
1013,09:30:02,$ 3269.71,3
1014,09:30:02,$ 3269.71,1
1015,09:30:02,$ 3269.71,5
1016,09:30:02,$ 3269.71,4
1017,09:30:02,$ 3269.71,3
1018,09:30:02,$ 3269.71,3
1019,09:30:02,$ 3269.71,2
1020,09:30:02,$ 3269.71,1
1021,09:30:02,$ 3269.71,1
1022,09:30:02,$ 3269.71,3
1023,09:30:02,$ 3269.71,2
1024,09:30:02,$ 3269.71,4
1025,09:30:02,$ 3269.71,1
1026,09:30:02,$ 3269.71,2
1027,09:30:02,$ 3269.71,30
1028,09:30:02,$ 3269.71,2
1030,09:30:02,$ 3269.71,1
1031,09:30:02,$ 3269.71,1
1032,09:30:02,$ 3269.71,1
1033,09:30:02,$ 3269.71,1
1034,09:30:02,$ 3269.71,1
1035,09:30:02,$ 3269.71,1
1036,09:30:02,$ 3269.71,1
1037,09:30:02,$ 3269.71,1
1038,09:30:02,$ 3269.71,1
1039,09:30:02,$ 3269.71,1
1040,09:30:02,$ 3269.71,1
1041,09:30:02,$ 3269.71,1
1042,09:30:02,$ 3269.71,1
1043,09:30:02,$ 3269.71,1
1044,09:30:02,$ 3269.71,1
1045,09:30:02,$ 3269.71,1
1046,09:30:02,$ 3269.71,1
1047,09:30:02,$ 3269.71,1
1048,09:30:02,$ 3269.71,1
1049,09:30:02,$ 3269.71,1
1051,09:30:02,$ 3269.71,1
1052,09:30:02,$ 3269.71,1
1053,09:30:02,$ 3269.71,1
1054,09:30:02,$ 3269.71,1
1055,09:30:02,$ 3269.71,1
1056,09:30:02,$ 3269.71,1
1057,09:30:02,$ 3269.71,1
1058,09:30:02,$ 3269.71,1
1059,09:30:02,$ 3269.71,1
1060,09:30:02,$ 3269.71,1
1061,09:30:02,$ 3269.71,1
1062,09:30:02,$ 3269.71,1
1063,09:30:02,$ 3269.71,1
1064,09:30:02,$ 3269.71,1
1065,09:30:02,$ 3269.71,1
1066,09:30:02,$ 3269.71,1
1067,09:30:02,$ 3269.71,1
1068,09:30:02,$ 3269.71,1
1069,09:30:02,$ 3269.71,1
1070,09:30:02,$ 3269.71,1
1072,09:30:02,$ 3269.71,1
1073,09:30:02,$ 3269.71,1
1074,09:30:02,$ 3269.71,1
1075,09:30:02,$ 3269.71,1
1076,09:30:02,$ 3269.71,1
1077,09:30:02,$ 3269.71,1
1078,09:30:02,$ 3269.71,1
1079,09:30:02,$ 3269.71,1
1080,09:30:02,$ 3269.71,1
1081,09:30:02,$ 3269.71,1
1082,09:30:02,$ 3269.71,1
1083,09:30:02,$ 3269.71,5
1084,09:30:02,$ 3269.71,1
1085,09:30:02,$ 3269.71,1
1086,09:30:02,$ 3269.71,1
1087,09:30:02,$ 3269.71,1
1088,09:30:02,$ 3269.71,1
1089,09:30:02,$ 3269.71,1
1090,09:30:02,$ 3269.71,1
1091,09:30:02,$ 3269.71,1
1093,09:30:02,$ 3269.71,1
1094,09:30:02,$ 3269.71,1
1095,09:30:02,$ 3269.71,1
1096,09:30:02,$ 3269.71,1
1097,09:30:02,$ 3269.71,1
1098,09:30:02,$ 3269.71,1
1099,09:30:02,$ 3269.71,1
1100,09:30:02,$ 3269.71,1
1101,09:30:02,$ 3269.71,1
1102,09:30:02,$ 3269.71,1
1103,09:30:02,$ 3269.71,1
1104,09:30:02,$ 3269.71,1
1105,09:30:02,$ 3269.71,1
1106,09:30:02,$ 3269.71,1
1107,09:30:02,$ 3269.71,1
1108,09:30:02,$ 3269.71,1
1109,09:30:02,$ 3269.71,1
1110,09:30:02,$ 3269.71,1
1111,09:30:02,$ 3269.71,1
1112,09:30:02,$ 3269.71,1
1114,09:30:02,$ 3269.71,1
1115,09:30:02,$ 3269.71,1
1116,09:30:02,$ 3269.71,1
1117,09:30:02,$ 3269.71,1
1118,09:30:02,$ 3269.71,1
1119,09:30:02,$ 3269.71,1
1120,09:30:02,$ 3269.71,1
1121,09:30:02,$ 3269.71,1
1122,09:30:02,$ 3269.71,1
1123,09:30:02,$ 3269.71,1
1124,09:30:02,$ 3269.71,1
1125,09:30:02,$ 3269.71,23
1126,09:30:02,$ 3269.71,80
1127,09:30:02,$ 3269.71,30
1128,09:30:02,$ 3269.71,4
1129,09:30:02,$ 3269.71,4
1130,09:30:02,$ 3269.71,1
1131,09:30:02,$ 3269.71,1
1132,09:30:02,$ 3269.71,1
1133,09:30:02,$ 3269.71,1
1135,09:30:02,$ 3269.71,1
1136,09:30:02,$ 3269.71,1
1137,09:30:02,$ 3269.71,1
1138,09:30:02,$ 3269.71,1
1139,09:30:02,$ 3269.71,1
1140,09:30:02,$ 3269.71,1
1141,09:30:02,$ 3269.71,1
1142,09:30:02,$ 3269.71,1
1143,09:30:02,$ 3269.71,1
1144,09:30:02,$ 3269.71,1
1145,09:30:02,$ 3269.71,1
1146,09:30:02,$ 3269.71,1
1147,09:30:02,$ 3269.71,1
1148,09:30:02,$ 3269.71,1
1149,09:30:02,$ 3269.71,1
1150,09:30:02,$ 3269.71,1
1151,09:30:02,$ 3269.71,1
1152,09:30:02,$ 3269.71,3
1153,09:30:02,$ 3269.71,1
1154,09:30:02,$ 3269.71,1
1156,09:30:02,$ 3269.71,1
1157,09:30:02,$ 3269.71,1
1158,09:30:02,$ 3269.71,1
1159,09:30:02,$ 3269.71,1
1160,09:30:02,$ 3269.71,2
1161,09:30:02,$ 3269.71,1
1162,09:30:02,$ 3269.71,1
1163,09:30:02,$ 3269.71,5
1164,09:30:02,$ 3269.71,1
1165,09:30:02,$ 3269.71,2
1166,09:30:02,$ 3269.71,5
1167,09:30:02,$ 3269.71,20
1168,09:30:02,$ 3269.71,14
1169,09:30:02,$ 3269.71,1
1170,09:30:02,$ 3269.71,1
1171,09:30:02,$ 3269.71,15
1172,09:30:02,$ 3269.71,8
1173,09:30:02,$ 3269.71,10
1174,09:30:02,$ 3269.71,14
1175,09:30:02,$ 3269.71,37
1177,09:30:02,$ 3269.71,2
1178,09:30:02,$ 3269.71,5
1179,09:30:02,$ 3269.71,3
1180,09:30:02,$ 3269.71,1
1181,09:30:02,$ 3269.71,2
1182,09:30:02,$ 3269.71,2
1183,09:30:02,$ 3269.71,5
1184,09:30:02,$ 3269.71,16
1185,09:30:02,$ 3269.71,3
1186,09:30:02,$ 3269.71,91
1187,09:30:02,$ 3269.71,1
1188,09:30:02,$ 3269.71,3
1189,09:30:02,$ 3269.71,1
1190,09:30:02,$ 3269.71,2
1191,09:30:02,$ 3269.71,4
1192,09:30:02,$ 3269.71,2
1193,09:30:02,$ 3269.71,43
1194,09:30:02,$ 3269.71,62
1195,09:30:02,$ 3269.71,26
1196,09:30:02,$ 3269.71,1
1198,09:30:02,$ 3269.71,6
1199,09:30:02,$ 3269.71,43
1200,09:30:02,$ 3269.71,1
1201,09:30:02,$ 3269.71,6
1202,09:30:02,$ 3269.71,1
1203,09:30:02,$ 3269.71,1
1204,09:30:02,$ 3269.71,8
1205,09:30:02,$ 3269.71,1
1206,09:30:02,$ 3269.71,1
1207,09:30:02,$ 3269.71,1
1208,09:30:02,$ 3269.71,2
1209,09:30:02,$ 3269.71,1
1210,09:30:02,$ 3269.71,4
1211,09:30:02,$ 3269.71,1
1212,09:30:02,$ 3269.71,2
1213,09:30:02,$ 3269.71,10
1214,09:30:02,$ 3269.71,10
1215,09:30:02,$ 3269.71,2
1216,09:30:02,$ 3269.71,1
1217,09:30:02,$ 3269.71,6
1219,09:30:02,$ 3269.71,1
1220,09:30:02,$ 3269.71,9
1221,09:30:02,$ 3269.71,5
1222,09:30:02,$ 3269.71,6
1223,09:30:02,$ 3269.71,1
1224,09:30:02,$ 3269.71,4
1225,09:30:02,$ 3269.71,3
1226,09:30:02,$ 3269.71,5
1227,09:30:02,$ 3269.71,2
1228,09:30:02,$ 3269.71,6
1229,09:30:02,$ 3269.71,2
1230,09:30:02,$ 3269.71,4
1231,09:30:02,$ 3269.71,2
1232,09:30:02,$ 3269.71,3
1233,09:30:02,$ 3269.71,2
1234,09:30:02,$ 3269.71,2
1235,09:30:02,$ 3269.71,2
1236,09:30:02,$ 3269.71,3
1237,09:30:02,$ 3269.71,3
1238,09:30:02,$ 3269.71,3
1240,09:30:02,$ 3269.71,7
1241,09:30:02,$ 3269.71,55
1242,09:30:02,$ 3269.71,1
1243,09:30:02,$ 3269.71,41
1244,09:30:02,$ 3269.71,22
1245,09:30:02,$ 3269.71,10
1246,09:30:02,$ 3269.71,13
1247,09:30:02,$ 3269.71,4
1248,09:30:02,$ 3269.71,29
1249,09:30:02,$ 3269.71,7
1250,09:30:02,$ 3269.71,7
1251,09:30:02,$ 3269.71,4
1252,09:30:02,$ 3269.71,1
1253,09:30:02,$ 3269.71,1
1254,09:30:02,$ 3269.71,1
1255,09:30:02,$ 3269.71,38
1256,09:30:02,$ 3269.71,30
1257,09:30:02,$ 3269.71,4
1258,09:30:02,$ 3269.71,3
1259,09:30:02,$ 3269.71,9
1261,09:30:02,$ 3269.71,5
1262,09:30:02,$ 3269.71,4
1263,09:30:02,$ 3269.71,8
1264,09:30:02,$ 3269.71,1
1265,09:30:02,$ 3269.71,1
1266,09:30:02,$ 3269.71,5
1267,09:30:02,$ 3269.71,3
1268,09:30:02,$ 3269.71,10
1269,09:30:02,$ 3269.71,3
1270,09:30:02,$ 3269.71,2
1271,09:30:02,$ 3269.71,1
1272,09:30:02,$ 3269.71,4
1273,09:30:02,$ 3269.71,4
1274,09:30:02,$ 3269.71,9
1275,09:30:02,$ 3269.71,4
1276,09:30:02,$ 3269.71,1
1277,09:30:02,$ 3269.71,13
1278,09:30:02,$ 3269.71,6
1279,09:30:02,$ 3269.71,5
1280,09:30:02,$ 3269.71,10
1282,09:30:02,$ 3269.71,2
1283,09:30:02,$ 3269.71,81
1284,09:30:02,$ 3269.71,14
1285,09:30:02,$ 3269.71,2
1286,09:30:02,$ 3269.71,5
1287,09:30:02,$ 3269.71,6
1288,09:30:02,$ 3269.71,5
1289,09:30:02,$ 3269.71,32
1290,09:30:02,$ 3269.71,35
1291,09:30:02,$ 3269.71,14
1292,09:30:02,$ 3269.71,2
1293,09:30:02,$ 3269.71,1
1294,09:30:02,$ 3269.71,1
1295,09:30:02,$ 3269.71,1
1296,09:30:02,$ 3269.71,1
1297,09:30:02,$ 3269.71,9
1298,09:30:02,$ 3269.71,1
1299,09:30:02,$ 3269.71,3
1300,09:30:02,$ 3269.71,2
1301,09:30:02,$ 3269.71,2
1303,09:30:02,$ 3269.71,44
1304,09:30:02,$ 3269.71,1
1305,09:30:02,$ 3269.71,6
1306,09:30:02,$ 3269.71,3
1307,09:30:02,$ 3269.71,1
1308,09:30:02,$ 3269.71,5
1309,09:30:02,$ 3269.71,1
1310,09:30:02,$ 3269.71,1
1311,09:30:02,$ 3269.71,1
1312,09:30:02,$ 3269.71,3
1313,09:30:02,$ 3269.71,5
1314,09:30:02,$ 3269.71,1
1315,09:30:02,$ 3269.71,1
1316,09:30:02,$ 3269.71,5
1317,09:30:02,$ 3269.71,100
1318,09:30:02,$ 3269.71,1
1319,09:30:02,$ 3269.71,10
1320,09:30:02,$ 3269.71,2
1321,09:30:02,$ 3269.71,1
1322,09:30:02,$ 3269.71,100
1324,09:30:02,$ 3269.71,1
1325,09:30:02,$ 3269.71,1
1326,09:30:02,$ 3269.71,1
1327,09:30:02,$ 3269.71,1
1328,09:30:02,$ 3269.71,1
1329,09:30:02,$ 3269.71,1
1330,09:30:02,$ 3269.71,198
1331,09:30:02,$ 3269.71,1
1332,09:30:02,$ 3269.71,3
1333,09:30:02,$ 3269.71,4
1334,09:30:02,$ 3269.71,1
1335,09:30:02,$ 3269.71,22
1336,09:30:02,$ 3269.71,3
1337,09:30:02,$ 3269.71,6
1338,09:30:02,$ 3269.71,1
1339,09:30:02,$ 3269.71,2
1340,09:30:02,$ 3269.71,5
1341,09:30:02,$ 3269.71,9
1342,09:30:02,$ 3269.71,3
1343,09:30:02,$ 3269.71,9
1345,09:30:02,$ 3269.71,9
1346,09:30:02,$ 3269.71,1
1347,09:30:02,$ 3269.71,25
1348,09:30:02,$ 3269.71,35
1349,09:30:02,$ 3269.71,2
1350,09:30:02,$ 3269.71,757
1351,09:30:02,$ 3269.71,1
1352,09:30:02,$ 3269.71,10
1353,09:30:02,$ 3269.71,1
1354,09:30:02,$ 3269.71,1
1355,09:30:02,$ 3269.71,1
1356,09:30:02,$ 3269.71,1
1357,09:30:02,$ 3269.71,20
1358,09:30:02,$ 3269.71,25
1359,09:30:02,$ 3269.71,3
1360,09:30:02,$ 3269.71,10
1361,09:30:02,$ 3269.71,10
1362,09:30:02,$ 3269.71,1
1363,09:30:02,$ 3269.71,13
1364,09:30:02,$ 3269.71,1
1366,09:30:02,$ 3269.71,1
1367,09:30:02,$ 3269.71,8
1368,09:30:02,$ 3269.71,61
1369,09:30:02,$ 3269.71,2
1370,09:30:02,$ 3269.71,17
1371,09:30:02,$ 3269.71,3
1372,09:30:02,$ 3269.71,3
1373,09:30:02,$ 3269.71,3
1374,09:30:02,$ 3269.71,129
1375,09:30:02,$ 3269.71,1
1376,09:30:02,$ 3269.71,1
1377,09:30:02,$ 3269.71,3
1378,09:30:02,$ 3269.71,1
1379,09:30:02,$ 3269.71,1
1380,09:30:02,$ 3269.71,1
1381,09:30:02,$ 3269.71,1
1382,09:30:02,$ 3269.71,1
1383,09:30:02,$ 3269.71,2
1384,09:30:02,$ 3269.71,1
1385,09:30:02,$ 3269.71,1
1387,09:30:02,$ 3269.71,5
1388,09:30:02,$ 3269.71,1
1389,09:30:02,$ 3269.71,10
1390,09:30:02,$ 3269.71,2
1391,09:30:02,$ 3269.71,1
1392,09:30:02,$ 3269.71,8
1393,09:30:02,$ 3269.71,1
1394,09:30:02,$ 3269.71,2
1395,09:30:02,$ 3269.71,1
1396,09:30:02,$ 3269.71,2
1397,09:30:02,$ 3269.71,1
1398,09:30:02,$ 3269.71,2
1399,09:30:02,$ 3269.71,1
1400,09:30:02,$ 3269.71,1
1401,09:30:02,$ 3269.71,1
1402,09:30:02,$ 3269.71,4
1403,09:30:02,$ 3269.71,2
1404,09:30:02,$ 3269.71,2
1405,09:30:02,$ 3269.71,8
1406,09:30:02,$ 3269.71,1
1408,09:30:02,$ 3269.71,1
1409,09:30:02,$ 3269.71,1
1410,09:30:02,$ 3269.71,8
1411,09:30:02,$ 3269.71,89
1412,09:30:02,$ 3269.71,1
1413,09:30:02,$ 3269.71,2
1414,09:30:02,$ 3269.71,4
1415,09:30:02,$ 3269.71,12
1416,09:30:02,$ 3269.71,5
1417,09:30:02,$ 3269.71,3
1418,09:30:02,$ 3269.71,1
1419,09:30:02,$ 3269.71,1
1420,09:30:02,$ 3269.71,2
1421,09:30:02,$ 3269.71,20
1422,09:30:02,$ 3269.71,1
1423,09:30:02,$ 3269.71,1
1424,09:30:02,$ 3269.71,1
1425,09:30:02,$ 3269.71,3
1426,09:30:02,$ 3269.71,1
1427,09:30:02,$ 3269.71,2
1429,09:30:02,$ 3269.71,1
1430,09:30:02,$ 3269.71,1
1431,09:30:02,$ 3269.71,1
1432,09:30:02,$ 3269.71,2
1433,09:30:02,$ 3269.71,3
1434,09:30:02,$ 3269.71,4
1435,09:30:02,$ 3269.71,2
1436,09:30:02,$ 3269.71,3
1437,09:30:02,$ 3269.71,1
1438,09:30:02,$ 3269.71,2
1439,09:30:02,$ 3269.71,1
1440,09:30:02,$ 3269.71,1
1441,09:30:02,$ 3269.71,2
1442,09:30:02,$ 3269.71,4
1443,09:30:02,$ 3269.71,33
1444,09:30:02,$ 3269.71,15
1445,09:30:02,$ 3269.71,2
1446,09:30:02,$ 3269.71,100
1447,09:30:02,$ 3269.71,21
1448,09:30:02,$ 3269.71,34
1450,09:30:02,$ 3269.71,2
1451,09:30:02,$ 3269.71,1
1452,09:30:02,$ 3269.71,"3,391"
1453,09:30:02,$ 3269.71,20
1454,09:30:02,$ 3269.71,4
1455,09:30:02,$ 3269.71,1
1456,09:30:02,$ 3269.71,1
1457,09:30:02,$ 3269.71,1
1458,09:30:02,$ 3269.71,188
1459,09:30:02,$ 3269.71,100
1460,09:30:02,$ 3269.71,100
1461,09:30:02,$ 3269.71,60
1462,09:30:02,$ 3269.71,6
1463,09:30:02,$ 3269.71,86
1464,09:30:02,$ 3269.71,3
1465,09:30:02,$ 3269.71,24
1466,09:30:02,$ 3269.71,170
1467,09:30:02,$ 3269.71,59
1468,09:30:02,$ 3269.71,8
1469,09:30:02,$ 3269.71,5
1471,09:30:02,$ 3269.71,30
1472,09:30:02,$ 3269.71,5
1473,09:30:02,$ 3269.71,12
1474,09:30:02,$ 3269.71,62
1475,09:30:02,$ 3269.71,6
1476,09:30:02,$ 3269.71,210
1477,09:30:02,$ 3269.71,175
1478,09:30:02,$ 3269.71,2
1479,09:30:02,$ 3269.71,2
1480,09:30:02,$ 3269.71,"1,397"
1481,09:30:02,$ 3269.71,1
1482,09:30:02,$ 3269.71,3
1483,09:30:02,$ 3269.71,8
1484,09:30:02,$ 3269.71,1
1485,09:30:02,$ 3269.71,1
1486,09:30:02,$ 3269.71,3
1487,09:30:02,$ 3269.71,2
1488,09:30:02,$ 3269.71,1
1489,09:30:02,$ 3269.71,10
1490,09:30:02,$ 3269.71,3
1492,09:30:02,$ 3269.71,1
1493,09:30:02,$ 3269.71,1
1494,09:30:02,$ 3269.71,2
1495,09:30:02,$ 3269.71,1
1496,09:30:02,$ 3269.71,4
1497,09:30:02,$ 3269.71,5
1498,09:30:02,$ 3269.71,12
1499,09:30:02,$ 3269.71,11
1500,09:30:02,$ 3269.71,40
1501,09:30:02,$ 3269.71,20
1502,09:30:02,$ 3269.71,100
1503,09:30:02,$ 3269.71,3
1504,09:30:02,$ 3269.71,10
1505,09:30:02,$ 3269.71,6
1506,09:30:02,$ 3269.71,50
1507,09:30:02,$ 3269.71,3
1508,09:30:02,$ 3269.71,3
1509,09:30:02,$ 3269.71,35
1510,09:30:02,$ 3269.71,19
1511,09:30:02,$ 3269.71,12
1513,09:30:02,$ 3269.71,20
1514,09:30:02,$ 3269.71,3
1515,09:30:02,$ 3269.71,100
1516,09:30:02,$ 3269.71,1
1517,09:30:02,$ 3269.71,1
1518,09:30:02,$ 3269.71,1
1519,09:30:02,$ 3269.71,5
1520,09:30:02,$ 3269.71,3
1521,09:30:02,$ 3269.71,7
1522,09:30:02,$ 3269.71,1
1523,09:30:02,$ 3269.71,1
1524,09:30:02,$ 3269.71,3
1525,09:30:02,$ 3269.71,18
1526,09:30:02,$ 3269.71,26
1527,09:30:02,$ 3269.71,1
1528,09:30:02,$ 3269.71,40
1529,09:30:02,$ 3269.71,1
1530,09:30:02,$ 3269.71,4
1531,09:30:02,$ 3269.71,1
1532,09:30:02,$ 3269.71,1
1534,09:30:02,$ 3269.71,90
1535,09:30:02,$ 3269.71,36
1536,09:30:02,$ 3269.71,129
1537,09:30:02,$ 3269.71,100
1538,09:30:02,$ 3269.71,100
1539,09:30:02,$ 3269.71,4
1540,09:30:02,$ 3269.71,1
1541,09:30:02,$ 3269.71,1
1542,09:30:02,$ 3269.71,1
1543,09:30:02,$ 3269.71,125
1544,09:30:02,$ 3269.71,228
1545,09:30:02,$ 3269.71,34
1546,09:30:02,$ 3269.71,8
1547,09:30:02,$ 3269.71,23
1548,09:30:02,$ 3269.71,15
1549,09:30:02,$ 3269.71,1
1550,09:30:02,$ 3269.71,7
1551,09:30:02,$ 3269.71,16
1552,09:30:02,$ 3269.71,1
1553,09:30:02,$ 3269.71,2
1555,09:30:02,$ 3269.71,5
1556,09:30:02,$ 3269.71,12
1557,09:30:02,$ 3269.71,9
1558,09:30:02,$ 3269.71,9
1559,09:30:02,$ 3269.71,13
1560,09:30:02,$ 3269.71,10
1561,09:30:02,$ 3269.71,8
1562,09:30:02,$ 3269.71,74
1563,09:30:02,$ 3269.71,108
1564,09:30:02,$ 3269.71,3
1565,09:30:02,$ 3269.71,12
1566,09:30:02,$ 3269.71,1
1567,09:30:02,$ 3269.71,233
1568,09:30:02,$ 3269.71,1
1569,09:30:02,$ 3269.71,5
1570,09:30:02,$ 3269.71,10
1571,09:30:02,$ 3269.71,1
1572,09:30:02,$ 3269.71,100
1573,09:30:02,$ 3269.71,1
1574,09:30:02,$ 3269.71,100
1576,09:30:02,$ 3269.71,3
1577,09:30:02,$ 3269.71,5
1578,09:30:02,$ 3269.71,1
1579,09:30:02,$ 3269.71,57
1580,09:30:02,$ 3269.71,3
1581,09:30:02,$ 3269.71,5
1582,09:30:02,$ 3269.71,2
1583,09:30:02,$ 3269.71,1
1584,09:30:02,$ 3269.71,2
1585,09:30:02,$ 3269.71,1
1586,09:30:02,$ 3269.71,2
1587,09:30:02,$ 3269.71,2
1588,09:30:02,$ 3269.71,2
1589,09:30:02,$ 3269.71,3
1590,09:30:02,$ 3269.71,7
1591,09:30:02,$ 3269.71,10
1592,09:30:02,$ 3269.71,60
1593,09:30:02,$ 3269.71,25
1594,09:30:02,$ 3269.71,1
1595,09:30:02,$ 3269.71,1
1597,09:30:02,$ 3269.71,5
1598,09:30:02,$ 3269.71,2
1599,09:30:02,$ 3269.71,1
1600,09:30:02,$ 3269.71,12
1601,09:30:02,$ 3269.71,2
1602,09:30:02,$ 3269.71,1
1603,09:30:02,$ 3269.71,2
1604,09:30:02,$ 3269.71,2
1605,09:30:02,$ 3269.71,1
1606,09:30:02,$ 3269.71,3
1607,09:30:02,$ 3269.71,2
1608,09:30:02,$ 3269.71,1
1609,09:30:02,$ 3269.71,25
1610,09:30:02,$ 3269.71,10
1611,09:30:02,$ 3269.71,6
1612,09:30:02,$ 3269.71,201
1613,09:30:02,$ 3269.71,1
1614,09:30:02,$ 3269.71,3
1615,09:30:02,$ 3269.71,9
1616,09:30:02,$ 3269.71,6
1618,09:30:02,$ 3269.71,1
1619,09:30:02,$ 3269.71,1
1620,09:30:02,$ 3269.71,4
1621,09:30:02,$ 3269.71,3
1622,09:30:02,$ 3269.71,5
1623,09:30:02,$ 3269.71,100
1624,09:30:02,$ 3269.71,1
1625,09:30:02,$ 3269.71,5
1626,09:30:02,$ 3269.71,426
1627,09:30:02,$ 3269.71,1
1628,09:30:02,$ 3269.71,3
1629,09:30:02,$ 3269.71,1
1630,09:30:02,$ 3269.71,1
1631,09:30:02,$ 3269.71,1
1632,09:30:02,$ 3269.71,1
1633,09:30:02,$ 3269.71,10
1634,09:30:02,$ 3269.71,13
1635,09:30:02,$ 3269.71,50
1636,09:30:02,$ 3269.71,5
1637,09:30:02,$ 3269.71,3
1639,09:30:02,$ 3269.71,10
1640,09:30:02,$ 3269.71,20
1641,09:30:02,$ 3269.71,116
1642,09:30:02,$ 3269.71,2
1643,09:30:02,$ 3269.71,4
1644,09:30:02,$ 3269.71,1
1645,09:30:02,$ 3269.71,1
1646,09:30:02,$ 3269.71,7
1647,09:30:02,$ 3269.71,1
1648,09:30:02,$ 3269.71,4
1649,09:30:02,$ 3269.71,1
1650,09:30:02,$ 3269.71,10
1651,09:30:02,$ 3269.71,15
1652,09:30:02,$ 3269.71,8
1653,09:30:02,$ 3269.71,1
1654,09:30:02,$ 3269.71,326
1655,09:30:02,$ 3269.71,1
1656,09:30:02,$ 3269.71,3
1657,09:30:02,$ 3269.71,6
1658,09:30:02,$ 3269.71,1
1660,09:30:02,$ 3269.71,1
1661,09:30:02,$ 3269.71,150
1662,09:30:02,$ 3269.71,16
1663,09:30:02,$ 3269.71,11
1664,09:30:02,$ 3269.71,3
1665,09:30:02,$ 3269.71,50
1666,09:30:02,$ 3269.71,1
1667,09:30:02,$ 3269.71,1
1668,09:30:02,$ 3269.71,5
1669,09:30:02,$ 3269.71,2
1670,09:30:02,$ 3269.71,2
1671,09:30:02,$ 3269.71,5
1672,09:30:02,$ 3269.71,1
1673,09:30:02,$ 3269.71,1
1674,09:30:02,$ 3269.71,1
1675,09:30:02,$ 3269.71,6
1676,09:30:02,$ 3269.71,15
1677,09:30:02,$ 3269.71,3
1678,09:30:02,$ 3269.71,1
1679,09:30:02,$ 3269.71,13
1681,09:30:02,$ 3269.71,70
1682,09:30:02,$ 3269.71,1
1683,09:30:02,$ 3269.71,1
1684,09:30:02,$ 3269.71,7
1685,09:30:02,$ 3269.71,2
1686,09:30:02,$ 3269.71,1
1687,09:30:02,$ 3269.71,3
1688,09:30:02,$ 3269.71,7
1689,09:30:02,$ 3269.71,61
1690,09:30:02,$ 3269.71,1
1691,09:30:02,$ 3269.71,25
1692,09:30:02,$ 3269.71,"2,000"
1693,09:30:02,$ 3269.71,4
1694,09:30:02,$ 3269.71,4
1695,09:30:02,$ 3269.71,10
1696,09:30:02,$ 3269.71,21
1697,09:30:02,$ 3269.71,1
1698,09:30:02,$ 3269.71,47
1699,09:30:02,$ 3269.71,1
1700,09:30:02,$ 3269.71,7
1702,09:30:02,$ 3269.71,2
1703,09:30:02,$ 3269.71,1
1704,09:30:02,$ 3269.71,95
1705,09:30:02,$ 3269.71,1
1706,09:30:02,$ 3269.71,5
1707,09:30:02,$ 3269.71,17
1708,09:30:02,$ 3269.71,1
1709,09:30:02,$ 3269.71,5
1710,09:30:02,$ 3269.71,5
1711,09:30:02,$ 3269.71,1
1712,09:30:02,$ 3269.71,25
1713,09:30:02,$ 3269.71,1
1714,09:30:02,$ 3269.71,681
1715,09:30:02,$ 3269.71,1
1716,09:30:02,$ 3269.71,103
1717,09:30:02,$ 3269.71,1
1718,09:30:02,$ 3269.71,30
1719,09:30:02,$ 3269.71,8
1720,09:30:02,$ 3269.71,1
1721,09:30:01,$ 3270.00,200
1723,09:30:01,$ 3270.00,200
1724,09:30:01,$ 3270.00,248
1726,10:29:42,$ 3268.00,100
1727,10:29:42,$ 3268.00,352
1728,10:28:50,$ 3267.00,100
1729,10:28:48,$ 3266.945,100
1730,10:28:48,$ 3266.54,100
1731,10:28:48,$ 3266.58,100
1732,10:28:48,$ 3267.00,200
1733,10:28:48,$ 3266.83,100
1734,10:28:34,$ 3267.405,100
1735,10:28:34,$ 3267.24,100
1736,10:28:34,$ 3267.345,100
1737,10:28:34,$ 3267.285,100
1738,10:28:34,$ 3267.22,100
1739,10:28:34,$ 3267.295,100
1740,10:28:08,$ 3268.1825,100
1741,10:28:08,$ 3268.2325,100
1742,10:28:03,$ 3268.29,100
1743,10:27:14,$ 3269.00,100
1744,10:27:03,$ 3268.31,100
1745,10:27:01,$ 3268.39,100
1747,10:26:54,$ 3269.97,100
1748,10:26:47,$ 3269.43,100
1749,10:26:46,$ 3269.45,100
1750,10:26:02,$ 3269.96,100
1751,10:25:49,$ 3270.855,100
1752,10:25:47,$ 3271.49,100
1753,10:25:47,$ 3271.325,100
1754,10:25:31,$ 3271.635,100
1755,10:25:15,$ 3271.005,196
1756,10:25:15,$ 3270.91,196
1757,10:25:15,$ 3270.91,100
1758,10:25:15,$ 3270.91,136
1759,10:25:15,$ 3270.91,100
1760,10:25:15,$ 3270.91,218
1761,10:25:08,$ 3269.845,115
1762,10:24:52,$ 3269.945,100
1763,10:24:52,$ 3270.52,100
1764,10:24:52,$ 3270.83,100
1765,10:24:52,$ 3270.14,300
1766,10:24:52,$ 3270.4225,100
1768,10:24:52,$ 3270.40,100
1769,10:24:51,$ 3269.60,100
1770,10:24:51,$ 3269.66,110
1771,10:24:51,$ 3269.60,100
1772,10:24:43,$ 3269.79,100
1773,10:24:20,$ 3271.9233,100
1774,10:24:08,$ 3269.17,110
1775,10:23:56,$ 3269.40,100
1776,10:23:56,$ 3269.35,439
1777,10:23:49,$ 3268.81,110
1778,10:23:33,$ 3267.00,120
1779,10:23:25,$ 3268.60,100
1780,10:23:11,$ 3268.63,100
1781,10:23:05,$ 3269.35,100
1782,10:23:01,$ 3269.35,115
1783,10:23:00,$ 3269.50,100
1784,10:23:00,$ 3269.23,100
1785,10:22:24,$ 3267.44,100
1786,10:22:14,$ 3268.36,100
1787,10:22:14,$ 3268.36,100
1789,10:21:33,$ 3268.76,100
1790,10:21:33,$ 3268.70,100
1791,10:21:32,$ 3268.3028,100
1792,10:21:27,$ 3268.26,100
1793,10:21:27,$ 3268.26,100
1794,10:21:27,$ 3268.24,100
1795,10:21:26,$ 3266.685,200
1796,10:21:17,$ 3266.19,100
1797,10:21:17,$ 3266.19,100
1798,10:21:14,$ 3265.53,100
1799,10:21:14,$ 3265.03,100
1800,10:21:14,$ 3265.06,100
1801,10:21:14,$ 3265.535,100
1802,10:21:14,$ 3265.21,100
1803,10:21:11,$ 3265.535,100
1804,10:21:11,$ 3265.815,100
1805,10:21:11,$ 3265.975,100
1806,10:21:10,$ 3265.975,100
1807,10:21:09,$ 3265.33,100
1808,10:21:09,$ 3266.495,100
1810,10:21:03,$ 3265.14,100
1811,10:21:03,$ 3266.255,100
1812,10:21:02,$ 3266.00,100
1813,10:21:02,$ 3266.20,100
1814,10:21:02,$ 3265.77,100
1815,10:21:02,$ 3265.19,100
1816,10:21:02,$ 3266.695,100
1817,10:21:00,$ 3267.00,100
1818,10:20:47,$ 3268.2386,200
1819,10:20:42,$ 3269.12,100
1820,10:20:39,$ 3268.88,100
1821,10:20:31,$ 3268.31,100
1822,10:20:15,$ 3268.95,100
1823,10:20:15,$ 3269.06,100
1824,10:20:02,$ 3267.146,100
1825,10:19:51,$ 3267.29,300
1826,10:19:40,$ 3267.97,100
1827,10:19:36,$ 3267.7799,100
1828,10:19:22,$ 3267.32,100
1829,10:18:56,$ 3266.5075,100
1831,10:18:26,$ 3266.94,100
1832,10:18:23,$ 3266.14,100
1833,10:18:18,$ 3266.99,100
1834,10:18:18,$ 3266.98,100
1835,10:18:08,$ 3266.93,100
1836,10:18:03,$ 3266.37,149
1837,10:17:45,$ 3266.44,100
1838,10:17:33,$ 3265.735,153
1839,10:17:09,$ 3266.34,100
1840,10:16:39,$ 3266.04,100
1841,10:16:36,$ 3267.02,100
1842,10:16:01,$ 3263.97,100
1843,10:16:01,$ 3264.29,100
1844,10:16:01,$ 3264.38,216
1845,10:15:55,$ 3263.93,100
1846,10:15:55,$ 3264.06,100
1847,10:15:52,$ 3263.48,100
1848,10:15:52,$ 3263.72,100
1849,10:15:51,$ 3264.39,100
1850,10:15:51,$ 3264.00,100
1852,10:15:51,$ 3264.00,499
1853,10:15:51,$ 3264.01,100
1854,10:15:51,$ 3264.30,100
1855,10:15:51,$ 3264.03,100
1856,10:15:47,$ 3264.49,100
1857,10:15:34,$ 3265.285,100
1858,10:15:27,$ 3264.41,100
1859,10:15:26,$ 3263.84,100
1860,10:15:21,$ 3263.95,100
1861,10:15:11,$ 3262.59,150
1862,10:15:00,$ 3264.00,100
1863,10:14:42,$ 3263.24,100
1864,10:14:35,$ 3261.37,100
1865,10:14:35,$ 3261.40,100
1866,10:14:34,$ 3261.55,100
1867,10:14:33,$ 3262.205,100
1868,10:14:23,$ 3263.2101,163
1869,10:14:03,$ 3262.73,100
1870,10:13:59,$ 3262.04,200
1871,10:13:54,$ 3262.22,100
1873,10:13:53,$ 3262.60,100
1874,10:13:24,$ 3262.17,100
1875,10:13:15,$ 3263.33,100
1876,10:13:01,$ 3263.00,100
1877,10:13:01,$ 3263.00,100
1878,10:13:01,$ 3263.02,100
1879,10:13:01,$ 3263.01,100
1880,10:12:51,$ 3264.23,100
1881,10:12:40,$ 3264.895,100
1882,10:12:23,$ 3264.99,291
1883,10:12:23,$ 3265.38,100
1884,10:12:23,$ 3264.98,100
1885,10:12:23,$ 3265.00,187
1886,10:12:23,$ 3265.00,282
1887,10:12:16,$ 3265.11,100
1888,10:12:16,$ 3265.11,100
1889,10:12:16,$ 3264.54,100
1890,10:12:10,$ 3265.315,100
1891,10:12:07,$ 3265.355,100
1892,10:12:07,$ 3265.355,100
1894,10:12:02,$ 3264.50,100
1895,10:12:02,$ 3264.52,100
1896,10:12:02,$ 3264.60,100
1897,10:12:02,$ 3265.20,100
1898,10:12:02,$ 3265.51,100
1899,10:12:02,$ 3265.50,100
1900,10:12:02,$ 3266.00,100
1901,10:12:02,$ 3266.00,100
1902,10:11:58,$ 3266.51,100
1903,10:11:51,$ 3265.74,100
1904,10:11:51,$ 3265.73,100
1905,10:11:34,$ 3267.455,100
1906,10:11:28,$ 3267.85,100
1907,10:11:22,$ 3267.8752,100
1908,10:11:15,$ 3268.74,100
1909,10:11:07,$ 3268.9842,200
1910,10:11:07,$ 3268.57,100
1911,10:10:58,$ 3269.00,100
1912,10:10:58,$ 3269.01,100
1913,10:10:48,$ 3270.595,100
1915,10:10:35,$ 3274.0899,150
1916,10:10:12,$ 3273.00,100
1917,10:10:12,$ 3273.00,215
1918,10:10:12,$ 3273.00,130
1919,10:09:32,$ 3271.42,100
1920,10:09:30,$ 3272.01,144
1921,10:09:16,$ 3272.03,100
1922,10:09:16,$ 3272.03,141
1923,10:09:13,$ 3272.8419,100
1924,10:09:13,$ 3272.09,100
1925,10:09:10,$ 3273.6615,155
1926,10:09:03,$ 3273.10,143
1927,10:08:57,$ 3273.56,100
1928,10:08:29,$ 3271.3501,100
1929,10:08:26,$ 3271.85,100
1930,10:08:22,$ 3272.01,100
1931,10:08:22,$ 3272.00,100
1932,10:08:03,$ 3271.46,100
1933,10:07:50,$ 3272.01,100
1934,10:07:48,$ 3271.75,100
1936,10:07:48,$ 3271.74,100
1937,10:07:48,$ 3272.05,100
1938,10:06:48,$ 3273.35,100
1939,10:05:57,$ 3273.32,250
1940,10:05:57,$ 3273.175,100
1941,10:05:57,$ 3273.02,100
1942,10:05:36,$ 3273.83,100
1943,10:05:34,$ 3273.3103,100
1944,10:05:31,$ 3275.00,100
1945,10:05:24,$ 3274.95,100
1946,10:05:24,$ 3275.00,116
1947,10:05:24,$ 3275.00,468
1948,10:05:24,$ 3275.00,100
1949,10:05:24,$ 3274.78,190
1950,10:05:24,$ 3275.00,193
1951,10:05:24,$ 3275.00,100
1952,10:05:24,$ 3275.00,100
1953,10:05:24,$ 3275.00,100
1954,10:05:01,$ 3273.51,100
1955,10:04:57,$ 3274.685,100
1957,10:04:56,$ 3275.00,600
1958,10:04:56,$ 3275.00,100
1959,10:04:56,$ 3275.00,800
1960,10:04:56,$ 3275.00,100
1961,10:04:56,$ 3275.00,100
1962,10:04:56,$ 3274.60,100
1963,10:04:56,$ 3275.00,984
1964,10:04:56,$ 3275.00,100
1965,10:04:56,$ 3275.00,100
1966,10:04:35,$ 3272.34,100
1967,10:04:32,$ 3272.2935,154
1968,10:04:25,$ 3271.545,100
1969,10:04:25,$ 3271.5003,100
1970,10:03:42,$ 3273.00,159
1971,10:03:42,$ 3273.00,100
1972,10:03:42,$ 3273.00,100
1973,10:03:31,$ 3271.935,100
1974,10:03:18,$ 3271.665,100
1975,10:03:15,$ 3272.24,100
1976,10:03:15,$ 3272.23,100
1978,10:03:15,$ 3272.19,144
1979,10:03:10,$ 3272.66,100
1980,10:03:08,$ 3272.905,200
1981,10:02:46,$ 3271.90,100
1982,10:02:16,$ 3271.12,100
1983,10:02:02,$ 3272.11,100
1984,10:02:02,$ 3272.11,100
1985,10:02:02,$ 3272.10,100
1986,10:02:02,$ 3272.00,150
1987,10:02:02,$ 3272.00,100
1988,10:02:02,$ 3272.06,100
1989,10:01:44,$ 3270.51,110
1990,10:01:39,$ 3270.50,100
1991,10:01:38,$ 3271.8105,100
1992,10:01:34,$ 3271.91,100
1993,10:01:26,$ 3272.00,142
1994,10:01:08,$ 3272.00,100
1995,10:01:06,$ 3271.585,100
1996,10:01:04,$ 3271.56,100
1997,10:00:47,$ 3272.07,100
1999,10:00:08,$ 3272.93,169
2000,10:00:04,$ 3272.93,100
2002,10:59:30,$ 3274.27,100
2003,10:59:29,$ 3274.27,100
2004,10:58:23,$ 3274.14,100
2005,10:58:20,$ 3274.105,100
2006,10:58:20,$ 3274.00,150
2007,10:58:20,$ 3274.00,137
2008,10:58:20,$ 3274.00,100
2009,10:58:19,$ 3274.00,100
2010,10:58:19,$ 3274.00,100
2011,10:58:15,$ 3273.83,100
2012,10:58:10,$ 3274.385,100
2013,10:58:10,$ 3274.135,100
2014,10:58:10,$ 3274.135,100
2015,10:58:02,$ 3273.955,100
2016,10:57:57,$ 3273.77,100
2017,10:57:57,$ 3273.74,100
2018,10:57:51,$ 3273.685,100
2019,10:57:51,$ 3273.84,100
2020,10:57:51,$ 3274.52,100
2021,10:57:51,$ 3274.86,100
2023,10:57:51,$ 3274.27,100
2024,10:57:51,$ 3274.38,100
2025,10:57:45,$ 3272.45,100
2026,10:57:44,$ 3273.65,100
2027,10:57:23,$ 3273.45,100
2028,10:57:18,$ 3273.7675,100
2029,10:57:07,$ 3273.41,100
2030,10:56:53,$ 3273.12,100
2031,10:56:51,$ 3274.5525,100
2032,10:56:50,$ 3274.31,100
2033,10:56:31,$ 3273.85,100
2034,10:56:30,$ 3273.2372,150
2035,10:56:29,$ 3273.855,220
2036,10:56:25,$ 3273.845,100
2037,10:56:18,$ 3273.84,100
2038,10:56:09,$ 3273.995,100
2039,10:55:56,$ 3273.93,100
2040,10:55:56,$ 3273.92,100
2041,10:55:56,$ 3273.92,135
2042,10:55:56,$ 3273.87,100
2044,10:55:54,$ 3273.60,100
2045,10:55:38,$ 3273.24,100
2046,10:55:27,$ 3274.00,100
2047,10:55:27,$ 3273.81,100
2048,10:55:24,$ 3274.06,100
2049,10:55:21,$ 3274.67,100
2050,10:54:50,$ 3274.44,100
2051,10:54:18,$ 3275.60,100
2052,10:54:03,$ 3276.19,100
2053,10:53:57,$ 3275.75,100
2054,10:53:53,$ 3275.75,100
2055,10:53:48,$ 3275.99,100
2056,10:53:46,$ 3276.01,100
2057,10:53:46,$ 3276.09,100
2058,10:53:29,$ 3275.16,100
2059,10:53:18,$ 3275.02,100
2060,10:53:18,$ 3275.07,100
2061,10:53:12,$ 3275.545,115
2062,10:53:11,$ 3276.00,100
2063,10:53:08,$ 3275.54,100
2065,10:52:59,$ 3275.54,100
2066,10:52:55,$ 3275.97,100
2067,10:52:29,$ 3275.08,100
2068,10:52:27,$ 3275.60,100
2069,10:52:26,$ 3276.27,100
2070,10:52:26,$ 3276.26,100
2071,10:52:15,$ 3276.91,200
2072,10:52:14,$ 3277.385,100
2073,10:52:02,$ 3277.45,100
2074,10:52:02,$ 3277.445,100
2075,10:51:58,$ 3277.02,100
2076,10:51:55,$ 3277.03,150
2077,10:51:55,$ 3277.06,100
2078,10:51:32,$ 3276.93,100
2079,10:51:31,$ 3276.50,100
2080,10:51:19,$ 3276.685,100
2081,10:50:54,$ 3276.87,100
2082,10:50:41,$ 3275.99,144
2083,10:50:41,$ 3276.00,520
2084,10:50:35,$ 3275.45,100
2086,10:50:34,$ 3275.40,100
2087,10:50:23,$ 3275.45,100
2088,10:50:06,$ 3276.00,398
2089,10:49:54,$ 3275.95,100
2090,10:49:42,$ 3275.34,100
2091,10:49:29,$ 3276.3325,100
2092,10:49:24,$ 3276.09,100
2093,10:49:01,$ 3275.84,117
2094,10:48:55,$ 3275.05,134
2095,10:48:45,$ 3275.6665,100
2096,10:48:38,$ 3275.865,100
2097,10:48:37,$ 3275.25,100
2098,10:48:20,$ 3275.835,100
2099,10:48:11,$ 3276.86,100
2100,10:48:11,$ 3276.85,100
2101,10:48:11,$ 3276.82,100
2102,10:48:03,$ 3277.01,100
2103,10:47:38,$ 3277.75,100
2104,10:47:27,$ 3277.3147,100
2105,10:47:17,$ 3277.9194,300
2107,10:47:12,$ 3278.03,150
2108,10:46:59,$ 3277.05,100
2109,10:46:59,$ 3277.25,100
2110,10:46:57,$ 3277.975,250
2111,10:46:52,$ 3277.75,"1,000"
2112,10:46:49,$ 3278.095,100
2113,10:46:23,$ 3277.1301,400
2114,10:46:15,$ 3278.025,100
2115,10:45:51,$ 3277.9475,100
2116,10:45:27,$ 3276.59,100
2117,10:45:21,$ 3277.92,100
2118,10:45:21,$ 3278.11,100
2119,10:45:17,$ 3277.40,100
2120,10:44:55,$ 3278.225,170
2121,10:44:54,$ 3277.37,119
2122,10:44:48,$ 3277.55,100
2123,10:44:39,$ 3277.46,100
2124,10:44:37,$ 3278.23,100
2125,10:44:37,$ 3277.65,100
2126,10:44:23,$ 3278.38,100
2128,10:44:22,$ 3277.575,100
2129,10:44:22,$ 3277.27,100
2130,10:44:22,$ 3277.00,402
2131,10:44:22,$ 3277.00,100
2132,10:44:22,$ 3276.90,100
2133,10:44:10,$ 3276.40,100
2134,10:44:10,$ 3276.4296,100
2135,10:44:09,$ 3276.43,100
2136,10:44:05,$ 3276.49,100
2137,10:43:58,$ 3275.68,100
2138,10:43:58,$ 3275.68,100
2139,10:43:51,$ 3276.51,100
2140,10:43:51,$ 3276.43,100
2141,10:43:50,$ 3276.50,100
2142,10:43:50,$ 3276.50,100
2143,10:43:40,$ 3275.49,100
2144,10:43:37,$ 3275.38,100
2145,10:43:35,$ 3275.385,121
2146,10:43:35,$ 3275.475,100
2147,10:43:35,$ 3275.475,100
2149,10:43:33,$ 3275.475,100
2150,10:43:19,$ 3275.465,100
2151,10:43:17,$ 3275.46,100
2152,10:43:17,$ 3275.53,100
2153,10:43:17,$ 3275.53,100
2154,10:43:17,$ 3275.46,100
2155,10:43:15,$ 3275.46,100
2156,10:43:05,$ 3275.455,100
2157,10:43:01,$ 3275.895,100
2158,10:43:01,$ 3275.895,100
2159,10:42:52,$ 3275.745,100
2160,10:42:31,$ 3275.60,100
2161,10:42:29,$ 3275.86,100
2162,10:42:25,$ 3275.59,100
2163,10:42:21,$ 3276.1825,100
2164,10:42:15,$ 3276.76,100
2165,10:42:03,$ 3275.785,400
2166,10:41:59,$ 3275.06,100
2167,10:41:56,$ 3274.005,100
2168,10:41:56,$ 3274.78,100
2170,10:41:56,$ 3274.76,100
2171,10:41:56,$ 3274.82,100
2172,10:41:55,$ 3274.29,100
2173,10:41:41,$ 3276.03,100
2174,10:41:29,$ 3275.13,100
2175,10:41:28,$ 3275.6786,100
2176,10:41:22,$ 3275.585,100
2177,10:41:16,$ 3276.005,100
2178,10:41:06,$ 3275.47,100
2179,10:41:06,$ 3275.47,100
2180,10:41:06,$ 3275.475,100
2181,10:41:06,$ 3275.475,100
2182,10:41:06,$ 3275.47,100
2183,10:40:56,$ 3275.68,100
2184,10:40:56,$ 3275.69,100
2185,10:40:56,$ 3275.69,100
2186,10:40:56,$ 3275.69,105
2187,10:40:56,$ 3275.69,100
2188,10:40:51,$ 3275.66,100
2189,10:40:51,$ 3275.65,100
2191,10:40:51,$ 3275.65,100
2192,10:40:47,$ 3276.495,100
2193,10:40:47,$ 3276.495,100
2194,10:40:46,$ 3276.255,100
2195,10:40:43,$ 3276.16,100
2196,10:40:43,$ 3276.16,100
2197,10:40:41,$ 3276.155,100
2198,10:40:41,$ 3276.5525,100
2199,10:40:41,$ 3276.5525,100
2200,10:40:36,$ 3275.42,100
2201,10:40:34,$ 3275.92,100
2202,10:40:24,$ 3276.31,200
2203,10:40:05,$ 3276.28,170
2204,10:39:58,$ 3276.73,100
2205,10:39:58,$ 3276.65,100
2206,10:39:51,$ 3275.3342,100
2207,10:39:18,$ 3274.80,100
2208,10:39:12,$ 3276.08,100
2209,10:39:12,$ 3276.07,100
2210,10:39:10,$ 3276.535,100
2212,10:38:56,$ 3275.63,100
2213,10:38:56,$ 3276.16,100
2214,10:38:56,$ 3276.16,100
2215,10:38:56,$ 3276.15,100
2216,10:38:38,$ 3275.67,100
2217,10:38:34,$ 3276.65,100
2218,10:38:34,$ 3276.686,121
2219,10:37:52,$ 3276.88,100
2220,10:37:44,$ 3277.18,100
2221,10:37:44,$ 3277.3075,100
2222,10:37:41,$ 3276.77,100
2223,10:37:38,$ 3276.35,100
2224,10:37:38,$ 3276.34,100
2225,10:37:35,$ 3277.55,100
2226,10:37:31,$ 3278.075,100
2227,10:37:31,$ 3276.62,100
2228,10:37:24,$ 3277.2775,100
2229,10:37:21,$ 3277.36,100
2230,10:37:18,$ 3276.64,100
2231,10:37:18,$ 3276.0542,100
2233,10:37:18,$ 3276.56,100
2234,10:37:09,$ 3277.254,100
2235,10:37:09,$ 3276.42,100
2236,10:37:09,$ 3277.08,100
2237,10:37:09,$ 3276.18,100
2238,10:37:09,$ 3277.01,100
2239,10:37:09,$ 3277.34,100
2240,10:37:09,$ 3277.32,100
2241,10:37:09,$ 3277.31,100
2242,10:37:09,$ 3277.34,100
2243,10:37:09,$ 3277.34,100
2244,10:37:07,$ 3277.42,100
2245,10:36:54,$ 3278.25,145
2246,10:36:52,$ 3278.005,100
2247,10:36:48,$ 3278.6025,100
2248,10:36:38,$ 3278.50,100
2249,10:36:38,$ 3278.03,100
2250,10:36:34,$ 3277.745,100
2251,10:36:33,$ 3277.3801,100
2252,10:36:33,$ 3277.93,100
2254,10:36:33,$ 3277.83,100
2255,10:36:31,$ 3278.00,100
2256,10:36:30,$ 3277.4473,100
2257,10:36:26,$ 3277.00,100
2258,10:36:21,$ 3276.9949,292
2259,10:36:21,$ 3276.9949,269
2260,10:36:21,$ 3276.59,100
2261,10:36:20,$ 3276.03,100
2262,10:36:01,$ 3275.00,100
2263,10:35:40,$ 3274.285,100
2264,10:35:39,$ 3273.77,100
2265,10:35:39,$ 3274.305,200
2266,10:35:20,$ 3274.792,138
2267,10:35:17,$ 3274.2375,100
2268,10:35:07,$ 3273.01,100
2269,10:35:02,$ 3273.65,375
2270,10:35:02,$ 3273.65,125
2271,10:35:02,$ 3273.045,100
2272,10:34:44,$ 3272.265,100
2273,10:34:22,$ 3271.53,100
2275,10:34:21,$ 3271.94,200
2276,10:34:09,$ 3270.62,100
2277,10:34:09,$ 3270.66,100
2278,10:33:56,$ 3270.00,129
2279,10:33:56,$ 3270.00,150
2280,10:33:56,$ 3270.00,159
2281,10:33:44,$ 3269.26,100
2282,10:33:34,$ 3268.295,100
2283,10:33:26,$ 3268.25,100
2284,10:33:10,$ 3266.85,100
2285,10:33:01,$ 3266.995,200
2286,10:32:40,$ 3267.76,100
2287,10:32:34,$ 3267.69,100
2288,10:32:31,$ 3268.37,100
2289,10:32:28,$ 3268.32,100
2290,10:32:17,$ 3268.175,100
2291,10:32:16,$ 3268.83,100
2292,10:32:05,$ 3268.37,100
2293,10:32:00,$ 3269.315,100
2294,10:31:56,$ 3268.515,100
2296,10:31:45,$ 3267.64,100
2297,10:31:41,$ 3267.725,100
2298,10:31:41,$ 3267.725,100
2299,10:31:41,$ 3267.96,100
2300,10:31:41,$ 3267.985,100
2301,10:31:35,$ 3266.72,100
2302,10:31:35,$ 3266.72,100
2303,10:31:35,$ 3266.55,100
2304,10:31:35,$ 3266.475,100
2305,10:31:30,$ 3266.99,100
2306,10:31:30,$ 3266.625,100
2307,10:31:26,$ 3267.83,200
2308,10:31:25,$ 3267.05,100
2309,10:31:25,$ 3267.33,145
2310,10:31:22,$ 3267.135,100
2311,10:31:21,$ 3267.13,100
2312,10:31:21,$ 3267.135,100
2313,10:31:21,$ 3267.135,100
2314,10:31:21,$ 3267.135,100
2315,10:31:21,$ 3267.69,"1,700"
2317,10:31:21,$ 3267.26,100
2318,10:31:21,$ 3267.26,100
2319,10:31:20,$ 3267.69,100
2320,10:31:20,$ 3267.69,100
2321,10:31:20,$ 3267.69,200
2322,10:31:20,$ 3267.69,100
2323,10:31:20,$ 3267.69,100
2324,10:31:03,$ 3268.325,100
2325,10:31:02,$ 3268.00,100
2326,10:31:02,$ 3268.00,100
2327,10:30:51,$ 3269.4575,100
2328,10:30:43,$ 3269.33,100
2329,10:30:43,$ 3269.40,150
2330,10:30:43,$ 3269.40,128
2331,10:30:43,$ 3269.39,100
2332,10:30:43,$ 3269.38,100
2333,10:30:39,$ 3270.14,100
2334,10:30:39,$ 3269.98,100
2335,10:30:34,$ 3268.56,100
2336,10:30:11,$ 3267.79,100
2338,10:30:11,$ 3267.73,100
2339,10:30:11,$ 3267.73,251
2340,10:30:10,$ 3267.1293,100
2341,10:30:01,$ 3266.82,100
2342,10:30:01,$ 3266.69,100
2343,10:30:01,$ 3266.57,100
2344,10:30:01,$ 3266.57,100
2346,11:29:59,$ 3270.02,100
2347,11:29:44,$ 3269.525,100
2348,11:28:51,$ 3270.5581,100
2349,11:28:45,$ 3271.2799,100
2350,11:28:41,$ 3269.98,100
2351,11:28:41,$ 3269.85,100
2352,11:28:25,$ 3269.83,100
2353,11:28:24,$ 3269.26,100
2354,11:28:22,$ 3269.34,100
2355,11:28:01,$ 3269.99,100
2356,11:28:01,$ 3270.04,100
2357,11:27:43,$ 3269.29,100
2358,11:27:41,$ 3269.79,100
2359,11:27:41,$ 3270.01,100
2360,11:27:18,$ 3270.43,100
2361,11:27:08,$ 3269.2021,140
2362,11:27:02,$ 3269.11,100
2363,11:27:01,$ 3269.0501,100
2364,11:26:59,$ 3270.09,123
2365,11:26:59,$ 3270.05,100
2367,11:26:59,$ 3270.08,100
2368,11:26:53,$ 3270.35,100
2369,11:26:51,$ 3270.50,110
2370,11:26:51,$ 3270.50,100
2371,11:26:36,$ 3270.62,100
2372,11:26:27,$ 3270.72,100
2373,11:26:27,$ 3270.72,100
2374,11:26:24,$ 3270.75,100
2375,11:26:24,$ 3271.51,100
2376,11:26:19,$ 3270.50,100
2377,11:25:55,$ 3270.05,100
2378,11:25:45,$ 3270.69,100
2379,11:25:45,$ 3270.69,100
2380,11:25:36,$ 3271.255,100
2381,11:25:02,$ 3271.7817,100
2382,11:25:00,$ 3271.56,100
2383,11:24:53,$ 3272.00,270
2384,11:24:53,$ 3272.00,135
2385,11:24:47,$ 3272.57,100
2386,11:24:38,$ 3271.98,100
2388,11:24:38,$ 3271.49,100
2389,11:24:13,$ 3271.525,100
2390,11:24:10,$ 3272.00,100
2391,11:24:07,$ 3273.00,103
2392,11:24:01,$ 3273.02,100
2393,11:23:55,$ 3273.00,100
2394,11:23:55,$ 3272.42,113
2395,11:23:55,$ 3273.00,100
2396,11:23:55,$ 3272.00,100
2397,11:23:55,$ 3272.15,200
2398,11:23:07,$ 3270.80,100
2399,11:22:55,$ 3271.97,200
2400,11:22:54,$ 3271.265,100
2401,11:22:54,$ 3270.74,100
2402,11:22:53,$ 3270.92,100
2403,11:22:37,$ 3271.44,200
2404,11:22:37,$ 3270.81,100
2405,11:22:34,$ 3270.75,100
2406,11:22:28,$ 3270.75,100
2407,11:22:26,$ 3270.98,100
2409,11:22:26,$ 3270.99,100
2410,11:22:26,$ 3271.00,160
2411,11:22:26,$ 3271.02,100
2412,11:22:22,$ 3271.445,200
2413,11:22:05,$ 3272.00,100
2414,11:22:01,$ 3270.96,100
2415,11:22:01,$ 3271.64,100
2416,11:22:00,$ 3272.02,104
2417,11:21:32,$ 3273.63,100
2418,11:21:19,$ 3273.445,239
2419,11:21:00,$ 3272.79,266
2420,11:20:49,$ 3273.01,220
2421,11:20:41,$ 3273.79,100
2422,11:20:41,$ 3274.02,100
2423,11:20:41,$ 3274.00,100
2424,11:20:41,$ 3274.00,162
2425,11:20:36,$ 3274.0201,100
2426,11:20:33,$ 3274.02,327
2427,11:20:32,$ 3275.88,300
2428,11:20:30,$ 3274.25,100
2430,11:19:25,$ 3274.92,100
2431,11:19:08,$ 3274.50,100
2432,11:19:06,$ 3275.42,100
2433,11:18:32,$ 3274.00,100
2434,11:18:25,$ 3274.4063,115
2435,11:18:11,$ 3274.37,100
2436,11:17:15,$ 3274.0896,102
2437,11:16:38,$ 3273.23,100
2438,11:16:34,$ 3274.105,100
2439,11:16:33,$ 3273.57,100
2440,11:16:33,$ 3273.57,100
2441,11:16:33,$ 3273.53,100
2442,11:16:33,$ 3273.58,100
2443,11:16:28,$ 3273.59,100
2444,11:16:23,$ 3274.00,100
2445,11:16:10,$ 3274.1918,100
2446,11:15:45,$ 3274.49,100
2447,11:15:40,$ 3276.08,100
2448,11:15:40,$ 3275.73,100
2449,11:15:40,$ 3275.42,100
2451,11:15:33,$ 3275.76,100
2452,11:15:32,$ 3275.87,100
2453,11:15:32,$ 3276.04,147
2454,11:15:32,$ 3276.00,100
2455,11:15:32,$ 3276.04,100
2456,11:15:32,$ 3276.04,130
2457,11:15:32,$ 3276.04,100
2458,11:15:26,$ 3275.50,100
2459,11:15:18,$ 3275.00,100
2460,11:15:18,$ 3275.00,149
2461,11:15:18,$ 3275.00,182
2462,11:14:38,$ 3274.25,100
2463,11:14:29,$ 3273.72,100
2464,11:14:15,$ 3274.61,100
2465,11:14:14,$ 3274.00,150
2466,11:14:14,$ 3274.00,275
2467,11:13:49,$ 3274.00,100
2468,11:13:49,$ 3274.00,149
2469,11:13:49,$ 3274.00,235
2470,11:13:43,$ 3274.42,100
2472,11:13:43,$ 3274.56,100
2473,11:13:25,$ 3275.165,100
2474,11:13:19,$ 3275.00,100
2475,11:13:19,$ 3275.13,100
2476,11:13:09,$ 3276.0137,304
2477,11:12:47,$ 3276.19,150
2478,11:12:33,$ 3276.24,100
2479,11:10:30,$ 3273.35,100
2480,11:10:28,$ 3273.43,100
2481,11:10:20,$ 3273.79,100
2482,11:10:17,$ 3273.40,100
2483,11:10:17,$ 3273.351,100
2484,11:10:17,$ 3273.64,100
2485,11:10:08,$ 3274.65,100
2486,11:10:03,$ 3274.82,220
2487,11:09:50,$ 3275.15,100
2488,11:09:50,$ 3275.15,100
2489,11:09:49,$ 3275.2827,100
2490,11:08:45,$ 3274.00,100
2491,11:08:42,$ 3274.03,100
2493,11:08:30,$ 3274.85,100
2494,11:08:30,$ 3274.80,100
2495,11:08:27,$ 3275.725,100
2496,11:06:44,$ 3275.06,100
2497,11:06:17,$ 3274.75,100
2498,11:06:05,$ 3275.06,100
2499,11:05:50,$ 3274.29,100
2500,11:05:43,$ 3274.02,100
2501,11:05:25,$ 3274.01,102
2502,11:05:24,$ 3274.01,122
2503,11:05:24,$ 3274.01,121
2504,11:05:24,$ 3274.01,121
2505,11:05:24,$ 3274.015,123
2506,11:05:24,$ 3274.015,124
2507,11:05:24,$ 3274.20,100
2508,11:05:20,$ 3274.02,100
2509,11:05:09,$ 3274.12,100
2510,11:05:09,$ 3273.93,100
2511,11:05:02,$ 3274.3573,220
2512,11:04:48,$ 3274.80,100
2514,11:04:48,$ 3273.961,172
2515,11:04:48,$ 3274.00,100
2516,11:04:43,$ 3274.52,100
2517,11:04:40,$ 3275.20,100
2518,11:04:36,$ 3274.87,100
2519,11:04:36,$ 3275.04,100
2520,11:04:05,$ 3275.425,200
2521,11:03:51,$ 3275.41,100
2522,11:03:51,$ 3274.86,100
2523,11:03:40,$ 3275.41,100
2524,11:03:34,$ 3274.97,100
2525,11:03:17,$ 3275.00,100
2526,11:03:17,$ 3274.78,100
2527,11:03:17,$ 3274.77,100
2528,11:03:17,$ 3275.49,100
2529,11:03:04,$ 3275.38,134
2530,11:03:03,$ 3275.37,100
2531,11:03:03,$ 3275.37,163
2532,11:03:03,$ 3275.21,110
2533,11:02:59,$ 3274.74,100
2535,11:02:58,$ 3275.355,100
2536,11:02:43,$ 3275.76,100
2537,11:02:26,$ 3274.181,100
2538,11:02:26,$ 3275.00,100
2539,11:01:53,$ 3276.97,100
2540,11:01:53,$ 3276.95,150
2541,11:01:50,$ 3277.4659,100
2542,11:01:31,$ 3277.15,102
2543,11:01:25,$ 3276.64,100
2544,11:01:24,$ 3276.69,290
2545,11:01:24,$ 3276.69,100
2546,11:01:19,$ 3276.545,100
2547,11:01:07,$ 3276.00,196
2548,11:01:07,$ 3276.00,264
2549,11:01:04,$ 3276.23,150
2550,11:00:56,$ 3275.89,100
2551,11:00:20,$ 3273.955,200
2552,11:00:15,$ 3274.09,100
2553,11:00:13,$ 3273.805,100
2554,11:00:12,$ 3273.92,100
2556,11:00:04,$ 3275.00,100
2557,11:00:04,$ 3275.00,150
2558,11:00:04,$ 3275.00,122
2559,11:00:04,$ 3275.00,100
2561,11:59:59,$ 3272.89,100
2562,11:59:51,$ 3272.90,100
2563,11:59:39,$ 3272.72,100
2564,11:58:56,$ 3272.24,100
2565,11:58:56,$ 3272.24,100
2566,11:57:54,$ 3272.50,100
2567,11:56:49,$ 3273.10,100
2568,11:56:49,$ 3272.76,100
2569,11:56:49,$ 3272.71,100
2570,11:56:49,$ 3272.71,100
2571,11:56:48,$ 3272.56,100
2572,11:56:47,$ 3272.01,100
2573,11:56:32,$ 3271.77,100
2574,11:55:55,$ 3271.40,100
2575,11:55:38,$ 3271.70,100
2576,11:55:22,$ 3270.29,100
2577,11:55:22,$ 3270.26,100
2578,11:55:22,$ 3270.26,100
2579,11:55:21,$ 3270.71,100
2580,11:55:21,$ 3270.76,100
2582,11:55:21,$ 3270.24,100
2583,11:55:09,$ 3269.915,100
2584,11:55:04,$ 3269.42,100
2585,11:54:37,$ 3269.39,100
2586,11:54:37,$ 3269.49,100
2587,11:54:37,$ 3269.49,100
2588,11:54:34,$ 3269.88,100
2589,11:54:10,$ 3269.94,100
2590,11:54:09,$ 3270.025,100
2591,11:54:09,$ 3270.025,100
2592,11:54:09,$ 3270.025,100
2593,11:54:09,$ 3270.07,100
2594,11:54:09,$ 3270.07,200
2595,11:54:09,$ 3270.38,100
2596,11:54:09,$ 3270.45,100
2597,11:54:09,$ 3270.60,100
2598,11:54:09,$ 3270.43,100
2599,11:54:04,$ 3270.00,100
2600,11:54:04,$ 3270.00,149
2601,11:54:01,$ 3270.23,100
2603,11:54:01,$ 3270.23,100
2604,11:54:01,$ 3270.00,100
2605,11:54:01,$ 3270.285,100
2606,11:53:57,$ 3269.64,100
2607,11:53:37,$ 3269.4807,100
2608,11:53:28,$ 3269.62,100
2609,11:53:27,$ 3269.66,100
2610,11:53:27,$ 3269.91,100
2611,11:53:27,$ 3270.00,520
2612,11:53:20,$ 3269.815,195
2613,11:53:10,$ 3269.60,100
2614,11:53:10,$ 3269.57,100
2615,11:52:43,$ 3270.19,100
2616,11:52:39,$ 3270.07,100
2617,11:52:23,$ 3270.17,100
2618,11:52:23,$ 3270.18,100
2619,11:52:06,$ 3270.00,214
2620,11:52:04,$ 3270.12,100
2621,11:52:04,$ 3270.18,100
2622,11:52:02,$ 3270.13,100
2624,11:52:01,$ 3270.31,135
2625,11:51:57,$ 3271.3265,176
2626,11:51:51,$ 3270.695,100
2627,11:51:51,$ 3270.33,100
2628,11:51:51,$ 3270.32,100
2629,11:51:51,$ 3270.44,100
2630,11:51:42,$ 3270.45,100
2631,11:51:38,$ 3270.70,100
2632,11:51:27,$ 3270.715,100
2633,11:51:27,$ 3270.755,100
2634,11:51:16,$ 3271.38,100
2635,11:51:13,$ 3271.37,100
2636,11:51:12,$ 3270.92,100
2637,11:51:09,$ 3271.92,100
2638,11:50:58,$ 3273.51,351
2639,11:50:57,$ 3272.64,100
2640,11:50:12,$ 3273.995,100
2641,11:50:12,$ 3273.995,100
2642,11:50:08,$ 3273.93,100
2643,11:49:52,$ 3273.845,100
2645,11:49:52,$ 3274.23,100
2646,11:49:52,$ 3274.105,100
2647,11:49:52,$ 3274.17,100
2648,11:49:52,$ 3274.19,100
2649,11:49:35,$ 3274.5893,300
2650,11:49:16,$ 3274.83,100
2651,11:49:16,$ 3274.81,100
2652,11:49:15,$ 3274.71,100
2653,11:49:15,$ 3274.72,100
2654,11:49:08,$ 3274.09,100
2655,11:49:07,$ 3274.41,100
2656,11:48:55,$ 3273.22,100
2657,11:48:53,$ 3273.92,100
2658,11:48:53,$ 3273.82,100
2659,11:48:49,$ 3273.99,100
2660,11:48:46,$ 3272.515,150
2661,11:48:20,$ 3272.00,305
2662,11:48:13,$ 3272.00,115
2663,11:48:11,$ 3272.00,179
2664,11:48:10,$ 3272.00,100
2666,11:48:10,$ 3272.00,100
2667,11:47:36,$ 3271.52,200
2668,11:47:25,$ 3271.13,100
2669,11:46:44,$ 3273.60,100
2670,11:46:40,$ 3272.40,115
2671,11:46:06,$ 3271.22,100
2672,11:45:37,$ 3269.375,100
2673,11:45:37,$ 3269.33,100
2674,11:45:37,$ 3269.18,100
2675,11:45:37,$ 3269.30,100
2676,11:45:36,$ 3269.17,100
2677,11:45:36,$ 3269.17,100
2678,11:45:36,$ 3269.00,100
2679,11:45:36,$ 3269.00,100
2680,11:45:36,$ 3269.00,100
2681,11:45:36,$ 3269.055,100
2682,11:45:36,$ 3269.125,100
2683,11:45:36,$ 3269.035,100
2684,11:45:28,$ 3269.015,100
2685,11:45:28,$ 3269.035,100
2687,11:45:11,$ 3267.29,113
2688,11:45:08,$ 3267.33,111
2689,11:45:08,$ 3267.42,100
2690,11:44:49,$ 3268.12,100
2691,11:44:43,$ 3268.98,100
2692,11:44:43,$ 3268.98,100
2693,11:44:42,$ 3268.27,100
2694,11:44:41,$ 3268.835,430
2695,11:44:27,$ 3268.475,430
2696,11:44:01,$ 3268.27,100
2697,11:43:49,$ 3268.715,100
2698,11:43:38,$ 3268.33,100
2699,11:43:26,$ 3268.48,100
2700,11:43:26,$ 3268.39,100
2701,11:43:26,$ 3268.37,100
2702,11:43:26,$ 3268.21,100
2703,11:43:11,$ 3268.5175,100
2704,11:42:41,$ 3267.33,100
2705,11:42:41,$ 3267.82,100
2706,11:42:41,$ 3268.04,100
2708,11:42:41,$ 3268.03,100
2709,11:42:18,$ 3268.85,101
2710,11:42:18,$ 3268.50,100
2711,11:42:15,$ 3268.15,282
2712,11:42:08,$ 3268.49,100
2713,11:42:08,$ 3268.39,100
2714,11:42:08,$ 3268.465,100
2715,11:41:59,$ 3269.00,100
2716,11:41:53,$ 3269.19,100
2717,11:41:53,$ 3268.79,100
2718,11:41:53,$ 3268.80,100
2719,11:41:50,$ 3268.79,351
2720,11:41:49,$ 3268.365,100
2721,11:41:49,$ 3268.79,100
2722,11:41:48,$ 3268.79,100
2723,11:41:45,$ 3268.03,100
2724,11:41:45,$ 3268.78,100
2725,11:41:45,$ 3268.80,100
2726,11:41:45,$ 3268.72,100
2727,11:41:34,$ 3267.9156,100
2729,11:41:31,$ 3266.8428,249
2730,11:41:27,$ 3267.3673,"1,000"
2731,11:41:14,$ 3267.07,100
2732,11:41:10,$ 3266.48,100
2733,11:41:07,$ 3265.87,100
2734,11:41:07,$ 3266.02,100
2735,11:41:02,$ 3267.60,100
2736,11:40:45,$ 3266.41,200
2737,11:40:44,$ 3266.115,100
2738,11:40:44,$ 3266.54,100
2739,11:40:36,$ 3266.91,100
2740,11:40:24,$ 3266.92,100
2741,11:40:24,$ 3266.91,100
2742,11:40:24,$ 3266.92,100
2743,11:40:19,$ 3266.616,100
2744,11:40:07,$ 3266.6172,100
2745,11:39:52,$ 3265.85,100
2746,11:39:43,$ 3265.64,100
2747,11:39:40,$ 3265.17,100
2748,11:39:39,$ 3265.50,100
2750,11:39:36,$ 3264.915,100
2751,11:39:35,$ 3265.195,100
2752,11:39:35,$ 3265.14,100
2753,11:39:24,$ 3264.465,100
2754,11:39:23,$ 3265.00,342
2755,11:39:23,$ 3265.01,100
2756,11:39:23,$ 3265.00,178
2757,11:39:23,$ 3265.00,100
2758,11:39:15,$ 3265.1504,100
2759,11:39:12,$ 3264.90,100
2760,11:38:58,$ 3264.7856,100
2761,11:38:46,$ 3263.865,100
2762,11:38:46,$ 3264.21,100
2763,11:38:46,$ 3264.21,100
2764,11:38:46,$ 3265.17,185
2765,11:38:34,$ 3264.035,300
2766,11:38:21,$ 3263.75,100
2767,11:38:13,$ 3264.195,100
2768,11:38:12,$ 3264.09,200
2769,11:38:01,$ 3263.99,100
2771,11:37:57,$ 3264.00,100
2772,11:37:57,$ 3264.00,100
2773,11:37:57,$ 3264.00,100
2774,11:37:57,$ 3264.00,100
2775,11:37:54,$ 3263.18,100
2776,11:37:46,$ 3261.9497,100
2777,11:37:36,$ 3261.50,100
2778,11:37:35,$ 3261.51,100
2779,11:37:35,$ 3262.00,100
2780,11:37:16,$ 3261.50,100
2781,11:37:16,$ 3261.50,100
2782,11:37:05,$ 3261.445,100
2783,11:37:05,$ 3261.445,100
2784,11:37:05,$ 3261.1289,195
2785,11:37:04,$ 3261.51,100
2786,11:37:03,$ 3261.42,100
2787,11:37:02,$ 3261.81,100
2788,11:37:02,$ 3261.81,100
2789,11:36:52,$ 3262.865,100
2790,11:36:47,$ 3262.32,100
2792,11:36:47,$ 3262.32,100
2793,11:36:47,$ 3262.32,100
2794,11:36:46,$ 3262.49,100
2795,11:36:43,$ 3262.93,100
2796,11:36:39,$ 3262.46,100
2797,11:36:16,$ 3262.00,100
2798,11:36:16,$ 3262.00,300
2799,11:36:16,$ 3261.81,100
2800,11:36:15,$ 3261.80,100
2801,11:36:11,$ 3261.8381,193
2802,11:36:07,$ 3262.05,100
2803,11:36:02,$ 3262.00,100
2804,11:36:01,$ 3262.28,100
2805,11:36:00,$ 3262.51,100
2806,11:36:00,$ 3262.50,100
2807,11:35:56,$ 3262.99,219
2808,11:35:56,$ 3262.99,142
2809,11:35:56,$ 3262.99,149
2810,11:35:45,$ 3263.11,100
2811,11:35:45,$ 3263.11,100
2813,11:35:45,$ 3263.22,100
2814,11:35:45,$ 3263.22,100
2815,11:35:27,$ 3264.01,100
2816,11:35:15,$ 3264.00,100
2817,11:35:00,$ 3263.77,100
2818,11:34:43,$ 3263.7752,100
2819,11:34:42,$ 3263.74,100
2820,11:34:41,$ 3263.63,100
2821,11:34:32,$ 3264.36,100
2822,11:34:16,$ 3264.69,100
2823,11:34:16,$ 3264.68,100
2824,11:34:04,$ 3265.05,100
2825,11:33:56,$ 3265.515,100
2826,11:33:53,$ 3265.51,100
2827,11:33:53,$ 3265.455,100
2828,11:33:50,$ 3265.415,200
2829,11:33:27,$ 3266.19,100
2830,11:33:21,$ 3266.13,100
2831,11:33:21,$ 3266.18,100
2832,11:33:17,$ 3264.5401,100
2834,11:33:15,$ 3265.75,100
2835,11:33:15,$ 3265.76,100
2836,11:33:14,$ 3265.75,200
2837,11:33:08,$ 3265.38,100
2838,11:33:02,$ 3264.165,100
2839,11:33:02,$ 3264.05,400
2840,11:33:00,$ 3264.38,100
2841,11:33:00,$ 3264.43,215
2842,11:32:53,$ 3264.89,100
2843,11:32:50,$ 3264.37,100
2844,11:32:50,$ 3264.38,290
2845,11:32:50,$ 3264.05,100
2846,11:32:49,$ 3264.204,323
2847,11:32:49,$ 3264.2239,107
2848,11:32:47,$ 3264.41,100
2849,11:32:46,$ 3264.41,100
2850,11:32:46,$ 3264.51,100
2851,11:32:46,$ 3264.57,100
2852,11:32:38,$ 3264.97,100
2853,11:32:38,$ 3264.96,100
2855,11:32:36,$ 3265.00,100
2856,11:32:33,$ 3265.3672,100
2857,11:32:28,$ 3265.76,200
2858,11:32:28,$ 3266.00,244
2859,11:32:26,$ 3266.40,100
2860,11:32:23,$ 3266.64,100
2861,11:32:18,$ 3267.31,100
2862,11:32:12,$ 3268.062,342
2863,11:32:09,$ 3267.485,100
2864,11:32:00,$ 3267.33,100
2865,11:31:58,$ 3268.1599,100
2866,11:31:57,$ 3267.065,100
2867,11:31:48,$ 3267.86,100
2868,11:31:48,$ 3267.86,100
2869,11:31:44,$ 3268.085,100
2870,11:31:39,$ 3268.25,100
2871,11:31:27,$ 3268.955,100
2872,11:31:24,$ 3268.945,200
2873,11:31:14,$ 3268.97,100
2874,11:31:14,$ 3269.00,100
2876,11:31:14,$ 3268.90,100
2877,11:31:02,$ 3268.84,100
2878,11:31:02,$ 3268.84,100
2879,11:31:01,$ 3269.09,100
2881,12:29:49,$ 3274.85,100
2882,12:29:48,$ 3275.00,100
2883,12:29:24,$ 3275.33,100
2884,12:29:22,$ 3274.33,100
2885,12:29:15,$ 3274.82,100
2886,12:28:31,$ 3274.15,100
2887,12:28:31,$ 3273.98,100
2888,12:28:31,$ 3273.94,100
2889,12:28:31,$ 3274.155,100
2890,12:28:26,$ 3274.31,100
2891,12:28:21,$ 3274.34,100
2892,12:27:39,$ 3274.855,100
2893,12:27:24,$ 3274.26,100
2894,12:27:21,$ 3274.90,100
2895,12:27:05,$ 3275.38,100
2896,12:26:59,$ 3275.5507,100
2897,12:26:51,$ 3274.50,100
2898,12:26:48,$ 3274.25,100
2899,12:26:45,$ 3274.94,100
2900,12:26:32,$ 3275.055,100
2902,12:26:21,$ 3274.04,100
2903,12:25:30,$ 3273.1864,100
2904,12:24:56,$ 3273.00,178
2905,12:24:56,$ 3273.00,150
2906,12:24:56,$ 3273.00,299
2907,12:24:03,$ 3272.36,100
2908,12:23:59,$ 3272.425,100
2909,12:23:58,$ 3272.08,100
2910,12:23:47,$ 3271.70,100
2911,12:23:35,$ 3271.59,100
2912,12:23:32,$ 3271.95,100
2913,12:23:26,$ 3270.99,100
2914,12:22:15,$ 3270.4665,100
2915,12:22:13,$ 3270.44,170
2916,12:22:13,$ 3270.44,100
2917,12:22:13,$ 3270.35,100
2918,12:22:00,$ 3270.66,100
2919,12:21:59,$ 3270.44,100
2920,12:21:59,$ 3270.48,100
2921,12:21:59,$ 3270.76,100
2923,12:21:59,$ 3270.48,100
2924,12:21:59,$ 3270.60,100
2925,12:21:59,$ 3270.50,100
2926,12:21:59,$ 3270.68,100
2927,12:21:06,$ 3270.78,100
2928,12:20:24,$ 3271.07,100
2929,12:19:58,$ 3271.385,100
2930,12:19:10,$ 3271.19,100
2931,12:19:10,$ 3271.195,100
2932,12:18:54,$ 3271.17,100
2933,12:18:47,$ 3271.51,100
2934,12:16:50,$ 3271.69,100
2935,12:16:26,$ 3271.93,100
2936,12:16:21,$ 3272.21,100
2937,12:15:57,$ 3273.635,"1,000"
2938,12:15:10,$ 3273.07,100
2939,12:14:39,$ 3273.50,100
2940,12:14:36,$ 3273.53,100
2941,12:14:36,$ 3273.48,100
2942,12:14:36,$ 3273.47,100
2944,12:14:36,$ 3273.47,102
2945,12:14:34,$ 3273.69,100
2946,12:14:33,$ 3273.86,100
2947,12:14:33,$ 3273.84,113
2948,12:14:33,$ 3273.95,100
2949,12:14:24,$ 3274.405,100
2950,12:13:58,$ 3274.23,100
2951,12:13:58,$ 3274.36,100
2952,12:13:58,$ 3274.35,100
2953,12:13:53,$ 3274.46,100
2954,12:13:42,$ 3275.50,100
2955,12:13:42,$ 3275.00,100
2956,12:13:34,$ 3273.78,100
2957,12:13:34,$ 3273.87,150
2958,12:13:34,$ 3273.87,100
2959,12:11:49,$ 3273.56,100
2960,12:11:40,$ 3273.79,100
2961,12:11:11,$ 3273.77,100
2962,12:11:02,$ 3274.10,100
2963,12:11:02,$ 3274.08,100
2965,12:10:29,$ 3274.9899,100
2966,12:10:19,$ 3274.1161,100
2967,12:10:17,$ 3274.035,100
2968,12:10:01,$ 3274.37,100
2969,12:09:57,$ 3274.22,100
2970,12:09:57,$ 3274.76,100
2971,12:09:57,$ 3274.78,100
2972,12:09:57,$ 3274.76,100
2973,12:09:45,$ 3274.165,100
2974,12:09:42,$ 3273.50,100
2975,12:09:39,$ 3274.06,100
2976,12:09:31,$ 3273.3323,100
2977,12:09:12,$ 3273.31,480
2978,12:09:08,$ 3273.53,100
2979,12:09:08,$ 3273.59,100
2980,12:09:08,$ 3273.59,100
2981,12:09:08,$ 3273.59,200
2982,12:09:07,$ 3273.00,100
2983,12:09:01,$ 3272.505,100
2984,12:08:28,$ 3272.31,100
2986,12:08:23,$ 3272.27,163
2987,12:08:20,$ 3273.02,100
2988,12:07:34,$ 3272.13,100
2989,12:07:25,$ 3272.50,100
2990,12:07:25,$ 3272.50,100
2991,12:06:41,$ 3270.65,100
2992,12:06:34,$ 3271.43,100
2993,12:06:34,$ 3271.98,100
2994,12:06:34,$ 3272.38,100
2995,12:06:24,$ 3272.38,323
2996,12:06:02,$ 3272.48,200
2997,12:05:57,$ 3272.98,100
2998,12:05:46,$ 3273.47,100
2999,12:05:46,$ 3273.06,100
3000,12:05:43,$ 3273.47,100
3001,12:05:42,$ 3273.96,100
3002,12:05:42,$ 3273.93,100
3003,12:05:39,$ 3273.47,100
3004,12:04:43,$ 3272.70,100
3005,12:04:43,$ 3272.63,100
3007,12:04:43,$ 3272.62,100
3008,12:04:10,$ 3271.83,100
3009,12:03:47,$ 3271.79,100
3010,12:01:46,$ 3271.72,100
3011,12:01:39,$ 3272.6099,100
3012,12:01:19,$ 3272.2056,100
3013,12:00:47,$ 3271.675,100
3014,12:00:12,$ 3272.95,100
3015,12:00:05,$ 3273.695,100
3017,12:58:48,$ 3270.37,100
3018,12:56:55,$ 3268.49,100
3019,12:56:19,$ 3269.00,100
3020,12:55:50,$ 3268.51,100
3021,12:55:27,$ 3268.29,100
3022,12:55:27,$ 3268.29,100
3023,12:55:13,$ 3268.03,200
3024,12:54:44,$ 3269.4976,100
3025,12:53:56,$ 3268.20,100
3026,12:53:56,$ 3268.65,100
3027,12:53:46,$ 3267.63,100
3028,12:53:46,$ 3267.56,100
3029,12:53:21,$ 3269.535,100
3030,12:52:49,$ 3269.00,387
3031,12:52:20,$ 3268.84,100
3032,12:51:50,$ 3268.40,100
3033,12:51:50,$ 3268.40,100
3034,12:51:28,$ 3269.115,100
3035,12:51:24,$ 3269.5513,100
3036,12:51:17,$ 3269.96,100
3038,12:51:16,$ 3270.20,100
3039,12:51:01,$ 3270.14,100
3040,12:50:58,$ 3270.67,100
3041,12:50:42,$ 3270.66,100
3042,12:50:41,$ 3270.96,100
3043,12:50:15,$ 3271.05,100
3044,12:49:53,$ 3270.4247,100
3045,12:48:41,$ 3269.395,100
3046,12:48:32,$ 3269.20,100
3047,12:48:32,$ 3269.42,100
3048,12:48:09,$ 3269.00,121
3049,12:48:07,$ 3269.20,100
3050,12:48:07,$ 3269.96,100
3051,12:48:05,$ 3269.02,100
3052,12:48:05,$ 3270.03,100
3053,12:48:05,$ 3269.96,500
3054,12:48:05,$ 3270.00,268
3055,12:48:05,$ 3270.00,100
3056,12:47:14,$ 3272.7199,150
3057,12:47:05,$ 3271.82,100
3059,12:47:03,$ 3272.00,100
3060,12:46:15,$ 3272.40,150
3061,12:45:09,$ 3274.67,200
3062,12:45:07,$ 3273.60,100
3063,12:44:30,$ 3274.1299,100
3064,12:44:28,$ 3274.95,100
3065,12:44:28,$ 3274.86,100
3066,12:44:21,$ 3274.9506,170
3067,12:43:32,$ 3275.60,100
3068,12:43:32,$ 3275.60,200
3069,12:43:09,$ 3275.41,100
3070,12:42:45,$ 3275.61,100
3071,12:42:42,$ 3275.53,100
3072,12:41:23,$ 3274.3654,100
3073,12:41:11,$ 3273.88,100
3074,12:41:00,$ 3274.02,100
3075,12:41:00,$ 3274.00,100
3076,12:40:55,$ 3274.79,174
3077,12:40:12,$ 3273.99,100
3078,12:39:41,$ 3273.53,100
3080,12:39:40,$ 3273.825,200
3081,12:39:40,$ 3273.32,100
3082,12:38:14,$ 3272.86,150
3083,12:38:14,$ 3272.86,102
3084,12:38:12,$ 3273.15,100
3085,12:38:10,$ 3273.50,100
3086,12:37:59,$ 3274.9008,100
3087,12:37:15,$ 3272.85,100
3088,12:37:12,$ 3273.92,100
3089,12:36:41,$ 3273.345,100
3090,12:36:05,$ 3273.73,100
3091,12:35:54,$ 3273.48,100
3092,12:35:49,$ 3273.76,100
3093,12:35:37,$ 3273.78,200
3094,12:35:36,$ 3273.78,100
3095,12:35:35,$ 3272.99,100
3096,12:35:32,$ 3273.77,100
3097,12:35:32,$ 3273.78,100
3098,12:35:32,$ 3273.38,200
3099,12:35:32,$ 3273.60,300
3101,12:35:32,$ 3273.60,100
3102,12:35:31,$ 3273.60,100
3103,12:34:56,$ 3272.79,100
3104,12:34:56,$ 3272.74,100
3105,12:34:56,$ 3272.50,100
3106,12:34:56,$ 3272.40,100
3107,12:34:56,$ 3272.33,100
3108,12:34:56,$ 3272.33,100
3109,12:34:56,$ 3272.33,100
3110,12:34:56,$ 3272.33,100
3111,12:34:56,$ 3272.33,100
3112,12:34:31,$ 3271.00,111
3113,12:34:31,$ 3271.00,111
3114,12:34:31,$ 3271.00,111
3115,12:34:31,$ 3271.00,117
3116,12:34:28,$ 3270.9038,400
3117,12:34:19,$ 3271.28,100
3118,12:34:19,$ 3271.28,100
3119,12:34:19,$ 3271.28,200
3120,12:34:18,$ 3271.28,100
3122,12:34:18,$ 3271.27,100
3123,12:34:18,$ 3271.20,100
3124,12:34:18,$ 3270.98,100
3125,12:34:18,$ 3270.95,100
3126,12:34:18,$ 3271.06,100
3127,12:34:18,$ 3271.22,100
3128,12:34:14,$ 3270.7773,100
3129,12:33:54,$ 3272.167,100
3130,12:33:54,$ 3272.01,100
3131,12:33:54,$ 3272.07,100
3132,12:33:54,$ 3272.3475,100
3133,12:33:54,$ 3272.62,100
3134,12:33:26,$ 3272.00,100
3135,12:33:17,$ 3272.42,100
3136,12:32:44,$ 3273.16,100
3137,12:30:07,$ 3274.41,100
3139,13:29:42,$ 3275.5025,100
3140,13:29:05,$ 3275.025,100
3141,13:29:03,$ 3274.64,200
3142,13:28:34,$ 3275.06,100
3143,13:28:08,$ 3275.71,160
3144,13:28:07,$ 3275.4616,100
3145,13:28:07,$ 3275.65,100
3146,13:27:56,$ 3275.22,100
3147,13:27:53,$ 3275.00,235
3148,13:27:53,$ 3275.00,100
3149,13:27:05,$ 3274.39,100
3150,13:27:05,$ 3274.70,100
3151,13:27:05,$ 3274.43,100
3152,13:26:26,$ 3274.49,100
3153,13:26:26,$ 3274.65,100
3154,13:26:18,$ 3274.635,100
3155,13:26:15,$ 3274.58,100
3156,13:26:14,$ 3274.58,100
3157,13:26:14,$ 3274.97,100
3158,13:26:14,$ 3275.00,100
3160,13:26:13,$ 3274.92,100
3161,13:25:47,$ 3274.81,100
3162,13:25:38,$ 3274.18,100
3163,13:25:32,$ 3273.73,100
3164,13:25:13,$ 3274.17,140
3165,13:25:11,$ 3273.625,"1,000"
3166,13:25:00,$ 3273.645,100
3167,13:24:24,$ 3273.435,100
3168,13:24:08,$ 3273.495,100
3169,13:23:45,$ 3273.37,700
3170,13:23:40,$ 3273.305,100
3171,13:22:31,$ 3273.05,100
3172,13:22:31,$ 3273.06,100
3173,13:22:30,$ 3273.18,100
3174,13:22:04,$ 3273.8175,100
3175,13:21:25,$ 3273.14,100
3176,13:21:25,$ 3273.14,100
3177,13:21:22,$ 3273.01,100
3178,13:20:45,$ 3273.1725,100
3179,13:20:45,$ 3273.88,100
3181,13:20:45,$ 3274.1175,100
3182,13:20:02,$ 3274.33,100
3183,13:19:28,$ 3273.58,100
3184,13:19:10,$ 3273.0425,100
3185,13:18:34,$ 3273.60,100
3186,13:18:34,$ 3273.59,100
3187,13:18:31,$ 3274.24,100
3188,13:18:00,$ 3274.08,100
3189,13:17:28,$ 3273.75,100
3190,13:17:08,$ 3273.5925,100
3191,13:16:36,$ 3272.66,100
3192,13:16:26,$ 3273.99,100
3193,13:14:38,$ 3272.20,100
3194,13:14:20,$ 3273.84,100
3195,13:14:20,$ 3273.84,100
3196,13:14:11,$ 3274.09,100
3197,13:13:58,$ 3274.415,100
3198,13:13:45,$ 3274.05,100
3199,13:13:37,$ 3274.23,100
3200,13:13:37,$ 3274.28,100
3202,13:13:37,$ 3274.28,100
3203,13:13:29,$ 3274.90,100
3204,13:13:28,$ 3274.58,100
3205,13:13:25,$ 3274.605,100
3206,13:13:22,$ 3274.95,100
3207,13:12:44,$ 3274.355,100
3208,13:12:40,$ 3274.25,100
3209,13:12:37,$ 3274.35,100
3210,13:11:33,$ 3273.00,100
3211,13:11:33,$ 3273.00,100
3212,13:11:33,$ 3273.25,100
3213,13:11:05,$ 3274.22,100
3214,13:11:05,$ 3273.93,100
3215,13:10:46,$ 3274.76,100
3216,13:10:41,$ 3273.94,100
3217,13:10:21,$ 3274.09,100
3218,13:10:14,$ 3275.00,100
3219,13:10:14,$ 3275.00,100
3220,13:10:13,$ 3273.87,100
3221,13:10:02,$ 3274.24,100
3223,13:09:50,$ 3272.75,100
3224,13:09:48,$ 3273.13,100
3225,13:08:48,$ 3271.7365,114
3226,13:08:44,$ 3272.63,100
3227,13:06:51,$ 3273.01,100
3228,13:06:46,$ 3273.08,100
3229,13:06:25,$ 3273.50,100
3230,13:06:25,$ 3273.50,100
3231,13:06:22,$ 3272.91,100
3232,13:06:11,$ 3271.30,210
3233,13:06:11,$ 3271.41,100
3234,13:06:11,$ 3271.40,100
3235,13:05:29,$ 3271.75,100
3236,13:04:48,$ 3270.43,100
3237,13:04:18,$ 3270.655,100
3238,13:04:18,$ 3271.09,167
3239,13:04:09,$ 3270.265,100
3240,13:03:57,$ 3271.81,110
3241,13:03:56,$ 3270.56,100
3242,13:03:55,$ 3270.745,100
3244,13:03:55,$ 3270.66,100
3245,13:03:55,$ 3269.84,100
3246,13:03:53,$ 3269.84,100
3247,13:03:52,$ 3270.2225,100
3248,13:03:52,$ 3270.15,100
3249,13:03:52,$ 3270.205,100
3250,13:03:16,$ 3272.00,100
3251,13:03:16,$ 3272.00,300
3252,13:03:12,$ 3272.215,100
3253,13:02:55,$ 3271.45,100
3254,13:02:44,$ 3271.62,100
3255,13:02:37,$ 3272.17,100
3256,13:02:37,$ 3272.40,100
3257,13:02:28,$ 3273.12,100
3258,13:02:28,$ 3273.01,100
3259,13:02:28,$ 3273.00,306
3260,13:02:06,$ 3272.56,100
3261,13:02:06,$ 3272.37,100
3262,13:01:25,$ 3271.65,300
3263,13:01:18,$ 3271.30,100
3265,13:00:58,$ 3270.275,100
3266,13:00:52,$ 3270.555,100
3267,13:00:51,$ 3269.60,100
3268,13:00:36,$ 3269.61,300
3270,13:59:46,$ 3277.77,100
3271,13:59:17,$ 3278.52,100
3272,13:59:17,$ 3278.41,182
3273,13:58:52,$ 3278.83,100
3274,13:58:27,$ 3278.70,100
3275,13:58:18,$ 3278.72,100
3276,13:58:18,$ 3279.41,100
3277,13:58:10,$ 3279.11,263
3278,13:58:08,$ 3278.87,100
3279,13:57:44,$ 3279.56,100
3280,13:57:14,$ 3279.78,100
3281,13:56:29,$ 3279.36,100
3282,13:56:29,$ 3279.41,100
3283,13:55:57,$ 3279.73,100
3284,13:55:57,$ 3279.58,100
3285,13:55:55,$ 3279.795,200
3286,13:55:55,$ 3279.795,100
3287,13:55:23,$ 3279.51,100
3288,13:55:07,$ 3280.00,199
3289,13:54:18,$ 3279.37,100
3291,13:53:34,$ 3279.065,100
3292,13:52:56,$ 3278.22,100
3293,13:52:48,$ 3278.60,100
3294,13:52:01,$ 3278.00,100
3295,13:51:31,$ 3278.28,100
3296,13:51:31,$ 3278.26,100
3297,13:51:30,$ 3278.60,100
3298,13:51:30,$ 3278.61,100
3299,13:51:00,$ 3279.00,100
3300,13:51:00,$ 3278.94,100
3301,13:50:54,$ 3278.27,100
3302,13:50:44,$ 3278.89,400
3303,13:50:36,$ 3278.4601,100
3304,13:50:11,$ 3278.74,200
3305,13:50:04,$ 3278.46,100
3306,13:49:54,$ 3278.30,100
3307,13:49:44,$ 3278.68,117
3308,13:49:32,$ 3279.00,100
3309,13:49:32,$ 3279.08,100
3310,13:49:31,$ 3279.32,100
3312,13:49:31,$ 3279.30,100
3313,13:49:07,$ 3279.58,100
3314,13:48:31,$ 3279.825,100
3315,13:48:09,$ 3279.63,100
3316,13:48:09,$ 3279.53,100
3317,13:48:07,$ 3280.02,100
3318,13:47:57,$ 3280.0925,100
3319,13:47:57,$ 3279.84,100
3320,13:47:29,$ 3280.00,309
3321,13:47:29,$ 3279.96,100
3322,13:47:10,$ 3280.19,100
3323,13:46:45,$ 3279.39,100
3324,13:46:15,$ 3279.525,100
3325,13:45:43,$ 3279.76,100
3326,13:45:29,$ 3279.505,100
3327,13:45:25,$ 3279.52,100
3328,13:45:22,$ 3279.27,100
3329,13:45:21,$ 3279.69,100
3330,13:45:00,$ 3279.68,100
3331,13:44:39,$ 3279.00,114
3333,13:44:36,$ 3278.6379,100
3334,13:44:36,$ 3278.95,100
3335,13:44:10,$ 3278.99,100
3336,13:44:10,$ 3278.44,100
3337,13:44:09,$ 3277.82,100
3338,13:44:00,$ 3278.195,100
3339,13:43:57,$ 3278.46,100
3340,13:43:46,$ 3278.1875,100
3341,13:43:37,$ 3278.40,100
3342,13:43:33,$ 3278.62,100
3343,13:43:33,$ 3278.905,100
3344,13:43:23,$ 3278.9099,100
3345,13:42:33,$ 3279.40,100
3346,13:42:27,$ 3279.75,100
3347,13:42:11,$ 3279.275,100
3348,13:42:11,$ 3278.99,100
3349,13:42:04,$ 3279.10,100
3350,13:42:04,$ 3279.44,100
3351,13:42:04,$ 3279.45,100
3352,13:42:03,$ 3279.25,100
3354,13:42:02,$ 3279.58,100
3355,13:41:00,$ 3279.9725,100
3356,13:40:27,$ 3280.02,100
3357,13:40:13,$ 3280.40,100
3358,13:40:13,$ 3280.40,100
3359,13:40:03,$ 3280.33,100
3360,13:39:46,$ 3280.19,100
3361,13:39:45,$ 3280.47,100
3362,13:39:44,$ 3280.49,100
3363,13:39:25,$ 3280.17,100
3364,13:39:20,$ 3280.54,100
3365,13:39:20,$ 3280.23,100
3366,13:39:20,$ 3280.23,100
3367,13:39:16,$ 3279.70,100
3368,13:39:06,$ 3279.41,100
3369,13:39:00,$ 3279.40,100
3370,13:39:00,$ 3279.10,100
3371,13:39:00,$ 3278.97,100
3372,13:39:00,$ 3278.97,100
3373,13:39:00,$ 3279.07,100
3375,13:39:00,$ 3279.11,100
3376,13:38:49,$ 3278.9507,354
3377,13:38:49,$ 3278.93,100
3378,13:38:47,$ 3279.18,100
3379,13:38:47,$ 3279.17,100
3380,13:38:47,$ 3279.16,100
3381,13:38:47,$ 3279.15,100
3382,13:38:47,$ 3279.15,100
3383,13:38:35,$ 3279.1296,100
3384,13:38:32,$ 3279.245,100
3385,13:38:24,$ 3279.47,100
3386,13:38:15,$ 3278.80,100
3387,13:38:08,$ 3279.01,100
3388,13:37:46,$ 3279.035,100
3389,13:37:31,$ 3278.645,100
3390,13:37:27,$ 3278.655,100
3391,13:37:27,$ 3279.00,136
3392,13:37:27,$ 3279.00,112
3393,13:37:27,$ 3279.00,100
3394,13:37:26,$ 3278.93,100
3396,13:37:26,$ 3278.975,100
3397,13:37:13,$ 3278.375,100
3398,13:37:10,$ 3278.88,100
3399,13:36:47,$ 3278.39,100
3400,13:36:34,$ 3278.23,100
3401,13:36:22,$ 3277.795,100
3402,13:36:17,$ 3277.415,100
3403,13:36:13,$ 3277.7264,100
3404,13:36:08,$ 3277.07,100
3405,13:35:49,$ 3276.43,100
3406,13:35:44,$ 3276.13,100
3407,13:34:56,$ 3276.93,100
3408,13:34:14,$ 3276.03,100
3409,13:34:10,$ 3276.01,100
3410,13:34:07,$ 3276.70,150
3411,13:34:07,$ 3276.54,100
3412,13:34:07,$ 3276.70,100
3413,13:33:59,$ 3277.19,100
3414,13:33:45,$ 3277.775,100
3415,13:33:34,$ 3278.305,100
3417,13:33:30,$ 3277.92,100
3418,13:33:29,$ 3278.175,100
3419,13:33:28,$ 3278.18,100
3420,13:33:17,$ 3277.75,600
3421,13:33:17,$ 3278.00,100
3422,13:33:17,$ 3278.00,100
3423,13:33:16,$ 3277.75,100
3424,13:33:15,$ 3277.52,100
3425,13:33:11,$ 3277.02,100
3426,13:33:10,$ 3276.87,100
3427,13:32:51,$ 3277.07,110
3428,13:32:51,$ 3276.96,100
3429,13:32:51,$ 3277.01,100
3430,13:32:51,$ 3276.77,100
3431,13:32:48,$ 3276.63,210
3432,13:32:48,$ 3276.63,100
3433,13:32:48,$ 3276.94,100
3434,13:32:36,$ 3276.90,100
3435,13:32:15,$ 3277.68,100
3436,13:32:15,$ 3277.68,100
3438,13:31:54,$ 3276.905,100
3439,13:31:35,$ 3276.26,100
3440,13:31:15,$ 3276.80,100
3441,13:31:15,$ 3276.86,100
3442,13:31:15,$ 3276.84,100
3443,13:31:15,$ 3276.84,100
3444,13:31:14,$ 3277.065,100
3445,13:31:02,$ 3276.78,159
3446,13:30:46,$ 3275.618,200
3447,13:30:46,$ 3275.598,100
3448,13:30:44,$ 3276.38,100
3449,13:30:43,$ 3276.40,100
3450,13:30:42,$ 3276.215,100
3451,13:30:22,$ 3274.75,100
3453,14:29:57,$ 3282.679,120
3454,14:29:52,$ 3282.08,100
3455,14:29:49,$ 3282.02,100
3456,14:29:49,$ 3282.02,195
3457,14:29:43,$ 3282.73,100
3458,14:29:39,$ 3283.28,100
3459,14:29:22,$ 3284.23,100
3460,14:28:35,$ 3281.83,100
3461,14:28:35,$ 3281.83,100
3462,14:28:35,$ 3282.55,100
3463,14:28:31,$ 3282.965,100
3464,14:28:09,$ 3282.97,106
3465,14:27:55,$ 3282.94,100
3466,14:27:51,$ 3282.355,200
3467,14:27:45,$ 3281.70,115
3468,14:27:45,$ 3281.70,100
3469,14:27:35,$ 3282.41,200
3470,14:27:26,$ 3282.44,100
3471,14:27:25,$ 3283.03,100
3472,14:27:13,$ 3283.41,100
3474,14:27:13,$ 3283.41,100
3475,14:27:13,$ 3283.41,100
3476,14:27:13,$ 3283.41,100
3477,14:27:13,$ 3283.41,360
3478,14:27:13,$ 3283.41,100
3479,14:27:13,$ 3283.41,100
3480,14:27:13,$ 3283.47,100
3481,14:27:00,$ 3283.815,100
3482,14:26:57,$ 3284.00,100
3483,14:26:53,$ 3284.06,470
3484,14:26:42,$ 3284.8725,100
3485,14:26:14,$ 3284.48,100
3486,14:26:12,$ 3285.00,100
3487,14:26:12,$ 3285.17,100
3488,14:26:12,$ 3285.18,100
3489,14:26:12,$ 3285.18,100
3490,14:26:12,$ 3285.55,100
3491,14:26:12,$ 3285.44,100
3492,14:26:12,$ 3285.55,100
3493,14:26:12,$ 3285.435,100
3495,14:26:12,$ 3285.435,100
3496,14:26:12,$ 3285.435,100
3497,14:26:12,$ 3285.67,100
3498,14:26:12,$ 3285.68,100
3499,14:26:12,$ 3285.69,100
3500,14:26:12,$ 3285.69,100
3501,14:26:02,$ 3285.555,100
3502,14:26:00,$ 3285.00,100
3503,14:26:00,$ 3285.01,100
3504,14:26:00,$ 3285.335,100
3505,14:26:00,$ 3285.235,200
3506,14:26:00,$ 3285.16,100
3507,14:25:57,$ 3285.335,100
3508,14:25:57,$ 3285.28,100
3509,14:25:39,$ 3286.085,100
3510,14:25:38,$ 3285.60,100
3511,14:25:28,$ 3285.61,100
3512,14:25:04,$ 3286.00,100
3513,14:25:04,$ 3286.00,100
3514,14:25:04,$ 3286.00,193
3516,14:25:03,$ 3286.00,100
3517,14:24:10,$ 3286.42,100
3518,14:24:09,$ 3285.484,100
3519,14:24:09,$ 3286.33,100
3520,14:24:09,$ 3286.53,100
3521,14:24:09,$ 3286.55,100
3522,14:23:43,$ 3287.225,"1,000"
3523,14:23:06,$ 3286.03,100
3524,14:22:55,$ 3285.965,100
3525,14:22:34,$ 3285.16,132
3526,14:22:08,$ 3286.545,100
3527,14:22:08,$ 3286.655,100
3528,14:21:32,$ 3286.07,100
3529,14:21:27,$ 3286.00,280
3530,14:21:27,$ 3286.00,206
3531,14:21:14,$ 3287.03,100
3532,14:21:00,$ 3287.33,100
3533,14:20:46,$ 3288.035,100
3534,14:20:46,$ 3287.96,100
3535,14:20:46,$ 3287.80,100
3537,14:20:45,$ 3287.1743,111
3538,14:20:30,$ 3288.38,100
3539,14:20:21,$ 3287.99,200
3540,14:20:21,$ 3287.06,100
3541,14:20:20,$ 3287.0044,111
3542,14:20:02,$ 3285.55,100
3543,14:19:54,$ 3285.615,100
3544,14:19:51,$ 3285.75,100
3545,14:19:51,$ 3285.21,100
3546,14:19:51,$ 3285.24,100
3547,14:19:51,$ 3285.24,100
3548,14:19:51,$ 3285.67,100
3549,14:19:43,$ 3286.23,300
3550,14:19:19,$ 3286.93,100
3551,14:19:15,$ 3286.99,100
3552,14:19:15,$ 3286.89,100
3553,14:19:15,$ 3286.92,100
3554,14:19:14,$ 3286.77,100
3555,14:19:00,$ 3286.89,100
3556,14:19:00,$ 3286.915,100
3558,14:18:54,$ 3286.54,113
3559,14:18:54,$ 3286.37,152
3560,14:18:54,$ 3286.32,100
3561,14:18:54,$ 3286.37,200
3562,14:18:54,$ 3286.49,100
3563,14:18:54,$ 3286.39,100
3564,14:18:54,$ 3286.37,100
3565,14:18:54,$ 3286.50,100
3566,14:18:54,$ 3286.50,200
3567,14:18:54,$ 3286.50,100
3568,14:18:44,$ 3285.265,100
3569,14:18:30,$ 3284.4101,100
3570,14:18:26,$ 3284.95,100
3571,14:17:57,$ 3285.50,100
3572,14:17:36,$ 3283.12,100
3573,14:16:47,$ 3283.13,100
3574,14:16:42,$ 3284.0242,100
3575,14:16:40,$ 3283.72,319
3576,14:16:40,$ 3283.72,170
3577,14:16:40,$ 3284.03,100
3579,14:16:40,$ 3284.03,100
3580,14:16:40,$ 3284.03,100
3581,14:16:40,$ 3284.03,100
3582,14:16:38,$ 3283.4432,100
3583,14:16:33,$ 3283.0503,100
3584,14:16:18,$ 3283.525,100
3585,14:16:10,$ 3283.91,100
3586,14:16:03,$ 3284.725,100
3587,14:15:32,$ 3284.40,100
3588,14:15:31,$ 3282.90,427
3589,14:15:31,$ 3282.90,200
3590,14:15:25,$ 3284.355,100
3591,14:15:25,$ 3284.30,100
3592,14:15:16,$ 3285.0299,"1,000"
3593,14:15:02,$ 3286.07,100
3594,14:15:02,$ 3286.185,100
3595,14:15:01,$ 3286.20,100
3596,14:14:56,$ 3287.52,100
3597,14:14:56,$ 3286.99,100
3598,14:14:56,$ 3287.17,100
3600,14:14:56,$ 3287.16,100
3601,14:14:56,$ 3287.15,100
3602,14:14:50,$ 3287.475,400
3603,14:14:49,$ 3287.365,400
3604,14:14:48,$ 3287.185,100
3605,14:14:48,$ 3286.99,100
3606,14:14:48,$ 3287.065,100
3607,14:14:32,$ 3285.99,100
3608,14:14:32,$ 3285.99,100
3609,14:14:32,$ 3286.00,100
3610,14:14:17,$ 3284.56,463
3611,14:14:17,$ 3284.56,250
3612,14:14:11,$ 3284.47,100
3613,14:14:10,$ 3284.38,100
3614,14:14:10,$ 3284.38,400
3615,14:14:00,$ 3283.61,100
3616,14:13:57,$ 3283.11,100
3617,14:13:35,$ 3282.165,111
3618,14:13:30,$ 3282.10,100
3619,14:13:13,$ 3282.02,100
3621,14:13:09,$ 3281.56,100
3622,14:13:00,$ 3282.01,100
3623,14:13:00,$ 3282.00,100
3624,14:12:49,$ 3281.50,100
3625,14:12:44,$ 3281.501,260
3626,14:12:44,$ 3281.528,100
3627,14:12:44,$ 3281.538,100
3628,14:12:44,$ 3281.512,100
3629,14:12:41,$ 3281.58,100
3630,14:12:22,$ 3281.65,100
3631,14:12:12,$ 3282.00,386
3632,14:12:04,$ 3282.00,100
3633,14:12:01,$ 3281.71,100
3634,14:12:00,$ 3281.57,100
3635,14:12:00,$ 3281.52,100
3636,14:11:59,$ 3282.145,100
3637,14:11:52,$ 3282.215,100
3638,14:11:42,$ 3280.97,100
3639,14:11:15,$ 3281.72,100
3640,14:11:14,$ 3281.05,100
3642,14:10:47,$ 3279.9999,100
3643,14:10:12,$ 3279.67,100
3644,14:10:02,$ 3280.135,100
3645,14:09:59,$ 3281.65,100
3646,14:09:49,$ 3284.59,100
3647,14:09:49,$ 3283.85,100
3648,14:09:49,$ 3284.07,100
3649,14:09:49,$ 3284.00,100
3650,14:09:45,$ 3280.95,100
3651,14:09:45,$ 3281.00,300
3652,14:09:45,$ 3281.00,150
3653,14:09:45,$ 3281.09,100
3654,14:09:39,$ 3279.79,100
3655,14:09:39,$ 3279.80,156
3656,14:09:38,$ 3279.045,100
3657,14:09:07,$ 3277.945,100
3658,14:08:53,$ 3277.44,100
3659,14:08:53,$ 3277.44,100
3660,14:08:53,$ 3277.44,100
3661,14:08:46,$ 3277.6723,137
3663,14:08:42,$ 3278.10,120
3664,14:08:40,$ 3278.44,100
3665,14:08:32,$ 3278.41,250
3666,14:08:23,$ 3278.852,150
3667,14:08:22,$ 3279.2818,120
3668,14:08:16,$ 3277.655,100
3669,14:07:50,$ 3276.20,100
3670,14:07:50,$ 3276.5733,100
3671,14:07:49,$ 3276.205,100
3672,14:07:46,$ 3276.205,100
3673,14:07:43,$ 3275.31,100
3674,14:07:35,$ 3275.34,100
3675,14:07:35,$ 3275.39,100
3676,14:07:34,$ 3275.36,100
3677,14:07:34,$ 3275.34,100
3678,14:07:34,$ 3275.33,100
3679,14:07:33,$ 3275.86,100
3680,14:07:19,$ 3276.30,100
3681,14:07:15,$ 3277.08,100
3682,14:07:15,$ 3277.08,100
3684,14:07:15,$ 3277.08,100
3685,14:07:11,$ 3278.38,100
3686,14:07:11,$ 3278.36,100
3687,14:07:10,$ 3279.26,100
3688,14:06:55,$ 3280.50,320
3689,14:06:48,$ 3280.415,197
3690,14:06:36,$ 3280.07,100
3691,14:06:33,$ 3280.12,100
3692,14:06:25,$ 3280.1299,100
3693,14:06:06,$ 3280.37,100
3694,14:05:57,$ 3280.015,100
3695,14:05:34,$ 3280.10,300
3696,14:04:49,$ 3280.46,100
3697,14:04:49,$ 3280.71,100
3698,14:04:28,$ 3281.27,100
3699,14:04:24,$ 3282.0799,200
3700,14:04:24,$ 3280.925,100
3701,14:04:08,$ 3279.94,100
3702,14:04:04,$ 3278.05,100
3703,14:04:01,$ 3279.34,100
3705,14:03:59,$ 3279.29,100
3706,14:03:59,$ 3279.18,100
3707,14:03:58,$ 3281.64,100
3708,14:03:57,$ 3283.40,100
3709,14:03:57,$ 3283.195,100
3710,14:03:57,$ 3282.65,100
3711,14:03:57,$ 3282.82,100
3712,14:03:57,$ 3283.44,100
3713,14:03:57,$ 3283.57,100
3714,14:03:57,$ 3283.60,100
3715,14:03:57,$ 3282.67,100
3716,14:03:57,$ 3283.45,100
3717,14:03:57,$ 3283.50,100
3718,14:03:57,$ 3283.52,100
3719,14:03:57,$ 3283.43,100
3720,14:03:50,$ 3283.64,100
3721,14:03:44,$ 3284.652,100
3722,14:03:33,$ 3284.76,100
3723,14:03:29,$ 3284.2901,100
3724,14:03:22,$ 3285.275,100
3726,14:03:20,$ 3285.00,100
3727,14:03:16,$ 3285.90,100
3728,14:03:14,$ 3284.63,100
3729,14:03:07,$ 3284.58,100
3730,14:02:59,$ 3283.65,100
3731,14:02:46,$ 3283.00,100
3732,14:02:32,$ 3283.95,109
3733,14:02:32,$ 3283.42,100
3734,14:02:32,$ 3283.74,100
3735,14:02:20,$ 3283.13,100
3736,14:02:16,$ 3283.15,320
3737,14:02:16,$ 3283.00,100
3738,14:02:16,$ 3282.62,100
3739,14:02:16,$ 3281.73,100
3740,14:02:13,$ 3281.85,100
3741,14:02:11,$ 3281.39,100
3742,14:02:11,$ 3281.385,100
3743,14:02:11,$ 3281.37,100
3744,14:02:11,$ 3281.39,132
3745,14:02:11,$ 3281.39,254
3747,14:02:09,$ 3281.5072,100
3748,14:02:06,$ 3282.17,100
3749,14:01:57,$ 3284.36,100
3750,14:01:57,$ 3284.65,100
3751,14:01:57,$ 3284.59,100
3752,14:01:57,$ 3284.585,100
3753,14:01:51,$ 3284.60,100
3754,14:01:48,$ 3285.90,100
3755,14:01:43,$ 3285.74,100
3756,14:01:42,$ 3286.18,100
3757,14:01:40,$ 3285.38,100
3758,14:01:37,$ 3286.03,100
3759,14:01:37,$ 3286.04,100
3760,14:01:37,$ 3286.21,100
3761,14:01:36,$ 3286.395,100
3762,14:01:34,$ 3286.36,100
3763,14:01:34,$ 3286.36,100
3764,14:01:34,$ 3286.20,100
3765,14:01:34,$ 3285.99,100
3766,14:01:34,$ 3284.99,150
3768,14:01:34,$ 3284.99,100
3769,14:01:34,$ 3284.105,100
3770,14:01:33,$ 3284.00,100
3771,14:01:33,$ 3284.06,100
3772,14:01:32,$ 3284.335,100
3773,14:01:31,$ 3283.20,100
3774,14:01:26,$ 3282.99,400
3775,14:01:26,$ 3282.99,100
3776,14:01:26,$ 3283.00,400
3777,14:01:26,$ 3282.24,100
3778,14:01:26,$ 3282.24,100
3779,14:01:25,$ 3282.25,150
3780,14:01:25,$ 3282.25,100
3781,14:01:25,$ 3281.99,101
3782,14:01:19,$ 3281.05,100
3783,14:01:19,$ 3281.08,100
3784,14:01:15,$ 3281.21,100
3785,14:01:15,$ 3279.90,100
3786,14:01:11,$ 3279.90,100
3787,14:01:11,$ 3280.38,178
3789,14:00:58,$ 3277.60,100
3790,14:00:51,$ 3278.67,200
3791,14:00:41,$ 3278.34,100
3792,14:00:33,$ 3278.815,100
3793,14:00:14,$ 3276.61,100
3794,14:00:13,$ 3276.68,100
3795,14:00:08,$ 3277.52,100
3797,14:59:53,$ 3279.27,100
3798,14:59:53,$ 3279.27,100
3799,14:59:51,$ 3279.715,100
3800,14:59:51,$ 3279.08,100
3801,14:59:45,$ 3279.2601,100
3802,14:59:45,$ 3279.27,100
3803,14:59:45,$ 3279.27,100
3804,14:59:45,$ 3279.27,100
3805,14:59:43,$ 3279.61,100
3806,14:59:33,$ 3279.065,100
3807,14:59:32,$ 3278.84,109
3808,14:59:29,$ 3278.62,100
3809,14:59:18,$ 3279.5999,100
3810,14:58:59,$ 3278.88,100
3811,14:58:54,$ 3279.31,100
3812,14:58:37,$ 3278.9811,250
3813,14:58:17,$ 3279.5534,100
3814,14:58:11,$ 3278.8291,100
3815,14:57:30,$ 3279.54,100
3816,14:57:30,$ 3279.69,148
3818,14:57:26,$ 3280.41,100
3819,14:57:11,$ 3280.52,100
3820,14:56:57,$ 3280.53,100
3821,14:56:52,$ 3280.90,100
3822,14:56:52,$ 3280.90,100
3823,14:56:52,$ 3280.90,100
3824,14:56:48,$ 3280.465,"1,000"
3825,14:56:36,$ 3280.81,100
3826,14:56:36,$ 3280.805,100
3827,14:56:33,$ 3280.26,250
3828,14:56:30,$ 3280.21,100
3829,14:55:30,$ 3279.2333,100
3830,14:54:58,$ 3278.505,100
3831,14:54:31,$ 3278.93,100
3832,14:54:21,$ 3279.03,100
3833,14:54:21,$ 3279.03,100
3834,14:53:47,$ 3279.06,100
3835,14:53:29,$ 3279.02,244
3836,14:53:20,$ 3279.37,100
3837,14:53:20,$ 3279.502,200
3839,14:53:20,$ 3279.93,100
3840,14:53:20,$ 3279.77,100
3841,14:53:20,$ 3280.02,100
