,NLS Time (ET),NLS Price,NLS Share Volume
1,09:59:59,$ 3540.6799,100
2,09:59:57,$ 3540.263,100
3,09:59:55,$ 3539.99,100
4,09:59:53,$ 3539.99,200
5,09:59:53,$ 3539.99,100
6,09:59:49,$ 3538.44,100
7,09:59:49,$ 3538.43,236
8,09:59:49,$ 3538.43,119
9,09:59:49,$ 3538.43,118
10,09:59:49,$ 3538.43,112
11,09:59:48,$ 3538.676,100
12,09:59:42,$ 3538.70,100
13,09:59:39,$ 3539.40,150
14,09:59:39,$ 3538.40,100
15,09:59:38,$ 3537.7002,100
16,09:59:37,$ 3538.40,100
17,09:59:37,$ 3537.37,100
18,09:59:33,$ 3537.475,100
19,09:59:29,$ 3536.39,100
20,09:59:29,$ 3536.395,100
22,09:59:29,$ 3536.38,100
23,09:59:24,$ 3536.00,115
24,09:59:21,$ 3534.49,100
25,09:59:19,$ 3534.82,100
26,09:59:19,$ 3535.53,100
27,09:59:19,$ 3534.82,100
28,09:59:19,$ 3535.52,100
29,09:59:19,$ 3534.82,100
30,09:59:09,$ 3534.555,150
31,09:59:06,$ 3534.50,150
32,09:59:05,$ 3535.782,685
33,09:59:05,$ 3533.58,100
34,09:59:05,$ 3533.57,100
35,09:59:02,$ 3533.10,200
36,09:58:59,$ 3535.235,100
37,09:58:58,$ 3534.86,100
38,09:58:52,$ 3534.70,100
39,09:58:48,$ 3535.7445,100
40,09:58:47,$ 3534.98,100
41,09:58:44,$ 3534.33,100
43,09:58:43,$ 3533.55,100
44,09:58:43,$ 3533.515,100
45,09:58:43,$ 3533.43,100
46,09:58:43,$ 3533.40,100
47,09:58:36,$ 3530.2415,100
48,09:58:36,$ 3528.45,570
49,09:58:36,$ 3529.358,100
50,09:58:34,$ 3529.99,100
51,09:58:28,$ 3528.50,100
52,09:58:27,$ 3527.645,100
53,09:58:06,$ 3529.19,280
54,09:58:05,$ 3528.33,100
55,09:58:03,$ 3529.22,100
56,09:57:59,$ 3529.0946,720
57,09:57:44,$ 3527.0525,100
58,09:57:42,$ 3527.47,150
59,09:57:34,$ 3529.5653,150
60,09:57:27,$ 3527.73,100
61,09:57:26,$ 3527.96,100
62,09:57:26,$ 3527.81,100
64,09:57:22,$ 3526.485,100
65,09:57:19,$ 3526.31,100
66,09:57:07,$ 3525.395,100
67,09:57:06,$ 3525.33,100
68,09:57:06,$ 3525.08,100
69,09:57:06,$ 3524.14,200
70,09:57:06,$ 3525.33,100
71,09:57:06,$ 3525.33,100
72,09:57:04,$ 3525.46,100
73,09:57:04,$ 3525.67,100
74,09:57:04,$ 3525.71,100
75,09:57:02,$ 3526.88,100
76,09:57:00,$ 3525.3099,100
77,09:57:00,$ 3525.308,200
78,09:57:00,$ 3525.18,100
79,09:57:00,$ 3524.83,100
80,09:57:00,$ 3524.87,100
81,09:57:00,$ 3522.01,100
82,09:57:00,$ 3522.58,100
83,09:57:00,$ 3525.3393,100
85,09:57:00,$ 3522.00,100
86,09:57:00,$ 3525.10,200
87,09:57:00,$ 3525.10,289
88,09:57:00,$ 3525.61,100
89,09:56:57,$ 3527.44,100
90,09:56:57,$ 3527.44,100
91,09:56:57,$ 3527.42,100
92,09:56:52,$ 3530.25,150
93,09:56:51,$ 3527.46,100
94,09:56:48,$ 3527.00,100
95,09:56:41,$ 3527.68,100
96,09:56:41,$ 3527.68,100
97,09:56:36,$ 3527.83,100
98,09:56:19,$ 3529.01,100
99,09:56:18,$ 3531.00,100
100,09:56:13,$ 3532.17,188
101,09:56:13,$ 3532.17,100
102,09:56:12,$ 3533.07,100
103,09:56:11,$ 3532.36,100
104,09:56:07,$ 3531.835,100
106,09:55:56,$ 3531.534,100
107,09:55:55,$ 3530.835,110
108,09:55:55,$ 3530.835,123
109,09:55:55,$ 3531.37,100
110,09:55:46,$ 3530.13,100
111,09:55:38,$ 3527.24,100
112,09:55:38,$ 3526.7225,100
113,09:55:30,$ 3526.66,100
114,09:55:30,$ 3525.84,100
115,09:55:29,$ 3525.84,100
116,09:55:29,$ 3526.06,100
117,09:55:29,$ 3525.87,100
118,09:55:29,$ 3526.21,100
119,09:55:24,$ 3527.00,100
120,09:55:10,$ 3530.49,100
121,09:55:10,$ 3530.49,100
122,09:54:54,$ 3530.50,500
123,09:54:46,$ 3527.91,100
124,09:54:40,$ 3528.48,100
125,09:54:40,$ 3528.42,100
127,09:54:32,$ 3527.27,100
128,09:54:32,$ 3527.285,100
129,09:54:26,$ 3528.575,100
130,09:54:18,$ 3528.63,229
131,09:54:04,$ 3528.11,100
132,09:54:04,$ 3528.075,100
133,09:54:04,$ 3528.155,100
134,09:54:04,$ 3528.00,116
135,09:54:04,$ 3528.00,118
136,09:54:04,$ 3528.00,229
137,09:54:00,$ 3530.00,135
138,09:53:48,$ 3533.00,185
139,09:53:44,$ 3532.0938,400
140,09:53:40,$ 3533.4388,282
141,09:53:40,$ 3533.4388,268
142,09:53:40,$ 3531.3221,100
143,09:53:40,$ 3531.47,100
144,09:53:40,$ 3531.56,100
145,09:53:37,$ 3530.85,100
146,09:53:31,$ 3530.90,100
148,09:53:26,$ 3530.81,200
149,09:53:25,$ 3530.31,200
150,09:53:25,$ 3530.04,100
151,09:53:15,$ 3528.02,100
152,09:53:14,$ 3528.95,100
153,09:53:14,$ 3529.03,100
154,09:53:11,$ 3527.23,100
155,09:53:11,$ 3526.82,100
156,09:53:06,$ 3528.19,100
157,09:53:06,$ 3528.12,100
158,09:53:05,$ 3527.47,"1,000"
159,09:53:02,$ 3527.05,100
160,09:52:59,$ 3530.895,100
161,09:52:57,$ 3528.1101,150
162,09:52:54,$ 3528.3607,399
163,09:52:54,$ 3529.43,171
164,09:52:54,$ 3529.43,100
165,09:52:51,$ 3530.00,166
166,09:52:51,$ 3529.28,100
167,09:52:50,$ 3530.63,100
169,09:52:48,$ 3531.00,100
170,09:52:48,$ 3531.14,100
171,09:52:47,$ 3532.01,100
172,09:52:41,$ 3532.86,100
173,09:52:41,$ 3533.12,100
174,09:52:41,$ 3533.14,100
175,09:52:41,$ 3532.62,150
176,09:52:36,$ 3533.825,100
177,09:52:29,$ 3533.84,100
178,09:52:25,$ 3534.2403,215
179,09:52:16,$ 3537.10,100
180,09:52:10,$ 3534.00,100
181,09:52:02,$ 3531.55,100
182,09:51:58,$ 3532.25,100
183,09:51:57,$ 3532.066,283
184,09:51:57,$ 3532.1424,270
185,09:51:57,$ 3531.7986,347
186,09:51:51,$ 3532.00,140
187,09:51:51,$ 3532.00,200
188,09:51:51,$ 3532.00,192
190,09:51:51,$ 3532.00,100
191,09:51:29,$ 3535.17,100
192,09:51:29,$ 3535.17,100
193,09:51:29,$ 3535.23,100
194,09:51:11,$ 3535.7099,250
195,09:51:09,$ 3535.60,100
196,09:51:06,$ 3535.06,"1,000"
197,09:51:03,$ 3535.06,100
198,09:51:02,$ 3537.18,111
199,09:51:02,$ 3537.18,102
200,09:51:02,$ 3537.18,220
201,09:50:47,$ 3537.96,100
202,09:50:46,$ 3537.94,100
203,09:50:46,$ 3537.04,100
204,09:50:45,$ 3537.04,100
205,09:50:45,$ 3537.04,100
206,09:50:45,$ 3537.04,100
207,09:50:45,$ 3537.04,100
208,09:50:45,$ 3537.04,100
209,09:50:45,$ 3537.04,100
211,09:50:45,$ 3537.04,100
212,09:50:43,$ 3537.05,100
213,09:50:39,$ 3537.935,100
214,09:50:37,$ 3538.76,100
215,09:50:30,$ 3540.11,100
216,09:50:19,$ 3541.25,100
217,09:50:17,$ 3538.655,100
218,09:50:15,$ 3540.73,100
219,09:50:14,$ 3541.00,100
220,09:50:14,$ 3538.86,100
221,09:50:14,$ 3538.87,100
222,09:50:13,$ 3537.16,100
223,09:50:12,$ 3538.6644,100
224,09:50:06,$ 3538.91,100
225,09:50:01,$ 3536.6201,100
226,09:49:58,$ 3540.03,100
227,09:49:58,$ 3539.73,100
228,09:49:58,$ 3540.00,100
229,09:49:58,$ 3540.00,100
230,09:49:58,$ 3538.92,100
232,09:49:58,$ 3538.59,100
233,09:49:58,$ 3538.70,100
234,09:49:52,$ 3536.96,100
235,09:49:51,$ 3537.0599,100
236,09:49:40,$ 3536.45,100
237,09:49:32,$ 3536.19,380
238,09:49:32,$ 3535.56,100
239,09:49:32,$ 3535.54,135
240,09:49:32,$ 3535.54,238
241,09:49:22,$ 3537.43,100
242,09:49:08,$ 3534.80,152
243,09:49:07,$ 3534.55,100
244,09:48:59,$ 3532.6875,100
245,09:48:58,$ 3533.4039,229
246,09:48:57,$ 3534.76,100
247,09:48:56,$ 3534.31,100
248,09:48:46,$ 3535.00,118
249,09:48:46,$ 3535.00,104
250,09:48:46,$ 3535.00,100
251,09:48:46,$ 3535.00,118
253,09:48:44,$ 3536.01,100
254,09:48:41,$ 3536.47,100
255,09:48:39,$ 3537.565,100
256,09:48:35,$ 3536.8301,720
257,09:48:27,$ 3538.7352,100
258,09:48:20,$ 3540.8599,490
259,09:48:14,$ 3538.57,100
260,09:48:10,$ 3539.395,150
261,09:48:08,$ 3540.50,100
262,09:48:08,$ 3539.00,100
263,09:48:03,$ 3540.1132,100
264,09:47:54,$ 3539.45,100
265,09:47:51,$ 3538.585,100
266,09:47:49,$ 3538.23,267
267,09:47:46,$ 3537.50,100
268,09:47:37,$ 3536.665,100
269,09:47:33,$ 3536.655,100
270,09:47:30,$ 3537.35,100
271,09:47:28,$ 3535.6346,500
272,09:47:20,$ 3538.515,100
274,09:47:20,$ 3538.00,125
275,09:47:20,$ 3538.00,221
276,09:47:20,$ 3538.00,100
277,09:47:20,$ 3538.011,200
278,09:47:09,$ 3540.00,180
279,09:47:09,$ 3540.01,100
280,09:47:01,$ 3539.83,100
281,09:47:01,$ 3539.84,100
282,09:46:59,$ 3540.00,500
283,09:46:59,$ 3538.603,625
284,09:46:57,$ 3538.915,100
285,09:46:41,$ 3540.6485,100
286,09:46:35,$ 3538.00,100
287,09:46:35,$ 3538.00,100
288,09:46:35,$ 3538.00,100
289,09:46:35,$ 3538.00,131
290,09:46:35,$ 3538.00,181
291,09:46:35,$ 3538.00,106
292,09:46:30,$ 3539.41,100
293,09:46:26,$ 3538.48,397
295,09:46:11,$ 3540.52,100
296,09:46:11,$ 3540.37,100
297,09:46:08,$ 3541.82,100
298,09:46:07,$ 3540.23,300
299,09:46:07,$ 3541.45,100
300,09:46:06,$ 3539.65,100
301,09:46:05,$ 3540.9835,407
302,09:46:05,$ 3540.85,189
303,09:46:05,$ 3541.3768,282
304,09:46:05,$ 3540.51,100
305,09:46:03,$ 3541.57,100
306,09:46:03,$ 3540.645,144
307,09:46:03,$ 3540.42,121
308,09:46:02,$ 3540.40,100
309,09:46:00,$ 3537.95,100
310,09:46:00,$ 3538.27,100
311,09:45:59,$ 3537.78,100
312,09:45:58,$ 3537.5955,336
313,09:45:58,$ 3537.23,123
314,09:45:58,$ 3537.23,100
316,09:45:58,$ 3536.9386,123
317,09:45:58,$ 3536.5255,100
318,09:45:51,$ 3535.36,100
319,09:45:47,$ 3534.81,500
320,09:45:47,$ 3533.62,100
321,09:45:44,$ 3534.81,100
322,09:45:44,$ 3534.32,100
323,09:45:35,$ 3534.0902,150
324,09:45:34,$ 3534.87,100
325,09:45:33,$ 3533.90,100
326,09:45:30,$ 3533.29,100
327,09:45:15,$ 3531.74,100
328,09:44:43,$ 3530.26,100
329,09:44:33,$ 3533.22,100
330,09:44:24,$ 3530.935,100
331,09:44:16,$ 3530.145,200
332,09:44:08,$ 3529.36,100
333,09:44:07,$ 3530.49,"1,000"
334,09:44:00,$ 3531.99,100
335,09:43:50,$ 3533.00,100
337,09:43:43,$ 3533.15,100
338,09:43:29,$ 3532.6991,100
339,09:43:26,$ 3531.30,100
340,09:43:19,$ 3531.36,100
341,09:43:19,$ 3531.01,100
342,09:43:19,$ 3531.60,200
343,09:43:18,$ 3531.80,100
344,09:43:18,$ 3531.60,200
345,09:43:18,$ 3531.53,300
346,09:43:18,$ 3531.04,100
347,09:43:18,$ 3531.0335,100
348,09:43:18,$ 3532.59,100
349,09:43:18,$ 3531.125,100
350,09:43:13,$ 3532.745,200
351,09:43:12,$ 3533.2616,100
352,09:43:11,$ 3532.00,100
353,09:43:11,$ 3532.03,100
354,09:43:11,$ 3532.04,100
355,09:43:06,$ 3534.45,100
356,09:43:05,$ 3533.00,100
358,09:43:02,$ 3536.1321,100
359,09:43:02,$ 3534.78,100
360,09:42:47,$ 3538.98,150
361,09:42:42,$ 3537.29,100
362,09:42:17,$ 3538.4266,100
363,09:42:11,$ 3537.40,100
364,09:42:06,$ 3536.10,100
365,09:42:05,$ 3536.71,100
366,09:42:04,$ 3538.60,100
367,09:42:04,$ 3536.45,100
368,09:42:04,$ 3536.39,100
369,09:41:56,$ 3537.70,100
370,09:41:56,$ 3537.69,100
371,09:41:56,$ 3540.42,100
372,09:41:56,$ 3540.42,100
373,09:41:56,$ 3539.00,100
374,09:41:56,$ 3538.99,100
375,09:41:56,$ 3537.06,100
376,09:41:56,$ 3537.04,100
377,09:41:56,$ 3537.43,100
379,09:41:56,$ 3537.75,100
380,09:41:55,$ 3538.77,100
381,09:41:55,$ 3538.87,100
382,09:41:54,$ 3538.6474,250
383,09:41:34,$ 3535.01,100
384,09:41:21,$ 3534.97,116
385,09:41:18,$ 3533.12,100
386,09:41:18,$ 3533.13,107
387,09:41:07,$ 3535.1034,300
388,09:41:07,$ 3534.06,100
389,09:41:03,$ 3533.97,100
390,09:41:03,$ 3534.24,100
391,09:41:00,$ 3534.08,100
392,09:40:59,$ 3536.47,100
393,09:40:55,$ 3535.735,150
394,09:40:54,$ 3534.4922,375
395,09:40:54,$ 3536.66,100
396,09:40:54,$ 3536.66,100
397,09:40:54,$ 3535.76,100
398,09:40:48,$ 3536.32,200
400,09:40:48,$ 3534.925,100
401,09:40:48,$ 3535.00,100
402,09:40:48,$ 3535.23,100
403,09:40:47,$ 3538.1689,229
404,09:40:46,$ 3536.00,100
405,09:40:33,$ 3536.985,100
406,09:40:31,$ 3535.42,100
407,09:40:31,$ 3535.07,100
408,09:40:31,$ 3535.43,100
409,09:40:31,$ 3535.44,100
410,09:40:31,$ 3535.42,100
411,09:40:24,$ 3533.99,100
412,09:40:24,$ 3533.005,100
413,09:40:20,$ 3531.50,200
414,09:40:14,$ 3531.73,100
415,09:40:06,$ 3529.59,100
416,09:40:05,$ 3531.38,100
417,09:40:04,$ 3531.73,100
418,09:40:04,$ 3531.98,100
419,09:39:52,$ 3530.41,100
421,09:39:47,$ 3531.805,"1,000"
422,09:39:44,$ 3534.85,100
423,09:39:44,$ 3535.39,100
424,09:39:40,$ 3534.3124,280
425,09:39:37,$ 3533.88,100
426,09:39:37,$ 3533.54,100
427,09:39:36,$ 3531.04,100
428,09:39:36,$ 3532.65,100
429,09:39:36,$ 3532.68,100
430,09:39:30,$ 3529.01,400
431,09:39:30,$ 3529.17,100
432,09:39:29,$ 3530.10,100
433,09:39:26,$ 3530.225,"1,000"
434,09:39:21,$ 3529.60,120
435,09:39:20,$ 3528.73,100
436,09:39:20,$ 3530.01,100
437,09:39:17,$ 3531.43,100
438,09:39:16,$ 3530.42,100
439,09:39:15,$ 3530.79,100
440,09:39:15,$ 3530.80,100
442,09:39:15,$ 3530.80,100
443,09:39:13,$ 3529.71,100
444,09:39:13,$ 3529.94,100
445,09:39:10,$ 3530.41,156
446,09:39:08,$ 3530.51,100
447,09:39:07,$ 3532.00,100
448,09:38:51,$ 3532.7229,200
449,09:38:50,$ 3532.06,100
450,09:38:50,$ 3532.39,100
451,09:38:50,$ 3532.59,200
452,09:38:50,$ 3532.57,100
453,09:38:46,$ 3532.585,100
454,09:38:46,$ 3530.99,100
455,09:38:46,$ 3531.4503,100
456,09:38:42,$ 3533.0499,200
457,09:38:41,$ 3530.43,100
458,09:38:41,$ 3530.41,100
459,09:38:41,$ 3531.00,100
460,09:38:40,$ 3532.55,211
461,09:38:40,$ 3532.55,119
463,09:38:40,$ 3533.16,100
464,09:38:40,$ 3533.16,184
465,09:38:40,$ 3533.6809,700
466,09:38:40,$ 3534.00,117
467,09:38:40,$ 3534.00,100
468,09:38:32,$ 3535.45,100
469,09:38:31,$ 3533.5335,100
470,09:38:28,$ 3535.5299,100
471,09:38:18,$ 3536.61,100
472,09:38:15,$ 3535.00,100
473,09:38:15,$ 3535.00,100
474,09:38:11,$ 3536.45,100
475,09:38:07,$ 3538.815,300
476,09:38:06,$ 3538.99,100
477,09:38:06,$ 3538.99,140
478,09:38:05,$ 3538.7214,100
479,09:38:03,$ 3538.53,100
480,09:38:03,$ 3540.00,230
481,09:38:03,$ 3540.23,100
482,09:38:02,$ 3541.805,200
484,09:38:01,$ 3540.2401,720
485,09:37:53,$ 3542.455,100
486,09:37:52,$ 3541.6433,100
487,09:37:47,$ 3542.13,100
488,09:37:47,$ 3542.00,100
489,09:37:36,$ 3542.5247,100
490,09:37:30,$ 3543.42,100
491,09:37:24,$ 3544.3282,251
492,09:37:23,$ 3544.11,100
493,09:37:20,$ 3542.8177,229
494,09:37:19,$ 3543.05,100
495,09:37:19,$ 3543.05,100
496,09:37:15,$ 3544.66,100
497,09:37:06,$ 3543.76,100
498,09:37:06,$ 3542.9154,100
499,09:37:01,$ 3543.22,100
500,09:37:01,$ 3545.00,100
501,09:36:42,$ 3545.48,100
502,09:36:39,$ 3544.0001,100
503,09:36:37,$ 3545.5133,280
505,09:36:36,$ 3545.10,100
506,09:36:35,$ 3546.00,100
507,09:36:32,$ 3548.2088,200
508,09:36:32,$ 3547.21,100
509,09:36:32,$ 3548.8901,"1,000"
510,09:36:29,$ 3549.83,100
511,09:36:29,$ 3549.26,100
512,09:36:28,$ 3551.64,100
513,09:36:28,$ 3551.35,100
514,09:36:28,$ 3551.22,100
515,09:36:27,$ 3550.62,100
516,09:36:23,$ 3550.82,100
517,09:36:22,$ 3550.12,100
518,09:36:16,$ 3550.978,500
519,09:36:11,$ 3550.34,100
520,09:36:11,$ 3550.18,100
521,09:36:11,$ 3550.20,100
522,09:36:08,$ 3549.40,100
523,09:36:06,$ 3548.03,100
524,09:35:53,$ 3549.455,300
526,09:35:50,$ 3548.95,100
527,09:35:48,$ 3549.87,100
528,09:35:42,$ 3551.9199,100
529,09:35:40,$ 3551.00,351
530,09:35:38,$ 3552.32,100
531,09:35:36,$ 3550.90,100
532,09:35:33,$ 3552.31,500
533,09:35:32,$ 3551.825,"1,000"
534,09:35:30,$ 3551.10,100
535,09:35:30,$ 3551.91,100
536,09:35:28,$ 3552.90,120
537,09:35:28,$ 3552.86,100
538,09:35:28,$ 3551.89,100
539,09:35:26,$ 3550.99,100
540,09:35:24,$ 3548.28,100
541,09:35:24,$ 3548.28,100
542,09:35:24,$ 3548.38,208
543,09:35:24,$ 3548.28,100
544,09:35:16,$ 3548.47,100
545,09:35:10,$ 3548.07,280
547,09:35:03,$ 3546.84,110
548,09:35:03,$ 3546.85,100
549,09:35:02,$ 3546.61,100
550,09:35:00,$ 3546.115,100
551,09:35:00,$ 3546.97,216
552,09:35:00,$ 3546.94,100
553,09:35:00,$ 3546.96,260
554,09:35:00,$ 3546.83,100
555,09:35:00,$ 3546.96,100
556,09:35:00,$ 3546.97,179
557,09:35:00,$ 3545.20,100
558,09:35:00,$ 3545.25,118
559,09:35:00,$ 3544.81,100
560,09:35:00,$ 3545.22,100
561,09:35:00,$ 3545.20,100
562,09:34:55,$ 3546.32,100
563,09:34:52,$ 3548.155,100
564,09:34:42,$ 3547.24,100
565,09:34:42,$ 3547.25,100
566,09:34:40,$ 3549.51,100
568,09:34:40,$ 3549.93,100
569,09:34:39,$ 3548.475,100
570,09:34:39,$ 3549.6018,100
571,09:34:34,$ 3548.76,100
572,09:34:34,$ 3548.39,100
573,09:34:34,$ 3549.32,100
574,09:34:33,$ 3547.46,100
575,09:34:32,$ 3546.5823,100
576,09:34:30,$ 3547.24,100
577,09:34:30,$ 3547.24,100
578,09:34:30,$ 3547.24,100
579,09:34:30,$ 3547.25,134
580,09:34:23,$ 3544.65,100
581,09:34:23,$ 3545.50,100
582,09:33:57,$ 3547.25,100
583,09:33:55,$ 3548.235,100
584,09:33:49,$ 3551.9999,100
585,09:33:48,$ 3549.505,100
586,09:33:47,$ 3548.01,100
587,09:33:47,$ 3548.00,110
589,09:33:47,$ 3548.00,100
590,09:33:47,$ 3548.01,100
591,09:33:39,$ 3548.42,100
592,09:33:35,$ 3551.995,100
593,09:33:35,$ 3551.9965,150
594,09:33:33,$ 3551.0781,100
595,09:33:29,$ 3552.30,100
596,09:33:25,$ 3549.0338,300
597,09:33:20,$ 3549.38,135
598,09:33:17,$ 3550.00,100
599,09:33:16,$ 3550.16,100
600,09:33:12,$ 3549.96,500
601,09:33:11,$ 3550.3536,150
602,09:33:09,$ 3550.01,100
603,09:33:09,$ 3550.3087,100
604,09:33:04,$ 3550.08,150
605,09:33:04,$ 3549.00,100
606,09:33:02,$ 3550.00,100
607,09:33:02,$ 3549.50,100
608,09:32:55,$ 3544.69,100
610,09:32:53,$ 3548.1493,100
611,09:32:47,$ 3550.03,100
612,09:32:45,$ 3544.70,370
613,09:32:41,$ 3542.99,102
614,09:32:40,$ 3542.1245,200
615,09:32:34,$ 3542.0808,178
616,09:32:32,$ 3541.02,100
617,09:32:31,$ 3542.95,100
618,09:32:30,$ 3540.305,100
619,09:32:30,$ 3540.095,100
620,09:32:30,$ 3540.465,100
621,09:32:30,$ 3540.01,100
622,09:32:30,$ 3540.315,100
623,09:32:30,$ 3543.562,100
624,09:32:28,$ 3541.2809,136
625,09:32:27,$ 3544.2075,100
626,09:32:26,$ 3544.085,500
627,09:32:24,$ 3541.115,100
628,09:32:24,$ 3541.165,100
629,09:32:24,$ 3544.085,100
631,09:32:17,$ 3544.9175,140
632,09:32:17,$ 3540.16,100
633,09:32:17,$ 3540.45,100
634,09:32:16,$ 3540.45,100
635,09:32:14,$ 3545.00,100
636,09:32:14,$ 3540.47,100
637,09:32:13,$ 3547.16,100
638,09:32:06,$ 3545.7301,149
639,09:31:59,$ 3552.93,100
640,09:31:57,$ 3548.96,100
641,09:31:54,$ 3552.9199,100
642,09:31:51,$ 3549.58,100
643,09:31:51,$ 3549.82,100
644,09:31:48,$ 3550.29,100
645,09:31:48,$ 3550.01,100
646,09:31:48,$ 3550.00,128
647,09:31:48,$ 3550.00,200
648,09:31:48,$ 3550.00,100
649,09:31:48,$ 3549.68,100
650,09:31:48,$ 3549.60,127
652,09:31:48,$ 3549.59,215
653,09:31:41,$ 3553.22,100
654,09:31:41,$ 3550.79,100
655,09:31:41,$ 3550.00,100
656,09:31:41,$ 3550.00,100
657,09:31:40,$ 3550.4764,191
658,09:31:40,$ 3551.00,104
659,09:31:40,$ 3551.00,100
660,09:31:40,$ 3551.00,100
661,09:31:40,$ 3551.40,100
662,09:31:40,$ 3551.00,195
663,09:31:40,$ 3552.52,100
664,09:31:40,$ 3553.05,100
665,09:31:40,$ 3552.0007,100
666,09:31:40,$ 3552.00,100
667,09:31:40,$ 3552.54,100
668,09:31:37,$ 3552.31,100
669,09:31:36,$ 3555.39,100
670,09:31:35,$ 3555.93,100
671,09:31:35,$ 3556.0661,150
673,09:31:27,$ 3553.83,102
674,09:31:27,$ 3553.83,100
675,09:31:27,$ 3553.83,100
676,09:31:26,$ 3553.00,100
677,09:31:26,$ 3553.01,100
678,09:31:26,$ 3552.00,100
679,09:31:25,$ 3552.00,100
680,09:31:25,$ 3552.19,100
681,09:31:25,$ 3552.00,100
682,09:31:25,$ 3552.00,100
683,09:31:25,$ 3552.57,100
684,09:31:25,$ 3553.10,100
685,09:31:21,$ 3555.02,100
686,09:31:21,$ 3555.00,100
687,09:31:21,$ 3555.00,100
688,09:31:21,$ 3555.00,500
689,09:31:21,$ 3555.00,150
690,09:31:21,$ 3555.15,111
691,09:31:21,$ 3555.7765,100
692,09:31:21,$ 3555.19,100
694,09:31:19,$ 3555.15,903
695,09:31:18,$ 3555.22,100
696,09:31:16,$ 3556.00,109
697,09:31:16,$ 3556.10,100
698,09:31:16,$ 3557.10,100
699,09:31:16,$ 3556.9066,"1,000"
700,09:31:16,$ 3556.00,100
701,09:31:16,$ 3556.20,100
702,09:31:14,$ 3559.4625,200
703,09:31:11,$ 3557.77,100
704,09:31:11,$ 3560.00,100
705,09:31:11,$ 3561.265,100
706,09:31:09,$ 3562.287,100
707,09:31:08,$ 3561.2734,300
708,09:31:07,$ 3561.27,100
709,09:31:07,$ 3562.54,300
710,09:31:04,$ 3563.775,100
711,09:31:04,$ 3560.82,100
712,09:31:03,$ 3564.36,100
713,09:31:03,$ 3560.82,200
715,09:31:01,$ 3562.52,100
716,09:31:00,$ 3566.9543,270
717,09:31:00,$ 3566.9543,681
718,09:31:00,$ 3564.97,200
719,09:30:58,$ 3565.005,100
720,09:30:56,$ 3565.19,200
721,09:30:54,$ 3564.95,100
722,09:30:54,$ 3567.8999,500
723,09:30:53,$ 3562.0001,634
724,09:30:51,$ 3566.00,100
725,09:30:51,$ 3566.2475,100
726,09:30:51,$ 3566.275,100
727,09:30:49,$ 3566.096,100
728,09:30:49,$ 3565.81,100
729,09:30:45,$ 3564.05,100
730,09:30:44,$ 3566.3199,200
731,09:30:42,$ 3563.4792,200
732,09:30:42,$ 3563.10,100
733,09:30:41,$ 3560.9201,150
734,09:30:39,$ 3562.00,100
736,09:30:37,$ 3562.9188,100
737,09:30:35,$ 3562.01,100
738,09:30:35,$ 3562.765,100
739,09:30:35,$ 3563.265,100
740,09:30:35,$ 3562.51,200
741,09:30:35,$ 3564.32,100
742,09:30:35,$ 3563.45,100
743,09:30:35,$ 3562.80,100
744,09:30:35,$ 3562.58,100
745,09:30:35,$ 3565.51,100
746,09:30:33,$ 3564.92,200
747,09:30:33,$ 3564.98,100
748,09:30:33,$ 3565.845,500
749,09:30:27,$ 3565.845,500
750,09:30:25,$ 3566.132,136
751,09:30:25,$ 3566.132,100
752,09:30:25,$ 3567.00,100
753,09:30:20,$ 3566.51,100
754,09:30:20,$ 3566.51,110
755,09:30:20,$ 3565.97,300
757,09:30:20,$ 3566.22,100
758,09:30:20,$ 3564.70,100
759,09:30:16,$ 3565.62,100
760,09:30:16,$ 3565.52,100
761,09:30:16,$ 3565.28,100
762,09:30:12,$ 3563.3857,280
763,09:30:12,$ 3564.37,100
764,09:30:12,$ 3564.38,100
765,09:30:12,$ 3564.00,263
766,09:30:12,$ 3564.32,100
767,09:30:12,$ 3564.37,100
768,09:30:12,$ 3564.38,100
769,09:30:12,$ 3564.38,110
770,09:30:12,$ 3564.38,100
771,09:30:12,$ 3564.38,119
772,09:30:12,$ 3564.38,270
773,09:30:12,$ 3564.38,180
774,09:30:12,$ 3564.38,183
775,09:30:10,$ 3564.86,100
776,09:30:10,$ 3566.21,100
778,09:30:04,$ 3567.98,161
779,09:30:04,$ 3567.33,100
780,09:30:04,$ 3566.99,300
781,09:30:02,$ 3567.32,1
782,09:30:02,$ 3567.32,14
783,09:30:02,$ 3567.32,5
784,09:30:02,$ 3567.32,5
785,09:30:02,$ 3567.32,4
786,09:30:02,$ 3567.32,2
787,09:30:02,$ 3567.32,18
788,09:30:02,$ 3567.32,7
789,09:30:02,$ 3567.32,10
790,09:30:02,$ 3567.32,3
791,09:30:02,$ 3567.32,1
792,09:30:02,$ 3567.32,6
793,09:30:02,$ 3567.32,1
794,09:30:02,$ 3567.32,23
795,09:30:02,$ 3567.32,25
796,09:30:02,$ 3567.32,6
797,09:30:02,$ 3567.32,2
799,09:30:02,$ 3567.32,3
800,09:30:02,$ 3567.32,17
801,09:30:02,$ 3567.32,1
802,09:30:02,$ 3567.32,2
803,09:30:02,$ 3567.32,10
804,09:30:02,$ 3567.32,2
805,09:30:02,$ 3567.32,10
806,09:30:02,$ 3567.32,1
807,09:30:02,$ 3567.32,5
808,09:30:02,$ 3567.32,3
809,09:30:02,$ 3567.32,1
810,09:30:02,$ 3567.32,1
811,09:30:02,$ 3567.32,1
812,09:30:02,$ 3567.32,30
813,09:30:02,$ 3567.32,50
814,09:30:02,$ 3567.32,4
815,09:30:02,$ 3567.32,15
816,09:30:02,$ 3567.32,10
817,09:30:02,$ 3567.32,2
818,09:30:02,$ 3567.32,10
820,09:30:02,$ 3567.32,1
821,09:30:02,$ 3567.32,2
822,09:30:02,$ 3567.32,2
823,09:30:02,$ 3567.32,2
824,09:30:02,$ 3567.32,1
825,09:30:02,$ 3567.32,1
826,09:30:02,$ 3567.32,30
827,09:30:02,$ 3567.32,15
828,09:30:02,$ 3567.32,2
829,09:30:02,$ 3567.32,1
830,09:30:02,$ 3567.32,3
831,09:30:02,$ 3567.32,1
832,09:30:02,$ 3567.32,2
833,09:30:02,$ 3567.32,4
834,09:30:02,$ 3567.32,1
835,09:30:02,$ 3567.32,2
836,09:30:02,$ 3567.32,4
837,09:30:02,$ 3567.32,3
838,09:30:02,$ 3567.32,1
839,09:30:02,$ 3567.32,3
841,09:30:02,$ 3567.32,1
842,09:30:02,$ 3567.32,1
843,09:30:02,$ 3567.32,5
844,09:30:02,$ 3567.32,5
845,09:30:02,$ 3567.32,20
846,09:30:02,$ 3567.32,1
847,09:30:02,$ 3567.32,5
848,09:30:02,$ 3567.32,1
849,09:30:02,$ 3567.32,1
850,09:30:02,$ 3567.32,2
851,09:30:02,$ 3567.32,2
852,09:30:02,$ 3567.32,1
853,09:30:02,$ 3567.32,1
854,09:30:02,$ 3567.32,1
855,09:30:02,$ 3567.32,5
856,09:30:02,$ 3567.32,5
857,09:30:02,$ 3567.32,10
858,09:30:02,$ 3567.32,1
859,09:30:02,$ 3567.32,5
860,09:30:02,$ 3567.32,5
862,09:30:02,$ 3567.32,1
863,09:30:02,$ 3567.32,4
864,09:30:02,$ 3567.32,1
865,09:30:02,$ 3567.32,10
866,09:30:02,$ 3567.32,5
867,09:30:02,$ 3567.32,1
868,09:30:02,$ 3567.32,25
869,09:30:02,$ 3567.32,10
870,09:30:02,$ 3567.32,5
871,09:30:02,$ 3567.32,1
872,09:30:02,$ 3567.32,2
873,09:30:02,$ 3567.32,1
874,09:30:02,$ 3567.32,1
875,09:30:02,$ 3567.32,1
876,09:30:02,$ 3567.32,5
877,09:30:02,$ 3567.32,11
878,09:30:02,$ 3567.32,4
879,09:30:02,$ 3567.32,1
880,09:30:02,$ 3567.32,1
881,09:30:02,$ 3567.32,1
883,09:30:02,$ 3567.32,1
884,09:30:02,$ 3567.32,1
885,09:30:02,$ 3567.32,1
886,09:30:02,$ 3567.32,1
887,09:30:02,$ 3567.32,1
888,09:30:02,$ 3567.32,1
889,09:30:02,$ 3567.32,1
890,09:30:02,$ 3567.32,1
891,09:30:02,$ 3567.32,1
892,09:30:02,$ 3567.32,1
893,09:30:02,$ 3567.32,1
894,09:30:02,$ 3567.32,1
895,09:30:02,$ 3567.32,1
896,09:30:02,$ 3567.32,1
897,09:30:02,$ 3567.32,1
898,09:30:02,$ 3567.32,1
899,09:30:02,$ 3567.32,1
900,09:30:02,$ 3567.32,1
901,09:30:02,$ 3567.32,1
902,09:30:02,$ 3567.32,1
904,09:30:02,$ 3567.32,1
905,09:30:02,$ 3567.32,1
906,09:30:02,$ 3567.32,1
907,09:30:02,$ 3567.32,1
908,09:30:02,$ 3567.32,1
909,09:30:02,$ 3567.32,1
910,09:30:02,$ 3567.32,1
911,09:30:02,$ 3567.32,7
912,09:30:02,$ 3567.32,1
913,09:30:02,$ 3567.32,1
914,09:30:02,$ 3567.32,1
915,09:30:02,$ 3567.32,5
916,09:30:02,$ 3567.32,4
917,09:30:02,$ 3567.32,4
918,09:30:02,$ 3567.32,5
919,09:30:02,$ 3567.32,1
920,09:30:02,$ 3567.32,1
921,09:30:02,$ 3567.32,1
922,09:30:02,$ 3567.32,6
923,09:30:02,$ 3567.32,1
925,09:30:02,$ 3567.32,1
926,09:30:02,$ 3567.32,7
927,09:30:02,$ 3567.32,2
928,09:30:02,$ 3567.32,2
929,09:30:02,$ 3567.32,1
930,09:30:02,$ 3567.32,3
931,09:30:02,$ 3567.32,1
932,09:30:02,$ 3567.32,1
933,09:30:02,$ 3567.32,1
934,09:30:02,$ 3567.32,2
935,09:30:02,$ 3567.32,3
936,09:30:02,$ 3567.32,10
937,09:30:02,$ 3567.32,2
938,09:30:02,$ 3567.32,1
939,09:30:02,$ 3567.32,3
940,09:30:02,$ 3567.32,1
941,09:30:02,$ 3567.32,50
942,09:30:02,$ 3567.32,8
943,09:30:02,$ 3567.32,20
944,09:30:02,$ 3567.32,1
946,09:30:02,$ 3567.32,1
947,09:30:02,$ 3567.32,1
948,09:30:02,$ 3567.32,1
949,09:30:02,$ 3567.32,2
950,09:30:02,$ 3567.32,1
951,09:30:02,$ 3567.32,11
952,09:30:02,$ 3567.32,4
953,09:30:02,$ 3567.32,2
954,09:30:02,$ 3567.32,1
955,09:30:02,$ 3567.32,5
956,09:30:02,$ 3567.32,3
957,09:30:02,$ 3567.32,2
958,09:30:02,$ 3567.32,3
959,09:30:02,$ 3567.32,4
960,09:30:02,$ 3567.32,4
961,09:30:02,$ 3567.32,2
962,09:30:02,$ 3567.32,7
963,09:30:02,$ 3567.32,1
964,09:30:02,$ 3567.32,2
965,09:30:02,$ 3567.32,1
967,09:30:02,$ 3567.32,1
968,09:30:02,$ 3567.32,2
969,09:30:02,$ 3567.32,10
970,09:30:02,$ 3567.32,1
971,09:30:02,$ 3567.32,45
972,09:30:02,$ 3567.32,2
973,09:30:02,$ 3567.32,1
974,09:30:02,$ 3567.32,5
975,09:30:02,$ 3567.32,2
976,09:30:02,$ 3567.32,2
977,09:30:02,$ 3567.32,1
978,09:30:02,$ 3567.32,20
979,09:30:02,$ 3567.32,1
980,09:30:02,$ 3567.32,1
981,09:30:02,$ 3567.32,2
982,09:30:02,$ 3567.32,13
983,09:30:02,$ 3567.32,3
984,09:30:02,$ 3567.32,10
985,09:30:02,$ 3567.32,2
986,09:30:02,$ 3567.32,10
988,09:30:02,$ 3567.32,5
989,09:30:02,$ 3567.32,5
990,09:30:02,$ 3567.32,5
991,09:30:02,$ 3567.32,10
992,09:30:02,$ 3567.32,3
993,09:30:02,$ 3567.32,4
994,09:30:02,$ 3567.32,1
995,09:30:02,$ 3567.32,3
996,09:30:02,$ 3567.32,20
997,09:30:02,$ 3567.32,4
998,09:30:02,$ 3567.32,4
999,09:30:02,$ 3567.32,5
1000,09:30:02,$ 3567.32,1
1001,09:30:02,$ 3567.32,3
1002,09:30:02,$ 3567.32,1
1003,09:30:02,$ 3567.32,1
1004,09:30:02,$ 3567.32,1
1005,09:30:02,$ 3567.32,1
1006,09:30:02,$ 3567.32,1
1007,09:30:02,$ 3567.32,1
1009,09:30:02,$ 3567.32,1
1010,09:30:02,$ 3567.32,1
1011,09:30:02,$ 3567.32,1
1012,09:30:02,$ 3567.32,1
1013,09:30:02,$ 3567.32,1
1014,09:30:02,$ 3567.32,1
1015,09:30:02,$ 3567.32,1
1016,09:30:02,$ 3567.32,1
1017,09:30:02,$ 3567.32,1
1018,09:30:02,$ 3567.32,1
1019,09:30:02,$ 3567.32,1
1020,09:30:02,$ 3567.32,1
1021,09:30:02,$ 3567.32,1
1022,09:30:02,$ 3567.32,1
1023,09:30:02,$ 3567.32,1
1024,09:30:02,$ 3567.32,1
1025,09:30:02,$ 3567.32,1
1026,09:30:02,$ 3567.32,1
1027,09:30:02,$ 3567.32,1
1028,09:30:02,$ 3567.32,1
1030,09:30:02,$ 3567.32,1
1031,09:30:02,$ 3567.32,1
1032,09:30:02,$ 3567.32,1
1033,09:30:02,$ 3567.32,1
1034,09:30:02,$ 3567.32,1
1035,09:30:02,$ 3567.32,1
1036,09:30:02,$ 3567.32,1
1037,09:30:02,$ 3567.32,1
1038,09:30:02,$ 3567.32,1
1039,09:30:02,$ 3567.32,1
1040,09:30:02,$ 3567.32,1
1041,09:30:02,$ 3567.32,1
1042,09:30:02,$ 3567.32,1
1043,09:30:02,$ 3567.32,1
1044,09:30:02,$ 3567.32,1
1045,09:30:02,$ 3567.32,1
1046,09:30:02,$ 3567.32,1
1047,09:30:02,$ 3567.32,1
1048,09:30:02,$ 3567.32,1
1049,09:30:02,$ 3567.32,1
1051,09:30:02,$ 3567.32,1
1052,09:30:02,$ 3567.32,1
1053,09:30:02,$ 3567.32,1
1054,09:30:02,$ 3567.32,1
1055,09:30:02,$ 3567.32,1
1056,09:30:02,$ 3567.32,1
1057,09:30:02,$ 3567.32,1
1058,09:30:02,$ 3567.32,1
1059,09:30:02,$ 3567.32,1
1060,09:30:02,$ 3567.32,1
1061,09:30:02,$ 3567.32,1
1062,09:30:02,$ 3567.32,1
1063,09:30:02,$ 3567.32,1
1064,09:30:02,$ 3567.32,1
1065,09:30:02,$ 3567.32,1
1066,09:30:02,$ 3567.32,1
1067,09:30:02,$ 3567.32,1
1068,09:30:02,$ 3567.32,1
1069,09:30:02,$ 3567.32,1
1070,09:30:02,$ 3567.32,1
1072,09:30:02,$ 3567.32,1
1073,09:30:02,$ 3567.32,1
1074,09:30:02,$ 3567.32,1
1075,09:30:02,$ 3567.32,1
1076,09:30:02,$ 3567.32,1
1077,09:30:02,$ 3567.32,1
1078,09:30:02,$ 3567.32,11
1079,09:30:02,$ 3567.32,100
1080,09:30:02,$ 3567.32,5
1081,09:30:02,$ 3567.32,3
1082,09:30:02,$ 3567.32,16
1083,09:30:02,$ 3567.32,1
1084,09:30:02,$ 3567.32,8
1085,09:30:02,$ 3567.32,8
1086,09:30:02,$ 3567.32,3
1087,09:30:02,$ 3567.32,3
1088,09:30:02,$ 3567.32,3
1089,09:30:02,$ 3567.32,30
1090,09:30:02,$ 3567.32,30
1091,09:30:02,$ 3567.32,2
1093,09:30:02,$ 3567.32,25
1094,09:30:02,$ 3567.32,2
1095,09:30:02,$ 3567.32,1
1096,09:30:02,$ 3567.32,3
1097,09:30:02,$ 3567.32,1
1098,09:30:02,$ 3567.32,1
1099,09:30:02,$ 3567.32,4
1100,09:30:02,$ 3567.32,1
1101,09:30:02,$ 3567.32,2
1102,09:30:02,$ 3567.32,2
1103,09:30:02,$ 3567.32,25
1104,09:30:02,$ 3567.32,1
1105,09:30:02,$ 3567.32,3
1106,09:30:02,$ 3567.32,5
1107,09:30:02,$ 3567.32,1
1108,09:30:02,$ 3567.32,2
1109,09:30:02,$ 3567.32,2
1110,09:30:02,$ 3567.32,10
1111,09:30:02,$ 3567.32,1
1112,09:30:02,$ 3567.32,5
1114,09:30:02,$ 3567.32,2
1115,09:30:02,$ 3567.32,2
1116,09:30:02,$ 3567.32,5
1117,09:30:02,$ 3567.32,2
1118,09:30:02,$ 3567.32,5
1119,09:30:02,$ 3567.32,1
1120,09:30:02,$ 3567.32,1
1121,09:30:02,$ 3567.32,2
1122,09:30:02,$ 3567.32,2
1123,09:30:02,$ 3567.32,1
1124,09:30:02,$ 3567.32,6
1125,09:30:02,$ 3567.32,2
1126,09:30:02,$ 3567.32,1
1127,09:30:02,$ 3567.32,5
1128,09:30:02,$ 3567.32,1
1129,09:30:02,$ 3567.32,1
1130,09:30:02,$ 3567.32,5
1131,09:30:02,$ 3567.32,1
1132,09:30:02,$ 3567.32,1
1133,09:30:02,$ 3567.32,10
1135,09:30:02,$ 3567.32,20
1136,09:30:02,$ 3567.32,24
1137,09:30:02,$ 3567.32,1
1138,09:30:02,$ 3567.32,1
1139,09:30:02,$ 3567.32,10
1140,09:30:02,$ 3567.32,1
1141,09:30:02,$ 3567.32,2
1142,09:30:02,$ 3567.32,2
1143,09:30:02,$ 3567.32,1
1144,09:30:02,$ 3567.32,2
1145,09:30:02,$ 3567.32,1
1146,09:30:02,$ 3567.32,56
1147,09:30:02,$ 3567.32,99
1148,09:30:02,$ 3567.32,25
1149,09:30:02,$ 3567.32,1
1150,09:30:02,$ 3567.32,1
1151,09:30:02,$ 3567.32,1
1152,09:30:02,$ 3567.32,1
1153,09:30:02,$ 3567.32,70
1154,09:30:02,$ 3567.32,5
1156,09:30:02,$ 3567.32,1
1157,09:30:02,$ 3567.32,20
1158,09:30:02,$ 3567.32,1
1159,09:30:02,$ 3567.32,2
1160,09:30:02,$ 3567.32,1
1161,09:30:02,$ 3567.32,1
1162,09:30:02,$ 3567.32,1
1163,09:30:02,$ 3567.32,10
1164,09:30:02,$ 3567.32,5
1165,09:30:02,$ 3567.32,1
1166,09:30:02,$ 3567.32,5
1167,09:30:02,$ 3567.32,1
1168,09:30:02,$ 3567.32,10
1169,09:30:02,$ 3567.32,1
1170,09:30:02,$ 3567.32,1
1171,09:30:02,$ 3567.32,1
1172,09:30:02,$ 3567.32,5
1173,09:30:02,$ 3567.32,8
1174,09:30:02,$ 3567.32,1
1175,09:30:02,$ 3567.32,2
1177,09:30:02,$ 3567.32,1
1178,09:30:02,$ 3567.32,1
1179,09:30:02,$ 3567.32,1
1180,09:30:02,$ 3567.32,1
1181,09:30:02,$ 3567.32,1
1182,09:30:02,$ 3567.32,4
1183,09:30:02,$ 3567.32,1
1184,09:30:02,$ 3567.32,101
1185,09:30:02,$ 3567.32,4
1186,09:30:02,$ 3567.32,3
1187,09:30:02,$ 3567.32,1
1188,09:30:02,$ 3567.32,2
1189,09:30:02,$ 3567.32,20
1190,09:30:02,$ 3567.32,1
1191,09:30:02,$ 3567.32,2
1192,09:30:02,$ 3567.32,1
1193,09:30:02,$ 3567.32,1
1194,09:30:02,$ 3567.32,1
1195,09:30:02,$ 3567.32,1
1196,09:30:02,$ 3567.32,85
1198,09:30:02,$ 3567.32,1
1199,09:30:02,$ 3567.32,1
1200,09:30:02,$ 3567.32,1
1201,09:30:02,$ 3567.32,3
1202,09:30:02,$ 3567.32,65
1203,09:30:02,$ 3567.32,1
1204,09:30:02,$ 3567.32,1
1205,09:30:02,$ 3567.32,5
1206,09:30:02,$ 3567.32,3
1207,09:30:02,$ 3567.32,3
1208,09:30:02,$ 3567.32,2
1209,09:30:02,$ 3567.32,1
1210,09:30:02,$ 3567.32,6
1211,09:30:02,$ 3567.32,1
1212,09:30:02,$ 3567.32,4
1213,09:30:02,$ 3567.32,10
1214,09:30:02,$ 3567.32,4
1215,09:30:02,$ 3567.32,1
1216,09:30:02,$ 3567.32,40
1217,09:30:02,$ 3567.32,1
1219,09:30:02,$ 3567.32,5
1220,09:30:02,$ 3567.32,10
1221,09:30:02,$ 3567.32,2
1222,09:30:02,$ 3567.32,3
1223,09:30:02,$ 3567.32,6
1224,09:30:02,$ 3567.32,1
1225,09:30:02,$ 3567.32,2
1226,09:30:02,$ 3567.32,3
1227,09:30:02,$ 3567.32,10
1228,09:30:02,$ 3567.32,1
1229,09:30:02,$ 3567.32,280
1230,09:30:02,$ 3567.32,2
1231,09:30:02,$ 3567.32,3
1232,09:30:02,$ 3567.32,1
1233,09:30:02,$ 3567.32,10
1234,09:30:02,$ 3567.32,25
1235,09:30:02,$ 3567.32,1
1236,09:30:02,$ 3567.32,2
1237,09:30:02,$ 3567.32,1
1238,09:30:02,$ 3567.32,2
1240,09:30:02,$ 3567.32,17
1241,09:30:02,$ 3567.32,4
1242,09:30:02,$ 3567.32,18
1243,09:30:02,$ 3567.32,100
1244,09:30:02,$ 3567.32,4
1245,09:30:02,$ 3567.32,30
1246,09:30:02,$ 3567.32,27
1247,09:30:02,$ 3567.32,3
1248,09:30:02,$ 3567.32,4
1249,09:30:02,$ 3567.32,22
1250,09:30:02,$ 3567.32,27
1251,09:30:02,$ 3567.32,1
1252,09:30:02,$ 3567.32,3
1253,09:30:02,$ 3567.32,27
1254,09:30:02,$ 3567.32,14
1255,09:30:02,$ 3567.32,15
1256,09:30:02,$ 3567.32,3
1257,09:30:02,$ 3567.32,1
1258,09:30:02,$ 3567.32,1
1259,09:30:02,$ 3567.32,18
1261,09:30:02,$ 3567.32,5
1262,09:30:02,$ 3567.32,3
1263,09:30:02,$ 3567.32,3
1264,09:30:02,$ 3567.32,2
1265,09:30:02,$ 3567.32,50
1266,09:30:02,$ 3567.32,1
1267,09:30:02,$ 3567.32,3
1268,09:30:02,$ 3567.32,1
1269,09:30:02,$ 3567.32,5
1270,09:30:02,$ 3567.32,26
1271,09:30:02,$ 3567.32,1
1272,09:30:02,$ 3567.32,8
1273,09:30:02,$ 3567.32,2
1274,09:30:02,$ 3567.32,30
1275,09:30:02,$ 3567.32,28
1276,09:30:02,$ 3567.32,3
1277,09:30:02,$ 3567.32,3
1278,09:30:02,$ 3567.32,10
1279,09:30:02,$ 3567.32,1
1280,09:30:02,$ 3567.32,6
1282,09:30:02,$ 3567.32,10
1283,09:30:02,$ 3567.32,2
1284,09:30:02,$ 3567.32,2
1285,09:30:02,$ 3567.32,2
1286,09:30:02,$ 3567.32,2
1287,09:30:02,$ 3567.32,88
1288,09:30:02,$ 3567.32,12
1289,09:30:02,$ 3567.32,13
1290,09:30:02,$ 3567.32,1
1291,09:30:02,$ 3567.32,5
1292,09:30:02,$ 3567.32,4
1293,09:30:02,$ 3567.32,1
1294,09:30:02,$ 3567.32,2
1295,09:30:02,$ 3567.32,2
1296,09:30:02,$ 3567.32,5
1297,09:30:02,$ 3567.32,4
1298,09:30:02,$ 3567.32,3
1299,09:30:02,$ 3567.32,2
1300,09:30:02,$ 3567.32,5
1301,09:30:02,$ 3567.32,1
1303,09:30:02,$ 3567.32,2
1304,09:30:02,$ 3567.32,2
1305,09:30:02,$ 3567.32,3
1306,09:30:02,$ 3567.32,4
1307,09:30:02,$ 3567.32,1
1308,09:30:02,$ 3567.32,1
1309,09:30:02,$ 3567.32,1
1310,09:30:02,$ 3567.32,3
1311,09:30:02,$ 3567.32,2
1312,09:30:02,$ 3567.32,2
1313,09:30:02,$ 3567.32,1
1314,09:30:02,$ 3567.32,1
1315,09:30:02,$ 3567.32,2
1316,09:30:02,$ 3567.32,8
1317,09:30:02,$ 3567.32,2
1318,09:30:02,$ 3567.32,1
1319,09:30:02,$ 3567.32,1
1320,09:30:02,$ 3567.32,1
1321,09:30:02,$ 3567.32,1
1322,09:30:02,$ 3567.32,1
1324,09:30:02,$ 3567.32,4
1325,09:30:02,$ 3567.32,3
1326,09:30:02,$ 3567.32,2
1327,09:30:02,$ 3567.32,20
1328,09:30:02,$ 3567.32,1
1329,09:30:02,$ 3567.32,4
1330,09:30:02,$ 3567.32,1
1331,09:30:02,$ 3567.32,1
1332,09:30:02,$ 3567.32,3
1333,09:30:02,$ 3567.32,1
1334,09:30:02,$ 3567.32,1
1335,09:30:02,$ 3567.32,200
1336,09:30:02,$ 3567.32,1
1337,09:30:02,$ 3567.32,2
1338,09:30:02,$ 3567.32,7
1339,09:30:02,$ 3567.32,3
1340,09:30:02,$ 3567.32,33
1341,09:30:02,$ 3567.32,22
1342,09:30:02,$ 3567.32,65
1343,09:30:02,$ 3567.32,1
1345,09:30:02,$ 3567.32,2
1346,09:30:02,$ 3567.32,1
1347,09:30:02,$ 3567.32,3
1348,09:30:02,$ 3567.32,1
1349,09:30:02,$ 3567.32,1
1350,09:30:02,$ 3567.32,1
1351,09:30:02,$ 3567.32,1
1352,09:30:02,$ 3567.32,2
1353,09:30:02,$ 3567.32,3
1354,09:30:02,$ 3567.32,1
1355,09:30:02,$ 3567.32,1
1356,09:30:02,$ 3567.32,3
1357,09:30:02,$ 3567.32,1
1358,09:30:02,$ 3567.32,1
1359,09:30:02,$ 3567.32,5
1360,09:30:02,$ 3567.32,10
1361,09:30:02,$ 3567.32,2
1362,09:30:02,$ 3567.32,3
1363,09:30:02,$ 3567.32,122
1364,09:30:02,$ 3567.32,1
1366,09:30:02,$ 3567.32,74
1367,09:30:02,$ 3567.32,7
1368,09:30:02,$ 3567.32,1
1369,09:30:02,$ 3567.32,1
1370,09:30:02,$ 3567.32,1
1371,09:30:02,$ 3567.32,1
1372,09:30:02,$ 3567.32,1
1373,09:30:02,$ 3567.32,30
1374,09:30:02,$ 3567.32,45
1375,09:30:02,$ 3567.32,5
1376,09:30:02,$ 3567.32,2
1377,09:30:02,$ 3567.32,5
1378,09:30:02,$ 3567.32,2
1379,09:30:02,$ 3567.32,20
1380,09:30:02,$ 3567.32,1
1381,09:30:02,$ 3567.32,1
1382,09:30:02,$ 3567.32,1
1383,09:30:02,$ 3567.32,1
1384,09:30:02,$ 3567.32,50
1385,09:30:02,$ 3567.32,8
1387,09:30:02,$ 3567.32,2
1388,09:30:02,$ 3567.32,20
1389,09:30:02,$ 3567.32,1
1390,09:30:02,$ 3567.32,15
1391,09:30:02,$ 3567.32,1
1392,09:30:02,$ 3567.32,50
1393,09:30:02,$ 3567.32,200
1394,09:30:02,$ 3567.32,2
1395,09:30:02,$ 3567.32,39
1396,09:30:02,$ 3567.32,23
1397,09:30:02,$ 3567.32,27
1398,09:30:02,$ 3567.32,28
1399,09:30:02,$ 3567.32,26
1400,09:30:02,$ 3567.32,2
1401,09:30:02,$ 3567.32,471
1402,09:30:02,$ 3567.32,1
1403,09:30:02,$ 3567.32,1
1404,09:30:02,$ 3567.32,1
1405,09:30:02,$ 3567.32,200
1406,09:30:02,$ 3567.32,1
1408,09:30:02,$ 3567.32,10
1409,09:30:02,$ 3567.32,60
1410,09:30:02,$ 3567.32,13
1411,09:30:02,$ 3567.32,10
1412,09:30:02,$ 3567.32,1
1413,09:30:02,$ 3567.32,10
1414,09:30:02,$ 3567.32,1
1415,09:30:02,$ 3567.32,58
1416,09:30:02,$ 3567.32,1
1417,09:30:02,$ 3567.32,7
1418,09:30:02,$ 3567.32,1
1419,09:30:02,$ 3567.32,1
1420,09:30:02,$ 3567.32,2
1421,09:30:02,$ 3567.32,1
1422,09:30:02,$ 3567.32,49
1423,09:30:02,$ 3567.32,5
1424,09:30:02,$ 3567.32,1
1425,09:30:02,$ 3567.32,1
1426,09:30:02,$ 3567.32,100
1427,09:30:02,$ 3567.32,2
1429,09:30:02,$ 3567.32,1
1430,09:30:02,$ 3567.32,2
1431,09:30:02,$ 3567.32,1
1432,09:30:02,$ 3567.32,10
1433,09:30:02,$ 3567.32,1
1434,09:30:02,$ 3567.32,1
1435,09:30:02,$ 3567.32,10
1436,09:30:02,$ 3567.32,2
1437,09:30:02,$ 3567.32,1
1438,09:30:02,$ 3567.32,4
1439,09:30:02,$ 3567.32,10
1440,09:30:02,$ 3567.32,3
1441,09:30:02,$ 3567.32,3
1442,09:30:02,$ 3567.32,2
1443,09:30:02,$ 3567.32,1
1444,09:30:02,$ 3567.32,2
1445,09:30:02,$ 3567.32,8
1446,09:30:02,$ 3567.32,5
1447,09:30:02,$ 3567.32,1
1448,09:30:02,$ 3567.32,35
1450,09:30:02,$ 3567.32,1
1451,09:30:02,$ 3567.32,1
1452,09:30:02,$ 3567.32,1
1453,09:30:02,$ 3567.32,1
1454,09:30:02,$ 3567.32,2
1455,09:30:02,$ 3567.32,5
1456,09:30:02,$ 3567.32,7
1457,09:30:02,$ 3567.32,2
1458,09:30:02,$ 3567.32,1
1459,09:30:02,$ 3567.32,50
1460,09:30:02,$ 3567.32,3
1461,09:30:02,$ 3567.32,1
1462,09:30:02,$ 3567.32,1
1463,09:30:02,$ 3567.32,3
1464,09:30:02,$ 3567.32,1
1465,09:30:02,$ 3567.32,1
1466,09:30:02,$ 3567.32,1
1467,09:30:02,$ 3567.32,5
1468,09:30:02,$ 3567.32,5
1469,09:30:02,$ 3567.32,1
1471,09:30:02,$ 3567.32,1
1472,09:30:02,$ 3567.32,2
1473,09:30:02,$ 3567.32,15
1474,09:30:02,$ 3567.32,1
1475,09:30:02,$ 3567.32,1
1476,09:30:02,$ 3567.32,30
1477,09:30:02,$ 3567.32,5
1478,09:30:02,$ 3567.32,1
1479,09:30:02,$ 3567.32,4
1480,09:30:02,$ 3567.32,4
1481,09:30:02,$ 3567.32,1
1482,09:30:02,$ 3567.32,18
1483,09:30:02,$ 3567.32,1
1484,09:30:02,$ 3567.32,5
1485,09:30:02,$ 3567.32,1
1486,09:30:02,$ 3567.32,5
1487,09:30:02,$ 3567.32,5
1488,09:30:02,$ 3567.32,49
1489,09:30:02,$ 3567.32,4
1490,09:30:02,$ 3567.32,1
1492,09:30:02,$ 3567.32,63
1493,09:30:02,$ 3567.32,2
1494,09:30:02,$ 3567.32,10
1495,09:30:02,$ 3567.32,3
1496,09:30:02,$ 3567.32,4
1497,09:30:02,$ 3567.32,120
1498,09:30:02,$ 3567.32,29
1499,09:30:02,$ 3567.32,1
1500,09:30:02,$ 3567.32,1
1501,09:30:02,$ 3567.32,3
1502,09:30:02,$ 3567.32,2
1503,09:30:02,$ 3567.32,4
1504,09:30:02,$ 3567.32,3
1505,09:30:02,$ 3567.32,3
1506,09:30:02,$ 3567.32,3
1507,09:30:02,$ 3567.32,4
1508,09:30:02,$ 3567.32,1
1509,09:30:02,$ 3567.32,1
1510,09:30:02,$ 3567.32,1
1511,09:30:02,$ 3567.32,8
1513,09:30:02,$ 3567.32,7
1514,09:30:02,$ 3567.32,15
1515,09:30:02,$ 3567.32,7
1516,09:30:02,$ 3567.32,1
1517,09:30:02,$ 3567.32,2
1518,09:30:02,$ 3567.32,1
1519,09:30:02,$ 3567.32,6
1520,09:30:02,$ 3567.32,634
1521,09:30:02,$ 3567.32,4
1522,09:30:02,$ 3567.32,8
1523,09:30:02,$ 3567.32,1
1524,09:30:02,$ 3567.32,2
1525,09:30:02,$ 3567.32,25
1526,09:30:02,$ 3567.32,4
1527,09:30:02,$ 3567.32,2
1528,09:30:02,$ 3567.32,3
1529,09:30:02,$ 3567.32,1
1530,09:30:02,$ 3567.32,1
1531,09:30:02,$ 3567.32,1
1532,09:30:02,$ 3567.32,5
1534,09:30:02,$ 3567.32,1
1535,09:30:02,$ 3567.32,1
1536,09:30:02,$ 3567.32,2
1537,09:30:02,$ 3567.32,2
1538,09:30:02,$ 3567.32,5
1539,09:30:02,$ 3567.32,3
1540,09:30:02,$ 3567.32,1
1541,09:30:02,$ 3567.32,1
1542,09:30:02,$ 3567.32,17
1543,09:30:02,$ 3567.32,1
1544,09:30:02,$ 3567.32,75
1545,09:30:02,$ 3567.32,5
1546,09:30:02,$ 3567.32,1
1547,09:30:02,$ 3567.32,1
1548,09:30:02,$ 3567.32,1
1549,09:30:02,$ 3567.32,1
1550,09:30:02,$ 3567.32,1
1551,09:30:02,$ 3567.32,1
1552,09:30:02,$ 3567.32,7
1553,09:30:02,$ 3567.32,28
1555,09:30:02,$ 3567.32,41
1556,09:30:02,$ 3567.32,20
1557,09:30:02,$ 3567.32,4
1558,09:30:02,$ 3567.32,1
1559,09:30:02,$ 3567.32,1
1560,09:30:02,$ 3567.32,13
1561,09:30:02,$ 3567.32,7
1562,09:30:02,$ 3567.32,39
1563,09:30:02,$ 3567.32,15
1564,09:30:02,$ 3567.32,1
1565,09:30:02,$ 3567.32,1
1566,09:30:02,$ 3567.32,1
1567,09:30:02,$ 3567.32,3
1568,09:30:02,$ 3567.32,6
1569,09:30:02,$ 3567.32,1
1570,09:30:02,$ 3567.32,57
1571,09:30:02,$ 3567.32,15
1572,09:30:02,$ 3567.32,13
1573,09:30:02,$ 3567.32,312
1574,09:30:02,$ 3567.32,4
1576,09:30:02,$ 3567.32,52
1577,09:30:02,$ 3567.32,1
1578,09:30:02,$ 3567.32,1
1579,09:30:02,$ 3567.32,3
1580,09:30:02,$ 3567.32,1
1581,09:30:02,$ 3567.32,2
1582,09:30:02,$ 3567.32,42
1583,09:30:02,$ 3567.32,25
1584,09:30:02,$ 3567.32,279
1585,09:30:02,$ 3567.32,32
1586,09:30:02,$ 3567.32,1
1587,09:30:02,$ 3567.32,3
1588,09:30:02,$ 3567.32,1
1589,09:30:02,$ 3567.32,26
1590,09:30:02,$ 3567.32,1
1591,09:30:02,$ 3567.32,4
1592,09:30:02,$ 3567.32,1
1593,09:30:02,$ 3567.32,1
1594,09:30:02,$ 3567.32,1
1595,09:30:02,$ 3567.32,1
1597,09:30:02,$ 3567.32,1
1598,09:30:02,$ 3567.32,1
1599,09:30:02,$ 3567.32,3
1600,09:30:02,$ 3567.32,299
1601,09:30:02,$ 3567.32,2
1602,09:30:02,$ 3567.32,3
1603,09:30:02,$ 3567.32,2
1604,09:30:02,$ 3567.32,1
1605,09:30:02,$ 3567.32,1
1606,09:30:02,$ 3567.32,1
1607,09:30:02,$ 3567.32,2
1608,09:30:02,$ 3567.32,1
1609,09:30:02,$ 3567.32,2
1610,09:30:02,$ 3567.32,21
1611,09:30:02,$ 3567.32,6
1612,09:30:02,$ 3567.32,6
1613,09:30:02,$ 3567.32,2
1614,09:30:02,$ 3567.32,2
1615,09:30:02,$ 3567.32,129
1616,09:30:02,$ 3567.32,5
1618,09:30:02,$ 3567.32,1
1619,09:30:02,$ 3567.32,5
1620,09:30:02,$ 3567.32,48
1621,09:30:02,$ 3567.32,20
1622,09:30:02,$ 3567.32,3
1623,09:30:02,$ 3567.32,1
1624,09:30:02,$ 3567.32,8
1625,09:30:02,$ 3567.32,1
1626,09:30:02,$ 3567.32,1
1627,09:30:02,$ 3567.32,3
1628,09:30:02,$ 3567.32,58
1629,09:30:02,$ 3567.32,2
1630,09:30:02,$ 3567.32,12
1631,09:30:02,$ 3567.32,3
1632,09:30:02,$ 3567.32,5
1633,09:30:02,$ 3567.32,5
1634,09:30:02,$ 3567.32,4
1635,09:30:02,$ 3567.32,2
1636,09:30:02,$ 3567.32,50
1637,09:30:02,$ 3567.32,30
1639,09:30:02,$ 3567.32,1
1640,09:30:02,$ 3567.32,2
1641,09:30:02,$ 3567.32,2
1642,09:30:02,$ 3567.32,5
1643,09:30:02,$ 3567.32,11
1644,09:30:02,$ 3567.32,2
1645,09:30:02,$ 3567.32,17
1646,09:30:02,$ 3567.32,1
1647,09:30:02,$ 3567.32,1
1648,09:30:02,$ 3567.32,1
1649,09:30:02,$ 3567.32,1
1650,09:30:02,$ 3567.32,3
1651,09:30:02,$ 3567.32,5
1652,09:30:02,$ 3567.32,7
1653,09:30:02,$ 3567.32,3
1654,09:30:02,$ 3567.32,22
1655,09:30:02,$ 3567.32,10
1656,09:30:02,$ 3567.32,3
1657,09:30:02,$ 3567.32,2
1658,09:30:02,$ 3567.32,5
1660,09:30:02,$ 3567.32,2
1661,09:30:02,$ 3567.32,30
1662,09:30:02,$ 3567.32,3
1663,09:30:02,$ 3567.32,2
1664,09:30:02,$ 3567.32,1
1665,09:30:02,$ 3567.32,10
1666,09:30:02,$ 3567.32,7
1667,09:30:02,$ 3567.32,1
1668,09:30:02,$ 3567.32,1
1669,09:30:02,$ 3567.32,2
1670,09:30:02,$ 3567.32,1
1671,09:30:02,$ 3567.32,2
1672,09:30:02,$ 3567.32,4
1673,09:30:02,$ 3567.32,15
1674,09:30:02,$ 3567.32,2
1675,09:30:02,$ 3567.32,2
1676,09:30:02,$ 3567.32,29
1677,09:30:02,$ 3567.32,14
1678,09:30:02,$ 3567.32,1
1679,09:30:02,$ 3567.32,1
1681,09:30:02,$ 3567.32,1
1682,09:30:02,$ 3567.32,4
1683,09:30:02,$ 3567.32,7
1684,09:30:02,$ 3567.32,2
1685,09:30:02,$ 3567.32,5
1686,09:30:02,$ 3567.32,1
1687,09:30:02,$ 3567.32,10
1688,09:30:02,$ 3567.32,1
1689,09:30:02,$ 3567.32,1
1690,09:30:02,$ 3567.32,1
1691,09:30:02,$ 3567.32,5
1692,09:30:02,$ 3567.32,6
1693,09:30:02,$ 3567.32,8
1694,09:30:02,$ 3567.32,1
1695,09:30:02,$ 3567.32,10
1696,09:30:02,$ 3567.32,4
1697,09:30:02,$ 3567.32,1
1698,09:30:02,$ 3567.32,23
1699,09:30:02,$ 3567.32,5
1700,09:30:02,$ 3567.32,3
1702,09:30:02,$ 3567.32,1
1703,09:30:02,$ 3567.32,1
1704,09:30:02,$ 3567.32,10
1705,09:30:02,$ 3567.32,15
1706,09:30:02,$ 3567.32,1
1707,09:30:02,$ 3567.32,5
1708,09:30:02,$ 3567.32,1
1709,09:30:02,$ 3567.32,1
1710,09:30:02,$ 3567.32,3
1711,09:30:02,$ 3567.32,20
1712,09:30:02,$ 3567.32,20
1713,09:30:02,$ 3567.32,2
1714,09:30:02,$ 3567.32,4
1715,09:30:02,$ 3567.32,1
1716,09:30:02,$ 3567.32,9
1717,09:30:02,$ 3567.32,1
1718,09:30:02,$ 3567.32,10
1719,09:30:02,$ 3567.32,2
1720,09:30:02,$ 3567.32,3
1721,09:30:02,$ 3567.32,4
1723,09:30:02,$ 3567.32,3
1724,09:30:02,$ 3567.32,3
1725,09:30:02,$ 3567.32,1
1726,09:30:02,$ 3567.32,3
1727,09:30:02,$ 3567.32,2
1728,09:30:02,$ 3567.32,20
1729,09:30:02,$ 3567.32,1
1730,09:30:02,$ 3567.32,1
1731,09:30:02,$ 3567.32,1
1732,09:30:02,$ 3567.32,44
1733,09:30:02,$ 3567.32,5
1734,09:30:02,$ 3567.32,5
1735,09:30:02,$ 3567.32,1
1736,09:30:02,$ 3567.32,2
1737,09:30:02,$ 3567.32,20
1738,09:30:02,$ 3567.32,10
1739,09:30:02,$ 3567.32,10
1740,09:30:02,$ 3567.32,1
1741,09:30:02,$ 3567.32,6
1742,09:30:02,$ 3567.32,1
1744,09:30:02,$ 3567.32,1
1745,09:30:02,$ 3567.32,1
1746,09:30:02,$ 3567.32,3
1747,09:30:02,$ 3567.32,2
1748,09:30:02,$ 3567.32,1
1749,09:30:02,$ 3567.32,3
1750,09:30:02,$ 3567.32,"2,000"
1751,09:30:02,$ 3567.32,1
1752,09:30:02,$ 3567.32,2
1753,09:30:02,$ 3567.32,1
1754,09:30:02,$ 3567.32,5
1755,09:30:02,$ 3567.32,2
1756,09:30:02,$ 3567.32,10
1757,09:30:02,$ 3567.32,15
1758,09:30:02,$ 3567.32,12
1759,09:30:02,$ 3567.32,24
1760,09:30:02,$ 3567.32,141
1761,09:30:02,$ 3567.32,2
1762,09:30:02,$ 3567.32,1
1763,09:30:02,$ 3567.32,9
1765,09:30:02,$ 3567.32,1
1766,09:30:02,$ 3567.32,11
1767,09:30:02,$ 3567.32,1
1768,09:30:02,$ 3567.32,4
1769,09:30:02,$ 3567.32,3
1770,09:30:02,$ 3567.32,3
1771,09:30:02,$ 3567.32,10
1772,09:30:02,$ 3567.32,4
1773,09:30:02,$ 3567.32,6
1774,09:30:02,$ 3567.32,3
1775,09:30:02,$ 3567.32,946
1776,09:30:02,$ 3567.32,1
1777,09:30:02,$ 3567.32,3
1778,09:30:02,$ 3567.32,9
1779,09:30:02,$ 3567.32,2
1780,09:30:02,$ 3567.32,8
1781,09:30:02,$ 3567.32,82
1782,09:30:02,$ 3567.32,42
1783,09:30:02,$ 3567.32,1
1784,09:30:02,$ 3567.32,1
1786,09:30:02,$ 3567.32,1
1787,09:30:02,$ 3567.32,26
1788,09:30:02,$ 3567.32,1
1789,09:30:02,$ 3567.32,1
1790,09:30:02,$ 3567.32,15
1791,09:30:02,$ 3567.32,1
1792,09:30:02,$ 3567.32,2
1793,09:30:02,$ 3567.32,1
1794,09:30:02,$ 3567.32,8
1795,09:30:02,$ 3567.32,5
1796,09:30:02,$ 3567.32,1
1797,09:30:02,$ 3567.32,20
1798,09:30:02,$ 3567.32,3
1799,09:30:02,$ 3567.32,21
1800,09:30:02,$ 3567.32,3
1801,09:30:02,$ 3567.32,2
1802,09:30:02,$ 3567.32,5
1803,09:30:02,$ 3567.32,14
1804,09:30:02,$ 3567.32,1
1805,09:30:02,$ 3567.32,15
1807,09:30:02,$ 3567.32,2
1808,09:30:02,$ 3567.32,2
1809,09:30:02,$ 3567.32,3
1810,09:30:02,$ 3567.32,80
1811,09:30:02,$ 3567.32,8
1812,09:30:02,$ 3567.32,5
1813,09:30:02,$ 3567.32,10
1814,09:30:02,$ 3567.32,1
1815,09:30:02,$ 3567.32,8
1816,09:30:02,$ 3567.32,2
1817,09:30:02,$ 3567.32,9
1818,09:30:02,$ 3567.32,1
1819,09:30:02,$ 3567.32,2
1820,09:30:02,$ 3567.32,14
1821,09:30:02,$ 3567.32,30
1822,09:30:02,$ 3567.32,7
1823,09:30:02,$ 3567.32,30
1824,09:30:02,$ 3567.32,29
1825,09:30:02,$ 3567.32,14
1826,09:30:02,$ 3567.32,6
1828,09:30:02,$ 3567.32,9
1829,09:30:02,$ 3567.32,1
1830,09:30:02,$ 3567.32,1
1831,09:30:02,$ 3567.32,1
1832,09:30:02,$ 3567.32,20
1833,09:30:02,$ 3567.32,6
1834,09:30:02,$ 3567.32,1
1835,09:30:02,$ 3567.32,1
1836,09:30:02,$ 3567.32,1
1837,09:30:02,$ 3567.32,71
1838,09:30:02,$ 3567.32,28
1839,09:30:02,$ 3567.32,3
1840,09:30:02,$ 3567.32,2
1841,09:30:02,$ 3567.32,1
1842,09:30:02,$ 3567.32,1
1843,09:30:02,$ 3567.32,1
1844,09:30:02,$ 3567.32,1
1845,09:30:02,$ 3567.32,10
1846,09:30:02,$ 3567.32,1
1847,09:30:02,$ 3567.32,1
1849,09:30:02,$ 3567.32,1
1850,09:30:02,$ 3567.32,3
1851,09:30:02,$ 3567.32,1
1852,09:30:02,$ 3567.32,1
1853,09:30:02,$ 3567.32,2
1854,09:30:02,$ 3567.32,2
1855,09:30:02,$ 3567.32,7
1856,09:30:02,$ 3567.32,2
1857,09:30:02,$ 3567.32,12
1858,09:30:02,$ 3567.32,3
1859,09:30:02,$ 3567.32,2
1860,09:30:02,$ 3567.32,3
1861,09:30:02,$ 3567.32,1
1862,09:30:02,$ 3567.32,20
1863,09:30:02,$ 3567.32,1
1864,09:30:02,$ 3567.32,1
1865,09:30:02,$ 3567.32,1
1866,09:30:02,$ 3567.32,1
1867,09:30:02,$ 3567.32,5
1868,09:30:02,$ 3567.32,1
1870,09:30:02,$ 3567.32,30
1871,09:30:02,$ 3567.32,2
1872,09:30:02,$ 3567.32,2
1873,09:30:02,$ 3567.32,1
1874,09:30:02,$ 3567.32,7
1875,09:30:02,$ 3567.32,4
1876,09:30:02,$ 3567.32,3
1877,09:30:02,$ 3567.32,5
1878,09:30:02,$ 3567.32,5
1879,09:30:02,$ 3567.32,2
1880,09:30:02,$ 3567.32,10
1881,09:30:02,$ 3567.32,1
1882,09:30:02,$ 3567.32,30
1883,09:30:02,$ 3567.32,1
1884,09:30:02,$ 3567.32,100
1885,09:30:02,$ 3567.32,2
1886,09:30:02,$ 3567.32,10
1887,09:30:02,$ 3567.32,1
1888,09:30:02,$ 3567.32,5
1889,09:30:02,$ 3567.32,1
1891,09:30:02,$ 3567.32,25
1892,09:30:02,$ 3567.32,3
1893,09:30:02,$ 3567.32,1
1894,09:30:02,$ 3567.32,3
1895,09:30:02,$ 3567.32,1
1896,09:30:02,$ 3567.32,230
1897,09:30:02,$ 3567.32,1
1898,09:30:02,$ 3567.32,1
1899,09:30:02,$ 3567.32,6
1900,09:30:02,$ 3567.32,5
1901,09:30:02,$ 3567.32,2
1902,09:30:02,$ 3567.32,2
1903,09:30:02,$ 3567.32,3
1904,09:30:02,$ 3567.32,50
1905,09:30:02,$ 3567.32,2
1906,09:30:02,$ 3567.32,1
1907,09:30:02,$ 3567.32,1
1908,09:30:02,$ 3567.32,2
1909,09:30:02,$ 3567.32,1
1910,09:30:02,$ 3567.32,1
1912,09:30:02,$ 3567.32,15
1913,09:30:02,$ 3567.32,3
1914,09:30:02,$ 3567.32,3
1915,09:30:02,$ 3567.32,2
1916,09:30:02,$ 3567.32,2
1917,09:30:02,$ 3567.32,10
1918,09:30:02,$ 3567.32,5
1919,09:30:02,$ 3567.32,18
1920,09:30:02,$ 3567.32,11
1921,09:30:02,$ 3567.32,1
1922,09:30:02,$ 3567.32,1
1923,09:30:02,$ 3567.32,1
1924,09:30:02,$ 3567.32,2
1925,09:30:02,$ 3567.32,13
1926,09:30:02,$ 3567.32,18
1927,09:30:02,$ 3567.32,2
1928,09:30:02,$ 3567.32,66
1929,09:30:02,$ 3567.32,10
1930,09:30:02,$ 3567.32,2
1931,09:30:02,$ 3567.32,2
1933,09:30:02,$ 3567.32,1
1934,09:30:02,$ 3567.32,2
1935,09:30:02,$ 3567.32,4
1936,09:30:02,$ 3567.32,14
1937,09:30:02,$ 3567.32,50
1938,09:30:02,$ 3567.32,2
1939,09:30:02,$ 3567.32,10
1940,09:30:02,$ 3567.32,1
1941,09:30:02,$ 3567.32,15
1942,09:30:02,$ 3567.32,4
1943,09:30:02,$ 3567.32,1
1944,09:30:02,$ 3567.32,1
1945,09:30:02,$ 3567.32,3
1946,09:30:02,$ 3567.32,5
1947,09:30:02,$ 3567.32,1
1948,09:30:02,$ 3567.32,2
1949,09:30:02,$ 3567.32,1
1950,09:30:02,$ 3567.32,1
1951,09:30:02,$ 3567.32,2
1952,09:30:02,$ 3567.32,5
1954,09:30:02,$ 3567.32,25
1955,09:30:02,$ 3567.32,1
1956,09:30:02,$ 3567.32,2
1957,09:30:02,$ 3567.32,2
1958,09:30:02,$ 3567.32,14
1959,09:30:02,$ 3567.32,10
1960,09:30:02,$ 3567.32,1
1961,09:30:02,$ 3567.32,16
1962,09:30:02,$ 3567.32,1
1963,09:30:02,$ 3567.32,3
1964,09:30:02,$ 3567.32,1
1965,09:30:02,$ 3567.32,1
1966,09:30:02,$ 3567.32,2
1967,09:30:02,$ 3567.32,2
1968,09:30:02,$ 3567.32,100
1969,09:30:02,$ 3567.32,9
1970,09:30:02,$ 3567.32,5
1971,09:30:02,$ 3567.32,1
1972,09:30:02,$ 3567.32,1
1973,09:30:02,$ 3567.32,1
1975,09:30:02,$ 3567.32,1
1976,09:30:02,$ 3567.32,2
1977,09:30:02,$ 3567.32,3
1978,09:30:02,$ 3567.32,1
1979,09:30:02,$ 3567.32,1
1980,09:30:02,$ 3567.32,3
1981,09:30:02,$ 3567.32,2
1982,09:30:02,$ 3567.32,2
1983,09:30:02,$ 3567.32,2
1984,09:30:02,$ 3567.32,1
1985,09:30:02,$ 3567.32,1
1986,09:30:02,$ 3567.32,1
1987,09:30:02,$ 3567.32,5
1988,09:30:02,$ 3567.32,1
1989,09:30:02,$ 3567.32,6
1990,09:30:02,$ 3567.32,1
1991,09:30:02,$ 3567.32,1
1992,09:30:02,$ 3567.32,2
1993,09:30:02,$ 3567.32,4
1994,09:30:02,$ 3567.32,2
1996,09:30:02,$ 3567.32,1
1997,09:30:02,$ 3567.32,3
1998,09:30:02,$ 3567.32,1
1999,09:30:02,$ 3567.32,1
2000,09:30:02,$ 3567.32,3
2001,09:30:02,$ 3567.32,1
2002,09:30:02,$ 3567.32,2
2003,09:30:02,$ 3567.32,2
2004,09:30:02,$ 3567.32,2
2005,09:30:02,$ 3567.32,4
2006,09:30:02,$ 3567.32,3
2007,09:30:02,$ 3567.32,1
2008,09:30:02,$ 3567.32,1
2009,09:30:02,$ 3567.32,1
2010,09:30:02,$ 3567.32,10
2011,09:30:02,$ 3567.32,10
2012,09:30:02,$ 3567.32,50
2013,09:30:02,$ 3567.32,1
2014,09:30:02,$ 3567.32,1
2015,09:30:02,$ 3567.32,1
2017,09:30:02,$ 3567.32,4
2018,09:30:02,$ 3567.32,3
2019,09:30:02,$ 3567.32,2
2020,09:30:02,$ 3567.32,1
2021,09:30:02,$ 3567.32,8
2022,09:30:02,$ 3567.32,1
2023,09:30:02,$ 3567.32,1
2024,09:30:02,$ 3567.32,3
2025,09:30:02,$ 3567.32,3
2026,09:30:02,$ 3567.32,1
2027,09:30:02,$ 3567.32,2
2028,09:30:02,$ 3567.32,3
2029,09:30:02,$ 3567.32,1
2030,09:30:02,$ 3567.32,1
2031,09:30:02,$ 3567.32,5
2032,09:30:02,$ 3567.32,6
2033,09:30:02,$ 3567.32,3
2034,09:30:02,$ 3567.32,10
2035,09:30:02,$ 3567.32,3
2036,09:30:02,$ 3567.32,2
2038,09:30:02,$ 3567.32,1
2039,09:30:02,$ 3567.32,15
2040,09:30:02,$ 3567.32,6
2041,09:30:02,$ 3567.32,5
2042,09:30:02,$ 3567.32,1
2043,09:30:02,$ 3567.32,5
2044,09:30:02,$ 3567.32,8
2045,09:30:02,$ 3567.32,3
2046,09:30:02,$ 3567.32,8
2047,09:30:02,$ 3567.32,1
2048,09:30:02,$ 3567.32,1
2049,09:30:02,$ 3567.32,20
2050,09:30:02,$ 3567.32,74
2051,09:30:02,$ 3567.32,1
2052,09:30:02,$ 3567.32,3
2053,09:30:02,$ 3567.32,2
2054,09:30:02,$ 3567.32,1
2055,09:30:02,$ 3567.32,3
2056,09:30:02,$ 3567.32,12
2057,09:30:02,$ 3567.32,1
2059,09:30:02,$ 3567.32,4
2060,09:30:02,$ 3567.32,1
2061,09:30:02,$ 3567.32,1
2062,09:30:02,$ 3567.32,1
2063,09:30:02,$ 3567.32,1
2064,09:30:02,$ 3567.32,10
2065,09:30:02,$ 3567.32,1
2066,09:30:02,$ 3567.32,2
2067,09:30:02,$ 3567.32,11
2068,09:30:02,$ 3567.32,3
2069,09:30:02,$ 3567.32,17
2070,09:30:02,$ 3567.32,1
2071,09:30:02,$ 3567.32,1
2072,09:30:02,$ 3567.32,1
2073,09:30:02,$ 3567.32,4
2074,09:30:02,$ 3567.32,3
2075,09:30:02,$ 3567.32,10
2076,09:30:02,$ 3567.32,2
2077,09:30:02,$ 3567.32,1
2078,09:30:02,$ 3567.32,8
2080,09:30:02,$ 3567.32,1
2081,09:30:02,$ 3567.32,2
2082,09:30:02,$ 3567.32,1
2083,09:30:02,$ 3567.32,5
2084,09:30:02,$ 3567.32,2
2085,09:30:02,$ 3567.32,25
2086,09:30:02,$ 3567.32,1
2087,09:30:02,$ 3567.32,5
2088,09:30:02,$ 3567.32,2
2089,09:30:02,$ 3567.32,2
2090,09:30:02,$ 3567.32,1
2091,09:30:02,$ 3567.32,109
2092,09:30:02,$ 3567.32,1
2093,09:30:02,$ 3567.32,1
2094,09:30:02,$ 3567.32,5
2095,09:30:02,$ 3567.32,9
2096,09:30:02,$ 3567.32,3
2097,09:30:02,$ 3567.32,2
2098,09:30:02,$ 3567.32,1
2099,09:30:02,$ 3567.32,2
2101,09:30:02,$ 3567.32,15
2102,09:30:02,$ 3567.32,10
2103,09:30:02,$ 3567.32,1
2104,09:30:02,$ 3567.32,1
2105,09:30:02,$ 3567.32,2
2106,09:30:02,$ 3567.32,1
2107,09:30:02,$ 3567.32,2
2108,09:30:02,$ 3567.32,2
2109,09:30:02,$ 3567.32,1
2110,09:30:02,$ 3567.32,3
2111,09:30:02,$ 3567.32,30
2112,09:30:02,$ 3567.32,1
2113,09:30:02,$ 3567.32,11
2114,09:30:02,$ 3567.32,3
2115,09:30:02,$ 3567.32,3
2116,09:30:02,$ 3567.32,2
2117,09:30:02,$ 3567.32,14
2118,09:30:02,$ 3567.32,3
2119,09:30:02,$ 3567.32,4
2120,09:30:02,$ 3567.32,1
2122,09:30:02,$ 3567.32,1
2123,09:30:02,$ 3567.32,7
2124,09:30:02,$ 3567.32,1
2125,09:30:02,$ 3567.32,11
2126,09:30:02,$ 3567.32,1
2127,09:30:02,$ 3567.32,3
2128,09:30:02,$ 3567.32,190
2129,09:30:02,$ 3567.32,1
2130,09:30:02,$ 3567.32,1
2131,09:30:02,$ 3567.32,1
2132,09:30:02,$ 3567.32,1
2133,09:30:02,$ 3567.32,1
2134,09:30:02,$ 3567.32,1
2135,09:30:02,$ 3567.32,1
2136,09:30:02,$ 3567.32,2
2137,09:30:02,$ 3567.32,4
2138,09:30:02,$ 3567.32,4
2139,09:30:02,$ 3567.32,1
2140,09:30:02,$ 3567.32,2
2141,09:30:02,$ 3567.32,1
2143,09:30:02,$ 3567.32,7
2144,09:30:02,$ 3567.32,3
2145,09:30:02,$ 3567.32,1
2146,09:30:02,$ 3567.32,1
2147,09:30:02,$ 3567.32,1
2148,09:30:02,$ 3567.32,1
2149,09:30:02,$ 3567.32,1
2150,09:30:02,$ 3567.32,1
2151,09:30:02,$ 3567.32,2
2152,09:30:02,$ 3567.32,1
2153,09:30:02,$ 3567.32,4
2154,09:30:02,$ 3567.32,1
2155,09:30:02,$ 3567.32,1
2156,09:30:02,$ 3567.32,3
2157,09:30:02,$ 3567.32,36
2158,09:30:02,$ 3567.32,1
2159,09:30:02,$ 3567.32,10
2160,09:30:02,$ 3567.32,2
2161,09:30:02,$ 3567.32,10
2162,09:30:02,$ 3567.32,20
2164,09:30:02,$ 3567.32,1
2165,09:30:02,$ 3567.32,30
2166,09:30:02,$ 3567.32,1
2167,09:30:02,$ 3567.32,7
2168,09:30:02,$ 3567.32,13
2169,09:30:02,$ 3567.32,4
2170,09:30:02,$ 3567.32,10
2171,09:30:02,$ 3567.32,50
2172,09:30:02,$ 3567.32,1
2173,09:30:02,$ 3567.32,5
2174,09:30:02,$ 3567.32,10
2175,09:30:02,$ 3567.32,1
2176,09:30:02,$ 3567.32,1
2177,09:30:02,$ 3567.32,2
2178,09:30:02,$ 3567.32,2
2179,09:30:02,$ 3567.32,6
2180,09:30:02,$ 3567.32,2
2181,09:30:02,$ 3567.32,3
2182,09:30:02,$ 3567.32,5
2183,09:30:02,$ 3567.32,1
2185,09:30:02,$ 3567.32,4
2186,09:30:02,$ 3567.32,5
2187,09:30:02,$ 3567.32,5
2188,09:30:02,$ 3567.32,3
2189,09:30:02,$ 3567.32,100
2190,09:30:02,$ 3567.32,3
2191,09:30:02,$ 3567.32,4
2192,09:30:02,$ 3567.32,1
2193,09:30:02,$ 3567.32,1
2194,09:30:02,$ 3567.32,1
2195,09:30:02,$ 3567.32,1
2196,09:30:02,$ 3567.32,1
2197,09:30:02,$ 3567.32,13
2198,09:30:02,$ 3567.32,2
2199,09:30:02,$ 3567.32,3
2200,09:30:02,$ 3567.32,38
2201,09:30:02,$ 3567.32,3
2202,09:30:02,$ 3567.32,1
2203,09:30:02,$ 3567.32,1
2204,09:30:02,$ 3567.32,1
2206,09:30:02,$ 3567.32,246
2207,09:30:02,$ 3567.32,428
2208,09:30:02,$ 3567.32,100
2209,09:30:02,$ 3567.32,1
2210,09:30:02,$ 3567.32,1
2211,09:30:02,$ 3567.32,3
2212,09:30:02,$ 3567.32,3
2213,09:30:02,$ 3567.32,1
2214,09:30:02,$ 3567.32,1
2215,09:30:02,$ 3567.32,1
2216,09:30:02,$ 3567.32,10
2217,09:30:02,$ 3567.32,3
2218,09:30:02,$ 3567.32,1
2219,09:30:02,$ 3567.32,3
2220,09:30:02,$ 3567.32,10
2221,09:30:02,$ 3567.32,100
2222,09:30:02,$ 3567.32,2
2223,09:30:02,$ 3567.32,3
2224,09:30:02,$ 3567.32,10
2225,09:30:02,$ 3567.32,10
2227,09:30:02,$ 3567.32,1
2228,09:30:02,$ 3567.32,49
2229,09:30:02,$ 3567.32,3
2230,09:30:02,$ 3567.32,1
2231,09:30:02,$ 3567.32,112
2232,09:30:02,$ 3567.32,112
2233,09:30:02,$ 3567.32,140
2234,09:30:02,$ 3567.32,112
2235,09:30:02,$ 3567.32,85
2236,09:30:02,$ 3567.32,2
2237,09:30:02,$ 3567.32,5
2238,09:30:02,$ 3567.32,100
2239,09:30:02,$ 3567.32,1
2240,09:30:02,$ 3567.32,1
2241,09:30:02,$ 3567.32,27
2242,09:30:02,$ 3567.32,10
2243,09:30:02,$ 3567.32,1
2244,09:30:02,$ 3567.32,40
2245,09:30:02,$ 3567.32,1
2246,09:30:02,$ 3567.32,3
2248,09:30:02,$ 3567.32,2
2249,09:30:02,$ 3567.32,1
2250,09:30:02,$ 3567.32,1
2251,09:30:02,$ 3567.32,1
2252,09:30:02,$ 3567.32,1
2253,09:30:02,$ 3567.32,2
2254,09:30:02,$ 3567.32,1
2255,09:30:02,$ 3567.32,27
2256,09:30:02,$ 3567.32,22
2257,09:30:02,$ 3567.32,3
2258,09:30:02,$ 3567.32,10
2259,09:30:02,$ 3567.32,1
2260,09:30:02,$ 3567.32,1
2261,09:30:02,$ 3567.32,5
2262,09:30:02,$ 3567.32,1
2263,09:30:02,$ 3567.32,10
2264,09:30:02,$ 3567.32,25
2265,09:30:02,$ 3567.32,2
2266,09:30:02,$ 3567.32,1
2267,09:30:02,$ 3567.32,21
2269,09:30:02,$ 3567.32,2
2270,09:30:02,$ 3567.32,5
2271,09:30:02,$ 3567.32,2
2272,09:30:02,$ 3567.32,8
2273,09:30:02,$ 3567.32,3
2274,09:30:02,$ 3567.32,3
2275,09:30:02,$ 3567.32,33
2276,09:30:02,$ 3567.32,1
2277,09:30:02,$ 3567.32,20
2278,09:30:02,$ 3567.32,25
2279,09:30:02,$ 3567.32,6
2280,09:30:02,$ 3567.32,3
2281,09:30:02,$ 3567.32,100
2282,09:30:02,$ 3567.32,3
2283,09:30:02,$ 3567.32,2
2284,09:30:02,$ 3567.32,1
2285,09:30:02,$ 3567.32,1
2286,09:30:02,$ 3567.32,100
2287,09:30:02,$ 3567.32,1
2288,09:30:02,$ 3567.32,1
2290,09:30:02,$ 3567.32,167
2291,09:30:02,$ 3567.32,3
2292,09:30:02,$ 3567.32,1
2293,09:30:02,$ 3567.32,1
2294,09:30:02,$ 3567.32,182
2295,09:30:02,$ 3567.32,1
2296,09:30:02,$ 3567.32,10
2297,09:30:02,$ 3567.32,2
2298,09:30:02,$ 3567.32,1
2299,09:30:02,$ 3567.32,30
2300,09:30:02,$ 3567.32,1
2301,09:30:02,$ 3567.32,1
2302,09:30:02,$ 3567.32,15
2303,09:30:02,$ 3567.32,10
2304,09:30:02,$ 3567.32,1
2305,09:30:02,$ 3567.32,42
2306,09:30:02,$ 3567.32,9
2307,09:30:02,$ 3567.32,10
2308,09:30:02,$ 3567.32,2
2309,09:30:02,$ 3567.32,1
2311,09:30:02,$ 3567.32,2
2312,09:30:02,$ 3567.32,104
2313,09:30:02,$ 3567.32,2
2314,09:30:02,$ 3567.32,1
2315,09:30:02,$ 3567.32,47
2316,09:30:02,$ 3567.32,10
2317,09:30:02,$ 3567.32,1
2318,09:30:02,$ 3567.32,34
2319,09:30:02,$ 3567.32,1
2320,09:30:02,$ 3567.32,6
2321,09:30:02,$ 3567.32,1
2322,09:30:02,$ 3567.32,1
2323,09:30:02,$ 3567.32,500
2324,09:30:02,$ 3567.32,2
2325,09:30:02,$ 3567.32,1
2326,09:30:02,$ 3567.32,1
2327,09:30:02,$ 3567.32,2
2328,09:30:02,$ 3567.32,7
2329,09:30:02,$ 3567.32,2
2330,09:30:02,$ 3567.32,1
2332,09:30:02,$ 3567.32,6
2333,09:30:02,$ 3567.32,20
2334,09:30:02,$ 3567.32,2
2335,09:30:02,$ 3567.32,100
2336,09:30:02,$ 3567.32,6
2337,09:30:02,$ 3567.32,1
2338,09:30:02,$ 3567.32,1
2339,09:30:02,$ 3567.32,13
2340,09:30:02,$ 3567.32,1
2341,09:30:02,$ 3567.32,2
2342,09:30:02,$ 3567.32,10
2343,09:30:02,$ 3567.32,2
2344,09:30:02,$ 3567.32,1
2345,09:30:02,$ 3567.32,3
2346,09:30:02,$ 3567.32,1
2347,09:30:02,$ 3567.32,1
2348,09:30:02,$ 3567.32,2
2349,09:30:02,$ 3567.32,1
2350,09:30:02,$ 3567.32,16
2351,09:30:02,$ 3567.32,30
2353,09:30:02,$ 3567.32,12
2354,09:30:02,$ 3567.32,3
2355,09:30:02,$ 3567.32,2
2356,09:30:02,$ 3567.32,5
2357,09:30:02,$ 3567.32,1
2358,09:30:02,$ 3567.32,3
2359,09:30:02,$ 3567.32,8
2360,09:30:02,$ 3567.32,5
2361,09:30:02,$ 3567.32,5
2362,09:30:02,$ 3567.32,18
2363,09:30:02,$ 3567.32,13
2364,09:30:02,$ 3567.32,20
2365,09:30:02,$ 3567.32,1
2366,09:30:02,$ 3567.32,3
2367,09:30:02,$ 3567.32,1
2368,09:30:02,$ 3567.32,6
2369,09:30:02,$ 3567.32,8
2370,09:30:02,$ 3567.32,1
2371,09:30:02,$ 3567.32,2
2372,09:30:02,$ 3567.32,1
2374,09:30:02,$ 3567.32,7
2375,09:30:02,$ 3567.32,20
2376,09:30:02,$ 3567.32,1
2377,09:30:02,$ 3567.32,8
2378,09:30:02,$ 3567.32,1
2379,09:30:02,$ 3567.32,60
2380,09:30:02,$ 3567.32,2
2381,09:30:02,$ 3567.32,1
2382,09:30:02,$ 3567.32,2
2383,09:30:02,$ 3567.32,8
2384,09:30:02,$ 3567.32,45
2385,09:30:02,$ 3567.32,38
2386,09:30:02,$ 3567.32,15
2387,09:30:02,$ 3567.32,2
2388,09:30:02,$ 3567.32,4
2389,09:30:02,$ 3567.32,1
2390,09:30:02,$ 3567.32,1
2391,09:30:02,$ 3567.32,17
2392,09:30:02,$ 3567.32,1
2393,09:30:02,$ 3567.32,6
2395,09:30:02,$ 3567.32,14
2396,09:30:02,$ 3567.32,11
2397,09:30:02,$ 3567.32,8
2398,09:30:02,$ 3567.32,3
2399,09:30:02,$ 3567.32,11
2400,09:30:02,$ 3567.32,20
2401,09:30:02,$ 3567.32,14
2402,09:30:02,$ 3567.32,10
2403,09:30:02,$ 3567.32,5
2404,09:30:02,$ 3567.32,8
2405,09:30:02,$ 3567.32,1
2406,09:30:02,$ 3567.32,1
2407,09:30:02,$ 3567.32,2
2408,09:30:02,$ 3567.32,12
2409,09:30:02,$ 3567.32,3
2410,09:30:02,$ 3567.32,4
2411,09:30:02,$ 3567.32,1
2412,09:30:02,$ 3567.32,6
2413,09:30:02,$ 3567.32,1
2414,09:30:02,$ 3567.32,5
2416,09:30:02,$ 3567.32,4
2417,09:30:02,$ 3567.32,50
2418,09:30:02,$ 3567.32,8
2419,09:30:02,$ 3567.32,2
2420,09:30:02,$ 3567.32,2
2421,09:30:02,$ 3567.32,1
2422,09:30:02,$ 3567.32,2
2423,09:30:02,$ 3567.32,469
2424,09:30:02,$ 3567.32,3
2425,09:30:02,$ 3567.32,6
2426,09:30:02,$ 3567.32,11
2427,09:30:02,$ 3567.32,2
2428,09:30:02,$ 3567.32,15
2429,09:30:02,$ 3567.32,1
2430,09:30:02,$ 3567.32,3
2431,09:30:02,$ 3567.32,5
2432,09:30:02,$ 3567.32,1
2433,09:30:02,$ 3567.32,1
2434,09:30:02,$ 3567.32,1
2435,09:30:02,$ 3567.32,5
2437,09:30:02,$ 3567.32,3
2438,09:30:02,$ 3567.32,1
2439,09:30:02,$ 3567.32,3
2440,09:30:02,$ 3567.32,2
2441,09:30:02,$ 3567.32,2
2442,09:30:02,$ 3567.32,1
2443,09:30:02,$ 3567.32,2
2444,09:30:02,$ 3567.32,1
2445,09:30:02,$ 3567.32,1
2446,09:30:02,$ 3567.32,1
2447,09:30:02,$ 3567.32,5
2448,09:30:02,$ 3567.32,4
2449,09:30:02,$ 3567.32,2
2450,09:30:02,$ 3567.32,1
2451,09:30:02,$ 3567.32,1
2452,09:30:02,$ 3567.32,1
2453,09:30:02,$ 3567.32,2
2454,09:30:02,$ 3567.32,1
2455,09:30:02,$ 3567.32,1
2456,09:30:02,$ 3567.32,2
2458,09:30:02,$ 3567.32,1
2459,09:30:02,$ 3567.32,1
2460,09:30:02,$ 3567.32,2
2461,09:30:02,$ 3567.32,1
2462,09:30:02,$ 3567.32,1
2463,09:30:02,$ 3567.32,2
2464,09:30:02,$ 3567.32,1
2465,09:30:02,$ 3567.32,1
2466,09:30:02,$ 3567.32,1
2467,09:30:02,$ 3567.32,1
2468,09:30:02,$ 3567.32,17
2469,09:30:02,$ 3567.32,1
2470,09:30:02,$ 3567.32,11
2471,09:30:02,$ 3567.32,1
2472,09:30:02,$ 3567.32,9
2473,09:30:02,$ 3567.32,3
2474,09:30:02,$ 3567.32,2
2475,09:30:02,$ 3567.32,3
2476,09:30:02,$ 3567.32,2
2477,09:30:02,$ 3567.32,1
2479,09:30:02,$ 3567.32,2
2480,09:30:02,$ 3567.32,2
2481,09:30:02,$ 3567.32,1
2482,09:30:02,$ 3567.32,1
2483,09:30:02,$ 3567.32,1
2484,09:30:02,$ 3567.32,1
2485,09:30:02,$ 3567.32,1
2486,09:30:02,$ 3567.32,1
2487,09:30:02,$ 3567.32,1
2488,09:30:02,$ 3567.32,14
2489,09:30:02,$ 3567.32,6
2490,09:30:02,$ 3567.32,1
2491,09:30:02,$ 3567.32,3
2492,09:30:02,$ 3567.32,1
2493,09:30:02,$ 3567.32,11
2494,09:30:02,$ 3567.32,4
2495,09:30:02,$ 3567.32,3
2496,09:30:02,$ 3567.32,1
2497,09:30:02,$ 3567.32,2
2498,09:30:02,$ 3567.32,4
2500,09:30:02,$ 3567.32,1
2501,09:30:02,$ 3567.32,5
2502,09:30:02,$ 3567.32,1
2503,09:30:02,$ 3567.32,1
2504,09:30:02,$ 3567.32,1
2505,09:30:02,$ 3567.32,1
2506,09:30:02,$ 3567.32,1
2507,09:30:02,$ 3567.32,2
2508,09:30:02,$ 3567.32,1
2509,09:30:02,$ 3567.32,1
2510,09:30:02,$ 3567.32,1
2511,09:30:02,$ 3567.32,1
2512,09:30:02,$ 3567.32,1
2513,09:30:02,$ 3567.32,1
2514,09:30:02,$ 3567.32,1
2515,09:30:02,$ 3567.32,2
2516,09:30:02,$ 3567.32,1
2517,09:30:02,$ 3567.32,3
2518,09:30:02,$ 3567.32,1
2519,09:30:02,$ 3567.32,1
2521,09:30:02,$ 3567.32,2
2522,09:30:02,$ 3567.32,1
2523,09:30:02,$ 3567.32,1
2524,09:30:02,$ 3567.32,1
2525,09:30:02,$ 3567.32,3
2526,09:30:02,$ 3567.32,2
2527,09:30:02,$ 3567.32,1
2528,09:30:02,$ 3567.32,5
2529,09:30:02,$ 3567.32,1
2530,09:30:02,$ 3567.32,2
2531,09:30:02,$ 3567.32,2
2532,09:30:02,$ 3567.32,5
2533,09:30:02,$ 3567.32,1
2534,09:30:02,$ 3567.32,3
2535,09:30:02,$ 3567.32,2
2536,09:30:02,$ 3567.32,1
2537,09:30:02,$ 3567.32,1
2538,09:30:02,$ 3567.32,1
2539,09:30:02,$ 3567.32,2
2540,09:30:02,$ 3567.32,48
2542,09:30:02,$ 3567.32,1
2543,09:30:02,$ 3567.32,2
2544,09:30:02,$ 3567.32,2
2545,09:30:02,$ 3567.32,1
2546,09:30:02,$ 3567.32,1
2547,09:30:02,$ 3567.32,1
2548,09:30:02,$ 3567.32,1
2549,09:30:02,$ 3567.32,1
2550,09:30:02,$ 3567.32,3
2551,09:30:02,$ 3567.32,1
2552,09:30:02,$ 3567.32,5
2553,09:30:02,$ 3567.32,10
2554,09:30:02,$ 3567.32,1
2555,09:30:02,$ 3567.32,1
2556,09:30:02,$ 3567.32,198
2557,09:30:02,$ 3567.32,1
2558,09:30:02,$ 3567.32,13
2559,09:30:02,$ 3567.32,3
2560,09:30:02,$ 3567.32,3
2561,09:30:02,$ 3567.32,6
2563,09:30:02,$ 3567.32,1
2564,09:30:02,$ 3567.32,2
2565,09:30:02,$ 3567.32,3
2566,09:30:02,$ 3567.32,5
2567,09:30:02,$ 3567.32,4
2568,09:30:02,$ 3567.32,7
2569,09:30:02,$ 3567.32,56
2570,09:30:02,$ 3567.32,3
2571,09:30:02,$ 3567.32,280
2572,09:30:02,$ 3567.32,11
2573,09:30:02,$ 3567.32,5
2574,09:30:02,$ 3567.32,20
2575,09:30:02,$ 3567.32,1
2576,09:30:02,$ 3567.32,3
2577,09:30:02,$ 3567.32,2
2578,09:30:02,$ 3567.32,3
2579,09:30:02,$ 3567.32,19
2580,09:30:02,$ 3567.32,5
2581,09:30:02,$ 3567.32,2
2582,09:30:02,$ 3567.32,10
2584,09:30:02,$ 3567.32,10
2585,09:30:02,$ 3567.32,100
2586,09:30:02,$ 3567.32,1
2587,09:30:02,$ 3567.32,149
2588,09:30:02,$ 3567.32,1
2589,09:30:02,$ 3567.32,4
2590,09:30:02,$ 3567.32,96
2591,09:30:02,$ 3567.32,5
2592,09:30:02,$ 3567.32,1
2593,09:30:02,$ 3567.32,19
2594,09:30:02,$ 3567.32,4
2595,09:30:02,$ 3567.32,1
2596,09:30:02,$ 3567.32,4
2597,09:30:02,$ 3567.32,20
2598,09:30:02,$ 3567.32,1
2599,09:30:02,$ 3567.32,1
2600,09:30:02,$ 3567.32,54
2601,09:30:02,$ 3567.32,32
2602,09:30:02,$ 3567.32,1
2603,09:30:02,$ 3567.32,19
2605,09:30:02,$ 3567.32,1
2606,09:30:02,$ 3567.32,100
2607,09:30:02,$ 3567.32,2
2608,09:30:02,$ 3567.32,15
2609,09:30:02,$ 3567.32,11
2610,09:30:02,$ 3567.32,1
2611,09:30:02,$ 3567.32,187
2612,09:30:02,$ 3567.32,"2,500"
2613,09:30:02,$ 3567.32,300
2614,09:30:02,$ 3567.32,10
2615,09:30:02,$ 3567.32,2
2616,09:30:02,$ 3567.32,4
2617,09:30:02,$ 3567.32,7
2618,09:30:02,$ 3567.32,2
2619,09:30:02,$ 3567.32,10
2620,09:30:02,$ 3567.32,100
2621,09:30:02,$ 3567.32,4
2622,09:30:02,$ 3567.32,1
2623,09:30:02,$ 3567.32,1
2624,09:30:02,$ 3567.32,1
2626,09:30:02,$ 3567.32,5
2627,09:30:02,$ 3567.32,10
2628,09:30:02,$ 3567.32,5
2629,09:30:02,$ 3567.32,1
2630,09:30:02,$ 3567.32,1
2631,09:30:02,$ 3567.32,10
2632,09:30:02,$ 3567.32,10
2633,09:30:02,$ 3567.32,1
2634,09:30:02,$ 3567.32,4
2635,09:30:02,$ 3567.32,2
2636,09:30:02,$ 3567.32,5
2637,09:30:02,$ 3567.32,1
2638,09:30:02,$ 3567.32,1
2639,09:30:02,$ 3567.32,5
2640,09:30:02,$ 3567.32,4
2641,09:30:02,$ 3567.32,8
2642,09:30:02,$ 3567.32,3
2643,09:30:02,$ 3567.32,30
2644,09:30:02,$ 3567.32,1
2645,09:30:02,$ 3567.32,16
2647,09:30:02,$ 3567.32,300
2648,09:30:02,$ 3567.32,2
2649,09:30:02,$ 3567.32,3
2650,09:30:02,$ 3567.32,1
2651,09:30:02,$ 3567.32,2
2652,09:30:02,$ 3567.32,1
2653,09:30:02,$ 3567.32,1
2654,09:30:02,$ 3567.32,4
2655,09:30:02,$ 3567.32,2
2656,09:30:02,$ 3567.32,1
2657,09:30:02,$ 3567.32,12
2658,09:30:02,$ 3567.32,1
2659,09:30:02,$ 3567.32,1
2660,09:30:02,$ 3567.32,1
2661,09:30:02,$ 3567.32,1
2662,09:30:02,$ 3567.32,3
2663,09:30:02,$ 3567.32,2
2664,09:30:02,$ 3567.32,1
2665,09:30:02,$ 3567.32,3
2666,09:30:02,$ 3567.32,1
2668,09:30:02,$ 3567.32,1
2669,09:30:02,$ 3567.32,10
2670,09:30:02,$ 3567.32,7
2671,09:30:02,$ 3567.32,3
2672,09:30:02,$ 3567.32,1
2673,09:30:02,$ 3567.32,10
2674,09:30:02,$ 3567.32,1
2675,09:30:02,$ 3567.32,1
2676,09:30:02,$ 3567.32,55
2677,09:30:02,$ 3567.32,1
2678,09:30:02,$ 3567.32,1
2679,09:30:02,$ 3567.32,3
2680,09:30:02,$ 3567.32,1
2681,09:30:02,$ 3567.32,1
2682,09:30:02,$ 3567.32,2
2683,09:30:02,$ 3567.32,10
2684,09:30:02,$ 3567.32,2
2685,09:30:02,$ 3567.32,2
2686,09:30:02,$ 3567.32,3
2687,09:30:02,$ 3567.32,1
2689,09:30:02,$ 3567.32,14
2690,09:30:02,$ 3567.32,5
2691,09:30:02,$ 3567.32,1
2692,09:30:02,$ 3567.32,14
2693,09:30:02,$ 3567.32,6
2694,09:30:02,$ 3567.32,8
2695,09:30:02,$ 3567.32,8
2696,09:30:02,$ 3567.32,2
2697,09:30:02,$ 3567.32,2
2698,09:30:02,$ 3567.32,4
2699,09:30:02,$ 3567.32,3
2700,09:30:02,$ 3567.32,1
2701,09:30:02,$ 3567.32,4
2702,09:30:02,$ 3567.32,1
2703,09:30:02,$ 3567.32,138
2704,09:30:02,$ 3567.32,1
2705,09:30:02,$ 3567.32,3
2706,09:30:02,$ 3567.32,9
2707,09:30:02,$ 3567.32,1
2708,09:30:02,$ 3567.32,1
2710,09:30:02,$ 3567.32,1
2711,09:30:02,$ 3567.32,1
2712,09:30:02,$ 3567.32,50
2713,09:30:02,$ 3567.32,10
2714,09:30:02,$ 3567.32,8
2715,09:30:02,$ 3567.32,3
2716,09:30:02,$ 3567.32,13
2717,09:30:02,$ 3567.32,13
2718,09:30:02,$ 3567.32,10
2719,09:30:02,$ 3567.32,7
2720,09:30:02,$ 3567.32,29
2721,09:30:02,$ 3567.32,43
2722,09:30:02,$ 3567.32,34
2723,09:30:02,$ 3567.32,15
2724,09:30:02,$ 3567.32,1
2725,09:30:02,$ 3567.32,5
2726,09:30:02,$ 3567.32,3
2727,09:30:02,$ 3567.32,2
2728,09:30:02,$ 3567.32,20
2729,09:30:02,$ 3567.32,1
2731,09:30:02,$ 3567.32,3
2732,09:30:02,$ 3567.32,1
2733,09:30:02,$ 3567.32,13
2734,09:30:02,$ 3567.32,3
2735,09:30:02,$ 3567.32,5
2736,09:30:02,$ 3567.32,5
2737,09:30:02,$ 3567.32,35
2738,09:30:02,$ 3567.32,10
2739,09:30:02,$ 3567.32,1
2740,09:30:02,$ 3567.32,5
2741,09:30:02,$ 3567.32,1
2742,09:30:02,$ 3567.32,1
2743,09:30:02,$ 3567.32,10
2744,09:30:02,$ 3567.32,2
2745,09:30:02,$ 3567.32,1
2746,09:30:02,$ 3567.32,2
2747,09:30:02,$ 3567.32,1
2748,09:30:02,$ 3567.32,1
2749,09:30:02,$ 3567.32,5
2750,09:30:02,$ 3567.32,30
2752,09:30:02,$ 3567.32,10
2753,09:30:02,$ 3567.32,3
2754,09:30:02,$ 3567.32,4
2755,09:30:02,$ 3567.32,2
2756,09:30:02,$ 3567.32,2
2757,09:30:02,$ 3567.32,5
2758,09:30:02,$ 3567.32,1
2759,09:30:02,$ 3567.32,5
2760,09:30:02,$ 3567.32,2
2761,09:30:02,$ 3567.32,2
2762,09:30:02,$ 3567.32,2
2763,09:30:02,$ 3567.32,1
2764,09:30:02,$ 3567.32,19
2765,09:30:02,$ 3567.32,10
2766,09:30:02,$ 3567.32,10
2767,09:30:02,$ 3567.32,100
2768,09:30:02,$ 3567.32,8
2769,09:30:02,$ 3567.32,5
2770,09:30:02,$ 3567.32,2
2771,09:30:02,$ 3567.32,3
2773,09:30:02,$ 3567.32,100
2774,09:30:02,$ 3567.32,7
2775,09:30:02,$ 3567.32,55
2776,09:30:02,$ 3567.32,1
2777,09:30:02,$ 3567.32,100
2778,09:30:02,$ 3567.32,10
2779,09:30:02,$ 3567.32,1
2780,09:30:02,$ 3567.32,2
2781,09:30:02,$ 3567.32,3
2782,09:30:02,$ 3566.9525,100
2783,09:30:02,$ 3567.0275,100
2784,09:30:02,$ 3567.0025,100
2785,09:30:02,$ 3566.8275,100
2786,09:30:02,$ 3566.775,100
2787,09:30:01,$ 3566.62,168
2789,10:29:51,$ 3529.2307,196
2790,10:29:45,$ 3530.53,100
2791,10:29:45,$ 3530.6354,200
2792,10:29:43,$ 3531.8515,250
2793,10:29:39,$ 3530.91,100
2794,10:29:31,$ 3531.15,100
2795,10:29:29,$ 3531.85,100
2796,10:29:29,$ 3531.729,190
2797,10:29:09,$ 3530.424,100
2798,10:28:52,$ 3530.705,100
2799,10:28:50,$ 3530.25,100
2800,10:28:48,$ 3528.95,100
2801,10:28:43,$ 3528.575,100
2802,10:28:26,$ 3529.00,110
2803,10:28:26,$ 3529.00,119
2804,10:28:18,$ 3530.66,100
2805,10:28:07,$ 3532.349,100
2806,10:28:00,$ 3532.36,100
2807,10:27:57,$ 3531.01,100
2808,10:27:51,$ 3531.452,100
2810,10:27:50,$ 3530.01,100
2811,10:27:25,$ 3529.75,100
2812,10:27:17,$ 3530.40,100
2813,10:27:07,$ 3531.251,250
2814,10:27:03,$ 3531.36,100
2815,10:26:57,$ 3531.44,100
2816,10:26:54,$ 3530.28,100
2817,10:26:50,$ 3528.3738,727
2818,10:26:31,$ 3530.21,100
2819,10:26:27,$ 3531.79,100
2820,10:26:27,$ 3532.00,100
2821,10:26:24,$ 3533.00,100
2822,10:26:24,$ 3533.00,100
2823,10:26:18,$ 3532.87,100
2824,10:26:16,$ 3532.88,100
2825,10:26:16,$ 3532.59,100
2826,10:26:07,$ 3532.4499,100
2827,10:25:58,$ 3531.23,100
2828,10:25:46,$ 3530.72,100
2829,10:25:32,$ 3531.55,100
2831,10:25:28,$ 3530.0101,100
2832,10:25:26,$ 3530.58,100
2833,10:25:17,$ 3533.0399,200
2834,10:24:49,$ 3530.65,100
2835,10:24:38,$ 3532.395,100
2836,10:24:34,$ 3531.01,100
2837,10:24:34,$ 3532.17,200
2838,10:24:34,$ 3532.50,100
2839,10:24:34,$ 3532.50,100
2840,10:24:28,$ 3533.14,100
2841,10:24:22,$ 3533.585,100
2842,10:24:21,$ 3533.14,100
2843,10:24:21,$ 3533.14,118
2844,10:24:16,$ 3531.39,100
2845,10:24:15,$ 3532.17,100
2846,10:24:15,$ 3531.86,100
2847,10:24:09,$ 3531.07,100
2848,10:24:09,$ 3531.07,100
2849,10:24:09,$ 3531.07,100
2850,10:24:04,$ 3531.6233,200
2852,10:23:52,$ 3531.27,100
2853,10:23:39,$ 3531.25,100
2854,10:23:22,$ 3530.86,100
2855,10:23:15,$ 3531.3248,100
2856,10:23:14,$ 3531.99,300
2857,10:23:06,$ 3530.95,100
2858,10:23:05,$ 3529.65,100
2859,10:23:04,$ 3529.39,184
2860,10:23:03,$ 3530.24,100
2861,10:22:57,$ 3530.48,100
2862,10:22:56,$ 3532.085,100
2863,10:22:51,$ 3533.11,200
2864,10:22:23,$ 3533.12,100
2865,10:22:23,$ 3533.11,100
2866,10:22:02,$ 3534.12,100
2867,10:22:02,$ 3534.00,500
2868,10:22:01,$ 3535.835,100
2869,10:22:00,$ 3535.56,100
2870,10:21:59,$ 3535.00,282
2871,10:21:59,$ 3534.82,100
2873,10:21:59,$ 3535.00,146
2874,10:21:59,$ 3535.00,102
2875,10:21:59,$ 3535.00,100
2876,10:21:59,$ 3535.00,257
2877,10:21:58,$ 3535.00,108
2878,10:21:55,$ 3535.24,100
2879,10:21:41,$ 3535.14,100
2880,10:21:41,$ 3535.2249,200
2881,10:21:35,$ 3534.53,100
2882,10:21:30,$ 3534.3934,200
2883,10:21:28,$ 3535.386,100
2884,10:21:20,$ 3535.00,300
2885,10:21:03,$ 3533.52,100
2886,10:20:54,$ 3534.78,100
2887,10:20:54,$ 3535.20,100
2888,10:20:54,$ 3535.20,100
2889,10:20:52,$ 3535.2001,200
2890,10:20:43,$ 3535.06,100
2891,10:20:42,$ 3535.475,100
2892,10:20:42,$ 3535.00,150
2894,10:20:42,$ 3534.7031,200
2895,10:20:38,$ 3534.78,100
2896,10:20:22,$ 3533.295,100
2897,10:20:21,$ 3533.295,100
2898,10:20:19,$ 3531.76,100
2899,10:20:14,$ 3531.625,100
2900,10:20:13,$ 3530.415,159
2901,10:20:09,$ 3531.605,100
2902,10:20:00,$ 3532.705,100
2903,10:19:53,$ 3532.59,100
2904,10:19:40,$ 3531.07,100
2905,10:19:40,$ 3531.08,100
2906,10:19:40,$ 3531.07,100
2907,10:19:37,$ 3531.6126,227
2908,10:19:36,$ 3532.11,100
2909,10:19:26,$ 3532.13,100
2910,10:19:22,$ 3530.64,100
2911,10:19:08,$ 3531.3706,100
2912,10:19:04,$ 3531.3706,200
2913,10:19:03,$ 3530.3501,100
2915,10:19:03,$ 3530.3501,100
2916,10:18:55,$ 3533.48,100
2917,10:18:51,$ 3533.19,100
2918,10:18:48,$ 3533.48,100
2919,10:18:46,$ 3532.82,100
2920,10:18:36,$ 3532.74,100
2921,10:18:36,$ 3532.50,100
2922,10:18:24,$ 3531.00,100
2923,10:18:24,$ 3531.00,165
2924,10:18:19,$ 3530.48,100
2925,10:18:18,$ 3531.39,100
2926,10:18:16,$ 3530.56,100
2927,10:18:16,$ 3530.54,100
2928,10:18:11,$ 3532.775,100
2929,10:18:10,$ 3531.76,100
2930,10:18:10,$ 3531.77,100
2931,10:18:10,$ 3531.6261,100
2932,10:18:04,$ 3530.23,100
2933,10:18:04,$ 3530.86,100
2934,10:18:03,$ 3530.60,100
2936,10:18:01,$ 3530.00,100
2937,10:17:59,$ 3529.29,100
2938,10:17:59,$ 3529.30,100
2939,10:17:59,$ 3528.34,100
2940,10:17:26,$ 3526.00,400
2941,10:17:23,$ 3526.0001,100
2942,10:17:10,$ 3527.73,100
2943,10:17:09,$ 3528.6931,300
2944,10:17:07,$ 3529.28,100
2945,10:17:00,$ 3528.37,100
2946,10:16:58,$ 3529.91,100
2947,10:16:58,$ 3529.00,100
2948,10:16:58,$ 3529.00,100
2949,10:16:57,$ 3529.00,100
2950,10:16:51,$ 3528.51,100
2951,10:16:50,$ 3528.64,100
2952,10:16:45,$ 3527.68,100
2953,10:16:42,$ 3528.4808,150
2954,10:16:39,$ 3528.75,255
2955,10:16:39,$ 3528.77,100
2957,10:16:39,$ 3529.42,100
2958,10:16:33,$ 3530.52,500
2959,10:16:29,$ 3530.8699,150
2960,10:16:29,$ 3529.64,100
2961,10:16:29,$ 3528.71,100
2962,10:16:29,$ 3528.78,100
2963,10:16:24,$ 3528.63,168
2964,10:16:24,$ 3528.87,100
2965,10:16:24,$ 3528.81,100
2966,10:16:24,$ 3528.92,100
2967,10:16:12,$ 3528.2468,100
2968,10:16:11,$ 3528.78,150
2969,10:16:09,$ 3529.00,100
2970,10:16:04,$ 3527.766,100
2971,10:16:00,$ 3526.7436,134
2972,10:15:56,$ 3525.96,500
2973,10:15:40,$ 3525.59,100
2974,10:15:32,$ 3526.88,100
2975,10:15:32,$ 3526.88,100
2976,10:15:19,$ 3529.11,120
2978,10:15:18,$ 3528.53,100
2979,10:15:18,$ 3528.00,100
2980,10:15:11,$ 3528.00,100
2981,10:15:10,$ 3527.19,100
2982,10:15:10,$ 3527.505,100
2983,10:15:09,$ 3527.99,100
2984,10:15:09,$ 3527.879,131
2985,10:15:08,$ 3527.7412,200
2986,10:15:05,$ 3527.89,100
2987,10:15:03,$ 3526.5484,150
2988,10:15:02,$ 3527.00,100
2989,10:15:02,$ 3526.62,100
2990,10:15:02,$ 3526.88,100
2991,10:15:02,$ 3526.98,100
2992,10:15:00,$ 3526.45,100
2993,10:14:52,$ 3523.61,493
2994,10:14:51,$ 3524.10,100
2995,10:14:51,$ 3523.61,100
2996,10:14:49,$ 3524.285,100
2997,10:14:47,$ 3523.85,100
2999,10:14:44,$ 3522.83,100
3000,10:14:32,$ 3522.91,100
3001,10:14:28,$ 3521.99,100
3002,10:14:24,$ 3522.00,263
3003,10:14:21,$ 3521.71,100
3004,10:14:15,$ 3519.89,100
3005,10:14:15,$ 3520.41,100
3006,10:14:08,$ 3518.57,100
3007,10:14:06,$ 3519.7963,334
3008,10:13:57,$ 3518.45,150
3009,10:13:47,$ 3519.87,100
3010,10:13:43,$ 3518.02,100
3011,10:13:31,$ 3520.42,100
3012,10:13:31,$ 3520.20,100
3013,10:13:27,$ 3521.3401,690
3014,10:12:55,$ 3519.385,100
3015,10:12:52,$ 3520.86,100
3016,10:12:47,$ 3521.62,100
3017,10:12:47,$ 3521.62,100
3018,10:12:44,$ 3521.6499,100
3020,10:12:44,$ 3520.61,100
3021,10:12:43,$ 3521.51,100
3022,10:12:43,$ 3520.11,200
3023,10:12:43,$ 3521.335,150
3024,10:12:28,$ 3521.88,100
3025,10:12:28,$ 3521.99,100
3026,10:12:19,$ 3521.01,100
3027,10:12:18,$ 3520.69,100
3028,10:12:16,$ 3520.99,100
3029,10:12:15,$ 3520.77,100
3030,10:12:07,$ 3522.5464,100
3031,10:12:04,$ 3521.62,100
3032,10:12:04,$ 3521.62,100
3033,10:12:04,$ 3521.65,100
3034,10:12:04,$ 3521.65,100
3035,10:12:04,$ 3521.65,100
3036,10:11:59,$ 3522.9349,200
3037,10:11:51,$ 3523.25,100
3038,10:11:50,$ 3524.00,100
3039,10:11:45,$ 3523.858,100
3041,10:11:45,$ 3525.5399,200
3042,10:11:40,$ 3525.53,100
3043,10:11:40,$ 3525.54,100
3044,10:11:36,$ 3525.53,100
3045,10:11:36,$ 3525.54,100
3046,10:11:19,$ 3523.232,100
3047,10:11:18,$ 3523.76,100
3048,10:11:18,$ 3523.75,100
3049,10:11:13,$ 3524.20,100
3050,10:11:13,$ 3524.11,100
3051,10:11:13,$ 3524.01,513
3052,10:11:13,$ 3524.01,100
3053,10:11:13,$ 3524.01,137
3054,10:11:05,$ 3527.00,900
3055,10:11:05,$ 3527.00,100
3056,10:11:04,$ 3525.19,100
3057,10:11:02,$ 3526.53,100
3058,10:11:02,$ 3525.862,100
3059,10:11:02,$ 3526.52,100
3060,10:11:00,$ 3526.54,150
3062,10:10:43,$ 3525.965,400
3063,10:10:42,$ 3525.51,100
3064,10:10:40,$ 3526.5399,100
3065,10:10:35,$ 3526.44,100
3066,10:10:34,$ 3526.63,100
3067,10:10:34,$ 3526.249,200
3068,10:10:34,$ 3525.21,150
3069,10:10:31,$ 3524.46,100
3070,10:10:30,$ 3525.00,100
3071,10:10:13,$ 3524.065,100
3072,10:10:13,$ 3524.085,100
3073,10:10:12,$ 3524.11,100
3074,10:10:11,$ 3524.93,100
3075,10:10:11,$ 3524.94,100
3076,10:10:01,$ 3522.9642,100
3077,10:09:41,$ 3523.553,100
3078,10:09:39,$ 3523.44,100
3079,10:09:37,$ 3522.79,100
3080,10:09:37,$ 3522.46,100
3081,10:09:31,$ 3520.5097,100
3083,10:09:23,$ 3520.1562,200
3084,10:09:21,$ 3520.67,800
3085,10:09:11,$ 3520.9291,500
3086,10:09:07,$ 3522.45,100
3087,10:09:05,$ 3521.4665,"1,000"
3088,10:09:01,$ 3520.36,100
3089,10:09:01,$ 3520.27,100
3090,10:09:01,$ 3521.02,100
3091,10:09:00,$ 3520.00,100
3092,10:09:00,$ 3520.00,100
3093,10:09:00,$ 3520.00,100
3094,10:09:00,$ 3520.01,100
3095,10:08:59,$ 3521.07,100
3096,10:08:59,$ 3522.03,100
3097,10:08:59,$ 3522.06,100
3098,10:08:58,$ 3522.03,100
3099,10:08:58,$ 3522.02,100
3100,10:08:52,$ 3522.60,100
3101,10:08:49,$ 3523.56,150
3102,10:08:47,$ 3523.56,100
3104,10:08:47,$ 3523.27,100
3105,10:08:47,$ 3523.56,100
3106,10:08:47,$ 3523.56,100
3107,10:08:47,$ 3523.56,100
3108,10:08:47,$ 3522.0101,150
3109,10:08:42,$ 3523.00,100
3110,10:08:36,$ 3523.13,900
3111,10:08:31,$ 3522.325,100
3112,10:08:31,$ 3522.455,100
3113,10:08:31,$ 3522.51,100
3114,10:08:27,$ 3522.7649,100
3115,10:08:19,$ 3523.705,100
3116,10:08:19,$ 3523.015,291
3117,10:08:19,$ 3523.54,100
3118,10:08:18,$ 3524.44,100
3119,10:08:17,$ 3525.20,100
3120,10:08:15,$ 3524.774,725
3121,10:08:15,$ 3524.6701,150
3122,10:08:12,$ 3525.00,900
3123,10:08:12,$ 3525.00,100
3125,10:08:03,$ 3527.67,150
3126,10:07:57,$ 3527.502,100
3127,10:07:56,$ 3526.5001,486
3128,10:07:52,$ 3527.00,100
3129,10:07:50,$ 3526.59,100
3130,10:07:50,$ 3527.145,100
3131,10:07:40,$ 3528.6643,111
3132,10:07:34,$ 3529.00,124
3133,10:07:22,$ 3531.00,100
3134,10:07:22,$ 3530.78,100
3135,10:07:22,$ 3530.21,100
3136,10:07:21,$ 3529.84,100
3137,10:07:03,$ 3527.2416,150
3138,10:07:03,$ 3527.73,100
3139,10:06:55,$ 3526.0401,100
3140,10:06:44,$ 3528.3307,500
3141,10:06:42,$ 3529.65,"1,000"
3142,10:06:35,$ 3528.38,100
3143,10:06:29,$ 3529.00,500
3144,10:06:29,$ 3529.26,180
3146,10:06:29,$ 3529.26,100
3147,10:06:29,$ 3529.26,234
3148,10:06:29,$ 3529.26,118
3149,10:06:29,$ 3529.26,131
3150,10:06:29,$ 3529.43,100
3151,10:06:29,$ 3529.33,100
3152,10:06:27,$ 3529.2601,150
3153,10:06:22,$ 3528.7474,100
3154,10:06:18,$ 3531.7871,100
3155,10:06:15,$ 3529.2001,100
3156,10:06:11,$ 3530.03,100
3157,10:05:59,$ 3530.96,100
3158,10:05:57,$ 3530.2944,150
3159,10:05:56,$ 3530.005,100
3160,10:05:56,$ 3525.19,100
3161,10:05:51,$ 3530.665,100
3162,10:05:51,$ 3531.7399,100
3163,10:05:50,$ 3530.00,600
3164,10:05:39,$ 3528.51,100
3165,10:05:29,$ 3527.44,100
3167,10:05:28,$ 3529.77,100
3168,10:05:27,$ 3529.635,100
3169,10:05:27,$ 3529.715,100
3170,10:05:27,$ 3529.575,100
3171,10:05:27,$ 3529.665,100
3172,10:05:24,$ 3528.65,100
3173,10:05:24,$ 3528.65,100
3174,10:05:24,$ 3528.65,100
3175,10:05:22,$ 3528.485,100
3176,10:05:22,$ 3528.64,100
3177,10:05:18,$ 3527.989,200
3178,10:05:18,$ 3527.20,100
3179,10:05:18,$ 3526.005,100
3180,10:05:14,$ 3526.10,100
3181,10:05:12,$ 3526.045,100
3182,10:05:05,$ 3525.00,100
3183,10:05:00,$ 3525.12,200
3184,10:05:00,$ 3526.02,100
3185,10:04:53,$ 3527.7857,234
3186,10:04:53,$ 3528.05,200
3188,10:04:39,$ 3527.49,100
3189,10:04:28,$ 3526.99,100
3190,10:04:28,$ 3527.00,100
3191,10:04:20,$ 3526.40,348
3192,10:04:20,$ 3526.4001,100
3193,10:04:12,$ 3528.98,100
3194,10:04:00,$ 3528.0601,150
3195,10:03:56,$ 3528.51,100
3196,10:03:56,$ 3529.13,100
3197,10:03:42,$ 3530.6609,150
3198,10:03:37,$ 3529.93,100
3199,10:03:14,$ 3528.44,200
3200,10:03:04,$ 3529.105,150
3201,10:03:03,$ 3529.16,100
3202,10:03:03,$ 3529.00,100
3203,10:02:59,$ 3528.7601,150
3204,10:02:59,$ 3530.00,100
3205,10:02:55,$ 3530.00,100
3206,10:02:46,$ 3532.762,100
3207,10:02:17,$ 3533.00,100
3209,10:02:07,$ 3531.57,150
3210,10:02:06,$ 3533.3399,100
3211,10:02:02,$ 3531.49,100
3212,10:02:01,$ 3532.9771,460
3213,10:01:54,$ 3530.9501,200
3214,10:01:53,$ 3531.51,100
3215,10:01:41,$ 3531.2801,100
3216,10:01:41,$ 3532.33,100
3217,10:01:39,$ 3532.83,384
3218,10:01:39,$ 3532.83,200
3219,10:01:39,$ 3532.83,200
3220,10:01:39,$ 3532.83,200
3221,10:01:39,$ 3532.83,100
3222,10:01:38,$ 3533.00,100
3223,10:01:34,$ 3533.40,100
3224,10:01:34,$ 3533.40,100
3225,10:01:29,$ 3533.40,100
3226,10:01:28,$ 3533.49,100
3227,10:01:12,$ 3535.8654,221
3228,10:01:05,$ 3535.41,100
3230,10:01:05,$ 3534.53,100
3231,10:01:04,$ 3536.38,200
3232,10:00:54,$ 3535.9346,150
3233,10:00:47,$ 3536.45,100
3234,10:00:47,$ 3536.465,100
3235,10:00:47,$ 3536.375,100
3236,10:00:44,$ 3536.565,100
3237,10:00:44,$ 3537.42,100
3238,10:00:42,$ 3536.48,100
3239,10:00:39,$ 3536.57,100
3240,10:00:39,$ 3536.00,100
3241,10:00:37,$ 3534.16,100
3242,10:00:33,$ 3532.5083,150
3243,10:00:32,$ 3534.4162,100
3244,10:00:30,$ 3536.725,100
3245,10:00:28,$ 3537.83,100
3246,10:00:22,$ 3539.22,100
3247,10:00:16,$ 3537.82,100
3248,10:00:13,$ 3537.2351,280
3249,10:00:08,$ 3538.49,100
3251,10:00:04,$ 3540.48,100
3252,10:00:01,$ 3540.54,100
3253,10:00:01,$ 3541.00,164
3255,10:59:55,$ 3557.8112,100
3256,10:59:51,$ 3557.355,100
3257,10:59:40,$ 3556.80,100
3258,10:59:40,$ 3556.80,124
3259,10:59:40,$ 3556.80,100
3260,10:59:40,$ 3556.80,100
3261,10:59:33,$ 3556.865,100
3262,10:59:33,$ 3557.505,900
3263,10:59:32,$ 3557.50,400
3264,10:59:32,$ 3557.50,700
3265,10:59:23,$ 3557.18,100
3266,10:59:22,$ 3557.32,100
3267,10:59:14,$ 3557.95,100
3268,10:59:14,$ 3557.97,100
3269,10:59:14,$ 3557.98,100
3270,10:59:10,$ 3558.18,100
3271,10:59:09,$ 3556.40,100
3272,10:59:09,$ 3556.56,100
3273,10:59:09,$ 3556.84,100
3274,10:59:05,$ 3556.41,100
3276,10:59:05,$ 3555.3566,"4,000"
3277,10:58:46,$ 3555.97,100
3278,10:58:42,$ 3555.49,100
3279,10:58:40,$ 3555.50,100
3280,10:58:17,$ 3556.26,500
3281,10:58:11,$ 3556.70,118
3282,10:58:11,$ 3556.70,119
3283,10:58:11,$ 3556.70,146
3284,10:58:11,$ 3556.70,100
3285,10:58:01,$ 3556.30,100
3286,10:57:53,$ 3554.52,100
3287,10:57:53,$ 3554.47,100
3288,10:57:43,$ 3554.01,200
3289,10:57:43,$ 3554.02,100
3290,10:57:43,$ 3554.692,408
3291,10:57:42,$ 3555.45,100
3292,10:57:42,$ 3555.45,121
3293,10:57:41,$ 3555.6285,100
3294,10:57:32,$ 3557.13,100
3295,10:57:26,$ 3556.27,100
3297,10:57:26,$ 3556.39,100
3298,10:57:26,$ 3556.39,100
3299,10:57:25,$ 3556.87,100
3300,10:57:24,$ 3557.055,100
3301,10:57:20,$ 3558.37,100
3302,10:57:20,$ 3558.37,100
3303,10:56:46,$ 3559.00,100
3304,10:56:38,$ 3558.55,100
3305,10:56:17,$ 3559.046,250
3306,10:56:12,$ 3558.3875,100
3307,10:56:11,$ 3559.05,100
3308,10:56:09,$ 3559.30,211
3309,10:56:09,$ 3558.959,100
3310,10:56:09,$ 3557.5701,100
3311,10:56:03,$ 3558.12,100
3312,10:56:03,$ 3557.8014,100
3313,10:56:03,$ 3557.30,100
3314,10:55:52,$ 3557.26,100
3315,10:55:51,$ 3557.24,200
3316,10:55:50,$ 3558.105,155
3318,10:55:50,$ 3557.96,100
3319,10:55:50,$ 3557.67,100
3320,10:55:50,$ 3558.01,100
3321,10:55:32,$ 3558.995,100
3322,10:55:06,$ 3559.495,151
3323,10:54:25,$ 3559.01,107
3324,10:54:21,$ 3559.00,100
3325,10:54:20,$ 3559.38,100
3326,10:54:03,$ 3559.11,100
3327,10:53:39,$ 3558.3217,150
3328,10:53:37,$ 3558.00,117
3329,10:53:35,$ 3558.26,100
3330,10:53:28,$ 3558.61,100
3331,10:53:24,$ 3557.0101,500
3332,10:53:19,$ 3559.6199,100
3333,10:52:54,$ 3557.715,100
3334,10:52:51,$ 3558.805,300
3335,10:52:48,$ 3558.87,100
3336,10:52:48,$ 3558.00,191
3337,10:52:48,$ 3557.89,100
3339,10:52:42,$ 3555.57,100
3340,10:52:42,$ 3555.57,100
3341,10:52:42,$ 3555.57,103
3342,10:52:39,$ 3556.3844,200
3343,10:52:06,$ 3556.24,100
3344,10:52:06,$ 3556.295,100
3345,10:52:06,$ 3556.30,100
3346,10:52:02,$ 3556.01,100
3347,10:52:02,$ 3556.03,100
3348,10:52:02,$ 3556.01,100
3349,10:52:01,$ 3557.13,100
3350,10:52:01,$ 3557.13,100
3351,10:51:50,$ 3556.055,100
3352,10:51:46,$ 3556.04,118
3353,10:51:46,$ 3556.04,250
3354,10:51:38,$ 3558.12,100
3355,10:51:33,$ 3557.958,500
3356,10:51:32,$ 3557.21,100
3357,10:51:29,$ 3558.6052,100
3358,10:51:28,$ 3556.6825,500
3360,10:51:28,$ 3556.49,100
3361,10:51:28,$ 3556.745,100
3362,10:51:28,$ 3556.495,100
3363,10:51:28,$ 3558.00,149
3364,10:51:28,$ 3558.00,100
3365,10:51:27,$ 3558.24,100
3366,10:51:21,$ 3558.924,100
3367,10:51:17,$ 3558.53,100
3368,10:51:17,$ 3558.53,214
3369,10:51:17,$ 3558.53,118
3370,10:51:17,$ 3558.53,220
3371,10:51:17,$ 3558.53,100
3372,10:50:46,$ 3559.31,100
3373,10:50:46,$ 3559.60,100
3374,10:50:46,$ 3560.10,238
3375,10:50:46,$ 3560.10,162
3376,10:50:46,$ 3560.00,118
3377,10:50:44,$ 3561.0441,500
3378,10:50:35,$ 3559.6102,200
3379,10:50:31,$ 3559.92,500
3381,10:50:21,$ 3561.14,100
3382,10:50:21,$ 3561.24,100
3383,10:50:20,$ 3561.23,100
3384,10:50:19,$ 3560.64,100
3385,10:50:17,$ 3560.73,100
3386,10:50:17,$ 3560.74,100
3387,10:50:16,$ 3560.49,100
3388,10:50:15,$ 3560.47,100
3389,10:50:15,$ 3560.00,198
3390,10:50:11,$ 3560.40,100
3391,10:50:09,$ 3559.715,100
3392,10:49:55,$ 3560.43,100
3393,10:49:55,$ 3559.893,500
3394,10:49:54,$ 3559.67,100
3395,10:49:54,$ 3559.80,100
3396,10:49:54,$ 3559.16,100
3397,10:49:54,$ 3559.16,100
3398,10:49:42,$ 3558.95,100
3399,10:49:39,$ 3559.48,100
3400,10:49:38,$ 3558.9685,100
3402,10:49:37,$ 3559.59,140
3403,10:49:36,$ 3559.00,100
3404,10:49:36,$ 3559.01,100
3405,10:49:36,$ 3559.15,100
3406,10:49:33,$ 3558.69,100
3407,10:49:27,$ 3557.32,100
3408,10:49:27,$ 3557.32,100
3409,10:49:14,$ 3557.6292,194
3410,10:49:14,$ 3557.6292,797
3411,10:49:04,$ 3556.97,100
3412,10:48:56,$ 3556.74,119
3413,10:48:49,$ 3556.78,100
3414,10:48:41,$ 3558.15,150
3415,10:48:31,$ 3558.29,100
3416,10:48:19,$ 3558.46,200
3417,10:48:05,$ 3558.75,100
3418,10:48:03,$ 3557.3968,100
3419,10:47:56,$ 3557.06,100
3420,10:47:22,$ 3558.24,164
3421,10:47:04,$ 3558.64,100
3423,10:47:04,$ 3558.64,139
3424,10:47:04,$ 3558.64,200
3425,10:47:04,$ 3558.64,100
3426,10:47:04,$ 3558.64,100
3427,10:47:04,$ 3558.65,100
3428,10:46:59,$ 3557.515,500
3429,10:46:57,$ 3558.495,100
3430,10:46:54,$ 3558.0401,500
3431,10:46:52,$ 3557.7701,100
3432,10:46:50,$ 3558.005,200
3433,10:46:50,$ 3558.005,100
3434,10:46:48,$ 3557.38,100
3435,10:46:48,$ 3557.245,150
3436,10:46:46,$ 3558.6281,500
3437,10:46:42,$ 3556.6634,120
3438,10:46:38,$ 3556.405,200
3439,10:46:36,$ 3555.80,127
3440,10:46:34,$ 3555.94,100
3441,10:46:34,$ 3556.015,100
3442,10:46:34,$ 3556.05,100
3444,10:46:34,$ 3556.05,100
3445,10:46:34,$ 3555.646,200
3446,10:46:16,$ 3555.8599,100
3447,10:46:13,$ 3554.485,100
3448,10:46:10,$ 3553.15,100
3449,10:46:06,$ 3551.51,100
3450,10:45:39,$ 3552.57,100
3451,10:45:37,$ 3553.519,100
3452,10:45:32,$ 3554.9915,100
3453,10:45:31,$ 3555.72,"1,000"
3454,10:45:30,$ 3554.3581,100
3455,10:45:25,$ 3556.58,100
3456,10:45:18,$ 3557.775,500
3457,10:45:17,$ 3557.74,100
3458,10:45:16,$ 3558.7116,175
3459,10:45:13,$ 3558.41,100
3460,10:45:11,$ 3557.5896,165
3461,10:45:11,$ 3558.82,150
3462,10:45:00,$ 3558.09,100
3463,10:45:00,$ 3558.09,600
3465,10:45:00,$ 3557.57,100
3466,10:44:59,$ 3557.955,100
3467,10:44:58,$ 3557.50,281
3468,10:44:58,$ 3557.50,111
3469,10:44:58,$ 3556.01,100
3470,10:44:58,$ 3559.86,400
3471,10:44:58,$ 3558.05,100
3472,10:44:58,$ 3556.872,200
3473,10:44:54,$ 3556.00,400
3474,10:44:50,$ 3556.54,200
3475,10:44:50,$ 3556.32,100
3476,10:44:50,$ 3556.51,100
3477,10:44:50,$ 3556.24,100
3478,10:44:50,$ 3556.5395,100
3479,10:44:50,$ 3555.75,100
3480,10:44:50,$ 3556.54,100
3481,10:44:47,$ 3555.00,150
3482,10:44:43,$ 3556.1001,140
3483,10:44:42,$ 3555.00,200
3484,10:44:41,$ 3555.45,100
3486,10:44:38,$ 3555.77,200
3487,10:44:35,$ 3556.00,100
3488,10:44:35,$ 3556.01,100
3489,10:44:35,$ 3556.00,263
3490,10:44:35,$ 3556.00,175
3491,10:44:34,$ 3557.26,300
3492,10:44:33,$ 3556.0001,175
3493,10:44:31,$ 3556.75,100
3494,10:44:31,$ 3556.55,100
3495,10:44:31,$ 3555.81,100
3496,10:44:31,$ 3555.88,100
3497,10:44:28,$ 3555.6927,430
3498,10:44:27,$ 3555.158,200
3499,10:44:26,$ 3555.8458,100
3500,10:44:22,$ 3555.515,500
3501,10:44:21,$ 3555.513,100
3502,10:44:21,$ 3555.513,100
3503,10:44:19,$ 3555.29,100
3504,10:44:12,$ 3555.27,100
3505,10:43:55,$ 3552.6422,300
3507,10:43:55,$ 3552.6697,200
3508,10:43:54,$ 3553.19,201
3509,10:43:54,$ 3553.68,100
3510,10:43:54,$ 3553.13,100
3511,10:43:54,$ 3553.15,100
3512,10:43:54,$ 3553.14,100
3513,10:43:50,$ 3552.925,200
3514,10:43:46,$ 3552.66,209
3515,10:43:43,$ 3552.50,119
3516,10:43:29,$ 3553.6016,100
3517,10:43:29,$ 3553.49,100
3518,10:43:28,$ 3553.105,100
3519,10:43:24,$ 3552.83,100
3520,10:43:24,$ 3552.00,105
3521,10:43:24,$ 3552.00,149
3522,10:43:24,$ 3552.00,100
3523,10:43:18,$ 3551.82,100
3524,10:43:10,$ 3551.44,100
3525,10:43:08,$ 3550.89,100
3526,10:43:06,$ 3551.99,100
3528,10:43:06,$ 3551.97,100
3529,10:43:04,$ 3551.542,100
3530,10:43:04,$ 3551.78,100
3531,10:43:04,$ 3550.86,318
3532,10:43:04,$ 3550.86,109
3533,10:43:04,$ 3551.9999,100
3534,10:43:03,$ 3551.285,500
3535,10:42:37,$ 3551.589,300
3536,10:42:32,$ 3550.40,100
3537,10:42:28,$ 3550.00,102
3538,10:42:26,$ 3549.80,120
3539,10:42:13,$ 3550.40,100
3540,10:42:10,$ 3551.08,700
3541,10:42:10,$ 3551.534,"1,000"
3542,10:42:05,$ 3551.08,500
3543,10:42:05,$ 3551.08,100
3544,10:42:00,$ 3551.8361,238
3545,10:42:00,$ 3551.695,262
3546,10:41:55,$ 3550.4815,150
3547,10:41:54,$ 3550.88,100
3549,10:41:52,$ 3549.7601,500
3550,10:41:52,$ 3550.00,100
3551,10:41:48,$ 3548.57,100
3552,10:41:48,$ 3548.57,100
3553,10:41:48,$ 3548.57,100
3554,10:41:48,$ 3549.07,100
3555,10:41:48,$ 3549.07,100
3556,10:41:48,$ 3549.06,100
3557,10:41:48,$ 3548.386,100
3558,10:41:48,$ 3548.88,100
3559,10:41:48,$ 3548.386,100
3560,10:41:48,$ 3548.386,100
3561,10:41:48,$ 3548.86,100
3562,10:41:45,$ 3548.15,100
3563,10:41:45,$ 3547.92,100
3564,10:41:41,$ 3548.47,100
3565,10:41:37,$ 3547.99,100
3566,10:41:36,$ 3547.97,100
3567,10:41:30,$ 3547.385,200
3568,10:41:29,$ 3547.93,100
3570,10:41:29,$ 3547.80,100
3571,10:41:23,$ 3548.00,100
3572,10:41:23,$ 3548.00,139
3573,10:41:23,$ 3547.88,100
3574,10:41:23,$ 3547.88,100
3575,10:41:13,$ 3546.14,100
3576,10:41:08,$ 3546.77,100
3577,10:41:07,$ 3546.34,100
3578,10:41:02,$ 3546.32,100
3579,10:41:02,$ 3546.02,100
3580,10:41:02,$ 3546.03,100
3581,10:41:02,$ 3546.00,100
3582,10:40:59,$ 3545.34,100
3583,10:40:59,$ 3544.84,100
3584,10:40:59,$ 3544.85,100
3585,10:40:59,$ 3544.94,100
3586,10:40:59,$ 3545.00,119
3587,10:40:41,$ 3544.24,100
3588,10:40:41,$ 3544.91,100
3589,10:40:35,$ 3544.74,100
3591,10:40:22,$ 3543.7738,800
3592,10:40:12,$ 3545.41,100
3593,10:40:11,$ 3545.98,280
3594,10:40:11,$ 3546.31,100
3595,10:40:10,$ 3545.85,100
3596,10:40:09,$ 3545.73,100
3597,10:40:07,$ 3545.30,660
3598,10:39:59,$ 3544.165,150
3599,10:39:58,$ 3545.1513,762
3600,10:39:56,$ 3543.00,298
3601,10:39:49,$ 3543.495,100
3602,10:39:48,$ 3543.60,100
3603,10:39:42,$ 3544.08,100
3604,10:39:42,$ 3544.13,100
3605,10:39:42,$ 3544.08,118
3606,10:39:42,$ 3544.36,100
3607,10:39:42,$ 3544.08,100
3608,10:39:33,$ 3544.625,200
3609,10:39:30,$ 3544.55,100
3610,10:39:29,$ 3543.52,125
3612,10:39:29,$ 3544.605,100
3613,10:39:28,$ 3544.989,100
3614,10:39:26,$ 3545.28,100
3615,10:39:22,$ 3544.91,500
3616,10:39:03,$ 3544.74,"1,000"
3617,10:39:01,$ 3544.294,100
3618,10:39:00,$ 3544.37,100
3619,10:39:00,$ 3544.88,100
3620,10:39:00,$ 3544.87,100
3621,10:39:00,$ 3544.87,100
3622,10:39:00,$ 3544.87,109
3623,10:38:59,$ 3545.61,100
3624,10:38:59,$ 3545.2612,100
3625,10:38:53,$ 3544.85,100
3626,10:38:53,$ 3544.86,100
3627,10:38:51,$ 3544.32,100
3628,10:38:50,$ 3544.112,500
3629,10:38:35,$ 3544.2391,100
3630,10:38:34,$ 3544.3999,100
3631,10:38:28,$ 3543.21,100
3633,10:38:22,$ 3543.22,100
3634,10:38:22,$ 3543.23,100
3635,10:38:15,$ 3541.8972,100
3636,10:38:11,$ 3542.30,100
3637,10:38:08,$ 3541.3701,200
3638,10:38:07,$ 3542.73,793
3639,10:37:57,$ 3542.00,100
3640,10:37:56,$ 3541.975,100
3641,10:37:55,$ 3542.13,100
3642,10:37:52,$ 3543.08,"1,000"
3643,10:37:51,$ 3542.51,100
3644,10:37:51,$ 3542.67,100
3645,10:37:49,$ 3542.10,100
3646,10:37:49,$ 3541.80,100
3647,10:37:49,$ 3541.82,100
3648,10:37:45,$ 3541.38,100
3649,10:37:42,$ 3540.9999,100
3650,10:37:38,$ 3540.73,500
3651,10:37:36,$ 3540.8403,200
3652,10:37:32,$ 3540.1101,100
3654,10:37:30,$ 3540.96,100
3655,10:37:29,$ 3541.00,136
3656,10:37:26,$ 3539.8454,150
3657,10:37:25,$ 3540.28,100
3658,10:37:25,$ 3540.00,100
3659,10:37:25,$ 3540.00,100
3660,10:37:21,$ 3539.00,100
3661,10:37:21,$ 3539.00,103
3662,10:37:21,$ 3539.00,108
3663,10:37:21,$ 3539.00,119
3664,10:37:21,$ 3539.00,152
3665,10:36:51,$ 3537.36,100
3666,10:36:51,$ 3537.44,100
3667,10:36:46,$ 3536.7489,100
3668,10:36:45,$ 3537.43,138
3669,10:36:45,$ 3536.67,100
3670,10:36:45,$ 3537.11,100
3671,10:36:15,$ 3539.86,100
3672,10:36:13,$ 3538.97,100
3673,10:36:13,$ 3538.98,100
3675,10:36:13,$ 3539.06,100
3676,10:36:08,$ 3538.30,100
3677,10:36:06,$ 3538.298,100
3678,10:36:06,$ 3538.15,100
3679,10:36:00,$ 3538.4447,282
3680,10:35:30,$ 3537.69,100
3681,10:35:07,$ 3538.25,100
3682,10:35:04,$ 3537.27,100
3683,10:35:04,$ 3538.02,100
3684,10:34:53,$ 3538.8126,130
3685,10:34:29,$ 3537.426,100
3686,10:34:23,$ 3538.68,100
3687,10:34:22,$ 3538.52,119
3688,10:34:22,$ 3538.52,135
3689,10:34:19,$ 3538.52,100
3690,10:34:18,$ 3540.315,100
3691,10:34:17,$ 3538.5201,"2,000"
3692,10:34:09,$ 3539.67,100
3693,10:34:06,$ 3540.4999,100
3694,10:34:00,$ 3539.55,250
3696,10:34:00,$ 3539.28,100
3697,10:34:00,$ 3539.28,100
3698,10:34:00,$ 3539.37,100
3699,10:33:56,$ 3540.19,100
3700,10:33:56,$ 3540.18,100
3701,10:33:56,$ 3540.18,100
3702,10:33:56,$ 3540.18,100
3703,10:33:56,$ 3539.93,100
3704,10:33:53,$ 3539.63,100
3705,10:33:53,$ 3538.98,100
3706,10:33:53,$ 3538.99,235
3707,10:33:51,$ 3538.2366,100
3708,10:33:41,$ 3537.005,100
3709,10:33:38,$ 3537.3688,100
3710,10:33:36,$ 3537.14,100
3711,10:33:20,$ 3537.52,100
3712,10:32:56,$ 3535.108,200
3713,10:32:49,$ 3535.1478,100
3714,10:32:41,$ 3535.51,100
3715,10:32:40,$ 3534.75,100
3717,10:32:36,$ 3533.05,100
3718,10:32:36,$ 3533.06,271
3719,10:32:36,$ 3533.06,273
3720,10:32:36,$ 3533.02,119
3721,10:32:36,$ 3533.02,106
3722,10:32:36,$ 3533.06,273
3723,10:32:36,$ 3533.0614,173
3724,10:32:36,$ 3533.061,173
3725,10:32:36,$ 3533.06,244
3726,10:32:36,$ 3533.03,100
3727,10:32:36,$ 3533.06,176
3728,10:32:36,$ 3533.09,100
3729,10:32:36,$ 3533.06,173
3730,10:32:35,$ 3534.025,200
3731,10:32:26,$ 3533.21,100
3732,10:32:10,$ 3533.42,100
3733,10:32:09,$ 3533.07,100
3734,10:32:09,$ 3533.02,100
3735,10:32:07,$ 3534.9999,100
3736,10:32:03,$ 3533.69,100
3738,10:32:01,$ 3533.61,100
3739,10:31:51,$ 3532.0394,100
3740,10:31:20,$ 3530.11,100
3741,10:31:19,$ 3530.22,100
3742,10:31:13,$ 3528.56,100
3743,10:31:00,$ 3527.0227,175
3744,10:31:00,$ 3527.83,129
3745,10:31:00,$ 3527.83,108
3746,10:30:59,$ 3529.01,100
3747,10:30:54,$ 3528.97,100
3748,10:30:52,$ 3530.41,100
3749,10:30:35,$ 3532.40,100
3750,10:30:25,$ 3530.77,100
3751,10:30:12,$ 3529.69,100
3752,10:30:06,$ 3530.53,115
3753,10:30:02,$ 3530.00,163
3755,11:29:44,$ 3559.02,108
3756,11:29:43,$ 3558.95,100
3757,11:29:39,$ 3558.895,121
3758,11:29:19,$ 3560.00,100
3759,11:29:11,$ 3560.00,100
3760,11:29:11,$ 3559.4007,100
3761,11:29:11,$ 3559.4448,100
3762,11:29:07,$ 3559.23,100
3763,11:29:01,$ 3559.7672,386
3764,11:28:54,$ 3558.97,100
3765,11:28:53,$ 3558.37,100
3766,11:28:53,$ 3558.37,100
3767,11:28:53,$ 3558.37,109
3768,11:28:45,$ 3557.20,100
3769,11:28:42,$ 3556.845,100
3770,11:28:34,$ 3558.0716,200
3771,11:28:34,$ 3557.17,100
3772,11:28:17,$ 3558.10,250
3773,11:28:05,$ 3557.69,100
3774,11:27:57,$ 3557.5742,300
3776,11:27:51,$ 3557.60,110
3777,11:27:51,$ 3558.98,107
3778,11:27:42,$ 3559.4405,119
3779,11:27:40,$ 3558.92,100
3780,11:27:26,$ 3557.054,300
3781,11:27:18,$ 3557.24,100
3782,11:27:18,$ 3556.67,100
3783,11:27:14,$ 3556.80,100
3784,11:27:12,$ 3557.6198,300
3785,11:27:00,$ 3556.82,100
3786,11:27:00,$ 3556.82,100
3787,11:27:00,$ 3556.82,100
3788,11:27:00,$ 3556.86,100
3789,11:26:39,$ 3556.82,100
3790,11:26:32,$ 3557.2701,234
3791,11:26:02,$ 3558.7441,280
3792,11:25:57,$ 3560.7499,480
3793,11:25:32,$ 3560.43,100
3794,11:25:16,$ 3560.16,100
3795,11:25:15,$ 3560.21,200
3797,11:25:05,$ 3559.95,100
3798,11:25:02,$ 3559.7152,141
3799,11:24:56,$ 3559.9499,100
3800,11:24:47,$ 3558.59,100
3801,11:24:47,$ 3558.59,100
3802,11:24:34,$ 3559.91,100
3803,11:23:40,$ 3558.985,100
3804,11:23:27,$ 3557.0379,200
3805,11:23:25,$ 3558.20,100
3806,11:23:07,$ 3556.749,100
3807,11:23:04,$ 3558.00,900
3808,11:23:02,$ 3558.82,100
3809,11:23:02,$ 3558.9265,100
3810,11:23:02,$ 3559.65,100
3811,11:22:55,$ 3558.80,100
3812,11:22:48,$ 3559.59,100
3813,11:22:48,$ 3559.57,100
3814,11:22:48,$ 3559.75,100
3815,11:22:45,$ 3558.92,100
3816,11:22:45,$ 3558.93,100
3818,11:22:44,$ 3559.08,100
3819,11:22:15,$ 3559.64,100
3820,11:22:06,$ 3560.70,100
3821,11:21:47,$ 3561.79,222
3822,11:21:33,$ 3561.98,100
3823,11:20:59,$ 3562.83,100
3824,11:20:39,$ 3563.73,100
3825,11:20:28,$ 3564.25,100
3826,11:20:23,$ 3562.52,100
3827,11:20:23,$ 3564.55,100
3828,11:20:23,$ 3563.43,100
3829,11:20:23,$ 3564.55,200
3830,11:20:23,$ 3563.50,100
3831,11:20:12,$ 3562.8379,407
3832,11:20:12,$ 3563.48,100
3833,11:20:12,$ 3563.68,100
3834,11:20:12,$ 3563.75,100
3835,11:20:05,$ 3563.68,100
3836,11:19:46,$ 3563.4645,550
3837,11:19:23,$ 3562.21,100
3839,11:19:13,$ 3564.19,100
3840,11:19:13,$ 3564.34,102
3841,11:19:13,$ 3564.442,100
3842,11:19:11,$ 3564.6067,200
3843,11:19:06,$ 3564.41,100
3844,11:19:06,$ 3564.34,138
3845,11:19:04,$ 3564.49,100
3846,11:18:53,$ 3563.155,100
3847,11:18:53,$ 3563.7254,"1,001"
3848,11:18:28,$ 3563.17,100
3849,11:18:27,$ 3563.98,100
3850,11:18:15,$ 3563.46,100
3851,11:18:03,$ 3562.88,100
3852,11:18:02,$ 3561.2636,195
3853,11:17:29,$ 3562.05,100
3854,11:17:16,$ 3562.17,200
3855,11:17:12,$ 3563.015,100
3856,11:16:52,$ 3563.15,100
3857,11:16:52,$ 3564.5799,100
3858,11:16:33,$ 3562.875,100
3860,11:16:22,$ 3563.4168,100
3861,11:16:04,$ 3564.46,100
3862,11:15:28,$ 3563.25,100
3863,11:15:28,$ 3563.12,118
3864,11:15:28,$ 3563.12,201
3865,11:15:15,$ 3563.695,100
3866,11:15:07,$ 3563.28,200
3867,11:15:05,$ 3563.00,500
3868,11:14:59,$ 3563.70,100
3869,11:14:52,$ 3563.37,100
3870,11:14:43,$ 3563.19,261
3871,11:14:27,$ 3562.0001,"1,000"
3872,11:14:25,$ 3562.6491,100
3873,11:14:24,$ 3564.02,213
3874,11:14:17,$ 3565.28,100
3875,11:14:17,$ 3565.28,100
3876,11:14:13,$ 3565.00,100
3877,11:14:04,$ 3564.78,500
3878,11:14:03,$ 3564.57,100
3879,11:14:02,$ 3565.24,100
3881,11:14:01,$ 3565.31,100
3882,11:13:58,$ 3565.05,500
3883,11:13:57,$ 3565.20,100
3884,11:13:57,$ 3565.00,100
