,NLS Time (ET),NLS Price,NLS Share Volume
1,09:59:57,$ 3615.83,100
2,09:59:53,$ 3614.6201,500
3,09:59:32,$ 3616.22,100
4,09:59:30,$ 3613.99,500
5,09:59:22,$ 3614.00,100
6,09:59:06,$ 3614.65,100
7,09:58:57,$ 3618.39,400
8,09:58:57,$ 3617.60,100
9,09:58:57,$ 3617.75,100
10,09:58:57,$ 3617.75,105
11,09:58:52,$ 3618.29,100
12,09:58:48,$ 3618.39,100
13,09:58:45,$ 3616.8901,100
14,09:58:42,$ 3619.05,100
15,09:58:42,$ 3619.05,100
16,09:58:42,$ 3619.03,100
17,09:58:42,$ 3618.95,100
18,09:58:42,$ 3618.95,100
19,09:58:24,$ 3619.05,100
20,09:58:09,$ 3618.79,100
22,09:57:44,$ 3617.83,230
23,09:57:43,$ 3618.099,100
24,09:57:29,$ 3617.84,100
25,09:57:26,$ 3616.9101,100
26,09:57:04,$ 3616.18,100
27,09:57:00,$ 3616.61,100
28,09:57:00,$ 3617.43,100
29,09:57:00,$ 3616.86,100
30,09:56:51,$ 3617.927,500
31,09:56:36,$ 3617.19,100
32,09:56:12,$ 3617.43,100
33,09:55:55,$ 3616.40,100
34,09:55:54,$ 3616.94,100
35,09:55:52,$ 3616.12,100
36,09:55:31,$ 3617.13,100
37,09:55:31,$ 3616.07,100
38,09:55:27,$ 3615.04,100
39,09:55:27,$ 3615.04,100
40,09:55:27,$ 3615.02,100
41,09:55:27,$ 3615.09,100
43,09:55:27,$ 3615.04,100
44,09:55:26,$ 3614.99,100
45,09:55:26,$ 3614.99,100
46,09:55:26,$ 3614.99,100
47,09:55:26,$ 3614.99,100
48,09:55:25,$ 3615.04,100
49,09:55:25,$ 3614.99,100
50,09:55:25,$ 3614.99,100
51,09:55:25,$ 3615.50,241
52,09:55:25,$ 3615.50,531
53,09:55:25,$ 3615.61,100
54,09:55:12,$ 3615.52,274
55,09:55:05,$ 3615.22,250
56,09:54:56,$ 3614.9211,300
57,09:54:52,$ 3614.87,100
58,09:54:52,$ 3614.97,100
59,09:54:52,$ 3614.99,100
60,09:54:52,$ 3615.00,168
61,09:54:52,$ 3615.00,413
62,09:54:48,$ 3615.00,100
64,09:54:21,$ 3613.00,100
65,09:53:55,$ 3612.98,100
66,09:53:53,$ 3612.875,100
67,09:53:53,$ 3612.755,100
68,09:53:36,$ 3612.5201,100
69,09:53:18,$ 3612.52,125
70,09:53:15,$ 3614.125,100
71,09:53:13,$ 3614.41,100
72,09:53:13,$ 3614.99,100
73,09:53:11,$ 3614.00,382
74,09:53:11,$ 3614.16,117
75,09:53:03,$ 3612.83,100
76,09:53:01,$ 3613.0366,150
77,09:52:47,$ 3613.6694,425
78,09:52:47,$ 3613.00,100
79,09:52:47,$ 3612.41,100
80,09:52:43,$ 3612.03,100
81,09:52:43,$ 3611.88,100
82,09:52:30,$ 3610.09,100
83,09:52:25,$ 3608.795,300
85,09:52:25,$ 3608.67,200
86,09:52:25,$ 3608.795,200
87,09:52:20,$ 3609.6945,100
88,09:52:19,$ 3608.04,100
89,09:52:15,$ 3608.08,117
90,09:52:11,$ 3608.665,500
91,09:52:06,$ 3607.7703,100
92,09:52:04,$ 3607.636,100
93,09:52:00,$ 3608.52,"1,000"
94,09:51:59,$ 3608.45,100
95,09:51:51,$ 3607.14,100
96,09:51:51,$ 3607.14,100
97,09:51:51,$ 3607.18,100
98,09:51:51,$ 3607.30,100
99,09:51:46,$ 3608.5209,200
100,09:51:45,$ 3608.05,100
101,09:51:45,$ 3608.04,100
102,09:51:45,$ 3607.46,100
103,09:51:45,$ 3607.46,100
104,09:51:35,$ 3609.36,100
106,09:51:35,$ 3608.79,100
107,09:51:27,$ 3610.28,100
108,09:51:21,$ 3610.12,100
109,09:51:11,$ 3609.6521,100
110,09:51:10,$ 3610.605,100
111,09:51:10,$ 3610.01,100
112,09:51:10,$ 3610.00,100
113,09:51:05,$ 3610.2909,500
114,09:51:00,$ 3611.25,100
115,09:50:53,$ 3611.705,300
116,09:50:53,$ 3611.17,100
117,09:50:53,$ 3612.64,100
118,09:50:52,$ 3613.10,100
119,09:50:50,$ 3614.11,100
120,09:50:43,$ 3613.47,150
121,09:50:43,$ 3613.8775,100
122,09:50:43,$ 3614.02,100
123,09:50:42,$ 3614.95,500
124,09:50:36,$ 3614.94,100
125,09:50:33,$ 3615.495,100
127,09:50:33,$ 3614.86,100
128,09:50:33,$ 3614.85,100
129,09:50:26,$ 3615.215,100
130,09:50:26,$ 3615.47,100
131,09:50:25,$ 3615.47,200
132,09:50:24,$ 3613.6801,481
133,09:50:23,$ 3615.469,218
134,09:50:21,$ 3613.87,100
135,09:50:19,$ 3613.66,100
136,09:50:15,$ 3613.2899,100
137,09:50:10,$ 3612.83,100
138,09:49:52,$ 3611.17,100
139,09:49:52,$ 3611.435,300
140,09:49:48,$ 3611.56,500
141,09:49:42,$ 3609.09,100
142,09:49:42,$ 3610.00,221
143,09:49:41,$ 3610.02,100
144,09:49:28,$ 3610.175,100
145,09:49:28,$ 3610.105,200
146,09:49:28,$ 3610.09,100
148,09:49:21,$ 3610.0001,500
149,09:49:21,$ 3609.605,100
150,09:49:20,$ 3610.91,112
151,09:49:20,$ 3610.89,100
152,09:49:16,$ 3611.025,100
153,09:49:06,$ 3612.30,100
154,09:49:06,$ 3613.00,100
155,09:49:06,$ 3612.00,100
156,09:49:06,$ 3611.98,100
157,09:49:06,$ 3612.98,100
158,09:49:05,$ 3612.2448,267
159,09:49:05,$ 3611.78,100
160,09:49:03,$ 3609.848,500
161,09:49:00,$ 3609.63,100
162,09:49:00,$ 3608.63,100
163,09:48:57,$ 3608.72,100
164,09:48:57,$ 3608.265,100
165,09:48:47,$ 3607.01,150
166,09:48:44,$ 3607.19,100
167,09:48:44,$ 3609.16,100
169,09:48:42,$ 3609.92,100
170,09:48:42,$ 3608.39,100
171,09:48:38,$ 3607.03,100
172,09:48:29,$ 3608.9799,100
173,09:48:28,$ 3607.42,100
174,09:48:22,$ 3607.3416,801
175,09:48:21,$ 3607.85,200
176,09:48:17,$ 3608.27,100
177,09:48:15,$ 3608.88,100
178,09:48:14,$ 3607.4701,500
179,09:48:14,$ 3609.7499,100
180,09:48:14,$ 3608.01,100
181,09:48:14,$ 3608.01,100
182,09:48:14,$ 3608.26,202
183,09:48:14,$ 3608.40,100
184,09:48:14,$ 3608.44,100
185,09:48:12,$ 3608.47,100
186,09:48:11,$ 3609.525,100
187,09:48:10,$ 3609.41,100
188,09:48:05,$ 3608.27,100
190,09:48:05,$ 3609.475,"1,000"
191,09:48:04,$ 3609.48,100
192,09:48:04,$ 3609.59,"1,000"
193,09:47:53,$ 3609.55,100
194,09:47:50,$ 3608.23,100
195,09:47:50,$ 3609.9327,283
196,09:47:47,$ 3609.64,104
197,09:47:42,$ 3611.02,100
198,09:47:42,$ 3611.235,100
199,09:47:42,$ 3611.272,100
200,09:47:42,$ 3611.42,100
201,09:47:42,$ 3609.63,250
202,09:47:41,$ 3611.52,100
203,09:47:40,$ 3611.40,100
204,09:47:40,$ 3611.4737,500
205,09:47:39,$ 3611.00,100
206,09:47:37,$ 3609.625,500
207,09:47:36,$ 3608.23,100
208,09:47:35,$ 3608.77,100
209,09:47:35,$ 3610.22,100
211,09:47:35,$ 3610.00,100
212,09:47:35,$ 3610.33,109
213,09:47:35,$ 3610.33,109
214,09:47:35,$ 3610.33,117
215,09:47:34,$ 3611.285,150
216,09:47:33,$ 3610.82,100
217,09:47:30,$ 3611.275,100
218,09:47:27,$ 3612.295,100
219,09:47:26,$ 3611.04,100
220,09:47:26,$ 3612.00,100
221,09:47:24,$ 3613.52,500
222,09:47:16,$ 3613.97,110
223,09:47:15,$ 3613.925,100
224,09:47:09,$ 3612.77,200
225,09:47:00,$ 3613.97,100
226,09:47:00,$ 3613.38,100
227,09:46:59,$ 3611.00,100
228,09:46:59,$ 3611.495,100
229,09:46:58,$ 3611.03,100
230,09:46:56,$ 3611.02,300
232,09:46:56,$ 3611.70,200
233,09:46:43,$ 3611.6141,100
234,09:46:41,$ 3610.22,150
235,09:46:37,$ 3613.02,100
236,09:46:35,$ 3614.32,100
237,09:46:30,$ 3614.62,100
238,09:46:30,$ 3613.82,100
239,09:46:30,$ 3613.15,600
240,09:46:29,$ 3613.95,100
241,09:46:29,$ 3614.345,200
242,09:46:25,$ 3614.64,100
243,09:46:24,$ 3615.13,100
244,09:46:24,$ 3616.16,100
245,09:46:23,$ 3616.67,207
246,09:46:22,$ 3616.6666,300
247,09:46:21,$ 3617.12,100
248,09:46:21,$ 3617.4373,150
249,09:46:13,$ 3617.00,100
250,09:46:07,$ 3618.185,100
251,09:46:07,$ 3617.4999,400
253,09:46:05,$ 3617.43,100
254,09:46:05,$ 3617.45,100
255,09:46:00,$ 3617.99,100
256,09:45:56,$ 3617.1801,100
257,09:45:49,$ 3617.9933,100
258,09:45:49,$ 3617.82,100
259,09:45:48,$ 3619.31,100
260,09:45:47,$ 3619.175,100
261,09:45:45,$ 3619.225,100
262,09:45:45,$ 3619.175,100
263,09:45:43,$ 3618.42,100
264,09:45:42,$ 3620.535,100
265,09:45:39,$ 3618.625,150
266,09:45:38,$ 3619.00,100
267,09:45:38,$ 3618.865,100
268,09:45:36,$ 3617.42,100
269,09:45:33,$ 3617.83,100
270,09:45:33,$ 3619.60,100
271,09:45:33,$ 3618.00,100
272,09:45:33,$ 3619.34,100
274,09:45:33,$ 3620.00,133
275,09:45:33,$ 3618.08,100
276,09:45:32,$ 3618.08,200
277,09:45:32,$ 3617.70,100
278,09:45:32,$ 3617.58,100
279,09:45:32,$ 3618.08,100
280,09:45:32,$ 3617.86,100
281,09:45:32,$ 3617.08,100
282,09:45:32,$ 3617.06,100
283,09:45:32,$ 3617.01,100
284,09:45:32,$ 3618.01,100
285,09:45:29,$ 3619.02,100
286,09:45:29,$ 3620.00,102
287,09:45:29,$ 3619.44,100
288,09:45:23,$ 3618.9274,500
289,09:45:23,$ 3619.80,150
290,09:45:23,$ 3619.79,100
291,09:45:20,$ 3620.805,100
292,09:45:20,$ 3621.00,100
293,09:45:20,$ 3621.00,100
295,09:45:20,$ 3621.00,100
296,09:45:20,$ 3620.85,300
297,09:45:20,$ 3619.9375,100
298,09:45:20,$ 3621.00,400
299,09:45:20,$ 3620.11,100
300,09:45:20,$ 3620.45,100
301,09:45:19,$ 3620.86,100
302,09:45:17,$ 3620.135,500
303,09:45:17,$ 3619.07,137
304,09:45:17,$ 3619.40,100
305,09:45:17,$ 3619.82,100
306,09:45:17,$ 3619.47,100
307,09:45:15,$ 3621.37,100
308,09:45:12,$ 3621.16,100
309,09:45:12,$ 3621.925,100
310,09:45:12,$ 3621.875,100
311,09:45:12,$ 3620.735,100
312,09:45:11,$ 3620.515,100
313,09:45:11,$ 3621.875,100
314,09:45:11,$ 3621.975,100
316,09:45:11,$ 3621.925,100
317,09:45:11,$ 3621.04,100
318,09:45:11,$ 3620.83,100
319,09:45:11,$ 3620.83,100
320,09:45:10,$ 3621.71,100
321,09:45:09,$ 3620.125,125
322,09:45:09,$ 3621.175,100
323,09:45:07,$ 3620.86,100
324,09:45:06,$ 3620.77,100
325,09:45:06,$ 3620.775,100
326,09:45:06,$ 3619.87,115
327,09:45:06,$ 3619.99,100
328,09:45:05,$ 3618.77,101
329,09:45:05,$ 3618.77,100
330,09:45:05,$ 3618.82,100
331,09:45:04,$ 3619.21,100
332,09:45:03,$ 3619.2162,100
333,09:45:03,$ 3619.09,100
334,09:45:03,$ 3618.71,305
335,09:45:03,$ 3618.70,100
337,09:45:03,$ 3618.70,100
338,09:45:03,$ 3618.70,100
339,09:45:03,$ 3618.70,100
340,09:45:03,$ 3618.71,100
341,09:45:03,$ 3618.705,100
342,09:45:03,$ 3618.30,100
343,09:45:03,$ 3618.69,100
344,09:45:02,$ 3618.69,100
345,09:45:02,$ 3618.30,100
346,09:45:02,$ 3618.30,100
347,09:45:02,$ 3618.48,100
348,09:45:02,$ 3617.925,500
349,09:45:01,$ 3618.82,100
350,09:45:01,$ 3619.09,100
351,09:45:01,$ 3617.82,100
352,09:44:59,$ 3617.815,100
353,09:44:59,$ 3617.59,100
354,09:44:59,$ 3617.59,100
355,09:44:56,$ 3616.3701,500
356,09:44:51,$ 3616.642,100
358,09:44:51,$ 3617.41,100
359,09:44:50,$ 3616.995,100
360,09:44:46,$ 3616.85,100
361,09:44:45,$ 3616.32,100
362,09:44:45,$ 3615.90,100
363,09:44:45,$ 3616.99,100
364,09:44:39,$ 3615.32,100
365,09:44:38,$ 3614.00,137
366,09:44:38,$ 3616.9899,105
367,09:44:36,$ 3615.50,100
368,09:44:31,$ 3615.01,100
369,09:44:31,$ 3615.01,100
370,09:44:31,$ 3615.01,195
371,09:44:31,$ 3615.01,100
372,09:44:31,$ 3615.00,100
373,09:44:31,$ 3615.10,100
374,09:44:31,$ 3615.11,100
375,09:44:31,$ 3615.00,100
376,09:44:31,$ 3615.00,100
377,09:44:25,$ 3617.01,100
379,09:44:25,$ 3616.90,100
380,09:44:25,$ 3616.87,100
381,09:44:24,$ 3617.125,100
382,09:44:22,$ 3617.115,200
383,09:44:22,$ 3617.75,100
384,09:44:19,$ 3617.22,100
385,09:44:18,$ 3617.22,100
386,09:44:11,$ 3617.41,100
387,09:44:10,$ 3618.00,100
388,09:44:06,$ 3617.01,100
389,09:44:05,$ 3616.20,132
390,09:44:04,$ 3616.39,500
391,09:44:03,$ 3617.33,400
392,09:44:03,$ 3616.99,100
393,09:44:02,$ 3616.18,100
394,09:44:02,$ 3615.31,100
395,09:44:02,$ 3615.00,100
396,09:44:02,$ 3615.00,100
397,09:43:54,$ 3615.6532,100
398,09:43:49,$ 3613.7277,100
400,09:43:46,$ 3614.96,100
401,09:43:43,$ 3615.2927,100
402,09:43:43,$ 3615.13,100
403,09:43:42,$ 3616.13,100
404,09:43:42,$ 3616.00,100
405,09:43:40,$ 3616.15,100
406,09:43:36,$ 3615.5023,106
407,09:43:36,$ 3615.55,100
408,09:43:33,$ 3617.00,100
409,09:43:31,$ 3615.7324,100
410,09:43:29,$ 3616.253,100
411,09:43:20,$ 3616.50,103
412,09:43:20,$ 3616.21,100
413,09:43:20,$ 3615.3366,110
414,09:43:18,$ 3615.95,100
415,09:43:17,$ 3616.40,120
416,09:43:15,$ 3615.74,102
417,09:43:08,$ 3613.51,100
418,09:43:08,$ 3615.2398,100
419,09:43:06,$ 3614.30,100
421,09:43:06,$ 3613.81,100
422,09:43:06,$ 3613.71,100
423,09:43:06,$ 3613.44,116
424,09:43:03,$ 3613.68,660
425,09:43:01,$ 3613.68,500
426,09:43:01,$ 3613.68,100
427,09:43:00,$ 3614.42,100
428,09:43:00,$ 3613.65,100
429,09:42:56,$ 3612.11,500
430,09:42:56,$ 3611.50,129
431,09:42:54,$ 3611.41,100
432,09:42:54,$ 3611.62,100
433,09:42:54,$ 3611.52,100
434,09:42:47,$ 3612.85,100
435,09:42:46,$ 3613.47,100
436,09:42:46,$ 3613.18,100
437,09:42:46,$ 3613.495,100
438,09:42:46,$ 3613.46,100
439,09:42:42,$ 3613.03,100
440,09:42:42,$ 3613.00,237
442,09:42:39,$ 3615.285,100
443,09:42:38,$ 3614.05,100
444,09:42:38,$ 3613.50,188
445,09:42:38,$ 3613.80,100
446,09:42:38,$ 3613.90,100
447,09:42:38,$ 3613.83,100
448,09:42:34,$ 3613.3211,125
449,09:42:31,$ 3614.015,100
450,09:42:27,$ 3614.9999,100
451,09:42:24,$ 3613.31,100
452,09:42:24,$ 3613.73,100
453,09:42:23,$ 3613.71,100
454,09:42:23,$ 3613.00,100
455,09:42:23,$ 3613.00,100
456,09:42:23,$ 3613.00,100
457,09:42:22,$ 3611.65,100
458,09:42:22,$ 3611.0366,110
459,09:42:22,$ 3611.63,100
460,09:42:20,$ 3611.8011,500
461,09:42:20,$ 3611.12,100
463,09:42:16,$ 3611.3855,100
464,09:42:16,$ 3608.567,200
465,09:42:15,$ 3611.9999,100
466,09:42:15,$ 3612.00,100
467,09:42:15,$ 3611.32,100
468,09:42:06,$ 3609.05,100
469,09:42:00,$ 3608.22,150
470,09:41:52,$ 3608.17,500
471,09:41:49,$ 3607.7425,100
472,09:41:46,$ 3605.6801,200
473,09:41:42,$ 3606.30,100
474,09:41:38,$ 3608.3172,125
475,09:41:36,$ 3607.32,200
476,09:41:33,$ 3606.72,100
477,09:41:33,$ 3606.79,100
478,09:41:33,$ 3606.74,100
479,09:41:33,$ 3606.73,100
480,09:41:31,$ 3607.00,100
481,09:41:31,$ 3606.745,100
482,09:41:30,$ 3606.978,300
484,09:41:25,$ 3604.72,100
485,09:41:19,$ 3605.78,100
486,09:41:19,$ 3605.75,100
487,09:41:19,$ 3605.4125,677
488,09:41:19,$ 3605.748,100
489,09:41:19,$ 3606.00,100
490,09:41:14,$ 3605.271,100
491,09:41:14,$ 3605.41,100
492,09:41:14,$ 3604.56,200
493,09:41:13,$ 3604.85,100
494,09:41:12,$ 3603.15,100
495,09:41:10,$ 3603.00,100
496,09:41:02,$ 3602.30,100
497,09:41:00,$ 3603.00,100
498,09:41:00,$ 3603.00,100
499,09:41:00,$ 3603.00,100
500,09:41:00,$ 3603.01,100
501,09:40:59,$ 3603.06,100
502,09:40:58,$ 3603.06,100
503,09:40:52,$ 3602.365,100
505,09:40:52,$ 3603.515,100
506,09:40:52,$ 3602.31,100
507,09:40:52,$ 3602.69,100
508,09:40:52,$ 3602.60,100
509,09:40:52,$ 3602.40,100
510,09:40:52,$ 3603.52,100
511,09:40:51,$ 3603.62,100
512,09:40:51,$ 3603.62,125
513,09:40:50,$ 3603.80,100
514,09:40:41,$ 3603.08,116
515,09:40:35,$ 3604.415,500
516,09:40:31,$ 3604.525,125
517,09:40:28,$ 3603.8501,200
518,09:40:25,$ 3605.845,100
519,09:40:25,$ 3605.845,100
520,09:40:23,$ 3605.85,100
521,09:40:23,$ 3605.85,500
522,09:40:02,$ 3606.70,100
523,09:39:49,$ 3606.21,100
524,09:39:49,$ 3606.47,100
526,09:39:49,$ 3607.11,100
527,09:39:49,$ 3607.06,100
528,09:39:49,$ 3606.50,100
529,09:39:48,$ 3608.53,100
530,09:39:45,$ 3607.24,100
531,09:39:44,$ 3607.31,125
532,09:39:43,$ 3608.10,100
533,09:39:42,$ 3608.00,830
534,09:39:33,$ 3609.70,100
535,09:39:29,$ 3611.41,100
536,09:39:17,$ 3608.00,100
537,09:39:16,$ 3611.48,250
538,09:39:15,$ 3608.91,100
539,09:39:14,$ 3610.745,100
540,09:39:13,$ 3610.25,100
541,09:39:13,$ 3611.115,200
542,09:39:13,$ 3611.9899,500
543,09:39:10,$ 3610.352,100
544,09:39:07,$ 3611.69,100
545,09:39:06,$ 3611.69,100
547,09:39:06,$ 3610.52,100
548,09:39:06,$ 3610.51,100
549,09:39:06,$ 3610.63,109
550,09:39:04,$ 3610.06,125
551,09:39:03,$ 3610.64,100
552,09:39:03,$ 3610.46,208
553,09:39:02,$ 3608.829,250
554,09:38:59,$ 3607.39,100
555,09:38:53,$ 3607.055,100
556,09:38:51,$ 3606.845,100
557,09:38:46,$ 3606.835,125
558,09:38:45,$ 3606.49,100
559,09:38:45,$ 3605.49,100
560,09:38:41,$ 3604.745,100
561,09:38:29,$ 3603.76,200
562,09:38:29,$ 3603.44,100
563,09:38:28,$ 3603.80,100
564,09:38:28,$ 3604.67,100
565,09:38:27,$ 3605.34,100
566,09:38:27,$ 3604.82,100
568,09:38:10,$ 3604.30,300
569,09:38:08,$ 3604.30,100
570,09:38:06,$ 3604.31,100
571,09:38:04,$ 3604.23,100
572,09:38:02,$ 3605.6645,123
573,09:38:02,$ 3604.225,100
574,09:37:54,$ 3604.15,300
575,09:37:45,$ 3605.37,102
576,09:37:42,$ 3605.58,100
577,09:37:36,$ 3606.7499,125
578,09:37:35,$ 3607.23,100
579,09:37:33,$ 3605.00,102
580,09:37:33,$ 3605.39,100
581,09:37:33,$ 3606.68,100
582,09:37:29,$ 3609.00,200
583,09:37:29,$ 3609.005,200
584,09:37:27,$ 3608.71,125
585,09:37:25,$ 3607.2601,100
586,09:37:07,$ 3610.73,100
587,09:37:07,$ 3609.8713,500
589,09:37:06,$ 3610.26,100
590,09:37:00,$ 3609.35,100
591,09:36:59,$ 3608.96,400
592,09:36:59,$ 3609.38,100
593,09:36:59,$ 3610.035,100
594,09:36:58,$ 3610.65,100
595,09:36:55,$ 3610.77,100
596,09:36:52,$ 3611.74,100
597,09:36:51,$ 3610.64,100
598,09:36:51,$ 3610.64,100
599,09:36:51,$ 3610.64,100
600,09:36:51,$ 3611.58,100
601,09:36:51,$ 3610.62,100
602,09:36:50,$ 3610.71,100
603,09:36:48,$ 3609.955,100
604,09:36:44,$ 3610.72,100
605,09:36:44,$ 3610.72,400
606,09:36:43,$ 3610.73,100
607,09:36:43,$ 3609.66,100
608,09:36:34,$ 3609.835,100
610,09:36:32,$ 3609.71,100
611,09:36:32,$ 3609.965,100
612,09:36:32,$ 3609.555,100
613,09:36:32,$ 3608.74,100
614,09:36:32,$ 3608.80,100
615,09:36:32,$ 3609.85,100
616,09:36:32,$ 3609.99,100
617,09:36:32,$ 3610.01,100
618,09:36:32,$ 3609.41,100
619,09:36:32,$ 3609.85,100
620,09:36:32,$ 3609.98,100
621,09:36:31,$ 3608.74,100
622,09:36:30,$ 3608.78,100
623,09:36:30,$ 3608.755,100
624,09:36:30,$ 3608.75,100
625,09:36:29,$ 3608.80,100
626,09:36:26,$ 3609.29,102
627,09:36:22,$ 3610.61,100
628,09:36:17,$ 3610.66,100
629,09:36:17,$ 3610.00,527
631,09:36:08,$ 3609.42,100
632,09:36:07,$ 3609.97,100
633,09:36:05,$ 3609.29,100
634,09:36:03,$ 3608.765,100
635,09:35:59,$ 3607.21,100
636,09:35:58,$ 3607.41,100
637,09:35:58,$ 3607.74,100
638,09:35:58,$ 3607.48,108
639,09:35:45,$ 3609.29,200
640,09:35:40,$ 3609.54,100
641,09:35:40,$ 3609.53,100
642,09:35:40,$ 3609.53,100
643,09:35:39,$ 3609.822,100
644,09:35:33,$ 3611.88,100
645,09:35:30,$ 3610.60,100
646,09:35:28,$ 3610.61,100
647,09:35:28,$ 3610.62,100
648,09:35:27,$ 3611.89,100
649,09:35:27,$ 3610.62,100
650,09:35:25,$ 3610.48,100
652,09:35:21,$ 3609.52,100
653,09:35:21,$ 3610.62,100
654,09:35:20,$ 3610.62,100
655,09:35:16,$ 3609.8027,500
656,09:35:12,$ 3609.92,100
657,09:35:12,$ 3609.92,100
658,09:35:11,$ 3609.9134,150
659,09:35:11,$ 3610.62,100
660,09:35:11,$ 3611.73,100
661,09:35:08,$ 3608.915,100
662,09:35:07,$ 3609.97,100
663,09:35:05,$ 3608.745,100
664,09:35:04,$ 3609.48,100
665,09:35:04,$ 3609.57,100
666,09:35:03,$ 3610.3696,200
667,09:35:02,$ 3609.00,200
668,09:34:58,$ 3608.27,100
669,09:34:56,$ 3608.99,"1,000"
670,09:34:50,$ 3607.34,100
671,09:34:49,$ 3608.73,100
673,09:34:48,$ 3608.14,100
674,09:34:47,$ 3608.655,100
675,09:34:45,$ 3609.095,100
676,09:34:43,$ 3608.1649,198
677,09:34:37,$ 3609.80,100
678,09:34:36,$ 3610.62,100
679,09:34:34,$ 3609.815,100
680,09:34:33,$ 3609.34,125
681,09:34:33,$ 3609.05,100
682,09:34:26,$ 3609.815,100
683,09:34:26,$ 3610.62,100
684,09:34:24,$ 3609.6494,100
685,09:34:19,$ 3609.34,255
686,09:34:12,$ 3610.67,100
687,09:34:11,$ 3610.67,100
688,09:34:11,$ 3610.76,110
689,09:34:08,$ 3608.575,200
690,09:34:07,$ 3608.675,100
691,09:34:04,$ 3607.915,"1,150"
692,09:34:01,$ 3608.5878,100
694,09:33:58,$ 3610.77,178
695,09:33:58,$ 3610.77,100
696,09:33:58,$ 3609.99,100
697,09:33:55,$ 3610.105,100
698,09:33:55,$ 3608.69,100
699,09:33:50,$ 3609.547,200
700,09:33:43,$ 3608.00,100
701,09:33:42,$ 3608.79,100
702,09:33:39,$ 3606.99,100
703,09:33:39,$ 3607.00,529
704,09:33:39,$ 3607.00,113
705,09:33:39,$ 3607.48,100
706,09:33:39,$ 3607.22,100
707,09:33:36,$ 3609.36,100
708,09:33:36,$ 3607.96,100
709,09:33:36,$ 3608.03,100
710,09:33:36,$ 3608.03,100
711,09:33:35,$ 3608.04,100
712,09:33:34,$ 3609.47,100
713,09:33:33,$ 3609.00,100
715,09:33:33,$ 3609.7178,100
716,09:33:32,$ 3610.09,100
717,09:33:32,$ 3610.58,100
718,09:33:29,$ 3609.30,100
719,09:33:28,$ 3608.52,100
720,09:33:28,$ 3608.51,100
721,09:33:28,$ 3608.53,100
722,09:33:26,$ 3609.30,100
723,09:33:25,$ 3608.00,100
724,09:33:25,$ 3608.01,100
725,09:33:24,$ 3608.01,100
726,09:33:20,$ 3608.38,200
727,09:33:19,$ 3609.89,100
728,09:33:18,$ 3610.63,100
729,09:33:18,$ 3610.63,100
730,09:33:14,$ 3608.64,200
731,09:33:13,$ 3609.7209,100
732,09:33:13,$ 3609.90,100
733,09:33:13,$ 3609.32,100
734,09:33:13,$ 3609.90,100
736,09:33:12,$ 3610.65,100
737,09:33:12,$ 3610.65,100
738,09:33:07,$ 3610.65,100
739,09:33:01,$ 3610.64,100
740,09:32:59,$ 3607.53,100
741,09:32:51,$ 3606.45,100
742,09:32:48,$ 3608.50,105
743,09:32:46,$ 3606.015,100
744,09:32:44,$ 3608.00,116
745,09:32:41,$ 3605.37,100
746,09:32:41,$ 3608.00,100
747,09:32:39,$ 3607.3025,100
748,09:32:34,$ 3607.61,100
749,09:32:33,$ 3608.30,100
750,09:32:33,$ 3607.96,100
751,09:32:33,$ 3607.95,100
752,09:32:32,$ 3608.22,100
753,09:32:32,$ 3608.23,100
754,09:32:30,$ 3607.535,100
755,09:32:29,$ 3606.76,100
757,09:32:28,$ 3608.35,100
758,09:32:20,$ 3606.95,150
759,09:32:14,$ 3607.00,100
760,09:32:13,$ 3609.0786,"1,000"
761,09:32:13,$ 3608.055,100
762,09:32:13,$ 3608.31,100
763,09:32:03,$ 3610.72,100
764,09:32:03,$ 3609.2515,100
765,09:32:02,$ 3610.76,100
766,09:32:02,$ 3610.76,100
767,09:32:02,$ 3610.76,100
768,09:32:01,$ 3610.66,100
769,09:32:01,$ 3610.78,100
770,09:32:01,$ 3609.95,100
771,09:32:01,$ 3609.89,100
772,09:32:01,$ 3608.3492,150
773,09:32:00,$ 3608.00,100
774,09:32:00,$ 3608.00,100
775,09:32:00,$ 3607.00,372
776,09:32:00,$ 3607.00,102
778,09:31:56,$ 3605.975,100
779,09:31:52,$ 3607.00,100
780,09:31:52,$ 3607.00,218
781,09:31:47,$ 3605.00,500
782,09:31:45,$ 3608.00,442
783,09:31:45,$ 3606.00,238
784,09:31:39,$ 3605.79,100
785,09:31:39,$ 3605.7901,100
786,09:31:39,$ 3605.791,100
787,09:31:38,$ 3606.22,100
788,09:31:38,$ 3604.90,100
789,09:31:32,$ 3604.22,100
790,09:31:32,$ 3605.105,100
791,09:31:30,$ 3605.57,200
792,09:31:28,$ 3604.706,100
793,09:31:28,$ 3604.215,150
794,09:31:28,$ 3603.00,100
795,09:31:28,$ 3604.23,100
796,09:31:28,$ 3604.23,100
797,09:31:27,$ 3604.2201,200
799,09:31:26,$ 3604.18,100
800,09:31:24,$ 3600.6446,100
801,09:31:23,$ 3601.675,100
802,09:31:17,$ 3599.7187,600
803,09:31:13,$ 3599.11,100
804,09:31:12,$ 3599.75,100
805,09:31:12,$ 3600.00,100
806,09:31:12,$ 3600.00,100
807,09:31:12,$ 3598.8176,100
808,09:31:11,$ 3598.68,100
809,09:31:09,$ 3596.21,100
810,09:31:09,$ 3598.19,100
811,09:31:09,$ 3598.29,100
812,09:31:07,$ 3599.56,100
813,09:31:07,$ 3593.0001,100
814,09:30:59,$ 3596.63,100
815,09:30:59,$ 3597.88,100
816,09:30:59,$ 3598.99,100
817,09:30:58,$ 3596.35,100
818,09:30:58,$ 3598.99,114
820,09:30:58,$ 3599.00,117
821,09:30:58,$ 3598.45,100
822,09:30:58,$ 3597.99,193
823,09:30:57,$ 3595.89,200
824,09:30:57,$ 3597.00,100
825,09:30:57,$ 3596.26,200
826,09:30:53,$ 3593.771,100
827,09:30:52,$ 3593.38,100
828,09:30:52,$ 3593.37,100
829,09:30:52,$ 3593.38,100
830,09:30:51,$ 3593.2516,150
831,09:30:49,$ 3596.00,100
832,09:30:49,$ 3596.00,100
833,09:30:48,$ 3596.00,100
834,09:30:48,$ 3593.025,100
835,09:30:48,$ 3593.07,100
836,09:30:48,$ 3593.025,100
837,09:30:48,$ 3593.245,100
838,09:30:47,$ 3593.025,100
839,09:30:47,$ 3593.245,100
841,09:30:47,$ 3593.00,100
842,09:30:47,$ 3594.39,100
843,09:30:37,$ 3597.99,100
844,09:30:36,$ 3599.00,100
845,09:30:36,$ 3597.22,100
846,09:30:36,$ 3598.64,100
847,09:30:35,$ 3597.62,100
848,09:30:35,$ 3597.09,100
849,09:30:35,$ 3598.31,116
850,09:30:35,$ 3597.66,100
851,09:30:35,$ 3598.03,100
852,09:30:35,$ 3598.03,230
853,09:30:35,$ 3597.21,100
854,09:30:35,$ 3595.69,"1,729"
855,09:30:35,$ 3593.93,294
856,09:30:35,$ 3595.00,"1,643"
857,09:30:35,$ 3593.95,105
858,09:30:35,$ 3594.95,105
859,09:30:35,$ 3593.40,100
860,09:30:34,$ 3594.51,100
862,09:30:33,$ 3594.06,100
863,09:30:33,$ 3593.91,100
864,09:30:33,$ 3593.00,100
865,09:30:33,$ 3593.00,200
866,09:30:33,$ 3593.01,100
867,09:30:33,$ 3591.50,100
868,09:30:33,$ 3591.55,100
869,09:30:33,$ 3591.56,100
870,09:30:32,$ 3590.00,181
871,09:30:32,$ 3589.00,100
872,09:30:29,$ 3587.37,100
873,09:30:26,$ 3588.6755,231
874,09:30:26,$ 3585.35,200
875,09:30:26,$ 3585.174,200
876,09:30:26,$ 3585.20,100
877,09:30:26,$ 3585.00,920
878,09:30:26,$ 3584.95,100
879,09:30:26,$ 3585.01,100
880,09:30:25,$ 3585.24,150
881,09:30:25,$ 3585.47,100
883,09:30:25,$ 3585.47,159
884,09:30:25,$ 3585.44,100
885,09:30:25,$ 3585.03,100
886,09:30:25,$ 3585.015,100
887,09:30:25,$ 3585.045,100
888,09:30:25,$ 3585.01,100
889,09:30:22,$ 3586.991,111
890,09:30:22,$ 3589.00,300
891,09:30:19,$ 3586.375,100
892,09:30:19,$ 3586.32,100
893,09:30:19,$ 3586.43,100
894,09:30:17,$ 3585.01,100
895,09:30:17,$ 3585.72,100
896,09:30:15,$ 3585.67,100
897,09:30:15,$ 3584.835,100
898,09:30:15,$ 3584.835,100
899,09:30:14,$ 3584.835,100
900,09:30:14,$ 3584.42,100
901,09:30:14,$ 3585.00,100
902,09:30:14,$ 3584.845,100
904,09:30:14,$ 3583.98,100
905,09:30:14,$ 3585.00,100
906,09:30:13,$ 3583.535,100
907,09:30:11,$ 3583.535,100
908,09:30:09,$ 3584.245,100
909,09:30:07,$ 3584.70,100
910,09:30:07,$ 3584.265,100
911,09:30:07,$ 3584.265,100
912,09:30:04,$ 3584.37,100
913,09:30:04,$ 3586.22,100
914,09:30:02,$ 3584.885,100
915,09:30:02,$ 3586.84,100
916,09:30:02,$ 3584.985,100
917,09:30:02,$ 3584.70,100
918,09:30:02,$ 3586.42,1
919,09:30:02,$ 3586.42,1
920,09:30:02,$ 3586.42,1
921,09:30:02,$ 3586.42,1
922,09:30:02,$ 3586.42,1
923,09:30:02,$ 3586.42,1
925,09:30:02,$ 3586.42,1
926,09:30:02,$ 3586.42,1
927,09:30:02,$ 3586.42,1
928,09:30:02,$ 3586.42,1
929,09:30:02,$ 3586.42,1
930,09:30:02,$ 3586.42,1
931,09:30:02,$ 3586.42,1
932,09:30:02,$ 3586.42,1
933,09:30:02,$ 3586.42,1
934,09:30:02,$ 3586.42,1
935,09:30:02,$ 3586.42,1
936,09:30:02,$ 3586.42,1
937,09:30:02,$ 3586.42,1
938,09:30:02,$ 3586.42,1
939,09:30:02,$ 3586.42,1
940,09:30:02,$ 3586.42,1
941,09:30:02,$ 3586.42,1
942,09:30:02,$ 3586.42,1
943,09:30:02,$ 3586.42,1
944,09:30:02,$ 3586.42,15
946,09:30:02,$ 3586.42,1
947,09:30:02,$ 3586.42,1
948,09:30:02,$ 3586.42,16
949,09:30:02,$ 3586.42,5
950,09:30:02,$ 3586.42,161
951,09:30:02,$ 3586.42,11
952,09:30:02,$ 3586.42,1
953,09:30:02,$ 3586.42,16
954,09:30:02,$ 3586.42,31
955,09:30:02,$ 3586.42,2
956,09:30:02,$ 3586.42,1
957,09:30:02,$ 3586.42,2
958,09:30:02,$ 3586.42,5
959,09:30:02,$ 3586.42,5
960,09:30:02,$ 3586.42,4
961,09:30:02,$ 3586.42,12
962,09:30:02,$ 3586.42,10
963,09:30:02,$ 3586.42,5
964,09:30:02,$ 3586.42,1
965,09:30:02,$ 3586.42,3
967,09:30:02,$ 3586.42,3
968,09:30:02,$ 3586.42,2
969,09:30:02,$ 3586.42,1
970,09:30:02,$ 3586.42,1
971,09:30:02,$ 3586.42,2
972,09:30:02,$ 3586.42,2
973,09:30:02,$ 3586.42,2
974,09:30:02,$ 3586.42,8
975,09:30:02,$ 3586.42,5
976,09:30:02,$ 3586.42,7
977,09:30:02,$ 3586.42,1
978,09:30:02,$ 3586.42,27
979,09:30:02,$ 3586.42,10
980,09:30:02,$ 3586.42,4
981,09:30:02,$ 3586.42,2
982,09:30:02,$ 3586.42,1
983,09:30:02,$ 3586.42,7
984,09:30:02,$ 3586.42,1
985,09:30:02,$ 3586.42,1
986,09:30:02,$ 3586.42,3
988,09:30:02,$ 3586.42,1
989,09:30:02,$ 3586.42,1
990,09:30:02,$ 3586.42,2
991,09:30:02,$ 3586.42,1
992,09:30:02,$ 3586.42,1
993,09:30:02,$ 3586.42,10
994,09:30:02,$ 3586.42,85
995,09:30:02,$ 3586.42,5
996,09:30:02,$ 3586.42,10
997,09:30:02,$ 3586.42,2
998,09:30:02,$ 3586.42,1
999,09:30:02,$ 3586.42,1
1000,09:30:02,$ 3586.42,15
1001,09:30:02,$ 3586.42,1
1002,09:30:02,$ 3586.42,10
1003,09:30:02,$ 3586.42,12
1004,09:30:02,$ 3586.42,1
1005,09:30:02,$ 3586.42,4
1006,09:30:02,$ 3586.42,1
1007,09:30:02,$ 3586.42,5
1009,09:30:02,$ 3586.42,200
1010,09:30:02,$ 3586.42,5
1011,09:30:02,$ 3586.42,5
1012,09:30:02,$ 3586.42,7
1013,09:30:02,$ 3586.42,5
1014,09:30:02,$ 3586.42,28
1015,09:30:02,$ 3586.42,5
1016,09:30:02,$ 3586.42,2
1017,09:30:02,$ 3586.42,3
1018,09:30:02,$ 3586.42,5
1019,09:30:02,$ 3586.42,4
1020,09:30:02,$ 3586.42,3
1021,09:30:02,$ 3586.42,3
1022,09:30:02,$ 3586.42,3
1023,09:30:02,$ 3586.42,2
1024,09:30:02,$ 3586.42,2
1025,09:30:02,$ 3586.42,1
1026,09:30:02,$ 3586.42,1
1027,09:30:02,$ 3586.42,10
1028,09:30:02,$ 3586.42,10
1030,09:30:02,$ 3586.42,1
1031,09:30:02,$ 3586.42,1
1032,09:30:02,$ 3586.42,1
1033,09:30:02,$ 3586.42,5
1034,09:30:02,$ 3586.42,2
1035,09:30:02,$ 3586.42,4
1036,09:30:02,$ 3586.42,2
1037,09:30:02,$ 3586.42,3
1038,09:30:02,$ 3586.42,10
1039,09:30:02,$ 3586.42,2
1040,09:30:02,$ 3586.42,3
1041,09:30:02,$ 3586.42,2
1042,09:30:02,$ 3586.42,3
1043,09:30:02,$ 3586.42,1
1044,09:30:02,$ 3586.42,2
1045,09:30:02,$ 3586.42,1
1046,09:30:02,$ 3586.42,1
1047,09:30:02,$ 3586.42,1
1048,09:30:02,$ 3586.42,2
1049,09:30:02,$ 3586.42,2
1051,09:30:02,$ 3586.42,2
1052,09:30:02,$ 3586.42,27
1053,09:30:02,$ 3586.42,1
1054,09:30:02,$ 3586.42,102
1055,09:30:02,$ 3586.42,4
1056,09:30:02,$ 3586.42,1
1057,09:30:02,$ 3586.42,1
1058,09:30:02,$ 3586.42,1
1059,09:30:02,$ 3586.42,1
1060,09:30:02,$ 3586.42,1
1061,09:30:02,$ 3586.42,1
1062,09:30:02,$ 3586.42,7
1063,09:30:02,$ 3586.42,1
1064,09:30:02,$ 3586.42,1
1065,09:30:02,$ 3586.42,4
1066,09:30:02,$ 3586.42,15
1067,09:30:02,$ 3586.42,1
1068,09:30:02,$ 3586.42,2
1069,09:30:02,$ 3586.42,1
1070,09:30:02,$ 3586.42,1
1072,09:30:02,$ 3586.42,1
1073,09:30:02,$ 3586.42,5
1074,09:30:02,$ 3586.42,1
1075,09:30:02,$ 3586.42,1
1076,09:30:02,$ 3586.42,1
1077,09:30:02,$ 3586.42,19
1078,09:30:02,$ 3586.42,10
1079,09:30:02,$ 3586.42,1
1080,09:30:02,$ 3586.42,10
1081,09:30:02,$ 3586.42,1
1082,09:30:02,$ 3586.42,10
1083,09:30:02,$ 3586.42,2
1084,09:30:02,$ 3586.42,1
1085,09:30:02,$ 3586.42,3
1086,09:30:02,$ 3586.42,1
1087,09:30:02,$ 3586.42,2
1088,09:30:02,$ 3586.42,1
1089,09:30:02,$ 3586.42,1
1090,09:30:02,$ 3586.42,3
1091,09:30:02,$ 3586.42,3
1093,09:30:02,$ 3586.42,16
1094,09:30:02,$ 3586.42,3
1095,09:30:02,$ 3586.42,3
1096,09:30:02,$ 3586.42,1
1097,09:30:02,$ 3586.42,10
1098,09:30:02,$ 3586.42,1
1099,09:30:02,$ 3586.42,1
1100,09:30:02,$ 3586.42,1
1101,09:30:02,$ 3586.42,10
1102,09:30:02,$ 3586.42,1
1103,09:30:02,$ 3586.42,2
1104,09:30:02,$ 3586.42,1
1105,09:30:02,$ 3586.42,3
1106,09:30:02,$ 3586.42,2
1107,09:30:02,$ 3586.42,8
1108,09:30:02,$ 3586.42,2
1109,09:30:02,$ 3586.42,1
1110,09:30:02,$ 3586.42,2
1111,09:30:02,$ 3586.42,2
1112,09:30:02,$ 3586.42,50
1114,09:30:02,$ 3586.42,150
1115,09:30:02,$ 3586.42,1
1116,09:30:02,$ 3586.42,2
1117,09:30:02,$ 3586.42,15
1118,09:30:02,$ 3586.42,16
1119,09:30:02,$ 3586.42,15
1120,09:30:02,$ 3586.42,10
1121,09:30:02,$ 3586.42,57
1122,09:30:02,$ 3586.42,3
1123,09:30:02,$ 3586.42,15
1124,09:30:02,$ 3586.42,6
1125,09:30:02,$ 3586.42,10
1126,09:30:02,$ 3586.42,4
1127,09:30:02,$ 3586.42,84
1128,09:30:02,$ 3586.42,2
1129,09:30:02,$ 3586.42,3
1130,09:30:02,$ 3586.42,30
1131,09:30:02,$ 3586.42,8
1132,09:30:02,$ 3586.42,3
1133,09:30:02,$ 3586.42,20
1135,09:30:02,$ 3586.42,7
1136,09:30:02,$ 3586.42,21
1137,09:30:02,$ 3586.42,1
1138,09:30:02,$ 3586.42,1
1139,09:30:02,$ 3586.42,1
1140,09:30:02,$ 3586.42,8
1141,09:30:02,$ 3586.42,1
1142,09:30:02,$ 3586.42,3
1143,09:30:02,$ 3586.42,4
1144,09:30:02,$ 3586.42,1
1145,09:30:02,$ 3586.42,1
1146,09:30:02,$ 3586.42,1
1147,09:30:02,$ 3586.42,1
1148,09:30:02,$ 3586.42,2
1149,09:30:02,$ 3586.42,5
1150,09:30:02,$ 3586.42,1
1151,09:30:02,$ 3586.42,15
1152,09:30:02,$ 3586.42,15
1153,09:30:02,$ 3586.42,10
1154,09:30:02,$ 3586.42,50
1156,09:30:02,$ 3586.42,1
1157,09:30:02,$ 3586.42,5
1158,09:30:02,$ 3586.42,1
1159,09:30:02,$ 3586.42,3
1160,09:30:02,$ 3586.42,2
1161,09:30:02,$ 3586.42,5
1162,09:30:02,$ 3586.42,3
1163,09:30:02,$ 3586.42,2
1164,09:30:02,$ 3586.42,1
1165,09:30:02,$ 3586.42,1
1166,09:30:02,$ 3586.42,11
1167,09:30:02,$ 3586.42,3
1168,09:30:02,$ 3586.42,3
1169,09:30:02,$ 3586.42,1
1170,09:30:02,$ 3586.42,3
1171,09:30:02,$ 3586.42,1
1172,09:30:02,$ 3586.42,2
1173,09:30:02,$ 3586.42,1
1174,09:30:02,$ 3586.42,1
1175,09:30:02,$ 3586.42,8
1177,09:30:02,$ 3586.42,5
1178,09:30:02,$ 3586.42,3
1179,09:30:02,$ 3586.42,50
1180,09:30:02,$ 3586.42,1
1181,09:30:02,$ 3586.42,3
1182,09:30:02,$ 3586.42,1
1183,09:30:02,$ 3586.42,1
1184,09:30:02,$ 3586.42,2
1185,09:30:02,$ 3586.42,10
1186,09:30:02,$ 3586.42,5
1187,09:30:02,$ 3586.42,1
1188,09:30:02,$ 3586.42,1
1189,09:30:02,$ 3586.42,3
1190,09:30:02,$ 3586.42,1
1191,09:30:02,$ 3586.42,2
1192,09:30:02,$ 3586.42,3
1193,09:30:02,$ 3586.42,1
1194,09:30:02,$ 3586.42,2
1195,09:30:02,$ 3586.42,2
1196,09:30:02,$ 3586.42,20
1198,09:30:02,$ 3586.42,2
1199,09:30:02,$ 3586.42,3
1200,09:30:02,$ 3586.42,7
1201,09:30:02,$ 3586.42,2
1202,09:30:02,$ 3586.42,9
1203,09:30:02,$ 3586.42,1
1204,09:30:02,$ 3586.42,2
1205,09:30:02,$ 3586.42,2
1206,09:30:02,$ 3586.42,107
1207,09:30:02,$ 3586.42,2
1208,09:30:02,$ 3586.42,17
1209,09:30:02,$ 3586.42,19
1210,09:30:02,$ 3586.42,15
1211,09:30:02,$ 3586.42,2
1212,09:30:02,$ 3586.42,1
1213,09:30:02,$ 3586.42,2
1214,09:30:02,$ 3586.42,1
1215,09:30:02,$ 3586.42,1
1216,09:30:02,$ 3586.42,20
1217,09:30:02,$ 3586.42,2
1219,09:30:02,$ 3586.42,2
1220,09:30:02,$ 3586.42,1
1221,09:30:02,$ 3586.42,4
1222,09:30:02,$ 3586.42,5
1223,09:30:02,$ 3586.42,96
1224,09:30:02,$ 3586.42,4
1225,09:30:02,$ 3586.42,2
1226,09:30:02,$ 3586.42,1
1227,09:30:02,$ 3586.42,2
1228,09:30:02,$ 3586.42,"1,000"
1229,09:30:02,$ 3586.42,9
1230,09:30:02,$ 3586.42,22
1231,09:30:02,$ 3586.42,22
1232,09:30:02,$ 3586.42,17
1233,09:30:02,$ 3586.42,25
1234,09:30:02,$ 3586.42,3
1235,09:30:02,$ 3586.42,8
1236,09:30:02,$ 3586.42,1
1237,09:30:02,$ 3586.42,4
1238,09:30:02,$ 3586.42,150
1240,09:30:02,$ 3586.42,321
1241,09:30:02,$ 3586.42,34
1242,09:30:02,$ 3586.42,1
1243,09:30:02,$ 3586.42,150
1244,09:30:02,$ 3586.42,18
1245,09:30:02,$ 3586.42,47
1246,09:30:02,$ 3586.42,1
1247,09:30:02,$ 3586.42,1
1248,09:30:02,$ 3586.42,1
1249,09:30:02,$ 3586.42,3
1250,09:30:02,$ 3586.42,1
1251,09:30:02,$ 3586.42,4
1252,09:30:02,$ 3586.42,1
1253,09:30:02,$ 3586.42,1
1254,09:30:02,$ 3586.42,100
1255,09:30:02,$ 3586.42,4
1256,09:30:02,$ 3586.42,183
1257,09:30:02,$ 3586.42,2
1258,09:30:02,$ 3586.42,208
1259,09:30:02,$ 3586.42,1
1261,09:30:02,$ 3586.42,5
1262,09:30:02,$ 3586.42,36
1263,09:30:02,$ 3586.42,6
1264,09:30:02,$ 3586.42,25
1265,09:30:02,$ 3586.42,15
1266,09:30:02,$ 3586.42,5
1267,09:30:02,$ 3586.42,3
1268,09:30:02,$ 3586.42,15
1269,09:30:02,$ 3586.42,1
1270,09:30:02,$ 3586.42,2
1271,09:30:02,$ 3586.42,5
1272,09:30:02,$ 3586.42,1
1273,09:30:02,$ 3586.42,75
1274,09:30:02,$ 3586.42,11
1275,09:30:02,$ 3586.42,207
1276,09:30:02,$ 3586.42,100
1277,09:30:02,$ 3586.42,6
1278,09:30:02,$ 3586.42,101
1279,09:30:02,$ 3586.42,2
1280,09:30:02,$ 3586.42,1
1282,09:30:02,$ 3586.42,111
1283,09:30:02,$ 3586.42,110
1284,09:30:02,$ 3586.42,5
1285,09:30:02,$ 3586.42,10
1286,09:30:02,$ 3586.42,2
1287,09:30:02,$ 3586.42,1
1288,09:30:02,$ 3586.42,10
1289,09:30:02,$ 3586.42,1
1290,09:30:02,$ 3586.42,1
1291,09:30:02,$ 3586.42,50
1292,09:30:02,$ 3586.42,23
1293,09:30:02,$ 3586.42,1
1294,09:30:02,$ 3586.42,1
1295,09:30:02,$ 3586.42,5
1296,09:30:02,$ 3586.42,1
1297,09:30:02,$ 3586.42,1
1298,09:30:02,$ 3586.42,2
1299,09:30:02,$ 3586.42,1
1300,09:30:02,$ 3586.42,2
1301,09:30:02,$ 3586.42,90
1303,09:30:02,$ 3586.42,103
1304,09:30:02,$ 3586.42,12
1305,09:30:02,$ 3586.42,3
1306,09:30:02,$ 3586.42,1
1307,09:30:02,$ 3586.42,1
1308,09:30:02,$ 3586.42,1
1309,09:30:02,$ 3586.42,35
1310,09:30:02,$ 3586.42,25
1311,09:30:02,$ 3586.42,2
1312,09:30:02,$ 3586.42,1
1313,09:30:02,$ 3586.42,15
1314,09:30:02,$ 3586.42,15
1315,09:30:02,$ 3586.42,6
1316,09:30:02,$ 3586.42,2
1317,09:30:02,$ 3586.42,10
1318,09:30:02,$ 3586.42,1
1319,09:30:02,$ 3586.42,1
1320,09:30:02,$ 3586.42,8
1321,09:30:02,$ 3586.42,80
1322,09:30:02,$ 3586.42,20
1324,09:30:02,$ 3586.42,4
1325,09:30:02,$ 3586.42,1
1326,09:30:02,$ 3586.42,1
1327,09:30:02,$ 3586.42,10
1328,09:30:02,$ 3586.42,10
1329,09:30:02,$ 3586.42,18
1330,09:30:02,$ 3586.42,1
1331,09:30:02,$ 3586.42,5
1332,09:30:02,$ 3586.42,2
1333,09:30:02,$ 3586.42,15
1334,09:30:02,$ 3586.42,3
1335,09:30:02,$ 3586.42,2
1336,09:30:02,$ 3586.42,20
1337,09:30:02,$ 3586.42,4
1338,09:30:02,$ 3586.42,14
1339,09:30:02,$ 3586.42,1
1340,09:30:02,$ 3586.42,15
1341,09:30:02,$ 3586.42,3
1342,09:30:02,$ 3586.42,3
1343,09:30:02,$ 3586.42,2
1345,09:30:02,$ 3586.42,5
1346,09:30:02,$ 3586.42,1
1347,09:30:02,$ 3586.42,1
1348,09:30:02,$ 3586.42,30
1349,09:30:02,$ 3586.42,232
1350,09:30:02,$ 3586.42,1
1351,09:30:02,$ 3586.42,3
1352,09:30:02,$ 3586.42,6
1353,09:30:02,$ 3586.42,15
1354,09:30:02,$ 3586.42,180
1355,09:30:02,$ 3586.42,5
1356,09:30:02,$ 3586.42,7
1357,09:30:02,$ 3586.42,1
1358,09:30:02,$ 3586.42,1
1359,09:30:02,$ 3586.42,5
1360,09:30:02,$ 3586.42,1
1361,09:30:02,$ 3586.42,1
1362,09:30:02,$ 3586.42,8
1363,09:30:02,$ 3586.42,1
1364,09:30:02,$ 3586.42,5
1366,09:30:02,$ 3586.42,2
1367,09:30:02,$ 3586.42,2
1368,09:30:02,$ 3586.42,6
1369,09:30:02,$ 3586.42,5
1370,09:30:02,$ 3586.42,55
1371,09:30:02,$ 3586.42,5
1372,09:30:02,$ 3586.42,8
1373,09:30:02,$ 3586.42,19
1374,09:30:02,$ 3586.42,1
1375,09:30:02,$ 3586.42,1
1376,09:30:02,$ 3586.42,85
1377,09:30:02,$ 3586.42,1
1378,09:30:02,$ 3586.42,6
1379,09:30:02,$ 3586.42,1
1380,09:30:02,$ 3586.42,36
1381,09:30:02,$ 3586.42,1
1382,09:30:02,$ 3586.42,7
1383,09:30:02,$ 3586.42,7
1384,09:30:02,$ 3586.42,1
1385,09:30:02,$ 3586.42,7
1387,09:30:02,$ 3586.42,1
1388,09:30:02,$ 3586.42,5
1389,09:30:02,$ 3586.42,1
1390,09:30:02,$ 3586.42,4
1391,09:30:02,$ 3586.42,5
1392,09:30:02,$ 3586.42,10
1393,09:30:02,$ 3586.42,2
1394,09:30:02,$ 3586.42,1
1395,09:30:02,$ 3586.42,3
1396,09:30:02,$ 3586.42,3
1397,09:30:02,$ 3586.42,8
1398,09:30:02,$ 3586.42,8
1399,09:30:02,$ 3586.42,11
1400,09:30:02,$ 3586.42,15
1401,09:30:02,$ 3586.42,17
1402,09:30:02,$ 3586.42,17
1403,09:30:02,$ 3586.42,2
1404,09:30:02,$ 3586.42,1
1405,09:30:02,$ 3586.42,2
1406,09:30:02,$ 3586.42,1
1408,09:30:02,$ 3586.42,6
1409,09:30:02,$ 3586.42,1
1410,09:30:02,$ 3586.42,1
1411,09:30:02,$ 3586.42,1
1412,09:30:02,$ 3586.42,2
1413,09:30:02,$ 3586.42,1
1414,09:30:02,$ 3586.42,4
1415,09:30:02,$ 3586.42,1
1416,09:30:02,$ 3586.42,1
1417,09:30:02,$ 3586.42,10
1418,09:30:02,$ 3586.42,5
1419,09:30:02,$ 3586.42,1
1420,09:30:02,$ 3586.42,1
1421,09:30:02,$ 3586.42,2
1422,09:30:02,$ 3586.42,2
1423,09:30:02,$ 3586.42,1
1424,09:30:02,$ 3586.42,1
1425,09:30:02,$ 3586.42,28
1426,09:30:02,$ 3586.42,19
1427,09:30:02,$ 3586.42,10
1429,09:30:02,$ 3586.42,2
1430,09:30:02,$ 3586.42,1
1431,09:30:02,$ 3586.42,6
1432,09:30:02,$ 3586.42,1
1433,09:30:02,$ 3586.42,6
1434,09:30:02,$ 3586.42,5
1435,09:30:02,$ 3586.42,1
1436,09:30:02,$ 3586.42,4
1437,09:30:02,$ 3586.42,5
1438,09:30:02,$ 3586.42,2
1439,09:30:02,$ 3586.42,5
1440,09:30:02,$ 3586.42,15
1441,09:30:02,$ 3586.42,10
1442,09:30:02,$ 3586.42,5
1443,09:30:02,$ 3586.42,3
1444,09:30:02,$ 3586.42,5
1445,09:30:02,$ 3586.42,4
1446,09:30:02,$ 3586.42,1
1447,09:30:02,$ 3586.42,6
1448,09:30:02,$ 3586.42,2
1450,09:30:02,$ 3586.42,4
1451,09:30:02,$ 3586.42,2
1452,09:30:02,$ 3586.42,5
1453,09:30:02,$ 3586.42,1
1454,09:30:02,$ 3586.42,10
1455,09:30:02,$ 3586.42,1
1456,09:30:02,$ 3586.42,3
1457,09:30:02,$ 3586.42,13
1458,09:30:02,$ 3586.42,1
1459,09:30:02,$ 3586.42,3
1460,09:30:02,$ 3586.42,2
1461,09:30:02,$ 3586.42,4
1462,09:30:02,$ 3586.42,1
1463,09:30:02,$ 3586.42,29
1464,09:30:02,$ 3586.42,82
1465,09:30:02,$ 3586.42,1
1466,09:30:02,$ 3586.42,7
1467,09:30:02,$ 3586.42,3
1468,09:30:02,$ 3586.42,4
1469,09:30:02,$ 3586.42,10
1471,09:30:02,$ 3586.42,25
1472,09:30:02,$ 3586.42,3
1473,09:30:02,$ 3586.42,1
1474,09:30:02,$ 3586.42,20
1475,09:30:02,$ 3586.42,3
1476,09:30:02,$ 3586.42,1
1477,09:30:02,$ 3586.42,3
1478,09:30:02,$ 3586.42,1
1479,09:30:02,$ 3586.42,1
1480,09:30:02,$ 3586.42,6
1481,09:30:02,$ 3586.42,2
1482,09:30:02,$ 3586.42,10
1483,09:30:02,$ 3586.42,4
1484,09:30:02,$ 3586.42,15
1485,09:30:02,$ 3586.42,11
1486,09:30:02,$ 3586.42,1
1487,09:30:02,$ 3586.42,1
1488,09:30:02,$ 3586.42,9
1489,09:30:02,$ 3586.42,1
1490,09:30:02,$ 3586.42,2
1492,09:30:02,$ 3586.42,1
1493,09:30:02,$ 3586.42,2
1494,09:30:02,$ 3586.42,7
1495,09:30:02,$ 3586.42,1
1496,09:30:02,$ 3586.42,1
1497,09:30:02,$ 3586.42,2
1498,09:30:02,$ 3586.42,98
1499,09:30:02,$ 3586.42,4
1500,09:30:02,$ 3586.42,1
1501,09:30:02,$ 3586.42,16
1502,09:30:02,$ 3586.42,2
1503,09:30:02,$ 3586.42,30
1504,09:30:02,$ 3586.42,1
1505,09:30:02,$ 3586.42,28
1506,09:30:02,$ 3586.42,12
1507,09:30:02,$ 3586.42,15
1508,09:30:02,$ 3586.42,5
1509,09:30:02,$ 3586.42,3
1510,09:30:02,$ 3586.42,9
1511,09:30:02,$ 3586.42,250
1513,09:30:02,$ 3586.42,10
1514,09:30:02,$ 3586.42,4
1515,09:30:02,$ 3586.42,1
1516,09:30:02,$ 3586.42,1
1517,09:30:02,$ 3586.42,1
1518,09:30:02,$ 3586.42,2
1519,09:30:02,$ 3586.42,3
1520,09:30:02,$ 3586.42,2
1521,09:30:02,$ 3586.42,25
1522,09:30:02,$ 3586.42,20
1523,09:30:02,$ 3586.42,1
1524,09:30:02,$ 3586.42,1
1525,09:30:02,$ 3586.42,5
1526,09:30:02,$ 3586.42,3
1527,09:30:02,$ 3586.42,1
1528,09:30:02,$ 3586.42,1
1529,09:30:02,$ 3586.42,1
1530,09:30:02,$ 3586.42,1
1531,09:30:02,$ 3586.42,3
1532,09:30:02,$ 3586.42,2
1534,09:30:02,$ 3586.42,5
1535,09:30:02,$ 3586.42,1
1536,09:30:02,$ 3586.42,1
1537,09:30:02,$ 3586.42,1
1538,09:30:02,$ 3586.42,1
1539,09:30:02,$ 3586.42,10
1540,09:30:02,$ 3586.42,5
1541,09:30:02,$ 3586.42,1
1542,09:30:02,$ 3586.42,1
1543,09:30:02,$ 3586.42,1
1544,09:30:02,$ 3586.42,1
1545,09:30:02,$ 3586.42,1
1546,09:30:02,$ 3586.42,1
1547,09:30:02,$ 3586.42,3
1548,09:30:02,$ 3586.42,1
1549,09:30:02,$ 3586.42,3
1550,09:30:02,$ 3586.42,3
1551,09:30:02,$ 3586.42,1
1552,09:30:02,$ 3586.42,5
1553,09:30:02,$ 3586.42,1
1555,09:30:02,$ 3586.42,1
1556,09:30:02,$ 3586.42,5
1557,09:30:02,$ 3586.42,1
1558,09:30:02,$ 3586.42,1
1559,09:30:02,$ 3586.42,10
1560,09:30:02,$ 3586.42,1
1561,09:30:02,$ 3586.42,9
1562,09:30:02,$ 3586.42,2
1563,09:30:02,$ 3586.42,2
1564,09:30:02,$ 3586.42,1
1565,09:30:02,$ 3586.42,1
1566,09:30:02,$ 3586.42,20
1567,09:30:02,$ 3586.42,2
1568,09:30:02,$ 3586.42,1
1569,09:30:02,$ 3586.42,1
1570,09:30:02,$ 3586.42,1
1571,09:30:02,$ 3586.42,1
1572,09:30:02,$ 3586.42,1
1573,09:30:02,$ 3586.42,1
1574,09:30:02,$ 3586.42,1
1576,09:30:02,$ 3586.42,2
1577,09:30:02,$ 3586.42,1
1578,09:30:02,$ 3586.42,26
1579,09:30:02,$ 3586.42,1
1580,09:30:02,$ 3586.42,5
1581,09:30:02,$ 3586.42,6
1582,09:30:02,$ 3586.42,17
1583,09:30:02,$ 3586.42,1
1584,09:30:02,$ 3586.42,1
1585,09:30:02,$ 3586.42,1
1586,09:30:02,$ 3586.42,15
1587,09:30:02,$ 3586.42,4
1588,09:30:02,$ 3586.42,1
1589,09:30:02,$ 3586.42,1
1590,09:30:02,$ 3586.42,1
1591,09:30:02,$ 3586.42,1
1592,09:30:02,$ 3586.42,35
1593,09:30:02,$ 3586.42,2
1594,09:30:02,$ 3586.42,3
1595,09:30:02,$ 3586.42,6
1597,09:30:02,$ 3586.42,3
1598,09:30:02,$ 3586.42,7
1599,09:30:02,$ 3586.42,"2,000"
1600,09:30:02,$ 3586.42,1
1601,09:30:02,$ 3586.42,1
1602,09:30:02,$ 3586.42,1
1603,09:30:02,$ 3586.42,2
1604,09:30:02,$ 3586.42,1
1605,09:30:02,$ 3586.42,1
1606,09:30:02,$ 3586.42,1
1607,09:30:02,$ 3586.42,1
1608,09:30:02,$ 3586.42,11
1609,09:30:02,$ 3586.42,15
1610,09:30:02,$ 3586.42,2
1611,09:30:02,$ 3586.42,10
1612,09:30:02,$ 3586.42,5
1613,09:30:02,$ 3586.42,10
1614,09:30:02,$ 3586.42,1
1615,09:30:02,$ 3586.42,1
1616,09:30:02,$ 3586.42,5
1618,09:30:02,$ 3586.42,3
1619,09:30:02,$ 3586.42,1
1620,09:30:02,$ 3586.42,5
1621,09:30:02,$ 3586.42,1
1622,09:30:02,$ 3586.42,8
1623,09:30:02,$ 3586.42,20
1624,09:30:02,$ 3586.42,1
1625,09:30:02,$ 3586.42,8
1626,09:30:02,$ 3586.42,5
1627,09:30:02,$ 3586.42,10
1628,09:30:02,$ 3586.42,1
1629,09:30:02,$ 3586.42,2
1630,09:30:02,$ 3586.42,1
1631,09:30:02,$ 3586.42,4
1632,09:30:02,$ 3586.42,8
1633,09:30:02,$ 3586.42,1
1634,09:30:02,$ 3586.42,1
1635,09:30:02,$ 3586.42,2
1636,09:30:02,$ 3586.42,6
1637,09:30:02,$ 3586.42,3
1639,09:30:02,$ 3586.42,1
1640,09:30:02,$ 3586.42,2
1641,09:30:02,$ 3586.42,1
1642,09:30:02,$ 3586.42,1
1643,09:30:02,$ 3586.42,1
1644,09:30:02,$ 3586.42,3
1645,09:30:02,$ 3586.42,7
1646,09:30:02,$ 3586.42,1
1647,09:30:02,$ 3586.42,3
1648,09:30:02,$ 3586.42,1
1649,09:30:02,$ 3586.42,1
1650,09:30:02,$ 3586.42,1
1651,09:30:02,$ 3586.42,2
1652,09:30:02,$ 3586.42,1
1653,09:30:02,$ 3586.42,3
1654,09:30:02,$ 3586.42,2
1655,09:30:02,$ 3586.42,1
1656,09:30:02,$ 3586.42,3
1657,09:30:02,$ 3586.42,5
1658,09:30:02,$ 3586.42,1
1660,09:30:02,$ 3586.42,3
1661,09:30:02,$ 3586.42,4
1662,09:30:02,$ 3586.42,1
1663,09:30:02,$ 3586.42,2
1664,09:30:02,$ 3586.42,1
1665,09:30:02,$ 3586.42,1
1666,09:30:02,$ 3586.42,1
1667,09:30:02,$ 3586.42,1
1668,09:30:02,$ 3586.42,1
1669,09:30:02,$ 3586.42,2
1670,09:30:02,$ 3586.42,3
1671,09:30:02,$ 3586.42,21
1672,09:30:02,$ 3586.42,2
1673,09:30:02,$ 3586.42,3
1674,09:30:02,$ 3586.42,6
1675,09:30:02,$ 3586.42,25
1676,09:30:02,$ 3586.42,1
1677,09:30:02,$ 3586.42,1
1678,09:30:02,$ 3586.42,2
1679,09:30:02,$ 3586.42,1
1681,09:30:02,$ 3586.42,1
1682,09:30:02,$ 3586.42,15
1683,09:30:02,$ 3586.42,2
1684,09:30:02,$ 3586.42,3
1685,09:30:02,$ 3586.42,1
1686,09:30:02,$ 3586.42,5
1687,09:30:02,$ 3586.42,1
1688,09:30:02,$ 3586.42,5
1689,09:30:02,$ 3586.42,4
1690,09:30:02,$ 3586.42,10
1691,09:30:02,$ 3586.42,1
1692,09:30:02,$ 3586.42,1
1693,09:30:02,$ 3586.42,1
1694,09:30:02,$ 3586.42,1
1695,09:30:02,$ 3586.42,5
1696,09:30:02,$ 3586.42,1
1697,09:30:02,$ 3586.42,60
1698,09:30:02,$ 3586.42,1
1699,09:30:02,$ 3586.42,1
1700,09:30:02,$ 3586.42,1
1702,09:30:02,$ 3586.42,2
1703,09:30:02,$ 3586.42,9
1704,09:30:02,$ 3586.42,2
1705,09:30:02,$ 3586.42,11
1706,09:30:02,$ 3586.42,5
1707,09:30:02,$ 3586.42,2
1708,09:30:02,$ 3586.42,1
1709,09:30:02,$ 3586.42,1
1710,09:30:02,$ 3586.42,10
1711,09:30:02,$ 3586.42,1
1712,09:30:02,$ 3586.42,13
1713,09:30:02,$ 3586.42,5
1714,09:30:02,$ 3586.42,1
1715,09:30:02,$ 3586.42,33
1716,09:30:02,$ 3586.42,13
1717,09:30:02,$ 3586.42,2
1718,09:30:02,$ 3586.42,7
1719,09:30:02,$ 3586.42,2
1720,09:30:02,$ 3586.42,2
1721,09:30:02,$ 3586.42,11
1723,09:30:02,$ 3586.42,1
1724,09:30:02,$ 3586.42,1
1725,09:30:02,$ 3586.42,2
1726,09:30:02,$ 3586.42,20
1727,09:30:02,$ 3586.42,3
1728,09:30:02,$ 3586.42,1
1729,09:30:02,$ 3586.42,7
1730,09:30:02,$ 3586.42,6
1731,09:30:02,$ 3586.42,5
1732,09:30:02,$ 3586.42,5
1733,09:30:02,$ 3586.42,5
1734,09:30:02,$ 3586.42,3
1735,09:30:02,$ 3586.42,2
1736,09:30:02,$ 3586.42,1
1737,09:30:02,$ 3586.42,4
1738,09:30:02,$ 3586.42,1
1739,09:30:02,$ 3586.42,3
1740,09:30:02,$ 3586.42,2
1741,09:30:02,$ 3586.42,1
1742,09:30:02,$ 3586.42,2
1744,09:30:02,$ 3586.42,4
1745,09:30:02,$ 3586.42,1
1746,09:30:02,$ 3586.42,2
1747,09:30:02,$ 3586.42,7
1748,09:30:02,$ 3586.42,3
1749,09:30:02,$ 3586.42,20
1750,09:30:02,$ 3586.42,2
1751,09:30:02,$ 3586.42,3
1752,09:30:02,$ 3586.42,2
1753,09:30:02,$ 3586.42,2
1754,09:30:02,$ 3586.42,5
1755,09:30:02,$ 3586.42,3
1756,09:30:02,$ 3586.42,1
1757,09:30:02,$ 3586.42,2
1758,09:30:02,$ 3586.42,5
1759,09:30:02,$ 3586.42,1
1760,09:30:02,$ 3586.42,9
1761,09:30:02,$ 3586.42,1
1762,09:30:02,$ 3586.42,1
1763,09:30:02,$ 3586.42,100
1765,09:30:02,$ 3586.42,55
1766,09:30:02,$ 3586.42,1
1767,09:30:02,$ 3586.42,1
1768,09:30:02,$ 3586.42,10
1769,09:30:02,$ 3586.42,2
1770,09:30:02,$ 3586.42,1
1771,09:30:02,$ 3586.42,1
1772,09:30:02,$ 3586.42,5
1773,09:30:02,$ 3586.42,5
1774,09:30:02,$ 3586.42,5
1775,09:30:02,$ 3586.42,2
1776,09:30:02,$ 3586.42,1
1777,09:30:02,$ 3586.42,5
1778,09:30:02,$ 3586.42,4
1779,09:30:02,$ 3586.42,120
1780,09:30:02,$ 3586.42,182
1781,09:30:02,$ 3586.42,84
1782,09:30:02,$ 3586.42,2
1783,09:30:02,$ 3586.42,5
1784,09:30:02,$ 3586.42,13
1786,09:30:02,$ 3586.42,2
1787,09:30:02,$ 3586.42,2
1788,09:30:02,$ 3586.42,1
1789,09:30:02,$ 3586.42,3
1790,09:30:02,$ 3586.42,2
1791,09:30:02,$ 3586.42,15
1792,09:30:02,$ 3586.42,70
1793,09:30:02,$ 3586.42,5
1794,09:30:02,$ 3586.42,3
1795,09:30:02,$ 3586.42,2
1796,09:30:02,$ 3586.42,3
1797,09:30:02,$ 3586.42,2
1798,09:30:02,$ 3586.42,2
1799,09:30:02,$ 3586.42,2
1800,09:30:02,$ 3586.42,7
1801,09:30:02,$ 3586.42,2
1802,09:30:02,$ 3586.42,2
1803,09:30:02,$ 3586.42,20
1804,09:30:02,$ 3586.42,5
1805,09:30:02,$ 3586.42,2
1807,09:30:02,$ 3586.42,2
1808,09:30:02,$ 3586.42,1
1809,09:30:02,$ 3586.42,3
1810,09:30:02,$ 3586.42,4
1811,09:30:02,$ 3586.42,4
1812,09:30:02,$ 3586.42,3
1813,09:30:02,$ 3586.42,12
1814,09:30:02,$ 3586.42,3
1815,09:30:02,$ 3586.42,2
1816,09:30:02,$ 3586.42,4
1817,09:30:02,$ 3586.42,3
1818,09:30:02,$ 3586.42,89
1819,09:30:02,$ 3586.42,4
1820,09:30:02,$ 3586.42,1
1821,09:30:02,$ 3586.42,1
1822,09:30:02,$ 3586.42,135
1823,09:30:02,$ 3586.42,98
1824,09:30:02,$ 3586.42,1
1825,09:30:02,$ 3586.42,2
1826,09:30:02,$ 3586.42,2
1828,09:30:02,$ 3586.42,7
1829,09:30:02,$ 3586.42,19
1830,09:30:02,$ 3586.42,1
1831,09:30:02,$ 3586.42,1
1832,09:30:02,$ 3586.42,103
1833,09:30:02,$ 3586.42,1
1834,09:30:02,$ 3586.42,59
1835,09:30:02,$ 3586.42,1
1836,09:30:02,$ 3586.42,1
1837,09:30:02,$ 3586.42,12
1838,09:30:02,$ 3586.42,5
1839,09:30:02,$ 3586.42,1
1840,09:30:02,$ 3586.42,4
1841,09:30:02,$ 3586.42,1
1842,09:30:02,$ 3586.42,20
1843,09:30:02,$ 3586.42,1
1844,09:30:02,$ 3586.42,1
1845,09:30:02,$ 3586.42,1
1846,09:30:02,$ 3586.42,10
1847,09:30:02,$ 3586.42,1
1849,09:30:02,$ 3586.42,1
1850,09:30:02,$ 3586.42,1
1851,09:30:02,$ 3586.42,200
1852,09:30:02,$ 3586.42,33
1853,09:30:02,$ 3586.42,1
1854,09:30:02,$ 3586.42,1
1855,09:30:02,$ 3586.42,1
1856,09:30:02,$ 3586.42,2
1857,09:30:02,$ 3586.42,1
1858,09:30:02,$ 3586.42,1
1859,09:30:02,$ 3586.42,7
1860,09:30:02,$ 3586.42,10
1861,09:30:02,$ 3586.42,1
1862,09:30:02,$ 3586.42,5
1863,09:30:02,$ 3586.42,2
1864,09:30:02,$ 3586.42,3
1865,09:30:02,$ 3586.42,10
1866,09:30:02,$ 3586.42,1
1867,09:30:02,$ 3586.42,3
1868,09:30:02,$ 3586.42,1
1870,09:30:02,$ 3586.42,1
1871,09:30:02,$ 3586.42,5
1872,09:30:02,$ 3586.42,2
1873,09:30:02,$ 3586.42,28
1874,09:30:02,$ 3586.42,30
1875,09:30:02,$ 3586.42,3
1876,09:30:02,$ 3586.42,2
1877,09:30:02,$ 3586.42,75
1878,09:30:02,$ 3586.42,1
1879,09:30:02,$ 3586.42,2
1880,09:30:02,$ 3586.42,1
1881,09:30:02,$ 3586.42,3
1882,09:30:02,$ 3586.42,2
1883,09:30:02,$ 3586.42,1
1884,09:30:02,$ 3586.42,1
1885,09:30:02,$ 3586.42,5
1886,09:30:02,$ 3586.42,6
1887,09:30:02,$ 3586.42,6
1888,09:30:02,$ 3586.42,1
1889,09:30:02,$ 3586.42,10
1891,09:30:02,$ 3586.42,1
1892,09:30:02,$ 3586.42,3
1893,09:30:02,$ 3586.42,3
1894,09:30:02,$ 3586.42,1
1895,09:30:02,$ 3586.42,10
1896,09:30:02,$ 3586.42,2
1897,09:30:02,$ 3586.42,3
1898,09:30:02,$ 3586.42,1
1899,09:30:02,$ 3586.42,1
1900,09:30:02,$ 3586.42,1
1901,09:30:02,$ 3586.42,1
1902,09:30:02,$ 3586.42,1
1903,09:30:02,$ 3586.42,1
1904,09:30:02,$ 3586.42,2
1905,09:30:02,$ 3586.42,2
1906,09:30:02,$ 3586.42,1
1907,09:30:02,$ 3586.42,1
1908,09:30:02,$ 3586.42,1
1909,09:30:02,$ 3586.42,1
1910,09:30:02,$ 3586.42,1
1912,09:30:02,$ 3586.42,1
1913,09:30:02,$ 3586.42,1
1914,09:30:02,$ 3586.42,1
1915,09:30:02,$ 3586.42,1
1916,09:30:02,$ 3586.42,1
1917,09:30:02,$ 3586.42,1
1918,09:30:02,$ 3586.42,1
1919,09:30:02,$ 3586.42,1
1920,09:30:02,$ 3586.42,1
1921,09:30:02,$ 3586.42,1
1922,09:30:02,$ 3586.42,12
1923,09:30:02,$ 3586.42,1
1924,09:30:02,$ 3586.42,1
1925,09:30:02,$ 3586.42,1
1926,09:30:02,$ 3586.42,1
1927,09:30:02,$ 3586.42,1
1928,09:30:02,$ 3586.42,1
1929,09:30:02,$ 3586.42,1
1930,09:30:02,$ 3586.42,1
1931,09:30:02,$ 3586.42,1
1933,09:30:02,$ 3586.42,1
1934,09:30:02,$ 3586.42,1
1935,09:30:02,$ 3586.42,1
1936,09:30:02,$ 3586.42,1
1937,09:30:02,$ 3586.42,1
1938,09:30:02,$ 3586.42,1
1939,09:30:02,$ 3586.42,1
1940,09:30:02,$ 3586.42,1
1941,09:30:02,$ 3586.42,1
1942,09:30:02,$ 3586.42,1
1943,09:30:02,$ 3586.42,1
1944,09:30:02,$ 3586.42,1
1945,09:30:02,$ 3586.42,1
1946,09:30:02,$ 3586.42,1
1947,09:30:02,$ 3586.42,1
1948,09:30:02,$ 3586.42,1
1949,09:30:02,$ 3586.42,1
1950,09:30:02,$ 3586.42,1
1951,09:30:02,$ 3586.42,1
1952,09:30:02,$ 3586.42,1
1954,09:30:02,$ 3586.42,1
1955,09:30:02,$ 3586.42,1
1956,09:30:02,$ 3586.42,1
1957,09:30:02,$ 3586.42,1
1958,09:30:02,$ 3586.42,1
1959,09:30:02,$ 3586.42,1
1960,09:30:02,$ 3586.42,5
1961,09:30:02,$ 3586.42,1
1962,09:30:02,$ 3586.42,3
1963,09:30:02,$ 3586.42,1
1964,09:30:02,$ 3586.42,1
1965,09:30:02,$ 3586.42,1
1966,09:30:02,$ 3586.42,1
1967,09:30:02,$ 3586.42,1
1968,09:30:02,$ 3586.42,1
1969,09:30:02,$ 3586.42,2
1970,09:30:02,$ 3586.42,3
1971,09:30:02,$ 3586.42,1
1972,09:30:02,$ 3586.42,4
1973,09:30:02,$ 3586.42,8
1975,09:30:02,$ 3586.42,25
1976,09:30:02,$ 3586.42,1
1977,09:30:02,$ 3586.42,10
1978,09:30:02,$ 3586.42,3
1979,09:30:02,$ 3586.42,3
1980,09:30:02,$ 3586.42,2
1981,09:30:02,$ 3586.42,3
1982,09:30:02,$ 3586.42,5
1983,09:30:02,$ 3586.42,1
1984,09:30:02,$ 3586.42,1
1985,09:30:02,$ 3586.42,1
1986,09:30:02,$ 3586.42,1
1987,09:30:02,$ 3586.42,1
1988,09:30:02,$ 3586.42,3
1989,09:30:02,$ 3586.42,9
1990,09:30:02,$ 3586.42,2
1991,09:30:02,$ 3586.42,10
1992,09:30:02,$ 3586.42,15
1993,09:30:02,$ 3586.42,3
1994,09:30:02,$ 3586.42,2
1996,09:30:02,$ 3586.42,10
1997,09:30:02,$ 3586.42,3
1998,09:30:02,$ 3586.42,2
1999,09:30:02,$ 3586.42,2
2000,09:30:02,$ 3586.42,2
2001,09:30:02,$ 3586.42,3
2002,09:30:02,$ 3586.42,2
2003,09:30:02,$ 3586.42,1
2004,09:30:02,$ 3586.42,2
2005,09:30:02,$ 3586.42,1
2006,09:30:02,$ 3586.42,2
2007,09:30:02,$ 3586.42,1
2008,09:30:02,$ 3586.42,2
2009,09:30:02,$ 3586.42,1
2010,09:30:02,$ 3586.42,1
2011,09:30:02,$ 3586.42,5
2012,09:30:02,$ 3586.42,10
2013,09:30:02,$ 3586.42,3
2014,09:30:02,$ 3586.42,4
2015,09:30:02,$ 3586.42,10
2017,09:30:02,$ 3586.42,5
2018,09:30:02,$ 3586.42,1
2019,09:30:02,$ 3586.42,10
2020,09:30:02,$ 3586.42,5
2021,09:30:02,$ 3586.42,1
2022,09:30:02,$ 3586.42,28
2023,09:30:02,$ 3586.42,6
2024,09:30:02,$ 3586.42,3
2025,09:30:02,$ 3586.42,2
2026,09:30:02,$ 3586.42,4
2027,09:30:02,$ 3586.42,4
2028,09:30:02,$ 3586.42,1
2029,09:30:02,$ 3586.42,1
2030,09:30:02,$ 3586.42,20
2031,09:30:02,$ 3586.42,2
2032,09:30:02,$ 3586.42,4
2033,09:30:02,$ 3586.42,1
2034,09:30:02,$ 3586.42,1
2035,09:30:02,$ 3586.42,2
2036,09:30:02,$ 3586.42,3
2038,09:30:02,$ 3586.42,6
2039,09:30:02,$ 3586.42,6
2040,09:30:02,$ 3586.42,14
2041,09:30:02,$ 3586.42,2
2042,09:30:02,$ 3586.42,7
2043,09:30:02,$ 3586.42,1
2044,09:30:02,$ 3586.42,1
2045,09:30:02,$ 3586.42,1
2046,09:30:02,$ 3586.42,10
2047,09:30:02,$ 3586.42,5
2048,09:30:02,$ 3586.42,1
2049,09:30:02,$ 3586.42,1
2050,09:30:02,$ 3586.42,1
2051,09:30:02,$ 3586.42,1
2052,09:30:02,$ 3586.42,1
2053,09:30:02,$ 3586.42,1
2054,09:30:02,$ 3586.42,1
2055,09:30:02,$ 3586.42,1
2056,09:30:02,$ 3586.42,1
2057,09:30:02,$ 3586.42,1
2059,09:30:02,$ 3586.42,1
2060,09:30:02,$ 3586.42,1
2061,09:30:02,$ 3586.42,1
2062,09:30:02,$ 3586.42,1
2063,09:30:02,$ 3586.42,1
2064,09:30:02,$ 3586.42,1
2065,09:30:02,$ 3586.42,1
2066,09:30:02,$ 3586.42,1
2067,09:30:02,$ 3586.42,1
2068,09:30:02,$ 3586.42,1
2069,09:30:02,$ 3586.42,1
2070,09:30:02,$ 3586.42,1
2071,09:30:02,$ 3586.42,1
2072,09:30:02,$ 3586.42,1
2073,09:30:02,$ 3586.42,1
2074,09:30:02,$ 3586.42,1
2075,09:30:02,$ 3586.42,1
2076,09:30:02,$ 3586.42,1
2077,09:30:02,$ 3586.42,1
2078,09:30:02,$ 3586.42,1
2080,09:30:02,$ 3586.42,1
2081,09:30:02,$ 3586.42,1
2082,09:30:02,$ 3586.42,1
2083,09:30:02,$ 3586.42,1
2084,09:30:02,$ 3586.42,1
2085,09:30:02,$ 3586.42,1
2086,09:30:02,$ 3586.42,1
2087,09:30:02,$ 3586.42,1
2088,09:30:02,$ 3586.42,1
2089,09:30:02,$ 3586.42,1
2090,09:30:02,$ 3586.42,1
2091,09:30:02,$ 3586.42,1
2092,09:30:02,$ 3586.42,1
2093,09:30:02,$ 3586.42,1
2094,09:30:02,$ 3586.42,1
2095,09:30:02,$ 3586.42,1
2096,09:30:02,$ 3586.42,1
2097,09:30:02,$ 3586.42,1
2098,09:30:02,$ 3586.42,1
2099,09:30:02,$ 3586.42,1
2101,09:30:02,$ 3586.42,1
2102,09:30:02,$ 3586.42,300
2103,09:30:02,$ 3586.42,500
2104,09:30:02,$ 3586.42,500
2105,09:30:02,$ 3586.42,84
2106,09:30:02,$ 3586.42,13
2107,09:30:02,$ 3586.42,5
2108,09:30:02,$ 3586.42,62
2109,09:30:02,$ 3586.42,1
2110,09:30:02,$ 3586.42,4
2111,09:30:02,$ 3586.42,6
2112,09:30:02,$ 3586.42,1
2113,09:30:02,$ 3586.42,4
2114,09:30:02,$ 3586.42,3
2115,09:30:02,$ 3586.42,1
2116,09:30:02,$ 3586.42,2
2117,09:30:02,$ 3586.42,1
2118,09:30:02,$ 3586.42,17
2119,09:30:02,$ 3586.42,5
2120,09:30:02,$ 3586.42,16
2122,09:30:02,$ 3586.42,1
2123,09:30:02,$ 3586.42,166
2124,09:30:02,$ 3586.42,6
2125,09:30:02,$ 3586.42,181
2126,09:30:02,$ 3586.42,100
2127,09:30:02,$ 3586.42,30
2128,09:30:02,$ 3586.42,2
2129,09:30:02,$ 3586.42,5
2130,09:30:02,$ 3586.42,3
2131,09:30:02,$ 3586.42,8
2132,09:30:02,$ 3586.42,15
2133,09:30:02,$ 3586.42,2
2134,09:30:02,$ 3586.42,1
2135,09:30:02,$ 3586.42,1
2136,09:30:02,$ 3586.42,1
2137,09:30:02,$ 3586.42,1
2138,09:30:02,$ 3586.42,1
2139,09:30:02,$ 3586.42,1
2140,09:30:02,$ 3586.42,2
2141,09:30:02,$ 3586.42,2
2143,09:30:02,$ 3586.42,400
2144,09:30:02,$ 3586.42,1
2145,09:30:02,$ 3586.42,10
2146,09:30:02,$ 3586.42,1
2147,09:30:02,$ 3586.42,10
2148,09:30:02,$ 3586.42,2
2149,09:30:02,$ 3586.42,1
2150,09:30:02,$ 3586.42,2
2151,09:30:02,$ 3586.42,100
2152,09:30:02,$ 3586.42,1
2153,09:30:02,$ 3586.42,100
2154,09:30:02,$ 3586.42,3
2155,09:30:02,$ 3586.42,1
2156,09:30:02,$ 3586.42,5
2157,09:30:02,$ 3586.42,4
2158,09:30:02,$ 3586.42,1
2159,09:30:02,$ 3586.42,5
2160,09:30:02,$ 3586.42,25
2161,09:30:02,$ 3586.42,1
2162,09:30:02,$ 3586.42,3
2164,09:30:02,$ 3586.42,6
2165,09:30:02,$ 3586.42,20
2166,09:30:02,$ 3586.42,1
2167,09:30:02,$ 3586.42,1
2168,09:30:02,$ 3586.42,10
2169,09:30:02,$ 3586.42,1
2170,09:30:02,$ 3586.42,4
2171,09:30:02,$ 3586.42,2
2172,09:30:02,$ 3586.42,2
2173,09:30:02,$ 3586.42,1
2174,09:30:02,$ 3586.42,1
2175,09:30:02,$ 3586.42,1
2176,09:30:02,$ 3586.42,1
2177,09:30:02,$ 3586.42,1
2178,09:30:02,$ 3586.42,1
2179,09:30:02,$ 3586.42,1
2180,09:30:02,$ 3586.42,2
2181,09:30:02,$ 3586.42,1
2182,09:30:02,$ 3586.42,1
2183,09:30:02,$ 3586.42,2
2185,09:30:02,$ 3586.42,2
2186,09:30:02,$ 3586.42,1
2187,09:30:02,$ 3586.42,1
2188,09:30:02,$ 3586.42,5
2189,09:30:02,$ 3586.42,3
2190,09:30:02,$ 3586.42,1
2191,09:30:02,$ 3586.42,1
2192,09:30:02,$ 3586.42,10
2193,09:30:02,$ 3586.42,1
2194,09:30:02,$ 3586.42,100
2195,09:30:02,$ 3586.42,2
2196,09:30:02,$ 3586.42,1
2197,09:30:02,$ 3586.42,3
2198,09:30:02,$ 3586.42,10
2199,09:30:02,$ 3586.42,3
2200,09:30:02,$ 3586.42,200
2201,09:30:02,$ 3586.42,1
2202,09:30:02,$ 3586.42,10
2203,09:30:02,$ 3586.42,4
2204,09:30:02,$ 3586.42,3
2206,09:30:02,$ 3586.42,1
2207,09:30:02,$ 3586.42,2
2208,09:30:02,$ 3586.42,1
2209,09:30:02,$ 3586.42,3
2210,09:30:02,$ 3586.42,2
2211,09:30:02,$ 3586.42,3
2212,09:30:02,$ 3586.42,2
2213,09:30:02,$ 3586.42,1
2214,09:30:02,$ 3586.42,3
2215,09:30:02,$ 3586.42,1
2216,09:30:02,$ 3586.42,1
2217,09:30:02,$ 3586.42,1
2218,09:30:02,$ 3586.42,2
2219,09:30:02,$ 3586.42,12
2220,09:30:02,$ 3586.42,10
2221,09:30:02,$ 3586.42,1
2222,09:30:02,$ 3586.42,1
2223,09:30:02,$ 3586.42,1
2224,09:30:02,$ 3586.42,1
2225,09:30:02,$ 3586.42,3
2227,09:30:02,$ 3586.42,7
2228,09:30:02,$ 3586.42,2
2229,09:30:02,$ 3586.42,4
2230,09:30:02,$ 3586.42,1
2231,09:30:02,$ 3586.42,1
2232,09:30:02,$ 3586.42,1
2233,09:30:02,$ 3586.42,1
2234,09:30:02,$ 3586.42,3
2235,09:30:02,$ 3586.42,3
2236,09:30:02,$ 3586.42,10
2237,09:30:02,$ 3586.42,1
2238,09:30:02,$ 3586.42,4
2239,09:30:02,$ 3586.42,1
2240,09:30:02,$ 3586.42,2
2241,09:30:02,$ 3586.42,10
2242,09:30:02,$ 3586.42,2
2243,09:30:02,$ 3586.42,2
2244,09:30:02,$ 3586.42,10
2245,09:30:02,$ 3586.42,1
2246,09:30:02,$ 3586.42,1
2248,09:30:02,$ 3586.42,2
2249,09:30:02,$ 3586.42,1
2250,09:30:02,$ 3586.42,2
2251,09:30:02,$ 3586.42,1
2252,09:30:02,$ 3586.42,1
2253,09:30:02,$ 3586.42,1
2254,09:30:02,$ 3586.42,1
2255,09:30:02,$ 3586.42,1
2256,09:30:02,$ 3586.42,2
2257,09:30:02,$ 3586.42,1
2258,09:30:02,$ 3586.42,1
2259,09:30:02,$ 3586.42,2
2260,09:30:02,$ 3586.42,1
2261,09:30:02,$ 3586.42,4
2262,09:30:02,$ 3586.42,3
2263,09:30:02,$ 3586.42,2
2264,09:30:02,$ 3586.42,15
2265,09:30:02,$ 3586.42,1
2266,09:30:02,$ 3586.42,3
2267,09:30:02,$ 3586.42,1
2269,09:30:02,$ 3586.42,1
2270,09:30:02,$ 3586.42,1
2271,09:30:02,$ 3586.42,50
2272,09:30:02,$ 3586.42,2
2273,09:30:02,$ 3586.42,1
2274,09:30:02,$ 3586.42,1
2275,09:30:02,$ 3586.42,1
2276,09:30:02,$ 3586.42,6
2277,09:30:02,$ 3586.42,300
2278,09:30:02,$ 3586.42,12
2279,09:30:02,$ 3586.42,2
2280,09:30:02,$ 3586.42,4
2281,09:30:02,$ 3586.42,50
2282,09:30:02,$ 3586.42,2
2283,09:30:02,$ 3586.42,2
2284,09:30:02,$ 3586.42,1
2285,09:30:02,$ 3586.42,2
2286,09:30:02,$ 3586.42,1
2287,09:30:02,$ 3586.42,2
2288,09:30:02,$ 3586.42,1
2290,09:30:02,$ 3586.42,1
2291,09:30:02,$ 3586.42,1
2292,09:30:02,$ 3586.42,100
2293,09:30:02,$ 3586.42,1
2294,09:30:02,$ 3586.42,1
2295,09:30:02,$ 3586.42,1
2296,09:30:02,$ 3586.42,1
2297,09:30:02,$ 3586.42,1
2298,09:30:02,$ 3586.42,4
2299,09:30:02,$ 3586.42,3
2300,09:30:02,$ 3586.42,12
2301,09:30:02,$ 3586.42,1
2302,09:30:02,$ 3586.42,10
2303,09:30:02,$ 3586.42,2
2304,09:30:02,$ 3586.42,1
2305,09:30:02,$ 3586.42,2
2306,09:30:02,$ 3586.42,3
2307,09:30:02,$ 3586.42,2
2308,09:30:02,$ 3586.42,15
2309,09:30:02,$ 3586.42,9
2311,09:30:02,$ 3586.42,3
2312,09:30:02,$ 3586.42,2
2313,09:30:02,$ 3586.42,6
2314,09:30:02,$ 3586.42,10
2315,09:30:02,$ 3586.42,2
2316,09:30:02,$ 3586.42,6
2317,09:30:02,$ 3586.42,1
2318,09:30:02,$ 3586.42,25
2319,09:30:02,$ 3586.42,1
2320,09:30:02,$ 3586.42,4
2321,09:30:02,$ 3586.42,5
2322,09:30:02,$ 3586.42,2
2323,09:30:02,$ 3586.42,2
2324,09:30:02,$ 3586.42,2
2325,09:30:02,$ 3586.42,4
2326,09:30:02,$ 3586.42,1
2327,09:30:02,$ 3586.42,10
2328,09:30:02,$ 3586.42,1
2329,09:30:02,$ 3586.42,1
2330,09:30:02,$ 3586.42,1
2332,09:30:02,$ 3586.42,1
2333,09:30:02,$ 3586.42,3
2334,09:30:02,$ 3586.42,3
2335,09:30:02,$ 3586.42,3
2336,09:30:02,$ 3586.42,1
2337,09:30:02,$ 3586.42,2
2338,09:30:02,$ 3586.42,3
2339,09:30:02,$ 3586.42,1
2340,09:30:02,$ 3586.42,3
2341,09:30:02,$ 3586.42,1
2342,09:30:02,$ 3586.42,1
2343,09:30:02,$ 3586.42,4
2344,09:30:02,$ 3586.42,83
2345,09:30:02,$ 3586.42,2
2346,09:30:02,$ 3586.42,2
2347,09:30:02,$ 3586.42,4
2348,09:30:02,$ 3586.42,13
2349,09:30:02,$ 3586.42,2
2350,09:30:02,$ 3586.42,4
2351,09:30:02,$ 3586.42,1
2353,09:30:02,$ 3586.42,1
2354,09:30:02,$ 3586.42,100
2355,09:30:02,$ 3586.42,28
2356,09:30:02,$ 3586.42,5
2357,09:30:02,$ 3586.42,52
2358,09:30:02,$ 3586.42,2
2359,09:30:02,$ 3586.42,3
2360,09:30:02,$ 3586.42,10
2361,09:30:02,$ 3586.42,12
2362,09:30:02,$ 3586.42,278
2363,09:30:02,$ 3586.42,1
2364,09:30:02,$ 3586.42,1
2365,09:30:02,$ 3586.42,7
2366,09:30:02,$ 3586.42,12
2367,09:30:02,$ 3586.42,1
2368,09:30:02,$ 3586.42,6
2369,09:30:02,$ 3586.42,1
2370,09:30:02,$ 3586.42,100
2371,09:30:02,$ 3586.42,1
2372,09:30:02,$ 3586.42,50
2374,09:30:02,$ 3586.42,15
2375,09:30:02,$ 3586.42,2
2376,09:30:02,$ 3586.42,10
2377,09:30:02,$ 3586.42,2
2378,09:30:02,$ 3586.42,3
2379,09:30:02,$ 3586.42,6
2380,09:30:02,$ 3586.42,1
2381,09:30:02,$ 3586.42,2
2382,09:30:02,$ 3586.42,2
2383,09:30:02,$ 3586.42,1
2384,09:30:02,$ 3586.42,2
2385,09:30:02,$ 3586.42,10
2386,09:30:02,$ 3586.42,10
2387,09:30:02,$ 3586.42,10
2388,09:30:02,$ 3586.42,1
2389,09:30:02,$ 3586.42,12
2390,09:30:02,$ 3586.42,88
2391,09:30:02,$ 3586.42,4
2392,09:30:02,$ 3586.42,282
2393,09:30:02,$ 3586.42,10
2395,09:30:02,$ 3586.42,5
2396,09:30:02,$ 3586.42,3
2397,09:30:02,$ 3586.42,3
2398,09:30:02,$ 3586.42,52
2399,09:30:02,$ 3586.42,52
2400,09:30:02,$ 3586.42,12
2401,09:30:02,$ 3586.42,524
2402,09:30:02,$ 3586.42,1
2403,09:30:02,$ 3586.42,6
2404,09:30:02,$ 3586.42,5
2405,09:30:02,$ 3586.42,100
2406,09:30:02,$ 3586.42,3
2407,09:30:02,$ 3586.42,9
2408,09:30:02,$ 3586.42,1
2409,09:30:02,$ 3586.42,4
2410,09:30:02,$ 3586.42,1
2411,09:30:02,$ 3586.42,1
2412,09:30:02,$ 3586.42,3
2413,09:30:02,$ 3586.42,1
2414,09:30:02,$ 3586.42,2
2416,09:30:02,$ 3586.42,1
2417,09:30:02,$ 3586.42,1
2418,09:30:02,$ 3586.42,2
2419,09:30:02,$ 3586.42,1
2420,09:30:02,$ 3586.42,1
2421,09:30:02,$ 3586.42,1
2422,09:30:02,$ 3586.42,1
2423,09:30:02,$ 3586.42,1
2424,09:30:02,$ 3586.42,1
2425,09:30:02,$ 3586.42,1
2426,09:30:02,$ 3586.42,3
2427,09:30:02,$ 3586.42,1
2428,09:30:02,$ 3586.42,1
2429,09:30:02,$ 3586.42,1
2430,09:30:02,$ 3586.42,1
2431,09:30:02,$ 3586.42,1
2432,09:30:02,$ 3586.42,4
2433,09:30:02,$ 3586.42,1
2434,09:30:02,$ 3586.42,1
2435,09:30:02,$ 3586.42,15
2437,09:30:02,$ 3586.42,2
2438,09:30:02,$ 3586.42,1
2439,09:30:02,$ 3586.42,1
2440,09:30:02,$ 3586.42,10
2441,09:30:02,$ 3586.42,1
2442,09:30:02,$ 3586.42,3
2443,09:30:02,$ 3586.42,3
2444,09:30:02,$ 3586.42,2
2445,09:30:02,$ 3586.42,1
2446,09:30:02,$ 3586.42,1
2447,09:30:02,$ 3586.42,9
2448,09:30:02,$ 3586.42,5
2449,09:30:02,$ 3586.42,2
2450,09:30:02,$ 3586.42,2
2451,09:30:02,$ 3586.42,2
2452,09:30:02,$ 3586.42,20
2453,09:30:02,$ 3586.42,1
2454,09:30:02,$ 3586.42,1
2455,09:30:02,$ 3586.42,3
2456,09:30:02,$ 3586.42,14
2458,09:30:02,$ 3586.42,10
2459,09:30:02,$ 3586.42,50
2460,09:30:02,$ 3586.42,2
2461,09:30:02,$ 3586.42,1
2462,09:30:02,$ 3586.42,4
2463,09:30:02,$ 3586.42,1
2464,09:30:02,$ 3586.42,1
2465,09:30:02,$ 3586.42,4
2466,09:30:02,$ 3586.42,1
2467,09:30:02,$ 3586.42,1
2468,09:30:02,$ 3586.42,1
2469,09:30:02,$ 3586.42,1
2470,09:30:02,$ 3586.42,1
2471,09:30:02,$ 3586.42,1
2472,09:30:02,$ 3586.42,1
2473,09:30:02,$ 3586.42,1
2474,09:30:02,$ 3586.42,1
2475,09:30:02,$ 3586.42,4
2476,09:30:02,$ 3586.42,1
2477,09:30:02,$ 3586.42,13
2479,09:30:02,$ 3586.42,20
2480,09:30:02,$ 3586.42,1
2481,09:30:02,$ 3586.42,1
2482,09:30:02,$ 3586.42,1
2483,09:30:02,$ 3586.42,3
2484,09:30:02,$ 3586.42,2
2485,09:30:02,$ 3586.42,1
2486,09:30:02,$ 3586.42,14
2487,09:30:02,$ 3586.42,3
2488,09:30:02,$ 3586.42,1
2489,09:30:02,$ 3586.42,1
2490,09:30:02,$ 3586.42,2
2491,09:30:02,$ 3586.42,3
2492,09:30:02,$ 3586.42,2
2493,09:30:02,$ 3586.42,1
2494,09:30:02,$ 3586.42,1
2495,09:30:02,$ 3586.42,2
2496,09:30:02,$ 3586.42,3
2497,09:30:02,$ 3586.42,1
2498,09:30:02,$ 3586.42,1
2500,09:30:02,$ 3586.42,1
2501,09:30:02,$ 3586.42,5
2502,09:30:02,$ 3586.42,1
2503,09:30:02,$ 3586.42,63
2504,09:30:02,$ 3586.42,4
2505,09:30:02,$ 3586.42,200
2506,09:30:02,$ 3586.42,8
2507,09:30:02,$ 3586.42,8
2508,09:30:02,$ 3586.42,21
2509,09:30:02,$ 3586.42,69
2510,09:30:02,$ 3586.42,9
2511,09:30:02,$ 3586.42,1
2512,09:30:02,$ 3586.42,163
2513,09:30:02,$ 3586.42,8
2514,09:30:02,$ 3586.42,345
2515,09:30:02,$ 3586.42,11
2516,09:30:02,$ 3586.42,10
2517,09:30:02,$ 3586.42,52
2518,09:30:02,$ 3586.42,63
2519,09:30:02,$ 3586.42,1
2521,09:30:02,$ 3586.42,10
2522,09:30:02,$ 3586.42,35
2523,09:30:02,$ 3586.42,1
2524,09:30:02,$ 3586.42,700
2525,09:30:02,$ 3586.42,1
2526,09:30:02,$ 3586.42,10
2527,09:30:02,$ 3586.42,10
2528,09:30:02,$ 3586.42,500
2529,09:30:02,$ 3586.42,44
2530,09:30:02,$ 3586.42,31
2531,09:30:02,$ 3586.42,20
2532,09:30:02,$ 3586.42,53
2533,09:30:02,$ 3586.42,8
2534,09:30:02,$ 3586.42,600
2535,09:30:02,$ 3586.42,18
2536,09:30:02,$ 3586.42,100
2537,09:30:02,$ 3586.42,1
2538,09:30:02,$ 3586.42,5
2539,09:30:02,$ 3586.42,41
2540,09:30:02,$ 3586.42,19
2542,09:30:02,$ 3586.42,4
2543,09:30:02,$ 3586.42,2
2544,09:30:02,$ 3586.42,12
2545,09:30:02,$ 3586.42,2
2546,09:30:02,$ 3586.42,140
2547,09:30:02,$ 3586.42,10
2548,09:30:02,$ 3586.42,15
2549,09:30:02,$ 3586.42,10
2550,09:30:02,$ 3586.42,2
2551,09:30:02,$ 3586.42,5
2552,09:30:02,$ 3586.42,4
2553,09:30:02,$ 3586.42,28
2554,09:30:02,$ 3586.42,28
2555,09:30:02,$ 3586.42,28
2556,09:30:02,$ 3586.42,1
2557,09:30:02,$ 3586.42,100
2558,09:30:02,$ 3586.42,69
2559,09:30:02,$ 3586.42,2
2560,09:30:02,$ 3586.42,1
2561,09:30:02,$ 3586.42,2
2563,09:30:02,$ 3586.42,100
2564,09:30:02,$ 3586.42,17
2565,09:30:02,$ 3586.42,1
2566,09:30:02,$ 3586.42,10
2567,09:30:02,$ 3586.42,10
2568,09:30:02,$ 3586.42,244
2569,09:30:02,$ 3586.42,2
2570,09:30:02,$ 3586.42,2
2571,09:30:02,$ 3586.42,8
2572,09:30:02,$ 3586.42,6
2573,09:30:02,$ 3586.42,1
2574,09:30:02,$ 3586.42,3
2575,09:30:02,$ 3586.42,1
2576,09:30:02,$ 3586.42,5
2577,09:30:02,$ 3586.42,6
2578,09:30:02,$ 3586.42,1
2579,09:30:02,$ 3586.42,1
2580,09:30:02,$ 3586.42,3
2581,09:30:02,$ 3586.42,1
2582,09:30:02,$ 3586.42,4
2584,09:30:02,$ 3586.42,721
2585,09:30:02,$ 3586.42,1
2586,09:30:02,$ 3586.42,261
2587,09:30:02,$ 3586.42,5
2588,09:30:02,$ 3586.42,2
2589,09:30:02,$ 3586.42,4
2590,09:30:02,$ 3586.42,1
2591,09:30:02,$ 3586.42,2
2592,09:30:02,$ 3586.42,2
2593,09:30:02,$ 3586.42,2
2594,09:30:02,$ 3586.42,47
2595,09:30:02,$ 3586.42,1
2596,09:30:02,$ 3586.42,45
2597,09:30:02,$ 3586.42,30
2598,09:30:02,$ 3586.42,2
2599,09:30:02,$ 3586.42,25
2600,09:30:02,$ 3586.42,4
2601,09:30:02,$ 3586.42,40
2602,09:30:02,$ 3586.42,13
2603,09:30:02,$ 3586.42,6
2605,09:30:02,$ 3586.42,30
2606,09:30:02,$ 3586.42,28
2607,09:30:02,$ 3586.42,6
2608,09:30:02,$ 3586.42,1
2609,09:30:02,$ 3586.42,2
2610,09:30:02,$ 3586.42,3
2611,09:30:02,$ 3586.42,3
2612,09:30:02,$ 3586.42,9
2613,09:30:02,$ 3586.42,40
2614,09:30:02,$ 3586.42,5
2615,09:30:02,$ 3586.42,241
2616,09:30:02,$ 3586.42,11
2617,09:30:02,$ 3586.42,3
2618,09:30:02,$ 3586.42,7
2619,09:30:02,$ 3586.42,3
2620,09:30:02,$ 3586.42,6
2621,09:30:02,$ 3586.42,10
2622,09:30:02,$ 3586.42,1
2623,09:30:02,$ 3586.42,40
2624,09:30:02,$ 3586.42,48
2626,09:30:02,$ 3586.42,28
2627,09:30:02,$ 3586.42,3
2628,09:30:02,$ 3586.42,12
2629,09:30:02,$ 3586.42,1
2630,09:30:02,$ 3586.42,3
2631,09:30:02,$ 3586.42,1
2632,09:30:02,$ 3586.42,20
2633,09:30:02,$ 3586.42,1
2634,09:30:02,$ 3586.42,1
2635,09:30:02,$ 3586.42,1
2636,09:30:02,$ 3586.42,"1,000"
2637,09:30:02,$ 3586.42,50
2638,09:30:02,$ 3586.42,3
2639,09:30:02,$ 3586.42,1
2640,09:30:02,$ 3586.42,150
2641,09:30:02,$ 3586.42,6
2642,09:30:02,$ 3586.42,8
2643,09:30:02,$ 3586.42,1
2644,09:30:02,$ 3584.37,100
2645,09:30:02,$ 3586.265,100
2647,09:30:02,$ 3586.09,100
2648,09:30:02,$ 3584.37,100
2649,09:30:01,$ 3583.98,100
2650,09:30:01,$ 3586.21,127
2651,09:30:01,$ 3584.12,100
2652,09:30:01,$ 3582.27,100
2653,09:30:01,$ 3582.27,100
2654,09:30:01,$ 3585.92,100
2655,09:30:01,$ 3585.47,100
2656,09:30:01,$ 3585.47,100
2657,09:30:01,$ 3585.47,100
2658,09:30:01,$ 3584.70,100
2659,09:30:01,$ 3583.00,400
2660,09:30:01,$ 3586.00,100
2661,09:30:01,$ 3586.42,2
2662,09:30:01,$ 3586.42,98
2664,10:29:57,$ 3623.67,100
2665,10:29:47,$ 3622.24,100
2666,10:29:47,$ 3622.25,200
2667,10:29:44,$ 3622.83,100
2668,10:29:18,$ 3622.18,100
2669,10:29:12,$ 3623.99,100
2670,10:29:03,$ 3625.0198,268
2671,10:29:03,$ 3625.36,100
2672,10:29:03,$ 3625.516,100
2673,10:29:03,$ 3625.58,100
2674,10:29:00,$ 3625.23,100
2675,10:28:44,$ 3625.81,100
2676,10:28:42,$ 3626.01,500
2677,10:28:42,$ 3625.67,100
2678,10:28:42,$ 3625.05,146
2679,10:28:42,$ 3625.05,142
2680,10:28:20,$ 3625.90,300
2681,10:28:20,$ 3625.27,100
2682,10:28:20,$ 3625.49,325
2683,10:28:20,$ 3625.49,175
2685,10:28:19,$ 3625.654,200
2686,10:28:14,$ 3626.44,100
2687,10:28:14,$ 3625.855,200
2688,10:28:12,$ 3626.00,100
2689,10:28:08,$ 3625.75,100
2690,10:28:08,$ 3625.335,100
2691,10:28:04,$ 3624.5882,143
2692,10:28:04,$ 3625.34,600
2693,10:28:03,$ 3625.48,100
2694,10:28:02,$ 3625.73,100
2695,10:28:02,$ 3625.73,100
2696,10:28:02,$ 3625.73,183
2697,10:28:00,$ 3625.00,162
2698,10:28:00,$ 3624.93,100
2699,10:28:00,$ 3625.00,100
2700,10:28:00,$ 3625.00,300
2701,10:28:00,$ 3625.00,225
2702,10:28:00,$ 3624.78,100
2703,10:27:55,$ 3623.86,100
2704,10:27:51,$ 3623.60,100
2706,10:27:48,$ 3623.86,100
2707,10:27:35,$ 3623.28,100
2708,10:27:35,$ 3623.28,100
2709,10:27:35,$ 3623.28,100
2710,10:27:30,$ 3623.28,100
2711,10:27:29,$ 3623.03,100
2712,10:27:29,$ 3623.0202,187
2713,10:27:25,$ 3622.975,100
2714,10:27:25,$ 3622.98,295
2715,10:27:25,$ 3622.15,100
2716,10:27:20,$ 3622.47,100
2717,10:26:40,$ 3620.23,100
2718,10:26:40,$ 3620.80,100
2719,10:26:35,$ 3620.7583,100
2720,10:26:30,$ 3619.4609,100
2721,10:26:15,$ 3618.685,100
2722,10:26:09,$ 3620.31,100
2723,10:26:00,$ 3620.81,100
2724,10:25:29,$ 3618.265,100
2725,10:25:29,$ 3617.69,100
2727,10:25:23,$ 3616.64,100
2728,10:25:15,$ 3616.64,100
2729,10:25:07,$ 3617.8799,100
2730,10:25:04,$ 3617.495,100
2731,10:24:58,$ 3617.38,100
2732,10:24:58,$ 3617.52,100
2733,10:24:58,$ 3617.91,100
2734,10:24:48,$ 3619.01,100
2735,10:24:13,$ 3621.52,100
2736,10:24:11,$ 3621.00,100
2737,10:24:03,$ 3621.215,100
2738,10:23:29,$ 3620.32,100
2739,10:23:15,$ 3618.30,100
2740,10:23:05,$ 3618.90,100
2741,10:23:05,$ 3619.15,100
2742,10:23:05,$ 3619.13,100
2743,10:23:05,$ 3619.00,700
2744,10:23:05,$ 3618.62,100
2745,10:23:00,$ 3618.495,100
2746,10:22:29,$ 3618.01,100
2748,10:22:29,$ 3618.63,100
2749,10:22:12,$ 3620.11,100
2750,10:22:09,$ 3618.575,100
2751,10:22:02,$ 3617.08,100
2752,10:22:02,$ 3617.22,100
2753,10:21:43,$ 3618.60,100
2754,10:21:43,$ 3618.52,100
2755,10:21:43,$ 3618.32,100
2756,10:21:39,$ 3618.38,100
2757,10:21:35,$ 3618.86,200
2758,10:21:33,$ 3619.27,100
2759,10:21:28,$ 3619.51,100
2760,10:20:57,$ 3620.50,100
2761,10:20:46,$ 3619.18,100
2762,10:20:46,$ 3619.49,100
2763,10:20:46,$ 3619.50,100
2764,10:20:21,$ 3618.12,800
2765,10:20:18,$ 3618.64,100
2766,10:20:18,$ 3619.21,300
2767,10:20:00,$ 3617.945,400
2769,10:20:00,$ 3617.925,100
2770,10:20:00,$ 3617.925,100
2771,10:19:58,$ 3617.195,200
2772,10:19:55,$ 3617.835,100
2773,10:19:55,$ 3617.835,100
2774,10:19:55,$ 3617.195,400
2775,10:19:51,$ 3616.52,300
2776,10:19:46,$ 3616.681,300
2777,10:19:41,$ 3616.0001,100
2778,10:19:37,$ 3617.85,100
2779,10:19:13,$ 3617.9228,100
2780,10:19:13,$ 3619.24,100
2781,10:19:03,$ 3617.61,100
2782,10:19:01,$ 3619.05,100
2783,10:19:01,$ 3618.425,400
2784,10:19:00,$ 3618.74,100
2785,10:19:00,$ 3618.75,100
2786,10:18:58,$ 3618.5901,247
2787,10:18:36,$ 3618.06,100
2788,10:18:36,$ 3618.23,100
2790,10:18:33,$ 3617.04,100
2791,10:18:33,$ 3617.02,100
2792,10:18:32,$ 3617.01,100
2793,10:18:32,$ 3617.04,100
2794,10:18:32,$ 3617.18,100
2795,10:18:16,$ 3617.0101,247
2796,10:18:10,$ 3617.0101,100
2797,10:18:02,$ 3618.15,100
2798,10:18:01,$ 3618.62,220
2799,10:18:01,$ 3618.63,380
2800,10:18:01,$ 3618.16,100
2801,10:18:01,$ 3618.16,100
2802,10:18:00,$ 3619.60,100
2803,10:17:59,$ 3619.97,100
2804,10:17:51,$ 3618.3358,200
2805,10:17:29,$ 3620.8328,138
2806,10:17:15,$ 3620.88,100
2807,10:17:14,$ 3621.40,100
2808,10:17:14,$ 3620.99,110
2809,10:17:13,$ 3621.6719,277
2811,10:16:56,$ 3622.45,100
2812,10:16:48,$ 3622.3386,300
2813,10:16:38,$ 3621.72,100
2814,10:15:56,$ 3622.5599,220
2815,10:15:50,$ 3621.08,100
2816,10:15:49,$ 3620.51,100
2817,10:15:49,$ 3619.844,100
2818,10:15:49,$ 3620.425,100
2819,10:15:47,$ 3620.44,100
2820,10:15:46,$ 3621.54,100
2821,10:15:43,$ 3621.37,270
2822,10:15:43,$ 3621.33,100
2823,10:15:43,$ 3621.538,100
2824,10:15:43,$ 3621.34,100
2825,10:15:43,$ 3621.538,100
2826,10:15:41,$ 3620.3601,150
2827,10:15:22,$ 3621.50,300
2828,10:15:22,$ 3621.52,100
2829,10:15:21,$ 3621.3401,100
2830,10:15:15,$ 3622.94,225
2832,10:15:15,$ 3622.94,100
2833,10:15:15,$ 3622.49,200
2834,10:15:06,$ 3622.53,100
2835,10:15:05,$ 3623.4842,200
2836,10:14:50,$ 3621.5138,720
2837,10:14:46,$ 3622.33,100
2838,10:14:46,$ 3621.59,100
2839,10:14:46,$ 3622.07,100
2840,10:14:36,$ 3621.19,180
2841,10:14:33,$ 3621.64,100
2842,10:14:33,$ 3620.515,100
2843,10:14:31,$ 3621.37,100
2844,10:14:14,$ 3622.86,100
2845,10:14:13,$ 3621.93,100
2846,10:14:09,$ 3621.41,100
2847,10:14:09,$ 3621.41,400
2848,10:14:06,$ 3620.83,100
2849,10:14:06,$ 3621.00,100
2850,10:14:06,$ 3621.06,100
2851,10:13:52,$ 3619.63,100
2853,10:13:50,$ 3619.634,100
2854,10:13:41,$ 3619.6301,100
2855,10:13:36,$ 3620.315,100
2856,10:13:30,$ 3618.99,400
2857,10:13:28,$ 3618.23,100
2858,10:13:28,$ 3618.80,200
2859,10:13:20,$ 3618.2976,386
2860,10:13:20,$ 3617.70,100
2861,10:13:11,$ 3616.705,100
2862,10:13:08,$ 3616.6731,100
2863,10:12:53,$ 3615.34,100
2864,10:12:51,$ 3615.43,100
2865,10:12:39,$ 3616.4499,150
2866,10:12:19,$ 3613.93,100
2867,10:12:19,$ 3613.95,100
2868,10:12:19,$ 3613.99,100
2869,10:12:18,$ 3613.9999,200
2870,10:12:15,$ 3614.7689,200
2871,10:12:15,$ 3612.73,106
2872,10:12:02,$ 3614.45,100
2874,10:11:39,$ 3615.4675,100
2875,10:11:38,$ 3615.3701,618
2876,10:11:38,$ 3615.61,100
2877,10:11:30,$ 3615.93,100
2878,10:11:27,$ 3615.05,100
2879,10:11:26,$ 3615.7467,400
2880,10:11:26,$ 3615.255,100
2881,10:11:25,$ 3615.25,100
2882,10:11:23,$ 3614.55,100
2883,10:11:23,$ 3614.55,100
2884,10:11:23,$ 3614.55,100
2885,10:11:23,$ 3614.55,100
2886,10:11:23,$ 3614.55,100
2887,10:11:23,$ 3614.04,100
2888,10:11:23,$ 3614.13,100
2889,10:11:22,$ 3612.7301,500
2890,10:11:06,$ 3612.5392,100
2891,10:10:31,$ 3614.55,100
2892,10:10:28,$ 3615.17,100
2893,10:10:26,$ 3616.699,100
2895,10:10:14,$ 3616.95,100
2896,10:10:07,$ 3615.79,110
2897,10:09:58,$ 3617.10,100
2898,10:09:58,$ 3617.09,100
2899,10:09:51,$ 3617.3969,100
2900,10:09:41,$ 3618.05,101
2901,10:09:30,$ 3616.71,100
2902,10:09:30,$ 3617.237,200
2903,10:09:17,$ 3618.03,200
2904,10:09:15,$ 3617.57,100
2905,10:09:15,$ 3616.723,250
2906,10:09:14,$ 3618.28,100
2907,10:09:10,$ 3619.16,"1,000"
2908,10:09:09,$ 3619.515,100
2909,10:09:09,$ 3619.485,100
2910,10:09:06,$ 3619.83,100
2911,10:08:50,$ 3620.8899,500
2912,10:08:49,$ 3619.972,484
2913,10:08:48,$ 3620.13,500
2914,10:08:46,$ 3620.32,100
2916,10:08:42,$ 3619.2601,100
2917,10:08:31,$ 3619.6578,100
2918,10:08:29,$ 3618.89,100
2919,10:08:26,$ 3619.11,100
2920,10:08:21,$ 3618.01,400
2921,10:08:11,$ 3617.74,100
2922,10:08:07,$ 3618.20,100
2923,10:08:01,$ 3617.015,100
2924,10:07:51,$ 3616.015,100
2925,10:07:37,$ 3615.40,100
2926,10:07:37,$ 3615.25,100
2927,10:07:37,$ 3615.25,100
2928,10:07:36,$ 3616.085,100
2929,10:07:31,$ 3615.8866,300
2930,10:07:21,$ 3616.25,100
2931,10:07:06,$ 3616.2001,100
2932,10:07:01,$ 3617.19,100
2933,10:06:56,$ 3618.01,100
2934,10:06:56,$ 3618.02,100
2935,10:06:51,$ 3619.81,100
2937,10:06:51,$ 3619.81,170
2938,10:06:50,$ 3618.81,100
2939,10:06:47,$ 3619.89,900
2940,10:06:28,$ 3619.16,100
2941,10:06:03,$ 3620.00,100
2942,10:05:57,$ 3620.295,200
2943,10:05:56,$ 3621.85,400
2944,10:05:42,$ 3621.9665,105
2945,10:05:37,$ 3622.4164,100
2946,10:05:32,$ 3622.00,400
2947,10:05:27,$ 3621.6499,100
2948,10:05:14,$ 3621.2539,100
2949,10:05:00,$ 3619.76,100
2950,10:05:00,$ 3620.23,100
2951,10:05:00,$ 3620.22,100
2952,10:04:51,$ 3620.5569,100
2953,10:04:43,$ 3622.00,100
2954,10:04:36,$ 3622.67,100
2955,10:04:35,$ 3621.4321,300
2956,10:04:26,$ 3621.325,100
2958,10:04:13,$ 3622.00,100
2959,10:04:04,$ 3621.655,100
2960,10:04:03,$ 3622.8249,100
2961,10:03:59,$ 3622.83,100
2962,10:03:58,$ 3622.97,100
2963,10:03:55,$ 3621.22,100
2964,10:03:55,$ 3621.27,100
2965,10:03:55,$ 3621.26,100
2966,10:03:55,$ 3621.26,100
2967,10:03:55,$ 3622.25,100
2968,10:03:43,$ 3621.1419,300
2969,10:03:42,$ 3621.34,100
2970,10:03:22,$ 3619.922,786
2971,10:03:22,$ 3620.25,100
2972,10:03:22,$ 3620.27,100
2973,10:03:22,$ 3619.77,100
2974,10:03:22,$ 3619.75,100
2975,10:03:19,$ 3620.54,100
2976,10:03:10,$ 3619.64,100
2977,10:03:10,$ 3619.20,100
2979,10:03:07,$ 3620.02,100
2980,10:03:02,$ 3621.75,100
2981,10:02:55,$ 3619.95,335
2982,10:02:43,$ 3617.5501,500
2983,10:02:39,$ 3619.82,100
2984,10:02:35,$ 3618.75,100
2985,10:02:34,$ 3617.93,100
2986,10:02:34,$ 3618.51,256
2987,10:02:28,$ 3618.75,100
2988,10:02:23,$ 3619.78,100
2989,10:02:23,$ 3619.845,100
2990,10:02:17,$ 3617.62,100
2991,10:01:59,$ 3616.5258,200
2992,10:01:27,$ 3617.06,100
2993,10:01:27,$ 3617.06,100
2994,10:01:27,$ 3617.06,100
2995,10:01:27,$ 3617.06,100
2996,10:01:27,$ 3617.06,100
2997,10:01:23,$ 3621.1707,150
2998,10:01:12,$ 3619.975,100
3000,10:01:01,$ 3619.905,164
3001,10:00:58,$ 3619.97,100
3002,10:00:53,$ 3620.0348,100
3003,10:00:50,$ 3621.6737,200
3004,10:00:49,$ 3620.665,138
3005,10:00:48,$ 3619.96,100
3006,10:00:47,$ 3621.79,108
3007,10:00:47,$ 3620.73,100
3008,10:00:45,$ 3620.99,106
3009,10:00:40,$ 3620.5841,500
3010,10:00:37,$ 3620.98,100
3011,10:00:32,$ 3621.9199,400
3012,10:00:32,$ 3621.18,100
3013,10:00:32,$ 3620.60,100
3014,10:00:16,$ 3620.00,100
3015,10:00:16,$ 3619.69,100
3016,10:00:16,$ 3619.69,100
3017,10:00:16,$ 3619.35,100
3018,10:00:03,$ 3618.2209,500
3020,10:59:41,$ 3622.87,100
3021,10:59:18,$ 3623.285,200
3022,10:59:02,$ 3624.01,240
3023,10:58:50,$ 3622.1501,150
3024,10:58:21,$ 3624.045,100
3025,10:58:14,$ 3623.495,100
3026,10:58:14,$ 3623.48,100
3027,10:58:13,$ 3622.52,100
3028,10:58:13,$ 3627.275,100
3029,10:58:13,$ 3620.00,100
3030,10:58:13,$ 3620.05,100
3031,10:58:13,$ 3620.50,142
3032,10:58:13,$ 3620.50,158
3033,10:58:13,$ 3620.50,142
3034,10:58:13,$ 3622.02,100
3035,10:58:13,$ 3620.05,100
3036,10:58:13,$ 3620.025,100
3037,10:58:13,$ 3622.345,100
3038,10:58:13,$ 3621.785,100
3039,10:58:13,$ 3623.06,100
3041,10:58:13,$ 3622.02,100
3042,10:58:13,$ 3621.995,100
3043,10:58:13,$ 3623.79,100
3044,10:58:13,$ 3623.77,100
3045,10:58:13,$ 3623.72,100
3046,10:58:13,$ 3622.9793,100
3047,10:58:13,$ 3626.50,100
3048,10:58:13,$ 3626.78,100
3049,10:58:13,$ 3626.50,100
3050,10:58:13,$ 3622.01,100
3051,10:58:13,$ 3621.89,150
3052,10:58:13,$ 3621.06,191
3053,10:58:13,$ 3621.06,233
3054,10:58:13,$ 3621.06,119
3055,10:58:13,$ 3624.045,100
3056,10:58:13,$ 3627.605,100
3057,10:58:13,$ 3621.41,100
3058,10:58:13,$ 3621.06,272
3059,10:58:13,$ 3621.06,143
3060,10:58:13,$ 3626.79,400
3062,10:58:13,$ 3625.60,100
3063,10:58:13,$ 3625.52,100
3064,10:58:13,$ 3625.00,154
3065,10:58:13,$ 3625.00,100
3066,10:58:13,$ 3624.00,100
3067,10:58:13,$ 3624.00,100
3068,10:58:13,$ 3623.73,100
3069,10:58:13,$ 3621.35,100
3070,10:58:13,$ 3621.31,100
3071,10:58:13,$ 3627.32,100
3072,10:58:13,$ 3627.24,280
3073,10:58:13,$ 3627.23,100
3074,10:58:13,$ 3627.06,100
3075,10:58:00,$ 3627.9325,100
3076,10:58:00,$ 3627.895,100
3077,10:58:00,$ 3627.895,100
3078,10:57:16,$ 3626.6123,600
3079,10:57:14,$ 3626.9182,100
3080,10:57:12,$ 3627.8141,200
3081,10:57:10,$ 3626.4897,200
3083,10:57:10,$ 3626.4101,718
3084,10:56:52,$ 3628.94,100
3085,10:55:57,$ 3630.5925,100
3086,10:55:54,$ 3630.70,300
3087,10:55:53,$ 3630.095,100
3088,10:55:53,$ 3629.50,100
3089,10:55:46,$ 3629.9417,500
3090,10:55:31,$ 3632.3632,132
3091,10:55:31,$ 3631.86,100
3092,10:55:30,$ 3632.01,100
3093,10:55:30,$ 3631.98,100
3094,10:55:26,$ 3631.43,100
3095,10:55:24,$ 3631.98,100
3096,10:55:20,$ 3631.37,100
3097,10:55:17,$ 3632.01,100
3098,10:55:17,$ 3632.01,100
3099,10:55:14,$ 3630.99,100
3100,10:55:13,$ 3630.98,110
3101,10:55:13,$ 3630.82,100
3102,10:55:13,$ 3630.87,100
3104,10:55:13,$ 3630.91,100
3105,10:55:09,$ 3631.13,100
3106,10:55:09,$ 3630.51,100
3107,10:55:02,$ 3631.2638,300
3108,10:55:01,$ 3630.59,100
3109,10:54:47,$ 3631.2698,325
3110,10:54:45,$ 3631.61,100
3111,10:54:45,$ 3631.00,100
3112,10:54:22,$ 3630.00,100
3113,10:53:20,$ 3630.38,100
3114,10:53:14,$ 3630.20,100
3115,10:53:14,$ 3629.1501,100
3116,10:52:55,$ 3630.54,200
3117,10:52:52,$ 3630.23,100
3118,10:52:46,$ 3629.64,100
3119,10:52:38,$ 3629.10,100
3120,10:52:38,$ 3629.11,100
3121,10:52:38,$ 3629.11,100
3122,10:52:38,$ 3628.93,200
3123,10:52:38,$ 3629.11,100
3125,10:52:38,$ 3629.10,100
3126,10:52:19,$ 3629.07,100
3127,10:52:14,$ 3629.47,100
3128,10:51:53,$ 3630.035,200
3129,10:51:35,$ 3629.825,125
3130,10:51:10,$ 3631.95,100
3131,10:51:09,$ 3631.77,100
3132,10:51:09,$ 3631.805,100
3133,10:51:08,$ 3631.905,100
3134,10:51:07,$ 3631.99,100
3135,10:51:07,$ 3631.96,100
3136,10:51:06,$ 3631.42,100
3137,10:51:06,$ 3631.43,205
3138,10:51:06,$ 3631.06,100
3139,10:51:05,$ 3631.01,100
3140,10:51:05,$ 3631.01,100
3141,10:51:05,$ 3631.07,100
3142,10:51:05,$ 3631.07,100
3143,10:51:05,$ 3631.07,100
3144,10:51:05,$ 3631.04,100
3146,10:51:05,$ 3631.20,100
3147,10:51:03,$ 3630.0255,200
3148,10:51:02,$ 3630.43,100
3149,10:51:02,$ 3630.45,100
3150,10:51:02,$ 3630.36,100
3151,10:50:59,$ 3630.13,100
3152,10:50:59,$ 3629.28,100
3153,10:50:59,$ 3629.50,100
3154,10:50:59,$ 3629.28,100
3155,10:50:59,$ 3629.565,100
3156,10:50:59,$ 3629.51,100
3157,10:50:59,$ 3630.03,100
3158,10:50:59,$ 3630.00,102
3159,10:50:58,$ 3630.71,100
3160,10:50:56,$ 3630.475,100
3161,10:50:42,$ 3630.25,100
3162,10:50:34,$ 3630.93,100
3163,10:50:34,$ 3630.93,100
3164,10:50:13,$ 3630.63,100
3165,10:50:10,$ 3629.85,100
3167,10:50:01,$ 3629.7101,600
3168,10:49:06,$ 3627.236,100
3169,10:48:53,$ 3627.93,100
3170,10:48:53,$ 3627.78,100
3171,10:48:53,$ 3627.945,100
3172,10:48:53,$ 3627.59,100
3173,10:48:38,$ 3627.685,100
3174,10:48:38,$ 3627.49,100
3175,10:48:38,$ 3627.75,100
3176,10:48:38,$ 3627.69,100
3177,10:48:38,$ 3627.51,100
3178,10:48:38,$ 3627.75,100
3179,10:48:38,$ 3627.85,300
3180,10:48:36,$ 3627.00,"1,744"
3181,10:48:36,$ 3627.40,100
3182,10:48:23,$ 3628.00,102
3183,10:48:16,$ 3628.22,100
3184,10:48:13,$ 3628.38,100
3185,10:48:03,$ 3628.0699,100
3186,10:47:59,$ 3627.009,482
3188,10:47:59,$ 3627.45,100
3189,10:47:57,$ 3627.00,100
3190,10:47:54,$ 3628.285,100
3191,10:47:54,$ 3628.285,100
3192,10:47:54,$ 3628.09,100
3193,10:47:41,$ 3629.26,100
3194,10:47:29,$ 3630.19,140
3195,10:46:54,$ 3630.45,100
3196,10:46:51,$ 3629.3387,400
3197,10:46:35,$ 3629.94,100
3198,10:46:20,$ 3629.33,100
3199,10:45:46,$ 3629.045,100
3200,10:45:40,$ 3629.22,100
3201,10:45:29,$ 3628.62,100
3202,10:45:19,$ 3628.78,100
3203,10:45:19,$ 3628.71,100
3204,10:45:19,$ 3628.78,100
3205,10:45:19,$ 3628.685,100
3206,10:45:19,$ 3628.59,100
3207,10:45:19,$ 3628.64,100
3209,10:45:18,$ 3627.96,100
3210,10:45:14,$ 3627.97,100
3211,10:45:13,$ 3627.995,100
3212,10:45:02,$ 3628.025,100
3213,10:45:02,$ 3628.195,100
3214,10:44:59,$ 3628.38,100
3215,10:44:55,$ 3628.7925,150
3216,10:44:54,$ 3628.765,100
3217,10:44:45,$ 3628.63,100
3218,10:44:45,$ 3629.41,100
3219,10:44:44,$ 3629.15,100
3220,10:44:42,$ 3629.26,100
3221,10:44:41,$ 3628.53,100
3222,10:44:41,$ 3628.895,100
3223,10:44:33,$ 3628.40,100
3224,10:44:30,$ 3629.005,100
3225,10:44:30,$ 3628.98,100
3226,10:44:30,$ 3628.45,100
3227,10:44:19,$ 3628.98,100
3228,10:44:19,$ 3629.165,100
3230,10:44:19,$ 3628.53,100
3231,10:44:15,$ 3628.5201,421
3232,10:44:10,$ 3629.245,100
3233,10:44:10,$ 3628.73,200
3234,10:44:10,$ 3629.24,200
3235,10:44:09,$ 3628.9401,155
3236,10:44:05,$ 3629.52,100
3237,10:44:04,$ 3629.26,100
3238,10:44:04,$ 3629.26,100
3239,10:43:59,$ 3629.68,200
3240,10:43:59,$ 3629.26,100
3241,10:43:55,$ 3628.97,100
3242,10:43:35,$ 3628.4471,100
3243,10:43:25,$ 3628.81,100
3244,10:43:25,$ 3629.45,100
3245,10:43:25,$ 3628.85,100
3246,10:43:01,$ 3630.25,100
3247,10:42:58,$ 3629.745,100
3248,10:42:57,$ 3630.23,100
3249,10:42:53,$ 3630.25,100
3251,10:42:53,$ 3630.19,100
3252,10:42:45,$ 3630.645,100
3253,10:42:45,$ 3630.99,100
3254,10:42:41,$ 3631.00,185
3255,10:42:41,$ 3630.77,100
3256,10:42:31,$ 3630.25,100
3257,10:42:31,$ 3629.84,200
3258,10:42:31,$ 3629.845,200
3259,10:42:28,$ 3629.905,150
3260,10:42:04,$ 3630.00,100
3261,10:41:45,$ 3629.47,100
3262,10:41:12,$ 3628.285,103
3263,10:41:05,$ 3628.68,100
3264,10:41:05,$ 3627.7001,100
3265,10:41:03,$ 3628.49,100
3266,10:41:03,$ 3628.794,100
3267,10:41:03,$ 3628.60,100
3268,10:41:03,$ 3628.735,100
3269,10:41:03,$ 3628.89,672
3270,10:41:03,$ 3628.295,100
3272,10:41:03,$ 3628.40,100
3273,10:41:03,$ 3628.33,100
3274,10:41:03,$ 3628.90,100
3275,10:41:03,$ 3628.295,100
3276,10:41:02,$ 3627.91,100
3277,10:41:01,$ 3628.89,100
3278,10:40:45,$ 3626.69,100
3279,10:40:43,$ 3626.18,551
3280,10:40:28,$ 3625.98,100
3281,10:40:16,$ 3626.35,100
3282,10:39:58,$ 3625.685,100
3283,10:39:56,$ 3625.69,100
3284,10:39:51,$ 3625.0479,500
3285,10:39:51,$ 3625.39,100
3286,10:39:51,$ 3625.40,201
3287,10:39:48,$ 3626.25,100
3288,10:39:48,$ 3626.25,105
3289,10:39:46,$ 3626.76,100
3290,10:39:41,$ 3626.62,100
3291,10:39:41,$ 3627.48,100
3293,10:39:37,$ 3627.70,100
3294,10:39:37,$ 3627.72,100
3295,10:38:49,$ 3630.145,100
3296,10:38:49,$ 3629.31,100
3297,10:38:49,$ 3629.30,100
3298,10:38:49,$ 3629.32,100
3299,10:38:49,$ 3629.69,100
3300,10:38:46,$ 3630.70,100
3301,10:38:46,$ 3630.145,100
3302,10:38:38,$ 3630.47,300
3303,10:38:30,$ 3630.98,100
3304,10:38:24,$ 3630.92,100
3305,10:38:24,$ 3630.92,101
3306,10:38:16,$ 3630.95,100
3307,10:38:13,$ 3630.95,100
3308,10:38:13,$ 3630.92,100
3309,10:38:13,$ 3631.00,200
3310,10:38:13,$ 3631.00,100
3311,10:38:01,$ 3629.94,100
3312,10:38:01,$ 3629.94,100
3314,10:38:01,$ 3629.94,100
3315,10:37:56,$ 3629.87,100
3316,10:37:42,$ 3628.55,100
3317,10:37:29,$ 3629.916,500
3318,10:37:12,$ 3629.27,100
3319,10:37:05,$ 3630.19,100
3320,10:37:04,$ 3629.5118,926
3321,10:37:02,$ 3629.68,100
3322,10:36:51,$ 3630.39,100
3323,10:36:51,$ 3630.39,100
3324,10:36:51,$ 3630.39,100
3325,10:36:48,$ 3629.81,100
3326,10:36:48,$ 3629.17,100
3327,10:36:48,$ 3628.945,100
3328,10:36:25,$ 3627.80,200
3329,10:36:25,$ 3627.80,100
3330,10:36:25,$ 3627.80,100
3331,10:36:25,$ 3627.81,100
3332,10:36:11,$ 3628.00,100
3333,10:36:04,$ 3628.543,359
3335,10:36:00,$ 3628.18,100
3336,10:36:00,$ 3628.18,100
3337,10:35:49,$ 3628.1799,110
3338,10:35:49,$ 3628.10,100
3339,10:35:48,$ 3628.047,200
3340,10:35:47,$ 3628.00,100
3341,10:35:47,$ 3628.26,100
3342,10:35:46,$ 3628.115,100
3343,10:35:37,$ 3629.16,100
3344,10:35:37,$ 3629.16,100
3345,10:35:37,$ 3629.16,100
3346,10:35:32,$ 3628.60,593
3347,10:35:27,$ 3629.1963,100
3348,10:35:27,$ 3629.125,100
3349,10:35:27,$ 3628.43,100
3350,10:35:27,$ 3628.43,100
3351,10:35:26,$ 3628.9009,100
3352,10:35:25,$ 3628.73,100
3353,10:35:25,$ 3628.72,100
3354,10:35:24,$ 3629.37,100
3356,10:35:15,$ 3628.9995,100
3357,10:35:15,$ 3628.99,100
3358,10:35:14,$ 3628.8785,100
3359,10:35:14,$ 3628.66,100
3360,10:35:14,$ 3628.0391,500
3361,10:35:13,$ 3627.64,600
3362,10:35:09,$ 3628.265,100
3363,10:35:09,$ 3627.6401,433
3364,10:35:09,$ 3628.3797,600
3365,10:34:33,$ 3628.44,100
3366,10:34:31,$ 3628.21,100
3367,10:34:31,$ 3628.00,100
3368,10:34:31,$ 3627.918,100
3369,10:34:20,$ 3626.88,100
3370,10:34:09,$ 3626.57,110
3371,10:34:09,$ 3626.43,100
3372,10:34:09,$ 3626.43,100
3373,10:34:08,$ 3626.09,100
3374,10:34:08,$ 3626.05,100
3375,10:34:08,$ 3626.274,100
3377,10:34:08,$ 3626.33,100
3378,10:33:32,$ 3626.235,100
3379,10:33:30,$ 3626.9899,"1,000"
3380,10:33:25,$ 3626.0831,"1,000"
3381,10:33:24,$ 3625.4301,100
3382,10:32:58,$ 3627.24,100
3383,10:32:52,$ 3627.2341,100
3384,10:32:50,$ 3627.02,100
3385,10:32:44,$ 3627.28,100
3386,10:32:44,$ 3627.28,100
3387,10:32:44,$ 3627.28,175
3388,10:32:44,$ 3627.28,100
3389,10:32:44,$ 3627.28,100
3390,10:32:44,$ 3627.28,100
3391,10:32:39,$ 3627.28,100
3392,10:32:35,$ 3627.7792,100
3393,10:32:34,$ 3627.50,185
3394,10:32:33,$ 3627.3298,150
3395,10:32:21,$ 3626.525,100
3396,10:32:20,$ 3626.27,260
3398,10:32:19,$ 3625.805,100
3399,10:32:19,$ 3625.41,100
3400,10:32:14,$ 3625.22,100
3401,10:32:14,$ 3624.948,100
3402,10:32:14,$ 3624.948,100
3403,10:32:14,$ 3625.22,100
3404,10:32:13,$ 3625.34,100
3405,10:32:11,$ 3625.30,100
3406,10:32:11,$ 3625.30,100
3407,10:32:05,$ 3626.74,100
3408,10:32:05,$ 3626.6999,100
3409,10:32:05,$ 3626.70,100
3410,10:32:04,$ 3626.59,100
3411,10:32:04,$ 3626.59,100
3412,10:31:52,$ 3625.09,288
3413,10:31:52,$ 3625.33,100
3414,10:31:52,$ 3625.804,292
3415,10:31:51,$ 3625.96,100
3416,10:31:51,$ 3625.95,100
3417,10:31:51,$ 3625.81,100
3419,10:31:51,$ 3625.96,100
3420,10:31:51,$ 3625.88,100
3421,10:31:51,$ 3625.75,100
3422,10:31:51,$ 3625.96,100
3423,10:31:51,$ 3625.09,100
3424,10:31:51,$ 3625.9873,500
3425,10:31:51,$ 3625.99,100
3426,10:31:51,$ 3625.985,100
3427,10:31:51,$ 3625.54,100
3428,10:31:51,$ 3625.63,100
3429,10:31:19,$ 3624.17,100
3430,10:31:18,$ 3624.325,100
3431,10:31:14,$ 3623.72,100
3432,10:31:05,$ 3623.03,100
3433,10:30:50,$ 3622.05,121
3434,10:30:37,$ 3622.76,100
3435,10:30:37,$ 3622.76,100
3436,10:30:37,$ 3622.76,100
3437,10:30:37,$ 3622.63,100
3438,10:30:37,$ 3622.47,100
3440,10:30:37,$ 3622.76,100
3441,10:30:37,$ 3622.76,100
3442,10:30:37,$ 3622.75,100
3443,10:30:37,$ 3622.75,100
3444,10:30:37,$ 3622.75,100
3445,10:30:31,$ 3622.14,100
3446,10:30:21,$ 3623.31,100
3447,10:30:16,$ 3623.39,100
3448,10:30:10,$ 3623.6626,150
3450,11:29:06,$ 3614.78,100
3451,11:29:06,$ 3614.78,300
3452,11:29:06,$ 3615.36,146
3453,11:28:51,$ 3616.01,100
3454,11:28:49,$ 3617.6908,500
3455,11:27:54,$ 3615.18,100
3456,11:27:52,$ 3615.20,100
3457,11:27:50,$ 3615.585,200
3458,11:27:50,$ 3615.25,100
3459,11:27:31,$ 3615.5015,141
3460,11:27:16,$ 3615.2201,300
3461,11:26:56,$ 3615.45,100
3462,11:26:22,$ 3618.0001,500
3463,11:26:14,$ 3619.94,100
3464,11:24:35,$ 3620.00,900
3465,11:24:35,$ 3620.00,361
3466,11:24:35,$ 3620.00,100
3467,11:24:35,$ 3619.92,100
3468,11:24:35,$ 3620.00,238
3469,11:24:35,$ 3620.00,100
3471,11:24:24,$ 3619.065,100
3472,11:24:15,$ 3618.33,200
3473,11:23:47,$ 3617.34,104
3474,11:23:43,$ 3617.34,300
3475,11:23:27,$ 3616.062,311
3476,11:23:27,$ 3617.17,100
3477,11:23:27,$ 3617.11,100
3478,11:23:13,$ 3617.92,130
3479,11:23:05,$ 3616.98,100
3480,11:22:38,$ 3616.80,100
3481,11:22:38,$ 3617.94,100
3482,11:22:33,$ 3618.87,100
3483,11:22:33,$ 3618.44,100
3484,11:21:51,$ 3618.92,100
3485,11:21:37,$ 3618.0437,300
3486,11:21:26,$ 3619.3629,100
3487,11:20:52,$ 3618.855,500
3488,11:20:31,$ 3618.5715,200
3489,11:20:20,$ 3617.75,100
3490,11:20:00,$ 3617.00,100
3492,11:20:00,$ 3617.00,100
3493,11:19:50,$ 3616.405,100
3494,11:19:45,$ 3616.26,100
3495,11:19:45,$ 3614.54,100
3496,11:19:25,$ 3615.23,100
3497,11:19:20,$ 3615.5403,500
3498,11:19:18,$ 3616.67,100
3499,11:19:18,$ 3617.06,100
3500,11:19:18,$ 3617.00,125
3501,11:19:04,$ 3617.01,100
3502,11:19:00,$ 3617.9863,103
3503,11:18:29,$ 3617.99,120
3504,11:18:24,$ 3616.835,100
3505,11:18:18,$ 3616.835,150
3506,11:18:12,$ 3616.6914,300
3507,11:17:55,$ 3616.3648,100
3508,11:17:54,$ 3617.00,400
3509,11:17:54,$ 3617.00,100
3510,11:17:54,$ 3617.00,100
3511,11:17:51,$ 3615.99,100
3513,11:17:50,$ 3616.00,100
3514,11:17:50,$ 3615.9705,100
3515,11:17:50,$ 3615.9727,100
3516,11:17:50,$ 3616.00,100
3517,11:17:50,$ 3616.13,100
3518,11:17:47,$ 3615.8046,100
3519,11:17:34,$ 3615.773,100
3520,11:17:31,$ 3616.65,143
3521,11:17:27,$ 3616.80,100
3522,11:17:25,$ 3616.105,100
3523,11:17:25,$ 3615.80,100
3524,11:16:49,$ 3615.05,100
3525,11:16:49,$ 3614.97,100
3526,11:16:41,$ 3614.075,100
3527,11:16:39,$ 3614.50,100
3528,11:16:27,$ 3613.1601,100
3529,11:16:22,$ 3614.4604,500
3530,11:16:21,$ 3614.07,100
3531,11:16:14,$ 3612.51,100
3532,11:16:14,$ 3612.23,100
3534,11:16:12,$ 3613.16,192
3535,11:16:12,$ 3613.00,100
3536,11:16:09,$ 3613.12,100
3537,11:16:04,$ 3613.74,100
3538,11:16:04,$ 3613.75,100
3539,11:15:57,$ 3613.06,100
3540,11:15:57,$ 3613.43,100
3541,11:15:57,$ 3613.05,100
3542,11:15:57,$ 3613.05,100
3543,11:15:57,$ 3613.89,811
3544,11:15:45,$ 3613.875,100
3545,11:15:30,$ 3613.62,100
3546,11:15:21,$ 3614.98,493
3547,11:15:21,$ 3614.99,100
3548,11:15:01,$ 3615.6307,500
3549,11:15:01,$ 3616.56,100
3550,11:15:01,$ 3616.00,100
3551,11:15:00,$ 3616.00,100
3552,11:14:46,$ 3614.45,100
3553,11:14:45,$ 3615.77,100
3555,11:14:45,$ 3615.78,100
3556,11:14:21,$ 3614.5768,100
3557,11:14:21,$ 3614.19,100
3558,11:14:21,$ 3614.19,100
3559,11:14:21,$ 3614.5717,100
3560,11:14:04,$ 3614.25,100
3561,11:14:04,$ 3615.00,729
3562,11:13:54,$ 3615.0001,100
3563,11:13:53,$ 3615.0001,100
3564,11:13:25,$ 3615.10,100
3565,11:13:25,$ 3615.26,100
3566,11:13:23,$ 3615.2801,100
3567,11:13:23,$ 3615.95,100
3568,11:13:01,$ 3617.01,100
3569,11:13:01,$ 3617.01,100
3570,11:13:01,$ 3617.00,100
3571,11:12:40,$ 3616.945,100
3572,11:12:09,$ 3616.00,291
3573,11:12:02,$ 3616.91,500
3574,11:11:59,$ 3616.5301,273
3576,11:11:56,$ 3617.735,100
3577,11:11:53,$ 3617.44,100
3578,11:11:48,$ 3617.615,500
3579,11:11:35,$ 3616.815,100
3580,11:11:33,$ 3616.815,100
3581,11:11:26,$ 3616.50,100
3582,11:11:04,$ 3618.42,120
3583,11:11:04,$ 3617.98,100
3584,11:10:48,$ 3617.9299,600
3585,11:10:41,$ 3617.1049,100
3586,11:10:35,$ 3619.2099,100
3587,11:10:31,$ 3616.9647,100
3588,11:10:20,$ 3616.56,100
3589,11:10:19,$ 3616.54,100
3590,11:10:19,$ 3616.64,100
3591,11:10:14,$ 3618.46,100
3592,11:10:02,$ 3618.79,100
3593,11:10:02,$ 3618.70,100
3594,11:10:01,$ 3619.06,100
3595,11:10:00,$ 3619.48,100
3597,11:10:00,$ 3619.7121,"1,000"
3598,11:09:56,$ 3619.84,"1,000"
3599,11:09:45,$ 3619.08,100
3600,11:09:39,$ 3619.855,100
3601,11:09:38,$ 3620.0572,"1,000"
3602,11:09:33,$ 3620.9799,"1,000"
3603,11:09:33,$ 3619.67,100
3604,11:09:18,$ 3619.58,100
3605,11:08:59,$ 3620.07,100
3606,11:08:59,$ 3620.07,100
3607,11:08:51,$ 3620.395,100
3608,11:08:40,$ 3620.08,100
3609,11:08:30,$ 3620.6175,100
3610,11:08:30,$ 3620.615,100
3611,11:08:00,$ 3620.495,100
3612,11:07:56,$ 3620.495,100
3613,11:07:53,$ 3620.335,200
3614,11:07:44,$ 3620.52,100
3615,11:07:44,$ 3620.54,100
3616,11:07:28,$ 3621.05,100
3618,11:07:20,$ 3621.39,"1,000"
3619,11:07:18,$ 3621.08,"1,000"
3620,11:07:18,$ 3620.4501,145
3621,11:07:03,$ 3620.045,100
3622,11:07:03,$ 3622.08,100
3623,11:07:01,$ 3618.8111,100
3624,11:06:47,$ 3620.305,"1,000"
3625,11:06:47,$ 3621.30,540
3626,11:06:47,$ 3619.76,100
3627,11:06:45,$ 3619.72,241
3628,11:06:45,$ 3619.68,100
3629,11:06:45,$ 3619.67,100
3630,11:06:45,$ 3619.67,100
3631,11:06:45,$ 3619.67,100
3632,11:06:45,$ 3619.62,100
3633,11:06:44,$ 3619.76,100
3634,11:06:41,$ 3618.56,160
3635,11:06:40,$ 3618.54,100
3636,11:06:40,$ 3619.09,100
3637,11:06:40,$ 3618.5401,100
3639,11:06:40,$ 3618.54,100
3640,11:06:40,$ 3618.5401,100
3641,11:06:40,$ 3618.5401,100
3642,11:06:40,$ 3618.5401,100
3643,11:06:40,$ 3618.54,100
3644,11:06:25,$ 3620.37,100
3645,11:06:24,$ 3618.9301,100
3646,11:06:23,$ 3620.39,100
3647,11:06:18,$ 3620.2661,439
3648,11:06:10,$ 3619.79,"1,000"
3649,11:06:10,$ 3619.85,100
3650,11:06:10,$ 3620.815,100
3651,11:06:07,$ 3620.0001,180
3652,11:05:55,$ 3621.48,"1,000"
3653,11:05:41,$ 3621.78,100
3654,11:05:41,$ 3621.92,100
3655,11:05:41,$ 3621.95,100
3656,11:05:41,$ 3622.00,100
3657,11:05:27,$ 3621.29,100
3658,11:05:18,$ 3622.2892,500
3660,11:05:17,$ 3621.36,100
3661,11:05:14,$ 3621.37,100
3662,11:05:08,$ 3622.92,500
3663,11:04:25,$ 3624.005,100
3664,11:04:25,$ 3624.98,500
3665,11:04:24,$ 3624.50,100
3666,11:03:39,$ 3625.9503,200
3667,11:03:37,$ 3625.00,100
3668,11:03:32,$ 3625.055,100
3669,11:03:31,$ 3626.01,100
3670,11:03:30,$ 3626.071,200
3671,11:03:30,$ 3626.995,100
3672,11:03:18,$ 3627.94,100
3673,11:03:18,$ 3627.93,100
3674,11:03:12,$ 3626.93,200
3675,11:03:02,$ 3625.87,100
3676,11:02:56,$ 3624.975,300
3677,11:02:31,$ 3624.05,100
3678,11:02:29,$ 3624.874,100
3679,11:02:29,$ 3624.982,100
3681,11:02:29,$ 3624.80,100
3682,11:02:24,$ 3622.66,100
3683,11:02:21,$ 3624.41,100
3684,11:02:21,$ 3624.19,100
3685,11:02:20,$ 3623.52,100
3686,11:02:20,$ 3623.45,100
3687,11:02:19,$ 3622.29,100
3688,11:02:15,$ 3621.755,100
3689,11:02:05,$ 3622.40,100
3690,11:01:55,$ 3620.84,100
3691,11:01:21,$ 3620.64,100
3692,11:01:13,$ 3621.71,200
3693,11:01:13,$ 3621.71,700
3694,11:01:13,$ 3621.66,100
3695,11:01:13,$ 3620.847,200
3696,11:01:13,$ 3620.62,100
3697,11:01:13,$ 3618.596,100
3698,11:01:13,$ 3618.62,100
3699,11:01:13,$ 3618.62,100
3700,11:01:13,$ 3618.62,100
3702,11:00:53,$ 3616.00,206
3703,11:00:53,$ 3619.43,100
3704,11:00:53,$ 3619.97,100
3705,11:00:52,$ 3619.35,270
3706,11:00:50,$ 3619.92,100
3707,11:00:37,$ 3619.9496,100
3708,11:00:16,$ 3621.37,222
3709,11:00:11,$ 3621.12,100
3710,11:00:11,$ 3621.12,100
3711,11:00:11,$ 3621.12,100
3713,11:59:51,$ 3619.38,100
3714,11:59:50,$ 3620.1704,690
3715,11:59:50,$ 3620.58,100
3716,11:59:50,$ 3620.81,100
3717,11:59:49,$ 3621.13,100
3718,11:59:49,$ 3621.50,100
3719,11:59:45,$ 3621.8584,300
3720,11:59:43,$ 3622.00,744
3721,11:59:43,$ 3622.00,100
3722,11:59:43,$ 3622.36,100
3723,11:59:03,$ 3623.46,100
3724,11:59:03,$ 3623.27,100
3725,11:58:57,$ 3623.64,110
3726,11:58:28,$ 3625.01,100
3727,11:58:28,$ 3625.01,100
3728,11:58:26,$ 3626.5202,140
3729,11:58:13,$ 3625.7717,740
3730,11:58:05,$ 3626.20,400
3731,11:57:29,$ 3624.7551,100
3732,11:57:19,$ 3624.62,100
3734,11:56:42,$ 3624.50,100
3735,11:56:40,$ 3624.00,100
3736,11:56:40,$ 3623.515,100
3737,11:56:25,$ 3623.52,100
3738,11:56:25,$ 3623.99,600
3739,11:56:12,$ 3623.855,100
3740,11:55:52,$ 3624.195,500
3741,11:55:37,$ 3624.0707,100
3742,11:55:02,$ 3624.95,100
3743,11:55:02,$ 3624.89,100
3744,11:55:02,$ 3624.88,100
3745,11:55:00,$ 3624.14,100
3746,11:53:33,$ 3623.00,100
3747,11:53:33,$ 3622.31,100
3748,11:53:24,$ 3623.035,100
3749,11:53:10,$ 3623.16,500
3750,11:53:03,$ 3624.84,100
3751,11:53:03,$ 3624.89,100
3752,11:53:03,$ 3624.00,100
3753,11:52:59,$ 3623.5501,422
3755,11:52:46,$ 3624.18,100
3756,11:52:46,$ 3624.17,100
3757,11:52:46,$ 3624.052,321
3758,11:52:46,$ 3624.052,100
3759,11:52:46,$ 3624.42,100
3760,11:52:44,$ 3623.70,100
3761,11:52:44,$ 3623.71,100
3762,11:52:42,$ 3623.35,100
3763,11:51:47,$ 3622.94,100
3764,11:51:23,$ 3622.57,100
3765,11:51:23,$ 3622.00,480
3766,11:51:23,$ 3622.11,100
3767,11:51:23,$ 3622.00,291
3768,11:51:04,$ 3621.48,100
3769,11:50:44,$ 3620.90,100
3770,11:50:42,$ 3620.94,300
3771,11:50:41,$ 3620.47,100
3772,11:50:39,$ 3620.1792,100
3773,11:50:36,$ 3620.56,100
3774,11:50:36,$ 3620.14,100
3776,11:50:36,$ 3619.64,100
3777,11:50:36,$ 3619.52,100
3778,11:50:36,$ 3619.33,100
3779,11:50:36,$ 3619.38,100
3780,11:50:36,$ 3619.55,100
3781,11:50:36,$ 3619.56,100
3782,11:50:31,$ 3619.035,100
3783,11:50:07,$ 3619.89,168
3784,11:49:16,$ 3619.16,100
3785,11:48:56,$ 3618.725,100
3786,11:48:38,$ 3618.10,100
3787,11:48:37,$ 3617.92,100
3788,11:48:37,$ 3617.78,100
3789,11:48:37,$ 3617.60,100
3790,11:48:35,$ 3617.27,200
3791,11:48:35,$ 3617.27,117
3792,11:48:27,$ 3617.27,100
3793,11:48:27,$ 3617.14,100
3794,11:47:25,$ 3618.07,100
3795,11:47:11,$ 3618.23,100
3797,11:47:07,$ 3617.9999,100
3798,11:47:04,$ 3618.03,147
3799,11:47:04,$ 3618.00,100
3800,11:47:02,$ 3618.60,100
3801,11:46:55,$ 3618.96,100
3802,11:46:53,$ 3619.21,100
3803,11:46:50,$ 3618.27,100
3804,11:46:50,$ 3618.27,133
3805,11:46:47,$ 3618.295,100
3806,11:46:47,$ 3618.27,100
3807,11:46:44,$ 3619.54,100
3808,11:46:18,$ 3618.97,100
3809,11:46:16,$ 3619.53,100
3810,11:46:16,$ 3619.29,244
3811,11:46:14,$ 3619.442,125
3812,11:46:12,$ 3619.65,100
3813,11:45:50,$ 3621.13,100
3814,11:45:46,$ 3621.14,100
3815,11:45:44,$ 3621.20,100
3816,11:45:44,$ 3622.22,280
3818,11:45:35,$ 3622.68,500
3819,11:45:33,$ 3622.0101,200
3820,11:44:26,$ 3621.81,100
3821,11:44:24,$ 3621.575,100
3822,11:44:16,$ 3623.00,100
3823,11:44:16,$ 3623.00,122
3824,11:44:12,$ 3623.05,100
3825,11:44:04,$ 3623.62,100
3826,11:43:08,$ 3623.505,100
3827,11:43:08,$ 3623.49,100
3828,11:43:01,$ 3623.79,200
3829,11:42:57,$ 3622.8999,150
3830,11:42:56,$ 3622.135,100
3831,11:42:52,$ 3622.135,109
3832,11:42:51,$ 3621.11,100
3833,11:42:38,$ 3622.1366,800
3834,11:42:37,$ 3621.1375,"1,000"
3835,11:42:26,$ 3621.51,100
3836,11:42:18,$ 3621.91,100
3837,11:42:17,$ 3621.28,100
3839,11:42:17,$ 3621.955,100
3840,11:42:17,$ 3621.98,100
3841,11:42:01,$ 3620.52,100
3842,11:42:01,$ 3621.45,100
3843,11:41:55,$ 3621.4699,100
3844,11:41:53,$ 3620.615,600
3845,11:41:51,$ 3620.9999,100
3846,11:41:44,$ 3620.47,100
3847,11:41:15,$ 3619.90,100
3848,11:41:14,$ 3619.9015,100
3849,11:41:14,$ 3619.9381,100
3850,11:41:14,$ 3619.9015,100
3851,11:41:14,$ 3619.9015,100
3852,11:41:14,$ 3619.9015,100
3853,11:41:14,$ 3620.38,100
3854,11:41:14,$ 3620.44,100
3855,11:41:14,$ 3620.60,100
3856,11:41:14,$ 3620.69,100
3857,11:40:50,$ 3619.76,100
3858,11:40:46,$ 3620.9999,500
3860,11:40:45,$ 3619.99,100
3861,11:40:45,$ 3620.00,100
3862,11:40:34,$ 3619.35,100
3863,11:40:21,$ 3618.815,100
3864,11:40:21,$ 3618.24,100
