,NLS Time (ET),NLS Price,NLS Share Volume
1,09:59:58,$ 3316.6001,101
2,09:59:56,$ 3317.62,100
3,09:59:42,$ 3317.845,100
4,09:59:20,$ 3318.555,100
5,09:59:20,$ 3318.81,100
6,09:59:20,$ 3317.82,100
7,09:59:20,$ 3318.85,100
8,09:59:20,$ 3317.825,100
9,09:59:15,$ 3319.21,100
10,09:59:06,$ 3319.255,100
11,09:59:03,$ 3319.442,500
12,09:58:56,$ 3318.21,100
13,09:58:34,$ 3319.40,100
14,09:58:31,$ 3318.80,103
15,09:58:17,$ 3320.255,200
16,09:58:04,$ 3320.745,122
17,09:57:59,$ 3320.09,100
18,09:57:49,$ 3319.15,320
19,09:57:49,$ 3318.70,136
20,09:57:49,$ 3319.35,100
22,09:57:48,$ 3318.695,100
23,09:57:48,$ 3318.695,100
24,09:57:44,$ 3319.17,150
25,09:57:38,$ 3318.40,100
26,09:57:38,$ 3318.42,400
27,09:57:33,$ 3318.37,250
28,09:57:30,$ 3318.36,100
29,09:57:30,$ 3318.52,100
30,09:57:30,$ 3318.04,100
31,09:57:30,$ 3318.62,100
32,09:57:30,$ 3318.62,100
33,09:57:30,$ 3318.18,100
34,09:57:30,$ 3318.16,100
35,09:57:26,$ 3319.335,100
36,09:57:21,$ 3319.15,500
37,09:57:20,$ 3319.6675,100
38,09:57:20,$ 3319.77,100
39,09:57:20,$ 3320.0375,100
40,09:57:20,$ 3319.68,100
41,09:57:20,$ 3319.71,100
43,09:57:13,$ 3320.075,311
44,09:57:08,$ 3319.98,100
45,09:57:08,$ 3319.98,100
46,09:57:08,$ 3319.785,100
47,09:57:07,$ 3319.82,200
48,09:57:07,$ 3320.30,100
49,09:57:01,$ 3321.03,200
50,09:57:00,$ 3321.25,100
51,09:57:00,$ 3321.43,100
52,09:56:17,$ 3320.99,300
53,09:56:00,$ 3319.955,100
54,09:56:00,$ 3319.955,400
55,09:56:00,$ 3319.955,100
56,09:55:59,$ 3319.95,500
57,09:55:44,$ 3320.4594,250
58,09:55:42,$ 3319.9453,100
59,09:55:39,$ 3320.00,100
60,09:55:39,$ 3319.95,187
61,09:55:39,$ 3319.95,150
62,09:55:38,$ 3320.99,400
64,09:55:19,$ 3320.85,200
65,09:55:15,$ 3322.00,100
66,09:54:58,$ 3322.36,100
67,09:54:37,$ 3322.00,217
68,09:54:37,$ 3322.00,100
69,09:54:37,$ 3321.82,100
70,09:54:37,$ 3321.89,100
71,09:54:37,$ 3321.91,100
72,09:54:37,$ 3321.97,100
73,09:54:23,$ 3320.53,100
74,09:54:23,$ 3320.53,100
75,09:54:14,$ 3321.865,200
76,09:54:12,$ 3321.844,107
77,09:54:12,$ 3321.29,107
78,09:54:11,$ 3321.875,100
79,09:53:58,$ 3322.68,100
80,09:53:57,$ 3322.02,100
81,09:53:56,$ 3322.00,200
82,09:53:56,$ 3322.00,100
83,09:53:43,$ 3322.00,100
85,09:53:43,$ 3322.00,100
86,09:53:40,$ 3320.4136,300
87,09:53:32,$ 3319.33,500
88,09:53:27,$ 3319.10,100
89,09:53:20,$ 3318.31,104
90,09:52:56,$ 3321.001,100
91,09:52:55,$ 3321.75,100
92,09:52:53,$ 3320.99,100
93,09:52:53,$ 3320.45,123
94,09:52:35,$ 3320.035,100
95,09:52:32,$ 3320.38,100
96,09:52:26,$ 3319.55,100
97,09:52:25,$ 3319.93,100
98,09:52:18,$ 3320.70,100
99,09:52:18,$ 3320.70,100
100,09:52:18,$ 3321.645,100
101,09:52:07,$ 3322.77,100
102,09:52:04,$ 3322.80,100
103,09:52:04,$ 3322.85,100
104,09:51:59,$ 3322.84,100
106,09:51:48,$ 3322.85,100
107,09:51:46,$ 3323.04,100
108,09:51:46,$ 3322.22,100
109,09:51:43,$ 3322.9608,100
110,09:51:43,$ 3322.3625,100
111,09:51:43,$ 3322.215,100
112,09:51:43,$ 3322.9608,100
113,09:51:43,$ 3322.215,100
114,09:51:43,$ 3322.9608,100
115,09:51:43,$ 3322.215,100
116,09:51:43,$ 3322.951,100
117,09:51:43,$ 3322.951,300
118,09:51:43,$ 3322.951,500
119,09:51:43,$ 3322.21,300
120,09:51:43,$ 3322.215,400
121,09:51:43,$ 3322.3243,400
122,09:51:43,$ 3322.00,100
123,09:51:43,$ 3322.00,100
124,09:51:43,$ 3322.78,100
125,09:51:43,$ 3322.335,100
127,09:51:43,$ 3322.02,100
128,09:51:43,$ 3322.35,100
129,09:51:43,$ 3321.30,100
130,09:51:43,$ 3321.51,100
131,09:51:43,$ 3321.775,100
132,09:51:29,$ 3322.865,100
133,09:51:29,$ 3322.97,100
134,09:51:24,$ 3324.01,250
135,09:51:22,$ 3323.6254,100
136,09:51:11,$ 3324.23,100
137,09:51:10,$ 3323.81,100
138,09:51:10,$ 3323.62,100
139,09:51:10,$ 3323.87,100
140,09:51:09,$ 3324.00,100
141,09:51:09,$ 3324.62,100
142,09:51:08,$ 3323.80,100
143,09:51:08,$ 3324.44,100
144,09:51:07,$ 3323.065,100
145,09:51:07,$ 3323.50,100
146,09:51:07,$ 3323.46,100
148,09:51:07,$ 3323.48,100
149,09:51:07,$ 3322.94,100
150,09:51:07,$ 3323.49,100
151,09:51:07,$ 3323.50,100
152,09:51:07,$ 3323.14,100
153,09:51:07,$ 3323.51,100
154,09:51:07,$ 3323.04,500
155,09:51:06,$ 3322.0801,150
156,09:51:06,$ 3322.2488,100
157,09:51:05,$ 3323.81,100
158,09:51:05,$ 3322.67,100
159,09:51:04,$ 3323.52,100
160,09:51:04,$ 3323.7737,339
161,09:51:04,$ 3323.08,100
162,09:51:03,$ 3321.25,100
163,09:51:03,$ 3320.75,100
164,09:50:57,$ 3321.1717,300
165,09:50:55,$ 3321.44,100
166,09:50:50,$ 3321.765,100
167,09:50:47,$ 3320.82,100
169,09:50:47,$ 3320.81,100
170,09:50:40,$ 3320.82,100
171,09:50:25,$ 3321.16,100
172,09:50:25,$ 3320.86,100
173,09:50:25,$ 3321.16,100
174,09:50:24,$ 3321.17,100
175,09:50:20,$ 3321.88,100
176,09:50:10,$ 3321.215,100
177,09:50:10,$ 3321.00,100
178,09:50:00,$ 3319.865,100
179,09:49:58,$ 3318.00,400
180,09:49:58,$ 3317.81,100
181,09:49:56,$ 3317.00,100
182,09:49:47,$ 3315.13,100
183,09:49:40,$ 3315.00,100
184,09:49:33,$ 3315.00,200
185,09:49:26,$ 3315.10,100
186,09:49:15,$ 3315.85,100
187,09:49:14,$ 3315.98,100
188,09:49:09,$ 3316.13,100
190,09:49:09,$ 3315.1211,200
191,09:49:02,$ 3315.85,100
192,09:48:48,$ 3315.27,100
193,09:48:42,$ 3315.675,200
194,09:48:33,$ 3315.19,100
195,09:48:31,$ 3315.4264,100
196,09:48:30,$ 3316.3775,100
197,09:48:30,$ 3316.3875,100
198,09:48:30,$ 3316.5025,100
199,09:48:30,$ 3316.575,100
200,09:48:27,$ 3315.58,100
201,09:48:27,$ 3315.49,100
202,09:48:26,$ 3315.49,100
203,09:48:25,$ 3316.71,100
204,09:48:15,$ 3317.70,300
205,09:48:15,$ 3317.70,224
206,09:48:15,$ 3317.70,385
207,09:48:15,$ 3317.99,100
208,09:48:15,$ 3317.845,100
209,09:48:14,$ 3317.35,100
211,09:48:13,$ 3317.50,100
212,09:48:13,$ 3317.99,100
213,09:48:13,$ 3318.00,100
214,09:48:09,$ 3317.675,100
215,09:48:05,$ 3315.84,100
216,09:48:05,$ 3315.84,100
217,09:47:46,$ 3315.00,100
218,09:47:46,$ 3315.00,100
219,09:47:41,$ 3314.17,100
220,09:47:38,$ 3313.92,100
221,09:47:17,$ 3312.01,100
222,09:47:16,$ 3312.23,100
223,09:46:58,$ 3310.25,100
224,09:46:22,$ 3307.555,100
225,09:46:18,$ 3306.76,100
226,09:46:15,$ 3309.19,100
227,09:46:15,$ 3308.10,100
228,09:46:13,$ 3309.91,100
229,09:46:13,$ 3309.01,100
230,09:46:13,$ 3310.05,100
232,09:46:11,$ 3309.90,100
233,09:46:09,$ 3308.19,100
234,09:45:59,$ 3308.465,100
235,09:45:59,$ 3309.545,104
236,09:45:59,$ 3309.5961,196
237,09:45:49,$ 3310.5297,250
238,09:45:48,$ 3310.2517,100
239,09:45:43,$ 3310.00,139
240,09:45:34,$ 3311.2999,100
241,09:45:29,$ 3310.0789,250
242,09:45:26,$ 3310.00,125
243,09:45:26,$ 3310.00,150
244,09:45:14,$ 3313.02,100
245,09:45:01,$ 3314.00,100
246,09:44:38,$ 3314.62,250
247,09:44:17,$ 3313.87,100
248,09:44:11,$ 3313.10,100
249,09:44:11,$ 3313.10,100
250,09:44:11,$ 3313.10,100
251,09:44:11,$ 3313.12,100
253,09:44:11,$ 3313.10,100
254,09:44:11,$ 3313.10,100
255,09:44:11,$ 3313.10,100
256,09:43:59,$ 3313.00,100
257,09:43:26,$ 3313.00,100
258,09:43:23,$ 3313.82,100
259,09:43:07,$ 3311.00,100
260,09:43:02,$ 3310.57,100
261,09:43:00,$ 3309.79,100
262,09:42:54,$ 3309.34,300
263,09:42:44,$ 3310.06,100
264,09:42:24,$ 3311.12,100
265,09:42:24,$ 3311.00,100
266,09:42:23,$ 3311.39,100
267,09:42:04,$ 3312.80,100
268,09:42:02,$ 3313.96,100
269,09:42:00,$ 3313.6815,119
270,09:41:53,$ 3314.71,100
271,09:41:50,$ 3314.73,100
272,09:41:47,$ 3313.229,100
274,09:41:42,$ 3313.00,100
275,09:41:38,$ 3312.4901,398
276,09:41:37,$ 3313.38,100
277,09:41:37,$ 3313.49,100
278,09:41:37,$ 3313.41,100
279,09:41:37,$ 3314.85,100
280,09:41:33,$ 3312.355,200
281,09:41:15,$ 3310.005,100
282,09:41:01,$ 3310.95,100
283,09:40:57,$ 3310.515,100
284,09:40:49,$ 3310.6025,200
285,09:40:45,$ 3311.85,100
286,09:40:45,$ 3311.75,100
287,09:40:42,$ 3309.70,100
288,09:40:41,$ 3310.00,200
289,09:40:40,$ 3308.415,100
290,09:40:40,$ 3308.41,100
291,09:40:26,$ 3307.70,100
292,09:40:25,$ 3308.525,100
293,09:40:25,$ 3308.50,100
295,09:40:15,$ 3307.8265,100
296,09:40:01,$ 3309.00,100
297,09:39:59,$ 3310.315,100
298,09:39:52,$ 3309.58,100
299,09:39:52,$ 3309.51,100
300,09:39:52,$ 3309.34,100
301,09:39:52,$ 3309.20,100
302,09:39:52,$ 3309.57,100
303,09:39:52,$ 3309.18,100
304,09:39:52,$ 3309.18,300
305,09:39:52,$ 3309.57,100
306,09:39:51,$ 3308.33,100
307,09:39:51,$ 3308.965,100
308,09:39:49,$ 3309.495,100
309,09:39:40,$ 3308.325,100
310,09:39:40,$ 3308.355,100
311,09:39:40,$ 3308.26,100
312,09:39:40,$ 3308.25,202
313,09:39:40,$ 3308.25,108
314,09:39:40,$ 3308.25,100
316,09:39:40,$ 3308.43,100
317,09:39:37,$ 3308.685,100
318,09:39:37,$ 3309.12,135
319,09:39:36,$ 3308.25,100
320,09:39:34,$ 3309.115,200
321,09:39:34,$ 3308.25,100
322,09:39:34,$ 3308.25,100
323,09:39:34,$ 3308.84,100
324,09:39:34,$ 3308.08,100
325,09:39:34,$ 3308.25,100
326,09:39:34,$ 3308.25,100
327,09:39:33,$ 3307.44,100
328,09:39:31,$ 3306.47,150
329,09:39:27,$ 3306.0503,100
330,09:39:26,$ 3306.88,100
331,09:39:26,$ 3306.88,100
332,09:39:25,$ 3308.09,100
333,09:39:25,$ 3308.00,100
334,09:39:25,$ 3308.06,100
335,09:39:24,$ 3308.45,500
337,09:39:22,$ 3310.00,200
338,09:39:22,$ 3310.00,100
339,09:39:22,$ 3310.00,100
340,09:39:21,$ 3310.985,100
341,09:39:21,$ 3310.985,100
342,09:39:20,$ 3311.35,100
343,09:39:18,$ 3311.96,100
344,09:39:17,$ 3310.70,100
345,09:39:16,$ 3311.35,100
346,09:39:16,$ 3311.29,169
347,09:39:13,$ 3312.23,100
348,09:39:13,$ 3312.23,341
349,09:39:13,$ 3312.24,100
350,09:39:13,$ 3312.24,100
351,09:39:12,$ 3312.23,100
352,09:39:06,$ 3314.8175,100
353,09:39:04,$ 3314.3204,500
354,09:39:04,$ 3312.55,100
355,09:38:55,$ 3313.6346,100
356,09:38:55,$ 3314.39,100
358,09:38:55,$ 3314.49,100
359,09:38:55,$ 3314.49,100
360,09:38:54,$ 3314.52,100
361,09:38:54,$ 3314.38,100
362,09:38:54,$ 3314.37,100
363,09:38:54,$ 3314.37,100
364,09:38:53,$ 3316.03,"1,000"
365,09:38:52,$ 3315.99,100
366,09:38:42,$ 3315.355,100
367,09:38:41,$ 3316.545,100
368,09:38:37,$ 3316.69,100
369,09:38:33,$ 3315.795,100
370,09:38:27,$ 3318.46,100
371,09:38:27,$ 3319.9699,100
372,09:38:25,$ 3319.73,100
373,09:38:24,$ 3320.58,500
374,09:38:23,$ 3320.2717,100
375,09:38:10,$ 3320.50,100
376,09:38:08,$ 3322.385,200
377,09:37:51,$ 3321.56,200
379,09:37:49,$ 3323.0499,100
380,09:37:44,$ 3323.37,100
381,09:37:44,$ 3322.59,170
382,09:37:43,$ 3323.77,149
383,09:37:28,$ 3325.00,100
384,09:37:16,$ 3326.50,100
385,09:37:16,$ 3326.83,100
386,09:37:16,$ 3326.90,100
387,09:37:16,$ 3326.90,100
388,09:37:12,$ 3326.505,100
389,09:37:12,$ 3326.90,114
390,09:37:12,$ 3326.90,199
391,09:37:11,$ 3326.995,100
392,09:37:04,$ 3327.79,106
393,09:37:03,$ 3327.67,100
394,09:37:00,$ 3325.08,100
395,09:36:49,$ 3324.685,250
396,09:36:46,$ 3325.09,100
397,09:36:45,$ 3326.7723,500
398,09:36:41,$ 3326.375,100
400,09:36:41,$ 3326.60,100
401,09:36:38,$ 3327.85,100
402,09:36:38,$ 3327.69,100
403,09:36:37,$ 3327.37,168
404,09:36:32,$ 3326.76,100
405,09:36:32,$ 3326.05,500
406,09:36:31,$ 3326.05,250
407,09:36:27,$ 3325.3032,118
408,09:36:23,$ 3324.01,200
409,09:36:23,$ 3324.45,100
410,09:36:21,$ 3325.54,200
411,09:36:18,$ 3324.3771,200
412,09:36:09,$ 3326.8899,100
413,09:36:07,$ 3326.245,493
414,09:36:03,$ 3325.697,100
415,09:36:01,$ 3325.89,100
416,09:36:00,$ 3325.89,100
417,09:36:00,$ 3325.89,100
418,09:36:00,$ 3325.89,100
419,09:36:00,$ 3325.89,100
421,09:35:57,$ 3324.92,100
422,09:35:52,$ 3325.91,250
423,09:35:52,$ 3326.76,100
424,09:35:50,$ 3326.00,100
425,09:35:46,$ 3325.495,100
426,09:35:41,$ 3325.435,200
427,09:35:41,$ 3324.99,100
428,09:35:35,$ 3324.99,100
429,09:35:25,$ 3323.72,287
430,09:35:25,$ 3323.72,100
431,09:35:23,$ 3325.07,100
432,09:35:23,$ 3325.07,100
433,09:35:22,$ 3325.09,100
434,09:35:22,$ 3325.49,100
435,09:35:20,$ 3323.72,100
436,09:35:19,$ 3324.71,100
437,09:35:18,$ 3325.71,100
438,09:35:18,$ 3325.87,100
439,09:35:14,$ 3325.01,213
440,09:35:13,$ 3324.49,100
442,09:35:13,$ 3323.90,100
443,09:35:08,$ 3321.90,100
444,09:35:08,$ 3322.44,100
445,09:35:08,$ 3322.63,100
446,09:35:08,$ 3321.77,100
447,09:35:03,$ 3323.72,114
448,09:35:03,$ 3323.675,100
449,09:35:01,$ 3322.205,100
450,09:35:01,$ 3322.43,100
451,09:35:01,$ 3322.405,100
452,09:34:59,$ 3323.30,100
453,09:34:44,$ 3322.0599,100
454,09:34:42,$ 3321.69,100
455,09:34:38,$ 3322.06,100
456,09:34:26,$ 3323.55,100
457,09:34:18,$ 3322.56,100
458,09:34:13,$ 3322.395,500
459,09:34:12,$ 3322.52,100
460,09:34:11,$ 3323.50,100
461,09:34:06,$ 3323.303,500
463,09:34:05,$ 3323.49,100
464,09:34:05,$ 3321.60,100
465,09:34:02,$ 3319.5795,150
466,09:33:58,$ 3319.00,100
467,09:33:53,$ 3318.885,300
468,09:33:53,$ 3319.63,100
469,09:33:50,$ 3317.885,100
470,09:33:43,$ 3318.01,100
471,09:33:37,$ 3319.80,100
472,09:33:36,$ 3319.83,100
473,09:33:35,$ 3317.87,100
474,09:33:33,$ 3318.10,500
475,09:33:27,$ 3319.9999,160
476,09:33:26,$ 3317.07,100
477,09:33:21,$ 3318.66,100
478,09:33:16,$ 3319.80,100
479,09:33:16,$ 3318.50,200
480,09:33:07,$ 3318.49,100
481,09:32:59,$ 3319.9999,100
482,09:32:55,$ 3316.19,100
484,09:32:49,$ 3318.06,100
485,09:32:49,$ 3318.00,100
486,09:32:49,$ 3318.00,136
487,09:32:49,$ 3317.92,100
488,09:32:49,$ 3317.11,100
489,09:32:47,$ 3319.00,100
490,09:32:40,$ 3319.6125,100
491,09:32:28,$ 3320.67,100
492,09:32:28,$ 3320.67,100
493,09:32:28,$ 3320.655,100
494,09:32:28,$ 3320.605,100
495,09:32:20,$ 3319.99,100
496,09:32:20,$ 3320.18,100
497,09:32:15,$ 3319.31,122
498,09:32:15,$ 3319.31,100
499,09:32:15,$ 3317.595,100
500,09:32:15,$ 3318.07,200
501,09:32:11,$ 3317.01,100
502,09:32:04,$ 3316.035,100
503,09:31:54,$ 3316.95,100
505,09:31:53,$ 3318.03,100
506,09:31:53,$ 3318.03,100
507,09:31:52,$ 3316.515,100
508,09:31:23,$ 3316.515,"1,000"
509,09:31:14,$ 3316.50,100
510,09:31:04,$ 3318.165,100
511,09:30:59,$ 3317.46,100
512,09:30:59,$ 3317.20,100
513,09:30:59,$ 3317.21,100
514,09:30:59,$ 3317.21,100
515,09:30:58,$ 3315.89,100
516,09:30:58,$ 3315.89,100
517,09:30:58,$ 3315.89,100
518,09:30:58,$ 3316.26,100
519,09:30:58,$ 3315.89,100
520,09:30:58,$ 3315.17,100
521,09:30:55,$ 3317.58,500
522,09:30:45,$ 3316.84,100
523,09:30:42,$ 3318.42,100
524,09:30:40,$ 3317.10,100
526,09:30:33,$ 3317.055,500
527,09:30:31,$ 3316.21,100
528,09:30:28,$ 3316.59,100
529,09:30:28,$ 3316.60,100
530,09:30:28,$ 3316.60,100
531,09:30:26,$ 3316.29,100
532,09:30:25,$ 3316.56,100
533,09:30:25,$ 3316.23,300
534,09:30:20,$ 3317.64,100
535,09:30:20,$ 3317.42,100
536,09:30:20,$ 3317.41,100
537,09:30:20,$ 3317.38,100
538,09:30:20,$ 3317.23,100
539,09:30:20,$ 3317.01,100
540,09:30:20,$ 3317.00,100
541,09:30:20,$ 3316.82,100
542,09:30:20,$ 3316.82,100
543,09:30:20,$ 3316.28,100
544,09:30:20,$ 3316.23,100
545,09:30:20,$ 3316.23,100
547,09:30:18,$ 3318.48,100
548,09:30:18,$ 3318.31,100
549,09:30:18,$ 3318.31,100
550,09:30:17,$ 3318.10,100
551,09:30:17,$ 3318.29,100
552,09:30:16,$ 3316.255,100
553,09:30:16,$ 3317.26,400
554,09:30:16,$ 3317.27,375
555,09:30:16,$ 3317.27,300
556,09:30:16,$ 3317.27,100
557,09:30:07,$ 3318.18,100
558,09:30:06,$ 3317.23,100
559,09:30:06,$ 3317.60,100
560,09:30:05,$ 3316.09,100
561,09:30:04,$ 3316.67,100
562,09:30:04,$ 3316.98,100
563,09:30:03,$ 3316.20,100
564,09:30:03,$ 3316.01,200
565,09:30:03,$ 3315.415,"1,000"
566,09:30:03,$ 3316.89,100
568,09:30:03,$ 3316.90,149
569,09:30:03,$ 3316.77,100
570,09:30:03,$ 3316.82,101
571,09:30:02,$ 3316.00,10
572,09:30:02,$ 3316.00,5
573,09:30:02,$ 3316.00,1
574,09:30:02,$ 3316.00,1
575,09:30:02,$ 3316.00,63
576,09:30:02,$ 3316.00,3
577,09:30:02,$ 3316.00,6
578,09:30:02,$ 3316.00,2
579,09:30:02,$ 3316.00,5
580,09:30:02,$ 3316.00,10
581,09:30:02,$ 3316.00,15
582,09:30:02,$ 3316.00,3
583,09:30:02,$ 3316.00,1
584,09:30:02,$ 3316.00,1
585,09:30:02,$ 3316.00,14
586,09:30:02,$ 3316.00,55
587,09:30:02,$ 3316.00,1
589,09:30:02,$ 3316.00,5
590,09:30:02,$ 3316.00,150
591,09:30:02,$ 3316.00,150
592,09:30:02,$ 3316.00,3
593,09:30:02,$ 3316.00,3
594,09:30:02,$ 3316.00,1
595,09:30:02,$ 3316.00,2
596,09:30:02,$ 3316.00,2
597,09:30:02,$ 3316.00,1
598,09:30:02,$ 3316.00,1
599,09:30:02,$ 3316.00,1
600,09:30:02,$ 3316.00,10
601,09:30:02,$ 3316.00,4
602,09:30:02,$ 3316.00,1
603,09:30:02,$ 3316.00,10
604,09:30:02,$ 3316.00,1
605,09:30:02,$ 3316.00,2
606,09:30:02,$ 3316.00,3
607,09:30:02,$ 3316.00,1
608,09:30:02,$ 3316.00,4
610,09:30:02,$ 3316.00,6
611,09:30:02,$ 3316.00,4
612,09:30:02,$ 3316.00,3
613,09:30:02,$ 3316.00,1
614,09:30:02,$ 3316.00,300
615,09:30:02,$ 3316.00,5
616,09:30:02,$ 3316.00,1
617,09:30:02,$ 3316.00,1
618,09:30:02,$ 3316.00,2
619,09:30:02,$ 3316.00,2
620,09:30:02,$ 3316.00,1
621,09:30:02,$ 3316.00,10
622,09:30:02,$ 3316.00,3
623,09:30:02,$ 3316.00,15
624,09:30:02,$ 3316.00,20
625,09:30:02,$ 3316.00,10
626,09:30:02,$ 3316.00,38
627,09:30:02,$ 3316.00,1
628,09:30:02,$ 3316.00,2
629,09:30:02,$ 3316.00,1
631,09:30:02,$ 3316.00,1
632,09:30:02,$ 3316.00,2
633,09:30:02,$ 3316.00,1
634,09:30:02,$ 3316.00,1
635,09:30:02,$ 3316.00,1
636,09:30:02,$ 3316.00,1
637,09:30:02,$ 3316.00,1
638,09:30:02,$ 3316.00,15
639,09:30:02,$ 3316.00,10
640,09:30:02,$ 3316.00,2
641,09:30:02,$ 3316.00,1
642,09:30:02,$ 3316.00,10
643,09:30:02,$ 3316.00,3
644,09:30:02,$ 3316.00,5
645,09:30:02,$ 3316.00,21
646,09:30:02,$ 3316.00,3
647,09:30:02,$ 3316.00,1
648,09:30:02,$ 3316.00,4
649,09:30:02,$ 3316.00,1
650,09:30:02,$ 3316.00,1
652,09:30:02,$ 3316.00,1
653,09:30:02,$ 3316.00,6
654,09:30:02,$ 3316.00,6
655,09:30:02,$ 3316.00,6
656,09:30:02,$ 3316.00,1
657,09:30:02,$ 3316.00,1
658,09:30:02,$ 3316.00,1
659,09:30:02,$ 3316.00,1
660,09:30:02,$ 3316.00,1
661,09:30:02,$ 3316.00,6
662,09:30:02,$ 3316.00,1
663,09:30:02,$ 3316.00,1
664,09:30:02,$ 3316.00,1
665,09:30:02,$ 3316.00,1
666,09:30:02,$ 3316.00,1
667,09:30:02,$ 3316.00,2
668,09:30:02,$ 3316.00,6
669,09:30:02,$ 3316.00,11
670,09:30:02,$ 3316.00,10
671,09:30:02,$ 3316.00,1
673,09:30:02,$ 3316.00,3
674,09:30:02,$ 3316.00,1
675,09:30:02,$ 3316.00,1
676,09:30:02,$ 3316.00,1
677,09:30:02,$ 3316.00,82
678,09:30:02,$ 3316.00,2
679,09:30:02,$ 3316.00,1
680,09:30:02,$ 3316.00,1
681,09:30:02,$ 3316.00,1
682,09:30:02,$ 3316.00,41
683,09:30:02,$ 3316.00,1
684,09:30:02,$ 3316.00,10
685,09:30:02,$ 3316.00,3
686,09:30:02,$ 3316.00,19
687,09:30:02,$ 3316.00,16
688,09:30:02,$ 3316.00,6
689,09:30:02,$ 3316.00,6
690,09:30:02,$ 3316.00,2
691,09:30:02,$ 3316.00,5
692,09:30:02,$ 3316.00,2
694,09:30:02,$ 3316.00,3
695,09:30:02,$ 3316.00,10
696,09:30:02,$ 3316.00,1
697,09:30:02,$ 3316.00,3
698,09:30:02,$ 3316.00,3
699,09:30:02,$ 3316.00,1
700,09:30:02,$ 3316.00,1
701,09:30:02,$ 3316.00,5
702,09:30:02,$ 3316.00,2
703,09:30:02,$ 3316.00,4
704,09:30:02,$ 3316.00,3
705,09:30:02,$ 3316.00,1
706,09:30:02,$ 3316.00,2
707,09:30:02,$ 3316.00,1
708,09:30:02,$ 3316.00,15
709,09:30:02,$ 3316.00,3
710,09:30:02,$ 3316.00,3
711,09:30:02,$ 3316.00,7
712,09:30:02,$ 3316.00,4
713,09:30:02,$ 3316.00,2
715,09:30:02,$ 3316.00,3
716,09:30:02,$ 3316.00,1
717,09:30:02,$ 3316.00,1
718,09:30:02,$ 3316.00,2
719,09:30:02,$ 3316.00,1
720,09:30:02,$ 3316.00,10
721,09:30:02,$ 3316.00,1
722,09:30:02,$ 3316.00,1
723,09:30:02,$ 3316.00,3
724,09:30:02,$ 3316.00,28
725,09:30:02,$ 3316.00,1
726,09:30:02,$ 3316.00,10
727,09:30:02,$ 3316.00,1
728,09:30:02,$ 3316.00,1
729,09:30:02,$ 3316.00,1
730,09:30:02,$ 3316.00,2
731,09:30:02,$ 3316.00,1
732,09:30:02,$ 3316.00,3
733,09:30:02,$ 3316.00,1
734,09:30:02,$ 3316.00,3
736,09:30:02,$ 3316.00,2
737,09:30:02,$ 3316.00,2
738,09:30:02,$ 3316.00,2
739,09:30:02,$ 3316.00,5
740,09:30:02,$ 3316.00,1
741,09:30:02,$ 3316.00,1
742,09:30:02,$ 3316.00,2
743,09:30:02,$ 3316.00,1
744,09:30:02,$ 3316.00,10
745,09:30:02,$ 3316.00,5
746,09:30:02,$ 3316.00,20
747,09:30:02,$ 3316.00,5
748,09:30:02,$ 3316.00,10
749,09:30:02,$ 3316.00,2
750,09:30:02,$ 3316.00,1
751,09:30:02,$ 3316.00,7
752,09:30:02,$ 3316.00,1
753,09:30:02,$ 3316.00,7
754,09:30:02,$ 3316.00,1
755,09:30:02,$ 3316.00,1
757,09:30:02,$ 3316.00,1
758,09:30:02,$ 3316.00,1
759,09:30:02,$ 3316.00,1
760,09:30:02,$ 3316.00,1
761,09:30:02,$ 3316.00,1
762,09:30:02,$ 3316.00,1
763,09:30:02,$ 3316.00,1
764,09:30:02,$ 3316.00,1
765,09:30:02,$ 3316.00,1
766,09:30:02,$ 3316.00,1
767,09:30:02,$ 3316.00,1
768,09:30:02,$ 3316.00,1
769,09:30:02,$ 3316.00,1
770,09:30:02,$ 3316.00,1
771,09:30:02,$ 3316.00,1
772,09:30:02,$ 3316.00,1
773,09:30:02,$ 3316.00,1
774,09:30:02,$ 3316.00,1
775,09:30:02,$ 3316.00,1
776,09:30:02,$ 3316.00,3
778,09:30:02,$ 3316.00,1
779,09:30:02,$ 3316.00,5
780,09:30:02,$ 3316.00,1
781,09:30:02,$ 3316.00,1
782,09:30:02,$ 3316.00,1
783,09:30:02,$ 3316.00,1
784,09:30:02,$ 3316.00,1
785,09:30:02,$ 3316.00,1
786,09:30:02,$ 3316.00,1
787,09:30:02,$ 3316.00,1
788,09:30:02,$ 3316.00,1
789,09:30:02,$ 3316.00,1
790,09:30:02,$ 3316.00,1
791,09:30:02,$ 3316.00,1
792,09:30:02,$ 3316.00,1
793,09:30:02,$ 3316.00,1
794,09:30:02,$ 3316.00,1
795,09:30:02,$ 3316.00,1
796,09:30:02,$ 3316.00,1
797,09:30:02,$ 3316.00,1
799,09:30:02,$ 3316.00,1
800,09:30:02,$ 3316.00,1
801,09:30:02,$ 3316.00,1
802,09:30:02,$ 3316.00,1
803,09:30:02,$ 3316.00,1
804,09:30:02,$ 3316.00,1
805,09:30:02,$ 3316.00,1
806,09:30:02,$ 3316.00,1
807,09:30:02,$ 3316.00,1
808,09:30:02,$ 3316.00,10
809,09:30:02,$ 3316.00,1
810,09:30:02,$ 3316.00,3
811,09:30:02,$ 3316.00,2
812,09:30:02,$ 3316.00,2
813,09:30:02,$ 3316.00,4
814,09:30:02,$ 3316.00,9
815,09:30:02,$ 3316.00,3
816,09:30:02,$ 3316.00,5
817,09:30:02,$ 3316.00,1
818,09:30:02,$ 3316.00,1
820,09:30:02,$ 3316.00,1
821,09:30:02,$ 3316.00,7
822,09:30:02,$ 3316.00,1
823,09:30:02,$ 3316.00,1
824,09:30:02,$ 3316.00,1
825,09:30:02,$ 3316.00,3
826,09:30:02,$ 3316.00,5
827,09:30:02,$ 3316.00,4
828,09:30:02,$ 3316.00,1
829,09:30:02,$ 3316.00,1
830,09:30:02,$ 3316.00,5
831,09:30:02,$ 3316.00,5
832,09:30:02,$ 3316.00,5
833,09:30:02,$ 3316.00,1
834,09:30:02,$ 3316.00,2
835,09:30:02,$ 3316.00,5
836,09:30:02,$ 3316.00,2
837,09:30:02,$ 3316.00,5
838,09:30:02,$ 3316.00,1
839,09:30:02,$ 3316.00,5
841,09:30:02,$ 3316.00,30
842,09:30:02,$ 3316.00,1
843,09:30:02,$ 3316.00,2
844,09:30:02,$ 3316.00,1
845,09:30:02,$ 3316.00,1
846,09:30:02,$ 3316.00,2
847,09:30:02,$ 3316.00,1
848,09:30:02,$ 3316.00,2
849,09:30:02,$ 3316.00,2
850,09:30:02,$ 3316.00,1
851,09:30:02,$ 3316.00,1
852,09:30:02,$ 3316.00,1
853,09:30:02,$ 3316.00,1
854,09:30:02,$ 3316.00,1
855,09:30:02,$ 3316.00,1
856,09:30:02,$ 3316.00,1
857,09:30:02,$ 3316.00,1
858,09:30:02,$ 3316.00,1
859,09:30:02,$ 3316.00,1
860,09:30:02,$ 3316.00,1
862,09:30:02,$ 3316.00,1
863,09:30:02,$ 3316.00,1
864,09:30:02,$ 3316.00,1
865,09:30:02,$ 3316.00,1
866,09:30:02,$ 3316.00,1
867,09:30:02,$ 3316.00,1
868,09:30:02,$ 3316.00,1
869,09:30:02,$ 3316.00,1
870,09:30:02,$ 3316.00,1
871,09:30:02,$ 3316.00,1
872,09:30:02,$ 3316.00,1
873,09:30:02,$ 3316.00,1
874,09:30:02,$ 3316.00,1
875,09:30:02,$ 3316.00,1
876,09:30:02,$ 3316.00,1
877,09:30:02,$ 3316.00,1
878,09:30:02,$ 3316.00,1
879,09:30:02,$ 3316.00,1
880,09:30:02,$ 3316.00,1
881,09:30:02,$ 3316.00,1
883,09:30:02,$ 3316.00,1
884,09:30:02,$ 3316.00,1
885,09:30:02,$ 3316.00,1
886,09:30:02,$ 3316.00,1
887,09:30:02,$ 3316.00,1
888,09:30:02,$ 3316.00,1
889,09:30:02,$ 3316.00,1
890,09:30:02,$ 3316.00,1
891,09:30:02,$ 3316.00,1
892,09:30:02,$ 3316.00,1
893,09:30:02,$ 3316.00,1
894,09:30:02,$ 3316.00,1
895,09:30:02,$ 3316.00,1
896,09:30:02,$ 3316.00,1
897,09:30:02,$ 3316.00,1
898,09:30:02,$ 3316.00,1
899,09:30:02,$ 3316.00,1
900,09:30:02,$ 3316.00,1
901,09:30:02,$ 3316.00,1
902,09:30:02,$ 3316.00,1
904,09:30:02,$ 3316.00,1
905,09:30:02,$ 3316.00,5
906,09:30:02,$ 3316.00,1
907,09:30:02,$ 3316.00,3
908,09:30:02,$ 3316.00,1
909,09:30:02,$ 3316.00,1
910,09:30:02,$ 3316.00,1
911,09:30:02,$ 3316.00,1
912,09:30:02,$ 3316.00,1
913,09:30:02,$ 3316.00,1
914,09:30:02,$ 3316.00,1
915,09:30:02,$ 3316.00,8
916,09:30:02,$ 3316.00,1
917,09:30:02,$ 3316.00,1
918,09:30:02,$ 3316.00,2
919,09:30:02,$ 3316.00,20
920,09:30:02,$ 3316.00,25
921,09:30:02,$ 3316.00,5
922,09:30:02,$ 3316.00,5
923,09:30:02,$ 3316.00,27
925,09:30:02,$ 3316.00,30
926,09:30:02,$ 3316.00,9
927,09:30:02,$ 3316.00,18
928,09:30:02,$ 3316.00,5
929,09:30:02,$ 3316.00,1
930,09:30:02,$ 3316.00,1
931,09:30:02,$ 3316.00,46
932,09:30:02,$ 3316.00,2
933,09:30:02,$ 3316.00,2
934,09:30:02,$ 3316.00,1
935,09:30:02,$ 3316.00,2
936,09:30:02,$ 3316.00,1
937,09:30:02,$ 3316.00,1
938,09:30:02,$ 3316.00,1
939,09:30:02,$ 3316.00,1
940,09:30:02,$ 3316.00,1
941,09:30:02,$ 3316.00,1
942,09:30:02,$ 3316.00,1
943,09:30:02,$ 3316.00,1
944,09:30:02,$ 3316.00,1
946,09:30:02,$ 3316.00,1
947,09:30:02,$ 3316.00,1
948,09:30:02,$ 3316.00,1
949,09:30:02,$ 3316.00,6
950,09:30:02,$ 3316.00,2
951,09:30:02,$ 3316.00,7
952,09:30:02,$ 3316.00,1
953,09:30:02,$ 3316.00,7
954,09:30:02,$ 3316.00,28
955,09:30:02,$ 3316.00,2
956,09:30:02,$ 3316.00,2
957,09:30:02,$ 3316.00,1
958,09:30:02,$ 3316.00,30
959,09:30:02,$ 3316.00,1
960,09:30:02,$ 3316.00,5
961,09:30:02,$ 3316.00,1
962,09:30:02,$ 3316.00,20
963,09:30:02,$ 3316.00,4
964,09:30:02,$ 3316.00,1
965,09:30:02,$ 3316.00,6
967,09:30:02,$ 3316.00,5
968,09:30:02,$ 3316.00,10
969,09:30:02,$ 3316.00,1
970,09:30:02,$ 3316.00,1
971,09:30:02,$ 3316.00,20
972,09:30:02,$ 3316.00,1
973,09:30:02,$ 3316.00,1
974,09:30:02,$ 3316.00,1
975,09:30:02,$ 3316.00,1
976,09:30:02,$ 3316.00,5
977,09:30:02,$ 3316.00,1
978,09:30:02,$ 3316.00,5
979,09:30:02,$ 3316.00,5
980,09:30:02,$ 3316.00,2
981,09:30:02,$ 3316.00,5
982,09:30:02,$ 3316.00,2
983,09:30:02,$ 3316.00,3
984,09:30:02,$ 3316.00,2
985,09:30:02,$ 3316.00,3
986,09:30:02,$ 3316.00,1
988,09:30:02,$ 3316.00,3
989,09:30:02,$ 3316.00,1
990,09:30:02,$ 3316.00,2
991,09:30:02,$ 3316.00,2
992,09:30:02,$ 3316.00,2
993,09:30:02,$ 3316.00,8
994,09:30:02,$ 3316.00,17
995,09:30:02,$ 3316.00,1
996,09:30:02,$ 3316.00,22
997,09:30:02,$ 3316.00,9
998,09:30:02,$ 3316.00,3
999,09:30:02,$ 3316.00,3
1000,09:30:02,$ 3316.00,30
1001,09:30:02,$ 3316.00,18
1002,09:30:02,$ 3316.00,31
1003,09:30:02,$ 3316.00,54
1004,09:30:02,$ 3316.00,2
1005,09:30:02,$ 3316.00,20
1006,09:30:02,$ 3316.00,1
1007,09:30:02,$ 3316.00,20
1009,09:30:02,$ 3316.00,5
1010,09:30:02,$ 3316.00,1
1011,09:30:02,$ 3316.00,1
1012,09:30:02,$ 3316.00,4
1013,09:30:02,$ 3316.00,15
1014,09:30:02,$ 3316.00,15
1015,09:30:02,$ 3316.00,30
1016,09:30:02,$ 3316.00,20
1017,09:30:02,$ 3316.00,8
1018,09:30:02,$ 3316.00,5
1019,09:30:02,$ 3316.00,32
1020,09:30:02,$ 3316.00,6
1021,09:30:02,$ 3316.00,13
1022,09:30:02,$ 3316.00,1
1023,09:30:02,$ 3316.00,5
1024,09:30:02,$ 3316.00,4
1025,09:30:02,$ 3316.00,12
1026,09:30:02,$ 3316.00,1
1027,09:30:02,$ 3316.00,4
1028,09:30:02,$ 3316.00,2
1030,09:30:02,$ 3316.00,1
1031,09:30:02,$ 3316.00,5
1032,09:30:02,$ 3316.00,1
1033,09:30:02,$ 3316.00,1
1034,09:30:02,$ 3316.00,22
1035,09:30:02,$ 3316.00,1
1036,09:30:02,$ 3316.00,1
1037,09:30:02,$ 3316.00,7
1038,09:30:02,$ 3316.00,1
1039,09:30:02,$ 3316.00,8
1040,09:30:02,$ 3316.00,5
1041,09:30:02,$ 3316.00,1
1042,09:30:02,$ 3316.00,4
1043,09:30:02,$ 3316.00,1
1044,09:30:02,$ 3316.00,2
1045,09:30:02,$ 3316.00,4
1046,09:30:02,$ 3316.00,7
1047,09:30:02,$ 3316.00,4
1048,09:30:02,$ 3316.00,5
1049,09:30:02,$ 3316.00,1
1051,09:30:02,$ 3316.00,2
1052,09:30:02,$ 3316.00,2
1053,09:30:02,$ 3316.00,1
1054,09:30:02,$ 3316.00,3
1055,09:30:02,$ 3316.00,3
1056,09:30:02,$ 3316.00,2
1057,09:30:02,$ 3316.00,1
1058,09:30:02,$ 3316.00,1
1059,09:30:02,$ 3316.00,5
1060,09:30:02,$ 3316.00,3
1061,09:30:02,$ 3316.00,1
1062,09:30:02,$ 3316.00,1
1063,09:30:02,$ 3316.00,1
1064,09:30:02,$ 3316.00,3
1065,09:30:02,$ 3316.00,1
1066,09:30:02,$ 3316.00,1
1067,09:30:02,$ 3316.00,10
1068,09:30:02,$ 3316.00,1
1069,09:30:02,$ 3316.00,1
1070,09:30:02,$ 3316.00,1
1072,09:30:02,$ 3316.00,1
1073,09:30:02,$ 3316.00,3
1074,09:30:02,$ 3316.00,150
1075,09:30:02,$ 3316.00,15
1076,09:30:02,$ 3316.00,9
1077,09:30:02,$ 3316.00,1
1078,09:30:02,$ 3316.00,5
1079,09:30:02,$ 3316.00,2
1080,09:30:02,$ 3316.00,2
1081,09:30:02,$ 3316.00,15
1082,09:30:02,$ 3316.00,1
1083,09:30:02,$ 3316.00,5
1084,09:30:02,$ 3316.00,20
1085,09:30:02,$ 3316.00,6
1086,09:30:02,$ 3316.00,40
1087,09:30:02,$ 3316.00,60
1088,09:30:02,$ 3316.00,1
1089,09:30:02,$ 3316.00,51
1090,09:30:02,$ 3316.00,51
1091,09:30:02,$ 3316.00,50
1093,09:30:02,$ 3316.00,32
1094,09:30:02,$ 3316.00,4
1095,09:30:02,$ 3316.00,145
1096,09:30:02,$ 3316.00,7
1097,09:30:02,$ 3316.00,4
1098,09:30:02,$ 3316.00,188
1099,09:30:02,$ 3316.00,10
1100,09:30:02,$ 3316.00,1
1101,09:30:02,$ 3316.00,51
1102,09:30:02,$ 3316.00,51
1103,09:30:02,$ 3316.00,50
1104,09:30:02,$ 3316.00,5
1105,09:30:02,$ 3316.00,3
1106,09:30:02,$ 3316.00,1
1107,09:30:02,$ 3316.00,2
1108,09:30:02,$ 3316.00,2
1109,09:30:02,$ 3316.00,1
1110,09:30:02,$ 3316.00,9
1111,09:30:02,$ 3316.00,2
1112,09:30:02,$ 3316.00,400
1114,09:30:02,$ 3316.00,2
1115,09:30:02,$ 3316.00,1
1116,09:30:02,$ 3316.00,1
1117,09:30:02,$ 3316.00,1
1118,09:30:02,$ 3316.00,2
1119,09:30:02,$ 3316.00,25
1120,09:30:02,$ 3316.00,9
1121,09:30:02,$ 3316.00,14
1122,09:30:02,$ 3316.00,1
1123,09:30:02,$ 3316.00,1
1124,09:30:02,$ 3316.00,1
1125,09:30:02,$ 3316.00,1
1126,09:30:02,$ 3316.00,1
1127,09:30:02,$ 3316.00,1
1128,09:30:02,$ 3316.00,1
1129,09:30:02,$ 3316.00,5
1130,09:30:02,$ 3316.00,3
1131,09:30:02,$ 3316.00,2
1132,09:30:02,$ 3316.00,59
1133,09:30:02,$ 3316.00,20
1135,09:30:02,$ 3316.00,2
1136,09:30:02,$ 3316.00,3
1137,09:30:02,$ 3316.00,2
1138,09:30:02,$ 3316.00,300
1139,09:30:02,$ 3316.00,1
1140,09:30:02,$ 3316.00,1
1141,09:30:02,$ 3316.00,2
1142,09:30:02,$ 3316.00,25
1143,09:30:02,$ 3316.00,1
1144,09:30:02,$ 3316.00,30
1145,09:30:02,$ 3316.00,1
1146,09:30:02,$ 3316.00,2
1147,09:30:02,$ 3316.00,1
1148,09:30:02,$ 3316.00,1
1149,09:30:02,$ 3316.00,6
1150,09:30:02,$ 3316.00,4
1151,09:30:02,$ 3316.00,2
1152,09:30:02,$ 3316.00,9
1153,09:30:02,$ 3316.00,7
1154,09:30:02,$ 3316.00,25
1156,09:30:02,$ 3316.00,5
1157,09:30:02,$ 3316.00,30
1158,09:30:02,$ 3316.00,2
1159,09:30:02,$ 3316.00,150
1160,09:30:02,$ 3316.00,50
1161,09:30:02,$ 3316.00,100
1162,09:30:02,$ 3316.00,50
1163,09:30:02,$ 3316.00,50
1164,09:30:02,$ 3316.00,50
1165,09:30:02,$ 3316.00,50
1166,09:30:02,$ 3316.00,3
1167,09:30:02,$ 3316.00,16
1168,09:30:02,$ 3316.00,1
1169,09:30:02,$ 3316.00,1
1170,09:30:02,$ 3316.00,105
1171,09:30:02,$ 3316.00,18
1172,09:30:02,$ 3316.00,1
1173,09:30:02,$ 3316.00,1
1174,09:30:02,$ 3316.00,4
1175,09:30:02,$ 3316.00,2
1177,09:30:02,$ 3316.00,1
1178,09:30:02,$ 3316.00,1
1179,09:30:02,$ 3316.00,2
1180,09:30:02,$ 3316.00,4
1181,09:30:02,$ 3316.00,4
1182,09:30:02,$ 3316.00,8
1183,09:30:02,$ 3316.00,2
1184,09:30:02,$ 3316.00,10
1185,09:30:02,$ 3316.00,1
1186,09:30:02,$ 3316.00,2
1187,09:30:02,$ 3316.00,1
1188,09:30:02,$ 3316.00,8
1189,09:30:02,$ 3316.00,115
1190,09:30:02,$ 3316.00,3
1191,09:30:02,$ 3316.00,2
1192,09:30:02,$ 3316.00,1
1193,09:30:02,$ 3316.00,1
1194,09:30:02,$ 3316.00,30
1195,09:30:02,$ 3316.00,1
1196,09:30:02,$ 3316.00,4
1198,09:30:02,$ 3316.00,5
1199,09:30:02,$ 3316.00,15
1200,09:30:02,$ 3316.00,1
1201,09:30:02,$ 3316.00,14
1202,09:30:02,$ 3316.00,4
1203,09:30:02,$ 3316.00,1
1204,09:30:02,$ 3316.00,1
1205,09:30:02,$ 3316.00,7
1206,09:30:02,$ 3316.00,1
1207,09:30:02,$ 3316.00,2
1208,09:30:02,$ 3316.00,7
1209,09:30:02,$ 3316.00,2
1210,09:30:02,$ 3316.00,54
1211,09:30:02,$ 3316.00,2
1212,09:30:02,$ 3316.00,3
1213,09:30:02,$ 3316.00,1
1214,09:30:02,$ 3316.00,1
1215,09:30:02,$ 3316.00,5
1216,09:30:02,$ 3316.00,19
1217,09:30:02,$ 3316.00,2
1219,09:30:02,$ 3316.00,1
1220,09:30:02,$ 3316.00,1
1221,09:30:02,$ 3316.00,1
1222,09:30:02,$ 3316.00,1
1223,09:30:02,$ 3316.00,1
1224,09:30:02,$ 3316.00,1
1225,09:30:02,$ 3316.00,1
1226,09:30:02,$ 3316.00,1
1227,09:30:02,$ 3316.00,2
1228,09:30:02,$ 3316.00,1
1229,09:30:02,$ 3316.00,1
1230,09:30:02,$ 3316.00,2
1231,09:30:02,$ 3316.00,3
1232,09:30:02,$ 3316.00,1
1233,09:30:02,$ 3316.00,1
1234,09:30:02,$ 3316.00,1
1235,09:30:02,$ 3316.00,1
1236,09:30:02,$ 3316.00,1
1237,09:30:02,$ 3316.00,3
1238,09:30:02,$ 3316.00,1
1240,09:30:02,$ 3316.00,1
1241,09:30:02,$ 3316.00,1
1242,09:30:02,$ 3316.00,1
1243,09:30:02,$ 3316.00,1
1244,09:30:02,$ 3316.00,1
1245,09:30:02,$ 3316.00,1
1246,09:30:02,$ 3316.00,1
1247,09:30:02,$ 3316.00,1
1248,09:30:02,$ 3316.00,1
1249,09:30:02,$ 3316.00,1
1250,09:30:02,$ 3316.00,5
1251,09:30:02,$ 3316.00,1
1252,09:30:02,$ 3316.00,7
1253,09:30:02,$ 3316.00,1
1254,09:30:02,$ 3316.00,1
1255,09:30:02,$ 3316.00,10
1256,09:30:02,$ 3316.00,4
1257,09:30:02,$ 3316.00,1
1258,09:30:02,$ 3316.00,16
1259,09:30:02,$ 3316.00,2
1261,09:30:02,$ 3316.00,7
1262,09:30:02,$ 3316.00,5
1263,09:30:02,$ 3316.00,3
1264,09:30:02,$ 3316.00,10
1265,09:30:02,$ 3316.00,1
1266,09:30:02,$ 3316.00,1
1267,09:30:02,$ 3316.00,1
1268,09:30:02,$ 3316.00,1
1269,09:30:02,$ 3316.00,30
1270,09:30:02,$ 3316.00,1
1271,09:30:02,$ 3316.00,2
1272,09:30:02,$ 3316.00,9
1273,09:30:02,$ 3316.00,2
1274,09:30:02,$ 3316.00,1
1275,09:30:02,$ 3316.00,3
1276,09:30:02,$ 3316.00,6
1277,09:30:02,$ 3316.00,5
1278,09:30:02,$ 3316.00,2
1279,09:30:02,$ 3316.00,5
1280,09:30:02,$ 3316.00,2
1282,09:30:02,$ 3316.00,2
1283,09:30:02,$ 3316.00,1
1284,09:30:02,$ 3316.00,1
1285,09:30:02,$ 3316.00,60
1286,09:30:02,$ 3316.00,2
1287,09:30:02,$ 3316.00,1
1288,09:30:02,$ 3316.00,1
1289,09:30:02,$ 3316.00,1
1290,09:30:02,$ 3316.00,3
1291,09:30:02,$ 3316.00,3
1292,09:30:02,$ 3316.00,1
1293,09:30:02,$ 3316.00,2
1294,09:30:02,$ 3316.00,1
1295,09:30:02,$ 3316.00,1
1296,09:30:02,$ 3316.00,4
1297,09:30:02,$ 3316.00,2
1298,09:30:02,$ 3316.00,3
1299,09:30:02,$ 3316.00,2
1300,09:30:02,$ 3316.00,1
1301,09:30:02,$ 3316.00,5
1303,09:30:02,$ 3316.00,2
1304,09:30:02,$ 3316.00,1
1305,09:30:02,$ 3316.00,1
1306,09:30:02,$ 3316.00,1
1307,09:30:02,$ 3316.00,1
1308,09:30:02,$ 3316.00,7
1309,09:30:02,$ 3316.00,1
1310,09:30:02,$ 3316.00,103
1311,09:30:02,$ 3316.00,140
1312,09:30:02,$ 3316.00,3
1313,09:30:02,$ 3316.00,4
1314,09:30:02,$ 3316.00,100
1315,09:30:02,$ 3316.00,10
1316,09:30:02,$ 3316.00,8
1317,09:30:02,$ 3316.00,17
1318,09:30:02,$ 3316.00,8
1319,09:30:02,$ 3316.00,2
1320,09:30:02,$ 3316.00,10
1321,09:30:02,$ 3316.00,10
1322,09:30:02,$ 3316.00,7
1324,09:30:02,$ 3316.00,13
1325,09:30:02,$ 3316.00,68
1326,09:30:02,$ 3316.00,20
1327,09:30:02,$ 3316.00,7
1328,09:30:02,$ 3316.00,9
1329,09:30:02,$ 3316.00,1
1330,09:30:02,$ 3316.00,20
1331,09:30:02,$ 3316.00,1
1332,09:30:02,$ 3316.00,5
1333,09:30:02,$ 3316.00,40
1334,09:30:02,$ 3316.00,10
1335,09:30:02,$ 3316.00,128
1336,09:30:02,$ 3316.00,128
1337,09:30:02,$ 3316.00,210
1338,09:30:02,$ 3316.00,2
1339,09:30:02,$ 3316.00,1
1340,09:30:02,$ 3316.00,5
1341,09:30:02,$ 3316.00,138
1342,09:30:02,$ 3316.00,256
1343,09:30:02,$ 3316.00,175
1345,09:30:02,$ 3316.00,1
1346,09:30:02,$ 3316.00,80
1347,09:30:02,$ 3316.00,10
1348,09:30:02,$ 3316.00,3
1349,09:30:02,$ 3316.00,15
1350,09:30:02,$ 3316.00,58
1351,09:30:02,$ 3316.00,256
1352,09:30:02,$ 3316.00,539
1353,09:30:02,$ 3316.00,350
1354,09:30:02,$ 3316.00,5
1355,09:30:02,$ 3316.00,3
1356,09:30:02,$ 3316.00,20
1357,09:30:02,$ 3316.00,"1,420"
1358,09:30:02,$ 3316.00,2
1359,09:30:02,$ 3316.00,2
1360,09:30:02,$ 3316.00,1
1361,09:30:02,$ 3316.00,65
1362,09:30:02,$ 3316.00,10
1363,09:30:02,$ 3316.00,12
1364,09:30:02,$ 3316.00,3
1366,09:30:02,$ 3316.00,2
1367,09:30:02,$ 3316.00,68
1368,09:30:02,$ 3316.00,48
1369,09:30:02,$ 3316.00,8
1370,09:30:02,$ 3316.00,26
1371,09:30:02,$ 3316.00,1
1372,09:30:02,$ 3316.00,12
1373,09:30:02,$ 3316.00,40
1374,09:30:02,$ 3316.00,5
1375,09:30:02,$ 3316.00,50
1376,09:30:02,$ 3316.00,38
1377,09:30:02,$ 3316.00,13
1378,09:30:02,$ 3316.00,3
1379,09:30:02,$ 3316.00,1
1380,09:30:02,$ 3316.00,1
1381,09:30:02,$ 3316.00,20
1382,09:30:02,$ 3316.00,1
1383,09:30:02,$ 3316.00,1
1384,09:30:02,$ 3316.00,1
1385,09:30:02,$ 3316.00,10
1387,09:30:02,$ 3316.00,1
1388,09:30:02,$ 3316.00,2
1389,09:30:02,$ 3316.00,2
1390,09:30:02,$ 3316.00,1
1391,09:30:02,$ 3316.00,16
1392,09:30:02,$ 3316.00,250
1393,09:30:02,$ 3316.00,1
1394,09:30:02,$ 3316.00,4
1395,09:30:02,$ 3316.00,2
1396,09:30:02,$ 3316.00,5
1397,09:30:02,$ 3316.00,5
1398,09:30:02,$ 3316.00,4
1399,09:30:02,$ 3316.00,3
1400,09:30:02,$ 3316.00,566
1401,09:30:02,$ 3316.00,1
1402,09:30:02,$ 3316.00,6
1403,09:30:02,$ 3316.00,30
1404,09:30:02,$ 3316.00,1
1405,09:30:02,$ 3316.00,19
1406,09:30:02,$ 3316.00,2
1408,09:30:02,$ 3316.00,71
1409,09:30:02,$ 3316.00,1
1410,09:30:02,$ 3316.00,145
1411,09:30:02,$ 3316.00,3
1412,09:30:02,$ 3316.00,1
1413,09:30:02,$ 3316.00,1
1414,09:30:02,$ 3316.00,3
1415,09:30:02,$ 3316.00,7
1416,09:30:02,$ 3316.00,11
1417,09:30:02,$ 3316.00,14
1418,09:30:02,$ 3316.00,63
1419,09:30:02,$ 3316.00,10
1420,09:30:02,$ 3316.00,11
1421,09:30:02,$ 3316.00,80
1422,09:30:02,$ 3316.00,50
1423,09:30:02,$ 3316.00,70
1424,09:30:02,$ 3316.00,2
1425,09:30:02,$ 3316.00,30
1426,09:30:02,$ 3316.00,7
1427,09:30:02,$ 3316.00,4
1429,09:30:02,$ 3316.00,17
1430,09:30:02,$ 3316.00,6
1431,09:30:02,$ 3316.00,2
1432,09:30:02,$ 3316.00,20
1433,09:30:02,$ 3316.00,1
1434,09:30:02,$ 3316.00,1
1435,09:30:02,$ 3316.00,1
1436,09:30:02,$ 3316.00,23
1437,09:30:02,$ 3316.00,5
1438,09:30:02,$ 3316.00,2
1439,09:30:02,$ 3316.00,149
1440,09:30:02,$ 3316.00,4
1441,09:30:02,$ 3316.00,4
1442,09:30:02,$ 3316.00,7
1443,09:30:02,$ 3316.00,18
1444,09:30:02,$ 3316.00,24
1445,09:30:02,$ 3316.00,10
1446,09:30:02,$ 3316.00,1
1447,09:30:02,$ 3316.00,72
1448,09:30:02,$ 3316.00,1
1450,09:30:02,$ 3316.00,45
1451,09:30:02,$ 3316.00,4
1452,09:30:02,$ 3316.00,2
1453,09:30:02,$ 3316.00,1
1454,09:30:02,$ 3316.00,8
1455,09:30:02,$ 3316.00,6
1456,09:30:02,$ 3316.00,31
1457,09:30:02,$ 3316.00,10
1458,09:30:02,$ 3316.00,3
1459,09:30:02,$ 3316.00,2
1460,09:30:02,$ 3316.00,1
1461,09:30:02,$ 3316.00,2
1462,09:30:02,$ 3316.00,2
1463,09:30:02,$ 3316.00,1
1464,09:30:02,$ 3316.00,2
1465,09:30:02,$ 3316.00,1
1466,09:30:02,$ 3316.00,4
1467,09:30:02,$ 3316.00,181
1468,09:30:02,$ 3316.00,1
1469,09:30:02,$ 3316.00,1
1471,09:30:02,$ 3316.00,4
1472,09:30:02,$ 3316.00,1
1473,09:30:02,$ 3316.00,100
1474,09:30:02,$ 3316.00,3
1475,09:30:02,$ 3316.00,3
1476,09:30:02,$ 3316.00,2
1477,09:30:02,$ 3316.00,1
1478,09:30:02,$ 3316.00,3
1479,09:30:02,$ 3316.00,5
1480,09:30:02,$ 3316.00,1
1481,09:30:02,$ 3316.00,3
1482,09:30:02,$ 3316.00,2
1483,09:30:02,$ 3316.00,3
1484,09:30:02,$ 3316.00,1
1485,09:30:02,$ 3316.00,2
1486,09:30:02,$ 3316.00,145
1487,09:30:02,$ 3316.00,2
1488,09:30:02,$ 3316.00,1
1489,09:30:02,$ 3316.00,2
1490,09:30:02,$ 3316.00,4
1492,09:30:02,$ 3316.00,1
1493,09:30:02,$ 3316.00,2
1494,09:30:02,$ 3316.00,1
1495,09:30:02,$ 3316.00,3
1496,09:30:02,$ 3316.00,1
1497,09:30:02,$ 3316.00,3
1498,09:30:02,$ 3316.00,4
1499,09:30:02,$ 3316.00,15
1500,09:30:02,$ 3316.00,95
1501,09:30:02,$ 3316.00,1
1502,09:30:02,$ 3316.00,100
1503,09:30:02,$ 3316.00,3
1504,09:30:02,$ 3316.00,3
1505,09:30:02,$ 3316.00,2
1506,09:30:02,$ 3316.00,4
1507,09:30:02,$ 3316.00,8
1508,09:30:02,$ 3316.00,2
1509,09:30:02,$ 3316.00,6
1510,09:30:02,$ 3316.00,6
1511,09:30:02,$ 3316.00,2
1513,09:30:02,$ 3316.00,4
1514,09:30:02,$ 3316.00,30
1515,09:30:02,$ 3316.00,2
1516,09:30:02,$ 3316.00,32
1517,09:30:02,$ 3316.00,1
1518,09:30:02,$ 3316.00,12
1519,09:30:02,$ 3316.00,24
1520,09:30:02,$ 3316.00,4
1521,09:30:02,$ 3316.00,2
1522,09:30:02,$ 3316.00,3
1523,09:30:02,$ 3316.00,50
1524,09:30:02,$ 3316.00,3
1525,09:30:02,$ 3316.00,1
1526,09:30:02,$ 3316.00,10
1527,09:30:02,$ 3316.00,"1,284"
1528,09:30:02,$ 3316.00,5
1529,09:30:02,$ 3316.00,2
1530,09:30:02,$ 3316.00,9
1531,09:30:02,$ 3316.00,24
1532,09:30:02,$ 3316.00,9
1534,09:30:02,$ 3316.00,1
1535,09:30:02,$ 3316.00,45
1536,09:30:02,$ 3316.00,58
1537,09:30:02,$ 3316.00,2
1538,09:30:02,$ 3316.00,5
1539,09:30:02,$ 3316.00,8
1540,09:30:02,$ 3316.00,1
1541,09:30:02,$ 3316.00,1
1542,09:30:02,$ 3316.00,5
1543,09:30:02,$ 3316.00,3
1544,09:30:02,$ 3316.00,16
1545,09:30:02,$ 3316.00,1
1546,09:30:02,$ 3316.00,1
1547,09:30:02,$ 3316.00,7
1548,09:30:02,$ 3316.00,1
1549,09:30:02,$ 3316.00,4
1550,09:30:02,$ 3316.00,20
1551,09:30:02,$ 3316.00,23
1552,09:30:02,$ 3316.00,2
1553,09:30:02,$ 3316.00,1
1555,09:30:02,$ 3316.00,7
1556,09:30:02,$ 3316.00,59
1557,09:30:02,$ 3316.00,2
1558,09:30:02,$ 3316.00,1
1559,09:30:02,$ 3316.00,80
1560,09:30:02,$ 3316.00,1
1561,09:30:02,$ 3316.00,2
1562,09:30:02,$ 3316.00,1
1563,09:30:02,$ 3316.00,1
1564,09:30:02,$ 3316.00,1
1565,09:30:02,$ 3316.00,2
1566,09:30:02,$ 3316.00,1
1567,09:30:02,$ 3316.00,58
1568,09:30:02,$ 3316.00,1
1569,09:30:02,$ 3316.00,1
1570,09:30:02,$ 3316.00,2
1571,09:30:02,$ 3316.00,2
1572,09:30:02,$ 3316.00,2
1573,09:30:02,$ 3316.00,1
1574,09:30:02,$ 3316.00,3
1576,09:30:02,$ 3316.00,10
1577,09:30:02,$ 3316.00,1
1578,09:30:02,$ 3316.00,2
1579,09:30:02,$ 3316.00,5
1580,09:30:02,$ 3316.00,3
1581,09:30:02,$ 3316.00,1
1582,09:30:02,$ 3316.00,1
1583,09:30:02,$ 3316.00,3
1584,09:30:02,$ 3316.00,2
1585,09:30:02,$ 3316.00,1
1586,09:30:02,$ 3316.00,25
1587,09:30:02,$ 3316.00,1
1588,09:30:02,$ 3316.00,25
1589,09:30:02,$ 3316.00,1
1590,09:30:02,$ 3316.00,2
1591,09:30:02,$ 3316.00,1
1592,09:30:02,$ 3316.00,9
1593,09:30:02,$ 3316.00,1
1594,09:30:02,$ 3316.00,4
1595,09:30:02,$ 3316.00,5
1597,09:30:02,$ 3316.00,1
1598,09:30:02,$ 3316.00,3
1599,09:30:02,$ 3316.00,16
1600,09:30:02,$ 3316.00,5
1601,09:30:02,$ 3316.00,1
1602,09:30:02,$ 3316.00,3
1603,09:30:02,$ 3316.00,1
1604,09:30:02,$ 3316.00,1
1605,09:30:02,$ 3316.00,7
1606,09:30:02,$ 3316.00,18
1607,09:30:02,$ 3316.00,2
1608,09:30:02,$ 3316.00,1
1609,09:30:02,$ 3316.00,1
1610,09:30:02,$ 3316.00,1
1611,09:30:02,$ 3316.00,1
1612,09:30:02,$ 3316.00,1
1613,09:30:02,$ 3316.00,21
1614,09:30:02,$ 3316.00,1
1615,09:30:02,$ 3316.00,1
1616,09:30:02,$ 3316.00,3
1618,09:30:02,$ 3316.00,3
1619,09:30:02,$ 3316.00,30
1620,09:30:02,$ 3316.00,1
1621,09:30:02,$ 3316.00,5
1622,09:30:02,$ 3316.00,3
1623,09:30:02,$ 3316.00,8
1624,09:30:02,$ 3316.00,5
1625,09:30:02,$ 3316.00,2
1626,09:30:02,$ 3316.00,3
1627,09:30:02,$ 3316.00,1
1628,09:30:02,$ 3316.00,6
1629,09:30:02,$ 3316.00,15
1630,09:30:02,$ 3316.00,3
1631,09:30:02,$ 3316.00,8
1632,09:30:02,$ 3316.00,145
1633,09:30:02,$ 3316.00,1
1634,09:30:02,$ 3316.00,5
1635,09:30:02,$ 3316.00,8
1636,09:30:02,$ 3316.00,150
1637,09:30:02,$ 3316.00,1
1639,09:30:02,$ 3316.00,4
1640,09:30:02,$ 3316.00,1
1641,09:30:02,$ 3316.00,"2,000"
1642,09:30:02,$ 3316.00,2
1643,09:30:02,$ 3316.00,1
1644,09:30:02,$ 3316.00,1
1645,09:30:02,$ 3316.00,5
1646,09:30:02,$ 3316.00,4
1647,09:30:02,$ 3316.00,1
1648,09:30:02,$ 3316.00,3
1649,09:30:02,$ 3316.00,5
1650,09:30:02,$ 3316.00,1
1651,09:30:02,$ 3316.00,1
1652,09:30:02,$ 3316.00,1
1653,09:30:02,$ 3316.00,1
1654,09:30:02,$ 3316.00,3
1655,09:30:02,$ 3316.00,3
1656,09:30:02,$ 3316.00,1
1657,09:30:02,$ 3316.00,1
1658,09:30:02,$ 3316.00,1
1660,09:30:02,$ 3316.00,1
1661,09:30:02,$ 3316.00,2
1662,09:30:02,$ 3316.00,4
1663,09:30:02,$ 3316.00,2
1664,09:30:02,$ 3316.00,1
1665,09:30:02,$ 3316.00,5
1666,09:30:02,$ 3316.00,1
1667,09:30:02,$ 3316.00,2
1668,09:30:02,$ 3316.00,15
1669,09:30:02,$ 3316.00,2
1670,09:30:02,$ 3316.00,1
1671,09:30:02,$ 3316.00,8
1672,09:30:02,$ 3316.00,3
1673,09:30:02,$ 3316.00,3
1674,09:30:02,$ 3316.00,3
1675,09:30:02,$ 3316.00,4
1676,09:30:02,$ 3316.00,20
1677,09:30:02,$ 3316.00,2
1678,09:30:02,$ 3316.00,55
1679,09:30:02,$ 3316.00,4
1681,09:30:02,$ 3316.00,5
1682,09:30:02,$ 3316.00,1
1683,09:30:02,$ 3316.00,1
1684,09:30:02,$ 3316.00,4
1685,09:30:02,$ 3316.00,1
1686,09:30:02,$ 3316.00,3
1687,09:30:02,$ 3316.00,1
1688,09:30:02,$ 3316.00,38
1689,09:30:02,$ 3316.00,1
1690,09:30:02,$ 3316.00,2
1691,09:30:02,$ 3316.00,2
1692,09:30:02,$ 3316.00,5
1693,09:30:02,$ 3316.00,8
1694,09:30:02,$ 3316.00,8
1695,09:30:02,$ 3316.00,1
1696,09:30:02,$ 3316.00,8
1697,09:30:02,$ 3316.00,18
1698,09:30:02,$ 3316.00,11
1699,09:30:02,$ 3316.00,15
1700,09:30:02,$ 3316.00,25
1702,09:30:02,$ 3316.00,9
1703,09:30:02,$ 3316.00,13
1704,09:30:02,$ 3316.00,1
1705,09:30:02,$ 3316.00,3
1706,09:30:02,$ 3316.00,1
1707,09:30:02,$ 3316.00,1
1708,09:30:02,$ 3316.00,1
1709,09:30:02,$ 3316.00,1
1710,09:30:02,$ 3316.00,3
1711,09:30:02,$ 3316.00,2
1712,09:30:02,$ 3316.00,10
1713,09:30:02,$ 3316.00,15
1714,09:30:02,$ 3316.00,4
1715,09:30:02,$ 3316.00,4
1716,09:30:02,$ 3316.00,1
1717,09:30:02,$ 3316.00,1
1718,09:30:02,$ 3316.00,1
1719,09:30:02,$ 3316.00,3
1720,09:30:02,$ 3316.00,2
1721,09:30:02,$ 3316.00,1
1723,09:30:02,$ 3316.00,1
1724,09:30:02,$ 3316.00,8
1725,09:30:02,$ 3316.00,1
1726,09:30:02,$ 3316.00,3
1727,09:30:02,$ 3316.00,1
1728,09:30:02,$ 3316.00,1
1729,09:30:02,$ 3316.00,4
1730,09:30:02,$ 3316.00,1
1731,09:30:02,$ 3316.00,3
1732,09:30:02,$ 3316.00,1
1733,09:30:02,$ 3316.00,2
1734,09:30:02,$ 3316.00,1
1735,09:30:02,$ 3316.00,4
1736,09:30:02,$ 3316.00,1
1737,09:30:02,$ 3316.00,1
1738,09:30:02,$ 3316.00,1
1739,09:30:02,$ 3316.00,3
1740,09:30:02,$ 3316.00,3
1741,09:30:02,$ 3316.00,2
1742,09:30:02,$ 3316.00,1
1744,09:30:02,$ 3316.00,1
1745,09:30:02,$ 3316.00,3
1746,09:30:02,$ 3316.00,1
1747,09:30:02,$ 3316.00,7
1748,09:30:02,$ 3316.00,1
1749,09:30:02,$ 3316.00,1
1750,09:30:02,$ 3316.00,1
1751,09:30:02,$ 3316.00,2
1752,09:30:02,$ 3316.00,2
1753,09:30:02,$ 3316.00,1
1754,09:30:02,$ 3316.00,1
1755,09:30:02,$ 3316.00,1
1756,09:30:02,$ 3316.00,2
1757,09:30:02,$ 3316.00,1
1758,09:30:02,$ 3316.00,1
1759,09:30:02,$ 3316.00,1
1760,09:30:02,$ 3316.00,6
1761,09:30:02,$ 3316.00,1
1762,09:30:02,$ 3316.00,2
1763,09:30:02,$ 3316.00,1
1765,09:30:02,$ 3316.00,1
1766,09:30:02,$ 3316.00,1
1767,09:30:02,$ 3316.00,6
1768,09:30:02,$ 3316.00,1
1769,09:30:02,$ 3316.00,5
1770,09:30:02,$ 3316.00,5
1771,09:30:02,$ 3316.00,102
1772,09:30:02,$ 3316.00,102
1773,09:30:02,$ 3316.00,102
1774,09:30:02,$ 3316.00,102
1775,09:30:02,$ 3316.00,1
1776,09:30:02,$ 3316.00,1
1777,09:30:02,$ 3316.00,300
1778,09:30:02,$ 3316.00,5
1779,09:30:02,$ 3316.00,2
1780,09:30:02,$ 3316.00,180
1781,09:30:02,$ 3316.00,12
1782,09:30:02,$ 3316.00,195
1783,09:30:02,$ 3316.00,102
1784,09:30:02,$ 3316.00,3
1786,09:30:02,$ 3316.00,1
1787,09:30:02,$ 3316.00,20
1788,09:30:02,$ 3316.00,7
1789,09:30:02,$ 3316.00,4
1790,09:30:02,$ 3316.00,102
1791,09:30:02,$ 3316.00,51
1792,09:30:02,$ 3316.00,51
1793,09:30:02,$ 3316.00,50
1794,09:30:02,$ 3316.00,50
1795,09:30:02,$ 3316.00,51
1796,09:30:02,$ 3316.00,50
1797,09:30:02,$ 3316.00,1
1798,09:30:02,$ 3316.00,909
1799,09:30:00,$ 3316.00,7
1801,10:29:57,$ 3308.9376,223
1802,10:29:30,$ 3309.84,100
1803,10:29:02,$ 3311.72,100
1804,10:29:01,$ 3311.5303,203
1805,10:28:50,$ 3310.10,100
1806,10:28:45,$ 3309.60,100
1807,10:28:36,$ 3309.525,100
1808,10:27:51,$ 3311.55,100
1809,10:27:49,$ 3310.15,100
1810,10:27:39,$ 3311.42,100
1811,10:27:39,$ 3311.4698,100
1812,10:27:24,$ 3312.26,100
1813,10:27:15,$ 3312.645,100
1814,10:27:12,$ 3312.11,100
1815,10:26:50,$ 3311.9699,100
1816,10:26:25,$ 3311.91,100
1817,10:26:14,$ 3312.00,250
1818,10:26:13,$ 3311.00,100
1819,10:26:11,$ 3310.77,100
1820,10:25:57,$ 3309.66,100
1822,10:25:55,$ 3309.87,100
1823,10:25:54,$ 3310.45,143
1824,10:25:54,$ 3310.45,150
1825,10:25:54,$ 3310.45,100
1826,10:25:50,$ 3311.03,129
1827,10:25:50,$ 3311.03,171
1828,10:25:41,$ 3310.05,100
1829,10:25:31,$ 3309.93,300
1830,10:25:30,$ 3308.595,100
1831,10:25:24,$ 3309.4377,123
1832,10:25:14,$ 3308.44,200
1833,10:25:13,$ 3308.21,100
1834,10:24:58,$ 3308.07,100
1835,10:24:44,$ 3308.5164,100
1836,10:24:12,$ 3310.3288,100
1837,10:24:05,$ 3310.00,122
1838,10:23:47,$ 3309.00,100
1839,10:23:30,$ 3307.715,100
1840,10:23:28,$ 3307.91,150
1841,10:23:23,$ 3308.01,100
1843,10:23:23,$ 3308.01,100
1844,10:23:18,$ 3307.8546,152
1845,10:23:09,$ 3309.1937,120
1846,10:23:03,$ 3308.775,100
1847,10:22:42,$ 3306.30,100
1848,10:22:42,$ 3306.30,100
1849,10:22:36,$ 3307.00,100
1850,10:22:30,$ 3308.005,100
1851,10:22:26,$ 3310.4999,100
1852,10:22:16,$ 3309.425,100
1853,10:22:14,$ 3309.37,200
1854,10:22:10,$ 3309.00,100
1855,10:22:05,$ 3308.20,252
1856,10:22:05,$ 3308.20,104
1857,10:22:05,$ 3308.21,100
1858,10:22:05,$ 3308.21,100
1859,10:21:53,$ 3309.37,200
1860,10:21:43,$ 3313.7399,100
1861,10:21:39,$ 3307.80,200
1862,10:21:35,$ 3308.91,100
1864,10:21:20,$ 3309.00,100
1865,10:21:18,$ 3310.00,100
1866,10:21:03,$ 3311.81,100
1867,10:21:02,$ 3311.54,100
1868,10:20:39,$ 3314.40,100
1869,10:20:25,$ 3315.705,100
1870,10:20:20,$ 3314.66,165
1871,10:20:00,$ 3313.945,100
1872,10:19:36,$ 3313.51,100
1873,10:19:28,$ 3313.535,100
1874,10:19:27,$ 3313.85,100
1875,10:19:03,$ 3313.27,100
1876,10:19:02,$ 3312.67,200
1877,10:18:47,$ 3313.1722,100
1878,10:18:30,$ 3314.32,100
1879,10:18:29,$ 3314.885,100
1880,10:18:19,$ 3314.40,100
1881,10:18:19,$ 3314.40,100
1882,10:18:16,$ 3315.61,100
1883,10:17:48,$ 3315.69,100
1885,10:17:21,$ 3315.69,100
1886,10:17:17,$ 3315.76,100
1887,10:17:09,$ 3313.81,100
1888,10:17:06,$ 3316.155,100
1889,10:17:04,$ 3316.01,100
1890,10:17:04,$ 3316.075,100
1891,10:16:59,$ 3317.445,100
1892,10:16:59,$ 3317.395,100
1893,10:16:59,$ 3317.385,100
1894,10:16:55,$ 3317.00,100
1895,10:16:55,$ 3317.00,100
1896,10:16:53,$ 3314.94,100
1897,10:16:52,$ 3314.27,100
1898,10:16:51,$ 3315.24,100
1899,10:16:51,$ 3315.00,117
1900,10:16:51,$ 3315.00,100
1901,10:16:39,$ 3313.6201,200
1902,10:16:34,$ 3312.90,100
1903,10:16:34,$ 3312.90,100
1904,10:16:32,$ 3310.74,100
1906,10:16:23,$ 3311.85,200
1907,10:16:19,$ 3311.72,250
1908,10:16:06,$ 3311.72,100
1909,10:15:53,$ 3309.745,100
1910,10:15:43,$ 3310.16,200
1911,10:15:35,$ 3311.06,100
1912,10:15:35,$ 3311.06,100
1913,10:15:21,$ 3309.945,100
1914,10:15:20,$ 3310.03,300
1915,10:15:20,$ 3310.20,100
1916,10:15:20,$ 3310.03,100
1917,10:15:08,$ 3308.505,100
1918,10:15:07,$ 3309.5635,100
1919,10:14:51,$ 3308.1325,100
1920,10:14:40,$ 3308.91,100
1921,10:14:30,$ 3309.20,300
1922,10:14:30,$ 3309.00,100
1923,10:14:30,$ 3309.00,147
1924,10:14:20,$ 3309.01,100
1925,10:14:20,$ 3309.04,100
1927,10:14:15,$ 3309.04,100
1928,10:14:08,$ 3309.17,100
1929,10:14:02,$ 3308.105,131
1930,10:14:00,$ 3308.01,100
1931,10:14:00,$ 3308.03,100
1932,10:13:59,$ 3308.00,100
1933,10:13:59,$ 3308.00,100
1934,10:13:59,$ 3308.35,100
1935,10:13:59,$ 3308.00,100
1936,10:13:59,$ 3308.00,100
1937,10:13:24,$ 3309.07,100
1938,10:13:20,$ 3310.00,100
1939,10:13:15,$ 3309.34,110
1940,10:12:59,$ 3310.47,250
1941,10:12:26,$ 3311.21,100
1942,10:12:02,$ 3310.59,100
1943,10:12:02,$ 3310.02,100
1944,10:12:00,$ 3310.00,150
1945,10:12:00,$ 3310.00,100
1946,10:12:00,$ 3310.00,100
1948,10:12:00,$ 3310.00,100
1949,10:11:54,$ 3311.22,420
1950,10:11:53,$ 3311.103,399
1951,10:11:50,$ 3311.04,100
1952,10:11:50,$ 3311.06,100
1953,10:11:48,$ 3311.59,100
1954,10:11:42,$ 3312.00,"1,500"
1955,10:11:34,$ 3313.70,500
1956,10:11:11,$ 3313.60,100
1957,10:10:59,$ 3315.66,100
1958,10:10:58,$ 3315.52,100
1959,10:10:54,$ 3315.52,100
1960,10:10:54,$ 3315.52,100
1961,10:10:40,$ 3314.20,100
1962,10:10:33,$ 3311.79,100
1963,10:10:09,$ 3314.92,100
1964,10:10:07,$ 3314.3942,311
1965,10:10:07,$ 3314.38,100
1966,10:10:01,$ 3314.41,100
1967,10:10:00,$ 3313.97,100
1969,10:09:55,$ 3312.68,100
1970,10:09:45,$ 3311.995,100
1971,10:09:44,$ 3311.75,100
1972,10:09:35,$ 3310.5637,100
1973,10:09:32,$ 3310.93,100
1974,10:09:24,$ 3311.1536,100
1975,10:08:48,$ 3311.11,100
1976,10:08:22,$ 3311.14,100
1977,10:08:04,$ 3310.12,100
1978,10:08:03,$ 3310.17,100
1979,10:07:37,$ 3310.07,190
1980,10:07:36,$ 3312.0599,100
1981,10:07:31,$ 3309.09,100
1982,10:07:12,$ 3310.7316,172
1983,10:07:12,$ 3310.83,100
1984,10:07:09,$ 3309.7975,302
1985,10:07:09,$ 3308.985,100
1986,10:06:54,$ 3312.3399,200
1987,10:06:20,$ 3315.00,238
1988,10:06:20,$ 3314.81,100
1990,10:06:15,$ 3315.52,100
1991,10:06:15,$ 3315.05,100
1992,10:06:03,$ 3318.50,100
1993,10:06:03,$ 3318.50,100
1994,10:05:53,$ 3317.00,100
1995,10:05:49,$ 3316.76,100
1996,10:05:48,$ 3316.00,100
1997,10:05:43,$ 3315.28,100
1998,10:05:43,$ 3315.13,100
1999,10:05:43,$ 3315.28,100
2000,10:05:41,$ 3315.36,100
2001,10:05:41,$ 3316.1747,100
2002,10:05:35,$ 3316.00,100
2003,10:05:33,$ 3317.00,100
2004,10:05:24,$ 3317.80,100
2005,10:05:24,$ 3317.00,100
2006,10:05:24,$ 3317.04,100
2007,10:05:24,$ 3317.00,100
2008,10:05:24,$ 3317.00,100
2009,10:05:16,$ 3318.00,140
2011,10:05:16,$ 3318.075,100
2012,10:05:16,$ 3318.285,100
2013,10:05:10,$ 3318.98,400
2014,10:05:10,$ 3318.50,200
2015,10:05:10,$ 3318.50,200
2016,10:05:10,$ 3318.50,100
2017,10:05:10,$ 3318.50,200
2018,10:05:10,$ 3318.50,100
2019,10:05:10,$ 3318.50,100
2020,10:05:10,$ 3318.50,100
2021,10:04:55,$ 3318.35,100
2022,10:04:55,$ 3318.60,100
2023,10:04:42,$ 3319.335,100
2024,10:04:35,$ 3319.99,411
2025,10:04:35,$ 3319.5494,263
2026,10:04:03,$ 3318.88,100
2027,10:04:03,$ 3319.355,100
2028,10:03:30,$ 3318.525,200
2029,10:03:23,$ 3320.235,100
2030,10:03:15,$ 3320.53,100
2032,10:02:58,$ 3321.74,200
2033,10:02:55,$ 3321.455,100
2034,10:02:55,$ 3321.455,100
2035,10:02:55,$ 3321.10,100
2036,10:02:42,$ 3320.54,100
2037,10:02:29,$ 3320.925,136
2038,10:02:28,$ 3320.925,100
2039,10:02:24,$ 3320.76,100
2040,10:02:16,$ 3318.98,100
2041,10:02:14,$ 3318.63,100
2042,10:01:29,$ 3319.00,100
2043,10:01:27,$ 3319.05,100
2044,10:01:24,$ 3318.0161,300
2045,10:01:08,$ 3317.895,500
2046,10:01:01,$ 3317.94,100
2047,10:00:58,$ 3317.745,200
2048,10:00:51,$ 3317.7221,100
2049,10:00:44,$ 3317.07,111
2050,10:00:43,$ 3317.11,100
2051,10:00:27,$ 3318.42,100
2053,10:00:24,$ 3317.32,100
2054,10:00:07,$ 3318.344,111
2055,10:00:03,$ 3318.335,100
2056,10:00:02,$ 3318.055,100
2058,10:59:59,$ 3300.49,100
2059,10:59:50,$ 3300.03,100
2060,10:59:49,$ 3299.97,100
2061,10:59:49,$ 3300.03,100
2062,10:59:47,$ 3300.00,100
2063,10:59:47,$ 3300.00,100
2064,10:59:45,$ 3300.00,100
2065,10:59:45,$ 3299.98,100
2066,10:59:42,$ 3299.895,100
2067,10:59:40,$ 3299.21,100
2068,10:59:40,$ 3299.21,100
2069,10:59:40,$ 3300.00,100
2070,10:59:40,$ 3300.00,136
2071,10:59:37,$ 3300.745,100
2072,10:59:32,$ 3301.09,100
2073,10:58:44,$ 3303.485,100
2074,10:58:35,$ 3302.7804,100
2075,10:58:33,$ 3302.21,100
2076,10:58:12,$ 3302.94,100
2077,10:58:01,$ 3302.18,100
2079,10:57:43,$ 3301.97,100
2080,10:57:42,$ 3301.6203,100
2081,10:57:35,$ 3300.0725,100
2082,10:57:24,$ 3300.425,200
2083,10:57:10,$ 3299.89,100
2084,10:57:10,$ 3299.60,100
2085,10:57:10,$ 3299.635,100
2086,10:57:10,$ 3300.00,100
2087,10:57:10,$ 3300.00,100
2088,10:57:10,$ 3300.00,100
2089,10:57:10,$ 3299.99,100
2090,10:57:10,$ 3300.00,100
2091,10:57:10,$ 3300.00,100
2092,10:57:10,$ 3300.30,100
2093,10:56:54,$ 3301.66,100
2094,10:56:50,$ 3301.77,100
2095,10:56:47,$ 3301.09,100
2096,10:56:44,$ 3301.00,198
2097,10:56:44,$ 3301.00,200
2098,10:56:43,$ 3300.50,259
2100,10:56:41,$ 3301.695,100
2101,10:56:00,$ 3300.52,100
2102,10:55:58,$ 3302.1093,100
2103,10:55:56,$ 3300.84,100
2104,10:55:56,$ 3301.10,100
2105,10:55:56,$ 3301.10,326
2106,10:55:45,$ 3303.09,100
2107,10:55:39,$ 3304.395,493
2108,10:55:39,$ 3305.22,100
2109,10:55:34,$ 3304.00,100
2110,10:55:26,$ 3303.785,100
2111,10:55:19,$ 3304.375,100
2112,10:55:12,$ 3304.21,100
2113,10:55:12,$ 3304.44,100
2114,10:55:12,$ 3304.44,100
2115,10:55:05,$ 3305.63,100
2116,10:55:02,$ 3306.74,100
2117,10:55:02,$ 3306.75,100
2118,10:54:29,$ 3306.5125,100
2119,10:54:29,$ 3305.685,100
2121,10:54:23,$ 3306.485,100
2122,10:54:06,$ 3307.99,100
2123,10:53:36,$ 3307.62,100
2124,10:53:07,$ 3309.84,100
2125,10:53:02,$ 3309.965,100
2126,10:52:50,$ 3309.975,100
2127,10:52:35,$ 3309.00,100
2128,10:51:50,$ 3307.75,100
2129,10:51:43,$ 3305.54,100
2130,10:51:38,$ 3304.84,100
2131,10:51:27,$ 3304.00,100
2132,10:51:11,$ 3305.84,100
2133,10:50:57,$ 3307.68,100
2134,10:50:27,$ 3308.58,100
2135,10:50:05,$ 3308.25,100
2136,10:49:20,$ 3310.42,100
2137,10:49:20,$ 3310.53,100
2138,10:49:20,$ 3309.93,100
2139,10:47:35,$ 3308.05,100
2140,10:47:27,$ 3306.96,100
2142,10:47:27,$ 3306.96,100
2143,10:47:27,$ 3306.96,100
2144,10:47:22,$ 3308.045,100
2145,10:47:08,$ 3308.16,100
2146,10:47:07,$ 3307.09,100
2147,10:47:07,$ 3306.96,100
2148,10:47:06,$ 3308.805,100
2149,10:47:00,$ 3309.48,100
2150,10:47:00,$ 3309.42,100
2151,10:46:54,$ 3309.46,100
2152,10:45:55,$ 3306.45,100
2153,10:45:34,$ 3305.67,129
2154,10:44:53,$ 3307.155,100
2155,10:44:52,$ 3306.99,100
2156,10:44:50,$ 3307.11,310
2157,10:44:40,$ 3308.09,100
2158,10:44:28,$ 3309.80,100
2159,10:44:22,$ 3309.8763,100
2160,10:44:18,$ 3309.69,100
2161,10:44:18,$ 3310.7993,100
2163,10:44:16,$ 3308.35,100
2164,10:44:00,$ 3308.29,100
2165,10:43:30,$ 3309.29,100
2166,10:43:25,$ 3308.70,100
2167,10:43:25,$ 3308.70,100
2168,10:42:47,$ 3306.60,100
2169,10:42:43,$ 3307.67,100
2170,10:42:24,$ 3307.84,100
2171,10:42:16,$ 3308.74,100
2172,10:42:12,$ 3308.00,100
2173,10:42:04,$ 3305.83,100
2174,10:41:32,$ 3305.57,100
2175,10:41:18,$ 3305.66,100
2176,10:41:02,$ 3305.255,100
2177,10:40:48,$ 3303.365,200
2178,10:40:39,$ 3305.255,100
2179,10:40:38,$ 3304.76,100
2180,10:40:38,$ 3305.00,100
2181,10:40:38,$ 3305.24,100
2182,10:40:38,$ 3305.16,100
2184,10:40:38,$ 3305.15,100
2185,10:40:38,$ 3305.12,100
2186,10:40:29,$ 3306.00,100
2187,10:40:28,$ 3306.64,100
2188,10:40:23,$ 3307.655,100
2189,10:39:58,$ 3308.98,100
2190,10:39:20,$ 3306.99,100
2191,10:39:20,$ 3307.11,100
2192,10:39:03,$ 3308.33,100
2193,10:38:43,$ 3308.54,100
2194,10:38:34,$ 3308.41,100
2195,10:38:28,$ 3307.74,100
2196,10:38:28,$ 3307.77,129
2197,10:37:53,$ 3308.70,100
2198,10:37:36,$ 3306.775,100
2199,10:37:33,$ 3307.55,100
2200,10:37:30,$ 3307.89,100
2201,10:37:25,$ 3306.605,100
2202,10:37:17,$ 3307.71,100
2203,10:37:15,$ 3306.48,100
2205,10:36:34,$ 3307.09,100
2206,10:36:22,$ 3306.00,100
2207,10:36:17,$ 3306.46,100
2208,10:36:17,$ 3306.74,100
2209,10:36:17,$ 3306.79,100
2210,10:35:34,$ 3307.65,100
2211,10:35:34,$ 3307.66,100
2212,10:35:04,$ 3308.18,100
2213,10:35:04,$ 3308.18,100
2214,10:35:02,$ 3308.62,100
2215,10:34:54,$ 3308.595,100
2216,10:34:36,$ 3309.15,100
2217,10:34:22,$ 3308.87,100
2218,10:34:17,$ 3307.0923,100
2219,10:33:56,$ 3308.815,100
2220,10:33:47,$ 3308.76,100
2221,10:33:42,$ 3308.50,100
2222,10:33:24,$ 3307.00,100
2223,10:33:06,$ 3305.23,100
2224,10:33:04,$ 3304.88,100
2226,10:33:02,$ 3303.9311,100
2227,10:32:59,$ 3304.20,100
2228,10:32:59,$ 3303.79,100
2229,10:32:35,$ 3307.3365,100
2230,10:32:23,$ 3305.795,100
2231,10:32:20,$ 3306.455,100
2232,10:32:14,$ 3305.9318,100
2233,10:31:25,$ 3304.47,100
2234,10:31:25,$ 3304.47,100
2235,10:31:12,$ 3305.1318,101
2236,10:31:01,$ 3305.59,111
2237,10:30:55,$ 3305.985,100
2238,10:30:51,$ 3306.12,200
2239,10:30:50,$ 3308.385,100
2240,10:30:47,$ 3307.19,100
2241,10:30:37,$ 3307.51,100
2242,10:30:37,$ 3307.58,100
2243,10:30:37,$ 3307.67,100
2244,10:30:23,$ 3309.92,100
2245,10:30:23,$ 3309.92,100
2247,10:30:08,$ 3310.07,135
2249,11:29:54,$ 3311.35,100
2250,11:29:53,$ 3310.68,100
2251,11:29:49,$ 3310.48,100
2252,11:29:48,$ 3310.48,100
2253,11:29:46,$ 3310.55,100
2254,11:29:43,$ 3309.40,100
2255,11:29:43,$ 3309.54,100
2256,11:29:40,$ 3310.1091,100
2257,11:29:26,$ 3310.51,100
2258,11:29:05,$ 3310.65,100
2259,11:29:05,$ 3310.20,100
2260,11:29:05,$ 3310.19,100
2261,11:28:49,$ 3310.085,100
2262,11:28:43,$ 3309.8347,100
2263,11:27:52,$ 3309.15,100
2264,11:27:46,$ 3308.365,100
2265,11:27:43,$ 3308.52,100
2266,11:27:38,$ 3308.655,100
2267,11:27:35,$ 3309.7483,200
2268,11:27:28,$ 3310.12,100
2270,11:27:21,$ 3311.445,100
2271,11:27:12,$ 3311.445,100
2272,11:27:10,$ 3311.20,234
2273,11:27:10,$ 3311.20,149
2274,11:26:59,$ 3309.89,100
2275,11:26:53,$ 3310.02,100
2276,11:26:45,$ 3309.85,100
2277,11:26:37,$ 3310.00,100
2278,11:26:37,$ 3310.00,100
2279,11:26:31,$ 3309.7791,100
2280,11:26:29,$ 3308.85,100
2281,11:26:02,$ 3307.3603,100
2282,11:25:27,$ 3310.195,100
2283,11:25:27,$ 3310.515,100
2284,11:25:26,$ 3310.52,100
2285,11:25:25,$ 3309.74,100
2286,11:25:09,$ 3308.71,100
2287,11:25:09,$ 3308.70,100
2288,11:25:09,$ 3308.62,100
2289,11:24:58,$ 3310.535,100
2291,11:24:58,$ 3310.05,100
2292,11:24:58,$ 3310.49,100
2293,11:24:57,$ 3310.6574,100
2294,11:24:16,$ 3312.03,100
2295,11:24:05,$ 3313.585,100
2296,11:23:53,$ 3313.9719,100
2297,11:23:53,$ 3313.515,100
2298,11:23:46,$ 3313.91,100
2299,11:23:43,$ 3313.50,100
2300,11:23:28,$ 3313.00,190
2301,11:23:14,$ 3313.13,132
2302,11:22:59,$ 3313.10,100
2303,11:22:40,$ 3312.49,100
2304,11:22:21,$ 3311.50,100
2305,11:22:20,$ 3312.50,100
2306,11:22:20,$ 3312.55,100
2307,11:21:32,$ 3312.285,200
2308,11:21:31,$ 3311.896,202
2309,11:21:30,$ 3312.26,100
2310,11:21:07,$ 3312.27,200
2312,11:21:04,$ 3311.61,100
2313,11:21:03,$ 3312.02,100
2314,11:21:00,$ 3311.96,100
2315,11:20:58,$ 3312.415,230
2316,11:20:51,$ 3312.835,100
2317,11:20:51,$ 3312.8375,100
2318,11:20:38,$ 3313.98,151
2319,11:20:12,$ 3312.85,100
2320,11:20:08,$ 3313.35,100
2321,11:20:08,$ 3313.32,100
2322,11:20:07,$ 3313.225,200
2323,11:19:47,$ 3312.605,100
2324,11:19:42,$ 3312.915,100
2325,11:19:41,$ 3312.98,165
2326,11:19:35,$ 3312.195,100
2327,11:19:35,$ 3312.195,100
2328,11:19:35,$ 3312.195,188
2329,11:19:32,$ 3311.78,100
2330,11:19:23,$ 3311.86,100
2331,11:19:23,$ 3311.775,100
2333,11:19:23,$ 3311.775,100
2334,11:19:15,$ 3310.935,100
2335,11:19:14,$ 3311.24,100
2336,11:19:06,$ 3310.551,100
2337,11:18:48,$ 3311.88,100
2338,11:18:46,$ 3311.82,100
2339,11:18:44,$ 3312.30,100
2340,11:18:44,$ 3312.35,100
2341,11:18:26,$ 3312.20,100
2342,11:18:17,$ 3311.1642,200
2343,11:18:01,$ 3312.225,100
2344,11:18:00,$ 3311.80,100
2345,11:17:51,$ 3312.0446,100
2346,11:17:50,$ 3312.24,100
2347,11:17:41,$ 3311.56,100
2348,11:17:41,$ 3312.05,100
2349,11:17:28,$ 3310.85,100
2350,11:17:14,$ 3309.33,100
2351,11:17:03,$ 3309.38,100
2352,11:16:58,$ 3309.79,100
2354,11:16:45,$ 3309.26,100
2355,11:16:27,$ 3308.2272,129
2356,11:16:11,$ 3307.9301,100
2357,11:16:09,$ 3309.15,100
2358,11:16:01,$ 3309.81,100
2359,11:16:00,$ 3309.705,100
2360,11:15:49,$ 3309.30,100
2361,11:15:33,$ 3307.92,100
2362,11:15:29,$ 3307.00,100
2363,11:15:29,$ 3307.00,100
2364,11:15:21,$ 3305.295,100
2365,11:15:01,$ 3305.44,100
2366,11:14:50,$ 3304.03,100
2367,11:14:28,$ 3305.03,100
2368,11:14:05,$ 3305.00,100
2369,11:13:15,$ 3305.48,100
2370,11:13:02,$ 3306.40,100
2371,11:13:00,$ 3306.74,100
2372,11:12:23,$ 3304.79,100
2373,11:12:19,$ 3304.00,100
2375,11:12:19,$ 3304.00,114
2376,11:11:00,$ 3306.49,100
2377,11:10:07,$ 3306.088,375
2378,11:10:07,$ 3307.318,100
2379,11:10:00,$ 3305.69,100
2380,11:09:50,$ 3306.50,100
2381,11:09:39,$ 3305.75,100
2382,11:09:32,$ 3305.85,100
2383,11:09:29,$ 3305.92,100
2384,11:09:15,$ 3305.04,360
2385,11:09:13,$ 3305.04,100
2386,11:09:13,$ 3305.04,100
2387,11:08:38,$ 3306.355,100
2388,11:08:06,$ 3305.86,100
2389,11:07:46,$ 3307.21,146
2390,11:07:40,$ 3307.20,100
2391,11:07:25,$ 3306.95,100
2392,11:07:19,$ 3307.055,600
2393,11:07:03,$ 3307.25,100
2394,11:07:03,$ 3307.23,100
2396,11:07:02,$ 3306.77,100
2397,11:07:02,$ 3306.8252,400
2398,11:07:00,$ 3306.02,100
2399,11:07:00,$ 3306.02,100
2400,11:06:48,$ 3305.07,100
2401,11:06:39,$ 3304.5669,400
2402,11:06:21,$ 3305.065,100
2403,11:06:21,$ 3305.00,100
2404,11:06:14,$ 3304.43,500
2405,11:06:11,$ 3305.02,100
2406,11:05:41,$ 3303.81,100
2407,11:05:31,$ 3302.85,100
2408,11:04:59,$ 3302.98,145
2409,11:04:45,$ 3304.51,100
2410,11:04:45,$ 3304.9525,100
2411,11:04:45,$ 3304.975,100
2412,11:04:41,$ 3304.90,464
2413,11:04:31,$ 3304.82,133
2414,11:04:31,$ 3304.82,150
2415,11:04:31,$ 3304.82,150
2417,11:04:31,$ 3304.82,150
2418,11:04:31,$ 3304.82,150
2419,11:04:31,$ 3304.82,146
2420,11:04:02,$ 3303.74,100
2421,11:03:52,$ 3303.05,100
2422,11:03:48,$ 3302.22,185
2423,11:03:26,$ 3303.025,100
2424,11:03:12,$ 3303.79,100
2425,11:02:17,$ 3304.65,100
2426,11:02:16,$ 3304.005,100
2427,11:02:16,$ 3304.40,100
2428,11:02:16,$ 3304.42,100
2429,11:02:11,$ 3305.955,100
2430,11:02:04,$ 3304.48,100
2431,11:02:00,$ 3304.48,100
2432,11:01:50,$ 3304.465,100
2433,11:01:44,$ 3304.00,342
2434,11:01:42,$ 3303.37,100
2435,11:01:40,$ 3303.855,100
2436,11:01:34,$ 3302.995,100
2438,11:01:29,$ 3303.375,100
2439,11:01:27,$ 3302.48,100
2440,11:01:23,$ 3302.505,100
2441,11:01:18,$ 3302.08,100
2442,11:01:17,$ 3302.61,100
2443,11:01:17,$ 3302.7698,100
2444,11:01:14,$ 3303.60,100
2445,11:01:01,$ 3302.54,100
2446,11:01:00,$ 3302.49,100
2447,11:00:52,$ 3301.67,100
2448,11:00:39,$ 3300.0198,100
2449,11:00:36,$ 3300.67,100
2450,11:00:36,$ 3300.665,100
2451,11:00:35,$ 3300.245,100
2452,11:00:29,$ 3300.28,100
2453,11:00:21,$ 3298.845,100
2454,11:00:20,$ 3298.835,100
2455,11:00:01,$ 3299.67,100
2456,11:00:01,$ 3299.67,100
2457,11:00:01,$ 3299.67,100
2459,11:59:44,$ 3296.3992,100
2460,11:59:14,$ 3294.8077,100
2461,11:59:06,$ 3294.73,100
2462,11:58:53,$ 3296.20,100
2463,11:58:49,$ 3295.00,100
2464,11:58:48,$ 3295.60,100
2465,11:58:30,$ 3294.16,100
2466,11:58:25,$ 3294.015,100
2467,11:58:16,$ 3292.8403,100
2468,11:57:42,$ 3293.10,100
2469,11:57:27,$ 3292.7107,100
2470,11:56:23,$ 3294.955,100
2471,11:56:19,$ 3294.51,100
2472,11:56:09,$ 3294.50,100
2473,11:56:06,$ 3295.00,100
2474,11:55:18,$ 3293.925,100
2475,11:55:14,$ 3293.17,100
2476,11:55:05,$ 3293.095,100
2477,11:54:59,$ 3293.81,100
2478,11:54:56,$ 3293.95,121
2480,11:54:46,$ 3292.955,100
2481,11:54:15,$ 3292.745,100
2482,11:54:14,$ 3291.5301,100
2483,11:54:12,$ 3292.735,100
2484,11:54:07,$ 3292.35,100
2485,11:53:50,$ 3291.19,100
2486,11:53:29,$ 3291.80,100
2487,11:53:17,$ 3292.36,100
2488,11:53:17,$ 3292.20,100
2489,11:53:17,$ 3293.04,100
2490,11:53:17,$ 3293.04,100
2491,11:53:12,$ 3292.45,100
2492,11:53:01,$ 3291.22,100
2493,11:52:37,$ 3290.40,100
2494,11:52:20,$ 3290.94,100
2495,11:52:20,$ 3290.94,100
2496,11:52:11,$ 3291.025,150
2497,11:52:10,$ 3291.5121,100
2498,11:52:01,$ 3290.243,100
2499,11:51:47,$ 3291.00,900
2501,11:51:32,$ 3292.12,100
2502,11:51:20,$ 3291.57,125
2503,11:51:09,$ 3293.065,100
2504,11:51:04,$ 3293.6774,100
2505,11:50:59,$ 3294.00,131
2506,11:50:59,$ 3294.02,100
2507,11:50:59,$ 3294.00,100
2508,11:50:59,$ 3294.01,100
2509,11:50:55,$ 3294.5028,100
2510,11:50:04,$ 3296.98,100
2511,11:50:03,$ 3295.55,100
2512,11:50:03,$ 3295.55,100
2513,11:50:03,$ 3295.1993,302
2514,11:50:03,$ 3295.55,100
2515,11:50:03,$ 3295.55,100
2516,11:50:03,$ 3296.25,150
2517,11:50:03,$ 3296.42,100
2518,11:50:03,$ 3296.50,100
2519,11:50:03,$ 3296.50,100
2520,11:50:03,$ 3296.42,100
2522,11:49:48,$ 3296.99,100
2523,11:49:35,$ 3295.62,125
2524,11:49:35,$ 3296.46,100
2525,11:49:35,$ 3296.47,100
2526,11:49:35,$ 3296.44,100
2527,11:49:35,$ 3296.47,100
2528,11:49:35,$ 3296.47,100
2529,11:49:35,$ 3296.46,100
2530,11:49:35,$ 3296.47,100
2531,11:49:35,$ 3296.47,100
2532,11:49:35,$ 3296.47,100
2533,11:49:35,$ 3296.47,200
2534,11:49:35,$ 3296.055,100
2535,11:49:35,$ 3296.355,100
2536,11:49:35,$ 3296.47,500
2537,11:49:30,$ 3295.425,100
2538,11:49:16,$ 3293.3612,400
2539,11:49:07,$ 3293.06,100
2540,11:49:05,$ 3293.885,100
2541,11:49:00,$ 3293.92,150
2543,11:48:59,$ 3293.515,100
2544,11:48:42,$ 3295.00,100
2545,11:48:41,$ 3294.47,100
2546,11:48:35,$ 3295.32,100
2547,11:48:29,$ 3295.78,100
2548,11:48:23,$ 3295.82,100
2549,11:48:17,$ 3296.08,100
2550,11:48:14,$ 3297.41,100
2551,11:48:14,$ 3297.41,100
2552,11:48:14,$ 3297.47,100
2553,11:48:14,$ 3297.41,177
2554,11:48:14,$ 3297.08,100
2555,11:48:14,$ 3296.87,100
2556,11:48:11,$ 3297.62,100
2557,11:48:07,$ 3297.45,100
2558,11:48:07,$ 3298.14,100
2559,11:47:56,$ 3298.03,100
2560,11:47:54,$ 3298.92,100
2561,11:47:47,$ 3298.85,100
2562,11:47:17,$ 3298.69,100
2564,11:47:10,$ 3299.61,100
2565,11:47:01,$ 3298.55,100
2566,11:46:58,$ 3298.55,100
2567,11:46:57,$ 3298.55,100
2568,11:46:56,$ 3298.55,100
2569,11:46:15,$ 3299.1948,100
2570,11:45:23,$ 3301.60,100
2571,11:45:12,$ 3303.3876,135
2572,11:45:12,$ 3303.3876,398
2573,11:45:12,$ 3303.2448,100
2574,11:45:12,$ 3303.2448,100
2575,11:45:12,$ 3302.8848,100
2576,11:45:12,$ 3302.8648,100
2577,11:45:12,$ 3302.9148,100
2578,11:45:12,$ 3303.00,100
2579,11:45:12,$ 3302.8948,400
2580,11:45:12,$ 3302.98,400
2581,11:45:12,$ 3302.7348,100
2582,11:45:12,$ 3302.6048,100
2583,11:45:12,$ 3302.69,100
2585,11:45:12,$ 3302.3048,100
2586,11:45:12,$ 3302.1348,100
2587,11:45:12,$ 3302.1648,100
2588,11:45:12,$ 3302.1548,100
2589,11:45:12,$ 3302.24,100
2590,11:45:12,$ 3302.25,100
2591,11:45:11,$ 3300.76,100
2592,11:45:11,$ 3300.52,100
2593,11:45:11,$ 3300.52,100
2594,11:45:11,$ 3300.53,100
2595,11:45:11,$ 3300.53,100
2596,11:44:57,$ 3300.19,100
2597,11:44:56,$ 3300.00,100
2598,11:44:46,$ 3300.545,100
2599,11:44:34,$ 3300.15,200
2600,11:44:34,$ 3300.1499,200
2601,11:44:34,$ 3299.54,200
2602,11:44:27,$ 3299.4804,398
2603,11:44:15,$ 3299.46,100
2604,11:44:09,$ 3298.81,100
2606,11:44:01,$ 3298.58,100
2607,11:43:46,$ 3299.255,100
2608,11:43:36,$ 3299.00,100
2609,11:43:36,$ 3299.00,100
2610,11:43:05,$ 3298.6608,250
2611,11:42:59,$ 3298.17,100
2612,11:42:56,$ 3297.415,100
2613,11:42:33,$ 3297.1332,100
2614,11:42:31,$ 3297.26,100
2615,11:42:18,$ 3297.7039,100
2616,11:42:09,$ 3296.26,100
2617,11:42:04,$ 3295.595,100
2618,11:42:03,$ 3295.59,100
2619,11:42:01,$ 3295.58,100
2620,11:41:48,$ 3297.00,369
2621,11:41:48,$ 3297.00,100
2622,11:41:36,$ 3297.30,100
2623,11:41:36,$ 3297.3485,100
2624,11:41:31,$ 3297.55,100
2625,11:41:29,$ 3297.55,100
2627,11:41:26,$ 3298.521,250
2628,11:41:13,$ 3298.61,100
2629,11:40:57,$ 3298.00,100
2630,11:40:53,$ 3297.6501,100
2631,11:40:48,$ 3298.30,113
2632,11:40:47,$ 3298.65,100
2633,11:40:45,$ 3298.35,100
2634,11:40:45,$ 3297.33,100
2635,11:40:45,$ 3297.33,100
2636,11:40:45,$ 3297.36,200
2637,11:40:45,$ 3297.36,100
2638,11:40:45,$ 3297.75,100
2639,11:40:33,$ 3298.31,100
2640,11:40:31,$ 3298.00,100
2641,11:40:25,$ 3299.18,100
2642,11:40:25,$ 3299.16,100
2643,11:40:25,$ 3299.18,100
2644,11:40:25,$ 3298.83,100
2645,11:40:25,$ 3298.985,100
2646,11:40:25,$ 3299.02,100
2648,11:40:25,$ 3299.56,100
2649,11:40:10,$ 3299.65,100
2650,11:40:02,$ 3300.185,100
2651,11:40:02,$ 3300.115,100
2652,11:39:45,$ 3300.995,355
2653,11:39:40,$ 3301.56,100
2654,11:39:35,$ 3301.71,"1,000"
2655,11:39:26,$ 3301.349,100
2656,11:39:13,$ 3300.80,100
2657,11:38:45,$ 3301.36,225
2658,11:38:41,$ 3301.06,100
2659,11:38:27,$ 3300.49,100
2660,11:38:13,$ 3301.3725,100
2661,11:38:10,$ 3300.83,100
2662,11:38:01,$ 3302.10,100
2663,11:37:44,$ 3303.1299,100
2664,11:37:35,$ 3302.35,100
2665,11:37:34,$ 3301.53,100
2666,11:37:28,$ 3302.00,100
2667,11:37:22,$ 3303.16,100
2669,11:37:13,$ 3304.44,100
2670,11:37:13,$ 3304.97,200
2671,11:37:13,$ 3304.97,100
2672,11:37:10,$ 3304.8115,100
2673,11:37:07,$ 3304.34,100
2674,11:36:41,$ 3305.795,100
2675,11:36:16,$ 3304.72,100
2676,11:34:39,$ 3304.46,100
2677,11:34:25,$ 3304.80,100
2678,11:34:24,$ 3304.83,100
2679,11:34:17,$ 3305.38,100
2680,11:34:15,$ 3306.23,100
2681,11:34:15,$ 3306.23,100
2682,11:34:15,$ 3306.24,100
2683,11:33:38,$ 3306.74,100
2684,11:33:38,$ 3306.74,100
2685,11:33:19,$ 3307.05,100
2686,11:32:57,$ 3306.79,100
2687,11:32:56,$ 3306.30,100
2688,11:32:56,$ 3306.29,100
2690,11:32:51,$ 3307.00,100
2691,11:32:51,$ 3307.27,100
2692,11:32:50,$ 3307.70,100
2693,11:32:50,$ 3308.37,100
2694,11:32:50,$ 3308.44,100
2695,11:32:25,$ 3309.34,100
2696,11:32:25,$ 3309.11,100
2697,11:32:24,$ 3310.0875,123
2699,12:29:32,$ 3281.63,200
2700,12:29:32,$ 3281.03,100
2701,12:29:13,$ 3283.03,100
2702,12:29:05,$ 3283.71,100
2703,12:28:56,$ 3283.54,100
2704,12:28:56,$ 3283.66,100
2705,12:28:56,$ 3283.66,100
2706,12:28:46,$ 3284.6799,100
2707,12:28:42,$ 3284.00,283
2708,12:28:42,$ 3284.00,161
2709,12:28:42,$ 3283.82,100
2710,12:28:25,$ 3285.00,100
2711,12:28:23,$ 3285.415,100
2712,12:28:22,$ 3284.55,100
2713,12:28:17,$ 3285.29,100
2714,12:28:11,$ 3284.08,100
2715,12:28:09,$ 3283.73,100
2716,12:28:01,$ 3283.895,100
2717,12:27:54,$ 3283.51,100
2718,12:27:54,$ 3283.63,100
2720,12:27:51,$ 3283.3022,398
2721,12:27:48,$ 3282.6543,200
2722,12:27:43,$ 3283.24,100
2723,12:27:42,$ 3283.63,100
2724,12:27:34,$ 3280.9433,300
2725,12:27:31,$ 3281.75,100
2726,12:27:31,$ 3281.75,100
2727,12:27:24,$ 3282.96,110
2728,12:27:08,$ 3281.77,100
2729,12:27:08,$ 3280.8322,114
2730,12:26:43,$ 3282.02,100
2731,12:26:28,$ 3282.395,100
2732,12:26:08,$ 3282.01,100
2733,12:26:03,$ 3282.6276,100
2734,12:25:52,$ 3280.805,100
2735,12:25:32,$ 3281.03,250
2736,12:25:32,$ 3281.035,100
2737,12:25:32,$ 3282.55,100
2738,12:25:26,$ 3281.55,100
2739,12:25:13,$ 3281.085,100
2741,12:25:13,$ 3281.085,100
2742,12:25:10,$ 3280.75,100
2743,12:25:10,$ 3281.8287,871
2744,12:25:04,$ 3279.54,250
2745,12:24:55,$ 3279.109,100
2746,12:24:50,$ 3279.16,150
2747,12:24:36,$ 3280.27,100
2748,12:24:33,$ 3280.00,100
2749,12:24:33,$ 3280.46,100
2750,12:24:33,$ 3280.46,100
2751,12:24:31,$ 3280.26,100
2752,12:24:25,$ 3279.55,100
2753,12:24:21,$ 3279.99,100
2754,12:24:19,$ 3280.6994,110
2755,12:24:18,$ 3279.9419,166
2756,12:24:17,$ 3280.99,215
2757,12:24:17,$ 3279.78,112
2758,12:24:17,$ 3280.99,117
2759,12:24:17,$ 3280.00,100
2760,12:24:02,$ 3283.895,100
2762,12:23:27,$ 3284.55,100
2763,12:23:27,$ 3284.55,100
2764,12:23:27,$ 3284.55,100
2765,12:23:09,$ 3283.9199,100
2766,12:23:07,$ 3283.99,100
2767,12:23:04,$ 3283.23,100
2768,12:23:04,$ 3283.90,100
2769,12:23:01,$ 3285.295,100
2770,12:22:44,$ 3284.8597,200
2771,12:22:42,$ 3285.475,200
2772,12:22:34,$ 3286.13,100
2773,12:22:27,$ 3286.394,100
2774,12:22:26,$ 3286.24,100
2775,12:22:22,$ 3285.785,100
2776,12:22:16,$ 3282.3618,500
2777,12:21:46,$ 3281.7025,100
2778,12:21:45,$ 3281.86,100
2779,12:21:41,$ 3280.62,180
2780,12:21:41,$ 3280.62,100
2781,12:21:37,$ 3281.165,100
2783,12:21:26,$ 3281.18,100
2784,12:21:09,$ 3281.07,100
2785,12:21:03,$ 3280.15,100
2786,12:21:03,$ 3280.14,100
2787,12:21:03,$ 3280.19,200
2788,12:21:03,$ 3280.21,100
2789,12:20:58,$ 3280.47,100
2790,12:20:58,$ 3280.69,100
2791,12:20:58,$ 3280.47,100
2792,12:20:51,$ 3280.01,300
2793,12:20:39,$ 3281.021,124
2794,12:20:39,$ 3281.09,100
2795,12:20:39,$ 3281.04,100
2796,12:20:39,$ 3281.20,100
2797,12:20:39,$ 3281.21,100
2798,12:20:32,$ 3282.82,100
2799,12:20:25,$ 3282.696,250
2800,12:20:24,$ 3281.70,100
2801,12:20:24,$ 3282.43,100
2802,12:20:24,$ 3281.71,100
2804,12:20:10,$ 3283.3766,100
2805,12:20:06,$ 3281.65,100
2806,12:20:06,$ 3281.99,100
2807,12:20:05,$ 3280.5391,145
2808,12:20:04,$ 3281.01,100
2809,12:19:42,$ 3281.70,100
2810,12:19:33,$ 3280.00,100
2811,12:19:33,$ 3280.00,100
2812,12:19:33,$ 3280.00,100
2813,12:19:33,$ 3280.00,200
2814,12:19:33,$ 3280.00,100
2815,12:19:31,$ 3280.50,100
2816,12:19:29,$ 3281.235,100
2817,12:19:26,$ 3281.52,100
2818,12:19:26,$ 3281.00,823
2819,12:19:26,$ 3281.00,100
2820,12:19:26,$ 3281.37,100
2821,12:19:26,$ 3281.50,100
2822,12:19:25,$ 3282.00,100
2823,12:19:16,$ 3281.6621,245
2825,12:19:06,$ 3282.39,100
2826,12:18:36,$ 3282.41,200
2827,12:18:32,$ 3281.89,270
2828,12:18:26,$ 3282.275,270
2829,12:17:57,$ 3282.40,100
2830,12:17:57,$ 3282.40,100
2831,12:17:52,$ 3282.96,462
2832,12:17:51,$ 3283.00,100
2833,12:17:49,$ 3282.95,200
2834,12:17:33,$ 3282.24,120
2835,12:17:33,$ 3283.03,100
2836,12:17:28,$ 3283.46,100
2837,12:17:19,$ 3284.7199,130
2838,12:17:19,$ 3284.305,130
2839,12:17:14,$ 3284.415,100
2840,12:17:06,$ 3284.405,128
2841,12:17:04,$ 3284.67,100
2842,12:16:44,$ 3284.66,100
2843,12:16:42,$ 3284.06,200
2844,12:16:27,$ 3282.55,100
2846,12:16:27,$ 3282.3927,100
2847,12:16:27,$ 3282.41,100
2848,12:16:05,$ 3284.00,100
2849,12:16:02,$ 3283.91,300
2850,12:16:00,$ 3283.14,100
2851,12:15:48,$ 3283.985,100
2852,12:15:46,$ 3284.38,129
2853,12:15:45,$ 3284.86,100
2854,12:15:45,$ 3284.53,100
2855,12:15:45,$ 3284.62,100
2856,12:15:41,$ 3284.42,100
2857,12:15:33,$ 3284.715,200
2858,12:15:30,$ 3283.00,100
2859,12:15:25,$ 3283.3414,100
2860,12:15:24,$ 3282.51,200
2861,12:15:21,$ 3283.38,100
2862,12:15:14,$ 3283.8473,431
2863,12:15:12,$ 3282.03,100
2864,12:15:12,$ 3284.35,100
2865,12:15:12,$ 3283.005,100
2867,12:15:11,$ 3283.49,100
2868,12:15:11,$ 3283.24,100
2869,12:15:09,$ 3283.93,100
2870,12:15:09,$ 3282.78,100
2871,12:14:53,$ 3282.915,200
2872,12:14:45,$ 3282.685,100
2873,12:14:45,$ 3282.55,100
2874,12:14:45,$ 3282.55,100
2875,12:14:42,$ 3282.845,100
2876,12:14:42,$ 3282.97,100
2877,12:14:41,$ 3284.4799,200
2878,12:14:40,$ 3282.13,100
2879,12:14:25,$ 3282.155,100
2880,12:14:11,$ 3281.845,100
2881,12:14:11,$ 3281.77,100
2882,12:14:11,$ 3281.77,100
2883,12:14:10,$ 3281.975,100
2884,12:14:08,$ 3281.72,100
2885,12:14:08,$ 3281.36,100
2886,12:14:08,$ 3281.44,100
2888,12:14:08,$ 3281.38,100
2889,12:14:04,$ 3281.4248,111
2890,12:14:03,$ 3281.605,100
2891,12:14:03,$ 3281.5225,100
2892,12:14:03,$ 3281.57,100
2893,12:14:03,$ 3281.50,100
2894,12:13:59,$ 3281.75,100
2895,12:13:55,$ 3281.00,101
2896,12:13:52,$ 3281.23,100
2897,12:13:46,$ 3281.21,200
2898,12:13:41,$ 3282.00,100
2899,12:13:41,$ 3282.24,100
2900,12:13:18,$ 3283.00,100
2901,12:13:04,$ 3283.3775,100
2902,12:13:00,$ 3282.96,240
2903,12:12:49,$ 3282.147,100
2904,12:12:49,$ 3282.13,100
2905,12:12:49,$ 3282.12,100
2906,12:12:49,$ 3282.1138,200
2907,12:12:49,$ 3282.325,100
2909,12:12:40,$ 3282.64,100
2910,12:12:37,$ 3283.60,100
2911,12:12:27,$ 3284.294,100
2912,12:12:19,$ 3285.11,100
2913,12:12:19,$ 3285.11,100
2914,12:11:54,$ 3286.405,100
2915,12:11:47,$ 3286.00,100
2916,12:11:30,$ 3285.955,100
2917,12:11:26,$ 3285.34,140
2918,12:11:25,$ 3286.09,100
2919,12:11:22,$ 3286.52,100
2920,12:11:20,$ 3287.12,100
2921,12:11:19,$ 3287.12,100
2922,12:11:19,$ 3287.13,100
2923,12:11:18,$ 3287.59,100
2924,12:11:18,$ 3287.63,100
2925,12:11:18,$ 3287.64,100
2926,12:11:07,$ 3285.99,100
2927,12:10:53,$ 3284.96,103
2928,12:10:53,$ 3285.36,100
2930,12:10:45,$ 3286.45,100
2931,12:10:26,$ 3284.875,100
2932,12:09:52,$ 3286.3499,110
2933,12:09:49,$ 3284.82,100
2934,12:09:35,$ 3286.3684,326
2935,12:09:35,$ 3286.35,100
2936,12:09:35,$ 3286.35,100
2937,12:09:35,$ 3286.325,100
2938,12:09:35,$ 3286.242,100
2939,12:09:35,$ 3286.29,100
2940,12:09:35,$ 3286.20,100
2941,12:09:34,$ 3284.5618,330
2942,12:09:06,$ 3285.27,140
2943,12:08:40,$ 3286.52,100
2944,12:08:37,$ 3286.7914,167
2945,12:08:32,$ 3286.8475,100
2946,12:08:28,$ 3286.44,100
2947,12:08:22,$ 3286.00,100
2948,12:08:04,$ 3287.85,100
2949,12:07:18,$ 3287.535,100
2951,12:07:04,$ 3286.0601,100
2952,12:06:57,$ 3286.85,100
2953,12:06:13,$ 3287.9075,100
2954,12:06:12,$ 3288.45,100
2955,12:06:06,$ 3288.435,100
2956,12:06:03,$ 3288.84,177
2957,12:05:56,$ 3286.9265,100
2958,12:05:51,$ 3286.88,250
2959,12:05:49,$ 3286.88,240
2960,12:05:37,$ 3286.948,100
2961,12:05:35,$ 3287.00,100
2962,12:05:34,$ 3287.69,100
2963,12:05:30,$ 3288.00,100
2964,12:05:28,$ 3288.76,100
2965,12:05:28,$ 3289.67,100
2966,12:05:07,$ 3289.3586,100
2967,12:05:02,$ 3289.34,150
2968,12:05:01,$ 3290.37,100
2969,12:04:51,$ 3288.75,100
2970,12:04:49,$ 3289.69,456
2972,12:04:49,$ 3289.87,200
2973,12:04:00,$ 3290.13,400
2974,12:03:41,$ 3290.111,100
2975,12:03:38,$ 3289.70,100
2976,12:03:38,$ 3290.00,100
2977,12:03:38,$ 3290.00,100
2978,12:03:38,$ 3290.00,100
2979,12:03:38,$ 3290.00,100
2980,12:03:38,$ 3290.00,100
2981,12:03:32,$ 3291.00,100
2982,12:03:31,$ 3291.6348,229
2983,12:03:31,$ 3291.6348,100
2984,12:03:20,$ 3292.79,100
2985,12:03:20,$ 3292.665,100
2986,12:03:18,$ 3292.70,100
2987,12:03:18,$ 3292.70,100
2988,12:03:16,$ 3292.40,100
2989,12:03:16,$ 3292.38,100
2990,12:03:16,$ 3292.38,100
2991,12:03:16,$ 3292.38,200
2993,12:03:14,$ 3292.39,100
2994,12:03:09,$ 3293.26,100
2995,12:03:09,$ 3293.26,189
2996,12:02:49,$ 3292.325,100
2997,12:02:41,$ 3292.55,100
2998,12:02:39,$ 3292.76,100
2999,12:02:24,$ 3294.33,100
3000,12:02:10,$ 3293.79,100
3001,12:02:10,$ 3293.80,326
3002,12:01:54,$ 3295.35,237
3003,12:01:54,$ 3295.00,100
3004,12:01:54,$ 3295.00,100
3005,12:01:49,$ 3295.585,100
3006,12:01:42,$ 3295.01,100
3007,12:01:37,$ 3295.69,100
3008,12:01:31,$ 3296.6285,100
3009,12:01:28,$ 3297.01,100
3010,12:01:22,$ 3296.58,100
3011,12:01:21,$ 3297.17,100
3012,12:01:00,$ 3297.50,100
3014,12:00:56,$ 3297.00,100
3015,12:00:42,$ 3295.68,100
3016,12:00:28,$ 3296.30,100
3017,12:00:26,$ 3296.446,100
3018,12:00:26,$ 3296.4547,100
3019,12:00:04,$ 3294.765,100
3020,12:00:03,$ 3294.74,100
3022,12:59:59,$ 3290.51,127
3023,12:59:44,$ 3290.995,100
3024,12:59:21,$ 3289.68,300
3025,12:59:15,$ 3289.00,100
3026,12:59:04,$ 3289.54,100
3027,12:58:56,$ 3290.9117,303
3028,12:58:56,$ 3291.23,100
3029,12:58:39,$ 3290.00,367
3030,12:58:26,$ 3289.7096,100
3031,12:58:25,$ 3289.01,100
3032,12:57:41,$ 3289.295,200
3033,12:57:40,$ 3289.11,100
3034,12:57:28,$ 3290.00,100
3035,12:57:21,$ 3291.36,100
3036,12:56:36,$ 3292.73,200
3037,12:56:35,$ 3292.225,100
3038,12:56:35,$ 3292.37,100
3039,12:56:33,$ 3292.30,100
3040,12:56:12,$ 3291.67,100
3041,12:56:09,$ 3291.4004,100
3043,12:56:09,$ 3291.02,100
3044,12:56:06,$ 3291.645,100
3045,12:56:06,$ 3290.80,100
3046,12:56:05,$ 3290.99,100
3047,12:56:05,$ 3291.09,100
3048,12:56:05,$ 3291.05,100
3049,12:56:02,$ 3291.44,100
3050,12:55:58,$ 3291.37,150
3051,12:55:58,$ 3291.37,193
3052,12:55:58,$ 3291.37,141
3053,12:55:40,$ 3291.32,100
3054,12:55:40,$ 3291.39,100
3055,12:55:39,$ 3291.40,106
3056,12:55:24,$ 3292.01,100
3057,12:55:13,$ 3292.80,100
3058,12:55:12,$ 3293.52,100
3059,12:55:12,$ 3293.49,100
3060,12:55:08,$ 3293.285,100
3061,12:55:07,$ 3293.02,100
3062,12:55:06,$ 3293.1038,100
3064,12:54:55,$ 3294.01,100
3065,12:54:50,$ 3293.7938,100
3066,12:54:39,$ 3293.955,100
3067,12:54:27,$ 3295.00,100
3068,12:54:26,$ 3294.895,100
3069,12:54:26,$ 3294.895,100
3070,12:54:25,$ 3294.99,176
3071,12:54:25,$ 3294.91,200
3072,12:54:23,$ 3294.145,104
3073,12:54:23,$ 3294.145,100
3074,12:54:21,$ 3294.11,150
3075,12:54:12,$ 3294.40,100
3076,12:54:10,$ 3293.875,100
3077,12:54:09,$ 3294.11,200
3078,12:54:08,$ 3294.09,200
3079,12:54:06,$ 3294.196,100
3080,12:54:04,$ 3294.48,100
3081,12:54:01,$ 3293.98,200
3082,12:54:00,$ 3293.98,100
3083,12:54:00,$ 3293.30,100
3085,12:53:37,$ 3291.84,100
3086,12:53:34,$ 3292.6053,100
3087,12:53:22,$ 3291.349,250
3088,12:53:20,$ 3292.20,100
3089,12:53:17,$ 3292.16,100
3090,12:53:17,$ 3292.175,100
3091,12:53:15,$ 3291.83,100
3092,12:53:15,$ 3292.015,100
3093,12:53:15,$ 3292.015,100
3094,12:53:15,$ 3292.015,100
3095,12:53:15,$ 3292.015,100
3096,12:53:14,$ 3291.75,100
3097,12:53:14,$ 3291.82,100
3098,12:53:14,$ 3291.98,100
3099,12:53:14,$ 3291.505,100
3100,12:53:14,$ 3291.505,100
3101,12:53:14,$ 3292.44,274
3102,12:53:14,$ 3292.44,100
3103,12:53:14,$ 3292.44,100
3104,12:53:14,$ 3292.44,100
3106,12:53:13,$ 3293.20,100
3107,12:53:12,$ 3292.425,100
3108,12:53:04,$ 3292.455,100
3109,12:52:54,$ 3293.00,100
3110,12:52:53,$ 3293.10,100
3111,12:52:36,$ 3293.02,100
3112,12:52:33,$ 3292.5701,200
3113,12:52:20,$ 3292.4059,126
3114,12:52:14,$ 3292.25,100
3115,12:52:06,$ 3292.105,200
3116,12:52:02,$ 3292.60,100
3117,12:51:36,$ 3292.2976,100
3118,12:51:26,$ 3290.11,100
3119,12:51:10,$ 3289.325,100
3120,12:51:01,$ 3290.05,300
3121,12:50:58,$ 3290.805,100
3122,12:50:58,$ 3290.91,100
3123,12:50:49,$ 3291.20,100
3124,12:50:27,$ 3291.065,100
3125,12:50:22,$ 3290.45,100
3127,12:50:19,$ 3290.96,100
3128,12:50:19,$ 3290.91,100
3129,12:50:19,$ 3290.905,100
3130,12:50:16,$ 3291.2039,"1,000"
3131,12:50:15,$ 3290.92,200
3132,12:50:08,$ 3290.40,100
3133,12:50:07,$ 3290.94,100
3134,12:50:03,$ 3289.8891,100
3135,12:50:02,$ 3289.675,100
3136,12:50:01,$ 3290.33,100
3137,12:49:50,$ 3291.72,110
3138,12:49:45,$ 3290.9049,"1,000"
3139,12:49:39,$ 3290.5424,100
3140,12:49:33,$ 3289.95,250
3141,12:49:18,$ 3289.545,100
3142,12:49:13,$ 3290.00,190
3143,12:49:12,$ 3290.48,100
3144,12:49:12,$ 3290.42,175
3145,12:48:52,$ 3289.67,100
3146,12:48:29,$ 3288.71,100
3148,12:48:28,$ 3288.56,100
3149,12:48:25,$ 3289.00,100
3150,12:48:25,$ 3289.00,100
3151,12:48:03,$ 3286.85,100
3152,12:47:46,$ 3288.33,100
3153,12:47:43,$ 3286.15,100
3154,12:47:40,$ 3286.455,100
3155,12:47:19,$ 3286.9188,100
3156,12:47:02,$ 3287.1601,100
3157,12:46:42,$ 3288.155,200
3158,12:46:23,$ 3287.07,100
3159,12:46:22,$ 3287.43,100
3160,12:46:12,$ 3285.8895,100
3161,12:46:05,$ 3284.85,100
3162,12:46:04,$ 3284.36,100
3163,12:45:48,$ 3285.90,100
3164,12:45:46,$ 3286.22,115
3165,12:45:46,$ 3286.20,100
3166,12:45:45,$ 3286.215,100
3167,12:45:27,$ 3286.70,116
3169,12:45:27,$ 3286.54,100
3170,12:45:19,$ 3287.00,454
3171,12:44:59,$ 3286.6995,100
3172,12:44:57,$ 3286.01,100
3173,12:44:56,$ 3286.71,173
3174,12:44:27,$ 3286.44,100
3175,12:44:17,$ 3285.99,100
3176,12:44:13,$ 3286.41,100
3177,12:43:47,$ 3287.20,100
3178,12:43:46,$ 3286.4109,100
3179,12:43:38,$ 3285.94,100
3180,12:43:20,$ 3285.59,110
3181,12:43:18,$ 3286.00,100
3182,12:43:07,$ 3285.81,100
3183,12:43:02,$ 3286.4765,100
3184,12:42:48,$ 3285.80,100
3185,12:42:31,$ 3285.845,100
3186,12:42:30,$ 3285.46,100
3187,12:42:29,$ 3285.94,100
3188,12:42:29,$ 3285.65,100
3190,12:42:09,$ 3285.3425,100
3191,12:42:09,$ 3286.20,100
3192,12:42:08,$ 3285.415,100
3193,12:42:06,$ 3285.495,100
3194,12:42:06,$ 3285.495,300
3195,12:42:04,$ 3284.69,100
3196,12:42:00,$ 3284.3828,200
3197,12:41:58,$ 3285.7325,100
3198,12:41:57,$ 3285.485,100
3199,12:41:55,$ 3286.26,100
3200,12:41:40,$ 3286.50,146
3201,12:41:35,$ 3286.48,100
3202,12:41:28,$ 3286.29,100
3203,12:41:28,$ 3286.76,400
3204,12:41:21,$ 3287.145,100
3205,12:41:21,$ 3287.1425,100
3206,12:41:21,$ 3286.88,100
3207,12:41:18,$ 3286.54,100
3208,12:41:15,$ 3286.3925,100
3209,12:41:11,$ 3284.32,100
3211,12:41:08,$ 3284.49,100
3212,12:41:08,$ 3284.80,100
3213,12:41:08,$ 3284.53,100
3214,12:41:02,$ 3283.8525,100
3215,12:40:58,$ 3284.00,100
3216,12:40:58,$ 3284.15,100
3217,12:40:26,$ 3283.23,100
3218,12:40:26,$ 3283.23,100
3219,12:40:26,$ 3283.23,100
3220,12:40:26,$ 3283.23,100
3221,12:40:18,$ 3283.08,100
3222,12:40:18,$ 3283.08,100
3223,12:40:18,$ 3282.94,100
3224,12:40:18,$ 3282.955,100
3225,12:40:18,$ 3282.915,100
3226,12:40:18,$ 3282.48,100
3227,12:40:18,$ 3282.48,100
3228,12:40:18,$ 3282.835,100
3229,12:40:18,$ 3282.48,100
3230,12:40:12,$ 3283.62,100
3232,12:40:12,$ 3283.62,100
3233,12:40:12,$ 3283.62,200
3234,12:40:12,$ 3283.51,100
3235,12:40:12,$ 3283.62,100
3236,12:40:12,$ 3283.62,100
3237,12:40:12,$ 3283.62,100
3238,12:40:12,$ 3283.62,100
3239,12:40:12,$ 3283.525,100
3240,12:40:12,$ 3283.62,100
3241,12:40:12,$ 3283.615,100
3242,12:40:12,$ 3283.62,100
3243,12:40:12,$ 3283.24,109
3244,12:40:12,$ 3283.23,100
3245,12:40:12,$ 3283.08,100
3246,12:40:12,$ 3283.08,100
3247,12:40:11,$ 3283.92,100
3248,12:40:04,$ 3283.91,100
3249,12:40:04,$ 3283.59,100
3250,12:39:58,$ 3283.105,100
3251,12:39:58,$ 3283.105,100
3253,12:39:58,$ 3283.105,100
3254,12:39:58,$ 3283.105,100
3255,12:39:58,$ 3283.105,100
3256,12:39:46,$ 3282.9525,100
3257,12:39:46,$ 3282.9625,100
3258,12:39:46,$ 3283.095,100
3259,12:39:32,$ 3283.03,100
3260,12:39:32,$ 3283.045,100
3261,12:39:32,$ 3282.99,100
3262,12:39:32,$ 3283.045,100
3263,12:39:32,$ 3283.60,100
3264,12:39:31,$ 3282.72,100
3265,12:39:26,$ 3283.04,100
3266,12:39:26,$ 3283.04,100
3267,12:39:23,$ 3283.355,100
3268,12:39:21,$ 3283.235,100
3269,12:39:21,$ 3283.235,100
3270,12:39:21,$ 3282.98,100
3271,12:39:21,$ 3283.02,100
3272,12:39:07,$ 3282.53,100
3274,12:39:05,$ 3282.515,100
3275,12:39:03,$ 3282.95,100
3276,12:39:02,$ 3282.95,165
3277,12:39:02,$ 3282.95,100
3278,12:39:02,$ 3283.16,100
3279,12:39:02,$ 3283.17,100
3280,12:39:02,$ 3282.985,200
3281,12:39:02,$ 3283.165,100
3282,12:39:02,$ 3282.27,100
3283,12:39:02,$ 3281.985,200
3284,12:39:02,$ 3281.985,100
3285,12:39:02,$ 3281.985,200
3286,12:39:02,$ 3281.985,125
3287,12:38:54,$ 3281.94,100
3288,12:38:29,$ 3281.8375,100
3289,12:38:23,$ 3282.20,100
3290,12:38:23,$ 3281.72,100
3291,12:38:23,$ 3281.72,100
3292,12:38:13,$ 3281.67,100
3293,12:38:12,$ 3281.82,100
3295,12:38:12,$ 3281.82,100
3296,12:38:12,$ 3281.82,100
3297,12:38:12,$ 3281.345,200
3298,12:38:12,$ 3281.47,100
3299,12:38:12,$ 3281.345,200
3300,12:38:08,$ 3281.50,100
3301,12:37:48,$ 3280.2776,129
3302,12:37:47,$ 3281.66,100
3303,12:37:45,$ 3280.78,100
3304,12:37:44,$ 3281.135,100
3305,12:37:44,$ 3281.37,100
3306,12:37:44,$ 3281.37,100
3307,12:37:44,$ 3281.37,100
3308,12:37:43,$ 3281.37,100
3309,12:37:43,$ 3281.37,100
3310,12:37:43,$ 3281.37,100
3311,12:37:37,$ 3281.3309,100
3312,12:37:35,$ 3281.135,100
3313,12:37:30,$ 3283.23,100
3314,12:37:26,$ 3281.7201,100
3316,12:37:24,$ 3281.67,100
3317,12:37:22,$ 3282.13,138
3318,12:37:05,$ 3283.27,100
3319,12:37:05,$ 3282.99,100
3320,12:36:56,$ 3281.99,100
3321,12:36:53,$ 3282.224,100
3322,12:36:51,$ 3282.135,100
3323,12:36:43,$ 3281.635,100
3324,12:36:41,$ 3280.00,200
3325,12:36:35,$ 3280.00,100
3326,12:36:35,$ 3280.00,100
3327,12:36:23,$ 3282.3516,100
3328,12:36:16,$ 3281.841,100
3329,12:36:12,$ 3281.46,100
3330,12:36:12,$ 3281.675,100
3331,12:36:12,$ 3281.46,100
3332,12:36:11,$ 3282.36,100
3333,12:36:07,$ 3280.66,100
3334,12:36:01,$ 3281.2925,100
3335,12:35:58,$ 3280.7465,300
3337,12:35:55,$ 3281.5375,100
3338,12:35:48,$ 3282.91,100
3339,12:35:48,$ 3282.90,100
3340,12:35:44,$ 3284.73,100
3341,12:35:44,$ 3284.675,100
3342,12:35:44,$ 3284.72,100
3343,12:35:44,$ 3283.65,185
3344,12:35:44,$ 3283.65,115
3345,12:35:44,$ 3283.805,100
3346,12:35:38,$ 3281.39,100
3347,12:35:38,$ 3281.39,100
3348,12:35:38,$ 3281.39,100
3349,12:35:38,$ 3281.81,100
3350,12:35:38,$ 3281.81,199
3351,12:35:28,$ 3281.00,100
3352,12:35:24,$ 3279.951,100
3353,12:35:21,$ 3279.4045,100
3354,12:35:19,$ 3279.96,100
3355,12:35:19,$ 3279.96,100
3356,12:35:19,$ 3279.96,100
3358,12:35:03,$ 3280.20,100
3359,12:34:56,$ 3280.668,100
3360,12:34:45,$ 3281.00,100
3361,12:34:37,$ 3279.4798,139
3362,12:34:37,$ 3279.4798,398
3363,12:34:37,$ 3279.632,100
3364,12:34:37,$ 3279.63,100
3365,12:34:29,$ 3279.3405,110
3366,12:34:29,$ 3279.20,100
3367,12:34:28,$ 3278.58,191
3368,12:34:28,$ 3278.58,151
3369,12:34:28,$ 3278.58,100
3370,12:34:28,$ 3278.58,318
3371,12:34:28,$ 3278.58,100
3372,12:34:28,$ 3278.58,100
3373,12:34:26,$ 3276.256,200
3374,12:34:26,$ 3276.08,100
3375,12:34:26,$ 3276.334,100
3376,12:34:26,$ 3276.41,100
3377,12:34:20,$ 3277.105,100
3379,12:34:20,$ 3277.105,100
3380,12:34:20,$ 3277.105,100
3381,12:34:20,$ 3277.105,100
3382,12:34:18,$ 3277.08,100
3383,12:34:15,$ 3276.33,100
3384,12:34:14,$ 3276.43,100
3385,12:34:11,$ 3275.95,100
3386,12:34:11,$ 3275.84,100
3387,12:34:11,$ 3275.81,100
3388,12:34:11,$ 3275.40,100
3389,12:34:09,$ 3275.84,100
3390,12:34:07,$ 3274.896,100
3391,12:34:06,$ 3274.11,150
3392,12:34:06,$ 3274.19,100
3393,12:34:06,$ 3275.00,200
3394,12:34:06,$ 3275.00,100
3395,12:34:06,$ 3275.00,500
3396,12:34:06,$ 3275.00,100
3397,12:34:06,$ 3275.00,197
3398,12:34:06,$ 3275.18,100
3400,12:34:06,$ 3275.15,100
3401,12:34:03,$ 3276.29,100
3402,12:34:03,$ 3276.29,100
3403,12:34:03,$ 3276.29,100
3404,12:34:03,$ 3276.29,100
3405,12:34:03,$ 3276.45,100
3406,12:34:03,$ 3276.45,100
3407,12:34:03,$ 3276.45,114
3408,12:34:03,$ 3276.45,100
3409,12:34:03,$ 3276.45,100
3410,12:34:03,$ 3276.45,100
3411,12:34:03,$ 3276.255,100
3412,12:34:03,$ 3276.075,200
3413,12:34:03,$ 3276.29,100
3414,12:34:00,$ 3275.79,100
3415,12:33:59,$ 3276.075,100
3416,12:33:52,$ 3276.27,100
3417,12:33:52,$ 3276.37,100
3418,12:33:44,$ 3276.69,100
3419,12:33:33,$ 3275.66,100
3421,12:33:29,$ 3276.73,100
3422,12:33:27,$ 3277.255,100
3423,12:33:19,$ 3276.73,100
3424,12:33:19,$ 3276.705,100
3425,12:33:18,$ 3277.235,165
3426,12:33:18,$ 3277.235,100
3427,12:33:15,$ 3277.235,100
3428,12:33:15,$ 3277.235,100
3429,12:33:15,$ 3277.235,100
3430,12:33:15,$ 3277.235,100
3431,12:33:15,$ 3277.235,100
3432,12:33:11,$ 3277.10,100
3433,12:33:11,$ 3277.10,100
3434,12:33:11,$ 3277.10,100
3435,12:33:11,$ 3277.205,200
3436,12:33:11,$ 3277.205,200
3437,12:33:08,$ 3277.10,100
3438,12:33:04,$ 3277.395,100
3439,12:33:02,$ 3277.2493,291
3440,12:33:00,$ 3277.40,224
3442,12:33:00,$ 3277.40,100
3443,12:33:00,$ 3277.40,100
3444,12:33:00,$ 3277.40,101
3445,12:33:00,$ 3277.40,100
3446,12:33:00,$ 3277.41,100
3447,12:32:52,$ 3277.07,100
3448,12:32:47,$ 3278.49,130
3449,12:32:46,$ 3277.79,100
3450,12:32:46,$ 3278.00,100
3451,12:32:41,$ 3277.355,100
3452,12:32:36,$ 3277.635,200
3453,12:32:28,$ 3276.825,100
3454,12:32:22,$ 3276.96,100
3455,12:32:19,$ 3276.71,100
3456,12:32:04,$ 3277.61,100
3457,12:32:02,$ 3277.195,100
3458,12:31:51,$ 3278.9472,100
3459,12:31:30,$ 3277.81,100
3460,12:31:30,$ 3278.08,100
3461,12:31:30,$ 3277.83,100
3463,12:31:24,$ 3278.41,100
3464,12:31:15,$ 3278.77,100
3465,12:31:15,$ 3278.71,100
3466,12:31:12,$ 3279.29,100
3467,12:31:12,$ 3279.29,100
3468,12:31:12,$ 3279.32,100
3469,12:31:08,$ 3278.6468,100
3470,12:31:02,$ 3279.065,200
3471,12:30:56,$ 3278.685,100
3472,12:30:53,$ 3279.15,100
3473,12:30:51,$ 3280.175,150
3474,12:30:50,$ 3279.245,100
3475,12:30:48,$ 3279.3389,400
3476,12:30:48,$ 3279.48,104
3477,12:30:48,$ 3279.40,100
3478,12:30:48,$ 3279.44,100
3479,12:30:41,$ 3278.59,150
3480,12:30:41,$ 3278.05,200
3481,12:30:33,$ 3277.4026,100
3482,12:30:28,$ 3276.79,100
3484,12:30:12,$ 3277.425,100
3485,12:30:09,$ 3277.18,100
3486,12:30:02,$ 3277.31,151
3487,12:30:02,$ 3278.6315,112
3488,12:30:02,$ 3279.80,100
3490,13:29:56,$ 3295.44,100
3491,13:29:41,$ 3295.6341,100
3492,13:29:36,$ 3295.28,100
3493,13:29:33,$ 3295.9345,100
3494,13:29:29,$ 3296.56,100
3495,13:29:26,$ 3295.798,382
3496,13:29:26,$ 3295.798,118
3497,13:29:17,$ 3298.01,100
3498,13:29:10,$ 3296.8937,100
3499,13:29:08,$ 3296.78,200
3500,13:29:07,$ 3296.95,100
3501,13:29:00,$ 3296.00,191
3502,13:29:00,$ 3296.00,281
3503,13:28:53,$ 3295.02,100
3504,13:28:17,$ 3294.96,100
3505,13:28:14,$ 3294.96,100
3506,13:28:07,$ 3293.21,100
3507,13:28:01,$ 3294.68,100
3508,13:27:55,$ 3294.53,100
3509,13:27:52,$ 3294.085,100
3511,13:27:52,$ 3294.085,100
3512,13:27:48,$ 3294.035,100
3513,13:27:44,$ 3293.30,245
3514,13:27:44,$ 3293.985,100
3515,13:27:29,$ 3293.58,100
3516,13:27:29,$ 3293.82,100
3517,13:27:29,$ 3293.79,100
3518,13:27:24,$ 3294.635,100
3519,13:27:01,$ 3294.60,100
3520,13:26:09,$ 3293.79,100
3521,13:26:04,$ 3293.74,272
3522,13:25:57,$ 3293.73,100
3523,13:25:23,$ 3294.32,100
3524,13:25:09,$ 3294.38,100
3525,13:25:04,$ 3293.945,200
3526,13:24:46,$ 3294.135,100
3527,13:24:46,$ 3293.03,100
3528,13:24:46,$ 3293.016,100
3529,13:24:38,$ 3294.1867,250
3530,13:24:37,$ 3294.88,100
3532,13:24:15,$ 3296.475,200
3533,13:24:09,$ 3297.0171,100
3534,13:23:35,$ 3296.23,100
3535,13:23:35,$ 3296.47,100
3536,13:23:03,$ 3296.5801,100
3537,13:22:58,$ 3297.22,135
3538,13:22:46,$ 3296.89,100
3539,13:22:46,$ 3296.89,100
3540,13:22:46,$ 3296.90,100
3541,13:22:40,$ 3296.89,100
3542,13:22:36,$ 3296.895,100
3543,13:22:20,$ 3299.30,100
3544,13:22:01,$ 3298.30,200
3545,13:21:59,$ 3299.02,100
3546,13:21:58,$ 3299.88,100
3547,13:21:58,$ 3299.895,100
3548,13:21:57,$ 3299.58,150
3549,13:21:46,$ 3298.955,100
3550,13:21:46,$ 3298.955,100
3551,13:21:38,$ 3298.32,100
3553,13:21:34,$ 3297.755,253
3554,13:21:30,$ 3298.87,100
3555,13:21:25,$ 3298.885,100
3556,13:21:20,$ 3298.42,101
3557,13:21:19,$ 3298.85,100
3558,13:21:19,$ 3297.7425,100
3559,13:21:12,$ 3297.87,100
3560,13:20:54,$ 3298.80,100
3561,13:20:37,$ 3298.3057,100
3562,13:20:18,$ 3298.69,100
3563,13:20:12,$ 3298.28,100
3564,13:19:42,$ 3298.51,100
3565,13:18:43,$ 3296.375,120
3566,13:18:23,$ 3294.7401,100
3567,13:18:09,$ 3296.3089,100
3568,13:18:06,$ 3296.08,100
3569,13:18:06,$ 3295.3679,200
3570,13:18:01,$ 3294.79,100
3571,13:17:55,$ 3294.72,358
3572,13:17:20,$ 3295.55,100
3574,13:17:16,$ 3297.305,100
3575,13:17:11,$ 3296.47,100
3576,13:17:11,$ 3296.47,100
3577,13:17:04,$ 3297.10,100
3578,13:16:57,$ 3298.7368,110
3579,13:16:55,$ 3298.26,100
3580,13:16:51,$ 3299.01,130
3581,13:16:49,$ 3299.22,100
3582,13:16:47,$ 3299.46,100
3583,13:16:46,$ 3299.00,100
3584,13:16:45,$ 3300.00,100
3585,13:16:19,$ 3298.50,100
3586,13:16:01,$ 3298.1131,100
3587,13:15:57,$ 3298.9772,100
3588,13:15:26,$ 3297.62,100
3589,13:14:04,$ 3297.735,250
3590,13:13:51,$ 3298.43,250
3591,13:13:36,$ 3298.35,195
3592,13:13:29,$ 3297.9973,100
3593,13:13:15,$ 3298.61,100
3595,13:12:58,$ 3298.00,400
3596,13:12:25,$ 3298.455,250
3597,13:12:16,$ 3299.2206,110
3598,13:10:59,$ 3297.59,178
3599,13:10:59,$ 3297.51,100
3600,13:10:58,$ 3299.09,250
3601,13:10:30,$ 3298.74,100
3602,13:10:02,$ 3298.92,100
3603,13:09:59,$ 3298.7699,100
3604,13:09:46,$ 3297.23,100
3605,13:09:34,$ 3296.10,100
3606,13:09:11,$ 3298.105,100
3607,13:09:08,$ 3298.61,100
3608,13:08:58,$ 3298.7196,185
3609,13:08:55,$ 3298.135,100
3610,13:08:44,$ 3297.59,100
3611,13:08:37,$ 3297.00,300
3612,13:08:35,$ 3296.38,100
3613,13:08:33,$ 3296.29,100
3614,13:08:16,$ 3295.635,200
3616,13:07:13,$ 3295.38,100
3617,13:07:13,$ 3295.38,100
3618,13:05:52,$ 3296.185,100
3619,13:05:34,$ 3295.2531,100
3620,13:05:34,$ 3295.3092,100
3621,13:05:34,$ 3295.09,100
3622,13:05:34,$ 3295.04,100
3623,13:05:18,$ 3294.96,100
3624,13:05:18,$ 3294.69,100
3625,13:05:07,$ 3294.3325,100
3626,13:05:04,$ 3294.0925,293
3627,13:05:04,$ 3294.0925,107
3628,13:05:04,$ 3294.10,100
3629,13:05:04,$ 3293.8335,100
3630,13:05:00,$ 3294.04,100
3631,13:04:28,$ 3293.864,150
3632,13:04:17,$ 3292.76,100
3633,13:04:11,$ 3292.98,100
3634,13:04:06,$ 3292.66,100
3635,13:03:55,$ 3291.24,100
3637,13:03:28,$ 3290.46,100
3638,13:03:22,$ 3290.80,100
3639,13:03:15,$ 3291.7399,100
3640,13:03:14,$ 3291.29,100
3641,13:03:11,$ 3291.5907,500
3642,13:02:58,$ 3291.14,125
3643,13:02:53,$ 3290.88,100
3644,13:02:34,$ 3288.775,100
3645,13:02:33,$ 3288.90,100
3646,13:02:29,$ 3286.80,300
3647,13:02:15,$ 3287.732,100
3648,13:01:35,$ 3286.47,100
3649,13:01:24,$ 3286.20,250
3650,13:01:08,$ 3287.68,100
3651,13:01:04,$ 3286.52,100
3652,13:01:00,$ 3286.43,100
3653,13:00:41,$ 3287.23,100
3654,13:00:41,$ 3287.23,100
3655,13:00:41,$ 3287.45,100
3656,13:00:41,$ 3287.28,100
3658,13:00:41,$ 3287.24,100
3659,13:00:41,$ 3287.24,100
3660,13:00:30,$ 3288.255,100
3661,13:00:27,$ 3287.56,100
3662,13:00:23,$ 3287.985,122
3663,13:00:23,$ 3288.00,100
3664,13:00:23,$ 3288.01,100
3665,13:00:23,$ 3288.01,100
3666,13:00:23,$ 3288.86,100
3667,13:00:22,$ 3288.87,234
3668,13:00:17,$ 3288.935,100
3669,13:00:15,$ 3289.71,100
3670,13:00:12,$ 3290.995,100
3672,13:59:56,$ 3299.66,100
3673,13:58:42,$ 3298.44,100
3674,13:58:16,$ 3298.24,100
3675,13:57:55,$ 3298.115,100
3676,13:57:08,$ 3299.00,100
3677,13:57:06,$ 3297.625,100
3678,13:56:27,$ 3298.3336,100
3679,13:56:26,$ 3298.54,100
3680,13:56:26,$ 3297.845,"1,354"
3681,13:56:21,$ 3298.01,100
3682,13:56:05,$ 3298.58,100
3683,13:56:02,$ 3298.99,100
3684,13:56:02,$ 3298.88,100
3685,13:56:02,$ 3298.53,100
3686,13:55:27,$ 3297.30,100
3687,13:55:23,$ 3295.65,200
3688,13:55:09,$ 3296.43,100
3689,13:54:59,$ 3297.1827,100
3690,13:54:50,$ 3297.26,101
3691,13:53:54,$ 3295.13,100
3693,13:53:49,$ 3294.50,100
3694,13:53:44,$ 3292.5301,140
3695,13:53:29,$ 3292.52,200
3696,13:53:25,$ 3293.5745,101
3697,13:52:57,$ 3290.01,100
3698,13:52:40,$ 3291.42,100
3699,13:52:01,$ 3291.01,100
3700,13:51:56,$ 3290.90,150
3701,13:51:56,$ 3290.90,150
3702,13:51:33,$ 3291.1299,100
3703,13:51:25,$ 3290.4238,100
3704,13:50:22,$ 3291.8544,100
3705,13:49:56,$ 3289.88,200
3706,13:49:49,$ 3290.05,112
3707,13:49:47,$ 3290.345,100
3708,13:48:40,$ 3290.4324,300
3709,13:48:38,$ 3289.09,100
3710,13:47:56,$ 3294.16,100
3711,13:46:25,$ 3295.94,100
3712,13:46:13,$ 3295.69,100
3714,13:46:11,$ 3295.105,100
3715,13:45:38,$ 3295.43,100
3716,13:45:37,$ 3295.20,100
3717,13:44:59,$ 3294.6119,100
3718,13:44:50,$ 3294.3331,100
3719,13:44:30,$ 3294.8199,100
3720,13:44:25,$ 3293.055,100
3721,13:43:56,$ 3292.3364,546
3722,13:42:39,$ 3293.885,100
3723,13:42:14,$ 3294.93,100
3724,13:42:14,$ 3294.79,100
3725,13:42:10,$ 3294.873,100
3726,13:41:48,$ 3295.5099,100
3727,13:40:18,$ 3295.00,200
3728,13:40:16,$ 3296.13,100
3729,13:40:04,$ 3295.835,100
3730,13:40:00,$ 3295.01,200
3731,13:39:09,$ 3296.435,200
3732,13:39:07,$ 3296.20,100
3733,13:38:53,$ 3295.45,100
3735,13:38:47,$ 3294.69,100
3736,13:38:27,$ 3294.142,100
3737,13:38:27,$ 3294.16,100
3738,13:38:27,$ 3294.21,100
3739,13:38:27,$ 3294.20,100
3740,13:38:27,$ 3294.188,100
3741,13:38:27,$ 3294.234,100
3742,13:38:15,$ 3294.85,100
3743,13:38:13,$ 3295.96,100
3744,13:38:13,$ 3295.60,100
3745,13:38:04,$ 3295.68,100
3746,13:37:53,$ 3294.00,100
3747,13:37:52,$ 3293.4715,102
3748,13:37:49,$ 3293.34,200
3749,13:37:32,$ 3293.421,155
3750,13:37:27,$ 3293.7176,100
3751,13:37:26,$ 3292.55,100
3752,13:37:20,$ 3292.46,200
3753,13:37:16,$ 3293.00,100
3754,13:37:16,$ 3293.00,403
3756,13:37:16,$ 3292.99,100
3757,13:37:16,$ 3293.00,265
3758,13:37:16,$ 3293.00,300
3759,13:37:15,$ 3292.83,100
3760,13:37:15,$ 3292.83,100
3761,13:37:15,$ 3292.99,100
3762,13:37:15,$ 3293.00,135
3763,13:37:13,$ 3292.9999,200
3764,13:37:13,$ 3292.39,100
3765,13:37:13,$ 3292.39,100
3766,13:37:13,$ 3292.39,100
3767,13:36:53,$ 3290.95,100
3768,13:36:43,$ 3289.145,340
3769,13:36:43,$ 3289.145,100
3770,13:36:43,$ 3289.145,100
3771,13:36:40,$ 3289.455,100
3772,13:36:27,$ 3289.47,200
3773,13:36:26,$ 3289.475,200
3774,13:36:24,$ 3289.71,100
3775,13:36:10,$ 3289.85,100
3777,13:36:10,$ 3289.85,100
3778,13:36:10,$ 3289.85,100
3779,13:36:10,$ 3289.85,100
3780,13:36:10,$ 3289.85,100
3781,13:36:10,$ 3290.51,100
3782,13:35:42,$ 3289.725,200
3783,13:35:26,$ 3290.8502,314
3784,13:35:26,$ 3288.99,100
3785,13:34:56,$ 3290.87,100
3786,13:34:36,$ 3290.00,100
3787,13:34:24,$ 3290.87,100
3788,13:34:24,$ 3290.81,100
3789,13:34:09,$ 3291.8064,127
3790,13:33:27,$ 3291.955,100
3791,13:33:15,$ 3291.80,100
3792,13:33:03,$ 3291.375,196
3793,13:33:00,$ 3291.05,100
3794,13:32:41,$ 3292.025,100
3795,13:32:20,$ 3292.025,"1,848"
3796,13:32:07,$ 3293.00,150
3798,13:32:07,$ 3293.00,250
3799,13:31:55,$ 3293.01,100
3800,13:31:27,$ 3292.21,100
3801,13:31:27,$ 3292.58,100
3802,13:31:27,$ 3292.66,100
3803,13:31:25,$ 3292.875,100
3804,13:31:21,$ 3292.5201,100
3805,13:31:20,$ 3293.275,100
3806,13:31:15,$ 3292.2263,350
3807,13:31:04,$ 3293.44,100
3808,13:30:50,$ 3294.11,100
3809,13:30:05,$ 3295.3724,100
3811,14:29:58,$ 3310.54,100
3812,14:29:48,$ 3309.11,100
3813,14:29:48,$ 3308.86,100
3814,14:29:48,$ 3310.4306,229
3815,14:29:48,$ 3310.00,100
3816,14:29:48,$ 3310.00,102
3817,14:29:45,$ 3309.3407,100
3818,14:29:29,$ 3309.80,100
3819,14:29:25,$ 3309.00,100
3820,14:29:17,$ 3308.50,126
3821,14:28:11,$ 3307.305,100
3822,14:28:08,$ 3307.975,100
3823,14:27:40,$ 3306.66,200
3824,14:27:30,$ 3305.72,100
3825,14:27:30,$ 3305.65,100
3826,14:27:13,$ 3305.56,100
3827,14:26:57,$ 3305.64,100
3828,14:26:57,$ 3305.64,100
3829,14:26:56,$ 3305.66,100
3830,14:26:56,$ 3305.65,100
