,NLS Time (ET),NLS Price,NLS Share Volume
1,09:59:59,$ 3607.24,100
2,09:59:59,$ 3606.42,100
3,09:59:59,$ 3605.8337,100
4,09:59:58,$ 3607.14,100
5,09:59:58,$ 3607.26,100
6,09:59:56,$ 3606.135,100
7,09:59:52,$ 3605.00,100
8,09:59:52,$ 3605.19,"1,000"
9,09:59:51,$ 3604.32,300
10,09:59:50,$ 3605.6586,227
11,09:59:49,$ 3604.59,100
12,09:59:49,$ 3605.1802,198
13,09:59:49,$ 3605.00,100
14,09:59:48,$ 3605.4143,248
15,09:59:47,$ 3605.90,100
16,09:59:44,$ 3605.91,100
17,09:59:44,$ 3605.7965,160
18,09:59:44,$ 3605.7965,339
19,09:59:43,$ 3606.00,100
20,09:59:42,$ 3605.9899,400
22,09:59:40,$ 3605.145,200
23,09:59:40,$ 3605.00,160
24,09:59:38,$ 3604.715,100
25,09:59:38,$ 3604.49,100
26,09:59:36,$ 3605.975,100
27,09:59:36,$ 3605.00,100
28,09:59:36,$ 3605.00,100
29,09:59:36,$ 3605.00,100
30,09:59:36,$ 3605.00,100
31,09:59:36,$ 3604.62,100
32,09:59:36,$ 3604.21,100
33,09:59:35,$ 3603.436,100
34,09:59:34,$ 3604.00,100
35,09:59:34,$ 3603.85,100
36,09:59:33,$ 3603.99,100
37,09:59:32,$ 3603.575,196
38,09:59:31,$ 3604.00,100
39,09:59:31,$ 3603.50,100
40,09:59:30,$ 3603.86,100
41,09:59:29,$ 3602.8674,118
43,09:59:29,$ 3602.30,100
44,09:59:29,$ 3601.60,300
45,09:59:27,$ 3602.70,200
46,09:59:26,$ 3602.29,100
47,09:59:26,$ 3602.29,100
48,09:59:24,$ 3602.635,100
49,09:59:24,$ 3602.29,100
50,09:59:24,$ 3602.29,289
51,09:59:24,$ 3602.29,327
52,09:59:23,$ 3602.48,100
53,09:59:21,$ 3601.7988,100
54,09:59:19,$ 3602.69,100
55,09:59:17,$ 3602.29,100
56,09:59:17,$ 3602.7658,100
57,09:59:14,$ 3602.29,100
58,09:59:14,$ 3602.29,100
59,09:59:13,$ 3602.98,250
60,09:59:13,$ 3602.84,100
61,09:59:12,$ 3602.48,100
62,09:59:10,$ 3602.4799,100
64,09:59:09,$ 3601.92,100
65,09:59:09,$ 3602.00,100
66,09:59:09,$ 3602.00,216
67,09:59:09,$ 3601.999,100
68,09:59:07,$ 3600.9999,500
69,09:59:06,$ 3600.00,100
70,09:59:06,$ 3600.00,100
71,09:59:06,$ 3600.00,100
72,09:59:06,$ 3600.00,500
73,09:59:06,$ 3600.00,500
74,09:59:06,$ 3600.00,200
75,09:59:06,$ 3600.00,103
76,09:59:06,$ 3600.00,100
77,09:59:06,$ 3600.00,300
78,09:59:06,$ 3600.00,100
79,09:59:05,$ 3599.40,100
80,09:59:05,$ 3599.82,100
81,09:59:04,$ 3600.00,100
82,09:59:02,$ 3600.00,100
83,09:59:02,$ 3599.77,100
85,09:59:02,$ 3600.00,124
86,09:59:02,$ 3600.00,200
87,09:59:02,$ 3600.00,150
88,09:59:02,$ 3599.78,100
89,09:59:01,$ 3599.70,100
90,09:59:01,$ 3599.70,192
91,09:59:01,$ 3599.85,250
92,09:59:01,$ 3599.53,100
93,09:59:01,$ 3600.00,100
94,09:59:00,$ 3600.00,100
95,09:59:00,$ 3600.00,100
96,09:59:00,$ 3600.00,100
97,09:59:00,$ 3600.00,100
98,09:59:00,$ 3599.99,100
99,09:59:00,$ 3599.95,100
100,09:59:00,$ 3599.99,113
101,09:59:00,$ 3599.32,100
102,09:59:00,$ 3599.00,"1,064"
103,09:59:00,$ 3599.00,100
104,09:59:00,$ 3599.00,100
106,09:59:00,$ 3598.98,100
107,09:59:00,$ 3599.00,400
108,09:59:00,$ 3599.00,555
109,09:59:00,$ 3599.00,293
110,09:59:00,$ 3599.00,315
111,09:59:00,$ 3598.00,150
112,09:58:59,$ 3596.63,100
113,09:58:59,$ 3596.12,100
114,09:58:59,$ 3596.12,100
115,09:58:55,$ 3595.1089,500
116,09:58:54,$ 3595.648,200
117,09:58:54,$ 3595.98,183
118,09:58:54,$ 3595.98,100
119,09:58:52,$ 3596.5311,100
120,09:58:45,$ 3595.7351,114
121,09:58:45,$ 3594.46,100
122,09:58:41,$ 3594.84,105
123,09:58:34,$ 3594.59,100
124,09:58:32,$ 3594.68,100
125,09:58:32,$ 3594.68,100
127,09:58:29,$ 3595.885,100
128,09:58:27,$ 3595.885,200
129,09:58:25,$ 3595.945,200
130,09:58:25,$ 3596.01,200
131,09:58:24,$ 3596.17,100
132,09:58:22,$ 3597.2375,200
133,09:58:20,$ 3596.65,100
134,09:58:19,$ 3594.55,100
135,09:58:19,$ 3594.55,100
136,09:58:19,$ 3594.50,100
137,09:58:19,$ 3595.81,100
138,09:58:16,$ 3596.33,103
139,09:58:16,$ 3595.50,192
140,09:58:16,$ 3595.50,100
141,09:58:16,$ 3596.0493,100
142,09:58:08,$ 3595.40,100
143,09:58:05,$ 3595.40,125
144,09:58:01,$ 3595.005,500
145,09:58:00,$ 3594.9984,150
146,09:57:59,$ 3595.31,244
148,09:57:55,$ 3595.53,200
149,09:57:50,$ 3595.91,100
150,09:57:49,$ 3595.91,100
151,09:57:46,$ 3595.91,280
152,09:57:44,$ 3596.21,100
153,09:57:44,$ 3596.935,100
154,09:57:41,$ 3597.65,303
155,09:57:41,$ 3597.6499,100
156,09:57:41,$ 3597.4267,200
157,09:57:38,$ 3596.355,100
158,09:57:37,$ 3596.1173,500
159,09:57:34,$ 3595.00,100
160,09:57:28,$ 3595.43,100
161,09:57:28,$ 3595.28,100
162,09:57:25,$ 3594.93,300
163,09:57:20,$ 3594.4617,150
164,09:57:19,$ 3592.99,100
165,09:57:19,$ 3594.04,100
166,09:57:19,$ 3593.81,100
167,09:57:19,$ 3593.04,100
169,09:57:19,$ 3593.01,100
170,09:57:19,$ 3594.295,102
171,09:57:17,$ 3596.255,100
172,09:57:16,$ 3597.67,177
173,09:57:16,$ 3598.10,100
174,09:57:16,$ 3598.19,100
175,09:57:16,$ 3598.10,100
176,09:57:15,$ 3596.01,100
177,09:57:13,$ 3594.66,100
178,09:57:10,$ 3593.9333,120
179,09:57:10,$ 3594.4578,100
180,09:57:08,$ 3594.19,100
181,09:57:08,$ 3595.65,400
182,09:57:08,$ 3594.16,100
183,09:57:08,$ 3594.88,100
184,09:57:07,$ 3594.15,100
185,09:57:07,$ 3594.15,100
186,09:57:03,$ 3595.21,100
187,09:57:03,$ 3594.75,100
188,09:57:01,$ 3593.853,298
190,09:57:00,$ 3595.04,100
191,09:57:00,$ 3594.12,100
192,09:57:00,$ 3594.61,100
193,09:56:58,$ 3595.3724,250
194,09:56:58,$ 3594.68,100
195,09:56:58,$ 3595.94,100
196,09:56:58,$ 3594.63,100
197,09:56:58,$ 3595.0976,130
198,09:56:58,$ 3594.625,100
199,09:56:57,$ 3594.6001,100
200,09:56:52,$ 3596.08,100
201,09:56:52,$ 3594.58,100
202,09:56:52,$ 3594.58,100
203,09:56:52,$ 3594.58,107
204,09:56:52,$ 3595.68,100
205,09:56:52,$ 3595.11,100
206,09:56:52,$ 3595.11,100
207,09:56:52,$ 3595.11,100
208,09:56:51,$ 3596.01,100
209,09:56:51,$ 3596.45,152
211,09:56:51,$ 3595.65,100
212,09:56:51,$ 3595.20,100
213,09:56:49,$ 3596.24,100
214,09:56:49,$ 3596.44,100
215,09:56:48,$ 3595.52,100
216,09:56:48,$ 3595.62,100
217,09:56:48,$ 3595.62,100
218,09:56:45,$ 3597.44,100
219,09:56:43,$ 3597.1281,130
220,09:56:42,$ 3597.61,100
221,09:56:40,$ 3597.20,100
222,09:56:40,$ 3597.11,100
223,09:56:40,$ 3597.02,100
224,09:56:40,$ 3597.47,100
225,09:56:40,$ 3597.55,100
226,09:56:39,$ 3596.8538,134
227,09:56:34,$ 3597.9299,190
228,09:56:33,$ 3597.87,100
229,09:56:33,$ 3596.71,100
230,09:56:33,$ 3596.70,100
232,09:56:33,$ 3596.69,100
233,09:56:30,$ 3597.9492,100
234,09:56:29,$ 3598.16,100
235,09:56:29,$ 3597.145,300
236,09:56:28,$ 3598.12,100
237,09:56:28,$ 3598.16,100
238,09:56:28,$ 3597.2498,135
239,09:56:26,$ 3598.535,100
240,09:56:25,$ 3596.7001,100
241,09:56:25,$ 3598.495,100
242,09:56:24,$ 3597.20,100
243,09:56:24,$ 3597.70,100
244,09:56:23,$ 3597.73,100
245,09:56:23,$ 3597.7099,100
246,09:56:23,$ 3597.7099,166
247,09:56:23,$ 3597.71,100
248,09:56:23,$ 3597.645,100
249,09:56:21,$ 3597.87,100
250,09:56:21,$ 3597.795,100
251,09:56:21,$ 3597.80,100
253,09:56:21,$ 3597.94,100
254,09:56:21,$ 3597.99,100
255,09:56:21,$ 3597.99,100
256,09:56:21,$ 3597.91,100
257,09:56:20,$ 3597.42,100
258,09:56:15,$ 3597.377,100
259,09:56:14,$ 3596.18,156
260,09:56:14,$ 3596.18,100
261,09:56:12,$ 3596.82,100
262,09:56:12,$ 3596.04,500
263,09:56:11,$ 3597.15,100
264,09:56:11,$ 3597.19,100
265,09:56:09,$ 3596.455,100
266,09:56:09,$ 3595.71,100
267,09:56:09,$ 3595.73,100
268,09:56:09,$ 3596.00,105
269,09:56:09,$ 3596.00,100
270,09:56:09,$ 3596.00,262
271,09:56:09,$ 3596.00,556
272,09:56:09,$ 3596.00,230
274,09:56:09,$ 3597.41,100
275,09:56:06,$ 3596.80,100
276,09:56:01,$ 3596.28,119
277,09:56:01,$ 3597.32,150
278,09:55:58,$ 3597.00,100
279,09:55:57,$ 3596.84,100
280,09:55:57,$ 3597.999,100
281,09:55:52,$ 3596.5473,100
282,09:55:52,$ 3597.12,100
283,09:55:45,$ 3598.7168,100
284,09:55:45,$ 3598.02,100
285,09:55:43,$ 3598.02,100
286,09:55:41,$ 3596.867,443
287,09:55:40,$ 3596.495,200
288,09:55:40,$ 3597.25,200
289,09:55:40,$ 3597.22,100
290,09:55:40,$ 3597.23,100
291,09:55:40,$ 3597.52,100
292,09:55:40,$ 3597.23,100
293,09:55:40,$ 3597.25,100
295,09:55:40,$ 3597.22,100
296,09:55:40,$ 3597.22,100
297,09:55:39,$ 3597.22,100
298,09:55:39,$ 3596.49,200
299,09:55:38,$ 3596.615,100
300,09:55:38,$ 3597.5199,200
301,09:55:38,$ 3595.775,300
302,09:55:38,$ 3595.75,100
303,09:55:38,$ 3595.82,100
304,09:55:38,$ 3596.1155,100
305,09:55:36,$ 3596.2814,100
306,09:55:35,$ 3597.2419,100
307,09:55:35,$ 3596.625,150
308,09:55:32,$ 3596.62,100
309,09:55:29,$ 3597.244,133
310,09:55:29,$ 3597.244,100
311,09:55:29,$ 3597.52,100
312,09:55:29,$ 3597.52,100
313,09:55:29,$ 3597.52,100
314,09:55:29,$ 3597.52,133
316,09:55:24,$ 3597.59,100
317,09:55:24,$ 3596.83,100
318,09:55:22,$ 3596.05,100
319,09:55:21,$ 3596.0501,500
320,09:55:20,$ 3597.08,100
321,09:55:20,$ 3597.08,103
322,09:55:20,$ 3598.2523,100
323,09:55:19,$ 3597.0601,100
324,09:55:18,$ 3597.92,100
325,09:55:17,$ 3597.91,100
326,09:55:16,$ 3598.15,100
327,09:55:16,$ 3598.6287,165
328,09:55:15,$ 3597.54,100
329,09:55:15,$ 3598.265,200
330,09:55:14,$ 3598.00,100
331,09:55:14,$ 3598.515,100
332,09:55:13,$ 3599.00,177
333,09:55:10,$ 3599.00,100
334,09:55:09,$ 3599.00,100
335,09:55:08,$ 3598.92,100
337,09:55:08,$ 3598.92,100
338,09:55:08,$ 3598.92,100
339,09:55:06,$ 3598.00,100
340,09:55:04,$ 3597.4946,500
341,09:55:02,$ 3598.9399,200
342,09:55:01,$ 3598.50,100
343,09:55:01,$ 3598.35,400
344,09:55:00,$ 3598.80,100
345,09:55:00,$ 3598.00,360
346,09:55:00,$ 3598.4924,100
347,09:55:00,$ 3598.00,100
348,09:55:00,$ 3598.00,800
349,09:55:00,$ 3598.00,100
350,09:55:00,$ 3598.00,100
351,09:55:00,$ 3598.10,100
352,09:54:58,$ 3597.18,120
353,09:54:57,$ 3597.17,100
354,09:54:56,$ 3596.83,100
355,09:54:56,$ 3596.345,100
356,09:54:55,$ 3596.31,100
358,09:54:54,$ 3595.3377,100
359,09:54:51,$ 3596.4399,273
360,09:54:51,$ 3596.4399,443
361,09:54:50,$ 3595.015,100
362,09:54:50,$ 3595.5499,100
363,09:54:47,$ 3594.99,100
364,09:54:47,$ 3594.90,100
365,09:54:44,$ 3594.0051,225
366,09:54:43,$ 3593.065,100
367,09:54:39,$ 3593.94,500
368,09:54:38,$ 3593.44,100
369,09:54:37,$ 3593.785,100
370,09:54:37,$ 3593.44,100
371,09:54:35,$ 3594.492,600
372,09:54:35,$ 3595.095,100
373,09:54:35,$ 3595.3599,100
374,09:54:35,$ 3595.3599,100
375,09:54:33,$ 3595.15,100
376,09:54:29,$ 3595.38,100
377,09:54:28,$ 3595.99,350
379,09:54:28,$ 3594.95,100
380,09:54:27,$ 3595.0598,100
381,09:54:27,$ 3595.65,100
382,09:54:27,$ 3595.65,150
383,09:54:27,$ 3595.65,100
384,09:54:26,$ 3595.6501,100
385,09:54:26,$ 3597.03,100
386,09:54:25,$ 3596.49,100
387,09:54:24,$ 3595.4457,100
388,09:54:23,$ 3595.485,100
389,09:54:22,$ 3595.79,100
390,09:54:21,$ 3595.19,100
391,09:54:21,$ 3595.8422,200
392,09:54:18,$ 3595.09,100
393,09:54:18,$ 3595.00,110
394,09:54:17,$ 3596.00,100
395,09:54:17,$ 3596.00,100
396,09:54:17,$ 3595.00,100
397,09:54:17,$ 3595.00,100
398,09:54:17,$ 3595.00,100
400,09:54:17,$ 3595.00,500
401,09:54:17,$ 3595.00,100
402,09:54:17,$ 3595.00,150
403,09:54:17,$ 3595.00,100
404,09:54:17,$ 3594.00,100
405,09:54:17,$ 3593.50,100
406,09:54:16,$ 3593.49,100
407,09:54:16,$ 3593.0101,476
408,09:54:16,$ 3593.51,100
409,09:54:13,$ 3594.44,100
410,09:54:13,$ 3594.4399,100
411,09:54:10,$ 3593.715,100
412,09:54:09,$ 3594.36,183
413,09:54:09,$ 3594.00,100
414,09:54:09,$ 3594.01,100
415,09:54:07,$ 3593.105,100
416,09:54:07,$ 3593.94,100
417,09:54:07,$ 3593.98,100
418,09:54:07,$ 3593.98,100
419,09:54:05,$ 3592.23,200
421,09:54:05,$ 3593.234,250
422,09:54:03,$ 3593.115,"2,000"
423,09:54:03,$ 3592.99,100
424,09:54:02,$ 3593.685,100
425,09:53:58,$ 3591.8636,200
426,09:53:49,$ 3592.8727,200
427,09:53:47,$ 3592.49,100
428,09:53:47,$ 3592.98,100
429,09:53:47,$ 3592.54,100
430,09:53:47,$ 3592.89,100
431,09:53:47,$ 3592.00,200
432,09:53:47,$ 3592.475,125
433,09:53:47,$ 3591.67,100
434,09:53:45,$ 3591.01,100
435,09:53:45,$ 3589.035,100
436,09:53:44,$ 3589.03,100
437,09:53:44,$ 3589.03,100
438,09:53:41,$ 3590.00,100
439,09:53:39,$ 3589.8918,159
440,09:53:36,$ 3590.00,100
442,09:53:36,$ 3590.00,100
443,09:53:36,$ 3590.00,100
444,09:53:36,$ 3589.99,100
445,09:53:36,$ 3590.00,200
446,09:53:36,$ 3590.00,800
447,09:53:35,$ 3587.91,100
448,09:53:35,$ 3587.86,100
449,09:53:35,$ 3586.84,100
450,09:53:35,$ 3587.7596,"1,000"
451,09:53:31,$ 3587.61,100
452,09:53:20,$ 3587.76,100
453,09:53:18,$ 3586.91,100
454,09:53:15,$ 3586.13,100
455,09:53:15,$ 3587.5339,100
456,09:53:14,$ 3586.965,100
457,09:53:13,$ 3586.54,131
458,09:53:13,$ 3587.23,200
459,09:53:12,$ 3587.0404,955
460,09:53:06,$ 3586.54,129
461,09:53:02,$ 3586.54,180
463,09:53:00,$ 3587.69,100
464,09:52:58,$ 3587.96,500
465,09:52:48,$ 3587.00,144
466,09:52:48,$ 3586.75,111
467,09:52:42,$ 3586.8479,414
468,09:52:41,$ 3586.99,100
469,09:52:41,$ 3586.85,100
470,09:52:41,$ 3586.76,100
471,09:52:40,$ 3586.6599,125
472,09:52:39,$ 3586.22,100
473,09:52:39,$ 3585.35,100
474,09:52:36,$ 3584.683,125
475,09:52:35,$ 3584.67,100
476,09:52:34,$ 3584.42,166
477,09:52:34,$ 3583.51,100
478,09:52:34,$ 3584.00,135
479,09:52:27,$ 3582.875,100
480,09:52:22,$ 3582.85,250
481,09:52:13,$ 3583.4705,100
482,09:52:07,$ 3583.22,100
484,09:52:07,$ 3583.22,100
485,09:52:02,$ 3584.7002,250
486,09:52:00,$ 3584.27,100
487,09:52:00,$ 3583.583,150
488,09:51:59,$ 3583.295,100
489,09:51:58,$ 3583.295,150
490,09:51:57,$ 3584.08,200
491,09:51:57,$ 3583.75,100
492,09:51:52,$ 3584.545,150
493,09:51:43,$ 3585.81,100
494,09:51:42,$ 3585.00,100
495,09:51:42,$ 3584.0096,108
496,09:51:34,$ 3582.365,120
497,09:51:30,$ 3582.8877,100
498,09:51:30,$ 3582.345,100
499,09:51:30,$ 3582.337,125
500,09:51:29,$ 3581.07,100
501,09:51:28,$ 3581.135,100
502,09:51:28,$ 3581.095,200
503,09:51:27,$ 3582.00,400
505,09:51:27,$ 3581.2285,105
506,09:51:24,$ 3582.00,100
507,09:51:24,$ 3582.01,199
508,09:51:22,$ 3582.46,100
509,09:51:22,$ 3582.535,100
510,09:51:22,$ 3583.20,125
511,09:51:20,$ 3583.61,100
512,09:51:20,$ 3582.49,100
513,09:51:20,$ 3583.49,100
514,09:51:20,$ 3583.50,100
515,09:51:20,$ 3583.1637,100
516,09:51:16,$ 3585.26,400
517,09:51:15,$ 3585.20,100
518,09:51:15,$ 3584.21,500
519,09:51:14,$ 3585.05,200
520,09:51:14,$ 3585.05,200
521,09:51:14,$ 3584.4714,100
522,09:51:09,$ 3584.59,100
523,09:51:07,$ 3584.18,100
524,09:50:58,$ 3585.3702,500
526,09:50:53,$ 3586.23,100
527,09:50:53,$ 3586.23,100
528,09:50:47,$ 3587.4906,906
529,09:50:45,$ 3587.23,100
530,09:50:45,$ 3587.23,100
531,09:50:45,$ 3587.23,100
532,09:50:43,$ 3586.12,100
533,09:50:41,$ 3586.09,200
534,09:50:40,$ 3585.975,200
535,09:50:37,$ 3586.935,100
536,09:50:37,$ 3586.928,500
537,09:50:36,$ 3586.74,100
538,09:50:36,$ 3586.73,100
539,09:50:33,$ 3588.19,460
540,09:50:26,$ 3587.378,100
541,09:50:24,$ 3586.4501,299
542,09:50:22,$ 3587.50,100
543,09:50:22,$ 3587.00,100
544,09:50:22,$ 3586.21,100
545,09:50:19,$ 3584.945,100
547,09:50:17,$ 3584.805,100
548,09:50:17,$ 3584.92,100
549,09:50:14,$ 3586.0162,100
550,09:50:12,$ 3586.285,100
551,09:50:09,$ 3586.85,100
552,09:50:09,$ 3586.0401,100
553,09:50:06,$ 3586.39,300
554,09:50:03,$ 3586.4468,300
555,09:50:02,$ 3587.23,125
556,09:49:59,$ 3586.88,100
557,09:49:56,$ 3587.00,100
558,09:49:55,$ 3586.6933,100
559,09:49:52,$ 3586.53,300
560,09:49:51,$ 3586.53,100
561,09:49:51,$ 3585.99,100
562,09:49:51,$ 3585.99,100
563,09:49:51,$ 3585.685,100
564,09:49:51,$ 3585.685,200
565,09:49:51,$ 3586.00,100
566,09:49:50,$ 3584.67,100
568,09:49:50,$ 3587.00,100
569,09:49:50,$ 3585.80,100
570,09:49:49,$ 3586.39,100
571,09:49:49,$ 3586.37,100
572,09:49:49,$ 3586.37,100
573,09:49:49,$ 3586.64,100
574,09:49:49,$ 3586.37,100
575,09:49:49,$ 3586.37,100
576,09:49:47,$ 3587.87,100
577,09:49:46,$ 3587.125,500
578,09:49:40,$ 3587.6851,100
579,09:49:35,$ 3587.60,100
580,09:49:35,$ 3586.745,300
581,09:49:32,$ 3586.615,100
582,09:49:31,$ 3586.69,100
583,09:49:28,$ 3586.70,100
584,09:49:27,$ 3588.00,200
585,09:49:27,$ 3587.53,100
586,09:49:27,$ 3588.00,100
587,09:49:27,$ 3586.89,100
589,09:49:23,$ 3586.1933,300
590,09:49:22,$ 3586.055,100
591,09:49:22,$ 3585.50,256
592,09:49:18,$ 3585.42,100
593,09:49:17,$ 3585.39,100
594,09:49:17,$ 3585.38,100
595,09:49:17,$ 3586.195,100
596,09:49:14,$ 3586.625,100
597,09:49:12,$ 3585.77,100
598,09:49:09,$ 3584.99,100
599,09:49:09,$ 3584.40,100
600,09:49:03,$ 3585.8599,100
601,09:49:00,$ 3584.85,100
602,09:49:00,$ 3585.86,100
603,09:48:58,$ 3584.59,100
604,09:48:58,$ 3584.695,100
605,09:48:57,$ 3585.00,100
606,09:48:46,$ 3583.61,700
607,09:48:45,$ 3583.00,115
608,09:48:39,$ 3582.34,100
610,09:48:38,$ 3582.34,400
611,09:48:34,$ 3583.24,106
612,09:48:32,$ 3583.01,100
613,09:48:32,$ 3581.88,100
614,09:48:32,$ 3581.87,100
615,09:48:31,$ 3582.935,100
616,09:48:27,$ 3582.0621,100
617,09:48:24,$ 3583.00,100
618,09:48:23,$ 3581.275,110
619,09:48:18,$ 3581.21,102
620,09:48:15,$ 3581.74,571
621,09:48:14,$ 3580.40,100
622,09:48:14,$ 3580.41,100
623,09:48:14,$ 3580.34,100
624,09:48:14,$ 3580.29,100
625,09:48:14,$ 3580.29,100
626,09:48:14,$ 3581.04,100
627,09:48:14,$ 3581.01,100
628,09:48:14,$ 3581.62,100
629,09:48:14,$ 3581.85,282
631,09:48:13,$ 3580.79,100
632,09:48:13,$ 3581.50,100
633,09:48:06,$ 3581.7199,100
634,09:48:04,$ 3581.0467,125
635,09:48:01,$ 3580.01,100
636,09:48:01,$ 3580.01,100
637,09:48:01,$ 3580.01,100
638,09:48:01,$ 3580.03,100
639,09:48:01,$ 3580.01,100
640,09:47:59,$ 3581.0574,496
641,09:47:49,$ 3580.99,200
642,09:47:49,$ 3580.99,100
643,09:47:49,$ 3581.5232,200
644,09:47:48,$ 3581.00,100
645,09:47:41,$ 3580.70,100
646,09:47:41,$ 3580.29,146
647,09:47:41,$ 3581.345,100
648,09:47:40,$ 3580.70,100
649,09:47:37,$ 3579.91,100
650,09:47:37,$ 3579.91,136
652,09:47:29,$ 3580.09,100
653,09:47:29,$ 3580.3234,299
654,09:47:27,$ 3579.5152,125
655,09:47:25,$ 3580.00,100
656,09:47:17,$ 3581.00,100
657,09:47:14,$ 3580.29,100
658,09:47:13,$ 3580.81,100
659,09:47:12,$ 3581.6899,333
660,09:47:12,$ 3577.88,104
661,09:47:12,$ 3578.20,100
662,09:47:12,$ 3579.6508,100
663,09:47:11,$ 3577.71,110
664,09:47:11,$ 3577.72,100
665,09:47:11,$ 3577.7093,100
666,09:47:11,$ 3577.73,100
667,09:47:11,$ 3578.28,100
668,09:47:11,$ 3578.28,100
669,09:47:11,$ 3578.6193,100
670,09:47:11,$ 3578.63,237
671,09:47:11,$ 3578.63,100
673,09:47:11,$ 3578.63,134
674,09:47:11,$ 3578.63,100
675,09:47:11,$ 3578.64,100
676,09:47:11,$ 3578.96,100
677,09:47:11,$ 3580.17,260
678,09:47:11,$ 3579.6995,100
679,09:47:11,$ 3579.70,100
680,09:47:11,$ 3580.80,100
681,09:47:11,$ 3579.88,100
682,09:47:11,$ 3581.50,100
683,09:47:09,$ 3582.31,100
684,09:47:09,$ 3582.8317,125
685,09:47:07,$ 3582.91,100
686,09:47:04,$ 3581.7624,125
687,09:47:01,$ 3582.81,100
688,09:47:01,$ 3582.81,100
689,09:47:01,$ 3582.81,100
690,09:47:01,$ 3582.80,100
691,09:46:59,$ 3580.65,100
692,09:46:58,$ 3578.2001,125
694,09:46:56,$ 3580.31,100
695,09:46:56,$ 3580.2849,100
696,09:46:56,$ 3580.75,100
697,09:46:56,$ 3580.75,100
698,09:46:56,$ 3580.58,100
699,09:46:56,$ 3580.75,100
700,09:46:53,$ 3580.9028,100
701,09:46:52,$ 3581.324,100
702,09:46:50,$ 3580.00,100
703,09:46:48,$ 3580.925,146
704,09:46:48,$ 3580.42,100
705,09:46:41,$ 3581.85,100
706,09:46:41,$ 3581.9334,100
707,09:46:40,$ 3581.855,192
708,09:46:37,$ 3583.0171,341
709,09:46:35,$ 3583.51,287
710,09:46:35,$ 3583.00,113
711,09:46:34,$ 3582.23,100
712,09:46:34,$ 3582.23,100
713,09:46:34,$ 3580.235,200
715,09:46:34,$ 3580.23,200
716,09:46:33,$ 3579.90,100
717,09:46:24,$ 3579.8638,187
718,09:46:24,$ 3579.10,100
719,09:46:24,$ 3578.91,100
720,09:46:24,$ 3579.8806,125
721,09:46:23,$ 3579.6543,100
722,09:46:22,$ 3579.945,100
723,09:46:22,$ 3579.97,100
724,09:46:21,$ 3578.00,100
725,09:46:21,$ 3577.9179,100
726,09:46:20,$ 3577.735,100
727,09:46:19,$ 3577.841,150
728,09:46:19,$ 3578.00,100
729,09:46:15,$ 3576.96,100
730,09:46:15,$ 3576.887,100
731,09:46:15,$ 3576.74,100
732,09:46:15,$ 3576.755,100
733,09:46:13,$ 3577.605,100
734,09:46:11,$ 3578.00,100
736,09:46:11,$ 3576.99,100
737,09:46:11,$ 3577.00,135
738,09:46:11,$ 3577.40,100
739,09:46:11,$ 3577.53,100
740,09:46:11,$ 3577.62,100
741,09:46:11,$ 3575.82,100
742,09:46:09,$ 3576.8584,100
743,09:46:07,$ 3576.44,100
744,09:46:05,$ 3575.50,100
745,09:46:05,$ 3575.50,100
746,09:46:05,$ 3575.50,100
747,09:46:04,$ 3576.4399,250
748,09:46:03,$ 3577.21,100
749,09:46:03,$ 3576.86,100
750,09:45:58,$ 3574.9999,100
751,09:45:56,$ 3573.7094,100
752,09:45:55,$ 3573.82,100
753,09:45:54,$ 3573.6287,450
754,09:45:54,$ 3575.00,100
755,09:45:52,$ 3573.945,100
757,09:45:49,$ 3573.37,100
758,09:45:48,$ 3572.7216,150
759,09:45:47,$ 3572.705,100
760,09:45:46,$ 3573.23,125
761,09:45:45,$ 3572.88,100
762,09:45:45,$ 3572.89,100
763,09:45:45,$ 3572.80,100
764,09:45:45,$ 3572.38,110
765,09:45:45,$ 3572.38,100
766,09:45:45,$ 3571.96,200
767,09:45:44,$ 3572.494,200
768,09:45:44,$ 3571.41,600
769,09:45:44,$ 3571.43,100
770,09:45:44,$ 3572.39,200
771,09:45:42,$ 3571.91,100
772,09:45:42,$ 3572.3783,174
773,09:45:42,$ 3572.3783,126
774,09:45:40,$ 3572.08,100
775,09:45:40,$ 3572.4478,450
776,09:45:40,$ 3572.0501,100
778,09:45:35,$ 3571.6233,240
779,09:45:33,$ 3572.4982,500
780,09:45:32,$ 3571.12,100
781,09:45:32,$ 3572.00,100
782,09:45:30,$ 3573.9509,200
783,09:45:29,$ 3574.1099,600
784,09:45:27,$ 3572.43,100
785,09:45:25,$ 3573.61,100
786,09:45:25,$ 3574.26,100
787,09:45:24,$ 3573.62,100
788,09:45:24,$ 3573.275,100
789,09:45:23,$ 3573.63,100
790,09:45:23,$ 3573.63,100
791,09:45:22,$ 3572.875,400
792,09:45:21,$ 3573.18,100
793,09:45:21,$ 3573.1701,150
794,09:45:18,$ 3574.07,100
795,09:45:16,$ 3573.7504,100
796,09:45:16,$ 3575.00,100
797,09:45:14,$ 3575.03,100
799,09:45:14,$ 3576.5503,200
800,09:45:11,$ 3575.90,200
801,09:45:10,$ 3575.07,100
802,09:45:04,$ 3575.69,100
803,09:45:04,$ 3575.70,100
804,09:45:04,$ 3576.815,125
805,09:45:04,$ 3576.815,300
806,09:45:04,$ 3576.815,100
807,09:45:02,$ 3577.19,100
808,09:45:02,$ 3577.19,100
809,09:45:01,$ 3577.725,100
810,09:45:00,$ 3577.20,100
811,09:45:00,$ 3577.7184,186
812,09:45:00,$ 3577.7184,214
813,09:45:00,$ 3577.20,186
814,09:45:00,$ 3577.20,214
815,09:44:59,$ 3578.23,200
816,09:44:57,$ 3578.00,100
817,09:44:57,$ 3578.001,153
818,09:44:57,$ 3578.001,217
820,09:44:55,$ 3578.0001,150
821,09:44:52,$ 3578.55,100
822,09:44:51,$ 3580.00,400
823,09:44:50,$ 3580.03,100
824,09:44:50,$ 3580.03,100
825,09:44:50,$ 3580.03,100
826,09:44:50,$ 3580.03,100
827,09:44:50,$ 3580.03,100
828,09:44:50,$ 3580.06,100
829,09:44:44,$ 3580.58,100
830,09:44:44,$ 3580.37,100
831,09:44:44,$ 3580.58,100
832,09:44:44,$ 3580.58,100
833,09:44:43,$ 3579.80,100
834,09:44:43,$ 3579.80,100
835,09:44:42,$ 3579.08,150
836,09:44:39,$ 3578.54,100
837,09:44:39,$ 3578.5188,100
838,09:44:38,$ 3579.01,100
839,09:44:36,$ 3579.42,100
841,09:44:36,$ 3578.98,100
842,09:44:36,$ 3579.60,100
843,09:44:36,$ 3580.00,100
844,09:44:36,$ 3580.00,500
845,09:44:36,$ 3580.66,100
846,09:44:35,$ 3581.03,100
847,09:44:32,$ 3581.9542,125
848,09:44:27,$ 3583.5726,100
849,09:44:24,$ 3581.8386,400
850,09:44:21,$ 3582.765,100
851,09:44:21,$ 3582.755,100
852,09:44:20,$ 3582.2793,100
853,09:44:20,$ 3583.7354,333
854,09:44:14,$ 3584.00,100
855,09:44:14,$ 3583.577,100
856,09:44:13,$ 3584.00,100
857,09:44:10,$ 3583.35,104
858,09:44:08,$ 3584.00,119
859,09:44:06,$ 3584.00,110
860,09:44:03,$ 3581.1985,100
862,09:43:55,$ 3582.347,400
863,09:43:44,$ 3583.40,100
864,09:43:44,$ 3582.7225,100
865,09:43:43,$ 3584.00,100
866,09:43:43,$ 3584.00,250
867,09:43:43,$ 3583.94,100
868,09:43:43,$ 3583.99,100
869,09:43:43,$ 3583.94,100
870,09:43:43,$ 3583.94,100
871,09:43:41,$ 3582.83,200
872,09:43:41,$ 3582.50,100
873,09:43:40,$ 3582.485,100
874,09:43:38,$ 3581.8472,129
875,09:43:32,$ 3582.43,100
876,09:43:32,$ 3582.66,100
877,09:43:28,$ 3581.97,100
878,09:43:25,$ 3582.45,100
879,09:43:25,$ 3582.81,100
880,09:43:24,$ 3582.83,100
881,09:43:21,$ 3581.22,100
883,09:43:17,$ 3581.07,100
884,09:43:17,$ 3581.08,100
885,09:43:08,$ 3583.3808,125
886,09:43:07,$ 3584.43,200
887,09:43:07,$ 3582.7154,100
888,09:43:04,$ 3584.00,129
889,09:43:04,$ 3583.64,100
890,09:43:04,$ 3583.50,200
891,09:43:03,$ 3582.10,111
892,09:43:02,$ 3583.51,100
893,09:43:01,$ 3583.00,250
894,09:42:45,$ 3581.68,150
895,09:42:44,$ 3582.02,100
896,09:42:44,$ 3582.02,100
897,09:42:44,$ 3581.32,100
898,09:42:41,$ 3580.66,100
899,09:42:41,$ 3581.3018,"1,000"
900,09:42:39,$ 3583.555,100
901,09:42:37,$ 3583.30,100
902,09:42:37,$ 3582.8276,125
904,09:42:35,$ 3583.24,121
905,09:42:30,$ 3585.40,100
906,09:42:23,$ 3585.22,289
907,09:42:23,$ 3586.305,157
908,09:42:21,$ 3583.78,320
909,09:42:21,$ 3583.78,173
910,09:42:20,$ 3585.98,100
911,09:42:20,$ 3585.12,300
912,09:42:15,$ 3585.79,100
913,09:42:11,$ 3585.30,115
914,09:42:09,$ 3586.03,100
915,09:42:05,$ 3586.965,200
916,09:42:03,$ 3586.54,200
917,09:41:59,$ 3586.82,200
918,09:41:57,$ 3583.3401,125
919,09:41:56,$ 3584.39,200
920,09:41:55,$ 3585.09,100
921,09:41:53,$ 3585.01,100
922,09:41:53,$ 3584.935,100
923,09:41:53,$ 3585.3088,250
925,09:41:51,$ 3585.8162,120
926,09:41:43,$ 3587.0367,100
927,09:41:42,$ 3589.6899,233
928,09:41:40,$ 3588.39,100
929,09:41:39,$ 3588.53,100
930,09:41:39,$ 3588.7886,300
931,09:41:39,$ 3590.00,100
932,09:41:39,$ 3590.00,100
933,09:41:39,$ 3588.835,100
934,09:41:39,$ 3588.99,100
935,09:41:38,$ 3589.65,100
936,09:41:38,$ 3589.18,200
937,09:41:38,$ 3589.61,100
938,09:41:37,$ 3589.34,100
939,09:41:34,$ 3588.0001,100
940,09:41:33,$ 3589.65,122
941,09:41:33,$ 3589.645,100
942,09:41:33,$ 3589.6465,100
943,09:41:31,$ 3588.17,100
944,09:41:30,$ 3588.925,255
946,09:41:29,$ 3588.975,100
947,09:41:27,$ 3589.43,100
948,09:41:22,$ 3588.1701,471
949,09:41:22,$ 3589.50,100
950,09:41:21,$ 3589.82,100
951,09:41:21,$ 3589.50,200
952,09:41:21,$ 3589.98,100
953,09:41:21,$ 3589.9999,125
954,09:41:20,$ 3589.07,300
955,09:41:20,$ 3589.40,200
956,09:41:20,$ 3589.62,100
957,09:41:20,$ 3589.60,100
958,09:41:20,$ 3589.40,200
959,09:41:20,$ 3588.075,100
960,09:41:20,$ 3587.82,181
961,09:41:20,$ 3587.82,101
962,09:41:20,$ 3587.82,118
963,09:41:20,$ 3587.82,100
964,09:41:19,$ 3587.6648,500
965,09:41:18,$ 3586.2583,443
967,09:41:18,$ 3586.154,370
968,09:41:18,$ 3587.32,100
969,09:41:14,$ 3586.40,101
970,09:41:14,$ 3585.1587,180
971,09:41:13,$ 3585.9317,150
972,09:41:11,$ 3585.40,140
973,09:41:10,$ 3586.40,100
974,09:41:09,$ 3586.58,100
975,09:41:09,$ 3585.38,100
976,09:41:03,$ 3586.00,150
977,09:41:02,$ 3584.54,100
978,09:41:02,$ 3584.80,100
979,09:40:59,$ 3583.455,125
980,09:40:59,$ 3583.164,100
981,09:40:58,$ 3583.00,200
982,09:40:57,$ 3584.7407,100
983,09:40:57,$ 3584.415,100
984,09:40:55,$ 3585.92,100
985,09:40:55,$ 3585.525,100
986,09:40:52,$ 3584.79,100
988,09:40:50,$ 3587.8199,100
989,09:40:49,$ 3587.8199,100
990,09:40:49,$ 3586.02,100
991,09:40:49,$ 3586.06,100
992,09:40:47,$ 3587.66,100
993,09:40:44,$ 3587.5999,300
994,09:40:43,$ 3587.8199,300
995,09:40:43,$ 3587.8199,100
996,09:40:41,$ 3585.42,100
997,09:40:41,$ 3585.42,200
998,09:40:41,$ 3585.5337,100
999,09:40:41,$ 3586.00,151
1000,09:40:40,$ 3585.9999,100
1001,09:40:30,$ 3585.00,100
1002,09:40:27,$ 3585.20,100
1003,09:40:26,$ 3585.82,100
1004,09:40:21,$ 3584.50,100
1005,09:40:21,$ 3584.55,200
1006,09:40:21,$ 3584.69,100
1007,09:40:18,$ 3584.60,100
1009,09:40:18,$ 3583.325,100
1010,09:40:17,$ 3583.57,100
1011,09:40:17,$ 3583.57,105
1012,09:40:17,$ 3584.2009,273
1013,09:40:17,$ 3583.325,200
1014,09:40:17,$ 3583.1401,100
1015,09:40:16,$ 3583.98,100
1016,09:40:13,$ 3583.77,250
1017,09:40:08,$ 3582.01,200
1018,09:40:07,$ 3583.56,100
1019,09:40:02,$ 3583.515,250
1020,09:40:02,$ 3582.08,200
1021,09:40:00,$ 3580.46,100
1022,09:40:00,$ 3580.46,100
1023,09:39:59,$ 3579.51,100
1024,09:39:58,$ 3580.01,100
1025,09:39:58,$ 3580.62,100
1026,09:39:58,$ 3580.62,100
1027,09:39:55,$ 3580.965,100
1028,09:39:52,$ 3580.00,138
1030,09:39:51,$ 3581.00,100
1031,09:39:51,$ 3581.00,140
1032,09:39:51,$ 3581.00,809
1033,09:39:51,$ 3581.00,405
1034,09:39:51,$ 3581.00,239
1035,09:39:51,$ 3581.00,173
1036,09:39:51,$ 3583.74,100
1037,09:39:51,$ 3582.0501,100
1038,09:39:50,$ 3582.08,100
1039,09:39:50,$ 3582.975,100
1040,09:39:50,$ 3582.975,100
1041,09:39:50,$ 3582.07,100
1042,09:39:49,$ 3582.35,100
1043,09:39:49,$ 3582.42,200
1044,09:39:46,$ 3583.1629,200
1045,09:39:45,$ 3583.755,100
1046,09:39:44,$ 3583.44,100
1047,09:39:41,$ 3583.34,100
1048,09:39:41,$ 3583.77,100
1049,09:39:41,$ 3582.7231,520
1051,09:39:38,$ 3582.39,100
1052,09:39:37,$ 3582.75,100
1053,09:39:36,$ 3581.56,"1,000"
1054,09:39:36,$ 3582.87,374
1055,09:39:36,$ 3582.85,100
1056,09:39:36,$ 3581.985,100
1057,09:39:33,$ 3581.11,100
1058,09:39:31,$ 3580.71,100
1059,09:39:31,$ 3581.75,100
1060,09:39:31,$ 3578.99,100
1061,09:39:31,$ 3578.99,100
1062,09:39:29,$ 3580.8217,100
1063,09:39:26,$ 3579.5497,100
1064,09:39:26,$ 3579.0001,125
1065,09:39:25,$ 3580.495,200
1066,09:39:25,$ 3580.495,200
1067,09:39:24,$ 3580.2414,100
1068,09:39:24,$ 3582.00,100
1069,09:39:22,$ 3579.00,371
1070,09:39:22,$ 3580.1271,265
1072,09:39:22,$ 3580.46,100
1073,09:39:22,$ 3580.46,100
1074,09:39:22,$ 3580.44,100
1075,09:39:19,$ 3581.46,100
1076,09:39:18,$ 3581.8933,275
1077,09:39:16,$ 3582.0282,123
1078,09:39:15,$ 3581.87,300
1079,09:39:14,$ 3582.86,150
1080,09:39:08,$ 3580.885,300
1081,09:39:08,$ 3581.065,255
1082,09:39:08,$ 3580.12,"2,018"
1083,09:39:07,$ 3581.675,125
1084,09:39:06,$ 3582.6108,200
1085,09:39:05,$ 3581.715,200
1086,09:39:05,$ 3581.47,100
1087,09:39:05,$ 3580.48,200
1088,09:39:05,$ 3580.48,200
1089,09:39:05,$ 3580.48,200
1090,09:39:05,$ 3580.48,200
1091,09:39:04,$ 3580.48,100
1093,09:39:02,$ 3579.245,220
1094,09:39:02,$ 3579.59,100
1095,09:38:57,$ 3580.803,100
1096,09:38:56,$ 3581.915,100
1097,09:38:56,$ 3580.50,200
1098,09:38:56,$ 3581.115,500
1099,09:38:51,$ 3582.875,250
1100,09:38:49,$ 3582.0201,142
1101,09:38:48,$ 3584.07,160
1102,09:38:47,$ 3583.34,100
1103,09:38:46,$ 3583.73,200
1104,09:38:46,$ 3582.5262,255
1105,09:38:44,$ 3583.01,100
1106,09:38:42,$ 3587.81,100
1107,09:38:42,$ 3586.78,109
1108,09:38:41,$ 3587.44,100
1109,09:38:40,$ 3587.40,100
1110,09:38:38,$ 3586.715,100
1111,09:38:38,$ 3586.715,100
1112,09:38:38,$ 3587.60,444
1114,09:38:37,$ 3587.60,185
1115,09:38:37,$ 3587.60,100
1116,09:38:36,$ 3586.61,100
1117,09:38:32,$ 3587.41,100
1118,09:38:32,$ 3587.04,100
1119,09:38:30,$ 3587.60,100
1120,09:38:30,$ 3587.40,100
1121,09:38:30,$ 3587.04,100
1122,09:38:30,$ 3587.04,100
1123,09:38:29,$ 3587.04,100
1124,09:38:29,$ 3585.22,100
1125,09:38:26,$ 3585.9826,100
1126,09:38:22,$ 3586.7921,100
1127,09:38:19,$ 3586.80,100
1128,09:38:19,$ 3585.715,100
1129,09:38:19,$ 3585.765,100
1130,09:38:19,$ 3585.72,100
1131,09:38:19,$ 3585.71,100
1132,09:38:17,$ 3585.86,100
1133,09:38:17,$ 3586.30,100
1135,09:38:17,$ 3586.30,100
1136,09:38:17,$ 3586.30,100
1137,09:38:17,$ 3586.30,100
1138,09:38:15,$ 3586.2233,150
1139,09:38:13,$ 3588.00,150
1140,09:38:13,$ 3588.00,100
1141,09:38:13,$ 3588.00,100
1142,09:38:13,$ 3588.00,300
1143,09:38:12,$ 3589.755,100
1144,09:38:09,$ 3589.87,100
1145,09:38:08,$ 3591.991,805
1146,09:38:08,$ 3593.66,100
1147,09:38:08,$ 3593.55,100
1148,09:38:08,$ 3592.00,100
1149,09:38:08,$ 3591.89,100
1150,09:38:08,$ 3590.466,100
1151,09:38:08,$ 3591.8007,160
1152,09:38:08,$ 3591.76,100
1153,09:38:08,$ 3591.81,100
1154,09:38:08,$ 3591.80,100
1156,09:38:08,$ 3591.70,100
1157,09:38:08,$ 3591.80,100
1158,09:38:08,$ 3591.81,100
1159,09:38:08,$ 3589.812,100
1160,09:38:08,$ 3590.82,100
1161,09:38:08,$ 3590.82,100
1162,09:38:08,$ 3589.984,100
1163,09:38:08,$ 3590.81,100
1164,09:38:08,$ 3589.312,100
1165,09:38:08,$ 3590.25,100
1166,09:38:08,$ 3589.5049,100
1167,09:38:08,$ 3589.52,100
1168,09:38:08,$ 3588.47,100
1169,09:38:08,$ 3589.505,100
1170,09:38:08,$ 3589.5199,100
1171,09:38:06,$ 3589.50,100
1172,09:38:06,$ 3588.885,100
1173,09:38:04,$ 3588.25,250
1174,09:38:04,$ 3588.9097,100
1175,09:38:03,$ 3588.23,750
1177,09:38:02,$ 3588.49,815
1178,09:38:00,$ 3590.47,146
1179,09:38:00,$ 3589.6881,200
1180,09:38:00,$ 3590.07,100
1181,09:37:55,$ 3590.8347,443
1182,09:37:55,$ 3590.8347,103
1183,09:37:55,$ 3590.07,406
1184,09:37:52,$ 3591.7279,111
1185,09:37:50,$ 3593.7075,"1,000"
1186,09:37:49,$ 3593.98,100
1187,09:37:49,$ 3592.67,100
1188,09:37:48,$ 3593.09,100
1189,09:37:48,$ 3592.82,100
1190,09:37:48,$ 3591.98,100
1191,09:37:48,$ 3591.96,100
1192,09:37:48,$ 3594.00,100
1193,09:37:48,$ 3594.00,100
1194,09:37:48,$ 3594.00,100
1195,09:37:48,$ 3594.00,120
1196,09:37:48,$ 3594.00,252
1198,09:37:48,$ 3592.99,100
1199,09:37:47,$ 3593.99,241
1200,09:37:45,$ 3592.42,100
1201,09:37:45,$ 3592.20,100
1202,09:37:43,$ 3592.57,100
1203,09:37:42,$ 3592.87,100
1204,09:37:42,$ 3592.57,100
1205,09:37:42,$ 3593.255,100
1206,09:37:42,$ 3593.28,100
1207,09:37:42,$ 3593.28,100
1208,09:37:41,$ 3592.48,100
1209,09:37:41,$ 3592.92,100
1210,09:37:40,$ 3592.995,100
1211,09:37:40,$ 3592.56,100
1212,09:37:39,$ 3591.94,100
1213,09:37:39,$ 3592.49,295
1214,09:37:35,$ 3591.1399,100
1215,09:37:35,$ 3589.4497,100
1216,09:37:34,$ 3589.815,100
1217,09:37:34,$ 3591.13,100
1219,09:37:33,$ 3588.4901,125
1220,09:37:32,$ 3589.825,100
1221,09:37:32,$ 3591.13,100
1222,09:37:32,$ 3589.4731,100
1223,09:37:31,$ 3588.745,100
1224,09:37:31,$ 3588.9877,200
1225,09:37:31,$ 3590.36,100
1226,09:37:30,$ 3590.69,200
1227,09:37:28,$ 3592.7132,100
1228,09:37:28,$ 3591.795,100
1229,09:37:28,$ 3590.99,100
1230,09:37:28,$ 3590.94,100
1231,09:37:27,$ 3593.71,100
1232,09:37:27,$ 3592.00,100
1233,09:37:27,$ 3593.17,166
1234,09:37:27,$ 3592.7236,100
1235,09:37:26,$ 3590.50,100
1236,09:37:26,$ 3589.44,100
1237,09:37:26,$ 3589.44,100
1238,09:37:24,$ 3589.95,100
1240,09:37:24,$ 3589.89,100
1241,09:37:24,$ 3590.00,100
1242,09:37:24,$ 3590.00,150
1243,09:37:24,$ 3590.00,100
1244,09:37:24,$ 3590.00,100
1245,09:37:24,$ 3589.5168,443
1246,09:37:24,$ 3589.5168,270
1247,09:37:24,$ 3589.5168,725
1248,09:37:24,$ 3588.6492,500
1249,09:37:23,$ 3589.74,100
1250,09:37:22,$ 3588.49,100
1251,09:37:22,$ 3588.4901,100
1252,09:37:22,$ 3589.0561,100
1253,09:37:21,$ 3589.89,100
1254,09:37:19,$ 3588.855,100
1255,09:37:19,$ 3588.668,100
1256,09:37:18,$ 3587.59,147
1257,09:37:18,$ 3587.59,200
1258,09:37:17,$ 3589.15,100
1259,09:37:17,$ 3589.15,100
1261,09:37:17,$ 3589.15,100
1262,09:37:15,$ 3589.2618,"1,000"
1263,09:37:15,$ 3588.2079,500
1264,09:37:13,$ 3589.05,100
1265,09:37:12,$ 3589.47,100
1266,09:37:12,$ 3588.37,100
1267,09:37:12,$ 3587.0289,111
1268,09:37:12,$ 3588.445,200
1269,09:37:10,$ 3588.99,100
1270,09:37:10,$ 3588.89,100
1271,09:37:10,$ 3588.87,254
1272,09:37:10,$ 3589.00,100
1273,09:37:10,$ 3589.00,100
1274,09:37:07,$ 3587.19,100
1275,09:37:06,$ 3588.09,100
1276,09:37:06,$ 3588.09,158
1277,09:37:06,$ 3587.7819,299
1278,09:37:02,$ 3587.325,100
1279,09:37:01,$ 3587.175,200
1280,09:37:01,$ 3587.445,100
1282,09:37:01,$ 3587.445,117
1283,09:37:01,$ 3588.47,100
1284,09:37:01,$ 3588.47,100
1285,09:37:01,$ 3587.92,100
1286,09:37:00,$ 3586.4442,374
1287,09:36:57,$ 3586.10,100
1288,09:36:57,$ 3586.3942,350
1289,09:36:56,$ 3586.205,100
1290,09:36:56,$ 3586.205,100
1291,09:36:55,$ 3586.205,200
1292,09:36:55,$ 3586.3561,100
1293,09:36:55,$ 3586.045,"1,000"
1294,09:36:54,$ 3586.00,100
1295,09:36:54,$ 3586.00,100
1296,09:36:53,$ 3585.85,100
1297,09:36:53,$ 3585.00,442
1298,09:36:53,$ 3585.00,100
1299,09:36:53,$ 3584.96,300
1300,09:36:53,$ 3584.94,100
1301,09:36:53,$ 3585.00,100
1303,09:36:53,$ 3584.00,400
1304,09:36:51,$ 3582.99,150
1305,09:36:50,$ 3582.28,100
1306,09:36:50,$ 3582.255,100
1307,09:36:50,$ 3582.245,100
1308,09:36:50,$ 3582.28,100
1309,09:36:49,$ 3582.28,100
1310,09:36:49,$ 3581.32,100
1311,09:36:49,$ 3581.72,100
1312,09:36:49,$ 3581.67,100
1313,09:36:48,$ 3581.899,"1,000"
1314,09:36:47,$ 3581.415,100
1315,09:36:47,$ 3580.731,500
1316,09:36:47,$ 3582.51,100
1317,09:36:47,$ 3581.00,100
1318,09:36:46,$ 3581.90,100
1319,09:36:46,$ 3581.00,100
1320,09:36:45,$ 3581.9899,470
1321,09:36:45,$ 3580.77,100
1322,09:36:45,$ 3580.77,100
1324,09:36:45,$ 3581.0386,100
1325,09:36:45,$ 3581.5453,199
1326,09:36:44,$ 3580.97,200
1327,09:36:44,$ 3580.97,100
1328,09:36:44,$ 3580.9674,279
1329,09:36:44,$ 3580.97,100
1330,09:36:43,$ 3580.77,100
1331,09:36:43,$ 3580.77,100
1332,09:36:43,$ 3581.6625,100
1333,09:36:41,$ 3580.89,100
1334,09:36:37,$ 3580.00,100
1335,09:36:37,$ 3580.63,100
1336,09:36:37,$ 3580.6316,279
1337,09:36:37,$ 3580.6316,133
1338,09:36:37,$ 3580.63,100
1339,09:36:36,$ 3581.035,100
1340,09:36:34,$ 3581.045,100
1341,09:36:33,$ 3581.055,500
1342,09:36:33,$ 3581.4599,"1,000"
1343,09:36:33,$ 3580.725,200
1345,09:36:32,$ 3581.60,100
1346,09:36:31,$ 3583.28,100
1347,09:36:28,$ 3583.805,100
1348,09:36:28,$ 3583.895,100
1349,09:36:28,$ 3583.265,100
1350,09:36:27,$ 3583.60,100
1351,09:36:27,$ 3583.60,100
1352,09:36:25,$ 3583.965,300
1353,09:36:25,$ 3583.045,100
1354,09:36:25,$ 3583.045,100
1355,09:36:24,$ 3583.04,100
1356,09:36:24,$ 3583.23,107
1357,09:36:23,$ 3583.045,100
1358,09:36:23,$ 3582.44,100
1359,09:36:23,$ 3583.04,100
1360,09:36:22,$ 3581.21,"1,000"
1361,09:36:21,$ 3581.99,100
1362,09:36:21,$ 3581.99,100
1363,09:36:20,$ 3580.87,100
1364,09:36:19,$ 3578.82,100
1366,09:36:19,$ 3578.5916,125
1367,09:36:18,$ 3578.3568,300
1368,09:36:16,$ 3579.8827,111
1369,09:36:15,$ 3580.00,103
1370,09:36:15,$ 3580.00,141
1371,09:36:14,$ 3580.77,156
1372,09:36:14,$ 3580.00,100
1373,09:36:12,$ 3579.9999,100
1374,09:36:10,$ 3579.32,200
1375,09:36:10,$ 3579.29,100
1376,09:36:06,$ 3579.34,100
1377,09:36:06,$ 3577.42,100
1378,09:36:06,$ 3576.73,302
1379,09:36:06,$ 3577.19,100
1380,09:36:05,$ 3577.19,100
1381,09:36:05,$ 3577.19,100
1382,09:36:05,$ 3578.01,100
1383,09:36:05,$ 3577.41,100
1384,09:36:05,$ 3577.41,100
1385,09:36:03,$ 3578.655,100
1387,09:36:03,$ 3579.735,200
1388,09:36:03,$ 3578.60,100
1389,09:35:59,$ 3580.00,125
1390,09:35:59,$ 3579.00,100
1391,09:35:59,$ 3579.75,100
1392,09:35:59,$ 3579.76,100
1393,09:35:59,$ 3579.77,121
1394,09:35:59,$ 3579.77,100
1395,09:35:59,$ 3579.77,100
1396,09:35:59,$ 3579.77,100
1397,09:35:58,$ 3579.66,100
1398,09:35:57,$ 3578.00,100
1399,09:35:57,$ 3578.0115,200
1400,09:35:55,$ 3579.585,100
1401,09:35:55,$ 3579.31,100
1402,09:35:54,$ 3578.00,100
1403,09:35:53,$ 3577.6557,100
1404,09:35:53,$ 3577.9004,100
1405,09:35:52,$ 3577.5343,205
1406,09:35:52,$ 3579.445,100
1408,09:35:51,$ 3578.605,100
1409,09:35:51,$ 3578.605,100
1410,09:35:50,$ 3579.0144,100
1411,09:35:50,$ 3578.6254,250
1412,09:35:48,$ 3578.35,100
1413,09:35:48,$ 3578.275,100
1414,09:35:48,$ 3576.99,100
1415,09:35:46,$ 3576.97,100
1416,09:35:42,$ 3576.615,100
1417,09:35:39,$ 3576.55,100
1418,09:35:38,$ 3577.35,100
1419,09:35:38,$ 3574.88,100
1420,09:35:35,$ 3573.388,100
1421,09:35:31,$ 3572.435,100
1422,09:35:28,$ 3572.89,100
1423,09:35:27,$ 3571.3625,100
1424,09:35:27,$ 3572.02,129
1425,09:35:27,$ 3572.02,199
1426,09:35:26,$ 3572.0239,111
1427,09:35:25,$ 3572.50,100
1429,09:35:25,$ 3572.50,127
1430,09:35:25,$ 3571.35,250
1431,09:35:25,$ 3570.805,140
1432,09:35:25,$ 3571.0775,100
1433,09:35:22,$ 3569.6526,100
1434,09:35:20,$ 3571.82,200
1435,09:35:17,$ 3571.835,100
1436,09:35:16,$ 3569.255,100
1437,09:35:15,$ 3571.07,100
1438,09:35:14,$ 3571.165,"3,763"
1439,09:35:14,$ 3571.165,100
1440,09:35:14,$ 3571.94,100
1441,09:35:14,$ 3570.406,100
1442,09:35:13,$ 3570.40,100
1443,09:35:13,$ 3570.69,100
1444,09:35:13,$ 3570.41,100
1445,09:35:13,$ 3570.3805,100
1446,09:35:13,$ 3570.6328,400
1447,09:35:13,$ 3570.40,100
1448,09:35:13,$ 3571.1607,237
1450,09:35:12,$ 3569.415,109
1451,09:35:11,$ 3569.02,100
1452,09:35:11,$ 3571.945,300
1453,09:35:11,$ 3569.93,100
1454,09:35:11,$ 3569.93,100
1455,09:35:11,$ 3570.97,100
1456,09:35:11,$ 3569.93,100
1457,09:35:11,$ 3571.00,100
1458,09:35:11,$ 3570.09,100
1459,09:35:11,$ 3570.06,100
1460,09:35:11,$ 3570.04,100
1461,09:35:11,$ 3570.04,100
1462,09:35:09,$ 3570.98,125
1463,09:35:08,$ 3571.00,100
1464,09:35:08,$ 3571.00,100
1465,09:35:07,$ 3569.955,100
1466,09:35:05,$ 3570.145,110
1467,09:35:02,$ 3568.39,140
1468,09:35:00,$ 3569.64,100
1469,09:35:00,$ 3569.08,200
1471,09:35:00,$ 3569.64,100
1472,09:35:00,$ 3569.64,100
1473,09:35:00,$ 3569.64,100
1474,09:35:00,$ 3569.10,100
1475,09:35:00,$ 3568.54,100
1476,09:34:59,$ 3568.01,100
1477,09:34:57,$ 3570.00,100
1478,09:34:57,$ 3569.67,150
1479,09:34:57,$ 3570.00,150
1480,09:34:53,$ 3570.50,100
1481,09:34:46,$ 3572.1625,100
1482,09:34:46,$ 3572.72,100
1483,09:34:46,$ 3572.58,100
1484,09:34:45,$ 3571.31,200
1485,09:34:44,$ 3570.0001,100
1486,09:34:42,$ 3568.05,100
1487,09:34:42,$ 3568.22,100
1488,09:34:36,$ 3572.37,220
1489,09:34:36,$ 3573.10,100
1490,09:34:36,$ 3571.60,100
1492,09:34:36,$ 3574.54,400
1493,09:34:36,$ 3573.54,100
1494,09:34:36,$ 3572.94,100
1495,09:34:36,$ 3573.93,100
1496,09:34:36,$ 3574.42,100
1497,09:34:36,$ 3574.47,100
1498,09:34:32,$ 3572.00,100
1499,09:34:31,$ 3574.6399,100
1500,09:34:28,$ 3573.42,100
1501,09:34:28,$ 3573.43,100
1502,09:34:28,$ 3573.44,100
1503,09:34:28,$ 3573.38,100
1504,09:34:28,$ 3573.35,100
1505,09:34:28,$ 3573.33,300
1506,09:34:28,$ 3574.12,100
1507,09:34:27,$ 3574.12,106
1508,09:34:27,$ 3574.12,123
1509,09:34:27,$ 3575.22,100
1510,09:34:27,$ 3575.16,100
1511,09:34:27,$ 3575.04,100
1513,09:34:27,$ 3575.04,600
1514,09:34:27,$ 3575.03,466
1515,09:34:27,$ 3575.00,100
1516,09:34:27,$ 3574.58,161
1517,09:34:27,$ 3574.58,138
1518,09:34:27,$ 3578.07,100
1519,09:34:26,$ 3576.98,100
1520,09:34:26,$ 3575.69,100
1521,09:34:26,$ 3575.62,100
1522,09:34:26,$ 3575.08,100
1523,09:34:26,$ 3575.03,134
1524,09:34:25,$ 3576.57,100
1525,09:34:25,$ 3576.57,100
1526,09:34:24,$ 3576.51,100
1527,09:34:24,$ 3577.99,100
1528,09:34:24,$ 3577.99,100
1529,09:34:23,$ 3578.895,100
1530,09:34:23,$ 3576.96,168
1531,09:34:23,$ 3576.96,100
1532,09:34:23,$ 3576.96,132
1534,09:34:21,$ 3576.745,200
1535,09:34:21,$ 3577.81,110
1536,09:34:20,$ 3575.5652,172
1537,09:34:19,$ 3574.8595,145
1538,09:34:19,$ 3574.8595,"1,968"
1539,09:34:19,$ 3576.755,100
1540,09:34:17,$ 3576.75,100
1541,09:34:17,$ 3578.855,100
1542,09:34:16,$ 3577.80,100
1543,09:34:16,$ 3576.75,100
1544,09:34:15,$ 3576.19,100
1545,09:34:15,$ 3578.60,100
1546,09:34:14,$ 3579.915,100
1547,09:34:13,$ 3575.80,100
1548,09:34:13,$ 3578.57,400
1549,09:34:13,$ 3579.99,100
1550,09:34:13,$ 3579.95,100
1551,09:34:13,$ 3579.16,100
1552,09:34:13,$ 3579.16,100
1553,09:34:13,$ 3579.16,100
1555,09:34:13,$ 3579.38,100
1556,09:34:13,$ 3577.98,100
1557,09:34:13,$ 3578.61,100
1558,09:34:13,$ 3578.52,100
1559,09:34:13,$ 3575.60,100
1560,09:34:13,$ 3575.81,100
1561,09:34:13,$ 3575.64,100
1562,09:34:13,$ 3575.60,100
1563,09:34:13,$ 3573.33,100
1564,09:34:12,$ 3574.5498,200
1565,09:34:12,$ 3573.6744,200
1566,09:34:12,$ 3573.88,200
1567,09:34:11,$ 3574.68,100
1568,09:34:08,$ 3575.01,100
1569,09:34:08,$ 3575.035,100
1570,09:34:08,$ 3575.08,300
1571,09:34:07,$ 3577.544,100
1572,09:34:06,$ 3576.20,100
1573,09:34:06,$ 3576.20,100
1574,09:34:06,$ 3575.99,100
1576,09:34:06,$ 3577.06,100
1577,09:34:04,$ 3577.74,100
1578,09:34:03,$ 3579.77,300
1579,09:34:02,$ 3578.655,100
1580,09:34:00,$ 3577.31,250
1581,09:34:00,$ 3579.00,200
1582,09:33:56,$ 3580.00,146
1583,09:33:56,$ 3577.0675,100
1584,09:33:54,$ 3577.99,116
1585,09:33:54,$ 3577.97,100
1586,09:33:54,$ 3575.55,100
1587,09:33:54,$ 3576.21,100
1588,09:33:50,$ 3578.1937,100
1589,09:33:50,$ 3577.9801,100
1590,09:33:50,$ 3577.73,121
1591,09:33:49,$ 3579.13,228
1592,09:33:49,$ 3579.13,284
1593,09:33:49,$ 3579.13,100
1594,09:33:49,$ 3579.12,104
1595,09:33:46,$ 3581.1484,400
1597,09:33:46,$ 3580.00,100
1598,09:33:44,$ 3582.75,100
1599,09:33:44,$ 3582.17,100
1600,09:33:44,$ 3583.05,100
1601,09:33:44,$ 3583.0465,100
1602,09:33:44,$ 3581.055,100
1603,09:33:43,$ 3581.00,100
1604,09:33:43,$ 3581.49,100
1605,09:33:43,$ 3580.905,100
1606,09:33:41,$ 3581.00,100
1607,09:33:41,$ 3579.00,100
1608,09:33:40,$ 3578.0615,250
1609,09:33:39,$ 3577.15,100
1610,09:33:39,$ 3577.15,255
1611,09:33:39,$ 3577.15,345
1612,09:33:39,$ 3577.36,600
1613,09:33:39,$ 3577.36,728
1614,09:33:39,$ 3579.00,100
1615,09:33:38,$ 3580.68,100
1616,09:33:38,$ 3580.91,100
1618,09:33:38,$ 3578.50,100
1619,09:33:38,$ 3579.4994,100
1620,09:33:37,$ 3580.00,207
1621,09:33:35,$ 3580.00,400
1622,09:33:34,$ 3578.4004,100
1623,09:33:33,$ 3579.40,100
1624,09:33:33,$ 3578.575,100
1625,09:33:32,$ 3578.7888,100
1626,09:33:32,$ 3579.67,100
1627,09:33:29,$ 3578.572,100
1628,09:33:28,$ 3577.435,100
1629,09:33:28,$ 3577.32,150
1630,09:33:28,$ 3577.32,100
1631,09:33:28,$ 3577.548,200
1632,09:33:28,$ 3577.37,100
1633,09:33:28,$ 3577.32,472
1634,09:33:28,$ 3577.32,124
1635,09:33:28,$ 3577.32,408
1636,09:33:26,$ 3580.00,100
1637,09:33:26,$ 3580.00,100
1639,09:33:25,$ 3578.32,175
1640,09:33:25,$ 3579.65,100
1641,09:33:24,$ 3579.91,100
1642,09:33:23,$ 3578.675,100
1643,09:33:23,$ 3580.00,100
1644,09:33:23,$ 3579.33,100
1645,09:33:23,$ 3579.84,100
1646,09:33:23,$ 3578.56,100
1647,09:33:23,$ 3577.90,100
1648,09:33:23,$ 3578.75,100
1649,09:33:23,$ 3576.85,100
1650,09:33:23,$ 3576.85,100
1651,09:33:23,$ 3576.85,100
1652,09:33:22,$ 3577.1828,500
1653,09:33:22,$ 3578.7499,100
1654,09:33:22,$ 3578.75,100
1655,09:33:22,$ 3578.567,100
1656,09:33:22,$ 3578.22,200
1657,09:33:22,$ 3578.22,100
1658,09:33:22,$ 3576.8119,100
1660,09:33:20,$ 3574.8925,100
1661,09:33:20,$ 3577.42,100
1662,09:33:20,$ 3575.89,100
1663,09:33:19,$ 3576.09,150
1664,09:33:18,$ 3575.99,164
1665,09:33:18,$ 3574.95,100
1666,09:33:18,$ 3578.58,100
1667,09:33:18,$ 3576.965,150
1668,09:33:18,$ 3576.19,100
1669,09:33:18,$ 3575.20,100
1670,09:33:17,$ 3577.78,100
1671,09:33:17,$ 3578.03,100
1672,09:33:17,$ 3578.44,100
1673,09:33:17,$ 3580.06,100
1674,09:33:17,$ 3590.70,100
1675,09:33:17,$ 3577.00,100
1676,09:33:17,$ 3584.59,100
1677,09:33:17,$ 3590.44,100
1678,09:33:17,$ 3575.00,100
1679,09:33:17,$ 3572.04,100
1681,09:33:17,$ 3571.935,100
1682,09:33:16,$ 3571.935,100
1683,09:33:14,$ 3570.8381,"1,000"
1684,09:33:13,$ 3571.6899,100
1685,09:33:11,$ 3571.111,280
1686,09:33:10,$ 3571.51,200
1687,09:33:09,$ 3571.07,100
1688,09:33:08,$ 3569.72,100
1689,09:33:08,$ 3571.22,292
1690,09:33:08,$ 3571.00,100
1691,09:33:08,$ 3571.22,100
1692,09:33:08,$ 3568.5423,500
1693,09:33:07,$ 3571.00,100
1694,09:33:06,$ 3570.9999,"1,000"
1695,09:33:04,$ 3568.95,108
1696,09:33:04,$ 3570.23,100
1697,09:33:04,$ 3570.23,100
1698,09:33:04,$ 3570.23,100
1699,09:33:03,$ 3568.085,150
1700,09:33:01,$ 3568.64,100
1702,09:33:01,$ 3566.56,100
1703,09:32:58,$ 3566.05,100
1704,09:32:57,$ 3567.675,100
1705,09:32:57,$ 3565.57,250
1706,09:32:56,$ 3565.68,100
1707,09:32:56,$ 3564.43,150
1708,09:32:55,$ 3564.81,100
1709,09:32:55,$ 3563.43,323
1710,09:32:55,$ 3564.86,100
1711,09:32:55,$ 3562.90,100
1712,09:32:55,$ 3564.85,100
1713,09:32:51,$ 3563.43,100
1714,09:32:50,$ 3564.00,100
1715,09:32:49,$ 3565.40,100
1716,09:32:48,$ 3565.30,196
1717,09:32:48,$ 3564.0001,200
1718,09:32:48,$ 3567.84,100
1719,09:32:46,$ 3567.20,100
1720,09:32:46,$ 3567.02,100
1721,09:32:46,$ 3566.53,100
1723,09:32:45,$ 3568.7299,100
1724,09:32:45,$ 3568.73,100
1725,09:32:44,$ 3567.5363,100
1726,09:32:44,$ 3568.04,100
1727,09:32:44,$ 3568.20,100
1728,09:32:44,$ 3568.20,100
1729,09:32:44,$ 3567.74,100
1730,09:32:43,$ 3568.925,300
1731,09:32:43,$ 3568.925,100
1732,09:32:42,$ 3568.77,133
1733,09:32:42,$ 3568.77,101
1734,09:32:42,$ 3570.00,100
1735,09:32:42,$ 3570.13,100
1736,09:32:42,$ 3570.13,100
1737,09:32:42,$ 3570.54,100
1738,09:32:42,$ 3570.73,100
1739,09:32:42,$ 3571.285,100
1740,09:32:38,$ 3571.25,100
1741,09:32:38,$ 3571.86,100
1742,09:32:38,$ 3572.68,100
1744,09:32:38,$ 3571.86,100
1745,09:32:38,$ 3572.4633,100
1746,09:32:37,$ 3574.03,"1,000"
1747,09:32:37,$ 3573.05,100
1748,09:32:36,$ 3573.1927,100
1749,09:32:36,$ 3573.1927,100
1750,09:32:35,$ 3573.68,100
1751,09:32:35,$ 3574.06,100
1752,09:32:34,$ 3575.00,442
1753,09:32:34,$ 3575.00,100
1754,09:32:34,$ 3575.00,100
1755,09:32:34,$ 3575.00,100
1756,09:32:34,$ 3578.0199,100
1757,09:32:34,$ 3575.00,100
1758,09:32:34,$ 3577.425,100
1759,09:32:32,$ 3575.01,141
1760,09:32:32,$ 3576.43,100
1761,09:32:32,$ 3577.00,100
1762,09:32:31,$ 3575.51,100
1763,09:32:31,$ 3578.03,100
1765,09:32:31,$ 3576.97,100
1766,09:32:31,$ 3576.99,100
1767,09:32:31,$ 3577.00,180
1768,09:32:31,$ 3576.86,100
1769,09:32:30,$ 3577.79,204
1770,09:32:30,$ 3577.01,100
1771,09:32:30,$ 3577.44,100
1772,09:32:30,$ 3577.37,100
1773,09:32:30,$ 3577.15,100
1774,09:32:30,$ 3577.10,199
1775,09:32:30,$ 3577.01,150
1776,09:32:30,$ 3576.82,100
1777,09:32:30,$ 3576.80,100
1778,09:32:30,$ 3576.61,100
1779,09:32:30,$ 3575.82,100
1780,09:32:30,$ 3575.01,100
1781,09:32:30,$ 3575.00,284
1782,09:32:29,$ 3577.00,260
1783,09:32:28,$ 3577.00,331
1784,09:32:28,$ 3577.53,100
1786,09:32:28,$ 3577.21,100
1787,09:32:28,$ 3577.20,100
1788,09:32:28,$ 3575.12,100
1789,09:32:28,$ 3575.05,100
1790,09:32:28,$ 3577.00,100
1791,09:32:28,$ 3577.00,812
1792,09:32:28,$ 3577.00,100
1793,09:32:28,$ 3575.80,100
1794,09:32:28,$ 3575.51,100
1795,09:32:28,$ 3575.05,100
1796,09:32:28,$ 3577.00,100
1797,09:32:27,$ 3577.00,100
1798,09:32:27,$ 3577.00,"1,122"
1799,09:32:26,$ 3577.00,100
1800,09:32:26,$ 3579.28,222
1801,09:32:25,$ 3577.40,100
1802,09:32:25,$ 3578.44,100
1803,09:32:24,$ 3577.94,100
1804,09:32:23,$ 3579.245,100
1805,09:32:22,$ 3579.45,223
1807,09:32:22,$ 3579.43,100
1808,09:32:21,$ 3579.9999,100
1809,09:32:21,$ 3579.97,100
1810,09:32:19,$ 3579.43,100
1811,09:32:18,$ 3578.67,100
1812,09:32:17,$ 3578.215,102
1813,09:32:17,$ 3577.745,100
1814,09:32:17,$ 3578.4999,200
1815,09:32:14,$ 3577.00,290
1816,09:32:13,$ 3577.00,121
1817,09:32:13,$ 3577.00,316
1818,09:32:13,$ 3577.00,100
1819,09:32:13,$ 3577.00,119
1820,09:32:13,$ 3577.16,100
1821,09:32:12,$ 3578.11,157
1822,09:32:12,$ 3578.11,295
1823,09:32:11,$ 3577.80,100
1824,09:32:11,$ 3577.66,100
1825,09:32:11,$ 3578.60,100
1826,09:32:11,$ 3578.77,100
1828,09:32:11,$ 3578.88,200
1829,09:32:10,$ 3577.1801,150
1830,09:32:10,$ 3578.216,199
1831,09:32:10,$ 3578.59,199
1832,09:32:09,$ 3577.3391,112
1833,09:32:09,$ 3577.76,112
1834,09:32:09,$ 3577.76,249
1835,09:32:09,$ 3576.00,100
1836,09:32:09,$ 3577.00,100
1837,09:32:09,$ 3576.00,200
1838,09:32:09,$ 3576.6237,100
1839,09:32:07,$ 3576.9999,100
1840,09:32:07,$ 3574.79,100
1841,09:32:07,$ 3576.18,274
1842,09:32:07,$ 3575.00,200
1843,09:32:07,$ 3575.00,100
1844,09:32:06,$ 3574.75,100
1845,09:32:06,$ 3574.75,111
1846,09:32:06,$ 3574.75,109
1847,09:32:05,$ 3573.56,100
1849,09:32:05,$ 3573.322,100
1850,09:32:03,$ 3573.80,100
1851,09:32:02,$ 3573.18,100
1852,09:32:02,$ 3574.32,100
1853,09:32:02,$ 3574.27,100
1854,09:32:02,$ 3573.75,100
1855,09:32:02,$ 3573.95,100
1856,09:32:02,$ 3572.63,100
1857,09:32:02,$ 3571.40,100
1858,09:32:02,$ 3570.42,100
1859,09:32:02,$ 3570.67,100
1860,09:32:01,$ 3569.9398,100
1861,09:32:00,$ 3569.55,100
1862,09:32:00,$ 3569.25,100
1863,09:31:59,$ 3570.115,100
1864,09:31:59,$ 3570.34,100
1865,09:31:59,$ 3570.34,130
1866,09:31:58,$ 3571.4299,100
1867,09:31:57,$ 3571.4058,250
1868,09:31:57,$ 3570.13,100
1870,09:31:57,$ 3570.13,200
1871,09:31:57,$ 3570.00,100
1872,09:31:57,$ 3568.205,100
1873,09:31:56,$ 3569.665,100
1874,09:31:56,$ 3569.77,100
1875,09:31:56,$ 3569.14,100
1876,09:31:56,$ 3569.13,100
1877,09:31:55,$ 3570.13,595
1878,09:31:55,$ 3569.17,100
1879,09:31:54,$ 3569.99,190
1880,09:31:54,$ 3569.6821,135
1881,09:31:54,$ 3570.12,100
1882,09:31:52,$ 3567.955,100
1883,09:31:52,$ 3569.52,100
1884,09:31:51,$ 3569.80,100
1885,09:31:51,$ 3569.83,100
1886,09:31:51,$ 3569.795,100
1887,09:31:51,$ 3567.60,233
1888,09:31:50,$ 3568.70,100
1889,09:31:50,$ 3568.71,100
1891,09:31:50,$ 3568.47,100
1892,09:31:50,$ 3567.95,103
1893,09:31:49,$ 3567.216,300
1894,09:31:49,$ 3569.40,186
1895,09:31:49,$ 3568.05,100
1896,09:31:49,$ 3568.40,100
1897,09:31:49,$ 3569.93,100
1898,09:31:49,$ 3570.68,100
1899,09:31:48,$ 3569.41,100
1900,09:31:48,$ 3569.67,100
1901,09:31:45,$ 3569.05,100
1902,09:31:45,$ 3569.63,100
1903,09:31:45,$ 3569.87,100
1904,09:31:45,$ 3569.99,100
1905,09:31:45,$ 3568.606,100
1906,09:31:45,$ 3568.606,300
1907,09:31:45,$ 3568.66,100
1908,09:31:44,$ 3567.04,200
1909,09:31:44,$ 3566.9234,200
1910,09:31:44,$ 3567.04,100
1912,09:31:44,$ 3566.9234,100
1913,09:31:44,$ 3567.04,100
1914,09:31:44,$ 3566.9806,100
1915,09:31:43,$ 3566.37,200
1916,09:31:42,$ 3566.00,100
1917,09:31:42,$ 3566.97,100
1918,09:31:42,$ 3567.00,100
1919,09:31:39,$ 3563.75,100
1920,09:31:39,$ 3563.39,100
1921,09:31:39,$ 3564.40,100
1922,09:31:39,$ 3566.21,100
1923,09:31:39,$ 3565.97,100
1924,09:31:39,$ 3565.97,100
1925,09:31:39,$ 3565.98,129
1926,09:31:39,$ 3565.98,100
1927,09:31:39,$ 3565.10,100
1928,09:31:39,$ 3565.75,100
1929,09:31:38,$ 3562.71,100
1930,09:31:38,$ 3563.31,100
1931,09:31:38,$ 3563.235,100
1933,09:31:37,$ 3563.21,"1,000"
1934,09:31:37,$ 3563.76,100
1935,09:31:37,$ 3563.68,200
1936,09:31:36,$ 3564.12,100
1937,09:31:36,$ 3563.2101,400
1938,09:31:35,$ 3565.43,100
1939,09:31:34,$ 3563.325,100
1940,09:31:33,$ 3562.765,100
1941,09:31:31,$ 3561.2285,100
1942,09:31:31,$ 3563.40,100
1943,09:31:31,$ 3562.69,100
1944,09:31:31,$ 3563.85,"1,000"
1945,09:31:29,$ 3564.20,100
1946,09:31:29,$ 3565.92,100
1947,09:31:29,$ 3565.98,100
1948,09:31:29,$ 3564.6048,123
1949,09:31:29,$ 3564.518,112
1950,09:31:27,$ 3564.10,100
1951,09:31:27,$ 3566.2094,100
1952,09:31:26,$ 3563.85,100
1954,09:31:26,$ 3563.89,100
1955,09:31:26,$ 3563.485,100
1956,09:31:26,$ 3564.72,100
1957,09:31:26,$ 3564.90,100
1958,09:31:26,$ 3565.00,100
1959,09:31:25,$ 3562.02,100
1960,09:31:24,$ 3561.30,100
1961,09:31:24,$ 3560.80,100
1962,09:31:22,$ 3560.295,100
1963,09:31:22,$ 3561.71,100
1964,09:31:22,$ 3561.71,187
1965,09:31:22,$ 3561.71,106
1966,09:31:22,$ 3561.71,100
1967,09:31:22,$ 3561.555,100
1968,09:31:22,$ 3560.75,100
1969,09:31:22,$ 3560.73,783
1970,09:31:22,$ 3560.749,100
1971,09:31:22,$ 3560.00,109
1972,09:31:22,$ 3560.00,100
1973,09:31:22,$ 3560.00,100
1975,09:31:22,$ 3559.98,100
1976,09:31:22,$ 3559.98,100
1977,09:31:22,$ 3560.00,468
1978,09:31:20,$ 3557.705,100
1979,09:31:20,$ 3559.439,100
1980,09:31:20,$ 3558.025,250
1981,09:31:19,$ 3558.69,100
1982,09:31:19,$ 3559.21,100
1983,09:31:19,$ 3557.305,100
1984,09:31:19,$ 3559.2035,100
1985,09:31:18,$ 3559.00,100
1986,09:31:18,$ 3558.57,200
1987,09:31:18,$ 3558.53,100
1988,09:31:18,$ 3558.80,100
1989,09:31:18,$ 3559.00,100
1990,09:31:18,$ 3557.73,100
1991,09:31:18,$ 3558.53,100
1992,09:31:18,$ 3558.979,200
1993,09:31:18,$ 3557.00,100
1994,09:31:18,$ 3557.00,499
1996,09:31:18,$ 3558.00,100
1997,09:31:18,$ 3557.01,150
1998,09:31:17,$ 3557.41,100
1999,09:31:17,$ 3558.00,110
2000,09:31:17,$ 3558.00,100
2001,09:31:17,$ 3557.67,100
2002,09:31:17,$ 3557.78,100
2003,09:31:16,$ 3556.51,100
2004,09:31:16,$ 3557.9965,200
2005,09:31:15,$ 3556.62,100
2006,09:31:15,$ 3556.61,100
2007,09:31:15,$ 3556.61,100
2008,09:31:15,$ 3556.62,100
2009,09:31:15,$ 3557.1433,100
2010,09:31:14,$ 3555.2201,100
2011,09:31:14,$ 3556.888,100
2012,09:31:13,$ 3555.53,100
2013,09:31:09,$ 3555.00,117
2014,09:31:09,$ 3555.00,100
2015,09:31:09,$ 3555.00,784
2017,09:31:09,$ 3554.989,100
2018,09:31:08,$ 3554.01,100
2019,09:31:08,$ 3554.00,100
2020,09:31:08,$ 3552.165,100
2021,09:31:06,$ 3551.79,100
2022,09:31:06,$ 3551.84,100
2023,09:31:06,$ 3552.20,100
2024,09:31:06,$ 3552.20,100
2025,09:31:06,$ 3552.20,100
2026,09:31:06,$ 3552.33,100
2027,09:31:06,$ 3551.765,100
2028,09:31:06,$ 3551.445,100
2029,09:31:06,$ 3552.0594,200
2030,09:31:06,$ 3551.66,100
2031,09:31:05,$ 3552.165,100
2032,09:31:05,$ 3551.765,100
2033,09:31:05,$ 3551.765,100
2034,09:31:05,$ 3553.00,250
2035,09:31:03,$ 3552.885,100
2036,09:31:03,$ 3551.105,100
2038,09:31:01,$ 3551.00,230
2039,09:31:01,$ 3550.98,255
2040,09:31:01,$ 3550.685,300
2041,09:31:01,$ 3551.00,100
2042,09:31:01,$ 3549.405,100
2043,09:31:00,$ 3549.632,100
2044,09:31:00,$ 3550.53,100
2045,09:31:00,$ 3550.185,100
2046,09:31:00,$ 3550.00,100
2047,09:31:00,$ 3550.00,"1,000"
2048,09:31:00,$ 3550.00,200
2049,09:31:00,$ 3550.00,100
2050,09:31:00,$ 3550.00,200
2051,09:31:00,$ 3550.00,100
2052,09:31:00,$ 3550.00,162
2053,09:31:00,$ 3550.00,100
2054,09:31:00,$ 3550.00,100
2055,09:31:00,$ 3550.00,100
2056,09:31:00,$ 3550.00,100
2057,09:31:00,$ 3550.00,605
2059,09:31:00,$ 3550.00,100
2060,09:31:00,$ 3550.00,100
2061,09:31:00,$ 3550.00,200
2062,09:31:00,$ 3550.00,100
2063,09:31:00,$ 3550.00,450
2064,09:31:00,$ 3550.00,100
2065,09:31:00,$ 3550.00,100
2066,09:31:00,$ 3550.00,150
2067,09:31:00,$ 3550.00,317
2068,09:31:00,$ 3550.00,100
2069,09:31:00,$ 3550.00,100
2070,09:30:59,$ 3548.975,100
2071,09:30:59,$ 3548.975,100
2072,09:30:58,$ 3549.95,100
2073,09:30:57,$ 3549.9999,100
2074,09:30:57,$ 3550.00,100
2075,09:30:57,$ 3548.77,250
2076,09:30:57,$ 3550.00,100
2077,09:30:57,$ 3549.665,100
2078,09:30:57,$ 3550.00,103
2080,09:30:57,$ 3550.00,210
2081,09:30:57,$ 3550.00,100
2082,09:30:57,$ 3550.00,100
2083,09:30:56,$ 3549.48,199
2084,09:30:56,$ 3549.48,100
2085,09:30:55,$ 3548.01,200
2086,09:30:55,$ 3548.40,100
2087,09:30:55,$ 3547.73,400
2088,09:30:55,$ 3548.9999,347
2089,09:30:55,$ 3548.9999,150
2090,09:30:55,$ 3549.00,100
2091,09:30:55,$ 3549.00,150
2092,09:30:55,$ 3549.00,347
2093,09:30:54,$ 3547.25,100
2094,09:30:54,$ 3546.1849,100
2095,09:30:54,$ 3548.00,329
2096,09:30:54,$ 3548.00,191
2097,09:30:54,$ 3547.94,100
2098,09:30:54,$ 3547.60,100
2099,09:30:52,$ 3547.975,100
2101,09:30:52,$ 3546.74,100
2102,09:30:52,$ 3546.50,143
2103,09:30:50,$ 3545.50,100
2104,09:30:49,$ 3544.0601,100
2105,09:30:49,$ 3545.50,104
2106,09:30:49,$ 3545.50,142
2107,09:30:48,$ 3544.85,100
2108,09:30:48,$ 3545.48,100
2109,09:30:48,$ 3544.77,200
2110,09:30:47,$ 3543.8825,100
2111,09:30:47,$ 3544.8367,300
2112,09:30:47,$ 3544.1125,100
2113,09:30:47,$ 3544.44,100
2114,09:30:47,$ 3544.71,100
2115,09:30:47,$ 3543.055,200
2116,09:30:46,$ 3544.945,100
2117,09:30:46,$ 3544.27,100
2118,09:30:46,$ 3543.80,100
2119,09:30:46,$ 3545.00,100
2120,09:30:46,$ 3545.00,210
2122,09:30:46,$ 3545.00,146
2123,09:30:46,$ 3545.00,190
2124,09:30:46,$ 3544.31,100
2125,09:30:46,$ 3545.00,100
2126,09:30:46,$ 3544.99,100
2127,09:30:46,$ 3544.22,100
2128,09:30:46,$ 3545.00,100
2129,09:30:46,$ 3545.00,100
2130,09:30:46,$ 3544.95,100
2131,09:30:46,$ 3545.00,100
2132,09:30:46,$ 3544.94,100
2133,09:30:46,$ 3544.88,100
2134,09:30:46,$ 3544.70,100
2135,09:30:46,$ 3543.49,100
2136,09:30:46,$ 3544.37,100
2137,09:30:46,$ 3545.00,100
2138,09:30:46,$ 3544.95,100
2139,09:30:46,$ 3543.42,100
2140,09:30:46,$ 3544.91,100
2141,09:30:46,$ 3543.14,100
2143,09:30:46,$ 3543.09,100
2144,09:30:43,$ 3543.275,100
2145,09:30:43,$ 3543.4865,100
2146,09:30:42,$ 3541.425,100
2147,09:30:42,$ 3541.63,100
2148,09:30:40,$ 3540.00,300
2149,09:30:40,$ 3540.00,100
2150,09:30:40,$ 3540.00,153
2151,09:30:40,$ 3540.00,116
2152,09:30:40,$ 3539.44,100
2153,09:30:39,$ 3539.00,121
2154,09:30:39,$ 3539.00,100
2155,09:30:39,$ 3539.00,900
2156,09:30:39,$ 3539.00,106
2157,09:30:39,$ 3539.00,100
2158,09:30:39,$ 3538.6033,121
2159,09:30:39,$ 3538.60,100
2160,09:30:39,$ 3538.36,100
2161,09:30:37,$ 3537.94,100
2162,09:30:37,$ 3537.97,100
2164,09:30:37,$ 3536.175,100
2165,09:30:37,$ 3536.24,100
2166,09:30:37,$ 3536.285,100
2167,09:30:36,$ 3537.075,100
2168,09:30:35,$ 3537.22,500
2169,09:30:34,$ 3537.22,100
2170,09:30:34,$ 3537.22,300
2171,09:30:34,$ 3537.22,247
2172,09:30:34,$ 3537.219,190
2173,09:30:33,$ 3537.00,100
2174,09:30:33,$ 3536.6025,100
2175,09:30:32,$ 3536.832,100
2176,09:30:32,$ 3537.00,100
2177,09:30:32,$ 3537.00,100
2178,09:30:32,$ 3536.72,100
2179,09:30:31,$ 3537.00,100
2180,09:30:31,$ 3535.83,100
2181,09:30:30,$ 3535.35,100
2182,09:30:30,$ 3535.35,100
2183,09:30:30,$ 3535.35,109
2185,09:30:30,$ 3535.35,100
2186,09:30:29,$ 3534.53,100
2187,09:30:28,$ 3535.00,100
2188,09:30:28,$ 3535.00,100
2189,09:30:26,$ 3534.8826,200
2190,09:30:25,$ 3533.00,100
2191,09:30:23,$ 3533.4418,100
2192,09:30:23,$ 3534.94,100
2193,09:30:23,$ 3532.795,100
2194,09:30:23,$ 3534.50,100
2195,09:30:23,$ 3534.93,100
2196,09:30:23,$ 3534.98,100
2197,09:30:23,$ 3535.00,250
2198,09:30:23,$ 3535.00,468
2199,09:30:23,$ 3535.00,200
2200,09:30:23,$ 3535.00,100
2201,09:30:23,$ 3535.00,100
2202,09:30:22,$ 3532.25,100
2203,09:30:22,$ 3532.60,100
2204,09:30:22,$ 3534.03,100
2206,09:30:22,$ 3533.70,100
2207,09:30:22,$ 3533.65,100
2208,09:30:22,$ 3533.00,100
2209,09:30:21,$ 3532.34,100
2210,09:30:21,$ 3532.00,100
2211,09:30:21,$ 3532.00,100
2212,09:30:21,$ 3532.00,100
2213,09:30:21,$ 3531.76,100
2214,09:30:21,$ 3531.005,300
2215,09:30:18,$ 3530.7651,100
2216,09:30:17,$ 3531.208,100
2217,09:30:17,$ 3531.505,100
2218,09:30:17,$ 3531.01,422
2219,09:30:17,$ 3531.44,100
2220,09:30:17,$ 3531.40,100
2221,09:30:17,$ 3531.06,100
2222,09:30:17,$ 3531.40,100
2223,09:30:17,$ 3531.15,100
2224,09:30:17,$ 3531.22,223
2225,09:30:17,$ 3531.22,222
2227,09:30:17,$ 3530.99,100
2228,09:30:17,$ 3530.99,100
2229,09:30:17,$ 3530.99,100
2230,09:30:17,$ 3530.9899,300
2231,09:30:15,$ 3530.20,190
2232,09:30:14,$ 3530.94,100
2233,09:30:14,$ 3530.40,100
2234,09:30:14,$ 3530.44,100
2235,09:30:14,$ 3530.40,100
2236,09:30:14,$ 3529.9525,100
2237,09:30:13,$ 3529.6937,112
2238,09:30:13,$ 3530.00,100
2239,09:30:13,$ 3529.905,100
2240,09:30:13,$ 3529.905,250
2241,09:30:12,$ 3529.76,100
2242,09:30:11,$ 3529.895,100
2243,09:30:09,$ 3529.01,100
2244,09:30:09,$ 3529.00,100
2245,09:30:07,$ 3530.8829,100
2246,09:30:06,$ 3530.7196,400
2248,09:30:06,$ 3530.2588,300
2249,09:30:05,$ 3530.14,200
2250,09:30:04,$ 3530.99,100
2251,09:30:04,$ 3530.40,100
2252,09:30:04,$ 3529.70,100
2253,09:30:04,$ 3529.32,300
2254,09:30:03,$ 3529.49,100
2255,09:30:03,$ 3529.35,100
2256,09:30:03,$ 3529.61,100
2257,09:30:03,$ 3529.5925,100
2258,09:30:03,$ 3530.16,100
2259,09:30:03,$ 3530.16,100
2260,09:30:03,$ 3530.22,100
2261,09:30:03,$ 3530.59,100
2262,09:30:03,$ 3531.00,150
2263,09:30:03,$ 3529.67,100
2264,09:30:03,$ 3529.92,100
2265,09:30:03,$ 3530.00,2
2266,09:30:03,$ 3530.00,1
2267,09:30:03,$ 3530.00,22
2269,09:30:03,$ 3530.00,3
2270,09:30:03,$ 3530.00,3
2271,09:30:03,$ 3530.00,25
2272,09:30:03,$ 3530.00,1
2273,09:30:03,$ 3530.00,2
2274,09:30:03,$ 3530.00,1
2275,09:30:03,$ 3530.00,2
2276,09:30:03,$ 3530.00,2
2277,09:30:03,$ 3530.00,1
2278,09:30:03,$ 3530.00,1
2279,09:30:03,$ 3530.00,4
2280,09:30:03,$ 3530.00,4
2281,09:30:03,$ 3530.00,1
2282,09:30:03,$ 3530.00,8
2283,09:30:03,$ 3530.00,2
2284,09:30:03,$ 3530.00,1
2285,09:30:03,$ 3530.00,1
2286,09:30:03,$ 3530.00,2
2287,09:30:03,$ 3530.00,1
2288,09:30:03,$ 3530.00,60
2290,09:30:03,$ 3530.00,2
2291,09:30:03,$ 3530.00,1
2292,09:30:03,$ 3530.00,1
2293,09:30:03,$ 3530.00,3
2294,09:30:03,$ 3530.00,2
2295,09:30:03,$ 3530.00,2
2296,09:30:03,$ 3530.00,3
2297,09:30:03,$ 3530.00,1
2298,09:30:03,$ 3530.00,1
2299,09:30:03,$ 3530.00,2
2300,09:30:03,$ 3530.00,2
2301,09:30:03,$ 3530.00,1
2302,09:30:03,$ 3530.00,1
2303,09:30:03,$ 3530.00,2
2304,09:30:03,$ 3530.00,5
2305,09:30:03,$ 3530.00,28
2306,09:30:03,$ 3530.00,11
2307,09:30:03,$ 3530.00,1
2308,09:30:03,$ 3530.00,1
2309,09:30:03,$ 3530.00,1
2311,09:30:03,$ 3530.00,3
2312,09:30:03,$ 3530.00,1
2313,09:30:03,$ 3530.00,6
2314,09:30:03,$ 3530.00,5
2315,09:30:03,$ 3530.00,3
2316,09:30:03,$ 3530.00,5
2317,09:30:03,$ 3530.00,4
2318,09:30:03,$ 3530.00,1
2319,09:30:03,$ 3530.00,10
2320,09:30:03,$ 3530.00,11
2321,09:30:03,$ 3530.00,10
2322,09:30:03,$ 3530.00,2
2323,09:30:03,$ 3530.00,4
2324,09:30:03,$ 3530.00,5
2325,09:30:03,$ 3530.00,2
2326,09:30:03,$ 3530.00,1
2327,09:30:03,$ 3530.00,1
2328,09:30:03,$ 3530.00,1
2329,09:30:03,$ 3530.00,5
2330,09:30:03,$ 3530.00,137
2332,09:30:03,$ 3530.00,3
2333,09:30:03,$ 3530.00,140
2334,09:30:03,$ 3530.00,150
2335,09:30:03,$ 3530.00,130
2336,09:30:03,$ 3530.00,300
2337,09:30:03,$ 3530.00,3
2338,09:30:03,$ 3530.00,3
2339,09:30:03,$ 3530.00,39
2340,09:30:03,$ 3530.00,35
2341,09:30:03,$ 3530.00,10
2342,09:30:03,$ 3530.00,1
2343,09:30:03,$ 3530.00,3
2344,09:30:03,$ 3530.00,1
2345,09:30:03,$ 3530.00,1
2346,09:30:03,$ 3530.00,1
2347,09:30:03,$ 3530.00,1
2348,09:30:03,$ 3530.00,5
2349,09:30:03,$ 3530.00,2
2350,09:30:03,$ 3530.00,1
2351,09:30:03,$ 3530.00,1
2353,09:30:03,$ 3530.00,247
2354,09:30:03,$ 3530.00,1
2355,09:30:03,$ 3530.00,5
2356,09:30:03,$ 3530.00,5
2357,09:30:03,$ 3530.00,8
2358,09:30:03,$ 3530.00,200
2359,09:30:03,$ 3530.00,4
2360,09:30:03,$ 3530.00,5
2361,09:30:03,$ 3530.00,1
2362,09:30:03,$ 3530.00,1
2363,09:30:03,$ 3530.00,8
2364,09:30:03,$ 3530.00,200
2365,09:30:03,$ 3530.00,1
2366,09:30:03,$ 3530.00,2
2367,09:30:03,$ 3530.00,1
2368,09:30:03,$ 3530.00,14
2369,09:30:03,$ 3530.00,1
2370,09:30:03,$ 3530.00,340
2371,09:30:03,$ 3530.00,2
2372,09:30:03,$ 3530.00,8
2374,09:30:03,$ 3530.00,140
2375,09:30:03,$ 3530.00,20
2376,09:30:03,$ 3530.00,150
2377,09:30:03,$ 3530.00,5
2378,09:30:03,$ 3530.00,1
2379,09:30:03,$ 3530.00,1
2380,09:30:03,$ 3530.00,100
2381,09:30:03,$ 3530.00,10
2382,09:30:03,$ 3530.00,1
2383,09:30:03,$ 3530.00,1
2384,09:30:03,$ 3530.00,6
2385,09:30:03,$ 3530.00,1
2386,09:30:03,$ 3530.00,1
2387,09:30:03,$ 3530.00,4
2388,09:30:03,$ 3530.00,1
2389,09:30:03,$ 3530.00,1
2390,09:30:03,$ 3530.00,3
2391,09:30:03,$ 3530.00,1
2392,09:30:03,$ 3530.00,1
2393,09:30:03,$ 3530.00,1
2395,09:30:03,$ 3530.00,2
2396,09:30:03,$ 3530.00,10
2397,09:30:03,$ 3530.00,1
2398,09:30:03,$ 3530.00,1
2399,09:30:03,$ 3530.00,1
2400,09:30:03,$ 3530.00,17
2401,09:30:03,$ 3530.00,1
2402,09:30:03,$ 3530.00,2
2403,09:30:03,$ 3530.00,3
2404,09:30:03,$ 3530.00,2
2405,09:30:03,$ 3530.00,17
2406,09:30:03,$ 3530.00,1
2407,09:30:03,$ 3530.00,1
2408,09:30:03,$ 3530.00,1
2409,09:30:03,$ 3530.00,2
2410,09:30:03,$ 3530.00,20
2411,09:30:03,$ 3530.00,2
2412,09:30:03,$ 3530.00,1
2413,09:30:03,$ 3530.00,1
2414,09:30:03,$ 3530.00,2
2416,09:30:03,$ 3530.00,3
2417,09:30:03,$ 3530.00,10
2418,09:30:03,$ 3530.00,1
2419,09:30:03,$ 3530.00,9
2420,09:30:03,$ 3530.00,2
2421,09:30:03,$ 3530.00,2
2422,09:30:03,$ 3530.00,1
2423,09:30:03,$ 3530.00,1
2424,09:30:03,$ 3530.00,20
2425,09:30:03,$ 3530.00,11
2426,09:30:03,$ 3530.00,1
2427,09:30:03,$ 3530.00,1
2428,09:30:03,$ 3530.00,1
2429,09:30:03,$ 3530.00,1
2430,09:30:03,$ 3530.00,1
2431,09:30:03,$ 3530.00,5
2432,09:30:03,$ 3530.00,1
2433,09:30:03,$ 3530.00,2
2434,09:30:03,$ 3530.00,2
2435,09:30:03,$ 3530.00,1
2437,09:30:03,$ 3530.00,1
2438,09:30:03,$ 3530.00,1
2439,09:30:03,$ 3530.00,1
2440,09:30:03,$ 3530.00,50
2441,09:30:03,$ 3530.00,8
2442,09:30:03,$ 3530.00,8
2443,09:30:03,$ 3530.00,1
2444,09:30:03,$ 3530.00,200
2445,09:30:03,$ 3530.00,1
2446,09:30:03,$ 3530.00,1
2447,09:30:03,$ 3530.00,2
2448,09:30:03,$ 3530.00,1
2449,09:30:03,$ 3530.00,1
2450,09:30:03,$ 3530.00,5
2451,09:30:03,$ 3530.00,10
2452,09:30:03,$ 3530.00,1
2453,09:30:03,$ 3530.00,71
2454,09:30:03,$ 3530.00,1
2455,09:30:03,$ 3530.00,2
2456,09:30:03,$ 3530.00,1
2458,09:30:03,$ 3530.00,14
2459,09:30:03,$ 3530.00,1
2460,09:30:03,$ 3530.00,1
2461,09:30:03,$ 3530.00,300
2462,09:30:03,$ 3530.00,1
2463,09:30:03,$ 3530.00,8
2464,09:30:03,$ 3530.00,1
2465,09:30:03,$ 3530.00,11
2466,09:30:03,$ 3530.00,3
2467,09:30:03,$ 3530.00,1
2468,09:30:03,$ 3530.00,1
2469,09:30:03,$ 3530.00,2
2470,09:30:03,$ 3530.00,2
2471,09:30:03,$ 3530.00,4
2472,09:30:03,$ 3530.00,5
2473,09:30:03,$ 3530.00,1
2474,09:30:03,$ 3530.00,5
2475,09:30:03,$ 3530.00,3
2476,09:30:03,$ 3530.00,2
2477,09:30:03,$ 3530.00,5
2479,09:30:03,$ 3530.00,5
2480,09:30:03,$ 3530.00,4
2481,09:30:03,$ 3530.00,9
2482,09:30:03,$ 3530.00,2
2483,09:30:03,$ 3530.00,3
2484,09:30:03,$ 3530.00,1
2485,09:30:03,$ 3530.00,4
2486,09:30:03,$ 3530.00,4
2487,09:30:03,$ 3530.00,2
2488,09:30:03,$ 3530.00,70
2489,09:30:03,$ 3530.00,3
2490,09:30:03,$ 3530.00,3
2491,09:30:03,$ 3530.00,1
2492,09:30:03,$ 3530.00,2
2493,09:30:03,$ 3530.00,2
2494,09:30:03,$ 3530.00,5
2495,09:30:03,$ 3530.00,2
2496,09:30:03,$ 3530.00,1
2497,09:30:03,$ 3530.00,1
2498,09:30:03,$ 3530.00,4
2500,09:30:03,$ 3530.00,3
2501,09:30:03,$ 3530.00,1
2502,09:30:03,$ 3530.00,2
2503,09:30:03,$ 3530.00,2
2504,09:30:03,$ 3530.00,1
2505,09:30:03,$ 3530.00,11
2506,09:30:03,$ 3530.00,1
2507,09:30:03,$ 3530.00,2
2508,09:30:03,$ 3530.00,2
2509,09:30:03,$ 3530.00,5
2510,09:30:03,$ 3530.00,15
2511,09:30:03,$ 3530.00,1
2512,09:30:03,$ 3530.00,1
2513,09:30:03,$ 3530.00,3
2514,09:30:03,$ 3530.00,2
2515,09:30:03,$ 3530.00,3
2516,09:30:03,$ 3530.00,1
2517,09:30:03,$ 3530.00,1
2518,09:30:03,$ 3530.00,5
2519,09:30:03,$ 3530.00,1
2521,09:30:03,$ 3530.00,2
2522,09:30:03,$ 3530.00,2
2523,09:30:03,$ 3530.00,1
2524,09:30:03,$ 3530.00,1
2525,09:30:03,$ 3530.00,2
2526,09:30:03,$ 3530.00,3
2527,09:30:03,$ 3530.00,2
2528,09:30:03,$ 3530.00,1
2529,09:30:03,$ 3530.00,1
2530,09:30:03,$ 3530.00,1
2531,09:30:03,$ 3530.00,1
2532,09:30:03,$ 3530.00,2
2533,09:30:03,$ 3530.00,5
2534,09:30:03,$ 3530.00,56
2535,09:30:03,$ 3530.00,1
2536,09:30:03,$ 3530.00,1
2537,09:30:03,$ 3530.00,50
2538,09:30:03,$ 3530.00,2
2539,09:30:03,$ 3530.00,1
2540,09:30:03,$ 3530.00,2
2542,09:30:03,$ 3530.00,3
2543,09:30:03,$ 3530.00,100
2544,09:30:03,$ 3530.00,6
2545,09:30:03,$ 3530.00,7
2546,09:30:03,$ 3530.00,2
2547,09:30:03,$ 3530.00,2
2548,09:30:03,$ 3530.00,5
2549,09:30:03,$ 3530.00,10
2550,09:30:03,$ 3530.00,2
2551,09:30:03,$ 3530.00,76
2552,09:30:03,$ 3530.00,2
2553,09:30:03,$ 3530.00,1
2554,09:30:03,$ 3530.00,30
2555,09:30:03,$ 3530.00,5
2556,09:30:03,$ 3530.00,5
2557,09:30:03,$ 3530.00,3
2558,09:30:03,$ 3530.00,2
2559,09:30:03,$ 3530.00,3
2560,09:30:03,$ 3530.00,1
2561,09:30:03,$ 3530.00,18
2563,09:30:03,$ 3530.00,10
2564,09:30:03,$ 3530.00,5
2565,09:30:03,$ 3530.00,3
2566,09:30:03,$ 3530.00,5
2567,09:30:03,$ 3530.00,2
2568,09:30:03,$ 3530.00,2
2569,09:30:03,$ 3530.00,3
2570,09:30:03,$ 3530.00,2
2571,09:30:03,$ 3530.00,1
2572,09:30:03,$ 3530.00,3
2573,09:30:03,$ 3530.00,1
2574,09:30:03,$ 3530.00,1
2575,09:30:03,$ 3530.00,1
2576,09:30:03,$ 3530.00,2
2577,09:30:03,$ 3530.00,25
2578,09:30:03,$ 3530.00,1
2579,09:30:03,$ 3530.00,1
2580,09:30:03,$ 3530.00,1
2581,09:30:03,$ 3530.00,30
2582,09:30:03,$ 3530.00,1
2584,09:30:03,$ 3530.00,5
2585,09:30:03,$ 3530.00,2
2586,09:30:03,$ 3530.00,2
2587,09:30:03,$ 3530.00,2
2588,09:30:03,$ 3530.00,1
2589,09:30:03,$ 3530.00,5
2590,09:30:03,$ 3530.00,2
2591,09:30:03,$ 3530.00,1
2592,09:30:03,$ 3530.00,35
2593,09:30:03,$ 3530.00,5
2594,09:30:03,$ 3530.00,1
2595,09:30:03,$ 3530.00,1
2596,09:30:03,$ 3530.00,1
2597,09:30:03,$ 3530.00,1
2598,09:30:03,$ 3530.00,2
2599,09:30:03,$ 3530.00,2
2600,09:30:03,$ 3530.00,3
2601,09:30:03,$ 3530.00,1
2602,09:30:03,$ 3530.00,7
2603,09:30:03,$ 3530.00,10
2605,09:30:03,$ 3530.00,4
2606,09:30:03,$ 3530.00,1
2607,09:30:03,$ 3530.00,1
2608,09:30:03,$ 3530.00,1
2609,09:30:03,$ 3530.00,5
2610,09:30:03,$ 3530.00,2
2611,09:30:03,$ 3530.00,1
2612,09:30:03,$ 3530.00,1
2613,09:30:03,$ 3530.00,1
2614,09:30:03,$ 3530.00,3
2615,09:30:03,$ 3530.00,1
2616,09:30:03,$ 3530.00,2
2617,09:30:03,$ 3530.00,1
2618,09:30:03,$ 3530.00,1
2619,09:30:03,$ 3530.00,1
2620,09:30:03,$ 3530.00,1
2621,09:30:03,$ 3530.00,1
2622,09:30:03,$ 3530.00,2
2623,09:30:03,$ 3530.00,1
2624,09:30:03,$ 3530.00,3
2626,09:30:03,$ 3530.00,1
2627,09:30:03,$ 3530.00,4
2628,09:30:03,$ 3530.00,1
2629,09:30:03,$ 3530.00,1
2630,09:30:03,$ 3530.00,1
2631,09:30:03,$ 3530.00,2
2632,09:30:03,$ 3530.00,4
2633,09:30:03,$ 3530.00,1
2634,09:30:03,$ 3530.00,1
2635,09:30:03,$ 3530.00,3
2636,09:30:03,$ 3530.00,40
2637,09:30:03,$ 3530.00,2
2638,09:30:03,$ 3530.00,3
2639,09:30:03,$ 3530.00,14
2640,09:30:03,$ 3530.00,14
2641,09:30:03,$ 3530.00,6
2642,09:30:03,$ 3530.00,1
2643,09:30:03,$ 3530.00,1
2644,09:30:03,$ 3530.00,2
2645,09:30:03,$ 3530.00,4
2647,09:30:03,$ 3530.00,30
2648,09:30:03,$ 3530.00,65
2649,09:30:03,$ 3530.00,27
2650,09:30:03,$ 3530.00,5
2651,09:30:03,$ 3530.00,2
2652,09:30:03,$ 3530.00,10
2653,09:30:03,$ 3530.00,10
2654,09:30:03,$ 3530.00,7
2655,09:30:03,$ 3530.00,7
2656,09:30:03,$ 3530.00,1
2657,09:30:03,$ 3530.00,12
2658,09:30:03,$ 3530.00,30
2659,09:30:03,$ 3530.00,14
2660,09:30:03,$ 3530.00,26
2661,09:30:03,$ 3530.00,16
2662,09:30:03,$ 3530.00,1
2663,09:30:03,$ 3530.00,1
2664,09:30:03,$ 3530.00,1
2665,09:30:03,$ 3530.00,1
2666,09:30:03,$ 3530.00,3
2668,09:30:03,$ 3530.00,2
2669,09:30:03,$ 3530.00,2
2670,09:30:03,$ 3530.00,2
2671,09:30:03,$ 3530.00,1
2672,09:30:03,$ 3530.00,10
2673,09:30:03,$ 3530.00,2
2674,09:30:03,$ 3530.00,1
2675,09:30:03,$ 3530.00,4
2676,09:30:03,$ 3530.00,31
2677,09:30:03,$ 3530.00,20
2678,09:30:03,$ 3530.00,15
2679,09:30:03,$ 3530.00,3
2680,09:30:03,$ 3530.00,5
2681,09:30:03,$ 3530.00,6
2682,09:30:03,$ 3530.00,2
2683,09:30:03,$ 3530.00,1
2684,09:30:03,$ 3530.00,2
2685,09:30:03,$ 3530.00,1
2686,09:30:03,$ 3530.00,1
2687,09:30:03,$ 3530.00,10
2689,09:30:03,$ 3530.00,2
2690,09:30:03,$ 3530.00,1
2691,09:30:03,$ 3530.00,1
2692,09:30:03,$ 3530.00,20
2693,09:30:03,$ 3530.00,1
2694,09:30:03,$ 3530.00,1
2695,09:30:03,$ 3530.00,1
2696,09:30:03,$ 3530.00,1
2697,09:30:03,$ 3530.00,1
2698,09:30:03,$ 3530.00,3
2699,09:30:03,$ 3530.00,6
2700,09:30:03,$ 3530.00,3
2701,09:30:03,$ 3530.00,7
2702,09:30:03,$ 3530.00,1
2703,09:30:03,$ 3530.00,1
2704,09:30:03,$ 3530.00,2
2705,09:30:03,$ 3530.00,2
2706,09:30:03,$ 3530.00,3
2707,09:30:03,$ 3530.00,2
2708,09:30:03,$ 3530.00,3
2710,09:30:03,$ 3530.00,10
2711,09:30:03,$ 3530.00,10
2712,09:30:03,$ 3530.00,9
2713,09:30:03,$ 3530.00,4
2714,09:30:03,$ 3530.00,7
2715,09:30:03,$ 3530.00,2
2716,09:30:03,$ 3530.00,1
2717,09:30:03,$ 3530.00,1
2718,09:30:03,$ 3530.00,1
2719,09:30:03,$ 3530.00,1
2720,09:30:03,$ 3530.00,3
2721,09:30:03,$ 3530.00,1
2722,09:30:03,$ 3530.00,2
2723,09:30:03,$ 3530.00,7
2724,09:30:03,$ 3530.00,1
2725,09:30:03,$ 3530.00,1
2726,09:30:03,$ 3530.00,3
2727,09:30:03,$ 3530.00,27
2728,09:30:03,$ 3530.00,2
2729,09:30:03,$ 3530.00,1
2731,09:30:03,$ 3530.00,1
2732,09:30:03,$ 3530.00,2
2733,09:30:03,$ 3530.00,5
2734,09:30:03,$ 3530.00,3
2735,09:30:03,$ 3530.00,1
2736,09:30:03,$ 3530.00,2
2737,09:30:03,$ 3530.00,5
2738,09:30:03,$ 3530.00,2
2739,09:30:03,$ 3530.00,1
2740,09:30:03,$ 3530.00,1
2741,09:30:03,$ 3530.00,2
2742,09:30:03,$ 3530.00,6
2743,09:30:03,$ 3530.00,1
2744,09:30:03,$ 3530.00,6
2745,09:30:03,$ 3530.00,1
2746,09:30:03,$ 3530.00,10
2747,09:30:03,$ 3530.00,1
2748,09:30:03,$ 3530.00,5
2749,09:30:03,$ 3530.00,1
2750,09:30:03,$ 3530.00,1
2752,09:30:03,$ 3530.00,2
2753,09:30:03,$ 3530.00,2
2754,09:30:03,$ 3530.00,1
2755,09:30:03,$ 3530.00,1
2756,09:30:03,$ 3530.00,1
2757,09:30:03,$ 3530.00,1
2758,09:30:03,$ 3530.00,1
2759,09:30:03,$ 3530.00,1
2760,09:30:03,$ 3530.00,1
2761,09:30:03,$ 3530.00,1
2762,09:30:03,$ 3530.00,1
2763,09:30:03,$ 3530.00,50
2764,09:30:03,$ 3530.00,1
2765,09:30:03,$ 3530.00,1
2766,09:30:03,$ 3530.00,1
2767,09:30:03,$ 3530.00,2
2768,09:30:03,$ 3530.00,3
2769,09:30:03,$ 3530.00,3
2770,09:30:03,$ 3530.00,14
2771,09:30:03,$ 3530.00,1
2773,09:30:03,$ 3530.00,1
2774,09:30:03,$ 3530.00,2
2775,09:30:03,$ 3530.00,1
2776,09:30:03,$ 3530.00,1
2777,09:30:03,$ 3530.00,100
2778,09:30:03,$ 3530.00,1
2779,09:30:03,$ 3530.00,1
2780,09:30:03,$ 3530.00,1
2781,09:30:03,$ 3530.00,1
2782,09:30:03,$ 3530.00,1
2783,09:30:03,$ 3530.00,1
2784,09:30:03,$ 3530.00,1
2785,09:30:03,$ 3530.00,50
2786,09:30:03,$ 3530.00,4
2787,09:30:03,$ 3530.00,1
2788,09:30:03,$ 3530.00,1
2789,09:30:03,$ 3530.00,1
2790,09:30:03,$ 3530.00,1
2791,09:30:03,$ 3530.00,1
2792,09:30:03,$ 3530.00,1
2794,09:30:03,$ 3530.00,1
2795,09:30:03,$ 3530.00,1
2796,09:30:03,$ 3530.00,2
2797,09:30:03,$ 3530.00,1
2798,09:30:03,$ 3530.00,1
2799,09:30:03,$ 3530.00,1
2800,09:30:03,$ 3530.00,2
2801,09:30:03,$ 3530.00,3
2802,09:30:03,$ 3530.00,1
2803,09:30:03,$ 3530.00,1
2804,09:30:03,$ 3530.00,6
2805,09:30:03,$ 3530.00,5
2806,09:30:03,$ 3530.00,1
2807,09:30:03,$ 3530.00,1
2808,09:30:03,$ 3530.00,12
2809,09:30:03,$ 3530.00,24
2810,09:30:03,$ 3530.00,2
2811,09:30:03,$ 3530.00,1
2812,09:30:03,$ 3530.00,1
2813,09:30:03,$ 3530.00,1
2815,09:30:03,$ 3530.00,1
2816,09:30:03,$ 3530.00,1
2817,09:30:03,$ 3530.00,1
2818,09:30:03,$ 3530.00,3
2819,09:30:03,$ 3530.00,5
2820,09:30:03,$ 3530.00,1
2821,09:30:03,$ 3530.00,1
2822,09:30:03,$ 3530.00,10
2823,09:30:03,$ 3530.00,5
2824,09:30:03,$ 3530.00,1
2825,09:30:03,$ 3530.00,2
2826,09:30:03,$ 3530.00,1
2827,09:30:03,$ 3530.00,3
2828,09:30:03,$ 3530.00,2
2829,09:30:03,$ 3530.00,3
2830,09:30:03,$ 3530.00,3
2831,09:30:03,$ 3530.00,1
2832,09:30:03,$ 3530.00,6
2833,09:30:03,$ 3530.00,1
2834,09:30:03,$ 3530.00,1
2836,09:30:03,$ 3530.00,47
2837,09:30:03,$ 3530.00,5
2838,09:30:03,$ 3530.00,1
2839,09:30:03,$ 3530.00,1
2840,09:30:03,$ 3530.00,1
2841,09:30:03,$ 3530.00,1
2842,09:30:03,$ 3530.00,1
2843,09:30:03,$ 3530.00,10
2844,09:30:03,$ 3530.00,1
2845,09:30:03,$ 3530.00,1
2846,09:30:03,$ 3530.00,1
2847,09:30:03,$ 3530.00,1
2848,09:30:03,$ 3530.00,20
2849,09:30:03,$ 3530.00,1
2850,09:30:03,$ 3530.00,3
2851,09:30:03,$ 3530.00,2
2852,09:30:03,$ 3530.00,1
2853,09:30:03,$ 3530.00,15
2854,09:30:03,$ 3530.00,1
2855,09:30:03,$ 3530.00,1
2857,09:30:03,$ 3530.00,1
2858,09:30:03,$ 3530.00,1
2859,09:30:03,$ 3530.00,2
2860,09:30:03,$ 3530.00,1
2861,09:30:03,$ 3530.00,1
2862,09:30:03,$ 3530.00,1
2863,09:30:03,$ 3530.00,1
2864,09:30:03,$ 3530.00,1
2865,09:30:03,$ 3530.00,5
2866,09:30:03,$ 3530.00,26
2867,09:30:03,$ 3530.00,1
2868,09:30:03,$ 3530.00,1
2869,09:30:03,$ 3530.00,2
2870,09:30:03,$ 3530.00,1
2871,09:30:03,$ 3530.00,2
2872,09:30:03,$ 3530.00,6
2873,09:30:03,$ 3530.00,17
2874,09:30:03,$ 3530.00,1
2875,09:30:03,$ 3530.00,2
2876,09:30:03,$ 3530.00,8
2878,09:30:03,$ 3530.00,1
2879,09:30:03,$ 3530.00,1
2880,09:30:03,$ 3530.00,1
2881,09:30:03,$ 3530.00,3
2882,09:30:03,$ 3530.00,6
2883,09:30:03,$ 3530.00,1
2884,09:30:03,$ 3530.00,15
2885,09:30:03,$ 3530.00,1
2886,09:30:03,$ 3530.00,3
2887,09:30:03,$ 3530.00,1
2888,09:30:03,$ 3530.00,23
2889,09:30:03,$ 3530.00,11
2890,09:30:03,$ 3530.00,19
2891,09:30:03,$ 3530.00,1
2892,09:30:03,$ 3530.00,1
2893,09:30:03,$ 3530.00,10
2894,09:30:03,$ 3530.00,1
2895,09:30:03,$ 3530.00,34
2896,09:30:03,$ 3530.00,5
2897,09:30:03,$ 3530.00,1
2899,09:30:03,$ 3530.00,1
2900,09:30:03,$ 3530.00,2
2901,09:30:03,$ 3530.00,1
2902,09:30:03,$ 3530.00,2
2903,09:30:03,$ 3530.00,1
2904,09:30:03,$ 3530.00,500
2905,09:30:03,$ 3530.00,1
2906,09:30:03,$ 3530.00,1
2907,09:30:03,$ 3530.00,108
2908,09:30:03,$ 3530.00,10
2909,09:30:03,$ 3530.00,900
2910,09:30:03,$ 3530.00,1
2911,09:30:03,$ 3530.00,1
2912,09:30:03,$ 3530.00,2
2913,09:30:03,$ 3530.00,100
2914,09:30:03,$ 3530.00,9
2915,09:30:03,$ 3530.00,2
2916,09:30:03,$ 3530.00,28
2917,09:30:03,$ 3530.00,1
2918,09:30:03,$ 3530.00,1
2920,09:30:03,$ 3530.00,5
2921,09:30:03,$ 3530.00,1
2922,09:30:03,$ 3530.00,1
2923,09:30:03,$ 3530.00,1
2924,09:30:03,$ 3530.00,1
2925,09:30:03,$ 3530.00,1
2926,09:30:03,$ 3530.00,2
2927,09:30:03,$ 3530.00,1
2928,09:30:03,$ 3530.00,1
2929,09:30:03,$ 3530.00,1
2930,09:30:03,$ 3530.00,11
2931,09:30:03,$ 3530.00,2
2932,09:30:03,$ 3530.00,3
2933,09:30:03,$ 3530.00,5
2934,09:30:03,$ 3530.00,3
2935,09:30:03,$ 3530.00,2
2936,09:30:03,$ 3530.00,1
2937,09:30:03,$ 3530.00,1
2938,09:30:03,$ 3530.00,5
2939,09:30:03,$ 3530.00,1
2941,09:30:03,$ 3530.00,4
2942,09:30:03,$ 3530.00,13
2943,09:30:03,$ 3530.00,3
2944,09:30:03,$ 3530.00,2
2945,09:30:03,$ 3530.00,3
2946,09:30:03,$ 3530.00,2
2947,09:30:03,$ 3530.00,2
2948,09:30:03,$ 3530.00,23
2949,09:30:03,$ 3530.00,1
2950,09:30:03,$ 3530.00,1
2951,09:30:03,$ 3530.00,28
2952,09:30:03,$ 3530.00,50
2953,09:30:03,$ 3530.00,1
2954,09:30:03,$ 3530.00,1
2955,09:30:03,$ 3530.00,2
2956,09:30:03,$ 3530.00,3
2957,09:30:03,$ 3530.00,11
2958,09:30:03,$ 3530.00,4
2959,09:30:03,$ 3530.00,3
2960,09:30:03,$ 3530.00,10
2962,09:30:03,$ 3530.00,1
2963,09:30:03,$ 3530.00,9
2964,09:30:03,$ 3530.00,15
2965,09:30:03,$ 3530.00,1
2966,09:30:03,$ 3530.00,3
2967,09:30:03,$ 3530.00,1
2968,09:30:03,$ 3530.00,3
2969,09:30:03,$ 3530.00,3
2970,09:30:03,$ 3530.00,15
2971,09:30:03,$ 3530.00,1
2972,09:30:03,$ 3530.00,1
2973,09:30:03,$ 3530.00,1
2974,09:30:03,$ 3530.00,5
2975,09:30:03,$ 3530.00,1
2976,09:30:03,$ 3530.00,3
2977,09:30:03,$ 3530.00,3
2978,09:30:03,$ 3530.00,6
2979,09:30:03,$ 3530.00,12
2980,09:30:03,$ 3530.00,7
2981,09:30:03,$ 3530.00,1
2983,09:30:03,$ 3530.00,4
2984,09:30:03,$ 3530.00,1
2985,09:30:03,$ 3530.00,2
2986,09:30:03,$ 3530.00,19
2987,09:30:03,$ 3530.00,1
2988,09:30:03,$ 3530.00,10
2989,09:30:03,$ 3530.00,1
2990,09:30:03,$ 3530.00,1
2991,09:30:03,$ 3530.00,1
2992,09:30:03,$ 3530.00,4
2993,09:30:03,$ 3530.00,2
2994,09:30:03,$ 3530.00,1
2995,09:30:03,$ 3530.00,6
2996,09:30:03,$ 3530.00,14
2997,09:30:03,$ 3530.00,3
2998,09:30:03,$ 3530.00,8
2999,09:30:03,$ 3530.00,4
3000,09:30:03,$ 3530.00,4
3001,09:30:03,$ 3530.00,8
3002,09:30:03,$ 3530.00,8
3004,09:30:03,$ 3530.00,8
3005,09:30:03,$ 3530.00,4
3006,09:30:03,$ 3530.00,4
3007,09:30:03,$ 3530.00,4
3008,09:30:03,$ 3530.00,25
3009,09:30:03,$ 3530.00,25
3010,09:30:03,$ 3530.00,1
3011,09:30:03,$ 3530.00,50
3012,09:30:03,$ 3530.00,2
3013,09:30:03,$ 3530.00,3
3014,09:30:03,$ 3530.00,31
3015,09:30:03,$ 3530.00,25
3016,09:30:03,$ 3530.00,12
3017,09:30:03,$ 3530.00,6
3018,09:30:03,$ 3530.00,22
3019,09:30:03,$ 3530.00,10
3020,09:30:03,$ 3530.00,1
3021,09:30:03,$ 3530.00,15
3022,09:30:03,$ 3530.00,3
3023,09:30:03,$ 3530.00,20
3025,09:30:03,$ 3530.00,6
3026,09:30:03,$ 3530.00,3
3027,09:30:03,$ 3530.00,58
3028,09:30:03,$ 3530.00,1
3029,09:30:03,$ 3530.00,3
3030,09:30:03,$ 3530.00,11
3031,09:30:03,$ 3530.00,16
3032,09:30:03,$ 3530.00,6
3033,09:30:03,$ 3530.00,16
3034,09:30:03,$ 3530.00,19
3035,09:30:03,$ 3530.00,8
3036,09:30:03,$ 3530.00,15
3037,09:30:03,$ 3530.00,2
3038,09:30:03,$ 3530.00,7
3039,09:30:03,$ 3530.00,1
3040,09:30:03,$ 3530.00,12
3041,09:30:03,$ 3530.00,7
3042,09:30:03,$ 3530.00,1
3043,09:30:03,$ 3530.00,4
3044,09:30:03,$ 3530.00,2
3046,09:30:03,$ 3530.00,3
3047,09:30:03,$ 3530.00,5
3048,09:30:03,$ 3530.00,7
3049,09:30:03,$ 3530.00,2
3050,09:30:03,$ 3530.00,1
3051,09:30:03,$ 3530.00,1
3052,09:30:03,$ 3530.00,2
3053,09:30:03,$ 3530.00,1
3054,09:30:03,$ 3530.00,3
3055,09:30:03,$ 3530.00,60
3056,09:30:03,$ 3530.00,5
3057,09:30:03,$ 3530.00,7
3058,09:30:03,$ 3530.00,4
3059,09:30:03,$ 3530.00,7
3060,09:30:03,$ 3530.00,11
3061,09:30:03,$ 3530.00,2
3062,09:30:03,$ 3530.00,16
3063,09:30:03,$ 3530.00,3
3064,09:30:03,$ 3530.00,14
3065,09:30:03,$ 3530.00,10
3067,09:30:03,$ 3530.00,14
3068,09:30:03,$ 3530.00,285
3069,09:30:03,$ 3530.00,5
3070,09:30:03,$ 3530.00,6
3071,09:30:03,$ 3530.00,67
3072,09:30:03,$ 3530.00,2
3073,09:30:03,$ 3530.00,28
3074,09:30:03,$ 3530.00,8
3075,09:30:03,$ 3530.00,15
3076,09:30:03,$ 3530.00,2
3077,09:30:03,$ 3530.00,10
3078,09:30:03,$ 3530.00,7
3079,09:30:03,$ 3530.00,2
3080,09:30:03,$ 3530.00,17
3081,09:30:03,$ 3530.00,1
3082,09:30:03,$ 3530.00,30
3083,09:30:03,$ 3530.00,5
3084,09:30:03,$ 3530.00,5
3085,09:30:03,$ 3530.00,1
3086,09:30:03,$ 3530.00,100
3088,09:30:03,$ 3530.00,20
3089,09:30:03,$ 3530.00,10
3090,09:30:03,$ 3530.00,15
3091,09:30:03,$ 3530.00,8
3092,09:30:03,$ 3530.00,28
3093,09:30:03,$ 3530.00,9
3094,09:30:03,$ 3530.00,25
3095,09:30:03,$ 3530.00,20
3096,09:30:03,$ 3530.00,13
3097,09:30:03,$ 3530.00,3
3098,09:30:03,$ 3530.00,2
3099,09:30:03,$ 3530.00,11
3100,09:30:03,$ 3530.00,11
3101,09:30:03,$ 3530.00,11
3102,09:30:03,$ 3530.00,20
3103,09:30:03,$ 3530.00,5
3104,09:30:03,$ 3530.00,5
3105,09:30:03,$ 3530.00,8
3106,09:30:03,$ 3530.00,4
3107,09:30:03,$ 3530.00,2
3109,09:30:03,$ 3530.00,7
3110,09:30:03,$ 3530.00,25
3111,09:30:03,$ 3530.00,25
3112,09:30:03,$ 3530.00,10
3113,09:30:03,$ 3530.00,80
3114,09:30:03,$ 3530.00,100
3115,09:30:03,$ 3530.00,1
3116,09:30:03,$ 3530.00,1
3117,09:30:03,$ 3530.00,8
3118,09:30:03,$ 3530.00,3
3119,09:30:03,$ 3530.00,114
3120,09:30:03,$ 3530.00,10
3121,09:30:03,$ 3530.00,1
3122,09:30:03,$ 3530.00,1
3123,09:30:03,$ 3530.00,25
3124,09:30:03,$ 3530.00,2
3125,09:30:03,$ 3530.00,130
3126,09:30:03,$ 3530.00,5
3127,09:30:03,$ 3530.00,3
3128,09:30:03,$ 3530.00,22
3130,09:30:03,$ 3530.00,10
3131,09:30:03,$ 3530.00,46
3132,09:30:03,$ 3530.00,1
3133,09:30:03,$ 3530.00,10
3134,09:30:03,$ 3530.00,2
3135,09:30:03,$ 3530.00,1
3136,09:30:03,$ 3530.00,8
3137,09:30:03,$ 3530.00,1
3138,09:30:03,$ 3530.00,1
3139,09:30:03,$ 3530.00,1
3140,09:30:03,$ 3530.00,15
3141,09:30:03,$ 3530.00,1
3142,09:30:03,$ 3530.00,3
3143,09:30:03,$ 3530.00,2
3144,09:30:03,$ 3530.00,1
3145,09:30:03,$ 3530.00,10
3146,09:30:03,$ 3530.00,7
3147,09:30:03,$ 3530.00,4
3148,09:30:03,$ 3530.00,2
3149,09:30:03,$ 3530.00,2
3151,09:30:03,$ 3530.00,1
3152,09:30:03,$ 3530.00,1
3153,09:30:03,$ 3530.00,1
3154,09:30:03,$ 3530.00,1
3155,09:30:03,$ 3530.00,1
3156,09:30:03,$ 3530.00,3
3157,09:30:03,$ 3530.00,1
3158,09:30:03,$ 3530.00,3
3159,09:30:03,$ 3530.00,2
3160,09:30:03,$ 3530.00,2
3161,09:30:03,$ 3530.00,10
3162,09:30:03,$ 3530.00,1
3163,09:30:03,$ 3530.00,5
3164,09:30:03,$ 3530.00,5
3165,09:30:03,$ 3530.00,2
3166,09:30:03,$ 3530.00,4
3167,09:30:03,$ 3530.00,1
3168,09:30:03,$ 3530.00,2
3169,09:30:03,$ 3530.00,2
3170,09:30:03,$ 3530.00,4
3172,09:30:03,$ 3530.00,2
3173,09:30:03,$ 3530.00,3
3174,09:30:03,$ 3530.00,2
3175,09:30:03,$ 3530.00,2
3176,09:30:03,$ 3530.00,1
3177,09:30:03,$ 3530.00,28
3178,09:30:03,$ 3530.00,6
3179,09:30:03,$ 3530.00,11
3180,09:30:03,$ 3530.00,1
3181,09:30:03,$ 3530.00,1
3182,09:30:03,$ 3530.00,1
3183,09:30:03,$ 3530.00,1
3184,09:30:03,$ 3530.00,2
3185,09:30:03,$ 3530.00,4
3186,09:30:03,$ 3530.00,2
3187,09:30:03,$ 3530.00,1
3188,09:30:03,$ 3530.00,3
3189,09:30:03,$ 3530.00,170
3190,09:30:03,$ 3530.00,1
3191,09:30:03,$ 3530.00,2
3193,09:30:03,$ 3530.00,2
3194,09:30:03,$ 3530.00,1
3195,09:30:03,$ 3530.00,10
3196,09:30:03,$ 3530.00,2
3197,09:30:03,$ 3530.00,1
3198,09:30:03,$ 3530.00,2
3199,09:30:03,$ 3530.00,1
3200,09:30:03,$ 3530.00,1
3201,09:30:03,$ 3530.00,5
3202,09:30:03,$ 3530.00,1
3203,09:30:03,$ 3530.00,1
3204,09:30:03,$ 3530.00,1
3205,09:30:03,$ 3530.00,1
3206,09:30:03,$ 3530.00,1
3207,09:30:03,$ 3530.00,2
3208,09:30:03,$ 3530.00,1
3209,09:30:03,$ 3530.00,1
3210,09:30:03,$ 3530.00,1
3211,09:30:03,$ 3530.00,8
3212,09:30:03,$ 3530.00,1
3214,09:30:03,$ 3530.00,2
3215,09:30:03,$ 3530.00,20
3216,09:30:03,$ 3530.00,1
3217,09:30:03,$ 3530.00,1
3218,09:30:03,$ 3530.00,1
3219,09:30:03,$ 3530.00,1
3220,09:30:03,$ 3530.00,6
3221,09:30:03,$ 3530.00,7
3222,09:30:03,$ 3530.00,1
3223,09:30:03,$ 3530.00,1
3224,09:30:03,$ 3530.00,3
3225,09:30:03,$ 3530.00,1
3226,09:30:03,$ 3530.00,1
3227,09:30:03,$ 3530.00,1
3228,09:30:03,$ 3530.00,2
3229,09:30:03,$ 3530.00,1
3230,09:30:03,$ 3530.00,1
3231,09:30:03,$ 3530.00,1
3232,09:30:03,$ 3530.00,3
3233,09:30:03,$ 3530.00,1
3235,09:30:03,$ 3530.00,3
3236,09:30:03,$ 3530.00,1
3237,09:30:03,$ 3530.00,3
3238,09:30:03,$ 3530.00,3
3239,09:30:03,$ 3530.00,2
3240,09:30:03,$ 3530.00,1
3241,09:30:03,$ 3530.00,1
3242,09:30:03,$ 3530.00,80
3243,09:30:03,$ 3530.00,1
3244,09:30:03,$ 3530.00,10
3245,09:30:03,$ 3530.00,21
3246,09:30:03,$ 3530.00,56
3247,09:30:03,$ 3530.00,1
3248,09:30:03,$ 3530.00,7
3249,09:30:03,$ 3530.00,3
3250,09:30:03,$ 3530.00,3
3251,09:30:03,$ 3530.00,1
3252,09:30:03,$ 3530.00,24
3253,09:30:03,$ 3530.00,5
3254,09:30:03,$ 3530.00,2
3256,09:30:03,$ 3530.00,30
3257,09:30:03,$ 3530.00,2
3258,09:30:03,$ 3530.00,17
3259,09:30:03,$ 3530.00,11
3260,09:30:03,$ 3530.00,2
3261,09:30:03,$ 3530.00,4
3262,09:30:03,$ 3530.00,1
3263,09:30:03,$ 3530.00,2
3264,09:30:03,$ 3530.00,1
3265,09:30:03,$ 3530.00,3
3266,09:30:03,$ 3530.00,1
3267,09:30:03,$ 3530.00,50
3268,09:30:03,$ 3530.00,38
3269,09:30:03,$ 3530.00,32
3270,09:30:03,$ 3530.00,1
3271,09:30:03,$ 3530.00,1
3272,09:30:03,$ 3530.00,8
3273,09:30:03,$ 3530.00,2
3274,09:30:03,$ 3530.00,3
3275,09:30:03,$ 3530.00,6
3277,09:30:03,$ 3530.00,1
3278,09:30:03,$ 3530.00,2
3279,09:30:03,$ 3530.00,5
3280,09:30:03,$ 3530.00,1
3281,09:30:03,$ 3530.00,1
3282,09:30:03,$ 3530.00,2
3283,09:30:03,$ 3530.00,1
3284,09:30:03,$ 3530.00,1
3285,09:30:03,$ 3530.00,1
3286,09:30:03,$ 3530.00,2
3287,09:30:03,$ 3530.00,6
3288,09:30:03,$ 3530.00,29
3289,09:30:03,$ 3530.00,3
3290,09:30:03,$ 3530.00,7
3291,09:30:03,$ 3530.00,4
3292,09:30:03,$ 3530.00,1
3293,09:30:03,$ 3530.00,4
3294,09:30:03,$ 3530.00,3
3295,09:30:03,$ 3530.00,1
3296,09:30:03,$ 3530.00,1
3298,09:30:03,$ 3530.00,1
3299,09:30:03,$ 3530.00,1
3300,09:30:03,$ 3530.00,2
3301,09:30:03,$ 3530.00,1
3302,09:30:03,$ 3530.00,4
3303,09:30:03,$ 3530.00,70
3304,09:30:03,$ 3530.00,2
3305,09:30:03,$ 3530.00,1
3306,09:30:03,$ 3530.00,1
3307,09:30:03,$ 3530.00,9
3308,09:30:03,$ 3530.00,2
3309,09:30:03,$ 3530.00,10
3310,09:30:03,$ 3530.00,3
3311,09:30:03,$ 3530.00,24
3312,09:30:03,$ 3530.00,24
3313,09:30:03,$ 3530.00,1
3314,09:30:03,$ 3530.00,6
3315,09:30:03,$ 3530.00,2
3316,09:30:03,$ 3530.00,1
3317,09:30:03,$ 3530.00,3
3319,09:30:03,$ 3530.00,10
3320,09:30:03,$ 3530.00,45
3321,09:30:03,$ 3530.00,10
3322,09:30:03,$ 3530.00,5
3323,09:30:03,$ 3530.00,5
3324,09:30:03,$ 3530.00,9
3325,09:30:03,$ 3530.00,14
3326,09:30:03,$ 3530.00,30
3327,09:30:03,$ 3530.00,1
3328,09:30:03,$ 3530.00,1
3329,09:30:03,$ 3530.00,1
3330,09:30:03,$ 3530.00,12
3331,09:30:03,$ 3530.00,2
3332,09:30:03,$ 3530.00,5
3333,09:30:03,$ 3530.00,15
3334,09:30:03,$ 3530.00,3
3335,09:30:03,$ 3530.00,5
3336,09:30:03,$ 3530.00,1
3337,09:30:03,$ 3530.00,1
3338,09:30:03,$ 3530.00,8
3340,09:30:03,$ 3530.00,1
3341,09:30:03,$ 3530.00,1
3342,09:30:03,$ 3530.00,1
3343,09:30:03,$ 3530.00,1
3344,09:30:03,$ 3530.00,1
3345,09:30:03,$ 3530.00,3
3346,09:30:03,$ 3530.00,5
3347,09:30:03,$ 3530.00,3
3348,09:30:03,$ 3530.00,1
3349,09:30:03,$ 3530.00,4
3350,09:30:03,$ 3530.00,3
3351,09:30:03,$ 3530.00,2
3352,09:30:03,$ 3530.00,1
3353,09:30:03,$ 3530.00,5
3354,09:30:03,$ 3530.00,1
3355,09:30:03,$ 3530.00,1
3356,09:30:03,$ 3530.00,1
3357,09:30:03,$ 3530.00,5
3358,09:30:03,$ 3530.00,1
3359,09:30:03,$ 3530.00,4
3361,09:30:03,$ 3530.00,2
3362,09:30:03,$ 3530.00,3
3363,09:30:03,$ 3530.00,2
3364,09:30:03,$ 3530.00,2
3365,09:30:03,$ 3530.00,10
3366,09:30:03,$ 3530.00,2
3367,09:30:03,$ 3530.00,17
3368,09:30:03,$ 3530.00,1
3369,09:30:03,$ 3530.00,2
3370,09:30:03,$ 3530.00,5
3371,09:30:03,$ 3530.00,100
3372,09:30:03,$ 3530.00,14
3373,09:30:03,$ 3530.00,10
3374,09:30:03,$ 3530.00,1
3375,09:30:03,$ 3530.00,1
3376,09:30:03,$ 3530.00,1
3377,09:30:03,$ 3530.00,5
3378,09:30:03,$ 3530.00,1
3379,09:30:03,$ 3530.00,1
3380,09:30:03,$ 3530.00,1
3382,09:30:03,$ 3530.00,2
3383,09:30:03,$ 3530.00,3
3384,09:30:03,$ 3530.00,250
3385,09:30:03,$ 3530.00,5
3386,09:30:03,$ 3530.00,1
3387,09:30:03,$ 3530.00,1
3388,09:30:03,$ 3530.00,3
3389,09:30:03,$ 3530.00,1
3390,09:30:03,$ 3530.00,3
3391,09:30:03,$ 3530.00,3
3392,09:30:03,$ 3530.00,1
3393,09:30:03,$ 3530.00,3
3394,09:30:03,$ 3530.00,2
3395,09:30:03,$ 3530.00,4
3396,09:30:03,$ 3530.00,3
3397,09:30:03,$ 3530.00,1
3398,09:30:03,$ 3530.00,2
3399,09:30:03,$ 3530.00,1
3400,09:30:03,$ 3530.00,1
3401,09:30:03,$ 3530.00,1
3403,09:30:03,$ 3530.00,1
3404,09:30:03,$ 3530.00,1
3405,09:30:03,$ 3530.00,1
3406,09:30:03,$ 3530.00,2
3407,09:30:03,$ 3530.00,1
3408,09:30:03,$ 3530.00,15
3409,09:30:03,$ 3530.00,2
3410,09:30:03,$ 3530.00,"2,000"
3411,09:30:03,$ 3530.00,1
3412,09:30:03,$ 3530.00,1
3413,09:30:03,$ 3530.00,1
3414,09:30:03,$ 3530.00,3
3415,09:30:03,$ 3530.00,2
3416,09:30:03,$ 3530.00,1
3417,09:30:03,$ 3530.00,1
3418,09:30:03,$ 3530.00,1
3419,09:30:03,$ 3530.00,1
3420,09:30:03,$ 3530.00,2
3421,09:30:03,$ 3530.00,1
3422,09:30:03,$ 3530.00,1
3424,09:30:03,$ 3530.00,1
3425,09:30:03,$ 3530.00,3
3426,09:30:03,$ 3530.00,1
3427,09:30:03,$ 3530.00,5
3428,09:30:03,$ 3530.00,2
3429,09:30:03,$ 3530.00,2
3430,09:30:03,$ 3530.00,1
3431,09:30:03,$ 3530.00,1
3432,09:30:03,$ 3530.00,1
3433,09:30:03,$ 3530.00,2
3434,09:30:03,$ 3530.00,1
3435,09:30:03,$ 3530.00,3
3436,09:30:03,$ 3530.00,5
3437,09:30:03,$ 3530.00,1
3438,09:30:03,$ 3530.00,1
3439,09:30:03,$ 3530.00,6
3440,09:30:03,$ 3530.00,14
3441,09:30:03,$ 3530.00,22
3442,09:30:03,$ 3530.00,1
3443,09:30:03,$ 3530.00,1
3445,09:30:03,$ 3530.00,5
3446,09:30:03,$ 3530.00,1
3447,09:30:03,$ 3530.00,59
3448,09:30:03,$ 3530.00,1
3449,09:30:03,$ 3530.00,1
3450,09:30:03,$ 3530.00,1
3451,09:30:03,$ 3530.00,1
3452,09:30:03,$ 3530.00,10
3453,09:30:03,$ 3530.00,2
3454,09:30:03,$ 3530.00,6
3455,09:30:03,$ 3530.00,1
3456,09:30:03,$ 3530.00,3
3457,09:30:03,$ 3530.00,10
3458,09:30:03,$ 3530.00,2
3459,09:30:03,$ 3530.00,9
3460,09:30:03,$ 3530.00,1
3461,09:30:03,$ 3530.00,2
3462,09:30:03,$ 3530.00,6
3463,09:30:03,$ 3530.00,5
3464,09:30:03,$ 3530.00,2
3466,09:30:03,$ 3530.00,1
3467,09:30:03,$ 3530.00,6
3468,09:30:03,$ 3530.00,10
3469,09:30:03,$ 3530.00,1
3470,09:30:03,$ 3530.00,4
3471,09:30:03,$ 3530.00,2
3472,09:30:03,$ 3530.00,1
3473,09:30:03,$ 3530.00,1
3474,09:30:03,$ 3530.00,5
3475,09:30:03,$ 3530.00,1
3476,09:30:03,$ 3530.00,11
3477,09:30:03,$ 3530.00,1
3478,09:30:03,$ 3530.00,3
3479,09:30:03,$ 3530.00,2
3480,09:30:03,$ 3530.00,2
3481,09:30:03,$ 3530.00,1
3482,09:30:03,$ 3530.00,142
3483,09:30:03,$ 3530.00,900
3484,09:30:03,$ 3530.00,1
3485,09:30:03,$ 3530.00,4
3487,09:30:03,$ 3530.00,4
3488,09:30:03,$ 3530.00,10
3489,09:30:03,$ 3530.00,1
3490,09:30:03,$ 3530.00,1
3491,09:30:03,$ 3530.00,2
3492,09:30:03,$ 3530.00,3
3493,09:30:03,$ 3530.00,100
3494,09:30:03,$ 3530.00,2
3495,09:30:03,$ 3530.00,10
3496,09:30:03,$ 3530.00,12
3497,09:30:03,$ 3530.00,1
3498,09:30:03,$ 3530.00,5
3499,09:30:03,$ 3530.00,2
3500,09:30:03,$ 3530.00,10
3501,09:30:03,$ 3530.00,1
3502,09:30:03,$ 3530.00,5
3503,09:30:03,$ 3530.00,1
3504,09:30:03,$ 3530.00,3
3505,09:30:03,$ 3530.00,1
3506,09:30:03,$ 3530.00,1
3508,09:30:03,$ 3530.00,10
3509,09:30:03,$ 3530.00,1
3510,09:30:03,$ 3530.00,1
3511,09:30:03,$ 3530.00,1
3512,09:30:03,$ 3530.00,1
3513,09:30:03,$ 3530.00,1
3514,09:30:03,$ 3530.00,3
3515,09:30:03,$ 3530.00,26
3516,09:30:03,$ 3530.00,1
3517,09:30:03,$ 3530.00,1
3518,09:30:03,$ 3530.00,1
3519,09:30:03,$ 3530.00,1
3520,09:30:03,$ 3530.00,26
3521,09:30:03,$ 3530.00,3
3522,09:30:03,$ 3530.00,1
3523,09:30:03,$ 3530.00,1
3524,09:30:03,$ 3530.00,1
3525,09:30:03,$ 3530.00,1
3526,09:30:03,$ 3530.00,1
3527,09:30:03,$ 3530.00,1
3529,09:30:03,$ 3530.00,1
3530,09:30:03,$ 3530.00,28
3531,09:30:03,$ 3530.00,2
3532,09:30:03,$ 3530.00,1
3533,09:30:03,$ 3530.00,2
3534,09:30:03,$ 3530.00,14
3535,09:30:03,$ 3530.00,2
3536,09:30:03,$ 3530.00,6
3537,09:30:03,$ 3530.00,2
3538,09:30:03,$ 3530.00,17
3539,09:30:03,$ 3530.00,10
3540,09:30:03,$ 3530.00,27
3541,09:30:03,$ 3530.00,6
3542,09:30:03,$ 3530.00,10
3543,09:30:03,$ 3530.00,22
3544,09:30:03,$ 3530.00,1
3545,09:30:03,$ 3530.00,1
3546,09:30:03,$ 3530.00,6
3547,09:30:03,$ 3530.00,115
3548,09:30:03,$ 3530.00,3
3550,09:30:03,$ 3530.00,2
3551,09:30:03,$ 3530.00,6
3552,09:30:03,$ 3530.00,30
3553,09:30:03,$ 3530.00,274
3554,09:30:03,$ 3530.00,2
3555,09:30:03,$ 3530.00,12
3556,09:30:03,$ 3530.00,4
3557,09:30:03,$ 3530.00,1
3558,09:30:03,$ 3530.00,5
3559,09:30:03,$ 3530.00,7
3560,09:30:03,$ 3530.00,3
3561,09:30:03,$ 3530.00,9
3562,09:30:03,$ 3530.00,2
3563,09:30:03,$ 3530.00,2
3564,09:30:03,$ 3530.00,6
3565,09:30:03,$ 3530.00,37
3566,09:30:03,$ 3530.00,7
3567,09:30:03,$ 3530.00,2
3568,09:30:03,$ 3530.00,3
3569,09:30:03,$ 3530.00,3
3571,09:30:03,$ 3530.00,1
3572,09:30:03,$ 3530.00,18
3573,09:30:03,$ 3530.00,15
3574,09:30:03,$ 3530.00,25
3575,09:30:03,$ 3530.00,77
3576,09:30:03,$ 3530.00,2
3577,09:30:03,$ 3530.00,2
3578,09:30:03,$ 3530.00,3
3579,09:30:03,$ 3530.00,45
3580,09:30:03,$ 3530.00,1
3581,09:30:03,$ 3530.00,1
3582,09:30:03,$ 3530.00,1
3583,09:30:03,$ 3530.00,1
3584,09:30:03,$ 3530.00,2
3585,09:30:03,$ 3530.00,4
3586,09:30:03,$ 3530.00,10
3587,09:30:03,$ 3530.00,2
3588,09:30:03,$ 3530.00,10
3589,09:30:03,$ 3530.00,3
3590,09:30:03,$ 3530.00,1
3592,09:30:03,$ 3530.00,10
3593,09:30:03,$ 3530.00,3
3594,09:30:03,$ 3530.00,1
3595,09:30:03,$ 3530.00,3
3596,09:30:03,$ 3530.00,5
3597,09:30:03,$ 3530.00,1
3598,09:30:03,$ 3530.00,13
3599,09:30:03,$ 3530.00,1
3600,09:30:03,$ 3530.00,1
3601,09:30:03,$ 3530.00,1
3602,09:30:03,$ 3530.00,1
3603,09:30:03,$ 3530.00,1
3604,09:30:03,$ 3530.00,2
3605,09:30:03,$ 3530.00,3
3606,09:30:03,$ 3530.00,1
3607,09:30:03,$ 3530.00,4
3608,09:30:03,$ 3530.00,2
3609,09:30:03,$ 3530.00,1
3610,09:30:03,$ 3530.00,3
3611,09:30:03,$ 3530.00,1
3613,09:30:03,$ 3530.00,1
3614,09:30:03,$ 3530.00,2
3615,09:30:03,$ 3530.00,10
3616,09:30:03,$ 3530.00,1
3617,09:30:03,$ 3530.00,3
3618,09:30:03,$ 3530.00,6
3619,09:30:03,$ 3530.00,2
3620,09:30:03,$ 3530.00,2
3621,09:30:03,$ 3530.00,1
3622,09:30:03,$ 3530.00,2
3623,09:30:03,$ 3530.00,2
3624,09:30:03,$ 3530.00,1
3625,09:30:03,$ 3530.00,3
3626,09:30:03,$ 3530.00,1
3627,09:30:03,$ 3530.00,3
3628,09:30:03,$ 3530.00,1
3629,09:30:03,$ 3530.00,3
3630,09:30:03,$ 3530.00,3
3631,09:30:03,$ 3530.00,3
3632,09:30:03,$ 3530.00,1
3634,09:30:03,$ 3530.00,30
3635,09:30:03,$ 3530.00,4
3636,09:30:03,$ 3530.00,2
3637,09:30:03,$ 3530.00,29
3638,09:30:03,$ 3530.00,1
3639,09:30:03,$ 3530.00,1
3640,09:30:03,$ 3530.00,3
3641,09:30:03,$ 3530.00,1
3642,09:30:03,$ 3530.00,1
3643,09:30:03,$ 3530.00,3
3644,09:30:03,$ 3530.00,1
3645,09:30:03,$ 3530.00,1
3646,09:30:03,$ 3530.00,1
3647,09:30:03,$ 3530.00,1
3648,09:30:03,$ 3530.00,9
3649,09:30:03,$ 3530.00,3
3650,09:30:03,$ 3530.00,5
3651,09:30:03,$ 3530.00,1
3652,09:30:03,$ 3530.00,8
3653,09:30:03,$ 3530.00,5
3655,09:30:03,$ 3530.00,1
3656,09:30:03,$ 3530.00,3
3657,09:30:03,$ 3530.00,2
3658,09:30:03,$ 3530.00,1
3659,09:30:03,$ 3530.00,1
3660,09:30:03,$ 3530.00,1
3661,09:30:03,$ 3530.00,1
3662,09:30:03,$ 3530.00,1
3663,09:30:03,$ 3530.00,1
3664,09:30:03,$ 3530.00,5
3665,09:30:03,$ 3530.00,18
3666,09:30:03,$ 3530.00,50
3667,09:30:03,$ 3530.00,1
3668,09:30:03,$ 3530.00,5
3669,09:30:03,$ 3530.00,3
3670,09:30:03,$ 3530.00,2
3671,09:30:03,$ 3530.00,1
3672,09:30:03,$ 3530.00,10
3673,09:30:03,$ 3530.00,2
3674,09:30:03,$ 3530.00,2
3676,09:30:03,$ 3530.00,1
3677,09:30:03,$ 3530.00,28
3678,09:30:03,$ 3530.00,2
3679,09:30:03,$ 3530.00,3
3680,09:30:03,$ 3530.00,5
3681,09:30:03,$ 3530.00,1
3682,09:30:03,$ 3530.00,2
3683,09:30:03,$ 3530.00,14
3684,09:30:03,$ 3530.00,2
3685,09:30:03,$ 3530.00,2
3686,09:30:03,$ 3530.00,1
3687,09:30:03,$ 3530.00,1
3688,09:30:03,$ 3530.00,3
3689,09:30:03,$ 3530.00,5
3690,09:30:03,$ 3530.00,2
3691,09:30:03,$ 3530.00,1
3692,09:30:03,$ 3530.00,1
3693,09:30:03,$ 3530.00,1
3694,09:30:03,$ 3530.00,1
3695,09:30:03,$ 3530.00,1
3697,09:30:03,$ 3530.00,1
3698,09:30:03,$ 3530.00,1
3699,09:30:03,$ 3530.00,1
3700,09:30:03,$ 3530.00,7
3701,09:30:03,$ 3530.00,1
3702,09:30:03,$ 3530.00,1
3703,09:30:03,$ 3530.00,5
3704,09:30:03,$ 3530.00,1
3705,09:30:03,$ 3530.00,100
3706,09:30:03,$ 3530.00,7
3707,09:30:03,$ 3530.00,1
3708,09:30:03,$ 3530.00,2
3709,09:30:03,$ 3530.00,4
3710,09:30:03,$ 3530.00,1
3711,09:30:03,$ 3530.00,4
3712,09:30:03,$ 3530.00,3
3713,09:30:03,$ 3530.00,4
3714,09:30:03,$ 3530.00,17
3715,09:30:03,$ 3530.00,1
3716,09:30:03,$ 3530.00,4
3718,09:30:03,$ 3530.00,4
3719,09:30:03,$ 3530.00,290
3720,09:30:03,$ 3530.00,10
3721,09:30:03,$ 3530.00,5
3722,09:30:03,$ 3530.00,75
3723,09:30:03,$ 3530.00,26
3724,09:30:03,$ 3530.00,1
3725,09:30:03,$ 3530.00,3
3726,09:30:03,$ 3530.00,6
3727,09:30:03,$ 3530.00,28
3728,09:30:03,$ 3530.00,1
3729,09:30:03,$ 3530.00,20
3730,09:30:03,$ 3530.00,5
3731,09:30:03,$ 3530.00,1
3732,09:30:03,$ 3530.00,20
3733,09:30:03,$ 3530.00,5
3734,09:30:03,$ 3530.00,1
3735,09:30:03,$ 3530.00,1
3736,09:30:03,$ 3530.00,1
3737,09:30:03,$ 3530.00,7
3739,09:30:03,$ 3530.00,5
3740,09:30:03,$ 3530.00,1
3741,09:30:03,$ 3530.00,2
3742,09:30:03,$ 3530.00,15
3743,09:30:03,$ 3530.00,3
3744,09:30:03,$ 3530.00,2
3745,09:30:03,$ 3530.00,1
3746,09:30:03,$ 3530.00,1
3747,09:30:03,$ 3530.00,1
3748,09:30:03,$ 3530.00,1
3749,09:30:03,$ 3530.00,1
3750,09:30:03,$ 3530.00,1
3751,09:30:03,$ 3530.00,1
3752,09:30:03,$ 3530.00,1
3753,09:30:03,$ 3530.00,1
3754,09:30:03,$ 3530.00,3
3755,09:30:03,$ 3530.00,1
3756,09:30:03,$ 3530.00,1
3757,09:30:03,$ 3530.00,1
3758,09:30:03,$ 3530.00,4
3760,09:30:03,$ 3530.00,12
3761,09:30:03,$ 3530.00,54
3762,09:30:03,$ 3530.00,2
3763,09:30:03,$ 3530.00,1
3764,09:30:03,$ 3530.00,3
3765,09:30:03,$ 3530.00,2
3766,09:30:03,$ 3530.00,10
3767,09:30:03,$ 3530.00,3
3768,09:30:03,$ 3530.00,1
3769,09:30:03,$ 3530.00,2
3770,09:30:03,$ 3530.00,1
3771,09:30:03,$ 3530.00,3
3772,09:30:03,$ 3530.00,3
3773,09:30:03,$ 3530.00,1
3774,09:30:03,$ 3530.00,2
3775,09:30:03,$ 3530.00,1
3776,09:30:03,$ 3530.00,3
3777,09:30:03,$ 3530.00,1
3778,09:30:03,$ 3530.00,2
3779,09:30:03,$ 3530.00,1
3781,09:30:03,$ 3530.00,2
3782,09:30:03,$ 3530.00,2
3783,09:30:03,$ 3530.00,3
3784,09:30:03,$ 3530.00,5
3785,09:30:03,$ 3530.00,10
3786,09:30:03,$ 3530.00,25
3787,09:30:03,$ 3530.00,1
3788,09:30:03,$ 3530.00,300
3789,09:30:03,$ 3530.00,3
3790,09:30:03,$ 3530.00,20
3791,09:30:03,$ 3530.00,2
3792,09:30:03,$ 3530.00,1
3793,09:30:03,$ 3530.00,3
3794,09:30:03,$ 3530.00,2
3795,09:30:03,$ 3530.00,1
3796,09:30:03,$ 3530.00,2
3797,09:30:03,$ 3530.00,35
3798,09:30:03,$ 3530.00,1
3799,09:30:03,$ 3530.00,1
3800,09:30:03,$ 3530.00,1
3802,09:30:03,$ 3530.00,5
3803,09:30:03,$ 3530.00,14
3804,09:30:03,$ 3530.00,3
3805,09:30:03,$ 3530.00,1
3806,09:30:03,$ 3530.00,5
3807,09:30:03,$ 3530.00,2
3808,09:30:03,$ 3530.00,2
3809,09:30:03,$ 3530.00,1
3810,09:30:03,$ 3530.00,1
3811,09:30:03,$ 3530.00,2
3812,09:30:03,$ 3530.00,1
3813,09:30:03,$ 3530.00,7
3814,09:30:03,$ 3530.00,9
3815,09:30:03,$ 3530.00,3
3816,09:30:03,$ 3530.00,1
3817,09:30:03,$ 3530.00,7
3818,09:30:03,$ 3530.00,1
3819,09:30:03,$ 3530.00,3
3820,09:30:03,$ 3530.00,4
3821,09:30:03,$ 3530.00,3
3823,09:30:03,$ 3530.00,3
3824,09:30:03,$ 3530.00,7
3825,09:30:03,$ 3530.00,3
3826,09:30:03,$ 3530.00,2
3827,09:30:03,$ 3530.00,1
3828,09:30:03,$ 3530.00,6
3829,09:30:03,$ 3530.00,1
3830,09:30:03,$ 3530.00,15
3831,09:30:03,$ 3530.00,2
3832,09:30:03,$ 3530.00,1
3833,09:30:03,$ 3530.00,3
3834,09:30:03,$ 3530.00,4
3835,09:30:03,$ 3530.00,25
3836,09:30:03,$ 3530.00,1
3837,09:30:03,$ 3530.00,2
3838,09:30:03,$ 3530.00,7
3839,09:30:03,$ 3530.00,5
3840,09:30:03,$ 3530.00,2
3841,09:30:03,$ 3530.00,2
3842,09:30:03,$ 3530.00,2
3844,09:30:03,$ 3530.00,14
3845,09:30:03,$ 3530.00,10
3846,09:30:03,$ 3530.00,350
3847,09:30:03,$ 3530.00,1
3848,09:30:03,$ 3530.00,1
3849,09:30:03,$ 3530.00,1
3850,09:30:03,$ 3530.00,2
3851,09:30:03,$ 3530.00,3
