,NLS Time (ET),NLS Price,NLS Share Volume
1,09:59:48,$ 3318.27,100
2,09:59:37,$ 3318.68,100
3,09:59:29,$ 3318.57,100
4,09:59:25,$ 3318.8756,100
5,09:59:14,$ 3318.7667,600
6,09:59:13,$ 3319.01,100
7,09:59:08,$ 3319.12,149
8,09:59:05,$ 3319.54,100
9,09:59:02,$ 3318.821,100
10,09:58:59,$ 3319.74,100
11,09:58:59,$ 3319.76,100
12,09:58:59,$ 3319.71,100
13,09:58:50,$ 3317.995,100
14,09:58:34,$ 3316.24,100
15,09:58:34,$ 3316.24,100
16,09:58:24,$ 3315.65,"1,100"
17,09:58:07,$ 3316.7637,500
18,09:57:58,$ 3317.48,100
19,09:57:54,$ 3316.91,100
20,09:57:36,$ 3317.54,100
22,09:57:29,$ 3316.76,100
23,09:57:29,$ 3318.23,100
24,09:57:29,$ 3318.26,100
25,09:57:29,$ 3318.28,100
26,09:57:29,$ 3317.88,100
27,09:57:29,$ 3318.28,100
28,09:57:29,$ 3318.28,100
29,09:57:29,$ 3318.28,100
30,09:57:29,$ 3318.28,100
31,09:57:29,$ 3318.28,100
32,09:57:29,$ 3318.28,100
33,09:57:29,$ 3317.75,300
34,09:56:50,$ 3317.8425,100
35,09:56:47,$ 3316.82,100
36,09:56:44,$ 3317.65,300
37,09:56:18,$ 3319.98,200
38,09:56:08,$ 3319.9599,100
39,09:56:05,$ 3318.95,100
40,09:56:00,$ 3319.8148,100
41,09:55:46,$ 3318.86,100
43,09:55:38,$ 3317.85,100
44,09:55:34,$ 3318.16,100
45,09:55:22,$ 3318.42,100
46,09:55:17,$ 3318.315,100
47,09:55:16,$ 3317.58,100
48,09:55:09,$ 3317.10,200
49,09:55:06,$ 3315.12,100
50,09:55:04,$ 3314.99,100
51,09:54:55,$ 3312.90,100
52,09:54:51,$ 3310.3619,150
53,09:54:49,$ 3311.24,100
54,09:54:38,$ 3311.555,100
55,09:54:38,$ 3310.21,123
56,09:54:38,$ 3310.79,100
57,09:54:38,$ 3310.67,100
58,09:54:21,$ 3311.56,147
59,09:53:58,$ 3311.785,100
60,09:53:55,$ 3312.93,100
61,09:53:55,$ 3312.52,100
62,09:53:49,$ 3313.0002,475
64,09:53:41,$ 3315.1171,100
65,09:53:22,$ 3316.587,494
66,09:53:19,$ 3316.93,127
67,09:53:10,$ 3317.87,100
68,09:53:06,$ 3317.68,101
69,09:53:00,$ 3319.9999,199
70,09:52:48,$ 3319.164,100
71,09:52:44,$ 3319.90,100
72,09:52:44,$ 3320.64,100
73,09:52:37,$ 3319.89,137
74,09:52:35,$ 3319.69,100
75,09:52:28,$ 3320.35,100
76,09:52:20,$ 3320.726,100
77,09:52:19,$ 3320.925,100
78,09:52:13,$ 3320.84,100
79,09:52:06,$ 3321.0237,100
80,09:51:55,$ 3321.10,100
81,09:51:53,$ 3321.45,100
82,09:51:47,$ 3321.07,100
83,09:51:44,$ 3320.235,100
85,09:51:43,$ 3321.065,100
86,09:51:42,$ 3321.9599,100
87,09:51:40,$ 3321.87,100
88,09:51:31,$ 3320.355,261
89,09:51:27,$ 3320.57,100
90,09:51:24,$ 3319.6801,100
91,09:51:16,$ 3319.6501,100
92,09:51:11,$ 3320.706,100
93,09:51:11,$ 3320.8977,113
94,09:51:09,$ 3319.9578,100
95,09:51:05,$ 3319.68,100
96,09:51:05,$ 3321.9054,616
97,09:51:05,$ 3320.00,100
98,09:50:58,$ 3316.7714,100
99,09:50:46,$ 3316.44,100
100,09:50:33,$ 3316.45,100
101,09:50:30,$ 3316.725,100
102,09:50:29,$ 3316.72,100
103,09:50:29,$ 3316.73,100
104,09:50:27,$ 3317.18,100
106,09:50:21,$ 3314.85,200
107,09:50:19,$ 3315.00,900
108,09:50:19,$ 3315.00,100
109,09:50:13,$ 3315.91,100
110,09:50:13,$ 3314.63,100
111,09:50:13,$ 3314.42,100
112,09:49:47,$ 3316.13,100
113,09:49:44,$ 3316.32,225
114,09:49:32,$ 3314.495,100
115,09:49:30,$ 3315.00,120
116,09:49:21,$ 3314.79,100
117,09:49:21,$ 3313.93,100
118,09:49:20,$ 3313.00,100
119,09:49:19,$ 3314.65,100
120,09:49:19,$ 3314.64,100
121,09:49:01,$ 3313.86,100
122,09:48:47,$ 3315.33,705
123,09:48:37,$ 3314.95,100
124,09:48:37,$ 3315.00,100
125,09:48:37,$ 3315.00,507
127,09:48:33,$ 3313.565,100
128,09:48:32,$ 3312.18,100
129,09:48:32,$ 3314.3866,200
130,09:48:31,$ 3313.41,100
131,09:48:17,$ 3312.3496,100
132,09:48:01,$ 3314.5251,100
133,09:47:41,$ 3314.07,100
134,09:47:28,$ 3313.515,100
135,09:47:15,$ 3314.3528,100
136,09:47:12,$ 3313.225,100
137,09:47:09,$ 3313.515,500
138,09:47:08,$ 3313.51,100
139,09:47:06,$ 3313.505,100
140,09:47:01,$ 3313.505,150
141,09:47:00,$ 3313.51,187
142,09:46:37,$ 3313.00,300
143,09:46:36,$ 3313.87,100
144,09:46:25,$ 3311.94,100
145,09:46:25,$ 3313.27,100
146,09:46:16,$ 3316.70,100
148,09:46:12,$ 3314.77,100
149,09:46:04,$ 3313.015,100
150,09:45:57,$ 3314.56,100
151,09:45:57,$ 3314.63,100
152,09:45:57,$ 3314.37,100
153,09:45:57,$ 3314.56,100
154,09:45:38,$ 3311.40,100
155,09:45:33,$ 3310.315,100
156,09:45:30,$ 3311.55,100
157,09:45:30,$ 3311.58,100
158,09:45:27,$ 3312.87,100
159,09:45:15,$ 3314.695,300
160,09:45:14,$ 3314.05,243
161,09:45:10,$ 3314.125,200
162,09:45:08,$ 3313.86,100
163,09:45:06,$ 3314.88,100
164,09:45:06,$ 3314.88,200
165,09:45:06,$ 3314.02,100
166,09:44:48,$ 3315.1399,100
167,09:44:47,$ 3314.30,100
169,09:44:47,$ 3314.31,100
170,09:44:37,$ 3313.4301,300
171,09:44:37,$ 3314.66,100
172,09:44:36,$ 3313.33,100
173,09:44:33,$ 3315.22,100
174,09:44:27,$ 3315.40,100
175,09:44:22,$ 3314.8291,933
176,09:44:12,$ 3314.59,100
177,09:44:12,$ 3314.42,100
178,09:44:12,$ 3315.05,100
179,09:44:11,$ 3316.07,101
180,09:44:09,$ 3315.08,100
181,09:44:08,$ 3315.72,100
182,09:44:08,$ 3315.71,100
183,09:44:04,$ 3316.77,100
184,09:44:00,$ 3316.765,150
185,09:43:58,$ 3316.765,200
186,09:43:58,$ 3318.50,100
187,09:43:57,$ 3315.00,100
188,09:43:56,$ 3314.66,100
190,09:43:49,$ 3314.28,100
191,09:43:49,$ 3314.28,100
192,09:43:49,$ 3314.28,100
193,09:43:49,$ 3314.02,100
194,09:43:49,$ 3314.02,100
195,09:43:49,$ 3313.82,100
196,09:43:49,$ 3313.63,100
197,09:43:49,$ 3313.28,100
198,09:43:46,$ 3312.65,100
199,09:43:42,$ 3311.725,100
200,09:43:41,$ 3312.80,100
201,09:43:39,$ 3308.42,100
202,09:43:39,$ 3308.42,100
203,09:43:38,$ 3308.4034,100
204,09:43:31,$ 3307.81,200
205,09:43:21,$ 3308.03,100
206,09:43:21,$ 3306.70,100
207,09:43:20,$ 3308.0314,320
208,09:43:15,$ 3308.4675,100
209,09:43:15,$ 3308.70,100
211,09:43:15,$ 3308.565,100
212,09:43:15,$ 3308.70,100
213,09:43:15,$ 3308.70,100
214,09:43:15,$ 3308.565,100
215,09:43:15,$ 3308.32,100
216,09:43:15,$ 3308.515,100
217,09:43:14,$ 3308.227,125
218,09:43:13,$ 3308.44,100
219,09:43:13,$ 3308.255,260
220,09:43:13,$ 3308.70,100
221,09:43:13,$ 3308.39,100
222,09:43:13,$ 3308.42,100
223,09:43:13,$ 3308.565,100
224,09:43:13,$ 3307.54,100
225,09:43:13,$ 3307.50,100
226,09:43:13,$ 3307.54,100
227,09:43:08,$ 3308.365,200
228,09:43:02,$ 3308.45,100
229,09:42:55,$ 3308.905,200
230,09:42:53,$ 3308.7725,100
232,09:42:50,$ 3309.00,140
233,09:42:46,$ 3309.00,180
234,09:42:46,$ 3308.405,100
235,09:42:43,$ 3310.02,100
236,09:42:41,$ 3310.895,100
237,09:42:31,$ 3309.13,124
238,09:42:29,$ 3310.00,100
239,09:42:28,$ 3309.16,100
240,09:42:28,$ 3306.17,110
241,09:42:28,$ 3307.10,100
242,09:42:28,$ 3306.17,400
243,09:42:28,$ 3309.23,100
244,09:42:28,$ 3309.28,100
245,09:42:28,$ 3309.28,100
246,09:42:28,$ 3306.15,100
247,09:42:28,$ 3307.76,100
248,09:42:28,$ 3306.06,100
249,09:42:28,$ 3306.15,100
250,09:42:28,$ 3306.07,100
251,09:42:28,$ 3306.12,100
253,09:42:28,$ 3306.17,100
254,09:42:28,$ 3306.18,100
255,09:42:28,$ 3306.17,200
256,09:42:27,$ 3305.18,100
257,09:42:26,$ 3305.96,100
258,09:42:26,$ 3304.43,100
259,09:42:24,$ 3304.55,100
260,09:42:23,$ 3305.20,200
261,09:42:22,$ 3305.7091,100
262,09:42:18,$ 3304.4274,100
263,09:42:12,$ 3304.965,100
264,09:42:11,$ 3305.00,100
265,09:42:05,$ 3306.64,100
266,09:42:02,$ 3303.37,100
267,09:42:02,$ 3302.46,100
268,09:41:58,$ 3308.31,100
269,09:41:58,$ 3308.285,100
270,09:41:57,$ 3306.00,100
271,09:41:57,$ 3305.455,100
272,09:41:57,$ 3305.49,100
274,09:41:57,$ 3305.44,100
275,09:41:57,$ 3305.34,100
276,09:41:57,$ 3305.40,100
277,09:41:57,$ 3305.00,100
278,09:41:57,$ 3305.8847,268
279,09:41:56,$ 3303.46,100
280,09:41:56,$ 3303.51,100
281,09:41:55,$ 3303.53,100
282,09:41:54,$ 3302.405,100
283,09:41:50,$ 3302.02,100
284,09:41:45,$ 3299.16,100
285,09:41:45,$ 3299.15,100
286,09:41:44,$ 3298.23,250
287,09:41:42,$ 3299.70,100
288,09:41:40,$ 3298.57,100
289,09:41:40,$ 3298.77,100
290,09:41:40,$ 3299.02,100
291,09:41:38,$ 3297.84,100
292,09:41:37,$ 3297.81,100
293,09:41:37,$ 3297.70,100
295,09:41:37,$ 3297.80,100
296,09:41:37,$ 3299.44,100
297,09:41:37,$ 3299.44,100
298,09:41:36,$ 3298.06,100
299,09:41:36,$ 3299.97,100
300,09:41:36,$ 3298.2016,100
301,09:41:36,$ 3299.36,100
302,09:41:36,$ 3300.00,100
303,09:41:36,$ 3300.00,100
304,09:41:36,$ 3300.00,100
305,09:41:36,$ 3300.00,100
306,09:41:36,$ 3300.00,100
307,09:41:36,$ 3299.86,125
308,09:41:36,$ 3299.86,125
309,09:41:36,$ 3299.86,250
310,09:41:36,$ 3299.86,125
311,09:41:36,$ 3299.86,125
312,09:41:36,$ 3299.86,125
313,09:41:36,$ 3299.86,219
314,09:41:36,$ 3300.00,295
316,09:41:36,$ 3300.00,305
317,09:41:36,$ 3300.00,100
318,09:41:36,$ 3300.92,100
319,09:41:36,$ 3301.00,100
320,09:41:35,$ 3301.00,100
321,09:41:35,$ 3301.61,100
322,09:41:34,$ 3302.10,100
323,09:41:28,$ 3303.54,100
324,09:41:28,$ 3303.54,100
325,09:41:28,$ 3304.00,100
326,09:41:22,$ 3305.49,100
327,09:41:22,$ 3305.50,100
328,09:41:17,$ 3305.42,100
329,09:41:16,$ 3304.7976,100
330,09:41:16,$ 3305.08,100
331,09:41:13,$ 3304.98,100
332,09:41:13,$ 3304.98,100
333,09:41:11,$ 3305.4617,500
334,09:41:10,$ 3304.37,100
335,09:41:09,$ 3304.98,100
337,09:41:09,$ 3305.00,125
338,09:41:09,$ 3305.0467,109
339,09:41:07,$ 3305.00,100
340,09:41:07,$ 3305.00,100
341,09:41:05,$ 3306.185,100
342,09:41:05,$ 3306.048,100
343,09:40:57,$ 3306.635,100
344,09:40:57,$ 3306.735,100
345,09:40:57,$ 3306.61,100
346,09:40:57,$ 3306.54,100
347,09:40:57,$ 3306.455,100
348,09:40:57,$ 3306.45,100
349,09:40:57,$ 3306.44,100
350,09:40:57,$ 3307.61,100
351,09:40:55,$ 3307.77,100
352,09:40:55,$ 3308.58,100
353,09:40:55,$ 3309.08,100
354,09:40:55,$ 3309.08,100
355,09:40:53,$ 3308.2183,120
356,09:40:52,$ 3307.73,100
358,09:40:52,$ 3307.73,100
359,09:40:52,$ 3307.73,125
360,09:40:48,$ 3307.02,100
361,09:40:45,$ 3306.48,100
362,09:40:43,$ 3307.50,400
363,09:40:43,$ 3306.685,100
364,09:40:42,$ 3309.26,100
365,09:40:42,$ 3308.79,100
366,09:40:42,$ 3308.91,100
367,09:40:42,$ 3309.77,100
368,09:40:39,$ 3306.83,100
369,09:40:38,$ 3306.68,100
370,09:40:38,$ 3306.175,114
371,09:40:37,$ 3307.58,100
372,09:40:37,$ 3307.64,100
373,09:40:37,$ 3307.69,100
374,09:40:34,$ 3307.295,400
375,09:40:34,$ 3307.295,100
376,09:40:34,$ 3307.4154,100
377,09:40:34,$ 3308.175,100
379,09:40:32,$ 3306.35,500
380,09:40:32,$ 3307.0001,100
381,09:40:32,$ 3307.001,100
382,09:40:29,$ 3308.265,100
383,09:40:27,$ 3309.405,100
384,09:40:27,$ 3308.265,100
385,09:40:24,$ 3308.05,200
386,09:40:18,$ 3307.26,100
387,09:40:18,$ 3307.21,100
388,09:40:18,$ 3307.24,100
389,09:40:18,$ 3306.6264,500
390,09:40:17,$ 3306.86,100
391,09:40:17,$ 3306.25,100
392,09:40:15,$ 3306.95,100
393,09:40:14,$ 3306.42,100
394,09:40:14,$ 3306.21,100
395,09:40:13,$ 3307.02,100
396,09:40:13,$ 3308.00,100
397,09:40:13,$ 3308.44,100
398,09:40:10,$ 3309.3844,582
400,09:40:07,$ 3308.00,400
401,09:40:06,$ 3309.7399,100
402,09:40:05,$ 3308.87,100
403,09:40:05,$ 3308.87,100
404,09:40:05,$ 3308.01,100
405,09:40:03,$ 3310.28,100
406,09:40:03,$ 3309.68,100
407,09:40:03,$ 3309.99,100
408,09:40:00,$ 3310.00,100
409,09:40:00,$ 3310.00,100
410,09:39:59,$ 3310.07,100
411,09:39:59,$ 3310.57,100
412,09:39:59,$ 3310.735,100
413,09:39:58,$ 3310.25,100
414,09:39:58,$ 3310.0001,184
415,09:39:56,$ 3311.52,100
416,09:39:51,$ 3312.00,400
417,09:39:49,$ 3311.53,100
418,09:39:48,$ 3312.2215,100
419,09:39:46,$ 3312.23,100
421,09:39:46,$ 3312.23,100
422,09:39:44,$ 3311.53,100
423,09:39:44,$ 3311.53,100
424,09:39:44,$ 3311.44,100
425,09:39:43,$ 3311.54,100
426,09:39:43,$ 3312.22,100
427,09:39:43,$ 3311.73,100
428,09:39:43,$ 3311.97,100
429,09:39:42,$ 3312.49,100
430,09:39:42,$ 3311.42,100
431,09:39:42,$ 3311.361,200
432,09:39:42,$ 3312.00,100
433,09:39:42,$ 3312.00,100
434,09:39:42,$ 3312.8033,300
435,09:39:37,$ 3313.10,100
436,09:39:36,$ 3313.7596,100
437,09:39:35,$ 3312.74,150
438,09:39:30,$ 3313.12,100
439,09:39:30,$ 3313.11,100
440,09:39:28,$ 3314.06,100
442,09:39:28,$ 3314.40,115
443,09:39:25,$ 3313.76,100
444,09:39:25,$ 3313.12,100
445,09:39:25,$ 3313.275,100
446,09:39:25,$ 3313.20,100
447,09:39:25,$ 3313.21,100
448,09:39:24,$ 3314.3899,100
449,09:39:24,$ 3313.79,100
450,09:39:21,$ 3313.57,100
451,09:39:21,$ 3313.58,100
452,09:39:21,$ 3314.745,100
453,09:39:21,$ 3313.57,100
454,09:39:21,$ 3313.58,100
455,09:39:21,$ 3314.805,100
456,09:39:20,$ 3313.85,100
457,09:39:20,$ 3314.05,100
458,09:39:20,$ 3313.54,100
459,09:39:19,$ 3313.51,100
460,09:39:18,$ 3314.545,100
461,09:39:18,$ 3314.595,100
463,09:39:18,$ 3314.63,100
464,09:39:18,$ 3313.07,100
465,09:39:17,$ 3313.43,100
466,09:39:17,$ 3314.00,100
467,09:39:17,$ 3315.525,100
468,09:39:17,$ 3315.18,100
469,09:39:17,$ 3315.605,100
470,09:39:15,$ 3316.05,100
471,09:39:15,$ 3316.05,100
472,09:39:15,$ 3316.05,125
473,09:39:15,$ 3316.05,100
474,09:39:15,$ 3316.05,100
475,09:39:15,$ 3316.05,158
476,09:39:15,$ 3316.05,125
477,09:39:15,$ 3316.05,100
478,09:39:15,$ 3316.05,100
479,09:39:15,$ 3316.05,100
480,09:39:15,$ 3316.05,100
481,09:39:15,$ 3316.05,100
482,09:39:15,$ 3316.0499,200
484,09:39:14,$ 3315.605,100
485,09:39:14,$ 3316.03,100
486,09:39:14,$ 3316.05,100
487,09:39:14,$ 3316.05,100
488,09:39:13,$ 3316.0934,298
489,09:39:13,$ 3316.0934,280
490,09:39:09,$ 3316.07,100
491,09:39:09,$ 3316.20,100
492,09:39:08,$ 3317.25,100
493,09:39:03,$ 3317.99,100
494,09:39:02,$ 3318.08,100
495,09:39:02,$ 3317.24,100
496,09:39:02,$ 3316.73,100
497,09:39:02,$ 3317.24,100
498,09:39:02,$ 3317.44,100
499,09:39:02,$ 3317.32,100
500,09:39:02,$ 3317.25,100
501,09:39:02,$ 3317.51,100
502,09:39:01,$ 3318.65,100
503,09:39:01,$ 3318.81,100
505,09:39:00,$ 3317.24,100
506,09:38:58,$ 3318.01,143
507,09:38:58,$ 3317.82,100
508,09:38:57,$ 3317.20,100
509,09:38:57,$ 3317.73,100
510,09:38:52,$ 3318.5735,450
511,09:38:50,$ 3318.20,100
512,09:38:50,$ 3318.38,100
513,09:38:49,$ 3320.72,100
514,09:38:49,$ 3320.73,100
515,09:38:47,$ 3321.52,100
516,09:38:43,$ 3320.81,100
517,09:38:42,$ 3321.11,100
518,09:38:42,$ 3321.53,100
519,09:38:42,$ 3321.52,100
520,09:38:42,$ 3322.23,100
521,09:38:39,$ 3322.385,200
522,09:38:38,$ 3321.6912,"1,000"
523,09:38:36,$ 3322.47,100
524,09:38:36,$ 3322.795,100
526,09:38:36,$ 3322.54,100
527,09:38:36,$ 3322.535,100
528,09:38:35,$ 3322.535,100
529,09:38:35,$ 3322.35,100
530,09:38:35,$ 3322.51,100
531,09:38:35,$ 3322.10,100
532,09:38:34,$ 3321.705,100
533,09:38:33,$ 3322.54,125
534,09:38:33,$ 3322.54,125
535,09:38:33,$ 3322.54,125
536,09:38:30,$ 3322.54,100
537,09:38:28,$ 3322.53,100
538,09:38:21,$ 3324.5599,100
539,09:38:20,$ 3323.91,100
540,09:38:19,$ 3324.41,100
541,09:38:19,$ 3323.97,100
542,09:38:16,$ 3324.01,100
543,09:38:16,$ 3324.09,100
544,09:38:16,$ 3324.06,100
545,09:38:14,$ 3324.59,300
547,09:38:09,$ 3325.13,100
548,09:38:09,$ 3325.13,100
549,09:38:08,$ 3325.34,100
550,09:38:08,$ 3325.15,100
551,09:38:03,$ 3325.01,100
552,09:37:56,$ 3325.23,100
553,09:37:55,$ 3326.17,100
554,09:37:55,$ 3326.62,100
555,09:37:54,$ 3326.25,100
556,09:37:54,$ 3325.45,100
557,09:37:52,$ 3326.18,100
558,09:37:51,$ 3324.32,100
559,09:37:49,$ 3324.415,100
560,09:37:45,$ 3322.74,100
561,09:37:44,$ 3322.2443,236
562,09:37:39,$ 3322.08,100
563,09:37:39,$ 3322.18,100
564,09:37:39,$ 3322.23,100
565,09:37:38,$ 3322.38,100
566,09:37:35,$ 3324.75,100
568,09:37:35,$ 3325.56,100
569,09:37:35,$ 3325.50,100
570,09:37:35,$ 3324.84,100
571,09:37:35,$ 3325.51,100
572,09:37:35,$ 3325.40,100
573,09:37:35,$ 3325.15,100
574,09:37:35,$ 3324.84,100
575,09:37:35,$ 3325.13,100
576,09:37:34,$ 3324.98,100
577,09:37:33,$ 3324.97,100
578,09:37:33,$ 3324.97,100
579,09:37:33,$ 3324.00,100
580,09:37:32,$ 3324.00,100
581,09:37:32,$ 3324.47,100
582,09:37:32,$ 3324.46,100
583,09:37:32,$ 3325.02,100
584,09:37:30,$ 3326.70,100
585,09:37:30,$ 3326.67,100
586,09:37:27,$ 3325.751,250
587,09:37:26,$ 3325.52,100
589,09:37:26,$ 3325.55,100
590,09:37:26,$ 3325.55,100
591,09:37:24,$ 3326.545,100
592,09:37:22,$ 3326.75,100
593,09:37:21,$ 3327.205,100
594,09:37:21,$ 3325.80,100
595,09:37:15,$ 3327.84,100
596,09:37:14,$ 3328.42,100
597,09:37:13,$ 3327.37,100
598,09:37:13,$ 3328.91,100
599,09:37:13,$ 3327.98,100
600,09:37:13,$ 3327.92,100
601,09:37:13,$ 3330.20,100
602,09:37:13,$ 3330.96,100
603,09:37:09,$ 3330.58,100
604,09:37:06,$ 3332.03,100
605,09:37:06,$ 3332.03,100
606,09:37:06,$ 3332.03,100
607,09:37:05,$ 3333.00,100
608,09:37:05,$ 3333.33,100
610,09:37:04,$ 3333.33,100
611,09:37:04,$ 3333.47,100
612,09:37:03,$ 3334.00,315
613,09:37:03,$ 3334.06,100
614,09:37:03,$ 3333.96,100
615,09:37:03,$ 3334.00,149
616,09:37:03,$ 3334.00,100
617,09:37:03,$ 3334.00,100
618,09:37:03,$ 3334.00,100
619,09:37:01,$ 3334.02,100
620,09:37:01,$ 3334.00,100
621,09:37:01,$ 3334.03,100
622,09:37:00,$ 3335.00,100
623,09:37:00,$ 3335.00,150
624,09:36:59,$ 3335.05,100
625,09:36:59,$ 3335.145,100
626,09:36:54,$ 3336.00,100
627,09:36:50,$ 3337.00,100
628,09:36:49,$ 3337.00,100
629,09:36:49,$ 3337.00,100
631,09:36:49,$ 3337.23,200
632,09:36:48,$ 3337.23,100
633,09:36:47,$ 3338.322,200
634,09:36:47,$ 3337.265,100
635,09:36:47,$ 3337.245,100
636,09:36:47,$ 3337.31,100
637,09:36:47,$ 3337.32,100
638,09:36:45,$ 3338.165,100
639,09:36:45,$ 3338.165,100
640,09:36:42,$ 3338.61,100
641,09:36:39,$ 3339.22,100
642,09:36:37,$ 3340.75,100
643,09:36:37,$ 3340.52,100
644,09:36:37,$ 3340.41,100
645,09:36:37,$ 3340.37,100
646,09:36:34,$ 3340.75,200
647,09:36:34,$ 3340.75,200
648,09:36:34,$ 3340.75,300
649,09:36:34,$ 3340.75,200
650,09:36:34,$ 3340.75,200
652,09:36:34,$ 3340.75,400
653,09:36:29,$ 3341.88,100
654,09:36:27,$ 3341.2875,398
655,09:36:21,$ 3339.875,100
656,09:36:21,$ 3340.75,100
657,09:36:20,$ 3340.75,253
658,09:36:19,$ 3340.75,100
659,09:36:19,$ 3340.75,100
660,09:36:16,$ 3340.61,100
661,09:36:16,$ 3340.72,100
662,09:36:04,$ 3340.01,100
663,09:36:01,$ 3339.00,103
664,09:35:58,$ 3339.00,100
665,09:35:57,$ 3339.25,100
666,09:35:57,$ 3340.18,100
667,09:35:57,$ 3340.17,100
668,09:35:56,$ 3340.73,100
669,09:35:48,$ 3341.27,300
670,09:35:48,$ 3341.37,100
671,09:35:44,$ 3341.58,267
673,09:35:39,$ 3341.085,100
674,09:35:33,$ 3341.44,100
675,09:35:30,$ 3341.88,100
676,09:35:29,$ 3342.00,100
677,09:35:11,$ 3343.1149,100
678,09:35:05,$ 3343.3754,100
679,09:35:02,$ 3342.89,100
680,09:35:02,$ 3342.50,100
681,09:35:02,$ 3342.49,100
682,09:35:00,$ 3342.53,100
683,09:35:00,$ 3342.50,100
684,09:35:00,$ 3342.43,100
685,09:35:00,$ 3342.50,100
686,09:35:00,$ 3342.50,100
687,09:34:50,$ 3340.785,100
688,09:34:49,$ 3341.22,112
689,09:34:49,$ 3341.22,100
690,09:34:48,$ 3342.00,100
691,09:34:46,$ 3341.7407,205
692,09:34:43,$ 3341.39,100
694,09:34:43,$ 3341.63,100
695,09:34:22,$ 3342.20,100
696,09:34:20,$ 3341.97,100
697,09:34:19,$ 3341.23,100
698,09:34:19,$ 3341.23,100
699,09:34:19,$ 3341.35,100
700,09:34:19,$ 3341.58,156
701,09:34:17,$ 3340.6988,100
702,09:34:15,$ 3341.085,100
703,09:34:12,$ 3341.00,100
704,09:34:10,$ 3341.73,100
705,09:34:10,$ 3341.47,100
706,09:34:10,$ 3341.54,100
707,09:34:08,$ 3340.01,100
708,09:34:08,$ 3340.00,160
709,09:34:08,$ 3340.35,100
710,09:34:08,$ 3340.00,100
711,09:34:08,$ 3340.00,100
712,09:34:08,$ 3340.00,100
713,09:34:08,$ 3340.00,140
715,09:34:08,$ 3340.00,100
716,09:34:04,$ 3342.295,100
717,09:34:04,$ 3341.62,100
718,09:34:04,$ 3342.295,100
719,09:34:00,$ 3342.97,485
720,09:33:59,$ 3342.97,128
721,09:33:57,$ 3343.29,100
722,09:33:52,$ 3343.56,107
723,09:33:52,$ 3343.56,100
724,09:33:52,$ 3343.56,100
725,09:33:52,$ 3343.56,102
726,09:33:49,$ 3344.37,100
727,09:33:48,$ 3343.90,100
728,09:33:45,$ 3344.95,110
729,09:33:42,$ 3344.175,100
730,09:33:41,$ 3344.095,100
731,09:33:40,$ 3344.22,100
732,09:33:34,$ 3345.01,100
733,09:33:33,$ 3345.17,124
734,09:33:33,$ 3345.17,176
736,09:33:33,$ 3345.17,200
737,09:33:32,$ 3344.63,200
738,09:33:26,$ 3345.165,100
739,09:33:25,$ 3345.427,100
740,09:33:25,$ 3346.34,100
741,09:33:25,$ 3346.72,100
742,09:33:25,$ 3346.25,200
743,09:33:25,$ 3346.26,200
744,09:33:25,$ 3346.72,280
745,09:33:25,$ 3346.73,100
746,09:33:25,$ 3346.10,100
747,09:33:25,$ 3346.67,100
748,09:33:24,$ 3346.7299,100
749,09:33:17,$ 3346.54,100
750,09:33:17,$ 3346.73,123
751,09:33:13,$ 3345.655,100
752,09:33:12,$ 3346.10,100
753,09:33:12,$ 3345.91,100
754,09:33:10,$ 3345.10,100
755,09:33:10,$ 3344.74,200
757,09:33:08,$ 3346.10,100
758,09:33:08,$ 3346.10,100
759,09:33:08,$ 3346.05,100
760,09:33:08,$ 3346.04,100
761,09:33:08,$ 3346.05,100
762,09:33:08,$ 3346.10,100
763,09:33:08,$ 3346.10,100
764,09:33:08,$ 3346.10,100
765,09:33:08,$ 3346.09,100
766,09:33:08,$ 3346.10,100
767,09:33:08,$ 3346.00,100
768,09:33:08,$ 3346.09,100
769,09:33:08,$ 3346.05,100
770,09:33:08,$ 3346.10,100
771,09:33:08,$ 3346.05,100
772,09:33:08,$ 3346.04,100
773,09:33:08,$ 3346.05,100
774,09:33:08,$ 3345.675,100
775,09:33:08,$ 3345.60,100
776,09:33:08,$ 3345.93,100
778,09:33:08,$ 3345.63,100
779,09:33:08,$ 3345.41,100
780,09:33:08,$ 3345.40,100
781,09:33:08,$ 3344.97,100
782,09:33:08,$ 3345.41,100
783,09:33:07,$ 3344.59,100
784,09:33:07,$ 3343.60,100
785,09:33:03,$ 3343.57,100
786,09:32:55,$ 3343.5371,100
787,09:32:46,$ 3345.70,100
788,09:32:43,$ 3344.40,100
789,09:32:43,$ 3345.40,199
790,09:32:40,$ 3345.87,100
791,09:32:31,$ 3345.84,100
792,09:32:31,$ 3345.61,100
793,09:32:31,$ 3345.86,100
794,09:32:31,$ 3345.00,195
795,09:32:31,$ 3345.4325,100
796,09:32:30,$ 3345.06,100
797,09:32:23,$ 3345.865,100
799,09:32:23,$ 3345.865,100
800,09:32:23,$ 3345.13,100
801,09:32:18,$ 3345.34,100
802,09:32:18,$ 3345.01,100
803,09:32:18,$ 3345.3114,100
804,09:32:18,$ 3345.34,200
805,09:32:18,$ 3345.11,100
806,09:32:18,$ 3345.4325,100
807,09:32:16,$ 3345.26,100
808,09:32:15,$ 3346.1389,500
809,09:32:05,$ 3346.6332,300
810,09:32:01,$ 3346.84,100
811,09:32:00,$ 3346.8536,200
812,09:32:00,$ 3346.5701,100
813,09:32:00,$ 3347.7997,160
814,09:31:58,$ 3347.275,100
815,09:31:56,$ 3346.665,100
816,09:31:52,$ 3347.00,100
817,09:31:52,$ 3347.00,100
818,09:31:52,$ 3346.89,100
820,09:31:52,$ 3347.00,100
821,09:31:52,$ 3347.00,100
822,09:31:52,$ 3345.8325,100
823,09:31:51,$ 3345.985,100
824,09:31:46,$ 3346.4575,100
825,09:31:44,$ 3346.55,100
826,09:31:44,$ 3345.845,100
827,09:31:42,$ 3346.22,100
828,09:31:42,$ 3346.23,100
829,09:31:40,$ 3345.07,500
830,09:31:36,$ 3345.01,100
831,09:31:34,$ 3344.68,100
832,09:31:33,$ 3345.00,100
833,09:31:32,$ 3345.00,100
834,09:31:29,$ 3344.15,100
835,09:31:20,$ 3343.09,200
836,09:31:16,$ 3343.54,150
837,09:31:13,$ 3343.29,100
838,09:31:13,$ 3343.25,100
839,09:31:13,$ 3343.135,100
841,09:31:13,$ 3343.33,100
842,09:31:13,$ 3343.33,398
843,09:31:13,$ 3343.22,100
844,09:31:13,$ 3343.33,100
845,09:31:13,$ 3343.31,100
846,09:31:13,$ 3343.275,100
847,09:31:10,$ 3342.02,100
848,09:31:10,$ 3342.07,100
849,09:31:10,$ 3342.00,100
850,09:31:07,$ 3340.12,100
851,09:31:05,$ 3340.60,100
852,09:30:57,$ 3341.92,100
853,09:30:56,$ 3340.12,100
854,09:30:52,$ 3338.425,100
855,09:30:51,$ 3340.015,150
856,09:30:50,$ 3340.30,100
857,09:30:50,$ 3339.79,100
858,09:30:50,$ 3340.73,100
859,09:30:43,$ 3340.93,100
860,09:30:42,$ 3340.00,192
862,09:30:42,$ 3340.00,364
863,09:30:42,$ 3339.67,100
864,09:30:42,$ 3339.66,100
865,09:30:42,$ 3339.09,100
866,09:30:41,$ 3337.755,200
867,09:30:40,$ 3338.59,140
868,09:30:39,$ 3337.51,100
869,09:30:38,$ 3338.59,150
870,09:30:36,$ 3337.835,100
871,09:30:30,$ 3339.33,150
872,09:30:25,$ 3338.34,109
873,09:30:23,$ 3337.745,150
874,09:30:21,$ 3338.00,100
875,09:30:19,$ 3339.54,100
876,09:30:19,$ 3339.54,100
877,09:30:19,$ 3339.565,100
878,09:30:17,$ 3338.655,150
879,09:30:11,$ 3339.25,100
880,09:30:11,$ 3339.225,100
881,09:30:11,$ 3339.16,100
883,09:30:11,$ 3339.25,100
884,09:30:10,$ 3337.98,100
885,09:30:10,$ 3338.35,182
886,09:30:09,$ 3337.99,100
887,09:30:07,$ 3337.85,100
888,09:30:07,$ 3337.57,100
889,09:30:07,$ 3336.80,100
890,09:30:07,$ 3337.89,100
891,09:30:05,$ 3336.575,100
892,09:30:04,$ 3336.575,100
893,09:30:03,$ 3336.975,100
894,09:30:03,$ 3336.305,"1,100"
895,09:30:02,$ 3336.91,100
896,09:30:02,$ 3336.95,100
897,09:30:02,$ 3335.64,100
898,09:30:02,$ 3335.63,100
899,09:30:02,$ 3335.56,485
900,09:30:02,$ 3335.56,200
901,09:30:02,$ 3335.84,1
902,09:30:02,$ 3335.84,1
904,09:30:02,$ 3335.84,1
905,09:30:02,$ 3335.84,1
906,09:30:02,$ 3335.84,1
907,09:30:02,$ 3335.84,1
908,09:30:02,$ 3335.84,1
909,09:30:02,$ 3335.84,1
910,09:30:02,$ 3335.84,1
911,09:30:02,$ 3335.84,1
912,09:30:02,$ 3335.84,1
913,09:30:02,$ 3335.84,1
914,09:30:02,$ 3335.84,1
915,09:30:02,$ 3335.84,1
916,09:30:02,$ 3335.84,1
917,09:30:02,$ 3335.84,1
918,09:30:02,$ 3335.84,1
919,09:30:02,$ 3335.84,1
920,09:30:02,$ 3335.84,1
921,09:30:02,$ 3335.84,1
922,09:30:02,$ 3335.84,1
923,09:30:02,$ 3335.84,1
925,09:30:02,$ 3335.84,1
926,09:30:02,$ 3335.84,1
927,09:30:02,$ 3335.84,1
928,09:30:02,$ 3335.84,1
929,09:30:02,$ 3335.84,1
930,09:30:02,$ 3335.84,1
931,09:30:02,$ 3335.84,1
932,09:30:02,$ 3335.84,1
933,09:30:02,$ 3335.84,1
934,09:30:02,$ 3335.84,1
935,09:30:02,$ 3335.84,1
936,09:30:02,$ 3335.84,1
937,09:30:02,$ 3335.84,1
938,09:30:02,$ 3335.84,1
939,09:30:02,$ 3335.84,1
940,09:30:02,$ 3335.84,1
941,09:30:02,$ 3335.84,1
942,09:30:02,$ 3335.84,14
943,09:30:02,$ 3335.84,1
944,09:30:02,$ 3335.84,1
946,09:30:02,$ 3335.84,1
947,09:30:02,$ 3335.84,15
948,09:30:02,$ 3335.84,3
949,09:30:02,$ 3335.84,1
950,09:30:02,$ 3335.84,1
951,09:30:02,$ 3335.84,1
952,09:30:02,$ 3335.84,1
953,09:30:02,$ 3335.84,1
954,09:30:02,$ 3335.84,1
955,09:30:02,$ 3335.84,1
956,09:30:02,$ 3335.84,1
957,09:30:02,$ 3335.84,1
958,09:30:02,$ 3335.84,1
959,09:30:02,$ 3335.84,1
960,09:30:02,$ 3335.84,1
961,09:30:02,$ 3335.84,2
962,09:30:02,$ 3335.84,1
963,09:30:02,$ 3335.84,24
964,09:30:02,$ 3335.84,39
965,09:30:02,$ 3335.84,55
967,09:30:02,$ 3335.84,80
968,09:30:02,$ 3335.84,4
969,09:30:02,$ 3335.84,10
970,09:30:02,$ 3335.84,30
971,09:30:02,$ 3335.84,15
972,09:30:02,$ 3335.84,1
973,09:30:02,$ 3335.84,106
974,09:30:02,$ 3335.84,3
975,09:30:02,$ 3335.84,53
976,09:30:02,$ 3335.84,1
977,09:30:02,$ 3335.84,3
978,09:30:02,$ 3335.84,1
979,09:30:02,$ 3335.84,3
980,09:30:02,$ 3335.84,20
981,09:30:02,$ 3335.84,2
982,09:30:02,$ 3335.84,2
983,09:30:02,$ 3335.84,2
984,09:30:02,$ 3335.84,1
985,09:30:02,$ 3335.84,26
986,09:30:02,$ 3335.84,7
988,09:30:02,$ 3335.84,15
989,09:30:02,$ 3335.84,3
990,09:30:02,$ 3335.84,4
991,09:30:02,$ 3335.84,1
992,09:30:02,$ 3335.84,3
993,09:30:02,$ 3335.84,10
994,09:30:02,$ 3335.84,3
995,09:30:02,$ 3335.84,4
996,09:30:02,$ 3335.84,9
997,09:30:02,$ 3335.84,2
998,09:30:02,$ 3335.84,10
999,09:30:02,$ 3335.84,1
1000,09:30:02,$ 3335.84,2
1001,09:30:02,$ 3335.84,1
1002,09:30:02,$ 3335.84,20
1003,09:30:02,$ 3335.84,1
1004,09:30:02,$ 3335.84,2
1005,09:30:02,$ 3335.84,5
1006,09:30:02,$ 3335.84,1
1007,09:30:02,$ 3335.84,1
1009,09:30:02,$ 3335.84,6
1010,09:30:02,$ 3335.84,30
1011,09:30:02,$ 3335.84,2
1012,09:30:02,$ 3335.84,1
1013,09:30:02,$ 3335.84,6
1014,09:30:02,$ 3335.84,5
1015,09:30:02,$ 3335.84,2
1016,09:30:02,$ 3335.84,30
1017,09:30:02,$ 3335.84,3
1018,09:30:02,$ 3335.84,5
1019,09:30:02,$ 3335.84,3
1020,09:30:02,$ 3335.84,1
1021,09:30:02,$ 3335.84,10
1022,09:30:02,$ 3335.84,1
1023,09:30:02,$ 3335.84,2
1024,09:30:02,$ 3335.84,4
1025,09:30:02,$ 3335.84,5
1026,09:30:02,$ 3335.84,3
1027,09:30:02,$ 3335.84,1
1028,09:30:02,$ 3335.84,2
1030,09:30:02,$ 3335.84,1
1031,09:30:02,$ 3335.84,1
1032,09:30:02,$ 3335.84,2
1033,09:30:02,$ 3335.84,10
1034,09:30:02,$ 3335.84,1
1035,09:30:02,$ 3335.84,1
1036,09:30:02,$ 3335.84,90
1037,09:30:02,$ 3335.84,1
1038,09:30:02,$ 3335.84,1
1039,09:30:02,$ 3335.84,10
1040,09:30:02,$ 3335.84,2
1041,09:30:02,$ 3335.84,5
1042,09:30:02,$ 3335.84,10
1043,09:30:02,$ 3335.84,20
1044,09:30:02,$ 3335.84,3
1045,09:30:02,$ 3335.84,15
1046,09:30:02,$ 3335.84,5
1047,09:30:02,$ 3335.84,2
1048,09:30:02,$ 3335.84,2
1049,09:30:02,$ 3335.84,4
1051,09:30:02,$ 3335.84,1
1052,09:30:02,$ 3335.84,2
1053,09:30:02,$ 3335.84,1
1054,09:30:02,$ 3335.84,3
1055,09:30:02,$ 3335.84,2
1056,09:30:02,$ 3335.84,5
1057,09:30:02,$ 3335.84,20
1058,09:30:02,$ 3335.84,1
1059,09:30:02,$ 3335.84,3
1060,09:30:02,$ 3335.84,2
1061,09:30:02,$ 3335.84,2
1062,09:30:02,$ 3335.84,10
1063,09:30:02,$ 3335.84,2
1064,09:30:02,$ 3335.84,1
1065,09:30:02,$ 3335.84,1
1066,09:30:02,$ 3335.84,1
1067,09:30:02,$ 3335.84,1
1068,09:30:02,$ 3335.84,2
1069,09:30:02,$ 3335.84,8
1070,09:30:02,$ 3335.84,1
1072,09:30:02,$ 3335.84,1
1073,09:30:02,$ 3335.84,2
1074,09:30:02,$ 3335.84,1
1075,09:30:02,$ 3335.84,5
1076,09:30:02,$ 3335.84,50
1077,09:30:02,$ 3335.84,1
1078,09:30:02,$ 3335.84,1
1079,09:30:02,$ 3335.84,1
1080,09:30:02,$ 3335.84,1
1081,09:30:02,$ 3335.84,1
1082,09:30:02,$ 3335.84,3
1083,09:30:02,$ 3335.84,1
1084,09:30:02,$ 3335.84,100
1085,09:30:02,$ 3335.84,2
1086,09:30:02,$ 3335.84,1
1087,09:30:02,$ 3335.84,5
1088,09:30:02,$ 3335.84,1
1089,09:30:02,$ 3335.84,47
1090,09:30:02,$ 3335.84,2
1091,09:30:02,$ 3335.84,8
1093,09:30:02,$ 3335.84,1
1094,09:30:02,$ 3335.84,5
1095,09:30:02,$ 3335.84,1
1096,09:30:02,$ 3335.84,15
1097,09:30:02,$ 3335.84,2
1098,09:30:02,$ 3335.84,3
1099,09:30:02,$ 3335.84,2
1100,09:30:02,$ 3335.84,5
1101,09:30:02,$ 3335.84,11
1102,09:30:02,$ 3335.84,1
1103,09:30:02,$ 3335.84,1
1104,09:30:02,$ 3335.84,171
1105,09:30:02,$ 3335.84,1
1106,09:30:02,$ 3335.84,2
1107,09:30:02,$ 3335.84,1
1108,09:30:02,$ 3335.84,4
1109,09:30:02,$ 3335.84,10
1110,09:30:02,$ 3335.84,20
1111,09:30:02,$ 3335.84,1
1112,09:30:02,$ 3335.84,1
1114,09:30:02,$ 3335.84,12
1115,09:30:02,$ 3335.84,1
1116,09:30:02,$ 3335.84,4
1117,09:30:02,$ 3335.84,1
1118,09:30:02,$ 3335.84,1
1119,09:30:02,$ 3335.84,10
1120,09:30:02,$ 3335.84,5
1121,09:30:02,$ 3335.84,22
1122,09:30:02,$ 3335.84,1
1123,09:30:02,$ 3335.84,1
1124,09:30:02,$ 3335.84,3
1125,09:30:02,$ 3335.84,1
1126,09:30:02,$ 3335.84,3
1127,09:30:02,$ 3335.84,1
1128,09:30:02,$ 3335.84,20
1129,09:30:02,$ 3335.84,1
1130,09:30:02,$ 3335.84,1
1131,09:30:02,$ 3335.84,12
1132,09:30:02,$ 3335.84,1
1133,09:30:02,$ 3335.84,5
1135,09:30:02,$ 3335.84,78
1136,09:30:02,$ 3335.84,5
1137,09:30:02,$ 3335.84,2
1138,09:30:02,$ 3335.84,2
1139,09:30:02,$ 3335.84,100
1140,09:30:02,$ 3335.84,9
1141,09:30:02,$ 3335.84,2
1142,09:30:02,$ 3335.84,5
1143,09:30:02,$ 3335.84,3
1144,09:30:02,$ 3335.84,2
1145,09:30:02,$ 3335.84,1
1146,09:30:02,$ 3335.84,1
1147,09:30:02,$ 3335.84,2
1148,09:30:02,$ 3335.84,10
1149,09:30:02,$ 3335.84,5
1150,09:30:02,$ 3335.84,11
1151,09:30:02,$ 3335.84,1
1152,09:30:02,$ 3335.84,2
1153,09:30:02,$ 3335.84,3
1154,09:30:02,$ 3335.84,3
1156,09:30:02,$ 3335.84,3
1157,09:30:02,$ 3335.84,4
1158,09:30:02,$ 3335.84,3
1159,09:30:02,$ 3335.84,2
1160,09:30:02,$ 3335.84,3
1161,09:30:02,$ 3335.84,5
1162,09:30:02,$ 3335.84,3
1163,09:30:02,$ 3335.84,5
1164,09:30:02,$ 3335.84,4
1165,09:30:02,$ 3335.84,5
1166,09:30:02,$ 3335.84,2
1167,09:30:02,$ 3335.84,3
1168,09:30:02,$ 3335.84,3
1169,09:30:02,$ 3335.84,3
1170,09:30:02,$ 3335.84,2
1171,09:30:02,$ 3335.84,2
1172,09:30:02,$ 3335.84,2
1173,09:30:02,$ 3335.84,3
1174,09:30:02,$ 3335.84,4
1175,09:30:02,$ 3335.84,2
1177,09:30:02,$ 3335.84,10
1178,09:30:02,$ 3335.84,115
1179,09:30:02,$ 3335.84,1
1180,09:30:02,$ 3335.84,1
1181,09:30:02,$ 3335.84,15
1182,09:30:02,$ 3335.84,17
1183,09:30:02,$ 3335.84,11
1184,09:30:02,$ 3335.84,15
1185,09:30:02,$ 3335.84,1
1186,09:30:02,$ 3335.84,7
1187,09:30:02,$ 3335.84,90
1188,09:30:02,$ 3335.84,5
1189,09:30:02,$ 3335.84,30
1190,09:30:02,$ 3335.84,4
1191,09:30:02,$ 3335.84,1
1192,09:30:02,$ 3335.84,3
1193,09:30:02,$ 3335.84,1
1194,09:30:02,$ 3335.84,10
1195,09:30:02,$ 3335.84,20
1196,09:30:02,$ 3335.84,18
1198,09:30:02,$ 3335.84,15
1199,09:30:02,$ 3335.84,23
1200,09:30:02,$ 3335.84,1
1201,09:30:02,$ 3335.84,3
1202,09:30:02,$ 3335.84,1
1203,09:30:02,$ 3335.84,4
1204,09:30:02,$ 3335.84,2
1205,09:30:02,$ 3335.84,60
1206,09:30:02,$ 3335.84,3
1207,09:30:02,$ 3335.84,2
1208,09:30:02,$ 3335.84,2
1209,09:30:02,$ 3335.84,1
1210,09:30:02,$ 3335.84,7
1211,09:30:02,$ 3335.84,7
1212,09:30:02,$ 3335.84,90
1213,09:30:02,$ 3335.84,1
1214,09:30:02,$ 3335.84,1
1215,09:30:02,$ 3335.84,1
1216,09:30:02,$ 3335.84,2
1217,09:30:02,$ 3335.84,300
1219,09:30:02,$ 3335.84,1
1220,09:30:02,$ 3335.84,1
1221,09:30:02,$ 3335.84,1
1222,09:30:02,$ 3335.84,1
1223,09:30:02,$ 3335.84,1
1224,09:30:02,$ 3335.84,1
1225,09:30:02,$ 3335.84,1
1226,09:30:02,$ 3335.84,2
1227,09:30:02,$ 3335.84,1
1228,09:30:02,$ 3335.84,2
1229,09:30:02,$ 3335.84,3
1230,09:30:02,$ 3335.84,60
1231,09:30:02,$ 3335.84,1
1232,09:30:02,$ 3335.84,4
1233,09:30:02,$ 3335.84,4
1234,09:30:02,$ 3335.84,1
1235,09:30:02,$ 3335.84,5
1236,09:30:02,$ 3335.84,15
1237,09:30:02,$ 3335.84,1
1238,09:30:02,$ 3335.84,9
1240,09:30:02,$ 3335.84,45
1241,09:30:02,$ 3335.84,3
1242,09:30:02,$ 3335.84,2
1243,09:30:02,$ 3335.84,1
1244,09:30:02,$ 3335.84,1
1245,09:30:02,$ 3335.84,2
1246,09:30:02,$ 3335.84,1
1247,09:30:02,$ 3335.84,1
1248,09:30:02,$ 3335.84,1
1249,09:30:02,$ 3335.84,1
1250,09:30:02,$ 3335.84,1
1251,09:30:02,$ 3335.84,1
1252,09:30:02,$ 3335.84,1
1253,09:30:02,$ 3335.84,1
1254,09:30:02,$ 3335.84,20
1255,09:30:02,$ 3335.84,2
1256,09:30:02,$ 3335.84,15
1257,09:30:02,$ 3335.84,4
1258,09:30:02,$ 3335.84,8
1259,09:30:02,$ 3335.84,2
1261,09:30:02,$ 3335.84,1
1262,09:30:02,$ 3335.84,3
1263,09:30:02,$ 3335.84,1
1264,09:30:02,$ 3335.84,2
1265,09:30:02,$ 3335.84,1
1266,09:30:02,$ 3335.84,1
1267,09:30:02,$ 3335.84,48
1268,09:30:02,$ 3335.84,1
1269,09:30:02,$ 3335.84,25
1270,09:30:02,$ 3335.84,1
1271,09:30:02,$ 3335.84,4
1272,09:30:02,$ 3335.84,4
1273,09:30:02,$ 3335.84,1
1274,09:30:02,$ 3335.84,1
1275,09:30:02,$ 3335.84,1
1276,09:30:02,$ 3335.84,1
1277,09:30:02,$ 3335.84,1
1278,09:30:02,$ 3335.84,1
1279,09:30:02,$ 3335.84,1
1280,09:30:02,$ 3335.84,10
1282,09:30:02,$ 3335.84,1
1283,09:30:02,$ 3335.84,10
1284,09:30:02,$ 3335.84,6
1285,09:30:02,$ 3335.84,1
1286,09:30:02,$ 3335.84,5
1287,09:30:02,$ 3335.84,2
1288,09:30:02,$ 3335.84,1
1289,09:30:02,$ 3335.84,30
1290,09:30:02,$ 3335.84,3
1291,09:30:02,$ 3335.84,20
1292,09:30:02,$ 3335.84,1
1293,09:30:02,$ 3335.84,1
1294,09:30:02,$ 3335.84,3
1295,09:30:02,$ 3335.84,12
1296,09:30:02,$ 3335.84,11
1297,09:30:02,$ 3335.84,12
1298,09:30:02,$ 3335.84,10
1299,09:30:02,$ 3335.84,4
1300,09:30:02,$ 3335.84,7
1301,09:30:02,$ 3335.84,2
1303,09:30:02,$ 3335.84,1
1304,09:30:02,$ 3335.84,1
1305,09:30:02,$ 3335.84,2
1306,09:30:02,$ 3335.84,1
1307,09:30:02,$ 3335.84,1
1308,09:30:02,$ 3335.84,2
1309,09:30:02,$ 3335.84,3
1310,09:30:02,$ 3335.84,1
1311,09:30:02,$ 3335.84,1
1312,09:30:02,$ 3335.84,1
1313,09:30:02,$ 3335.84,2
1314,09:30:02,$ 3335.84,1
1315,09:30:02,$ 3335.84,3
1316,09:30:02,$ 3335.84,3
1317,09:30:02,$ 3335.84,2
1318,09:30:02,$ 3335.84,45
1319,09:30:02,$ 3335.84,15
1320,09:30:02,$ 3335.84,2
1321,09:30:02,$ 3335.84,200
1322,09:30:02,$ 3335.84,1
1324,09:30:02,$ 3335.84,1
1325,09:30:02,$ 3335.84,1
1326,09:30:02,$ 3335.84,5
1327,09:30:02,$ 3335.84,3
1328,09:30:02,$ 3335.84,1
1329,09:30:02,$ 3335.84,1
1330,09:30:02,$ 3335.84,4
1331,09:30:02,$ 3335.84,2
1332,09:30:02,$ 3335.84,3
1333,09:30:02,$ 3335.84,1
1334,09:30:02,$ 3335.84,2
1335,09:30:02,$ 3335.84,1
1336,09:30:02,$ 3335.84,6
1337,09:30:02,$ 3335.84,1
1338,09:30:02,$ 3335.84,10
1339,09:30:02,$ 3335.84,7
1340,09:30:02,$ 3335.84,20
1341,09:30:02,$ 3335.84,1
1342,09:30:02,$ 3335.84,2
1343,09:30:02,$ 3335.84,7
1345,09:30:02,$ 3335.84,10
1346,09:30:02,$ 3335.84,1
1347,09:30:02,$ 3335.84,1
1348,09:30:02,$ 3335.84,1
1349,09:30:02,$ 3335.84,5
1350,09:30:02,$ 3335.84,4
1351,09:30:02,$ 3335.84,10
1352,09:30:02,$ 3335.84,8
1353,09:30:02,$ 3335.84,3
1354,09:30:02,$ 3335.84,3
1355,09:30:02,$ 3335.84,8
1356,09:30:02,$ 3335.84,12
1357,09:30:02,$ 3335.84,1
1358,09:30:02,$ 3335.84,11
1359,09:30:02,$ 3335.84,3
1360,09:30:02,$ 3335.84,2
1361,09:30:02,$ 3335.84,1
1362,09:30:02,$ 3335.84,1
1363,09:30:02,$ 3335.84,2
1364,09:30:02,$ 3335.84,3
1366,09:30:02,$ 3335.84,10
1367,09:30:02,$ 3335.84,2
1368,09:30:02,$ 3335.84,1
1369,09:30:02,$ 3335.84,2
1370,09:30:02,$ 3335.84,6
1371,09:30:02,$ 3335.84,1
1372,09:30:02,$ 3335.84,16
1373,09:30:02,$ 3335.84,3
1374,09:30:02,$ 3335.84,3
1375,09:30:02,$ 3335.84,3
1376,09:30:02,$ 3335.84,2
1377,09:30:02,$ 3335.84,3
1378,09:30:02,$ 3335.84,5
1379,09:30:02,$ 3335.84,10
1380,09:30:02,$ 3335.84,1
1381,09:30:02,$ 3335.84,10
1382,09:30:02,$ 3335.84,7
1383,09:30:02,$ 3335.84,1
1384,09:30:02,$ 3335.84,1
1385,09:30:02,$ 3335.84,3
1387,09:30:02,$ 3335.84,25
1388,09:30:02,$ 3335.84,16
1389,09:30:02,$ 3335.84,2
1390,09:30:02,$ 3335.84,1
1391,09:30:02,$ 3335.84,3
1392,09:30:02,$ 3335.84,1
1393,09:30:02,$ 3335.84,2
1394,09:30:02,$ 3335.84,1
1395,09:30:02,$ 3335.84,2
1396,09:30:02,$ 3335.84,1
1397,09:30:02,$ 3335.84,1
1398,09:30:02,$ 3335.84,5
1399,09:30:02,$ 3335.84,1
1400,09:30:02,$ 3335.84,1
1401,09:30:02,$ 3335.84,2
1402,09:30:02,$ 3335.84,2
1403,09:30:02,$ 3335.84,1
1404,09:30:02,$ 3335.84,2
1405,09:30:02,$ 3335.84,2
1406,09:30:02,$ 3335.84,1
1408,09:30:02,$ 3335.84,2
1409,09:30:02,$ 3335.84,1
1410,09:30:02,$ 3335.84,2
1411,09:30:02,$ 3335.84,3
1412,09:30:02,$ 3335.84,1
1413,09:30:02,$ 3335.84,1
1414,09:30:02,$ 3335.84,2
1415,09:30:02,$ 3335.84,1
1416,09:30:02,$ 3335.84,2
1417,09:30:02,$ 3335.84,2
1418,09:30:02,$ 3335.84,3
1419,09:30:02,$ 3335.84,1
1420,09:30:02,$ 3335.84,1
1421,09:30:02,$ 3335.84,1
1422,09:30:02,$ 3335.84,2
1423,09:30:02,$ 3335.84,3
1424,09:30:02,$ 3335.84,3
1425,09:30:02,$ 3335.84,7
1426,09:30:02,$ 3335.84,5
1427,09:30:02,$ 3335.84,1
1429,09:30:02,$ 3335.84,8
1430,09:30:02,$ 3335.84,2
1431,09:30:02,$ 3335.84,2
1432,09:30:02,$ 3335.84,7
1433,09:30:02,$ 3335.84,3
1434,09:30:02,$ 3335.84,1
1435,09:30:02,$ 3335.84,12
1436,09:30:02,$ 3335.84,1
1437,09:30:02,$ 3335.84,10
1438,09:30:02,$ 3335.84,1
1439,09:30:02,$ 3335.84,3
1440,09:30:02,$ 3335.84,1
1441,09:30:02,$ 3335.84,2
1442,09:30:02,$ 3335.84,2
1443,09:30:02,$ 3335.84,1
1444,09:30:02,$ 3335.84,1
1445,09:30:02,$ 3335.84,1
1446,09:30:02,$ 3335.84,4
1447,09:30:02,$ 3335.84,14
1448,09:30:02,$ 3335.84,1
1450,09:30:02,$ 3335.84,2
1451,09:30:02,$ 3335.84,1
1452,09:30:02,$ 3335.84,1
1453,09:30:02,$ 3335.84,10
1454,09:30:02,$ 3335.84,1
1455,09:30:02,$ 3335.84,4
1456,09:30:02,$ 3335.84,1
1457,09:30:02,$ 3335.84,1
1458,09:30:02,$ 3335.84,3
1459,09:30:02,$ 3335.84,1
1460,09:30:02,$ 3335.84,2
1461,09:30:02,$ 3335.84,12
1462,09:30:02,$ 3335.84,2
1463,09:30:02,$ 3335.84,1
1464,09:30:02,$ 3335.84,10
1465,09:30:02,$ 3335.84,10
1466,09:30:02,$ 3335.84,4
1467,09:30:02,$ 3335.84,22
1468,09:30:02,$ 3335.84,3
1469,09:30:02,$ 3335.84,3
1471,09:30:02,$ 3335.84,1
1472,09:30:02,$ 3335.84,1
1473,09:30:02,$ 3335.84,3
1474,09:30:02,$ 3335.84,5
1475,09:30:02,$ 3335.84,1
1476,09:30:02,$ 3335.84,4
1477,09:30:02,$ 3335.84,10
1478,09:30:02,$ 3335.84,1
1479,09:30:02,$ 3335.84,3
1480,09:30:02,$ 3335.84,3
1481,09:30:02,$ 3335.84,4
1482,09:30:02,$ 3335.84,1
1483,09:30:02,$ 3335.84,30
1484,09:30:02,$ 3335.84,15
1485,09:30:02,$ 3335.84,9
1486,09:30:02,$ 3335.84,6
1487,09:30:02,$ 3335.84,1
1488,09:30:02,$ 3335.84,1
1489,09:30:02,$ 3335.84,3
1490,09:30:02,$ 3335.84,2
1492,09:30:02,$ 3335.84,1
1493,09:30:02,$ 3335.84,1
1494,09:30:02,$ 3335.84,2
1495,09:30:02,$ 3335.84,1
1496,09:30:02,$ 3335.84,1
1497,09:30:02,$ 3335.84,30
1498,09:30:02,$ 3335.84,1
1499,09:30:02,$ 3335.84,37
1500,09:30:02,$ 3335.84,1
1501,09:30:02,$ 3335.84,11
1502,09:30:02,$ 3335.84,2
1503,09:30:02,$ 3335.84,3
1504,09:30:02,$ 3335.84,3
1505,09:30:02,$ 3335.84,27
1506,09:30:02,$ 3335.84,18
1507,09:30:02,$ 3335.84,2
1508,09:30:02,$ 3335.84,50
1509,09:30:02,$ 3335.84,10
1510,09:30:02,$ 3335.84,10
1511,09:30:02,$ 3335.84,2
1513,09:30:02,$ 3335.84,12
1514,09:30:02,$ 3335.84,3
1515,09:30:02,$ 3335.84,2
1516,09:30:02,$ 3335.84,3
1517,09:30:02,$ 3335.84,1
1518,09:30:02,$ 3335.84,1
1519,09:30:02,$ 3335.84,1
1520,09:30:02,$ 3335.84,1
1521,09:30:02,$ 3335.84,3
1522,09:30:02,$ 3335.84,1
1523,09:30:02,$ 3335.84,3
1524,09:30:02,$ 3335.84,1
1525,09:30:02,$ 3335.84,3
1526,09:30:02,$ 3335.84,2
1527,09:30:02,$ 3335.84,1
1528,09:30:02,$ 3335.84,1
1529,09:30:02,$ 3335.84,3
1530,09:30:02,$ 3335.84,1
1531,09:30:02,$ 3335.84,1
1532,09:30:02,$ 3335.84,5
1534,09:30:02,$ 3335.84,1
1535,09:30:02,$ 3335.84,1
1536,09:30:02,$ 3335.84,1
1537,09:30:02,$ 3335.84,5
1538,09:30:02,$ 3335.84,1
1539,09:30:02,$ 3335.84,1
1540,09:30:02,$ 3335.84,3
1541,09:30:02,$ 3335.84,4
1542,09:30:02,$ 3335.84,1
1543,09:30:02,$ 3335.84,2
1544,09:30:02,$ 3335.84,2
1545,09:30:02,$ 3335.84,1
1546,09:30:02,$ 3335.84,1
1547,09:30:02,$ 3335.84,10
1548,09:30:02,$ 3335.84,1
1549,09:30:02,$ 3335.84,1
1550,09:30:02,$ 3335.84,3
1551,09:30:02,$ 3335.84,3
1552,09:30:02,$ 3335.84,1
1553,09:30:02,$ 3335.84,1
1555,09:30:02,$ 3335.84,1
1556,09:30:02,$ 3335.84,145
1557,09:30:02,$ 3335.84,1
1558,09:30:02,$ 3335.84,18
1559,09:30:02,$ 3335.84,1
1560,09:30:02,$ 3335.84,1
1561,09:30:02,$ 3335.84,1
1562,09:30:02,$ 3335.84,1
1563,09:30:02,$ 3335.84,1
1564,09:30:02,$ 3335.84,1
1565,09:30:02,$ 3335.84,1
1566,09:30:02,$ 3335.84,2
1567,09:30:02,$ 3335.84,1
1568,09:30:02,$ 3335.84,1
1569,09:30:02,$ 3335.84,1
1570,09:30:02,$ 3335.84,1
1571,09:30:02,$ 3335.84,1
1572,09:30:02,$ 3335.84,1
1573,09:30:02,$ 3335.84,1
1574,09:30:02,$ 3335.84,1
1576,09:30:02,$ 3335.84,1
1577,09:30:02,$ 3335.84,1
1578,09:30:02,$ 3335.84,1
1579,09:30:02,$ 3335.84,1
1580,09:30:02,$ 3335.84,1
1581,09:30:02,$ 3335.84,1
1582,09:30:02,$ 3335.84,1
1583,09:30:02,$ 3335.84,1
1584,09:30:02,$ 3335.84,1
1585,09:30:02,$ 3335.84,1
1586,09:30:02,$ 3335.84,1
1587,09:30:02,$ 3335.84,2
1588,09:30:02,$ 3335.84,1
1589,09:30:02,$ 3335.84,1
1590,09:30:02,$ 3335.84,1
1591,09:30:02,$ 3335.84,1
1592,09:30:02,$ 3335.84,1
1593,09:30:02,$ 3335.84,2
1594,09:30:02,$ 3335.84,1
1595,09:30:02,$ 3335.84,1
1597,09:30:02,$ 3335.84,10
1598,09:30:02,$ 3335.84,1
1599,09:30:02,$ 3335.84,5
1600,09:30:02,$ 3335.84,1
1601,09:30:02,$ 3335.84,15
1602,09:30:02,$ 3335.84,1
1603,09:30:02,$ 3335.84,1
1604,09:30:02,$ 3335.84,1
1605,09:30:02,$ 3335.84,1
1606,09:30:02,$ 3335.84,9
1607,09:30:02,$ 3335.84,1
1608,09:30:02,$ 3335.84,1
1609,09:30:02,$ 3335.84,1
1610,09:30:02,$ 3335.84,1
1611,09:30:02,$ 3335.84,1
1612,09:30:02,$ 3335.84,1
1613,09:30:02,$ 3335.84,1
1614,09:30:02,$ 3335.84,1
1615,09:30:02,$ 3335.84,1
1616,09:30:02,$ 3335.84,1
1618,09:30:02,$ 3335.84,1
1619,09:30:02,$ 3335.84,1
1620,09:30:02,$ 3335.84,1
1621,09:30:02,$ 3335.84,2
1622,09:30:02,$ 3335.84,1
1623,09:30:02,$ 3335.84,1
1624,09:30:02,$ 3335.84,1
1625,09:30:02,$ 3335.84,1
1626,09:30:02,$ 3335.84,1
1627,09:30:02,$ 3335.84,1
1628,09:30:02,$ 3335.84,1
1629,09:30:02,$ 3335.84,1
1630,09:30:02,$ 3335.84,1
1631,09:30:02,$ 3335.84,1
1632,09:30:02,$ 3335.84,1
1633,09:30:02,$ 3335.84,2
1634,09:30:02,$ 3335.84,1
1635,09:30:02,$ 3335.84,1
1636,09:30:02,$ 3335.84,1
1637,09:30:02,$ 3335.84,1
1639,09:30:02,$ 3335.84,3
1640,09:30:02,$ 3335.84,1
1641,09:30:02,$ 3335.84,1
1642,09:30:02,$ 3335.84,1
1643,09:30:02,$ 3335.84,1
1644,09:30:02,$ 3335.84,1
1645,09:30:02,$ 3335.84,1
1646,09:30:02,$ 3335.84,1
1647,09:30:02,$ 3335.84,2
1648,09:30:02,$ 3335.84,1
1649,09:30:02,$ 3335.84,1
1650,09:30:02,$ 3335.84,1
1651,09:30:02,$ 3335.84,1
1652,09:30:02,$ 3335.84,1
1653,09:30:02,$ 3335.84,1
1654,09:30:02,$ 3335.84,1
1655,09:30:02,$ 3335.84,1
1656,09:30:02,$ 3335.84,1
1657,09:30:02,$ 3335.84,1
1658,09:30:02,$ 3335.84,1
1660,09:30:02,$ 3335.84,1
1661,09:30:02,$ 3335.84,1
1662,09:30:02,$ 3335.84,1
1663,09:30:02,$ 3335.84,1
1664,09:30:02,$ 3335.84,1
1665,09:30:02,$ 3335.84,1
1666,09:30:02,$ 3335.84,1
1667,09:30:02,$ 3335.84,1
1668,09:30:02,$ 3335.84,1
1669,09:30:02,$ 3335.84,1
1670,09:30:02,$ 3335.84,2
1671,09:30:02,$ 3335.84,1
1672,09:30:02,$ 3335.84,1
1673,09:30:02,$ 3335.84,1
1674,09:30:02,$ 3335.84,1
1675,09:30:02,$ 3335.84,1
1676,09:30:02,$ 3335.84,1
1677,09:30:02,$ 3335.84,1
1678,09:30:02,$ 3335.84,1
1679,09:30:02,$ 3335.84,1
1681,09:30:02,$ 3335.84,1
1682,09:30:02,$ 3335.84,1
1683,09:30:02,$ 3335.84,1
1684,09:30:02,$ 3335.84,1
1685,09:30:02,$ 3335.84,1
1686,09:30:02,$ 3335.84,1
1687,09:30:02,$ 3335.84,75
1688,09:30:02,$ 3335.84,50
1689,09:30:02,$ 3335.84,1
1690,09:30:02,$ 3335.84,1
1691,09:30:02,$ 3335.84,1
1692,09:30:02,$ 3335.84,1
1693,09:30:02,$ 3335.84,1
1694,09:30:02,$ 3335.84,1
1695,09:30:02,$ 3335.84,1
1696,09:30:02,$ 3335.84,1
1697,09:30:02,$ 3335.84,1
1698,09:30:02,$ 3335.84,1
1699,09:30:02,$ 3335.84,1
1700,09:30:02,$ 3335.84,1
1702,09:30:02,$ 3335.84,1
1703,09:30:02,$ 3335.84,1
1704,09:30:02,$ 3335.84,1
1705,09:30:02,$ 3335.84,1
1706,09:30:02,$ 3335.84,1
1707,09:30:02,$ 3335.84,1
1708,09:30:02,$ 3335.84,1
1709,09:30:02,$ 3335.84,1
1710,09:30:02,$ 3335.84,1
1711,09:30:02,$ 3335.84,1
1712,09:30:02,$ 3335.84,1
1713,09:30:02,$ 3335.84,1
1714,09:30:02,$ 3335.84,1
1715,09:30:02,$ 3335.84,1
1716,09:30:02,$ 3335.84,1
1717,09:30:02,$ 3335.84,1
1718,09:30:02,$ 3335.84,1
1719,09:30:02,$ 3335.84,1
1720,09:30:02,$ 3335.84,1
1721,09:30:02,$ 3335.84,1
1723,09:30:02,$ 3335.84,1
1724,09:30:02,$ 3335.84,3
1725,09:30:02,$ 3335.84,1
1726,09:30:02,$ 3335.84,1
1727,09:30:02,$ 3335.84,10
1728,09:30:02,$ 3335.84,15
1729,09:30:02,$ 3335.84,1
1730,09:30:02,$ 3335.84,1
1731,09:30:02,$ 3335.84,2
1732,09:30:02,$ 3335.84,15
1733,09:30:02,$ 3335.84,4
1734,09:30:02,$ 3335.84,1
1735,09:30:02,$ 3335.84,1
1736,09:30:02,$ 3335.84,1
1737,09:30:02,$ 3335.84,1
1738,09:30:02,$ 3335.84,1
1739,09:30:02,$ 3335.84,1
1740,09:30:02,$ 3335.84,1
1741,09:30:02,$ 3335.84,1
1742,09:30:02,$ 3335.84,1
1744,09:30:02,$ 3335.84,1
1745,09:30:02,$ 3335.84,1
1746,09:30:02,$ 3335.84,1
1747,09:30:02,$ 3335.84,1
1748,09:30:02,$ 3335.84,1
1749,09:30:02,$ 3335.84,1
1750,09:30:02,$ 3335.84,1
1751,09:30:02,$ 3335.84,1
1752,09:30:02,$ 3335.84,24
1753,09:30:02,$ 3335.84,1
1754,09:30:02,$ 3335.84,1
1755,09:30:02,$ 3335.84,1
1756,09:30:02,$ 3335.84,1
1757,09:30:02,$ 3335.84,1
1758,09:30:02,$ 3335.84,1
1759,09:30:02,$ 3335.84,1
1760,09:30:02,$ 3335.84,1
1761,09:30:02,$ 3335.84,1
1762,09:30:02,$ 3335.84,1
1763,09:30:02,$ 3335.84,1
1765,09:30:02,$ 3335.84,1
1766,09:30:02,$ 3335.84,1
1767,09:30:02,$ 3335.84,1
1768,09:30:02,$ 3335.84,1
1769,09:30:02,$ 3335.84,1
1770,09:30:02,$ 3335.84,1
1771,09:30:02,$ 3335.84,1
1772,09:30:02,$ 3335.84,1
1773,09:30:02,$ 3335.84,1
1774,09:30:02,$ 3335.84,1
1775,09:30:02,$ 3335.84,1
1776,09:30:02,$ 3335.84,1
1777,09:30:02,$ 3335.84,1
1778,09:30:02,$ 3335.84,1
1779,09:30:02,$ 3335.84,1
1780,09:30:02,$ 3335.84,1
1781,09:30:02,$ 3335.84,1
1782,09:30:02,$ 3335.84,1
1783,09:30:02,$ 3335.84,1
1784,09:30:02,$ 3335.84,1
1786,09:30:02,$ 3335.84,1
1787,09:30:02,$ 3335.84,1
1788,09:30:02,$ 3335.84,1
1789,09:30:02,$ 3335.84,1
1790,09:30:02,$ 3335.84,1
1791,09:30:02,$ 3335.84,1
1792,09:30:02,$ 3335.84,1
1793,09:30:02,$ 3335.84,1
1794,09:30:02,$ 3335.84,1
1795,09:30:02,$ 3335.84,4
1796,09:30:02,$ 3335.84,1
1797,09:30:02,$ 3335.84,1
1798,09:30:02,$ 3335.84,1
1799,09:30:02,$ 3335.84,1
1800,09:30:02,$ 3335.84,1
1801,09:30:02,$ 3335.84,1
1802,09:30:02,$ 3335.84,1
1803,09:30:02,$ 3335.84,1
1804,09:30:02,$ 3335.84,1
1805,09:30:02,$ 3335.84,1
1807,09:30:02,$ 3335.84,1
1808,09:30:02,$ 3335.84,1
1809,09:30:02,$ 3335.84,1
1810,09:30:02,$ 3335.84,1
1811,09:30:02,$ 3335.84,1
1812,09:30:02,$ 3335.84,1
1813,09:30:02,$ 3335.84,1
1814,09:30:02,$ 3335.84,1
1815,09:30:02,$ 3335.84,1
1816,09:30:02,$ 3335.84,1
1817,09:30:02,$ 3335.84,1
1818,09:30:02,$ 3335.84,1
1819,09:30:02,$ 3335.84,1
1820,09:30:02,$ 3335.84,1
1821,09:30:02,$ 3335.84,1
1822,09:30:02,$ 3335.84,1
1823,09:30:02,$ 3335.84,1
1824,09:30:02,$ 3335.84,1
1825,09:30:02,$ 3335.84,1
1826,09:30:02,$ 3335.84,1
1828,09:30:02,$ 3335.84,1
1829,09:30:02,$ 3335.84,1
1830,09:30:02,$ 3335.84,1
1831,09:30:02,$ 3335.84,1
1832,09:30:02,$ 3335.84,1
1833,09:30:02,$ 3335.84,1
1834,09:30:02,$ 3335.84,1
1835,09:30:02,$ 3335.84,1
1836,09:30:02,$ 3335.84,1
1837,09:30:02,$ 3335.84,1
1838,09:30:02,$ 3335.84,1
1839,09:30:02,$ 3335.84,1
1840,09:30:02,$ 3335.84,1
1841,09:30:02,$ 3335.84,1
1842,09:30:02,$ 3335.84,1
1843,09:30:02,$ 3335.84,1
1844,09:30:02,$ 3335.84,1
1845,09:30:02,$ 3335.84,1
1846,09:30:02,$ 3335.84,1
1847,09:30:02,$ 3335.84,1
1849,09:30:02,$ 3335.84,1
1850,09:30:02,$ 3335.84,1
1851,09:30:02,$ 3335.84,1
1852,09:30:02,$ 3335.84,1
1853,09:30:02,$ 3335.84,1
1854,09:30:02,$ 3335.84,18
1855,09:30:02,$ 3335.84,1
1856,09:30:02,$ 3335.84,1
1857,09:30:02,$ 3335.84,2
1858,09:30:02,$ 3335.84,1
1859,09:30:02,$ 3335.84,2
1860,09:30:02,$ 3335.84,1
1861,09:30:02,$ 3335.84,3
1862,09:30:02,$ 3335.84,1
1863,09:30:02,$ 3335.84,3
1864,09:30:02,$ 3335.84,10
1865,09:30:02,$ 3335.84,3
1866,09:30:02,$ 3335.84,1
1867,09:30:02,$ 3335.84,1
1868,09:30:02,$ 3335.84,1
1870,09:30:02,$ 3335.84,1
1871,09:30:02,$ 3335.84,1
1872,09:30:02,$ 3335.84,1
1873,09:30:02,$ 3335.84,1
1874,09:30:02,$ 3335.84,1
1875,09:30:02,$ 3335.84,1
1876,09:30:02,$ 3335.84,1
1877,09:30:02,$ 3335.84,1
1878,09:30:02,$ 3335.84,1
1879,09:30:02,$ 3335.84,1
1880,09:30:02,$ 3335.84,1
1881,09:30:02,$ 3335.84,1
1882,09:30:02,$ 3335.84,1
1883,09:30:02,$ 3335.84,1
1884,09:30:02,$ 3335.84,1
1885,09:30:02,$ 3335.84,1
1886,09:30:02,$ 3335.84,1
1887,09:30:02,$ 3335.84,1
1888,09:30:02,$ 3335.84,1
1889,09:30:02,$ 3335.84,1
1891,09:30:02,$ 3335.84,30
1892,09:30:02,$ 3335.84,1
1893,09:30:02,$ 3335.84,1
1894,09:30:02,$ 3335.84,1
1895,09:30:02,$ 3335.84,1
1896,09:30:02,$ 3335.84,1
1897,09:30:02,$ 3335.84,1
1898,09:30:02,$ 3335.84,1
1899,09:30:02,$ 3335.84,1
1900,09:30:02,$ 3335.84,1
1901,09:30:02,$ 3335.84,1
1902,09:30:02,$ 3335.84,1
1903,09:30:02,$ 3335.84,3
1904,09:30:02,$ 3335.84,1
1905,09:30:02,$ 3335.84,1
1906,09:30:02,$ 3335.84,1
1907,09:30:02,$ 3335.84,1
1908,09:30:02,$ 3335.84,1
1909,09:30:02,$ 3335.84,1
1910,09:30:02,$ 3335.84,1
1912,09:30:02,$ 3335.84,1
1913,09:30:02,$ 3335.84,1
1914,09:30:02,$ 3335.84,1
1915,09:30:02,$ 3335.84,1
1916,09:30:02,$ 3335.84,1
1917,09:30:02,$ 3335.84,1
1918,09:30:02,$ 3335.84,1
1919,09:30:02,$ 3335.84,1
1920,09:30:02,$ 3335.84,1
1921,09:30:02,$ 3335.84,1
1922,09:30:02,$ 3335.84,1
1923,09:30:02,$ 3335.84,1
1924,09:30:02,$ 3335.84,3
1925,09:30:02,$ 3335.84,1
1926,09:30:02,$ 3335.84,1
1927,09:30:02,$ 3335.84,1
1928,09:30:02,$ 3335.84,1
1929,09:30:02,$ 3335.84,1
1930,09:30:02,$ 3335.84,1
1931,09:30:02,$ 3335.84,1
1933,09:30:02,$ 3335.84,1
1934,09:30:02,$ 3335.84,1
1935,09:30:02,$ 3335.84,1
1936,09:30:02,$ 3335.84,1
1937,09:30:02,$ 3335.84,1
1938,09:30:02,$ 3335.84,1
1939,09:30:02,$ 3335.84,1
1940,09:30:02,$ 3335.84,1
1941,09:30:02,$ 3335.84,1
1942,09:30:02,$ 3335.84,1
1943,09:30:02,$ 3335.84,1
1944,09:30:02,$ 3335.84,1
1945,09:30:02,$ 3335.84,1
1946,09:30:02,$ 3335.84,1
1947,09:30:02,$ 3335.84,1
1948,09:30:02,$ 3335.84,1
1949,09:30:02,$ 3335.84,1
1950,09:30:02,$ 3335.84,1
1951,09:30:02,$ 3335.84,1
1952,09:30:02,$ 3335.84,1
1954,09:30:02,$ 3335.84,1
1955,09:30:02,$ 3335.84,1
1956,09:30:02,$ 3335.84,1
1957,09:30:02,$ 3335.84,1
1958,09:30:02,$ 3335.84,1
1959,09:30:02,$ 3335.84,1
1960,09:30:02,$ 3335.84,1
1961,09:30:02,$ 3335.84,1
1962,09:30:02,$ 3335.84,1
1963,09:30:02,$ 3335.84,1
1964,09:30:02,$ 3335.84,1
1965,09:30:02,$ 3335.84,1
1966,09:30:02,$ 3335.84,1
1967,09:30:02,$ 3335.84,1
1968,09:30:02,$ 3335.84,1
1969,09:30:02,$ 3335.84,1
1970,09:30:02,$ 3335.84,1
1971,09:30:02,$ 3335.84,1
1972,09:30:02,$ 3335.84,1
1973,09:30:02,$ 3335.84,1
1975,09:30:02,$ 3335.84,1
1976,09:30:02,$ 3335.84,1
1977,09:30:02,$ 3335.84,1
1978,09:30:02,$ 3335.84,1
1979,09:30:02,$ 3335.84,1
1980,09:30:02,$ 3335.84,1
1981,09:30:02,$ 3335.84,1
1982,09:30:02,$ 3335.84,1
1983,09:30:02,$ 3335.84,2
1984,09:30:02,$ 3335.84,1
1985,09:30:02,$ 3335.84,2
1986,09:30:02,$ 3335.84,17
1987,09:30:02,$ 3335.84,2
1988,09:30:02,$ 3335.84,2
1989,09:30:02,$ 3335.84,1
1990,09:30:02,$ 3335.84,22
1991,09:30:02,$ 3335.84,1
1992,09:30:02,$ 3335.84,1
1993,09:30:02,$ 3335.84,3
1994,09:30:02,$ 3335.84,2
1996,09:30:02,$ 3335.84,1
1997,09:30:02,$ 3335.84,1
1998,09:30:02,$ 3335.84,4
1999,09:30:02,$ 3335.84,11
2000,09:30:02,$ 3335.84,6
2001,09:30:02,$ 3335.84,5
2002,09:30:02,$ 3335.84,3
2003,09:30:02,$ 3335.84,1
2004,09:30:02,$ 3335.84,29
2005,09:30:02,$ 3335.84,1
2006,09:30:02,$ 3335.84,1
2007,09:30:02,$ 3335.84,3
2008,09:30:02,$ 3335.84,2
2009,09:30:02,$ 3335.84,2
2010,09:30:02,$ 3335.84,1
2011,09:30:02,$ 3335.84,1
2012,09:30:02,$ 3335.84,10
2013,09:30:02,$ 3335.84,1
2014,09:30:02,$ 3335.84,1
2015,09:30:02,$ 3335.84,1
2017,09:30:02,$ 3335.84,10
2018,09:30:02,$ 3335.84,4
2019,09:30:02,$ 3335.84,3
2020,09:30:02,$ 3335.84,1
2021,09:30:02,$ 3335.84,3
2022,09:30:02,$ 3335.84,1
2023,09:30:02,$ 3335.84,5
2024,09:30:02,$ 3335.84,2
2025,09:30:02,$ 3335.84,1
2026,09:30:02,$ 3335.84,1
2027,09:30:02,$ 3335.84,1
2028,09:30:02,$ 3335.84,6
2029,09:30:02,$ 3335.84,2
2030,09:30:02,$ 3335.84,1
2031,09:30:02,$ 3335.84,3
2032,09:30:02,$ 3335.84,1
2033,09:30:02,$ 3335.84,1
2034,09:30:02,$ 3335.84,1
2035,09:30:02,$ 3335.84,20
2036,09:30:02,$ 3335.84,5
2038,09:30:02,$ 3335.84,1
2039,09:30:02,$ 3335.84,3
2040,09:30:02,$ 3335.84,5
2041,09:30:02,$ 3335.84,10
2042,09:30:02,$ 3335.84,1
2043,09:30:02,$ 3335.84,2
2044,09:30:02,$ 3335.84,1
2045,09:30:02,$ 3335.84,2
2046,09:30:02,$ 3335.84,3
2047,09:30:02,$ 3335.84,7
2048,09:30:02,$ 3335.84,1
2049,09:30:02,$ 3335.84,2
2050,09:30:02,$ 3335.84,1
2051,09:30:02,$ 3335.84,30
2052,09:30:02,$ 3335.84,24
2053,09:30:02,$ 3335.84,4
2054,09:30:02,$ 3335.84,1
2055,09:30:02,$ 3335.84,1
2056,09:30:02,$ 3335.84,3
2057,09:30:02,$ 3335.84,1
2059,09:30:02,$ 3335.84,6
2060,09:30:02,$ 3335.84,8
2061,09:30:02,$ 3335.84,1
2062,09:30:02,$ 3335.84,4
2063,09:30:02,$ 3335.84,1
2064,09:30:02,$ 3335.84,1
2065,09:30:02,$ 3335.84,15
2066,09:30:02,$ 3335.84,6
2067,09:30:02,$ 3335.84,1
2068,09:30:02,$ 3335.84,1
2069,09:30:02,$ 3335.84,1
2070,09:30:02,$ 3335.84,10
2071,09:30:02,$ 3335.84,3
2072,09:30:02,$ 3335.84,1
2073,09:30:02,$ 3335.84,1
2074,09:30:02,$ 3335.84,1
2075,09:30:02,$ 3335.84,1
2076,09:30:02,$ 3335.84,5
2077,09:30:02,$ 3335.84,1
2078,09:30:02,$ 3335.84,25
2080,09:30:02,$ 3335.84,9
2081,09:30:02,$ 3335.84,15
2082,09:30:02,$ 3335.84,1
2083,09:30:02,$ 3335.84,14
2084,09:30:02,$ 3335.84,25
2085,09:30:02,$ 3335.84,1
2086,09:30:02,$ 3335.84,6
2087,09:30:02,$ 3335.84,3
2088,09:30:02,$ 3335.84,2
2089,09:30:02,$ 3335.84,13
2090,09:30:02,$ 3335.84,39
2091,09:30:02,$ 3335.84,24
2092,09:30:02,$ 3335.84,79
2093,09:30:02,$ 3335.84,2
2094,09:30:02,$ 3335.84,20
2095,09:30:02,$ 3335.84,10
2096,09:30:02,$ 3335.84,17
2097,09:30:02,$ 3335.84,1
2098,09:30:02,$ 3335.84,178
2099,09:30:02,$ 3335.84,1
2101,09:30:02,$ 3335.84,1
2102,09:30:02,$ 3335.84,5
2103,09:30:02,$ 3335.84,5
2104,09:30:02,$ 3335.84,10
2105,09:30:02,$ 3335.84,4
2106,09:30:02,$ 3335.84,10
2107,09:30:02,$ 3335.84,10
2108,09:30:02,$ 3335.84,1
2109,09:30:02,$ 3335.84,1
2110,09:30:02,$ 3335.84,1
2111,09:30:02,$ 3335.84,11
2112,09:30:02,$ 3335.84,1
2113,09:30:02,$ 3335.84,1
2114,09:30:02,$ 3335.84,2
2115,09:30:02,$ 3335.84,1
2116,09:30:02,$ 3335.84,1
2117,09:30:02,$ 3335.84,1
2118,09:30:02,$ 3335.84,1
2119,09:30:02,$ 3335.84,4
2120,09:30:02,$ 3335.84,3
2122,09:30:02,$ 3335.84,194
2123,09:30:02,$ 3335.84,1
2124,09:30:02,$ 3335.84,3
2125,09:30:02,$ 3335.84,1
2126,09:30:02,$ 3335.84,1
2127,09:30:02,$ 3335.84,1
2128,09:30:02,$ 3335.84,1
2129,09:30:02,$ 3335.84,6
2130,09:30:02,$ 3335.84,1
2131,09:30:02,$ 3335.84,5
2132,09:30:02,$ 3335.84,2
2133,09:30:02,$ 3335.84,3
2134,09:30:02,$ 3335.84,4
2135,09:30:02,$ 3335.84,2
2136,09:30:02,$ 3335.84,1
2137,09:30:02,$ 3335.84,1
2138,09:30:02,$ 3335.84,3
2139,09:30:02,$ 3335.84,1
2140,09:30:02,$ 3335.84,5
2141,09:30:02,$ 3335.84,1
2143,09:30:02,$ 3335.84,1
2144,09:30:02,$ 3335.84,6
2145,09:30:02,$ 3335.84,50
2146,09:30:02,$ 3335.84,1
2147,09:30:02,$ 3335.84,1
2148,09:30:02,$ 3335.84,100
2149,09:30:02,$ 3335.84,1
2150,09:30:02,$ 3335.84,14
2151,09:30:02,$ 3335.84,2
2152,09:30:02,$ 3335.84,2
2153,09:30:02,$ 3335.84,2
2154,09:30:02,$ 3335.84,2
2155,09:30:02,$ 3335.84,20
2156,09:30:02,$ 3335.84,3
2157,09:30:02,$ 3335.84,100
2158,09:30:02,$ 3335.84,1
2159,09:30:02,$ 3335.84,1
2160,09:30:02,$ 3335.84,1
2161,09:30:02,$ 3335.84,1
2162,09:30:02,$ 3335.84,2
2164,09:30:02,$ 3335.84,12
2165,09:30:02,$ 3335.84,10
2166,09:30:02,$ 3335.84,1
2167,09:30:02,$ 3335.84,1
2168,09:30:02,$ 3335.84,1
2169,09:30:02,$ 3335.84,5
2170,09:30:02,$ 3335.84,1
2171,09:30:02,$ 3335.84,44
2172,09:30:02,$ 3335.84,1
2173,09:30:02,$ 3335.84,1
2174,09:30:02,$ 3335.84,2
2175,09:30:02,$ 3335.84,5
2176,09:30:02,$ 3335.84,1
2177,09:30:02,$ 3335.84,2
2178,09:30:02,$ 3335.84,8
2179,09:30:02,$ 3335.84,5
2180,09:30:02,$ 3335.84,1
2181,09:30:02,$ 3335.84,10
2182,09:30:02,$ 3335.84,1
2183,09:30:02,$ 3335.84,3
2185,09:30:02,$ 3335.84,1
2186,09:30:02,$ 3335.84,1
2187,09:30:02,$ 3335.84,2
2188,09:30:02,$ 3335.84,18
2189,09:30:02,$ 3335.84,8
2190,09:30:02,$ 3335.84,70
2191,09:30:02,$ 3335.84,70
2192,09:30:02,$ 3335.84,2
2193,09:30:02,$ 3335.84,7
2194,09:30:02,$ 3335.84,1
2195,09:30:02,$ 3335.84,3
2196,09:30:02,$ 3335.84,1
2197,09:30:02,$ 3335.84,2
2198,09:30:02,$ 3335.84,10
2199,09:30:02,$ 3335.84,10
2200,09:30:02,$ 3335.84,2
2201,09:30:02,$ 3335.84,136
2202,09:30:02,$ 3335.84,200
2203,09:30:02,$ 3335.84,4
2204,09:30:02,$ 3335.84,2
2206,09:30:02,$ 3335.84,1
2207,09:30:02,$ 3335.84,5
2208,09:30:02,$ 3335.84,1
2209,09:30:02,$ 3335.84,2
2210,09:30:02,$ 3335.84,1
2211,09:30:02,$ 3335.84,4
2212,09:30:02,$ 3335.84,4
2213,09:30:02,$ 3335.84,4
2214,09:30:02,$ 3335.84,150
2215,09:30:02,$ 3335.84,250
2216,09:30:02,$ 3335.84,150
2217,09:30:02,$ 3335.84,50
2218,09:30:02,$ 3335.84,1
2219,09:30:02,$ 3335.84,3
2220,09:30:02,$ 3335.84,4
2221,09:30:02,$ 3335.84,2
2222,09:30:02,$ 3335.84,2
2223,09:30:02,$ 3335.84,1
2224,09:30:02,$ 3335.84,2
2225,09:30:02,$ 3335.84,1
2227,09:30:02,$ 3335.84,2
2228,09:30:02,$ 3335.84,1
2229,09:30:02,$ 3335.84,4
2230,09:30:02,$ 3335.84,3
2231,09:30:02,$ 3335.84,5
2232,09:30:02,$ 3335.84,1
2233,09:30:02,$ 3335.84,3
2234,09:30:02,$ 3335.84,1
2235,09:30:02,$ 3335.84,1
2236,09:30:02,$ 3335.84,1
2237,09:30:02,$ 3335.84,20
2238,09:30:02,$ 3335.84,1
2239,09:30:02,$ 3335.84,5
2240,09:30:02,$ 3335.84,1
2241,09:30:02,$ 3335.84,1
2242,09:30:02,$ 3335.84,10
2243,09:30:02,$ 3335.84,4
2244,09:30:02,$ 3335.84,5
2245,09:30:02,$ 3335.84,1
2246,09:30:02,$ 3335.84,2
2248,09:30:02,$ 3335.84,100
2249,09:30:02,$ 3335.84,1
2250,09:30:02,$ 3335.84,1
2251,09:30:02,$ 3335.84,60
2252,09:30:02,$ 3335.84,2
2253,09:30:02,$ 3335.84,1
2254,09:30:02,$ 3335.84,711
2255,09:30:02,$ 3335.84,1
2256,09:30:02,$ 3335.84,1
2257,09:30:02,$ 3335.84,4
2258,09:30:02,$ 3335.84,1
2259,09:30:02,$ 3335.84,3
2260,09:30:02,$ 3335.84,40
2261,09:30:02,$ 3335.84,200
2262,09:30:02,$ 3335.84,111
2263,09:30:02,$ 3335.84,1
2264,09:30:02,$ 3335.84,1
2265,09:30:02,$ 3335.84,1
2266,09:30:02,$ 3335.84,2
2267,09:30:02,$ 3335.84,2
2269,09:30:02,$ 3335.84,2
2270,09:30:02,$ 3335.84,14
2271,09:30:02,$ 3335.84,3
2272,09:30:02,$ 3335.84,32
2273,09:30:02,$ 3335.84,1
2274,09:30:02,$ 3335.84,114
2275,09:30:02,$ 3335.84,50
2276,09:30:02,$ 3335.84,1
2277,09:30:02,$ 3335.84,5
2278,09:30:02,$ 3335.84,2
2279,09:30:02,$ 3335.84,10
2280,09:30:02,$ 3335.84,5
2281,09:30:02,$ 3335.84,2
2282,09:30:02,$ 3335.84,1
2283,09:30:02,$ 3335.84,1
2284,09:30:02,$ 3335.84,5
2285,09:30:02,$ 3335.84,4
2286,09:30:02,$ 3335.84,1
2287,09:30:02,$ 3335.84,99
2288,09:30:02,$ 3335.84,1
2290,09:30:02,$ 3335.84,1
2291,09:30:02,$ 3335.84,1
2292,09:30:02,$ 3335.84,1
2293,09:30:02,$ 3335.84,4
2294,09:30:02,$ 3335.84,7
2295,09:30:02,$ 3335.84,20
2296,09:30:02,$ 3335.84,1
2297,09:30:02,$ 3335.84,1
2298,09:30:02,$ 3335.84,5
2299,09:30:02,$ 3335.84,10
2300,09:30:02,$ 3335.84,1
2301,09:30:02,$ 3335.84,226
2302,09:30:02,$ 3335.84,1
2303,09:30:02,$ 3335.84,1
2304,09:30:02,$ 3335.84,300
2305,09:30:02,$ 3335.84,58
2306,09:30:02,$ 3335.84,1
2307,09:30:02,$ 3335.84,2
2308,09:30:02,$ 3335.84,3
2309,09:30:02,$ 3335.84,2
2311,09:30:02,$ 3335.84,10
2312,09:30:02,$ 3335.84,20
2313,09:30:02,$ 3335.84,116
2314,09:30:02,$ 3335.84,10
2315,09:30:02,$ 3335.84,10
2316,09:30:02,$ 3335.84,10
2317,09:30:02,$ 3335.84,14
2318,09:30:02,$ 3335.84,39
2319,09:30:02,$ 3335.84,29
2320,09:30:02,$ 3335.84,1
2321,09:30:02,$ 3335.84,10
2322,09:30:02,$ 3335.84,1
2323,09:30:02,$ 3335.84,2
2324,09:30:02,$ 3335.84,1
2325,09:30:02,$ 3335.84,1
2326,09:30:02,$ 3335.84,1
2327,09:30:02,$ 3335.84,1
2328,09:30:02,$ 3335.84,6
2329,09:30:02,$ 3335.84,1
2330,09:30:02,$ 3335.84,1
2332,09:30:02,$ 3335.84,2
2333,09:30:02,$ 3335.84,8
2334,09:30:02,$ 3335.84,3
2335,09:30:02,$ 3335.84,6
2336,09:30:02,$ 3335.84,5
2337,09:30:02,$ 3335.84,1
2338,09:30:02,$ 3335.84,1
2339,09:30:02,$ 3335.84,1
2340,09:30:02,$ 3335.84,1
2341,09:30:02,$ 3335.84,1
2342,09:30:02,$ 3335.84,1
2343,09:30:02,$ 3335.84,3
2344,09:30:02,$ 3335.84,1
2345,09:30:02,$ 3335.84,1
2346,09:30:02,$ 3335.84,1
2347,09:30:02,$ 3335.84,1
2348,09:30:02,$ 3335.84,1
2349,09:30:02,$ 3335.84,1
2350,09:30:02,$ 3335.84,1
2351,09:30:02,$ 3335.84,1
2353,09:30:02,$ 3335.84,1
2354,09:30:02,$ 3335.84,5
2355,09:30:02,$ 3335.84,1
2356,09:30:02,$ 3335.84,1
2357,09:30:02,$ 3335.84,1
2358,09:30:02,$ 3335.84,8
2359,09:30:02,$ 3335.84,2
2360,09:30:02,$ 3335.84,1
2361,09:30:02,$ 3335.84,1
2362,09:30:02,$ 3335.84,1
2363,09:30:02,$ 3335.84,1
2364,09:30:02,$ 3335.84,5
2365,09:30:02,$ 3335.84,2
2366,09:30:02,$ 3335.84,1
2367,09:30:02,$ 3335.84,15
2368,09:30:02,$ 3335.84,1
2369,09:30:02,$ 3335.84,5
2370,09:30:02,$ 3335.84,1
2371,09:30:02,$ 3335.84,1
2372,09:30:02,$ 3335.84,2
2374,09:30:02,$ 3335.84,7
2375,09:30:02,$ 3335.84,1
2376,09:30:02,$ 3335.84,1
2377,09:30:02,$ 3335.84,1
2378,09:30:02,$ 3335.84,1
2379,09:30:02,$ 3335.84,2
2380,09:30:02,$ 3335.84,1
2381,09:30:02,$ 3335.84,2
2382,09:30:02,$ 3335.84,7
2383,09:30:02,$ 3335.84,1
2384,09:30:02,$ 3335.84,1
2385,09:30:02,$ 3335.84,1
2386,09:30:02,$ 3335.84,1
2387,09:30:02,$ 3335.84,1
2388,09:30:02,$ 3335.84,1
2389,09:30:02,$ 3335.84,1
2390,09:30:02,$ 3335.84,1
2391,09:30:02,$ 3335.84,1
2392,09:30:02,$ 3335.84,21
2393,09:30:02,$ 3335.84,1
2395,09:30:02,$ 3335.84,4
2396,09:30:02,$ 3335.84,1
2397,09:30:02,$ 3335.84,2
2398,09:30:02,$ 3335.84,4
2399,09:30:02,$ 3335.84,1
2400,09:30:02,$ 3335.84,2
2401,09:30:02,$ 3335.84,1
2402,09:30:02,$ 3335.84,1
2403,09:30:02,$ 3335.84,1
2404,09:30:02,$ 3335.84,1
2405,09:30:02,$ 3335.84,3
2406,09:30:02,$ 3335.84,1
2407,09:30:02,$ 3335.84,10
2408,09:30:02,$ 3335.84,1
2409,09:30:02,$ 3335.84,1
2410,09:30:02,$ 3335.84,5
2411,09:30:02,$ 3335.84,1
2412,09:30:02,$ 3335.84,1
2413,09:30:02,$ 3335.84,3
2414,09:30:02,$ 3335.84,12
2416,09:30:02,$ 3335.84,5
2417,09:30:02,$ 3335.84,30
2418,09:30:02,$ 3335.84,24
2419,09:30:02,$ 3335.84,1
2420,09:30:02,$ 3335.84,1
2421,09:30:02,$ 3335.84,1
2422,09:30:02,$ 3335.84,1
2423,09:30:02,$ 3335.84,4
2424,09:30:02,$ 3335.84,3
2425,09:30:02,$ 3335.84,3
2426,09:30:02,$ 3335.84,3
2427,09:30:02,$ 3335.84,1
2428,09:30:02,$ 3335.84,2
2429,09:30:02,$ 3335.84,2
2430,09:30:02,$ 3335.84,5
2431,09:30:02,$ 3335.84,1
2432,09:30:02,$ 3335.84,1
2433,09:30:02,$ 3335.84,10
2434,09:30:02,$ 3335.84,1
2435,09:30:02,$ 3335.84,1
2437,09:30:02,$ 3335.84,4
2438,09:30:02,$ 3335.84,3
2439,09:30:02,$ 3335.84,1
2440,09:30:02,$ 3335.84,1
2441,09:30:02,$ 3335.84,1
2442,09:30:02,$ 3335.84,3
2443,09:30:02,$ 3335.84,3
2444,09:30:02,$ 3335.84,7
2445,09:30:02,$ 3335.84,11
2446,09:30:02,$ 3335.84,3
2447,09:30:02,$ 3335.84,1
2448,09:30:02,$ 3335.84,2
2449,09:30:02,$ 3335.84,1
2450,09:30:02,$ 3335.84,5
2451,09:30:02,$ 3335.84,2
2452,09:30:02,$ 3335.84,3
2453,09:30:02,$ 3335.84,2
2454,09:30:02,$ 3335.84,1
2455,09:30:02,$ 3335.84,18
2456,09:30:02,$ 3335.84,1
2458,09:30:02,$ 3335.84,1
2459,09:30:02,$ 3335.84,1
2460,09:30:02,$ 3335.84,4
2461,09:30:02,$ 3335.84,1
2462,09:30:02,$ 3335.84,4
2463,09:30:02,$ 3335.84,1
2464,09:30:02,$ 3335.84,4
2465,09:30:02,$ 3335.84,1
2466,09:30:02,$ 3335.84,5
2467,09:30:02,$ 3335.84,2
2468,09:30:02,$ 3335.84,1
2469,09:30:02,$ 3335.84,1
2470,09:30:02,$ 3335.84,1
2471,09:30:02,$ 3335.84,54
2472,09:30:02,$ 3335.84,1
2473,09:30:02,$ 3335.84,175
2474,09:30:02,$ 3335.84,200
2475,09:30:02,$ 3335.84,112
2476,09:30:02,$ 3335.84,54
2477,09:30:02,$ 3335.84,75
2479,09:30:02,$ 3335.84,102
2480,09:30:02,$ 3335.84,10
2481,09:30:02,$ 3335.84,"1,400"
2482,09:30:02,$ 3335.84,200
2483,09:30:02,$ 3335.84,16
2484,09:30:02,$ 3335.84,"1,500"
2485,09:30:02,$ 3335.84,10
2486,09:30:02,$ 3335.84,300
2487,09:30:02,$ 3335.84,22
2488,09:30:02,$ 3335.84,8
2489,09:30:02,$ 3335.84,10
2490,09:30:02,$ 3335.84,8
2491,09:30:02,$ 3335.84,100
2492,09:30:02,$ 3335.84,3
2493,09:30:02,$ 3335.84,10
2494,09:30:02,$ 3335.84,153
2495,09:30:02,$ 3335.84,6
2496,09:30:02,$ 3335.84,350
2497,09:30:02,$ 3335.84,100
2498,09:30:02,$ 3335.84,513
2500,09:30:02,$ 3335.84,95
2501,09:30:02,$ 3335.84,68
2502,09:30:02,$ 3335.84,45
2503,09:30:02,$ 3335.84,1
2504,09:30:02,$ 3335.84,76
2505,09:30:02,$ 3335.84,1
2506,09:30:02,$ 3335.84,36
2507,09:30:02,$ 3335.84,9
2508,09:30:02,$ 3335.84,1
2509,09:30:02,$ 3335.84,26
2510,09:30:02,$ 3335.84,350
2511,09:30:02,$ 3335.84,128
2512,09:30:02,$ 3335.84,3
2513,09:30:02,$ 3335.84,16
2514,09:30:02,$ 3335.84,100
2515,09:30:02,$ 3335.84,175
2516,09:30:02,$ 3335.84,1
2517,09:30:02,$ 3335.84,3
2518,09:30:02,$ 3335.84,1
2519,09:30:02,$ 3335.84,10
2521,09:30:02,$ 3335.84,3
2522,09:30:02,$ 3335.84,1
2523,09:30:02,$ 3335.84,1
2524,09:30:02,$ 3335.84,35
2525,09:30:02,$ 3335.84,1
2526,09:30:02,$ 3335.84,43
2527,09:30:02,$ 3335.84,3
2528,09:30:02,$ 3335.84,18
2529,09:30:02,$ 3335.84,4
2530,09:30:02,$ 3335.84,4
2531,09:30:02,$ 3335.84,2
2532,09:30:02,$ 3335.84,22
2533,09:30:02,$ 3335.84,12
2534,09:30:02,$ 3335.84,2
2535,09:30:02,$ 3335.84,3
2536,09:30:02,$ 3335.84,3
2537,09:30:02,$ 3335.84,1
2538,09:30:02,$ 3335.84,1
2539,09:30:02,$ 3335.84,1
2540,09:30:02,$ 3335.84,2
2542,09:30:02,$ 3335.84,3
2543,09:30:02,$ 3335.84,2
2544,09:30:02,$ 3335.84,4
2545,09:30:02,$ 3335.84,2
2546,09:30:02,$ 3335.84,3
2547,09:30:02,$ 3335.84,4
2548,09:30:02,$ 3335.84,500
2549,09:30:02,$ 3335.84,6
2550,09:30:02,$ 3335.84,1
2551,09:30:02,$ 3335.84,3
2552,09:30:02,$ 3335.84,3
2553,09:30:02,$ 3335.84,2
2554,09:30:02,$ 3335.84,2
2555,09:30:02,$ 3335.84,200
2556,09:30:02,$ 3335.84,1
2557,09:30:02,$ 3335.84,4
2558,09:30:02,$ 3335.84,20
2559,09:30:02,$ 3335.84,10
2560,09:30:02,$ 3335.84,2
2561,09:30:02,$ 3335.84,6
2563,09:30:02,$ 3335.84,100
2564,09:30:02,$ 3335.84,65
2565,09:30:02,$ 3335.84,2
2566,09:30:02,$ 3335.84,4
2567,09:30:02,$ 3335.84,20
2568,09:30:02,$ 3335.84,1
2569,09:30:02,$ 3335.84,1
2570,09:30:02,$ 3335.84,2
2571,09:30:02,$ 3335.84,18
2572,09:30:02,$ 3335.84,36
2573,09:30:02,$ 3335.84,1
2574,09:30:02,$ 3335.84,10
2575,09:30:02,$ 3335.84,1
2576,09:30:02,$ 3335.84,90
2577,09:30:02,$ 3335.84,4
2578,09:30:02,$ 3335.84,1
2579,09:30:02,$ 3335.84,7
2580,09:30:02,$ 3335.84,3
2581,09:30:02,$ 3335.84,2
2582,09:30:02,$ 3335.84,45
2584,09:30:02,$ 3335.84,1
2585,09:30:02,$ 3335.84,1
2586,09:30:02,$ 3335.84,58
2587,09:30:02,$ 3335.84,1
2588,09:30:02,$ 3335.84,1
2589,09:30:02,$ 3335.84,1
2590,09:30:02,$ 3335.84,6
2591,09:30:02,$ 3335.84,3
2592,09:30:02,$ 3335.84,33
2593,09:30:02,$ 3335.84,5
2594,09:30:02,$ 3335.84,3
2595,09:30:02,$ 3335.84,1
2596,09:30:02,$ 3335.84,1
2597,09:30:02,$ 3335.84,2
2598,09:30:02,$ 3335.84,2
2599,09:30:02,$ 3335.84,2
2600,09:30:02,$ 3335.84,3
2601,09:30:02,$ 3335.84,2
2602,09:30:02,$ 3335.84,117
2603,09:30:02,$ 3335.84,69
2605,09:30:02,$ 3335.84,66
2606,09:30:02,$ 3335.84,50
2607,09:30:02,$ 3335.84,23
2608,09:30:02,$ 3335.84,1
2609,09:30:02,$ 3335.84,4
2610,09:30:02,$ 3335.84,24
2611,09:30:02,$ 3335.84,23
2612,09:30:02,$ 3335.84,2
2613,09:30:02,$ 3335.84,83
2614,09:30:02,$ 3335.84,15
2615,09:30:02,$ 3335.84,64
2616,09:30:02,$ 3335.84,30
2617,09:30:02,$ 3335.84,3
2618,09:30:02,$ 3335.84,6
2619,09:30:02,$ 3335.84,10
2620,09:30:02,$ 3335.84,47
2621,09:30:02,$ 3335.84,25
2622,09:30:02,$ 3335.84,92
2623,09:30:02,$ 3335.84,10
2624,09:30:02,$ 3335.84,5
2626,09:30:02,$ 3335.84,1
2627,09:30:02,$ 3335.84,1
2628,09:30:02,$ 3335.84,2
2629,09:30:02,$ 3335.84,15
2630,09:30:02,$ 3335.84,1
2631,09:30:02,$ 3335.84,13
2632,09:30:02,$ 3335.84,1
2633,09:30:02,$ 3335.84,15
2634,09:30:02,$ 3335.84,10
2635,09:30:02,$ 3335.84,1
2636,09:30:02,$ 3335.84,5
2637,09:30:02,$ 3335.84,2
2638,09:30:02,$ 3335.84,6
2639,09:30:02,$ 3335.84,10
2640,09:30:02,$ 3335.84,3
2641,09:30:02,$ 3335.84,23
2642,09:30:02,$ 3335.84,1
2643,09:30:02,$ 3335.84,1
2644,09:30:02,$ 3335.84,1
2645,09:30:02,$ 3335.84,1
2647,09:30:02,$ 3335.84,2
2648,09:30:02,$ 3335.84,3
2649,09:30:02,$ 3335.84,1
2650,09:30:02,$ 3335.84,1
2651,09:30:02,$ 3335.84,1
2652,09:30:02,$ 3335.84,5
2653,09:30:02,$ 3335.84,1
2654,09:30:02,$ 3335.84,2
2655,09:30:02,$ 3335.84,1
2656,09:30:02,$ 3335.84,50
2657,09:30:02,$ 3335.84,3
2658,09:30:02,$ 3335.84,1
2659,09:30:02,$ 3335.84,"1,000"
2660,09:30:02,$ 3335.84,4
2661,09:30:02,$ 3335.84,1
2662,09:30:02,$ 3335.84,1
2663,09:30:02,$ 3335.84,1
2664,09:30:02,$ 3335.84,2
2665,09:30:02,$ 3335.84,3
2666,09:30:02,$ 3335.84,15
2668,09:30:02,$ 3335.84,1
2669,09:30:02,$ 3335.84,1
2670,09:30:02,$ 3335.84,1
2671,09:30:02,$ 3335.84,19
2672,09:30:02,$ 3335.84,1
2673,09:30:02,$ 3335.84,6
2674,09:30:02,$ 3335.84,17
2675,09:30:02,$ 3335.84,1
2676,09:30:02,$ 3335.84,150
2677,09:30:02,$ 3335.84,45
2678,09:30:02,$ 3335.84,10
2679,09:30:02,$ 3335.84,1
2680,09:30:02,$ 3335.84,1
2681,09:30:02,$ 3335.84,9
2682,09:30:02,$ 3335.84,1
2683,09:30:02,$ 3335.84,9
2684,09:30:02,$ 3335.84,1
2685,09:30:02,$ 3335.84,78
2686,09:30:02,$ 3335.84,9
2687,09:30:02,$ 3335.84,3
2689,09:30:02,$ 3335.84,1
2690,09:30:02,$ 3335.84,2
2691,09:30:02,$ 3335.84,20
2692,09:30:02,$ 3335.84,1
2693,09:30:02,$ 3335.84,1
2694,09:30:02,$ 3335.84,125
2695,09:30:02,$ 3335.84,1
2696,09:30:02,$ 3335.84,2
2697,09:30:02,$ 3335.84,1
2698,09:30:02,$ 3335.84,5
2699,09:30:02,$ 3335.84,194
2700,09:30:02,$ 3335.84,3
2701,09:30:02,$ 3335.84,690
2702,09:30:02,$ 3335.84,345
2703,09:30:02,$ 3335.84,1
2704,09:30:02,$ 3335.84,1
2705,09:30:02,$ 3335.84,2
2706,09:30:02,$ 3335.84,1
2707,09:30:02,$ 3335.84,1
2708,09:30:02,$ 3335.84,24
2710,09:30:02,$ 3335.84,6
2711,09:30:02,$ 3335.84,3
2712,09:30:02,$ 3335.84,18
2713,09:30:02,$ 3335.84,30
2714,09:30:02,$ 3335.84,1
2715,09:30:02,$ 3335.84,1
2716,09:30:02,$ 3335.84,280
2717,09:30:02,$ 3335.84,2
2718,09:30:02,$ 3335.84,3
2719,09:30:02,$ 3335.84,1
2720,09:30:02,$ 3335.84,9
2721,09:30:02,$ 3335.84,33
2722,09:30:02,$ 3335.84,63
2723,09:30:02,$ 3335.84,3
2724,09:30:02,$ 3335.84,3
2725,09:30:02,$ 3335.84,2
2726,09:30:02,$ 3335.84,1
2727,09:30:02,$ 3335.84,5
2728,09:30:02,$ 3335.84,1
2729,09:30:02,$ 3335.84,1
2731,09:30:02,$ 3335.84,1
2732,09:30:02,$ 3335.84,1
2733,09:30:02,$ 3335.84,4
2734,09:30:02,$ 3335.84,2
2735,09:30:02,$ 3335.84,10
2736,09:30:02,$ 3335.84,1
2737,09:30:02,$ 3335.84,3
2738,09:30:02,$ 3335.84,1
2739,09:30:02,$ 3335.84,10
2740,09:30:02,$ 3335.84,2
2741,09:30:02,$ 3335.84,1
2742,09:30:02,$ 3335.84,1
2743,09:30:02,$ 3335.84,2
2744,09:30:02,$ 3335.84,1
2745,09:30:02,$ 3335.84,5
2746,09:30:02,$ 3335.84,2
2747,09:30:02,$ 3335.84,15
2748,09:30:02,$ 3335.84,6
2749,09:30:02,$ 3335.84,10
2750,09:30:02,$ 3335.84,342
2752,09:30:02,$ 3335.84,20
2753,09:30:02,$ 3335.84,1
2754,09:30:02,$ 3335.84,20
2755,09:30:02,$ 3335.84,40
2756,09:30:02,$ 3335.84,6
2757,09:30:02,$ 3335.84,1
2758,09:30:02,$ 3335.84,11
2759,09:30:02,$ 3335.84,45
2760,09:30:02,$ 3335.84,45
2761,09:30:02,$ 3335.84,25
2762,09:30:02,$ 3335.84,4
2763,09:30:02,$ 3335.84,1
2764,09:30:02,$ 3335.84,1
2765,09:30:02,$ 3335.84,40
2766,09:30:02,$ 3335.84,9
2767,09:30:02,$ 3335.84,4
2768,09:30:02,$ 3335.84,20
2769,09:30:02,$ 3335.84,2
2770,09:30:02,$ 3335.84,34
2771,09:30:02,$ 3335.84,2
2773,09:30:02,$ 3335.84,7
2774,09:30:02,$ 3335.84,3
2775,09:30:02,$ 3335.84,2
2776,09:30:02,$ 3335.84,2
2777,09:30:02,$ 3335.84,1
2778,09:30:02,$ 3335.84,18
2779,09:30:02,$ 3335.84,2
2780,09:30:02,$ 3335.84,948
2781,09:30:02,$ 3335.84,2
2782,09:30:02,$ 3335.84,1
2783,09:30:02,$ 3335.84,25
2784,09:30:02,$ 3335.84,1
2785,09:30:02,$ 3335.84,1
2786,09:30:02,$ 3335.84,25
2787,09:30:02,$ 3335.84,1
2788,09:30:02,$ 3335.84,4
2789,09:30:02,$ 3335.84,1
2790,09:30:02,$ 3335.84,1
2791,09:30:02,$ 3335.84,1
2792,09:30:02,$ 3335.84,2
2794,09:30:02,$ 3335.84,15
2795,09:30:02,$ 3335.84,1
2796,09:30:02,$ 3335.84,2
2797,09:30:02,$ 3335.84,1
2798,09:30:02,$ 3335.84,3
2799,09:30:02,$ 3335.84,1
2800,09:30:02,$ 3335.84,6
2801,09:30:02,$ 3335.84,21
2802,09:30:02,$ 3335.84,1
2803,09:30:02,$ 3335.84,1
2804,09:30:02,$ 3335.84,1
2805,09:30:02,$ 3335.84,3
2806,09:30:02,$ 3335.84,2
2807,09:30:02,$ 3335.84,4
2808,09:30:02,$ 3335.84,1
2809,09:30:02,$ 3335.84,20
2810,09:30:02,$ 3335.84,10
2811,09:30:02,$ 3335.84,3
2812,09:30:02,$ 3335.84,25
2813,09:30:02,$ 3335.84,6
2815,09:30:02,$ 3335.84,1
2816,09:30:02,$ 3335.84,3
2817,09:30:02,$ 3335.84,1
2818,09:30:02,$ 3335.84,20
2819,09:30:02,$ 3335.84,2
2820,09:30:02,$ 3335.84,2
2821,09:30:02,$ 3335.84,1
2822,09:30:02,$ 3335.84,1
2823,09:30:02,$ 3335.84,8
2824,09:30:02,$ 3335.84,4
2825,09:30:02,$ 3335.84,28
2826,09:30:02,$ 3335.84,145
2827,09:30:02,$ 3335.84,10
2828,09:30:02,$ 3335.84,24
2829,09:30:02,$ 3335.84,1
2830,09:30:02,$ 3335.84,1
2831,09:30:02,$ 3335.84,2
2832,09:30:02,$ 3335.84,2
2833,09:30:02,$ 3335.84,1
2834,09:30:02,$ 3335.84,1
2836,09:30:02,$ 3335.84,1
2837,09:30:02,$ 3335.84,2
2838,09:30:02,$ 3335.84,2
2839,09:30:02,$ 3335.84,1
2840,09:30:02,$ 3335.84,1
2841,09:30:02,$ 3335.84,25
2842,09:30:02,$ 3335.84,1
2843,09:30:02,$ 3335.84,1
2844,09:30:02,$ 3335.84,1
2845,09:30:02,$ 3335.84,1
2846,09:30:02,$ 3335.84,5
2847,09:30:02,$ 3335.84,16
2848,09:30:02,$ 3335.84,1
2849,09:30:02,$ 3335.84,1
2850,09:30:02,$ 3335.84,1
2851,09:30:02,$ 3335.84,3
2852,09:30:02,$ 3335.84,1
2853,09:30:02,$ 3335.84,15
2854,09:30:02,$ 3335.84,3
2855,09:30:02,$ 3335.84,3
2857,09:30:02,$ 3335.84,1
2858,09:30:02,$ 3335.84,1
2859,09:30:02,$ 3335.84,15
2860,09:30:02,$ 3335.84,25
2861,09:30:02,$ 3335.84,7
2862,09:30:02,$ 3335.84,1
2863,09:30:02,$ 3335.84,1
2864,09:30:02,$ 3335.84,1
2865,09:30:02,$ 3335.84,12
2866,09:30:02,$ 3335.84,2
2867,09:30:02,$ 3335.84,2
2868,09:30:02,$ 3335.84,3
2869,09:30:02,$ 3335.84,20
2870,09:30:02,$ 3335.84,6
2871,09:30:02,$ 3335.84,10
2872,09:30:02,$ 3335.84,2
2873,09:30:02,$ 3335.84,1
2874,09:30:02,$ 3335.84,1
2875,09:30:02,$ 3335.84,1
2876,09:30:02,$ 3335.84,3
2878,09:30:02,$ 3335.84,2
2879,09:30:02,$ 3335.84,1
2880,09:30:02,$ 3335.84,2
2881,09:30:02,$ 3335.84,1
2882,09:30:02,$ 3335.84,10
2883,09:30:02,$ 3335.84,1
2884,09:30:02,$ 3335.84,1
2885,09:30:02,$ 3335.84,5
2886,09:30:02,$ 3335.84,2
2887,09:30:02,$ 3335.84,10
2888,09:30:02,$ 3335.84,1
2889,09:30:02,$ 3335.84,1
2890,09:30:02,$ 3335.84,3
2891,09:30:02,$ 3335.84,1
2892,09:30:02,$ 3335.84,2
2893,09:30:02,$ 3335.84,1
2894,09:30:02,$ 3335.84,6
2895,09:30:02,$ 3335.84,1
2896,09:30:02,$ 3335.84,38
2897,09:30:02,$ 3335.84,1
2899,09:30:02,$ 3335.84,1
2900,09:30:02,$ 3335.84,1
2901,09:30:02,$ 3335.84,4
2902,09:30:02,$ 3335.84,1
2903,09:30:02,$ 3335.84,3
2904,09:30:02,$ 3335.84,1
2905,09:30:02,$ 3335.84,5
2906,09:30:02,$ 3335.84,47
2907,09:30:02,$ 3335.84,1
2908,09:30:02,$ 3335.84,1
2909,09:30:02,$ 3335.84,1
2910,09:30:02,$ 3335.84,1
2911,09:30:02,$ 3335.84,1
2912,09:30:02,$ 3335.84,1
2913,09:30:02,$ 3335.84,1
2914,09:30:02,$ 3335.84,7
2915,09:30:02,$ 3335.84,3
2916,09:30:02,$ 3335.84,3
2917,09:30:02,$ 3335.84,1
2918,09:30:02,$ 3335.84,144
2920,09:30:02,$ 3335.84,184
2921,09:30:02,$ 3335.84,10
2922,09:30:02,$ 3335.84,2
2923,09:30:02,$ 3335.84,10
2924,09:30:02,$ 3335.84,1
2925,09:30:02,$ 3335.84,1
2926,09:30:02,$ 3335.84,5
2927,09:30:02,$ 3335.84,3
2928,09:30:02,$ 3335.84,16
2929,09:30:02,$ 3335.84,5
2930,09:30:02,$ 3335.84,1
2931,09:30:02,$ 3335.84,30
2932,09:30:02,$ 3335.84,1
2933,09:30:02,$ 3335.84,7
2934,09:30:02,$ 3335.84,30
2935,09:30:02,$ 3335.84,4
2936,09:30:02,$ 3335.84,1
2937,09:30:02,$ 3335.84,5
2938,09:30:02,$ 3335.84,2
2939,09:30:02,$ 3335.84,4
2941,09:30:02,$ 3335.84,4
2942,09:30:02,$ 3335.84,200
2943,09:30:02,$ 3335.84,4
2944,09:30:02,$ 3335.84,50
2945,09:30:02,$ 3335.84,10
2946,09:30:02,$ 3335.84,5
2947,09:30:02,$ 3335.84,1
2948,09:30:02,$ 3335.84,50
2949,09:30:02,$ 3335.84,1
2950,09:30:02,$ 3335.84,5
2951,09:30:02,$ 3335.84,1
2952,09:30:02,$ 3335.84,3
2953,09:30:02,$ 3335.84,15
2954,09:30:02,$ 3335.84,2
2955,09:30:02,$ 3335.84,5
2956,09:30:02,$ 3335.84,10
2957,09:30:02,$ 3335.84,20
2958,09:30:02,$ 3335.84,1
2959,09:30:02,$ 3335.84,3
2960,09:30:02,$ 3335.84,30
2962,09:30:02,$ 3335.84,20
2963,09:30:02,$ 3335.84,1
2964,09:30:02,$ 3335.84,1
2965,09:30:02,$ 3335.84,3
2966,09:30:02,$ 3335.84,1
2967,09:30:02,$ 3335.84,1
2968,09:30:02,$ 3335.84,1
2969,09:30:02,$ 3335.84,6
2970,09:30:02,$ 3335.84,2
2971,09:30:02,$ 3335.84,1
2972,09:30:02,$ 3335.84,1
2973,09:30:02,$ 3335.84,1
2974,09:30:02,$ 3335.84,1
2975,09:30:02,$ 3335.84,3
2976,09:30:02,$ 3335.84,2
2977,09:30:02,$ 3335.84,1
2978,09:30:02,$ 3335.84,3
2979,09:30:02,$ 3335.84,3
2980,09:30:02,$ 3335.84,1
2981,09:30:02,$ 3335.84,1
2983,09:30:02,$ 3335.84,1
2984,09:30:02,$ 3335.84,1
2985,09:30:02,$ 3335.84,2
2986,09:30:02,$ 3335.84,50
2987,09:30:02,$ 3335.84,1
2988,09:30:02,$ 3335.84,1
2989,09:30:02,$ 3335.84,1
2990,09:30:02,$ 3335.84,1
2991,09:30:02,$ 3335.84,5
2992,09:30:02,$ 3335.84,1
2993,09:30:02,$ 3335.84,2
2994,09:30:02,$ 3335.84,1
2995,09:30:02,$ 3335.84,5
2996,09:30:02,$ 3335.84,3
2997,09:30:02,$ 3335.84,1
2998,09:30:02,$ 3335.84,2
2999,09:30:02,$ 3335.84,20
3000,09:30:02,$ 3335.84,40
3001,09:30:02,$ 3335.84,1
3002,09:30:02,$ 3335.84,5
3004,09:30:02,$ 3335.84,3
3005,09:30:02,$ 3335.84,"2,000"
3006,09:30:02,$ 3336.00,100
3008,10:29:57,$ 3310.9275,104
3009,10:29:56,$ 3310.93,100
3010,10:29:21,$ 3309.2992,160
3011,10:28:31,$ 3309.85,100
3012,10:28:22,$ 3311.26,100
3013,10:28:03,$ 3310.13,100
3014,10:28:03,$ 3310.13,100
3015,10:28:02,$ 3309.74,100
3016,10:28:02,$ 3310.32,100
3017,10:28:02,$ 3311.075,100
3018,10:28:02,$ 3310.91,100
3019,10:27:54,$ 3311.00,100
3020,10:27:38,$ 3309.20,100
3021,10:27:36,$ 3308.725,140
3022,10:27:17,$ 3310.90,100
3023,10:27:11,$ 3309.7911,100
3024,10:27:00,$ 3308.8679,100
3025,10:26:56,$ 3309.3799,200
3026,10:26:32,$ 3309.99,100
3027,10:26:09,$ 3308.00,100
3029,10:26:05,$ 3308.29,100
3030,10:26:05,$ 3308.28,234
3031,10:26:03,$ 3308.24,100
3032,10:25:51,$ 3306.341,100
3033,10:25:48,$ 3307.95,100
3034,10:25:48,$ 3307.11,100
3035,10:25:38,$ 3306.75,100
3036,10:25:26,$ 3307.01,400
3037,10:25:15,$ 3307.82,100
3038,10:25:15,$ 3307.80,100
3039,10:25:02,$ 3307.72,100
3040,10:24:56,$ 3306.985,400
3041,10:24:48,$ 3307.7657,128
3042,10:24:47,$ 3307.94,100
3043,10:24:44,$ 3308.00,100
3044,10:24:44,$ 3308.00,100
3045,10:24:24,$ 3310.29,100
3046,10:24:19,$ 3309.565,100
3047,10:24:19,$ 3309.56,100
3048,10:24:17,$ 3308.96,100
3050,10:24:13,$ 3309.1873,100
3051,10:24:03,$ 3309.82,142
3052,10:24:02,$ 3310.445,100
3053,10:24:01,$ 3310.145,500
3054,10:23:58,$ 3309.33,100
3055,10:23:58,$ 3309.48,100
3056,10:23:53,$ 3310.942,100
3057,10:23:50,$ 3309.475,100
3058,10:23:46,$ 3310.12,100
3059,10:23:39,$ 3309.39,100
3060,10:23:38,$ 3309.39,100
3061,10:23:29,$ 3309.495,100
3062,10:23:27,$ 3309.00,115
3063,10:23:24,$ 3309.42,100
3064,10:23:21,$ 3310.255,100
3065,10:23:19,$ 3310.33,100
3066,10:23:18,$ 3310.28,100
3067,10:23:18,$ 3309.62,100
3068,10:23:17,$ 3310.15,100
3069,10:23:16,$ 3310.2056,100
3071,10:23:11,$ 3309.00,100
3072,10:22:58,$ 3310.62,100
3073,10:22:58,$ 3311.61,100
3074,10:22:54,$ 3311.34,100
3075,10:22:54,$ 3312.48,100
3076,10:22:54,$ 3312.11,100
3077,10:22:54,$ 3311.34,200
3078,10:22:54,$ 3311.39,100
3079,10:22:54,$ 3311.43,100
3080,10:22:54,$ 3312.01,261
3081,10:22:54,$ 3312.52,100
3082,10:22:54,$ 3312.53,100
3083,10:22:53,$ 3312.125,100
3084,10:22:53,$ 3313.50,100
3085,10:22:53,$ 3313.00,100
3086,10:22:53,$ 3313.84,100
3087,10:22:53,$ 3314.37,100
3088,10:22:53,$ 3315.44,100
3089,10:22:53,$ 3315.58,100
3090,10:22:53,$ 3316.01,100
3092,10:22:37,$ 3317.10,100
3093,10:22:37,$ 3317.09,100
3094,10:22:37,$ 3316.81,100
3095,10:22:37,$ 3317.00,100
3096,10:22:18,$ 3317.04,100
3097,10:22:18,$ 3317.11,100
3098,10:22:17,$ 3316.335,100
3099,10:22:11,$ 3316.66,100
3100,10:22:11,$ 3316.54,100
3101,10:22:09,$ 3316.1308,100
3102,10:22:08,$ 3317.00,100
3103,10:22:08,$ 3316.99,100
3104,10:22:08,$ 3317.00,100
3105,10:22:08,$ 3317.00,100
3106,10:22:08,$ 3316.93,100
3107,10:22:08,$ 3316.98,100
3108,10:21:58,$ 3316.46,100
3109,10:21:49,$ 3315.13,100
3110,10:21:43,$ 3315.00,100
3111,10:21:40,$ 3315.705,100
3113,10:21:40,$ 3315.75,100
3114,10:21:40,$ 3315.36,100
3115,10:21:31,$ 3313.54,100
3116,10:21:31,$ 3313.54,100
3117,10:21:31,$ 3313.53,100
3118,10:21:31,$ 3313.55,100
3119,10:21:31,$ 3313.56,100
3120,10:21:30,$ 3313.55,100
3121,10:21:30,$ 3314.54,100
3122,10:21:30,$ 3315.02,100
3123,10:21:30,$ 3315.33,100
3124,10:21:30,$ 3315.55,100
3125,10:21:30,$ 3316.63,100
3126,10:21:30,$ 3316.67,103
3127,10:21:30,$ 3316.93,100
3128,10:21:30,$ 3317.25,100
3129,10:21:30,$ 3318.14,100
3130,10:21:30,$ 3317.53,100
3131,10:21:30,$ 3318.11,100
3132,10:21:30,$ 3318.62,100
3134,10:21:30,$ 3318.62,100
3135,10:21:27,$ 3320.59,100
3136,10:21:16,$ 3319.495,100
3137,10:21:15,$ 3318.4111,100
3138,10:21:13,$ 3318.24,100
3139,10:21:10,$ 3319.00,100
3140,10:21:02,$ 3317.63,100
3141,10:21:02,$ 3317.58,100
3142,10:20:57,$ 3316.50,100
3143,10:20:57,$ 3316.69,100
3144,10:20:57,$ 3316.77,100
3145,10:20:57,$ 3316.72,100
3146,10:20:48,$ 3317.24,100
3147,10:20:40,$ 3317.96,100
3148,10:20:32,$ 3317.00,100
3149,10:20:25,$ 3317.49,100
3150,10:20:22,$ 3316.92,100
3151,10:20:19,$ 3317.31,100
3152,10:20:19,$ 3317.18,100
3153,10:20:11,$ 3317.90,100
3155,10:20:11,$ 3318.42,100
3156,10:19:47,$ 3318.965,100
3157,10:19:35,$ 3320.355,100
3158,10:19:29,$ 3319.735,100
3159,10:19:28,$ 3319.07,100
3160,10:19:09,$ 3319.215,100
3161,10:19:05,$ 3319.615,100
3162,10:19:02,$ 3318.79,100
3163,10:19:01,$ 3320.435,100
3164,10:19:01,$ 3320.345,100
3165,10:19:01,$ 3320.40,100
3166,10:19:01,$ 3320.37,100
3167,10:19:01,$ 3318.76,300
3168,10:19:01,$ 3319.24,100
3169,10:19:01,$ 3319.29,100
3170,10:18:45,$ 3318.16,100
3171,10:18:10,$ 3316.93,100
3172,10:18:10,$ 3317.045,100
3173,10:18:10,$ 3316.995,100
3174,10:18:08,$ 3317.50,196
3176,10:17:51,$ 3317.64,100
3177,10:17:49,$ 3317.98,100
3178,10:17:38,$ 3317.04,100
3179,10:17:34,$ 3317.505,100
3180,10:17:29,$ 3317.73,100
3181,10:17:29,$ 3317.735,100
3182,10:17:29,$ 3317.74,100
3183,10:17:29,$ 3317.765,100
3184,10:17:28,$ 3317.805,100
3185,10:17:28,$ 3317.70,100
3186,10:17:28,$ 3317.63,100
3187,10:17:09,$ 3320.81,100
3188,10:17:09,$ 3320.93,100
3189,10:15:39,$ 3320.94,100
3190,10:15:39,$ 3321.20,400
3191,10:15:39,$ 3321.39,100
3192,10:15:39,$ 3321.52,150
3193,10:15:39,$ 3321.74,100
3194,10:15:39,$ 3321.85,100
3195,10:15:13,$ 3323.13,100
3197,10:15:12,$ 3323.385,100
3198,10:15:07,$ 3324.03,100
3199,10:14:31,$ 3323.425,100
3200,10:14:31,$ 3323.00,142
3201,10:14:31,$ 3323.00,125
3202,10:14:31,$ 3323.00,305
3203,10:14:15,$ 3322.97,100
3204,10:14:15,$ 3323.00,100
3205,10:14:05,$ 3321.7384,332
3206,10:13:46,$ 3322.61,100
3207,10:13:43,$ 3322.36,148
3208,10:13:42,$ 3322.37,100
3209,10:13:37,$ 3322.43,100
3210,10:13:37,$ 3322.43,146
3211,10:13:37,$ 3322.67,100
3212,10:13:37,$ 3322.67,100
3213,10:13:35,$ 3322.91,500
3214,10:13:32,$ 3322.67,100
3215,10:13:30,$ 3323.06,100
3216,10:13:16,$ 3323.625,100
3218,10:13:16,$ 3323.655,100
3219,10:13:15,$ 3323.24,100
3220,10:12:55,$ 3321.775,200
3221,10:12:27,$ 3321.18,100
3222,10:12:15,$ 3322.03,100
3223,10:12:13,$ 3322.845,250
3224,10:12:09,$ 3321.40,180
3225,10:12:05,$ 3321.41,110
3226,10:11:17,$ 3318.85,100
3227,10:11:17,$ 3318.82,100
3228,10:10:54,$ 3319.65,100
3229,10:10:46,$ 3320.755,100
3230,10:10:44,$ 3320.755,100
3231,10:10:42,$ 3320.32,100
3232,10:09:52,$ 3319.44,100
3233,10:09:50,$ 3319.4663,100
3234,10:09:24,$ 3320.00,100
3235,10:08:51,$ 3318.5038,100
3236,10:08:31,$ 3317.06,100
3237,10:07:59,$ 3318.15,100
3239,10:07:55,$ 3317.61,100
3240,10:07:55,$ 3317.41,100
3241,10:07:55,$ 3317.47,100
3242,10:07:55,$ 3317.455,100
3243,10:07:53,$ 3319.64,100
3244,10:07:41,$ 3318.04,100
3245,10:07:26,$ 3320.00,100
3246,10:07:09,$ 3318.98,240
3247,10:06:59,$ 3318.985,100
3248,10:06:59,$ 3318.9821,100
3249,10:06:44,$ 3319.79,200
3250,10:06:10,$ 3318.28,100
3251,10:05:57,$ 3317.6117,216
3252,10:05:57,$ 3318.605,400
3253,10:05:56,$ 3318.68,200
3254,10:05:34,$ 3317.61,100
3255,10:05:34,$ 3317.61,111
3256,10:05:03,$ 3318.81,100
3257,10:05:03,$ 3318.35,100
3258,10:05:01,$ 3319.47,100
3260,10:04:58,$ 3318.955,100
3261,10:04:33,$ 3318.82,100
3262,10:04:33,$ 3318.68,100
3263,10:04:33,$ 3318.35,100
3264,10:04:33,$ 3319.00,100
3265,10:04:11,$ 3321.34,100
3266,10:04:05,$ 3321.56,100
3267,10:03:32,$ 3319.77,100
3268,10:03:32,$ 3320.00,100
3269,10:03:29,$ 3321.14,100
3270,10:03:15,$ 3321.7425,100
3271,10:03:15,$ 3321.735,100
3272,10:03:13,$ 3322.4532,353
3273,10:03:06,$ 3321.63,100
3274,10:02:58,$ 3320.27,100
3275,10:02:45,$ 3318.77,100
3276,10:02:20,$ 3319.93,100
3277,10:02:04,$ 3320.27,100
3278,10:01:43,$ 3321.3663,100
3279,10:01:35,$ 3319.3595,100
3281,10:01:30,$ 3319.57,740
3282,10:01:14,$ 3319.51,100
3283,10:01:14,$ 3319.48,100
3284,10:01:14,$ 3319.485,100
3285,10:01:12,$ 3320.45,100
3286,10:01:03,$ 3321.915,100
3287,10:01:03,$ 3321.95,100
3288,10:01:03,$ 3321.95,100
3289,10:01:01,$ 3321.97,100
3290,10:01:01,$ 3321.98,100
3291,10:01:01,$ 3321.915,100
3292,10:01:00,$ 3320.32,100
3293,10:00:58,$ 3320.31,100
3294,10:00:57,$ 3320.00,200
3295,10:00:57,$ 3319.76,100
3296,10:00:57,$ 3320.00,100
3297,10:00:57,$ 3320.00,200
3298,10:00:54,$ 3319.64,100
3299,10:00:52,$ 3319.65,100
3300,10:00:41,$ 3318.39,112
3302,10:00:40,$ 3317.03,300
3303,10:00:33,$ 3317.20,140
3304,10:00:17,$ 3317.025,150
3305,10:00:15,$ 3317.16,100
3306,10:00:10,$ 3318.11,100
3307,10:00:10,$ 3318.37,145
3308,10:00:02,$ 3318.94,100
3309,10:00:02,$ 3319.00,100
3310,10:00:01,$ 3318.48,100
3312,10:59:28,$ 3310.63,100
3313,10:59:28,$ 3310.50,100
3314,10:59:17,$ 3311.315,100
3315,10:59:15,$ 3310.64,100
3316,10:59:11,$ 3310.70,100
3317,10:58:10,$ 3310.2673,100
3318,10:57:32,$ 3309.21,100
3319,10:56:27,$ 3310.67,100
3320,10:56:12,$ 3310.085,100
3321,10:55:53,$ 3310.49,100
3322,10:55:53,$ 3310.00,480
3323,10:55:50,$ 3309.69,100
3324,10:55:11,$ 3308.59,100
3325,10:55:09,$ 3308.641,100
3326,10:55:09,$ 3308.64,100
3327,10:55:03,$ 3309.00,100
3328,10:54:47,$ 3309.22,100
3329,10:54:47,$ 3309.37,100
3330,10:54:33,$ 3309.635,100
3331,10:54:33,$ 3309.63,100
3333,10:54:11,$ 3309.43,100
3334,10:54:01,$ 3309.02,100
3335,10:53:52,$ 3308.6544,100
3336,10:53:47,$ 3309.13,100
3337,10:53:05,$ 3308.13,100
3338,10:52:28,$ 3307.92,100
3339,10:52:13,$ 3307.01,100
3340,10:52:11,$ 3307.03,100
3341,10:52:09,$ 3306.49,200
3342,10:52:00,$ 3307.64,100
3343,10:51:56,$ 3307.41,100
3344,10:50:15,$ 3305.095,194
3345,10:49:55,$ 3305.70,100
3346,10:49:46,$ 3305.22,100
3347,10:49:10,$ 3305.79,100
3348,10:49:06,$ 3306.569,100
3349,10:48:55,$ 3304.22,100
3350,10:48:44,$ 3303.61,450
3351,10:48:32,$ 3303.7152,100
3352,10:48:26,$ 3304.71,100
3354,10:48:09,$ 3303.565,100
3355,10:47:30,$ 3303.26,100
3356,10:47:19,$ 3304.17,100
3357,10:47:08,$ 3303.76,100
3358,10:46:45,$ 3303.995,100
3359,10:46:44,$ 3303.47,100
3360,10:46:43,$ 3304.005,100
3361,10:46:43,$ 3304.005,100
3362,10:46:42,$ 3303.815,100
3363,10:46:39,$ 3303.42,100
3364,10:46:39,$ 3303.725,100
3365,10:46:23,$ 3303.90,100
3366,10:46:23,$ 3303.945,100
3367,10:46:20,$ 3304.16,110
3368,10:46:08,$ 3304.455,100
3369,10:46:01,$ 3305.4363,100
3370,10:45:32,$ 3305.2341,100
3371,10:45:11,$ 3306.55,100
3372,10:44:56,$ 3305.38,100
3373,10:44:45,$ 3305.66,100
3375,10:44:44,$ 3304.83,100
3376,10:44:43,$ 3305.46,100
3377,10:44:35,$ 3303.63,100
3378,10:44:35,$ 3304.01,100
3379,10:44:28,$ 3305.04,100
3380,10:44:00,$ 3305.009,300
3381,10:44:00,$ 3305.6248,368
3382,10:44:00,$ 3304.82,100
3383,10:43:48,$ 3304.85,100
3384,10:43:36,$ 3304.371,100
3385,10:43:28,$ 3305.1399,123
3386,10:43:27,$ 3304.89,100
3387,10:43:10,$ 3306.19,100
3388,10:43:09,$ 3306.07,100
3389,10:42:59,$ 3306.6032,100
3390,10:42:46,$ 3306.71,100
3391,10:42:46,$ 3306.42,100
3392,10:42:45,$ 3306.62,100
3393,10:42:23,$ 3304.98,300
3394,10:42:23,$ 3304.98,100
3396,10:42:23,$ 3304.92,100
3397,10:42:23,$ 3304.99,100
3398,10:42:14,$ 3304.271,100
3399,10:42:11,$ 3305.17,102
3400,10:42:11,$ 3304.34,100
3401,10:42:07,$ 3304.55,100
3402,10:42:03,$ 3306.00,150
3403,10:42:03,$ 3306.00,100
3404,10:42:01,$ 3305.32,100
3405,10:41:59,$ 3305.33,100
3406,10:41:58,$ 3305.28,100
3407,10:41:58,$ 3305.041,100
3408,10:41:58,$ 3305.04,100
3409,10:41:58,$ 3305.00,100
3410,10:41:58,$ 3305.00,100
3411,10:41:57,$ 3305.075,100
3412,10:41:57,$ 3305.04,100
3413,10:41:50,$ 3305.17,119
3414,10:41:41,$ 3306.03,100
3415,10:41:27,$ 3306.77,100
3417,10:41:27,$ 3306.77,100
3418,10:41:27,$ 3306.72,100
3419,10:41:12,$ 3305.52,100
3420,10:41:12,$ 3305.75,100
3421,10:41:12,$ 3305.94,100
3422,10:41:12,$ 3306.03,100
3423,10:40:42,$ 3307.10,100
3424,10:40:42,$ 3308.01,100
3425,10:40:42,$ 3308.03,100
3426,10:40:42,$ 3308.01,100
3427,10:40:42,$ 3307.97,100
3428,10:40:42,$ 3307.65,100
3429,10:40:39,$ 3308.005,100
3430,10:40:31,$ 3307.94,150
3431,10:40:26,$ 3307.93,100
3432,10:40:17,$ 3307.525,100
3433,10:40:08,$ 3307.64,100
3434,10:40:02,$ 3308.28,100
3435,10:39:45,$ 3307.73,100
3436,10:39:35,$ 3308.805,100
3438,10:39:28,$ 3309.66,100
3439,10:39:15,$ 3307.62,100
3440,10:39:12,$ 3307.2887,571
3441,10:39:10,$ 3307.62,100
3442,10:39:06,$ 3306.74,100
3443,10:39:05,$ 3306.7593,100
3444,10:38:29,$ 3308.07,100
3445,10:38:27,$ 3308.86,100
3446,10:37:44,$ 3308.555,100
3447,10:37:32,$ 3308.69,100
3448,10:37:24,$ 3308.27,100
3449,10:37:13,$ 3309.07,100
3450,10:37:08,$ 3308.76,100
3451,10:36:50,$ 3308.28,100
3452,10:36:10,$ 3306.95,100
3453,10:36:06,$ 3306.18,100
3454,10:36:00,$ 3305.3101,200
3455,10:35:57,$ 3305.74,100
3456,10:35:57,$ 3305.73,100
3457,10:35:57,$ 3305.73,100
3459,10:35:56,$ 3305.74,100
3460,10:35:56,$ 3305.62,100
3461,10:35:56,$ 3305.73,100
3462,10:35:52,$ 3305.87,100
3463,10:35:35,$ 3307.045,100
3464,10:35:31,$ 3308.36,100
3465,10:35:29,$ 3308.22,100
3466,10:35:28,$ 3308.49,100
3467,10:35:28,$ 3308.49,100
3468,10:35:06,$ 3308.80,100
3469,10:34:44,$ 3308.99,100
3470,10:34:43,$ 3308.89,100
3471,10:34:42,$ 3309.74,434
3472,10:34:39,$ 3308.0474,100
3473,10:34:07,$ 3309.56,100
3474,10:33:48,$ 3308.2306,195
3475,10:32:59,$ 3308.78,100
3476,10:32:54,$ 3308.01,100
3477,10:32:07,$ 3308.55,100
3478,10:32:01,$ 3310.19,111
3480,10:32:00,$ 3311.885,100
3481,10:32:00,$ 3311.61,100
3482,10:31:57,$ 3310.74,100
3483,10:31:50,$ 3310.70,100
3484,10:31:50,$ 3310.66,100
3485,10:31:32,$ 3308.25,100
3486,10:31:07,$ 3310.2033,100
3488,11:29:59,$ 3305.7203,100
3489,11:29:59,$ 3305.96,100
3490,11:29:41,$ 3305.7256,100
3491,11:29:36,$ 3305.17,100
3492,11:29:35,$ 3305.298,500
3493,11:29:25,$ 3306.70,100
3494,11:29:21,$ 3306.70,100
3495,11:29:10,$ 3306.54,200
3496,11:29:01,$ 3306.30,100
3497,11:28:45,$ 3306.00,100
3498,11:28:45,$ 3306.00,113
3499,11:28:30,$ 3306.50,100
3500,11:28:30,$ 3307.34,100
3501,11:28:30,$ 3307.33,100
3502,11:28:30,$ 3307.34,100
3503,11:28:30,$ 3307.38,100
3504,11:28:30,$ 3307.34,100
3505,11:28:30,$ 3307.355,100
3506,11:28:29,$ 3307.39,100
3507,11:28:29,$ 3307.33,200
3509,11:28:29,$ 3307.49,100
3510,11:28:29,$ 3307.53,100
3511,11:28:24,$ 3307.6708,350
3512,11:28:17,$ 3307.07,100
3513,11:28:17,$ 3307.10,100
3514,11:27:49,$ 3306.65,100
3515,11:27:49,$ 3306.65,100
3516,11:27:46,$ 3306.8318,108
3517,11:27:31,$ 3307.21,100
3518,11:26:51,$ 3306.59,100
3519,11:26:51,$ 3306.82,100
3520,11:26:51,$ 3306.65,100
3521,11:26:50,$ 3306.66,100
3522,11:26:50,$ 3307.50,100
3523,11:26:50,$ 3307.49,100
3524,11:26:50,$ 3307.22,100
3525,11:26:50,$ 3307.22,100
3526,11:26:50,$ 3307.22,100
3527,11:26:50,$ 3307.235,200
3528,11:26:50,$ 3307.60,100
3530,11:26:24,$ 3307.1899,106
3531,11:25:59,$ 3307.435,100
3532,11:25:48,$ 3307.02,100
3533,11:25:32,$ 3307.61,100
3534,11:25:10,$ 3307.0867,100
3535,11:25:07,$ 3307.26,100
3536,11:24:31,$ 3308.185,100
3537,11:24:24,$ 3307.99,100
3538,11:24:00,$ 3308.15,100
3539,11:23:47,$ 3308.54,100
3540,11:23:27,$ 3308.135,100
3541,11:23:22,$ 3307.58,100
3542,11:23:04,$ 3308.5904,100
3543,11:22:54,$ 3309.52,100
3544,11:22:49,$ 3309.58,100
3545,11:22:32,$ 3309.89,100
3546,11:22:31,$ 3309.42,100
3547,11:22:29,$ 3309.40,100
3548,11:22:28,$ 3308.46,500
3549,11:22:22,$ 3308.94,100
3551,11:22:19,$ 3308.41,100
3552,11:22:08,$ 3308.345,100
3553,11:21:59,$ 3309.01,100
3554,11:21:59,$ 3308.435,500
3555,11:21:52,$ 3308.00,100
3556,11:21:39,$ 3306.8563,150
3557,11:21:33,$ 3307.26,100
3558,11:21:31,$ 3306.965,100
3559,11:21:21,$ 3307.19,100
3560,11:21:19,$ 3306.97,100
3561,11:21:17,$ 3307.63,100
3562,11:21:13,$ 3307.19,100
3563,11:21:12,$ 3307.27,100
3564,11:20:56,$ 3307.07,100
3565,11:20:56,$ 3307.24,100
3566,11:20:50,$ 3306.545,200
3567,11:20:47,$ 3307.04,100
3568,11:20:47,$ 3306.93,100
3569,11:20:24,$ 3307.09,100
3570,11:20:15,$ 3307.03,100
3572,11:20:08,$ 3307.3261,175
3573,11:19:53,$ 3307.39,100
3574,11:19:35,$ 3307.56,100
3575,11:19:34,$ 3307.615,100
3576,11:19:22,$ 3306.855,100
3577,11:19:20,$ 3306.855,100
3578,11:19:15,$ 3306.37,100
3579,11:19:10,$ 3307.215,100
3580,11:19:08,$ 3306.93,200
3581,11:18:44,$ 3306.94,100
3582,11:18:44,$ 3306.375,100
3583,11:18:18,$ 3306.33,100
3584,11:18:18,$ 3306.45,100
3585,11:18:18,$ 3306.33,100
3586,11:18:13,$ 3306.26,100
3587,11:17:52,$ 3306.32,200
3588,11:17:24,$ 3306.6228,100
3589,11:17:17,$ 3307.02,100
3590,11:17:17,$ 3307.01,100
3591,11:17:17,$ 3307.07,100
3593,11:17:09,$ 3307.76,100
3594,11:17:07,$ 3307.39,100
3595,11:16:57,$ 3307.3371,140
3596,11:16:49,$ 3307.60,100
3597,11:16:19,$ 3308.071,103
3598,11:16:01,$ 3309.28,300
3599,11:15:49,$ 3309.42,100
3600,11:15:49,$ 3309.40,100
3601,11:15:19,$ 3310.43,100
3602,11:14:59,$ 3310.97,100
3603,11:14:12,$ 3309.73,100
3604,11:14:02,$ 3310.00,300
3605,11:13:45,$ 3311.15,100
3606,11:13:30,$ 3310.11,100
3607,11:13:30,$ 3310.10,100
3608,11:13:00,$ 3310.16,100
3609,11:12:56,$ 3309.97,100
3610,11:12:46,$ 3310.28,100
3611,11:12:46,$ 3310.00,100
3612,11:12:42,$ 3310.735,100
3614,11:12:31,$ 3310.13,100
3615,11:12:31,$ 3309.97,100
3616,11:12:22,$ 3308.86,100
3617,11:12:22,$ 3308.86,100
3618,11:12:08,$ 3308.17,100
3619,11:11:49,$ 3308.415,200
3620,11:11:32,$ 3308.45,500
3621,11:11:32,$ 3309.0295,500
3622,11:11:18,$ 3308.43,100
3623,11:11:18,$ 3308.50,100
3624,11:11:17,$ 3308.355,100
3625,11:11:10,$ 3308.38,100
3626,11:11:10,$ 3308.43,100
3627,11:11:10,$ 3308.49,100
3628,11:11:10,$ 3308.54,100
3629,11:11:10,$ 3307.8805,100
3630,11:11:10,$ 3307.8805,100
3631,11:11:07,$ 3308.00,100
3632,11:10:55,$ 3308.9035,100
3633,11:10:47,$ 3309.27,100
3635,11:10:47,$ 3309.27,100
3636,11:10:47,$ 3309.31,100
3637,11:10:33,$ 3308.8435,100
3638,11:10:22,$ 3309.91,100
3639,11:10:01,$ 3310.6625,174
3640,11:09:53,$ 3310.97,100
3641,11:09:53,$ 3310.92,242
3642,11:09:26,$ 3309.3285,100
3643,11:09:25,$ 3308.79,100
3644,11:09:22,$ 3308.99,100
3645,11:09:21,$ 3308.70,100
3646,11:09:21,$ 3308.70,100
3647,11:08:59,$ 3309.20,100
3648,11:08:44,$ 3308.62,100
3649,11:08:44,$ 3308.82,100
3650,11:08:33,$ 3309.21,100
3651,11:08:21,$ 3309.81,100
3652,11:08:21,$ 3309.84,100
3653,11:07:56,$ 3309.53,100
3654,11:07:41,$ 3309.95,100
3656,11:07:41,$ 3309.97,100
3657,11:07:38,$ 3309.51,100
3658,11:07:29,$ 3309.8095,400
3659,11:07:12,$ 3310.00,200
3660,11:07:11,$ 3310.6295,100
3661,11:07:10,$ 3311.2375,100
3662,11:06:25,$ 3311.265,100
3663,11:05:36,$ 3311.00,100
3664,11:05:36,$ 3311.00,100
3665,11:05:07,$ 3309.91,100
3666,11:05:05,$ 3309.35,100
3667,11:05:05,$ 3309.41,100
3668,11:04:50,$ 3308.98,100
3669,11:04:49,$ 3308.89,100
3670,11:04:21,$ 3308.01,100
3671,11:04:15,$ 3307.29,100
3672,11:04:08,$ 3307.73,100
3673,11:03:58,$ 3308.485,100
3674,11:03:41,$ 3308.82,100
3675,11:03:22,$ 3309.59,164
3677,11:03:16,$ 3310.00,100
3678,11:03:11,$ 3309.60,100
3679,11:03:09,$ 3310.10,100
3680,11:03:09,$ 3310.04,100
3681,11:03:04,$ 3310.24,200
3682,11:02:59,$ 3310.57,100
3683,11:02:37,$ 3311.65,100
3684,11:02:27,$ 3310.9228,174
3685,11:02:21,$ 3310.68,100
3686,11:02:16,$ 3310.705,100
3687,11:01:58,$ 3309.84,100
3688,11:01:49,$ 3309.21,100
3689,11:01:48,$ 3309.86,100
3690,11:01:45,$ 3309.24,100
3691,11:01:30,$ 3310.00,100
3692,11:01:02,$ 3311.635,100
3693,11:00:05,$ 3310.50,100
3695,11:59:37,$ 3306.7354,218
3696,11:59:23,$ 3306.51,100
3697,11:59:04,$ 3306.365,200
3698,11:58:49,$ 3306.28,100
3699,11:58:40,$ 3306.3675,400
3700,11:58:35,$ 3306.368,500
3701,11:58:23,$ 3306.20,100
3702,11:58:22,$ 3306.385,200
3703,11:58:17,$ 3306.375,100
3704,11:57:53,$ 3305.65,100
3705,11:57:21,$ 3306.00,100
3706,11:57:21,$ 3306.01,100
3707,11:56:25,$ 3306.89,100
3708,11:56:25,$ 3306.74,100
3709,11:56:25,$ 3306.89,100
3710,11:56:25,$ 3306.93,100
3711,11:56:13,$ 3305.88,100
3712,11:55:34,$ 3304.3201,300
3713,11:55:24,$ 3304.64,228
3714,11:55:22,$ 3304.255,115
3716,11:54:31,$ 3304.80,100
3717,11:54:29,$ 3305.28,100
3718,11:53:58,$ 3305.4915,300
3719,11:53:44,$ 3305.185,100
3720,11:53:37,$ 3305.165,500
3721,11:53:28,$ 3305.24,100
3722,11:53:17,$ 3305.65,100
3723,11:53:14,$ 3305.50,100
3724,11:53:13,$ 3305.027,500
3725,11:53:13,$ 3305.025,100
3726,11:53:11,$ 3305.024,"1,000"
3727,11:53:11,$ 3305.42,100
3728,11:53:11,$ 3305.00,100
3729,11:53:11,$ 3304.80,100
3730,11:53:05,$ 3304.60,100
3731,11:53:05,$ 3304.60,100
3732,11:53:05,$ 3304.60,100
3733,11:52:48,$ 3303.94,100
3734,11:52:47,$ 3303.75,100
3735,11:52:38,$ 3303.29,100
3737,11:52:38,$ 3303.29,100
3738,11:52:38,$ 3303.29,100
3739,11:52:36,$ 3303.6225,300
3740,11:52:31,$ 3303.29,100
3741,11:52:25,$ 3303.0375,100
3742,11:52:09,$ 3303.225,100
3743,11:51:53,$ 3303.64,100
3744,11:51:45,$ 3303.269,250
3745,11:51:40,$ 3303.29,100
3746,11:51:39,$ 3303.055,100
3747,11:51:29,$ 3302.87,100
3748,11:51:24,$ 3303.09,100
3749,11:50:23,$ 3301.715,200
3750,11:50:20,$ 3301.7375,100
3751,11:50:17,$ 3302.24,100
3752,11:50:12,$ 3301.7125,100
3753,11:49:56,$ 3301.46,100
3754,11:49:31,$ 3301.6945,140
3755,11:49:20,$ 3301.875,100
3756,11:48:59,$ 3301.63,100
3758,11:48:53,$ 3301.514,100
3759,11:48:34,$ 3301.08,107
3760,11:47:44,$ 3301.305,100
3761,11:47:15,$ 3301.23,100
3762,11:47:14,$ 3301.26,100
3763,11:47:14,$ 3302.19,100
3764,11:47:14,$ 3302.18,100
3765,11:47:05,$ 3302.49,100
3766,11:47:05,$ 3302.49,100
3767,11:47:02,$ 3302.5035,100
3768,11:46:56,$ 3303.3679,350
3769,11:46:47,$ 3303.99,150
3770,11:46:26,$ 3304.45,100
3771,11:46:25,$ 3303.66,100
3772,11:46:03,$ 3303.72,100
3773,11:46:01,$ 3303.0201,100
3774,11:45:43,$ 3303.0125,100
3775,11:45:42,$ 3303.1075,100
3776,11:45:42,$ 3303.45,100
3777,11:45:28,$ 3303.78,100
3779,11:45:28,$ 3303.78,100
3780,11:45:24,$ 3302.93,100
3781,11:45:22,$ 3302.145,100
3782,11:45:11,$ 3301.28,196
3783,11:44:57,$ 3301.28,246
3784,11:44:49,$ 3301.445,100
3785,11:43:42,$ 3300.4275,100
3786,11:43:25,$ 3300.56,100
3787,11:43:25,$ 3300.57,100
3788,11:43:20,$ 3300.60,100
3789,11:43:20,$ 3300.57,100
3790,11:43:20,$ 3300.65,100
3791,11:43:20,$ 3300.655,100
3792,11:43:19,$ 3300.5975,100
3793,11:43:19,$ 3301.04,100
3794,11:43:18,$ 3300.9639,100
3795,11:43:18,$ 3300.87,100
3796,11:43:10,$ 3301.17,100
3797,11:42:52,$ 3301.475,100
3798,11:42:23,$ 3302.18,100
3800,11:42:23,$ 3302.17,100
3801,11:42:23,$ 3302.17,100
3802,11:42:22,$ 3302.36,300
3803,11:42:22,$ 3302.51,100
3804,11:42:00,$ 3303.24,123
3805,11:41:55,$ 3303.60,100
3806,11:41:54,$ 3303.00,100
3807,11:41:50,$ 3302.30,100
3808,11:41:48,$ 3302.53,100
3809,11:41:46,$ 3302.365,300
3810,11:41:44,$ 3301.67,100
3811,11:41:41,$ 3301.68,100
3812,11:41:32,$ 3301.4675,100
3813,11:41:25,$ 3301.31,100
3814,11:41:22,$ 3301.40,100
3815,11:41:22,$ 3301.395,100
3816,11:41:13,$ 3300.64,100
3817,11:40:21,$ 3300.78,100
3818,11:40:07,$ 3300.0843,100
3819,11:40:03,$ 3300.46,100
3821,11:40:03,$ 3300.46,100
3822,11:40:03,$ 3300.32,100
3823,11:40:03,$ 3300.49,100
3824,11:39:57,$ 3300.225,100
3825,11:39:38,$ 3300.00,100
3826,11:39:38,$ 3300.00,100
3827,11:39:36,$ 3300.20,100
3828,11:39:36,$ 3299.91,100
3829,11:39:36,$ 3299.91,100
3830,11:39:36,$ 3299.91,100
3831,11:39:36,$ 3299.91,100
3832,11:39:36,$ 3299.91,100
3833,11:39:18,$ 3299.98,300
3834,11:39:08,$ 3298.915,500
3835,11:39:04,$ 3299.72,100
3836,11:38:21,$ 3299.29,100
3837,11:38:06,$ 3299.19,100
3838,11:37:55,$ 3299.61,100
3839,11:37:55,$ 3299.44,100
3840,11:37:30,$ 3298.8768,"1,000"
3842,11:37:12,$ 3298.575,100
3843,11:37:08,$ 3298.56,100
3844,11:37:02,$ 3299.01,100
3845,11:36:59,$ 3298.93,100
3846,11:36:46,$ 3299.29,100
3847,11:36:45,$ 3299.70,100
3848,11:36:45,$ 3299.75,100
3849,11:36:45,$ 3299.77,100
3850,11:36:36,$ 3299.085,100
3851,11:36:20,$ 3298.815,100
3852,11:36:19,$ 3298.75,100
3853,11:36:11,$ 3298.59,250
3854,11:36:10,$ 3298.8075,100
3855,11:36:08,$ 3299.48,200
3856,11:36:06,$ 3299.47,100
3857,11:35:42,$ 3299.49,100
3858,11:35:35,$ 3299.07,100
3859,11:35:33,$ 3299.50,100
3860,11:35:33,$ 3299.66,100
3861,11:35:33,$ 3299.65,154
3863,11:35:26,$ 3300.13,100
3864,11:35:26,$ 3300.26,100
3865,11:35:18,$ 3300.30,100
3866,11:35:18,$ 3299.79,100
3867,11:35:16,$ 3299.82,100
3868,11:35:05,$ 3299.82,100
3869,11:35:05,$ 3299.7175,100
3870,11:35:04,$ 3299.92,100
3871,11:35:02,$ 3298.97,100
3872,11:35:02,$ 3299.05,100
3873,11:35:02,$ 3299.60,300
3874,11:35:02,$ 3299.58,100
3875,11:35:02,$ 3299.50,100
3876,11:35:02,$ 3299.25,100
3877,11:35:02,$ 3299.05,149
3878,11:35:02,$ 3299.05,100
3879,11:35:02,$ 3299.05,100
3880,11:35:02,$ 3299.425,100
3881,11:35:01,$ 3299.99,192
3882,11:35:01,$ 3300.00,100
3884,11:35:01,$ 3299.80,100
3885,11:35:01,$ 3300.00,100
3886,11:35:01,$ 3300.00,100
3887,11:35:01,$ 3300.00,300
3888,11:35:01,$ 3300.00,100
3889,11:35:01,$ 3300.00,100
3890,11:35:01,$ 3300.00,100
3891,11:35:01,$ 3300.00,100
3892,11:35:01,$ 3300.415,100
3893,11:35:00,$ 3300.45,100
3894,11:34:59,$ 3300.27,100
3895,11:34:58,$ 3300.40,100
3896,11:34:48,$ 3300.06,100
3897,11:34:47,$ 3300.01,100
3898,11:34:47,$ 3300.09,100
3899,11:34:47,$ 3300.23,100
3900,11:34:47,$ 3300.75,100
3901,11:34:47,$ 3300.58,100
3902,11:34:47,$ 3300.57,100
