,NLS Time (ET),NLS Price,NLS Share Volume
1,09:59:37,$ 3261.00,296
2,09:58:33,$ 3261.2385,299
3,09:58:30,$ 3262.73,100
4,09:58:28,$ 3262.69,100
5,09:57:51,$ 3263.81,199
6,09:57:44,$ 3264.3005,199
7,09:57:41,$ 3263.348,100
8,09:57:29,$ 3264.629,306
9,09:57:29,$ 3264.24,100
10,09:57:29,$ 3264.40,100
11,09:57:21,$ 3265.08,100
12,09:57:19,$ 3265.88,100
13,09:57:19,$ 3265.42,100
14,09:56:57,$ 3266.86,100
15,09:56:51,$ 3265.815,100
16,09:56:47,$ 3265.94,100
17,09:56:47,$ 3265.99,100
18,09:56:45,$ 3265.54,100
19,09:56:40,$ 3265.54,100
20,09:56:31,$ 3265.00,100
22,09:56:31,$ 3265.00,100
23,09:56:31,$ 3265.01,140
24,09:56:31,$ 3265.00,100
25,09:56:31,$ 3265.00,272
26,09:56:31,$ 3266.42,100
27,09:56:27,$ 3265.67,100
28,09:56:26,$ 3265.815,100
29,09:56:15,$ 3266.0603,200
30,09:56:03,$ 3266.525,100
31,09:56:03,$ 3266.44,100
32,09:55:46,$ 3265.48,100
33,09:55:46,$ 3264.70,100
34,09:55:25,$ 3264.56,100
35,09:55:25,$ 3264.39,100
36,09:55:24,$ 3262.97,100
37,09:55:14,$ 3262.78,100
38,09:55:14,$ 3261.22,500
39,09:55:02,$ 3260.97,100
40,09:54:48,$ 3260.44,123
41,09:54:34,$ 3260.51,100
43,09:54:34,$ 3261.72,100
44,09:54:23,$ 3260.08,100
45,09:54:15,$ 3260.10,100
46,09:54:15,$ 3260.00,100
47,09:54:03,$ 3261.85,100
48,09:54:03,$ 3262.00,304
49,09:54:03,$ 3262.00,425
50,09:54:02,$ 3261.68,100
51,09:53:52,$ 3260.00,100
52,09:53:49,$ 3260.85,100
53,09:53:42,$ 3262.05,199
54,09:53:19,$ 3262.49,392
55,09:53:19,$ 3262.472,100
56,09:53:19,$ 3262.43,260
57,09:53:19,$ 3262.0647,185
58,09:53:19,$ 3262.489,109
59,09:53:16,$ 3261.96,200
60,09:53:09,$ 3261.03,100
61,09:53:02,$ 3260.2901,200
62,09:52:51,$ 3260.36,100
64,09:52:51,$ 3260.36,100
65,09:52:46,$ 3261.0352,299
66,09:52:40,$ 3260.00,200
67,09:52:40,$ 3260.00,206
68,09:52:34,$ 3262.39,100
69,09:52:31,$ 3262.99,700
70,09:52:30,$ 3261.39,100
71,09:52:30,$ 3261.39,100
72,09:52:25,$ 3262.05,100
73,09:52:18,$ 3262.06,100
74,09:52:08,$ 3261.96,100
75,09:52:08,$ 3262.00,100
76,09:52:08,$ 3261.14,100
77,09:52:08,$ 3261.14,100
78,09:52:01,$ 3260.02,100
79,09:51:53,$ 3259.00,486
80,09:51:53,$ 3259.00,125
81,09:51:53,$ 3260.28,199
82,09:51:51,$ 3260.631,145
83,09:51:45,$ 3260.00,101
85,09:51:45,$ 3260.00,183
86,09:51:16,$ 3263.09,100
87,09:51:15,$ 3263.00,211
88,09:51:12,$ 3263.16,100
89,09:51:12,$ 3263.095,100
90,09:51:02,$ 3264.29,100
91,09:50:43,$ 3264.94,100
92,09:50:38,$ 3265.37,100
93,09:50:38,$ 3265.025,100
94,09:50:25,$ 3265.76,199
95,09:50:13,$ 3265.92,100
96,09:50:08,$ 3265.79,100
97,09:50:06,$ 3265.49,100
98,09:50:05,$ 3265.2587,199
99,09:50:03,$ 3264.58,100
100,09:50:01,$ 3264.65,205
101,09:49:56,$ 3264.5713,299
102,09:49:55,$ 3264.91,100
103,09:49:45,$ 3264.00,100
104,09:49:30,$ 3265.3125,349
106,09:49:26,$ 3265.0832,110
107,09:49:17,$ 3264.92,100
108,09:49:13,$ 3264.95,100
109,09:49:08,$ 3265.02,100
110,09:49:08,$ 3265.02,100
111,09:49:08,$ 3265.225,100
112,09:49:08,$ 3265.28,200
113,09:49:08,$ 3265.0235,100
114,09:49:08,$ 3265.025,100
115,09:49:08,$ 3265.44,100
116,09:49:08,$ 3265.04,100
117,09:49:05,$ 3267.04,100
118,09:48:52,$ 3266.24,100
119,09:48:34,$ 3265.85,100
120,09:48:12,$ 3266.065,"1,000"
121,09:48:12,$ 3265.00,500
122,09:48:02,$ 3266.04,189
123,09:47:40,$ 3265.6469,199
124,09:47:27,$ 3267.3668,299
125,09:47:14,$ 3267.49,100
127,09:47:13,$ 3267.1547,104
128,09:47:08,$ 3268.24,145
129,09:47:05,$ 3266.31,100
130,09:47:04,$ 3266.38,121
131,09:47:01,$ 3268.00,100
132,09:47:01,$ 3267.76,100
133,09:47:01,$ 3267.52,728
134,09:47:01,$ 3267.71,100
135,09:46:51,$ 3267.83,100
136,09:46:30,$ 3265.71,100
137,09:46:25,$ 3266.245,200
138,09:46:09,$ 3266.184,399
139,09:46:09,$ 3265.40,"1,000"
140,09:46:04,$ 3265.4525,100
141,09:45:51,$ 3267.5975,100
142,09:45:45,$ 3266.6434,131
143,09:45:28,$ 3269.78,100
144,09:45:05,$ 3269.58,500
145,09:45:01,$ 3269.60,100
146,09:45:01,$ 3269.06,100
148,09:44:42,$ 3271.8001,100
149,09:44:41,$ 3273.96,100
150,09:44:31,$ 3271.815,100
151,09:44:30,$ 3272.99,399
152,09:44:30,$ 3273.00,400
153,09:44:26,$ 3272.51,100
154,09:44:25,$ 3271.51,185
155,09:44:21,$ 3271.49,100
156,09:44:21,$ 3271.50,100
157,09:44:21,$ 3271.27,100
158,09:44:21,$ 3271.32,100
159,09:44:21,$ 3271.48,100
160,09:44:21,$ 3269.00,100
161,09:44:21,$ 3269.00,100
162,09:44:21,$ 3270.96,100
163,09:44:21,$ 3270.80,103
164,09:44:21,$ 3269.99,100
165,09:44:14,$ 3270.00,100
166,09:44:05,$ 3268.955,100
167,09:44:03,$ 3269.585,300
169,09:44:01,$ 3266.62,100
170,09:43:59,$ 3270.125,100
171,09:43:54,$ 3268.00,122
172,09:43:47,$ 3269.84,100
173,09:43:44,$ 3269.00,120
174,09:43:36,$ 3270.09,100
175,09:43:35,$ 3271.25,100
176,09:43:31,$ 3270.91,100
177,09:43:23,$ 3269.29,500
178,09:43:16,$ 3270.94,100
179,09:43:16,$ 3270.94,100
180,09:43:06,$ 3271.125,100
181,09:42:55,$ 3268.98,110
182,09:42:46,$ 3270.97,100
183,09:42:41,$ 3270.0079,499
184,09:42:31,$ 3270.21,100
185,09:42:28,$ 3270.225,100
186,09:42:26,$ 3269.975,100
187,09:42:25,$ 3269.915,100
188,09:42:25,$ 3269.83,100
190,09:42:21,$ 3270.22,100
191,09:42:17,$ 3270.67,100
192,09:42:16,$ 3270.17,100
193,09:42:15,$ 3271.45,100
194,09:42:13,$ 3273.435,100
195,09:42:08,$ 3272.03,100
196,09:42:06,$ 3271.00,817
197,09:41:51,$ 3267.74,100
198,09:41:35,$ 3267.59,100
199,09:41:34,$ 3266.295,100
200,09:41:34,$ 3266.295,100
201,09:41:33,$ 3266.00,100
202,09:41:30,$ 3266.24,100
203,09:41:30,$ 3266.25,100
204,09:41:29,$ 3265.62,100
205,09:41:25,$ 3265.35,100
206,09:41:25,$ 3265.00,100
207,09:41:25,$ 3265.00,100
208,09:41:25,$ 3265.00,116
209,09:41:25,$ 3265.00,100
211,09:41:25,$ 3265.00,100
212,09:41:25,$ 3265.36,100
213,09:41:25,$ 3265.13,100
214,09:41:25,$ 3265.10,100
215,09:41:25,$ 3265.00,139
216,09:41:25,$ 3265.00,210
217,09:41:19,$ 3266.445,100
218,09:41:17,$ 3266.0809,749
219,09:41:04,$ 3266.595,100
220,09:41:02,$ 3266.02,100
221,09:40:37,$ 3267.345,100
222,09:40:33,$ 3266.785,100
223,09:40:29,$ 3266.785,100
224,09:40:26,$ 3267.165,100
225,09:40:25,$ 3266.03,100
226,09:40:25,$ 3266.2184,109
227,09:40:25,$ 3267.22,100
228,09:40:25,$ 3266.12,100
229,09:40:25,$ 3266.24,100
230,09:40:25,$ 3266.24,100
232,09:40:25,$ 3266.00,100
233,09:40:25,$ 3266.129,100
234,09:40:25,$ 3266.245,100
235,09:40:25,$ 3266.49,100
236,09:40:25,$ 3266.02,100
237,09:40:25,$ 3266.19,100
238,09:40:25,$ 3266.005,100
239,09:40:25,$ 3266.49,100
240,09:40:25,$ 3266.03,100
241,09:40:25,$ 3266.03,100
242,09:40:25,$ 3266.03,100
243,09:40:25,$ 3266.02,100
244,09:40:25,$ 3266.02,100
245,09:40:25,$ 3266.03,100
246,09:40:25,$ 3266.49,100
247,09:40:25,$ 3266.24,100
248,09:40:25,$ 3266.03,100
249,09:40:25,$ 3266.03,100
250,09:40:01,$ 3269.3332,345
251,09:40:01,$ 3269.37,100
253,09:40:01,$ 3269.07,100
254,09:39:57,$ 3268.085,100
255,09:39:57,$ 3268.42,100
256,09:39:56,$ 3266.69,500
257,09:39:46,$ 3268.0164,668
258,09:39:46,$ 3268.60,100
259,09:39:45,$ 3267.68,160
260,09:39:44,$ 3268.02,100
261,09:39:41,$ 3268.21,100
262,09:39:15,$ 3267.69,100
263,09:39:09,$ 3267.55,100
264,09:39:09,$ 3267.55,100
265,09:39:09,$ 3267.36,100
266,09:39:09,$ 3267.98,500
267,09:39:09,$ 3267.37,100
268,09:39:09,$ 3267.205,100
269,09:39:09,$ 3268.61,100
270,09:39:03,$ 3268.1455,100
271,09:38:57,$ 3269.39,100
272,09:38:51,$ 3269.18,100
274,09:38:51,$ 3269.16,100
275,09:38:51,$ 3269.17,100
276,09:38:46,$ 3269.17,200
277,09:38:37,$ 3266.10,100
278,09:38:32,$ 3268.75,100
279,09:38:31,$ 3268.53,100
280,09:38:31,$ 3269.10,100
281,09:38:26,$ 3270.87,100
282,09:38:26,$ 3271.34,100
283,09:38:26,$ 3270.84,300
284,09:38:26,$ 3270.85,100
285,09:38:25,$ 3270.00,111
286,09:38:25,$ 3270.32,100
287,09:38:25,$ 3270.00,100
288,09:38:25,$ 3269.9962,100
289,09:38:25,$ 3269.54,100
290,09:38:25,$ 3267.99,100
291,09:38:25,$ 3267.99,100
292,09:38:24,$ 3267.99,250
293,09:38:22,$ 3267.515,100
295,09:38:22,$ 3268.58,100
296,09:38:22,$ 3267.515,100
297,09:38:18,$ 3268.46,100
298,09:38:14,$ 3268.00,100
299,09:38:11,$ 3266.255,100
300,09:38:06,$ 3265.81,100
301,09:38:04,$ 3265.67,100
302,09:38:02,$ 3266.63,250
303,09:37:59,$ 3269.1513,199
304,09:37:57,$ 3269.54,100
305,09:37:46,$ 3271.31,150
306,09:37:39,$ 3270.49,199
307,09:37:34,$ 3269.565,100
308,09:37:34,$ 3269.558,100
309,09:37:34,$ 3269.70,100
310,09:37:34,$ 3269.565,100
311,09:37:33,$ 3270.41,100
312,09:37:28,$ 3270.10,100
313,09:37:28,$ 3270.60,100
314,09:37:28,$ 3270.48,100
316,09:37:28,$ 3269.83,199
317,09:37:23,$ 3269.5898,"1,000"
318,09:37:22,$ 3269.75,100
319,09:37:20,$ 3268.86,100
320,09:37:13,$ 3271.384,100
321,09:37:05,$ 3270.99,100
322,09:37:05,$ 3270.98,100
323,09:37:01,$ 3270.85,100
324,09:37:00,$ 3272.875,100
325,09:36:55,$ 3273.34,100
326,09:36:53,$ 3273.02,100
327,09:36:33,$ 3273.685,100
328,09:36:25,$ 3275.32,250
329,09:36:25,$ 3275.32,200
330,09:36:25,$ 3275.22,100
331,09:36:25,$ 3275.32,600
332,09:36:25,$ 3275.31,100
333,09:36:04,$ 3276.03,111
334,09:36:04,$ 3276.97,250
335,09:36:03,$ 3276.97,100
337,09:35:57,$ 3275.28,100
338,09:35:48,$ 3275.29,100
339,09:35:47,$ 3275.77,100
340,09:35:44,$ 3276.11,100
341,09:35:44,$ 3276.11,100
342,09:35:36,$ 3275.1918,100
343,09:35:35,$ 3274.7325,100
344,09:35:35,$ 3274.704,100
345,09:35:32,$ 3275.96,100
346,09:35:27,$ 3273.03,500
347,09:35:26,$ 3275.00,999
348,09:35:25,$ 3275.00,117
349,09:35:24,$ 3274.87,100
350,09:35:24,$ 3274.99,100
351,09:35:20,$ 3274.89,100
352,09:35:20,$ 3274.89,100
353,09:35:20,$ 3274.86,100
354,09:35:20,$ 3274.80,100
355,09:35:19,$ 3273.60,100
356,09:35:19,$ 3273.875,107
358,09:35:19,$ 3273.56,100
359,09:35:19,$ 3273.28,100
360,09:35:19,$ 3274.725,173
361,09:35:19,$ 3273.92,100
362,09:35:17,$ 3274.56,100
363,09:35:17,$ 3275.25,100
364,09:35:17,$ 3275.11,100
365,09:35:17,$ 3275.145,100
366,09:35:16,$ 3274.12,100
367,09:35:13,$ 3273.525,253
368,09:35:13,$ 3275.49,100
369,09:35:13,$ 3275.49,100
370,09:35:13,$ 3275.49,100
371,09:35:12,$ 3270.99,100
372,09:35:12,$ 3275.15,100
373,09:35:12,$ 3275.15,100
374,09:35:12,$ 3275.15,100
375,09:35:12,$ 3275.15,100
376,09:35:12,$ 3275.15,100
377,09:35:12,$ 3275.15,100
379,09:35:11,$ 3270.815,100
380,09:35:11,$ 3270.98,100
381,09:35:11,$ 3270.755,100
382,09:35:11,$ 3270.1475,100
383,09:35:10,$ 3270.58,100
384,09:35:10,$ 3271.05,100
385,09:35:08,$ 3271.945,123
386,09:35:08,$ 3273.17,100
387,09:35:08,$ 3273.02,100
388,09:35:08,$ 3272.91,100
389,09:35:08,$ 3272.92,100
390,09:35:08,$ 3272.905,100
391,09:35:08,$ 3272.91,100
392,09:35:08,$ 3273.204,100
393,09:35:07,$ 3275.13,275
394,09:35:06,$ 3272.11,100
395,09:35:03,$ 3275.905,100
396,09:35:03,$ 3275.435,100
397,09:35:02,$ 3275.94,100
398,09:35:02,$ 3275.96,290
400,09:35:02,$ 3275.90,100
401,09:35:02,$ 3275.605,100
402,09:35:02,$ 3275.445,100
403,09:35:01,$ 3273.85,100
404,09:35:00,$ 3273.89,100
405,09:35:00,$ 3274.73,100
406,09:35:00,$ 3274.73,100
407,09:35:00,$ 3274.285,100
408,09:34:59,$ 3274.33,100
409,09:34:59,$ 3274.33,100
410,09:34:59,$ 3274.32,100
411,09:34:59,$ 3274.335,100
412,09:34:59,$ 3274.19,100
413,09:34:59,$ 3274.325,100
414,09:34:59,$ 3274.19,100
415,09:34:59,$ 3274.325,100
416,09:34:59,$ 3274.18,100
417,09:34:59,$ 3274.315,100
418,09:34:59,$ 3274.335,100
419,09:34:58,$ 3273.78,100
421,09:34:58,$ 3272.50,200
422,09:34:58,$ 3272.06,100
423,09:34:58,$ 3272.00,162
424,09:34:58,$ 3272.00,138
425,09:34:58,$ 3272.50,100
426,09:34:55,$ 3275.20,100
427,09:34:55,$ 3275.31,100
428,09:34:54,$ 3275.33,100
429,09:34:54,$ 3275.34,190
430,09:34:53,$ 3274.46,300
431,09:34:49,$ 3275.41,100
432,09:34:49,$ 3275.58,300
433,09:34:49,$ 3273.14,227
434,09:34:49,$ 3275.165,100
435,09:34:38,$ 3272.50,150
436,09:34:38,$ 3275.55,100
437,09:34:38,$ 3275.55,100
438,09:34:38,$ 3275.58,100
439,09:34:37,$ 3274.92,100
440,09:34:37,$ 3275.00,100
442,09:34:34,$ 3277.00,100
443,09:34:34,$ 3277.1977,109
444,09:34:32,$ 3277.00,100
445,09:34:29,$ 3275.475,100
446,09:34:29,$ 3275.535,100
447,09:34:28,$ 3275.63,100
448,09:34:28,$ 3275.40,100
449,09:34:28,$ 3275.32,100
450,09:34:19,$ 3278.56,100
451,09:34:19,$ 3277.75,100
452,09:34:17,$ 3277.005,100
453,09:34:13,$ 3276.505,100
454,09:34:13,$ 3277.90,100
455,09:34:12,$ 3275.05,100
456,09:34:12,$ 3275.175,100
457,09:34:09,$ 3278.39,100
458,09:34:09,$ 3277.94,100
459,09:34:09,$ 3278.10,100
460,09:34:09,$ 3278.31,100
461,09:34:09,$ 3278.36,100
463,09:34:09,$ 3278.39,465
464,09:34:09,$ 3278.39,812
465,09:34:09,$ 3278.39,100
466,09:34:08,$ 3277.005,100
467,09:34:08,$ 3276.50,100
468,09:34:08,$ 3276.00,381
469,09:34:08,$ 3277.00,100
470,09:34:08,$ 3276.82,100
471,09:34:08,$ 3276.50,100
472,09:34:08,$ 3276.50,100
473,09:34:08,$ 3276.94,100
474,09:34:08,$ 3276.92,100
475,09:34:08,$ 3277.22,100
476,09:34:06,$ 3277.02,100
477,09:34:06,$ 3277.03,100
478,09:34:04,$ 3278.21,100
479,09:34:00,$ 3278.41,100
480,09:33:55,$ 3279.80,100
481,09:33:53,$ 3277.8001,100
482,09:33:47,$ 3279.76,100
484,09:33:47,$ 3279.76,100
485,09:33:47,$ 3279.81,100
486,09:33:46,$ 3278.46,100
487,09:33:46,$ 3278.47,200
488,09:33:46,$ 3278.52,100
489,09:33:44,$ 3278.6247,100
490,09:33:37,$ 3279.40,100
491,09:33:37,$ 3279.49,100
492,09:33:35,$ 3277.71,100
493,09:33:35,$ 3277.72,100
494,09:33:35,$ 3277.80,100
495,09:33:34,$ 3277.72,135
496,09:33:32,$ 3279.71,100
497,09:33:30,$ 3278.765,100
498,09:33:21,$ 3277.78,100
499,09:33:19,$ 3277.325,100
500,09:33:14,$ 3277.4453,200
501,09:33:08,$ 3277.25,100
502,09:33:06,$ 3276.75,500
503,09:33:05,$ 3279.50,100
505,09:33:02,$ 3275.83,100
506,09:32:59,$ 3275.78,250
507,09:32:58,$ 3277.22,100
508,09:32:58,$ 3277.17,100
509,09:32:57,$ 3277.995,100
510,09:32:55,$ 3279.29,100
511,09:32:55,$ 3278.81,300
512,09:32:55,$ 3279.55,100
513,09:32:51,$ 3277.02,100
514,09:32:51,$ 3278.02,178
515,09:32:51,$ 3278.01,279
516,09:32:51,$ 3278.01,100
517,09:32:51,$ 3279.81,145
518,09:32:45,$ 3279.82,100
519,09:32:44,$ 3277.02,150
520,09:32:38,$ 3277.66,100
521,09:32:37,$ 3277.45,279
522,09:32:36,$ 3277.71,123
523,09:32:33,$ 3276.87,100
524,09:32:33,$ 3276.85,100
526,09:32:33,$ 3276.80,228
527,09:32:28,$ 3278.00,499
528,09:32:24,$ 3275.00,100
529,09:32:21,$ 3275.96,100
530,09:32:21,$ 3275.635,100
531,09:32:14,$ 3274.36,100
532,09:32:14,$ 3274.31,100
533,09:32:14,$ 3274.31,100
534,09:32:06,$ 3272.475,100
535,09:32:06,$ 3272.75,100
536,09:32:02,$ 3271.995,290
537,09:32:02,$ 3272.93,250
538,09:32:01,$ 3272.95,100
539,09:32:00,$ 3272.37,100
540,09:32:00,$ 3272.37,100
541,09:31:59,$ 3271.2201,100
542,09:31:53,$ 3272.44,100
543,09:31:53,$ 3272.445,100
544,09:31:47,$ 3271.00,100
545,09:31:43,$ 3272.23,140
547,09:31:43,$ 3272.50,100
548,09:31:41,$ 3274.00,138
549,09:31:41,$ 3274.00,110
550,09:31:41,$ 3274.00,100
551,09:31:39,$ 3274.018,100
552,09:31:39,$ 3274.94,490
553,09:31:39,$ 3274.11,100
554,09:31:39,$ 3274.05,100
555,09:31:39,$ 3274.00,100
556,09:31:36,$ 3275.98,100
557,09:31:34,$ 3275.00,100
558,09:31:34,$ 3275.00,300
559,09:31:34,$ 3275.00,100
560,09:31:33,$ 3273.34,100
561,09:31:32,$ 3274.00,100
562,09:31:32,$ 3273.98,100
563,09:31:32,$ 3273.98,100
564,09:31:32,$ 3273.59,200
565,09:31:32,$ 3273.00,251
566,09:31:28,$ 3272.12,100
568,09:31:20,$ 3273.00,281
569,09:31:19,$ 3272.00,100
570,09:31:17,$ 3272.42,100
571,09:31:14,$ 3272.17,100
572,09:31:14,$ 3273.89,100
573,09:31:14,$ 3274.00,100
574,09:31:13,$ 3271.99,100
575,09:31:13,$ 3272.00,100
576,09:31:13,$ 3272.00,215
577,09:31:13,$ 3272.00,113
578,09:31:13,$ 3272.00,262
579,09:31:13,$ 3272.00,216
580,09:31:13,$ 3271.85,100
581,09:31:13,$ 3272.00,100
582,09:31:13,$ 3271.85,100
583,09:31:13,$ 3270.66,500
584,09:31:13,$ 3271.46,100
585,09:31:13,$ 3271.60,100
586,09:31:10,$ 3271.42,100
587,09:31:10,$ 3271.20,100
589,09:31:10,$ 3270.18,120
590,09:31:10,$ 3270.17,100
591,09:31:09,$ 3270.685,100
592,09:31:08,$ 3269.38,100
593,09:31:07,$ 3269.51,100
594,09:31:01,$ 3271.60,100
595,09:30:59,$ 3269.62,110
596,09:30:57,$ 3272.00,500
597,09:30:56,$ 3267.00,100
598,09:30:56,$ 3267.43,100
599,09:30:56,$ 3271.60,100
600,09:30:55,$ 3271.59,100
601,09:30:54,$ 3271.52,100
602,09:30:54,$ 3271.41,100
603,09:30:53,$ 3271.98,100
604,09:30:53,$ 3271.9999,100
605,09:30:51,$ 3270.54,100
606,09:30:50,$ 3270.82,100
607,09:30:50,$ 3271.43,100
608,09:30:50,$ 3271.43,100
610,09:30:50,$ 3271.43,400
611,09:30:50,$ 3271.25,200
612,09:30:49,$ 3271.64,100
613,09:30:49,$ 3272.88,100
614,09:30:48,$ 3273.05,100
615,09:30:47,$ 3273.00,100
616,09:30:47,$ 3272.95,100
617,09:30:47,$ 3272.81,400
618,09:30:47,$ 3272.92,100
619,09:30:44,$ 3271.99,100
620,09:30:44,$ 3271.99,100
621,09:30:44,$ 3272.01,100
622,09:30:44,$ 3272.00,287
623,09:30:44,$ 3272.00,534
624,09:30:43,$ 3271.99,200
625,09:30:43,$ 3271.45,100
626,09:30:43,$ 3271.45,110
627,09:30:42,$ 3271.07,300
628,09:30:36,$ 3271.43,250
629,09:30:35,$ 3270.48,100
631,09:30:34,$ 3269.85,100
632,09:30:34,$ 3269.33,100
633,09:30:34,$ 3269.33,123
634,09:30:34,$ 3269.33,277
635,09:30:32,$ 3270.49,100
636,09:30:30,$ 3270.14,100
637,09:30:30,$ 3270.00,100
638,09:30:25,$ 3269.38,100
639,09:30:25,$ 3268.17,100
640,09:30:20,$ 3269.35,"1,000"
641,09:30:18,$ 3267.455,100
642,09:30:08,$ 3267.58,100
643,09:30:08,$ 3267.98,100
644,09:30:07,$ 3268.59,100
645,09:30:06,$ 3269.00,100
646,09:30:06,$ 3268.605,100
647,09:30:05,$ 3268.855,100
648,09:30:05,$ 3268.855,100
649,09:30:02,$ 3267.99,464
650,09:30:02,$ 3268.34,100
652,09:30:02,$ 3268.22,100
653,09:30:02,$ 3267.99,232
654,09:30:02,$ 3268.60,116
655,09:30:02,$ 3266.00,2
656,09:30:02,$ 3266.00,12
657,09:30:02,$ 3266.00,10
658,09:30:02,$ 3266.00,7
659,09:30:02,$ 3266.00,30
660,09:30:02,$ 3266.00,12
661,09:30:02,$ 3266.00,1
662,09:30:02,$ 3266.00,18
663,09:30:02,$ 3266.00,1
664,09:30:02,$ 3266.00,1
665,09:30:02,$ 3266.00,2
666,09:30:02,$ 3266.00,1
667,09:30:02,$ 3266.00,4
668,09:30:02,$ 3266.00,5
669,09:30:02,$ 3266.00,2
670,09:30:02,$ 3266.00,1
671,09:30:02,$ 3266.00,3
673,09:30:02,$ 3266.00,3
674,09:30:02,$ 3266.00,3
675,09:30:02,$ 3266.00,30
676,09:30:02,$ 3266.00,1
677,09:30:02,$ 3266.00,5
678,09:30:02,$ 3266.00,3
679,09:30:02,$ 3266.00,20
680,09:30:02,$ 3266.00,21
681,09:30:02,$ 3266.00,10
682,09:30:02,$ 3266.00,20
683,09:30:02,$ 3266.00,3
684,09:30:02,$ 3266.00,2
685,09:30:02,$ 3266.00,6
686,09:30:02,$ 3266.00,2
687,09:30:02,$ 3266.00,11
688,09:30:02,$ 3266.00,100
689,09:30:02,$ 3266.00,1
690,09:30:02,$ 3266.00,15
691,09:30:02,$ 3266.00,4
692,09:30:02,$ 3266.00,1
694,09:30:02,$ 3266.00,10
695,09:30:02,$ 3266.00,10
696,09:30:02,$ 3266.00,1
697,09:30:02,$ 3266.00,5
698,09:30:02,$ 3266.00,20
699,09:30:02,$ 3266.00,5
700,09:30:02,$ 3266.00,25
701,09:30:02,$ 3266.00,3
702,09:30:02,$ 3266.00,6
703,09:30:02,$ 3266.00,37
704,09:30:02,$ 3266.00,1
705,09:30:02,$ 3266.00,4
706,09:30:02,$ 3266.00,3
707,09:30:02,$ 3266.00,1
708,09:30:02,$ 3266.00,2
709,09:30:02,$ 3266.00,20
710,09:30:02,$ 3266.00,1
711,09:30:02,$ 3266.00,1
712,09:30:02,$ 3266.00,10
713,09:30:02,$ 3266.00,2
715,09:30:02,$ 3266.00,5
716,09:30:02,$ 3266.00,1
717,09:30:02,$ 3266.00,3
718,09:30:02,$ 3266.00,1
719,09:30:02,$ 3266.00,3
720,09:30:02,$ 3266.00,1
721,09:30:02,$ 3266.00,10
722,09:30:02,$ 3266.00,75
723,09:30:02,$ 3266.00,1
724,09:30:02,$ 3266.00,5
725,09:30:02,$ 3266.00,3
726,09:30:02,$ 3266.00,10
727,09:30:02,$ 3266.00,3
728,09:30:02,$ 3266.00,2
729,09:30:02,$ 3266.00,2
730,09:30:02,$ 3266.00,2
731,09:30:02,$ 3266.00,1
732,09:30:02,$ 3266.00,3
733,09:30:02,$ 3266.00,20
734,09:30:02,$ 3266.00,1
736,09:30:02,$ 3266.00,10
737,09:30:02,$ 3266.00,1
738,09:30:02,$ 3266.00,2
739,09:30:02,$ 3266.00,1
740,09:30:02,$ 3266.00,1
741,09:30:02,$ 3266.00,1
742,09:30:02,$ 3266.00,1
743,09:30:02,$ 3266.00,1
744,09:30:02,$ 3266.00,4
745,09:30:02,$ 3266.00,2
746,09:30:02,$ 3266.00,90
747,09:30:02,$ 3266.00,50
748,09:30:02,$ 3266.00,1
749,09:30:02,$ 3266.00,1
750,09:30:02,$ 3266.00,5
751,09:30:02,$ 3266.00,2
752,09:30:02,$ 3266.00,18
753,09:30:02,$ 3266.00,2
754,09:30:02,$ 3266.00,3
755,09:30:02,$ 3266.00,1
757,09:30:02,$ 3266.00,1
758,09:30:02,$ 3266.00,50
759,09:30:02,$ 3266.00,17
760,09:30:02,$ 3266.00,2
761,09:30:02,$ 3266.00,4
762,09:30:02,$ 3266.00,2
763,09:30:02,$ 3266.00,27
764,09:30:02,$ 3266.00,1
765,09:30:02,$ 3266.00,4
766,09:30:02,$ 3266.00,2
767,09:30:02,$ 3266.00,2
768,09:30:02,$ 3266.00,3
769,09:30:02,$ 3266.00,15
770,09:30:02,$ 3266.00,3
771,09:30:02,$ 3266.00,3
772,09:30:02,$ 3266.00,3
773,09:30:02,$ 3266.00,2
774,09:30:02,$ 3266.00,10
775,09:30:02,$ 3266.00,1
776,09:30:02,$ 3266.00,5
778,09:30:02,$ 3266.00,8
779,09:30:02,$ 3266.00,1
780,09:30:02,$ 3266.00,2
781,09:30:02,$ 3266.00,1
782,09:30:02,$ 3266.00,2
783,09:30:02,$ 3266.00,1
784,09:30:02,$ 3266.00,1
785,09:30:02,$ 3266.00,10
786,09:30:02,$ 3266.00,6
787,09:30:02,$ 3266.00,1
788,09:30:02,$ 3266.00,2
789,09:30:02,$ 3266.00,9
790,09:30:02,$ 3266.00,2
791,09:30:02,$ 3266.00,14
792,09:30:02,$ 3266.00,9
793,09:30:02,$ 3266.00,6
794,09:30:02,$ 3266.00,3
795,09:30:02,$ 3266.00,10
796,09:30:02,$ 3266.00,1
797,09:30:02,$ 3266.00,2
799,09:30:02,$ 3266.00,10
800,09:30:02,$ 3266.00,10
801,09:30:02,$ 3266.00,2
802,09:30:02,$ 3266.00,1
803,09:30:02,$ 3266.00,3
804,09:30:02,$ 3266.00,1
805,09:30:02,$ 3266.00,1
806,09:30:02,$ 3266.00,1
807,09:30:02,$ 3266.00,1
808,09:30:02,$ 3266.00,1
809,09:30:02,$ 3266.00,5
810,09:30:02,$ 3266.00,5
811,09:30:02,$ 3266.00,10
812,09:30:02,$ 3266.00,3
813,09:30:02,$ 3266.00,4
814,09:30:02,$ 3266.00,12
815,09:30:02,$ 3266.00,1
816,09:30:02,$ 3266.00,6
817,09:30:02,$ 3266.00,150
818,09:30:02,$ 3266.00,10
820,09:30:02,$ 3266.00,1
821,09:30:02,$ 3266.00,2
822,09:30:02,$ 3266.00,3
823,09:30:02,$ 3266.00,8
824,09:30:02,$ 3266.00,5
825,09:30:02,$ 3266.00,1
826,09:30:02,$ 3266.00,18
827,09:30:02,$ 3266.00,1
828,09:30:02,$ 3266.00,3
829,09:30:02,$ 3266.00,1
830,09:30:02,$ 3266.00,1
831,09:30:02,$ 3266.00,2
832,09:30:02,$ 3266.00,1
833,09:30:02,$ 3266.00,1
834,09:30:02,$ 3266.00,2
835,09:30:02,$ 3266.00,5
836,09:30:02,$ 3266.00,1
837,09:30:02,$ 3266.00,5
838,09:30:02,$ 3266.00,1
839,09:30:02,$ 3266.00,10
841,09:30:02,$ 3266.00,1
842,09:30:02,$ 3266.00,2
843,09:30:02,$ 3266.00,15
844,09:30:02,$ 3266.00,2
845,09:30:02,$ 3266.00,10
846,09:30:02,$ 3266.00,1
847,09:30:02,$ 3266.00,1
848,09:30:02,$ 3266.00,20
849,09:30:02,$ 3266.00,20
850,09:30:02,$ 3266.00,2
851,09:30:02,$ 3266.00,10
852,09:30:02,$ 3266.00,2
853,09:30:02,$ 3266.00,1
854,09:30:02,$ 3266.00,1
855,09:30:02,$ 3266.00,1
856,09:30:02,$ 3266.00,1
857,09:30:02,$ 3266.00,3
858,09:30:02,$ 3266.00,1
859,09:30:02,$ 3266.00,1
860,09:30:02,$ 3266.00,2
862,09:30:02,$ 3266.00,5
863,09:30:02,$ 3266.00,1
864,09:30:02,$ 3266.00,3
865,09:30:02,$ 3266.00,3
866,09:30:02,$ 3266.00,10
867,09:30:02,$ 3266.00,1
868,09:30:02,$ 3266.00,1
869,09:30:02,$ 3266.00,4
870,09:30:02,$ 3266.00,1
871,09:30:02,$ 3266.00,4
872,09:30:02,$ 3266.00,1
873,09:30:02,$ 3266.00,1
874,09:30:02,$ 3266.00,2
875,09:30:02,$ 3266.00,2
876,09:30:02,$ 3266.00,2
877,09:30:02,$ 3266.00,2
878,09:30:02,$ 3266.00,1
879,09:30:02,$ 3266.00,1
880,09:30:02,$ 3266.00,2
881,09:30:02,$ 3266.00,50
883,09:30:02,$ 3266.00,5
884,09:30:02,$ 3266.00,3
885,09:30:02,$ 3266.00,3
886,09:30:02,$ 3266.00,1
887,09:30:02,$ 3266.00,5
888,09:30:02,$ 3266.00,1
889,09:30:02,$ 3266.00,2
890,09:30:02,$ 3266.00,2
891,09:30:02,$ 3266.00,1
892,09:30:02,$ 3266.00,3
893,09:30:02,$ 3266.00,50
894,09:30:02,$ 3266.00,1
895,09:30:02,$ 3266.00,2
896,09:30:02,$ 3266.00,2
897,09:30:02,$ 3266.00,15
898,09:30:02,$ 3266.00,3
899,09:30:02,$ 3266.00,15
900,09:30:02,$ 3266.00,24
901,09:30:02,$ 3266.00,3
902,09:30:02,$ 3266.00,2
904,09:30:02,$ 3266.00,2
905,09:30:02,$ 3266.00,1
906,09:30:02,$ 3266.00,5
907,09:30:02,$ 3266.00,5
908,09:30:02,$ 3266.00,31
909,09:30:02,$ 3266.00,1
910,09:30:02,$ 3266.00,5
911,09:30:02,$ 3266.00,2
912,09:30:02,$ 3266.00,1
913,09:30:02,$ 3266.00,2
914,09:30:02,$ 3266.00,2
915,09:30:02,$ 3266.00,4
916,09:30:02,$ 3266.00,2
917,09:30:02,$ 3266.00,3
918,09:30:02,$ 3266.00,2
919,09:30:02,$ 3266.00,1
920,09:30:02,$ 3266.00,2
921,09:30:02,$ 3266.00,3
922,09:30:02,$ 3266.00,1
923,09:30:02,$ 3266.00,2
925,09:30:02,$ 3266.00,1
926,09:30:02,$ 3266.00,1
927,09:30:02,$ 3266.00,2
928,09:30:02,$ 3266.00,8
929,09:30:02,$ 3266.00,2
930,09:30:02,$ 3266.00,2
931,09:30:02,$ 3266.00,7
932,09:30:02,$ 3266.00,6
933,09:30:02,$ 3266.00,1
934,09:30:02,$ 3266.00,2
935,09:30:02,$ 3266.00,4
936,09:30:02,$ 3266.00,1
937,09:30:02,$ 3266.00,5
938,09:30:02,$ 3266.00,7
939,09:30:02,$ 3266.00,2
940,09:30:02,$ 3266.00,2
941,09:30:02,$ 3266.00,3
942,09:30:02,$ 3266.00,8
943,09:30:02,$ 3266.00,1
944,09:30:02,$ 3266.00,2
946,09:30:02,$ 3266.00,10
947,09:30:02,$ 3266.00,5
948,09:30:02,$ 3266.00,3
949,09:30:02,$ 3266.00,1
950,09:30:02,$ 3266.00,1
951,09:30:02,$ 3266.00,3
952,09:30:02,$ 3266.00,1
953,09:30:02,$ 3266.00,1
954,09:30:02,$ 3266.00,2
955,09:30:02,$ 3266.00,1
956,09:30:02,$ 3266.00,1
957,09:30:02,$ 3266.00,5
958,09:30:02,$ 3266.00,2
959,09:30:02,$ 3266.00,2
960,09:30:02,$ 3266.00,2
961,09:30:02,$ 3266.00,1
962,09:30:02,$ 3266.00,5
963,09:30:02,$ 3266.00,11
964,09:30:02,$ 3266.00,1
965,09:30:02,$ 3266.00,1
967,09:30:02,$ 3266.00,2
968,09:30:02,$ 3266.00,2
969,09:30:02,$ 3266.00,3
970,09:30:02,$ 3266.00,3
971,09:30:02,$ 3266.00,1
972,09:30:02,$ 3266.00,20
973,09:30:02,$ 3266.00,5
974,09:30:02,$ 3266.00,1
975,09:30:02,$ 3266.00,1
976,09:30:02,$ 3266.00,4
977,09:30:02,$ 3266.00,40
978,09:30:02,$ 3266.00,15
979,09:30:02,$ 3266.00,1
980,09:30:02,$ 3266.00,7
981,09:30:02,$ 3266.00,3
982,09:30:02,$ 3266.00,1
983,09:30:02,$ 3266.00,10
984,09:30:02,$ 3266.00,3
985,09:30:02,$ 3266.00,5
986,09:30:02,$ 3266.00,1
988,09:30:02,$ 3266.00,1
989,09:30:02,$ 3266.00,1
990,09:30:02,$ 3266.00,3
991,09:30:02,$ 3266.00,5
992,09:30:02,$ 3266.00,2
993,09:30:02,$ 3266.00,7
994,09:30:02,$ 3266.00,2
995,09:30:02,$ 3266.00,3
996,09:30:02,$ 3266.00,6
997,09:30:02,$ 3266.00,10
998,09:30:02,$ 3266.00,25
999,09:30:02,$ 3266.00,3
1000,09:30:02,$ 3266.00,1
1001,09:30:02,$ 3266.00,10
1002,09:30:02,$ 3266.00,2
1003,09:30:02,$ 3266.00,130
1004,09:30:02,$ 3266.00,98
1005,09:30:02,$ 3266.00,9
1006,09:30:02,$ 3266.00,14
1007,09:30:02,$ 3266.00,37
1009,09:30:02,$ 3266.00,38
1010,09:30:02,$ 3266.00,1
1011,09:30:02,$ 3266.00,4
1012,09:30:02,$ 3266.00,33
1013,09:30:02,$ 3266.00,18
1014,09:30:02,$ 3266.00,17
1015,09:30:02,$ 3266.00,2
1016,09:30:02,$ 3266.00,1
1017,09:30:02,$ 3266.00,7
1018,09:30:02,$ 3266.00,7
1019,09:30:02,$ 3266.00,6
1020,09:30:02,$ 3266.00,10
1021,09:30:02,$ 3266.00,5
1022,09:30:02,$ 3266.00,2
1023,09:30:02,$ 3266.00,30
1024,09:30:02,$ 3266.00,1
1025,09:30:02,$ 3266.00,1
1026,09:30:02,$ 3266.00,30
1027,09:30:02,$ 3266.00,2
1028,09:30:02,$ 3266.00,20
1030,09:30:02,$ 3266.00,14
1031,09:30:02,$ 3266.00,10
1032,09:30:02,$ 3266.00,2
1033,09:30:02,$ 3266.00,3
1034,09:30:02,$ 3266.00,4
1035,09:30:02,$ 3266.00,2
1036,09:30:02,$ 3266.00,2
1037,09:30:02,$ 3266.00,5
1038,09:30:02,$ 3266.00,1
1039,09:30:02,$ 3266.00,20
1040,09:30:02,$ 3266.00,6
1041,09:30:02,$ 3266.00,5
1042,09:30:02,$ 3266.00,3
1043,09:30:02,$ 3266.00,1
1044,09:30:02,$ 3266.00,1
1045,09:30:02,$ 3266.00,1
1046,09:30:02,$ 3266.00,6
1047,09:30:02,$ 3266.00,1
1048,09:30:02,$ 3266.00,10
1049,09:30:02,$ 3266.00,7
1051,09:30:02,$ 3266.00,3
1052,09:30:02,$ 3266.00,25
1053,09:30:02,$ 3266.00,10
1054,09:30:02,$ 3266.00,1
1055,09:30:02,$ 3266.00,6
1056,09:30:02,$ 3266.00,1
1057,09:30:02,$ 3266.00,1
1058,09:30:02,$ 3266.00,1
1059,09:30:02,$ 3266.00,1
1060,09:30:02,$ 3266.00,4
1061,09:30:02,$ 3266.00,10
1062,09:30:02,$ 3266.00,2
1063,09:30:02,$ 3266.00,2
1064,09:30:02,$ 3266.00,7
1065,09:30:02,$ 3266.00,15
1066,09:30:02,$ 3266.00,3
1067,09:30:02,$ 3266.00,1
1068,09:30:02,$ 3266.00,3
1069,09:30:02,$ 3266.00,2
1070,09:30:02,$ 3266.00,15
1072,09:30:02,$ 3266.00,7
1073,09:30:02,$ 3266.00,2
1074,09:30:02,$ 3266.00,1
1075,09:30:02,$ 3266.00,3
1076,09:30:02,$ 3266.00,1
1077,09:30:02,$ 3266.00,1
1078,09:30:02,$ 3266.00,1
1079,09:30:02,$ 3266.00,1
1080,09:30:02,$ 3266.00,1
1081,09:30:02,$ 3266.00,2
1082,09:30:02,$ 3266.00,2
1083,09:30:02,$ 3266.00,1
1084,09:30:02,$ 3266.00,2
1085,09:30:02,$ 3266.00,1
1086,09:30:02,$ 3266.00,1
1087,09:30:02,$ 3266.00,2
1088,09:30:02,$ 3266.00,1
1089,09:30:02,$ 3266.00,5
1090,09:30:02,$ 3266.00,3
1091,09:30:02,$ 3266.00,3
1093,09:30:02,$ 3266.00,1
1094,09:30:02,$ 3266.00,1
1095,09:30:02,$ 3266.00,5
1096,09:30:02,$ 3266.00,3
1097,09:30:02,$ 3266.00,3
1098,09:30:02,$ 3266.00,3
1099,09:30:02,$ 3266.00,5
1100,09:30:02,$ 3266.00,1
1101,09:30:02,$ 3266.00,2
1102,09:30:02,$ 3266.00,1
1103,09:30:02,$ 3266.00,1
1104,09:30:02,$ 3266.00,5
1105,09:30:02,$ 3266.00,3
1106,09:30:02,$ 3266.00,2
1107,09:30:02,$ 3266.00,1
1108,09:30:02,$ 3266.00,1
1109,09:30:02,$ 3266.00,3
1110,09:30:02,$ 3266.00,1
1111,09:30:02,$ 3266.00,1
1112,09:30:02,$ 3266.00,5
1114,09:30:02,$ 3266.00,1
1115,09:30:02,$ 3266.00,2
1116,09:30:02,$ 3266.00,1
1117,09:30:02,$ 3266.00,15
1118,09:30:02,$ 3266.00,1
1119,09:30:02,$ 3266.00,1
1120,09:30:02,$ 3266.00,1
1121,09:30:02,$ 3266.00,1
1122,09:30:02,$ 3266.00,3
1123,09:30:02,$ 3266.00,1
1124,09:30:02,$ 3266.00,1
1125,09:30:02,$ 3266.00,1
1126,09:30:02,$ 3266.00,7
1127,09:30:02,$ 3266.00,2
1128,09:30:02,$ 3266.00,15
1129,09:30:02,$ 3266.00,1
1130,09:30:02,$ 3266.00,1
1131,09:30:02,$ 3266.00,20
1132,09:30:02,$ 3266.00,1
1133,09:30:02,$ 3266.00,2
1135,09:30:02,$ 3266.00,1
1136,09:30:02,$ 3266.00,3
1137,09:30:02,$ 3266.00,3
1138,09:30:02,$ 3266.00,2
1139,09:30:02,$ 3266.00,2
1140,09:30:02,$ 3266.00,3
1141,09:30:02,$ 3266.00,1
1142,09:30:02,$ 3266.00,12
1143,09:30:02,$ 3266.00,2
1144,09:30:02,$ 3266.00,2
1145,09:30:02,$ 3266.00,3
1146,09:30:02,$ 3266.00,1
1147,09:30:02,$ 3266.00,1
1148,09:30:02,$ 3266.00,3
1149,09:30:02,$ 3266.00,1
1150,09:30:02,$ 3266.00,1
1151,09:30:02,$ 3266.00,4
1152,09:30:02,$ 3266.00,1
1153,09:30:02,$ 3266.00,1
1154,09:30:02,$ 3266.00,5
1156,09:30:02,$ 3266.00,4
1157,09:30:02,$ 3266.00,10
1158,09:30:02,$ 3266.00,5
1159,09:30:02,$ 3266.00,5
1160,09:30:02,$ 3266.00,1
1161,09:30:02,$ 3266.00,1
1162,09:30:02,$ 3266.00,10
1163,09:30:02,$ 3266.00,1
1164,09:30:02,$ 3266.00,10
1165,09:30:02,$ 3266.00,5
1166,09:30:02,$ 3266.00,1
1167,09:30:02,$ 3266.00,1
1168,09:30:02,$ 3266.00,1
1169,09:30:02,$ 3266.00,10
1170,09:30:02,$ 3266.00,2
1171,09:30:02,$ 3266.00,1
1172,09:30:02,$ 3266.00,2
1173,09:30:02,$ 3266.00,1
1174,09:30:02,$ 3266.00,1
1175,09:30:02,$ 3266.00,5
1177,09:30:02,$ 3266.00,3
1178,09:30:02,$ 3266.00,3
1179,09:30:02,$ 3266.00,10
1180,09:30:02,$ 3266.00,10
1181,09:30:02,$ 3266.00,1
1182,09:30:02,$ 3266.00,1
1183,09:30:02,$ 3266.00,12
1184,09:30:02,$ 3266.00,1
1185,09:30:02,$ 3266.00,2
1186,09:30:02,$ 3266.00,3
1187,09:30:02,$ 3266.00,1
1188,09:30:02,$ 3266.00,5
1189,09:30:02,$ 3266.00,12
1190,09:30:02,$ 3266.00,8
1191,09:30:02,$ 3266.00,5
1192,09:30:02,$ 3266.00,4
1193,09:30:02,$ 3266.00,10
1194,09:30:02,$ 3266.00,13
1195,09:30:02,$ 3266.00,110
1196,09:30:02,$ 3266.00,2
1198,09:30:02,$ 3266.00,4
1199,09:30:02,$ 3266.00,6
1200,09:30:02,$ 3266.00,5
1201,09:30:02,$ 3266.00,2
1202,09:30:02,$ 3266.00,3
1203,09:30:02,$ 3266.00,3
1204,09:30:02,$ 3266.00,6
1205,09:30:02,$ 3266.00,2
1206,09:30:02,$ 3266.00,3
1207,09:30:02,$ 3266.00,16
1208,09:30:02,$ 3266.00,2
1209,09:30:02,$ 3266.00,1
1210,09:30:02,$ 3266.00,10
1211,09:30:02,$ 3266.00,12
1212,09:30:02,$ 3266.00,2
1213,09:30:02,$ 3266.00,10
1214,09:30:02,$ 3266.00,3
1215,09:30:02,$ 3266.00,7
1216,09:30:02,$ 3266.00,34
1217,09:30:02,$ 3266.00,48
1219,09:30:02,$ 3266.00,2
1220,09:30:02,$ 3266.00,74
1221,09:30:02,$ 3266.00,5
1222,09:30:02,$ 3266.00,10
1223,09:30:02,$ 3266.00,62
1224,09:30:02,$ 3266.00,4
1225,09:30:02,$ 3266.00,15
1226,09:30:02,$ 3266.00,8
1227,09:30:02,$ 3266.00,10
1228,09:30:02,$ 3266.00,4
1229,09:30:02,$ 3266.00,1
1230,09:30:02,$ 3266.00,5
1231,09:30:02,$ 3266.00,3
1232,09:30:02,$ 3266.00,3
1233,09:30:02,$ 3266.00,7
1234,09:30:02,$ 3266.00,4
1235,09:30:02,$ 3266.00,50
1236,09:30:02,$ 3266.00,2
1237,09:30:02,$ 3266.00,3
1238,09:30:02,$ 3266.00,28
1240,09:30:02,$ 3266.00,1
1241,09:30:02,$ 3266.00,6
1242,09:30:02,$ 3266.00,15
1243,09:30:02,$ 3266.00,12
1244,09:30:02,$ 3266.00,1
1245,09:30:02,$ 3266.00,6
1246,09:30:02,$ 3266.00,1
1247,09:30:02,$ 3266.00,34
1248,09:30:02,$ 3266.00,85
1249,09:30:02,$ 3266.00,1
1250,09:30:02,$ 3266.00,2
1251,09:30:02,$ 3266.00,2
1252,09:30:02,$ 3266.00,1
1253,09:30:02,$ 3266.00,12
1254,09:30:02,$ 3266.00,15
1255,09:30:02,$ 3266.00,1
1256,09:30:02,$ 3266.00,1
1257,09:30:02,$ 3266.00,6
1258,09:30:02,$ 3266.00,2
1259,09:30:02,$ 3266.00,1
1261,09:30:02,$ 3266.00,2
1262,09:30:02,$ 3266.00,11
1263,09:30:02,$ 3266.00,1
1264,09:30:02,$ 3266.00,30
1265,09:30:02,$ 3266.00,38
1266,09:30:02,$ 3266.00,25
1267,09:30:02,$ 3266.00,5
1268,09:30:02,$ 3266.00,8
1269,09:30:02,$ 3266.00,1
1270,09:30:02,$ 3266.00,46
1271,09:30:02,$ 3266.00,1
1272,09:30:02,$ 3266.00,1
1273,09:30:02,$ 3266.00,4
1274,09:30:02,$ 3266.00,2
1275,09:30:02,$ 3266.00,6
1276,09:30:02,$ 3266.00,2
1277,09:30:02,$ 3266.00,4
1278,09:30:02,$ 3266.00,2
1279,09:30:02,$ 3266.00,2
1280,09:30:02,$ 3266.00,1
1282,09:30:02,$ 3266.00,1
1283,09:30:02,$ 3266.00,1
1284,09:30:02,$ 3266.00,33
1285,09:30:02,$ 3266.00,1
1286,09:30:02,$ 3266.00,36
1287,09:30:02,$ 3266.00,12
1288,09:30:02,$ 3266.00,1
1289,09:30:02,$ 3266.00,4
1290,09:30:02,$ 3266.00,1
1291,09:30:02,$ 3266.00,3
1292,09:30:02,$ 3266.00,3
1293,09:30:02,$ 3266.00,1
1294,09:30:02,$ 3266.00,6
1295,09:30:02,$ 3266.00,1
1296,09:30:02,$ 3266.00,3
1297,09:30:02,$ 3266.00,5
1298,09:30:02,$ 3266.00,1
1299,09:30:02,$ 3266.00,7
1300,09:30:02,$ 3266.00,1
1301,09:30:02,$ 3266.00,1
1303,09:30:02,$ 3266.00,4
1304,09:30:02,$ 3266.00,20
1305,09:30:02,$ 3266.00,1
1306,09:30:02,$ 3266.00,12
1307,09:30:02,$ 3266.00,2
1308,09:30:02,$ 3266.00,3
1309,09:30:02,$ 3266.00,1
1310,09:30:02,$ 3266.00,6
1311,09:30:02,$ 3266.00,3
1312,09:30:02,$ 3266.00,2
1313,09:30:02,$ 3266.00,4
1314,09:30:02,$ 3266.00,10
1315,09:30:02,$ 3266.00,1
1316,09:30:02,$ 3266.00,185
1317,09:30:02,$ 3266.00,30
1318,09:30:02,$ 3266.00,6
1319,09:30:02,$ 3266.00,6
1320,09:30:02,$ 3266.00,6
1321,09:30:02,$ 3266.00,8
1322,09:30:02,$ 3266.00,7
1324,09:30:02,$ 3266.00,5
1325,09:30:02,$ 3266.00,1
1326,09:30:02,$ 3266.00,25
1327,09:30:02,$ 3266.00,50
1328,09:30:02,$ 3266.00,10
1329,09:30:02,$ 3266.00,6
1330,09:30:02,$ 3266.00,30
1331,09:30:02,$ 3266.00,30
1332,09:30:02,$ 3266.00,15
1333,09:30:02,$ 3266.00,1
1334,09:30:02,$ 3266.00,1
1335,09:30:02,$ 3266.00,2
1336,09:30:02,$ 3266.00,1
1337,09:30:02,$ 3266.00,5
1338,09:30:02,$ 3266.00,1
1339,09:30:02,$ 3266.00,2
1340,09:30:02,$ 3266.00,12
1341,09:30:02,$ 3266.00,2
1342,09:30:02,$ 3266.00,2
1343,09:30:02,$ 3266.00,160
1345,09:30:02,$ 3266.00,8
1346,09:30:02,$ 3266.00,16
1347,09:30:02,$ 3266.00,3
1348,09:30:02,$ 3266.00,1
1349,09:30:02,$ 3266.00,8
1350,09:30:02,$ 3266.00,3
1351,09:30:02,$ 3266.00,6
1352,09:30:02,$ 3266.00,4
1353,09:30:02,$ 3266.00,8
1354,09:30:02,$ 3266.00,10
1355,09:30:02,$ 3266.00,50
1356,09:30:02,$ 3266.00,3
1357,09:30:02,$ 3266.00,18
1358,09:30:02,$ 3266.00,151
1359,09:30:02,$ 3266.00,1
1360,09:30:02,$ 3266.00,1
1361,09:30:02,$ 3266.00,1
1362,09:30:02,$ 3266.00,15
1363,09:30:02,$ 3266.00,10
1364,09:30:02,$ 3266.00,1
1366,09:30:02,$ 3266.00,4
1367,09:30:02,$ 3266.00,30
1368,09:30:02,$ 3266.00,2
1369,09:30:02,$ 3266.00,5
1370,09:30:02,$ 3266.00,1
1371,09:30:02,$ 3266.00,2
1372,09:30:02,$ 3266.00,5
1373,09:30:02,$ 3266.00,"2,500"
1374,09:30:02,$ 3266.00,65
1375,09:30:02,$ 3266.00,1
1376,09:30:02,$ 3266.00,2
1377,09:30:02,$ 3266.00,1
1378,09:30:02,$ 3266.00,30
1379,09:30:02,$ 3266.00,4
1380,09:30:02,$ 3266.00,170
1381,09:30:02,$ 3266.00,3
1382,09:30:02,$ 3266.00,32
1383,09:30:02,$ 3266.00,3
1384,09:30:02,$ 3266.00,10
1385,09:30:02,$ 3266.00,6
1387,09:30:02,$ 3266.00,4
1388,09:30:02,$ 3266.00,14
1389,09:30:02,$ 3266.00,8
1390,09:30:02,$ 3266.00,37
1391,09:30:02,$ 3266.00,3
1392,09:30:02,$ 3266.00,1
1393,09:30:02,$ 3266.00,182
1394,09:30:02,$ 3266.00,4
1395,09:30:02,$ 3266.00,33
1396,09:30:02,$ 3266.00,74
1397,09:30:02,$ 3266.00,4
1398,09:30:02,$ 3266.00,26
1399,09:30:02,$ 3266.00,"1,000"
1400,09:30:02,$ 3266.00,53
1401,09:30:02,$ 3266.00,"1,400"
1402,09:30:02,$ 3266.00,17
1403,09:30:02,$ 3266.00,10
1404,09:30:02,$ 3266.00,12
1405,09:30:02,$ 3266.00,4
1406,09:30:02,$ 3266.00,100
1408,09:30:02,$ 3266.00,49
1409,09:30:02,$ 3266.00,41
1410,09:30:02,$ 3266.00,1
1411,09:30:02,$ 3266.00,5
1412,09:30:02,$ 3266.00,4
1413,09:30:02,$ 3266.00,11
1414,09:30:02,$ 3266.00,1
1415,09:30:02,$ 3266.00,5
1416,09:30:02,$ 3266.00,2
1417,09:30:02,$ 3266.00,2
1418,09:30:02,$ 3266.00,10
1419,09:30:02,$ 3266.00,2
1420,09:30:02,$ 3266.00,5
1421,09:30:02,$ 3266.00,1
1422,09:30:02,$ 3266.00,33
1423,09:30:02,$ 3266.00,1
1424,09:30:02,$ 3266.00,1
1425,09:30:02,$ 3266.00,20
1426,09:30:02,$ 3266.00,350
1427,09:30:02,$ 3266.00,2
1429,09:30:02,$ 3266.00,1
1430,09:30:02,$ 3266.00,20
1431,09:30:02,$ 3266.00,5
1432,09:30:02,$ 3266.00,17
1433,09:30:02,$ 3266.00,5
1434,09:30:02,$ 3266.00,8
1435,09:30:02,$ 3266.00,2
1436,09:30:02,$ 3266.00,2
1437,09:30:02,$ 3266.00,2
1438,09:30:02,$ 3266.00,5
1439,09:30:02,$ 3266.00,1
1440,09:30:02,$ 3266.00,10
1441,09:30:02,$ 3266.00,113
1442,09:30:02,$ 3266.00,3
1443,09:30:02,$ 3266.00,1
1444,09:30:02,$ 3266.00,1
1445,09:30:02,$ 3266.00,4
1446,09:30:02,$ 3266.00,20
1447,09:30:02,$ 3266.00,1
1448,09:30:02,$ 3266.00,233
1450,09:30:02,$ 3266.00,117
1451,09:30:02,$ 3266.00,5
1452,09:30:02,$ 3266.00,3
1453,09:30:02,$ 3266.00,1
1454,09:30:02,$ 3266.00,1
1455,09:30:02,$ 3266.00,9
1456,09:30:02,$ 3266.00,3
1457,09:30:02,$ 3266.00,2
1458,09:30:02,$ 3266.00,3
1459,09:30:02,$ 3266.00,2
1460,09:30:02,$ 3266.00,17
1461,09:30:02,$ 3266.00,2
1462,09:30:02,$ 3266.00,3
1463,09:30:02,$ 3266.00,12
1464,09:30:02,$ 3266.00,1
1465,09:30:02,$ 3266.00,1
1466,09:30:02,$ 3266.00,23
1467,09:30:02,$ 3266.00,2
1468,09:30:02,$ 3266.00,6
1469,09:30:02,$ 3266.00,3
1471,09:30:02,$ 3266.00,5
1472,09:30:02,$ 3266.00,22
1473,09:30:02,$ 3266.00,150
1474,09:30:02,$ 3266.00,1
1475,09:30:02,$ 3266.00,2
1476,09:30:02,$ 3266.00,50
1477,09:30:02,$ 3266.00,3
1478,09:30:02,$ 3266.00,1
1479,09:30:02,$ 3266.00,2
1480,09:30:02,$ 3266.00,10
1481,09:30:02,$ 3266.00,2
1482,09:30:02,$ 3266.00,10
1483,09:30:02,$ 3266.00,449
1484,09:30:02,$ 3266.00,15
1485,09:30:02,$ 3266.00,5
1486,09:30:02,$ 3266.00,3
1487,09:30:02,$ 3266.00,1
1488,09:30:02,$ 3266.00,2
1489,09:30:02,$ 3266.00,6
1490,09:30:02,$ 3266.00,15
1492,09:30:02,$ 3266.00,200
1493,09:30:02,$ 3266.00,4
1494,09:30:02,$ 3266.00,4
1495,09:30:02,$ 3266.00,300
1496,09:30:02,$ 3266.00,10
1497,09:30:02,$ 3266.00,"3,000"
1498,09:30:02,$ 3266.00,5
1499,09:30:02,$ 3266.00,1
1500,09:30:02,$ 3266.00,5
1501,09:30:02,$ 3266.00,4
1502,09:30:02,$ 3266.00,30
1503,09:30:02,$ 3266.00,3
1504,09:30:02,$ 3266.00,5
1505,09:30:02,$ 3266.00,600
1506,09:30:02,$ 3266.00,1
1507,09:30:02,$ 3266.00,2
1508,09:30:02,$ 3266.00,5
1509,09:30:02,$ 3266.00,3
1510,09:30:02,$ 3266.00,3
1511,09:30:02,$ 3266.00,10
1513,09:30:02,$ 3266.00,4
1514,09:30:02,$ 3266.00,5
1515,09:30:02,$ 3266.00,20
1516,09:30:02,$ 3266.00,25
1517,09:30:02,$ 3266.00,3
1518,09:30:02,$ 3266.00,3
1519,09:30:02,$ 3266.00,30
1520,09:30:02,$ 3266.00,7
1521,09:30:02,$ 3266.00,65
1522,09:30:02,$ 3266.00,1
1523,09:30:02,$ 3266.00,10
1524,09:30:02,$ 3266.00,2
1525,09:30:02,$ 3266.00,4
1526,09:30:02,$ 3266.00,2
1527,09:30:02,$ 3266.00,44
1528,09:30:02,$ 3266.00,51
1529,09:30:02,$ 3266.00,27
1530,09:30:02,$ 3266.00,58
1531,09:30:02,$ 3266.00,7
1532,09:30:02,$ 3266.00,5
1534,09:30:02,$ 3266.00,3
1535,09:30:02,$ 3266.00,7
1536,09:30:02,$ 3266.00,2
1537,09:30:02,$ 3266.00,1
1538,09:30:02,$ 3266.00,40
1539,09:30:02,$ 3266.00,1
1540,09:30:02,$ 3266.00,1
1541,09:30:02,$ 3266.00,28
1542,09:30:02,$ 3266.00,3
1543,09:30:02,$ 3266.00,10
1544,09:30:02,$ 3266.00,3
1545,09:30:02,$ 3266.00,1
1546,09:30:02,$ 3266.00,6
1547,09:30:02,$ 3266.00,5
1548,09:30:02,$ 3266.00,1
1549,09:30:02,$ 3266.00,18
1550,09:30:02,$ 3266.00,1
1551,09:30:02,$ 3266.00,1
1552,09:30:02,$ 3266.00,10
1553,09:30:02,$ 3266.00,1
1555,09:30:02,$ 3266.00,8
1556,09:30:02,$ 3266.00,2
1557,09:30:02,$ 3266.00,1
1558,09:30:02,$ 3266.00,33
1559,09:30:02,$ 3266.00,4
1560,09:30:02,$ 3266.00,4
1561,09:30:02,$ 3266.00,7
1562,09:30:02,$ 3266.00,2
1563,09:30:02,$ 3266.00,1
1564,09:30:02,$ 3266.00,1
1565,09:30:02,$ 3266.00,5
1566,09:30:02,$ 3266.00,1
1567,09:30:02,$ 3266.00,1
1568,09:30:02,$ 3266.00,1
1569,09:30:02,$ 3266.00,2
1570,09:30:02,$ 3266.00,3
1571,09:30:02,$ 3266.00,100
1572,09:30:02,$ 3266.00,1
1573,09:30:02,$ 3266.00,1
1574,09:30:02,$ 3266.00,8
1576,09:30:02,$ 3266.00,65
1577,09:30:02,$ 3266.00,2
1578,09:30:02,$ 3266.00,1
1579,09:30:02,$ 3266.00,1
1580,09:30:02,$ 3266.00,7
1581,09:30:02,$ 3266.00,4
1582,09:30:02,$ 3266.00,2
1583,09:30:02,$ 3266.00,1
1584,09:30:02,$ 3266.00,3
1585,09:30:02,$ 3266.00,4
1586,09:30:02,$ 3266.00,1
1587,09:30:02,$ 3266.00,10
1588,09:30:02,$ 3266.00,150
1589,09:30:02,$ 3266.00,1
1590,09:30:02,$ 3266.00,1
1591,09:30:02,$ 3266.00,1
1592,09:30:02,$ 3266.00,1
1593,09:30:02,$ 3266.00,1
1594,09:30:02,$ 3266.00,1
1595,09:30:02,$ 3266.00,1
1597,09:30:02,$ 3266.00,4
1598,09:30:02,$ 3266.00,2
1599,09:30:02,$ 3266.00,1
1600,09:30:02,$ 3266.00,3
1601,09:30:02,$ 3266.00,2
1602,09:30:02,$ 3266.00,5
1603,09:30:02,$ 3266.00,65
1604,09:30:02,$ 3266.00,6
1605,09:30:02,$ 3266.00,3
1606,09:30:02,$ 3266.00,2
1607,09:30:02,$ 3266.00,9
1608,09:30:02,$ 3266.00,8
1609,09:30:02,$ 3266.00,30
1610,09:30:02,$ 3266.00,2
1611,09:30:02,$ 3266.00,25
1612,09:30:02,$ 3266.00,1
1613,09:30:02,$ 3266.00,1
1614,09:30:02,$ 3266.00,2
1615,09:30:02,$ 3266.00,2
1616,09:30:02,$ 3266.00,10
1618,09:30:02,$ 3266.00,4
1619,09:30:02,$ 3266.00,5
1620,09:30:02,$ 3266.00,3
1621,09:30:02,$ 3266.00,13
1622,09:30:02,$ 3266.00,1
1623,09:30:02,$ 3266.00,5
1624,09:30:02,$ 3266.00,12
1625,09:30:02,$ 3266.00,1
1626,09:30:02,$ 3266.00,1
1627,09:30:02,$ 3266.00,85
1628,09:30:02,$ 3266.00,2
1629,09:30:02,$ 3266.00,5
1630,09:30:02,$ 3266.00,8
1631,09:30:02,$ 3266.00,25
1632,09:30:02,$ 3266.00,1
1633,09:30:02,$ 3266.00,8
1634,09:30:02,$ 3266.00,1
1635,09:30:02,$ 3266.00,25
1636,09:30:02,$ 3266.00,1
1637,09:30:02,$ 3266.00,2
1639,09:30:02,$ 3266.00,10
1640,09:30:02,$ 3266.00,5
1641,09:30:02,$ 3266.00,4
1642,09:30:02,$ 3266.00,3
1643,09:30:02,$ 3266.00,2
1644,09:30:02,$ 3266.00,1
1645,09:30:02,$ 3266.00,1
1646,09:30:02,$ 3266.00,5
1647,09:30:02,$ 3266.00,3
1648,09:30:02,$ 3266.00,25
1649,09:30:02,$ 3266.00,4
1650,09:30:02,$ 3266.00,5
1651,09:30:02,$ 3266.00,15
1652,09:30:02,$ 3266.00,1
1653,09:30:02,$ 3266.00,4
1654,09:30:02,$ 3266.00,5
1655,09:30:02,$ 3266.00,53
1656,09:30:02,$ 3266.00,3
1657,09:30:02,$ 3266.00,2
1658,09:30:02,$ 3266.00,4
1660,09:30:02,$ 3266.00,5
1661,09:30:02,$ 3266.00,2
1662,09:30:02,$ 3266.00,2
1663,09:30:02,$ 3266.00,4
1664,09:30:02,$ 3266.00,6
1665,09:30:02,$ 3266.00,6
1666,09:30:02,$ 3266.00,23
1667,09:30:02,$ 3266.00,39
1668,09:30:02,$ 3266.00,12
1669,09:30:02,$ 3266.00,250
1670,09:30:02,$ 3266.00,7
1671,09:30:02,$ 3266.00,10
1672,09:30:02,$ 3266.00,1
1673,09:30:02,$ 3266.00,1
1674,09:30:02,$ 3266.00,1
1675,09:30:02,$ 3266.00,1
1676,09:30:02,$ 3266.00,1
1677,09:30:02,$ 3266.00,3
1678,09:30:02,$ 3266.00,100
1679,09:30:02,$ 3266.00,58
1681,09:30:02,$ 3266.00,10
1682,09:30:02,$ 3266.00,8
1683,09:30:02,$ 3266.00,33
1684,09:30:02,$ 3266.00,1
1685,09:30:02,$ 3266.00,2
1686,09:30:02,$ 3266.00,2
1687,09:30:02,$ 3266.00,1
1688,09:30:02,$ 3266.00,4
1689,09:30:02,$ 3266.00,5
1690,09:30:02,$ 3266.00,2
1691,09:30:02,$ 3266.00,2
1692,09:30:02,$ 3266.00,1
1693,09:30:02,$ 3266.00,1
1694,09:30:02,$ 3266.00,3
1695,09:30:02,$ 3266.00,3
1696,09:30:02,$ 3266.00,1
1697,09:30:02,$ 3266.00,2
1698,09:30:02,$ 3266.00,15
1699,09:30:02,$ 3266.00,21
1700,09:30:02,$ 3266.00,5
1702,09:30:02,$ 3266.00,13
1703,09:30:02,$ 3266.00,8
1704,09:30:02,$ 3266.00,7
1705,09:30:02,$ 3266.00,2
1706,09:30:02,$ 3266.00,1
1707,09:30:02,$ 3266.00,2
1708,09:30:02,$ 3266.00,5
1709,09:30:02,$ 3266.00,1
1710,09:30:02,$ 3266.00,8
1711,09:30:02,$ 3266.00,1
1712,09:30:02,$ 3266.00,2
1713,09:30:02,$ 3266.00,3
1714,09:30:02,$ 3266.00,1
1715,09:30:02,$ 3266.00,2
1716,09:30:02,$ 3266.00,392
1717,09:30:02,$ 3266.00,7
1718,09:30:02,$ 3266.00,1
1719,09:30:02,$ 3266.00,3
1720,09:30:02,$ 3266.00,1
1721,09:30:02,$ 3266.00,2
1723,09:30:02,$ 3266.00,15
1724,09:30:02,$ 3266.00,60
1725,09:30:02,$ 3266.00,2
1726,09:30:02,$ 3266.00,1
1727,09:30:02,$ 3266.00,2
1728,09:30:02,$ 3266.00,16
1729,09:30:02,$ 3266.00,1
1730,09:30:02,$ 3266.00,3
1731,09:30:02,$ 3266.00,1
1732,09:30:02,$ 3266.00,2
1733,09:30:02,$ 3266.00,1
1734,09:30:02,$ 3266.00,1
1735,09:30:02,$ 3266.00,6
1736,09:30:02,$ 3266.00,3
1737,09:30:02,$ 3266.00,9
1738,09:30:02,$ 3266.00,50
1739,09:30:02,$ 3266.00,2
1740,09:30:02,$ 3266.00,7
1741,09:30:02,$ 3266.00,3
1742,09:30:02,$ 3266.00,1
1744,09:30:02,$ 3266.00,1
1745,09:30:02,$ 3266.00,15
1746,09:30:02,$ 3266.00,1
1747,09:30:02,$ 3266.00,1
1748,09:30:02,$ 3266.00,2
1749,09:30:02,$ 3266.00,2
1750,09:30:02,$ 3266.00,20
1751,09:30:02,$ 3266.00,1
1752,09:30:02,$ 3266.00,1
1753,09:30:02,$ 3266.00,4
1754,09:30:02,$ 3266.00,1
1755,09:30:02,$ 3266.00,16
1756,09:30:02,$ 3266.00,1
1757,09:30:02,$ 3266.00,24
1758,09:30:02,$ 3266.00,108
1759,09:30:02,$ 3266.00,2
1760,09:30:02,$ 3266.00,100
1761,09:30:02,$ 3266.00,2
1762,09:30:02,$ 3266.00,11
1763,09:30:02,$ 3266.00,1
1765,09:30:02,$ 3266.00,12
1766,09:30:02,$ 3266.00,45
1767,09:30:02,$ 3266.00,20
1768,09:30:02,$ 3266.00,3
1769,09:30:02,$ 3266.00,3
1770,09:30:02,$ 3266.00,30
1771,09:30:02,$ 3266.00,8
1772,09:30:02,$ 3266.00,3
1773,09:30:02,$ 3266.00,2
1774,09:30:02,$ 3266.00,2
1775,09:30:02,$ 3266.00,14
1776,09:30:02,$ 3266.00,5
1777,09:30:02,$ 3266.00,1
1778,09:30:02,$ 3266.00,11
1779,09:30:02,$ 3266.00,5
1780,09:30:02,$ 3266.00,1
1781,09:30:02,$ 3266.00,1
1782,09:30:02,$ 3266.00,5
1783,09:30:02,$ 3266.00,6
1784,09:30:02,$ 3266.00,3
1786,09:30:02,$ 3266.00,3
1787,09:30:02,$ 3266.00,4
1788,09:30:02,$ 3266.00,10
1789,09:30:02,$ 3266.00,15
1790,09:30:02,$ 3266.00,3
1791,09:30:02,$ 3266.00,2
1792,09:30:02,$ 3266.00,21
1793,09:30:02,$ 3266.00,15
1794,09:30:02,$ 3266.00,1
1795,09:30:02,$ 3266.00,26
1796,09:30:02,$ 3266.00,4
1797,09:30:02,$ 3266.00,30
1798,09:30:02,$ 3266.00,1
1799,09:30:02,$ 3266.00,5
1800,09:30:02,$ 3266.00,1
1801,09:30:02,$ 3266.00,3
1802,09:30:02,$ 3266.00,16
1803,09:30:02,$ 3266.00,1
1804,09:30:02,$ 3266.00,1
1805,09:30:02,$ 3266.00,1
1807,09:30:02,$ 3266.00,7
1808,09:30:02,$ 3266.00,2
1809,09:30:02,$ 3266.00,1
1810,09:30:02,$ 3266.00,15
1811,09:30:02,$ 3266.00,33
1812,09:30:02,$ 3266.00,2
1813,09:30:02,$ 3266.00,2
1814,09:30:02,$ 3266.00,10
1815,09:30:02,$ 3266.00,8
1816,09:30:02,$ 3266.00,95
1817,09:30:02,$ 3266.00,31
1818,09:30:02,$ 3266.00,2
1819,09:30:02,$ 3266.00,7
1820,09:30:02,$ 3266.00,1
1821,09:30:02,$ 3266.00,1
1822,09:30:02,$ 3266.00,5
1823,09:30:02,$ 3266.00,5
1824,09:30:02,$ 3266.00,10
1825,09:30:02,$ 3266.00,1
1826,09:30:02,$ 3266.00,15
1828,09:30:02,$ 3266.00,7
1829,09:30:02,$ 3266.00,1
1830,09:30:02,$ 3266.00,16
1831,09:30:02,$ 3266.00,15
1832,09:30:02,$ 3266.00,2
1833,09:30:02,$ 3266.00,2
1834,09:30:02,$ 3266.00,1
1835,09:30:02,$ 3266.00,224
1836,09:30:02,$ 3266.00,1
1837,09:30:02,$ 3266.00,1
1838,09:30:02,$ 3266.00,1
1839,09:30:02,$ 3266.00,2
1840,09:30:02,$ 3266.00,12
1841,09:30:02,$ 3266.00,7
1842,09:30:02,$ 3266.00,20
1843,09:30:02,$ 3266.00,2
1844,09:30:02,$ 3266.00,55
1845,09:30:02,$ 3266.00,5
1846,09:30:02,$ 3266.00,30
1847,09:30:02,$ 3266.00,3
1849,09:30:02,$ 3266.00,1
1850,09:30:02,$ 3266.00,3
1851,09:30:02,$ 3266.00,2
1852,09:30:02,$ 3266.00,3
1853,09:30:02,$ 3266.00,1
1854,09:30:02,$ 3266.00,1
1855,09:30:02,$ 3266.00,2
1856,09:30:02,$ 3266.00,1
1857,09:30:02,$ 3266.00,1
1858,09:30:02,$ 3266.00,4
1859,09:30:02,$ 3266.00,1
1860,09:30:02,$ 3266.00,3
1861,09:30:02,$ 3266.00,9
1862,09:30:02,$ 3266.00,"2,000"
1863,09:30:02,$ 3266.00,25
1864,09:30:02,$ 3266.00,4
1865,09:30:02,$ 3266.00,1
1866,09:30:02,$ 3266.00,"1,800"
1867,09:30:02,$ 3266.00,1
1868,09:30:02,$ 3266.00,2
1870,09:30:02,$ 3266.00,20
1871,09:30:02,$ 3266.00,2
1872,09:30:02,$ 3266.00,1
1873,09:30:02,$ 3266.00,30
1874,09:30:02,$ 3266.00,7
1875,09:30:02,$ 3266.00,1
1876,09:30:02,$ 3266.00,1
1877,09:30:02,$ 3266.00,2
1878,09:30:02,$ 3266.00,2
1879,09:30:02,$ 3266.00,1
1880,09:30:02,$ 3266.00,3
1881,09:30:02,$ 3266.00,16
1882,09:30:02,$ 3266.00,16
1883,09:30:02,$ 3266.00,1
1884,09:30:02,$ 3266.00,2
1885,09:30:02,$ 3266.00,2
1886,09:30:02,$ 3266.00,1
1887,09:30:02,$ 3266.00,2
1888,09:30:02,$ 3266.00,5
1889,09:30:02,$ 3266.00,1
1891,09:30:02,$ 3266.00,1
1892,09:30:02,$ 3266.00,1
1893,09:30:02,$ 3266.00,1
1894,09:30:02,$ 3266.00,5
1895,09:30:02,$ 3266.00,5
1896,09:30:02,$ 3266.00,2
1897,09:30:02,$ 3266.00,1
1898,09:30:02,$ 3266.00,1
1899,09:30:02,$ 3266.00,1
1900,09:30:02,$ 3266.00,1
1901,09:30:02,$ 3266.00,10
1902,09:30:02,$ 3266.00,5
1903,09:30:02,$ 3266.00,4
1904,09:30:02,$ 3266.00,3
1905,09:30:02,$ 3266.00,1
1906,09:30:02,$ 3266.00,10
1907,09:30:02,$ 3266.00,1
1908,09:30:02,$ 3266.00,1
1909,09:30:02,$ 3266.00,2
1910,09:30:02,$ 3266.00,2
1912,09:30:02,$ 3266.00,1
1913,09:30:02,$ 3266.00,4
1914,09:30:02,$ 3266.00,1
1915,09:30:02,$ 3266.00,1
1916,09:30:02,$ 3266.00,1
1917,09:30:02,$ 3266.00,1
1918,09:30:02,$ 3266.00,1
1919,09:30:02,$ 3266.00,1
1920,09:30:02,$ 3266.00,2
1921,09:30:02,$ 3266.00,1
1922,09:30:02,$ 3266.00,1
1923,09:30:02,$ 3266.00,3
1924,09:30:02,$ 3266.00,1
1925,09:30:02,$ 3266.00,1
1926,09:30:02,$ 3266.00,15
1927,09:30:02,$ 3266.00,1
1928,09:30:02,$ 3266.00,19
1929,09:30:02,$ 3266.00,5
1930,09:30:02,$ 3266.00,1
1931,09:30:02,$ 3266.00,2
1933,09:30:02,$ 3266.00,2
1934,09:30:02,$ 3266.00,2
1935,09:30:02,$ 3266.00,1
1936,09:30:02,$ 3266.00,1
1937,09:30:02,$ 3266.00,1
1938,09:30:02,$ 3266.00,10
1939,09:30:02,$ 3266.00,1
1940,09:30:02,$ 3266.00,2
1941,09:30:02,$ 3266.00,2
1942,09:30:02,$ 3266.00,1
1943,09:30:02,$ 3266.00,15
1944,09:30:02,$ 3266.00,15
1945,09:30:02,$ 3266.00,1
1946,09:30:02,$ 3266.00,3
1947,09:30:02,$ 3266.00,8
1948,09:30:02,$ 3266.00,16
1949,09:30:02,$ 3266.00,1
1950,09:30:02,$ 3266.00,7
1951,09:30:02,$ 3266.00,6
1952,09:30:02,$ 3266.00,1
1954,09:30:02,$ 3266.00,10
1955,09:30:02,$ 3266.00,20
1956,09:30:02,$ 3266.00,4
1957,09:30:02,$ 3266.00,5
1958,09:30:02,$ 3266.00,1
1959,09:30:02,$ 3266.00,2
1960,09:30:02,$ 3266.00,50
1961,09:30:02,$ 3266.00,10
1962,09:30:02,$ 3266.00,1
1963,09:30:02,$ 3266.00,1
1964,09:30:02,$ 3266.00,1
1965,09:30:02,$ 3266.00,10
1966,09:30:02,$ 3266.00,3
1967,09:30:02,$ 3266.00,1
1968,09:30:02,$ 3266.00,2
1969,09:30:02,$ 3266.00,30
1970,09:30:02,$ 3266.00,9
1971,09:30:02,$ 3266.00,1
1972,09:30:02,$ 3266.00,1
1973,09:30:02,$ 3266.00,6
1975,09:30:02,$ 3266.00,8
1976,09:30:02,$ 3266.00,25
1977,09:30:02,$ 3266.00,15
1978,09:30:02,$ 3266.00,8
1979,09:30:02,$ 3266.00,20
1980,09:30:02,$ 3266.00,2
1981,09:30:02,$ 3266.00,8
1982,09:30:02,$ 3266.00,3
1983,09:30:02,$ 3266.00,8
1984,09:30:02,$ 3266.00,10
1985,09:30:02,$ 3266.00,3
1986,09:30:02,$ 3266.00,1
1987,09:30:02,$ 3266.00,10
1988,09:30:02,$ 3266.00,4
1989,09:30:02,$ 3266.00,20
1990,09:30:02,$ 3266.00,30
1991,09:30:02,$ 3266.00,10
1992,09:30:02,$ 3266.00,20
1993,09:30:02,$ 3266.00,1
1994,09:30:02,$ 3266.00,30
1996,09:30:02,$ 3266.00,1
1997,09:30:02,$ 3266.00,1
1998,09:30:02,$ 3266.00,10
1999,09:30:02,$ 3266.00,400
2000,09:30:02,$ 3266.00,14
2001,09:30:02,$ 3266.00,1
2002,09:30:02,$ 3266.00,1
2003,09:30:02,$ 3266.00,1
2004,09:30:02,$ 3266.00,2
2005,09:30:02,$ 3266.00,6
2006,09:30:02,$ 3266.00,1
2007,09:30:02,$ 3266.00,1
2008,09:30:02,$ 3266.00,20
2009,09:30:02,$ 3266.00,1
2010,09:30:02,$ 3266.00,2
2011,09:30:02,$ 3266.00,1
2012,09:30:02,$ 3266.00,1
2013,09:30:02,$ 3266.00,1
2014,09:30:02,$ 3266.00,10
2015,09:30:02,$ 3266.00,5
2017,09:30:02,$ 3266.00,1
2018,09:30:02,$ 3266.00,1
2019,09:30:02,$ 3266.00,1
2020,09:30:02,$ 3266.00,4
2021,09:30:02,$ 3266.00,1
2022,09:30:02,$ 3266.00,2
2023,09:30:02,$ 3266.00,7
2024,09:30:02,$ 3266.00,2
2025,09:30:02,$ 3266.00,2
2026,09:30:02,$ 3266.00,1
2027,09:30:02,$ 3266.00,3
2028,09:30:02,$ 3266.00,1
2029,09:30:02,$ 3266.00,1
2030,09:30:02,$ 3266.00,5
2031,09:30:02,$ 3266.00,10
2032,09:30:02,$ 3266.00,2
2033,09:30:02,$ 3266.00,1
2034,09:30:02,$ 3266.00,1
2035,09:30:02,$ 3266.00,1
2036,09:30:02,$ 3266.00,1
2038,09:30:02,$ 3266.00,4
2039,09:30:02,$ 3266.00,1
2040,09:30:02,$ 3266.00,59
2041,09:30:02,$ 3266.00,1
2042,09:30:02,$ 3266.00,1
2043,09:30:02,$ 3266.00,1
2044,09:30:02,$ 3266.00,1
2045,09:30:02,$ 3266.00,2
2046,09:30:02,$ 3266.00,10
2047,09:30:02,$ 3266.00,4
2048,09:30:02,$ 3266.00,8
2049,09:30:02,$ 3266.00,5
2050,09:30:02,$ 3266.00,3
2051,09:30:02,$ 3266.00,10
2052,09:30:02,$ 3266.00,2
2053,09:30:02,$ 3266.00,5
2054,09:30:02,$ 3266.00,1
2055,09:30:02,$ 3266.00,1
2056,09:30:02,$ 3266.00,1
2057,09:30:02,$ 3266.00,100
2059,09:30:02,$ 3266.00,1
2060,09:30:02,$ 3266.00,8
2061,09:30:02,$ 3266.00,5
2062,09:30:02,$ 3266.00,1
2063,09:30:02,$ 3266.00,4
2064,09:30:02,$ 3266.00,1
2065,09:30:02,$ 3266.00,50
2066,09:30:02,$ 3266.00,8
2067,09:30:02,$ 3266.00,1
2068,09:30:02,$ 3266.00,1
2069,09:30:02,$ 3266.00,1
2070,09:30:02,$ 3266.00,1
2071,09:30:02,$ 3266.00,5
2072,09:30:02,$ 3266.00,10
2073,09:30:02,$ 3266.00,2
2074,09:30:02,$ 3266.00,77
2075,09:30:02,$ 3266.00,2
2076,09:30:02,$ 3266.00,1
2077,09:30:02,$ 3266.00,2
2078,09:30:02,$ 3266.00,8
2080,09:30:02,$ 3266.00,78
2081,09:30:02,$ 3266.00,6
2082,09:30:02,$ 3266.00,1
2083,09:30:02,$ 3266.00,2
2084,09:30:02,$ 3266.00,2
2085,09:30:02,$ 3266.00,20
2086,09:30:02,$ 3266.00,3
2087,09:30:02,$ 3266.00,1
2088,09:30:02,$ 3266.00,100
2089,09:30:02,$ 3266.00,1
2090,09:30:02,$ 3266.00,7
2091,09:30:02,$ 3266.00,2
2092,09:30:02,$ 3266.00,2
2093,09:30:02,$ 3266.00,1
2094,09:30:02,$ 3266.00,3
2095,09:30:02,$ 3266.00,4
2096,09:30:02,$ 3266.00,125
2097,09:30:02,$ 3266.00,1
2098,09:30:02,$ 3266.00,4
2099,09:30:02,$ 3266.00,3
2101,09:30:02,$ 3266.00,2
2102,09:30:02,$ 3266.00,12
2103,09:30:02,$ 3266.00,10
2104,09:30:02,$ 3266.00,1
2105,09:30:02,$ 3266.00,12
2106,09:30:02,$ 3266.00,5
2107,09:30:02,$ 3266.00,15
2108,09:30:02,$ 3266.00,4
2109,09:30:02,$ 3266.00,1
2110,09:30:02,$ 3266.00,10
2111,09:30:02,$ 3266.00,1
2112,09:30:02,$ 3266.00,14
2113,09:30:02,$ 3266.00,1
2114,09:30:02,$ 3266.00,10
2115,09:30:02,$ 3266.00,20
2116,09:30:02,$ 3266.00,1
2117,09:30:02,$ 3266.00,1
2118,09:30:02,$ 3266.00,1
2119,09:30:02,$ 3266.00,1
2120,09:30:02,$ 3266.00,1
2122,09:30:02,$ 3266.00,1
2123,09:30:02,$ 3266.00,1
2124,09:30:02,$ 3266.00,6
2125,09:30:02,$ 3266.00,1
2126,09:30:02,$ 3266.00,1
2127,09:30:02,$ 3266.00,10
2128,09:30:02,$ 3266.00,10
2129,09:30:02,$ 3266.00,43
2130,09:30:02,$ 3266.00,7
2131,09:30:02,$ 3266.00,6
2132,09:30:02,$ 3266.00,5
2133,09:30:02,$ 3266.00,1
2134,09:30:02,$ 3266.00,15
2135,09:30:02,$ 3266.00,1
2136,09:30:02,$ 3266.00,10
2137,09:30:02,$ 3266.00,1
2138,09:30:02,$ 3266.00,1
2139,09:30:02,$ 3266.00,5
2140,09:30:02,$ 3266.00,6
2141,09:30:02,$ 3266.00,1
2143,09:30:02,$ 3266.00,12
2144,09:30:02,$ 3266.00,2
2145,09:30:02,$ 3266.00,1
2146,09:30:02,$ 3266.00,1
2147,09:30:02,$ 3266.00,3
2148,09:30:02,$ 3266.00,1
2149,09:30:02,$ 3266.00,5
2150,09:30:02,$ 3266.00,1
2151,09:30:02,$ 3266.00,1
2152,09:30:02,$ 3266.00,5
2153,09:30:02,$ 3266.00,15
2154,09:30:02,$ 3266.00,2
2155,09:30:02,$ 3266.00,12
2156,09:30:02,$ 3266.00,1
2157,09:30:02,$ 3266.00,4
2158,09:30:02,$ 3266.00,1
2159,09:30:02,$ 3266.00,6
2160,09:30:02,$ 3266.00,1
2161,09:30:02,$ 3266.00,3
2162,09:30:02,$ 3266.00,1
2164,09:30:02,$ 3266.00,14
2165,09:30:02,$ 3266.00,1
2166,09:30:02,$ 3266.00,2
2167,09:30:02,$ 3266.00,1
2168,09:30:02,$ 3266.00,1
2169,09:30:02,$ 3266.00,2
2170,09:30:02,$ 3266.00,2
2171,09:30:02,$ 3266.00,1
2172,09:30:02,$ 3266.00,1
2173,09:30:02,$ 3266.00,2
2174,09:30:02,$ 3266.00,2
2175,09:30:02,$ 3266.00,2
2176,09:30:02,$ 3266.00,3
2177,09:30:02,$ 3266.00,18
2178,09:30:02,$ 3266.00,1
2179,09:30:02,$ 3266.00,1
2180,09:30:02,$ 3266.00,4
2181,09:30:02,$ 3266.00,4
2182,09:30:02,$ 3266.00,1
2183,09:30:02,$ 3266.00,2
2185,09:30:02,$ 3266.00,4
2186,09:30:02,$ 3266.00,2
2187,09:30:02,$ 3266.00,1
2188,09:30:02,$ 3266.00,3
2189,09:30:02,$ 3266.00,5
2190,09:30:02,$ 3266.00,2
2191,09:30:02,$ 3266.00,1
2192,09:30:02,$ 3266.00,3
2193,09:30:02,$ 3266.00,10
2194,09:30:02,$ 3266.00,20
2195,09:30:02,$ 3266.00,3
2196,09:30:02,$ 3266.00,3
2197,09:30:02,$ 3266.00,3
2198,09:30:02,$ 3266.00,1
2199,09:30:02,$ 3266.00,3
2200,09:30:02,$ 3266.00,4
2201,09:30:02,$ 3266.00,2
2202,09:30:02,$ 3266.00,3
2203,09:30:02,$ 3266.00,2
2204,09:30:02,$ 3266.00,2
2206,09:30:02,$ 3266.00,2
2207,09:30:02,$ 3266.00,2
2208,09:30:02,$ 3266.00,1
2209,09:30:02,$ 3266.00,1
2210,09:30:02,$ 3266.00,1
2211,09:30:02,$ 3266.00,1
2212,09:30:02,$ 3266.00,1
2213,09:30:02,$ 3266.00,12
2214,09:30:02,$ 3266.00,1
2215,09:30:02,$ 3266.00,3
2216,09:30:02,$ 3266.00,2
2217,09:30:02,$ 3266.00,1
2218,09:30:02,$ 3266.00,6
2219,09:30:02,$ 3266.00,1
2220,09:30:02,$ 3266.00,1
2221,09:30:02,$ 3266.00,3
2222,09:30:02,$ 3266.00,1
2223,09:30:02,$ 3266.00,3
2224,09:30:02,$ 3266.00,595
2225,09:30:02,$ 3266.00,30
2227,09:30:02,$ 3266.00,360
2228,09:30:02,$ 3266.00,100
2229,09:30:02,$ 3266.00,22
2230,09:30:02,$ 3266.00,15
2231,09:30:02,$ 3266.00,85
2232,09:30:02,$ 3266.00,10
2233,09:30:02,$ 3266.00,64
2234,09:30:02,$ 3266.00,1
2235,09:30:02,$ 3266.00,76
2236,09:30:02,$ 3266.00,10
2237,09:30:02,$ 3266.00,2
2238,09:30:02,$ 3266.00,10
2239,09:30:02,$ 3266.00,300
2240,09:30:02,$ 3266.00,3
2241,09:30:02,$ 3266.00,1
2242,09:30:02,$ 3266.00,30
2243,09:30:02,$ 3266.00,1
2244,09:30:02,$ 3266.00,1
2245,09:30:02,$ 3266.00,13
2246,09:30:02,$ 3266.00,20
2248,09:30:02,$ 3266.00,1
2249,09:30:02,$ 3266.00,10
2250,09:30:02,$ 3266.00,1
2251,09:30:02,$ 3266.00,20
2252,09:30:02,$ 3266.00,5
2253,09:30:02,$ 3266.00,12
2254,09:30:02,$ 3266.00,15
2255,09:30:02,$ 3266.00,10
2256,09:30:02,$ 3266.00,3
2257,09:30:02,$ 3266.00,3
2258,09:30:02,$ 3266.00,1
2259,09:30:02,$ 3266.00,1
2260,09:30:02,$ 3266.00,15
2261,09:30:02,$ 3266.00,5
2262,09:30:02,$ 3266.00,1
2263,09:30:02,$ 3266.00,20
2264,09:30:02,$ 3266.00,2
2265,09:30:02,$ 3266.00,1
2266,09:30:02,$ 3266.00,1
2267,09:30:02,$ 3266.00,30
2269,09:30:02,$ 3266.00,2
2270,09:30:02,$ 3266.00,2
2271,09:30:02,$ 3266.00,40
2272,09:30:02,$ 3266.00,2
2273,09:30:02,$ 3266.00,1
2274,09:30:02,$ 3266.00,1
2275,09:30:02,$ 3266.00,1
2276,09:30:02,$ 3266.00,1
2277,09:30:02,$ 3266.00,1
2278,09:30:02,$ 3266.00,1
2279,09:30:02,$ 3266.00,1
2280,09:30:02,$ 3266.00,10
2281,09:30:02,$ 3266.00,1
2282,09:30:02,$ 3266.00,25
2283,09:30:02,$ 3266.00,1
2284,09:30:02,$ 3266.00,2
2285,09:30:02,$ 3266.00,1
2286,09:30:02,$ 3266.00,15
2287,09:30:02,$ 3266.00,4
2288,09:30:02,$ 3266.00,1
2290,09:30:02,$ 3266.00,3
2291,09:30:02,$ 3266.00,7
2292,09:30:02,$ 3266.00,1
2293,09:30:02,$ 3266.00,10
2294,09:30:02,$ 3266.00,1
2295,09:30:02,$ 3266.00,1
2296,09:30:02,$ 3266.00,10
2297,09:30:02,$ 3266.00,5
2298,09:30:02,$ 3266.00,1
2299,09:30:02,$ 3266.00,3
2300,09:30:02,$ 3266.00,9
2301,09:30:02,$ 3266.00,3
2302,09:30:02,$ 3266.00,16
2303,09:30:02,$ 3266.00,10
2304,09:30:02,$ 3266.00,2
2305,09:30:02,$ 3266.00,1
2306,09:30:02,$ 3266.00,2
2307,09:30:02,$ 3266.00,3
2308,09:30:02,$ 3266.00,3
2309,09:30:02,$ 3266.00,4
2311,09:30:02,$ 3266.00,1
2312,09:30:02,$ 3266.00,1
2313,09:30:02,$ 3266.00,1
2314,09:30:02,$ 3266.00,10
2315,09:30:02,$ 3266.00,2
2316,09:30:02,$ 3266.00,1
2317,09:30:02,$ 3266.00,1
2318,09:30:02,$ 3266.00,1
2319,09:30:02,$ 3266.00,5
2320,09:30:02,$ 3266.00,3
2321,09:30:02,$ 3266.00,10
2322,09:30:02,$ 3266.00,1
2323,09:30:02,$ 3266.00,1
2324,09:30:02,$ 3266.00,3
2325,09:30:02,$ 3266.00,3
2326,09:30:02,$ 3266.00,2
2327,09:30:02,$ 3266.00,1
2328,09:30:02,$ 3266.00,1
2329,09:30:02,$ 3266.00,10
2330,09:30:02,$ 3266.00,5
2332,09:30:02,$ 3266.00,3
2333,09:30:02,$ 3266.00,1
2334,09:30:02,$ 3266.00,1
2335,09:30:02,$ 3266.00,10
2336,09:30:02,$ 3266.00,1
2337,09:30:02,$ 3266.00,3
2338,09:30:02,$ 3266.00,8
2339,09:30:02,$ 3266.00,50
2340,09:30:02,$ 3266.00,1
2341,09:30:02,$ 3266.00,3
2342,09:30:02,$ 3266.00,8
2343,09:30:02,$ 3266.00,1
2344,09:30:02,$ 3266.00,1
2345,09:30:02,$ 3266.00,10
2346,09:30:02,$ 3266.00,5
2347,09:30:02,$ 3266.00,7
2348,09:30:02,$ 3266.00,2
2349,09:30:02,$ 3266.00,1
2350,09:30:02,$ 3266.00,1
2351,09:30:02,$ 3266.00,1
2353,09:30:02,$ 3266.00,1
2354,09:30:02,$ 3266.00,1
2355,09:30:02,$ 3266.00,1
2356,09:30:02,$ 3266.00,1
2357,09:30:02,$ 3266.00,2
2358,09:30:02,$ 3266.00,3
2359,09:30:02,$ 3266.00,2
2360,09:30:02,$ 3266.00,1
2361,09:30:02,$ 3266.00,32
2362,09:30:02,$ 3266.00,8
2363,09:30:02,$ 3266.00,1
2364,09:30:02,$ 3266.00,1
2365,09:30:02,$ 3266.00,1
2366,09:30:02,$ 3266.00,15
2367,09:30:02,$ 3266.00,1
2368,09:30:02,$ 3266.00,10
2369,09:30:02,$ 3266.00,1
2370,09:30:02,$ 3266.00,2
2371,09:30:02,$ 3266.00,4
2372,09:30:02,$ 3266.00,1
2374,09:30:02,$ 3266.00,31
2375,09:30:02,$ 3266.00,10
2376,09:30:02,$ 3266.00,1
2377,09:30:02,$ 3266.00,1
2378,09:30:02,$ 3266.00,1
2379,09:30:02,$ 3266.00,1
2380,09:30:02,$ 3266.00,6
2381,09:30:02,$ 3266.00,1
2382,09:30:02,$ 3266.00,40
2383,09:30:02,$ 3266.00,1
2384,09:30:02,$ 3266.00,1
2385,09:30:02,$ 3266.00,1
2386,09:30:02,$ 3266.00,1
2387,09:30:02,$ 3266.00,1
2388,09:30:02,$ 3266.00,1
2389,09:30:02,$ 3266.00,20
2390,09:30:02,$ 3266.00,20
2391,09:30:02,$ 3266.00,2
2392,09:30:02,$ 3266.00,1
2393,09:30:02,$ 3266.00,5
2395,09:30:02,$ 3266.00,1
2396,09:30:02,$ 3266.00,1
2397,09:30:02,$ 3266.00,1
2398,09:30:02,$ 3266.00,10
2399,09:30:02,$ 3266.00,3
2400,09:30:02,$ 3266.00,1
2401,09:30:02,$ 3266.00,1
2402,09:30:02,$ 3266.00,10
2403,09:30:02,$ 3266.00,2
2404,09:30:02,$ 3266.00,10
2405,09:30:02,$ 3266.00,3
2406,09:30:02,$ 3266.00,1
2407,09:30:02,$ 3266.00,2
2408,09:30:02,$ 3266.00,7
2409,09:30:02,$ 3266.00,1
2410,09:30:02,$ 3266.00,2
2411,09:30:02,$ 3266.00,165
2412,09:30:02,$ 3266.00,1
2413,09:30:02,$ 3266.00,2
2414,09:30:02,$ 3266.00,1
2416,09:30:02,$ 3266.00,7
2417,09:30:02,$ 3266.00,1
2418,09:30:02,$ 3266.00,5
2419,09:30:02,$ 3266.00,2
2420,09:30:02,$ 3266.00,10
2421,09:30:02,$ 3266.00,1
2422,09:30:02,$ 3266.00,45
2423,09:30:02,$ 3266.00,1
2424,09:30:02,$ 3266.00,3
2425,09:30:02,$ 3266.00,1
2426,09:30:02,$ 3266.00,10
2427,09:30:02,$ 3266.00,2
2428,09:30:02,$ 3266.00,3
2429,09:30:02,$ 3266.00,5
2430,09:30:02,$ 3266.00,10
2431,09:30:02,$ 3266.00,2
2432,09:30:02,$ 3266.00,20
2433,09:30:02,$ 3266.00,6
2434,09:30:02,$ 3266.00,1
2435,09:30:02,$ 3266.00,5
2437,09:30:02,$ 3266.00,5
2438,09:30:02,$ 3266.00,5
2439,09:30:02,$ 3266.00,10
2440,09:30:02,$ 3266.00,73
2441,09:30:02,$ 3266.00,5
2442,09:30:02,$ 3266.00,3
2443,09:30:02,$ 3266.00,2
2444,09:30:02,$ 3266.00,1
2445,09:30:02,$ 3266.00,1
2446,09:30:02,$ 3266.00,5
2447,09:30:02,$ 3266.00,1
2448,09:30:02,$ 3266.00,1
2449,09:30:02,$ 3266.00,2
2450,09:30:02,$ 3266.00,4
2451,09:30:02,$ 3266.00,1
2452,09:30:02,$ 3266.00,8
2453,09:30:02,$ 3266.00,1
2454,09:30:02,$ 3266.00,100
2455,09:30:02,$ 3266.00,1
2456,09:30:02,$ 3266.00,1
2458,09:30:02,$ 3266.00,1
2459,09:30:02,$ 3266.00,1
2460,09:30:02,$ 3266.00,1
2461,09:30:02,$ 3266.00,1
2462,09:30:02,$ 3266.00,1
2463,09:30:02,$ 3266.00,1
2464,09:30:02,$ 3266.00,1
2465,09:30:02,$ 3266.00,1
2466,09:30:02,$ 3266.00,1
2467,09:30:02,$ 3266.00,1
2468,09:30:02,$ 3266.00,1
2469,09:30:02,$ 3266.00,1
2470,09:30:02,$ 3266.00,1
2471,09:30:02,$ 3266.00,1
2472,09:30:02,$ 3266.00,1
2473,09:30:02,$ 3266.00,1
2474,09:30:02,$ 3266.00,1
2475,09:30:02,$ 3266.00,1
2476,09:30:02,$ 3266.00,1
2477,09:30:02,$ 3266.00,1
2479,09:30:02,$ 3266.00,1
2480,09:30:02,$ 3266.00,1
2481,09:30:02,$ 3266.00,1
2482,09:30:02,$ 3266.00,1
2483,09:30:02,$ 3266.00,1
2484,09:30:02,$ 3266.00,1
2485,09:30:02,$ 3266.00,1
2486,09:30:02,$ 3266.00,2
2487,09:30:02,$ 3266.00,1
2488,09:30:02,$ 3266.00,1
2489,09:30:02,$ 3266.00,1
2490,09:30:02,$ 3266.00,3
2491,09:30:02,$ 3266.00,2
2492,09:30:02,$ 3266.00,23
2493,09:30:02,$ 3266.00,1
2494,09:30:02,$ 3266.00,4
2495,09:30:02,$ 3266.00,14
2496,09:30:02,$ 3266.00,4
2497,09:30:02,$ 3266.00,11
2498,09:30:02,$ 3266.00,10
2500,09:30:02,$ 3266.00,4
2501,09:30:02,$ 3266.00,20
2502,09:30:02,$ 3266.00,10
2503,09:30:02,$ 3266.00,20
2504,09:30:02,$ 3266.00,1
2505,09:30:02,$ 3266.00,6
2506,09:30:02,$ 3266.00,54
2507,09:30:02,$ 3266.00,1
2508,09:30:02,$ 3266.00,60
2509,09:30:02,$ 3266.00,30
2510,09:30:02,$ 3266.00,2
2511,09:30:02,$ 3266.00,7
2512,09:30:02,$ 3266.00,1
2513,09:30:02,$ 3266.00,1
2514,09:30:02,$ 3266.00,15
2515,09:30:02,$ 3266.00,1
2516,09:30:02,$ 3266.00,2
2517,09:30:02,$ 3266.00,5
2518,09:30:02,$ 3266.00,1
2519,09:30:02,$ 3266.00,1
2521,09:30:02,$ 3266.00,1
2522,09:30:02,$ 3266.00,2
2523,09:30:02,$ 3266.00,10
2524,09:30:02,$ 3266.00,60
2525,09:30:02,$ 3266.00,177
2526,09:30:02,$ 3266.00,57
2527,09:30:02,$ 3266.00,1
2528,09:30:02,$ 3266.00,7
2529,09:30:02,$ 3266.00,4
2530,09:30:02,$ 3266.00,10
2531,09:30:02,$ 3266.00,7
2532,09:30:02,$ 3266.00,1
2533,09:30:02,$ 3266.00,1
2534,09:30:02,$ 3266.00,10
2535,09:30:02,$ 3266.00,305
2536,09:30:02,$ 3266.00,3
2537,09:30:02,$ 3266.00,2
2538,09:30:02,$ 3266.00,7
2539,09:30:02,$ 3266.00,16
2540,09:30:02,$ 3266.00,2
2542,09:30:02,$ 3266.00,7
2543,09:30:02,$ 3266.00,1
2544,09:30:02,$ 3266.00,4
2545,09:30:02,$ 3266.00,2
2546,09:30:02,$ 3266.00,158
2547,09:30:02,$ 3266.00,100
2548,09:30:02,$ 3266.00,1
2549,09:30:02,$ 3266.00,5
2550,09:30:02,$ 3266.00,4
2551,09:30:02,$ 3266.00,1
2552,09:30:02,$ 3266.00,2
2553,09:30:02,$ 3266.00,1
2554,09:30:02,$ 3266.00,3
2555,09:30:02,$ 3266.00,2
2556,09:30:02,$ 3266.00,3
2557,09:30:02,$ 3266.00,5
2558,09:30:02,$ 3266.00,1
2559,09:30:02,$ 3266.00,3
2560,09:30:02,$ 3266.00,2
2561,09:30:02,$ 3266.00,3
2563,09:30:02,$ 3266.00,1
2564,09:30:02,$ 3266.00,1
2565,09:30:02,$ 3266.00,3
2566,09:30:02,$ 3266.00,2
2567,09:30:02,$ 3266.00,1
2568,09:30:02,$ 3266.00,2
2569,09:30:02,$ 3266.00,1
2570,09:30:02,$ 3266.00,1
2571,09:30:02,$ 3266.00,1
2572,09:30:02,$ 3266.00,1
2573,09:30:02,$ 3266.00,1
2574,09:30:02,$ 3266.00,1
2575,09:30:02,$ 3266.00,1
2576,09:30:02,$ 3266.00,2
2577,09:30:02,$ 3266.00,1
2578,09:30:02,$ 3266.00,1
2579,09:30:02,$ 3266.00,3
2580,09:30:02,$ 3266.00,4
2581,09:30:02,$ 3266.00,2
2582,09:30:02,$ 3266.00,1
2584,09:30:02,$ 3266.00,1
2585,09:30:02,$ 3266.00,1
2586,09:30:02,$ 3266.00,2
2587,09:30:02,$ 3266.00,1
2588,09:30:02,$ 3266.00,1
2589,09:30:02,$ 3266.00,1
2590,09:30:02,$ 3266.00,1
2591,09:30:02,$ 3266.00,1
2592,09:30:02,$ 3266.00,1
2593,09:30:02,$ 3266.00,1
2594,09:30:02,$ 3266.00,1
2595,09:30:02,$ 3266.00,2
2596,09:30:02,$ 3266.00,1
2597,09:30:02,$ 3266.00,5
2598,09:30:02,$ 3266.00,1
2599,09:30:02,$ 3266.00,1
2600,09:30:02,$ 3266.00,40
2601,09:30:02,$ 3266.00,1
2602,09:30:02,$ 3266.00,40
2603,09:30:02,$ 3266.00,3
2605,09:30:02,$ 3266.00,1
2606,09:30:02,$ 3266.00,4
2607,09:30:02,$ 3266.00,3
2608,09:30:02,$ 3266.00,10
2609,09:30:02,$ 3266.00,3
2610,09:30:02,$ 3266.00,1
2611,09:30:02,$ 3266.00,36
2612,09:30:02,$ 3266.00,2
2613,09:30:02,$ 3266.00,16
2614,09:30:02,$ 3266.00,16
2615,09:30:02,$ 3266.00,3
2616,09:30:02,$ 3266.00,6
2617,09:30:02,$ 3266.00,1
2618,09:30:02,$ 3266.00,1
2619,09:30:02,$ 3266.00,1
2620,09:30:02,$ 3266.00,1
2621,09:30:02,$ 3266.00,1
2622,09:30:02,$ 3266.00,1
2623,09:30:02,$ 3266.00,3
2624,09:30:02,$ 3266.00,8
2626,09:30:02,$ 3266.00,1
2627,09:30:02,$ 3266.00,2
2628,09:30:02,$ 3266.00,5
2629,09:30:02,$ 3266.00,16
2630,09:30:02,$ 3266.00,2
2631,09:30:02,$ 3266.00,8
2632,09:30:02,$ 3266.00,1
2633,09:30:02,$ 3266.00,1
2634,09:30:02,$ 3266.00,1
2635,09:30:02,$ 3266.00,1
2636,09:30:02,$ 3266.00,2
2637,09:30:02,$ 3266.00,1
2638,09:30:02,$ 3266.00,1
2639,09:30:02,$ 3266.00,2
2640,09:30:02,$ 3266.00,1
2641,09:30:02,$ 3266.00,2
2642,09:30:02,$ 3266.00,8
2643,09:30:02,$ 3266.00,5
2645,10:29:59,$ 3260.06,100
2646,10:29:59,$ 3260.07,100
2647,10:29:42,$ 3259.46,100
2648,10:29:42,$ 3259.73,100
2649,10:29:42,$ 3260.30,100
2650,10:29:36,$ 3258.61,100
2651,10:29:36,$ 3258.89,100
2652,10:29:36,$ 3259.30,300
2653,10:29:11,$ 3258.655,312
2654,10:29:01,$ 3258.51,100
2655,10:29:01,$ 3258.84,100
2656,10:28:59,$ 3258.45,100
2657,10:28:54,$ 3257.85,100
2658,10:28:32,$ 3257.60,100
2659,10:28:15,$ 3259.31,100
2660,10:28:14,$ 3259.04,100
2661,10:27:54,$ 3259.60,100
2662,10:27:54,$ 3259.87,100
2663,10:27:54,$ 3259.91,100
2664,10:27:51,$ 3259.77,100
2666,10:27:50,$ 3260.18,100
2667,10:27:50,$ 3259.04,100
2668,10:27:50,$ 3259.77,100
2669,10:27:50,$ 3259.60,100
2670,10:27:50,$ 3259.86,100
2671,10:27:50,$ 3259.85,100
2672,10:27:50,$ 3259.86,100
2673,10:27:50,$ 3260.07,100
2674,10:27:50,$ 3259.88,100
2675,10:27:50,$ 3259.90,100
2676,10:27:33,$ 3257.96,696
2677,10:27:29,$ 3258.48,100
2678,10:27:29,$ 3258.74,100
2679,10:27:10,$ 3259.6508,146
2680,10:27:03,$ 3258.5525,100
2681,10:27:03,$ 3259.13,100
2682,10:26:42,$ 3258.29,100
2683,10:26:28,$ 3259.7299,300
2684,10:26:28,$ 3258.86,100
2685,10:25:28,$ 3260.72,100
2687,10:25:27,$ 3259.56,100
2688,10:25:23,$ 3259.09,100
2689,10:25:01,$ 3259.04,100
2690,10:25:00,$ 3259.80,291
2691,10:24:46,$ 3259.5729,163
2692,10:24:42,$ 3259.87,100
2693,10:24:42,$ 3259.90,100
2694,10:24:35,$ 3258.97,100
2695,10:24:16,$ 3258.01,100
2696,10:24:16,$ 3258.01,100
2697,10:24:16,$ 3258.14,100
2698,10:24:16,$ 3258.10,100
2699,10:24:16,$ 3258.10,100
2700,10:24:16,$ 3258.18,100
2701,10:24:15,$ 3258.82,100
2702,10:24:15,$ 3259.00,100
2703,10:24:15,$ 3258.73,100
2704,10:24:15,$ 3259.00,100
2705,10:24:15,$ 3258.73,100
2706,10:23:55,$ 3258.99,116
2708,10:23:36,$ 3258.86,100
2709,10:23:36,$ 3259.14,100
2710,10:23:36,$ 3259.07,100
2711,10:23:10,$ 3257.73,100
2712,10:22:49,$ 3259.88,100
2713,10:22:41,$ 3258.77,100
2714,10:22:32,$ 3260.47,115
2715,10:22:00,$ 3259.96,100
2716,10:22:00,$ 3260.00,100
2717,10:22:00,$ 3260.00,100
2718,10:21:59,$ 3259.94,100
2719,10:21:51,$ 3258.6813,319
2720,10:21:38,$ 3258.99,100
2721,10:21:12,$ 3257.20,100
2722,10:21:12,$ 3257.00,358
2723,10:21:08,$ 3257.91,100
2724,10:20:57,$ 3258.285,100
2725,10:20:41,$ 3258.585,100
2726,10:20:09,$ 3256.68,100
2727,10:20:09,$ 3256.68,100
2729,10:19:29,$ 3259.27,100
2730,10:19:19,$ 3260.20,100
2731,10:19:18,$ 3259.04,100
2732,10:19:18,$ 3259.04,100
2733,10:19:18,$ 3259.27,100
2734,10:19:18,$ 3259.44,100
2735,10:19:18,$ 3259.47,100
2736,10:19:09,$ 3260.875,100
2737,10:18:58,$ 3261.54,242
2738,10:18:12,$ 3258.59,100
2739,10:18:01,$ 3260.89,100
2740,10:17:59,$ 3259.70,100
2741,10:17:57,$ 3258.47,111
2742,10:17:54,$ 3258.78,100
2743,10:17:47,$ 3258.95,100
2744,10:17:46,$ 3258.04,100
2745,10:17:44,$ 3258.65,100
2746,10:17:44,$ 3258.81,100
2747,10:17:44,$ 3258.81,100
2748,10:17:44,$ 3258.55,100
2750,10:17:44,$ 3258.81,100
2751,10:17:40,$ 3258.83,149
2752,10:17:29,$ 3256.63,100
2753,10:17:29,$ 3256.63,100
2754,10:17:29,$ 3256.85,300
2755,10:17:29,$ 3256.87,100
2756,10:17:29,$ 3258.77,100
2757,10:17:29,$ 3259.37,100
2758,10:17:29,$ 3258.74,300
2759,10:17:29,$ 3259.04,100
2760,10:17:04,$ 3257.79,700
2761,10:16:57,$ 3258.05,100
2762,10:16:57,$ 3257.355,100
2763,10:16:39,$ 3256.565,100
2764,10:16:32,$ 3256.69,100
2765,10:16:30,$ 3256.55,100
2766,10:16:29,$ 3256.905,100
2767,10:16:19,$ 3256.86,100
2768,10:16:13,$ 3257.46,100
2769,10:16:07,$ 3258.00,100
2771,10:16:06,$ 3259.00,180
2772,10:16:04,$ 3258.05,100
2773,10:16:03,$ 3258.855,900
2774,10:16:03,$ 3258.855,100
2775,10:16:01,$ 3259.22,100
2776,10:15:58,$ 3259.54,250
2777,10:15:58,$ 3258.60,100
2778,10:15:58,$ 3258.75,100
2779,10:15:58,$ 3258.83,100
2780,10:15:56,$ 3259.05,100
2781,10:15:53,$ 3259.38,100
2782,10:15:44,$ 3258.6533,299
2783,10:15:38,$ 3258.54,100
2784,10:15:37,$ 3258.68,100
2785,10:15:30,$ 3259.045,100
2786,10:15:25,$ 3258.46,100
2787,10:15:25,$ 3258.86,100
2788,10:15:25,$ 3259.50,205
2789,10:15:25,$ 3259.50,175
2790,10:14:59,$ 3260.7158,699
2792,10:14:52,$ 3260.11,200
2793,10:14:52,$ 3260.10,100
2794,10:14:52,$ 3260.11,174
2795,10:14:48,$ 3261.89,160
2796,10:14:48,$ 3261.72,100
2797,10:13:52,$ 3264.00,100
2798,10:12:17,$ 3265.28,100
2799,10:12:17,$ 3265.99,700
2800,10:12:13,$ 3265.18,100
2801,10:12:13,$ 3265.18,100
2802,10:12:05,$ 3263.80,100
2803,10:12:05,$ 3263.67,100
2804,10:12:05,$ 3263.67,100
2805,10:11:45,$ 3262.79,100
2806,10:11:45,$ 3262.72,100
2807,10:11:28,$ 3264.41,100
2808,10:11:04,$ 3264.03,100
2809,10:10:59,$ 3266.01,123
2810,10:10:32,$ 3264.843,124
2811,10:10:02,$ 3263.00,100
2813,10:09:49,$ 3265.00,100
2814,10:09:02,$ 3265.13,100
2815,10:09:02,$ 3265.00,804
2816,10:09:02,$ 3265.00,103
2817,10:09:02,$ 3265.78,103
2818,10:08:43,$ 3266.94,100
2819,10:08:43,$ 3267.97,100
2820,10:08:35,$ 3267.41,100
2821,10:08:23,$ 3268.55,100
2822,10:08:14,$ 3268.508,372
2823,10:08:14,$ 3267.849,100
2824,10:08:14,$ 3267.85,100
2825,10:08:05,$ 3267.00,103
2826,10:08:05,$ 3267.02,100
2827,10:08:00,$ 3268.54,100
2828,10:07:36,$ 3268.80,154
2829,10:07:36,$ 3269.10,100
2830,10:07:33,$ 3269.82,100
2831,10:07:28,$ 3270.00,100
2832,10:07:28,$ 3270.00,150
2834,10:07:23,$ 3269.53,100
2835,10:07:18,$ 3268.63,100
2836,10:07:09,$ 3267.69,100
2837,10:07:01,$ 3267.8401,100
2838,10:07:01,$ 3268.50,100
2839,10:07:00,$ 3268.1058,199
2840,10:06:55,$ 3267.99,100
2841,10:06:55,$ 3267.76,100
2842,10:06:55,$ 3267.76,100
2843,10:06:55,$ 3267.76,100
2844,10:06:38,$ 3266.81,100
2845,10:06:22,$ 3266.82,100
2846,10:06:19,$ 3266.88,100
2847,10:06:16,$ 3266.39,100
2848,10:06:16,$ 3266.39,100
2849,10:06:13,$ 3266.1372,122
2850,10:05:29,$ 3265.69,100
2851,10:05:26,$ 3266.78,120
2852,10:05:26,$ 3264.94,"1,000"
2853,10:05:24,$ 3265.87,100
2855,10:05:24,$ 3266.00,"1,000"
2856,10:05:22,$ 3265.28,100
2857,10:05:22,$ 3264.90,100
2858,10:05:22,$ 3264.91,100
2859,10:05:22,$ 3264.84,100
2860,10:05:22,$ 3264.54,100
2861,10:05:21,$ 3264.45,100
2862,10:05:13,$ 3264.60,100
2863,10:05:05,$ 3264.70,100
2864,10:05:05,$ 3264.73,100
2865,10:05:00,$ 3264.64,100
2866,10:04:59,$ 3264.64,111
2867,10:04:59,$ 3264.01,111
2868,10:04:59,$ 3264.49,100
2869,10:04:59,$ 3264.68,100
2870,10:04:59,$ 3264.61,100
2871,10:04:59,$ 3264.0138,200
2872,10:04:35,$ 3264.8632,399
2873,10:04:30,$ 3264.43,100
2874,10:04:14,$ 3264.38,499
2876,10:04:11,$ 3264.24,200
2877,10:03:49,$ 3266.412,499
2878,10:03:41,$ 3265.92,100
2879,10:03:41,$ 3265.92,128
2880,10:03:10,$ 3265.12,100
2881,10:03:06,$ 3264.03,100
2882,10:03:04,$ 3264.99,100
2883,10:03:04,$ 3265.09,218
2884,10:03:04,$ 3264.00,100
2885,10:03:02,$ 3264.99,100
2886,10:03:02,$ 3264.99,100
2887,10:03:02,$ 3264.74,129
2888,10:02:32,$ 3262.80,100
2889,10:02:32,$ 3263.215,421
2890,10:02:26,$ 3262.185,200
2891,10:02:25,$ 3261.50,110
2892,10:02:09,$ 3261.29,100
2893,10:02:08,$ 3261.18,100
2894,10:02:00,$ 3262.225,123
2895,10:01:59,$ 3262.03,100
2897,10:01:58,$ 3262.03,100
2898,10:01:56,$ 3262.05,100
2899,10:01:55,$ 3262.22,100
2900,10:01:52,$ 3261.955,100
2901,10:01:44,$ 3262.66,100
2902,10:01:44,$ 3262.145,100
2903,10:01:43,$ 3262.675,100
2904,10:01:43,$ 3262.93,100
2905,10:01:34,$ 3263.84,100
2906,10:01:23,$ 3264.36,100
2907,10:01:13,$ 3262.33,100
2908,10:00:58,$ 3262.22,100
2909,10:00:58,$ 3262.00,100
2910,10:00:49,$ 3261.0792,306
2911,10:00:49,$ 3261.67,156
2912,10:00:49,$ 3261.0792,164
2913,10:00:49,$ 3261.54,100
2914,10:00:49,$ 3261.58,100
2915,10:00:48,$ 3261.00,300
2916,10:00:45,$ 3260.86,100
2918,10:00:44,$ 3261.095,170
2919,10:00:44,$ 3261.06,100
2920,10:00:14,$ 3261.87,100
2921,10:00:14,$ 3261.365,100
2922,10:00:12,$ 3261.24,100
2923,10:00:04,$ 3260.86,100
2925,10:59:58,$ 3252.8999,100
2926,10:59:46,$ 3252.73,100
2927,10:59:46,$ 3252.97,100
2928,10:59:31,$ 3252.60,100
2929,10:59:31,$ 3252.60,100
2930,10:59:31,$ 3252.60,100
2931,10:59:31,$ 3252.73,100
2932,10:59:31,$ 3252.415,200
2933,10:59:28,$ 3252.62,100
2934,10:59:28,$ 3252.415,200
2935,10:59:28,$ 3252.415,200
2936,10:58:59,$ 3252.74,100
2937,10:58:59,$ 3252.33,100
2938,10:58:58,$ 3252.225,200
2939,10:58:52,$ 3252.82,100
2940,10:58:48,$ 3252.62,100
2941,10:58:48,$ 3252.61,100
2942,10:58:33,$ 3252.66,200
2943,10:58:33,$ 3252.66,100
2944,10:58:25,$ 3253.32,100
2946,10:58:25,$ 3252.67,200
2947,10:58:04,$ 3253.04,200
2948,10:58:03,$ 3253.04,200
2949,10:58:03,$ 3252.375,100
2950,10:58:00,$ 3253.43,100
2951,10:57:57,$ 3253.75,200
2952,10:57:57,$ 3253.43,100
2953,10:57:57,$ 3254.00,137
2954,10:57:57,$ 3253.55,100
2955,10:57:57,$ 3253.875,200
2956,10:57:44,$ 3253.9756,100
2957,10:57:36,$ 3253.25,100
2958,10:57:36,$ 3253.50,110
2959,10:57:34,$ 3253.28,100
2960,10:57:31,$ 3252.89,100
2961,10:57:29,$ 3252.80,100
2962,10:57:29,$ 3252.75,100
2963,10:57:29,$ 3253.20,100
2964,10:57:29,$ 3252.75,200
2965,10:57:09,$ 3252.00,100
2967,10:57:08,$ 3252.80,100
2968,10:57:08,$ 3252.37,200
2969,10:57:08,$ 3252.37,200
2970,10:57:08,$ 3252.37,200
2971,10:57:05,$ 3252.36,100
2972,10:57:00,$ 3251.9575,399
2973,10:56:52,$ 3251.92,100
2974,10:56:50,$ 3251.87,200
2975,10:56:22,$ 3250.78,200
2976,10:56:07,$ 3250.115,200
2977,10:56:07,$ 3250.26,200
2978,10:56:07,$ 3250.49,100
2979,10:56:07,$ 3250.075,200
2980,10:56:07,$ 3250.00,200
2981,10:55:43,$ 3250.28,100
2982,10:55:32,$ 3248.93,200
2983,10:55:07,$ 3248.7601,200
2984,10:55:05,$ 3249.89,200
2985,10:55:05,$ 3250.50,119
2986,10:54:46,$ 3250.65,100
2988,10:54:42,$ 3250.50,100
2989,10:54:42,$ 3250.41,100
2990,10:54:27,$ 3249.02,180
2991,10:54:06,$ 3250.00,100
2992,10:53:39,$ 3249.965,100
2993,10:53:39,$ 3249.68,188
2994,10:53:32,$ 3250.53,100
2995,10:53:09,$ 3251.47,100
2996,10:53:00,$ 3250.75,140
2997,10:52:57,$ 3250.79,100
2998,10:52:57,$ 3250.70,100
2999,10:52:48,$ 3250.10,100
3000,10:52:44,$ 3250.7599,199
3001,10:52:43,$ 3250.01,100
3002,10:52:43,$ 3250.01,100
3003,10:52:43,$ 3250.09,100
3004,10:52:43,$ 3250.03,100
3005,10:52:40,$ 3250.27,100
3006,10:52:39,$ 3250.00,200
3007,10:52:39,$ 3250.00,300
3009,10:51:55,$ 3250.40,100
3010,10:51:55,$ 3250.986,100
3011,10:51:55,$ 3250.97,100
3012,10:51:55,$ 3250.966,100
3013,10:51:55,$ 3250.954,100
3014,10:51:51,$ 3250.89,150
3015,10:51:24,$ 3251.99,108
3016,10:51:24,$ 3252.00,100
3017,10:51:24,$ 3251.98,100
3018,10:51:24,$ 3251.99,117
3019,10:51:24,$ 3251.79,100
3020,10:51:03,$ 3251.91,291
3021,10:50:41,$ 3250.81,100
3022,10:50:33,$ 3250.38,100
3023,10:50:05,$ 3250.89,100
3024,10:50:05,$ 3250.71,100
3025,10:50:05,$ 3250.56,100
3026,10:50:05,$ 3250.50,100
3027,10:50:04,$ 3251.46,100
3028,10:49:53,$ 3251.17,100
3030,10:49:53,$ 3251.175,300
3031,10:49:43,$ 3250.29,100
3032,10:49:36,$ 3250.83,100
3033,10:49:22,$ 3251.90,100
3034,10:49:02,$ 3253.15,140
3035,10:49:01,$ 3252.71,100
3036,10:48:56,$ 3252.71,300
3037,10:48:36,$ 3251.38,100
3038,10:48:31,$ 3252.00,100
3039,10:48:22,$ 3252.4225,100
3040,10:48:22,$ 3253.03,100
3041,10:48:22,$ 3253.06,100
3042,10:48:22,$ 3252.93,100
3043,10:47:50,$ 3252.98,100
3044,10:47:50,$ 3252.60,100
3045,10:47:40,$ 3251.7674,499
3046,10:47:09,$ 3252.09,100
3047,10:46:26,$ 3252.8425,100
3048,10:46:19,$ 3252.405,300
3049,10:46:12,$ 3252.85,100
3051,10:46:09,$ 3252.68,100
3052,10:45:56,$ 3252.82,100
3053,10:45:56,$ 3252.32,100
3054,10:45:40,$ 3252.11,100
3055,10:45:11,$ 3252.41,100
3056,10:45:11,$ 3252.25,100
3057,10:45:11,$ 3252.125,100
3058,10:45:11,$ 3252.56,100
3059,10:45:11,$ 3252.125,114
3060,10:45:07,$ 3252.03,300
3061,10:45:07,$ 3252.03,100
3062,10:45:07,$ 3252.03,600
3063,10:45:05,$ 3252.03,100
3064,10:45:02,$ 3251.41,100
3065,10:45:02,$ 3252.00,100
3066,10:44:56,$ 3252.01,100
3067,10:44:49,$ 3251.73,100
3068,10:44:44,$ 3251.785,100
3069,10:44:34,$ 3251.86,100
3070,10:44:31,$ 3251.64,100
3072,10:44:31,$ 3251.13,100
3073,10:44:28,$ 3250.90,100
3074,10:44:28,$ 3251.01,100
3075,10:44:28,$ 3251.20,100
3076,10:44:21,$ 3250.23,100
3077,10:44:21,$ 3250.22,100
3078,10:44:19,$ 3250.47,100
3079,10:44:18,$ 3250.165,100
3080,10:44:12,$ 3250.00,109
3081,10:44:06,$ 3249.63,300
3082,10:44:06,$ 3249.93,100
3083,10:43:58,$ 3249.10,100
3084,10:43:52,$ 3247.9284,208
3085,10:43:44,$ 3248.5617,299
3086,10:43:22,$ 3248.19,100
3087,10:43:21,$ 3248.08,300
3088,10:43:09,$ 3249.4999,100
3089,10:43:03,$ 3248.81,100
3090,10:43:03,$ 3248.60,100
3091,10:42:51,$ 3248.67,100
3093,10:42:49,$ 3248.84,100
3094,10:42:47,$ 3248.645,300
3095,10:42:46,$ 3248.61,100
3096,10:42:46,$ 3248.64,100
3097,10:42:46,$ 3248.59,100
3098,10:42:43,$ 3247.745,100
3099,10:42:29,$ 3247.42,100
3100,10:42:28,$ 3247.26,100
3101,10:41:48,$ 3246.83,100
3102,10:41:21,$ 3246.81,100
3103,10:41:21,$ 3246.42,200
3104,10:41:17,$ 3247.08,100
3105,10:41:17,$ 3247.08,100
3106,10:41:17,$ 3247.08,100
3107,10:41:17,$ 3247.08,200
3108,10:41:17,$ 3247.08,200
3109,10:41:16,$ 3247.08,200
3110,10:41:16,$ 3247.08,100
3111,10:41:16,$ 3247.08,100
3112,10:41:16,$ 3247.00,100
3114,10:41:16,$ 3247.10,100
3115,10:41:16,$ 3247.22,100
3116,10:41:16,$ 3248.12,100
3117,10:41:02,$ 3246.11,138
3118,10:40:43,$ 3248.51,200
3119,10:40:40,$ 3247.01,100
3120,10:40:40,$ 3246.89,100
3121,10:40:40,$ 3247.16,100
3122,10:40:39,$ 3247.65,100
3123,10:40:39,$ 3247.20,100
3124,10:40:32,$ 3247.425,500
3125,10:40:32,$ 3247.425,300
3126,10:40:32,$ 3247.425,300
3127,10:40:32,$ 3247.425,300
3128,10:40:32,$ 3247.425,300
3129,10:40:32,$ 3247.425,300
3130,10:40:30,$ 3247.64,100
3131,10:40:29,$ 3247.69,100
3132,10:40:13,$ 3248.53,100
3133,10:40:12,$ 3249.11,100
3135,10:40:09,$ 3248.255,300
3136,10:40:08,$ 3248.41,100
3137,10:39:32,$ 3247.76,300
3138,10:39:28,$ 3248.005,100
3139,10:39:25,$ 3248.21,100
3140,10:38:37,$ 3246.80,100
3141,10:38:00,$ 3247.00,400
3142,10:37:53,$ 3247.00,100
3143,10:37:51,$ 3247.96,300
3144,10:37:30,$ 3248.00,100
3145,10:37:23,$ 3248.63,200
3146,10:37:21,$ 3249.13,100
3147,10:37:15,$ 3248.565,550
3148,10:37:08,$ 3248.67,100
3149,10:37:00,$ 3249.4399,100
3150,10:36:53,$ 3249.07,100
3151,10:36:28,$ 3251.06,100
3152,10:36:11,$ 3250.98,100
3153,10:36:11,$ 3250.80,100
3154,10:36:11,$ 3250.66,100
3156,10:36:11,$ 3250.52,100
3157,10:35:58,$ 3249.82,100
3158,10:35:43,$ 3249.16,167
3159,10:35:43,$ 3249.60,100
3160,10:35:43,$ 3250.00,100
3161,10:35:43,$ 3250.00,100
3162,10:35:43,$ 3250.00,278
3163,10:35:43,$ 3250.00,100
3164,10:35:43,$ 3250.00,256
3165,10:35:32,$ 3250.385,100
3166,10:35:32,$ 3250.53,196
3167,10:35:32,$ 3250.848,100
3168,10:35:31,$ 3250.36,100
3169,10:35:24,$ 3250.20,100
3170,10:35:17,$ 3250.005,100
3171,10:35:15,$ 3250.25,100
3172,10:35:15,$ 3250.075,100
3173,10:35:15,$ 3250.115,100
3174,10:35:15,$ 3250.59,100
3175,10:35:14,$ 3249.87,100
3177,10:35:01,$ 3249.13,371
3178,10:35:01,$ 3248.00,100
3179,10:34:41,$ 3249.40,150
3180,10:34:41,$ 3249.40,408
3181,10:34:23,$ 3248.51,100
3182,10:34:22,$ 3248.41,100
3183,10:34:22,$ 3248.32,380
3184,10:34:22,$ 3248.66,100
3185,10:34:22,$ 3248.20,118
3186,10:34:22,$ 3248.20,100
3187,10:34:22,$ 3248.20,100
3188,10:34:22,$ 3248.648,100
3189,10:34:22,$ 3248.99,100
3190,10:34:22,$ 3249.33,300
3191,10:34:22,$ 3249.11,100
3192,10:34:21,$ 3249.32,100
3193,10:34:20,$ 3250.00,690
3194,10:34:20,$ 3250.00,100
3195,10:34:20,$ 3250.00,100
3196,10:34:20,$ 3250.00,100
3198,10:34:20,$ 3250.00,291
3199,10:34:20,$ 3250.00,201
3200,10:34:20,$ 3250.00,100
3201,10:34:20,$ 3250.00,100
3202,10:34:19,$ 3250.275,100
3203,10:34:12,$ 3250.356,100
3204,10:34:12,$ 3250.30,100
3205,10:34:07,$ 3251.825,100
3206,10:34:03,$ 3252.16,100
3207,10:33:47,$ 3251.97,100
3208,10:33:47,$ 3251.55,243
3209,10:33:47,$ 3251.57,100
3210,10:33:30,$ 3252.46,100
3211,10:33:22,$ 3252.00,147
3212,10:33:11,$ 3251.01,120
3213,10:32:41,$ 3253.20,100
3214,10:32:41,$ 3253.20,100
3215,10:32:37,$ 3252.20,100
3216,10:32:36,$ 3252.415,147
3217,10:32:31,$ 3251.375,100
3219,10:32:23,$ 3252.235,100
3220,10:32:21,$ 3251.57,150
3221,10:32:21,$ 3251.35,200
3222,10:32:21,$ 3251.36,100
3223,10:32:21,$ 3251.48,300
3224,10:32:20,$ 3252.05,100
3225,10:32:03,$ 3255.27,100
3226,10:32:01,$ 3255.01,100
3227,10:32:01,$ 3255.00,250
3228,10:31:57,$ 3255.00,120
3229,10:31:56,$ 3255.03,100
3230,10:31:45,$ 3257.27,100
3231,10:31:45,$ 3257.274,100
3232,10:31:43,$ 3256.00,300
3233,10:31:39,$ 3256.315,100
3234,10:31:29,$ 3257.02,100
3235,10:31:28,$ 3257.80,600
3236,10:31:08,$ 3258.715,"1,000"
3237,10:31:07,$ 3258.4506,999
3238,10:31:05,$ 3257.81,100
3240,10:31:05,$ 3258.625,"1,000"
3241,10:31:03,$ 3257.80,100
3242,10:31:03,$ 3258.02,100
3243,10:31:03,$ 3258.01,100
3244,10:31:03,$ 3258.00,100
3245,10:30:49,$ 3259.36,306
3246,10:30:47,$ 3259.47,100
3247,10:30:44,$ 3259.53,100
3248,10:30:43,$ 3260.50,100
3249,10:30:43,$ 3260.235,200
3250,10:30:43,$ 3260.66,100
3251,10:30:43,$ 3260.688,100
3252,10:30:43,$ 3260.5099,100
3253,10:30:43,$ 3260.5099,100
3254,10:30:43,$ 3260.51,100
3255,10:30:43,$ 3260.51,100
3256,10:30:43,$ 3260.03,100
3257,10:30:43,$ 3260.07,100
3258,10:30:18,$ 3259.80,100
3259,10:30:17,$ 3259.57,100
3261,10:30:13,$ 3258.24,100
3262,10:30:06,$ 3259.58,100
3263,10:30:06,$ 3258.66,100
3264,10:30:05,$ 3259.13,100
3265,10:30:05,$ 3259.18,100
3266,10:30:05,$ 3259.13,100
3267,10:30:05,$ 3259.48,100
3268,10:30:05,$ 3259.48,100
3269,10:30:05,$ 3259.755,100
3270,10:30:02,$ 3259.63,100
3272,11:29:58,$ 3246.38,100
3273,11:29:58,$ 3246.43,100
3274,11:29:53,$ 3246.21,100
3275,11:29:53,$ 3245.085,100
3276,11:29:51,$ 3245.515,100
3277,11:29:50,$ 3246.00,100
3278,11:29:50,$ 3246.55,100
3279,11:29:50,$ 3246.55,100
3280,11:29:50,$ 3246.00,100
3281,11:29:48,$ 3246.025,100
3282,11:29:44,$ 3246.10,100
3283,11:29:44,$ 3246.1515,199
3284,11:29:26,$ 3246.63,100
3285,11:29:26,$ 3246.00,394
3286,11:29:26,$ 3246.00,200
3287,11:29:26,$ 3245.94,100
3288,11:29:26,$ 3245.71,100
3289,11:29:26,$ 3245.70,300
3290,11:29:26,$ 3244.15,100
3291,11:29:26,$ 3244.19,100
3293,11:29:25,$ 3244.28,100
3294,11:29:14,$ 3245.71,100
3295,11:29:14,$ 3245.54,100
3296,11:29:14,$ 3245.54,100
3297,11:28:49,$ 3244.28,100
3298,11:28:49,$ 3244.42,100
3299,11:28:47,$ 3243.745,100
3300,11:28:47,$ 3243.745,100
3301,11:28:47,$ 3243.745,100
3302,11:28:47,$ 3244.20,100
3303,11:28:47,$ 3243.58,100
3304,11:28:40,$ 3243.225,100
3305,11:28:40,$ 3243.23,100
3306,11:28:37,$ 3242.70,120
3307,11:28:34,$ 3243.275,100
3308,11:28:31,$ 3243.28,100
3309,11:28:10,$ 3242.69,100
3310,11:27:42,$ 3241.85,100
3311,11:27:41,$ 3241.23,500
3312,11:27:33,$ 3240.7045,308
3314,11:27:33,$ 3240.62,100
3315,11:27:33,$ 3240.62,100
3316,11:27:33,$ 3241.21,200
3317,11:27:30,$ 3240.61,100
3318,11:27:30,$ 3241.00,100
3319,11:27:24,$ 3241.14,100
3320,11:27:24,$ 3241.14,100
3321,11:27:24,$ 3241.18,300
3322,11:27:16,$ 3242.07,100
3323,11:27:04,$ 3242.12,100
3324,11:26:45,$ 3242.165,100
3325,11:26:31,$ 3243.00,308
3326,11:26:30,$ 3243.00,100
3327,11:26:30,$ 3243.00,100
3328,11:26:28,$ 3243.25,100
3329,11:26:27,$ 3243.62,100
3330,11:26:27,$ 3244.36,100
3331,11:26:27,$ 3244.38,100
3332,11:26:27,$ 3243.86,100
3333,11:26:05,$ 3244.57,100
3335,11:26:05,$ 3243.655,100
3336,11:26:01,$ 3244.00,100
3337,11:26:01,$ 3244.10,100
3338,11:25:54,$ 3245.17,100
3339,11:25:51,$ 3245.00,100
3340,11:25:42,$ 3245.57,100
3341,11:25:42,$ 3246.145,100
3342,11:25:19,$ 3246.26,100
3343,11:25:06,$ 3246.64,100
3344,11:25:06,$ 3245.59,100
3345,11:25:06,$ 3245.66,100
3346,11:25:06,$ 3245.68,100
3347,11:24:55,$ 3244.845,100
3348,11:24:52,$ 3245.69,100
3349,11:24:46,$ 3246.29,100
3350,11:24:41,$ 3246.61,100
3351,11:24:41,$ 3246.00,100
3352,11:24:23,$ 3245.00,100
3353,11:24:19,$ 3245.00,100
3354,11:24:18,$ 3245.00,100
3356,11:24:18,$ 3245.00,100
3357,11:24:05,$ 3244.975,100
3358,11:24:05,$ 3244.975,100
3359,11:24:05,$ 3244.50,100
3360,11:24:00,$ 3245.22,100
3361,11:24:00,$ 3245.36,300
3362,11:24:00,$ 3245.165,100
3363,11:24:00,$ 3245.36,100
3364,11:24:00,$ 3245.07,100
3365,11:23:53,$ 3245.08,100
3366,11:23:53,$ 3245.08,100
3367,11:23:43,$ 3245.15,101
3368,11:23:39,$ 3244.82,100
3369,11:23:16,$ 3245.00,100
3370,11:23:16,$ 3245.00,100
3371,11:23:13,$ 3244.36,100
3372,11:23:13,$ 3244.08,100
3373,11:23:13,$ 3244.36,200
3374,11:23:07,$ 3245.07,100
3375,11:23:07,$ 3245.07,122
3377,11:23:07,$ 3245.07,100
3378,11:23:07,$ 3245.07,122
3379,11:22:59,$ 3245.295,100
3380,11:22:59,$ 3245.295,100
3381,11:22:49,$ 3245.00,100
3382,11:22:43,$ 3244.855,100
3383,11:22:43,$ 3245.00,103
3384,11:22:42,$ 3245.00,100
3385,11:22:38,$ 3245.00,100
3386,11:22:38,$ 3245.115,100
3387,11:22:38,$ 3245.115,100
3388,11:22:38,$ 3245.00,100
3389,11:22:38,$ 3245.115,100
3390,11:22:38,$ 3245.115,100
3391,11:22:36,$ 3246.38,100
3392,11:22:32,$ 3246.42,100
3393,11:22:32,$ 3246.781,249
3394,11:22:26,$ 3246.81,100
3395,11:22:22,$ 3247.375,100
3396,11:22:22,$ 3247.51,100
3398,11:22:22,$ 3247.51,100
3399,11:22:01,$ 3248.00,100
3400,11:21:55,$ 3247.855,100
3401,11:21:55,$ 3247.855,300
3402,11:21:47,$ 3247.33,100
3403,11:21:38,$ 3247.925,100
3404,11:21:35,$ 3247.93,100
3405,11:21:35,$ 3247.93,100
3406,11:21:35,$ 3247.93,100
3407,11:21:35,$ 3247.93,101
3408,11:21:32,$ 3247.28,100
3409,11:21:29,$ 3247.93,100
3410,11:21:22,$ 3247.9434,149
3411,11:21:20,$ 3247.98,100
3412,11:21:19,$ 3247.98,100
3413,11:21:17,$ 3248.22,100
3414,11:21:17,$ 3248.84,100
3415,11:21:17,$ 3248.29,100
3416,11:21:12,$ 3247.88,100
3417,11:21:08,$ 3247.73,150
3419,11:20:50,$ 3247.95,300
3420,11:20:50,$ 3247.88,100
3421,11:20:45,$ 3247.85,100
3422,11:20:38,$ 3247.94,100
3423,11:20:38,$ 3247.25,100
3424,11:20:15,$ 3247.185,200
3425,11:19:39,$ 3246.00,200
3426,11:19:39,$ 3245.80,120
3427,11:19:26,$ 3244.44,100
3428,11:19:20,$ 3245.00,100
3429,11:19:06,$ 3245.56,100
3430,11:18:11,$ 3246.85,100
3431,11:18:05,$ 3246.52,100
3432,11:18:05,$ 3246.26,100
3433,11:17:28,$ 3246.11,100
3434,11:17:14,$ 3246.00,102
3435,11:17:09,$ 3246.02,100
3436,11:17:09,$ 3246.03,100
3437,11:16:58,$ 3246.00,200
3438,11:16:44,$ 3246.16,100
3440,11:16:43,$ 3246.58,113
3441,11:16:33,$ 3246.165,200
3442,11:16:33,$ 3246.45,100
3443,11:15:57,$ 3247.49,100
3444,11:15:57,$ 3247.49,200
3445,11:15:44,$ 3249.2665,123
3446,11:15:44,$ 3249.1603,616
3447,11:15:09,$ 3250.011,385
3448,11:14:23,$ 3249.13,100
3449,11:14:11,$ 3248.83,100
3450,11:14:11,$ 3248.59,200
3451,11:14:08,$ 3248.51,100
3452,11:13:39,$ 3250.50,261
3453,11:13:39,$ 3249.00,571
3454,11:13:30,$ 3249.755,200
3455,11:13:30,$ 3249.99,400
3456,11:13:30,$ 3249.755,200
3457,11:13:30,$ 3249.75,200
3458,11:13:30,$ 3249.755,200
3459,11:13:30,$ 3249.755,200
3461,11:13:03,$ 3248.7601,300
3462,11:12:15,$ 3249.21,100
3463,11:12:03,$ 3249.46,200
3464,11:11:48,$ 3248.675,200
3465,11:11:47,$ 3249.1274,499
3466,11:11:40,$ 3248.62,100
3467,11:11:32,$ 3247.6773,117
3468,11:11:12,$ 3247.55,100
3469,11:11:11,$ 3248.02,100
3470,11:11:11,$ 3247.61,100
3471,11:11:11,$ 3248.10,100
3472,11:11:11,$ 3247.425,100
3473,11:11:09,$ 3246.51,100
3474,11:11:06,$ 3246.16,100
3475,11:11:06,$ 3247.125,200
3476,11:11:05,$ 3246.53,100
3477,11:11:04,$ 3246.14,100
3478,11:10:30,$ 3245.00,100
3479,11:10:30,$ 3245.00,100
3480,11:09:58,$ 3246.13,100
3482,11:09:36,$ 3244.955,200
3483,11:09:27,$ 3245.62,100
3484,11:09:21,$ 3246.035,200
3485,11:09:09,$ 3245.00,100
3486,11:09:09,$ 3245.00,100
3487,11:09:09,$ 3245.00,100
3488,11:09:09,$ 3245.01,100
3489,11:09:09,$ 3245.00,100
3490,11:09:03,$ 3246.03,100
3491,11:09:03,$ 3246.03,100
3492,11:09:02,$ 3246.03,100
3493,11:08:45,$ 3245.39,100
3494,11:08:45,$ 3245.82,100
3495,11:08:45,$ 3245.68,100
3496,11:08:45,$ 3246.05,100
3497,11:08:45,$ 3246.05,100
3498,11:08:35,$ 3245.00,183
3499,11:08:35,$ 3245.42,100
3500,11:08:35,$ 3245.42,100
3501,11:08:31,$ 3245.75,100
3503,11:08:10,$ 3246.30,100
3504,11:08:05,$ 3246.33,200
3505,11:08:04,$ 3246.985,100
3506,11:08:04,$ 3246.33,200
3507,11:07:27,$ 3246.88,100
3508,11:06:50,$ 3249.10,149
3509,11:06:39,$ 3248.52,100
3510,11:06:17,$ 3249.5576,115
3511,11:06:17,$ 3249.5576,326
3512,11:05:55,$ 3248.30,100
3513,11:05:55,$ 3248.00,100
3514,11:05:37,$ 3246.83,100
3515,11:05:31,$ 3245.66,500
3516,11:05:16,$ 3246.15,100
3517,11:05:14,$ 3245.5001,113
3518,11:04:59,$ 3246.85,100
3519,11:04:45,$ 3245.19,100
3520,11:04:43,$ 3245.88,100
3521,11:04:38,$ 3245.96,100
3522,11:04:38,$ 3246.015,100
3524,11:04:38,$ 3245.87,100
3525,11:04:38,$ 3245.80,100
3526,11:04:38,$ 3245.00,307
3527,11:04:38,$ 3245.00,193
3528,11:04:35,$ 3246.00,156
3529,11:04:35,$ 3246.13,100
3530,11:04:30,$ 3246.50,100
3531,11:04:16,$ 3246.75,100
3532,11:04:08,$ 3246.75,300
3533,11:03:43,$ 3247.70,100
3534,11:03:34,$ 3249.555,100
3535,11:03:34,$ 3249.555,100
3536,11:03:34,$ 3249.555,100
3537,11:03:34,$ 3249.555,100
3538,11:03:21,$ 3250.00,100
3539,11:03:07,$ 3251.03,100
3540,11:03:03,$ 3251.02,200
3541,11:02:58,$ 3250.77,100
3542,11:02:58,$ 3250.86,100
3543,11:02:58,$ 3250.83,100
3545,11:02:58,$ 3250.78,100
3546,11:02:58,$ 3250.79,200
3547,11:02:55,$ 3250.92,100
3548,11:02:41,$ 3251.20,200
3549,11:02:02,$ 3252.50,200
3550,11:02:02,$ 3252.27,200
3551,11:02:02,$ 3252.43,100
3552,11:02:02,$ 3252.27,200
3553,11:02:00,$ 3251.76,100
3554,11:01:32,$ 3251.58,100
3555,11:01:20,$ 3251.9838,200
3556,11:00:58,$ 3250.855,100
3557,11:00:57,$ 3251.87,100
3558,11:00:55,$ 3251.17,100
3559,11:00:16,$ 3252.43,100
3560,11:00:07,$ 3252.325,200
3561,11:00:07,$ 3252.325,100
3563,11:59:59,$ 3239.635,100
3564,11:59:44,$ 3239.635,101
3565,11:59:19,$ 3239.65,100
3566,11:59:19,$ 3239.45,100
3567,11:59:12,$ 3240.27,100
3568,11:59:07,$ 3240.35,100
3569,11:59:03,$ 3240.49,"1,000"
3570,11:59:03,$ 3240.263,100
3571,11:59:02,$ 3239.60,999
3572,11:59:01,$ 3240.525,100
3573,11:59:01,$ 3240.10,100
3574,11:58:56,$ 3240.14,100
3575,11:58:52,$ 3239.50,850
3576,11:58:52,$ 3239.495,250
3577,11:58:51,$ 3239.50,150
3578,11:58:51,$ 3239.94,100
3579,11:58:50,$ 3239.97,100
3580,11:58:50,$ 3239.98,100
3581,11:58:50,$ 3240.00,100
3582,11:58:50,$ 3239.98,100
3584,11:58:50,$ 3239.65,300
3585,11:58:50,$ 3239.72,100
3586,11:58:50,$ 3239.97,100
3587,11:58:50,$ 3239.295,"1,000"
3588,11:58:48,$ 3238.5737,999
3589,11:58:36,$ 3237.40,100
3590,11:58:27,$ 3238.1767,100
3591,11:58:25,$ 3238.865,249
3592,11:58:14,$ 3239.09,100
3593,11:58:14,$ 3238.12,199
3594,11:58:01,$ 3238.255,100
3595,11:57:52,$ 3237.00,100
3596,11:57:52,$ 3236.20,200
3597,11:57:47,$ 3236.72,100
3598,11:57:47,$ 3236.67,100
3599,11:57:47,$ 3237.88,100
3600,11:57:47,$ 3236.67,100
3601,11:57:44,$ 3237.235,300
3602,11:57:44,$ 3237.235,697
3603,11:57:43,$ 3237.56,100
3605,11:57:42,$ 3238.0733,799
3606,11:57:40,$ 3238.00,487
3607,11:57:40,$ 3238.00,100
3608,11:57:39,$ 3237.40,100
3609,11:57:36,$ 3236.89,"1,000"
3610,11:57:12,$ 3236.06,100
3611,11:57:03,$ 3233.77,999
3612,11:56:59,$ 3234.61,"1,000"
3613,11:56:56,$ 3233.28,100
3614,11:56:46,$ 3233.68,100
3615,11:56:46,$ 3233.68,100
3616,11:56:28,$ 3234.82,100
3617,11:56:21,$ 3233.7225,100
3618,11:56:14,$ 3234.18,100
3619,11:56:11,$ 3234.18,100
3620,11:56:06,$ 3234.4525,100
3621,11:56:06,$ 3234.495,100
3622,11:55:58,$ 3235.75,"2,000"
3623,11:55:50,$ 3234.87,100
3624,11:55:48,$ 3234.6865,486
3626,11:55:48,$ 3234.76,144
3627,11:55:48,$ 3234.76,100
3628,11:55:48,$ 3234.438,100
3629,11:55:48,$ 3234.869,100
3630,11:55:48,$ 3235.14,100
3631,11:55:43,$ 3234.87,"1,000"
3632,11:55:35,$ 3235.2139,199
3633,11:55:28,$ 3235.77,100
3634,11:55:06,$ 3235.5092,149
3635,11:55:06,$ 3236.31,100
3636,11:55:06,$ 3235.706,309
3637,11:55:06,$ 3235.81,145
3638,11:55:06,$ 3236.31,145
3639,11:55:06,$ 3235.81,100
3640,11:55:06,$ 3236.11,200
3641,11:55:06,$ 3235.7479,200
3642,11:55:04,$ 3235.445,"1,000"
3643,11:55:00,$ 3235.6406,999
3644,11:54:59,$ 3234.00,100
3645,11:54:59,$ 3233.81,100
3647,11:54:42,$ 3232.66,100
3648,11:54:19,$ 3233.405,"1,000"
3649,11:54:11,$ 3233.40,100
3650,11:54:11,$ 3233.286,314
3651,11:54:11,$ 3233.286,100
3652,11:54:11,$ 3233.286,100
3653,11:54:11,$ 3233.286,100
3654,11:54:11,$ 3233.286,100
3655,11:54:11,$ 3233.286,100
3656,11:54:11,$ 3233.00,100
3657,11:54:11,$ 3233.00,100
3658,11:54:11,$ 3233.02,100
3659,11:54:11,$ 3233.00,100
3660,11:54:10,$ 3233.415,100
3661,11:54:10,$ 3233.26,100
3662,11:54:08,$ 3233.98,100
3663,11:53:41,$ 3233.835,"1,000"
3664,11:53:38,$ 3233.6841,999
3665,11:53:33,$ 3234.25,100
3666,11:53:10,$ 3233.00,100
3668,11:53:07,$ 3233.97,100
3669,11:53:07,$ 3233.00,334
3670,11:53:07,$ 3233.00,100
3671,11:53:06,$ 3233.00,490
3672,11:53:06,$ 3233.33,100
3673,11:53:06,$ 3233.00,100
3674,11:52:47,$ 3231.705,"1,000"
3675,11:52:46,$ 3230.44,148
3676,11:52:46,$ 3230.44,391
3677,11:52:46,$ 3230.936,100
3678,11:52:46,$ 3230.936,100
3679,11:52:46,$ 3231.36,100
3680,11:52:46,$ 3231.29,100
3681,11:52:43,$ 3229.815,"1,000"
3682,11:52:42,$ 3229.8302,999
3683,11:52:37,$ 3229.99,100
3684,11:52:36,$ 3229.99,100
3685,11:52:17,$ 3229.34,"1,000"
3686,11:52:16,$ 3228.5787,379
3687,11:52:16,$ 3229.64,100
3689,11:52:16,$ 3229.14,100
3690,11:52:16,$ 3229.71,100
3691,11:52:16,$ 3229.21,100
3692,11:52:16,$ 3229.16,100
3693,11:52:15,$ 3229.88,100
3694,11:52:15,$ 3229.94,100
3695,11:52:15,$ 3229.44,100
3696,11:52:06,$ 3230.195,"1,000"
3697,11:52:04,$ 3229.8457,999
3698,11:52:02,$ 3230.19,"1,000"
3699,11:52:00,$ 3230.00,200
3700,11:51:42,$ 3231.5098,999
3701,11:51:39,$ 3231.63,"1,000"
3702,11:51:35,$ 3230.95,100
3703,11:51:32,$ 3229.4046,997
3704,11:51:27,$ 3230.045,"1,000"
3705,11:51:24,$ 3229.82,100
3706,11:51:15,$ 3230.67,100
3707,11:51:09,$ 3231.465,300
3708,11:51:09,$ 3232.119,309
3710,11:51:09,$ 3231.92,100
3711,11:51:09,$ 3231.17,100
3712,11:51:09,$ 3231.17,100
3713,11:51:09,$ 3231.18,100
3714,11:51:06,$ 3230.72,"1,000"
3715,11:51:04,$ 3230.576,105
3716,11:51:02,$ 3230.00,979
3717,11:50:35,$ 3232.59,"1,000"
3718,11:50:33,$ 3231.7252,999
3719,11:50:32,$ 3233.00,200
3720,11:50:31,$ 3233.3788,200
3721,11:50:15,$ 3233.30,100
3722,11:50:15,$ 3233.60,100
3723,11:50:02,$ 3234.035,"1,000"
3724,11:50:02,$ 3233.61,100
3725,11:49:58,$ 3232.95,100
3726,11:49:58,$ 3232.3692,284
3727,11:49:58,$ 3231.70,100
3728,11:49:58,$ 3232.20,100
3729,11:49:58,$ 3231.70,100
3731,11:49:58,$ 3232.20,100
3732,11:49:58,$ 3232.20,100
3733,11:49:58,$ 3231.70,100
3734,11:49:58,$ 3232.20,100
3735,11:49:58,$ 3231.70,100
3736,11:49:57,$ 3231.39,309
3737,11:49:57,$ 3231.39,345
3738,11:49:57,$ 3231.8558,100
3739,11:49:57,$ 3232.15,100
3740,11:49:57,$ 3231.8558,100
3741,11:49:57,$ 3232.15,100
3742,11:49:57,$ 3230.9958,100
3743,11:49:57,$ 3231.29,100
3744,11:49:57,$ 3231.34,100
3745,11:49:57,$ 3231.34,100
3746,11:49:57,$ 3230.9958,100
3747,11:49:57,$ 3231.29,100
3748,11:49:57,$ 3230.8858,100
3749,11:49:57,$ 3231.18,100
3750,11:49:52,$ 3229.15,100
3752,11:49:50,$ 3231.34,100
3753,11:49:50,$ 3230.39,100
3754,11:49:49,$ 3229.1545,100
3755,11:49:49,$ 3229.24,100
3756,11:49:49,$ 3230.50,100
3757,11:49:44,$ 3230.8721,174
3758,11:49:39,$ 3231.00,268
3759,11:49:32,$ 3231.27,100
3760,11:49:23,$ 3231.99,"1,000"
3761,11:49:21,$ 3232.67,100
3762,11:49:21,$ 3232.33,100
3763,11:49:21,$ 3231.71,196
3764,11:49:21,$ 3231.71,309
3765,11:49:21,$ 3232.17,100
3766,11:49:21,$ 3232.116,100
3767,11:49:21,$ 3232.116,100
3768,11:49:21,$ 3232.12,100
3769,11:49:19,$ 3231.22,250
3770,11:49:19,$ 3232.10,100
3771,11:49:17,$ 3232.02,100
3773,11:48:56,$ 3234.345,100
3774,11:48:55,$ 3233.90,"1,000"
3775,11:48:54,$ 3234.84,100
3776,11:48:54,$ 3234.25,100
3777,11:48:53,$ 3234.1883,309
3778,11:48:53,$ 3234.74,185
3779,11:48:53,$ 3234.75,100
3780,11:48:53,$ 3234.74,200
3781,11:48:53,$ 3234.15,100
3782,11:48:52,$ 3234.15,"1,000"
3783,11:48:45,$ 3234.66,240
3784,11:48:44,$ 3234.80,100
3785,11:48:44,$ 3234.32,100
3786,11:48:44,$ 3234.54,100
3787,11:48:42,$ 3234.27,100
3788,11:48:40,$ 3234.21,100
3789,11:48:40,$ 3234.20,100
3790,11:48:40,$ 3234.21,100
3791,11:48:40,$ 3233.945,100
3792,11:48:40,$ 3234.23,100
3794,11:48:40,$ 3234.23,100
3795,11:48:40,$ 3234.20,100
3796,11:48:40,$ 3234.18,100
3797,11:48:38,$ 3233.55,100
3798,11:48:38,$ 3233.73,100
3799,11:48:38,$ 3233.58,300
3800,11:48:38,$ 3233.175,100
3801,11:48:36,$ 3233.22,100
3802,11:48:34,$ 3232.955,100
3803,11:48:31,$ 3233.00,100
3804,11:48:31,$ 3232.47,309
3805,11:48:31,$ 3232.47,445
3806,11:48:31,$ 3232.9766,100
3807,11:48:31,$ 3233.31,100
3808,11:48:31,$ 3232.955,100
3809,11:48:28,$ 3232.06,100
3810,11:48:28,$ 3232.041,100
3811,11:48:08,$ 3233.99,100
3812,11:47:57,$ 3234.55,100
3813,11:47:54,$ 3234.32,100
3815,11:47:51,$ 3233.29,"1,000"
3816,11:47:48,$ 3233.54,100
3817,11:47:42,$ 3232.705,200
3818,11:47:35,$ 3231.485,100
3819,11:47:34,$ 3231.49,100
3820,11:47:33,$ 3231.90,100
3821,11:47:31,$ 3231.23,100
3822,11:47:30,$ 3230.885,100
3823,11:47:22,$ 3231.10,115
3824,11:47:15,$ 3230.085,199
3825,11:47:03,$ 3231.59,100
3826,11:47:02,$ 3232.5482,499
3827,11:47:00,$ 3232.11,"1,000"
3828,11:46:59,$ 3231.765,100
3829,11:46:58,$ 3231.9052,999
3830,11:46:56,$ 3232.115,"1,000"
3831,11:46:50,$ 3231.501,122
3832,11:46:50,$ 3231.501,125
3833,11:46:50,$ 3231.501,752
3834,11:46:47,$ 3231.94,100
3836,11:46:44,$ 3231.11,100
3837,11:46:44,$ 3231.12,100
3838,11:46:35,$ 3230.595,100
3839,11:46:23,$ 3229.54,100
3840,11:46:22,$ 3230.78,100
3841,11:46:20,$ 3229.82,"1,000"
3842,11:46:17,$ 3231.35,150
3843,11:46:17,$ 3232.11,100
3844,11:46:16,$ 3231.61,500
3845,11:46:14,$ 3231.32,100
3846,11:46:13,$ 3229.9647,100
3847,11:46:13,$ 3229.9712,100
3848,11:46:11,$ 3230.639,917
3849,11:46:10,$ 3230.42,100
3850,11:46:10,$ 3230.945,"1,700"
3851,11:46:09,$ 3231.29,100
3852,11:46:09,$ 3230.85,100
3853,11:46:09,$ 3230.85,100
3854,11:46:08,$ 3229.55,100
3855,11:46:08,$ 3229.56,100
3857,11:46:07,$ 3228.28,100
3858,11:46:07,$ 3228.15,108
3859,11:46:01,$ 3227.13,100
3860,11:45:48,$ 3227.29,100
3861,11:45:48,$ 3227.76,100
3862,11:45:39,$ 3229.53,100
3863,11:45:39,$ 3229.22,100
3864,11:45:36,$ 3229.06,100
3865,11:45:36,$ 3229.06,100
3866,11:45:36,$ 3228.55,166
3867,11:45:36,$ 3227.805,"1,000"
3868,11:45:36,$ 3227.81,300
3869,11:45:35,$ 3227.845,100
3870,11:45:34,$ 3227.43,100
3871,11:45:34,$ 3227.42,100
3872,11:45:34,$ 3227.42,100
3873,11:45:31,$ 3227.00,100
3874,11:45:28,$ 3226.22,300
3875,11:45:22,$ 3225.88,100
3876,11:45:22,$ 3224.73,100
3878,11:45:19,$ 3223.47,104
3879,11:45:19,$ 3223.47,294
3880,11:45:19,$ 3225.48,100
3881,11:45:19,$ 3225.20,100
3882,11:45:19,$ 3225.70,100
3883,11:45:19,$ 3225.98,100
3884,11:45:16,$ 3222.935,"1,000"
3885,11:45:15,$ 3224.84,111
3886,11:45:15,$ 3224.24,111
3887,11:45:15,$ 3224.23,100
3888,11:45:15,$ 3224.47,100
