,NLS Time (ET),NLS Price,NLS Share Volume
1,09:59:59,$ 3233.0065,119
2,09:59:54,$ 3231.53,400
3,09:59:52,$ 3231.53,100
4,09:59:51,$ 3231.535,100
5,09:59:51,$ 3231.535,100
6,09:59:50,$ 3231.45,100
7,09:59:47,$ 3232.20,100
8,09:59:44,$ 3233.574,529
9,09:59:44,$ 3233.26,294
10,09:59:44,$ 3232.04,100
11,09:59:44,$ 3231.31,100
12,09:59:43,$ 3231.235,800
13,09:59:43,$ 3229.365,100
14,09:59:43,$ 3229.70,100
15,09:59:41,$ 3229.03,119
16,09:59:41,$ 3228.34,100
17,09:59:41,$ 3228.78,100
18,09:59:41,$ 3228.40,100
19,09:59:41,$ 3228.13,100
20,09:59:41,$ 3228.40,100
22,09:59:41,$ 3228.42,100
23,09:59:41,$ 3228.27,100
24,09:59:40,$ 3227.05,100
25,09:59:40,$ 3229.5499,"1,000"
26,09:59:39,$ 3228.806,"1,000"
27,09:59:37,$ 3227.65,100
28,09:59:35,$ 3229.0184,100
29,09:59:33,$ 3228.06,100
30,09:59:31,$ 3228.89,100
31,09:59:31,$ 3229.04,100
32,09:59:30,$ 3230.20,100
33,09:59:29,$ 3230.85,200
34,09:59:21,$ 3231.75,100
35,09:59:21,$ 3231.75,100
36,09:59:21,$ 3231.61,200
37,09:59:17,$ 3232.76,200
38,09:59:14,$ 3232.235,200
39,09:59:14,$ 3232.00,100
40,09:59:13,$ 3233.97,108
41,09:59:13,$ 3233.97,254
43,09:59:41,$ 3228.42,100
44,09:59:41,$ 3228.27,100
45,09:59:40,$ 3227.05,100
46,09:59:40,$ 3229.5499,"1,000"
47,09:59:39,$ 3228.806,"1,000"
48,09:59:37,$ 3227.65,100
49,09:59:35,$ 3229.0184,100
50,09:59:33,$ 3228.06,100
51,09:59:31,$ 3228.89,100
52,09:59:31,$ 3229.04,100
53,09:59:30,$ 3230.20,100
54,09:59:29,$ 3230.85,200
55,09:59:21,$ 3231.75,100
56,09:59:21,$ 3231.75,100
57,09:59:21,$ 3231.61,200
58,09:59:17,$ 3232.76,200
59,09:59:14,$ 3232.235,200
60,09:59:14,$ 3232.00,100
61,09:59:13,$ 3233.97,108
62,09:59:13,$ 3233.97,254
64,09:59:13,$ 3233.97,469
65,09:59:13,$ 3233.54,100
66,09:59:13,$ 3234.73,"1,000"
67,09:59:12,$ 3232.8674,"1,000"
68,09:59:08,$ 3234.31,100
69,09:59:05,$ 3235.72,100
70,09:59:03,$ 3235.37,119
71,09:59:03,$ 3234.4001,500
72,09:59:01,$ 3235.37,100
73,09:59:01,$ 3236.10,100
74,09:59:00,$ 3235.695,100
75,09:59:00,$ 3237.01,100
76,09:59:00,$ 3236.85,100
77,09:58:53,$ 3236.135,100
78,09:58:53,$ 3236.135,100
79,09:58:45,$ 3236.005,100
80,09:58:45,$ 3235.99,100
81,09:58:45,$ 3237.01,100
82,09:58:45,$ 3237.505,100
83,09:58:43,$ 3237.835,198
85,09:59:13,$ 3233.97,469
86,09:59:13,$ 3233.54,100
87,09:59:13,$ 3234.73,"1,000"
88,09:59:12,$ 3232.8674,"1,000"
89,09:59:08,$ 3234.31,100
90,09:59:05,$ 3235.72,100
91,09:59:03,$ 3235.37,119
92,09:59:03,$ 3234.4001,500
93,09:59:01,$ 3235.37,100
94,09:59:01,$ 3236.10,100
95,09:59:00,$ 3235.695,100
96,09:59:00,$ 3237.01,100
97,09:59:00,$ 3236.85,100
98,09:58:53,$ 3236.135,100
99,09:58:53,$ 3236.135,100
100,09:58:45,$ 3236.005,100
101,09:58:45,$ 3235.99,100
102,09:58:45,$ 3237.01,100
103,09:58:45,$ 3237.505,100
104,09:58:43,$ 3237.835,198
106,09:58:42,$ 3237.17,100
107,09:58:40,$ 3237.845,100
108,09:58:39,$ 3237.01,100
109,09:58:39,$ 3237.33,100
110,09:58:39,$ 3237.33,100
111,09:58:38,$ 3237.03,100
112,09:58:37,$ 3238.73,100
113,09:58:35,$ 3237.965,100
114,09:58:35,$ 3238.71,100
115,09:58:33,$ 3237.1858,223
116,09:58:33,$ 3237.1858,209
117,09:58:33,$ 3237.45,100
118,09:58:33,$ 3238.66,100
119,09:58:32,$ 3237.525,200
120,09:58:30,$ 3237.06,100
121,09:58:30,$ 3236.675,100
122,09:58:29,$ 3236.50,100
123,09:58:28,$ 3235.49,100
124,09:58:28,$ 3235.49,100
125,09:58:28,$ 3235.49,100
127,09:58:42,$ 3237.17,100
128,09:58:40,$ 3237.845,100
129,09:58:39,$ 3237.01,100
130,09:58:39,$ 3237.33,100
131,09:58:39,$ 3237.33,100
132,09:58:38,$ 3237.03,100
133,09:58:37,$ 3238.73,100
134,09:58:35,$ 3237.965,100
135,09:58:35,$ 3238.71,100
136,09:58:33,$ 3237.1858,223
137,09:58:33,$ 3237.1858,209
138,09:58:33,$ 3237.45,100
139,09:58:33,$ 3238.66,100
140,09:58:32,$ 3237.525,200
141,09:58:30,$ 3237.06,100
142,09:58:30,$ 3236.675,100
143,09:58:29,$ 3236.50,100
144,09:58:28,$ 3235.49,100
145,09:58:28,$ 3235.49,100
146,09:58:28,$ 3235.49,100
148,09:58:28,$ 3235.34,138
149,09:58:28,$ 3234.67,100
150,09:58:28,$ 3234.63,100
151,09:58:27,$ 3233.66,100
152,09:58:27,$ 3234.00,100
153,09:58:27,$ 3233.99,100
154,09:58:27,$ 3233.99,100
155,09:58:27,$ 3234.06,100
156,09:58:27,$ 3233.91,100
157,09:58:27,$ 3233.92,100
158,09:58:27,$ 3234.42,100
159,09:58:27,$ 3233.90,100
160,09:58:27,$ 3234.40,100
161,09:58:27,$ 3234.67,100
162,09:58:27,$ 3234.67,100
163,09:58:27,$ 3234.66,100
164,09:58:27,$ 3234.56,100
165,09:58:27,$ 3234.41,100
166,09:58:27,$ 3234.49,100
167,09:58:26,$ 3233.675,100
169,09:58:28,$ 3235.34,138
170,09:58:28,$ 3234.67,100
171,09:58:28,$ 3234.63,100
172,09:58:27,$ 3233.66,100
173,09:58:27,$ 3234.00,100
174,09:58:27,$ 3233.99,100
175,09:58:27,$ 3233.99,100
176,09:58:27,$ 3234.06,100
177,09:58:27,$ 3233.91,100
178,09:58:27,$ 3233.92,100
179,09:58:27,$ 3234.42,100
180,09:58:27,$ 3233.90,100
181,09:58:27,$ 3234.40,100
182,09:58:27,$ 3234.67,100
183,09:58:27,$ 3234.67,100
184,09:58:27,$ 3234.66,100
185,09:58:27,$ 3234.56,100
186,09:58:27,$ 3234.41,100
187,09:58:27,$ 3234.49,100
188,09:58:26,$ 3233.675,100
190,09:58:25,$ 3233.69,"1,000"
191,09:58:24,$ 3234.5179,100
192,09:58:24,$ 3234.1143,"1,000"
193,09:58:21,$ 3233.64,100
194,09:58:21,$ 3233.38,100
195,09:58:21,$ 3233.025,700
196,09:58:21,$ 3233.32,100
197,09:58:21,$ 3232.92,200
198,09:58:21,$ 3232.87,100
199,09:58:20,$ 3232.26,100
200,09:58:20,$ 3232.12,200
201,09:58:20,$ 3232.13,100
202,09:58:18,$ 3231.49,200
203,09:58:13,$ 3231.49,100
204,09:58:12,$ 3230.43,100
205,09:58:12,$ 3230.86,100
206,09:58:12,$ 3230.87,100
207,09:58:12,$ 3230.00,135
208,09:58:12,$ 3230.00,100
209,09:58:11,$ 3230.87,309
211,09:58:25,$ 3233.69,"1,000"
212,09:58:24,$ 3234.5179,100
213,09:58:24,$ 3234.1143,"1,000"
214,09:58:21,$ 3233.64,100
215,09:58:21,$ 3233.38,100
216,09:58:21,$ 3233.025,700
217,09:58:21,$ 3233.32,100
218,09:58:21,$ 3232.92,200
219,09:58:21,$ 3232.87,100
220,09:58:20,$ 3232.26,100
221,09:58:20,$ 3232.12,200
222,09:58:20,$ 3232.13,100
223,09:58:18,$ 3231.49,200
224,09:58:13,$ 3231.49,100
225,09:58:12,$ 3230.43,100
226,09:58:12,$ 3230.86,100
227,09:58:12,$ 3230.87,100
228,09:58:12,$ 3230.00,135
229,09:58:12,$ 3230.00,100
230,09:58:11,$ 3230.87,309
232,09:58:11,$ 3230.129,127
233,09:58:11,$ 3230.50,112
234,09:58:09,$ 3230.57,200
235,09:58:08,$ 3231.725,"1,000"
236,09:58:08,$ 3231.61,100
237,09:58:07,$ 3231.1872,"1,000"
238,09:58:07,$ 3232.01,100
239,09:58:07,$ 3232.00,100
240,09:58:06,$ 3232.05,100
241,09:58:06,$ 3232.31,100
242,09:58:05,$ 3232.84,"1,000"
243,09:58:03,$ 3233.53,100
244,09:58:03,$ 3233.20,200
245,09:58:00,$ 3234.63,100
246,09:58:00,$ 3233.01,100
247,09:58:00,$ 3233.00,100
248,09:57:57,$ 3233.76,100
249,09:57:55,$ 3234.206,100
250,09:57:55,$ 3234.206,100
251,09:57:55,$ 3234.206,100
253,09:58:11,$ 3230.129,127
254,09:58:11,$ 3230.50,112
255,09:58:09,$ 3230.57,200
256,09:58:08,$ 3231.725,"1,000"
257,09:58:08,$ 3231.61,100
258,09:58:07,$ 3231.1872,"1,000"
259,09:58:07,$ 3232.01,100
260,09:58:07,$ 3232.00,100
261,09:58:06,$ 3232.05,100
262,09:58:06,$ 3232.31,100
263,09:58:05,$ 3232.84,"1,000"
264,09:58:03,$ 3233.53,100
265,09:58:03,$ 3233.20,200
266,09:58:00,$ 3234.63,100
267,09:58:00,$ 3233.01,100
268,09:58:00,$ 3233.00,100
269,09:57:57,$ 3233.76,100
270,09:57:55,$ 3234.206,100
271,09:57:55,$ 3234.206,100
272,09:57:55,$ 3234.206,100
274,09:57:55,$ 3234.206,100
275,09:57:55,$ 3234.45,100
276,09:57:55,$ 3234.64,100
277,09:57:55,$ 3234.206,100
278,09:57:55,$ 3234.36,"1,000"
279,09:57:54,$ 3235.1057,664
280,09:57:54,$ 3234.92,100
281,09:57:54,$ 3235.40,100
282,09:57:54,$ 3234.90,100
283,09:57:54,$ 3235.42,100
284,09:57:48,$ 3234.75,300
285,09:57:47,$ 3235.735,100
286,09:57:45,$ 3234.945,100
287,09:57:44,$ 3236.195,100
288,09:57:41,$ 3237.45,100
289,09:57:41,$ 3237.54,100
290,09:57:41,$ 3238.0001,614
291,09:57:40,$ 3238.50,748
292,09:57:40,$ 3238.69,100
293,09:57:40,$ 3238.65,100
295,09:57:55,$ 3234.206,100
296,09:57:55,$ 3234.45,100
297,09:57:55,$ 3234.64,100
298,09:57:55,$ 3234.206,100
299,09:57:55,$ 3234.36,"1,000"
300,09:57:54,$ 3235.1057,664
301,09:57:54,$ 3234.92,100
302,09:57:54,$ 3235.40,100
303,09:57:54,$ 3234.90,100
304,09:57:54,$ 3235.42,100
305,09:57:48,$ 3234.75,300
306,09:57:47,$ 3235.735,100
307,09:57:45,$ 3234.945,100
308,09:57:44,$ 3236.195,100
309,09:57:41,$ 3237.45,100
310,09:57:41,$ 3237.54,100
311,09:57:41,$ 3238.0001,614
312,09:57:40,$ 3238.50,748
313,09:57:40,$ 3238.69,100
314,09:57:40,$ 3238.65,100
316,09:57:40,$ 3238.15,100
317,09:57:39,$ 3238.76,100
318,09:57:39,$ 3237.805,100
319,09:57:38,$ 3237.7647,100
320,09:57:34,$ 3237.06,200
321,09:57:34,$ 3236.13,100
322,09:57:34,$ 3236.14,100
323,09:57:34,$ 3236.15,100
324,09:57:32,$ 3236.07,100
325,09:57:31,$ 3235.97,100
326,09:57:25,$ 3234.9416,500
327,09:57:21,$ 3234.18,200
328,09:57:21,$ 3235.21,100
329,09:57:20,$ 3235.97,150
330,09:57:20,$ 3236.80,100
331,09:57:20,$ 3238.38,100
332,09:57:17,$ 3237.96,200
333,09:57:15,$ 3237.73,200
334,09:57:15,$ 3237.61,200
335,09:57:15,$ 3237.90,100
337,09:57:40,$ 3238.15,100
338,09:57:39,$ 3238.76,100
339,09:57:39,$ 3237.805,100
340,09:57:38,$ 3237.7647,100
341,09:57:34,$ 3237.06,200
342,09:57:34,$ 3236.13,100
343,09:57:34,$ 3236.14,100
344,09:57:34,$ 3236.15,100
345,09:57:32,$ 3236.07,100
346,09:57:31,$ 3235.97,100
347,09:57:25,$ 3234.9416,500
348,09:57:21,$ 3234.18,200
349,09:57:21,$ 3235.21,100
350,09:57:20,$ 3235.97,150
351,09:57:20,$ 3236.80,100
352,09:57:20,$ 3238.38,100
353,09:57:17,$ 3237.96,200
354,09:57:15,$ 3237.73,200
355,09:57:15,$ 3237.61,200
356,09:57:15,$ 3237.90,100
358,09:57:12,$ 3235.81,200
359,09:57:11,$ 3237.475,100
360,09:57:11,$ 3237.485,100
361,09:57:08,$ 3237.00,400
362,09:57:08,$ 3236.715,100
363,09:57:07,$ 3237.61,200
364,09:57:07,$ 3237.61,100
365,09:57:07,$ 3236.57,100
366,09:57:07,$ 3237.28,200
367,09:57:07,$ 3236.88,160
368,09:57:07,$ 3237.27,200
369,09:57:07,$ 3237.95,100
370,09:57:07,$ 3236.875,100
371,09:57:07,$ 3236.88,100
372,09:57:07,$ 3236.875,100
373,09:57:07,$ 3236.825,100
374,09:57:07,$ 3236.88,100
375,09:57:07,$ 3236.88,154
376,09:57:04,$ 3235.6734,150
377,09:57:02,$ 3235.54,100
379,09:57:12,$ 3235.81,200
380,09:57:11,$ 3237.475,100
381,09:57:11,$ 3237.485,100
382,09:57:08,$ 3237.00,400
383,09:57:08,$ 3236.715,100
384,09:57:07,$ 3237.61,200
385,09:57:07,$ 3237.61,100
386,09:57:07,$ 3236.57,100
387,09:57:07,$ 3237.28,200
388,09:57:07,$ 3236.88,160
389,09:57:07,$ 3237.27,200
390,09:57:07,$ 3237.95,100
391,09:57:07,$ 3236.875,100
392,09:57:07,$ 3236.88,100
393,09:57:07,$ 3236.875,100
394,09:57:07,$ 3236.825,100
395,09:57:07,$ 3236.88,100
396,09:57:07,$ 3236.88,154
397,09:57:04,$ 3235.6734,150
398,09:57:02,$ 3235.54,100
400,09:57:02,$ 3235.64,100
401,09:56:59,$ 3234.4425,100
402,09:56:58,$ 3234.135,"1,000"
403,09:56:58,$ 3235.52,400
404,09:56:57,$ 3234.135,100
405,09:56:57,$ 3234.6299,487
406,09:56:57,$ 3234.99,100
407,09:56:57,$ 3235.49,100
408,09:56:54,$ 3233.72,100
409,09:56:53,$ 3233.96,100
410,09:56:53,$ 3232.65,500
411,09:56:53,$ 3232.1499,100
412,09:56:53,$ 3232.29,200
413,09:56:53,$ 3232.10,100
414,09:56:52,$ 3231.642,100
415,09:56:52,$ 3231.642,100
416,09:56:52,$ 3231.642,100
417,09:56:52,$ 3231.642,100
418,09:56:52,$ 3231.642,100
419,09:56:52,$ 3232.11,100
421,09:57:02,$ 3235.64,100
422,09:56:59,$ 3234.4425,100
423,09:56:58,$ 3234.135,"1,000"
424,09:56:58,$ 3235.52,400
425,09:56:57,$ 3234.135,100
426,09:56:57,$ 3234.6299,487
427,09:56:57,$ 3234.99,100
428,09:56:57,$ 3235.49,100
429,09:56:54,$ 3233.72,100
430,09:56:53,$ 3233.96,100
431,09:56:53,$ 3232.65,500
432,09:56:53,$ 3232.1499,100
433,09:56:53,$ 3232.29,200
434,09:56:53,$ 3232.10,100
435,09:56:52,$ 3231.642,100
436,09:56:52,$ 3231.642,100
437,09:56:52,$ 3231.642,100
438,09:56:52,$ 3231.642,100
439,09:56:52,$ 3231.642,100
440,09:56:52,$ 3232.11,100
442,09:56:52,$ 3232.01,100
443,09:56:52,$ 3232.01,100
444,09:56:52,$ 3232.16,100
445,09:56:52,$ 3231.99,100
446,09:56:52,$ 3231.642,100
447,09:56:50,$ 3231.92,100
448,09:56:48,$ 3231.735,100
449,09:56:47,$ 3231.7638,500
450,09:56:43,$ 3231.82,100
451,09:56:42,$ 3231.045,100
452,09:56:41,$ 3232.6799,100
453,09:56:41,$ 3231.02,100
454,09:56:41,$ 3231.0035,100
455,09:56:39,$ 3231.845,100
456,09:56:37,$ 3231.85,200
457,09:56:36,$ 3231.01,100
458,09:56:35,$ 3231.00,339
459,09:56:33,$ 3231.17,200
460,09:56:32,$ 3232.00,100
461,09:56:32,$ 3232.02,100
463,09:56:52,$ 3232.01,100
464,09:56:52,$ 3232.01,100
465,09:56:52,$ 3232.16,100
466,09:56:52,$ 3231.99,100
467,09:56:52,$ 3231.642,100
468,09:56:50,$ 3231.92,100
469,09:56:48,$ 3231.735,100
470,09:56:47,$ 3231.7638,500
471,09:56:43,$ 3231.82,100
472,09:56:42,$ 3231.045,100
473,09:56:41,$ 3232.6799,100
474,09:56:41,$ 3231.02,100
475,09:56:41,$ 3231.0035,100
476,09:56:39,$ 3231.845,100
477,09:56:37,$ 3231.85,200
478,09:56:36,$ 3231.01,100
479,09:56:35,$ 3231.00,339
480,09:56:33,$ 3231.17,200
481,09:56:32,$ 3232.00,100
482,09:56:32,$ 3232.02,100
484,09:56:32,$ 3232.15,100
485,09:56:31,$ 3233.24,300
486,09:56:30,$ 3235.315,100
487,09:56:30,$ 3233.01,100
488,09:56:30,$ 3233.76,100
489,09:56:29,$ 3233.41,100
490,09:56:26,$ 3234.24,100
491,09:56:19,$ 3234.725,100
492,09:56:17,$ 3235.375,100
493,09:56:17,$ 3235.375,100
494,09:56:15,$ 3235.95,"1,000"
495,09:56:13,$ 3235.95,125
496,09:56:13,$ 3235.955,100
497,09:56:13,$ 3235.13,100
498,09:56:13,$ 3235.64,250
499,09:56:13,$ 3232.69,100
500,09:56:13,$ 3234.05,100
501,09:56:13,$ 3234.06,100
502,09:56:13,$ 3234.4401,100
503,09:56:13,$ 3234.44,100
505,09:56:32,$ 3232.15,100
506,09:56:31,$ 3233.24,300
507,09:56:30,$ 3235.315,100
508,09:56:30,$ 3233.01,100
509,09:56:30,$ 3233.76,100
510,09:56:29,$ 3233.41,100
511,09:56:26,$ 3234.24,100
512,09:56:19,$ 3234.725,100
513,09:56:17,$ 3235.375,100
514,09:56:17,$ 3235.375,100
515,09:56:15,$ 3235.95,"1,000"
516,09:56:13,$ 3235.95,125
517,09:56:13,$ 3235.955,100
518,09:56:13,$ 3235.13,100
519,09:56:13,$ 3235.64,250
520,09:56:13,$ 3232.69,100
521,09:56:13,$ 3234.05,100
522,09:56:13,$ 3234.06,100
523,09:56:13,$ 3234.4401,100
524,09:56:13,$ 3234.44,100
526,09:56:13,$ 3234.43,100
527,09:56:12,$ 3234.67,399
528,09:56:11,$ 3235.1585,464
529,09:56:07,$ 3235.735,"1,000"
530,09:56:06,$ 3235.745,100
531,09:56:06,$ 3234.8499,"1,000"
532,09:56:05,$ 3235.745,"1,000"
533,09:56:00,$ 3237.6061,100
534,09:56:00,$ 3237.52,100
535,09:56:00,$ 3237.64,100
536,09:55:57,$ 3238.27,100
537,09:55:51,$ 3237.915,100
538,09:55:50,$ 3236.76,100
539,09:55:50,$ 3237.71,100
540,09:55:48,$ 3236.275,100
541,09:55:41,$ 3237.57,140
542,09:55:39,$ 3236.5946,221
543,09:55:39,$ 3236.75,100
544,09:55:39,$ 3236.70,100
545,09:55:39,$ 3236.78,100
547,09:56:13,$ 3234.43,100
548,09:56:12,$ 3234.67,399
549,09:56:11,$ 3235.1585,464
550,09:56:07,$ 3235.735,"1,000"
551,09:56:06,$ 3235.745,100
552,09:56:06,$ 3234.8499,"1,000"
553,09:56:05,$ 3235.745,"1,000"
554,09:56:00,$ 3237.6061,100
555,09:56:00,$ 3237.52,100
556,09:56:00,$ 3237.64,100
557,09:55:57,$ 3238.27,100
558,09:55:51,$ 3237.915,100
559,09:55:50,$ 3236.76,100
560,09:55:50,$ 3237.71,100
561,09:55:48,$ 3236.275,100
562,09:55:41,$ 3237.57,140
563,09:55:39,$ 3236.5946,221
564,09:55:39,$ 3236.75,100
565,09:55:39,$ 3236.70,100
566,09:55:39,$ 3236.78,100
568,09:55:39,$ 3237.30,100
569,09:55:39,$ 3237.30,115
570,09:55:39,$ 3237.20,100
571,09:55:39,$ 3237.25,100
572,09:55:39,$ 3236.495,"1,000"
573,09:55:38,$ 3235.715,"1,000"
574,09:55:36,$ 3235.8666,150
575,09:55:36,$ 3235.835,100
576,09:55:31,$ 3236.225,100
577,09:55:30,$ 3236.98,100
578,09:55:27,$ 3235.425,200
579,09:55:26,$ 3237.04,100
580,09:55:26,$ 3237.8234,"1,000"
581,09:55:25,$ 3236.92,100
582,09:55:25,$ 3236.60,100
583,09:55:25,$ 3235.21,100
584,09:55:25,$ 3234.86,100
585,09:55:25,$ 3234.858,100
586,09:55:25,$ 3234.86,175
587,09:55:25,$ 3234.05,157
589,09:55:39,$ 3237.30,100
590,09:55:39,$ 3237.30,115
591,09:55:39,$ 3237.20,100
592,09:55:39,$ 3237.25,100
593,09:55:39,$ 3236.495,"1,000"
594,09:55:38,$ 3235.715,"1,000"
595,09:55:36,$ 3235.8666,150
596,09:55:36,$ 3235.835,100
597,09:55:31,$ 3236.225,100
598,09:55:30,$ 3236.98,100
599,09:55:27,$ 3235.425,200
600,09:55:26,$ 3237.04,100
601,09:55:26,$ 3237.8234,"1,000"
602,09:55:25,$ 3236.92,100
603,09:55:25,$ 3236.60,100
604,09:55:25,$ 3235.21,100
605,09:55:25,$ 3234.86,100
606,09:55:25,$ 3234.858,100
607,09:55:25,$ 3234.86,175
608,09:55:25,$ 3234.05,157
610,09:55:25,$ 3234.05,100
611,09:55:25,$ 3233.205,100
612,09:55:22,$ 3234.05,100
613,09:55:21,$ 3233.99,100
614,09:55:19,$ 3233.93,200
615,09:55:17,$ 3233.93,800
616,09:55:16,$ 3233.95,100
617,09:55:16,$ 3234.85,100
618,09:55:15,$ 3234.48,100
619,09:55:14,$ 3233.71,254
620,09:55:14,$ 3232.98,177
621,09:55:11,$ 3231.2854,100
622,09:55:08,$ 3231.585,300
623,09:55:06,$ 3232.60,100
624,09:55:01,$ 3234.33,129
625,09:55:01,$ 3233.50,164
626,09:55:01,$ 3233.51,100
627,09:55:01,$ 3233.01,100
628,09:55:00,$ 3234.29,"1,000"
629,09:54:59,$ 3233.62,100
631,09:55:25,$ 3234.05,100
632,09:55:25,$ 3233.205,100
633,09:55:22,$ 3234.05,100
634,09:55:21,$ 3233.99,100
635,09:55:19,$ 3233.93,200
636,09:55:17,$ 3233.93,800
637,09:55:16,$ 3233.95,100
638,09:55:16,$ 3234.85,100
639,09:55:15,$ 3234.48,100
640,09:55:14,$ 3233.71,254
641,09:55:14,$ 3232.98,177
642,09:55:11,$ 3231.2854,100
643,09:55:08,$ 3231.585,300
644,09:55:06,$ 3232.60,100
645,09:55:01,$ 3234.33,129
646,09:55:01,$ 3233.50,164
647,09:55:01,$ 3233.51,100
648,09:55:01,$ 3233.01,100
649,09:55:00,$ 3234.29,"1,000"
650,09:54:59,$ 3233.62,100
652,09:54:59,$ 3233.62,100
653,09:54:59,$ 3234.284,"1,000"
654,09:54:54,$ 3235.283,100
655,09:54:53,$ 3235.9399,"1,000"
656,09:54:52,$ 3235.581,"1,000"
657,09:54:52,$ 3235.58,130
658,09:54:42,$ 3235.22,100
659,09:54:40,$ 3234.14,100
660,09:54:37,$ 3233.27,100
661,09:54:37,$ 3234.395,100
662,09:54:35,$ 3234.085,100
663,09:54:35,$ 3234.085,100
664,09:54:35,$ 3234.0001,100
665,09:54:35,$ 3234.0001,100
666,09:54:34,$ 3234.7221,109
667,09:54:34,$ 3234.7221,796
668,09:54:34,$ 3234.44,100
669,09:54:34,$ 3234.0001,"1,000"
670,09:54:33,$ 3236.2099,100
671,09:54:33,$ 3235.39,309
673,09:54:59,$ 3233.62,100
674,09:54:59,$ 3234.284,"1,000"
675,09:54:54,$ 3235.283,100
676,09:54:53,$ 3235.9399,"1,000"
677,09:54:52,$ 3235.581,"1,000"
678,09:54:52,$ 3235.58,130
679,09:54:42,$ 3235.22,100
680,09:54:40,$ 3234.14,100
681,09:54:37,$ 3233.27,100
682,09:54:37,$ 3234.395,100
683,09:54:35,$ 3234.085,100
684,09:54:35,$ 3234.085,100
685,09:54:35,$ 3234.0001,100
686,09:54:35,$ 3234.0001,100
687,09:54:34,$ 3234.7221,109
688,09:54:34,$ 3234.7221,796
689,09:54:34,$ 3234.44,100
690,09:54:34,$ 3234.0001,"1,000"
691,09:54:33,$ 3236.2099,100
692,09:54:33,$ 3235.39,309
694,09:54:33,$ 3235.51,100
695,09:54:33,$ 3235.81,100
696,09:54:33,$ 3235.81,100
697,09:54:33,$ 3235.81,100
698,09:54:33,$ 3235.31,100
699,09:54:29,$ 3235.6567,100
700,09:54:28,$ 3236.27,305
701,09:54:26,$ 3237.0757,300
702,09:54:23,$ 3237.00,238
703,09:54:23,$ 3237.00,200
704,09:54:23,$ 3237.17,100
705,09:54:23,$ 3237.01,100
706,09:54:21,$ 3237.26,156
707,09:54:21,$ 3237.26,100
708,09:54:21,$ 3237.25,200
709,09:54:21,$ 3237.21,100
710,09:54:21,$ 3237.21,100
711,09:54:17,$ 3237.0341,150
712,09:54:13,$ 3233.91,100
713,09:54:13,$ 3234.32,100
715,09:54:33,$ 3235.51,100
716,09:54:33,$ 3235.81,100
717,09:54:33,$ 3235.81,100
718,09:54:33,$ 3235.81,100
719,09:54:33,$ 3235.31,100
720,09:54:29,$ 3235.6567,100
721,09:54:28,$ 3236.27,305
722,09:54:26,$ 3237.0757,300
723,09:54:23,$ 3237.00,238
724,09:54:23,$ 3237.00,200
725,09:54:23,$ 3237.17,100
726,09:54:23,$ 3237.01,100
727,09:54:21,$ 3237.26,156
728,09:54:21,$ 3237.26,100
729,09:54:21,$ 3237.25,200
730,09:54:21,$ 3237.21,100
731,09:54:21,$ 3237.21,100
732,09:54:17,$ 3237.0341,150
733,09:54:13,$ 3233.91,100
734,09:54:13,$ 3234.32,100
736,09:54:13,$ 3234.35,100
737,09:54:12,$ 3233.905,100
738,09:54:10,$ 3234.7999,100
739,09:54:09,$ 3233.935,100
740,09:54:06,$ 3234.00,100
741,09:54:04,$ 3234.07,100
742,09:54:03,$ 3235.1505,100
743,09:53:59,$ 3234.88,100
744,09:53:59,$ 3235.015,900
745,09:53:59,$ 3234.48,100
746,09:53:59,$ 3234.886,"1,000"
747,09:53:56,$ 3234.99,100
748,09:53:56,$ 3234.98,100
749,09:53:53,$ 3235.31,100
750,09:53:53,$ 3235.30,100
751,09:53:53,$ 3235.32,100
752,09:53:53,$ 3234.89,100
753,09:53:53,$ 3234.95,100
754,09:53:53,$ 3235.42,265
755,09:53:53,$ 3234.99,110
757,09:54:13,$ 3234.35,100
758,09:54:12,$ 3233.905,100
759,09:54:10,$ 3234.7999,100
760,09:54:09,$ 3233.935,100
761,09:54:06,$ 3234.00,100
762,09:54:04,$ 3234.07,100
763,09:54:03,$ 3235.1505,100
764,09:53:59,$ 3234.88,100
765,09:53:59,$ 3235.015,900
766,09:53:59,$ 3234.48,100
767,09:53:59,$ 3234.886,"1,000"
768,09:53:56,$ 3234.99,100
769,09:53:56,$ 3234.98,100
770,09:53:53,$ 3235.31,100
771,09:53:53,$ 3235.30,100
772,09:53:53,$ 3235.32,100
773,09:53:53,$ 3234.89,100
774,09:53:53,$ 3234.95,100
775,09:53:53,$ 3235.42,265
776,09:53:53,$ 3234.99,110
778,09:53:53,$ 3234.84,100
779,09:53:49,$ 3233.51,100
780,09:53:49,$ 3234.57,100
781,09:53:47,$ 3235.0722,100
782,09:53:46,$ 3234.1401,"1,000"
783,09:53:46,$ 3233.655,100
784,09:53:45,$ 3235.5458,"1,000"
785,09:53:44,$ 3234.42,100
786,09:53:44,$ 3235.054,100
787,09:53:44,$ 3235.132,246
788,09:53:44,$ 3235.75,100
789,09:53:43,$ 3235.99,100
790,09:53:41,$ 3236.82,100
791,09:53:41,$ 3236.82,100
792,09:53:41,$ 3236.81,100
793,09:53:39,$ 3237.85,100
794,09:53:39,$ 3237.86,100
795,09:53:39,$ 3238.10,100
796,09:53:39,$ 3238.15,100
797,09:53:39,$ 3238.16,172
799,09:53:53,$ 3234.84,100
800,09:53:49,$ 3233.51,100
801,09:53:49,$ 3234.57,100
802,09:53:47,$ 3235.0722,100
803,09:53:46,$ 3234.1401,"1,000"
804,09:53:46,$ 3233.655,100
805,09:53:45,$ 3235.5458,"1,000"
806,09:53:44,$ 3234.42,100
807,09:53:44,$ 3235.054,100
808,09:53:44,$ 3235.132,246
809,09:53:44,$ 3235.75,100
810,09:53:43,$ 3235.99,100
811,09:53:41,$ 3236.82,100
812,09:53:41,$ 3236.82,100
813,09:53:41,$ 3236.81,100
814,09:53:39,$ 3237.85,100
815,09:53:39,$ 3237.86,100
816,09:53:39,$ 3238.10,100
817,09:53:39,$ 3238.15,100
818,09:53:39,$ 3238.16,172
820,09:53:39,$ 3238.15,100
821,09:53:39,$ 3237.87,100
822,09:53:39,$ 3237.94,100
823,09:53:37,$ 3237.32,900
824,09:53:36,$ 3236.875,100
825,09:53:34,$ 3238.00,100
826,09:53:34,$ 3237.60,100
827,09:53:33,$ 3237.85,100
828,09:53:33,$ 3237.071,100
829,09:53:33,$ 3237.071,100
830,09:53:33,$ 3237.47,100
831,09:53:33,$ 3237.55,100
832,09:53:32,$ 3236.57,100
833,09:53:32,$ 3236.6542,300
834,09:53:32,$ 3236.59,100
835,09:53:30,$ 3237.105,"1,000"
836,09:53:29,$ 3237.89,100
837,09:53:29,$ 3238.7199,834
838,09:53:29,$ 3238.7199,120
839,09:53:27,$ 3239.2199,"1,000"
841,09:53:39,$ 3238.15,100
842,09:53:39,$ 3237.87,100
843,09:53:39,$ 3237.94,100
844,09:53:37,$ 3237.32,900
845,09:53:36,$ 3236.875,100
846,09:53:34,$ 3238.00,100
847,09:53:34,$ 3237.60,100
848,09:53:33,$ 3237.85,100
849,09:53:33,$ 3237.071,100
850,09:53:33,$ 3237.071,100
851,09:53:33,$ 3237.47,100
852,09:53:33,$ 3237.55,100
853,09:53:32,$ 3236.57,100
854,09:53:32,$ 3236.6542,300
855,09:53:32,$ 3236.59,100
856,09:53:30,$ 3237.105,"1,000"
857,09:53:29,$ 3237.89,100
858,09:53:29,$ 3238.7199,834
859,09:53:29,$ 3238.7199,120
860,09:53:27,$ 3239.2199,"1,000"
862,09:53:26,$ 3238.6697,300
863,09:53:23,$ 3239.00,100
864,09:53:20,$ 3240.9929,100
865,09:53:18,$ 3239.9202,307
866,09:53:18,$ 3239.9202,339
867,09:53:18,$ 3239.9202,129
868,09:53:17,$ 3239.78,100
869,09:53:17,$ 3239.52,100
870,09:53:17,$ 3239.55,100
871,09:53:17,$ 3241.21,100
872,09:53:17,$ 3241.63,100
873,09:53:17,$ 3241.73,100
874,09:53:17,$ 3241.1856,"1,000"
875,09:53:15,$ 3243.01,"1,000"
876,09:53:12,$ 3243.445,100
877,09:53:12,$ 3243.445,100
878,09:53:10,$ 3243.925,100
879,09:53:09,$ 3244.4689,351
880,09:53:09,$ 3243.67,100
881,09:53:09,$ 3243.65,100
883,09:53:26,$ 3238.6697,300
884,09:53:23,$ 3239.00,100
885,09:53:20,$ 3240.9929,100
886,09:53:18,$ 3239.9202,307
887,09:53:18,$ 3239.9202,339
888,09:53:18,$ 3239.9202,129
889,09:53:17,$ 3239.78,100
890,09:53:17,$ 3239.52,100
891,09:53:17,$ 3239.55,100
892,09:53:17,$ 3241.21,100
893,09:53:17,$ 3241.63,100
894,09:53:17,$ 3241.73,100
895,09:53:17,$ 3241.1856,"1,000"
896,09:53:15,$ 3243.01,"1,000"
897,09:53:12,$ 3243.445,100
898,09:53:12,$ 3243.445,100
899,09:53:10,$ 3243.925,100
900,09:53:09,$ 3244.4689,351
901,09:53:09,$ 3243.67,100
902,09:53:09,$ 3243.65,100
904,09:53:09,$ 3243.54,100
905,09:53:09,$ 3244.04,100
906,09:53:09,$ 3244.15,100
907,09:53:06,$ 3242.90,100
908,09:53:05,$ 3241.97,"1,000"
909,09:53:04,$ 3242.2155,"1,000"
910,09:53:04,$ 3242.05,600
911,09:53:04,$ 3241.4999,100
912,09:53:04,$ 3241.4999,142
913,09:53:04,$ 3241.4999,100
914,09:53:04,$ 3241.50,142
915,09:53:04,$ 3241.50,100
916,09:53:02,$ 3240.78,100
917,09:53:02,$ 3240.79,100
918,09:53:00,$ 3240.29,100
919,09:53:00,$ 3241.50,100
920,09:53:00,$ 3241.8999,100
921,09:52:59,$ 3241.00,100
922,09:52:59,$ 3241.15,100
923,09:52:57,$ 3242.01,100
925,09:53:09,$ 3243.54,100
926,09:53:09,$ 3244.04,100
927,09:53:09,$ 3244.15,100
928,09:53:06,$ 3242.90,100
929,09:53:05,$ 3241.97,"1,000"
930,09:53:04,$ 3242.2155,"1,000"
931,09:53:04,$ 3242.05,600
932,09:53:04,$ 3241.4999,100
933,09:53:04,$ 3241.4999,142
934,09:53:04,$ 3241.4999,100
935,09:53:04,$ 3241.50,142
936,09:53:04,$ 3241.50,100
937,09:53:02,$ 3240.78,100
938,09:53:02,$ 3240.79,100
939,09:53:00,$ 3240.29,100
940,09:53:00,$ 3241.50,100
941,09:53:00,$ 3241.8999,100
942,09:52:59,$ 3241.00,100
943,09:52:59,$ 3241.15,100
944,09:52:57,$ 3242.01,100
946,09:52:55,$ 3243.82,590
947,09:52:55,$ 3243.82,100
948,09:52:55,$ 3243.82,100
949,09:52:55,$ 3243.82,100
950,09:52:54,$ 3244.27,100
951,09:52:53,$ 3243.45,100
952,09:52:53,$ 3244.019,100
953,09:52:50,$ 3244.365,"1,000"
954,09:52:48,$ 3244.365,"1,000"
955,09:52:47,$ 3243.60,100
956,09:52:47,$ 3243.50,100
957,09:52:44,$ 3243.7724,100
958,09:52:43,$ 3243.75,100
959,09:52:37,$ 3243.015,100
960,09:52:36,$ 3243.1708,100
961,09:52:34,$ 3244.0475,100
962,09:52:32,$ 3245.00,100
963,09:52:32,$ 3245.00,100
964,09:52:32,$ 3245.00,200
965,09:52:30,$ 3245.2846,100
967,09:52:55,$ 3243.82,590
968,09:52:55,$ 3243.82,100
969,09:52:55,$ 3243.82,100
970,09:52:55,$ 3243.82,100
971,09:52:54,$ 3244.27,100
972,09:52:53,$ 3243.45,100
973,09:52:53,$ 3244.019,100
974,09:52:50,$ 3244.365,"1,000"
975,09:52:48,$ 3244.365,"1,000"
976,09:52:47,$ 3243.60,100
977,09:52:47,$ 3243.50,100
978,09:52:44,$ 3243.7724,100
979,09:52:43,$ 3243.75,100
980,09:52:37,$ 3243.015,100
981,09:52:36,$ 3243.1708,100
982,09:52:34,$ 3244.0475,100
983,09:52:32,$ 3245.00,100
984,09:52:32,$ 3245.00,100
985,09:52:32,$ 3245.00,200
986,09:52:30,$ 3245.2846,100
988,09:52:30,$ 3245.00,195
989,09:52:29,$ 3244.98,100
990,09:52:29,$ 3244.98,100
991,09:52:29,$ 3243.635,100
992,09:52:29,$ 3244.94,100
993,09:52:29,$ 3244.65,100
994,09:52:29,$ 3244.53,100
995,09:52:28,$ 3244.51,100
996,09:52:27,$ 3243.785,600
997,09:52:26,$ 3242.2067,100
998,09:52:22,$ 3242.75,100
999,09:52:18,$ 3242.79,100
1000,09:52:17,$ 3241.49,100
1001,09:52:14,$ 3242.37,100
1002,09:52:12,$ 3244.64,100
1003,09:52:12,$ 3243.6464,100
1004,09:52:12,$ 3242.638,100
1005,09:52:12,$ 3243.76,100
1006,09:52:12,$ 3243.112,100
1007,09:52:11,$ 3244.03,100
1009,09:52:30,$ 3245.00,195
1010,09:52:29,$ 3244.98,100
1011,09:52:29,$ 3244.98,100
1012,09:52:29,$ 3243.635,100
1013,09:52:29,$ 3244.94,100
1014,09:52:29,$ 3244.65,100
1015,09:52:29,$ 3244.53,100
1016,09:52:28,$ 3244.51,100
1017,09:52:27,$ 3243.785,600
1018,09:52:26,$ 3242.2067,100
1019,09:52:22,$ 3242.75,100
1020,09:52:18,$ 3242.79,100
1021,09:52:17,$ 3241.49,100
1022,09:52:14,$ 3242.37,100
1023,09:52:12,$ 3244.64,100
1024,09:52:12,$ 3243.6464,100
1025,09:52:12,$ 3242.638,100
1026,09:52:12,$ 3243.76,100
1027,09:52:12,$ 3243.112,100
1028,09:52:11,$ 3244.03,100
1030,09:52:11,$ 3244.64,200
1031,09:52:11,$ 3244.64,100
1032,09:52:11,$ 3244.64,100
1033,09:52:10,$ 3244.64,100
1034,09:52:09,$ 3244.64,"1,000"
1035,09:52:09,$ 3244.65,100
1036,09:52:08,$ 3244.1424,100
1037,09:52:08,$ 3244.77,100
1038,09:52:08,$ 3244.76,200
1039,09:52:07,$ 3244.66,100
1040,09:52:07,$ 3244.66,"1,000"
1041,09:52:07,$ 3244.7125,100
1042,09:52:06,$ 3245.00,100
1043,09:52:06,$ 3245.03,100
1044,09:52:06,$ 3245.57,"1,000"
1045,09:52:04,$ 3247.08,100
1046,09:52:01,$ 3247.61,500
1047,09:51:58,$ 3248.525,100
1048,09:51:54,$ 3248.115,100
1049,09:51:53,$ 3248.88,101
1051,09:52:11,$ 3244.64,200
1052,09:52:11,$ 3244.64,100
1053,09:52:11,$ 3244.64,100
1054,09:52:10,$ 3244.64,100
1055,09:52:09,$ 3244.64,"1,000"
1056,09:52:09,$ 3244.65,100
1057,09:52:08,$ 3244.1424,100
1058,09:52:08,$ 3244.77,100
1059,09:52:08,$ 3244.76,200
1060,09:52:07,$ 3244.66,100
1061,09:52:07,$ 3244.66,"1,000"
1062,09:52:07,$ 3244.7125,100
1063,09:52:06,$ 3245.00,100
1064,09:52:06,$ 3245.03,100
1065,09:52:06,$ 3245.57,"1,000"
1066,09:52:04,$ 3247.08,100
1067,09:52:01,$ 3247.61,500
1068,09:51:58,$ 3248.525,100
1069,09:51:54,$ 3248.115,100
1070,09:51:53,$ 3248.88,101
1072,09:51:53,$ 3249.785,100
1073,09:51:52,$ 3249.69,100
1074,09:51:52,$ 3250.6499,100
1075,09:51:52,$ 3250.6499,100
1076,09:51:52,$ 3250.649,100
1077,09:51:51,$ 3249.36,600
1078,09:51:51,$ 3249.872,100
1079,09:51:51,$ 3249.91,100
1080,09:51:51,$ 3249.15,113
1081,09:51:50,$ 3250.6499,"1,000"
1082,09:51:47,$ 3248.71,100
1083,09:51:44,$ 3249.54,272
1084,09:51:43,$ 3247.84,300
1085,09:51:43,$ 3247.716,100
1086,09:51:43,$ 3247.75,100
1087,09:51:43,$ 3246.45,100
1088,09:51:43,$ 3246.27,100
1089,09:51:43,$ 3245.90,100
1090,09:51:43,$ 3245.90,100
1091,09:51:42,$ 3244.95,"1,000"
1093,09:51:53,$ 3249.785,100
1094,09:51:52,$ 3249.69,100
1095,09:51:52,$ 3250.6499,100
1096,09:51:52,$ 3250.6499,100
1097,09:51:52,$ 3250.649,100
1098,09:51:51,$ 3249.36,600
1099,09:51:51,$ 3249.872,100
1100,09:51:51,$ 3249.91,100
1101,09:51:51,$ 3249.15,113
1102,09:51:50,$ 3250.6499,"1,000"
1103,09:51:47,$ 3248.71,100
1104,09:51:44,$ 3249.54,272
1105,09:51:43,$ 3247.84,300
1106,09:51:43,$ 3247.716,100
1107,09:51:43,$ 3247.75,100
1108,09:51:43,$ 3246.45,100
1109,09:51:43,$ 3246.27,100
1110,09:51:43,$ 3245.90,100
1111,09:51:43,$ 3245.90,100
1112,09:51:42,$ 3244.95,"1,000"
1114,09:51:40,$ 3245.00,100
1115,09:51:39,$ 3245.00,100
1116,09:51:39,$ 3245.00,100
1117,09:51:39,$ 3245.00,200
1118,09:51:39,$ 3245.00,100
1119,09:51:38,$ 3245.00,100
1120,09:51:37,$ 3245.725,150
1121,09:51:36,$ 3246.00,100
1122,09:51:35,$ 3245.855,100
1123,09:51:27,$ 3246.665,100
1124,09:51:24,$ 3245.83,100
1125,09:51:24,$ 3245.25,100
1126,09:51:09,$ 3248.9871,135
1127,09:51:07,$ 3249.00,100
1128,09:51:06,$ 3248.47,398
1129,09:51:06,$ 3247.716,100
1130,09:51:06,$ 3249.44,"1,000"
1131,09:51:05,$ 3249.44,"1,000"
1132,09:51:03,$ 3250.05,100
1133,09:51:03,$ 3249.95,100
1135,09:51:40,$ 3245.00,100
1136,09:51:39,$ 3245.00,100
1137,09:51:39,$ 3245.00,100
1138,09:51:39,$ 3245.00,200
1139,09:51:39,$ 3245.00,100
1140,09:51:38,$ 3245.00,100
1141,09:51:37,$ 3245.725,150
1142,09:51:36,$ 3246.00,100
1143,09:51:35,$ 3245.855,100
1144,09:51:27,$ 3246.665,100
1145,09:51:24,$ 3245.83,100
1146,09:51:24,$ 3245.25,100
1147,09:51:09,$ 3248.9871,135
1148,09:51:07,$ 3249.00,100
1149,09:51:06,$ 3248.47,398
1150,09:51:06,$ 3247.716,100
1151,09:51:06,$ 3249.44,"1,000"
1152,09:51:05,$ 3249.44,"1,000"
1153,09:51:03,$ 3250.05,100
1154,09:51:03,$ 3249.95,100
1156,09:50:59,$ 3248.9892,100
1157,09:50:57,$ 3248.27,397
1158,09:50:57,$ 3247.1599,100
1159,09:50:57,$ 3247.1599,100
1160,09:50:57,$ 3247.1599,100
1161,09:50:57,$ 3247.16,100
1162,09:50:57,$ 3247.16,100
1163,09:50:57,$ 3247.16,100
1164,09:50:56,$ 3246.315,"1,000"
1165,09:50:53,$ 3246.00,100
1166,09:50:53,$ 3246.04,100
1167,09:50:49,$ 3246.58,100
1168,09:50:41,$ 3248.09,100
1169,09:50:38,$ 3248.11,100
1170,09:50:38,$ 3248.00,100
1171,09:50:38,$ 3248.15,100
1172,09:50:38,$ 3248.10,100
1173,09:50:38,$ 3248.13,100
1174,09:50:34,$ 3247.075,100
1175,09:50:29,$ 3246.67,100
1177,09:50:59,$ 3248.9892,100
1178,09:50:57,$ 3248.27,397
1179,09:50:57,$ 3247.1599,100
1180,09:50:57,$ 3247.1599,100
1181,09:50:57,$ 3247.1599,100
1182,09:50:57,$ 3247.16,100
1183,09:50:57,$ 3247.16,100
1184,09:50:57,$ 3247.16,100
1185,09:50:56,$ 3246.315,"1,000"
1186,09:50:53,$ 3246.00,100
1187,09:50:53,$ 3246.04,100
1188,09:50:49,$ 3246.58,100
1189,09:50:41,$ 3248.09,100
1190,09:50:38,$ 3248.11,100
1191,09:50:38,$ 3248.00,100
1192,09:50:38,$ 3248.15,100
1193,09:50:38,$ 3248.10,100
1194,09:50:38,$ 3248.13,100
1195,09:50:34,$ 3247.075,100
1196,09:50:29,$ 3246.67,100
1198,09:50:28,$ 3246.69,100
1199,09:50:27,$ 3247.5775,100
1200,09:50:27,$ 3248.575,100
1201,09:50:27,$ 3247.69,200
1202,09:50:27,$ 3247.69,100
1203,09:50:25,$ 3248.4851,100
1204,09:50:25,$ 3248.57,100
1205,09:50:24,$ 3248.74,100
1206,09:50:24,$ 3248.91,100
1207,09:50:20,$ 3248.02,100
1208,09:50:20,$ 3248.04,100
1209,09:50:20,$ 3247.30,100
1210,09:50:20,$ 3247.19,100
1211,09:50:20,$ 3248.42,100
1212,09:50:20,$ 3248.95,100
1213,09:50:20,$ 3248.20,100
1214,09:50:20,$ 3248.15,100
1215,09:50:20,$ 3248.17,100
1216,09:50:20,$ 3249.66,200
1217,09:50:17,$ 3249.45,100
1219,09:50:28,$ 3246.69,100
1220,09:50:27,$ 3247.5775,100
1221,09:50:27,$ 3248.575,100
1222,09:50:27,$ 3247.69,200
1223,09:50:27,$ 3247.69,100
1224,09:50:25,$ 3248.4851,100
1225,09:50:25,$ 3248.57,100
1226,09:50:24,$ 3248.74,100
1227,09:50:24,$ 3248.91,100
1228,09:50:20,$ 3248.02,100
1229,09:50:20,$ 3248.04,100
1230,09:50:20,$ 3247.30,100
1231,09:50:20,$ 3247.19,100
1232,09:50:20,$ 3248.42,100
1233,09:50:20,$ 3248.95,100
1234,09:50:20,$ 3248.20,100
1235,09:50:20,$ 3248.15,100
1236,09:50:20,$ 3248.17,100
1237,09:50:20,$ 3249.66,200
1238,09:50:17,$ 3249.45,100
1240,09:50:16,$ 3248.965,100
1241,09:50:16,$ 3248.85,100
1242,09:50:16,$ 3248.85,100
1243,09:50:16,$ 3248.22,100
1244,09:50:14,$ 3248.385,200
1245,09:50:12,$ 3249.15,100
1246,09:50:12,$ 3248.43,100
1247,09:50:12,$ 3248.44,100
1248,09:49:59,$ 3252.26,100
1249,09:49:54,$ 3251.125,100
1250,09:49:52,$ 3252.52,100
1251,09:49:37,$ 3253.07,100
1252,09:49:30,$ 3252.86,100
1253,09:49:25,$ 3251.7873,100
1254,09:49:24,$ 3252.62,100
1255,09:49:24,$ 3253.00,246
1256,09:49:22,$ 3252.6301,100
1257,09:49:22,$ 3252.63,100
1258,09:49:22,$ 3253.69,100
1259,09:49:21,$ 3253.05,100
1261,09:50:16,$ 3248.965,100
1262,09:50:16,$ 3248.85,100
1263,09:50:16,$ 3248.85,100
1264,09:50:16,$ 3248.22,100
1265,09:50:14,$ 3248.385,200
1266,09:50:12,$ 3249.15,100
1267,09:50:12,$ 3248.43,100
1268,09:50:12,$ 3248.44,100
1269,09:49:59,$ 3252.26,100
1270,09:49:54,$ 3251.125,100
1271,09:49:52,$ 3252.52,100
1272,09:49:37,$ 3253.07,100
1273,09:49:30,$ 3252.86,100
1274,09:49:25,$ 3251.7873,100
1275,09:49:24,$ 3252.62,100
1276,09:49:24,$ 3253.00,246
1277,09:49:22,$ 3252.6301,100
1278,09:49:22,$ 3252.63,100
1279,09:49:22,$ 3253.69,100
1280,09:49:21,$ 3253.05,100
1282,09:49:21,$ 3253.14,409
1283,09:49:21,$ 3253.55,100
1284,09:49:20,$ 3254.9311,"1,000"
1285,09:49:19,$ 3254.8147,100
1286,09:49:19,$ 3254.34,100
1287,09:49:04,$ 3253.60,100
1288,09:49:01,$ 3254.9242,100
1289,09:49:00,$ 3253.36,100
1290,09:49:00,$ 3253.56,100
1291,09:49:00,$ 3254.02,100
1292,09:49:00,$ 3253.78,100
1293,09:49:00,$ 3254.76,100
1294,09:49:00,$ 3254.34,100
1295,09:49:00,$ 3254.97,100
1296,09:49:00,$ 3254.94,100
1297,09:49:00,$ 3254.97,100
1298,09:48:50,$ 3256.28,100
1299,09:48:50,$ 3255.255,100
1300,09:48:50,$ 3255.255,100
1301,09:48:49,$ 3255.31,100
1303,09:49:21,$ 3253.14,409
1304,09:49:21,$ 3253.55,100
1305,09:49:20,$ 3254.9311,"1,000"
1306,09:49:19,$ 3254.8147,100
1307,09:49:19,$ 3254.34,100
1308,09:49:04,$ 3253.60,100
1309,09:49:01,$ 3254.9242,100
1310,09:49:00,$ 3253.36,100
1311,09:49:00,$ 3253.56,100
1312,09:49:00,$ 3254.02,100
1313,09:49:00,$ 3253.78,100
1314,09:49:00,$ 3254.76,100
1315,09:49:00,$ 3254.34,100
1316,09:49:00,$ 3254.97,100
1317,09:49:00,$ 3254.94,100
1318,09:49:00,$ 3254.97,100
1319,09:48:50,$ 3256.28,100
1320,09:48:50,$ 3255.255,100
1321,09:48:50,$ 3255.255,100
1322,09:48:49,$ 3255.31,100
1324,09:48:35,$ 3255.85,191
1325,09:48:35,$ 3255.5166,191
1326,09:48:35,$ 3253.86,307
1327,09:48:35,$ 3255.04,100
1328,09:48:35,$ 3255.56,131
1329,09:48:35,$ 3255.2266,131
1330,09:48:34,$ 3254.99,100
1331,09:48:32,$ 3255.105,100
1332,09:48:30,$ 3255.00,100
1333,09:48:30,$ 3255.00,200
1334,09:48:30,$ 3253.84,318
1335,09:48:30,$ 3253.84,117
1336,09:48:30,$ 3254.2666,100
1337,09:48:30,$ 3254.2666,100
1338,09:48:30,$ 3254.60,100
1339,09:48:30,$ 3254.2666,100
1340,09:48:30,$ 3254.60,100
1341,09:48:30,$ 3254.46,100
1342,09:48:30,$ 3254.1266,100
1343,09:48:30,$ 3253.5666,100
1345,09:48:35,$ 3255.85,191
1346,09:48:35,$ 3255.5166,191
1347,09:48:35,$ 3253.86,307
1348,09:48:35,$ 3255.04,100
1349,09:48:35,$ 3255.56,131
1350,09:48:35,$ 3255.2266,131
1351,09:48:34,$ 3254.99,100
1352,09:48:32,$ 3255.105,100
1353,09:48:30,$ 3255.00,100
1354,09:48:30,$ 3255.00,200
1355,09:48:30,$ 3253.84,318
1356,09:48:30,$ 3253.84,117
1357,09:48:30,$ 3254.2666,100
1358,09:48:30,$ 3254.2666,100
1359,09:48:30,$ 3254.60,100
1360,09:48:30,$ 3254.2666,100
1361,09:48:30,$ 3254.60,100
1362,09:48:30,$ 3254.46,100
1363,09:48:30,$ 3254.1266,100
1364,09:48:30,$ 3253.5666,100
1366,09:48:30,$ 3253.5666,100
1367,09:48:30,$ 3253.90,100
1368,09:48:30,$ 3253.92,100
1369,09:48:29,$ 3253.7695,"1,500"
1370,09:48:25,$ 3253.07,100
1371,09:48:24,$ 3252.72,100
1372,09:48:17,$ 3251.0556,100
1373,09:48:16,$ 3250.3717,238
1374,09:48:16,$ 3250.3717,127
1375,09:48:16,$ 3250.50,102
1376,09:48:16,$ 3250.10,100
1377,09:48:16,$ 3250.10,100
1378,09:48:16,$ 3250.50,200
1379,09:48:16,$ 3250.00,102
1380,09:48:16,$ 3250.50,100
1381,09:48:16,$ 3250.00,200
1382,09:48:16,$ 3249.60,100
1383,09:48:16,$ 3250.00,100
1384,09:48:15,$ 3249.75,100
1385,09:48:15,$ 3250.00,200
1387,09:48:30,$ 3253.5666,100
1388,09:48:30,$ 3253.90,100
1389,09:48:30,$ 3253.92,100
1390,09:48:29,$ 3253.7695,"1,500"
1391,09:48:25,$ 3253.07,100
1392,09:48:24,$ 3252.72,100
1393,09:48:17,$ 3251.0556,100
1394,09:48:16,$ 3250.3717,238
1395,09:48:16,$ 3250.3717,127
1396,09:48:16,$ 3250.50,102
1397,09:48:16,$ 3250.10,100
1398,09:48:16,$ 3250.10,100
1399,09:48:16,$ 3250.50,200
1400,09:48:16,$ 3250.00,102
1401,09:48:16,$ 3250.50,100
1402,09:48:16,$ 3250.00,200
1403,09:48:16,$ 3249.60,100
1404,09:48:16,$ 3250.00,100
1405,09:48:15,$ 3249.75,100
1406,09:48:15,$ 3250.00,200
1408,09:48:15,$ 3250.00,100
1409,09:48:15,$ 3249.91,100
1410,09:48:14,$ 3252.36,"1,000"
1411,09:48:13,$ 3251.4808,307
1412,09:48:11,$ 3251.1272,120
1413,09:48:11,$ 3251.1272,307
1414,09:48:11,$ 3251.1272,519
1415,09:48:09,$ 3253.59,100
1416,09:48:09,$ 3253.59,100
1417,09:48:03,$ 3253.92,100
1418,09:48:02,$ 3253.83,100
1419,09:48:01,$ 3254.63,100
1420,09:47:54,$ 3253.82,150
1421,09:47:52,$ 3253.84,100
1422,09:47:49,$ 3253.68,100
1423,09:47:41,$ 3254.46,100
1424,09:47:41,$ 3254.60,100
1425,09:47:39,$ 3254.58,100
1426,09:47:33,$ 3253.17,100
1427,09:47:27,$ 3254.61,100
1429,09:48:15,$ 3250.00,100
1430,09:48:15,$ 3249.91,100
1431,09:48:14,$ 3252.36,"1,000"
1432,09:48:13,$ 3251.4808,307
1433,09:48:11,$ 3251.1272,120
1434,09:48:11,$ 3251.1272,307
1435,09:48:11,$ 3251.1272,519
1436,09:48:09,$ 3253.59,100
1437,09:48:09,$ 3253.59,100
1438,09:48:03,$ 3253.92,100
1439,09:48:02,$ 3253.83,100
1440,09:48:01,$ 3254.63,100
1441,09:47:54,$ 3253.82,150
1442,09:47:52,$ 3253.84,100
1443,09:47:49,$ 3253.68,100
1444,09:47:41,$ 3254.46,100
1445,09:47:41,$ 3254.60,100
1446,09:47:39,$ 3254.58,100
1447,09:47:33,$ 3253.17,100
1448,09:47:27,$ 3254.61,100
1450,09:47:26,$ 3253.60,100
1451,09:47:26,$ 3253.67,100
1452,09:47:26,$ 3253.55,100
1453,09:47:26,$ 3254.04,100
1454,09:47:24,$ 3253.9474,208
1455,09:47:24,$ 3252.79,100
1456,09:47:24,$ 3252.79,100
1457,09:47:24,$ 3252.485,100
1458,09:47:24,$ 3253.29,100
1459,09:47:24,$ 3252.79,100
1460,09:47:24,$ 3253.272,100
1461,09:47:24,$ 3252.772,100
1462,09:47:24,$ 3252.62,100
1463,09:47:24,$ 3252.59,100
1464,09:47:24,$ 3253.09,100
1465,09:47:22,$ 3252.60,100
1466,09:47:22,$ 3252.57,100
1467,09:47:22,$ 3252.406,100
1468,09:47:22,$ 3253.07,100
1469,09:47:22,$ 3252.57,100
1471,09:47:26,$ 3253.60,100
1472,09:47:26,$ 3253.67,100
1473,09:47:26,$ 3253.55,100
1474,09:47:26,$ 3254.04,100
1475,09:47:24,$ 3253.9474,208
1476,09:47:24,$ 3252.79,100
1477,09:47:24,$ 3252.79,100
1478,09:47:24,$ 3252.485,100
1479,09:47:24,$ 3253.29,100
1480,09:47:24,$ 3252.79,100
1481,09:47:24,$ 3253.272,100
1482,09:47:24,$ 3252.772,100
1483,09:47:24,$ 3252.62,100
1484,09:47:24,$ 3252.59,100
1485,09:47:24,$ 3253.09,100
1486,09:47:22,$ 3252.60,100
1487,09:47:22,$ 3252.57,100
1488,09:47:22,$ 3252.406,100
1489,09:47:22,$ 3253.07,100
1490,09:47:22,$ 3252.57,100
1492,09:47:22,$ 3253.07,100
1493,09:47:22,$ 3252.83,100
1494,09:47:21,$ 3252.4913,132
1495,09:47:21,$ 3253.112,100
1496,09:47:21,$ 3252.612,100
1497,09:47:21,$ 3252.62,100
1498,09:47:21,$ 3252.98,100
1499,09:47:21,$ 3252.48,100
1500,09:47:20,$ 3252.5424,"1,000"
1501,09:47:14,$ 3251.0975,100
1502,09:47:12,$ 3250.90,100
1503,09:47:07,$ 3251.4601,100
1504,09:47:07,$ 3251.4601,100
1505,09:47:07,$ 3251.46,100
1506,09:47:07,$ 3252.15,100
1507,09:47:07,$ 3252.15,100
1508,09:47:06,$ 3251.4601,"1,000"
1509,09:47:01,$ 3250.43,100
1510,09:47:01,$ 3250.27,100
1511,09:47:01,$ 3250.27,100
1513,09:47:22,$ 3253.07,100
1514,09:47:22,$ 3252.83,100
1515,09:47:21,$ 3252.4913,132
1516,09:47:21,$ 3253.112,100
1517,09:47:21,$ 3252.612,100
1518,09:47:21,$ 3252.62,100
1519,09:47:21,$ 3252.98,100
1520,09:47:21,$ 3252.48,100
1521,09:47:20,$ 3252.5424,"1,000"
1522,09:47:14,$ 3251.0975,100
1523,09:47:12,$ 3250.90,100
1524,09:47:07,$ 3251.4601,100
1525,09:47:07,$ 3251.4601,100
1526,09:47:07,$ 3251.46,100
1527,09:47:07,$ 3252.15,100
1528,09:47:07,$ 3252.15,100
1529,09:47:06,$ 3251.4601,"1,000"
1530,09:47:01,$ 3250.43,100
1531,09:47:01,$ 3250.27,100
1532,09:47:01,$ 3250.27,100
1534,09:46:57,$ 3250.11,100
1535,09:46:55,$ 3250.00,100
1536,09:46:55,$ 3249.145,100
1537,09:46:55,$ 3249.42,100
1538,09:46:55,$ 3249.415,100
1539,09:46:55,$ 3248.55,100
1540,09:46:55,$ 3249.145,100
1541,09:46:55,$ 3250.00,100
1542,09:46:55,$ 3250.50,200
1543,09:46:55,$ 3250.00,200
1544,09:46:55,$ 3250.56,100
1545,09:46:55,$ 3250.51,100
1546,09:46:55,$ 3250.52,100
1547,09:46:55,$ 3250.02,100
1548,09:46:55,$ 3250.01,100
1549,09:46:54,$ 3251.0191,497
1550,09:46:54,$ 3250.81,100
1551,09:46:54,$ 3250.31,100
1552,09:46:54,$ 3251.69,700
1553,09:46:54,$ 3251.591,100
1555,09:46:57,$ 3250.11,100
1556,09:46:55,$ 3250.00,100
1557,09:46:55,$ 3249.145,100
1558,09:46:55,$ 3249.42,100
1559,09:46:55,$ 3249.415,100
1560,09:46:55,$ 3248.55,100
1561,09:46:55,$ 3249.145,100
1562,09:46:55,$ 3250.00,100
1563,09:46:55,$ 3250.50,200
1564,09:46:55,$ 3250.00,200
1565,09:46:55,$ 3250.56,100
1566,09:46:55,$ 3250.51,100
1567,09:46:55,$ 3250.52,100
1568,09:46:55,$ 3250.02,100
1569,09:46:55,$ 3250.01,100
1570,09:46:54,$ 3251.0191,497
1571,09:46:54,$ 3250.81,100
1572,09:46:54,$ 3250.31,100
1573,09:46:54,$ 3251.69,700
1574,09:46:54,$ 3251.591,100
1576,09:46:53,$ 3251.93,100
1577,09:46:53,$ 3251.62,100
1578,09:46:53,$ 3251.90,100
1579,09:46:52,$ 3253.12,100
1580,09:46:44,$ 3253.125,123
1581,09:46:39,$ 3252.80,100
1582,09:46:39,$ 3253.28,100
1583,09:46:39,$ 3253.485,100
1584,09:46:39,$ 3253.10,100
1585,09:46:39,$ 3252.33,100
1586,09:46:36,$ 3253.265,100
1587,09:46:27,$ 3252.3011,100
1588,09:46:25,$ 3254.18,"1,000"
1589,09:46:25,$ 3254.70,100
1590,09:46:25,$ 3254.1025,307
1591,09:46:25,$ 3254.21,100
1592,09:46:25,$ 3254.36,100
1593,09:46:25,$ 3253.80,200
1594,09:46:25,$ 3254.86,100
1595,09:46:25,$ 3254.30,200
1597,09:46:53,$ 3251.93,100
1598,09:46:53,$ 3251.62,100
1599,09:46:53,$ 3251.90,100
1600,09:46:52,$ 3253.12,100
1601,09:46:44,$ 3253.125,123
1602,09:46:39,$ 3252.80,100
1603,09:46:39,$ 3253.28,100
1604,09:46:39,$ 3253.485,100
1605,09:46:39,$ 3253.10,100
1606,09:46:39,$ 3252.33,100
1607,09:46:36,$ 3253.265,100
1608,09:46:27,$ 3252.3011,100
1609,09:46:25,$ 3254.18,"1,000"
1610,09:46:25,$ 3254.70,100
1611,09:46:25,$ 3254.1025,307
1612,09:46:25,$ 3254.21,100
1613,09:46:25,$ 3254.36,100
1614,09:46:25,$ 3253.80,200
1615,09:46:25,$ 3254.86,100
1616,09:46:25,$ 3254.30,200
1618,09:46:24,$ 3253.74,200
1619,09:46:24,$ 3254.66,100
1620,09:46:24,$ 3254.16,292
1621,09:46:24,$ 3254.16,204
1622,09:46:24,$ 3253.79,100
1623,09:46:24,$ 3254.29,100
1624,09:46:24,$ 3253.296,200
1625,09:46:24,$ 3253.71,200
1626,09:46:23,$ 3253.295,"1,000"
1627,09:46:20,$ 3254.2923,100
1628,09:46:08,$ 3253.52,100
1629,09:46:02,$ 3254.15,100
1630,09:46:00,$ 3255.00,104
1631,09:46:00,$ 3255.00,217
1632,09:46:00,$ 3255.00,260
1633,09:46:00,$ 3255.00,412
1634,09:46:00,$ 3255.565,100
1635,09:45:58,$ 3255.55,100
1636,09:45:55,$ 3254.66,300
1637,09:45:54,$ 3255.82,100
1639,09:46:24,$ 3253.74,200
1640,09:46:24,$ 3254.66,100
1641,09:46:24,$ 3254.16,292
1642,09:46:24,$ 3254.16,204
1643,09:46:24,$ 3253.79,100
1644,09:46:24,$ 3254.29,100
1645,09:46:24,$ 3253.296,200
1646,09:46:24,$ 3253.71,200
1647,09:46:23,$ 3253.295,"1,000"
1648,09:46:20,$ 3254.2923,100
1649,09:46:08,$ 3253.52,100
1650,09:46:02,$ 3254.15,100
1651,09:46:00,$ 3255.00,104
1652,09:46:00,$ 3255.00,217
1653,09:46:00,$ 3255.00,260
1654,09:46:00,$ 3255.00,412
1655,09:46:00,$ 3255.565,100
1656,09:45:58,$ 3255.55,100
1657,09:45:55,$ 3254.66,300
1658,09:45:54,$ 3255.82,100
1660,09:45:53,$ 3255.74,100
1661,09:45:52,$ 3255.02,100
1662,09:45:44,$ 3257.0207,150
1663,09:45:37,$ 3254.5922,"1,000"
1664,09:45:35,$ 3256.92,697
1665,09:45:35,$ 3256.92,100
1666,09:45:34,$ 3257.50,100
1667,09:45:31,$ 3255.12,100
1668,09:45:29,$ 3254.67,"3,000"
1669,09:45:25,$ 3254.87,100
1670,09:45:25,$ 3255.4207,100
1671,09:45:24,$ 3255.72,100
1672,09:45:24,$ 3255.72,100
1673,09:45:23,$ 3255.72,200
1674,09:45:21,$ 3254.98,100
1675,09:45:18,$ 3255.71,100
1676,09:45:16,$ 3255.72,100
1677,09:45:15,$ 3254.85,100
1678,09:45:15,$ 3254.68,151
1679,09:45:13,$ 3253.16,281
1681,09:45:53,$ 3255.74,100
1682,09:45:52,$ 3255.02,100
1683,09:45:44,$ 3257.0207,150
1684,09:45:37,$ 3254.5922,"1,000"
1685,09:45:35,$ 3256.92,697
1686,09:45:35,$ 3256.92,100
1687,09:45:34,$ 3257.50,100
1688,09:45:31,$ 3255.12,100
1689,09:45:29,$ 3254.67,"3,000"
1690,09:45:25,$ 3254.87,100
1691,09:45:25,$ 3255.4207,100
1692,09:45:24,$ 3255.72,100
1693,09:45:24,$ 3255.72,100
1694,09:45:23,$ 3255.72,200
1695,09:45:21,$ 3254.98,100
1696,09:45:18,$ 3255.71,100
1697,09:45:16,$ 3255.72,100
1698,09:45:15,$ 3254.85,100
1699,09:45:15,$ 3254.68,151
1700,09:45:13,$ 3253.16,281
1702,09:45:13,$ 3252.615,100
1703,09:45:13,$ 3254.02,100
1704,09:45:13,$ 3253.60,100
1705,09:45:13,$ 3254.00,101
1706,09:45:10,$ 3252.84,100
1707,09:45:00,$ 3253.6234,"1,000"
1708,09:45:00,$ 3252.15,100
1709,09:44:50,$ 3253.36,100
1710,09:44:50,$ 3253.03,100
1711,09:44:50,$ 3253.05,100
1712,09:44:49,$ 3253.00,157
1713,09:44:48,$ 3253.00,300
1714,09:44:48,$ 3251.985,400
1715,09:44:48,$ 3250.665,100
1716,09:44:47,$ 3250.61,100
1717,09:44:47,$ 3250.93,100
1718,09:44:47,$ 3250.49,100
1719,09:44:47,$ 3250.50,100
1720,09:44:47,$ 3250.66,100
1721,09:44:47,$ 3249.46,100
1723,09:45:13,$ 3252.615,100
1724,09:45:13,$ 3254.02,100
1725,09:45:13,$ 3253.60,100
1726,09:45:13,$ 3254.00,101
1727,09:45:10,$ 3252.84,100
1728,09:45:00,$ 3253.6234,"1,000"
1729,09:45:00,$ 3252.15,100
1730,09:44:50,$ 3253.36,100
1731,09:44:50,$ 3253.03,100
1732,09:44:50,$ 3253.05,100
1733,09:44:49,$ 3253.00,157
1734,09:44:48,$ 3253.00,300
1735,09:44:48,$ 3251.985,400
1736,09:44:48,$ 3250.665,100
1737,09:44:47,$ 3250.61,100
1738,09:44:47,$ 3250.93,100
1739,09:44:47,$ 3250.49,100
1740,09:44:47,$ 3250.50,100
1741,09:44:47,$ 3250.66,100
1742,09:44:47,$ 3249.46,100
1744,09:44:47,$ 3249.455,100
1745,09:44:47,$ 3250.00,100
1746,09:44:47,$ 3249.75,100
1747,09:44:47,$ 3249.75,100
1748,09:44:46,$ 3250.9299,"1,000"
1749,09:44:44,$ 3249.0412,100
1750,09:44:34,$ 3247.39,100
1751,09:44:31,$ 3246.7215,100
1752,09:44:31,$ 3247.2148,100
1753,09:44:30,$ 3247.40,"1,000"
1754,09:44:29,$ 3247.09,100
1755,09:44:28,$ 3246.53,100
1756,09:44:28,$ 3246.03,100
1757,09:44:28,$ 3247.00,104
1758,09:44:27,$ 3248.459,100
1759,09:44:27,$ 3248.459,100
1760,09:44:27,$ 3248.01,100
1761,09:44:26,$ 3250.02,311
1762,09:44:26,$ 3248.01,171
1763,09:44:26,$ 3248.51,171
1765,09:44:47,$ 3249.455,100
1766,09:44:47,$ 3250.00,100
1767,09:44:47,$ 3249.75,100
1768,09:44:47,$ 3249.75,100
1769,09:44:46,$ 3250.9299,"1,000"
1770,09:44:44,$ 3249.0412,100
1771,09:44:34,$ 3247.39,100
1772,09:44:31,$ 3246.7215,100
1773,09:44:31,$ 3247.2148,100
1774,09:44:30,$ 3247.40,"1,000"
1775,09:44:29,$ 3247.09,100
1776,09:44:28,$ 3246.53,100
1777,09:44:28,$ 3246.03,100
1778,09:44:28,$ 3247.00,104
1779,09:44:27,$ 3248.459,100
1780,09:44:27,$ 3248.459,100
1781,09:44:27,$ 3248.01,100
1782,09:44:26,$ 3250.02,311
1783,09:44:26,$ 3248.01,171
1784,09:44:26,$ 3248.51,171
1786,09:44:26,$ 3248.63,100
1787,09:44:26,$ 3248.13,100
1788,09:44:26,$ 3248.90,100
1789,09:44:26,$ 3248.40,100
1790,09:44:26,$ 3248.60,100
1791,09:44:26,$ 3249.10,100
1792,09:44:26,$ 3248.535,757
1793,09:44:25,$ 3249.67,100
1794,09:44:25,$ 3249.0997,"1,000"
1795,09:44:23,$ 3249.02,100
1796,09:44:22,$ 3250.39,100
1797,09:44:16,$ 3251.7858,150
1798,09:44:13,$ 3250.83,100
1799,09:44:13,$ 3252.31,200
1800,09:44:12,$ 3250.94,100
1801,09:44:12,$ 3250.67,100
1802,09:44:12,$ 3248.93,307
1803,09:44:12,$ 3250.32,100
1804,09:44:12,$ 3250.32,100
1805,09:44:12,$ 3250.71,100
1807,09:44:26,$ 3248.63,100
1808,09:44:26,$ 3248.13,100
1809,09:44:26,$ 3248.90,100
1810,09:44:26,$ 3248.40,100
1811,09:44:26,$ 3248.60,100
1812,09:44:26,$ 3249.10,100
1813,09:44:26,$ 3248.535,757
1814,09:44:25,$ 3249.67,100
1815,09:44:25,$ 3249.0997,"1,000"
1816,09:44:23,$ 3249.02,100
1817,09:44:22,$ 3250.39,100
1818,09:44:16,$ 3251.7858,150
1819,09:44:13,$ 3250.83,100
1820,09:44:13,$ 3252.31,200
1821,09:44:12,$ 3250.94,100
1822,09:44:12,$ 3250.67,100
1823,09:44:12,$ 3248.93,307
1824,09:44:12,$ 3250.32,100
1825,09:44:12,$ 3250.32,100
1826,09:44:12,$ 3250.71,100
1828,09:44:12,$ 3250.21,100
1829,09:44:12,$ 3250.82,100
1830,09:44:12,$ 3250.82,100
1831,09:44:11,$ 3250.93,700
1832,09:44:11,$ 3250.64,100
1833,09:44:06,$ 3251.7559,350
1834,09:44:05,$ 3251.11,100
1835,09:43:56,$ 3252.1155,100
1836,09:43:44,$ 3252.865,100
1837,09:43:44,$ 3252.88,100
1838,09:43:41,$ 3252.97,100
1839,09:43:36,$ 3252.00,100
1840,09:43:24,$ 3251.69,100
1841,09:43:22,$ 3251.5138,100
1842,09:43:20,$ 3251.09,100
1843,09:43:16,$ 3252.00,100
1844,09:43:13,$ 3250.655,100
1845,09:43:04,$ 3252.59,100
1846,09:43:04,$ 3252.97,100
1847,09:43:03,$ 3251.51,100
1849,09:44:12,$ 3250.21,100
1850,09:44:12,$ 3250.82,100
1851,09:44:12,$ 3250.82,100
1852,09:44:11,$ 3250.93,700
1853,09:44:11,$ 3250.64,100
1854,09:44:06,$ 3251.7559,350
1855,09:44:05,$ 3251.11,100
1856,09:43:56,$ 3252.1155,100
1857,09:43:44,$ 3252.865,100
1858,09:43:44,$ 3252.88,100
1859,09:43:41,$ 3252.97,100
1860,09:43:36,$ 3252.00,100
1861,09:43:24,$ 3251.69,100
1862,09:43:22,$ 3251.5138,100
1863,09:43:20,$ 3251.09,100
1864,09:43:16,$ 3252.00,100
1865,09:43:13,$ 3250.655,100
1866,09:43:04,$ 3252.59,100
1867,09:43:04,$ 3252.97,100
1868,09:43:03,$ 3251.51,100
1870,09:43:03,$ 3251.05,100
1871,09:43:03,$ 3250.00,100
1872,09:43:03,$ 3250.00,100
1873,09:43:03,$ 3249.89,700
1874,09:43:03,$ 3250.00,100
1875,09:43:03,$ 3250.00,100
1876,09:43:03,$ 3249.85,100
1877,09:43:02,$ 3249.82,100
1878,09:43:01,$ 3248.74,100
1879,09:43:01,$ 3248.75,100
1880,09:43:01,$ 3249.21,100
1881,09:43:01,$ 3249.22,100
1882,09:42:50,$ 3248.44,100
1883,09:42:46,$ 3247.96,100
1884,09:42:40,$ 3247.72,100
1885,09:42:40,$ 3247.85,100
1886,09:42:38,$ 3249.10,100
1887,09:42:35,$ 3247.78,100
1888,09:42:35,$ 3247.49,100
1889,09:42:35,$ 3247.53,100
1891,09:43:03,$ 3251.05,100
1892,09:43:03,$ 3250.00,100
1893,09:43:03,$ 3250.00,100
1894,09:43:03,$ 3249.89,700
1895,09:43:03,$ 3250.00,100
1896,09:43:03,$ 3250.00,100
1897,09:43:03,$ 3249.85,100
1898,09:43:02,$ 3249.82,100
1899,09:43:01,$ 3248.74,100
1900,09:43:01,$ 3248.75,100
1901,09:43:01,$ 3249.21,100
1902,09:43:01,$ 3249.22,100
1903,09:42:50,$ 3248.44,100
1904,09:42:46,$ 3247.96,100
1905,09:42:40,$ 3247.72,100
1906,09:42:40,$ 3247.85,100
1907,09:42:38,$ 3249.10,100
1908,09:42:35,$ 3247.78,100
1909,09:42:35,$ 3247.49,100
1910,09:42:35,$ 3247.53,100
1912,09:42:33,$ 3248.02,100
1913,09:42:32,$ 3248.00,200
1914,09:42:29,$ 3249.66,100
1915,09:42:27,$ 3248.54,100
1916,09:42:27,$ 3248.45,100
1917,09:42:27,$ 3248.45,100
1918,09:42:27,$ 3248.61,100
1919,09:42:27,$ 3248.48,100
1920,09:42:27,$ 3248.995,100
1921,09:42:27,$ 3249.70,100
1922,09:42:24,$ 3249.695,100
1923,09:42:19,$ 3249.99,100
1924,09:42:18,$ 3249.995,100
1925,09:42:18,$ 3250.10,100
1926,09:42:17,$ 3249.95,100
1927,09:42:17,$ 3250.00,100
1928,09:42:14,$ 3250.04,100
1929,09:42:12,$ 3250.96,100
1930,09:42:09,$ 3250.00,100
1931,09:42:09,$ 3249.375,100
1933,09:42:33,$ 3248.02,100
1934,09:42:32,$ 3248.00,200
1935,09:42:29,$ 3249.66,100
1936,09:42:27,$ 3248.54,100
1937,09:42:27,$ 3248.45,100
1938,09:42:27,$ 3248.45,100
1939,09:42:27,$ 3248.61,100
1940,09:42:27,$ 3248.48,100
1941,09:42:27,$ 3248.995,100
1942,09:42:27,$ 3249.70,100
1943,09:42:24,$ 3249.695,100
1944,09:42:19,$ 3249.99,100
1945,09:42:18,$ 3249.995,100
1946,09:42:18,$ 3250.10,100
1947,09:42:17,$ 3249.95,100
1948,09:42:17,$ 3250.00,100
1949,09:42:14,$ 3250.04,100
1950,09:42:12,$ 3250.96,100
1951,09:42:09,$ 3250.00,100
1952,09:42:09,$ 3249.375,100
1954,09:42:09,$ 3250.00,100
1955,09:42:09,$ 3249.90,100
1956,09:42:08,$ 3249.99,100
1957,09:42:08,$ 3249.88,100
1958,09:42:08,$ 3249.91,100
1959,09:42:08,$ 3250.00,100
1960,09:42:08,$ 3250.00,100
1961,09:42:08,$ 3250.00,100
1962,09:42:08,$ 3250.00,200
1963,09:42:08,$ 3250.00,100
1964,09:42:08,$ 3250.00,312
1965,09:42:08,$ 3250.08,100
1966,09:42:06,$ 3251.24,100
1967,09:41:59,$ 3251.70,334
1968,09:41:58,$ 3250.6204,100
1969,09:41:50,$ 3252.90,300
1970,09:41:49,$ 3255.0996,300
1971,09:41:43,$ 3253.7021,150
1972,09:41:32,$ 3253.10,100
1973,09:41:32,$ 3253.68,100
1975,09:42:09,$ 3250.00,100
1976,09:42:09,$ 3249.90,100
1977,09:42:08,$ 3249.99,100
1978,09:42:08,$ 3249.88,100
1979,09:42:08,$ 3249.91,100
1980,09:42:08,$ 3250.00,100
1981,09:42:08,$ 3250.00,100
1982,09:42:08,$ 3250.00,100
1983,09:42:08,$ 3250.00,200
1984,09:42:08,$ 3250.00,100
1985,09:42:08,$ 3250.00,312
1986,09:42:08,$ 3250.08,100
1987,09:42:06,$ 3251.24,100
1988,09:41:59,$ 3251.70,334
1989,09:41:58,$ 3250.6204,100
1990,09:41:50,$ 3252.90,300
1991,09:41:49,$ 3255.0996,300
1992,09:41:43,$ 3253.7021,150
1993,09:41:32,$ 3253.10,100
1994,09:41:32,$ 3253.68,100
1996,09:41:32,$ 3253.67,100
1997,09:41:32,$ 3253.68,100
1998,09:41:27,$ 3253.37,100
1999,09:41:27,$ 3252.48,200
2000,09:41:21,$ 3252.92,400
2001,09:41:20,$ 3252.00,100
2002,09:41:19,$ 3252.00,200
2003,09:41:19,$ 3252.53,100
2004,09:41:18,$ 3252.17,100
2005,09:41:18,$ 3252.17,300
2006,09:41:13,$ 3254.30,100
2007,09:41:09,$ 3253.685,100
2008,09:41:06,$ 3253.08,700
2009,09:41:06,$ 3253.96,100
2010,09:41:02,$ 3253.62,250
2011,09:41:01,$ 3253.28,100
2012,09:41:01,$ 3253.22,100
2013,09:40:57,$ 3255.0119,100
2014,09:40:57,$ 3255.01,100
2015,09:40:56,$ 3256.03,100
2017,09:41:32,$ 3253.67,100
2018,09:41:32,$ 3253.68,100
2019,09:41:27,$ 3253.37,100
2020,09:41:27,$ 3252.48,200
2021,09:41:21,$ 3252.92,400
2022,09:41:20,$ 3252.00,100
2023,09:41:19,$ 3252.00,200
2024,09:41:19,$ 3252.53,100
2025,09:41:18,$ 3252.17,100
2026,09:41:18,$ 3252.17,300
2027,09:41:13,$ 3254.30,100
2028,09:41:09,$ 3253.685,100
2029,09:41:06,$ 3253.08,700
2030,09:41:06,$ 3253.96,100
2031,09:41:02,$ 3253.62,250
2032,09:41:01,$ 3253.28,100
2033,09:41:01,$ 3253.22,100
2034,09:40:57,$ 3255.0119,100
2035,09:40:57,$ 3255.01,100
2036,09:40:56,$ 3256.03,100
2038,09:40:54,$ 3255.69,100
2039,09:40:49,$ 3257.85,100
2040,09:40:49,$ 3257.74,100
2041,09:40:48,$ 3258.85,100
2042,09:40:44,$ 3259.74,100
2043,09:40:44,$ 3259.00,100
2044,09:40:44,$ 3258.46,100
2045,09:40:42,$ 3257.00,100
2046,09:40:40,$ 3257.45,100
2047,09:40:40,$ 3257.45,100
2048,09:40:40,$ 3257.45,100
2049,09:40:34,$ 3257.00,100
2050,09:40:33,$ 3257.65,100
2051,09:40:20,$ 3257.02,100
2052,09:40:20,$ 3258.77,100
2053,09:40:19,$ 3258.69,100
2054,09:40:19,$ 3259.73,100
2055,09:40:19,$ 3259.00,100
2056,09:40:18,$ 3258.00,100
2057,09:40:17,$ 3256.41,100
2059,09:40:54,$ 3255.69,100
2060,09:40:49,$ 3257.85,100
2061,09:40:49,$ 3257.74,100
2062,09:40:48,$ 3258.85,100
2063,09:40:44,$ 3259.74,100
2064,09:40:44,$ 3259.00,100
2065,09:40:44,$ 3258.46,100
2066,09:40:42,$ 3257.00,100
2067,09:40:40,$ 3257.45,100
2068,09:40:40,$ 3257.45,100
2069,09:40:40,$ 3257.45,100
2070,09:40:34,$ 3257.00,100
2071,09:40:33,$ 3257.65,100
2072,09:40:20,$ 3257.02,100
2073,09:40:20,$ 3258.77,100
2074,09:40:19,$ 3258.69,100
2075,09:40:19,$ 3259.73,100
2076,09:40:19,$ 3259.00,100
2077,09:40:18,$ 3258.00,100
2078,09:40:17,$ 3256.41,100
2080,09:40:17,$ 3256.41,100
2081,09:40:09,$ 3256.21,100
2082,09:40:04,$ 3255.49,100
2083,09:40:04,$ 3255.48,100
2084,09:40:02,$ 3254.93,106
2085,09:40:02,$ 3254.71,100
2086,09:40:02,$ 3254.50,100
2087,09:39:59,$ 3257.555,100
2088,09:39:59,$ 3256.99,200
2089,09:39:59,$ 3256.99,100
2090,09:39:54,$ 3257.1338,100
2091,09:39:54,$ 3258.02,100
2092,09:39:54,$ 3258.02,152
2093,09:39:51,$ 3256.133,"1,000"
2094,09:39:41,$ 3255.05,100
2095,09:39:30,$ 3257.16,100
2096,09:39:17,$ 3258.88,306
2097,09:39:17,$ 3258.50,100
2098,09:39:17,$ 3258.46,100
2099,09:39:17,$ 3258.09,100
2101,09:40:17,$ 3256.41,100
2102,09:40:09,$ 3256.21,100
2103,09:40:04,$ 3255.49,100
2104,09:40:04,$ 3255.48,100
2105,09:40:02,$ 3254.93,106
2106,09:40:02,$ 3254.71,100
2107,09:40:02,$ 3254.50,100
2108,09:39:59,$ 3257.555,100
2109,09:39:59,$ 3256.99,200
2110,09:39:59,$ 3256.99,100
2111,09:39:54,$ 3257.1338,100
2112,09:39:54,$ 3258.02,100
2113,09:39:54,$ 3258.02,152
2114,09:39:51,$ 3256.133,"1,000"
2115,09:39:41,$ 3255.05,100
2116,09:39:30,$ 3257.16,100
2117,09:39:17,$ 3258.88,306
2118,09:39:17,$ 3258.50,100
2119,09:39:17,$ 3258.46,100
2120,09:39:17,$ 3258.09,100
2122,09:39:17,$ 3258.28,100
2123,09:39:17,$ 3258.78,100
2124,09:39:17,$ 3259.00,100
2125,09:39:17,$ 3258.96,100
2126,09:39:15,$ 3260.00,200
2127,09:39:14,$ 3258.23,"1,000"
2128,09:39:13,$ 3259.5348,120
2129,09:39:13,$ 3259.5348,462
2130,09:39:13,$ 3258.46,100
2131,09:39:13,$ 3258.38,100
2132,09:39:13,$ 3258.88,100
2133,09:39:13,$ 3258.96,100
2134,09:39:12,$ 3260.4129,"1,000"
2135,09:39:12,$ 3258.01,295
2136,09:39:12,$ 3260.412,"1,000"
2137,09:39:11,$ 3260.6099,"1,000"
2138,09:39:10,$ 3257.21,100
2139,09:39:10,$ 3257.04,100
2140,09:39:10,$ 3257.04,100
2141,09:39:10,$ 3256.015,100
2143,09:39:17,$ 3258.28,100
2144,09:39:17,$ 3258.78,100
2145,09:39:17,$ 3259.00,100
2146,09:39:17,$ 3258.96,100
2147,09:39:15,$ 3260.00,200
2148,09:39:14,$ 3258.23,"1,000"
2149,09:39:13,$ 3259.5348,120
2150,09:39:13,$ 3259.5348,462
2151,09:39:13,$ 3258.46,100
2152,09:39:13,$ 3258.38,100
2153,09:39:13,$ 3258.88,100
2154,09:39:13,$ 3258.96,100
2155,09:39:12,$ 3260.4129,"1,000"
2156,09:39:12,$ 3258.01,295
2157,09:39:12,$ 3260.412,"1,000"
2158,09:39:11,$ 3260.6099,"1,000"
2159,09:39:10,$ 3257.21,100
2160,09:39:10,$ 3257.04,100
2161,09:39:10,$ 3257.04,100
2162,09:39:10,$ 3256.015,100
2164,09:39:04,$ 3252.53,100
2165,09:39:04,$ 3252.535,100
2166,09:39:04,$ 3252.58,100
2167,09:39:04,$ 3254.95,474
2168,09:39:04,$ 3253.03,100
2169,09:39:04,$ 3253.01,100
2170,09:39:04,$ 3252.51,100
2171,09:39:03,$ 3255.68,175
2172,09:39:03,$ 3254.87,100
2173,09:39:03,$ 3254.37,100
2174,09:39:03,$ 3255.69,100
2175,09:39:03,$ 3255.73,100
2176,09:39:03,$ 3255.23,100
2177,09:39:03,$ 3255.18,100
2178,09:39:01,$ 3256.8449,890
2179,09:39:01,$ 3256.88,100
2180,09:39:01,$ 3256.93,100
2181,09:39:01,$ 3257.8867,"1,000"
2182,09:38:53,$ 3260.035,100
2183,09:38:49,$ 3259.4875,249
2185,09:39:04,$ 3252.53,100
2186,09:39:04,$ 3252.535,100
2187,09:39:04,$ 3252.58,100
2188,09:39:04,$ 3254.95,474
2189,09:39:04,$ 3253.03,100
2190,09:39:04,$ 3253.01,100
2191,09:39:04,$ 3252.51,100
2192,09:39:03,$ 3255.68,175
2193,09:39:03,$ 3254.87,100
2194,09:39:03,$ 3254.37,100
2195,09:39:03,$ 3255.69,100
2196,09:39:03,$ 3255.73,100
2197,09:39:03,$ 3255.23,100
2198,09:39:03,$ 3255.18,100
2199,09:39:01,$ 3256.8449,890
2200,09:39:01,$ 3256.88,100
2201,09:39:01,$ 3256.93,100
2202,09:39:01,$ 3257.8867,"1,000"
2203,09:38:53,$ 3260.035,100
2204,09:38:49,$ 3259.4875,249
2206,09:38:45,$ 3257.8758,166
2207,09:38:45,$ 3257.649,825
2208,09:38:45,$ 3258.20,100
2209,09:38:32,$ 3259.57,100
2210,09:38:28,$ 3260.26,100
2211,09:38:28,$ 3260.26,100
2212,09:38:28,$ 3260.26,100
2213,09:38:28,$ 3260.26,100
2214,09:38:28,$ 3260.26,100
2215,09:38:28,$ 3260.00,100
2216,09:38:28,$ 3260.26,100
2217,09:38:28,$ 3260.00,100
2218,09:38:28,$ 3260.26,100
2219,09:38:27,$ 3258.71,100
2220,09:38:27,$ 3259.57,100
2221,09:38:27,$ 3259.13,100
2222,09:38:27,$ 3260.1455,636
2223,09:38:27,$ 3259.501,100
2224,09:38:27,$ 3259.501,100
2225,09:38:27,$ 3259.501,100
2227,09:38:45,$ 3257.8758,166
2228,09:38:45,$ 3257.649,825
2229,09:38:45,$ 3258.20,100
2230,09:38:32,$ 3259.57,100
2231,09:38:28,$ 3260.26,100
2232,09:38:28,$ 3260.26,100
2233,09:38:28,$ 3260.26,100
2234,09:38:28,$ 3260.26,100
2235,09:38:28,$ 3260.26,100
2236,09:38:28,$ 3260.00,100
2237,09:38:28,$ 3260.26,100
2238,09:38:28,$ 3260.00,100
2239,09:38:28,$ 3260.26,100
2240,09:38:27,$ 3258.71,100
2241,09:38:27,$ 3259.57,100
2242,09:38:27,$ 3259.13,100
2243,09:38:27,$ 3260.1455,636
2244,09:38:27,$ 3259.501,100
2245,09:38:27,$ 3259.501,100
2246,09:38:27,$ 3259.501,100
2248,09:38:27,$ 3259.85,100
2249,09:38:27,$ 3259.62,100
2250,09:38:26,$ 3260.7181,"1,000"
2251,09:38:25,$ 3259.295,"1,000"
2252,09:38:24,$ 3257.74,100
2253,09:38:24,$ 3257.74,100
2254,09:38:22,$ 3257.01,100
2255,09:38:17,$ 3258.53,100
2256,09:38:17,$ 3258.53,100
2257,09:38:17,$ 3258.14,100
2258,09:38:13,$ 3259.01,100
2259,09:38:13,$ 3257.22,100
2260,09:38:08,$ 3256.84,100
2261,09:38:06,$ 3257.22,100
2262,09:38:06,$ 3257.22,100
2263,09:38:01,$ 3256.1001,100
2264,09:37:57,$ 3258.50,"1,000"
2265,09:37:55,$ 3259.58,100
2266,09:37:54,$ 3261.33,100
2267,09:37:53,$ 3260.2686,120
2269,09:38:27,$ 3259.85,100
2270,09:38:27,$ 3259.62,100
2271,09:38:26,$ 3260.7181,"1,000"
2272,09:38:25,$ 3259.295,"1,000"
2273,09:38:24,$ 3257.74,100
2274,09:38:24,$ 3257.74,100
2275,09:38:22,$ 3257.01,100
2276,09:38:17,$ 3258.53,100
2277,09:38:17,$ 3258.53,100
2278,09:38:17,$ 3258.14,100
2279,09:38:13,$ 3259.01,100
2280,09:38:13,$ 3257.22,100
2281,09:38:08,$ 3256.84,100
2282,09:38:06,$ 3257.22,100
2283,09:38:06,$ 3257.22,100
2284,09:38:01,$ 3256.1001,100
2285,09:37:57,$ 3258.50,"1,000"
2286,09:37:55,$ 3259.58,100
2287,09:37:54,$ 3261.33,100
2288,09:37:53,$ 3260.2686,120
2290,09:37:53,$ 3260.2686,547
2291,09:37:53,$ 3260.514,100
2292,09:37:53,$ 3260.514,100
2293,09:37:53,$ 3260.37,100
2294,09:37:53,$ 3260.35,100
2295,09:37:52,$ 3260.218,"1,000"
2296,09:37:51,$ 3260.91,100
2297,09:37:47,$ 3260.51,100
2298,09:37:42,$ 3261.25,100
2299,09:37:42,$ 3261.488,100
2300,09:37:37,$ 3261.29,100
2301,09:37:34,$ 3261.87,100
2302,09:37:27,$ 3259.92,100
2303,09:37:26,$ 3259.265,199
2304,09:37:25,$ 3258.60,100
2305,09:37:25,$ 3259.14,100
2306,09:37:25,$ 3260.50,120
2307,09:37:25,$ 3260.1882,301
2308,09:37:24,$ 3259.7367,304
2309,09:37:24,$ 3259.7367,120
2311,09:37:53,$ 3260.2686,547
2312,09:37:53,$ 3260.514,100
2313,09:37:53,$ 3260.514,100
2314,09:37:53,$ 3260.37,100
2315,09:37:53,$ 3260.35,100
2316,09:37:52,$ 3260.218,"1,000"
2317,09:37:51,$ 3260.91,100
2318,09:37:47,$ 3260.51,100
2319,09:37:42,$ 3261.25,100
2320,09:37:42,$ 3261.488,100
2321,09:37:37,$ 3261.29,100
2322,09:37:34,$ 3261.87,100
2323,09:37:27,$ 3259.92,100
2324,09:37:26,$ 3259.265,199
2325,09:37:25,$ 3258.60,100
2326,09:37:25,$ 3259.14,100
2327,09:37:25,$ 3260.50,120
2328,09:37:25,$ 3260.1882,301
2329,09:37:24,$ 3259.7367,304
2330,09:37:24,$ 3259.7367,120
2332,09:37:24,$ 3259.76,100
2333,09:37:24,$ 3259.62,100
2334,09:37:24,$ 3259.42,100
2335,09:37:24,$ 3259.53,100
2336,09:37:24,$ 3259.33,100
2337,09:37:24,$ 3259.83,100
2338,09:37:24,$ 3260.03,100
2339,09:37:24,$ 3260.12,100
2340,09:37:24,$ 3260.26,100
2341,09:37:24,$ 3259.92,100
2342,09:37:23,$ 3258.91,100
2343,09:37:23,$ 3256.74,119
2344,09:37:23,$ 3256.74,299
2345,09:37:23,$ 3256.74,106
2346,09:37:23,$ 3259.05,100
2347,09:37:23,$ 3258.311,100
2348,09:37:23,$ 3259.55,100
2349,09:37:23,$ 3258.58,100
2350,09:37:22,$ 3258.00,300
2351,09:37:22,$ 3258.00,300
2353,09:37:24,$ 3259.76,100
2354,09:37:24,$ 3259.62,100
2355,09:37:24,$ 3259.42,100
2356,09:37:24,$ 3259.53,100
2357,09:37:24,$ 3259.33,100
2358,09:37:24,$ 3259.83,100
2359,09:37:24,$ 3260.03,100
2360,09:37:24,$ 3260.12,100
2361,09:37:24,$ 3260.26,100
2362,09:37:24,$ 3259.92,100
2363,09:37:23,$ 3258.91,100
2364,09:37:23,$ 3256.74,119
2365,09:37:23,$ 3256.74,299
2366,09:37:23,$ 3256.74,106
2367,09:37:23,$ 3259.05,100
2368,09:37:23,$ 3258.311,100
2369,09:37:23,$ 3259.55,100
2370,09:37:23,$ 3258.58,100
2371,09:37:22,$ 3258.00,300
2372,09:37:22,$ 3258.00,300
2374,09:37:21,$ 3259.7369,"1,000"
2375,09:37:20,$ 3258.825,"1,000"
2376,09:37:12,$ 3258.59,100
2377,09:37:11,$ 3257.50,437
2378,09:37:11,$ 3257.50,306
2379,09:37:11,$ 3258.53,100
2380,09:37:10,$ 3258.6423,306
2381,09:37:10,$ 3258.6423,381
2382,09:37:10,$ 3259.19,100
2383,09:37:07,$ 3259.25,100
2384,09:37:07,$ 3262.0709,100
2385,09:37:07,$ 3259.49,100
2386,09:37:03,$ 3257.6428,"1,000"
2387,09:37:02,$ 3257.82,"1,000"
2388,09:37:01,$ 3258.72,100
2389,09:37:00,$ 3259.11,100
2390,09:36:59,$ 3260.62,100
2391,09:36:59,$ 3260.58,100
2392,09:36:54,$ 3262.34,100
2393,09:36:54,$ 3263.00,800
2395,09:37:21,$ 3259.7369,"1,000"
2396,09:37:20,$ 3258.825,"1,000"
2397,09:37:12,$ 3258.59,100
2398,09:37:11,$ 3257.50,437
2399,09:37:11,$ 3257.50,306
2400,09:37:11,$ 3258.53,100
2401,09:37:10,$ 3258.6423,306
2402,09:37:10,$ 3258.6423,381
2403,09:37:10,$ 3259.19,100
2404,09:37:07,$ 3259.25,100
2405,09:37:07,$ 3262.0709,100
2406,09:37:07,$ 3259.49,100
2407,09:37:03,$ 3257.6428,"1,000"
2408,09:37:02,$ 3257.82,"1,000"
2409,09:37:01,$ 3258.72,100
2410,09:37:00,$ 3259.11,100
2411,09:36:59,$ 3260.62,100
2412,09:36:59,$ 3260.58,100
2413,09:36:54,$ 3262.34,100
2414,09:36:54,$ 3263.00,800
2416,09:36:54,$ 3263.06,100
2417,09:36:54,$ 3263.24,100
2418,09:36:51,$ 3262.65,160
2419,09:36:51,$ 3260.96,160
2420,09:36:51,$ 3262.70,100
2421,09:36:51,$ 3262.65,100
2422,09:36:51,$ 3262.56,100
2423,09:36:51,$ 3262.65,100
2424,09:36:51,$ 3261.88,100
2425,09:36:48,$ 3261.965,100
2426,09:36:47,$ 3260.92,100
2427,09:36:47,$ 3261.89,100
2428,09:36:42,$ 3263.2199,500
2429,09:36:42,$ 3260.91,100
2430,09:36:42,$ 3260.91,100
2431,09:36:41,$ 3258.88,100
2432,09:36:41,$ 3261.045,"1,000"
2433,09:36:41,$ 3261.56,100
2434,09:36:41,$ 3261.14,306
2435,09:36:41,$ 3261.06,100
2437,09:36:54,$ 3263.06,100
2438,09:36:54,$ 3263.24,100
2439,09:36:51,$ 3262.65,160
2440,09:36:51,$ 3260.96,160
2441,09:36:51,$ 3262.70,100
2442,09:36:51,$ 3262.65,100
2443,09:36:51,$ 3262.56,100
2444,09:36:51,$ 3262.65,100
2445,09:36:51,$ 3261.88,100
2446,09:36:48,$ 3261.965,100
2447,09:36:47,$ 3260.92,100
2448,09:36:47,$ 3261.89,100
2449,09:36:42,$ 3263.2199,500
2450,09:36:42,$ 3260.91,100
2451,09:36:42,$ 3260.91,100
2452,09:36:41,$ 3258.88,100
2453,09:36:41,$ 3261.045,"1,000"
2454,09:36:41,$ 3261.56,100
2455,09:36:41,$ 3261.14,306
2456,09:36:41,$ 3261.06,100
2458,09:36:41,$ 3261.12,100
2459,09:36:41,$ 3261.62,100
2460,09:36:41,$ 3261.06,100
2461,09:36:40,$ 3262.5245,306
2462,09:36:40,$ 3262.5245,404
2463,09:36:40,$ 3259.59,100
2464,09:36:40,$ 3259.56,100
2465,09:36:40,$ 3260.06,100
2466,09:36:40,$ 3259.4562,"1,000"
2467,09:36:39,$ 3259.81,778
2468,09:36:39,$ 3259.41,100
2469,09:36:38,$ 3258.635,100
2470,09:36:38,$ 3258.70,100
2471,09:36:38,$ 3258.21,100
2472,09:36:38,$ 3258.05,100
2473,09:36:38,$ 3258.60,100
2474,09:36:32,$ 3257.44,100
2475,09:36:32,$ 3257.38,100
2476,09:36:29,$ 3257.325,100
2477,09:36:29,$ 3258.64,100
2479,09:36:41,$ 3261.12,100
2480,09:36:41,$ 3261.62,100
2481,09:36:41,$ 3261.06,100
2482,09:36:40,$ 3262.5245,306
2483,09:36:40,$ 3262.5245,404
2484,09:36:40,$ 3259.59,100
2485,09:36:40,$ 3259.56,100
2486,09:36:40,$ 3260.06,100
2487,09:36:40,$ 3259.4562,"1,000"
2488,09:36:39,$ 3259.81,778
2489,09:36:39,$ 3259.41,100
2490,09:36:38,$ 3258.635,100
2491,09:36:38,$ 3258.70,100
2492,09:36:38,$ 3258.21,100
2493,09:36:38,$ 3258.05,100
2494,09:36:38,$ 3258.60,100
2495,09:36:32,$ 3257.44,100
2496,09:36:32,$ 3257.38,100
2497,09:36:29,$ 3257.325,100
2498,09:36:29,$ 3258.64,100
2500,09:36:24,$ 3257.86,100
2501,09:36:18,$ 3257.445,100
2502,09:36:18,$ 3258.305,100
2503,09:36:16,$ 3255.7491,"1,000"
2504,09:36:16,$ 3256.335,100
2505,09:36:15,$ 3256.34,100
2506,09:36:15,$ 3256.34,100
2507,09:36:15,$ 3256.38,100
2508,09:36:15,$ 3256.38,100
2509,09:36:15,$ 3256.38,100
2510,09:36:15,$ 3256.615,200
2511,09:36:15,$ 3256.38,100
2512,09:36:15,$ 3255.21,192
2513,09:36:15,$ 3256.345,100
2514,09:36:15,$ 3256.13,100
2515,09:36:15,$ 3255.1001,"1,000"
2516,09:36:14,$ 3257.415,100
2517,09:36:13,$ 3257.19,100
2518,09:36:13,$ 3256.51,100
2519,09:36:13,$ 3256.61,100
2521,09:36:24,$ 3257.86,100
2522,09:36:18,$ 3257.445,100
2523,09:36:18,$ 3258.305,100
2524,09:36:16,$ 3255.7491,"1,000"
2525,09:36:16,$ 3256.335,100
2526,09:36:15,$ 3256.34,100
2527,09:36:15,$ 3256.34,100
2528,09:36:15,$ 3256.38,100
2529,09:36:15,$ 3256.38,100
2530,09:36:15,$ 3256.38,100
2531,09:36:15,$ 3256.615,200
2532,09:36:15,$ 3256.38,100
2533,09:36:15,$ 3255.21,192
2534,09:36:15,$ 3256.345,100
2535,09:36:15,$ 3256.13,100
2536,09:36:15,$ 3255.1001,"1,000"
2537,09:36:14,$ 3257.415,100
2538,09:36:13,$ 3257.19,100
2539,09:36:13,$ 3256.51,100
2540,09:36:13,$ 3256.61,100
2542,09:36:10,$ 3257.955,100
2543,09:36:10,$ 3257.955,500
2544,09:36:10,$ 3256.5001,400
2545,09:36:10,$ 3257.955,100
2546,09:36:10,$ 3257.955,100
2547,09:36:09,$ 3257.955,"1,000"
2548,09:36:09,$ 3256.01,100
2549,09:36:07,$ 3258.385,100
2550,09:36:07,$ 3257.35,100
2551,09:36:05,$ 3259.055,100
2552,09:36:03,$ 3258.99,800
2553,09:36:03,$ 3258.99,200
2554,09:36:03,$ 3259.69,100
2555,09:36:03,$ 3259.69,100
2556,09:36:03,$ 3259.67,100
2557,09:36:03,$ 3259.69,100
2558,09:36:03,$ 3258.99,100
2559,09:36:02,$ 3259.9973,"1,000"
2560,09:36:02,$ 3259.815,100
2561,09:36:02,$ 3260.00,100
2563,09:36:10,$ 3257.955,100
2564,09:36:10,$ 3257.955,500
2565,09:36:10,$ 3256.5001,400
2566,09:36:10,$ 3257.955,100
2567,09:36:10,$ 3257.955,100
2568,09:36:09,$ 3257.955,"1,000"
2569,09:36:09,$ 3256.01,100
2570,09:36:07,$ 3258.385,100
2571,09:36:07,$ 3257.35,100
2572,09:36:05,$ 3259.055,100
2573,09:36:03,$ 3258.99,800
2574,09:36:03,$ 3258.99,200
2575,09:36:03,$ 3259.69,100
2576,09:36:03,$ 3259.69,100
2577,09:36:03,$ 3259.67,100
2578,09:36:03,$ 3259.69,100
2579,09:36:03,$ 3258.99,100
2580,09:36:02,$ 3259.9973,"1,000"
2581,09:36:02,$ 3259.815,100
2582,09:36:02,$ 3260.00,100
2584,09:36:02,$ 3259.995,100
2585,09:36:01,$ 3259.875,100
2586,09:36:01,$ 3260.00,100
2587,09:36:01,$ 3259.965,100
2588,09:36:01,$ 3260.00,100
2589,09:36:01,$ 3261.01,100
2590,09:36:01,$ 3261.3099,"1,000"
2591,09:36:00,$ 3261.3933,"1,000"
2592,09:35:56,$ 3260.54,100
2593,09:35:56,$ 3259.66,100
2594,09:35:55,$ 3260.4099,500
2595,09:35:52,$ 3259.93,100
2596,09:35:51,$ 3259.98,100
2597,09:35:51,$ 3260.00,100
2598,09:35:51,$ 3259.94,100
2599,09:35:51,$ 3259.955,100
2600,09:35:45,$ 3260.528,997
2601,09:35:44,$ 3263.125,"1,000"
2602,09:35:43,$ 3262.11,100
2603,09:35:41,$ 3264.08,100
2605,09:36:02,$ 3259.995,100
2606,09:36:01,$ 3259.875,100
2607,09:36:01,$ 3260.00,100
2608,09:36:01,$ 3259.965,100
2609,09:36:01,$ 3260.00,100
2610,09:36:01,$ 3261.01,100
2611,09:36:01,$ 3261.3099,"1,000"
2612,09:36:00,$ 3261.3933,"1,000"
2613,09:35:56,$ 3260.54,100
2614,09:35:56,$ 3259.66,100
2615,09:35:55,$ 3260.4099,500
2616,09:35:52,$ 3259.93,100
2617,09:35:51,$ 3259.98,100
2618,09:35:51,$ 3260.00,100
2619,09:35:51,$ 3259.94,100
2620,09:35:51,$ 3259.955,100
2621,09:35:45,$ 3260.528,997
2622,09:35:44,$ 3263.125,"1,000"
2623,09:35:43,$ 3262.11,100
2624,09:35:41,$ 3264.08,100
2626,09:35:37,$ 3264.88,100
2627,09:35:37,$ 3264.38,100
2628,09:35:37,$ 3263.97,100
2629,09:35:37,$ 3263.54,100
2630,09:35:34,$ 3261.7487,"1,000"
2631,09:35:30,$ 3260.55,100
2632,09:35:29,$ 3261.44,100
2633,09:35:29,$ 3261.95,100
2634,09:35:25,$ 3263.60,100
2635,09:35:25,$ 3262.95,100
2636,09:35:25,$ 3263.92,100
2637,09:35:23,$ 3263.33,100
2638,09:35:23,$ 3263.98,100
2639,09:35:23,$ 3263.91,100
2640,09:35:21,$ 3263.60,400
2641,09:35:21,$ 3263.58,100
2642,09:35:21,$ 3263.58,100
2643,09:35:21,$ 3263.37,400
2644,09:35:14,$ 3263.94,100
2645,09:35:14,$ 3263.65,100
2647,09:35:37,$ 3264.88,100
2648,09:35:37,$ 3264.38,100
2649,09:35:37,$ 3263.97,100
2650,09:35:37,$ 3263.54,100
2651,09:35:34,$ 3261.7487,"1,000"
2652,09:35:30,$ 3260.55,100
2653,09:35:29,$ 3261.44,100
2654,09:35:29,$ 3261.95,100
2655,09:35:25,$ 3263.60,100
2656,09:35:25,$ 3262.95,100
2657,09:35:25,$ 3263.92,100
2658,09:35:23,$ 3263.33,100
2659,09:35:23,$ 3263.98,100
2660,09:35:23,$ 3263.91,100
2661,09:35:21,$ 3263.60,400
2662,09:35:21,$ 3263.58,100
2663,09:35:21,$ 3263.58,100
2664,09:35:21,$ 3263.37,400
2665,09:35:14,$ 3263.94,100
2666,09:35:14,$ 3263.65,100
2668,09:35:14,$ 3262.85,100
2669,09:35:05,$ 3259.94,100
2670,09:35:05,$ 3259.32,100
2671,09:34:55,$ 3259.1756,809
2672,09:34:55,$ 3259.1756,117
2673,09:34:51,$ 3257.35,100
2674,09:34:51,$ 3259.16,100
2675,09:34:51,$ 3260.565,100
2676,09:34:41,$ 3263.8424,"1,000"
2677,09:34:41,$ 3262.02,"1,000"
2678,09:34:40,$ 3259.17,100
2679,09:34:40,$ 3259.17,100
2680,09:34:40,$ 3260.595,"1,000"
2681,09:34:39,$ 3260.59,100
2682,09:34:39,$ 3260.85,100
2683,09:34:39,$ 3259.95,100
2684,09:34:39,$ 3260.05,100
2685,09:34:39,$ 3260.05,100
2686,09:34:39,$ 3260.05,100
2687,09:34:39,$ 3260.05,100
2689,09:35:14,$ 3262.85,100
2690,09:35:05,$ 3259.94,100
2691,09:35:05,$ 3259.32,100
2692,09:34:55,$ 3259.1756,809
2693,09:34:55,$ 3259.1756,117
2694,09:34:51,$ 3257.35,100
2695,09:34:51,$ 3259.16,100
2696,09:34:51,$ 3260.565,100
2697,09:34:41,$ 3263.8424,"1,000"
2698,09:34:41,$ 3262.02,"1,000"
2699,09:34:40,$ 3259.17,100
2700,09:34:40,$ 3259.17,100
2701,09:34:40,$ 3260.595,"1,000"
2702,09:34:39,$ 3260.59,100
2703,09:34:39,$ 3260.85,100
2704,09:34:39,$ 3259.95,100
2705,09:34:39,$ 3260.05,100
2706,09:34:39,$ 3260.05,100
2707,09:34:39,$ 3260.05,100
2708,09:34:39,$ 3260.05,100
2710,09:34:39,$ 3260.05,100
2711,09:34:39,$ 3260.05,100
2712,09:34:39,$ 3260.05,100
2713,09:34:39,$ 3260.05,100
2714,09:34:38,$ 3259.95,100
2715,09:34:35,$ 3258.00,100
2716,09:34:28,$ 3256.505,100
2717,09:34:22,$ 3254.1865,543
2718,09:34:22,$ 3254.00,100
2719,09:34:22,$ 3257.8279,100
2720,09:34:21,$ 3253.82,100
2721,09:34:21,$ 3255.00,100
2722,09:34:20,$ 3256.53,100
2723,09:34:20,$ 3256.53,100
2724,09:34:20,$ 3256.52,100
2725,09:34:20,$ 3256.02,700
2726,09:34:20,$ 3256.52,100
2727,09:34:20,$ 3256.02,100
2728,09:34:20,$ 3256.81,100
2729,09:34:20,$ 3256.31,100
2731,09:34:39,$ 3260.05,100
2732,09:34:39,$ 3260.05,100
2733,09:34:39,$ 3260.05,100
2734,09:34:39,$ 3260.05,100
2735,09:34:38,$ 3259.95,100
2736,09:34:35,$ 3258.00,100
2737,09:34:28,$ 3256.505,100
2738,09:34:22,$ 3254.1865,543
2739,09:34:22,$ 3254.00,100
2740,09:34:22,$ 3257.8279,100
2741,09:34:21,$ 3253.82,100
2742,09:34:21,$ 3255.00,100
2743,09:34:20,$ 3256.53,100
2744,09:34:20,$ 3256.53,100
2745,09:34:20,$ 3256.52,100
2746,09:34:20,$ 3256.02,700
2747,09:34:20,$ 3256.52,100
2748,09:34:20,$ 3256.02,100
2749,09:34:20,$ 3256.81,100
2750,09:34:20,$ 3256.31,100
2752,09:34:20,$ 3258.00,121
2753,09:34:19,$ 3258.5039,378
2754,09:34:19,$ 3260.10,100
2755,09:34:19,$ 3260.109,100
2756,09:34:19,$ 3259.59,100
2757,09:34:19,$ 3260.10,100
2758,09:34:19,$ 3259.60,100
2759,09:34:19,$ 3259.62,100
2760,09:34:17,$ 3260.02,400
2761,09:34:17,$ 3259.469,295
2762,09:34:17,$ 3259.55,100
2763,09:34:16,$ 3261.41,"1,000"
2764,09:34:16,$ 3261.41,165
2765,09:34:15,$ 3261.41,"1,000"
2766,09:34:15,$ 3261.18,100
2767,09:34:15,$ 3261.18,100
2768,09:34:15,$ 3260.00,100
2769,09:34:15,$ 3261.23,100
2770,09:34:15,$ 3261.22,100
2771,09:34:15,$ 3261.18,100
2773,09:34:20,$ 3258.00,121
2774,09:34:19,$ 3258.5039,378
2775,09:34:19,$ 3260.10,100
2776,09:34:19,$ 3260.109,100
2777,09:34:19,$ 3259.59,100
2778,09:34:19,$ 3260.10,100
2779,09:34:19,$ 3259.60,100
2780,09:34:19,$ 3259.62,100
2781,09:34:17,$ 3260.02,400
2782,09:34:17,$ 3259.469,295
2783,09:34:17,$ 3259.55,100
2784,09:34:16,$ 3261.41,"1,000"
2785,09:34:16,$ 3261.41,165
2786,09:34:15,$ 3261.41,"1,000"
2787,09:34:15,$ 3261.18,100
2788,09:34:15,$ 3261.18,100
2789,09:34:15,$ 3260.00,100
2790,09:34:15,$ 3261.23,100
2791,09:34:15,$ 3261.22,100
2792,09:34:15,$ 3261.18,100
2794,09:34:15,$ 3261.23,100
2795,09:34:07,$ 3260.9043,126
2796,09:34:04,$ 3263.445,100
2797,09:34:04,$ 3264.15,100
2798,09:34:04,$ 3264.325,100
2799,09:34:02,$ 3264.325,100
2800,09:34:00,$ 3265.05,100
2801,09:33:55,$ 3265.90,100
2802,09:33:54,$ 3266.95,100
2803,09:33:54,$ 3266.95,100
2804,09:33:49,$ 3263.12,300
2805,09:33:49,$ 3263.28,100
2806,09:33:49,$ 3262.78,100
2807,09:33:49,$ 3262.355,100
2808,09:33:49,$ 3263.86,100
2809,09:33:49,$ 3263.09,300
2810,09:33:47,$ 3264.6835,118
2811,09:33:45,$ 3264.86,100
2812,09:33:43,$ 3265.97,100
2813,09:33:43,$ 3265.0975,100
2815,09:34:15,$ 3261.23,100
2816,09:34:07,$ 3260.9043,126
2817,09:34:04,$ 3263.445,100
2818,09:34:04,$ 3264.15,100
2819,09:34:04,$ 3264.325,100
2820,09:34:02,$ 3264.325,100
2821,09:34:00,$ 3265.05,100
2822,09:33:55,$ 3265.90,100
2823,09:33:54,$ 3266.95,100
2824,09:33:54,$ 3266.95,100
2825,09:33:49,$ 3263.12,300
2826,09:33:49,$ 3263.28,100
2827,09:33:49,$ 3262.78,100
2828,09:33:49,$ 3262.355,100
2829,09:33:49,$ 3263.86,100
2830,09:33:49,$ 3263.09,300
2831,09:33:47,$ 3264.6835,118
2832,09:33:45,$ 3264.86,100
2833,09:33:43,$ 3265.97,100
2834,09:33:43,$ 3265.0975,100
2836,09:33:43,$ 3264.4875,100
2837,09:33:43,$ 3264.195,100
2838,09:33:43,$ 3264.195,100
2839,09:33:43,$ 3264.66,100
2840,09:33:43,$ 3265.83,100
2841,09:33:43,$ 3265.245,100
2842,09:33:43,$ 3265.83,100
2843,09:33:43,$ 3265.65,100
2844,09:33:43,$ 3263.84,100
2845,09:33:43,$ 3263.85,182
2846,09:33:42,$ 3263.62,100
2847,09:33:42,$ 3263.62,100
2848,09:33:42,$ 3263.70,100
2849,09:33:42,$ 3262.305,100
2850,09:33:42,$ 3262.305,100
2851,09:33:42,$ 3262.305,100
2852,09:33:42,$ 3263.62,100
2853,09:33:42,$ 3262.295,100
2854,09:33:41,$ 3262.0423,250
2855,09:33:39,$ 3263.3473,311
2857,09:33:43,$ 3264.4875,100
2858,09:33:43,$ 3264.195,100
2859,09:33:43,$ 3264.195,100
2860,09:33:43,$ 3264.66,100
2861,09:33:43,$ 3265.83,100
2862,09:33:43,$ 3265.245,100
2863,09:33:43,$ 3265.83,100
2864,09:33:43,$ 3265.65,100
2865,09:33:43,$ 3263.84,100
2866,09:33:43,$ 3263.85,182
2867,09:33:42,$ 3263.62,100
2868,09:33:42,$ 3263.62,100
2869,09:33:42,$ 3263.70,100
2870,09:33:42,$ 3262.305,100
2871,09:33:42,$ 3262.305,100
2872,09:33:42,$ 3262.305,100
2873,09:33:42,$ 3263.62,100
2874,09:33:42,$ 3262.295,100
2875,09:33:41,$ 3262.0423,250
2876,09:33:39,$ 3263.3473,311
2878,09:33:39,$ 3262.42,292
2879,09:33:39,$ 3262.92,100
2880,09:33:39,$ 3262.42,100
2881,09:33:39,$ 3262.92,292
2882,09:33:39,$ 3261.84,100
2883,09:33:39,$ 3261.82,100
2884,09:33:39,$ 3262.32,100
2885,09:33:39,$ 3262.34,100
2886,09:33:39,$ 3261.78,113
2887,09:33:39,$ 3261.71,100
2888,09:33:39,$ 3261.78,100
2889,09:33:39,$ 3261.03,100
2890,09:33:38,$ 3261.75,100
2891,09:33:37,$ 3260.70,100
2892,09:33:37,$ 3260.65,199
2893,09:33:32,$ 3259.00,100
2894,09:33:29,$ 3260.3048,"2,000"
2895,09:33:29,$ 3259.34,"1,000"
2896,09:33:28,$ 3258.08,100
2897,09:33:28,$ 3258.215,100
2899,09:33:39,$ 3262.42,292
2900,09:33:39,$ 3262.92,100
2901,09:33:39,$ 3262.42,100
2902,09:33:39,$ 3262.92,292
2903,09:33:39,$ 3261.84,100
2904,09:33:39,$ 3261.82,100
2905,09:33:39,$ 3262.32,100
2906,09:33:39,$ 3262.34,100
2907,09:33:39,$ 3261.78,113
2908,09:33:39,$ 3261.71,100
2909,09:33:39,$ 3261.78,100
2910,09:33:39,$ 3261.03,100
2911,09:33:38,$ 3261.75,100
2912,09:33:37,$ 3260.70,100
2913,09:33:37,$ 3260.65,199
2914,09:33:32,$ 3259.00,100
2915,09:33:29,$ 3260.3048,"2,000"
2916,09:33:29,$ 3259.34,"1,000"
2917,09:33:28,$ 3258.08,100
2918,09:33:28,$ 3258.215,100
2920,09:33:28,$ 3259.4647,100
2921,09:33:23,$ 3261.00,193
2922,09:33:22,$ 3260.27,100
2923,09:33:22,$ 3261.00,100
2924,09:33:22,$ 3261.00,790
2925,09:33:20,$ 3260.82,100
2926,09:33:17,$ 3260.065,100
2927,09:33:17,$ 3260.29,100
2928,09:33:16,$ 3263.81,100
2929,09:33:14,$ 3262.67,100
2930,09:33:13,$ 3264.625,100
2931,09:33:13,$ 3261.45,100
2932,09:33:13,$ 3261.45,100
2933,09:33:13,$ 3260.50,172
2934,09:33:13,$ 3261.80,100
2935,09:33:13,$ 3261.30,100
2936,09:33:13,$ 3261.86,100
2937,09:33:13,$ 3261.82,100
2938,09:33:13,$ 3261.86,100
2939,09:33:13,$ 3261.81,138
2941,09:33:28,$ 3259.4647,100
2942,09:33:23,$ 3261.00,193
2943,09:33:22,$ 3260.27,100
2944,09:33:22,$ 3261.00,100
2945,09:33:22,$ 3261.00,790
2946,09:33:20,$ 3260.82,100
2947,09:33:17,$ 3260.065,100
2948,09:33:17,$ 3260.29,100
2949,09:33:16,$ 3263.81,100
2950,09:33:14,$ 3262.67,100
2951,09:33:13,$ 3264.625,100
2952,09:33:13,$ 3261.45,100
2953,09:33:13,$ 3261.45,100
2954,09:33:13,$ 3260.50,172
2955,09:33:13,$ 3261.80,100
2956,09:33:13,$ 3261.30,100
2957,09:33:13,$ 3261.86,100
2958,09:33:13,$ 3261.82,100
2959,09:33:13,$ 3261.86,100
2960,09:33:13,$ 3261.81,138
2962,09:33:13,$ 3261.31,138
2963,09:33:13,$ 3261.36,100
2964,09:33:13,$ 3261.575,100
2965,09:33:13,$ 3263.58,100
2966,09:33:13,$ 3261.34,200
2967,09:33:13,$ 3263.31,100
2968,09:33:12,$ 3263.0525,100
2969,09:33:12,$ 3263.0725,100
2970,09:33:12,$ 3262.10,100
2971,09:33:12,$ 3262.34,100
2972,09:33:12,$ 3262.70,100
2973,09:33:12,$ 3262.40,100
2974,09:33:12,$ 3262.10,100
2975,09:33:12,$ 3262.84,100
2976,09:33:12,$ 3262.42,100
2977,09:33:12,$ 3262.72,100
2978,09:33:12,$ 3262.92,100
2979,09:33:12,$ 3263.104,100
2980,09:33:12,$ 3262.34,100
2981,09:33:12,$ 3261.60,100
2983,09:33:13,$ 3261.31,138
2984,09:33:13,$ 3261.36,100
2985,09:33:13,$ 3261.575,100
2986,09:33:13,$ 3263.58,100
2987,09:33:13,$ 3261.34,200
2988,09:33:13,$ 3263.31,100
2989,09:33:12,$ 3263.0525,100
2990,09:33:12,$ 3263.0725,100
2991,09:33:12,$ 3262.10,100
2992,09:33:12,$ 3262.34,100
2993,09:33:12,$ 3262.70,100
2994,09:33:12,$ 3262.40,100
2995,09:33:12,$ 3262.10,100
2996,09:33:12,$ 3262.84,100
2997,09:33:12,$ 3262.42,100
2998,09:33:12,$ 3262.72,100
2999,09:33:12,$ 3262.92,100
3000,09:33:12,$ 3263.104,100
3001,09:33:12,$ 3262.34,100
3002,09:33:12,$ 3261.60,100
3004,09:33:12,$ 3261.90,100
3005,09:33:12,$ 3262.20,100
3006,09:33:09,$ 3261.70,100
3007,09:33:09,$ 3261.41,100
3008,09:33:09,$ 3261.70,100
3009,09:33:08,$ 3261.70,"1,000"
3010,09:33:08,$ 3261.70,100
3011,09:33:08,$ 3260.00,100
3012,09:33:08,$ 3260.7613,613
3013,09:33:08,$ 3261.70,100
3014,09:33:08,$ 3261.70,237
3015,09:33:06,$ 3261.70,100
3016,09:33:06,$ 3261.70,100
3017,09:33:06,$ 3262.38,100
3018,09:33:06,$ 3261.44,100
3019,09:33:06,$ 3261.94,100
3020,09:33:05,$ 3262.455,100
3021,09:33:05,$ 3262.455,200
3022,09:33:03,$ 3262.23,100
3023,09:33:03,$ 3262.37,100
3025,09:33:12,$ 3261.90,100
3026,09:33:12,$ 3262.20,100
3027,09:33:09,$ 3261.70,100
3028,09:33:09,$ 3261.41,100
3029,09:33:09,$ 3261.70,100
3030,09:33:08,$ 3261.70,"1,000"
3031,09:33:08,$ 3261.70,100
3032,09:33:08,$ 3260.00,100
3033,09:33:08,$ 3260.7613,613
3034,09:33:08,$ 3261.70,100
3035,09:33:08,$ 3261.70,237
3036,09:33:06,$ 3261.70,100
3037,09:33:06,$ 3261.70,100
3038,09:33:06,$ 3262.38,100
3039,09:33:06,$ 3261.44,100
3040,09:33:06,$ 3261.94,100
3041,09:33:05,$ 3262.455,100
3042,09:33:05,$ 3262.455,200
3043,09:33:03,$ 3262.23,100
3044,09:33:03,$ 3262.37,100
3046,09:33:03,$ 3262.455,100
3047,09:33:03,$ 3262.4275,100
3048,09:33:00,$ 3265.2899,100
3049,09:32:59,$ 3260.516,"1,000"
3050,09:32:59,$ 3263.46,100
3051,09:32:59,$ 3263.68,100
3052,09:32:58,$ 3263.40,167
3053,09:32:58,$ 3263.37,100
3054,09:32:58,$ 3263.40,120
3055,09:32:57,$ 3265.185,100
3056,09:32:57,$ 3265.185,100
3057,09:32:57,$ 3265.185,300
3058,09:32:57,$ 3265.185,100
3059,09:32:57,$ 3265.19,161
3060,09:32:57,$ 3265.185,100
3061,09:32:56,$ 3265.29,400
3062,09:32:56,$ 3265.185,100
3063,09:32:56,$ 3265.185,100
3064,09:32:56,$ 3265.185,100
3065,09:32:56,$ 3265.185,100
3067,09:33:03,$ 3262.455,100
3068,09:33:03,$ 3262.4275,100
3069,09:33:00,$ 3265.2899,100
3070,09:32:59,$ 3260.516,"1,000"
3071,09:32:59,$ 3263.46,100
3072,09:32:59,$ 3263.68,100
3073,09:32:58,$ 3263.40,167
3074,09:32:58,$ 3263.37,100
3075,09:32:58,$ 3263.40,120
3076,09:32:57,$ 3265.185,100
3077,09:32:57,$ 3265.185,100
3078,09:32:57,$ 3265.185,300
3079,09:32:57,$ 3265.185,100
3080,09:32:57,$ 3265.19,161
3081,09:32:57,$ 3265.185,100
3082,09:32:56,$ 3265.29,400
3083,09:32:56,$ 3265.185,100
3084,09:32:56,$ 3265.185,100
3085,09:32:56,$ 3265.185,100
3086,09:32:56,$ 3265.185,100
3088,09:32:56,$ 3265.185,100
3089,09:32:56,$ 3265.185,100
3090,09:32:56,$ 3265.185,100
3091,09:32:56,$ 3264.40,100
3092,09:32:56,$ 3264.40,100
3093,09:32:56,$ 3264.49,100
3094,09:32:55,$ 3262.9872,100
3095,09:32:53,$ 3264.035,100
3096,09:32:53,$ 3263.695,139
3097,09:32:53,$ 3263.69,100
3098,09:32:53,$ 3264.805,100
3099,09:32:53,$ 3264.00,100
3100,09:32:53,$ 3263.285,100
3101,09:32:52,$ 3262.07,100
3102,09:32:49,$ 3262.30,200
3103,09:32:48,$ 3262.30,300
3104,09:32:46,$ 3262.08,100
3105,09:32:46,$ 3262.08,300
3106,09:32:46,$ 3262.08,100
3107,09:32:46,$ 3262.08,200
3109,09:32:56,$ 3265.185,100
3110,09:32:56,$ 3265.185,100
3111,09:32:56,$ 3265.185,100
3112,09:32:56,$ 3264.40,100
3113,09:32:56,$ 3264.40,100
3114,09:32:56,$ 3264.49,100
3115,09:32:55,$ 3262.9872,100
3116,09:32:53,$ 3264.035,100
3117,09:32:53,$ 3263.695,139
3118,09:32:53,$ 3263.69,100
3119,09:32:53,$ 3264.805,100
3120,09:32:53,$ 3264.00,100
3121,09:32:53,$ 3263.285,100
3122,09:32:52,$ 3262.07,100
3123,09:32:49,$ 3262.30,200
3124,09:32:48,$ 3262.30,300
3125,09:32:46,$ 3262.08,100
3126,09:32:46,$ 3262.08,300
3127,09:32:46,$ 3262.08,100
3128,09:32:46,$ 3262.08,200
3130,09:32:46,$ 3262.08,200
3131,09:32:46,$ 3262.23,100
3132,09:32:45,$ 3261.655,100
3133,09:32:45,$ 3262.17,100
3134,09:32:45,$ 3261.945,200
3135,09:32:45,$ 3262.38,100
3136,09:32:45,$ 3262.17,100
3137,09:32:45,$ 3262.17,300
3138,09:32:44,$ 3260.92,100
3139,09:32:44,$ 3260.92,100
3140,09:32:44,$ 3261.155,100
3141,09:32:44,$ 3261.13,100
3142,09:32:44,$ 3262.01,100
3143,09:32:44,$ 3260.015,"1,000"
3144,09:32:43,$ 3260.015,100
3145,09:32:43,$ 3261.00,100
3146,09:32:43,$ 3261.05,100
3147,09:32:43,$ 3259.585,100
3148,09:32:43,$ 3261.05,274
3149,09:32:43,$ 3260.33,382
3151,09:32:46,$ 3262.08,200
3152,09:32:46,$ 3262.23,100
3153,09:32:45,$ 3261.655,100
3154,09:32:45,$ 3262.17,100
3155,09:32:45,$ 3261.945,200
3156,09:32:45,$ 3262.38,100
3157,09:32:45,$ 3262.17,100
3158,09:32:45,$ 3262.17,300
3159,09:32:44,$ 3260.92,100
3160,09:32:44,$ 3260.92,100
3161,09:32:44,$ 3261.155,100
3162,09:32:44,$ 3261.13,100
3163,09:32:44,$ 3262.01,100
3164,09:32:44,$ 3260.015,"1,000"
3165,09:32:43,$ 3260.015,100
3166,09:32:43,$ 3261.00,100
3167,09:32:43,$ 3261.05,100
3168,09:32:43,$ 3259.585,100
3169,09:32:43,$ 3261.05,274
3170,09:32:43,$ 3260.33,382
3172,09:32:43,$ 3259.6942,979
3173,09:32:42,$ 3259.42,100
3174,09:32:42,$ 3259.84,100
3175,09:32:42,$ 3260.28,100
3176,09:32:41,$ 3258.935,100
3177,09:32:41,$ 3258.935,100
3178,09:32:41,$ 3259.0725,100
3179,09:32:41,$ 3259.80,100
3180,09:32:41,$ 3259.85,100
3181,09:32:41,$ 3259.85,100
3182,09:32:41,$ 3259.80,100
3183,09:32:41,$ 3259.56,100
3184,09:32:41,$ 3259.85,100
3185,09:32:41,$ 3259.80,166
3186,09:32:40,$ 3258.91,200
3187,09:32:40,$ 3258.91,200
3188,09:32:40,$ 3259.56,100
3189,09:32:40,$ 3258.91,100
3190,09:32:40,$ 3259.79,125
3191,09:32:38,$ 3259.00,200
3193,09:32:43,$ 3259.6942,979
3194,09:32:42,$ 3259.42,100
3195,09:32:42,$ 3259.84,100
3196,09:32:42,$ 3260.28,100
3197,09:32:41,$ 3258.935,100
3198,09:32:41,$ 3258.935,100
3199,09:32:41,$ 3259.0725,100
3200,09:32:41,$ 3259.80,100
3201,09:32:41,$ 3259.85,100
3202,09:32:41,$ 3259.85,100
3203,09:32:41,$ 3259.80,100
3204,09:32:41,$ 3259.56,100
3205,09:32:41,$ 3259.85,100
3206,09:32:41,$ 3259.80,166
3207,09:32:40,$ 3258.91,200
3208,09:32:40,$ 3258.91,200
3209,09:32:40,$ 3259.56,100
3210,09:32:40,$ 3258.91,100
3211,09:32:40,$ 3259.79,125
3212,09:32:38,$ 3259.00,200
3214,09:32:36,$ 3259.47,100
3215,09:32:34,$ 3260.095,100
3216,09:32:34,$ 3260.4075,100
3217,09:32:34,$ 3260.095,100
3218,09:32:34,$ 3260.095,100
3219,09:32:34,$ 3260.1775,100
3220,09:32:34,$ 3261.00,100
3221,09:32:34,$ 3261.00,100
3222,09:32:34,$ 3261.02,100
3223,09:32:33,$ 3258.78,100
3224,09:32:32,$ 3259.68,129
3225,09:32:29,$ 3259.305,100
3226,09:32:29,$ 3258.755,300
3227,09:32:29,$ 3259.51,100
3228,09:32:29,$ 3258.21,100
3229,09:32:28,$ 3259.5824,100
3230,09:32:26,$ 3259.01,100
3231,09:32:25,$ 3258.23,100
3232,09:32:24,$ 3261.13,300
3233,09:32:23,$ 3260.1307,113
3235,09:32:36,$ 3259.47,100
3236,09:32:34,$ 3260.095,100
3237,09:32:34,$ 3260.4075,100
3238,09:32:34,$ 3260.095,100
3239,09:32:34,$ 3260.095,100
3240,09:32:34,$ 3260.1775,100
3241,09:32:34,$ 3261.00,100
3242,09:32:34,$ 3261.00,100
3243,09:32:34,$ 3261.02,100
3244,09:32:33,$ 3258.78,100
3245,09:32:32,$ 3259.68,129
3246,09:32:29,$ 3259.305,100
3247,09:32:29,$ 3258.755,300
3248,09:32:29,$ 3259.51,100
3249,09:32:29,$ 3258.21,100
3250,09:32:28,$ 3259.5824,100
3251,09:32:26,$ 3259.01,100
3252,09:32:25,$ 3258.23,100
3253,09:32:24,$ 3261.13,300
3254,09:32:23,$ 3260.1307,113
3256,09:32:23,$ 3258.09,100
3257,09:32:23,$ 3258.30,100
3258,09:32:23,$ 3261.015,100
3259,09:32:23,$ 3261.015,100
3260,09:32:22,$ 3258.30,100
3261,09:32:22,$ 3258.31,100
3262,09:32:21,$ 3262.221,100
3263,09:32:21,$ 3260.47,100
3264,09:32:21,$ 3260.00,172
3265,09:32:21,$ 3260.60,100
3266,09:32:21,$ 3260.42,100
3267,09:32:21,$ 3260.42,200
3268,09:32:21,$ 3260.42,100
3269,09:32:20,$ 3262.225,100
3270,09:32:20,$ 3262.225,200
3271,09:32:16,$ 3262.2725,100
3272,09:32:15,$ 3262.04,150
3273,09:32:13,$ 3263.78,100
3274,09:32:11,$ 3262.25,100
3275,09:32:09,$ 3262.29,100
3277,09:32:23,$ 3258.09,100
3278,09:32:23,$ 3258.30,100
3279,09:32:23,$ 3261.015,100
3280,09:32:23,$ 3261.015,100
3281,09:32:22,$ 3258.30,100
3282,09:32:22,$ 3258.31,100
3283,09:32:21,$ 3262.221,100
3284,09:32:21,$ 3260.47,100
3285,09:32:21,$ 3260.00,172
3286,09:32:21,$ 3260.60,100
3287,09:32:21,$ 3260.42,100
3288,09:32:21,$ 3260.42,200
3289,09:32:21,$ 3260.42,100
3290,09:32:20,$ 3262.225,100
3291,09:32:20,$ 3262.225,200
3292,09:32:16,$ 3262.2725,100
3293,09:32:15,$ 3262.04,150
3294,09:32:13,$ 3263.78,100
3295,09:32:11,$ 3262.25,100
3296,09:32:09,$ 3262.29,100
3298,09:32:06,$ 3263.245,100
3299,09:32:05,$ 3263.20,100
3300,09:32:02,$ 3262.1401,200
3301,09:32:01,$ 3265.08,100
3302,09:32:01,$ 3265.19,100
3303,09:31:59,$ 3263.55,136
3304,09:31:53,$ 3266.01,100
3305,09:31:51,$ 3266.62,120
3306,09:31:48,$ 3266.50,200
3307,09:31:48,$ 3266.50,100
3308,09:31:48,$ 3267.00,134
3309,09:31:48,$ 3266.89,100
3310,09:31:47,$ 3268.34,100
3311,09:31:46,$ 3268.495,100
3312,09:31:46,$ 3268.53,100
3313,09:31:45,$ 3268.5175,100
3314,09:31:45,$ 3268.495,100
3315,09:31:45,$ 3269.14,100
3316,09:31:42,$ 3267.98,100
3317,09:31:42,$ 3267.95,100
3319,09:32:06,$ 3263.245,100
3320,09:32:05,$ 3263.20,100
3321,09:32:02,$ 3262.1401,200
3322,09:32:01,$ 3265.08,100
3323,09:32:01,$ 3265.19,100
3324,09:31:59,$ 3263.55,136
3325,09:31:53,$ 3266.01,100
3326,09:31:51,$ 3266.62,120
3327,09:31:48,$ 3266.50,200
3328,09:31:48,$ 3266.50,100
3329,09:31:48,$ 3267.00,134
3330,09:31:48,$ 3266.89,100
3331,09:31:47,$ 3268.34,100
3332,09:31:46,$ 3268.495,100
3333,09:31:46,$ 3268.53,100
3334,09:31:45,$ 3268.5175,100
3335,09:31:45,$ 3268.495,100
3336,09:31:45,$ 3269.14,100
3337,09:31:42,$ 3267.98,100
3338,09:31:42,$ 3267.95,100
3340,09:31:42,$ 3269.56,139
3341,09:31:38,$ 3269.63,100
3342,09:31:35,$ 3269.845,100
3343,09:31:32,$ 3267.22,100
3344,09:31:32,$ 3266.09,100
3345,09:31:31,$ 3267.21,100
3346,09:31:30,$ 3267.46,100
3347,09:31:28,$ 3268.42,100
3348,09:31:28,$ 3268.42,100
3349,09:31:26,$ 3268.3758,100
3350,09:31:26,$ 3269.3633,175
3351,09:31:25,$ 3269.84,137
3352,09:31:25,$ 3268.22,200
3353,09:31:23,$ 3271.70,100
3354,09:31:18,$ 3269.14,100
3355,09:31:18,$ 3268.50,278
3356,09:31:18,$ 3270.01,184
3357,09:31:18,$ 3271.02,100
3358,09:31:18,$ 3270.06,100
3359,09:31:14,$ 3271.6283,200
3361,09:31:42,$ 3269.56,139
3362,09:31:38,$ 3269.63,100
3363,09:31:35,$ 3269.845,100
3364,09:31:32,$ 3267.22,100
3365,09:31:32,$ 3266.09,100
3366,09:31:31,$ 3267.21,100
3367,09:31:30,$ 3267.46,100
3368,09:31:28,$ 3268.42,100
3369,09:31:28,$ 3268.42,100
3370,09:31:26,$ 3268.3758,100
3371,09:31:26,$ 3269.3633,175
3372,09:31:25,$ 3269.84,137
3373,09:31:25,$ 3268.22,200
3374,09:31:23,$ 3271.70,100
3375,09:31:18,$ 3269.14,100
3376,09:31:18,$ 3268.50,278
3377,09:31:18,$ 3270.01,184
3378,09:31:18,$ 3271.02,100
3379,09:31:18,$ 3270.06,100
3380,09:31:14,$ 3271.6283,200
3382,09:31:13,$ 3270.37,100
3383,09:31:06,$ 3272.275,100
3384,09:31:05,$ 3272.96,100
3385,09:31:04,$ 3272.8137,250
3386,09:31:03,$ 3272.02,100
3387,09:31:01,$ 3270.26,100
3388,09:30:59,$ 3271.085,100
3389,09:30:58,$ 3272.555,100
3390,09:30:57,$ 3273.105,100
3391,09:30:56,$ 3273.005,250
3392,09:30:56,$ 3273.01,200
3393,09:30:54,$ 3273.005,199
3394,09:30:54,$ 3273.045,100
3395,09:30:53,$ 3271.60,100
3396,09:30:52,$ 3273.76,100
3397,09:30:51,$ 3273.14,100
3398,09:30:51,$ 3273.015,100
3399,09:30:48,$ 3272.49,100
3400,09:30:48,$ 3272.37,100
3401,09:30:48,$ 3272.9425,100
3403,09:31:13,$ 3270.37,100
3404,09:31:06,$ 3272.275,100
3405,09:31:05,$ 3272.96,100
3406,09:31:04,$ 3272.8137,250
3407,09:31:03,$ 3272.02,100
3408,09:31:01,$ 3270.26,100
3409,09:30:59,$ 3271.085,100
3410,09:30:58,$ 3272.555,100
3411,09:30:57,$ 3273.105,100
3412,09:30:56,$ 3273.005,250
3413,09:30:56,$ 3273.01,200
3414,09:30:54,$ 3273.005,199
3415,09:30:54,$ 3273.045,100
3416,09:30:53,$ 3271.60,100
3417,09:30:52,$ 3273.76,100
3418,09:30:51,$ 3273.14,100
3419,09:30:51,$ 3273.015,100
3420,09:30:48,$ 3272.49,100
3421,09:30:48,$ 3272.37,100
3422,09:30:48,$ 3272.9425,100
3424,09:30:48,$ 3273.00,100
3425,09:30:48,$ 3272.45,100
3426,09:30:48,$ 3272.645,100
3427,09:30:48,$ 3272.37,100
3428,09:30:48,$ 3272.37,100
3429,09:30:48,$ 3272.37,100
3430,09:30:48,$ 3272.37,100
3431,09:30:48,$ 3273.125,100
3432,09:30:48,$ 3272.80,100
3433,09:30:48,$ 3272.00,100
3434,09:30:47,$ 3272.37,200
3435,09:30:43,$ 3272.055,100
3436,09:30:43,$ 3272.055,200
3437,09:30:43,$ 3272.33,100
3438,09:30:43,$ 3272.2425,100
3439,09:30:40,$ 3272.25,100
3440,09:30:40,$ 3271.96,100
3441,09:30:40,$ 3272.28,100
3442,09:30:40,$ 3271.39,100
3443,09:30:40,$ 3272.26,100
3445,09:30:48,$ 3273.00,100
3446,09:30:48,$ 3272.45,100
3447,09:30:48,$ 3272.645,100
3448,09:30:48,$ 3272.37,100
3449,09:30:48,$ 3272.37,100
3450,09:30:48,$ 3272.37,100
3451,09:30:48,$ 3272.37,100
3452,09:30:48,$ 3273.125,100
3453,09:30:48,$ 3272.80,100
3454,09:30:48,$ 3272.00,100
3455,09:30:47,$ 3272.37,200
3456,09:30:43,$ 3272.055,100
3457,09:30:43,$ 3272.055,200
3458,09:30:43,$ 3272.33,100
3459,09:30:43,$ 3272.2425,100
3460,09:30:40,$ 3272.25,100
3461,09:30:40,$ 3271.96,100
3462,09:30:40,$ 3272.28,100
3463,09:30:40,$ 3271.39,100
3464,09:30:40,$ 3272.26,100
3466,09:30:39,$ 3271.00,300
3467,09:30:39,$ 3271.22,193
3468,09:30:39,$ 3271.22,107
3469,09:30:36,$ 3273.035,100
3470,09:30:36,$ 3273.028,100
3471,09:30:35,$ 3273.11,200
3472,09:30:34,$ 3272.56,100
3473,09:30:34,$ 3272.56,100
3474,09:30:34,$ 3273.105,100
3475,09:30:34,$ 3273.11,200
3476,09:30:34,$ 3273.11,200
3477,09:30:34,$ 3273.11,200
3478,09:30:34,$ 3273.11,200
3479,09:30:34,$ 3273.11,200
3480,09:30:32,$ 3272.61,200
3481,09:30:32,$ 3272.585,100
3482,09:30:32,$ 3272.585,100
3483,09:30:32,$ 3273.24,100
3484,09:30:32,$ 3272.355,100
3485,09:30:32,$ 3272.585,100
3487,09:30:39,$ 3271.00,300
3488,09:30:39,$ 3271.22,193
3489,09:30:39,$ 3271.22,107
3490,09:30:36,$ 3273.035,100
3491,09:30:36,$ 3273.028,100
3492,09:30:35,$ 3273.11,200
3493,09:30:34,$ 3272.56,100
3494,09:30:34,$ 3272.56,100
3495,09:30:34,$ 3273.105,100
3496,09:30:34,$ 3273.11,200
3497,09:30:34,$ 3273.11,200
3498,09:30:34,$ 3273.11,200
3499,09:30:34,$ 3273.11,200
3500,09:30:34,$ 3273.11,200
3501,09:30:32,$ 3272.61,200
3502,09:30:32,$ 3272.585,100
3503,09:30:32,$ 3272.585,100
3504,09:30:32,$ 3273.24,100
3505,09:30:32,$ 3272.355,100
3506,09:30:32,$ 3272.585,100
3508,09:30:32,$ 3272.585,100
3509,09:30:32,$ 3273.51,100
3510,09:30:32,$ 3272.355,100
3511,09:30:32,$ 3273.51,100
3512,09:30:32,$ 3273.44,100
3513,09:30:32,$ 3273.49,100
3514,09:30:32,$ 3273.49,100
3515,09:30:32,$ 3273.49,100
3516,09:30:32,$ 3273.49,102
3517,09:30:32,$ 3273.34,100
3518,09:30:28,$ 3271.64,100
3519,09:30:28,$ 3272.05,100
3520,09:30:26,$ 3272.95,100
3521,09:30:26,$ 3273.13,100
3522,09:30:23,$ 3273.11,100
3523,09:30:18,$ 3276.43,100
3524,09:30:16,$ 3277.8599,100
3525,09:30:13,$ 3277.41,100
3526,09:30:08,$ 3279.08,100
3527,09:30:06,$ 3278.00,100
3529,09:30:32,$ 3272.585,100
3530,09:30:32,$ 3273.51,100
3531,09:30:32,$ 3272.355,100
3532,09:30:32,$ 3273.51,100
3533,09:30:32,$ 3273.44,100
3534,09:30:32,$ 3273.49,100
3535,09:30:32,$ 3273.49,100
3536,09:30:32,$ 3273.49,100
3537,09:30:32,$ 3273.49,102
3538,09:30:32,$ 3273.34,100
3539,09:30:28,$ 3271.64,100
3540,09:30:28,$ 3272.05,100
3541,09:30:26,$ 3272.95,100
3542,09:30:26,$ 3273.13,100
3543,09:30:23,$ 3273.11,100
3544,09:30:18,$ 3276.43,100
3545,09:30:16,$ 3277.8599,100
3546,09:30:13,$ 3277.41,100
3547,09:30:08,$ 3279.08,100
3548,09:30:06,$ 3278.00,100
3550,09:30:06,$ 3278.00,115
3551,09:30:06,$ 3279.205,200
3552,09:30:05,$ 3280.85,100
3553,09:30:05,$ 3279.45,100
3554,09:30:04,$ 3280.01,100
3555,09:30:04,$ 3279.93,100
3556,09:30:04,$ 3279.93,100
3557,09:30:04,$ 3280.00,100
3558,09:30:04,$ 3280.85,125
3559,09:30:04,$ 3280.85,100
3560,09:30:03,$ 3282.00,100
3561,09:30:02,$ 3282.025,100
3562,09:30:02,$ 3282.025,100
3563,09:30:02,$ 3281.525,200
3564,09:30:02,$ 3281.525,100
3565,09:30:01,$ 3282.525,100
3566,09:30:01,$ 3281.525,100
3567,09:30:01,$ 3281.525,100
3568,09:30:01,$ 3281.95,100
3569,09:30:01,$ 3282.32,1
3571,09:30:06,$ 3278.00,115
3572,09:30:06,$ 3279.205,200
3573,09:30:05,$ 3280.85,100
3574,09:30:05,$ 3279.45,100
3575,09:30:04,$ 3280.01,100
3576,09:30:04,$ 3279.93,100
3577,09:30:04,$ 3279.93,100
3578,09:30:04,$ 3280.00,100
3579,09:30:04,$ 3280.85,125
3580,09:30:04,$ 3280.85,100
3581,09:30:03,$ 3282.00,100
3582,09:30:02,$ 3282.025,100
3583,09:30:02,$ 3282.025,100
3584,09:30:02,$ 3281.525,200
3585,09:30:02,$ 3281.525,100
3586,09:30:01,$ 3282.525,100
3587,09:30:01,$ 3281.525,100
3588,09:30:01,$ 3281.525,100
3589,09:30:01,$ 3281.95,100
3590,09:30:01,$ 3282.32,1
3592,09:30:01,$ 3282.32,4
3593,09:30:01,$ 3282.32,10
3594,09:30:01,$ 3282.32,2
3595,09:30:01,$ 3282.32,7
3596,09:30:01,$ 3282.32,4
3597,09:30:01,$ 3282.32,7
3598,09:30:01,$ 3282.32,1
3599,09:30:01,$ 3282.32,6
3600,09:30:01,$ 3282.32,15
3601,09:30:01,$ 3282.32,3
3602,09:30:01,$ 3282.32,9
3603,09:30:01,$ 3282.32,8
3604,09:30:01,$ 3282.32,1
3605,09:30:01,$ 3282.32,1
3606,09:30:01,$ 3282.32,3
3607,09:30:01,$ 3282.32,4
3608,09:30:01,$ 3282.32,2
3609,09:30:01,$ 3282.32,1
3610,09:30:01,$ 3282.32,2
3611,09:30:01,$ 3282.32,1
3613,09:30:01,$ 3282.32,4
3614,09:30:01,$ 3282.32,10
3615,09:30:01,$ 3282.32,2
3616,09:30:01,$ 3282.32,7
3617,09:30:01,$ 3282.32,4
3618,09:30:01,$ 3282.32,7
3619,09:30:01,$ 3282.32,1
3620,09:30:01,$ 3282.32,6
3621,09:30:01,$ 3282.32,15
3622,09:30:01,$ 3282.32,3
3623,09:30:01,$ 3282.32,9
3624,09:30:01,$ 3282.32,8
3625,09:30:01,$ 3282.32,1
3626,09:30:01,$ 3282.32,1
3627,09:30:01,$ 3282.32,3
3628,09:30:01,$ 3282.32,4
3629,09:30:01,$ 3282.32,2
3630,09:30:01,$ 3282.32,1
3631,09:30:01,$ 3282.32,2
3632,09:30:01,$ 3282.32,1
3634,09:30:01,$ 3282.32,18
3635,09:30:01,$ 3282.32,2
3636,09:30:01,$ 3282.32,3
3637,09:30:01,$ 3282.32,3
3638,09:30:01,$ 3282.32,1
3639,09:30:01,$ 3282.32,53
3640,09:30:01,$ 3282.32,6
3641,09:30:01,$ 3282.32,1
3642,09:30:01,$ 3282.32,1
3643,09:30:01,$ 3282.32,1
3644,09:30:01,$ 3282.32,1
3645,09:30:01,$ 3282.32,2
3646,09:30:01,$ 3282.32,53
3647,09:30:01,$ 3282.32,15
3648,09:30:01,$ 3282.32,1
3649,09:30:01,$ 3282.32,2
3650,09:30:01,$ 3282.32,2
3651,09:30:01,$ 3282.32,2
3652,09:30:01,$ 3282.32,91
3653,09:30:01,$ 3282.32,2
3655,09:30:01,$ 3282.32,18
3656,09:30:01,$ 3282.32,2
3657,09:30:01,$ 3282.32,3
3658,09:30:01,$ 3282.32,3
3659,09:30:01,$ 3282.32,1
3660,09:30:01,$ 3282.32,53
3661,09:30:01,$ 3282.32,6
3662,09:30:01,$ 3282.32,1
3663,09:30:01,$ 3282.32,1
3664,09:30:01,$ 3282.32,1
3665,09:30:01,$ 3282.32,1
3666,09:30:01,$ 3282.32,2
3667,09:30:01,$ 3282.32,53
3668,09:30:01,$ 3282.32,15
3669,09:30:01,$ 3282.32,1
3670,09:30:01,$ 3282.32,2
3671,09:30:01,$ 3282.32,2
3672,09:30:01,$ 3282.32,2
3673,09:30:01,$ 3282.32,91
3674,09:30:01,$ 3282.32,2
3676,09:30:01,$ 3282.32,1
3677,09:30:01,$ 3282.32,1
3678,09:30:01,$ 3282.32,3
3679,09:30:01,$ 3282.32,44
3680,09:30:01,$ 3282.32,1
3681,09:30:01,$ 3282.32,2
3682,09:30:01,$ 3282.32,2
3683,09:30:01,$ 3282.32,10
3684,09:30:01,$ 3282.32,2
3685,09:30:01,$ 3282.32,1
3686,09:30:01,$ 3282.32,46
3687,09:30:01,$ 3282.32,8
3688,09:30:01,$ 3282.32,1
3689,09:30:01,$ 3282.32,1
3690,09:30:01,$ 3282.32,7
3691,09:30:01,$ 3282.32,5
3692,09:30:01,$ 3282.32,15
3693,09:30:01,$ 3282.32,2
3694,09:30:01,$ 3282.32,30
3695,09:30:01,$ 3282.32,4
3697,09:30:01,$ 3282.32,1
3698,09:30:01,$ 3282.32,1
3699,09:30:01,$ 3282.32,3
3700,09:30:01,$ 3282.32,44
3701,09:30:01,$ 3282.32,1
3702,09:30:01,$ 3282.32,2
3703,09:30:01,$ 3282.32,2
3704,09:30:01,$ 3282.32,10
3705,09:30:01,$ 3282.32,2
3706,09:30:01,$ 3282.32,1
3707,09:30:01,$ 3282.32,46
3708,09:30:01,$ 3282.32,8
3709,09:30:01,$ 3282.32,1
3710,09:30:01,$ 3282.32,1
3711,09:30:01,$ 3282.32,7
3712,09:30:01,$ 3282.32,5
3713,09:30:01,$ 3282.32,15
3714,09:30:01,$ 3282.32,2
3715,09:30:01,$ 3282.32,30
3716,09:30:01,$ 3282.32,4
3718,09:30:01,$ 3282.32,2
3719,09:30:01,$ 3282.32,4
