,NLS Time (ET),NLS Price,NLS Share Volume
1,09:59:55,$ 3287.50,415
2,09:59:52,$ 3287.50,100
3,09:59:41,$ 3285.63,100
4,09:59:32,$ 3286.17,100
5,09:59:13,$ 3286.91,100
6,09:59:13,$ 3286.91,100
7,09:59:13,$ 3286.91,100
8,09:58:55,$ 3285.87,250
9,09:58:54,$ 3288.20,100
10,09:58:50,$ 3286.765,100
11,09:58:47,$ 3286.99,100
12,09:58:37,$ 3286.555,100
13,09:58:22,$ 3287.0215,128
14,09:58:14,$ 3288.50,100
15,09:58:11,$ 3289.115,100
16,09:58:03,$ 3289.49,100
17,09:57:58,$ 3289.5337,178
18,09:57:41,$ 3287.765,100
19,09:57:39,$ 3287.59,100
20,09:57:30,$ 3287.665,200
22,09:57:25,$ 3287.61,100
23,09:57:25,$ 3286.935,100
24,09:57:25,$ 3287.255,100
25,09:57:24,$ 3287.6099,146
26,09:57:17,$ 3286.67,100
27,09:57:00,$ 3285.56,245
28,09:56:58,$ 3285.71,100
29,09:56:56,$ 3285.90,100
30,09:56:45,$ 3287.325,100
31,09:56:37,$ 3286.21,100
32,09:56:36,$ 3285.84,100
33,09:56:36,$ 3285.84,100
34,09:56:35,$ 3286.6224,235
35,09:56:35,$ 3285.94,100
36,09:56:34,$ 3286.64,100
37,09:56:34,$ 3286.48,200
38,09:56:32,$ 3286.265,200
39,09:56:31,$ 3286.075,100
40,09:56:31,$ 3286.075,100
41,09:56:27,$ 3285.95,100
43,09:56:27,$ 3286.585,100
44,09:56:24,$ 3284.90,100
45,09:56:20,$ 3284.435,100
46,09:56:20,$ 3284.435,100
47,09:56:19,$ 3283.87,100
48,09:56:18,$ 3283.343,100
49,09:56:17,$ 3283.695,100
50,09:56:17,$ 3284.00,100
51,09:56:06,$ 3283.02,100
52,09:56:04,$ 3283.91,100
53,09:56:00,$ 3282.425,100
54,09:55:58,$ 3282.54,200
55,09:55:58,$ 3282.56,200
56,09:55:58,$ 3282.55,100
57,09:55:58,$ 3282.425,100
58,09:55:48,$ 3283.3322,100
59,09:55:43,$ 3281.57,121
60,09:55:43,$ 3281.57,100
61,09:55:42,$ 3281.02,100
62,09:55:42,$ 3281.60,100
64,09:55:42,$ 3281.57,100
65,09:55:42,$ 3281.58,100
66,09:55:42,$ 3281.569,100
67,09:55:41,$ 3281.57,100
68,09:55:40,$ 3281.57,100
69,09:55:39,$ 3280.26,300
70,09:55:39,$ 3280.24,100
71,09:55:30,$ 3280.4693,600
72,09:55:30,$ 3280.33,100
73,09:55:30,$ 3280.02,100
74,09:55:29,$ 3280.36,100
75,09:55:29,$ 3280.36,100
76,09:55:29,$ 3280.33,189
77,09:55:29,$ 3280.64,300
78,09:55:29,$ 3280.54,100
79,09:55:29,$ 3280.3305,100
80,09:55:29,$ 3280.52,400
81,09:55:29,$ 3280.37,100
82,09:55:28,$ 3281.7256,100
83,09:55:26,$ 3280.5785,146
85,09:55:22,$ 3280.695,100
86,09:55:20,$ 3280.62,100
87,09:55:20,$ 3280.72,100
88,09:55:20,$ 3280.50,100
89,09:55:03,$ 3281.80,100
90,09:55:02,$ 3281.6497,200
91,09:55:01,$ 3281.31,100
92,09:55:01,$ 3281.31,100
93,09:55:01,$ 3281.57,100
94,09:55:01,$ 3282.40,100
95,09:55:01,$ 3282.35,100
96,09:54:58,$ 3283.6738,100
97,09:54:56,$ 3281.465,200
98,09:54:55,$ 3281.49,100
99,09:54:53,$ 3282.00,100
100,09:54:53,$ 3281.805,100
101,09:54:51,$ 3280.635,100
102,09:54:51,$ 3280.635,100
103,09:54:51,$ 3280.725,100
104,09:54:51,$ 3280.61,300
106,09:54:48,$ 3281.34,100
107,09:54:48,$ 3282.05,100
108,09:54:44,$ 3282.00,307
109,09:54:43,$ 3282.92,100
110,09:54:43,$ 3282.92,100
111,09:54:42,$ 3282.82,100
112,09:54:42,$ 3283.00,100
113,09:54:42,$ 3283.00,100
114,09:54:40,$ 3284.46,100
115,09:54:35,$ 3283.9147,500
116,09:54:34,$ 3283.22,100
117,09:54:33,$ 3284.17,100
118,09:54:32,$ 3283.52,100
119,09:54:32,$ 3284.18,100
120,09:54:32,$ 3284.97,100
121,09:54:27,$ 3285.58,100
122,09:54:22,$ 3285.25,100
123,09:54:22,$ 3285.24,100
124,09:54:22,$ 3285.24,100
125,09:54:19,$ 3285.82,100
127,09:54:15,$ 3287.13,100
128,09:54:13,$ 3287.67,100
129,09:54:12,$ 3287.00,341
130,09:54:12,$ 3287.00,100
131,09:54:12,$ 3287.92,100
132,09:54:11,$ 3287.68,100
133,09:54:10,$ 3288.23,100
134,09:54:02,$ 3287.9899,100
135,09:54:02,$ 3287.155,100
136,09:53:46,$ 3287.375,100
137,09:53:44,$ 3287.015,100
138,09:53:42,$ 3287.68,100
139,09:53:40,$ 3287.1822,100
140,09:53:39,$ 3287.28,100
141,09:53:38,$ 3286.92,100
142,09:53:34,$ 3286.47,100
143,09:53:04,$ 3285.95,129
144,09:53:04,$ 3285.71,100
145,09:53:00,$ 3285.205,100
146,09:53:00,$ 3285.205,100
148,09:53:00,$ 3285.205,100
149,09:52:56,$ 3285.255,100
150,09:52:53,$ 3286.215,100
151,09:52:53,$ 3286.18,100
152,09:52:51,$ 3285.22,100
153,09:52:41,$ 3285.75,100
154,09:52:41,$ 3285.81,100
155,09:52:28,$ 3285.65,100
156,09:52:10,$ 3285.38,100
157,09:52:01,$ 3286.485,100
158,09:51:57,$ 3287.24,100
159,09:51:51,$ 3286.74,200
160,09:51:51,$ 3287.7499,100
161,09:51:49,$ 3287.30,712
162,09:51:49,$ 3286.85,214
163,09:51:46,$ 3286.74,100
164,09:51:46,$ 3286.74,100
165,09:51:43,$ 3286.08,216
166,09:51:43,$ 3286.08,100
167,09:51:43,$ 3286.32,500
169,09:51:42,$ 3286.2077,230
170,09:51:41,$ 3286.56,100
171,09:51:33,$ 3285.65,100
172,09:51:24,$ 3284.48,100
173,09:51:23,$ 3284.815,100
174,09:51:22,$ 3284.233,452
175,09:51:17,$ 3283.30,100
176,09:51:17,$ 3282.22,"1,000"
177,09:51:10,$ 3283.3047,100
178,09:51:08,$ 3282.43,100
179,09:51:05,$ 3283.07,100
180,09:50:59,$ 3283.91,100
181,09:50:54,$ 3282.94,100
182,09:50:54,$ 3282.33,100
183,09:50:54,$ 3282.71,100
184,09:50:54,$ 3282.65,100
185,09:50:53,$ 3282.27,100
186,09:50:53,$ 3282.23,"1,000"
187,09:50:53,$ 3282.30,100
188,09:50:53,$ 3282.99,150
190,09:50:49,$ 3282.61,100
191,09:50:49,$ 3282.61,100
192,09:50:48,$ 3282.24,100
193,09:50:48,$ 3282.70,100
194,09:50:48,$ 3283.87,100
195,09:50:48,$ 3283.92,100
196,09:50:48,$ 3284.32,100
197,09:50:48,$ 3284.29,100
198,09:50:48,$ 3283.98,100
199,09:50:48,$ 3284.32,100
200,09:50:45,$ 3284.20,100
201,09:50:43,$ 3283.83,100
202,09:50:40,$ 3283.43,100
203,09:50:40,$ 3283.48,200
204,09:50:40,$ 3283.48,100
205,09:50:39,$ 3283.29,100
206,09:50:38,$ 3283.305,100
207,09:50:37,$ 3282.985,100
208,09:50:37,$ 3283.035,100
209,09:50:37,$ 3283.47,100
211,09:50:36,$ 3282.995,100
212,09:50:36,$ 3283.035,100
213,09:50:33,$ 3284.29,150
214,09:50:32,$ 3284.23,100
215,09:50:32,$ 3284.02,100
216,09:50:32,$ 3284.30,100
217,09:50:19,$ 3284.81,100
218,09:50:19,$ 3283.94,100
219,09:50:19,$ 3284.42,100
220,09:50:19,$ 3285.01,100
221,09:50:19,$ 3285.00,100
222,09:50:19,$ 3285.125,100
223,09:50:19,$ 3285.115,100
224,09:50:18,$ 3286.205,100
225,09:50:18,$ 3285.20,100
226,09:50:18,$ 3285.20,143
227,09:50:18,$ 3285.45,100
228,09:50:18,$ 3286.45,100
229,09:50:10,$ 3288.20,184
230,09:50:10,$ 3288.20,100
232,09:50:10,$ 3288.20,117
233,09:50:09,$ 3288.08,100
234,09:50:06,$ 3287.385,100
235,09:50:04,$ 3287.7085,"1,000"
236,09:50:01,$ 3288.00,100
237,09:49:58,$ 3288.05,100
238,09:49:48,$ 3287.80,100
239,09:49:45,$ 3290.23,100
240,09:49:45,$ 3289.16,100
241,09:49:45,$ 3289.155,100
242,09:49:45,$ 3288.55,100
243,09:49:42,$ 3287.63,100
244,09:49:38,$ 3287.15,100
245,09:49:30,$ 3290.22,100
246,09:49:20,$ 3289.84,100
247,09:49:18,$ 3289.25,100
248,09:49:18,$ 3289.97,300
249,09:49:16,$ 3290.00,100
250,09:49:16,$ 3290.56,100
251,09:49:16,$ 3290.01,100
253,09:49:12,$ 3290.395,100
254,09:49:10,$ 3291.285,100
255,09:49:10,$ 3291.395,100
256,09:49:10,$ 3291.09,100
257,09:49:09,$ 3292.55,100
258,09:49:09,$ 3291.94,100
259,09:49:07,$ 3291.29,100
260,09:49:06,$ 3293.00,100
261,09:49:06,$ 3293.00,100
262,09:49:03,$ 3293.27,100
263,09:49:00,$ 3294.54,100
264,09:49:00,$ 3295.19,100
265,09:48:59,$ 3294.93,100
266,09:48:58,$ 3296.045,100
267,09:48:57,$ 3295.60,100
268,09:48:57,$ 3295.59,100
269,09:48:55,$ 3296.50,100
270,09:48:55,$ 3296.90,100
271,09:48:55,$ 3296.90,100
272,09:48:54,$ 3296.235,200
274,09:48:44,$ 3296.995,100
275,09:48:43,$ 3296.42,100
276,09:48:40,$ 3297.5055,125
277,09:48:39,$ 3295.716,614
278,09:48:39,$ 3296.525,300
279,09:48:37,$ 3296.955,100
280,09:48:35,$ 3296.69,100
281,09:48:33,$ 3296.3544,100
282,09:48:32,$ 3296.16,150
283,09:48:32,$ 3296.79,100
284,09:48:30,$ 3297.58,200
285,09:48:28,$ 3296.1915,200
286,09:48:27,$ 3297.00,900
287,09:48:27,$ 3297.00,100
288,09:48:27,$ 3296.83,100
289,09:48:19,$ 3296.00,100
290,09:48:18,$ 3295.50,100
291,09:48:17,$ 3295.9638,150
292,09:48:15,$ 3295.3094,228
293,09:48:14,$ 3295.01,100
295,09:48:14,$ 3294.66,500
296,09:48:07,$ 3293.58,100
297,09:47:58,$ 3292.10,250
298,09:47:51,$ 3294.8172,100
299,09:47:49,$ 3294.415,100
300,09:47:49,$ 3293.165,100
301,09:47:48,$ 3294.485,100
302,09:47:47,$ 3293.61,100
303,09:47:47,$ 3294.33,100
304,09:47:47,$ 3294.35,100
305,09:47:47,$ 3295.115,100
306,09:47:41,$ 3295.1233,300
307,09:47:40,$ 3295.125,200
308,09:47:40,$ 3295.67,100
309,09:47:39,$ 3295.00,100
310,09:47:39,$ 3295.59,100
311,09:47:34,$ 3293.85,100
312,09:47:34,$ 3293.88,100
313,09:47:31,$ 3293.775,100
314,09:47:24,$ 3292.59,200
316,09:47:18,$ 3293.075,100
317,09:47:17,$ 3293.66,100
318,09:47:11,$ 3293.34,100
319,09:47:11,$ 3293.33,100
320,09:47:11,$ 3293.565,200
321,09:47:11,$ 3293.56,100
322,09:47:09,$ 3293.80,100
323,09:47:09,$ 3293.5201,100
324,09:47:08,$ 3294.08,100
325,09:46:59,$ 3294.01,100
326,09:46:53,$ 3294.7999,150
327,09:46:51,$ 3294.00,100
328,09:46:47,$ 3294.20,100
329,09:46:43,$ 3294.19,100
330,09:46:43,$ 3293.67,100
331,09:46:43,$ 3293.6427,100
332,09:46:43,$ 3293.67,100
333,09:46:43,$ 3294.028,100
334,09:46:41,$ 3294.389,194
335,09:46:37,$ 3294.85,100
337,09:46:37,$ 3294.85,100
338,09:46:36,$ 3294.72,100
339,09:46:36,$ 3294.77,100
340,09:46:30,$ 3295.86,100
341,09:46:25,$ 3296.3177,200
342,09:46:22,$ 3296.365,100
343,09:46:15,$ 3295.301,250
344,09:46:14,$ 3295.531,100
345,09:46:13,$ 3295.28,100
346,09:46:12,$ 3295.12,100
347,09:46:12,$ 3295.495,100
348,09:46:12,$ 3295.3715,750
349,09:46:12,$ 3295.945,100
350,09:46:04,$ 3295.095,100
351,09:46:02,$ 3295.33,100
352,09:46:02,$ 3295.72,100
353,09:46:02,$ 3295.72,100
354,09:45:57,$ 3294.85,100
355,09:45:57,$ 3295.00,130
356,09:45:57,$ 3295.00,100
358,09:45:55,$ 3296.51,100
359,09:45:54,$ 3296.51,100
360,09:45:54,$ 3296.51,100
361,09:45:54,$ 3295.319,"1,000"
362,09:45:51,$ 3296.2181,300
363,09:45:50,$ 3295.6801,100
364,09:45:50,$ 3295.69,100
365,09:45:50,$ 3295.68,100
366,09:45:49,$ 3296.16,100
367,09:45:48,$ 3296.63,100
368,09:45:48,$ 3295.95,100
369,09:45:47,$ 3294.8701,169
370,09:45:46,$ 3295.55,100
371,09:45:44,$ 3296.54,100
372,09:45:44,$ 3295.92,100
373,09:45:44,$ 3294.89,100
374,09:45:44,$ 3294.86,100
375,09:45:44,$ 3294.86,100
376,09:45:44,$ 3294.84,100
377,09:45:41,$ 3296.00,100
379,09:45:41,$ 3296.00,100
380,09:45:41,$ 3296.00,100
381,09:45:41,$ 3295.68,100
382,09:45:36,$ 3294.82,100
383,09:45:36,$ 3294.82,200
384,09:45:36,$ 3294.65,100
385,09:45:35,$ 3294.7402,400
386,09:45:33,$ 3294.7339,100
387,09:45:33,$ 3295.00,400
388,09:45:33,$ 3295.00,100
389,09:45:33,$ 3295.00,300
390,09:45:33,$ 3294.255,100
391,09:45:32,$ 3294.105,100
392,09:45:31,$ 3293.23,"1,000"
393,09:45:26,$ 3293.19,100
394,09:45:25,$ 3293.675,100
395,09:45:22,$ 3293.565,100
396,09:45:21,$ 3294.0211,100
397,09:45:20,$ 3294.31,100
398,09:45:15,$ 3293.685,100
400,09:45:12,$ 3293.57,100
401,09:45:09,$ 3293.6999,100
402,09:45:09,$ 3293.6999,300
403,09:45:02,$ 3291.48,200
404,09:45:01,$ 3292.45,150
405,09:45:00,$ 3291.60,100
406,09:45:00,$ 3291.66,100
407,09:44:59,$ 3291.66,100
408,09:44:59,$ 3291.98,100
409,09:44:59,$ 3291.26,100
410,09:44:59,$ 3290.72,100
411,09:44:59,$ 3289.965,100
412,09:44:59,$ 3290.59,100
413,09:44:54,$ 3289.41,100
414,09:44:46,$ 3290.07,100
415,09:44:45,$ 3290.452,100
416,09:44:44,$ 3290.15,150
417,09:44:44,$ 3290.15,100
418,09:44:44,$ 3290.20,100
419,09:44:44,$ 3290.37,100
421,09:44:40,$ 3291.145,"1,000"
422,09:44:39,$ 3290.37,100
423,09:44:34,$ 3291.515,177
424,09:44:29,$ 3293.75,195
425,09:44:22,$ 3292.90,100
426,09:44:15,$ 3294.05,200
427,09:44:15,$ 3294.00,207
428,09:44:15,$ 3293.89,100
429,09:44:14,$ 3293.38,100
430,09:44:13,$ 3293.3636,100
431,09:44:12,$ 3292.56,100
432,09:44:06,$ 3291.4996,"1,000"
433,09:44:04,$ 3291.96,100
434,09:44:00,$ 3291.395,100
435,09:44:00,$ 3291.58,100
436,09:43:57,$ 3290.54,100
437,09:43:56,$ 3291.09,100
438,09:43:56,$ 3291.08,182
439,09:43:56,$ 3291.525,100
440,09:43:52,$ 3291.08,100
442,09:43:52,$ 3291.22,100
443,09:43:51,$ 3291.0836,100
444,09:43:50,$ 3292.16,100
445,09:43:50,$ 3292.17,100
446,09:43:47,$ 3292.00,100
447,09:43:44,$ 3293.002,100
448,09:43:44,$ 3293.00,170
449,09:43:44,$ 3293.97,100
450,09:43:42,$ 3292.82,100
451,09:43:42,$ 3292.82,100
452,09:43:40,$ 3292.42,100
453,09:43:39,$ 3293.00,100
454,09:43:39,$ 3292.235,100
455,09:43:38,$ 3292.8609,232
456,09:43:37,$ 3292.215,100
457,09:43:36,$ 3292.22,"1,000"
458,09:43:35,$ 3291.74,100
459,09:43:35,$ 3291.8503,100
460,09:43:34,$ 3292.63,100
461,09:43:34,$ 3293.00,100
463,09:43:34,$ 3293.00,100
464,09:43:34,$ 3292.3931,"1,000"
465,09:43:34,$ 3292.1088,100
466,09:43:33,$ 3293.00,100
467,09:43:33,$ 3292.40,111
468,09:43:33,$ 3292.61,100
469,09:43:29,$ 3290.93,100
470,09:43:26,$ 3290.39,100
471,09:43:23,$ 3290.00,100
472,09:43:23,$ 3290.00,100
473,09:43:23,$ 3290.09,100
474,09:43:23,$ 3290.01,100
475,09:43:23,$ 3291.15,200
476,09:43:21,$ 3290.9288,100
477,09:43:21,$ 3290.435,100
478,09:43:21,$ 3290.2515,400
479,09:43:19,$ 3289.795,200
480,09:43:15,$ 3291.76,100
481,09:43:12,$ 3291.95,100
482,09:43:11,$ 3292.40,100
484,09:43:11,$ 3291.885,100
485,09:43:11,$ 3293.00,100
486,09:43:10,$ 3291.97,100
487,09:43:09,$ 3292.00,100
488,09:43:09,$ 3292.00,100
489,09:43:09,$ 3292.00,100
490,09:43:08,$ 3292.00,100
491,09:43:07,$ 3291.02,100
492,09:43:07,$ 3291.87,100
493,09:43:06,$ 3290.66,100
494,09:43:06,$ 3290.475,100
495,09:43:05,$ 3290.635,100
496,09:43:05,$ 3290.75,176
497,09:43:05,$ 3290.485,100
498,09:43:04,$ 3289.695,100
499,09:43:04,$ 3290.00,100
500,09:43:04,$ 3290.00,200
501,09:43:04,$ 3290.00,100
502,09:43:04,$ 3289.40,168
503,09:43:04,$ 3289.40,100
505,09:43:04,$ 3289.80,100
506,09:43:04,$ 3289.785,100
507,09:43:03,$ 3288.52,100
508,09:43:03,$ 3289.12,100
509,09:43:03,$ 3288.47,900
510,09:43:02,$ 3288.44,100
511,09:43:02,$ 3287.79,100
512,09:43:02,$ 3288.10,100
513,09:43:01,$ 3287.00,900
514,09:43:00,$ 3286.065,100
515,09:43:00,$ 3286.00,100
516,09:42:49,$ 3284.505,100
517,09:42:49,$ 3284.39,100
518,09:42:37,$ 3284.875,100
519,09:42:35,$ 3284.875,200
520,09:42:35,$ 3284.08,100
521,09:42:33,$ 3284.87,100
522,09:42:32,$ 3284.91,100
523,09:42:24,$ 3284.06,100
524,09:42:24,$ 3284.06,100
526,09:42:23,$ 3283.42,100
527,09:42:10,$ 3283.7583,100
528,09:41:59,$ 3283.155,100
529,09:41:55,$ 3282.58,100
530,09:41:49,$ 3283.01,100
531,09:41:45,$ 3284.00,100
532,09:41:44,$ 3283.51,128
533,09:41:44,$ 3283.91,100
534,09:41:42,$ 3284.43,100
535,09:41:42,$ 3284.31,100
536,09:41:41,$ 3284.31,100
537,09:41:35,$ 3284.75,100
538,09:41:34,$ 3285.435,100
539,09:41:31,$ 3284.54,178
540,09:41:30,$ 3284.73,100
541,09:41:29,$ 3285.71,100
542,09:41:28,$ 3286.00,171
543,09:41:20,$ 3283.75,107
544,09:41:19,$ 3282.53,200
545,09:41:19,$ 3282.67,100
547,09:41:19,$ 3282.60,100
548,09:41:19,$ 3282.55,100
549,09:41:19,$ 3283.39,194
550,09:41:19,$ 3284.38,100
551,09:41:19,$ 3283.98,100
552,09:41:19,$ 3283.93,100
553,09:41:19,$ 3283.93,290
554,09:41:15,$ 3284.7699,100
555,09:41:13,$ 3284.76,100
556,09:41:11,$ 3283.90,100
557,09:41:11,$ 3284.25,100
558,09:41:10,$ 3284.085,100
559,09:41:09,$ 3284.255,100
560,09:41:08,$ 3283.58,100
561,09:41:08,$ 3283.54,100
562,09:41:08,$ 3283.52,100
563,09:41:01,$ 3283.47,114
564,09:40:54,$ 3283.70,100
565,09:40:53,$ 3284.23,100
566,09:40:52,$ 3283.02,100
568,09:40:52,$ 3283.015,100
569,09:40:52,$ 3282.44,100
570,09:40:47,$ 3282.595,200
571,09:40:31,$ 3281.35,100
572,09:40:25,$ 3282.8945,200
573,09:40:22,$ 3282.165,100
574,09:40:22,$ 3282.16,100
575,09:40:22,$ 3282.98,100
576,09:40:22,$ 3283.03,100
577,09:40:20,$ 3283.65,100
578,09:40:13,$ 3282.97,100
579,09:40:13,$ 3282.97,148
580,09:40:08,$ 3282.94,200
581,09:39:56,$ 3282.685,100
582,09:39:48,$ 3281.16,100
583,09:39:48,$ 3281.16,100
584,09:39:48,$ 3281.16,100
585,09:39:48,$ 3281.16,100
586,09:39:34,$ 3281.16,100
587,09:39:23,$ 3280.40,100
589,09:39:22,$ 3281.35,100
590,09:39:22,$ 3281.325,100
591,09:39:16,$ 3280.93,100
592,09:39:16,$ 3280.63,100
593,09:39:16,$ 3280.92,200
594,09:39:12,$ 3280.31,100
595,09:39:08,$ 3280.00,100
596,09:39:05,$ 3279.82,100
597,09:38:53,$ 3280.035,500
598,09:38:53,$ 3280.035,300
599,09:38:52,$ 3280.8573,100
600,09:38:48,$ 3280.34,100
601,09:38:48,$ 3280.55,100
602,09:38:47,$ 3280.54,100
603,09:38:47,$ 3280.55,100
604,09:38:47,$ 3280.55,100
605,09:38:47,$ 3280.53,100
606,09:38:46,$ 3280.45,100
607,09:38:41,$ 3279.58,100
608,09:38:41,$ 3280.09,200
610,09:38:40,$ 3280.365,100
611,09:38:40,$ 3281.4654,903
612,09:38:40,$ 3279.50,100
613,09:38:32,$ 3279.57,100
614,09:38:31,$ 3279.56,100
615,09:38:31,$ 3279.19,100
616,09:38:28,$ 3278.45,100
617,09:38:27,$ 3278.78,100
618,09:38:20,$ 3278.81,100
619,09:38:20,$ 3278.67,100
620,09:38:20,$ 3278.855,100
621,09:38:20,$ 3278.38,100
622,09:38:20,$ 3277.76,100
623,09:38:19,$ 3278.38,100
624,09:38:14,$ 3280.69,100
625,09:38:11,$ 3280.16,100
626,09:38:09,$ 3282.01,100
627,09:38:09,$ 3282.01,100
628,09:38:09,$ 3281.14,100
629,09:38:09,$ 3280.92,100
631,09:38:04,$ 3282.8798,250
632,09:38:03,$ 3282.50,100
633,09:38:02,$ 3281.19,100
634,09:38:01,$ 3281.28,100
635,09:38:00,$ 3282.3409,100
636,09:38:00,$ 3281.82,100
637,09:37:58,$ 3281.377,100
638,09:37:58,$ 3281.52,100
639,09:37:58,$ 3281.52,200
640,09:37:58,$ 3281.20,100
641,09:37:58,$ 3281.18,100
642,09:37:58,$ 3281.32,100
643,09:37:58,$ 3281.32,100
644,09:37:57,$ 3281.3436,800
645,09:37:57,$ 3281.26,100
646,09:37:57,$ 3281.17,100
647,09:37:57,$ 3281.18,100
648,09:37:57,$ 3281.195,100
649,09:37:57,$ 3281.52,100
650,09:37:56,$ 3282.075,100
652,09:37:50,$ 3284.365,100
653,09:37:50,$ 3284.365,100
654,09:37:47,$ 3284.275,100
655,09:37:47,$ 3284.06,100
656,09:37:46,$ 3284.365,100
657,09:37:44,$ 3283.64,100
658,09:37:44,$ 3283.68,100
659,09:37:41,$ 3284.57,100
660,09:37:41,$ 3284.57,100
661,09:37:40,$ 3285.15,100
662,09:37:36,$ 3285.10,250
663,09:37:36,$ 3285.08,100
664,09:37:34,$ 3285.105,100
665,09:37:32,$ 3285.13,100
666,09:37:32,$ 3285.16,100
667,09:37:29,$ 3286.32,100
668,09:37:27,$ 3286.49,100
669,09:37:26,$ 3285.725,100
670,09:37:22,$ 3285.63,100
671,09:37:22,$ 3285.70,100
673,09:37:20,$ 3286.304,100
674,09:37:16,$ 3287.0346,100
675,09:37:12,$ 3286.28,100
676,09:37:11,$ 3287.65,100
677,09:37:10,$ 3286.245,100
678,09:37:09,$ 3286.50,"1,000"
679,09:37:08,$ 3285.641,100
680,09:37:07,$ 3285.5425,100
681,09:37:07,$ 3285.485,100
682,09:37:07,$ 3285.485,100
683,09:37:07,$ 3287.00,100
684,09:37:07,$ 3286.62,100
685,09:37:07,$ 3286.70,100
686,09:37:06,$ 3287.00,100
687,09:37:03,$ 3287.03,100
688,09:37:02,$ 3286.97,100
689,09:37:02,$ 3286.98,100
690,09:37:00,$ 3286.06,100
691,09:37:00,$ 3286.175,100
692,09:37:00,$ 3285.68,100
694,09:37:00,$ 3286.17,100
695,09:37:00,$ 3286.22,100
696,09:36:55,$ 3286.3096,300
697,09:36:53,$ 3287.16,100
698,09:36:52,$ 3287.475,100
699,09:36:52,$ 3287.465,100
700,09:36:51,$ 3285.9007,100
701,09:36:37,$ 3285.38,100
702,09:36:34,$ 3285.38,100
703,09:36:34,$ 3285.38,100
704,09:36:34,$ 3285.165,100
705,09:36:32,$ 3285.30,100
706,09:36:32,$ 3285.30,100
707,09:36:28,$ 3284.8792,165
708,09:36:19,$ 3284.495,100
709,09:36:18,$ 3284.58,200
710,09:36:16,$ 3284.58,100
711,09:36:15,$ 3285.715,100
712,09:36:15,$ 3285.03,100
713,09:36:14,$ 3285.00,100
715,09:36:11,$ 3286.19,100
716,09:36:11,$ 3286.22,100
717,09:36:11,$ 3286.0292,100
718,09:36:09,$ 3285.56,100
719,09:36:09,$ 3286.536,100
720,09:36:09,$ 3287.43,162
721,09:36:08,$ 3288.00,100
722,09:36:07,$ 3288.11,100
723,09:36:07,$ 3287.335,200
724,09:36:05,$ 3288.33,100
725,09:36:05,$ 3288.32,100
726,09:36:05,$ 3288.00,100
727,09:36:04,$ 3286.2096,100
728,09:36:02,$ 3287.45,300
729,09:36:02,$ 3287.25,100
730,09:36:02,$ 3286.51,103
731,09:36:01,$ 3286.53,150
732,09:36:00,$ 3286.26,100
733,09:36:00,$ 3286.26,289
734,09:35:59,$ 3286.26,100
736,09:35:59,$ 3286.05,100
737,09:35:59,$ 3285.325,200
738,09:35:59,$ 3286.24,100
739,09:35:58,$ 3285.3216,300
740,09:35:56,$ 3284.91,100
741,09:35:56,$ 3284.9216,150
742,09:35:55,$ 3284.35,100
743,09:35:55,$ 3285.245,100
744,09:35:53,$ 3285.915,100
745,09:35:53,$ 3285.98,100
746,09:35:51,$ 3284.91,100
747,09:35:51,$ 3284.915,100
748,09:35:51,$ 3284.93,100
749,09:35:51,$ 3285.00,100
750,09:35:51,$ 3284.88,100
751,09:35:50,$ 3284.8799,500
752,09:35:48,$ 3284.895,100
753,09:35:48,$ 3284.50,100
754,09:35:48,$ 3284.50,100
755,09:35:42,$ 3283.74,178
757,09:35:38,$ 3280.795,100
758,09:35:38,$ 3281.94,100
759,09:35:38,$ 3281.05,100
760,09:35:38,$ 3281.64,100
761,09:35:38,$ 3280.98,"1,435"
762,09:35:38,$ 3280.99,100
763,09:35:36,$ 3280.50,100
764,09:35:33,$ 3280.05,100
765,09:35:31,$ 3281.00,100
766,09:35:31,$ 3280.05,100
767,09:35:30,$ 3279.515,100
768,09:35:29,$ 3279.8482,100
769,09:35:25,$ 3278.16,100
770,09:35:16,$ 3278.87,100
771,09:35:12,$ 3276.865,200
772,09:35:12,$ 3277.48,100
773,09:35:05,$ 3276.31,100
774,09:35:05,$ 3276.225,100
775,09:35:00,$ 3276.00,100
776,09:35:00,$ 3276.27,100
778,09:34:53,$ 3277.00,252
779,09:34:53,$ 3277.00,100
780,09:34:53,$ 3276.65,100
781,09:34:52,$ 3277.0001,500
782,09:34:48,$ 3277.48,100
783,09:34:48,$ 3277.43,100
784,09:34:44,$ 3277.49,100
785,09:34:44,$ 3277.72,100
786,09:34:44,$ 3277.43,100
787,09:34:44,$ 3277.44,100
788,09:34:44,$ 3277.38,100
789,09:34:44,$ 3277.39,100
790,09:34:44,$ 3277.44,100
791,09:34:40,$ 3276.33,100
792,09:34:40,$ 3275.47,100
793,09:34:40,$ 3275.47,100
794,09:34:29,$ 3276.77,100
795,09:34:19,$ 3277.07,100
796,09:34:19,$ 3277.23,100
797,09:34:06,$ 3277.49,100
799,09:34:00,$ 3276.99,100
800,09:34:00,$ 3276.40,100
801,09:33:59,$ 3276.40,100
802,09:33:58,$ 3278.88,100
803,09:33:53,$ 3278.09,100
804,09:33:51,$ 3278.09,200
805,09:33:41,$ 3278.5075,100
806,09:33:40,$ 3280.605,100
807,09:33:38,$ 3280.97,100
808,09:33:36,$ 3277.94,100
809,09:33:32,$ 3280.62,100
810,09:33:32,$ 3280.99,100
811,09:33:32,$ 3280.99,100
812,09:33:32,$ 3281.37,100
813,09:33:16,$ 3281.04,100
814,09:33:05,$ 3281.22,100
815,09:33:03,$ 3281.34,182
816,09:33:00,$ 3279.93,100
817,09:32:59,$ 3279.28,100
818,09:32:59,$ 3277.99,100
820,09:32:59,$ 3278.44,185
821,09:32:59,$ 3277.73,100
822,09:32:59,$ 3277.90,100
823,09:32:59,$ 3277.98,100
824,09:32:59,$ 3277.99,100
825,09:32:59,$ 3277.99,100
826,09:32:59,$ 3277.275,100
827,09:32:59,$ 3277.2725,100
828,09:32:59,$ 3277.275,200
829,09:32:59,$ 3277.275,300
830,09:32:54,$ 3278.4587,120
831,09:32:46,$ 3278.62,100
832,09:32:46,$ 3278.58,100
833,09:32:45,$ 3279.51,100
834,09:32:45,$ 3281.2399,100
835,09:32:45,$ 3279.905,100
836,09:32:41,$ 3280.435,100
837,09:32:39,$ 3279.65,200
838,09:32:39,$ 3279.73,100
839,09:32:37,$ 3281.245,100
841,09:32:37,$ 3281.30,100
842,09:32:37,$ 3281.33,100
843,09:32:37,$ 3281.34,100
844,09:32:37,$ 3282.24,100
845,09:32:37,$ 3282.24,100
846,09:32:37,$ 3282.26,200
847,09:32:34,$ 3281.295,100
848,09:32:30,$ 3281.29,200
849,09:32:30,$ 3281.29,200
850,09:32:27,$ 3280.6149,"1,000"
851,09:32:23,$ 3279.885,100
852,09:32:21,$ 3278.985,100
853,09:32:20,$ 3280.42,100
854,09:32:19,$ 3279.20,100
855,09:32:19,$ 3281.78,265
856,09:32:19,$ 3281.38,125
857,09:32:19,$ 3281.20,100
858,09:32:19,$ 3280.84,100
859,09:32:16,$ 3279.5041,200
860,09:32:11,$ 3282.30,100
862,09:32:10,$ 3282.26,200
863,09:32:06,$ 3283.47,100
864,09:32:05,$ 3284.85,100
865,09:32:03,$ 3284.885,100
866,09:31:57,$ 3285.99,100
867,09:31:57,$ 3285.82,100
868,09:31:57,$ 3285.82,100
869,09:31:57,$ 3285.82,100
870,09:31:54,$ 3284.72,187
871,09:31:52,$ 3285.47,100
872,09:31:49,$ 3284.945,250
873,09:31:45,$ 3284.98,232
874,09:31:33,$ 3283.34,250
875,09:31:32,$ 3284.055,100
876,09:31:30,$ 3282.805,300
877,09:31:29,$ 3282.6975,100
878,09:31:28,$ 3283.00,100
879,09:31:28,$ 3283.00,100
880,09:31:28,$ 3283.00,200
881,09:31:28,$ 3283.43,100
883,09:31:27,$ 3285.14,100
884,09:31:27,$ 3285.05,100
885,09:31:27,$ 3285.00,629
886,09:31:27,$ 3285.00,134
887,09:31:26,$ 3285.85,100
888,09:31:26,$ 3285.85,100
889,09:31:22,$ 3284.95,100
890,09:31:22,$ 3285.00,100
891,09:31:16,$ 3283.35,100
892,09:31:13,$ 3284.60,100
893,09:31:13,$ 3284.05,100
894,09:31:12,$ 3284.05,100
895,09:31:10,$ 3284.99,196
896,09:31:10,$ 3284.99,107
897,09:31:10,$ 3285.00,100
898,09:31:09,$ 3284.60,100
899,09:31:07,$ 3283.63,160
900,09:31:07,$ 3283.64,100
901,09:31:05,$ 3282.52,100
902,09:31:05,$ 3282.4168,100
904,09:30:59,$ 3282.995,180
905,09:30:55,$ 3283.85,100
906,09:30:55,$ 3283.64,100
907,09:30:55,$ 3283.95,100
908,09:30:55,$ 3284.29,100
909,09:30:54,$ 3285.00,100
910,09:30:53,$ 3285.025,100
911,09:30:53,$ 3286.38,100
912,09:30:53,$ 3286.121,100
913,09:30:53,$ 3286.18,100
914,09:30:53,$ 3285.80,299
915,09:30:53,$ 3285.80,100
916,09:30:52,$ 3285.59,100
917,09:30:49,$ 3286.0703,100
918,09:30:49,$ 3286.0369,100
919,09:30:49,$ 3286.43,100
920,09:30:49,$ 3286.43,100
921,09:30:48,$ 3286.00,100
922,09:30:48,$ 3285.84,114
923,09:30:48,$ 3285.84,100
925,09:30:47,$ 3285.00,100
926,09:30:47,$ 3285.00,100
927,09:30:47,$ 3285.00,494
928,09:30:47,$ 3284.195,138
929,09:30:47,$ 3284.00,400
930,09:30:47,$ 3284.00,500
931,09:30:47,$ 3284.00,100
932,09:30:47,$ 3283.85,100
933,09:30:47,$ 3283.62,100
934,09:30:47,$ 3283.79,100
935,09:30:47,$ 3283.83,200
936,09:30:47,$ 3283.83,150
937,09:30:47,$ 3283.83,100
938,09:30:45,$ 3282.80,100
939,09:30:45,$ 3282.80,100
940,09:30:44,$ 3282.80,100
941,09:30:42,$ 3282.75,100
942,09:30:42,$ 3281.54,100
943,09:30:42,$ 3281.82,100
944,09:30:42,$ 3281.57,100
946,09:30:41,$ 3282.215,100
947,09:30:37,$ 3281.455,200
948,09:30:36,$ 3282.0622,100
949,09:30:36,$ 3281.86,100
950,09:30:35,$ 3281.82,100
951,09:30:35,$ 3281.60,100
952,09:30:35,$ 3280.815,100
953,09:30:35,$ 3281.245,100
954,09:30:35,$ 3281.135,100
955,09:30:35,$ 3280.725,100
956,09:30:35,$ 3280.81,100
957,09:30:34,$ 3282.25,100
958,09:30:31,$ 3283.00,100
959,09:30:31,$ 3282.80,100
960,09:30:31,$ 3281.72,100
961,09:30:30,$ 3281.2194,100
962,09:30:30,$ 3282.83,100
963,09:30:30,$ 3282.236,100
964,09:30:27,$ 3282.8525,100
965,09:30:27,$ 3283.35,100
967,09:30:24,$ 3282.56,100
968,09:30:23,$ 3282.00,100
969,09:30:23,$ 3282.00,100
970,09:30:23,$ 3282.00,100
971,09:30:23,$ 3282.00,100
972,09:30:22,$ 3281.3094,100
973,09:30:22,$ 3281.32,100
974,09:30:22,$ 3281.966,100
975,09:30:22,$ 3281.32,100
976,09:30:22,$ 3281.5055,100
977,09:30:22,$ 3281.42,100
978,09:30:22,$ 3281.50,300
979,09:30:22,$ 3281.00,100
980,09:30:22,$ 3280.00,125
981,09:30:22,$ 3280.00,287
982,09:30:22,$ 3280.00,200
983,09:30:22,$ 3280.00,170
984,09:30:22,$ 3280.00,187
985,09:30:22,$ 3280.00,643
986,09:30:22,$ 3280.00,100
988,09:30:24,$ 3282.56,100
989,09:30:23,$ 3282.00,100
990,09:30:23,$ 3282.00,100
991,09:30:23,$ 3282.00,100
992,09:30:23,$ 3282.00,100
993,09:30:22,$ 3281.3094,100
994,09:30:22,$ 3281.32,100
995,09:30:22,$ 3281.966,100
996,09:30:22,$ 3281.32,100
997,09:30:22,$ 3281.5055,100
998,09:30:22,$ 3281.42,100
999,09:30:22,$ 3281.50,300
1000,09:30:22,$ 3281.00,100
1001,09:30:22,$ 3280.00,125
1002,09:30:22,$ 3280.00,287
1003,09:30:22,$ 3280.00,200
1004,09:30:22,$ 3280.00,170
1005,09:30:22,$ 3280.00,187
1006,09:30:22,$ 3280.00,643
1007,09:30:22,$ 3280.00,100
1009,09:30:10,$ 3275.985,100
1010,09:30:10,$ 3275.965,100
1011,09:30:10,$ 3276.00,100
1012,09:30:08,$ 3276.73,100
1013,09:30:08,$ 3276.47,111
1014,09:30:07,$ 3276.54,100
1015,09:30:07,$ 3276.75,200
1016,09:30:05,$ 3276.00,100
1017,09:30:04,$ 3275.00,100
1018,09:30:04,$ 3275.00,513
1019,09:30:04,$ 3275.00,100
1020,09:30:02,$ 3273.47,4
1021,09:30:02,$ 3273.47,1
1022,09:30:02,$ 3273.47,10
1023,09:30:02,$ 3273.47,1
1024,09:30:02,$ 3273.47,1
1025,09:30:02,$ 3273.47,1
1026,09:30:02,$ 3273.47,1
1027,09:30:02,$ 3273.47,10
1028,09:30:02,$ 3273.47,4
1030,09:30:02,$ 3273.47,1
1031,09:30:02,$ 3273.47,3
1032,09:30:02,$ 3273.47,4
1033,09:30:02,$ 3273.47,2
1034,09:30:02,$ 3273.47,17
1035,09:30:02,$ 3273.47,16
1036,09:30:02,$ 3273.47,3
1037,09:30:02,$ 3273.47,1
1038,09:30:02,$ 3273.47,5
1039,09:30:02,$ 3273.47,5
1040,09:30:02,$ 3273.47,4
1041,09:30:02,$ 3273.47,35
1042,09:30:02,$ 3273.47,1
1043,09:30:02,$ 3273.47,2
1044,09:30:02,$ 3273.47,1
1045,09:30:02,$ 3273.47,1
1046,09:30:02,$ 3273.47,7
1047,09:30:02,$ 3273.47,5
1048,09:30:02,$ 3273.47,300
1049,09:30:02,$ 3273.47,2
1051,09:30:02,$ 3273.47,2
1052,09:30:02,$ 3273.47,2
1053,09:30:02,$ 3273.47,5
1054,09:30:02,$ 3273.47,1
1055,09:30:02,$ 3273.47,10
1056,09:30:02,$ 3273.47,1
1057,09:30:02,$ 3273.47,10
1058,09:30:02,$ 3273.47,7
1059,09:30:02,$ 3273.47,1
1060,09:30:02,$ 3273.47,1
1061,09:30:02,$ 3273.47,1
1062,09:30:02,$ 3273.47,1
1063,09:30:02,$ 3273.47,1
1064,09:30:02,$ 3273.47,1
1065,09:30:02,$ 3273.47,4
1066,09:30:02,$ 3273.47,1
1067,09:30:02,$ 3273.47,300
1068,09:30:02,$ 3273.47,10
1069,09:30:02,$ 3273.47,"2,000"
1070,09:30:02,$ 3273.47,4
1072,09:30:02,$ 3273.47,2
1073,09:30:02,$ 3273.47,1
1074,09:30:02,$ 3273.47,2
1075,09:30:02,$ 3273.47,1
1076,09:30:02,$ 3273.47,1
1077,09:30:02,$ 3273.47,1
1078,09:30:02,$ 3273.47,1
1079,09:30:02,$ 3273.47,13
1080,09:30:02,$ 3273.47,13
1081,09:30:02,$ 3273.47,5
1082,09:30:02,$ 3273.47,1
1083,09:30:02,$ 3273.47,5
1084,09:30:02,$ 3273.47,2
1085,09:30:02,$ 3273.47,2
1086,09:30:02,$ 3273.47,4
1087,09:30:02,$ 3273.47,12
1088,09:30:02,$ 3273.47,1
1089,09:30:02,$ 3273.47,2
1090,09:30:02,$ 3273.47,3
1091,09:30:02,$ 3273.47,10
1093,09:30:02,$ 3273.47,1
1094,09:30:02,$ 3273.47,2
1095,09:30:02,$ 3273.47,2
1096,09:30:02,$ 3273.47,1
1097,09:30:02,$ 3273.47,15
1098,09:30:02,$ 3273.47,2
1099,09:30:02,$ 3273.47,10
1100,09:30:02,$ 3273.47,1
1101,09:30:02,$ 3273.47,1
1102,09:30:02,$ 3273.47,1
1103,09:30:02,$ 3273.47,6
1104,09:30:02,$ 3273.47,2
1105,09:30:02,$ 3273.47,5
1106,09:30:02,$ 3273.47,10
1107,09:30:02,$ 3273.47,3
1108,09:30:02,$ 3273.47,26
1109,09:30:02,$ 3273.47,4
1110,09:30:02,$ 3273.47,80
1111,09:30:02,$ 3273.47,3
1112,09:30:02,$ 3273.47,3
1114,09:30:02,$ 3273.47,1
1115,09:30:02,$ 3273.47,8
1116,09:30:02,$ 3273.47,4
1117,09:30:02,$ 3273.47,2
1118,09:30:02,$ 3273.47,25
1119,09:30:02,$ 3273.47,1
1120,09:30:02,$ 3273.47,4
1121,09:30:02,$ 3273.47,1
1122,09:30:02,$ 3273.47,1
1123,09:30:02,$ 3273.47,1
1124,09:30:02,$ 3273.47,1
1125,09:30:02,$ 3273.47,4
1126,09:30:02,$ 3273.47,25
1127,09:30:02,$ 3273.47,2
1128,09:30:02,$ 3273.47,1
1129,09:30:02,$ 3273.47,1
1130,09:30:02,$ 3273.47,1
1131,09:30:02,$ 3273.47,3
1132,09:30:02,$ 3273.47,15
1133,09:30:02,$ 3273.47,1
1135,09:30:02,$ 3273.47,1
1136,09:30:02,$ 3273.47,1
1137,09:30:02,$ 3273.47,1
1138,09:30:02,$ 3273.47,2
1139,09:30:02,$ 3273.47,20
1140,09:30:02,$ 3273.47,2
1141,09:30:02,$ 3273.47,3
1142,09:30:02,$ 3273.47,33
1143,09:30:02,$ 3273.47,6
1144,09:30:02,$ 3273.47,3
1145,09:30:02,$ 3273.47,2
1146,09:30:02,$ 3273.47,1
1147,09:30:02,$ 3273.47,5
1148,09:30:02,$ 3273.47,1
1149,09:30:02,$ 3273.47,1
1150,09:30:02,$ 3273.47,5
1151,09:30:02,$ 3273.47,7
1152,09:30:02,$ 3273.47,5
1153,09:30:02,$ 3273.47,1
1154,09:30:02,$ 3273.47,1
1156,09:30:02,$ 3273.47,4
1157,09:30:02,$ 3273.47,2
1158,09:30:02,$ 3273.47,1
1159,09:30:02,$ 3273.47,2
1160,09:30:02,$ 3273.47,1
1161,09:30:02,$ 3273.47,10
1162,09:30:02,$ 3273.47,1
1163,09:30:02,$ 3273.47,2
1164,09:30:02,$ 3273.47,1
1165,09:30:02,$ 3273.47,10
1166,09:30:02,$ 3273.47,1
1167,09:30:02,$ 3273.47,2
1168,09:30:02,$ 3273.47,1
1169,09:30:02,$ 3273.47,10
1170,09:30:02,$ 3273.47,2
1171,09:30:02,$ 3273.47,4
1172,09:30:02,$ 3273.47,2
1173,09:30:02,$ 3273.47,13
1174,09:30:02,$ 3273.47,2
1175,09:30:02,$ 3273.47,2
1177,09:30:02,$ 3273.47,3
1178,09:30:02,$ 3273.47,1
1179,09:30:02,$ 3273.47,5
1180,09:30:02,$ 3273.47,1
1181,09:30:02,$ 3273.47,1
1182,09:30:02,$ 3273.47,1
1183,09:30:02,$ 3273.47,3
1184,09:30:02,$ 3273.47,39
1185,09:30:02,$ 3273.47,1
1186,09:30:02,$ 3273.47,2
1187,09:30:02,$ 3273.47,1
1188,09:30:02,$ 3273.47,10
1189,09:30:02,$ 3273.47,5
1190,09:30:02,$ 3273.47,10
1191,09:30:02,$ 3273.47,5
1192,09:30:02,$ 3273.47,1
1193,09:30:02,$ 3273.47,1
1194,09:30:02,$ 3273.47,1
1195,09:30:02,$ 3273.47,1
1196,09:30:02,$ 3273.47,3
1198,09:30:02,$ 3273.47,7
1199,09:30:02,$ 3273.47,2
1200,09:30:02,$ 3273.47,1
1201,09:30:02,$ 3273.47,6
1202,09:30:02,$ 3273.47,50
1203,09:30:02,$ 3273.47,10
1204,09:30:02,$ 3273.47,3
1205,09:30:02,$ 3273.47,5
1206,09:30:02,$ 3273.47,4
1207,09:30:02,$ 3273.47,1
1208,09:30:02,$ 3273.47,5
1209,09:30:02,$ 3273.47,3
1210,09:30:02,$ 3273.47,18
1211,09:30:02,$ 3273.47,39
1212,09:30:02,$ 3273.47,1
1213,09:30:02,$ 3273.47,1
1214,09:30:02,$ 3273.47,1
1215,09:30:02,$ 3273.47,1
1216,09:30:02,$ 3273.47,15
1217,09:30:02,$ 3273.47,500
1219,09:30:02,$ 3273.47,3
1220,09:30:02,$ 3273.47,1
1221,09:30:02,$ 3273.47,10
1222,09:30:02,$ 3273.47,10
1223,09:30:02,$ 3273.47,30
1224,09:30:02,$ 3273.47,1
1225,09:30:02,$ 3273.47,1
1226,09:30:02,$ 3273.47,1
1227,09:30:02,$ 3273.47,2
1228,09:30:02,$ 3273.47,10
1229,09:30:02,$ 3273.47,30
1230,09:30:02,$ 3273.47,2
1231,09:30:02,$ 3273.47,1
1232,09:30:02,$ 3273.47,1
1233,09:30:02,$ 3273.47,1
1234,09:30:02,$ 3273.47,3
1235,09:30:02,$ 3273.47,2
1236,09:30:02,$ 3273.47,1
1237,09:30:02,$ 3273.47,1
1238,09:30:02,$ 3273.47,1
1240,09:30:02,$ 3273.47,2
1241,09:30:02,$ 3273.47,1
1242,09:30:02,$ 3273.47,2
1243,09:30:02,$ 3273.47,5
1244,09:30:02,$ 3273.47,1
1245,09:30:02,$ 3273.47,35
1246,09:30:02,$ 3273.47,2
1247,09:30:02,$ 3273.47,4
1248,09:30:02,$ 3273.47,5
1249,09:30:02,$ 3273.47,2
1250,09:30:02,$ 3273.47,1
1251,09:30:02,$ 3273.47,5
1252,09:30:02,$ 3273.47,2
1253,09:30:02,$ 3273.47,1
1254,09:30:02,$ 3273.47,4
1255,09:30:02,$ 3273.47,7
1256,09:30:02,$ 3273.47,3
1257,09:30:02,$ 3273.47,7
1258,09:30:02,$ 3273.47,3
1259,09:30:02,$ 3273.47,3
1261,09:30:02,$ 3273.47,5
1262,09:30:02,$ 3273.47,20
1263,09:30:02,$ 3273.47,3
1264,09:30:02,$ 3273.47,1
1265,09:30:02,$ 3273.47,1
1266,09:30:02,$ 3273.47,1
1267,09:30:02,$ 3273.47,2
1268,09:30:02,$ 3273.47,2
1269,09:30:02,$ 3273.47,1
1270,09:30:02,$ 3273.47,2
1271,09:30:02,$ 3273.47,1
1272,09:30:02,$ 3273.47,1
1273,09:30:02,$ 3273.47,2
1274,09:30:02,$ 3273.47,1
1275,09:30:02,$ 3273.47,1
1276,09:30:02,$ 3273.47,1
1277,09:30:02,$ 3273.47,1
1278,09:30:02,$ 3273.47,5
1279,09:30:02,$ 3273.47,3
1280,09:30:02,$ 3273.47,13
1282,09:30:02,$ 3273.47,8
1283,09:30:02,$ 3273.47,1
1284,09:30:02,$ 3273.47,1
1285,09:30:02,$ 3273.47,1
1286,09:30:02,$ 3273.47,4
1287,09:30:02,$ 3273.47,8
1288,09:30:02,$ 3273.47,10
1289,09:30:02,$ 3273.47,1
1290,09:30:02,$ 3273.47,1
1291,09:30:02,$ 3273.47,2
1292,09:30:02,$ 3273.47,2
1293,09:30:02,$ 3273.47,1
1294,09:30:02,$ 3273.47,5
1295,09:30:02,$ 3273.47,1
1296,09:30:02,$ 3273.47,1
1297,09:30:02,$ 3273.47,1
1298,09:30:02,$ 3273.47,2
1299,09:30:02,$ 3273.47,1
1300,09:30:02,$ 3273.47,1
1301,09:30:02,$ 3273.47,1
1303,09:30:02,$ 3273.47,2
1304,09:30:02,$ 3273.47,5
1305,09:30:02,$ 3273.47,1
1306,09:30:02,$ 3273.47,8
1307,09:30:02,$ 3273.47,5
1308,09:30:02,$ 3273.47,2
1309,09:30:02,$ 3273.47,1
1310,09:30:02,$ 3273.47,26
1311,09:30:02,$ 3273.47,4
1312,09:30:02,$ 3273.47,8
1313,09:30:02,$ 3273.47,2
1314,09:30:02,$ 3273.47,1
1315,09:30:02,$ 3273.47,15
1316,09:30:02,$ 3273.47,1
1317,09:30:02,$ 3273.47,1
1318,09:30:02,$ 3273.47,1
1319,09:30:02,$ 3273.47,1
1320,09:30:02,$ 3273.47,1
1321,09:30:02,$ 3273.47,7
1322,09:30:02,$ 3273.47,12
1324,09:30:02,$ 3273.47,1
1325,09:30:02,$ 3273.47,1
1326,09:30:02,$ 3273.47,1
1327,09:30:02,$ 3273.47,2
1328,09:30:02,$ 3273.47,2
1329,09:30:02,$ 3273.47,100
1330,09:30:02,$ 3273.47,50
1331,09:30:02,$ 3273.47,1
1332,09:30:02,$ 3273.47,1
1333,09:30:02,$ 3273.47,3
1334,09:30:02,$ 3273.47,25
1335,09:30:02,$ 3273.47,6
1336,09:30:02,$ 3273.47,10
1337,09:30:02,$ 3273.47,3
1338,09:30:02,$ 3273.47,2
1339,09:30:02,$ 3273.47,2
1340,09:30:02,$ 3273.47,2
1341,09:30:02,$ 3273.47,1
1342,09:30:02,$ 3273.47,2
1343,09:30:02,$ 3273.47,3
1345,09:30:02,$ 3273.47,1
1346,09:30:02,$ 3273.47,3
1347,09:30:02,$ 3273.47,10
1348,09:30:02,$ 3273.47,1
1349,09:30:02,$ 3273.47,3
1350,09:30:02,$ 3273.47,2
1351,09:30:02,$ 3273.47,1
1352,09:30:02,$ 3273.47,3
1353,09:30:02,$ 3273.47,6
1354,09:30:02,$ 3273.47,3
1355,09:30:02,$ 3273.47,1
1356,09:30:02,$ 3273.47,1
1357,09:30:02,$ 3273.47,2
1358,09:30:02,$ 3273.47,1
1359,09:30:02,$ 3273.47,1
1360,09:30:02,$ 3273.47,9
1361,09:30:02,$ 3273.47,2
1362,09:30:02,$ 3273.47,4
1363,09:30:02,$ 3273.47,1
1364,09:30:02,$ 3273.47,3
1366,09:30:02,$ 3273.47,10
1367,09:30:02,$ 3273.47,2
1368,09:30:02,$ 3273.47,50
1369,09:30:02,$ 3273.47,1
1370,09:30:02,$ 3273.47,1
1371,09:30:02,$ 3273.47,65
1372,09:30:02,$ 3273.47,1
1373,09:30:02,$ 3273.47,18
1374,09:30:02,$ 3273.47,1
1375,09:30:02,$ 3273.47,20
1376,09:30:02,$ 3273.47,17
1377,09:30:02,$ 3273.47,3
1378,09:30:02,$ 3273.47,10
1379,09:30:02,$ 3273.47,3
1380,09:30:02,$ 3273.47,1
1381,09:30:02,$ 3273.47,4
1382,09:30:02,$ 3273.47,174
1383,09:30:02,$ 3273.47,5
1384,09:30:02,$ 3273.47,3
1385,09:30:02,$ 3273.47,25
1387,09:30:02,$ 3273.47,2
1388,09:30:02,$ 3273.47,2
1389,09:30:02,$ 3273.47,1
1390,09:30:02,$ 3273.47,1
1391,09:30:02,$ 3273.47,1
1392,09:30:02,$ 3273.47,4
1393,09:30:02,$ 3273.47,3
1394,09:30:02,$ 3273.47,10
1395,09:30:02,$ 3273.47,14
1396,09:30:02,$ 3273.47,1
1397,09:30:02,$ 3273.47,1
1398,09:30:02,$ 3273.47,1
1399,09:30:02,$ 3273.47,1
1400,09:30:02,$ 3273.47,1
1401,09:30:02,$ 3273.47,2
1402,09:30:02,$ 3273.47,4
1403,09:30:02,$ 3273.47,1
1404,09:30:02,$ 3273.47,3
1405,09:30:02,$ 3273.47,2
1406,09:30:02,$ 3273.47,1
1408,09:30:02,$ 3273.47,1
1409,09:30:02,$ 3273.47,100
1410,09:30:02,$ 3273.47,2
1411,09:30:02,$ 3273.47,48
1412,09:30:02,$ 3273.47,9
1413,09:30:02,$ 3273.47,1
1414,09:30:02,$ 3273.47,1
1415,09:30:02,$ 3273.47,10
1416,09:30:02,$ 3273.47,3
1417,09:30:02,$ 3273.47,1
1418,09:30:02,$ 3273.47,2
1419,09:30:02,$ 3273.47,2
1420,09:30:02,$ 3273.47,5
1421,09:30:02,$ 3273.47,1
1422,09:30:02,$ 3273.47,1
1423,09:30:02,$ 3273.47,1
1424,09:30:02,$ 3273.47,1
1425,09:30:02,$ 3273.47,1
1426,09:30:02,$ 3273.47,15
1427,09:30:02,$ 3273.47,5
1429,09:30:02,$ 3273.47,1
1430,09:30:02,$ 3273.47,3
1431,09:30:02,$ 3273.47,1
1432,09:30:02,$ 3273.47,1
1433,09:30:02,$ 3273.47,1
1434,09:30:02,$ 3273.47,50
1435,09:30:02,$ 3273.47,5
1436,09:30:02,$ 3273.47,2
1437,09:30:02,$ 3273.47,1
1438,09:30:02,$ 3273.47,3
1439,09:30:02,$ 3273.47,12
1440,09:30:02,$ 3273.47,1
1441,09:30:02,$ 3273.47,1
1442,09:30:02,$ 3273.47,1
1443,09:30:02,$ 3273.47,12
1444,09:30:02,$ 3273.47,7
1445,09:30:02,$ 3273.47,1
1446,09:30:02,$ 3273.47,3
1447,09:30:02,$ 3273.47,4
1448,09:30:02,$ 3273.47,3
1450,09:30:02,$ 3273.47,2
1451,09:30:02,$ 3273.47,27
1452,09:30:02,$ 3273.47,1
1453,09:30:02,$ 3273.47,20
1454,09:30:02,$ 3273.47,2
1455,09:30:02,$ 3273.47,1
1456,09:30:02,$ 3273.47,1
1457,09:30:02,$ 3273.47,3
1458,09:30:02,$ 3273.47,2
1459,09:30:02,$ 3273.47,3
1460,09:30:02,$ 3273.47,9
1461,09:30:02,$ 3273.47,1
1462,09:30:02,$ 3273.47,5
1463,09:30:02,$ 3273.47,1
1464,09:30:02,$ 3273.47,4
1465,09:30:02,$ 3273.47,2
1466,09:30:02,$ 3273.47,1
1467,09:30:02,$ 3273.47,1
1468,09:30:02,$ 3273.47,3
1469,09:30:02,$ 3273.47,1
1471,09:30:02,$ 3273.47,2
1472,09:30:02,$ 3273.47,21
1473,09:30:02,$ 3273.47,1
1474,09:30:02,$ 3273.47,5
1475,09:30:02,$ 3273.47,15
1476,09:30:02,$ 3273.47,1
1477,09:30:02,$ 3273.47,1
1478,09:30:02,$ 3273.47,2
1479,09:30:02,$ 3273.47,12
1480,09:30:02,$ 3273.47,4
1481,09:30:02,$ 3273.47,24
1482,09:30:02,$ 3273.47,1
1483,09:30:02,$ 3273.47,2
1484,09:30:02,$ 3273.47,125
1485,09:30:02,$ 3273.47,21
1486,09:30:02,$ 3273.47,2
1487,09:30:02,$ 3273.47,40
1488,09:30:02,$ 3273.47,8
1489,09:30:02,$ 3273.47,3
1490,09:30:02,$ 3273.47,2
1492,09:30:02,$ 3273.47,1
1493,09:30:02,$ 3273.47,5
1494,09:30:02,$ 3273.47,47
1495,09:30:02,$ 3273.47,30
1496,09:30:02,$ 3273.47,8
1497,09:30:02,$ 3273.47,40
1498,09:30:02,$ 3273.47,2
1499,09:30:02,$ 3273.47,11
1500,09:30:02,$ 3273.47,1
1501,09:30:02,$ 3273.47,1
1502,09:30:02,$ 3273.47,5
1503,09:30:02,$ 3273.47,6
1504,09:30:02,$ 3273.47,2
1505,09:30:02,$ 3273.47,50
1506,09:30:02,$ 3273.47,2
1507,09:30:02,$ 3273.47,32
1508,09:30:02,$ 3273.47,2
1509,09:30:02,$ 3273.47,2
1510,09:30:02,$ 3273.47,6
1511,09:30:02,$ 3273.47,2
1513,09:30:02,$ 3273.47,1
1514,09:30:02,$ 3273.47,1
1515,09:30:02,$ 3273.47,3
1516,09:30:02,$ 3273.47,3
1517,09:30:02,$ 3273.47,3
1518,09:30:02,$ 3273.47,10
1519,09:30:02,$ 3273.47,5
1520,09:30:02,$ 3273.47,2
1521,09:30:02,$ 3273.47,1
1522,09:30:02,$ 3273.47,202
1523,09:30:02,$ 3273.47,2
1524,09:30:02,$ 3273.47,30
1525,09:30:02,$ 3273.47,10
1526,09:30:02,$ 3273.47,4
1527,09:30:02,$ 3273.47,1
1528,09:30:02,$ 3273.47,1
1529,09:30:02,$ 3273.47,1
1530,09:30:02,$ 3273.47,6
1531,09:30:02,$ 3273.47,1
1532,09:30:02,$ 3273.47,2
1534,09:30:02,$ 3273.47,3
1535,09:30:02,$ 3273.47,6
1536,09:30:02,$ 3273.47,2
1537,09:30:02,$ 3273.47,21
1538,09:30:02,$ 3273.47,1
1539,09:30:02,$ 3273.47,7
1540,09:30:02,$ 3273.47,2
1541,09:30:02,$ 3273.47,3
1542,09:30:02,$ 3273.47,7
1543,09:30:02,$ 3273.47,1
1544,09:30:02,$ 3273.47,12
1545,09:30:02,$ 3273.47,10
1546,09:30:02,$ 3273.47,1
1547,09:30:02,$ 3273.47,1
1548,09:30:02,$ 3273.47,2
1549,09:30:02,$ 3273.47,10
1550,09:30:02,$ 3273.47,10
1551,09:30:02,$ 3273.47,3
1552,09:30:02,$ 3273.47,10
1553,09:30:02,$ 3273.47,3
1555,09:30:02,$ 3273.47,3
1556,09:30:02,$ 3273.47,3
1557,09:30:02,$ 3273.47,2
1558,09:30:02,$ 3273.47,1
1559,09:30:02,$ 3273.47,10
1560,09:30:02,$ 3273.47,30
1561,09:30:02,$ 3273.47,3
1562,09:30:02,$ 3273.47,1
1563,09:30:02,$ 3273.47,2
1564,09:30:02,$ 3273.47,7
1565,09:30:02,$ 3273.47,2
1566,09:30:02,$ 3273.47,1
1567,09:30:02,$ 3273.47,6
1568,09:30:02,$ 3273.47,4
1569,09:30:02,$ 3273.47,13
1570,09:30:02,$ 3273.47,3
1571,09:30:02,$ 3273.47,1
1572,09:30:02,$ 3273.47,13
1573,09:30:02,$ 3273.47,3
1574,09:30:02,$ 3273.47,3
1576,09:30:02,$ 3273.47,20
1577,09:30:02,$ 3273.47,1
1578,09:30:02,$ 3273.47,6
1579,09:30:02,$ 3273.47,1
1580,09:30:02,$ 3273.47,1
1581,09:30:02,$ 3273.47,3
1582,09:30:02,$ 3273.47,2
1583,09:30:02,$ 3273.47,1
1584,09:30:02,$ 3273.47,1
1585,09:30:02,$ 3273.47,1
1586,09:30:02,$ 3273.47,15
1587,09:30:02,$ 3273.47,3
1588,09:30:02,$ 3273.47,15
1589,09:30:02,$ 3273.47,42
1590,09:30:02,$ 3273.47,3
1591,09:30:02,$ 3273.47,1
1592,09:30:02,$ 3273.47,2
1593,09:30:02,$ 3273.47,2
1594,09:30:02,$ 3273.47,1
1595,09:30:02,$ 3273.47,7
1597,09:30:02,$ 3273.47,1
1598,09:30:02,$ 3273.47,2
1599,09:30:02,$ 3273.47,22
1600,09:30:02,$ 3273.47,1
1601,09:30:02,$ 3273.47,2
1602,09:30:02,$ 3273.47,24
1603,09:30:02,$ 3273.47,16
1604,09:30:02,$ 3273.47,20
1605,09:30:02,$ 3273.47,40
1606,09:30:02,$ 3273.47,416
1607,09:30:02,$ 3273.47,12
1608,09:30:02,$ 3273.47,3
1609,09:30:02,$ 3273.47,10
1610,09:30:02,$ 3273.47,10
1611,09:30:02,$ 3273.47,10
1612,09:30:02,$ 3273.47,6
1613,09:30:02,$ 3273.47,4
1614,09:30:02,$ 3273.47,1
1615,09:30:02,$ 3273.47,1
1616,09:30:02,$ 3273.47,1
1618,09:30:02,$ 3273.47,8
1619,09:30:02,$ 3273.47,200
1620,09:30:02,$ 3273.47,8
1621,09:30:02,$ 3273.47,1
1622,09:30:02,$ 3273.47,1
1623,09:30:02,$ 3273.47,1
1624,09:30:02,$ 3273.47,1
1625,09:30:02,$ 3273.47,1
1626,09:30:02,$ 3273.47,1
1627,09:30:02,$ 3273.47,1
1628,09:30:02,$ 3273.47,502
1629,09:30:02,$ 3273.47,1
1630,09:30:02,$ 3273.47,10
1631,09:30:02,$ 3273.47,10
1632,09:30:02,$ 3273.47,10
1633,09:30:02,$ 3273.47,"1,091"
1634,09:30:02,$ 3273.47,1
1635,09:30:02,$ 3273.47,1
1636,09:30:02,$ 3273.47,1
1637,09:30:02,$ 3273.47,1
1639,09:30:02,$ 3273.47,1
1640,09:30:02,$ 3273.47,2
1641,09:30:02,$ 3273.47,4
1642,09:30:02,$ 3273.47,1
1643,09:30:02,$ 3273.47,1
1644,09:30:02,$ 3273.47,2
1645,09:30:02,$ 3273.47,1
1646,09:30:02,$ 3273.47,1
1647,09:30:02,$ 3273.47,1
1648,09:30:02,$ 3273.47,2
1649,09:30:02,$ 3273.47,1
1650,09:30:02,$ 3273.47,7
1651,09:30:02,$ 3273.47,3
1652,09:30:02,$ 3273.47,6
1653,09:30:02,$ 3273.47,1
1654,09:30:02,$ 3273.47,1
1655,09:30:02,$ 3273.47,1
1656,09:30:02,$ 3273.47,2
1657,09:30:02,$ 3273.47,1
1658,09:30:02,$ 3273.47,1
1660,09:30:02,$ 3273.47,1
1661,09:30:02,$ 3273.47,1
1662,09:30:02,$ 3273.47,1
1663,09:30:02,$ 3273.47,2
1664,09:30:02,$ 3273.47,1
1665,09:30:02,$ 3273.47,5
1666,09:30:02,$ 3273.47,1
1667,09:30:02,$ 3273.47,1
1668,09:30:02,$ 3273.47,1
1669,09:30:02,$ 3273.47,1
1670,09:30:02,$ 3273.47,15
1671,09:30:02,$ 3273.47,8
1672,09:30:02,$ 3273.47,8
1673,09:30:02,$ 3273.47,5
1674,09:30:02,$ 3273.47,7
1675,09:30:02,$ 3273.47,1
1676,09:30:02,$ 3273.47,2
1677,09:30:02,$ 3273.47,5
1678,09:30:02,$ 3273.47,1
1679,09:30:02,$ 3273.47,25
1681,09:30:02,$ 3273.47,1
1682,09:30:02,$ 3273.47,1
1683,09:30:02,$ 3273.47,10
1684,09:30:02,$ 3273.47,2
1685,09:30:02,$ 3273.47,5
1686,09:30:02,$ 3273.47,1
1687,09:30:02,$ 3273.47,1
1688,09:30:02,$ 3273.47,1
1689,09:30:02,$ 3273.47,3
1690,09:30:02,$ 3273.47,1
1691,09:30:02,$ 3273.47,1
1692,09:30:02,$ 3273.47,1
1693,09:30:02,$ 3273.47,1
1694,09:30:02,$ 3273.47,1
1695,09:30:02,$ 3273.47,5
1696,09:30:02,$ 3273.47,10
1697,09:30:02,$ 3273.47,10
1698,09:30:02,$ 3273.47,4
1699,09:30:02,$ 3273.47,1
1700,09:30:02,$ 3273.47,1
1702,09:30:02,$ 3273.47,15
1703,09:30:02,$ 3273.47,2
1704,09:30:02,$ 3273.47,1
1705,09:30:02,$ 3273.47,1
1706,09:30:02,$ 3273.47,2
1707,09:30:02,$ 3273.47,5
1708,09:30:02,$ 3273.47,1
1709,09:30:02,$ 3273.47,1
1710,09:30:02,$ 3273.47,1
1711,09:30:02,$ 3273.47,4
1712,09:30:02,$ 3273.47,3
1713,09:30:02,$ 3273.47,7
1714,09:30:02,$ 3273.47,1
1715,09:30:02,$ 3273.47,1
1716,09:30:02,$ 3273.47,1
1717,09:30:02,$ 3273.47,1
1718,09:30:02,$ 3273.47,1
1719,09:30:02,$ 3273.47,10
1720,09:30:02,$ 3273.47,2
1721,09:30:02,$ 3273.47,4
1723,09:30:02,$ 3273.47,9
1724,09:30:02,$ 3273.47,7
1725,09:30:02,$ 3273.47,2
1726,09:30:02,$ 3273.47,27
1727,09:30:02,$ 3273.47,8
1728,09:30:02,$ 3273.47,20
1729,09:30:02,$ 3273.47,465
1730,09:30:02,$ 3273.47,100
1731,09:30:02,$ 3273.47,1
1732,09:30:02,$ 3273.47,90
1733,09:30:02,$ 3273.47,98
1734,09:30:02,$ 3273.47,253
1735,09:30:02,$ 3273.47,15
1736,09:30:02,$ 3273.47,2
1737,09:30:02,$ 3273.47,208
1738,09:30:02,$ 3273.47,100
1739,09:30:02,$ 3273.47,177
1740,09:30:02,$ 3273.47,108
1741,09:30:02,$ 3273.47,4
1742,09:30:02,$ 3273.47,16
1744,09:30:02,$ 3273.47,10
1745,09:30:02,$ 3273.47,100
1746,09:30:02,$ 3273.47,1
1747,09:30:02,$ 3273.47,100
1748,09:30:02,$ 3273.47,176
1749,09:30:02,$ 3273.47,300
1750,09:30:02,$ 3273.47,100
1751,09:30:02,$ 3273.47,234
1752,09:30:02,$ 3273.47,11
1753,09:30:02,$ 3273.47,11
1754,09:30:02,$ 3273.47,8
1755,09:30:02,$ 3273.47,3
1756,09:30:02,$ 3273.47,40
1757,09:30:02,$ 3273.47,31
1758,09:30:02,$ 3273.47,6
1759,09:30:02,$ 3273.47,106
1760,09:30:02,$ 3273.47,4
1761,09:30:02,$ 3273.47,6
1762,09:30:02,$ 3273.47,12
1763,09:30:02,$ 3273.47,2
1765,09:30:02,$ 3273.47,10
1766,09:30:02,$ 3273.47,1
1767,09:30:02,$ 3273.47,1
1768,09:30:02,$ 3273.47,100
1769,09:30:02,$ 3273.47,8
1770,09:30:02,$ 3273.47,2
1771,09:30:02,$ 3273.47,176
1772,09:30:02,$ 3273.47,10
1773,09:30:02,$ 3273.47,1
1774,09:30:02,$ 3273.47,2
1775,09:30:02,$ 3273.47,176
1776,09:30:02,$ 3273.47,211
1777,09:30:02,$ 3273.47,176
1778,09:30:02,$ 3273.47,1
1779,09:30:02,$ 3273.47,505
1780,09:30:02,$ 3273.47,50
1781,09:30:02,$ 3273.47,16
1782,09:30:02,$ 3273.47,1
1783,09:30:02,$ 3273.47,19
1784,09:30:02,$ 3273.47,5
1786,09:30:02,$ 3273.47,5
1787,09:30:02,$ 3273.47,3
1788,09:30:02,$ 3273.47,500
1789,09:30:02,$ 3273.47,2
1790,09:30:02,$ 3273.47,3
1791,09:30:02,$ 3273.47,301
1792,09:30:02,$ 3273.47,3
1793,09:30:02,$ 3273.47,1
1794,09:30:02,$ 3273.47,352
1795,09:30:02,$ 3273.47,197
1796,09:30:02,$ 3273.47,10
1797,09:30:02,$ 3273.47,353
1798,09:30:02,$ 3273.47,1
1799,09:30:02,$ 3273.47,10
1800,09:30:02,$ 3273.47,10
1801,09:30:02,$ 3273.47,1
1802,09:30:02,$ 3273.47,1
1803,09:30:02,$ 3273.47,15
1804,09:30:02,$ 3273.47,200
1805,09:30:02,$ 3273.47,1
1807,09:30:02,$ 3273.47,2
1808,09:30:02,$ 3273.47,3
1809,09:30:02,$ 3273.47,5
1810,09:30:02,$ 3273.47,2
1811,09:30:02,$ 3273.47,1
1812,09:30:02,$ 3273.47,27
1813,09:30:02,$ 3273.47,13
1814,09:30:02,$ 3273.47,2
1815,09:30:02,$ 3273.47,45
1816,09:30:02,$ 3273.47,19
1817,09:30:02,$ 3273.47,50
1818,09:30:02,$ 3273.47,1
1819,09:30:02,$ 3273.47,30
1820,09:30:02,$ 3273.47,30
1821,09:30:02,$ 3273.47,3
1822,09:30:02,$ 3273.47,30
1823,09:30:02,$ 3273.47,5
1824,09:30:02,$ 3273.47,8
1825,09:30:02,$ 3273.47,16
1826,09:30:02,$ 3273.47,11
1828,09:30:02,$ 3273.47,60
1829,09:30:02,$ 3273.47,30
1830,09:30:02,$ 3273.47,30
1831,09:30:02,$ 3273.47,36
1832,09:30:02,$ 3273.47,7
1833,09:30:02,$ 3273.47,7
1834,09:30:02,$ 3273.47,30
1835,09:30:02,$ 3273.47,15
1836,09:30:02,$ 3273.47,3
1837,09:30:02,$ 3273.47,1
1838,09:30:02,$ 3273.47,8
1839,09:30:02,$ 3273.47,7
1840,09:30:02,$ 3273.47,152
1841,09:30:02,$ 3273.47,24
1842,09:30:02,$ 3273.47,1
1843,09:30:02,$ 3273.47,40
1844,09:30:02,$ 3273.47,2
1845,09:30:02,$ 3273.47,138
1846,09:30:02,$ 3273.47,1
1847,09:30:02,$ 3273.47,10
1849,09:30:02,$ 3273.47,1
1850,09:30:02,$ 3273.47,2
1851,09:30:02,$ 3273.47,1
1852,09:30:02,$ 3273.47,15
1853,09:30:02,$ 3273.47,4
1854,09:30:02,$ 3273.47,100
1855,09:30:02,$ 3273.47,100
1856,09:30:02,$ 3273.47,5
1857,09:30:02,$ 3273.47,13
1858,09:30:02,$ 3273.47,4
1859,09:30:02,$ 3273.47,50
1860,09:30:02,$ 3273.47,9
1861,09:30:02,$ 3273.47,2
1862,09:30:02,$ 3273.47,2
1863,09:30:02,$ 3273.47,200
1864,09:30:02,$ 3273.47,3
1865,09:30:02,$ 3273.47,"1,300"
1866,09:30:02,$ 3273.47,1
1867,09:30:02,$ 3273.47,3
1868,09:30:02,$ 3273.47,10
1870,09:30:02,$ 3273.47,11
1871,09:30:02,$ 3273.47,9
1872,09:30:02,$ 3273.47,4
1873,09:30:02,$ 3273.47,1
1874,09:30:02,$ 3273.47,1
1875,09:30:02,$ 3273.47,1
1876,09:30:02,$ 3273.47,5
1877,09:30:02,$ 3273.47,17
1878,09:30:02,$ 3273.47,5
1879,09:30:02,$ 3273.47,5
1880,09:30:02,$ 3273.47,"1,000"
1881,09:30:02,$ 3273.47,23
1882,09:30:02,$ 3273.47,2
1883,09:30:02,$ 3273.47,3
1884,09:30:02,$ 3273.47,9
1885,09:30:02,$ 3273.47,4
1886,09:30:02,$ 3273.47,500
1887,09:30:02,$ 3273.47,4
1888,09:30:02,$ 3273.47,150
1889,09:30:02,$ 3273.47,1
1891,09:30:02,$ 3273.47,50
1892,09:30:02,$ 3273.47,2
1893,09:30:02,$ 3273.47,2
1894,09:30:02,$ 3273.47,16
1895,09:30:02,$ 3273.47,19
1896,09:30:02,$ 3273.47,35
1897,09:30:02,$ 3273.47,27
1898,09:30:02,$ 3273.47,15
1899,09:30:02,$ 3273.47,1
1900,09:30:02,$ 3273.47,2
1901,09:30:02,$ 3273.47,1
1902,09:30:02,$ 3273.47,17
1903,09:30:02,$ 3273.47,2
1904,09:30:02,$ 3273.47,200
1905,09:30:02,$ 3273.47,"1,500"
1906,09:30:02,$ 3273.47,100
1907,09:30:02,$ 3273.47,6
1908,09:30:02,$ 3273.47,1
1909,09:30:02,$ 3273.47,10
1910,09:30:02,$ 3273.47,26
1912,09:30:02,$ 3273.47,18
1913,09:30:02,$ 3273.47,2
1914,09:30:02,$ 3273.47,10
1915,09:30:02,$ 3273.47,1
1916,09:30:02,$ 3273.47,12
1917,09:30:02,$ 3273.47,1
1918,09:30:02,$ 3273.47,18
1919,09:30:02,$ 3273.47,9
1920,09:30:02,$ 3273.47,4
1921,09:30:02,$ 3273.47,100
1922,09:30:02,$ 3273.47,1
1923,09:30:02,$ 3273.47,2
1924,09:30:02,$ 3273.47,2
1925,09:30:02,$ 3273.47,8
1926,09:30:02,$ 3273.47,4
1927,09:30:02,$ 3273.47,7
1928,09:30:02,$ 3273.47,20
1929,09:30:02,$ 3273.47,2
1930,09:30:02,$ 3273.47,36
1931,09:30:02,$ 3273.47,4
1933,09:30:02,$ 3273.47,2
1934,09:30:02,$ 3273.47,10
1935,09:30:02,$ 3273.47,1
1936,09:30:02,$ 3273.47,2
1937,09:30:02,$ 3273.47,2
1938,09:30:02,$ 3273.47,6
1939,09:30:02,$ 3273.47,4
1940,09:30:02,$ 3273.47,1
1941,09:30:02,$ 3273.47,10
1942,09:30:02,$ 3273.47,4
1943,09:30:02,$ 3273.47,1
1944,09:30:02,$ 3273.47,22
1945,09:30:02,$ 3273.47,2
1946,09:30:02,$ 3273.47,1
1947,09:30:02,$ 3273.47,3
1948,09:30:02,$ 3273.47,1
1949,09:30:02,$ 3273.47,4
1950,09:30:02,$ 3273.47,12
1951,09:30:02,$ 3273.47,17
1952,09:30:02,$ 3273.47,1
1954,09:30:02,$ 3273.47,1
1955,09:30:02,$ 3273.47,100
1956,09:30:02,$ 3273.47,2
1957,09:30:02,$ 3273.47,1
1958,09:30:02,$ 3273.47,1
1959,09:30:02,$ 3273.47,12
1960,09:30:02,$ 3273.47,1
1961,09:30:02,$ 3273.47,39
1962,09:30:02,$ 3273.47,1
1963,09:30:02,$ 3273.47,1
1964,09:30:02,$ 3273.47,11
1965,09:30:02,$ 3273.47,2
1966,09:30:02,$ 3273.47,299
1967,09:30:02,$ 3273.47,6
1968,09:30:02,$ 3273.47,22
1969,09:30:02,$ 3273.47,50
1970,09:30:02,$ 3273.47,2
1971,09:30:02,$ 3273.47,200
1972,09:30:02,$ 3273.47,1
1973,09:30:02,$ 3273.47,3
1975,09:30:02,$ 3273.47,10
1976,09:30:02,$ 3273.47,31
1977,09:30:02,$ 3273.47,5
1978,09:30:02,$ 3273.47,25
1979,09:30:02,$ 3273.47,2
1980,09:30:02,$ 3273.47,4
1981,09:30:02,$ 3273.47,2
1982,09:30:02,$ 3273.47,3
1983,09:30:02,$ 3273.47,1
1984,09:30:02,$ 3273.47,5
1985,09:30:02,$ 3273.47,5
1986,09:30:02,$ 3273.47,25
1987,09:30:02,$ 3273.47,1
1988,09:30:02,$ 3273.47,2
1989,09:30:02,$ 3273.47,2
1990,09:30:02,$ 3273.47,1
1991,09:30:02,$ 3273.47,1
1992,09:30:02,$ 3273.47,2
1993,09:30:02,$ 3273.47,2
1994,09:30:02,$ 3273.47,5
1996,09:30:02,$ 3273.47,113
1997,09:30:02,$ 3273.47,3
1998,09:30:02,$ 3273.47,5
1999,09:30:02,$ 3273.47,5
2000,09:30:02,$ 3273.47,3
2001,09:30:02,$ 3273.47,2
2002,09:30:02,$ 3273.47,600
2003,09:30:02,$ 3273.47,1
2004,09:30:02,$ 3273.47,2
2005,09:30:02,$ 3273.47,2
2006,09:30:02,$ 3273.47,1
2007,09:30:02,$ 3273.47,1
2008,09:30:02,$ 3273.47,5
2009,09:30:02,$ 3273.47,5
2010,09:30:02,$ 3273.47,3
2011,09:30:02,$ 3273.47,10
2012,09:30:02,$ 3273.47,100
2013,09:30:02,$ 3273.47,1
2014,09:30:02,$ 3273.47,17
2015,09:30:02,$ 3273.47,1
2017,09:30:02,$ 3273.47,1
2018,09:30:02,$ 3273.47,30
2019,09:30:02,$ 3273.47,10
2020,09:30:02,$ 3273.47,6
2021,09:30:02,$ 3273.47,1
2022,09:30:02,$ 3273.47,5
2023,09:30:02,$ 3273.47,6
2024,09:30:02,$ 3273.47,10
2025,09:30:02,$ 3273.47,3
2026,09:30:02,$ 3273.47,10
2027,09:30:02,$ 3273.47,4
2028,09:30:02,$ 3273.47,2
2029,09:30:02,$ 3273.47,42
2030,09:30:02,$ 3273.47,1
2031,09:30:02,$ 3273.47,87
2032,09:30:02,$ 3273.47,17
2033,09:30:02,$ 3273.47,3
2034,09:30:02,$ 3273.47,44
2035,09:30:02,$ 3273.47,1
2036,09:30:02,$ 3273.47,2
2038,09:30:02,$ 3273.47,26
2039,09:30:02,$ 3273.47,15
2040,09:30:02,$ 3273.47,4
2041,09:30:02,$ 3273.47,10
2042,09:30:02,$ 3273.47,1
2043,09:30:02,$ 3273.47,5
2044,09:30:02,$ 3273.47,4
2045,09:30:02,$ 3273.47,1
2046,09:30:02,$ 3273.47,1
2047,09:30:02,$ 3273.47,15
2048,09:30:02,$ 3273.47,1
2049,09:30:02,$ 3273.47,5
2050,09:30:02,$ 3273.47,5
2051,09:30:02,$ 3273.47,6
2052,09:30:02,$ 3273.47,2
2053,09:30:02,$ 3273.47,3
2054,09:30:02,$ 3273.47,30
2055,09:30:02,$ 3273.47,30
2056,09:30:02,$ 3273.47,85
2057,09:30:02,$ 3273.47,3
2059,09:30:02,$ 3273.47,7
2060,09:30:02,$ 3273.47,4
2061,09:30:02,$ 3273.47,4
2062,09:30:02,$ 3273.47,6
2063,09:30:02,$ 3273.47,3
2064,09:30:02,$ 3273.47,189
2065,09:30:02,$ 3273.47,155
2066,09:30:02,$ 3273.47,6
2067,09:30:02,$ 3273.47,1
2068,09:30:02,$ 3273.47,1
2069,09:30:02,$ 3273.47,8
2070,09:30:02,$ 3273.47,2
2071,09:30:02,$ 3273.47,3
2072,09:30:02,$ 3273.47,4
2073,09:30:02,$ 3273.47,5
2074,09:30:02,$ 3273.47,1
2075,09:30:02,$ 3273.47,1
2076,09:30:02,$ 3273.47,1
2077,09:30:02,$ 3273.47,127
2078,09:30:02,$ 3273.47,2
2080,09:30:02,$ 3273.47,3
2081,09:30:02,$ 3273.47,3
2082,09:30:02,$ 3273.47,101
2083,09:30:02,$ 3273.47,3
2084,09:30:02,$ 3273.47,1
2085,09:30:02,$ 3273.47,2
2086,09:30:02,$ 3273.47,6
2087,09:30:02,$ 3273.47,5
2088,09:30:02,$ 3273.47,12
2089,09:30:02,$ 3273.47,3
2090,09:30:02,$ 3273.47,2
2091,09:30:02,$ 3273.47,1
2092,09:30:02,$ 3273.47,1
2093,09:30:02,$ 3273.47,4
2094,09:30:02,$ 3273.47,5
2095,09:30:02,$ 3273.47,20
2096,09:30:02,$ 3273.47,3
2097,09:30:02,$ 3273.47,3
2098,09:30:02,$ 3273.47,3
2099,09:30:02,$ 3273.47,2
2101,09:30:02,$ 3273.47,172
2102,09:30:02,$ 3273.47,20
2103,09:30:02,$ 3273.47,1
2104,09:30:02,$ 3273.47,1
2105,09:30:02,$ 3273.47,7
2106,09:30:02,$ 3273.47,1
2107,09:30:02,$ 3273.47,2
2108,09:30:02,$ 3273.47,1
2109,09:30:02,$ 3273.47,1
2110,09:30:02,$ 3273.47,8
2111,09:30:02,$ 3273.47,10
2112,09:30:02,$ 3273.47,1
2113,09:30:02,$ 3273.47,3
2114,09:30:02,$ 3273.47,1
2115,09:30:02,$ 3273.47,3
2116,09:30:02,$ 3273.47,2
2117,09:30:02,$ 3273.47,2
2118,09:30:02,$ 3273.47,6
2119,09:30:02,$ 3273.47,31
2120,09:30:02,$ 3273.47,1
2122,09:30:02,$ 3273.47,6
2123,09:30:02,$ 3273.47,1
2124,09:30:02,$ 3273.47,1
2125,09:30:02,$ 3273.47,2
2126,09:30:02,$ 3273.47,1
2127,09:30:02,$ 3273.47,1
2128,09:30:02,$ 3273.47,1
2129,09:30:02,$ 3273.47,2
2130,09:30:02,$ 3273.47,1
2131,09:30:02,$ 3273.47,3
2132,09:30:02,$ 3273.47,6
2133,09:30:02,$ 3273.47,2
2134,09:30:02,$ 3273.47,1
2135,09:30:02,$ 3273.47,2
2136,09:30:02,$ 3273.47,20
2137,09:30:02,$ 3273.47,2
2138,09:30:02,$ 3273.47,1
2139,09:30:02,$ 3273.47,2
2140,09:30:02,$ 3273.47,3
2141,09:30:02,$ 3273.47,1
2143,09:30:02,$ 3273.47,3
2144,09:30:02,$ 3273.47,5
2145,09:30:02,$ 3273.47,1
2146,09:30:02,$ 3273.47,2
2147,09:30:02,$ 3273.47,20
2148,09:30:02,$ 3273.47,4
2149,09:30:02,$ 3273.47,12
2150,09:30:02,$ 3273.47,1
2151,09:30:02,$ 3273.47,1
2152,09:30:02,$ 3273.47,1
2153,09:30:02,$ 3273.47,1
2154,09:30:02,$ 3273.47,3
2155,09:30:02,$ 3273.47,1
2156,09:30:02,$ 3273.47,1
2157,09:30:02,$ 3273.47,1
2158,09:30:02,$ 3273.47,58
2159,09:30:02,$ 3273.47,17
2160,09:30:02,$ 3273.47,3
2161,09:30:02,$ 3273.47,5
2162,09:30:02,$ 3273.47,2
2164,09:30:02,$ 3273.47,1
2165,09:30:02,$ 3273.47,7
2166,09:30:02,$ 3273.47,2
2167,09:30:02,$ 3273.47,10
2168,09:30:02,$ 3273.47,10
2169,09:30:02,$ 3273.47,10
2170,09:30:02,$ 3273.47,3
2171,09:30:02,$ 3273.47,31
2172,09:30:02,$ 3273.47,2
2173,09:30:02,$ 3273.47,5
2174,09:30:02,$ 3273.47,385
2175,09:30:02,$ 3273.47,7
2176,09:30:02,$ 3273.47,15
2177,09:30:02,$ 3273.47,5
2178,09:30:02,$ 3273.47,15
2179,09:30:02,$ 3273.47,5
2180,09:30:02,$ 3273.47,20
2181,09:30:02,$ 3273.47,7
2182,09:30:02,$ 3273.47,1
2183,09:30:02,$ 3273.47,1
2185,09:30:02,$ 3273.47,1
2186,09:30:02,$ 3273.47,7
2187,09:30:02,$ 3273.47,2
2188,09:30:02,$ 3273.47,10
2189,09:30:02,$ 3273.47,10
2190,09:30:02,$ 3273.47,10
2191,09:30:02,$ 3273.47,3
2192,09:30:02,$ 3273.47,31
2193,09:30:02,$ 3273.47,2
2194,09:30:02,$ 3273.47,5
2195,09:30:02,$ 3273.47,385
2196,09:30:02,$ 3273.47,7
2197,09:30:02,$ 3273.47,15
2198,09:30:02,$ 3273.47,5
2199,09:30:02,$ 3273.47,15
2200,09:30:02,$ 3273.47,5
2201,09:30:02,$ 3273.47,20
2202,09:30:02,$ 3273.47,7
2203,09:30:02,$ 3273.47,1
2204,09:30:02,$ 3273.47,1
2206,09:30:02,$ 3273.47,1
2207,09:30:02,$ 3273.47,15
2208,09:30:02,$ 3273.47,5
2209,09:30:02,$ 3273.47,5
2210,09:30:02,$ 3273.47,1
2211,09:30:02,$ 3273.47,3
2212,09:30:02,$ 3273.47,8
2213,09:30:02,$ 3273.47,1
2214,09:30:02,$ 3273.47,1
2215,09:30:02,$ 3273.47,1
2216,09:30:02,$ 3273.47,9
2217,09:30:02,$ 3273.47,1
2218,09:30:02,$ 3273.47,1
2219,09:30:02,$ 3273.47,1
2220,09:30:02,$ 3273.47,1
2221,09:30:02,$ 3273.47,5
2222,09:30:02,$ 3273.47,1
2223,09:30:02,$ 3273.47,1
2224,09:30:02,$ 3273.47,2
2225,09:30:02,$ 3273.47,5
2227,09:30:02,$ 3273.47,45
2228,09:30:02,$ 3273.47,4
2229,09:30:02,$ 3273.47,4
2230,09:30:02,$ 3273.47,5
2231,09:30:02,$ 3273.47,4
2232,09:30:02,$ 3273.47,50
2233,09:30:02,$ 3273.47,22
2234,09:30:02,$ 3273.47,3
2235,09:30:02,$ 3273.47,40
2236,09:30:02,$ 3273.47,7
2237,09:30:02,$ 3273.47,150
2238,09:30:02,$ 3273.47,2
2239,09:30:02,$ 3273.47,4
2240,09:30:02,$ 3273.47,5
2241,09:30:02,$ 3273.47,2
2242,09:30:02,$ 3273.47,6
2243,09:30:02,$ 3273.47,17
2244,09:30:02,$ 3273.47,6
2245,09:30:02,$ 3273.47,2
2246,09:30:02,$ 3273.47,2
2248,09:30:02,$ 3273.47,2
2249,09:30:02,$ 3273.47,1
2250,09:30:02,$ 3273.47,1
2251,09:30:02,$ 3273.47,2
2252,09:30:02,$ 3273.47,3
2253,09:30:02,$ 3273.47,2
2254,09:30:02,$ 3273.47,1
2255,09:30:02,$ 3273.47,1
2256,09:30:02,$ 3273.47,4
2257,09:30:02,$ 3273.47,1
2258,09:30:02,$ 3273.47,5
2259,09:30:02,$ 3273.47,1
2260,09:30:02,$ 3273.47,5
2261,09:30:02,$ 3273.47,10
2262,09:30:02,$ 3273.47,1
2263,09:30:02,$ 3273.47,2
2264,09:30:02,$ 3273.47,1
2265,09:30:02,$ 3273.47,2
2266,09:30:02,$ 3273.47,1
2267,09:30:02,$ 3273.47,6
2269,09:30:02,$ 3273.47,2
2270,09:30:02,$ 3273.47,4
2271,09:30:02,$ 3273.47,2
2272,09:30:02,$ 3273.47,5
2273,09:30:02,$ 3273.47,13
2274,09:30:02,$ 3273.47,3
2275,09:30:02,$ 3273.47,2
2276,09:30:02,$ 3273.47,13
2277,09:30:02,$ 3273.47,1
2278,09:30:02,$ 3273.47,5
2279,09:30:02,$ 3273.47,10
2280,09:30:02,$ 3273.47,1
2281,09:30:02,$ 3273.47,12
2282,09:30:02,$ 3273.47,1
2283,09:30:02,$ 3273.47,19
2284,09:30:02,$ 3273.47,3
2285,09:30:02,$ 3273.47,1
2286,09:30:02,$ 3273.47,10
2287,09:30:02,$ 3273.47,3
2288,09:30:02,$ 3273.47,6
2290,09:30:02,$ 3273.47,169
2291,09:30:02,$ 3273.47,1
2292,09:30:02,$ 3273.47,200
2293,09:30:02,$ 3273.47,1
2294,09:30:02,$ 3273.47,4
2295,09:30:02,$ 3273.47,5
2296,09:30:02,$ 3273.47,1
2297,09:30:02,$ 3273.47,3
2298,09:30:02,$ 3273.47,1
2299,09:30:02,$ 3273.47,5
2300,09:30:02,$ 3273.47,10
2301,09:30:02,$ 3273.47,3
2302,09:30:02,$ 3273.47,3
2303,09:30:02,$ 3273.47,1
2304,09:30:02,$ 3273.47,1
2305,09:30:02,$ 3273.47,2
2306,09:30:02,$ 3273.47,7
2307,09:30:02,$ 3273.47,2
2308,09:30:02,$ 3273.47,1
2309,09:30:02,$ 3273.47,1
2311,09:30:02,$ 3273.47,2
2312,09:30:02,$ 3273.47,1
2313,09:30:02,$ 3273.47,1
2314,09:30:02,$ 3273.47,1
2315,09:30:02,$ 3273.47,2
2316,09:30:02,$ 3273.47,2
2317,09:30:02,$ 3273.47,3
2318,09:30:02,$ 3273.47,7
2319,09:30:02,$ 3273.47,1
2320,09:30:02,$ 3273.47,2
2321,09:30:02,$ 3273.47,1
2322,09:30:02,$ 3273.47,7
2323,09:30:02,$ 3273.47,1
2324,09:30:02,$ 3273.47,3
2325,09:30:02,$ 3273.47,1
2326,09:30:02,$ 3273.47,2
2327,09:30:02,$ 3273.47,1
2328,09:30:02,$ 3273.47,2
2329,09:30:02,$ 3273.47,7
2330,09:30:02,$ 3273.47,10
2332,09:30:02,$ 3273.47,3
2333,09:30:02,$ 3273.47,1
2334,09:30:02,$ 3273.47,3
2335,09:30:02,$ 3273.47,3
2336,09:30:02,$ 3273.47,1
2337,09:30:02,$ 3273.47,2
2338,09:30:02,$ 3273.47,2
2339,09:30:02,$ 3273.47,10
2340,09:30:02,$ 3273.47,1
2341,09:30:02,$ 3273.47,1
2342,09:30:02,$ 3273.47,1
2343,09:30:02,$ 3273.47,3
2344,09:30:02,$ 3273.47,2
2345,09:30:02,$ 3273.47,1
2346,09:30:02,$ 3273.47,1
2347,09:30:02,$ 3273.47,5
2348,09:30:02,$ 3273.47,2
2349,09:30:02,$ 3273.47,1
2350,09:30:02,$ 3273.47,5
2351,09:30:02,$ 3273.47,2
2353,09:30:02,$ 3273.47,4
2354,09:30:02,$ 3273.47,2
2355,09:30:02,$ 3273.47,2
2356,09:30:02,$ 3273.47,1
2357,09:30:02,$ 3273.47,6
2358,09:30:02,$ 3273.47,1
2359,09:30:02,$ 3273.47,3
2360,09:30:02,$ 3273.47,2
2361,09:30:02,$ 3273.47,1
2362,09:30:02,$ 3273.47,2
2363,09:30:02,$ 3273.47,3
2364,09:30:02,$ 3273.47,1
2365,09:30:02,$ 3273.47,2
2366,09:30:02,$ 3273.47,3
2367,09:30:02,$ 3273.47,1
2368,09:30:02,$ 3273.47,4
2369,09:30:02,$ 3273.47,2
2370,09:30:02,$ 3273.47,1
2371,09:30:02,$ 3273.47,8
2372,09:30:02,$ 3273.47,2
2374,09:30:02,$ 3273.47,5
2375,09:30:02,$ 3273.47,7
2376,09:30:02,$ 3273.47,3
2377,09:30:02,$ 3273.47,3
2378,09:30:02,$ 3273.47,1
2379,09:30:02,$ 3273.47,2
2380,09:30:02,$ 3273.47,1
2381,09:30:02,$ 3273.47,1
2382,09:30:02,$ 3273.47,1
2383,09:30:02,$ 3273.47,1
2384,09:30:02,$ 3273.47,7
2385,09:30:02,$ 3273.47,1
2386,09:30:02,$ 3273.47,1
2387,09:30:02,$ 3273.47,1
2388,09:30:02,$ 3273.47,2
2389,09:30:02,$ 3273.47,10
2390,09:30:02,$ 3273.47,1
2391,09:30:02,$ 3273.47,1
2392,09:30:02,$ 3273.47,5
2393,09:30:02,$ 3273.47,2
2395,09:30:02,$ 3273.47,2
2396,09:30:02,$ 3273.47,1
2397,09:30:02,$ 3273.47,1
2398,09:30:02,$ 3273.47,1
2399,09:30:02,$ 3273.47,3
2400,09:30:02,$ 3273.47,100
2401,09:30:02,$ 3273.47,8
2402,09:30:02,$ 3273.47,2
2403,09:30:02,$ 3273.47,10
2404,09:30:02,$ 3273.47,253
2405,09:30:02,$ 3273.47,3
2406,09:30:02,$ 3273.47,100
2407,09:30:02,$ 3273.47,2
2408,09:30:02,$ 3273.47,4
2409,09:30:02,$ 3273.47,8
2410,09:30:02,$ 3273.47,5
2411,09:30:02,$ 3273.47,1
2412,09:30:02,$ 3273.47,11
2413,09:30:02,$ 3273.47,1
2414,09:30:02,$ 3273.47,1
2416,09:30:02,$ 3273.47,2
2417,09:30:02,$ 3273.47,946
2418,09:30:02,$ 3273.47,10
2419,09:30:02,$ 3273.47,7
2420,09:30:02,$ 3273.47,2
2421,09:30:02,$ 3273.47,2
2422,09:30:02,$ 3273.47,7
2423,09:30:02,$ 3273.47,10
2424,09:30:02,$ 3273.47,3
2425,09:30:02,$ 3273.47,2
2426,09:30:02,$ 3273.47,2
2427,09:30:02,$ 3273.47,1
2428,09:30:02,$ 3273.47,1
2429,09:30:02,$ 3273.47,1
2430,09:30:02,$ 3273.47,50
2431,09:30:02,$ 3273.47,1
2432,09:30:02,$ 3273.47,10
2433,09:30:02,$ 3273.47,4
2434,09:30:02,$ 3273.47,1
2435,09:30:02,$ 3273.47,2
2437,09:30:02,$ 3273.47,1
2438,09:30:02,$ 3273.47,1
2439,09:30:02,$ 3273.47,1
2440,09:30:02,$ 3273.47,4
2441,09:30:02,$ 3273.47,13
2442,09:30:02,$ 3273.47,100
2443,09:30:02,$ 3273.47,84
2444,09:30:02,$ 3273.47,300
2445,09:30:02,$ 3273.47,200
2446,09:30:02,$ 3273.47,1
2447,09:30:02,$ 3273.47,1
2448,09:30:02,$ 3273.47,8
2449,09:30:02,$ 3273.47,1
2450,09:30:02,$ 3273.47,5
2451,09:30:02,$ 3273.47,39
2452,09:30:02,$ 3273.47,52
2453,09:30:02,$ 3273.47,1
2454,09:30:02,$ 3273.47,1
2455,09:30:02,$ 3273.47,2
2456,09:30:02,$ 3273.47,1
2458,09:30:02,$ 3273.47,20
2459,09:30:02,$ 3273.47,5
2460,09:30:02,$ 3273.47,10
2461,09:30:02,$ 3273.47,5
2462,09:30:02,$ 3273.47,1
2463,09:30:02,$ 3273.47,1
2464,09:30:02,$ 3273.47,1
2465,09:30:02,$ 3273.47,7
2466,09:30:02,$ 3273.47,3
2467,09:30:02,$ 3273.47,45
2468,09:30:02,$ 3273.47,1
2469,09:30:02,$ 3273.47,1
2470,09:30:02,$ 3273.47,3
2471,09:30:02,$ 3273.47,5
2472,09:30:02,$ 3273.47,2
2473,09:30:02,$ 3273.47,10
2474,09:30:02,$ 3273.47,30
2475,09:30:02,$ 3273.47,15
2476,09:30:02,$ 3273.47,152
2477,09:30:02,$ 3273.47,38
2479,09:30:02,$ 3273.47,92
2480,09:30:02,$ 3273.47,584
2481,09:30:02,$ 3273.47,10
2482,09:30:02,$ 3273.47,1
2483,09:30:02,$ 3273.47,1
2484,09:30:02,$ 3273.47,1
2485,09:30:02,$ 3273.47,1
2486,09:30:02,$ 3273.47,7
2487,09:30:02,$ 3273.47,1
2488,09:30:02,$ 3273.47,1
2489,09:30:02,$ 3273.47,8
2490,09:30:02,$ 3273.47,7
2491,09:30:02,$ 3273.47,1
2492,09:30:02,$ 3273.47,2
2493,09:30:02,$ 3273.47,1
2494,09:30:02,$ 3273.47,3
2495,09:30:02,$ 3273.47,2
2496,09:30:02,$ 3273.47,1
2497,09:30:02,$ 3273.47,1
2498,09:30:02,$ 3273.47,8
2500,09:30:02,$ 3273.47,6
2501,09:30:02,$ 3273.47,1
2502,09:30:02,$ 3273.47,3
2503,09:30:02,$ 3273.47,2
2504,09:30:02,$ 3273.47,3
2505,09:30:02,$ 3273.47,4
2506,09:30:02,$ 3273.47,1
2507,09:30:02,$ 3273.47,2
2508,09:30:02,$ 3273.47,5
2509,09:30:02,$ 3273.47,5
2510,09:30:02,$ 3273.47,1
2511,09:30:02,$ 3273.47,1
2512,09:30:02,$ 3273.47,10
2513,09:30:02,$ 3273.47,10
2514,09:30:02,$ 3273.47,1
2515,09:30:02,$ 3273.47,3
2516,09:30:02,$ 3273.47,3
2517,09:30:02,$ 3273.47,4
2518,09:30:02,$ 3273.47,30
2519,09:30:02,$ 3273.47,1
2521,09:30:02,$ 3273.47,1
2522,09:30:02,$ 3273.47,10
2523,09:30:02,$ 3273.47,90
2524,09:30:02,$ 3273.47,5
2525,09:30:02,$ 3273.47,3
2526,09:30:02,$ 3273.47,200
2527,09:30:02,$ 3273.47,1
2528,09:30:02,$ 3273.47,12
2529,09:30:02,$ 3273.47,4
2530,09:30:02,$ 3273.47,1
2531,09:30:02,$ 3273.47,1
2532,09:30:02,$ 3273.47,1
2533,09:30:02,$ 3273.47,5
2534,09:30:02,$ 3273.47,3
2535,09:30:02,$ 3273.47,1
2536,09:30:02,$ 3273.47,5
2537,09:30:02,$ 3273.47,10
2538,09:30:02,$ 3273.47,1
2539,09:30:02,$ 3273.47,20
2540,09:30:02,$ 3273.47,2
2542,09:30:02,$ 3273.47,10
2543,09:30:02,$ 3273.47,3
2544,09:30:02,$ 3273.47,1
2545,09:30:02,$ 3273.47,12
2546,09:30:02,$ 3273.47,182
2547,09:30:02,$ 3273.47,198
2548,09:30:02,$ 3273.47,1
2549,09:30:02,$ 3273.47,9
2550,09:30:02,$ 3273.47,6
2551,09:30:02,$ 3273.47,1
2552,09:30:02,$ 3273.47,1
2553,09:30:02,$ 3273.47,15
2554,09:30:02,$ 3273.47,84
2555,09:30:02,$ 3273.47,10
2556,09:30:02,$ 3273.47,5
2557,09:30:02,$ 3273.47,1
2558,09:30:02,$ 3273.47,1
2559,09:30:02,$ 3273.47,1
2560,09:30:02,$ 3273.47,1
2561,09:30:02,$ 3273.47,3
2563,09:30:02,$ 3273.47,2
2564,09:30:02,$ 3273.47,7
2565,09:30:02,$ 3273.47,2
2566,09:30:02,$ 3273.47,14
2567,09:30:02,$ 3273.47,1
2568,09:30:02,$ 3273.47,2
2569,09:30:02,$ 3273.47,1
2570,09:30:02,$ 3273.47,1
2571,09:30:02,$ 3273.47,1
2572,09:30:02,$ 3273.47,6
2573,09:30:02,$ 3273.47,2
2574,09:30:02,$ 3273.47,9
2575,09:30:02,$ 3273.47,16
2576,09:30:02,$ 3273.47,1
2577,09:30:02,$ 3273.47,3
2578,09:30:02,$ 3273.47,2
2579,09:30:02,$ 3273.47,4
2580,09:30:02,$ 3273.47,1
2581,09:30:02,$ 3273.47,1
2582,09:30:02,$ 3273.47,1
2584,09:30:02,$ 3273.47,1
2585,09:30:02,$ 3273.47,3
2586,09:30:02,$ 3273.47,2
2587,09:30:02,$ 3273.47,1
2588,09:30:02,$ 3273.47,9
2589,09:30:02,$ 3273.47,30
2590,09:30:02,$ 3273.47,3
2591,09:30:02,$ 3273.47,1
2592,09:30:02,$ 3273.47,3
2593,09:30:02,$ 3273.47,1
2594,09:30:02,$ 3273.47,5
2595,09:30:02,$ 3273.47,15
2596,09:30:02,$ 3273.47,91
2597,09:30:02,$ 3273.47,30
2598,09:30:02,$ 3273.47,9
2599,09:30:02,$ 3273.47,9
2600,09:30:02,$ 3273.47,3
2601,09:30:02,$ 3273.47,2
2602,09:30:02,$ 3273.47,2
2603,09:30:02,$ 3273.47,5
2605,09:30:02,$ 3273.47,1
2606,09:30:02,$ 3273.47,4
2607,09:30:02,$ 3273.47,7
2608,09:30:02,$ 3273.47,20
2609,09:30:02,$ 3273.47,34
2610,09:30:02,$ 3273.47,5
2611,09:30:02,$ 3273.47,5
2612,09:30:02,$ 3273.47,7
2613,09:30:02,$ 3273.47,2
2614,09:30:02,$ 3273.47,47
2615,09:30:02,$ 3273.47,164
2616,09:30:02,$ 3273.47,275
2617,09:30:02,$ 3273.47,65
2618,09:30:02,$ 3273.47,1
2619,09:30:02,$ 3273.47,4
2620,09:30:02,$ 3273.47,7
2621,09:30:02,$ 3273.47,2
2622,09:30:02,$ 3273.47,10
2623,09:30:02,$ 3273.47,86
2624,09:30:02,$ 3273.47,3
2626,09:30:02,$ 3273.47,1
2627,09:30:02,$ 3273.47,38
2628,09:30:02,$ 3273.47,5
2629,09:30:02,$ 3274.25,100
2630,09:30:02,$ 3272.72,100
2631,09:30:02,$ 3274.045,100
2632,09:30:02,$ 3273.47,2
2633,09:30:02,$ 3273.47,15
2634,09:30:02,$ 3273.47,2
2635,09:30:02,$ 3273.47,15
2636,09:30:02,$ 3273.47,100
2637,09:30:02,$ 3273.47,15
2638,09:30:02,$ 3273.47,50
2639,09:30:02,$ 3273.47,10
2640,09:30:02,$ 3273.47,50
2641,09:30:02,$ 3273.47,50
2642,09:30:02,$ 3273.47,50
2643,09:30:02,$ 3273.47,100
2644,09:30:02,$ 3273.47,77
2645,09:30:02,$ 3274.915,100
2647,09:30:01,$ 3275.13,100
2648,09:30:01,$ 3273.9508,140
2650,10:29:44,$ 3286.83,100
2651,10:29:44,$ 3287.09,100
2652,10:29:44,$ 3287.07,100
2653,10:29:44,$ 3287.15,100
2654,10:29:44,$ 3287.10,100
2655,10:29:23,$ 3287.79,100
2656,10:28:41,$ 3287.42,649
2657,10:28:41,$ 3287.29,100
2658,10:28:41,$ 3287.24,131
2659,10:28:41,$ 3287.24,105
2660,10:28:41,$ 3287.50,100
2661,10:28:37,$ 3288.12,100
2662,10:28:19,$ 3287.6109,500
2663,10:28:15,$ 3288.46,100
2664,10:28:15,$ 3288.00,100
2665,10:27:58,$ 3287.00,339
2666,10:27:58,$ 3287.00,330
2667,10:27:09,$ 3285.35,100
2668,10:27:03,$ 3286.0299,100
2669,10:26:57,$ 3286.495,200
2671,10:26:46,$ 3286.57,150
2672,10:26:44,$ 3286.1329,200
2673,10:26:43,$ 3286.80,100
2674,10:26:37,$ 3286.75,200
2675,10:26:31,$ 3286.1036,100
2676,10:26:09,$ 3285.95,200
2677,10:25:56,$ 3286.315,100
2678,10:25:49,$ 3286.86,100
2679,10:25:47,$ 3285.80,100
2680,10:25:47,$ 3285.53,100
2681,10:25:46,$ 3285.00,100
2682,10:25:46,$ 3285.00,100
2683,10:25:43,$ 3284.42,100
2684,10:25:28,$ 3284.00,100
2685,10:25:28,$ 3284.00,100
2686,10:25:28,$ 3283.73,200
2687,10:25:17,$ 3282.845,500
2688,10:25:13,$ 3282.47,100
2689,10:25:13,$ 3282.42,101
2690,10:25:13,$ 3282.65,100
2692,10:25:13,$ 3283.3521,100
2693,10:24:13,$ 3280.91,"1,000"
2694,10:24:10,$ 3280.10,100
2695,10:24:05,$ 3279.95,100
2696,10:24:05,$ 3279.99,100
2697,10:24:01,$ 3279.84,100
2698,10:23:43,$ 3280.25,100
2699,10:23:31,$ 3280.489,100
2700,10:23:31,$ 3281.20,200
2701,10:23:25,$ 3281.90,100
2702,10:23:25,$ 3281.63,145
2703,10:23:16,$ 3281.47,100
2704,10:22:58,$ 3281.60,100
2705,10:22:53,$ 3279.03,100
2706,10:22:52,$ 3278.65,100
2707,10:22:48,$ 3278.66,100
2708,10:22:48,$ 3278.48,100
2709,10:22:48,$ 3278.50,188
2710,10:22:46,$ 3278.64,100
2711,10:22:43,$ 3278.93,100
2713,10:22:40,$ 3278.93,100
2714,10:22:38,$ 3278.785,100
2715,10:22:36,$ 3279.09,100
2716,10:22:34,$ 3278.10,100
2717,10:22:28,$ 3277.26,100
2718,10:22:22,$ 3276.87,100
2719,10:22:04,$ 3276.195,100
2720,10:22:04,$ 3276.00,100
2721,10:21:56,$ 3275.3701,100
2722,10:21:33,$ 3274.8851,300
2723,10:21:24,$ 3275.085,200
2724,10:21:21,$ 3274.785,100
2725,10:20:59,$ 3275.26,143
2726,10:20:36,$ 3276.03,100
2727,10:20:35,$ 3276.08,100
2728,10:20:35,$ 3276.00,100
2729,10:20:29,$ 3276.04,100
2730,10:20:28,$ 3276.04,100
2731,10:20:26,$ 3276.03,100
2732,10:20:26,$ 3276.00,100
2734,10:20:26,$ 3276.005,100
2735,10:20:20,$ 3276.085,111
2736,10:20:06,$ 3275.39,177
2737,10:20:06,$ 3275.38,112
2738,10:20:06,$ 3275.37,145
2739,10:20:00,$ 3276.645,111
2740,10:19:54,$ 3275.84,100
2741,10:19:44,$ 3275.00,198
2742,10:19:43,$ 3275.20,100
2743,10:19:20,$ 3275.205,100
2744,10:19:18,$ 3275.97,100
2745,10:19:01,$ 3276.77,100
2746,10:18:59,$ 3276.77,300
2747,10:18:50,$ 3276.99,100
2748,10:18:50,$ 3276.26,100
2749,10:18:50,$ 3276.39,100
2750,10:18:49,$ 3276.67,100
2751,10:18:49,$ 3276.68,100
2752,10:18:44,$ 3276.22,100
2753,10:18:38,$ 3275.7054,100
2755,10:18:34,$ 3276.05,100
2756,10:18:12,$ 3275.83,100
2757,10:18:12,$ 3275.83,100
2758,10:17:52,$ 3276.08,100
2759,10:17:52,$ 3276.04,100
2760,10:17:51,$ 3275.6081,100
2761,10:17:26,$ 3274.62,100
2762,10:17:26,$ 3275.645,100
2763,10:17:20,$ 3275.69,100
2764,10:17:18,$ 3274.36,100
2765,10:17:16,$ 3275.36,100
2766,10:17:16,$ 3275.36,144
2767,10:17:10,$ 3276.58,100
2768,10:17:09,$ 3276.15,100
2769,10:17:08,$ 3276.00,100
2770,10:17:06,$ 3276.615,100
2771,10:17:00,$ 3276.30,100
2772,10:17:00,$ 3275.43,100
2773,10:16:58,$ 3275.4627,100
2774,10:16:58,$ 3274.625,100
2776,10:16:54,$ 3275.595,100
2777,10:16:49,$ 3274.65,100
2778,10:16:47,$ 3273.74,100
2779,10:16:47,$ 3273.70,100
2780,10:16:47,$ 3273.69,380
2781,10:16:42,$ 3273.15,100
2782,10:16:21,$ 3272.71,100
2783,10:16:17,$ 3271.99,100
2784,10:16:16,$ 3271.77,100
2785,10:16:16,$ 3271.95,100
2786,10:16:16,$ 3271.97,100
2787,10:16:16,$ 3271.80,100
2788,10:16:16,$ 3271.7738,300
2789,10:16:16,$ 3272.28,100
2790,10:16:14,$ 3271.55,100
2791,10:16:14,$ 3271.525,100
2792,10:16:09,$ 3271.1885,152
2793,10:16:07,$ 3270.70,100
2794,10:16:07,$ 3270.9301,250
2795,10:16:07,$ 3271.25,150
2797,10:16:01,$ 3271.38,100
2798,10:16:01,$ 3272.13,100
2799,10:15:57,$ 3272.08,100
2800,10:15:55,$ 3272.31,100
2801,10:15:55,$ 3272.71,100
2802,10:15:55,$ 3272.28,100
2803,10:15:55,$ 3271.38,100
2804,10:15:55,$ 3271.20,100
2805,10:15:54,$ 3272.71,110
2806,10:15:54,$ 3272.355,100
2807,10:15:53,$ 3271.04,100
2808,10:15:53,$ 3271.04,100
2809,10:15:51,$ 3272.90,100
2810,10:15:49,$ 3272.12,159
2811,10:15:48,$ 3272.39,100
2812,10:15:48,$ 3272.15,100
2813,10:15:47,$ 3271.955,100
2814,10:15:45,$ 3271.96,100
2815,10:15:45,$ 3272.31,100
2816,10:15:42,$ 3271.96,100
2818,10:15:41,$ 3271.935,100
2819,10:15:41,$ 3272.004,200
2820,10:15:41,$ 3272.315,100
2821,10:15:41,$ 3272.04,100
2822,10:15:41,$ 3272.04,100
2823,10:15:41,$ 3272.315,200
2824,10:15:41,$ 3271.935,100
2825,10:15:41,$ 3271.20,200
2826,10:15:41,$ 3271.96,100
2827,10:15:41,$ 3272.66,100
2828,10:15:40,$ 3272.60,100
2829,10:15:40,$ 3273.06,100
2830,10:15:40,$ 3272.825,100
2831,10:15:40,$ 3272.715,100
2832,10:15:38,$ 3274.14,100
2833,10:15:38,$ 3273.33,100
2834,10:15:31,$ 3273.19,100
2835,10:15:31,$ 3273.24,100
2836,10:15:31,$ 3273.20,100
2837,10:15:31,$ 3273.54,260
2839,10:15:31,$ 3273.64,100
2840,10:15:31,$ 3273.62,100
2841,10:15:30,$ 3273.62,100
2842,10:15:30,$ 3274.19,100
2843,10:15:30,$ 3275.00,100
2844,10:15:30,$ 3275.00,100
2845,10:15:30,$ 3275.00,100
2846,10:15:24,$ 3276.00,100
2847,10:15:24,$ 3276.00,100
2848,10:15:21,$ 3276.70,100
2849,10:15:21,$ 3276.85,100
2850,10:15:21,$ 3276.85,100
2851,10:15:21,$ 3276.70,100
2852,10:15:21,$ 3276.85,218
2853,10:15:21,$ 3276.85,100
2854,10:15:21,$ 3276.85,180
2855,10:15:21,$ 3276.85,100
2856,10:15:19,$ 3277.61,100
2857,10:15:18,$ 3278.215,100
2858,10:14:50,$ 3279.775,100
2860,10:14:36,$ 3279.87,400
2861,10:14:36,$ 3279.855,400
2862,10:14:28,$ 3280.415,100
2863,10:14:28,$ 3280.415,100
2864,10:14:24,$ 3280.40,100
2865,10:14:23,$ 3280.615,100
2866,10:14:23,$ 3280.62,100
2867,10:14:14,$ 3280.82,100
2868,10:14:14,$ 3280.82,100
2869,10:14:06,$ 3280.73,100
2870,10:13:55,$ 3280.77,100
2871,10:13:55,$ 3280.74,100
2872,10:13:55,$ 3280.74,100
2873,10:13:49,$ 3280.55,100
2874,10:13:47,$ 3280.97,100
2875,10:13:47,$ 3280.59,100
2876,10:13:47,$ 3280.59,100
2877,10:13:47,$ 3280.585,100
2878,10:13:47,$ 3280.5875,100
2879,10:13:46,$ 3280.20,200
2881,10:13:34,$ 3280.585,230
2882,10:13:06,$ 3279.32,100
2883,10:12:46,$ 3278.81,400
2884,10:12:39,$ 3279.40,100
2885,10:12:34,$ 3279.405,100
2886,10:12:26,$ 3279.9199,100
2887,10:12:16,$ 3279.94,220
2888,10:12:15,$ 3278.49,300
2889,10:12:15,$ 3279.246,100
2890,10:12:15,$ 3279.35,100
2891,10:12:15,$ 3279.6751,304
2892,10:12:15,$ 3279.86,100
2893,10:12:15,$ 3279.61,100
2894,10:12:15,$ 3279.15,100
2895,10:12:15,$ 3279.25,100
2896,10:12:15,$ 3279.10,100
2897,10:12:15,$ 3279.17,100
2898,10:12:15,$ 3279.30,100
2899,10:12:15,$ 3279.13,100
2900,10:12:15,$ 3279.22,100
2902,10:12:15,$ 3279.26,100
2903,10:12:15,$ 3279.28,100
2904,10:12:15,$ 3279.35,100
2905,10:12:15,$ 3279.42,100
2906,10:12:15,$ 3279.50,100
2907,10:12:15,$ 3278.345,159
2908,10:12:08,$ 3278.57,100
2909,10:12:08,$ 3278.585,100
2910,10:12:08,$ 3278.57,100
2911,10:11:52,$ 3278.01,100
2912,10:11:52,$ 3278.10,100
2913,10:11:52,$ 3278.20,100
2914,10:11:52,$ 3278.22,100
2915,10:11:52,$ 3278.27,100
2916,10:11:39,$ 3278.48,100
2917,10:11:39,$ 3279.09,100
2918,10:11:39,$ 3279.085,100
2919,10:11:39,$ 3279.08,260
2920,10:11:36,$ 3280.37,140
2921,10:11:36,$ 3280.00,164
2923,10:11:35,$ 3280.00,100
2924,10:11:35,$ 3280.055,100
2925,10:11:35,$ 3280.01,100
2926,10:11:30,$ 3280.18,100
2927,10:11:19,$ 3280.93,100
2928,10:11:19,$ 3280.6699,701
2929,10:11:19,$ 3280.31,100
2930,10:11:05,$ 3280.03,100
2931,10:11:05,$ 3280.435,100
2932,10:11:03,$ 3280.80,100
2933,10:11:03,$ 3280.15,300
2934,10:10:59,$ 3280.65,100
2935,10:10:47,$ 3280.67,100
2936,10:10:47,$ 3280.68,100
2937,10:10:37,$ 3280.155,100
2938,10:10:16,$ 3277.8482,201
2939,10:10:16,$ 3277.8482,103
2940,10:10:10,$ 3278.35,228
2941,10:10:08,$ 3278.58,100
2942,10:09:47,$ 3278.35,100
2944,10:09:45,$ 3279.33,100
2945,10:09:44,$ 3278.525,100
2946,10:09:37,$ 3278.00,290
2947,10:09:30,$ 3278.325,250
2948,10:09:28,$ 3279.62,100
2949,10:09:16,$ 3277.525,100
2950,10:09:09,$ 3277.89,100
2951,10:09:00,$ 3280.00,100
2952,10:09:00,$ 3280.00,100
2953,10:09:00,$ 3280.00,200
2954,10:09:00,$ 3279.04,100
2955,10:09:00,$ 3279.04,100
2956,10:08:49,$ 3279.2838,500
2957,10:08:42,$ 3279.53,100
2958,10:08:41,$ 3279.27,100
2959,10:08:38,$ 3279.95,100
2960,10:08:38,$ 3280.00,100
2961,10:08:31,$ 3278.00,500
2962,10:08:29,$ 3278.61,100
2963,10:08:27,$ 3278.555,100
2965,10:08:27,$ 3279.29,250
2966,10:08:21,$ 3278.61,100
2967,10:08:19,$ 3279.00,100
2968,10:08:19,$ 3279.55,100
2969,10:08:17,$ 3279.575,100
2970,10:08:16,$ 3279.105,100
2971,10:08:16,$ 3278.195,100
2972,10:08:15,$ 3278.17,100
2973,10:08:15,$ 3278.94,100
2974,10:08:15,$ 3278.94,100
2975,10:08:15,$ 3278.925,100
2976,10:08:15,$ 3280.01,100
2977,10:08:15,$ 3280.19,109
2978,10:08:10,$ 3281.24,100
2979,10:08:08,$ 3281.93,100
2980,10:08:00,$ 3281.01,100
2981,10:07:58,$ 3282.27,100
2982,10:07:58,$ 3282.27,269
2983,10:07:47,$ 3283.7998,100
2984,10:07:39,$ 3283.34,467
2986,10:07:39,$ 3283.34,315
2987,10:07:35,$ 3284.5884,100
2988,10:07:35,$ 3284.42,100
2989,10:07:02,$ 3285.92,100
2990,10:06:43,$ 3286.005,100
2991,10:06:07,$ 3285.13,100
2992,10:05:53,$ 3285.64,100
2993,10:05:31,$ 3285.43,100
2994,10:05:31,$ 3284.715,100
2995,10:05:07,$ 3282.995,100
2996,10:05:07,$ 3282.825,100
2997,10:05:07,$ 3282.835,100
2998,10:05:07,$ 3282.775,100
2999,10:05:07,$ 3282.9249,500
3000,10:04:59,$ 3284.38,100
3001,10:04:59,$ 3284.38,100
3002,10:04:48,$ 3286.00,103
3003,10:04:43,$ 3286.56,100
3004,10:04:34,$ 3286.785,100
3005,10:04:32,$ 3287.515,100
3007,10:04:32,$ 3287.06,100
3008,10:04:28,$ 3288.3799,100
3009,10:04:21,$ 3288.135,100
3010,10:04:21,$ 3288.185,100
3011,10:04:21,$ 3287.13,100
3012,10:04:18,$ 3288.1175,100
3013,10:04:09,$ 3286.3613,235
3014,10:03:43,$ 3287.04,100
3015,10:03:41,$ 3286.79,100
3016,10:03:41,$ 3286.69,100
3017,10:03:41,$ 3286.62,100
3018,10:03:41,$ 3286.625,100
3019,10:03:26,$ 3286.125,100
3020,10:03:26,$ 3286.33,100
3021,10:03:09,$ 3287.00,100
3022,10:03:02,$ 3287.28,100
3023,10:03:01,$ 3287.125,100
3024,10:02:57,$ 3286.61,100
3025,10:02:51,$ 3287.655,100
3026,10:02:50,$ 3287.97,100
3028,10:02:38,$ 3287.96,100
3029,10:02:37,$ 3287.925,100
3030,10:02:37,$ 3287.12,100
3031,10:02:34,$ 3288.035,100
3032,10:02:31,$ 3288.035,100
3033,10:02:20,$ 3286.94,100
3034,10:02:02,$ 3286.00,100
3035,10:01:50,$ 3286.52,100
3036,10:01:49,$ 3286.37,100
3037,10:01:49,$ 3285.70,100
3038,10:01:46,$ 3285.45,100
3039,10:01:46,$ 3285.7399,100
3040,10:01:44,$ 3285.37,100
3041,10:01:44,$ 3285.37,100
3042,10:01:42,$ 3285.37,100
3043,10:01:42,$ 3285.37,100
3044,10:01:42,$ 3285.37,100
3045,10:01:28,$ 3285.506,100
3046,10:01:27,$ 3285.52,100
3047,10:01:25,$ 3284.7631,234
3049,10:01:22,$ 3285.86,100
3050,10:01:10,$ 3285.645,100
3051,10:01:10,$ 3285.17,100
3052,10:01:10,$ 3285.18,100
3053,10:01:10,$ 3285.26,100
3054,10:01:04,$ 3285.63,100
3055,10:00:57,$ 3287.18,100
3056,10:00:57,$ 3287.715,100
3057,10:00:56,$ 3287.715,100
3058,10:00:56,$ 3287.715,100
3059,10:00:51,$ 3287.54,100
3060,10:00:31,$ 3289.38,100
3061,10:00:31,$ 3289.73,100
3062,10:00:31,$ 3289.73,100
3063,10:00:26,$ 3290.5467,200
3064,10:00:12,$ 3290.41,100
3065,10:00:11,$ 3290.78,100
3066,10:00:11,$ 3290.51,100
3067,10:00:07,$ 3290.76,100
3068,10:00:07,$ 3290.77,124
3070,10:00:06,$ 3289.96,100
3071,10:00:06,$ 3290.00,137
3072,10:00:03,$ 3288.6455,100
3073,10:00:01,$ 3288.96,100
3075,10:59:51,$ 3286.7887,100
3076,10:59:29,$ 3285.52,100
3077,10:59:05,$ 3286.11,100
3078,10:59:05,$ 3286.25,100
3079,10:58:35,$ 3287.50,100
3080,10:58:20,$ 3289.00,"1,000"
3081,10:58:03,$ 3287.77,100
3082,10:57:17,$ 3287.905,150
3083,10:57:16,$ 3289.1979,489
3084,10:57:15,$ 3287.86,218
3085,10:57:15,$ 3287.86,100
3086,10:57:04,$ 3287.8264,153
3087,10:56:41,$ 3287.035,100
3088,10:56:34,$ 3287.815,100
3089,10:56:00,$ 3286.90,100
3090,10:55:36,$ 3285.96,147
3091,10:55:36,$ 3285.00,104
3092,10:55:35,$ 3285.9845,215
3093,10:55:22,$ 3286.19,100
3094,10:55:22,$ 3286.85,245
3096,10:55:22,$ 3286.85,167
3097,10:54:52,$ 3286.885,100
3098,10:54:52,$ 3286.64,100
3099,10:54:52,$ 3286.63,200
3100,10:54:50,$ 3287.4499,100
3101,10:54:48,$ 3287.04,100
3102,10:54:29,$ 3286.23,140
3103,10:54:28,$ 3286.82,100
3104,10:54:13,$ 3285.89,100
3105,10:54:02,$ 3286.34,100
3106,10:53:53,$ 3286.02,100
3107,10:53:53,$ 3286.21,100
3108,10:52:31,$ 3286.31,100
3109,10:52:27,$ 3285.1201,100
3110,10:51:34,$ 3285.125,100
3111,10:51:34,$ 3285.41,100
3112,10:51:10,$ 3286.0907,100
3113,10:51:06,$ 3284.40,100
3114,10:51:02,$ 3286.4599,100
3115,10:50:56,$ 3286.10,100
3117,10:50:50,$ 3286.20,100
3118,10:50:49,$ 3285.78,200
3119,10:50:07,$ 3286.41,100
3120,10:50:00,$ 3285.95,100
3121,10:49:24,$ 3283.0578,185
3122,10:49:18,$ 3284.225,100
3123,10:49:05,$ 3284.12,100
3124,10:49:01,$ 3284.98,100
3125,10:48:24,$ 3284.6701,100
3126,10:48:21,$ 3285.00,100
3127,10:48:10,$ 3285.0599,100
3128,10:48:07,$ 3283.00,100
3129,10:48:07,$ 3283.5261,200
3130,10:48:04,$ 3284.00,247
3131,10:47:59,$ 3284.41,120
3132,10:47:31,$ 3284.79,100
3133,10:47:26,$ 3284.01,140
3134,10:47:24,$ 3285.00,100
3135,10:47:24,$ 3285.80,106
3136,10:46:44,$ 3287.1367,200
3138,10:46:44,$ 3287.35,100
3139,10:46:44,$ 3287.00,100
3140,10:46:36,$ 3288.295,100
3141,10:46:34,$ 3288.2276,100
3142,10:46:27,$ 3289.53,100
3143,10:46:23,$ 3289.00,900
3144,10:46:14,$ 3290.13,100
3145,10:46:07,$ 3290.99,100
3146,10:45:23,$ 3291.57,100
3147,10:45:04,$ 3292.00,900
3148,10:45:04,$ 3291.97,100
3149,10:44:48,$ 3291.97,100
3150,10:44:32,$ 3290.36,118
3151,10:43:57,$ 3291.895,100
3152,10:43:46,$ 3292.96,180
3153,10:43:46,$ 3292.87,100
3154,10:43:45,$ 3292.22,100
3155,10:43:43,$ 3291.11,100
3156,10:43:40,$ 3291.70,100
3157,10:43:28,$ 3292.48,100
3159,10:43:22,$ 3292.14,100
3160,10:43:21,$ 3292.4607,170
3161,10:43:16,$ 3292.89,100
3162,10:42:54,$ 3291.2951,200
3163,10:42:34,$ 3290.89,166
3164,10:42:33,$ 3290.69,100
3165,10:42:30,$ 3290.075,100
3166,10:42:29,$ 3290.94,200
3167,10:42:24,$ 3290.64,100
3168,10:42:19,$ 3291.1387,300
3169,10:42:00,$ 3290.00,109
3170,10:42:00,$ 3290.63,100
3171,10:41:36,$ 3290.855,100
3172,10:41:32,$ 3290.605,150
3173,10:41:32,$ 3290.3333,100
3174,10:41:20,$ 3291.00,100
3175,10:41:20,$ 3289.10,100
3176,10:41:20,$ 3290.97,100
3177,10:41:20,$ 3290.97,100
3178,10:41:20,$ 3290.97,100
3180,10:41:20,$ 3290.97,100
3181,10:41:20,$ 3290.97,100
3182,10:41:20,$ 3289.47,100
3183,10:41:20,$ 3290.00,100
3184,10:41:20,$ 3290.00,100
3185,10:41:18,$ 3289.8974,181
3186,10:40:52,$ 3289.75,100
3187,10:40:39,$ 3289.47,138
3188,10:40:39,$ 3289.373,296
3189,10:40:29,$ 3288.885,100
3190,10:40:19,$ 3289.7599,100
3191,10:40:11,$ 3288.875,100
3192,10:40:06,$ 3288.9996,100
3193,10:40:01,$ 3288.43,200
3194,10:39:36,$ 3287.365,100
3195,10:39:30,$ 3286.83,100
3196,10:39:27,$ 3285.785,100
3197,10:39:22,$ 3285.30,100
3198,10:39:22,$ 3285.84,100
3199,10:39:08,$ 3284.74,100
3201,10:39:07,$ 3284.855,150
3202,10:38:31,$ 3284.89,100
3203,10:37:52,$ 3284.645,100
3204,10:37:41,$ 3283.98,100
3205,10:37:36,$ 3284.40,100
3206,10:37:35,$ 3284.00,913
3207,10:37:35,$ 3284.00,100
3208,10:37:31,$ 3283.32,100
3209,10:37:27,$ 3283.045,200
3210,10:37:07,$ 3284.635,100
3211,10:37:06,$ 3284.25,100
3212,10:37:00,$ 3285.45,100
3213,10:36:51,$ 3284.81,200
3214,10:36:51,$ 3284.99,100
3215,10:36:51,$ 3284.99,100
3216,10:36:37,$ 3284.60,100
3217,10:36:34,$ 3284.00,100
3218,10:36:34,$ 3284.00,100
3219,10:36:21,$ 3285.1026,100
3220,10:36:14,$ 3285.02,100
3222,10:35:56,$ 3286.39,112
3223,10:35:47,$ 3287.00,170
3224,10:35:47,$ 3287.11,200
3225,10:35:29,$ 3287.7458,127
3226,10:35:25,$ 3287.52,100
3227,10:35:21,$ 3287.73,100
3228,10:35:18,$ 3288.115,100
3229,10:35:18,$ 3288.48,100
3230,10:35:18,$ 3288.115,100
3231,10:35:18,$ 3288.115,100
3232,10:35:16,$ 3288.3976,100
3233,10:35:14,$ 3288.29,100
3234,10:35:05,$ 3287.80,100
3235,10:35:03,$ 3288.165,100
3236,10:34:42,$ 3288.25,100
3237,10:34:36,$ 3288.52,100
3238,10:34:36,$ 3289.045,100
3239,10:34:36,$ 3288.53,113
3240,10:34:15,$ 3288.56,100
3241,10:34:12,$ 3289.36,100
3243,10:34:12,$ 3289.55,100
3244,10:34:12,$ 3289.55,100
3245,10:34:02,$ 3289.53,100
3246,10:34:02,$ 3289.57,100
3247,10:33:56,$ 3289.695,100
3248,10:33:46,$ 3288.44,100
3249,10:33:09,$ 3288.05,100
3250,10:32:59,$ 3289.17,100
3251,10:32:42,$ 3288.755,100
3252,10:32:42,$ 3288.72,200
3253,10:32:35,$ 3289.42,100
3254,10:32:35,$ 3289.42,100
3255,10:32:26,$ 3288.48,100
3256,10:32:25,$ 3288.30,100
3257,10:32:11,$ 3287.01,200
3258,10:32:06,$ 3287.9026,100
3259,10:31:28,$ 3288.7191,248
3260,10:31:17,$ 3288.85,100
3261,10:31:07,$ 3289.00,900
3262,10:31:06,$ 3289.00,100
3264,10:31:06,$ 3289.00,100
3265,10:31:03,$ 3288.70,100
3266,10:30:55,$ 3288.51,140
3267,10:30:55,$ 3288.61,100
3268,10:30:54,$ 3288.51,100
3269,10:30:52,$ 3288.55,100
3270,10:30:52,$ 3288.55,100
3271,10:30:51,$ 3288.50,160
3272,10:30:47,$ 3288.50,100
3274,11:29:58,$ 3292.98,100
3275,11:29:58,$ 3293.05,100
3276,11:29:58,$ 3293.05,100
3277,11:29:58,$ 3293.00,100
3278,11:29:55,$ 3293.05,"1,000"
3279,11:29:50,$ 3293.1325,226
3280,11:29:50,$ 3293.11,100
3281,11:29:46,$ 3293.00,100
3282,11:29:46,$ 3293.01,200
3283,11:29:46,$ 3293.00,100
3284,11:29:42,$ 3292.6292,200
3285,11:29:15,$ 3291.99,100
3286,11:29:15,$ 3292.00,100
3287,11:29:15,$ 3291.81,100
3288,11:29:14,$ 3291.81,100
3289,11:29:14,$ 3291.81,100
3290,11:29:14,$ 3291.81,100
3291,11:29:14,$ 3291.81,100
3292,11:29:14,$ 3291.81,100
3293,11:29:14,$ 3291.81,100
3295,11:29:14,$ 3291.81,100
3296,11:29:13,$ 3291.81,100
3297,11:29:13,$ 3291.81,122
3298,11:29:08,$ 3291.81,100
3299,11:29:08,$ 3291.81,100
3300,11:29:08,$ 3291.81,100
3301,11:28:36,$ 3291.525,100
3302,11:28:35,$ 3291.525,146
3303,11:28:30,$ 3291.8358,100
3304,11:28:10,$ 3292.355,100
3305,11:28:05,$ 3292.455,140
3306,11:28:01,$ 3292.58,100
3307,11:27:56,$ 3292.3326,200
3308,11:27:55,$ 3292.00,275
3309,11:27:52,$ 3291.50,254
3310,11:27:52,$ 3291.50,100
3311,11:27:52,$ 3291.50,100
3312,11:27:48,$ 3291.13,220
3313,11:27:43,$ 3290.90,126
3314,11:27:41,$ 3291.20,100
3316,11:27:41,$ 3291.00,100
3317,11:27:41,$ 3290.901,100
3318,11:27:41,$ 3290.90,130
3319,11:27:41,$ 3291.20,100
3320,11:27:41,$ 3291.20,100
3321,11:27:40,$ 3291.20,100
3322,11:27:29,$ 3291.47,100
3323,11:26:44,$ 3291.215,220
3324,11:26:31,$ 3291.0572,843
3325,11:26:31,$ 3291.0572,116
3326,11:26:31,$ 3291.385,100
3327,11:26:29,$ 3291.88,100
3328,11:26:18,$ 3291.8587,100
3329,11:26:17,$ 3291.148,100
3330,11:26:16,$ 3291.04,295
3331,11:26:12,$ 3291.036,100
3332,11:26:12,$ 3291.02,100
3333,11:26:06,$ 3291.515,100
3334,11:26:00,$ 3291.015,100
3335,11:25:54,$ 3291.9282,154
3337,11:25:40,$ 3291.9899,230
3338,11:25:32,$ 3291.99,100
3339,11:25:30,$ 3291.9167,150
3340,11:25:26,$ 3291.57,260
3341,11:25:26,$ 3291.32,100
3342,11:25:21,$ 3291.35,100
3343,11:25:20,$ 3291.34,100
3344,11:25:13,$ 3290.875,100
3345,11:25:13,$ 3291.14,100
3346,11:24:43,$ 3290.43,100
3347,11:24:43,$ 3290.43,200
3348,11:24:24,$ 3290.50,100
3349,11:24:07,$ 3290.59,100
3350,11:23:29,$ 3290.815,100
3351,11:23:14,$ 3290.99,100
3352,11:23:07,$ 3291.0163,280
3353,11:22:34,$ 3291.235,100
3354,11:22:26,$ 3291.21,100
3355,11:22:24,$ 3291.20,269
3356,11:22:18,$ 3291.00,100
3358,11:21:59,$ 3290.555,100
3359,11:21:17,$ 3290.09,100
3360,11:21:16,$ 3290.6399,125
3361,11:20:52,$ 3289.6996,100
3362,11:20:47,$ 3289.7933,104
3363,11:20:47,$ 3289.7933,118
3364,11:20:22,$ 3290.36,180
3365,11:19:44,$ 3289.60,100
3366,11:19:42,$ 3289.80,100
3367,11:19:42,$ 3288.85,100
3368,11:19:33,$ 3289.685,100
3369,11:19:27,$ 3289.315,100
3370,11:19:23,$ 3288.785,100
3371,11:19:16,$ 3288.9325,100
3372,11:19:16,$ 3288.955,100
3373,11:19:10,$ 3288.59,100
3374,11:18:48,$ 3287.79,100
3375,11:18:48,$ 3288.22,100
3376,11:18:48,$ 3289.045,100
3377,11:18:48,$ 3289.045,100
3379,11:18:48,$ 3288.71,100
3380,11:18:48,$ 3289.44,100
3381,11:18:27,$ 3290.371,100
3382,11:17:18,$ 3290.955,100
3383,11:17:18,$ 3290.8625,100
3384,11:17:16,$ 3291.25,100
3385,11:17:09,$ 3291.245,100
3386,11:16:48,$ 3291.00,100
3387,11:16:48,$ 3291.26,100
3388,11:16:46,$ 3291.35,100
3389,11:16:25,$ 3290.00,145
3390,11:16:25,$ 3289.695,100
3391,11:16:17,$ 3289.51,100
3392,11:16:13,$ 3289.15,200
3393,11:15:47,$ 3288.08,100
3394,11:15:41,$ 3287.48,100
3395,11:15:13,$ 3287.42,100
3396,11:15:13,$ 3287.42,100
3397,11:14:57,$ 3287.335,100
3398,11:14:57,$ 3287.54,100
3400,11:14:57,$ 3287.41,100
3401,11:14:57,$ 3287.3225,100
3402,11:14:57,$ 3287.365,100
3403,11:14:57,$ 3287.00,100
3404,11:14:42,$ 3287.54,100
3405,11:14:42,$ 3287.54,100
3406,11:14:27,$ 3287.09,100
3407,11:14:26,$ 3286.315,100
3408,11:14:25,$ 3286.315,100
3409,11:14:22,$ 3286.32,100
3410,11:14:21,$ 3286.66,100
3411,11:14:11,$ 3286.10,200
3412,11:14:11,$ 3286.10,100
3413,11:13:49,$ 3287.525,200
3414,11:13:46,$ 3287.785,100
3415,11:13:45,$ 3287.67,100
3416,11:13:21,$ 3288.59,100
3417,11:13:20,$ 3288.59,100
3418,11:13:20,$ 3288.59,100
3419,11:13:13,$ 3288.03,100
3421,11:12:38,$ 3288.31,100
3422,11:12:38,$ 3287.86,100
3423,11:12:38,$ 3287.94,100
3424,11:12:37,$ 3287.94,100
3425,11:12:36,$ 3287.945,100
3426,11:12:36,$ 3287.94,100
3427,11:12:31,$ 3287.18,100
3428,11:12:31,$ 3287.18,100
3429,11:12:31,$ 3287.255,100
3430,11:12:31,$ 3287.255,100
3431,11:12:28,$ 3287.1585,225
3432,11:12:27,$ 3287.01,100
3433,11:12:27,$ 3287.455,100
3434,11:12:08,$ 3287.435,100
3435,11:12:08,$ 3287.18,100
3436,11:12:07,$ 3287.1062,150
3437,11:11:51,$ 3288.7599,134
3438,11:11:45,$ 3288.93,100
3439,11:11:34,$ 3288.66,100
3440,11:11:22,$ 3288.965,225
3442,11:11:21,$ 3288.96,100
3443,11:11:20,$ 3287.73,114
3444,11:11:12,$ 3287.96,100
3445,11:10:20,$ 3290.145,100
3446,11:10:12,$ 3290.145,100
3447,11:10:12,$ 3289.895,250
3448,11:10:11,$ 3290.235,100
3449,11:09:59,$ 3290.33,100
3450,11:09:53,$ 3290.00,100
3451,11:09:29,$ 3289.01,225
3452,11:09:28,$ 3289.01,100
3453,11:09:04,$ 3288.645,100
3454,11:09:03,$ 3288.89,100
3455,11:08:25,$ 3287.665,100
3456,11:08:24,$ 3287.665,100
3457,11:08:23,$ 3287.40,100
3458,11:08:21,$ 3287.585,100
3459,11:08:21,$ 3287.84,300
3460,11:08:17,$ 3289.40,100
3461,11:08:12,$ 3289.43,150
3463,11:08:06,$ 3289.525,100
3464,11:07:16,$ 3288.00,360
3465,11:07:16,$ 3288.00,347
3466,11:07:16,$ 3288.00,100
3467,11:06:46,$ 3288.17,100
3468,11:06:34,$ 3288.83,100
3469,11:06:24,$ 3288.84,100
3470,11:04:48,$ 3288.9026,100
3471,11:03:41,$ 3288.70,100
3472,11:03:20,$ 3288.82,100
3473,11:03:13,$ 3288.66,100
3474,11:03:09,$ 3289.275,113
3475,11:03:03,$ 3289.43,700
3476,11:03:02,$ 3289.44,105
3477,11:03:01,$ 3289.43,100
3478,11:03:01,$ 3289.06,100
3479,11:02:51,$ 3289.8184,100
3480,11:02:46,$ 3289.50,100
3481,11:02:17,$ 3288.82,100
3482,11:02:07,$ 3289.035,100
3484,11:01:48,$ 3288.05,100
3485,11:01:47,$ 3287.9445,100
3486,11:01:25,$ 3289.19,100
3487,11:01:15,$ 3288.705,100
3488,11:01:14,$ 3288.00,100
3489,11:01:14,$ 3289.1021,200
3490,11:01:14,$ 3289.4187,584
3491,11:01:14,$ 3288.67,100
3492,11:01:14,$ 3288.42,100
3493,11:01:14,$ 3288.56,100
3494,11:01:13,$ 3288.5386,100
3495,11:01:05,$ 3288.09,100
3496,11:00:43,$ 3287.44,100
3497,11:00:11,$ 3285.72,100
3498,11:00:06,$ 3285.55,100
3499,11:00:06,$ 3285.29,100
3500,11:00:06,$ 3285.75,100
3501,11:00:05,$ 3285.75,100
3502,11:00:02,$ 3286.07,100
3503,11:00:01,$ 3285.80,100
3505,11:59:50,$ 3285.76,100
3506,11:59:46,$ 3285.73,100
3507,11:59:45,$ 3285.60,100
3508,11:59:45,$ 3285.60,100
3509,11:59:45,$ 3286.16,100
3510,11:59:38,$ 3286.17,100
3511,11:59:11,$ 3285.74,100
3512,11:59:11,$ 3285.765,100
3513,11:58:46,$ 3285.26,100
3514,11:58:30,$ 3285.65,100
3515,11:58:30,$ 3285.67,100
3516,11:58:21,$ 3285.3399,100
3517,11:58:07,$ 3285.49,100
3518,11:57:38,$ 3284.13,"1,000"
3519,11:57:35,$ 3284.86,100
3520,11:57:34,$ 3283.63,100
3521,11:57:34,$ 3283.33,100
3522,11:57:28,$ 3284.68,100
3523,11:57:28,$ 3285.03,100
3524,11:57:22,$ 3284.81,100
3526,11:57:15,$ 3283.5742,187
3527,11:57:02,$ 3284.80,199
3528,11:56:57,$ 3283.81,100
3529,11:56:43,$ 3283.16,100
3530,11:56:40,$ 3283.41,100
3531,11:56:37,$ 3283.83,300
3532,11:56:30,$ 3283.62,100
3533,11:56:21,$ 3284.50,500
3534,11:56:20,$ 3285.00,100
3535,11:56:20,$ 3285.00,100
3536,11:56:15,$ 3285.72,100
3537,11:56:05,$ 3286.395,100
3538,11:55:40,$ 3285.675,100
3539,11:55:36,$ 3285.93,100
3540,11:55:36,$ 3285.50,100
3541,11:55:36,$ 3285.52,100
3542,11:55:36,$ 3285.80,100
3543,11:55:36,$ 3285.68,100
3544,11:55:08,$ 3286.31,100
3545,11:55:08,$ 3286.105,200
3547,11:55:08,$ 3286.105,200
3548,11:55:08,$ 3286.105,200
3549,11:55:05,$ 3286.04,100
3550,11:55:05,$ 3286.27,100
3551,11:55:05,$ 3286.045,100
3552,11:55:05,$ 3286.23,100
3553,11:55:05,$ 3286.245,100
3554,11:55:00,$ 3286.23,100
3555,11:54:56,$ 3286.02,100
3556,11:54:50,$ 3286.54,100
3557,11:54:49,$ 3286.58,100
3558,11:53:51,$ 3287.00,500
3559,11:53:41,$ 3287.0025,400
3560,11:52:54,$ 3288.28,100
3561,11:52:43,$ 3288.56,258
3562,11:52:43,$ 3288.825,100
3563,11:52:43,$ 3288.37,100
3564,11:52:42,$ 3288.28,100
3565,11:50:42,$ 3289.64,100
3566,11:50:20,$ 3290.00,"1,000"
3568,11:50:16,$ 3289.595,100
3569,11:50:04,$ 3288.85,100
3570,11:49:54,$ 3289.2075,100
3571,11:49:54,$ 3289.2075,100
3572,11:49:32,$ 3289.345,100
3573,11:49:32,$ 3288.71,100
3574,11:49:31,$ 3288.89,100
3575,11:49:19,$ 3289.52,100
3576,11:48:53,$ 3288.46,100
3577,11:48:34,$ 3287.68,100
3578,11:48:01,$ 3287.50,100
3579,11:48:01,$ 3287.50,100
3580,11:48:01,$ 3287.48,100
3581,11:46:47,$ 3289.28,100
3582,11:46:45,$ 3288.68,100
3583,11:46:23,$ 3288.4975,200
3584,11:46:21,$ 3288.35,100
3585,11:46:21,$ 3288.21,100
3586,11:46:21,$ 3288.34,100
3587,11:46:14,$ 3288.77,100
3589,11:46:04,$ 3289.3575,100
3590,11:46:02,$ 3289.435,100
3591,11:46:00,$ 3288.75,100
3592,11:45:58,$ 3288.3115,130
3593,11:45:46,$ 3288.895,100
3594,11:45:35,$ 3288.94,100
3595,11:45:09,$ 3289.795,100
3596,11:45:09,$ 3289.505,100
3597,11:45:09,$ 3289.655,100
3598,11:45:09,$ 3289.80,100
3599,11:45:06,$ 3289.28,100
3600,11:45:06,$ 3289.29,100
3601,11:45:06,$ 3289.795,300
3602,11:45:00,$ 3289.42,100
3603,11:44:27,$ 3289.875,100
3604,11:44:27,$ 3289.875,100
3605,11:44:25,$ 3289.67,100
3606,11:44:11,$ 3289.96,100
3607,11:43:56,$ 3290.29,100
3608,11:43:56,$ 3289.89,100
3610,11:43:54,$ 3290.43,100
3611,11:43:54,$ 3290.3375,100
3612,11:43:54,$ 3290.3375,100
3613,11:43:54,$ 3290.425,300
3614,11:43:43,$ 3289.76,100
3615,11:43:39,$ 3291.00,100
3616,11:43:30,$ 3291.90,105
3617,11:43:13,$ 3290.825,100
3618,11:43:13,$ 3290.68,100
3619,11:43:13,$ 3290.68,100
3620,11:43:02,$ 3290.86,146
3621,11:43:00,$ 3290.00,100
3622,11:42:30,$ 3291.83,111
3623,11:42:30,$ 3291.83,111
3624,11:42:30,$ 3291.83,111
3625,11:42:30,$ 3291.83,103
3626,11:42:30,$ 3291.88,110
3627,11:42:30,$ 3291.83,111
3628,11:42:30,$ 3291.83,111
3629,11:42:26,$ 3292.14,100
3631,11:42:22,$ 3292.00,100
3632,11:42:22,$ 3291.95,100
3633,11:42:22,$ 3291.61,180
3634,11:42:22,$ 3291.61,100
3635,11:42:22,$ 3291.485,100
3636,11:42:22,$ 3291.485,100
3637,11:42:22,$ 3291.31,100
3638,11:42:22,$ 3291.37,100
3639,11:42:22,$ 3291.525,100
3640,11:42:22,$ 3291.61,100
3641,11:42:22,$ 3291.59,100
3642,11:42:22,$ 3291.49,100
3643,11:42:22,$ 3291.525,100
3644,11:42:22,$ 3291.43,100
3645,11:42:04,$ 3290.57,106
3646,11:42:02,$ 3290.475,100
3647,11:42:02,$ 3290.475,100
3648,11:42:02,$ 3290.415,100
3649,11:42:02,$ 3290.50,100
3650,11:42:02,$ 3290.085,100
3652,11:42:02,$ 3290.085,100
3653,11:41:17,$ 3288.90,170
3654,11:40:17,$ 3288.27,100
3655,11:40:17,$ 3287.79,100
3656,11:40:16,$ 3287.2005,227
3657,11:40:16,$ 3287.30,100
3658,11:40:16,$ 3287.31,100
3659,11:39:38,$ 3288.26,100
3660,11:38:44,$ 3287.9685,100
3661,11:37:38,$ 3288.875,100
3662,11:37:23,$ 3288.07,100
3663,11:37:23,$ 3288.015,100
3664,11:37:19,$ 3287.962,139
3665,11:37:12,$ 3287.52,100
3666,11:37:11,$ 3287.23,100
3667,11:36:57,$ 3287.71,100
3668,11:36:29,$ 3287.494,100
3669,11:36:19,$ 3287.08,113
3670,11:36:08,$ 3285.71,100
3671,11:35:55,$ 3287.10,100
3673,11:35:44,$ 3286.89,100
3674,11:35:44,$ 3287.425,100
3675,11:35:44,$ 3287.00,200
3676,11:35:44,$ 3287.45,100
3677,11:35:12,$ 3288.20,400
3678,11:35:01,$ 3289.2833,122
3679,11:35:01,$ 3289.64,100
3680,11:34:52,$ 3289.64,200
3681,11:34:52,$ 3289.72,100
3682,11:34:52,$ 3289.57,100
3683,11:34:52,$ 3289.60,100
3684,11:33:17,$ 3290.959,200
3685,11:32:55,$ 3289.9737,200
3686,11:32:48,$ 3290.00,100
3688,12:29:32,$ 3293.48,100
3689,12:29:32,$ 3293.56,225
3690,12:29:31,$ 3293.42,100
3691,12:29:31,$ 3293.00,100
3692,12:29:21,$ 3292.80,100
3693,12:29:21,$ 3292.63,400
3694,12:29:21,$ 3292.35,100
3695,12:29:21,$ 3292.48,100
3696,12:29:19,$ 3292.33,100
3697,12:29:19,$ 3291.79,100
3698,12:29:19,$ 3291.75,100
3699,12:28:55,$ 3291.9099,150
3700,12:28:41,$ 3291.89,400
3701,12:28:40,$ 3291.965,100
3702,12:28:40,$ 3290.72,100
3703,12:28:40,$ 3291.99,153
3704,12:28:40,$ 3291.81,100
3705,12:28:40,$ 3291.94,100
3706,12:28:40,$ 3291.97,100
3707,12:28:40,$ 3292.00,200
3709,12:28:40,$ 3291.50,100
3710,12:28:40,$ 3290.89,100
3711,12:28:40,$ 3290.84,100
3712,12:28:39,$ 3290.69,100
3713,12:28:39,$ 3290.44,100
3714,12:28:34,$ 3289.90,100
3715,12:27:58,$ 3289.83,100
3716,12:27:58,$ 3289.76,100
3717,12:27:57,$ 3289.50,100
3718,12:27:57,$ 3289.48,100
3719,12:27:57,$ 3289.50,100
3720,12:27:57,$ 3289.50,204
3721,12:26:34,$ 3289.152,100
3722,12:26:08,$ 3289.65,100
3723,12:26:06,$ 3289.38,147
3724,12:24:45,$ 3288.40,100
3725,12:24:42,$ 3288.40,100
3726,12:24:32,$ 3288.79,100
3727,12:24:19,$ 3288.465,100
3728,12:22:36,$ 3289.29,100
3730,12:22:14,$ 3289.68,100
3731,12:21:57,$ 3288.9048,206
3732,12:20:37,$ 3288.53,100
3733,12:20:30,$ 3288.5399,200
3734,12:20:07,$ 3288.00,137
3735,12:19:56,$ 3287.35,100
3736,12:19:19,$ 3287.27,100
3737,12:19:01,$ 3287.00,100
3738,12:18:57,$ 3287.2325,100
3739,12:18:57,$ 3287.285,100
3740,12:18:57,$ 3286.95,100
3741,12:18:56,$ 3286.0263,250
3742,12:18:46,$ 3286.95,100
3743,12:17:54,$ 3286.5301,200
3744,12:17:52,$ 3287.17,100
3745,12:17:51,$ 3287.00,100
3746,12:17:39,$ 3287.0706,250
3747,12:17:22,$ 3287.185,100
3748,12:17:11,$ 3287.68,200
3749,12:17:11,$ 3287.555,100
3751,12:17:07,$ 3287.65,200
3752,12:17:07,$ 3287.72,100
3753,12:17:06,$ 3287.47,100
3754,12:16:29,$ 3287.575,200
3755,12:16:08,$ 3288.39,200
3756,12:16:04,$ 3288.625,100
3757,12:15:30,$ 3289.4354,105
3758,12:15:11,$ 3288.95,100
3759,12:15:09,$ 3289.51,212
3760,12:15:07,$ 3289.80,100
3761,12:15:05,$ 3289.3846,100
3762,12:14:58,$ 3289.53,100
3763,12:14:42,$ 3289.71,100
3764,12:14:42,$ 3289.365,200
3765,12:14:40,$ 3289.68,100
3766,12:14:11,$ 3289.37,100
3767,12:14:00,$ 3289.07,100
3768,12:14:00,$ 3288.74,100
3769,12:14:00,$ 3288.67,200
3770,12:14:00,$ 3288.67,100
3772,12:13:43,$ 3288.61,100
3773,12:13:43,$ 3289.025,200
3774,12:13:43,$ 3289.025,200
3775,12:13:42,$ 3289.01,100
3776,12:13:41,$ 3288.86,100
3777,12:13:34,$ 3288.10,100
3778,12:13:34,$ 3288.11,100
3779,12:13:30,$ 3288.635,100
3780,12:13:27,$ 3289.05,100
3781,12:13:16,$ 3288.7925,100
3782,12:13:15,$ 3288.66,100
3783,12:13:15,$ 3288.60,200
3784,12:13:00,$ 3288.83,100
3785,12:12:52,$ 3289.00,100
3786,12:12:32,$ 3288.7022,200
3787,12:12:12,$ 3289.07,100
3788,12:12:10,$ 3288.4128,100
3789,12:11:58,$ 3288.17,100
3790,12:11:57,$ 3289.35,200
3791,12:11:53,$ 3289.7399,100
3793,12:11:46,$ 3289.94,122
3794,12:11:38,$ 3290.02,100
3795,12:11:25,$ 3289.7813,500
3796,12:11:11,$ 3290.15,243
3797,12:10:56,$ 3289.68,200
3798,12:10:56,$ 3290.00,100
3799,12:10:43,$ 3290.71,100
3800,12:10:43,$ 3291.00,100
3801,12:10:29,$ 3290.51,100
3802,12:10:29,$ 3290.49,200
3803,12:10:29,$ 3290.745,200
3804,12:10:27,$ 3290.5634,100
3805,12:10:17,$ 3290.00,100
3806,12:10:02,$ 3290.36,200
3807,12:10:02,$ 3290.36,200
3808,12:10:02,$ 3290.4195,100
3809,12:10:01,$ 3290.00,375
3810,12:10:01,$ 3290.0001,100
3811,12:09:59,$ 3290.7697,100
3812,12:09:51,$ 3290.44,100
3814,12:09:48,$ 3290.63,100
3815,12:09:43,$ 3290.964,100
3816,12:09:40,$ 3290.70,110
3817,12:09:32,$ 3291.0193,187
3818,12:09:30,$ 3290.07,100
3819,12:09:13,$ 3290.00,100
3820,12:09:13,$ 3290.00,100
3821,12:09:11,$ 3289.26,100
3822,12:09:11,$ 3289.265,100
3823,12:09:06,$ 3290.00,100
3824,12:08:57,$ 3288.775,100
3825,12:08:57,$ 3288.775,100
3826,12:08:57,$ 3288.775,100
3827,12:08:57,$ 3288.775,100
3828,12:08:57,$ 3288.77,100
3829,12:08:13,$ 3289.3199,100
3830,12:08:07,$ 3289.30,300
3831,12:08:07,$ 3289.30,100
3832,12:08:04,$ 3288.885,229
3833,12:08:02,$ 3288.66,100
3835,12:08:01,$ 3288.85,100
3836,12:07:39,$ 3289.1001,200
3837,12:07:18,$ 3289.3309,300
3838,12:06:32,$ 3289.00,150
3839,12:06:22,$ 3288.7133,100
3840,12:06:11,$ 3289.13,100
3841,12:06:11,$ 3289.00,100
3842,12:06:11,$ 3289.28,100
3843,12:06:09,$ 3289.5635,100
3844,12:05:53,$ 3290.1984,300
3845,12:05:52,$ 3290.59,100
3846,12:05:51,$ 3290.19,500
3847,12:05:50,$ 3290.84,100
3848,12:05:40,$ 3290.835,100
3849,12:05:32,$ 3290.515,250
3850,12:05:28,$ 3290.5319,300
3851,12:05:21,$ 3290.8794,500
3852,12:05:12,$ 3290.29,120
3853,12:05:09,$ 3289.92,100
3854,12:05:09,$ 3290.02,100
