,NLS Time (ET),NLS Price,NLS Share Volume
1,09:59:59,$ 3293.52,130
2,09:59:52,$ 3293.3504,100
3,09:59:47,$ 3293.785,100
4,09:59:39,$ 3294.1601,500
5,09:59:27,$ 3294.98,100
6,09:59:27,$ 3295.13,125
7,09:59:27,$ 3295.14,185
8,09:59:22,$ 3294.64,100
9,09:59:12,$ 3294.12,100
10,09:59:02,$ 3294.75,100
11,09:59:02,$ 3294.75,100
12,09:59:02,$ 3294.70,117
13,09:59:02,$ 3294.70,116
14,09:59:02,$ 3294.70,252
15,09:59:02,$ 3294.70,100
16,09:59:02,$ 3294.79,100
17,09:58:57,$ 3294.17,100
18,09:58:41,$ 3294.17,100
19,09:58:41,$ 3293.97,100
20,09:58:41,$ 3294.08,100
22,09:58:34,$ 3295.00,100
23,09:58:28,$ 3295.65,100
24,09:58:24,$ 3295.20,589
25,09:58:07,$ 3295.00,100
26,09:58:07,$ 3294.99,100
27,09:58:07,$ 3293.91,100
28,09:58:01,$ 3293.025,100
29,09:57:56,$ 3293.26,100
30,09:57:56,$ 3293.18,100
31,09:57:56,$ 3293.17,100
32,09:57:49,$ 3293.228,500
33,09:57:47,$ 3293.90,100
34,09:57:39,$ 3293.00,100
35,09:57:37,$ 3291.69,100
36,09:57:36,$ 3291.1075,100
37,09:57:16,$ 3291.075,100
38,09:57:10,$ 3291.55,100
39,09:56:52,$ 3290.95,100
40,09:56:48,$ 3289.68,100
41,09:56:47,$ 3289.36,100
43,09:56:31,$ 3289.84,100
44,09:56:24,$ 3288.9366,140
45,09:56:24,$ 3288.9366,277
46,09:56:16,$ 3289.80,101
47,09:56:16,$ 3289.82,100
48,09:56:16,$ 3289.80,398
49,09:56:07,$ 3289.44,100
50,09:56:07,$ 3289.49,100
51,09:56:07,$ 3289.54,100
52,09:56:04,$ 3289.09,100
53,09:55:50,$ 3290.00,100
54,09:55:32,$ 3290.84,100
55,09:55:32,$ 3291.16,100
56,09:55:09,$ 3291.90,159
57,09:55:07,$ 3293.002,100
58,09:55:00,$ 3292.80,100
59,09:54:59,$ 3292.06,400
60,09:54:59,$ 3292.22,200
61,09:54:59,$ 3291.90,183
62,09:54:44,$ 3291.925,200
64,09:54:42,$ 3290.8275,100
65,09:54:41,$ 3292.05,100
66,09:54:41,$ 3292.05,100
67,09:54:41,$ 3292.055,100
68,09:54:23,$ 3291.65,100
69,09:54:08,$ 3291.35,100
70,09:53:59,$ 3292.02,100
71,09:53:59,$ 3291.43,100
72,09:53:55,$ 3290.7375,100
73,09:53:48,$ 3290.048,100
74,09:53:48,$ 3290.05,100
75,09:53:48,$ 3290.17,300
76,09:53:48,$ 3290.09,100
77,09:53:48,$ 3290.04,100
78,09:53:30,$ 3290.01,100
79,09:53:25,$ 3289.69,100
80,09:53:25,$ 3290.00,100
81,09:53:03,$ 3288.135,100
82,09:53:03,$ 3288.32,100
83,09:53:03,$ 3287.75,100
85,09:53:03,$ 3288.52,100
86,09:53:02,$ 3289.12,100
87,09:53:02,$ 3289.14,100
88,09:53:02,$ 3289.485,500
89,09:53:01,$ 3289.67,100
90,09:52:37,$ 3287.96,100
91,09:52:28,$ 3287.8217,188
92,09:52:21,$ 3287.39,100
93,09:52:16,$ 3287.165,100
94,09:52:16,$ 3287.38,100
95,09:52:13,$ 3286.72,100
96,09:52:07,$ 3287.055,100
97,09:52:07,$ 3287.10,100
98,09:52:07,$ 3287.095,100
99,09:52:07,$ 3287.81,100
100,09:52:05,$ 3287.90,100
101,09:52:01,$ 3287.16,100
102,09:52:01,$ 3287.16,100
103,09:51:42,$ 3289.09,100
104,09:51:42,$ 3288.94,100
106,09:51:42,$ 3289.09,100
107,09:51:42,$ 3289.09,100
108,09:51:41,$ 3289.92,115
109,09:51:34,$ 3289.57,100
110,09:51:34,$ 3289.5599,100
111,09:51:21,$ 3287.46,100
112,09:51:20,$ 3287.40,188
113,09:51:09,$ 3287.60,100
114,09:51:09,$ 3287.55,100
115,09:51:08,$ 3287.83,100
116,09:51:06,$ 3287.4914,500
117,09:51:04,$ 3287.775,100
118,09:51:01,$ 3287.925,100
119,09:51:00,$ 3288.3235,100
120,09:50:58,$ 3288.41,100
121,09:50:57,$ 3288.8799,500
122,09:50:53,$ 3288.43,100
123,09:50:51,$ 3288.5425,100
124,09:50:47,$ 3289.36,134
125,09:50:46,$ 3289.00,200
127,09:50:46,$ 3289.45,100
128,09:50:36,$ 3289.71,100
129,09:50:35,$ 3289.41,100
130,09:50:33,$ 3290.01,100
131,09:50:30,$ 3291.26,100
132,09:50:30,$ 3291.55,100
133,09:50:30,$ 3290.90,100
134,09:50:30,$ 3291.01,100
135,09:50:30,$ 3291.08,100
136,09:50:30,$ 3291.12,100
137,09:50:30,$ 3291.16,100
138,09:50:24,$ 3290.00,500
139,09:50:16,$ 3290.82,100
140,09:50:14,$ 3290.97,100
141,09:50:08,$ 3290.50,100
142,09:50:01,$ 3289.30,100
143,09:50:01,$ 3289.98,100
144,09:50:01,$ 3289.98,100
145,09:50:00,$ 3290.18,100
146,09:50:00,$ 3289.98,100
148,09:49:58,$ 3289.39,100
149,09:49:57,$ 3289.8783,100
150,09:49:56,$ 3289.005,100
151,09:49:55,$ 3289.97,100
152,09:49:55,$ 3289.50,100
153,09:49:55,$ 3289.16,100
154,09:49:55,$ 3288.905,100
155,09:49:52,$ 3288.41,100
156,09:49:52,$ 3288.40,100
157,09:49:49,$ 3287.387,476
158,09:49:46,$ 3286.37,100
159,09:49:46,$ 3287.01,100
160,09:49:46,$ 3287.01,100
161,09:49:45,$ 3287.13,100
162,09:49:45,$ 3288.10,115
163,09:49:45,$ 3288.10,385
164,09:49:45,$ 3288.12,100
165,09:49:45,$ 3288.29,100
166,09:49:45,$ 3288.385,100
167,09:49:42,$ 3289.03,100
169,09:49:41,$ 3289.03,100
170,09:49:40,$ 3288.61,100
171,09:49:40,$ 3289.16,200
172,09:49:40,$ 3289.00,200
173,09:49:39,$ 3289.165,100
174,09:49:39,$ 3289.21,100
175,09:49:39,$ 3289.36,100
176,09:49:39,$ 3289.23,100
177,09:49:39,$ 3289.36,200
178,09:49:39,$ 3289.21,100
179,09:49:39,$ 3290.00,122
180,09:49:39,$ 3289.85,100
181,09:49:38,$ 3289.974,100
182,09:49:38,$ 3289.36,100
183,09:49:31,$ 3290.12,100
184,09:49:31,$ 3290.08,100
185,09:49:22,$ 3291.00,100
186,09:49:22,$ 3291.00,100
187,09:49:22,$ 3291.00,100
188,09:49:22,$ 3291.01,100
190,09:49:21,$ 3291.395,500
191,09:49:21,$ 3291.20,100
192,09:49:21,$ 3291.20,100
193,09:49:21,$ 3291.41,100
194,09:49:21,$ 3291.41,115
195,09:49:15,$ 3291.7301,200
196,09:49:14,$ 3291.79,100
197,09:49:10,$ 3292.01,100
198,09:49:10,$ 3292.00,200
199,09:49:10,$ 3292.48,100
200,09:49:06,$ 3293.198,500
201,09:49:00,$ 3292.11,100
202,09:49:00,$ 3292.10,100
203,09:49:00,$ 3292.47,100
204,09:49:00,$ 3292.78,100
205,09:49:00,$ 3292.78,100
206,09:49:00,$ 3292.90,100
207,09:48:56,$ 3292.785,100
208,09:48:56,$ 3292.80,100
209,09:48:54,$ 3293.44,100
211,09:48:54,$ 3293.44,100
212,09:48:54,$ 3293.45,100
213,09:48:52,$ 3293.03,100
214,09:48:52,$ 3293.045,100
215,09:48:52,$ 3292.95,100
216,09:48:44,$ 3294.03,100
217,09:48:44,$ 3294.04,100
218,09:48:44,$ 3294.03,100
219,09:48:20,$ 3295.035,100
220,09:48:13,$ 3294.1801,100
221,09:48:11,$ 3295.04,100
222,09:48:04,$ 3294.26,100
223,09:48:04,$ 3294.26,100
224,09:48:04,$ 3294.26,100
225,09:48:00,$ 3293.61,100
226,09:47:55,$ 3292.85,100
227,09:47:55,$ 3292.91,100
228,09:47:55,$ 3293.00,100
229,09:47:55,$ 3292.95,100
230,09:47:55,$ 3293.44,100
232,09:47:55,$ 3292.93,100
233,09:47:55,$ 3293.86,100
234,09:47:51,$ 3293.66,100
235,09:47:51,$ 3293.66,100
236,09:47:51,$ 3293.82,100
237,09:47:49,$ 3293.825,100
238,09:47:49,$ 3293.825,100
239,09:47:49,$ 3293.00,100
240,09:47:49,$ 3293.87,100
241,09:47:19,$ 3294.22,100
242,09:47:10,$ 3294.17,100
243,09:47:10,$ 3294.18,100
244,09:47:10,$ 3294.18,100
245,09:47:05,$ 3293.45,100
246,09:47:05,$ 3293.805,100
247,09:47:05,$ 3293.54,100
248,09:47:05,$ 3293.805,100
249,09:46:57,$ 3293.695,100
250,09:46:57,$ 3293.35,100
251,09:46:57,$ 3293.91,100
253,09:46:57,$ 3294.32,500
254,09:46:57,$ 3294.948,100
255,09:46:57,$ 3294.984,100
256,09:46:57,$ 3293.83,100
257,09:46:57,$ 3293.88,100
258,09:46:57,$ 3293.59,100
259,09:46:57,$ 3293.655,100
260,09:46:57,$ 3293.51,100
261,09:46:57,$ 3293.53,100
262,09:46:53,$ 3293.56,100
263,09:46:50,$ 3293.11,100
264,09:46:50,$ 3293.10,100
265,09:46:39,$ 3294.55,100
266,09:46:39,$ 3294.55,100
267,09:46:39,$ 3295.39,100
268,09:46:11,$ 3296.04,100
269,09:46:10,$ 3296.995,100
270,09:46:06,$ 3296.56,100
271,09:46:04,$ 3295.705,100
272,09:46:04,$ 3295.695,100
274,09:46:04,$ 3296.41,100
275,09:46:00,$ 3295.125,100
276,09:46:00,$ 3295.11,100
277,09:46:00,$ 3295.135,100
278,09:45:59,$ 3295.175,100
279,09:45:56,$ 3296.18,100
280,09:45:55,$ 3295.46,100
281,09:45:55,$ 3296.035,100
282,09:45:55,$ 3295.61,100
283,09:45:53,$ 3296.29,100
284,09:45:51,$ 3295.60,100
285,09:45:51,$ 3295.70,100
286,09:45:47,$ 3295.525,100
287,09:45:46,$ 3294.265,100
288,09:45:45,$ 3295.63,100
289,09:45:41,$ 3295.70,100
290,09:45:41,$ 3294.55,100
291,09:45:41,$ 3295.71,100
292,09:45:41,$ 3295.14,100
293,09:45:32,$ 3295.37,100
295,09:45:32,$ 3295.38,100
296,09:45:32,$ 3295.63,100
297,09:45:24,$ 3294.72,100
298,09:45:24,$ 3295.09,100
299,09:45:17,$ 3294.19,200
300,09:45:17,$ 3294.13,100
301,09:45:14,$ 3294.11,100
302,09:45:14,$ 3294.13,100
303,09:45:14,$ 3294.135,300
304,09:45:13,$ 3292.8671,125
305,09:45:12,$ 3294.08,100
306,09:45:09,$ 3294.065,100
307,09:45:06,$ 3294.105,100
308,09:45:00,$ 3292.63,100
309,09:45:00,$ 3292.73,100
310,09:44:55,$ 3292.4246,100
311,09:44:36,$ 3292.27,100
312,09:44:34,$ 3292.29,100
313,09:44:33,$ 3291.04,200
314,09:44:33,$ 3291.06,100
316,09:44:33,$ 3291.26,100
317,09:44:33,$ 3291.01,100
318,09:44:31,$ 3291.6475,400
319,09:44:31,$ 3291.59,100
320,09:44:28,$ 3291.65,100
321,09:44:22,$ 3291.94,100
322,09:44:22,$ 3292.94,100
323,09:44:21,$ 3293.16,100
324,09:44:20,$ 3292.85,100
325,09:44:20,$ 3292.85,100
326,09:44:14,$ 3293.79,100
327,09:44:13,$ 3294.02,100
328,09:44:13,$ 3293.72,100
329,09:44:13,$ 3294.19,200
330,09:43:54,$ 3294.405,100
331,09:43:45,$ 3294.91,100
332,09:43:43,$ 3294.65,100
333,09:43:42,$ 3294.94,100
334,09:43:39,$ 3294.9398,112
335,09:43:39,$ 3294.9398,826
337,09:43:36,$ 3294.94,100
338,09:43:33,$ 3294.87,100
339,09:43:20,$ 3294.32,100
340,09:43:14,$ 3296.72,100
341,09:43:11,$ 3297.11,100
342,09:43:06,$ 3297.18,100
343,09:43:01,$ 3297.40,100
344,09:42:51,$ 3295.665,100
345,09:42:50,$ 3295.645,200
346,09:42:50,$ 3296.34,100
347,09:42:49,$ 3296.30,100
348,09:42:48,$ 3294.85,100
349,09:42:48,$ 3294.83,100
350,09:42:39,$ 3295.4492,100
351,09:42:37,$ 3295.51,100
352,09:42:37,$ 3296.65,100
353,09:42:36,$ 3295.41,100
354,09:42:36,$ 3295.40,100
355,09:42:25,$ 3295.18,100
356,09:42:25,$ 3295.21,100
358,09:42:25,$ 3294.43,100
359,09:42:25,$ 3294.37,100
360,09:42:23,$ 3292.77,100
361,09:42:20,$ 3292.195,400
362,09:42:15,$ 3292.955,100
363,09:42:11,$ 3291.54,100
364,09:42:11,$ 3291.85,100
365,09:42:11,$ 3291.85,100
366,09:42:11,$ 3291.85,100
367,09:42:06,$ 3292.41,100
368,09:42:06,$ 3292.35,100
369,09:42:06,$ 3292.34,100
370,09:42:04,$ 3292.75,200
371,09:42:03,$ 3293.935,100
372,09:42:02,$ 3293.15,100
373,09:42:02,$ 3294.02,100
374,09:42:00,$ 3293.74,100
375,09:42:00,$ 3294.21,100
376,09:41:59,$ 3294.365,100
377,09:41:58,$ 3294.21,100
379,09:41:58,$ 3295.00,100
380,09:41:55,$ 3294.6108,143
381,09:41:54,$ 3294.99,100
382,09:41:54,$ 3293.335,100
383,09:41:53,$ 3294.875,100
384,09:41:53,$ 3295.00,310
385,09:41:53,$ 3294.87,100
386,09:41:53,$ 3294.155,100
387,09:41:53,$ 3294.33,100
388,09:41:53,$ 3294.33,100
389,09:41:53,$ 3294.34,100
390,09:41:53,$ 3293.52,100
391,09:41:53,$ 3293.53,100
392,09:41:51,$ 3292.38,200
393,09:41:43,$ 3292.08,100
394,09:41:34,$ 3291.40,100
395,09:41:34,$ 3292.33,100
396,09:41:34,$ 3292.08,100
397,09:41:34,$ 3292.285,100
398,09:41:34,$ 3292.23,100
400,09:41:34,$ 3292.31,100
401,09:41:30,$ 3292.85,100
402,09:41:30,$ 3292.84,100
403,09:41:28,$ 3294.08,100
404,09:41:15,$ 3292.2475,100
405,09:41:15,$ 3292.2858,214
406,09:41:13,$ 3291.92,100
407,09:41:04,$ 3292.11,100
408,09:41:02,$ 3293.14,100
409,09:41:02,$ 3292.95,100
410,09:41:01,$ 3291.33,100
411,09:41:01,$ 3291.33,100
412,09:41:01,$ 3291.33,100
413,09:40:48,$ 3289.88,100
414,09:40:42,$ 3290.1004,100
415,09:40:42,$ 3290.00,100
416,09:40:42,$ 3290.00,100
417,09:40:42,$ 3290.00,100
418,09:40:42,$ 3290.3001,100
419,09:40:42,$ 3290.3001,100
421,09:40:40,$ 3290.59,152
422,09:40:17,$ 3291.9975,400
423,09:40:12,$ 3291.685,100
424,09:40:12,$ 3292.27,100
425,09:40:12,$ 3292.37,100
426,09:40:01,$ 3292.255,100
427,09:39:58,$ 3291.515,100
428,09:39:58,$ 3292.00,100
429,09:39:58,$ 3292.0004,100
430,09:39:56,$ 3291.37,100
431,09:39:56,$ 3291.38,100
432,09:39:56,$ 3292.27,100
433,09:39:50,$ 3292.48,100
434,09:39:50,$ 3292.45,100
435,09:39:46,$ 3292.55,100
436,09:39:46,$ 3292.55,100
437,09:39:46,$ 3293.03,100
438,09:39:42,$ 3293.69,100
439,09:39:41,$ 3293.35,100
440,09:39:40,$ 3293.1694,100
442,09:39:33,$ 3293.195,100
443,09:39:29,$ 3293.527,100
444,09:39:29,$ 3293.6311,100
445,09:39:26,$ 3293.43,100
446,09:39:22,$ 3293.5675,400
447,09:39:21,$ 3294.00,100
448,09:39:13,$ 3292.93,100
449,09:39:10,$ 3292.72,222
450,09:39:01,$ 3292.08,100
451,09:39:01,$ 3292.08,100
452,09:39:01,$ 3292.13,100
453,09:39:00,$ 3292.9275,400
454,09:38:52,$ 3292.549,100
455,09:38:38,$ 3294.63,100
456,09:38:38,$ 3293.4401,100
457,09:38:38,$ 3294.71,100
458,09:38:37,$ 3293.96,100
459,09:38:37,$ 3293.62,100
460,09:38:37,$ 3293.68,100
461,09:38:37,$ 3293.62,100
463,09:38:37,$ 3293.72,300
464,09:38:37,$ 3293.62,100
465,09:38:37,$ 3293.72,100
466,09:38:33,$ 3294.10,100
467,09:38:19,$ 3294.4366,150
468,09:38:14,$ 3293.55,200
469,09:38:06,$ 3292.25,100
470,09:38:05,$ 3291.65,100
471,09:38:04,$ 3291.40,100
472,09:38:04,$ 3291.49,100
473,09:38:04,$ 3291.37,100
474,09:38:01,$ 3290.81,100
475,09:37:51,$ 3291.655,100
476,09:37:47,$ 3291.36,100
477,09:37:42,$ 3292.18,100
478,09:37:34,$ 3292.51,100
479,09:37:31,$ 3293.38,100
480,09:37:23,$ 3294.13,100
481,09:37:18,$ 3294.27,100
482,09:37:18,$ 3294.8866,150
484,09:37:06,$ 3295.035,100
485,09:37:05,$ 3295.49,100
486,09:37:02,$ 3294.50,100
487,09:36:59,$ 3293.59,100
488,09:36:51,$ 3293.44,100
489,09:36:49,$ 3293.71,100
490,09:36:49,$ 3293.76,296
491,09:36:49,$ 3293.31,100
492,09:36:47,$ 3293.945,500
493,09:36:42,$ 3293.95,100
494,09:36:42,$ 3294.575,100
495,09:36:42,$ 3294.59,100
496,09:36:42,$ 3294.59,100
497,09:36:42,$ 3294.59,100
498,09:36:42,$ 3294.419,100
499,09:36:39,$ 3294.05,100
500,09:36:30,$ 3293.62,100
501,09:36:26,$ 3293.0004,100
502,09:36:26,$ 3293.5401,100
503,09:36:21,$ 3294.01,100
505,09:36:20,$ 3294.025,100
506,09:36:20,$ 3294.06,100
507,09:35:58,$ 3294.22,250
508,09:35:58,$ 3294.22,100
509,09:35:53,$ 3294.00,100
510,09:35:48,$ 3296.9699,100
511,09:35:41,$ 3296.45,100
512,09:35:38,$ 3295.65,100
513,09:35:34,$ 3296.11,100
514,09:35:32,$ 3297.00,100
515,09:35:32,$ 3297.00,100
516,09:35:32,$ 3297.00,105
517,09:35:32,$ 3296.94,100
518,09:35:32,$ 3297.00,100
519,09:35:32,$ 3296.98,241
520,09:35:23,$ 3296.9999,100
521,09:35:18,$ 3295.24,103
522,09:35:15,$ 3296.45,150
523,09:35:12,$ 3295.63,100
524,09:35:06,$ 3297.13,100
526,09:35:06,$ 3297.13,100
527,09:34:58,$ 3297.405,150
528,09:34:58,$ 3296.0194,600
529,09:34:54,$ 3297.68,100
530,09:34:47,$ 3296.375,100
531,09:34:45,$ 3294.79,100
532,09:34:45,$ 3294.85,100
533,09:34:37,$ 3294.60,100
534,09:34:25,$ 3294.03,100
535,09:34:09,$ 3293.50,100
536,09:34:09,$ 3294.01,100
537,09:34:07,$ 3293.01,100
538,09:34:07,$ 3294.00,100
539,09:33:53,$ 3293.34,100
540,09:33:51,$ 3293.98,100
541,09:33:40,$ 3294.675,100
542,09:33:39,$ 3294.68,100
543,09:33:34,$ 3294.65,100
544,09:33:30,$ 3294.80,100
545,09:33:30,$ 3294.80,100
547,09:33:27,$ 3295.0981,100
548,09:33:22,$ 3296.45,100
549,09:33:22,$ 3296.55,100
550,09:33:22,$ 3296.565,100
551,09:33:22,$ 3296.67,"1,000"
552,09:33:21,$ 3295.79,100
553,09:33:21,$ 3295.19,100
554,09:33:10,$ 3295.01,100
555,09:33:00,$ 3294.16,300
556,09:32:59,$ 3293.7391,100
557,09:32:58,$ 3293.14,100
558,09:32:58,$ 3293.19,100
559,09:32:57,$ 3294.095,100
560,09:32:43,$ 3294.19,100
561,09:32:40,$ 3294.02,153
562,09:32:39,$ 3294.63,100
563,09:32:28,$ 3295.00,100
564,09:32:28,$ 3295.54,300
565,09:32:28,$ 3296.72,100
566,09:32:26,$ 3297.71,100
568,09:32:23,$ 3297.41,100
569,09:32:17,$ 3296.01,100
570,09:32:14,$ 3295.00,200
571,09:32:06,$ 3295.30,100
572,09:32:05,$ 3296.1599,100
573,09:32:04,$ 3295.30,100
574,09:32:04,$ 3295.30,120
575,09:32:03,$ 3295.63,"2,000"
576,09:32:00,$ 3296.41,100
577,09:31:56,$ 3297.05,100
578,09:31:56,$ 3296.80,100
579,09:31:56,$ 3296.79,285
580,09:31:52,$ 3295.38,183
581,09:31:50,$ 3295.87,100
582,09:31:37,$ 3296.34,100
583,09:31:33,$ 3297.80,100
584,09:31:28,$ 3297.20,100
585,09:31:26,$ 3296.74,100
586,09:31:25,$ 3296.00,100
587,09:31:25,$ 3295.87,100
589,09:31:25,$ 3296.00,100
590,09:31:21,$ 3294.10,100
591,09:31:21,$ 3293.17,100
592,09:31:20,$ 3295.32,125
593,09:31:20,$ 3294.64,100
594,09:31:18,$ 3293.19,100
595,09:31:17,$ 3294.07,100
596,09:31:17,$ 3293.16,200
597,09:31:13,$ 3295.3199,300
598,09:31:12,$ 3294.35,100
599,09:31:12,$ 3294.40,100
600,09:31:05,$ 3293.49,150
601,09:31:03,$ 3294.78,209
602,09:30:58,$ 3295.10,100
603,09:30:56,$ 3293.20,100
604,09:30:52,$ 3294.905,100
605,09:30:49,$ 3294.965,100
606,09:30:49,$ 3296.25,100
607,09:30:49,$ 3295.25,100
608,09:30:49,$ 3294.67,100
610,09:30:49,$ 3294.58,100
611,09:30:49,$ 3294.58,100
612,09:30:49,$ 3294.59,100
613,09:30:49,$ 3294.20,100
614,09:30:49,$ 3294.52,100
615,09:30:49,$ 3294.59,100
616,09:30:47,$ 3293.06,100
617,09:30:47,$ 3293.69,100
618,09:30:47,$ 3293.25,100
619,09:30:47,$ 3292.8954,100
620,09:30:44,$ 3296.04,100
621,09:30:44,$ 3296.02,100
622,09:30:40,$ 3295.58,100
623,09:30:40,$ 3296.8599,303
624,09:30:29,$ 3296.30,100
625,09:30:28,$ 3298.155,130
626,09:30:21,$ 3299.00,100
627,09:30:21,$ 3298.06,100
628,09:30:21,$ 3298.06,100
629,09:30:21,$ 3299.04,100
631,09:30:21,$ 3300.00,100
632,09:30:21,$ 3300.00,116
633,09:30:21,$ 3300.00,100
634,09:30:20,$ 3300.52,100
635,09:30:20,$ 3301.00,100
636,09:30:14,$ 3302.42,100
637,09:30:08,$ 3301.70,100
638,09:30:08,$ 3303.02,100
639,09:30:08,$ 3303.00,100
640,09:30:05,$ 3305.25,169
641,09:30:03,$ 3303.77,100
642,09:30:03,$ 3304.00,100
643,09:30:03,$ 3304.00,100
644,09:30:03,$ 3306.065,100
645,09:30:03,$ 3306.005,100
646,09:30:02,$ 3305.67,1
647,09:30:02,$ 3305.67,4
648,09:30:02,$ 3305.67,7
649,09:30:02,$ 3305.67,2
650,09:30:02,$ 3305.67,1
652,09:30:02,$ 3305.67,1
653,09:30:02,$ 3305.67,1
654,09:30:02,$ 3305.67,2
655,09:30:02,$ 3305.67,2
656,09:30:02,$ 3305.67,3
657,09:30:02,$ 3305.67,4
658,09:30:02,$ 3305.67,2
659,09:30:02,$ 3305.67,1
660,09:30:02,$ 3305.67,1
661,09:30:02,$ 3305.67,1
662,09:30:02,$ 3305.67,1
663,09:30:02,$ 3305.67,1
664,09:30:02,$ 3305.67,1
665,09:30:02,$ 3305.67,1
666,09:30:02,$ 3305.67,1
667,09:30:02,$ 3305.67,1
668,09:30:02,$ 3305.67,1
669,09:30:02,$ 3305.67,1
670,09:30:02,$ 3305.67,1
671,09:30:02,$ 3305.67,1
673,09:30:02,$ 3305.67,1
674,09:30:02,$ 3305.67,1
675,09:30:02,$ 3305.67,1
676,09:30:02,$ 3305.67,1
677,09:30:02,$ 3305.67,1
678,09:30:02,$ 3305.67,1
679,09:30:02,$ 3305.67,1
680,09:30:02,$ 3305.67,1
681,09:30:02,$ 3305.67,1
682,09:30:02,$ 3305.67,1
683,09:30:02,$ 3305.67,1
684,09:30:02,$ 3305.67,1
685,09:30:02,$ 3305.67,1
686,09:30:02,$ 3305.67,1
687,09:30:02,$ 3305.67,1
688,09:30:02,$ 3305.67,1
689,09:30:02,$ 3305.67,1
690,09:30:02,$ 3305.67,1
691,09:30:02,$ 3305.67,1
692,09:30:02,$ 3305.67,1
694,09:30:02,$ 3305.67,1
695,09:30:02,$ 3305.67,1
696,09:30:02,$ 3305.67,1
697,09:30:02,$ 3305.67,1
698,09:30:02,$ 3305.67,1
699,09:30:02,$ 3305.67,1
700,09:30:02,$ 3305.67,1
701,09:30:02,$ 3305.67,1
702,09:30:02,$ 3305.67,1
703,09:30:02,$ 3305.67,1
704,09:30:02,$ 3305.67,1
705,09:30:02,$ 3305.67,1
706,09:30:02,$ 3305.67,1
707,09:30:02,$ 3305.67,1
708,09:30:02,$ 3305.67,1
709,09:30:02,$ 3305.67,1
710,09:30:02,$ 3305.67,1
711,09:30:02,$ 3305.67,1
712,09:30:02,$ 3305.67,1
713,09:30:02,$ 3305.67,1
715,09:30:02,$ 3305.67,1
716,09:30:02,$ 3305.67,1
717,09:30:02,$ 3305.67,1
718,09:30:02,$ 3305.67,1
719,09:30:02,$ 3305.67,1
720,09:30:02,$ 3305.67,1
721,09:30:02,$ 3305.67,1
722,09:30:02,$ 3305.67,1
723,09:30:02,$ 3305.67,1
724,09:30:02,$ 3305.67,1
725,09:30:02,$ 3305.67,1
726,09:30:02,$ 3305.67,1
727,09:30:02,$ 3305.67,1
728,09:30:02,$ 3305.67,1
729,09:30:02,$ 3305.67,1
730,09:30:02,$ 3305.67,1
731,09:30:02,$ 3305.67,1
732,09:30:02,$ 3305.67,1
733,09:30:02,$ 3305.67,1
734,09:30:02,$ 3305.67,1
736,09:30:02,$ 3305.67,1
737,09:30:02,$ 3305.67,1
738,09:30:02,$ 3305.67,5
739,09:30:02,$ 3305.67,190
740,09:30:02,$ 3305.67,40
741,09:30:02,$ 3305.67,10
742,09:30:02,$ 3305.67,6
743,09:30:02,$ 3305.67,1
744,09:30:02,$ 3305.67,1
745,09:30:02,$ 3305.67,1
746,09:30:02,$ 3305.67,1
747,09:30:02,$ 3305.67,1
748,09:30:02,$ 3305.67,1
749,09:30:02,$ 3305.67,1
750,09:30:02,$ 3305.67,1
751,09:30:02,$ 3305.67,1
752,09:30:02,$ 3305.67,1
753,09:30:02,$ 3305.67,2
754,09:30:02,$ 3305.67,1
755,09:30:02,$ 3305.67,1
757,09:30:02,$ 3305.67,1
758,09:30:02,$ 3305.67,1
759,09:30:02,$ 3305.67,1
760,09:30:02,$ 3305.67,1
761,09:30:02,$ 3305.67,1
762,09:30:02,$ 3305.67,68
763,09:30:02,$ 3305.67,6
764,09:30:02,$ 3305.67,78
765,09:30:02,$ 3305.67,51
766,09:30:02,$ 3305.67,1
767,09:30:02,$ 3305.67,3
768,09:30:02,$ 3305.67,1
769,09:30:02,$ 3305.67,4
770,09:30:02,$ 3305.67,3
771,09:30:02,$ 3305.67,1
772,09:30:02,$ 3305.67,1
773,09:30:02,$ 3305.67,3
774,09:30:02,$ 3305.67,31
775,09:30:02,$ 3305.67,1
776,09:30:02,$ 3305.67,1
778,09:30:02,$ 3305.67,56
779,09:30:02,$ 3305.67,1
780,09:30:02,$ 3305.67,1
781,09:30:02,$ 3305.67,10
782,09:30:02,$ 3305.67,15
783,09:30:02,$ 3305.67,1
784,09:30:02,$ 3305.67,3
785,09:30:02,$ 3305.67,8
786,09:30:02,$ 3305.67,3
787,09:30:02,$ 3305.67,4
788,09:30:02,$ 3305.67,15
789,09:30:02,$ 3305.67,4
790,09:30:02,$ 3305.67,5
791,09:30:02,$ 3305.67,1
792,09:30:02,$ 3305.67,2
793,09:30:02,$ 3305.67,2
794,09:30:02,$ 3305.67,2
795,09:30:02,$ 3305.67,6
796,09:30:02,$ 3305.67,12
797,09:30:02,$ 3305.67,10
799,09:30:02,$ 3305.67,11
800,09:30:02,$ 3305.67,1
801,09:30:02,$ 3305.67,1
802,09:30:02,$ 3305.67,4
803,09:30:02,$ 3305.67,20
804,09:30:02,$ 3305.67,1
805,09:30:02,$ 3305.67,1
806,09:30:02,$ 3305.67,2
807,09:30:02,$ 3305.67,1
808,09:30:02,$ 3305.67,10
809,09:30:02,$ 3305.67,21
810,09:30:02,$ 3305.67,3
811,09:30:02,$ 3305.67,3
812,09:30:02,$ 3305.67,10
813,09:30:02,$ 3305.67,2
814,09:30:02,$ 3305.67,1
815,09:30:02,$ 3305.67,1
816,09:30:02,$ 3305.67,1
817,09:30:02,$ 3305.67,2
818,09:30:02,$ 3305.67,30
820,09:30:02,$ 3305.67,1
821,09:30:02,$ 3305.67,1
822,09:30:02,$ 3305.67,2
823,09:30:02,$ 3305.67,2
824,09:30:02,$ 3305.67,1
825,09:30:02,$ 3305.67,2
826,09:30:02,$ 3305.67,1
827,09:30:02,$ 3305.67,1
828,09:30:02,$ 3305.67,1
829,09:30:02,$ 3305.67,1
830,09:30:02,$ 3305.67,1
831,09:30:02,$ 3305.67,1
832,09:30:02,$ 3305.67,1
833,09:30:02,$ 3305.67,1
834,09:30:02,$ 3305.67,17
835,09:30:02,$ 3305.67,18
836,09:30:02,$ 3305.67,3
837,09:30:02,$ 3305.67,1
838,09:30:02,$ 3305.67,12
839,09:30:02,$ 3305.67,5
841,09:30:02,$ 3305.67,1
842,09:30:02,$ 3305.67,4
843,09:30:02,$ 3305.67,8
844,09:30:02,$ 3305.67,2
845,09:30:02,$ 3305.67,1
846,09:30:02,$ 3305.67,1
847,09:30:02,$ 3305.67,1
848,09:30:02,$ 3305.67,3
849,09:30:02,$ 3305.67,1
850,09:30:02,$ 3305.67,1
851,09:30:02,$ 3305.67,1
852,09:30:02,$ 3305.67,24
853,09:30:02,$ 3305.67,1
854,09:30:02,$ 3305.67,3
855,09:30:02,$ 3305.67,20
856,09:30:02,$ 3305.67,1
857,09:30:02,$ 3305.67,2
858,09:30:02,$ 3305.67,2
859,09:30:02,$ 3305.67,10
860,09:30:02,$ 3305.67,1
862,09:30:02,$ 3305.67,1
863,09:30:02,$ 3305.67,6
864,09:30:02,$ 3305.67,1
865,09:30:02,$ 3305.67,3
866,09:30:02,$ 3305.67,4
867,09:30:02,$ 3305.67,2
868,09:30:02,$ 3305.67,1
869,09:30:02,$ 3305.67,1
870,09:30:02,$ 3305.67,10
871,09:30:02,$ 3305.67,1
872,09:30:02,$ 3305.67,1
873,09:30:02,$ 3305.67,5
874,09:30:02,$ 3305.67,1
875,09:30:02,$ 3305.67,7
876,09:30:02,$ 3305.67,2
877,09:30:02,$ 3305.67,11
878,09:30:02,$ 3305.67,1
879,09:30:02,$ 3305.67,1
880,09:30:02,$ 3305.67,3
881,09:30:02,$ 3305.67,1
883,09:30:02,$ 3305.67,1
884,09:30:02,$ 3305.67,1
885,09:30:02,$ 3305.67,1
886,09:30:02,$ 3305.67,1
887,09:30:02,$ 3305.67,3
888,09:30:02,$ 3305.67,2
889,09:30:02,$ 3305.67,3
890,09:30:02,$ 3305.67,313
891,09:30:02,$ 3305.67,9
892,09:30:02,$ 3305.67,25
893,09:30:02,$ 3305.67,10
894,09:30:02,$ 3305.67,2
895,09:30:02,$ 3305.67,1
896,09:30:02,$ 3305.67,15
897,09:30:02,$ 3305.67,1
898,09:30:02,$ 3305.67,1
899,09:30:02,$ 3305.67,19
900,09:30:02,$ 3305.67,10
901,09:30:02,$ 3305.67,30
902,09:30:02,$ 3305.67,1
904,09:30:02,$ 3305.67,10
905,09:30:02,$ 3305.67,1
906,09:30:02,$ 3305.67,3
907,09:30:02,$ 3305.67,40
908,09:30:02,$ 3305.67,1
909,09:30:02,$ 3305.67,30
910,09:30:02,$ 3305.67,30
911,09:30:02,$ 3305.67,3
912,09:30:02,$ 3305.67,1
913,09:30:02,$ 3305.67,15
914,09:30:02,$ 3305.67,150
915,09:30:02,$ 3305.67,5
916,09:30:02,$ 3305.67,11
917,09:30:02,$ 3305.67,10
918,09:30:02,$ 3305.67,37
919,09:30:02,$ 3305.67,2
920,09:30:02,$ 3305.67,32
921,09:30:02,$ 3305.67,3
922,09:30:02,$ 3305.67,25
923,09:30:02,$ 3305.67,1
925,09:30:02,$ 3305.67,15
926,09:30:02,$ 3305.67,16
927,09:30:02,$ 3305.67,1
928,09:30:02,$ 3305.67,30
929,09:30:02,$ 3305.67,10
930,09:30:02,$ 3305.67,64
931,09:30:02,$ 3305.67,8
932,09:30:02,$ 3305.67,30
933,09:30:02,$ 3305.67,21
934,09:30:02,$ 3305.67,121
935,09:30:02,$ 3305.67,28
936,09:30:02,$ 3305.67,12
937,09:30:02,$ 3305.67,11
938,09:30:02,$ 3305.67,15
939,09:30:02,$ 3305.67,8
940,09:30:02,$ 3305.67,10
941,09:30:02,$ 3305.67,9
942,09:30:02,$ 3305.67,305
943,09:30:02,$ 3305.67,5
944,09:30:02,$ 3305.67,4
946,09:30:02,$ 3305.67,10
947,09:30:02,$ 3305.67,1
948,09:30:02,$ 3305.67,9
949,09:30:02,$ 3305.67,4
950,09:30:02,$ 3305.67,150
951,09:30:02,$ 3305.67,2
952,09:30:02,$ 3305.67,5
953,09:30:02,$ 3305.67,2
954,09:30:02,$ 3305.67,1
955,09:30:02,$ 3305.67,1
956,09:30:02,$ 3305.67,500
957,09:30:02,$ 3305.67,50
958,09:30:02,$ 3305.67,25
959,09:30:02,$ 3305.67,30
960,09:30:02,$ 3305.67,2
961,09:30:02,$ 3305.67,3
962,09:30:02,$ 3305.67,8
963,09:30:02,$ 3305.67,4
964,09:30:02,$ 3305.67,4
965,09:30:02,$ 3305.67,2
967,09:30:02,$ 3305.67,1
968,09:30:02,$ 3305.67,8
969,09:30:02,$ 3305.67,4
970,09:30:02,$ 3305.67,3
971,09:30:02,$ 3305.67,12
972,09:30:02,$ 3305.67,1
973,09:30:02,$ 3305.67,17
974,09:30:02,$ 3305.67,6
975,09:30:02,$ 3305.67,3
976,09:30:02,$ 3305.67,4
977,09:30:02,$ 3305.67,2
978,09:30:02,$ 3305.67,21
979,09:30:02,$ 3305.67,1
980,09:30:02,$ 3305.67,15
981,09:30:02,$ 3305.67,4
982,09:30:02,$ 3305.67,1
983,09:30:02,$ 3305.67,16
984,09:30:02,$ 3305.67,15
985,09:30:02,$ 3305.67,1
986,09:30:02,$ 3305.67,3
988,09:30:02,$ 3305.67,10
989,09:30:02,$ 3305.67,66
990,09:30:02,$ 3305.67,1
991,09:30:02,$ 3305.67,1
992,09:30:02,$ 3305.67,1
993,09:30:02,$ 3305.67,47
994,09:30:02,$ 3305.67,2
995,09:30:02,$ 3305.67,1
996,09:30:02,$ 3305.67,10
997,09:30:02,$ 3305.67,3
998,09:30:02,$ 3305.67,1
999,09:30:02,$ 3305.67,1
1000,09:30:02,$ 3305.67,20
1001,09:30:02,$ 3305.67,2
1002,09:30:02,$ 3305.67,2
1003,09:30:02,$ 3305.67,1
1004,09:30:02,$ 3305.67,1
1005,09:30:02,$ 3305.67,3
1006,09:30:02,$ 3305.67,1
1007,09:30:02,$ 3305.67,100
1009,09:30:02,$ 3305.67,3
1010,09:30:02,$ 3305.67,1
1011,09:30:02,$ 3305.67,2
1012,09:30:02,$ 3305.67,1
1013,09:30:02,$ 3305.67,50
1014,09:30:02,$ 3305.67,1
1015,09:30:02,$ 3305.67,1
1016,09:30:02,$ 3305.67,1
1017,09:30:02,$ 3305.67,6
1018,09:30:02,$ 3305.67,1
1019,09:30:02,$ 3305.67,2
1020,09:30:02,$ 3305.67,4
1021,09:30:02,$ 3305.67,1
1022,09:30:02,$ 3305.67,3
1023,09:30:02,$ 3305.67,7
1024,09:30:02,$ 3305.67,1
1025,09:30:02,$ 3305.67,1
1026,09:30:02,$ 3305.67,2
1027,09:30:02,$ 3305.67,3
1028,09:30:02,$ 3305.67,9
1030,09:30:02,$ 3305.67,14
1031,09:30:02,$ 3305.67,1
1032,09:30:02,$ 3305.67,3
1033,09:30:02,$ 3305.67,1
1034,09:30:02,$ 3305.67,1
1035,09:30:02,$ 3305.67,500
1036,09:30:02,$ 3305.67,2
1037,09:30:02,$ 3305.67,1
1038,09:30:02,$ 3305.67,2
1039,09:30:02,$ 3305.67,3
1040,09:30:02,$ 3305.67,1
1041,09:30:02,$ 3305.67,1
1042,09:30:02,$ 3305.67,1
1043,09:30:02,$ 3305.67,2
1044,09:30:02,$ 3305.67,6
1045,09:30:02,$ 3305.67,1
1046,09:30:02,$ 3305.67,8
1047,09:30:02,$ 3305.67,32
1048,09:30:02,$ 3305.67,2
1049,09:30:02,$ 3305.67,3
1051,09:30:02,$ 3305.67,4
1052,09:30:02,$ 3305.67,1
1053,09:30:02,$ 3305.67,1
1054,09:30:02,$ 3305.67,1
1055,09:30:02,$ 3305.67,19
1056,09:30:02,$ 3305.67,286
1057,09:30:02,$ 3305.67,148
1058,09:30:02,$ 3305.67,10
1059,09:30:02,$ 3305.67,1
1060,09:30:02,$ 3305.67,1
1061,09:30:02,$ 3305.67,14
1062,09:30:02,$ 3305.67,3
1063,09:30:02,$ 3305.67,20
1064,09:30:02,$ 3305.67,5
1065,09:30:02,$ 3305.67,80
1066,09:30:02,$ 3305.67,1
1067,09:30:02,$ 3305.67,1
1068,09:30:02,$ 3305.67,33
1069,09:30:02,$ 3305.67,12
1070,09:30:02,$ 3305.67,3
1072,09:30:02,$ 3305.67,4
1073,09:30:02,$ 3305.67,3
1074,09:30:02,$ 3305.67,10
1075,09:30:02,$ 3305.67,10
1076,09:30:02,$ 3305.67,2
1077,09:30:02,$ 3305.67,65
1078,09:30:02,$ 3305.67,1
1079,09:30:02,$ 3305.67,8
1080,09:30:02,$ 3305.67,8
1081,09:30:02,$ 3305.67,1
1082,09:30:02,$ 3305.67,2
1083,09:30:02,$ 3305.67,3
1084,09:30:02,$ 3305.67,1
1085,09:30:02,$ 3305.67,1
1086,09:30:02,$ 3305.67,34
1087,09:30:02,$ 3305.67,3
1088,09:30:02,$ 3305.67,25
1089,09:30:02,$ 3305.67,7
1090,09:30:02,$ 3305.67,3
1091,09:30:02,$ 3305.67,42
1093,09:30:02,$ 3305.67,7
1094,09:30:02,$ 3305.67,9
1095,09:30:02,$ 3305.67,5
1096,09:30:02,$ 3305.67,5
1097,09:30:02,$ 3305.67,5
1098,09:30:02,$ 3305.67,1
1099,09:30:02,$ 3305.67,5
1100,09:30:02,$ 3305.67,20
1101,09:30:02,$ 3305.67,2
1102,09:30:02,$ 3305.67,1
1103,09:30:02,$ 3305.67,1
1104,09:30:02,$ 3305.67,1
1105,09:30:02,$ 3305.67,7
1106,09:30:02,$ 3305.67,1
1107,09:30:02,$ 3305.67,15
1108,09:30:02,$ 3305.67,3
1109,09:30:02,$ 3305.67,8
1110,09:30:02,$ 3305.67,1
1111,09:30:02,$ 3305.67,1
1112,09:30:02,$ 3305.67,10
1114,09:30:02,$ 3305.67,10
1115,09:30:02,$ 3305.67,1
1116,09:30:02,$ 3305.67,1
1117,09:30:02,$ 3305.67,5
1118,09:30:02,$ 3305.67,2
1119,09:30:02,$ 3305.67,5
1120,09:30:02,$ 3305.67,1
1121,09:30:02,$ 3305.67,50
1122,09:30:02,$ 3305.67,1
1123,09:30:02,$ 3305.67,1
1124,09:30:02,$ 3305.67,1
1125,09:30:02,$ 3305.67,18
1126,09:30:02,$ 3305.67,1
1127,09:30:02,$ 3305.67,1
1128,09:30:02,$ 3305.67,1
1129,09:30:02,$ 3305.67,3
1130,09:30:02,$ 3305.67,4
1131,09:30:02,$ 3305.67,1
1132,09:30:02,$ 3305.67,3
1133,09:30:02,$ 3305.67,2
1135,09:30:02,$ 3305.67,6
1136,09:30:02,$ 3305.67,1
1137,09:30:02,$ 3305.67,5
1138,09:30:02,$ 3305.67,19
1139,09:30:02,$ 3305.67,21
1140,09:30:02,$ 3305.67,22
1141,09:30:02,$ 3305.67,28
1142,09:30:02,$ 3305.67,21
1143,09:30:02,$ 3305.67,4
1144,09:30:02,$ 3305.67,1
1145,09:30:02,$ 3305.67,6
1146,09:30:02,$ 3305.67,5
1147,09:30:02,$ 3305.67,30
1148,09:30:02,$ 3305.67,4
1149,09:30:02,$ 3305.67,1
1150,09:30:02,$ 3305.67,3
1151,09:30:02,$ 3305.67,5
1152,09:30:02,$ 3305.67,1
1153,09:30:02,$ 3305.67,1
1154,09:30:02,$ 3305.67,10
1156,09:30:02,$ 3305.67,2
1157,09:30:02,$ 3305.67,6
1158,09:30:02,$ 3305.67,1
1159,09:30:02,$ 3305.67,1
1160,09:30:02,$ 3305.67,1
1161,09:30:02,$ 3305.67,123
1162,09:30:02,$ 3305.67,2
1163,09:30:02,$ 3305.67,1
1164,09:30:02,$ 3305.67,4
1165,09:30:02,$ 3305.67,4
1166,09:30:02,$ 3305.67,10
1167,09:30:02,$ 3305.67,1
1168,09:30:02,$ 3305.67,1
1169,09:30:02,$ 3305.67,1
1170,09:30:02,$ 3305.67,1
1171,09:30:02,$ 3305.67,2
1172,09:30:02,$ 3305.67,1
1173,09:30:02,$ 3305.67,6
1174,09:30:02,$ 3305.67,5
1175,09:30:02,$ 3305.67,176
1177,09:30:02,$ 3305.67,3
1178,09:30:02,$ 3305.67,2
1179,09:30:02,$ 3305.67,75
1180,09:30:02,$ 3305.67,3
1181,09:30:02,$ 3305.67,1
1182,09:30:02,$ 3305.67,5
1183,09:30:02,$ 3305.67,1
1184,09:30:02,$ 3305.67,1
1185,09:30:02,$ 3305.67,3
1186,09:30:02,$ 3305.67,5
1187,09:30:02,$ 3305.67,4
1188,09:30:02,$ 3305.67,1
1189,09:30:02,$ 3305.67,5
1190,09:30:02,$ 3305.67,1
1191,09:30:02,$ 3305.67,1
1192,09:30:02,$ 3305.67,1
1193,09:30:02,$ 3305.67,4
1194,09:30:02,$ 3305.67,16
1195,09:30:02,$ 3305.67,2
1196,09:30:02,$ 3305.67,1
1198,09:30:02,$ 3305.67,3
1199,09:30:02,$ 3305.67,16
1200,09:30:02,$ 3305.67,1
1201,09:30:02,$ 3305.67,1
1202,09:30:02,$ 3305.67,45
1203,09:30:02,$ 3305.67,5
1204,09:30:02,$ 3305.67,2
1205,09:30:02,$ 3305.67,103
1206,09:30:02,$ 3305.67,99
1207,09:30:02,$ 3305.67,1
1208,09:30:02,$ 3305.67,5
1209,09:30:02,$ 3305.67,1
1210,09:30:02,$ 3305.67,1
1211,09:30:02,$ 3305.67,3
1212,09:30:02,$ 3305.67,13
1213,09:30:02,$ 3305.67,20
1214,09:30:02,$ 3305.67,50
1215,09:30:02,$ 3305.67,15
1216,09:30:02,$ 3305.67,2
1217,09:30:02,$ 3305.67,99
1219,09:30:02,$ 3305.67,1
1220,09:30:02,$ 3305.67,1
1221,09:30:02,$ 3305.67,25
1222,09:30:02,$ 3305.67,4
1223,09:30:02,$ 3305.67,14
1224,09:30:02,$ 3305.67,1
1225,09:30:02,$ 3305.67,3
1226,09:30:02,$ 3305.67,2
1227,09:30:02,$ 3305.67,5
1228,09:30:02,$ 3305.67,91
1229,09:30:02,$ 3305.67,1
1230,09:30:02,$ 3305.67,68
1231,09:30:02,$ 3305.67,4
1232,09:30:02,$ 3305.67,5
1233,09:30:02,$ 3305.67,40
1234,09:30:02,$ 3305.67,291
1235,09:30:02,$ 3305.67,1
1236,09:30:02,$ 3305.67,16
1237,09:30:02,$ 3305.67,2
1238,09:30:02,$ 3305.67,19
1240,09:30:02,$ 3305.67,2
1241,09:30:02,$ 3305.67,3
1242,09:30:02,$ 3305.67,5
1243,09:30:02,$ 3305.67,1
1244,09:30:02,$ 3305.67,1
1245,09:30:02,$ 3305.67,11
1246,09:30:02,$ 3305.67,40
1247,09:30:02,$ 3305.67,1
1248,09:30:02,$ 3305.67,1
1249,09:30:02,$ 3305.67,1
1250,09:30:02,$ 3305.67,1
1251,09:30:02,$ 3305.67,2
1252,09:30:02,$ 3305.67,3
1253,09:30:02,$ 3305.67,1
1254,09:30:02,$ 3305.67,1
1255,09:30:02,$ 3305.67,3
1256,09:30:02,$ 3305.67,1
1257,09:30:02,$ 3305.67,24
1258,09:30:02,$ 3305.67,3
1259,09:30:02,$ 3305.67,1
1261,09:30:02,$ 3305.67,10
1262,09:30:02,$ 3305.67,10
1263,09:30:02,$ 3305.67,10
1264,09:30:02,$ 3305.67,172
1265,09:30:02,$ 3305.67,4
1266,09:30:02,$ 3305.67,1
1267,09:30:02,$ 3305.67,4
1268,09:30:02,$ 3305.67,5
1269,09:30:02,$ 3305.67,5
1270,09:30:02,$ 3305.67,32
1271,09:30:02,$ 3305.67,39
1272,09:30:02,$ 3305.67,275
1273,09:30:02,$ 3305.67,1
1274,09:30:02,$ 3305.67,1
1275,09:30:02,$ 3305.67,1
1276,09:30:02,$ 3305.67,3
1277,09:30:02,$ 3305.67,1
1278,09:30:02,$ 3305.67,1
1279,09:30:02,$ 3305.67,1
1280,09:30:02,$ 3305.67,6
1282,09:30:02,$ 3305.67,1
1283,09:30:02,$ 3305.67,4
1284,09:30:02,$ 3305.67,183
1285,09:30:02,$ 3305.67,157
1286,09:30:02,$ 3305.67,30
1287,09:30:02,$ 3305.67,631
1288,09:30:02,$ 3305.67,4
1289,09:30:02,$ 3305.67,5
1290,09:30:02,$ 3305.67,26
1291,09:30:02,$ 3305.67,10
1292,09:30:02,$ 3305.67,1
1293,09:30:02,$ 3305.67,1
1294,09:30:02,$ 3305.67,1
1295,09:30:02,$ 3305.67,2
1296,09:30:02,$ 3305.67,1
1297,09:30:02,$ 3305.67,1
1298,09:30:02,$ 3305.67,3
1299,09:30:02,$ 3305.67,1
1300,09:30:02,$ 3305.67,10
1301,09:30:02,$ 3305.67,1
1303,09:30:02,$ 3305.67,1
1304,09:30:02,$ 3305.67,2
1305,09:30:02,$ 3305.67,3
1306,09:30:02,$ 3305.67,1
1307,09:30:02,$ 3305.67,2
1308,09:30:02,$ 3305.67,4
1309,09:30:02,$ 3305.67,30
1310,09:30:02,$ 3305.67,1
1311,09:30:02,$ 3305.67,1
1312,09:30:02,$ 3305.67,13
1313,09:30:02,$ 3305.67,1
1314,09:30:02,$ 3305.67,1
1315,09:30:02,$ 3305.67,2
1316,09:30:02,$ 3305.67,1
1317,09:30:02,$ 3305.67,10
1318,09:30:02,$ 3305.67,60
1319,09:30:02,$ 3305.67,350
1320,09:30:02,$ 3305.67,2
1321,09:30:02,$ 3305.67,2
1322,09:30:02,$ 3305.67,1
1324,09:30:02,$ 3305.67,2
1325,09:30:02,$ 3305.67,2
1326,09:30:02,$ 3305.67,1
1327,09:30:02,$ 3305.67,3
1328,09:30:02,$ 3305.67,1
1329,09:30:02,$ 3305.67,4
1330,09:30:02,$ 3305.67,1
1331,09:30:02,$ 3305.67,2
1332,09:30:02,$ 3305.67,3
1333,09:30:02,$ 3305.67,3
1334,09:30:02,$ 3305.67,6
1335,09:30:02,$ 3305.67,1
1336,09:30:02,$ 3305.67,11
1337,09:30:02,$ 3305.67,1
1338,09:30:02,$ 3305.67,2
1339,09:30:02,$ 3305.67,10
1340,09:30:02,$ 3305.67,1
1341,09:30:02,$ 3305.67,4
1342,09:30:02,$ 3305.67,1
1343,09:30:02,$ 3305.67,1
1345,09:30:02,$ 3305.67,1
1346,09:30:02,$ 3305.67,1
1347,09:30:02,$ 3305.67,1
1348,09:30:02,$ 3305.67,4
1349,09:30:02,$ 3305.67,1
1350,09:30:02,$ 3305.67,3
1351,09:30:02,$ 3305.67,1
1352,09:30:02,$ 3305.67,4
1353,09:30:02,$ 3305.67,23
1354,09:30:02,$ 3305.67,8
1355,09:30:02,$ 3305.67,2
1356,09:30:02,$ 3305.67,2
1357,09:30:02,$ 3305.67,15
1358,09:30:02,$ 3305.67,15
1359,09:30:02,$ 3305.67,1
1360,09:30:02,$ 3305.67,1
1361,09:30:02,$ 3305.67,2
1362,09:30:02,$ 3305.67,3
1363,09:30:02,$ 3305.67,3
1364,09:30:02,$ 3305.67,1
1366,09:30:02,$ 3305.67,2
1367,09:30:02,$ 3305.67,1
1368,09:30:02,$ 3305.67,2
1369,09:30:02,$ 3305.67,3
1370,09:30:02,$ 3305.67,1
1371,09:30:02,$ 3305.67,1
1372,09:30:02,$ 3305.67,1
1373,09:30:02,$ 3305.67,6
1374,09:30:02,$ 3305.67,2
1375,09:30:02,$ 3305.67,7
1376,09:30:02,$ 3305.67,1
1377,09:30:02,$ 3305.67,3
1378,09:30:02,$ 3305.67,1
1379,09:30:02,$ 3305.67,20
1380,09:30:02,$ 3305.67,5
1381,09:30:02,$ 3305.67,1
1382,09:30:02,$ 3305.67,"2,000"
1383,09:30:02,$ 3305.67,1
1384,09:30:02,$ 3305.67,3
1385,09:30:02,$ 3305.67,2
1387,09:30:02,$ 3305.67,22
1388,09:30:02,$ 3305.67,1
1389,09:30:02,$ 3305.67,4
1390,09:30:02,$ 3305.67,8
1391,09:30:02,$ 3305.67,3
1392,09:30:02,$ 3305.67,5
1393,09:30:02,$ 3305.67,1
1394,09:30:02,$ 3305.67,5
1395,09:30:02,$ 3305.67,1
1396,09:30:02,$ 3305.67,1
1397,09:30:02,$ 3305.67,4
1398,09:30:02,$ 3305.67,1
1399,09:30:02,$ 3305.67,15
1400,09:30:02,$ 3305.67,4
1401,09:30:02,$ 3305.67,1
1402,09:30:02,$ 3305.67,2
1403,09:30:02,$ 3305.67,8
1404,09:30:02,$ 3305.67,2
1405,09:30:02,$ 3305.67,1
1406,09:30:02,$ 3305.67,4
1408,09:30:02,$ 3305.67,4
1409,09:30:02,$ 3305.67,3
1410,09:30:02,$ 3305.67,1
1411,09:30:02,$ 3305.67,1
1412,09:30:02,$ 3305.67,1
1413,09:30:02,$ 3305.67,1
1414,09:30:02,$ 3305.67,8
1415,09:30:02,$ 3305.67,4
1416,09:30:02,$ 3305.67,10
1417,09:30:02,$ 3305.67,5
1418,09:30:02,$ 3305.67,2
1419,09:30:02,$ 3305.67,2
1420,09:30:02,$ 3305.67,1
1421,09:30:02,$ 3305.67,5
1422,09:30:02,$ 3305.67,1
1423,09:30:02,$ 3305.67,4
1424,09:30:02,$ 3305.67,5
1425,09:30:02,$ 3305.67,10
1426,09:30:02,$ 3305.67,10
1427,09:30:02,$ 3305.67,5
1429,09:30:02,$ 3305.67,1
1430,09:30:02,$ 3305.67,1
1431,09:30:02,$ 3305.67,1
1432,09:30:02,$ 3305.67,5
1433,09:30:02,$ 3305.67,2
1434,09:30:02,$ 3305.67,5
1435,09:30:02,$ 3305.67,9
1436,09:30:02,$ 3305.67,35
1437,09:30:02,$ 3305.67,5
1438,09:30:02,$ 3305.67,20
1439,09:30:02,$ 3305.67,25
1440,09:30:02,$ 3305.67,24
1441,09:30:02,$ 3305.67,5
1442,09:30:02,$ 3305.67,9
1443,09:30:02,$ 3305.67,10
1444,09:30:02,$ 3305.67,32
1445,09:30:02,$ 3305.67,12
1446,09:30:02,$ 3305.67,30
1447,09:30:02,$ 3305.67,1
1448,09:30:02,$ 3305.67,5
1450,09:30:02,$ 3305.67,3
1451,09:30:02,$ 3305.67,15
1452,09:30:02,$ 3305.67,15
1453,09:30:02,$ 3305.67,10
1454,09:30:02,$ 3305.67,5
1455,09:30:02,$ 3305.67,7
1456,09:30:02,$ 3305.67,20
1457,09:30:02,$ 3305.67,15
1458,09:30:02,$ 3305.67,4
1459,09:30:02,$ 3305.67,15
1460,09:30:02,$ 3305.67,65
1461,09:30:02,$ 3305.67,10
1462,09:30:02,$ 3305.67,6
1463,09:30:02,$ 3305.67,22
1464,09:30:02,$ 3305.67,1
1465,09:30:02,$ 3305.67,1
1466,09:30:02,$ 3305.67,2
1467,09:30:02,$ 3305.67,1
1468,09:30:02,$ 3305.67,1
1469,09:30:02,$ 3305.67,1
1471,09:30:02,$ 3305.67,1
1472,09:30:02,$ 3305.67,1
1473,09:30:02,$ 3305.67,5
1474,09:30:02,$ 3305.67,1
1475,09:30:02,$ 3305.67,1
1476,09:30:02,$ 3305.67,1
1477,09:30:02,$ 3305.67,7
1478,09:30:02,$ 3305.67,10
1479,09:30:02,$ 3305.67,21
1480,09:30:02,$ 3305.67,5
1481,09:30:02,$ 3305.67,3
1482,09:30:02,$ 3305.67,1
1483,09:30:02,$ 3305.67,1
1484,09:30:02,$ 3305.67,1
1485,09:30:02,$ 3305.67,1
1486,09:30:02,$ 3305.67,2
1487,09:30:02,$ 3305.67,1
1488,09:30:02,$ 3305.67,5
1489,09:30:02,$ 3305.67,1
1490,09:30:02,$ 3305.67,1
1492,09:30:02,$ 3305.67,4
1493,09:30:02,$ 3305.67,1
1494,09:30:02,$ 3305.67,1
1495,09:30:02,$ 3305.67,5
1496,09:30:02,$ 3305.67,2
1497,09:30:02,$ 3305.67,1
1498,09:30:02,$ 3305.67,5
1499,09:30:02,$ 3305.67,4
1500,09:30:02,$ 3305.67,1
1501,09:30:02,$ 3305.67,75
1502,09:30:02,$ 3305.67,5
1503,09:30:02,$ 3305.67,1
1504,09:30:02,$ 3305.67,2
1505,09:30:02,$ 3305.67,2
1506,09:30:02,$ 3305.67,5
1507,09:30:02,$ 3305.67,1
1508,09:30:02,$ 3305.67,1
1509,09:30:02,$ 3305.67,2
1510,09:30:02,$ 3305.67,1
1511,09:30:02,$ 3305.67,1
1513,09:30:02,$ 3305.67,1
1514,09:30:02,$ 3305.67,5
1515,09:30:02,$ 3305.67,1
1516,09:30:02,$ 3305.67,2
1517,09:30:02,$ 3305.67,1
1518,09:30:02,$ 3305.67,10
1519,09:30:02,$ 3305.67,1
1520,09:30:02,$ 3305.67,4
1521,09:30:02,$ 3305.67,5
1522,09:30:02,$ 3305.67,2
1523,09:30:02,$ 3305.67,3
1524,09:30:02,$ 3305.67,1
1525,09:30:02,$ 3305.67,9
1526,09:30:02,$ 3305.67,1
1527,09:30:02,$ 3305.67,2
1528,09:30:02,$ 3305.67,7
1529,09:30:02,$ 3305.67,1
1530,09:30:02,$ 3305.67,2
1531,09:30:02,$ 3305.67,59
1532,09:30:02,$ 3305.67,1
1534,09:30:02,$ 3305.67,4
1535,09:30:02,$ 3305.67,10
1536,09:30:02,$ 3305.67,1
1537,09:30:02,$ 3305.67,5
1538,09:30:02,$ 3305.67,50
1539,09:30:02,$ 3305.67,1
1540,09:30:02,$ 3305.67,3
1541,09:30:02,$ 3305.67,1
1542,09:30:02,$ 3305.67,1
1543,09:30:02,$ 3305.67,21
1544,09:30:02,$ 3305.67,50
1545,09:30:02,$ 3305.67,6
1546,09:30:02,$ 3305.67,5
1547,09:30:02,$ 3305.67,7
1548,09:30:02,$ 3305.67,1
1549,09:30:02,$ 3305.67,3
1550,09:30:02,$ 3305.67,64
1551,09:30:02,$ 3305.67,1
1552,09:30:02,$ 3305.67,1
1553,09:30:02,$ 3305.67,2
1555,09:30:02,$ 3305.67,3
1556,09:30:02,$ 3305.67,2
1557,09:30:02,$ 3305.67,1
1558,09:30:02,$ 3305.67,7
1559,09:30:02,$ 3305.67,1
1560,09:30:02,$ 3305.67,1
1561,09:30:02,$ 3305.67,1
1562,09:30:02,$ 3305.67,5
1563,09:30:02,$ 3305.67,2
1564,09:30:02,$ 3305.67,2
1565,09:30:02,$ 3305.67,20
1566,09:30:02,$ 3305.67,5
1567,09:30:02,$ 3305.67,1
1568,09:30:02,$ 3305.67,1
1569,09:30:02,$ 3305.67,1
1570,09:30:02,$ 3305.67,1
1571,09:30:02,$ 3305.67,10
1572,09:30:02,$ 3305.67,1
1573,09:30:02,$ 3305.67,1
1574,09:30:02,$ 3305.67,3
1576,09:30:02,$ 3305.67,2
1577,09:30:02,$ 3305.67,6
1578,09:30:02,$ 3305.67,5
1579,09:30:02,$ 3305.67,1
1580,09:30:02,$ 3305.67,1
1581,09:30:02,$ 3305.67,2
1582,09:30:02,$ 3305.67,4
1583,09:30:02,$ 3305.67,1
1584,09:30:02,$ 3305.67,3
1585,09:30:02,$ 3305.67,5
1586,09:30:02,$ 3305.67,2
1587,09:30:02,$ 3305.67,2
1588,09:30:02,$ 3305.67,1
1589,09:30:02,$ 3305.67,2
1590,09:30:02,$ 3305.67,1
1591,09:30:02,$ 3305.67,1
1592,09:30:02,$ 3305.67,6
1593,09:30:02,$ 3305.67,8
1594,09:30:02,$ 3305.67,2
1595,09:30:02,$ 3305.67,1
1597,09:30:02,$ 3305.67,1
1598,09:30:02,$ 3305.67,4
1599,09:30:02,$ 3305.67,1
1600,09:30:02,$ 3305.67,2
1601,09:30:02,$ 3305.67,1
1602,09:30:02,$ 3305.67,3
1603,09:30:02,$ 3305.67,5
1604,09:30:02,$ 3305.67,2
1605,09:30:02,$ 3305.67,1
1606,09:30:02,$ 3305.67,2
1607,09:30:02,$ 3305.67,1
1608,09:30:02,$ 3305.67,1
1609,09:30:02,$ 3305.67,2
1610,09:30:02,$ 3305.67,2
1611,09:30:02,$ 3305.67,1
1612,09:30:02,$ 3305.67,2
1613,09:30:02,$ 3305.67,1
1614,09:30:02,$ 3305.67,5
1615,09:30:02,$ 3305.67,2
1616,09:30:02,$ 3305.67,4
1618,09:30:02,$ 3305.67,1
1619,09:30:02,$ 3305.67,3
1620,09:30:02,$ 3305.67,1
1621,09:30:02,$ 3305.67,1
1622,09:30:02,$ 3305.67,1
1623,09:30:02,$ 3305.67,1
1624,09:30:02,$ 3305.67,1
1625,09:30:02,$ 3305.67,2
1626,09:30:02,$ 3305.67,5
1627,09:30:02,$ 3305.67,3
1628,09:30:02,$ 3305.67,1
1629,09:30:02,$ 3305.67,1
1630,09:30:02,$ 3305.67,1
1631,09:30:02,$ 3305.67,1
1632,09:30:02,$ 3305.67,1
1633,09:30:02,$ 3305.67,3
1634,09:30:02,$ 3305.67,1
1635,09:30:02,$ 3305.67,1
1636,09:30:02,$ 3305.67,3
1637,09:30:02,$ 3305.67,4
1639,09:30:02,$ 3305.67,30
1640,09:30:02,$ 3305.67,2
1641,09:30:02,$ 3305.67,1
1642,09:30:02,$ 3305.67,3
1643,09:30:02,$ 3305.67,10
1644,09:30:02,$ 3305.67,55
1645,09:30:02,$ 3305.67,23
1646,09:30:02,$ 3305.67,6
1647,09:30:02,$ 3305.67,5
1648,09:30:02,$ 3305.67,1
1649,09:30:02,$ 3305.67,4
1650,09:30:02,$ 3305.67,13
1651,09:30:02,$ 3305.67,10
1652,09:30:02,$ 3305.67,4
1653,09:30:02,$ 3305.67,2
1654,09:30:02,$ 3305.67,1
1655,09:30:02,$ 3305.67,1
1656,09:30:02,$ 3305.67,2
1657,09:30:02,$ 3305.67,1
1658,09:30:02,$ 3305.67,1
1660,09:30:02,$ 3305.67,1
1661,09:30:02,$ 3305.67,3
1662,09:30:02,$ 3305.67,218
1663,09:30:02,$ 3305.67,8
1664,09:30:02,$ 3305.67,117
1665,09:30:02,$ 3305.67,147
1666,09:30:02,$ 3305.67,1
1667,09:30:02,$ 3305.67,1
1668,09:30:02,$ 3305.67,2
1669,09:30:02,$ 3305.67,10
1670,09:30:02,$ 3305.67,2
1671,09:30:02,$ 3305.67,15
1672,09:30:02,$ 3305.67,1
1673,09:30:02,$ 3305.67,1
1674,09:30:02,$ 3305.67,1
1675,09:30:02,$ 3305.67,10
1676,09:30:02,$ 3305.67,3
1677,09:30:02,$ 3305.67,5
1678,09:30:02,$ 3305.67,1
1679,09:30:02,$ 3305.67,1
1681,09:30:02,$ 3305.67,2
1682,09:30:02,$ 3305.67,3
1683,09:30:02,$ 3305.67,6
1684,09:30:02,$ 3305.67,1
1685,09:30:02,$ 3305.67,3
1686,09:30:02,$ 3305.67,28
1687,09:30:02,$ 3305.67,14
1688,09:30:02,$ 3305.67,10
1689,09:30:02,$ 3305.67,2
1690,09:30:02,$ 3305.67,3
1691,09:30:02,$ 3305.67,1
1692,09:30:02,$ 3305.67,38
1693,09:30:02,$ 3305.67,13
1694,09:30:02,$ 3305.67,15
1695,09:30:02,$ 3305.67,2
1696,09:30:02,$ 3305.67,1
1697,09:30:02,$ 3305.67,4
1698,09:30:02,$ 3305.67,6
1699,09:30:02,$ 3305.67,6
1700,09:30:02,$ 3305.67,1
1702,09:30:02,$ 3305.67,2
1703,09:30:02,$ 3305.67,1
1704,09:30:02,$ 3305.67,5
1705,09:30:02,$ 3305.67,1
1706,09:30:02,$ 3305.67,31
1707,09:30:02,$ 3305.67,12
1708,09:30:02,$ 3305.67,2
1709,09:30:02,$ 3305.67,14
1710,09:30:02,$ 3305.67,9
1711,09:30:02,$ 3305.67,2
1712,09:30:02,$ 3305.67,1
1713,09:30:02,$ 3305.67,5
1714,09:30:02,$ 3305.67,3
1715,09:30:02,$ 3305.67,300
1716,09:30:02,$ 3305.67,1
1717,09:30:02,$ 3305.67,5
1718,09:30:02,$ 3305.67,10
1719,09:30:02,$ 3305.67,2
1720,09:30:02,$ 3305.67,10
1721,09:30:02,$ 3305.67,1
1723,09:30:02,$ 3305.67,1
1724,09:30:02,$ 3305.67,5
1725,09:30:02,$ 3305.67,2
1726,09:30:02,$ 3305.67,2
1727,09:30:02,$ 3305.67,7
1728,09:30:02,$ 3305.67,2
1729,09:30:02,$ 3305.67,4
1730,09:30:02,$ 3305.67,8
1731,09:30:02,$ 3305.67,1
1732,09:30:02,$ 3305.67,247
1733,09:30:02,$ 3305.67,6
1734,09:30:02,$ 3305.67,6
1735,09:30:02,$ 3305.67,1
1736,09:30:02,$ 3305.67,25
1737,09:30:02,$ 3305.67,15
1738,09:30:02,$ 3305.67,2
1739,09:30:02,$ 3305.67,1
1740,09:30:02,$ 3305.67,1
1741,09:30:02,$ 3305.67,5
1742,09:30:02,$ 3305.67,4
1744,09:30:02,$ 3305.67,4
1745,09:30:02,$ 3305.67,30
1746,09:30:02,$ 3305.67,30
1747,09:30:02,$ 3305.67,77
1748,09:30:02,$ 3305.67,1
1749,09:30:02,$ 3305.67,1
1750,09:30:02,$ 3305.67,1
1751,09:30:02,$ 3305.67,1
1752,09:30:02,$ 3305.67,1
1753,09:30:02,$ 3305.67,1
1754,09:30:02,$ 3305.67,2
1755,09:30:02,$ 3305.67,15
1756,09:30:02,$ 3305.67,1
1757,09:30:02,$ 3305.67,10
1758,09:30:02,$ 3305.67,2
1759,09:30:02,$ 3305.67,1
1760,09:30:02,$ 3305.67,14
1761,09:30:02,$ 3305.67,1
1762,09:30:02,$ 3305.67,1
1763,09:30:02,$ 3305.67,1
1765,09:30:02,$ 3305.67,1
1766,09:30:02,$ 3305.67,1
1767,09:30:02,$ 3305.67,1
1768,09:30:02,$ 3305.67,5
1769,09:30:02,$ 3305.67,7
1770,09:30:02,$ 3305.67,1
1771,09:30:02,$ 3305.67,3
1772,09:30:02,$ 3305.67,1
1773,09:30:02,$ 3305.67,2
1774,09:30:02,$ 3305.67,1
1775,09:30:02,$ 3305.67,1
1776,09:30:02,$ 3305.67,1
1777,09:30:02,$ 3305.67,1
1778,09:30:02,$ 3305.67,1
1779,09:30:02,$ 3305.67,20
1780,09:30:02,$ 3305.67,2
1781,09:30:02,$ 3305.67,25
1782,09:30:02,$ 3305.67,1
1783,09:30:02,$ 3305.67,10
1784,09:30:02,$ 3305.67,10
1786,09:30:02,$ 3305.67,2
1787,09:30:02,$ 3305.67,1
1788,09:30:02,$ 3305.67,1
1789,09:30:02,$ 3305.67,3
1790,09:30:02,$ 3305.67,2
1791,09:30:02,$ 3305.67,2
1792,09:30:02,$ 3305.67,5
1793,09:30:02,$ 3305.67,2
1794,09:30:02,$ 3305.67,1
1795,09:30:02,$ 3305.67,1
1796,09:30:02,$ 3305.67,2
1797,09:30:02,$ 3305.67,2
1798,09:30:02,$ 3305.67,2
1799,09:30:02,$ 3305.67,1
1800,09:30:02,$ 3305.67,18
1801,09:30:02,$ 3305.67,1
1802,09:30:02,$ 3305.67,21
1803,09:30:02,$ 3305.67,2
1804,09:30:02,$ 3305.67,1
1805,09:30:02,$ 3305.67,1
1807,09:30:02,$ 3305.67,1
1808,09:30:02,$ 3305.67,10
1809,09:30:02,$ 3305.67,20
1810,09:30:02,$ 3305.67,1
1811,09:30:02,$ 3305.67,1
1812,09:30:02,$ 3305.67,1
1813,09:30:02,$ 3305.67,1
1814,09:30:02,$ 3305.67,1
1815,09:30:02,$ 3305.67,1
1816,09:30:02,$ 3305.67,1
1817,09:30:02,$ 3305.67,1
1818,09:30:02,$ 3305.67,1
1819,09:30:02,$ 3305.67,1
1820,09:30:02,$ 3305.67,1
1821,09:30:02,$ 3305.67,1
1822,09:30:02,$ 3305.67,1
1823,09:30:02,$ 3305.67,1
1824,09:30:02,$ 3305.67,1
1825,09:30:02,$ 3305.67,1
1826,09:30:02,$ 3305.67,1
1828,09:30:02,$ 3305.67,50
1829,09:30:02,$ 3305.67,1
1830,09:30:02,$ 3305.67,1
1831,09:30:02,$ 3305.67,1
1832,09:30:02,$ 3305.67,1
1833,09:30:02,$ 3305.67,1
1834,09:30:02,$ 3305.67,1
1835,09:30:02,$ 3305.67,1
1836,09:30:02,$ 3305.67,1
1837,09:30:02,$ 3305.67,1
1838,09:30:02,$ 3305.67,1
1839,09:30:02,$ 3305.67,1
1840,09:30:02,$ 3305.67,1
1841,09:30:02,$ 3305.67,1
1842,09:30:02,$ 3305.67,1
1843,09:30:02,$ 3305.67,1
1844,09:30:02,$ 3305.67,1
1845,09:30:02,$ 3305.67,1
1846,09:30:02,$ 3305.67,1
1847,09:30:02,$ 3305.67,1
1849,09:30:02,$ 3305.67,1
1850,09:30:02,$ 3305.67,1
1851,09:30:02,$ 3305.67,1
1852,09:30:02,$ 3305.67,1
1853,09:30:02,$ 3305.67,1
1854,09:30:02,$ 3305.67,1
1855,09:30:02,$ 3305.67,1
1856,09:30:02,$ 3305.67,1
1857,09:30:02,$ 3305.67,1
1858,09:30:02,$ 3305.67,1
1859,09:30:02,$ 3305.67,1
1860,09:30:02,$ 3305.67,1
1861,09:30:02,$ 3305.67,1
1862,09:30:02,$ 3305.67,1
1863,09:30:02,$ 3305.67,1
1864,09:30:02,$ 3305.67,1
1865,09:30:02,$ 3305.67,1
1866,09:30:02,$ 3305.67,1
1867,09:30:02,$ 3305.67,1
1868,09:30:02,$ 3305.67,1
1870,09:30:02,$ 3305.67,1
1871,09:30:02,$ 3305.67,1
1872,09:30:02,$ 3305.67,1
1873,09:30:02,$ 3305.67,1
1874,09:30:02,$ 3305.67,1
1875,09:30:02,$ 3305.67,1
1876,09:30:02,$ 3305.67,1
1877,09:30:02,$ 3305.67,1
1878,09:30:02,$ 3305.67,1
1879,09:30:02,$ 3305.67,1
1880,09:30:02,$ 3305.67,3
1881,09:30:02,$ 3305.67,5
1882,09:30:02,$ 3305.67,10
1883,09:30:02,$ 3305.67,1
1884,09:30:02,$ 3305.67,10
1885,09:30:02,$ 3305.67,1
1886,09:30:02,$ 3305.67,1
1887,09:30:02,$ 3305.67,1
1888,09:30:02,$ 3305.67,1
1889,09:30:02,$ 3305.67,2
1891,09:30:02,$ 3305.67,15
1892,09:30:02,$ 3305.67,1
1893,09:30:02,$ 3305.67,1
1894,09:30:02,$ 3305.67,2
1895,09:30:02,$ 3305.67,7
1896,09:30:02,$ 3305.67,1
1897,09:30:02,$ 3305.67,1
1898,09:30:02,$ 3305.67,3
1899,09:30:02,$ 3305.67,1
1900,09:30:02,$ 3305.67,1
1901,09:30:02,$ 3305.67,8
1902,09:30:02,$ 3305.67,1
1903,09:30:02,$ 3305.67,1
1904,09:30:02,$ 3305.67,7
1905,09:30:02,$ 3305.67,2
1906,09:30:02,$ 3305.67,1
1907,09:30:02,$ 3305.67,1
1908,09:30:02,$ 3305.67,1
1909,09:30:02,$ 3305.67,3
1910,09:30:02,$ 3305.67,2
1912,09:30:02,$ 3305.67,1
1913,09:30:02,$ 3305.67,6
1914,09:30:02,$ 3305.67,6
1915,09:30:02,$ 3305.67,10
1916,09:30:02,$ 3305.67,2
1917,09:30:02,$ 3305.67,1
1918,09:30:02,$ 3305.67,1
1919,09:30:02,$ 3305.67,2
1920,09:30:02,$ 3305.67,2
1921,09:30:02,$ 3305.67,1
1922,09:30:02,$ 3305.67,1
1923,09:30:02,$ 3305.67,1
1924,09:30:02,$ 3305.67,4
1925,09:30:02,$ 3305.67,1
1926,09:30:02,$ 3305.67,1
1927,09:30:02,$ 3305.67,3
1928,09:30:02,$ 3305.67,2
1929,09:30:02,$ 3305.67,1
1930,09:30:02,$ 3305.67,1
1931,09:30:02,$ 3305.67,1
1933,09:30:02,$ 3305.67,1
1934,09:30:02,$ 3305.67,1
1935,09:30:02,$ 3305.67,2
1936,09:30:02,$ 3305.67,1
1937,09:30:02,$ 3305.67,1
1938,09:30:02,$ 3305.67,1
1939,09:30:02,$ 3305.67,1
1940,09:30:02,$ 3305.67,1
1941,09:30:02,$ 3305.67,87
1942,09:30:02,$ 3305.67,30
1943,09:30:02,$ 3305.67,1
1944,09:30:02,$ 3305.67,1
1945,09:30:02,$ 3305.67,1
1946,09:30:02,$ 3305.67,2
1947,09:30:02,$ 3305.67,1
1948,09:30:02,$ 3305.67,1
1949,09:30:02,$ 3305.67,1
1950,09:30:02,$ 3305.67,1
1951,09:30:02,$ 3305.67,1
1952,09:30:02,$ 3305.67,1
1954,09:30:02,$ 3305.67,1
1955,09:30:02,$ 3305.67,2
1956,09:30:02,$ 3305.67,7
1957,09:30:02,$ 3305.67,50
1958,09:30:02,$ 3305.67,14
1959,09:30:02,$ 3305.67,5
1960,09:30:02,$ 3305.67,1
1961,09:30:02,$ 3305.67,1
1962,09:30:02,$ 3305.67,6
1963,09:30:02,$ 3305.67,1
1964,09:30:02,$ 3305.67,1
1965,09:30:02,$ 3305.67,1
1966,09:30:02,$ 3305.67,13
1967,09:30:02,$ 3305.67,2
1968,09:30:02,$ 3305.67,2
1969,09:30:02,$ 3305.67,10
1970,09:30:02,$ 3305.67,1
1971,09:30:02,$ 3305.67,1
1972,09:30:02,$ 3305.67,2
1973,09:30:02,$ 3305.67,5
1975,09:30:02,$ 3305.67,2
1976,09:30:02,$ 3305.67,49
1977,09:30:02,$ 3305.67,1
1978,09:30:02,$ 3305.67,1
1979,09:30:02,$ 3305.67,5
1980,09:30:02,$ 3305.67,2
1981,09:30:02,$ 3305.67,1
1982,09:30:02,$ 3305.67,1
1983,09:30:02,$ 3305.67,3
1984,09:30:02,$ 3305.67,2
1985,09:30:02,$ 3305.67,5
1986,09:30:02,$ 3305.67,10
1987,09:30:02,$ 3305.67,5
1988,09:30:02,$ 3305.67,2
1989,09:30:02,$ 3305.67,180
1990,09:30:02,$ 3305.67,2
1991,09:30:02,$ 3305.67,1
1992,09:30:02,$ 3305.67,5
1993,09:30:02,$ 3305.67,1
1994,09:30:02,$ 3305.67,196
1996,09:30:02,$ 3305.67,4
1997,09:30:02,$ 3305.67,1
1998,09:30:02,$ 3305.67,1
1999,09:30:02,$ 3305.67,1
2000,09:30:02,$ 3305.67,1
2001,09:30:02,$ 3305.67,1
2002,09:30:02,$ 3305.67,10
2003,09:30:02,$ 3305.67,1
2004,09:30:02,$ 3305.67,3
2005,09:30:02,$ 3305.67,2
2006,09:30:02,$ 3305.67,1
2007,09:30:02,$ 3305.67,5
2008,09:30:02,$ 3305.67,1
2009,09:30:02,$ 3305.67,8
2010,09:30:02,$ 3305.67,1
2011,09:30:02,$ 3305.67,2
2012,09:30:02,$ 3305.67,1
2013,09:30:02,$ 3305.67,114
2014,09:30:02,$ 3305.67,10
2015,09:30:02,$ 3305.67,15
2017,09:30:02,$ 3305.67,4
2018,09:30:02,$ 3305.67,2
2019,09:30:02,$ 3305.67,3
2020,09:30:02,$ 3305.67,3
2021,09:30:02,$ 3305.67,3
2022,09:30:02,$ 3305.67,3
2023,09:30:02,$ 3305.67,4
2024,09:30:02,$ 3305.67,20
2025,09:30:02,$ 3305.67,3
2026,09:30:02,$ 3305.67,6
2027,09:30:02,$ 3305.67,50
2028,09:30:02,$ 3305.67,3
2029,09:30:02,$ 3305.67,5
2030,09:30:02,$ 3305.67,1
2031,09:30:02,$ 3305.67,2
2032,09:30:02,$ 3305.67,20
2033,09:30:02,$ 3305.67,25
2034,09:30:02,$ 3305.67,3
2035,09:30:02,$ 3305.67,5
2036,09:30:02,$ 3305.67,1
2038,09:30:02,$ 3305.67,3
2039,09:30:02,$ 3305.67,3
2040,09:30:02,$ 3305.67,11
2041,09:30:02,$ 3305.67,11
2042,09:30:02,$ 3305.67,23
2043,09:30:02,$ 3305.67,24
2044,09:30:02,$ 3305.67,2
2045,09:30:02,$ 3305.67,33
2046,09:30:02,$ 3305.67,5
2047,09:30:02,$ 3305.67,3
2048,09:30:02,$ 3305.67,29
2049,09:30:02,$ 3305.67,27
2050,09:30:02,$ 3305.67,2
2051,09:30:02,$ 3305.67,4
2052,09:30:02,$ 3305.67,1
2053,09:30:02,$ 3305.67,19
2054,09:30:02,$ 3305.67,3
2055,09:30:02,$ 3305.67,4
2056,09:30:02,$ 3305.67,3
2057,09:30:02,$ 3305.67,1
2059,09:30:02,$ 3305.67,15
2060,09:30:02,$ 3305.67,10
2061,09:30:02,$ 3305.67,1
2062,09:30:02,$ 3305.67,2
2063,09:30:02,$ 3305.67,2
2064,09:30:02,$ 3305.67,2
2065,09:30:02,$ 3305.67,2
2066,09:30:02,$ 3305.67,2
2067,09:30:02,$ 3305.67,255
2068,09:30:02,$ 3305.67,4
2069,09:30:02,$ 3305.67,67
2070,09:30:02,$ 3305.67,27
2071,09:30:02,$ 3305.67,195
2072,09:30:02,$ 3305.67,1
2073,09:30:02,$ 3305.67,30
2074,09:30:02,$ 3305.67,1
2075,09:30:02,$ 3305.67,4
2076,09:30:02,$ 3305.67,1
2077,09:30:02,$ 3305.67,5
2078,09:30:02,$ 3305.67,1
2080,09:30:02,$ 3305.67,3
2081,09:30:02,$ 3305.67,2
2082,09:30:02,$ 3305.67,30
2083,09:30:02,$ 3305.67,1
2084,09:30:02,$ 3305.67,15
2085,09:30:02,$ 3305.67,54
2086,09:30:02,$ 3305.67,2
2087,09:30:02,$ 3305.67,1
2088,09:30:02,$ 3305.67,10
2089,09:30:02,$ 3305.67,5
2090,09:30:02,$ 3305.67,5
2091,09:30:02,$ 3305.67,53
2092,09:30:02,$ 3305.67,150
2093,09:30:02,$ 3305.67,1
2094,09:30:02,$ 3305.67,40
2095,09:30:02,$ 3305.67,12
2096,09:30:02,$ 3305.67,4
2097,09:30:02,$ 3305.67,47
2098,09:30:02,$ 3305.67,3
2099,09:30:02,$ 3305.67,12
2101,09:30:02,$ 3305.67,1
2102,09:30:02,$ 3305.67,3
2103,09:30:02,$ 3305.67,1
2104,09:30:02,$ 3305.67,1
2105,09:30:02,$ 3305.67,1
2106,09:30:02,$ 3305.67,6
2107,09:30:02,$ 3305.67,1
2108,09:30:02,$ 3305.67,10
2109,09:30:02,$ 3305.67,50
2110,09:30:02,$ 3305.67,1
2111,09:30:02,$ 3305.67,1
2112,09:30:02,$ 3305.67,1
2113,09:30:02,$ 3305.67,1
2114,09:30:02,$ 3305.67,1
2115,09:30:02,$ 3305.67,1
2116,09:30:02,$ 3305.67,172
2117,09:30:02,$ 3305.67,11
2118,09:30:02,$ 3305.67,14
2119,09:30:02,$ 3305.67,1
2120,09:30:02,$ 3305.67,2
2122,09:30:02,$ 3305.67,2
2123,09:30:02,$ 3305.67,2
2124,09:30:02,$ 3305.67,2
2125,09:30:02,$ 3305.67,2
2126,09:30:02,$ 3305.67,1
2127,09:30:02,$ 3305.67,1
2128,09:30:02,$ 3305.67,4
2129,09:30:02,$ 3305.67,1
2130,09:30:02,$ 3305.67,3
2131,09:30:02,$ 3305.67,1
2132,09:30:02,$ 3305.67,1
2133,09:30:02,$ 3305.67,1
2134,09:30:02,$ 3305.67,1
2135,09:30:02,$ 3305.67,1
2136,09:30:02,$ 3305.67,1
2137,09:30:02,$ 3305.67,10
2138,09:30:02,$ 3305.67,1
2139,09:30:02,$ 3305.67,1
2140,09:30:02,$ 3305.67,1
2141,09:30:02,$ 3305.67,1
2143,09:30:02,$ 3305.67,2
2144,09:30:02,$ 3305.67,1
2145,09:30:02,$ 3305.67,1
2146,09:30:02,$ 3305.67,3
2147,09:30:02,$ 3305.67,1
2148,09:30:02,$ 3305.67,2
2149,09:30:02,$ 3305.67,1
2150,09:30:02,$ 3305.67,2
2151,09:30:02,$ 3305.67,1
2152,09:30:02,$ 3305.67,2
2153,09:30:02,$ 3305.67,1
2154,09:30:02,$ 3305.67,1
2155,09:30:02,$ 3305.67,2
2156,09:30:02,$ 3305.67,1
2157,09:30:02,$ 3305.67,3
2158,09:30:02,$ 3305.67,1
2159,09:30:02,$ 3305.67,1
2160,09:30:02,$ 3305.67,1
2161,09:30:02,$ 3305.67,1
2162,09:30:02,$ 3305.67,1
2164,09:30:02,$ 3305.67,1
2165,09:30:02,$ 3305.67,1
2166,09:30:02,$ 3305.67,1
2167,09:30:02,$ 3305.67,1
2168,09:30:02,$ 3305.67,1
2169,09:30:02,$ 3305.67,1
2170,09:30:02,$ 3305.67,2
2171,09:30:02,$ 3305.67,1
2172,09:30:02,$ 3305.67,1
2173,09:30:02,$ 3305.67,1
2174,09:30:02,$ 3305.67,3
2175,09:30:02,$ 3305.67,2
2176,09:30:02,$ 3305.67,1
2177,09:30:02,$ 3305.67,1
2178,09:30:02,$ 3305.67,1
2179,09:30:02,$ 3305.67,1
2180,09:30:02,$ 3305.67,1
2181,09:30:02,$ 3305.67,49
2182,09:30:02,$ 3305.67,6
2183,09:30:02,$ 3305.67,45
2185,09:30:02,$ 3305.67,30
2186,09:30:02,$ 3305.67,22
2187,09:30:02,$ 3305.67,1
2188,09:30:02,$ 3305.67,3
2189,09:30:02,$ 3305.67,12
2190,09:30:02,$ 3305.67,1
2191,09:30:02,$ 3305.67,44
2192,09:30:02,$ 3305.67,1
2193,09:30:02,$ 3305.67,9
2194,09:30:02,$ 3305.67,9
2195,09:30:02,$ 3305.67,43
2196,09:30:02,$ 3305.67,1
2197,09:30:02,$ 3305.67,4
2198,09:30:02,$ 3305.67,1
2199,09:30:02,$ 3305.67,1
2200,09:30:02,$ 3305.67,1
2201,09:30:02,$ 3305.67,5
2202,09:30:02,$ 3305.67,1
2203,09:30:02,$ 3305.67,1
2204,09:30:02,$ 3305.67,1
2206,09:30:02,$ 3305.67,1
2207,09:30:02,$ 3305.67,1
2208,09:30:02,$ 3305.67,2
2209,09:30:02,$ 3305.67,2
2210,09:30:02,$ 3305.67,1
2211,09:30:02,$ 3305.67,1
2212,09:30:02,$ 3305.67,1
2213,09:30:02,$ 3305.67,1
2214,09:30:02,$ 3305.67,1
2215,09:30:02,$ 3305.67,1
2216,09:30:02,$ 3305.67,3
2217,09:30:02,$ 3305.67,5
2218,09:30:02,$ 3305.67,3
2219,09:30:02,$ 3305.67,1
2220,09:30:02,$ 3305.67,3
2221,09:30:02,$ 3305.67,1
2222,09:30:02,$ 3305.67,1
2223,09:30:02,$ 3305.67,1
2224,09:30:02,$ 3305.67,1
2225,09:30:02,$ 3305.67,1
2227,09:30:02,$ 3305.67,2
2228,09:30:02,$ 3305.67,1
2229,09:30:02,$ 3305.67,3
2230,09:30:02,$ 3305.67,2
2231,09:30:02,$ 3305.67,3
2232,09:30:02,$ 3305.67,3
2233,09:30:02,$ 3305.67,13
2234,09:30:02,$ 3305.67,3
2235,09:30:02,$ 3305.67,13
2236,09:30:02,$ 3305.67,1
2237,09:30:02,$ 3305.67,1
2238,09:30:02,$ 3305.67,1
2239,09:30:02,$ 3305.67,1
2240,09:30:02,$ 3305.67,6
2241,09:30:02,$ 3305.67,10
2242,09:30:02,$ 3305.67,26
2243,09:30:02,$ 3305.67,26
2244,09:30:02,$ 3305.67,19
2245,09:30:02,$ 3305.67,4
2246,09:30:02,$ 3305.67,1
2248,09:30:02,$ 3305.67,7
2249,09:30:02,$ 3305.67,44
2250,09:30:02,$ 3305.67,1
2251,09:30:02,$ 3305.67,2
2252,09:30:02,$ 3305.67,2
2253,09:30:02,$ 3305.67,10
2254,09:30:02,$ 3305.67,4
2255,09:30:02,$ 3305.67,16
2256,09:30:02,$ 3305.67,42
2257,09:30:02,$ 3305.67,400
2258,09:30:02,$ 3305.67,433
2259,09:30:02,$ 3305.67,1
2260,09:30:02,$ 3305.67,1
2261,09:30:02,$ 3305.67,1
2262,09:30:02,$ 3305.67,31
2263,09:30:02,$ 3305.67,2
2264,09:30:02,$ 3305.67,2
2265,09:30:02,$ 3305.67,4
2266,09:30:02,$ 3305.67,3
2267,09:30:02,$ 3305.67,504
2269,09:30:02,$ 3305.67,17
2270,09:30:02,$ 3305.67,1
2271,09:30:02,$ 3305.67,500
2272,09:30:02,$ 3305.67,26
2273,09:30:02,$ 3305.67,4
2274,09:30:02,$ 3305.67,4
2275,09:30:02,$ 3305.67,5
2276,09:30:02,$ 3305.67,5
2277,09:30:02,$ 3305.67,25
2278,09:30:02,$ 3305.67,25
2279,09:30:02,$ 3305.67,54
2280,09:30:02,$ 3305.67,10
2281,09:30:02,$ 3305.67,35
2282,09:30:02,$ 3305.67,20
2283,09:30:02,$ 3305.67,13
2284,09:30:02,$ 3305.67,10
2285,09:30:02,$ 3305.67,20
2286,09:30:02,$ 3305.67,2
2287,09:30:02,$ 3305.67,19
2288,09:30:02,$ 3305.67,1
2290,09:30:02,$ 3305.67,97
2291,09:30:02,$ 3305.67,5
2292,09:30:02,$ 3305.00,100
2293,09:30:02,$ 3305.00,100
2294,09:30:02,$ 3305.00,235
2295,09:30:02,$ 3305.00,100
2297,10:29:57,$ 3292.72,100
2298,10:29:53,$ 3293.00,100
2299,10:29:52,$ 3293.035,100
2300,10:29:51,$ 3292.75,100
2301,10:29:48,$ 3293.01,100
2302,10:29:44,$ 3292.915,100
2303,10:29:44,$ 3292.77,100
2304,10:29:40,$ 3293.8899,100
2305,10:29:38,$ 3293.78,100
2306,10:29:37,$ 3294.19,100
2307,10:29:24,$ 3294.275,100
2308,10:29:06,$ 3294.56,100
2309,10:28:46,$ 3295.19,100
2310,10:28:42,$ 3294.59,100
2311,10:28:42,$ 3294.57,100
2312,10:28:35,$ 3294.53,100
2313,10:28:32,$ 3295.03,100
2314,10:28:26,$ 3295.06,100
2315,10:28:26,$ 3294.92,100
2316,10:28:26,$ 3294.92,100
2318,10:28:26,$ 3294.87,100
2319,10:28:21,$ 3295.325,100
2320,10:28:16,$ 3295.595,400
2321,10:28:11,$ 3295.63,100
2322,10:28:11,$ 3295.63,299
2323,10:27:51,$ 3294.7702,300
2324,10:27:51,$ 3294.98,100
2325,10:27:35,$ 3295.26,100
2326,10:27:35,$ 3295.26,100
2327,10:27:24,$ 3296.26,400
2328,10:27:20,$ 3296.36,100
2329,10:27:14,$ 3296.804,150
2330,10:27:14,$ 3297.92,100
2331,10:27:14,$ 3297.91,100
2332,10:27:14,$ 3295.75,100
2333,10:26:47,$ 3295.485,100
2334,10:26:38,$ 3295.56,100
2335,10:26:36,$ 3295.97,100
2336,10:25:54,$ 3296.785,100
2337,10:25:51,$ 3296.895,100
2339,10:25:43,$ 3296.575,800
2340,10:25:39,$ 3296.27,100
2341,10:25:37,$ 3296.7488,100
2342,10:25:35,$ 3296.575,148
2343,10:25:22,$ 3295.9855,199
2344,10:25:20,$ 3297.102,100
2345,10:25:20,$ 3297.102,100
2346,10:25:20,$ 3297.05,100
2347,10:25:20,$ 3297.08,100
2348,10:25:18,$ 3296.285,100
2349,10:25:10,$ 3295.6225,100
2350,10:24:49,$ 3295.56,200
2351,10:24:47,$ 3296.12,100
2352,10:24:45,$ 3295.71,100
2353,10:24:45,$ 3295.75,100
2354,10:24:34,$ 3295.49,400
2355,10:24:29,$ 3295.565,100
2356,10:24:29,$ 3295.90,100
2357,10:24:19,$ 3295.615,400
2358,10:24:18,$ 3295.3501,110
2360,10:24:09,$ 3296.15,100
2361,10:24:08,$ 3296.525,100
2362,10:23:59,$ 3296.5956,400
2363,10:23:46,$ 3296.985,100
2364,10:23:35,$ 3297.505,100
2365,10:23:29,$ 3297.62,100
2366,10:23:29,$ 3297.62,100
2367,10:23:18,$ 3298.36,104
2368,10:23:18,$ 3298.36,659
2369,10:23:11,$ 3298.05,100
2370,10:23:11,$ 3298.05,100
2371,10:22:58,$ 3298.00,100
2372,10:22:55,$ 3298.1625,303
2373,10:22:55,$ 3297.8026,100
2374,10:22:42,$ 3297.96,100
2375,10:22:42,$ 3297.96,100
2376,10:22:42,$ 3297.93,100
2377,10:22:32,$ 3298.13,100
2378,10:22:28,$ 3297.88,100
2379,10:21:48,$ 3298.54,100
2381,10:21:36,$ 3297.65,230
2382,10:21:21,$ 3297.48,100
2383,10:21:01,$ 3298.925,100
2384,10:20:50,$ 3299.22,100
2385,10:20:50,$ 3299.235,100
2386,10:20:41,$ 3299.74,100
2387,10:20:40,$ 3299.85,100
2388,10:20:40,$ 3299.86,100
2389,10:20:34,$ 3300.00,195
2390,10:20:34,$ 3300.00,370
2391,10:20:34,$ 3300.00,100
2392,10:20:32,$ 3300.036,100
2393,10:20:30,$ 3299.6333,199
2394,10:20:30,$ 3299.6333,101
2395,10:20:28,$ 3300.14,100
2396,10:20:21,$ 3300.00,523
2397,10:20:21,$ 3300.00,100
2398,10:20:21,$ 3300.00,100
2399,10:20:21,$ 3300.00,194
2400,10:20:21,$ 3299.95,100
2402,10:20:11,$ 3299.73,100
2403,10:20:11,$ 3299.7822,100
2404,10:20:01,$ 3299.495,113
2405,10:20:01,$ 3299.44,100
2406,10:20:00,$ 3299.42,100
2407,10:19:58,$ 3298.98,100
2408,10:19:39,$ 3298.91,100
2409,10:19:39,$ 3298.145,100
2410,10:19:22,$ 3298.00,100
2411,10:19:19,$ 3298.36,100
2412,10:19:19,$ 3298.98,100
2413,10:19:19,$ 3298.98,152
2414,10:19:06,$ 3299.99,100
2415,10:19:06,$ 3299.99,100
2416,10:19:06,$ 3299.71,100
2417,10:19:01,$ 3299.17,432
2418,10:19:01,$ 3299.19,100
2419,10:19:00,$ 3299.72,100
2420,10:19:00,$ 3300.02,100
2421,10:19:00,$ 3299.97,100
2423,10:18:58,$ 3300.52,133
2424,10:18:58,$ 3300.645,100
2425,10:18:29,$ 3299.455,100
2426,10:18:21,$ 3299.61,100
2427,10:18:21,$ 3299.60,100
2428,10:18:06,$ 3300.36,100
2429,10:18:01,$ 3301.0399,100
2430,10:17:56,$ 3300.631,100
2431,10:17:56,$ 3300.975,100
2432,10:17:56,$ 3300.975,100
2433,10:17:56,$ 3301.095,100
2434,10:17:56,$ 3300.56,100
2435,10:17:56,$ 3300.61,100
2436,10:17:56,$ 3300.387,302
2437,10:17:55,$ 3299.67,100
2438,10:17:38,$ 3299.0451,100
2439,10:17:37,$ 3298.99,100
2440,10:17:37,$ 3298.94,100
2441,10:17:35,$ 3299.10,100
2442,10:17:33,$ 3298.8463,149
2444,10:17:32,$ 3299.13,100
2445,10:17:32,$ 3299.00,100
2446,10:17:32,$ 3299.00,132
2447,10:17:23,$ 3298.132,303
2448,10:17:23,$ 3298.07,100
2449,10:17:16,$ 3297.25,583
2450,10:17:16,$ 3297.20,100
2451,10:17:14,$ 3296.85,100
2452,10:17:11,$ 3297.13,100
2453,10:17:11,$ 3297.37,100
2454,10:17:05,$ 3296.75,100
2455,10:17:05,$ 3296.718,100
2456,10:16:50,$ 3294.965,100
2457,10:16:49,$ 3294.96,100
2458,10:16:47,$ 3295.5195,100
2459,10:16:47,$ 3295.5195,100
2460,10:16:47,$ 3295.519,100
2461,10:16:46,$ 3294.96,500
2462,10:16:45,$ 3294.97,100
2463,10:16:30,$ 3295.42,244
2465,10:16:22,$ 3296.09,100
2466,10:16:19,$ 3296.0901,125
2467,10:16:06,$ 3296.96,100
2468,10:16:06,$ 3296.545,100
2469,10:16:05,$ 3296.96,100
2470,10:15:55,$ 3296.83,100
2471,10:15:43,$ 3295.22,100
2472,10:15:39,$ 3295.7392,300
2473,10:15:39,$ 3295.7392,514
2474,10:15:39,$ 3295.57,100
2475,10:15:39,$ 3295.61,100
2476,10:15:39,$ 3295.61,100
2477,10:15:39,$ 3294.99,100
2478,10:15:39,$ 3295.07,100
2479,10:15:39,$ 3294.93,100
2480,10:15:39,$ 3294.93,100
2481,10:15:39,$ 3294.58,100
2482,10:15:27,$ 3293.80,100
2483,10:15:22,$ 3294.7908,100
2484,10:15:11,$ 3294.00,100
2486,10:15:03,$ 3293.7425,100
2487,10:14:59,$ 3294.1065,100
2488,10:14:47,$ 3294.53,100
2489,10:14:46,$ 3294.00,100
2490,10:14:42,$ 3294.00,100
2491,10:14:25,$ 3293.25,100
2492,10:13:49,$ 3292.605,100
2493,10:13:46,$ 3292.605,100
2494,10:13:41,$ 3292.0701,100
2495,10:13:31,$ 3291.68,"1,000"
2496,10:13:30,$ 3292.515,100
2497,10:13:28,$ 3292.38,100
2498,10:13:23,$ 3293.545,135
2499,10:13:01,$ 3294.815,100
2500,10:12:57,$ 3294.80,500
2501,10:12:55,$ 3295.54,100
2502,10:12:55,$ 3295.52,101
2503,10:12:47,$ 3296.04,100
2504,10:12:06,$ 3296.13,250
2505,10:12:05,$ 3295.93,116
2507,10:12:01,$ 3295.38,100
2508,10:11:41,$ 3295.20,100
2509,10:11:21,$ 3294.055,100
2510,10:11:18,$ 3294.10,200
2511,10:11:18,$ 3294.10,600
2512,10:11:18,$ 3294.6996,192
2513,10:11:09,$ 3294.10,100
2514,10:11:08,$ 3294.105,100
2515,10:11:06,$ 3294.27,100
2516,10:11:00,$ 3292.9901,100
2517,10:10:56,$ 3293.5075,100
2518,10:10:54,$ 3293.605,100
2519,10:10:40,$ 3294.1425,100
2520,10:10:38,$ 3293.8775,100
2521,10:10:38,$ 3294.165,100
2522,10:10:38,$ 3294.01,100
2523,10:10:38,$ 3293.51,100
2524,10:10:38,$ 3293.195,100
2525,10:10:38,$ 3293.465,100
2526,10:10:23,$ 3293.565,100
2528,10:10:23,$ 3293.13,100
2529,10:10:23,$ 3292.87,100
2530,10:10:23,$ 3292.89,100
2531,10:10:23,$ 3293.16,100
2532,10:10:23,$ 3293.825,100
2533,10:10:19,$ 3294.03,100
2534,10:10:18,$ 3294.325,100
2535,10:10:17,$ 3294.33,100
2536,10:10:17,$ 3294.38,100
2537,10:10:12,$ 3294.38,100
2538,10:10:11,$ 3294.41,100
2539,10:10:11,$ 3294.515,100
2540,10:10:11,$ 3294.83,100
2541,10:10:11,$ 3294.84,300
2542,10:10:11,$ 3295.02,100
2543,10:10:10,$ 3294.25,100
2544,10:10:10,$ 3294.58,100
2545,10:10:10,$ 3294.82,100
2546,10:09:44,$ 3294.93,100
2547,10:09:34,$ 3294.46,100
2549,10:09:27,$ 3294.455,100
2550,10:09:23,$ 3294.525,200
2551,10:09:23,$ 3294.525,100
2552,10:09:23,$ 3294.525,100
2553,10:09:08,$ 3295.99,100
2554,10:09:02,$ 3296.305,100
2555,10:09:02,$ 3296.14,100
2556,10:08:57,$ 3295.85,179
2557,10:08:30,$ 3295.3855,112
2558,10:08:27,$ 3296.4973,133
2559,10:08:27,$ 3296.27,100
2560,10:08:27,$ 3296.20,100
2561,10:08:27,$ 3296.36,100
2562,10:08:27,$ 3296.30,100
2563,10:08:26,$ 3296.86,100
2564,10:08:23,$ 3296.4975,100
2565,10:08:22,$ 3296.565,100
2566,10:08:22,$ 3296.565,100
2567,10:08:21,$ 3296.565,100
2568,10:08:09,$ 3296.95,100
2570,10:08:08,$ 3296.375,100
2571,10:07:56,$ 3296.32,100
2572,10:07:53,$ 3296.04,100
2573,10:07:52,$ 3295.28,100
2574,10:07:52,$ 3294.98,100
2575,10:07:52,$ 3294.99,200
2576,10:07:52,$ 3295.07,100
2577,10:07:52,$ 3294.97,100
2578,10:07:46,$ 3294.375,100
2579,10:07:29,$ 3294.345,100
2580,10:07:21,$ 3294.34,100
2581,10:07:20,$ 3294.6542,120
2582,10:07:16,$ 3295.05,100
2583,10:07:16,$ 3295.02,100
2584,10:07:16,$ 3295.02,100
2585,10:07:02,$ 3295.14,100
2586,10:07:01,$ 3294.37,100
2587,10:07:01,$ 3294.555,335
2588,10:06:51,$ 3294.12,100
2589,10:06:51,$ 3294.64,100
2591,10:06:49,$ 3294.615,100
2592,10:06:48,$ 3294.615,100
2593,10:06:36,$ 3295.00,100
2594,10:06:29,$ 3294.00,131
2595,10:06:29,$ 3293.62,100
2596,10:06:26,$ 3292.68,100
2597,10:06:26,$ 3292.68,100
2598,10:06:17,$ 3292.80,100
2599,10:06:03,$ 3293.4663,300
2600,10:05:49,$ 3292.885,100
2601,10:05:48,$ 3291.98,100
2602,10:05:47,$ 3291.955,100
2603,10:05:42,$ 3292.14,100
2604,10:05:42,$ 3292.02,100
2605,10:05:40,$ 3292.815,100
2606,10:05:13,$ 3292.9599,100
2607,10:04:56,$ 3292.9999,100
2608,10:04:55,$ 3292.00,100
2609,10:04:54,$ 3291.5534,105
2610,10:04:53,$ 3292.99,100
2612,10:04:52,$ 3293.105,100
2613,10:04:40,$ 3293.07,116
2614,10:04:40,$ 3292.91,100
2615,10:04:40,$ 3292.97,100
2616,10:04:40,$ 3292.97,100
2617,10:04:40,$ 3292.90,100
2618,10:04:40,$ 3292.90,100
2619,10:04:40,$ 3292.90,100
2620,10:04:40,$ 3292.99,300
2621,10:04:40,$ 3292.175,100
2622,10:04:38,$ 3292.82,100
2623,10:04:14,$ 3292.265,100
2624,10:04:14,$ 3292.74,116
2625,10:04:14,$ 3292.73,100
2626,10:04:11,$ 3293.8637,100
2627,10:03:55,$ 3292.64,100
2628,10:03:53,$ 3291.415,100
2629,10:03:52,$ 3291.97,100
2630,10:03:48,$ 3291.4282,100
2631,10:03:30,$ 3290.85,100
2633,10:03:30,$ 3290.865,100
2634,10:03:20,$ 3291.03,100
2635,10:03:01,$ 3291.00,100
2636,10:03:01,$ 3291.00,100
2637,10:02:43,$ 3291.425,100
2638,10:02:43,$ 3290.90,500
2639,10:01:59,$ 3290.68,163
2640,10:01:54,$ 3290.0004,100
2641,10:01:52,$ 3290.172,500
2642,10:01:33,$ 3292.45,100
2643,10:01:14,$ 3293.74,100
2644,10:00:56,$ 3294.40,100
2645,10:00:53,$ 3294.13,100
2646,10:00:48,$ 3294.47,100
2647,10:00:38,$ 3296.54,100
2648,10:00:37,$ 3296.03,100
2649,10:00:34,$ 3296.54,100
2650,10:00:34,$ 3296.13,100
2651,10:00:34,$ 3296.25,100
2652,10:00:34,$ 3296.43,100
2654,10:00:34,$ 3296.25,100
2655,10:00:34,$ 3296.45,100
2656,10:00:29,$ 3296.1076,250
2657,10:00:27,$ 3295.50,100
2658,10:00:24,$ 3295.19,100
2659,10:00:23,$ 3293.835,100
2660,10:00:08,$ 3293.56,100
2661,10:00:07,$ 3293.74,100
2663,10:59:51,$ 3291.82,100
2664,10:59:51,$ 3291.71,100
2665,10:59:39,$ 3292.99,100
2666,10:59:36,$ 3292.60,100
2667,10:59:34,$ 3292.41,100
2668,10:59:33,$ 3292.00,100
2669,10:59:27,$ 3291.47,100
2670,10:59:07,$ 3291.188,500
2671,10:59:06,$ 3291.17,100
2672,10:59:05,$ 3290.99,100
2673,10:58:49,$ 3290.32,100
2674,10:58:40,$ 3290.00,100
2675,10:58:16,$ 3290.90,100
2676,10:57:58,$ 3290.60,100
2677,10:57:56,$ 3290.81,100
2678,10:57:50,$ 3290.55,100
2679,10:57:50,$ 3290.5221,150
2680,10:57:19,$ 3290.64,100
2681,10:57:19,$ 3290.51,100
2682,10:57:05,$ 3291.075,100
2684,10:57:05,$ 3291.19,100
2685,10:57:05,$ 3291.19,100
2686,10:56:59,$ 3291.19,100
2687,10:56:54,$ 3290.44,200
2688,10:56:14,$ 3289.97,100
2689,10:56:10,$ 3290.57,100
2690,10:56:10,$ 3291.04,100
2691,10:56:10,$ 3290.17,100
2692,10:56:05,$ 3290.3227,500
2693,10:55:43,$ 3291.58,100
2694,10:55:29,$ 3289.695,100
2695,10:55:29,$ 3289.4105,250
2696,10:55:28,$ 3289.50,100
2697,10:55:28,$ 3289.50,266
2698,10:55:28,$ 3289.26,100
2699,10:55:28,$ 3289.20,100
2700,10:55:28,$ 3289.242,100
2701,10:55:19,$ 3288.85,100
2702,10:55:19,$ 3288.62,100
2703,10:54:56,$ 3288.83,100
2705,10:54:46,$ 3289.24,100
2706,10:54:42,$ 3288.72,100
2707,10:54:42,$ 3288.99,100
2708,10:54:26,$ 3288.87,100
2709,10:54:17,$ 3289.00,100
2710,10:53:58,$ 3290.97,100
2711,10:53:49,$ 3288.86,100
2712,10:53:46,$ 3288.58,316
2713,10:53:34,$ 3288.58,100
2714,10:53:32,$ 3288.78,100
2715,10:53:31,$ 3288.9539,300
2716,10:53:17,$ 3289.33,100
2717,10:53:05,$ 3288.70,100
2718,10:53:01,$ 3289.00,100
2719,10:53:00,$ 3289.30,100
2720,10:52:57,$ 3289.31,100
2721,10:52:33,$ 3289.445,100
2722,10:52:33,$ 3289.73,100
2723,10:52:06,$ 3288.92,250
2724,10:51:59,$ 3289.20,100
2726,10:51:59,$ 3289.44,100
2727,10:51:35,$ 3289.2001,100
2728,10:51:31,$ 3289.49,100
2729,10:51:25,$ 3290.49,100
2730,10:51:24,$ 3290.015,100
2731,10:51:20,$ 3290.16,100
2732,10:51:20,$ 3290.00,300
2733,10:51:20,$ 3290.00,100
2734,10:51:20,$ 3290.00,100
2735,10:50:51,$ 3291.00,100
2736,10:50:51,$ 3290.50,400
2737,10:50:44,$ 3290.895,100
2738,10:50:43,$ 3290.03,100
2739,10:50:43,$ 3290.03,100
2740,10:50:43,$ 3290.07,100
2741,10:50:33,$ 3290.57,100
2742,10:50:22,$ 3291.12,100
2743,10:50:20,$ 3291.905,100
2744,10:50:06,$ 3291.56,100
2745,10:50:01,$ 3291.055,100
2747,10:49:59,$ 3291.24,100
2748,10:49:44,$ 3291.28,100
2749,10:49:07,$ 3290.78,100
2750,10:49:07,$ 3290.78,100
2751,10:48:59,$ 3290.54,100
2752,10:48:59,$ 3290.51,100
2753,10:48:58,$ 3290.73,100
2754,10:48:52,$ 3291.03,100
2755,10:48:50,$ 3291.11,150
2756,10:48:42,$ 3291.54,100
2757,10:48:41,$ 3291.50,100
2758,10:48:28,$ 3291.78,100
2759,10:48:23,$ 3291.515,100
2760,10:48:18,$ 3291.50,141
2761,10:48:13,$ 3291.255,100
2762,10:48:12,$ 3290.7325,100
2763,10:48:12,$ 3291.00,100
2764,10:48:12,$ 3291.04,100
2765,10:48:09,$ 3291.00,100
2766,10:48:02,$ 3290.69,500
2768,10:47:58,$ 3290.18,100
2769,10:47:58,$ 3290.18,100
2770,10:47:58,$ 3290.00,100
2771,10:47:58,$ 3289.57,100
2772,10:47:58,$ 3289.83,100
2773,10:47:52,$ 3289.81,100
2774,10:47:45,$ 3289.585,100
2775,10:47:45,$ 3289.585,100
2776,10:47:45,$ 3289.585,100
2777,10:47:42,$ 3289.595,150
2778,10:47:27,$ 3289.685,500
2779,10:47:24,$ 3289.905,100
2780,10:47:14,$ 3290.63,100
2781,10:47:11,$ 3290.55,100
2782,10:47:11,$ 3290.46,100
2783,10:47:07,$ 3290.74,100
2784,10:47:07,$ 3290.74,100
2785,10:47:05,$ 3291.00,179
2786,10:47:04,$ 3291.11,100
2787,10:47:04,$ 3291.11,800
2789,10:47:04,$ 3291.11,100
2790,10:47:00,$ 3291.00,100
2791,10:46:44,$ 3290.51,100
2792,10:46:37,$ 3291.00,150
2793,10:46:34,$ 3290.51,100
2794,10:46:34,$ 3290.51,100
2795,10:46:34,$ 3290.51,100
2796,10:46:33,$ 3290.51,100
2797,10:46:32,$ 3290.51,100
2798,10:46:25,$ 3289.905,100
2799,10:46:25,$ 3290.28,100
2800,10:46:20,$ 3289.99,100
2801,10:45:34,$ 3290.82,100
2802,10:45:34,$ 3289.74,100
2803,10:45:34,$ 3290.15,100
2804,10:45:33,$ 3289.395,100
2805,10:45:32,$ 3289.395,500
2806,10:45:31,$ 3289.4125,100
2807,10:45:31,$ 3289.4125,100
2808,10:45:31,$ 3289.40,100
2810,10:45:30,$ 3289.405,100
2811,10:45:21,$ 3290.29,122
2812,10:45:21,$ 3290.26,106
2813,10:45:15,$ 3291.05,100
2814,10:45:15,$ 3290.415,100
2815,10:45:15,$ 3290.42,100
2816,10:45:15,$ 3290.82,100
2817,10:45:15,$ 3290.81,100
2818,10:45:14,$ 3290.415,100
2819,10:45:14,$ 3290.415,100
2820,10:45:07,$ 3290.40,100
2821,10:45:07,$ 3290.47,100
2822,10:45:05,$ 3290.08,119
2823,10:45:03,$ 3290.05,200
2824,10:45:03,$ 3290.05,100
2825,10:44:55,$ 3290.32,500
2826,10:44:46,$ 3290.33,100
2827,10:44:24,$ 3290.50,173
2828,10:44:24,$ 3290.02,100
2829,10:43:46,$ 3290.90,100
2831,10:43:44,$ 3291.01,100
2832,10:43:29,$ 3289.31,100
2833,10:43:29,$ 3289.31,100
2834,10:43:28,$ 3289.69,100
2835,10:43:28,$ 3289.60,100
2836,10:43:15,$ 3290.025,100
2837,10:42:18,$ 3291.398,100
2838,10:42:18,$ 3291.40,100
2839,10:41:38,$ 3290.2776,100
2840,10:41:37,$ 3290.935,200
2841,10:41:34,$ 3290.5978,200
2842,10:41:26,$ 3289.97,100
2843,10:41:12,$ 3289.42,100
2844,10:40:49,$ 3288.83,100
2845,10:40:43,$ 3288.75,100
2846,10:40:37,$ 3288.54,100
2847,10:40:32,$ 3289.09,100
2848,10:40:21,$ 3289.00,170
2849,10:40:21,$ 3289.34,100
2850,10:40:21,$ 3290.00,100
2852,10:40:21,$ 3290.00,100
2853,10:40:19,$ 3290.78,100
2854,10:40:07,$ 3291.93,111
2855,10:39:43,$ 3291.82,100
2856,10:39:43,$ 3291.81,100
2857,10:39:42,$ 3291.05,100
2858,10:39:25,$ 3291.02,100
2859,10:39:23,$ 3291.2874,200
2860,10:39:05,$ 3291.785,100
2861,10:38:52,$ 3293.77,100
2862,10:38:20,$ 3292.895,100
2863,10:38:18,$ 3292.405,100
2864,10:38:05,$ 3292.00,100
2865,10:37:20,$ 3291.09,100
2866,10:37:16,$ 3290.63,100
2867,10:37:15,$ 3290.71,317
2868,10:37:12,$ 3291.06,100
2869,10:37:11,$ 3290.69,100
2870,10:37:10,$ 3291.48,133
2871,10:37:09,$ 3290.88,100
2873,10:36:56,$ 3291.1675,200
2874,10:36:54,$ 3291.33,100
2875,10:36:53,$ 3290.95,100
2876,10:36:52,$ 3291.23,100
2877,10:36:51,$ 3291.25,100
2878,10:36:41,$ 3290.74,100
2879,10:36:40,$ 3291.05,100
2880,10:36:38,$ 3291.30,297
2881,10:36:36,$ 3291.14,100
2882,10:36:36,$ 3291.37,100
2883,10:36:36,$ 3291.36,100
2884,10:36:31,$ 3291.32,100
2885,10:36:13,$ 3292.01,100
2886,10:36:13,$ 3292.01,200
2887,10:36:13,$ 3292.02,100
2888,10:36:09,$ 3292.32,100
2889,10:36:04,$ 3292.33,100
2890,10:36:00,$ 3292.426,116
2891,10:35:53,$ 3292.89,100
2892,10:35:53,$ 3292.89,100
2894,10:35:38,$ 3292.30,100
2895,10:35:27,$ 3292.86,100
2896,10:35:19,$ 3292.82,100
2897,10:35:18,$ 3292.83,100
2898,10:35:18,$ 3292.83,100
2899,10:35:12,$ 3291.87,100
2900,10:35:11,$ 3291.8701,100
2901,10:35:03,$ 3292.02,100
2902,10:34:48,$ 3292.555,117
2903,10:34:27,$ 3293.77,100
2904,10:34:19,$ 3293.84,100
2905,10:34:19,$ 3293.72,100
2906,10:34:19,$ 3293.77,100
2907,10:34:19,$ 3293.77,175
2908,10:34:19,$ 3293.77,100
2909,10:34:19,$ 3293.77,100
2910,10:34:09,$ 3293.445,600
2911,10:34:05,$ 3293.451,250
2912,10:34:04,$ 3293.44,100
2913,10:33:58,$ 3293.41,120
2915,10:33:40,$ 3293.96,100
2916,10:33:40,$ 3293.89,100
2917,10:33:27,$ 3293.10,100
2918,10:33:21,$ 3292.90,100
2919,10:33:21,$ 3292.92,100
2920,10:33:20,$ 3292.9999,303
2921,10:33:20,$ 3292.94,100
2922,10:33:20,$ 3292.87,100
2923,10:33:18,$ 3292.00,100
2924,10:33:10,$ 3292.61,100
2925,10:33:00,$ 3291.87,100
2926,10:32:54,$ 3292.15,100
2927,10:32:50,$ 3291.50,100
2928,10:32:47,$ 3291.57,100
2929,10:32:46,$ 3292.39,"1,000"
2930,10:32:45,$ 3292.39,100
2931,10:32:23,$ 3291.57,100
2932,10:32:17,$ 3291.32,100
2933,10:32:03,$ 3291.84,100
2934,10:31:39,$ 3290.8401,100
2936,10:31:27,$ 3291.10,180
2937,10:31:27,$ 3292.925,155
2938,10:31:27,$ 3292.12,100
2939,10:31:27,$ 3292.01,100
2940,10:31:27,$ 3291.90,100
2941,10:31:27,$ 3291.85,100
2942,10:31:25,$ 3292.83,100
2943,10:31:25,$ 3292.92,100
2944,10:31:24,$ 3292.48,600
2945,10:31:22,$ 3292.359,100
2946,10:31:22,$ 3292.83,100
2947,10:31:14,$ 3292.78,100
2948,10:31:11,$ 3292.40,100
2949,10:30:54,$ 3292.00,100
2950,10:30:35,$ 3292.68,100
2951,10:30:35,$ 3292.34,100
2952,10:30:13,$ 3293.185,150
2953,10:30:12,$ 3293.03,100
2954,10:30:07,$ 3293.16,100
2955,10:30:06,$ 3292.865,100
2957,10:30:04,$ 3293.115,100
2958,10:30:03,$ 3293.4555,100
2959,10:30:03,$ 3293.65,100
2960,10:30:03,$ 3293.11,100
2962,11:29:41,$ 3289.91,100
2963,11:29:39,$ 3290.02,100
2964,11:29:17,$ 3289.4394,284
2965,11:29:15,$ 3289.7499,100
2966,11:29:12,$ 3289.75,371
2967,11:28:34,$ 3290.653,100
2968,11:28:12,$ 3290.35,100
2969,11:28:10,$ 3290.20,100
2970,11:28:10,$ 3290.20,100
2971,11:28:03,$ 3290.575,100
2972,11:27:54,$ 3290.33,100
2973,11:27:38,$ 3290.44,100
2974,11:27:32,$ 3290.54,100
2975,11:27:32,$ 3290.54,101
2976,11:27:32,$ 3290.54,100
2977,11:27:17,$ 3290.15,100
2978,11:26:29,$ 3289.77,100
2979,11:26:29,$ 3289.77,100
2980,11:26:15,$ 3289.51,100
2981,11:25:44,$ 3290.11,100
2983,11:25:15,$ 3290.205,100
2984,11:24:57,$ 3289.48,100
2985,11:24:40,$ 3289.99,100
2986,11:24:40,$ 3289.94,100
2987,11:24:40,$ 3289.92,100
2988,11:24:40,$ 3290.00,366
2989,11:24:40,$ 3290.00,225
2990,11:24:40,$ 3290.00,100
2991,11:24:40,$ 3290.78,100
2992,11:23:40,$ 3291.00,100
2993,11:23:40,$ 3291.00,100
2994,11:23:10,$ 3291.23,100
2995,11:22:49,$ 3291.55,100
2996,11:22:46,$ 3291.56,100
2997,11:22:45,$ 3292.00,100
2998,11:22:22,$ 3291.53,100
2999,11:22:22,$ 3291.95,100
3000,11:22:21,$ 3291.11,100
3001,11:21:59,$ 3291.415,100
3002,11:21:44,$ 3291.47,103
3004,11:21:29,$ 3291.81,100
3005,11:21:05,$ 3292.09,100
3006,11:20:50,$ 3291.165,100
3007,11:20:45,$ 3290.805,100
3008,11:20:42,$ 3291.145,100
3009,11:20:40,$ 3291.17,100
3010,11:20:40,$ 3291.17,100
3011,11:20:32,$ 3291.34,100
3012,11:20:32,$ 3291.48,100
3013,11:20:32,$ 3291.56,100
3014,11:20:31,$ 3291.30,100
3015,11:20:26,$ 3291.47,100
3016,11:20:08,$ 3291.695,100
3017,11:20:04,$ 3291.59,100
3018,11:20:04,$ 3291.88,100
3019,11:20:04,$ 3292.08,100
3020,11:20:03,$ 3292.1632,100
3021,11:19:52,$ 3292.09,100
3022,11:19:52,$ 3292.43,100
3023,11:19:51,$ 3292.62,166
3025,11:19:38,$ 3293.895,100
3026,11:19:16,$ 3292.92,100
3027,11:19:16,$ 3292.92,100
3028,11:19:04,$ 3292.5752,151
3029,11:18:54,$ 3292.63,100
3030,11:18:54,$ 3292.65,100
3031,11:18:32,$ 3292.59,100
3032,11:18:32,$ 3292.335,100
3033,11:17:58,$ 3292.628,100
3034,11:17:20,$ 3294.36,100
3035,11:17:11,$ 3294.39,100
3036,11:16:55,$ 3294.00,100
3037,11:16:53,$ 3293.98,100
3038,11:16:01,$ 3294.75,100
3039,11:15:35,$ 3294.30,100
3040,11:15:28,$ 3294.755,100
3041,11:15:09,$ 3295.385,100
3042,11:15:08,$ 3294.76,100
3043,11:15:08,$ 3294.76,100
3044,11:15:05,$ 3294.799,100
3046,11:14:36,$ 3293.9952,100
3047,11:14:15,$ 3294.48,100
3048,11:14:01,$ 3295.00,100
3049,11:13:57,$ 3295.49,200
3050,11:13:57,$ 3295.27,100
3051,11:13:14,$ 3296.00,100
3052,11:13:14,$ 3296.00,100
3053,11:12:47,$ 3295.08,100
3054,11:12:24,$ 3295.32,100
3055,11:12:23,$ 3294.8065,100
3056,11:12:12,$ 3294.47,100
3057,11:12:12,$ 3294.47,100
3058,11:12:09,$ 3295.14,100
3059,11:12:01,$ 3295.045,"1,500"
3060,11:11:59,$ 3295.105,100
3061,11:11:58,$ 3295.00,100
3062,11:11:58,$ 3295.00,100
3063,11:11:56,$ 3294.80,100
3064,11:11:56,$ 3294.73,100
3065,11:11:56,$ 3294.69,100
3067,11:11:56,$ 3294.70,100
3068,11:11:56,$ 3294.28,100
3069,11:11:56,$ 3294.30,100
3070,11:11:38,$ 3294.19,100
3071,11:11:09,$ 3294.425,100
3072,11:11:03,$ 3293.66,100
3073,11:11:03,$ 3293.69,100
3074,11:10:02,$ 3293.355,100
3075,11:09:56,$ 3293.20,100
3076,11:09:33,$ 3293.08,100
3077,11:09:01,$ 3293.295,100
3078,11:08:46,$ 3292.885,100
3079,11:08:44,$ 3291.795,100
3080,11:08:02,$ 3291.73,100
3081,11:07:54,$ 3291.83,100
3082,11:07:19,$ 3291.90,100
3083,11:07:06,$ 3290.027,100
3084,11:07:06,$ 3290.16,100
3085,11:06:25,$ 3293.375,100
3086,11:06:24,$ 3293.75,100
3088,11:06:24,$ 3293.228,200
3089,11:06:20,$ 3293.77,107
3090,11:05:54,$ 3293.12,100
3091,11:05:47,$ 3293.81,100
3092,11:05:35,$ 3293.85,100
3093,11:05:25,$ 3293.52,100
3094,11:04:59,$ 3293.25,100
3095,11:04:59,$ 3293.25,100
3096,11:04:59,$ 3293.93,100
3097,11:04:44,$ 3293.53,100
3098,11:04:40,$ 3293.24,100
3099,11:04:19,$ 3293.275,100
3100,11:04:19,$ 3293.375,100
3101,11:03:53,$ 3293.942,100
3102,11:03:53,$ 3293.912,100
3103,11:03:37,$ 3294.00,108
3104,11:03:37,$ 3294.00,220
3105,11:03:26,$ 3293.85,100
3106,11:03:23,$ 3293.535,100
3107,11:03:08,$ 3293.6056,300
3109,11:02:56,$ 3293.53,100
3110,11:02:56,$ 3293.53,100
3111,11:02:48,$ 3292.16,100
3112,11:02:44,$ 3291.84,200
3113,11:02:19,$ 3292.814,100
3114,11:02:03,$ 3293.045,100
3115,11:02:03,$ 3293.27,100
3116,11:02:03,$ 3293.11,100
3117,11:02:03,$ 3292.96,100
3118,11:02:03,$ 3293.18,100
3119,11:01:58,$ 3293.57,100
3120,11:01:53,$ 3293.555,100
3121,11:01:51,$ 3293.54,100
3122,11:01:46,$ 3293.40,100
3123,11:01:41,$ 3293.09,100
3124,11:01:36,$ 3293.47,100
3125,11:00:58,$ 3292.52,100
3126,11:00:50,$ 3292.97,100
3127,11:00:39,$ 3292.98,100
3128,11:00:34,$ 3292.98,100
3130,11:00:29,$ 3292.98,100
3131,11:00:16,$ 3291.91,100
3132,11:00:13,$ 3291.55,100
3133,11:00:13,$ 3291.6984,150
3134,11:00:13,$ 3291.59,100
3136,11:59:53,$ 3285.50,150
3137,11:59:26,$ 3285.73,100
3138,11:59:26,$ 3285.66,100
3139,11:59:26,$ 3285.37,100
3140,11:59:13,$ 3284.94,100
3141,11:59:13,$ 3284.99,100
3142,11:58:53,$ 3284.755,150
3143,11:58:51,$ 3284.48,100
3144,11:58:51,$ 3284.48,100
3145,11:58:51,$ 3284.49,100
3146,11:58:51,$ 3284.54,100
3147,11:58:47,$ 3284.975,100
3148,11:58:38,$ 3284.6699,100
3149,11:57:54,$ 3283.70,500
3150,11:57:53,$ 3284.37,100
3151,11:57:51,$ 3283.955,100
3152,11:57:50,$ 3284.00,100
3153,11:57:22,$ 3284.5486,100
3154,11:57:03,$ 3284.69,100
3155,11:57:03,$ 3284.69,100
3157,11:56:58,$ 3284.355,100
3158,11:56:42,$ 3284.11,100
3159,11:56:42,$ 3284.12,100
3160,11:56:37,$ 3283.685,100
3161,11:56:37,$ 3283.97,120
3162,11:56:37,$ 3283.98,107
3163,11:56:29,$ 3284.0166,150
3164,11:56:25,$ 3284.33,100
3165,11:56:25,$ 3284.047,100
3166,11:56:25,$ 3284.03,100
3167,11:56:25,$ 3284.0127,100
3168,11:56:23,$ 3284.205,150
3169,11:56:18,$ 3283.89,100
3170,11:56:16,$ 3283.96,100
3171,11:56:06,$ 3284.17,100
3172,11:55:52,$ 3283.00,144
3173,11:55:47,$ 3283.46,100
3174,11:55:47,$ 3283.22,204
3175,11:55:44,$ 3283.62,100
3176,11:55:44,$ 3283.99,100
3178,11:55:37,$ 3283.57,184
3179,11:55:34,$ 3283.49,100
3180,11:55:30,$ 3283.89,500
3181,11:55:14,$ 3283.66,100
3182,11:55:11,$ 3283.78,100
3183,11:55:08,$ 3283.77,100
3184,11:55:08,$ 3283.78,191
3185,11:55:05,$ 3283.76,100
3186,11:55:01,$ 3283.025,100
3187,11:55:01,$ 3283.085,100
3188,11:54:59,$ 3283.025,100
3189,11:54:59,$ 3283.4732,100
3190,11:54:59,$ 3283.085,100
3191,11:54:58,$ 3283.80,100
3192,11:54:56,$ 3284.30,100
3193,11:54:37,$ 3285.11,100
3194,11:54:36,$ 3284.90,100
3195,11:54:26,$ 3284.77,150
3196,11:54:24,$ 3284.78,100
3197,11:54:24,$ 3284.98,100
3199,11:54:24,$ 3284.98,100
3200,11:54:01,$ 3284.39,100
3201,11:53:48,$ 3284.325,100
3202,11:53:44,$ 3284.27,100
3203,11:53:44,$ 3284.285,100
3204,11:53:43,$ 3284.48,100
3205,11:53:43,$ 3284.88,100
3206,11:53:43,$ 3284.90,100
3207,11:53:41,$ 3283.965,100
3208,11:53:38,$ 3283.985,100
3209,11:53:38,$ 3284.58,100
3210,11:53:33,$ 3283.67,113
3211,11:53:33,$ 3284.63,100
3212,11:53:33,$ 3284.62,100
3213,11:53:32,$ 3284.785,100
3214,11:53:32,$ 3284.05,100
3215,11:53:32,$ 3284.3957,150
3216,11:53:32,$ 3285.00,200
3217,11:53:32,$ 3285.00,500
3218,11:53:19,$ 3285.27,100
3220,11:53:16,$ 3285.32,100
3221,11:53:16,$ 3285.34,100
3222,11:53:16,$ 3285.91,100
3223,11:53:16,$ 3285.87,120
3224,11:53:16,$ 3285.86,100
3225,11:53:16,$ 3285.87,100
3226,11:53:16,$ 3285.87,100
3227,11:53:16,$ 3285.505,100
3228,11:53:16,$ 3285.74,100
3229,11:53:16,$ 3285.85,100
3230,11:53:16,$ 3285.8504,100
3231,11:53:11,$ 3285.84,100
3232,11:53:09,$ 3285.87,100
3233,11:52:55,$ 3285.96,100
3234,11:52:55,$ 3286.00,100
3235,11:52:53,$ 3286.30,100
3236,11:52:53,$ 3286.36,100
3237,11:52:42,$ 3286.88,200
3238,11:52:26,$ 3286.36,100
3239,11:52:20,$ 3286.48,100
3241,11:52:19,$ 3286.44,100
3242,11:52:19,$ 3286.44,100
3243,11:52:19,$ 3286.24,100
3244,11:52:19,$ 3286.0507,878
3245,11:52:11,$ 3286.15,100
3246,11:52:06,$ 3286.76,100
3247,11:52:05,$ 3286.435,100
3248,11:52:00,$ 3286.38,100
3249,11:51:55,$ 3285.90,100
3250,11:51:55,$ 3285.88,100
3251,11:51:54,$ 3285.87,100
3252,11:51:54,$ 3286.20,100
3253,11:51:54,$ 3286.22,100
3254,11:51:51,$ 3285.70,100
3255,11:51:34,$ 3285.91,100
3256,11:51:34,$ 3285.87,342
3257,11:51:23,$ 3286.75,196
3258,11:51:22,$ 3286.71,199
3259,11:51:22,$ 3286.97,100
3260,11:51:22,$ 3287.3054,110
3262,11:51:22,$ 3286.98,110
3263,11:50:57,$ 3287.335,104
3264,11:50:54,$ 3286.55,100
3265,11:50:47,$ 3286.14,100
3266,11:50:45,$ 3286.46,100
3267,11:50:17,$ 3286.18,100
3268,11:50:17,$ 3286.25,100
3269,11:50:10,$ 3286.015,100
3270,11:50:10,$ 3286.03,106
3271,11:50:10,$ 3286.205,100
3272,11:50:09,$ 3286.06,100
3273,11:50:09,$ 3286.03,100
3274,11:50:03,$ 3287.2346,111
3275,11:50:01,$ 3286.905,100
3276,11:50:00,$ 3286.99,100
3277,11:50:00,$ 3286.99,100
3278,11:50:00,$ 3286.99,100
3279,11:49:57,$ 3287.26,100
3280,11:49:56,$ 3287.385,100
3281,11:49:45,$ 3287.55,100
3283,11:49:43,$ 3287.55,100
3284,11:49:39,$ 3287.38,100
3285,11:49:39,$ 3287.39,100
3286,11:49:39,$ 3287.57,100
3287,11:49:16,$ 3287.825,100
3288,11:49:03,$ 3287.87,100
3289,11:48:40,$ 3288.00,100
3290,11:48:23,$ 3287.35,100
3291,11:48:21,$ 3287.35,100
3292,11:48:18,$ 3287.35,100
3293,11:48:17,$ 3287.34,100
3294,11:48:17,$ 3287.41,100
3295,11:48:15,$ 3287.22,100
3296,11:47:38,$ 3287.92,100
3297,11:47:38,$ 3287.91,100
3298,11:47:38,$ 3288.12,100
3299,11:47:11,$ 3287.63,100
3300,11:46:56,$ 3288.22,100
3301,11:46:55,$ 3287.97,100
3302,11:46:40,$ 3287.68,100
3304,11:46:27,$ 3287.67,100
3305,11:46:25,$ 3287.615,100
3306,11:45:50,$ 3287.915,300
3307,11:45:50,$ 3287.92,100
3308,11:45:38,$ 3288.045,100
3309,11:45:28,$ 3288.155,100
3310,11:45:26,$ 3287.97,100
3311,11:45:16,$ 3288.11,100
3312,11:45:16,$ 3288.12,100
3313,11:45:16,$ 3288.485,100
3314,11:45:16,$ 3288.485,200
3315,11:45:12,$ 3288.34,100
3316,11:45:06,$ 3288.76,100
3317,11:45:06,$ 3288.765,100
3318,11:45:06,$ 3288.765,100
3319,11:45:06,$ 3288.765,100
3320,11:44:35,$ 3287.88,100
3321,11:44:35,$ 3287.89,150
3322,11:44:06,$ 3288.525,100
3323,11:43:51,$ 3288.80,100
3325,11:43:51,$ 3289.30,300
3326,11:43:44,$ 3289.62,100
3327,11:42:57,$ 3289.34,100
3328,11:42:13,$ 3289.99,100
3329,11:42:13,$ 3290.03,100
3330,11:41:48,$ 3290.09,100
3331,11:41:47,$ 3289.93,100
3332,11:41:37,$ 3289.75,100
3333,11:41:28,$ 3290.09,100
3334,11:41:28,$ 3290.10,100
3335,11:41:16,$ 3290.02,100
3336,11:41:15,$ 3289.90,100
3337,11:41:14,$ 3289.761,200
3338,11:40:27,$ 3289.40,100
3339,11:39:09,$ 3288.85,100
3340,11:38:36,$ 3289.44,100
3341,11:37:55,$ 3289.96,500
3342,11:37:23,$ 3289.74,100
3343,11:37:05,$ 3290.10,100
3344,11:36:58,$ 3289.90,150
3346,11:36:54,$ 3290.295,100
3347,11:36:54,$ 3289.89,200
3348,11:36:47,$ 3289.30,100
3349,11:36:47,$ 3289.7045,100
3350,11:35:59,$ 3288.18,100
3351,11:35:59,$ 3288.35,100
3352,11:35:58,$ 3288.0563,456
3353,11:35:55,$ 3287.77,100
3354,11:35:41,$ 3288.00,100
3355,11:35:30,$ 3287.72,100
3356,11:35:21,$ 3287.42,100
3357,11:35:21,$ 3287.43,100
3358,11:35:15,$ 3287.11,100
3359,11:35:09,$ 3286.78,100
3360,11:35:09,$ 3286.78,175
3361,11:35:09,$ 3286.78,100
3362,11:35:07,$ 3287.04,100
3363,11:35:04,$ 3287.00,100
3364,11:35:04,$ 3287.00,100
3365,11:35:04,$ 3287.85,100
3367,11:35:04,$ 3287.50,100
3368,11:35:04,$ 3287.60,121
3369,11:35:04,$ 3288.02,133
3370,11:35:04,$ 3288.00,100
3371,11:34:22,$ 3288.00,100
3372,11:34:19,$ 3288.67,100
3373,11:34:19,$ 3288.67,100
3374,11:34:19,$ 3288.63,100
3375,11:34:09,$ 3288.795,100
3376,11:34:09,$ 3289.16,100
3377,11:33:46,$ 3288.45,100
3378,11:33:33,$ 3288.66,100
3379,11:33:33,$ 3288.65,100
3380,11:33:21,$ 3288.17,100
3381,11:33:17,$ 3288.48,100
3382,11:33:01,$ 3288.96,100
3383,11:33:00,$ 3288.8951,295
3384,11:32:58,$ 3288.76,100
3385,11:32:58,$ 3288.75,990
3386,11:31:34,$ 3289.00,100
3388,12:29:44,$ 3290.1836,385
3389,12:29:30,$ 3289.565,100
3390,12:29:30,$ 3291.60,500
3391,12:29:30,$ 3290.94,100
3392,12:29:30,$ 3290.9496,100
3393,12:29:30,$ 3290.39,100
3394,12:29:30,$ 3290.104,100
3395,12:29:30,$ 3290.108,100
3396,12:29:30,$ 3290.11,100
3397,12:29:30,$ 3290.11,100
3398,12:29:15,$ 3289.89,100
3399,12:29:15,$ 3290.24,100
3400,12:29:15,$ 3290.09,100
3401,12:29:13,$ 3290.32,100
3402,12:28:34,$ 3290.235,100
3403,12:28:23,$ 3290.66,100
3404,12:28:18,$ 3290.68,100
3405,12:28:12,$ 3291.455,100
3406,12:28:06,$ 3291.00,100
3407,12:27:56,$ 3290.7373,200
3409,12:27:52,$ 3290.84,100
3410,12:27:50,$ 3290.135,200
3411,12:27:38,$ 3290.05,100
3412,12:27:37,$ 3289.90,100
3413,12:27:37,$ 3289.88,100
3414,12:27:29,$ 3289.40,100
3415,12:27:19,$ 3289.3953,300
3416,12:26:58,$ 3289.00,100
3417,12:26:55,$ 3289.27,100
3418,12:26:55,$ 3289.27,100
3419,12:25:27,$ 3288.88,100
3420,12:25:27,$ 3288.44,140
3421,12:25:19,$ 3288.68,100
3422,12:25:18,$ 3288.985,100
3423,12:24:43,$ 3288.42,100
3424,12:24:43,$ 3288.645,100
3425,12:24:40,$ 3288.84,100
3426,12:24:40,$ 3288.735,100
3427,12:24:40,$ 3288.75,100
3428,12:24:40,$ 3288.75,100
3430,12:24:40,$ 3288.58,100
3431,12:24:34,$ 3289.07,100
3432,12:24:34,$ 3289.07,100
3433,12:24:28,$ 3289.14,100
3434,12:24:26,$ 3288.75,100
3435,12:24:23,$ 3288.75,100
3436,12:24:23,$ 3288.75,100
3437,12:24:23,$ 3288.75,100
3438,12:24:23,$ 3288.75,100
3439,12:24:20,$ 3288.27,100
3440,12:24:13,$ 3288.5825,100
3441,12:24:13,$ 3288.33,100
3442,12:24:13,$ 3288.645,100
3443,12:24:13,$ 3288.645,100
3444,12:24:13,$ 3288.645,100
3445,12:24:13,$ 3288.03,100
3446,12:24:09,$ 3288.38,100
3447,12:24:00,$ 3288.13,100
3448,12:24:00,$ 3288.11,100
3449,12:23:54,$ 3288.12,100
3451,12:23:42,$ 3288.27,100
3452,12:23:17,$ 3287.86,100
3453,12:23:14,$ 3287.325,100
3454,12:23:13,$ 3287.94,100
3455,12:23:01,$ 3287.57,100
3456,12:22:57,$ 3287.31,100
3457,12:22:36,$ 3287.7475,100
3458,12:22:26,$ 3287.97,100
3459,12:21:43,$ 3288.39,100
3460,12:21:42,$ 3287.84,100
3461,12:20:52,$ 3287.13,100
3462,12:20:49,$ 3288.06,100
3463,12:20:49,$ 3288.07,100
3464,12:20:49,$ 3288.535,300
3465,12:20:49,$ 3287.01,100
3466,12:20:36,$ 3286.92,100
3467,12:19:53,$ 3286.8803,100
3468,12:19:50,$ 3286.15,100
3469,12:19:31,$ 3287.00,400
3470,12:19:06,$ 3287.00,100
3472,12:18:06,$ 3286.65,200
3473,12:17:51,$ 3287.35,100
3474,12:17:36,$ 3287.11,100
3475,12:17:03,$ 3286.48,"30,000"
3476,12:17:01,$ 3286.81,100
3477,12:16:59,$ 3286.94,100
3478,12:16:59,$ 3287.17,100
3479,12:16:59,$ 3287.09,100
3480,12:16:32,$ 3287.63,100
3481,12:16:28,$ 3287.09,100
3482,12:16:26,$ 3286.4401,125
3483,12:15:46,$ 3286.53,100
3484,12:15:46,$ 3286.52,100
3485,12:15:46,$ 3286.55,100
3486,12:15:40,$ 3286.84,172
3487,12:14:40,$ 3287.00,100
3488,12:14:40,$ 3287.03,100
3489,12:13:56,$ 3287.06,100
3490,12:13:55,$ 3287.17,100
3491,12:13:44,$ 3286.64,100
3493,12:13:44,$ 3286.60,100
3494,12:13:43,$ 3286.245,150
3495,12:13:23,$ 3285.92,100
3496,12:12:46,$ 3286.765,400
3497,12:12:25,$ 3287.1899,100
3498,12:12:20,$ 3287.1104,125
3499,12:12:09,$ 3286.705,100
3500,12:11:23,$ 3286.425,100
3501,12:11:14,$ 3286.015,100
3502,12:11:12,$ 3285.8856,929
3503,12:11:10,$ 3286.57,100
3504,12:11:10,$ 3287.42,100
3505,12:11:10,$ 3288.05,100
3506,12:11:10,$ 3287.98,100
3507,12:11:10,$ 3286.95,100
3508,12:11:10,$ 3286.95,100
3509,12:11:05,$ 3286.9636,150
3510,12:10:49,$ 3286.6601,125
3511,12:10:46,$ 3286.99,100
3512,12:10:39,$ 3286.7144,200
3514,12:10:24,$ 3286.635,156
3515,12:10:24,$ 3286.635,192
3516,12:10:15,$ 3287.14,100
3517,12:10:07,$ 3287.61,125
3518,12:10:02,$ 3287.715,100
3519,12:09:56,$ 3288.25,100
3520,12:09:55,$ 3288.22,100
3521,12:09:55,$ 3288.30,100
3522,12:09:55,$ 3287.62,100
3523,12:09:51,$ 3287.70,100
3524,12:09:51,$ 3287.63,100
3525,12:09:38,$ 3288.36,100
3526,12:09:38,$ 3288.18,100
3527,12:09:37,$ 3287.67,100
3528,12:09:13,$ 3288.395,150
3529,12:08:42,$ 3288.585,100
3530,12:08:40,$ 3288.99,125
3531,12:08:40,$ 3288.80,100
3532,12:08:40,$ 3288.57,100
3533,12:08:40,$ 3288.56,100
3535,12:08:10,$ 3288.69,100
3536,12:07:36,$ 3288.57,100
3537,12:07:32,$ 3288.77,100
3538,12:07:20,$ 3288.8599,100
3539,12:07:20,$ 3288.86,100
3540,12:07:20,$ 3288.73,100
3541,12:07:04,$ 3287.755,100
3542,12:07:01,$ 3288.11,100
3543,12:07:01,$ 3288.01,100
3544,12:07:01,$ 3288.19,100
3545,12:06:38,$ 3288.59,100
3546,12:06:38,$ 3288.57,100
3547,12:06:15,$ 3288.47,100
3548,12:06:15,$ 3288.48,100
3549,12:06:15,$ 3288.48,100
3550,12:05:56,$ 3288.43,100
3551,12:05:53,$ 3289.90,100
3552,12:05:53,$ 3288.62,100
3553,12:05:53,$ 3288.77,100
3554,12:05:31,$ 3288.535,100
3556,12:05:27,$ 3288.545,250
3557,12:05:25,$ 3288.36,100
3558,12:04:36,$ 3287.10,100
3559,12:04:31,$ 3286.96,100
3560,12:04:13,$ 3286.82,100
3561,12:03:50,$ 3286.95,100
3562,12:03:45,$ 3286.675,100
3563,12:03:37,$ 3286.365,100
3564,12:03:17,$ 3287.13,100
3565,12:03:17,$ 3287.03,100
3566,12:03:10,$ 3286.23,100
3567,12:03:10,$ 3286.53,100
3568,12:03:10,$ 3286.55,100
3569,12:02:45,$ 3286.63,104
3570,12:02:16,$ 3286.88,100
3571,12:02:15,$ 3287.0233,100
3572,12:02:13,$ 3287.35,100
3573,12:02:00,$ 3287.10,"1,000"
3574,12:01:57,$ 3287.52,100
3575,12:01:55,$ 3287.00,148
3577,12:01:17,$ 3286.36,100
3578,12:01:11,$ 3286.03,100
3579,12:01:09,$ 3286.94,500
3580,12:00:58,$ 3286.21,400
3581,12:00:58,$ 3286.20,100
3582,12:00:55,$ 3285.6682,100
3583,12:00:36,$ 3284.99,100
3584,12:00:21,$ 3285.265,100
3585,12:00:05,$ 3285.19,100
3587,12:59:44,$ 3294.2213,155
3588,12:59:01,$ 3295.255,100
3589,12:59:01,$ 3295.00,100
3590,12:58:46,$ 3295.70,100
3591,12:58:06,$ 3295.35,100
3592,12:57:30,$ 3294.8842,100
3593,12:57:14,$ 3295.07,500
3594,12:57:03,$ 3295.83,100
3595,12:57:03,$ 3295.87,100
3596,12:56:50,$ 3294.80,100
3597,12:56:41,$ 3294.71,100
3598,12:56:41,$ 3294.11,100
3599,12:56:41,$ 3294.08,100
3600,12:56:32,$ 3294.105,100
3601,12:56:32,$ 3294.16,100
3602,12:56:32,$ 3294.19,400
3603,12:56:32,$ 3293.88,100
3604,12:56:18,$ 3293.82,100
3605,12:55:47,$ 3293.1999,100
3606,12:55:47,$ 3293.00,208
3608,12:55:47,$ 3292.94,100
3609,12:55:47,$ 3292.92,100
3610,12:55:16,$ 3292.93,100
3611,12:55:16,$ 3292.82,100
3612,12:55:01,$ 3292.7419,200
3613,12:54:56,$ 3292.52,100
3614,12:54:56,$ 3292.52,100
3615,12:54:56,$ 3292.52,100
3616,12:54:45,$ 3292.00,100
3617,12:54:45,$ 3292.00,100
3618,12:54:45,$ 3292.00,100
3619,12:54:45,$ 3291.91,100
3620,12:54:45,$ 3291.91,100
3621,12:54:31,$ 3291.68,185
3622,12:54:31,$ 3291.68,182
3623,12:54:29,$ 3291.27,100
3624,12:54:28,$ 3291.05,100
3625,12:54:00,$ 3291.19,100
3626,12:53:13,$ 3290.6275,200
3627,12:53:05,$ 3291.00,100
3629,12:52:56,$ 3291.00,100
3630,12:52:56,$ 3291.03,100
3631,12:52:56,$ 3291.00,100
3632,12:52:56,$ 3291.00,100
3633,12:52:44,$ 3291.11,100
3634,12:52:44,$ 3291.07,100
3635,12:52:40,$ 3290.497,100
3636,12:51:43,$ 3291.00,100
3637,12:51:40,$ 3290.56,100
3638,12:51:10,$ 3290.875,149
3639,12:50:51,$ 3290.68,100
3640,12:50:46,$ 3291.06,100
3641,12:50:16,$ 3291.20,100
3642,12:50:15,$ 3291.20,100
3643,12:50:05,$ 3291.51,499
3644,12:50:04,$ 3291.25,100
3645,12:50:04,$ 3291.03,100
3646,12:48:41,$ 3291.21,100
3647,12:48:36,$ 3290.97,100
3648,12:48:35,$ 3291.14,100
3650,12:48:35,$ 3291.13,100
3651,12:48:35,$ 3291.16,100
3652,12:48:35,$ 3291.40,100
3653,12:47:48,$ 3289.92,100
3654,12:47:04,$ 3290.1434,500
3655,12:46:52,$ 3290.115,200
3656,12:45:05,$ 3290.48,100
3657,12:45:00,$ 3289.805,100
3658,12:44:58,$ 3289.93,100
3659,12:44:44,$ 3288.89,100
3660,12:44:40,$ 3288.65,100
3661,12:44:40,$ 3288.56,100
3662,12:44:40,$ 3288.56,100
3663,12:43:44,$ 3288.71,100
3664,12:43:44,$ 3288.75,100
3665,12:43:15,$ 3288.735,100
3666,12:43:13,$ 3288.655,133
3667,12:42:40,$ 3287.5175,100
3668,12:42:34,$ 3287.71,100
3669,12:42:34,$ 3287.71,100
3671,12:42:34,$ 3287.44,170
3672,12:42:33,$ 3287.11,100
3673,12:42:33,$ 3286.98,100
3674,12:42:33,$ 3287.13,100
3675,12:42:33,$ 3286.90,100
3676,12:42:09,$ 3286.945,100
3677,12:41:36,$ 3287.255,151
3678,12:41:12,$ 3287.27,100
3679,12:40:59,$ 3287.20,100
3680,12:40:49,$ 3287.19,100
3681,12:40:49,$ 3287.37,100
3682,12:40:29,$ 3287.40,100
3683,12:40:29,$ 3287.37,100
3684,12:39:26,$ 3287.71,100
3685,12:38:28,$ 3287.39,100
3686,12:38:21,$ 3287.64,100
3687,12:37:48,$ 3287.98,100
3688,12:37:48,$ 3288.16,100
3689,12:37:38,$ 3288.81,100
3690,12:37:38,$ 3288.80,100
3692,12:34:53,$ 3288.65,100
3693,12:34:53,$ 3288.65,100
3694,12:34:53,$ 3288.65,100
3695,12:34:41,$ 3288.64,100
3696,12:34:37,$ 3288.98,148
3697,12:34:25,$ 3289.05,100
3698,12:34:25,$ 3288.99,100
3699,12:34:25,$ 3288.98,100
3700,12:34:25,$ 3289.42,100
3701,12:34:18,$ 3289.28,100
3702,12:34:18,$ 3289.30,100
3703,12:34:17,$ 3290.00,911
3704,12:34:12,$ 3289.44,100
3705,12:34:12,$ 3289.43,100
3706,12:34:12,$ 3289.43,100
3707,12:34:07,$ 3290.31,100
3708,12:33:45,$ 3289.315,400
3709,12:33:21,$ 3290.01,100
3710,12:33:21,$ 3290.10,100
3711,12:33:16,$ 3290.30,100
3713,12:32:43,$ 3290.87,100
3714,12:32:13,$ 3290.90,100
3715,12:32:00,$ 3291.00,100
3716,12:31:40,$ 3291.14,100
3717,12:31:24,$ 3291.50,234
3718,12:31:15,$ 3291.42,100
3719,12:31:15,$ 3291.41,200
3720,12:31:15,$ 3291.42,100
3721,12:30:47,$ 3291.255,100
3722,12:30:30,$ 3290.91,100
3723,12:30:18,$ 3290.09,100
3724,12:30:14,$ 3290.445,300
3726,13:29:24,$ 3292.51,100
3727,13:29:24,$ 3292.49,100
3728,13:29:23,$ 3292.195,100
3729,13:28:57,$ 3292.15,100
3730,13:28:28,$ 3291.86,100
3731,13:28:09,$ 3292.00,250
3732,13:28:09,$ 3292.00,100
3733,13:28:04,$ 3292.36,100
3734,13:27:55,$ 3291.92,100
3735,13:27:55,$ 3292.07,100
3736,13:27:51,$ 3292.41,100
3737,13:27:46,$ 3292.11,100
3738,13:27:37,$ 3292.71,100
3739,13:27:19,$ 3291.788,100
3740,13:26:55,$ 3291.86,100
3741,13:26:43,$ 3292.4399,100
3742,13:26:43,$ 3292.44,100
3743,13:26:43,$ 3292.35,100
3744,13:26:15,$ 3292.17,100
3745,13:25:50,$ 3291.80,176
3747,13:25:37,$ 3291.56,100
3748,13:25:36,$ 3292.0054,100
3749,13:25:00,$ 3292.17,100
3750,13:24:55,$ 3292.105,150
3751,13:24:43,$ 3291.50,100
3752,13:24:43,$ 3291.50,100
3753,13:24:43,$ 3291.61,100
3754,13:24:43,$ 3291.60,100
3755,13:24:10,$ 3291.98,100
3756,13:24:10,$ 3291.98,100
3757,13:24:10,$ 3292.00,100
3758,13:23:53,$ 3292.42,"1,000"
3759,13:23:50,$ 3292.39,100
3760,13:22:35,$ 3292.13,100
3761,13:22:33,$ 3292.05,100
3762,13:22:33,$ 3292.05,100
3763,13:21:37,$ 3293.7442,100
3764,13:21:30,$ 3293.15,100
3765,13:20:44,$ 3293.89,200
3766,13:20:44,$ 3294.03,100
3768,13:19:47,$ 3294.47,100
3769,13:19:46,$ 3294.26,100
3770,13:19:33,$ 3294.19,100
3771,13:19:02,$ 3293.55,100
3772,13:18:31,$ 3293.31,100
3773,13:18:07,$ 3293.6122,100
3774,13:17:47,$ 3294.0119,400
3775,13:17:06,$ 3294.9289,100
3776,13:16:56,$ 3294.77,100
3777,13:16:55,$ 3294.99,100
3778,13:16:55,$ 3294.99,100
3779,13:16:55,$ 3294.99,100
3780,13:16:46,$ 3294.98,100
3781,13:16:42,$ 3294.97,100
3782,13:16:39,$ 3294.99,100
3783,13:15:58,$ 3294.39,100
3784,13:15:40,$ 3293.88,100
3785,13:15:01,$ 3294.62,100
3786,13:14:38,$ 3295.12,203
3787,13:14:38,$ 3295.00,100
3789,13:14:38,$ 3295.00,100
3790,13:14:38,$ 3294.80,100
3791,13:13:41,$ 3294.31,100
3792,13:13:41,$ 3294.32,100
3793,13:13:41,$ 3294.32,100
3794,13:13:08,$ 3294.185,100
3795,13:13:06,$ 3293.48,100
3796,13:13:06,$ 3293.92,100
3797,13:12:41,$ 3293.60,100
3798,13:11:55,$ 3293.116,250
3799,13:11:26,$ 3293.00,100
3800,13:11:18,$ 3292.19,100
3801,13:10:49,$ 3291.85,100
3802,13:10:49,$ 3292.1725,100
3803,13:10:49,$ 3291.65,165
3804,13:10:49,$ 3291.67,100
3805,13:10:48,$ 3292.25,286
3806,13:10:48,$ 3291.90,100
3807,13:10:48,$ 3291.67,100
3808,13:10:48,$ 3291.91,100
3810,13:09:49,$ 3291.67,100
3811,13:09:48,$ 3291.81,100
3812,13:09:06,$ 3293.20,100
3813,13:09:06,$ 3293.41,100
3814,13:08:24,$ 3292.62,100
3815,13:08:13,$ 3293.65,317
3816,13:07:26,$ 3293.425,100
3817,13:07:15,$ 3292.77,100
3818,13:07:13,$ 3292.29,100
3819,13:07:10,$ 3292.285,100
3820,13:07:09,$ 3292.40,100
3821,13:06:58,$ 3292.285,100
3822,13:06:44,$ 3292.5784,173
3823,13:06:40,$ 3292.885,150
3824,13:06:15,$ 3293.66,100
3825,13:06:15,$ 3293.46,100
3826,13:06:11,$ 3293.6316,300
3827,13:05:47,$ 3294.01,400
3828,13:05:43,$ 3294.06,100
3829,13:05:14,$ 3293.59,100
3831,13:05:14,$ 3293.85,100
3832,13:03:26,$ 3294.45,100
3833,13:03:26,$ 3294.575,100
3834,13:03:26,$ 3294.40,100
3835,13:03:26,$ 3294.46,100
3836,13:02:40,$ 3293.7854,100
3837,13:02:39,$ 3293.95,100
3838,13:02:39,$ 3293.95,100
3839,13:02:05,$ 3294.00,100
3840,13:02:05,$ 3294.00,100
3841,13:01:34,$ 3293.5347,100
3842,13:01:33,$ 3293.2701,150
3843,13:01:25,$ 3293.56,100
3844,13:01:25,$ 3293.47,100
3845,13:00:01,$ 3294.46,100
3847,13:59:50,$ 3288.545,100
3848,13:59:50,$ 3288.75,100
3849,13:59:50,$ 3288.54,100
3850,13:59:50,$ 3288.54,100
3851,13:59:18,$ 3288.70,100
3852,13:58:58,$ 3288.47,100
3853,13:58:48,$ 3288.8733,100
3854,13:58:27,$ 3289.01,100
3855,13:58:16,$ 3289.30,100
3856,13:57:17,$ 3288.57,100
3857,13:57:17,$ 3288.60,100
3858,13:57:16,$ 3288.49,100
3859,13:57:16,$ 3288.0375,100
3860,13:56:37,$ 3288.6601,100
3861,13:56:23,$ 3288.70,100
3862,13:56:21,$ 3288.50,150
3863,13:56:02,$ 3287.89,100
3864,13:56:02,$ 3287.88,100
3865,13:55:42,$ 3287.33,100
3866,13:55:16,$ 3288.24,100
3868,13:55:16,$ 3288.24,100
3869,13:55:04,$ 3288.14,100
3870,13:55:04,$ 3288.14,100
