,NLS Time (ET),NLS Price,NLS Share Volume
1,09:59:59,$ 3520.065,100
2,09:59:53,$ 3523.1466,100
3,09:59:38,$ 3523.965,100
4,09:59:37,$ 3520.82,100
5,09:59:22,$ 3522.06,100
6,09:59:20,$ 3520.00,195
7,09:59:20,$ 3522.00,100
8,09:59:20,$ 3522.00,100
9,09:59:19,$ 3525.15,100
10,09:59:15,$ 3523.19,155
11,09:58:52,$ 3522.2084,200
12,09:58:51,$ 3522.00,100
13,09:58:46,$ 3522.00,100
14,09:58:45,$ 3521.95,100
15,09:58:36,$ 3521.99,100
16,09:58:35,$ 3520.915,100
17,09:58:34,$ 3522.68,100
18,09:58:19,$ 3523.53,100
19,09:58:12,$ 3525.9899,200
20,09:58:10,$ 3524.205,106
22,09:58:08,$ 3523.01,100
23,09:57:56,$ 3522.49,100
24,09:57:56,$ 3522.48,121
25,09:57:44,$ 3522.1045,200
26,09:57:36,$ 3517.33,103
27,09:57:30,$ 3521.73,100
28,09:57:30,$ 3521.70,100
29,09:57:28,$ 3520.455,100
30,09:57:24,$ 3521.23,100
31,09:57:21,$ 3520.08,100
32,09:57:10,$ 3520.80,100
33,09:57:10,$ 3520.86,100
34,09:57:10,$ 3521.02,100
35,09:57:07,$ 3519.42,100
36,09:57:07,$ 3519.37,100
37,09:57:07,$ 3519.68,100
38,09:57:06,$ 3519.49,100
39,09:57:06,$ 3519.45,100
40,09:57:05,$ 3518.95,100
41,09:57:02,$ 3517.07,100
43,09:57:02,$ 3518.42,110
44,09:57:00,$ 3518.05,100
45,09:56:57,$ 3515.00,100
46,09:56:57,$ 3515.00,315
47,09:56:57,$ 3517.00,366
48,09:56:56,$ 3517.26,100
49,09:56:55,$ 3517.6495,500
50,09:56:54,$ 3518.63,176
51,09:56:53,$ 3518.11,100
52,09:56:51,$ 3517.5887,250
53,09:56:42,$ 3518.00,218
54,09:56:42,$ 3518.01,100
55,09:56:41,$ 3518.90,100
56,09:56:36,$ 3519.96,100
57,09:56:36,$ 3519.96,100
58,09:56:32,$ 3519.05,100
59,09:56:32,$ 3520.00,110
60,09:56:32,$ 3519.99,131
61,09:56:32,$ 3519.99,200
62,09:56:32,$ 3519.99,100
64,09:56:32,$ 3520.24,100
65,09:56:29,$ 3520.2684,100
66,09:56:26,$ 3521.105,100
67,09:56:25,$ 3522.14,100
68,09:56:24,$ 3522.30,100
69,09:56:00,$ 3523.93,100
70,09:55:48,$ 3523.5031,263
71,09:55:48,$ 3523.5647,192
72,09:55:41,$ 3521.30,100
73,09:55:41,$ 3524.02,100
74,09:55:34,$ 3524.01,100
75,09:55:34,$ 3524.06,100
76,09:55:34,$ 3521.00,100
77,09:55:27,$ 3524.92,100
78,09:55:27,$ 3524.745,100
79,09:55:06,$ 3523.415,150
80,09:55:05,$ 3522.0001,180
81,09:55:04,$ 3523.55,100
82,09:55:00,$ 3525.15,100
83,09:54:55,$ 3525.925,100
85,09:54:53,$ 3526.52,100
86,09:54:46,$ 3526.20,100
87,09:54:43,$ 3527.95,100
88,09:54:36,$ 3526.51,200
89,09:54:35,$ 3525.585,100
90,09:54:29,$ 3524.49,100
91,09:54:27,$ 3523.74,100
92,09:54:15,$ 3521.16,100
93,09:54:06,$ 3523.08,100
94,09:54:06,$ 3522.00,100
95,09:54:06,$ 3523.52,100
96,09:54:06,$ 3523.745,100
97,09:54:04,$ 3523.415,100
98,09:54:00,$ 3523.20,100
99,09:54:00,$ 3523.92,100
100,09:53:58,$ 3521.58,100
101,09:53:57,$ 3521.60,100
102,09:53:56,$ 3523.01,100
103,09:53:55,$ 3524.1504,100
104,09:53:50,$ 3523.99,100
106,09:53:50,$ 3523.99,126
107,09:53:50,$ 3523.99,100
108,09:53:50,$ 3523.99,126
109,09:53:50,$ 3523.99,126
110,09:53:50,$ 3523.99,100
111,09:53:41,$ 3523.0866,100
112,09:53:41,$ 3522.00,100
113,09:53:40,$ 3523.77,100
114,09:53:40,$ 3523.30,100
115,09:53:39,$ 3524.26,100
116,09:53:39,$ 3524.06,100
117,09:53:39,$ 3523.08,100
118,09:53:37,$ 3524.6907,100
119,09:53:37,$ 3524.5025,100
120,09:53:37,$ 3524.5025,100
121,09:53:34,$ 3523.845,100
122,09:53:34,$ 3524.94,100
123,09:53:34,$ 3523.00,100
124,09:53:34,$ 3523.81,100
125,09:53:34,$ 3523.14,100
127,09:53:34,$ 3523.0001,100
128,09:53:34,$ 3523.0001,300
129,09:53:34,$ 3523.795,100
130,09:53:34,$ 3524.325,100
131,09:53:33,$ 3524.325,100
132,09:53:33,$ 3525.08,100
133,09:53:28,$ 3524.48,100
134,09:53:28,$ 3524.49,100
135,09:53:26,$ 3524.405,100
136,09:53:26,$ 3524.405,100
137,09:53:26,$ 3524.405,100
138,09:53:25,$ 3524.47,100
139,09:53:24,$ 3524.48,175
140,09:53:18,$ 3524.845,100
141,09:53:18,$ 3524.99,100
142,09:53:18,$ 3521.9043,200
143,09:53:18,$ 3524.0775,200
144,09:53:17,$ 3527.00,100
145,09:53:16,$ 3524.35,252
146,09:53:16,$ 3525.00,100
148,09:53:15,$ 3526.22,100
149,09:53:11,$ 3525.67,800
150,09:53:06,$ 3526.99,107
151,09:53:05,$ 3528.60,100
152,09:53:05,$ 3528.27,100
153,09:53:05,$ 3526.99,100
154,09:53:04,$ 3527.80,100
155,09:53:04,$ 3527.19,100
156,09:53:04,$ 3527.19,100
157,09:53:02,$ 3529.80,100
158,09:53:02,$ 3527.945,100
159,09:53:02,$ 3528.005,100
160,09:53:02,$ 3527.00,100
161,09:52:58,$ 3529.695,100
162,09:52:55,$ 3528.91,100
163,09:52:55,$ 3530.01,500
164,09:52:55,$ 3530.00,500
165,09:52:33,$ 3532.42,100
166,09:52:33,$ 3532.08,195
167,09:52:33,$ 3532.13,100
169,09:52:27,$ 3532.525,100
170,09:52:27,$ 3532.275,100
171,09:52:27,$ 3536.7322,100
172,09:52:21,$ 3533.00,100
173,09:52:21,$ 3535.002,100
174,09:52:21,$ 3535.00,100
175,09:52:21,$ 3535.011,200
176,09:52:18,$ 3537.00,100
177,09:52:18,$ 3537.60,100
178,09:52:08,$ 3540.1097,150
179,09:52:06,$ 3539.99,100
180,09:51:59,$ 3539.99,100
181,09:51:59,$ 3539.91,100
182,09:51:58,$ 3538.63,100
183,09:51:53,$ 3540.365,100
184,09:51:50,$ 3538.86,350
185,09:51:37,$ 3541.48,100
186,09:51:30,$ 3543.075,100
187,09:51:30,$ 3542.83,100
188,09:51:30,$ 3542.73,100
190,09:51:27,$ 3540.03,100
191,09:51:26,$ 3540.055,100
192,09:51:26,$ 3540.055,100
193,09:51:18,$ 3540.00,100
194,09:51:18,$ 3540.02,100
195,09:51:11,$ 3540.785,100
196,09:51:08,$ 3540.02,100
197,09:50:43,$ 3538.91,100
198,09:50:39,$ 3537.5959,467
199,09:50:37,$ 3537.00,100
200,09:50:31,$ 3541.43,100
201,09:50:17,$ 3539.3884,100
202,09:50:08,$ 3535.82,100
203,09:50:06,$ 3535.78,100
204,09:50:00,$ 3536.87,100
205,09:50:00,$ 3538.00,100
206,09:49:59,$ 3538.74,500
207,09:49:50,$ 3537.25,100
208,09:49:44,$ 3536.68,100
209,09:49:44,$ 3538.96,100
211,09:49:39,$ 3538.295,100
212,09:49:38,$ 3536.70,100
213,09:49:20,$ 3538.20,100
214,09:49:20,$ 3538.00,175
215,09:49:20,$ 3538.11,100
216,09:49:12,$ 3536.99,200
217,09:49:12,$ 3536.20,100
218,09:49:12,$ 3536.20,400
219,09:49:06,$ 3538.01,100
220,09:49:06,$ 3539.01,100
221,09:48:58,$ 3540.63,200
222,09:48:58,$ 3540.16,100
223,09:48:52,$ 3542.75,100
224,09:48:41,$ 3543.7756,150
225,09:48:40,$ 3540.48,100
226,09:48:38,$ 3539.01,100
227,09:48:36,$ 3539.925,100
228,09:48:30,$ 3539.01,100
229,09:48:18,$ 3538.325,100
230,09:48:18,$ 3538.325,100
232,09:48:18,$ 3538.325,100
233,09:48:18,$ 3540.02,100
234,09:48:15,$ 3539.65,320
235,09:48:13,$ 3540.29,220
236,09:48:13,$ 3539.43,100
237,09:48:08,$ 3540.54,380
238,09:48:08,$ 3539.245,100
239,09:47:55,$ 3538.665,100
240,09:47:52,$ 3539.65,200
241,09:47:41,$ 3540.01,100
242,09:47:41,$ 3541.70,100
243,09:47:39,$ 3540.01,100
244,09:47:37,$ 3540.86,100
245,09:47:37,$ 3540.885,100
246,09:47:34,$ 3543.40,100
247,09:47:33,$ 3542.375,100
248,09:47:31,$ 3546.805,100
249,09:47:19,$ 3545.64,100
250,09:47:08,$ 3547.30,100
251,09:47:08,$ 3547.30,100
253,09:47:07,$ 3546.0301,100
254,09:47:07,$ 3546.68,100
255,09:47:01,$ 3547.89,100
256,09:47:01,$ 3546.0301,100
257,09:47:01,$ 3547.39,100
258,09:46:59,$ 3547.0601,100
259,09:46:51,$ 3547.2055,200
260,09:46:44,$ 3547.43,100
261,09:46:42,$ 3547.9999,500
262,09:46:32,$ 3547.984,257
263,09:46:23,$ 3545.7907,500
264,09:46:19,$ 3543.27,500
265,09:46:19,$ 3544.48,100
266,09:46:18,$ 3545.17,100
267,09:46:08,$ 3543.295,100
268,09:46:08,$ 3543.14,100
269,09:46:08,$ 3543.14,100
270,09:46:08,$ 3543.16,100
271,09:46:01,$ 3541.9199,100
272,09:46:00,$ 3540.585,250
274,09:45:58,$ 3539.4459,282
275,09:45:58,$ 3539.4459,112
276,09:45:58,$ 3539.4459,106
277,09:45:55,$ 3539.4459,500
278,09:45:52,$ 3542.00,210
279,09:45:51,$ 3541.43,100
280,09:45:51,$ 3541.43,100
281,09:45:51,$ 3540.67,100
282,09:45:51,$ 3540.67,162
283,09:45:50,$ 3541.7157,300
284,09:45:41,$ 3545.31,100
285,09:45:41,$ 3545.16,100
286,09:45:41,$ 3545.50,100
287,09:45:41,$ 3545.51,100
288,09:45:41,$ 3545.52,100
289,09:45:41,$ 3547.6074,100
290,09:45:23,$ 3542.925,100
291,09:45:21,$ 3542.59,100
292,09:45:20,$ 3540.77,100
293,09:45:20,$ 3540.66,100
295,09:45:19,$ 3542.525,100
296,09:45:19,$ 3542.52,100
297,09:45:16,$ 3543.37,100
298,09:45:16,$ 3543.45,100
299,09:45:16,$ 3543.48,300
300,09:45:16,$ 3543.35,100
301,09:45:16,$ 3543.44,100
302,09:45:16,$ 3543.33,100
303,09:45:12,$ 3545.99,100
304,09:45:11,$ 3545.47,100
305,09:45:09,$ 3544.84,100
306,09:45:09,$ 3545.795,100
307,09:45:08,$ 3546.50,150
308,09:45:02,$ 3547.015,100
309,09:45:01,$ 3547.375,100
310,09:45:00,$ 3547.65,100
311,09:44:55,$ 3548.75,165
312,09:44:55,$ 3548.75,200
313,09:44:49,$ 3546.43,100
314,09:44:47,$ 3547.46,100
316,09:44:44,$ 3546.325,200
317,09:44:38,$ 3547.47,100
318,09:44:38,$ 3547.01,100
319,09:44:33,$ 3546.88,100
320,09:44:31,$ 3548.09,100
321,09:44:29,$ 3548.97,100
322,09:44:27,$ 3549.18,100
323,09:44:27,$ 3549.23,100
324,09:44:26,$ 3548.17,100
325,09:44:21,$ 3547.65,100
326,09:44:17,$ 3548.51,625
327,09:44:15,$ 3548.495,100
328,09:44:13,$ 3548.4891,197
329,09:44:13,$ 3548.92,100
330,09:44:13,$ 3548.92,100
331,09:44:08,$ 3549.50,100
332,09:44:05,$ 3548.19,116
333,09:44:04,$ 3547.76,100
334,09:44:04,$ 3546.937,140
335,09:44:04,$ 3547.17,100
337,09:44:01,$ 3545.6701,100
338,09:44:00,$ 3545.56,100
339,09:44:00,$ 3544.215,100
340,09:43:58,$ 3545.53,100
341,09:43:58,$ 3545.53,100
342,09:43:58,$ 3545.53,100
343,09:43:53,$ 3543.54,100
344,09:43:38,$ 3545.00,790
345,09:43:36,$ 3545.035,100
346,09:43:34,$ 3546.0066,300
347,09:43:32,$ 3547.00,119
348,09:43:29,$ 3545.00,100
349,09:43:29,$ 3545.00,315
350,09:43:29,$ 3545.00,185
351,09:43:27,$ 3543.0301,100
352,09:43:26,$ 3544.0184,300
353,09:43:24,$ 3544.42,282
354,09:43:24,$ 3544.018,500
355,09:43:21,$ 3543.99,100
356,09:43:20,$ 3543.99,200
358,09:43:20,$ 3543.905,100
359,09:43:20,$ 3543.945,100
360,09:43:14,$ 3543.59,100
361,09:43:13,$ 3543.00,625
362,09:43:11,$ 3542.905,200
363,09:43:07,$ 3541.245,100
364,09:43:06,$ 3542.46,100
365,09:43:02,$ 3542.38,100
366,09:43:01,$ 3542.22,100
367,09:43:00,$ 3541.0154,100
368,09:42:55,$ 3541.00,100
369,09:42:55,$ 3540.435,100
370,09:42:54,$ 3540.43,200
371,09:42:52,$ 3540.9999,300
372,09:42:52,$ 3540.647,100
373,09:42:50,$ 3539.34,100
374,09:42:50,$ 3539.34,100
375,09:42:49,$ 3540.00,100
376,09:42:48,$ 3539.4303,200
377,09:42:48,$ 3539.95,100
379,09:42:48,$ 3539.00,100
380,09:42:47,$ 3539.00,100
381,09:42:46,$ 3537.91,102
382,09:42:45,$ 3536.8201,110
383,09:42:45,$ 3537.89,100
384,09:42:45,$ 3538.87,100
385,09:42:44,$ 3537.6849,500
386,09:42:44,$ 3538.865,100
387,09:42:39,$ 3538.40,100
388,09:42:37,$ 3535.00,100
389,09:42:35,$ 3533.86,120
390,09:42:34,$ 3532.26,100
391,09:42:32,$ 3533.96,100
392,09:42:32,$ 3532.97,199
393,09:42:31,$ 3534.30,100
394,09:42:31,$ 3531.10,100
395,09:42:25,$ 3531.38,100
396,09:42:25,$ 3531.375,100
397,09:42:13,$ 3530.92,100
398,09:42:09,$ 3529.35,100
400,09:42:09,$ 3529.35,100
401,09:41:58,$ 3528.33,200
402,09:41:57,$ 3528.82,100
403,09:41:56,$ 3529.01,150
404,09:41:55,$ 3528.6505,114
405,09:41:55,$ 3528.6505,110
406,09:41:52,$ 3531.59,100
407,09:41:52,$ 3527.74,100
408,09:41:52,$ 3527.85,100
409,09:41:51,$ 3525.33,100
410,09:41:47,$ 3527.54,100
411,09:41:38,$ 3526.22,100
412,09:41:35,$ 3524.80,100
413,09:41:34,$ 3525.00,100
414,09:41:32,$ 3527.855,200
415,09:41:26,$ 3525.47,100
416,09:41:20,$ 3527.80,100
417,09:41:20,$ 3527.75,100
418,09:41:06,$ 3527.75,100
419,09:41:05,$ 3526.38,154
421,09:41:03,$ 3526.7134,300
422,09:41:02,$ 3527.12,100
423,09:41:01,$ 3527.00,100
424,09:41:00,$ 3530.92,100
425,09:40:58,$ 3533.50,500
426,09:40:54,$ 3532.00,100
427,09:40:54,$ 3532.1539,693
428,09:40:54,$ 3530.805,100
429,09:40:54,$ 3531.115,100
430,09:40:54,$ 3531.115,100
431,09:40:53,$ 3533.025,200
432,09:40:53,$ 3533.50,100
433,09:40:53,$ 3533.00,100
434,09:40:53,$ 3532.99,100
435,09:40:45,$ 3530.96,100
436,09:40:43,$ 3531.06,300
437,09:40:43,$ 3530.00,100
438,09:40:41,$ 3530.00,100
439,09:40:37,$ 3531.07,100
440,09:40:34,$ 3531.005,400
442,09:40:33,$ 3533.1969,100
443,09:40:23,$ 3532.50,100
444,09:40:17,$ 3532.56,100
445,09:40:17,$ 3530.57,100
446,09:40:07,$ 3529.49,100
447,09:40:07,$ 3528.11,202
448,09:40:04,$ 3532.36,100
449,09:40:02,$ 3534.53,100
450,09:39:59,$ 3533.76,400
451,09:39:59,$ 3535.20,100
452,09:39:57,$ 3531.87,100
453,09:39:54,$ 3529.29,100
454,09:39:53,$ 3528.30,100
455,09:39:53,$ 3529.95,100
456,09:39:49,$ 3523.0101,100
457,09:39:47,$ 3522.185,100
458,09:39:47,$ 3522.51,100
459,09:39:47,$ 3524.775,100
460,09:39:47,$ 3524.44,100
461,09:39:47,$ 3524.44,100
463,09:39:47,$ 3524.82,100
464,09:39:47,$ 3524.74,100
465,09:39:46,$ 3525.00,100
466,09:39:46,$ 3523.55,100
467,09:39:46,$ 3523.56,100
468,09:39:46,$ 3522.395,100
469,09:39:42,$ 3525.975,500
470,09:39:39,$ 3526.48,190
471,09:39:38,$ 3523.765,200
472,09:39:38,$ 3523.765,100
473,09:39:36,$ 3524.81,100
474,09:39:36,$ 3524.81,100
475,09:39:36,$ 3524.92,100
476,09:39:36,$ 3524.87,100
477,09:39:36,$ 3524.87,100
478,09:39:30,$ 3525.47,100
479,09:39:24,$ 3526.1689,231
480,09:39:21,$ 3529.97,100
481,09:39:21,$ 3527.75,100
482,09:39:17,$ 3530.50,100
484,09:39:12,$ 3533.38,100
485,09:39:10,$ 3531.03,100
486,09:39:10,$ 3531.03,100
487,09:39:10,$ 3531.01,100
488,09:39:10,$ 3531.0035,100
489,09:39:10,$ 3531.03,100
490,09:39:07,$ 3531.89,100
491,09:39:05,$ 3531.0001,150
492,09:39:01,$ 3532.825,190
493,09:39:00,$ 3531.73,100
494,09:38:59,$ 3533.00,100
495,09:38:58,$ 3533.85,350
496,09:38:49,$ 3534.08,343
497,09:38:49,$ 3533.1054,"1,135"
498,09:38:44,$ 3536.39,100
499,09:38:41,$ 3536.43,100
500,09:38:33,$ 3536.90,200
501,09:38:33,$ 3536.90,348
502,09:38:29,$ 3540.018,500
503,09:38:28,$ 3540.03,100
505,09:38:27,$ 3540.07,100
506,09:38:26,$ 3540.00,100
507,09:38:25,$ 3537.89,100
508,09:38:25,$ 3537.74,100
509,09:38:25,$ 3537.75,100
510,09:38:23,$ 3537.73,100
511,09:38:14,$ 3536.365,100
512,09:38:13,$ 3536.3375,100
513,09:38:08,$ 3534.09,100
514,09:38:08,$ 3534.325,100
515,09:38:08,$ 3534.15,200
516,09:38:08,$ 3534.08,100
517,09:38:01,$ 3535.35,100
518,09:37:59,$ 3534.085,100
519,09:37:59,$ 3534.10,100
520,09:37:59,$ 3534.265,100
521,09:37:59,$ 3534.09,100
522,09:37:59,$ 3534.08,100
523,09:37:55,$ 3534.93,100
524,09:37:55,$ 3535.55,126
526,09:37:55,$ 3535.7838,282
527,09:37:54,$ 3536.935,100
528,09:37:48,$ 3538.82,100
529,09:37:48,$ 3538.15,200
530,09:37:37,$ 3539.99,100
531,09:37:35,$ 3540.00,100
532,09:37:34,$ 3538.22,100
533,09:37:29,$ 3541.55,200
534,09:37:27,$ 3540.57,200
535,09:37:23,$ 3540.21,100
536,09:37:23,$ 3542.39,300
537,09:37:23,$ 3541.63,100
538,09:37:22,$ 3541.60,100
539,09:37:22,$ 3539.39,100
540,09:37:22,$ 3539.20,100
541,09:37:22,$ 3539.47,100
542,09:37:20,$ 3540.00,100
543,09:37:16,$ 3542.00,100
544,09:37:13,$ 3542.5467,500
545,09:37:12,$ 3544.00,100
547,09:37:09,$ 3542.33,100
548,09:37:08,$ 3542.23,100
549,09:37:08,$ 3542.00,100
550,09:37:06,$ 3541.0978,100
551,09:37:04,$ 3541.5066,255
552,09:37:04,$ 3541.6462,100
553,09:37:03,$ 3539.208,150
554,09:37:03,$ 3540.00,100
555,09:37:01,$ 3541.555,100
556,09:37:00,$ 3540.00,100
557,09:37:00,$ 3540.00,100
558,09:37:00,$ 3540.00,100
559,09:37:00,$ 3540.00,100
560,09:37:00,$ 3539.98,100
561,09:36:56,$ 3538.005,100
562,09:36:52,$ 3539.43,100
563,09:36:52,$ 3538.50,100
564,09:36:52,$ 3538.585,200
565,09:36:52,$ 3539.65,100
566,09:36:52,$ 3538.99,147
568,09:36:52,$ 3539.65,100
569,09:36:52,$ 3539.00,100
570,09:36:52,$ 3537.89,100
571,09:36:52,$ 3538.99,200
572,09:36:52,$ 3538.99,100
573,09:36:52,$ 3539.00,100
574,09:36:52,$ 3539.00,100
575,09:36:52,$ 3538.00,100
576,09:36:52,$ 3537.89,102
577,09:36:52,$ 3536.7316,120
578,09:36:51,$ 3535.96,100
579,09:36:51,$ 3535.55,100
580,09:36:51,$ 3536.71,100
581,09:36:49,$ 3537.89,100
582,09:36:48,$ 3536.72,100
583,09:36:46,$ 3535.4501,100
584,09:36:45,$ 3536.209,100
585,09:36:44,$ 3537.9899,500
586,09:36:44,$ 3536.88,100
587,09:36:44,$ 3537.88,193
589,09:36:43,$ 3536.665,100
590,09:36:43,$ 3537.89,200
591,09:36:43,$ 3537.89,104
592,09:36:41,$ 3536.23,100
593,09:36:41,$ 3535.89,111
594,09:36:41,$ 3537.435,100
595,09:36:41,$ 3537.30,100
596,09:36:41,$ 3536.89,100
597,09:36:41,$ 3536.77,100
598,09:36:41,$ 3536.81,100
599,09:36:40,$ 3536.89,100
600,09:36:40,$ 3536.09,100
601,09:36:40,$ 3536.09,100
602,09:36:37,$ 3536.12,100
603,09:36:37,$ 3536.165,100
604,09:36:37,$ 3534.975,500
605,09:36:36,$ 3533.91,100
606,09:36:36,$ 3534.9734,150
607,09:36:35,$ 3534.995,100
608,09:36:34,$ 3535.052,100
610,09:36:34,$ 3534.85,100
611,09:36:34,$ 3535.00,103
612,09:36:34,$ 3535.00,100
613,09:36:34,$ 3535.00,200
614,09:36:34,$ 3535.00,100
615,09:36:34,$ 3534.73,100
616,09:36:34,$ 3534.73,100
617,09:36:34,$ 3534.71,100
618,09:36:33,$ 3533.00,100
619,09:36:31,$ 3532.855,100
620,09:36:31,$ 3532.955,275
621,09:36:29,$ 3532.84,100
622,09:36:28,$ 3531.5383,300
623,09:36:27,$ 3531.95,100
624,09:36:21,$ 3529.47,150
625,09:36:20,$ 3529.4766,150
626,09:36:14,$ 3527.95,100
627,09:36:13,$ 3525.50,100
628,09:36:11,$ 3525.6263,224
629,09:36:11,$ 3526.53,100
631,09:36:11,$ 3526.39,100
632,09:36:11,$ 3526.36,100
633,09:36:11,$ 3526.28,100
634,09:36:03,$ 3526.98,100
635,09:36:03,$ 3526.98,100
636,09:36:01,$ 3524.98,100
637,09:36:01,$ 3524.98,100
638,09:36:01,$ 3524.98,100
639,09:35:53,$ 3528.7906,387
640,09:35:47,$ 3531.9042,100
641,09:35:46,$ 3531.455,100
642,09:35:46,$ 3531.39,100
643,09:35:43,$ 3528.663,100
644,09:35:42,$ 3530.13,100
645,09:35:42,$ 3530.13,182
646,09:35:41,$ 3527.8998,150
647,09:35:40,$ 3529.97,100
648,09:35:40,$ 3529.88,100
649,09:35:40,$ 3529.22,100
650,09:35:40,$ 3529.22,100
652,09:35:31,$ 3529.97,100
653,09:35:29,$ 3530.36,100
654,09:35:25,$ 3530.81,100
655,09:35:22,$ 3533.0533,"1,000"
656,09:35:22,$ 3528.2301,500
657,09:35:22,$ 3529.98,200
658,09:35:20,$ 3530.00,259
659,09:35:20,$ 3529.98,100
660,09:35:13,$ 3528.0759,200
661,09:35:06,$ 3526.21,100
662,09:35:05,$ 3526.7265,169
663,09:34:55,$ 3527.63,100
664,09:34:54,$ 3526.60,100
665,09:34:54,$ 3529.70,100
666,09:34:53,$ 3529.70,106
667,09:34:44,$ 3527.00,100
668,09:34:43,$ 3528.4056,120
669,09:34:42,$ 3526.9001,100
670,09:34:41,$ 3528.36,100
671,09:34:40,$ 3528.18,100
673,09:34:40,$ 3528.18,100
674,09:34:38,$ 3529.295,100
675,09:34:38,$ 3529.48,100
676,09:34:36,$ 3529.20,100
677,09:34:35,$ 3529.10,100
678,09:34:33,$ 3526.94,100
679,09:34:28,$ 3525.23,100
680,09:34:28,$ 3527.64,100
681,09:34:27,$ 3526.55,100
682,09:34:27,$ 3526.9275,100
683,09:34:26,$ 3528.38,100
684,09:34:25,$ 3526.35,100
685,09:34:23,$ 3526.29,100
686,09:34:23,$ 3526.82,100
687,09:34:19,$ 3529.84,100
688,09:34:19,$ 3529.955,200
689,09:34:18,$ 3528.395,100
690,09:34:15,$ 3528.40,150
691,09:34:13,$ 3527.81,100
692,09:34:13,$ 3528.00,100
694,09:34:13,$ 3528.00,100
695,09:34:13,$ 3528.00,100
696,09:34:13,$ 3527.95,100
697,09:34:13,$ 3528.00,100
698,09:34:13,$ 3526.06,100
699,09:34:13,$ 3525.07,100
700,09:34:13,$ 3525.17,100
701,09:34:13,$ 3525.91,100
702,09:34:13,$ 3526.58,100
703,09:34:12,$ 3527.11,100
704,09:34:10,$ 3525.32,100
705,09:34:08,$ 3524.49,100
706,09:34:08,$ 3524.43,100
707,09:34:05,$ 3524.00,150
708,09:34:05,$ 3523.70,100
709,09:34:05,$ 3523.87,100
710,09:34:05,$ 3523.87,176
711,09:34:04,$ 3523.94,100
712,09:34:04,$ 3522.62,100
713,09:34:04,$ 3522.67,100
715,09:34:04,$ 3523.22,100
716,09:34:00,$ 3523.76,100
717,09:34:00,$ 3520.63,100
718,09:34:00,$ 3521.02,100
719,09:33:54,$ 3521.475,100
720,09:33:53,$ 3522.44,100
721,09:33:52,$ 3521.485,100
722,09:33:52,$ 3524.065,100
723,09:33:48,$ 3515.4831,207
724,09:33:44,$ 3518.5475,100
725,09:33:44,$ 3517.9275,100
726,09:33:44,$ 3519.88,100
727,09:33:43,$ 3520.35,100
728,09:33:42,$ 3520.425,100
729,09:33:40,$ 3520.615,100
730,09:33:40,$ 3521.77,100
731,09:33:39,$ 3524.6386,730
732,09:33:38,$ 3524.48,100
733,09:33:38,$ 3523.35,100
734,09:33:38,$ 3523.35,100
736,09:33:38,$ 3525.21,100
737,09:33:38,$ 3523.35,100
738,09:33:37,$ 3523.35,200
739,09:33:36,$ 3523.35,100
740,09:33:33,$ 3524.615,100
741,09:33:33,$ 3524.75,100
742,09:33:32,$ 3523.11,100
743,09:33:31,$ 3521.50,100
744,09:33:31,$ 3519.155,100
745,09:33:26,$ 3517.047,110
746,09:33:26,$ 3516.682,100
747,09:33:26,$ 3516.684,100
748,09:33:26,$ 3515.90,100
749,09:33:25,$ 3515.22,100
750,09:33:25,$ 3515.00,300
751,09:33:23,$ 3515.52,100
752,09:33:23,$ 3517.54,109
753,09:33:19,$ 3513.085,100
754,09:33:19,$ 3514.77,200
755,09:33:18,$ 3514.77,100
757,09:33:11,$ 3512.36,100
758,09:33:11,$ 3516.00,100
759,09:33:11,$ 3516.00,100
760,09:33:11,$ 3515.65,100
761,09:33:11,$ 3516.20,100
762,09:33:11,$ 3518.80,100
763,09:33:11,$ 3518.625,100
764,09:33:11,$ 3518.88,100
765,09:33:11,$ 3518.88,"1,000"
766,09:33:09,$ 3515.65,100
767,09:33:08,$ 3518.21,100
768,09:33:08,$ 3515.65,100
769,09:33:07,$ 3517.44,100
770,09:33:05,$ 3515.65,169
771,09:33:05,$ 3515.69,339
772,09:33:05,$ 3515.69,165
773,09:33:05,$ 3515.69,316
774,09:33:05,$ 3516.00,100
775,09:33:05,$ 3516.00,100
776,09:33:05,$ 3516.07,100
778,09:33:05,$ 3516.50,360
779,09:33:05,$ 3516.7066,536
780,09:33:05,$ 3517.68,100
781,09:33:03,$ 3517.44,100
782,09:33:03,$ 3516.50,100
783,09:33:03,$ 3517.47,100
784,09:33:03,$ 3521.8078,500
785,09:33:01,$ 3520.60,100
786,09:33:01,$ 3518.5342,135
787,09:33:00,$ 3517.16,100
788,09:33:00,$ 3520.00,100
789,09:33:00,$ 3520.00,100
790,09:33:00,$ 3518.81,196
791,09:33:00,$ 3518.81,100
792,09:32:53,$ 3521.765,130
793,09:32:52,$ 3521.9266,300
794,09:32:50,$ 3524.44,100
795,09:32:50,$ 3525.60,100
796,09:32:50,$ 3523.75,100
797,09:32:48,$ 3522.38,100
799,09:32:47,$ 3520.165,100
800,09:32:45,$ 3520.11,100
801,09:32:44,$ 3522.94,500
802,09:32:41,$ 3517.0101,200
803,09:32:32,$ 3516.0001,750
804,09:32:29,$ 3516.50,100
805,09:32:22,$ 3516.00,100
806,09:32:22,$ 3516.40,152
807,09:32:22,$ 3516.40,205
808,09:32:22,$ 3517.06,247
809,09:32:22,$ 3516.001,250
810,09:32:22,$ 3516.08,100
811,09:32:22,$ 3516.68,100
812,09:32:22,$ 3520.00,150
813,09:32:22,$ 3519.75,100
814,09:32:22,$ 3521.00,100
815,09:32:22,$ 3521.55,175
816,09:32:22,$ 3521.55,125
817,09:32:22,$ 3522.12,300
818,09:32:22,$ 3522.12,415
820,09:32:22,$ 3522.65,100
821,09:32:22,$ 3522.55,100
822,09:32:22,$ 3522.55,100
823,09:32:22,$ 3524.13,400
824,09:32:22,$ 3524.15,100
825,09:32:22,$ 3524.075,100
826,09:32:22,$ 3525.15,100
827,09:32:22,$ 3525.00,100
828,09:32:22,$ 3525.075,100
829,09:32:22,$ 3526.21,100
830,09:32:22,$ 3526.20,500
831,09:32:22,$ 3526.20,100
832,09:32:22,$ 3526.53,100
833,09:32:22,$ 3529.94,100
834,09:32:22,$ 3529.99,100
835,09:32:20,$ 3527.09,100
836,09:32:20,$ 3529.95,100
837,09:32:20,$ 3530.00,209
838,09:32:12,$ 3535.00,100
839,09:31:59,$ 3536.005,100
841,09:31:58,$ 3536.005,200
842,09:31:53,$ 3538.445,100
843,09:31:53,$ 3537.51,100
844,09:31:53,$ 3537.61,100
845,09:31:53,$ 3538.55,100
846,09:31:53,$ 3535.00,400
847,09:31:52,$ 3532.838,100
848,09:31:52,$ 3534.635,100
849,09:31:45,$ 3538.91,100
850,09:31:45,$ 3538.745,100
851,09:31:45,$ 3538.445,100
852,09:31:45,$ 3537.89,101
853,09:31:45,$ 3537.89,100
854,09:31:44,$ 3538.445,100
855,09:31:43,$ 3536.43,500
856,09:31:43,$ 3538.445,100
857,09:31:42,$ 3538.445,100
858,09:31:41,$ 3538.445,100
859,09:31:41,$ 3539.00,100
860,09:31:41,$ 3539.00,100
862,09:31:41,$ 3538.59,100
863,09:31:40,$ 3538.445,100
864,09:31:39,$ 3538.445,100
865,09:31:38,$ 3537.89,150
866,09:31:38,$ 3537.97,200
867,09:31:38,$ 3537.97,100
868,09:31:38,$ 3537.89,100
869,09:31:37,$ 3538.445,100
870,09:31:36,$ 3537.89,100
871,09:31:36,$ 3538.32,100
872,09:31:36,$ 3537.985,100
873,09:31:35,$ 3538.445,100
874,09:31:35,$ 3537.89,100
875,09:31:35,$ 3537.37,300
876,09:31:35,$ 3539.00,100
877,09:31:35,$ 3537.89,100
878,09:31:34,$ 3537.89,100
879,09:31:34,$ 3537.89,100
880,09:31:34,$ 3537.95,100
881,09:31:34,$ 3535.11,400
883,09:31:33,$ 3535.40,100
884,09:31:33,$ 3537.195,100
885,09:31:32,$ 3537.095,100
886,09:31:32,$ 3534.015,100
887,09:31:32,$ 3534.32,158
888,09:31:32,$ 3534.025,100
889,09:31:29,$ 3537.35,100
890,09:31:28,$ 3538.195,100
891,09:31:27,$ 3537.95,100
892,09:31:27,$ 3537.58,200
893,09:31:27,$ 3537.58,100
894,09:31:27,$ 3538.29,100
895,09:31:27,$ 3538.45,100
896,09:31:26,$ 3538.195,100
897,09:31:26,$ 3537.89,100
898,09:31:25,$ 3538.195,100
899,09:31:25,$ 3538.37,200
900,09:31:25,$ 3538.446,100
901,09:31:25,$ 3537.89,100
902,09:31:25,$ 3538.49,380
904,09:31:25,$ 3537.89,200
905,09:31:25,$ 3537.89,177
906,09:31:25,$ 3537.89,200
907,09:31:22,$ 3538.195,100
908,09:31:22,$ 3536.18,200
909,09:31:22,$ 3537.89,200
910,09:31:21,$ 3537.12,100
911,09:31:19,$ 3538.195,100
912,09:31:18,$ 3538.195,100
913,09:31:17,$ 3538.195,100
914,09:31:16,$ 3537.89,300
915,09:31:15,$ 3538.195,100
916,09:31:15,$ 3537.99,100
917,09:31:15,$ 3537.84,100
918,09:31:15,$ 3537.84,100
919,09:31:14,$ 3537.89,100
920,09:31:14,$ 3537.89,188
921,09:31:13,$ 3537.795,100
922,09:31:13,$ 3537.89,100
923,09:31:11,$ 3535.705,100
925,09:31:10,$ 3536.0972,"1,800"
926,09:31:10,$ 3536.21,100
927,09:31:08,$ 3533.825,100
928,09:31:04,$ 3531.0619,629
929,09:31:04,$ 3537.00,110
930,09:31:04,$ 3533.3682,100
931,09:31:04,$ 3533.02,100
932,09:31:04,$ 3533.726,100
933,09:31:04,$ 3533.725,123
934,09:31:04,$ 3536.00,100
935,09:31:04,$ 3536.02,100
936,09:31:04,$ 3534.94,100
937,09:31:04,$ 3534.99,100
938,09:31:03,$ 3532.6541,300
939,09:31:01,$ 3533.95,100
940,09:31:00,$ 3531.4523,300
941,09:30:54,$ 3534.99,100
942,09:30:54,$ 3529.42,100
943,09:30:53,$ 3526.80,100
944,09:30:53,$ 3526.66,100
946,09:30:52,$ 3529.02,129
947,09:30:52,$ 3529.31,100
948,09:30:51,$ 3529.075,100
949,09:30:51,$ 3529.42,100
950,09:30:47,$ 3530.83,100
951,09:30:45,$ 3533.06,100
952,09:30:45,$ 3531.0875,100
953,09:30:45,$ 3529.31,100
954,09:30:45,$ 3533.96,100
955,09:30:45,$ 3533.785,100
956,09:30:45,$ 3534.76,100
957,09:30:43,$ 3530.13,100
958,09:30:43,$ 3530.37,100
959,09:30:42,$ 3532.40,100
960,09:30:41,$ 3532.71,100
961,09:30:39,$ 3531.525,100
962,09:30:39,$ 3533.7325,100
963,09:30:39,$ 3534.15,100
964,09:30:39,$ 3533.80,100
965,09:30:39,$ 3531.53,100
967,09:30:39,$ 3534.79,100
968,09:30:39,$ 3533.71,100
969,09:30:39,$ 3532.97,100
970,09:30:39,$ 3533.7225,100
971,09:30:39,$ 3534.08,100
972,09:30:39,$ 3534.99,100
973,09:30:37,$ 3535.165,100
974,09:30:37,$ 3535.165,100
975,09:30:36,$ 3534.2175,100
976,09:30:36,$ 3529.36,100
977,09:30:35,$ 3530.01,100
978,09:30:34,$ 3535.99,200
979,09:30:34,$ 3535.99,100
980,09:30:33,$ 3535.9899,300
981,09:30:33,$ 3529.36,100
982,09:30:32,$ 3533.47,100
983,09:30:32,$ 3533.4175,100
984,09:30:31,$ 3532.1175,100
985,09:30:31,$ 3533.95,100
986,09:30:31,$ 3531.805,100
988,09:30:27,$ 3530.40,100
989,09:30:25,$ 3529.94,100
990,09:30:23,$ 3529.495,150
991,09:30:21,$ 3528.55,200
992,09:30:21,$ 3528.55,100
993,09:30:21,$ 3529.25,100
994,09:30:21,$ 3529.25,100
995,09:30:19,$ 3529.25,150
996,09:30:19,$ 3533.9999,150
997,09:30:18,$ 3529.11,100
998,09:30:18,$ 3528.26,100
999,09:30:18,$ 3528.45,100
1000,09:30:17,$ 3528.50,100
1001,09:30:15,$ 3528.295,100
1002,09:30:14,$ 3526.885,100
1003,09:30:14,$ 3526.925,100
1004,09:30:14,$ 3526.73,100
1005,09:30:14,$ 3526.95,100
1006,09:30:14,$ 3526.59,100
1007,09:30:12,$ 3523.00,218
1009,09:30:12,$ 3526.37,200
1010,09:30:12,$ 3526.37,200
1011,09:30:12,$ 3524.42,100
1012,09:30:12,$ 3524.00,100
1013,09:30:12,$ 3527.76,400
1014,09:30:12,$ 3527.6361,110
1015,09:30:12,$ 3525.885,100
1016,09:30:11,$ 3528.49,800
1017,09:30:11,$ 3528.49,400
1018,09:30:11,$ 3526.265,100
1019,09:30:11,$ 3524.60,194
1020,09:30:10,$ 3528.50,200
1021,09:30:10,$ 3528.44,100
1022,09:30:10,$ 3527.62,100
1023,09:30:10,$ 3524.00,100
1024,09:30:10,$ 3529.3999,500
1025,09:30:09,$ 3529.40,400
1026,09:30:09,$ 3526.70,100
1027,09:30:08,$ 3527.20,"1,195"
1028,09:30:07,$ 3529.32,100
1030,09:30:07,$ 3528.56,100
1031,09:30:07,$ 3529.375,100
1032,09:30:06,$ 3524.01,100
1033,09:30:05,$ 3525.00,100
1034,09:30:05,$ 3525.15,100
1035,09:30:05,$ 3525.00,100
1036,09:30:05,$ 3526.00,100
1037,09:30:05,$ 3526.00,200
1038,09:30:04,$ 3526.5003,240
1039,09:30:03,$ 3527.495,100
1040,09:30:03,$ 3527.00,100
1041,09:30:02,$ 3530.40,100
1042,09:30:02,$ 3530.40,154
1043,09:30:02,$ 3529.51,100
1044,09:30:02,$ 3529.51,100
1045,09:30:02,$ 3529.61,100
1046,09:30:02,$ 3529.48,100
1047,09:30:02,$ 3532.58,1
1048,09:30:02,$ 3532.58,1
1049,09:30:02,$ 3532.58,2
1051,09:30:02,$ 3532.58,1
1052,09:30:02,$ 3532.58,1
1053,09:30:02,$ 3532.58,1
1054,09:30:02,$ 3532.58,2
1055,09:30:02,$ 3532.58,1
1056,09:30:02,$ 3532.58,1
1057,09:30:02,$ 3532.58,1
1058,09:30:02,$ 3532.58,14
1059,09:30:02,$ 3532.58,4
1060,09:30:02,$ 3532.58,1
1061,09:30:02,$ 3532.58,1
1062,09:30:02,$ 3532.58,1
1063,09:30:02,$ 3532.58,1
1064,09:30:02,$ 3532.58,2
1065,09:30:02,$ 3532.58,3
1066,09:30:02,$ 3532.58,3
1067,09:30:02,$ 3532.58,3
1068,09:30:02,$ 3532.58,1
1069,09:30:02,$ 3532.58,2
1070,09:30:02,$ 3532.58,2
1072,09:30:02,$ 3532.58,2
1073,09:30:02,$ 3532.58,2
1074,09:30:02,$ 3532.58,8
1075,09:30:02,$ 3532.58,1
1076,09:30:02,$ 3532.58,3
1077,09:30:02,$ 3532.58,5
1078,09:30:02,$ 3532.58,4
1079,09:30:02,$ 3532.58,17
1080,09:30:02,$ 3532.58,1
1081,09:30:02,$ 3532.58,2
1082,09:30:02,$ 3532.58,10
1083,09:30:02,$ 3532.58,4
1084,09:30:02,$ 3532.58,1
1085,09:30:02,$ 3532.58,2
1086,09:30:02,$ 3532.58,1
1087,09:30:02,$ 3532.58,1
1088,09:30:02,$ 3532.58,1
1089,09:30:02,$ 3532.58,1
1090,09:30:02,$ 3532.58,5
1091,09:30:02,$ 3532.58,2
1093,09:30:02,$ 3532.58,1
1094,09:30:02,$ 3532.58,50
1095,09:30:02,$ 3532.58,2
1096,09:30:02,$ 3532.58,2
1097,09:30:02,$ 3532.58,1
1098,09:30:02,$ 3532.58,1
1099,09:30:02,$ 3532.58,1
1100,09:30:02,$ 3532.58,7
1101,09:30:02,$ 3532.58,1
1102,09:30:02,$ 3532.58,2
1103,09:30:02,$ 3532.58,10
1104,09:30:02,$ 3532.58,1
1105,09:30:02,$ 3532.58,6
1106,09:30:02,$ 3532.58,1
1107,09:30:02,$ 3532.58,5
1108,09:30:02,$ 3532.58,10
1109,09:30:02,$ 3532.58,10
1110,09:30:02,$ 3532.58,2
1111,09:30:02,$ 3532.58,1
1112,09:30:02,$ 3532.58,1
1114,09:30:02,$ 3532.58,1
1115,09:30:02,$ 3532.58,1
1116,09:30:02,$ 3532.58,2
1117,09:30:02,$ 3532.58,2
1118,09:30:02,$ 3532.58,2
1119,09:30:02,$ 3532.58,2
1120,09:30:02,$ 3532.58,2
1121,09:30:02,$ 3532.58,1
1122,09:30:02,$ 3532.58,10
1123,09:30:02,$ 3532.58,1
1124,09:30:02,$ 3532.58,1
1125,09:30:02,$ 3532.58,2
1126,09:30:02,$ 3532.58,2
1127,09:30:02,$ 3532.58,10
1128,09:30:02,$ 3532.58,1
1129,09:30:02,$ 3532.58,2
1130,09:30:02,$ 3532.58,2
1131,09:30:02,$ 3532.58,1
1132,09:30:02,$ 3532.58,1
1133,09:30:02,$ 3532.58,1
1135,09:30:02,$ 3532.58,21
1136,09:30:02,$ 3532.58,5
1137,09:30:02,$ 3532.58,4
1138,09:30:02,$ 3532.58,3
1139,09:30:02,$ 3532.58,23
1140,09:30:02,$ 3532.58,4
1141,09:30:02,$ 3532.58,1
1142,09:30:02,$ 3532.58,1
1143,09:30:02,$ 3532.58,1
1144,09:30:02,$ 3532.58,1
1145,09:30:02,$ 3532.58,1
1146,09:30:02,$ 3532.58,1
1147,09:30:02,$ 3532.58,6
1148,09:30:02,$ 3532.58,3
1149,09:30:02,$ 3532.58,1
1150,09:30:02,$ 3532.58,2
1151,09:30:02,$ 3532.58,30
1152,09:30:02,$ 3532.58,15
1153,09:30:02,$ 3532.58,3
1154,09:30:02,$ 3532.58,1
1156,09:30:02,$ 3532.58,1
1157,09:30:02,$ 3532.58,8
1158,09:30:02,$ 3532.58,3
1159,09:30:02,$ 3532.58,4
1160,09:30:02,$ 3532.58,12
1161,09:30:02,$ 3532.58,1
1162,09:30:02,$ 3532.58,1
1163,09:30:02,$ 3532.58,2
1164,09:30:02,$ 3532.58,2
1165,09:30:02,$ 3532.58,121
1166,09:30:02,$ 3532.58,7
1167,09:30:02,$ 3532.58,2
1168,09:30:02,$ 3532.58,1
1169,09:30:02,$ 3532.58,2
1170,09:30:02,$ 3532.58,1
1171,09:30:02,$ 3532.58,3
1172,09:30:02,$ 3532.58,28
1173,09:30:02,$ 3532.58,2
1174,09:30:02,$ 3532.58,3
1175,09:30:02,$ 3532.58,6
1177,09:30:02,$ 3532.58,18
1178,09:30:02,$ 3532.58,8
1179,09:30:02,$ 3532.58,5
1180,09:30:02,$ 3532.58,55
1181,09:30:02,$ 3532.58,1
1182,09:30:02,$ 3532.58,28
1183,09:30:02,$ 3532.58,3
1184,09:30:02,$ 3532.58,3
1185,09:30:02,$ 3532.58,4
1186,09:30:02,$ 3532.58,3
1187,09:30:02,$ 3532.58,7
1188,09:30:02,$ 3532.58,2
1189,09:30:02,$ 3532.58,6
1190,09:30:01,$ 3532.58,2
1191,09:30:01,$ 3532.58,7
1192,09:30:01,$ 3532.58,10
1193,09:30:01,$ 3532.58,91
1194,09:30:01,$ 3532.58,10
1195,09:30:01,$ 3532.58,20
1196,09:30:01,$ 3532.58,4
1198,09:30:01,$ 3532.58,3
1199,09:30:01,$ 3532.58,2
1200,09:30:01,$ 3532.58,1
1201,09:30:01,$ 3532.58,280
1202,09:30:01,$ 3532.58,5
1203,09:30:01,$ 3532.58,13
1204,09:30:01,$ 3532.58,3
1205,09:30:01,$ 3532.58,18
1206,09:30:01,$ 3532.58,50
1207,09:30:01,$ 3532.58,4
1208,09:30:01,$ 3532.58,40
1209,09:30:01,$ 3532.58,10
1210,09:30:01,$ 3532.58,1
1211,09:30:01,$ 3532.58,3
1212,09:30:01,$ 3532.58,4
1213,09:30:01,$ 3532.58,5
1214,09:30:01,$ 3532.58,3
1215,09:30:01,$ 3532.58,3
1216,09:30:01,$ 3532.58,1
1217,09:30:01,$ 3532.58,3
1219,09:30:01,$ 3532.58,5
1220,09:30:01,$ 3532.58,2
1221,09:30:01,$ 3532.58,1
1222,09:30:01,$ 3532.58,4
1223,09:30:01,$ 3532.58,150
1224,09:30:01,$ 3532.58,1
1225,09:30:01,$ 3532.58,1
1226,09:30:01,$ 3532.58,4
1227,09:30:01,$ 3532.58,2
1228,09:30:01,$ 3532.58,6
1229,09:30:01,$ 3532.58,1
1230,09:30:01,$ 3532.58,1
1231,09:30:01,$ 3532.58,1
1232,09:30:01,$ 3532.58,12
1233,09:30:01,$ 3532.58,1
1234,09:30:01,$ 3532.58,5
1235,09:30:01,$ 3532.58,1
1236,09:30:01,$ 3532.58,1
1237,09:30:01,$ 3532.58,1
1238,09:30:01,$ 3532.58,3
1240,09:30:01,$ 3532.58,1
1241,09:30:01,$ 3532.58,2
1242,09:30:01,$ 3532.58,1
1243,09:30:01,$ 3532.58,1
1244,09:30:01,$ 3532.58,1
1245,09:30:01,$ 3532.58,1
1246,09:30:01,$ 3532.58,1
1247,09:30:01,$ 3532.58,1
1248,09:30:01,$ 3532.58,3
1249,09:30:01,$ 3532.58,1
1250,09:30:01,$ 3532.58,1
1251,09:30:01,$ 3532.58,1
1252,09:30:01,$ 3532.58,1
1253,09:30:01,$ 3532.58,1
1254,09:30:01,$ 3532.58,3
1255,09:30:01,$ 3532.58,1
1256,09:30:01,$ 3532.58,1
1257,09:30:01,$ 3532.58,1
1258,09:30:01,$ 3532.58,1
1259,09:30:01,$ 3532.58,1
1261,09:30:01,$ 3532.58,1
1262,09:30:01,$ 3532.58,1
1263,09:30:01,$ 3532.58,2
1264,09:30:01,$ 3532.58,1
1265,09:30:01,$ 3532.58,1
1266,09:30:01,$ 3532.58,1
1267,09:30:01,$ 3532.58,1
1268,09:30:01,$ 3532.58,1
1269,09:30:01,$ 3532.58,25
1270,09:30:01,$ 3532.58,1
1271,09:30:01,$ 3532.58,2
1272,09:30:01,$ 3532.58,1
1273,09:30:01,$ 3532.58,2
1274,09:30:01,$ 3532.58,1
1275,09:30:01,$ 3532.58,1
1276,09:30:01,$ 3532.58,1
1277,09:30:01,$ 3532.58,1
1278,09:30:01,$ 3532.58,1
1279,09:30:01,$ 3532.58,1
1280,09:30:01,$ 3532.58,1
1282,09:30:01,$ 3532.58,2
1283,09:30:01,$ 3532.58,14
1284,09:30:01,$ 3532.58,14
1285,09:30:01,$ 3532.58,2
1286,09:30:01,$ 3532.58,1
1287,09:30:01,$ 3532.58,1
1288,09:30:01,$ 3532.58,1
1289,09:30:01,$ 3532.58,3
1290,09:30:01,$ 3532.58,3
1291,09:30:01,$ 3532.58,5
1292,09:30:01,$ 3532.58,1
1293,09:30:01,$ 3532.58,1
1294,09:30:01,$ 3532.58,1
1295,09:30:01,$ 3532.58,1
1296,09:30:01,$ 3532.58,1
1297,09:30:01,$ 3532.58,1
1298,09:30:01,$ 3532.58,2
1299,09:30:01,$ 3532.58,1
1300,09:30:01,$ 3532.58,1
1301,09:30:01,$ 3532.58,1
1303,09:30:01,$ 3532.58,1
1304,09:30:01,$ 3532.58,10
1305,09:30:01,$ 3532.58,1
1306,09:30:01,$ 3532.58,1
1307,09:30:01,$ 3532.58,25
1308,09:30:01,$ 3532.58,1
1309,09:30:01,$ 3532.58,2
1310,09:30:01,$ 3532.58,3
1311,09:30:01,$ 3532.58,1
1312,09:30:01,$ 3532.58,1
1313,09:30:01,$ 3532.58,20
1314,09:30:01,$ 3532.58,3
1315,09:30:01,$ 3532.58,3
1316,09:30:01,$ 3532.58,1
1317,09:30:01,$ 3532.58,20
1318,09:30:01,$ 3532.58,2
1319,09:30:01,$ 3532.58,1
1320,09:30:01,$ 3532.58,1
1321,09:30:01,$ 3532.58,1
1322,09:30:01,$ 3532.58,6
1324,09:30:01,$ 3532.58,1
1325,09:30:01,$ 3532.58,2
1326,09:30:01,$ 3532.58,1
1327,09:30:01,$ 3532.58,4
1328,09:30:01,$ 3532.58,2
1329,09:30:01,$ 3532.58,5
1330,09:30:01,$ 3532.58,70
1331,09:30:01,$ 3532.58,5
1332,09:30:01,$ 3532.58,1
1333,09:30:01,$ 3532.58,1
1334,09:30:01,$ 3532.58,10
1335,09:30:01,$ 3532.58,4
1336,09:30:01,$ 3532.58,9
1337,09:30:01,$ 3532.58,10
1338,09:30:01,$ 3532.58,10
1339,09:30:01,$ 3532.58,2
1340,09:30:01,$ 3532.58,20
1341,09:30:01,$ 3532.58,50
1342,09:30:01,$ 3532.58,1
1343,09:30:01,$ 3532.58,5
1345,09:30:01,$ 3532.58,1
1346,09:30:01,$ 3532.58,1
1347,09:30:01,$ 3532.58,5
1348,09:30:01,$ 3532.58,1
1349,09:30:01,$ 3532.58,1
1350,09:30:01,$ 3532.58,15
1351,09:30:01,$ 3532.58,14
1352,09:30:01,$ 3532.58,2
1353,09:30:01,$ 3532.58,100
1354,09:30:01,$ 3532.58,5
1355,09:30:01,$ 3532.58,2
1356,09:30:01,$ 3532.58,5
1357,09:30:01,$ 3532.58,1
1358,09:30:01,$ 3532.58,1
1359,09:30:01,$ 3532.58,1
1360,09:30:01,$ 3532.58,1
1361,09:30:01,$ 3532.58,2
1362,09:30:01,$ 3532.58,1
1363,09:30:01,$ 3532.58,5
1364,09:30:01,$ 3532.58,6
1366,09:30:01,$ 3532.58,4
1367,09:30:01,$ 3532.58,1
1368,09:30:01,$ 3532.58,1
1369,09:30:01,$ 3532.58,15
1370,09:30:01,$ 3532.58,9
1371,09:30:01,$ 3532.58,3
1372,09:30:01,$ 3532.58,8
1373,09:30:01,$ 3532.58,1
1374,09:30:01,$ 3532.58,1
1375,09:30:01,$ 3532.58,5
1376,09:30:01,$ 3532.58,7
1377,09:30:01,$ 3532.58,1
1378,09:30:01,$ 3532.58,2
1379,09:30:01,$ 3532.58,2
1380,09:30:01,$ 3532.58,1
1381,09:30:01,$ 3532.58,3
1382,09:30:01,$ 3532.58,1
1383,09:30:01,$ 3532.58,2
1384,09:30:01,$ 3532.58,1
1385,09:30:01,$ 3532.58,3
1387,09:30:01,$ 3532.58,1
1388,09:30:01,$ 3532.58,1
1389,09:30:01,$ 3532.58,5
1390,09:30:01,$ 3532.58,1
1391,09:30:01,$ 3532.58,2
1392,09:30:01,$ 3532.58,4
1393,09:30:01,$ 3532.58,1
1394,09:30:01,$ 3532.58,1
1395,09:30:01,$ 3532.58,2
1396,09:30:01,$ 3532.58,5
1397,09:30:01,$ 3532.58,15
1398,09:30:01,$ 3532.58,1
1399,09:30:01,$ 3532.58,1
1400,09:30:01,$ 3532.58,1
1401,09:30:01,$ 3532.58,1
1402,09:30:01,$ 3532.58,1
1403,09:30:01,$ 3532.58,10
1404,09:30:01,$ 3532.58,2
1405,09:30:01,$ 3532.58,5
1406,09:30:01,$ 3532.58,12
1408,09:30:01,$ 3532.58,1
1409,09:30:01,$ 3532.58,2
1410,09:30:01,$ 3532.58,1
1411,09:30:01,$ 3529.65,100
1412,09:30:01,$ 3530.135,100
1413,09:30:01,$ 3532.58,6
1414,09:30:01,$ 3532.58,10
1415,09:30:01,$ 3532.58,1
1416,09:30:01,$ 3532.58,1
1417,09:30:01,$ 3532.58,1
1418,09:30:01,$ 3532.58,1
1419,09:30:01,$ 3532.58,2
1420,09:30:01,$ 3532.58,13
1421,09:30:01,$ 3532.58,1
1422,09:30:01,$ 3532.58,1
1423,09:30:01,$ 3532.58,14
1424,09:30:01,$ 3532.58,1
1425,09:30:01,$ 3532.58,7
1426,09:30:01,$ 3532.58,2
1427,09:30:01,$ 3532.58,1
1429,09:30:01,$ 3532.58,2
1430,09:30:01,$ 3532.58,5
1431,09:30:01,$ 3532.58,5
1432,09:30:01,$ 3532.58,1
1433,09:30:01,$ 3532.58,1
1434,09:30:01,$ 3532.58,1
1435,09:30:01,$ 3532.58,2
1436,09:30:01,$ 3532.58,1
1437,09:30:01,$ 3532.58,2
1438,09:30:01,$ 3532.58,1
1439,09:30:01,$ 3532.58,1
1440,09:30:01,$ 3532.58,3
1441,09:30:01,$ 3532.58,1
1442,09:30:01,$ 3532.58,1
1443,09:30:01,$ 3532.58,10
1444,09:30:01,$ 3532.58,12
1445,09:30:01,$ 3532.58,6
1446,09:30:01,$ 3532.58,2
1447,09:30:01,$ 3532.58,13
1448,09:30:01,$ 3532.58,19
1450,09:30:01,$ 3532.58,2
1451,09:30:01,$ 3532.58,3
1452,09:30:01,$ 3532.58,10
1453,09:30:01,$ 3532.58,7
1454,09:30:01,$ 3532.58,4
1455,09:30:01,$ 3532.58,2
1456,09:30:01,$ 3532.58,2
1457,09:30:01,$ 3532.58,2
1458,09:30:01,$ 3532.58,5
1459,09:30:01,$ 3532.58,1
1460,09:30:01,$ 3532.58,15
1461,09:30:01,$ 3532.58,1
1462,09:30:01,$ 3532.58,1
1463,09:30:01,$ 3532.58,1
1464,09:30:01,$ 3532.58,1
1465,09:30:01,$ 3532.58,1
1466,09:30:01,$ 3532.58,1
1467,09:30:01,$ 3532.58,1
1468,09:30:01,$ 3532.58,1
1469,09:30:01,$ 3532.58,1
1471,09:30:01,$ 3532.58,100
1472,09:30:01,$ 3532.58,25
1473,09:30:01,$ 3532.58,1
1474,09:30:01,$ 3532.58,10
1475,09:30:01,$ 3532.58,11
1476,09:30:01,$ 3532.58,1
1477,09:30:01,$ 3532.58,1
1478,09:30:01,$ 3532.58,1
1479,09:30:01,$ 3532.58,10
1480,09:30:01,$ 3532.58,1
1481,09:30:01,$ 3532.58,1
1482,09:30:01,$ 3532.58,1
1483,09:30:01,$ 3532.58,1
1484,09:30:01,$ 3532.58,1
1485,09:30:01,$ 3532.58,1
1486,09:30:01,$ 3532.58,1
1487,09:30:01,$ 3532.58,1
1488,09:30:01,$ 3532.58,1
1489,09:30:01,$ 3532.58,1
1490,09:30:01,$ 3532.58,1
1492,09:30:01,$ 3532.58,1
1493,09:30:01,$ 3532.58,1
1494,09:30:01,$ 3532.58,1
1495,09:30:01,$ 3532.58,1
1496,09:30:01,$ 3532.58,1
1497,09:30:01,$ 3532.58,1
1498,09:30:01,$ 3532.58,1
1499,09:30:01,$ 3532.58,1
1500,09:30:01,$ 3532.58,4
1501,09:30:01,$ 3532.58,1
1502,09:30:01,$ 3532.58,1
1503,09:30:01,$ 3532.58,1
1504,09:30:01,$ 3532.58,1
1505,09:30:01,$ 3532.58,1
1506,09:30:01,$ 3532.58,1
1507,09:30:01,$ 3532.58,1
1508,09:30:01,$ 3532.58,1
1509,09:30:01,$ 3532.58,1
1510,09:30:01,$ 3532.58,1
1511,09:30:01,$ 3532.58,1
1513,09:30:01,$ 3532.58,1
1514,09:30:01,$ 3532.58,1
1515,09:30:01,$ 3532.58,1
1516,09:30:01,$ 3532.58,1
1517,09:30:01,$ 3532.58,1
1518,09:30:01,$ 3532.58,1
1519,09:30:01,$ 3532.58,1
1520,09:30:01,$ 3532.58,1
1521,09:30:01,$ 3532.58,1
1522,09:30:01,$ 3532.58,1
1523,09:30:01,$ 3532.58,1
1524,09:30:01,$ 3532.58,1
1525,09:30:01,$ 3532.58,1
1526,09:30:01,$ 3532.58,1
1527,09:30:01,$ 3532.58,1
1528,09:30:01,$ 3532.58,1
1529,09:30:01,$ 3532.58,1
1530,09:30:01,$ 3532.58,1
1531,09:30:01,$ 3532.58,1
1532,09:30:01,$ 3532.58,1
1534,09:30:01,$ 3532.58,1
1535,09:30:01,$ 3532.58,1
1536,09:30:01,$ 3532.58,1
1537,09:30:01,$ 3532.58,1
1538,09:30:01,$ 3532.58,1
1539,09:30:01,$ 3532.58,1
1540,09:30:01,$ 3532.58,1
1541,09:30:01,$ 3532.58,1
1542,09:30:01,$ 3532.58,1
1543,09:30:01,$ 3532.58,1
1544,09:30:01,$ 3532.58,1
1545,09:30:01,$ 3532.58,1
1546,09:30:01,$ 3532.58,3
1547,09:30:01,$ 3532.58,1
1548,09:30:01,$ 3532.58,1
1549,09:30:01,$ 3532.58,1
1550,09:30:01,$ 3532.58,1
1551,09:30:01,$ 3532.58,1
1552,09:30:01,$ 3532.58,1
1553,09:30:01,$ 3532.58,1
1555,09:30:01,$ 3532.58,1
1556,09:30:01,$ 3532.58,1
1557,09:30:01,$ 3532.58,1
1558,09:30:01,$ 3532.58,1
1559,09:30:01,$ 3532.58,1
1560,09:30:01,$ 3532.58,3
1561,09:30:01,$ 3532.58,2
1562,09:30:01,$ 3532.58,3
1563,09:30:01,$ 3532.58,10
1564,09:30:01,$ 3532.58,1
1565,09:30:01,$ 3532.58,30
1566,09:30:01,$ 3532.58,1
1567,09:30:01,$ 3532.58,1
1568,09:30:01,$ 3532.58,1
1569,09:30:01,$ 3532.58,1
1570,09:30:01,$ 3532.58,2
1571,09:30:01,$ 3532.58,1
1572,09:30:01,$ 3532.58,2
1573,09:30:01,$ 3532.58,1
1574,09:30:01,$ 3532.58,2
1576,09:30:01,$ 3532.58,2
1577,09:30:01,$ 3532.58,2
1578,09:30:01,$ 3532.58,2
1579,09:30:01,$ 3532.58,1
1580,09:30:01,$ 3532.58,10
1581,09:30:01,$ 3532.58,3
1582,09:30:01,$ 3532.58,9
1583,09:30:01,$ 3532.58,1
1584,09:30:01,$ 3532.58,1
1585,09:30:01,$ 3532.58,2
1586,09:30:01,$ 3532.58,1
1587,09:30:01,$ 3532.58,5
1588,09:30:01,$ 3532.58,2
1589,09:30:01,$ 3532.58,10
1590,09:30:01,$ 3532.58,1
1591,09:30:01,$ 3532.58,1
1592,09:30:01,$ 3532.58,1
1593,09:30:01,$ 3532.58,1
1594,09:30:01,$ 3532.58,2
1595,09:30:01,$ 3532.58,10
1597,09:30:01,$ 3532.58,3
1598,09:30:01,$ 3532.58,1
1599,09:30:01,$ 3532.58,2
1600,09:30:01,$ 3532.58,1
1601,09:30:01,$ 3532.58,3
1602,09:30:01,$ 3532.58,1
1603,09:30:01,$ 3532.58,3
1604,09:30:01,$ 3532.58,1
1605,09:30:01,$ 3532.58,4
1606,09:30:01,$ 3532.58,1
1607,09:30:01,$ 3532.58,2
1608,09:30:01,$ 3532.58,1
1609,09:30:01,$ 3532.58,30
1610,09:30:01,$ 3532.58,1
1611,09:30:01,$ 3532.58,1
1612,09:30:01,$ 3532.58,1
1613,09:30:01,$ 3532.58,1
1614,09:30:01,$ 3532.58,35
1615,09:30:01,$ 3532.58,1
1616,09:30:01,$ 3532.58,5
1618,09:30:01,$ 3532.58,14
1619,09:30:01,$ 3532.58,2
1620,09:30:01,$ 3532.58,2
1621,09:30:01,$ 3532.58,1
1622,09:30:01,$ 3532.58,2
1623,09:30:01,$ 3532.58,1
1624,09:30:01,$ 3532.58,1
1625,09:30:01,$ 3532.58,3
1626,09:30:01,$ 3532.58,1
1627,09:30:01,$ 3532.58,1
1628,09:30:01,$ 3532.58,1
1629,09:30:01,$ 3532.58,1
1630,09:30:01,$ 3532.58,3
1631,09:30:01,$ 3532.58,2
1632,09:30:01,$ 3532.58,1
1633,09:30:01,$ 3532.58,1
1634,09:30:01,$ 3532.58,1
1635,09:30:01,$ 3532.58,1
1636,09:30:01,$ 3532.58,1
1637,09:30:01,$ 3532.58,1
1639,09:30:01,$ 3532.58,1
1640,09:30:01,$ 3532.58,1
1641,09:30:01,$ 3532.58,1
1642,09:30:01,$ 3532.58,1
1643,09:30:01,$ 3532.58,1
1644,09:30:01,$ 3532.58,1
1645,09:30:01,$ 3532.58,2
1646,09:30:01,$ 3532.58,14
1647,09:30:01,$ 3532.58,1
1648,09:30:01,$ 3532.58,3
1649,09:30:01,$ 3532.58,1
1650,09:30:01,$ 3532.58,1
1651,09:30:01,$ 3532.58,1
1652,09:30:01,$ 3532.58,1
1653,09:30:01,$ 3532.58,1
1654,09:30:01,$ 3532.58,1
1655,09:30:01,$ 3532.58,1
1656,09:30:01,$ 3532.58,1
1657,09:30:01,$ 3532.58,1
1658,09:30:01,$ 3532.58,1
1660,09:30:01,$ 3532.58,1
1661,09:30:01,$ 3532.58,1
1662,09:30:01,$ 3532.58,1
1663,09:30:01,$ 3532.58,1
1664,09:30:01,$ 3532.58,1
1665,09:30:01,$ 3532.58,1
1666,09:30:01,$ 3532.58,1
1667,09:30:01,$ 3532.58,1
1668,09:30:01,$ 3532.58,1
1669,09:30:01,$ 3532.58,1
1670,09:30:01,$ 3532.58,1
1671,09:30:01,$ 3532.58,1
1672,09:30:01,$ 3532.58,1
1673,09:30:01,$ 3532.58,1
1674,09:30:01,$ 3532.58,1
1675,09:30:01,$ 3532.58,1
1676,09:30:01,$ 3532.58,1
1677,09:30:01,$ 3532.58,1
1678,09:30:01,$ 3532.58,1
1679,09:30:01,$ 3532.58,1
1681,09:30:01,$ 3532.58,1
1682,09:30:01,$ 3532.58,1
1683,09:30:01,$ 3532.58,1
1684,09:30:01,$ 3532.58,1
1685,09:30:01,$ 3532.58,1
1686,09:30:01,$ 3532.58,1
1687,09:30:01,$ 3532.58,1
1688,09:30:01,$ 3532.58,1
1689,09:30:01,$ 3532.58,1
1690,09:30:01,$ 3532.58,1
1691,09:30:01,$ 3532.58,1
1692,09:30:01,$ 3532.58,1
1693,09:30:01,$ 3532.58,1
1694,09:30:01,$ 3532.58,1
1695,09:30:01,$ 3532.58,1
1696,09:30:01,$ 3532.58,1
1697,09:30:01,$ 3532.58,1
1698,09:30:01,$ 3532.58,1
1699,09:30:01,$ 3532.58,1
1700,09:30:01,$ 3532.58,1
1702,09:30:01,$ 3532.58,1
1703,09:30:01,$ 3532.58,1
1704,09:30:01,$ 3532.58,1
1705,09:30:01,$ 3532.58,1
1706,09:30:01,$ 3532.58,1
1707,09:30:01,$ 3532.58,1
1708,09:30:01,$ 3532.58,1
1709,09:30:01,$ 3532.58,1
1710,09:30:01,$ 3532.58,1
1711,09:30:01,$ 3532.58,1
1712,09:30:01,$ 3532.58,1
1713,09:30:01,$ 3532.58,1
1714,09:30:01,$ 3532.58,1
1715,09:30:01,$ 3532.58,1
1716,09:30:01,$ 3532.58,1
1717,09:30:01,$ 3532.58,1
1718,09:30:01,$ 3532.58,1
1719,09:30:01,$ 3532.58,1
1720,09:30:01,$ 3532.58,1
1721,09:30:01,$ 3532.58,1
1723,09:30:01,$ 3532.58,1
1724,09:30:01,$ 3532.58,1
1725,09:30:01,$ 3532.58,1
1726,09:30:01,$ 3532.58,1
1727,09:30:01,$ 3532.58,1
1728,09:30:01,$ 3532.58,1
1729,09:30:01,$ 3532.58,1
1730,09:30:01,$ 3532.58,1
1731,09:30:01,$ 3532.58,1
1732,09:30:01,$ 3532.58,1
1733,09:30:01,$ 3532.58,1
1734,09:30:01,$ 3532.58,1
1735,09:30:01,$ 3532.58,1
1736,09:30:01,$ 3532.58,1
1737,09:30:01,$ 3532.58,1
1738,09:30:01,$ 3532.58,1
1739,09:30:01,$ 3532.58,1
1740,09:30:01,$ 3532.58,1
1741,09:30:01,$ 3532.58,1
1742,09:30:01,$ 3532.58,1
1744,09:30:01,$ 3532.58,1
1745,09:30:01,$ 3532.58,1
1746,09:30:01,$ 3532.58,1
1747,09:30:01,$ 3532.58,1
1748,09:30:01,$ 3532.58,1
1749,09:30:01,$ 3532.58,1
1750,09:30:01,$ 3532.58,1
1751,09:30:01,$ 3532.58,1
1752,09:30:01,$ 3532.58,1
1753,09:30:01,$ 3532.58,1
1754,09:30:01,$ 3532.58,1
1755,09:30:01,$ 3532.58,1
1756,09:30:01,$ 3532.58,1
1757,09:30:01,$ 3532.58,1
1758,09:30:01,$ 3532.58,1
1759,09:30:01,$ 3532.58,1
1760,09:30:01,$ 3532.58,1
1761,09:30:01,$ 3532.58,1
1762,09:30:01,$ 3532.58,1
1763,09:30:01,$ 3532.58,1
1765,09:30:01,$ 3532.58,1
1766,09:30:01,$ 3532.58,1
1767,09:30:01,$ 3532.58,1
1768,09:30:01,$ 3532.58,1
1769,09:30:01,$ 3532.58,1
1770,09:30:01,$ 3532.58,1
1771,09:30:01,$ 3532.58,1
1772,09:30:01,$ 3532.58,1
1773,09:30:01,$ 3532.58,1
1774,09:30:01,$ 3532.58,1
1775,09:30:01,$ 3532.58,1
1776,09:30:01,$ 3532.58,1
1777,09:30:01,$ 3532.58,1
1778,09:30:01,$ 3532.58,1
1779,09:30:01,$ 3532.58,1
1780,09:30:01,$ 3532.58,1
1781,09:30:01,$ 3532.58,1
1782,09:30:01,$ 3532.58,1
1783,09:30:01,$ 3532.58,1
1784,09:30:01,$ 3532.58,1
1786,09:30:01,$ 3532.58,1
1787,09:30:01,$ 3532.58,3
1788,09:30:01,$ 3532.58,1
1789,09:30:01,$ 3532.58,1
1790,09:30:01,$ 3532.58,1
1791,09:30:01,$ 3532.58,1
1792,09:30:01,$ 3532.58,1
1793,09:30:01,$ 3532.58,1
1794,09:30:01,$ 3532.58,1
1795,09:30:01,$ 3532.58,1
1796,09:30:01,$ 3532.58,1
1797,09:30:01,$ 3532.58,1
1798,09:30:01,$ 3532.58,1
1799,09:30:01,$ 3532.58,1
1800,09:30:01,$ 3532.58,1
1801,09:30:01,$ 3532.58,1
1802,09:30:01,$ 3532.58,1
1803,09:30:01,$ 3532.58,1
1804,09:30:01,$ 3532.58,1
1805,09:30:01,$ 3532.58,1
1807,09:30:01,$ 3532.58,1
1808,09:30:01,$ 3532.58,1
1809,09:30:01,$ 3532.58,1
1810,09:30:01,$ 3532.58,1
1811,09:30:01,$ 3532.58,1
1812,09:30:01,$ 3532.58,1
1813,09:30:01,$ 3532.58,1
1814,09:30:01,$ 3532.58,1
1815,09:30:01,$ 3532.58,1
1816,09:30:01,$ 3532.58,18
1817,09:30:01,$ 3532.58,1
1818,09:30:01,$ 3532.58,1
1819,09:30:01,$ 3532.58,1
1820,09:30:01,$ 3532.58,1
1821,09:30:01,$ 3532.58,1
1822,09:30:01,$ 3532.58,1
1823,09:30:01,$ 3532.58,1
1824,09:30:01,$ 3532.58,1
1825,09:30:01,$ 3532.58,1
1826,09:30:01,$ 3532.58,1
1828,09:30:01,$ 3532.58,1
1829,09:30:01,$ 3532.58,1
1830,09:30:01,$ 3532.58,1
1831,09:30:01,$ 3532.58,1
1832,09:30:01,$ 3532.58,1
1833,09:30:01,$ 3532.58,1
1834,09:30:01,$ 3532.58,1
1835,09:30:01,$ 3532.58,1
1836,09:30:01,$ 3532.58,1
1837,09:30:01,$ 3532.58,1
1838,09:30:01,$ 3532.58,1
1839,09:30:01,$ 3532.58,1
1840,09:30:01,$ 3532.58,1
1841,09:30:01,$ 3532.58,1
1842,09:30:01,$ 3532.58,1
1843,09:30:01,$ 3532.58,1
1844,09:30:01,$ 3532.58,1
1845,09:30:01,$ 3532.58,1
1846,09:30:01,$ 3532.58,1
1847,09:30:01,$ 3532.58,1
1849,09:30:01,$ 3532.58,1
1850,09:30:01,$ 3532.58,1
1851,09:30:01,$ 3532.58,1
1852,09:30:01,$ 3532.58,1
1853,09:30:01,$ 3532.58,1
1854,09:30:01,$ 3532.58,1
1855,09:30:01,$ 3532.58,1
1856,09:30:01,$ 3532.58,1
1857,09:30:01,$ 3532.58,1
1858,09:30:01,$ 3532.58,1
1859,09:30:01,$ 3532.58,1
1860,09:30:01,$ 3532.58,1
1861,09:30:01,$ 3532.58,1
1862,09:30:01,$ 3532.58,1
1863,09:30:01,$ 3532.58,1
1864,09:30:01,$ 3532.58,1
1865,09:30:01,$ 3532.58,1
1866,09:30:01,$ 3532.58,1
1867,09:30:01,$ 3532.58,1
1868,09:30:01,$ 3532.58,1
1870,09:30:01,$ 3532.58,1
1871,09:30:01,$ 3532.58,1
1872,09:30:01,$ 3532.58,1
1873,09:30:01,$ 3532.58,1
1874,09:30:01,$ 3532.58,1
1875,09:30:01,$ 3532.58,1
1876,09:30:01,$ 3532.58,1
1877,09:30:01,$ 3532.58,1
1878,09:30:01,$ 3532.58,1
1879,09:30:01,$ 3532.58,1
1880,09:30:01,$ 3532.58,1
1881,09:30:01,$ 3532.58,1
1882,09:30:01,$ 3532.58,1
1883,09:30:01,$ 3532.58,1
1884,09:30:01,$ 3532.58,1
1885,09:30:01,$ 3532.58,1
1886,09:30:01,$ 3532.58,1
1887,09:30:01,$ 3532.58,1
1888,09:30:01,$ 3532.58,21
1889,09:30:01,$ 3532.58,1
1891,09:30:01,$ 3532.58,1
1892,09:30:01,$ 3532.58,127
1893,09:30:01,$ 3532.58,52
1894,09:30:01,$ 3532.58,1
1895,09:30:01,$ 3532.58,1
1896,09:30:01,$ 3532.58,1
1897,09:30:01,$ 3532.58,3
1898,09:30:01,$ 3532.58,1
1899,09:30:01,$ 3532.58,414
1900,09:30:01,$ 3532.58,2
1901,09:30:01,$ 3532.58,5
1902,09:30:01,$ 3532.58,3
1903,09:30:01,$ 3532.58,1
1904,09:30:01,$ 3532.58,4
1905,09:30:01,$ 3532.58,1
1906,09:30:01,$ 3532.58,2
1907,09:30:01,$ 3532.58,5
1908,09:30:01,$ 3532.58,3
1909,09:30:01,$ 3532.58,13
1910,09:30:01,$ 3532.58,37
1912,09:30:01,$ 3532.58,1
1913,09:30:01,$ 3532.58,4
1914,09:30:01,$ 3532.58,6
1915,09:30:01,$ 3532.58,3
1916,09:30:01,$ 3532.58,1
1917,09:30:01,$ 3530.20,100
1918,09:30:01,$ 3532.58,2
1919,09:30:01,$ 3532.58,1
1920,09:30:01,$ 3532.58,26
1921,09:30:01,$ 3532.58,2
1922,09:30:01,$ 3532.58,15
1923,09:30:01,$ 3532.58,4
1924,09:30:01,$ 3532.58,1
1925,09:30:01,$ 3532.58,41
1926,09:30:01,$ 3532.58,1
1927,09:30:01,$ 3532.58,1
1928,09:30:01,$ 3532.58,7
1929,09:30:01,$ 3532.58,3
1930,09:30:01,$ 3532.58,1
1931,09:30:01,$ 3532.58,1
1933,09:30:01,$ 3532.58,3
1934,09:30:01,$ 3532.58,3
1935,09:30:01,$ 3532.58,2
1936,09:30:01,$ 3532.58,2
1937,09:30:01,$ 3532.58,5
1938,09:30:01,$ 3532.58,1
1939,09:30:01,$ 3532.58,21
1940,09:30:01,$ 3532.58,1
1941,09:30:01,$ 3532.58,2
1942,09:30:01,$ 3532.58,1
1943,09:30:01,$ 3532.58,13
1944,09:30:01,$ 3532.58,3
1945,09:30:01,$ 3532.58,5
1946,09:30:01,$ 3532.58,1
1947,09:30:01,$ 3532.58,1
1948,09:30:01,$ 3532.58,2
1949,09:30:01,$ 3532.58,1
1950,09:30:01,$ 3532.58,3
1951,09:30:01,$ 3532.58,1
1952,09:30:01,$ 3532.58,50
1954,09:30:01,$ 3532.58,15
1955,09:30:01,$ 3532.58,3
1956,09:30:01,$ 3532.58,1
1957,09:30:01,$ 3532.58,1
1958,09:30:01,$ 3532.58,1
1959,09:30:01,$ 3532.58,7
1960,09:30:01,$ 3532.58,2
1961,09:30:01,$ 3532.58,1
1962,09:30:01,$ 3532.58,1
1963,09:30:01,$ 3532.58,2
1964,09:30:01,$ 3532.58,3
1965,09:30:01,$ 3532.58,11
1966,09:30:01,$ 3532.58,1
1967,09:30:01,$ 3532.58,1
1968,09:30:01,$ 3532.58,3
1969,09:30:01,$ 3532.58,3
1970,09:30:01,$ 3532.58,1
1971,09:30:01,$ 3532.58,6
1972,09:30:01,$ 3532.58,15
1973,09:30:01,$ 3532.58,1
1975,09:30:01,$ 3532.58,1
1976,09:30:01,$ 3532.58,6
1977,09:30:01,$ 3532.58,3
1978,09:30:01,$ 3532.58,1
1979,09:30:01,$ 3532.58,1
1980,09:30:01,$ 3532.58,1
1981,09:30:01,$ 3532.58,28
1982,09:30:01,$ 3532.58,1
1983,09:30:01,$ 3532.58,1
1984,09:30:01,$ 3532.58,8
1985,09:30:01,$ 3532.58,9
1986,09:30:01,$ 3532.58,5
1987,09:30:01,$ 3532.58,1
1988,09:30:01,$ 3532.58,1
1989,09:30:01,$ 3532.58,4
1990,09:30:01,$ 3532.58,1
1991,09:30:01,$ 3532.58,1
1992,09:30:01,$ 3532.58,1
1993,09:30:01,$ 3532.58,3
1994,09:30:01,$ 3532.58,1
1996,09:30:01,$ 3532.58,1
1997,09:30:01,$ 3532.58,1
1998,09:30:01,$ 3532.58,2
1999,09:30:01,$ 3532.58,12
2000,09:30:01,$ 3532.58,3
2001,09:30:01,$ 3532.58,10
2002,09:30:01,$ 3532.58,1
2003,09:30:01,$ 3532.58,10
2004,09:30:01,$ 3532.58,1
2005,09:30:01,$ 3532.58,2
2006,09:30:01,$ 3532.58,1
2007,09:30:01,$ 3532.58,2
2008,09:30:01,$ 3532.58,2
2009,09:30:01,$ 3532.58,2
2010,09:30:01,$ 3532.58,10
2011,09:30:01,$ 3532.58,2
2012,09:30:01,$ 3532.58,1
2013,09:30:01,$ 3532.58,1
2014,09:30:01,$ 3532.58,1
2015,09:30:01,$ 3532.58,1
2017,09:30:01,$ 3532.58,5
2018,09:30:01,$ 3532.58,1
2019,09:30:01,$ 3532.58,2
2020,09:30:01,$ 3532.58,2
2021,09:30:01,$ 3532.58,3
2022,09:30:01,$ 3532.58,2
2023,09:30:01,$ 3532.58,1
2024,09:30:01,$ 3532.58,1
2025,09:30:01,$ 3532.58,1
2026,09:30:01,$ 3532.58,2
2027,09:30:01,$ 3532.58,2
2028,09:30:01,$ 3532.58,2
2029,09:30:01,$ 3532.58,1
2030,09:30:01,$ 3532.58,3
2031,09:30:01,$ 3532.58,1
2032,09:30:01,$ 3532.58,13
2033,09:30:01,$ 3532.58,6
2034,09:30:01,$ 3532.58,1
2035,09:30:01,$ 3532.58,10
2036,09:30:01,$ 3532.58,4
2038,09:30:01,$ 3532.58,1
2039,09:30:01,$ 3532.58,2
2040,09:30:01,$ 3532.58,1
2041,09:30:01,$ 3532.58,1
2042,09:30:01,$ 3532.58,10
2043,09:30:01,$ 3532.58,4
2044,09:30:01,$ 3532.58,1
2045,09:30:01,$ 3532.58,3
2046,09:30:01,$ 3532.58,3
2047,09:30:01,$ 3532.58,1
2048,09:30:01,$ 3532.58,2
2049,09:30:01,$ 3532.58,1
2050,09:30:01,$ 3532.58,2
2051,09:30:01,$ 3532.58,1
2052,09:30:01,$ 3532.58,1
2053,09:30:01,$ 3532.58,1
2054,09:30:01,$ 3532.58,1
2055,09:30:01,$ 3532.58,1
2056,09:30:01,$ 3532.58,2
2057,09:30:01,$ 3532.58,1
2059,09:30:01,$ 3532.58,3
2060,09:30:01,$ 3532.58,1
2061,09:30:01,$ 3532.58,1
2062,09:30:01,$ 3532.58,1
2063,09:30:01,$ 3532.58,1
2064,09:30:01,$ 3532.58,1
2065,09:30:01,$ 3532.58,2
2066,09:30:01,$ 3532.58,2
2067,09:30:01,$ 3532.58,6
2068,09:30:01,$ 3532.58,5
2069,09:30:01,$ 3532.58,2
2070,09:30:01,$ 3532.58,1
2071,09:30:01,$ 3532.58,2
2072,09:30:01,$ 3532.58,1
2073,09:30:01,$ 3532.58,1
2074,09:30:01,$ 3532.58,2
2075,09:30:01,$ 3532.58,1
2076,09:30:01,$ 3532.58,1
2077,09:30:01,$ 3532.58,3
2078,09:30:01,$ 3532.58,1
2080,09:30:01,$ 3532.58,1
2081,09:30:01,$ 3532.58,1
2082,09:30:01,$ 3532.58,1
2083,09:30:01,$ 3532.58,1
2084,09:30:01,$ 3532.58,3
2085,09:30:01,$ 3532.58,23
2086,09:30:01,$ 3532.58,1
2087,09:30:01,$ 3532.58,16
2088,09:30:01,$ 3532.58,15
2089,09:30:01,$ 3532.58,20
2090,09:30:01,$ 3532.58,2
2091,09:30:01,$ 3532.58,2
2092,09:30:01,$ 3532.58,2
2093,09:30:01,$ 3532.58,3
2094,09:30:01,$ 3532.58,10
2095,09:30:01,$ 3532.58,1
2096,09:30:01,$ 3532.58,1
2097,09:30:01,$ 3532.58,1
2098,09:30:01,$ 3532.58,1
2099,09:30:01,$ 3532.58,3
2101,09:30:01,$ 3532.58,2
2102,09:30:01,$ 3532.58,3
2103,09:30:01,$ 3532.58,1
2104,09:30:01,$ 3532.58,2
2105,09:30:01,$ 3532.58,2
2106,09:30:01,$ 3532.58,2
2107,09:30:01,$ 3532.58,2
2108,09:30:01,$ 3532.58,1
2109,09:30:01,$ 3532.58,5
2110,09:30:01,$ 3532.58,1
2111,09:30:01,$ 3532.58,1
2112,09:30:01,$ 3532.58,1
2113,09:30:01,$ 3532.58,2
2114,09:30:01,$ 3532.58,2
2115,09:30:01,$ 3532.58,1
2116,09:30:01,$ 3532.58,10
2117,09:30:01,$ 3532.58,1
2118,09:30:01,$ 3532.58,5
2119,09:30:01,$ 3532.58,1
2120,09:30:01,$ 3532.58,10
2122,09:30:01,$ 3532.58,10
2123,09:30:01,$ 3532.58,1
2124,09:30:01,$ 3532.58,2
2125,09:30:01,$ 3532.58,10
2126,09:30:01,$ 3532.58,2
2127,09:30:01,$ 3532.58,39
2128,09:30:01,$ 3532.58,10
2129,09:30:01,$ 3532.58,5
2130,09:30:01,$ 3532.58,10
2131,09:30:01,$ 3532.58,1
2132,09:30:01,$ 3532.58,1
2133,09:30:01,$ 3532.58,2
2134,09:30:01,$ 3532.58,2
2135,09:30:01,$ 3532.58,1
2136,09:30:01,$ 3532.58,5
2137,09:30:01,$ 3532.58,10
2138,09:30:01,$ 3532.58,20
2139,09:30:01,$ 3532.58,5
2140,09:30:01,$ 3532.58,10
2141,09:30:01,$ 3532.58,12
2143,09:30:01,$ 3532.58,4
2144,09:30:01,$ 3532.58,1
2145,09:30:01,$ 3532.58,1
2146,09:30:01,$ 3532.58,2
2147,09:30:01,$ 3532.58,6
2148,09:30:01,$ 3532.58,1
2149,09:30:01,$ 3532.58,1
2150,09:30:01,$ 3532.58,1
2151,09:30:01,$ 3532.58,1
2152,09:30:01,$ 3532.58,5
2153,09:30:01,$ 3532.58,1
2154,09:30:01,$ 3532.58,2
2155,09:30:01,$ 3532.58,15
2156,09:30:01,$ 3532.58,10
2157,09:30:01,$ 3532.58,1
2158,09:30:01,$ 3532.58,3
2159,09:30:01,$ 3532.58,3
2160,09:30:01,$ 3532.58,1
2161,09:30:01,$ 3532.58,3
2162,09:30:01,$ 3532.58,1
2164,09:30:01,$ 3532.58,4
2165,09:30:01,$ 3532.58,3
2166,09:30:01,$ 3532.58,1
2167,09:30:01,$ 3532.58,1
2168,09:30:01,$ 3532.58,8
2169,09:30:01,$ 3532.58,2
2170,09:30:01,$ 3532.58,5
2171,09:30:01,$ 3532.58,1
2172,09:30:01,$ 3532.58,10
2173,09:30:01,$ 3532.58,1
2174,09:30:01,$ 3532.58,2
2175,09:30:01,$ 3532.58,1
2176,09:30:01,$ 3532.58,1
2177,09:30:01,$ 3532.58,8
2178,09:30:01,$ 3532.58,11
2179,09:30:01,$ 3532.58,9
2180,09:30:01,$ 3532.58,14
2181,09:30:01,$ 3532.58,1
2182,09:30:01,$ 3532.58,1
2183,09:30:01,$ 3532.58,1
2185,09:30:01,$ 3532.58,1
2186,09:30:01,$ 3532.58,1
2187,09:30:01,$ 3532.58,1
2188,09:30:01,$ 3532.58,3
2189,09:30:01,$ 3532.58,1
2190,09:30:01,$ 3532.58,15
2191,09:30:01,$ 3532.58,1
2192,09:30:01,$ 3532.58,234
2193,09:30:01,$ 3532.58,1
2194,09:30:01,$ 3532.58,1
2195,09:30:01,$ 3532.58,1
2196,09:30:01,$ 3532.58,3
2197,09:30:01,$ 3532.58,1
2198,09:30:01,$ 3532.58,2
2199,09:30:01,$ 3532.58,5
2200,09:30:01,$ 3532.58,1
2201,09:30:01,$ 3532.58,7
2202,09:30:01,$ 3532.58,2
2203,09:30:01,$ 3532.58,5
2204,09:30:01,$ 3532.58,16
2206,09:30:01,$ 3532.58,18
2207,09:30:01,$ 3532.58,28
2208,09:30:01,$ 3532.58,1
2209,09:30:01,$ 3532.58,153
2210,09:30:01,$ 3532.58,5
2211,09:30:01,$ 3532.58,26
2212,09:30:01,$ 3532.58,240
2213,09:30:01,$ 3532.58,8
2214,09:30:01,$ 3532.58,1
2215,09:30:01,$ 3532.58,20
2216,09:30:01,$ 3532.58,29
2217,09:30:01,$ 3532.58,3
2218,09:30:01,$ 3532.58,2
2219,09:30:01,$ 3532.58,1
2220,09:30:01,$ 3532.58,5
2221,09:30:01,$ 3532.58,16
2222,09:30:01,$ 3532.58,10
2223,09:30:01,$ 3532.58,4
2224,09:30:01,$ 3532.58,3
2225,09:30:01,$ 3532.58,20
2227,09:30:01,$ 3532.58,3
2228,09:30:01,$ 3532.58,2
2229,09:30:01,$ 3532.58,1
2230,09:30:01,$ 3532.58,5
2231,09:30:01,$ 3532.58,4
2232,09:30:01,$ 3532.58,4
2233,09:30:01,$ 3532.58,5
2234,09:30:01,$ 3532.58,3
2235,09:30:01,$ 3532.58,220
2236,09:30:01,$ 3532.58,4
2237,09:30:01,$ 3532.58,1
2238,09:30:01,$ 3532.58,2
2239,09:30:01,$ 3532.58,5
2240,09:30:01,$ 3532.58,1
2241,09:30:01,$ 3532.58,5
2242,09:30:01,$ 3532.58,10
2243,09:30:01,$ 3532.58,4
2244,09:30:01,$ 3532.58,1
2245,09:30:01,$ 3532.58,1
2246,09:30:01,$ 3532.58,2
2248,09:30:01,$ 3532.58,3
2249,09:30:01,$ 3532.58,1
2250,09:30:01,$ 3532.58,1
2251,09:30:01,$ 3532.58,1
2252,09:30:01,$ 3532.58,1
2253,09:30:01,$ 3532.58,1
2254,09:30:01,$ 3532.58,2
2255,09:30:01,$ 3532.58,30
2256,09:30:01,$ 3532.58,1
2257,09:30:01,$ 3532.58,1
2258,09:30:01,$ 3532.58,1
2259,09:30:01,$ 3532.58,20
2260,09:30:01,$ 3532.58,8
2261,09:30:01,$ 3532.58,1
2262,09:30:01,$ 3532.58,4
2263,09:30:01,$ 3532.58,10
2264,09:30:01,$ 3532.58,1
2265,09:30:01,$ 3532.58,1
2266,09:30:01,$ 3532.58,2
2267,09:30:01,$ 3532.58,"2,000"
2269,09:30:01,$ 3532.58,1
2270,09:30:01,$ 3532.58,1
2271,09:30:01,$ 3532.58,5
2272,09:30:01,$ 3532.58,5
2273,09:30:01,$ 3532.58,1
2274,09:30:01,$ 3532.58,1
2275,09:30:01,$ 3532.58,40
2276,09:30:01,$ 3532.58,1
2277,09:30:01,$ 3532.58,1
2278,09:30:01,$ 3532.58,1
2279,09:30:01,$ 3532.58,4
2280,09:30:01,$ 3532.58,4
2281,09:30:01,$ 3532.58,25
2282,09:30:01,$ 3532.58,1
2283,09:30:01,$ 3532.58,2
2284,09:30:01,$ 3532.58,25
2285,09:30:01,$ 3532.58,1
2286,09:30:01,$ 3532.58,1
2287,09:30:01,$ 3532.58,1
2288,09:30:01,$ 3532.58,2
2290,09:30:01,$ 3532.58,1
2291,09:30:01,$ 3532.58,1
2292,09:30:01,$ 3532.58,2
2293,09:30:01,$ 3532.58,2
2294,09:30:01,$ 3532.58,1
2295,09:30:01,$ 3532.58,3
2296,09:30:01,$ 3532.58,2
2297,09:30:01,$ 3532.58,3
2298,09:30:01,$ 3532.58,6
2299,09:30:01,$ 3532.58,1
2300,09:30:01,$ 3532.58,2
2301,09:30:01,$ 3532.58,8
2302,09:30:01,$ 3532.58,2
2303,09:30:01,$ 3532.58,2
2304,09:30:01,$ 3532.58,1
2305,09:30:01,$ 3532.58,1
2306,09:30:01,$ 3532.58,1
2307,09:30:01,$ 3532.58,1
2308,09:30:01,$ 3532.58,9
2309,09:30:01,$ 3532.58,2
2311,09:30:01,$ 3532.58,1
2312,09:30:01,$ 3532.58,12
2313,09:30:01,$ 3532.58,3
2314,09:30:01,$ 3532.58,17
2315,09:30:01,$ 3532.58,6
2316,09:30:01,$ 3532.58,1
2317,09:30:01,$ 3532.58,220
2318,09:30:01,$ 3532.58,3
2319,09:30:01,$ 3532.58,1
2320,09:30:01,$ 3532.58,10
2321,09:30:01,$ 3532.58,1
2322,09:30:01,$ 3532.58,3
2323,09:30:01,$ 3532.58,2
2324,09:30:01,$ 3532.58,6
2325,09:30:01,$ 3532.58,5
2326,09:30:01,$ 3532.58,85
2327,09:30:01,$ 3532.58,26
2328,09:30:01,$ 3532.58,1
2329,09:30:01,$ 3532.58,167
2330,09:30:01,$ 3532.58,1
2332,09:30:01,$ 3532.58,5
2333,09:30:01,$ 3532.58,4
2334,09:30:01,$ 3532.58,1
2335,09:30:01,$ 3532.58,4
2336,09:30:01,$ 3532.58,1
2337,09:30:01,$ 3532.58,1
2338,09:30:01,$ 3532.58,1
2339,09:30:01,$ 3532.58,1
2340,09:30:01,$ 3532.58,1
2341,09:30:01,$ 3532.58,405
2342,09:30:01,$ 3532.58,16
2343,09:30:01,$ 3532.58,2
2344,09:30:01,$ 3532.58,2
2345,09:30:01,$ 3532.58,2
2346,09:30:01,$ 3532.58,2
2347,09:30:01,$ 3532.58,1
2348,09:30:01,$ 3532.58,857
2349,09:30:01,$ 3532.58,3
2350,09:30:01,$ 3532.58,1
2351,09:30:01,$ 3532.58,1
2353,09:30:01,$ 3532.58,3
2354,09:30:01,$ 3532.58,938
2355,09:30:01,$ 3532.58,13
2356,09:30:01,$ 3532.58,15
2357,09:30:01,$ 3532.58,12
2358,09:30:01,$ 3532.58,1
2359,09:30:01,$ 3532.58,4
2360,09:30:01,$ 3532.58,3
2361,09:30:01,$ 3532.58,69
2362,09:30:01,$ 3532.58,1
2363,09:30:01,$ 3532.58,15
2364,09:30:01,$ 3532.58,1
2365,09:30:01,$ 3532.58,5
2366,09:30:01,$ 3532.58,1
2367,09:30:01,$ 3532.58,1
2368,09:30:01,$ 3532.58,1
2369,09:30:01,$ 3532.58,1
2370,09:30:01,$ 3532.58,2
2371,09:30:01,$ 3532.58,20
2372,09:30:01,$ 3532.58,50
2374,09:30:01,$ 3532.58,9
2375,09:30:01,$ 3532.58,1
2376,09:30:01,$ 3532.58,1
2377,09:30:01,$ 3532.58,2
2378,09:30:01,$ 3532.58,2
2379,09:30:01,$ 3532.58,7
2380,09:30:01,$ 3532.58,19
2381,09:30:01,$ 3532.58,12
2382,09:30:01,$ 3532.58,335
2383,09:30:01,$ 3532.58,1
2384,09:30:01,$ 3532.58,4
2385,09:30:01,$ 3532.58,9
2386,09:30:01,$ 3532.58,1
2387,09:30:01,$ 3532.58,1
2388,09:30:01,$ 3532.58,12
2389,09:30:01,$ 3532.58,1
2390,09:30:01,$ 3532.58,1
2391,09:30:01,$ 3532.58,1
2392,09:30:01,$ 3532.58,1
2393,09:30:01,$ 3532.58,14
2395,09:30:01,$ 3532.58,68
2396,09:30:01,$ 3532.58,1
2397,09:30:01,$ 3532.58,1
2398,09:30:01,$ 3532.58,1
2399,09:30:01,$ 3532.58,15
2400,09:30:01,$ 3532.58,2
2401,09:30:01,$ 3532.58,35
2402,09:30:01,$ 3532.58,30
2403,09:30:01,$ 3532.58,2
2404,09:30:01,$ 3532.58,1
2405,09:30:01,$ 3532.58,5
2406,09:30:01,$ 3532.58,126
2407,09:30:01,$ 3532.58,1
2408,09:30:01,$ 3532.58,3
2409,09:30:01,$ 3532.58,337
2410,09:30:01,$ 3532.58,3
2411,09:30:01,$ 3532.58,15
2412,09:30:01,$ 3532.58,3
2413,09:30:01,$ 3532.58,3
2414,09:30:01,$ 3532.58,20
2416,09:30:01,$ 3532.58,790
2417,09:30:01,$ 3532.58,2
2418,09:30:01,$ 3532.58,15
2419,09:30:01,$ 3532.58,170
2420,09:30:01,$ 3532.58,20
2421,09:30:01,$ 3532.58,1
2422,09:30:01,$ 3532.58,1
2423,09:30:01,$ 3532.58,1
2424,09:30:01,$ 3532.58,10
2425,09:30:01,$ 3532.58,13
2426,09:30:01,$ 3532.58,3
2427,09:30:01,$ 3532.58,5
2428,09:30:01,$ 3532.58,18
2429,09:30:01,$ 3532.58,6
2430,09:30:01,$ 3532.58,1
2431,09:30:01,$ 3532.58,84
2432,09:30:01,$ 3532.58,231
2433,09:30:01,$ 3532.58,20
2434,09:30:01,$ 3532.58,9
2435,09:30:01,$ 3532.58,2
2437,09:30:01,$ 3532.58,1
2438,09:30:01,$ 3532.58,300
2439,09:30:01,$ 3532.58,2
2440,09:30:01,$ 3532.58,2
2441,09:30:01,$ 3532.58,1
2442,09:30:01,$ 3532.58,3
2443,09:30:01,$ 3532.58,90
2444,09:30:01,$ 3532.58,5
2445,09:30:01,$ 3532.58,5
2446,09:30:01,$ 3532.58,1
2447,09:30:01,$ 3532.58,"1,500"
2448,09:30:01,$ 3532.58,3
2449,09:30:01,$ 3532.58,1
2450,09:30:01,$ 3532.58,11
2451,09:30:01,$ 3532.58,2
2452,09:30:01,$ 3532.58,3
2453,09:30:01,$ 3532.58,3
2454,09:30:01,$ 3532.58,1
2455,09:30:01,$ 3532.58,2
2456,09:30:01,$ 3532.58,1
2458,09:30:01,$ 3532.58,5
2459,09:30:01,$ 3532.58,20
2460,09:30:01,$ 3532.58,1
2461,09:30:01,$ 3532.58,26
2462,09:30:01,$ 3532.58,10
2463,09:30:01,$ 3532.58,1
2464,09:30:01,$ 3532.58,67
2465,09:30:01,$ 3532.58,300
2466,09:30:01,$ 3532.58,483
2467,09:30:01,$ 3532.58,20
2468,09:30:01,$ 3532.58,1
2469,09:30:01,$ 3532.58,1
2470,09:30:01,$ 3532.58,4
2471,09:30:01,$ 3532.58,60
2472,09:30:01,$ 3532.58,4
2473,09:30:01,$ 3532.58,21
2474,09:30:01,$ 3532.58,1
2475,09:30:01,$ 3532.58,21
2476,09:30:01,$ 3532.58,1
2477,09:30:01,$ 3532.58,1
2479,09:30:01,$ 3532.58,262
2480,09:30:01,$ 3532.58,2
2481,09:30:01,$ 3532.58,1
2482,09:30:01,$ 3532.58,71
2483,09:30:01,$ 3532.58,69
2484,09:30:01,$ 3532.58,1
2485,09:30:01,$ 3532.58,1
2486,09:30:01,$ 3532.58,32
2487,09:30:01,$ 3532.58,3
2488,09:30:01,$ 3532.58,2
2489,09:30:01,$ 3532.58,7
2490,09:30:01,$ 3532.58,1
2491,09:30:01,$ 3532.58,1
2492,09:30:01,$ 3532.58,4
2493,09:30:01,$ 3532.58,17
2494,09:30:01,$ 3532.58,17
2495,09:30:01,$ 3532.58,60
2496,09:30:01,$ 3532.58,85
2497,09:30:01,$ 3532.58,5
2498,09:30:01,$ 3532.58,1
2500,09:30:01,$ 3532.58,5
2501,09:30:01,$ 3532.58,1
2502,09:30:01,$ 3532.58,77
2503,09:30:01,$ 3532.58,40
2504,09:30:01,$ 3532.58,1
2505,09:30:01,$ 3532.58,1
2506,09:30:01,$ 3532.58,25
2507,09:30:01,$ 3532.58,200
2508,09:30:01,$ 3532.58,10
2509,09:30:01,$ 3532.58,1
2510,09:30:01,$ 3532.58,15
2511,09:30:01,$ 3532.58,100
2512,09:30:01,$ 3532.58,1
2513,09:30:01,$ 3532.58,7
2514,09:30:01,$ 3532.58,70
2515,09:30:01,$ 3532.58,1
2516,09:30:01,$ 3532.58,5
2517,09:30:01,$ 3532.58,1
2518,09:30:01,$ 3532.58,"1,822"
2519,09:30:01,$ 3532.58,430
2521,09:30:01,$ 3532.58,173
2522,09:30:01,$ 3532.58,500
2523,09:30:01,$ 3532.58,10
2524,09:30:01,$ 3532.58,1
2525,09:30:01,$ 3532.58,3
2526,09:30:01,$ 3532.58,1
2527,09:30:01,$ 3532.58,25
2528,09:30:01,$ 3532.58,7
2529,09:30:01,$ 3532.58,5
2530,09:30:01,$ 3532.58,2
2531,09:30:01,$ 3532.58,4
2532,09:30:01,$ 3532.58,9
2533,09:30:01,$ 3532.58,2
2534,09:30:01,$ 3532.58,1
2535,09:30:01,$ 3532.58,2
2536,09:30:01,$ 3532.58,18
2537,09:30:01,$ 3532.58,7
2538,09:30:01,$ 3532.58,227
2539,09:30:01,$ 3532.58,70
2540,09:30:01,$ 3532.58,"1,170"
2542,09:30:01,$ 3532.58,3
2543,09:30:01,$ 3532.58,1
2544,09:30:01,$ 3532.58,8
2545,09:30:01,$ 3532.58,11
2546,09:30:01,$ 3532.58,7
2547,09:30:01,$ 3532.58,6
2548,09:30:01,$ 3532.58,17
2549,09:30:01,$ 3532.58,7
2550,09:30:01,$ 3532.58,5
2551,09:30:01,$ 3532.58,17
2552,09:30:01,$ 3532.58,31
2553,09:30:01,$ 3532.58,205
2554,09:30:01,$ 3532.58,4
2555,09:30:01,$ 3532.58,21
2556,09:30:01,$ 3532.58,3
2557,09:30:01,$ 3532.58,100
2558,09:30:01,$ 3532.58,2
2559,09:30:01,$ 3532.58,2
2560,09:30:01,$ 3532.58,4
2561,09:30:01,$ 3532.58,3
2563,09:30:01,$ 3532.58,43
2564,09:30:01,$ 3532.58,60
2565,09:30:01,$ 3532.58,1
2566,09:30:01,$ 3532.58,5
2567,09:30:01,$ 3532.58,18
2568,09:30:01,$ 3532.58,2
2569,09:30:01,$ 3532.58,130
2570,09:30:01,$ 3532.58,189
2571,09:30:01,$ 3532.58,1
2572,09:30:01,$ 3532.58,"2,117"
2573,09:30:01,$ 3532.58,1
2574,09:30:01,$ 3532.58,1
2575,09:30:01,$ 3532.58,141
2576,09:30:01,$ 3532.58,1
2577,09:30:01,$ 3532.58,3
2578,09:30:01,$ 3532.58,61
2579,09:30:01,$ 3532.58,6
2580,09:30:01,$ 3532.58,1
2581,09:30:01,$ 3532.58,47
2582,09:30:01,$ 3532.58,5
2584,09:30:01,$ 3532.58,51
2585,09:30:01,$ 3532.58,4
2586,09:30:01,$ 3532.58,1
2587,09:30:01,$ 3532.58,3
2588,09:30:01,$ 3532.58,"1,333"
2589,09:30:01,$ 3532.58,3
2590,09:30:01,$ 3532.58,15
2591,09:30:01,$ 3532.58,634
2592,09:30:01,$ 3532.58,194
2593,09:30:01,$ 3532.58,1
2594,09:30:01,$ 3532.58,15
2595,09:30:01,$ 3532.58,7
2596,09:30:01,$ 3532.58,1
2597,09:30:01,$ 3532.58,1
2598,09:30:01,$ 3532.58,1
2599,09:30:01,$ 3532.58,6
2600,09:30:01,$ 3532.58,2
2601,09:30:01,$ 3532.58,18
2602,09:30:01,$ 3532.58,3
2603,09:30:01,$ 3532.58,5
2605,09:30:01,$ 3532.58,1
2606,09:30:01,$ 3532.58,4
2607,09:30:01,$ 3532.58,56
2608,09:30:01,$ 3532.58,110
2609,09:30:01,$ 3532.58,254
2610,09:30:01,$ 3532.58,10
2611,09:30:01,$ 3532.58,100
2612,09:30:01,$ 3532.58,13
2613,09:30:01,$ 3532.58,"1,800"
2614,09:30:01,$ 3532.58,100
2615,09:30:01,$ 3532.58,200
2616,09:30:01,$ 3532.58,2
2617,09:30:01,$ 3532.58,8
2618,09:30:01,$ 3532.58,42
2619,09:30:01,$ 3530.00,100
2620,09:30:01,$ 3532.58,6
2621,09:30:01,$ 3532.58,43
2622,09:30:01,$ 3532.58,2
2623,09:30:01,$ 3532.58,2
2624,09:30:01,$ 3532.58,70
2626,09:30:01,$ 3532.58,1
2627,09:30:01,$ 3532.58,2
2628,09:30:01,$ 3532.58,2
2629,09:30:01,$ 3532.58,2
2630,09:30:01,$ 3532.58,3
2631,09:30:01,$ 3532.58,2
2632,09:30:01,$ 3532.58,1
2633,09:30:01,$ 3532.58,2
2634,09:30:01,$ 3532.58,1
2635,09:30:01,$ 3532.58,2
2636,09:30:01,$ 3532.58,1
2637,09:30:01,$ 3532.58,59
2638,09:30:01,$ 3532.58,4
2639,09:30:01,$ 3532.58,1
2640,09:30:01,$ 3532.58,2
2641,09:30:01,$ 3532.58,3
2642,09:30:01,$ 3532.58,1
2643,09:30:01,$ 3532.58,2
2644,09:30:01,$ 3532.58,1
2645,09:30:01,$ 3532.58,3
2647,09:30:01,$ 3532.58,12
2648,09:30:01,$ 3532.58,1
2649,09:30:01,$ 3532.58,11
2650,09:30:01,$ 3532.58,1
2651,09:30:01,$ 3532.58,190
2652,09:30:01,$ 3532.58,1
2653,09:30:01,$ 3532.58,6
2654,09:30:01,$ 3532.58,4
2655,09:30:01,$ 3532.58,4
2656,09:30:01,$ 3532.58,1
2657,09:30:01,$ 3532.58,2
2658,09:30:01,$ 3532.58,1
2659,09:30:01,$ 3532.58,1
2660,09:30:01,$ 3532.58,2
2661,09:30:01,$ 3532.58,2
2662,09:30:01,$ 3532.58,82
2663,09:30:01,$ 3532.58,2
2664,09:30:01,$ 3532.58,1
2665,09:30:01,$ 3532.58,5
2666,09:30:01,$ 3532.58,2
2668,09:30:01,$ 3532.58,4
2669,09:30:01,$ 3532.58,1
2670,09:30:01,$ 3532.58,2
2671,09:30:01,$ 3532.58,1
2672,09:30:01,$ 3532.58,10
2673,09:30:01,$ 3532.58,5
2674,09:30:01,$ 3532.58,23
2675,09:30:01,$ 3532.58,1
2676,09:30:01,$ 3532.58,2
2677,09:30:01,$ 3532.58,1
2678,09:30:01,$ 3532.58,1
2679,09:30:01,$ 3532.58,2
2680,09:30:01,$ 3532.58,1
2681,09:30:01,$ 3532.58,1
2682,09:30:01,$ 3532.58,1
2683,09:30:01,$ 3532.58,3
2684,09:30:01,$ 3532.58,1
2685,09:30:01,$ 3532.58,7
2686,09:30:01,$ 3532.58,2
2687,09:30:01,$ 3532.58,2
2689,09:30:01,$ 3532.58,1
2690,09:30:01,$ 3532.58,1
2691,09:30:01,$ 3532.58,1
2692,09:30:01,$ 3532.58,1
2693,09:30:01,$ 3532.58,1
2694,09:30:01,$ 3532.58,1
2695,09:30:01,$ 3532.58,1
2696,09:30:01,$ 3532.58,1
2697,09:30:01,$ 3532.58,1
2698,09:30:01,$ 3532.58,1
2699,09:30:01,$ 3532.58,1
2700,09:30:01,$ 3532.58,1
2701,09:30:01,$ 3532.58,2
2702,09:30:01,$ 3532.58,1
2703,09:30:01,$ 3532.58,1
2704,09:30:01,$ 3532.58,2
2705,09:30:01,$ 3532.58,1
2706,09:30:01,$ 3532.58,2
2707,09:30:01,$ 3532.58,1
2708,09:30:01,$ 3532.58,1
2710,09:30:01,$ 3532.58,1
2711,09:30:01,$ 3532.58,1
2712,09:30:01,$ 3532.58,1
2713,09:30:01,$ 3532.58,1
2714,09:30:01,$ 3532.58,1
2715,09:30:01,$ 3532.58,10
2716,09:30:01,$ 3532.58,30
2717,09:30:01,$ 3532.58,5
2718,09:30:01,$ 3532.58,6
2719,09:30:01,$ 3532.58,2
2720,09:30:01,$ 3532.58,4
2721,09:30:01,$ 3532.58,9
2722,09:30:01,$ 3532.58,1
2723,09:30:01,$ 3532.58,2
2724,09:30:01,$ 3532.58,1
2725,09:30:01,$ 3532.58,1
2726,09:30:01,$ 3532.58,1
2727,09:30:01,$ 3532.58,1
2728,09:30:01,$ 3532.58,1
2729,09:30:01,$ 3532.58,1
2731,09:30:01,$ 3532.58,1
2732,09:30:01,$ 3532.58,2
2733,09:30:01,$ 3532.58,1
2734,09:30:01,$ 3532.58,1
2735,09:30:01,$ 3532.58,1
2736,09:30:01,$ 3532.58,1
2737,09:30:01,$ 3532.58,1
2738,09:30:01,$ 3532.58,1
2739,09:30:01,$ 3532.58,3
2740,09:30:01,$ 3532.58,3
2741,09:30:01,$ 3532.58,2
2742,09:30:01,$ 3532.58,1
2743,09:30:01,$ 3532.58,1
2744,09:30:01,$ 3532.58,1
2745,09:30:01,$ 3532.58,13
2746,09:30:01,$ 3532.58,3
2747,09:30:01,$ 3532.58,1
2748,09:30:01,$ 3532.58,1
2749,09:30:01,$ 3532.58,2
2750,09:30:01,$ 3532.58,5
2752,09:30:01,$ 3532.58,3
2753,09:30:01,$ 3532.58,1
2754,09:30:01,$ 3532.58,2
2755,09:30:01,$ 3532.58,1
2756,09:30:01,$ 3532.58,8
2757,09:30:01,$ 3532.58,10
2758,09:30:01,$ 3532.58,13
2759,09:30:01,$ 3532.58,11
2760,09:30:01,$ 3532.58,2
2761,09:30:01,$ 3532.58,2
2762,09:30:01,$ 3532.58,2
2763,09:30:01,$ 3532.58,1
2764,09:30:01,$ 3532.58,3
2765,09:30:01,$ 3532.58,28
2766,09:30:01,$ 3532.58,1
2767,09:30:01,$ 3532.58,1
2768,09:30:01,$ 3532.58,2
2769,09:30:01,$ 3532.58,1
2770,09:30:01,$ 3532.58,2
2771,09:30:01,$ 3532.58,509
2773,09:30:01,$ 3532.58,163
2774,09:30:01,$ 3532.58,2
2775,09:30:01,$ 3532.58,1
2776,09:30:01,$ 3532.58,1
2777,09:30:01,$ 3532.58,3
2778,09:30:01,$ 3532.58,1
2779,09:30:01,$ 3532.58,1
2780,09:30:01,$ 3532.58,3
2781,09:30:01,$ 3532.58,1
2782,09:30:01,$ 3532.58,1
2783,09:30:01,$ 3532.58,11
2784,09:30:01,$ 3532.58,1
2785,09:30:01,$ 3532.58,44
2786,09:30:01,$ 3532.58,5
2787,09:30:01,$ 3532.58,5
2788,09:30:01,$ 3532.58,1
2789,09:30:01,$ 3532.58,95
2790,09:30:01,$ 3532.58,19
2791,09:30:01,$ 3532.58,3
2792,09:30:01,$ 3532.58,30
2794,09:30:01,$ 3532.58,3
2795,09:30:01,$ 3532.58,1
2796,09:30:01,$ 3532.58,1
2797,09:30:01,$ 3532.58,2
2798,09:30:01,$ 3532.58,3
2799,09:30:01,$ 3532.58,1
2800,09:30:01,$ 3532.58,2
2801,09:30:01,$ 3532.58,1
2802,09:30:01,$ 3532.58,282
2803,09:30:01,$ 3532.58,1
2804,09:30:01,$ 3532.58,1
2805,09:30:01,$ 3532.58,15
2806,09:30:01,$ 3532.58,7
2807,09:30:01,$ 3532.58,7
2808,09:30:01,$ 3532.58,3
2809,09:30:01,$ 3532.58,3
2810,09:30:01,$ 3532.58,3
2811,09:30:01,$ 3532.58,1
2812,09:30:01,$ 3532.58,1
2813,09:30:01,$ 3532.58,1
2815,09:30:01,$ 3532.58,1
2816,09:30:01,$ 3532.58,46
2817,09:30:01,$ 3532.58,3
2818,09:30:01,$ 3532.58,2
2819,09:30:01,$ 3532.58,5
2820,09:30:01,$ 3532.58,1
2821,09:30:01,$ 3532.58,12
2822,09:30:01,$ 3532.58,1
2823,09:30:01,$ 3532.58,1
2824,09:30:01,$ 3532.58,1
2825,09:30:01,$ 3532.58,1
2826,09:30:01,$ 3532.58,1
2827,09:30:01,$ 3532.58,2
2828,09:30:01,$ 3532.58,2
2829,09:30:01,$ 3532.58,2
2830,09:30:01,$ 3532.58,1
2831,09:30:01,$ 3532.58,1
2832,09:30:01,$ 3532.58,1
2833,09:30:01,$ 3532.58,1
2834,09:30:01,$ 3532.58,1
2836,09:30:01,$ 3532.58,8
2837,09:30:01,$ 3532.58,3
2838,09:30:01,$ 3532.58,5
2839,09:30:01,$ 3532.58,2
2840,09:30:01,$ 3532.58,1
2841,09:30:01,$ 3532.58,1
2842,09:30:01,$ 3532.58,1
2843,09:30:01,$ 3532.58,10
2844,09:30:01,$ 3532.58,2
2845,09:30:01,$ 3532.58,2
2846,09:30:01,$ 3532.58,1
2847,09:30:01,$ 3532.58,2
2848,09:30:01,$ 3532.58,5
2849,09:30:01,$ 3532.58,30
2850,09:30:01,$ 3532.58,30
2851,09:30:01,$ 3532.58,1
2852,09:30:01,$ 3532.58,75
2853,09:30:01,$ 3532.58,26
2854,09:30:01,$ 3532.58,65
2855,09:30:01,$ 3532.58,1
2857,09:30:01,$ 3532.58,1
2858,09:30:01,$ 3532.58,1
2859,09:30:01,$ 3532.58,1
2860,09:30:01,$ 3532.58,6
2861,09:30:01,$ 3532.58,1
2862,09:30:01,$ 3532.58,12
2863,09:30:01,$ 3532.58,2
2864,09:30:01,$ 3532.58,1
2865,09:30:01,$ 3532.58,2
2866,09:30:01,$ 3532.58,1
2867,09:30:01,$ 3532.58,1
2868,09:30:01,$ 3532.58,1
2869,09:30:01,$ 3532.58,1
2870,09:30:01,$ 3532.58,35
2871,09:30:01,$ 3532.58,46
2872,09:30:01,$ 3532.58,19
2873,09:30:01,$ 3532.58,8
2874,09:30:01,$ 3532.58,1
2875,09:30:01,$ 3532.58,3
2876,09:30:01,$ 3532.58,5
2878,09:30:01,$ 3532.58,1
2879,09:30:01,$ 3532.58,2
2880,09:30:01,$ 3532.58,1
2881,09:30:01,$ 3532.58,1
2882,09:30:01,$ 3532.58,1
2883,09:30:01,$ 3532.58,5
2884,09:30:01,$ 3532.58,3
2885,09:30:01,$ 3532.58,1
2886,09:30:01,$ 3532.58,17
2887,09:30:01,$ 3532.58,5
2888,09:30:01,$ 3532.58,1
2889,09:30:01,$ 3532.58,1
2890,09:30:01,$ 3532.58,29
2891,09:30:01,$ 3532.58,1
2892,09:30:01,$ 3532.58,3
2893,09:30:01,$ 3532.58,400
2894,09:30:01,$ 3532.58,1
2895,09:30:01,$ 3532.58,1
2896,09:30:01,$ 3532.58,2
2897,09:30:01,$ 3532.58,1
2899,09:30:01,$ 3532.58,2
2900,09:30:01,$ 3532.58,1
2901,09:30:01,$ 3532.58,9
2902,09:30:01,$ 3532.58,1
2903,09:30:01,$ 3532.58,1
2904,09:30:01,$ 3532.58,25
2905,09:30:01,$ 3532.58,1
2906,09:30:01,$ 3532.58,1
2907,09:30:01,$ 3532.58,1
2908,09:30:01,$ 3532.58,11
2909,09:30:01,$ 3532.58,1
2910,09:30:01,$ 3532.58,2
2911,09:30:01,$ 3532.58,1
2912,09:30:01,$ 3532.58,25
2913,09:30:01,$ 3532.58,4
2914,09:30:01,$ 3532.58,1
2915,09:30:01,$ 3532.58,11
2916,09:30:01,$ 3532.58,13
2917,09:30:01,$ 3532.58,2
2918,09:30:01,$ 3532.58,2
2920,09:30:01,$ 3532.58,15
2921,09:30:01,$ 3532.58,5
2922,09:30:01,$ 3532.58,1
2923,09:30:01,$ 3532.58,10
2924,09:30:01,$ 3532.58,3
2925,09:30:01,$ 3532.58,5
2926,09:30:01,$ 3532.58,8
2927,09:30:01,$ 3532.58,4
2928,09:30:01,$ 3532.58,1
2929,09:30:01,$ 3532.58,1
2930,09:30:01,$ 3532.58,1
2931,09:30:01,$ 3532.58,1
2932,09:30:01,$ 3532.58,4
2933,09:30:01,$ 3532.58,1
2934,09:30:01,$ 3532.58,1
2935,09:30:01,$ 3532.58,5
2936,09:30:01,$ 3532.58,1
2937,09:30:01,$ 3532.58,1
2938,09:30:01,$ 3532.58,3
2939,09:30:01,$ 3532.58,1
2941,09:30:01,$ 3532.58,1
2942,09:30:01,$ 3532.58,1
2943,09:30:01,$ 3532.58,1
2944,09:30:01,$ 3532.58,3
2945,09:30:01,$ 3532.58,1
2946,09:30:01,$ 3532.58,1
2947,09:30:01,$ 3532.58,2
2948,09:30:01,$ 3532.58,1
2949,09:30:01,$ 3532.58,3
2950,09:30:01,$ 3532.58,1
2951,09:30:01,$ 3532.58,1
2952,09:30:01,$ 3532.58,35
2953,09:30:01,$ 3532.58,1
2954,09:30:01,$ 3532.58,3
2955,09:30:01,$ 3532.58,60
2956,09:30:01,$ 3532.58,1
2957,09:30:01,$ 3532.58,10
2958,09:30:01,$ 3532.58,5
2959,09:30:01,$ 3532.58,1
2960,09:30:01,$ 3532.58,1
2962,09:30:01,$ 3532.58,1
2963,09:30:01,$ 3532.58,2
2964,09:30:01,$ 3532.58,1
2965,09:30:01,$ 3532.58,2
2966,09:30:01,$ 3532.58,1
2967,09:30:01,$ 3532.58,1
2968,09:30:01,$ 3532.58,5
2969,09:30:01,$ 3532.58,1
2970,09:30:01,$ 3532.58,1
2971,09:30:01,$ 3532.58,1
2972,09:30:01,$ 3532.58,1
2973,09:30:01,$ 3532.58,3
2974,09:30:01,$ 3532.58,1
2975,09:30:01,$ 3532.58,1
2976,09:30:01,$ 3532.58,1
2977,09:30:01,$ 3532.58,25
2978,09:30:01,$ 3532.58,1
2979,09:30:01,$ 3532.58,3
2980,09:30:01,$ 3532.58,1
2981,09:30:01,$ 3532.58,1
2983,09:30:01,$ 3532.58,1
2984,09:30:01,$ 3532.58,4
2985,09:30:01,$ 3532.58,14
2986,09:30:01,$ 3532.58,1
2987,09:30:01,$ 3532.58,1
2988,09:30:01,$ 3532.58,1
2989,09:30:01,$ 3532.58,1
2990,09:30:01,$ 3532.58,1
2991,09:30:01,$ 3532.58,10
2992,09:30:01,$ 3532.58,1
2993,09:30:01,$ 3532.58,10
2994,09:30:01,$ 3532.58,2
2995,09:30:01,$ 3532.58,5
2996,09:30:01,$ 3532.58,4
2997,09:30:01,$ 3532.58,1
2998,09:30:01,$ 3532.58,5
2999,09:30:01,$ 3532.58,5
3000,09:30:01,$ 3532.58,2
3001,09:30:01,$ 3532.58,2
3002,09:30:01,$ 3532.58,10
3004,09:30:01,$ 3532.58,1
3005,09:30:01,$ 3532.58,1
3006,09:30:01,$ 3532.58,1
3007,09:30:01,$ 3532.58,1
3008,09:30:01,$ 3532.58,1
3009,09:30:01,$ 3532.58,15
3010,09:30:01,$ 3532.58,48
3011,09:30:01,$ 3532.58,12
3012,09:30:01,$ 3532.58,2
3013,09:30:01,$ 3532.58,5
3014,09:30:01,$ 3532.58,7
3015,09:30:01,$ 3532.58,1
3016,09:30:01,$ 3532.58,2
3017,09:30:01,$ 3532.58,8
3018,09:30:01,$ 3532.58,2
3019,09:30:01,$ 3532.58,1
3020,09:30:01,$ 3532.58,15
3021,09:30:01,$ 3532.58,5
3022,09:30:01,$ 3532.58,1
3023,09:30:01,$ 3532.58,1
3025,09:30:01,$ 3532.58,1
3026,09:30:01,$ 3532.58,1
3027,09:30:01,$ 3532.58,3
3028,09:30:01,$ 3532.58,1
3029,09:30:01,$ 3532.58,1
3030,09:30:01,$ 3532.58,1
3031,09:30:01,$ 3532.58,1
3032,09:30:01,$ 3532.58,14
3033,09:30:01,$ 3532.58,1
3034,09:30:01,$ 3532.58,2
3035,09:30:01,$ 3532.58,2
3036,09:30:01,$ 3532.58,2
3037,09:30:01,$ 3532.58,1
3038,09:30:01,$ 3532.58,2
3039,09:30:01,$ 3532.58,1
3040,09:30:01,$ 3532.58,3
3041,09:30:01,$ 3532.58,5
3042,09:30:01,$ 3532.58,1
3043,09:30:01,$ 3532.58,1
3044,09:30:01,$ 3532.58,30
3046,09:30:01,$ 3532.58,1
3047,09:30:01,$ 3532.58,1
3048,09:30:01,$ 3532.58,1
3049,09:30:01,$ 3532.58,1
3050,09:30:01,$ 3532.58,4
3051,09:30:01,$ 3532.58,20
3052,09:30:01,$ 3532.58,5
3053,09:30:01,$ 3532.58,1
3054,09:30:01,$ 3532.58,1
3055,09:30:01,$ 3532.58,1
3056,09:30:01,$ 3532.58,5
3057,09:30:01,$ 3532.58,1
3058,09:30:01,$ 3532.58,2
3059,09:30:01,$ 3532.58,1
3060,09:30:01,$ 3532.58,1
3061,09:30:01,$ 3532.58,2
3062,09:30:01,$ 3532.58,1
3063,09:30:01,$ 3532.58,1
3064,09:30:01,$ 3532.58,1
3065,09:30:01,$ 3532.58,2
3067,09:30:01,$ 3532.58,1
3068,09:30:01,$ 3532.58,10
3069,09:30:01,$ 3532.58,5
3070,09:30:01,$ 3532.58,1
3071,09:30:01,$ 3532.58,30
3072,09:30:01,$ 3532.58,2
3073,09:30:01,$ 3532.58,15
3074,09:30:01,$ 3532.58,1
3075,09:30:01,$ 3532.58,2
3076,09:30:01,$ 3532.58,3
3077,09:30:01,$ 3532.58,100
3078,09:30:01,$ 3532.58,2
3079,09:30:01,$ 3532.58,3
3080,09:30:01,$ 3532.58,2
3081,09:30:01,$ 3532.58,4
3082,09:30:01,$ 3532.58,5
3083,09:30:01,$ 3532.58,1
3084,09:30:01,$ 3532.58,1
3085,09:30:01,$ 3532.58,1
3086,09:30:01,$ 3532.58,1
3088,09:30:01,$ 3532.58,1
3089,09:30:01,$ 3532.58,1
3090,09:30:01,$ 3532.58,2
3091,09:30:01,$ 3532.58,1
3092,09:30:01,$ 3532.58,5
3093,09:30:01,$ 3532.58,1
3094,09:30:01,$ 3532.58,1
3095,09:30:01,$ 3532.58,1
3096,09:30:01,$ 3532.58,1
3097,09:30:01,$ 3532.58,1
3098,09:30:01,$ 3532.58,10
3099,09:30:01,$ 3532.58,15
3100,09:30:01,$ 3532.58,1
3101,09:30:01,$ 3532.58,4
3102,09:30:01,$ 3532.58,1
3103,09:30:01,$ 3532.58,5
3104,09:30:01,$ 3532.58,10
3105,09:30:01,$ 3532.58,1
3106,09:30:01,$ 3532.58,10
3107,09:30:01,$ 3532.58,1
3109,09:30:01,$ 3532.58,1
3110,09:30:01,$ 3532.58,1
3111,09:30:01,$ 3532.58,5
3112,09:30:01,$ 3532.58,2
3113,09:30:01,$ 3532.58,1
3114,09:30:01,$ 3532.58,8
3115,09:30:01,$ 3532.58,1
3116,09:30:01,$ 3532.58,25
3117,09:30:01,$ 3532.58,10
3118,09:30:01,$ 3532.58,1
3119,09:30:01,$ 3532.58,1
3120,09:30:01,$ 3532.58,1
3121,09:30:01,$ 3532.58,3
3122,09:30:01,$ 3532.58,1
3123,09:30:01,$ 3532.58,1
3124,09:30:01,$ 3532.58,3
3125,09:30:01,$ 3532.58,20
3126,09:30:01,$ 3532.58,10
3127,09:30:01,$ 3532.58,4
3128,09:30:01,$ 3532.58,110
3130,09:30:01,$ 3532.58,110
3131,09:30:01,$ 3532.58,1
3132,09:30:01,$ 3532.58,110
3133,09:30:01,$ 3532.58,1
3134,09:30:01,$ 3532.58,1
3135,09:30:01,$ 3532.58,111
3136,09:30:01,$ 3532.58,2
3137,09:30:01,$ 3532.58,110
3138,09:30:01,$ 3532.58,1
3139,09:30:01,$ 3532.58,1
3140,09:30:01,$ 3532.58,1
3141,09:30:01,$ 3532.58,1
3142,09:30:01,$ 3532.58,110
3143,09:30:01,$ 3532.58,1
3144,09:30:01,$ 3532.58,1
3145,09:30:01,$ 3532.58,3
3146,09:30:01,$ 3532.58,1
3147,09:30:01,$ 3532.58,5
3148,09:30:01,$ 3532.58,2
3149,09:30:01,$ 3532.58,150
3151,09:30:01,$ 3532.58,1
3152,09:30:01,$ 3532.58,1
3153,09:30:01,$ 3532.58,2
3154,09:30:01,$ 3532.58,1
3155,09:30:01,$ 3532.58,15
3156,09:30:01,$ 3532.58,14
3157,09:30:01,$ 3532.58,1
3158,09:30:01,$ 3532.58,1
3159,09:30:01,$ 3532.58,5
3160,09:30:01,$ 3532.58,1
3161,09:30:01,$ 3532.58,3
3162,09:30:01,$ 3532.58,2
3163,09:30:01,$ 3532.58,1
3164,09:30:01,$ 3532.58,1
3165,09:30:01,$ 3532.58,1
3166,09:30:01,$ 3532.58,1
3167,09:30:01,$ 3532.58,1
3168,09:30:01,$ 3532.58,1
3169,09:30:01,$ 3532.58,1
3170,09:30:01,$ 3532.58,1
3172,09:30:01,$ 3532.58,1
3173,09:30:01,$ 3532.58,1
3174,09:30:01,$ 3532.58,2
3175,09:30:01,$ 3532.58,3
3176,09:30:01,$ 3532.58,1
3177,09:30:01,$ 3532.58,1
3178,09:30:01,$ 3532.58,2
3179,09:30:01,$ 3532.58,2
3180,09:30:01,$ 3532.58,20
3181,09:30:01,$ 3532.58,2
3182,09:30:01,$ 3532.58,1
3183,09:30:01,$ 3532.58,3
3184,09:30:01,$ 3532.58,100
3185,09:30:01,$ 3532.58,8
3186,09:30:01,$ 3532.58,1
3187,09:30:01,$ 3532.58,4
3188,09:30:01,$ 3532.58,3
3189,09:30:01,$ 3532.58,2
3190,09:30:01,$ 3532.58,30
3191,09:30:01,$ 3532.58,20
3193,09:30:01,$ 3532.58,1
3194,09:30:01,$ 3532.58,6
3195,09:30:01,$ 3532.58,1
3196,09:30:01,$ 3532.58,6
3197,09:30:01,$ 3532.58,2
3198,09:30:01,$ 3532.58,5
3199,09:30:01,$ 3532.58,2
3200,09:30:01,$ 3532.58,1
3201,09:30:01,$ 3532.58,1
3202,09:30:01,$ 3532.58,1
3203,09:30:01,$ 3532.58,6
3204,09:30:01,$ 3532.58,2
3205,09:30:01,$ 3532.58,2
3206,09:30:01,$ 3532.58,3
3207,09:30:01,$ 3532.58,1
3208,09:30:01,$ 3532.58,1
3209,09:30:01,$ 3532.58,2
3210,09:30:01,$ 3532.58,110
3211,09:30:01,$ 3532.58,1
3212,09:30:01,$ 3532.58,4
3214,09:30:01,$ 3532.58,111
3215,09:30:01,$ 3532.58,1
3216,09:30:01,$ 3532.58,1
3217,09:30:01,$ 3532.58,1
3218,09:30:01,$ 3532.58,110
3219,09:30:01,$ 3532.58,1
3220,09:30:01,$ 3532.58,1
3221,09:30:01,$ 3532.58,1
3222,09:30:01,$ 3532.58,1
3223,09:30:01,$ 3532.58,4
3224,09:30:01,$ 3532.58,2
3225,09:30:01,$ 3532.58,5
3226,09:30:01,$ 3532.58,6
3227,09:30:01,$ 3532.58,5
3228,09:30:01,$ 3532.58,55
3229,09:30:01,$ 3532.58,55
3230,09:30:01,$ 3532.58,55
3231,09:30:01,$ 3532.58,55
3232,09:30:01,$ 3532.58,55
3233,09:30:01,$ 3532.58,56
3235,09:30:01,$ 3532.58,1
3236,09:30:01,$ 3532.58,2
3237,09:30:01,$ 3532.58,1
3238,09:30:01,$ 3532.58,2
3239,09:30:01,$ 3532.58,1
3240,09:30:01,$ 3532.58,1
3241,09:30:01,$ 3532.58,5
3242,09:30:01,$ 3532.58,55
3243,09:30:01,$ 3532.58,55
3244,09:30:01,$ 3532.58,55
3245,09:30:01,$ 3532.58,1
3246,09:30:01,$ 3532.58,55
3247,09:30:01,$ 3532.58,5
3248,09:30:01,$ 3532.58,10
3249,09:30:01,$ 3532.58,10
3250,09:30:01,$ 3532.58,15
3251,09:30:01,$ 3532.58,1
3252,09:30:01,$ 3532.58,2
3253,09:30:01,$ 3532.58,3
3254,09:30:01,$ 3532.58,2
3256,09:30:01,$ 3532.58,18
3257,09:30:01,$ 3532.58,1
3258,09:30:01,$ 3532.58,1
3259,09:30:01,$ 3532.58,18
3260,09:30:01,$ 3532.58,21
3261,09:30:01,$ 3532.58,4
3262,09:30:01,$ 3532.58,18
3263,09:30:01,$ 3532.58,3
3264,09:30:01,$ 3532.58,1
3265,09:30:01,$ 3532.58,1
3266,09:30:01,$ 3532.58,1
3267,09:30:01,$ 3532.58,1
3268,09:30:01,$ 3532.58,1
3269,09:30:01,$ 3532.58,1
3270,09:30:01,$ 3532.58,2
3271,09:30:01,$ 3532.58,8
3272,09:30:01,$ 3532.58,1
3273,09:30:01,$ 3532.58,1
3274,09:30:01,$ 3532.58,1
3275,09:30:01,$ 3532.58,1
3277,09:30:01,$ 3532.58,2
3278,09:30:01,$ 3532.58,10
3279,09:30:01,$ 3532.58,1
3280,09:30:01,$ 3532.58,1
3281,09:30:01,$ 3532.58,2
3282,09:30:01,$ 3532.58,1
3283,09:30:01,$ 3532.58,1
3284,09:30:01,$ 3532.58,10
3285,09:30:01,$ 3532.58,2
3286,09:30:01,$ 3532.58,10
3287,09:30:01,$ 3532.58,1
3288,09:30:01,$ 3532.58,5
3289,09:30:01,$ 3532.58,3
3290,09:30:01,$ 3532.58,3
3291,09:30:01,$ 3532.58,1
3292,09:30:01,$ 3532.58,1
3293,09:30:01,$ 3532.58,1
3294,09:30:01,$ 3532.58,5
3295,09:30:01,$ 3532.58,10
3296,09:30:01,$ 3532.58,4
3298,09:30:01,$ 3532.58,1
3299,09:30:01,$ 3532.58,1
3300,09:30:01,$ 3532.58,10
3301,09:30:01,$ 3532.58,12
3302,09:30:01,$ 3532.58,1
3303,09:30:01,$ 3532.58,52
3304,09:30:01,$ 3532.58,1
3305,09:30:01,$ 3532.58,1
3306,09:30:01,$ 3532.58,1
3307,09:30:01,$ 3532.58,1
3308,09:30:01,$ 3532.58,1
3309,09:30:01,$ 3532.58,1
3310,09:30:01,$ 3532.58,2
3311,09:30:01,$ 3532.58,4
3312,09:30:01,$ 3532.58,3
3313,09:30:01,$ 3532.58,1
3314,09:30:01,$ 3532.58,100
3315,09:30:01,$ 3532.58,1
3316,09:30:01,$ 3532.58,6
3317,09:30:01,$ 3532.58,2
3319,09:30:01,$ 3532.58,20
3320,09:30:01,$ 3532.58,1
3321,09:30:01,$ 3532.58,113
3322,09:30:01,$ 3532.58,10
3323,09:30:01,$ 3532.58,1
3324,09:30:01,$ 3532.58,1
3325,09:30:01,$ 3532.58,4
3326,09:30:01,$ 3532.58,112
3327,09:30:01,$ 3532.58,1
3328,09:30:01,$ 3532.58,1
3329,09:30:01,$ 3532.58,1
3330,09:30:01,$ 3532.58,5
3331,09:30:01,$ 3532.58,1
3332,09:30:01,$ 3532.58,1
3333,09:30:01,$ 3532.58,111
3334,09:30:01,$ 3532.58,10
3335,09:30:01,$ 3532.58,110
3336,09:30:01,$ 3532.58,1
3337,09:30:01,$ 3532.58,3
3338,09:30:01,$ 3532.58,110
3340,09:30:01,$ 3532.58,5
3341,09:30:01,$ 3532.58,5
3342,09:30:01,$ 3532.58,8
3343,09:30:01,$ 3532.58,1
3344,09:30:01,$ 3532.58,2
3345,09:30:01,$ 3532.58,110
3346,09:30:01,$ 3532.58,1
3347,09:30:01,$ 3532.58,111
3348,09:30:01,$ 3532.58,4
3349,09:30:01,$ 3532.58,"3,000"
3350,09:30:01,$ 3532.58,110
3351,09:30:01,$ 3532.58,1
3352,09:30:01,$ 3532.58,1
3353,09:30:01,$ 3532.58,11
3354,09:30:01,$ 3532.58,1
3355,09:30:01,$ 3532.58,1
3356,09:30:01,$ 3532.58,110
3357,09:30:01,$ 3532.58,110
3358,09:30:01,$ 3532.58,111
3359,09:30:01,$ 3532.58,1
3361,09:30:01,$ 3532.58,1
3362,09:30:01,$ 3532.58,1
3363,09:30:01,$ 3532.58,2
3364,09:30:01,$ 3532.58,1
3365,09:30:01,$ 3532.58,1
3366,09:30:01,$ 3532.58,2
3367,09:30:01,$ 3532.58,2
3368,09:30:01,$ 3532.58,1
3369,09:30:01,$ 3532.58,28
3370,09:30:01,$ 3532.58,5
3371,09:30:01,$ 3532.58,5
3372,09:30:01,$ 3532.58,1
3373,09:30:01,$ 3532.58,50
3374,09:30:01,$ 3532.58,8
3375,09:30:01,$ 3532.58,1
3376,09:30:01,$ 3532.58,2
3377,09:30:01,$ 3532.58,1
3378,09:30:01,$ 3532.58,1
3379,09:30:01,$ 3532.58,1
3380,09:30:01,$ 3532.58,6
3382,09:30:01,$ 3532.58,10
3383,09:30:01,$ 3532.58,1
3384,09:30:01,$ 3532.58,1
3385,09:30:01,$ 3532.58,1
3386,09:30:01,$ 3532.58,1
3387,09:30:01,$ 3532.58,18
3388,09:30:01,$ 3532.58,1
3389,09:30:01,$ 3532.58,10
3390,09:30:01,$ 3532.58,100
3391,09:30:01,$ 3532.58,5
3392,09:30:01,$ 3532.58,1
3393,09:30:01,$ 3532.58,1
3394,09:30:01,$ 3532.58,5
3395,09:30:01,$ 3532.58,1
3396,09:30:01,$ 3532.58,1
3397,09:30:01,$ 3532.58,1
3398,09:30:01,$ 3532.58,1
3399,09:30:01,$ 3532.58,4
3400,09:30:01,$ 3532.58,21
3401,09:30:01,$ 3532.58,2
3403,09:30:01,$ 3532.58,1
3404,09:30:01,$ 3532.58,2
3405,09:30:01,$ 3532.58,110
3406,09:30:01,$ 3532.58,110
3407,09:30:01,$ 3532.58,1
3408,09:30:01,$ 3532.58,1
3409,09:30:01,$ 3532.58,111
3410,09:30:01,$ 3532.58,50
3411,09:30:01,$ 3532.58,2
3412,09:30:01,$ 3532.58,8
3413,09:30:01,$ 3532.58,3
3414,09:30:01,$ 3532.58,1
3415,09:30:01,$ 3532.58,1
3416,09:30:01,$ 3532.58,110
3417,09:30:01,$ 3532.58,1
3418,09:30:01,$ 3532.58,110
3419,09:30:01,$ 3532.58,1
3420,09:30:01,$ 3532.58,110
3421,09:30:01,$ 3532.58,1
3422,09:30:01,$ 3532.58,1
3424,09:30:01,$ 3532.58,1
3425,09:30:01,$ 3532.58,3
3426,09:30:01,$ 3532.58,111
3427,09:30:01,$ 3532.58,2
3428,09:30:01,$ 3532.58,6
3429,09:30:01,$ 3532.58,110
3430,09:30:01,$ 3532.58,50
3431,09:30:01,$ 3532.58,50
3432,09:30:01,$ 3532.58,50
3433,09:30:01,$ 3532.58,50
3434,09:30:01,$ 3532.58,50
3435,09:30:01,$ 3532.58,50
3436,09:30:01,$ 3532.58,50
3437,09:30:01,$ 3532.58,50
3438,09:30:01,$ 3532.58,50
3439,09:30:01,$ 3532.58,50
3440,09:30:01,$ 3532.58,50
3441,09:30:01,$ 3532.58,50
3442,09:30:01,$ 3532.58,50
3443,09:30:01,$ 3532.58,50
3445,09:30:01,$ 3532.58,50
3446,09:30:01,$ 3532.58,50
3447,09:30:01,$ 3532.58,50
3448,09:30:01,$ 3532.58,50
3449,09:30:01,$ 3532.58,50
3450,09:30:01,$ 3532.58,50
3451,09:30:01,$ 3532.58,4
3452,09:30:01,$ 3532.58,5
3453,09:30:01,$ 3532.58,1
3454,09:30:01,$ 3532.58,3
3455,09:30:01,$ 3532.58,4
3456,09:30:01,$ 3532.58,110
3457,09:30:01,$ 3532.58,1
3458,09:30:01,$ 3532.58,1
3459,09:30:01,$ 3532.58,2
3460,09:30:01,$ 3532.58,1
3461,09:30:01,$ 3532.58,1
3462,09:30:01,$ 3532.58,1
3463,09:30:01,$ 3532.58,110
3464,09:30:01,$ 3532.58,10
3466,09:30:01,$ 3532.58,1
3467,09:30:01,$ 3532.58,1
3468,09:30:01,$ 3532.58,111
3469,09:30:01,$ 3532.58,2
3470,09:30:01,$ 3532.58,1
3471,09:30:01,$ 3532.58,1
3472,09:30:01,$ 3532.58,1
3473,09:30:01,$ 3532.58,1
3474,09:30:01,$ 3532.58,1
3475,09:30:01,$ 3532.58,10
3476,09:30:01,$ 3532.58,5
3477,09:30:01,$ 3532.58,1
3478,09:30:01,$ 3532.58,1
3479,09:30:01,$ 3532.58,1
3480,09:30:01,$ 3532.58,1
3481,09:30:01,$ 3532.58,110
3482,09:30:01,$ 3532.58,1
3483,09:30:01,$ 3532.58,110
3484,09:30:01,$ 3532.58,2
3485,09:30:01,$ 3532.58,1
3487,09:30:01,$ 3532.58,2
3488,09:30:01,$ 3532.58,1
3489,09:30:01,$ 3532.58,1
3490,09:30:01,$ 3532.58,3
3491,09:30:01,$ 3532.58,1
3492,09:30:01,$ 3532.58,1
3493,09:30:01,$ 3532.58,1
3494,09:30:01,$ 3532.58,3
3495,09:30:01,$ 3532.58,3
3496,09:30:01,$ 3532.58,4
3497,09:30:01,$ 3532.58,1
3498,09:30:01,$ 3532.58,1
3499,09:30:01,$ 3532.58,1
3500,09:30:01,$ 3532.58,1
3501,09:30:01,$ 3532.58,1
3502,09:30:01,$ 3532.58,1
3503,09:30:01,$ 3532.58,2
3504,09:30:01,$ 3532.58,4
3505,09:30:01,$ 3532.58,1
3506,09:30:01,$ 3532.58,5
3508,09:30:01,$ 3532.58,1
3509,09:30:01,$ 3532.58,1
3510,09:30:01,$ 3532.58,3
3511,09:30:01,$ 3532.58,1
3512,09:30:01,$ 3532.58,110
3513,09:30:01,$ 3532.58,3
3514,09:30:01,$ 3532.58,2
3515,09:30:01,$ 3532.58,5
3516,09:30:01,$ 3532.58,1
3517,09:30:01,$ 3532.58,30
3518,09:30:01,$ 3532.58,1
3519,09:30:01,$ 3532.58,1
3520,09:30:01,$ 3532.58,1
3521,09:30:01,$ 3532.58,2
3522,09:30:01,$ 3532.58,1
3523,09:30:01,$ 3532.58,1
3524,09:30:01,$ 3532.58,3
3525,09:30:01,$ 3532.58,1
3526,09:30:01,$ 3532.58,10
3527,09:30:01,$ 3532.58,4
3529,09:30:01,$ 3532.58,1
3530,09:30:01,$ 3532.58,1
3531,09:30:01,$ 3532.58,2
3532,09:30:01,$ 3532.58,10
3533,09:30:01,$ 3532.58,2
3534,09:30:01,$ 3532.58,5
3535,09:30:01,$ 3532.58,1
3536,09:30:01,$ 3532.58,1
3537,09:30:01,$ 3532.58,1
3538,09:30:01,$ 3532.58,1
3539,09:30:01,$ 3532.58,10
3540,09:30:01,$ 3532.58,1
3541,09:30:01,$ 3532.58,1
3542,09:30:01,$ 3532.58,4
3543,09:30:01,$ 3532.58,1
3544,09:30:01,$ 3532.58,1
3545,09:30:01,$ 3532.58,1
3546,09:30:01,$ 3532.58,3
3547,09:30:01,$ 3532.58,2
3548,09:30:01,$ 3532.58,1
3550,09:30:01,$ 3532.58,2
3551,09:30:01,$ 3532.58,1
3552,09:30:01,$ 3532.58,1
3553,09:30:01,$ 3532.58,1
3554,09:30:01,$ 3532.58,1
3555,09:30:01,$ 3532.58,2
3556,09:30:01,$ 3532.58,2
3557,09:30:01,$ 3532.58,2
3558,09:30:01,$ 3532.58,1
3559,09:30:01,$ 3532.58,15
3560,09:30:01,$ 3532.58,30
3561,09:30:01,$ 3532.58,50
3562,09:30:01,$ 3532.58,25
3563,09:30:01,$ 3532.58,4
3564,09:30:01,$ 3532.58,10
3565,09:30:01,$ 3532.58,10
3566,09:30:01,$ 3532.58,3
3567,09:30:01,$ 3532.58,10
3568,09:30:01,$ 3532.58,2
3569,09:30:01,$ 3532.58,1
3571,09:30:01,$ 3532.58,2
3572,09:30:01,$ 3532.58,14
3573,09:30:01,$ 3532.58,1
3574,09:30:01,$ 3532.58,2
3575,09:30:01,$ 3532.58,1
3576,09:30:01,$ 3532.58,1
3577,09:30:01,$ 3532.58,3
3578,09:30:01,$ 3532.58,1
3579,09:30:01,$ 3532.58,85
3580,09:30:01,$ 3532.58,1
3581,09:30:01,$ 3532.58,1
3582,09:30:01,$ 3532.58,12
3583,09:30:01,$ 3532.58,1
3584,09:30:01,$ 3532.58,1
3585,09:30:01,$ 3532.58,5
3586,09:30:01,$ 3532.58,4
3587,09:30:01,$ 3532.58,17
3588,09:30:01,$ 3532.58,5
3589,09:30:01,$ 3532.58,1
3590,09:30:01,$ 3532.58,1
3592,09:30:01,$ 3532.58,2
3593,09:30:01,$ 3532.58,1
3594,09:30:01,$ 3532.58,10
3595,09:30:01,$ 3532.58,1
3596,09:30:01,$ 3532.58,131
3597,09:30:01,$ 3532.58,10
3598,09:30:01,$ 3532.58,1
3599,09:30:01,$ 3532.58,1
3600,09:30:01,$ 3532.58,1
3601,09:30:01,$ 3532.58,1
3602,09:30:01,$ 3532.58,12
3603,09:30:01,$ 3532.58,10
3604,09:30:01,$ 3532.58,1
3605,09:30:01,$ 3532.58,1
3606,09:30:01,$ 3532.58,5
3607,09:30:01,$ 3532.58,4
3608,09:30:01,$ 3532.58,1
3609,09:30:01,$ 3532.58,1
3610,09:30:01,$ 3532.58,1
3611,09:30:01,$ 3532.58,6
3613,09:30:01,$ 3532.58,45
3614,09:30:01,$ 3532.58,1
3615,09:30:01,$ 3532.58,5
3616,09:30:01,$ 3532.58,1
3617,09:30:01,$ 3532.58,3
3618,09:30:01,$ 3532.58,1
3619,09:30:01,$ 3532.58,3
3620,09:30:01,$ 3532.58,1
3621,09:30:01,$ 3532.58,1
3622,09:30:01,$ 3532.58,1
3623,09:30:01,$ 3532.58,2
3624,09:30:01,$ 3532.58,1
3625,09:30:01,$ 3532.58,10
3626,09:30:01,$ 3532.58,1
3627,09:30:01,$ 3532.58,1
3628,09:30:01,$ 3532.58,1
3629,09:30:01,$ 3532.58,5
3630,09:30:01,$ 3532.58,5
3631,09:30:01,$ 3532.58,2
3632,09:30:01,$ 3532.58,1
3634,09:30:01,$ 3532.58,3
3635,09:30:01,$ 3532.58,1
3636,09:30:01,$ 3532.58,1
3637,09:30:01,$ 3532.58,1
3638,09:30:01,$ 3532.58,1
3639,09:30:01,$ 3532.58,2
3640,09:30:01,$ 3532.58,4
3641,09:30:01,$ 3532.58,5
3642,09:30:01,$ 3532.58,1
3643,09:30:01,$ 3532.58,10
3644,09:30:01,$ 3532.58,2
3645,09:30:01,$ 3532.58,1
3646,09:30:01,$ 3532.58,10
3647,09:30:01,$ 3532.58,5
3648,09:30:01,$ 3532.58,5
3649,09:30:01,$ 3532.58,1
3650,09:30:01,$ 3532.58,1
3651,09:30:01,$ 3532.58,10
3652,09:30:01,$ 3532.58,1
3653,09:30:01,$ 3532.58,10
3655,09:30:01,$ 3532.58,5
3656,09:30:01,$ 3532.58,10
3657,09:30:01,$ 3532.58,3
3658,09:30:01,$ 3532.58,1
3659,09:30:01,$ 3532.58,1
3660,09:30:01,$ 3532.58,5
3661,09:30:01,$ 3532.58,5
3662,09:30:01,$ 3532.58,2
3663,09:30:01,$ 3532.58,2
3664,09:30:01,$ 3532.58,10
3665,09:30:01,$ 3532.58,10
3666,09:30:01,$ 3532.58,5
3667,09:30:01,$ 3532.58,10
3668,09:30:01,$ 3532.58,6
3669,09:30:01,$ 3532.58,1
3670,09:30:01,$ 3532.58,8
3671,09:30:01,$ 3532.58,2
3672,09:30:01,$ 3532.58,5
3673,09:30:01,$ 3532.58,5
3674,09:30:01,$ 3532.58,1
3676,09:30:01,$ 3532.58,1
3677,09:30:01,$ 3532.58,1
3678,09:30:01,$ 3532.58,2
3679,09:30:01,$ 3532.58,2
3680,09:30:01,$ 3532.58,4
3681,09:30:01,$ 3532.58,1
3682,09:30:01,$ 3532.58,5
3683,09:30:01,$ 3532.58,1
3684,09:30:01,$ 3532.58,2
3685,09:30:01,$ 3532.58,20
3686,09:30:01,$ 3532.58,1
3687,09:30:01,$ 3532.58,1
3688,09:30:01,$ 3532.58,2
3689,09:30:01,$ 3532.58,1
3690,09:30:01,$ 3532.58,25
3691,09:30:01,$ 3532.58,1
3692,09:30:01,$ 3532.58,2
3693,09:30:01,$ 3532.58,5
3694,09:30:01,$ 3532.58,1
3695,09:30:01,$ 3532.58,2
3697,09:30:01,$ 3532.58,3
3698,09:30:01,$ 3532.58,2
3699,09:30:01,$ 3532.58,1
3700,09:30:01,$ 3532.58,2
3701,09:30:01,$ 3532.58,5
3702,09:30:01,$ 3532.58,1
3703,09:30:01,$ 3532.58,3
3704,09:30:01,$ 3532.58,5
3705,09:30:01,$ 3532.58,12
3706,09:30:01,$ 3532.58,10
3707,09:30:01,$ 3532.58,1
3708,09:30:01,$ 3532.58,1
3709,09:30:01,$ 3532.58,21
3710,09:30:01,$ 3532.58,22
3711,09:30:01,$ 3532.58,5
3712,09:30:01,$ 3532.58,2
3713,09:30:01,$ 3532.58,5
3714,09:30:01,$ 3532.58,5
3715,09:30:01,$ 3532.58,1
3716,09:30:01,$ 3532.58,1
3718,09:30:01,$ 3532.58,1
3719,09:30:01,$ 3532.58,1
3720,09:30:01,$ 3532.58,1
3721,09:30:01,$ 3532.58,2
3722,09:30:01,$ 3532.58,1
3723,09:30:01,$ 3532.58,2
3724,09:30:01,$ 3532.58,27
3725,09:30:01,$ 3532.58,20
3726,09:30:01,$ 3532.58,10
3727,09:30:01,$ 3532.58,10
3728,09:30:01,$ 3532.58,10
3729,09:30:01,$ 3532.58,9
3730,09:30:01,$ 3532.58,2
3731,09:30:01,$ 3532.58,1
3732,09:30:01,$ 3532.58,2
3733,09:30:01,$ 3532.58,1
3734,09:30:01,$ 3532.58,1
3735,09:30:01,$ 3532.58,5
3736,09:30:01,$ 3532.58,2
3737,09:30:01,$ 3532.58,1
3739,09:30:01,$ 3532.58,1
3740,09:30:01,$ 3532.58,2
3741,09:30:01,$ 3532.58,1
3742,09:30:01,$ 3532.58,1
3743,09:30:01,$ 3532.58,3
3744,09:30:01,$ 3532.58,2
3745,09:30:01,$ 3532.58,5
3746,09:30:01,$ 3532.58,10
3747,09:30:01,$ 3532.58,2
3748,09:30:01,$ 3532.58,1
3749,09:30:01,$ 3532.58,80
3750,09:30:01,$ 3532.58,1
3751,09:30:01,$ 3532.58,3
3752,09:30:01,$ 3532.58,1
3753,09:30:01,$ 3532.58,1
3754,09:30:01,$ 3532.58,1
3755,09:30:01,$ 3532.58,5
3756,09:30:01,$ 3532.58,1
3757,09:30:01,$ 3532.58,1
3758,09:30:01,$ 3532.58,2
3760,09:30:01,$ 3532.58,3
3761,09:30:01,$ 3532.58,75
3762,09:30:01,$ 3532.58,2
3763,09:30:01,$ 3532.58,3
3764,09:30:01,$ 3532.58,1
3765,09:30:01,$ 3532.58,2
3766,09:30:01,$ 3532.58,1
3767,09:30:01,$ 3532.58,2
3768,09:30:01,$ 3532.58,5
3769,09:30:01,$ 3532.58,1
3770,09:30:01,$ 3532.58,10
3771,09:30:01,$ 3532.58,1
3772,09:30:01,$ 3532.58,6
3773,09:30:01,$ 3532.58,10
3774,09:30:01,$ 3532.58,2
3775,09:30:01,$ 3532.58,27
3776,09:30:01,$ 3532.58,33
3777,09:30:01,$ 3532.58,1
3778,09:30:01,$ 3532.58,1
3779,09:30:01,$ 3532.58,12
3781,09:30:01,$ 3532.58,1
3782,09:30:01,$ 3532.58,5
3783,09:30:01,$ 3532.58,2
3784,09:30:01,$ 3532.58,1
3785,09:30:01,$ 3532.58,2
3786,09:30:01,$ 3532.58,1
3787,09:30:01,$ 3532.58,1
3788,09:30:01,$ 3532.58,1
3789,09:30:01,$ 3532.58,1
3790,09:30:01,$ 3532.58,10
3791,09:30:01,$ 3532.58,5
3792,09:30:01,$ 3532.58,6
3793,09:30:01,$ 3532.58,10
3794,09:30:01,$ 3532.58,5
3795,09:30:01,$ 3532.58,1
3796,09:30:01,$ 3532.58,3
3797,09:30:01,$ 3532.58,2
3798,09:30:01,$ 3532.58,"4,000"
3799,09:30:01,$ 3532.58,64
3800,09:30:01,$ 3532.58,3
3802,09:30:01,$ 3532.58,1
3803,09:30:01,$ 3532.58,1
3804,09:30:01,$ 3532.58,3
3805,09:30:01,$ 3532.58,1
3806,09:30:01,$ 3532.58,1
3807,09:30:01,$ 3532.58,1
3808,09:30:01,$ 3532.58,10
3809,09:30:01,$ 3532.58,10
3810,09:30:01,$ 3532.58,1
3811,09:30:01,$ 3532.58,1
3812,09:30:01,$ 3532.58,20
3813,09:30:01,$ 3532.58,1
3814,09:30:01,$ 3532.58,2
3815,09:30:01,$ 3532.58,1
3816,09:30:01,$ 3532.58,3
3817,09:30:01,$ 3532.58,1
3818,09:30:01,$ 3532.58,1
3819,09:30:01,$ 3532.58,1
3820,09:30:01,$ 3532.58,5
3821,09:30:01,$ 3532.58,4
3823,09:30:01,$ 3532.58,3
3824,09:30:01,$ 3532.58,1
3825,09:30:01,$ 3532.58,2
3826,09:30:01,$ 3532.58,1
3827,09:30:01,$ 3532.58,50
3828,09:30:01,$ 3532.58,2
3829,09:30:01,$ 3532.58,100
3830,09:30:01,$ 3532.58,5
3831,09:30:01,$ 3532.58,1
3832,09:30:01,$ 3532.58,2
3833,09:30:01,$ 3532.58,111
3834,09:30:01,$ 3532.58,5
3835,09:30:01,$ 3532.58,1
3836,09:30:01,$ 3532.58,110
3837,09:30:01,$ 3532.58,21
3838,09:30:01,$ 3532.58,110
3839,09:30:01,$ 3532.58,10
3840,09:30:01,$ 3532.58,5
3841,09:30:01,$ 3532.58,1
3842,09:30:01,$ 3532.58,2
3844,09:30:01,$ 3532.58,10
3845,09:30:01,$ 3532.58,15
3846,09:30:01,$ 3532.58,110
3847,09:30:01,$ 3532.58,111
3848,09:30:01,$ 3532.58,1
3849,09:30:01,$ 3532.58,2
3850,09:30:01,$ 3532.58,1
3851,09:30:01,$ 3532.58,1
3852,09:30:01,$ 3532.58,1
3853,09:30:01,$ 3532.58,110
3854,09:30:01,$ 3532.58,1
3855,09:30:01,$ 3532.58,110
3856,09:30:01,$ 3532.58,1
3857,09:30:01,$ 3532.58,111
3858,09:30:01,$ 3532.58,5
3859,09:30:01,$ 3532.58,110
3860,09:30:01,$ 3532.58,18
3861,09:30:01,$ 3532.58,18
3862,09:30:01,$ 3532.58,18
3863,09:30:01,$ 3532.58,110
3865,09:30:01,$ 3532.58,2
3866,09:30:01,$ 3532.58,110
3867,09:30:01,$ 3532.58,111
3868,09:30:01,$ 3532.58,85
3869,09:30:01,$ 3532.58,110
3870,09:30:01,$ 3532.58,1
3871,09:30:01,$ 3532.58,5
3872,09:30:01,$ 3532.58,110
3873,09:30:01,$ 3532.58,110
3874,09:30:01,$ 3532.58,1
3875,09:30:01,$ 3532.58,1
3876,09:30:01,$ 3532.58,2
3877,09:30:01,$ 3532.58,2
3878,09:30:01,$ 3532.58,2
3879,09:30:01,$ 3532.58,1
3880,09:30:01,$ 3532.58,1
3881,09:30:01,$ 3532.58,5
3882,09:30:01,$ 3532.58,2
3883,09:30:01,$ 3532.58,20
3884,09:30:01,$ 3532.58,1
3886,09:30:01,$ 3532.58,1
3887,09:30:01,$ 3532.58,1
3888,09:30:01,$ 3532.58,1
3889,09:30:01,$ 3532.58,1
3890,09:30:01,$ 3532.58,5
3891,09:30:01,$ 3532.58,1
3892,09:30:01,$ 3532.58,2
3893,09:30:01,$ 3532.58,2
3894,09:30:01,$ 3532.58,10
3895,09:30:01,$ 3532.58,3
3896,09:30:01,$ 3532.58,1
3897,09:30:01,$ 3532.58,110
3898,09:30:01,$ 3532.58,110
3899,09:30:01,$ 3532.58,1
3900,09:30:01,$ 3532.58,1
3901,09:30:01,$ 3532.58,111
3902,09:30:01,$ 3532.58,4
3903,09:30:01,$ 3532.58,2
3904,09:30:01,$ 3532.58,110
3905,09:30:01,$ 3532.58,8
3907,09:30:01,$ 3532.58,1
3908,09:30:01,$ 3532.58,110
3909,09:30:01,$ 3532.58,2
3910,09:30:01,$ 3532.58,10
3911,09:30:01,$ 3532.58,5
3912,09:30:01,$ 3532.58,25
3913,09:30:01,$ 3532.58,1
3914,09:30:01,$ 3532.58,8
3915,09:30:01,$ 3532.58,1
3916,09:30:01,$ 3532.58,1
3917,09:30:01,$ 3532.58,2
3918,09:30:01,$ 3532.58,10
3919,09:30:01,$ 3532.58,2
3920,09:30:01,$ 3532.58,100
3921,09:30:01,$ 3532.58,4
3922,09:30:01,$ 3532.58,111
3923,09:30:01,$ 3532.58,110
3924,09:30:01,$ 3532.58,110
3925,09:30:01,$ 3532.58,2
3926,09:30:01,$ 3532.58,4
3928,09:30:01,$ 3532.58,1
3929,09:30:01,$ 3532.58,60
3930,09:30:01,$ 3532.58,2
3931,09:30:01,$ 3532.58,110
3932,09:30:01,$ 3532.58,100
3933,09:30:01,$ 3532.58,1
3934,09:30:01,$ 3532.58,111
3935,09:30:01,$ 3532.58,110
3936,09:30:01,$ 3532.58,5
3937,09:30:01,$ 3532.58,1
3938,09:30:01,$ 3532.58,10
3939,09:30:01,$ 3532.58,1
3940,09:30:01,$ 3532.58,5
3941,09:30:01,$ 3532.58,110
3942,09:30:01,$ 3532.58,1
3943,09:30:01,$ 3532.58,1
3944,09:30:01,$ 3532.58,110
3945,09:30:01,$ 3532.58,111
3946,09:30:01,$ 3532.58,1
3947,09:30:01,$ 3532.58,1
3949,09:30:01,$ 3532.58,1
3950,09:30:01,$ 3532.58,1
3951,09:30:01,$ 3532.58,110
3952,09:30:01,$ 3532.58,1
3953,09:30:01,$ 3532.58,1
