,NLS Time (ET),NLS Price,NLS Share Volume
1,09:59:58,$ 3492.06,100
2,09:59:56,$ 3493.22,200
3,09:59:49,$ 3493.26,100
4,09:59:46,$ 3493.02,130
5,09:59:44,$ 3493.265,100
6,09:59:44,$ 3493.265,100
7,09:59:30,$ 3492.80,100
8,09:59:25,$ 3492.4337,100
9,09:59:20,$ 3492.59,100
10,09:59:20,$ 3492.73,100
11,09:59:20,$ 3492.59,100
12,09:59:20,$ 3493.2269,355
13,09:59:14,$ 3493.93,100
14,09:59:14,$ 3493.97,100
15,09:59:11,$ 3492.5901,325
16,09:59:10,$ 3492.59,100
17,09:59:03,$ 3493.23,100
18,09:59:02,$ 3493.175,100
19,09:59:02,$ 3492.59,200
20,09:59:00,$ 3492.325,100
22,09:58:59,$ 3492.59,100
23,09:58:57,$ 3493.14,100
24,09:58:54,$ 3493.14,163
25,09:58:53,$ 3493.57,100
26,09:58:50,$ 3493.74,100
27,09:58:50,$ 3493.94,100
28,09:58:44,$ 3494.16,100
29,09:58:38,$ 3493.36,115
30,09:58:37,$ 3493.9999,200
31,09:58:31,$ 3493.935,100
32,09:58:31,$ 3492.60,100
33,09:58:28,$ 3493.88,100
34,09:58:25,$ 3493.99,100
35,09:58:25,$ 3493.92,100
36,09:58:24,$ 3491.26,500
37,09:58:22,$ 3492.01,100
38,09:58:22,$ 3492.04,100
39,09:58:22,$ 3492.04,100
40,09:58:16,$ 3491.34,100
41,09:58:10,$ 3490.46,100
43,09:58:10,$ 3490.73,100
44,09:58:10,$ 3488.64,100
45,09:58:00,$ 3489.55,100
46,09:58:00,$ 3489.34,100
47,09:58:00,$ 3489.34,100
48,09:58:00,$ 3489.85,100
49,09:57:58,$ 3489.72,286
50,09:57:54,$ 3489.54,100
51,09:57:54,$ 3489.94,100
52,09:57:51,$ 3490.105,100
53,09:57:51,$ 3489.28,100
54,09:57:49,$ 3490.00,130
55,09:57:49,$ 3490.00,100
56,09:57:46,$ 3488.74,120
57,09:57:46,$ 3488.74,125
58,09:57:46,$ 3488.74,145
59,09:57:46,$ 3488.74,125
60,09:57:45,$ 3489.47,100
61,09:57:45,$ 3489.51,100
62,09:57:45,$ 3489.60,159
64,09:57:44,$ 3489.3679,100
65,09:57:42,$ 3489.4398,100
66,09:57:40,$ 3489.58,100
67,09:57:38,$ 3488.58,200
68,09:57:38,$ 3488.59,100
69,09:57:31,$ 3489.105,200
70,09:57:29,$ 3489.075,100
71,09:57:24,$ 3489.73,100
72,09:57:24,$ 3489.76,286
73,09:57:22,$ 3489.74,100
74,09:57:14,$ 3487.75,150
75,09:57:06,$ 3487.77,100
76,09:57:03,$ 3486.87,100
77,09:57:01,$ 3487.05,100
78,09:56:48,$ 3487.135,200
79,09:56:44,$ 3487.56,100
80,09:56:44,$ 3487.50,100
81,09:56:26,$ 3485.5745,190
82,09:56:21,$ 3486.87,100
83,09:56:06,$ 3485.51,100
85,09:55:52,$ 3486.6876,100
86,09:55:45,$ 3487.727,125
87,09:55:39,$ 3486.205,100
88,09:55:32,$ 3485.99,100
89,09:55:08,$ 3483.29,100
90,09:54:51,$ 3483.01,100
91,09:54:50,$ 3483.32,100
92,09:54:50,$ 3483.25,100
93,09:54:40,$ 3483.255,100
94,09:54:30,$ 3484.41,250
95,09:54:25,$ 3484.45,100
96,09:54:23,$ 3484.4607,175
97,09:54:19,$ 3484.40,100
98,09:54:18,$ 3484.49,349
99,09:54:18,$ 3484.39,200
100,09:54:12,$ 3485.23,110
101,09:54:06,$ 3484.81,121
102,09:54:05,$ 3484.99,105
103,09:54:00,$ 3484.03,100
104,09:53:59,$ 3484.00,100
106,09:53:59,$ 3483.98,100
107,09:53:59,$ 3484.00,100
108,09:53:48,$ 3484.42,100
109,09:53:46,$ 3484.00,100
110,09:53:43,$ 3484.15,100
111,09:53:37,$ 3485.32,100
112,09:53:32,$ 3485.00,100
113,09:53:32,$ 3485.07,100
114,09:53:30,$ 3484.90,300
115,09:53:30,$ 3484.16,100
116,09:53:28,$ 3484.325,100
117,09:53:28,$ 3484.345,100
118,09:53:28,$ 3484.585,100
119,09:53:28,$ 3484.585,100
120,09:53:27,$ 3484.27,100
121,09:53:14,$ 3485.04,110
122,09:53:10,$ 3484.71,100
123,09:53:03,$ 3485.195,100
124,09:53:02,$ 3485.00,100
125,09:53:00,$ 3485.96,100
127,09:52:58,$ 3485.90,100
128,09:52:58,$ 3485.92,100
129,09:52:50,$ 3486.78,100
130,09:52:47,$ 3486.24,100
131,09:52:45,$ 3485.79,100
132,09:52:41,$ 3486.61,100
133,09:52:41,$ 3486.38,100
134,09:52:41,$ 3486.58,100
135,09:52:41,$ 3486.54,100
136,09:52:34,$ 3487.69,100
137,09:52:32,$ 3487.00,175
138,09:52:28,$ 3486.0118,100
139,09:52:26,$ 3486.91,100
140,09:52:25,$ 3486.37,150
141,09:52:23,$ 3486.3788,114
142,09:52:12,$ 3486.81,100
143,09:52:04,$ 3487.605,100
144,09:51:53,$ 3489.74,100
145,09:51:53,$ 3489.76,100
146,09:51:53,$ 3489.595,100
148,09:51:20,$ 3492.01,100
149,09:51:19,$ 3490.29,100
150,09:51:11,$ 3487.95,234
151,09:51:11,$ 3487.95,100
152,09:51:09,$ 3486.4364,100
153,09:51:09,$ 3486.73,115
154,09:51:08,$ 3486.64,100
155,09:50:46,$ 3486.995,200
156,09:50:34,$ 3487.405,100
157,09:50:29,$ 3487.98,100
158,09:50:21,$ 3487.325,100
159,09:50:21,$ 3487.325,100
160,09:50:15,$ 3486.75,100
161,09:50:10,$ 3485.70,100
162,09:50:06,$ 3486.45,100
163,09:50:06,$ 3486.46,100
164,09:50:06,$ 3486.55,100
165,09:50:06,$ 3486.54,100
166,09:50:00,$ 3486.14,100
167,09:50:00,$ 3486.01,100
169,09:50:00,$ 3486.06,100
170,09:50:00,$ 3485.86,100
171,09:50:00,$ 3486.01,100
172,09:50:00,$ 3485.99,100
173,09:49:53,$ 3486.22,100
174,09:49:53,$ 3485.90,193
175,09:49:53,$ 3485.92,100
176,09:49:53,$ 3485.15,100
177,09:49:53,$ 3485.15,100
178,09:49:53,$ 3485.15,100
179,09:49:48,$ 3484.77,100
180,09:49:46,$ 3484.42,100
181,09:49:39,$ 3484.02,100
182,09:49:39,$ 3484.16,100
183,09:49:39,$ 3484.16,100
184,09:49:39,$ 3484.17,100
185,09:49:39,$ 3484.17,100
186,09:49:39,$ 3484.17,113
187,09:49:36,$ 3482.60,100
188,09:49:34,$ 3484.2499,100
190,09:49:29,$ 3483.85,100
191,09:49:28,$ 3484.42,100
192,09:49:26,$ 3483.23,100
193,09:49:25,$ 3483.54,100
194,09:49:25,$ 3484.03,100
195,09:49:25,$ 3484.01,100
196,09:49:17,$ 3484.34,100
197,09:49:17,$ 3484.35,100
198,09:49:08,$ 3485.00,100
199,09:49:07,$ 3485.23,300
200,09:49:07,$ 3485.15,100
201,09:49:06,$ 3485.27,100
202,09:49:06,$ 3485.27,100
203,09:49:06,$ 3486.68,600
204,09:49:06,$ 3486.10,100
205,09:49:06,$ 3486.36,100
206,09:49:06,$ 3486.36,100
207,09:49:06,$ 3486.35,100
208,09:49:06,$ 3485.80,100
209,09:49:06,$ 3485.7875,100
211,09:49:06,$ 3485.80,100
212,09:49:06,$ 3485.80,300
213,09:49:06,$ 3485.7875,300
214,09:49:06,$ 3485.80,400
215,09:49:06,$ 3485.7875,400
216,09:49:06,$ 3485.80,400
217,09:49:06,$ 3485.7875,100
218,09:49:06,$ 3485.7875,400
219,09:49:06,$ 3486.3599,100
220,09:49:05,$ 3485.31,100
221,09:49:01,$ 3485.86,100
222,09:48:56,$ 3486.00,100
223,09:48:56,$ 3486.875,100
224,09:48:55,$ 3486.52,100
225,09:48:53,$ 3487.471,200
226,09:48:51,$ 3485.36,100
227,09:48:51,$ 3485.36,100
228,09:48:49,$ 3485.36,100
229,09:48:48,$ 3486.8666,150
230,09:48:43,$ 3487.27,100
232,09:48:36,$ 3487.38,100
233,09:48:36,$ 3487.80,100
234,09:48:35,$ 3488.50,100
235,09:48:35,$ 3488.50,100
236,09:48:35,$ 3488.50,100
237,09:48:29,$ 3488.86,100
238,09:48:29,$ 3488.45,100
239,09:48:28,$ 3487.26,100
240,09:48:17,$ 3487.1767,113
241,09:48:14,$ 3486.02,100
242,09:47:58,$ 3486.00,100
243,09:47:52,$ 3486.2644,100
244,09:47:49,$ 3485.49,400
245,09:47:46,$ 3484.42,100
246,09:47:46,$ 3484.59,100
247,09:47:46,$ 3484.77,100
248,09:47:39,$ 3483.79,100
249,09:47:35,$ 3483.49,100
250,09:47:08,$ 3486.63,100
251,09:46:55,$ 3487.845,400
253,09:46:54,$ 3487.19,300
254,09:46:54,$ 3487.78,100
255,09:46:54,$ 3487.78,175
256,09:46:54,$ 3487.63,134
257,09:46:54,$ 3487.77,100
258,09:46:49,$ 3488.23,100
259,09:46:49,$ 3488.23,150
260,09:46:42,$ 3488.41,100
261,09:46:38,$ 3489.59,100
262,09:46:33,$ 3489.685,100
263,09:46:33,$ 3489.685,100
264,09:46:28,$ 3490.30,242
265,09:46:28,$ 3490.34,100
266,09:46:24,$ 3491.00,100
267,09:46:24,$ 3491.07,100
268,09:46:14,$ 3491.55,100
269,09:46:09,$ 3491.70,120
270,09:46:08,$ 3492.7172,131
271,09:46:05,$ 3492.37,200
272,09:45:58,$ 3490.84,100
274,09:45:55,$ 3490.2501,100
275,09:45:55,$ 3491.27,100
276,09:45:55,$ 3491.266,250
277,09:45:51,$ 3492.11,125
278,09:45:51,$ 3492.11,116
279,09:45:51,$ 3492.11,100
280,09:45:39,$ 3490.42,100
281,09:45:13,$ 3488.40,100
282,09:45:13,$ 3488.87,100
283,09:45:09,$ 3488.67,100
284,09:45:09,$ 3488.87,105
285,09:45:04,$ 3489.4857,100
286,09:44:39,$ 3493.3796,100
287,09:44:39,$ 3493.00,100
288,09:44:37,$ 3494.02,100
289,09:44:35,$ 3494.39,100
290,09:44:33,$ 3494.39,100
291,09:44:33,$ 3495.00,100
292,09:44:31,$ 3492.42,100
293,09:44:31,$ 3491.1867,100
295,09:44:28,$ 3490.69,100
296,09:44:22,$ 3490.96,100
297,09:44:04,$ 3489.815,100
298,09:44:03,$ 3490.37,100
299,09:44:02,$ 3491.19,100
300,09:43:57,$ 3491.71,100
301,09:43:55,$ 3492.855,100
302,09:43:54,$ 3492.855,100
303,09:43:52,$ 3492.67,100
304,09:43:52,$ 3492.65,100
305,09:43:52,$ 3492.48,100
306,09:43:52,$ 3492.33,100
307,09:43:45,$ 3492.7442,100
308,09:43:37,$ 3492.0032,150
309,09:43:28,$ 3491.71,100
310,09:43:21,$ 3490.712,147
311,09:43:13,$ 3490.42,100
312,09:42:53,$ 3489.01,100
313,09:42:50,$ 3489.045,100
314,09:42:48,$ 3489.00,100
316,09:42:45,$ 3489.1852,"1,000"
317,09:42:42,$ 3490.68,100
318,09:42:42,$ 3490.67,100
319,09:42:42,$ 3490.68,200
320,09:42:42,$ 3490.67,100
321,09:42:42,$ 3490.68,100
322,09:42:42,$ 3490.68,100
323,09:42:32,$ 3492.26,331
324,09:42:32,$ 3492.7376,194
325,09:42:32,$ 3492.96,199
326,09:42:32,$ 3492.79,100
327,09:42:32,$ 3492.41,100
328,09:42:32,$ 3492.29,100
329,09:42:25,$ 3490.5243,100
330,09:42:22,$ 3491.80,162
331,09:42:22,$ 3491.77,100
332,09:42:21,$ 3490.31,586
333,09:42:21,$ 3490.98,100
334,09:42:21,$ 3491.15,100
335,09:42:21,$ 3490.98,100
337,09:42:06,$ 3489.72,100
338,09:41:46,$ 3490.90,100
339,09:41:41,$ 3488.8195,100
340,09:41:41,$ 3490.2166,100
341,09:41:40,$ 3488.8195,100
342,09:41:40,$ 3488.94,100
343,09:41:34,$ 3487.455,100
344,09:41:34,$ 3487.445,100
345,09:41:34,$ 3487.645,100
346,09:41:34,$ 3487.22,100
347,09:41:34,$ 3485.995,200
348,09:41:26,$ 3486.7233,100
349,09:41:25,$ 3485.99,100
350,09:41:23,$ 3486.38,100
351,09:41:15,$ 3484.775,100
352,09:41:14,$ 3485.82,100
353,09:41:14,$ 3485.58,500
354,09:41:03,$ 3483.59,100
355,09:41:01,$ 3483.80,104
356,09:40:57,$ 3483.775,100
358,09:40:55,$ 3482.72,100
359,09:40:55,$ 3483.58,100
360,09:40:55,$ 3482.67,100
361,09:40:54,$ 3483.99,176
362,09:40:53,$ 3483.99,100
363,09:40:53,$ 3484.00,100
364,09:40:53,$ 3483.27,100
365,09:40:52,$ 3481.58,100
366,09:40:50,$ 3480.9789,500
367,09:40:49,$ 3480.9003,100
368,09:40:47,$ 3480.825,100
369,09:40:47,$ 3481.28,100
370,09:40:46,$ 3480.28,100
371,09:40:46,$ 3480.28,100
372,09:40:45,$ 3480.55,100
373,09:40:43,$ 3480.77,100
374,09:40:40,$ 3481.275,100
375,09:40:40,$ 3481.01,200
376,09:40:40,$ 3481.295,100
377,09:40:37,$ 3482.355,100
379,09:40:37,$ 3482.375,100
380,09:40:36,$ 3482.99,100
381,09:40:35,$ 3482.74,100
382,09:40:34,$ 3483.00,138
383,09:40:33,$ 3483.37,200
384,09:40:33,$ 3483.34,100
385,09:40:33,$ 3483.68,100
386,09:40:33,$ 3484.00,500
387,09:40:30,$ 3485.49,100
388,09:40:27,$ 3485.715,100
389,09:40:25,$ 3486.945,100
390,09:40:25,$ 3486.2101,150
391,09:40:25,$ 3486.38,100
392,09:40:23,$ 3486.35,100
393,09:40:23,$ 3486.50,100
394,09:40:22,$ 3486.55,200
395,09:40:22,$ 3485.87,100
396,09:40:22,$ 3485.28,214
397,09:40:22,$ 3485.00,415
398,09:40:22,$ 3488.16,100
400,09:40:22,$ 3489.35,100
401,09:40:22,$ 3489.26,100
402,09:40:22,$ 3489.24,100
403,09:40:22,$ 3489.16,100
404,09:40:17,$ 3490.36,100
405,09:40:15,$ 3489.97,100
406,09:40:14,$ 3488.99,100
407,09:40:12,$ 3488.055,100
408,09:40:12,$ 3488.66,185
409,09:40:11,$ 3490.00,200
410,09:40:11,$ 3490.34,100
411,09:40:11,$ 3490.07,100
412,09:40:11,$ 3490.00,100
413,09:40:10,$ 3491.835,100
414,09:40:10,$ 3492.14,100
415,09:40:10,$ 3491.69,100
416,09:40:10,$ 3490.02,100
417,09:40:08,$ 3491.745,100
418,09:40:08,$ 3491.81,100
419,09:40:08,$ 3491.21,175
421,09:40:05,$ 3491.50,125
422,09:40:05,$ 3491.50,125
423,09:40:05,$ 3492.12,100
424,09:40:05,$ 3492.00,100
425,09:40:03,$ 3492.12,100
426,09:40:03,$ 3492.58,100
427,09:39:58,$ 3495.3999,100
428,09:39:55,$ 3494.49,500
429,09:39:54,$ 3495.38,100
430,09:39:53,$ 3495.74,100
431,09:39:43,$ 3496.5099,100
432,09:39:38,$ 3494.875,100
433,09:39:35,$ 3495.655,100
434,09:39:35,$ 3495.66,100
435,09:39:35,$ 3495.2006,"1,000"
436,09:39:32,$ 3495.28,100
437,09:39:32,$ 3495.285,100
438,09:39:25,$ 3496.23,100
439,09:39:23,$ 3494.965,100
440,09:39:23,$ 3495.89,100
442,09:39:21,$ 3496.56,100
443,09:39:20,$ 3496.55,100
444,09:39:12,$ 3497.41,100
445,09:39:10,$ 3497.14,100
446,09:39:09,$ 3496.39,100
447,09:39:08,$ 3496.6398,190
448,09:39:07,$ 3496.50,200
449,09:39:07,$ 3496.7897,347
450,09:39:07,$ 3497.00,100
451,09:39:07,$ 3496.50,100
452,09:39:07,$ 3495.9426,200
453,09:39:06,$ 3496.54,100
454,09:39:05,$ 3496.55,100
455,09:39:05,$ 3496.96,100
456,09:39:04,$ 3497.00,100
457,09:39:03,$ 3496.80,100
458,09:38:49,$ 3496.51,100
459,09:38:49,$ 3496.41,100
460,09:38:49,$ 3496.00,100
461,09:38:48,$ 3495.78,164
463,09:38:45,$ 3495.77,100
464,09:38:43,$ 3495.0901,200
465,09:38:39,$ 3494.97,110
466,09:38:39,$ 3494.885,100
467,09:38:29,$ 3494.26,100
468,09:38:21,$ 3494.01,100
469,09:38:19,$ 3493.49,100
470,09:38:04,$ 3493.705,100
471,09:38:04,$ 3493.373,100
472,09:38:04,$ 3493.41,100
473,09:38:04,$ 3493.42,100
474,09:38:04,$ 3493.40,100
475,09:38:04,$ 3493.39,100
476,09:38:04,$ 3493.40,100
477,09:38:04,$ 3493.41,100
478,09:38:04,$ 3493.30,100
479,09:38:04,$ 3493.35,100
480,09:38:04,$ 3493.39,100
481,09:38:04,$ 3492.42,100
482,09:38:04,$ 3492.88,100
484,09:38:02,$ 3492.4948,100
485,09:38:00,$ 3494.055,100
486,09:38:00,$ 3493.61,100
487,09:38:00,$ 3494.055,100
488,09:37:58,$ 3494.06,100
489,09:37:57,$ 3493.845,100
490,09:37:56,$ 3493.47,100
491,09:37:56,$ 3493.16,100
492,09:37:56,$ 3493.815,100
493,09:37:56,$ 3494.68,100
494,09:37:55,$ 3493.93,100
495,09:37:52,$ 3494.375,"1,500"
496,09:37:49,$ 3494.16,190
497,09:37:49,$ 3494.41,100
498,09:37:48,$ 3495.19,200
499,09:37:48,$ 3495.075,100
500,09:37:48,$ 3495.075,100
501,09:37:48,$ 3494.61,100
502,09:37:46,$ 3495.55,100
503,09:37:45,$ 3493.82,200
505,09:37:45,$ 3494.37,100
506,09:37:45,$ 3494.38,100
507,09:37:43,$ 3494.265,100
508,09:37:43,$ 3494.375,100
509,09:37:43,$ 3494.37,100
510,09:37:39,$ 3494.20,100
511,09:37:39,$ 3494.2199,300
512,09:37:39,$ 3494.3899,715
513,09:37:37,$ 3492.805,300
514,09:37:37,$ 3492.815,100
515,09:37:35,$ 3494.4825,100
516,09:37:34,$ 3494.935,100
517,09:37:34,$ 3495.19,100
518,09:37:33,$ 3494.67,143
519,09:37:31,$ 3495.31,100
520,09:37:31,$ 3496.00,100
521,09:37:31,$ 3494.74,100
522,09:37:31,$ 3493.88,200
523,09:37:28,$ 3496.10,100
524,09:37:28,$ 3494.99,100
526,09:37:27,$ 3495.80,100
527,09:37:27,$ 3494.00,900
528,09:37:27,$ 3494.00,151
529,09:37:27,$ 3494.00,100
530,09:37:27,$ 3494.00,100
531,09:37:27,$ 3493.18,100
532,09:37:27,$ 3493.9258,100
533,09:37:27,$ 3493.97,100
534,09:37:27,$ 3493.98,100
535,09:37:27,$ 3493.97,100
536,09:37:27,$ 3493.15,100
537,09:37:27,$ 3493.67,100
538,09:37:27,$ 3493.68,100
539,09:37:24,$ 3491.40,100
540,09:37:23,$ 3490.28,175
541,09:37:23,$ 3491.39,100
542,09:37:20,$ 3491.66,100
543,09:37:18,$ 3491.14,100
544,09:37:15,$ 3491.00,100
545,09:37:15,$ 3491.00,100
547,09:37:14,$ 3490.03,200
548,09:37:03,$ 3490.91,186
549,09:37:02,$ 3490.10,100
550,09:37:02,$ 3490.90,126
551,09:37:00,$ 3489.909,100
552,09:36:59,$ 3490.92,100
553,09:36:58,$ 3489.48,100
554,09:36:52,$ 3487.92,100
555,09:36:49,$ 3489.25,100
556,09:36:48,$ 3488.61,100
557,09:36:40,$ 3487.64,100
558,09:36:39,$ 3489.1441,115
559,09:36:34,$ 3488.525,100
560,09:36:23,$ 3488.585,100
561,09:36:21,$ 3488.576,250
562,09:36:20,$ 3489.07,100
563,09:36:20,$ 3489.06,100
564,09:36:14,$ 3487.45,100
565,09:36:11,$ 3486.96,100
566,09:36:01,$ 3487.34,100
568,09:35:58,$ 3487.73,100
569,09:35:54,$ 3488.80,100
570,09:35:50,$ 3488.94,100
571,09:35:50,$ 3489.77,100
572,09:35:50,$ 3488.93,100
573,09:35:50,$ 3488.14,100
574,09:35:50,$ 3488.05,100
575,09:35:32,$ 3487.49,100
576,09:35:32,$ 3488.18,100
577,09:35:25,$ 3486.47,100
578,09:35:21,$ 3486.46,100
579,09:35:21,$ 3486.44,100
580,09:35:15,$ 3487.12,100
581,09:35:13,$ 3487.77,200
582,09:35:05,$ 3487.80,100
583,09:35:03,$ 3487.91,100
584,09:35:00,$ 3488.73,100
585,09:34:55,$ 3490.70,100
586,09:34:55,$ 3490.41,100
587,09:34:42,$ 3491.35,100
589,09:34:42,$ 3491.49,100
590,09:34:31,$ 3489.715,100
591,09:34:25,$ 3489.04,100
592,09:34:25,$ 3489.04,100
593,09:34:25,$ 3489.04,100
594,09:34:16,$ 3489.145,100
595,09:34:11,$ 3489.88,100
596,09:34:07,$ 3489.01,100
597,09:34:07,$ 3488.99,100
598,09:34:06,$ 3489.16,100
599,09:34:04,$ 3489.77,100
600,09:34:04,$ 3488.48,100
601,09:34:04,$ 3488.50,100
602,09:34:02,$ 3488.64,100
603,09:34:01,$ 3489.64,100
604,09:34:01,$ 3489.82,100
605,09:34:01,$ 3489.91,100
606,09:34:01,$ 3488.42,100
607,09:34:01,$ 3488.42,100
608,09:34:01,$ 3487.955,100
610,09:34:01,$ 3485.44,113
611,09:33:59,$ 3485.00,145
612,09:33:59,$ 3485.00,125
613,09:33:56,$ 3486.61,100
614,09:33:52,$ 3486.90,100
615,09:33:51,$ 3486.77,100
616,09:33:42,$ 3489.30,100
617,09:33:38,$ 3488.62,500
618,09:33:35,$ 3489.15,100
619,09:33:29,$ 3490.725,100
620,09:33:26,$ 3490.18,100
621,09:33:26,$ 3490.00,100
622,09:33:26,$ 3490.00,231
623,09:33:17,$ 3491.39,100
624,09:33:17,$ 3491.385,200
625,09:33:15,$ 3490.4301,150
626,09:33:11,$ 3492.02,100
627,09:33:11,$ 3492.01,100
628,09:33:10,$ 3491.99,100
629,09:32:54,$ 3488.37,100
631,09:32:54,$ 3491.06,100
632,09:32:54,$ 3491.06,100
633,09:32:54,$ 3491.29,100
634,09:32:54,$ 3491.905,100
635,09:32:52,$ 3492.37,200
636,09:32:52,$ 3491.3419,100
637,09:32:51,$ 3491.00,100
638,09:32:50,$ 3491.90,100
639,09:32:50,$ 3490.31,100
640,09:32:50,$ 3490.02,100
641,09:32:41,$ 3489.62,100
642,09:32:37,$ 3490.17,100
643,09:32:29,$ 3486.70,100
644,09:32:29,$ 3486.70,100
645,09:32:26,$ 3488.265,100
646,09:32:26,$ 3489.37,136
647,09:32:20,$ 3488.1323,100
648,09:32:20,$ 3486.0901,100
649,09:32:15,$ 3488.155,100
650,09:32:14,$ 3487.88,100
652,09:32:13,$ 3487.64,100
653,09:32:13,$ 3487.56,100
654,09:32:06,$ 3489.6179,518
655,09:32:06,$ 3484.15,284
656,09:32:06,$ 3488.21,200
657,09:32:06,$ 3486.444,100
658,09:32:06,$ 3486.88,100
659,09:32:06,$ 3486.99,100
660,09:32:06,$ 3486.44,100
661,09:32:00,$ 3486.2889,378
662,09:31:58,$ 3486.195,100
663,09:31:54,$ 3485.0714,100
664,09:31:52,$ 3486.00,100
665,09:31:50,$ 3484.88,100
666,09:31:48,$ 3484.86,100
667,09:31:48,$ 3484.60,100
668,09:31:35,$ 3482.28,100
669,09:31:31,$ 3482.405,150
670,09:31:28,$ 3482.94,100
671,09:31:28,$ 3482.79,100
673,09:31:28,$ 3482.79,100
674,09:31:26,$ 3482.45,100
675,09:31:24,$ 3482.64,100
676,09:31:24,$ 3482.57,100
677,09:31:23,$ 3482.44,100
678,09:31:21,$ 3482.19,100
679,09:31:21,$ 3482.50,100
680,09:31:18,$ 3481.97,100
681,09:31:17,$ 3484.50,100
682,09:31:17,$ 3484.01,200
683,09:31:14,$ 3485.00,154
684,09:31:11,$ 3483.065,104
685,09:31:04,$ 3485.01,100
686,09:30:59,$ 3482.34,100
687,09:30:59,$ 3484.40,100
688,09:30:59,$ 3483.60,100
689,09:30:59,$ 3483.86,100
690,09:30:59,$ 3484.75,100
691,09:30:59,$ 3484.74,100
692,09:30:59,$ 3485.00,100
694,09:30:59,$ 3485.00,100
695,09:30:59,$ 3485.02,100
696,09:30:59,$ 3485.02,100
697,09:30:59,$ 3485.86,100
698,09:30:56,$ 3485.8499,100
699,09:30:55,$ 3484.44,204
700,09:30:55,$ 3482.88,100
701,09:30:54,$ 3482.86,100
702,09:30:48,$ 3481.57,150
703,09:30:46,$ 3482.87,100
704,09:30:44,$ 3483.335,100
705,09:30:36,$ 3479.40,100
706,09:30:36,$ 3479.35,100
707,09:30:31,$ 3478.645,150
708,09:30:31,$ 3478.79,100
709,09:30:31,$ 3479.18,100
710,09:30:28,$ 3481.2999,100
711,09:30:26,$ 3479.20,100
712,09:30:25,$ 3477.82,101
713,09:30:24,$ 3476.66,113
715,09:30:24,$ 3476.66,113
716,09:30:24,$ 3476.66,113
717,09:30:24,$ 3476.66,113
718,09:30:22,$ 3478.00,100
719,09:30:22,$ 3478.00,100
720,09:30:21,$ 3480.00,100
721,09:30:21,$ 3480.00,200
722,09:30:21,$ 3480.056,100
723,09:30:21,$ 3481.00,160
724,09:30:21,$ 3481.84,100
725,09:30:20,$ 3481.91,100
726,09:30:20,$ 3481.87,100
727,09:30:20,$ 3481.87,100
728,09:30:20,$ 3481.44,100
729,09:30:20,$ 3481.44,100
730,09:30:20,$ 3482.66,100
731,09:30:20,$ 3483.43,200
732,09:30:20,$ 3483.43,200
733,09:30:20,$ 3483.43,100
734,09:30:16,$ 3484.6927,488
736,09:30:15,$ 3485.01,100
737,09:30:14,$ 3485.855,100
738,09:30:14,$ 3486.97,100
739,09:30:14,$ 3486.505,100
740,09:30:10,$ 3485.46,100
741,09:30:10,$ 3485.65,100
742,09:30:10,$ 3485.64,100
743,09:30:10,$ 3485.40,100
744,09:30:10,$ 3485.001,100
745,09:30:08,$ 3487.06,100
746,09:30:05,$ 3488.12,100
747,09:30:02,$ 3488.24,1
748,09:30:02,$ 3488.24,5
749,09:30:02,$ 3488.24,9
750,09:30:02,$ 3488.24,11
751,09:30:02,$ 3488.24,2
752,09:30:02,$ 3488.24,5
753,09:30:02,$ 3488.24,2
754,09:30:02,$ 3488.24,5
755,09:30:02,$ 3488.24,3
757,09:30:02,$ 3488.24,1
758,09:30:02,$ 3488.24,3
759,09:30:02,$ 3488.24,1
760,09:30:02,$ 3488.24,2
761,09:30:02,$ 3488.24,3
762,09:30:02,$ 3488.24,4
763,09:30:02,$ 3488.24,17
764,09:30:02,$ 3488.24,5
765,09:30:02,$ 3488.24,4
766,09:30:02,$ 3488.24,1
767,09:30:02,$ 3488.24,1
768,09:30:02,$ 3488.24,6
769,09:30:02,$ 3488.24,1
770,09:30:02,$ 3488.24,1
771,09:30:02,$ 3488.24,1
772,09:30:02,$ 3488.24,1
773,09:30:02,$ 3488.24,1
774,09:30:02,$ 3488.24,2
775,09:30:02,$ 3488.24,2
776,09:30:02,$ 3488.24,4
778,09:30:02,$ 3488.24,14
779,09:30:02,$ 3488.24,1
780,09:30:02,$ 3488.24,1
781,09:30:02,$ 3488.24,2
782,09:30:02,$ 3488.24,2
783,09:30:02,$ 3488.24,5
784,09:30:02,$ 3488.24,2
785,09:30:02,$ 3488.24,3
786,09:30:02,$ 3488.24,10
787,09:30:02,$ 3488.24,1
788,09:30:02,$ 3488.24,2
789,09:30:02,$ 3488.24,1
790,09:30:02,$ 3488.24,1
791,09:30:02,$ 3488.24,1
792,09:30:02,$ 3488.24,1
793,09:30:02,$ 3488.24,1
794,09:30:02,$ 3488.24,3
795,09:30:02,$ 3488.24,1
796,09:30:02,$ 3488.24,1
797,09:30:02,$ 3488.24,2
799,09:30:02,$ 3488.24,2
800,09:30:02,$ 3488.24,3
801,09:30:02,$ 3488.24,1
802,09:30:02,$ 3488.24,1
803,09:30:02,$ 3488.24,1
804,09:30:02,$ 3488.24,1
805,09:30:02,$ 3488.24,2
806,09:30:02,$ 3488.24,2
807,09:30:02,$ 3488.24,2
808,09:30:02,$ 3488.24,3
809,09:30:02,$ 3488.24,1
810,09:30:02,$ 3488.24,20
811,09:30:02,$ 3488.24,1
812,09:30:02,$ 3488.24,5
813,09:30:02,$ 3488.24,1
814,09:30:02,$ 3488.24,10
815,09:30:02,$ 3488.24,1
816,09:30:02,$ 3488.24,2
817,09:30:02,$ 3488.24,5
818,09:30:02,$ 3488.24,1
820,09:30:02,$ 3488.24,1
821,09:30:02,$ 3488.24,2
822,09:30:02,$ 3488.24,2
823,09:30:02,$ 3488.24,2
824,09:30:02,$ 3488.24,1
825,09:30:02,$ 3488.24,3
826,09:30:02,$ 3488.24,3
827,09:30:02,$ 3488.24,3
828,09:30:02,$ 3488.24,1
829,09:30:02,$ 3488.24,1
830,09:30:02,$ 3488.24,1
831,09:30:02,$ 3488.24,1
832,09:30:02,$ 3488.24,4
833,09:30:02,$ 3488.24,1
834,09:30:02,$ 3488.24,1
835,09:30:02,$ 3488.24,1
836,09:30:02,$ 3488.24,5
837,09:30:02,$ 3488.24,1
838,09:30:02,$ 3488.24,1
839,09:30:02,$ 3488.24,8
841,09:30:02,$ 3488.24,1
842,09:30:02,$ 3488.24,10
843,09:30:02,$ 3488.24,7
844,09:30:02,$ 3488.24,4
845,09:30:02,$ 3488.24,4
846,09:30:02,$ 3488.24,10
847,09:30:02,$ 3488.24,1
848,09:30:02,$ 3488.24,5
849,09:30:02,$ 3488.24,1
850,09:30:02,$ 3488.24,139
851,09:30:02,$ 3488.24,12
852,09:30:02,$ 3488.24,287
853,09:30:02,$ 3488.24,100
854,09:30:02,$ 3488.24,46
855,09:30:02,$ 3488.24,6
856,09:30:02,$ 3488.24,2
857,09:30:02,$ 3488.24,8
858,09:30:02,$ 3488.24,1
859,09:30:02,$ 3488.24,5
860,09:30:02,$ 3488.24,192
862,09:30:02,$ 3488.24,10
863,09:30:02,$ 3488.24,506
864,09:30:02,$ 3488.24,506
865,09:30:02,$ 3488.24,1
866,09:30:02,$ 3488.24,6
867,09:30:02,$ 3488.24,6
868,09:30:02,$ 3488.24,14
869,09:30:02,$ 3488.24,1
870,09:30:02,$ 3488.24,1
871,09:30:02,$ 3488.24,1
872,09:30:02,$ 3488.24,19
873,09:30:02,$ 3488.24,2
874,09:30:02,$ 3488.24,3
875,09:30:02,$ 3488.24,"4,332"
876,09:30:02,$ 3488.24,3
877,09:30:02,$ 3488.24,3
878,09:30:02,$ 3488.24,6
879,09:30:02,$ 3488.24,2
880,09:30:02,$ 3488.24,5
881,09:30:02,$ 3488.24,2
883,09:30:02,$ 3488.24,5
884,09:30:02,$ 3488.24,1
885,09:30:02,$ 3488.24,3
886,09:30:02,$ 3488.24,"11,483"
887,09:30:02,$ 3488.24,3
888,09:30:02,$ 3488.24,3
889,09:30:02,$ 3488.24,11
890,09:30:02,$ 3488.24,2
891,09:30:02,$ 3488.24,30
892,09:30:02,$ 3488.24,120
893,09:30:02,$ 3488.24,1
894,09:30:02,$ 3488.24,1
895,09:30:02,$ 3488.24,1
896,09:30:02,$ 3488.24,1
897,09:30:02,$ 3488.24,1
898,09:30:02,$ 3488.24,1
899,09:30:02,$ 3488.24,1
900,09:30:02,$ 3488.24,2
901,09:30:02,$ 3488.24,1
902,09:30:02,$ 3488.24,1
904,09:30:02,$ 3488.24,8
905,09:30:02,$ 3488.24,2
906,09:30:02,$ 3488.24,1
907,09:30:02,$ 3488.24,9
908,09:30:02,$ 3488.24,1
909,09:30:02,$ 3488.24,3
910,09:30:02,$ 3488.24,8
911,09:30:02,$ 3488.24,1
912,09:30:02,$ 3488.24,1
913,09:30:02,$ 3488.24,3
914,09:30:02,$ 3488.24,1
915,09:30:02,$ 3488.24,25
916,09:30:02,$ 3488.24,1
917,09:30:02,$ 3488.24,2
918,09:30:02,$ 3488.24,1
919,09:30:02,$ 3488.24,7
920,09:30:02,$ 3488.24,5
921,09:30:02,$ 3488.24,2
922,09:30:02,$ 3488.24,2
923,09:30:02,$ 3488.24,50
925,09:30:02,$ 3488.24,1
926,09:30:02,$ 3488.24,6
927,09:30:02,$ 3488.24,10
928,09:30:02,$ 3488.24,1
929,09:30:02,$ 3488.24,3
930,09:30:02,$ 3488.24,1
931,09:30:02,$ 3488.24,1
932,09:30:02,$ 3488.24,704
933,09:30:02,$ 3488.24,"1,668"
934,09:30:02,$ 3488.24,"7,915"
935,09:30:02,$ 3488.24,1
936,09:30:02,$ 3488.24,1
937,09:30:02,$ 3488.24,1
938,09:30:02,$ 3488.24,15
939,09:30:02,$ 3488.24,4
940,09:30:02,$ 3488.24,1
941,09:30:02,$ 3488.24,"2,074"
942,09:30:02,$ 3488.24,"8,775"
943,09:30:02,$ 3488.24,2
944,09:30:02,$ 3488.24,"2,073"
946,09:30:02,$ 3488.24,"8,775"
947,09:30:02,$ 3488.24,"1,382"
948,09:30:02,$ 3488.24,"5,849"
949,09:30:02,$ 3488.24,"1,843"
950,09:30:02,$ 3488.24,"7,799"
951,09:30:02,$ 3488.24,549
952,09:30:02,$ 3488.24,2
953,09:30:02,$ 3488.24,2
954,09:30:02,$ 3488.24,2
955,09:30:02,$ 3488.24,2
956,09:30:02,$ 3488.24,2
957,09:30:02,$ 3488.24,1
958,09:30:02,$ 3488.24,1
959,09:30:02,$ 3488.24,12
960,09:30:02,$ 3488.24,1
961,09:30:02,$ 3488.24,9
962,09:30:02,$ 3488.24,"7,372"
963,09:30:02,$ 3488.24,2
964,09:30:02,$ 3488.24,3
965,09:30:02,$ 3488.24,4
967,09:30:02,$ 3488.24,49
968,09:30:02,$ 3488.24,3
969,09:30:02,$ 3488.24,2
970,09:30:02,$ 3488.24,2
971,09:30:02,$ 3488.24,4
972,09:30:02,$ 3488.24,2
973,09:30:02,$ 3488.24,3
974,09:30:02,$ 3488.24,1
975,09:30:02,$ 3488.24,2
976,09:30:02,$ 3488.24,1
977,09:30:02,$ 3488.24,1
978,09:30:02,$ 3488.24,3
979,09:30:02,$ 3488.24,1
980,09:30:02,$ 3488.24,5
981,09:30:02,$ 3488.24,49
982,09:30:02,$ 3488.24,1
983,09:30:02,$ 3488.24,1
984,09:30:02,$ 3488.24,1
985,09:30:02,$ 3488.24,1
986,09:30:02,$ 3488.24,1
988,09:30:02,$ 3488.24,3
989,09:30:02,$ 3488.24,1
990,09:30:02,$ 3488.24,5
991,09:30:02,$ 3488.24,1
992,09:30:02,$ 3488.24,3
993,09:30:02,$ 3488.24,1
994,09:30:02,$ 3488.24,1
995,09:30:02,$ 3488.24,1
996,09:30:02,$ 3488.24,1
997,09:30:02,$ 3488.24,4
998,09:30:02,$ 3488.24,1
999,09:30:02,$ 3488.24,1
1000,09:30:02,$ 3488.24,1
1001,09:30:02,$ 3488.24,2
1002,09:30:02,$ 3488.24,5
1003,09:30:02,$ 3488.24,1
1004,09:30:02,$ 3488.24,1
1005,09:30:02,$ 3488.24,1
1006,09:30:02,$ 3488.24,1
1007,09:30:02,$ 3488.24,1
1009,09:30:02,$ 3488.24,1
1010,09:30:02,$ 3488.24,1
1011,09:30:02,$ 3488.24,1
1012,09:30:02,$ 3488.24,1
1013,09:30:02,$ 3488.24,1
1014,09:30:02,$ 3488.24,1
1015,09:30:02,$ 3488.24,1
1016,09:30:02,$ 3488.24,1
1017,09:30:02,$ 3488.24,1
1018,09:30:02,$ 3488.24,1
1019,09:30:02,$ 3488.24,1
1020,09:30:02,$ 3488.24,1
1021,09:30:02,$ 3488.24,1
1022,09:30:02,$ 3488.24,1
1023,09:30:02,$ 3488.24,1
1024,09:30:02,$ 3488.24,1
1025,09:30:02,$ 3488.24,1
1026,09:30:02,$ 3488.24,1
1027,09:30:02,$ 3488.24,1
1028,09:30:02,$ 3488.24,1
1030,09:30:02,$ 3488.24,1
1031,09:30:02,$ 3488.24,1
1032,09:30:02,$ 3488.24,4
1033,09:30:02,$ 3488.24,1
1034,09:30:02,$ 3488.24,1
1035,09:30:02,$ 3488.24,1
1036,09:30:02,$ 3488.24,1
1037,09:30:02,$ 3488.24,1
1038,09:30:02,$ 3488.24,1
1039,09:30:02,$ 3488.24,1
1040,09:30:02,$ 3488.24,1
1041,09:30:02,$ 3488.24,1
1042,09:30:02,$ 3488.24,1
1043,09:30:02,$ 3488.24,1
1044,09:30:02,$ 3488.24,1
1045,09:30:02,$ 3488.24,1
1046,09:30:02,$ 3488.24,1
1047,09:30:02,$ 3488.24,1
1048,09:30:02,$ 3488.24,1
1049,09:30:02,$ 3488.24,1
1051,09:30:02,$ 3488.24,1
1052,09:30:02,$ 3488.24,1
1053,09:30:02,$ 3488.24,1
1054,09:30:02,$ 3488.24,1
1055,09:30:02,$ 3488.24,1
1056,09:30:02,$ 3488.24,1
1057,09:30:02,$ 3488.24,1
1058,09:30:02,$ 3488.24,1
1059,09:30:02,$ 3488.24,1
1060,09:30:02,$ 3488.24,1
1061,09:30:02,$ 3488.24,1
1062,09:30:02,$ 3488.24,1
1063,09:30:02,$ 3488.24,1
1064,09:30:02,$ 3488.24,1
1065,09:30:02,$ 3488.24,1
1066,09:30:02,$ 3488.24,1
1067,09:30:02,$ 3488.24,1
1068,09:30:02,$ 3488.24,1
1069,09:30:02,$ 3488.24,1
1070,09:30:02,$ 3488.24,1
1072,09:30:02,$ 3488.24,1
1073,09:30:02,$ 3488.24,1
1074,09:30:02,$ 3488.24,1
1075,09:30:02,$ 3488.24,1
1076,09:30:02,$ 3488.24,1
1077,09:30:02,$ 3488.24,1
1078,09:30:02,$ 3488.24,1
1079,09:30:02,$ 3488.24,1
1080,09:30:02,$ 3488.24,1
1081,09:30:02,$ 3488.24,1
1082,09:30:02,$ 3488.24,1
1083,09:30:02,$ 3488.24,1
1084,09:30:02,$ 3488.24,1
1085,09:30:02,$ 3488.24,1
1086,09:30:02,$ 3488.24,1
1087,09:30:02,$ 3488.24,1
1088,09:30:02,$ 3488.24,1
1089,09:30:02,$ 3488.24,1
1090,09:30:02,$ 3488.24,1
1091,09:30:02,$ 3488.24,1
1093,09:30:02,$ 3488.24,1
1094,09:30:02,$ 3488.24,1
1095,09:30:02,$ 3488.24,1
1096,09:30:02,$ 3488.24,1
1097,09:30:02,$ 3488.24,1
1098,09:30:02,$ 3488.24,1
1099,09:30:02,$ 3488.24,1
1100,09:30:02,$ 3488.24,2
1101,09:30:02,$ 3488.24,1
1102,09:30:02,$ 3488.24,8
1103,09:30:02,$ 3488.24,2
1104,09:30:02,$ 3488.24,1
1105,09:30:02,$ 3488.24,1
1106,09:30:02,$ 3488.24,1
1107,09:30:02,$ 3488.24,1
1108,09:30:02,$ 3488.24,1
1109,09:30:02,$ 3488.24,5
1110,09:30:02,$ 3488.24,1
1111,09:30:02,$ 3488.24,2
1112,09:30:02,$ 3488.24,1
1114,09:30:02,$ 3488.24,8
1115,09:30:02,$ 3488.24,1
1116,09:30:02,$ 3488.24,2
1117,09:30:02,$ 3488.24,1
1118,09:30:02,$ 3488.24,1
1119,09:30:02,$ 3488.24,2
1120,09:30:02,$ 3488.24,1
1121,09:30:02,$ 3488.24,8
1122,09:30:02,$ 3488.24,3
1123,09:30:02,$ 3488.24,1
1124,09:30:02,$ 3488.24,2
1125,09:30:02,$ 3488.24,2
1126,09:30:02,$ 3488.24,1
1127,09:30:02,$ 3488.24,5
1128,09:30:02,$ 3488.24,1
1129,09:30:02,$ 3488.24,2
1130,09:30:02,$ 3488.24,1
1131,09:30:02,$ 3488.24,30
1132,09:30:02,$ 3488.24,1
1133,09:30:02,$ 3488.24,5
1135,09:30:02,$ 3488.24,7
1136,09:30:02,$ 3488.24,1
1137,09:30:02,$ 3488.24,1
1138,09:30:02,$ 3488.24,1
1139,09:30:02,$ 3488.24,1
1140,09:30:02,$ 3488.24,3
1141,09:30:02,$ 3488.24,5
1142,09:30:02,$ 3488.24,1
1143,09:30:02,$ 3488.24,1
1144,09:30:02,$ 3488.24,1
1145,09:30:02,$ 3488.24,1
1146,09:30:02,$ 3488.24,1
1147,09:30:02,$ 3488.24,1
1148,09:30:02,$ 3488.24,1
1149,09:30:02,$ 3488.24,1
1150,09:30:02,$ 3488.24,1
1151,09:30:02,$ 3488.24,1
1152,09:30:02,$ 3488.24,1
1153,09:30:02,$ 3488.24,1
1154,09:30:02,$ 3488.24,1
1156,09:30:02,$ 3488.24,1
1157,09:30:02,$ 3488.24,1
1158,09:30:02,$ 3488.24,2
1159,09:30:02,$ 3488.24,1
1160,09:30:02,$ 3488.24,1
1161,09:30:02,$ 3488.24,1
1162,09:30:02,$ 3488.24,1
1163,09:30:02,$ 3488.24,1
1164,09:30:02,$ 3488.24,1
1165,09:30:02,$ 3488.24,1
1166,09:30:02,$ 3488.24,1
1167,09:30:02,$ 3488.24,1
1168,09:30:02,$ 3488.24,1
1169,09:30:02,$ 3488.24,1
1170,09:30:02,$ 3488.24,1
1171,09:30:02,$ 3488.24,1
1172,09:30:02,$ 3488.24,1
1173,09:30:02,$ 3488.24,1
1174,09:30:02,$ 3488.24,1
1175,09:30:02,$ 3488.24,1
1177,09:30:02,$ 3488.24,1
1178,09:30:02,$ 3488.24,1
1179,09:30:02,$ 3488.24,1
1180,09:30:02,$ 3488.24,1
1181,09:30:02,$ 3488.24,1
1182,09:30:02,$ 3488.24,7
1183,09:30:02,$ 3488.24,1
1184,09:30:02,$ 3488.24,1
1185,09:30:02,$ 3488.24,1
1186,09:30:02,$ 3488.24,1
1187,09:30:02,$ 3488.24,1
1188,09:30:02,$ 3488.24,1
1189,09:30:02,$ 3488.24,1
1190,09:30:02,$ 3488.24,1
1191,09:30:02,$ 3488.24,1
1192,09:30:02,$ 3488.24,1
1193,09:30:02,$ 3488.24,1
1194,09:30:02,$ 3488.24,1
1195,09:30:02,$ 3488.24,1
1196,09:30:02,$ 3488.24,1
1198,09:30:02,$ 3488.24,1
1199,09:30:02,$ 3488.24,2
1200,09:30:02,$ 3488.24,1
1201,09:30:02,$ 3488.24,1
1202,09:30:02,$ 3488.24,1
1203,09:30:02,$ 3488.24,1
1204,09:30:02,$ 3488.24,1
1205,09:30:02,$ 3488.24,1
1206,09:30:02,$ 3488.24,1
1207,09:30:02,$ 3488.24,1
1208,09:30:02,$ 3488.24,1
1209,09:30:02,$ 3488.24,1
1210,09:30:02,$ 3488.24,1
1211,09:30:02,$ 3488.24,1
1212,09:30:02,$ 3488.24,1
1213,09:30:02,$ 3488.24,1
1214,09:30:02,$ 3488.24,1
1215,09:30:02,$ 3488.24,1
1216,09:30:02,$ 3488.24,1
1217,09:30:02,$ 3488.24,1
1219,09:30:02,$ 3488.24,1
1220,09:30:02,$ 3488.24,1
1221,09:30:02,$ 3488.24,1
1222,09:30:02,$ 3488.24,1
1223,09:30:02,$ 3488.24,1
1224,09:30:02,$ 3488.24,1
1225,09:30:02,$ 3488.24,1
1226,09:30:02,$ 3488.24,1
1227,09:30:02,$ 3488.24,1
1228,09:30:02,$ 3488.24,1
1229,09:30:02,$ 3488.24,1
1230,09:30:02,$ 3488.24,1
1231,09:30:02,$ 3488.24,1
1232,09:30:02,$ 3488.24,1
1233,09:30:02,$ 3488.24,1
1234,09:30:02,$ 3488.24,1
1235,09:30:02,$ 3488.24,1
1236,09:30:02,$ 3488.24,19
1237,09:30:02,$ 3488.24,1
1238,09:30:02,$ 3488.24,1
1240,09:30:02,$ 3488.24,1
1241,09:30:02,$ 3488.24,1
1242,09:30:02,$ 3488.24,1
1243,09:30:02,$ 3488.24,1
1244,09:30:02,$ 3488.24,1
1245,09:30:02,$ 3488.24,1
1246,09:30:02,$ 3488.24,1
1247,09:30:02,$ 3488.24,1
1248,09:30:02,$ 3488.24,1
1249,09:30:02,$ 3488.24,1
1250,09:30:02,$ 3488.24,1
1251,09:30:02,$ 3488.24,1
1252,09:30:02,$ 3488.24,1
1253,09:30:02,$ 3488.24,1
1254,09:30:02,$ 3488.24,1
1255,09:30:02,$ 3488.24,1
1256,09:30:02,$ 3488.24,1
1257,09:30:02,$ 3488.24,1
1258,09:30:02,$ 3488.24,1
1259,09:30:02,$ 3488.24,1
1261,09:30:02,$ 3488.24,100
1262,09:30:02,$ 3488.24,5
1263,09:30:02,$ 3488.24,1
1264,09:30:02,$ 3488.24,10
1265,09:30:02,$ 3488.24,1
1266,09:30:02,$ 3488.24,50
1267,09:30:02,$ 3488.24,3
1268,09:30:02,$ 3488.24,3
1269,09:30:02,$ 3488.24,40
1270,09:30:02,$ 3488.24,6
1271,09:30:02,$ 3488.24,17
1272,09:30:02,$ 3488.24,7
1273,09:30:02,$ 3488.24,1
1274,09:30:02,$ 3488.24,"6,015"
1275,09:30:02,$ 3488.24,"5,000"
1276,09:30:02,$ 3488.24,"5,000"
1277,09:30:02,$ 3488.24,"5,000"
1278,09:30:02,$ 3488.24,"5,000"
1279,09:30:02,$ 3488.24,"5,000"
1280,09:30:02,$ 3488.24,"5,000"
1282,09:30:02,$ 3488.24,"2,800"
1283,09:30:02,$ 3488.24,1
1284,09:30:02,$ 3488.24,"2,800"
1285,09:30:02,$ 3488.24,3
1286,09:30:02,$ 3488.24,403
1287,09:30:02,$ 3488.24,5
1288,09:30:02,$ 3488.24,1
1289,09:30:02,$ 3488.24,1
1290,09:30:02,$ 3488.24,2
1291,09:30:02,$ 3488.24,1
1292,09:30:02,$ 3488.24,1
1293,09:30:02,$ 3488.24,1
1294,09:30:02,$ 3488.24,2
1295,09:30:02,$ 3488.24,1
1296,09:30:02,$ 3488.24,9
1297,09:30:02,$ 3488.24,1
1298,09:30:02,$ 3488.24,1
1299,09:30:02,$ 3488.24,2
1300,09:30:02,$ 3488.24,23
1301,09:30:02,$ 3488.24,1
1303,09:30:02,$ 3488.24,2
1304,09:30:02,$ 3488.24,2
1305,09:30:02,$ 3488.24,2
1306,09:30:02,$ 3488.24,1
1307,09:30:02,$ 3488.24,5
1308,09:30:02,$ 3488.24,10
1309,09:30:02,$ 3488.24,1
1310,09:30:02,$ 3488.24,11
1311,09:30:02,$ 3488.24,3
1312,09:30:02,$ 3488.24,8
1313,09:30:02,$ 3488.24,2
1314,09:30:02,$ 3488.24,55
1315,09:30:02,$ 3488.24,2
1316,09:30:02,$ 3488.24,5
1317,09:30:02,$ 3488.24,10
1318,09:30:02,$ 3488.24,1
1319,09:30:02,$ 3488.24,1
1320,09:30:02,$ 3488.24,7
1321,09:30:02,$ 3488.24,1
1322,09:30:02,$ 3488.24,3
1324,09:30:02,$ 3488.24,3
1325,09:30:02,$ 3488.24,3
1326,09:30:02,$ 3488.24,4
1327,09:30:02,$ 3488.24,1
1328,09:30:02,$ 3488.24,11
1329,09:30:02,$ 3488.24,3
1330,09:30:02,$ 3488.24,35
1331,09:30:02,$ 3488.24,5
1332,09:30:02,$ 3488.24,57
1333,09:30:02,$ 3488.24,7
1334,09:30:02,$ 3488.24,3
1335,09:30:02,$ 3488.24,3
1336,09:30:02,$ 3488.24,28
1337,09:30:02,$ 3488.24,2
1338,09:30:02,$ 3488.24,1
1339,09:30:02,$ 3488.24,1
1340,09:30:02,$ 3488.24,11
1341,09:30:02,$ 3488.24,17
1342,09:30:02,$ 3488.24,1
1343,09:30:02,$ 3488.24,3
1345,09:30:02,$ 3488.24,15
1346,09:30:02,$ 3488.24,1
1347,09:30:02,$ 3488.24,5
1348,09:30:02,$ 3488.24,4
1349,09:30:02,$ 3488.24,4
1350,09:30:02,$ 3488.24,10
1351,09:30:02,$ 3488.24,1
1352,09:30:02,$ 3488.24,1
1353,09:30:02,$ 3488.24,2
1354,09:30:02,$ 3488.24,3
1355,09:30:02,$ 3488.24,9
1356,09:30:02,$ 3488.24,3
1357,09:30:02,$ 3488.24,30
1358,09:30:02,$ 3488.24,7
1359,09:30:02,$ 3488.24,4
1360,09:30:02,$ 3488.24,1
1361,09:30:02,$ 3488.24,10
1362,09:30:02,$ 3488.24,2
1363,09:30:02,$ 3488.24,2
1364,09:30:02,$ 3488.24,2
1366,09:30:02,$ 3488.24,4
1367,09:30:02,$ 3488.24,29
1368,09:30:02,$ 3488.24,3
1369,09:30:02,$ 3488.24,30
1370,09:30:02,$ 3488.24,1
1371,09:30:02,$ 3488.24,14
1372,09:30:02,$ 3488.24,1
1373,09:30:02,$ 3488.24,1
1374,09:30:02,$ 3488.24,4
1375,09:30:02,$ 3488.24,8
1376,09:30:02,$ 3488.24,26
1377,09:30:02,$ 3488.24,2
1378,09:30:02,$ 3488.24,1
1379,09:30:02,$ 3488.24,10
1380,09:30:02,$ 3488.24,1
1381,09:30:02,$ 3488.24,11
1382,09:30:02,$ 3488.24,11
1383,09:30:02,$ 3488.24,5
1384,09:30:02,$ 3488.24,1
1385,09:30:02,$ 3488.24,1
1387,09:30:02,$ 3488.24,2
1388,09:30:02,$ 3488.24,1
1389,09:30:02,$ 3488.24,1
1390,09:30:02,$ 3488.24,1
1391,09:30:02,$ 3488.24,1
1392,09:30:02,$ 3488.24,2
1393,09:30:02,$ 3488.24,2
1394,09:30:02,$ 3488.24,9
1395,09:30:02,$ 3488.24,3
1396,09:30:02,$ 3488.24,1
1397,09:30:02,$ 3488.24,2
1398,09:30:02,$ 3488.24,4
1399,09:30:02,$ 3488.24,1
1400,09:30:02,$ 3488.24,1
1401,09:30:02,$ 3488.24,1
1402,09:30:02,$ 3488.24,1
1403,09:30:02,$ 3488.24,1
1404,09:30:02,$ 3488.24,53
1405,09:30:02,$ 3488.24,1
1406,09:30:02,$ 3488.24,1
1408,09:30:02,$ 3488.24,2
1409,09:30:02,$ 3488.24,1
1410,09:30:02,$ 3488.24,1
1411,09:30:02,$ 3488.24,3
1412,09:30:02,$ 3488.24,5
1413,09:30:02,$ 3488.24,1
1414,09:30:02,$ 3488.24,2
1415,09:30:02,$ 3488.24,1
1416,09:30:02,$ 3488.24,1
1417,09:30:02,$ 3488.24,1
1418,09:30:02,$ 3488.24,22
1419,09:30:02,$ 3488.24,9
1420,09:30:02,$ 3488.24,1
1421,09:30:02,$ 3488.24,5
1422,09:30:02,$ 3488.24,153
1423,09:30:02,$ 3488.24,1
1424,09:30:02,$ 3488.24,1
1425,09:30:02,$ 3488.24,1
1426,09:30:02,$ 3488.24,10
1427,09:30:02,$ 3488.24,1
1429,09:30:02,$ 3488.24,1
1430,09:30:02,$ 3488.24,1
1431,09:30:02,$ 3488.24,4
1432,09:30:02,$ 3488.24,1
1433,09:30:02,$ 3488.24,1
1434,09:30:02,$ 3488.24,1
1435,09:30:02,$ 3488.24,1
1436,09:30:02,$ 3488.24,3
1437,09:30:02,$ 3488.24,4
1438,09:30:02,$ 3488.24,1
1439,09:30:02,$ 3488.24,1
1440,09:30:02,$ 3488.24,1
1441,09:30:02,$ 3488.24,1
1442,09:30:02,$ 3488.24,3
1443,09:30:02,$ 3488.24,1
1444,09:30:02,$ 3488.24,1
1445,09:30:02,$ 3488.24,5
1446,09:30:02,$ 3488.24,4
1447,09:30:02,$ 3488.24,241
1448,09:30:02,$ 3488.24,9
1450,09:30:02,$ 3488.24,5
1451,09:30:02,$ 3488.24,1
1452,09:30:02,$ 3488.24,1
1453,09:30:02,$ 3488.24,1
1454,09:30:02,$ 3488.24,1
1455,09:30:02,$ 3488.24,1
1456,09:30:02,$ 3488.24,10
1457,09:30:02,$ 3488.24,10
1458,09:30:02,$ 3488.24,15
1459,09:30:02,$ 3488.24,15
1460,09:30:02,$ 3488.24,4
1461,09:30:02,$ 3488.24,1
1462,09:30:02,$ 3488.24,296
1463,09:30:02,$ 3488.24,28
1464,09:30:02,$ 3488.24,21
1465,09:30:02,$ 3488.24,2
1466,09:30:02,$ 3488.24,14
1467,09:30:02,$ 3488.24,1
1468,09:30:02,$ 3488.24,1
1469,09:30:02,$ 3488.24,1
1471,09:30:02,$ 3488.24,3
1472,09:30:02,$ 3488.24,100
1473,09:30:02,$ 3488.24,16
1474,09:30:02,$ 3488.24,1
1475,09:30:02,$ 3488.24,1
1476,09:30:02,$ 3488.24,1
1477,09:30:02,$ 3488.24,3
1478,09:30:02,$ 3488.24,1
1479,09:30:02,$ 3488.24,1
1480,09:30:02,$ 3488.24,1
1481,09:30:02,$ 3488.24,2
1482,09:30:02,$ 3488.24,2
1483,09:30:02,$ 3488.24,1
1484,09:30:02,$ 3488.24,1
1485,09:30:02,$ 3488.24,10
1486,09:30:02,$ 3488.24,10
1487,09:30:02,$ 3488.24,20
1488,09:30:02,$ 3488.24,2
1489,09:30:02,$ 3488.24,100
1490,09:30:02,$ 3488.24,10
1492,09:30:02,$ 3488.24,40
1493,09:30:02,$ 3488.24,3
1494,09:30:02,$ 3488.24,5
1495,09:30:02,$ 3488.24,3
1496,09:30:02,$ 3488.24,3
1497,09:30:02,$ 3488.24,3
1498,09:30:02,$ 3488.24,2
1499,09:30:02,$ 3488.24,3
1500,09:30:02,$ 3488.24,2
1501,09:30:02,$ 3488.24,10
1502,09:30:02,$ 3488.24,2
1503,09:30:02,$ 3488.24,1
1504,09:30:02,$ 3488.24,1
1505,09:30:02,$ 3488.24,7
1506,09:30:02,$ 3488.24,10
1507,09:30:02,$ 3488.24,1
1508,09:30:02,$ 3488.24,1
1509,09:30:02,$ 3488.24,10
1510,09:30:02,$ 3488.24,1
1511,09:30:02,$ 3488.24,3
1513,09:30:02,$ 3488.24,1
1514,09:30:02,$ 3488.24,4
1515,09:30:02,$ 3488.24,17
1516,09:30:02,$ 3488.24,24
1517,09:30:02,$ 3488.24,1
1518,09:30:02,$ 3488.24,5
1519,09:30:02,$ 3488.24,21
1520,09:30:02,$ 3488.24,1
1521,09:30:02,$ 3488.24,2
1522,09:30:02,$ 3488.24,10
1523,09:30:02,$ 3488.24,18
1524,09:30:02,$ 3488.24,1
1525,09:30:02,$ 3488.24,1
1526,09:30:02,$ 3488.24,10
1527,09:30:02,$ 3488.24,400
1528,09:30:02,$ 3488.24,100
1529,09:30:02,$ 3488.24,2
1530,09:30:02,$ 3488.24,300
1531,09:30:02,$ 3488.24,1
1532,09:30:02,$ 3488.24,2
1534,09:30:02,$ 3488.24,1
1535,09:30:02,$ 3488.24,35
1536,09:30:02,$ 3488.24,2
1537,09:30:02,$ 3488.24,11
1538,09:30:02,$ 3488.24,1
1539,09:30:02,$ 3488.24,15
1540,09:30:02,$ 3488.24,6
1541,09:30:02,$ 3488.24,1
1542,09:30:02,$ 3488.24,10
1543,09:30:02,$ 3488.24,1
1544,09:30:02,$ 3488.24,10
1545,09:30:02,$ 3488.24,3
1546,09:30:02,$ 3488.24,2
1547,09:30:02,$ 3488.24,1
1548,09:30:02,$ 3488.24,1
1549,09:30:02,$ 3488.24,17
1550,09:30:02,$ 3488.24,21
1551,09:30:02,$ 3488.24,2
1552,09:30:02,$ 3488.24,256
1553,09:30:02,$ 3488.24,2
1555,09:30:02,$ 3488.24,5
1556,09:30:02,$ 3488.24,1
1557,09:30:02,$ 3488.24,1
1558,09:30:02,$ 3488.24,2
1559,09:30:02,$ 3488.24,171
1560,09:30:02,$ 3488.24,1
1561,09:30:02,$ 3488.24,185
1562,09:30:02,$ 3488.24,69
1563,09:30:02,$ 3488.24,1
1564,09:30:02,$ 3488.24,1
1565,09:30:02,$ 3488.24,3
1566,09:30:02,$ 3488.24,1
1567,09:30:02,$ 3488.24,1
1568,09:30:02,$ 3488.24,2
1569,09:30:02,$ 3488.24,1
1570,09:30:02,$ 3488.24,1
1571,09:30:02,$ 3488.24,4
1572,09:30:02,$ 3488.24,10
1573,09:30:02,$ 3488.24,1
1574,09:30:02,$ 3488.24,1
1576,09:30:02,$ 3488.24,2
1577,09:30:02,$ 3488.24,6
1578,09:30:02,$ 3488.24,1
1579,09:30:02,$ 3488.24,6
1580,09:30:02,$ 3488.24,2
1581,09:30:02,$ 3488.24,2
1582,09:30:02,$ 3488.24,10
1583,09:30:02,$ 3488.24,12
1584,09:30:02,$ 3488.24,7
1585,09:30:02,$ 3488.24,4
1586,09:30:02,$ 3488.24,3
1587,09:30:02,$ 3488.24,8
1588,09:30:02,$ 3488.24,2
1589,09:30:02,$ 3488.24,2
1590,09:30:02,$ 3488.24,2
1591,09:30:02,$ 3488.24,1
1592,09:30:02,$ 3488.24,2
1593,09:30:02,$ 3488.24,8
1594,09:30:02,$ 3488.24,5
1595,09:30:02,$ 3488.24,2
1597,09:30:02,$ 3488.24,5
1598,09:30:02,$ 3488.24,1
1599,09:30:02,$ 3488.24,1
1600,09:30:02,$ 3488.24,42
1601,09:30:02,$ 3488.24,17
1602,09:30:02,$ 3488.24,11
1603,09:30:02,$ 3488.24,30
1604,09:30:02,$ 3488.24,110
1605,09:30:02,$ 3488.24,1
1606,09:30:02,$ 3488.24,1
1607,09:30:02,$ 3488.24,1
1608,09:30:02,$ 3488.24,1
1609,09:30:02,$ 3488.24,1
1610,09:30:02,$ 3488.24,1
1611,09:30:02,$ 3488.24,1
1612,09:30:02,$ 3488.24,1
1613,09:30:02,$ 3488.24,1
1614,09:30:02,$ 3488.24,1
1615,09:30:02,$ 3488.24,1
1616,09:30:02,$ 3488.24,1
1618,09:30:02,$ 3488.24,1
1619,09:30:02,$ 3488.24,1
1620,09:30:02,$ 3488.24,1
1621,09:30:02,$ 3488.24,1
1622,09:30:02,$ 3488.24,1
1623,09:30:02,$ 3488.24,10
1624,09:30:02,$ 3488.24,11
1625,09:30:02,$ 3488.24,354
1626,09:30:02,$ 3488.24,1
1627,09:30:02,$ 3488.24,114
1628,09:30:02,$ 3488.24,1
1629,09:30:02,$ 3488.24,1
1630,09:30:02,$ 3488.24,4
1631,09:30:02,$ 3488.24,3
1632,09:30:02,$ 3488.24,1
1633,09:30:02,$ 3488.24,1
1634,09:30:02,$ 3488.24,2
1635,09:30:02,$ 3488.24,1
1636,09:30:02,$ 3488.24,1
1637,09:30:02,$ 3488.24,5
1639,09:30:02,$ 3488.24,3
1640,09:30:02,$ 3488.24,3
1641,09:30:02,$ 3488.24,2
1642,09:30:02,$ 3488.24,2
1643,09:30:02,$ 3488.24,2
1644,09:30:02,$ 3488.24,1
1645,09:30:02,$ 3488.24,2
1646,09:30:02,$ 3488.24,1
1647,09:30:02,$ 3488.24,1
1648,09:30:02,$ 3488.24,3
1649,09:30:02,$ 3488.24,1
1650,09:30:02,$ 3488.24,1
1651,09:30:02,$ 3488.24,1
1652,09:30:02,$ 3488.24,13
1653,09:30:02,$ 3488.24,1
1654,09:30:02,$ 3488.24,1
1655,09:30:02,$ 3488.24,5
1656,09:30:02,$ 3488.24,57
1657,09:30:02,$ 3488.24,1
1658,09:30:02,$ 3488.24,1
1660,09:30:02,$ 3488.24,1
1661,09:30:02,$ 3488.24,2
1662,09:30:02,$ 3488.24,3
1663,09:30:02,$ 3488.24,5
1664,09:30:02,$ 3488.24,1
1665,09:30:02,$ 3488.24,1
1666,09:30:02,$ 3488.24,1
1667,09:30:02,$ 3488.24,1
1668,09:30:02,$ 3488.24,1
1669,09:30:02,$ 3488.24,1
1670,09:30:02,$ 3488.24,1
1671,09:30:02,$ 3488.24,1
1672,09:30:02,$ 3488.24,1
1673,09:30:02,$ 3488.24,1
1674,09:30:02,$ 3488.24,1
1675,09:30:02,$ 3488.24,1
1676,09:30:02,$ 3488.24,1
1677,09:30:02,$ 3488.24,1
1678,09:30:02,$ 3488.24,1
1679,09:30:02,$ 3488.24,1
1681,09:30:02,$ 3488.24,1
1682,09:30:02,$ 3488.24,1
1683,09:30:02,$ 3488.24,2
1684,09:30:02,$ 3488.24,8
1685,09:30:02,$ 3488.24,13
1686,09:30:02,$ 3488.24,3
1687,09:30:02,$ 3488.24,"3,300"
1688,09:30:02,$ 3488.24,12
1689,09:30:02,$ 3488.24,19
1690,09:30:02,$ 3488.24,1
1691,09:30:02,$ 3488.24,3
1692,09:30:02,$ 3488.24,1
1693,09:30:02,$ 3488.24,2
1694,09:30:02,$ 3488.24,7
1695,09:30:02,$ 3488.24,2
1696,09:30:02,$ 3488.24,1
1697,09:30:02,$ 3488.24,1
1698,09:30:02,$ 3488.24,2
1699,09:30:02,$ 3488.24,3
1700,09:30:02,$ 3488.24,3
1702,09:30:02,$ 3488.24,1
1703,09:30:02,$ 3488.24,1
1704,09:30:02,$ 3488.24,3
1705,09:30:02,$ 3488.24,1
1706,09:30:02,$ 3488.24,1
1707,09:30:02,$ 3488.24,1
1708,09:30:02,$ 3488.24,2
1709,09:30:02,$ 3488.24,2
1710,09:30:02,$ 3488.24,1
1711,09:30:02,$ 3488.24,1
1712,09:30:02,$ 3488.24,2
1713,09:30:02,$ 3488.24,2
1714,09:30:02,$ 3488.24,2
1715,09:30:02,$ 3488.24,100
1716,09:30:02,$ 3488.24,3
1717,09:30:02,$ 3488.24,5
1718,09:30:02,$ 3488.24,5
1719,09:30:02,$ 3488.24,2
1720,09:30:02,$ 3488.24,200
1721,09:30:02,$ 3488.24,1
1723,09:30:02,$ 3488.24,1
1724,09:30:02,$ 3488.24,100
1725,09:30:02,$ 3488.24,3
1726,09:30:02,$ 3488.24,2
1727,09:30:02,$ 3488.24,3
1728,09:30:02,$ 3488.24,100
1729,09:30:02,$ 3488.24,"1,000"
1730,09:30:02,$ 3488.24,100
1731,09:30:02,$ 3488.24,30
1732,09:30:02,$ 3488.24,4
1733,09:30:02,$ 3488.24,10
1734,09:30:02,$ 3488.24,400
1735,09:30:02,$ 3488.24,5
1736,09:30:02,$ 3488.24,66
1737,09:30:02,$ 3488.24,24
1738,09:30:02,$ 3488.24,3
1739,09:30:02,$ 3488.24,1
1740,09:30:02,$ 3488.24,9
1741,09:30:02,$ 3488.24,4
1742,09:30:02,$ 3488.24,35
1744,09:30:02,$ 3488.24,3
1745,09:30:02,$ 3488.24,1
1746,09:30:02,$ 3488.24,1
1747,09:30:02,$ 3488.24,1
1748,09:30:02,$ 3488.24,4
1749,09:30:02,$ 3488.24,22
1750,09:30:02,$ 3488.24,71
1751,09:30:02,$ 3488.24,38
1752,09:30:02,$ 3488.24,21
1753,09:30:02,$ 3488.24,70
1754,09:30:02,$ 3488.24,5
1755,09:30:02,$ 3488.24,1
1756,09:30:02,$ 3488.24,25
1757,09:30:02,$ 3488.24,"6,800"
1758,09:30:02,$ 3488.24,12
1759,09:30:02,$ 3488.24,10
1760,09:30:02,$ 3488.24,1
1761,09:30:02,$ 3488.24,3
1762,09:30:02,$ 3488.24,10
1763,09:30:02,$ 3488.24,215
1765,09:30:02,$ 3488.24,108
1766,09:30:02,$ 3488.24,400
1767,09:30:02,$ 3488.24,6
1768,09:30:02,$ 3488.24,2
1769,09:30:02,$ 3488.24,1
1770,09:30:02,$ 3488.24,2
1771,09:30:02,$ 3488.24,5
1772,09:30:02,$ 3488.24,4
1773,09:30:02,$ 3488.24,1
1774,09:30:02,$ 3488.24,5
1775,09:30:02,$ 3488.24,9
1776,09:30:02,$ 3488.24,2
1777,09:30:02,$ 3488.24,3
1778,09:30:02,$ 3488.24,1
1779,09:30:02,$ 3488.24,76
1780,09:30:02,$ 3488.24,1
1781,09:30:02,$ 3488.24,26
1782,09:30:02,$ 3488.24,4
1783,09:30:02,$ 3488.24,6
1784,09:30:02,$ 3488.24,8
1786,09:30:02,$ 3488.24,61
1787,09:30:02,$ 3488.24,1
1788,09:30:02,$ 3488.24,18
1789,09:30:02,$ 3488.24,1
1790,09:30:02,$ 3488.24,10
1791,09:30:02,$ 3488.24,3
1792,09:30:02,$ 3488.24,1
1793,09:30:02,$ 3488.24,500
1794,09:30:02,$ 3488.24,5
1795,09:30:02,$ 3488.24,1
1796,09:30:02,$ 3488.24,1
1797,09:30:02,$ 3488.24,9
1798,09:30:02,$ 3488.24,1
1799,09:30:02,$ 3488.24,39
1800,09:30:02,$ 3488.24,8
1801,09:30:02,$ 3488.24,3
1802,09:30:02,$ 3488.24,3
1803,09:30:02,$ 3488.24,3
1804,09:30:02,$ 3488.24,30
1805,09:30:02,$ 3488.24,25
1807,09:30:02,$ 3488.24,10
1808,09:30:02,$ 3488.24,8
1809,09:30:02,$ 3488.24,2
1810,09:30:02,$ 3488.24,2
1811,09:30:02,$ 3488.24,25
1812,09:30:02,$ 3488.24,57
1813,09:30:02,$ 3488.24,88
1814,09:30:02,$ 3488.24,58
1815,09:30:02,$ 3488.24,14
1816,09:30:02,$ 3488.24,169
1817,09:30:02,$ 3488.24,25
1818,09:30:02,$ 3488.24,17
1819,09:30:02,$ 3488.24,6
1820,09:30:02,$ 3488.24,1
1821,09:30:02,$ 3488.24,1
1822,09:30:02,$ 3488.24,"1,397"
1823,09:30:02,$ 3488.24,14
1824,09:30:02,$ 3488.24,"2,368"
1825,09:30:02,$ 3488.24,1
1826,09:30:02,$ 3488.24,5
1828,09:30:02,$ 3488.24,23
1829,09:30:02,$ 3488.24,1
1830,09:30:02,$ 3488.24,1
1831,09:30:02,$ 3488.24,7
1832,09:30:02,$ 3488.24,14
1833,09:30:02,$ 3488.24,10
1834,09:30:02,$ 3488.24,16
1835,09:30:02,$ 3488.24,14
1836,09:30:02,$ 3488.24,86
1837,09:30:02,$ 3488.24,1
1838,09:30:02,$ 3488.24,239
1839,09:30:02,$ 3488.24,62
1840,09:30:02,$ 3488.24,6
1841,09:30:02,$ 3488.24,4
1842,09:30:02,$ 3488.24,2
1843,09:30:02,$ 3488.24,1
1844,09:30:02,$ 3488.24,3
1845,09:30:02,$ 3488.24,1
1846,09:30:02,$ 3488.24,4
1847,09:30:02,$ 3488.24,48
1849,09:30:02,$ 3488.24,1
1850,09:30:02,$ 3488.24,1
1851,09:30:02,$ 3488.24,3
1852,09:30:02,$ 3488.24,1
1853,09:30:02,$ 3488.24,34
1854,09:30:02,$ 3488.24,75
1855,09:30:02,$ 3488.24,14
1856,09:30:02,$ 3488.24,2
1857,09:30:02,$ 3488.24,13
1858,09:30:02,$ 3488.24,3
1859,09:30:02,$ 3488.24,2
1860,09:30:02,$ 3488.24,1
1861,09:30:02,$ 3488.24,1
1862,09:30:02,$ 3488.24,5
1863,09:30:02,$ 3488.24,3
1864,09:30:02,$ 3488.24,1
1865,09:30:02,$ 3488.24,3
1866,09:30:02,$ 3488.24,699
1867,09:30:02,$ 3488.24,80
1868,09:30:02,$ 3488.24,1
1870,09:30:02,$ 3488.24,1
1871,09:30:02,$ 3488.24,19
1872,09:30:02,$ 3488.24,1
1873,09:30:02,$ 3488.24,2
1874,09:30:02,$ 3488.24,3
1875,09:30:02,$ 3488.24,218
1876,09:30:02,$ 3488.24,374
1877,09:30:02,$ 3488.24,10
1878,09:30:02,$ 3488.24,89
1879,09:30:02,$ 3488.24,3
1880,09:30:02,$ 3488.24,31
1881,09:30:02,$ 3488.24,10
1882,09:30:02,$ 3488.24,4
1883,09:30:02,$ 3488.24,6
1884,09:30:02,$ 3488.24,8
1885,09:30:02,$ 3488.24,54
1886,09:30:02,$ 3488.24,6
1887,09:30:02,$ 3488.24,1
1888,09:30:02,$ 3488.24,1
1889,09:30:02,$ 3488.24,6
1891,09:30:02,$ 3488.24,12
1892,09:30:02,$ 3488.24,170
1893,09:30:02,$ 3488.24,1
1894,09:30:02,$ 3488.24,2
1895,09:30:02,$ 3488.24,1
1896,09:30:02,$ 3488.24,2
1897,09:30:02,$ 3488.24,7
1898,09:30:02,$ 3488.24,1
1899,09:30:02,$ 3488.24,1
1900,09:30:02,$ 3488.24,1
1901,09:30:02,$ 3488.24,1
1902,09:30:02,$ 3488.24,1
1903,09:30:02,$ 3488.24,1
1904,09:30:02,$ 3488.24,200
1905,09:30:02,$ 3488.24,1
1906,09:30:02,$ 3488.24,419
1907,09:30:02,$ 3488.24,1
1908,09:30:02,$ 3488.24,3
1909,09:30:02,$ 3488.24,1
1910,09:30:02,$ 3488.24,2
1912,09:30:02,$ 3488.24,4
1913,09:30:02,$ 3488.24,9
1914,09:30:02,$ 3488.24,11
1915,09:30:02,$ 3488.24,"14,359"
1916,09:30:02,$ 3488.24,23
1917,09:30:02,$ 3488.24,8
1918,09:30:02,$ 3488.24,1
1919,09:30:02,$ 3488.24,7
1920,09:30:02,$ 3488.24,5
1921,09:30:02,$ 3488.24,4
1922,09:30:02,$ 3488.24,1
1923,09:30:02,$ 3488.24,178
1924,09:30:02,$ 3488.24,28
1925,09:30:02,$ 3488.24,178
1926,09:30:02,$ 3488.24,178
1927,09:30:02,$ 3488.24,178
1928,09:30:02,$ 3488.24,2
1929,09:30:02,$ 3488.24,1
1930,09:30:02,$ 3488.24,4
1931,09:30:02,$ 3488.24,9
1933,09:30:02,$ 3488.24,42
1934,09:30:02,$ 3488.24,39
1935,09:30:02,$ 3488.24,10
1936,09:30:02,$ 3488.24,1
1937,09:30:02,$ 3488.24,5
1938,09:30:02,$ 3488.24,5
1939,09:30:02,$ 3488.24,99
1940,09:30:02,$ 3488.24,1
1941,09:30:02,$ 3488.24,6
1942,09:30:02,$ 3488.24,12
1943,09:30:02,$ 3488.24,1
1944,09:30:02,$ 3488.24,"7,425"
1945,09:30:02,$ 3488.24,11
1946,09:30:02,$ 3488.24,96
1947,09:30:02,$ 3488.24,5
1948,09:30:02,$ 3488.24,1
1949,09:30:02,$ 3488.24,1
1950,09:30:02,$ 3488.24,7
1951,09:30:02,$ 3488.24,1
1952,09:30:02,$ 3488.24,1
1954,09:30:02,$ 3488.24,60
1955,09:30:02,$ 3488.24,1
1956,09:30:02,$ 3488.24,4
1957,09:30:02,$ 3488.24,100
1958,09:30:02,$ 3488.24,10
1959,09:30:02,$ 3488.24,7
1960,09:30:02,$ 3488.24,6
1961,09:30:02,$ 3488.24,20
1962,09:30:02,$ 3488.24,2
1963,09:30:02,$ 3488.24,11
1964,09:30:02,$ 3488.24,12
1965,09:30:02,$ 3488.24,1
1966,09:30:02,$ 3488.24,614
1967,09:30:02,$ 3488.24,12
1968,09:30:02,$ 3488.24,15
1969,09:30:02,$ 3488.24,1
1970,09:30:02,$ 3488.24,1
1971,09:30:02,$ 3488.24,"68,262"
1972,09:30:02,$ 3488.24,3
1973,09:30:02,$ 3488.24,1
1975,09:30:02,$ 3488.24,3
1976,09:30:02,$ 3488.24,104
1977,09:30:02,$ 3488.24,1
1978,09:30:02,$ 3488.24,1
1979,09:30:02,$ 3488.24,6
1980,09:30:02,$ 3488.24,14
1981,09:30:02,$ 3488.24,1
1982,09:30:02,$ 3488.24,699
1983,09:30:02,$ 3488.24,1
1984,09:30:02,$ 3488.24,10
1985,09:30:02,$ 3488.24,10
1986,09:30:02,$ 3488.24,314
1987,09:30:02,$ 3488.24,60
1988,09:30:02,$ 3488.24,"3,425"
1989,09:30:02,$ 3488.24,"3,423"
1990,09:30:02,$ 3488.24,300
1991,09:30:02,$ 3488.24,3
1992,09:30:02,$ 3488.24,"3,423"
1993,09:30:02,$ 3488.24,"3,423"
1994,09:30:02,$ 3488.24,5
1996,09:30:02,$ 3488.24,1
1997,09:30:02,$ 3488.24,"22,126"
1998,09:30:02,$ 3488.24,"3,423"
1999,09:30:02,$ 3488.24,111
2000,09:30:02,$ 3488.24,1
2001,09:30:02,$ 3488.24,8
2002,09:30:02,$ 3488.24,5
2003,09:30:02,$ 3488.24,2
2004,09:30:02,$ 3488.24,1
2005,09:30:02,$ 3488.24,"2,000"
2006,09:30:02,$ 3488.24,1
2007,09:30:02,$ 3488.24,1
2008,09:30:02,$ 3488.24,5
2009,09:30:02,$ 3488.24,1
2010,09:30:02,$ 3488.24,1
2011,09:30:02,$ 3488.24,4
2012,09:30:02,$ 3488.24,1
2013,09:30:02,$ 3488.24,1
2014,09:30:02,$ 3488.24,1
2015,09:30:02,$ 3488.24,22
2017,09:30:02,$ 3488.24,6
2018,09:30:02,$ 3488.24,5
2019,09:30:02,$ 3488.24,4
2020,09:30:02,$ 3488.24,46
2021,09:30:02,$ 3488.24,319
2022,09:30:02,$ 3488.24,1
2023,09:30:02,$ 3488.24,9
2024,09:30:02,$ 3488.24,8
2025,09:30:02,$ 3488.24,1
2026,09:30:02,$ 3488.24,1
2027,09:30:02,$ 3488.24,1
2028,09:30:02,$ 3488.24,1
2029,09:30:02,$ 3488.24,1
2030,09:30:02,$ 3488.24,1
2031,09:30:02,$ 3488.24,1
2032,09:30:02,$ 3488.24,2
2033,09:30:02,$ 3488.24,1
2034,09:30:02,$ 3488.24,1
2035,09:30:02,$ 3488.24,5
2036,09:30:02,$ 3488.24,20
2038,09:30:02,$ 3488.24,10
2039,09:30:02,$ 3488.24,222
2040,09:30:02,$ 3488.24,1
2041,09:30:02,$ 3488.24,1
2042,09:30:02,$ 3488.24,1
2043,09:30:02,$ 3488.24,1
2044,09:30:02,$ 3488.24,1
2045,09:30:02,$ 3488.24,5
2046,09:30:02,$ 3488.24,1
2047,09:30:02,$ 3488.24,5
2048,09:30:02,$ 3488.24,2
2049,09:30:02,$ 3488.24,2
2050,09:30:02,$ 3488.24,1
2051,09:30:02,$ 3488.24,5
2052,09:30:02,$ 3488.24,2
2053,09:30:02,$ 3488.24,1
2054,09:30:02,$ 3488.24,1
2055,09:30:02,$ 3488.24,1
2056,09:30:02,$ 3488.24,1
2057,09:30:02,$ 3488.24,3
2059,09:30:02,$ 3488.24,1
2060,09:30:02,$ 3488.24,4
2061,09:30:02,$ 3488.24,20
2062,09:30:02,$ 3488.24,1
2063,09:30:02,$ 3488.24,1
2064,09:30:02,$ 3488.24,2
2065,09:30:02,$ 3488.24,2
2066,09:30:02,$ 3488.24,5
2067,09:30:02,$ 3488.24,5
2068,09:30:02,$ 3488.24,1
2069,09:30:02,$ 3488.24,2
2070,09:30:02,$ 3488.24,1
2071,09:30:02,$ 3488.24,2
2072,09:30:02,$ 3488.24,1
2073,09:30:02,$ 3488.24,2
2074,09:30:02,$ 3488.24,11
2075,09:30:02,$ 3488.24,2
2076,09:30:02,$ 3488.24,3
2077,09:30:02,$ 3488.24,"1,345"
2078,09:30:02,$ 3488.24,1
2080,09:30:02,$ 3488.24,2
2081,09:30:02,$ 3488.24,4
2082,09:30:02,$ 3488.24,1
2083,09:30:02,$ 3488.24,40
2084,09:30:02,$ 3488.24,1
2085,09:30:02,$ 3488.24,1
2086,09:30:02,$ 3488.24,1
2087,09:30:02,$ 3488.24,1
2088,09:30:02,$ 3488.24,1
2089,09:30:02,$ 3488.24,5
2090,09:30:02,$ 3488.24,1
2091,09:30:02,$ 3488.24,2
2092,09:30:02,$ 3488.24,1
2093,09:30:02,$ 3488.24,2
2094,09:30:02,$ 3488.24,1
2095,09:30:02,$ 3488.24,1
2096,09:30:02,$ 3488.24,6
2097,09:30:02,$ 3488.24,5
2098,09:30:02,$ 3488.24,"5,435"
2099,09:30:02,$ 3488.24,1
2101,09:30:02,$ 3488.24,"8,561"
2102,09:30:02,$ 3488.24,"8,561"
2103,09:30:02,$ 3488.24,"8,561"
2104,09:30:02,$ 3488.24,8
2105,09:30:02,$ 3488.24,19
2106,09:30:02,$ 3488.24,300
2107,09:30:02,$ 3488.24,10
2108,09:30:02,$ 3488.24,1
2109,09:30:02,$ 3488.24,7
2110,09:30:02,$ 3488.24,22
2111,09:30:02,$ 3488.24,29
2112,09:30:02,$ 3488.24,15
2113,09:30:02,$ 3488.24,45
2114,09:30:02,$ 3488.24,57
2115,09:30:02,$ 3488.24,23
2116,09:30:02,$ 3488.24,9
2117,09:30:02,$ 3488.24,3
2118,09:30:02,$ 3488.24,3
2119,09:30:02,$ 3488.24,1
2120,09:30:02,$ 3488.24,2
2122,09:30:02,$ 3488.24,25
2123,09:30:02,$ 3488.24,6
2124,09:30:02,$ 3488.24,3
2125,09:30:02,$ 3488.24,10
2126,09:30:02,$ 3488.24,4
2127,09:30:02,$ 3488.24,2
2128,09:30:02,$ 3488.24,"5,311"
2129,09:30:02,$ 3488.24,3
2130,09:30:02,$ 3488.24,1
2131,09:30:02,$ 3488.24,1
2132,09:30:02,$ 3488.24,1
2133,09:30:02,$ 3488.24,3
2134,09:30:02,$ 3488.24,1
2135,09:30:02,$ 3488.24,1
2136,09:30:02,$ 3488.24,8
2137,09:30:02,$ 3488.24,38
2138,09:30:02,$ 3488.24,1
2139,09:30:02,$ 3488.24,20
2140,09:30:02,$ 3488.24,20
2141,09:30:02,$ 3488.24,1
2143,09:30:02,$ 3488.24,"5,255"
2144,09:30:02,$ 3488.24,5
2145,09:30:02,$ 3488.24,3
2146,09:30:02,$ 3488.24,3
2147,09:30:02,$ 3488.24,3
2148,09:30:02,$ 3488.24,1
2149,09:30:02,$ 3488.24,1
2150,09:30:02,$ 3488.24,2
2151,09:30:02,$ 3488.24,1
2152,09:30:02,$ 3488.24,5
2153,09:30:02,$ 3488.24,1
2154,09:30:02,$ 3488.24,1
2155,09:30:02,$ 3488.24,1
2156,09:30:02,$ 3488.24,1
2157,09:30:02,$ 3488.24,2
2158,09:30:02,$ 3488.24,10
2159,09:30:02,$ 3488.00,167
2160,09:30:02,$ 3488.24,50
2161,09:30:01,$ 3488.4146,150
2163,10:29:55,$ 3490.295,100
2164,10:29:46,$ 3490.01,100
2165,10:29:36,$ 3490.99,100
2166,10:29:36,$ 3490.485,100
2167,10:29:27,$ 3489.615,100
2168,10:29:27,$ 3489.62,100
2169,10:29:19,$ 3490.45,223
2170,10:29:15,$ 3489.82,100
2171,10:29:15,$ 3489.81,100
2172,10:29:14,$ 3489.82,249
2173,10:29:14,$ 3489.91,100
2174,10:29:14,$ 3489.87,100
2175,10:29:14,$ 3489.845,100
2176,10:29:08,$ 3491.04,100
2177,10:29:05,$ 3489.03,200
2178,10:29:05,$ 3489.02,100
2179,10:29:05,$ 3489.03,200
2180,10:29:05,$ 3489.03,200
2181,10:28:44,$ 3488.42,135
2182,10:28:44,$ 3488.43,100
2184,10:28:44,$ 3488.93,154
2185,10:28:44,$ 3488.93,186
2186,10:28:42,$ 3489.47,100
2187,10:28:42,$ 3489.46,100
2188,10:28:42,$ 3489.80,100
2189,10:28:42,$ 3489.75,100
2190,10:28:42,$ 3489.59,100
2191,10:28:42,$ 3489.49,100
2192,10:28:35,$ 3490.64,100
2193,10:28:25,$ 3489.85,100
2194,10:28:16,$ 3490.02,100
2195,10:28:14,$ 3491.49,100
2196,10:28:14,$ 3491.50,100
2197,10:28:14,$ 3491.06,100
2198,10:28:05,$ 3488.42,100
2199,10:27:59,$ 3488.69,100
2200,10:27:52,$ 3488.58,100
2201,10:27:46,$ 3488.235,100
2202,10:27:34,$ 3487.13,100
2203,10:27:19,$ 3487.735,100
2205,10:27:16,$ 3488.63,100
2206,10:27:16,$ 3488.58,100
2207,10:27:13,$ 3489.05,100
2208,10:27:13,$ 3489.35,100
2209,10:27:13,$ 3489.09,100
2210,10:27:12,$ 3489.06,100
2211,10:27:12,$ 3489.24,100
2212,10:27:12,$ 3488.87,100
2213,10:27:12,$ 3488.86,100
2214,10:27:07,$ 3488.98,106
2215,10:26:42,$ 3487.85,100
2216,10:26:39,$ 3487.68,100
2217,10:26:27,$ 3487.38,100
2218,10:26:27,$ 3487.38,100
2219,10:26:07,$ 3486.82,100
2220,10:26:07,$ 3486.82,100
2221,10:26:07,$ 3486.45,200
2222,10:26:07,$ 3486.45,100
2223,10:25:58,$ 3487.4675,497
2224,10:25:54,$ 3486.86,130
2226,10:25:54,$ 3486.86,100
2227,10:25:44,$ 3487.48,100
2228,10:25:38,$ 3488.275,300
2229,10:25:25,$ 3488.73,100
2230,10:25:25,$ 3488.12,100
2231,10:25:24,$ 3487.96,100
2232,10:25:20,$ 3487.53,100
2233,10:25:18,$ 3487.505,100
2234,10:25:16,$ 3487.75,100
2235,10:25:16,$ 3487.5918,141
2236,10:24:42,$ 3487.37,100
2237,10:24:42,$ 3487.58,100
2238,10:24:17,$ 3487.76,100
2239,10:24:12,$ 3488.22,100
2240,10:23:57,$ 3487.3976,100
2241,10:23:54,$ 3487.19,100
2242,10:23:50,$ 3488.15,100
2243,10:23:34,$ 3488.37,100
2244,10:23:34,$ 3488.57,100
2245,10:23:32,$ 3489.06,100
2247,10:23:14,$ 3487.82,100
2248,10:23:14,$ 3487.82,100
2249,10:23:11,$ 3486.71,100
2250,10:23:09,$ 3487.28,100
2251,10:23:05,$ 3488.0855,170
2252,10:23:03,$ 3487.68,125
2253,10:23:03,$ 3487.67,124
2254,10:23:03,$ 3487.66,100
2255,10:22:56,$ 3487.595,100
2256,10:22:51,$ 3487.74,188
2257,10:22:49,$ 3488.39,100
2258,10:22:49,$ 3488.56,100
2259,10:22:49,$ 3488.55,100
2260,10:22:39,$ 3488.191,250
2261,10:22:21,$ 3489.05,"2,000"
2262,10:22:17,$ 3489.48,100
2263,10:22:03,$ 3489.99,100
2264,10:22:03,$ 3489.81,100
2265,10:22:01,$ 3490.285,100
2266,10:21:41,$ 3490.20,100
2268,10:21:41,$ 3490.25,100
2269,10:21:41,$ 3490.25,100
2270,10:21:29,$ 3490.935,100
2271,10:21:09,$ 3490.90,100
2272,10:21:02,$ 3491.12,100
2273,10:20:49,$ 3491.82,100
2274,10:20:37,$ 3491.32,100
2275,10:20:35,$ 3490.83,200
2276,10:20:30,$ 3490.21,300
2277,10:20:14,$ 3491.04,100
2278,10:20:11,$ 3490.385,100
2279,10:20:09,$ 3490.69,100
2280,10:20:09,$ 3490.69,100
2281,10:20:05,$ 3491.04,100
2282,10:20:01,$ 3492.06,100
2283,10:19:51,$ 3491.98,100
2284,10:19:50,$ 3491.96,100
2285,10:19:50,$ 3491.96,100
2286,10:19:50,$ 3492.08,100
2287,10:19:30,$ 3490.40,100
2289,10:19:19,$ 3491.87,100
2290,10:19:14,$ 3491.73,100
2291,10:19:14,$ 3491.73,100
2292,10:19:13,$ 3491.97,100
2293,10:19:13,$ 3491.96,100
2294,10:19:06,$ 3492.62,256
2295,10:19:01,$ 3491.89,100
2296,10:19:01,$ 3492.635,100
2297,10:18:52,$ 3492.1625,100
2298,10:18:52,$ 3492.1975,100
2299,10:18:52,$ 3492.11,100
2300,10:18:52,$ 3492.18,100
2301,10:18:52,$ 3492.485,100
2302,10:18:48,$ 3491.56,100
2303,10:18:38,$ 3490.99,100
2304,10:18:33,$ 3490.00,100
2305,10:18:30,$ 3490.204,100
2306,10:18:21,$ 3489.75,200
2307,10:18:20,$ 3490.43,100
2308,10:18:04,$ 3490.12,100
2310,10:18:04,$ 3489.71,100
2311,10:18:04,$ 3489.79,393
2312,10:18:04,$ 3489.79,332
2313,10:18:04,$ 3489.79,100
2314,10:18:04,$ 3489.79,100
2315,10:17:59,$ 3489.14,100
2316,10:17:47,$ 3489.04,100
2317,10:17:44,$ 3488.73,100
2318,10:17:38,$ 3490.055,100
2319,10:17:37,$ 3489.50,100
2320,10:17:20,$ 3489.61,100
2321,10:17:14,$ 3489.065,100
2322,10:17:14,$ 3489.61,200
2323,10:17:14,$ 3489.50,100
2324,10:17:14,$ 3489.555,100
2325,10:17:13,$ 3489.204,200
2326,10:17:12,$ 3489.8599,150
2327,10:17:11,$ 3489.435,100
2328,10:17:03,$ 3490.505,100
2329,10:17:03,$ 3490.55,100
2331,10:16:58,$ 3489.4234,200
2332,10:16:57,$ 3489.92,100
2333,10:16:57,$ 3489.91,100
2334,10:16:57,$ 3489.38,100
2335,10:16:57,$ 3489.895,100
2336,10:16:40,$ 3488.2684,200
2337,10:16:38,$ 3488.11,100
2338,10:16:26,$ 3489.64,100
2339,10:16:10,$ 3489.42,100
2340,10:16:10,$ 3489.42,100
2341,10:16:10,$ 3489.335,100
2342,10:16:07,$ 3489.215,100
2343,10:16:05,$ 3487.92,100
2344,10:16:05,$ 3488.35,100
2345,10:16:05,$ 3488.02,100
2346,10:16:05,$ 3487.99,100
2347,10:16:05,$ 3487.92,125
2348,10:16:05,$ 3487.92,139
2349,10:16:05,$ 3487.92,156
2350,10:16:01,$ 3488.96,100
2352,10:15:50,$ 3488.6268,100
2353,10:15:49,$ 3488.99,100
2354,10:15:47,$ 3489.72,100
2355,10:15:38,$ 3486.615,100
2356,10:15:35,$ 3486.925,300
2357,10:15:33,$ 3487.505,100
2358,10:15:24,$ 3487.33,100
2359,10:15:09,$ 3487.58,100
2360,10:15:09,$ 3487.58,100
2361,10:15:01,$ 3488.8275,100
2362,10:14:56,$ 3488.55,100
2363,10:14:55,$ 3487.57,100
2364,10:14:53,$ 3488.35,100
2365,10:14:20,$ 3487.86,100
2366,10:14:10,$ 3487.505,100
2367,10:14:10,$ 3487.01,100
2368,10:13:50,$ 3486.535,100
2369,10:13:50,$ 3486.555,100
2370,10:13:50,$ 3487.24,100
2371,10:13:39,$ 3487.61,110
2373,10:13:28,$ 3488.00,100
2374,10:13:17,$ 3488.00,100
2375,10:13:17,$ 3488.00,125
2376,10:13:14,$ 3488.475,110
2377,10:13:14,$ 3488.00,100
2378,10:13:14,$ 3488.00,108
2379,10:13:14,$ 3488.00,100
2380,10:13:08,$ 3487.64,100
2381,10:13:08,$ 3487.64,100
2382,10:13:08,$ 3487.64,100
2383,10:12:50,$ 3488.52,100
2384,10:12:44,$ 3487.65,125
2385,10:12:39,$ 3485.9101,497
2386,10:12:28,$ 3487.07,100
2387,10:12:25,$ 3487.895,110
2388,10:12:12,$ 3486.75,100
2389,10:12:04,$ 3486.6191,100
2390,10:11:58,$ 3486.98,100
2391,10:11:54,$ 3487.6369,200
2392,10:11:49,$ 3487.945,100
2394,10:13:28,$ 3488.00,100
2395,10:13:17,$ 3488.00,100
2396,10:13:17,$ 3488.00,125
2397,10:13:14,$ 3488.475,110
2398,10:13:14,$ 3488.00,100
2399,10:13:14,$ 3488.00,108
2400,10:13:14,$ 3488.00,100
2401,10:13:08,$ 3487.64,100
2402,10:13:08,$ 3487.64,100
2403,10:13:08,$ 3487.64,100
2404,10:12:50,$ 3488.52,100
2405,10:12:44,$ 3487.65,125
2406,10:12:39,$ 3485.9101,497
2407,10:12:28,$ 3487.07,100
2408,10:12:25,$ 3487.895,110
2409,10:12:12,$ 3486.75,100
2410,10:12:04,$ 3486.6191,100
2411,10:11:58,$ 3486.98,100
2412,10:11:54,$ 3487.6369,200
2413,10:11:49,$ 3487.945,100
2415,10:08:29,$ 3490.6883,300
2416,10:08:12,$ 3490.01,100
2417,10:07:59,$ 3491.94,100
2418,10:07:58,$ 3491.13,100
2419,10:07:58,$ 3491.585,100
2420,10:07:58,$ 3491.685,100
2421,10:07:58,$ 3491.95,100
2422,10:07:31,$ 3488.84,100
2423,10:07:26,$ 3489.76,100
2424,10:07:25,$ 3490.06,100
2425,10:07:23,$ 3489.7501,100
2426,10:07:23,$ 3490.635,100
2427,10:07:22,$ 3490.2259,100
2428,10:07:22,$ 3490.822,250
2429,10:07:19,$ 3489.48,100
2430,10:07:19,$ 3488.305,100
2431,10:07:19,$ 3489.00,100
2432,10:07:18,$ 3488.41,100
2433,10:07:18,$ 3488.49,100
2434,10:07:11,$ 3486.95,100
2436,10:07:11,$ 3486.95,100
2437,10:07:09,$ 3486.54,100
2438,10:07:00,$ 3486.19,100
2439,10:06:42,$ 3485.32,150
2440,10:06:39,$ 3486.52,100
2441,10:06:28,$ 3485.2916,129
2442,10:06:11,$ 3485.58,100
2443,10:05:54,$ 3485.24,100
2444,10:05:22,$ 3487.1162,500
2445,10:05:16,$ 3486.06,100
2446,10:05:12,$ 3486.67,100
2447,10:05:12,$ 3486.67,100
2448,10:05:11,$ 3486.03,100
2449,10:05:11,$ 3486.00,100
2450,10:05:09,$ 3486.32,100
2451,10:05:08,$ 3487.07,100
2452,10:05:03,$ 3487.355,100
2453,10:04:49,$ 3488.06,400
2454,10:04:42,$ 3488.09,100
2455,10:04:42,$ 3488.27,100
2457,10:04:24,$ 3488.37,300
2458,10:04:24,$ 3488.37,200
2459,10:04:18,$ 3489.0368,100
2460,10:03:54,$ 3489.97,100
2461,10:03:52,$ 3490.54,100
2462,10:03:51,$ 3490.54,100
2463,10:03:38,$ 3489.75,100
2464,10:03:38,$ 3489.687,300
2465,10:03:30,$ 3489.135,100
2466,10:03:24,$ 3487.50,100
2467,10:03:24,$ 3487.42,100
2468,10:03:16,$ 3486.255,100
2469,10:03:16,$ 3486.255,125
2470,10:03:14,$ 3486.0289,100
2471,10:03:05,$ 3486.50,100
2472,10:03:02,$ 3487.3408,300
2473,10:03:01,$ 3486.49,800
2474,10:02:54,$ 3487.759,200
2475,10:02:54,$ 3487.10,100
2476,10:02:54,$ 3487.22,100
2478,10:02:53,$ 3488.34,100
2479,10:02:52,$ 3488.85,100
2480,10:02:51,$ 3488.83,100
2481,10:02:51,$ 3489.18,100
2482,10:02:51,$ 3489.15,100
2483,10:02:51,$ 3488.33,100
2484,10:02:51,$ 3489.29,100
2485,10:02:51,$ 3489.15,100
2486,10:02:51,$ 3489.02,100
2487,10:02:50,$ 3488.99,100
2488,10:02:50,$ 3489.01,100
2489,10:02:50,$ 3488.985,100
2490,10:02:45,$ 3489.85,100
2491,10:02:18,$ 3492.07,122
2492,10:02:17,$ 3492.45,100
2493,10:02:14,$ 3491.985,109
2494,10:02:12,$ 3492.45,100
2495,10:02:11,$ 3492.00,100
2496,10:02:01,$ 3492.045,100
2497,10:02:00,$ 3491.8623,100
2499,10:01:23,$ 3492.49,100
2500,10:01:20,$ 3492.42,118
2501,10:01:02,$ 3491.605,100
2502,10:01:00,$ 3491.74,100
2503,10:01:00,$ 3492.11,100
2504,10:00:55,$ 3492.805,200
2505,10:00:55,$ 3493.508,100
2506,10:00:47,$ 3492.88,100
2507,10:00:44,$ 3493.535,100
2508,10:00:44,$ 3493.455,100
2509,10:00:36,$ 3492.12,100
2510,10:00:36,$ 3491.95,100
2511,10:00:36,$ 3491.89,100
2512,10:00:35,$ 3492.38,100
2513,10:00:23,$ 3492.13,100
2514,10:00:23,$ 3492.14,100
2515,10:00:16,$ 3492.365,299
2516,10:00:10,$ 3492.28,100
2517,10:00:10,$ 3491.665,100
2518,10:00:07,$ 3492.00,218
2520,10:00:05,$ 3492.2705,865
2521,10:00:05,$ 3493.6909,100
2523,10:59:45,$ 3475.16,199
2524,10:59:45,$ 3475.17,100
2525,10:59:43,$ 3474.99,100
2526,10:59:33,$ 3474.03,100
2527,10:59:31,$ 3474.24,100
2528,10:59:31,$ 3474.55,100
2529,10:59:31,$ 3475.38,100
2530,10:59:30,$ 3475.63,100
2531,10:59:21,$ 3476.07,130
2532,10:59:21,$ 3476.07,100
2533,10:59:18,$ 3475.93,100
2534,10:59:10,$ 3475.515,100
2535,10:59:03,$ 3476.76,300
2536,10:59:01,$ 3475.96,100
2537,10:59:01,$ 3475.96,100
2538,10:58:53,$ 3476.54,100
2539,10:58:53,$ 3476.65,113
2540,10:58:35,$ 3476.5156,173
2541,10:58:34,$ 3475.9405,100
2542,10:58:32,$ 3476.26,100
2544,10:58:27,$ 3476.65,100
2545,10:58:27,$ 3476.51,200
2546,10:58:14,$ 3477.32,100
2547,10:58:01,$ 3476.605,100
2548,10:58:01,$ 3477.14,100
2549,10:58:01,$ 3477.14,100
2550,10:57:49,$ 3477.01,100
2551,10:57:40,$ 3477.135,100
2552,10:57:12,$ 3476.9492,500
2553,10:57:05,$ 3477.43,100
2554,10:56:19,$ 3479.51,100
2555,10:56:16,$ 3478.875,100
2556,10:56:13,$ 3479.185,100
2557,10:56:13,$ 3479.2987,167
2558,10:55:53,$ 3480.00,200
2559,10:55:48,$ 3480.39,100
2560,10:55:25,$ 3481.5325,100
2561,10:55:18,$ 3481.23,100
2562,10:55:18,$ 3481.23,100
2563,10:54:41,$ 3482.11,100
2565,10:54:31,$ 3481.18,100
2566,10:54:31,$ 3481.04,100
2567,10:54:31,$ 3481.04,100
2568,10:54:05,$ 3479.70,100
2569,10:54:05,$ 3479.75,100
2570,10:54:05,$ 3480.52,100
2571,10:54:05,$ 3480.10,100
2572,10:54:05,$ 3480.19,100
2573,10:54:02,$ 3480.50,106
2574,10:54:02,$ 3481.26,100
2575,10:54:02,$ 3480.89,100
2576,10:54:01,$ 3481.53,100
2577,10:54:00,$ 3482.00,100
2578,10:54:00,$ 3482.22,100
2579,10:53:47,$ 3480.369,149
2580,10:53:32,$ 3479.73,100
2581,10:53:30,$ 3480.29,100
2582,10:53:25,$ 3479.84,100
2583,10:53:25,$ 3480.00,100
2584,10:53:19,$ 3478.67,100
2586,10:53:17,$ 3478.23,100
2587,10:53:10,$ 3478.49,162
2588,10:52:29,$ 3478.93,100
2589,10:52:27,$ 3478.64,100
2590,10:52:24,$ 3478.12,100
2591,10:52:24,$ 3478.14,100
2592,10:52:21,$ 3478.14,100
2593,10:52:15,$ 3477.375,500
2594,10:52:12,$ 3477.58,100
2595,10:52:12,$ 3477.32,100
2596,10:51:56,$ 3476.50,100
2597,10:51:37,$ 3476.75,100
2598,10:51:28,$ 3477.28,100
2599,10:51:20,$ 3476.985,100
2600,10:51:19,$ 3476.88,100
2601,10:51:18,$ 3476.98,100
2602,10:51:18,$ 3476.98,100
2603,10:51:16,$ 3477.063,500
2604,10:51:10,$ 3477.17,100
2605,10:51:01,$ 3477.66,100
2607,10:51:00,$ 3476.86,100
2608,10:50:52,$ 3477.59,100
2609,10:50:45,$ 3477.00,300
2610,10:50:44,$ 3478.00,100
2611,10:50:26,$ 3478.56,100
2612,10:50:15,$ 3479.36,100
2613,10:50:05,$ 3480.07,100
2614,10:50:02,$ 3480.745,100
2615,10:49:46,$ 3479.9708,158
2616,10:49:45,$ 3480.065,113
2617,10:49:41,$ 3479.5801,100
2618,10:49:36,$ 3480.02,100
2619,10:49:36,$ 3480.13,200
2620,10:49:28,$ 3480.7699,100
2621,10:49:08,$ 3479.46,300
2622,10:48:54,$ 3480.23,100
2623,10:48:38,$ 3479.13,100
2624,10:48:33,$ 3479.13,200
2625,10:48:30,$ 3479.93,100
2626,10:48:24,$ 3479.535,100
2628,10:48:12,$ 3479.95,100
2629,10:48:12,$ 3479.94,181
2630,10:48:12,$ 3480.12,100
2631,10:48:12,$ 3480.29,100
2632,10:48:12,$ 3480.30,100
2633,10:48:12,$ 3480.23,100
2634,10:48:12,$ 3480.23,100
2635,10:48:12,$ 3480.22,100
2636,10:48:12,$ 3480.04,100
2637,10:48:12,$ 3479.99,100
2638,10:48:12,$ 3479.95,100
2639,10:48:12,$ 3479.93,100
2640,10:48:07,$ 3481.0373,212
2641,10:47:56,$ 3480.27,100
2642,10:47:55,$ 3480.25,200
2643,10:47:39,$ 3479.83,100
2644,10:47:39,$ 3480.00,100
2645,10:47:23,$ 3479.25,100
2646,10:47:19,$ 3479.05,100
2647,10:47:03,$ 3479.265,200
2649,10:46:26,$ 3479.625,113
2650,10:46:19,$ 3479.80,100
2651,10:46:19,$ 3479.59,100
2652,10:46:12,$ 3478.91,100
2653,10:46:11,$ 3479.2228,500
2654,10:46:10,$ 3479.13,100
2655,10:46:10,$ 3479.05,100
2656,10:46:08,$ 3478.595,100
2657,10:46:02,$ 3478.42,100
2658,10:46:02,$ 3478.41,100
2659,10:45:57,$ 3478.18,100
2660,10:45:47,$ 3478.50,168
2661,10:45:47,$ 3478.46,100
2662,10:45:47,$ 3478.46,100
2663,10:45:18,$ 3480.19,100
2664,10:45:17,$ 3479.38,100
2665,10:45:07,$ 3478.87,100
2666,10:45:06,$ 3479.03,100
2667,10:45:03,$ 3479.80,100
2668,10:45:01,$ 3480.22,100
2670,10:44:50,$ 3480.03,100
2671,10:44:32,$ 3480.875,100
2672,10:44:30,$ 3480.7112,275
2673,10:44:15,$ 3481.21,259
2674,10:44:15,$ 3480.68,100
2675,10:44:14,$ 3481.21,100
2676,10:44:11,$ 3481.28,100
2677,10:44:00,$ 3481.285,100
2678,10:43:53,$ 3481.18,100
2679,10:43:51,$ 3479.79,100
2680,10:43:51,$ 3479.56,100
2681,10:43:49,$ 3479.275,100
2682,10:43:47,$ 3479.275,100
2683,10:43:47,$ 3479.27,100
2684,10:43:46,$ 3478.76,100
2685,10:43:43,$ 3479.156,200
2686,10:43:42,$ 3479.9232,242
2687,10:43:27,$ 3479.49,100
2688,10:43:21,$ 3479.05,100
2689,10:43:21,$ 3478.99,168
2691,10:43:21,$ 3479.00,300
2692,10:43:00,$ 3480.16,100
2693,10:42:44,$ 3480.48,100
2694,10:42:34,$ 3480.135,100
2695,10:42:33,$ 3480.03,100
2696,10:42:33,$ 3480.34,100
2697,10:42:33,$ 3479.7304,202
2698,10:42:17,$ 3479.79,100
2699,10:42:13,$ 3479.46,100
2700,10:42:12,$ 3478.8864,100
2701,10:42:11,$ 3479.17,100
2702,10:42:11,$ 3479.17,364
2703,10:42:11,$ 3479.17,113
2704,10:42:11,$ 3479.17,109
2705,10:42:11,$ 3479.17,191
2706,10:42:00,$ 3478.77,100
2707,10:41:57,$ 3479.33,100
2708,10:41:56,$ 3479.33,100
2709,10:41:49,$ 3479.41,100
2710,10:41:37,$ 3478.42,100
2712,10:41:29,$ 3478.715,100
2713,10:41:25,$ 3478.1721,100
2714,10:41:17,$ 3478.95,100
2715,10:41:17,$ 3479.56,100
2716,10:41:15,$ 3478.95,100
2717,10:41:12,$ 3481.1699,240
2718,10:41:06,$ 3479.63,100
2719,10:41:04,$ 3480.335,100
2720,10:41:04,$ 3480.335,100
2721,10:41:04,$ 3480.6825,200
2722,10:41:00,$ 3480.96,100
2723,10:41:00,$ 3480.96,100
2724,10:40:59,$ 3481.03,100
2725,10:40:59,$ 3481.02,100
2726,10:40:56,$ 3481.935,100
2727,10:40:41,$ 3481.595,200
2728,10:40:29,$ 3482.02,100
2729,10:40:29,$ 3481.99,100
2730,10:40:25,$ 3482.46,100
2731,10:40:21,$ 3482.59,100
2733,10:40:19,$ 3483.305,100
2734,10:40:19,$ 3483.00,100
2735,10:40:17,$ 3482.50,100
2736,10:40:17,$ 3482.95,100
2737,10:40:14,$ 3482.1091,250
2738,10:39:55,$ 3481.79,100
2739,10:39:51,$ 3480.90,100
2740,10:39:50,$ 3480.13,100
2741,10:39:30,$ 3481.71,100
2742,10:39:26,$ 3482.59,100
2743,10:39:26,$ 3482.59,100
2744,10:39:10,$ 3482.31,120
2745,10:39:09,$ 3482.33,100
2746,10:39:08,$ 3482.87,100
2747,10:38:48,$ 3481.28,100
2748,10:38:48,$ 3481.32,200
2749,10:38:48,$ 3481.41,100
2750,10:38:36,$ 3480.84,100
2751,10:38:31,$ 3480.32,100
2752,10:38:16,$ 3480.48,100
2754,10:38:07,$ 3479.15,100
2755,10:37:45,$ 3478.65,100
2756,10:37:41,$ 3478.70,100
2757,10:37:29,$ 3479.46,100
2758,10:37:29,$ 3479.84,100
2759,10:37:28,$ 3478.7212,300
2760,10:37:27,$ 3478.37,100
2761,10:37:18,$ 3478.40,100
2762,10:37:18,$ 3478.39,100
2763,10:37:18,$ 3478.40,113
2764,10:37:18,$ 3477.84,100
2765,10:37:18,$ 3477.48,100
2766,10:37:18,$ 3477.54,100
2767,10:37:18,$ 3477.42,100
2768,10:37:12,$ 3479.39,100
2769,10:37:04,$ 3479.55,100
2770,10:37:04,$ 3479.56,100
2771,10:37:04,$ 3479.03,100
2772,10:37:03,$ 3479.54,100
2773,10:37:02,$ 3479.47,100
2775,10:37:02,$ 3480.15,100
2776,10:37:02,$ 3480.15,113
2777,10:37:02,$ 3480.15,125
2778,10:36:55,$ 3481.02,100
2779,10:36:53,$ 3481.43,100
2780,10:36:49,$ 3480.5899,100
2781,10:36:48,$ 3480.98,100
2782,10:36:48,$ 3481.525,200
2783,10:36:48,$ 3480.11,100
2784,10:36:47,$ 3481.07,100
2785,10:36:47,$ 3481.58,100
2786,10:36:43,$ 3482.00,100
2787,10:36:43,$ 3483.00,100
2788,10:36:42,$ 3483.00,326
2789,10:36:42,$ 3483.00,173
2790,10:36:42,$ 3483.36,100
2791,10:36:41,$ 3483.37,100
2792,10:36:41,$ 3483.37,100
2793,10:36:41,$ 3483.435,100
2794,10:36:41,$ 3484.06,200
2796,10:36:32,$ 3484.52,100
2797,10:36:16,$ 3485.34,100
2798,10:36:16,$ 3485.34,100
2799,10:35:59,$ 3486.20,100
2800,10:34:23,$ 3486.92,100
2801,10:34:11,$ 3487.135,100
2802,10:34:05,$ 3487.302,100
2803,10:33:46,$ 3486.12,100
2804,10:33:46,$ 3486.055,100
2805,10:33:39,$ 3486.20,100
2806,10:33:38,$ 3486.19,100
2807,10:33:31,$ 3486.01,100
2808,10:33:26,$ 3485.91,200
2809,10:33:26,$ 3486.72,100
2810,10:33:25,$ 3486.99,100
2811,10:33:25,$ 3486.98,100
2812,10:33:25,$ 3486.96,100
2813,10:33:25,$ 3486.92,100
2814,10:33:23,$ 3487.70,100
2815,10:33:23,$ 3486.93,173
2817,10:33:23,$ 3487.05,100
2818,10:33:23,$ 3486.96,100
2819,10:33:23,$ 3486.97,100
2820,10:33:15,$ 3487.46,100
2821,10:33:15,$ 3487.09,100
2822,10:33:13,$ 3486.17,100
2823,10:33:06,$ 3487.50,100
2824,10:32:42,$ 3485.7901,500
2825,10:32:40,$ 3486.14,100
2826,10:32:36,$ 3486.715,100
2827,10:32:25,$ 3486.19,100
2828,10:32:21,$ 3485.84,100
2829,10:32:21,$ 3485.84,100
2830,10:32:21,$ 3485.37,100
2831,10:32:21,$ 3485.84,100
2832,10:32:21,$ 3485.87,100
2833,10:32:21,$ 3485.80,100
2834,10:32:18,$ 3486.22,100
2835,10:32:18,$ 3486.42,100
2836,10:32:17,$ 3486.42,100
2838,10:32:17,$ 3486.24,100
2839,10:32:11,$ 3486.16,100
2840,10:32:07,$ 3486.5925,100
2841,10:32:05,$ 3486.29,100
2842,10:32:05,$ 3486.28,100
2843,10:32:05,$ 3486.28,108
2844,10:32:04,$ 3485.21,100
2845,10:32:02,$ 3485.89,100
2846,10:31:45,$ 3486.49,107
2847,10:31:44,$ 3487.6935,100
2848,10:31:21,$ 3487.00,100
2849,10:31:16,$ 3485.63,100
2850,10:31:16,$ 3486.22,100
2851,10:31:16,$ 3486.01,100
2852,10:30:18,$ 3488.39,100
2853,10:30:14,$ 3489.185,160
2854,10:30:12,$ 3488.90,100
2856,11:29:52,$ 3471.77,120
2857,11:28:31,$ 3472.37,100
2858,11:28:07,$ 3472.81,110
2859,11:28:04,$ 3473.50,100
2860,11:27:53,$ 3473.605,239
2861,11:27:51,$ 3474.00,100
2862,11:27:21,$ 3474.83,100
2863,11:27:07,$ 3475.12,100
2864,11:27:06,$ 3475.0193,300
2865,11:26:59,$ 3475.37,100
2866,11:26:52,$ 3475.46,100
2867,11:26:39,$ 3475.24,159
2868,11:26:35,$ 3475.57,100
2869,11:26:35,$ 3474.97,100
2870,11:26:30,$ 3474.81,200
2871,11:26:28,$ 3474.00,100
2872,11:26:21,$ 3474.36,100
2873,11:26:13,$ 3474.38,100
2874,11:25:55,$ 3474.52,100
2875,11:25:45,$ 3475.04,100
2877,11:25:37,$ 3474.37,100
2878,11:25:36,$ 3474.37,100
2879,11:25:36,$ 3474.21,100
2880,11:25:36,$ 3474.41,100
2881,11:25:36,$ 3474.36,100
2882,11:25:26,$ 3473.92,100
2883,11:25:07,$ 3475.045,100
2884,11:25:03,$ 3475.72,100
2885,11:25:01,$ 3476.16,100
2886,11:24:51,$ 3476.95,100
2887,11:24:50,$ 3476.94,100
2888,11:24:41,$ 3477.3196,100
2889,11:23:38,$ 3477.45,100
2890,11:23:09,$ 3476.8999,500
2891,11:23:06,$ 3477.27,100
2892,11:23:02,$ 3478.99,100
2893,11:22:59,$ 3477.81,100
2894,11:22:52,$ 3478.37,100
2895,11:22:46,$ 3478.295,100
2896,11:22:14,$ 3478.8253,109
2898,11:22:13,$ 3479.00,100
2899,11:22:12,$ 3478.07,100
2900,11:22:09,$ 3478.32,100
2901,11:22:09,$ 3478.37,100
2902,11:22:09,$ 3478.33,100
2903,11:21:48,$ 3478.78,100
2904,11:21:19,$ 3479.47,100
2905,11:21:13,$ 3480.7503,"1,101"
2906,11:21:13,$ 3480.5503,315
2907,11:21:12,$ 3479.73,100
2908,11:21:12,$ 3479.76,100
2909,11:21:12,$ 3479.77,100
2910,11:21:12,$ 3479.79,100
2911,11:21:12,$ 3479.82,100
2912,11:21:11,$ 3479.87,100
2913,11:21:07,$ 3479.67,100
2914,11:21:06,$ 3479.34,250
2915,11:21:04,$ 3479.91,100
2916,11:20:51,$ 3479.51,100
2917,11:20:51,$ 3479.50,100
2919,11:20:51,$ 3479.50,125
2920,11:20:44,$ 3479.905,100
2921,11:20:39,$ 3480.00,100
2922,11:20:39,$ 3479.93,100
2923,11:20:24,$ 3478.70,200
2924,11:20:09,$ 3478.20,100
2925,11:20:06,$ 3478.265,100
2926,11:20:02,$ 3478.15,100
2927,11:19:58,$ 3478.69,100
2928,11:19:46,$ 3478.18,100
2929,11:19:46,$ 3478.17,100
2930,11:19:23,$ 3478.00,100
2931,11:19:07,$ 3478.00,210
2932,11:18:59,$ 3477.10,100
2933,11:18:56,$ 3477.10,100
2934,11:18:46,$ 3476.60,100
2935,11:18:41,$ 3477.65,150
2936,11:18:38,$ 3477.61,100
2937,11:18:27,$ 3477.61,100
2938,11:18:22,$ 3477.61,100
2940,11:18:17,$ 3477.005,100
2941,11:18:17,$ 3477.39,100
2942,11:18:13,$ 3476.975,100
2943,11:18:13,$ 3477.00,188
2944,11:18:13,$ 3477.00,100
2945,11:17:38,$ 3476.00,100
2946,11:17:38,$ 3476.00,100
2947,11:17:16,$ 3475.53,100
2948,11:16:50,$ 3475.61,100
2949,11:16:37,$ 3476.21,100
2950,11:16:34,$ 3476.29,199
2951,11:16:22,$ 3476.80,100
2952,11:16:22,$ 3476.98,100
2953,11:16:20,$ 3476.61,100
2954,11:16:19,$ 3476.42,181
2955,11:16:12,$ 3476.50,100
2956,11:16:11,$ 3476.293,100
2957,11:15:42,$ 3475.7201,100
2958,11:15:39,$ 3476.32,500
2959,11:15:30,$ 3476.53,100
2961,11:15:25,$ 3475.36,100
2962,11:15:25,$ 3475.36,100
2963,11:15:08,$ 3474.05,100
2964,11:15:06,$ 3474.94,225
2965,11:15:05,$ 3474.62,100
2966,11:15:05,$ 3474.50,100
2967,11:15:04,$ 3475.19,100
2968,11:15:04,$ 3475.44,100
2969,11:15:04,$ 3475.43,100
2970,11:15:04,$ 3475.42,100
2971,11:15:04,$ 3475.40,100
2972,11:15:04,$ 3475.26,100
2973,11:14:59,$ 3475.971,250
2974,11:14:53,$ 3476.509,198
2975,11:14:50,$ 3474.86,100
2976,11:14:50,$ 3474.61,100
2977,11:14:50,$ 3474.61,113
2978,11:14:50,$ 3474.61,125
2979,11:14:50,$ 3474.61,125
2980,11:14:50,$ 3474.61,100
2982,11:14:50,$ 3474.43,100
2983,11:14:48,$ 3474.53,100
2984,11:14:28,$ 3472.82,100
2985,11:14:23,$ 3472.41,200
2986,11:14:15,$ 3472.03,500
2987,11:14:09,$ 3472.50,100
2988,11:14:00,$ 3472.165,100
2989,11:14:00,$ 3472.19,100
2990,11:13:57,$ 3471.75,100
2991,11:13:53,$ 3471.49,100
2992,11:13:41,$ 3470.92,100
2993,11:13:39,$ 3470.635,100
2994,11:13:32,$ 3470.54,100
2995,11:13:32,$ 3470.53,100
2996,11:13:28,$ 3470.53,100
2997,11:13:25,$ 3470.241,100
2998,11:13:25,$ 3470.54,100
2999,11:13:24,$ 3470.52,100
3000,11:13:23,$ 3470.00,100
3001,11:13:17,$ 3468.39,108
3003,11:13:14,$ 3468.68,100
3004,11:13:14,$ 3468.26,100
3005,11:13:12,$ 3468.26,200
3006,11:13:10,$ 3468.26,200
3007,11:13:09,$ 3468.67,100
3008,11:13:04,$ 3467.77,100
3009,11:12:51,$ 3468.245,100
3010,11:12:48,$ 3467.4901,100
3011,11:12:20,$ 3467.96,100
3012,11:12:05,$ 3468.19,100
3013,11:11:54,$ 3468.71,100
3014,11:11:54,$ 3468.70,100
3015,11:11:38,$ 3469.2402,500
3016,11:11:36,$ 3469.53,100
3017,11:11:32,$ 3469.12,100
3018,11:11:14,$ 3468.51,100
3019,11:10:50,$ 3469.00,100
3020,11:10:50,$ 3469.00,100
3021,11:10:45,$ 3468.38,100
3022,11:10:44,$ 3468.53,100
3024,11:10:44,$ 3468.53,100
3025,11:10:43,$ 3468.391,100
3026,11:10:40,$ 3468.97,500
3027,11:10:25,$ 3469.7657,100
3028,11:10:18,$ 3470.71,100
3029,11:10:17,$ 3470.6211,500
3030,11:10:09,$ 3471.5141,500
3031,11:10:06,$ 3470.99,100
3032,11:10:05,$ 3470.99,100
3033,11:10:04,$ 3470.92,100
3034,11:10:01,$ 3470.74,200
3035,11:10:01,$ 3470.99,100
3036,11:10:01,$ 3471.00,100
3037,11:09:56,$ 3472.00,206
3038,11:09:47,$ 3471.15,100
3039,11:09:32,$ 3471.27,100
3040,11:09:27,$ 3471.78,100
3041,11:09:27,$ 3471.92,100
3042,11:09:08,$ 3470.505,100
3043,11:09:08,$ 3470.525,100
3045,11:08:58,$ 3469.895,100
3046,11:08:51,$ 3470.02,100
3047,11:08:50,$ 3469.51,100
3048,11:08:40,$ 3470.00,177
3049,11:08:40,$ 3470.00,167
3050,11:08:17,$ 3470.92,100
3051,11:08:11,$ 3470.195,100
3052,11:08:10,$ 3470.7237,100
3053,11:07:32,$ 3471.57,100
3054,11:07:30,$ 3471.6098,200
3055,11:06:48,$ 3471.67,174
3056,11:06:48,$ 3471.682,100
3057,11:06:27,$ 3470.07,500
3058,11:06:25,$ 3470.02,100
3059,11:06:25,$ 3470.50,100
3060,11:05:57,$ 3473.10,100
3061,11:05:45,$ 3474.095,100
3062,11:05:43,$ 3473.48,200
3063,11:05:40,$ 3473.1879,100
3064,11:05:40,$ 3473.675,100
3066,11:05:40,$ 3473.67,100
3067,11:05:40,$ 3473.675,100
3068,11:05:40,$ 3473.02,100
3069,11:05:37,$ 3472.825,100
3070,11:05:37,$ 3472.99,113
3071,11:05:37,$ 3472.99,125
3072,11:05:37,$ 3473.765,108
3073,11:05:37,$ 3473.765,100
3074,11:05:32,$ 3473.845,113
3075,11:05:32,$ 3473.845,125
3076,11:05:32,$ 3473.845,200
3077,11:05:31,$ 3473.53,100
3078,11:05:31,$ 3473.511,200
3079,11:05:13,$ 3474.30,100
3080,11:05:06,$ 3473.20,100
3081,11:05:03,$ 3473.75,100
3082,11:05:01,$ 3473.82,100
3083,11:04:52,$ 3474.00,100
3084,11:04:52,$ 3474.50,100
3085,11:04:51,$ 3473.6274,500
3087,11:04:46,$ 3473.555,100
3088,11:04:44,$ 3473.22,100
3089,11:04:43,$ 3473.19,100
3090,11:04:43,$ 3473.20,100
3091,11:04:38,$ 3472.73,100
3092,11:04:38,$ 3472.56,100
3093,11:04:25,$ 3472.08,"1,900"
3094,11:04:25,$ 3472.08,100
3095,11:04:25,$ 3472.37,100
3096,11:04:23,$ 3471.90,100
3097,11:04:12,$ 3472.085,136
3098,11:04:08,$ 3471.92,100
3099,11:04:08,$ 3472.35,100
3100,11:04:08,$ 3472.351,145
3101,11:04:08,$ 3472.59,100
3102,11:04:02,$ 3473.10,100
3103,11:03:39,$ 3473.50,100
3104,11:03:35,$ 3473.99,100
3105,11:03:21,$ 3474.00,100
3106,11:02:57,$ 3474.58,100
3108,11:02:54,$ 3474.58,100
3109,11:02:54,$ 3474.58,100
3110,11:02:54,$ 3474.58,100
3111,11:02:54,$ 3474.58,100
3112,11:02:53,$ 3474.00,161
3113,11:02:51,$ 3476.2069,212
3114,11:02:42,$ 3475.07,261
3115,11:02:37,$ 3475.61,100
3116,11:02:37,$ 3475.61,100
3117,11:02:15,$ 3475.71,100
3118,11:02:15,$ 3475.71,100
3119,11:02:10,$ 3476.60,100
3120,11:01:37,$ 3476.035,100
3121,11:01:02,$ 3475.00,100
3122,11:00:15,$ 3474.41,250
3123,11:00:13,$ 3474.44,100
3124,11:00:12,$ 3473.6076,100
3126,11:59:56,$ 3464.00,100
3127,11:59:55,$ 3464.09,100
3128,11:59:55,$ 3464.10,100
3129,11:59:55,$ 3464.10,100
3130,11:59:47,$ 3464.19,100
3131,11:59:33,$ 3464.91,100
3132,11:59:14,$ 3465.41,113
3133,11:59:13,$ 3465.8962,100
3134,11:58:54,$ 3466.18,100
3135,11:58:54,$ 3466.62,100
3136,11:58:54,$ 3466.63,100
3137,11:58:48,$ 3465.72,100
3138,11:58:14,$ 3465.17,100
3139,11:58:14,$ 3464.99,100
3140,11:58:05,$ 3464.50,100
3141,11:58:01,$ 3463.7324,100
3142,11:57:45,$ 3464.22,100
3143,11:57:45,$ 3464.24,100
3144,11:57:45,$ 3464.25,100
3145,11:57:43,$ 3464.755,100
3147,11:57:43,$ 3465.00,100
3148,11:57:43,$ 3464.78,100
3149,11:57:34,$ 3464.84,100
3150,11:57:31,$ 3465.31,110
3151,11:57:13,$ 3464.37,100
3152,11:57:09,$ 3464.36,100
3153,11:57:09,$ 3464.36,100
3154,11:57:09,$ 3464.18,200
3155,11:57:02,$ 3463.89,100
3156,11:57:01,$ 3463.51,100
3157,11:56:55,$ 3463.405,150
3158,11:56:55,$ 3463.39,100
3159,11:56:49,$ 3462.58,100
3160,11:56:35,$ 3462.4965,150
3161,11:56:30,$ 3463.19,100
3162,11:55:36,$ 3463.095,100
3163,11:54:56,$ 3462.22,100
3164,11:54:30,$ 3463.44,100
3165,11:54:29,$ 3463.02,100
3166,11:54:27,$ 3463.02,100
3168,11:54:26,$ 3463.02,100
3169,11:54:24,$ 3462.62,100
3170,11:54:18,$ 3461.655,100
3171,11:54:12,$ 3462.86,100
3172,11:54:12,$ 3462.90,100
3173,11:54:09,$ 3462.54,100
3174,11:54:02,$ 3462.54,200
3175,11:54:00,$ 3462.54,115
3176,11:54:00,$ 3462.54,113
3177,11:53:52,$ 3462.365,100
3178,11:53:40,$ 3461.57,110
3179,11:53:22,$ 3462.48,100
3180,11:53:03,$ 3461.985,102
3181,11:52:55,$ 3461.585,100
3182,11:52:55,$ 3461.605,100
3183,11:52:55,$ 3461.605,200
3184,11:52:50,$ 3462.305,100
3185,11:52:49,$ 3462.29,100
3186,11:52:49,$ 3461.97,200
3187,11:52:47,$ 3461.77,110
3189,11:52:47,$ 3461.77,125
3190,11:52:47,$ 3461.77,113
3191,11:52:40,$ 3461.84,197
3192,11:52:39,$ 3461.64,100
3193,11:52:38,$ 3461.78,100
3194,11:52:38,$ 3461.75,100
3195,11:52:38,$ 3462.02,100
3196,11:52:36,$ 3461.93,100
3197,11:52:36,$ 3461.93,100
3198,11:52:36,$ 3461.93,113
3199,11:52:36,$ 3461.92,200
3200,11:52:24,$ 3462.00,100
3201,11:52:24,$ 3461.52,100
3202,11:52:08,$ 3460.93,250
3203,11:52:07,$ 3461.275,100
3204,11:52:07,$ 3461.275,100
3205,11:52:05,$ 3461.94,300
3206,11:51:59,$ 3460.635,100
3207,11:51:59,$ 3460.625,100
3208,11:51:55,$ 3461.21,110
3210,11:51:51,$ 3461.0935,100
3211,11:51:50,$ 3461.79,100
3212,11:51:48,$ 3463.18,100
3213,11:51:38,$ 3463.1778,110
3214,11:51:34,$ 3463.8144,177
3215,11:51:33,$ 3463.92,100
3216,11:51:33,$ 3463.64,100
3217,11:51:32,$ 3464.00,100
3218,11:51:30,$ 3463.44,100
3219,11:51:29,$ 3464.00,100
3220,11:51:29,$ 3464.00,100
3221,11:51:27,$ 3463.63,100
3222,11:51:24,$ 3464.205,100
3223,11:51:23,$ 3463.605,100
3224,11:51:22,$ 3464.2099,100
3225,11:51:20,$ 3463.06,100
3226,11:51:04,$ 3464.845,100
3227,11:50:58,$ 3465.01,100
3228,11:50:58,$ 3464.82,100
3229,11:50:58,$ 3465.11,100
3231,11:50:58,$ 3465.00,300
3232,11:50:58,$ 3465.00,100
3233,11:50:58,$ 3465.08,100
3234,11:50:58,$ 3465.045,100
3235,11:50:52,$ 3466.22,110
3236,11:50:51,$ 3466.22,100
3237,11:50:27,$ 3467.065,100
3238,11:50:27,$ 3467.71,100
3239,11:49:30,$ 3467.03,100
3240,11:49:30,$ 3467.03,100
3241,11:49:30,$ 3467.0038,200
3242,11:49:30,$ 3467.17,100
3243,11:49:27,$ 3467.99,300
3244,11:49:27,$ 3468.01,100
3245,11:49:25,$ 3467.87,100
3246,11:49:19,$ 3468.33,100
3247,11:48:51,$ 3469.507,100
3248,11:48:23,$ 3470.38,100
3249,11:48:23,$ 3469.905,500
3250,11:47:46,$ 3469.00,100
3252,11:47:19,$ 3467.61,100
3253,11:47:19,$ 3468.2982,100
3254,11:47:14,$ 3468.00,100
3255,11:47:11,$ 3467.94,100
3256,11:46:55,$ 3468.0908,100
3257,11:46:51,$ 3468.71,200
3258,11:46:51,$ 3468.74,100
3259,11:46:51,$ 3467.96,100
3260,11:46:40,$ 3466.94,100
3261,11:46:40,$ 3467.26,232
3262,11:46:39,$ 3467.93,100
3263,11:46:34,$ 3467.6865,100
3264,11:46:14,$ 3467.89,100
3265,11:46:01,$ 3466.625,100
3266,11:45:56,$ 3466.4005,100
3267,11:45:34,$ 3466.254,200
3268,11:45:17,$ 3467.22,100
3269,11:45:17,$ 3467.71,100
3270,11:45:16,$ 3467.095,125
3271,11:44:43,$ 3468.00,100
3273,11:44:38,$ 3467.31,100
3274,11:44:19,$ 3466.78,300
3275,11:44:19,$ 3466.79,100
3276,11:43:44,$ 3467.56,100
3277,11:43:31,$ 3467.875,100
3278,11:43:31,$ 3467.92,100
3279,11:43:27,$ 3467.43,100
3280,11:43:24,$ 3467.90,110
3281,11:43:23,$ 3468.17,100
3282,11:43:06,$ 3469.0799,125
3283,11:42:54,$ 3468.925,100
3284,11:42:53,$ 3468.96,100
3285,11:42:53,$ 3468.67,100
3286,11:42:45,$ 3469.37,100
3287,11:42:37,$ 3469.01,100
3288,11:42:20,$ 3470.035,200
3289,11:42:00,$ 3468.63,100
3290,11:41:52,$ 3468.125,300
3291,11:41:40,$ 3468.03,500
3292,11:41:34,$ 3468.325,100
3294,11:41:27,$ 3468.4901,100
3295,11:41:03,$ 3467.07,100
3296,11:40:55,$ 3468.21,100
3297,11:40:55,$ 3468.04,100
3298,11:40:54,$ 3467.3297,225
3299,11:40:39,$ 3468.48,100
3300,11:40:29,$ 3469.46,100
3301,11:40:28,$ 3469.11,100
3302,11:40:28,$ 3469.11,100
3303,11:40:02,$ 3467.62,100
3304,11:40:01,$ 3467.4629,200
3305,11:39:53,$ 3467.20,100
3306,11:39:52,$ 3467.51,100
3307,11:39:52,$ 3467.50,140
3308,11:39:35,$ 3469.25,221
3309,11:39:29,$ 3468.11,100
3310,11:39:28,$ 3468.85,100
3311,11:39:12,$ 3468.505,288
3312,11:39:12,$ 3468.54,100
3313,11:37:44,$ 3466.865,100
3315,11:37:44,$ 3467.23,100
3316,11:37:27,$ 3467.45,100
3317,11:37:25,$ 3467.6433,100
3318,11:37:04,$ 3468.66,100
3319,11:37:04,$ 3468.66,100
3320,11:36:39,$ 3468.62,100
3321,11:35:58,$ 3468.26,100
3322,11:35:53,$ 3468.86,100
3323,11:35:53,$ 3468.86,300
3324,11:35:51,$ 3469.48,100
3325,11:35:51,$ 3469.48,100
3326,11:35:11,$ 3468.70,100
3327,11:35:06,$ 3469.775,200
3328,11:34:58,$ 3469.75,100
3329,11:34:45,$ 3470.10,100
3330,11:34:35,$ 3472.02,100
3331,11:34:32,$ 3472.61,970
3332,11:34:32,$ 3472.40,400
3333,11:34:32,$ 3472.41,100
3334,11:34:32,$ 3472.399,100
3336,11:34:32,$ 3471.846,100
3337,11:34:32,$ 3471.91,100
3338,11:34:32,$ 3471.836,100
3339,11:34:32,$ 3471.81,100
3340,11:34:32,$ 3471.40,100
3341,11:34:32,$ 3471.38,100
3342,11:34:30,$ 3470.8103,200
3343,11:34:27,$ 3470.735,100
3344,11:34:25,$ 3470.49,100
3345,11:34:25,$ 3470.60,100
3346,11:34:25,$ 3470.625,100
3347,11:34:25,$ 3471.51,100
3348,11:34:22,$ 3471.06,100
3349,11:34:20,$ 3470.885,100
3350,11:34:20,$ 3470.86,100
3351,11:34:20,$ 3470.785,100
3352,11:34:20,$ 3470.79,100
3353,11:34:20,$ 3470.785,100
3354,11:34:13,$ 3469.26,100
3355,11:34:11,$ 3468.97,100
3357,11:34:11,$ 3468.97,100
3358,11:34:08,$ 3469.4831,200
3359,11:34:07,$ 3469.97,100
3360,11:34:07,$ 3469.465,100
3361,11:34:06,$ 3469.70,100
3362,11:33:53,$ 3466.82,100
3363,11:33:53,$ 3466.83,149
3364,11:33:49,$ 3466.20,100
3365,11:33:49,$ 3466.67,100
3366,11:33:45,$ 3467.01,100
3367,11:33:41,$ 3467.91,100
3368,11:33:40,$ 3468.41,100
3369,11:32:27,$ 3469.00,500
3370,11:32:26,$ 3469.015,100
3371,11:31:54,$ 3469.98,100
3372,11:31:45,$ 3469.94,100
3373,11:31:40,$ 3469.5651,100
3374,11:31:28,$ 3470.94,100
3375,11:31:27,$ 3469.425,100
3376,11:31:23,$ 3468.194,100
3378,11:31:23,$ 3468.11,100
3379,11:31:18,$ 3469.4293,200
3380,11:31:08,$ 3468.50,125
3381,11:31:06,$ 3469.3673,140
3382,11:31:03,$ 3469.04,100
3383,11:31:01,$ 3469.19,100
3385,12:29:49,$ 3477.31,100
3386,12:29:49,$ 3477.23,100
3387,12:29:36,$ 3477.61,100
3388,12:29:31,$ 3478.06,100
3389,12:29:18,$ 3477.11,100
3390,12:29:06,$ 3477.44,100
3391,12:29:06,$ 3477.67,100
3392,12:29:05,$ 3478.005,100
3393,12:29:05,$ 3478.34,100
3394,12:29:05,$ 3478.17,100
3395,12:29:00,$ 3478.16,100
3396,12:28:31,$ 3477.82,100
3397,12:28:27,$ 3478.55,100
3398,12:28:21,$ 3478.6804,100
3399,12:28:17,$ 3478.89,100
3400,12:28:13,$ 3479.365,250
3401,12:28:12,$ 3479.07,100
3402,12:27:47,$ 3479.705,100
3403,12:27:39,$ 3479.47,100
3404,12:27:38,$ 3479.21,100
3406,12:27:38,$ 3479.16,100
3407,12:27:31,$ 3479.30,100
3408,12:27:31,$ 3479.30,100
3409,12:27:31,$ 3479.00,100
3410,12:27:31,$ 3478.88,100
3411,12:27:31,$ 3479.26,100
3412,12:27:31,$ 3479.26,100
3413,12:27:31,$ 3479.16,100
3414,12:27:23,$ 3479.39,100
3415,12:27:10,$ 3479.90,125
3416,12:27:07,$ 3479.65,100
3417,12:26:57,$ 3479.50,122
3418,12:26:10,$ 3479.37,300
3419,12:26:09,$ 3479.70,100
3420,12:25:59,$ 3479.685,100
3421,12:25:49,$ 3479.39,100
3422,12:25:26,$ 3480.8381,100
3423,12:25:22,$ 3480.88,100
3424,12:25:22,$ 3480.45,100
3425,12:25:22,$ 3480.46,100
3427,12:25:13,$ 3479.99,100
3428,12:25:08,$ 3480.78,100
3429,12:25:08,$ 3480.39,100
3430,12:25:08,$ 3480.66,165
3431,12:25:08,$ 3480.66,120
3432,12:25:06,$ 3480.54,100
3433,12:25:06,$ 3479.90,100
3434,12:24:57,$ 3479.42,150
3435,12:24:53,$ 3479.26,100
3436,12:24:53,$ 3479.26,100
3437,12:24:51,$ 3478.98,100
3438,12:24:51,$ 3478.52,100
3439,12:24:36,$ 3478.51,100
3440,12:24:35,$ 3478.515,110
3441,12:24:32,$ 3478.515,100
3442,12:24:27,$ 3478.84,100
3443,12:24:21,$ 3478.63,150
3444,12:24:02,$ 3477.85,100
3445,12:23:57,$ 3478.495,100
3446,12:23:43,$ 3476.73,100
3448,12:23:43,$ 3476.72,100
3449,12:23:23,$ 3476.87,100
3450,12:23:05,$ 3475.93,100
3451,12:23:05,$ 3475.68,100
3452,12:23:05,$ 3476.86,100
3453,12:23:05,$ 3476.42,330
3454,12:23:02,$ 3476.00,100
3455,12:22:51,$ 3476.31,100
3456,12:22:38,$ 3474.3401,200
3457,12:22:30,$ 3474.71,100
3458,12:22:10,$ 3473.23,100
3459,12:22:09,$ 3473.77,100
3460,12:21:57,$ 3474.665,100
3461,12:21:56,$ 3474.755,150
3462,12:21:51,$ 3475.08,100
3463,12:21:51,$ 3475.05,100
3464,12:21:45,$ 3474.73,100
3465,12:21:44,$ 3474.45,100
3466,12:20:56,$ 3474.44,100
3467,12:20:56,$ 3474.515,100
3469,12:20:42,$ 3474.32,100
3470,12:20:31,$ 3473.68,100
3471,12:20:31,$ 3473.60,100
3472,12:20:17,$ 3472.6271,250
3473,12:20:06,$ 3471.765,100
3474,12:20:04,$ 3471.86,200
3475,12:19:44,$ 3471.82,100
3476,12:19:44,$ 3471.82,300
3477,12:19:44,$ 3471.81,100
3478,12:19:40,$ 3473.00,100
3479,12:19:33,$ 3471.775,300
3480,12:19:33,$ 3471.80,100
3481,12:19:32,$ 3472.22,100
3482,12:19:04,$ 3473.08,200
3483,12:19:02,$ 3472.17,100
3484,12:19:02,$ 3472.2862,250
3485,12:18:56,$ 3472.74,100
3486,12:18:08,$ 3473.02,100
3487,12:18:08,$ 3472.74,100
3488,12:18:00,$ 3472.85,100
3490,12:17:40,$ 3473.32,100
3491,12:17:40,$ 3473.32,100
3492,12:17:39,$ 3473.665,100
3493,12:17:39,$ 3473.665,300
3494,12:17:37,$ 3473.665,100
3495,12:17:36,$ 3473.66,100
3496,12:17:18,$ 3471.97,100
3497,12:17:13,$ 3472.00,100
3498,12:17:05,$ 3472.915,100
3499,12:16:59,$ 3472.37,100
3500,12:16:59,$ 3472.63,100
3501,12:16:59,$ 3472.91,100
3502,12:16:59,$ 3472.91,100
3503,12:16:59,$ 3472.91,100
3504,12:16:59,$ 3472.42,100
3505,12:16:59,$ 3472.41,100
3506,12:16:59,$ 3472.38,100
3507,12:16:59,$ 3472.99,100
3508,12:16:59,$ 3472.63,100
3509,12:16:58,$ 3472.99,100
3511,12:16:55,$ 3472.185,100
3512,12:16:54,$ 3471.79,100
3513,12:16:53,$ 3472.00,100
3514,12:16:28,$ 3471.8415,100
3515,12:16:15,$ 3471.05,100
3516,12:15:58,$ 3472.11,200
3517,12:15:52,$ 3472.05,100
3518,12:15:52,$ 3471.86,100
3519,12:15:52,$ 3472.04,100
3520,12:15:52,$ 3472.04,100
3521,12:15:46,$ 3472.16,100
3522,12:15:46,$ 3472.0401,200
3523,12:15:46,$ 3472.385,100
3524,12:15:40,$ 3472.7231,100
3525,12:15:24,$ 3472.03,100
3526,12:15:00,$ 3471.90,100
3527,12:14:56,$ 3471.50,100
3528,12:14:54,$ 3471.50,100
3529,12:14:54,$ 3472.00,100
3530,12:14:50,$ 3472.84,100
3532,12:14:15,$ 3473.07,100
3533,12:13:54,$ 3473.95,100
3534,12:13:41,$ 3473.7299,100
3535,12:13:38,$ 3473.17,100
3536,12:13:32,$ 3473.22,100
3537,12:13:32,$ 3473.17,100
3538,12:13:32,$ 3473.22,113
3539,12:13:32,$ 3473.22,125
3540,12:13:32,$ 3473.22,100
3541,12:13:30,$ 3473.04,100
3542,12:13:20,$ 3473.40,100
3543,12:12:58,$ 3473.71,100
3544,12:12:58,$ 3473.38,100
3545,12:12:33,$ 3473.66,100
3546,12:12:32,$ 3474.16,100
3547,12:12:02,$ 3473.085,100
3548,12:11:40,$ 3473.78,100
3549,12:11:22,$ 3473.59,100
3550,12:11:04,$ 3473.9999,100
3551,12:10:55,$ 3473.33,100
3553,12:10:55,$ 3473.33,100
3554,12:10:55,$ 3473.18,100
3555,12:10:49,$ 3473.87,100
3556,12:10:25,$ 3472.93,100
3557,12:10:15,$ 3472.10,118
3558,12:10:15,$ 3472.10,546
3559,12:10:15,$ 3471.57,100
3560,12:09:58,$ 3471.61,100
3561,12:09:55,$ 3471.38,100
3562,12:09:47,$ 3470.59,100
3563,12:09:47,$ 3470.58,100
3564,12:09:45,$ 3471.01,100
3565,12:09:43,$ 3470.93,100
3566,12:09:43,$ 3471.11,100
3567,12:09:40,$ 3471.09,100
3568,12:08:58,$ 3470.00,100
3569,12:08:55,$ 3470.185,100
3570,12:08:53,$ 3470.435,100
3571,12:08:53,$ 3470.73,100
3572,12:08:34,$ 3470.77,100
3574,12:08:28,$ 3470.285,100
3575,12:08:14,$ 3470.62,100
3576,12:07:56,$ 3471.04,100
3577,12:07:14,$ 3470.79,100
3578,12:07:14,$ 3471.43,100
3579,12:07:13,$ 3470.557,325
3580,12:07:09,$ 3471.64,100
3581,12:07:09,$ 3471.64,100
3582,12:06:37,$ 3472.01,100
3583,12:06:23,$ 3471.66,100
3584,12:05:51,$ 3472.12,100
3585,12:05:51,$ 3472.12,100
3586,12:05:48,$ 3472.26,100
3587,12:05:46,$ 3472.90,100
3588,12:05:40,$ 3472.23,100
3589,12:05:40,$ 3471.97,100
3590,12:05:40,$ 3471.95,100
3591,12:05:40,$ 3471.816,100
3592,12:05:26,$ 3470.00,321
3593,12:05:12,$ 3469.83,100
3595,12:05:05,$ 3470.135,100
3596,12:05:00,$ 3470.18,100
3597,12:04:44,$ 3470.25,100
3598,12:04:44,$ 3470.00,100
3599,12:04:44,$ 3470.00,100
3600,12:04:28,$ 3468.0601,100
3601,12:03:33,$ 3469.085,100
3602,12:03:33,$ 3469.085,100
3603,12:03:32,$ 3469.075,100
3604,12:03:31,$ 3469.625,100
3605,12:03:12,$ 3468.46,100
3606,12:03:08,$ 3469.04,100
3607,12:03:00,$ 3468.78,100
3608,12:02:59,$ 3468.47,100
3609,12:02:59,$ 3468.465,100
3610,12:02:58,$ 3468.285,100
3611,12:02:57,$ 3468.68,100
3612,12:02:57,$ 3467.665,100
3613,12:02:57,$ 3468.09,200
3614,12:02:57,$ 3468.09,100
3616,12:02:57,$ 3468.09,182
3617,12:02:52,$ 3467.72,100
3618,12:02:46,$ 3468.41,100
3619,12:02:14,$ 3466.3825,100
3620,12:02:14,$ 3466.4175,100
3621,12:02:09,$ 3466.69,100
3622,12:02:06,$ 3466.965,100
3623,12:01:38,$ 3466.12,100
3624,12:01:38,$ 3466.12,100
3625,12:01:29,$ 3465.67,100
3626,12:01:26,$ 3465.00,100
3627,12:01:14,$ 3464.205,100
3628,12:01:14,$ 3464.37,100
3629,12:00:49,$ 3463.86,100
3630,12:00:49,$ 3464.62,100
3631,12:00:49,$ 3464.64,100
3632,12:00:47,$ 3463.7976,100
3633,12:00:46,$ 3464.00,100
3634,12:00:44,$ 3464.32,100
3635,12:00:15,$ 3465.1724,100
3637,12:00:09,$ 3465.60,100
3638,12:00:09,$ 3464.54,100
3640,12:59:43,$ 3477.8948,110
3641,12:59:38,$ 3477.37,100
3642,12:59:28,$ 3477.26,100
3643,12:59:08,$ 3477.245,100
3644,12:59:08,$ 3477.245,100
3645,12:59:08,$ 3477.28,100
3646,12:59:02,$ 3478.00,100
3647,12:58:45,$ 3476.97,100
3648,12:58:45,$ 3477.20,100
3649,12:58:45,$ 3476.964,100
3650,12:58:45,$ 3476.964,100
3651,12:58:45,$ 3476.97,100
3652,12:58:36,$ 3477.2826,110
3653,12:58:34,$ 3477.255,110
3654,12:58:33,$ 3477.345,100
3655,12:58:29,$ 3478.00,100
3656,12:58:28,$ 3477.9904,179
3657,12:58:28,$ 3477.35,109
3658,12:58:27,$ 3477.5822,100
3659,12:58:16,$ 3478.064,200
3661,12:57:55,$ 3478.41,100
3662,12:57:47,$ 3478.845,100
3663,12:57:47,$ 3479.08,100
3664,12:57:47,$ 3479.09,100
3665,12:57:40,$ 3478.87,200
3666,12:57:39,$ 3479.32,100
3667,12:57:25,$ 3479.64,100
3668,12:57:25,$ 3480.00,100
3669,12:57:23,$ 3480.44,100
3670,12:57:22,$ 3481.015,100
3671,12:56:46,$ 3480.94,100
3672,12:56:39,$ 3480.93,110
3673,12:55:42,$ 3480.17,200
3674,12:55:23,$ 3481.58,100
3675,12:55:19,$ 3481.785,100
3676,12:55:04,$ 3480.895,100
3677,12:55:03,$ 3481.4918,100
3678,12:54:11,$ 3481.66,100
3679,12:54:05,$ 3480.3596,300
3680,12:54:03,$ 3480.10,100
3682,12:54:03,$ 3480.60,100
3683,12:54:03,$ 3480.60,100
3684,12:54:02,$ 3480.31,100
3685,12:53:28,$ 3479.82,110
3686,12:52:43,$ 3480.635,100
3687,12:52:38,$ 3481.58,100
3688,12:52:38,$ 3481.1511,100
3689,12:52:25,$ 3480.11,200
3690,12:52:25,$ 3479.705,100
3691,12:52:19,$ 3480.06,110
3692,12:52:14,$ 3479.99,100
3693,12:51:42,$ 3481.9899,150
3694,12:51:40,$ 3481.15,100
3695,12:51:40,$ 3481.03,100
3696,12:51:40,$ 3481.125,100
3697,12:51:37,$ 3481.515,110
3698,12:51:22,$ 3480.88,100
3699,12:51:17,$ 3481.53,100
3700,12:51:17,$ 3481.53,100
3701,12:51:17,$ 3481.52,100
3703,12:51:05,$ 3482.18,100
3704,12:50:46,$ 3481.1445,100
3705,12:50:23,$ 3481.075,110
3706,12:50:19,$ 3481.455,100
3707,12:50:19,$ 3481.05,100
3708,12:50:00,$ 3480.48,100
3709,12:49:57,$ 3480.47,100
3710,12:49:57,$ 3480.43,100
3711,12:49:50,$ 3480.135,100
3712,12:49:50,$ 3480.40,100
3713,12:49:00,$ 3481.05,100
3714,12:49:00,$ 3480.665,100
3715,12:48:52,$ 3480.28,100
3716,12:48:31,$ 3480.765,273
3717,12:48:30,$ 3480.765,100
3718,12:48:15,$ 3481.59,100
3719,12:48:15,$ 3481.59,100
3720,12:48:15,$ 3481.5904,100
3721,12:48:15,$ 3482.015,100
3722,12:48:14,$ 3482.06,100
3724,12:48:07,$ 3481.86,100
3725,12:48:00,$ 3481.57,100
3726,12:47:14,$ 3482.065,110
3727,12:47:07,$ 3482.045,100
3728,12:47:07,$ 3482.045,100
3729,12:46:36,$ 3482.04,100
3730,12:46:36,$ 3482.04,100
3731,12:46:04,$ 3481.94,100
3732,12:46:00,$ 3482.53,100
3733,12:46:00,$ 3482.53,100
3734,12:45:49,$ 3482.925,100
3735,12:45:43,$ 3482.96,100
3736,12:45:09,$ 3481.895,100
3737,12:45:07,$ 3481.895,200
3738,12:44:24,$ 3482.40,200
3739,12:44:22,$ 3482.60,100
3740,12:44:18,$ 3482.5963,100
3741,12:44:01,$ 3481.71,100
3742,12:43:59,$ 3482.25,100
3743,12:43:52,$ 3482.49,100
3745,12:43:17,$ 3482.15,299
3746,12:42:34,$ 3482.51,100
3747,12:42:22,$ 3483.16,100
3748,12:42:18,$ 3482.99,100
3749,12:42:18,$ 3483.00,100
3750,12:42:14,$ 3483.62,100
3751,12:41:47,$ 3483.44,100
3752,12:41:47,$ 3483.62,100
3753,12:41:47,$ 3483.62,100
3754,12:41:47,$ 3483.40,200
3755,12:41:47,$ 3483.62,100
3756,12:41:47,$ 3483.46,100
3757,12:41:46,$ 3483.43,100
3758,12:41:46,$ 3483.41,200
3759,12:41:39,$ 3482.70,200
3760,12:41:22,$ 3483.36,110
3761,12:41:18,$ 3483.18,100
3762,12:40:59,$ 3483.005,110
3763,12:40:51,$ 3482.7806,100
3764,12:40:40,$ 3484.00,200
3766,12:40:37,$ 3482.685,110
3767,12:40:35,$ 3483.2499,100
3768,12:40:32,$ 3482.71,126
3769,12:40:23,$ 3483.10,100
3770,12:40:16,$ 3483.28,110
3771,12:40:11,$ 3483.50,143
3772,12:40:08,$ 3483.1084,215
3773,12:40:06,$ 3483.1677,110
3774,12:40:05,$ 3483.102,500
3775,12:40:02,$ 3483.25,100
3776,12:39:43,$ 3482.345,100
3777,12:39:27,$ 3481.73,100
3778,12:39:26,$ 3481.705,100
3779,12:39:20,$ 3480.66,190
3780,12:39:18,$ 3480.85,100
3781,12:39:14,$ 3481.105,110
3782,12:39:14,$ 3481.00,177
3783,12:39:02,$ 3481.56,107
3784,12:38:51,$ 3481.4799,109
3785,12:38:46,$ 3480.73,100
3787,12:38:38,$ 3481.00,400
3788,12:38:38,$ 3480.985,100
3789,12:38:05,$ 3480.821,100
3790,12:38:03,$ 3481.47,100
3791,12:37:55,$ 3481.40,100
3792,12:37:27,$ 3481.54,100
3793,12:37:01,$ 3481.05,100
3794,12:37:01,$ 3481.02,122
3795,12:36:57,$ 3481.5196,186
3796,12:36:42,$ 3481.815,100
3797,12:36:42,$ 3481.93,100
3798,12:36:12,$ 3482.40,100
3799,12:35:57,$ 3482.57,100
3800,12:35:55,$ 3482.405,100
3801,12:35:49,$ 3482.72,100
3802,12:35:49,$ 3482.75,100
3803,12:35:47,$ 3481.8001,100
3804,12:35:45,$ 3482.00,133
3805,12:35:45,$ 3482.06,100
3806,12:35:43,$ 3482.13,100
3808,12:35:13,$ 3480.91,100
3809,12:35:13,$ 3480.91,100
3810,12:35:13,$ 3480.905,100
3811,12:34:46,$ 3480.00,258
3812,12:34:46,$ 3479.99,100
3813,12:34:46,$ 3480.00,450
3814,12:34:45,$ 3479.525,100
3815,12:34:45,$ 3479.745,100
3816,12:34:45,$ 3479.99,100
3817,12:34:45,$ 3480.00,200
3818,12:34:45,$ 3480.00,348
3819,12:34:45,$ 3479.96,100
3820,12:34:45,$ 3479.98,100
3821,12:34:45,$ 3479.98,100
3822,12:33:55,$ 3481.9496,200
3823,12:33:31,$ 3481.8158,110
3824,12:33:13,$ 3481.625,100
3825,12:32:46,$ 3481.50,100
3826,12:32:43,$ 3482.115,100
3827,12:32:43,$ 3481.99,100
3829,12:32:43,$ 3481.95,100
3830,12:32:43,$ 3482.42,100
3831,12:32:43,$ 3482.51,200
3832,12:32:43,$ 3482.52,100
3833,12:32:43,$ 3482.52,100
3834,12:32:43,$ 3482.27,100
3835,12:32:42,$ 3481.67,100
3836,12:32:36,$ 3481.485,100
3837,12:32:36,$ 3481.51,100
3838,12:32:19,$ 3479.46,100
3839,12:31:56,$ 3478.24,100
3840,12:31:56,$ 3478.45,100
3841,12:31:36,$ 3478.58,100
