,NLS Time (ET),NLS Price,NLS Share Volume
1,09:59:55,$ 3310.00,100
2,09:59:50,$ 3312.925,100
3,09:59:34,$ 3310.0301,500
4,09:59:21,$ 3312.46,100
5,09:59:17,$ 3312.04,100
6,09:59:08,$ 3313.62,100
7,09:59:08,$ 3313.61,100
8,09:58:56,$ 3314.8556,100
9,09:58:50,$ 3315.075,200
10,09:58:43,$ 3315.345,100
11,09:58:43,$ 3314.52,100
12,09:58:38,$ 3313.72,100
13,09:58:35,$ 3314.155,100
14,09:58:34,$ 3314.705,100
15,09:58:34,$ 3314.80,100
16,09:58:29,$ 3315.22,300
17,09:58:24,$ 3316.80,100
18,09:58:23,$ 3318.0556,300
19,09:58:06,$ 3317.32,100
20,09:58:06,$ 3317.35,100
22,09:58:02,$ 3318.035,100
23,09:58:02,$ 3318.46,100
24,09:57:52,$ 3317.355,200
25,09:57:28,$ 3317.76,100
26,09:57:27,$ 3318.6458,184
27,09:57:20,$ 3318.2565,100
28,09:57:10,$ 3317.59,100
29,09:57:08,$ 3318.6705,500
30,09:57:07,$ 3317.80,100
31,09:57:00,$ 3317.50,100
32,09:57:00,$ 3317.65,100
33,09:56:59,$ 3319.46,100
34,09:56:59,$ 3319.36,100
35,09:56:59,$ 3318.835,200
36,09:56:49,$ 3317.45,100
37,09:56:49,$ 3317.45,100
38,09:56:49,$ 3317.45,200
39,09:56:47,$ 3317.17,100
40,09:56:47,$ 3316.89,200
41,09:56:44,$ 3317.415,100
43,09:56:38,$ 3317.18,100
44,09:56:33,$ 3317.8899,100
45,09:56:30,$ 3315.99,100
46,09:56:27,$ 3315.045,100
47,09:56:26,$ 3315.045,100
48,09:56:26,$ 3315.045,100
49,09:56:26,$ 3315.53,100
50,09:56:26,$ 3315.53,100
51,09:56:26,$ 3315.00,100
52,09:56:25,$ 3314.735,100
53,09:56:25,$ 3314.50,100
54,09:56:25,$ 3314.52,100
55,09:56:25,$ 3314.86,100
56,09:56:25,$ 3314.99,100
57,09:56:12,$ 3313.47,100
58,09:56:04,$ 3314.66,100
59,09:56:04,$ 3315.29,100
60,09:56:03,$ 3315.43,"1,802"
61,09:55:59,$ 3315.54,100
62,09:55:57,$ 3315.9299,500
64,09:55:54,$ 3315.545,200
65,09:55:53,$ 3315.92,100
66,09:55:53,$ 3316.05,200
67,09:55:53,$ 3315.60,100
68,09:55:53,$ 3315.59,100
69,09:55:51,$ 3315.88,100
70,09:55:51,$ 3315.68,100
71,09:55:51,$ 3315.62,100
72,09:55:51,$ 3315.64,100
73,09:55:51,$ 3315.61,100
74,09:55:49,$ 3316.3226,115
75,09:55:42,$ 3315.1785,200
76,09:55:42,$ 3315.6091,100
77,09:55:39,$ 3315.305,100
78,09:55:33,$ 3313.885,100
79,09:55:33,$ 3313.84,100
80,09:55:32,$ 3313.84,100
81,09:55:31,$ 3313.0948,100
82,09:55:24,$ 3313.3716,100
83,09:55:12,$ 3312.00,183
85,09:55:06,$ 3313.00,100
86,09:55:05,$ 3312.19,200
87,09:55:05,$ 3312.00,100
88,09:54:56,$ 3310.72,100
89,09:54:54,$ 3311.145,100
90,09:54:54,$ 3311.15,100
91,09:54:54,$ 3311.15,100
92,09:54:53,$ 3311.12,100
93,09:54:48,$ 3311.5184,100
94,09:54:46,$ 3312.00,100
95,09:54:46,$ 3312.33,100
96,09:54:44,$ 3312.62,100
97,09:54:00,$ 3309.42,100
98,09:53:48,$ 3309.74,100
99,09:53:44,$ 3310.40,200
100,09:53:40,$ 3309.075,100
101,09:53:38,$ 3309.84,100
102,09:53:32,$ 3310.02,100
103,09:53:32,$ 3310.00,100
104,09:53:32,$ 3310.01,475
106,09:53:32,$ 3311.3199,100
107,09:53:20,$ 3309.7519,100
108,09:53:15,$ 3310.55,100
109,09:53:00,$ 3310.81,100
110,09:52:37,$ 3312.22,502
111,09:52:31,$ 3309.51,100
112,09:52:31,$ 3309.68,100
113,09:52:26,$ 3310.64,100
114,09:52:26,$ 3311.17,100
115,09:52:26,$ 3311.33,100
116,09:52:26,$ 3311.23,100
117,09:52:26,$ 3312.15,100
118,09:52:26,$ 3312.145,200
119,09:52:25,$ 3312.125,100
120,09:52:22,$ 3311.56,100
121,09:52:16,$ 3310.15,100
122,09:52:16,$ 3310.00,100
123,09:52:16,$ 3310.00,100
124,09:52:16,$ 3310.54,100
125,09:52:11,$ 3310.62,100
127,09:52:03,$ 3312.02,100
128,09:51:59,$ 3312.59,100
129,09:51:31,$ 3311.20,100
130,09:51:18,$ 3309.75,125
131,09:51:17,$ 3310.33,100
132,09:51:04,$ 3310.6941,100
133,09:51:04,$ 3310.28,100
134,09:51:04,$ 3310.28,100
135,09:50:37,$ 3310.75,200
136,09:50:23,$ 3309.01,100
137,09:50:23,$ 3309.00,200
138,09:50:22,$ 3309.51,100
139,09:50:22,$ 3309.50,175
140,09:50:22,$ 3309.50,100
141,09:50:20,$ 3309.51,100
142,09:50:19,$ 3310.00,100
143,09:50:19,$ 3310.17,100
144,09:50:14,$ 3311.02,100
145,09:50:14,$ 3311.67,100
146,09:50:02,$ 3314.127,100
148,09:50:00,$ 3315.23,100
149,09:50:00,$ 3314.72,100
150,09:49:59,$ 3314.06,100
151,09:49:55,$ 3312.63,100
152,09:49:51,$ 3312.00,100
153,09:49:18,$ 3311.34,100
154,09:49:17,$ 3312.025,100
155,09:49:10,$ 3311.37,100
156,09:49:10,$ 3312.00,100
157,09:49:10,$ 3312.47,100
158,09:48:58,$ 3310.57,100
159,09:48:34,$ 3309.525,100
160,09:48:22,$ 3311.6866,100
161,09:48:09,$ 3312.415,100
162,09:48:09,$ 3311.43,100
163,09:48:09,$ 3311.42,100
164,09:48:02,$ 3312.03,100
165,09:47:38,$ 3312.845,100
166,09:47:26,$ 3313.03,100
167,09:47:14,$ 3313.96,100
169,09:47:13,$ 3313.40,400
170,09:47:05,$ 3312.41,100
171,09:47:05,$ 3311.669,170
172,09:47:03,$ 3312.81,100
173,09:47:03,$ 3312.542,500
174,09:47:00,$ 3311.52,100
175,09:47:00,$ 3311.45,100
176,09:47:00,$ 3310.935,100
177,09:46:48,$ 3311.66,100
178,09:46:48,$ 3311.52,100
179,09:46:48,$ 3311.50,100
180,09:46:45,$ 3312.3299,100
181,09:46:42,$ 3311.47,115
182,09:46:38,$ 3311.22,100
183,09:46:38,$ 3311.02,100
184,09:46:38,$ 3311.01,100
185,09:46:38,$ 3311.00,200
186,09:46:38,$ 3311.21,100
187,09:46:38,$ 3311.01,100
188,09:46:36,$ 3312.3462,200
190,09:46:35,$ 3312.00,100
191,09:46:33,$ 3313.425,100
192,09:46:31,$ 3313.4317,150
193,09:46:22,$ 3313.58,100
194,09:46:18,$ 3315.00,200
195,09:46:16,$ 3316.025,100
196,09:46:16,$ 3315.69,100
197,09:46:16,$ 3316.23,100
198,09:46:15,$ 3316.61,100
199,09:46:15,$ 3316.605,100
200,09:46:13,$ 3315.93,100
201,09:46:05,$ 3316.975,100
202,09:46:04,$ 3316.70,100
203,09:45:57,$ 3316.475,100
204,09:45:56,$ 3316.96,100
205,09:45:56,$ 3316.635,100
206,09:45:55,$ 3317.02,100
207,09:45:55,$ 3317.00,150
208,09:45:55,$ 3316.69,100
209,09:45:55,$ 3316.69,100
211,09:45:50,$ 3316.70,500
212,09:45:43,$ 3318.81,100
213,09:45:42,$ 3318.845,373
214,09:45:42,$ 3318.845,100
215,09:45:40,$ 3319.62,100
216,09:45:36,$ 3319.71,100
217,09:45:35,$ 3319.08,400
218,09:45:32,$ 3318.41,100
219,09:45:22,$ 3318.095,100
220,09:45:19,$ 3317.98,100
221,09:45:19,$ 3317.98,100
222,09:45:19,$ 3317.98,100
223,09:44:53,$ 3317.54,100
224,09:44:52,$ 3317.98,100
225,09:44:42,$ 3317.16,100
226,09:44:42,$ 3317.19,100
227,09:44:42,$ 3317.06,100
228,09:44:42,$ 3316.95,100
229,09:44:37,$ 3316.38,100
230,09:44:28,$ 3316.39,100
232,09:44:22,$ 3316.01,100
233,09:44:06,$ 3316.91,100
234,09:44:06,$ 3316.70,300
235,09:44:06,$ 3316.7262,200
236,09:44:06,$ 3316.70,100
237,09:44:06,$ 3316.91,100
238,09:44:06,$ 3316.6275,100
239,09:44:03,$ 3315.57,100
240,09:44:02,$ 3317.62,"1,000"
241,09:43:59,$ 3318.19,200
242,09:43:58,$ 3317.5869,100
243,09:43:27,$ 3319.00,103
244,09:43:24,$ 3317.59,100
245,09:43:21,$ 3318.00,100
246,09:43:21,$ 3319.78,200
247,09:43:11,$ 3318.315,178
248,09:43:02,$ 3319.155,100
249,09:43:02,$ 3319.7074,500
250,09:42:43,$ 3318.00,100
251,09:42:22,$ 3318.21,100
253,09:42:13,$ 3319.6346,500
254,09:42:10,$ 3320.125,182
255,09:42:03,$ 3320.68,100
256,09:42:03,$ 3320.68,100
257,09:42:03,$ 3320.68,100
258,09:42:03,$ 3320.72,100
259,09:42:03,$ 3320.91,100
260,09:42:03,$ 3321.355,100
261,09:42:02,$ 3321.295,100
262,09:42:02,$ 3321.36,100
263,09:42:01,$ 3321.3273,188
264,09:42:00,$ 3321.11,100
265,09:42:00,$ 3321.33,100
266,09:42:00,$ 3320.795,100
267,09:41:58,$ 3320.64,100
268,09:41:57,$ 3320.52,100
269,09:41:57,$ 3320.52,100
270,09:41:55,$ 3321.00,196
271,09:41:53,$ 3321.15,200
272,09:41:52,$ 3321.15,100
274,09:41:49,$ 3321.43,100
275,09:41:49,$ 3321.28,100
276,09:41:47,$ 3320.275,100
277,09:41:47,$ 3320.275,100
278,09:41:46,$ 3320.125,100
279,09:41:46,$ 3320.125,100
280,09:41:45,$ 3320.385,100
281,09:41:44,$ 3320.37,100
282,09:41:43,$ 3320.335,100
283,09:41:42,$ 3320.34,100
284,09:41:42,$ 3320.575,100
285,09:41:42,$ 3320.575,100
286,09:41:41,$ 3320.04,200
287,09:41:41,$ 3320.00,100
288,09:41:41,$ 3320.00,100
289,09:41:39,$ 3319.92,100
290,09:41:39,$ 3319.87,100
291,09:41:39,$ 3320.02,100
292,09:41:38,$ 3320.015,100
293,09:41:34,$ 3320.00,100
295,09:41:34,$ 3320.00,100
296,09:41:34,$ 3320.00,100
297,09:41:34,$ 3319.99,100
298,09:41:34,$ 3319.4301,396
299,09:41:31,$ 3318.998,100
300,09:41:31,$ 3318.98,100
301,09:41:18,$ 3318.68,100
302,09:41:17,$ 3319.10,100
303,09:41:15,$ 3318.95,119
304,09:41:12,$ 3318.325,300
305,09:41:12,$ 3318.32,100
306,09:41:03,$ 3318.3252,100
307,09:41:03,$ 3319.10,100
308,09:41:03,$ 3318.92,500
309,09:41:00,$ 3318.93,100
310,09:40:58,$ 3317.94,100
311,09:40:54,$ 3318.30,100
312,09:40:51,$ 3317.96,100
313,09:40:51,$ 3317.125,100
314,09:40:51,$ 3317.94,100
316,09:40:51,$ 3317.94,100
317,09:40:50,$ 3316.58,100
318,09:40:48,$ 3317.97,100
319,09:40:43,$ 3316.615,100
320,09:40:43,$ 3317.01,100
321,09:40:43,$ 3315.9457,100
322,09:40:43,$ 3317.447,200
323,09:40:41,$ 3316.575,100
324,09:40:41,$ 3315.98,100
325,09:40:40,$ 3315.99,100
326,09:40:37,$ 3315.50,100
327,09:40:35,$ 3314.716,198
328,09:40:27,$ 3313.5301,100
329,09:40:27,$ 3313.60,100
330,09:40:27,$ 3313.82,100
331,09:40:20,$ 3313.50,100
332,09:40:14,$ 3313.96,100
333,09:40:11,$ 3312.81,100
334,09:40:11,$ 3312.86,100
335,09:40:09,$ 3313.63,100
337,09:40:08,$ 3314.41,100
338,09:40:08,$ 3314.16,100
339,09:40:08,$ 3314.16,252
340,09:40:08,$ 3314.41,252
341,09:40:08,$ 3314.11,100
342,09:40:08,$ 3314.10,100
343,09:40:08,$ 3314.15,100
344,09:40:08,$ 3314.35,100
345,09:40:08,$ 3314.40,100
346,09:40:08,$ 3313.23,100
347,09:40:08,$ 3312.50,200
348,09:40:08,$ 3312.75,200
349,09:40:08,$ 3313.48,100
350,09:40:08,$ 3312.50,100
351,09:40:07,$ 3312.495,500
352,09:40:03,$ 3313.3098,115
353,09:39:58,$ 3310.70,100
354,09:39:58,$ 3310.2804,100
355,09:39:55,$ 3310.72,100
356,09:39:54,$ 3311.3251,200
358,09:39:48,$ 3310.83,192
359,09:39:44,$ 3311.165,100
360,09:39:43,$ 3310.045,100
361,09:39:43,$ 3310.045,100
362,09:39:37,$ 3309.93,100
363,09:39:37,$ 3310.18,100
364,09:39:24,$ 3308.38,100
365,09:39:22,$ 3309.13,100
366,09:39:22,$ 3309.55,100
367,09:39:22,$ 3309.6474,500
368,09:39:12,$ 3306.84,100
369,09:39:11,$ 3306.52,100
370,09:39:06,$ 3308.00,100
371,09:39:00,$ 3306.5775,100
372,09:39:00,$ 3306.7675,100
373,09:38:58,$ 3306.86,100
374,09:38:56,$ 3306.18,200
375,09:38:56,$ 3305.17,500
376,09:38:54,$ 3306.02,100
377,09:38:54,$ 3306.02,100
379,09:38:51,$ 3305.57,100
380,09:38:49,$ 3305.51,100
381,09:38:44,$ 3305.45,181
382,09:38:34,$ 3305.06,604
383,09:38:32,$ 3305.015,100
384,09:38:32,$ 3305.015,200
385,09:38:32,$ 3305.06,100
386,09:38:29,$ 3304.4463,600
387,09:38:26,$ 3303.5643,100
388,09:38:17,$ 3302.73,100
389,09:38:17,$ 3302.68,100
390,09:38:15,$ 3303.29,100
391,09:38:15,$ 3303.06,100
392,09:38:13,$ 3303.745,100
393,09:38:00,$ 3302.525,100
394,09:38:00,$ 3302.50,100
395,09:38:00,$ 3302.72,100
396,09:38:00,$ 3302.50,200
397,09:38:00,$ 3303.07,100
398,09:37:53,$ 3302.36,200
400,09:37:47,$ 3302.00,115
401,09:37:43,$ 3302.70,100
402,09:37:42,$ 3303.325,100
403,09:37:42,$ 3302.1204,100
404,09:37:35,$ 3304.305,100
405,09:37:34,$ 3304.92,100
406,09:37:34,$ 3304.94,100
407,09:37:34,$ 3303.45,"1,000"
408,09:37:26,$ 3303.165,100
409,09:37:26,$ 3304.86,100
410,09:37:26,$ 3303.28,100
411,09:37:26,$ 3304.45,100
412,09:37:26,$ 3304.35,100
413,09:37:26,$ 3304.35,112
414,09:37:11,$ 3302.5533,399
415,09:37:11,$ 3303.50,100
416,09:37:11,$ 3303.50,100
417,09:37:11,$ 3303.50,100
418,09:37:11,$ 3303.50,134
419,09:37:11,$ 3303.51,100
421,09:37:11,$ 3304.18,100
422,09:37:10,$ 3305.6799,500
423,09:36:54,$ 3303.27,100
424,09:36:54,$ 3303.29,100
425,09:36:49,$ 3303.3402,100
426,09:36:48,$ 3302.33,100
427,09:36:45,$ 3302.56,100
428,09:36:41,$ 3304.11,100
429,09:36:38,$ 3304.10,100
430,09:36:38,$ 3303.87,100
431,09:36:38,$ 3303.87,100
432,09:36:35,$ 3303.88,200
433,09:36:19,$ 3305.30,100
434,09:36:12,$ 3304.9583,100
435,09:36:11,$ 3305.065,100
436,09:36:00,$ 3304.1801,100
437,09:35:51,$ 3305.465,100
438,09:35:51,$ 3305.8223,100
439,09:35:42,$ 3304.66,100
440,09:35:42,$ 3304.18,100
442,09:35:42,$ 3304.66,300
443,09:35:40,$ 3306.11,100
444,09:35:39,$ 3307.125,100
445,09:35:38,$ 3306.52,100
446,09:35:38,$ 3307.52,100
447,09:35:34,$ 3305.44,100
448,09:35:34,$ 3306.06,100
449,09:35:28,$ 3305.00,100
450,09:35:28,$ 3305.795,100
451,09:35:28,$ 3305.00,100
452,09:35:28,$ 3305.00,100
453,09:35:25,$ 3307.05,100
454,09:35:25,$ 3307.05,100
455,09:35:25,$ 3307.05,100
456,09:35:21,$ 3307.64,100
457,09:35:19,$ 3307.475,100
458,09:35:17,$ 3307.445,100
459,09:35:13,$ 3308.12,100
460,09:35:13,$ 3309.23,100
461,09:35:13,$ 3309.54,100
463,09:35:13,$ 3309.39,100
464,09:35:13,$ 3309.18,100
465,09:35:11,$ 3310.10,100
466,09:35:11,$ 3309.9975,100
467,09:35:08,$ 3310.08,100
468,09:35:05,$ 3309.16,100
469,09:35:02,$ 3310.015,100
470,09:35:02,$ 3310.1092,500
471,09:35:00,$ 3310.032,100
472,09:34:52,$ 3309.06,100
473,09:34:39,$ 3309.01,100
474,09:34:34,$ 3310.49,500
475,09:34:29,$ 3309.24,100
476,09:34:24,$ 3311.10,100
477,09:34:24,$ 3311.00,100
478,09:34:23,$ 3311.55,100
479,09:34:22,$ 3313.00,100
480,09:34:19,$ 3311.9764,100
481,09:34:14,$ 3312.03,100
482,09:34:14,$ 3312.75,100
484,09:34:11,$ 3313.09,100
485,09:34:11,$ 3313.67,100
486,09:34:10,$ 3313.70,100
487,09:34:10,$ 3313.70,100
488,09:34:09,$ 3313.70,100
489,09:34:06,$ 3313.07,100
490,09:34:06,$ 3313.17,100
491,09:34:06,$ 3313.05,100
492,09:34:02,$ 3315.29,100
493,09:34:02,$ 3315.29,100
494,09:34:02,$ 3315.29,100
495,09:34:02,$ 3315.46,100
496,09:34:02,$ 3316.00,100
497,09:34:02,$ 3316.00,390
498,09:34:01,$ 3316.31,100
499,09:33:59,$ 3317.91,103
500,09:33:59,$ 3316.805,396
501,09:33:57,$ 3317.0499,163
502,09:33:47,$ 3317.73,100
503,09:33:46,$ 3318.60,100
505,09:33:38,$ 3316.622,100
506,09:33:37,$ 3316.595,100
507,09:33:37,$ 3315.932,150
508,09:33:28,$ 3318.185,100
509,09:33:27,$ 3317.72,100
510,09:33:27,$ 3318.24,100
511,09:33:25,$ 3318.87,100
512,09:33:21,$ 3317.36,100
513,09:33:15,$ 3316.63,100
514,09:33:14,$ 3316.56,100
515,09:33:12,$ 3316.565,100
516,09:33:09,$ 3315.80,450
517,09:33:08,$ 3316.80,100
518,09:33:08,$ 3316.555,100
519,09:33:08,$ 3317.93,100
520,09:33:08,$ 3317.13,100
521,09:33:07,$ 3317.04,100
522,09:33:07,$ 3319.424,100
523,09:33:07,$ 3316.39,100
524,09:33:07,$ 3319.4698,100
526,09:33:07,$ 3318.865,100
527,09:33:07,$ 3316.145,"1,142"
528,09:33:07,$ 3319.47,100
529,09:33:00,$ 3317.89,100
530,09:33:00,$ 3317.7698,100
531,09:32:58,$ 3318.00,270
532,09:32:57,$ 3316.645,500
533,09:32:56,$ 3315.00,100
534,09:32:53,$ 3317.83,100
535,09:32:50,$ 3317.67,100
536,09:32:50,$ 3317.535,100
537,09:32:49,$ 3317.535,100
538,09:32:49,$ 3318.128,100
539,09:32:49,$ 3316.875,100
540,09:32:49,$ 3317.74,100
541,09:32:49,$ 3317.74,100
542,09:32:49,$ 3317.665,100
543,09:32:45,$ 3317.67,100
544,09:32:45,$ 3316.3713,115
545,09:32:41,$ 3317.12,100
547,09:32:40,$ 3316.175,130
548,09:32:40,$ 3317.90,100
549,09:32:40,$ 3317.74,100
550,09:32:40,$ 3316.52,100
551,09:32:40,$ 3315.865,100
552,09:32:40,$ 3315.36,100
553,09:32:40,$ 3317.26,100
554,09:32:40,$ 3317.26,100
555,09:32:40,$ 3316.56,100
556,09:32:40,$ 3316.10,100
557,09:32:40,$ 3316.38,100
558,09:32:40,$ 3316.57,100
559,09:32:40,$ 3316.62,100
560,09:32:28,$ 3315.92,100
561,09:32:28,$ 3315.8575,350
562,09:32:28,$ 3315.215,100
563,09:32:23,$ 3315.99,100
564,09:32:23,$ 3315.1941,500
565,09:32:11,$ 3312.39,100
566,09:31:57,$ 3314.30,193
568,09:31:54,$ 3313.90,100
569,09:31:51,$ 3312.33,100
570,09:31:50,$ 3311.80,100
571,09:31:39,$ 3310.81,100
572,09:31:33,$ 3312.62,100
573,09:31:33,$ 3312.68,160
574,09:31:33,$ 3312.68,150
575,09:31:33,$ 3312.68,286
576,09:31:33,$ 3311.82,100
577,09:31:29,$ 3310.83,100
578,09:31:18,$ 3309.8346,125
579,09:31:12,$ 3311.27,100
580,09:31:09,$ 3311.03,100
581,09:31:08,$ 3311.43,100
582,09:31:02,$ 3309.2572,100
583,09:30:56,$ 3311.00,100
584,09:30:56,$ 3310.52,100
585,09:30:55,$ 3312.745,300
586,09:30:55,$ 3309.12,100
587,09:30:55,$ 3309.11,100
589,09:30:51,$ 3312.60,100
590,09:30:48,$ 3313.77,100
591,09:30:34,$ 3315.17,300
592,09:30:21,$ 3316.11,107
593,09:30:17,$ 3317.535,100
594,09:30:17,$ 3317.535,100
595,09:30:17,$ 3316.33,100
596,09:30:17,$ 3315.94,100
597,09:30:17,$ 3316.76,119
598,09:30:17,$ 3316.76,100
599,09:30:17,$ 3316.76,100
600,09:30:17,$ 3317.21,100
601,09:30:17,$ 3316.76,101
602,09:30:17,$ 3317.21,100
603,09:30:16,$ 3316.215,100
604,09:30:14,$ 3315.515,100
605,09:30:14,$ 3314.70,550
606,09:30:12,$ 3315.01,100
607,09:30:03,$ 3316.16,100
608,09:30:03,$ 3316.09,100
610,09:30:00,$ 3317.00,10
611,09:30:00,$ 3317.00,2
612,09:30:00,$ 3317.00,4
613,09:30:00,$ 3317.00,1
614,09:30:00,$ 3317.00,2
615,09:30:00,$ 3317.00,4
616,09:30:00,$ 3317.00,4
617,09:30:00,$ 3317.00,1
618,09:30:00,$ 3317.00,8
619,09:30:00,$ 3317.00,8
620,09:30:00,$ 3317.00,4
621,09:30:00,$ 3317.00,1
622,09:30:00,$ 3317.00,2
623,09:30:00,$ 3317.00,11
624,09:30:00,$ 3317.00,6
625,09:30:00,$ 3317.00,22
626,09:30:00,$ 3317.00,13
627,09:30:00,$ 3317.00,12
628,09:30:00,$ 3317.00,4
629,09:30:00,$ 3317.00,5
631,09:30:00,$ 3317.00,2
632,09:30:00,$ 3317.00,5
633,09:30:00,$ 3317.00,1
634,09:30:00,$ 3317.00,10
635,09:30:00,$ 3317.00,5
636,09:30:00,$ 3317.00,4
637,09:30:00,$ 3317.00,9
638,09:30:00,$ 3317.00,1
639,09:30:00,$ 3317.00,3
640,09:30:00,$ 3317.00,7
641,09:30:00,$ 3317.00,5
642,09:30:00,$ 3317.00,4
643,09:30:00,$ 3317.00,2
644,09:30:00,$ 3317.00,1
645,09:30:00,$ 3317.00,1
646,09:30:00,$ 3317.00,6
647,09:30:00,$ 3317.00,1
648,09:30:00,$ 3317.00,1
649,09:30:00,$ 3317.00,1
650,09:30:00,$ 3317.00,1
652,09:30:00,$ 3317.00,2
653,09:30:00,$ 3317.00,8
654,09:30:00,$ 3317.00,50
655,09:30:00,$ 3317.00,3
656,09:30:00,$ 3317.00,1
657,09:30:00,$ 3317.00,1
658,09:30:00,$ 3317.00,3
659,09:30:00,$ 3317.00,3
660,09:30:00,$ 3317.00,30
661,09:30:00,$ 3317.00,1
662,09:30:00,$ 3317.00,5
663,09:30:00,$ 3317.00,3
664,09:30:00,$ 3317.00,1
665,09:30:00,$ 3317.00,2
666,09:30:00,$ 3317.00,4
667,09:30:00,$ 3317.00,2
668,09:30:00,$ 3317.00,1
669,09:30:00,$ 3317.00,48
670,09:30:00,$ 3317.00,1
671,09:30:00,$ 3317.00,1
673,09:30:00,$ 3317.00,1
674,09:30:00,$ 3317.00,4
675,09:30:00,$ 3317.00,5
676,09:30:00,$ 3317.00,1
677,09:30:00,$ 3317.00,1
678,09:30:00,$ 3317.00,1
679,09:30:00,$ 3317.00,2
680,09:30:00,$ 3317.00,2
681,09:30:00,$ 3317.00,1
682,09:30:00,$ 3317.00,1
683,09:30:00,$ 3317.00,5
684,09:30:00,$ 3317.00,5
685,09:30:00,$ 3317.00,10
686,09:30:00,$ 3317.00,4
687,09:30:00,$ 3317.00,14
688,09:30:00,$ 3317.00,14
689,09:30:00,$ 3317.00,30
690,09:30:00,$ 3317.00,2
691,09:30:00,$ 3317.00,1
692,09:30:00,$ 3317.00,1
694,09:30:00,$ 3317.00,1
695,09:30:00,$ 3317.00,1
696,09:30:00,$ 3317.00,2
697,09:30:00,$ 3317.00,14
698,09:30:00,$ 3317.00,1
699,09:30:00,$ 3317.00,4
700,09:30:00,$ 3317.00,1
701,09:30:00,$ 3317.00,2
702,09:30:00,$ 3317.00,5
703,09:30:00,$ 3317.00,4
704,09:30:00,$ 3317.00,2
705,09:30:00,$ 3317.00,1
706,09:30:00,$ 3317.00,1
707,09:30:00,$ 3317.00,2
708,09:30:00,$ 3317.00,1
709,09:30:00,$ 3317.00,1
710,09:30:00,$ 3317.00,6
711,09:30:00,$ 3317.00,2
712,09:30:00,$ 3317.00,5
713,09:30:00,$ 3317.00,2
715,09:30:00,$ 3317.00,1
716,09:30:00,$ 3317.00,1
717,09:30:00,$ 3317.00,1
718,09:30:00,$ 3317.00,1
719,09:30:00,$ 3317.00,1
720,09:30:00,$ 3317.00,1
721,09:30:00,$ 3317.00,1
722,09:30:00,$ 3317.00,1
723,09:30:00,$ 3317.00,1
724,09:30:00,$ 3317.00,1
725,09:30:00,$ 3317.00,1
726,09:30:00,$ 3317.00,1
727,09:30:00,$ 3317.00,1
728,09:30:00,$ 3317.00,1
729,09:30:00,$ 3317.00,1
730,09:30:00,$ 3317.00,1
731,09:30:00,$ 3317.00,1
732,09:30:00,$ 3317.00,1
733,09:30:00,$ 3317.00,1
734,09:30:00,$ 3317.00,1
736,09:30:00,$ 3317.00,1
737,09:30:00,$ 3317.00,1
738,09:30:00,$ 3317.00,1
739,09:30:00,$ 3317.00,1
740,09:30:00,$ 3317.00,1
741,09:30:00,$ 3317.00,1
742,09:30:00,$ 3317.00,1
743,09:30:00,$ 3317.00,1
744,09:30:00,$ 3317.00,1
745,09:30:00,$ 3317.00,1
746,09:30:00,$ 3317.00,1
747,09:30:00,$ 3317.00,2
748,09:30:00,$ 3317.00,1
749,09:30:00,$ 3317.00,1
750,09:30:00,$ 3317.00,1
751,09:30:00,$ 3317.00,1
752,09:30:00,$ 3317.00,1
753,09:30:00,$ 3317.00,1
754,09:30:00,$ 3317.00,1
755,09:30:00,$ 3317.00,1
757,09:30:00,$ 3317.00,1
758,09:30:00,$ 3317.00,1
759,09:30:00,$ 3317.00,1
760,09:30:00,$ 3317.00,1
761,09:30:00,$ 3317.00,1
762,09:30:00,$ 3317.00,1
763,09:30:00,$ 3317.00,1
764,09:30:00,$ 3317.00,1
765,09:30:00,$ 3317.00,1
766,09:30:00,$ 3317.00,1
767,09:30:00,$ 3317.00,1
768,09:30:00,$ 3317.00,1
769,09:30:00,$ 3317.00,1
770,09:30:00,$ 3317.00,1
771,09:30:00,$ 3317.00,1
772,09:30:00,$ 3317.00,1
773,09:30:00,$ 3317.00,1
774,09:30:00,$ 3317.00,1
775,09:30:00,$ 3317.00,1
776,09:30:00,$ 3317.00,1
778,09:30:00,$ 3317.00,1
779,09:30:00,$ 3317.00,1
780,09:30:00,$ 3317.00,1
781,09:30:00,$ 3317.00,1
782,09:30:00,$ 3317.00,1
783,09:30:00,$ 3317.00,1
784,09:30:00,$ 3317.00,1
785,09:30:00,$ 3317.00,1
786,09:30:00,$ 3317.00,1
787,09:30:00,$ 3317.00,1
788,09:30:00,$ 3317.00,1
789,09:30:00,$ 3317.00,1
790,09:30:00,$ 3317.00,1
791,09:30:00,$ 3317.00,1
792,09:30:00,$ 3317.00,1
793,09:30:00,$ 3317.00,1
794,09:30:00,$ 3317.00,1
795,09:30:00,$ 3317.00,1
796,09:30:00,$ 3317.00,1
797,09:30:00,$ 3317.00,1
799,09:30:00,$ 3317.00,1
800,09:30:00,$ 3317.00,1
801,09:30:00,$ 3317.00,1
802,09:30:00,$ 3317.00,1
803,09:30:00,$ 3317.00,1
804,09:30:00,$ 3317.00,1
805,09:30:00,$ 3317.00,1
806,09:30:00,$ 3317.00,1
807,09:30:00,$ 3317.00,1
808,09:30:00,$ 3317.00,1
809,09:30:00,$ 3317.00,1
810,09:30:00,$ 3317.00,1
811,09:30:00,$ 3317.00,1
812,09:30:00,$ 3317.00,6
813,09:30:00,$ 3317.00,8
814,09:30:00,$ 3317.00,1
815,09:30:00,$ 3317.00,1
816,09:30:00,$ 3317.00,1
817,09:30:00,$ 3317.00,1
818,09:30:00,$ 3317.00,1
820,09:30:00,$ 3317.00,1
821,09:30:00,$ 3317.00,1
822,09:30:00,$ 3317.00,1
823,09:30:00,$ 3317.00,1
824,09:30:00,$ 3317.00,1
825,09:30:00,$ 3317.00,1
826,09:30:00,$ 3317.00,1
827,09:30:00,$ 3317.00,1
828,09:30:00,$ 3317.00,1
829,09:30:00,$ 3317.00,1
830,09:30:00,$ 3317.00,1
831,09:30:00,$ 3317.00,1
832,09:30:00,$ 3317.00,1
833,09:30:00,$ 3317.00,5
834,09:30:00,$ 3317.00,104
835,09:30:00,$ 3317.00,3
836,09:30:00,$ 3317.00,1
837,09:30:00,$ 3317.00,1
838,09:30:00,$ 3317.00,12
839,09:30:00,$ 3317.00,1
841,09:30:00,$ 3317.00,2
842,09:30:00,$ 3317.00,1
843,09:30:00,$ 3317.00,15
844,09:30:00,$ 3317.00,1
845,09:30:00,$ 3317.00,1
846,09:30:00,$ 3317.00,1
847,09:30:00,$ 3317.00,18
848,09:30:00,$ 3317.00,2
849,09:30:00,$ 3317.00,1
850,09:30:00,$ 3317.00,7
851,09:30:00,$ 3317.00,72
852,09:30:00,$ 3317.00,100
853,09:30:00,$ 3317.00,225
854,09:30:00,$ 3317.00,2
855,09:30:00,$ 3317.00,3
856,09:30:00,$ 3317.00,5
857,09:30:00,$ 3317.00,140
858,09:30:00,$ 3317.00,11
859,09:30:00,$ 3317.00,1
860,09:30:00,$ 3317.00,1
862,09:30:00,$ 3317.00,3
863,09:30:00,$ 3317.00,2
864,09:30:00,$ 3317.00,3
865,09:30:00,$ 3317.00,6
866,09:30:00,$ 3317.00,1
867,09:30:00,$ 3317.00,1
868,09:30:00,$ 3317.00,1
869,09:30:00,$ 3317.00,5
870,09:30:00,$ 3317.00,7
871,09:30:00,$ 3317.00,7
872,09:30:00,$ 3317.00,1
873,09:30:00,$ 3317.00,82
874,09:30:00,$ 3317.00,1
875,09:30:00,$ 3317.00,1
876,09:30:00,$ 3317.00,4
877,09:30:00,$ 3317.00,1
878,09:30:00,$ 3317.00,1
879,09:30:00,$ 3317.00,3
880,09:30:00,$ 3317.00,1
881,09:30:00,$ 3317.00,1
883,09:30:00,$ 3317.00,2
884,09:30:00,$ 3317.00,5
885,09:30:00,$ 3317.00,1
886,09:30:00,$ 3317.00,2
887,09:30:00,$ 3317.00,1
888,09:30:00,$ 3317.00,5
889,09:30:00,$ 3317.00,3
890,09:30:00,$ 3317.00,9
891,09:30:00,$ 3317.00,40
892,09:30:00,$ 3317.00,6
893,09:30:00,$ 3317.00,20
894,09:30:00,$ 3317.00,168
895,09:30:00,$ 3317.00,32
896,09:30:00,$ 3317.00,2
897,09:30:00,$ 3317.00,1
898,09:30:00,$ 3317.00,12
899,09:30:00,$ 3317.00,13
900,09:30:00,$ 3317.00,10
901,09:30:00,$ 3317.00,1
902,09:30:00,$ 3317.00,3
904,09:30:00,$ 3317.00,26
905,09:30:00,$ 3317.00,12
906,09:30:00,$ 3317.00,25
907,09:30:00,$ 3317.00,6
908,09:30:00,$ 3317.00,4
909,09:30:00,$ 3317.00,6
910,09:30:00,$ 3317.00,5
911,09:30:00,$ 3317.00,10
912,09:30:00,$ 3317.00,2
913,09:30:00,$ 3317.00,15
914,09:30:00,$ 3317.00,1
915,09:30:00,$ 3317.00,10
916,09:30:00,$ 3317.00,2
917,09:30:00,$ 3317.00,4
918,09:30:00,$ 3317.00,80
919,09:30:00,$ 3317.00,1
920,09:30:00,$ 3317.00,7
921,09:30:00,$ 3317.00,4
922,09:30:00,$ 3317.00,60
923,09:30:00,$ 3317.00,40
925,09:30:00,$ 3317.00,35
926,09:30:00,$ 3317.00,1
927,09:30:00,$ 3317.00,4
928,09:30:00,$ 3317.00,1
929,09:30:00,$ 3317.00,5
930,09:30:00,$ 3317.00,1
931,09:30:00,$ 3317.00,1
932,09:30:00,$ 3317.00,1
933,09:30:00,$ 3317.00,2
934,09:30:00,$ 3317.00,2
935,09:30:00,$ 3317.00,1
936,09:30:00,$ 3317.00,3
937,09:30:00,$ 3317.00,3
938,09:30:00,$ 3317.00,1
939,09:30:00,$ 3317.00,1
940,09:30:00,$ 3317.00,1
941,09:30:00,$ 3317.00,4
942,09:30:00,$ 3317.00,4
943,09:30:00,$ 3317.00,2
944,09:30:00,$ 3317.00,1
946,09:30:00,$ 3317.00,5
947,09:30:00,$ 3317.00,5
948,09:30:00,$ 3317.00,3
949,09:30:00,$ 3317.00,1
950,09:30:00,$ 3317.00,1
951,09:30:00,$ 3317.00,1
952,09:30:00,$ 3317.00,3
953,09:30:00,$ 3317.00,10
954,09:30:00,$ 3317.00,1
955,09:30:00,$ 3317.00,3
956,09:30:00,$ 3317.00,1
957,09:30:00,$ 3317.00,1
958,09:30:00,$ 3317.00,2
959,09:30:00,$ 3317.00,3
960,09:30:00,$ 3317.00,1
961,09:30:00,$ 3317.00,5
962,09:30:00,$ 3317.00,3
963,09:30:00,$ 3317.00,6
964,09:30:00,$ 3317.00,2
965,09:30:00,$ 3317.00,1
967,09:30:00,$ 3317.00,2
968,09:30:00,$ 3317.00,1
969,09:30:00,$ 3317.00,1
970,09:30:00,$ 3317.00,1
971,09:30:00,$ 3317.00,5
972,09:30:00,$ 3317.00,5
973,09:30:00,$ 3317.00,6
974,09:30:00,$ 3317.00,100
975,09:30:00,$ 3317.00,4
976,09:30:00,$ 3317.00,5
977,09:30:00,$ 3317.00,1
978,09:30:00,$ 3317.00,3
979,09:30:00,$ 3317.00,44
980,09:30:00,$ 3317.00,1
981,09:30:00,$ 3317.00,6
982,09:30:00,$ 3317.00,4
983,09:30:00,$ 3317.00,2
984,09:30:00,$ 3317.00,1
985,09:30:00,$ 3317.00,10
986,09:30:00,$ 3317.00,3
988,09:30:00,$ 3317.00,10
989,09:30:00,$ 3317.00,2
990,09:30:00,$ 3317.00,4
991,09:30:00,$ 3317.00,1
992,09:30:00,$ 3317.00,10
993,09:30:00,$ 3317.00,3
994,09:30:00,$ 3317.00,18
995,09:30:00,$ 3317.00,2
996,09:30:00,$ 3317.00,1
997,09:30:00,$ 3317.00,9
998,09:30:00,$ 3317.00,1
999,09:30:00,$ 3317.00,1
1000,09:30:00,$ 3317.00,27
1001,09:30:00,$ 3317.00,10
1002,09:30:00,$ 3317.00,32
1003,09:30:00,$ 3317.00,10
1004,09:30:00,$ 3317.00,127
1005,09:30:00,$ 3317.00,1
1006,09:30:00,$ 3317.00,8
1007,09:30:00,$ 3317.00,6
1009,09:30:00,$ 3317.00,5
1010,09:30:00,$ 3317.00,3
1011,09:30:00,$ 3317.00,2
1012,09:30:00,$ 3317.00,5
1013,09:30:00,$ 3317.00,20
1014,09:30:00,$ 3317.00,23
1015,09:30:00,$ 3317.00,3
1016,09:30:00,$ 3317.00,2
1017,09:30:00,$ 3317.00,10
1018,09:30:00,$ 3317.00,8
1019,09:30:00,$ 3317.00,7
1020,09:30:00,$ 3317.00,1
1021,09:30:00,$ 3317.00,1
1022,09:30:00,$ 3317.00,1
1023,09:30:00,$ 3317.00,1
1024,09:30:00,$ 3317.00,1
1025,09:30:00,$ 3317.00,3
1026,09:30:00,$ 3317.00,10
1027,09:30:00,$ 3317.00,10
1028,09:30:00,$ 3317.00,1
1030,09:30:00,$ 3317.00,1
1031,09:30:00,$ 3317.00,1
1032,09:30:00,$ 3317.00,1
1033,09:30:00,$ 3317.00,1
1034,09:30:00,$ 3317.00,1
1035,09:30:00,$ 3317.00,1
1036,09:30:00,$ 3317.00,1
1037,09:30:00,$ 3317.00,1
1038,09:30:00,$ 3317.00,2
1039,09:30:00,$ 3317.00,2
1040,09:30:00,$ 3317.00,1
1041,09:30:00,$ 3317.00,14
1042,09:30:00,$ 3317.00,1
1043,09:30:00,$ 3317.00,1
1044,09:30:00,$ 3317.00,1
1045,09:30:00,$ 3317.00,3
1046,09:30:00,$ 3317.00,2
1047,09:30:00,$ 3317.00,1
1048,09:30:00,$ 3317.00,2
1049,09:30:00,$ 3317.00,1
1051,09:30:00,$ 3317.00,2
1052,09:30:00,$ 3317.00,3
1053,09:30:00,$ 3317.00,1
1054,09:30:00,$ 3317.00,2
1055,09:30:00,$ 3317.00,1
1056,09:30:00,$ 3317.00,65
1057,09:30:00,$ 3317.00,1
1058,09:30:00,$ 3317.00,1
1059,09:30:00,$ 3317.00,1
1060,09:30:00,$ 3317.00,3
1061,09:30:00,$ 3317.00,1
1062,09:30:00,$ 3317.00,1
1063,09:30:00,$ 3317.00,1
1064,09:30:00,$ 3317.00,1
1065,09:30:00,$ 3317.00,1
1066,09:30:00,$ 3317.00,10
1067,09:30:00,$ 3317.00,1
1068,09:30:00,$ 3317.00,10
1069,09:30:00,$ 3317.00,2
1070,09:30:00,$ 3317.00,1
1072,09:30:00,$ 3317.00,1
1073,09:30:00,$ 3317.00,1
1074,09:30:00,$ 3317.00,6
1075,09:30:00,$ 3317.00,2
1076,09:30:00,$ 3317.00,1
1077,09:30:00,$ 3317.00,1
1078,09:30:00,$ 3317.00,1
1079,09:30:00,$ 3317.00,2
1080,09:30:00,$ 3317.00,1
1081,09:30:00,$ 3317.00,3
1082,09:30:00,$ 3317.00,10
1083,09:30:00,$ 3317.00,3
1084,09:30:00,$ 3317.00,6
1085,09:30:00,$ 3317.00,4
1086,09:30:00,$ 3317.00,1
1087,09:30:00,$ 3317.00,1
1088,09:30:00,$ 3317.00,2
1089,09:30:00,$ 3317.00,2
1090,09:30:00,$ 3317.00,1
1091,09:30:00,$ 3317.00,2
1093,09:30:00,$ 3317.00,1
1094,09:30:00,$ 3317.00,6
1095,09:30:00,$ 3317.00,10
1096,09:30:00,$ 3317.00,2
1097,09:30:00,$ 3317.00,1
1098,09:30:00,$ 3317.00,3
1099,09:30:00,$ 3317.00,1
1100,09:30:00,$ 3317.00,1
1101,09:30:00,$ 3317.00,1
1102,09:30:00,$ 3317.00,1
1103,09:30:00,$ 3317.00,1
1104,09:30:00,$ 3317.00,1
1105,09:30:00,$ 3317.00,1
1106,09:30:00,$ 3317.00,1
1107,09:30:00,$ 3317.00,1
1108,09:30:00,$ 3317.00,1
1109,09:30:00,$ 3317.00,1
1110,09:30:00,$ 3317.00,1
1111,09:30:00,$ 3317.00,1
1112,09:30:00,$ 3317.00,1
1114,09:30:00,$ 3317.00,1
1115,09:30:00,$ 3317.00,1
1116,09:30:00,$ 3317.00,1
1117,09:30:00,$ 3317.00,1
1118,09:30:00,$ 3317.00,1
1119,09:30:00,$ 3317.00,1
1120,09:30:00,$ 3317.00,1
1121,09:30:00,$ 3317.00,1
1122,09:30:00,$ 3317.00,1
1123,09:30:00,$ 3317.00,1
1124,09:30:00,$ 3317.00,1
1125,09:30:00,$ 3317.00,1
1126,09:30:00,$ 3317.00,1
1127,09:30:00,$ 3317.00,1
1128,09:30:00,$ 3317.00,1
1129,09:30:00,$ 3317.00,1
1130,09:30:00,$ 3317.00,1
1131,09:30:00,$ 3317.00,1
1132,09:30:00,$ 3317.00,1
1133,09:30:00,$ 3317.00,1
1135,09:30:00,$ 3317.00,1
1136,09:30:00,$ 3317.00,1
1137,09:30:00,$ 3317.00,1
1138,09:30:00,$ 3317.00,1
1139,09:30:00,$ 3317.00,1
1140,09:30:00,$ 3317.00,1
1141,09:30:00,$ 3317.00,1
1142,09:30:00,$ 3317.00,1
1143,09:30:00,$ 3317.00,1
1144,09:30:00,$ 3317.00,1
1145,09:30:00,$ 3317.00,1
1146,09:30:00,$ 3317.00,1
1147,09:30:00,$ 3317.00,1
1148,09:30:00,$ 3317.00,1
1149,09:30:00,$ 3317.00,1
1150,09:30:00,$ 3317.00,1
1151,09:30:00,$ 3317.00,1
1152,09:30:00,$ 3317.00,1
1153,09:30:00,$ 3317.00,1
1154,09:30:00,$ 3317.00,1
1156,09:30:00,$ 3317.00,1
1157,09:30:00,$ 3317.00,1
1158,09:30:00,$ 3317.00,1
1159,09:30:00,$ 3317.00,1
1160,09:30:00,$ 3317.00,1
1161,09:30:00,$ 3317.00,1
1162,09:30:00,$ 3317.00,1
1163,09:30:00,$ 3317.00,1
1164,09:30:00,$ 3317.00,1
1165,09:30:00,$ 3317.00,1
1166,09:30:00,$ 3317.00,2
1167,09:30:00,$ 3317.00,1
1168,09:30:00,$ 3317.00,1
1169,09:30:00,$ 3317.00,1
1170,09:30:00,$ 3317.00,1
1171,09:30:00,$ 3317.00,2
1172,09:30:00,$ 3317.00,1
1173,09:30:00,$ 3317.00,1
1174,09:30:00,$ 3317.00,1
1175,09:30:00,$ 3317.00,1
1177,09:30:00,$ 3317.00,1
1178,09:30:00,$ 3317.00,1
1179,09:30:00,$ 3317.00,1
1180,09:30:00,$ 3317.00,1
1181,09:30:00,$ 3317.00,1
1182,09:30:00,$ 3317.00,1
1183,09:30:00,$ 3317.00,1
1184,09:30:00,$ 3317.00,1
1185,09:30:00,$ 3317.00,1
1186,09:30:00,$ 3317.00,1
1187,09:30:00,$ 3317.00,1
1188,09:30:00,$ 3317.00,1
1189,09:30:00,$ 3317.00,1
1190,09:30:00,$ 3317.00,1
1191,09:30:00,$ 3317.00,6
1192,09:30:00,$ 3317.00,3
1193,09:30:00,$ 3317.00,1
1194,09:30:00,$ 3317.00,1
1195,09:30:00,$ 3317.00,1
1196,09:30:00,$ 3317.00,1
1198,09:30:00,$ 3317.00,8
1199,09:30:00,$ 3317.00,1
1200,09:30:00,$ 3317.00,3
1201,09:30:00,$ 3317.00,1
1202,09:30:00,$ 3317.00,1
1203,09:30:00,$ 3317.00,1
1204,09:30:00,$ 3317.00,78
1205,09:30:00,$ 3317.00,5
1206,09:30:00,$ 3317.00,2
1207,09:30:00,$ 3317.00,11
1208,09:30:00,$ 3317.00,9
1209,09:30:00,$ 3317.00,1
1210,09:30:00,$ 3317.00,10
1211,09:30:00,$ 3317.00,1
1212,09:30:00,$ 3317.00,3
1213,09:30:00,$ 3317.00,1
1214,09:30:00,$ 3317.00,1
1215,09:30:00,$ 3317.00,1
1216,09:30:00,$ 3317.00,1
1217,09:30:00,$ 3317.00,1
1219,09:30:00,$ 3317.00,1
1220,09:30:00,$ 3317.00,2
1221,09:30:00,$ 3317.00,2
1222,09:30:00,$ 3317.00,2
1223,09:30:00,$ 3317.00,35
1224,09:30:00,$ 3317.00,11
1225,09:30:00,$ 3317.00,13
1226,09:30:00,$ 3317.00,1
1227,09:30:00,$ 3317.00,1
1228,09:30:00,$ 3317.00,2
1229,09:30:00,$ 3317.00,2
1230,09:30:00,$ 3317.00,10
1231,09:30:00,$ 3317.00,28
1232,09:30:00,$ 3317.00,5
1233,09:30:00,$ 3317.00,2
1234,09:30:00,$ 3317.00,1
1235,09:30:00,$ 3317.00,3
1236,09:30:00,$ 3317.00,1
1237,09:30:00,$ 3317.00,3
1238,09:30:00,$ 3317.00,7
1240,09:30:00,$ 3317.00,4
1241,09:30:00,$ 3317.00,4
1242,09:30:00,$ 3317.00,25
1243,09:30:00,$ 3317.00,2
1244,09:30:00,$ 3317.00,1
1245,09:30:00,$ 3317.00,5
1246,09:30:00,$ 3317.00,6
1247,09:30:00,$ 3317.00,2
1248,09:30:00,$ 3317.00,2
1249,09:30:00,$ 3317.00,5
1250,09:30:00,$ 3317.00,1
1251,09:30:00,$ 3317.00,1
1252,09:30:00,$ 3317.00,1
1253,09:30:00,$ 3317.00,3
1254,09:30:00,$ 3317.00,5
1255,09:30:00,$ 3317.00,2
1256,09:30:00,$ 3317.00,2
1257,09:30:00,$ 3317.00,5
1258,09:30:00,$ 3317.00,1
1259,09:30:00,$ 3317.00,10
1261,09:30:00,$ 3317.00,3
1262,09:30:00,$ 3317.00,3
1263,09:30:00,$ 3317.00,1
1264,09:30:00,$ 3317.00,10
1265,09:30:00,$ 3317.00,10
1266,09:30:00,$ 3317.00,1
1267,09:30:00,$ 3317.00,3
1268,09:30:00,$ 3317.00,4
1269,09:30:00,$ 3317.00,2
1270,09:30:00,$ 3317.00,1
1271,09:30:00,$ 3317.00,"5,562"
1272,09:30:00,$ 3317.00,1
1273,09:30:00,$ 3317.00,1
1274,09:30:00,$ 3317.00,1
1275,09:30:00,$ 3317.00,1
1276,09:30:00,$ 3317.00,15
1277,09:30:00,$ 3317.00,1
1278,09:30:00,$ 3317.00,3
1279,09:30:00,$ 3317.00,20
1280,09:30:00,$ 3317.00,6
1282,09:30:00,$ 3317.00,3
1283,09:30:00,$ 3317.00,5
1284,09:30:00,$ 3317.00,29
1285,09:30:00,$ 3317.00,2
1286,09:30:00,$ 3317.00,19
1287,09:30:00,$ 3317.00,2
1288,09:30:00,$ 3317.00,1
1289,09:30:00,$ 3317.00,1
1290,09:30:00,$ 3317.00,1
1291,09:30:00,$ 3317.00,7
1292,09:30:00,$ 3317.00,50
1293,09:30:00,$ 3317.00,5
1294,09:30:00,$ 3317.00,1
1295,09:30:00,$ 3317.00,1
1296,09:30:00,$ 3317.00,2
1297,09:30:00,$ 3317.00,1
1298,09:30:00,$ 3317.00,5
1299,09:30:00,$ 3317.00,1
1300,09:30:00,$ 3317.00,3
1301,09:30:00,$ 3317.00,9
1303,09:30:00,$ 3317.00,2
1304,09:30:00,$ 3317.00,10
1305,09:30:00,$ 3317.00,4
1306,09:30:00,$ 3317.00,3
1307,09:30:00,$ 3317.00,1
1308,09:30:00,$ 3317.00,1
1309,09:30:00,$ 3317.00,6
1310,09:30:00,$ 3317.00,3
1311,09:30:00,$ 3317.00,2
1312,09:30:00,$ 3317.00,1
1313,09:30:00,$ 3317.00,2
1314,09:30:00,$ 3317.00,1
1315,09:30:00,$ 3317.00,6
1316,09:30:00,$ 3317.00,4
1317,09:30:00,$ 3317.00,1
1318,09:30:00,$ 3317.00,8
1319,09:30:00,$ 3317.00,1
1320,09:30:00,$ 3317.00,4
1321,09:30:00,$ 3317.00,1
1322,09:30:00,$ 3317.00,19
1324,09:30:00,$ 3317.00,8
1325,09:30:00,$ 3317.00,5
1326,09:30:00,$ 3317.00,26
1327,09:30:00,$ 3317.00,6
1328,09:30:00,$ 3317.00,61
1329,09:30:00,$ 3317.00,3
1330,09:30:00,$ 3317.00,4
1331,09:30:00,$ 3317.00,5
1332,09:30:00,$ 3317.00,50
1333,09:30:00,$ 3317.00,22
1334,09:30:00,$ 3317.00,17
1335,09:30:00,$ 3317.00,70
1336,09:30:00,$ 3317.00,10
1337,09:30:00,$ 3317.00,6
1338,09:30:00,$ 3317.00,4
1339,09:30:00,$ 3317.00,8
1340,09:30:00,$ 3317.00,2
1341,09:30:00,$ 3317.00,80
1342,09:30:00,$ 3317.00,2
1343,09:30:00,$ 3317.00,5
1345,09:30:00,$ 3317.00,18
1346,09:30:00,$ 3317.00,5
1347,09:30:00,$ 3317.00,40
1348,09:30:00,$ 3317.00,13
1349,09:30:00,$ 3317.00,10
1350,09:30:00,$ 3317.00,1
1351,09:30:00,$ 3317.00,4
1352,09:30:00,$ 3317.00,2
1353,09:30:00,$ 3317.00,1
1354,09:30:00,$ 3317.00,100
1355,09:30:00,$ 3317.00,1
1356,09:30:00,$ 3317.00,3
1357,09:30:00,$ 3317.00,1
1358,09:30:00,$ 3317.00,1
1359,09:30:00,$ 3317.00,3
1360,09:30:00,$ 3317.00,1
1361,09:30:00,$ 3317.00,646
1362,09:30:00,$ 3317.00,1
1363,09:30:00,$ 3317.00,1
1364,09:30:00,$ 3317.00,1
1366,09:30:00,$ 3317.00,1
1367,09:30:00,$ 3317.00,6
1368,09:30:00,$ 3317.00,4
1369,09:30:00,$ 3317.00,1
1370,09:30:00,$ 3317.00,2
1371,09:30:00,$ 3317.00,5
1372,09:30:00,$ 3317.00,7
1373,09:30:00,$ 3317.00,1
1374,09:30:00,$ 3317.00,1
1375,09:30:00,$ 3317.00,3
1376,09:30:00,$ 3317.00,2
1377,09:30:00,$ 3317.00,1
1378,09:30:00,$ 3317.00,1
1379,09:30:00,$ 3317.00,1
1380,09:30:00,$ 3317.00,10
1381,09:30:00,$ 3317.00,3
1382,09:30:00,$ 3317.00,2
1383,09:30:00,$ 3317.00,44
1384,09:30:00,$ 3317.00,11
1385,09:30:00,$ 3317.00,1
1387,09:30:00,$ 3317.00,1
1388,09:30:00,$ 3317.00,7
1389,09:30:00,$ 3317.00,1
1390,09:30:00,$ 3317.00,2
1391,09:30:00,$ 3317.00,3
1392,09:30:00,$ 3317.00,3
1393,09:30:00,$ 3317.00,1
1394,09:30:00,$ 3317.00,6
1395,09:30:00,$ 3317.00,1
1396,09:30:00,$ 3317.00,2
1397,09:30:00,$ 3317.00,4
1398,09:30:00,$ 3317.00,1
1399,09:30:00,$ 3317.00,3
1400,09:30:00,$ 3317.00,11
1401,09:30:00,$ 3317.00,6
1402,09:30:00,$ 3317.00,1
1403,09:30:00,$ 3317.00,2
1404,09:30:00,$ 3317.00,2
1405,09:30:00,$ 3317.00,2
1406,09:30:00,$ 3317.00,4
1408,09:30:00,$ 3317.00,10
1409,09:30:00,$ 3317.00,1
1410,09:30:00,$ 3317.00,3
1411,09:30:00,$ 3317.00,1
1412,09:30:00,$ 3317.00,3
1413,09:30:00,$ 3317.00,5
1414,09:30:00,$ 3317.00,5
1415,09:30:00,$ 3317.00,1
1416,09:30:00,$ 3317.00,1
1417,09:30:00,$ 3317.00,2
1418,09:30:00,$ 3317.00,20
1419,09:30:00,$ 3317.00,8
1420,09:30:00,$ 3317.00,3
1421,09:30:00,$ 3317.00,2
1422,09:30:00,$ 3317.00,2
1423,09:30:00,$ 3317.00,2
1424,09:30:00,$ 3317.00,1
1425,09:30:00,$ 3317.00,2
1426,09:30:00,$ 3317.00,2
1427,09:30:00,$ 3317.00,2
1429,09:30:00,$ 3317.00,1
1430,09:30:00,$ 3317.00,2
1431,09:30:00,$ 3317.00,1
1432,09:30:00,$ 3317.00,4
1433,09:30:00,$ 3317.00,1
1434,09:30:00,$ 3317.00,1
1435,09:30:00,$ 3317.00,2
1436,09:30:00,$ 3317.00,1
1437,09:30:00,$ 3317.00,2
1438,09:30:00,$ 3317.00,2
1439,09:30:00,$ 3317.00,39
1440,09:30:00,$ 3317.00,55
1441,09:30:00,$ 3317.00,11
1442,09:30:00,$ 3317.00,5
1443,09:30:00,$ 3317.00,2
1444,09:30:00,$ 3317.00,10
1445,09:30:00,$ 3317.00,1
1446,09:30:00,$ 3317.00,2
1447,09:30:00,$ 3317.00,9
1448,09:30:00,$ 3317.00,2
1450,09:30:00,$ 3317.00,3
1451,09:30:00,$ 3317.00,1
1452,09:30:00,$ 3317.00,10
1453,09:30:00,$ 3317.00,2
1454,09:30:00,$ 3317.00,1
1455,09:30:00,$ 3317.00,5
1456,09:30:00,$ 3317.00,5
1457,09:30:00,$ 3317.00,1
1458,09:30:00,$ 3317.00,1
1459,09:30:00,$ 3317.00,2
1460,09:30:00,$ 3317.00,2
1461,09:30:00,$ 3317.00,1
1462,09:30:00,$ 3317.00,2
1463,09:30:00,$ 3317.00,10
1464,09:30:00,$ 3317.00,4
1465,09:30:00,$ 3317.00,55
1466,09:30:00,$ 3317.00,1
1467,09:30:00,$ 3317.00,9
1468,09:30:00,$ 3317.00,5
1469,09:30:00,$ 3317.00,3
1471,09:30:00,$ 3317.00,1
1472,09:30:00,$ 3317.00,5
1473,09:30:00,$ 3317.00,1
1474,09:30:00,$ 3317.00,5
1475,09:30:00,$ 3317.00,1
1476,09:30:00,$ 3317.00,10
1477,09:30:00,$ 3317.00,4
1478,09:30:00,$ 3317.00,94
1479,09:30:00,$ 3317.00,221
1480,09:30:00,$ 3317.00,2
1481,09:30:00,$ 3317.00,1
1482,09:30:00,$ 3317.00,3
1483,09:30:00,$ 3317.00,1
1484,09:30:00,$ 3317.00,6
1485,09:30:00,$ 3317.00,5
1486,09:30:00,$ 3317.00,1
1487,09:30:00,$ 3317.00,1
1488,09:30:00,$ 3317.00,1
1489,09:30:00,$ 3317.00,50
1490,09:30:00,$ 3317.00,27
1492,09:30:00,$ 3317.00,38
1493,09:30:00,$ 3317.00,20
1494,09:30:00,$ 3317.00,3
1495,09:30:00,$ 3317.00,4
1496,09:30:00,$ 3317.00,3
1497,09:30:00,$ 3317.00,1
1498,09:30:00,$ 3317.00,4
1499,09:30:00,$ 3317.00,1
1500,09:30:00,$ 3317.00,4
1501,09:30:00,$ 3317.00,"2,000"
1502,09:30:00,$ 3317.00,175
1503,09:30:00,$ 3317.00,30
1504,09:30:00,$ 3317.00,2
1505,09:30:00,$ 3317.00,5
1506,09:30:00,$ 3317.00,1
1507,09:30:00,$ 3317.00,1
1508,09:30:00,$ 3317.00,1
1509,09:30:00,$ 3317.00,2
1510,09:30:00,$ 3317.00,4
1511,09:30:00,$ 3317.00,7
1513,09:30:00,$ 3317.00,1
1514,09:30:00,$ 3317.00,1
1515,09:30:00,$ 3317.00,1
1516,09:30:00,$ 3317.00,5
1517,09:30:00,$ 3317.00,2
1518,09:30:00,$ 3317.00,40
1519,09:30:00,$ 3317.00,19
1520,09:30:00,$ 3317.00,2
1521,09:30:00,$ 3317.00,8
1522,09:30:00,$ 3317.00,2
1523,09:30:00,$ 3317.00,34
1524,09:30:00,$ 3317.00,1
1525,09:30:00,$ 3317.00,2
1526,09:30:00,$ 3317.00,1
1527,09:30:00,$ 3317.00,2
1528,09:30:00,$ 3317.00,1
1529,09:30:00,$ 3317.00,2
1530,09:30:00,$ 3317.00,4
1531,09:30:00,$ 3317.00,5
1532,09:30:00,$ 3317.00,1
1534,09:30:00,$ 3317.00,3
1535,09:30:00,$ 3317.00,10
1536,09:30:00,$ 3317.00,36
1537,09:30:00,$ 3317.00,27
1538,09:30:00,$ 3317.00,1
1539,09:30:00,$ 3317.00,1
1540,09:30:00,$ 3317.00,1
1541,09:30:00,$ 3317.00,1
1542,09:30:00,$ 3317.00,1
1543,09:30:00,$ 3317.00,1
1544,09:30:00,$ 3317.00,1
1545,09:30:00,$ 3317.00,8
1546,09:30:00,$ 3317.00,2
1547,09:30:00,$ 3317.00,1
1548,09:30:00,$ 3317.00,1
1549,09:30:00,$ 3317.00,1
1550,09:30:00,$ 3317.00,15
1551,09:30:00,$ 3317.00,18
1552,09:30:00,$ 3317.00,1
1553,09:30:00,$ 3317.00,1
1555,09:30:00,$ 3317.00,25
1556,09:30:00,$ 3317.00,100
1557,09:30:00,$ 3317.00,12
1558,09:30:00,$ 3317.00,240
1559,09:30:00,$ 3317.00,22
1560,09:30:00,$ 3317.00,1
1561,09:30:00,$ 3317.00,10
1562,09:30:00,$ 3317.00,4
1563,09:30:00,$ 3317.00,9
1564,09:30:00,$ 3317.00,1
1565,09:30:00,$ 3317.00,127
1566,09:30:00,$ 3317.00,8
1567,09:30:00,$ 3317.00,93
1568,09:30:00,$ 3317.00,7
1569,09:30:00,$ 3317.00,10
1570,09:30:00,$ 3317.00,12
1571,09:30:00,$ 3317.00,2
1572,09:30:00,$ 3317.00,4
1573,09:30:00,$ 3317.00,5
1574,09:30:00,$ 3317.00,5
1576,09:30:00,$ 3317.00,2
1577,09:30:00,$ 3317.00,1
1578,09:30:00,$ 3317.00,1
1579,09:30:00,$ 3317.00,39
1580,09:30:00,$ 3317.00,10
1581,09:30:00,$ 3317.00,1
1582,09:30:00,$ 3317.00,10
1583,09:30:00,$ 3317.00,51
1584,09:30:00,$ 3317.00,1
1585,09:30:00,$ 3317.00,4
1586,09:30:00,$ 3317.00,1
1587,09:30:00,$ 3317.00,3
1588,09:30:00,$ 3317.00,8
1589,09:30:00,$ 3317.00,1
1590,09:30:00,$ 3317.00,44
1591,09:30:00,$ 3317.00,1
1592,09:30:00,$ 3317.00,10
1593,09:30:00,$ 3317.00,1
1594,09:30:00,$ 3317.00,30
1595,09:30:00,$ 3317.00,10
1597,09:30:00,$ 3317.00,9
1598,09:30:00,$ 3317.00,11
1599,09:30:00,$ 3317.00,2
1600,09:30:00,$ 3317.00,10
1601,09:30:00,$ 3317.00,2
1602,09:30:00,$ 3317.00,89
1603,09:30:00,$ 3317.00,3
1604,09:30:00,$ 3317.00,10
1605,09:30:00,$ 3317.00,35
1606,09:30:00,$ 3317.00,1
1607,09:30:00,$ 3317.00,2
1608,09:30:00,$ 3317.00,56
1609,09:30:00,$ 3317.00,1
1610,09:30:00,$ 3317.00,100
1611,09:30:00,$ 3317.00,6
1612,09:30:00,$ 3317.00,1
1613,09:30:00,$ 3317.00,4
1614,09:30:00,$ 3317.00,10
1615,09:30:00,$ 3317.00,125
1616,09:30:00,$ 3317.00,1
1618,09:30:00,$ 3317.00,1
1619,09:30:00,$ 3317.00,100
1620,09:30:00,$ 3317.00,5
1621,09:30:00,$ 3317.00,200
1622,09:30:00,$ 3317.00,131
1623,09:30:00,$ 3317.00,2
1624,09:30:00,$ 3317.00,100
1625,09:30:00,$ 3317.00,10
1626,09:30:00,$ 3317.00,45
1627,09:30:00,$ 3317.00,4
1628,09:30:00,$ 3317.00,10
1629,09:30:00,$ 3317.00,151
1630,09:30:00,$ 3317.00,1
1631,09:30:00,$ 3317.00,1
1632,09:30:00,$ 3317.00,1
1633,09:30:00,$ 3317.00,1
1634,09:30:00,$ 3317.00,5
1635,09:30:00,$ 3317.00,1
1636,09:30:00,$ 3317.00,1
1637,09:30:00,$ 3317.00,18
1639,09:30:00,$ 3317.00,16
1640,09:30:00,$ 3317.00,16
1641,09:30:00,$ 3317.00,7
1642,09:30:00,$ 3317.00,2
1643,09:30:00,$ 3317.00,100
1644,09:30:00,$ 3317.00,8
1645,09:30:00,$ 3317.00,4
1646,09:30:00,$ 3317.00,3
1647,09:30:00,$ 3317.00,1
1648,09:30:00,$ 3317.00,48
1649,09:30:00,$ 3317.00,10
1650,09:30:00,$ 3317.00,30
1651,09:30:00,$ 3317.00,2
1652,09:30:00,$ 3317.00,65
1653,09:30:00,$ 3317.00,28
1654,09:30:00,$ 3317.00,149
1655,09:30:00,$ 3317.00,2
1656,09:30:00,$ 3317.00,12
1657,09:30:00,$ 3317.00,22
1658,09:30:00,$ 3317.00,9
1660,09:30:00,$ 3317.00,23
1661,09:30:00,$ 3317.00,10
1662,09:30:00,$ 3317.00,1
1663,09:30:00,$ 3317.00,1
1664,09:30:00,$ 3317.00,2
1665,09:30:00,$ 3317.00,4
1666,09:30:00,$ 3317.00,1
1667,09:30:00,$ 3317.00,2
1668,09:30:00,$ 3317.00,1
1669,09:30:00,$ 3317.00,1
1670,09:30:00,$ 3317.00,1
1671,09:30:00,$ 3317.00,1
1672,09:30:00,$ 3317.00,1
1673,09:30:00,$ 3317.00,2
1674,09:30:00,$ 3317.00,1
1675,09:30:00,$ 3317.00,1
1676,09:30:00,$ 3317.00,1
1677,09:30:00,$ 3317.00,1
1678,09:30:00,$ 3317.00,1
1679,09:30:00,$ 3317.00,7
1681,09:30:00,$ 3317.00,4
1682,09:30:00,$ 3317.00,1
1683,09:30:00,$ 3317.00,"1,000"
1684,09:30:00,$ 3317.00,33
1685,09:30:00,$ 3317.00,49
1686,09:30:00,$ 3317.00,7
1687,09:30:00,$ 3317.00,1
1688,09:30:00,$ 3317.00,1
1689,09:30:00,$ 3317.00,1
1690,09:30:00,$ 3317.00,1
1691,09:30:00,$ 3317.00,11
1692,09:30:00,$ 3317.00,1
1693,09:30:00,$ 3317.00,2
1694,09:30:00,$ 3317.00,4
1695,09:30:00,$ 3317.00,35
1696,09:30:00,$ 3317.00,1
1697,09:30:00,$ 3317.00,1
1698,09:30:00,$ 3317.00,4
1699,09:30:00,$ 3317.00,35
1700,09:30:00,$ 3317.00,3
1702,09:30:00,$ 3317.00,1
1703,09:30:00,$ 3317.00,35
1704,09:30:00,$ 3317.00,1
1705,09:30:00,$ 3317.00,1
1706,09:30:00,$ 3317.00,3
1707,09:30:00,$ 3317.00,2
1708,09:30:00,$ 3317.00,3
1709,09:30:00,$ 3317.00,1
1710,09:30:00,$ 3317.00,70
1711,09:30:00,$ 3317.00,1
1712,09:30:00,$ 3317.00,2
1713,09:30:00,$ 3317.00,5
1714,09:30:00,$ 3317.00,1
1715,09:30:00,$ 3317.00,3
1716,09:30:00,$ 3317.00,7
1717,09:30:00,$ 3317.00,5
1718,09:30:00,$ 3317.00,2
1719,09:30:00,$ 3317.00,1
1720,09:30:00,$ 3317.00,14
1721,09:30:00,$ 3317.00,5
1723,09:30:00,$ 3317.00,3
1724,09:30:00,$ 3317.00,7
1725,09:30:00,$ 3317.00,3
1726,09:30:00,$ 3317.00,1
1727,09:30:00,$ 3317.00,1
1728,09:30:00,$ 3317.00,1
1729,09:30:00,$ 3317.00,2
1730,09:30:00,$ 3317.00,3
1731,09:30:00,$ 3317.00,7
1732,09:30:00,$ 3317.00,1
1733,09:30:00,$ 3317.00,2
1734,09:30:00,$ 3317.00,4
1735,09:30:00,$ 3317.00,1
1736,09:30:00,$ 3317.00,1
1737,09:30:00,$ 3317.00,1
1738,09:30:00,$ 3317.00,100
1739,09:30:00,$ 3317.00,15
1740,09:30:00,$ 3317.00,1
1741,09:30:00,$ 3317.00,101
1742,09:30:00,$ 3317.00,110
1744,09:30:00,$ 3317.00,10
1745,09:30:00,$ 3317.00,15
1746,09:30:00,$ 3317.00,15
1747,09:30:00,$ 3317.00,1
1748,09:30:00,$ 3317.00,4
1749,09:30:00,$ 3317.00,3
1750,09:30:00,$ 3317.00,2
1751,09:30:00,$ 3317.00,5
1752,09:30:00,$ 3317.00,3
1753,09:30:00,$ 3317.00,5
1754,09:30:00,$ 3317.00,5
1755,09:30:00,$ 3317.00,3
1756,09:30:00,$ 3317.00,5
1757,09:30:00,$ 3317.00,4
1758,09:30:00,$ 3317.00,5
1759,09:30:00,$ 3317.00,3
1760,09:30:00,$ 3317.00,1
1761,09:30:00,$ 3317.00,5
1762,09:30:00,$ 3317.00,4
1763,09:30:00,$ 3317.00,4
1765,09:30:00,$ 3317.00,5
1766,09:30:00,$ 3317.00,2
1767,09:30:00,$ 3317.00,5
1768,09:30:00,$ 3317.00,4
1769,09:30:00,$ 3317.00,5
1770,09:30:00,$ 3317.00,2
1771,09:30:00,$ 3317.00,3
1772,09:30:00,$ 3317.00,4
1773,09:30:00,$ 3317.00,5
1774,09:30:00,$ 3317.00,1
1775,09:30:00,$ 3317.00,1
1776,09:30:00,$ 3317.00,10
1777,09:30:00,$ 3317.00,2
1778,09:30:00,$ 3317.00,3
1779,09:30:00,$ 3317.00,1
1780,09:30:00,$ 3317.00,5
1781,09:30:00,$ 3317.00,2
1782,09:30:00,$ 3317.00,1
1783,09:30:00,$ 3317.00,6
1784,09:30:00,$ 3317.00,1
1786,09:30:00,$ 3317.00,10
1787,09:30:00,$ 3317.00,10
1788,09:30:00,$ 3317.00,10
1789,09:30:00,$ 3317.00,1
1790,09:30:00,$ 3317.00,1
1791,09:30:00,$ 3317.00,1
1792,09:30:00,$ 3317.00,1
1793,09:30:00,$ 3317.00,3
1794,09:30:00,$ 3317.00,3
1795,09:30:00,$ 3317.00,16
1796,09:30:00,$ 3317.00,3
1797,09:30:00,$ 3317.00,130
1798,09:30:00,$ 3317.00,1
1799,09:30:00,$ 3317.00,12
1800,09:30:00,$ 3317.00,3
1801,09:30:00,$ 3317.00,11
1802,09:30:00,$ 3317.00,35
1803,09:30:00,$ 3317.00,4
1804,09:30:00,$ 3317.00,10
1805,09:30:00,$ 3317.00,1
1807,09:30:00,$ 3317.00,1
1808,09:30:00,$ 3317.00,1
1809,09:30:00,$ 3317.00,1
1810,09:30:00,$ 3317.00,3
1811,09:30:00,$ 3317.00,3
1812,09:30:00,$ 3317.00,1
1813,09:30:00,$ 3317.00,1
1814,09:30:00,$ 3317.00,1
1815,09:30:00,$ 3317.00,1
1816,09:30:00,$ 3317.00,4
1817,09:30:00,$ 3317.00,2
1818,09:30:00,$ 3317.00,1
1819,09:30:00,$ 3317.00,1
1820,09:30:00,$ 3317.00,3
1821,09:30:00,$ 3317.00,1
1822,09:30:00,$ 3317.00,3
1823,09:30:00,$ 3317.00,2
1824,09:30:00,$ 3317.00,89
1825,09:30:00,$ 3317.00,208
1826,09:30:00,$ 3317.00,20
1828,09:30:00,$ 3317.00,21
1829,09:30:00,$ 3317.00,21
1830,09:30:00,$ 3317.00,21
1831,09:30:00,$ 3317.00,2
1832,09:30:00,$ 3317.00,4
1833,09:30:00,$ 3317.00,1
1834,09:30:00,$ 3317.00,10
1835,09:30:00,$ 3317.00,17
1836,09:30:00,$ 3317.00,3
1837,09:30:00,$ 3317.00,40
1838,09:30:00,$ 3317.00,5
1839,09:30:00,$ 3317.00,12
1840,09:30:00,$ 3317.00,180
1841,09:30:00,$ 3317.00,1
1842,09:30:00,$ 3317.00,2
1843,09:30:00,$ 3317.00,11
1844,09:30:00,$ 3317.00,1
1845,09:30:00,$ 3317.00,4
1846,09:30:00,$ 3317.00,1
1847,09:30:00,$ 3317.00,7
1849,09:30:00,$ 3317.00,4
1850,09:30:00,$ 3317.00,1
1851,09:30:00,$ 3317.00,3
1852,09:30:00,$ 3317.00,2
1853,09:30:00,$ 3317.00,1
1854,09:30:00,$ 3317.00,4
1855,09:30:00,$ 3317.00,1
1856,09:30:00,$ 3317.00,1
1857,09:30:00,$ 3317.00,2
1858,09:30:00,$ 3317.00,1
1859,09:30:00,$ 3317.00,4
1860,09:30:00,$ 3317.00,195
1861,09:30:00,$ 3317.00,3
1862,09:30:00,$ 3317.00,1
1863,09:30:00,$ 3317.00,10
1864,09:30:00,$ 3317.00,1
1865,09:30:00,$ 3317.00,10
1866,09:30:00,$ 3317.00,1
1867,09:30:00,$ 3317.00,3
1868,09:30:00,$ 3317.00,3
1870,09:30:00,$ 3317.00,7
1871,09:30:00,$ 3317.00,20
1872,09:30:00,$ 3317.00,5
1873,09:30:00,$ 3317.00,2
1874,09:30:00,$ 3317.00,106
1875,09:30:00,$ 3317.00,3
1876,09:30:00,$ 3317.00,45
1877,09:30:00,$ 3317.00,60
1878,09:30:00,$ 3317.00,1
1879,09:30:00,$ 3317.00,1
1880,09:30:00,$ 3317.00,2
1882,10:29:56,$ 3318.25,100
1883,10:29:56,$ 3318.26,100
1884,10:29:53,$ 3318.26,100
1885,10:29:51,$ 3318.96,100
1886,10:29:04,$ 3319.665,375
1887,10:29:04,$ 3318.555,100
1888,10:28:50,$ 3320.24,200
1889,10:28:12,$ 3319.51,500
1890,10:28:02,$ 3319.15,100
1891,10:27:56,$ 3319.695,100
1892,10:27:37,$ 3319.26,100
1893,10:27:37,$ 3319.26,100
1894,10:26:59,$ 3319.65,200
1895,10:26:41,$ 3319.175,100
1896,10:26:37,$ 3318.75,200
1897,10:26:28,$ 3319.89,100
1898,10:26:07,$ 3318.22,100
1899,10:25:56,$ 3318.171,250
1900,10:25:52,$ 3318.185,100
1901,10:25:37,$ 3318.75,100
1903,10:25:05,$ 3318.02,100
1904,10:25:05,$ 3318.05,100
1905,10:23:56,$ 3318.60,100
1906,10:23:53,$ 3318.77,100
1907,10:23:41,$ 3319.39,100
1908,10:23:40,$ 3319.21,250
1909,10:23:38,$ 3320.35,100
1910,10:23:28,$ 3320.00,100
1911,10:22:46,$ 3320.7044,240
1912,10:22:37,$ 3320.16,100
1913,10:22:36,$ 3320.43,100
1914,10:22:25,$ 3320.2933,"1,000"
1915,10:22:24,$ 3320.76,234
1916,10:22:23,$ 3320.77,100
1917,10:22:18,$ 3319.50,100
1918,10:22:18,$ 3319.93,100
1919,10:22:13,$ 3320.5046,189
1920,10:22:11,$ 3320.03,200
1921,10:22:02,$ 3319.48,100
1922,10:21:59,$ 3319.50,100
1924,10:21:59,$ 3319.57,100
1925,10:21:55,$ 3319.015,100
1926,10:21:04,$ 3317.4658,100
1927,10:20:42,$ 3319.20,100
1928,10:20:29,$ 3318.51,150
1929,10:20:25,$ 3318.505,100
1930,10:20:22,$ 3318.51,100
1931,10:20:10,$ 3317.895,200
1932,10:20:01,$ 3317.00,100
1933,10:20:01,$ 3317.00,100
1934,10:19:58,$ 3318.16,100
1935,10:19:16,$ 3318.5426,240
1936,10:19:10,$ 3317.51,100
1937,10:19:03,$ 3317.1501,100
1938,10:19:02,$ 3317.65,300
1939,10:17:59,$ 3319.45,100
1940,10:17:59,$ 3318.965,112
1941,10:17:58,$ 3318.55,100
1942,10:17:50,$ 3320.00,106
1943,10:17:47,$ 3318.50,100
1945,10:17:47,$ 3318.7236,600
1946,10:17:44,$ 3318.16,100
1947,10:17:44,$ 3318.34,100
1948,10:17:35,$ 3317.49,100
1949,10:17:35,$ 3317.49,100
1950,10:17:32,$ 3316.45,100
1951,10:17:26,$ 3316.2174,100
1952,10:16:51,$ 3313.89,100
1953,10:16:49,$ 3314.21,100
1954,10:16:06,$ 3316.115,100
1955,10:15:56,$ 3315.44,100
1956,10:15:56,$ 3315.445,100
1957,10:15:24,$ 3314.50,100
1958,10:15:19,$ 3314.66,100
1959,10:14:38,$ 3316.08,100
1960,10:14:31,$ 3316.45,100
1961,10:14:09,$ 3316.345,100
1962,10:13:05,$ 3314.085,100
1963,10:12:56,$ 3312.82,181
1964,10:12:40,$ 3312.51,150
1966,10:12:40,$ 3312.51,100
1967,10:12:32,$ 3312.22,100
1968,10:12:25,$ 3312.74,100
1969,10:11:52,$ 3314.455,100
1970,10:11:29,$ 3316.24,100
1971,10:11:07,$ 3316.0175,100
1972,10:10:22,$ 3315.30,100
1973,10:10:22,$ 3315.72,200
1974,10:10:20,$ 3315.498,100
1975,10:10:18,$ 3315.84,100
1976,10:10:08,$ 3316.00,100
1977,10:10:03,$ 3316.59,100
1978,10:10:02,$ 3315.785,100
1979,10:09:55,$ 3315.37,100
1980,10:09:53,$ 3316.04,100
1981,10:09:45,$ 3316.44,100
1982,10:09:42,$ 3317.5099,500
1983,10:09:31,$ 3317.49,100
1984,10:09:21,$ 3318.705,100
1985,10:09:20,$ 3318.37,100
1987,10:09:16,$ 3319.865,100
1988,10:09:13,$ 3319.45,100
1989,10:09:12,$ 3319.2864,500
1990,10:09:11,$ 3319.24,100
1991,10:09:07,$ 3318.05,100
1992,10:09:01,$ 3317.855,100
1993,10:08:50,$ 3317.63,100
1994,10:08:50,$ 3317.74,100
1995,10:08:46,$ 3317.74,375
1996,10:08:40,$ 3317.33,100
1997,10:08:05,$ 3317.75,100
1998,10:08:05,$ 3317.75,100
1999,10:08:04,$ 3317.75,100
2000,10:08:01,$ 3318.51,100
2001,10:07:58,$ 3318.60,100
2002,10:07:40,$ 3317.495,375
2003,10:07:39,$ 3317.32,100
2004,10:07:11,$ 3314.53,100
2005,10:06:51,$ 3314.525,250
2006,10:06:32,$ 3314.97,100
2008,10:06:28,$ 3315.57,100
2009,10:06:25,$ 3315.53,117
2010,10:06:13,$ 3316.415,100
2011,10:06:11,$ 3317.155,200
2012,10:06:04,$ 3316.72,500
2013,10:06:01,$ 3317.99,100
2014,10:06:01,$ 3318.12,100
2015,10:06:00,$ 3318.16,100
2016,10:06:00,$ 3318.16,100
2017,10:05:58,$ 3317.81,100
2018,10:05:58,$ 3317.81,100
2019,10:05:58,$ 3317.92,100
2020,10:05:57,$ 3317.86,100
2021,10:05:29,$ 3317.94,100
2022,10:05:20,$ 3315.755,500
2023,10:05:17,$ 3316.2324,100
2024,10:05:05,$ 3317.94,100
2025,10:05:04,$ 3317.46,100
2026,10:04:58,$ 3318.2549,294
2027,10:04:57,$ 3317.91,100
2029,10:04:46,$ 3317.35,100
2030,10:04:31,$ 3316.275,350
2031,10:04:23,$ 3315.85,100
2032,10:04:02,$ 3316.03,100
2033,10:03:33,$ 3316.27,151
2034,10:03:24,$ 3317.69,100
2035,10:02:50,$ 3318.4602,180
2036,10:02:44,$ 3318.35,100
2037,10:02:30,$ 3317.89,100
2038,10:02:26,$ 3317.87,100
2039,10:02:20,$ 3315.775,200
2040,10:02:14,$ 3316.2527,"1,000"
2041,10:02:06,$ 3315.80,100
2042,10:01:55,$ 3315.81,100
2043,10:01:55,$ 3315.80,100
2044,10:01:33,$ 3315.582,100
2045,10:01:31,$ 3316.93,100
2046,10:01:25,$ 3317.4449,"1,000"
2047,10:01:24,$ 3318.3217,300
2048,10:01:18,$ 3318.8052,140
2050,10:01:11,$ 3318.3099,500
2051,10:01:10,$ 3317.41,100
2052,10:01:05,$ 3316.53,100
2053,10:01:05,$ 3315.605,100
2054,10:01:03,$ 3316.51,100
2055,10:00:40,$ 3313.51,100
2056,10:00:29,$ 3313.80,149
2057,10:00:13,$ 3311.69,192
2058,10:00:10,$ 3310.12,100
2060,10:59:56,$ 3302.40,100
2061,10:59:42,$ 3302.34,120
2062,10:59:18,$ 3302.76,200
2063,10:59:12,$ 3303.69,100
2064,10:59:12,$ 3303.69,100
2065,10:59:01,$ 3304.485,100
2066,10:58:58,$ 3303.66,100
2067,10:57:35,$ 3305.41,100
2068,10:57:35,$ 3305.37,100
2069,10:57:28,$ 3305.425,100
2070,10:57:01,$ 3305.44,100
2071,10:56:48,$ 3306.70,100
2072,10:56:35,$ 3307.62,139
2073,10:56:00,$ 3307.30,100
2074,10:55:52,$ 3307.03,100
2075,10:55:52,$ 3305.95,100
2076,10:55:48,$ 3305.2682,100
2077,10:55:26,$ 3306.79,100
2078,10:55:19,$ 3306.80,100
2079,10:54:43,$ 3308.48,100
2081,10:54:43,$ 3308.53,156
2082,10:54:26,$ 3307.85,100
2083,10:53:06,$ 3308.598,100
2084,10:52:54,$ 3307.9532,200
2085,10:52:24,$ 3309.15,100
2086,10:52:12,$ 3309.01,100
2087,10:51:58,$ 3307.77,100
2088,10:51:46,$ 3307.265,100
2089,10:51:40,$ 3307.355,100
2090,10:51:01,$ 3308.55,400
2091,10:50:51,$ 3307.835,100
2092,10:50:48,$ 3308.1452,500
2093,10:50:48,$ 3307.66,100
2094,10:50:48,$ 3307.65,105
2095,10:50:48,$ 3307.65,229
2096,10:50:45,$ 3307.65,100
2097,10:50:34,$ 3307.04,100
2098,10:50:33,$ 3306.15,100
2099,10:50:27,$ 3305.31,100
2100,10:50:25,$ 3304.865,100
2102,10:50:22,$ 3305.11,100
2103,10:50:15,$ 3305.22,100
2104,10:49:16,$ 3307.57,"1,000"
2105,10:49:15,$ 3307.36,100
2106,10:49:15,$ 3307.365,100
2107,10:49:15,$ 3307.495,100
2108,10:49:15,$ 3307.515,100
2109,10:49:15,$ 3307.495,100
2110,10:49:10,$ 3307.485,100
2111,10:48:57,$ 3307.0663,"1,000"
2112,10:48:35,$ 3306.59,100
2113,10:48:03,$ 3304.57,100
2114,10:48:03,$ 3304.57,100
2115,10:48:03,$ 3304.53,100
2116,10:48:00,$ 3304.87,100
2117,10:47:39,$ 3304.85,100
2118,10:47:33,$ 3305.12,100
2119,10:47:32,$ 3305.00,100
2120,10:47:32,$ 3305.00,102
2121,10:47:32,$ 3305.0788,100
2123,10:47:30,$ 3304.94,200
2124,10:47:30,$ 3304.94,100
2125,10:47:25,$ 3304.01,100
2126,10:47:07,$ 3304.585,100
2127,10:47:00,$ 3303.335,100
2128,10:46:58,$ 3303.07,100
2129,10:46:58,$ 3302.92,100
2130,10:46:58,$ 3302.92,100
2131,10:46:57,$ 3302.85,100
2132,10:46:48,$ 3302.48,100
2133,10:46:23,$ 3302.48,100
2134,10:46:17,$ 3301.975,100
2135,10:46:17,$ 3302.00,100
2136,10:45:46,$ 3302.67,100
2137,10:45:46,$ 3302.80,100
2138,10:45:35,$ 3303.55,100
2139,10:45:34,$ 3303.50,"1,500"
2140,10:45:34,$ 3303.50,100
2141,10:45:34,$ 3303.50,196
2142,10:45:34,$ 3303.50,256
2144,10:45:34,$ 3303.50,315
2145,10:45:34,$ 3303.33,100
2146,10:45:34,$ 3303.86,100
2147,10:45:26,$ 3304.00,100
2148,10:45:26,$ 3304.28,100
2149,10:45:26,$ 3304.28,265
2150,10:45:26,$ 3304.28,100
2151,10:45:26,$ 3304.28,204
2152,10:45:26,$ 3304.27,100
2153,10:45:26,$ 3304.1473,104
2154,10:45:25,$ 3304.28,100
2155,10:45:25,$ 3304.28,152
2156,10:45:25,$ 3304.27,100
2157,10:45:25,$ 3304.28,100
2158,10:45:24,$ 3303.89,200
2159,10:45:13,$ 3303.5251,100
2160,10:45:11,$ 3303.2429,106
2161,10:44:37,$ 3301.20,100
2162,10:44:37,$ 3301.17,100
2163,10:44:37,$ 3301.4375,100
2165,10:44:37,$ 3301.4375,100
2166,10:44:24,$ 3302.17,100
2167,10:44:19,$ 3302.275,375
2168,10:44:19,$ 3303.05,125
2169,10:44:15,$ 3302.39,100
2170,10:44:07,$ 3300.92,100
2171,10:44:00,$ 3302.00,100
2172,10:44:00,$ 3302.00,100
2173,10:44:00,$ 3302.00,100
2174,10:44:00,$ 3302.00,100
2175,10:43:55,$ 3301.09,100
2176,10:43:51,$ 3301.81,100
2177,10:43:32,$ 3300.205,100
2178,10:43:08,$ 3299.12,100
2179,10:43:03,$ 3298.50,100
2180,10:43:01,$ 3299.51,151
2181,10:42:56,$ 3299.89,100
2182,10:42:56,$ 3300.33,100
2183,10:42:52,$ 3299.50,200
2184,10:42:52,$ 3299.83,158
2186,10:42:52,$ 3299.51,302
2187,10:42:52,$ 3299.945,100
2188,10:42:52,$ 3300.00,162
2189,10:42:52,$ 3300.00,130
2190,10:42:52,$ 3300.00,100
2191,10:42:52,$ 3300.10,100
2192,10:42:52,$ 3300.5275,100
2193,10:42:52,$ 3300.30,100
2194,10:42:52,$ 3300.5275,100
2195,10:42:52,$ 3300.30,100
2196,10:42:48,$ 3300.82,215
2197,10:42:46,$ 3301.22,126
2198,10:42:25,$ 3302.535,100
2199,10:42:19,$ 3302.22,140
2200,10:42:18,$ 3302.23,100
2201,10:42:11,$ 3302.16,100
2202,10:42:02,$ 3303.17,100
2203,10:41:53,$ 3303.13,100
2204,10:41:51,$ 3303.08,100
2205,10:41:51,$ 3302.41,214
2207,10:41:51,$ 3302.45,100
2208,10:41:51,$ 3302.40,100
2209,10:41:50,$ 3302.39,100
2210,10:41:40,$ 3302.43,102
2211,10:41:39,$ 3302.56,100
2212,10:41:39,$ 3302.73,100
2213,10:41:37,$ 3303.25,100
2214,10:41:37,$ 3303.03,100
2215,10:41:37,$ 3303.00,100
2216,10:41:36,$ 3303.69,100
2217,10:41:36,$ 3303.70,100
2218,10:41:34,$ 3302.3186,400
2219,10:41:32,$ 3303.06,100
2220,10:41:30,$ 3303.08,100
2221,10:41:29,$ 3303.36,211
2222,10:41:29,$ 3303.32,100
2223,10:41:27,$ 3303.195,"1,000"
2224,10:41:24,$ 3303.94,100
2225,10:41:19,$ 3303.84,100
2226,10:41:19,$ 3303.35,100
2228,10:41:15,$ 3303.845,100
2229,10:41:10,$ 3305.42,100
2230,10:41:09,$ 3305.45,100
2231,10:41:05,$ 3305.00,100
2232,10:41:05,$ 3305.00,255
2233,10:41:05,$ 3305.00,100
2234,10:41:04,$ 3304.1341,233
2235,10:41:02,$ 3305.43,100
2236,10:40:54,$ 3305.55,100
2237,10:40:54,$ 3305.23,200
2238,10:40:46,$ 3305.50,100
2239,10:40:46,$ 3305.00,100
2240,10:40:41,$ 3306.32,100
2241,10:40:37,$ 3306.60,100
2242,10:40:37,$ 3306.955,100
2243,10:40:37,$ 3306.92,181
2244,10:40:22,$ 3308.48,300
2245,10:40:20,$ 3308.02,100
2246,10:40:17,$ 3308.76,100
2247,10:40:14,$ 3308.105,100
2249,10:40:08,$ 3308.92,100
2250,10:39:57,$ 3309.21,100
2251,10:39:53,$ 3308.07,100
2252,10:39:51,$ 3309.175,100
2253,10:39:51,$ 3309.19,100
2254,10:39:50,$ 3309.645,100
2255,10:39:50,$ 3309.365,100
2256,10:39:50,$ 3309.305,100
2257,10:39:50,$ 3309.39,100
2258,10:39:50,$ 3310.19,100
2259,10:39:50,$ 3310.19,100
2260,10:39:21,$ 3311.97,100
2261,10:38:54,$ 3312.685,106
2262,10:38:54,$ 3312.685,144
2263,10:38:34,$ 3312.68,100
2264,10:38:34,$ 3312.99,100
2265,10:38:34,$ 3312.94,100
2266,10:38:16,$ 3313.19,100
2267,10:38:16,$ 3313.24,100
2268,10:38:11,$ 3312.83,100
2270,10:38:10,$ 3312.76,100
2271,10:37:58,$ 3313.47,100
2272,10:37:58,$ 3313.42,100
2273,10:37:38,$ 3313.92,100
2274,10:37:37,$ 3314.14,100
2275,10:37:30,$ 3314.23,100
2276,10:37:11,$ 3314.61,100
2277,10:36:42,$ 3315.075,100
2278,10:36:35,$ 3314.80,125
2279,10:36:30,$ 3315.17,185
2280,10:35:53,$ 3315.00,100
2281,10:35:45,$ 3315.34,100
2282,10:35:07,$ 3314.895,100
2283,10:35:06,$ 3315.335,100
2284,10:35:03,$ 3314.49,100
2285,10:34:57,$ 3314.205,100
2286,10:34:49,$ 3314.17,100
2287,10:34:49,$ 3314.17,100
2288,10:34:45,$ 3314.90,100
2289,10:34:41,$ 3314.17,100
2291,10:34:36,$ 3314.17,100
2292,10:34:30,$ 3314.26,100
2293,10:34:25,$ 3314.22,100
2294,10:34:07,$ 3314.735,100
2295,10:34:02,$ 3314.60,100
2296,10:33:59,$ 3315.00,100
2297,10:33:56,$ 3315.51,100
2298,10:33:56,$ 3315.50,195
2299,10:33:56,$ 3315.50,100
2300,10:33:55,$ 3316.00,100
2301,10:33:47,$ 3315.80,100
2302,10:33:24,$ 3316.03,100
2303,10:33:24,$ 3316.03,123
2304,10:33:24,$ 3316.03,100
2305,10:33:24,$ 3316.985,200
2306,10:33:24,$ 3316.47,100
2307,10:32:57,$ 3317.47,100
2308,10:32:56,$ 3316.78,100
2309,10:32:55,$ 3317.02,100
2310,10:32:52,$ 3317.54,100
2312,10:32:27,$ 3318.27,200
2313,10:32:22,$ 3318.67,100
2314,10:31:20,$ 3318.595,100
2315,10:30:37,$ 3316.60,200
2316,10:30:36,$ 3316.75,100
2317,10:30:28,$ 3317.49,100
2318,10:30:22,$ 3318.26,100
2319,10:30:22,$ 3318.22,100
2320,10:30:07,$ 3319.22,160
2322,11:29:49,$ 3302.675,100
2323,11:29:10,$ 3303.75,100
2324,11:28:12,$ 3303.09,100
2325,11:28:09,$ 3302.47,100
2326,11:28:09,$ 3302.56,150
2327,11:28:09,$ 3302.15,100
2328,11:27:49,$ 3302.965,100
2329,11:27:20,$ 3302.66,100
2330,11:26:52,$ 3303.73,100
2331,11:26:52,$ 3303.73,100
2332,11:26:38,$ 3302.635,100
2333,11:26:33,$ 3302.92,100
2334,11:26:32,$ 3302.92,200
2335,11:26:30,$ 3302.00,100
2336,11:26:15,$ 3302.2358,242
2337,11:25:56,$ 3301.11,100
2338,11:25:40,$ 3301.11,100
2339,11:25:21,$ 3302.3664,276
2340,11:25:21,$ 3302.3664,396
2341,11:25:18,$ 3302.325,100
2343,11:25:09,$ 3302.74,100
2344,11:25:08,$ 3303.37,100
2345,11:24:48,$ 3302.855,100
2346,11:24:48,$ 3302.84,100
2347,11:24:41,$ 3303.6097,100
2348,11:23:37,$ 3306.50,100
2349,11:23:21,$ 3304.89,100
2350,11:22:50,$ 3304.89,100
2351,11:22:06,$ 3306.63,100
2352,11:21:41,$ 3307.10,100
2353,11:20:39,$ 3306.5399,100
2354,11:20:30,$ 3307.00,100
2355,11:20:23,$ 3307.60,100
2356,11:19:52,$ 3308.85,100
2357,11:19:10,$ 3309.52,151
2358,11:19:10,$ 3309.52,100
2359,11:18:47,$ 3308.71,100
2360,11:18:29,$ 3307.11,114
2361,11:18:07,$ 3307.44,100
2362,11:18:07,$ 3307.41,100
2364,11:18:06,$ 3307.13,100
2365,11:18:04,$ 3307.065,100
2366,11:18:00,$ 3306.545,100
2367,11:18:00,$ 3306.545,100
2368,11:17:17,$ 3306.945,100
2369,11:17:11,$ 3306.06,100
2370,11:16:58,$ 3306.495,100
2371,11:16:46,$ 3306.98,100
2372,11:16:40,$ 3306.4408,100
2373,11:16:31,$ 3306.35,107
2374,11:16:04,$ 3306.365,100
2375,11:16:02,$ 3306.11,100
2376,11:15:42,$ 3306.01,100
2377,11:15:36,$ 3306.39,100
2378,11:15:22,$ 3306.105,100
2379,11:15:14,$ 3306.00,100
2380,11:15:14,$ 3305.6809,204
2381,11:14:00,$ 3306.8803,129
2382,11:13:51,$ 3307.51,100
2383,11:13:51,$ 3307.65,100
2385,11:13:18,$ 3309.1464,250
2386,11:13:09,$ 3308.90,140
2387,11:12:41,$ 3308.66,100
2388,11:12:29,$ 3307.57,100
2389,11:12:29,$ 3307.71,100
2390,11:12:29,$ 3307.98,100
2391,11:12:29,$ 3307.25,100
2392,11:12:26,$ 3307.6548,157
2393,11:11:58,$ 3306.3653,250
2394,11:11:39,$ 3305.83,"1,000"
2395,11:11:38,$ 3306.1567,250
2396,11:10:33,$ 3306.33,100
2397,11:10:25,$ 3305.99,100
2398,11:10:09,$ 3306.37,100
2399,11:10:09,$ 3305.681,200
2400,11:10:09,$ 3305.689,100
2401,11:09:40,$ 3305.29,100
2402,11:09:30,$ 3304.03,100
2403,11:09:05,$ 3303.41,100
2404,11:09:01,$ 3304.24,100
2406,11:08:56,$ 3303.57,100
2407,11:08:56,$ 3303.51,200
2408,11:08:37,$ 3303.175,173
2409,11:08:24,$ 3302.835,100
2410,11:08:18,$ 3303.40,175
2411,11:08:15,$ 3303.14,100
2412,11:08:12,$ 3302.73,100
2413,11:08:06,$ 3303.00,200
2414,11:08:06,$ 3302.715,100
2415,11:08:03,$ 3302.64,100
2416,11:08:03,$ 3302.64,100
2417,11:08:03,$ 3302.65,100
2418,11:07:57,$ 3302.31,100
2419,11:07:57,$ 3302.65,200
2420,11:07:57,$ 3302.65,100
2421,11:07:55,$ 3303.0532,490
2422,11:07:53,$ 3303.23,100
2423,11:07:51,$ 3302.69,100
2424,11:07:51,$ 3302.74,100
2425,11:07:51,$ 3302.76,100
2427,11:07:50,$ 3302.215,100
2428,11:07:50,$ 3302.495,100
2429,11:07:49,$ 3302.60,131
2430,11:07:35,$ 3302.155,200
2431,11:07:30,$ 3302.22,100
2432,11:07:30,$ 3302.22,100
2433,11:07:24,$ 3302.22,100
2434,11:07:24,$ 3302.22,100
2435,11:07:23,$ 3301.91,100
2436,11:07:00,$ 3301.29,100
2437,11:06:47,$ 3300.6428,111
2438,11:06:47,$ 3300.6428,679
2439,11:06:42,$ 3301.465,100
2440,11:06:42,$ 3301.35,100
2441,11:06:42,$ 3301.43,100
2442,11:06:42,$ 3301.41,100
2443,11:06:42,$ 3301.28,100
2444,11:06:38,$ 3302.20,100
2445,11:06:38,$ 3301.655,100
2446,11:06:32,$ 3300.60,100
2448,11:06:32,$ 3300.59,100
2449,11:06:09,$ 3299.20,100
2450,11:06:09,$ 3299.17,100
2451,11:06:04,$ 3299.01,100
2452,11:06:04,$ 3298.88,110
2453,11:05:53,$ 3299.27,100
2454,11:05:52,$ 3299.9099,200
2455,11:05:51,$ 3298.6928,396
2456,11:05:51,$ 3298.6928,303
2457,11:05:51,$ 3298.6928,176
2458,11:05:48,$ 3299.59,100
2459,11:05:31,$ 3299.545,100
2460,11:05:26,$ 3299.485,100
2461,11:05:19,$ 3298.7531,120
2462,11:05:09,$ 3298.00,100
2463,11:05:08,$ 3298.01,100
2464,11:05:08,$ 3298.00,100
2465,11:05:08,$ 3298.035,100
2466,11:05:08,$ 3298.01,100
2467,11:05:03,$ 3299.12,100
2469,11:05:03,$ 3299.11,100
2470,11:04:54,$ 3299.47,100
2471,11:04:36,$ 3300.11,100
2472,11:04:05,$ 3300.83,100
2473,11:03:45,$ 3301.33,100
2474,11:03:45,$ 3301.11,100
2475,11:03:36,$ 3302.50,100
2476,11:02:57,$ 3301.44,100
2477,11:02:57,$ 3301.44,112
2478,11:02:57,$ 3301.44,100
2479,11:02:42,$ 3300.34,100
2480,11:02:42,$ 3301.18,100
2481,11:02:29,$ 3300.775,100
2482,11:02:18,$ 3300.73,100
2483,11:01:40,$ 3300.195,100
2484,11:01:38,$ 3299.81,100
2485,11:01:19,$ 3299.00,284
2486,11:01:19,$ 3299.75,100
2487,11:01:17,$ 3299.19,100
2488,11:01:17,$ 3300.00,100
2490,11:01:17,$ 3300.00,177
2491,11:01:14,$ 3300.26,100
2492,11:01:14,$ 3300.90,135
2493,11:00:50,$ 3301.915,100
2494,11:00:48,$ 3302.42,100
2495,11:00:48,$ 3302.71,100
2496,11:00:47,$ 3302.71,100
2497,11:00:47,$ 3302.48,100
2498,11:00:46,$ 3301.96,100
2499,11:00:46,$ 3302.24,156
2500,11:00:26,$ 3301.95,100
2501,11:00:13,$ 3302.17,100
2503,11:59:59,$ 3298.03,100
2504,11:59:44,$ 3297.87,100
2505,11:58:07,$ 3296.20,100
2506,11:58:07,$ 3296.20,100
2507,11:58:07,$ 3296.20,100
2508,11:57:59,$ 3296.26,100
2509,11:57:55,$ 3296.86,100
2510,11:57:55,$ 3296.97,100
2511,11:57:54,$ 3297.00,150
2512,11:57:47,$ 3297.22,100
2513,11:57:36,$ 3297.88,168
2514,11:57:36,$ 3297.88,112
2515,11:57:26,$ 3297.435,100
2516,11:57:05,$ 3297.29,259
2517,11:57:03,$ 3297.29,100
2518,11:57:03,$ 3298.33,100
2519,11:56:35,$ 3297.40,100
2520,11:56:33,$ 3297.58,100
2521,11:56:31,$ 3297.46,100
2522,11:55:44,$ 3298.16,100
2524,11:55:03,$ 3297.56,100
2525,11:54:59,$ 3297.94,100
2526,11:54:59,$ 3297.87,100
2527,11:54:45,$ 3297.965,100
2528,11:54:43,$ 3297.965,100
2529,11:54:28,$ 3298.2425,100
2530,11:54:28,$ 3298.49,100
2531,11:54:08,$ 3298.665,100
2532,11:54:07,$ 3298.50,100
2533,11:53:28,$ 3298.385,100
2534,11:53:02,$ 3298.755,100
2535,11:53:01,$ 3298.57,100
2536,11:52:58,$ 3297.63,100
2537,11:52:53,$ 3297.3366,100
2538,11:52:52,$ 3297.005,100
2539,11:52:49,$ 3297.27,100
2540,11:52:19,$ 3297.715,100
2541,11:52:12,$ 3297.74,100
2542,11:52:12,$ 3297.74,100
2543,11:51:47,$ 3296.69,100
2545,11:51:47,$ 3296.69,100
2546,11:51:47,$ 3296.69,100
2547,11:51:31,$ 3295.82,100
2548,11:51:11,$ 3295.14,100
2549,11:51:05,$ 3295.1167,171
2550,11:51:04,$ 3295.00,100
2551,11:51:04,$ 3295.51,299
2552,11:50:54,$ 3295.49,100
2553,11:50:54,$ 3295.67,100
2554,11:50:54,$ 3295.66,100
2555,11:50:52,$ 3296.29,100
2556,11:50:51,$ 3296.30,100
2557,11:50:51,$ 3296.105,100
2558,11:50:49,$ 3296.185,100
2559,11:50:48,$ 3296.375,250
2560,11:50:43,$ 3296.355,100
2561,11:50:39,$ 3295.745,100
2562,11:50:39,$ 3295.745,100
2563,11:50:38,$ 3295.96,100
2564,11:50:38,$ 3295.98,100
2566,11:50:37,$ 3295.96,100
2567,11:50:37,$ 3295.96,100
2568,11:50:36,$ 3295.70,100
2569,11:50:28,$ 3296.054,116
2570,11:50:28,$ 3296.11,100
2571,11:50:28,$ 3296.20,100
2572,11:50:20,$ 3296.52,100
2573,11:50:20,$ 3296.41,100
2574,11:50:20,$ 3296.41,100
2575,11:50:20,$ 3296.3775,100
2576,11:50:14,$ 3296.56,100
2577,11:50:14,$ 3296.555,100
2578,11:50:14,$ 3296.5675,100
2579,11:50:14,$ 3296.5975,100
2580,11:50:13,$ 3296.48,100
2581,11:50:10,$ 3296.64,100
2582,11:50:03,$ 3297.01,100
2583,11:50:01,$ 3297.43,100
2584,11:49:58,$ 3297.50,100
2585,11:49:45,$ 3298.10,100
2587,11:49:39,$ 3297.03,100
2588,11:49:36,$ 3298.00,606
2589,11:49:36,$ 3297.58,100
2590,11:49:36,$ 3297.585,100
2591,11:49:36,$ 3297.585,100
2592,11:49:36,$ 3297.665,100
2593,11:49:36,$ 3297.665,100
2594,11:49:36,$ 3297.7025,100
2595,11:49:36,$ 3297.87,100
2596,11:49:36,$ 3297.87,100
2597,11:49:36,$ 3297.87,100
2598,11:49:36,$ 3298.00,100
2599,11:49:36,$ 3298.00,100
2600,11:49:34,$ 3298.44,100
2601,11:49:20,$ 3298.95,100
2602,11:49:04,$ 3298.80,100
2603,11:48:58,$ 3298.94,100
2604,11:48:51,$ 3299.1225,100
2605,11:48:51,$ 3298.995,100
2606,11:48:39,$ 3300.21,100
2608,11:48:34,$ 3299.575,100
2609,11:48:26,$ 3298.53,100
2610,11:48:20,$ 3298.895,100
2611,11:48:10,$ 3298.24,100
2612,11:48:06,$ 3298.37,104
2613,11:47:40,$ 3299.00,900
2614,11:47:40,$ 3299.00,100
2615,11:47:28,$ 3300.14,100
2616,11:47:18,$ 3300.43,100
2617,11:46:29,$ 3300.60,100
2618,11:46:24,$ 3300.00,100
2619,11:46:18,$ 3299.69,100
2620,11:46:18,$ 3299.72,100
2621,11:46:18,$ 3299.87,100
2622,11:46:07,$ 3300.495,100
2623,11:45:35,$ 3300.825,171
2624,11:45:33,$ 3300.69,100
2625,11:45:24,$ 3300.675,100
2626,11:45:19,$ 3300.585,100
2627,11:45:17,$ 3300.46,100
2629,11:45:04,$ 3300.23,100
2630,11:44:48,$ 3298.41,100
2631,11:44:48,$ 3298.40,100
2632,11:44:34,$ 3299.32,100
2633,11:44:24,$ 3299.62,100
2634,11:44:17,$ 3300.3711,100
2635,11:44:02,$ 3300.4699,275
2636,11:43:53,$ 3300.50,100
2637,11:43:47,$ 3300.76,100
2638,11:43:16,$ 3301.48,100
2639,11:42:50,$ 3300.61,100
2640,11:42:49,$ 3300.76,100
2641,11:41:46,$ 3300.61,100
2642,11:41:43,$ 3301.07,100
2643,11:41:22,$ 3300.81,112
2644,11:41:22,$ 3300.81,100
2645,11:41:18,$ 3300.155,100
2646,11:41:13,$ 3300.55,100
2647,11:41:10,$ 3300.435,100
2648,11:40:31,$ 3301.06,100
2650,11:40:23,$ 3301.75,100
2651,11:40:23,$ 3302.14,100
2652,11:40:09,$ 3303.2595,300
2653,11:39:47,$ 3303.445,100
2654,11:39:15,$ 3303.74,100
2655,11:39:15,$ 3303.8244,180
2656,11:39:02,$ 3303.00,100
2657,11:38:29,$ 3304.10,100
2658,11:37:56,$ 3303.404,100
2659,11:37:54,$ 3303.87,100
2660,11:37:46,$ 3304.0937,100
2661,11:37:36,$ 3304.081,250
2662,11:37:25,$ 3303.92,100
2663,11:36:53,$ 3303.97,100
2664,11:36:50,$ 3303.475,100
2665,11:36:40,$ 3302.86,100
2666,11:36:06,$ 3302.59,100
2667,11:35:59,$ 3302.23,100
2668,11:35:58,$ 3302.11,100
2669,11:35:33,$ 3301.39,100
2671,11:35:33,$ 3301.89,100
2672,11:35:33,$ 3301.75,173
2673,11:35:32,$ 3301.94,100
2674,11:34:50,$ 3302.90,200
2675,11:34:41,$ 3302.90,100
2676,11:34:31,$ 3301.735,100
2677,11:34:31,$ 3301.86,100
2678,11:34:31,$ 3301.725,100
2679,11:34:31,$ 3301.73,100
2680,11:34:06,$ 3302.61,100
2681,11:33:32,$ 3304.815,100
2682,11:33:21,$ 3304.71,100
2683,11:33:00,$ 3306.00,100
2684,11:33:00,$ 3305.74,100
2685,11:32:47,$ 3304.7239,100
2686,11:32:40,$ 3304.60,100
2687,11:32:40,$ 3303.90,"1,000"
2688,11:32:35,$ 3304.22,100
2689,11:32:27,$ 3304.29,100
2690,11:32:00,$ 3303.39,100
2692,11:31:37,$ 3302.305,176
2694,12:29:13,$ 3300.61,100
2695,12:29:13,$ 3300.50,100
2696,12:29:10,$ 3300.725,100
2697,12:29:10,$ 3300.76,100
2698,12:29:02,$ 3301.0601,300
2699,12:28:52,$ 3301.2085,100
2700,12:28:48,$ 3301.27,100
2701,12:28:42,$ 3300.99,100
2702,12:28:36,$ 3301.20,100
2703,12:27:35,$ 3301.50,100
2704,12:26:51,$ 3301.27,100
2705,12:26:38,$ 3301.44,250
2706,12:26:12,$ 3301.50,100
2707,12:26:12,$ 3300.77,100
2708,12:26:12,$ 3300.77,100
2709,12:25:42,$ 3301.94,100
2710,12:25:42,$ 3301.94,100
2711,12:24:55,$ 3302.85,100
2712,12:24:32,$ 3303.30,100
2713,12:24:14,$ 3303.355,100
2715,12:24:12,$ 3303.9106,435
2716,12:23:23,$ 3303.00,177
2717,12:23:18,$ 3302.50,100
2718,12:23:02,$ 3302.10,100
2719,12:22:40,$ 3301.38,100
2720,12:22:29,$ 3301.9399,100
2721,12:21:28,$ 3301.40,100
2722,12:20:46,$ 3301.35,100
2723,12:20:46,$ 3301.66,100
2724,12:20:21,$ 3302.13,100
2725,12:20:11,$ 3301.62,100
2726,12:20:01,$ 3302.58,100
2727,12:19:33,$ 3301.11,100
2728,12:19:18,$ 3301.93,100
2729,12:19:10,$ 3301.84,100
2730,12:18:44,$ 3302.6897,100
2731,12:18:39,$ 3302.33,100
2732,12:18:39,$ 3302.10,100
2733,12:18:15,$ 3301.835,100
2734,12:17:56,$ 3302.00,100
2736,12:17:38,$ 3301.82,100
2737,12:17:38,$ 3301.91,100
2738,12:17:36,$ 3301.66,100
2739,12:17:27,$ 3301.94,100
2740,12:17:03,$ 3302.78,100
2741,12:17:00,$ 3303.18,100
2742,12:17:00,$ 3303.17,100
2743,12:16:43,$ 3303.77,100
2744,12:16:34,$ 3303.76,100
2745,12:16:30,$ 3303.85,100
2746,12:16:13,$ 3304.00,100
2747,12:15:22,$ 3303.82,100
2748,12:15:04,$ 3304.08,100
2749,12:15:04,$ 3304.08,100
2750,12:14:59,$ 3304.25,100
2751,12:14:53,$ 3304.149,180
2752,12:14:53,$ 3304.149,120
2753,12:14:50,$ 3304.3295,500
2754,12:14:34,$ 3303.8514,302
2755,12:14:34,$ 3303.6564,100
2757,12:14:34,$ 3303.6564,100
2758,12:14:25,$ 3303.80,100
2759,12:14:18,$ 3303.80,250
2760,12:13:25,$ 3302.75,100
2761,12:13:17,$ 3302.00,100
2762,12:13:14,$ 3301.8672,180
2763,12:13:11,$ 3301.8099,180
2764,12:13:06,$ 3301.43,100
2765,12:13:01,$ 3301.35,100
2766,12:12:45,$ 3301.06,200
2767,12:12:38,$ 3300.94,100
2768,12:12:24,$ 3300.12,100
2769,12:12:24,$ 3300.34,100
2770,12:12:15,$ 3300.34,100
2771,12:12:12,$ 3299.85,100
2772,12:11:52,$ 3301.12,192
2773,12:11:46,$ 3301.64,324
2774,12:11:33,$ 3301.80,100
2775,12:11:33,$ 3302.135,100
2776,12:10:55,$ 3301.7081,200
2778,12:10:55,$ 3301.60,100
2779,12:10:53,$ 3302.55,100
2780,12:10:33,$ 3303.75,100
2781,12:10:32,$ 3303.93,100
2782,12:10:26,$ 3303.9785,100
2783,12:10:21,$ 3304.07,100
2784,12:10:21,$ 3304.08,100
2785,12:10:19,$ 3304.29,100
2786,12:10:11,$ 3304.005,100
2787,12:10:09,$ 3304.42,500
2788,12:10:09,$ 3304.7199,100
2789,12:10:08,$ 3304.145,100
2790,12:10:08,$ 3304.03,100
2791,12:10:03,$ 3303.75,500
2792,12:10:03,$ 3303.34,100
2793,12:10:02,$ 3303.72,100
2794,12:09:59,$ 3303.235,100
2795,12:09:58,$ 3303.2546,100
2796,12:09:55,$ 3303.205,100
2797,12:09:52,$ 3303.60,100
2799,12:09:52,$ 3303.585,100
2800,12:09:52,$ 3303.57,100
2801,12:09:46,$ 3302.76,200
2802,12:09:43,$ 3302.55,100
2803,12:09:43,$ 3302.52,100
2804,12:08:53,$ 3302.94,100
2805,12:08:11,$ 3303.49,200
2806,12:07:56,$ 3303.12,100
2807,12:07:56,$ 3303.16,100
2808,12:07:54,$ 3302.555,100
2809,12:07:53,$ 3302.555,100
2810,12:07:53,$ 3302.53,100
2811,12:07:51,$ 3302.04,100
2812,12:07:37,$ 3302.64,100
2813,12:07:20,$ 3302.57,130
2814,12:07:03,$ 3303.38,100
2815,12:06:59,$ 3302.87,100
2816,12:06:29,$ 3303.00,100
2817,12:06:01,$ 3301.65,100
2818,12:05:13,$ 3301.26,100
2820,12:05:12,$ 3301.18,100
2821,12:05:12,$ 3301.11,232
2822,12:04:43,$ 3300.87,100
2823,12:04:41,$ 3300.90,100
2824,12:04:37,$ 3301.36,100
2825,12:04:07,$ 3300.85,100
2826,12:04:04,$ 3300.625,100
2827,12:04:04,$ 3300.57,100
2828,12:03:57,$ 3299.91,100
2829,12:03:57,$ 3300.00,100
2830,12:03:56,$ 3300.00,238
2831,12:03:56,$ 3300.00,100
2832,12:03:56,$ 3300.46,100
2833,12:03:44,$ 3299.78,100
2834,12:03:15,$ 3299.64,100
2835,12:03:15,$ 3299.64,100
2836,12:03:15,$ 3299.64,100
2837,12:03:15,$ 3299.64,100
2838,12:02:52,$ 3299.84,100
2839,12:02:52,$ 3299.84,126
2841,12:01:37,$ 3297.46,100
2842,12:01:36,$ 3297.7235,100
2843,12:00:42,$ 3299.94,100
2844,12:00:42,$ 3299.94,100
2845,12:00:34,$ 3299.20,100
2846,12:00:34,$ 3299.20,100
2847,12:00:14,$ 3299.046,100
2849,12:59:57,$ 3302.00,100
2850,12:59:57,$ 3302.00,100
2851,12:59:57,$ 3302.10,100
2852,12:59:47,$ 3302.85,131
2853,12:59:15,$ 3304.00,100
2854,12:59:10,$ 3303.315,100
2855,12:59:01,$ 3302.75,100
2856,12:58:57,$ 3302.675,115
2857,12:58:02,$ 3303.5002,200
2858,12:58:01,$ 3303.39,100
2859,12:58:01,$ 3303.39,182
2860,12:57:59,$ 3304.10,100
2861,12:57:31,$ 3304.73,100
2862,12:56:54,$ 3305.155,100
2863,12:56:49,$ 3305.15,100
2864,12:56:49,$ 3305.00,100
2865,12:56:22,$ 3305.975,100
2866,12:56:21,$ 3306.07,100
2867,12:56:21,$ 3305.725,100
2868,12:56:08,$ 3305.78,100
2870,12:55:37,$ 3306.485,100
2871,12:55:36,$ 3306.88,100
2872,12:55:25,$ 3306.315,100
2873,12:55:23,$ 3306.45,100
2874,12:52:41,$ 3305.85,100
2875,12:52:25,$ 3306.09,100
2876,12:51:27,$ 3306.24,100
2877,12:50:55,$ 3305.6397,150
2878,12:50:01,$ 3305.965,100
2879,12:49:59,$ 3305.90,100
2880,12:49:44,$ 3305.32,100
2881,12:49:43,$ 3305.24,100
2882,12:49:16,$ 3304.70,100
2883,12:48:35,$ 3305.58,100
2884,12:48:02,$ 3305.41,100
2885,12:47:38,$ 3305.41,100
2886,12:47:38,$ 3305.00,100
2887,12:47:23,$ 3305.16,150
2888,12:47:01,$ 3304.965,100
2889,12:46:47,$ 3304.45,100
2891,12:46:24,$ 3304.9199,500
2892,12:46:09,$ 3305.17,100
2893,12:45:54,$ 3305.00,100
2894,12:45:54,$ 3305.02,100
2895,12:45:30,$ 3305.42,100
2896,12:45:05,$ 3306.15,100
2897,12:44:55,$ 3304.6801,100
2898,12:44:46,$ 3306.44,100
2899,12:44:46,$ 3306.42,100
2900,12:44:46,$ 3306.42,100
2901,12:44:31,$ 3307.25,100
2902,12:43:50,$ 3307.53,100
2903,12:42:36,$ 3308.10,150
2904,12:41:39,$ 3308.05,100
2905,12:41:37,$ 3308.525,100
2906,12:41:36,$ 3308.41,100
2907,12:41:04,$ 3307.862,100
2908,12:40:46,$ 3307.18,100
2909,12:40:32,$ 3307.6954,100
2910,12:40:32,$ 3307.475,100
2912,12:40:25,$ 3307.46,100
2913,12:40:11,$ 3306.45,100
2914,12:39:57,$ 3306.75,100
2915,12:39:37,$ 3306.17,100
2916,12:39:17,$ 3305.59,199
2917,12:39:10,$ 3305.04,100
2918,12:39:10,$ 3305.20,100
2919,12:39:08,$ 3305.00,100
2920,12:39:05,$ 3304.76,100
2921,12:39:02,$ 3304.44,100
2922,12:38:47,$ 3303.40,100
2923,12:37:27,$ 3303.1498,100
2924,12:36:18,$ 3303.3301,100
2925,12:35:35,$ 3302.90,100
2926,12:35:35,$ 3302.85,159
2927,12:35:33,$ 3303.435,100
2928,12:35:20,$ 3304.12,100
2929,12:35:14,$ 3303.21,100
2930,12:35:14,$ 3303.21,100
2931,12:35:14,$ 3303.215,100
2933,12:34:38,$ 3302.31,100
2934,12:33:34,$ 3300.345,100
2935,12:33:11,$ 3300.9249,100
2936,12:32:02,$ 3301.32,100
2937,12:32:01,$ 3301.03,198
2938,12:31:50,$ 3301.12,100
2939,12:31:37,$ 3301.56,100
2940,12:30:30,$ 3300.705,100
2941,12:30:28,$ 3300.64,100
2942,12:30:28,$ 3301.14,100
2943,12:30:26,$ 3300.67,100
2944,12:30:20,$ 3300.655,100
2945,12:30:20,$ 3300.655,100
2946,12:30:15,$ 3301.01,100
2947,12:30:14,$ 3300.05,100
2948,12:30:13,$ 3300.18,100
2950,13:27:53,$ 3294.00,285
2951,13:27:31,$ 3293.31,100
2952,13:27:31,$ 3293.22,100
2953,13:27:29,$ 3294.29,100
2954,13:27:28,$ 3294.014,100
2955,13:27:27,$ 3294.18,100
2956,13:27:05,$ 3296.245,136
2957,13:26:27,$ 3297.1894,"1,000"
2958,13:26:10,$ 3297.132,396
2959,13:26:10,$ 3297.00,100
2960,13:26:09,$ 3296.42,100
2961,13:26:05,$ 3296.3757,153
2962,13:26:05,$ 3296.3757,682
2963,13:25:00,$ 3294.86,100
2964,13:24:59,$ 3295.365,100
2965,13:24:18,$ 3295.20,100
2966,13:24:01,$ 3295.15,100
2967,13:23:24,$ 3294.465,100
2968,13:23:24,$ 3294.89,100
2969,13:23:14,$ 3294.84,100
2971,13:22:14,$ 3294.79,100
2972,13:21:55,$ 3295.4171,100
2973,13:21:42,$ 3295.99,100
2974,13:21:35,$ 3297.14,200
2975,13:20:47,$ 3296.08,100
2976,13:20:47,$ 3296.112,100
2977,13:20:34,$ 3296.00,100
2978,13:20:34,$ 3296.00,145
2979,13:20:25,$ 3295.3138,100
2980,13:20:09,$ 3294.85,100
2981,13:19:57,$ 3294.44,100
2982,13:19:47,$ 3294.82,100
2983,13:19:42,$ 3295.95,100
2984,13:18:32,$ 3296.76,250
2985,13:17:55,$ 3296.3025,190
2986,13:17:54,$ 3296.52,100
2987,13:17:52,$ 3296.40,100
2988,13:17:52,$ 3296.40,100
2989,13:17:34,$ 3297.00,100
2990,13:17:28,$ 3297.595,100
2992,13:17:28,$ 3297.92,100
2993,13:17:27,$ 3298.085,100
2994,13:16:28,$ 3297.455,100
2995,13:16:26,$ 3297.3188,100
2996,13:16:17,$ 3297.17,100
2997,13:16:05,$ 3297.00,100
2998,13:16:00,$ 3298.27,100
2999,13:15:53,$ 3298.28,100
3000,13:15:48,$ 3298.82,100
3001,13:15:44,$ 3300.00,200
3002,13:15:44,$ 3300.03,100
3003,13:15:44,$ 3300.13,100
3004,13:15:11,$ 3301.09,100
3005,13:15:05,$ 3301.00,100
3006,13:14:41,$ 3302.03,100
3007,13:14:26,$ 3302.0865,100
3008,13:13:53,$ 3303.01,100
3009,13:13:40,$ 3303.00,100
3010,13:13:04,$ 3303.89,100
3011,13:12:56,$ 3303.68,100
3013,13:12:34,$ 3303.29,100
3014,13:12:25,$ 3303.2518,100
3015,13:12:20,$ 3302.45,195
3016,13:12:04,$ 3303.10,100
3017,13:11:41,$ 3302.7524,100
3018,13:11:39,$ 3303.00,500
3019,13:11:39,$ 3303.00,100
3020,13:11:10,$ 3302.63,100
3021,13:11:07,$ 3302.9706,396
3022,13:11:07,$ 3302.9706,400
3023,13:10:01,$ 3301.00,100
3024,13:08:49,$ 3301.225,250
3025,13:08:33,$ 3301.08,100
3026,13:08:27,$ 3301.505,100
3027,13:07:54,$ 3301.6033,600
3028,13:07:41,$ 3301.65,100
3029,13:07:41,$ 3301.10,100
3030,13:07:41,$ 3301.10,100
3031,13:07:41,$ 3301.12,100
3032,13:07:41,$ 3301.11,100
3034,13:07:41,$ 3301.15,100
3035,13:07:41,$ 3301.12,100
3036,13:07:41,$ 3301.12,100
3037,13:07:41,$ 3301.12,100
3038,13:07:41,$ 3301.11,100
3039,13:07:41,$ 3301.20,100
3040,13:07:41,$ 3301.15,100
3041,13:07:41,$ 3301.26,100
3042,13:07:41,$ 3301.12,100
3043,13:07:41,$ 3301.15,100
3044,13:07:41,$ 3301.19,100
3045,13:07:41,$ 3301.145,100
3046,13:07:41,$ 3301.25,100
3047,13:07:20,$ 3301.74,150
3048,13:06:43,$ 3300.68,100
3049,13:06:43,$ 3300.68,100
3050,13:06:30,$ 3301.19,100
3051,13:05:02,$ 3301.09,100
3052,13:05:02,$ 3301.10,100
3053,13:05:00,$ 3301.00,100
3055,13:04:34,$ 3301.10,100
3056,13:04:18,$ 3302.11,100
3057,13:03:48,$ 3302.82,100
3058,13:03:29,$ 3302.91,100
3059,13:02:50,$ 3303.74,100
3060,13:01:31,$ 3303.945,100
3061,13:01:08,$ 3302.50,100
3062,13:00:07,$ 3301.92,100
3063,13:00:06,$ 3301.515,100
3064,13:00:02,$ 3301.58,100
3066,13:59:57,$ 3301.18,100
3067,13:59:39,$ 3300.87,100
3068,13:58:30,$ 3301.2425,100
3069,13:58:30,$ 3301.1375,100
3070,13:58:30,$ 3300.91,100
3071,13:58:30,$ 3300.92,100
3072,13:57:52,$ 3300.6325,100
3073,13:57:17,$ 3301.15,100
3074,13:56:48,$ 3302.195,100
3075,13:56:22,$ 3302.42,100
3076,13:56:22,$ 3302.44,100
3077,13:56:14,$ 3301.99,100
3078,13:56:13,$ 3302.07,260
3079,13:56:13,$ 3302.07,100
3080,13:56:06,$ 3301.59,"1,056"
3081,13:56:05,$ 3300.31,150
3082,13:55:58,$ 3300.28,100
3083,13:55:57,$ 3299.7364,100
3084,13:55:57,$ 3299.86,100
3085,13:55:56,$ 3299.81,100
3087,13:55:51,$ 3299.695,100
3088,13:55:43,$ 3299.03,100
3089,13:54:52,$ 3298.3176,100
3090,13:54:36,$ 3298.25,100
3091,13:54:31,$ 3298.27,100
3092,13:53:33,$ 3297.80,100
3093,13:53:04,$ 3298.625,100
3094,13:52:18,$ 3299.10,100
3095,13:52:17,$ 3299.2133,100
3096,13:52:12,$ 3298.42,100
3097,13:52:06,$ 3298.69,100
3098,13:51:06,$ 3299.89,100
3099,13:50:55,$ 3298.83,100
3100,13:50:26,$ 3298.93,250
3101,13:50:17,$ 3298.715,100
3102,13:50:12,$ 3298.815,250
3103,13:49:39,$ 3300.00,100
3104,13:49:29,$ 3299.385,100
3105,13:49:29,$ 3299.3715,100
3106,13:49:15,$ 3298.6982,100
3108,13:49:09,$ 3299.10,100
3109,13:49:01,$ 3298.92,100
3110,13:48:29,$ 3298.63,110
3111,13:48:17,$ 3298.8188,100
3112,13:48:03,$ 3298.535,100
3113,13:47:45,$ 3298.82,100
3114,13:47:42,$ 3299.02,100
3115,13:47:41,$ 3298.52,100
3116,13:47:41,$ 3298.52,100
3117,13:47:06,$ 3297.69,200
3118,13:47:06,$ 3298.00,100
3119,13:47:06,$ 3297.415,100
3120,13:47:06,$ 3297.48,100
3121,13:47:06,$ 3297.47,100
3122,13:47:06,$ 3297.50,100
3123,13:46:52,$ 3296.60,100
3124,13:46:39,$ 3296.61,200
3125,13:46:27,$ 3296.4672,300
3126,13:45:54,$ 3296.99,100
3127,13:45:54,$ 3296.71,100
3129,13:45:39,$ 3297.12,100
3130,13:45:39,$ 3297.11,100
3131,13:45:33,$ 3297.26,100
3132,13:45:33,$ 3297.26,100
3133,13:45:33,$ 3297.26,100
3134,13:45:30,$ 3296.4669,131
3135,13:43:57,$ 3295.7972,100
3136,13:43:53,$ 3295.43,100
3137,13:43:44,$ 3295.895,100
3138,13:43:13,$ 3296.0296,100
3139,13:42:53,$ 3295.79,100
3140,13:40:54,$ 3296.32,100
3141,13:40:52,$ 3296.30,100
3142,13:40:52,$ 3296.32,100
3143,13:40:26,$ 3295.84,100
3144,13:40:16,$ 3295.10,100
3145,13:40:16,$ 3295.10,100
3146,13:40:09,$ 3295.45,100
3147,13:40:09,$ 3294.95,100
3148,13:40:01,$ 3295.83,234
3150,13:37:33,$ 3295.43,100
3151,13:37:33,$ 3295.14,179
3152,13:37:32,$ 3294.6295,250
3153,13:36:51,$ 3295.40,100
3154,13:36:51,$ 3295.45,100
3155,13:36:39,$ 3295.205,100
3156,13:36:25,$ 3295.58,100
3157,13:36:10,$ 3296.50,100
3158,13:36:09,$ 3297.035,100
3159,13:35:27,$ 3297.98,100
3160,13:35:24,$ 3297.42,100
3161,13:34:55,$ 3298.33,"1,056"
3162,13:34:47,$ 3297.00,200
3163,13:34:37,$ 3296.63,100
3164,13:34:34,$ 3297.40,100
3165,13:34:34,$ 3297.40,100
3166,13:34:34,$ 3297.35,100
3167,13:34:34,$ 3297.36,100
3168,13:34:30,$ 3297.04,100
3169,13:34:28,$ 3296.60,100
3171,13:33:18,$ 3296.7212,100
3172,13:33:16,$ 3296.055,100
3173,13:33:12,$ 3296.19,196
3174,13:33:12,$ 3296.19,193
3175,13:32:56,$ 3295.97,100
3176,13:32:49,$ 3295.02,100
3177,13:31:15,$ 3296.19,100
3178,13:31:01,$ 3295.41,100
3179,13:30:27,$ 3294.255,100
3180,13:30:08,$ 3293.85,100
3182,14:29:27,$ 3307.66,100
3183,14:29:18,$ 3307.16,100
3184,14:29:18,$ 3307.05,100
3185,14:29:18,$ 3307.42,100
3186,14:29:18,$ 3307.52,"1,000"
3187,14:28:59,$ 3307.00,100
3188,14:28:54,$ 3307.6434,100
3189,14:28:50,$ 3307.551,100
3190,14:28:41,$ 3308.38,100
3191,14:28:10,$ 3307.3564,100
3192,14:27:59,$ 3308.50,600
3193,14:27:49,$ 3307.48,100
3194,14:27:32,$ 3307.06,100
3195,14:27:30,$ 3307.06,100
3196,14:27:30,$ 3307.07,100
3197,14:27:30,$ 3307.06,100
3198,14:27:30,$ 3307.06,100
3199,14:27:30,$ 3307.06,100
3200,14:27:26,$ 3307.06,100
3201,14:27:24,$ 3307.00,130
3203,14:27:24,$ 3306.686,100
3204,14:27:24,$ 3306.61,100
3205,14:26:45,$ 3306.1342,170
3206,14:26:43,$ 3305.81,100
3207,14:26:09,$ 3306.32,100
3208,14:26:00,$ 3305.40,100
3209,14:25:17,$ 3305.32,100
3210,14:25:08,$ 3305.5019,300
3211,14:25:02,$ 3304.83,100
3212,14:25:00,$ 3305.00,100
3213,14:24:47,$ 3304.92,100
3214,14:24:47,$ 3304.885,100
3215,14:24:45,$ 3305.05,100
3216,14:24:20,$ 3304.53,100
3217,14:24:01,$ 3303.23,200
3218,14:24:00,$ 3303.67,100
3219,14:23:43,$ 3304.83,100
3220,14:23:38,$ 3305.27,100
3221,14:23:25,$ 3304.2326,100
3222,14:23:22,$ 3304.2534,100
3224,14:22:42,$ 3304.84,100
3225,14:22:40,$ 3304.575,100
3226,14:21:57,$ 3303.1876,181
3227,14:21:47,$ 3303.2505,"1,000"
3228,14:21:38,$ 3304.0126,264
3229,14:21:20,$ 3303.43,100
3230,14:20:32,$ 3303.7803,100
3231,14:20:30,$ 3303.60,100
3232,14:20:28,$ 3302.88,100
3233,14:19:55,$ 3302.2298,158
3234,14:19:50,$ 3302.74,100
3235,14:19:43,$ 3303.49,250
3236,14:18:43,$ 3304.40,100
3237,14:18:37,$ 3304.055,100
3238,14:18:17,$ 3303.39,130
3239,14:18:11,$ 3302.99,100
3240,14:17:21,$ 3301.855,100
3241,14:16:58,$ 3301.00,100
3242,14:16:58,$ 3301.15,100
3243,14:16:45,$ 3300.1225,116
3245,14:16:17,$ 3300.2915,266
3246,14:15:11,$ 3300.01,100
3247,14:14:17,$ 3300.165,100
3248,14:12:41,$ 3300.33,100
3249,14:12:38,$ 3300.705,100
3250,14:12:19,$ 3300.57,100
3251,14:12:13,$ 3300.00,100
3252,14:12:06,$ 3299.1337,200
3253,14:12:04,$ 3299.20,100
3254,14:11:33,$ 3299.69,100
3255,14:11:12,$ 3300.00,100
3256,14:10:45,$ 3299.75,100
3257,14:10:19,$ 3300.26,166
3258,14:10:14,$ 3299.8731,110
3259,14:08:09,$ 3300.7796,100
3260,14:08:01,$ 3300.415,500
3261,14:07:50,$ 3299.60,100
3262,14:06:50,$ 3300.03,100
3263,14:06:45,$ 3300.50,500
3264,14:06:32,$ 3300.87,100
3266,14:06:04,$ 3301.05,100
3267,14:06:03,$ 3301.42,100
3268,14:05:36,$ 3301.92,500
3269,14:04:48,$ 3301.69,100
3270,14:04:45,$ 3301.33,100
3271,14:04:30,$ 3301.87,"1,056"
3272,14:04:14,$ 3302.0374,100
3273,14:04:12,$ 3301.73,100
3274,14:04:08,$ 3301.80,100
3275,14:03:02,$ 3302.255,500
3276,14:02:48,$ 3302.43,100
3277,14:02:25,$ 3302.505,250
3278,14:01:08,$ 3302.53,100
3279,14:01:00,$ 3301.61,100
3280,14:00:15,$ 3302.05,170
3281,14:00:06,$ 3301.645,100
3283,14:59:54,$ 3303.65,100
3284,14:59:28,$ 3303.00,100
3285,14:57:30,$ 3302.585,119
3286,14:56:06,$ 3303.41,500
3287,14:55:13,$ 3302.02,100
3288,14:55:03,$ 3301.825,100
3289,14:54:40,$ 3302.01,100
3290,14:54:34,$ 3302.00,100
3291,14:54:34,$ 3302.23,100
3292,14:53:27,$ 3302.85,100
3293,14:52:33,$ 3302.855,100
3294,14:50:56,$ 3302.4525,302
3295,14:50:56,$ 3303.04,390
3296,14:49:56,$ 3302.63,100
3297,14:49:34,$ 3302.35,100
3298,14:48:29,$ 3302.63,100
3299,14:48:12,$ 3301.295,100
3300,14:47:45,$ 3301.52,100
3301,14:47:45,$ 3302.095,100
3302,14:47:02,$ 3302.06,102
3304,14:46:07,$ 3301.86,100
3305,14:45:47,$ 3301.7772,151
3306,14:45:47,$ 3301.97,357
3307,14:45:19,$ 3301.8816,224
3308,14:44:41,$ 3302.76,100
3309,14:44:36,$ 3302.01,100
3310,14:44:25,$ 3302.03,100
3311,14:44:25,$ 3302.03,100
3312,14:43:49,$ 3302.13,100
3313,14:43:27,$ 3302.055,100
3314,14:43:04,$ 3301.60,100
3315,14:41:53,$ 3302.015,100
3316,14:41:33,$ 3302.09,100
3317,14:40:35,$ 3302.51,100
3318,14:40:14,$ 3302.555,100
3319,14:38:14,$ 3302.215,100
3320,14:37:39,$ 3300.65,100
3321,14:37:29,$ 3300.3827,200
3322,14:37:17,$ 3300.52,"1,600"
3323,14:37:12,$ 3301.55,100
3325,14:37:10,$ 3301.72,100
3326,14:37:09,$ 3301.77,100
3327,14:36:30,$ 3302.325,100
3328,14:36:29,$ 3301.91,200
3329,14:36:17,$ 3302.25,100
3330,14:36:14,$ 3302.16,100
3331,14:36:12,$ 3302.00,120
3332,14:36:12,$ 3302.13,100
3333,14:36:06,$ 3302.73,100
3334,14:35:54,$ 3302.50,100
3335,14:35:38,$ 3302.634,418
3336,14:35:26,$ 3303.22,100
3337,14:35:21,$ 3303.315,100
3338,14:35:02,$ 3304.67,100
3339,14:35:02,$ 3304.64,100
3340,14:35:02,$ 3304.60,100
3341,14:34:38,$ 3305.95,100
3342,14:34:33,$ 3305.65,100
3343,14:34:18,$ 3305.17,200
3344,14:34:07,$ 3305.79,100
3346,14:34:00,$ 3305.82,100
3347,14:34:00,$ 3305.82,100
3348,14:34:00,$ 3305.82,100
3349,14:33:39,$ 3306.92,100
3350,14:33:05,$ 3306.655,100
3351,14:33:02,$ 3306.84,100
3352,14:33:02,$ 3307.09,171
3353,14:33:00,$ 3306.85,100
3354,14:32:59,$ 3306.62,100
3355,14:32:59,$ 3306.63,100
3356,14:32:59,$ 3306.66,100
3357,14:32:40,$ 3306.3099,100
3358,14:32:04,$ 3305.8104,100
3359,14:32:01,$ 3305.81,100
3360,14:31:38,$ 3307.1222,100
3361,14:31:33,$ 3306.74,100
3362,14:31:33,$ 3306.85,100
3363,14:31:33,$ 3306.82,100
3364,14:31:29,$ 3307.24,100
3365,14:31:29,$ 3307.30,100
3367,14:31:29,$ 3307.26,100
3368,14:31:29,$ 3307.24,100
3369,14:31:21,$ 3307.21,100
3370,14:30:44,$ 3307.28,100
3371,14:30:35,$ 3306.58,200
3372,14:30:35,$ 3306.67,100
3373,14:30:22,$ 3307.225,150
3375,15:29:49,$ 3300.045,100
3376,15:29:48,$ 3299.905,100
3377,15:29:39,$ 3300.49,100
3378,15:29:30,$ 3299.59,100
3379,15:28:49,$ 3299.575,100
3380,15:28:49,$ 3299.845,100
3381,15:28:46,$ 3299.65,100
3382,15:28:46,$ 3299.855,100
3383,15:28:29,$ 3299.99,103
3384,15:28:24,$ 3299.99,150
3385,15:28:14,$ 3299.84,100
3386,15:28:14,$ 3299.62,100
3387,15:28:10,$ 3300.17,100
3388,15:28:00,$ 3299.8201,100
3389,15:27:58,$ 3300.02,100
3390,15:27:58,$ 3300.01,100
3391,15:27:49,$ 3300.37,100
3392,15:27:48,$ 3300.37,100
3393,15:27:31,$ 3300.38,100
3394,15:26:05,$ 3298.55,100
3396,15:26:00,$ 3298.97,100
3397,15:25:52,$ 3299.165,100
3398,15:25:50,$ 3298.09,100
3399,15:25:50,$ 3297.995,100
3400,15:25:50,$ 3298.045,100
3401,15:25:50,$ 3298.00,100
3402,15:25:50,$ 3297.995,100
3403,15:25:37,$ 3298.27,100
3404,15:25:25,$ 3299.3135,160
3405,15:24:06,$ 3299.76,100
3406,15:22:56,$ 3299.41,100
3407,15:22:56,$ 3299.42,100
3408,15:22:56,$ 3299.70,100
3409,15:22:56,$ 3299.74,100
3410,15:22:56,$ 3299.59,100
3411,15:22:35,$ 3297.985,100
3412,15:22:21,$ 3297.82,100
3413,15:22:07,$ 3297.75,100
3414,15:21:52,$ 3297.62,100
3415,15:21:39,$ 3298.03,100
3417,15:21:39,$ 3298.13,100
3418,15:20:59,$ 3297.92,100
3419,15:20:41,$ 3298.75,100
3420,15:20:37,$ 3298.43,100
3421,15:20:15,$ 3298.78,100
3422,15:19:48,$ 3300.1621,153
3423,15:19:41,$ 3298.81,100
3424,15:18:24,$ 3298.0428,125
3425,15:17:47,$ 3298.03,100
3426,15:17:41,$ 3298.00,100
3427,15:17:21,$ 3298.90,100
3428,15:17:07,$ 3299.27,100
3429,15:16:22,$ 3299.00,900
3430,15:16:15,$ 3300.08,100
3431,15:16:15,$ 3300.39,100
3432,15:16:15,$ 3300.41,100
3433,15:16:13,$ 3300.52,100
3434,15:15:46,$ 3300.67,100
3435,15:15:44,$ 3300.90,100
3436,15:15:39,$ 3301.18,110
3438,15:15:39,$ 3301.56,100
3439,15:15:22,$ 3301.18,100
3440,15:15:17,$ 3300.91,100
3441,15:15:17,$ 3300.87,100
3442,15:15:15,$ 3300.965,100
3443,15:15:02,$ 3300.2686,100
3444,15:14:59,$ 3301.02,100
3445,15:14:59,$ 3301.02,100
3446,15:14:53,$ 3300.70,100
3447,15:14:53,$ 3300.70,100
3448,15:14:39,$ 3300.05,100
3449,15:14:39,$ 3300.05,100
3450,15:14:37,$ 3299.9644,100
3451,15:14:36,$ 3300.05,178
3452,15:14:35,$ 3300.06,100
3453,15:14:35,$ 3300.11,100
3454,15:14:10,$ 3300.84,100
3455,15:14:00,$ 3301.155,100
3456,15:13:27,$ 3301.37,100
3457,15:13:05,$ 3300.78,100
3459,15:12:56,$ 3300.135,100
3460,15:12:56,$ 3300.37,100
3461,15:12:51,$ 3300.53,100
3462,15:12:49,$ 3300.975,100
3463,15:12:39,$ 3301.6304,100
3464,15:12:22,$ 3301.429,250
3465,15:11:48,$ 3301.00,292
3466,15:11:48,$ 3301.00,100
3467,15:11:34,$ 3301.48,100
3468,15:11:34,$ 3301.45,100
3469,15:10:49,$ 3299.09,100
3470,15:10:49,$ 3299.00,100
3471,15:10:43,$ 3300.245,100
3472,15:10:43,$ 3299.875,100
3473,15:10:27,$ 3299.78,100
3474,15:10:25,$ 3299.7472,100
3475,15:10:21,$ 3299.26,100
3476,15:10:21,$ 3299.31,100
3477,15:10:07,$ 3299.97,100
3478,15:09:54,$ 3299.83,100
3480,15:09:30,$ 3300.47,100
3481,15:09:12,$ 3300.31,100
3482,15:09:03,$ 3301.04,100
3483,15:08:55,$ 3300.70,100
3484,15:08:44,$ 3301.27,100
3485,15:08:32,$ 3300.94,100
3486,15:08:25,$ 3301.18,100
3487,15:08:25,$ 3301.155,100
3488,15:08:25,$ 3301.165,100
3489,15:07:33,$ 3301.27,100
3490,15:07:30,$ 3301.20,100
3491,15:07:23,$ 3300.10,100
3492,15:07:07,$ 3299.65,100
3493,15:07:07,$ 3299.65,100
3494,15:07:07,$ 3299.645,105
3495,15:07:07,$ 3299.645,105
3496,15:07:03,$ 3299.635,100
3497,15:07:02,$ 3299.585,100
3498,15:07:02,$ 3299.59,100
3499,15:06:01,$ 3300.95,100
3501,15:06:00,$ 3301.58,150
3502,15:05:23,$ 3302.25,100
3503,15:04:55,$ 3301.87,100
3504,15:04:47,$ 3301.58,100
3505,15:04:47,$ 3301.37,100
3506,15:04:47,$ 3301.35,100
3507,15:04:38,$ 3301.88,100
3508,15:04:08,$ 3299.955,100
3509,15:04:01,$ 3299.615,100
3510,15:03:41,$ 3299.96,100
3511,15:03:02,$ 3299.54,100
3512,15:02:58,$ 3298.84,100
3513,15:02:38,$ 3300.41,100
3514,15:02:26,$ 3300.25,100
3515,15:02:26,$ 3300.7124,300
3516,15:02:11,$ 3301.3901,100
3517,15:02:10,$ 3302.295,100
3518,15:02:02,$ 3301.55,100
3519,15:02:02,$ 3301.62,100
3520,15:02:00,$ 3302.23,100
3522,15:01:50,$ 3302.11,100
3523,15:01:39,$ 3302.62,100
3524,15:01:28,$ 3302.26,150
3525,15:01:22,$ 3303.01,100
3526,15:01:22,$ 3303.01,100
3527,15:01:13,$ 3303.00,200
3528,15:00:36,$ 3302.61,400
3529,15:00:36,$ 3303.61,137
3530,15:00:16,$ 3302.97,100
3531,15:00:15,$ 3302.97,100
3532,15:00:15,$ 3302.97,100
3533,15:00:03,$ 3302.20,100
3534,15:00:01,$ 3302.93,100
3536,15:59:59,$ 3290.57,100
3537,15:59:59,$ 3290.57,100
3538,15:59:59,$ 3290.57,100
3539,15:59:59,$ 3288.62,100
3540,15:59:59,$ 3289.59,100
3541,15:59:59,$ 3289.59,100
3542,15:59:59,$ 3290.58,100
3543,15:59:59,$ 3290.58,100
3544,15:59:59,$ 3290.59,100
3545,15:59:59,$ 3290.60,100
3546,15:59:59,$ 3290.60,100
3547,15:59:59,$ 3290.60,100
3548,15:59:59,$ 3290.60,100
3549,15:59:59,$ 3290.60,100
3550,15:59:58,$ 3289.79,404
3551,15:59:58,$ 3289.76,100
3552,15:59:58,$ 3288.94,100
3553,15:59:58,$ 3289.66,400
3554,15:59:58,$ 3288.94,204
3555,15:59:58,$ 3288.85,100
3557,15:59:58,$ 3288.96,100
3558,15:59:58,$ 3288.96,501
3559,15:59:58,$ 3288.91,143
3560,15:59:58,$ 3288.91,100
3561,15:59:58,$ 3288.875,100
3562,15:59:58,$ 3288.94,100
3563,15:59:58,$ 3288.22,100
3564,15:59:58,$ 3288.39,160
3565,15:59:57,$ 3288.27,100
3566,15:59:57,$ 3288.21,100
3567,15:59:56,$ 3288.22,100
3568,15:59:56,$ 3288.50,200
3569,15:59:55,$ 3288.46,174
3570,15:59:55,$ 3288.44,100
3571,15:59:54,$ 3289.11,100
3572,15:59:54,$ 3290.195,100
3573,15:59:54,$ 3289.69,140
3574,15:59:54,$ 3289.69,100
3575,15:59:54,$ 3289.22,179
3576,15:59:53,$ 3289.70,200
3578,15:59:53,$ 3289.64,200
3579,15:59:53,$ 3289.56,100
3580,15:59:53,$ 3289.29,100
3581,15:59:52,$ 3290.22,100
3582,15:59:52,$ 3290.22,100
3583,15:59:50,$ 3290.23,100
3584,15:59:50,$ 3289.63,100
3585,15:59:50,$ 3289.82,100
3586,15:59:50,$ 3289.82,100
3587,15:59:50,$ 3289.78,100
3588,15:59:50,$ 3289.81,100
3589,15:59:50,$ 3289.81,100
3590,15:59:50,$ 3289.72,100
3591,15:59:50,$ 3289.65,100
3592,15:59:50,$ 3289.43,100
3593,15:59:50,$ 3289.43,201
3594,15:59:49,$ 3289.43,114
3595,15:59:49,$ 3289.835,100
3596,15:59:49,$ 3289.45,100
3597,15:59:49,$ 3289.43,100
3599,15:59:49,$ 3289.43,100
3600,15:59:48,$ 3289.48,100
3601,15:59:48,$ 3289.48,100
3602,15:59:48,$ 3289.46,100
3603,15:59:47,$ 3289.61,100
3604,15:59:46,$ 3290.45,200
3605,15:59:46,$ 3290.34,200
3606,15:59:46,$ 3290.33,200
3607,15:59:46,$ 3290.33,100
3608,15:59:45,$ 3290.47,200
3609,15:59:44,$ 3290.41,100
3610,15:59:44,$ 3290.67,166
3611,15:59:42,$ 3290.29,100
3612,15:59:42,$ 3290.31,100
3613,15:59:42,$ 3290.28,170
3614,15:59:42,$ 3290.05,100
3615,15:59:41,$ 3289.79,200
3616,15:59:41,$ 3289.75,100
3617,15:59:40,$ 3290.00,200
3618,15:59:40,$ 3290.12,100
3620,15:59:39,$ 3290.07,100
3621,15:59:39,$ 3289.90,100
3622,15:59:39,$ 3289.95,100
3623,15:59:39,$ 3290.05,100
3624,15:59:39,$ 3289.90,100
3625,15:59:39,$ 3290.02,104
3626,15:59:39,$ 3290.04,200
3627,15:59:39,$ 3290.04,100
3628,15:59:36,$ 3290.14,100
3629,15:59:34,$ 3290.08,100
3630,15:59:32,$ 3290.44,147
3631,15:59:31,$ 3290.44,100
3632,15:59:30,$ 3290.83,100
3633,15:59:30,$ 3290.88,100
3634,15:59:30,$ 3290.89,100
3635,15:59:30,$ 3290.80,200
3636,15:59:30,$ 3290.80,100
3637,15:59:30,$ 3290.63,100
3638,15:59:30,$ 3290.65,106
3639,15:59:30,$ 3290.86,100
3641,15:59:23,$ 3290.17,100
3642,15:59:21,$ 3290.81,100
3643,15:59:21,$ 3290.58,100
3644,15:59:19,$ 3291.13,200
3645,15:59:19,$ 3291.06,100
3646,15:59:18,$ 3291.07,187
3647,15:59:14,$ 3291.10,100
3648,15:59:12,$ 3291.59,121
3649,15:59:10,$ 3291.20,180
3650,15:59:04,$ 3291.28,200
3651,15:59:01,$ 3291.58,100
3652,15:58:59,$ 3291.24,100
3653,15:58:59,$ 3291.30,100
3654,15:58:59,$ 3291.28,100
3655,15:58:59,$ 3291.12,200
3656,15:58:59,$ 3291.12,200
3657,15:58:54,$ 3290.99,100
3658,15:58:52,$ 3291.4528,427
3659,15:58:47,$ 3291.1799,100
3660,15:58:35,$ 3290.68,100
3662,15:58:33,$ 3291.26,100
3663,15:58:32,$ 3291.32,100
3664,15:58:31,$ 3290.61,100
3665,15:58:25,$ 3291.25,250
3666,15:58:25,$ 3291.22,100
3667,15:58:24,$ 3291.00,100
3668,15:58:24,$ 3291.00,100
3669,15:58:19,$ 3290.27,100
3670,15:58:08,$ 3290.51,100
3671,15:58:08,$ 3290.51,100
3672,15:58:08,$ 3290.50,100
3673,15:58:05,$ 3290.82,100
3674,15:58:04,$ 3290.855,100
3675,15:58:03,$ 3290.64,100
3676,15:58:00,$ 3290.41,100
3677,15:57:59,$ 3290.47,100
3678,15:57:59,$ 3290.50,100
3679,15:57:59,$ 3290.40,100
3680,15:57:59,$ 3290.37,100
3681,15:57:59,$ 3290.36,147
3683,15:57:58,$ 3290.74,100
3684,15:57:55,$ 3290.69,105
3685,15:57:54,$ 3290.895,100
3686,15:57:52,$ 3290.51,100
3687,15:57:51,$ 3290.74,100
3688,15:57:50,$ 3290.97,100
3689,15:57:47,$ 3290.94,100
3690,15:57:42,$ 3291.085,100
3691,15:57:42,$ 3291.12,164
3692,15:57:42,$ 3290.97,100
3693,15:57:42,$ 3290.93,100
3694,15:57:37,$ 3290.48,100
3695,15:57:37,$ 3290.48,100
3696,15:57:37,$ 3290.45,100
3697,15:57:35,$ 3290.01,100
3698,15:57:35,$ 3289.92,100
3699,15:57:35,$ 3289.98,100
3700,15:57:34,$ 3290.50,100
3701,15:57:31,$ 3289.885,100
3702,15:57:25,$ 3289.69,195
3704,15:57:23,$ 3289.83,100
3705,15:57:21,$ 3289.92,100
3706,15:57:21,$ 3289.7261,100
3707,15:57:21,$ 3289.885,100
3708,15:57:20,$ 3290.175,100
3709,15:57:20,$ 3290.17,100
3710,15:57:12,$ 3290.01,100
3711,15:57:11,$ 3290.20,100
3712,15:57:11,$ 3290.17,100
3713,15:57:04,$ 3289.4628,100
3714,15:57:03,$ 3289.909,142
3715,15:57:02,$ 3289.63,100
3716,15:57:01,$ 3289.99,100
3717,15:57:00,$ 3289.79,100
3718,15:57:00,$ 3289.79,100
3719,15:57:00,$ 3289.79,100
3720,15:56:58,$ 3289.82,100
3721,15:56:58,$ 3289.79,200
3722,15:56:56,$ 3289.9325,100
3723,15:56:52,$ 3289.29,100
3725,15:56:51,$ 3289.29,100
3726,15:56:48,$ 3289.879,100
3727,15:56:41,$ 3290.71,100
3728,15:56:39,$ 3290.66,100
3729,15:56:37,$ 3290.23,100
3730,15:56:31,$ 3290.00,100
3731,15:56:26,$ 3289.65,100
3732,15:56:22,$ 3289.78,100
3733,15:56:22,$ 3289.72,100
3734,15:56:22,$ 3289.45,100
3735,15:56:22,$ 3289.05,100
3736,15:56:20,$ 3289.27,100
3737,15:56:15,$ 3289.00,100
3738,15:56:13,$ 3289.3758,100
3739,15:56:13,$ 3289.74,100
3740,15:56:11,$ 3288.91,100
3741,15:56:10,$ 3288.99,100
3742,15:55:46,$ 3288.50,100
3743,15:55:46,$ 3288.405,100
3744,15:55:44,$ 3288.20,100
3746,15:55:41,$ 3288.70,100
3747,15:55:41,$ 3288.775,100
3748,15:55:34,$ 3289.145,100
3749,15:55:28,$ 3289.50,100
3750,15:55:26,$ 3289.47,200
3751,15:55:23,$ 3289.31,100
3752,15:55:09,$ 3290.00,100
3753,15:55:06,$ 3289.61,100
3754,15:55:04,$ 3290.21,100
3755,15:55:04,$ 3289.99,100
3756,15:55:01,$ 3289.23,100
3757,15:55:01,$ 3289.19,100
3758,15:54:57,$ 3289.24,100
3759,15:54:51,$ 3290.02,100
3760,15:54:50,$ 3290.00,100
3761,15:54:50,$ 3290.26,100
3762,15:54:50,$ 3290.015,100
3763,15:54:50,$ 3290.00,121
3764,15:54:50,$ 3289.40,100
3765,15:54:37,$ 3290.00,100
3767,15:54:37,$ 3290.00,100
3768,15:54:35,$ 3290.68,100
3769,15:54:27,$ 3290.90,100
3770,15:54:25,$ 3291.22,100
3771,15:54:18,$ 3291.72,100
3772,15:54:03,$ 3291.48,100
3773,15:54:02,$ 3291.50,100
3774,15:54:02,$ 3291.44,100
3775,15:54:02,$ 3291.44,100
3776,15:53:59,$ 3291.67,100
3777,15:53:58,$ 3291.895,100
3778,15:53:50,$ 3291.44,100
3779,15:53:50,$ 3292.07,100
3780,15:53:50,$ 3292.06,100
3781,15:53:50,$ 3291.93,100
3782,15:53:50,$ 3292.07,100
3783,15:53:50,$ 3291.93,100
3784,15:53:50,$ 3291.88,100
3785,15:53:50,$ 3291.62,100
3786,15:53:20,$ 3292.125,408
3788,15:53:18,$ 3292.90,100
3789,15:53:09,$ 3291.81,100
3790,15:53:07,$ 3292.23,100
3791,15:53:04,$ 3292.17,100
3792,15:53:00,$ 3292.25,209
3793,15:53:00,$ 3292.25,100
3794,15:53:00,$ 3292.34,100
3795,15:53:00,$ 3292.40,100
3796,15:53:00,$ 3292.37,100
3797,15:52:48,$ 3292.19,100
3798,15:52:42,$ 3292.06,100
3799,15:52:30,$ 3292.7497,100
3800,15:52:20,$ 3292.74,100
3801,15:52:12,$ 3291.79,100
3802,15:52:12,$ 3292.04,100
3803,15:52:12,$ 3291.735,100
3804,15:52:10,$ 3291.6175,100
3805,15:52:06,$ 3292.035,100
3806,15:52:03,$ 3291.50,100
3807,15:51:59,$ 3291.14,100
3809,15:51:54,$ 3291.62,100
3810,15:51:40,$ 3291.325,100
3811,15:51:28,$ 3291.08,100
3812,15:51:24,$ 3291.675,100
3813,15:51:06,$ 3291.92,100
3814,15:51:05,$ 3291.92,100
3815,15:51:00,$ 3290.80,100
3816,15:51:00,$ 3290.80,100
3817,15:51:00,$ 3291.10,100
3818,15:50:55,$ 3290.55,100
3819,15:50:50,$ 3289.98,100
3820,15:50:49,$ 3290.08,400
3821,15:50:44,$ 3289.96,100
3822,15:50:40,$ 3289.87,100
3823,15:50:40,$ 3289.87,100
3824,15:50:40,$ 3289.89,100
3825,15:50:31,$ 3290.15,300
3826,15:50:30,$ 3290.59,100
3827,15:50:30,$ 3290.65,100
3828,15:50:23,$ 3290.01,100
3830,15:50:22,$ 3289.9876,280
3831,15:50:22,$ 3289.98,100
3832,15:50:22,$ 3290.01,100
3833,15:50:22,$ 3290.01,100
3834,15:50:22,$ 3290.01,100
3835,15:50:22,$ 3290.01,100
3836,15:50:22,$ 3290.48,100
3837,15:50:21,$ 3290.06,100
3838,15:50:20,$ 3290.38,100
3839,15:50:20,$ 3290.42,100
3840,15:50:20,$ 3290.36,100
3841,15:50:20,$ 3290.23,100
