,NLS Time (ET),NLS Price,NLS Share Volume
1,09:59:58,$ 3614.255,100
2,09:59:58,$ 3612.44,100
3,09:59:58,$ 3614.285,100
4,09:59:53,$ 3612.88,100
5,09:59:53,$ 3612.88,100
6,09:59:43,$ 3612.995,100
7,09:59:35,$ 3612.53,100
8,09:59:35,$ 3612.65,100
9,09:59:34,$ 3612.07,100
10,09:59:34,$ 3612.20,105
11,09:59:33,$ 3611.64,100
12,09:59:33,$ 3611.02,100
13,09:59:33,$ 3611.00,100
14,09:59:33,$ 3611.00,118
15,09:59:32,$ 3610.844,100
16,09:59:29,$ 3611.00,100
17,09:59:19,$ 3610.14,150
18,09:59:09,$ 3608.6831,100
19,09:59:09,$ 3610.007,149
20,09:59:09,$ 3608.80,100
22,09:59:09,$ 3608.80,100
23,09:59:08,$ 3608.34,100
24,09:59:08,$ 3607.50,100
25,09:58:59,$ 3607.04,100
26,09:58:59,$ 3607.07,100
27,09:58:59,$ 3607.07,100
28,09:58:59,$ 3607.12,100
29,09:58:59,$ 3607.12,100
30,09:58:59,$ 3607.50,100
31,09:58:58,$ 3607.03,100
32,09:58:58,$ 3607.83,100
33,09:58:56,$ 3607.455,500
34,09:58:55,$ 3607.01,100
35,09:58:55,$ 3607.00,106
36,09:58:55,$ 3607.11,100
37,09:58:55,$ 3607.38,100
38,09:58:55,$ 3607.51,100
39,09:58:55,$ 3608.01,100
40,09:58:55,$ 3608.00,100
41,09:58:55,$ 3608.81,100
43,09:58:55,$ 3609.81,100
44,09:58:55,$ 3609.80,100
45,09:58:55,$ 3609.81,100
46,09:58:55,$ 3610.12,100
47,09:58:55,$ 3610.90,100
48,09:58:54,$ 3611.23,100
49,09:58:53,$ 3610.69,100
50,09:58:48,$ 3610.45,100
51,09:58:47,$ 3609.07,300
52,09:58:47,$ 3610.27,100
53,09:58:47,$ 3610.28,100
54,09:58:39,$ 3609.305,100
55,09:58:31,$ 3608.15,250
56,09:58:31,$ 3608.18,100
57,09:58:29,$ 3608.17,100
58,09:58:04,$ 3607.37,100
59,09:57:58,$ 3609.45,100
60,09:57:58,$ 3609.50,100
61,09:57:58,$ 3609.48,100
62,09:57:56,$ 3609.1497,100
64,09:57:54,$ 3609.32,100
65,09:57:50,$ 3607.60,100
66,09:57:50,$ 3607.63,100
67,09:57:45,$ 3607.978,150
68,09:57:41,$ 3607.75,100
69,09:57:41,$ 3607.80,100
70,09:57:41,$ 3607.95,100
71,09:57:41,$ 3607.22,100
72,09:57:41,$ 3607.29,100
73,09:57:41,$ 3607.38,100
74,09:57:41,$ 3607.42,100
75,09:57:37,$ 3607.4656,250
76,09:57:35,$ 3607.00,100
77,09:57:33,$ 3606.4166,300
78,09:57:30,$ 3606.615,100
79,09:57:29,$ 3606.305,100
80,09:57:27,$ 3606.27,100
81,09:57:27,$ 3606.295,150
82,09:57:24,$ 3607.10,100
83,09:57:23,$ 3607.00,100
85,09:57:22,$ 3607.75,100
86,09:57:22,$ 3607.74,100
87,09:57:19,$ 3608.0705,100
88,09:57:17,$ 3607.807,300
89,09:57:12,$ 3607.44,100
90,09:57:09,$ 3608.25,150
91,09:57:08,$ 3607.91,100
92,09:57:06,$ 3608.00,200
93,09:57:00,$ 3608.34,140
94,09:56:57,$ 3608.25,150
95,09:56:56,$ 3608.17,200
96,09:56:56,$ 3608.245,125
97,09:56:55,$ 3608.165,100
98,09:56:51,$ 3608.245,150
99,09:56:39,$ 3608.015,100
100,09:56:35,$ 3607.1854,300
101,09:56:35,$ 3608.7523,280
102,09:56:30,$ 3608.4984,150
103,09:56:28,$ 3609.00,100
104,09:56:27,$ 3610.755,100
106,09:56:24,$ 3609.0001,100
107,09:56:22,$ 3610.675,100
108,09:56:22,$ 3609.22,100
109,09:56:22,$ 3610.967,700
110,09:56:22,$ 3609.05,150
111,09:56:22,$ 3609.02,100
112,09:56:08,$ 3611.32,100
113,09:56:08,$ 3611.49,100
114,09:55:55,$ 3612.71,100
115,09:55:46,$ 3609.25,100
116,09:55:45,$ 3609.03,100
117,09:55:45,$ 3611.085,500
118,09:55:43,$ 3609.03,100
119,09:55:41,$ 3612.63,100
120,09:55:41,$ 3612.68,100
121,09:55:40,$ 3614.5263,269
122,09:55:39,$ 3612.66,100
123,09:55:37,$ 3612.66,100
124,09:55:36,$ 3614.49,100
125,09:55:36,$ 3614.44,100
127,09:55:36,$ 3614.44,100
128,09:55:36,$ 3614.49,100
129,09:55:35,$ 3616.22,200
130,09:55:34,$ 3617.7294,800
131,09:55:33,$ 3615.27,100
132,09:55:32,$ 3615.27,100
133,09:55:25,$ 3616.30,100
134,09:55:23,$ 3616.94,100
135,09:55:21,$ 3616.95,100
136,09:55:15,$ 3617.18,100
137,09:55:14,$ 3617.05,100
138,09:55:12,$ 3616.99,100
139,09:55:10,$ 3617.00,100
140,09:55:10,$ 3616.46,100
141,09:55:10,$ 3616.54,100
142,09:55:10,$ 3616.46,100
143,09:55:08,$ 3615.71,100
144,09:54:57,$ 3613.555,300
145,09:54:44,$ 3613.26,100
146,09:54:43,$ 3613.255,100
148,09:54:30,$ 3613.255,100
149,09:54:28,$ 3613.21,125
150,09:54:26,$ 3613.88,100
151,09:54:23,$ 3613.86,100
152,09:54:22,$ 3613.87,100
153,09:54:21,$ 3613.87,154
154,09:54:17,$ 3613.25,100
155,09:54:14,$ 3612.4001,200
156,09:54:14,$ 3612.0803,"1,500"
157,09:54:14,$ 3613.155,100
158,09:54:12,$ 3612.55,100
159,09:54:11,$ 3612.23,100
160,09:54:11,$ 3611.895,300
161,09:54:10,$ 3611.88,100
162,09:54:10,$ 3611.8825,250
163,09:54:06,$ 3611.01,100
164,09:54:06,$ 3611.08,100
165,09:54:06,$ 3610.48,100
166,09:54:06,$ 3610.73,100
167,09:54:06,$ 3611.01,100
169,09:54:06,$ 3609.83,100
170,09:54:06,$ 3609.83,100
171,09:53:48,$ 3609.01,252
172,09:53:48,$ 3609.00,100
173,09:53:48,$ 3609.24,100
174,09:53:41,$ 3610.91,100
175,09:53:37,$ 3610.24,100
176,09:53:37,$ 3610.24,200
177,09:53:36,$ 3609.67,100
178,09:53:35,$ 3608.69,100
179,09:53:34,$ 3608.58,100
180,09:53:31,$ 3609.89,100
181,09:53:31,$ 3609.895,100
182,09:53:23,$ 3609.14,101
183,09:53:21,$ 3608.22,250
184,09:53:20,$ 3608.12,500
185,09:53:18,$ 3607.675,150
186,09:53:14,$ 3608.32,100
187,09:53:05,$ 3607.0101,100
188,09:53:01,$ 3607.00,"1,000"
190,09:52:59,$ 3608.2249,137
191,09:52:59,$ 3608.32,100
192,09:52:59,$ 3608.25,100
193,09:52:59,$ 3608.22,100
194,09:52:52,$ 3608.64,100
195,09:52:52,$ 3609.06,100
196,09:52:51,$ 3610.00,100
197,09:52:51,$ 3610.00,100
198,09:52:51,$ 3609.46,100
199,09:52:51,$ 3608.73,100
200,09:52:49,$ 3610.135,150
201,09:52:48,$ 3608.65,250
202,09:52:38,$ 3609.30,100
203,09:52:38,$ 3609.30,100
204,09:52:29,$ 3608.8743,310
205,09:52:28,$ 3610.595,100
206,09:52:28,$ 3610.26,100
207,09:52:22,$ 3609.545,150
208,09:52:22,$ 3610.54,100
209,09:52:19,$ 3609.605,900
211,09:52:18,$ 3608.68,100
212,09:52:17,$ 3609.605,500
213,09:52:15,$ 3610.235,100
214,09:52:15,$ 3608.8132,300
215,09:52:11,$ 3608.66,200
216,09:52:11,$ 3609.88,100
217,09:52:10,$ 3609.44,100
218,09:52:07,$ 3609.34,100
219,09:52:05,$ 3610.595,100
220,09:52:04,$ 3611.41,100
221,09:52:04,$ 3611.40,100
222,09:52:04,$ 3611.62,100
223,09:52:04,$ 3611.62,100
224,09:52:03,$ 3610.24,100
225,09:52:03,$ 3610.31,100
226,09:52:03,$ 3610.48,100
227,09:52:02,$ 3610.705,100
228,09:51:53,$ 3611.755,100
229,09:51:50,$ 3612.00,100
230,09:51:49,$ 3612.1639,100
232,09:51:39,$ 3613.355,150
233,09:51:28,$ 3612.925,500
234,09:51:27,$ 3612.14,100
235,09:51:27,$ 3613.54,100
236,09:51:27,$ 3613.54,100
237,09:51:27,$ 3613.54,100
238,09:51:27,$ 3613.54,100
239,09:51:19,$ 3614.7299,100
240,09:51:19,$ 3614.73,100
241,09:51:07,$ 3614.74,100
242,09:51:07,$ 3614.74,100
243,09:51:07,$ 3614.74,100
244,09:51:07,$ 3614.81,100
245,09:51:07,$ 3614.74,100
246,09:51:06,$ 3614.20,100
247,09:51:06,$ 3613.93,100
248,09:50:59,$ 3612.905,100
249,09:50:57,$ 3613.29,100
250,09:50:54,$ 3612.94,100
251,09:50:50,$ 3612.01,250
253,09:50:48,$ 3613.355,100
254,09:50:47,$ 3611.93,100
255,09:50:44,$ 3612.76,100
256,09:50:41,$ 3615.0582,120
257,09:50:40,$ 3614.35,100
258,09:50:33,$ 3614.50,100
259,09:50:27,$ 3616.52,100
260,09:50:21,$ 3615.66,125
261,09:50:21,$ 3616.5417,100
262,09:50:18,$ 3616.37,150
263,09:50:17,$ 3615.685,"1,400"
264,09:50:09,$ 3616.32,100
265,09:50:09,$ 3616.354,755
266,09:50:09,$ 3616.18,100
267,09:50:06,$ 3616.35,100
268,09:50:00,$ 3615.99,200
269,09:50:00,$ 3616.11,107
270,09:49:59,$ 3616.12,300
271,09:49:57,$ 3615.615,100
272,09:49:56,$ 3616.105,100
274,09:49:54,$ 3616.51,100
275,09:49:54,$ 3616.81,100
276,09:49:54,$ 3616.82,100
277,09:49:51,$ 3616.105,200
278,09:49:43,$ 3616.21,100
279,09:49:43,$ 3616.455,100
280,09:49:39,$ 3615.5275,500
281,09:49:38,$ 3615.535,500
282,09:49:37,$ 3615.82,100
283,09:49:37,$ 3615.00,250
284,09:49:37,$ 3615.31,100
285,09:49:36,$ 3615.65,100
286,09:49:36,$ 3615.64,100
287,09:49:33,$ 3615.845,500
288,09:49:33,$ 3615.68,100
289,09:49:26,$ 3613.75,500
290,09:49:26,$ 3613.75,100
291,09:49:25,$ 3613.73,100
292,09:49:25,$ 3614.5955,100
293,09:49:23,$ 3614.815,100
295,09:49:22,$ 3614.815,400
296,09:49:20,$ 3614.81,100
297,09:49:20,$ 3615.62,100
298,09:49:20,$ 3614.83,100
299,09:49:20,$ 3615.27,100
300,09:49:18,$ 3613.8285,265
301,09:49:18,$ 3613.63,100
302,09:49:18,$ 3613.73,100
303,09:49:18,$ 3614.63,100
304,09:49:18,$ 3614.73,100
305,09:49:16,$ 3613.80,100
306,09:49:15,$ 3612.928,125
307,09:48:58,$ 3610.51,140
308,09:48:58,$ 3611.47,100
309,09:48:56,$ 3612.7892,250
310,09:48:55,$ 3611.49,100
311,09:48:55,$ 3611.45,100
312,09:48:54,$ 3612.925,100
313,09:48:50,$ 3611.58,100
314,09:48:50,$ 3611.87,100
316,09:48:50,$ 3611.87,199
317,09:48:50,$ 3611.87,100
318,09:48:50,$ 3611.87,100
319,09:48:50,$ 3613.5439,200
320,09:48:47,$ 3611.8701,200
321,09:48:41,$ 3612.815,200
322,09:48:41,$ 3612.96,100
323,09:48:41,$ 3612.725,200
324,09:48:41,$ 3613.955,100
325,09:48:40,$ 3613.8188,150
326,09:48:30,$ 3611.52,100
327,09:48:29,$ 3610.815,100
328,09:48:24,$ 3610.9599,100
329,09:48:24,$ 3610.96,100
330,09:48:24,$ 3610.22,100
331,09:48:24,$ 3610.22,400
332,09:48:23,$ 3610.61,100
333,09:48:23,$ 3610.48,137
334,09:48:23,$ 3610.13,100
335,09:48:22,$ 3609.57,100
337,09:48:22,$ 3608.55,100
338,09:48:22,$ 3609.00,129
339,09:48:18,$ 3608.6101,150
340,09:48:18,$ 3609.54,100
341,09:48:17,$ 3608.79,500
342,09:48:15,$ 3608.08,100
343,09:48:11,$ 3608.4866,150
344,09:48:06,$ 3609.177,150
345,09:48:05,$ 3609.86,500
346,09:48:00,$ 3609.07,100
347,09:48:00,$ 3608.01,100
348,09:48:00,$ 3609.165,150
349,09:47:59,$ 3608.86,100
350,09:47:57,$ 3609.08,107
351,09:47:42,$ 3609.82,100
352,09:47:42,$ 3609.93,100
353,09:47:42,$ 3609.85,100
354,09:47:41,$ 3610.37,100
355,09:47:40,$ 3610.37,100
356,09:47:37,$ 3611.08,100
358,09:47:36,$ 3610.97,100
359,09:47:36,$ 3610.82,100
360,09:47:36,$ 3610.84,100
361,09:47:36,$ 3610.88,100
362,09:47:35,$ 3609.42,500
363,09:47:35,$ 3609.72,100
364,09:47:34,$ 3610.50,100
365,09:47:30,$ 3608.818,500
366,09:47:29,$ 3608.01,100
367,09:47:29,$ 3608.82,200
368,09:47:29,$ 3608.00,200
369,09:47:29,$ 3608.04,100
370,09:47:29,$ 3608.01,100
371,09:47:29,$ 3608.0027,100
372,09:47:27,$ 3608.89,100
373,09:47:26,$ 3609.73,100
374,09:47:26,$ 3609.73,100
375,09:47:26,$ 3609.73,100
376,09:47:23,$ 3608.60,100
377,09:47:23,$ 3608.79,100
379,09:47:23,$ 3609.39,500
380,09:47:21,$ 3608.28,300
381,09:47:21,$ 3607.98,100
382,09:47:21,$ 3607.99,100
383,09:47:21,$ 3609.225,200
384,09:47:20,$ 3609.75,100
385,09:47:16,$ 3609.8784,255
386,09:47:16,$ 3609.537,100
387,09:47:16,$ 3610.19,100
388,09:47:12,$ 3607.7101,200
389,09:47:11,$ 3610.50,100
390,09:47:11,$ 3610.00,100
391,09:47:07,$ 3609.2131,100
392,09:47:06,$ 3609.33,105
393,09:47:04,$ 3609.11,100
394,09:47:03,$ 3610.0875,140
395,09:46:50,$ 3611.26,100
396,09:46:49,$ 3610.64,100
397,09:46:48,$ 3610.18,150
398,09:46:46,$ 3610.943,100
400,09:46:45,$ 3610.18,500
401,09:46:44,$ 3610.57,100
402,09:46:44,$ 3609.47,150
403,09:46:44,$ 3610.10,100
404,09:46:44,$ 3611.99,100
405,09:46:44,$ 3610.00,100
406,09:46:44,$ 3610.00,100
407,09:46:44,$ 3610.13,100
408,09:46:44,$ 3610.8645,500
409,09:46:43,$ 3611.48,100
410,09:46:43,$ 3611.45,100
411,09:46:42,$ 3612.93,200
412,09:46:41,$ 3612.21,100
413,09:46:39,$ 3612.80,100
414,09:46:33,$ 3611.1978,400
415,09:46:29,$ 3612.115,100
416,09:46:27,$ 3613.6435,276
417,09:46:27,$ 3613.60,100
418,09:46:23,$ 3612.33,100
419,09:46:22,$ 3613.03,100
421,09:46:20,$ 3612.24,100
422,09:46:15,$ 3613.1938,500
423,09:46:10,$ 3611.02,100
424,09:46:08,$ 3612.81,100
425,09:46:08,$ 3613.32,100
426,09:46:08,$ 3613.32,100
427,09:46:08,$ 3613.42,100
428,09:46:08,$ 3613.84,100
429,09:46:08,$ 3613.87,100
430,09:46:07,$ 3613.0767,"1,000"
431,09:46:03,$ 3612.82,100
432,09:46:03,$ 3612.4199,100
433,09:46:03,$ 3612.42,100
434,09:46:02,$ 3611.74,100
435,09:46:02,$ 3612.00,100
436,09:46:01,$ 3611.85,100
437,09:46:01,$ 3610.68,100
438,09:45:57,$ 3611.395,100
439,09:45:56,$ 3611.49,100
440,09:45:56,$ 3611.40,100
442,09:45:55,$ 3610.6744,594
443,09:45:55,$ 3610.79,300
444,09:45:55,$ 3610.79,100
445,09:45:55,$ 3611.735,100
446,09:45:54,$ 3611.38,100
447,09:45:53,$ 3610.2301,100
448,09:45:51,$ 3613.88,300
449,09:45:51,$ 3612.20,100
450,09:45:51,$ 3612.00,100
451,09:45:51,$ 3612.23,100
452,09:45:45,$ 3613.2772,100
453,09:45:44,$ 3612.7275,100
454,09:45:44,$ 3613.00,100
455,09:45:42,$ 3614.00,100
456,09:45:39,$ 3615.20,150
457,09:45:36,$ 3615.395,500
458,09:45:35,$ 3615.20,100
459,09:45:35,$ 3615.50,100
460,09:45:34,$ 3617.00,100
461,09:45:32,$ 3618.73,100
463,09:45:25,$ 3617.91,100
464,09:45:21,$ 3617.1569,100
465,09:45:20,$ 3616.9087,100
466,09:45:20,$ 3618.12,100
467,09:45:14,$ 3617.84,100
468,09:45:12,$ 3616.4958,353
469,09:45:05,$ 3616.7492,150
470,09:45:04,$ 3616.89,100
471,09:45:02,$ 3616.14,150
472,09:44:53,$ 3615.00,100
473,09:44:51,$ 3614.77,100
474,09:44:50,$ 3616.1128,500
475,09:44:49,$ 3615.00,100
476,09:44:41,$ 3614.6918,100
477,09:44:39,$ 3613.10,100
478,09:44:39,$ 3613.205,100
479,09:44:39,$ 3613.13,100
480,09:44:39,$ 3613.14,100
481,09:44:39,$ 3613.29,100
482,09:44:36,$ 3613.13,100
484,09:44:35,$ 3614.48,"1,000"
485,09:44:33,$ 3614.00,200
486,09:44:03,$ 3614.48,150
487,09:43:56,$ 3613.04,100
488,09:43:54,$ 3614.1062,625
489,09:43:54,$ 3614.325,150
490,09:43:51,$ 3614.075,100
491,09:43:50,$ 3614.11,100
492,09:43:49,$ 3614.39,200
493,09:43:47,$ 3614.61,100
494,09:43:47,$ 3613.96,100
495,09:43:46,$ 3613.03,200
496,09:43:45,$ 3613.00,100
497,09:43:43,$ 3613.6728,100
498,09:43:40,$ 3612.52,100
499,09:43:40,$ 3612.52,351
500,09:43:39,$ 3613.67,100
501,09:43:37,$ 3613.33,100
502,09:43:33,$ 3614.6747,250
503,09:43:33,$ 3615.00,100
505,09:43:32,$ 3615.2356,100
506,09:43:31,$ 3615.0157,300
507,09:43:28,$ 3616.99,100
508,09:43:27,$ 3617.20,100
509,09:43:27,$ 3617.00,100
510,09:43:27,$ 3617.45,100
511,09:43:27,$ 3617.44,100
512,09:43:27,$ 3617.44,100
513,09:43:27,$ 3617.44,100
514,09:43:27,$ 3617.44,100
515,09:43:27,$ 3618.715,150
516,09:43:27,$ 3617.5501,480
517,09:43:24,$ 3617.4402,313
518,09:43:24,$ 3618.25,100
519,09:43:24,$ 3618.26,100
520,09:43:23,$ 3619.4211,150
521,09:43:21,$ 3619.01,400
522,09:43:15,$ 3620.0908,150
523,09:43:12,$ 3620.265,100
524,09:43:06,$ 3620.72,100
526,09:43:03,$ 3619.76,100
527,09:43:03,$ 3619.92,100
528,09:43:02,$ 3618.97,100
529,09:42:57,$ 3618.24,100
530,09:42:55,$ 3618.01,100
531,09:42:55,$ 3618.00,200
532,09:42:43,$ 3618.62,150
533,09:42:42,$ 3618.68,102
534,09:42:42,$ 3618.69,129
535,09:42:36,$ 3618.69,100
536,09:42:33,$ 3621.7701,250
537,09:42:28,$ 3620.0711,148
538,09:42:28,$ 3620.0711,102
539,09:42:28,$ 3620.0711,276
540,09:42:15,$ 3622.77,151
541,09:42:12,$ 3620.2401,560
542,09:42:12,$ 3621.505,100
543,09:42:11,$ 3621.85,100
544,09:42:09,$ 3620.91,129
545,09:42:09,$ 3620.93,100
547,09:42:09,$ 3620.85,100
548,09:42:09,$ 3620.84,100
549,09:42:03,$ 3620.325,100
550,09:41:58,$ 3621.0578,100
551,09:41:52,$ 3619.8471,100
552,09:41:49,$ 3620.71,100
553,09:41:49,$ 3619.72,100
554,09:41:48,$ 3619.72,500
555,09:41:47,$ 3619.37,100
556,09:41:37,$ 3619.4403,100
557,09:41:35,$ 3619.60,100
558,09:41:30,$ 3619.765,100
559,09:41:27,$ 3619.565,151
560,09:41:25,$ 3620.76,714
561,09:41:25,$ 3620.71,385
562,09:41:25,$ 3619.205,500
563,09:41:25,$ 3618.84,100
564,09:41:23,$ 3617.51,100
565,09:41:22,$ 3618.73,100
566,09:41:20,$ 3618.4499,100
568,09:41:16,$ 3616.3662,207
569,09:41:16,$ 3616.805,100
570,09:41:16,$ 3617.61,100
571,09:41:12,$ 3617.61,100
572,09:41:09,$ 3617.36,100
573,09:41:09,$ 3617.80,100
574,09:41:09,$ 3618.255,100
575,09:41:09,$ 3620.00,156
576,09:41:07,$ 3621.14,100
577,09:41:05,$ 3622.75,300
578,09:41:01,$ 3621.2954,100
579,09:41:01,$ 3622.6347,100
580,09:40:59,$ 3622.00,100
581,09:40:59,$ 3622.22,100
582,09:40:59,$ 3623.03,100
583,09:40:54,$ 3623.74,100
584,09:40:52,$ 3622.26,100
585,09:40:51,$ 3623.76,100
586,09:40:44,$ 3624.29,135
587,09:40:43,$ 3623.215,100
589,09:40:36,$ 3623.76,100
590,09:40:35,$ 3624.42,100
591,09:40:34,$ 3625.14,100
592,09:40:31,$ 3625.17,100
593,09:40:29,$ 3625.0221,233
594,09:40:29,$ 3626.02,100
595,09:40:24,$ 3628.585,150
596,09:40:17,$ 3629.095,100
597,09:40:17,$ 3629.07,100
598,09:40:10,$ 3628.3101,100
599,09:40:09,$ 3628.8644,150
600,09:40:06,$ 3630.19,400
601,09:40:06,$ 3630.225,100
602,09:40:05,$ 3630.775,100
603,09:40:03,$ 3630.00,140
604,09:40:03,$ 3630.0412,190
605,09:40:03,$ 3630.825,190
606,09:40:03,$ 3630.825,150
607,09:40:02,$ 3630.27,100
608,09:40:01,$ 3630.00,124
610,09:40:01,$ 3630.305,100
611,09:40:01,$ 3630.28,100
612,09:39:59,$ 3629.49,100
613,09:39:59,$ 3630.3659,500
614,09:39:57,$ 3632.20,150
615,09:39:51,$ 3631.635,100
616,09:39:49,$ 3630.24,100
617,09:39:41,$ 3631.48,100
618,09:39:40,$ 3631.10,100
619,09:39:19,$ 3630.00,200
620,09:39:14,$ 3632.86,100
621,09:39:03,$ 3630.94,100
622,09:39:02,$ 3631.94,100
623,09:39:02,$ 3631.50,100
624,09:39:01,$ 3630.73,100
625,09:39:01,$ 3629.74,156
626,09:39:01,$ 3629.37,100
627,09:38:50,$ 3628.75,100
628,09:38:50,$ 3628.82,100
629,09:38:50,$ 3628.82,100
631,09:38:47,$ 3628.60,100
632,09:38:47,$ 3628.69,100
633,09:38:46,$ 3628.22,150
634,09:38:45,$ 3628.76,100
635,09:38:45,$ 3628.76,100
636,09:38:45,$ 3628.75,100
637,09:38:45,$ 3628.75,100
638,09:38:45,$ 3628.75,100
639,09:38:45,$ 3628.75,100
640,09:38:45,$ 3629.00,100
641,09:38:43,$ 3629.41,100
642,09:38:43,$ 3629.31,100
643,09:38:43,$ 3629.8618,300
644,09:38:37,$ 3628.55,100
645,09:38:37,$ 3628.55,100
646,09:38:37,$ 3628.82,100
647,09:38:37,$ 3628.93,100
648,09:38:37,$ 3628.38,100
649,09:38:37,$ 3628.43,115
650,09:38:37,$ 3628.43,100
652,09:38:34,$ 3628.41,100
653,09:38:27,$ 3627.94,100
654,09:38:26,$ 3628.90,100
655,09:38:22,$ 3628.94,100
656,09:38:22,$ 3628.66,100
657,09:38:17,$ 3628.10,100
658,09:38:17,$ 3627.33,100
659,09:38:17,$ 3627.38,100
660,09:38:17,$ 3627.33,100
661,09:38:16,$ 3626.69,100
662,09:38:15,$ 3627.30,100
663,09:38:08,$ 3626.74,100
664,09:38:08,$ 3626.95,100
665,09:38:07,$ 3626.56,100
666,09:38:05,$ 3628.50,100
667,09:38:02,$ 3628.1585,242
668,09:37:58,$ 3628.55,100
669,09:37:55,$ 3627.845,200
670,09:37:54,$ 3627.0101,150
671,09:37:48,$ 3629.28,100
673,09:37:46,$ 3628.72,100
674,09:37:46,$ 3628.72,100
675,09:37:46,$ 3628.72,100
676,09:37:46,$ 3628.72,100
677,09:37:46,$ 3628.72,100
678,09:37:45,$ 3628.7522,275
679,09:37:45,$ 3627.936,175
680,09:37:45,$ 3628.07,175
681,09:37:45,$ 3628.20,100
682,09:37:45,$ 3628.756,100
683,09:37:45,$ 3628.756,790
684,09:37:45,$ 3628.756,110
685,09:37:41,$ 3627.78,100
686,09:37:41,$ 3628.0405,100
687,09:37:41,$ 3628.72,100
688,09:37:37,$ 3629.02,100
689,09:37:37,$ 3628.55,100
690,09:37:34,$ 3629.89,150
691,09:37:27,$ 3629.02,200
692,09:37:27,$ 3628.085,100
694,09:37:27,$ 3628.06,100
695,09:37:27,$ 3628.025,100
696,09:37:27,$ 3628.04,100
697,09:37:27,$ 3628.42,100
698,09:37:22,$ 3630.28,100
699,09:37:18,$ 3630.9199,150
700,09:37:15,$ 3630.36,100
701,09:37:13,$ 3630.5279,100
702,09:37:09,$ 3629.0211,130
703,09:37:06,$ 3630.9689,100
704,09:37:06,$ 3630.385,150
705,09:37:04,$ 3633.08,504
706,09:37:04,$ 3631.22,100
707,09:37:04,$ 3631.18,100
708,09:37:04,$ 3630.68,100
709,09:37:04,$ 3631.22,100
710,09:37:04,$ 3631.17,100
711,09:37:03,$ 3630.43,"1,000"
712,09:37:01,$ 3631.37,100
713,09:37:00,$ 3630.29,100
715,09:37:00,$ 3630.30,133
716,09:37:00,$ 3630.31,150
717,09:36:59,$ 3630.12,100
718,09:36:59,$ 3630.00,122
719,09:36:59,$ 3630.00,100
720,09:36:59,$ 3630.695,100
721,09:36:57,$ 3631.20,100
722,09:36:53,$ 3632.86,100
723,09:36:43,$ 3631.2001,470
724,09:36:43,$ 3632.19,100
725,09:36:42,$ 3633.94,100
726,09:36:42,$ 3633.96,100
727,09:36:42,$ 3633.99,100
728,09:36:42,$ 3632.75,100
729,09:36:42,$ 3633.22,100
730,09:36:42,$ 3632.74,100
731,09:36:28,$ 3633.23,100
732,09:36:26,$ 3633.3996,100
733,09:36:17,$ 3636.57,900
734,09:35:55,$ 3638.06,150
736,09:35:49,$ 3638.885,100
737,09:35:46,$ 3638.08,100
738,09:35:46,$ 3637.37,100
739,09:35:46,$ 3637.70,100
740,09:35:44,$ 3636.60,100
741,09:35:44,$ 3636.60,100
742,09:35:44,$ 3635.85,100
743,09:35:44,$ 3635.96,100
744,09:35:44,$ 3635.96,100
745,09:35:38,$ 3635.3476,100
746,09:35:32,$ 3635.20,100
747,09:35:32,$ 3635.20,100
748,09:35:28,$ 3634.98,100
749,09:35:26,$ 3634.00,100
750,09:35:26,$ 3634.03,100
751,09:35:26,$ 3634.02,100
752,09:35:26,$ 3634.03,100
753,09:35:25,$ 3634.04,100
754,09:35:25,$ 3634.04,100
755,09:35:25,$ 3636.97,100
757,09:35:25,$ 3635.876,102
758,09:35:21,$ 3635.00,200
759,09:35:20,$ 3636.00,100
760,09:35:16,$ 3637.77,100
761,09:35:15,$ 3638.69,100
762,09:35:15,$ 3637.87,100
763,09:35:14,$ 3637.05,500
764,09:35:11,$ 3638.46,100
765,09:35:06,$ 3639.22,"1,000"
766,09:35:03,$ 3638.9784,150
767,09:35:02,$ 3639.74,100
768,09:35:02,$ 3638.99,100
769,09:35:00,$ 3639.00,100
770,09:34:48,$ 3642.00,100
771,09:34:47,$ 3641.22,100
772,09:34:47,$ 3640.92,100
773,09:34:44,$ 3639.01,500
774,09:34:42,$ 3640.06,100
775,09:34:34,$ 3641.2199,120
776,09:34:33,$ 3638.2747,150
778,09:34:29,$ 3640.25,100
779,09:34:15,$ 3641.105,140
780,09:34:13,$ 3642.16,100
781,09:34:13,$ 3642.16,100
782,09:34:13,$ 3642.16,100
783,09:34:12,$ 3642.00,100
784,09:34:07,$ 3642.1599,100
785,09:34:06,$ 3640.7533,150
786,09:34:04,$ 3640.16,100
787,09:34:02,$ 3640.16,100
788,09:34:02,$ 3639.37,100
789,09:34:02,$ 3639.08,100
790,09:34:02,$ 3639.05,100
791,09:33:53,$ 3638.37,100
792,09:33:53,$ 3639.36,100
793,09:33:49,$ 3640.00,611
794,09:33:49,$ 3640.00,180
795,09:33:49,$ 3640.00,150
796,09:33:46,$ 3639.51,100
797,09:33:45,$ 3639.485,150
799,09:33:45,$ 3638.37,100
800,09:33:42,$ 3640.27,200
801,09:33:40,$ 3640.265,100
802,09:33:35,$ 3640.2684,300
803,09:33:34,$ 3641.97,100
804,09:33:31,$ 3642.9999,200
805,09:33:29,$ 3643.00,100
806,09:33:06,$ 3640.05,100
807,09:32:59,$ 3638.0557,500
808,09:32:58,$ 3639.94,100
809,09:32:56,$ 3639.00,100
810,09:32:56,$ 3638.00,100
811,09:32:56,$ 3638.00,120
812,09:32:49,$ 3638.00,100
813,09:32:34,$ 3638.6105,100
814,09:32:24,$ 3637.97,100
815,09:32:17,$ 3634.9401,300
816,09:32:17,$ 3640.00,100
817,09:32:17,$ 3640.12,100
818,09:32:08,$ 3642.90,156
820,09:32:08,$ 3641.635,100
821,09:32:05,$ 3641.63,100
822,09:32:03,$ 3641.4468,150
823,09:31:56,$ 3644.9233,150
824,09:31:51,$ 3643.8055,150
825,09:31:47,$ 3643.8732,100
826,09:31:45,$ 3644.9094,280
827,09:31:34,$ 3644.52,100
828,09:31:34,$ 3644.55,100
829,09:31:34,$ 3646.0599,150
830,09:31:33,$ 3644.275,100
831,09:31:28,$ 3643.9421,100
832,09:31:28,$ 3645.92,100
833,09:31:28,$ 3645.66,100
834,09:31:28,$ 3644.93,100
835,09:31:28,$ 3645.00,130
836,09:31:26,$ 3644.9299,470
837,09:31:25,$ 3644.75,100
838,09:31:24,$ 3644.50,100
839,09:31:19,$ 3643.33,200
841,09:31:17,$ 3644.00,942
842,09:31:17,$ 3642.88,100
843,09:31:09,$ 3642.20,100
844,09:31:06,$ 3640.82,100
845,09:31:01,$ 3642.5899,100
846,09:30:54,$ 3641.9265,280
847,09:30:50,$ 3642.59,100
848,09:30:49,$ 3640.88,100
849,09:30:49,$ 3640.00,100
850,09:30:49,$ 3640.00,167
851,09:30:48,$ 3638.92,100
852,09:30:48,$ 3638.96,100
853,09:30:48,$ 3639.24,100
854,09:30:48,$ 3638.1875,500
855,09:30:44,$ 3636.855,100
856,09:30:44,$ 3636.67,100
857,09:30:44,$ 3636.665,100
858,09:30:44,$ 3636.715,100
859,09:30:40,$ 3634.73,100
860,09:30:40,$ 3634.73,100
862,09:30:40,$ 3634.73,297
863,09:30:39,$ 3636.79,100
864,09:30:37,$ 3636.42,100
865,09:30:32,$ 3639.75,100
866,09:30:32,$ 3640.00,100
867,09:30:32,$ 3639.05,100
868,09:30:31,$ 3639.08,100
869,09:30:31,$ 3638.10,150
870,09:30:30,$ 3638.095,100
871,09:30:30,$ 3637.675,100
872,09:30:30,$ 3637.69,100
873,09:30:30,$ 3637.61,100
874,09:30:19,$ 3635.13,100
875,09:30:17,$ 3635.94,100
876,09:30:17,$ 3636.03,100
877,09:30:17,$ 3635.23,100
878,09:30:17,$ 3636.49,100
879,09:30:17,$ 3636.55,123
880,09:30:17,$ 3635.99,100
881,09:30:17,$ 3636.55,100
883,09:30:08,$ 3635.11,112
884,09:30:08,$ 3635.93,154
885,09:30:07,$ 3636.75,150
886,09:30:06,$ 3635.375,100
887,09:30:05,$ 3635.45,191
888,09:30:05,$ 3635.42,100
889,09:30:05,$ 3634.4944,483
890,09:30:03,$ 3633.87,100
891,09:30:03,$ 3633.82,100
892,09:30:03,$ 3634.70,100
893,09:30:03,$ 3634.70,100
894,09:30:02,$ 3633.31,3
895,09:30:02,$ 3633.31,2
896,09:30:02,$ 3633.31,3
897,09:30:02,$ 3633.31,2
898,09:30:02,$ 3633.31,1
899,09:30:02,$ 3633.31,1
900,09:30:02,$ 3633.31,1
901,09:30:02,$ 3633.31,1
902,09:30:02,$ 3633.31,1
904,09:30:02,$ 3633.31,1
905,09:30:02,$ 3633.31,1
906,09:30:02,$ 3633.31,1
907,09:30:02,$ 3633.31,1
908,09:30:02,$ 3633.31,1
909,09:30:02,$ 3633.31,1
910,09:30:02,$ 3633.31,1
911,09:30:02,$ 3633.31,1
912,09:30:02,$ 3633.31,1
913,09:30:02,$ 3633.31,1
914,09:30:02,$ 3633.31,1
915,09:30:02,$ 3633.31,1
916,09:30:02,$ 3633.31,1
917,09:30:02,$ 3633.31,1
918,09:30:02,$ 3633.31,1
919,09:30:02,$ 3633.31,1
920,09:30:02,$ 3633.31,1
921,09:30:02,$ 3633.31,1
922,09:30:02,$ 3633.31,1
923,09:30:02,$ 3633.31,1
925,09:30:02,$ 3633.31,1
926,09:30:02,$ 3633.31,1
927,09:30:02,$ 3633.31,1
928,09:30:02,$ 3633.31,1
929,09:30:02,$ 3633.31,1
930,09:30:02,$ 3633.31,1
931,09:30:02,$ 3633.31,1
932,09:30:02,$ 3633.31,1
933,09:30:02,$ 3633.31,1
934,09:30:02,$ 3633.31,1
935,09:30:02,$ 3633.31,1
936,09:30:02,$ 3633.31,1
937,09:30:02,$ 3633.31,1
938,09:30:02,$ 3633.31,1
939,09:30:02,$ 3633.31,1
940,09:30:02,$ 3633.31,1
941,09:30:02,$ 3633.31,1
942,09:30:02,$ 3633.31,1
943,09:30:02,$ 3633.31,1
944,09:30:02,$ 3633.31,1
946,09:30:02,$ 3633.31,1
947,09:30:02,$ 3633.31,1
948,09:30:02,$ 3633.31,1
949,09:30:02,$ 3633.31,1
950,09:30:02,$ 3633.31,1
951,09:30:02,$ 3633.31,1
952,09:30:02,$ 3633.31,1
953,09:30:02,$ 3633.31,1
954,09:30:02,$ 3633.31,1
955,09:30:02,$ 3633.31,6
956,09:30:02,$ 3633.31,1
957,09:30:02,$ 3633.31,1
958,09:30:02,$ 3633.31,1
959,09:30:02,$ 3633.31,10
960,09:30:02,$ 3633.31,1
961,09:30:02,$ 3633.31,1
962,09:30:02,$ 3633.31,1
963,09:30:02,$ 3633.31,1
964,09:30:02,$ 3633.31,1
965,09:30:02,$ 3633.31,1
967,09:30:02,$ 3633.31,1
968,09:30:02,$ 3633.31,1
969,09:30:02,$ 3633.31,2
970,09:30:02,$ 3633.31,1
971,09:30:02,$ 3633.31,1
972,09:30:02,$ 3633.31,1
973,09:30:02,$ 3633.31,1
974,09:30:02,$ 3633.31,24
975,09:30:02,$ 3633.31,30
976,09:30:02,$ 3633.31,8
977,09:30:02,$ 3633.31,5
978,09:30:02,$ 3633.31,10
979,09:30:02,$ 3633.31,14
980,09:30:02,$ 3633.31,"5,162"
981,09:30:02,$ 3633.31,1
982,09:30:02,$ 3633.31,1
983,09:30:02,$ 3633.31,2
984,09:30:02,$ 3633.31,4
985,09:30:02,$ 3633.31,1
986,09:30:02,$ 3633.31,3
988,09:30:02,$ 3633.31,1
989,09:30:02,$ 3633.31,2
990,09:30:02,$ 3633.31,1
991,09:30:02,$ 3633.31,9
992,09:30:02,$ 3633.31,8
993,09:30:02,$ 3633.31,1
994,09:30:02,$ 3633.31,1
995,09:30:02,$ 3633.31,1
996,09:30:02,$ 3633.31,1
997,09:30:02,$ 3633.31,35
998,09:30:02,$ 3633.31,7
999,09:30:02,$ 3633.31,3
1000,09:30:02,$ 3633.31,1
1001,09:30:02,$ 3633.31,2
1002,09:30:02,$ 3633.31,10
1003,09:30:02,$ 3633.31,30
1004,09:30:02,$ 3633.31,1
1005,09:30:02,$ 3633.31,4
1006,09:30:02,$ 3633.31,1
1007,09:30:02,$ 3633.31,1
1009,09:30:02,$ 3633.31,20
1010,09:30:02,$ 3633.31,1
1011,09:30:02,$ 3633.31,1
1012,09:30:02,$ 3633.31,1
1013,09:30:02,$ 3633.31,3
1014,09:30:02,$ 3633.31,2
1015,09:30:02,$ 3633.31,4
1016,09:30:02,$ 3633.31,5
1017,09:30:02,$ 3633.31,10
1018,09:30:02,$ 3633.31,20
1019,09:30:02,$ 3633.31,2
1020,09:30:02,$ 3633.31,10
1021,09:30:02,$ 3633.31,1
1022,09:30:02,$ 3633.31,4
1023,09:30:02,$ 3633.31,3
1024,09:30:02,$ 3633.31,1
1025,09:30:02,$ 3633.31,8
1026,09:30:02,$ 3633.31,2
1027,09:30:02,$ 3633.31,1
1028,09:30:02,$ 3633.31,1
1030,09:30:02,$ 3633.31,1
1031,09:30:02,$ 3633.31,7
1032,09:30:02,$ 3633.31,2
1033,09:30:02,$ 3633.31,1
1034,09:30:02,$ 3633.31,1
1035,09:30:02,$ 3633.31,1
1036,09:30:02,$ 3633.31,5
1037,09:30:02,$ 3633.31,2
1038,09:30:02,$ 3633.31,"6,086"
1039,09:30:02,$ 3633.31,1
1040,09:30:02,$ 3633.31,4
1041,09:30:02,$ 3633.31,3
1042,09:30:02,$ 3633.31,1
1043,09:30:02,$ 3633.31,1
1044,09:30:02,$ 3633.31,2
1045,09:30:02,$ 3633.31,1
1046,09:30:02,$ 3633.31,1
1047,09:30:02,$ 3633.31,1
1048,09:30:02,$ 3633.31,1
1049,09:30:02,$ 3633.31,1
1051,09:30:02,$ 3633.31,10
1052,09:30:02,$ 3633.31,1
1053,09:30:02,$ 3633.31,1
1054,09:30:02,$ 3633.31,1
1055,09:30:02,$ 3633.31,2
1056,09:30:02,$ 3633.31,1
1057,09:30:02,$ 3633.31,64
1058,09:30:02,$ 3633.31,1
1059,09:30:02,$ 3633.31,1
1060,09:30:02,$ 3633.31,1
1061,09:30:02,$ 3633.31,2
1062,09:30:02,$ 3633.31,2
1063,09:30:02,$ 3633.31,2
1064,09:30:02,$ 3633.31,3
1065,09:30:02,$ 3633.31,1
1066,09:30:02,$ 3633.31,1
1067,09:30:02,$ 3633.31,7
1068,09:30:02,$ 3633.31,10
1069,09:30:02,$ 3633.31,20
1070,09:30:02,$ 3633.31,5
1072,09:30:02,$ 3633.31,10
1073,09:30:02,$ 3633.31,4
1074,09:30:02,$ 3633.31,1
1075,09:30:02,$ 3633.31,1
1076,09:30:02,$ 3633.31,10
1077,09:30:02,$ 3633.31,12
1078,09:30:02,$ 3633.31,1
1079,09:30:02,$ 3633.31,1
1080,09:30:02,$ 3633.31,1
1081,09:30:02,$ 3633.31,1
1082,09:30:02,$ 3633.31,5
1083,09:30:02,$ 3633.31,1
1084,09:30:02,$ 3633.31,5
1085,09:30:02,$ 3633.31,1
1086,09:30:02,$ 3633.31,1
1087,09:30:02,$ 3633.31,6
1088,09:30:02,$ 3633.31,30
1089,09:30:02,$ 3633.31,15
1090,09:30:02,$ 3633.31,8
1091,09:30:02,$ 3633.31,5
1093,09:30:02,$ 3633.31,22
1094,09:30:02,$ 3633.31,850
1095,09:30:02,$ 3633.31,3
1096,09:30:02,$ 3633.31,30
1097,09:30:02,$ 3633.31,2
1098,09:30:02,$ 3633.31,30
1099,09:30:02,$ 3633.31,29
1100,09:30:02,$ 3633.31,20
1101,09:30:02,$ 3633.31,8
1102,09:30:02,$ 3633.31,10
1103,09:30:02,$ 3633.31,1
1104,09:30:02,$ 3633.31,1
1105,09:30:02,$ 3633.31,1
1106,09:30:02,$ 3633.31,3
1107,09:30:02,$ 3633.31,100
1108,09:30:02,$ 3633.31,1
1109,09:30:02,$ 3633.31,12
1110,09:30:02,$ 3633.31,2
1111,09:30:02,$ 3633.31,4
1112,09:30:02,$ 3633.31,2
1114,09:30:02,$ 3633.31,3
1115,09:30:02,$ 3633.31,2
1116,09:30:02,$ 3633.31,1
1117,09:30:02,$ 3633.31,1
1118,09:30:02,$ 3633.31,9
1119,09:30:02,$ 3633.31,1
1120,09:30:02,$ 3633.31,3
1121,09:30:02,$ 3633.31,15
1122,09:30:02,$ 3633.31,5
1123,09:30:02,$ 3633.31,9
1124,09:30:02,$ 3633.31,2
1125,09:30:02,$ 3633.31,16
1126,09:30:02,$ 3633.31,5
1127,09:30:02,$ 3633.31,7
1128,09:30:02,$ 3633.31,75
1129,09:30:02,$ 3633.31,13
1130,09:30:02,$ 3633.31,98
1131,09:30:02,$ 3633.31,5
1132,09:30:02,$ 3633.31,6
1133,09:30:02,$ 3633.31,13
1135,09:30:02,$ 3633.31,2
1136,09:30:02,$ 3633.31,16
1137,09:30:02,$ 3633.31,40
1138,09:30:02,$ 3633.31,6
1139,09:30:02,$ 3633.31,5
1140,09:30:02,$ 3633.31,10
1141,09:30:02,$ 3633.31,7
1142,09:30:02,$ 3633.31,5
1143,09:30:02,$ 3633.31,1
1144,09:30:02,$ 3633.31,1
1145,09:30:02,$ 3633.31,3
1146,09:30:02,$ 3633.31,5
1147,09:30:02,$ 3633.31,7
1148,09:30:02,$ 3633.31,1
1149,09:30:02,$ 3633.31,1
1150,09:30:02,$ 3633.31,2
1151,09:30:02,$ 3633.31,2
1152,09:30:02,$ 3633.31,1
1153,09:30:02,$ 3633.31,2
1154,09:30:02,$ 3633.31,2
1156,09:30:02,$ 3633.31,2
1157,09:30:02,$ 3633.31,1
1158,09:30:02,$ 3633.31,2
1159,09:30:02,$ 3633.31,2
1160,09:30:02,$ 3633.31,6
1161,09:30:02,$ 3633.31,2
1162,09:30:02,$ 3633.31,4
1163,09:30:02,$ 3633.31,2
1164,09:30:02,$ 3633.31,1
1165,09:30:02,$ 3633.31,1
1166,09:30:02,$ 3633.31,1
1167,09:30:02,$ 3633.31,2
1168,09:30:02,$ 3633.31,1
1169,09:30:02,$ 3633.31,1
1170,09:30:02,$ 3633.31,1
1171,09:30:02,$ 3633.31,1
1172,09:30:02,$ 3633.31,24
1173,09:30:02,$ 3633.31,13
1174,09:30:02,$ 3633.31,1
1175,09:30:02,$ 3633.31,1
1177,09:30:02,$ 3633.31,11
1178,09:30:02,$ 3633.31,1
1179,09:30:02,$ 3633.31,27
1180,09:30:02,$ 3633.31,2
1181,09:30:02,$ 3633.31,1
1182,09:30:02,$ 3633.31,3
1183,09:30:02,$ 3633.31,1
1184,09:30:02,$ 3633.31,1
1185,09:30:02,$ 3633.31,3
1186,09:30:02,$ 3633.31,1
1187,09:30:02,$ 3633.31,63
1188,09:30:02,$ 3633.31,26
1189,09:30:02,$ 3633.31,3
1190,09:30:02,$ 3633.31,1
1191,09:30:02,$ 3633.31,2
1192,09:30:02,$ 3633.31,500
1193,09:30:02,$ 3633.31,4
1194,09:30:02,$ 3633.31,10
1195,09:30:02,$ 3633.31,3
1196,09:30:02,$ 3633.31,1
1198,09:30:02,$ 3633.31,2
1199,09:30:02,$ 3633.31,4
1200,09:30:02,$ 3633.31,2
1201,09:30:02,$ 3633.31,4
1202,09:30:02,$ 3633.31,14
1203,09:30:02,$ 3633.31,3
1204,09:30:02,$ 3633.31,200
1205,09:30:02,$ 3633.31,2
1206,09:30:02,$ 3633.31,1
1207,09:30:02,$ 3633.31,5
1208,09:30:02,$ 3633.31,7
1209,09:30:02,$ 3633.31,22
1210,09:30:02,$ 3633.31,1
1211,09:30:02,$ 3633.31,1
1212,09:30:02,$ 3633.31,2
1213,09:30:02,$ 3633.31,30
1214,09:30:02,$ 3633.31,7
1215,09:30:02,$ 3633.31,2
1216,09:30:02,$ 3633.31,14
1217,09:30:02,$ 3633.31,4
1219,09:30:02,$ 3633.31,1
1220,09:30:02,$ 3633.31,1
1221,09:30:02,$ 3633.31,1
1222,09:30:02,$ 3633.31,1
1223,09:30:02,$ 3633.31,3
1224,09:30:02,$ 3633.31,5
1225,09:30:02,$ 3633.31,11
1226,09:30:02,$ 3633.31,3
1227,09:30:02,$ 3633.31,18
1228,09:30:02,$ 3633.31,60
1229,09:30:02,$ 3633.31,10
1230,09:30:02,$ 3633.31,10
1231,09:30:02,$ 3633.31,7
1232,09:30:02,$ 3633.31,1
1233,09:30:02,$ 3633.31,1
1234,09:30:02,$ 3633.31,2
1235,09:30:02,$ 3633.31,1
1236,09:30:02,$ 3633.31,4
1237,09:30:02,$ 3633.31,14
1238,09:30:02,$ 3633.31,1
1240,09:30:02,$ 3633.31,1
1241,09:30:02,$ 3633.31,10
1242,09:30:02,$ 3633.31,1
1243,09:30:02,$ 3633.31,2
1244,09:30:02,$ 3633.31,1
1245,09:30:02,$ 3633.31,20
1246,09:30:02,$ 3633.31,4
1247,09:30:02,$ 3633.31,2
1248,09:30:02,$ 3633.31,1
1249,09:30:02,$ 3633.31,3
1250,09:30:02,$ 3633.31,1
1251,09:30:02,$ 3633.31,3
1252,09:30:02,$ 3633.31,1
1253,09:30:02,$ 3633.31,13
1254,09:30:02,$ 3633.31,20
1255,09:30:02,$ 3633.31,3
1256,09:30:02,$ 3633.31,3
1257,09:30:02,$ 3633.31,1
1258,09:30:02,$ 3635.14,100
1259,09:30:02,$ 3633.31,5
1261,09:30:02,$ 3633.31,2
1262,09:30:02,$ 3633.31,1
1263,09:30:02,$ 3633.31,400
1264,09:30:02,$ 3633.31,1
1265,09:30:02,$ 3633.31,2
1266,09:30:02,$ 3633.31,1
1267,09:30:02,$ 3633.31,1
1268,09:30:02,$ 3633.31,5
1269,09:30:02,$ 3633.31,2
1270,09:30:02,$ 3633.31,1
1271,09:30:02,$ 3633.31,40
1272,09:30:02,$ 3633.31,25
1273,09:30:02,$ 3633.31,2
1274,09:30:02,$ 3633.31,25
1275,09:30:02,$ 3633.31,5
1276,09:30:02,$ 3633.31,2
1277,09:30:02,$ 3633.31,6
1278,09:30:02,$ 3633.31,1
1279,09:30:02,$ 3633.31,18
1280,09:30:02,$ 3633.31,18
1282,09:30:02,$ 3633.31,24
1283,09:30:02,$ 3633.31,19
1284,09:30:02,$ 3633.31,23
1285,09:30:02,$ 3633.31,2
1286,09:30:02,$ 3633.31,25
1287,09:30:02,$ 3633.31,40
1288,09:30:02,$ 3633.31,1
1289,09:30:02,$ 3633.31,63
1290,09:30:02,$ 3633.31,1
1291,09:30:02,$ 3633.31,1
1292,09:30:02,$ 3633.31,25
1293,09:30:02,$ 3633.31,83
1294,09:30:02,$ 3633.31,5
1295,09:30:02,$ 3633.31,2
1296,09:30:02,$ 3633.31,1
1297,09:30:02,$ 3633.31,1
1298,09:30:02,$ 3633.31,1
1299,09:30:02,$ 3633.31,17
1300,09:30:02,$ 3633.31,511
1301,09:30:02,$ 3633.31,5
1303,09:30:02,$ 3633.31,1
1304,09:30:02,$ 3633.31,10
1305,09:30:02,$ 3633.31,1
1306,09:30:02,$ 3633.31,1
1307,09:30:02,$ 3633.31,1
1308,09:30:02,$ 3633.31,3
1309,09:30:02,$ 3633.31,7
1310,09:30:02,$ 3633.31,13
1311,09:30:02,$ 3633.31,1
1312,09:30:02,$ 3633.31,1
1313,09:30:02,$ 3633.31,15
1314,09:30:02,$ 3633.31,113
1315,09:30:02,$ 3633.31,1
1316,09:30:02,$ 3633.31,2
1317,09:30:02,$ 3633.31,29
1318,09:30:02,$ 3633.31,1
1319,09:30:02,$ 3633.31,1
1320,09:30:02,$ 3633.31,5
1321,09:30:02,$ 3633.31,18
1322,09:30:02,$ 3633.31,11
1324,09:30:02,$ 3633.31,2
1325,09:30:02,$ 3633.31,1
1326,09:30:02,$ 3633.31,1
1327,09:30:02,$ 3633.31,20
1328,09:30:02,$ 3633.31,17
1329,09:30:02,$ 3633.31,4
1330,09:30:02,$ 3633.31,4
1331,09:30:02,$ 3633.31,4
1332,09:30:02,$ 3633.31,10
1333,09:30:02,$ 3633.31,3
1334,09:30:02,$ 3633.31,131
1335,09:30:02,$ 3633.31,3
1336,09:30:02,$ 3633.31,1
1337,09:30:02,$ 3633.31,1
1338,09:30:02,$ 3633.31,50
1339,09:30:02,$ 3633.31,10
1340,09:30:02,$ 3633.31,1
1341,09:30:02,$ 3633.31,13
1342,09:30:02,$ 3633.31,1
1343,09:30:02,$ 3633.31,25
1345,09:30:02,$ 3633.31,1
1346,09:30:02,$ 3633.31,28
1347,09:30:02,$ 3633.31,6
1348,09:30:02,$ 3633.31,"3,100"
1349,09:30:02,$ 3633.31,5
1350,09:30:02,$ 3633.31,1
1351,09:30:02,$ 3633.31,39
1352,09:30:02,$ 3633.31,1
1353,09:30:02,$ 3633.31,1
1354,09:30:02,$ 3633.31,1
1355,09:30:02,$ 3633.31,1
1356,09:30:02,$ 3633.31,"6,578"
1357,09:30:02,$ 3633.31,4
1358,09:30:02,$ 3633.31,3
1359,09:30:02,$ 3633.31,10
1360,09:30:02,$ 3633.31,1
1361,09:30:02,$ 3633.31,1
1362,09:30:02,$ 3633.31,1
1363,09:30:02,$ 3633.31,1
1364,09:30:02,$ 3633.31,4
1366,09:30:02,$ 3633.31,8
1367,09:30:02,$ 3633.31,1
1368,09:30:02,$ 3633.31,2
1369,09:30:02,$ 3633.31,1
1370,09:30:02,$ 3633.31,1
1371,09:30:02,$ 3633.31,200
1372,09:30:02,$ 3633.31,10
1373,09:30:02,$ 3633.31,1
1374,09:30:02,$ 3633.31,1
1375,09:30:02,$ 3633.31,25
1376,09:30:02,$ 3633.31,2
1377,09:30:02,$ 3633.31,2
1378,09:30:02,$ 3633.31,8
1379,09:30:02,$ 3633.31,1
1380,09:30:02,$ 3633.31,"8,100"
1381,09:30:02,$ 3633.31,3
1382,09:30:02,$ 3633.31,12
1383,09:30:02,$ 3633.31,5
1384,09:30:02,$ 3633.31,10
1385,09:30:02,$ 3633.31,3
1387,09:30:02,$ 3633.31,1
1388,09:30:02,$ 3633.31,1
1389,09:30:02,$ 3633.31,2
1390,09:30:02,$ 3633.31,11
1391,09:30:02,$ 3633.31,1
1392,09:30:02,$ 3633.31,49
1393,09:30:02,$ 3633.31,4
1394,09:30:02,$ 3633.31,8
1395,09:30:02,$ 3633.31,7
1396,09:30:02,$ 3633.31,8
1397,09:30:02,$ 3633.31,1
1398,09:30:02,$ 3633.31,3
1399,09:30:02,$ 3633.31,12
1400,09:30:02,$ 3633.31,2
1401,09:30:02,$ 3633.31,1
1402,09:30:02,$ 3633.31,8
1403,09:30:02,$ 3633.31,1
1404,09:30:02,$ 3633.31,1
1405,09:30:02,$ 3633.31,2
1406,09:30:02,$ 3633.31,1
1408,09:30:02,$ 3633.31,2
1409,09:30:02,$ 3633.31,1
1410,09:30:02,$ 3633.31,1
1411,09:30:02,$ 3633.31,1
1412,09:30:02,$ 3633.31,1
1413,09:30:02,$ 3633.31,3
1414,09:30:02,$ 3633.31,1
1415,09:30:02,$ 3633.31,15
1416,09:30:02,$ 3633.31,2
1417,09:30:02,$ 3633.31,1
1418,09:30:02,$ 3633.31,1
1419,09:30:02,$ 3633.31,2
1420,09:30:02,$ 3633.31,1
1421,09:30:02,$ 3633.31,5
1422,09:30:02,$ 3633.31,"1,263"
1423,09:30:02,$ 3633.31,1
1424,09:30:02,$ 3633.31,1
1425,09:30:02,$ 3633.31,1
1426,09:30:02,$ 3633.31,1
1427,09:30:02,$ 3633.31,4
1429,09:30:02,$ 3633.31,15
1430,09:30:02,$ 3633.31,1
1431,09:30:02,$ 3633.31,20
1432,09:30:02,$ 3633.31,22
1433,09:30:02,$ 3633.31,1
1434,09:30:02,$ 3633.31,1
1435,09:30:02,$ 3633.31,1
1436,09:30:02,$ 3633.31,10
1437,09:30:02,$ 3633.31,17
1438,09:30:02,$ 3633.31,25
1439,09:30:02,$ 3633.31,1
1440,09:30:02,$ 3633.31,3
1441,09:30:02,$ 3633.31,3
1442,09:30:02,$ 3633.31,1
1443,09:30:02,$ 3633.31,1
1444,09:30:02,$ 3633.31,10
1445,09:30:02,$ 3633.31,2
1446,09:30:02,$ 3633.31,1
1447,09:30:02,$ 3633.31,1
1448,09:30:02,$ 3633.31,3
1450,09:30:02,$ 3633.31,4
1451,09:30:02,$ 3633.31,1
1452,09:30:02,$ 3633.31,1
1453,09:30:02,$ 3633.31,1
1454,09:30:02,$ 3633.31,9
1455,09:30:02,$ 3633.31,"1,902"
1456,09:30:02,$ 3633.31,87
1457,09:30:02,$ 3633.31,11
1458,09:30:02,$ 3633.31,11
1459,09:30:02,$ 3633.31,7
1460,09:30:02,$ 3633.31,1
1461,09:30:02,$ 3633.31,2
1462,09:30:02,$ 3633.31,1
1463,09:30:02,$ 3633.31,1
1464,09:30:02,$ 3633.31,7
1465,09:30:02,$ 3633.31,1
1466,09:30:02,$ 3633.31,20
1467,09:30:02,$ 3633.31,1
1468,09:30:02,$ 3633.31,4
1469,09:30:02,$ 3633.31,2
1471,09:30:02,$ 3633.31,2
1472,09:30:02,$ 3633.31,1
1473,09:30:02,$ 3633.31,1
1474,09:30:02,$ 3633.31,1
1475,09:30:02,$ 3633.31,7
1476,09:30:02,$ 3633.31,3
1477,09:30:02,$ 3633.31,158
1478,09:30:02,$ 3633.31,4
1479,09:30:02,$ 3633.31,1
1480,09:30:02,$ 3633.31,1
1481,09:30:02,$ 3633.31,1
1482,09:30:02,$ 3633.31,9
1483,09:30:02,$ 3633.31,1
1484,09:30:02,$ 3633.31,15
1485,09:30:02,$ 3633.31,1
1486,09:30:02,$ 3633.31,1
1487,09:30:02,$ 3633.31,1
1488,09:30:02,$ 3633.31,3
1489,09:30:02,$ 3633.31,30
1490,09:30:02,$ 3633.31,5
1492,09:30:02,$ 3633.31,10
1493,09:30:02,$ 3633.31,2
1494,09:30:02,$ 3633.31,18
1495,09:30:02,$ 3633.31,2
1496,09:30:02,$ 3633.31,1
1497,09:30:02,$ 3633.31,1
1498,09:30:02,$ 3633.31,2
1499,09:30:02,$ 3633.31,1
1500,09:30:02,$ 3633.31,1
1501,09:30:02,$ 3633.31,1
1502,09:30:02,$ 3633.31,100
1503,09:30:02,$ 3633.31,1
1504,09:30:02,$ 3633.31,4
1505,09:30:02,$ 3633.31,2
1506,09:30:02,$ 3633.31,8
1507,09:30:02,$ 3633.31,1
1508,09:30:02,$ 3633.31,1
1509,09:30:02,$ 3633.31,1
1510,09:30:02,$ 3633.31,25
1511,09:30:02,$ 3633.31,9
1513,09:30:02,$ 3633.31,1
1514,09:30:02,$ 3633.31,2
1515,09:30:02,$ 3633.31,3
1516,09:30:02,$ 3633.31,1
1517,09:30:02,$ 3633.31,4
1518,09:30:02,$ 3633.31,4
1519,09:30:02,$ 3633.31,3
1520,09:30:02,$ 3633.31,5
1521,09:30:02,$ 3633.31,1
1522,09:30:02,$ 3633.31,1
1523,09:30:02,$ 3633.31,2
1524,09:30:02,$ 3633.31,15
1525,09:30:02,$ 3633.31,2
1526,09:30:02,$ 3633.31,1
1527,09:30:02,$ 3633.31,3
1528,09:30:02,$ 3633.31,1
1529,09:30:02,$ 3633.31,8
1530,09:30:02,$ 3633.31,1
1531,09:30:02,$ 3633.31,2
1532,09:30:02,$ 3633.31,5
1534,09:30:02,$ 3633.31,1
1535,09:30:02,$ 3633.31,2
1536,09:30:02,$ 3633.31,1
1537,09:30:02,$ 3633.31,1
1538,09:30:02,$ 3633.31,4
1539,09:30:02,$ 3633.31,3
1540,09:30:02,$ 3633.31,1
1541,09:30:02,$ 3633.31,3
1542,09:30:02,$ 3633.31,1
1543,09:30:02,$ 3633.31,10
1544,09:30:02,$ 3633.31,2
1545,09:30:02,$ 3633.31,100
1546,09:30:02,$ 3633.31,1
1547,09:30:02,$ 3633.31,2
1548,09:30:02,$ 3633.31,1
1549,09:30:02,$ 3633.31,1
1550,09:30:02,$ 3633.31,50
1551,09:30:02,$ 3633.31,3
1552,09:30:02,$ 3633.31,1
1553,09:30:02,$ 3633.31,3
1555,09:30:02,$ 3633.31,1
1556,09:30:02,$ 3633.31,1
1557,09:30:02,$ 3633.31,"1,015"
1558,09:30:02,$ 3633.31,164
1559,09:30:02,$ 3633.31,2
1560,09:30:02,$ 3633.31,1
1561,09:30:02,$ 3633.31,3
1562,09:30:02,$ 3633.31,10
1563,09:30:02,$ 3633.31,10
1564,09:30:02,$ 3633.31,1
1565,09:30:02,$ 3633.31,1
1566,09:30:02,$ 3633.31,4
1567,09:30:02,$ 3633.31,46
1568,09:30:02,$ 3633.31,6
1569,09:30:02,$ 3633.31,1
1570,09:30:02,$ 3633.31,1
1571,09:30:02,$ 3633.31,1
1572,09:30:02,$ 3633.31,24
1573,09:30:02,$ 3633.31,12
1574,09:30:02,$ 3633.31,1
1576,09:30:02,$ 3633.31,8
1577,09:30:02,$ 3633.31,11
1578,09:30:02,$ 3633.31,6
1579,09:30:02,$ 3633.31,1
1580,09:30:02,$ 3633.31,8
1581,09:30:02,$ 3633.31,5
1582,09:30:02,$ 3633.31,5
1583,09:30:02,$ 3633.31,5
1584,09:30:02,$ 3633.31,55
1585,09:30:02,$ 3633.31,5
1586,09:30:02,$ 3633.31,5
1587,09:30:02,$ 3633.31,50
1588,09:30:02,$ 3633.31,1
1589,09:30:02,$ 3633.31,5
1590,09:30:02,$ 3633.31,4
1591,09:30:02,$ 3633.31,6
1592,09:30:02,$ 3633.31,1
1593,09:30:02,$ 3633.31,8
1594,09:30:02,$ 3633.31,28
1595,09:30:02,$ 3633.31,3
1597,09:30:02,$ 3633.31,7
1598,09:30:02,$ 3633.31,150
1599,09:30:02,$ 3633.31,7
1600,09:30:02,$ 3633.31,27
1601,09:30:02,$ 3633.31,20
1602,09:30:02,$ 3633.31,5
1603,09:30:02,$ 3633.31,3
1604,09:30:02,$ 3633.31,1
1605,09:30:02,$ 3633.31,3
1606,09:30:02,$ 3633.31,6
1607,09:30:02,$ 3633.31,1
1608,09:30:02,$ 3633.31,1
1609,09:30:02,$ 3633.31,"2,000"
1610,09:30:02,$ 3633.31,1
1611,09:30:02,$ 3633.31,1
1612,09:30:02,$ 3633.31,1
1613,09:30:02,$ 3633.31,1
1614,09:30:02,$ 3633.31,21
1615,09:30:02,$ 3633.31,1
1616,09:30:02,$ 3633.31,17
1618,09:30:02,$ 3633.31,4
1619,09:30:02,$ 3633.31,1
1620,09:30:02,$ 3633.31,1
1621,09:30:02,$ 3633.31,1
1622,09:30:02,$ 3633.31,1
1623,09:30:02,$ 3633.31,1
1624,09:30:02,$ 3633.31,12
1625,09:30:02,$ 3633.31,97
1626,09:30:02,$ 3633.31,1
1627,09:30:02,$ 3633.31,2
1628,09:30:02,$ 3633.31,2
1629,09:30:02,$ 3633.31,2
1630,09:30:02,$ 3633.31,187
1631,09:30:02,$ 3633.31,3
1632,09:30:02,$ 3633.31,1
1633,09:30:02,$ 3633.31,1
1634,09:30:02,$ 3633.31,2
1635,09:30:02,$ 3633.31,1
1636,09:30:02,$ 3633.31,2
1637,09:30:02,$ 3633.31,5
1639,09:30:02,$ 3633.31,4
1640,09:30:02,$ 3633.31,1
1641,09:30:02,$ 3633.31,3
1642,09:30:02,$ 3633.31,1
1643,09:30:02,$ 3633.31,1
1644,09:30:02,$ 3633.31,1
1645,09:30:02,$ 3633.31,1
1646,09:30:02,$ 3633.31,1
1647,09:30:02,$ 3633.31,1
1648,09:30:02,$ 3633.31,4
1649,09:30:02,$ 3633.31,1
1650,09:30:02,$ 3633.31,2
1651,09:30:02,$ 3633.31,1
1652,09:30:02,$ 3633.31,1
1653,09:30:02,$ 3633.31,1
1654,09:30:02,$ 3633.31,1
1655,09:30:02,$ 3633.31,10
1656,09:30:02,$ 3633.31,1
1657,09:30:02,$ 3633.31,1
1658,09:30:02,$ 3633.31,2
1660,09:30:02,$ 3633.31,1
1661,09:30:02,$ 3633.31,2
1662,09:30:02,$ 3633.31,2
1663,09:30:02,$ 3633.31,1
1664,09:30:02,$ 3633.31,1
1665,09:30:02,$ 3633.31,1
1666,09:30:02,$ 3633.31,2
1667,09:30:02,$ 3633.31,1
1668,09:30:02,$ 3633.31,5
1669,09:30:02,$ 3633.31,2
1670,09:30:02,$ 3633.31,1
1671,09:30:02,$ 3633.31,6
1672,09:30:02,$ 3633.31,1
1673,09:30:02,$ 3633.31,3
1674,09:30:02,$ 3633.31,15
1675,09:30:02,$ 3633.31,4
1676,09:30:02,$ 3633.31,20
1677,09:30:02,$ 3633.31,20
1678,09:30:02,$ 3633.31,2
1679,09:30:02,$ 3633.31,4
1681,09:30:02,$ 3633.31,1
1682,09:30:02,$ 3633.31,3
1683,09:30:02,$ 3633.31,1
1684,09:30:02,$ 3633.31,25
1685,09:30:02,$ 3633.31,10
1686,09:30:02,$ 3633.31,6
1687,09:30:02,$ 3633.31,1
1688,09:30:02,$ 3633.31,4
1689,09:30:02,$ 3633.31,1
1690,09:30:02,$ 3633.31,1
1691,09:30:02,$ 3633.31,3
1692,09:30:02,$ 3633.31,30
1693,09:30:02,$ 3633.31,50
1694,09:30:02,$ 3633.31,23
1695,09:30:02,$ 3633.31,2
1696,09:30:02,$ 3633.31,10
1697,09:30:02,$ 3633.31,1
1698,09:30:02,$ 3633.31,2
1699,09:30:02,$ 3633.31,1
1700,09:30:02,$ 3633.31,1
1702,09:30:02,$ 3633.31,4
1703,09:30:02,$ 3633.31,4
1704,09:30:02,$ 3633.31,2
1705,09:30:02,$ 3633.31,4
1706,09:30:02,$ 3633.31,1
1707,09:30:02,$ 3633.31,1
1708,09:30:02,$ 3633.31,2
1709,09:30:02,$ 3633.31,1
1710,09:30:02,$ 3633.31,5
1711,09:30:02,$ 3633.31,2
1712,09:30:02,$ 3633.31,1
1713,09:30:02,$ 3633.31,4
1714,09:30:02,$ 3633.31,2
1715,09:30:02,$ 3633.31,1
1716,09:30:02,$ 3633.31,2
1717,09:30:02,$ 3633.31,1
1718,09:30:02,$ 3633.31,2
1719,09:30:02,$ 3633.31,1
1720,09:30:02,$ 3633.31,1
1721,09:30:02,$ 3633.31,2
1723,09:30:02,$ 3633.31,2
1724,09:30:02,$ 3633.31,1
1725,09:30:02,$ 3633.31,1
1726,09:30:02,$ 3633.31,1
1727,09:30:02,$ 3633.31,2
1728,09:30:02,$ 3633.31,1
1729,09:30:02,$ 3633.31,3
1730,09:30:02,$ 3633.31,1
1731,09:30:02,$ 3633.31,1
1732,09:30:02,$ 3633.31,1
1733,09:30:02,$ 3633.31,4
1734,09:30:02,$ 3633.31,3
1735,09:30:02,$ 3633.31,5
1736,09:30:02,$ 3633.31,2
1737,09:30:02,$ 3633.31,5
1738,09:30:02,$ 3633.31,2
1739,09:30:02,$ 3633.31,7
1740,09:30:02,$ 3633.31,2
1741,09:30:02,$ 3633.31,2
1742,09:30:02,$ 3633.31,1
1744,09:30:02,$ 3633.31,1
1745,09:30:02,$ 3633.31,2
1746,09:30:02,$ 3633.31,1
1747,09:30:02,$ 3633.31,3
1748,09:30:02,$ 3633.31,1
1749,09:30:02,$ 3633.31,1
1750,09:30:02,$ 3633.31,1
1751,09:30:02,$ 3633.31,14
1752,09:30:02,$ 3633.31,35
1753,09:30:02,$ 3633.31,27
1754,09:30:02,$ 3633.31,2
1755,09:30:02,$ 3633.31,8
1756,09:30:02,$ 3633.31,3
1757,09:30:02,$ 3633.31,3
1758,09:30:02,$ 3633.31,3
1759,09:30:02,$ 3633.31,1
1760,09:30:02,$ 3633.31,1
1761,09:30:02,$ 3633.31,24
1762,09:30:02,$ 3633.31,1
1763,09:30:02,$ 3633.31,2
1765,09:30:02,$ 3633.31,1
1766,09:30:02,$ 3633.31,2
1767,09:30:02,$ 3633.31,1
1768,09:30:02,$ 3633.31,10
1769,09:30:02,$ 3633.31,4
1770,09:30:02,$ 3633.31,1
1771,09:30:02,$ 3633.31,1
1772,09:30:02,$ 3633.31,1
1773,09:30:02,$ 3633.31,1
1774,09:30:02,$ 3633.31,1
1775,09:30:02,$ 3633.31,101
1776,09:30:02,$ 3633.31,1
1777,09:30:02,$ 3633.31,1
1778,09:30:02,$ 3633.31,1
1779,09:30:02,$ 3633.31,1
1780,09:30:02,$ 3633.31,761
1781,09:30:02,$ 3633.31,3
1782,09:30:02,$ 3633.31,1
1783,09:30:02,$ 3633.31,1
1784,09:30:02,$ 3633.31,2
1786,09:30:02,$ 3633.31,4
1787,09:30:02,$ 3633.31,1
1788,09:30:02,$ 3633.31,1
1789,09:30:02,$ 3633.31,3
1790,09:30:02,$ 3633.31,1
1791,09:30:02,$ 3633.31,"7,149"
1792,09:30:02,$ 3633.31,2
1793,09:30:02,$ 3633.31,1
1794,09:30:02,$ 3633.31,2
1795,09:30:02,$ 3633.31,10
1796,09:30:02,$ 3633.31,1
1797,09:30:02,$ 3633.31,4
1798,09:30:02,$ 3633.31,1
1799,09:30:02,$ 3633.31,5
1800,09:30:02,$ 3633.31,1
1801,09:30:02,$ 3633.31,1
1802,09:30:02,$ 3633.31,1
1803,09:30:02,$ 3633.31,3
1804,09:30:02,$ 3633.31,1
1805,09:30:02,$ 3633.31,25
1807,09:30:02,$ 3633.31,5
1808,09:30:02,$ 3633.31,10
1809,09:30:02,$ 3633.31,1
1810,09:30:02,$ 3633.31,2
1811,09:30:02,$ 3633.31,3
1812,09:30:02,$ 3633.31,8
1813,09:30:02,$ 3633.31,1
1814,09:30:02,$ 3633.31,4
1815,09:30:02,$ 3633.31,1
1816,09:30:02,$ 3633.31,1
1817,09:30:02,$ 3633.31,2
1818,09:30:02,$ 3633.31,33
1819,09:30:02,$ 3633.31,1
1820,09:30:02,$ 3633.31,1
1821,09:30:02,$ 3633.31,28
1822,09:30:02,$ 3633.31,20
1823,09:30:02,$ 3633.31,2
1824,09:30:02,$ 3633.31,10
1825,09:30:02,$ 3633.31,2
1826,09:30:02,$ 3633.31,1
1828,09:30:02,$ 3633.31,1
1829,09:30:02,$ 3633.31,20
1830,09:30:02,$ 3633.31,20
1831,09:30:02,$ 3633.31,25
1832,09:30:02,$ 3633.31,2
1833,09:30:02,$ 3633.31,32
1834,09:30:02,$ 3633.31,1
1835,09:30:02,$ 3633.31,2
1836,09:30:02,$ 3633.31,15
1837,09:30:02,$ 3633.31,1
1838,09:30:02,$ 3633.31,5
1839,09:30:02,$ 3633.31,69
1840,09:30:02,$ 3633.31,1
1841,09:30:02,$ 3633.31,3
1842,09:30:02,$ 3633.31,3
1843,09:30:02,$ 3633.31,15
1844,09:30:02,$ 3633.31,1
1845,09:30:02,$ 3633.31,7
1846,09:30:02,$ 3633.31,3
1847,09:30:02,$ 3633.31,3
1849,09:30:02,$ 3633.31,2
1850,09:30:02,$ 3633.31,2
1851,09:30:02,$ 3633.31,18
1852,09:30:02,$ 3633.31,1
1853,09:30:02,$ 3633.31,3
1854,09:30:02,$ 3633.31,16
1855,09:30:02,$ 3633.31,1
1856,09:30:02,$ 3633.31,9
1857,09:30:02,$ 3633.31,4
1858,09:30:02,$ 3633.31,27
1859,09:30:02,$ 3633.31,8
1860,09:30:02,$ 3633.31,1
1861,09:30:02,$ 3633.31,218
1862,09:30:02,$ 3633.31,1
1863,09:30:02,$ 3633.31,15
1864,09:30:02,$ 3633.31,50
1865,09:30:02,$ 3633.31,1
1866,09:30:02,$ 3633.31,2
1867,09:30:02,$ 3633.31,1
1868,09:30:02,$ 3633.31,1
1870,09:30:02,$ 3633.31,1
1871,09:30:02,$ 3633.31,1
1872,09:30:02,$ 3633.31,1
1873,09:30:02,$ 3633.31,1
1874,09:30:02,$ 3633.31,1
1875,09:30:02,$ 3633.31,8
1876,09:30:02,$ 3633.31,5
1877,09:30:02,$ 3633.31,20
1878,09:30:02,$ 3633.31,2
1879,09:30:02,$ 3633.31,1
1880,09:30:02,$ 3633.31,244
1881,09:30:02,$ 3633.31,2
1882,09:30:02,$ 3633.31,3
1883,09:30:02,$ 3633.31,160
1884,09:30:02,$ 3633.31,10
1885,09:30:02,$ 3633.31,6
1886,09:30:02,$ 3633.31,4
1887,09:30:02,$ 3633.31,2
1888,09:30:02,$ 3633.31,1
1889,09:30:02,$ 3633.31,3
1891,09:30:02,$ 3633.31,6
1892,09:30:02,$ 3633.31,5
1893,09:30:02,$ 3633.31,70
1894,09:30:02,$ 3633.31,6
1895,09:30:02,$ 3633.31,1
1896,09:30:02,$ 3633.31,1
1897,09:30:02,$ 3633.31,1
1898,09:30:02,$ 3633.31,6
1899,09:30:02,$ 3633.31,4
1900,09:30:02,$ 3633.31,2
1901,09:30:02,$ 3633.31,1
1902,09:30:02,$ 3633.31,11
1903,09:30:02,$ 3633.31,2
1904,09:30:02,$ 3633.31,1
1905,09:30:02,$ 3633.31,10
1906,09:30:02,$ 3633.31,1
1907,09:30:02,$ 3633.31,1
1908,09:30:02,$ 3633.31,1
1909,09:30:02,$ 3633.31,1
1910,09:30:02,$ 3633.31,1
1912,09:30:02,$ 3633.31,20
1913,09:30:02,$ 3633.31,3
1914,09:30:02,$ 3633.31,1
1915,09:30:02,$ 3633.31,1
1916,09:30:02,$ 3633.31,5
1917,09:30:02,$ 3633.31,1
1918,09:30:02,$ 3633.31,2
1919,09:30:02,$ 3633.31,3
1920,09:30:02,$ 3633.31,4
1921,09:30:02,$ 3633.31,2
1922,09:30:02,$ 3633.31,6
1923,09:30:02,$ 3633.31,5
1924,09:30:02,$ 3633.31,1
1925,09:30:02,$ 3633.31,3
1926,09:30:02,$ 3633.31,10
1927,09:30:02,$ 3633.31,10
1928,09:30:02,$ 3633.31,1
1929,09:30:02,$ 3633.31,5
1930,09:30:02,$ 3633.31,3
1931,09:30:02,$ 3633.31,2
1933,09:30:02,$ 3633.31,1
1934,09:30:02,$ 3633.31,1
1935,09:30:02,$ 3633.31,1
1936,09:30:02,$ 3633.31,1
1937,09:30:02,$ 3633.31,1
1938,09:30:02,$ 3633.31,1
1939,09:30:02,$ 3633.31,1
1940,09:30:02,$ 3633.31,11
1941,09:30:02,$ 3633.31,1
1942,09:30:02,$ 3633.31,1
1943,09:30:02,$ 3633.31,1
1944,09:30:02,$ 3633.31,1
1945,09:30:02,$ 3633.31,1
1946,09:30:02,$ 3633.31,1
1947,09:30:02,$ 3633.31,1
1948,09:30:02,$ 3633.31,1
1949,09:30:02,$ 3633.31,1
1950,09:30:02,$ 3633.31,1
1951,09:30:02,$ 3633.31,1
1952,09:30:02,$ 3633.31,1
1954,09:30:02,$ 3633.31,1
1955,09:30:02,$ 3633.31,1
1956,09:30:02,$ 3633.31,1
1957,09:30:02,$ 3633.31,100
1958,09:30:02,$ 3633.31,1
1959,09:30:02,$ 3633.31,1
1960,09:30:02,$ 3633.31,1
1961,09:30:02,$ 3633.31,1
1962,09:30:02,$ 3633.31,1
1963,09:30:02,$ 3633.31,1
1964,09:30:02,$ 3633.31,1
1965,09:30:02,$ 3633.31,1
1966,09:30:02,$ 3633.31,1
1967,09:30:02,$ 3633.31,1
1968,09:30:02,$ 3633.31,1
1969,09:30:02,$ 3633.31,1
1970,09:30:02,$ 3633.31,1
1971,09:30:02,$ 3633.31,1
1972,09:30:02,$ 3633.31,1
1973,09:30:02,$ 3633.31,1
1975,09:30:02,$ 3633.31,1
1976,09:30:02,$ 3633.31,1
1977,09:30:02,$ 3633.31,1
1978,09:30:02,$ 3633.31,1
1979,09:30:02,$ 3633.31,1
1980,09:30:02,$ 3633.31,1
1981,09:30:02,$ 3633.31,1
1982,09:30:02,$ 3633.31,1
1983,09:30:02,$ 3633.31,1
1984,09:30:02,$ 3633.31,1
1985,09:30:02,$ 3633.31,1
1986,09:30:02,$ 3633.31,6
1987,09:30:02,$ 3633.31,1
1988,09:30:02,$ 3633.31,3
1989,09:30:02,$ 3633.31,19
1990,09:30:02,$ 3633.31,6
1991,09:30:02,$ 3633.31,1
1992,09:30:02,$ 3633.31,1
1993,09:30:02,$ 3633.31,1
1994,09:30:02,$ 3633.31,2
1996,09:30:02,$ 3633.31,2
1997,09:30:02,$ 3633.31,1
1998,09:30:02,$ 3633.31,1
1999,09:30:02,$ 3633.31,1
2000,09:30:02,$ 3633.31,1
2001,09:30:02,$ 3633.31,1
2002,09:30:02,$ 3633.31,5
2003,09:30:02,$ 3633.31,2
2004,09:30:02,$ 3633.31,5
2005,09:30:02,$ 3633.31,1
2006,09:30:02,$ 3633.31,2
2007,09:30:02,$ 3633.31,2
2008,09:30:02,$ 3633.31,4
2009,09:30:02,$ 3633.31,1
2010,09:30:02,$ 3633.31,6
2011,09:30:02,$ 3633.31,5
2012,09:30:02,$ 3633.31,1
2013,09:30:02,$ 3633.31,5
2014,09:30:02,$ 3633.31,1
2015,09:30:02,$ 3633.31,1
2017,09:30:02,$ 3633.31,1
2018,09:30:02,$ 3633.31,1
2019,09:30:02,$ 3633.31,1
2020,09:30:02,$ 3633.31,2
2021,09:30:02,$ 3633.31,2
2022,09:30:02,$ 3633.31,1
2023,09:30:02,$ 3633.31,7
2024,09:30:02,$ 3633.31,2
2025,09:30:02,$ 3633.31,5
2026,09:30:02,$ 3633.31,2
2027,09:30:02,$ 3633.31,1
2028,09:30:02,$ 3633.31,1
2029,09:30:02,$ 3633.31,4
2030,09:30:02,$ 3633.31,4
2031,09:30:02,$ 3633.31,1
2032,09:30:02,$ 3633.31,3
2033,09:30:02,$ 3633.31,2
2034,09:30:02,$ 3633.31,1
2035,09:30:02,$ 3633.31,5
2036,09:30:02,$ 3633.31,1
2038,09:30:02,$ 3633.31,150
2039,09:30:02,$ 3633.31,2
2040,09:30:02,$ 3633.31,2
2041,09:30:02,$ 3633.31,20
2042,09:30:02,$ 3633.31,1
2043,09:30:02,$ 3633.31,1
2044,09:30:02,$ 3633.31,10
2045,09:30:02,$ 3633.31,6
2046,09:30:02,$ 3633.31,1
2047,09:30:02,$ 3633.31,1
2048,09:30:02,$ 3633.31,2
2049,09:30:02,$ 3633.31,1
2050,09:30:02,$ 3633.31,1
2051,09:30:02,$ 3633.31,237
2052,09:30:02,$ 3633.31,17
2053,09:30:02,$ 3633.31,300
2054,09:30:02,$ 3633.31,120
2055,09:30:02,$ 3633.31,300
2056,09:30:02,$ 3633.31,100
2057,09:30:02,$ 3633.31,100
2059,09:30:02,$ 3633.31,10
2060,09:30:02,$ 3633.31,8
2061,09:30:02,$ 3633.31,25
2062,09:30:02,$ 3633.31,1
2063,09:30:02,$ 3633.31,10
2064,09:30:02,$ 3633.31,25
2065,09:30:02,$ 3633.31,1
2066,09:30:02,$ 3633.31,85
2067,09:30:02,$ 3633.31,3
2068,09:30:02,$ 3633.31,10
2069,09:30:02,$ 3633.31,25
2070,09:30:02,$ 3633.31,1
2071,09:30:02,$ 3633.31,20
2072,09:30:02,$ 3633.31,1
2073,09:30:02,$ 3633.31,3
2074,09:30:02,$ 3633.31,9
2075,09:30:02,$ 3633.31,100
2076,09:30:02,$ 3633.31,100
2077,09:30:02,$ 3633.31,400
2078,09:30:02,$ 3633.31,500
2080,09:30:02,$ 3633.31,500
2081,09:30:02,$ 3633.31,900
2082,09:30:02,$ 3633.31,200
2083,09:30:02,$ 3633.31,200
2084,09:30:02,$ 3633.31,2
2085,09:30:02,$ 3633.31,3
2086,09:30:02,$ 3633.31,57
2087,09:30:02,$ 3633.31,6
2088,09:30:02,$ 3633.31,27
2089,09:30:02,$ 3633.31,20
2090,09:30:02,$ 3633.31,82
2091,09:30:02,$ 3633.31,36
2092,09:30:02,$ 3633.31,1
2093,09:30:02,$ 3633.31,2
2094,09:30:02,$ 3633.31,2
2095,09:30:02,$ 3633.31,4
2096,09:30:02,$ 3633.31,104
2097,09:30:02,$ 3633.31,"1,014"
2098,09:30:02,$ 3633.31,1
2099,09:30:02,$ 3633.31,300
2101,09:30:02,$ 3633.31,300
2102,09:30:02,$ 3633.31,5
2103,09:30:02,$ 3633.31,300
2104,09:30:02,$ 3633.31,100
2105,09:30:02,$ 3633.31,5
2106,09:30:02,$ 3633.31,10
2107,09:30:02,$ 3633.31,1
2108,09:30:02,$ 3633.31,50
2109,09:30:02,$ 3633.31,1
2110,09:30:02,$ 3633.31,1
2111,09:30:02,$ 3633.31,10
2112,09:30:02,$ 3633.31,1
2113,09:30:02,$ 3633.31,10
2114,09:30:02,$ 3633.31,1
2115,09:30:02,$ 3633.31,1
2116,09:30:02,$ 3633.31,1
2117,09:30:02,$ 3633.31,1
2118,09:30:02,$ 3633.31,1
2119,09:30:02,$ 3633.31,8
2120,09:30:02,$ 3633.31,1
2122,09:30:02,$ 3633.31,1
2123,09:30:02,$ 3633.31,10
2124,09:30:02,$ 3633.31,2
2125,09:30:02,$ 3633.31,300
2126,09:30:02,$ 3633.31,359
2127,09:30:02,$ 3633.31,300
2128,09:30:02,$ 3633.31,25
2129,09:30:02,$ 3633.31,300
2130,09:30:02,$ 3633.31,30
2131,09:30:02,$ 3633.31,2
2132,09:30:02,$ 3633.31,1
2133,09:30:02,$ 3633.31,2
2134,09:30:02,$ 3633.31,8
2135,09:30:02,$ 3633.31,1
2136,09:30:02,$ 3633.31,1
2137,09:30:02,$ 3633.31,300
2138,09:30:02,$ 3633.31,11
2139,09:30:02,$ 3633.31,200
2140,09:30:02,$ 3633.31,1
2141,09:30:02,$ 3633.31,1
2143,09:30:02,$ 3633.31,5
2144,09:30:02,$ 3633.31,6
2145,09:30:02,$ 3633.31,50
2146,09:30:02,$ 3633.31,1
2147,09:30:02,$ 3633.31,5
2148,09:30:02,$ 3633.31,2
2149,09:30:02,$ 3633.31,2
2150,09:30:02,$ 3633.31,1
2151,09:30:02,$ 3633.31,299
2152,09:30:02,$ 3633.31,1
2153,09:30:02,$ 3633.31,2
2154,09:30:02,$ 3633.31,10
2155,09:30:02,$ 3633.31,1
2156,09:30:02,$ 3633.31,50
2157,09:30:02,$ 3633.31,2
2158,09:30:02,$ 3633.31,170
2159,09:30:02,$ 3633.31,5
2160,09:30:02,$ 3633.31,65
2161,09:30:02,$ 3633.31,1
2162,09:30:02,$ 3633.31,10
2164,09:30:02,$ 3633.31,2
2165,09:30:02,$ 3633.31,1
2166,09:30:02,$ 3633.31,1
2167,09:30:02,$ 3633.31,1
2168,09:30:02,$ 3633.31,1
2169,09:30:02,$ 3633.31,1
2170,09:30:02,$ 3633.31,1
2171,09:30:02,$ 3633.31,1
2172,09:30:02,$ 3633.31,1
2173,09:30:02,$ 3633.31,1
2174,09:30:02,$ 3633.31,18
2175,09:30:02,$ 3633.31,1
2176,09:30:02,$ 3633.31,30
2177,09:30:02,$ 3633.31,5
2178,09:30:02,$ 3633.31,5
2179,09:30:02,$ 3633.31,1
2180,09:30:02,$ 3633.31,2
2181,09:30:02,$ 3633.31,1
2182,09:30:02,$ 3633.31,3
2183,09:30:02,$ 3633.31,50
2185,09:30:02,$ 3633.31,3
2186,09:30:02,$ 3633.31,15
2187,09:30:02,$ 3633.31,2
2188,09:30:02,$ 3633.31,5
2189,09:30:02,$ 3633.31,15
2190,09:30:02,$ 3633.31,2
2191,09:30:02,$ 3633.31,3
2192,09:30:02,$ 3633.31,4
2193,09:30:02,$ 3633.31,3
2194,09:30:02,$ 3633.31,1
2195,09:30:02,$ 3633.31,10
2196,09:30:02,$ 3633.31,3
2197,09:30:02,$ 3633.31,1
2198,09:30:02,$ 3633.31,4
2199,09:30:02,$ 3633.31,1
2200,09:30:02,$ 3633.31,4
2201,09:30:02,$ 3633.31,240
2202,09:30:02,$ 3633.31,1
2203,09:30:02,$ 3633.31,100
2204,09:30:02,$ 3633.31,100
2206,09:30:02,$ 3633.31,1
2207,09:30:02,$ 3633.31,100
2208,09:30:02,$ 3633.31,40
2209,09:30:02,$ 3633.31,2
2210,09:30:02,$ 3633.31,50
2211,09:30:02,$ 3633.31,3
2212,09:30:02,$ 3633.31,6
2213,09:30:02,$ 3633.31,26
2214,09:30:02,$ 3633.31,20
2215,09:30:02,$ 3633.31,1
2216,09:30:02,$ 3633.31,4
2217,09:30:02,$ 3633.31,23
2218,09:30:02,$ 3633.31,1
2219,09:30:02,$ 3633.31,19
2220,09:30:02,$ 3633.31,1
2221,09:30:02,$ 3633.31,10
2222,09:30:02,$ 3633.31,9
2223,09:30:02,$ 3633.31,2
2224,09:30:02,$ 3633.31,10
2225,09:30:02,$ 3633.31,3
2227,09:30:02,$ 3633.31,3
2228,09:30:02,$ 3633.31,10
2229,09:30:02,$ 3633.31,100
2230,09:30:02,$ 3633.31,100
2231,09:30:02,$ 3633.31,2
2232,09:30:02,$ 3633.31,5
2233,09:30:02,$ 3633.31,1
2234,09:30:02,$ 3633.31,3
2235,09:30:02,$ 3633.31,1
2236,09:30:02,$ 3633.31,1
2237,09:30:02,$ 3633.31,73
2238,09:30:02,$ 3633.31,28
2239,09:30:02,$ 3633.31,1
2240,09:30:02,$ 3633.31,500
2241,09:30:02,$ 3633.31,6
2242,09:30:02,$ 3633.31,5
2243,09:30:02,$ 3633.31,3
2244,09:30:02,$ 3633.31,1
2245,09:30:02,$ 3633.31,3
2246,09:30:02,$ 3633.31,1
2248,09:30:02,$ 3633.31,1
2249,09:30:02,$ 3633.31,11
2250,09:30:02,$ 3633.31,5
2251,09:30:02,$ 3633.31,1
2252,09:30:02,$ 3633.31,1
2253,09:30:02,$ 3633.31,4
2254,09:30:02,$ 3633.31,10
2255,09:30:02,$ 3633.31,8
2256,09:30:02,$ 3633.31,2
2257,09:30:02,$ 3633.31,5
2258,09:30:02,$ 3633.31,1
2259,09:30:02,$ 3633.31,1
2260,09:30:02,$ 3633.31,1
2261,09:30:02,$ 3633.31,5
2262,09:30:02,$ 3633.31,10
2263,09:30:02,$ 3633.31,2
2264,09:30:02,$ 3633.31,1
2265,09:30:02,$ 3633.31,1
2266,09:30:02,$ 3633.31,3
2267,09:30:02,$ 3633.31,9
2269,09:30:02,$ 3633.31,10
2270,09:30:02,$ 3633.31,2
2271,09:30:02,$ 3633.31,1
2272,09:30:02,$ 3633.31,1
2273,09:30:02,$ 3633.31,2
2274,09:30:02,$ 3633.31,2
2275,09:30:02,$ 3633.31,1
2276,09:30:02,$ 3633.31,2
2277,09:30:02,$ 3633.31,10
2278,09:30:02,$ 3633.31,4
2279,09:30:02,$ 3633.31,2
2280,09:30:02,$ 3633.31,2
2281,09:30:02,$ 3633.31,1
2282,09:30:02,$ 3633.31,3
2283,09:30:02,$ 3633.31,5
2284,09:30:02,$ 3633.31,2
2285,09:30:02,$ 3633.31,1
2286,09:30:02,$ 3633.31,3
2287,09:30:02,$ 3633.31,1
2288,09:30:02,$ 3633.31,1
2290,09:30:02,$ 3633.31,12
2291,09:30:02,$ 3633.31,5
2292,09:30:02,$ 3633.31,100
2293,09:30:02,$ 3633.31,1
2294,09:30:02,$ 3633.31,10
2295,09:30:02,$ 3633.31,1
2296,09:30:02,$ 3633.31,25
2297,09:30:02,$ 3633.31,163
2298,09:30:02,$ 3633.31,600
2299,09:30:02,$ 3633.31,2
2300,09:30:02,$ 3633.31,2
2301,09:30:02,$ 3633.31,6
2302,09:30:02,$ 3633.31,1
2303,09:30:02,$ 3633.31,15
2304,09:30:02,$ 3633.31,1
2305,09:30:02,$ 3633.31,1
2306,09:30:02,$ 3633.31,2
2307,09:30:02,$ 3633.31,2
2308,09:30:02,$ 3633.31,2
2309,09:30:02,$ 3633.31,1
2311,09:30:02,$ 3633.31,3
2312,09:30:02,$ 3633.31,1
2313,09:30:02,$ 3633.31,40
2314,09:30:02,$ 3633.31,1
2315,09:30:02,$ 3633.31,1
2316,09:30:02,$ 3633.31,1
2317,09:30:02,$ 3633.31,1
2318,09:30:02,$ 3633.31,7
2319,09:30:02,$ 3633.31,1
2320,09:30:02,$ 3633.31,1
2321,09:30:02,$ 3633.31,80
2322,09:30:02,$ 3633.31,2
2323,09:30:02,$ 3633.31,3
2324,09:30:02,$ 3633.31,19
2325,09:30:02,$ 3633.31,1
2326,09:30:02,$ 3633.31,178
2327,09:30:02,$ 3633.31,87
2328,09:30:02,$ 3633.31,230
2329,09:30:02,$ 3633.31,10
2330,09:30:02,$ 3633.31,100
2332,09:30:02,$ 3633.31,3
2333,09:30:02,$ 3633.31,1
2334,09:30:02,$ 3633.31,1
2335,09:30:02,$ 3633.31,2
2336,09:30:02,$ 3633.31,150
2337,09:30:02,$ 3633.31,100
2338,09:30:02,$ 3633.31,3
2339,09:30:02,$ 3633.31,1
2340,09:30:02,$ 3633.31,10
2341,09:30:02,$ 3633.31,1
2342,09:30:02,$ 3633.31,9
2343,09:30:02,$ 3633.31,20
2344,09:30:02,$ 3633.31,2
2345,09:30:02,$ 3633.31,1
2346,09:30:02,$ 3633.31,80
2347,09:30:02,$ 3633.31,10
2348,09:30:02,$ 3633.31,84
2349,09:30:02,$ 3633.31,126
2350,09:30:02,$ 3633.31,1
2351,09:30:02,$ 3633.31,1
2353,09:30:02,$ 3633.31,20
2354,09:30:02,$ 3633.31,3
2355,09:30:02,$ 3633.31,1
2356,09:30:02,$ 3633.31,2
2357,09:30:02,$ 3633.31,3
2358,09:30:02,$ 3633.31,1
2359,09:30:02,$ 3633.31,4
2360,09:30:02,$ 3633.31,73
2361,09:30:02,$ 3633.31,30
2362,09:30:02,$ 3633.31,4
2363,09:30:02,$ 3633.31,391
2364,09:30:02,$ 3633.31,1
2365,09:30:02,$ 3633.31,5
2366,09:30:02,$ 3633.31,16
2367,09:30:02,$ 3633.31,1
2368,09:30:02,$ 3633.31,2
2369,09:30:02,$ 3633.31,2
2370,09:30:02,$ 3633.31,1
2371,09:30:02,$ 3633.31,1
2372,09:30:02,$ 3633.31,1
2374,09:30:02,$ 3633.31,1
2375,09:30:02,$ 3633.31,1
2376,09:30:02,$ 3633.31,2
2377,09:30:02,$ 3633.31,1
2378,09:30:02,$ 3633.31,1
2379,09:30:02,$ 3633.31,1
2380,09:30:02,$ 3633.31,2
2381,09:30:02,$ 3633.31,1
2382,09:30:02,$ 3633.31,1
2383,09:30:02,$ 3633.31,1
2384,09:30:02,$ 3633.31,1
2385,09:30:02,$ 3633.31,1
2386,09:30:02,$ 3633.31,4
2387,09:30:02,$ 3633.31,1
2388,09:30:02,$ 3633.31,1
2389,09:30:02,$ 3633.31,13
2390,09:30:02,$ 3633.31,1
2391,09:30:02,$ 3633.31,1
2392,09:30:02,$ 3633.31,1
2393,09:30:02,$ 3633.31,1
2395,09:30:02,$ 3633.31,5
2396,09:30:02,$ 3633.31,1
2397,09:30:02,$ 3633.31,2
2398,09:30:02,$ 3633.31,1
2399,09:30:02,$ 3633.31,1
2400,09:30:02,$ 3633.31,1
2401,09:30:02,$ 3633.31,1
2402,09:30:02,$ 3633.31,1
2403,09:30:02,$ 3633.31,1
2404,09:30:02,$ 3633.31,1
2405,09:30:02,$ 3633.31,10
2406,09:30:02,$ 3633.31,1
2407,09:30:02,$ 3633.31,2
2408,09:30:02,$ 3633.31,2
2409,09:30:02,$ 3633.31,13
2410,09:30:02,$ 3633.31,3
2411,09:30:02,$ 3633.31,1
2412,09:30:02,$ 3633.31,5
2413,09:30:02,$ 3633.31,4
2414,09:30:02,$ 3633.31,14
2416,09:30:02,$ 3633.31,202
2417,09:30:02,$ 3633.31,6
2418,09:30:02,$ 3633.31,9
2419,09:30:02,$ 3633.31,9
2420,09:30:02,$ 3633.31,1
2421,09:30:02,$ 3633.31,5
2422,09:30:02,$ 3633.31,1
2423,09:30:02,$ 3633.31,5
2424,09:30:02,$ 3633.31,1
2425,09:30:02,$ 3633.31,2
2426,09:30:02,$ 3633.31,1
2427,09:30:02,$ 3633.31,1
2428,09:30:02,$ 3633.31,1
2429,09:30:02,$ 3633.31,1
2430,09:30:02,$ 3633.31,1
2431,09:30:02,$ 3633.31,3
2432,09:30:02,$ 3633.31,1
2433,09:30:02,$ 3633.31,1
2434,09:30:02,$ 3633.31,5
2435,09:30:02,$ 3633.31,10
2437,09:30:02,$ 3633.31,25
2438,09:30:02,$ 3633.31,4
2439,09:30:02,$ 3633.31,1
2440,09:30:02,$ 3633.31,1
2441,09:30:02,$ 3633.31,1
2442,09:30:02,$ 3633.31,1
2443,09:30:02,$ 3633.31,1
2444,09:30:02,$ 3633.31,1
2445,09:30:02,$ 3633.31,1
2446,09:30:02,$ 3633.31,5
2447,09:30:02,$ 3633.31,2
2448,09:30:02,$ 3633.31,2
2449,09:30:02,$ 3633.31,5
2450,09:30:02,$ 3633.31,2
2451,09:30:02,$ 3633.31,3
2452,09:30:02,$ 3633.31,1
2453,09:30:02,$ 3633.31,5
2454,09:30:02,$ 3633.31,2
2455,09:30:02,$ 3633.31,1
2456,09:30:02,$ 3633.31,5
2458,09:30:02,$ 3633.31,3
2459,09:30:02,$ 3633.31,1
2460,09:30:02,$ 3633.31,7
2461,09:30:02,$ 3633.31,1
2462,09:30:02,$ 3633.31,20
2463,09:30:02,$ 3633.31,2
2464,09:30:02,$ 3633.31,5
2465,09:30:02,$ 3633.31,100
2466,09:30:02,$ 3633.31,11
2467,09:30:02,$ 3633.31,10
2468,09:30:02,$ 3633.31,115
2469,09:30:02,$ 3633.31,193
2470,09:30:02,$ 3633.31,1
2471,09:30:02,$ 3633.31,2
2472,09:30:02,$ 3633.31,1
2473,09:30:02,$ 3633.31,2
2474,09:30:02,$ 3633.31,11
2475,09:30:02,$ 3633.31,102
2476,09:30:02,$ 3633.31,1
2477,09:30:02,$ 3633.31,100
2479,09:30:02,$ 3633.31,10
2480,09:30:02,$ 3633.31,5
2481,09:30:02,$ 3633.31,4
2482,09:30:02,$ 3633.31,2
2483,09:30:02,$ 3633.31,16
2484,09:30:02,$ 3633.31,1
2485,09:30:02,$ 3633.31,20
2486,09:30:02,$ 3633.31,18
2487,09:30:02,$ 3633.31,100
2488,09:30:02,$ 3633.31,241
2489,09:30:02,$ 3633.31,57
2490,09:30:02,$ 3633.31,3
2491,09:30:02,$ 3633.31,8
2492,09:30:02,$ 3633.31,6
2493,09:30:02,$ 3633.31,2
2494,09:30:02,$ 3633.31,5
2495,09:30:02,$ 3633.31,7
2496,09:30:02,$ 3633.31,4
2497,09:30:02,$ 3633.31,23
2498,09:30:02,$ 3633.31,5
2500,09:30:02,$ 3633.31,16
2501,09:30:02,$ 3633.31,350
2502,09:30:02,$ 3633.31,"1,251"
2503,09:30:02,$ 3633.31,4
2504,09:30:02,$ 3633.31,55
2505,09:30:02,$ 3633.31,172
2506,09:30:02,$ 3633.31,33
2507,09:30:02,$ 3633.31,12
2508,09:30:02,$ 3633.31,2
2509,09:30:02,$ 3633.31,66
2510,09:30:02,$ 3633.31,28
2511,09:30:02,$ 3633.31,50
2512,09:30:02,$ 3633.31,1
2513,09:30:02,$ 3633.31,2
2514,09:30:02,$ 3633.31,2
2515,09:30:02,$ 3633.31,1
2516,09:30:02,$ 3633.31,5
2517,09:30:02,$ 3633.31,5
2518,09:30:02,$ 3633.31,33
2519,09:30:02,$ 3633.31,1
2521,09:30:02,$ 3633.31,42
2522,09:30:02,$ 3633.31,2
2523,09:30:02,$ 3633.31,4
2524,09:30:00,$ 3639.1949,402
2525,09:30:00,$ 3633.31,3
2526,09:30:00,$ 3633.31,5
2527,09:30:00,$ 3636.99,200
2528,09:30:00,$ 3637.00,100
2529,09:30:00,$ 3637.00,300
2531,10:29:58,$ 3594.85,100
2532,10:29:54,$ 3595.03,200
2533,10:29:53,$ 3595.17,100
2534,10:29:53,$ 3595.17,126
2535,10:29:45,$ 3596.25,100
2536,10:29:39,$ 3597.4701,150
2537,10:29:17,$ 3598.25,500
2538,10:29:17,$ 3598.732,100
2539,10:29:17,$ 3598.684,100
2540,10:29:17,$ 3598.60,100
2541,10:29:17,$ 3598.63,100
2542,10:29:03,$ 3598.95,150
2543,10:28:54,$ 3599.06,100
2544,10:28:54,$ 3599.00,100
2545,10:28:54,$ 3599.00,330
2546,10:28:54,$ 3599.29,100
2547,10:28:48,$ 3599.87,150
2548,10:28:47,$ 3599.0501,350
2549,10:28:47,$ 3600.00,467
2550,10:28:47,$ 3600.00,226
2552,10:28:47,$ 3599.70,100
2553,10:28:47,$ 3599.91,100
2554,10:28:47,$ 3600.00,188
2555,10:28:44,$ 3599.60,100
2556,10:28:38,$ 3599.53,100
2557,10:28:28,$ 3598.85,100
2558,10:28:25,$ 3599.29,100
2559,10:28:25,$ 3599.61,100
2560,10:28:14,$ 3599.982,500
2561,10:28:08,$ 3600.0999,100
2562,10:28:04,$ 3598.73,500
2563,10:28:01,$ 3599.7587,277
2564,10:28:01,$ 3599.60,100
2565,10:28:01,$ 3600.18,100
2566,10:28:00,$ 3599.95,500
2567,10:27:58,$ 3599.31,100
2568,10:27:52,$ 3598.66,100
2569,10:27:51,$ 3599.02,100
2570,10:27:48,$ 3597.44,100
2571,10:27:47,$ 3598.415,100
2573,10:27:47,$ 3597.03,200
2574,10:27:47,$ 3598.00,100
2575,10:27:46,$ 3599.85,100
2576,10:27:39,$ 3599.65,100
2577,10:27:34,$ 3599.83,142
2578,10:27:33,$ 3600.27,100
2579,10:27:33,$ 3600.23,100
2580,10:27:27,$ 3601.18,100
2581,10:27:26,$ 3601.10,100
2582,10:27:26,$ 3601.148,100
2583,10:27:26,$ 3600.00,100
2584,10:27:26,$ 3599.78,111
2585,10:27:26,$ 3599.78,100
2586,10:27:18,$ 3598.73,500
2587,10:27:17,$ 3599.32,100
2588,10:27:10,$ 3599.035,100
2589,10:27:07,$ 3596.99,100
2590,10:27:03,$ 3598.87,100
2591,10:27:03,$ 3598.64,150
2592,10:27:00,$ 3599.3987,212
2594,10:27:00,$ 3599.3987,773
2595,10:26:57,$ 3599.18,100
2596,10:26:57,$ 3599.18,110
2597,10:26:57,$ 3599.96,100
2598,10:26:56,$ 3599.09,200
2599,10:26:56,$ 3598.99,100
2600,10:26:52,$ 3598.66,100
2601,10:26:47,$ 3598.00,375
2602,10:26:47,$ 3597.84,100
2603,10:26:46,$ 3596.1913,200
2604,10:26:45,$ 3596.98,100
2605,10:26:45,$ 3596.98,200
2606,10:26:45,$ 3597.09,100
2607,10:26:34,$ 3597.8399,200
2608,10:26:33,$ 3596.90,200
2609,10:26:28,$ 3597.05,100
2610,10:26:25,$ 3595.96,101
2611,10:26:24,$ 3596.565,100
2612,10:26:24,$ 3596.68,100
2613,10:26:24,$ 3596.68,100
2615,10:26:19,$ 3596.38,100
2616,10:26:19,$ 3596.00,100
2617,10:26:19,$ 3596.00,298
2618,10:26:19,$ 3595.98,100
2619,10:26:10,$ 3594.11,123
2620,10:26:02,$ 3593.436,250
2621,10:26:01,$ 3593.61,500
2622,10:26:01,$ 3593.6084,242
2623,10:25:44,$ 3594.51,100
2624,10:25:42,$ 3593.35,345
2625,10:25:39,$ 3593.2851,100
2626,10:25:35,$ 3594.49,100
2627,10:25:25,$ 3593.21,500
2628,10:25:23,$ 3594.12,100
2629,10:25:23,$ 3594.14,100
2630,10:25:21,$ 3594.2078,100
2631,10:25:18,$ 3594.11,100
2632,10:25:11,$ 3594.8156,100
2633,10:25:03,$ 3594.5575,100
2634,10:24:59,$ 3595.09,300
2636,10:24:59,$ 3594.99,100
2637,10:24:58,$ 3594.99,100
2638,10:24:57,$ 3593.0601,250
2639,10:24:54,$ 3593.06,300
2640,10:24:51,$ 3593.04,200
2641,10:24:50,$ 3594.11,100
2642,10:24:49,$ 3593.36,100
2643,10:24:45,$ 3593.91,100
2644,10:24:44,$ 3593.8259,100
2645,10:24:44,$ 3593.41,125
2646,10:24:42,$ 3593.36,200
2647,10:24:41,$ 3595.30,400
2648,10:24:29,$ 3595.4875,100
2649,10:24:29,$ 3596.00,100
2650,10:24:14,$ 3596.7499,100
2651,10:24:07,$ 3595.3195,143
2652,10:24:06,$ 3595.45,100
2653,10:24:00,$ 3596.50,278
2654,10:23:56,$ 3596.75,100
2655,10:23:52,$ 3596.57,200
2657,10:23:38,$ 3596.75,100
2658,10:23:33,$ 3597.24,100
2659,10:23:33,$ 3597.19,100
2660,10:23:33,$ 3597.25,100
2661,10:23:26,$ 3597.942,500
2662,10:23:25,$ 3596.98,100
2663,10:23:25,$ 3597.00,479
2664,10:23:25,$ 3597.39,100
2665,10:23:25,$ 3596.72,100
2666,10:23:23,$ 3596.72,100
2667,10:23:17,$ 3596.34,100
2668,10:23:07,$ 3596.74,100
2669,10:23:07,$ 3596.6366,500
2670,10:22:55,$ 3596.00,100
2671,10:22:50,$ 3595.01,100
2672,10:22:50,$ 3595.00,160
2673,10:22:50,$ 3595.0001,100
2674,10:22:46,$ 3595.79,100
2675,10:22:43,$ 3594.66,100
2676,10:22:40,$ 3594.14,100
2678,10:22:40,$ 3594.38,100
2679,10:22:38,$ 3594.45,148
2680,10:22:38,$ 3594.495,100
2681,10:22:38,$ 3594.44,200
2682,10:22:35,$ 3595.20,100
2683,10:22:35,$ 3595.98,100
2684,10:22:35,$ 3595.9999,100
2685,10:22:35,$ 3596.00,100
2686,10:22:33,$ 3595.89,120
2687,10:22:33,$ 3594.09,200
2688,10:22:33,$ 3594.135,100
2689,10:22:30,$ 3595.01,191
2690,10:22:27,$ 3594.43,100
2691,10:22:27,$ 3594.42,100
2692,10:22:25,$ 3595.00,100
2693,10:22:25,$ 3595.00,100
2694,10:22:25,$ 3595.64,100
2695,10:22:25,$ 3595.99,100
2696,10:22:25,$ 3595.55,227
2697,10:22:25,$ 3595.99,100
2699,10:22:25,$ 3595.54,100
2700,10:22:25,$ 3596.11,100
2701,10:22:23,$ 3596.001,181
2702,10:22:23,$ 3596.02,100
2703,10:22:22,$ 3596.11,100
2704,10:22:22,$ 3596.06,100
2705,10:22:22,$ 3596.10,100
2706,10:22:19,$ 3597.74,100
2707,10:22:17,$ 3597.25,100
2708,10:22:15,$ 3597.25,100
2709,10:22:10,$ 3597.1823,"1,349"
2710,10:22:08,$ 3597.12,100
2711,10:22:02,$ 3598.365,100
2712,10:21:58,$ 3598.60,100
2713,10:21:58,$ 3599.00,100
2714,10:21:55,$ 3600.735,100
2715,10:21:55,$ 3600.95,611
2716,10:21:55,$ 3599.17,100
2717,10:21:55,$ 3599.16,100
2718,10:21:55,$ 3599.76,100
2720,10:21:55,$ 3601.26,200
2721,10:21:55,$ 3600.98,154
2722,10:21:54,$ 3601.2599,200
2723,10:21:49,$ 3601.26,100
2724,10:21:48,$ 3602.0128,200
2725,10:21:47,$ 3601.46,100
2726,10:21:45,$ 3601.38,100
2727,10:21:35,$ 3602.435,100
2728,10:21:33,$ 3602.94,100
2729,10:21:09,$ 3602.62,150
2730,10:21:03,$ 3602.62,150
2731,10:21:01,$ 3602.62,100
2732,10:21:01,$ 3602.39,100
2733,10:20:57,$ 3605.86,100
2734,10:20:42,$ 3607.45,100
2735,10:20:40,$ 3606.00,100
2736,10:20:36,$ 3606.87,100
2737,10:20:34,$ 3606.47,100
2738,10:20:26,$ 3606.73,100
2739,10:20:26,$ 3606.67,100
2741,10:20:21,$ 3607.7367,150
2742,10:20:21,$ 3607.76,100
2743,10:20:21,$ 3607.73,100
2744,10:20:21,$ 3607.76,100
2745,10:20:21,$ 3607.76,100
2746,10:20:21,$ 3607.77,100
2747,10:20:21,$ 3607.80,100
2748,10:20:21,$ 3607.73,100
2749,10:20:20,$ 3607.4238,300
2750,10:20:12,$ 3606.43,100
2751,10:20:07,$ 3608.0399,100
2752,10:20:06,$ 3607.34,100
2753,10:20:05,$ 3607.26,100
2754,10:20:04,$ 3607.38,150
2755,10:20:02,$ 3607.35,100
2756,10:20:02,$ 3607.26,100
2757,10:20:02,$ 3607.14,100
2758,10:20:02,$ 3607.13,100
2759,10:20:02,$ 3607.12,100
2760,10:20:02,$ 3606.78,100
2762,10:20:02,$ 3607.04,100
2763,10:20:00,$ 3607.00,100
2764,10:20:00,$ 3607.17,100
2765,10:20:00,$ 3607.17,100
2766,10:19:55,$ 3607.14,100
2767,10:19:55,$ 3607.14,100
2768,10:19:55,$ 3607.14,100
2769,10:19:55,$ 3607.18,100
2770,10:19:52,$ 3607.19,100
2771,10:19:48,$ 3607.155,100
2772,10:19:46,$ 3607.13,100
2773,10:19:44,$ 3607.40,100
2774,10:19:39,$ 3608.6099,150
2775,10:19:37,$ 3608.07,100
2776,10:19:29,$ 3607.68,100
2777,10:19:28,$ 3607.14,100
2778,10:19:28,$ 3607.15,100
2779,10:19:28,$ 3606.90,100
2780,10:19:28,$ 3607.19,100
2781,10:19:01,$ 3607.52,100
2783,10:18:58,$ 3608.575,100
2784,10:18:41,$ 3609.17,100
2785,10:18:35,$ 3609.1072,200
2786,10:18:34,$ 3609.18,100
2787,10:18:33,$ 3608.80,100
2788,10:18:33,$ 3608.80,100
2789,10:18:33,$ 3608.77,100
2790,10:18:33,$ 3608.82,100
2791,10:18:33,$ 3608.82,100
2792,10:18:33,$ 3608.91,100
2793,10:18:10,$ 3608.07,100
2794,10:18:07,$ 3609.00,883
2795,10:18:07,$ 3608.68,100
2796,10:18:07,$ 3608.17,100
2797,10:18:07,$ 3608.18,100
2798,10:18:07,$ 3608.19,100
2799,10:17:59,$ 3607.505,176
2800,10:17:44,$ 3607.30,100
2801,10:17:44,$ 3607.225,100
2802,10:17:44,$ 3607.22,100
2804,10:17:44,$ 3607.315,100
2805,10:17:44,$ 3607.255,100
2806,10:17:43,$ 3608.02,100
2807,10:17:41,$ 3607.71,120
2808,10:17:37,$ 3607.505,100
2809,10:17:36,$ 3607.17,100
2810,10:17:31,$ 3607.57,100
2811,10:17:23,$ 3608.53,142
2812,10:17:13,$ 3609.5299,100
2813,10:17:07,$ 3607.86,100
2814,10:17:02,$ 3607.21,500
2815,10:17:02,$ 3607.20,100
2816,10:17:01,$ 3606.5605,100
2817,10:16:59,$ 3606.91,100
2818,10:16:52,$ 3606.99,118
2819,10:16:49,$ 3608.535,100
2820,10:16:49,$ 3606.7504,139
2821,10:16:49,$ 3607.24,100
2822,10:16:49,$ 3607.02,100
2823,10:16:48,$ 3607.86,100
2825,10:16:48,$ 3607.86,100
2826,10:16:48,$ 3607.85,100
2827,10:16:48,$ 3607.52,100
2828,10:16:48,$ 3607.24,100
2829,10:16:48,$ 3607.12,100
2830,10:16:48,$ 3608.04,100
2831,10:16:48,$ 3607.28,100
2832,10:16:48,$ 3608.04,100
2833,10:16:48,$ 3608.11,100
2834,10:16:48,$ 3608.04,100
2835,10:16:48,$ 3608.13,100
2836,10:16:45,$ 3608.41,100
2837,10:16:34,$ 3609.47,100
2838,10:16:30,$ 3609.59,100
2839,10:16:30,$ 3609.66,100
2840,10:16:27,$ 3609.02,100
2841,10:16:21,$ 3609.445,200
2842,10:16:21,$ 3610.164,143
2843,10:16:16,$ 3609.625,100
2844,10:16:06,$ 3608.91,100
2846,10:16:06,$ 3609.43,100
2847,10:16:06,$ 3609.00,574
2848,10:16:05,$ 3607.55,100
2849,10:16:04,$ 3607.99,112
2850,10:16:04,$ 3608.135,188
2851,10:16:04,$ 3608.135,147
2852,10:15:55,$ 3608.53,100
2853,10:15:51,$ 3609.00,204
2854,10:15:51,$ 3609.00,100
2855,10:15:51,$ 3609.00,100
2856,10:15:51,$ 3609.00,100
2857,10:15:51,$ 3609.00,150
2858,10:15:51,$ 3609.00,100
2859,10:15:51,$ 3609.00,100
2860,10:15:51,$ 3609.00,185
2861,10:15:51,$ 3609.00,113
2862,10:15:35,$ 3607.83,100
2863,10:15:35,$ 3607.82,100
2864,10:15:35,$ 3607.61,100
2865,10:15:35,$ 3607.58,100
2867,10:15:35,$ 3607.66,100
2868,10:15:35,$ 3607.65,100
2869,10:15:33,$ 3608.77,100
2870,10:15:32,$ 3607.555,100
2871,10:15:32,$ 3607.52,100
2872,10:15:30,$ 3608.74,100
2873,10:15:29,$ 3607.7098,500
2874,10:15:29,$ 3608.01,100
2875,10:15:29,$ 3608.11,100
2876,10:15:24,$ 3608.5513,349
2877,10:15:24,$ 3608.5513,151
2878,10:15:23,$ 3608.00,343
2879,10:15:19,$ 3608.7772,500
2880,10:15:19,$ 3607.11,708
2881,10:15:19,$ 3607.14,100
2882,10:15:19,$ 3607.48,100
2883,10:15:19,$ 3607.44,100
2884,10:15:16,$ 3608.795,100
2885,10:15:16,$ 3608.81,100
2886,10:15:16,$ 3607.41,117
2888,10:15:16,$ 3608.81,100
2889,10:15:16,$ 3608.115,100
2890,10:15:10,$ 3607.5168,100
2891,10:15:09,$ 3608.125,100
2892,10:15:09,$ 3608.99,200
2893,10:15:09,$ 3609.00,136
2894,10:15:04,$ 3609.6799,150
2895,10:15:02,$ 3609.2862,100
2896,10:15:00,$ 3609.95,100
2897,10:15:00,$ 3609.99,100
2898,10:14:54,$ 3609.25,100
2899,10:14:54,$ 3609.28,100
2900,10:14:53,$ 3608.23,100
2901,10:14:51,$ 3606.63,100
2902,10:14:32,$ 3608.15,100
2903,10:14:32,$ 3608.15,100
2904,10:14:32,$ 3608.15,100
2905,10:14:32,$ 3608.15,100
2906,10:14:32,$ 3608.19,100
2907,10:14:32,$ 3608.20,100
2909,10:14:32,$ 3608.19,100
2910,10:14:31,$ 3606.77,100
2911,10:14:31,$ 3606.83,100
2912,10:14:31,$ 3607.31,100
2913,10:14:31,$ 3607.31,100
2914,10:14:31,$ 3608.09,100
2915,10:14:31,$ 3607.88,100
2916,10:14:29,$ 3607.94,200
2917,10:14:26,$ 3608.50,100
2918,10:14:26,$ 3608.58,100
2919,10:14:23,$ 3610.00,331
2920,10:14:23,$ 3609.98,100
2921,10:14:23,$ 3609.46,100
2922,10:14:22,$ 3608.50,100
2923,10:14:22,$ 3608.49,100
2924,10:14:22,$ 3607.34,100
2925,10:14:22,$ 3606.80,100
2926,10:14:19,$ 3605.83,100
2927,10:14:19,$ 3605.60,100
2928,10:14:19,$ 3605.80,100
2930,10:14:17,$ 3605.00,448
2931,10:14:05,$ 3604.44,225
2932,10:14:03,$ 3605.15,100
2933,10:14:02,$ 3605.16,414
2934,10:13:59,$ 3605.0517,300
2935,10:13:54,$ 3604.00,100
2936,10:13:52,$ 3605.37,100
2937,10:13:52,$ 3605.43,100
2938,10:13:52,$ 3605.32,100
2939,10:13:52,$ 3605.44,100
2940,10:13:52,$ 3605.47,100
2941,10:13:52,$ 3605.40,100
2942,10:13:51,$ 3606.63,100
2943,10:13:51,$ 3606.68,100
2944,10:13:51,$ 3606.665,100
2945,10:13:47,$ 3605.30,100
2946,10:13:47,$ 3605.40,100
2947,10:13:47,$ 3605.37,100
2948,10:13:47,$ 3605.385,100
2949,10:13:47,$ 3605.89,100
2951,10:13:47,$ 3605.89,100
2952,10:13:47,$ 3605.935,100
2953,10:13:44,$ 3605.885,110
2954,10:13:44,$ 3606.47,100
2955,10:13:41,$ 3605.11,100
2956,10:13:41,$ 3604.92,100
2957,10:13:41,$ 3605.00,347
2958,10:13:41,$ 3605.00,"1,000"
2959,10:13:39,$ 3604.71,100
2960,10:13:39,$ 3604.26,100
2961,10:13:38,$ 3603.00,804
2962,10:13:38,$ 3603.15,100
2963,10:13:38,$ 3603.00,139
2964,10:13:34,$ 3603.17,100
2965,10:13:30,$ 3603.8099,200
2966,10:13:30,$ 3603.8099,200
2967,10:13:30,$ 3602.925,100
2968,10:13:08,$ 3601.99,100
2969,10:13:08,$ 3602.00,478
2970,10:12:53,$ 3602.06,100
2972,10:12:53,$ 3602.11,100
2973,10:12:43,$ 3602.9099,100
2974,10:12:39,$ 3601.56,100
2975,10:12:39,$ 3601.57,100
2976,10:12:39,$ 3602.00,100
2977,10:12:39,$ 3602.00,100
2978,10:12:34,$ 3603.8199,990
2979,10:12:34,$ 3603.8199,100
2980,10:12:33,$ 3602.6916,150
2981,10:12:31,$ 3602.71,100
2982,10:12:28,$ 3602.10,100
2983,10:12:26,$ 3600.28,100
2984,10:12:25,$ 3599.20,100
2985,10:12:25,$ 3599.3479,200
2986,10:12:24,$ 3598.6418,200
2987,10:12:24,$ 3599.24,100
2988,10:12:15,$ 3598.64,100
2989,10:12:13,$ 3600.7199,100
2990,10:12:07,$ 3598.12,300
2991,10:12:05,$ 3598.87,189
2993,10:12:05,$ 3598.26,100
2994,10:12:05,$ 3599.01,100
2995,10:12:00,$ 3601.00,100
2996,10:12:00,$ 3600.87,100
2997,10:11:53,$ 3601.57,100
2998,10:11:51,$ 3600.18,400
2999,10:11:49,$ 3600.24,100
3000,10:11:48,$ 3601.75,100
3001,10:11:48,$ 3602.73,100
3002,10:11:48,$ 3602.72,120
3003,10:11:48,$ 3602.71,327
3004,10:11:48,$ 3602.71,305
3005,10:11:48,$ 3602.71,368
3006,10:11:48,$ 3602.71,100
3007,10:11:47,$ 3603.25,100
3008,10:11:45,$ 3603.2534,150
3009,10:11:43,$ 3603.79,100
3010,10:11:41,$ 3603.40,100
3011,10:11:38,$ 3603.46,100
3012,10:11:31,$ 3603.83,100
3014,10:11:31,$ 3602.92,100
3015,10:11:30,$ 3603.84,102
3016,10:11:30,$ 3603.59,100
3017,10:11:30,$ 3603.61,100
3018,10:11:30,$ 3603.59,100
3019,10:11:30,$ 3603.59,100
3020,10:11:29,$ 3603.37,100
3021,10:11:29,$ 3602.99,100
3022,10:11:29,$ 3603.00,743
3023,10:11:22,$ 3601.95,100
3024,10:11:22,$ 3602.00,100
3025,10:11:22,$ 3603.00,177
3026,10:11:22,$ 3601.95,100
3027,10:11:21,$ 3601.7376,500
3028,10:11:21,$ 3600.12,100
3029,10:11:20,$ 3600.83,100
3030,10:11:15,$ 3600.8234,150
3031,10:11:15,$ 3601.7956,400
3032,10:11:15,$ 3600.83,300
3033,10:11:09,$ 3601.535,150
3035,10:11:08,$ 3602.09,100
3036,10:11:08,$ 3602.03,100
3037,10:11:06,$ 3601.00,961
3038,10:11:06,$ 3601.14,100
3039,10:11:06,$ 3599.85,100
3040,10:11:06,$ 3599.96,100
3041,10:11:03,$ 3599.915,200
3042,10:11:03,$ 3600.01,100
3043,10:10:55,$ 3600.82,100
3044,10:10:52,$ 3600.18,100
3045,10:10:52,$ 3600.25,100
3046,10:10:52,$ 3600.62,100
3047,10:10:50,$ 3599.89,100
3048,10:10:50,$ 3600.47,100
3049,10:10:50,$ 3600.55,100
3050,10:10:50,$ 3600.09,100
3051,10:10:50,$ 3600.13,100
3052,10:10:50,$ 3599.72,100
3053,10:10:50,$ 3599.87,100
3054,10:10:46,$ 3599.005,100
3056,10:10:44,$ 3598.8685,182
3057,10:10:41,$ 3598.785,100
3058,10:10:39,$ 3597.92,100
3059,10:10:35,$ 3599.33,100
3060,10:10:34,$ 3598.6967,144
3061,10:10:34,$ 3598.3398,277
3062,10:10:34,$ 3598.38,144
3063,10:10:34,$ 3599.32,100
3064,10:10:34,$ 3599.575,200
3065,10:10:34,$ 3599.575,149
3066,10:10:32,$ 3600.465,100
3067,10:10:26,$ 3598.935,500
3068,10:10:26,$ 3599.01,100
3069,10:10:25,$ 3599.025,100
3070,10:10:25,$ 3599.74,100
3071,10:10:25,$ 3599.50,130
3072,10:10:25,$ 3599.62,100
3073,10:10:23,$ 3598.86,100
3074,10:10:22,$ 3598.8466,300
3075,10:10:21,$ 3598.845,125
3077,10:10:18,$ 3599.125,100
3078,10:10:18,$ 3598.58,100
3079,10:10:18,$ 3598.58,100
3080,10:10:18,$ 3598.45,500
3081,10:10:16,$ 3598.525,100
3082,10:10:14,$ 3599.32,100
3083,10:10:13,$ 3598.611,277
3084,10:10:13,$ 3599.14,100
3085,10:10:12,$ 3598.7879,100
3086,10:10:09,$ 3598.61,100
3087,10:10:09,$ 3598.37,100
3088,10:10:09,$ 3598.21,100
3089,10:10:09,$ 3598.17,100
3090,10:10:09,$ 3598.19,100
3091,10:10:09,$ 3598.21,100
3092,10:10:09,$ 3598.22,100
3093,10:10:09,$ 3597.14,100
3094,10:10:07,$ 3596.44,100
3095,10:10:07,$ 3597.205,200
3096,10:10:07,$ 3597.20,100
3098,10:10:06,$ 3597.18,100
3099,10:10:05,$ 3596.51,100
3100,10:10:05,$ 3596.51,102
3101,10:10:02,$ 3597.39,100
3102,10:10:00,$ 3596.27,400
3103,10:10:00,$ 3597.01,100
3104,10:09:57,$ 3596.90,100
3105,10:09:57,$ 3596.901,128
3106,10:09:57,$ 3596.89,100
3107,10:09:52,$ 3598.04,100
3108,10:09:51,$ 3598.545,100
3109,10:09:51,$ 3596.89,100
3110,10:09:51,$ 3597.91,100
3111,10:09:51,$ 3598.505,100
3112,10:09:51,$ 3597.33,609
3113,10:09:51,$ 3598.06,300
3114,10:09:51,$ 3598.06,100
3115,10:09:50,$ 3598.43,100
3116,10:09:50,$ 3598.08,100
3117,10:09:49,$ 3600.00,200
3119,10:09:49,$ 3596.13,200
3120,10:09:49,$ 3596.13,100
3121,10:09:49,$ 3598.1575,100
3122,10:09:49,$ 3598.065,100
3123,10:09:48,$ 3596.58,100
3124,10:09:48,$ 3600.00,131
3125,10:09:48,$ 3599.20,100
3126,10:09:48,$ 3599.54,100
3127,10:09:48,$ 3600.00,100
3128,10:09:47,$ 3600.00,105
3129,10:09:44,$ 3600.86,100
3130,10:09:41,$ 3600.63,100
3131,10:09:41,$ 3601.3601,100
3132,10:09:41,$ 3601.00,100
3133,10:09:41,$ 3601.3601,100
3134,10:09:41,$ 3601.3601,100
3135,10:09:41,$ 3601.36,100
3136,10:09:40,$ 3601.47,100
3137,10:09:33,$ 3601.91,100
3138,10:09:27,$ 3602.7299,100
3140,10:09:23,$ 3602.14,200
3141,10:09:22,$ 3601.69,100
3142,10:09:19,$ 3602.57,100
3143,10:09:17,$ 3601.7621,465
3144,10:09:16,$ 3601.615,100
3145,10:09:10,$ 3602.13,100
3146,10:09:07,$ 3602.82,100
3147,10:09:00,$ 3603.161,100
3148,10:08:51,$ 3602.1301,200
3149,10:08:45,$ 3602.06,100
3150,10:08:38,$ 3602.59,100
3151,10:08:35,$ 3603.35,100
3152,10:08:33,$ 3603.4701,100
3153,10:08:27,$ 3603.68,173
3154,10:08:20,$ 3603.8577,200
3155,10:08:13,$ 3604.515,100
3156,10:07:50,$ 3605.61,100
3157,10:07:49,$ 3605.00,100
3158,10:07:44,$ 3605.4899,100
3159,10:07:37,$ 3605.055,150
3161,10:07:34,$ 3604.465,100
3162,10:07:34,$ 3603.40,100
3163,10:07:12,$ 3607.14,100
3164,10:07:01,$ 3607.72,100
3165,10:06:59,$ 3606.02,125
3166,10:06:56,$ 3608.1999,109
3167,10:06:56,$ 3606.98,141
3168,10:06:56,$ 3608.1999,100
3169,10:06:54,$ 3606.5999,150
3170,10:06:53,$ 3605.69,100
3171,10:06:53,$ 3605.70,100
3172,10:06:53,$ 3605.91,100
3173,10:06:43,$ 3604.23,100
3174,10:06:43,$ 3604.23,118
3175,10:06:40,$ 3602.62,100
3176,10:06:40,$ 3604.2299,125
3177,10:06:34,$ 3604.03,100
3178,10:06:32,$ 3602.64,100
3179,10:06:31,$ 3603.2627,350
3180,10:06:17,$ 3603.40,100
3182,10:06:16,$ 3603.5975,100
3183,10:06:15,$ 3604.74,180
3184,10:06:15,$ 3604.10,100
3185,10:06:15,$ 3604.14,100
3186,10:06:14,$ 3604.25,100
3187,10:05:55,$ 3606.06,100
3188,10:05:55,$ 3605.60,100
3189,10:05:54,$ 3605.69,100
3190,10:05:54,$ 3606.36,100
3191,10:05:54,$ 3605.61,100
3192,10:05:52,$ 3606.36,291
3193,10:05:45,$ 3607.12,100
3194,10:05:28,$ 3608.52,100
3195,10:05:21,$ 3609.7804,100
3196,10:05:19,$ 3607.76,100
3197,10:05:15,$ 3609.32,100
3198,10:05:11,$ 3608.39,100
3199,10:05:09,$ 3609.9999,100
3200,10:05:09,$ 3609.98,100
3201,10:05:08,$ 3607.7801,200
3203,10:05:08,$ 3609.30,100
3204,10:05:08,$ 3608.98,100
3205,10:05:04,$ 3609.46,100
3206,10:05:03,$ 3608.34,100
3207,10:04:59,$ 3606.52,100
3208,10:04:58,$ 3606.37,100
3209,10:04:57,$ 3605.865,150
3210,10:04:52,$ 3605.24,100
3211,10:04:52,$ 3604.32,100
3212,10:04:48,$ 3603.87,100
3213,10:04:47,$ 3602.77,200
3214,10:04:43,$ 3604.3199,200
3215,10:04:39,$ 3603.59,100
3216,10:04:37,$ 3602.77,100
3217,10:04:36,$ 3603.00,395
3218,10:04:36,$ 3603.00,500
3219,10:04:36,$ 3603.00,100
3220,10:04:36,$ 3603.00,100
3221,10:04:25,$ 3603.26,100
3222,10:04:15,$ 3603.11,100
3224,10:04:14,$ 3603.90,100
3225,10:04:14,$ 3603.89,100
3226,10:04:10,$ 3604.04,100
3227,10:04:08,$ 3605.111,500
3228,10:04:07,$ 3603.93,100
3229,10:04:06,$ 3604.86,100
3230,10:04:06,$ 3604.92,100
3231,10:03:59,$ 3603.10,100
3232,10:03:59,$ 3603.29,100
3233,10:03:59,$ 3603.3367,300
3234,10:03:56,$ 3604.648,100
3235,10:03:54,$ 3603.55,500
3236,10:03:49,$ 3604.32,100
3237,10:03:44,$ 3604.9042,124
3238,10:03:40,$ 3603.5101,150
3239,10:03:33,$ 3605.40,100
3240,10:03:30,$ 3606.7902,100
3241,10:03:30,$ 3606.084,110
3242,10:03:30,$ 3606.084,173
3243,10:03:30,$ 3604.18,173
3245,10:03:30,$ 3605.00,100
3246,10:03:30,$ 3605.09,100
3247,10:03:30,$ 3605.14,100
3248,10:03:28,$ 3605.53,100
3249,10:03:28,$ 3606.00,700
3250,10:03:26,$ 3605.54,100
3251,10:03:22,$ 3605.54,100
3252,10:03:21,$ 3606.75,100
3253,10:03:20,$ 3607.05,100
3254,10:03:06,$ 3608.4965,200
3255,10:03:02,$ 3607.7899,200
3256,10:03:00,$ 3607.27,150
3257,10:02:59,$ 3606.78,100
3258,10:02:59,$ 3606.89,100
3259,10:02:58,$ 3606.9346,200
3260,10:02:54,$ 3606.04,100
3261,10:02:53,$ 3606.38,100
3262,10:02:52,$ 3605.0901,500
3263,10:02:51,$ 3607.07,100
3264,10:02:46,$ 3607.955,100
3266,10:02:44,$ 3606.8801,100
3267,10:02:41,$ 3608.7519,100
3268,10:02:37,$ 3607.945,100
3269,10:02:35,$ 3608.45,100
3270,10:02:34,$ 3607.30,100
3271,10:02:34,$ 3607.30,100
3272,10:02:34,$ 3607.40,200
3273,10:02:34,$ 3607.86,100
3274,10:02:31,$ 3607.8599,100
3275,10:02:23,$ 3606.485,100
3276,10:02:21,$ 3607.8999,150
3277,10:02:13,$ 3606.925,200
3278,10:02:08,$ 3607.7355,500
3279,10:02:06,$ 3605.89,200
3280,10:02:03,$ 3604.0401,100
3281,10:01:57,$ 3604.52,100
3282,10:01:56,$ 3604.0001,100
3283,10:01:49,$ 3605.41,100
3284,10:01:48,$ 3605.4101,150
3285,10:01:45,$ 3606.02,100
3287,10:01:45,$ 3606.04,100
3288,10:01:45,$ 3606.02,100
3289,10:01:45,$ 3606.02,100
3290,10:01:43,$ 3605.624,100
3291,10:01:43,$ 3605.4101,100
3292,10:01:42,$ 3605.2862,125
3293,10:01:40,$ 3605.82,150
3294,10:01:38,$ 3604.70,871
3295,10:01:32,$ 3603.50,100
3296,10:01:32,$ 3603.50,100
3297,10:01:31,$ 3603.5001,100
3298,10:01:31,$ 3604.00,120
3299,10:01:31,$ 3604.05,100
3300,10:01:31,$ 3606.35,100
3301,10:01:30,$ 3606.95,100
3302,10:01:23,$ 3606.0606,215
3303,10:01:23,$ 3608.10,430
3304,10:01:23,$ 3606.47,100
3305,10:01:23,$ 3606.68,100
3306,10:01:17,$ 3607.16,100
3308,10:01:16,$ 3607.50,100
3309,10:01:16,$ 3607.5001,100
3310,10:01:14,$ 3607.998,376
3311,10:01:14,$ 3607.998,109
3312,10:01:13,$ 3607.73,100
3313,10:00:55,$ 3610.49,374
3314,10:00:55,$ 3610.23,100
3315,10:00:55,$ 3609.59,100
3316,10:00:55,$ 3610.49,300
3317,10:00:54,$ 3609.585,100
3318,10:00:52,$ 3609.656,100
3319,10:00:52,$ 3610.34,100
3320,10:00:49,$ 3610.25,100
3321,10:00:35,$ 3609.53,500
3322,10:00:30,$ 3611.89,200
3323,10:00:11,$ 3611.6415,200
3324,10:00:04,$ 3612.00,100
3325,10:00:04,$ 3611.99,100
3327,10:59:58,$ 3598.78,100
3328,10:59:58,$ 3598.79,100
3329,10:59:41,$ 3597.27,100
3330,10:59:41,$ 3597.27,400
3331,10:59:38,$ 3597.56,100
3332,10:59:38,$ 3597.57,100
3333,10:59:34,$ 3596.94,100
3334,10:59:30,$ 3596.465,500
3335,10:59:27,$ 3596.39,100
3336,10:59:22,$ 3596.392,500
3337,10:59:22,$ 3596.39,100
3338,10:59:18,$ 3596.25,100
3339,10:59:05,$ 3597.1121,500
3340,10:59:05,$ 3597.00,120
3341,10:59:04,$ 3597.81,100
3342,10:58:51,$ 3598.51,100
3343,10:58:35,$ 3597.84,100
3344,10:58:34,$ 3598.7999,500
3345,10:58:32,$ 3597.902,500
3346,10:58:31,$ 3597.90,100
3348,10:58:31,$ 3597.915,100
3349,10:58:23,$ 3597.02,119
3350,10:58:23,$ 3597.33,300
3351,10:58:16,$ 3598.835,500
3352,10:58:14,$ 3598.51,151
3353,10:58:14,$ 3598.51,100
3354,10:58:14,$ 3598.00,100
3355,10:58:14,$ 3598.66,100
3356,10:58:13,$ 3599.00,300
3357,10:58:13,$ 3599.01,100
3358,10:58:13,$ 3599.02,100
3359,10:58:11,$ 3600.65,100
3360,10:57:58,$ 3600.74,300
3361,10:57:57,$ 3600.75,100
3362,10:57:53,$ 3600.10,100
3363,10:57:43,$ 3601.668,500
3364,10:57:34,$ 3602.36,100
3365,10:57:10,$ 3603.77,100
3366,10:57:10,$ 3602.79,100
3367,10:57:05,$ 3603.6199,100
3369,10:56:42,$ 3602.65,100
3370,10:56:41,$ 3602.7299,500
3371,10:56:40,$ 3601.47,100
3372,10:56:40,$ 3601.93,100
3373,10:56:40,$ 3601.90,100
3374,10:56:40,$ 3601.465,100
3375,10:56:33,$ 3601.195,200
3376,10:56:18,$ 3600.665,100
3377,10:56:06,$ 3602.1265,280
3378,10:56:01,$ 3602.64,500
3379,10:55:49,$ 3603.01,100
3380,10:55:49,$ 3603.01,100
3381,10:55:44,$ 3603.57,100
3382,10:55:44,$ 3604.00,100
3383,10:55:33,$ 3603.615,100
3384,10:55:28,$ 3603.71,100
3385,10:55:28,$ 3603.70,100
3386,10:55:28,$ 3603.70,100
3387,10:55:26,$ 3604.031,250
3388,10:55:23,$ 3604.69,400
3390,10:55:23,$ 3604.69,100
3391,10:55:20,$ 3603.518,128
3392,10:55:20,$ 3603.4299,317
3393,10:55:19,$ 3602.47,200
3394,10:55:19,$ 3603.14,100
3395,10:55:19,$ 3603.00,100
3396,10:55:19,$ 3602.98,100
3397,10:55:19,$ 3603.00,124
3398,10:55:19,$ 3603.00,100
3399,10:55:19,$ 3603.00,210
3400,10:55:19,$ 3603.00,100
3401,10:55:19,$ 3603.00,481
3402,10:55:19,$ 3602.98,100
3403,10:55:19,$ 3602.47,197
3404,10:54:55,$ 3602.5789,100
3405,10:54:49,$ 3602.20,281
3406,10:54:49,$ 3602.92,100
3407,10:54:37,$ 3600.47,248
3408,10:54:37,$ 3600.83,100
3409,10:54:30,$ 3600.47,100
3411,10:54:27,$ 3601.36,100
3412,10:54:24,$ 3600.84,100
3413,10:54:24,$ 3601.86,100
3414,10:54:21,$ 3600.97,100
3415,10:54:18,$ 3602.79,400
3416,10:54:18,$ 3602.79,100
3417,10:54:18,$ 3602.79,200
3418,10:54:08,$ 3600.90,100
3419,10:54:02,$ 3601.37,100
3420,10:54:02,$ 3602.0224,500
3421,10:54:00,$ 3602.00,223
3422,10:54:00,$ 3602.00,100
3423,10:53:56,$ 3602.11,100
3424,10:53:55,$ 3603.01,500
3425,10:53:55,$ 3602.01,100
3426,10:53:39,$ 3604.00,114
3427,10:53:36,$ 3603.07,100
3428,10:53:30,$ 3603.897,461
3429,10:53:29,$ 3603.615,130
3430,10:53:29,$ 3604.00,145
3432,10:53:29,$ 3604.23,100
3433,10:53:29,$ 3603.99,100
3434,10:53:11,$ 3602.03,100
3435,10:53:10,$ 3603.00,625
3436,10:53:07,$ 3602.9775,100
3437,10:53:06,$ 3602.2263,100
3438,10:53:00,$ 3603.45,100
3439,10:52:52,$ 3602.645,300
3440,10:52:52,$ 3601.53,100
3441,10:52:51,$ 3603.80,200
3442,10:52:51,$ 3603.78,100
3443,10:52:51,$ 3603.80,100
3444,10:52:51,$ 3603.4875,200
3445,10:52:51,$ 3603.77,100
3446,10:52:51,$ 3603.57,100
3447,10:52:51,$ 3603.77,100
3448,10:52:51,$ 3603.78,100
3449,10:52:51,$ 3603.34,100
3450,10:52:51,$ 3603.78,100
3451,10:52:51,$ 3603.7962,100
3453,10:52:51,$ 3603.79,100
3454,10:52:51,$ 3603.7965,200
3455,10:52:51,$ 3603.77,100
3456,10:52:51,$ 3603.77,100
3457,10:52:51,$ 3603.77,100
3458,10:52:48,$ 3602.77,100
3459,10:52:48,$ 3602.77,100
3460,10:52:48,$ 3602.77,100
3461,10:52:48,$ 3602.79,148
3462,10:52:47,$ 3603.00,100
3463,10:52:41,$ 3602.7676,200
3464,10:52:34,$ 3603.315,500
3465,10:52:32,$ 3602.96,100
3466,10:52:32,$ 3603.00,184
3467,10:52:32,$ 3603.00,249
3468,10:52:32,$ 3603.00,117
3469,10:52:28,$ 3602.22,100
3470,10:52:25,$ 3601.00,100
3471,10:52:25,$ 3601.00,400
3472,10:52:23,$ 3602.747,730
3474,10:52:10,$ 3601.675,500
3475,10:52:06,$ 3600.59,100
3476,10:52:04,$ 3601.035,100
3477,10:52:03,$ 3600.805,100
3478,10:52:02,$ 3601.13,100
3479,10:52:02,$ 3601.18,100
3480,10:51:47,$ 3599.94,100
3481,10:51:46,$ 3599.94,100
3482,10:51:28,$ 3598.82,325
3483,10:51:27,$ 3598.985,100
3484,10:51:26,$ 3598.395,100
3485,10:51:23,$ 3598.72,191
3486,10:51:18,$ 3600.135,100
3487,10:51:15,$ 3599.8447,200
3488,10:51:12,$ 3599.90,100
3489,10:51:12,$ 3598.20,100
3490,10:51:09,$ 3601.73,100
3491,10:51:04,$ 3601.26,100
3492,10:51:03,$ 3600.1301,150
3493,10:51:02,$ 3600.05,100
3495,10:51:02,$ 3600.14,100
3496,10:50:59,$ 3602.00,290
3497,10:50:57,$ 3601.69,100
3498,10:50:57,$ 3602.00,100
3499,10:50:54,$ 3602.44,100
3500,10:50:38,$ 3601.47,195
3501,10:50:38,$ 3601.47,194
3502,10:50:35,$ 3601.5736,100
3503,10:50:12,$ 3603.00,100
3504,10:50:12,$ 3603.00,133
3505,10:50:11,$ 3604.00,100
3506,10:50:11,$ 3604.02,100
3507,10:50:11,$ 3604.035,300
3508,10:50:10,$ 3604.59,100
3509,10:50:10,$ 3604.07,100
3510,10:50:10,$ 3603.195,100
3511,10:50:09,$ 3602.90,100
3512,10:50:09,$ 3602.92,100
3513,10:50:07,$ 3602.89,200
3514,10:50:03,$ 3602.00,100
3516,10:49:56,$ 3600.46,100
3517,10:49:54,$ 3601.69,150
3518,10:49:48,$ 3602.01,100
3519,10:49:42,$ 3602.725,"1,000"
3520,10:49:37,$ 3602.00,248
3521,10:49:37,$ 3602.00,182
3522,10:49:34,$ 3602.4055,100
3523,10:49:27,$ 3602.81,150
3524,10:49:25,$ 3600.9701,500
3525,10:49:24,$ 3601.9748,100
3526,10:49:23,$ 3601.435,150
3527,10:49:21,$ 3600.9801,500
3528,10:49:17,$ 3602.9258,200
3529,10:49:15,$ 3602.25,250
3530,10:49:15,$ 3602.80,100
3531,10:49:15,$ 3602.82,100
3532,10:49:06,$ 3602.475,500
3533,10:49:05,$ 3602.15,100
3534,10:49:05,$ 3601.71,100
3535,10:48:59,$ 3600.83,100
3537,10:48:57,$ 3601.00,115
3538,10:48:57,$ 3601.00,300
3539,10:48:57,$ 3601.00,100
3540,10:48:57,$ 3601.00,150
3541,10:48:56,$ 3600.50,200
3542,10:48:54,$ 3600.885,100
3543,10:48:53,$ 3600.00,200
3544,10:48:53,$ 3600.00,100
3545,10:48:49,$ 3600.40,100
3546,10:48:47,$ 3600.04,100
3547,10:48:47,$ 3600.10,100
3548,10:48:45,$ 3600.00,100
3549,10:48:40,$ 3599.27,100
3550,10:48:40,$ 3599.60,100
3551,10:48:36,$ 3599.5163,100
3552,10:48:34,$ 3599.525,100
3553,10:48:30,$ 3599.63,100
3554,10:48:24,$ 3600.165,200
3555,10:48:03,$ 3598.00,978
3556,10:48:03,$ 3598.42,100
3558,10:47:54,$ 3597.99,100
3559,10:47:51,$ 3597.545,160
3560,10:47:50,$ 3597.93,100
3561,10:47:40,$ 3597.21,100
3562,10:47:40,$ 3597.21,100
3563,10:47:36,$ 3597.25,200
3564,10:47:36,$ 3597.1637,290
3565,10:47:35,$ 3596.78,100
3566,10:47:34,$ 3597.28,100
3567,10:47:30,$ 3598.27,100
3568,10:47:17,$ 3596.68,100
3569,10:47:11,$ 3596.08,100
3570,10:47:07,$ 3596.1901,500
3571,10:47:06,$ 3596.51,100
3572,10:47:02,$ 3597.53,100
3573,10:47:02,$ 3597.53,100
3574,10:46:45,$ 3596.26,100
3575,10:46:45,$ 3597.01,100
3576,10:46:40,$ 3598.39,100
3577,10:46:39,$ 3599.46,100
3579,10:46:39,$ 3600.0434,150
3580,10:46:36,$ 3600.155,500
3581,10:46:22,$ 3600.8799,150
3582,10:46:07,$ 3598.495,100
3583,10:46:04,$ 3598.18,100
3584,10:45:57,$ 3600.00,760
3585,10:45:57,$ 3600.15,100
3586,10:45:57,$ 3599.86,400
3587,10:45:47,$ 3597.695,100
3588,10:45:47,$ 3598.48,100
3589,10:45:41,$ 3596.76,100
3590,10:45:40,$ 3596.88,"1,383"
3591,10:45:40,$ 3596.50,100
3592,10:45:40,$ 3596.73,100
3593,10:45:40,$ 3596.65,100
3594,10:45:40,$ 3596.69,100
3595,10:45:40,$ 3596.6697,100
3596,10:45:40,$ 3596.86,100
3597,10:45:40,$ 3596.90,100
3598,10:45:40,$ 3596.94,100
3600,10:45:40,$ 3596.98,100
3601,10:45:21,$ 3596.475,500
3602,10:45:21,$ 3596.475,500
3603,10:45:12,$ 3595.3571,500
3604,10:45:11,$ 3596.10,100
3605,10:45:11,$ 3596.275,100
3606,10:45:07,$ 3596.9549,200
3607,10:45:06,$ 3596.18,100
3608,10:45:06,$ 3596.10,100
3609,10:45:06,$ 3596.10,100
3610,10:45:06,$ 3596.08,100
3611,10:45:06,$ 3596.09,100
3612,10:45:06,$ 3596.05,100
3613,10:45:06,$ 3596.05,100
3614,10:45:06,$ 3596.09,100
3615,10:45:06,$ 3596.11,100
3616,10:45:05,$ 3597.16,500
3617,10:44:57,$ 3598.72,100
3618,10:44:45,$ 3600.19,100
3619,10:44:45,$ 3600.19,100
3621,10:44:45,$ 3600.02,100
3622,10:44:43,$ 3600.71,100
3623,10:44:43,$ 3600.52,100
3624,10:44:43,$ 3600.59,100
3625,10:44:43,$ 3600.53,400
3626,10:44:38,$ 3601.0001,500
3627,10:44:36,$ 3603.3499,150
3628,10:44:35,$ 3601.685,100
3629,10:44:32,$ 3601.60,175
3630,10:44:32,$ 3601.74,100
3631,10:44:32,$ 3601.685,100
3632,10:44:30,$ 3602.001,100
3633,10:44:30,$ 3602.02,100
3634,10:44:30,$ 3602.0183,107
3635,10:44:30,$ 3602.84,100
3636,10:44:30,$ 3600.0001,150
3637,10:44:30,$ 3602.366,107
3638,10:44:30,$ 3602.366,100
3639,10:44:30,$ 3602.4599,221
3640,10:44:30,$ 3602.0183,100
3642,10:44:30,$ 3602.41,100
3643,10:44:30,$ 3602.22,100
3644,10:44:29,$ 3602.25,100
3645,10:44:29,$ 3602.948,500
3646,10:44:24,$ 3603.335,100
3647,10:44:23,$ 3602.25,100
3648,10:44:23,$ 3602.415,100
3649,10:44:23,$ 3602.25,200
3650,10:44:18,$ 3602.0866,157
3651,10:44:18,$ 3602.89,100
3652,10:44:15,$ 3601.8101,150
3653,10:44:15,$ 3603.1099,269
3654,10:44:14,$ 3602.63,100
3655,10:44:14,$ 3602.63,100
3656,10:44:13,$ 3601.955,100
3657,10:44:11,$ 3602.61,100
3658,10:44:10,$ 3601.10,100
3659,10:44:02,$ 3600.01,105
3660,10:44:00,$ 3600.76,500
3661,10:44:00,$ 3601.00,444
3663,10:44:00,$ 3601.00,100
3664,10:44:00,$ 3601.00,110
3665,10:43:56,$ 3600.00,100
3666,10:43:56,$ 3600.00,100
3667,10:43:56,$ 3600.00,258
3668,10:43:56,$ 3600.00,100
3669,10:43:54,$ 3599.85,242
3670,10:43:54,$ 3599.85,100
3671,10:43:45,$ 3598.12,500
3672,10:43:44,$ 3598.00,231
3673,10:43:44,$ 3598.00,390
3674,10:43:44,$ 3598.00,290
3675,10:43:44,$ 3596.2017,100
3676,10:43:44,$ 3596.66,100
3677,10:43:44,$ 3596.61,100
3678,10:43:41,$ 3596.66,100
3679,10:43:35,$ 3595.115,100
3680,10:43:29,$ 3594.775,100
3681,10:43:29,$ 3595.64,100
3682,10:43:29,$ 3594.655,100
3684,10:43:25,$ 3594.11,100
3685,10:43:24,$ 3594.545,100
3686,10:43:24,$ 3594.56,100
3687,10:43:19,$ 3594.53,100
3688,10:43:18,$ 3594.532,500
3689,10:43:13,$ 3593.00,100
3690,10:43:13,$ 3593.00,100
3691,10:43:13,$ 3593.00,100
3692,10:43:13,$ 3593.02,110
3693,10:43:12,$ 3594.25,100
3694,10:43:12,$ 3594.24,100
3695,10:43:11,$ 3594.9684,200
3696,10:43:02,$ 3596.552,500
3697,10:43:00,$ 3596.55,100
3698,10:42:46,$ 3597.535,150
3699,10:42:39,$ 3598.80,100
3700,10:42:39,$ 3598.80,100
3701,10:42:33,$ 3599.4016,150
3702,10:42:33,$ 3598.79,100
3703,10:42:33,$ 3599.60,314
3705,10:42:33,$ 3600.00,497
3706,10:42:33,$ 3600.00,100
3707,10:42:33,$ 3600.00,100
3708,10:42:33,$ 3600.00,100
3709,10:42:33,$ 3600.00,203
3710,10:42:33,$ 3600.00,100
3711,10:42:33,$ 3599.60,100
3712,10:42:33,$ 3599.55,100
3713,10:42:33,$ 3599.60,100
3714,10:42:33,$ 3599.075,100
3715,10:42:33,$ 3599.075,100
3716,10:42:32,$ 3599.195,100
3717,10:42:28,$ 3598.95,100
3718,10:42:28,$ 3599.00,900
3719,10:42:24,$ 3598.0801,150
3720,10:42:15,$ 3598.0825,100
3721,10:42:15,$ 3598.96,100
3722,10:42:14,$ 3598.08,100
3723,10:42:14,$ 3598.96,100
3724,10:42:14,$ 3598.97,100
3726,10:42:13,$ 3598.8327,300
3727,10:42:11,$ 3599.04,930
3728,10:42:02,$ 3598.00,175
3729,10:42:01,$ 3599.045,100
3730,10:41:53,$ 3597.78,100
3731,10:41:15,$ 3595.995,150
3732,10:41:12,$ 3596.32,100
3733,10:41:01,$ 3595.5864,300
3734,10:40:58,$ 3594.30,100
3735,10:40:58,$ 3594.93,100
3736,10:40:57,$ 3596.5799,500
3737,10:40:56,$ 3596.57,100
3738,10:40:53,$ 3594.48,100
3739,10:40:53,$ 3595.26,100
3740,10:40:53,$ 3594.94,100
3741,10:40:53,$ 3595.26,100
3742,10:40:45,$ 3595.818,278
3743,10:40:42,$ 3596.56,100
3744,10:40:42,$ 3596.51,100
3745,10:40:42,$ 3596.51,100
3747,10:40:41,$ 3597.0235,250
3748,10:40:40,$ 3596.52,100
3749,10:40:17,$ 3597.3732,100
3750,10:40:16,$ 3598.25,100
3751,10:40:16,$ 3599.3178,100
3752,10:40:15,$ 3598.245,150
3753,10:40:14,$ 3598.165,100
3754,10:40:09,$ 3598.17,150
3755,10:40:08,$ 3598.17,500
3756,10:40:06,$ 3597.00,100
3757,10:40:06,$ 3597.2905,100
3758,10:40:06,$ 3598.175,100
3759,10:40:00,$ 3598.27,100
3760,10:39:42,$ 3599.11,150
3761,10:39:38,$ 3599.414,140
3762,10:39:31,$ 3599.4999,100
3763,10:39:28,$ 3598.0523,"1,000"
3764,10:39:24,$ 3600.40,150
3765,10:39:21,$ 3598.795,100
3766,10:39:14,$ 3600.005,100
3768,10:39:10,$ 3599.12,400
3769,10:39:10,$ 3599.11,100
3770,10:39:02,$ 3600.40,100
3771,10:39:02,$ 3600.40,100
3772,10:39:02,$ 3600.40,100
3773,10:38:59,$ 3599.22,300
3774,10:38:24,$ 3599.02,155
3775,10:38:24,$ 3599.20,100
3776,10:38:24,$ 3598.50,100
3777,10:38:24,$ 3600.53,100
3778,10:38:24,$ 3600.27,100
3779,10:38:24,$ 3600.60,100
3780,10:38:24,$ 3600.615,100
3781,10:38:22,$ 3601.13,100
3782,10:38:18,$ 3600.479,100
3783,10:38:04,$ 3599.23,100
3784,10:38:02,$ 3600.00,178
3785,10:38:01,$ 3600.6233,100
3786,10:37:57,$ 3600.8162,100
3787,10:37:53,$ 3599.00,100
3789,10:37:52,$ 3599.00,334
3790,10:37:52,$ 3599.00,299
3791,10:37:52,$ 3599.00,168
3792,10:37:51,$ 3598.64,100
3793,10:37:47,$ 3597.88,100
3794,10:37:47,$ 3597.79,100
3795,10:37:45,$ 3596.44,100
3796,10:37:41,$ 3596.39,100
3797,10:37:34,$ 3595.20,100
3798,10:37:29,$ 3595.056,101
3799,10:37:29,$ 3595.056,100
3800,10:37:29,$ 3594.78,100
3801,10:37:28,$ 3595.01,100
3802,10:37:28,$ 3595.34,200
3803,10:37:28,$ 3595.34,120
3804,10:37:26,$ 3595.51,100
3805,10:37:26,$ 3595.51,100
3806,10:37:21,$ 3596.06,150
3807,10:37:19,$ 3597.07,100
3808,10:37:13,$ 3595.5101,300
3810,10:37:03,$ 3597.90,100
3811,10:36:45,$ 3596.3618,150
3812,10:36:35,$ 3596.04,100
3813,10:36:35,$ 3596.00,100
3814,10:36:27,$ 3597.505,100
3815,10:36:19,$ 3598.11,200
3816,10:36:17,$ 3597.225,100
3817,10:36:17,$ 3598.27,100
3818,10:36:15,$ 3597.025,100
3819,10:36:04,$ 3596.3936,300
3820,10:36:03,$ 3595.5001,150
3821,10:36:01,$ 3596.25,500
3822,10:36:01,$ 3596.01,110
3823,10:36:01,$ 3596.08,100
3824,10:36:01,$ 3596.14,100
3825,10:36:01,$ 3596.72,176
3826,10:36:00,$ 3596.99,100
3827,10:36:00,$ 3597.19,100
3828,10:35:54,$ 3598.485,100
3829,10:35:53,$ 3599.27,100
3831,10:35:45,$ 3598.89,300
3832,10:35:45,$ 3598.955,100
3833,10:35:45,$ 3599.78,100
3834,10:35:45,$ 3599.77,100
3835,10:35:40,$ 3600.00,100
3836,10:35:40,$ 3600.00,672
3837,10:35:40,$ 3600.00,100
3838,10:35:40,$ 3600.00,222
3839,10:35:40,$ 3600.00,106
3840,10:35:40,$ 3599.23,100
3841,10:35:40,$ 3598.95,100
3842,10:35:25,$ 3597.492,100
3843,10:35:23,$ 3597.73,100
3844,10:35:21,$ 3596.91,150
3845,10:35:19,$ 3597.145,100
3846,10:35:14,$ 3596.70,400
3847,10:35:09,$ 3597.67,150
3848,10:35:09,$ 3596.95,100
3849,10:35:09,$ 3597.10,100
3850,10:34:45,$ 3597.74,500
3852,10:34:22,$ 3596.72,100
3853,10:34:22,$ 3596.92,100
3854,10:34:15,$ 3597.3501,500
