,NLS Time (ET),NLS Price,NLS Share Volume
1,09:59:58,$ 3692.00,100
2,09:59:58,$ 3692.10,100
3,09:59:58,$ 3692.10,100
4,09:59:57,$ 3692.32,100
5,09:59:57,$ 3692.02,100
6,09:59:55,$ 3693.10,100
7,09:59:54,$ 3692.32,100
8,09:59:54,$ 3692.20,100
9,09:59:53,$ 3692.9673,100
10,09:59:53,$ 3693.435,100
11,09:59:52,$ 3693.13,100
12,09:59:52,$ 3694.24,115
13,09:59:52,$ 3694.24,100
14,09:59:52,$ 3693.22,100
15,09:59:51,$ 3694.2251,100
16,09:59:51,$ 3694.00,100
17,09:59:50,$ 3694.28,100
18,09:59:49,$ 3695.29,500
19,09:59:49,$ 3695.17,100
20,09:59:49,$ 3695.46,100
22,09:59:47,$ 3697.00,100
23,09:59:28,$ 3700.2192,951
24,09:59:27,$ 3699.58,100
25,09:59:19,$ 3699.31,100
26,09:59:00,$ 3700.26,100
27,09:58:45,$ 3701.925,100
28,09:58:40,$ 3700.0001,100
29,09:58:38,$ 3701.34,200
30,09:58:35,$ 3702.00,200
31,09:58:35,$ 3702.00,100
32,09:58:31,$ 3703.293,"1,000"
33,09:58:23,$ 3704.02,200
34,09:58:18,$ 3703.11,242
35,09:58:18,$ 3703.32,100
36,09:58:08,$ 3704.21,500
37,09:58:07,$ 3703.43,196
38,09:58:06,$ 3705.02,100
39,09:58:05,$ 3704.0537,500
40,09:58:04,$ 3704.09,100
41,09:57:55,$ 3704.23,125
43,09:57:54,$ 3705.23,100
44,09:57:54,$ 3705.1062,100
45,09:57:50,$ 3705.00,100
46,09:57:50,$ 3705.00,100
47,09:57:50,$ 3705.00,100
48,09:57:50,$ 3705.00,100
49,09:57:50,$ 3705.00,100
50,09:57:50,$ 3705.00,171
51,09:57:50,$ 3705.00,389
52,09:57:49,$ 3704.98,100
53,09:57:43,$ 3704.63,100
54,09:57:43,$ 3704.86,100
55,09:57:43,$ 3704.63,100
56,09:57:43,$ 3703.51,100
57,09:57:43,$ 3704.86,100
58,09:57:43,$ 3704.86,100
59,09:57:43,$ 3704.86,100
60,09:57:43,$ 3703.51,100
61,09:57:43,$ 3703.51,100
62,09:57:43,$ 3704.86,100
64,09:57:41,$ 3703.895,200
65,09:57:39,$ 3704.42,100
66,09:57:39,$ 3704.80,100
67,09:57:39,$ 3704.42,100
68,09:57:39,$ 3704.33,100
69,09:57:30,$ 3703.42,100
70,09:57:28,$ 3704.2622,250
71,09:57:26,$ 3703.495,100
72,09:57:26,$ 3703.495,100
73,09:57:26,$ 3703.00,145
74,09:57:23,$ 3703.495,100
75,09:57:23,$ 3703.50,100
76,09:57:23,$ 3703.01,100
77,09:57:23,$ 3703.00,384
78,09:57:23,$ 3702.84,100
79,09:57:23,$ 3702.98,100
80,09:57:17,$ 3703.49,100
81,09:57:15,$ 3703.10,100
82,09:57:15,$ 3702.64,100
83,09:57:15,$ 3702.95,100
85,09:57:11,$ 3701.58,100
86,09:57:09,$ 3700.4086,460
87,09:57:06,$ 3701.17,100
88,09:57:06,$ 3701.70,100
89,09:57:02,$ 3699.82,100
90,09:57:02,$ 3700.00,100
91,09:57:02,$ 3700.00,100
92,09:57:02,$ 3700.00,197
93,09:57:02,$ 3700.00,100
94,09:57:02,$ 3700.00,100
95,09:57:02,$ 3700.00,100
96,09:56:45,$ 3697.03,100
97,09:56:45,$ 3697.03,100
98,09:56:45,$ 3698.63,100
99,09:56:38,$ 3697.895,112
100,09:56:30,$ 3695.95,100
101,09:56:22,$ 3694.475,150
102,09:56:21,$ 3695.17,100
103,09:56:21,$ 3694.9717,150
104,09:56:15,$ 3695.6791,107
106,09:56:15,$ 3695.6791,104
107,09:56:15,$ 3695.6791,289
108,09:56:11,$ 3694.69,100
109,09:56:07,$ 3694.465,100
110,09:56:04,$ 3695.00,100
111,09:56:02,$ 3696.40,100
112,09:56:02,$ 3696.00,100
113,09:55:57,$ 3697.2281,150
114,09:55:49,$ 3697.28,122
115,09:55:45,$ 3697.02,100
116,09:55:37,$ 3696.80,100
117,09:55:30,$ 3696.55,100
118,09:55:26,$ 3697.043,444
119,09:55:26,$ 3696.43,100
120,09:55:10,$ 3698.09,100
121,09:55:05,$ 3698.3347,100
122,09:54:55,$ 3699.5485,155
123,09:54:54,$ 3698.85,100
124,09:54:50,$ 3699.70,100
125,09:54:44,$ 3700.9952,150
127,09:54:39,$ 3701.1747,100
128,09:54:37,$ 3701.44,100
129,09:54:35,$ 3702.015,100
130,09:54:24,$ 3701.68,500
131,09:54:17,$ 3702.83,100
132,09:54:17,$ 3702.0393,100
133,09:54:14,$ 3701.58,100
134,09:54:14,$ 3702.74,100
135,09:54:14,$ 3702.74,100
136,09:54:05,$ 3702.02,100
137,09:54:03,$ 3702.00,100
138,09:53:56,$ 3700.16,100
139,09:53:54,$ 3700.57,100
140,09:53:53,$ 3702.00,500
141,09:53:51,$ 3700.89,100
142,09:53:50,$ 3701.428,170
143,09:53:50,$ 3701.99,100
144,09:53:50,$ 3701.97,100
145,09:53:50,$ 3701.425,200
146,09:53:46,$ 3702.005,100
148,09:53:46,$ 3701.978,100
149,09:53:46,$ 3701.97,100
150,09:53:46,$ 3701.99,100
151,09:53:46,$ 3702.00,100
152,09:53:39,$ 3700.99,100
153,09:53:39,$ 3701.00,100
154,09:53:38,$ 3700.8387,400
155,09:53:35,$ 3700.9699,100
156,09:53:34,$ 3700.41,100
157,09:53:34,$ 3700.43,100
158,09:53:32,$ 3701.00,151
159,09:53:32,$ 3700.3138,150
160,09:53:31,$ 3700.35,100
161,09:53:30,$ 3699.70,102
162,09:53:30,$ 3699.71,100
163,09:53:30,$ 3700.00,100
164,09:53:27,$ 3699.143,336
165,09:53:26,$ 3699.205,100
166,09:53:19,$ 3699.7028,100
167,09:53:17,$ 3699.9999,150
169,09:53:15,$ 3699.71,100
170,09:53:15,$ 3699.715,100
171,09:53:13,$ 3697.47,100
172,09:53:13,$ 3697.47,100
173,09:53:12,$ 3697.72,100
174,09:53:12,$ 3697.71,100
175,09:53:10,$ 3698.25,200
176,09:53:06,$ 3697.71,100
177,09:53:00,$ 3697.4421,150
178,09:52:53,$ 3697.195,200
179,09:52:53,$ 3697.2824,500
180,09:52:52,$ 3697.36,100
181,09:52:52,$ 3697.37,100
182,09:52:52,$ 3696.55,100
183,09:52:37,$ 3695.375,500
184,09:52:33,$ 3695.54,142
185,09:52:30,$ 3696.00,180
186,09:52:25,$ 3694.845,100
187,09:52:20,$ 3695.70,100
188,09:52:20,$ 3695.94,100
190,09:52:16,$ 3694.285,125
191,09:52:16,$ 3694.29,250
192,09:52:16,$ 3696.41,100
193,09:52:15,$ 3694.285,500
194,09:52:14,$ 3694.49,100
195,09:52:12,$ 3693.99,100
196,09:52:12,$ 3693.255,100
197,09:52:10,$ 3693.245,100
198,09:51:48,$ 3694.755,100
199,09:51:36,$ 3694.5199,100
200,09:51:33,$ 3692.79,100
201,09:51:30,$ 3692.275,500
202,09:51:30,$ 3693.25,100
203,09:51:27,$ 3689.95,100
204,09:51:23,$ 3689.94,100
205,09:51:23,$ 3689.94,100
206,09:51:23,$ 3689.94,100
207,09:51:23,$ 3689.94,100
208,09:51:23,$ 3689.94,100
209,09:51:23,$ 3689.94,100
211,09:51:23,$ 3688.97,100
212,09:51:22,$ 3689.95,100
213,09:51:20,$ 3689.95,100
214,09:51:19,$ 3689.94,400
215,09:51:16,$ 3690.52,100
216,09:51:16,$ 3689.98,100
217,09:51:16,$ 3690.63,100
218,09:51:16,$ 3689.905,100
219,09:51:16,$ 3689.905,100
220,09:51:16,$ 3689.77,280
221,09:51:16,$ 3690.14,280
222,09:51:16,$ 3689.415,200
223,09:51:16,$ 3689.99,100
224,09:51:16,$ 3690.18,100
225,09:51:16,$ 3690.18,100
226,09:51:16,$ 3690.14,100
227,09:51:16,$ 3689.99,100
228,09:51:16,$ 3689.99,100
229,09:51:16,$ 3689.99,100
230,09:51:16,$ 3689.99,100
232,09:51:16,$ 3689.99,100
233,09:51:16,$ 3689.91,100
234,09:51:16,$ 3689.73,100
235,09:51:12,$ 3688.00,450
236,09:51:03,$ 3689.77,100
237,09:51:03,$ 3690.08,100
238,09:50:58,$ 3689.47,100
239,09:50:58,$ 3689.36,100
240,09:50:58,$ 3689.66,100
241,09:50:58,$ 3689.98,100
242,09:50:49,$ 3689.2201,100
243,09:50:44,$ 3690.425,200
244,09:50:43,$ 3689.15,100
245,09:50:35,$ 3689.6719,150
246,09:50:29,$ 3689.80,100
247,09:50:26,$ 3688.54,500
248,09:50:26,$ 3688.51,100
249,09:50:26,$ 3689.558,100
250,09:50:17,$ 3688.82,100
251,09:50:17,$ 3688.62,100
253,09:50:17,$ 3688.60,100
254,09:50:17,$ 3688.57,100
255,09:50:11,$ 3687.3975,500
256,09:50:02,$ 3688.955,100
257,09:50:01,$ 3687.7436,100
258,09:49:59,$ 3688.485,100
259,09:49:57,$ 3688.52,100
260,09:49:57,$ 3688.00,100
261,09:49:57,$ 3689.53,100
262,09:49:57,$ 3689.53,100
263,09:49:55,$ 3690.06,100
264,09:49:54,$ 3691.07,100
265,09:49:54,$ 3691.195,500
266,09:49:53,$ 3691.95,100
267,09:49:52,$ 3691.79,100
268,09:49:47,$ 3690.925,150
269,09:49:47,$ 3690.03,100
270,09:49:47,$ 3690.03,100
271,09:49:47,$ 3690.03,100
272,09:49:47,$ 3690.03,100
274,09:49:47,$ 3690.37,100
275,09:49:45,$ 3690.81,100
276,09:49:29,$ 3690.68,100
277,09:49:13,$ 3692.09,100
278,09:49:13,$ 3691.93,100
279,09:49:13,$ 3691.81,100
280,09:49:09,$ 3692.78,100
281,09:49:09,$ 3691.7901,150
282,09:49:05,$ 3693.0492,150
283,09:49:03,$ 3693.00,100
284,09:49:00,$ 3691.6114,200
285,09:48:57,$ 3692.4275,100
286,09:48:57,$ 3692.415,354
287,09:48:42,$ 3692.3801,150
288,09:48:41,$ 3693.17,103
289,09:48:41,$ 3693.13,100
290,09:48:41,$ 3693.28,124
291,09:48:36,$ 3695.30,250
292,09:48:36,$ 3695.00,100
293,09:48:30,$ 3697.55,500
295,09:48:28,$ 3697.56,100
296,09:48:22,$ 3697.81,100
297,09:48:22,$ 3698.53,139
298,09:48:20,$ 3697.345,150
299,09:48:16,$ 3698.06,100
300,09:48:07,$ 3695.56,100
301,09:48:07,$ 3696.77,100
302,09:48:05,$ 3696.56,500
303,09:48:05,$ 3696.905,100
304,09:48:04,$ 3696.8718,280
305,09:48:03,$ 3697.33,100
306,09:47:58,$ 3695.4101,"1,250"
307,09:47:49,$ 3697.25,100
308,09:47:49,$ 3698.14,100
309,09:47:49,$ 3698.14,100
310,09:47:49,$ 3698.15,400
311,09:47:45,$ 3700.5186,288
312,09:47:45,$ 3699.34,100
313,09:47:45,$ 3698.72,100
314,09:47:44,$ 3698.96,500
316,09:47:42,$ 3700.5599,500
317,09:47:41,$ 3696.29,500
318,09:47:40,$ 3697.74,100
319,09:47:40,$ 3698.17,100
320,09:47:38,$ 3698.12,100
321,09:47:37,$ 3699.01,100
322,09:47:37,$ 3699.01,100
323,09:47:37,$ 3699.00,599
324,09:47:30,$ 3700.90,100
325,09:47:30,$ 3699.99,100
326,09:47:22,$ 3699.9784,150
327,09:47:21,$ 3699.3701,500
328,09:47:20,$ 3700.00,100
329,09:47:17,$ 3700.34,100
330,09:47:16,$ 3700.37,100
331,09:47:14,$ 3701.18,100
332,09:47:09,$ 3701.135,100
333,09:47:07,$ 3700.27,500
334,09:47:04,$ 3701.14,100
335,09:47:03,$ 3700.68,100
337,09:47:03,$ 3700.68,100
338,09:47:02,$ 3701.13,100
339,09:47:01,$ 3701.00,182
340,09:46:59,$ 3700.76,100
341,09:46:57,$ 3701.84,100
342,09:46:55,$ 3702.4899,107
343,09:46:55,$ 3701.91,100
344,09:46:55,$ 3701.91,100
345,09:46:55,$ 3701.82,100
346,09:46:54,$ 3701.9699,100
347,09:46:54,$ 3700.7783,100
348,09:46:54,$ 3701.145,200
349,09:46:50,$ 3702.00,100
350,09:46:49,$ 3700.30,100
351,09:46:49,$ 3700.39,100
352,09:46:45,$ 3700.00,100
353,09:46:45,$ 3700.40,148
354,09:46:45,$ 3700.00,200
355,09:46:45,$ 3699.90,100
356,09:46:45,$ 3700.00,104
358,09:46:42,$ 3699.82,100
359,09:46:42,$ 3699.26,100
360,09:46:42,$ 3699.27,100
361,09:46:42,$ 3699.42,100
362,09:46:42,$ 3699.75,100
363,09:46:41,$ 3698.93,100
364,09:46:40,$ 3698.00,100
365,09:46:34,$ 3698.09,120
366,09:46:32,$ 3698.3651,161
367,09:46:32,$ 3698.85,100
368,09:46:31,$ 3699.43,100
369,09:46:29,$ 3698.62,100
370,09:46:29,$ 3698.82,100
371,09:46:27,$ 3697.92,100
372,09:46:23,$ 3698.25,200
373,09:46:23,$ 3697.93,100
374,09:46:16,$ 3696.62,100
375,09:46:15,$ 3697.99,103
376,09:46:15,$ 3698.00,100
377,09:46:14,$ 3696.62,100
379,09:46:13,$ 3696.69,100
380,09:46:07,$ 3697.99,100
381,09:46:06,$ 3696.22,100
382,09:45:57,$ 3695.62,100
383,09:45:51,$ 3694.49,100
384,09:45:51,$ 3696.135,100
385,09:45:51,$ 3696.045,100
386,09:45:51,$ 3696.005,100
387,09:45:51,$ 3695.955,100
388,09:45:51,$ 3696.045,100
389,09:45:50,$ 3694.18,100
390,09:45:48,$ 3694.895,100
391,09:45:48,$ 3694.69,100
392,09:45:47,$ 3693.925,100
393,09:45:46,$ 3692.89,100
394,09:45:42,$ 3694.00,100
395,09:45:30,$ 3692.57,100
396,09:45:30,$ 3692.564,250
397,09:45:25,$ 3691.45,100
398,09:45:25,$ 3692.055,500
400,09:45:22,$ 3694.66,100
401,09:45:22,$ 3693.80,100
402,09:45:21,$ 3689.46,100
403,09:45:21,$ 3691.49,100
404,09:45:17,$ 3690.00,100
405,09:45:17,$ 3690.00,197
406,09:45:15,$ 3690.48,100
407,09:45:14,$ 3689.755,100
408,09:44:57,$ 3689.995,282
409,09:44:45,$ 3690.00,100
410,09:44:42,$ 3689.10,700
411,09:44:24,$ 3689.8796,100
412,09:44:23,$ 3689.0101,500
413,09:44:20,$ 3690.05,100
414,09:44:20,$ 3690.04,100
415,09:44:14,$ 3690.04,500
416,09:44:14,$ 3690.08,100
417,09:44:14,$ 3690.04,100
418,09:44:14,$ 3690.04,100
419,09:44:06,$ 3690.04,100
421,09:43:53,$ 3690.00,100
422,09:43:49,$ 3688.70,100
423,09:43:40,$ 3689.66,105
424,09:43:38,$ 3690.02,100
425,09:43:38,$ 3690.01,200
426,09:43:38,$ 3690.32,100
427,09:43:38,$ 3690.01,100
428,09:43:33,$ 3690.03,100
429,09:43:33,$ 3690.03,100
430,09:43:29,$ 3690.05,100
431,09:43:26,$ 3690.92,100
432,09:43:20,$ 3690.145,100
433,09:43:19,$ 3689.80,100
434,09:43:19,$ 3689.915,100
435,09:43:15,$ 3689.113,500
436,09:43:13,$ 3688.87,100
437,09:43:10,$ 3689.438,479
438,09:43:04,$ 3690.00,200
439,09:43:04,$ 3690.01,100
440,09:43:04,$ 3690.03,100
442,09:43:04,$ 3690.03,100
443,09:43:04,$ 3690.03,100
444,09:43:04,$ 3690.00,200
445,09:43:04,$ 3690.00,100
446,09:43:04,$ 3690.065,100
447,09:43:04,$ 3690.01,300
448,09:43:00,$ 3690.225,237
449,09:42:58,$ 3689.9893,125
450,09:42:51,$ 3688.84,500
451,09:42:42,$ 3690.82,500
452,09:42:41,$ 3690.82,100
453,09:42:41,$ 3690.00,281
454,09:42:41,$ 3690.495,100
455,09:42:41,$ 3690.00,100
456,09:42:40,$ 3691.99,100
457,09:42:38,$ 3690.99,100
458,09:42:38,$ 3690.99,100
459,09:42:38,$ 3691.04,100
460,09:42:38,$ 3691.00,100
461,09:42:38,$ 3691.01,100
463,09:42:38,$ 3690.99,100
464,09:42:35,$ 3691.03,100
465,09:42:35,$ 3691.01,100
466,09:42:35,$ 3691.00,100
467,09:42:35,$ 3691.03,100
468,09:42:18,$ 3688.79,100
469,09:42:16,$ 3688.37,100
470,09:42:16,$ 3688.38,112
471,09:42:16,$ 3688.37,100
472,09:42:12,$ 3689.36,100
473,09:42:11,$ 3688.03,100
474,09:41:56,$ 3689.53,100
475,09:41:56,$ 3689.52,100
476,09:41:56,$ 3689.50,100
477,09:41:56,$ 3689.57,100
478,09:41:56,$ 3689.27,100
479,09:41:55,$ 3689.57,100
480,09:41:54,$ 3689.97,100
481,09:41:54,$ 3689.97,100
482,09:41:54,$ 3690.08,100
484,09:41:49,$ 3689.99,100
485,09:41:49,$ 3690.00,100
486,09:41:38,$ 3690.37,100
487,09:41:38,$ 3690.37,100
488,09:41:38,$ 3690.37,100
489,09:41:38,$ 3690.37,100
490,09:41:38,$ 3690.37,100
491,09:41:38,$ 3690.48,100
492,09:41:38,$ 3690.37,100
493,09:41:38,$ 3690.37,100
494,09:41:38,$ 3690.80,100
495,09:41:38,$ 3690.60,100
496,09:41:38,$ 3690.48,100
497,09:41:38,$ 3690.37,100
498,09:41:32,$ 3691.455,500
499,09:41:30,$ 3690.87,100
500,09:41:30,$ 3691.8733,109
501,09:41:28,$ 3692.04,100
502,09:41:25,$ 3692.705,500
503,09:41:16,$ 3687.625,100
505,09:41:01,$ 3686.555,500
506,09:40:58,$ 3687.03,100
507,09:40:58,$ 3687.05,100
508,09:40:58,$ 3687.8152,300
509,09:40:52,$ 3688.017,500
510,09:40:47,$ 3687.18,100
511,09:40:24,$ 3687.03,100
512,09:40:18,$ 3688.265,100
513,09:40:08,$ 3686.3343,100
514,09:40:04,$ 3687.57,100
515,09:40:03,$ 3686.99,100
516,09:40:02,$ 3686.57,100
517,09:40:01,$ 3686.8325,214
518,09:40:01,$ 3686.09,128
519,09:40:00,$ 3687.64,100
520,09:39:56,$ 3689.10,100
521,09:39:56,$ 3687.96,100
522,09:39:53,$ 3687.78,100
523,09:39:48,$ 3688.80,100
524,09:39:47,$ 3688.62,100
526,09:39:47,$ 3689.03,100
527,09:39:47,$ 3689.05,100
528,09:39:47,$ 3689.03,100
529,09:39:46,$ 3687.7801,200
530,09:39:40,$ 3687.922,500
531,09:39:34,$ 3685.82,200
532,09:39:34,$ 3688.87,100
533,09:39:11,$ 3686.475,100
534,09:39:09,$ 3686.45,100
535,09:39:01,$ 3689.63,100
536,09:39:01,$ 3689.07,100
537,09:38:59,$ 3688.90,500
538,09:38:57,$ 3685.995,100
539,09:38:54,$ 3685.725,100
540,09:38:53,$ 3685.725,100
541,09:38:52,$ 3685.02,100
542,09:38:52,$ 3685.00,194
543,09:38:52,$ 3685.00,348
544,09:38:52,$ 3685.00,152
545,09:38:52,$ 3684.80,100
547,09:38:48,$ 3686.7262,150
548,09:38:46,$ 3686.58,100
549,09:38:40,$ 3687.34,100
550,09:38:40,$ 3687.29,100
551,09:38:40,$ 3687.29,100
552,09:38:40,$ 3689.0106,100
553,09:38:39,$ 3687.35,100
554,09:38:39,$ 3688.00,100
555,09:38:39,$ 3688.01,100
556,09:38:39,$ 3688.08,100
557,09:38:36,$ 3687.29,100
558,09:38:36,$ 3687.29,500
559,09:38:33,$ 3687.33,100
560,09:38:33,$ 3690.25,100
561,09:38:33,$ 3690.87,100
562,09:38:33,$ 3692.91,100
563,09:38:25,$ 3690.96,100
564,09:38:24,$ 3687.6501,100
565,09:38:15,$ 3686.9407,100
566,09:38:08,$ 3687.205,100
568,09:38:04,$ 3686.925,180
569,09:38:04,$ 3686.925,100
570,09:38:00,$ 3687.13,100
571,09:37:52,$ 3687.2167,100
572,09:37:45,$ 3687.77,128
573,09:37:45,$ 3687.38,100
574,09:37:43,$ 3686.35,100
575,09:37:43,$ 3687.00,100
576,09:37:30,$ 3685.655,100
577,09:37:30,$ 3685.49,100
578,09:37:28,$ 3686.41,100
579,09:37:22,$ 3686.475,100
580,09:37:22,$ 3686.95,100
581,09:37:22,$ 3686.95,100
582,09:37:20,$ 3686.40,100
583,09:37:19,$ 3686.95,100
584,09:37:18,$ 3687.23,100
585,09:37:18,$ 3687.24,100
586,09:37:18,$ 3687.38,100
587,09:37:18,$ 3687.23,100
589,09:37:13,$ 3688.73,200
590,09:37:12,$ 3689.75,100
591,09:37:12,$ 3689.95,100
592,09:36:57,$ 3687.57,100
593,09:36:56,$ 3687.57,100
594,09:36:55,$ 3688.47,100
595,09:36:54,$ 3689.42,100
596,09:36:53,$ 3691.9999,500
597,09:36:51,$ 3690.67,100
598,09:36:51,$ 3690.648,100
599,09:36:51,$ 3690.652,100
600,09:36:49,$ 3689.24,100
601,09:36:41,$ 3688.74,400
602,09:36:35,$ 3689.1126,100
603,09:36:35,$ 3690.29,100
604,09:36:35,$ 3690.27,100
605,09:36:35,$ 3690.2899,250
606,09:36:34,$ 3690.14,100
607,09:36:31,$ 3689.10,160
608,09:36:28,$ 3689.695,200
610,09:36:26,$ 3689.55,"1,000"
611,09:36:25,$ 3688.32,100
612,09:36:25,$ 3687.46,101
613,09:36:18,$ 3688.56,200
614,09:36:17,$ 3689.65,100
615,09:36:02,$ 3690.03,100
616,09:36:02,$ 3690.03,300
617,09:36:02,$ 3691.02,100
618,09:35:57,$ 3693.00,143
619,09:35:57,$ 3693.00,557
620,09:35:57,$ 3693.00,100
621,09:35:53,$ 3693.00,100
622,09:35:52,$ 3693.81,100
623,09:35:38,$ 3696.00,100
624,09:35:35,$ 3696.32,100
625,09:35:22,$ 3694.75,100
626,09:35:19,$ 3693.4212,100
627,09:35:15,$ 3693.18,100
628,09:35:02,$ 3697.53,100
629,09:34:59,$ 3699.08,100
631,09:34:41,$ 3694.2679,100
632,09:34:36,$ 3701.197,"2,065"
633,09:34:36,$ 3700.87,100
634,09:34:36,$ 3700.75,100
635,09:34:35,$ 3698.905,200
636,09:34:35,$ 3698.579,200
637,09:34:35,$ 3698.28,100
638,09:34:35,$ 3696.79,100
639,09:34:35,$ 3695.00,100
640,09:34:35,$ 3695.00,100
641,09:34:35,$ 3694.62,100
642,09:34:31,$ 3695.00,133
643,09:34:31,$ 3695.00,100
644,09:34:31,$ 3692.89,200
645,09:34:31,$ 3693.09,100
646,09:34:29,$ 3693.0758,400
647,09:34:29,$ 3692.513,100
648,09:34:28,$ 3692.21,500
649,09:34:26,$ 3695.00,100
650,09:34:21,$ 3696.00,100
652,09:34:09,$ 3697.2869,150
653,09:34:07,$ 3699.045,500
654,09:34:05,$ 3695.355,100
655,09:34:05,$ 3696.235,100
656,09:34:05,$ 3696.135,100
657,09:34:05,$ 3695.295,100
658,09:34:05,$ 3699.83,900
659,09:34:04,$ 3700.00,100
660,09:34:01,$ 3700.255,100
661,09:33:36,$ 3698.905,150
662,09:33:31,$ 3698.20,100
663,09:33:31,$ 3698.915,150
664,09:33:28,$ 3699.40,100
665,09:33:28,$ 3699.42,100
666,09:33:28,$ 3699.79,100
667,09:33:28,$ 3699.80,100
668,09:33:28,$ 3699.80,100
669,09:33:27,$ 3698.615,100
670,09:33:26,$ 3699.0656,100
671,09:33:26,$ 3699.64,100
673,09:32:59,$ 3698.10,150
674,09:32:55,$ 3698.77,100
675,09:32:55,$ 3699.56,100
676,09:32:47,$ 3700.3225,100
677,09:32:45,$ 3700.79,100
678,09:32:45,$ 3702.96,100
679,09:32:42,$ 3700.62,100
680,09:32:42,$ 3700.40,100
681,09:32:39,$ 3700.70,100
682,09:32:35,$ 3701.005,100
683,09:32:32,$ 3701.005,150
684,09:32:27,$ 3702.7786,281
685,09:32:27,$ 3701.80,100
686,09:32:27,$ 3701.80,100
687,09:32:18,$ 3697.50,100
688,09:32:14,$ 3698.4283,100
689,09:32:13,$ 3695.8985,100
690,09:32:12,$ 3697.15,126
691,09:32:12,$ 3697.00,172
692,09:32:06,$ 3697.41,197
694,09:32:04,$ 3700.00,480
695,09:32:04,$ 3700.00,278
696,09:32:04,$ 3700.00,203
697,09:32:03,$ 3700.00,176
698,09:31:55,$ 3700.00,130
699,09:31:49,$ 3700.72,100
700,09:31:49,$ 3701.43,100
701,09:31:48,$ 3699.72,100
702,09:31:46,$ 3702.60,100
703,09:31:45,$ 3700.01,100
704,09:31:43,$ 3700.50,140
705,09:31:40,$ 3701.15,100
706,09:31:40,$ 3701.14,100
707,09:31:40,$ 3701.00,100
708,09:31:40,$ 3701.00,116
709,09:31:39,$ 3703.00,225
710,09:31:39,$ 3703.00,100
711,09:31:38,$ 3702.00,100
712,09:31:36,$ 3704.515,275
713,09:31:27,$ 3703.01,100
715,09:31:25,$ 3704.065,100
716,09:31:25,$ 3704.00,300
717,09:31:19,$ 3705.93,175
718,09:31:17,$ 3704.8972,150
719,09:31:13,$ 3704.72,100
720,09:31:13,$ 3705.61,100
721,09:31:08,$ 3704.305,500
722,09:31:00,$ 3706.578,100
723,09:30:59,$ 3706.47,100
724,09:30:59,$ 3704.48,200
725,09:30:59,$ 3704.1575,100
726,09:30:59,$ 3707.18,100
727,09:30:59,$ 3707.23,100
728,09:30:59,$ 3705.63,100
729,09:30:58,$ 3707.9134,375
730,09:30:58,$ 3707.028,100
731,09:30:48,$ 3709.63,100
732,09:30:45,$ 3707.58,400
733,09:30:45,$ 3706.14,100
734,09:30:45,$ 3706.22,100
736,09:30:45,$ 3705.49,100
737,09:30:45,$ 3705.32,100
738,09:30:45,$ 3705.309,200
739,09:30:45,$ 3704.91,100
740,09:30:45,$ 3701.66,100
741,09:30:45,$ 3705.00,100
742,09:30:45,$ 3704.59,100
743,09:30:45,$ 3704.48,100
744,09:30:45,$ 3704.60,200
745,09:30:45,$ 3704.48,100
746,09:30:45,$ 3701.07,100
747,09:30:45,$ 3701.07,100
748,09:30:45,$ 3701.01,100
749,09:30:45,$ 3701.05,100
750,09:30:45,$ 3701.05,379
751,09:30:44,$ 3700.5664,459
752,09:30:44,$ 3700.69,100
753,09:30:42,$ 3700.00,100
754,09:30:42,$ 3699.56,139
755,09:30:38,$ 3700.56,100
757,09:30:36,$ 3699.00,100
758,09:30:36,$ 3699.02,100
759,09:30:36,$ 3700.00,200
760,09:30:36,$ 3700.17,100
761,09:30:35,$ 3700.93,100
762,09:30:35,$ 3701.035,100
763,09:30:28,$ 3701.90,100
764,09:30:27,$ 3702.22,100
765,09:30:27,$ 3702.10,100
766,09:30:26,$ 3703.4909,500
767,09:30:26,$ 3705.03,100
768,09:30:24,$ 3706.6215,100
769,09:30:24,$ 3706.3553,100
770,09:30:23,$ 3707.03,100
771,09:30:23,$ 3708.00,224
772,09:30:23,$ 3708.13,100
773,09:30:20,$ 3710.87,500
774,09:30:13,$ 3710.895,100
775,09:30:13,$ 3710.15,100
776,09:30:09,$ 3711.00,100
778,09:30:09,$ 3710.04,100
779,09:30:08,$ 3710.00,100
780,09:30:06,$ 3708.12,100
781,09:30:06,$ 3709.00,100
782,09:30:05,$ 3709.95,100
783,09:30:05,$ 3709.52,100
784,09:30:02,$ 3708.85,3
785,09:30:02,$ 3708.85,1
786,09:30:02,$ 3708.85,100
787,09:30:02,$ 3708.85,5
788,09:30:02,$ 3708.85,30
789,09:30:02,$ 3708.85,1
790,09:30:02,$ 3708.85,6
791,09:30:02,$ 3708.85,1
792,09:30:02,$ 3708.85,6
793,09:30:02,$ 3708.85,10
794,09:30:02,$ 3708.85,143
795,09:30:02,$ 3708.85,74
796,09:30:02,$ 3708.85,106
797,09:30:02,$ 3708.85,7
799,09:30:02,$ 3708.85,2
800,09:30:02,$ 3708.85,1
801,09:30:02,$ 3708.85,5
802,09:30:02,$ 3708.85,5
803,09:30:02,$ 3708.85,2
804,09:30:02,$ 3708.85,2
805,09:30:02,$ 3708.85,2
806,09:30:02,$ 3708.85,2
807,09:30:02,$ 3708.85,25
808,09:30:02,$ 3708.85,5
809,09:30:02,$ 3708.85,5
810,09:30:02,$ 3708.85,30
811,09:30:02,$ 3708.85,1
812,09:30:02,$ 3708.85,4
813,09:30:02,$ 3708.85,27
814,09:30:02,$ 3708.85,82
815,09:30:02,$ 3708.85,110
816,09:30:02,$ 3708.85,10
817,09:30:02,$ 3708.85,1
818,09:30:02,$ 3708.85,1
820,09:30:02,$ 3708.85,1
821,09:30:02,$ 3708.85,1
822,09:30:02,$ 3708.85,19
823,09:30:02,$ 3708.85,2
824,09:30:02,$ 3708.85,3
825,09:30:02,$ 3708.85,3
826,09:30:02,$ 3708.85,3
827,09:30:02,$ 3708.85,1
828,09:30:02,$ 3708.85,1
829,09:30:02,$ 3708.85,1
830,09:30:02,$ 3708.85,1
831,09:30:02,$ 3708.85,5
832,09:30:02,$ 3708.85,1
833,09:30:02,$ 3708.85,1
834,09:30:02,$ 3708.85,1
835,09:30:02,$ 3708.85,2
836,09:30:02,$ 3708.85,13
837,09:30:02,$ 3708.85,20
838,09:30:02,$ 3708.85,1
839,09:30:02,$ 3708.85,1
841,09:30:02,$ 3708.85,1
842,09:30:02,$ 3708.85,1
843,09:30:02,$ 3708.85,3
844,09:30:02,$ 3708.85,1
845,09:30:02,$ 3708.85,1
846,09:30:02,$ 3708.85,3
847,09:30:02,$ 3708.85,2
848,09:30:02,$ 3708.85,1
849,09:30:02,$ 3708.85,3
850,09:30:02,$ 3708.85,4
851,09:30:02,$ 3708.85,27
852,09:30:02,$ 3708.85,276
853,09:30:02,$ 3708.85,8
854,09:30:02,$ 3708.85,1
855,09:30:02,$ 3708.85,3
856,09:30:02,$ 3708.85,5
857,09:30:02,$ 3708.85,3
858,09:30:02,$ 3708.85,6
859,09:30:02,$ 3708.85,4
860,09:30:02,$ 3708.85,1
862,09:30:02,$ 3708.85,2
863,09:30:02,$ 3708.85,1
864,09:30:02,$ 3708.85,530
865,09:30:02,$ 3708.85,1
866,09:30:02,$ 3708.85,1
867,09:30:02,$ 3708.85,6
868,09:30:02,$ 3708.85,1
869,09:30:02,$ 3708.85,4
870,09:30:02,$ 3708.85,3
871,09:30:02,$ 3708.85,1
872,09:30:02,$ 3708.85,4
873,09:30:02,$ 3708.85,1
874,09:30:02,$ 3708.85,1
875,09:30:02,$ 3708.85,2
876,09:30:02,$ 3708.85,1
877,09:30:02,$ 3708.85,2
878,09:30:02,$ 3708.85,1
879,09:30:02,$ 3708.85,15
880,09:30:02,$ 3708.85,1
881,09:30:02,$ 3708.85,2
883,09:30:02,$ 3708.85,4
884,09:30:02,$ 3708.85,2
885,09:30:02,$ 3708.85,8
886,09:30:02,$ 3708.85,1
887,09:30:02,$ 3708.85,9
888,09:30:02,$ 3708.85,1
889,09:30:02,$ 3708.85,2
890,09:30:02,$ 3708.85,2
891,09:30:02,$ 3708.85,64
892,09:30:02,$ 3708.85,1
893,09:30:02,$ 3708.85,1
894,09:30:02,$ 3708.85,1
895,09:30:02,$ 3708.85,5
896,09:30:02,$ 3708.85,3
897,09:30:02,$ 3708.85,1
898,09:30:02,$ 3708.85,2
899,09:30:02,$ 3708.85,1
900,09:30:02,$ 3708.85,1
901,09:30:02,$ 3708.85,1
902,09:30:02,$ 3708.85,2
904,09:30:02,$ 3708.85,2
905,09:30:02,$ 3708.85,1
906,09:30:02,$ 3708.85,4
907,09:30:02,$ 3708.85,1
908,09:30:02,$ 3708.85,1
909,09:30:02,$ 3708.85,3
910,09:30:02,$ 3708.85,2
911,09:30:02,$ 3708.85,1
912,09:30:02,$ 3708.85,1
913,09:30:02,$ 3708.85,2
914,09:30:02,$ 3708.85,1
915,09:30:02,$ 3708.85,6
916,09:30:02,$ 3708.85,3
917,09:30:02,$ 3708.85,2
918,09:30:02,$ 3708.85,1
919,09:30:02,$ 3708.85,2
920,09:30:02,$ 3708.85,5
921,09:30:02,$ 3708.85,1
922,09:30:02,$ 3708.85,2
923,09:30:02,$ 3708.85,1
925,09:30:02,$ 3708.85,3
926,09:30:02,$ 3708.85,1
927,09:30:02,$ 3708.85,1
928,09:30:02,$ 3708.85,2
929,09:30:02,$ 3708.85,1
930,09:30:02,$ 3708.85,1
931,09:30:02,$ 3708.85,5
932,09:30:02,$ 3708.85,2
933,09:30:02,$ 3708.85,1
934,09:30:02,$ 3708.85,2
935,09:30:02,$ 3708.85,5
936,09:30:02,$ 3708.85,2
937,09:30:02,$ 3708.85,1
938,09:30:02,$ 3708.85,1
939,09:30:02,$ 3708.85,5
940,09:30:02,$ 3708.85,1
941,09:30:02,$ 3708.85,1
942,09:30:02,$ 3708.85,5
943,09:30:02,$ 3708.85,2
944,09:30:02,$ 3708.85,10
946,09:30:02,$ 3708.85,10
947,09:30:02,$ 3708.85,3
948,09:30:02,$ 3708.85,5
949,09:30:02,$ 3708.85,1
950,09:30:02,$ 3708.85,4
951,09:30:02,$ 3708.85,3
952,09:30:02,$ 3708.85,5
953,09:30:02,$ 3708.85,2
954,09:30:02,$ 3708.85,1
955,09:30:02,$ 3708.85,1
956,09:30:02,$ 3708.85,2
957,09:30:02,$ 3708.85,5
958,09:30:02,$ 3708.85,2
959,09:30:02,$ 3708.85,1
960,09:30:02,$ 3708.85,10
961,09:30:02,$ 3708.85,1
962,09:30:02,$ 3708.85,6
963,09:30:02,$ 3708.85,2
964,09:30:02,$ 3708.85,3
965,09:30:02,$ 3708.85,10
967,09:30:02,$ 3708.85,6
968,09:30:02,$ 3708.85,2
969,09:30:02,$ 3708.85,1
970,09:30:02,$ 3708.85,1
971,09:30:02,$ 3708.85,1
972,09:30:02,$ 3708.85,9
973,09:30:02,$ 3708.85,4
974,09:30:02,$ 3708.85,1
975,09:30:02,$ 3708.85,5
976,09:30:02,$ 3708.85,2
977,09:30:02,$ 3708.85,2
978,09:30:02,$ 3708.85,4
979,09:30:02,$ 3708.85,2
980,09:30:02,$ 3708.85,2
981,09:30:02,$ 3708.85,5
982,09:30:02,$ 3708.85,3
983,09:30:02,$ 3708.85,1
984,09:30:02,$ 3708.85,2
985,09:30:02,$ 3708.85,4
986,09:30:02,$ 3708.85,1
988,09:30:02,$ 3708.85,1
989,09:30:02,$ 3708.85,5
990,09:30:02,$ 3708.85,1
991,09:30:02,$ 3708.85,1
992,09:30:02,$ 3708.85,4
993,09:30:02,$ 3708.85,3
994,09:30:02,$ 3708.85,7
995,09:30:02,$ 3708.85,1
996,09:30:02,$ 3708.85,2
997,09:30:02,$ 3708.85,2
998,09:30:02,$ 3708.85,1
999,09:30:02,$ 3708.85,1
1000,09:30:02,$ 3708.85,3
1001,09:30:02,$ 3708.85,1
1002,09:30:02,$ 3708.85,3
1003,09:30:02,$ 3708.85,1
1004,09:30:02,$ 3708.85,1
1005,09:30:02,$ 3708.85,1
1006,09:30:02,$ 3708.85,1
1007,09:30:02,$ 3708.85,1
1009,09:30:02,$ 3708.85,7
1010,09:30:02,$ 3708.85,11
1011,09:30:02,$ 3708.85,1
1012,09:30:02,$ 3708.85,3
1013,09:30:02,$ 3708.85,1
1014,09:30:02,$ 3708.85,2
1015,09:30:02,$ 3708.85,10
1016,09:30:02,$ 3708.85,1
1017,09:30:02,$ 3708.85,75
1018,09:30:02,$ 3708.85,1
1019,09:30:02,$ 3708.85,6
1020,09:30:02,$ 3708.85,5
1021,09:30:02,$ 3708.85,1
1022,09:30:02,$ 3708.85,3
1023,09:30:02,$ 3708.85,1
1024,09:30:02,$ 3708.85,1
1025,09:30:02,$ 3708.85,2
1026,09:30:02,$ 3708.85,1
1027,09:30:02,$ 3708.85,1
1028,09:30:02,$ 3708.85,6
1030,09:30:02,$ 3708.85,11
1031,09:30:02,$ 3708.85,8
1032,09:30:02,$ 3708.85,3
1033,09:30:02,$ 3708.85,12
1034,09:30:02,$ 3708.85,1
1035,09:30:02,$ 3708.85,1
1036,09:30:02,$ 3708.85,502
1037,09:30:02,$ 3708.85,5
1038,09:30:02,$ 3708.85,1
1039,09:30:02,$ 3708.85,11
1040,09:30:02,$ 3708.85,2
1041,09:30:02,$ 3708.85,2
1042,09:30:02,$ 3708.85,1
1043,09:30:02,$ 3708.85,1
1044,09:30:02,$ 3708.85,1
1045,09:30:02,$ 3708.85,1
1046,09:30:02,$ 3708.85,5
1047,09:30:02,$ 3708.85,1
1048,09:30:02,$ 3708.85,100
1049,09:30:02,$ 3708.85,100
1051,09:30:02,$ 3708.85,2
1052,09:30:02,$ 3708.85,2
1053,09:30:02,$ 3708.85,5
1054,09:30:02,$ 3708.85,1
1055,09:30:02,$ 3708.85,3
1056,09:30:02,$ 3708.85,1
1057,09:30:02,$ 3708.85,1
1058,09:30:02,$ 3708.85,1
1059,09:30:02,$ 3708.85,1
1060,09:30:02,$ 3708.85,3
1061,09:30:02,$ 3708.85,1
1062,09:30:02,$ 3708.85,1
1063,09:30:02,$ 3708.85,1
1064,09:30:02,$ 3708.85,2
1065,09:30:02,$ 3708.85,7
1066,09:30:02,$ 3708.85,4
1067,09:30:02,$ 3708.85,2
1068,09:30:02,$ 3708.85,1
1069,09:30:02,$ 3708.85,2
1070,09:30:02,$ 3708.85,1
1072,09:30:02,$ 3708.85,1
1073,09:30:02,$ 3708.85,5
1074,09:30:02,$ 3708.85,2
1075,09:30:02,$ 3708.85,1
1076,09:30:02,$ 3708.85,59
1077,09:30:02,$ 3708.85,3
1078,09:30:02,$ 3708.85,1
1079,09:30:02,$ 3708.85,1
1080,09:30:02,$ 3708.85,1
1081,09:30:02,$ 3708.85,3
1082,09:30:02,$ 3708.85,299
1083,09:30:02,$ 3708.85,"2,000"
1084,09:30:02,$ 3708.85,"2,000"
1085,09:30:02,$ 3708.85,7
1086,09:30:02,$ 3708.85,3
1087,09:30:02,$ 3708.85,7
1088,09:30:02,$ 3708.85,2
1089,09:30:02,$ 3708.85,4
1090,09:30:02,$ 3708.85,1
1091,09:30:02,$ 3708.85,2
1093,09:30:02,$ 3708.85,44
1094,09:30:02,$ 3708.85,5
1095,09:30:02,$ 3708.85,1
1096,09:30:02,$ 3708.85,1
1097,09:30:02,$ 3708.85,16
1098,09:30:02,$ 3708.85,6
1099,09:30:02,$ 3708.85,1
1100,09:30:02,$ 3708.85,4
1101,09:30:02,$ 3708.85,1
1102,09:30:02,$ 3708.85,3
1103,09:30:02,$ 3708.85,8
1104,09:30:02,$ 3708.85,150
1105,09:30:02,$ 3708.85,25
1106,09:30:02,$ 3708.85,1
1107,09:30:02,$ 3708.85,1
1108,09:30:02,$ 3708.85,5
1109,09:30:02,$ 3708.85,5
1110,09:30:02,$ 3708.85,6
1111,09:30:02,$ 3708.85,3
1112,09:30:02,$ 3708.85,1
1114,09:30:02,$ 3708.85,8
1115,09:30:02,$ 3708.85,232
1116,09:30:02,$ 3708.85,18
1117,09:30:02,$ 3708.85,1
1118,09:30:02,$ 3708.85,1
1119,09:30:02,$ 3708.85,2
1120,09:30:02,$ 3708.85,1
1121,09:30:02,$ 3708.85,1
1122,09:30:02,$ 3708.85,1
1123,09:30:02,$ 3708.85,2
1124,09:30:02,$ 3708.85,3
1125,09:30:02,$ 3708.85,5
1126,09:30:02,$ 3708.85,1
1127,09:30:02,$ 3708.85,1
1128,09:30:02,$ 3708.85,1
1129,09:30:02,$ 3708.85,1
1130,09:30:02,$ 3708.85,4
1131,09:30:02,$ 3708.85,1
1132,09:30:02,$ 3708.85,3
1133,09:30:02,$ 3708.85,1
1135,09:30:02,$ 3708.85,8
1136,09:30:02,$ 3708.85,1
1137,09:30:02,$ 3708.85,1
1138,09:30:02,$ 3708.85,1
1139,09:30:02,$ 3708.85,1
1140,09:30:02,$ 3708.85,1
1141,09:30:02,$ 3708.85,1
1142,09:30:02,$ 3708.85,10
1143,09:30:02,$ 3708.85,1
1144,09:30:02,$ 3708.85,4
1145,09:30:02,$ 3708.85,1
1146,09:30:02,$ 3708.85,10
1147,09:30:02,$ 3708.85,13
1148,09:30:02,$ 3708.85,1
1149,09:30:02,$ 3708.85,2
1150,09:30:02,$ 3708.85,1
1151,09:30:02,$ 3708.85,1
1152,09:30:02,$ 3708.85,5
1153,09:30:02,$ 3708.85,1
1154,09:30:02,$ 3708.85,50
1156,09:30:02,$ 3708.85,1
1157,09:30:02,$ 3708.85,1
1158,09:30:02,$ 3708.85,5
1159,09:30:02,$ 3708.85,1
1160,09:30:02,$ 3708.85,4
1161,09:30:02,$ 3708.85,2
1162,09:30:02,$ 3708.85,25
1163,09:30:02,$ 3708.85,4
1164,09:30:02,$ 3708.85,25
1165,09:30:02,$ 3708.85,1
1166,09:30:02,$ 3708.85,5
1167,09:30:02,$ 3708.85,5
1168,09:30:02,$ 3708.85,2
1169,09:30:02,$ 3708.85,5
1170,09:30:02,$ 3708.85,2
1171,09:30:02,$ 3708.85,3
1172,09:30:02,$ 3708.85,3
1173,09:30:02,$ 3708.85,2
1174,09:30:02,$ 3708.85,150
1175,09:30:02,$ 3708.85,100
1177,09:30:02,$ 3708.85,7
1178,09:30:02,$ 3708.85,1
1179,09:30:02,$ 3708.85,2
1180,09:30:02,$ 3708.85,2
1181,09:30:02,$ 3708.85,3
1182,09:30:02,$ 3708.85,2
1183,09:30:02,$ 3708.85,14
1184,09:30:02,$ 3708.85,2
1185,09:30:02,$ 3708.85,2
1186,09:30:02,$ 3708.85,130
1187,09:30:02,$ 3708.85,1
1188,09:30:02,$ 3708.85,6
1189,09:30:02,$ 3708.85,1
1190,09:30:02,$ 3708.85,1
1191,09:30:02,$ 3708.85,3
1192,09:30:02,$ 3708.85,10
1193,09:30:02,$ 3708.85,1
1194,09:30:02,$ 3708.85,4
1195,09:30:02,$ 3708.85,8
1196,09:30:02,$ 3708.85,7
1198,09:30:02,$ 3708.85,14
1199,09:30:02,$ 3708.85,4
1200,09:30:02,$ 3708.85,2
1201,09:30:02,$ 3708.85,7
1202,09:30:02,$ 3708.85,1
1203,09:30:02,$ 3708.85,3
1204,09:30:02,$ 3708.85,3
1205,09:30:02,$ 3708.85,3
1206,09:30:02,$ 3708.85,13
1207,09:30:02,$ 3708.85,2
1208,09:30:02,$ 3708.85,2
1209,09:30:02,$ 3708.85,13
1210,09:30:02,$ 3708.85,10
1211,09:30:02,$ 3708.85,5
1212,09:30:02,$ 3708.85,20
1213,09:30:02,$ 3708.85,10
1214,09:30:02,$ 3708.85,6
1215,09:30:02,$ 3708.85,1
1216,09:30:02,$ 3708.85,10
1217,09:30:02,$ 3708.85,2
1219,09:30:02,$ 3708.85,6
1220,09:30:02,$ 3708.85,8
1221,09:30:02,$ 3708.85,10
1222,09:30:02,$ 3708.85,4
1223,09:30:02,$ 3708.85,3
1224,09:30:02,$ 3708.85,3
1225,09:30:02,$ 3708.85,2
1226,09:30:02,$ 3708.85,4
1227,09:30:02,$ 3708.85,6
1228,09:30:02,$ 3708.85,50
1229,09:30:02,$ 3708.85,3
1230,09:30:02,$ 3708.85,3
1231,09:30:02,$ 3708.85,2
1232,09:30:02,$ 3708.85,7
1233,09:30:02,$ 3708.85,11
1234,09:30:02,$ 3708.85,136
1235,09:30:02,$ 3708.85,2
1236,09:30:02,$ 3708.85,19
1237,09:30:02,$ 3708.85,3
1238,09:30:02,$ 3708.85,45
1240,09:30:02,$ 3708.85,56
1241,09:30:02,$ 3708.85,42
1242,09:30:02,$ 3708.85,5
1243,09:30:02,$ 3708.85,5
1244,09:30:02,$ 3708.85,5
1245,09:30:02,$ 3708.85,10
1246,09:30:02,$ 3708.85,10
1247,09:30:02,$ 3708.85,5
1248,09:30:02,$ 3708.85,2
1249,09:30:02,$ 3708.85,5
1250,09:30:02,$ 3708.85,1
1251,09:30:02,$ 3708.85,1
1252,09:30:02,$ 3708.85,1
1253,09:30:02,$ 3708.85,1
1254,09:30:02,$ 3708.85,2
1255,09:30:02,$ 3708.85,1
1256,09:30:02,$ 3708.85,3
1257,09:30:02,$ 3708.85,2
1258,09:30:02,$ 3708.85,3
1259,09:30:02,$ 3708.85,3
1261,09:30:02,$ 3708.85,2
1262,09:30:02,$ 3708.85,5
1263,09:30:02,$ 3708.85,3
1264,09:30:02,$ 3708.85,15
1265,09:30:02,$ 3708.85,4
1266,09:30:02,$ 3708.85,1
1267,09:30:02,$ 3708.85,15
1268,09:30:02,$ 3708.85,1
1269,09:30:02,$ 3708.85,1
1270,09:30:02,$ 3708.85,3
1271,09:30:02,$ 3708.85,26
1272,09:30:02,$ 3708.85,1
1273,09:30:02,$ 3708.85,2
1274,09:30:02,$ 3708.85,1
1275,09:30:02,$ 3708.85,1
1276,09:30:02,$ 3708.85,1
1277,09:30:02,$ 3708.85,10
1278,09:30:02,$ 3708.85,2
1279,09:30:02,$ 3708.85,1
1280,09:30:02,$ 3708.85,2
1282,09:30:02,$ 3708.85,1
1283,09:30:02,$ 3708.85,3
1284,09:30:02,$ 3708.85,3
1285,09:30:02,$ 3708.85,1
1286,09:30:02,$ 3708.85,1
1287,09:30:02,$ 3708.85,1
1288,09:30:02,$ 3708.85,1
1289,09:30:02,$ 3708.85,2
1290,09:30:02,$ 3708.85,2
1291,09:30:02,$ 3708.85,8
1292,09:30:02,$ 3708.85,1
1293,09:30:02,$ 3708.85,1
1294,09:30:02,$ 3708.85,4
1295,09:30:02,$ 3708.85,1
1296,09:30:02,$ 3708.85,2
1297,09:30:02,$ 3708.85,1
1298,09:30:02,$ 3708.85,2
1299,09:30:02,$ 3708.85,2
1300,09:30:02,$ 3708.85,4
1301,09:30:02,$ 3708.85,1
1303,09:30:02,$ 3708.85,20
1304,09:30:02,$ 3708.85,3
1305,09:30:02,$ 3708.85,5
1306,09:30:02,$ 3708.85,2
1307,09:30:02,$ 3708.85,2
1308,09:30:02,$ 3708.85,4
1309,09:30:02,$ 3708.85,1
1310,09:30:02,$ 3708.85,3
1311,09:30:02,$ 3708.85,1
1312,09:30:02,$ 3708.85,5
1313,09:30:02,$ 3708.85,1
1314,09:30:02,$ 3708.85,5
1315,09:30:02,$ 3708.85,5
1316,09:30:02,$ 3708.85,1
1317,09:30:02,$ 3708.85,5
1318,09:30:02,$ 3708.85,1
1319,09:30:02,$ 3708.85,1
1320,09:30:02,$ 3708.85,1
1321,09:30:02,$ 3708.85,2
1322,09:30:02,$ 3708.85,25
1324,09:30:02,$ 3708.85,20
1325,09:30:02,$ 3708.85,1
1326,09:30:02,$ 3708.85,2
1327,09:30:02,$ 3708.85,100
1328,09:30:02,$ 3708.85,1
1329,09:30:02,$ 3708.85,1
1330,09:30:02,$ 3708.85,3
1331,09:30:02,$ 3708.85,10
1332,09:30:02,$ 3708.85,1
1333,09:30:02,$ 3708.85,10
1334,09:30:02,$ 3708.85,161
1335,09:30:02,$ 3708.85,2
1336,09:30:02,$ 3708.85,1
1337,09:30:02,$ 3708.85,736
1338,09:30:02,$ 3708.85,1
1339,09:30:02,$ 3708.85,175
1340,09:30:02,$ 3708.85,1
1341,09:30:02,$ 3708.85,5
1342,09:30:02,$ 3708.85,1
1343,09:30:02,$ 3708.85,2
1345,09:30:02,$ 3708.85,1
1346,09:30:02,$ 3708.85,1
1347,09:30:02,$ 3708.85,3
1348,09:30:02,$ 3708.85,20
1349,09:30:02,$ 3708.85,16
1350,09:30:02,$ 3708.85,5
1351,09:30:02,$ 3708.85,1
1352,09:30:02,$ 3708.85,7
1353,09:30:02,$ 3708.85,80
1354,09:30:02,$ 3708.85,26
1355,09:30:02,$ 3708.85,13
1356,09:30:02,$ 3708.85,8
1357,09:30:02,$ 3708.85,8
1358,09:30:02,$ 3708.85,8
1359,09:30:02,$ 3708.85,2
1360,09:30:02,$ 3708.85,1
1361,09:30:02,$ 3708.85,1
1362,09:30:02,$ 3708.85,3
1363,09:30:02,$ 3708.85,1
1364,09:30:02,$ 3708.85,4
1366,09:30:02,$ 3708.85,1
1367,09:30:02,$ 3708.85,1
1368,09:30:02,$ 3708.85,2
1369,09:30:02,$ 3708.85,3
1370,09:30:02,$ 3708.85,10
1371,09:30:02,$ 3708.85,"1,278"
1372,09:30:02,$ 3708.85,1
1373,09:30:02,$ 3708.85,3
1374,09:30:02,$ 3708.85,2
1375,09:30:02,$ 3708.85,2
1376,09:30:02,$ 3708.85,1
1377,09:30:02,$ 3708.85,33
1378,09:30:02,$ 3708.85,4
1379,09:30:02,$ 3708.85,2
1380,09:30:02,$ 3708.85,2
1381,09:30:02,$ 3708.85,3
1382,09:30:02,$ 3708.85,7
1383,09:30:02,$ 3708.85,3
1384,09:30:02,$ 3708.85,7
1385,09:30:02,$ 3708.85,7
1387,09:30:02,$ 3708.85,2
1388,09:30:02,$ 3708.85,1
1389,09:30:02,$ 3708.85,20
1390,09:30:02,$ 3708.85,2
1391,09:30:02,$ 3708.85,7
1392,09:30:02,$ 3708.85,3
1393,09:30:02,$ 3708.85,10
1394,09:30:02,$ 3708.85,1
1395,09:30:02,$ 3708.85,1
1396,09:30:02,$ 3708.85,1
1397,09:30:02,$ 3708.85,2
1398,09:30:02,$ 3708.85,1
1399,09:30:02,$ 3708.85,2
1400,09:30:02,$ 3708.85,1
1401,09:30:02,$ 3708.85,3
1402,09:30:02,$ 3708.85,1
1403,09:30:02,$ 3708.85,1
1404,09:30:02,$ 3708.85,1
1405,09:30:02,$ 3708.85,1
1406,09:30:02,$ 3708.85,1
1408,09:30:02,$ 3708.85,2
1409,09:30:02,$ 3708.85,2
1410,09:30:02,$ 3708.85,1
1411,09:30:02,$ 3708.85,2
1412,09:30:02,$ 3708.85,1
1413,09:30:02,$ 3708.85,1
1414,09:30:02,$ 3708.85,1
1415,09:30:02,$ 3708.85,1
1416,09:30:02,$ 3708.85,1
1417,09:30:02,$ 3708.85,2
1418,09:30:02,$ 3708.85,1
1419,09:30:02,$ 3708.85,1
1420,09:30:02,$ 3708.85,1
1421,09:30:02,$ 3708.85,1
1422,09:30:02,$ 3708.85,1
1423,09:30:02,$ 3708.85,1
1424,09:30:02,$ 3708.85,1
1425,09:30:02,$ 3708.85,1
1426,09:30:02,$ 3708.85,4
1427,09:30:02,$ 3708.85,1
1429,09:30:02,$ 3708.85,1
1430,09:30:02,$ 3708.85,2
1431,09:30:02,$ 3708.85,1
1432,09:30:02,$ 3708.85,2
1433,09:30:02,$ 3708.85,1
1434,09:30:02,$ 3708.85,1
1435,09:30:02,$ 3708.85,1
1436,09:30:02,$ 3708.85,1
1437,09:30:02,$ 3708.85,2
1438,09:30:02,$ 3708.85,1
1439,09:30:02,$ 3708.85,1
1440,09:30:02,$ 3708.85,1
1441,09:30:02,$ 3708.85,1
1442,09:30:02,$ 3708.85,3
1443,09:30:02,$ 3708.85,2
1444,09:30:02,$ 3708.85,1
1445,09:30:02,$ 3708.85,2
1446,09:30:02,$ 3708.85,4
1447,09:30:02,$ 3708.85,1
1448,09:30:02,$ 3708.85,1
1450,09:30:02,$ 3708.85,2
1451,09:30:02,$ 3708.85,1
1452,09:30:02,$ 3708.85,1
1453,09:30:02,$ 3708.85,1
1454,09:30:02,$ 3708.85,1
1455,09:30:02,$ 3708.85,1
1456,09:30:02,$ 3708.85,1
1457,09:30:02,$ 3708.85,1
1458,09:30:02,$ 3708.85,12
1459,09:30:02,$ 3708.85,33
1460,09:30:02,$ 3708.85,9
1461,09:30:02,$ 3708.85,1
1462,09:30:02,$ 3708.85,1
1463,09:30:02,$ 3708.85,19
1464,09:30:02,$ 3708.85,2
1465,09:30:02,$ 3708.85,1
1466,09:30:02,$ 3708.85,10
1467,09:30:02,$ 3708.85,136
1468,09:30:02,$ 3708.85,25
1469,09:30:02,$ 3708.85,2
1471,09:30:02,$ 3708.85,4
1472,09:30:02,$ 3708.85,1
1473,09:30:02,$ 3708.85,2
1474,09:30:02,$ 3708.85,29
1475,09:30:02,$ 3708.85,5
1476,09:30:02,$ 3708.85,1
1477,09:30:02,$ 3708.85,1
1478,09:30:02,$ 3708.85,1
1479,09:30:02,$ 3708.85,3
1480,09:30:02,$ 3708.85,7
1481,09:30:02,$ 3708.85,1
1482,09:30:02,$ 3708.85,1
1483,09:30:02,$ 3708.85,2
1484,09:30:02,$ 3708.85,3
1485,09:30:02,$ 3708.85,1
1486,09:30:02,$ 3708.85,1
1487,09:30:02,$ 3708.85,21
1488,09:30:02,$ 3708.85,5
1489,09:30:02,$ 3708.85,4
1490,09:30:02,$ 3708.85,5
1492,09:30:02,$ 3708.85,1
1493,09:30:02,$ 3708.85,1
1494,09:30:02,$ 3708.85,1
1495,09:30:02,$ 3708.85,2
1496,09:30:02,$ 3708.85,1
1497,09:30:02,$ 3708.85,1
1498,09:30:02,$ 3708.85,2
1499,09:30:02,$ 3708.85,2
1500,09:30:02,$ 3708.85,2
1501,09:30:02,$ 3708.85,1
1502,09:30:02,$ 3708.85,1
1503,09:30:02,$ 3708.85,19
1504,09:30:02,$ 3708.85,6
1505,09:30:02,$ 3708.85,2
1506,09:30:02,$ 3708.85,1
1507,09:30:02,$ 3708.85,1
1508,09:30:02,$ 3708.85,3
1509,09:30:02,$ 3708.85,18
1510,09:30:02,$ 3708.85,11
1511,09:30:02,$ 3708.85,2
1513,09:30:02,$ 3708.85,3
1514,09:30:02,$ 3708.85,7
1515,09:30:02,$ 3708.85,3
1516,09:30:02,$ 3708.85,3
1517,09:30:02,$ 3708.85,1
1518,09:30:02,$ 3708.85,11
1519,09:30:02,$ 3708.85,1
1520,09:30:02,$ 3708.85,1
1521,09:30:02,$ 3708.85,5
1522,09:30:02,$ 3708.85,1
1523,09:30:02,$ 3708.85,70
1524,09:30:02,$ 3708.85,1
1525,09:30:02,$ 3708.85,1
1526,09:30:02,$ 3708.85,1
1527,09:30:02,$ 3708.85,5
1528,09:30:02,$ 3708.85,4
1529,09:30:02,$ 3708.85,6
1530,09:30:02,$ 3708.85,150
1531,09:30:02,$ 3708.85,27
1532,09:30:02,$ 3708.85,14
1534,09:30:02,$ 3708.85,15
1535,09:30:02,$ 3708.85,13
1536,09:30:02,$ 3708.85,23
1537,09:30:02,$ 3708.85,12
1538,09:30:02,$ 3708.85,24
1539,09:30:02,$ 3708.85,111
1540,09:30:02,$ 3708.85,1
1541,09:30:02,$ 3708.85,10
1542,09:30:02,$ 3708.85,20
1543,09:30:02,$ 3708.85,18
1544,09:30:02,$ 3708.85,199
1545,09:30:02,$ 3708.85,3
1546,09:30:02,$ 3708.85,168
1547,09:30:02,$ 3708.85,100
1548,09:30:02,$ 3708.85,100
1549,09:30:02,$ 3708.85,1
1550,09:30:02,$ 3708.85,"2,565"
1551,09:30:02,$ 3708.85,2
1552,09:30:02,$ 3708.85,1
1553,09:30:02,$ 3708.85,1
1555,09:30:02,$ 3708.85,100
1556,09:30:02,$ 3708.85,7
1557,09:30:02,$ 3708.85,5
1558,09:30:02,$ 3708.85,3
1559,09:30:02,$ 3708.85,7
1560,09:30:02,$ 3708.85,10
1561,09:30:02,$ 3708.85,7
1562,09:30:02,$ 3708.85,4
1563,09:30:02,$ 3708.85,24
1564,09:30:02,$ 3708.85,97
1565,09:30:02,$ 3708.85,569
1566,09:30:02,$ 3708.85,1
1567,09:30:02,$ 3708.85,46
1568,09:30:02,$ 3708.85,200
1569,09:30:02,$ 3708.85,6
1570,09:30:02,$ 3708.85,9
1571,09:30:02,$ 3708.85,50
1572,09:30:02,$ 3708.85,3
1573,09:30:02,$ 3708.85,6
1574,09:30:02,$ 3708.85,2
1576,09:30:02,$ 3708.85,50
1577,09:30:02,$ 3708.85,4
1578,09:30:02,$ 3708.85,15
1579,09:30:02,$ 3708.85,38
1580,09:30:02,$ 3708.85,1
1581,09:30:02,$ 3708.85,90
1582,09:30:02,$ 3708.85,1
1583,09:30:02,$ 3708.85,35
1584,09:30:02,$ 3708.85,208
1585,09:30:02,$ 3708.85,1
1586,09:30:02,$ 3708.85,30
1587,09:30:02,$ 3708.85,1
1588,09:30:02,$ 3708.85,1
1589,09:30:02,$ 3708.85,80
1590,09:30:02,$ 3708.85,1
1591,09:30:02,$ 3708.85,2
1592,09:30:02,$ 3708.85,2
1593,09:30:02,$ 3708.85,12
1594,09:30:02,$ 3708.85,5
1595,09:30:02,$ 3708.85,5
1597,09:30:02,$ 3708.85,7
1598,09:30:02,$ 3708.85,483
1599,09:30:02,$ 3708.85,30
1600,09:30:02,$ 3708.85,7
1601,09:30:02,$ 3708.85,3
1602,09:30:02,$ 3708.85,40
1603,09:30:02,$ 3708.85,6
1604,09:30:02,$ 3708.85,1
1605,09:30:02,$ 3708.85,15
1606,09:30:02,$ 3708.85,1
1607,09:30:02,$ 3708.85,5
1608,09:30:02,$ 3708.85,2
1609,09:30:02,$ 3708.85,14
1610,09:30:02,$ 3708.85,3
1611,09:30:02,$ 3708.85,1
1612,09:30:02,$ 3708.85,100
1613,09:30:02,$ 3708.85,4
1614,09:30:02,$ 3708.85,8
1615,09:30:02,$ 3708.85,14
1616,09:30:02,$ 3708.85,8
1618,09:30:02,$ 3708.85,33
1619,09:30:02,$ 3708.85,6
1620,09:30:02,$ 3708.85,10
1621,09:30:02,$ 3708.85,6
1622,09:30:02,$ 3708.85,3
1623,09:30:02,$ 3708.85,78
1624,09:30:02,$ 3708.85,1
1625,09:30:02,$ 3708.85,1
1626,09:30:02,$ 3708.85,2
1627,09:30:02,$ 3708.85,1
1628,09:30:02,$ 3708.85,1
1629,09:30:02,$ 3708.85,7
1630,09:30:02,$ 3708.85,1
1631,09:30:02,$ 3708.85,340
1632,09:30:02,$ 3708.85,18
1633,09:30:02,$ 3708.85,10
1634,09:30:02,$ 3708.85,25
1635,09:30:02,$ 3708.85,100
1636,09:30:02,$ 3708.85,3
1637,09:30:02,$ 3708.85,3
1639,09:30:02,$ 3708.85,2
1640,09:30:02,$ 3708.85,1
1641,09:30:02,$ 3708.85,100
1642,09:30:02,$ 3708.85,1
1643,09:30:02,$ 3708.85,1
1644,09:30:02,$ 3708.85,10
1645,09:30:02,$ 3708.85,1
1646,09:30:02,$ 3708.85,1
1647,09:30:02,$ 3708.85,3
1648,09:30:02,$ 3708.85,1
1649,09:30:02,$ 3708.85,3
1650,09:30:02,$ 3708.85,9
1651,09:30:02,$ 3708.85,2
1652,09:30:02,$ 3708.85,9
1653,09:30:02,$ 3708.85,84
1654,09:30:02,$ 3708.85,19
1655,09:30:02,$ 3708.85,4
1656,09:30:02,$ 3708.85,10
1657,09:30:02,$ 3708.85,5
1658,09:30:02,$ 3708.85,50
1660,09:30:02,$ 3708.85,1
1661,09:30:02,$ 3708.85,26
1662,09:30:02,$ 3708.85,2
1663,09:30:02,$ 3708.85,10
1664,09:30:02,$ 3708.85,33
1665,09:30:02,$ 3708.85,10
1666,09:30:02,$ 3708.85,248
1667,09:30:02,$ 3708.85,11
1668,09:30:02,$ 3708.85,5
1669,09:30:02,$ 3708.85,470
1670,09:30:02,$ 3708.85,60
1671,09:30:02,$ 3708.85,32
1672,09:30:02,$ 3708.85,34
1673,09:30:02,$ 3708.85,23
1674,09:30:02,$ 3708.85,45
1675,09:30:02,$ 3708.85,40
1676,09:30:02,$ 3708.85,222
1677,09:30:02,$ 3708.85,2
1678,09:30:02,$ 3708.85,1
1679,09:30:02,$ 3708.85,7
1681,09:30:02,$ 3708.85,2
1682,09:30:02,$ 3708.85,3
1683,09:30:02,$ 3708.85,15
1684,09:30:02,$ 3708.85,10
1685,09:30:02,$ 3708.85,700
1686,09:30:02,$ 3708.85,15
1687,09:30:02,$ 3708.85,109
1688,09:30:02,$ 3708.85,12
1689,09:30:02,$ 3708.85,1
1690,09:30:02,$ 3708.85,5
1691,09:30:02,$ 3708.85,12
1692,09:30:02,$ 3708.85,1
1693,09:30:02,$ 3708.85,5
1694,09:30:02,$ 3708.85,3
1695,09:30:02,$ 3708.85,5
1696,09:30:02,$ 3708.85,5
1697,09:30:02,$ 3708.85,1
1698,09:30:02,$ 3708.85,1
1699,09:30:02,$ 3708.85,3
1700,09:30:02,$ 3708.85,1
1702,09:30:02,$ 3708.85,7
1703,09:30:02,$ 3708.85,50
1704,09:30:02,$ 3708.85,6
1705,09:30:02,$ 3708.85,6
1706,09:30:02,$ 3708.85,1
1707,09:30:02,$ 3708.85,2
1708,09:30:02,$ 3708.85,138
1709,09:30:02,$ 3708.85,3
1710,09:30:02,$ 3708.85,1
1711,09:30:02,$ 3708.85,16
1712,09:30:02,$ 3708.85,10
1713,09:30:02,$ 3708.85,100
1714,09:30:02,$ 3708.85,1
1715,09:30:02,$ 3708.85,2
1716,09:30:02,$ 3708.85,1
1717,09:30:02,$ 3708.85,1
1718,09:30:02,$ 3708.85,3
1719,09:30:02,$ 3708.85,25
1720,09:30:02,$ 3708.85,1
1721,09:30:02,$ 3708.85,4
1723,09:30:02,$ 3708.85,5
1724,09:30:02,$ 3708.85,2
1725,09:30:02,$ 3708.85,89
1726,09:30:02,$ 3708.85,1
1727,09:30:02,$ 3708.85,12
1728,09:30:02,$ 3708.85,3
1729,09:30:02,$ 3708.85,37
1730,09:30:02,$ 3708.85,10
1731,09:30:02,$ 3708.85,46
1732,09:30:02,$ 3708.85,25
1733,09:30:02,$ 3708.85,5
1734,09:30:02,$ 3708.85,1
1735,09:30:02,$ 3708.85,2
1736,09:30:02,$ 3708.85,2
1737,09:30:02,$ 3708.85,5
1738,09:30:02,$ 3708.85,2
1739,09:30:02,$ 3708.85,1
1740,09:30:02,$ 3708.85,20
1741,09:30:02,$ 3708.85,15
1742,09:30:02,$ 3708.85,1
1744,09:30:02,$ 3708.85,2
1745,09:30:02,$ 3708.85,1
1746,09:30:02,$ 3708.85,40
1747,09:30:02,$ 3708.85,2
1748,09:30:02,$ 3708.85,1
1749,09:30:02,$ 3708.85,20
1750,09:30:02,$ 3708.85,1
1751,09:30:02,$ 3708.85,9
1752,09:30:02,$ 3708.85,5
1753,09:30:02,$ 3708.85,1
1754,09:30:02,$ 3708.85,3
1755,09:30:02,$ 3708.85,2
1756,09:30:02,$ 3708.85,5
1757,09:30:02,$ 3708.85,1
1758,09:30:02,$ 3708.85,70
1759,09:30:02,$ 3708.85,1
1760,09:30:02,$ 3708.85,43
1761,09:30:02,$ 3708.85,1
1762,09:30:02,$ 3708.85,92
1763,09:30:02,$ 3708.85,1
1765,09:30:02,$ 3708.85,2
1766,09:30:02,$ 3708.85,2
1767,09:30:02,$ 3708.85,1
1768,09:30:02,$ 3708.85,1
1769,09:30:02,$ 3708.85,1
1770,09:30:02,$ 3708.85,69
1771,09:30:02,$ 3708.85,202
1772,09:30:02,$ 3708.85,1
1773,09:30:02,$ 3708.85,60
1774,09:30:02,$ 3708.85,1
1775,09:30:02,$ 3708.85,3
1776,09:30:02,$ 3708.85,1
1777,09:30:02,$ 3708.85,1
1778,09:30:02,$ 3708.85,15
1779,09:30:02,$ 3708.85,100
1780,09:30:02,$ 3708.85,50
1781,09:30:02,$ 3708.85,312
1782,09:30:02,$ 3708.85,27
1783,09:30:02,$ 3708.85,1
1784,09:30:02,$ 3708.85,2
1786,09:30:02,$ 3708.85,33
1787,09:30:02,$ 3708.85,9
1788,09:30:02,$ 3708.85,1
1789,09:30:02,$ 3708.85,1
1790,09:30:02,$ 3708.85,1
1791,09:30:02,$ 3708.85,8
1792,09:30:02,$ 3708.85,1
1793,09:30:02,$ 3708.85,1
1794,09:30:02,$ 3708.85,13
1795,09:30:02,$ 3708.85,20
1796,09:30:02,$ 3708.85,58
1797,09:30:02,$ 3708.85,5
1798,09:30:02,$ 3708.85,1
1799,09:30:02,$ 3708.85,100
1800,09:30:02,$ 3708.85,7
1801,09:30:02,$ 3708.85,400
1802,09:30:02,$ 3708.85,24
1803,09:30:02,$ 3708.85,100
1804,09:30:02,$ 3708.85,4
1805,09:30:02,$ 3708.85,68
1807,09:30:02,$ 3708.85,15
1808,09:30:02,$ 3708.85,2
1809,09:30:02,$ 3708.85,1
1810,09:30:02,$ 3708.85,4
1811,09:30:02,$ 3708.85,1
1812,09:30:02,$ 3708.85,2
1813,09:30:02,$ 3708.85,1
1814,09:30:02,$ 3708.85,1
1815,09:30:02,$ 3708.85,1
1816,09:30:02,$ 3708.85,1
1817,09:30:02,$ 3708.85,10
1818,09:30:02,$ 3708.85,1
1819,09:30:02,$ 3708.85,100
1820,09:30:02,$ 3708.85,1
1821,09:30:02,$ 3708.85,3
1822,09:30:02,$ 3708.85,15
1823,09:30:02,$ 3708.85,2
1824,09:30:02,$ 3708.85,2
1825,09:30:02,$ 3708.85,1
1826,09:30:02,$ 3708.85,6
1828,09:30:02,$ 3708.85,18
1829,09:30:02,$ 3708.85,1
1830,09:30:02,$ 3708.85,2
1831,09:30:02,$ 3708.85,5
1832,09:30:02,$ 3708.85,3
1833,09:30:02,$ 3708.85,8
1834,09:30:02,$ 3708.85,7
1835,09:30:02,$ 3708.85,1
1836,09:30:02,$ 3708.85,1
1837,09:30:02,$ 3708.85,7
1838,09:30:02,$ 3708.85,3
1839,09:30:02,$ 3708.85,10
1840,09:30:02,$ 3708.85,34
1841,09:30:02,$ 3708.85,1
1842,09:30:02,$ 3708.85,2
1843,09:30:02,$ 3708.85,5
1844,09:30:02,$ 3708.85,27
1845,09:30:02,$ 3708.85,3
1846,09:30:02,$ 3708.85,3
1847,09:30:02,$ 3708.85,2
1849,09:30:02,$ 3708.85,3
1850,09:30:02,$ 3708.85,5
1851,09:30:02,$ 3708.85,200
1852,09:30:02,$ 3708.85,10
1853,09:30:02,$ 3708.85,2
1854,09:30:02,$ 3708.85,8
1855,09:30:02,$ 3708.85,23
1856,09:30:02,$ 3708.85,1
1857,09:30:02,$ 3708.85,1
1858,09:30:02,$ 3708.85,2
1859,09:30:02,$ 3708.85,25
1860,09:30:02,$ 3708.85,6
1861,09:30:02,$ 3708.85,4
1862,09:30:02,$ 3708.85,1
1863,09:30:02,$ 3708.85,3
1864,09:30:02,$ 3708.85,216
1865,09:30:02,$ 3708.85,2
1866,09:30:02,$ 3708.85,11
1867,09:30:02,$ 3708.85,3
1868,09:30:02,$ 3708.85,1
1870,09:30:02,$ 3708.85,1
1871,09:30:02,$ 3708.85,1
1872,09:30:02,$ 3708.85,10
1873,09:30:02,$ 3708.85,1
1874,09:30:02,$ 3708.85,6
1875,09:30:02,$ 3708.85,1
1876,09:30:02,$ 3708.85,7
1877,09:30:02,$ 3708.85,10
1878,09:30:02,$ 3708.85,1
1879,09:30:02,$ 3708.85,30
1880,09:30:02,$ 3708.85,1
1881,09:30:02,$ 3708.85,10
1882,09:30:02,$ 3708.85,5
1883,09:30:02,$ 3708.85,2
1884,09:30:02,$ 3708.85,6
1885,09:30:02,$ 3708.85,1
1886,09:30:02,$ 3708.85,1
1887,09:30:02,$ 3708.85,100
1888,09:30:02,$ 3708.85,18
1889,09:30:02,$ 3708.85,5
1891,09:30:02,$ 3708.85,1
1892,09:30:02,$ 3708.85,7
1893,09:30:02,$ 3708.85,1
1894,09:30:02,$ 3708.85,1
1895,09:30:02,$ 3708.85,1
1896,09:30:02,$ 3708.85,4
1897,09:30:02,$ 3708.85,1
1898,09:30:02,$ 3708.85,10
1899,09:30:02,$ 3708.85,4
1900,09:30:02,$ 3708.85,1
1901,09:30:02,$ 3708.85,1
1902,09:30:02,$ 3708.85,27
1903,09:30:02,$ 3708.85,1
1904,09:30:02,$ 3708.85,1
1905,09:30:02,$ 3708.85,1
1906,09:30:02,$ 3708.85,1
1907,09:30:02,$ 3708.85,15
1908,09:30:02,$ 3708.85,2
1909,09:30:02,$ 3708.85,7
1910,09:30:02,$ 3708.85,"2,000"
1912,09:30:02,$ 3708.85,10
1913,09:30:02,$ 3708.85,2
1914,09:30:02,$ 3708.85,2
1915,09:30:02,$ 3708.85,1
1916,09:30:02,$ 3708.85,10
1917,09:30:02,$ 3708.85,3
1918,09:30:02,$ 3708.85,7
1919,09:30:02,$ 3708.85,1
1920,09:30:02,$ 3708.85,5
1921,09:30:02,$ 3708.85,2
1922,09:30:02,$ 3708.85,1
1923,09:30:02,$ 3708.85,2
1924,09:30:02,$ 3708.85,11
1925,09:30:02,$ 3708.85,1
1926,09:30:02,$ 3708.85,3
1927,09:30:02,$ 3708.85,3
1928,09:30:02,$ 3708.85,2
1929,09:30:02,$ 3708.85,4
1930,09:30:02,$ 3708.85,10
1931,09:30:02,$ 3708.85,1
1933,09:30:02,$ 3708.85,1
1934,09:30:02,$ 3708.85,1
1935,09:30:02,$ 3708.85,2
1936,09:30:02,$ 3708.85,1
1937,09:30:02,$ 3708.85,1
1938,09:30:02,$ 3708.85,20
1939,09:30:02,$ 3708.85,1
1940,09:30:02,$ 3708.85,3
1941,09:30:02,$ 3708.85,12
1942,09:30:02,$ 3708.85,10
1943,09:30:02,$ 3708.85,2
1944,09:30:02,$ 3708.85,3
1945,09:30:02,$ 3708.85,200
1946,09:30:02,$ 3708.85,20
1947,09:30:02,$ 3708.85,2
1948,09:30:02,$ 3708.85,3
1949,09:30:02,$ 3708.85,2
1950,09:30:02,$ 3708.85,12
1951,09:30:02,$ 3708.85,10
1952,09:30:02,$ 3708.85,2
1954,09:30:02,$ 3708.85,"1,000"
1955,09:30:02,$ 3708.85,8
1956,09:30:02,$ 3708.85,10
1957,09:30:02,$ 3708.85,2
1958,09:30:02,$ 3708.85,10
1959,09:30:02,$ 3708.85,14
1960,09:30:02,$ 3708.85,7
1961,09:30:02,$ 3708.85,2
1962,09:30:02,$ 3708.85,25
1963,09:30:02,$ 3708.85,1
1964,09:30:02,$ 3708.85,4
1965,09:30:02,$ 3708.85,6
1966,09:30:02,$ 3708.85,1
1967,09:30:02,$ 3708.85,8
1968,09:30:02,$ 3708.85,10
1969,09:30:02,$ 3708.85,1
1970,09:30:02,$ 3708.85,3
1971,09:30:02,$ 3708.85,9
1972,09:30:02,$ 3708.85,2
1973,09:30:02,$ 3708.85,3
1975,09:30:02,$ 3708.85,4
1976,09:30:02,$ 3708.85,20
1977,09:30:02,$ 3708.85,25
1978,09:30:02,$ 3708.85,2
1979,09:30:02,$ 3708.85,4
1980,09:30:02,$ 3708.85,3
1981,09:30:02,$ 3708.85,1
1982,09:30:02,$ 3708.85,9
1983,09:30:02,$ 3708.85,20
1984,09:30:02,$ 3708.85,5
1985,09:30:02,$ 3708.85,30
1986,09:30:02,$ 3708.85,10
1987,09:30:02,$ 3708.85,1
1988,09:30:02,$ 3708.85,30
1989,09:30:02,$ 3708.85,4
1990,09:30:02,$ 3708.85,18
1991,09:30:02,$ 3708.85,19
1992,09:30:02,$ 3708.85,30
1993,09:30:02,$ 3708.85,13
1994,09:30:02,$ 3708.85,31
1996,09:30:02,$ 3708.85,3
1997,09:30:02,$ 3708.85,2
1998,09:30:02,$ 3708.85,100
1999,09:30:02,$ 3708.85,5
2000,09:30:02,$ 3708.85,6
2001,09:30:02,$ 3708.85,6
2002,09:30:02,$ 3708.85,3
2003,09:30:02,$ 3708.85,29
2004,09:30:02,$ 3708.85,10
2005,09:30:02,$ 3708.85,5
2006,09:30:02,$ 3708.85,1
2007,09:30:02,$ 3708.85,1
2008,09:30:02,$ 3708.85,4
2009,09:30:02,$ 3708.85,3
2010,09:30:02,$ 3708.85,4
2011,09:30:02,$ 3708.85,4
2012,09:30:02,$ 3708.85,3
2013,09:30:02,$ 3708.85,1
2014,09:30:02,$ 3708.85,1
2015,09:30:02,$ 3708.85,4
2017,09:30:02,$ 3708.85,10
2018,09:30:02,$ 3708.85,6
2019,09:30:02,$ 3708.85,5
2020,09:30:02,$ 3708.85,10
2021,09:30:02,$ 3708.85,1
2022,09:30:02,$ 3708.85,17
2023,09:30:02,$ 3708.85,9
2024,09:30:02,$ 3708.85,5
2025,09:30:02,$ 3708.85,2
2026,09:30:02,$ 3708.85,1
2027,09:30:02,$ 3708.85,1
2028,09:30:02,$ 3708.85,1
2029,09:30:02,$ 3708.85,4
2030,09:30:02,$ 3708.85,5
2031,09:30:02,$ 3708.85,10
2032,09:30:02,$ 3708.85,5
2033,09:30:02,$ 3708.85,3
2034,09:30:02,$ 3708.85,1
2035,09:30:02,$ 3708.85,2
2036,09:30:02,$ 3708.85,1
2038,09:30:02,$ 3708.85,1
2039,09:30:02,$ 3708.85,4
2040,09:30:02,$ 3708.85,1
2041,09:30:02,$ 3708.85,1
2042,09:30:02,$ 3708.85,1
2043,09:30:02,$ 3708.85,2
2044,09:30:02,$ 3708.85,1
2045,09:30:02,$ 3708.85,1
2046,09:30:02,$ 3708.85,2
2047,09:30:02,$ 3708.85,10
2048,09:30:02,$ 3708.85,50
2049,09:30:02,$ 3708.85,10
2050,09:30:02,$ 3708.85,3
2051,09:30:02,$ 3708.85,1
2052,09:30:02,$ 3708.85,1
2053,09:30:02,$ 3708.85,50
2054,09:30:02,$ 3708.85,5
2055,09:30:02,$ 3708.85,10
2056,09:30:02,$ 3708.85,3
2057,09:30:02,$ 3708.85,10
2059,09:30:02,$ 3708.85,9
2060,09:30:02,$ 3708.85,67
2061,09:30:02,$ 3708.85,1
2062,09:30:02,$ 3708.85,16
2063,09:30:02,$ 3708.85,1
2064,09:30:02,$ 3708.85,1
2065,09:30:02,$ 3708.85,4
2066,09:30:02,$ 3708.85,1
2067,09:30:02,$ 3708.85,1
2068,09:30:02,$ 3708.85,3
2069,09:30:02,$ 3708.85,5
2070,09:30:02,$ 3708.85,1
2071,09:30:02,$ 3708.85,6
2072,09:30:02,$ 3708.85,1
2073,09:30:02,$ 3708.85,8
2074,09:30:02,$ 3708.85,1
2075,09:30:02,$ 3708.85,3
2076,09:30:02,$ 3708.85,4
2077,09:30:02,$ 3708.85,1
2078,09:30:02,$ 3708.85,1
2080,09:30:02,$ 3708.85,1
2081,09:30:02,$ 3708.85,2
2082,09:30:02,$ 3708.85,1
2083,09:30:02,$ 3708.85,1
2084,09:30:02,$ 3708.85,2
2085,09:30:02,$ 3708.85,1
2086,09:30:02,$ 3708.85,10
2087,09:30:02,$ 3708.85,3
2088,09:30:02,$ 3708.85,1
2089,09:30:02,$ 3708.85,2
2090,09:30:02,$ 3708.85,1
2091,09:30:02,$ 3708.85,26
2092,09:30:02,$ 3708.85,1
2093,09:30:02,$ 3708.85,1
2094,09:30:02,$ 3708.85,3
2095,09:30:02,$ 3708.85,4
2096,09:30:02,$ 3708.85,40
2097,09:30:02,$ 3708.85,13
2098,09:30:02,$ 3708.85,2
2099,09:30:02,$ 3708.85,1
2101,09:30:02,$ 3708.85,2
2102,09:30:02,$ 3708.85,3
2103,09:30:02,$ 3708.85,2
2104,09:30:02,$ 3708.85,10
2105,09:30:02,$ 3708.85,20
2106,09:30:02,$ 3708.85,1
2107,09:30:02,$ 3708.85,1
2108,09:30:02,$ 3708.85,1
2109,09:30:02,$ 3708.85,1
2110,09:30:02,$ 3708.85,1
2111,09:30:02,$ 3708.85,1
2112,09:30:02,$ 3708.85,1
2113,09:30:02,$ 3708.85,4
2114,09:30:02,$ 3708.85,2
2115,09:30:02,$ 3708.85,2
2116,09:30:02,$ 3708.85,1
2117,09:30:02,$ 3708.85,2
2118,09:30:02,$ 3708.85,1
2119,09:30:02,$ 3708.85,1
2120,09:30:02,$ 3708.85,3
2122,09:30:02,$ 3708.85,1
2123,09:30:02,$ 3708.85,1
2124,09:30:02,$ 3708.85,2
2125,09:30:02,$ 3708.85,1
2126,09:30:02,$ 3708.85,5
2127,09:30:02,$ 3708.85,2
2128,09:30:02,$ 3708.85,1
2129,09:30:02,$ 3708.85,1
2130,09:30:02,$ 3708.85,3
2131,09:30:02,$ 3708.85,2
2132,09:30:02,$ 3708.85,1
2133,09:30:02,$ 3708.85,1
2134,09:30:02,$ 3708.85,1
2135,09:30:02,$ 3708.85,1
2136,09:30:02,$ 3708.85,4
2137,09:30:02,$ 3708.85,1
2138,09:30:02,$ 3708.85,1
2139,09:30:02,$ 3708.85,1
2140,09:30:02,$ 3708.85,2
2141,09:30:02,$ 3708.85,1
2143,09:30:02,$ 3708.85,1
2144,09:30:02,$ 3708.85,1
2145,09:30:02,$ 3708.85,1
2146,09:30:02,$ 3708.85,1
2147,09:30:02,$ 3708.85,2
2148,09:30:02,$ 3708.85,14
2149,09:30:02,$ 3708.85,1
2150,09:30:02,$ 3708.85,10
2151,09:30:02,$ 3708.85,5
2152,09:30:02,$ 3708.85,7
2153,09:30:02,$ 3708.85,3
2154,09:30:02,$ 3708.85,3
2155,09:30:02,$ 3708.85,1
2156,09:30:02,$ 3708.85,1
2157,09:30:02,$ 3708.85,1
2158,09:30:02,$ 3708.85,10
2159,09:30:02,$ 3708.85,4
2160,09:30:02,$ 3708.85,3
2161,09:30:02,$ 3708.85,1
2162,09:30:02,$ 3708.85,10
2164,09:30:02,$ 3708.85,4
2165,09:30:02,$ 3708.85,27
2166,09:30:02,$ 3708.85,1
2167,09:30:02,$ 3708.85,1
2168,09:30:02,$ 3708.85,1
2169,09:30:02,$ 3708.85,5
2170,09:30:02,$ 3708.85,1
2171,09:30:02,$ 3708.85,2
2172,09:30:02,$ 3708.85,2
2173,09:30:02,$ 3708.85,1
2174,09:30:02,$ 3708.85,1
2175,09:30:02,$ 3708.85,1
2176,09:30:02,$ 3708.85,2
2177,09:30:02,$ 3708.85,3
2178,09:30:02,$ 3708.85,1
2179,09:30:02,$ 3708.85,1
2180,09:30:02,$ 3708.85,5
2181,09:30:02,$ 3708.85,5
2182,09:30:02,$ 3708.85,2
2183,09:30:02,$ 3708.85,1
2185,09:30:02,$ 3708.85,15
2186,09:30:02,$ 3708.85,5
2187,09:30:02,$ 3708.85,5
2188,09:30:02,$ 3708.85,1
2189,09:30:02,$ 3708.85,1
2190,09:30:02,$ 3708.85,15
2191,09:30:02,$ 3708.85,1
2192,09:30:02,$ 3708.85,12
2193,09:30:02,$ 3708.85,2
2194,09:30:02,$ 3708.85,2
2195,09:30:02,$ 3708.85,8
2196,09:30:02,$ 3708.85,2
2197,09:30:02,$ 3708.85,98
2198,09:30:02,$ 3708.85,6
2199,09:30:02,$ 3708.85,1
2200,09:30:02,$ 3708.85,10
2201,09:30:02,$ 3708.85,1
2202,09:30:02,$ 3708.85,10
2203,09:30:02,$ 3708.85,17
2204,09:30:02,$ 3708.85,3
2206,09:30:02,$ 3708.85,40
2207,09:30:02,$ 3708.85,1
2208,09:30:02,$ 3708.85,10
2209,09:30:02,$ 3708.85,1
2210,09:30:02,$ 3708.85,2
2211,09:30:02,$ 3708.85,2
2212,09:30:02,$ 3708.85,2
2214,10:29:43,$ 3692.31,100
2215,10:29:40,$ 3692.93,500
2216,10:29:40,$ 3691.91,135
2217,10:29:38,$ 3692.985,100
2218,10:29:35,$ 3691.89,100
2219,10:29:25,$ 3691.9499,102
2220,10:29:23,$ 3692.1478,200
2221,10:29:19,$ 3691.65,100
2222,10:29:19,$ 3691.65,100
2223,10:29:16,$ 3691.88,100
2224,10:28:58,$ 3691.96,100
2225,10:28:47,$ 3691.26,100
2226,10:28:46,$ 3692.34,100
2227,10:28:46,$ 3692.02,100
2228,10:28:46,$ 3692.17,100
2229,10:28:46,$ 3692.19,100
2230,10:28:46,$ 3692.02,100
2231,10:28:46,$ 3692.165,100
2232,10:28:46,$ 3692.005,100
2233,10:28:46,$ 3692.0035,100
2235,10:28:46,$ 3692.34,100
2236,10:28:46,$ 3692.35,100
2237,10:28:45,$ 3693.06,100
2238,10:28:44,$ 3692.87,100
2239,10:28:26,$ 3693.275,100
2240,10:28:24,$ 3694.18,100
2241,10:28:22,$ 3693.50,100
2242,10:28:18,$ 3694.22,100
2243,10:28:03,$ 3695.42,100
2244,10:28:01,$ 3695.06,100
2245,10:28:01,$ 3694.815,500
2246,10:28:00,$ 3696.00,111
2247,10:28:00,$ 3695.49,199
2248,10:28:00,$ 3694.585,100
2249,10:28:00,$ 3694.83,100
2250,10:27:54,$ 3694.34,100
2251,10:27:54,$ 3694.34,100
2252,10:27:54,$ 3694.22,100
2253,10:27:54,$ 3694.37,100
2254,10:27:49,$ 3694.14,100
2256,10:27:42,$ 3694.1881,135
2257,10:27:32,$ 3694.91,100
2258,10:27:32,$ 3694.90,100
2259,10:27:27,$ 3692.61,100
2260,10:27:26,$ 3693.29,130
2261,10:27:16,$ 3692.93,100
2262,10:27:16,$ 3692.96,100
2263,10:27:10,$ 3692.01,100
2264,10:27:10,$ 3692.00,314
2265,10:27:00,$ 3693.15,100
2266,10:26:38,$ 3693.935,194
2267,10:26:30,$ 3692.50,100
2268,10:26:25,$ 3693.43,100
2269,10:26:17,$ 3692.44,100
2270,10:26:15,$ 3692.68,100
2271,10:26:15,$ 3692.76,100
2272,10:26:04,$ 3692.71,100
2273,10:26:04,$ 3692.77,100
2274,10:25:58,$ 3693.175,200
2275,10:25:58,$ 3692.8075,100
2277,10:25:53,$ 3692.975,100
2278,10:25:45,$ 3692.255,100
2279,10:25:31,$ 3693.21,100
2280,10:25:22,$ 3694.00,100
2281,10:25:22,$ 3694.00,100
2282,10:25:22,$ 3694.00,100
2283,10:25:22,$ 3694.24,100
2284,10:24:55,$ 3694.76,100
2285,10:24:55,$ 3694.85,100
2286,10:24:53,$ 3694.425,100
2287,10:24:52,$ 3694.00,790
2288,10:24:30,$ 3693.795,100
2289,10:24:26,$ 3693.465,100
2290,10:24:26,$ 3693.45,100
2291,10:24:26,$ 3693.41,100
2292,10:24:26,$ 3693.785,100
2293,10:24:26,$ 3693.50,100
2294,10:24:26,$ 3693.43,100
2295,10:24:26,$ 3693.16,100
2296,10:24:26,$ 3693.48,100
2298,10:24:26,$ 3693.32,100
2299,10:24:26,$ 3692.71,100
2300,10:24:24,$ 3692.1597,100
2301,10:24:24,$ 3692.95,100
2302,10:24:23,$ 3693.55,150
2303,10:24:21,$ 3693.09,100
2304,10:24:19,$ 3693.41,100
2305,10:24:06,$ 3693.5869,100
2306,10:23:49,$ 3693.28,100
2307,10:23:47,$ 3694.3116,150
2308,10:23:41,$ 3692.6785,150
2309,10:23:36,$ 3693.65,100
2310,10:23:36,$ 3693.65,100
2311,10:23:35,$ 3693.60,100
2312,10:23:25,$ 3692.96,200
2313,10:23:23,$ 3694.50,536
2314,10:23:23,$ 3693.57,100
2315,10:23:23,$ 3693.59,100
2316,10:23:22,$ 3693.525,100
2317,10:23:22,$ 3693.495,100
2319,10:23:22,$ 3693.765,100
2320,10:23:22,$ 3693.52,100
2321,10:23:22,$ 3693.41,500
2322,10:23:22,$ 3693.45,100
2323,10:23:22,$ 3693.42,100
2324,10:23:22,$ 3693.82,100
2325,10:23:22,$ 3693.37,100
2326,10:23:22,$ 3693.37,100
2327,10:23:22,$ 3693.48,100
2328,10:23:22,$ 3693.37,100
2329,10:23:22,$ 3693.37,100
2330,10:23:13,$ 3694.05,100
2331,10:23:13,$ 3695.49,100
2332,10:23:13,$ 3696.00,100
2333,10:23:13,$ 3695.1873,231
2334,10:23:06,$ 3694.13,100
2335,10:23:06,$ 3695.258,200
2336,10:22:59,$ 3695.38,100
2337,10:22:58,$ 3694.96,100
2338,10:22:44,$ 3694.055,150
2340,10:22:43,$ 3693.335,100
2341,10:22:40,$ 3695.9999,200
2342,10:22:30,$ 3696.9999,150
2343,10:22:18,$ 3693.91,100
2344,10:22:18,$ 3693.96,100
2345,10:22:06,$ 3693.28,100
2346,10:22:06,$ 3693.26,100
2347,10:21:32,$ 3693.3697,100
2348,10:21:21,$ 3694.00,150
2349,10:21:21,$ 3694.00,100
2350,10:20:46,$ 3694.78,100
2351,10:20:46,$ 3694.72,100
2352,10:20:45,$ 3693.2501,400
2353,10:20:27,$ 3694.5078,300
2354,10:20:25,$ 3693.57,100
2355,10:20:23,$ 3694.40,100
2356,10:20:10,$ 3693.93,100
2357,10:20:10,$ 3693.25,100
2358,10:20:09,$ 3693.25,100
2359,10:20:08,$ 3693.955,500
2361,10:20:07,$ 3695.00,306
2362,10:20:07,$ 3695.00,131
2363,10:20:07,$ 3694.83,100
2364,10:20:07,$ 3695.00,100
2365,10:20:07,$ 3695.00,100
2366,10:20:07,$ 3695.00,135
2367,10:20:07,$ 3695.00,100
2368,10:20:06,$ 3695.08,200
2369,10:20:05,$ 3696.49,100
2370,10:19:58,$ 3697.21,100
2371,10:19:58,$ 3697.22,495
2372,10:19:36,$ 3699.349,500
2373,10:19:17,$ 3697.005,100
2374,10:18:59,$ 3697.195,100
2375,10:18:54,$ 3697.93,100
2376,10:18:54,$ 3698.12,100
2377,10:18:12,$ 3698.00,500
2378,10:17:45,$ 3697.24,100
2379,10:17:45,$ 3697.08,100
2380,10:17:21,$ 3696.31,100
2382,10:17:21,$ 3696.67,100
2383,10:17:17,$ 3696.96,100
2384,10:17:17,$ 3695.995,100
2385,10:17:16,$ 3695.995,500
2386,10:17:09,$ 3696.233,500
2387,10:16:58,$ 3699.245,500
2388,10:16:57,$ 3698.02,100
2389,10:16:40,$ 3696.33,100
2390,10:16:26,$ 3695.98,100
2391,10:16:23,$ 3697.86,100
2392,10:16:23,$ 3696.49,500
2393,10:16:22,$ 3696.41,100
2394,10:16:22,$ 3696.34,100
2395,10:16:22,$ 3696.34,100
2396,10:16:19,$ 3698.0801,290
2397,10:16:04,$ 3699.45,100
2398,10:15:51,$ 3700.41,100
2399,10:15:51,$ 3700.05,100
2400,10:15:51,$ 3700.41,100
2401,10:15:51,$ 3698.595,100
2403,10:15:51,$ 3699.40,100
2404,10:15:51,$ 3700.25,100
2405,10:15:51,$ 3700.41,100
2406,10:15:51,$ 3700.03,200
2407,10:15:51,$ 3698.45,100
2408,10:15:41,$ 3701.385,150
2409,10:15:40,$ 3700.11,100
2410,10:15:39,$ 3701.12,100
2411,10:15:34,$ 3702.24,150
2412,10:15:33,$ 3702.00,200
2413,10:15:29,$ 3702.67,500
2414,10:15:29,$ 3703.4902,150
2415,10:15:14,$ 3702.256,150
2416,10:14:51,$ 3703.55,150
2417,10:14:49,$ 3703.47,270
2418,10:14:49,$ 3701.86,116
2419,10:14:46,$ 3703.41,100
2420,10:14:44,$ 3702.50,100
2421,10:14:38,$ 3701.955,100
2422,10:14:38,$ 3701.53,100
2424,10:14:27,$ 3702.1099,150
2425,10:14:10,$ 3700.05,101
2426,10:14:10,$ 3701.192,100
2427,10:13:55,$ 3698.6301,500
2428,10:13:54,$ 3699.45,100
2429,10:13:54,$ 3699.63,100
2430,10:13:54,$ 3700.28,100
2431,10:13:50,$ 3700.525,100
2432,10:13:40,$ 3701.08,100
2433,10:13:31,$ 3700.00,100
2434,10:13:28,$ 3699.27,100
2435,10:13:28,$ 3699.2593,500
2436,10:13:27,$ 3699.87,157
2437,10:13:27,$ 3698.27,100
2438,10:13:27,$ 3698.055,100
2439,10:13:27,$ 3697.89,100
2440,10:13:27,$ 3697.00,100
2441,10:13:19,$ 3696.13,100
2442,10:13:19,$ 3696.11,500
2443,10:13:04,$ 3695.56,100
2445,10:13:03,$ 3695.57,100
2446,10:13:03,$ 3696.13,100
2447,10:12:58,$ 3695.00,100
2448,10:12:58,$ 3694.95,100
2449,10:12:52,$ 3694.40,144
2450,10:12:41,$ 3694.0001,500
2451,10:12:40,$ 3695.01,200
2452,10:12:40,$ 3695.00,380
2453,10:12:40,$ 3695.80,100
2454,10:12:34,$ 3696.405,"1,000"
2455,10:12:29,$ 3696.63,300
2456,10:12:29,$ 3696.63,100
2457,10:12:06,$ 3697.81,100
2458,10:12:01,$ 3699.08,100
2459,10:12:01,$ 3697.8399,100
2460,10:12:01,$ 3697.8399,100
2461,10:12:01,$ 3697.84,100
2462,10:12:00,$ 3697.01,100
2463,10:11:55,$ 3695.83,106
2464,10:11:55,$ 3695.83,294
2466,10:11:52,$ 3696.125,100
2467,10:11:49,$ 3695.677,129
2468,10:11:49,$ 3696.275,100
2469,10:11:49,$ 3696.39,100
2470,10:11:42,$ 3696.715,108
2471,10:11:41,$ 3697.9899,100
2472,10:11:37,$ 3696.62,100
2473,10:11:37,$ 3696.56,100
2474,10:11:37,$ 3697.24,100
2475,10:11:37,$ 3696.56,101
2476,10:11:31,$ 3696.635,100
2477,10:11:21,$ 3697.8359,108
2478,10:11:19,$ 3697.009,100
2479,10:11:15,$ 3699.38,100
2480,10:11:08,$ 3698.10,100
2481,10:11:07,$ 3698.24,100
2482,10:11:07,$ 3698.23,100
2483,10:11:07,$ 3698.60,200
2484,10:11:07,$ 3698.23,100
2485,10:11:07,$ 3698.24,100
2487,10:11:07,$ 3698.58,100
2488,10:11:05,$ 3700.00,100
2489,10:11:03,$ 3701.00,269
2490,10:11:03,$ 3701.00,100
2491,10:11:01,$ 3700.905,500
2492,10:10:50,$ 3701.1601,107
2493,10:10:36,$ 3702.107,250
2494,10:10:27,$ 3701.705,100
2495,10:10:19,$ 3701.82,100
2496,10:10:15,$ 3702.18,100
2497,10:10:15,$ 3702.18,100
2498,10:10:04,$ 3703.25,100
2499,10:09:40,$ 3702.0001,200
2500,10:09:38,$ 3705.1899,150
2501,10:09:38,$ 3703.60,100
2502,10:09:37,$ 3703.71,100
2503,10:09:37,$ 3702.4631,100
2504,10:09:35,$ 3702.4125,100
2505,10:09:29,$ 3703.00,100
2506,10:09:29,$ 3703.00,134
2508,10:09:29,$ 3703.01,100
2509,10:09:24,$ 3705.4285,144
2510,10:09:14,$ 3706.455,150
2511,10:09:02,$ 3706.96,100
2512,10:08:53,$ 3706.22,100
2513,10:08:45,$ 3707.68,100
2514,10:08:45,$ 3706.3401,300
2515,10:08:45,$ 3706.3401,150
2516,10:08:45,$ 3707.28,100
2517,10:08:39,$ 3707.49,100
2518,10:08:39,$ 3707.46,100
2519,10:08:33,$ 3707.6099,150
2520,10:08:24,$ 3707.36,100
2521,10:08:14,$ 3707.76,159
2522,10:08:02,$ 3706.6499,150
2523,10:07:56,$ 3704.30,125
2524,10:07:51,$ 3703.81,100
2525,10:07:37,$ 3705.97,100
2526,10:07:37,$ 3705.97,199
2527,10:07:26,$ 3705.4301,500
2529,10:07:25,$ 3705.47,100
2530,10:07:06,$ 3706.51,100
2531,10:07:00,$ 3705.5701,300
2532,10:06:57,$ 3703.992,269
2533,10:06:57,$ 3703.992,100
2534,10:06:56,$ 3703.87,100
2535,10:06:51,$ 3702.97,100
2536,10:06:50,$ 3703.5198,100
2537,10:06:46,$ 3703.7008,100
2538,10:06:40,$ 3702.97,100
2539,10:06:31,$ 3702.00,100
2540,10:06:28,$ 3703.1599,300
2541,10:06:25,$ 3701.20,100
2542,10:06:24,$ 3703.00,100
2543,10:06:22,$ 3703.0001,"1,000"
2544,10:06:20,$ 3703.62,129
2545,10:06:12,$ 3704.19,100
2546,10:06:07,$ 3704.7701,108
2547,10:06:03,$ 3705.8899,100
2548,10:06:01,$ 3705.34,100
2550,10:05:58,$ 3703.41,100
2551,10:05:58,$ 3705.21,100
2552,10:05:55,$ 3705.2001,200
2553,10:05:46,$ 3705.5201,100
2554,10:05:45,$ 3705.55,100
2555,10:05:41,$ 3706.10,250
2556,10:05:40,$ 3706.09,200
2557,10:05:39,$ 3706.905,500
2558,10:05:26,$ 3708.60,100
2559,10:05:21,$ 3708.036,100
2560,10:05:20,$ 3707.63,200
2561,10:05:17,$ 3708.20,100
2562,10:05:13,$ 3708.51,100
2563,10:05:13,$ 3708.51,152
2564,10:05:13,$ 3708.51,100
2565,10:05:12,$ 3709.1099,500
2566,10:05:11,$ 3708.2177,100
2567,10:05:03,$ 3707.0101,"1,000"
2568,10:05:03,$ 3708.17,100
2569,10:05:00,$ 3708.95,100
2571,10:04:52,$ 3709.08,100
2572,10:04:51,$ 3709.3999,200
2573,10:04:48,$ 3708.71,100
2574,10:04:46,$ 3709.39,100
2575,10:04:44,$ 3709.40,500
2576,10:04:41,$ 3708.0001,300
2577,10:04:41,$ 3709.40,100
2578,10:04:41,$ 3708.5478,500
2579,10:04:40,$ 3708.98,100
2580,10:04:32,$ 3707.9899,300
2581,10:04:27,$ 3707.7273,123
2582,10:04:27,$ 3708.16,100
2583,10:04:27,$ 3708.14,100
2584,10:04:27,$ 3708.15,100
2585,10:04:25,$ 3708.03,100
2586,10:04:21,$ 3707.48,185
2587,10:04:17,$ 3706.40,125
2588,10:04:17,$ 3707.6141,500
2589,10:04:16,$ 3706.4001,200
2590,10:04:14,$ 3707.44,100
2592,10:04:14,$ 3707.44,100
2593,10:04:07,$ 3706.99,200
2594,10:04:07,$ 3706.99,200
2595,10:04:07,$ 3707.22,400
2596,10:04:06,$ 3707.00,100
2597,10:03:52,$ 3705.2008,200
2598,10:03:43,$ 3705.00,100
2599,10:03:38,$ 3705.21,200
2600,10:03:38,$ 3705.21,200
2601,10:03:38,$ 3705.84,400
2602,10:03:36,$ 3704.82,100
2603,10:03:34,$ 3703.8901,100
2604,10:03:33,$ 3705.03,100
2605,10:03:32,$ 3706.335,100
2606,10:03:32,$ 3705.62,100
2607,10:03:32,$ 3705.68,100
2608,10:03:32,$ 3705.74,100
2609,10:03:32,$ 3705.485,400
2610,10:03:32,$ 3705.13,100
2611,10:03:32,$ 3705.64,400
2613,10:03:32,$ 3705.09,100
2614,10:03:32,$ 3705.09,100
2615,10:03:32,$ 3706.255,100
2616,10:03:32,$ 3706.255,100
2617,10:03:32,$ 3705.73,100
2618,10:03:32,$ 3705.68,100
2619,10:03:32,$ 3705.67,192
2620,10:03:32,$ 3705.67,100
2621,10:03:29,$ 3706.32,100
2622,10:03:29,$ 3706.32,100
2623,10:03:29,$ 3705.65,121
2624,10:03:27,$ 3705.62,100
2625,10:03:27,$ 3705.63,100
2626,10:03:24,$ 3705.05,100
2627,10:03:24,$ 3705.05,100
2628,10:03:24,$ 3705.05,200
2629,10:03:23,$ 3704.99,300
2630,10:03:23,$ 3705.00,122
2631,10:03:23,$ 3705.00,100
2632,10:03:23,$ 3705.05,100
2634,10:03:23,$ 3704.99,100
2635,10:03:22,$ 3704.8643,166
2636,10:03:21,$ 3704.71,100
2637,10:03:21,$ 3704.70,100
2638,10:03:16,$ 3703.62,100
2639,10:03:12,$ 3704.61,100
2640,10:03:11,$ 3704.7199,100
2641,10:03:10,$ 3704.3137,100
2642,10:03:10,$ 3702.49,200
2643,10:03:10,$ 3702.49,100
2644,10:03:10,$ 3702.49,100
2645,10:03:10,$ 3702.625,100
2646,10:03:09,$ 3702.715,100
2647,10:03:08,$ 3701.695,300
2648,10:03:05,$ 3700.612,100
2649,10:03:04,$ 3702.00,100
2650,10:02:50,$ 3698.26,100
2651,10:02:50,$ 3698.21,100
2652,10:02:50,$ 3698.18,100
2653,10:02:49,$ 3697.385,100
2655,10:02:31,$ 3698.27,500
2656,10:02:11,$ 3698.29,100
2657,10:01:57,$ 3698.4281,100
2658,10:01:54,$ 3697.525,100
2659,10:01:35,$ 3698.4391,429
2660,10:01:35,$ 3698.81,100
2661,10:01:34,$ 3698.8101,150
2662,10:01:20,$ 3698.85,100
2663,10:01:14,$ 3699.89,100
2664,10:01:07,$ 3700.00,440
2665,10:01:07,$ 3700.00,100
2666,10:01:04,$ 3699.0286,270
2667,10:01:04,$ 3698.98,104
2668,10:01:03,$ 3699.49,100
2669,10:01:02,$ 3697.947,200
2670,10:01:01,$ 3699.355,100
2671,10:01:01,$ 3699.355,100
2672,10:01:01,$ 3699.40,100
2673,10:00:59,$ 3699.4999,150
2674,10:00:57,$ 3697.815,200
2676,10:00:42,$ 3697.765,100
2677,10:00:42,$ 3695.5301,100
2678,10:00:36,$ 3697.09,100
2679,10:00:30,$ 3695.002,500
2680,10:00:28,$ 3695.00,100
2681,10:00:27,$ 3694.51,100
2682,10:00:27,$ 3694.71,100
2683,10:00:09,$ 3693.11,100
2685,10:59:50,$ 3695.30,200
2686,10:59:31,$ 3694.85,100
2687,10:59:31,$ 3695.50,106
2688,10:59:28,$ 3695.29,100
2689,10:59:28,$ 3695.22,100
2690,10:59:21,$ 3695.93,100
2691,10:58:57,$ 3695.75,100
2692,10:58:35,$ 3695.57,100
2693,10:58:35,$ 3696.00,200
2694,10:58:24,$ 3694.9261,100
2695,10:58:21,$ 3695.61,100
2696,10:58:17,$ 3695.00,250
2697,10:58:16,$ 3696.06,100
2698,10:58:02,$ 3696.41,500
2699,10:57:36,$ 3696.825,100
2700,10:57:31,$ 3696.80,100
2701,10:57:26,$ 3697.635,500
2702,10:57:25,$ 3697.10,100
2703,10:57:25,$ 3697.57,100
2704,10:57:23,$ 3695.97,100
2706,10:56:51,$ 3697.00,584
2707,10:56:51,$ 3697.00,100
2708,10:56:19,$ 3697.21,100
2709,10:56:13,$ 3695.69,108
2710,10:56:10,$ 3697.60,100
2711,10:56:10,$ 3697.67,100
2712,10:56:05,$ 3697.31,100
2713,10:56:05,$ 3697.33,100
2714,10:56:05,$ 3697.60,100
2715,10:56:03,$ 3696.845,100
2716,10:55:53,$ 3697.00,195
2717,10:55:33,$ 3698.045,100
2718,10:55:03,$ 3699.90,100
2719,10:55:00,$ 3700.00,186
2720,10:54:58,$ 3699.22,100
2721,10:54:48,$ 3700.0677,100
2722,10:54:38,$ 3699.98,192
2723,10:54:16,$ 3698.02,100
2724,10:54:14,$ 3698.805,100
2725,10:54:14,$ 3699.32,100
2727,10:53:48,$ 3698.1701,100
2728,10:53:47,$ 3699.11,102
2729,10:52:54,$ 3698.66,100
2730,10:52:53,$ 3699.97,200
2731,10:52:51,$ 3700.00,100
2732,10:52:49,$ 3699.50,100
2733,10:52:46,$ 3698.935,100
2734,10:52:20,$ 3697.4101,100
2735,10:52:02,$ 3698.75,500
2736,10:51:57,$ 3698.20,500
2737,10:51:27,$ 3698.435,200
2738,10:51:22,$ 3698.7861,300
2739,10:51:07,$ 3697.79,110
2740,10:51:03,$ 3697.295,500
2741,10:50:44,$ 3697.347,270
2742,10:50:44,$ 3697.347,100
2743,10:50:44,$ 3697.82,100
2744,10:49:45,$ 3696.736,100
2745,10:49:27,$ 3696.675,500
2746,10:48:55,$ 3697.15,100
2748,10:48:48,$ 3698.1195,200
2749,10:48:24,$ 3698.63,100
2750,10:48:24,$ 3698.51,100
2751,10:48:06,$ 3698.62,100
2752,10:48:05,$ 3700.00,100
2753,10:48:05,$ 3700.00,300
2754,10:47:54,$ 3698.45,100
2755,10:47:51,$ 3699.00,100
2756,10:47:46,$ 3699.00,179
2757,10:47:36,$ 3697.388,500
2758,10:47:31,$ 3696.77,100
2759,10:47:26,$ 3697.305,115
2760,10:47:25,$ 3697.78,100
2761,10:47:24,$ 3696.70,100
2762,10:47:21,$ 3696.76,100
2763,10:47:21,$ 3696.005,100
2764,10:47:15,$ 3695.85,100
2765,10:46:59,$ 3694.78,100
2766,10:46:26,$ 3695.02,100
2767,10:46:08,$ 3694.00,322
2769,10:45:42,$ 3694.05,150
2770,10:44:56,$ 3693.94,100
2771,10:44:38,$ 3692.23,100
2772,10:44:23,$ 3694.5499,135
2773,10:44:13,$ 3692.04,500
2774,10:43:54,$ 3691.17,100
2775,10:43:10,$ 3691.214,100
2776,10:43:10,$ 3692.19,100
2777,10:42:46,$ 3695.02,200
2778,10:42:30,$ 3695.6972,"1,000"
2779,10:42:26,$ 3695.64,100
2780,10:42:20,$ 3694.64,100
2781,10:42:20,$ 3694.64,100
2782,10:42:20,$ 3694.56,100
2783,10:42:06,$ 3693.545,100
2784,10:42:05,$ 3694.0989,100
2785,10:42:03,$ 3693.025,100
2786,10:42:03,$ 3693.20,100
2787,10:42:03,$ 3692.97,100
2788,10:41:42,$ 3691.42,300
2790,10:41:40,$ 3691.165,100
2791,10:41:40,$ 3691.165,100
2792,10:41:29,$ 3688.00,"1,500"
2793,10:41:29,$ 3691.77,100
2794,10:41:29,$ 3691.72,100
2795,10:41:21,$ 3692.6799,100
2796,10:41:15,$ 3691.67,100
2797,10:40:24,$ 3690.50,100
2798,10:40:24,$ 3690.50,100
2799,10:40:20,$ 3689.3556,100
2800,10:40:14,$ 3690.11,100
2801,10:40:02,$ 3690.115,100
2802,10:39:42,$ 3690.88,100
2803,10:39:26,$ 3691.48,100
2804,10:39:19,$ 3691.04,100
2805,10:39:15,$ 3692.00,100
2806,10:39:15,$ 3691.74,100
2807,10:39:03,$ 3690.86,100
2808,10:38:59,$ 3691.79,100
2809,10:38:45,$ 3692.51,100
2811,10:38:31,$ 3691.60,100
2812,10:38:31,$ 3691.59,100
2813,10:38:31,$ 3691.80,100
2814,10:38:22,$ 3692.20,100
2815,10:38:22,$ 3691.99,200
2816,10:38:19,$ 3692.76,100
2817,10:38:14,$ 3694.41,100
2818,10:38:10,$ 3692.915,100
2819,10:38:10,$ 3693.85,100
2820,10:38:08,$ 3694.835,100
2821,10:38:08,$ 3694.905,100
2822,10:37:51,$ 3693.6964,140
2823,10:37:45,$ 3691.905,200
2824,10:37:45,$ 3691.269,191
2825,10:37:45,$ 3690.21,100
2826,10:37:45,$ 3690.31,100
2827,10:37:36,$ 3691.00,100
2828,10:37:36,$ 3690.57,100
2829,10:37:36,$ 3690.395,100
2830,10:37:36,$ 3690.19,115
2832,10:37:36,$ 3690.57,285
2833,10:37:27,$ 3690.03,100
2834,10:36:41,$ 3688.515,100
2835,10:36:41,$ 3688.51,100
2836,10:36:30,$ 3688.17,100
2837,10:36:28,$ 3687.9799,100
2838,10:36:23,$ 3686.88,221
2839,10:36:23,$ 3688.045,100
2840,10:36:17,$ 3687.00,100
2841,10:36:17,$ 3687.00,100
2842,10:36:17,$ 3687.02,100
2843,10:36:17,$ 3688.00,129
2844,10:36:17,$ 3688.00,100
2845,10:36:17,$ 3689.30,105
2846,10:36:13,$ 3689.36,105
2847,10:36:10,$ 3689.3616,107
2848,10:36:08,$ 3689.915,100
2849,10:36:00,$ 3690.36,100
2850,10:35:51,$ 3691.374,100
2851,10:35:41,$ 3691.86,100
2853,10:35:14,$ 3689.36,100
2854,10:35:14,$ 3689.34,100
2855,10:35:14,$ 3689.04,100
2856,10:35:14,$ 3689.04,100
2857,10:35:14,$ 3689.04,100
2858,10:35:11,$ 3690.27,100
2859,10:35:11,$ 3690.34,200
2860,10:35:03,$ 3692.09,100
2861,10:35:03,$ 3692.24,100
2862,10:34:57,$ 3692.27,100
2863,10:34:57,$ 3692.09,100
2864,10:34:57,$ 3692.91,100
2865,10:34:55,$ 3694.06,100
2866,10:34:42,$ 3692.205,100
2867,10:34:39,$ 3692.98,100
2868,10:34:22,$ 3693.52,100
2869,10:34:22,$ 3693.44,100
2870,10:34:18,$ 3694.26,100
2871,10:34:14,$ 3694.3199,100
2872,10:34:00,$ 3693.00,300
2874,10:34:00,$ 3693.00,100
2875,10:33:52,$ 3692.02,100
2876,10:33:47,$ 3692.66,100
2877,10:33:47,$ 3692.27,100
2878,10:33:20,$ 3691.59,100
2879,10:33:17,$ 3691.93,100
2880,10:32:55,$ 3692.41,100
2881,10:32:45,$ 3691.77,100
2882,10:32:32,$ 3691.02,100
2883,10:32:21,$ 3690.17,100
2884,10:32:17,$ 3690.415,100
2885,10:32:06,$ 3691.305,100
2886,10:31:53,$ 3692.5896,270
2887,10:31:53,$ 3691.695,100
2888,10:31:52,$ 3692.00,100
2889,10:31:52,$ 3692.00,291
2890,10:31:52,$ 3691.2742,100
2891,10:31:47,$ 3690.795,100
2892,10:31:47,$ 3691.47,100
2893,10:31:44,$ 3690.38,100
2895,10:31:44,$ 3690.61,100
2896,10:31:44,$ 3690.375,100
2897,10:31:37,$ 3689.24,100
2898,10:31:36,$ 3689.01,100
2899,10:31:35,$ 3689.00,375
2900,10:31:21,$ 3689.625,500
2901,10:31:20,$ 3690.00,900
2902,10:31:20,$ 3690.00,100
2903,10:31:20,$ 3691.355,100
2904,10:31:02,$ 3690.79,100
2905,10:30:54,$ 3692.455,100
2906,10:30:48,$ 3691.85,128
2907,10:30:44,$ 3690.80,100
2908,10:30:44,$ 3691.20,100
2909,10:30:44,$ 3691.27,100
2910,10:30:44,$ 3691.37,100
2911,10:30:28,$ 3693.4895,100
2912,10:30:13,$ 3693.69,100
2914,11:29:49,$ 3678.49,100
2915,11:29:47,$ 3677.08,100
2916,11:29:47,$ 3677.945,100
2917,11:29:45,$ 3678.00,100
2918,11:29:45,$ 3678.495,100
2919,11:29:44,$ 3677.665,500
2920,11:29:43,$ 3678.27,100
2921,11:29:43,$ 3678.27,250
2922,11:29:42,$ 3676.00,100
2923,11:29:42,$ 3676.02,100
2924,11:29:42,$ 3676.03,100
2925,11:29:40,$ 3677.315,100
2926,11:29:35,$ 3676.79,200
2927,11:29:18,$ 3677.081,153
2928,11:29:17,$ 3677.29,100
2929,11:29:17,$ 3677.35,100
2930,11:29:17,$ 3677.275,100
2931,11:29:17,$ 3677.68,200
2932,11:29:12,$ 3679.0199,100
2933,11:29:11,$ 3677.515,100
2935,11:29:11,$ 3678.105,100
2936,11:29:11,$ 3678.36,100
2937,11:29:06,$ 3676.8457,200
2938,11:29:04,$ 3676.84,136
2939,11:29:02,$ 3677.1326,200
2940,11:29:00,$ 3676.83,100
2941,11:28:57,$ 3678.00,181
2942,11:28:57,$ 3678.03,100
2943,11:28:57,$ 3678.00,900
2944,11:28:57,$ 3678.43,200
2945,11:28:57,$ 3678.02,100
2946,11:28:57,$ 3678.06,100
2947,11:28:57,$ 3678.00,100
2948,11:28:57,$ 3678.00,100
2949,11:28:57,$ 3678.00,119
2950,11:28:55,$ 3678.40,200
2951,11:28:55,$ 3678.50,100
2952,11:28:54,$ 3679.03,100
2953,11:28:50,$ 3679.99,100
2954,11:28:50,$ 3679.98,100
2956,11:28:50,$ 3680.00,100
2957,11:28:48,$ 3680.09,100
2958,11:28:48,$ 3680.045,100
2959,11:28:48,$ 3680.01,300
2960,11:28:41,$ 3681.64,100
2961,11:28:36,$ 3680.1623,132
2962,11:28:36,$ 3680.51,100
2963,11:28:36,$ 3680.60,100
2964,11:28:28,$ 3683.26,100
2965,11:28:27,$ 3682.00,210
2966,11:28:27,$ 3682.00,290
2967,11:28:27,$ 3682.80,170
2968,11:28:27,$ 3682.02,100
2969,11:28:12,$ 3682.61,100
2970,11:28:12,$ 3682.42,300
2971,11:28:09,$ 3683.045,150
2972,11:28:09,$ 3682.574,100
2973,11:28:08,$ 3682.26,500
2974,11:28:06,$ 3682.04,127
2975,11:28:01,$ 3683.30,100
2977,11:28:00,$ 3684.70,114
2978,11:27:57,$ 3686.01,100
2979,11:27:53,$ 3686.00,200
2980,11:27:42,$ 3684.00,891
2981,11:27:41,$ 3684.99,287
2982,11:27:41,$ 3685.00,100
2983,11:27:41,$ 3685.00,700
2984,11:27:41,$ 3685.00,100
2985,11:27:29,$ 3687.47,100
2986,11:27:29,$ 3687.416,100
2987,11:27:29,$ 3687.408,100
2988,11:27:29,$ 3687.20,100
2989,11:27:26,$ 3686.17,100
2990,11:27:21,$ 3686.105,100
2991,11:27:18,$ 3686.355,100
2992,11:27:18,$ 3686.40,100
2993,11:27:16,$ 3686.64,100
2994,11:27:16,$ 3686.64,100
2995,11:27:10,$ 3687.0001,100
2996,11:27:10,$ 3687.00,100
2998,11:27:08,$ 3687.00,100
2999,11:27:07,$ 3688.53,100
3000,11:27:07,$ 3688.99,100
3001,11:27:03,$ 3690.46,100
3002,11:27:02,$ 3691.21,100
3003,11:27:00,$ 3690.71,100
3004,11:27:00,$ 3690.75,100
3005,11:27:00,$ 3690.70,100
3006,11:27:00,$ 3690.70,100
3007,11:27:00,$ 3690.68,100
3008,11:27:00,$ 3690.99,100
3009,11:27:00,$ 3690.68,100
3010,11:27:00,$ 3690.67,100
3011,11:27:00,$ 3690.57,100
3012,11:26:59,$ 3690.58,100
3013,11:26:59,$ 3690.58,100
3014,11:26:59,$ 3690.28,100
3015,11:26:59,$ 3690.96,100
3016,11:26:33,$ 3690.285,500
3017,11:26:31,$ 3690.29,500
3019,11:26:29,$ 3688.925,125
3020,11:26:09,$ 3688.00,200
3021,11:26:09,$ 3688.00,271
3022,11:26:09,$ 3688.00,451
3023,11:26:09,$ 3688.00,201
3024,11:26:07,$ 3687.00,100
3025,11:26:07,$ 3688.51,100
3026,11:26:07,$ 3688.05,100
3027,11:26:07,$ 3688.29,100
3028,11:26:07,$ 3688.271,200
3029,11:26:05,$ 3689.00,923
3030,11:26:04,$ 3688.625,200
3031,11:25:51,$ 3688.99,100
3032,11:25:51,$ 3688.79,100
3033,11:25:50,$ 3688.495,500
3034,11:25:21,$ 3688.685,100
3035,11:25:21,$ 3689.00,881
3036,11:25:05,$ 3688.345,500
3037,11:25:03,$ 3689.11,100
3038,11:24:54,$ 3689.13,100
3040,11:24:54,$ 3689.3104,300
3041,11:24:54,$ 3689.1105,100
3042,11:24:54,$ 3689.11,100
3043,11:24:54,$ 3689.12,100
3044,11:24:54,$ 3689.44,100
3045,11:24:54,$ 3689.14,100
3046,11:24:54,$ 3689.261,100
3047,11:24:46,$ 3690.17,100
3048,11:24:46,$ 3690.17,100
3049,11:24:25,$ 3689.40,100
3050,11:24:04,$ 3689.16,100
3051,11:24:04,$ 3689.16,100
3052,11:24:04,$ 3689.28,100
3053,11:24:04,$ 3689.13,200
3054,11:24:04,$ 3689.81,100
3055,11:24:04,$ 3689.79,100
3056,11:24:04,$ 3689.8794,200
3057,11:24:04,$ 3689.92,200
3058,11:23:51,$ 3690.8205,500
3059,11:23:46,$ 3688.89,298
3061,11:23:46,$ 3687.955,100
3062,11:23:46,$ 3688.44,100
3063,11:23:34,$ 3687.61,100
3064,11:23:33,$ 3687.49,100
3065,11:23:33,$ 3687.58,100
3066,11:23:29,$ 3688.00,100
3067,11:23:29,$ 3688.00,100
3068,11:23:29,$ 3688.00,100
3069,11:23:23,$ 3688.1663,270
3070,11:23:21,$ 3688.62,"1,000"
3071,11:23:12,$ 3688.2761,382
3072,11:23:11,$ 3689.95,100
3073,11:22:47,$ 3689.02,100
3074,11:22:47,$ 3689.02,100
3075,11:22:36,$ 3688.43,100
3076,11:22:21,$ 3689.00,800
3077,11:22:21,$ 3688.88,200
3078,11:22:21,$ 3689.00,215
3079,11:22:21,$ 3689.00,190
3080,11:22:21,$ 3689.05,100
3082,11:22:18,$ 3690.00,800
3083,11:22:17,$ 3690.00,125
3084,11:22:17,$ 3690.00,100
3085,11:22:17,$ 3690.35,100
3086,11:21:58,$ 3690.90,100
3087,11:21:17,$ 3693.25,100
3088,11:21:17,$ 3693.125,100
3089,11:21:10,$ 3695.00,100
3090,11:21:00,$ 3695.00,100
3091,11:20:58,$ 3695.39,100
3092,11:20:58,$ 3695.32,100
3093,11:20:58,$ 3695.32,100
3094,11:20:18,$ 3696.00,400
3095,11:20:18,$ 3696.00,100
3096,11:19:56,$ 3695.00,400
3097,11:19:33,$ 3694.42,100
3098,11:19:33,$ 3694.35,100
3099,11:19:33,$ 3694.34,100
3100,11:19:18,$ 3694.66,100
3101,11:19:12,$ 3694.03,100
3103,11:19:03,$ 3695.07,100
3104,11:19:02,$ 3694.99,100
3105,11:19:01,$ 3694.99,196
3106,11:19:01,$ 3693.905,100
3107,11:19:01,$ 3693.89,100
3108,11:19:01,$ 3693.95,100
3109,11:19:01,$ 3693.97,100
3110,11:19:01,$ 3694.00,167
3111,11:18:52,$ 3692.9487,170
3112,11:18:39,$ 3692.93,100
3113,11:18:39,$ 3690.75,100
3114,11:18:39,$ 3690.74,100
3115,11:18:38,$ 3690.74,100
3116,11:18:31,$ 3692.015,100
3117,11:18:26,$ 3690.00,900
3118,11:18:26,$ 3690.00,100
3119,11:17:38,$ 3692.6899,100
3120,11:17:36,$ 3692.00,100
3121,11:17:35,$ 3690.685,100
3122,11:17:35,$ 3691.41,100
3124,11:17:15,$ 3692.65,100
3125,11:17:15,$ 3692.66,100
3126,11:16:02,$ 3693.465,100
3127,11:15:52,$ 3691.91,200
3128,11:15:15,$ 3690.925,200
3129,11:15:14,$ 3690.92,500
3130,11:15:07,$ 3689.5691,500
3131,11:14:48,$ 3689.92,200
3132,11:14:48,$ 3689.50,100
3133,11:14:33,$ 3690.2166,300
3134,11:14:21,$ 3690.18,200
3135,11:13:48,$ 3690.21,108
3136,11:13:47,$ 3689.665,100
3137,11:13:39,$ 3689.302,100
3138,11:13:13,$ 3689.82,100
3139,11:12:35,$ 3691.8781,100
3140,11:12:31,$ 3690.95,100
3141,11:12:26,$ 3690.225,100
3142,11:12:20,$ 3689.68,100
3143,11:12:20,$ 3689.61,100
3145,11:12:17,$ 3690.96,100
3146,11:11:29,$ 3692.325,100
3147,11:11:24,$ 3691.52,100
3148,11:11:02,$ 3691.53,100
3149,11:11:02,$ 3691.53,100
3150,11:11:02,$ 3692.00,100
3151,11:11:02,$ 3691.96,200
3152,11:10:48,$ 3692.68,100
3153,11:10:35,$ 3693.395,100
3154,11:10:34,$ 3693.62,100
3155,11:10:31,$ 3693.90,100
3156,11:10:31,$ 3693.89,100
3157,11:09:54,$ 3695.64,100
3158,11:09:50,$ 3693.3295,100
3159,11:09:49,$ 3695.10,100
3160,11:09:46,$ 3695.41,159
3161,11:09:44,$ 3695.03,100
3162,11:09:43,$ 3696.7129,150
3163,11:09:29,$ 3696.69,100
3164,11:09:21,$ 3698.20,100
3166,11:09:08,$ 3697.6452,100
3167,11:08:52,$ 3698.62,100
3168,11:08:52,$ 3699.08,100
3169,11:07:38,$ 3698.2982,200
3170,11:07:33,$ 3697.205,100
3171,11:07:29,$ 3698.72,100
3172,11:07:15,$ 3698.965,100
3173,11:07:11,$ 3698.8693,200
3174,11:06:49,$ 3697.90,100
3175,11:06:45,$ 3697.8124,100
3176,11:06:42,$ 3697.75,370
3177,11:06:40,$ 3697.7543,134
3178,11:06:24,$ 3696.54,100
3179,11:06:22,$ 3695.38,100
3180,11:06:22,$ 3696.535,100
3181,11:06:08,$ 3695.84,150
3182,11:06:03,$ 3696.1579,130
3183,11:05:50,$ 3697.79,100
3184,11:05:50,$ 3696.91,100
3185,11:05:48,$ 3696.74,100
3187,11:05:47,$ 3695.05,100
3188,11:05:47,$ 3695.05,100
3189,11:05:38,$ 3694.72,100
3190,11:05:34,$ 3694.0024,800
3191,11:05:31,$ 3693.3801,120
3192,11:04:56,$ 3692.5999,100
3193,11:04:46,$ 3692.67,100
3194,11:04:42,$ 3692.55,100
3195,11:04:22,$ 3691.50,100
3196,11:04:20,$ 3690.485,100
3197,11:04:17,$ 3691.3234,245
3198,11:04:17,$ 3690.54,100
3199,11:03:32,$ 3691.23,190
3200,11:03:20,$ 3689.64,100
3201,11:03:08,$ 3689.2925,100
3202,11:03:05,$ 3690.505,100
3203,11:03:02,$ 3690.72,100
3204,11:02:58,$ 3691.00,900
3205,11:02:58,$ 3691.00,100
3206,11:02:58,$ 3691.00,100
3208,11:02:50,$ 3691.26,100
3209,11:02:41,$ 3692.03,100
3210,11:02:41,$ 3692.00,369
3211,11:02:41,$ 3692.00,131
3212,11:02:39,$ 3692.98,100
3213,11:02:28,$ 3692.84,100
3214,11:02:28,$ 3693.43,100
3215,11:02:21,$ 3693.00,100
3216,11:02:09,$ 3693.725,110
3217,11:02:04,$ 3693.71,500
3218,11:02:00,$ 3694.725,100
3219,11:02:00,$ 3694.75,100
3220,11:01:47,$ 3694.86,100
3221,11:01:32,$ 3694.08,100
3222,11:01:29,$ 3693.705,100
3223,11:00:51,$ 3692.34,100
3224,11:00:49,$ 3692.78,100
3225,11:00:49,$ 3693.09,100
3226,11:00:49,$ 3692.78,100
3227,11:00:49,$ 3692.78,100
3229,11:00:49,$ 3692.78,100
3230,11:00:48,$ 3693.61,200
3231,11:00:29,$ 3694.00,100
3232,11:00:25,$ 3693.58,100
3233,11:00:24,$ 3694.00,125
3234,11:00:21,$ 3694.1101,500
3235,11:00:19,$ 3695.44,100
3236,11:00:14,$ 3695.965,100
3237,11:00:01,$ 3695.98,500
3239,11:59:45,$ 3663.17,100
3240,11:59:45,$ 3662.00,178
3241,11:59:38,$ 3663.00,100
3242,11:59:35,$ 3661.0201,400
3243,11:59:28,$ 3662.445,100
3244,11:59:24,$ 3661.0201,740
3245,11:59:13,$ 3662.09,100
3246,11:59:13,$ 3662.09,400
3247,11:59:02,$ 3663.00,100
3248,11:58:58,$ 3663.02,500
3249,11:58:52,$ 3662.15,100
3250,11:58:48,$ 3662.32,100
3251,11:58:45,$ 3662.58,100
3252,11:58:39,$ 3660.8266,273
3253,11:58:35,$ 3661.43,100
3254,11:58:25,$ 3662.54,100
3255,11:58:25,$ 3662.54,200
3256,11:58:23,$ 3662.60,283
3257,11:58:22,$ 3663.00,100
3258,11:58:18,$ 3663.0001,200
3260,11:58:11,$ 3663.6512,100
3261,11:58:07,$ 3663.01,187
3262,11:58:07,$ 3663.178,100
3263,11:58:07,$ 3663.344,100
3264,11:58:07,$ 3663.344,100
3265,11:58:05,$ 3665.49,100
3266,11:57:39,$ 3664.338,272
3267,11:57:36,$ 3665.00,100
3268,11:57:01,$ 3665.91,100
3269,11:56:40,$ 3664.685,100
3270,11:56:35,$ 3666.10,100
3271,11:56:34,$ 3664.77,100
3272,11:56:02,$ 3666.60,200
3273,11:56:02,$ 3665.994,100
3274,11:56:01,$ 3665.42,100
3275,11:56:01,$ 3665.41,100
3276,11:56:01,$ 3665.57,100
3277,11:56:01,$ 3665.06,100
3278,11:56:01,$ 3665.24,100
3279,11:55:55,$ 3664.39,100
3281,11:55:55,$ 3663.7162,400
3282,11:55:40,$ 3664.815,200
3283,11:54:59,$ 3664.70,100
3284,11:54:40,$ 3664.7946,100
3285,11:54:38,$ 3665.055,100
3286,11:54:36,$ 3663.855,200
3287,11:54:33,$ 3665.20,200
3288,11:54:25,$ 3664.85,100
3289,11:54:25,$ 3665.02,100
3290,11:54:17,$ 3667.305,200
3291,11:54:09,$ 3666.1395,100
3292,11:54:06,$ 3667.10,198
3293,11:54:02,$ 3668.00,100
3294,11:53:39,$ 3670.99,168
3295,11:53:33,$ 3670.99,102
3296,11:53:33,$ 3670.005,100
3297,11:53:19,$ 3670.08,273
3298,11:53:11,$ 3670.82,195
3299,11:53:11,$ 3670.40,100
3300,11:53:00,$ 3668.8132,400
3302,11:52:48,$ 3670.00,139
3303,11:52:32,$ 3668.7996,100
3304,11:52:31,$ 3668.6951,150
3305,11:52:20,$ 3671.72,100
3306,11:52:13,$ 3671.215,200
3307,11:51:50,$ 3672.00,100
3308,11:51:48,$ 3670.37,400
3309,11:51:45,$ 3671.285,100
3310,11:51:38,$ 3671.97,100
3311,11:51:38,$ 3671.97,213
3312,11:51:38,$ 3671.98,100
3313,11:51:38,$ 3671.46,200
3314,11:51:38,$ 3671.45,100
3315,11:51:38,$ 3671.45,100
3316,11:51:38,$ 3670.69,100
3317,11:51:37,$ 3669.72,100
3318,11:51:35,$ 3671.40,100
3319,11:51:35,$ 3671.3571,114
3320,11:51:35,$ 3670.519,200
3321,11:51:35,$ 3670.44,100
3323,11:51:35,$ 3669.90,100
3324,11:51:35,$ 3669.79,100
3325,11:51:31,$ 3669.00,100
3326,11:51:28,$ 3667.405,100
3327,11:51:20,$ 3668.683,200
3328,11:51:18,$ 3667.40,100
3329,11:51:09,$ 3667.445,100
3330,11:51:08,$ 3667.445,100
3331,11:51:08,$ 3667.445,100
3332,11:51:08,$ 3667.445,100
3333,11:51:08,$ 3665.245,272
3334,11:51:08,$ 3666.99,100
3335,11:51:07,$ 3667.01,100
3336,11:51:06,$ 3666.93,100
3337,11:51:06,$ 3667.465,100
3338,11:51:06,$ 3667.02,100
3339,11:50:55,$ 3668.17,100
3340,11:50:55,$ 3668.17,100
3341,11:50:52,$ 3667.535,100
3342,11:50:52,$ 3669.00,506
3344,11:50:52,$ 3667.53,100
3345,11:50:52,$ 3667.53,100
3346,11:50:49,$ 3668.18,500
3347,11:50:47,$ 3667.89,100
3348,11:50:47,$ 3666.93,119
3349,11:50:47,$ 3666.86,100
3350,11:50:47,$ 3666.86,100
3351,11:50:47,$ 3666.91,100
3352,11:50:47,$ 3666.92,100
3353,11:50:47,$ 3666.89,100
3354,11:50:47,$ 3666.44,100
3355,11:50:42,$ 3667.34,100
3356,11:50:42,$ 3667.34,100
3357,11:50:42,$ 3667.34,100
3358,11:50:42,$ 3667.34,100
3359,11:50:42,$ 3667.095,100
3360,11:50:39,$ 3666.45,100
3361,11:50:35,$ 3666.35,280
3362,11:50:28,$ 3665.28,100
3363,11:50:27,$ 3666.13,100
3365,11:50:27,$ 3666.50,400
3366,11:50:27,$ 3666.20,100
3367,11:50:22,$ 3666.5973,500
3368,11:50:22,$ 3667.33,500
3369,11:50:08,$ 3668.35,200
3370,11:50:01,$ 3667.95,100
3371,11:50:01,$ 3666.91,100
3372,11:50:01,$ 3666.95,100
3373,11:50:01,$ 3666.79,100
3374,11:50:01,$ 3666.50,400
3375,11:49:37,$ 3666.669,200
3376,11:49:37,$ 3666.03,100
3377,11:49:12,$ 3665.7747,500
3378,11:49:11,$ 3666.09,100
3379,11:49:05,$ 3665.42,100
3380,11:48:56,$ 3664.986,100
3381,11:48:55,$ 3665.15,267
3382,11:48:55,$ 3665.208,100
3383,11:48:55,$ 3664.50,100
3384,11:48:52,$ 3665.84,100
3386,11:48:51,$ 3666.084,100
3387,11:48:49,$ 3665.725,101
3388,11:48:32,$ 3665.08,300
3389,11:48:29,$ 3665.85,100
3390,11:48:24,$ 3665.64,100
3391,11:48:24,$ 3665.64,100
3392,11:48:24,$ 3665.6399,200
3393,11:48:23,$ 3665.38,100
3394,11:48:23,$ 3665.35,100
3395,11:48:23,$ 3665.35,150
3396,11:48:11,$ 3663.8425,100
3397,11:48:08,$ 3664.83,100
3398,11:48:06,$ 3664.20,100
3399,11:48:06,$ 3664.20,100
3400,11:48:06,$ 3664.20,100
3401,11:48:06,$ 3664.20,100
3402,11:47:56,$ 3663.32,100
3403,11:47:56,$ 3663.295,100
3404,11:47:53,$ 3663.0671,100
3405,11:47:52,$ 3664.325,100
3407,11:47:51,$ 3665.00,100
3408,11:47:50,$ 3665.00,135
3409,11:47:50,$ 3665.00,100
3410,11:47:50,$ 3665.02,100
3411,11:47:50,$ 3664.95,100
3412,11:47:50,$ 3665.00,100
3413,11:47:50,$ 3664.88,100
3414,11:47:50,$ 3665.00,132
3415,11:47:50,$ 3665.00,447
3416,11:47:50,$ 3665.00,100
3417,11:47:45,$ 3666.37,100
3418,11:47:39,$ 3666.355,100
3419,11:47:39,$ 3666.60,100
3420,11:47:37,$ 3666.28,100
3421,11:47:35,$ 3667.03,100
3422,11:47:30,$ 3667.18,100
3423,11:47:25,$ 3667.8268,270
3424,11:47:18,$ 3667.29,100
3425,11:47:18,$ 3667.30,100
3426,11:47:18,$ 3667.42,100
3428,11:47:18,$ 3667.67,100
3429,11:47:15,$ 3666.982,500
3430,11:47:09,$ 3667.40,100
3431,11:47:03,$ 3668.1075,100
3432,11:47:03,$ 3668.1075,100
3433,11:47:03,$ 3668.1075,100
3434,11:47:03,$ 3667.67,100
3435,11:47:03,$ 3667.62,100
3436,11:47:03,$ 3667.55,100
3437,11:46:29,$ 3667.355,200
3438,11:46:08,$ 3669.165,100
3439,11:46:04,$ 3669.50,200
3440,11:46:04,$ 3670.00,250
3441,11:46:00,$ 3670.8601,739
3442,11:45:42,$ 3671.94,100
3443,11:45:42,$ 3671.58,100
3444,11:45:37,$ 3672.165,200
3445,11:45:30,$ 3672.173,500
3446,11:45:25,$ 3672.98,100
3447,11:45:15,$ 3672.2219,100
3449,11:44:59,$ 3672.9099,100
3450,11:44:53,$ 3671.9501,125
3451,11:44:50,$ 3673.2628,200
3452,11:44:44,$ 3671.435,100
3453,11:44:40,$ 3671.295,100
3454,11:44:39,$ 3671.598,100
3455,11:44:39,$ 3671.594,100
3456,11:44:39,$ 3671.98,100
3457,11:44:31,$ 3669.77,100
3458,11:44:31,$ 3670.00,100
3459,11:44:30,$ 3670.00,100
3460,11:44:30,$ 3670.00,100
3461,11:44:30,$ 3670.00,100
3462,11:44:30,$ 3670.00,100
3463,11:44:29,$ 3668.97,100
3464,11:44:20,$ 3669.686,100
3465,11:44:20,$ 3669.00,100
3466,11:44:16,$ 3670.00,100
3467,11:44:16,$ 3670.00,145
3468,11:44:16,$ 3670.00,104
3470,11:44:16,$ 3670.00,120
3471,11:44:16,$ 3670.00,120
3472,11:44:16,$ 3670.00,100
3473,11:44:11,$ 3669.405,500
3474,11:44:09,$ 3668.535,100
3475,11:44:05,$ 3669.07,286
3476,11:44:05,$ 3669.309,125
3477,11:43:59,$ 3666.70,300
3478,11:43:46,$ 3666.925,404
3479,11:43:20,$ 3667.885,150
3480,11:43:19,$ 3668.5699,100
3481,11:43:10,$ 3667.24,100
3482,11:43:09,$ 3668.3673,100
3483,11:43:07,$ 3668.135,500
3484,11:43:05,$ 3668.00,200
3485,11:43:03,$ 3667.6204,100
3486,11:42:56,$ 3667.19,100
3487,11:42:56,$ 3667.20,100
3488,11:42:53,$ 3666.673,500
3489,11:42:52,$ 3666.01,180
3491,11:42:48,$ 3666.745,100
3492,11:42:36,$ 3668.659,100
3493,11:42:29,$ 3667.857,500
3494,11:42:26,$ 3667.4925,100
3495,11:42:25,$ 3667.36,100
3496,11:42:22,$ 3667.0621,100
3497,11:42:12,$ 3667.21,100
3498,11:42:12,$ 3667.20,100
3499,11:42:12,$ 3667.21,100
3500,11:42:05,$ 3669.00,899
3501,11:42:05,$ 3669.00,100
3502,11:42:04,$ 3669.32,100
3503,11:42:03,$ 3669.42,599
3504,11:42:02,$ 3670.00,120
3505,11:41:58,$ 3669.493,100
3506,11:41:58,$ 3669.493,100
3507,11:41:58,$ 3669.32,100
3508,11:41:58,$ 3669.37,100
3509,11:41:56,$ 3669.95,140
3510,11:41:55,$ 3669.95,200
3512,11:41:39,$ 3670.07,100
3513,11:41:35,$ 3669.97,100
3514,11:41:14,$ 3670.17,100
3515,11:41:14,$ 3670.24,100
3516,11:41:13,$ 3670.06,100
3517,11:41:12,$ 3669.59,100
3518,11:41:11,$ 3669.43,334
3519,11:41:06,$ 3669.47,100
3520,11:41:06,$ 3669.44,100
3521,11:41:00,$ 3669.44,100
3522,11:41:00,$ 3669.276,100
3523,11:40:58,$ 3670.2911,100
3524,11:40:57,$ 3670.828,100
3525,11:40:51,$ 3670.39,100
3526,11:40:50,$ 3671.92,100
3527,11:40:50,$ 3670.96,100
3528,11:40:50,$ 3671.23,100
3529,11:40:43,$ 3672.45,100
3530,11:40:43,$ 3672.66,100
3531,11:40:42,$ 3672.66,100
3533,11:40:42,$ 3672.61,100
3534,11:40:38,$ 3672.66,100
3535,11:40:38,$ 3672.60,100
3536,11:40:32,$ 3673.00,100
3537,11:40:31,$ 3673.695,100
3538,11:40:31,$ 3672.61,161
3539,11:40:28,$ 3672.66,100
3540,11:40:15,$ 3672.66,100
3541,11:40:08,$ 3673.64,300
3542,11:40:04,$ 3673.755,100
3543,11:40:03,$ 3674.05,100
3544,11:39:56,$ 3673.37,100
3545,11:39:56,$ 3673.37,100
3546,11:39:41,$ 3672.60,100
3547,11:39:34,$ 3672.62,100
3548,11:39:27,$ 3672.66,500
3549,11:39:22,$ 3672.20,100
3550,11:39:22,$ 3673.06,100
3551,11:39:21,$ 3672.4686,100
3552,11:39:19,$ 3673.66,100
3554,11:39:09,$ 3672.30,100
3555,11:39:09,$ 3672.67,100
3556,11:39:09,$ 3672.62,100
3557,11:39:09,$ 3672.632,100
3558,11:39:07,$ 3671.8699,400
3559,11:38:32,$ 3674.25,100
3560,11:38:32,$ 3674.25,100
3561,11:38:32,$ 3674.2535,100
3562,11:38:32,$ 3674.2538,100
3563,11:38:32,$ 3674.38,100
3564,11:38:29,$ 3675.4199,315
3565,11:38:20,$ 3674.8671,200
3566,11:38:18,$ 3674.99,132
3567,11:38:18,$ 3674.99,110
3568,11:38:16,$ 3674.04,100
3569,11:37:49,$ 3673.9145,300
3570,11:37:47,$ 3673.50,100
3571,11:37:47,$ 3674.72,100
3572,11:37:47,$ 3674.72,290
3573,11:37:47,$ 3674.72,100
3575,11:37:46,$ 3674.065,100
3576,11:37:44,$ 3674.10,100
3577,11:37:43,$ 3673.705,100
3578,11:37:43,$ 3674.71,100
3579,11:37:43,$ 3674.55,100
3580,11:37:43,$ 3674.16,105
3581,11:37:43,$ 3673.81,100
3582,11:37:42,$ 3673.40,100
3583,11:37:19,$ 3675.9138,200
3584,11:37:11,$ 3676.305,187
3585,11:37:01,$ 3677.055,500
3586,11:36:51,$ 3676.00,100
3587,11:36:48,$ 3677.00,100
3588,11:36:23,$ 3678.9748,500
3589,11:36:15,$ 3676.2001,500
3590,11:35:58,$ 3678.20,300
3591,11:35:55,$ 3677.00,900
3592,11:35:55,$ 3676.70,100
3593,11:35:54,$ 3676.5395,100
3594,11:35:23,$ 3675.395,100
3596,11:35:16,$ 3674.6713,200
3597,11:35:00,$ 3677.88,100
3598,11:34:18,$ 3679.99,100
3599,11:34:15,$ 3679.545,300
3600,11:34:15,$ 3679.55,100
3601,11:34:14,$ 3679.18,100
3602,11:34:05,$ 3678.98,100
3603,11:34:02,$ 3680.00,100
3604,11:34:00,$ 3680.00,100
3605,11:33:58,$ 3680.4062,300
3606,11:33:54,$ 3680.25,500
3607,11:33:49,$ 3679.01,500
3608,11:33:49,$ 3681.55,400
3609,11:33:49,$ 3678.99,100
3610,11:33:47,$ 3678.47,100
3611,11:33:47,$ 3678.89,100
3612,11:33:38,$ 3678.77,100
3613,11:33:29,$ 3679.319,100
3614,11:33:18,$ 3678.8839,500
3615,11:33:07,$ 3680.91,100
3617,11:33:04,$ 3680.00,100
3618,11:33:04,$ 3680.00,100
3619,11:33:04,$ 3680.00,100
3620,11:33:04,$ 3680.00,100
3621,11:33:04,$ 3680.00,100
3622,11:33:02,$ 3680.55,100
3623,11:32:59,$ 3680.76,100
3624,11:32:52,$ 3679.96,100
3625,11:32:37,$ 3680.00,100
3626,11:32:36,$ 3680.00,200
3627,11:32:36,$ 3679.256,111
3628,11:32:31,$ 3678.5204,100
3629,11:32:25,$ 3679.275,100
3630,11:32:25,$ 3679.44,100
3631,11:32:25,$ 3677.95,100
3632,11:32:25,$ 3677.95,100
3633,11:32:25,$ 3678.05,100
3634,11:32:15,$ 3677.28,100
3635,11:32:11,$ 3677.7768,306
3636,11:32:06,$ 3676.585,130
3638,11:32:06,$ 3676.92,100
3639,11:31:57,$ 3676.20,100
3640,11:31:50,$ 3674.00,566
3641,11:31:50,$ 3675.67,100
3642,11:31:50,$ 3675.62,100
3643,11:31:37,$ 3676.22,100
3644,11:31:25,$ 3676.01,100
3645,11:31:24,$ 3676.495,500
3646,11:31:20,$ 3676.5249,400
3647,11:31:07,$ 3675.3283,108
3648,11:31:07,$ 3675.48,105
3650,12:29:47,$ 3698.08,100
3651,12:29:46,$ 3698.16,100
3652,12:29:36,$ 3697.24,100
3653,12:29:27,$ 3699.23,678
3654,12:29:27,$ 3699.18,153
3655,12:29:27,$ 3699.18,100
3656,12:29:27,$ 3701.00,100
3657,12:29:01,$ 3703.245,200
3658,12:28:48,$ 3703.195,400
3659,12:28:44,$ 3702.5401,375
3660,12:28:42,$ 3703.28,217
3661,12:28:42,$ 3703.28,183
3662,12:28:10,$ 3703.425,100
3663,12:28:10,$ 3703.2099,100
3664,12:28:10,$ 3703.2099,100
3665,12:28:10,$ 3703.21,100
3666,12:28:03,$ 3702.735,100
3667,12:27:51,$ 3702.2262,100
3668,12:27:48,$ 3702.755,500
3669,12:27:45,$ 3702.5684,100
3671,12:27:38,$ 3703.07,250
3672,12:27:38,$ 3702.355,100
3673,12:27:37,$ 3701.8567,100
3674,12:27:31,$ 3701.225,400
3675,12:27:31,$ 3701.34,245
3676,12:27:31,$ 3701.34,100
3677,12:27:31,$ 3700.665,195
3678,12:27:31,$ 3701.13,100
3679,12:27:31,$ 3700.22,100
3680,12:27:31,$ 3700.21,100
3681,12:27:23,$ 3701.3299,100
3682,12:27:22,$ 3699.5572,100
3683,12:27:20,$ 3700.075,400
3684,12:27:20,$ 3701.5099,500
3685,12:27:18,$ 3700.48,"2,790"
3686,12:27:18,$ 3700.00,"2,100"
3687,12:27:18,$ 3700.00,"2,000"
3688,12:27:18,$ 3700.00,100
3689,12:27:18,$ 3700.00,500
3690,12:27:18,$ 3700.00,271
3692,12:27:18,$ 3700.00,100
3693,12:27:18,$ 3700.00,225
3694,12:27:18,$ 3700.00,342
3695,12:27:18,$ 3700.00,129
3696,12:27:18,$ 3700.00,106
3697,12:27:18,$ 3700.00,132
3698,12:27:18,$ 3699.48,100
3699,12:27:18,$ 3699.48,100
3700,12:27:18,$ 3699.44,100
3701,12:27:15,$ 3699.3197,125
3702,12:27:11,$ 3698.25,100
3703,12:27:08,$ 3699.39,100
3704,12:27:08,$ 3699.36,100
3705,12:26:49,$ 3698.7201,500
3706,12:26:47,$ 3698.8081,100
3707,12:26:46,$ 3699.36,200
3708,12:26:41,$ 3699.88,100
3709,12:26:35,$ 3698.34,100
3710,12:26:27,$ 3699.57,100
3711,12:26:27,$ 3699.57,100
3713,12:26:27,$ 3700.00,231
3714,12:26:27,$ 3700.00,229
3715,12:26:27,$ 3699.45,108
3716,12:26:26,$ 3698.89,100
3717,12:26:22,$ 3699.35,100
3718,12:26:22,$ 3699.35,100
3719,12:26:21,$ 3699.9999,500
3720,12:26:21,$ 3697.58,100
3721,12:26:21,$ 3697.28,100
3722,12:26:20,$ 3695.68,100
3723,12:26:20,$ 3696.13,100
3724,12:26:20,$ 3694.9999,139
3725,12:26:15,$ 3696.4238,108
3726,12:26:14,$ 3695.34,150
3727,12:26:12,$ 3695.48,100
3728,12:26:00,$ 3694.65,150
3729,12:25:59,$ 3696.99,300
3730,12:25:55,$ 3694.65,100
3731,12:25:46,$ 3695.495,100
3732,12:25:39,$ 3697.95,100
3734,12:25:39,$ 3694.145,100
3735,12:25:34,$ 3694.64,270
3736,12:25:33,$ 3694.62,290
3737,12:25:32,$ 3694.62,100
3738,12:25:31,$ 3695.74,100
3739,12:25:31,$ 3695.02,100
3740,12:25:30,$ 3695.02,100
3741,12:25:25,$ 3695.56,100
3742,12:25:25,$ 3696.22,100
3743,12:25:25,$ 3695.85,100
3744,12:25:25,$ 3695.74,100
3745,12:24:50,$ 3696.68,500
3746,12:24:49,$ 3696.12,100
3747,12:24:49,$ 3696.12,103
3748,12:24:36,$ 3695.565,100
3749,12:24:34,$ 3696.1299,100
3750,12:24:32,$ 3695.29,100
3751,12:24:30,$ 3695.30,100
3752,12:24:30,$ 3696.92,148
3753,12:24:28,$ 3698.17,174
3755,12:24:24,$ 3699.65,100
3756,12:24:24,$ 3700.00,"1,253"
3757,12:24:24,$ 3700.00,314
3758,12:24:24,$ 3700.00,355
3759,12:24:24,$ 3700.00,123
3760,12:24:03,$ 3700.08,100
3761,12:23:55,$ 3700.305,150
3762,12:23:54,$ 3700.3091,110
3763,12:23:51,$ 3701.8619,100
3764,12:23:48,$ 3702.76,100
3765,12:23:45,$ 3701.50,150
3766,12:23:44,$ 3702.30,100
3767,12:23:31,$ 3701.53,100
3768,12:23:28,$ 3701.49,100
3769,12:23:27,$ 3702.60,100
3770,12:23:25,$ 3702.2351,400
3771,12:23:15,$ 3701.865,375
3772,12:23:12,$ 3701.18,100
3773,12:23:11,$ 3702.49,100
3774,12:23:09,$ 3702.10,150
3776,12:23:08,$ 3701.25,100
3777,12:23:08,$ 3701.23,100
3778,12:23:02,$ 3703.6699,100
3779,12:23:02,$ 3701.56,100
3780,12:23:02,$ 3702.56,500
3781,12:22:58,$ 3704.34,150
3782,12:22:56,$ 3703.74,100
3783,12:22:44,$ 3703.8201,500
3784,12:22:33,$ 3704.7225,100
3785,12:22:30,$ 3704.36,100
3786,12:22:30,$ 3703.99,100
3787,12:22:30,$ 3703.80,100
3788,12:22:22,$ 3703.095,107
3789,12:22:20,$ 3703.2199,500
3790,12:22:18,$ 3704.09,100
3791,12:22:17,$ 3702.185,101
3792,12:22:01,$ 3702.75,100
3793,12:21:58,$ 3700.345,100
3794,12:21:58,$ 3701.96,100
3795,12:21:58,$ 3701.95,100
3797,12:21:58,$ 3700.20,100
3798,12:21:58,$ 3700.355,100
3799,12:21:58,$ 3700.21,100
3800,12:21:52,$ 3699.96,182
3801,12:21:52,$ 3701.20,100
3802,12:21:52,$ 3701.22,100
3803,12:21:52,$ 3701.11,100
3804,12:21:42,$ 3705.47,250
3805,12:21:35,$ 3705.9217,150
3806,12:21:31,$ 3704.68,426
3807,12:21:30,$ 3704.95,150
3808,12:21:28,$ 3704.52,100
3809,12:21:28,$ 3704.52,100
3810,12:21:11,$ 3704.995,500
3811,12:21:09,$ 3705.79,100
3812,12:21:07,$ 3704.49,400
3813,12:20:55,$ 3704.17,100
3814,12:20:50,$ 3706.42,100
3815,12:20:40,$ 3704.6954,178
3816,12:20:36,$ 3703.865,100
3818,12:20:27,$ 3704.36,100
3819,12:20:24,$ 3704.7301,100
3820,12:20:22,$ 3704.775,100
3821,12:20:17,$ 3705.14,100
3822,12:20:12,$ 3705.88,100
3823,12:20:12,$ 3705.81,100
3824,12:20:12,$ 3704.795,100
3825,12:20:08,$ 3706.00,108
3826,12:20:08,$ 3706.00,"1,000"
3827,12:20:08,$ 3705.78,103
3828,12:20:02,$ 3705.49,100
3829,12:20:02,$ 3705.49,100
3830,12:20:01,$ 3704.67,100
3831,12:19:57,$ 3703.176,200
3832,12:19:49,$ 3703.59,100
3833,12:19:49,$ 3703.00,100
3834,12:19:47,$ 3702.7563,322
3835,12:19:47,$ 3702.7563,178
3836,12:19:47,$ 3702.1988,100
3837,12:19:47,$ 3701.89,100
3839,12:19:47,$ 3702.1988,271
3840,12:19:43,$ 3701.29,255
3841,12:19:43,$ 3701.43,100
3842,12:19:43,$ 3701.39,456
