,NLS Time (ET),NLS Price,NLS Share Volume
1,09:59:53,$ 3688.36,100
2,09:59:46,$ 3688.545,100
3,09:59:37,$ 3689.775,100
4,09:59:35,$ 3690.00,100
5,09:59:29,$ 3689.2201,150
6,09:59:29,$ 3689.6967,109
7,09:59:28,$ 3689.82,100
8,09:59:28,$ 3689.82,300
9,09:59:28,$ 3689.89,100
10,09:59:28,$ 3689.83,100
11,09:59:28,$ 3690.32,"1,000"
12,09:59:26,$ 3689.8814,150
13,09:59:22,$ 3690.32,100
14,09:59:22,$ 3689.685,150
15,09:59:21,$ 3690.3662,100
16,09:59:20,$ 3689.685,200
17,09:59:18,$ 3689.4723,376
18,09:59:18,$ 3689.4263,108
19,09:59:18,$ 3689.4264,119
20,09:59:16,$ 3689.91,500
22,09:59:06,$ 3689.90,100
23,09:58:55,$ 3689.20,100
24,09:58:49,$ 3688.555,100
25,09:58:42,$ 3689.87,130
26,09:58:42,$ 3689.88,100
27,09:58:38,$ 3689.00,100
28,09:58:37,$ 3689.53,200
29,09:58:37,$ 3689.52,100
30,09:58:37,$ 3689.52,100
31,09:58:36,$ 3688.285,100
32,09:58:36,$ 3688.26,100
33,09:58:36,$ 3688.29,100
34,09:58:36,$ 3688.10,158
35,09:58:36,$ 3688.10,100
36,09:58:36,$ 3688.10,100
37,09:58:27,$ 3687.80,100
38,09:58:25,$ 3688.14,100
39,09:58:18,$ 3688.12,100
40,09:58:18,$ 3688.139,100
41,09:58:18,$ 3688.139,100
43,09:58:18,$ 3688.139,200
44,09:58:18,$ 3687.50,100
45,09:58:18,$ 3687.8877,125
46,09:58:18,$ 3687.146,100
47,09:58:18,$ 3686.89,100
48,09:58:18,$ 3687.044,100
49,09:58:18,$ 3687.07,100
50,09:58:18,$ 3687.04,100
51,09:58:18,$ 3687.32,100
52,09:58:18,$ 3687.06,100
53,09:58:18,$ 3687.07,100
54,09:58:18,$ 3687.0435,100
55,09:58:16,$ 3688.9799,300
56,09:58:16,$ 3688.145,100
57,09:58:14,$ 3688.00,100
58,09:58:14,$ 3688.04,100
59,09:58:14,$ 3688.03,100
60,09:58:14,$ 3688.03,100
61,09:58:11,$ 3689.00,100
62,09:58:11,$ 3688.2242,100
64,09:58:11,$ 3688.76,100
65,09:58:03,$ 3687.1605,170
66,09:58:00,$ 3687.99,"1,000"
67,09:57:58,$ 3688.38,100
68,09:57:56,$ 3689.00,100
69,09:57:56,$ 3689.00,500
70,09:57:55,$ 3689.27,100
71,09:57:55,$ 3689.27,196
72,09:57:55,$ 3689.5861,100
73,09:57:52,$ 3689.89,100
74,09:57:52,$ 3690.00,106
75,09:57:52,$ 3690.00,100
76,09:57:52,$ 3690.00,100
77,09:57:50,$ 3688.96,100
78,09:57:48,$ 3688.848,100
79,09:57:43,$ 3688.445,100
80,09:57:43,$ 3688.445,300
81,09:57:43,$ 3688.445,300
82,09:57:43,$ 3688.445,300
83,09:57:37,$ 3687.20,200
85,09:57:35,$ 3687.4427,100
86,09:57:31,$ 3686.86,100
87,09:57:27,$ 3686.30,100
88,09:57:27,$ 3686.85,100
89,09:57:27,$ 3686.86,100
90,09:57:27,$ 3686.86,100
91,09:57:26,$ 3686.86,100
92,09:57:26,$ 3686.86,110
93,09:57:26,$ 3686.83,300
94,09:57:26,$ 3686.83,100
95,09:57:20,$ 3686.29,100
96,09:57:19,$ 3685.73,200
97,09:57:11,$ 3686.86,500
98,09:57:03,$ 3686.4512,170
99,09:57:03,$ 3685.78,261
100,09:57:03,$ 3685.78,700
101,09:56:55,$ 3685.825,100
102,09:56:54,$ 3685.50,100
103,09:56:49,$ 3685.85,100
104,09:56:47,$ 3685.665,100
106,09:56:46,$ 3685.76,100
107,09:56:45,$ 3684.185,100
108,09:56:45,$ 3684.285,100
109,09:56:45,$ 3684.20,100
110,09:56:45,$ 3684.04,100
111,09:56:37,$ 3685.87,100
112,09:56:37,$ 3685.89,100
113,09:56:34,$ 3684.8885,197
114,09:56:30,$ 3683.83,100
115,09:56:30,$ 3684.05,100
116,09:56:24,$ 3685.00,100
117,09:56:21,$ 3684.58,100
118,09:56:18,$ 3683.4432,150
119,09:56:18,$ 3683.7268,100
120,09:56:16,$ 3683.00,100
121,09:56:16,$ 3683.00,100
122,09:56:16,$ 3683.00,156
123,09:56:15,$ 3682.00,100
124,09:56:14,$ 3681.00,760
125,09:56:14,$ 3681.42,100
127,09:56:14,$ 3680.99,100
128,09:56:14,$ 3681.00,400
129,09:56:14,$ 3680.99,100
130,09:56:14,$ 3680.99,100
131,09:56:14,$ 3680.99,100
132,09:56:14,$ 3681.00,100
133,09:56:13,$ 3680.50,100
134,09:56:07,$ 3680.50,100
135,09:55:57,$ 3679.9428,300
136,09:55:57,$ 3679.7901,100
137,09:55:55,$ 3680.385,150
138,09:55:46,$ 3680.00,148
139,09:55:46,$ 3680.00,278
140,09:55:39,$ 3680.00,400
141,09:55:39,$ 3678.33,100
142,09:55:37,$ 3678.08,100
143,09:55:34,$ 3679.22,100
144,09:55:34,$ 3679.22,100
145,09:55:27,$ 3679.22,100
146,09:55:27,$ 3679.15,100
148,09:55:17,$ 3679.28,100
149,09:55:11,$ 3680.80,100
150,09:55:11,$ 3680.82,100
151,09:55:10,$ 3680.2782,100
152,09:54:54,$ 3679.82,100
153,09:54:35,$ 3680.89,100
154,09:54:35,$ 3680.93,100
155,09:54:35,$ 3680.62,100
156,09:54:35,$ 3679.61,100
157,09:54:35,$ 3679.61,100
158,09:54:35,$ 3679.34,100
159,09:54:35,$ 3679.34,100
160,09:54:35,$ 3678.87,100
161,09:54:34,$ 3676.1743,500
162,09:54:33,$ 3677.26,100
163,09:54:33,$ 3676.96,100
164,09:54:20,$ 3677.99,100
165,09:54:08,$ 3678.71,100
166,09:53:41,$ 3680.36,100
167,09:53:41,$ 3680.37,100
169,09:53:40,$ 3680.5398,500
170,09:53:39,$ 3680.04,100
171,09:53:39,$ 3681.72,100
172,09:53:31,$ 3681.00,100
173,09:53:31,$ 3680.99,100
174,09:53:25,$ 3678.48,100
175,09:53:18,$ 3677.6135,250
176,09:53:17,$ 3678.17,100
177,09:53:10,$ 3678.55,100
178,09:53:03,$ 3678.064,100
179,09:53:03,$ 3678.18,100
180,09:53:02,$ 3678.44,100
181,09:53:01,$ 3678.22,100
182,09:52:48,$ 3678.44,100
183,09:52:39,$ 3678.62,100
184,09:52:39,$ 3678.62,100
185,09:52:37,$ 3678.62,100
186,09:52:36,$ 3678.62,100
187,09:52:33,$ 3678.22,100
188,09:52:29,$ 3677.0504,300
190,09:52:10,$ 3678.13,150
191,09:52:00,$ 3677.86,325
192,09:51:42,$ 3678.80,175
193,09:51:24,$ 3678.8261,100
194,09:51:19,$ 3678.995,100
195,09:51:19,$ 3678.905,100
196,09:51:18,$ 3679.3828,100
197,09:50:58,$ 3678.0599,200
198,09:50:57,$ 3677.74,100
199,09:50:44,$ 3679.74,100
200,09:50:43,$ 3679.40,100
201,09:50:43,$ 3679.39,100
202,09:50:36,$ 3678.70,100
203,09:50:35,$ 3678.01,100
204,09:50:23,$ 3679.5924,120
205,09:50:19,$ 3679.74,100
206,09:50:13,$ 3678.533,500
207,09:50:11,$ 3678.00,250
208,09:50:10,$ 3678.85,100
209,09:50:06,$ 3680.01,100
211,09:50:06,$ 3679.99,100
212,09:50:06,$ 3680.00,100
213,09:50:04,$ 3679.55,100
214,09:49:58,$ 3678.79,100
215,09:49:58,$ 3678.81,100
216,09:49:57,$ 3678.09,100
217,09:49:53,$ 3677.7197,100
218,09:49:50,$ 3677.427,147
219,09:49:50,$ 3677.427,100
220,09:49:50,$ 3677.427,100
221,09:49:50,$ 3677.84,100
222,09:49:50,$ 3678.07,100
223,09:49:49,$ 3676.78,100
224,09:49:49,$ 3676.8053,150
225,09:49:49,$ 3676.78,100
226,09:49:49,$ 3676.78,100
227,09:49:49,$ 3676.7527,100
228,09:49:46,$ 3676.71,140
229,09:49:42,$ 3675.87,100
230,09:49:42,$ 3676.27,100
232,09:49:42,$ 3675.89,100
233,09:49:39,$ 3675.14,100
234,09:49:37,$ 3674.83,500
235,09:49:36,$ 3675.24,100
236,09:49:32,$ 3675.755,200
237,09:49:24,$ 3675.2301,100
238,09:49:07,$ 3678.10,100
239,09:49:07,$ 3678.2985,271
240,09:48:57,$ 3679.21,200
241,09:48:54,$ 3678.68,100
242,09:48:54,$ 3678.68,100
243,09:48:54,$ 3678.68,100
244,09:48:54,$ 3678.68,100
245,09:48:54,$ 3678.68,100
246,09:48:47,$ 3677.335,100
247,09:48:31,$ 3677.385,100
248,09:48:30,$ 3678.68,100
249,09:48:29,$ 3679.85,374
250,09:48:29,$ 3680.10,100
251,09:48:29,$ 3680.52,100
253,09:48:25,$ 3681.00,100
254,09:48:19,$ 3677.5601,200
255,09:48:16,$ 3679.557,100
256,09:48:14,$ 3679.3892,100
257,09:48:11,$ 3677.1201,100
258,09:48:04,$ 3675.89,100
259,09:48:04,$ 3675.90,100
260,09:48:04,$ 3677.01,100
261,09:48:01,$ 3677.15,123
262,09:47:57,$ 3677.275,500
263,09:47:56,$ 3678.61,100
264,09:47:50,$ 3679.37,170
265,09:47:49,$ 3679.14,100
266,09:47:47,$ 3679.3877,113
267,09:47:43,$ 3679.67,100
268,09:47:41,$ 3679.66,200
269,09:47:41,$ 3680.36,100
270,09:47:38,$ 3680.03,100
271,09:47:38,$ 3680.03,100
272,09:47:28,$ 3680.15,100
274,09:47:27,$ 3680.39,100
275,09:47:25,$ 3678.75,100
276,09:47:18,$ 3678.137,156
277,09:47:18,$ 3678.74,265
278,09:47:15,$ 3678.89,100
279,09:47:15,$ 3678.89,100
280,09:47:15,$ 3679.64,200
281,09:47:15,$ 3680.33,100
282,09:47:10,$ 3680.3899,100
283,09:47:07,$ 3679.97,100
284,09:47:07,$ 3679.98,100
285,09:47:06,$ 3679.9799,271
286,09:47:06,$ 3679.9799,189
287,09:47:03,$ 3679.45,100
288,09:47:03,$ 3679.40,100
289,09:47:03,$ 3679.40,200
290,09:47:03,$ 3679.40,100
291,09:47:03,$ 3679.40,100
292,09:47:02,$ 3679.79,100
293,09:47:01,$ 3679.39,100
295,09:47:01,$ 3678.89,100
296,09:46:58,$ 3676.5041,100
297,09:46:53,$ 3678.39,100
298,09:46:52,$ 3678.885,190
299,09:46:49,$ 3678.405,100
300,09:46:49,$ 3678.89,100
301,09:46:48,$ 3677.97,100
302,09:46:47,$ 3677.97,400
303,09:46:47,$ 3677.86,100
304,09:46:47,$ 3678.22,100
305,09:46:47,$ 3677.98,100
306,09:46:46,$ 3678.7574,200
307,09:46:46,$ 3678.39,100
308,09:46:46,$ 3677.965,200
309,09:46:44,$ 3678.18,100
310,09:46:44,$ 3678.19,100
311,09:46:44,$ 3677.99,100
312,09:46:41,$ 3678.18,100
313,09:46:39,$ 3677.99,200
314,09:46:38,$ 3678.00,100
316,09:46:38,$ 3676.77,100
317,09:46:38,$ 3676.5899,100
318,09:46:38,$ 3676.47,100
319,09:46:38,$ 3675.44,200
320,09:46:38,$ 3676.58,100
321,09:46:37,$ 3676.16,100
322,09:46:37,$ 3676.5899,100
323,09:46:37,$ 3676.04,100
324,09:46:37,$ 3675.98,100
325,09:46:37,$ 3675.99,100
326,09:46:37,$ 3675.70,100
327,09:46:34,$ 3674.0857,100
328,09:46:28,$ 3674.85,126
329,09:46:22,$ 3675.2588,100
330,09:46:19,$ 3675.87,100
331,09:46:19,$ 3675.68,100
332,09:46:08,$ 3670.87,100
333,09:46:07,$ 3672.64,100
334,09:46:00,$ 3673.75,110
335,09:45:49,$ 3673.66,100
337,09:45:45,$ 3673.52,259
338,09:45:41,$ 3675.02,100
339,09:45:40,$ 3675.00,100
340,09:45:40,$ 3674.74,179
341,09:45:40,$ 3675.00,175
342,09:45:32,$ 3673.68,100
343,09:45:22,$ 3672.3196,806
344,09:45:09,$ 3674.85,100
345,09:45:09,$ 3674.81,100
346,09:45:09,$ 3674.80,100
347,09:45:08,$ 3675.9899,100
348,09:45:04,$ 3675.79,100
349,09:45:01,$ 3674.90,500
350,09:44:54,$ 3673.99,100
351,09:44:54,$ 3674.00,100
352,09:44:54,$ 3674.00,100
353,09:44:54,$ 3674.00,100
354,09:44:54,$ 3674.00,100
355,09:44:54,$ 3674.00,100
356,09:44:54,$ 3673.91,100
358,09:44:54,$ 3673.99,100
359,09:44:54,$ 3674.00,100
360,09:44:52,$ 3673.00,100
361,09:44:47,$ 3673.92,100
362,09:44:44,$ 3673.99,100
363,09:44:43,$ 3674.00,100
364,09:44:43,$ 3674.00,100
365,09:44:43,$ 3673.99,100
366,09:44:43,$ 3674.00,100
367,09:44:43,$ 3674.00,100
368,09:44:43,$ 3674.00,100
369,09:44:43,$ 3673.99,100
370,09:44:43,$ 3674.00,100
371,09:44:43,$ 3674.00,100
372,09:44:43,$ 3674.00,100
373,09:44:43,$ 3674.00,347
374,09:44:43,$ 3674.00,100
375,09:44:43,$ 3674.00,100
376,09:44:43,$ 3674.00,100
377,09:44:43,$ 3674.00,100
379,09:44:43,$ 3674.00,100
380,09:44:43,$ 3674.00,100
381,09:44:43,$ 3673.82,100
382,09:44:43,$ 3673.83,100
383,09:44:43,$ 3673.40,100
384,09:44:43,$ 3673.40,100
385,09:44:39,$ 3672.49,100
386,09:44:36,$ 3673.36,100
387,09:44:33,$ 3670.90,100
388,09:44:28,$ 3670.92,100
389,09:44:21,$ 3670.26,200
390,09:44:14,$ 3672.59,100
391,09:44:14,$ 3672.59,100
392,09:44:11,$ 3672.48,100
393,09:44:08,$ 3672.00,136
394,09:44:05,$ 3670.08,100
395,09:43:59,$ 3669.24,100
396,09:43:51,$ 3670.085,100
397,09:43:49,$ 3670.379,155
398,09:43:36,$ 3670.58,100
400,09:43:31,$ 3670.39,100
401,09:43:27,$ 3669.727,284
402,09:43:26,$ 3669.07,100
403,09:43:17,$ 3670.00,188
404,09:43:17,$ 3670.00,100
405,09:42:58,$ 3670.21,102
406,09:42:58,$ 3670.21,100
407,09:42:57,$ 3670.3503,500
408,09:42:53,$ 3671.60,100
409,09:42:31,$ 3672.10,247
410,09:42:30,$ 3670.77,155
411,09:42:21,$ 3668.76,177
412,09:42:21,$ 3668.69,100
413,09:42:20,$ 3670.45,100
414,09:42:15,$ 3669.645,100
415,09:42:10,$ 3670.29,150
416,09:42:03,$ 3672.30,195
417,09:42:02,$ 3670.56,200
418,09:41:42,$ 3672.14,100
419,09:41:40,$ 3671.99,100
421,09:41:40,$ 3671.99,100
422,09:41:40,$ 3672.01,100
423,09:41:40,$ 3671.77,100
424,09:41:39,$ 3671.16,100
425,09:41:39,$ 3671.15,119
426,09:41:39,$ 3670.90,100
427,09:41:39,$ 3670.00,100
428,09:41:33,$ 3671.17,100
429,09:41:28,$ 3669.43,100
430,09:41:23,$ 3669.29,100
431,09:41:19,$ 3668.94,100
432,09:41:11,$ 3668.43,106
433,09:41:10,$ 3668.425,100
434,09:41:10,$ 3668.03,100
435,09:40:52,$ 3668.1001,148
436,09:40:42,$ 3668.645,100
437,09:40:41,$ 3668.32,100
438,09:40:37,$ 3671.98,100
439,09:40:37,$ 3671.98,100
440,09:40:33,$ 3673.265,100
442,09:40:26,$ 3673.36,100
443,09:40:25,$ 3672.7697,100
444,09:40:25,$ 3673.35,100
445,09:40:22,$ 3672.665,100
446,09:40:22,$ 3673.43,100
447,09:40:22,$ 3673.12,100
448,09:40:22,$ 3673.42,100
449,09:40:22,$ 3673.12,100
450,09:40:22,$ 3673.42,100
451,09:40:22,$ 3672.80,100
452,09:40:22,$ 3672.345,100
453,09:40:22,$ 3672.36,100
454,09:40:22,$ 3672.36,200
455,09:40:22,$ 3672.00,100
456,09:40:22,$ 3671.00,914
457,09:40:22,$ 3670.47,100
458,09:40:22,$ 3670.47,100
459,09:40:21,$ 3670.425,100
460,09:40:18,$ 3670.52,100
461,09:40:18,$ 3670.9899,125
463,09:40:18,$ 3670.99,100
464,09:40:18,$ 3669.90,100
465,09:40:17,$ 3668.88,100
466,09:40:15,$ 3668.50,100
467,09:40:15,$ 3668.51,100
468,09:40:15,$ 3667.96,100
469,09:40:13,$ 3667.735,100
470,09:40:12,$ 3666.4975,100
471,09:40:12,$ 3667.95,100
472,09:40:12,$ 3667.78,100
473,09:40:12,$ 3666.48,400
474,09:40:09,$ 3666.85,100
475,09:40:09,$ 3666.64,100
476,09:40:09,$ 3664.94,100
477,09:40:00,$ 3665.73,100
478,09:39:48,$ 3665.57,380
479,09:39:48,$ 3665.51,137
480,09:39:42,$ 3665.0188,200
481,09:39:27,$ 3666.58,100
482,09:39:16,$ 3665.375,100
484,09:38:54,$ 3663.57,105
485,09:38:54,$ 3666.00,100
486,09:38:54,$ 3666.27,100
487,09:38:54,$ 3666.27,100
488,09:38:52,$ 3667.25,100
489,09:38:51,$ 3666.27,100
490,09:38:51,$ 3667.635,100
491,09:38:44,$ 3669.68,100
492,09:38:43,$ 3670.89,"1,000"
493,09:38:42,$ 3671.197,500
494,09:38:34,$ 3670.83,100
495,09:38:22,$ 3669.065,400
496,09:38:22,$ 3669.065,100
497,09:38:15,$ 3669.815,100
498,09:38:14,$ 3668.6277,138
499,09:38:09,$ 3669.815,100
500,09:38:08,$ 3670.385,100
501,09:38:06,$ 3671.715,"2,000"
502,09:38:01,$ 3672.99,100
503,09:38:01,$ 3672.915,100
505,09:38:00,$ 3672.4797,100
506,09:38:00,$ 3672.48,100
507,09:38:00,$ 3672.47,589
508,09:38:00,$ 3672.204,100
509,09:38:00,$ 3672.28,100
510,09:37:59,$ 3672.80,200
511,09:37:53,$ 3671.92,100
512,09:37:51,$ 3670.8347,248
513,09:37:51,$ 3670.99,100
514,09:37:45,$ 3669.00,100
515,09:37:45,$ 3668.75,100
516,09:37:43,$ 3668.30,100
517,09:37:43,$ 3668.30,100
518,09:37:43,$ 3667.86,102
519,09:37:43,$ 3667.86,336
520,09:37:43,$ 3667.62,100
521,09:37:43,$ 3667.91,100
522,09:37:43,$ 3667.00,100
523,09:37:34,$ 3667.865,100
524,09:37:32,$ 3666.9801,100
526,09:37:24,$ 3667.8789,100
527,09:37:24,$ 3667.8789,161
528,09:37:24,$ 3668.38,161
529,09:37:24,$ 3667.4773,100
530,09:37:24,$ 3667.4316,100
531,09:37:24,$ 3667.4316,100
532,09:37:24,$ 3667.44,100
533,09:37:24,$ 3667.59,100
534,09:37:24,$ 3667.63,100
535,09:37:23,$ 3666.50,100
536,09:37:23,$ 3666.46,100
537,09:37:23,$ 3665.96,100
538,09:37:23,$ 3665.93,100
539,09:37:03,$ 3666.21,100
540,09:37:03,$ 3666.21,100
541,09:37:01,$ 3665.73,100
542,09:36:58,$ 3665.345,200
543,09:36:55,$ 3665.73,100
544,09:36:55,$ 3667.00,268
545,09:36:55,$ 3665.19,200
547,09:36:55,$ 3665.19,100
548,09:36:55,$ 3665.745,100
549,09:36:49,$ 3667.05,100
550,09:36:48,$ 3667.69,100
551,09:36:42,$ 3666.595,100
552,09:36:40,$ 3667.45,100
553,09:36:40,$ 3667.46,100
554,09:36:37,$ 3666.89,100
555,09:36:34,$ 3664.0034,100
556,09:36:34,$ 3664.47,100
557,09:36:33,$ 3663.66,300
558,09:36:30,$ 3662.50,154
559,09:36:30,$ 3663.85,100
560,09:36:30,$ 3663.85,100
561,09:36:30,$ 3662.98,100
562,09:36:25,$ 3660.995,100
563,09:36:24,$ 3661.78,100
564,09:36:24,$ 3662.50,100
565,09:36:24,$ 3661.00,100
566,09:36:24,$ 3660.94,100
568,09:36:24,$ 3660.98,100
569,09:36:24,$ 3660.99,100
570,09:36:24,$ 3660.84,100
571,09:36:16,$ 3657.99,100
572,09:36:04,$ 3652.815,100
573,09:36:00,$ 3658.98,100
574,09:35:58,$ 3658.75,100
575,09:35:58,$ 3657.75,100
576,09:35:54,$ 3658.00,122
577,09:35:54,$ 3657.94,100
578,09:35:45,$ 3656.26,100
579,09:35:44,$ 3657.3497,120
580,09:35:44,$ 3656.68,100
581,09:35:44,$ 3656.71,100
582,09:35:43,$ 3657.70,133
583,09:35:36,$ 3656.25,100
584,09:35:34,$ 3654.5103,100
585,09:35:31,$ 3654.18,100
586,09:35:31,$ 3654.22,100
587,09:35:29,$ 3653.43,"1,000"
589,09:35:28,$ 3652.33,100
590,09:35:18,$ 3650.50,100
591,09:35:15,$ 3655.44,100
592,09:35:11,$ 3652.83,110
593,09:35:11,$ 3652.00,100
594,09:35:11,$ 3652.02,100
595,09:35:11,$ 3652.23,100
596,09:35:10,$ 3651.05,200
597,09:35:10,$ 3651.05,100
598,09:35:10,$ 3651.05,100
599,09:35:07,$ 3650.00,100
600,09:35:07,$ 3650.28,100
601,09:35:06,$ 3651.00,100
602,09:34:56,$ 3655.43,100
603,09:34:42,$ 3658.27,"1,000"
604,09:34:41,$ 3658.275,200
605,09:34:35,$ 3657.92,100
606,09:34:35,$ 3657.84,100
607,09:34:35,$ 3657.84,100
608,09:34:35,$ 3657.84,100
610,09:34:32,$ 3658.00,100
611,09:34:30,$ 3659.49,200
612,09:34:17,$ 3656.17,100
613,09:34:17,$ 3656.38,100
614,09:34:17,$ 3655.80,100
615,09:34:14,$ 3656.98,100
616,09:34:14,$ 3656.99,100
617,09:34:14,$ 3657.12,100
618,09:34:14,$ 3657.01,100
619,09:34:00,$ 3656.20,100
620,09:34:00,$ 3656.70,100
621,09:34:00,$ 3656.00,103
622,09:33:58,$ 3657.5156,600
623,09:33:52,$ 3657.22,100
624,09:33:52,$ 3655.86,263
625,09:33:52,$ 3655.85,100
626,09:33:52,$ 3655.95,200
627,09:33:42,$ 3652.75,100
628,09:33:39,$ 3655.45,100
629,09:33:37,$ 3654.175,100
631,09:33:35,$ 3655.61,205
632,09:33:32,$ 3655.61,100
633,09:33:27,$ 3652.035,"1,000"
634,09:33:15,$ 3649.87,100
635,09:33:12,$ 3648.51,100
636,09:33:11,$ 3647.25,100
637,09:33:11,$ 3647.50,100
638,09:33:11,$ 3650.00,100
639,09:33:11,$ 3650.00,177
640,09:33:11,$ 3650.00,360
641,09:33:11,$ 3650.00,250
642,09:33:11,$ 3651.00,164
643,09:33:08,$ 3652.8634,100
644,09:33:04,$ 3654.5903,"1,000"
645,09:33:01,$ 3652.045,100
646,09:33:01,$ 3652.14,100
647,09:33:01,$ 3652.06,100
648,09:33:00,$ 3653.36,100
649,09:32:56,$ 3654.50,150
650,09:32:56,$ 3654.67,100
652,09:32:54,$ 3655.69,100
653,09:32:48,$ 3655.56,100
654,09:32:48,$ 3657.9876,100
655,09:32:48,$ 3656.11,100
656,09:32:47,$ 3655.10,100
657,09:32:42,$ 3656.29,100
658,09:32:34,$ 3657.865,100
659,09:32:33,$ 3657.865,100
660,09:32:29,$ 3658.975,200
661,09:32:28,$ 3657.3639,800
662,09:32:27,$ 3657.535,100
663,09:32:24,$ 3657.02,100
664,09:32:22,$ 3658.19,100
665,09:32:22,$ 3658.01,100
666,09:32:20,$ 3658.02,100
667,09:32:20,$ 3659.50,102
668,09:32:17,$ 3660.745,200
669,09:32:06,$ 3660.96,400
670,09:32:06,$ 3661.09,150
671,09:32:05,$ 3659.9189,200
673,09:32:05,$ 3661.135,100
674,09:32:05,$ 3661.35,100
675,09:31:54,$ 3660.82,100
676,09:31:54,$ 3660.367,100
677,09:31:53,$ 3658.56,100
678,09:31:52,$ 3659.42,500
679,09:31:42,$ 3660.545,100
680,09:31:41,$ 3660.00,100
681,09:31:41,$ 3659.94,100
682,09:31:41,$ 3659.76,210
683,09:31:41,$ 3658.66,286
684,09:31:41,$ 3658.55,100
685,09:31:37,$ 3658.64,100
686,09:31:32,$ 3657.10,197
687,09:31:31,$ 3657.80,100
688,09:31:31,$ 3658.21,100
689,09:31:30,$ 3657.81,100
690,09:31:29,$ 3658.84,100
691,09:31:29,$ 3658.13,100
692,09:31:29,$ 3658.12,200
694,09:31:29,$ 3658.48,100
695,09:31:29,$ 3658.84,200
696,09:31:29,$ 3659.03,100
697,09:31:29,$ 3658.95,100
698,09:31:29,$ 3658.29,100
699,09:31:29,$ 3658.12,100
700,09:31:29,$ 3658.12,200
701,09:31:28,$ 3661.7599,100
702,09:31:26,$ 3660.9091,"1,000"
703,09:31:23,$ 3661.26,250
704,09:31:21,$ 3660.89,100
705,09:31:20,$ 3660.8399,100
706,09:31:19,$ 3657.879,"1,000"
707,09:31:16,$ 3661.775,271
708,09:31:14,$ 3662.40,100
709,09:31:14,$ 3660.655,200
710,09:31:13,$ 3661.1656,200
711,09:31:11,$ 3663.1929,"1,000"
712,09:31:11,$ 3660.00,200
713,09:31:11,$ 3660.00,125
715,09:31:11,$ 3660.00,285
716,09:31:11,$ 3660.00,100
717,09:31:11,$ 3660.00,170
718,09:31:07,$ 3661.20,296
719,09:31:07,$ 3660.72,662
720,09:31:06,$ 3662.3999,100
721,09:31:04,$ 3662.50,100
722,09:31:04,$ 3662.45,100
723,09:30:59,$ 3668.605,100
724,09:30:58,$ 3667.16,100
725,09:30:55,$ 3664.51,160
726,09:30:55,$ 3664.52,100
727,09:30:54,$ 3665.7036,100
728,09:30:53,$ 3664.45,100
729,09:30:50,$ 3664.00,400
730,09:30:50,$ 3664.26,100
731,09:30:49,$ 3665.00,100
732,09:30:45,$ 3668.00,600
733,09:30:45,$ 3668.00,100
734,09:30:42,$ 3671.14,100
736,09:30:42,$ 3671.26,100
737,09:30:30,$ 3669.93,114
738,09:30:30,$ 3671.71,100
739,09:30:30,$ 3671.00,200
740,09:30:28,$ 3676.41,100
741,09:30:26,$ 3672.00,100
742,09:30:26,$ 3672.14,208
743,09:30:26,$ 3672.14,100
744,09:30:26,$ 3673.15,100
745,09:30:26,$ 3673.21,100
746,09:30:26,$ 3673.16,100
747,09:30:26,$ 3674.21,100
748,09:30:26,$ 3674.12,100
749,09:30:24,$ 3676.4099,500
750,09:30:20,$ 3674.78,140
751,09:30:19,$ 3676.4099,105
752,09:30:18,$ 3674.775,200
753,09:30:16,$ 3674.78,100
754,09:30:16,$ 3674.78,100
755,09:30:15,$ 3673.27,100
757,09:30:15,$ 3674.77,100
758,09:30:15,$ 3674.63,100
759,09:30:15,$ 3674.0604,425
760,09:30:13,$ 3674.37,100
761,09:30:12,$ 3674.00,200
762,09:30:12,$ 3674.37,100
763,09:30:12,$ 3674.37,100
764,09:30:12,$ 3674.26,100
765,09:30:12,$ 3674.28,100
766,09:30:12,$ 3674.38,326
767,09:30:12,$ 3674.00,330
768,09:30:11,$ 3674.01,"1,000"
769,09:30:11,$ 3674.80,100
770,09:30:11,$ 3674.70,100
771,09:30:11,$ 3674.655,100
772,09:30:11,$ 3674.80,100
773,09:30:11,$ 3674.80,675
774,09:30:10,$ 3675.84,100
775,09:30:10,$ 3674.78,100
776,09:30:10,$ 3674.78,100
778,09:30:10,$ 3674.5125,100
779,09:30:10,$ 3674.74,100
780,09:30:10,$ 3674.96,100
781,09:30:10,$ 3674.99,100
782,09:30:09,$ 3674.09,100
783,09:30:09,$ 3674.00,100
784,09:30:09,$ 3674.5922,700
785,09:30:08,$ 3673.82,100
786,09:30:05,$ 3674.475,100
787,09:30:05,$ 3674.00,101
788,09:30:05,$ 3674.02,101
789,09:30:05,$ 3674.02,101
790,09:30:05,$ 3674.01,100
791,09:30:04,$ 3674.50,100
792,09:30:03,$ 3673.80,100
793,09:30:01,$ 3673.17,8
794,09:30:01,$ 3673.17,2
795,09:30:01,$ 3673.17,1
796,09:30:01,$ 3673.17,2
797,09:30:01,$ 3673.17,1
799,09:30:01,$ 3673.17,2
800,09:30:01,$ 3673.17,10
801,09:30:01,$ 3673.17,2
802,09:30:01,$ 3673.17,3
803,09:30:01,$ 3673.17,5
804,09:30:01,$ 3673.17,4
805,09:30:01,$ 3673.17,1
806,09:30:01,$ 3673.17,3
807,09:30:01,$ 3673.17,1
808,09:30:01,$ 3673.17,1
809,09:30:01,$ 3673.17,1
810,09:30:01,$ 3673.17,4
811,09:30:01,$ 3673.17,1
812,09:30:01,$ 3673.17,1
813,09:30:01,$ 3673.17,10
814,09:30:01,$ 3673.17,1
815,09:30:01,$ 3673.17,10
816,09:30:01,$ 3673.17,10
817,09:30:01,$ 3673.17,50
818,09:30:01,$ 3673.17,1
820,09:30:01,$ 3673.17,3
821,09:30:01,$ 3673.17,4
822,09:30:01,$ 3673.17,4
823,09:30:01,$ 3673.17,1
824,09:30:01,$ 3673.17,2
825,09:30:01,$ 3673.17,5
826,09:30:01,$ 3673.17,18
827,09:30:01,$ 3673.17,1
828,09:30:01,$ 3673.17,6
829,09:30:01,$ 3673.17,12
830,09:30:01,$ 3673.17,1
831,09:30:01,$ 3673.17,2
832,09:30:01,$ 3673.17,2
833,09:30:01,$ 3673.17,1
834,09:30:01,$ 3673.17,40
835,09:30:01,$ 3673.17,1
836,09:30:01,$ 3673.17,1
837,09:30:01,$ 3673.17,1
838,09:30:01,$ 3673.17,53
839,09:30:01,$ 3673.17,8
841,09:30:01,$ 3673.17,28
842,09:30:01,$ 3673.17,2
843,09:30:01,$ 3673.17,2
844,09:30:01,$ 3673.17,1
845,09:30:01,$ 3673.17,2
846,09:30:01,$ 3673.17,1
847,09:30:01,$ 3673.17,6
848,09:30:01,$ 3673.17,10
849,09:30:01,$ 3673.17,10
850,09:30:01,$ 3673.17,1
851,09:30:01,$ 3673.17,2
852,09:30:01,$ 3673.17,3
853,09:30:01,$ 3673.17,1
854,09:30:01,$ 3673.17,10
855,09:30:01,$ 3673.17,3
856,09:30:01,$ 3673.17,6
857,09:30:01,$ 3673.17,1
858,09:30:01,$ 3673.17,1
859,09:30:01,$ 3673.17,1
860,09:30:01,$ 3673.17,1
862,09:30:01,$ 3673.17,3
863,09:30:01,$ 3673.17,10
864,09:30:01,$ 3673.17,3
865,09:30:01,$ 3673.17,1
866,09:30:01,$ 3673.17,1
867,09:30:01,$ 3673.17,1
868,09:30:01,$ 3673.17,4
869,09:30:01,$ 3673.17,1
870,09:30:01,$ 3673.17,5
871,09:30:01,$ 3673.17,1
872,09:30:01,$ 3673.17,2
873,09:30:01,$ 3673.17,1
874,09:30:01,$ 3673.17,1
875,09:30:01,$ 3673.17,16
876,09:30:01,$ 3673.17,1
877,09:30:01,$ 3673.17,2
878,09:30:01,$ 3673.17,9
879,09:30:01,$ 3673.17,1
880,09:30:01,$ 3673.17,1
881,09:30:01,$ 3673.17,1
883,09:30:01,$ 3673.17,1
884,09:30:01,$ 3673.17,1
885,09:30:01,$ 3673.17,1
886,09:30:01,$ 3673.17,1
887,09:30:01,$ 3673.17,3
888,09:30:01,$ 3673.17,30
889,09:30:01,$ 3673.17,1
890,09:30:01,$ 3673.17,4
891,09:30:01,$ 3673.17,1
892,09:30:01,$ 3673.17,1
893,09:30:01,$ 3673.17,2
894,09:30:01,$ 3673.17,1
895,09:30:01,$ 3673.17,1
896,09:30:01,$ 3673.17,4
897,09:30:01,$ 3673.17,1
898,09:30:01,$ 3673.17,1
899,09:30:01,$ 3673.17,1
900,09:30:01,$ 3673.17,3
901,09:30:01,$ 3673.17,1
902,09:30:01,$ 3673.17,1
904,09:30:01,$ 3673.17,2
905,09:30:01,$ 3673.17,5
906,09:30:01,$ 3673.17,1
907,09:30:01,$ 3673.17,2
908,09:30:01,$ 3673.17,1
909,09:30:01,$ 3673.17,1
910,09:30:01,$ 3673.17,1
911,09:30:01,$ 3673.17,3
912,09:30:01,$ 3673.17,1
913,09:30:01,$ 3673.17,1
914,09:30:01,$ 3673.17,1
915,09:30:01,$ 3673.17,109
916,09:30:01,$ 3673.17,14
917,09:30:01,$ 3673.17,1
918,09:30:01,$ 3673.17,1
919,09:30:01,$ 3673.17,1
920,09:30:01,$ 3673.17,16
921,09:30:01,$ 3673.17,5
922,09:30:01,$ 3673.17,2
923,09:30:01,$ 3673.17,1
925,09:30:01,$ 3673.17,3
926,09:30:01,$ 3673.17,10
927,09:30:01,$ 3673.17,50
928,09:30:01,$ 3673.17,4
929,09:30:01,$ 3673.17,6
930,09:30:01,$ 3673.17,2
931,09:30:01,$ 3673.17,40
932,09:30:01,$ 3673.17,1
933,09:30:01,$ 3673.17,1
934,09:30:01,$ 3673.17,117
935,09:30:01,$ 3673.17,5
936,09:30:01,$ 3673.17,1
937,09:30:01,$ 3673.17,16
938,09:30:01,$ 3673.17,10
939,09:30:01,$ 3673.17,1
940,09:30:01,$ 3673.17,6
941,09:30:01,$ 3673.17,1
942,09:30:01,$ 3673.17,1
943,09:30:01,$ 3673.17,3
944,09:30:01,$ 3673.17,1
946,09:30:01,$ 3673.17,5
947,09:30:01,$ 3673.17,1
948,09:30:01,$ 3673.17,5
949,09:30:01,$ 3673.17,25
950,09:30:01,$ 3673.17,3
951,09:30:01,$ 3673.17,1
952,09:30:01,$ 3673.17,1
953,09:30:01,$ 3673.17,2
954,09:30:01,$ 3673.17,2
955,09:30:01,$ 3673.17,3
956,09:30:01,$ 3673.17,16
957,09:30:01,$ 3673.17,1
958,09:30:01,$ 3673.17,1
959,09:30:01,$ 3673.17,1
960,09:30:01,$ 3673.17,1
961,09:30:01,$ 3673.17,1
962,09:30:01,$ 3673.17,1
963,09:30:01,$ 3673.17,1
964,09:30:01,$ 3673.17,1
965,09:30:01,$ 3673.17,5
967,09:30:01,$ 3673.17,4
968,09:30:01,$ 3673.17,118
969,09:30:01,$ 3673.17,18
970,09:30:01,$ 3673.17,1
971,09:30:01,$ 3673.17,2
972,09:30:01,$ 3673.17,3
973,09:30:01,$ 3673.17,1
974,09:30:01,$ 3673.17,100
975,09:30:01,$ 3673.17,2
976,09:30:01,$ 3673.17,3
977,09:30:01,$ 3673.17,5
978,09:30:01,$ 3673.17,1
979,09:30:01,$ 3673.17,3
980,09:30:01,$ 3673.17,2
981,09:30:01,$ 3673.17,1
982,09:30:01,$ 3673.17,8
983,09:30:01,$ 3673.17,2
984,09:30:01,$ 3673.17,3
985,09:30:01,$ 3673.17,4
986,09:30:01,$ 3673.17,2
988,09:30:01,$ 3673.17,17
989,09:30:01,$ 3673.17,3
990,09:30:01,$ 3673.17,5
991,09:30:01,$ 3673.17,10
992,09:30:01,$ 3673.17,2
993,09:30:01,$ 3673.17,2
994,09:30:01,$ 3673.17,11
995,09:30:01,$ 3673.17,3
996,09:30:01,$ 3673.17,1
997,09:30:01,$ 3673.17,109
998,09:30:01,$ 3673.17,25
999,09:30:01,$ 3673.17,5
1000,09:30:01,$ 3673.17,3
1001,09:30:01,$ 3673.17,1
1002,09:30:01,$ 3673.17,15
1003,09:30:01,$ 3673.17,19
1004,09:30:01,$ 3673.17,2
1005,09:30:01,$ 3673.17,30
1006,09:30:01,$ 3673.17,17
1007,09:30:01,$ 3673.17,5
1009,09:30:01,$ 3673.17,5
1010,09:30:01,$ 3673.17,1
1011,09:30:01,$ 3673.17,68
1012,09:30:01,$ 3673.17,1
1013,09:30:01,$ 3673.17,3
1014,09:30:01,$ 3673.17,27
1015,09:30:01,$ 3673.17,20
1016,09:30:01,$ 3673.17,1
1017,09:30:01,$ 3673.17,70
1018,09:30:01,$ 3673.17,22
1019,09:30:01,$ 3673.17,5
1020,09:30:01,$ 3673.17,2
1021,09:30:01,$ 3673.17,156
1022,09:30:01,$ 3673.17,1
1023,09:30:01,$ 3673.17,2
1024,09:30:01,$ 3673.17,10
1025,09:30:01,$ 3673.17,5
1026,09:30:01,$ 3673.17,1
1027,09:30:01,$ 3673.17,7
1028,09:30:01,$ 3673.17,1
1030,09:30:01,$ 3673.17,5
1031,09:30:01,$ 3673.17,50
1032,09:30:01,$ 3673.17,5
1033,09:30:01,$ 3673.17,9
1034,09:30:01,$ 3673.17,5
1035,09:30:01,$ 3673.17,29
1036,09:30:01,$ 3673.17,4
1037,09:30:01,$ 3673.17,20
1038,09:30:01,$ 3673.17,2
1039,09:30:01,$ 3673.17,6
1040,09:30:01,$ 3673.17,100
1041,09:30:01,$ 3673.17,12
1042,09:30:01,$ 3673.17,1
1043,09:30:01,$ 3673.17,8
1044,09:30:01,$ 3673.17,7
1045,09:30:01,$ 3673.17,22
1046,09:30:01,$ 3673.17,20
1047,09:30:01,$ 3673.17,2
1048,09:30:01,$ 3673.17,10
1049,09:30:01,$ 3673.17,1
1051,09:30:01,$ 3673.17,2
1052,09:30:01,$ 3673.17,1
1053,09:30:01,$ 3673.17,13
1054,09:30:01,$ 3673.17,5
1055,09:30:01,$ 3673.17,3
1056,09:30:01,$ 3673.17,10
1057,09:30:01,$ 3673.17,5
1058,09:30:01,$ 3673.17,1
1059,09:30:01,$ 3673.17,2
1060,09:30:01,$ 3673.17,1
1061,09:30:01,$ 3673.17,27
1062,09:30:01,$ 3673.17,7
1063,09:30:01,$ 3673.17,10
1064,09:30:01,$ 3673.17,5
1065,09:30:01,$ 3673.17,2
1066,09:30:01,$ 3673.17,11
1067,09:30:01,$ 3673.17,3
1068,09:30:01,$ 3673.17,1
1069,09:30:01,$ 3673.17,9
1070,09:30:01,$ 3673.17,14
1072,09:30:01,$ 3673.17,10
1073,09:30:01,$ 3673.17,7
1074,09:30:01,$ 3673.17,4
1075,09:30:01,$ 3673.17,2
1076,09:30:01,$ 3673.17,1
1077,09:30:01,$ 3673.17,2
1078,09:30:01,$ 3673.17,4
1079,09:30:01,$ 3673.17,1
1080,09:30:01,$ 3673.17,1
1081,09:30:01,$ 3673.17,3
1082,09:30:01,$ 3673.17,1
1083,09:30:01,$ 3673.17,1
1084,09:30:01,$ 3673.17,1
1085,09:30:01,$ 3673.17,10
1086,09:30:01,$ 3673.17,1
1087,09:30:01,$ 3673.17,1
1088,09:30:01,$ 3673.17,3
1089,09:30:01,$ 3673.17,5
1090,09:30:01,$ 3673.17,2
1091,09:30:01,$ 3673.17,4
1093,09:30:01,$ 3673.17,1
1094,09:30:01,$ 3673.17,6
1095,09:30:01,$ 3673.17,1
1096,09:30:01,$ 3673.17,50
1097,09:30:01,$ 3673.17,1
1098,09:30:01,$ 3673.17,50
1099,09:30:01,$ 3673.17,1
1100,09:30:01,$ 3673.17,2
1101,09:30:01,$ 3673.17,5
1102,09:30:01,$ 3673.17,1
1103,09:30:01,$ 3673.17,100
1104,09:30:01,$ 3673.17,1
1105,09:30:01,$ 3673.17,1
1106,09:30:01,$ 3673.17,1
1107,09:30:01,$ 3673.17,41
1108,09:30:01,$ 3673.17,1
1109,09:30:01,$ 3673.17,2
1110,09:30:01,$ 3673.17,3
1111,09:30:01,$ 3673.17,1
1112,09:30:01,$ 3673.17,1
1114,09:30:01,$ 3673.17,5
1115,09:30:01,$ 3673.17,1
1116,09:30:01,$ 3673.17,1
1117,09:30:01,$ 3673.17,8
1118,09:30:01,$ 3673.17,1
1119,09:30:01,$ 3673.17,1
1120,09:30:01,$ 3673.17,1
1121,09:30:01,$ 3673.17,1
1122,09:30:01,$ 3673.17,1
1123,09:30:01,$ 3673.17,2
1124,09:30:01,$ 3673.17,5
1125,09:30:01,$ 3673.17,1
1126,09:30:01,$ 3673.17,1
1127,09:30:01,$ 3673.17,10
1128,09:30:01,$ 3673.17,30
1129,09:30:01,$ 3673.17,4
1130,09:30:01,$ 3673.17,136
1131,09:30:01,$ 3673.17,43
1132,09:30:01,$ 3673.17,5
1133,09:30:01,$ 3673.17,1
1135,09:30:01,$ 3673.17,100
1136,09:30:01,$ 3673.17,19
1137,09:30:01,$ 3673.17,48
1138,09:30:01,$ 3673.17,10
1139,09:30:01,$ 3673.17,1
1140,09:30:01,$ 3673.17,32
1141,09:30:01,$ 3673.17,2
1142,09:30:01,$ 3673.17,4
1143,09:30:01,$ 3673.17,2
1144,09:30:01,$ 3673.17,10
1145,09:30:01,$ 3673.17,1
1146,09:30:01,$ 3673.17,1
1147,09:30:01,$ 3673.17,1
1148,09:30:01,$ 3673.17,1
1149,09:30:01,$ 3673.17,1
1150,09:30:01,$ 3673.17,1
1151,09:30:01,$ 3673.17,1
1152,09:30:01,$ 3673.17,1
1153,09:30:01,$ 3673.17,1
1154,09:30:01,$ 3673.17,1
1156,09:30:01,$ 3673.17,1
1157,09:30:01,$ 3673.17,1
1158,09:30:01,$ 3673.17,1
1159,09:30:01,$ 3673.17,1
1160,09:30:01,$ 3673.17,1
1161,09:30:01,$ 3673.17,1
1162,09:30:01,$ 3673.17,1
1163,09:30:01,$ 3673.17,1
1164,09:30:01,$ 3673.17,1
1165,09:30:01,$ 3673.17,1
1166,09:30:01,$ 3673.17,1
1167,09:30:01,$ 3673.17,1
1168,09:30:01,$ 3673.17,1
1169,09:30:01,$ 3673.17,1
1170,09:30:01,$ 3673.17,1
1171,09:30:01,$ 3673.17,1
1172,09:30:01,$ 3673.17,1
1173,09:30:01,$ 3673.17,1
1174,09:30:01,$ 3673.17,1
1175,09:30:01,$ 3673.17,1
1177,09:30:01,$ 3673.17,1
1178,09:30:01,$ 3673.17,1
1179,09:30:01,$ 3673.17,1
1180,09:30:01,$ 3673.17,1
1181,09:30:01,$ 3673.17,1
1182,09:30:01,$ 3673.17,1
1183,09:30:01,$ 3673.17,1
1184,09:30:01,$ 3673.17,1
1185,09:30:01,$ 3673.17,1
1186,09:30:01,$ 3673.17,2
1187,09:30:01,$ 3673.17,1
1188,09:30:01,$ 3673.17,1
1189,09:30:01,$ 3673.17,1
1190,09:30:01,$ 3673.17,1
1191,09:30:01,$ 3673.17,34
1192,09:30:01,$ 3673.17,29
1193,09:30:01,$ 3673.17,3
1194,09:30:01,$ 3673.17,128
1195,09:30:01,$ 3673.17,10
1196,09:30:01,$ 3673.17,10
1198,09:30:01,$ 3673.17,5
1199,09:30:01,$ 3673.17,16
1200,09:30:01,$ 3673.17,4
1201,09:30:01,$ 3673.17,20
1202,09:30:01,$ 3673.17,10
1203,09:30:01,$ 3673.17,5
1204,09:30:01,$ 3673.17,3
1205,09:30:01,$ 3673.17,2
1206,09:30:01,$ 3673.17,1
1207,09:30:01,$ 3673.17,1
1208,09:30:01,$ 3673.17,1
1209,09:30:01,$ 3673.17,1
1210,09:30:01,$ 3673.17,1
1211,09:30:01,$ 3673.17,1
1212,09:30:01,$ 3673.17,1
1213,09:30:01,$ 3673.17,1
1214,09:30:01,$ 3673.17,1
1215,09:30:01,$ 3673.17,1
1216,09:30:01,$ 3673.17,1
1217,09:30:01,$ 3673.17,1
1219,09:30:01,$ 3673.17,1
1220,09:30:01,$ 3673.17,1
1221,09:30:01,$ 3673.17,1
1222,09:30:01,$ 3673.17,1
1223,09:30:01,$ 3673.17,1
1224,09:30:01,$ 3673.17,1
1225,09:30:01,$ 3673.17,1
1226,09:30:01,$ 3673.17,1
1227,09:30:01,$ 3673.17,1
1228,09:30:01,$ 3673.17,1
1229,09:30:01,$ 3673.17,1
1230,09:30:01,$ 3673.17,1
1231,09:30:01,$ 3673.17,1
1232,09:30:01,$ 3673.17,1
1233,09:30:01,$ 3673.17,1
1234,09:30:01,$ 3673.17,1
1235,09:30:01,$ 3673.17,1
1236,09:30:01,$ 3673.17,1
1237,09:30:01,$ 3673.17,1
1238,09:30:01,$ 3673.17,1
1240,09:30:01,$ 3673.17,1
1241,09:30:01,$ 3673.17,1
1242,09:30:01,$ 3673.17,1
1243,09:30:01,$ 3673.17,1
1244,09:30:01,$ 3673.17,1
1245,09:30:01,$ 3673.17,3
1246,09:30:01,$ 3673.17,30
1247,09:30:01,$ 3673.17,10
1248,09:30:01,$ 3673.17,1
1249,09:30:01,$ 3673.17,11
1250,09:30:01,$ 3673.17,2
1251,09:30:01,$ 3673.17,10
1252,09:30:01,$ 3673.17,1
1253,09:30:01,$ 3673.17,2
1254,09:30:01,$ 3673.17,1
1255,09:30:01,$ 3673.17,1
1256,09:30:01,$ 3673.17,1
1257,09:30:01,$ 3673.17,3
1258,09:30:01,$ 3673.17,7
1259,09:30:01,$ 3673.17,1
1261,09:30:01,$ 3673.17,1
1262,09:30:01,$ 3673.17,2
1263,09:30:01,$ 3673.17,11
1264,09:30:01,$ 3673.17,1
1265,09:30:01,$ 3673.17,1
1266,09:30:01,$ 3673.17,1
1267,09:30:01,$ 3673.17,1
1268,09:30:01,$ 3673.17,1
1269,09:30:01,$ 3673.17,1
1270,09:30:01,$ 3673.17,1
1271,09:30:01,$ 3673.17,1
1272,09:30:01,$ 3673.17,1
1273,09:30:01,$ 3673.17,1
1274,09:30:01,$ 3673.17,1
1275,09:30:01,$ 3673.17,1
1276,09:30:01,$ 3673.17,1
1277,09:30:01,$ 3673.17,1
1278,09:30:01,$ 3673.17,1
1279,09:30:01,$ 3673.17,1
1280,09:30:01,$ 3673.17,1
1282,09:30:01,$ 3673.17,1
1283,09:30:01,$ 3673.17,1
1284,09:30:01,$ 3673.17,1
1285,09:30:01,$ 3673.17,1
1286,09:30:01,$ 3673.17,1
1287,09:30:01,$ 3673.17,1
1288,09:30:01,$ 3673.17,100
1289,09:30:01,$ 3673.17,1
1290,09:30:01,$ 3673.17,1
1291,09:30:01,$ 3673.17,1
1292,09:30:01,$ 3673.17,1
1293,09:30:01,$ 3673.17,1
1294,09:30:01,$ 3673.17,1
1295,09:30:01,$ 3673.17,1
1296,09:30:01,$ 3673.17,1
1297,09:30:01,$ 3673.17,1
1298,09:30:01,$ 3673.17,4
1299,09:30:01,$ 3673.17,1
1300,09:30:01,$ 3673.17,1
1301,09:30:01,$ 3673.17,1
1303,09:30:01,$ 3673.17,1
1304,09:30:01,$ 3673.17,1
1305,09:30:01,$ 3673.17,1
1306,09:30:01,$ 3673.17,1
1307,09:30:01,$ 3673.17,1
1308,09:30:01,$ 3673.17,1
1309,09:30:01,$ 3673.17,1
1310,09:30:01,$ 3673.17,1
1311,09:30:01,$ 3673.17,1
1312,09:30:01,$ 3673.17,1
1313,09:30:01,$ 3673.17,1
1314,09:30:01,$ 3673.17,1
1315,09:30:01,$ 3673.17,1
1316,09:30:01,$ 3673.17,1
1317,09:30:01,$ 3673.17,1
1318,09:30:01,$ 3673.17,1
1319,09:30:01,$ 3673.17,1
1320,09:30:01,$ 3673.17,1
1321,09:30:01,$ 3673.17,1
1322,09:30:01,$ 3673.17,1
1324,09:30:01,$ 3673.17,1
1325,09:30:01,$ 3673.17,1
1326,09:30:01,$ 3673.17,1
1327,09:30:01,$ 3673.17,1
1328,09:30:01,$ 3673.17,1
1329,09:30:01,$ 3673.17,1
1330,09:30:01,$ 3673.17,5
1331,09:30:01,$ 3673.17,2
1332,09:30:01,$ 3673.17,1
1333,09:30:01,$ 3673.17,1
1334,09:30:01,$ 3673.17,48
1335,09:30:01,$ 3673.17,1
1336,09:30:01,$ 3673.17,1
1337,09:30:01,$ 3673.17,1
1338,09:30:01,$ 3673.17,1
1339,09:30:01,$ 3673.17,1
1340,09:30:01,$ 3673.17,1
1341,09:30:01,$ 3673.17,1
1342,09:30:01,$ 3673.17,10
1343,09:30:01,$ 3673.17,1
1345,09:30:01,$ 3673.17,1
1346,09:30:01,$ 3673.17,3
1347,09:30:01,$ 3673.17,1
1348,09:30:01,$ 3673.17,2
1349,09:30:01,$ 3673.17,1
1350,09:30:01,$ 3673.17,100
1351,09:30:01,$ 3673.17,1
1352,09:30:01,$ 3673.17,2
1353,09:30:01,$ 3673.17,2
1354,09:30:01,$ 3673.17,10
1355,09:30:01,$ 3673.17,1
1356,09:30:01,$ 3673.17,10
1357,09:30:01,$ 3673.17,5
1358,09:30:01,$ 3673.17,1
1359,09:30:01,$ 3673.17,1
1360,09:30:01,$ 3673.17,4
1361,09:30:01,$ 3673.17,"2,000"
1362,09:30:01,$ 3673.17,2
1363,09:30:01,$ 3673.17,1
1364,09:30:01,$ 3673.17,1
1366,09:30:01,$ 3673.17,2
1367,09:30:01,$ 3673.17,1
1368,09:30:01,$ 3673.17,1
1369,09:30:01,$ 3673.17,27
1370,09:30:01,$ 3673.17,14
1371,09:30:01,$ 3673.17,1
1372,09:30:01,$ 3673.17,52
1373,09:30:01,$ 3673.17,2
1374,09:30:01,$ 3673.17,2
1375,09:30:01,$ 3673.17,2
1376,09:30:01,$ 3673.17,1
1377,09:30:01,$ 3673.17,1
1378,09:30:01,$ 3673.17,1
1379,09:30:01,$ 3673.17,1
1380,09:30:01,$ 3673.17,1
1381,09:30:01,$ 3673.17,5
1382,09:30:01,$ 3673.17,80
1383,09:30:01,$ 3673.17,1
1384,09:30:01,$ 3673.17,1
1385,09:30:01,$ 3673.17,1
1387,09:30:01,$ 3673.17,1
1388,09:30:01,$ 3673.17,2
1389,09:30:01,$ 3673.17,3
1390,09:30:01,$ 3673.17,2
1391,09:30:01,$ 3673.17,2
1392,09:30:01,$ 3673.17,1
1393,09:30:01,$ 3673.17,2
1394,09:30:01,$ 3673.17,1
1395,09:30:01,$ 3673.17,3
1396,09:30:01,$ 3673.17,3
1397,09:30:01,$ 3673.17,7
1398,09:30:01,$ 3673.17,4
1399,09:30:01,$ 3673.17,1
1400,09:30:01,$ 3673.17,2
1401,09:30:01,$ 3673.17,6
1402,09:30:01,$ 3673.17,1
1403,09:30:01,$ 3673.17,3
1404,09:30:01,$ 3673.17,10
1405,09:30:01,$ 3673.17,1
1406,09:30:01,$ 3673.17,3
1408,09:30:01,$ 3673.17,1
1409,09:30:01,$ 3673.17,1
1410,09:30:01,$ 3673.17,1
1411,09:30:01,$ 3673.17,4
1412,09:30:01,$ 3673.17,1
1413,09:30:01,$ 3673.17,4
1414,09:30:01,$ 3673.17,401
1415,09:30:01,$ 3673.17,1
1416,09:30:01,$ 3673.17,5
1417,09:30:01,$ 3673.17,275
1418,09:30:01,$ 3673.17,10
1419,09:30:01,$ 3673.17,1
1420,09:30:01,$ 3673.17,1
1421,09:30:01,$ 3673.17,1
1422,09:30:01,$ 3673.17,1
1423,09:30:01,$ 3673.17,1
1424,09:30:01,$ 3673.17,1
1425,09:30:01,$ 3673.17,1
1426,09:30:01,$ 3673.17,1
1427,09:30:01,$ 3673.17,5
1429,09:30:01,$ 3673.17,1
1430,09:30:01,$ 3673.17,1
1431,09:30:01,$ 3673.17,18
1432,09:30:01,$ 3673.17,7
1433,09:30:01,$ 3673.17,2
1434,09:30:01,$ 3673.17,4
1435,09:30:01,$ 3673.17,1
1436,09:30:01,$ 3673.17,2
1437,09:30:01,$ 3673.17,12
1438,09:30:01,$ 3673.17,5
1439,09:30:01,$ 3673.17,1
1440,09:30:01,$ 3673.17,1
1441,09:30:01,$ 3673.17,1
1442,09:30:01,$ 3673.17,1
1443,09:30:01,$ 3673.17,1
1444,09:30:01,$ 3673.17,1
1445,09:30:01,$ 3673.17,1
1446,09:30:01,$ 3673.17,1
1447,09:30:01,$ 3673.17,1
1448,09:30:01,$ 3673.17,1
1450,09:30:01,$ 3673.17,1
1451,09:30:01,$ 3673.17,1
1452,09:30:01,$ 3673.17,1
1453,09:30:01,$ 3673.17,1
1454,09:30:01,$ 3673.17,1
1455,09:30:01,$ 3673.17,1
1456,09:30:01,$ 3673.17,1
1457,09:30:01,$ 3673.17,1
1458,09:30:01,$ 3673.17,1
1459,09:30:01,$ 3673.17,1
1460,09:30:01,$ 3673.17,1
1461,09:30:01,$ 3673.17,1
1462,09:30:01,$ 3673.17,1
1463,09:30:01,$ 3673.17,1
1464,09:30:01,$ 3673.17,1
1465,09:30:01,$ 3673.17,1
1466,09:30:01,$ 3673.17,1
1467,09:30:01,$ 3673.17,1
1468,09:30:01,$ 3673.17,1
1469,09:30:01,$ 3673.17,1
1471,09:30:01,$ 3673.17,1
1472,09:30:01,$ 3673.17,1
1473,09:30:01,$ 3673.17,1
1474,09:30:01,$ 3673.17,1
1475,09:30:01,$ 3673.17,1
1476,09:30:01,$ 3673.17,1
1477,09:30:01,$ 3673.17,1
1478,09:30:01,$ 3673.17,2
1479,09:30:01,$ 3673.17,1
1480,09:30:01,$ 3673.17,1
1481,09:30:01,$ 3673.17,1
1482,09:30:01,$ 3673.17,1
1483,09:30:01,$ 3673.17,1
1484,09:30:01,$ 3673.17,1
1485,09:30:01,$ 3673.17,1
1486,09:30:01,$ 3673.17,5
1487,09:30:01,$ 3673.17,1
1488,09:30:01,$ 3673.17,1
1489,09:30:01,$ 3673.17,7
1490,09:30:01,$ 3673.17,1
1492,09:30:01,$ 3673.17,1
1493,09:30:01,$ 3673.17,30
1494,09:30:01,$ 3673.17,1
1495,09:30:01,$ 3673.17,1
1496,09:30:01,$ 3673.17,1
1497,09:30:01,$ 3673.17,1
1498,09:30:01,$ 3673.17,1
1499,09:30:01,$ 3673.17,1
1500,09:30:01,$ 3673.17,3
1501,09:30:01,$ 3673.17,1
1502,09:30:01,$ 3673.17,1
1503,09:30:01,$ 3673.17,1
1504,09:30:01,$ 3673.17,1
1505,09:30:01,$ 3673.17,1
1506,09:30:01,$ 3673.17,100
1507,09:30:01,$ 3673.17,6
1508,09:30:01,$ 3673.17,1
1509,09:30:01,$ 3673.17,14
1510,09:30:01,$ 3673.17,3
1511,09:30:01,$ 3673.17,2
1513,09:30:01,$ 3673.17,1
1514,09:30:01,$ 3673.17,1
1515,09:30:01,$ 3673.17,5
1516,09:30:01,$ 3673.17,1
1517,09:30:01,$ 3673.17,1
1518,09:30:01,$ 3673.17,1
1519,09:30:01,$ 3673.17,7
1520,09:30:01,$ 3673.17,1
1521,09:30:01,$ 3673.17,1
1522,09:30:01,$ 3673.17,1
1523,09:30:01,$ 3673.17,1
1524,09:30:01,$ 3673.17,1
1525,09:30:01,$ 3673.17,80
1526,09:30:01,$ 3673.17,2
1527,09:30:01,$ 3673.17,1
1528,09:30:01,$ 3673.17,1
1529,09:30:01,$ 3673.17,3
1530,09:30:01,$ 3673.17,3
1531,09:30:01,$ 3673.17,3
1532,09:30:01,$ 3673.17,2
1534,09:30:01,$ 3673.17,2
1535,09:30:01,$ 3673.17,4
1536,09:30:01,$ 3673.17,2
1537,09:30:01,$ 3673.17,1
1538,09:30:01,$ 3673.17,1
1539,09:30:01,$ 3673.17,2
1540,09:30:01,$ 3673.17,10
1541,09:30:01,$ 3673.17,3
1542,09:30:01,$ 3673.17,1
1543,09:30:01,$ 3673.17,20
1544,09:30:01,$ 3673.17,1
1545,09:30:01,$ 3673.17,10
1546,09:30:01,$ 3673.17,5
1547,09:30:01,$ 3673.17,10
1548,09:30:01,$ 3673.17,3
1549,09:30:01,$ 3673.17,6
1550,09:30:01,$ 3673.17,1
1551,09:30:01,$ 3673.17,1
1552,09:30:01,$ 3673.17,1
1553,09:30:01,$ 3673.17,2
1555,09:30:01,$ 3673.17,5
1556,09:30:01,$ 3673.17,1
1557,09:30:01,$ 3673.17,1
1558,09:30:01,$ 3673.17,1
1559,09:30:01,$ 3673.17,1
1560,09:30:01,$ 3673.17,1
1561,09:30:01,$ 3673.17,3
1562,09:30:01,$ 3673.17,7
1563,09:30:01,$ 3673.17,5
1564,09:30:01,$ 3673.17,1
1565,09:30:01,$ 3673.17,1
1566,09:30:01,$ 3673.17,1
1567,09:30:01,$ 3673.17,1
1568,09:30:01,$ 3673.17,1
1569,09:30:01,$ 3673.17,2
1570,09:30:01,$ 3673.17,2
1571,09:30:01,$ 3673.17,1
1572,09:30:01,$ 3673.17,15
1573,09:30:01,$ 3673.17,1
1574,09:30:01,$ 3673.17,2
1576,09:30:01,$ 3673.17,1
1577,09:30:01,$ 3673.17,10
1578,09:30:01,$ 3673.17,2
1579,09:30:01,$ 3673.17,1
1580,09:30:01,$ 3673.17,1
1581,09:30:01,$ 3673.17,2
1582,09:30:01,$ 3673.17,1
1583,09:30:01,$ 3673.17,1
1584,09:30:01,$ 3673.17,1
1585,09:30:01,$ 3673.17,1
1586,09:30:01,$ 3673.17,1
1587,09:30:01,$ 3673.17,3
1588,09:30:01,$ 3673.17,1
1589,09:30:01,$ 3673.17,1
1590,09:30:01,$ 3673.17,3
1591,09:30:01,$ 3673.17,1
1592,09:30:01,$ 3673.17,2
1593,09:30:01,$ 3673.17,5
1594,09:30:01,$ 3673.17,14
1595,09:30:01,$ 3673.17,40
1597,09:30:01,$ 3673.17,14
1598,09:30:01,$ 3673.17,15
1599,09:30:01,$ 3673.17,1
1600,09:30:01,$ 3673.17,1
1601,09:30:01,$ 3673.17,1
1602,09:30:01,$ 3673.17,20
1603,09:30:01,$ 3673.17,1
1604,09:30:01,$ 3673.17,1
1605,09:30:01,$ 3673.17,1
1606,09:30:01,$ 3673.17,1
1607,09:30:01,$ 3673.17,1
1608,09:30:01,$ 3673.17,1
1609,09:30:01,$ 3673.17,1
1610,09:30:01,$ 3673.17,1
1611,09:30:01,$ 3673.17,1
1612,09:30:01,$ 3673.17,5
1613,09:30:01,$ 3673.17,1
1614,09:30:01,$ 3673.17,1
1615,09:30:01,$ 3673.17,1
1616,09:30:01,$ 3673.17,1
1618,09:30:01,$ 3673.17,200
1619,09:30:01,$ 3673.17,1
1620,09:30:01,$ 3673.17,1
1621,09:30:01,$ 3673.17,1
1622,09:30:01,$ 3673.17,1
1623,09:30:01,$ 3673.17,1
1624,09:30:01,$ 3673.17,1
1625,09:30:01,$ 3673.17,1
1626,09:30:01,$ 3673.17,1
1627,09:30:01,$ 3673.17,1
1628,09:30:01,$ 3673.17,1
1629,09:30:01,$ 3673.17,1
1630,09:30:01,$ 3673.17,1
1631,09:30:01,$ 3673.17,1
1632,09:30:01,$ 3673.17,1
1633,09:30:01,$ 3673.17,1
1634,09:30:01,$ 3673.17,1
1635,09:30:01,$ 3673.17,1
1636,09:30:01,$ 3673.17,1
1637,09:30:01,$ 3673.17,1
1639,09:30:01,$ 3673.17,1
1640,09:30:01,$ 3673.17,1
1641,09:30:01,$ 3673.17,1
1642,09:30:01,$ 3673.17,1
1643,09:30:01,$ 3673.17,1
1644,09:30:01,$ 3673.17,1
1645,09:30:01,$ 3673.17,1
1646,09:30:01,$ 3673.17,1
1647,09:30:01,$ 3673.17,1
1648,09:30:01,$ 3673.17,1
1649,09:30:01,$ 3673.17,1
1650,09:30:01,$ 3673.17,1
1651,09:30:01,$ 3673.17,1
1652,09:30:01,$ 3673.17,1
1653,09:30:01,$ 3673.17,1
1654,09:30:01,$ 3673.17,1
1655,09:30:01,$ 3673.17,1
1656,09:30:01,$ 3673.17,1
1657,09:30:01,$ 3673.17,1
1658,09:30:01,$ 3673.17,1
1660,09:30:01,$ 3673.17,1
1661,09:30:01,$ 3673.17,1
1662,09:30:01,$ 3673.17,1
1663,09:30:01,$ 3673.17,1
1664,09:30:01,$ 3673.17,1
1665,09:30:01,$ 3673.17,1
1666,09:30:01,$ 3673.17,1
1667,09:30:01,$ 3673.17,1
1668,09:30:01,$ 3673.17,1
1669,09:30:01,$ 3673.17,1
1670,09:30:01,$ 3673.17,1
1671,09:30:01,$ 3673.17,1
1672,09:30:01,$ 3673.17,1
1673,09:30:01,$ 3673.17,1
1674,09:30:01,$ 3673.17,1
1675,09:30:01,$ 3673.17,1
1676,09:30:01,$ 3673.17,1
1677,09:30:01,$ 3673.17,1
1678,09:30:01,$ 3673.17,1
1679,09:30:01,$ 3673.17,1
1681,09:30:01,$ 3673.17,1
1682,09:30:01,$ 3673.17,1
1683,09:30:01,$ 3673.17,1
1684,09:30:01,$ 3673.17,1
1685,09:30:01,$ 3673.17,1
1686,09:30:01,$ 3673.17,1
1687,09:30:01,$ 3673.17,1
1688,09:30:01,$ 3673.17,1
1689,09:30:01,$ 3673.17,1
1690,09:30:01,$ 3673.17,1
1691,09:30:01,$ 3673.17,1
1692,09:30:01,$ 3673.17,1
1693,09:30:01,$ 3673.17,2
1694,09:30:01,$ 3673.17,1
1695,09:30:01,$ 3673.17,1
1696,09:30:01,$ 3673.17,1
1697,09:30:01,$ 3673.17,1
1698,09:30:01,$ 3673.17,1
1699,09:30:01,$ 3673.17,1
1700,09:30:01,$ 3673.17,1
1702,09:30:01,$ 3673.17,1
1703,09:30:01,$ 3673.17,1
1704,09:30:01,$ 3673.17,1
1705,09:30:01,$ 3673.17,1
1706,09:30:01,$ 3673.17,1
1707,09:30:01,$ 3673.17,1
1708,09:30:01,$ 3673.17,1
1709,09:30:01,$ 3673.17,1
1710,09:30:01,$ 3673.17,1
1711,09:30:01,$ 3673.17,1
1712,09:30:01,$ 3673.17,1
1713,09:30:01,$ 3673.17,1
1714,09:30:01,$ 3673.17,1
1715,09:30:01,$ 3673.17,1
1716,09:30:01,$ 3673.17,1
1717,09:30:01,$ 3673.17,1
1718,09:30:01,$ 3673.17,1
1719,09:30:01,$ 3673.17,1
1720,09:30:01,$ 3673.17,1
1721,09:30:01,$ 3673.17,1
1723,09:30:01,$ 3673.17,1
1724,09:30:01,$ 3673.17,1
1725,09:30:01,$ 3673.17,17
1726,09:30:01,$ 3673.17,1
1727,09:30:01,$ 3673.17,1
1728,09:30:01,$ 3673.17,1
1729,09:30:01,$ 3673.17,1
1730,09:30:01,$ 3673.17,1
1731,09:30:01,$ 3673.17,1
1732,09:30:01,$ 3673.17,1
1733,09:30:01,$ 3673.17,1
1734,09:30:01,$ 3673.17,1
1735,09:30:01,$ 3673.17,1
1736,09:30:01,$ 3673.17,1
1737,09:30:01,$ 3673.17,1
1738,09:30:01,$ 3673.17,3
1739,09:30:01,$ 3673.17,1
1740,09:30:01,$ 3673.17,1
1741,09:30:01,$ 3673.17,1
1742,09:30:01,$ 3673.17,1
1744,09:30:01,$ 3673.17,1
1745,09:30:01,$ 3673.17,1
1746,09:30:01,$ 3673.17,1
1747,09:30:01,$ 3673.17,1
1748,09:30:01,$ 3673.17,1
1749,09:30:01,$ 3673.17,1
1750,09:30:01,$ 3673.17,1
1751,09:30:01,$ 3673.17,1
1752,09:30:01,$ 3673.17,1
1753,09:30:01,$ 3673.17,1
1754,09:30:01,$ 3673.17,1
1755,09:30:01,$ 3673.17,1
1756,09:30:01,$ 3673.17,1
1757,09:30:01,$ 3673.17,1
1758,09:30:01,$ 3673.17,1
1759,09:30:01,$ 3673.17,1
1760,09:30:01,$ 3673.17,1
1761,09:30:01,$ 3673.17,1
1762,09:30:01,$ 3673.17,1
1763,09:30:01,$ 3673.17,1
1765,09:30:01,$ 3673.17,1
1766,09:30:01,$ 3673.17,1
1767,09:30:01,$ 3673.17,1
1768,09:30:01,$ 3673.17,5
1769,09:30:01,$ 3673.17,1
1770,09:30:01,$ 3673.17,1
1771,09:30:01,$ 3673.17,1
1772,09:30:01,$ 3673.17,1
1773,09:30:01,$ 3673.17,1
1774,09:30:01,$ 3673.17,1
1775,09:30:01,$ 3673.17,1
1776,09:30:01,$ 3673.17,1
1777,09:30:01,$ 3673.17,1
1778,09:30:01,$ 3673.17,1
1779,09:30:01,$ 3673.17,1
1780,09:30:01,$ 3673.17,1
1781,09:30:01,$ 3673.17,1
1782,09:30:01,$ 3673.17,1
1783,09:30:01,$ 3673.17,1
1784,09:30:01,$ 3673.17,1
1786,09:30:01,$ 3673.17,1
1787,09:30:01,$ 3673.17,1
1788,09:30:01,$ 3673.17,1
1789,09:30:01,$ 3673.17,1
1790,09:30:01,$ 3673.17,1
1791,09:30:01,$ 3673.17,1
1792,09:30:01,$ 3673.17,1
1793,09:30:01,$ 3673.17,1
1794,09:30:01,$ 3673.17,1
1795,09:30:01,$ 3673.17,1
1796,09:30:01,$ 3673.17,1
1797,09:30:01,$ 3673.17,1
1798,09:30:01,$ 3673.17,1
1799,09:30:01,$ 3673.17,1
1800,09:30:01,$ 3673.17,1
1801,09:30:01,$ 3673.17,1
1802,09:30:01,$ 3673.17,1
1803,09:30:01,$ 3673.17,1
1804,09:30:01,$ 3673.17,1
1805,09:30:01,$ 3673.17,1
1807,09:30:01,$ 3673.17,1
1808,09:30:01,$ 3673.17,1
1809,09:30:01,$ 3673.17,1
1810,09:30:01,$ 3673.17,1
1811,09:30:01,$ 3673.17,1
1812,09:30:01,$ 3673.17,1
1813,09:30:01,$ 3673.17,1
1814,09:30:01,$ 3673.17,1
1815,09:30:01,$ 3673.17,1
1816,09:30:01,$ 3673.17,1
1817,09:30:01,$ 3673.17,1
1818,09:30:01,$ 3673.17,1
1819,09:30:01,$ 3673.17,1
1820,09:30:01,$ 3673.17,1
1821,09:30:01,$ 3673.17,1
1822,09:30:01,$ 3673.17,1
1823,09:30:01,$ 3673.17,1
1824,09:30:01,$ 3673.17,1
1825,09:30:01,$ 3673.17,1
1826,09:30:01,$ 3673.17,1
1828,09:30:01,$ 3673.17,1
1829,09:30:01,$ 3673.17,1
1830,09:30:01,$ 3673.17,1
1831,09:30:01,$ 3673.17,1
1832,09:30:01,$ 3673.17,1
1833,09:30:01,$ 3673.17,1
1834,09:30:01,$ 3673.17,1
1835,09:30:01,$ 3673.17,1
1836,09:30:01,$ 3673.17,1
1837,09:30:01,$ 3673.17,1
1838,09:30:01,$ 3673.17,1
1839,09:30:01,$ 3673.17,1
1840,09:30:01,$ 3673.17,1
1841,09:30:01,$ 3673.17,1
1842,09:30:01,$ 3673.17,1
1843,09:30:01,$ 3673.17,1
1844,09:30:01,$ 3673.17,1
1845,09:30:01,$ 3673.17,1
1846,09:30:01,$ 3673.17,1
1847,09:30:01,$ 3673.17,1
1849,09:30:01,$ 3673.17,1
1850,09:30:01,$ 3673.17,1
1851,09:30:01,$ 3673.17,1
1852,09:30:01,$ 3673.17,1
1853,09:30:01,$ 3673.17,1
1854,09:30:01,$ 3673.17,1
1855,09:30:01,$ 3673.17,1
1856,09:30:01,$ 3673.17,1
1857,09:30:01,$ 3673.17,1
1858,09:30:01,$ 3673.17,1
1859,09:30:01,$ 3673.17,1
1860,09:30:01,$ 3673.17,1
1861,09:30:01,$ 3673.17,1
1862,09:30:01,$ 3673.17,1
1863,09:30:01,$ 3673.17,1
1864,09:30:01,$ 3673.17,1
1865,09:30:01,$ 3673.17,1
1866,09:30:01,$ 3673.17,1
1867,09:30:01,$ 3673.17,1
1868,09:30:01,$ 3673.17,1
1870,09:30:01,$ 3673.17,1
1871,09:30:01,$ 3673.17,1
1872,09:30:01,$ 3673.17,1
1873,09:30:01,$ 3673.17,1
1874,09:30:01,$ 3673.17,1
1875,09:30:01,$ 3673.17,1
1876,09:30:01,$ 3673.17,1
1877,09:30:01,$ 3673.17,1
1878,09:30:01,$ 3673.17,1
1879,09:30:01,$ 3673.17,1
1880,09:30:01,$ 3673.17,1
1881,09:30:01,$ 3673.17,1
1882,09:30:01,$ 3673.17,1
1883,09:30:01,$ 3673.17,1
1884,09:30:01,$ 3673.17,1
1885,09:30:01,$ 3673.17,1
1886,09:30:01,$ 3673.17,1
1887,09:30:01,$ 3673.17,1
1888,09:30:01,$ 3673.17,1
1889,09:30:01,$ 3673.17,1
1891,09:30:01,$ 3673.17,1
1892,09:30:01,$ 3673.17,1
1893,09:30:01,$ 3673.17,1
1894,09:30:01,$ 3673.17,1
1895,09:30:01,$ 3673.17,1
1896,09:30:01,$ 3673.17,1
1897,09:30:01,$ 3673.17,1
1898,09:30:01,$ 3673.17,1
1899,09:30:01,$ 3673.17,1
1900,09:30:01,$ 3673.17,1
1901,09:30:01,$ 3673.17,1
1902,09:30:01,$ 3673.17,1
1903,09:30:01,$ 3673.17,1
1904,09:30:01,$ 3673.17,1
1905,09:30:01,$ 3673.17,1
1906,09:30:01,$ 3673.17,1
1907,09:30:01,$ 3673.17,1
1908,09:30:01,$ 3673.17,1
1909,09:30:01,$ 3673.17,1
1910,09:30:01,$ 3673.17,1
1912,09:30:01,$ 3673.17,1
1913,09:30:01,$ 3673.17,1
1914,09:30:01,$ 3673.17,1
1915,09:30:01,$ 3673.17,1
1916,09:30:01,$ 3673.17,1
1917,09:30:01,$ 3673.17,1
1918,09:30:01,$ 3673.17,1
1919,09:30:01,$ 3673.17,1
1920,09:30:01,$ 3673.17,1
1921,09:30:01,$ 3673.17,2
1922,09:30:01,$ 3673.17,1
1923,09:30:01,$ 3673.17,7
1924,09:30:01,$ 3673.17,1
1925,09:30:01,$ 3673.17,2
1926,09:30:01,$ 3673.17,4
1927,09:30:01,$ 3673.17,2
1928,09:30:01,$ 3673.17,2
1929,09:30:01,$ 3673.17,1
1930,09:30:01,$ 3673.17,1
1931,09:30:01,$ 3673.17,1
1933,09:30:01,$ 3673.17,1
1934,09:30:01,$ 3673.17,4
1935,09:30:01,$ 3673.17,2
1936,09:30:01,$ 3673.17,1
1937,09:30:01,$ 3673.17,3
1938,09:30:01,$ 3673.17,6
1939,09:30:01,$ 3673.17,5
1940,09:30:01,$ 3673.17,3
1941,09:30:01,$ 3673.17,2
1942,09:30:01,$ 3673.17,7
1943,09:30:01,$ 3673.17,1
1944,09:30:01,$ 3673.17,5
1945,09:30:01,$ 3673.17,3
1946,09:30:01,$ 3673.17,2
1947,09:30:01,$ 3673.17,5
1948,09:30:01,$ 3673.17,1
1949,09:30:01,$ 3673.17,1
1950,09:30:01,$ 3673.17,1
1951,09:30:01,$ 3673.17,1
1952,09:30:01,$ 3673.17,12
1954,09:30:01,$ 3673.17,5
1955,09:30:01,$ 3673.17,1
1956,09:30:01,$ 3673.17,1
1957,09:30:01,$ 3673.17,17
1958,09:30:01,$ 3673.17,10
1959,09:30:01,$ 3673.17,2
1960,09:30:01,$ 3673.17,1
1961,09:30:01,$ 3673.17,3
1962,09:30:01,$ 3673.17,5
1963,09:30:01,$ 3673.17,1
1964,09:30:01,$ 3673.17,5
1965,09:30:01,$ 3673.17,3
1966,09:30:01,$ 3673.17,1
1967,09:30:01,$ 3673.17,1
1968,09:30:01,$ 3673.17,3
1969,09:30:01,$ 3673.17,3
1970,09:30:01,$ 3673.17,5
1971,09:30:01,$ 3673.17,1
1972,09:30:01,$ 3673.17,2
1973,09:30:01,$ 3673.17,1
1975,09:30:01,$ 3673.17,3
1976,09:30:01,$ 3673.17,2
1977,09:30:01,$ 3673.17,1
1978,09:30:01,$ 3673.17,3
1979,09:30:01,$ 3673.17,2
1980,09:30:01,$ 3673.17,3
1981,09:30:01,$ 3673.17,1
1982,09:30:01,$ 3673.17,7
1983,09:30:01,$ 3673.17,6
1984,09:30:01,$ 3673.17,1
1985,09:30:01,$ 3673.17,2
1986,09:30:01,$ 3673.17,1
1987,09:30:01,$ 3673.17,1
1988,09:30:01,$ 3673.17,1
1989,09:30:01,$ 3673.17,2
1990,09:30:01,$ 3673.17,3
1991,09:30:01,$ 3673.17,2
1992,09:30:01,$ 3673.17,1
1993,09:30:01,$ 3673.17,1
1994,09:30:01,$ 3673.17,1
1996,09:30:01,$ 3673.17,1
1997,09:30:01,$ 3673.17,2
1998,09:30:01,$ 3673.17,1
1999,09:30:01,$ 3673.17,1
2000,09:30:01,$ 3673.17,1
2001,09:30:01,$ 3673.17,1
2002,09:30:01,$ 3673.17,1
2003,09:30:01,$ 3673.17,10
2004,09:30:01,$ 3673.17,1
2005,09:30:01,$ 3673.17,10
2006,09:30:01,$ 3673.17,4
2007,09:30:01,$ 3673.17,32
2008,09:30:01,$ 3673.17,1
2009,09:30:01,$ 3673.17,4
2010,09:30:01,$ 3673.17,1
2011,09:30:01,$ 3673.17,9
2012,09:30:01,$ 3673.17,1
2013,09:30:01,$ 3673.17,1
2014,09:30:01,$ 3673.17,1
2015,09:30:01,$ 3673.17,8
2017,09:30:01,$ 3673.17,3
2018,09:30:01,$ 3673.17,1
2019,09:30:01,$ 3673.17,3
2020,09:30:01,$ 3673.17,6
2021,09:30:01,$ 3673.17,1
2022,09:30:01,$ 3673.17,3
2023,09:30:01,$ 3673.17,6
2024,09:30:01,$ 3673.17,3
2025,09:30:01,$ 3673.17,20
2026,09:30:01,$ 3673.17,1
2027,09:30:01,$ 3673.17,2
2028,09:30:01,$ 3673.17,2
2029,09:30:01,$ 3673.17,5
2030,09:30:01,$ 3673.17,8
2031,09:30:01,$ 3673.17,1
2032,09:30:01,$ 3673.17,3
2033,09:30:01,$ 3673.17,2
2034,09:30:01,$ 3673.17,1
2035,09:30:01,$ 3673.17,15
2036,09:30:01,$ 3673.17,1
2038,09:30:01,$ 3673.17,3
2039,09:30:01,$ 3673.17,3
2040,09:30:01,$ 3673.17,2
2041,09:30:01,$ 3673.17,85
2042,09:30:01,$ 3673.17,5
2043,09:30:01,$ 3673.17,5
2044,09:30:01,$ 3673.17,1
2045,09:30:01,$ 3673.17,8
2046,09:30:01,$ 3673.17,3
2047,09:30:01,$ 3673.17,2
2048,09:30:01,$ 3673.17,1
2049,09:30:01,$ 3673.17,5
2050,09:30:01,$ 3673.17,3
2051,09:30:01,$ 3673.17,5
2052,09:30:01,$ 3673.17,1
2053,09:30:01,$ 3673.17,4
2054,09:30:01,$ 3673.17,1
2055,09:30:01,$ 3673.17,4
2056,09:30:01,$ 3673.17,1
2057,09:30:01,$ 3673.17,9
2059,09:30:01,$ 3673.17,1
2060,09:30:01,$ 3673.17,10
2061,09:30:01,$ 3673.17,1
2062,09:30:01,$ 3673.17,200
2063,09:30:01,$ 3673.17,30
2064,09:30:01,$ 3673.17,30
2065,09:30:01,$ 3673.17,15
2066,09:30:01,$ 3673.17,5
2067,09:30:01,$ 3673.17,2
2068,09:30:01,$ 3673.17,1
2069,09:30:01,$ 3673.17,25
2070,09:30:01,$ 3673.17,3
2071,09:30:01,$ 3673.17,3
2072,09:30:01,$ 3673.17,2
2073,09:30:01,$ 3673.17,2
2074,09:30:01,$ 3673.17,1
2075,09:30:01,$ 3673.17,5
2076,09:30:01,$ 3673.17,1
2077,09:30:01,$ 3673.17,5
2078,09:30:01,$ 3673.17,2
2080,09:30:01,$ 3673.17,7
2081,09:30:01,$ 3673.17,1
2082,09:30:01,$ 3673.17,2
2083,09:30:01,$ 3673.17,1
2084,09:30:01,$ 3673.17,2
2085,09:30:01,$ 3673.17,6
2086,09:30:01,$ 3673.17,1
2087,09:30:01,$ 3673.17,2
2088,09:30:01,$ 3673.17,2
2089,09:30:01,$ 3673.17,10
2090,09:30:01,$ 3673.17,1
2091,09:30:01,$ 3673.17,9
2092,09:30:01,$ 3673.17,2
2093,09:30:01,$ 3673.17,2
2094,09:30:01,$ 3673.17,10
2095,09:30:01,$ 3673.17,1
2096,09:30:01,$ 3673.17,2
2097,09:30:01,$ 3673.17,3
2098,09:30:01,$ 3673.17,1
2099,09:30:01,$ 3673.17,8
2101,09:30:01,$ 3673.17,10
2102,09:30:01,$ 3673.17,1
2103,09:30:01,$ 3673.17,4
2104,09:30:01,$ 3673.17,3
2105,09:30:01,$ 3673.17,5
2106,09:30:01,$ 3673.17,1
2107,09:30:01,$ 3673.17,1
2108,09:30:01,$ 3673.17,4
2109,09:30:01,$ 3673.17,2
2110,09:30:01,$ 3673.17,10
2111,09:30:01,$ 3673.17,3
2112,09:30:01,$ 3673.17,1
2113,09:30:01,$ 3673.17,1
2114,09:30:01,$ 3673.17,5
2115,09:30:01,$ 3673.17,10
2116,09:30:01,$ 3673.17,1
2117,09:30:01,$ 3673.17,5
2118,09:30:01,$ 3673.17,3
2119,09:30:01,$ 3673.17,2
2120,09:30:01,$ 3673.17,3
2122,09:30:01,$ 3673.17,2
2123,09:30:01,$ 3673.17,1
2124,09:30:01,$ 3673.17,2
2125,09:30:01,$ 3673.17,2
2126,09:30:01,$ 3673.17,5
2127,09:30:01,$ 3673.17,9
2128,09:30:01,$ 3673.17,3
2129,09:30:01,$ 3673.17,5
2130,09:30:01,$ 3673.17,100
2131,09:30:01,$ 3673.17,30
2132,09:30:01,$ 3673.17,5
2133,09:30:01,$ 3673.17,1
2134,09:30:01,$ 3673.17,1
2135,09:30:01,$ 3673.17,2
2136,09:30:01,$ 3673.17,6
2137,09:30:01,$ 3673.17,7
2138,09:30:01,$ 3673.17,14
2139,09:30:01,$ 3673.17,1
2140,09:30:01,$ 3673.17,104
2141,09:30:01,$ 3673.17,3
2143,09:30:01,$ 3673.17,30
2144,09:30:01,$ 3673.17,17
2145,09:30:01,$ 3673.17,1
2146,09:30:01,$ 3673.17,1
2147,09:30:01,$ 3673.17,1
2148,09:30:01,$ 3673.17,1
2149,09:30:01,$ 3673.17,5
2150,09:30:01,$ 3673.17,100
2151,09:30:01,$ 3673.17,104
2152,09:30:01,$ 3673.17,1
2153,09:30:01,$ 3673.17,2
2154,09:30:01,$ 3673.17,1
2155,09:30:01,$ 3673.17,3
2156,09:30:01,$ 3673.17,3
2157,09:30:01,$ 3673.17,16
2158,09:30:01,$ 3673.17,2
2159,09:30:01,$ 3673.17,1
2160,09:30:01,$ 3673.17,1
2161,09:30:01,$ 3673.17,1
2162,09:30:01,$ 3673.17,4
2164,09:30:01,$ 3673.17,1
2165,09:30:01,$ 3673.17,1
2166,09:30:01,$ 3673.17,2
2167,09:30:01,$ 3673.17,1
2168,09:30:01,$ 3673.17,2
2169,09:30:01,$ 3673.17,1
2170,09:30:01,$ 3673.17,1
2171,09:30:01,$ 3673.17,1
2172,09:30:01,$ 3673.17,1
2173,09:30:01,$ 3673.17,1
2174,09:30:01,$ 3673.17,18
2175,09:30:01,$ 3673.17,5
2176,09:30:01,$ 3673.17,1
2177,09:30:01,$ 3673.17,1
2178,09:30:01,$ 3673.17,1
2179,09:30:01,$ 3673.17,1
2180,09:30:01,$ 3673.17,2
2181,09:30:01,$ 3673.17,1
2182,09:30:01,$ 3673.17,1
2183,09:30:01,$ 3673.17,2
2185,09:30:01,$ 3673.17,2
2186,09:30:01,$ 3673.17,1
2187,09:30:01,$ 3673.17,1
2188,09:30:01,$ 3673.17,1
2189,09:30:01,$ 3673.17,1
2190,09:30:01,$ 3673.17,1
2191,09:30:01,$ 3673.17,1
2192,09:30:01,$ 3673.17,1
2193,09:30:01,$ 3673.17,2
2194,09:30:01,$ 3673.17,5
2195,09:30:01,$ 3673.17,3
2196,09:30:01,$ 3673.17,1
2197,09:30:01,$ 3673.17,1
2198,09:30:01,$ 3673.17,1
2199,09:30:01,$ 3673.17,1
2200,09:30:01,$ 3673.17,2
2201,09:30:01,$ 3673.17,3
2202,09:30:01,$ 3673.17,1
2203,09:30:01,$ 3673.17,4
2204,09:30:01,$ 3673.17,1
2206,09:30:01,$ 3673.17,2
2207,09:30:01,$ 3673.17,1
2208,09:30:01,$ 3673.17,1
2209,09:30:01,$ 3673.17,1
2210,09:30:01,$ 3673.17,8
2211,09:30:01,$ 3673.17,1
2212,09:30:01,$ 3673.17,1
2213,09:30:01,$ 3673.17,1
2214,09:30:01,$ 3673.17,1
2215,09:30:01,$ 3673.17,4
2216,09:30:01,$ 3673.17,2
2217,09:30:01,$ 3673.17,14
2218,09:30:01,$ 3673.17,6
2219,09:30:01,$ 3673.17,2
2220,09:30:01,$ 3673.17,1
2221,09:30:01,$ 3673.17,2
2222,09:30:01,$ 3673.17,5
2223,09:30:01,$ 3673.17,25
2224,09:30:01,$ 3673.17,13
2225,09:30:01,$ 3673.17,1
2227,09:30:01,$ 3673.17,1
2228,09:30:01,$ 3673.17,1
2229,09:30:01,$ 3673.17,1
2230,09:30:01,$ 3673.17,1
2231,09:30:01,$ 3673.17,1
2232,09:30:01,$ 3673.17,31
2233,09:30:01,$ 3673.17,1
2234,09:30:01,$ 3673.17,15
2235,09:30:01,$ 3673.17,6
2236,09:30:01,$ 3673.17,50
2237,09:30:01,$ 3673.17,1
2238,09:30:01,$ 3673.17,3
2239,09:30:01,$ 3673.17,6
2240,09:30:01,$ 3673.17,27
2241,09:30:01,$ 3673.17,5
2242,09:30:01,$ 3673.17,6
2243,09:30:01,$ 3673.17,2
2244,09:30:01,$ 3673.17,30
2245,09:30:01,$ 3673.17,5
2246,09:30:01,$ 3673.17,85
2248,09:30:01,$ 3673.17,7
2249,09:30:01,$ 3673.17,4
2250,09:30:01,$ 3673.17,2
2251,09:30:01,$ 3673.17,1
2252,09:30:01,$ 3673.17,2
2253,09:30:01,$ 3673.17,1
2254,09:30:01,$ 3673.17,5
2255,09:30:01,$ 3673.17,1
2256,09:30:01,$ 3673.17,1
2257,09:30:01,$ 3673.17,1
2258,09:30:01,$ 3673.17,3
2259,09:30:01,$ 3673.17,2
2260,09:30:01,$ 3673.17,1
2261,09:30:01,$ 3673.17,2
2262,09:30:01,$ 3673.17,10
2263,09:30:01,$ 3673.17,10
2264,09:30:01,$ 3673.17,5
2265,09:30:01,$ 3673.17,2
2266,09:30:01,$ 3673.17,3
2267,09:30:01,$ 3673.17,1
2269,09:30:01,$ 3673.17,2
2270,09:30:01,$ 3673.17,10
2271,09:30:01,$ 3673.17,1
2272,09:30:01,$ 3673.17,30
2273,09:30:01,$ 3673.17,3
2274,09:30:01,$ 3673.17,3
2275,09:30:01,$ 3673.17,1
2276,09:30:01,$ 3673.17,1
2277,09:30:01,$ 3673.17,9
2278,09:30:01,$ 3673.17,1
2279,09:30:01,$ 3673.17,1
2280,09:30:01,$ 3673.17,2
2281,09:30:01,$ 3673.17,2
2282,09:30:01,$ 3673.17,2
2283,09:30:01,$ 3673.17,1
2284,09:30:01,$ 3673.17,5
2285,09:30:01,$ 3673.17,1
2286,09:30:01,$ 3673.17,1
2287,09:30:01,$ 3673.17,1
2288,09:30:01,$ 3673.17,1
2290,09:30:01,$ 3673.17,1
2291,09:30:01,$ 3673.17,1
2292,09:30:01,$ 3673.17,2
2293,09:30:01,$ 3673.17,12
2294,09:30:01,$ 3673.17,1
2295,09:30:01,$ 3673.17,13
2296,09:30:01,$ 3673.17,1
2297,09:30:01,$ 3673.17,1
2298,09:30:01,$ 3673.17,1
2299,09:30:01,$ 3673.17,28
2300,09:30:01,$ 3673.17,3
2301,09:30:01,$ 3673.17,12
2302,09:30:01,$ 3673.17,1
2303,09:30:01,$ 3673.17,10
2304,09:30:01,$ 3673.17,5
2305,09:30:01,$ 3673.17,5
2306,09:30:01,$ 3673.17,2
2307,09:30:01,$ 3673.17,5
2308,09:30:01,$ 3673.17,6
2309,09:30:01,$ 3673.17,13
2311,09:30:01,$ 3673.17,1
2312,09:30:01,$ 3673.17,50
2313,09:30:01,$ 3673.17,10
2314,09:30:01,$ 3673.17,200
2315,09:30:01,$ 3673.17,6
2316,09:30:01,$ 3673.17,1
2317,09:30:01,$ 3673.17,35
2318,09:30:01,$ 3673.17,538
2319,09:30:01,$ 3673.17,1
2320,09:30:01,$ 3673.17,10
2321,09:30:01,$ 3673.17,1
2322,09:30:01,$ 3673.17,2
2323,09:30:01,$ 3673.17,2
2324,09:30:01,$ 3673.17,1
2325,09:30:01,$ 3673.17,3
2326,09:30:01,$ 3673.17,1
2327,09:30:01,$ 3673.17,3
2328,09:30:01,$ 3673.17,1
2329,09:30:01,$ 3673.17,1
2330,09:30:01,$ 3673.17,41
2332,09:30:01,$ 3673.17,5
2333,09:30:01,$ 3673.17,4
2334,09:30:01,$ 3673.17,1
2335,09:30:01,$ 3673.17,1
2336,09:30:01,$ 3673.17,3
2337,09:30:01,$ 3673.17,1
2338,09:30:01,$ 3673.17,6
2339,09:30:01,$ 3673.17,20
2340,09:30:01,$ 3673.17,2
2341,09:30:01,$ 3673.17,4
2342,09:30:01,$ 3673.17,1
2343,09:30:01,$ 3673.17,1
2344,09:30:01,$ 3673.17,2
2345,09:30:01,$ 3673.17,12
2346,09:30:01,$ 3673.17,2
2347,09:30:01,$ 3673.17,29
2348,09:30:01,$ 3673.17,20
2349,09:30:01,$ 3673.17,1
2350,09:30:01,$ 3673.17,1
2351,09:30:01,$ 3673.17,7
2353,09:30:01,$ 3673.17,20
2354,09:30:01,$ 3673.17,5
2355,09:30:01,$ 3673.17,1
2356,09:30:01,$ 3673.17,1
2357,09:30:01,$ 3673.17,8
2358,09:30:01,$ 3673.17,1
2359,09:30:01,$ 3673.17,2
2360,09:30:01,$ 3673.17,2
2361,09:30:01,$ 3673.17,27
2362,09:30:01,$ 3673.17,1
2363,09:30:01,$ 3673.17,17
2364,09:30:01,$ 3673.17,8
2365,09:30:01,$ 3673.17,1
2366,09:30:01,$ 3673.17,15
2367,09:30:01,$ 3673.17,14
2368,09:30:01,$ 3673.17,150
2369,09:30:01,$ 3673.17,2
2370,09:30:01,$ 3673.17,5
2371,09:30:01,$ 3673.17,1
2372,09:30:01,$ 3673.17,6
2374,09:30:01,$ 3673.17,10
2375,09:30:01,$ 3673.17,1
2376,09:30:01,$ 3673.17,10
2377,09:30:01,$ 3673.17,200
2378,09:30:01,$ 3673.17,1
2379,09:30:01,$ 3673.17,1
2380,09:30:01,$ 3673.17,8
2381,09:30:01,$ 3673.17,5
2382,09:30:01,$ 3673.17,2
2383,09:30:01,$ 3673.17,5
2384,09:30:01,$ 3673.17,5
2385,09:30:01,$ 3673.17,10
2386,09:30:01,$ 3673.17,10
2387,09:30:01,$ 3673.17,1
2388,09:30:01,$ 3673.17,20
2389,09:30:01,$ 3673.17,6
2390,09:30:01,$ 3673.17,1
2391,09:30:01,$ 3673.17,3
2392,09:30:01,$ 3673.17,1
2393,09:30:01,$ 3673.17,1
2395,09:30:01,$ 3673.17,1
2396,09:30:01,$ 3673.17,1
2397,09:30:01,$ 3673.17,1
2398,09:30:01,$ 3673.17,1
2399,09:30:01,$ 3673.17,2
2400,09:30:01,$ 3673.17,1
2401,09:30:01,$ 3673.17,1
2402,09:30:01,$ 3673.17,2
2403,09:30:01,$ 3673.17,2
2404,09:30:01,$ 3673.17,1
2405,09:30:01,$ 3673.17,1
2406,09:30:01,$ 3673.17,1
2407,09:30:01,$ 3673.17,2
2408,09:30:01,$ 3673.17,1
2409,09:30:01,$ 3673.17,1
2410,09:30:01,$ 3673.17,2
2411,09:30:01,$ 3673.17,1
2412,09:30:01,$ 3673.17,3
2413,09:30:01,$ 3673.17,1
2414,09:30:01,$ 3673.17,2
2416,09:30:01,$ 3673.17,3
2417,09:30:01,$ 3673.17,1
2418,09:30:01,$ 3673.17,10
2419,09:30:01,$ 3673.17,2
2420,09:30:01,$ 3673.17,2
2421,09:30:01,$ 3673.17,5
2422,09:30:01,$ 3673.17,1
2423,09:30:01,$ 3673.17,3
2424,09:30:01,$ 3673.17,12
2425,09:30:01,$ 3673.17,1
2426,09:30:01,$ 3673.17,1
2427,09:30:01,$ 3673.17,1
2428,09:30:01,$ 3673.17,3
2429,09:30:01,$ 3673.17,1
2430,09:30:01,$ 3673.17,4
2431,09:30:01,$ 3673.17,1
2432,09:30:01,$ 3673.17,3
2433,09:30:01,$ 3673.17,10
2434,09:30:01,$ 3673.17,3
2435,09:30:01,$ 3673.17,1
2437,09:30:01,$ 3673.17,1
2438,09:30:01,$ 3673.17,4
2439,09:30:01,$ 3673.17,3
2440,09:30:01,$ 3673.17,3
2441,09:30:01,$ 3673.17,12
2442,09:30:01,$ 3673.17,1
2443,09:30:01,$ 3673.17,2
2444,09:30:01,$ 3673.17,3
2445,09:30:01,$ 3673.17,1
2446,09:30:01,$ 3673.17,1
2447,09:30:01,$ 3673.17,3
2448,09:30:01,$ 3673.17,1
2449,09:30:01,$ 3673.17,3
2450,09:30:01,$ 3673.17,2
2451,09:30:01,$ 3673.17,1
2452,09:30:01,$ 3673.17,1
2453,09:30:01,$ 3673.17,1
2454,09:30:01,$ 3673.17,1
2455,09:30:01,$ 3673.17,1
2456,09:30:01,$ 3673.17,1
2458,09:30:01,$ 3673.17,1
2459,09:30:01,$ 3673.17,1
2460,09:30:01,$ 3673.17,10
2461,09:30:01,$ 3673.17,10
2462,09:30:01,$ 3673.17,2
2463,09:30:01,$ 3673.17,1
2464,09:30:01,$ 3673.17,126
2465,09:30:01,$ 3673.17,1
2466,09:30:01,$ 3673.17,1
2467,09:30:01,$ 3673.17,1
2468,09:30:01,$ 3673.17,84
2469,09:30:01,$ 3673.17,32
2470,09:30:01,$ 3673.17,3
2471,09:30:01,$ 3673.17,1
2472,09:30:01,$ 3673.17,20
2473,09:30:01,$ 3673.17,100
2474,09:30:01,$ 3673.17,3
2475,09:30:01,$ 3673.17,15
2476,09:30:01,$ 3673.17,1
2477,09:30:01,$ 3673.17,1
2479,09:30:01,$ 3673.17,1
2480,09:30:01,$ 3673.17,1
2481,09:30:01,$ 3673.17,5
2482,09:30:01,$ 3673.17,3
2483,09:30:01,$ 3673.17,60
2484,09:30:01,$ 3673.17,15
2485,09:30:01,$ 3673.17,1
2486,09:30:01,$ 3673.17,4
2487,09:30:01,$ 3673.17,2
2488,09:30:01,$ 3673.17,1
2489,09:30:01,$ 3673.17,7
2490,09:30:01,$ 3673.17,99
2491,09:30:01,$ 3673.17,2
2492,09:30:01,$ 3673.17,195
2493,09:30:01,$ 3673.17,2
2494,09:30:01,$ 3673.17,1
2495,09:30:01,$ 3673.17,20
2496,09:30:01,$ 3673.17,8
2497,09:30:01,$ 3673.17,5
2498,09:30:01,$ 3673.17,9
2500,09:30:01,$ 3673.17,3
2501,09:30:01,$ 3673.17,87
2502,09:30:01,$ 3673.17,30
2503,09:30:01,$ 3673.17,3
2504,09:30:01,$ 3673.17,12
2505,09:30:01,$ 3673.17,3
2506,09:30:01,$ 3673.17,2
2507,09:30:01,$ 3673.17,6
2508,09:30:01,$ 3673.17,10
2509,09:30:01,$ 3673.17,4
2510,09:30:01,$ 3673.17,1
2511,09:30:01,$ 3673.17,2
2512,09:30:01,$ 3673.17,23
2513,09:30:01,$ 3673.17,75
2514,09:30:01,$ 3673.17,323
2515,09:30:01,$ 3673.17,1
2516,09:30:01,$ 3673.17,200
2517,09:30:01,$ 3673.17,10
2518,09:30:01,$ 3673.17,1
2519,09:30:01,$ 3673.17,1
2521,09:30:01,$ 3673.17,76
2522,09:30:01,$ 3673.17,1
2523,09:30:01,$ 3673.17,1
2524,09:30:01,$ 3673.17,3
2525,09:30:01,$ 3673.17,4
2526,09:30:01,$ 3673.17,8
2527,09:30:01,$ 3673.17,1
2528,09:30:01,$ 3673.17,7
2529,09:30:01,$ 3673.17,3
2530,09:30:01,$ 3673.17,10
2531,09:30:01,$ 3673.17,2
2532,09:30:01,$ 3673.17,3
2533,09:30:01,$ 3673.17,6
2534,09:30:01,$ 3673.17,6
2535,09:30:01,$ 3673.17,5
2536,09:30:01,$ 3673.17,2
2537,09:30:01,$ 3673.17,1
2538,09:30:01,$ 3673.17,3
2539,09:30:01,$ 3673.17,5
2540,09:30:01,$ 3673.17,1
2542,09:30:01,$ 3673.17,1
2543,09:30:01,$ 3673.17,1
2544,09:30:01,$ 3673.17,1
2545,09:30:01,$ 3673.17,215
2546,09:30:01,$ 3673.17,1
2547,09:30:01,$ 3673.17,2
2548,09:30:01,$ 3673.17,1
2549,09:30:01,$ 3673.17,15
2550,09:30:01,$ 3673.17,12
2551,09:30:01,$ 3673.17,15
2552,09:30:01,$ 3673.17,5
2553,09:30:01,$ 3673.17,2
2554,09:30:01,$ 3673.17,27
2555,09:30:01,$ 3673.17,1
2556,09:30:01,$ 3673.17,1
2557,09:30:01,$ 3673.17,4
2558,09:30:01,$ 3673.17,1
2559,09:30:01,$ 3673.17,54
2560,09:30:01,$ 3673.17,7
2561,09:30:01,$ 3673.17,209
2563,09:30:01,$ 3673.17,8
2564,09:30:01,$ 3673.17,19
2565,09:30:01,$ 3673.17,6
2566,09:30:01,$ 3673.17,1
2567,09:30:01,$ 3673.17,2
2568,09:30:01,$ 3673.17,2
2569,09:30:01,$ 3673.17,8
2570,09:30:01,$ 3673.17,3
2571,09:30:01,$ 3673.17,1
2572,09:30:01,$ 3673.17,6
2573,09:30:01,$ 3673.17,2
2574,09:30:01,$ 3673.17,1
2575,09:30:01,$ 3673.17,42
2576,09:30:01,$ 3673.17,5
2577,09:30:01,$ 3673.17,10
2578,09:30:01,$ 3673.17,1
2579,09:30:01,$ 3673.17,8
2580,09:30:01,$ 3673.17,1
2581,09:30:01,$ 3673.17,95
2582,09:30:01,$ 3673.17,10
2584,09:30:01,$ 3673.17,1
2585,09:30:01,$ 3673.17,2
2586,09:30:01,$ 3673.17,1
2587,09:30:01,$ 3673.17,60
2588,09:30:01,$ 3673.17,2
2589,09:30:01,$ 3673.17,3
2590,09:30:01,$ 3673.17,141
2591,09:30:01,$ 3673.17,5
2592,09:30:01,$ 3673.17,1
2593,09:30:01,$ 3673.17,2
2594,09:30:01,$ 3673.17,1
2595,09:30:01,$ 3673.17,1
2596,09:30:01,$ 3673.17,1
2597,09:30:01,$ 3673.17,1
2598,09:30:01,$ 3673.17,50
2599,09:30:01,$ 3673.17,5
2600,09:30:01,$ 3673.17,4
2601,09:30:01,$ 3673.17,4
2602,09:30:01,$ 3673.17,1
2603,09:30:01,$ 3673.17,4
2605,09:30:01,$ 3673.17,1
2606,09:30:01,$ 3673.17,4
2607,09:30:01,$ 3673.17,6
2608,09:30:01,$ 3673.17,7
2609,09:30:01,$ 3673.17,10
2610,09:30:01,$ 3673.17,1
2611,09:30:01,$ 3673.17,20
2612,09:30:01,$ 3673.17,413
2613,09:30:01,$ 3673.17,1
2614,09:30:01,$ 3673.17,6
2615,09:30:01,$ 3673.17,4
2616,09:30:01,$ 3673.17,8
2617,09:30:01,$ 3673.17,11
2618,09:30:01,$ 3673.17,87
2619,09:30:01,$ 3673.17,154
2620,09:30:01,$ 3673.17,1
2621,09:30:01,$ 3673.17,2
2622,09:30:01,$ 3673.17,10
2623,09:30:01,$ 3673.17,1
2624,09:30:01,$ 3673.17,2
2626,09:30:01,$ 3673.17,3
2627,09:30:01,$ 3673.17,2
2628,09:30:01,$ 3673.17,1
2629,09:30:01,$ 3673.17,2
2630,09:30:01,$ 3673.17,6
2631,09:30:01,$ 3673.17,105
2632,09:30:01,$ 3673.17,4
2633,09:30:01,$ 3673.17,1
2634,09:30:01,$ 3673.17,2
2635,09:30:01,$ 3673.17,7
2636,09:30:01,$ 3673.17,2
2637,09:30:01,$ 3673.17,1
2638,09:30:01,$ 3673.17,1
2639,09:30:01,$ 3673.17,1
2640,09:30:01,$ 3673.17,3
2641,09:30:01,$ 3673.17,1
2642,09:30:01,$ 3673.17,1
2643,09:30:01,$ 3673.17,5
2644,09:30:01,$ 3673.17,12
2645,09:30:01,$ 3673.17,25
2647,09:30:01,$ 3673.17,2
2648,09:30:01,$ 3673.17,4
2649,09:30:01,$ 3673.17,1
2650,09:30:01,$ 3673.17,2
2651,09:30:01,$ 3673.17,4
2652,09:30:01,$ 3673.17,2
2653,09:30:01,$ 3673.17,4
2654,09:30:01,$ 3673.17,8
2655,09:30:01,$ 3673.17,2
2656,09:30:01,$ 3673.17,1
2657,09:30:01,$ 3673.17,4
2658,09:30:01,$ 3673.17,2
2659,09:30:01,$ 3673.17,1
2660,09:30:01,$ 3673.17,2
2661,09:30:01,$ 3673.17,10
2662,09:30:01,$ 3673.17,5
2663,09:30:01,$ 3673.17,1
2664,09:30:01,$ 3673.17,5
2665,09:30:01,$ 3673.17,1
2666,09:30:01,$ 3673.17,10
2668,09:30:01,$ 3673.17,25
2669,09:30:01,$ 3673.17,20
2670,09:30:01,$ 3673.17,10
2671,09:30:01,$ 3673.17,1
2672,09:30:01,$ 3673.17,2
2673,09:30:01,$ 3673.17,18
2674,09:30:01,$ 3673.17,227
2675,09:30:01,$ 3673.17,114
2676,09:30:01,$ 3673.17,1
2677,09:30:01,$ 3673.17,1
2678,09:30:01,$ 3673.17,5
2679,09:30:01,$ 3673.17,1
2680,09:30:01,$ 3673.17,14
2681,09:30:01,$ 3673.17,10
2682,09:30:01,$ 3673.17,1
2683,09:30:01,$ 3673.17,15
2684,09:30:01,$ 3673.17,120
2685,09:30:01,$ 3673.17,2
2686,09:30:01,$ 3673.17,15
2687,09:30:01,$ 3673.17,1
2689,09:30:01,$ 3673.17,2
2690,09:30:01,$ 3673.17,20
2691,09:30:01,$ 3673.17,30
2692,09:30:01,$ 3673.17,14
2693,09:30:01,$ 3673.17,20
2694,09:30:01,$ 3673.17,2
2695,09:30:01,$ 3673.17,2
2696,09:30:01,$ 3673.17,2
2697,09:30:01,$ 3673.17,8
2698,09:30:01,$ 3673.17,64
2699,09:30:01,$ 3673.17,5
2700,09:30:01,$ 3673.17,98
2701,09:30:01,$ 3673.17,1
2702,09:30:01,$ 3673.17,10
2703,09:30:01,$ 3673.17,9
2704,09:30:01,$ 3673.17,4
2705,09:30:01,$ 3673.17,6
2706,09:30:01,$ 3673.17,1
2707,09:30:01,$ 3673.17,2
2708,09:30:01,$ 3673.17,1
2710,09:30:01,$ 3673.17,1
2711,09:30:01,$ 3673.17,1
2712,09:30:01,$ 3673.17,2
2713,09:30:01,$ 3673.17,16
2714,09:30:01,$ 3673.17,247
2715,09:30:01,$ 3673.17,7
2716,09:30:01,$ 3673.17,6
2717,09:30:01,$ 3673.17,1
2718,09:30:01,$ 3673.17,30
2719,09:30:01,$ 3673.17,1
2720,09:30:01,$ 3673.17,2
2721,09:30:01,$ 3673.17,15
2722,09:30:01,$ 3673.17,3
2723,09:30:01,$ 3673.17,1
2724,09:30:01,$ 3673.17,1
2725,09:30:01,$ 3673.17,8
2726,09:30:01,$ 3673.17,32
2727,09:30:01,$ 3673.17,2
2728,09:30:01,$ 3673.17,8
2729,09:30:01,$ 3673.17,1
2731,09:30:01,$ 3673.17,1
2732,09:30:01,$ 3673.17,50
2733,09:30:01,$ 3673.17,1
2734,09:30:01,$ 3673.17,10
2735,09:30:01,$ 3673.17,8
2736,09:30:01,$ 3673.17,2
2737,09:30:01,$ 3673.17,180
2738,09:30:01,$ 3673.17,1
2739,09:30:01,$ 3673.17,3
2740,09:30:01,$ 3673.17,5
2741,09:30:01,$ 3673.17,5
2742,09:30:01,$ 3673.17,19
2743,09:30:01,$ 3673.17,5
2744,09:30:01,$ 3673.17,4
2745,09:30:01,$ 3673.17,6
2746,09:30:01,$ 3673.17,1
2747,09:30:01,$ 3673.17,2
2748,09:30:01,$ 3673.17,20
2749,09:30:01,$ 3673.17,100
2750,09:30:01,$ 3673.17,3
2752,09:30:01,$ 3673.17,7
2753,09:30:01,$ 3673.17,1
2754,09:30:01,$ 3673.17,25
2755,09:30:01,$ 3673.17,1
2756,09:30:01,$ 3673.17,10
2757,09:30:01,$ 3673.17,52
2758,09:30:01,$ 3673.17,1
2759,09:30:01,$ 3673.17,10
2760,09:30:01,$ 3673.17,2
2761,09:30:01,$ 3673.17,2
2762,09:30:01,$ 3673.17,"2,000"
2763,09:30:01,$ 3673.17,14
2764,09:30:01,$ 3673.17,1
2765,09:30:01,$ 3673.17,15
2766,09:30:01,$ 3673.17,5
2767,09:30:01,$ 3673.17,75
2768,09:30:01,$ 3673.17,100
2769,09:30:01,$ 3673.17,2
2770,09:30:01,$ 3673.17,3
2771,09:30:01,$ 3673.17,5
2773,09:30:01,$ 3673.17,75
2774,09:30:01,$ 3673.17,59
2775,09:30:01,$ 3673.17,47
2776,09:30:01,$ 3673.17,66
2777,09:30:01,$ 3673.17,58
2778,09:30:01,$ 3673.17,3
2779,09:30:01,$ 3673.17,1
2780,09:30:01,$ 3673.17,15
2781,09:30:01,$ 3673.17,14
2782,09:30:01,$ 3673.17,804
2783,09:30:01,$ 3673.17,1
2784,09:30:01,$ 3673.17,7
2785,09:30:01,$ 3673.17,2
2786,09:30:01,$ 3673.17,10
2787,09:30:01,$ 3673.17,7
2788,09:30:01,$ 3673.17,27
2789,09:30:01,$ 3673.17,5
2790,09:30:01,$ 3673.17,50
2791,09:30:01,$ 3673.17,5
2792,09:30:01,$ 3673.17,28
2794,09:30:01,$ 3673.17,2
2795,09:30:01,$ 3673.17,100
2796,09:30:01,$ 3673.17,1
2797,09:30:01,$ 3673.17,5
2798,09:30:01,$ 3673.17,10
2799,09:30:01,$ 3673.17,268
2800,09:30:01,$ 3673.17,1
2801,09:30:01,$ 3673.17,2
2802,09:30:01,$ 3673.17,27
2803,09:30:01,$ 3673.17,20
2804,09:30:01,$ 3673.17,2
2805,09:30:01,$ 3673.17,1
2806,09:30:01,$ 3673.17,1
2807,09:30:01,$ 3673.17,1
2808,09:30:01,$ 3673.17,2
2809,09:30:01,$ 3673.17,6
2810,09:30:01,$ 3673.17,5
2811,09:30:01,$ 3673.17,2
2812,09:30:01,$ 3673.17,1
2813,09:30:01,$ 3673.17,2
2815,09:30:01,$ 3673.17,5
2816,09:30:01,$ 3673.17,1
2817,09:30:01,$ 3673.17,2
2818,09:30:01,$ 3673.17,1
2819,09:30:01,$ 3673.17,1
2820,09:30:01,$ 3673.17,1
2821,09:30:01,$ 3673.17,1
2822,09:30:01,$ 3673.17,1
2823,09:30:01,$ 3673.17,3
2824,09:30:01,$ 3673.17,1
2825,09:30:01,$ 3673.17,15
2826,09:30:01,$ 3673.17,2
2827,09:30:01,$ 3673.17,"1,000"
2828,09:30:01,$ 3673.17,4
2829,09:30:01,$ 3673.17,3
2830,09:30:01,$ 3673.17,1
2831,09:30:01,$ 3673.17,1
2832,09:30:01,$ 3673.17,5
2833,09:30:01,$ 3673.17,40
2834,09:30:01,$ 3673.17,6
2836,09:30:01,$ 3673.17,1
2837,09:30:01,$ 3673.17,4
2838,09:30:01,$ 3673.17,7
2839,09:30:01,$ 3673.17,9
2840,09:30:01,$ 3673.17,3
2841,09:30:01,$ 3673.17,3
2842,09:30:01,$ 3673.17,2
2843,09:30:01,$ 3673.17,1
2844,09:30:01,$ 3673.17,1
2845,09:30:01,$ 3673.17,1
2846,09:30:01,$ 3673.17,2
2847,09:30:01,$ 3673.17,2
2848,09:30:01,$ 3673.17,4
2849,09:30:01,$ 3673.17,3
2850,09:30:01,$ 3673.17,3
2851,09:30:01,$ 3673.17,35
2852,09:30:01,$ 3673.17,11
2853,09:30:01,$ 3673.17,3
2854,09:30:01,$ 3673.17,4
2855,09:30:01,$ 3673.17,2
2857,09:30:01,$ 3673.17,14
2858,09:30:01,$ 3673.17,25
2859,09:30:01,$ 3673.17,6
2860,09:30:01,$ 3673.17,1
2861,09:30:01,$ 3673.17,3
2862,09:30:01,$ 3673.17,4
2863,09:30:01,$ 3673.17,3
2864,09:30:01,$ 3673.17,1
2865,09:30:01,$ 3673.17,1
2866,09:30:01,$ 3673.17,3
2867,09:30:01,$ 3673.17,1
2868,09:30:01,$ 3673.17,1
2869,09:30:01,$ 3673.17,2
2870,09:30:01,$ 3673.17,1
2871,09:30:01,$ 3673.17,2
2872,09:30:01,$ 3673.17,1
2873,09:30:01,$ 3673.17,7
2874,09:30:01,$ 3673.17,7
2875,09:30:01,$ 3673.17,1
2876,09:30:01,$ 3673.17,1
2878,09:30:01,$ 3673.17,3
2879,09:30:01,$ 3673.17,3
2880,09:30:01,$ 3673.17,4
2881,09:30:01,$ 3673.17,9
2882,09:30:01,$ 3673.17,1
2883,09:30:01,$ 3673.17,93
2884,09:30:01,$ 3673.17,1
2885,09:30:01,$ 3673.17,5
2886,09:30:01,$ 3673.17,15
2887,09:30:01,$ 3673.17,127
2888,09:30:01,$ 3673.17,2
2889,09:30:01,$ 3673.17,5
2890,09:30:01,$ 3673.17,465
2891,09:30:01,$ 3673.17,20
2892,09:30:01,$ 3673.17,3
2893,09:30:01,$ 3673.17,83
2894,09:30:01,$ 3673.17,6
2895,09:30:01,$ 3673.17,10
2896,09:30:01,$ 3673.17,14
2897,09:30:01,$ 3673.17,3
2899,09:30:01,$ 3673.17,150
2900,09:30:01,$ 3673.17,100
2901,09:30:01,$ 3673.17,120
2902,09:30:01,$ 3673.17,10
2903,09:30:01,$ 3673.17,1
2904,09:30:01,$ 3673.17,9
2905,09:30:01,$ 3673.17,1
2906,09:30:01,$ 3673.17,169
2907,09:30:01,$ 3673.17,100
2908,09:30:01,$ 3673.17,122
2909,09:30:01,$ 3673.17,4
2910,09:30:01,$ 3673.17,2
2911,09:30:01,$ 3673.17,5
2912,09:30:01,$ 3673.17,51
2913,09:30:01,$ 3673.17,26
2914,09:30:01,$ 3673.17,"1,300"
2915,09:30:01,$ 3673.17,12
2916,09:30:01,$ 3673.17,3
2917,09:30:01,$ 3673.17,2
2918,09:30:01,$ 3673.17,36
2920,09:30:01,$ 3673.17,15
2921,09:30:01,$ 3673.17,474
2922,09:30:01,$ 3673.17,5
2923,09:30:01,$ 3673.17,3
2924,09:30:01,$ 3673.17,3
2925,09:30:01,$ 3673.17,5
2926,09:30:01,$ 3673.17,5
2927,09:30:01,$ 3673.17,2
2928,09:30:01,$ 3673.17,25
2929,09:30:01,$ 3673.17,2
2930,09:30:01,$ 3673.17,1
2931,09:30:01,$ 3673.17,1
2932,09:30:01,$ 3673.17,13
2933,09:30:01,$ 3673.17,1
2934,09:30:01,$ 3673.17,12
2935,09:30:01,$ 3673.17,200
2936,09:30:01,$ 3673.17,200
2937,09:30:01,$ 3673.17,2
2938,09:30:01,$ 3673.17,5
2939,09:30:01,$ 3673.17,1
2941,09:30:01,$ 3673.17,1
2942,09:30:01,$ 3673.17,2
2943,09:30:01,$ 3673.17,1
2944,09:30:01,$ 3673.17,1
2945,09:30:01,$ 3673.17,1
2946,09:30:01,$ 3673.17,1
2947,09:30:01,$ 3673.17,176
2948,09:30:01,$ 3673.17,30
2949,09:30:01,$ 3673.17,5
2950,09:30:01,$ 3673.17,1
2951,09:30:01,$ 3673.17,50
2952,09:30:01,$ 3673.17,6
2953,09:30:01,$ 3673.17,1
2954,09:30:01,$ 3673.17,5
2955,09:30:01,$ 3673.17,3
2956,09:30:01,$ 3673.17,2
2957,09:30:01,$ 3673.17,1
2958,09:30:01,$ 3673.17,5
2959,09:30:01,$ 3673.17,1
2960,09:30:01,$ 3673.17,1
2962,09:30:01,$ 3673.17,5
2963,09:30:01,$ 3673.17,1
2964,09:30:01,$ 3673.17,8
2965,09:30:01,$ 3673.17,2
2966,09:30:01,$ 3673.17,2
2967,09:30:01,$ 3673.17,1
2968,09:30:01,$ 3673.17,22
2969,09:30:01,$ 3673.17,4
2970,09:30:01,$ 3673.17,100
2971,09:30:01,$ 3673.17,30
2972,09:30:01,$ 3673.17,5
2973,09:30:01,$ 3673.17,100
2974,09:30:01,$ 3673.17,7
2975,09:30:01,$ 3673.17,33
2976,09:30:01,$ 3673.17,120
2977,09:30:01,$ 3673.17,13
2978,09:30:01,$ 3673.17,36
2979,09:30:01,$ 3673.17,2
2980,09:30:01,$ 3673.17,2
2981,09:30:01,$ 3673.17,3
2983,09:30:01,$ 3673.17,1
2984,09:30:01,$ 3673.17,25
2985,09:30:01,$ 3673.17,1
2986,09:30:01,$ 3673.17,7
2987,09:30:01,$ 3673.17,1
2988,09:30:01,$ 3673.17,11
2989,09:30:01,$ 3673.17,6
2990,09:30:01,$ 3673.17,4
2991,09:30:01,$ 3673.17,1
2992,09:30:01,$ 3673.17,4
2993,09:30:01,$ 3673.17,1
2994,09:30:01,$ 3673.17,2
2995,09:30:01,$ 3673.17,4
2996,09:30:01,$ 3673.17,5
2997,09:30:01,$ 3673.17,7
2998,09:30:01,$ 3673.17,1
2999,09:30:01,$ 3673.17,3
3000,09:30:01,$ 3673.17,2
3001,09:30:01,$ 3673.17,3
3002,09:30:01,$ 3673.17,15
3004,09:30:01,$ 3673.17,1
3005,09:30:01,$ 3673.17,10
3006,09:30:01,$ 3673.17,5
3007,09:30:01,$ 3673.17,5
3008,09:30:01,$ 3673.17,3
3009,09:30:01,$ 3673.17,5
3010,09:30:01,$ 3673.17,23
3011,09:30:01,$ 3673.17,2
3012,09:30:01,$ 3673.17,2
3013,09:30:01,$ 3673.17,25
3014,09:30:01,$ 3673.17,22
3015,09:30:01,$ 3673.17,53
3016,09:30:01,$ 3673.17,1
3017,09:30:01,$ 3673.17,3
3018,09:30:01,$ 3673.17,4
3019,09:30:01,$ 3673.17,101
3020,09:30:01,$ 3673.17,1
3021,09:30:01,$ 3673.17,2
3022,09:30:01,$ 3673.17,1
3023,09:30:01,$ 3673.17,2
3025,09:30:01,$ 3673.17,5
3026,09:30:01,$ 3673.17,100
3027,09:30:01,$ 3673.17,7
3028,09:30:01,$ 3673.17,1
3029,09:30:01,$ 3673.17,5
3030,09:30:01,$ 3673.17,1
3031,09:30:01,$ 3673.17,10
3032,09:30:01,$ 3673.17,5
3033,09:30:01,$ 3673.17,6
3034,09:30:01,$ 3673.17,1
3035,09:30:01,$ 3673.17,2
3036,09:30:01,$ 3673.17,1
3037,09:30:01,$ 3673.17,2
3038,09:30:01,$ 3673.17,1
3039,09:30:01,$ 3673.17,1
3040,09:30:01,$ 3673.17,177
3041,09:30:01,$ 3673.17,10
3042,09:30:01,$ 3673.17,3
3043,09:30:01,$ 3673.17,21
3044,09:30:01,$ 3673.17,69
3046,09:30:01,$ 3673.17,5
3047,09:30:01,$ 3673.17,3
3048,09:30:01,$ 3673.17,5
3049,09:30:01,$ 3673.17,5
3050,09:30:01,$ 3673.17,1
3051,09:30:01,$ 3673.17,2
3052,09:30:01,$ 3673.17,1
3053,09:30:01,$ 3673.17,6
3054,09:30:01,$ 3673.17,2
3055,09:30:01,$ 3673.17,1
3056,09:30:01,$ 3673.17,1
3057,09:30:01,$ 3673.17,1
3058,09:30:01,$ 3673.17,1
3059,09:30:01,$ 3673.17,1
3060,09:30:01,$ 3673.17,1
3061,09:30:01,$ 3673.17,1
3062,09:30:01,$ 3673.17,1
3063,09:30:01,$ 3673.17,1
3064,09:30:01,$ 3673.17,1
3065,09:30:01,$ 3673.17,1
3067,09:30:01,$ 3673.17,3
3068,09:30:01,$ 3673.17,1
3069,09:30:01,$ 3673.17,1
3070,09:30:01,$ 3673.17,1
3071,09:30:01,$ 3673.17,1
3072,09:30:01,$ 3673.17,1
3073,09:30:01,$ 3673.17,1
3074,09:30:01,$ 3673.17,2
3075,09:30:01,$ 3673.17,1
3076,09:30:01,$ 3673.17,1
3077,09:30:01,$ 3673.17,1
3078,09:30:01,$ 3673.17,1
3079,09:30:01,$ 3673.17,2
3080,09:30:01,$ 3673.17,1
3081,09:30:01,$ 3673.17,1
3082,09:30:01,$ 3673.17,1
3083,09:30:01,$ 3673.17,1
3084,09:30:01,$ 3673.17,1
3085,09:30:01,$ 3673.17,10
3086,09:30:01,$ 3673.17,1
3088,09:30:01,$ 3673.17,1
3089,09:30:01,$ 3673.17,1
3090,09:30:01,$ 3673.17,1
3091,09:30:01,$ 3673.17,1
3092,09:30:01,$ 3673.17,1
3093,09:30:01,$ 3673.17,1
3094,09:30:01,$ 3673.17,1
3095,09:30:01,$ 3673.17,1
3096,09:30:01,$ 3673.17,1
3097,09:30:01,$ 3673.17,1
3098,09:30:01,$ 3673.17,1
3099,09:30:01,$ 3673.17,1
3100,09:30:01,$ 3673.17,1
3101,09:30:01,$ 3673.17,1
3102,09:30:01,$ 3673.17,3
3103,09:30:01,$ 3673.17,8
3104,09:30:01,$ 3673.17,1
3105,09:30:01,$ 3673.17,1
3106,09:30:01,$ 3673.17,1
3107,09:30:01,$ 3673.17,5
3109,09:30:01,$ 3673.17,1
3110,09:30:01,$ 3673.17,1
3111,09:30:00,$ 3673.76,100
3112,09:30:00,$ 3675.00,100
3113,09:30:00,$ 3672.52,112
3114,09:30:00,$ 3673.98,100
3116,10:29:55,$ 3695.385,100
3117,10:29:49,$ 3695.00,104
3118,10:29:47,$ 3695.24,100
3119,10:29:37,$ 3695.18,169
3120,10:29:18,$ 3696.865,200
3121,10:29:13,$ 3696.00,900
3122,10:29:03,$ 3696.70,100
3123,10:29:03,$ 3696.70,100
3124,10:28:51,$ 3696.15,100
3125,10:28:43,$ 3697.92,230
3126,10:28:43,$ 3697.28,100
3127,10:28:34,$ 3698.00,100
3128,10:28:34,$ 3698.00,345
3129,10:28:34,$ 3698.00,141
3130,10:28:32,$ 3697.26,280
3131,10:28:30,$ 3696.705,200
3132,10:28:30,$ 3696.705,200
3133,10:28:22,$ 3696.18,100
3134,10:28:20,$ 3696.1501,300
3135,10:28:05,$ 3696.55,100
3137,10:28:05,$ 3696.55,100
3138,10:28:05,$ 3696.55,100
3139,10:28:05,$ 3697.755,200
3140,10:27:38,$ 3697.31,100
3141,10:27:38,$ 3697.32,100
3142,10:26:52,$ 3698.7633,100
3143,10:26:51,$ 3698.30,100
3144,10:26:51,$ 3698.29,100
3145,10:26:51,$ 3698.24,100
3146,10:26:51,$ 3698.60,100
3147,10:26:50,$ 3700.00,380
3148,10:26:30,$ 3701.2063,500
3149,10:26:12,$ 3701.64,100
3150,10:26:12,$ 3700.87,500
3151,10:25:47,$ 3701.75,140
3152,10:25:25,$ 3702.0299,290
3153,10:25:06,$ 3703.00,100
3154,10:25:04,$ 3702.99,100
3155,10:24:58,$ 3703.00,100
3156,10:24:46,$ 3703.17,100
3158,10:24:46,$ 3703.12,100
3159,10:24:46,$ 3703.11,100
3160,10:24:45,$ 3704.20,100
3161,10:24:45,$ 3704.17,100
3162,10:24:45,$ 3704.20,100
3163,10:24:39,$ 3704.35,100
3164,10:24:33,$ 3703.06,100
3165,10:24:30,$ 3702.31,100
3166,10:24:30,$ 3703.00,100
3167,10:24:19,$ 3702.5981,500
3168,10:24:06,$ 3702.105,100
3169,10:24:04,$ 3701.475,100
3170,10:24:04,$ 3701.525,100
3171,10:24:02,$ 3702.5445,100
3172,10:24:01,$ 3702.78,100
3173,10:24:01,$ 3702.78,100
3174,10:24:00,$ 3702.335,200
3175,10:23:43,$ 3702.00,116
3176,10:23:43,$ 3702.01,100
3177,10:23:43,$ 3702.01,331
3179,10:23:40,$ 3703.03,100
3180,10:23:32,$ 3702.16,300
3181,10:23:32,$ 3702.47,100
3182,10:23:29,$ 3702.56,100
3183,10:23:29,$ 3702.08,800
3184,10:23:28,$ 3701.565,300
3185,10:23:24,$ 3701.684,100
3186,10:23:24,$ 3701.9417,100
3187,10:23:22,$ 3701.5835,200
3188,10:23:18,$ 3701.975,180
3189,10:23:15,$ 3701.8403,100
3190,10:23:12,$ 3700.46,100
3191,10:23:12,$ 3700.41,100
3192,10:23:11,$ 3701.416,100
3193,10:23:11,$ 3701.04,100
3194,10:23:11,$ 3701.273,200
3195,10:23:11,$ 3701.005,100
3196,10:23:11,$ 3701.02,100
3197,10:23:11,$ 3702.00,330
3198,10:23:09,$ 3701.50,500
3200,10:23:04,$ 3701.68,138
3201,10:23:00,$ 3699.85,100
3202,10:22:55,$ 3699.53,270
3203,10:22:55,$ 3699.42,100
3204,10:22:50,$ 3699.3712,100
3205,10:22:44,$ 3698.855,100
3206,10:22:31,$ 3698.8675,100
3207,10:22:26,$ 3696.3526,175
3208,10:22:21,$ 3697.295,300
3209,10:22:17,$ 3699.145,100
3210,10:22:15,$ 3698.93,100
3211,10:22:13,$ 3697.99,100
3212,10:22:13,$ 3698.00,360
3213,10:22:13,$ 3698.00,368
3214,10:22:13,$ 3698.00,100
3215,10:22:10,$ 3696.95,150
3216,10:22:03,$ 3696.99,100
3217,10:22:02,$ 3696.235,100
3218,10:22:00,$ 3696.91,100
3219,10:21:59,$ 3696.32,100
3221,10:21:59,$ 3696.32,500
3222,10:21:59,$ 3697.00,100
3223,10:21:59,$ 3696.989,198
3224,10:21:48,$ 3694.64,100
3225,10:21:40,$ 3693.00,100
3226,10:21:40,$ 3693.00,100
3227,10:21:40,$ 3693.00,100
3228,10:21:40,$ 3693.815,100
3229,10:21:37,$ 3693.125,100
3230,10:21:37,$ 3693.03,100
3231,10:21:37,$ 3693.425,100
3232,10:21:37,$ 3693.02,100
3233,10:21:37,$ 3693.105,100
3234,10:21:37,$ 3693.06,100
3235,10:21:24,$ 3694.64,100
3236,10:20:51,$ 3693.04,100
3237,10:20:47,$ 3694.85,244
3238,10:20:38,$ 3694.77,100
3239,10:20:31,$ 3693.39,100
3240,10:20:31,$ 3693.39,100
3242,10:20:31,$ 3693.39,100
3243,10:20:31,$ 3693.39,100
3244,10:20:31,$ 3693.39,100
3245,10:20:19,$ 3695.09,100
3246,10:19:54,$ 3696.51,200
3247,10:19:45,$ 3696.72,100
3248,10:19:44,$ 3694.68,100
3249,10:19:43,$ 3695.58,100
3250,10:19:43,$ 3695.57,100
3251,10:19:43,$ 3695.56,238
3252,10:19:43,$ 3696.72,100
3253,10:19:42,$ 3695.99,100
3254,10:19:41,$ 3696.00,700
3255,10:19:40,$ 3696.72,100
3256,10:19:39,$ 3696.04,100
3257,10:19:35,$ 3695.55,100
3258,10:19:32,$ 3695.60,100
3259,10:19:31,$ 3694.59,300
3260,10:19:31,$ 3694.49,100
3261,10:19:21,$ 3694.105,100
3263,10:19:21,$ 3694.00,394
3264,10:19:21,$ 3693.985,100
3265,10:19:08,$ 3695.03,118
3266,10:19:01,$ 3695.825,100
3267,10:19:00,$ 3695.585,100
3268,10:19:00,$ 3695.58,200
3269,10:18:54,$ 3695.825,100
3270,10:18:54,$ 3695.12,100
3271,10:18:53,$ 3694.78,100
3272,10:18:53,$ 3694.49,100
3273,10:18:36,$ 3694.45,100
3274,10:18:36,$ 3695.02,191
3275,10:18:36,$ 3695.02,100
3276,10:18:20,$ 3695.00,100
3277,10:18:20,$ 3695.40,100
3278,10:18:20,$ 3695.00,100
3279,10:18:20,$ 3695.00,100
3280,10:18:20,$ 3695.60,100
3281,10:18:17,$ 3697.00,100
3282,10:18:17,$ 3696.72,100
3284,10:18:15,$ 3698.00,400
3285,10:18:13,$ 3699.12,100
3286,10:17:56,$ 3698.89,100
3287,10:17:55,$ 3698.245,200
3288,10:17:38,$ 3697.92,100
3289,10:17:35,$ 3697.00,150
3290,10:17:35,$ 3698.255,100
3291,10:17:31,$ 3698.25,100
3292,10:17:31,$ 3698.82,100
3293,10:17:31,$ 3698.80,100
3294,10:17:31,$ 3698.245,100
3295,10:17:29,$ 3698.625,100
3296,10:16:53,$ 3696.7625,200
3297,10:16:40,$ 3697.35,114
3298,10:16:39,$ 3697.35,100
3299,10:16:26,$ 3697.18,149
3300,10:16:08,$ 3698.035,200
3301,10:15:37,$ 3698.40,120
3302,10:15:15,$ 3697.24,100
3303,10:15:13,$ 3697.25,200
3305,10:15:04,$ 3697.04,100
3306,10:15:02,$ 3696.61,100
3307,10:15:01,$ 3696.00,900
3308,10:15:01,$ 3696.00,100
3309,10:14:53,$ 3698.102,481
3310,10:14:37,$ 3699.0829,200
3311,10:14:32,$ 3698.71,100
3312,10:14:32,$ 3698.71,100
3313,10:14:32,$ 3698.52,200
3314,10:14:32,$ 3698.73,100
3315,10:14:32,$ 3698.65,100
3316,10:14:32,$ 3698.71,100
3317,10:14:32,$ 3698.53,200
3318,10:14:32,$ 3698.54,100
3319,10:14:31,$ 3697.2847,100
3320,10:14:28,$ 3697.26,500
3321,10:14:28,$ 3698.64,100
3322,10:14:27,$ 3697.9128,100
3323,10:14:24,$ 3698.005,500
3324,10:14:23,$ 3698.58,200
3326,10:14:23,$ 3698.68,200
3327,10:14:23,$ 3698.68,200
3328,10:14:22,$ 3698.765,100
3329,10:14:17,$ 3701.71,100
3330,10:14:13,$ 3699.44,300
3331,10:14:13,$ 3699.14,100
3332,10:14:13,$ 3699.12,100
3333,10:14:13,$ 3699.14,100
3334,10:14:13,$ 3699.14,100
3335,10:14:13,$ 3699.12,100
3336,10:14:13,$ 3699.14,100
3337,10:14:13,$ 3699.78,100
3338,10:14:09,$ 3702.11,100
3339,10:14:08,$ 3701.58,135
3340,10:14:08,$ 3701.58,100
3341,10:14:05,$ 3701.9298,100
3342,10:14:03,$ 3700.80,100
3343,10:13:53,$ 3700.96,200
3344,10:13:53,$ 3699.71,100
3345,10:13:53,$ 3699.98,100
3347,10:13:53,$ 3700.00,100
3348,10:13:53,$ 3699.65,100
3349,10:13:53,$ 3699.97,100
3350,10:13:51,$ 3699.43,100
3351,10:13:50,$ 3697.99,100
3352,10:13:50,$ 3697.99,100
3353,10:13:50,$ 3697.995,100
3354,10:13:50,$ 3697.99,100
3355,10:13:50,$ 3697.9965,100
3356,10:13:50,$ 3697.60,100
3357,10:13:50,$ 3697.96,100
3358,10:13:42,$ 3697.7412,164
3359,10:13:42,$ 3697.82,100
3360,10:13:42,$ 3697.96,100
3361,10:13:40,$ 3696.275,100
3362,10:13:39,$ 3697.00,500
3363,10:13:37,$ 3697.06,100
3364,10:13:34,$ 3696.5646,250
3365,10:13:32,$ 3696.5347,100
3366,10:13:28,$ 3696.63,200
3368,10:13:28,$ 3696.4938,200
3369,10:13:28,$ 3696.49,100
3370,10:13:28,$ 3696.69,100
3371,10:13:28,$ 3696.667,200
3372,10:13:21,$ 3697.26,300
3373,10:13:18,$ 3696.04,100
3374,10:13:18,$ 3696.51,100
3375,10:13:17,$ 3697.03,100
3376,10:13:17,$ 3697.01,100
3377,10:13:17,$ 3697.03,100
3378,10:13:17,$ 3697.0035,100
3379,10:13:17,$ 3697.13,100
3380,10:13:14,$ 3697.3851,500
3381,10:13:14,$ 3697.66,100
3382,10:13:07,$ 3696.44,500
3383,10:12:52,$ 3696.72,100
3384,10:12:50,$ 3695.04,100
3385,10:12:48,$ 3696.81,100
3386,10:12:48,$ 3695.91,100
3387,10:12:48,$ 3695.91,100
3389,10:12:48,$ 3696.623,100
3390,10:12:48,$ 3696.79,100
3391,10:12:47,$ 3696.80,360
3392,10:12:47,$ 3695.01,300
3393,10:12:47,$ 3696.80,100
3394,10:12:47,$ 3696.45,100
3395,10:12:47,$ 3696.8073,130
3396,10:12:47,$ 3696.8065,100
3397,10:12:47,$ 3696.41,100
3398,10:12:45,$ 3696.0407,100
3399,10:12:43,$ 3695.11,100
3400,10:12:43,$ 3695.00,100
3401,10:12:43,$ 3695.36,200
3402,10:12:41,$ 3695.0001,200
3403,10:12:35,$ 3694.8594,150
3404,10:12:34,$ 3695.8799,200
3405,10:12:34,$ 3695.86,100
3406,10:12:30,$ 3694.50,610
3407,10:12:30,$ 3694.05,100
3408,10:12:26,$ 3695.47,167
3410,10:12:25,$ 3695.98,134
3411,10:12:25,$ 3695.98,102
3412,10:12:18,$ 3697.00,100
3413,10:12:16,$ 3697.00,325
3414,10:12:15,$ 3697.8689,200
3415,10:12:14,$ 3696.68,"1,000"
3416,10:12:10,$ 3697.20,100
3417,10:12:09,$ 3697.20,100
3418,10:12:09,$ 3697.20,270
3419,10:12:09,$ 3696.65,200
3420,10:12:09,$ 3697.20,100
3421,10:12:09,$ 3695.925,200
3422,10:12:09,$ 3696.92,100
3423,10:12:07,$ 3695.50,200
3424,10:12:04,$ 3696.69,100
3425,10:12:04,$ 3696.80,200
3426,10:12:04,$ 3696.32,200
3427,10:12:04,$ 3696.80,200
3428,10:12:04,$ 3697.23,100
3429,10:12:04,$ 3696.4532,122
3431,10:12:01,$ 3695.68,106
3432,10:12:01,$ 3696.18,100
3433,10:11:59,$ 3696.09,100
3434,10:11:57,$ 3696.09,100
3435,10:11:42,$ 3698.1901,100
3436,10:11:42,$ 3698.19,100
3437,10:11:42,$ 3698.1901,100
3438,10:11:42,$ 3698.19,100
3439,10:11:42,$ 3698.68,100
3440,10:11:42,$ 3699.52,100
3441,10:11:42,$ 3699.00,100
3442,10:11:40,$ 3700.01,100
3443,10:11:37,$ 3700.59,100
3444,10:11:37,$ 3700.59,100
3445,10:11:28,$ 3700.3018,200
3446,10:11:25,$ 3700.695,100
3447,10:11:23,$ 3700.27,100
3448,10:11:23,$ 3700.32,100
3449,10:11:17,$ 3701.20,100
3450,10:11:17,$ 3701.20,100
3452,10:11:17,$ 3701.20,100
3453,10:11:17,$ 3701.20,100
3454,10:11:13,$ 3704.26,100
3455,10:11:11,$ 3701.81,100
3456,10:11:11,$ 3701.56,200
3457,10:11:11,$ 3701.03,100
3458,10:11:11,$ 3701.03,100
3459,10:11:09,$ 3701.40,100
3460,10:11:09,$ 3700.10,100
3461,10:11:09,$ 3701.40,114
3462,10:11:06,$ 3701.59,100
3463,10:11:06,$ 3701.40,134
3464,10:11:05,$ 3701.60,100
3465,10:11:00,$ 3702.87,100
3466,10:10:51,$ 3703.005,100
3467,10:10:51,$ 3704.06,400
3468,10:10:44,$ 3704.15,100
3469,10:10:44,$ 3704.10,100
3470,10:10:34,$ 3705.845,100
3471,10:10:34,$ 3704.06,100
3473,10:10:34,$ 3704.08,100
3474,10:10:34,$ 3704.06,100
3475,10:10:34,$ 3704.566,100
3476,10:10:33,$ 3705.6306,139
3477,10:10:32,$ 3704.04,100
3478,10:10:32,$ 3704.73,200
3479,10:10:29,$ 3702.47,200
3480,10:10:25,$ 3703.10,150
3481,10:10:24,$ 3703.95,100
3482,10:10:23,$ 3702.10,100
3483,10:10:23,$ 3702.10,100
3484,10:10:23,$ 3703.30,100
3485,10:10:23,$ 3702.93,100
3486,10:10:23,$ 3705.50,100
3487,10:10:23,$ 3705.50,106
3488,10:10:23,$ 3705.01,213
3489,10:10:23,$ 3705.01,144
3490,10:10:20,$ 3705.00,100
3491,10:10:19,$ 3707.00,100
3492,10:10:19,$ 3707.00,100
3494,10:10:19,$ 3707.00,100
3495,10:10:19,$ 3707.00,100
3496,10:10:19,$ 3707.00,100
3497,10:10:19,$ 3707.00,100
3498,10:10:18,$ 3708.77,100
3499,10:10:18,$ 3709.17,100
3500,10:10:18,$ 3709.16,314
3501,10:10:12,$ 3708.94,100
3502,10:10:09,$ 3711.00,100
3503,10:09:58,$ 3712.08,100
3504,10:09:53,$ 3708.93,100
3505,10:09:46,$ 3707.62,100
3506,10:09:45,$ 3707.01,100
3507,10:09:45,$ 3707.00,100
3508,10:09:44,$ 3707.00,100
3509,10:09:44,$ 3707.00,100
3510,10:09:41,$ 3708.135,100
3511,10:09:41,$ 3710.00,100
3512,10:09:41,$ 3709.96,100
3513,10:09:39,$ 3711.05,100
3515,10:09:34,$ 3710.385,100
3516,10:09:33,$ 3710.365,100
3517,10:09:33,$ 3710.38,100
3518,10:09:33,$ 3710.38,100
3519,10:09:33,$ 3710.385,100
3520,10:09:27,$ 3711.59,100
3521,10:09:26,$ 3711.856,100
3522,10:09:22,$ 3711.30,150
3523,10:09:18,$ 3709.2201,400
3524,10:09:18,$ 3710.00,104
3525,10:09:18,$ 3710.00,128
3526,10:09:12,$ 3708.15,150
3527,10:09:08,$ 3708.93,100
3528,10:09:03,$ 3708.97,100
3529,10:09:03,$ 3708.645,100
3530,10:09:02,$ 3708.12,100
3531,10:09:00,$ 3708.64,100
3532,10:08:59,$ 3708.93,100
3533,10:08:59,$ 3709.35,100
3534,10:08:53,$ 3709.97,100
3536,10:08:53,$ 3709.74,200
3537,10:08:52,$ 3709.34,150
3538,10:08:49,$ 3709.8299,100
3539,10:08:49,$ 3709.99,113
3540,10:08:44,$ 3708.00,200
3541,10:08:44,$ 3707.90,100
3542,10:08:35,$ 3707.00,282
3543,10:08:35,$ 3706.34,100
3544,10:08:30,$ 3705.85,109
3545,10:08:28,$ 3705.00,100
3546,10:08:24,$ 3704.975,200
3547,10:08:15,$ 3704.52,100
3548,10:08:15,$ 3704.52,100
3549,10:08:15,$ 3704.52,100
3550,10:08:13,$ 3704.8696,200
3551,10:08:10,$ 3705.03,100
3552,10:08:10,$ 3705.00,100
3553,10:08:10,$ 3705.00,100
3554,10:08:07,$ 3705.6557,200
3555,10:08:04,$ 3704.975,150
3557,10:08:01,$ 3704.66,100
3558,10:07:59,$ 3705.405,100
3559,10:07:59,$ 3705.40,100
3560,10:07:57,$ 3705.9999,969
3561,10:07:56,$ 3705.63,100
3562,10:07:56,$ 3705.64,100
3563,10:07:53,$ 3705.2857,250
3564,10:07:51,$ 3704.1601,100
3565,10:07:41,$ 3704.12,150
3566,10:07:23,$ 3703.76,100
3567,10:07:23,$ 3702.54,150
3568,10:07:22,$ 3702.585,100
3569,10:07:22,$ 3702.62,100
3570,10:07:22,$ 3703.022,100
3571,10:07:22,$ 3703.10,100
3572,10:07:22,$ 3703.10,100
3573,10:07:22,$ 3704.612,100
3574,10:07:22,$ 3704.60,100
3575,10:07:22,$ 3704.61,100
3576,10:07:22,$ 3704.62,100
3578,10:07:22,$ 3704.70,100
3579,10:07:12,$ 3704.2131,109
3580,10:07:12,$ 3704.2131,241
3581,10:07:11,$ 3704.475,100
3582,10:07:11,$ 3704.475,100
3583,10:07:07,$ 3703.9892,200
3584,10:07:06,$ 3703.96,100
3585,10:07:02,$ 3702.12,210
3586,10:07:02,$ 3702.27,100
3587,10:07:01,$ 3702.155,100
3588,10:07:00,$ 3702.13,100
3589,10:06:59,$ 3702.76,100
3590,10:06:59,$ 3702.09,100
3591,10:06:58,$ 3701.70,100
3592,10:06:55,$ 3701.05,100
3593,10:06:44,$ 3699.93,100
3594,10:06:44,$ 3700.245,100
3595,10:06:39,$ 3699.595,100
3596,10:06:38,$ 3699.5459,205
3597,10:06:33,$ 3700.03,100
3599,10:06:33,$ 3700.00,100
3600,10:06:33,$ 3700.00,100
3601,10:06:30,$ 3699.94,100
3602,10:06:30,$ 3700.63,100
3603,10:06:29,$ 3699.715,125
3604,10:06:28,$ 3700.00,100
3605,10:06:23,$ 3699.33,100
3606,10:06:22,$ 3699.20,100
3607,10:06:21,$ 3699.97,100
3608,10:06:21,$ 3699.6423,150
3609,10:06:21,$ 3700.00,100
3610,10:06:21,$ 3700.64,100
3611,10:06:18,$ 3700.20,100
3612,10:06:17,$ 3700.29,100
3613,10:06:13,$ 3700.20,364
3614,10:06:13,$ 3701.05,197
3615,10:06:08,$ 3700.975,100
3616,10:06:03,$ 3700.1501,100
3617,10:05:58,$ 3700.89,100
3618,10:05:58,$ 3701.55,100
3620,10:05:50,$ 3703.495,100
3621,10:05:48,$ 3704.412,269
3622,10:05:47,$ 3704.2349,100
3623,10:05:46,$ 3703.92,100
3624,10:05:46,$ 3704.43,100
3625,10:05:41,$ 3703.40,100
3626,10:05:40,$ 3703.8482,100
3627,10:05:37,$ 3704.00,100
3628,10:05:37,$ 3704.02,100
3629,10:05:37,$ 3704.01,100
3630,10:05:37,$ 3704.01,100
3631,10:05:37,$ 3704.02,100
3632,10:05:30,$ 3705.165,500
3633,10:05:27,$ 3703.53,100
3634,10:05:22,$ 3705.5748,137
3635,10:05:17,$ 3704.775,100
3636,10:05:16,$ 3704.94,100
3637,10:05:16,$ 3705.39,100
3638,10:05:16,$ 3705.35,100
3639,10:05:15,$ 3706.115,100
3641,10:05:13,$ 3705.0801,100
3642,10:05:01,$ 3705.3799,600
3643,10:04:59,$ 3703.4291,500
3644,10:04:54,$ 3704.94,100
3645,10:04:52,$ 3705.00,100
3646,10:04:51,$ 3704.08,175
3647,10:04:46,$ 3705.94,100
3648,10:04:46,$ 3706.00,100
3649,10:04:44,$ 3706.49,180
3650,10:04:42,$ 3706.8579,500
3651,10:04:41,$ 3706.22,100
3652,10:04:38,$ 3706.9899,100
3653,10:04:37,$ 3706.275,100
3654,10:04:37,$ 3706.275,100
3655,10:04:37,$ 3706.275,100
3656,10:04:37,$ 3706.7935,250
3657,10:04:29,$ 3706.202,249
3658,10:04:29,$ 3706.33,100
3659,10:04:24,$ 3706.20,300
3660,10:04:14,$ 3704.42,200
3662,10:04:14,$ 3703.9672,300
3663,10:04:13,$ 3703.9967,100
3664,10:04:11,$ 3704.05,100
3665,10:04:07,$ 3701.99,100
3666,10:04:07,$ 3702.00,102
3667,10:04:06,$ 3702.00,100
3668,10:04:05,$ 3701.99,100
3669,10:04:05,$ 3702.00,269
3670,10:04:05,$ 3702.00,139
3671,10:04:04,$ 3701.22,100
3672,10:04:04,$ 3700.6549,100
3673,10:04:03,$ 3700.61,100
3674,10:03:51,$ 3700.00,200
3675,10:03:51,$ 3700.00,100
3676,10:03:51,$ 3700.18,100
3677,10:03:41,$ 3700.00,118
3678,10:03:41,$ 3699.31,107
3679,10:03:39,$ 3699.99,100
3680,10:03:37,$ 3699.305,150
3681,10:03:32,$ 3699.305,100
3683,10:03:24,$ 3700.495,100
3684,10:03:19,$ 3699.44,100
3685,10:03:19,$ 3700.77,100
3686,10:03:16,$ 3700.60,100
3687,10:03:15,$ 3701.2904,"1,000"
3688,10:03:14,$ 3700.09,300
3689,10:03:13,$ 3699.0117,"1,000"
3690,10:03:12,$ 3700.60,100
3691,10:03:12,$ 3700.59,100
3692,10:03:05,$ 3702.775,100
3693,10:03:04,$ 3702.2501,300
3694,10:03:03,$ 3702.91,100
3695,10:03:03,$ 3702.95,108
3696,10:03:03,$ 3702.97,100
3697,10:03:01,$ 3702.62,100
3698,10:03:00,$ 3702.8406,100
3699,10:03:00,$ 3702.385,100
3700,10:02:59,$ 3702.39,117
3701,10:02:53,$ 3702.8843,147
3702,10:02:53,$ 3702.8843,125
3704,10:02:50,$ 3701.00,259
3705,10:02:50,$ 3700.49,100
3706,10:02:50,$ 3700.00,631
3707,10:02:50,$ 3700.00,100
3708,10:02:50,$ 3700.00,100
3709,10:02:50,$ 3700.00,100
3710,10:02:50,$ 3700.00,100
3711,10:02:50,$ 3700.00,100
3712,10:02:50,$ 3700.00,108
3713,10:02:50,$ 3700.00,134
3714,10:02:50,$ 3699.7999,100
3715,10:02:50,$ 3699.80,100
3716,10:02:48,$ 3699.00,227
3717,10:02:48,$ 3699.00,100
3718,10:02:48,$ 3699.00,100
3719,10:02:45,$ 3698.335,200
3720,10:02:40,$ 3698.23,250
3721,10:02:38,$ 3698.005,100
3722,10:02:33,$ 3697.09,125
3723,10:02:20,$ 3696.54,100
3725,10:02:18,$ 3697.235,100
3726,10:02:18,$ 3696.52,200
3727,10:02:10,$ 3696.74,100
3728,10:02:09,$ 3697.20,100
3729,10:02:09,$ 3696.71,380
3730,10:02:08,$ 3695.94,100
3731,10:02:08,$ 3695.84,100
3732,10:02:00,$ 3694.11,100
3733,10:01:56,$ 3695.00,100
3734,10:01:56,$ 3695.00,100
3735,10:01:50,$ 3695.785,100
3736,10:01:49,$ 3696.38,190
3737,10:01:48,$ 3696.425,200
3738,10:01:46,$ 3695.8201,100
3739,10:01:45,$ 3696.46,300
3740,10:01:38,$ 3695.82,100
3741,10:01:38,$ 3695.82,100
3742,10:01:38,$ 3695.82,100
3743,10:01:32,$ 3695.29,100
3744,10:01:30,$ 3696.24,120
3746,10:01:27,$ 3696.7199,100
3747,10:01:23,$ 3695.8656,159
3748,10:01:23,$ 3695.8656,176
3749,10:01:19,$ 3696.43,"1,000"
3750,10:01:17,$ 3696.04,150
3751,10:01:16,$ 3696.64,100
3752,10:01:16,$ 3697.2399,200
3753,10:01:16,$ 3696.05,100
3754,10:01:15,$ 3696.642,102
3755,10:01:15,$ 3696.642,270
3756,10:01:13,$ 3695.60,100
3757,10:01:13,$ 3695.62,100
3758,10:01:13,$ 3695.61,100
3759,10:01:13,$ 3695.451,200
3760,10:01:13,$ 3695.35,100
3761,10:01:13,$ 3695.34,200
3762,10:01:07,$ 3694.81,100
3763,10:01:04,$ 3693.62,100
3764,10:01:01,$ 3692.4301,"1,000"
3765,10:01:01,$ 3693.745,100
3767,10:00:59,$ 3693.44,150
3768,10:00:58,$ 3693.00,100
3769,10:00:58,$ 3692.1069,100
3770,10:00:58,$ 3693.09,100
3771,10:00:57,$ 3694.1784,100
3772,10:00:50,$ 3693.96,100
3773,10:00:49,$ 3693.35,100
3774,10:00:49,$ 3693.37,100
3775,10:00:48,$ 3693.17,100
3776,10:00:48,$ 3693.10,100
3777,10:00:47,$ 3693.0501,"1,000"
3778,10:00:46,$ 3694.4511,100
3779,10:00:45,$ 3694.12,100
3780,10:00:43,$ 3695.825,100
3781,10:00:43,$ 3696.41,198
3782,10:00:41,$ 3697.23,100
3783,10:00:41,$ 3696.825,100
3784,10:00:39,$ 3696.3715,147
3785,10:00:39,$ 3696.3715,103
3786,10:00:34,$ 3696.49,100
3788,10:00:33,$ 3697.40,100
3789,10:00:32,$ 3696.7623,200
3790,10:00:31,$ 3697.23,500
3791,10:00:31,$ 3696.9096,100
3792,10:00:27,$ 3697.5991,141
3793,10:00:27,$ 3697.95,200
3794,10:00:27,$ 3697.95,488
3795,10:00:25,$ 3697.41,100
3796,10:00:23,$ 3697.81,100
3797,10:00:18,$ 3696.6425,100
3798,10:00:16,$ 3695.8218,250
3799,10:00:15,$ 3694.99,100
3800,10:00:15,$ 3694.99,100
3801,10:00:14,$ 3695.00,100
3802,10:00:12,$ 3693.67,100
3803,10:00:12,$ 3694.9999,150
3804,10:00:12,$ 3694.81,156
3805,10:00:11,$ 3694.64,100
3806,10:00:11,$ 3694.33,100
3807,10:00:11,$ 3694.00,100
3809,10:00:11,$ 3693.99,100
3810,10:00:11,$ 3693.97,100
3811,10:00:11,$ 3693.93,101
3812,10:00:11,$ 3694.00,100
3813,10:00:11,$ 3693.92,100
3814,10:00:11,$ 3693.84,100
3815,10:00:11,$ 3693.20,196
3816,10:00:11,$ 3693.20,100
3817,10:00:11,$ 3693.00,100
3818,10:00:11,$ 3693.00,100
3819,10:00:11,$ 3692.99,100
3820,10:00:11,$ 3692.88,100
3821,10:00:11,$ 3692.92,100
3822,10:00:11,$ 3692.75,100
3823,10:00:11,$ 3692.24,100
3824,10:00:11,$ 3691.87,100
3825,10:00:11,$ 3691.13,100
3826,10:00:11,$ 3691.49,100
3827,10:00:11,$ 3690.49,100
3828,10:00:11,$ 3690.02,100
3830,10:00:10,$ 3690.31,100
3831,10:00:10,$ 3690.31,100
3832,10:00:10,$ 3690.133,100
3833,10:00:10,$ 3690.31,100
3834,10:00:09,$ 3690.31,100
3835,10:00:09,$ 3690.31,100
3836,10:00:09,$ 3690.31,100
3837,10:00:09,$ 3690.31,100
3838,10:00:09,$ 3689.67,100
3840,10:59:54,$ 3689.99,100
3841,10:59:22,$ 3690.08,100
3842,10:59:13,$ 3689.635,100
3843,10:59:05,$ 3691.62,100
3844,10:58:51,$ 3693.02,100
3845,10:58:40,$ 3693.185,100
3846,10:58:35,$ 3693.00,150
3847,10:58:35,$ 3693.18,400
3848,10:58:35,$ 3693.22,100
3849,10:58:20,$ 3694.56,100
3850,10:58:18,$ 3694.65,100
3851,10:58:12,$ 3694.91,100
3852,10:57:28,$ 3694.6101,100
3853,10:57:13,$ 3694.39,100
3854,10:57:12,$ 3693.42,100
3855,10:57:07,$ 3694.00,100
3856,10:56:45,$ 3692.785,100
3857,10:56:01,$ 3690.49,100
3858,10:56:00,$ 3690.43,100
3859,10:55:26,$ 3690.50,100
3861,10:55:22,$ 3691.13,100
3862,10:55:22,$ 3690.42,100
3863,10:55:10,$ 3688.35,200
3864,10:55:00,$ 3688.00,100
3865,10:55:00,$ 3688.01,100
3866,10:54:32,$ 3690.05,100
3867,10:54:32,$ 3690.00,500
3868,10:54:28,$ 3690.82,100
3869,10:53:42,$ 3690.6101,170
3870,10:53:39,$ 3692.41,100
3871,10:53:29,$ 3691.59,100
3872,10:53:28,$ 3692.33,383
3873,10:53:28,$ 3692.60,100
3874,10:53:28,$ 3693.225,100
3875,10:53:27,$ 3692.5772,300
3876,10:53:20,$ 3693.09,100
3877,10:53:08,$ 3692.63,400
3878,10:52:58,$ 3692.62,100
3879,10:52:51,$ 3691.96,100
3880,10:52:31,$ 3690.60,100
3882,10:52:29,$ 3690.71,100
3883,10:52:02,$ 3689.305,300
3884,10:52:02,$ 3690.143,200
3885,10:52:02,$ 3690.33,100
3886,10:52:01,$ 3690.31,100
3887,10:52:01,$ 3690.31,100
3888,10:52:01,$ 3690.31,100
3889,10:52:01,$ 3690.32,100
3890,10:52:01,$ 3690.31,100
3891,10:52:01,$ 3690.3262,300
3892,10:52:01,$ 3690.33,100
3893,10:51:39,$ 3690.40,100
3894,10:51:36,$ 3690.92,100
3895,10:51:36,$ 3690.86,100
3896,10:51:36,$ 3690.79,110
3897,10:51:36,$ 3690.79,100
3898,10:51:32,$ 3691.395,150
3899,10:51:26,$ 3691.46,100
3900,10:51:26,$ 3691.65,100
3901,10:51:26,$ 3691.46,200
3903,10:51:23,$ 3690.00,100
3904,10:51:20,$ 3690.60,100
3905,10:51:05,$ 3689.8434,487
3906,10:51:05,$ 3689.00,"2,000"
3907,10:51:04,$ 3689.00,190
3908,10:51:03,$ 3689.095,100
3909,10:51:02,$ 3689.0739,175
3910,10:51:02,$ 3688.32,100
3911,10:51:02,$ 3688.40,100
3912,10:50:51,$ 3686.863,100
3913,10:50:51,$ 3686.16,100
3914,10:50:49,$ 3687.1429,100
