,NLS Time (ET),NLS Price,NLS Share Volume
1,09:59:58,$ 3439.73,100
2,09:59:55,$ 3440.97,100
3,09:59:45,$ 3439.96,100
4,09:59:45,$ 3440.46,100
5,09:59:44,$ 3440.00,124
6,09:59:39,$ 3440.61,100
7,09:59:21,$ 3440.93,100
8,09:59:21,$ 3440.425,100
9,09:59:21,$ 3440.93,100
10,09:59:21,$ 3440.93,100
11,09:59:21,$ 3440.93,100
12,09:59:21,$ 3440.925,100
13,09:59:21,$ 3440.93,100
14,09:59:17,$ 3439.87,100
15,09:59:17,$ 3439.99,100
16,09:59:10,$ 3439.75,100
17,09:59:10,$ 3439.815,100
18,09:59:10,$ 3439.72,100
19,09:58:58,$ 3438.979,110
20,09:58:38,$ 3439.05,100
22,09:58:11,$ 3440.00,100
23,09:58:11,$ 3440.29,100
24,09:58:10,$ 3440.65,300
25,09:58:07,$ 3440.93,100
26,09:58:07,$ 3440.91,100
27,09:57:36,$ 3440.2741,500
28,09:57:29,$ 3441.62,100
29,09:57:23,$ 3441.75,100
30,09:57:12,$ 3441.075,200
31,09:57:08,$ 3440.53,100
32,09:57:07,$ 3440.98,100
33,09:57:03,$ 3441.65,100
34,09:57:02,$ 3442.22,100
35,09:57:02,$ 3442.20,100
36,09:57:02,$ 3442.21,100
37,09:56:55,$ 3442.28,100
38,09:56:52,$ 3440.88,100
39,09:56:52,$ 3441.41,100
40,09:56:52,$ 3440.3491,100
41,09:56:40,$ 3441.75,100
43,09:56:36,$ 3441.14,100
44,09:56:25,$ 3439.765,100
45,09:56:25,$ 3439.83,100
46,09:56:17,$ 3440.24,100
47,09:56:17,$ 3439.64,100
48,09:56:17,$ 3439.72,250
49,09:56:12,$ 3439.10,100
50,09:56:07,$ 3439.14,100
51,09:56:05,$ 3439.4426,100
52,09:55:55,$ 3439.175,100
53,09:55:53,$ 3439.5804,100
54,09:55:47,$ 3440.41,500
55,09:55:47,$ 3440.1199,100
56,09:55:46,$ 3439.50,100
57,09:55:46,$ 3439.4795,290
58,09:55:46,$ 3439.25,100
59,09:55:46,$ 3438.955,100
60,09:55:45,$ 3438.99,100
61,09:55:43,$ 3438.025,100
62,09:55:43,$ 3438.045,100
64,09:55:43,$ 3438.075,100
65,09:55:31,$ 3437.8806,100
66,09:55:27,$ 3438.2399,300
67,09:55:22,$ 3437.825,100
68,09:55:16,$ 3436.50,100
69,09:55:13,$ 3436.64,100
70,09:55:09,$ 3435.75,100
71,09:55:06,$ 3435.2736,145
72,09:55:01,$ 3434.61,100
73,09:55:01,$ 3434.63,100
74,09:55:01,$ 3434.65,100
75,09:54:58,$ 3434.62,100
76,09:54:53,$ 3433.965,100
77,09:54:53,$ 3434.56,100
78,09:54:49,$ 3433.75,100
79,09:54:49,$ 3433.75,100
80,09:54:48,$ 3433.25,100
81,09:54:37,$ 3435.46,100
82,09:54:37,$ 3435.04,336
83,09:54:37,$ 3435.43,100
85,09:54:37,$ 3435.12,100
86,09:54:37,$ 3435.04,164
87,09:54:34,$ 3436.27,100
88,09:54:33,$ 3436.18,100
89,09:54:33,$ 3435.40,100
90,09:54:33,$ 3435.75,100
91,09:54:33,$ 3435.76,100
92,09:54:22,$ 3435.88,900
93,09:54:22,$ 3435.88,100
94,09:54:17,$ 3436.18,100
95,09:54:15,$ 3436.1801,100
96,09:54:11,$ 3437.27,100
97,09:54:05,$ 3436.97,100
98,09:53:54,$ 3437.865,100
99,09:53:54,$ 3437.65,100
100,09:53:51,$ 3437.385,100
101,09:53:44,$ 3438.195,100
102,09:53:38,$ 3437.96,100
103,09:53:36,$ 3437.89,100
104,09:53:36,$ 3437.17,100
106,09:53:32,$ 3437.175,100
107,09:53:32,$ 3437.84,100
108,09:53:32,$ 3437.20,100
109,09:53:23,$ 3438.00,100
110,09:53:22,$ 3438.7521,100
111,09:53:11,$ 3438.731,100
112,09:53:11,$ 3438.86,100
113,09:53:11,$ 3438.15,100
114,09:53:11,$ 3438.15,100
115,09:53:10,$ 3438.93,100
116,09:53:10,$ 3438.52,100
117,09:53:10,$ 3438.45,100
118,09:53:10,$ 3438.61,100
119,09:53:10,$ 3438.44,100
120,09:53:10,$ 3438.99,100
121,09:53:10,$ 3438.99,100
122,09:53:09,$ 3438.30,100
123,09:53:06,$ 3438.72,100
124,09:53:03,$ 3440.26,100
125,09:53:02,$ 3440.2701,100
127,09:53:02,$ 3441.01,100
128,09:52:56,$ 3441.8776,100
129,09:52:56,$ 3441.39,100
130,09:52:54,$ 3441.40,100
131,09:52:47,$ 3441.70,100
132,09:52:36,$ 3442.725,100
133,09:52:33,$ 3442.49,100
134,09:52:33,$ 3443.00,145
135,09:52:29,$ 3443.63,100
136,09:52:10,$ 3444.78,100
137,09:52:10,$ 3444.75,124
138,09:52:02,$ 3445.2235,200
139,09:51:59,$ 3445.985,100
140,09:51:53,$ 3445.70,100
141,09:51:53,$ 3446.3324,140
142,09:51:53,$ 3445.74,100
143,09:51:53,$ 3445.75,100
144,09:51:51,$ 3446.01,100
145,09:51:47,$ 3446.71,100
146,09:51:47,$ 3446.24,100
148,09:51:47,$ 3446.24,100
149,09:51:47,$ 3446.33,100
150,09:51:47,$ 3446.62,100
151,09:51:47,$ 3446.70,100
152,09:51:47,$ 3446.92,100
153,09:51:47,$ 3446.49,100
154,09:51:47,$ 3446.22,100
155,09:51:41,$ 3446.05,100
156,09:51:40,$ 3446.34,100
157,09:51:40,$ 3446.34,100
158,09:51:40,$ 3446.34,100
159,09:51:40,$ 3446.34,100
160,09:51:40,$ 3445.93,100
161,09:51:40,$ 3445.37,100
162,09:51:40,$ 3445.37,100
163,09:51:38,$ 3445.455,100
164,09:51:30,$ 3445.39,100
165,09:51:30,$ 3445.29,100
166,09:51:30,$ 3445.29,100
167,09:51:30,$ 3445.29,100
169,09:51:30,$ 3445.29,100
170,09:51:30,$ 3444.25,100
171,09:51:30,$ 3444.27,100
172,09:51:30,$ 3444.28,100
173,09:51:29,$ 3444.00,100
174,09:51:29,$ 3442.76,100
175,09:51:29,$ 3442.65,100
176,09:51:29,$ 3442.66,100
177,09:51:29,$ 3442.74,153
178,09:51:27,$ 3442.58,100
179,09:51:27,$ 3442.06,100
180,09:51:27,$ 3442.63,100
181,09:51:27,$ 3442.06,100
182,09:51:24,$ 3442.82,100
183,09:51:24,$ 3443.00,100
184,09:51:23,$ 3443.1278,163
185,09:51:22,$ 3443.56,100
186,09:51:20,$ 3443.042,119
187,09:51:17,$ 3444.89,100
188,09:51:13,$ 3445.23,800
190,09:51:13,$ 3445.23,400
191,09:51:13,$ 3445.48,200
192,09:51:13,$ 3444.99,100
193,09:51:13,$ 3445.05,100
194,09:51:13,$ 3445.09,100
195,09:51:13,$ 3445.06,100
196,09:51:13,$ 3445.48,100
197,09:51:13,$ 3445.49,100
198,09:51:13,$ 3446.28,200
199,09:51:13,$ 3446.35,100
200,09:51:13,$ 3446.33,100
201,09:51:13,$ 3446.28,100
202,09:51:13,$ 3446.34,100
203,09:51:13,$ 3446.34,100
204,09:51:13,$ 3446.33,100
205,09:51:13,$ 3447.13,100
206,09:51:12,$ 3448.00,100
207,09:51:12,$ 3448.33,250
208,09:51:12,$ 3448.83,100
209,09:51:12,$ 3448.96,100
211,09:51:12,$ 3448.93,111
212,09:51:12,$ 3452.39,100
213,09:50:57,$ 3453.15,188
214,09:50:57,$ 3453.15,100
215,09:50:57,$ 3453.14,100
216,09:50:57,$ 3453.15,126
217,09:50:47,$ 3453.89,100
218,09:50:27,$ 3452.62,100
219,09:50:22,$ 3454.25,100
220,09:50:14,$ 3454.50,100
221,09:50:14,$ 3455.05,100
222,09:50:09,$ 3456.05,100
223,09:50:09,$ 3456.04,100
224,09:50:09,$ 3456.14,100
225,09:50:03,$ 3456.19,100
226,09:49:46,$ 3454.575,100
227,09:49:33,$ 3454.22,100
228,09:49:33,$ 3453.70,100
229,09:49:29,$ 3453.285,250
230,09:49:26,$ 3452.5901,400
232,09:49:05,$ 3452.005,200
233,09:49:05,$ 3452.0967,100
234,09:48:57,$ 3452.8899,200
235,09:48:56,$ 3452.98,100
236,09:48:56,$ 3452.91,100
237,09:48:56,$ 3452.75,100
238,09:48:56,$ 3452.67,100
239,09:48:56,$ 3452.59,100
240,09:48:47,$ 3453.00,100
241,09:48:46,$ 3452.96,100
242,09:48:37,$ 3453.34,100
243,09:47:34,$ 3451.435,100
244,09:47:34,$ 3451.10,600
245,09:47:34,$ 3451.79,100
246,09:47:33,$ 3452.085,100
247,09:47:31,$ 3452.6746,100
248,09:47:25,$ 3452.36,100
249,09:47:21,$ 3452.15,100
250,09:46:38,$ 3450.79,100
251,09:46:38,$ 3451.04,100
253,09:46:38,$ 3451.06,100
254,09:46:33,$ 3451.535,100
255,09:46:22,$ 3451.805,100
256,09:46:19,$ 3452.395,100
257,09:46:02,$ 3452.28,100
258,09:45:58,$ 3452.4052,400
259,09:45:55,$ 3452.005,100
260,09:45:53,$ 3452.21,400
261,09:45:52,$ 3452.22,100
262,09:45:52,$ 3452.00,100
263,09:45:36,$ 3451.44,200
264,09:45:31,$ 3451.82,100
265,09:45:31,$ 3451.29,100
266,09:45:27,$ 3451.88,140
267,09:45:18,$ 3452.50,100
268,09:45:18,$ 3451.675,140
269,09:45:16,$ 3451.48,100
270,09:45:16,$ 3451.72,100
271,09:45:12,$ 3451.30,100
272,09:45:06,$ 3450.77,100
274,09:45:03,$ 3450.21,100
275,09:44:40,$ 3450.20,100
276,09:44:40,$ 3449.55,100
277,09:44:15,$ 3448.74,100
278,09:44:12,$ 3448.23,300
279,09:44:09,$ 3448.76,100
280,09:44:09,$ 3448.76,100
281,09:44:09,$ 3449.06,100
282,09:44:06,$ 3448.01,100
283,09:44:03,$ 3449.00,183
284,09:44:03,$ 3449.02,100
285,09:43:50,$ 3449.03,240
286,09:43:34,$ 3449.67,100
287,09:43:34,$ 3449.66,100
288,09:43:27,$ 3449.69,100
289,09:43:25,$ 3449.67,100
290,09:43:22,$ 3449.50,147
291,09:43:22,$ 3449.60,100
292,09:43:09,$ 3449.68,500
293,09:43:08,$ 3450.00,100
295,09:43:08,$ 3450.00,188
296,09:43:08,$ 3450.00,100
297,09:43:08,$ 3450.00,100
298,09:43:08,$ 3450.00,100
299,09:43:08,$ 3449.98,100
300,09:43:07,$ 3449.83,100
301,09:43:07,$ 3449.67,100
302,09:43:07,$ 3449.67,100
303,09:43:07,$ 3449.63,100
304,09:43:06,$ 3449.66,100
305,09:42:58,$ 3449.7727,100
306,09:42:57,$ 3449.7767,100
307,09:42:54,$ 3449.39,100
308,09:42:54,$ 3450.00,100
309,09:42:50,$ 3451.32,100
310,09:42:50,$ 3451.31,100
311,09:42:31,$ 3451.43,167
312,09:42:25,$ 3452.75,200
313,09:42:25,$ 3452.75,177
314,09:42:25,$ 3452.75,222
316,09:42:25,$ 3452.59,267
317,09:42:05,$ 3452.175,100
318,09:42:00,$ 3452.02,100
319,09:41:55,$ 3452.00,117
320,09:41:42,$ 3451.075,100
321,09:41:42,$ 3451.2921,140
322,09:41:41,$ 3451.25,101
323,09:41:41,$ 3451.4312,289
324,09:41:36,$ 3451.00,100
325,09:41:36,$ 3451.41,100
326,09:41:28,$ 3452.11,100
327,09:41:24,$ 3452.6621,140
328,09:41:19,$ 3454.0468,200
329,09:41:17,$ 3453.99,100
330,09:40:59,$ 3455.3647,150
331,09:40:57,$ 3455.86,100
332,09:40:49,$ 3456.52,100
333,09:40:43,$ 3457.29,100
334,09:40:42,$ 3456.79,100
335,09:40:42,$ 3456.79,100
337,09:40:39,$ 3457.03,100
338,09:40:33,$ 3455.015,100
339,09:40:27,$ 3454.41,100
340,09:40:27,$ 3454.36,100
341,09:40:01,$ 3455.33,100
342,09:39:53,$ 3454.00,100
343,09:39:49,$ 3454.79,100
344,09:39:48,$ 3455.6386,112
345,09:39:47,$ 3455.095,100
346,09:39:33,$ 3454.34,100
347,09:39:19,$ 3454.60,100
348,09:39:12,$ 3454.41,100
349,09:39:12,$ 3453.75,100
350,09:39:03,$ 3454.15,100
351,09:39:03,$ 3454.81,100
352,09:39:03,$ 3454.71,100
353,09:38:56,$ 3454.91,310
354,09:38:31,$ 3454.716,"1,000"
355,09:38:31,$ 3455.01,100
356,09:38:31,$ 3454.61,200
358,09:38:31,$ 3454.97,100
359,09:38:31,$ 3454.69,100
360,09:38:31,$ 3454.97,110
361,09:38:31,$ 3454.959,200
362,09:38:31,$ 3454.969,100
363,09:38:26,$ 3454.925,100
364,09:38:22,$ 3455.2675,400
365,09:38:05,$ 3453.44,100
366,09:38:02,$ 3452.29,100
367,09:37:56,$ 3451.39,100
368,09:37:56,$ 3451.75,100
369,09:37:47,$ 3451.005,100
370,09:37:46,$ 3451.75,132
371,09:37:46,$ 3451.98,100
372,09:37:45,$ 3451.75,100
373,09:37:45,$ 3451.75,100
374,09:37:45,$ 3451.75,100
375,09:37:36,$ 3453.48,100
376,09:37:36,$ 3453.48,100
377,09:37:36,$ 3453.76,100
379,09:37:36,$ 3453.76,100
380,09:37:34,$ 3453.95,100
381,09:37:34,$ 3453.94,100
382,09:37:33,$ 3453.88,100
383,09:37:33,$ 3453.87,100
384,09:37:31,$ 3453.94,100
385,09:37:31,$ 3453.93,100
386,09:37:24,$ 3454.46,137
387,09:37:24,$ 3454.83,100
388,09:37:18,$ 3455.00,100
389,09:37:02,$ 3454.21,100
390,09:37:02,$ 3454.15,100
391,09:37:01,$ 3453.71,100
392,09:37:01,$ 3453.75,100
393,09:36:53,$ 3454.01,100
394,09:36:46,$ 3454.93,101
395,09:36:31,$ 3456.005,500
396,09:36:30,$ 3455.96,100
397,09:36:26,$ 3457.0549,100
398,09:36:24,$ 3457.47,100
400,09:36:15,$ 3456.865,100
401,09:36:15,$ 3456.865,300
402,09:36:02,$ 3456.4159,200
403,09:35:52,$ 3455.99,100
404,09:35:45,$ 3455.745,100
405,09:35:43,$ 3456.04,100
406,09:35:39,$ 3456.015,100
407,09:35:39,$ 3455.515,109
408,09:35:35,$ 3455.11,100
409,09:35:28,$ 3457.1406,200
410,09:35:23,$ 3456.4113,100
411,09:35:19,$ 3455.4892,859
412,09:35:13,$ 3455.56,100
413,09:35:10,$ 3455.55,100
414,09:35:10,$ 3455.55,100
415,09:35:10,$ 3455.87,100
416,09:35:09,$ 3455.31,100
417,09:35:04,$ 3456.34,100
418,09:35:04,$ 3456.56,120
419,09:34:59,$ 3455.47,100
421,09:34:55,$ 3455.94,100
422,09:34:55,$ 3455.695,100
423,09:34:55,$ 3456.998,100
424,09:34:55,$ 3456.74,100
425,09:34:55,$ 3456.995,100
426,09:34:55,$ 3457.00,100
427,09:34:55,$ 3456.89,100
428,09:34:55,$ 3456.48,100
429,09:34:55,$ 3456.48,200
430,09:34:55,$ 3455.94,100
431,09:34:45,$ 3455.8501,200
432,09:34:45,$ 3456.43,100
433,09:34:45,$ 3456.31,100
434,09:34:45,$ 3456.00,100
435,09:34:43,$ 3457.68,100
436,09:34:38,$ 3457.725,400
437,09:34:20,$ 3460.243,100
438,09:34:16,$ 3459.38,100
439,09:34:12,$ 3457.8791,877
440,09:34:09,$ 3459.45,102
442,09:34:07,$ 3460.85,100
443,09:34:05,$ 3459.27,100
444,09:33:49,$ 3459.79,200
445,09:33:49,$ 3460.778,165
446,09:33:43,$ 3457.685,100
447,09:33:43,$ 3457.37,100
448,09:33:42,$ 3456.7725,877
449,09:33:39,$ 3457.185,100
450,09:33:39,$ 3457.185,100
451,09:33:39,$ 3457.185,100
452,09:33:39,$ 3457.185,100
453,09:33:39,$ 3457.185,100
454,09:33:39,$ 3457.185,100
455,09:33:39,$ 3457.185,100
456,09:33:39,$ 3457.185,100
457,09:33:39,$ 3457.185,100
458,09:33:39,$ 3457.185,100
459,09:33:39,$ 3457.185,100
460,09:33:39,$ 3457.185,100
461,09:33:39,$ 3457.185,100
463,09:33:39,$ 3457.185,100
464,09:33:39,$ 3457.185,100
465,09:33:39,$ 3457.185,100
466,09:33:39,$ 3457.185,100
467,09:33:39,$ 3457.185,100
468,09:33:39,$ 3457.185,160
469,09:33:39,$ 3457.185,100
470,09:33:39,$ 3457.185,100
471,09:33:39,$ 3457.185,100
472,09:33:39,$ 3457.185,200
473,09:33:38,$ 3457.185,100
474,09:33:38,$ 3457.22,100
475,09:33:38,$ 3457.22,100
476,09:33:37,$ 3458.19,100
477,09:33:31,$ 3459.00,100
478,09:33:30,$ 3457.94,100
479,09:33:29,$ 3458.4298,786
480,09:33:23,$ 3458.94,100
481,09:33:22,$ 3458.80,100
482,09:33:16,$ 3458.8425,100
484,09:33:16,$ 3458.8275,100
485,09:33:16,$ 3458.00,100
486,09:33:14,$ 3458.31,100
487,09:33:13,$ 3460.695,100
488,09:33:05,$ 3460.31,100
489,09:32:48,$ 3460.00,124
490,09:32:48,$ 3460.1583,150
491,09:32:44,$ 3461.00,140
492,09:32:42,$ 3460.00,100
493,09:32:31,$ 3458.02,100
494,09:32:31,$ 3458.57,100
495,09:32:30,$ 3460.14,100
496,09:32:26,$ 3460.23,100
497,09:32:22,$ 3460.42,100
498,09:32:20,$ 3459.5001,100
499,09:32:18,$ 3459.845,100
500,09:32:18,$ 3459.845,100
501,09:32:06,$ 3460.69,100
502,09:32:06,$ 3460.69,100
503,09:31:53,$ 3460.24,100
505,09:31:53,$ 3459.69,100
506,09:31:53,$ 3460.40,100
507,09:31:53,$ 3460.40,100
508,09:31:53,$ 3460.40,100
509,09:31:53,$ 3460.40,100
510,09:31:53,$ 3459.25,100
511,09:31:53,$ 3459.10,200
512,09:31:53,$ 3459.45,100
513,09:31:44,$ 3458.50,100
514,09:31:30,$ 3458.725,122
515,09:31:28,$ 3458.73,877
516,09:31:25,$ 3457.76,100
517,09:31:16,$ 3458.985,400
518,09:31:08,$ 3458.53,200
519,09:31:06,$ 3459.2976,877
520,09:31:05,$ 3460.965,100
521,09:31:03,$ 3461.00,100
522,09:31:01,$ 3460.9999,100
523,09:30:54,$ 3457.50,100
524,09:30:54,$ 3456.62,100
526,09:30:52,$ 3457.6942,100
527,09:30:52,$ 3455.40,100
528,09:30:41,$ 3459.77,100
529,09:30:37,$ 3460.45,100
530,09:30:36,$ 3460.5149,200
531,09:30:35,$ 3462.51,500
532,09:30:35,$ 3462.86,"2,000"
533,09:30:35,$ 3461.989,157
534,09:30:35,$ 3461.03,300
535,09:30:35,$ 3461.03,155
536,09:30:35,$ 3460.96,100
537,09:30:35,$ 3460.99,100
538,09:30:35,$ 3459.99,100
539,09:30:35,$ 3459.826,100
540,09:30:35,$ 3459.99,100
541,09:30:35,$ 3460.00,142
542,09:30:35,$ 3460.00,500
543,09:30:35,$ 3460.00,100
544,09:30:35,$ 3460.00,100
545,09:30:35,$ 3459.28,100
547,09:30:34,$ 3457.685,100
548,09:30:34,$ 3458.57,100
549,09:30:31,$ 3458.5904,100
550,09:30:31,$ 3458.59,184
551,09:30:31,$ 3458.60,100
552,09:30:29,$ 3459.295,250
553,09:30:28,$ 3458.59,100
554,09:30:25,$ 3459.6518,100
555,09:30:23,$ 3459.9999,100
556,09:30:22,$ 3455.9701,500
557,09:30:22,$ 3460.00,100
558,09:30:22,$ 3460.00,100
559,09:30:22,$ 3458.88,100
560,09:30:22,$ 3459.00,100
561,09:30:22,$ 3457.75,100
562,09:30:21,$ 3455.00,100
563,09:30:21,$ 3455.00,100
564,09:30:21,$ 3455.00,184
565,09:30:21,$ 3455.00,830
566,09:30:21,$ 3455.65,100
568,09:30:21,$ 3455.00,100
569,09:30:16,$ 3454.00,107
570,09:30:15,$ 3454.7116,500
571,09:30:13,$ 3453.50,100
572,09:30:11,$ 3453.99,100
573,09:30:11,$ 3453.99,100
574,09:30:11,$ 3454.00,236
575,09:30:11,$ 3454.00,300
576,09:30:11,$ 3454.00,150
577,09:30:11,$ 3454.00,152
578,09:30:07,$ 3452.22,100
579,09:30:02,$ 3452.15,2
580,09:30:02,$ 3452.15,1
581,09:30:02,$ 3452.15,1
582,09:30:02,$ 3452.15,2
583,09:30:02,$ 3452.15,1
584,09:30:02,$ 3452.15,3
585,09:30:02,$ 3452.15,3
586,09:30:02,$ 3452.15,3
587,09:30:02,$ 3452.15,2
589,09:30:02,$ 3452.15,8
590,09:30:02,$ 3452.15,1
591,09:30:02,$ 3452.15,1
592,09:30:02,$ 3452.15,2
593,09:30:02,$ 3452.15,3
594,09:30:02,$ 3452.15,14
595,09:30:02,$ 3452.15,7
596,09:30:02,$ 3452.15,1
597,09:30:02,$ 3452.15,3
598,09:30:02,$ 3452.15,1
599,09:30:02,$ 3452.15,2
600,09:30:02,$ 3452.15,1
601,09:30:02,$ 3452.15,1
602,09:30:02,$ 3452.15,2
603,09:30:02,$ 3452.15,1
604,09:30:02,$ 3452.15,10
605,09:30:02,$ 3452.15,7
606,09:30:02,$ 3452.15,2
607,09:30:02,$ 3452.15,6
608,09:30:02,$ 3452.15,2
610,09:30:02,$ 3452.15,14
611,09:30:02,$ 3452.15,1
612,09:30:02,$ 3452.15,1
613,09:30:02,$ 3452.15,1
614,09:30:02,$ 3452.15,1
615,09:30:02,$ 3452.15,1
616,09:30:02,$ 3452.15,1
617,09:30:02,$ 3452.15,15
618,09:30:02,$ 3452.15,1
619,09:30:02,$ 3452.15,2
620,09:30:02,$ 3452.15,2
621,09:30:02,$ 3452.15,2
622,09:30:02,$ 3452.15,3
623,09:30:02,$ 3452.15,1
624,09:30:02,$ 3452.15,4
625,09:30:02,$ 3452.15,2
626,09:30:02,$ 3452.15,1
627,09:30:02,$ 3452.15,5
628,09:30:02,$ 3452.15,1
629,09:30:02,$ 3452.15,7
631,09:30:02,$ 3452.15,111
632,09:30:02,$ 3452.15,5
633,09:30:02,$ 3452.15,6
634,09:30:02,$ 3452.15,2
635,09:30:02,$ 3452.15,10
636,09:30:02,$ 3452.15,10
637,09:30:02,$ 3452.15,5
638,09:30:02,$ 3452.15,1
639,09:30:02,$ 3452.15,5
640,09:30:02,$ 3452.15,1
641,09:30:02,$ 3452.15,30
642,09:30:02,$ 3452.15,3
643,09:30:02,$ 3452.15,1
644,09:30:02,$ 3452.15,2
645,09:30:02,$ 3452.15,1
646,09:30:02,$ 3452.15,8
647,09:30:02,$ 3452.15,20
648,09:30:02,$ 3452.15,1
649,09:30:02,$ 3452.15,5
650,09:30:02,$ 3452.15,5
652,09:30:02,$ 3452.15,1
653,09:30:02,$ 3452.15,4
654,09:30:02,$ 3452.15,1
655,09:30:02,$ 3452.15,1
656,09:30:02,$ 3452.15,1
657,09:30:02,$ 3452.15,3
658,09:30:02,$ 3452.15,22
659,09:30:02,$ 3452.15,1
660,09:30:02,$ 3452.15,3
661,09:30:02,$ 3452.15,2
662,09:30:02,$ 3452.15,10
663,09:30:02,$ 3452.15,1
664,09:30:02,$ 3452.15,1
665,09:30:02,$ 3452.15,1
666,09:30:02,$ 3452.15,1
667,09:30:02,$ 3452.15,1
668,09:30:02,$ 3452.15,1
669,09:30:02,$ 3452.15,1
670,09:30:02,$ 3452.15,1
671,09:30:02,$ 3452.15,1
673,09:30:02,$ 3452.15,1
674,09:30:02,$ 3452.15,1
675,09:30:02,$ 3452.15,1
676,09:30:02,$ 3452.15,1
677,09:30:02,$ 3452.15,1
678,09:30:02,$ 3452.15,1
679,09:30:02,$ 3452.15,1
680,09:30:02,$ 3452.15,1
681,09:30:02,$ 3452.15,1
682,09:30:02,$ 3452.15,1
683,09:30:02,$ 3452.15,1
684,09:30:02,$ 3452.15,6
685,09:30:02,$ 3452.15,1
686,09:30:02,$ 3452.15,1
687,09:30:02,$ 3452.15,1
688,09:30:02,$ 3452.15,1
689,09:30:02,$ 3452.15,1
690,09:30:02,$ 3452.15,1
691,09:30:02,$ 3452.15,1
692,09:30:02,$ 3452.15,1
694,09:30:02,$ 3452.15,1
695,09:30:02,$ 3452.15,1
696,09:30:02,$ 3452.15,1
697,09:30:02,$ 3452.15,1
698,09:30:02,$ 3452.15,1
699,09:30:02,$ 3452.15,1
700,09:30:02,$ 3452.15,1
701,09:30:02,$ 3452.15,1
702,09:30:02,$ 3452.15,1
703,09:30:02,$ 3452.15,1
704,09:30:02,$ 3452.15,1
705,09:30:02,$ 3452.15,1
706,09:30:02,$ 3452.15,1
707,09:30:02,$ 3452.15,1
708,09:30:02,$ 3452.15,1
709,09:30:02,$ 3452.15,1
710,09:30:02,$ 3452.15,1
711,09:30:02,$ 3452.15,1
712,09:30:02,$ 3452.15,1
713,09:30:02,$ 3452.15,1
715,09:30:02,$ 3452.15,1
716,09:30:02,$ 3452.15,1
717,09:30:02,$ 3452.15,1
718,09:30:02,$ 3452.15,1
719,09:30:02,$ 3452.15,1
720,09:30:02,$ 3452.15,1
721,09:30:02,$ 3452.15,1
722,09:30:02,$ 3452.15,1
723,09:30:02,$ 3452.15,1
724,09:30:02,$ 3452.15,1
725,09:30:02,$ 3452.15,1
726,09:30:02,$ 3452.15,1
727,09:30:02,$ 3452.15,1
728,09:30:02,$ 3452.15,1
729,09:30:02,$ 3452.15,1
730,09:30:02,$ 3452.15,1
731,09:30:02,$ 3452.15,1
732,09:30:02,$ 3452.15,1
733,09:30:02,$ 3452.15,1
734,09:30:02,$ 3452.15,1
736,09:30:02,$ 3452.15,1
737,09:30:02,$ 3452.15,1
738,09:30:02,$ 3452.15,1
739,09:30:02,$ 3452.15,1
740,09:30:02,$ 3452.15,1
741,09:30:02,$ 3452.15,1
742,09:30:02,$ 3452.15,1
743,09:30:02,$ 3452.15,1
744,09:30:02,$ 3452.15,1
745,09:30:02,$ 3452.15,1
746,09:30:02,$ 3452.15,2
747,09:30:02,$ 3452.15,3
748,09:30:02,$ 3452.15,1
749,09:30:02,$ 3452.15,2
750,09:30:02,$ 3452.15,6
751,09:30:02,$ 3452.15,3
752,09:30:02,$ 3452.15,2
753,09:30:02,$ 3452.15,1
754,09:30:02,$ 3452.15,3
755,09:30:02,$ 3452.15,2
757,09:30:02,$ 3452.15,10
758,09:30:02,$ 3452.15,2
759,09:30:02,$ 3452.15,5
760,09:30:02,$ 3452.15,2
761,09:30:02,$ 3452.15,1
762,09:30:02,$ 3452.15,2
763,09:30:02,$ 3452.15,6
764,09:30:02,$ 3452.15,1
765,09:30:02,$ 3452.15,17
766,09:30:02,$ 3452.15,5
767,09:30:02,$ 3452.15,3
768,09:30:02,$ 3452.15,30
769,09:30:02,$ 3452.15,2
770,09:30:02,$ 3452.15,1
771,09:30:02,$ 3452.15,4
772,09:30:02,$ 3452.15,2
773,09:30:02,$ 3452.15,10
774,09:30:02,$ 3452.15,1
775,09:30:02,$ 3452.15,2
776,09:30:02,$ 3452.15,2
778,09:30:02,$ 3452.15,1
779,09:30:02,$ 3452.15,1
780,09:30:02,$ 3452.15,14
781,09:30:02,$ 3452.15,3
782,09:30:02,$ 3452.15,3
783,09:30:02,$ 3452.15,2
784,09:30:02,$ 3452.15,3
785,09:30:02,$ 3452.15,1
786,09:30:02,$ 3452.15,18
787,09:30:02,$ 3452.15,3
788,09:30:02,$ 3452.15,1
789,09:30:02,$ 3452.15,1
790,09:30:02,$ 3452.15,14
791,09:30:02,$ 3452.15,1
792,09:30:02,$ 3452.15,2
793,09:30:02,$ 3452.15,2
794,09:30:02,$ 3452.15,3
795,09:30:02,$ 3452.15,1
796,09:30:02,$ 3452.15,1
797,09:30:02,$ 3452.15,2
799,09:30:02,$ 3452.15,4
800,09:30:02,$ 3452.15,2
801,09:30:02,$ 3452.15,1
802,09:30:02,$ 3452.15,1
803,09:30:02,$ 3452.15,1
804,09:30:02,$ 3452.15,1
805,09:30:02,$ 3452.15,1
806,09:30:02,$ 3452.15,1
807,09:30:02,$ 3452.15,1
808,09:30:02,$ 3452.15,1
809,09:30:02,$ 3452.15,1
810,09:30:02,$ 3452.15,1
811,09:30:02,$ 3452.15,1
812,09:30:02,$ 3452.15,1
813,09:30:02,$ 3452.15,1
814,09:30:02,$ 3452.15,1
815,09:30:02,$ 3452.15,1
816,09:30:02,$ 3452.15,1
817,09:30:02,$ 3452.15,1
818,09:30:02,$ 3452.15,1
820,09:30:02,$ 3452.15,1
821,09:30:02,$ 3452.15,1
822,09:30:02,$ 3452.15,1
823,09:30:02,$ 3452.15,1
824,09:30:02,$ 3452.15,1
825,09:30:02,$ 3452.15,1
826,09:30:02,$ 3452.15,1
827,09:30:02,$ 3452.15,1
828,09:30:02,$ 3452.15,1
829,09:30:02,$ 3452.15,1
830,09:30:02,$ 3452.15,1
831,09:30:02,$ 3452.15,1
832,09:30:02,$ 3452.15,1
833,09:30:02,$ 3452.15,1
834,09:30:02,$ 3452.15,1
835,09:30:02,$ 3452.15,1
836,09:30:02,$ 3452.15,1
837,09:30:02,$ 3452.15,1
838,09:30:02,$ 3452.15,1
839,09:30:02,$ 3452.15,1
841,09:30:02,$ 3452.15,1
842,09:30:02,$ 3452.15,1
843,09:30:02,$ 3452.15,1
844,09:30:02,$ 3452.15,3
845,09:30:02,$ 3452.15,1
846,09:30:02,$ 3452.15,1
847,09:30:02,$ 3452.15,1
848,09:30:02,$ 3452.15,1
849,09:30:02,$ 3452.15,1
850,09:30:02,$ 3452.15,1
851,09:30:02,$ 3452.15,1
852,09:30:02,$ 3452.15,1
853,09:30:02,$ 3452.15,1
854,09:30:02,$ 3452.15,1
855,09:30:02,$ 3452.15,1
856,09:30:02,$ 3452.15,1
857,09:30:02,$ 3452.15,1
858,09:30:02,$ 3452.15,1
859,09:30:02,$ 3452.15,1
860,09:30:02,$ 3452.15,1
862,09:30:02,$ 3452.15,1
863,09:30:02,$ 3452.15,1
864,09:30:02,$ 3452.15,1
865,09:30:02,$ 3452.15,1
866,09:30:02,$ 3452.15,14
867,09:30:02,$ 3452.15,1
868,09:30:02,$ 3452.15,5
869,09:30:02,$ 3452.15,1
870,09:30:02,$ 3452.15,1
871,09:30:02,$ 3452.15,1
872,09:30:02,$ 3452.15,6
873,09:30:02,$ 3452.15,1
874,09:30:02,$ 3452.15,1
875,09:30:02,$ 3452.15,18
876,09:30:02,$ 3452.15,1
877,09:30:02,$ 3452.15,1
878,09:30:02,$ 3452.15,17
879,09:30:02,$ 3452.15,2
880,09:30:02,$ 3452.15,2
881,09:30:02,$ 3452.15,2
883,09:30:02,$ 3452.15,70
884,09:30:02,$ 3452.15,17
885,09:30:02,$ 3452.15,2
886,09:30:02,$ 3452.15,2
887,09:30:02,$ 3452.15,1
888,09:30:02,$ 3452.15,2
889,09:30:02,$ 3452.15,15
890,09:30:02,$ 3452.15,1
891,09:30:02,$ 3452.15,1
892,09:30:02,$ 3452.15,1
893,09:30:02,$ 3452.15,1
894,09:30:02,$ 3452.15,1
895,09:30:02,$ 3452.15,1
896,09:30:02,$ 3452.15,1
897,09:30:02,$ 3452.15,5
898,09:30:02,$ 3452.15,2
899,09:30:02,$ 3452.15,4
900,09:30:02,$ 3452.15,25
901,09:30:02,$ 3452.15,1
902,09:30:02,$ 3452.15,18
904,09:30:02,$ 3452.15,1
905,09:30:02,$ 3452.15,1
906,09:30:02,$ 3452.15,3
907,09:30:02,$ 3452.15,1
908,09:30:02,$ 3452.15,1
909,09:30:02,$ 3452.15,1
910,09:30:02,$ 3452.15,153
911,09:30:02,$ 3452.15,1
912,09:30:02,$ 3452.15,1
913,09:30:02,$ 3452.15,2
914,09:30:02,$ 3452.15,1
915,09:30:02,$ 3452.15,1
916,09:30:02,$ 3452.15,1
917,09:30:02,$ 3452.15,32
918,09:30:02,$ 3452.15,5
919,09:30:02,$ 3452.15,5
920,09:30:02,$ 3452.15,1
921,09:30:02,$ 3452.15,2
922,09:30:02,$ 3452.15,28
923,09:30:02,$ 3452.15,5
925,09:30:02,$ 3452.15,5
926,09:30:02,$ 3452.15,4
927,09:30:02,$ 3452.15,1
928,09:30:02,$ 3452.15,3
929,09:30:02,$ 3452.15,2
930,09:30:02,$ 3452.15,1
931,09:30:02,$ 3452.15,4
932,09:30:02,$ 3452.15,3
933,09:30:02,$ 3452.15,3
934,09:30:02,$ 3452.15,3
935,09:30:02,$ 3452.15,2
936,09:30:02,$ 3452.15,2
937,09:30:02,$ 3452.15,1
938,09:30:02,$ 3452.15,2
939,09:30:02,$ 3452.15,2
940,09:30:02,$ 3452.15,1
941,09:30:02,$ 3452.15,2
942,09:30:02,$ 3452.15,3
943,09:30:02,$ 3452.15,13
944,09:30:02,$ 3452.15,5
946,09:30:02,$ 3452.15,7
947,09:30:02,$ 3452.15,8
948,09:30:02,$ 3452.15,8
949,09:30:02,$ 3452.15,15
950,09:30:02,$ 3452.15,2
951,09:30:02,$ 3452.15,1
952,09:30:02,$ 3452.15,41
953,09:30:02,$ 3452.15,6
954,09:30:02,$ 3452.15,1
955,09:30:02,$ 3452.15,15
956,09:30:02,$ 3452.15,9
957,09:30:02,$ 3452.15,6
958,09:30:02,$ 3452.15,2
959,09:30:02,$ 3452.15,1
960,09:30:02,$ 3452.15,1
961,09:30:02,$ 3452.15,14
962,09:30:02,$ 3452.15,2
963,09:30:02,$ 3452.15,2
964,09:30:02,$ 3452.15,25
965,09:30:02,$ 3452.15,10
967,09:30:02,$ 3452.15,100
968,09:30:02,$ 3452.15,4
969,09:30:02,$ 3452.15,3
970,09:30:02,$ 3452.15,12
971,09:30:02,$ 3452.15,15
972,09:30:02,$ 3452.15,6
973,09:30:02,$ 3452.15,1
974,09:30:02,$ 3452.15,1
975,09:30:02,$ 3452.15,1
976,09:30:02,$ 3452.15,3
977,09:30:02,$ 3452.15,2
978,09:30:02,$ 3452.15,2
979,09:30:02,$ 3452.15,12
980,09:30:02,$ 3452.15,8
981,09:30:02,$ 3452.15,2
982,09:30:02,$ 3452.15,1
983,09:30:02,$ 3452.15,29
984,09:30:02,$ 3452.15,7
985,09:30:02,$ 3452.15,15
986,09:30:02,$ 3452.15,10
988,09:30:02,$ 3452.15,2
989,09:30:02,$ 3452.15,2
990,09:30:02,$ 3452.15,5
991,09:30:02,$ 3452.15,2
992,09:30:02,$ 3452.15,1
993,09:30:02,$ 3452.15,3
994,09:30:02,$ 3452.15,2
995,09:30:02,$ 3452.15,2
996,09:30:02,$ 3452.15,1
997,09:30:02,$ 3452.15,3
998,09:30:02,$ 3452.15,3
999,09:30:02,$ 3452.15,2
1000,09:30:02,$ 3452.15,16
1001,09:30:02,$ 3452.15,2
1002,09:30:02,$ 3452.15,2
1003,09:30:02,$ 3452.15,4
1004,09:30:02,$ 3452.15,2
1005,09:30:02,$ 3452.15,1
1006,09:30:02,$ 3452.15,1
1007,09:30:02,$ 3452.15,1
1009,09:30:02,$ 3452.15,1
1010,09:30:02,$ 3452.15,28
1011,09:30:02,$ 3452.15,4
1012,09:30:02,$ 3452.15,22
1013,09:30:02,$ 3452.15,2
1014,09:30:02,$ 3452.15,1
1015,09:30:02,$ 3452.15,1
1016,09:30:02,$ 3452.15,1
1017,09:30:02,$ 3452.15,2
1018,09:30:02,$ 3452.15,3
1019,09:30:02,$ 3452.15,5
1020,09:30:02,$ 3452.15,1
1021,09:30:02,$ 3452.15,8
1022,09:30:02,$ 3452.15,13
1023,09:30:02,$ 3452.15,1
1024,09:30:02,$ 3452.15,1
1025,09:30:02,$ 3452.15,2
1026,09:30:02,$ 3452.15,2
1027,09:30:02,$ 3452.15,2
1028,09:30:02,$ 3452.15,12
1030,09:30:02,$ 3452.15,8
1031,09:30:02,$ 3452.15,2
1032,09:30:02,$ 3452.15,1
1033,09:30:02,$ 3452.15,1
1034,09:30:02,$ 3452.15,25
1035,09:30:02,$ 3452.15,9
1036,09:30:02,$ 3452.15,11
1037,09:30:02,$ 3452.15,156
1038,09:30:02,$ 3452.15,300
1039,09:30:02,$ 3452.15,35
1040,09:30:02,$ 3452.15,8
1041,09:30:02,$ 3452.15,4
1042,09:30:02,$ 3452.15,1
1043,09:30:02,$ 3452.15,3
1044,09:30:02,$ 3452.15,14
1045,09:30:02,$ 3452.15,2
1046,09:30:02,$ 3452.15,1
1047,09:30:02,$ 3452.15,1
1048,09:30:02,$ 3452.15,50
1049,09:30:02,$ 3452.15,20
1051,09:30:02,$ 3452.15,2
1052,09:30:02,$ 3452.15,1
1053,09:30:02,$ 3452.15,1
1054,09:30:02,$ 3452.15,38
1055,09:30:02,$ 3452.15,38
1056,09:30:02,$ 3452.15,1
1057,09:30:02,$ 3452.15,50
1058,09:30:02,$ 3452.15,38
1059,09:30:02,$ 3452.15,10
1060,09:30:02,$ 3452.15,1
1061,09:30:02,$ 3452.15,1
1062,09:30:02,$ 3452.15,16
1063,09:30:02,$ 3452.15,1
1064,09:30:02,$ 3452.15,37
1065,09:30:02,$ 3452.15,2
1066,09:30:02,$ 3452.15,5
1067,09:30:02,$ 3452.15,38
1068,09:30:02,$ 3452.15,38
1069,09:30:02,$ 3452.15,100
1070,09:30:02,$ 3452.15,5
1072,09:30:02,$ 3452.15,100
1073,09:30:02,$ 3452.15,37
1074,09:30:02,$ 3452.15,85
1075,09:30:02,$ 3452.15,145
1076,09:30:02,$ 3452.15,38
1077,09:30:02,$ 3452.15,38
1078,09:30:02,$ 3452.15,37
1079,09:30:02,$ 3452.15,38
1080,09:30:02,$ 3452.15,38
1081,09:30:02,$ 3452.15,38
1082,09:30:02,$ 3452.15,1
1083,09:30:02,$ 3452.15,5
1084,09:30:02,$ 3452.15,3
1085,09:30:02,$ 3452.15,37
1086,09:30:02,$ 3452.15,38
1087,09:30:02,$ 3452.15,38
1088,09:30:02,$ 3452.15,23
1089,09:30:02,$ 3452.15,37
1090,09:30:02,$ 3452.15,1
1091,09:30:02,$ 3452.15,38
1093,09:30:02,$ 3452.15,38
1094,09:30:02,$ 3452.15,37
1095,09:30:02,$ 3452.15,38
1096,09:30:02,$ 3452.15,8
1097,09:30:02,$ 3452.15,38
1098,09:30:02,$ 3452.15,38
1099,09:30:02,$ 3452.15,37
1100,09:30:02,$ 3452.15,38
1101,09:30:02,$ 3452.15,38
1102,09:30:02,$ 3452.15,1
1103,09:30:02,$ 3452.15,37
1104,09:30:02,$ 3452.15,38
1105,09:30:02,$ 3452.15,38
1106,09:30:02,$ 3452.15,37
1107,09:30:02,$ 3452.15,38
1108,09:30:02,$ 3452.15,38
1109,09:30:02,$ 3452.15,38
1110,09:30:02,$ 3452.15,37
1111,09:30:02,$ 3452.15,9
1112,09:30:02,$ 3452.15,3
1114,09:30:02,$ 3452.15,1
1115,09:30:02,$ 3452.15,8
1116,09:30:02,$ 3452.15,58
1117,09:30:02,$ 3452.15,1
1118,09:30:02,$ 3452.15,38
1119,09:30:02,$ 3452.15,38
1120,09:30:02,$ 3452.15,37
1121,09:30:02,$ 3452.15,38
1122,09:30:02,$ 3452.15,38
1123,09:30:02,$ 3452.15,37
1124,09:30:02,$ 3452.15,1
1125,09:30:02,$ 3452.15,38
1126,09:30:02,$ 3452.15,38
1127,09:30:02,$ 3452.15,38
1128,09:30:02,$ 3452.15,1
1129,09:30:02,$ 3452.15,37
1130,09:30:02,$ 3452.15,38
1131,09:30:02,$ 3452.15,38
1132,09:30:02,$ 3452.15,37
1133,09:30:02,$ 3452.15,38
1135,09:30:02,$ 3452.15,38
1136,09:30:02,$ 3452.15,37
1137,09:30:02,$ 3452.15,38
1138,09:30:02,$ 3452.15,38
1139,09:30:02,$ 3452.15,38
1140,09:30:02,$ 3452.15,37
1141,09:30:02,$ 3452.15,38
1142,09:30:02,$ 3452.15,38
1143,09:30:02,$ 3452.15,37
1144,09:30:02,$ 3452.15,38
1145,09:30:02,$ 3452.15,38
1146,09:30:02,$ 3452.15,37
1147,09:30:02,$ 3452.15,38
1148,09:30:02,$ 3452.15,38
1149,09:30:02,$ 3452.15,38
1150,09:30:02,$ 3452.15,19
1151,09:30:02,$ 3452.15,19
1152,09:30:02,$ 3452.15,19
1153,09:30:02,$ 3452.15,19
1154,09:30:02,$ 3452.15,19
1156,09:30:02,$ 3452.15,19
1157,09:30:02,$ 3452.15,19
1158,09:30:02,$ 3452.15,19
1159,09:30:02,$ 3452.15,19
1160,09:30:02,$ 3452.15,19
1161,09:30:02,$ 3452.15,13
1162,09:30:02,$ 3452.15,2
1163,09:30:02,$ 3452.15,8
1164,09:30:02,$ 3452.15,8
1165,09:30:02,$ 3452.15,2
1166,09:30:02,$ 3452.15,8
1167,09:30:02,$ 3452.15,1
1168,09:30:02,$ 3452.15,2
1169,09:30:02,$ 3452.15,12
1170,09:30:02,$ 3452.15,2
1171,09:30:02,$ 3452.15,1
1172,09:30:02,$ 3452.15,22
1173,09:30:02,$ 3452.15,1
1174,09:30:02,$ 3452.15,2
1175,09:30:02,$ 3452.15,50
1177,09:30:02,$ 3452.15,1
1178,09:30:02,$ 3452.15,2
1179,09:30:02,$ 3452.15,50
1180,09:30:02,$ 3452.15,1
1181,09:30:02,$ 3452.15,6
1182,09:30:02,$ 3452.15,1
1183,09:30:02,$ 3452.15,4
1184,09:30:02,$ 3452.15,10
1185,09:30:02,$ 3452.15,5
1186,09:30:02,$ 3452.15,5
1187,09:30:02,$ 3452.15,7
1188,09:30:02,$ 3452.15,2
1189,09:30:02,$ 3452.15,5
1190,09:30:02,$ 3452.15,3
1191,09:30:02,$ 3452.15,1
1192,09:30:02,$ 3452.15,7
1193,09:30:02,$ 3452.15,289
1194,09:30:02,$ 3452.15,28
1195,09:30:02,$ 3452.15,2
1196,09:30:02,$ 3452.15,401
1198,09:30:02,$ 3452.15,1
1199,09:30:02,$ 3452.15,390
1200,09:30:02,$ 3452.15,5
1201,09:30:02,$ 3452.15,16
1202,09:30:02,$ 3452.15,5
1203,09:30:02,$ 3452.15,1
1204,09:30:02,$ 3452.15,1
1205,09:30:02,$ 3452.15,1
1206,09:30:02,$ 3452.15,1
1207,09:30:02,$ 3452.15,1
1208,09:30:02,$ 3452.15,3
1209,09:30:02,$ 3452.15,1
1210,09:30:02,$ 3452.15,1
1211,09:30:02,$ 3452.15,1
1212,09:30:02,$ 3452.15,1
1213,09:30:02,$ 3452.15,1
1214,09:30:02,$ 3452.15,1
1215,09:30:02,$ 3452.15,2
1216,09:30:02,$ 3452.15,2
1217,09:30:02,$ 3452.15,2
1219,09:30:02,$ 3452.15,2
1220,09:30:02,$ 3452.15,1
1221,09:30:02,$ 3452.15,1
1222,09:30:02,$ 3452.15,1
1223,09:30:02,$ 3452.15,3
1224,09:30:02,$ 3452.15,1
1225,09:30:02,$ 3452.15,1
1226,09:30:02,$ 3452.15,4
1227,09:30:02,$ 3452.15,70
1228,09:30:02,$ 3452.15,2
1229,09:30:02,$ 3452.15,16
1230,09:30:02,$ 3452.15,5
1231,09:30:02,$ 3452.15,1
1232,09:30:02,$ 3452.15,135
1233,09:30:02,$ 3452.15,1
1234,09:30:02,$ 3452.15,7
1235,09:30:02,$ 3452.15,1
1236,09:30:02,$ 3452.15,1
1237,09:30:02,$ 3452.15,2
1238,09:30:02,$ 3452.15,1
1240,09:30:02,$ 3452.15,1
1241,09:30:02,$ 3452.15,3
1242,09:30:02,$ 3452.15,11
1243,09:30:02,$ 3452.15,1
1244,09:30:02,$ 3452.15,1
1245,09:30:02,$ 3452.15,1
1246,09:30:02,$ 3452.15,2
1247,09:30:02,$ 3452.15,1
1248,09:30:02,$ 3452.15,1
1249,09:30:02,$ 3452.15,3
1250,09:30:02,$ 3452.15,5
1251,09:30:02,$ 3452.15,4
1252,09:30:02,$ 3452.15,3
1253,09:30:02,$ 3452.15,5
1254,09:30:02,$ 3452.15,2
1255,09:30:02,$ 3452.15,2
1256,09:30:02,$ 3452.15,2
1257,09:30:02,$ 3452.15,1
1258,09:30:02,$ 3452.15,1
1259,09:30:02,$ 3452.15,10
1261,09:30:02,$ 3452.15,5
1262,09:30:02,$ 3452.15,4
1263,09:30:02,$ 3452.15,1
1264,09:30:02,$ 3452.15,1
1265,09:30:02,$ 3452.15,2
1266,09:30:02,$ 3452.15,1
1267,09:30:02,$ 3452.15,1
1268,09:30:02,$ 3452.15,1
1269,09:30:02,$ 3452.15,7
1270,09:30:02,$ 3452.15,5
1271,09:30:02,$ 3452.15,3
1272,09:30:02,$ 3452.15,1
1273,09:30:02,$ 3452.15,1
1274,09:30:02,$ 3452.15,4
1275,09:30:02,$ 3452.15,3
1276,09:30:02,$ 3452.15,1
1277,09:30:02,$ 3452.15,50
1278,09:30:02,$ 3452.15,38
1279,09:30:02,$ 3452.15,4
1280,09:30:02,$ 3452.15,1
1282,09:30:02,$ 3452.15,100
1283,09:30:02,$ 3452.15,10
1284,09:30:02,$ 3452.15,100
1285,09:30:02,$ 3452.15,100
1286,09:30:02,$ 3452.15,8
1287,09:30:02,$ 3452.15,100
1288,09:30:02,$ 3452.15,1
1289,09:30:02,$ 3452.15,21
1290,09:30:02,$ 3452.15,140
1291,09:30:02,$ 3452.15,3
1292,09:30:02,$ 3452.15,6
1293,09:30:02,$ 3452.15,100
1294,09:30:02,$ 3452.15,1
1295,09:30:02,$ 3452.15,77
1296,09:30:02,$ 3452.15,19
1297,09:30:02,$ 3452.15,25
1298,09:30:02,$ 3452.15,100
1299,09:30:02,$ 3452.15,23
1300,09:30:02,$ 3452.15,6
1301,09:30:02,$ 3452.15,68
1303,09:30:02,$ 3452.15,1
1304,09:30:02,$ 3452.15,1
1305,09:30:02,$ 3452.15,12
1306,09:30:02,$ 3452.15,235
1307,09:30:02,$ 3452.15,21
1308,09:30:02,$ 3452.15,81
1309,09:30:02,$ 3452.15,1
1310,09:30:02,$ 3452.15,30
1311,09:30:02,$ 3452.15,300
1312,09:30:02,$ 3452.15,5
1313,09:30:02,$ 3452.15,176
1314,09:30:02,$ 3452.15,39
1315,09:30:02,$ 3452.15,18
1316,09:30:02,$ 3452.15,1
1317,09:30:02,$ 3452.15,1
1318,09:30:02,$ 3452.15,20
1319,09:30:02,$ 3452.15,1
1320,09:30:02,$ 3452.15,115
1321,09:30:02,$ 3452.15,177
1322,09:30:02,$ 3452.15,8
1324,09:30:02,$ 3452.15,1
1325,09:30:02,$ 3452.15,30
1326,09:30:02,$ 3452.15,10
1327,09:30:02,$ 3452.15,3
1328,09:30:02,$ 3452.15,4
1329,09:30:02,$ 3452.15,1
1330,09:30:02,$ 3452.15,5
1331,09:30:02,$ 3452.15,3
1332,09:30:02,$ 3452.15,10
1333,09:30:02,$ 3452.15,1
1334,09:30:02,$ 3452.15,218
1335,09:30:02,$ 3452.15,109
1336,09:30:02,$ 3452.15,6
1337,09:30:02,$ 3452.15,4
1338,09:30:02,$ 3452.15,3
1339,09:30:02,$ 3452.15,3
1340,09:30:02,$ 3452.15,3
1341,09:30:02,$ 3452.15,"1,110"
1342,09:30:02,$ 3452.15,65
1343,09:30:02,$ 3452.15,1
1345,09:30:02,$ 3452.15,7
1346,09:30:02,$ 3452.15,6
1347,09:30:02,$ 3452.15,8
1348,09:30:02,$ 3452.15,39
1349,09:30:02,$ 3452.15,2
1350,09:30:02,$ 3452.15,1
1351,09:30:02,$ 3452.15,18
1352,09:30:02,$ 3452.15,9
1353,09:30:02,$ 3452.15,"1,989"
1354,09:30:02,$ 3452.15,47
1355,09:30:02,$ 3452.15,221
1356,09:30:02,$ 3452.15,4
1357,09:30:02,$ 3452.15,100
1358,09:30:02,$ 3452.15,1
1359,09:30:02,$ 3452.15,5
1360,09:30:02,$ 3452.15,100
1361,09:30:02,$ 3452.15,3
1362,09:30:02,$ 3452.15,1
1363,09:30:02,$ 3452.15,1
1364,09:30:02,$ 3452.15,5
1366,09:30:02,$ 3452.15,1
1367,09:30:02,$ 3452.15,80
1368,09:30:02,$ 3452.15,1
1369,09:30:02,$ 3452.15,2
1370,09:30:02,$ 3452.15,30
1371,09:30:02,$ 3452.15,55
1372,09:30:02,$ 3452.15,5
1373,09:30:02,$ 3452.15,5
1374,09:30:02,$ 3452.15,2
1375,09:30:02,$ 3452.15,16
1376,09:30:02,$ 3452.15,4
1377,09:30:02,$ 3452.15,4
1378,09:30:02,$ 3452.15,5
1379,09:30:02,$ 3452.15,11
1380,09:30:02,$ 3452.15,1
1381,09:30:02,$ 3452.15,100
1382,09:30:02,$ 3452.15,31
1383,09:30:02,$ 3452.15,13
1384,09:30:02,$ 3452.15,18
1385,09:30:02,$ 3452.15,1
1387,09:30:02,$ 3452.15,2
1388,09:30:02,$ 3452.15,28
1389,09:30:02,$ 3452.15,2
1390,09:30:02,$ 3452.15,3
1391,09:30:02,$ 3452.15,2
1392,09:30:02,$ 3452.15,28
1393,09:30:02,$ 3452.15,15
1394,09:30:02,$ 3452.15,2
1395,09:30:02,$ 3452.15,254
1396,09:30:02,$ 3452.15,150
1397,09:30:02,$ 3452.15,1
1398,09:30:02,$ 3452.15,3
1399,09:30:02,$ 3452.15,10
1400,09:30:02,$ 3452.15,1
1401,09:30:02,$ 3452.15,204
1402,09:30:02,$ 3452.15,200
1403,09:30:02,$ 3452.15,15
1404,09:30:02,$ 3452.15,5
1405,09:30:02,$ 3452.15,5
1406,09:30:02,$ 3452.15,10
1408,09:30:02,$ 3452.15,1
1409,09:30:02,$ 3452.15,5
1410,09:30:02,$ 3452.15,30
1411,09:30:02,$ 3452.15,2
1412,09:30:02,$ 3452.15,1
1413,09:30:02,$ 3452.15,448
1414,09:30:02,$ 3452.15,6
1415,09:30:02,$ 3452.15,5
1416,09:30:02,$ 3452.15,9
1417,09:30:02,$ 3452.15,3
1418,09:30:02,$ 3452.15,3
1419,09:30:02,$ 3452.15,1
1420,09:30:02,$ 3452.15,"1,318"
1421,09:30:02,$ 3452.15,1
1422,09:30:02,$ 3452.15,139
1423,09:30:02,$ 3452.15,191
1424,09:30:02,$ 3452.15,20
1425,09:30:02,$ 3452.15,94
1426,09:30:02,$ 3452.15,1
1427,09:30:02,$ 3452.15,2
1429,09:30:02,$ 3452.15,100
1430,09:30:02,$ 3452.15,3
1431,09:30:02,$ 3452.15,3
1432,09:30:02,$ 3452.15,2
1433,09:30:02,$ 3452.15,31
1434,09:30:02,$ 3452.15,1
1435,09:30:02,$ 3452.15,1
1436,09:30:02,$ 3452.15,10
1437,09:30:02,$ 3452.15,1
1438,09:30:02,$ 3452.15,6
1439,09:30:02,$ 3452.15,2
1440,09:30:02,$ 3452.15,1
1441,09:30:02,$ 3452.15,2
1442,09:30:02,$ 3452.15,2
1443,09:30:02,$ 3452.15,1
1444,09:30:02,$ 3452.15,4
1445,09:30:02,$ 3452.15,15
1446,09:30:02,$ 3452.15,14
1447,09:30:02,$ 3452.15,20
1448,09:30:02,$ 3452.15,5
1450,09:30:02,$ 3452.15,1
1451,09:30:02,$ 3452.15,1
1452,09:30:02,$ 3452.15,8
1453,09:30:02,$ 3452.15,13
1454,09:30:02,$ 3452.15,2
1455,09:30:02,$ 3452.15,1
1456,09:30:02,$ 3452.15,640
1457,09:30:02,$ 3452.15,1
1458,09:30:02,$ 3452.15,89
1459,09:30:02,$ 3452.15,1
1460,09:30:02,$ 3452.15,1
1461,09:30:02,$ 3452.15,2
1462,09:30:02,$ 3452.15,1
1463,09:30:02,$ 3452.15,100
1464,09:30:02,$ 3452.15,1
1465,09:30:02,$ 3452.15,1
1466,09:30:02,$ 3452.15,1
1467,09:30:02,$ 3452.15,5
1468,09:30:02,$ 3452.15,8
1469,09:30:02,$ 3452.15,5
1471,09:30:02,$ 3452.15,1
1472,09:30:02,$ 3452.15,43
1473,09:30:02,$ 3452.15,2
1474,09:30:02,$ 3452.15,1
1475,09:30:02,$ 3452.15,11
1476,09:30:02,$ 3452.15,7
1477,09:30:02,$ 3452.15,12
1478,09:30:02,$ 3452.15,40
1479,09:30:02,$ 3452.15,30
1480,09:30:02,$ 3452.15,8
1481,09:30:02,$ 3452.15,29
1482,09:30:02,$ 3452.15,7
1483,09:30:02,$ 3452.15,5
1484,09:30:02,$ 3452.15,12
1485,09:30:02,$ 3452.15,1
1486,09:30:02,$ 3452.15,32
1487,09:30:02,$ 3452.15,2
1488,09:30:02,$ 3452.15,1
1489,09:30:02,$ 3452.15,1
1490,09:30:02,$ 3452.15,2
1492,09:30:02,$ 3452.15,5
1493,09:30:02,$ 3452.15,6
1494,09:30:02,$ 3452.15,11
1495,09:30:02,$ 3452.15,33
1496,09:30:02,$ 3452.15,19
1497,09:30:02,$ 3452.15,7
1498,09:30:02,$ 3452.15,1
1499,09:30:02,$ 3452.15,1
1500,09:30:02,$ 3452.15,2
1501,09:30:02,$ 3452.15,1
1502,09:30:02,$ 3452.15,14
1503,09:30:02,$ 3452.15,5
1504,09:30:02,$ 3452.15,13
1505,09:30:02,$ 3452.15,30
1506,09:30:02,$ 3452.15,25
1507,09:30:02,$ 3452.15,1
1508,09:30:02,$ 3452.15,1
1509,09:30:02,$ 3452.15,1
1510,09:30:02,$ 3452.15,1
1511,09:30:02,$ 3452.15,10
1513,09:30:02,$ 3452.15,1
1514,09:30:02,$ 3452.15,35
1515,09:30:02,$ 3452.15,10
1516,09:30:02,$ 3452.15,7
1517,09:30:02,$ 3452.15,1
1518,09:30:02,$ 3452.15,3
1519,09:30:02,$ 3452.15,1
1520,09:30:02,$ 3452.15,2
1521,09:30:02,$ 3452.15,4
1522,09:30:02,$ 3452.15,2
1523,09:30:02,$ 3452.15,3
1524,09:30:02,$ 3452.15,5
1525,09:30:02,$ 3452.15,10
1526,09:30:02,$ 3452.15,1
1527,09:30:02,$ 3452.15,1
1528,09:30:02,$ 3452.15,1
1529,09:30:02,$ 3452.15,3
1530,09:30:02,$ 3452.15,5
1531,09:30:02,$ 3452.15,2
1532,09:30:02,$ 3452.15,2
1534,09:30:02,$ 3452.15,10
1535,09:30:02,$ 3452.15,7
1536,09:30:02,$ 3452.15,2
1537,09:30:02,$ 3452.15,2
1538,09:30:02,$ 3452.15,1
1539,09:30:02,$ 3452.15,1
1540,09:30:02,$ 3452.15,6
1541,09:30:02,$ 3452.15,2
1542,09:30:02,$ 3452.15,4
1543,09:30:02,$ 3452.15,1
1544,09:30:02,$ 3452.15,10
1545,09:30:02,$ 3452.15,3
1546,09:30:02,$ 3452.15,1
1547,09:30:02,$ 3452.15,1
1548,09:30:02,$ 3452.15,4
1549,09:30:02,$ 3452.15,15
1550,09:30:02,$ 3452.15,9
1551,09:30:02,$ 3452.15,4
1552,09:30:02,$ 3452.15,10
1553,09:30:02,$ 3452.15,3
1555,09:30:02,$ 3452.15,1
1556,09:30:02,$ 3452.15,1
1557,09:30:02,$ 3452.15,26
1558,09:30:02,$ 3452.15,9
1559,09:30:02,$ 3452.15,1
1560,09:30:02,$ 3452.15,15
1561,09:30:02,$ 3452.15,1
1562,09:30:02,$ 3452.15,1
1563,09:30:02,$ 3452.15,11
1564,09:30:02,$ 3452.15,12
1565,09:30:02,$ 3452.15,2
1566,09:30:02,$ 3452.15,7
1567,09:30:02,$ 3452.15,3
1568,09:30:02,$ 3452.15,4
1569,09:30:02,$ 3452.15,3
1570,09:30:02,$ 3452.15,20
1571,09:30:02,$ 3452.15,14
1572,09:30:02,$ 3452.15,30
1573,09:30:02,$ 3452.15,8
1574,09:30:02,$ 3452.15,3
1576,09:30:02,$ 3452.15,7
1577,09:30:02,$ 3452.15,5
1578,09:30:02,$ 3452.15,17
1579,09:30:02,$ 3452.15,2
1580,09:30:02,$ 3452.15,11
1581,09:30:02,$ 3452.15,7
1582,09:30:02,$ 3452.15,27
1583,09:30:02,$ 3452.15,20
1584,09:30:02,$ 3452.15,2
1585,09:30:02,$ 3452.15,1
1586,09:30:02,$ 3452.15,7
1587,09:30:02,$ 3452.15,5
1588,09:30:02,$ 3452.15,6
1589,09:30:02,$ 3452.15,1
1590,09:30:02,$ 3452.15,1
1591,09:30:02,$ 3452.15,9
1592,09:30:02,$ 3452.15,1
1593,09:30:02,$ 3452.15,1
1594,09:30:02,$ 3452.15,1
1595,09:30:02,$ 3452.15,1
1597,09:30:02,$ 3452.15,1
1598,09:30:02,$ 3452.15,1
1599,09:30:02,$ 3452.15,1
1600,09:30:02,$ 3452.15,1
1601,09:30:02,$ 3452.15,10
1602,09:30:02,$ 3452.15,2
1603,09:30:02,$ 3452.15,1
1604,09:30:02,$ 3452.15,5
1605,09:30:02,$ 3452.15,4
1606,09:30:02,$ 3452.15,210
1607,09:30:02,$ 3452.15,1
1608,09:30:02,$ 3452.15,2
1609,09:30:02,$ 3452.15,2
1610,09:30:02,$ 3452.15,1
1611,09:30:02,$ 3452.15,1
1612,09:30:02,$ 3452.15,5
1613,09:30:02,$ 3452.15,5
1614,09:30:02,$ 3452.15,6
1615,09:30:02,$ 3452.15,35
1616,09:30:02,$ 3452.15,1
1618,09:30:02,$ 3452.15,1
1619,09:30:02,$ 3452.15,1
1620,09:30:02,$ 3452.15,7
1621,09:30:02,$ 3452.15,10
1622,09:30:02,$ 3452.15,1
1623,09:30:02,$ 3452.15,2
1624,09:30:02,$ 3452.15,3
1625,09:30:02,$ 3452.15,13
1626,09:30:02,$ 3452.15,5
1627,09:30:02,$ 3452.15,1
1628,09:30:02,$ 3452.15,14
1629,09:30:02,$ 3452.15,5
1630,09:30:02,$ 3452.15,1
1631,09:30:02,$ 3452.15,5
1632,09:30:02,$ 3452.15,1
1633,09:30:02,$ 3452.15,6
1634,09:30:02,$ 3452.15,5
1635,09:30:02,$ 3452.15,1
1636,09:30:02,$ 3452.15,3
1637,09:30:02,$ 3452.15,10
1639,09:30:02,$ 3452.15,43
1640,09:30:02,$ 3452.15,1
1641,09:30:02,$ 3452.15,10
1642,09:30:02,$ 3452.15,2
1643,09:30:02,$ 3452.15,1
1644,09:30:02,$ 3452.15,7
1645,09:30:02,$ 3452.15,1
1646,09:30:02,$ 3452.15,3
1647,09:30:02,$ 3452.15,1
1648,09:30:02,$ 3452.15,1
1649,09:30:02,$ 3452.15,1
1650,09:30:02,$ 3452.15,4
1651,09:30:02,$ 3452.15,5
1652,09:30:02,$ 3452.15,4
1653,09:30:02,$ 3452.15,1
1654,09:30:02,$ 3452.15,7
1655,09:30:02,$ 3452.15,1
1656,09:30:02,$ 3452.15,3
1657,09:30:02,$ 3452.15,1
1658,09:30:02,$ 3452.15,1
1660,09:30:02,$ 3452.15,3
1661,09:30:02,$ 3452.15,2
1662,09:30:02,$ 3452.15,1
1663,09:30:02,$ 3452.15,1
1664,09:30:02,$ 3452.15,1
1665,09:30:02,$ 3452.15,1
1666,09:30:02,$ 3452.15,1
1667,09:30:02,$ 3452.15,1
1668,09:30:02,$ 3452.15,3
1669,09:30:02,$ 3452.15,1
1670,09:30:02,$ 3452.15,1
1671,09:30:02,$ 3452.15,28
1672,09:30:02,$ 3452.15,1
1673,09:30:02,$ 3452.15,3
1674,09:30:02,$ 3452.15,5
1675,09:30:02,$ 3452.15,5
1676,09:30:02,$ 3452.15,2
1677,09:30:02,$ 3452.15,2
1678,09:30:02,$ 3452.15,3
1679,09:30:02,$ 3452.15,1
1681,09:30:02,$ 3452.15,4
1682,09:30:02,$ 3452.15,1
1683,09:30:02,$ 3452.15,2
1684,09:30:02,$ 3452.15,1
1685,09:30:02,$ 3452.15,2
1686,09:30:02,$ 3452.15,2
1687,09:30:02,$ 3452.15,2
1688,09:30:02,$ 3452.15,3
1689,09:30:02,$ 3452.15,1
1690,09:30:02,$ 3452.15,2
1691,09:30:02,$ 3452.15,10
1692,09:30:02,$ 3452.15,3
1693,09:30:02,$ 3452.15,1
1694,09:30:02,$ 3452.15,1
1695,09:30:02,$ 3452.15,2
1696,09:30:02,$ 3452.15,163
1697,09:30:02,$ 3452.15,4
1698,09:30:02,$ 3452.15,1
1699,09:30:02,$ 3452.15,10
1700,09:30:02,$ 3452.15,1
1702,09:30:02,$ 3452.15,1
1703,09:30:02,$ 3452.15,1
1704,09:30:02,$ 3452.15,3
1705,09:30:02,$ 3452.15,108
1706,09:30:02,$ 3452.15,3
1707,09:30:02,$ 3452.15,2
1708,09:30:02,$ 3452.15,5
1709,09:30:02,$ 3452.15,1
1710,09:30:02,$ 3452.15,100
1711,09:30:02,$ 3452.15,1
1712,09:30:02,$ 3452.15,5
1713,09:30:02,$ 3452.15,40
1714,09:30:02,$ 3452.15,13
1715,09:30:02,$ 3452.15,2
1716,09:30:02,$ 3452.15,1
1717,09:30:02,$ 3452.15,4
1718,09:30:02,$ 3452.15,3
1719,09:30:02,$ 3452.15,5
1720,09:30:02,$ 3452.15,7
1721,09:30:02,$ 3452.15,1
1723,09:30:02,$ 3452.15,1
1724,09:30:02,$ 3452.15,49
1725,09:30:02,$ 3452.15,1
1726,09:30:02,$ 3452.15,1
1727,09:30:02,$ 3452.15,3
1728,09:30:02,$ 3452.15,3
1729,09:30:02,$ 3452.15,15
1730,09:30:02,$ 3452.15,2
1731,09:30:02,$ 3452.15,9
1732,09:30:02,$ 3452.15,6
1733,09:30:02,$ 3452.15,10
1734,09:30:02,$ 3452.15,1
1735,09:30:02,$ 3452.15,3
1736,09:30:02,$ 3452.15,1
1737,09:30:02,$ 3452.15,2
1738,09:30:02,$ 3452.15,10
1739,09:30:02,$ 3452.15,1
1740,09:30:02,$ 3452.15,3
1741,09:30:02,$ 3452.15,1
1742,09:30:02,$ 3452.15,3
1744,09:30:02,$ 3452.15,6
1745,09:30:02,$ 3452.15,2
1746,09:30:02,$ 3452.15,4
1747,09:30:02,$ 3452.15,2
1748,09:30:02,$ 3452.15,2
1749,09:30:02,$ 3452.15,3
1750,09:30:02,$ 3452.15,1
1751,09:30:02,$ 3452.15,1
1752,09:30:02,$ 3452.15,5
1753,09:30:02,$ 3452.15,1
1754,09:30:02,$ 3452.15,2
1755,09:30:02,$ 3452.15,3
1756,09:30:02,$ 3452.15,2
1757,09:30:02,$ 3452.15,2
1758,09:30:02,$ 3452.15,3
1759,09:30:02,$ 3452.15,3
1760,09:30:02,$ 3452.15,1
1761,09:30:02,$ 3452.15,2
1762,09:30:02,$ 3452.15,1
1763,09:30:02,$ 3452.15,1
1765,09:30:02,$ 3452.15,2
1766,09:30:02,$ 3452.15,22
1767,09:30:02,$ 3452.15,1
1768,09:30:02,$ 3452.15,1
1769,09:30:02,$ 3452.15,13
1770,09:30:02,$ 3452.15,1
1771,09:30:02,$ 3452.15,7
1772,09:30:01,$ 3453.00,100
1773,09:30:01,$ 3453.00,100
1774,09:30:01,$ 3453.31,100
1775,09:30:01,$ 3452.15,25
1776,09:30:01,$ 3452.15,25
1777,09:30:01,$ 3452.15,15
1778,09:30:01,$ 3452.15,10
1779,09:30:01,$ 3452.15,1
1780,09:30:01,$ 3452.15,1
1781,09:30:01,$ 3452.15,1
1782,09:30:01,$ 3452.15,15
1783,09:30:01,$ 3452.15,10
1784,09:30:01,$ 3452.15,2
1786,09:30:01,$ 3452.15,2
1787,09:30:01,$ 3452.15,123
1788,09:30:01,$ 3453.157,100
1789,09:30:01,$ 3453.1188,"1,000"
1791,10:29:30,$ 3438.77,100
1792,10:29:23,$ 3438.75,100
1793,10:29:15,$ 3439.00,300
1794,10:29:14,$ 3438.94,100
1795,10:29:06,$ 3437.49,100
1796,10:29:06,$ 3437.50,132
1797,10:28:55,$ 3437.35,100
1798,10:28:51,$ 3436.855,100
1799,10:28:39,$ 3438.25,107
1800,10:28:28,$ 3438.75,100
1801,10:28:28,$ 3439.48,100
1802,10:28:08,$ 3437.901,100
1803,10:27:55,$ 3438.3798,100
1804,10:27:54,$ 3438.34,100
1805,10:27:23,$ 3436.76,100
1806,10:27:23,$ 3437.36,100
1807,10:27:14,$ 3436.735,100
1808,10:27:14,$ 3436.75,245
1809,10:27:11,$ 3436.755,100
1810,10:27:11,$ 3436.755,100
1812,10:27:11,$ 3436.76,100
1813,10:27:11,$ 3436.76,100
1814,10:27:11,$ 3436.76,100
1815,10:27:03,$ 3436.00,100
1816,10:26:59,$ 3436.01,199
1817,10:26:57,$ 3436.81,100
1818,10:26:36,$ 3436.58,100
1819,10:26:19,$ 3435.56,100
1820,10:26:05,$ 3435.87,100
1821,10:26:05,$ 3435.06,100
1822,10:26:04,$ 3434.59,100
1823,10:26:04,$ 3434.56,100
1824,10:26:04,$ 3434.56,100
1825,10:26:04,$ 3435.10,425
1826,10:26:01,$ 3435.13,100
1827,10:26:00,$ 3436.27,132
1828,10:26:00,$ 3436.00,100
1829,10:26:00,$ 3436.05,100
1830,10:26:00,$ 3436.13,144
1831,10:26:00,$ 3436.29,100
1833,10:26:00,$ 3436.405,100
1834,10:25:59,$ 3437.08,100
1835,10:25:59,$ 3437.75,100
1836,10:25:59,$ 3436.54,100
1837,10:25:59,$ 3436.54,100
1838,10:25:59,$ 3436.53,100
1839,10:25:59,$ 3436.68,100
1840,10:25:59,$ 3436.69,100
1841,10:25:59,$ 3436.63,100
1842,10:25:59,$ 3436.63,100
1843,10:25:59,$ 3436.63,100
1844,10:25:59,$ 3436.63,100
1845,10:25:59,$ 3436.63,100
1846,10:25:59,$ 3436.63,100
1847,10:25:59,$ 3436.63,100
1848,10:25:59,$ 3436.63,100
1849,10:25:59,$ 3436.62,100
1850,10:25:59,$ 3436.62,100
1851,10:25:59,$ 3436.62,100
1852,10:25:59,$ 3437.00,100
1854,10:25:59,$ 3437.19,100
1855,10:25:59,$ 3437.19,100
1856,10:25:59,$ 3437.40,100
1857,10:25:59,$ 3437.40,100
1858,10:25:59,$ 3437.52,100
1859,10:25:59,$ 3439.01,100
1860,10:25:59,$ 3439.74,100
1861,10:25:57,$ 3440.27,103
1862,10:25:48,$ 3440.78,100
1863,10:25:48,$ 3440.62,100
1864,10:25:29,$ 3441.55,100
1865,10:25:21,$ 3441.21,100
1866,10:25:06,$ 3440.60,100
1867,10:25:06,$ 3440.54,100
1868,10:25:00,$ 3441.00,100
1869,10:25:00,$ 3441.00,100
1870,10:24:55,$ 3440.29,100
1871,10:24:44,$ 3440.04,100
1872,10:24:38,$ 3439.59,100
1873,10:24:24,$ 3439.7741,100
1875,10:24:13,$ 3440.10,100
1876,10:24:06,$ 3440.27,100
1877,10:23:22,$ 3439.78,100
1878,10:23:22,$ 3439.75,100
1879,10:22:58,$ 3439.28,100
1880,10:22:53,$ 3438.8958,400
1881,10:22:49,$ 3440.29,100
1882,10:22:23,$ 3440.78,100
1883,10:22:17,$ 3440.58,100
1884,10:21:59,$ 3441.57,100
1885,10:21:56,$ 3440.71,100
1886,10:21:51,$ 3441.01,100
1887,10:21:44,$ 3441.285,100
1888,10:21:44,$ 3441.49,100
1889,10:21:36,$ 3442.01,100
1890,10:21:33,$ 3442.00,100
1891,10:21:33,$ 3441.75,100
1892,10:21:33,$ 3441.75,100
1893,10:21:27,$ 3441.50,100
1894,10:20:57,$ 3440.86,100
1896,10:20:56,$ 3441.265,100
1897,10:20:48,$ 3441.29,300
1898,10:20:46,$ 3441.29,100
1899,10:20:36,$ 3441.13,100
1900,10:20:34,$ 3441.6999,500
1901,10:20:23,$ 3440.64,100
1902,10:20:23,$ 3440.79,100
1903,10:20:20,$ 3441.6648,500
1904,10:19:53,$ 3441.00,400
1905,10:19:53,$ 3441.00,100
1906,10:19:50,$ 3441.03,100
1907,10:19:50,$ 3441.07,100
1908,10:19:48,$ 3440.925,100
1909,10:19:48,$ 3440.925,100
1910,10:19:48,$ 3440.00,400
1911,10:19:48,$ 3440.00,134
1912,10:19:48,$ 3440.00,"1,729"
1913,10:19:48,$ 3440.00,"1,025"
1914,10:19:48,$ 3440.00,100
1915,10:19:46,$ 3439.8698,100
1917,10:19:43,$ 3439.10,100
1918,10:19:40,$ 3439.355,100
1919,10:19:37,$ 3439.39,100
1920,10:19:35,$ 3439.50,150
1921,10:19:35,$ 3439.50,188
1922,10:19:34,$ 3439.50,100
1923,10:19:34,$ 3439.50,100
1924,10:19:34,$ 3439.50,152
1925,10:19:30,$ 3439.1543,400
1926,10:19:30,$ 3439.1549,100
1927,10:19:26,$ 3439.49,200
1928,10:19:26,$ 3439.50,100
1929,10:19:26,$ 3439.50,100
1930,10:19:26,$ 3439.46,100
1931,10:19:26,$ 3439.115,100
1932,10:19:09,$ 3436.82,100
1933,10:19:02,$ 3436.60,100
1934,10:19:01,$ 3436.45,100
1935,10:18:56,$ 3436.50,100
1936,10:18:28,$ 3435.70,100
1938,10:18:08,$ 3434.55,100
1939,10:18:08,$ 3434.56,100
1940,10:17:58,$ 3434.02,500
1941,10:17:47,$ 3434.3245,140
1942,10:17:46,$ 3434.11,100
1943,10:17:45,$ 3434.50,100
1944,10:17:41,$ 3434.3283,100
1945,10:17:34,$ 3434.45,100
1946,10:17:28,$ 3435.89,100
1947,10:17:24,$ 3434.77,100
1948,10:17:24,$ 3435.205,100
1949,10:17:24,$ 3435.20,100
1950,10:16:37,$ 3437.075,100
1951,10:16:37,$ 3437.4943,300
1952,10:16:31,$ 3437.52,100
1953,10:16:27,$ 3436.95,100
1954,10:16:19,$ 3435.96,"1,000"
1955,10:16:16,$ 3436.00,136
1956,10:16:16,$ 3436.00,100
1957,10:16:16,$ 3435.87,100
1959,10:16:15,$ 3435.53,100
1960,10:16:15,$ 3435.53,100
1961,10:15:43,$ 3435.484,100
1962,10:15:43,$ 3435.47,100
1963,10:15:43,$ 3436.27,100
1964,10:15:09,$ 3437.61,100
1965,10:14:58,$ 3437.89,100
1966,10:14:58,$ 3437.44,100
1967,10:14:58,$ 3437.49,100
1968,10:14:58,$ 3437.43,100
1969,10:14:48,$ 3437.00,100
1970,10:14:48,$ 3437.00,100
1971,10:14:48,$ 3437.00,111
1972,10:14:48,$ 3437.00,132
1973,10:14:48,$ 3437.00,100
1974,10:14:48,$ 3436.95,100
1975,10:14:48,$ 3437.00,106
1976,10:14:45,$ 3437.3955,100
1977,10:14:45,$ 3437.23,100
1978,10:14:36,$ 3437.47,100
1980,10:14:29,$ 3437.6966,"1,000"
1981,10:14:25,$ 3437.87,100
1982,10:14:23,$ 3437.6914,100
1983,10:14:21,$ 3438.0368,400
1984,10:14:15,$ 3438.35,100
1985,10:13:13,$ 3438.69,100
1986,10:12:52,$ 3439.045,100
1987,10:12:44,$ 3438.99,150
1988,10:12:41,$ 3438.885,100
1989,10:12:39,$ 3438.6247,100
1990,10:12:35,$ 3437.6401,139
1991,10:12:34,$ 3438.43,100
1992,10:12:30,$ 3437.605,100
1993,10:12:27,$ 3437.66,100
1994,10:12:22,$ 3437.0812,150
1995,10:12:10,$ 3437.13,250
1996,10:12:02,$ 3437.00,100
1997,10:11:51,$ 3438.18,100
1998,10:11:51,$ 3438.00,200
1999,10:11:51,$ 3438.23,100
2001,10:11:51,$ 3438.23,100
2002,10:11:46,$ 3438.72,100
2003,10:11:35,$ 3438.1452,200
2004,10:11:24,$ 3437.46,100
2005,10:11:21,$ 3436.6462,625
2006,10:11:21,$ 3436.105,100
2007,10:11:19,$ 3435.95,100
2008,10:11:13,$ 3436.26,100
2009,10:11:08,$ 3436.9959,157
2010,10:11:08,$ 3436.65,100
2011,10:11:08,$ 3436.10,100
2012,10:11:08,$ 3436.52,100
2013,10:11:05,$ 3436.5351,100
2014,10:11:05,$ 3436.90,100
2015,10:10:52,$ 3435.99,100
2016,10:10:27,$ 3435.46,100
2017,10:10:25,$ 3435.315,150
2018,10:10:08,$ 3434.92,100
2019,10:09:40,$ 3436.42,100
2020,10:09:40,$ 3436.42,100
2022,10:09:32,$ 3436.44,100
2023,10:09:32,$ 3436.57,100
2024,10:09:32,$ 3436.44,100
2025,10:09:32,$ 3436.44,111
2026,10:09:32,$ 3436.44,100
2027,10:09:24,$ 3436.425,100
2028,10:09:10,$ 3435.225,100
2029,10:09:05,$ 3434.62,100
2030,10:09:01,$ 3434.605,100
2031,10:08:36,$ 3434.77,100
2032,10:08:36,$ 3434.05,100
2033,10:08:23,$ 3433.44,250
2034,10:08:06,$ 3432.76,100
2035,10:07:59,$ 3432.125,100
2036,10:07:36,$ 3432.655,100
2037,10:07:10,$ 3432.1999,100
2038,10:07:05,$ 3432.10,100
2039,10:07:02,$ 3433.015,100
2040,10:06:50,$ 3433.1694,100
2041,10:06:43,$ 3433.84,100
2043,10:06:29,$ 3433.84,100
2044,10:06:24,$ 3433.88,100
2045,10:06:04,$ 3433.67,150
2046,10:05:47,$ 3432.5687,500
2047,10:05:44,$ 3432.07,100
2048,10:05:37,$ 3432.53,100
2049,10:05:37,$ 3432.50,100
2050,10:05:32,$ 3433.20,100
2051,10:05:26,$ 3433.13,100
2052,10:05:26,$ 3433.10,100
2053,10:05:22,$ 3433.275,250
2054,10:05:22,$ 3433.11,100
2055,10:05:20,$ 3434.554,100
2056,10:05:10,$ 3433.725,100
2057,10:05:02,$ 3435.00,100
2058,10:05:02,$ 3434.32,100
2059,10:05:01,$ 3433.635,100
2060,10:04:59,$ 3434.57,100
2061,10:04:58,$ 3434.49,100
2062,10:04:29,$ 3432.59,100
2064,10:03:52,$ 3431.735,100
2065,10:03:48,$ 3431.1639,165
2066,10:03:41,$ 3431.00,100
2067,10:03:30,$ 3431.07,100
2068,10:03:30,$ 3430.89,100
2069,10:03:23,$ 3430.59,100
2070,10:03:19,$ 3430.47,200
2071,10:03:15,$ 3430.475,100
2072,10:03:14,$ 3430.52,100
2073,10:03:11,$ 3430.3837,180
2074,10:03:11,$ 3430.3837,344
2075,10:03:11,$ 3430.25,100
2076,10:03:11,$ 3430.31,100
2077,10:03:11,$ 3430.258,100
2078,10:03:11,$ 3430.26,100
2079,10:03:11,$ 3431.00,100
2080,10:03:11,$ 3431.026,100
2081,10:03:11,$ 3431.12,100
2082,10:03:11,$ 3431.05,100
2083,10:03:07,$ 3432.00,160
2085,10:03:06,$ 3431.49,100
2086,10:03:04,$ 3431.455,100
2087,10:02:59,$ 3432.00,100
2088,10:02:50,$ 3432.37,100
2089,10:02:50,$ 3432.38,100
2090,10:02:37,$ 3433.035,100
2091,10:02:37,$ 3433.345,100
2092,10:02:24,$ 3433.72,167
2093,10:02:22,$ 3433.72,100
2094,10:02:14,$ 3434.02,100
2095,10:01:51,$ 3433.98,100
2096,10:01:48,$ 3433.5196,190
2097,10:01:33,$ 3433.30,100
2098,10:01:30,$ 3433.96,100
2099,10:01:26,$ 3433.29,100
2100,10:01:25,$ 3433.775,100
2101,10:01:25,$ 3433.775,100
2102,10:01:25,$ 3433.255,200
2103,10:01:25,$ 3433.2854,130
2104,10:01:25,$ 3433.27,100
2106,10:01:25,$ 3433.315,100
2107,10:01:24,$ 3434.235,100
2108,10:01:23,$ 3433.93,100
2109,10:01:13,$ 3434.115,100
2110,10:01:13,$ 3433.68,100
2111,10:01:13,$ 3433.71,100
2112,10:01:13,$ 3433.49,100
2113,10:01:13,$ 3433.245,100
2114,10:01:10,$ 3432.975,100
2115,10:01:10,$ 3432.975,100
2116,10:01:10,$ 3432.43,100
2117,10:01:10,$ 3432.39,200
2118,10:01:10,$ 3432.29,100
2119,10:01:09,$ 3432.99,100
2120,10:01:05,$ 3432.645,100
2121,10:01:00,$ 3433.0357,150
2122,10:00:56,$ 3432.62,100
2123,10:00:51,$ 3433.50,100
2124,10:00:49,$ 3434.33,100
2125,10:00:46,$ 3434.92,100
2127,10:00:45,$ 3436.22,100
2128,10:00:35,$ 3438.22,100
2129,10:00:34,$ 3437.00,100
2130,10:00:18,$ 3437.80,100
2131,10:00:15,$ 3437.83,100
2132,10:00:10,$ 3438.62,100
2133,10:00:07,$ 3439.23,100
2134,10:00:06,$ 3439.22,100
2136,10:59:59,$ 3427.435,100
2137,10:59:59,$ 3427.44,100
2138,10:59:58,$ 3427.44,173
2139,10:59:44,$ 3427.77,100
2140,10:59:40,$ 3427.35,137
2141,10:59:37,$ 3427.465,100
2142,10:59:33,$ 3427.29,100
2143,10:59:28,$ 3427.0001,124
2144,10:59:28,$ 3427.03,100
2145,10:59:28,$ 3427.19,100
2146,10:59:28,$ 3427.19,100
2147,10:59:28,$ 3427.38,100
2148,10:59:25,$ 3428.00,100
2149,10:59:18,$ 3428.36,100
2150,10:59:17,$ 3428.63,100
2151,10:59:17,$ 3428.62,100
2152,10:59:12,$ 3428.27,100
2153,10:59:12,$ 3428.45,100
2154,10:59:08,$ 3428.808,400
2155,10:59:08,$ 3428.68,100
2157,10:59:08,$ 3428.21,100
2158,10:59:08,$ 3428.77,291
2159,10:59:08,$ 3428.13,100
2160,10:59:08,$ 3428.21,100
2161,10:59:08,$ 3428.60,100
2162,10:59:08,$ 3428.66,100
2163,10:58:55,$ 3429.28,100
2164,10:58:55,$ 3430.00,100
2165,10:58:55,$ 3430.00,100
2166,10:58:55,$ 3430.01,100
2167,10:58:39,$ 3431.07,100
2168,10:58:39,$ 3431.08,199
2169,10:58:39,$ 3431.08,100
2170,10:58:39,$ 3431.08,100
2171,10:58:30,$ 3431.11,100
2172,10:58:12,$ 3432.1484,100
2173,10:58:03,$ 3431.9696,150
2174,10:58:01,$ 3431.72,100
2175,10:58:01,$ 3431.77,200
2176,10:57:48,$ 3432.4363,100
2178,10:57:33,$ 3433.00,100
2179,10:57:27,$ 3433.76,150
2180,10:57:13,$ 3433.66,100
2181,10:56:53,$ 3434.00,100
2182,10:56:25,$ 3434.3151,171
2183,10:56:03,$ 3434.84,100
2184,10:55:35,$ 3434.98,100
2185,10:55:23,$ 3435.11,100
2186,10:55:17,$ 3434.66,100
2187,10:54:24,$ 3433.455,100
2188,10:53:54,$ 3434.775,100
2189,10:53:54,$ 3434.52,100
2190,10:53:54,$ 3434.40,100
2191,10:53:45,$ 3434.54,100
2192,10:51:54,$ 3436.02,100
2193,10:51:33,$ 3435.9394,100
2194,10:50:53,$ 3435.8052,100
2195,10:50:49,$ 3436.34,500
2196,10:49:48,$ 3434.65,100
2197,10:49:46,$ 3434.81,100
2199,10:49:46,$ 3434.89,100
2200,10:49:46,$ 3434.92,100
2201,10:49:31,$ 3434.04,100
2202,10:49:31,$ 3433.90,100
2203,10:49:23,$ 3433.99,100
2204,10:49:21,$ 3433.75,100
2205,10:49:21,$ 3434.10,100
2206,10:49:09,$ 3434.00,100
2207,10:47:18,$ 3435.05,100
2208,10:45:46,$ 3437.3639,250
2209,10:45:41,$ 3436.28,100
2210,10:45:36,$ 3436.2691,300
2211,10:45:30,$ 3436.86,100
2212,10:43:46,$ 3435.90,100
2213,10:43:45,$ 3435.65,100
2214,10:43:27,$ 3435.6356,108
2215,10:43:16,$ 3435.70,100
2216,10:43:16,$ 3435.705,100
2217,10:43:07,$ 3435.6197,700
2218,10:43:04,$ 3435.35,100
2220,10:42:58,$ 3434.25,100
2221,10:42:58,$ 3434.26,100
2222,10:42:42,$ 3436.632,100
2223,10:42:42,$ 3436.35,100
2224,10:42:42,$ 3436.40,100
2225,10:42:42,$ 3435.00,100
2226,10:42:42,$ 3434.95,100
2227,10:42:41,$ 3435.00,100
2228,10:42:26,$ 3434.00,100
2229,10:42:14,$ 3434.68,100
2230,10:41:59,$ 3435.1127,397
2231,10:41:41,$ 3435.00,100
2232,10:41:39,$ 3434.4985,373
2233,10:41:39,$ 3434.83,100
2234,10:41:39,$ 3434.78,100
2235,10:41:39,$ 3434.78,100
2236,10:41:39,$ 3434.66,100
2237,10:41:23,$ 3433.27,100
2238,10:41:13,$ 3432.00,100
2239,10:41:03,$ 3432.00,100
2241,10:40:46,$ 3431.96,300
2242,10:40:41,$ 3432.00,100
2243,10:40:41,$ 3432.00,100
2244,10:40:41,$ 3432.11,100
2245,10:40:39,$ 3431.53,100
2246,10:40:34,$ 3431.03,"1,000"
2247,10:40:18,$ 3430.515,100
2248,10:40:18,$ 3430.48,100
2249,10:40:11,$ 3431.78,100
2250,10:39:52,$ 3432.87,100
2251,10:39:39,$ 3432.9899,100
2252,10:39:37,$ 3432.90,100
2253,10:39:26,$ 3432.972,100
2254,10:39:26,$ 3432.702,200
2255,10:39:26,$ 3432.40,100
2256,10:39:26,$ 3431.97,100
2257,10:39:26,$ 3432.02,100
2258,10:39:19,$ 3431.75,100
2259,10:39:16,$ 3432.6705,238
2260,10:39:06,$ 3432.02,100
2262,10:38:49,$ 3432.98,100
2263,10:38:19,$ 3433.515,200
2264,10:38:16,$ 3433.505,100
2265,10:37:59,$ 3433.82,100
2266,10:37:53,$ 3433.8201,100
2267,10:37:36,$ 3434.07,270
2268,10:37:34,$ 3434.69,100
2269,10:37:12,$ 3434.23,100
2270,10:37:11,$ 3434.59,106
2271,10:37:11,$ 3435.46,100
2272,10:37:09,$ 3438.54,165
2273,10:37:09,$ 3438.49,100
2274,10:37:09,$ 3438.23,100
2275,10:37:09,$ 3437.93,100
2276,10:37:09,$ 3437.84,100
2277,10:36:20,$ 3438.93,100
2278,10:36:08,$ 3438.53,100
2279,10:36:08,$ 3438.38,100
2280,10:35:55,$ 3439.5899,100
2281,10:35:24,$ 3438.84,100
2283,10:35:22,$ 3438.83,100
2284,10:35:22,$ 3438.83,100
2285,10:35:15,$ 3439.485,100
2286,10:35:14,$ 3438.96,100
2287,10:35:11,$ 3439.705,105
2288,10:34:56,$ 3440.21,100
2289,10:34:39,$ 3439.365,171
2290,10:34:39,$ 3439.365,584
2291,10:34:16,$ 3439.74,100
2292,10:34:10,$ 3440.02,100
2293,10:33:07,$ 3440.17,100
2294,10:32:43,$ 3440.775,100
2295,10:32:39,$ 3440.7468,123
2296,10:32:14,$ 3440.2266,300
2297,10:32:13,$ 3440.475,100
2298,10:32:01,$ 3440.36,100
2299,10:31:55,$ 3439.99,100
2300,10:31:43,$ 3439.3338,170
2301,10:31:43,$ 3439.3338,246
2302,10:31:43,$ 3438.958,100
2304,10:31:43,$ 3438.871,200
2305,10:31:28,$ 3438.2333,188
2306,10:31:28,$ 3438.76,100
2307,10:31:27,$ 3437.6901,100
2308,10:31:10,$ 3437.50,100
2309,10:31:09,$ 3437.25,100
2310,10:30:45,$ 3436.70,100
2311,10:30:34,$ 3437.43,100
2312,10:30:34,$ 3437.09,100
2313,10:30:34,$ 3437.08,100
2314,10:30:34,$ 3436.715,100
2315,10:30:34,$ 3437.08,100
2316,10:30:34,$ 3437.07,100
2317,10:30:23,$ 3436.08,100
2318,10:30:15,$ 3436.04,100
2319,10:30:01,$ 3438.25,250
2321,11:29:59,$ 3424.455,100
2322,11:29:50,$ 3425.25,100
2323,11:29:27,$ 3425.2999,100
2324,11:28:59,$ 3423.87,100
2325,11:28:36,$ 3423.5899,100
2326,11:28:34,$ 3423.00,100
2327,11:28:34,$ 3423.43,128
2328,11:28:32,$ 3423.73,100
2329,11:28:23,$ 3424.85,100
2330,11:28:19,$ 3424.9366,"2,000"
2331,11:27:47,$ 3424.99,100
2332,11:27:47,$ 3424.99,100
2333,11:27:41,$ 3424.78,100
2334,11:27:41,$ 3424.99,100
2335,11:26:52,$ 3424.04,100
2336,11:26:52,$ 3424.16,100
2337,11:26:52,$ 3424.04,100
2338,11:26:36,$ 3425.40,100
2339,11:26:36,$ 3425.1954,300
2340,11:26:33,$ 3426.45,135
2342,11:26:33,$ 3426.45,135
2343,11:26:09,$ 3427.255,100
2344,11:25:43,$ 3427.05,200
2345,11:25:40,$ 3427.43,100
2346,11:25:34,$ 3425.83,106
2347,11:25:34,$ 3425.79,100
2348,11:25:34,$ 3425.93,100
2349,11:25:34,$ 3426.00,101
2350,11:25:34,$ 3426.51,100
2351,11:25:34,$ 3426.50,100
2352,11:25:34,$ 3426.86,100
2353,11:25:34,$ 3426.97,100
2354,11:25:00,$ 3428.59,100
2355,11:24:51,$ 3428.7294,100
2356,11:24:43,$ 3428.44,100
2357,11:23:13,$ 3427.76,100
2358,11:22:28,$ 3426.50,100
2359,11:22:14,$ 3428.55,100
2360,11:22:14,$ 3428.66,100
2361,11:21:53,$ 3429.75,100
2363,11:21:53,$ 3430.05,100
2364,11:21:53,$ 3430.01,100
2365,11:21:53,$ 3430.00,100
2366,11:21:46,$ 3430.415,100
2367,11:21:46,$ 3430.68,100
2368,11:21:27,$ 3430.6101,200
2369,11:21:01,$ 3431.02,100
2370,11:20:55,$ 3430.60,100
2371,11:20:55,$ 3430.53,100
2372,11:20:00,$ 3430.54,100
2373,11:19:39,$ 3429.95,100
2374,11:19:39,$ 3429.92,100
2375,11:19:39,$ 3429.91,100
2376,11:19:21,$ 3431.165,100
2377,11:19:03,$ 3430.23,100
2378,11:19:02,$ 3430.28,100
2379,11:19:01,$ 3430.00,135
2380,11:19:01,$ 3430.00,100
2381,11:18:41,$ 3429.27,100
2382,11:18:17,$ 3428.98,100
2384,11:16:44,$ 3428.73,100
2385,11:16:07,$ 3428.2366,106
2386,11:16:07,$ 3428.145,194
2387,11:16:04,$ 3426.41,100
2388,11:15:53,$ 3427.0024,500
2389,11:15:32,$ 3426.60,100
2390,11:15:28,$ 3426.92,100
2391,11:15:26,$ 3427.207,129
2392,11:15:26,$ 3427.74,100
2393,11:15:12,$ 3428.00,100
2394,11:14:21,$ 3428.54,100
2395,11:13:52,$ 3428.23,100
2396,11:13:52,$ 3428.23,100
2397,11:13:51,$ 3428.45,100
2398,11:12:47,$ 3428.50,100
2399,11:12:47,$ 3428.50,243
2400,11:12:43,$ 3428.50,155
2401,11:11:57,$ 3429.44,100
2402,11:11:54,$ 3428.465,100
2403,11:11:44,$ 3428.255,100
2405,11:11:31,$ 3427.38,100
2406,11:11:25,$ 3427.53,100
2407,11:11:13,$ 3428.46,100
2408,11:10:58,$ 3428.045,100
2409,11:10:56,$ 3427.54,100
2410,11:10:30,$ 3427.10,100
2411,11:10:30,$ 3427.10,100
2412,11:10:30,$ 3427.19,100
2413,11:10:26,$ 3426.93,100
2414,11:10:20,$ 3426.78,100
2415,11:10:20,$ 3426.78,100
2416,11:10:12,$ 3427.98,100
2417,11:10:12,$ 3428.42,100
2418,11:10:10,$ 3428.42,100
2419,11:10:08,$ 3428.705,100
2420,11:10:00,$ 3429.26,100
2421,11:09:44,$ 3429.2696,109
2422,11:09:37,$ 3429.09,100
2423,11:09:37,$ 3430.00,115
2424,11:09:33,$ 3429.52,100
2426,11:09:32,$ 3429.7371,200
2427,11:09:09,$ 3428.8556,"1,000"
2428,11:08:36,$ 3428.6259,265
2429,11:08:26,$ 3429.20,100
2430,11:08:18,$ 3428.03,100
2431,11:08:16,$ 3428.745,100
2432,11:08:16,$ 3429.0864,100
2433,11:08:10,$ 3428.00,281
2434,11:08:10,$ 3428.735,296
2435,11:07:27,$ 3427.895,118
2436,11:07:06,$ 3426.68,237
2437,11:07:03,$ 3427.01,100
2438,11:07:02,$ 3428.6899,200
2439,11:06:49,$ 3426.98,200
2440,11:06:49,$ 3426.93,100
2441,11:06:49,$ 3426.98,100
2442,11:06:24,$ 3426.25,100
2443,11:06:16,$ 3424.44,100
2444,11:05:48,$ 3423.88,100
2445,11:05:37,$ 3422.83,100
2447,11:05:35,$ 3422.94,252
2448,11:05:28,$ 3421.78,100
2449,11:05:18,$ 3421.0301,100
2450,11:05:17,$ 3422.01,110
2451,11:05:17,$ 3422.08,100
2452,11:05:15,$ 3422.18,100
2453,11:05:15,$ 3422.39,100
2454,11:05:13,$ 3422.05,100
2455,11:05:12,$ 3421.82,100
2456,11:05:12,$ 3421.97,100
2457,11:05:02,$ 3421.38,100
2458,11:05:00,$ 3421.705,100
2459,11:05:00,$ 3422.00,100
2460,11:05:00,$ 3422.27,100
2461,11:05:00,$ 3422.91,100
2462,11:04:58,$ 3422.41,100
2463,11:04:55,$ 3423.06,100
2464,11:04:55,$ 3423.02,100
2465,11:04:54,$ 3423.09,100
2466,11:04:41,$ 3423.10,100
2468,11:04:41,$ 3423.26,100
2469,11:04:37,$ 3423.685,100
2470,11:04:37,$ 3423.27,100
2471,11:04:30,$ 3423.45,100
2472,11:04:21,$ 3423.68,100
2473,11:04:18,$ 3423.30,100
2474,11:04:18,$ 3423.73,100
2475,11:04:02,$ 3424.33,100
2476,11:04:00,$ 3424.40,100
2477,11:03:59,$ 3424.40,100
2478,11:03:59,$ 3424.31,100
2479,11:03:48,$ 3424.93,100
2480,11:03:48,$ 3424.98,175
2481,11:03:41,$ 3424.425,118
2482,11:03:39,$ 3425.02,100
2483,11:03:37,$ 3424.78,100
2484,11:03:37,$ 3425.01,100
2485,11:03:34,$ 3424.72,100
2486,11:03:27,$ 3425.04,100
2487,11:03:24,$ 3425.01,100
2489,11:03:23,$ 3425.16,100
2490,11:03:21,$ 3424.43,100
2491,11:03:21,$ 3424.44,100
2492,11:03:15,$ 3424.71,100
2493,11:03:14,$ 3425.35,100
2494,11:03:10,$ 3424.6483,200
2495,11:03:10,$ 3424.86,200
2496,11:03:09,$ 3424.82,100
2497,11:03:03,$ 3424.40,100
2498,11:03:03,$ 3424.42,100
2499,11:03:00,$ 3424.88,100
2500,11:02:59,$ 3424.9153,100
2501,11:02:57,$ 3425.19,100
2502,11:02:56,$ 3425.09,106
2503,11:02:55,$ 3424.85,100
2504,11:02:55,$ 3425.105,100
2505,11:02:54,$ 3424.92,100
2506,11:02:54,$ 3425.23,100
2507,11:02:45,$ 3425.01,100
2508,11:02:38,$ 3425.10,200
2510,11:02:37,$ 3425.00,100
2511,11:02:37,$ 3424.43,100
2512,11:02:33,$ 3424.40,100
2513,11:02:33,$ 3424.50,189
2514,11:02:33,$ 3424.50,"2,464"
2515,11:02:33,$ 3424.50,100
2516,11:02:33,$ 3424.82,108
2517,11:02:33,$ 3424.815,100
2518,11:02:33,$ 3424.57,100
2519,11:02:21,$ 3425.14,100
2520,11:02:21,$ 3425.00,100
2521,11:02:15,$ 3425.11,100
2522,11:02:15,$ 3425.08,100
2523,11:02:14,$ 3425.11,100
2524,11:01:58,$ 3425.475,100
2525,11:01:55,$ 3425.177,100
2526,11:01:54,$ 3425.05,100
2527,11:01:50,$ 3425.49,192
2528,11:01:50,$ 3425.02,100
2529,11:01:50,$ 3425.245,100
2531,11:01:50,$ 3425.245,100
2532,11:01:47,$ 3425.02,100
2533,11:01:47,$ 3425.02,100
2534,11:01:47,$ 3425.02,100
2535,11:01:43,$ 3425.99,100
2536,11:01:43,$ 3425.80,100
2537,11:01:36,$ 3425.0201,200
2538,11:01:35,$ 3425.05,100
2539,11:01:35,$ 3425.28,100
2540,11:01:32,$ 3426.02,100
2541,11:01:30,$ 3426.04,150
2542,11:01:30,$ 3426.00,294
2543,11:01:28,$ 3426.21,100
2544,11:01:28,$ 3426.17,100
2545,11:01:28,$ 3425.67,100
2546,11:01:28,$ 3426.02,100
2547,11:01:28,$ 3426.00,100
2548,11:01:28,$ 3426.40,100
2549,11:01:28,$ 3426.16,100
2550,11:01:28,$ 3426.16,100
2552,11:01:28,$ 3426.16,110
2553,11:01:19,$ 3426.27,100
2554,11:01:19,$ 3426.644,"1,000"
2555,11:01:16,$ 3426.53,100
2556,11:01:13,$ 3426.53,100
2557,11:01:13,$ 3426.76,100
2558,11:01:08,$ 3427.28,112
2559,11:01:03,$ 3427.29,150
2560,11:01:02,$ 3426.773,125
2561,11:00:58,$ 3427.29,100
2562,11:00:58,$ 3427.46,100
2563,11:00:57,$ 3427.50,100
2564,11:00:57,$ 3427.29,100
2565,11:00:47,$ 3427.7733,300
2566,11:00:44,$ 3427.65,100
2567,11:00:41,$ 3427.775,100
2568,11:00:41,$ 3427.54,100
2569,11:00:40,$ 3427.89,100
2570,11:00:40,$ 3427.80,100
2571,11:00:40,$ 3427.82,100
2573,11:00:28,$ 3427.26,100
2574,11:00:27,$ 3427.12,100
2575,11:00:19,$ 3426.27,100
2576,11:00:18,$ 3426.57,100
2577,11:00:18,$ 3426.90,100
2578,11:00:18,$ 3426.99,100
2579,11:00:17,$ 3426.515,100
2580,11:00:08,$ 3426.22,100
2581,11:00:04,$ 3426.15,100
2582,11:00:04,$ 3426.40,190
2583,11:00:04,$ 3426.26,100
2584,11:00:04,$ 3426.36,100
2585,11:00:04,$ 3426.81,100
2586,11:00:03,$ 3427.315,100
2587,11:00:01,$ 3427.00,100
2588,11:00:01,$ 3427.22,100
2590,11:59:55,$ 3434.07,100
2591,11:59:28,$ 3435.19,100
2592,11:59:28,$ 3435.21,100
2593,11:58:55,$ 3434.795,100
2594,11:58:48,$ 3434.105,100
2595,11:58:37,$ 3434.39,100
2596,11:58:18,$ 3434.00,964
2597,11:58:18,$ 3434.32,100
2598,11:58:16,$ 3434.35,100
2599,11:58:15,$ 3434.60,100
2600,11:58:15,$ 3434.64,100
2601,11:57:48,$ 3434.66,100
2602,11:57:41,$ 3434.57,100
2603,11:57:20,$ 3434.39,100
2604,11:57:15,$ 3434.58,100
2605,11:56:57,$ 3434.13,100
2606,11:56:57,$ 3434.13,100
2607,11:56:47,$ 3434.32,100
2608,11:56:44,$ 3432.9611,104
2609,11:56:32,$ 3432.7559,111
2611,11:56:22,$ 3432.88,100
2612,11:55:51,$ 3432.095,195
2613,11:55:26,$ 3433.105,100
2614,11:55:20,$ 3433.26,100
2615,11:53:57,$ 3432.56,100
2616,11:53:55,$ 3433.425,100
2617,11:53:07,$ 3434.10,100
2618,11:52:57,$ 3434.1988,231
2619,11:52:07,$ 3434.282,291
2620,11:51:34,$ 3434.34,100
2621,11:51:26,$ 3433.98,100
2622,11:51:26,$ 3433.8675,109
2623,11:51:09,$ 3433.92,100
2624,11:50:47,$ 3432.19,100
2625,11:50:47,$ 3432.22,100
2626,11:50:47,$ 3432.39,100
2627,11:50:41,$ 3431.57,500
2628,11:50:38,$ 3431.2906,116
2629,11:50:37,$ 3432.22,100
2630,11:50:32,$ 3432.13,500
2632,11:50:26,$ 3433.345,100
2633,11:49:54,$ 3433.75,100
2634,11:49:54,$ 3433.90,100
2635,11:49:54,$ 3433.90,100
2636,11:49:39,$ 3434.305,100
2637,11:49:19,$ 3434.40,100
2638,11:49:07,$ 3434.50,200
2639,11:49:07,$ 3433.73,100
2640,11:48:50,$ 3434.01,100
2641,11:48:35,$ 3434.5426,100
2642,11:47:30,$ 3435.66,100
2643,11:47:30,$ 3435.61,100
2644,11:47:13,$ 3435.035,100
2645,11:46:55,$ 3435.70,267
2646,11:46:55,$ 3435.51,100
2647,11:46:55,$ 3435.62,100
2648,11:46:55,$ 3435.63,100
2649,11:46:55,$ 3435.67,100
2650,11:46:55,$ 3435.67,100
2651,11:46:47,$ 3435.22,300
2653,11:46:37,$ 3435.7199,200
2654,11:46:30,$ 3435.425,100
2655,11:46:20,$ 3434.2801,"1,000"
2656,11:45:25,$ 3433.89,100
2657,11:44:50,$ 3432.66,100
2658,11:44:41,$ 3432.835,100
2659,11:44:40,$ 3432.835,100
2660,11:44:36,$ 3432.8426,100
2661,11:44:31,$ 3432.94,100
2662,11:44:12,$ 3432.82,100
2663,11:43:10,$ 3431.545,300
2664,11:42:55,$ 3431.00,311
2665,11:42:47,$ 3430.00,291
2666,11:42:43,$ 3429.18,100
2667,11:42:37,$ 3428.6132,300
2668,11:42:15,$ 3428.8789,100
2669,11:41:57,$ 3427.1394,232
2670,11:41:31,$ 3427.12,100
2671,11:41:17,$ 3428.00,100
2672,11:40:56,$ 3428.44,100
2674,11:40:42,$ 3429.185,100
2675,11:40:15,$ 3428.00,250
2676,11:40:07,$ 3427.6213,100
2677,11:39:20,$ 3427.53,100
2678,11:39:00,$ 3428.55,100
2679,11:37:17,$ 3428.00,100
2680,11:36:05,$ 3426.6475,101
2681,11:35:24,$ 3425.82,100
2682,11:35:14,$ 3425.855,100
2683,11:35:14,$ 3425.87,100
2684,11:34:59,$ 3425.70,100
2685,11:34:53,$ 3425.57,100
2686,11:34:53,$ 3425.52,100
2687,11:34:42,$ 3426.08,100
2688,11:33:51,$ 3425.81,100
2689,11:33:24,$ 3425.01,100
2690,11:33:22,$ 3425.755,131
2691,11:33:20,$ 3425.52,100
2692,11:33:16,$ 3425.97,100
2693,11:33:16,$ 3425.97,100
2695,11:33:03,$ 3425.95,100
2697,12:29:52,$ 3428.04,100
2698,12:29:52,$ 3428.06,100
2699,12:29:51,$ 3428.42,100
2700,12:29:51,$ 3428.41,100
2701,12:29:51,$ 3428.43,100
2702,12:29:51,$ 3428.50,100
2703,12:29:51,$ 3428.46,100
2704,12:29:51,$ 3428.58,757
2705,12:28:15,$ 3430.17,100
2706,12:28:00,$ 3430.17,100
2707,12:27:58,$ 3430.7426,400
2708,12:26:42,$ 3429.53,100
2709,12:26:05,$ 3428.51,100
2710,12:24:47,$ 3430.40,100
2711,12:24:33,$ 3430.005,100
2712,12:24:12,$ 3429.34,100
2713,12:23:28,$ 3431.37,100
2714,12:22:53,$ 3431.93,149
2715,12:22:43,$ 3432.1899,100
2716,12:22:38,$ 3431.73,175
2718,12:21:56,$ 3431.28,100
2719,12:21:55,$ 3431.49,100
2720,12:21:47,$ 3430.99,100
2721,12:21:36,$ 3430.10,100
2722,12:21:35,$ 3429.47,100
2723,12:20:56,$ 3428.685,100
2724,12:20:27,$ 3428.4143,300
2725,12:20:06,$ 3428.39,282
2726,12:20:06,$ 3428.51,299
2727,12:19:42,$ 3429.12,100
2728,12:19:28,$ 3429.02,100
2729,12:19:18,$ 3428.34,100
2730,12:18:07,$ 3428.37,100
2731,12:18:04,$ 3428.50,100
2732,12:17:19,$ 3428.78,100
2733,12:17:02,$ 3429.63,100
2734,12:16:44,$ 3429.93,100
2735,12:16:44,$ 3429.88,145
2736,12:16:06,$ 3430.57,100
2737,12:14:44,$ 3431.675,100
2739,12:14:44,$ 3430.994,200
2740,12:14:44,$ 3430.66,100
2741,12:14:09,$ 3430.1828,100
2742,12:14:03,$ 3429.55,100
2743,12:13:59,$ 3429.63,100
2744,12:13:59,$ 3429.64,100
2745,12:13:19,$ 3429.00,123
2746,12:13:13,$ 3429.5579,100
2747,12:12:36,$ 3429.51,100
2748,12:11:58,$ 3429.70,100
2749,12:11:39,$ 3430.06,100
2750,12:11:33,$ 3429.84,100
2751,12:11:32,$ 3428.90,100
2752,12:11:32,$ 3428.84,100
2753,12:11:30,$ 3428.84,100
2754,12:11:30,$ 3428.84,100
2755,12:11:27,$ 3428.62,100
2756,12:11:27,$ 3428.64,100
2757,12:11:13,$ 3429.0828,100
2758,12:10:59,$ 3428.41,100
2760,12:10:48,$ 3428.79,100
2761,12:10:20,$ 3429.50,100
2762,12:09:56,$ 3429.90,100
2763,12:09:19,$ 3429.94,100
2764,12:08:47,$ 3430.265,100
2765,12:08:46,$ 3430.18,100
2766,12:08:41,$ 3430.58,100
2767,12:08:39,$ 3430.48,100
2768,12:08:32,$ 3430.16,100
2769,12:08:11,$ 3430.105,100
2770,12:07:45,$ 3430.64,100
2771,12:07:34,$ 3430.30,100
2772,12:06:45,$ 3431.09,900
2773,12:06:41,$ 3431.61,100
2774,12:05:59,$ 3432.24,100
2775,12:05:33,$ 3432.09,100
2776,12:05:30,$ 3432.52,125
2777,12:05:29,$ 3432.63,100
2778,12:05:29,$ 3432.63,100
2779,12:04:12,$ 3433.58,100
2781,12:04:04,$ 3433.02,100
2782,12:04:00,$ 3433.30,100
2783,12:03:43,$ 3432.715,100
2784,12:03:41,$ 3432.545,100
2785,12:03:39,$ 3432.28,100
2786,12:03:29,$ 3432.1313,144
2787,12:03:17,$ 3431.89,100
2788,12:02:33,$ 3432.95,100
2789,12:02:27,$ 3433.045,100
2790,12:02:14,$ 3433.395,100
2791,12:01:46,$ 3433.60,100
2792,12:01:06,$ 3434.35,100
2793,12:00:47,$ 3434.455,100
2794,12:00:02,$ 3434.83,100
2796,12:59:58,$ 3425.545,100
2797,12:59:40,$ 3425.91,100
2798,12:59:37,$ 3425.92,170
2799,12:58:50,$ 3426.14,100
2800,12:58:30,$ 3425.105,100
2801,12:58:30,$ 3425.52,100
2802,12:58:30,$ 3425.49,100
2803,12:58:30,$ 3426.00,292
2804,12:58:25,$ 3425.935,100
2805,12:58:08,$ 3425.466,100
2806,12:58:04,$ 3424.79,100
2807,12:58:03,$ 3424.79,100
2808,12:57:45,$ 3424.355,100
2809,12:57:38,$ 3425.11,100
2810,12:57:31,$ 3425.1101,450
2811,12:57:30,$ 3425.16,100
2812,12:57:12,$ 3424.45,100
2813,12:57:12,$ 3425.02,100
2814,12:57:00,$ 3425.50,200
2815,12:57:00,$ 3425.62,100
2817,12:57:00,$ 3425.50,300
2818,12:56:30,$ 3424.925,100
2819,12:56:15,$ 3426.26,100
2820,12:55:28,$ 3426.35,100
2821,12:55:19,$ 3426.33,140
2822,12:54:53,$ 3426.845,100
2823,12:54:52,$ 3427.0209,100
2824,12:54:52,$ 3426.70,100
2825,12:54:49,$ 3427.00,100
2826,12:54:46,$ 3426.35,100
2827,12:54:45,$ 3426.38,100
2828,12:54:42,$ 3427.45,100
2829,12:54:42,$ 3427.40,100
2830,12:54:18,$ 3426.80,100
2831,12:53:30,$ 3426.69,100
2832,12:53:17,$ 3426.85,100
2833,12:53:11,$ 3426.59,100
2834,12:51:45,$ 3426.075,100
2835,12:51:34,$ 3426.59,100
2836,12:51:17,$ 3426.63,100
2838,12:51:15,$ 3426.945,100
2839,12:50:43,$ 3426.14,100
2840,12:50:30,$ 3425.675,100
2841,12:50:19,$ 3426.595,100
2842,12:50:09,$ 3426.79,100
2843,12:49:31,$ 3426.03,100
2844,12:49:30,$ 3426.03,100
2845,12:49:24,$ 3426.54,100
2846,12:49:14,$ 3426.13,100
2847,12:48:53,$ 3425.99,100
2848,12:48:37,$ 3425.80,100
2849,12:48:33,$ 3425.21,100
2850,12:48:30,$ 3425.33,100
2851,12:48:28,$ 3426.64,100
2852,12:48:25,$ 3426.10,100
2853,12:48:12,$ 3425.9553,100
2854,12:48:12,$ 3425.53,100
2855,12:47:53,$ 3425.00,383
2856,12:47:53,$ 3425.04,100
2857,12:47:52,$ 3425.00,100
2859,12:47:16,$ 3423.61,100
2860,12:47:13,$ 3424.245,100
2861,12:47:04,$ 3424.20,100
2862,12:46:49,$ 3424.445,100
2863,12:46:40,$ 3424.96,100
2864,12:46:28,$ 3424.90,100
2865,12:46:26,$ 3424.59,400
2866,12:46:14,$ 3425.405,100
2867,12:45:53,$ 3425.00,100
2868,12:45:37,$ 3425.27,100
2869,12:45:15,$ 3425.60,100
2870,12:45:12,$ 3425.45,100
2871,12:45:12,$ 3425.7025,100
2872,12:45:12,$ 3425.66,100
2873,12:45:09,$ 3425.575,100
2874,12:44:59,$ 3425.6212,100
2875,12:44:55,$ 3425.71,100
2876,12:44:36,$ 3426.38,100
2877,12:44:31,$ 3426.0019,100
2878,12:44:28,$ 3425.90,100
2880,12:44:01,$ 3425.25,100
2881,12:44:01,$ 3425.25,100
2882,12:43:50,$ 3426.00,100
2883,12:43:50,$ 3426.00,100
2884,12:43:29,$ 3427.16,100
2885,12:43:24,$ 3428.05,100
2886,12:43:04,$ 3428.635,114
2887,12:42:39,$ 3428.59,265
2888,12:42:05,$ 3428.35,100
2889,12:41:42,$ 3428.26,100
2890,12:41:01,$ 3428.59,100
2891,12:40:13,$ 3428.34,100
2892,12:39:48,$ 3427.50,100
2893,12:39:40,$ 3427.955,100
2894,12:39:20,$ 3426.85,100
2895,12:38:09,$ 3428.00,100
2896,12:38:03,$ 3428.33,100
2897,12:38:01,$ 3428.545,100
2898,12:37:47,$ 3428.49,100
2899,12:37:44,$ 3428.80,100
2901,12:36:34,$ 3428.825,100
2902,12:36:22,$ 3429.00,166
2903,12:35:01,$ 3429.94,190
2904,12:34:44,$ 3429.67,100
2905,12:33:42,$ 3429.43,100
2906,12:32:42,$ 3428.86,100
2907,12:32:39,$ 3428.97,100
2908,12:31:23,$ 3427.46,100
2909,12:31:21,$ 3427.98,100
2910,12:30:22,$ 3428.00,100
2911,12:30:22,$ 3428.00,150
2912,12:30:13,$ 3427.635,100
2913,12:30:13,$ 3428.00,100
2914,12:30:13,$ 3428.00,100
2915,12:30:12,$ 3428.00,123
2916,12:30:12,$ 3427.97,100
2917,12:30:12,$ 3427.98,100
2918,12:30:07,$ 3427.97,100
2919,12:30:07,$ 3427.97,100
2920,12:30:06,$ 3427.8899,500
2922,13:29:54,$ 3410.7285,100
2923,13:29:48,$ 3411.00,151
2924,13:29:48,$ 3410.88,100
2925,13:29:48,$ 3411.00,100
2926,13:29:48,$ 3410.89,100
2927,13:29:48,$ 3409.855,100
2928,13:29:48,$ 3410.00,186
2929,13:29:41,$ 3409.57,100
2930,13:29:41,$ 3409.40,100
2931,13:29:41,$ 3409.085,100
2932,13:29:41,$ 3409.40,100
2933,13:29:41,$ 3409.52,100
2934,13:29:41,$ 3409.55,100
2935,13:29:41,$ 3409.57,100
2936,13:29:41,$ 3409.36,100
2937,13:29:31,$ 3408.89,100
2938,13:29:31,$ 3408.88,100
2939,13:29:25,$ 3409.64,260
2940,13:29:23,$ 3408.96,100
2941,13:29:19,$ 3409.15,100
2943,13:29:17,$ 3409.15,100
2944,13:29:11,$ 3409.685,100
2945,13:29:11,$ 3409.685,500
2946,13:29:02,$ 3410.2463,400
2947,13:29:01,$ 3410.09,100
2948,13:28:58,$ 3410.59,100
2949,13:28:58,$ 3410.60,100
2950,13:28:56,$ 3410.248,400
2951,13:28:54,$ 3410.59,100
2952,13:28:51,$ 3410.59,105
2953,13:28:51,$ 3410.275,100
2954,13:28:46,$ 3409.46,100
2955,13:28:46,$ 3409.28,100
2956,13:28:45,$ 3408.88,100
2957,13:28:35,$ 3408.17,100
2958,13:28:33,$ 3408.16,100
2959,13:28:31,$ 3407.61,100
2960,13:28:29,$ 3408.53,100
2961,13:28:25,$ 3407.58,100
2962,13:28:22,$ 3408.76,100
2964,13:28:18,$ 3409.42,100
2965,13:28:17,$ 3408.78,206
2966,13:28:17,$ 3408.78,100
2967,13:28:17,$ 3409.40,500
2968,13:28:06,$ 3408.94,146
2969,13:28:05,$ 3409.235,100
2970,13:28:03,$ 3408.99,100
2971,13:28:00,$ 3408.585,100
2972,13:27:59,$ 3409.00,100
2973,13:27:59,$ 3408.60,100
2974,13:27:58,$ 3408.62,100
2975,13:27:49,$ 3408.00,184
2976,13:27:34,$ 3407.00,100
2977,13:27:28,$ 3407.40,100
2978,13:27:24,$ 3406.89,100
2979,13:27:24,$ 3407.42,200
2980,13:27:22,$ 3407.00,100
2981,13:27:21,$ 3407.43,100
2982,13:27:21,$ 3407.42,100
2983,13:27:19,$ 3407.71,100
2985,13:27:17,$ 3407.47,100
2986,13:27:13,$ 3408.40,100
2987,13:27:13,$ 3407.6764,400
2988,13:26:37,$ 3408.265,100
2989,13:26:31,$ 3408.44,100
2990,13:26:27,$ 3407.58,106
2991,13:26:19,$ 3407.65,100
2992,13:26:17,$ 3407.58,100
2993,13:26:13,$ 3408.565,100
2994,13:25:45,$ 3409.34,100
2995,13:25:34,$ 3408.06,100
2996,13:25:31,$ 3407.44,100
2997,13:25:30,$ 3407.80,100
2998,13:25:27,$ 3408.0675,100
2999,13:25:24,$ 3408.195,100
3000,13:25:21,$ 3408.225,100
3001,13:25:18,$ 3408.00,100
3002,13:25:17,$ 3408.82,100
3003,13:25:14,$ 3408.73,100
3004,13:25:04,$ 3410.2599,100
3006,13:24:44,$ 3408.865,100
3007,13:24:43,$ 3409.95,100
3008,13:24:43,$ 3409.832,159
3009,13:24:43,$ 3409.98,100
3010,13:24:43,$ 3408.78,100
3011,13:24:43,$ 3408.80,100
3012,13:24:43,$ 3408.85,100
3013,13:24:43,$ 3408.73,100
3014,13:24:42,$ 3408.545,100
3015,13:24:37,$ 3408.16,100
3016,13:24:37,$ 3408.94,100
3017,13:24:37,$ 3408.92,100
3018,13:24:31,$ 3407.485,100
3019,13:24:28,$ 3407.49,100
3020,13:24:25,$ 3408.39,100
3021,13:24:22,$ 3408.42,100
3022,13:24:19,$ 3408.40,100
3023,13:24:19,$ 3408.465,100
3024,13:24:17,$ 3408.39,100
3025,13:24:17,$ 3408.425,100
3027,13:24:17,$ 3408.43,100
3028,13:24:04,$ 3408.7799,120
3029,13:24:02,$ 3408.80,200
3030,13:23:59,$ 3408.16,100
3031,13:23:59,$ 3408.26,100
3032,13:23:58,$ 3409.24,100
3033,13:23:58,$ 3408.76,100
3034,13:23:58,$ 3408.75,100
3035,13:23:58,$ 3409.10,100
3036,13:23:56,$ 3408.69,148
3037,13:23:53,$ 3408.68,100
3038,13:23:47,$ 3407.09,100
3039,13:23:44,$ 3406.88,100
3040,13:23:35,$ 3405.97,113
3041,13:23:32,$ 3405.21,200
3042,13:23:32,$ 3405.20,108
3043,13:23:32,$ 3405.21,100
3044,13:23:29,$ 3403.85,100
3045,13:23:20,$ 3402.76,100
3046,13:23:20,$ 3403.22,100
3048,13:23:17,$ 3402.77,100
3049,13:23:11,$ 3403.798,300
3050,13:23:10,$ 3403.4418,200
3051,13:22:59,$ 3403.90,250
3052,13:22:58,$ 3403.235,100
3053,13:22:48,$ 3404.51,100
3054,13:22:33,$ 3402.19,100
3055,13:22:30,$ 3402.18,100
3056,13:22:29,$ 3402.69,100
3057,13:22:29,$ 3403.00,100
3058,13:22:29,$ 3402.72,100
3059,13:22:29,$ 3403.20,100
3060,13:22:29,$ 3402.77,100
3061,13:22:29,$ 3402.755,100
3062,13:22:29,$ 3402.69,100
3063,13:22:29,$ 3403.10,100
3064,13:22:29,$ 3403.19,100
3065,13:22:28,$ 3403.54,100
3066,13:22:28,$ 3402.775,100
3067,13:22:22,$ 3403.36,108
3069,13:22:22,$ 3403.66,100
3070,13:22:22,$ 3403.69,100
3071,13:22:22,$ 3403.66,100
3072,13:22:19,$ 3403.715,100
3073,13:22:17,$ 3403.935,100
3074,13:22:17,$ 3403.835,100
3075,13:22:06,$ 3404.3835,500
3076,13:22:05,$ 3404.495,100
3077,13:22:05,$ 3404.065,100
3078,13:22:05,$ 3404.13,100
3079,13:22:05,$ 3404.808,121
3080,13:22:03,$ 3404.02,100
3081,13:22:00,$ 3404.00,250
3082,13:21:58,$ 3403.00,300
3083,13:21:58,$ 3402.84,100
3084,13:21:47,$ 3401.84,100
3085,13:21:41,$ 3401.03,100
3086,13:21:41,$ 3401.03,100
3087,13:21:41,$ 3401.03,100
3088,13:21:35,$ 3401.03,100
3090,13:21:22,$ 3401.33,137
3091,13:21:21,$ 3401.28,100
3092,13:21:20,$ 3400.37,100
3093,13:21:17,$ 3400.795,100
3094,13:21:10,$ 3401.41,100
3095,13:21:09,$ 3401.41,100
3096,13:21:09,$ 3401.41,100
3097,13:20:47,$ 3403.43,100
3098,13:20:40,$ 3403.58,200
3099,13:20:31,$ 3403.33,100
3100,13:20:30,$ 3402.315,100
3101,13:20:23,$ 3403.3227,100
3102,13:20:19,$ 3404.43,100
3103,13:20:19,$ 3404.43,100
3104,13:20:17,$ 3404.395,100
3105,13:20:15,$ 3404.58,100
3106,13:20:15,$ 3404.61,100
3107,13:20:12,$ 3404.345,100
3108,13:20:00,$ 3404.41,200
3109,13:19:55,$ 3403.876,250
3111,13:19:48,$ 3404.33,100
3112,13:19:33,$ 3403.56,100
3113,13:19:25,$ 3403.625,100
3114,13:19:22,$ 3403.33,100
3115,13:19:19,$ 3404.055,100
3116,13:19:17,$ 3402.92,100
3117,13:19:10,$ 3403.31,100
3118,13:19:09,$ 3403.175,100
3119,13:19:09,$ 3402.94,100
3120,13:18:56,$ 3403.57,100
3121,13:18:56,$ 3403.18,110
3122,13:18:55,$ 3403.48,100
3123,13:18:43,$ 3403.86,100
3124,13:18:34,$ 3403.24,100
3125,13:18:31,$ 3403.59,100
3126,13:18:31,$ 3402.865,100
3127,13:18:31,$ 3403.60,100
3128,13:18:30,$ 3403.53,100
3129,13:18:30,$ 3403.54,100
3130,13:18:29,$ 3403.58,100
3132,13:18:28,$ 3404.00,100
3133,13:18:26,$ 3404.00,100
3134,13:18:21,$ 3404.84,200
3135,13:18:19,$ 3404.05,100
3136,13:18:17,$ 3404.115,100
3137,13:18:12,$ 3404.77,100
3138,13:18:07,$ 3404.50,100
3139,13:17:47,$ 3404.26,100
3140,13:17:46,$ 3404.20,500
3141,13:17:39,$ 3403.57,100
3142,13:17:39,$ 3403.57,100
3143,13:17:39,$ 3403.57,100
3144,13:17:39,$ 3403.57,100
3145,13:17:37,$ 3402.86,100
3146,13:17:37,$ 3403.62,100
3147,13:17:37,$ 3402.94,100
3148,13:17:35,$ 3402.88,100
3149,13:17:34,$ 3403.245,100
3150,13:17:32,$ 3402.925,100
3151,13:17:29,$ 3402.925,100
3153,13:17:25,$ 3403.57,100
3154,13:17:25,$ 3403.585,100
3155,13:17:22,$ 3404.44,100
3156,13:17:22,$ 3404.445,100
3157,13:17:22,$ 3404.225,200
3158,13:17:21,$ 3403.90,100
3159,13:17:21,$ 3403.91,213
3160,13:17:19,$ 3404.69,100
3161,13:17:18,$ 3405.17,100
3162,13:17:12,$ 3405.63,100
3163,13:17:10,$ 3405.09,100
3164,13:17:08,$ 3404.655,100
3165,13:17:08,$ 3404.62,100
3166,13:17:03,$ 3404.11,100
3167,13:17:01,$ 3403.865,100
3168,13:17:00,$ 3403.87,100
3169,13:16:59,$ 3403.8666,150
3170,13:16:51,$ 3404.01,100
3171,13:16:51,$ 3404.00,118
3172,13:16:49,$ 3404.25,100
3174,13:16:44,$ 3404.065,100
3175,13:16:41,$ 3404.6258,400
3176,13:16:40,$ 3404.46,100
3177,13:16:40,$ 3404.46,100
3178,13:16:39,$ 3404.915,100
3179,13:16:38,$ 3404.48,100
3180,13:16:38,$ 3404.74,100
3181,13:16:38,$ 3404.46,146
3182,13:16:38,$ 3404.45,100
3183,13:16:38,$ 3403.605,100
3184,13:16:35,$ 3403.605,100
3185,13:16:34,$ 3403.65,100
3186,13:16:34,$ 3403.57,100
3187,13:16:33,$ 3403.77,100
3188,13:16:31,$ 3404.085,100
3189,13:16:29,$ 3404.065,100
3190,13:16:26,$ 3403.895,100
3191,13:16:23,$ 3404.70,100
3192,13:16:22,$ 3404.6401,315
3193,13:16:20,$ 3404.195,100
3195,13:16:17,$ 3405.27,100
3196,13:16:17,$ 3405.8858,100
3197,13:16:12,$ 3405.90,100
3198,13:16:10,$ 3405.67,100
3199,13:16:00,$ 3406.01,100
3200,13:15:46,$ 3406.32,100
3201,13:15:29,$ 3406.96,100
3202,13:15:28,$ 3406.49,100
3203,13:15:28,$ 3405.92,100
3204,13:15:26,$ 3405.90,100
3205,13:15:20,$ 3406.02,100
3206,13:15:20,$ 3406.39,100
3207,13:15:20,$ 3406.27,100
3208,13:15:20,$ 3405.86,100
3209,13:15:20,$ 3406.21,100
3210,13:15:20,$ 3406.24,100
3211,13:15:20,$ 3406.27,100
3212,13:15:20,$ 3406.27,100
3213,13:15:20,$ 3406.29,100
3214,13:15:17,$ 3405.08,100
3216,13:15:16,$ 3404.92,100
3217,13:15:16,$ 3404.37,100
3218,13:15:16,$ 3404.37,100
3219,13:15:16,$ 3404.36,184
3220,13:15:15,$ 3403.57,100
3221,13:15:14,$ 3402.895,100
3222,13:15:14,$ 3402.90,100
3223,13:15:11,$ 3402.115,100
3224,13:15:10,$ 3403.32,100
3225,13:15:08,$ 3403.3975,106
3226,13:15:08,$ 3404.47,106
3227,13:15:08,$ 3404.47,244
3228,13:15:08,$ 3405.6203,979
3229,13:15:07,$ 3405.615,100
3230,13:15:07,$ 3406.02,100
3231,13:15:04,$ 3405.1301,300
3232,13:15:03,$ 3405.13,100
3233,13:15:02,$ 3407.12,100
3234,13:15:02,$ 3407.14,100
3235,13:15:02,$ 3407.52,100
3237,13:15:02,$ 3407.14,100
3238,13:15:02,$ 3407.32,100
3239,13:15:02,$ 3407.75,160
3240,13:15:02,$ 3406.88,100
3241,13:15:02,$ 3407.21,100
3242,13:15:02,$ 3407.55,100
3243,13:15:01,$ 3407.50,100
3244,13:15:01,$ 3407.97,"1,040"
3245,13:15:01,$ 3407.98,100
3246,13:15:01,$ 3408.51,100
3247,13:15:01,$ 3408.51,100
3248,13:15:01,$ 3408.64,100
3249,13:15:01,$ 3408.64,150
3250,13:15:01,$ 3408.8523,195
3251,13:15:01,$ 3410.00,100
3252,13:15:01,$ 3410.00,100
3253,13:15:01,$ 3410.36,128
3254,13:15:01,$ 3410.93,135
3255,13:15:01,$ 3411.00,100
3256,13:15:01,$ 3411.33,100
3258,13:15:01,$ 3412.00,100
3259,13:15:01,$ 3412.01,100
3260,13:15:01,$ 3412.14,100
3261,13:15:01,$ 3412.22,100
3262,13:15:01,$ 3412.24,101
3263,13:15:01,$ 3412.24,101
3264,13:15:01,$ 3413.01,100
3265,13:15:01,$ 3413.40,100
3266,13:14:56,$ 3413.77,100
3267,13:14:56,$ 3413.77,100
3268,13:14:56,$ 3414.00,100
3269,13:14:50,$ 3413.99,100
3270,13:14:50,$ 3413.99,100
3271,13:14:50,$ 3414.01,100
3272,13:14:48,$ 3415.065,100
3273,13:14:48,$ 3415.01,100
3274,13:14:47,$ 3415.00,100
3275,13:14:47,$ 3415.00,100
3276,13:14:47,$ 3415.15,100
3277,13:14:47,$ 3415.31,100
3279,13:14:44,$ 3416.00,100
3280,13:14:36,$ 3416.60,198
3281,13:14:34,$ 3416.67,100
3282,13:14:33,$ 3416.805,100
3283,13:14:30,$ 3416.805,100
3284,13:14:25,$ 3417.25,100
3285,13:14:07,$ 3417.025,100
3286,13:13:56,$ 3416.90,100
3287,13:13:52,$ 3417.23,100
3288,13:13:50,$ 3416.555,100
3289,13:13:41,$ 3416.61,100
3290,13:13:41,$ 3416.53,100
3291,13:13:39,$ 3417.4007,500
3292,13:13:30,$ 3416.565,100
3293,13:13:15,$ 3417.28,100
3294,13:13:13,$ 3417.5003,100
3295,13:13:02,$ 3418.45,100
3296,13:12:38,$ 3418.02,100
3297,13:12:30,$ 3417.29,107
3298,13:12:26,$ 3418.585,"1,000"
3300,13:11:55,$ 3417.81,100
3301,13:11:55,$ 3418.10,100
3302,13:11:33,$ 3416.59,100
3303,13:11:27,$ 3417.00,200
3304,13:11:02,$ 3418.305,100
3305,13:11:01,$ 3417.62,100
3306,13:11:01,$ 3417.50,100
3307,13:10:53,$ 3416.56,206
3308,13:10:39,$ 3416.885,750
3309,13:10:37,$ 3416.51,100
3310,13:10:33,$ 3416.54,100
3311,13:10:30,$ 3416.565,100
3312,13:10:13,$ 3417.62,100
3313,13:10:13,$ 3417.67,150
3314,13:10:06,$ 3417.925,100
3315,13:10:02,$ 3417.6501,100
3316,13:09:55,$ 3418.27,100
3317,13:09:50,$ 3417.8248,100
3318,13:09:40,$ 3417.805,100
3319,13:09:38,$ 3416.955,100
3321,13:09:37,$ 3417.95,100
3322,13:09:37,$ 3418.20,114
3323,13:09:36,$ 3418.28,100
3324,13:09:33,$ 3419.704,100
3325,13:09:32,$ 3418.925,100
3326,13:09:31,$ 3419.70,113
3327,13:09:31,$ 3419.70,100
3328,13:09:30,$ 3419.485,100
3329,13:09:01,$ 3420.37,100
3330,13:09:01,$ 3420.01,100
3331,13:09:00,$ 3419.985,100
3332,13:09:00,$ 3419.73,100
3333,13:08:53,$ 3419.85,100
3334,13:08:53,$ 3419.80,100
3335,13:08:42,$ 3420.43,100
3336,13:08:40,$ 3420.40,100
3337,13:08:35,$ 3420.25,200
3338,13:08:20,$ 3420.00,366
3339,13:08:16,$ 3420.20,100
3340,13:07:51,$ 3420.52,100
3342,13:07:48,$ 3420.28,100
3343,13:07:42,$ 3420.00,100
3344,13:07:34,$ 3420.20,100
3345,13:07:30,$ 3420.00,100
3346,13:07:29,$ 3420.4158,100
3347,13:07:04,$ 3420.405,100
3348,13:07:02,$ 3420.00,100
3349,13:07:02,$ 3419.80,100
3350,13:07:02,$ 3420.10,100
3351,13:06:51,$ 3420.58,100
3352,13:06:51,$ 3420.62,100
3353,13:06:51,$ 3420.63,100
3354,13:06:35,$ 3420.015,100
3355,13:06:32,$ 3420.02,100
3356,13:06:30,$ 3420.055,100
3357,13:06:13,$ 3420.1765,150
3358,13:06:03,$ 3420.10,100
3359,13:06:03,$ 3420.10,300
3360,13:06:02,$ 3421.00,100
3361,13:05:59,$ 3421.14,100
3363,13:05:57,$ 3421.25,100
3364,13:05:16,$ 3423.02,100
3365,13:05:13,$ 3422.97,100
3366,13:04:53,$ 3422.67,100
3367,13:04:45,$ 3422.99,100
3368,13:04:45,$ 3423.00,100
3369,13:04:30,$ 3422.065,100
3370,13:04:14,$ 3423.12,100
3371,13:04:10,$ 3422.23,200
3372,13:03:57,$ 3422.75,100
3373,13:03:47,$ 3423.135,100
3374,13:03:44,$ 3422.9101,100
3375,13:03:32,$ 3424.81,100
3376,13:03:14,$ 3425.79,100
3377,13:03:09,$ 3425.44,100
3378,13:02:58,$ 3424.33,100
3379,13:02:16,$ 3423.87,100
3380,13:02:16,$ 3423.86,100
3381,13:02:07,$ 3424.33,100
3382,13:02:01,$ 3423.025,100
3384,13:02:00,$ 3423.97,100
3385,13:02:00,$ 3424.29,100
3386,13:01:59,$ 3423.66,100
3387,13:01:58,$ 3423.50,100
3388,13:01:58,$ 3423.74,100
3389,13:01:58,$ 3424.22,100
3390,13:01:50,$ 3425.00,100
3391,13:01:29,$ 3425.19,100
3392,13:00:39,$ 3426.15,100
3393,13:00:08,$ 3426.075,100
3395,13:58:59,$ 3411.4812,100
3396,13:58:57,$ 3411.39,100
3397,13:58:52,$ 3411.79,114
3398,13:58:40,$ 3412.1413,"1,000"
3399,13:58:16,$ 3412.12,119
3400,13:57:34,$ 3412.965,100
3401,13:57:07,$ 3412.86,100
3402,13:57:07,$ 3412.75,100
3403,13:56:45,$ 3413.00,100
3404,13:56:19,$ 3413.65,100
3405,13:55:58,$ 3412.13,100
3406,13:55:56,$ 3411.59,100
3407,13:55:53,$ 3411.84,100
3408,13:55:16,$ 3412.27,100
3409,13:55:06,$ 3412.40,100
3410,13:55:03,$ 3412.20,100
3411,13:55:03,$ 3412.57,150
3412,13:54:25,$ 3411.695,100
3413,13:54:13,$ 3411.80,100
3414,13:53:16,$ 3411.7063,100
3416,13:53:16,$ 3411.97,100
3417,13:52:59,$ 3411.86,100
3418,13:52:58,$ 3411.475,100
3419,13:52:20,$ 3412.02,100
3420,13:52:10,$ 3411.57,100
3421,13:51:44,$ 3411.10,147
3422,13:51:30,$ 3411.49,100
3423,13:51:22,$ 3410.91,200
3424,13:51:22,$ 3410.91,102
3425,13:49:59,$ 3410.041,200
3426,13:49:59,$ 3410.54,100
3427,13:49:59,$ 3411.11,100
3428,13:49:59,$ 3411.35,100
3429,13:49:59,$ 3411.33,100
3430,13:49:00,$ 3410.995,100
3431,13:48:51,$ 3411.40,100
3432,13:48:16,$ 3410.85,100
3433,13:48:09,$ 3411.2467,100
3434,13:48:01,$ 3409.45,200
3435,13:46:27,$ 3411.34,100
3437,13:46:27,$ 3411.34,100
3438,13:46:19,$ 3411.78,100
3439,13:46:18,$ 3411.495,100
3440,13:46:15,$ 3411.94,124
3441,13:45:56,$ 3411.92,200
3442,13:45:40,$ 3411.8312,100
3443,13:45:35,$ 3410.664,"1,000"
3444,13:44:58,$ 3409.67,152
3445,13:43:41,$ 3409.6656,100
3446,13:43:37,$ 3410.00,350
3447,13:43:37,$ 3410.00,134
3448,13:43:36,$ 3410.66,100
3449,13:43:13,$ 3412.75,400
3450,13:43:08,$ 3412.275,100
3451,13:42:14,$ 3412.7166,300
3452,13:42:07,$ 3412.725,200
3453,13:42:02,$ 3412.645,153
3454,13:41:49,$ 3412.35,100
3455,13:41:35,$ 3413.48,250
3456,13:41:22,$ 3413.58,100
3458,13:41:21,$ 3413.75,100
3459,13:40:43,$ 3413.5339,200
3460,13:40:16,$ 3414.41,100
3461,13:40:00,$ 3414.45,100
3462,13:39:46,$ 3414.29,100
3463,13:39:18,$ 3414.36,102
3464,13:39:17,$ 3414.60,500
3465,13:39:04,$ 3414.12,400
3466,13:38:37,$ 3413.71,100
3467,13:38:14,$ 3413.725,125
3468,13:38:08,$ 3413.65,100
3469,13:37:48,$ 3413.54,100
3470,13:37:47,$ 3414.27,100
3471,13:37:37,$ 3413.76,220
3472,13:36:50,$ 3412.8492,100
3473,13:36:48,$ 3413.23,150
3474,13:36:43,$ 3412.86,100
3475,13:36:43,$ 3412.70,100
3476,13:36:25,$ 3413.00,100
3477,13:36:25,$ 3412.99,100
3479,13:36:25,$ 3412.60,100
3480,13:36:25,$ 3412.82,100
3481,13:36:25,$ 3412.95,100
3482,13:36:25,$ 3412.99,100
3483,13:36:25,$ 3413.00,100
3484,13:36:20,$ 3412.06,100
3485,13:36:16,$ 3412.36,100
3486,13:36:14,$ 3412.3601,100
3487,13:36:07,$ 3412.86,293
3488,13:36:07,$ 3412.86,450
3489,13:36:07,$ 3412.46,100
3490,13:36:06,$ 3412.155,100
3491,13:36:06,$ 3412.46,100
3492,13:36:06,$ 3412.53,191
3493,13:36:06,$ 3412.53,100
3494,13:36:06,$ 3412.36,100
3495,13:36:05,$ 3412.25,100
3496,13:36:05,$ 3412.19,100
3497,13:36:04,$ 3412.79,100
3498,13:36:04,$ 3412.53,100
3500,13:35:59,$ 3412.42,100
3501,13:35:41,$ 3411.625,200
3502,13:35:39,$ 3411.625,100
3503,13:35:28,$ 3411.04,100
3504,13:35:18,$ 3409.845,100
3505,13:35:02,$ 3410.28,100
3506,13:34:15,$ 3408.46,119
3507,13:34:15,$ 3407.968,288
3508,13:34:15,$ 3409.07,104
3509,13:34:11,$ 3409.47,100
3510,13:34:11,$ 3409.47,100
3511,13:33:57,$ 3409.52,100
3512,13:33:54,$ 3410.0048,"1,000"
3513,13:33:18,$ 3409.145,100
3514,13:33:17,$ 3408.535,100
3515,13:33:05,$ 3409.07,100
3516,13:33:00,$ 3408.64,100
3517,13:32:56,$ 3407.97,100
3518,13:32:52,$ 3408.45,100
3519,13:32:29,$ 3407.52,100
3521,13:32:29,$ 3407.31,100
3522,13:32:29,$ 3407.31,100
3523,13:32:29,$ 3407.31,100
3524,13:32:29,$ 3407.31,100
3525,13:32:26,$ 3407.3104,100
3526,13:32:25,$ 3407.31,100
3527,13:32:24,$ 3407.31,100
3528,13:32:24,$ 3407.31,100
3529,13:32:22,$ 3407.31,100
3530,13:32:22,$ 3407.32,100
3531,13:32:19,$ 3407.385,100
3532,13:32:17,$ 3407.42,100
3533,13:32:00,$ 3407.83,100
3534,13:31:55,$ 3408.31,100
3535,13:31:50,$ 3409.00,100
3536,13:31:48,$ 3408.461,100
3537,13:31:43,$ 3408.9483,100
3538,13:31:35,$ 3409.57,100
3539,13:31:24,$ 3410.03,100
3540,13:31:23,$ 3410.214,100
3542,13:31:21,$ 3410.50,100
3543,13:31:21,$ 3410.50,100
3544,13:31:21,$ 3410.50,100
3545,13:31:21,$ 3410.59,100
3546,13:31:17,$ 3411.00,100
3547,13:30:36,$ 3410.57,100
3548,13:30:27,$ 3410.97,100
3549,13:30:21,$ 3410.05,100
3550,13:30:19,$ 3411.08,100
3551,13:30:17,$ 3411.10,100
3552,13:30:13,$ 3411.2083,100
3553,13:30:13,$ 3411.545,100
3554,13:30:09,$ 3411.31,352
3555,13:30:09,$ 3411.31,132
3557,14:29:52,$ 3413.98,100
3558,14:29:52,$ 3413.80,100
3559,14:28:56,$ 3412.43,100
3560,14:27:51,$ 3413.04,100
3561,14:27:46,$ 3412.47,100
3562,14:27:46,$ 3412.11,100
3563,14:27:46,$ 3412.00,100
3564,14:27:03,$ 3412.02,100
3565,14:26:45,$ 3411.91,100
3566,14:26:39,$ 3411.90,100
3567,14:26:38,$ 3412.09,100
3568,14:26:30,$ 3411.74,100
3569,14:25:33,$ 3411.72,100
3570,14:24:50,$ 3410.41,100
3571,14:24:29,$ 3410.94,100
3572,14:24:16,$ 3410.0001,257
3573,14:24:06,$ 3410.72,150
3574,14:24:06,$ 3410.53,100
3575,14:24:02,$ 3411.69,100
3576,14:23:58,$ 3410.91,100
3578,14:23:28,$ 3412.31,100
3579,14:23:20,$ 3411.83,100
3580,14:23:17,$ 3412.00,100
3581,14:23:14,$ 3411.99,100
3582,14:23:00,$ 3412.40,100
3583,14:23:00,$ 3412.62,100
3584,14:22:23,$ 3413.5301,300
3585,14:22:23,$ 3413.51,100
3586,14:22:12,$ 3414.52,100
3587,14:22:08,$ 3415.03,100
3588,14:22:08,$ 3415.02,100
3589,14:22:08,$ 3415.03,100
3590,14:22:08,$ 3415.03,100
3591,14:22:08,$ 3415.02,100
3592,14:21:25,$ 3414.68,100
3593,14:21:25,$ 3414.76,319
3594,14:21:24,$ 3415.58,100
3595,14:21:24,$ 3415.28,120
3596,14:21:19,$ 3415.6182,100
3597,14:21:18,$ 3415.5058,110
3599,14:21:04,$ 3415.40,100
3600,14:21:04,$ 3415.50,100
3601,14:20:55,$ 3415.16,100
3602,14:20:21,$ 3416.09,100
3603,14:20:09,$ 3416.45,100
3604,14:19:28,$ 3417.10,100
3605,14:18:59,$ 3416.648,100
3606,14:18:08,$ 3417.42,100
3607,14:17:54,$ 3417.5195,122
3608,14:17:04,$ 3417.825,150
3609,14:16:48,$ 3417.165,100
3610,14:15:37,$ 3417.95,100
3611,14:15:32,$ 3419.0026,200
3612,14:15:30,$ 3419.41,100
3613,14:15:21,$ 3418.21,100
3614,14:14:24,$ 3416.655,100
3615,14:14:22,$ 3416.43,100
3616,14:14:22,$ 3416.12,100
3617,14:14:22,$ 3416.30,100
3618,14:14:20,$ 3415.2903,100
3620,14:13:55,$ 3415.21,100
3621,14:13:33,$ 3415.63,100
3622,14:13:33,$ 3415.63,100
3623,14:13:33,$ 3415.63,100
3624,14:13:17,$ 3415.92,100
3625,14:12:35,$ 3416.05,112
3626,14:12:33,$ 3416.05,100
3627,14:12:33,$ 3416.15,100
3628,14:12:33,$ 3416.10,100
3629,14:12:16,$ 3416.08,180
3630,14:12:11,$ 3416.57,100
3631,14:11:01,$ 3416.92,100
3632,14:10:56,$ 3417.955,100
3633,14:10:47,$ 3417.88,500
3634,14:10:27,$ 3416.83,149
3635,14:10:21,$ 3417.625,100
3636,14:10:12,$ 3417.305,200
3637,14:10:11,$ 3417.3063,267
3638,14:10:05,$ 3417.30,137
3639,14:09:46,$ 3419.00,100
3641,14:09:43,$ 3419.24,100
3642,14:09:24,$ 3419.10,100
3643,14:09:23,$ 3418.89,100
3644,14:09:22,$ 3418.5505,100
3645,14:09:13,$ 3419.0999,110
3646,14:08:49,$ 3418.255,100
3647,14:08:44,$ 3418.63,100
3648,14:08:17,$ 3417.8723,100
3649,14:08:12,$ 3417.7847,892
3650,14:08:06,$ 3417.94,100
3651,14:08:06,$ 3417.79,100
3652,14:08:04,$ 3417.32,100
3653,14:08:04,$ 3417.32,100
3654,14:08:02,$ 3418.00,100
3655,14:07:59,$ 3417.75,100
3656,14:07:49,$ 3417.4155,100
3657,14:07:22,$ 3417.50,105
3658,14:07:20,$ 3417.165,100
3659,14:06:39,$ 3417.00,900
3660,14:05:42,$ 3417.335,100
3662,14:05:40,$ 3417.325,100
3663,14:05:27,$ 3417.559,100
3664,14:05:27,$ 3417.2105,100
3665,14:05:23,$ 3417.47,100
3666,14:05:11,$ 3417.031,100
3667,14:04:58,$ 3416.35,100
3668,14:04:46,$ 3416.16,100
3669,14:04:39,$ 3416.745,100
3670,14:04:02,$ 3417.14,100
3671,14:03:56,$ 3416.62,100
3672,14:03:45,$ 3417.50,100
3673,14:03:27,$ 3416.775,100
3674,14:03:23,$ 3416.9739,197
3675,14:03:23,$ 3417.1508,126
3676,14:02:44,$ 3417.9858,233
3677,14:02:44,$ 3417.9999,200
3678,14:01:49,$ 3415.2601,150
3679,14:01:49,$ 3416.99,100
3680,14:01:47,$ 3416.50,100
3681,14:01:29,$ 3415.985,250
3683,14:01:28,$ 3415.48,199
3684,14:01:04,$ 3414.0713,100
3685,14:01:01,$ 3414.06,100
3686,14:00:58,$ 3414.06,100
3687,14:00:58,$ 3414.04,100
3688,14:00:49,$ 3413.445,700
3689,14:00:18,$ 3412.42,100
3690,14:00:06,$ 3411.545,100
3691,14:00:05,$ 3412.44,131
3693,14:59:37,$ 3417.04,100
3694,14:59:31,$ 3416.69,100
3695,14:59:28,$ 3417.03,100
3696,14:59:27,$ 3416.89,100
3697,14:59:13,$ 3416.76,100
3698,14:58:54,$ 3417.6767,100
3699,14:58:29,$ 3416.835,100
3700,14:58:22,$ 3416.95,200
3701,14:57:42,$ 3418.92,100
3702,14:57:41,$ 3418.26,400
3703,14:57:41,$ 3418.21,100
3704,14:57:34,$ 3418.8494,100
3705,14:57:20,$ 3418.00,119
3706,14:57:20,$ 3418.20,100
3707,14:57:20,$ 3418.08,100
3708,14:57:09,$ 3417.68,100
3709,14:56:53,$ 3417.21,100
3710,14:56:53,$ 3417.21,100
3711,14:56:34,$ 3416.77,289
3712,14:56:05,$ 3415.56,100
3714,14:56:04,$ 3415.53,100
3715,14:54:10,$ 3414.89,100
3716,14:54:08,$ 3414.4898,100
3717,14:54:05,$ 3414.89,108
3718,14:54:00,$ 3413.61,100
3719,14:53:18,$ 3413.47,100
3720,14:53:01,$ 3414.00,100
3721,14:52:53,$ 3414.80,100
3722,14:52:50,$ 3414.045,100
3723,14:52:17,$ 3414.76,100
3724,14:51:52,$ 3416.09,100
3725,14:51:46,$ 3416.54,357
3726,14:51:46,$ 3416.13,100
3727,14:51:46,$ 3416.15,100
3728,14:51:46,$ 3416.06,100
3729,14:51:46,$ 3416.06,100
3730,14:51:35,$ 3415.87,100
3731,14:51:14,$ 3415.3578,"1,000"
3732,14:50:47,$ 3414.485,100
3733,14:50:44,$ 3414.495,100
3735,14:50:29,$ 3415.10,100
3736,14:49:34,$ 3415.24,100
3737,14:49:24,$ 3415.01,100
3738,14:48:49,$ 3414.615,100
3739,14:48:45,$ 3415.125,100
3740,14:48:33,$ 3415.27,100
3741,14:48:18,$ 3416.00,100
3742,14:48:17,$ 3415.78,100
3743,14:48:10,$ 3415.63,100
3744,14:47:55,$ 3415.47,100
3745,14:47:52,$ 3415.0004,100
3746,14:47:50,$ 3415.15,100
3747,14:47:50,$ 3415.585,100
3748,14:47:08,$ 3415.92,100
3749,14:47:08,$ 3415.94,100
3750,14:46:51,$ 3416.45,100
3751,14:46:29,$ 3416.45,100
3752,14:46:12,$ 3416.865,100
3753,14:46:06,$ 3417.48,199
3754,14:45:22,$ 3417.9836,100
3756,14:45:13,$ 3417.50,100
3757,14:45:13,$ 3417.64,100
3758,14:44:59,$ 3417.12,100
3759,14:44:47,$ 3416.83,150
3760,14:44:41,$ 3416.445,100
3761,14:44:38,$ 3417.21,180
3762,14:44:38,$ 3417.20,100
3763,14:44:27,$ 3416.31,100
3764,14:43:58,$ 3415.665,100
3765,14:43:57,$ 3416.07,100
3766,14:43:57,$ 3416.13,100
3767,14:43:57,$ 3416.1301,100
3768,14:43:56,$ 3416.57,100
3769,14:43:44,$ 3416.57,136
3770,14:43:33,$ 3417.02,100
3771,14:43:33,$ 3417.30,100
3772,14:43:32,$ 3417.37,100
3773,14:43:20,$ 3417.36,200
3774,14:42:50,$ 3417.355,100
3775,14:42:11,$ 3416.39,100
3777,14:42:08,$ 3417.01,100
3778,14:41:32,$ 3416.6717,111
3779,14:41:32,$ 3416.6717,101
3780,14:41:26,$ 3416.88,100
3781,14:41:25,$ 3416.545,100
3782,14:41:06,$ 3414.46,100
3783,14:41:06,$ 3414.62,100
3784,14:41:06,$ 3414.77,100
3785,14:40:40,$ 3414.70,100
3786,14:40:40,$ 3414.20,100
3787,14:40:09,$ 3413.83,100
3788,14:40:09,$ 3413.90,100
3789,14:39:48,$ 3413.74,100
3790,14:38:59,$ 3413.36,100
3791,14:38:47,$ 3413.445,100
3792,14:38:38,$ 3413.09,100
3793,14:37:29,$ 3411.93,100
3794,14:37:29,$ 3411.93,100
3795,14:37:29,$ 3411.96,100
3796,14:37:04,$ 3411.97,100
3798,14:37:04,$ 3411.6404,100
3799,14:37:00,$ 3411.64,100
3800,14:36:56,$ 3411.815,100
3801,14:36:29,$ 3411.89,100
3802,14:36:09,$ 3411.45,100
3803,14:36:09,$ 3411.46,100
3804,14:35:45,$ 3412.00,100
3805,14:35:45,$ 3412.01,100
3806,14:35:19,$ 3412.96,100
3807,14:34:28,$ 3412.81,100
3808,14:32:56,$ 3412.73,100
3809,14:32:55,$ 3412.06,100
3810,14:32:33,$ 3411.85,100
3811,14:31:57,$ 3412.615,100
3812,14:31:46,$ 3411.683,100
3813,14:31:32,$ 3412.04,100
3814,14:30:47,$ 3412.11,300
3815,14:30:04,$ 3413.32,100
3817,15:29:59,$ 3419.505,500
3818,15:29:37,$ 3420.76,100
3819,15:29:06,$ 3421.17,100
3820,15:29:06,$ 3420.72,100
3821,15:28:32,$ 3421.305,100
3822,15:28:21,$ 3421.35,100
3823,15:28:04,$ 3421.55,100
3824,15:28:03,$ 3420.56,100
3825,15:27:54,$ 3421.323,100
3826,15:27:30,$ 3421.815,100
3827,15:27:28,$ 3422.18,100
3828,15:27:07,$ 3420.7705,100
3829,15:26:58,$ 3420.00,100
3830,15:26:43,$ 3420.505,100
