,NLS Time (ET),NLS Price,NLS Share Volume
1,09:59:59,$ 3355.00,100
2,09:59:56,$ 3354.19,200
3,09:59:42,$ 3353.26,100
4,09:59:34,$ 3353.00,100
5,09:59:33,$ 3353.905,100
6,09:59:31,$ 3353.60,100
7,09:59:20,$ 3354.58,100
8,09:59:10,$ 3355.005,150
9,09:59:10,$ 3355.00,100
10,09:59:04,$ 3355.01,100
11,09:59:03,$ 3355.05,100
12,09:59:02,$ 3355.525,100
13,09:58:44,$ 3355.8534,129
14,09:58:40,$ 3355.895,100
15,09:58:28,$ 3354.93,140
16,09:57:58,$ 3355.505,150
17,09:57:58,$ 3355.505,100
18,09:57:51,$ 3355.57,100
19,09:57:46,$ 3355.62,100
20,09:57:46,$ 3355.66,100
22,09:57:39,$ 3354.20,100
23,09:57:34,$ 3355.47,100
24,09:57:30,$ 3356.00,100
25,09:57:30,$ 3356.06,100
26,09:57:30,$ 3356.12,100
27,09:57:04,$ 3357.4325,100
28,09:57:04,$ 3356.68,100
29,09:56:55,$ 3357.74,100
30,09:56:44,$ 3358.5666,150
31,09:56:40,$ 3358.2855,100
32,09:56:37,$ 3359.00,302
33,09:56:37,$ 3359.00,100
34,09:56:36,$ 3358.0001,133
35,09:56:36,$ 3358.48,100
36,09:56:33,$ 3357.10,100
37,09:56:30,$ 3357.37,128
38,09:56:17,$ 3356.00,100
39,09:56:09,$ 3356.01,100
40,09:55:57,$ 3354.535,100
41,09:55:57,$ 3354.99,100
43,09:55:55,$ 3354.154,100
44,09:55:30,$ 3354.945,100
45,09:55:10,$ 3353.64,161
46,09:55:00,$ 3354.27,100
47,09:54:30,$ 3354.545,500
48,09:54:30,$ 3355.9699,150
49,09:54:15,$ 3355.016,100
50,09:54:11,$ 3355.435,100
51,09:54:05,$ 3355.50,100
52,09:54:05,$ 3354.58,100
53,09:54:02,$ 3355.50,100
54,09:54:02,$ 3355.50,100
55,09:53:57,$ 3355.305,100
56,09:53:54,$ 3355.58,100
57,09:53:52,$ 3355.35,100
58,09:53:51,$ 3354.30,100
59,09:53:51,$ 3355.50,100
60,09:53:51,$ 3355.54,100
61,09:53:51,$ 3354.26,100
62,09:53:51,$ 3355.54,100
64,09:53:51,$ 3355.54,100
65,09:53:51,$ 3355.54,100
66,09:53:22,$ 3354.185,200
67,09:53:22,$ 3355.00,200
68,09:53:22,$ 3354.829,164
69,09:53:22,$ 3353.71,100
70,09:53:22,$ 3353.71,100
71,09:53:22,$ 3353.36,100
72,09:53:22,$ 3353.36,100
73,09:53:00,$ 3352.82,100
74,09:52:47,$ 3352.04,100
75,09:52:45,$ 3352.8132,491
76,09:52:26,$ 3353.705,100
77,09:52:21,$ 3353.725,100
78,09:52:19,$ 3354.43,100
79,09:52:19,$ 3354.36,100
80,09:52:08,$ 3355.00,100
81,09:52:06,$ 3354.99,100
82,09:52:06,$ 3354.99,125
83,09:52:05,$ 3354.99,100
85,09:52:03,$ 3354.99,100
86,09:52:01,$ 3354.99,100
87,09:51:55,$ 3356.64,100
88,09:51:55,$ 3356.72,100
89,09:51:52,$ 3356.01,120
90,09:51:40,$ 3355.00,100
91,09:51:38,$ 3355.905,100
92,09:51:38,$ 3355.98,100
93,09:51:38,$ 3354.95,200
94,09:51:38,$ 3354.94,100
95,09:51:33,$ 3354.00,100
96,09:51:32,$ 3353.895,100
97,09:51:31,$ 3353.495,100
98,09:51:31,$ 3352.9996,100
99,09:51:27,$ 3352.36,100
100,09:51:27,$ 3352.36,200
101,09:51:25,$ 3353.32,100
102,09:51:23,$ 3353.48,100
103,09:51:06,$ 3352.025,100
104,09:51:03,$ 3351.97,100
106,09:51:03,$ 3351.64,100
107,09:51:00,$ 3352.36,100
108,09:50:59,$ 3352.3745,100
109,09:50:50,$ 3351.97,100
110,09:50:42,$ 3351.00,165
111,09:50:37,$ 3350.68,100
112,09:50:33,$ 3350.1452,120
113,09:50:33,$ 3351.00,100
114,09:50:32,$ 3350.78,100
115,09:50:32,$ 3350.41,100
116,09:50:30,$ 3349.88,100
117,09:50:30,$ 3349.88,268
118,09:50:15,$ 3350.00,600
119,09:50:15,$ 3350.62,100
120,09:50:13,$ 3350.9097,300
121,09:50:10,$ 3351.07,100
122,09:50:05,$ 3350.395,100
123,09:49:59,$ 3351.3525,100
124,09:49:58,$ 3351.285,100
125,09:49:58,$ 3351.93,100
127,09:49:57,$ 3352.6428,397
128,09:49:53,$ 3352.59,100
129,09:49:41,$ 3352.975,100
130,09:49:32,$ 3352.0101,100
131,09:49:30,$ 3353.255,100
132,09:49:30,$ 3352.70,100
133,09:49:16,$ 3353.00,100
134,09:49:16,$ 3353.68,100
135,09:49:16,$ 3353.675,197
136,09:49:06,$ 3353.555,100
137,09:48:57,$ 3353.99,100
138,09:48:53,$ 3353.16,100
139,09:48:51,$ 3353.9157,"1,102"
140,09:48:49,$ 3352.4653,546
141,09:48:47,$ 3353.9999,100
142,09:48:44,$ 3353.17,100
143,09:48:43,$ 3352.99,100
144,09:48:43,$ 3352.99,100
145,09:48:43,$ 3352.99,100
146,09:48:40,$ 3351.89,100
148,09:48:40,$ 3350.795,100
149,09:48:40,$ 3351.89,100
150,09:48:35,$ 3351.895,500
151,09:48:34,$ 3352.00,400
152,09:48:34,$ 3350.97,100
153,09:48:34,$ 3350.95,100
154,09:48:34,$ 3350.95,100
155,09:48:34,$ 3350.97,400
156,09:48:34,$ 3350.97,100
157,09:48:34,$ 3350.95,100
158,09:48:34,$ 3350.95,100
159,09:48:28,$ 3350.24,100
160,09:48:22,$ 3349.515,100
161,09:48:17,$ 3350.145,100
162,09:48:14,$ 3351.00,100
163,09:48:09,$ 3351.485,100
164,09:47:53,$ 3351.29,100
165,09:47:52,$ 3351.2901,100
166,09:47:45,$ 3351.965,100
167,09:47:35,$ 3351.29,100
169,09:47:34,$ 3351.29,100
170,09:47:33,$ 3350.45,100
171,09:47:25,$ 3352.885,100
172,09:47:23,$ 3351.46,100
173,09:47:19,$ 3351.22,100
174,09:47:18,$ 3351.13,100
175,09:47:13,$ 3349.805,100
176,09:47:10,$ 3349.80,100
177,09:47:10,$ 3349.42,100
178,09:47:09,$ 3348.5669,100
179,09:47:06,$ 3349.48,100
180,09:47:01,$ 3348.995,100
181,09:47:01,$ 3348.965,100
182,09:46:54,$ 3348.42,100
183,09:46:54,$ 3348.31,100
184,09:46:54,$ 3347.85,100
185,09:46:54,$ 3347.82,100
186,09:46:53,$ 3349.405,100
187,09:46:52,$ 3347.6415,200
188,09:46:52,$ 3349.75,100
190,09:46:51,$ 3349.52,100
191,09:46:44,$ 3347.995,100
192,09:46:42,$ 3348.345,"2,000"
193,09:46:41,$ 3347.67,100
194,09:46:40,$ 3347.145,100
195,09:46:40,$ 3347.49,100
196,09:46:20,$ 3345.91,100
197,09:46:13,$ 3347.01,100
198,09:45:51,$ 3345.68,100
199,09:45:48,$ 3345.00,100
200,09:45:42,$ 3347.06,100
201,09:45:29,$ 3345.98,100
202,09:45:29,$ 3345.02,100
203,09:45:26,$ 3347.07,100
204,09:45:24,$ 3345.90,900
205,09:45:05,$ 3344.45,100
206,09:45:05,$ 3344.00,118
207,09:45:02,$ 3343.815,100
208,09:44:54,$ 3345.14,100
209,09:44:49,$ 3344.68,100
211,09:44:47,$ 3343.65,100
212,09:44:45,$ 3343.65,100
213,09:44:39,$ 3343.36,100
214,09:44:37,$ 3343.36,100
215,09:44:37,$ 3343.00,100
216,09:44:36,$ 3343.9059,200
217,09:44:26,$ 3343.12,100
218,09:44:26,$ 3343.00,284
219,09:44:13,$ 3343.00,150
220,09:44:13,$ 3343.00,100
221,09:44:12,$ 3343.38,100
222,09:44:12,$ 3343.38,100
223,09:44:07,$ 3344.2031,100
224,09:44:07,$ 3343.30,100
225,09:44:01,$ 3342.93,100
226,09:43:54,$ 3342.73,100
227,09:43:46,$ 3343.26,100
228,09:43:37,$ 3342.49,100
229,09:43:37,$ 3344.03,100
230,09:43:37,$ 3344.02,100
232,09:43:22,$ 3345.3424,100
233,09:43:18,$ 3344.79,100
234,09:43:08,$ 3344.7097,100
235,09:43:07,$ 3345.85,100
236,09:43:06,$ 3345.21,100
237,09:43:06,$ 3345.76,100
238,09:43:06,$ 3345.85,100
239,09:43:06,$ 3345.90,100
240,09:43:04,$ 3344.455,100
241,09:43:01,$ 3345.143,407
242,09:42:53,$ 3345.04,100
243,09:42:45,$ 3344.35,100
244,09:42:40,$ 3344.57,100
245,09:42:36,$ 3344.655,100
246,09:42:36,$ 3345.51,100
247,09:42:35,$ 3345.40,100
248,09:42:32,$ 3344.505,100
249,09:42:30,$ 3344.00,100
250,09:42:30,$ 3343.92,100
251,09:42:28,$ 3345.015,100
253,09:42:28,$ 3345.015,100
254,09:42:19,$ 3345.07,100
255,09:42:13,$ 3345.08,100
256,09:41:58,$ 3345.08,100
257,09:41:55,$ 3345.53,100
258,09:41:45,$ 3345.87,100
259,09:41:40,$ 3344.705,100
260,09:41:37,$ 3344.26,100
261,09:41:27,$ 3344.255,100
262,09:41:27,$ 3344.50,100
263,09:41:22,$ 3344.33,100
264,09:41:10,$ 3344.215,100
265,09:41:10,$ 3344.22,100
266,09:41:10,$ 3344.22,100
267,09:41:06,$ 3344.22,100
268,09:41:06,$ 3343.65,187
269,09:41:06,$ 3345.06,100
270,09:41:02,$ 3344.495,100
271,09:41:02,$ 3345.7512,298
272,09:41:01,$ 3344.01,100
274,09:40:58,$ 3344.07,100
275,09:40:58,$ 3344.15,100
276,09:40:57,$ 3343.65,100
277,09:40:53,$ 3343.71,100
278,09:40:48,$ 3343.056,100
279,09:40:47,$ 3341.8804,100
280,09:40:45,$ 3343.62,100
281,09:40:45,$ 3343.69,100
282,09:40:45,$ 3343.71,100
283,09:40:45,$ 3342.195,100
284,09:40:45,$ 3342.195,100
285,09:40:44,$ 3341.88,100
286,09:40:36,$ 3341.435,100
287,09:40:35,$ 3342.49,100
288,09:40:35,$ 3341.05,100
289,09:40:35,$ 3341.05,185
290,09:40:35,$ 3341.05,100
291,09:40:31,$ 3342.88,100
292,09:40:31,$ 3342.88,100
293,09:40:27,$ 3342.62,100
295,09:44:45,$ 3416.86,100
296,09:44:44,$ 3416.6926,100
297,09:44:37,$ 3415.5855,150
298,09:44:35,$ 3417.25,100
299,09:44:35,$ 3415.87,100
300,09:44:35,$ 3415.75,200
301,09:44:33,$ 3415.375,200
302,09:44:33,$ 3414.93,100
303,09:44:33,$ 3414.90,100
304,09:44:33,$ 3414.85,100
305,09:44:30,$ 3415.435,500
306,09:44:30,$ 3415.50,100
307,09:44:29,$ 3415.43,176
308,09:44:28,$ 3414.65,194
309,09:44:28,$ 3414.39,115
310,09:44:28,$ 3414.54,100
311,09:44:27,$ 3413.73,100
312,09:44:26,$ 3414.39,100
313,09:44:26,$ 3414.38,100
314,09:44:25,$ 3414.374,100
316,09:39:30,$ 3343.725,100
317,09:39:27,$ 3344.5224,500
318,09:39:05,$ 3345.62,100
319,09:39:02,$ 3345.00,159
320,09:39:00,$ 3344.19,100
321,09:39:00,$ 3344.10,100
322,09:38:59,$ 3344.00,100
323,09:38:57,$ 3343.47,100
324,09:38:55,$ 3342.805,100
325,09:38:52,$ 3344.9999,100
326,09:38:47,$ 3343.445,100
327,09:38:47,$ 3343.3725,100
328,09:38:37,$ 3343.655,100
329,09:38:34,$ 3342.90,100
330,09:38:33,$ 3342.58,100
331,09:38:33,$ 3343.20,100
332,09:38:28,$ 3344.82,100
333,09:38:28,$ 3345.00,100
334,09:38:28,$ 3344.486,100
335,09:38:27,$ 3342.59,100
337,09:38:26,$ 3343.7175,100
338,09:38:26,$ 3343.72,100
339,09:38:25,$ 3344.53,100
340,09:38:21,$ 3344.14,100
341,09:38:20,$ 3344.16,100
342,09:38:06,$ 3341.875,100
343,09:38:03,$ 3342.72,100
344,09:38:00,$ 3341.65,100
345,09:37:56,$ 3342.30,100
346,09:37:56,$ 3342.26,100
347,09:37:56,$ 3342.25,100
348,09:37:56,$ 3342.06,100
349,09:37:47,$ 3342.77,100
350,09:37:42,$ 3343.89,100
351,09:37:39,$ 3344.04,100
352,09:37:32,$ 3345.00,100
353,09:37:28,$ 3345.10,100
354,09:37:28,$ 3344.50,100
355,09:37:28,$ 3344.5011,100
356,09:37:26,$ 3344.08,100
358,09:37:22,$ 3343.78,100
359,09:37:22,$ 3343.94,100
360,09:37:15,$ 3343.72,200
361,09:37:13,$ 3343.775,100
362,09:37:13,$ 3343.58,100
363,09:37:12,$ 3345.0599,500
364,09:37:11,$ 3344.018,100
365,09:37:10,$ 3342.57,100
366,09:37:10,$ 3342.62,100
367,09:37:10,$ 3342.66,100
368,09:37:05,$ 3342.12,100
369,09:37:05,$ 3341.9778,500
370,09:37:01,$ 3341.7456,100
371,09:36:58,$ 3342.00,200
372,09:36:58,$ 3342.00,100
373,09:36:58,$ 3342.02,168
374,09:36:58,$ 3342.02,374
375,09:36:58,$ 3342.02,200
376,09:36:58,$ 3342.02,100
377,09:36:58,$ 3342.00,102
379,09:36:58,$ 3342.00,177
380,09:36:58,$ 3342.00,100
381,09:36:58,$ 3342.00,150
382,09:36:57,$ 3342.83,100
383,09:36:54,$ 3342.54,100
384,09:36:54,$ 3342.72,100
385,09:36:52,$ 3343.25,100
386,09:36:48,$ 3344.00,100
387,09:36:44,$ 3344.375,100
388,09:36:43,$ 3344.5236,100
389,09:36:43,$ 3344.584,100
390,09:36:43,$ 3344.5236,100
391,09:36:43,$ 3345.19,100
392,09:36:43,$ 3345.24,100
393,09:36:43,$ 3345.27,100
394,09:36:42,$ 3345.30,100
395,09:36:42,$ 3344.48,100
396,09:36:33,$ 3343.91,100
397,09:36:28,$ 3344.445,200
398,09:36:28,$ 3344.445,200
400,09:36:28,$ 3344.45,100
401,09:36:28,$ 3344.445,700
402,09:36:28,$ 3344.5477,500
403,09:36:28,$ 3344.445,100
404,09:36:26,$ 3343.83,100
405,09:36:26,$ 3343.695,100
406,09:36:23,$ 3343.965,100
407,09:36:07,$ 3344.65,100
408,09:36:06,$ 3344.41,100
409,09:36:02,$ 3343.33,100
410,09:36:01,$ 3345.86,500
411,09:35:44,$ 3346.315,100
412,09:35:44,$ 3346.66,100
413,09:35:43,$ 3345.79,100
414,09:35:43,$ 3345.79,100
415,09:35:38,$ 3346.82,100
416,09:35:30,$ 3348.14,100
417,09:35:19,$ 3348.49,500
418,09:35:13,$ 3348.88,500
419,09:35:06,$ 3346.53,100
421,09:35:02,$ 3345.965,500
422,09:34:58,$ 3348.00,333
423,09:34:58,$ 3349.38,100
424,09:34:58,$ 3349.36,100
425,09:34:58,$ 3349.02,100
426,09:34:58,$ 3350.32,100
427,09:34:56,$ 3350.8799,400
428,09:34:45,$ 3349.02,100
429,09:34:40,$ 3351.60,100
430,09:34:39,$ 3351.515,100
431,09:34:38,$ 3351.65,100
432,09:34:35,$ 3351.56,100
433,09:34:35,$ 3351.54,100
434,09:34:35,$ 3351.51,100
435,09:34:35,$ 3351.51,100
436,09:34:35,$ 3351.51,100
437,09:34:33,$ 3352.255,125
438,09:34:31,$ 3351.5101,200
439,09:34:26,$ 3352.96,100
440,09:34:25,$ 3352.96,100
442,09:34:16,$ 3352.02,100
443,09:34:15,$ 3352.0055,108
444,09:34:15,$ 3351.8074,347
445,09:34:08,$ 3352.9899,100
446,09:34:08,$ 3350.0101,100
447,09:34:04,$ 3349.5001,500
448,09:33:56,$ 3351.66,100
449,09:33:56,$ 3351.65,100
450,09:33:56,$ 3349.20,100
451,09:33:56,$ 3351.33,100
452,09:33:56,$ 3351.32,100
453,09:33:56,$ 3351.33,100
454,09:33:56,$ 3351.33,100
455,09:33:56,$ 3351.22,130
456,09:33:55,$ 3351.42,100
457,09:33:55,$ 3347.20,199
458,09:33:55,$ 3351.82,100
459,09:33:55,$ 3351.79,100
460,09:33:55,$ 3351.78,100
461,09:33:55,$ 3351.81,100
463,09:33:55,$ 3351.81,100
464,09:33:55,$ 3351.79,100
465,09:33:55,$ 3351.78,100
466,09:33:55,$ 3351.79,100
467,09:33:50,$ 3349.9259,250
468,09:33:44,$ 3352.2035,567
469,09:33:44,$ 3352.2035,372
470,09:33:44,$ 3351.86,100
471,09:33:44,$ 3351.79,100
472,09:33:44,$ 3349.92,100
473,09:33:35,$ 3348.62,100
474,09:33:35,$ 3347.62,100
475,09:33:33,$ 3352.66,100
476,09:33:29,$ 3348.00,100
477,09:33:26,$ 3345.175,100
478,09:33:09,$ 3343.975,100
479,09:33:07,$ 3342.75,100
480,09:33:07,$ 3343.61,100
481,09:33:07,$ 3343.68,100
482,09:33:03,$ 3342.82,100
484,09:32:58,$ 3342.3108,100
485,09:32:53,$ 3342.14,100
486,09:32:45,$ 3343.38,100
487,09:32:42,$ 3343.00,100
488,09:32:42,$ 3343.00,100
489,09:32:36,$ 3346.85,100
490,09:32:22,$ 3346.0992,200
491,09:32:16,$ 3346.74,100
492,09:32:14,$ 3348.6947,"1,475"
493,09:32:14,$ 3348.6947,397
494,09:32:13,$ 3344.4801,100
495,09:32:11,$ 3344.48,179
496,09:32:11,$ 3345.70,100
497,09:32:10,$ 3347.1601,157
498,09:32:09,$ 3347.57,100
499,09:32:09,$ 3346.27,100
500,09:32:07,$ 3346.13,100
501,09:32:00,$ 3347.455,100
502,09:31:50,$ 3347.455,100
503,09:31:38,$ 3347.99,100
505,09:31:38,$ 3347.849,200
506,09:31:38,$ 3347.995,100
507,09:31:31,$ 3346.84,500
508,09:31:31,$ 3346.84,100
509,09:31:30,$ 3346.84,100
510,09:31:30,$ 3346.845,100
511,09:31:30,$ 3346.845,100
512,09:31:30,$ 3346.84,100
513,09:31:24,$ 3347.365,100
514,09:31:24,$ 3348.25,100
515,09:31:24,$ 3348.25,100
516,09:31:24,$ 3347.35,100
517,09:31:21,$ 3348.25,500
518,09:31:19,$ 3348.25,100
519,09:31:18,$ 3348.10,100
520,09:31:18,$ 3347.00,417
521,09:31:13,$ 3347.56,100
522,09:31:13,$ 3348.57,100
523,09:31:03,$ 3349.10,100
524,09:31:02,$ 3349.09,100
526,09:31:02,$ 3349.15,100
527,09:31:02,$ 3348.82,100
528,09:31:02,$ 3346.11,100
529,09:31:02,$ 3346.11,100
530,09:31:02,$ 3346.22,100
531,09:31:02,$ 3345.62,100
532,09:31:02,$ 3346.10,100
533,09:31:02,$ 3346.15,100
534,09:31:02,$ 3346.05,100
535,09:31:02,$ 3346.11,100
536,09:30:57,$ 3344.55,122
537,09:30:57,$ 3344.61,100
538,09:30:57,$ 3345.00,152
539,09:30:57,$ 3345.05,100
540,09:30:56,$ 3346.00,100
541,09:30:55,$ 3345.15,100
542,09:30:55,$ 3345.045,100
543,09:30:54,$ 3347.47,100
544,09:30:48,$ 3346.20,100
545,09:30:47,$ 3345.9874,100
547,09:30:47,$ 3345.05,100
548,09:30:45,$ 3345.90,100
549,09:30:45,$ 3346.58,100
550,09:30:45,$ 3346.99,100
551,09:30:43,$ 3346.314,200
552,09:30:41,$ 3347.635,150
553,09:30:39,$ 3347.1878,100
554,09:30:30,$ 3348.54,100
555,09:30:28,$ 3350.35,100
556,09:30:23,$ 3349.04,100
557,09:30:23,$ 3348.935,100
558,09:30:22,$ 3349.11,100
559,09:30:15,$ 3351.27,100
560,09:30:13,$ 3350.075,100
561,09:30:12,$ 3347.215,100
562,09:30:12,$ 3347.065,100
563,09:30:12,$ 3347.03,100
564,09:30:12,$ 3347.01,100
565,09:30:12,$ 3349.54,100
566,09:30:10,$ 3349.19,100
568,09:30:10,$ 3351.27,100
569,09:30:10,$ 3352.00,100
570,09:30:09,$ 3352.878,100
571,09:30:03,$ 3351.86,100
572,09:30:03,$ 3351.27,100
573,09:30:03,$ 3351.86,106
574,09:30:03,$ 3351.91,100
575,09:30:02,$ 3351.00,1
576,09:30:02,$ 3351.00,3
577,09:30:02,$ 3351.00,2
578,09:30:02,$ 3351.00,2
579,09:30:02,$ 3351.00,3
580,09:30:02,$ 3351.00,5
581,09:30:02,$ 3351.00,4
582,09:30:02,$ 3351.00,1
583,09:30:02,$ 3351.00,8
584,09:30:02,$ 3351.00,3
585,09:30:02,$ 3351.00,2
586,09:30:02,$ 3351.00,1
587,09:30:02,$ 3351.00,10
589,09:30:02,$ 3351.00,2
590,09:30:02,$ 3351.00,1
591,09:30:02,$ 3351.00,3
592,09:30:02,$ 3351.00,2
593,09:30:02,$ 3351.00,8
594,09:30:02,$ 3351.00,1
595,09:30:02,$ 3351.00,2
596,09:30:02,$ 3351.00,11
597,09:30:02,$ 3351.00,4
598,09:30:02,$ 3351.00,1
599,09:30:02,$ 3351.00,3
600,09:30:02,$ 3351.00,4
601,09:30:02,$ 3351.00,1
602,09:30:02,$ 3351.00,3
603,09:30:02,$ 3351.00,30
604,09:30:02,$ 3351.00,3
605,09:30:02,$ 3351.00,1
606,09:30:02,$ 3351.00,3
607,09:30:02,$ 3351.00,90
608,09:30:02,$ 3351.00,2
610,09:30:02,$ 3351.00,2
611,09:30:02,$ 3351.00,33
612,09:30:02,$ 3351.00,1
613,09:30:02,$ 3351.00,10
614,09:30:02,$ 3351.00,20
615,09:30:02,$ 3351.00,11
616,09:30:02,$ 3351.00,2
617,09:30:02,$ 3351.00,2
618,09:30:02,$ 3351.00,4
619,09:30:02,$ 3351.00,56
620,09:30:02,$ 3351.00,15
621,09:30:02,$ 3351.00,3
622,09:30:02,$ 3351.00,5
623,09:30:02,$ 3351.00,17
624,09:30:02,$ 3351.00,2
625,09:30:02,$ 3351.00,2
626,09:30:02,$ 3351.00,1
627,09:30:02,$ 3351.00,2
628,09:30:02,$ 3351.00,1
629,09:30:02,$ 3351.00,2
631,09:30:02,$ 3351.00,5
632,09:30:02,$ 3351.00,68
633,09:30:02,$ 3351.00,7
634,09:30:02,$ 3351.00,2
635,09:30:02,$ 3351.00,4
636,09:30:02,$ 3351.00,1
637,09:30:02,$ 3351.00,10
638,09:30:02,$ 3351.00,1
639,09:30:02,$ 3351.00,5
640,09:30:02,$ 3351.00,2
641,09:30:02,$ 3351.00,1
642,09:30:02,$ 3351.00,10
643,09:30:02,$ 3351.00,1
644,09:30:02,$ 3351.00,1
645,09:30:02,$ 3351.00,9
646,09:30:02,$ 3351.00,1
647,09:30:02,$ 3351.00,1
648,09:30:02,$ 3351.00,1
649,09:30:02,$ 3351.00,3
650,09:30:02,$ 3351.00,1
652,09:30:02,$ 3351.00,1
653,09:30:02,$ 3351.00,35
654,09:30:02,$ 3351.00,1
655,09:30:02,$ 3351.00,1
656,09:30:02,$ 3351.00,1
657,09:30:02,$ 3351.00,1
658,09:30:02,$ 3351.00,1
659,09:30:02,$ 3351.00,2
660,09:30:02,$ 3351.00,5
661,09:30:02,$ 3351.00,1
662,09:30:02,$ 3351.00,1
663,09:30:02,$ 3351.00,5
664,09:30:02,$ 3351.00,1
665,09:30:02,$ 3351.00,2
666,09:30:02,$ 3351.00,4
667,09:30:02,$ 3351.00,1
668,09:30:02,$ 3351.00,2
669,09:30:02,$ 3351.00,1
670,09:30:02,$ 3351.00,1
671,09:30:02,$ 3351.00,8
673,09:30:02,$ 3351.00,3
674,09:30:02,$ 3351.00,6
675,09:30:02,$ 3351.00,2
676,09:30:02,$ 3351.00,1
677,09:30:02,$ 3351.00,1
678,09:30:02,$ 3351.00,1
679,09:30:02,$ 3351.00,1
680,09:30:02,$ 3351.00,2
681,09:30:02,$ 3351.00,6
682,09:30:02,$ 3351.00,9
683,09:30:02,$ 3351.00,1
684,09:30:02,$ 3351.00,3
685,09:30:02,$ 3351.00,1
686,09:30:02,$ 3351.00,13
687,09:30:02,$ 3351.00,2
688,09:30:02,$ 3351.00,13
689,09:30:02,$ 3351.00,1
690,09:30:02,$ 3351.00,1
691,09:30:02,$ 3351.00,2
692,09:30:02,$ 3351.00,10
694,09:30:02,$ 3351.00,2
695,09:30:02,$ 3351.00,7
696,09:30:02,$ 3351.00,3
697,09:30:02,$ 3351.00,1
698,09:30:02,$ 3351.00,1
699,09:30:02,$ 3351.00,3
700,09:30:02,$ 3351.00,1
701,09:30:02,$ 3351.00,1
702,09:30:02,$ 3351.00,1
703,09:30:02,$ 3351.00,2
704,09:30:02,$ 3351.00,1
705,09:30:02,$ 3351.00,1
706,09:30:02,$ 3351.00,3
707,09:30:02,$ 3351.00,3
708,09:30:02,$ 3351.00,9
709,09:30:02,$ 3351.00,1
710,09:30:02,$ 3351.00,50
711,09:30:02,$ 3351.00,2
712,09:30:02,$ 3351.00,100
713,09:30:02,$ 3351.00,1
715,09:30:02,$ 3351.00,7
716,09:30:02,$ 3351.00,1
717,09:30:02,$ 3351.00,1
718,09:30:02,$ 3351.00,1
719,09:30:02,$ 3351.00,20
720,09:30:02,$ 3351.00,10
721,09:30:02,$ 3351.00,1
722,09:30:02,$ 3351.00,4
723,09:30:02,$ 3351.00,2
724,09:30:02,$ 3351.00,1
725,09:30:02,$ 3351.00,2
726,09:30:02,$ 3351.00,1
727,09:30:02,$ 3351.00,3
728,09:30:02,$ 3351.00,4
729,09:30:02,$ 3351.00,2
730,09:30:02,$ 3351.00,5
731,09:30:02,$ 3351.00,2
732,09:30:02,$ 3351.00,5
733,09:30:02,$ 3351.00,2
734,09:30:02,$ 3351.00,3
736,09:30:02,$ 3351.00,2
737,09:30:02,$ 3351.00,1
738,09:30:02,$ 3351.00,2
739,09:30:02,$ 3351.00,1
740,09:30:02,$ 3351.00,1
741,09:30:02,$ 3351.00,15
742,09:30:02,$ 3351.00,4
743,09:30:02,$ 3351.00,1
744,09:30:02,$ 3351.00,2
745,09:30:02,$ 3351.00,2
746,09:30:02,$ 3351.00,2
747,09:30:02,$ 3351.00,1
748,09:30:02,$ 3351.00,1
749,09:30:02,$ 3351.00,1
750,09:30:02,$ 3351.00,2
751,09:30:02,$ 3351.00,1
752,09:30:02,$ 3351.00,2
753,09:30:02,$ 3351.00,3
754,09:30:02,$ 3351.00,1
755,09:30:02,$ 3351.00,2
757,09:30:02,$ 3351.00,1
758,09:30:02,$ 3351.00,2
759,09:30:02,$ 3351.00,3
760,09:30:02,$ 3351.00,3
761,09:30:02,$ 3351.00,2
762,09:30:02,$ 3351.00,1
763,09:30:02,$ 3351.00,2
764,09:30:02,$ 3351.00,4
765,09:30:02,$ 3351.00,1
766,09:30:02,$ 3351.00,2
767,09:30:02,$ 3351.00,2
768,09:30:02,$ 3351.00,1
769,09:30:02,$ 3351.00,1
770,09:30:02,$ 3351.00,1
771,09:30:02,$ 3351.00,1
772,09:30:02,$ 3351.00,3
773,09:30:02,$ 3351.00,1
774,09:30:02,$ 3351.00,1
775,09:30:02,$ 3351.00,2
776,09:30:02,$ 3351.00,3
778,09:30:02,$ 3351.00,3
779,09:30:02,$ 3351.00,3
780,09:30:02,$ 3351.00,1
781,09:30:02,$ 3351.00,20
782,09:30:02,$ 3351.00,20
783,09:30:02,$ 3351.00,8
784,09:30:02,$ 3351.00,1
785,09:30:02,$ 3351.00,10
786,09:30:02,$ 3351.00,10
787,09:30:02,$ 3351.00,1
788,09:30:02,$ 3351.00,1
789,09:30:02,$ 3351.00,2
790,09:30:02,$ 3351.00,10
791,09:30:02,$ 3351.00,1
792,09:30:02,$ 3351.00,1
793,09:30:02,$ 3351.00,2
794,09:30:02,$ 3351.00,1
795,09:30:02,$ 3351.00,5
796,09:30:02,$ 3351.00,5
797,09:30:02,$ 3351.00,5
799,09:30:02,$ 3351.00,8
800,09:30:02,$ 3351.00,5
801,09:30:02,$ 3351.00,1
802,09:30:02,$ 3351.00,1
803,09:30:02,$ 3351.00,2
804,09:30:02,$ 3351.00,1
805,09:30:02,$ 3351.00,5
806,09:30:02,$ 3351.00,5
807,09:30:02,$ 3351.00,3
808,09:30:02,$ 3351.00,38
809,09:30:02,$ 3351.00,100
810,09:30:02,$ 3351.00,5
811,09:30:02,$ 3351.00,1
812,09:30:02,$ 3351.00,1
813,09:30:02,$ 3351.00,1
814,09:30:02,$ 3351.00,10
815,09:30:02,$ 3351.00,90
816,09:30:02,$ 3351.00,2
817,09:30:02,$ 3351.00,1
818,09:30:02,$ 3351.00,1
820,09:30:02,$ 3351.00,20
821,09:30:02,$ 3351.00,25
822,09:30:02,$ 3351.00,14
823,09:30:02,$ 3351.00,5
824,09:30:02,$ 3351.00,4
825,09:30:02,$ 3351.00,35
826,09:30:02,$ 3351.00,1
827,09:30:02,$ 3351.00,7
828,09:30:02,$ 3351.00,2
829,09:30:02,$ 3351.00,9
830,09:30:02,$ 3351.00,7
831,09:30:02,$ 3351.00,1
832,09:30:02,$ 3351.00,2
833,09:30:02,$ 3351.00,1
834,09:30:02,$ 3351.00,1
835,09:30:02,$ 3351.00,1
836,09:30:02,$ 3351.00,1
837,09:30:02,$ 3351.00,1
838,09:30:02,$ 3351.00,1
839,09:30:02,$ 3351.00,5
841,09:30:02,$ 3351.00,14
842,09:30:02,$ 3351.00,16
843,09:30:02,$ 3351.00,1
844,09:30:02,$ 3351.00,2
845,09:30:02,$ 3351.00,1
846,09:30:02,$ 3351.00,5
847,09:30:02,$ 3351.00,30
848,09:30:02,$ 3351.00,"2,000"
849,09:30:02,$ 3351.00,3
850,09:30:02,$ 3351.00,2
851,09:30:02,$ 3351.00,10
852,09:30:02,$ 3351.00,2
853,09:30:02,$ 3351.00,2
854,09:30:02,$ 3351.00,2
855,09:30:02,$ 3351.00,40
856,09:30:02,$ 3351.00,4
857,09:30:02,$ 3351.00,2
858,09:30:02,$ 3351.00,3
859,09:30:02,$ 3351.00,2
860,09:30:02,$ 3351.00,1
862,09:30:02,$ 3351.00,3
863,09:30:02,$ 3351.00,3
864,09:30:02,$ 3351.00,4
865,09:30:02,$ 3351.00,9
866,09:30:02,$ 3351.00,5
867,09:30:02,$ 3351.00,5
868,09:30:02,$ 3351.00,2
869,09:30:02,$ 3351.00,29
870,09:30:02,$ 3351.00,1
871,09:30:02,$ 3351.00,4
872,09:30:02,$ 3351.00,1
873,09:30:02,$ 3351.00,1
874,09:30:02,$ 3351.00,1
875,09:30:02,$ 3351.00,1
876,09:30:02,$ 3351.00,7
877,09:30:02,$ 3351.00,1
878,09:30:02,$ 3351.00,1
879,09:30:02,$ 3351.00,5
880,09:30:02,$ 3351.00,1
881,09:30:02,$ 3351.00,1
883,09:30:02,$ 3351.00,3
884,09:30:02,$ 3351.00,4
885,09:30:02,$ 3351.00,2
886,09:30:02,$ 3351.00,1
887,09:30:02,$ 3351.00,30
888,09:30:02,$ 3351.00,6
889,09:30:02,$ 3351.00,2
890,09:30:02,$ 3351.00,10
891,09:30:02,$ 3351.00,9
892,09:30:02,$ 3351.00,15
893,09:30:02,$ 3351.00,1
894,09:30:02,$ 3351.00,15
895,09:30:02,$ 3351.00,1
896,09:30:02,$ 3351.00,2
897,09:30:02,$ 3351.00,122
898,09:30:02,$ 3351.00,1
899,09:30:02,$ 3351.00,3
900,09:30:02,$ 3351.00,7
901,09:30:02,$ 3351.00,1
902,09:30:02,$ 3351.00,2
904,09:30:02,$ 3442.52,2
905,09:30:02,$ 3442.52,2
906,09:30:02,$ 3442.52,3
907,09:30:02,$ 3442.52,1
908,09:30:02,$ 3442.52,2
909,09:30:02,$ 3442.52,1
910,09:30:02,$ 3442.52,1
911,09:30:02,$ 3442.52,1
912,09:30:02,$ 3442.52,1
913,09:30:02,$ 3442.52,1
914,09:30:02,$ 3442.52,1
915,09:30:02,$ 3442.52,1
916,09:30:02,$ 3442.52,9
917,09:30:02,$ 3442.52,3
918,09:30:02,$ 3442.52,60
919,09:30:02,$ 3442.52,2
920,09:30:02,$ 3442.52,1
921,09:30:02,$ 3442.52,1
922,09:30:02,$ 3442.52,6
923,09:30:02,$ 3442.52,3
925,09:30:02,$ 3351.00,2
926,09:30:02,$ 3351.00,1
927,09:30:02,$ 3351.00,1
928,09:30:02,$ 3351.00,4
929,09:30:02,$ 3351.00,1
930,09:30:02,$ 3351.00,1
931,09:30:02,$ 3351.00,4
932,09:30:02,$ 3351.00,75
933,09:30:02,$ 3351.00,1
934,09:30:02,$ 3351.00,1
935,09:30:02,$ 3351.00,2
936,09:30:02,$ 3351.00,1
937,09:30:02,$ 3351.00,1
938,09:30:02,$ 3351.00,5
939,09:30:02,$ 3351.00,1
940,09:30:02,$ 3351.00,2
941,09:30:02,$ 3351.00,1
942,09:30:02,$ 3351.00,2
943,09:30:02,$ 3351.00,10
944,09:30:02,$ 3351.00,1
946,09:30:02,$ 3351.00,2
947,09:30:02,$ 3351.00,1
948,09:30:02,$ 3351.00,3
949,09:30:02,$ 3351.00,1
950,09:30:02,$ 3351.00,1
951,09:30:02,$ 3351.00,1
952,09:30:02,$ 3351.00,1
953,09:30:02,$ 3351.00,1
954,09:30:02,$ 3351.00,10
955,09:30:02,$ 3351.00,1
956,09:30:02,$ 3351.00,1
957,09:30:02,$ 3351.00,1
958,09:30:02,$ 3351.00,1
959,09:30:02,$ 3351.00,2
960,09:30:02,$ 3351.00,2
961,09:30:02,$ 3351.00,7
962,09:30:02,$ 3351.00,1
963,09:30:02,$ 3351.00,1
964,09:30:02,$ 3351.00,1
965,09:30:02,$ 3351.00,1
967,09:30:02,$ 3351.00,1
968,09:30:02,$ 3351.00,2
969,09:30:02,$ 3351.00,1
970,09:30:02,$ 3351.00,1
971,09:30:02,$ 3351.00,1
972,09:30:02,$ 3351.00,1
973,09:30:02,$ 3351.00,1
974,09:30:02,$ 3351.00,1
975,09:30:02,$ 3351.00,1
976,09:30:02,$ 3351.00,1
977,09:30:02,$ 3351.00,1
978,09:30:02,$ 3351.00,1
979,09:30:02,$ 3351.00,1
980,09:30:02,$ 3351.00,1
981,09:30:02,$ 3351.00,1
982,09:30:02,$ 3351.00,1
983,09:30:02,$ 3351.00,1
984,09:30:02,$ 3351.00,1
985,09:30:02,$ 3351.00,1
986,09:30:02,$ 3351.00,1
988,09:30:02,$ 3351.00,1
989,09:30:02,$ 3351.00,1
990,09:30:02,$ 3351.00,1
991,09:30:02,$ 3351.00,1
992,09:30:02,$ 3351.00,1
993,09:30:02,$ 3351.00,1
994,09:30:02,$ 3351.00,1
995,09:30:02,$ 3351.00,1
996,09:30:02,$ 3351.00,1
997,09:30:02,$ 3351.00,1
998,09:30:02,$ 3351.00,1
999,09:30:02,$ 3351.00,1
1000,09:30:02,$ 3351.00,1
1001,09:30:02,$ 3351.00,5
1002,09:30:02,$ 3351.00,2
1003,09:30:02,$ 3351.00,2
1004,09:30:02,$ 3351.00,1
1005,09:30:02,$ 3351.00,2
1006,09:30:02,$ 3351.00,2
1007,09:30:02,$ 3351.00,1
1009,09:30:02,$ 3351.00,5
1010,09:30:02,$ 3351.00,8
1011,09:30:02,$ 3351.00,30
1012,09:30:02,$ 3351.00,1
1013,09:30:02,$ 3351.00,9
1014,09:30:02,$ 3351.00,1
1015,09:30:02,$ 3351.00,1
1016,09:30:02,$ 3351.00,1
1017,09:30:02,$ 3351.00,1
1018,09:30:02,$ 3351.00,1
1019,09:30:02,$ 3351.00,2
1020,09:30:02,$ 3351.00,2
1021,09:30:02,$ 3351.00,1
1022,09:30:02,$ 3351.00,1
1023,09:30:02,$ 3351.00,3
1024,09:30:02,$ 3351.00,1
1025,09:30:02,$ 3351.00,1
1026,09:30:02,$ 3351.00,2
1027,09:30:02,$ 3351.00,1
1028,09:30:02,$ 3351.00,1
1030,09:30:02,$ 3351.00,2
1031,09:30:02,$ 3351.00,1
1032,09:30:02,$ 3351.00,17
1033,09:30:02,$ 3351.00,2
1034,09:30:02,$ 3351.00,7
1035,09:30:02,$ 3351.00,1
1036,09:30:02,$ 3351.00,1
1037,09:30:02,$ 3351.00,1
1038,09:30:02,$ 3351.00,3
1039,09:30:02,$ 3351.00,1
1040,09:30:02,$ 3351.00,6
1041,09:30:02,$ 3351.00,1
1042,09:30:02,$ 3351.00,4
1043,09:30:02,$ 3351.00,3
1044,09:30:02,$ 3351.00,5
1045,09:30:02,$ 3351.00,12
1046,09:30:02,$ 3351.00,15
1047,09:30:02,$ 3351.00,1
1048,09:30:02,$ 3351.00,3
1049,09:30:02,$ 3351.00,1
1051,09:30:02,$ 3351.00,4
1052,09:30:02,$ 3351.00,1
1053,09:30:02,$ 3351.00,20
1054,09:30:02,$ 3351.00,8
1055,09:30:02,$ 3351.00,1
1056,09:30:02,$ 3351.00,1
1057,09:30:02,$ 3351.00,1
1058,09:30:02,$ 3351.00,1
1059,09:30:02,$ 3351.00,1
1060,09:30:02,$ 3351.00,1
1061,09:30:02,$ 3351.00,1
1062,09:30:02,$ 3351.00,1
1063,09:30:02,$ 3351.00,1
1064,09:30:02,$ 3351.00,1
1065,09:30:02,$ 3351.00,1
1066,09:30:02,$ 3351.00,1
1067,09:30:02,$ 3351.00,1
1068,09:30:02,$ 3351.00,1
1069,09:30:02,$ 3351.00,1
1070,09:30:02,$ 3351.00,1
1072,09:30:02,$ 3351.00,1
1073,09:30:02,$ 3351.00,1
1074,09:30:02,$ 3351.00,1
1075,09:30:02,$ 3351.00,1
1076,09:30:02,$ 3351.00,1
1077,09:30:02,$ 3351.00,1
1078,09:30:02,$ 3351.00,1
1079,09:30:02,$ 3351.00,1
1080,09:30:02,$ 3351.00,1
1081,09:30:02,$ 3351.00,1
1082,09:30:02,$ 3351.00,1
1083,09:30:02,$ 3351.00,1
1084,09:30:02,$ 3351.00,1
1085,09:30:02,$ 3351.00,1
1086,09:30:02,$ 3351.00,1
1087,09:30:02,$ 3351.00,1
1088,09:30:02,$ 3351.00,1
1089,09:30:02,$ 3351.00,1
1090,09:30:02,$ 3351.00,1
1091,09:30:02,$ 3351.00,1
1093,09:30:02,$ 3351.00,1
1094,09:30:02,$ 3351.00,1
1095,09:30:02,$ 3351.00,1
1096,09:30:02,$ 3351.00,1
1097,09:30:02,$ 3351.00,1
1098,09:30:02,$ 3351.00,1
1099,09:30:02,$ 3351.00,1
1100,09:30:02,$ 3351.00,1
1101,09:30:02,$ 3351.00,1
1102,09:30:02,$ 3351.00,1
1103,09:30:02,$ 3351.00,1
1104,09:30:02,$ 3351.00,1
1105,09:30:02,$ 3351.00,1
1106,09:30:02,$ 3351.00,1
1107,09:30:02,$ 3351.00,1
1108,09:30:02,$ 3351.00,1
1109,09:30:02,$ 3351.00,1
1110,09:30:02,$ 3351.00,1
1111,09:30:02,$ 3351.00,5
1112,09:30:02,$ 3351.00,1
1114,09:30:02,$ 3351.00,10
1115,09:30:02,$ 3351.00,2
1116,09:30:02,$ 3351.00,1
1117,09:30:02,$ 3351.00,1
1118,09:30:02,$ 3351.00,1
1119,09:30:02,$ 3351.00,1
1120,09:30:02,$ 3351.00,1
1121,09:30:02,$ 3351.00,1
1122,09:30:02,$ 3351.00,1
1123,09:30:02,$ 3351.00,1
1124,09:30:02,$ 3351.00,1
1125,09:30:02,$ 3351.00,1
1126,09:30:02,$ 3351.00,1
1127,09:30:02,$ 3351.00,1
1128,09:30:02,$ 3351.00,1
1129,09:30:02,$ 3351.00,1
1130,09:30:02,$ 3351.00,1
1131,09:30:02,$ 3351.00,1
1132,09:30:02,$ 3351.00,36
1133,09:30:02,$ 3351.00,2
1135,09:30:02,$ 3351.00,2
1136,09:30:02,$ 3351.00,6
1137,09:30:02,$ 3351.00,3
1138,09:30:02,$ 3351.00,15
1139,09:30:02,$ 3351.00,1
1140,09:30:02,$ 3351.00,6
1141,09:30:02,$ 3351.00,3
1142,09:30:02,$ 3351.00,2
1143,09:30:02,$ 3351.00,4
1144,09:30:02,$ 3351.00,10
1145,09:30:02,$ 3351.00,1
1146,09:30:02,$ 3351.00,70
1147,09:30:02,$ 3351.00,1
1148,09:30:02,$ 3351.00,2
1149,09:30:02,$ 3351.00,6
1150,09:30:02,$ 3351.00,1
1151,09:30:02,$ 3351.00,36
1152,09:30:02,$ 3351.00,14
1153,09:30:02,$ 3351.00,20
1154,09:30:02,$ 3351.00,10
1156,09:30:02,$ 3351.00,2
1157,09:30:02,$ 3351.00,29
1158,09:30:02,$ 3351.00,1
1159,09:30:02,$ 3351.00,1
1160,09:30:02,$ 3351.00,1
1161,09:30:02,$ 3351.00,1
1162,09:30:02,$ 3351.00,1
1163,09:30:02,$ 3351.00,1
1164,09:30:02,$ 3351.00,1
1165,09:30:02,$ 3351.00,1
1166,09:30:02,$ 3351.00,2
1167,09:30:02,$ 3351.00,1
1168,09:30:02,$ 3351.00,1
1169,09:30:02,$ 3351.00,29
1170,09:30:02,$ 3351.00,1
1171,09:30:02,$ 3351.00,15
1172,09:30:02,$ 3351.00,1
1173,09:30:02,$ 3351.00,2
1174,09:30:02,$ 3351.00,1
1175,09:30:02,$ 3351.00,2
1177,09:30:02,$ 3351.00,4
1178,09:30:02,$ 3351.00,3
1179,09:30:02,$ 3351.00,1
1180,09:30:02,$ 3351.00,2
1181,09:30:02,$ 3351.00,5
1182,09:30:02,$ 3351.00,14
1183,09:30:02,$ 3351.00,2
1184,09:30:02,$ 3351.00,3
1185,09:30:02,$ 3351.00,2
1186,09:30:02,$ 3351.00,50
1187,09:30:02,$ 3351.00,3
1188,09:30:02,$ 3351.00,7
1189,09:30:02,$ 3351.00,2
1190,09:30:02,$ 3351.00,100
1191,09:30:02,$ 3351.00,3
1192,09:30:02,$ 3351.00,1
1193,09:30:02,$ 3351.00,18
1194,09:30:02,$ 3351.00,1
1195,09:30:02,$ 3351.00,10
1196,09:30:02,$ 3351.00,6
1198,09:30:02,$ 3351.00,1
1199,09:30:02,$ 3351.00,3
1200,09:30:02,$ 3351.00,4
1201,09:30:02,$ 3351.00,1
1202,09:30:02,$ 3351.00,6
1203,09:30:02,$ 3351.00,6
1204,09:30:02,$ 3351.00,1
1205,09:30:02,$ 3351.00,30
1206,09:30:02,$ 3351.00,1
1207,09:30:02,$ 3351.00,2
1208,09:30:02,$ 3351.00,3
1209,09:30:02,$ 3351.00,2
1210,09:30:02,$ 3351.00,7
1211,09:30:02,$ 3351.00,8
1212,09:30:02,$ 3351.00,3
1213,09:30:02,$ 3351.00,70
1214,09:30:02,$ 3351.00,38
1215,09:30:02,$ 3351.00,17
1216,09:30:02,$ 3351.00,5
1217,09:30:02,$ 3351.00,4
1219,09:30:02,$ 3351.00,5
1220,09:30:02,$ 3351.00,81
1221,09:30:02,$ 3351.00,8
1222,09:30:02,$ 3351.00,9
1223,09:30:02,$ 3351.00,2
1224,09:30:02,$ 3351.00,13
1225,09:30:02,$ 3351.00,2
1226,09:30:02,$ 3351.00,2
1227,09:30:02,$ 3351.00,9
1228,09:30:02,$ 3351.00,5
1229,09:30:02,$ 3351.00,5
1230,09:30:02,$ 3351.00,4
1231,09:30:02,$ 3351.00,4
1232,09:30:02,$ 3351.00,6
1233,09:30:02,$ 3351.00,3
1234,09:30:02,$ 3351.00,3
1235,09:30:02,$ 3351.00,9
1236,09:30:02,$ 3351.00,7
1237,09:30:02,$ 3351.00,3
1238,09:30:02,$ 3351.00,2
1240,09:30:02,$ 3351.00,2
1241,09:30:02,$ 3351.00,11
1242,09:30:02,$ 3351.00,2
1243,09:30:02,$ 3351.00,5
1244,09:30:02,$ 3351.00,4
1245,09:30:02,$ 3351.00,12
1246,09:30:02,$ 3351.00,3
1247,09:30:02,$ 3351.00,6
1248,09:30:02,$ 3351.00,2
1249,09:30:02,$ 3351.00,1
1250,09:30:02,$ 3351.00,8
1251,09:30:02,$ 3351.00,1
1252,09:30:02,$ 3351.00,"4,236"
1253,09:30:02,$ 3351.00,5
1254,09:30:02,$ 3351.00,10
1255,09:30:02,$ 3351.00,1
1256,09:30:02,$ 3351.00,23
1257,09:30:02,$ 3351.00,2
1258,09:30:02,$ 3351.00,6
1259,09:30:02,$ 3351.00,3
1261,09:30:02,$ 3351.00,66
1262,09:30:02,$ 3351.00,2
1263,09:30:02,$ 3351.00,6
1264,09:30:02,$ 3351.00,2
1265,09:30:02,$ 3351.00,1
1266,09:30:02,$ 3351.00,4
1267,09:30:02,$ 3351.00,1
1268,09:30:02,$ 3351.00,2
1269,09:30:02,$ 3351.00,2
1270,09:30:02,$ 3351.00,2
1271,09:30:02,$ 3351.00,8
1272,09:30:02,$ 3351.00,3
1273,09:30:02,$ 3351.00,1
1274,09:30:02,$ 3351.00,1
1275,09:30:02,$ 3351.00,17
1276,09:30:02,$ 3351.00,1
1277,09:30:02,$ 3351.00,2
1278,09:30:02,$ 3351.00,1
1279,09:30:02,$ 3351.00,6
1280,09:30:02,$ 3351.00,10
1282,09:30:02,$ 3351.00,2
1283,09:30:02,$ 3351.00,5
1284,09:30:02,$ 3351.00,1
1285,09:30:02,$ 3351.00,1
1286,09:30:02,$ 3351.00,1
1287,09:30:02,$ 3351.00,2
1288,09:30:02,$ 3351.00,4
1289,09:30:02,$ 3351.00,2
1290,09:30:02,$ 3351.00,10
1291,09:30:02,$ 3351.00,2
1292,09:30:02,$ 3351.00,2
1293,09:30:02,$ 3351.00,1
1294,09:30:02,$ 3351.00,1
1295,09:30:02,$ 3351.00,1
1296,09:30:02,$ 3351.00,1
1297,09:30:02,$ 3351.00,1
1298,09:30:02,$ 3351.00,1
1299,09:30:02,$ 3351.00,4
1300,09:30:02,$ 3351.00,3
1301,09:30:02,$ 3351.00,87
1303,09:30:02,$ 3351.00,1
1304,09:30:02,$ 3351.00,5
1305,09:30:02,$ 3351.00,5
1306,09:30:02,$ 3351.00,2
1307,09:30:02,$ 3351.00,1
1308,09:30:02,$ 3351.00,1
1309,09:30:02,$ 3351.00,5
1310,09:30:02,$ 3351.00,3
1311,09:30:02,$ 3351.00,1
1312,09:30:02,$ 3351.00,178
1313,09:30:02,$ 3351.00,2
1314,09:30:02,$ 3351.00,1
1315,09:30:02,$ 3351.00,193
1316,09:30:02,$ 3351.00,26
1317,09:30:02,$ 3351.00,1
1318,09:30:02,$ 3351.00,15
1319,09:30:02,$ 3351.00,1
1320,09:30:02,$ 3351.00,2
1321,09:30:02,$ 3351.00,1
1322,09:30:02,$ 3351.00,1
1324,09:30:02,$ 3351.00,1
1325,09:30:02,$ 3351.00,1
1326,09:30:02,$ 3351.00,2
1327,09:30:02,$ 3351.00,10
1328,09:30:02,$ 3351.00,40
1329,09:30:02,$ 3351.00,10
1330,09:30:02,$ 3351.00,1
1331,09:30:02,$ 3351.00,1
1332,09:30:02,$ 3351.00,10
1333,09:30:02,$ 3351.00,2
1334,09:30:02,$ 3351.00,1
1335,09:30:02,$ 3351.00,1
1336,09:30:02,$ 3351.00,4
1337,09:30:02,$ 3351.00,3
1338,09:30:02,$ 3351.00,3
1339,09:30:02,$ 3351.00,10
1340,09:30:02,$ 3351.00,17
1341,09:30:02,$ 3351.00,5
1342,09:30:02,$ 3351.00,3
1343,09:30:02,$ 3351.00,10
1345,09:30:02,$ 3351.00,2
1346,09:30:02,$ 3351.00,1
1347,09:30:02,$ 3351.00,2
1348,09:30:02,$ 3351.00,3
1349,09:30:02,$ 3351.00,5
1350,09:30:02,$ 3351.00,4
1351,09:30:02,$ 3351.00,500
1352,09:30:02,$ 3351.00,2
1353,09:30:02,$ 3351.00,10
1354,09:30:02,$ 3351.00,2
1355,09:30:02,$ 3351.00,1
1356,09:30:02,$ 3351.00,2
1357,09:30:02,$ 3351.00,17
1358,09:30:02,$ 3351.00,20
1359,09:30:02,$ 3351.00,3
1360,09:30:02,$ 3351.00,1
1361,09:30:02,$ 3351.00,3
1362,09:30:02,$ 3351.00,150
1363,09:30:02,$ 3351.00,3
1364,09:30:02,$ 3351.00,3
1366,09:30:02,$ 3351.00,2
1367,09:30:02,$ 3351.00,4
1368,09:30:02,$ 3351.00,2
1369,09:30:02,$ 3351.00,2
1370,09:30:02,$ 3351.00,2
1371,09:30:02,$ 3351.00,1
1372,09:30:02,$ 3351.00,29
1373,09:30:02,$ 3351.00,1
1374,09:30:02,$ 3351.00,1
1375,09:30:02,$ 3351.00,20
1376,09:30:02,$ 3351.00,2
1377,09:30:02,$ 3351.00,1
1378,09:30:02,$ 3351.00,5
1379,09:30:02,$ 3351.00,2
1380,09:30:02,$ 3351.00,4
1381,09:30:02,$ 3351.00,4
1382,09:30:02,$ 3351.00,5
1383,09:30:02,$ 3351.00,10
1384,09:30:02,$ 3351.00,6
1385,09:30:02,$ 3351.00,7
1387,09:30:02,$ 3351.00,8
1388,09:30:02,$ 3351.00,11
1389,09:30:02,$ 3351.00,1
1390,09:30:02,$ 3351.00,1
1391,09:30:02,$ 3351.00,29
1392,09:30:02,$ 3351.00,14
1393,09:30:02,$ 3351.00,8
1394,09:30:02,$ 3351.00,2
1395,09:30:02,$ 3351.00,8
1396,09:30:02,$ 3351.00,60
1397,09:30:02,$ 3351.00,2
1398,09:30:02,$ 3351.00,1
1399,09:30:02,$ 3351.00,1
1400,09:30:02,$ 3351.00,40
1401,09:30:02,$ 3351.00,6
1402,09:30:02,$ 3351.00,6
1403,09:30:02,$ 3351.00,6
1404,09:30:02,$ 3351.00,270
1405,09:30:02,$ 3351.00,5
1406,09:30:02,$ 3351.00,2
1408,09:30:02,$ 3351.00,90
1409,09:30:02,$ 3351.00,273
1410,09:30:02,$ 3351.00,3
1411,09:30:02,$ 3351.00,3
1412,09:30:02,$ 3351.00,1
1413,09:30:02,$ 3351.00,30
1414,09:30:02,$ 3351.00,1
1415,09:30:02,$ 3351.00,40
1416,09:30:02,$ 3351.00,1
1417,09:30:02,$ 3351.00,10
1418,09:30:02,$ 3351.00,1
1419,09:30:02,$ 3351.00,4
1420,09:30:02,$ 3351.00,1
1421,09:30:02,$ 3351.00,1
1422,09:30:02,$ 3351.00,12
1423,09:30:02,$ 3351.00,3
1424,09:30:02,$ 3351.00,1
1425,09:30:02,$ 3351.00,1
1426,09:30:02,$ 3351.00,1
1427,09:30:02,$ 3351.00,2
1429,09:30:02,$ 3351.00,3
1430,09:30:02,$ 3351.00,5
1431,09:30:02,$ 3351.00,1
1432,09:30:02,$ 3351.00,12
1433,09:30:02,$ 3351.00,59
1434,09:30:02,$ 3351.00,2
1435,09:30:02,$ 3351.00,8
1436,09:30:02,$ 3351.00,4
1437,09:30:02,$ 3351.00,46
1438,09:30:02,$ 3351.00,1
1439,09:30:02,$ 3351.00,5
1440,09:30:02,$ 3351.00,1
1441,09:30:02,$ 3351.00,1
1442,09:30:02,$ 3351.00,1
1443,09:30:02,$ 3351.00,2
1444,09:30:02,$ 3351.00,2
1445,09:30:02,$ 3351.00,1
1446,09:30:02,$ 3351.00,3
1447,09:30:02,$ 3351.00,1
1448,09:30:02,$ 3351.00,1
1450,09:30:02,$ 3351.00,1
1451,09:30:02,$ 3351.00,1
1452,09:30:02,$ 3351.00,1
1453,09:30:02,$ 3351.00,1
1454,09:30:02,$ 3351.00,1
1455,09:30:02,$ 3351.00,1
1456,09:30:02,$ 3351.00,1
1457,09:30:02,$ 3351.00,1
1458,09:30:02,$ 3351.00,1
1459,09:30:02,$ 3351.00,1
1460,09:30:02,$ 3351.00,1
1461,09:30:02,$ 3351.00,1
1462,09:30:02,$ 3351.00,7
1463,09:30:02,$ 3351.00,1
1464,09:30:02,$ 3351.00,1
1465,09:30:02,$ 3351.00,1
1466,09:30:02,$ 3351.00,1
1467,09:30:02,$ 3351.00,1
1468,09:30:02,$ 3351.00,1
1469,09:30:02,$ 3351.00,1
1471,09:30:02,$ 3351.00,1
1472,09:30:02,$ 3351.00,1
1473,09:30:02,$ 3351.00,1
1474,09:30:02,$ 3351.00,5
1475,09:30:02,$ 3351.00,1
1476,09:30:02,$ 3351.00,1
1477,09:30:02,$ 3351.00,9
1478,09:30:02,$ 3351.00,1
1479,09:30:02,$ 3351.00,5
1480,09:30:02,$ 3351.00,3
1481,09:30:02,$ 3351.00,2
1482,09:30:02,$ 3351.00,6
1483,09:30:02,$ 3351.00,815
1484,09:30:02,$ 3351.00,810
1485,09:30:02,$ 3351.00,13
1486,09:30:02,$ 3351.00,1
1487,09:30:02,$ 3351.00,2
1488,09:30:02,$ 3351.00,1
1489,09:30:02,$ 3351.00,2
1490,09:30:02,$ 3351.00,1
1492,09:30:02,$ 3351.00,1
1493,09:30:02,$ 3351.00,1
1494,09:30:02,$ 3351.00,5
1495,09:30:02,$ 3351.00,1
1496,09:30:02,$ 3351.00,2
1497,09:30:02,$ 3351.00,2
1498,09:30:02,$ 3351.00,1
1499,09:30:02,$ 3351.00,2
1500,09:30:02,$ 3351.00,11
1501,09:30:02,$ 3351.00,1
1502,09:30:02,$ 3351.00,4
1503,09:30:02,$ 3351.00,1
1504,09:30:02,$ 3351.00,1
1505,09:30:02,$ 3351.00,1
1506,09:30:02,$ 3351.00,5
1507,09:30:02,$ 3351.00,2
1508,09:30:02,$ 3351.00,7
1509,09:30:02,$ 3351.00,3
1510,09:30:02,$ 3351.00,3
1511,09:30:02,$ 3351.00,3
1513,09:30:02,$ 3351.00,2
1514,09:30:02,$ 3351.00,2
1515,09:30:02,$ 3351.00,1
1516,09:30:02,$ 3351.00,5
1517,09:30:02,$ 3351.00,4
1518,09:30:02,$ 3351.00,1
1519,09:30:02,$ 3351.00,1
1520,09:30:02,$ 3351.00,1
1521,09:30:02,$ 3351.00,2
1522,09:30:02,$ 3351.00,5
1523,09:30:02,$ 3351.00,1
1524,09:30:02,$ 3351.00,2
1525,09:30:02,$ 3351.00,1
1526,09:30:02,$ 3351.00,4
1527,09:30:02,$ 3351.00,3
1528,09:30:02,$ 3351.00,3
1529,09:30:02,$ 3351.00,1
1530,09:30:02,$ 3351.00,6
1531,09:30:02,$ 3351.00,9
1532,09:30:02,$ 3351.00,33
1534,09:30:02,$ 3351.00,154
1535,09:30:02,$ 3351.00,105
1536,09:30:02,$ 3351.00,5
1537,09:30:02,$ 3351.00,2
1538,09:30:02,$ 3351.00,700
1539,09:30:02,$ 3351.00,"1,021"
1540,09:30:02,$ 3351.00,"2,270"
1541,09:30:02,$ 3351.00,16
1542,09:30:02,$ 3351.00,13
1543,09:30:02,$ 3351.00,200
1544,09:30:02,$ 3351.00,5
1545,09:30:02,$ 3351.00,17
1546,09:30:02,$ 3351.00,2
1547,09:30:02,$ 3351.00,23
1548,09:30:02,$ 3351.00,1
1549,09:30:02,$ 3351.00,4
1550,09:30:02,$ 3351.00,1
1551,09:30:02,$ 3351.00,1
1552,09:30:02,$ 3351.00,25
1553,09:30:02,$ 3351.00,1
1555,09:30:02,$ 3351.00,26
1556,09:30:02,$ 3351.00,71
1557,09:30:02,$ 3351.00,256
1558,09:30:02,$ 3351.00,3
1559,09:30:02,$ 3351.00,2
1560,09:30:02,$ 3351.00,300
1561,09:30:02,$ 3351.00,20
1562,09:30:02,$ 3351.00,1
1563,09:30:02,$ 3351.00,"1,281"
1564,09:30:02,$ 3351.00,20
1565,09:30:02,$ 3351.00,10
1566,09:30:02,$ 3351.00,1
1567,09:30:02,$ 3351.00,1
1568,09:30:02,$ 3351.00,3
1569,09:30:02,$ 3351.00,8
1570,09:30:02,$ 3351.00,30
1571,09:30:02,$ 3351.00,167
1572,09:30:02,$ 3351.00,20
1573,09:30:02,$ 3351.00,7
1574,09:30:02,$ 3351.00,80
1576,09:30:02,$ 3351.00,1
1577,09:30:02,$ 3351.00,4
1578,09:30:02,$ 3351.00,2
1579,09:30:02,$ 3351.00,10
1580,09:30:02,$ 3351.00,1
1581,09:30:02,$ 3351.00,1
1582,09:30:02,$ 3351.00,4
1583,09:30:02,$ 3351.00,31
1584,09:30:02,$ 3351.00,40
1585,09:30:02,$ 3351.00,30
1586,09:30:02,$ 3351.00,2
1587,09:30:02,$ 3351.00,6
1588,09:30:02,$ 3351.00,29
1589,09:30:02,$ 3351.00,1
1590,09:30:02,$ 3351.00,1
1591,09:30:02,$ 3351.00,1
1592,09:30:02,$ 3351.00,75
1593,09:30:02,$ 3351.00,2
1594,09:30:02,$ 3351.00,5
1595,09:30:02,$ 3351.00,4
1597,09:30:02,$ 3351.00,2
1598,09:30:02,$ 3351.00,1
1599,09:30:02,$ 3351.00,100
1600,09:30:02,$ 3351.00,2
1601,09:30:02,$ 3351.00,50
1602,09:30:02,$ 3351.00,12
1603,09:30:02,$ 3351.00,1
1604,09:30:02,$ 3351.00,16
1605,09:30:02,$ 3351.00,10
1606,09:30:02,$ 3351.00,16
1607,09:30:02,$ 3351.00,10
1608,09:30:02,$ 3351.00,1
1609,09:30:02,$ 3351.00,3
1610,09:30:02,$ 3351.00,1
1611,09:30:02,$ 3351.00,25
1612,09:30:02,$ 3351.00,1
1613,09:30:02,$ 3351.00,20
1614,09:30:02,$ 3351.00,300
1615,09:30:02,$ 3351.00,150
1616,09:30:02,$ 3351.00,1
1618,09:30:02,$ 3351.00,4
1619,09:30:02,$ 3351.00,1
1620,09:30:02,$ 3351.00,5
1621,09:30:02,$ 3351.00,22
1622,09:30:02,$ 3351.00,1
1623,09:30:02,$ 3351.00,4
1624,09:30:02,$ 3351.00,1
1625,09:30:02,$ 3351.00,3
1626,09:30:02,$ 3351.00,1
1627,09:30:02,$ 3351.00,3
1628,09:30:02,$ 3351.00,15
1629,09:30:02,$ 3351.00,5
1630,09:30:02,$ 3351.00,1
1631,09:30:02,$ 3351.00,918
1632,09:30:02,$ 3351.00,1
1633,09:30:02,$ 3351.00,1
1634,09:30:02,$ 3351.00,1
1635,09:30:02,$ 3351.00,2
1636,09:30:02,$ 3351.00,1
1637,09:30:02,$ 3351.00,1
1639,09:30:02,$ 3351.00,2
1640,09:30:02,$ 3351.00,805
1641,09:30:02,$ 3351.00,2
1642,09:30:02,$ 3351.00,6
1643,09:30:02,$ 3351.00,9
1644,09:30:02,$ 3351.00,34
1645,09:30:02,$ 3351.00,23
1646,09:30:02,$ 3351.00,15
1647,09:30:02,$ 3351.00,25
1648,09:30:02,$ 3351.00,50
1649,09:30:02,$ 3351.00,1
1650,09:30:02,$ 3351.00,11
1651,09:30:02,$ 3351.00,152
1652,09:30:02,$ 3351.00,1
1653,09:30:02,$ 3351.00,1
1654,09:30:02,$ 3351.00,1
1655,09:30:02,$ 3351.00,4
1656,09:30:02,$ 3351.00,1
1657,09:30:02,$ 3351.00,3
1658,09:30:02,$ 3351.00,1
1660,09:30:02,$ 3351.00,1
1661,09:30:02,$ 3351.00,5
1662,09:30:02,$ 3351.00,1
1663,09:30:02,$ 3351.00,20
1664,09:30:02,$ 3351.00,15
1665,09:30:02,$ 3351.00,3
1666,09:30:02,$ 3351.00,3
1667,09:30:02,$ 3351.00,2
1668,09:30:02,$ 3351.00,70
1669,09:30:02,$ 3351.00,3
1670,09:30:02,$ 3351.00,1
1671,09:30:02,$ 3351.00,2
1672,09:30:02,$ 3351.00,5
1673,09:30:02,$ 3351.00,7
1674,09:30:02,$ 3351.00,20
1675,09:30:02,$ 3351.00,1
1676,09:30:02,$ 3351.00,15
1677,09:30:02,$ 3351.00,24
1678,09:30:02,$ 3351.00,2
1679,09:30:02,$ 3351.00,1
1681,09:30:02,$ 3351.00,3
1682,09:30:02,$ 3351.00,314
1683,09:30:02,$ 3351.00,200
1684,09:30:02,$ 3351.00,1
1685,09:30:02,$ 3351.00,48
1686,09:30:02,$ 3351.00,1
1687,09:30:02,$ 3351.00,95
1688,09:30:02,$ 3351.00,8
1689,09:30:02,$ 3351.00,10
1690,09:30:02,$ 3351.00,3
1691,09:30:02,$ 3351.00,4
1692,09:30:02,$ 3351.00,29
1693,09:30:02,$ 3351.00,14
1694,09:30:02,$ 3351.00,12
1695,09:30:02,$ 3351.00,2
1696,09:30:02,$ 3351.00,2
1697,09:30:02,$ 3351.00,83
1698,09:30:02,$ 3351.00,14
1699,09:30:02,$ 3351.00,9
1700,09:30:02,$ 3351.00,190
1702,09:30:02,$ 3351.00,8
1703,09:30:02,$ 3351.00,5
1704,09:30:02,$ 3351.00,27
1705,09:30:02,$ 3351.00,29
1706,09:30:02,$ 3351.00,8
1707,09:30:02,$ 3351.00,1
1708,09:30:02,$ 3351.00,3
1709,09:30:02,$ 3351.00,1
1710,09:30:02,$ 3351.00,2
1711,09:30:02,$ 3351.00,1
1712,09:30:02,$ 3351.00,10
1713,09:30:02,$ 3351.00,5
1714,09:30:02,$ 3351.00,8
1715,09:30:02,$ 3351.00,17
1716,09:30:02,$ 3351.00,16
1717,09:30:02,$ 3351.00,2
1718,09:30:02,$ 3351.00,2
1719,09:30:02,$ 3351.00,5
1720,09:30:02,$ 3351.00,6
1721,09:30:02,$ 3351.00,1
1723,09:30:02,$ 3351.00,9
1724,09:30:02,$ 3351.00,5
1725,09:30:02,$ 3351.00,2
1726,09:30:02,$ 3351.00,5
1727,09:30:02,$ 3351.00,5
1728,09:30:02,$ 3351.00,3
1729,09:30:02,$ 3351.00,2
1730,09:30:02,$ 3351.00,2
1731,09:30:02,$ 3351.00,1
1732,09:30:02,$ 3351.00,2
1733,09:30:02,$ 3351.00,3
1734,09:30:02,$ 3351.00,3
1735,09:30:02,$ 3351.00,1
1736,09:30:02,$ 3351.00,1
1737,09:30:02,$ 3351.00,1
1738,09:30:02,$ 3351.00,1
1739,09:30:02,$ 3351.00,50
1740,09:30:02,$ 3351.00,1
1741,09:30:02,$ 3351.00,500
1742,09:30:02,$ 3351.00,9
1744,09:30:02,$ 3351.00,164
1745,09:30:02,$ 3351.00,2
1746,09:30:02,$ 3351.00,14
1747,09:30:02,$ 3351.00,1
1748,09:30:02,$ 3351.00,15
1749,09:30:02,$ 3351.00,2
1750,09:30:02,$ 3351.00,1
1751,09:30:02,$ 3351.00,2
1752,09:30:02,$ 3351.00,2
1753,09:30:02,$ 3351.00,5
1754,09:30:02,$ 3351.00,3
1755,09:30:02,$ 3351.00,10
1756,09:30:02,$ 3351.00,1
1757,09:30:02,$ 3351.00,4
1758,09:30:02,$ 3351.00,2
1759,09:30:02,$ 3351.00,7
1760,09:30:02,$ 3351.00,130
1761,09:30:02,$ 3351.00,218
1762,09:30:02,$ 3351.00,264
1763,09:30:02,$ 3351.00,31
1765,09:30:02,$ 3351.00,56
1766,09:30:02,$ 3351.00,4
1767,09:30:02,$ 3351.00,4
1768,09:30:02,$ 3351.00,4
1769,09:30:02,$ 3351.00,3
1770,09:30:02,$ 3351.00,12
1771,09:30:02,$ 3351.00,9
1772,09:30:02,$ 3351.00,7
1773,09:30:02,$ 3351.00,7
1774,09:30:02,$ 3351.00,7
1775,09:30:02,$ 3351.00,5
1776,09:30:02,$ 3351.00,4
1777,09:30:02,$ 3351.00,3
1778,09:30:02,$ 3351.00,50
1779,09:30:02,$ 3351.00,28
1780,09:30:02,$ 3351.00,25
1781,09:30:02,$ 3351.00,3
1782,09:30:02,$ 3351.00,1
1783,09:30:02,$ 3351.00,1
1784,09:30:02,$ 3351.00,"1,150"
1786,09:30:02,$ 3351.00,1
1787,09:30:02,$ 3351.00,1
1788,09:30:02,$ 3351.00,5
1789,09:30:02,$ 3351.00,15
1790,09:30:02,$ 3351.00,1
1791,09:30:02,$ 3351.00,9
1792,09:30:02,$ 3351.00,1
1793,09:30:02,$ 3351.00,4
1794,09:30:02,$ 3351.00,10
1795,09:30:02,$ 3351.00,7
1796,09:30:02,$ 3351.00,3
1797,09:30:02,$ 3351.00,10
1798,09:30:02,$ 3351.00,5
1799,09:30:02,$ 3351.00,2
1800,09:30:02,$ 3351.00,2
1801,09:30:02,$ 3351.00,37
1802,09:30:02,$ 3351.00,1
1803,09:30:02,$ 3351.00,1
1804,09:30:02,$ 3351.00,1
1805,09:30:02,$ 3351.00,2
1807,09:30:02,$ 3351.00,136
1808,09:30:02,$ 3351.00,2
1809,09:30:02,$ 3351.00,5
1810,09:30:02,$ 3351.00,2
1811,09:30:02,$ 3351.00,10
1812,09:30:02,$ 3351.00,8
1813,09:30:02,$ 3351.00,25
1814,09:30:02,$ 3351.00,3
1815,09:30:02,$ 3351.00,2
1816,09:30:02,$ 3351.00,15
1817,09:30:02,$ 3351.00,2
1818,09:30:02,$ 3351.00,13
1819,09:30:02,$ 3351.00,2
1820,09:30:02,$ 3351.00,11
1821,09:30:02,$ 3351.00,30
1822,09:30:02,$ 3351.00,1
1823,09:30:02,$ 3351.00,6
1824,09:30:02,$ 3351.00,1
1825,09:30:02,$ 3351.00,1
1826,09:30:02,$ 3351.00,1
1828,09:30:02,$ 3351.00,10
1829,09:30:02,$ 3351.00,10
1830,09:30:02,$ 3351.00,3
1831,09:30:02,$ 3351.00,200
1832,09:30:02,$ 3351.00,1
1833,09:30:02,$ 3351.00,1
1834,09:30:02,$ 3351.00,1
1835,09:30:02,$ 3351.00,23
1836,09:30:02,$ 3351.00,1
1837,09:30:02,$ 3351.00,2
1838,09:30:02,$ 3351.00,30
1839,09:30:02,$ 3351.00,2
1840,09:30:02,$ 3351.00,1
1841,09:30:02,$ 3351.00,2
1842,09:30:02,$ 3351.00,30
1843,09:30:02,$ 3351.00,2
1844,09:30:02,$ 3351.00,13
1845,09:30:02,$ 3351.00,1
1846,09:30:02,$ 3351.00,50
1847,09:30:02,$ 3351.00,1
1849,09:30:02,$ 3351.00,1
1850,09:30:02,$ 3351.00,4
1851,09:30:02,$ 3351.00,2
1852,09:30:02,$ 3351.00,10
1853,09:30:02,$ 3351.00,5
1854,09:30:02,$ 3351.00,70
1855,09:30:02,$ 3351.00,1
1856,09:30:02,$ 3351.00,4
1857,09:30:02,$ 3351.00,3
1858,09:30:02,$ 3351.82,100
1859,09:30:02,$ 3351.25,100
1860,09:30:02,$ 3351.23,100
1861,09:30:02,$ 3351.13,100
1862,09:30:02,$ 3351.03,100
1863,09:30:02,$ 3351.25,100
1864,09:30:01,$ 3347.21,100
1865,09:30:01,$ 3350.96,100
1866,09:30:01,$ 3351.21,100
1867,09:30:01,$ 3349.04,100
1868,09:30:01,$ 3351.00,467
1870,10:29:54,$ 3369.1454,100
1871,10:29:53,$ 3368.65,100
1872,10:29:52,$ 3369.53,100
1873,10:29:52,$ 3369.65,100
1874,10:29:52,$ 3369.80,100
1875,10:29:52,$ 3369.51,100
1876,10:29:52,$ 3369.54,100
1877,10:29:52,$ 3369.52,100
1878,10:29:52,$ 3369.53,100
1879,10:29:47,$ 3370.3233,148
1880,10:29:44,$ 3370.26,100
1881,10:29:44,$ 3370.325,100
1882,10:29:43,$ 3369.92,100
1883,10:29:38,$ 3370.50,100
1884,10:29:37,$ 3370.38,100
1885,10:29:37,$ 3370.08,494
1886,10:29:29,$ 3371.4583,250
1887,10:28:38,$ 3371.295,100
1888,10:28:28,$ 3370.4101,149
1889,10:28:17,$ 3370.7475,100
1891,10:28:03,$ 3371.45,100
1892,10:27:36,$ 3370.085,100
1893,10:27:31,$ 3370.22,100
1894,10:27:22,$ 3370.10,100
1895,10:27:18,$ 3370.7938,160
1896,10:27:17,$ 3370.07,100
1897,10:27:17,$ 3370.95,393
1898,10:27:17,$ 3370.96,100
1899,10:27:17,$ 3370.84,100
1900,10:27:17,$ 3370.94,100
1901,10:26:58,$ 3372.16,100
1902,10:26:54,$ 3372.13,100
1903,10:26:53,$ 3372.01,380
1904,10:26:52,$ 3371.97,100
1905,10:26:51,$ 3370.7503,100
1906,10:26:51,$ 3371.405,200
1907,10:26:43,$ 3371.885,100
1908,10:26:41,$ 3372.6623,300
1909,10:26:33,$ 3373.55,100
1910,10:26:33,$ 3372.69,100
1912,10:26:33,$ 3372.69,300
1913,10:26:33,$ 3372.6651,397
1914,10:26:33,$ 3372.6651,204
1915,10:26:33,$ 3372.6651,211
1916,10:26:31,$ 3371.76,100
1917,10:26:31,$ 3372.23,200
1918,10:26:30,$ 3372.2026,100
1919,10:26:29,$ 3372.10,100
1920,10:26:29,$ 3372.00,100
1921,10:26:29,$ 3372.00,200
1922,10:26:28,$ 3370.99,100
1923,10:26:28,$ 3370.99,100
1924,10:26:27,$ 3370.69,100
1925,10:26:20,$ 3370.19,100
1926,10:26:19,$ 3370.33,100
1927,10:26:19,$ 3370.69,100
1928,10:26:19,$ 3370.69,100
1929,10:26:16,$ 3370.5913,100
1930,10:26:14,$ 3370.00,400
1931,10:26:14,$ 3370.00,100
1933,10:26:14,$ 3369.69,100
1934,10:26:14,$ 3369.69,300
1935,10:26:12,$ 3368.94,100
1936,10:26:04,$ 3369.67,100
1937,10:25:28,$ 3366.375,500
1938,10:25:27,$ 3368.01,200
1939,10:25:19,$ 3367.8165,228
1940,10:25:14,$ 3366.2072,200
1941,10:25:13,$ 3366.91,100
1942,10:24:44,$ 3367.3117,200
1943,10:24:43,$ 3367.55,100
1944,10:24:43,$ 3367.56,100
1945,10:24:33,$ 3366.80,100
1946,10:24:29,$ 3366.875,160
1947,10:24:28,$ 3366.74,100
1948,10:24:16,$ 3366.50,100
1949,10:24:16,$ 3365.53,100
1950,10:24:13,$ 3365.166,395
1951,10:24:09,$ 3365.985,100
1952,10:23:59,$ 3366.99,160
1954,10:23:58,$ 3366.89,100
1955,10:23:48,$ 3367.135,150
1956,10:23:29,$ 3366.90,100
1957,10:23:18,$ 3367.149,100
1958,10:23:16,$ 3367.3272,100
1959,10:23:15,$ 3367.97,100
1960,10:23:15,$ 3368.30,100
1961,10:23:15,$ 3367.50,100
1962,10:23:05,$ 3366.1367,300
1963,10:23:05,$ 3366.14,100
1964,10:23:04,$ 3365.98,100
1965,10:23:04,$ 3365.08,100
1966,10:23:03,$ 3365.99,100
1967,10:22:52,$ 3366.05,100
1968,10:22:44,$ 3366.10,100
1969,10:22:44,$ 3366.10,100
1970,10:22:42,$ 3366.175,100
1971,10:22:31,$ 3366.83,100
1972,10:22:26,$ 3366.89,100
1973,10:22:21,$ 3365.10,270
1975,10:22:06,$ 3364.77,256
1976,10:21:47,$ 3364.68,100
1977,10:21:47,$ 3364.68,100
1978,10:21:47,$ 3364.68,100
1979,10:21:28,$ 3361.695,100
1980,10:21:27,$ 3362.245,100
1981,10:21:19,$ 3363.2338,100
1982,10:21:06,$ 3363.005,100
1983,10:20:58,$ 3364.03,100
1984,10:20:54,$ 3364.115,100
1985,10:20:18,$ 3363.92,100
1986,10:20:09,$ 3365.115,100
1987,10:19:50,$ 3365.56,177
1988,10:19:40,$ 3365.575,160
1989,10:19:11,$ 3365.2952,100
1990,10:19:05,$ 3365.485,100
1991,10:18:54,$ 3366.94,160
1992,10:18:36,$ 3366.5767,140
1993,10:18:33,$ 3366.37,100
1994,10:18:33,$ 3366.09,100
1996,10:18:25,$ 3366.10,100
1997,10:18:25,$ 3366.28,100
1998,10:18:25,$ 3366.08,100
1999,10:18:25,$ 3365.69,100
2000,10:18:11,$ 3367.61,176
2001,10:18:11,$ 3367.61,100
2002,10:18:11,$ 3367.61,197
2003,10:18:11,$ 3367.61,100
2004,10:18:11,$ 3367.61,100
2005,10:18:04,$ 3366.68,100
2006,10:17:58,$ 3366.40,100
2007,10:17:42,$ 3367.61,100
2008,10:17:42,$ 3365.80,100
2009,10:17:42,$ 3367.14,100
2010,10:17:42,$ 3365.80,100
2011,10:17:42,$ 3367.04,100
2012,10:17:42,$ 3367.09,100
2013,10:17:42,$ 3366.69,100
2014,10:17:42,$ 3367.15,100
2015,10:17:42,$ 3367.13,100
2017,10:17:42,$ 3367.10,100
2018,10:17:42,$ 3365.80,100
2019,10:17:42,$ 3365.80,100
2020,10:17:42,$ 3367.15,100
2021,10:17:42,$ 3365.77,100
2022,10:17:27,$ 3365.1599,100
2023,10:17:26,$ 3364.32,100
2024,10:17:26,$ 3364.34,100
2025,10:17:26,$ 3363.80,100
2026,10:17:21,$ 3363.975,160
2027,10:17:20,$ 3363.975,160
2028,10:17:13,$ 3364.3899,100
2029,10:17:05,$ 3364.175,100
2030,10:17:04,$ 3364.185,100
2031,10:16:55,$ 3364.90,100
2032,10:16:55,$ 3364.63,100
2033,10:16:55,$ 3364.63,100
2034,10:16:55,$ 3364.57,100
2035,10:16:50,$ 3363.995,199
2036,10:16:36,$ 3364.58,160
2038,10:16:18,$ 3365.76,100
2039,10:16:18,$ 3365.52,100
2040,10:16:09,$ 3368.00,100
2041,10:16:05,$ 3367.04,100
2042,10:16:05,$ 3366.82,100
2043,10:15:59,$ 3367.5787,230
2044,10:15:54,$ 3368.07,100
2045,10:15:54,$ 3368.00,157
2046,10:15:39,$ 3366.1242,500
2047,10:15:38,$ 3366.98,100
2048,10:15:34,$ 3368.1176,101
2049,10:15:26,$ 3367.78,100
2050,10:15:25,$ 3367.78,100
2051,10:15:25,$ 3367.78,100
2052,10:14:58,$ 3366.26,100
2053,10:14:40,$ 3366.76,100
2054,10:14:20,$ 3366.835,100
2055,10:14:15,$ 3366.84,100
2056,10:14:10,$ 3365.85,100
2057,10:14:07,$ 3365.1846,100
2059,10:13:58,$ 3364.36,100
2060,10:13:58,$ 3364.36,100
2061,10:13:58,$ 3362.82,177
2062,10:13:54,$ 3362.2979,160
2063,10:13:53,$ 3362.80,100
2064,10:13:50,$ 3361.7328,100
2065,10:13:45,$ 3361.54,100
2066,10:13:43,$ 3361.4111,100
2067,10:13:41,$ 3361.205,100
2068,10:13:41,$ 3360.80,200
2069,10:13:41,$ 3360.80,289
2070,10:13:40,$ 3360.805,100
2071,10:13:37,$ 3360.785,100
2072,10:13:31,$ 3360.4401,313
2073,10:13:25,$ 3360.61,100
2074,10:13:25,$ 3361.57,100
2075,10:13:24,$ 3361.29,100
2076,10:13:24,$ 3360.0018,213
2077,10:13:24,$ 3360.545,100
2078,10:13:22,$ 3360.65,100
2080,10:13:11,$ 3361.61,100
2081,10:12:59,$ 3363.2882,100
2082,10:12:56,$ 3363.56,500
2083,10:12:50,$ 3363.03,100
2084,10:12:48,$ 3363.555,180
2085,10:12:48,$ 3364.00,100
2086,10:12:28,$ 3364.76,100
2087,10:12:27,$ 3365.54,500
2088,10:12:27,$ 3365.6657,500
2089,10:12:23,$ 3366.27,100
2090,10:12:23,$ 3366.27,100
2091,10:12:18,$ 3367.21,100
2092,10:12:17,$ 3366.3578,300
2093,10:12:00,$ 3366.7935,100
2094,10:11:55,$ 3367.62,113
2095,10:11:53,$ 3367.2422,160
2096,10:11:52,$ 3367.59,100
2097,10:11:48,$ 3368.3735,225
2098,10:11:45,$ 3368.52,100
2099,10:11:39,$ 3368.69,100
2101,10:11:39,$ 3368.68,100
2102,10:11:32,$ 3368.69,100
2103,10:11:32,$ 3368.49,300
2104,10:11:28,$ 3368.00,177
2105,10:11:28,$ 3368.00,100
2106,10:11:27,$ 3367.775,121
2107,10:11:26,$ 3368.2919,160
2108,10:11:24,$ 3368.14,100
2109,10:11:20,$ 3367.84,100
2110,10:11:16,$ 3367.64,160
2111,10:11:12,$ 3367.38,125
2112,10:10:58,$ 3367.855,100
2113,10:10:57,$ 3367.25,100
2114,10:10:55,$ 3368.01,100
2115,10:10:53,$ 3367.88,100
2116,10:10:53,$ 3368.00,138
2117,10:10:53,$ 3368.00,162
2118,10:10:53,$ 3368.00,100
2119,10:10:44,$ 3365.936,100
2120,10:10:38,$ 3365.84,100
2122,10:10:30,$ 3366.67,100
2123,10:10:20,$ 3365.3812,120
2124,10:10:08,$ 3365.53,100
2125,10:09:51,$ 3365.395,160
2126,10:09:50,$ 3365.395,107
2127,10:09:41,$ 3366.665,100
2128,10:09:15,$ 3366.3301,100
2129,10:09:07,$ 3366.47,165
2130,10:09:02,$ 3367.20,100
2131,10:09:00,$ 3365.87,160
2132,10:08:57,$ 3365.3384,150
2133,10:08:43,$ 3364.245,100
2134,10:08:41,$ 3364.2883,100
2135,10:08:39,$ 3363.6641,221
2136,10:08:37,$ 3365.14,157
2137,10:08:21,$ 3364.40,100
2138,10:08:21,$ 3364.40,131
2139,10:08:14,$ 3365.36,100
2140,10:07:56,$ 3364.92,160
2141,10:07:52,$ 3364.28,168
2143,10:07:48,$ 3364.36,100
2144,10:07:44,$ 3365.6999,200
2145,10:07:41,$ 3364.915,100
2146,10:07:26,$ 3364.975,100
2147,10:07:23,$ 3365.24,100
2148,10:07:19,$ 3365.495,160
2149,10:07:19,$ 3366.62,100
2150,10:07:19,$ 3365.77,100
2151,10:07:18,$ 3367.06,100
2152,10:07:18,$ 3367.04,100
2153,10:07:17,$ 3367.86,100
2154,10:07:16,$ 3368.6899,100
2155,10:07:08,$ 3367.77,160
2156,10:07:06,$ 3367.05,100
2157,10:06:57,$ 3367.825,110
2158,10:06:54,$ 3368.60,100
2159,10:06:51,$ 3367.81,100
2160,10:06:45,$ 3367.865,100
2161,10:06:45,$ 3367.865,100
2162,10:06:42,$ 3367.97,100
2164,10:06:42,$ 3367.99,100
2165,10:06:41,$ 3367.52,100
2166,10:06:30,$ 3366.54,100
2167,10:06:23,$ 3365.575,100
2168,10:06:20,$ 3366.22,250
2169,10:06:13,$ 3365.795,160
2170,10:06:11,$ 3364.99,200
2171,10:06:11,$ 3364.96,100
2172,10:06:10,$ 3365.05,100
2173,10:06:05,$ 3364.787,117
2174,10:05:56,$ 3364.41,100
2175,10:05:51,$ 3362.63,"1,000"
2176,10:05:50,$ 3362.6301,"1,000"
2177,10:05:50,$ 3363.815,100
2178,10:05:48,$ 3363.93,200
2179,10:05:47,$ 3364.455,100
2180,10:05:47,$ 3365.40,160
2181,10:05:46,$ 3364.86,200
2182,10:05:44,$ 3365.58,100
2183,10:05:39,$ 3366.4487,200
2185,10:05:35,$ 3365.98,100
2186,10:05:24,$ 3366.49,200
2187,10:05:24,$ 3366.6987,160
2188,10:05:17,$ 3366.41,100
2189,10:05:13,$ 3366.3885,160
2190,10:05:06,$ 3366.94,100
2191,10:05:04,$ 3367.1156,100
2192,10:05:04,$ 3366.63,100
2193,10:04:59,$ 3365.8541,115
2194,10:04:56,$ 3366.7711,100
2195,10:04:51,$ 3366.9299,150
2196,10:04:45,$ 3366.52,100
2197,10:04:44,$ 3366.09,100
2198,10:04:44,$ 3366.40,100
2199,10:04:37,$ 3365.6286,100
2200,10:04:34,$ 3365.965,100
2201,10:04:34,$ 3366.433,100
2202,10:04:34,$ 3366.45,100
2203,10:04:34,$ 3366.45,100
2204,10:04:34,$ 3366.44,100
2206,10:04:34,$ 3366.40,100
2207,10:04:34,$ 3366.46,100
2208,10:04:29,$ 3366.6882,160
2209,10:04:28,$ 3365.5437,200
2210,10:04:22,$ 3366.19,100
2211,10:04:21,$ 3367.11,100
2212,10:04:21,$ 3367.00,100
2213,10:04:21,$ 3365.80,100
2214,10:04:19,$ 3365.0869,100
2215,10:04:15,$ 3365.69,100
2216,10:04:00,$ 3361.76,200
2217,10:03:59,$ 3361.481,100
2218,10:03:34,$ 3363.55,100
2219,10:03:34,$ 3363.48,100
2220,10:03:28,$ 3363.83,100
2221,10:03:26,$ 3363.277,110
2222,10:03:22,$ 3363.1959,150
2223,10:03:16,$ 3361.99,100
2224,10:03:06,$ 3362.52,100
2225,10:03:05,$ 3363.47,200
2227,10:02:54,$ 3364.50,100
2228,10:02:49,$ 3365.66,500
2229,10:02:44,$ 3366.54,100
2230,10:02:44,$ 3366.54,100
2231,10:02:41,$ 3367.02,643
2232,10:02:40,$ 3366.98,100
2233,10:02:35,$ 3366.71,100
2234,10:02:34,$ 3366.09,100
2235,10:02:34,$ 3366.09,100
2236,10:02:30,$ 3366.81,109
2237,10:02:17,$ 3366.56,"1,000"
2238,10:02:14,$ 3366.84,400
2239,10:02:14,$ 3366.88,100
2240,10:02:06,$ 3366.46,100
2241,10:02:05,$ 3366.93,370
2242,10:02:01,$ 3367.69,100
2243,10:02:01,$ 3367.69,100
2244,10:02:01,$ 3367.3999,100
2245,10:02:01,$ 3367.3999,100
2246,10:02:01,$ 3367.34,100
2248,10:01:59,$ 3366.925,100
2249,10:01:57,$ 3365.64,100
2250,10:01:57,$ 3365.64,106
2251,10:01:56,$ 3365.64,100
2252,10:01:56,$ 3365.6399,297
2253,10:01:56,$ 3365.6399,397
2254,10:01:56,$ 3365.6399,"1,000"
2255,10:01:56,$ 3366.28,100
2256,10:01:55,$ 3366.395,100
2257,10:01:52,$ 3365.8274,147
2258,10:01:51,$ 3364.9245,400
2259,10:01:50,$ 3365.23,100
2260,10:01:49,$ 3365.25,100
2261,10:01:46,$ 3364.75,100
2262,10:01:41,$ 3364.76,100
2263,10:01:41,$ 3364.85,100
2264,10:01:41,$ 3364.68,100
2265,10:01:40,$ 3364.59,100
2266,10:01:35,$ 3363.735,198
2267,10:01:15,$ 3363.1893,150
2269,10:01:11,$ 3364.36,100
2270,10:01:10,$ 3363.00,150
2271,10:01:10,$ 3362.40,100
2272,10:01:09,$ 3363.28,100
2273,10:01:08,$ 3362.10,100
2274,10:01:06,$ 3362.63,100
2275,10:01:06,$ 3362.01,118
2276,10:01:06,$ 3362.00,100
2277,10:01:05,$ 3361.94,100
2278,10:01:03,$ 3363.12,100
2279,10:01:03,$ 3362.92,100
2280,10:00:54,$ 3361.535,250
2281,10:00:50,$ 3364.00,150
2282,10:00:50,$ 3360.65,100
2283,10:00:49,$ 3360.8165,129
2284,10:00:41,$ 3361.96,100
2285,10:00:40,$ 3361.00,130
2286,10:00:27,$ 3361.96,100
2287,10:00:23,$ 3360.915,100
2288,10:00:23,$ 3361.01,100
2290,10:00:16,$ 3363.00,200
2291,10:00:16,$ 3362.975,100
2292,10:00:16,$ 3361.42,100
2293,10:00:16,$ 3363.00,100
2294,10:00:16,$ 3362.975,100
2295,10:00:16,$ 3362.975,100
2296,10:00:16,$ 3360.00,106
2297,10:00:16,$ 3359.69,100
2298,10:00:16,$ 3360.00,100
2299,10:00:15,$ 3358.0001,300
2300,10:00:06,$ 3358.335,100
2301,10:00:06,$ 3359.24,100
2302,10:00:05,$ 3358.63,100
2303,10:00:05,$ 3358.00,100
2304,10:00:03,$ 3357.9999,100
2305,10:00:03,$ 3357.9999,100
2306,10:00:03,$ 3357.9999,100
2307,10:00:03,$ 3357.91,100
2308,10:00:03,$ 3357.915,100
2309,10:00:01,$ 3356.21,160
2311,10:00:01,$ 3357.115,100
2313,10:59:49,$ 3365.47,100
2314,10:59:45,$ 3366.015,160
2315,10:59:14,$ 3367.18,100
2316,10:59:10,$ 3367.21,100
2317,10:59:07,$ 3366.48,100
2318,10:59:04,$ 3365.28,500
2319,10:59:04,$ 3365.84,100
2320,10:59:02,$ 3366.495,100
2321,10:58:58,$ 3365.35,100
2322,10:58:27,$ 3364.93,100
2323,10:58:21,$ 3364.4201,100
2324,10:58:08,$ 3364.5039,100
2325,10:57:21,$ 3364.195,100
2326,10:56:35,$ 3365.335,200
2327,10:56:32,$ 3364.9193,100
2328,10:56:30,$ 3365.335,160
2329,10:56:20,$ 3364.495,300
2330,10:56:11,$ 3364.3632,100
2331,10:56:06,$ 3364.50,100
2332,10:56:06,$ 3364.50,100
2334,10:55:58,$ 3365.9499,500
2335,10:55:55,$ 3365.6627,100
2336,10:55:31,$ 3366.985,100
2337,10:55:31,$ 3366.58,100
2338,10:55:28,$ 3365.00,100
2339,10:55:11,$ 3364.225,100
2340,10:55:05,$ 3364.75,100
2341,10:54:56,$ 3362.525,100
2342,10:54:52,$ 3363.075,100
2343,10:54:41,$ 3362.93,100
2344,10:54:32,$ 3362.48,100
2345,10:53:46,$ 3362.62,100
2346,10:53:16,$ 3361.8485,100
2347,10:52:27,$ 3362.00,100
2348,10:52:20,$ 3362.4612,100
2349,10:52:04,$ 3361.28,100
2350,10:52:02,$ 3361.05,100
2351,10:52:02,$ 3361.05,100
2352,10:51:50,$ 3362.35,100
2353,10:51:49,$ 3362.6837,100
2355,10:51:44,$ 3362.42,100
2356,10:51:41,$ 3363.77,200
2357,10:51:40,$ 3363.0587,149
2358,10:51:15,$ 3363.7126,100
2359,10:51:11,$ 3364.00,100
2360,10:51:06,$ 3365.30,254
2361,10:50:38,$ 3364.8834,100
2362,10:50:16,$ 3364.985,100
2363,10:49:26,$ 3363.43,100
2364,10:49:17,$ 3364.295,200
2365,10:49:06,$ 3364.09,100
2366,10:49:00,$ 3363.476,200
2367,10:48:58,$ 3362.545,101
2368,10:48:53,$ 3362.47,100
2369,10:48:52,$ 3361.74,100
2370,10:48:51,$ 3362.2446,100
2371,10:48:47,$ 3361.74,100
2372,10:48:22,$ 3362.40,200
2373,10:47:36,$ 3364.16,100
2374,10:47:24,$ 3365.595,100
2376,10:47:12,$ 3363.485,160
2377,10:47:09,$ 3363.7615,100
2378,10:47:06,$ 3362.59,100
2379,10:47:04,$ 3363.2508,661
2380,10:47:04,$ 3363.2508,297
2381,10:47:04,$ 3363.11,100
2382,10:47:04,$ 3363.15,100
2383,10:47:04,$ 3363.12,100
2384,10:47:04,$ 3363.24,100
2385,10:47:00,$ 3363.12,100
2386,10:46:47,$ 3363.00,100
2387,10:46:47,$ 3363.00,125
2388,10:46:47,$ 3363.00,118
2389,10:46:47,$ 3363.00,100
2390,10:46:47,$ 3363.00,100
2391,10:46:47,$ 3363.00,125
2392,10:46:38,$ 3363.72,100
2393,10:46:21,$ 3362.34,100
2394,10:46:21,$ 3362.34,100
2395,10:46:03,$ 3363.4877,387
2397,10:45:50,$ 3363.64,450
2398,10:45:50,$ 3363.59,200
2399,10:45:42,$ 3363.61,100
2400,10:45:42,$ 3364.15,144
2401,10:45:33,$ 3365.9438,151
2402,10:45:32,$ 3364.17,100
2403,10:45:32,$ 3364.00,100
2404,10:45:32,$ 3364.18,100
2405,10:45:32,$ 3364.20,100
2406,10:45:32,$ 3364.41,100
2407,10:45:30,$ 3365.80,160
2408,10:45:22,$ 3366.56,100
2409,10:45:22,$ 3366.44,100
2410,10:45:13,$ 3366.86,200
2411,10:45:12,$ 3366.86,160
2412,10:44:56,$ 3366.03,100
2413,10:44:44,$ 3366.09,200
2414,10:44:42,$ 3366.88,100
2415,10:44:41,$ 3365.50,106
2416,10:44:25,$ 3365.355,100
2418,10:44:24,$ 3365.58,106
2419,10:44:07,$ 3364.945,160
2420,10:43:56,$ 3364.07,100
2421,10:43:51,$ 3364.5865,350
2422,10:43:51,$ 3364.55,100
2423,10:43:51,$ 3364.55,334
2424,10:43:51,$ 3365.11,100
2425,10:43:51,$ 3365.03,100
2426,10:43:40,$ 3365.14,160
2427,10:43:22,$ 3366.34,100
2428,10:43:22,$ 3365.8152,150
2429,10:43:09,$ 3365.99,100
2430,10:43:09,$ 3365.78,100
2431,10:42:38,$ 3365.6601,160
2432,10:42:37,$ 3365.97,100
2433,10:42:36,$ 3365.15,100
2434,10:42:36,$ 3365.00,100
2435,10:42:31,$ 3364.2367,100
2436,10:42:23,$ 3363.90,100
2437,10:42:17,$ 3364.34,359
2439,10:42:17,$ 3364.11,100
2440,10:42:17,$ 3364.34,191
2441,10:42:17,$ 3364.34,118
2442,10:42:17,$ 3364.34,100
2443,10:42:16,$ 3364.90,118
2444,10:42:16,$ 3364.94,100
2445,10:42:13,$ 3364.09,100
2446,10:42:13,$ 3364.00,100
2447,10:42:13,$ 3363.27,100
2448,10:42:13,$ 3363.19,100
2449,10:42:13,$ 3363.21,100
2450,10:42:13,$ 3363.27,100
2451,10:42:13,$ 3363.09,100
2452,10:42:13,$ 3363.11,100
2453,10:42:13,$ 3363.11,100
2454,10:42:13,$ 3362.26,130
2455,10:42:13,$ 3364.00,100
2456,10:42:13,$ 3363.37,100
2457,10:42:13,$ 3363.35,100
2458,10:42:04,$ 3366.345,100
2460,10:42:02,$ 3366.27,160
2461,10:42:01,$ 3366.39,100
2462,10:42:01,$ 3366.39,100
2463,10:42:00,$ 3366.39,100
2464,10:42:00,$ 3366.39,100
2465,10:41:57,$ 3366.58,100
2466,10:41:57,$ 3366.68,100
2467,10:41:55,$ 3367.34,160
2468,10:41:54,$ 3366.70,100
2469,10:41:41,$ 3368.22,100
2470,10:41:39,$ 3368.23,160
2471,10:41:35,$ 3367.81,100
2472,10:41:34,$ 3367.80,100
2473,10:41:20,$ 3368.1139,160
2474,10:40:56,$ 3368.18,100
2475,10:40:55,$ 3367.2315,100
2476,10:40:53,$ 3368.46,100
2477,10:40:52,$ 3368.11,100
2478,10:40:52,$ 3368.10,100
2479,10:40:52,$ 3368.10,100
2481,10:40:48,$ 3368.82,100
2482,10:40:37,$ 3369.6296,100
2483,10:40:32,$ 3368.7466,160
2484,10:40:20,$ 3372.6294,100
2485,10:40:20,$ 3372.98,100
2486,10:40:13,$ 3371.8696,160
2487,10:40:10,$ 3370.57,100
2488,10:40:04,$ 3369.90,100
2489,10:40:04,$ 3369.90,100
2490,10:39:43,$ 3368.70,100
2491,10:39:15,$ 3369.50,100
2492,10:39:13,$ 3369.885,150
2493,10:38:55,$ 3370.3789,150
2494,10:38:38,$ 3369.52,100
2495,10:38:23,$ 3368.38,100
2496,10:38:23,$ 3367.21,100
2497,10:37:54,$ 3368.00,100
2498,10:37:48,$ 3368.858,100
2499,10:37:28,$ 3367.96,160
2500,10:37:20,$ 3367.185,100
2502,10:37:17,$ 3367.72,100
2503,10:37:15,$ 3367.075,100
2504,10:37:09,$ 3367.71,100
2505,10:37:08,$ 3367.00,100
2506,10:37:07,$ 3368.00,160
2507,10:37:07,$ 3368.00,115
2508,10:37:01,$ 3369.52,300
2509,10:36:54,$ 3368.775,160
2510,10:36:49,$ 3368.78,100
2511,10:36:46,$ 3368.78,100
2512,10:36:43,$ 3369.335,100
2513,10:36:20,$ 3369.97,100
2514,10:36:15,$ 3370.12,100
2515,10:36:12,$ 3369.80,100
2516,10:36:08,$ 3371.81,100
2517,10:36:08,$ 3371.59,100
2518,10:36:08,$ 3371.59,100
2519,10:35:58,$ 3373.33,100
2520,10:35:43,$ 3371.61,100
2521,10:35:37,$ 3372.145,160
2523,10:35:33,$ 3370.75,100
2524,10:35:31,$ 3370.16,100
2525,10:35:14,$ 3369.50,100
2526,10:35:11,$ 3368.94,100
2527,10:35:10,$ 3369.50,100
2528,10:35:04,$ 3368.79,100
2529,10:35:03,$ 3369.25,100
2530,10:35:00,$ 3369.25,100
2531,10:35:00,$ 3369.25,100
2532,10:34:55,$ 3369.5829,200
2533,10:34:54,$ 3369.55,100
2534,10:34:45,$ 3370.00,255
2535,10:34:45,$ 3370.00,116
2536,10:34:45,$ 3370.13,100
2537,10:34:44,$ 3370.49,100
2538,10:34:31,$ 3370.13,100
2539,10:34:13,$ 3370.95,100
2540,10:33:53,$ 3369.385,100
2541,10:33:38,$ 3369.21,100
2542,10:33:32,$ 3368.2535,"1,000"
2544,10:33:32,$ 3368.50,200
2545,10:33:32,$ 3368.76,400
2546,10:33:32,$ 3369.11,100
2547,10:33:20,$ 3369.4467,100
2548,10:33:19,$ 3369.0991,100
2549,10:33:19,$ 3369.335,100
2550,10:33:13,$ 3370.93,100
2551,10:33:12,$ 3371.085,100
2552,10:33:03,$ 3371.695,240
2553,10:33:03,$ 3371.8989,200
2554,10:32:59,$ 3373.24,100
2555,10:32:52,$ 3373.875,200
2556,10:32:47,$ 3373.875,100
2557,10:32:46,$ 3374.3564,224
2558,10:32:27,$ 3374.3945,100
2559,10:32:25,$ 3373.751,250
2560,10:32:22,$ 3373.52,100
2561,10:32:22,$ 3374.439,157
2562,10:32:22,$ 3373.69,100
2563,10:32:22,$ 3373.69,100
2565,10:32:22,$ 3373.6899,200
2566,10:32:22,$ 3373.6896,100
2567,10:32:22,$ 3373.69,100
2568,10:32:22,$ 3373.47,100
2569,10:32:22,$ 3373.42,100
2570,10:32:17,$ 3373.00,600
2571,10:32:17,$ 3373.395,491
2572,10:32:05,$ 3373.69,100
2573,10:32:04,$ 3371.33,100
2574,10:32:03,$ 3372.26,100
2575,10:31:46,$ 3371.225,100
2576,10:31:31,$ 3371.5711,100
2577,10:31:30,$ 3371.05,100
2578,10:31:28,$ 3370.1865,120
2579,10:31:23,$ 3370.9572,160
2580,10:31:19,$ 3370.37,160
2581,10:31:19,$ 3369.845,100
2582,10:31:13,$ 3368.4728,118
2583,10:31:13,$ 3368.4728,759
2584,10:31:13,$ 3368.4101,"1,000"
2586,10:30:42,$ 3370.11,104
2587,10:30:30,$ 3370.895,100
2588,10:30:25,$ 3370.18,100
2589,10:30:23,$ 3370.8324,160
2590,10:30:20,$ 3369.62,100
2591,10:30:20,$ 3369.21,100
2592,10:30:18,$ 3369.925,100
2593,10:30:17,$ 3371.00,112
2594,10:30:08,$ 3369.535,100
2595,10:30:05,$ 3368.75,100
2597,11:29:59,$ 3368.13,100
2598,11:29:47,$ 3367.58,"1,090"
2599,11:29:43,$ 3366.945,100
2600,11:29:13,$ 3367.4776,100
2601,11:28:57,$ 3368.604,100
2602,11:28:46,$ 3367.50,288
2603,11:28:40,$ 3368.09,102
2604,11:28:32,$ 3367.51,160
2605,11:27:53,$ 3366.03,100
2606,11:27:12,$ 3366.42,100
2607,11:26:57,$ 3366.49,100
2608,11:26:57,$ 3366.62,100
2609,11:26:57,$ 3367.01,125
2610,11:26:01,$ 3367.00,226
2611,11:25:54,$ 3366.70,100
2612,11:25:38,$ 3366.82,100
2613,11:25:35,$ 3367.00,100
2614,11:25:34,$ 3366.945,160
2615,11:25:33,$ 3367.05,100
2616,11:25:33,$ 3367.03,135
2618,11:25:20,$ 3368.31,100
2619,11:25:18,$ 3368.08,100
2620,11:25:13,$ 3367.92,100
2621,11:25:07,$ 3367.05,100
2622,11:25:07,$ 3366.15,100
2623,11:25:07,$ 3365.95,100
2624,11:24:47,$ 3364.695,100
2625,11:24:46,$ 3364.695,140
2626,11:24:12,$ 3363.97,125
2627,11:24:10,$ 3364.598,100
2628,11:24:07,$ 3364.045,125
2629,11:24:00,$ 3364.055,125
2630,11:23:53,$ 3363.81,100
2631,11:23:40,$ 3364.125,139
2632,11:23:37,$ 3364.135,100
2633,11:23:37,$ 3364.135,118
2634,11:23:37,$ 3364.09,100
2635,11:23:31,$ 3365.80,100
2636,11:23:13,$ 3366.74,100
2637,11:22:59,$ 3367.00,900
2639,11:22:59,$ 3367.00,100
2640,11:22:59,$ 3367.11,100
2641,11:22:59,$ 3367.50,105
2642,11:22:50,$ 3367.945,110
2643,11:22:50,$ 3367.945,118
2644,11:22:50,$ 3367.945,125
2645,11:22:50,$ 3367.945,323
2646,11:22:50,$ 3367.95,110
2647,11:22:50,$ 3367.95,200
2648,11:22:47,$ 3368.39,100
2649,11:22:38,$ 3367.835,156
2650,11:22:36,$ 3367.835,113
2651,11:22:28,$ 3367.865,100
2652,11:22:27,$ 3367.79,118
2653,11:22:19,$ 3368.44,100
2654,11:21:42,$ 3368.025,100
2655,11:21:42,$ 3368.45,100
2656,11:21:27,$ 3368.7593,100
2657,11:21:20,$ 3367.9572,160
2658,11:21:14,$ 3369.40,100
2660,11:21:14,$ 3369.72,100
2661,11:21:14,$ 3369.875,100
2662,11:21:12,$ 3369.965,150
2663,11:20:56,$ 3370.84,100
2664,11:20:52,$ 3370.00,900
2665,11:20:52,$ 3369.64,100
2666,11:20:52,$ 3369.64,100
2667,11:20:52,$ 3369.64,100
2668,11:20:49,$ 3369.40,100
2669,11:20:43,$ 3368.80,100
2670,11:20:42,$ 3368.22,100
2671,11:19:50,$ 3366.965,100
2672,11:19:39,$ 3367.03,100
2673,11:19:39,$ 3366.865,100
2674,11:19:39,$ 3367.01,100
2675,11:19:39,$ 3366.865,100
2676,11:19:06,$ 3365.13,100
2677,11:19:05,$ 3364.305,100
2678,11:18:52,$ 3362.67,100
2679,11:18:52,$ 3362.81,100
2681,11:18:52,$ 3362.81,100
2682,11:18:42,$ 3363.59,132
2683,11:17:45,$ 3364.55,100
2684,11:17:39,$ 3364.19,100
2685,11:17:38,$ 3363.71,100
2686,11:17:38,$ 3363.62,100
2687,11:17:14,$ 3364.33,160
2688,11:16:59,$ 3363.97,125
2689,11:16:59,$ 3363.97,101
2690,11:16:59,$ 3363.97,125
2691,11:16:59,$ 3363.97,275
2692,11:16:59,$ 3363.97,101
2693,11:16:58,$ 3363.48,100
2694,11:16:58,$ 3363.49,100
2695,11:16:58,$ 3363.49,100
2696,11:16:29,$ 3363.45,100
2697,11:16:20,$ 3363.90,100
2698,11:16:03,$ 3365.275,160
2699,11:15:58,$ 3364.85,100
2700,11:15:58,$ 3364.85,113
2702,11:15:58,$ 3365.09,100
2703,11:15:58,$ 3364.97,100
2704,11:15:58,$ 3365.07,100
2705,11:15:58,$ 3366.11,100
2706,11:15:58,$ 3366.08,100
2707,11:15:07,$ 3364.53,100
2708,11:15:04,$ 3364.075,100
2709,11:14:50,$ 3364.58,100
2710,11:14:50,$ 3364.47,100
2711,11:14:34,$ 3364.58,100
2712,11:14:32,$ 3365.0738,160
2713,11:14:25,$ 3365.20,100
2714,11:14:21,$ 3365.22,100
2715,11:14:21,$ 3365.22,100
2716,11:14:21,$ 3365.22,153
2717,11:14:21,$ 3365.22,100
2718,11:13:58,$ 3365.00,100
2719,11:13:32,$ 3365.8613,160
2720,11:13:21,$ 3365.28,100
2721,11:13:11,$ 3365.095,100
2723,11:13:09,$ 3364.51,100
2724,11:13:09,$ 3364.74,100
2725,11:11:46,$ 3365.36,100
2726,11:11:27,$ 3364.69,100
2727,11:11:11,$ 3364.515,100
2728,11:11:07,$ 3365.00,100
2729,11:10:53,$ 3364.74,100
2730,11:10:53,$ 3365.01,100
2731,11:10:24,$ 3366.1884,250
2732,11:10:02,$ 3367.705,160
2733,11:09:48,$ 3367.61,100
2734,11:08:57,$ 3368.036,160
2735,11:08:55,$ 3367.77,100
2736,11:08:10,$ 3367.73,103
2737,11:07:53,$ 3367.00,117
2738,11:07:53,$ 3367.06,100
2739,11:07:53,$ 3367.01,100
2740,11:07:14,$ 3368.20,"2,015"
2741,11:06:47,$ 3367.7203,200
2742,11:06:41,$ 3367.21,100
2744,11:06:33,$ 3366.945,100
2745,11:05:53,$ 3368.2588,118
2746,11:05:52,$ 3368.26,200
2747,11:05:16,$ 3367.61,100
2748,11:05:09,$ 3366.79,100
2749,11:04:50,$ 3366.58,100
2750,11:04:32,$ 3365.50,100
2751,11:04:10,$ 3366.02,100
2752,11:04:10,$ 3366.04,100
2753,11:03:47,$ 3366.00,120
2754,11:03:46,$ 3366.20,100
2755,11:03:46,$ 3366.00,100
2756,11:03:46,$ 3366.02,100
2757,11:03:46,$ 3366.10,100
2758,11:03:00,$ 3366.65,100
2759,11:02:55,$ 3367.18,100
2760,11:02:55,$ 3367.08,100
2761,11:02:55,$ 3367.09,100
2762,11:02:55,$ 3367.04,100
2763,11:02:38,$ 3368.84,100
2765,11:02:38,$ 3368.79,171
2766,11:02:30,$ 3369.51,100
2767,11:02:30,$ 3369.50,100
2768,11:02:30,$ 3369.50,100
2769,11:02:05,$ 3370.5375,181
2770,11:01:57,$ 3369.195,100
2771,11:01:57,$ 3369.54,100
2772,11:01:57,$ 3369.54,100
2773,11:01:57,$ 3369.53,100
2774,11:01:05,$ 3368.8104,493
2775,11:01:05,$ 3369.01,100
2776,11:01:03,$ 3369.17,100
2777,11:01:03,$ 3369.17,100
2778,11:00:57,$ 3368.705,100
2779,11:00:57,$ 3368.665,100
2780,11:00:43,$ 3369.55,100
2781,11:00:41,$ 3369.24,100
2782,11:00:30,$ 3369.1444,100
2783,11:00:30,$ 3368.44,100
2784,11:00:30,$ 3368.83,100
2786,11:00:26,$ 3368.00,900
2788,11:59:40,$ 3374.70,100
2789,11:59:12,$ 3374.58,100
2790,11:59:12,$ 3374.56,100
2791,11:59:12,$ 3374.56,100
2792,11:59:12,$ 3374.66,100
2793,11:59:12,$ 3374.57,100
2794,11:59:12,$ 3374.79,100
2795,11:59:12,$ 3374.56,100
2796,11:59:12,$ 3374.55,100
2797,11:58:53,$ 3375.535,"1,250"
2798,11:58:43,$ 3376.36,100
2799,11:58:40,$ 3376.69,100
2800,11:58:40,$ 3376.05,100
2801,11:58:40,$ 3376.04,100
2802,11:58:40,$ 3376.74,100
2803,11:58:40,$ 3376.68,100
2804,11:58:40,$ 3376.77,100
2805,11:58:06,$ 3377.475,100
2806,11:58:06,$ 3377.375,100
2807,11:58:04,$ 3376.67,116
2809,11:57:44,$ 3378.02,100
2810,11:57:43,$ 3378.04,100
2811,11:57:43,$ 3378.43,100
2812,11:57:43,$ 3378.04,100
2813,11:57:43,$ 3378.02,100
2814,11:57:22,$ 3379.51,160
2815,11:57:11,$ 3379.71,500
2816,11:56:30,$ 3380.11,100
2817,11:56:27,$ 3381.55,100
2818,11:56:23,$ 3381.42,160
2819,11:56:22,$ 3381.22,500
2820,11:56:16,$ 3380.10,500
2821,11:56:14,$ 3379.85,250
2822,11:56:12,$ 3380.96,100
2823,11:55:53,$ 3380.10,100
2824,11:55:47,$ 3379.20,100
2825,11:55:43,$ 3379.01,100
2826,11:55:43,$ 3379.01,100
2827,11:55:05,$ 3378.51,143
2828,11:55:05,$ 3378.51,500
2830,11:55:04,$ 3377.87,100
2831,11:54:37,$ 3376.17,100
2832,11:54:36,$ 3375.605,100
2833,11:54:25,$ 3375.263,397
2834,11:54:24,$ 3376.175,100
2835,11:54:19,$ 3376.33,100
2836,11:54:15,$ 3376.92,100
2837,11:54:15,$ 3376.385,100
2838,11:54:10,$ 3376.4383,100
2839,11:54:08,$ 3377.42,200
2840,11:54:08,$ 3376.85,100
2841,11:54:08,$ 3376.70,100
2842,11:54:08,$ 3377.415,100
2843,11:54:00,$ 3377.425,100
2844,11:53:52,$ 3377.425,100
2845,11:53:51,$ 3377.42,138
2846,11:53:29,$ 3376.0245,649
2847,11:53:29,$ 3376.0245,118
2848,11:53:29,$ 3376.0245,233
2849,11:53:29,$ 3375.83,"1,000"
2851,11:53:16,$ 3376.855,100
2852,11:52:27,$ 3374.76,100
2853,11:52:27,$ 3375.01,100
2854,11:52:24,$ 3377.975,200
2855,11:52:19,$ 3377.40,100
2856,11:52:05,$ 3382.50,200
2857,11:52:05,$ 3380.95,300
2858,11:52:02,$ 3377.41,120
2859,11:52:02,$ 3377.40,100
2860,11:52:01,$ 3378.4019,100
2861,11:51:59,$ 3378.4711,160
2862,11:51:58,$ 3378.99,100
2863,11:51:47,$ 3380.50,161
2864,11:51:47,$ 3380.50,100
2865,11:51:25,$ 3378.9897,171
2866,11:50:40,$ 3379.88,160
2867,11:50:39,$ 3380.25,187
2868,11:50:39,$ 3380.25,164
2869,11:50:39,$ 3380.25,737
2870,11:50:39,$ 3380.25,100
2872,11:50:39,$ 3380.25,100
2873,11:50:39,$ 3380.25,100
2874,11:50:39,$ 3380.25,249
2875,11:50:39,$ 3380.25,100
2876,11:50:39,$ 3380.25,187
2877,11:50:37,$ 3381.99,100
2878,11:50:37,$ 3382.00,100
2879,11:50:37,$ 3381.99,100
2880,11:50:37,$ 3381.60,100
2881,11:50:37,$ 3382.05,100
2882,11:50:37,$ 3382.05,100
2883,11:50:37,$ 3382.02,100
2884,11:50:37,$ 3382.00,100
2885,11:50:37,$ 3382.01,100
2886,11:50:35,$ 3382.85,100
2887,11:50:34,$ 3383.005,100
2888,11:50:33,$ 3381.50,100
2889,11:50:26,$ 3381.93,100
2890,11:50:26,$ 3382.62,100
2891,11:50:26,$ 3382.20,100
2893,11:50:26,$ 3380.9566,192
2894,11:50:26,$ 3382.65,100
2895,11:50:26,$ 3380.96,100
2896,11:50:26,$ 3381.12,100
2897,11:50:26,$ 3380.82,100
2898,11:50:26,$ 3381.18,100
2899,11:50:26,$ 3380.377,397
2900,11:50:25,$ 3380.16,160
2901,11:50:25,$ 3380.20,150
2902,11:50:25,$ 3380.00,200
2903,11:50:25,$ 3380.00,100
2904,11:50:25,$ 3380.00,100
2905,11:50:25,$ 3380.00,300
2906,11:50:25,$ 3380.20,100
2907,11:50:25,$ 3379.99,100
2908,11:50:25,$ 3379.67,100
2909,11:50:25,$ 3379.07,100
2910,11:50:24,$ 3378.98,100
2911,11:50:24,$ 3378.99,100
2912,11:50:24,$ 3378.73,100
2914,11:50:24,$ 3378.426,189
2915,11:49:58,$ 3378.00,100
2916,11:49:19,$ 3377.095,100
2917,11:48:58,$ 3376.31,100
2918,11:48:58,$ 3376.31,100
2919,11:48:46,$ 3376.30,100
2920,11:48:36,$ 3378.4515,702
2921,11:48:36,$ 3377.72,100
2922,11:48:36,$ 3377.70,100
2923,11:48:20,$ 3378.00,198
2924,11:48:20,$ 3377.99,100
2925,11:47:58,$ 3377.805,100
2926,11:47:58,$ 3377.99,100
2927,11:47:58,$ 3377.98,100
2928,11:47:58,$ 3377.645,100
2929,11:47:58,$ 3377.30,100
2930,11:47:58,$ 3377.75,100
2931,11:47:58,$ 3377.46,100
2932,11:47:27,$ 3377.01,100
2933,11:46:48,$ 3378.8999,500
2935,11:46:14,$ 3376.85,100
2936,11:45:50,$ 3376.43,100
2937,11:45:50,$ 3377.17,391
2938,11:45:50,$ 3376.63,100
2939,11:45:36,$ 3375.43,100
2940,11:45:28,$ 3374.90,100
2941,11:45:28,$ 3375.10,100
2942,11:45:28,$ 3375.145,100
2943,11:45:08,$ 3374.07,160
2944,11:45:01,$ 3374.8052,100
2945,11:43:55,$ 3374.89,100
2946,11:43:45,$ 3375.255,100
2947,11:43:37,$ 3375.763,500
2948,11:43:35,$ 3375.835,322
2949,11:43:32,$ 3376.00,100
2950,11:43:21,$ 3375.84,500
2951,11:43:20,$ 3376.0398,160
2952,11:43:19,$ 3375.15,100
2953,11:43:18,$ 3374.95,100
2954,11:43:14,$ 3374.09,100
2956,11:43:13,$ 3374.00,100
2957,11:43:13,$ 3374.03,100
2958,11:43:07,$ 3373.675,100
2959,11:42:34,$ 3372.9544,160
2960,11:42:12,$ 3372.76,160
2961,11:41:51,$ 3371.69,100
2962,11:41:27,$ 3373.085,100
2963,11:41:24,$ 3372.40,400
2964,11:41:23,$ 3372.39,100
2965,11:41:23,$ 3373.41,100
2966,11:41:10,$ 3373.89,160
2967,11:40:55,$ 3374.005,100
2968,11:40:52,$ 3373.92,100
2969,11:40:25,$ 3372.82,100
2970,11:40:08,$ 3372.01,100
2971,11:39:58,$ 3372.27,160
2972,11:39:58,$ 3372.05,219
2973,11:39:58,$ 3372.05,267
2974,11:39:51,$ 3373.00,100
2975,11:39:51,$ 3373.00,332
2977,11:39:18,$ 3371.193,100
2978,11:39:12,$ 3371.365,100
2979,11:38:54,$ 3372.88,100
2980,11:38:50,$ 3373.24,160
2981,11:38:47,$ 3373.18,160
2982,11:38:46,$ 3373.27,100
2983,11:38:23,$ 3371.9075,400
2984,11:38:19,$ 3370.35,100
2985,11:38:19,$ 3369.83,115
2986,11:37:42,$ 3370.355,202
2987,11:37:18,$ 3371.13,100
2988,11:37:16,$ 3371.15,200
2989,11:37:14,$ 3372.01,100
2990,11:37:14,$ 3372.00,100
2991,11:36:40,$ 3372.395,125
2992,11:36:40,$ 3372.395,118
2993,11:36:23,$ 3372.385,100
2994,11:36:08,$ 3372.849,200
2995,11:35:49,$ 3372.50,100
2996,11:35:47,$ 3372.985,160
2998,11:35:46,$ 3372.985,400
2999,11:35:36,$ 3373.225,100
3000,11:35:18,$ 3372.67,100
3001,11:34:47,$ 3372.4696,100
3002,11:34:34,$ 3373.51,100
3003,11:34:33,$ 3373.59,100
3004,11:33:43,$ 3373.90,100
3005,11:33:40,$ 3373.68,281
3006,11:33:33,$ 3373.55,100
3007,11:33:33,$ 3373.54,100
3008,11:33:07,$ 3374.605,500
3009,11:33:07,$ 3375.00,400
3010,11:33:02,$ 3375.00,373
3011,11:33:02,$ 3375.00,127
3012,11:33:02,$ 3375.00,100
3013,11:32:56,$ 3374.1628,100
3014,11:32:52,$ 3373.91,100
3015,11:32:51,$ 3373.83,200
3016,11:32:44,$ 3373.392,500
3017,11:32:35,$ 3372.85,100
3019,11:32:35,$ 3372.99,100
3020,11:32:32,$ 3373.00,100
3021,11:32:28,$ 3372.25,100
3022,11:32:14,$ 3370.90,100
3023,11:31:41,$ 3370.515,100
3024,11:31:38,$ 3370.00,100
3025,11:31:38,$ 3370.00,100
3026,11:31:38,$ 3369.62,100
3027,11:31:24,$ 3370.58,100
3028,11:31:19,$ 3371.50,100
3029,11:31:19,$ 3371.38,103
3030,11:31:13,$ 3371.95,100
3031,11:31:13,$ 3372.19,100
3032,11:31:13,$ 3372.36,100
3033,11:31:13,$ 3371.93,100
3034,11:31:13,$ 3371.88,100
3035,11:31:13,$ 3371.88,100
3036,11:31:01,$ 3372.325,100
3038,12:29:59,$ 3372.73,100
3039,12:28:40,$ 3372.86,100
3040,12:28:28,$ 3373.50,100
3041,12:28:15,$ 3372.40,100
3042,12:27:18,$ 3371.2758,160
3043,12:26:55,$ 3371.705,160
3044,12:25:36,$ 3372.35,100
3045,12:25:14,$ 3371.495,160
3046,12:25:12,$ 3371.95,100
3047,12:25:01,$ 3371.38,100
3048,12:24:46,$ 3371.14,100
3049,12:24:46,$ 3371.70,100
3050,12:23:11,$ 3372.83,100
3051,12:23:05,$ 3372.99,100
3052,12:22:55,$ 3373.88,100
3053,12:22:30,$ 3373.50,100
3054,12:22:04,$ 3373.77,100
3055,12:21:58,$ 3373.73,100
3056,12:21:58,$ 3373.68,100
3057,12:21:44,$ 3373.7299,100
3059,12:21:22,$ 3372.99,160
3060,12:21:12,$ 3371.905,100
3061,12:21:09,$ 3371.915,100
3062,12:21:07,$ 3371.85,100
3063,12:21:07,$ 3371.85,100
3064,12:21:01,$ 3370.80,100
3065,12:20:42,$ 3372.465,160
3066,12:20:38,$ 3372.465,100
3067,12:20:34,$ 3372.44,100
3068,12:20:34,$ 3372.43,100
3069,12:20:29,$ 3371.2514,100
3070,12:20:01,$ 3370.815,100
3071,12:20:00,$ 3370.73,100
3072,12:20:00,$ 3370.33,100
3073,12:19:31,$ 3371.28,100
3074,12:19:28,$ 3371.88,100
3075,12:19:20,$ 3372.00,100
3076,12:19:15,$ 3372.00,100
3077,12:19:15,$ 3372.28,100
3078,12:19:14,$ 3372.58,100
3080,12:17:02,$ 3372.65,100
3081,12:17:02,$ 3372.62,100
3082,12:17:02,$ 3372.73,100
3083,12:16:56,$ 3373.17,100
3084,12:16:49,$ 3373.195,100
3085,12:16:48,$ 3373.195,100
3086,12:16:09,$ 3372.94,100
3087,12:16:09,$ 3372.80,100
3088,12:16:03,$ 3372.28,100
3089,12:15:25,$ 3372.80,100
3090,12:15:25,$ 3372.48,100
3091,12:15:18,$ 3372.805,100
3092,12:14:45,$ 3371.685,100
3093,12:14:26,$ 3371.44,300
3094,12:13:46,$ 3372.675,100
3095,12:13:25,$ 3372.345,200
3096,12:12:18,$ 3372.81,100
3097,12:12:01,$ 3372.98,100
3098,12:12:00,$ 3372.98,100
3099,12:10:51,$ 3372.99,100
3101,12:10:42,$ 3371.845,100
3102,12:10:30,$ 3371.39,100
3103,12:10:30,$ 3371.36,100
3104,12:10:30,$ 3371.17,200
3105,12:10:30,$ 3371.13,100
3106,12:10:30,$ 3371.36,100
3107,12:10:23,$ 3371.84,170
3108,12:10:19,$ 3371.5354,160
3109,12:09:49,$ 3370.55,100
3110,12:09:42,$ 3370.54,100
3111,12:09:42,$ 3370.61,100
3112,12:09:42,$ 3370.61,100
3113,12:09:33,$ 3372.00,137
3114,12:09:30,$ 3370.595,100
3115,12:09:28,$ 3370.41,100
3116,12:09:28,$ 3370.50,100
3117,12:09:28,$ 3370.42,100
3118,12:09:28,$ 3370.35,100
3119,12:09:28,$ 3370.35,100
3120,12:09:11,$ 3369.01,100
3122,12:09:11,$ 3369.04,100
3123,12:09:11,$ 3369.04,100
3124,12:09:11,$ 3369.03,100
3125,12:09:11,$ 3369.005,100
3126,12:09:11,$ 3369.04,100
3127,12:09:11,$ 3369.01,100
3128,12:09:11,$ 3370.01,123
3129,12:09:11,$ 3370.01,343
3130,12:08:54,$ 3370.6356,200
3131,12:08:47,$ 3370.44,100
3132,12:08:41,$ 3371.4599,100
3133,12:08:34,$ 3372.00,551
3134,12:08:34,$ 3371.86,100
3135,12:08:22,$ 3372.04,100
3136,12:08:22,$ 3372.00,215
3137,12:08:22,$ 3372.00,100
3138,12:08:22,$ 3372.00,100
3139,12:08:22,$ 3372.01,100
3140,12:08:22,$ 3372.30,200
3141,12:08:19,$ 3372.7364,250
3143,12:08:03,$ 3372.6688,100
3144,12:07:49,$ 3373.62,100
3145,12:07:41,$ 3372.72,100
3146,12:07:40,$ 3372.21,100
3147,12:07:08,$ 3372.832,100
3148,12:07:05,$ 3372.568,100
3149,12:07:03,$ 3373.00,159
3150,12:07:01,$ 3371.4991,203
3151,12:06:55,$ 3372.1133,100
3152,12:06:52,$ 3372.02,100
3153,12:06:52,$ 3372.10,100
3154,12:06:52,$ 3372.12,100
3155,12:06:52,$ 3372.11,100
3156,12:06:52,$ 3372.02,100
3157,12:06:49,$ 3371.43,100
3158,12:06:37,$ 3372.565,100
3159,12:06:35,$ 3372.5203,160
3160,12:06:14,$ 3372.50,100
3161,12:06:11,$ 3373.00,141
3162,12:06:02,$ 3373.39,100
3164,12:05:53,$ 3372.3131,145
3165,12:04:41,$ 3371.55,100
3166,12:04:27,$ 3372.76,113
3167,12:04:27,$ 3372.75,100
3168,12:04:03,$ 3373.3627,100
3169,12:03:35,$ 3371.3701,100
3170,12:03:16,$ 3372.10,100
3171,12:02:57,$ 3371.2968,250
3172,12:02:47,$ 3371.47,100
3173,12:02:33,$ 3370.42,100
3174,12:02:27,$ 3370.7616,100
3175,12:02:23,$ 3371.6899,100
3176,12:02:21,$ 3371.08,166
3177,12:02:21,$ 3371.34,100
3178,12:02:21,$ 3371.22,100
3179,12:02:20,$ 3372.29,100
3180,12:02:07,$ 3372.31,123
3181,12:02:07,$ 3372.31,100
3182,12:01:56,$ 3373.40,100
3183,12:01:37,$ 3373.45,170
3185,12:01:30,$ 3373.90,100
3186,12:01:27,$ 3373.25,100
3187,12:01:16,$ 3372.95,100
3188,12:01:12,$ 3373.21,192
3189,12:01:08,$ 3373.995,100
3190,12:01:05,$ 3374.405,100
3191,12:00:39,$ 3374.96,100
3192,12:00:25,$ 3374.765,100
3193,12:00:15,$ 3374.73,100
3195,12:59:40,$ 3367.05,100
3196,12:59:40,$ 3367.05,100
3197,12:59:40,$ 3367.41,100
3198,12:59:36,$ 3368.80,170
3199,12:59:33,$ 3367.925,160
3200,12:59:19,$ 3367.80,100
3201,12:59:06,$ 3367.17,100
3202,12:58:29,$ 3366.445,100
3203,12:58:28,$ 3367.58,100
3204,12:58:20,$ 3366.8402,176
3205,12:58:19,$ 3367.04,100
3206,12:58:16,$ 3367.7336,100
3207,12:58:10,$ 3368.22,100
3208,12:58:09,$ 3367.08,100
3209,12:58:01,$ 3367.04,100
3210,12:57:52,$ 3367.34,100
3211,12:57:45,$ 3367.05,100
3212,12:57:33,$ 3367.79,100
3213,12:57:22,$ 3368.33,100
3214,12:56:41,$ 3369.00,100
3216,12:56:40,$ 3369.00,100
3217,12:56:20,$ 3368.42,100
3218,12:56:19,$ 3367.5842,170
3219,12:55:59,$ 3367.94,142
3220,12:55:57,$ 3368.59,100
3221,12:55:52,$ 3367.3122,200
3222,12:54:56,$ 3368.2349,100
3223,12:54:52,$ 3367.00,999
3224,12:54:49,$ 3368.34,100
3225,12:54:48,$ 3368.20,100
3226,12:54:48,$ 3368.47,100
3227,12:54:48,$ 3368.24,100
3228,12:54:48,$ 3368.286,100
3229,12:54:34,$ 3368.49,100
3230,12:54:18,$ 3369.91,100
3231,12:54:10,$ 3368.49,100
3232,12:54:07,$ 3370.00,100
3233,12:54:06,$ 3370.57,100
3234,12:53:19,$ 3371.605,100
3235,12:52:52,$ 3372.907,150
3237,12:52:44,$ 3372.685,100
3238,12:52:30,$ 3372.79,100
3239,12:52:29,$ 3372.795,100
3240,12:52:17,$ 3372.635,100
3241,12:52:16,$ 3372.47,100
3242,12:51:46,$ 3373.44,100
3243,12:51:44,$ 3373.2488,275
3244,12:51:27,$ 3372.6832,136
3245,12:51:16,$ 3372.80,100
3246,12:50:44,$ 3372.775,100
3247,12:50:32,$ 3371.21,300
3248,12:50:00,$ 3371.0474,225
3249,12:49:59,$ 3370.605,100
3250,12:49:58,$ 3370.605,400
3251,12:49:58,$ 3370.605,100
3252,12:49:40,$ 3370.385,420
3253,12:49:33,$ 3370.82,100
3254,12:49:29,$ 3370.8206,100
3255,12:49:27,$ 3370.50,100
3256,12:49:17,$ 3370.68,100
3258,12:49:17,$ 3370.72,100
3259,12:49:17,$ 3370.72,100
3260,12:49:11,$ 3371.23,100
3261,12:49:01,$ 3371.38,100
3262,12:48:34,$ 3371.905,100
3263,12:48:32,$ 3372.3142,100
3264,12:48:29,$ 3372.08,100
3265,12:48:29,$ 3371.92,100
3266,12:48:29,$ 3371.93,100
3267,12:48:16,$ 3371.93,"2,298"
3268,12:47:37,$ 3371.44,100
3269,12:47:31,$ 3371.08,100
3270,12:47:26,$ 3371.50,100
3271,12:46:20,$ 3372.07,100
3272,12:45:16,$ 3372.20,100
3273,12:44:44,$ 3372.05,100
3274,12:44:40,$ 3372.6537,312
3275,12:43:39,$ 3372.6701,200
3276,12:43:33,$ 3373.075,100
3277,12:43:21,$ 3372.79,100
3279,12:43:03,$ 3373.22,100
3280,12:42:45,$ 3374.27,100
3281,12:42:27,$ 3373.61,100
3282,12:42:12,$ 3374.245,100
3283,12:42:03,$ 3374.21,100
3284,12:41:59,$ 3374.21,100
3285,12:41:16,$ 3375.28,200
3286,12:41:10,$ 3375.73,100
3287,12:40:25,$ 3375.61,100
3288,12:40:15,$ 3375.39,100
3289,12:40:12,$ 3375.02,100
3290,12:39:43,$ 3374.45,100
3291,12:39:34,$ 3374.36,200
3292,12:38:32,$ 3374.315,100
3293,12:38:21,$ 3375.33,100
3294,12:38:06,$ 3375.53,100
3295,12:38:02,$ 3375.80,100
3296,12:38:02,$ 3375.80,100
3297,12:37:17,$ 3375.41,100
3298,12:37:11,$ 3375.8638,160
3300,12:37:10,$ 3375.4101,200
3301,12:36:20,$ 3376.30,100
3302,12:35:56,$ 3375.29,195
3303,12:35:53,$ 3375.3716,168
3304,12:35:52,$ 3375.73,200
3305,12:34:58,$ 3375.51,160
3306,12:34:29,$ 3374.845,160
3307,12:34:24,$ 3374.83,200
3308,12:34:02,$ 3375.335,160
3309,12:33:58,$ 3375.02,150
3310,12:33:52,$ 3375.00,130
3311,12:33:45,$ 3375.0502,200
3312,12:33:36,$ 3374.74,100
3313,12:33:28,$ 3374.575,100
3314,12:33:26,$ 3374.575,160
3315,12:33:23,$ 3374.78,100
3316,12:33:23,$ 3374.63,100
3317,12:32:55,$ 3374.6001,103
3318,12:32:38,$ 3374.92,250
3319,12:32:34,$ 3375.32,100
3321,12:32:31,$ 3374.7047,103
3322,12:32:11,$ 3375.30,100
3323,12:32:07,$ 3375.24,100
3324,12:32:06,$ 3374.77,100
3325,12:32:06,$ 3375.00,100
3326,12:32:06,$ 3375.00,100
3327,12:32:05,$ 3373.99,100
3328,12:31:54,$ 3373.955,100
3329,12:31:33,$ 3373.78,100
3330,12:31:31,$ 3373.76,100
3331,12:31:27,$ 3372.7101,104
3332,12:31:16,$ 3373.985,100
3333,12:31:05,$ 3373.3933,150
3334,12:30:58,$ 3374.30,160
3335,12:30:46,$ 3373.91,100
3336,12:30:05,$ 3372.63,303
3337,12:30:03,$ 3373.165,100
3339,13:29:54,$ 3368.54,750
3340,13:29:45,$ 3368.535,150
3341,13:29:35,$ 3367.82,100
3342,13:29:32,$ 3367.73,100
3343,13:29:32,$ 3367.81,100
3344,13:29:32,$ 3367.81,100
3345,13:29:31,$ 3367.85,100
3346,13:29:28,$ 3367.445,100
3347,13:29:28,$ 3367.42,100
3348,13:29:28,$ 3368.2234,156
3349,13:29:28,$ 3367.76,100
3350,13:29:28,$ 3367.6163,100
3351,13:29:28,$ 3367.40,100
3352,13:29:28,$ 3367.45,100
3353,13:29:12,$ 3367.26,100
3354,13:29:12,$ 3366.50,100
3355,13:28:05,$ 3367.635,750
3356,13:27:34,$ 3367.862,109
3357,13:27:05,$ 3368.185,200
3358,13:26:45,$ 3368.50,100
3360,13:26:13,$ 3368.64,100
3361,13:26:13,$ 3368.63,100
3362,13:26:07,$ 3367.88,100
3363,13:26:00,$ 3367.88,100
3364,13:26:00,$ 3367.71,100
3365,13:25:58,$ 3367.30,100
3366,13:25:46,$ 3367.07,100
3367,13:25:46,$ 3366.75,100
3368,13:25:31,$ 3366.49,100
3369,13:25:30,$ 3366.43,100
3370,13:25:27,$ 3365.925,100
3371,13:25:17,$ 3365.96,100
3372,13:25:16,$ 3365.445,100
3373,13:24:30,$ 3365.93,100
3374,13:23:59,$ 3365.66,100
3375,13:23:54,$ 3365.62,100
3376,13:23:54,$ 3364.77,100
3377,13:23:33,$ 3364.385,100
3378,13:23:24,$ 3364.76,100
3379,13:23:24,$ 3363.8899,100
3381,13:23:24,$ 3363.89,100
3382,13:23:24,$ 3363.69,100
3383,13:22:45,$ 3363.41,750
3384,13:21:05,$ 3362.92,100
3385,13:21:05,$ 3362.94,100
3386,13:21:05,$ 3362.925,100
3387,13:21:05,$ 3363.024,200
3388,13:20:27,$ 3363.08,100
3389,13:20:27,$ 3362.72,100
3390,13:20:06,$ 3362.43,100
3391,13:19:44,$ 3362.21,100
3392,13:19:44,$ 3362.37,100
3393,13:19:43,$ 3362.87,200
3394,13:19:43,$ 3362.88,100
3395,13:19:37,$ 3362.90,100
3396,13:19:37,$ 3362.96,200
3397,13:19:37,$ 3363.07,100
3398,13:19:18,$ 3362.47,100
3399,13:19:18,$ 3362.48,100
3400,13:19:17,$ 3362.505,100
3402,13:19:13,$ 3362.9656,100
3403,13:18:45,$ 3362.34,100
3404,13:17:46,$ 3360.71,100
3405,13:17:38,$ 3359.93,746
3406,13:17:29,$ 3358.78,100
3407,13:17:29,$ 3359.05,100
3408,13:17:29,$ 3360.00,100
3409,13:17:29,$ 3360.01,100
3410,13:17:27,$ 3360.21,100
3411,13:17:27,$ 3360.37,100
3412,13:17:27,$ 3360.40,100
3413,13:17:27,$ 3360.57,100
3414,13:17:27,$ 3360.58,100
3415,13:17:27,$ 3360.81,100
3416,13:17:27,$ 3360.80,100
3417,13:17:26,$ 3360.36,100
3418,13:17:26,$ 3360.40,100
3419,13:17:26,$ 3360.74,100
3420,13:17:26,$ 3360.74,100
3421,13:17:26,$ 3360.74,100
3423,13:16:15,$ 3361.20,100
3424,13:16:14,$ 3362.44,100
3425,13:16:11,$ 3362.945,160
3426,13:16:05,$ 3362.50,135
3427,13:15:57,$ 3362.8837,160
3428,13:15:31,$ 3362.85,268
3429,13:15:03,$ 3362.53,100
3430,13:15:03,$ 3362.53,100
3431,13:15:03,$ 3362.53,106
3432,13:15:03,$ 3362.53,100
3433,13:14:53,$ 3362.84,100
3434,13:14:44,$ 3363.765,341
3435,13:14:16,$ 3363.7414,100
3436,13:13:15,$ 3363.60,100
3437,13:13:06,$ 3363.76,100
3438,13:12:39,$ 3364.27,100
3439,13:12:20,$ 3364.48,100
3440,13:11:59,$ 3365.345,100
3441,13:11:04,$ 3363.12,100
3442,13:11:02,$ 3363.53,160
3444,13:10:49,$ 3362.46,100
3445,13:10:43,$ 3363.70,160
3446,13:10:34,$ 3363.65,159
3447,13:10:34,$ 3363.65,177
3448,13:10:34,$ 3363.65,164
3449,13:10:14,$ 3362.93,351
3450,13:10:00,$ 3362.46,100
3451,13:09:52,$ 3362.52,160
3452,13:09:52,$ 3362.52,750
3453,13:09:49,$ 3363.025,100
3454,13:09:42,$ 3363.99,200
3455,13:08:25,$ 3364.61,100
3456,13:08:25,$ 3364.59,100
3457,13:08:25,$ 3364.60,100
3458,13:07:31,$ 3363.4862,106
3459,13:07:28,$ 3363.375,750
3460,13:07:04,$ 3363.02,100
3461,13:06:49,$ 3363.37,100
3462,13:06:45,$ 3363.91,100
3463,13:06:44,$ 3363.585,100
3465,13:06:32,$ 3362.30,260
3466,13:06:32,$ 3362.834,100
3467,13:06:32,$ 3362.84,100
3468,13:06:32,$ 3363.10,100
3469,13:06:29,$ 3363.775,100
3470,13:05:58,$ 3362.83,250
3471,13:05:50,$ 3364.04,100
3472,13:05:31,$ 3363.43,100
3473,13:05:31,$ 3363.85,100
3474,13:05:26,$ 3363.86,173
3475,13:05:13,$ 3364.39,100
3476,13:05:13,$ 3364.38,100
3477,13:05:13,$ 3364.41,100
3478,13:04:51,$ 3365.03,100
3479,13:04:44,$ 3365.10,100
3480,13:04:43,$ 3365.4892,100
3481,13:04:43,$ 3365.44,100
3482,13:04:43,$ 3365.44,100
3483,13:03:41,$ 3365.6099,100
3484,13:03:38,$ 3365.05,182
3486,13:02:50,$ 3365.6368,100
3487,13:02:50,$ 3365.35,100
3488,13:02:46,$ 3365.035,100
3489,13:02:46,$ 3365.00,100
3490,13:02:19,$ 3365.95,200
3491,13:02:19,$ 3366.3804,100
3492,13:02:19,$ 3366.42,100
3493,13:02:14,$ 3366.41,100
3494,13:02:07,$ 3366.42,100
3495,13:01:20,$ 3366.418,100
3496,13:01:15,$ 3366.07,100
3497,13:01:15,$ 3366.45,100
3498,13:01:14,$ 3366.8305,160
3499,13:01:07,$ 3367.62,100
3500,13:01:07,$ 3367.50,100
3501,13:01:01,$ 3368.6033,100
3502,13:00:31,$ 3367.04,160
3503,13:00:27,$ 3367.00,268
3504,13:00:09,$ 3366.76,100
3505,13:00:05,$ 3367.1573,100
3507,13:59:46,$ 3366.83,408
3508,13:59:20,$ 3365.0834,100
3509,13:58:33,$ 3364.865,100
3510,13:58:12,$ 3363.42,100
3511,13:58:07,$ 3363.24,100
3512,13:57:22,$ 3362.455,100
3513,13:57:20,$ 3362.32,100
3514,13:57:12,$ 3362.00,100
3515,13:57:11,$ 3361.54,100
3516,13:57:06,$ 3361.39,100
3517,13:57:06,$ 3361.38,100
3518,13:57:02,$ 3360.97,100
3519,13:56:28,$ 3361.58,100
3520,13:55:27,$ 3361.72,100
3521,13:55:27,$ 3361.72,100
3522,13:55:07,$ 3360.735,100
3523,13:55:00,$ 3361.115,750
3524,13:54:27,$ 3361.42,100
3525,13:54:25,$ 3360.87,150
3526,13:54:24,$ 3360.87,100
3528,13:54:24,$ 3360.78,100
3529,13:54:24,$ 3360.78,100
3530,13:54:10,$ 3360.90,100
3531,13:53:55,$ 3360.7113,104
3532,13:53:30,$ 3359.7369,750
3533,13:52:18,$ 3359.8545,100
3534,13:52:15,$ 3357.01,100
3535,13:52:15,$ 3357.54,100
3536,13:52:15,$ 3357.3816,100
3537,13:52:15,$ 3357.03,100
3538,13:52:15,$ 3358.02,100
3539,13:52:15,$ 3357.03,100
3540,13:52:15,$ 3357.73,200
3541,13:51:45,$ 3359.3169,500
3542,13:51:30,$ 3358.675,160
3543,13:51:28,$ 3358.98,100
3544,13:50:57,$ 3360.6997,100
3545,13:50:51,$ 3360.175,160
3546,13:50:28,$ 3360.70,100
3547,13:50:14,$ 3360.5299,100
3549,13:50:12,$ 3360.00,100
3550,13:50:12,$ 3360.07,100
3551,13:50:12,$ 3360.09,100
3552,13:50:01,$ 3360.8466,252
3553,13:49:32,$ 3360.90,100
3554,13:49:20,$ 3361.35,100
3555,13:49:20,$ 3361.0312,160
3556,13:49:08,$ 3361.165,100
3557,13:49:04,$ 3361.25,100
3558,13:49:00,$ 3362.00,165
3559,13:49:00,$ 3361.57,100
3560,13:48:59,$ 3362.0001,100
3561,13:48:58,$ 3362.36,118
3562,13:48:58,$ 3362.19,100
3563,13:48:56,$ 3362.56,100
3564,13:48:56,$ 3362.61,143
3565,13:48:29,$ 3362.105,100
3566,13:48:23,$ 3362.65,200
3567,13:47:24,$ 3362.78,100
3568,13:47:24,$ 3362.79,100
3570,13:47:24,$ 3362.80,100
3571,13:47:24,$ 3362.84,100
3572,13:47:03,$ 3362.58,100
3573,13:46:57,$ 3362.45,100
3574,13:46:55,$ 3363.00,100
3575,13:46:38,$ 3363.6366,114
3576,13:46:18,$ 3363.60,100
3577,13:46:18,$ 3363.65,100
3578,13:46:18,$ 3363.60,100
3579,13:46:18,$ 3363.81,100
3580,13:46:12,$ 3363.6501,100
3581,13:45:58,$ 3364.5001,160
3582,13:45:50,$ 3364.51,100
3583,13:45:16,$ 3363.5388,160
3584,13:45:00,$ 3362.40,100
3585,13:45:00,$ 3362.36,100
3586,13:45:00,$ 3362.37,100
3587,13:45:00,$ 3362.37,100
3588,13:45:00,$ 3362.42,100
3589,13:45:00,$ 3362.39,100
3591,13:45:00,$ 3362.38,100
3592,13:45:00,$ 3362.44,100
3593,13:43:30,$ 3363.26,100
3594,13:43:22,$ 3363.2267,150
3595,13:41:46,$ 3362.20,160
3596,13:41:31,$ 3361.44,299
3597,13:41:26,$ 3361.7547,104
3598,13:41:26,$ 3361.975,160
3599,13:41:22,$ 3362.29,100
3600,13:40:55,$ 3362.94,100
3601,13:40:55,$ 3362.96,100
3602,13:40:55,$ 3362.91,100
3603,13:40:55,$ 3363.02,100
3604,13:40:45,$ 3362.51,100
3605,13:40:45,$ 3362.51,213
3606,13:40:45,$ 3362.51,100
3607,13:40:45,$ 3362.55,100
3608,13:40:45,$ 3362.51,100
3609,13:40:37,$ 3362.94,100
3610,13:40:14,$ 3363.155,100
3612,13:39:27,$ 3364.346,409
3613,13:38:54,$ 3364.25,100
3614,13:38:46,$ 3363.61,100
3615,13:38:46,$ 3363.61,100
3616,13:38:43,$ 3362.93,100
3617,13:38:43,$ 3363.09,100
3618,13:38:11,$ 3362.7532,138
3619,13:37:14,$ 3362.5801,100
3620,13:36:56,$ 3363.01,100
3621,13:36:47,$ 3362.70,100
3622,13:36:47,$ 3362.98,100
3623,13:36:47,$ 3362.98,100
3624,13:36:46,$ 3363.79,100
3625,13:36:34,$ 3364.80,100
3626,13:36:34,$ 3364.8013,151
3627,13:36:34,$ 3364.8013,429
3628,13:36:33,$ 3364.30,100
3629,13:36:33,$ 3364.30,100
3630,13:36:33,$ 3364.38,100
3631,13:36:28,$ 3363.41,205
3633,13:36:22,$ 3363.5074,100
3634,13:36:21,$ 3362.60,100
3635,13:36:13,$ 3364.225,200
3636,13:36:03,$ 3365.0026,100
3637,13:35:47,$ 3367.73,100
3638,13:35:35,$ 3368.035,100
3639,13:35:33,$ 3367.51,100
3640,13:34:11,$ 3369.22,100
3641,13:33:41,$ 3369.54,100
3642,13:32:56,$ 3369.30,100
3643,13:31:17,$ 3369.0699,750
3644,13:31:01,$ 3367.85,100
3645,13:31:01,$ 3367.85,100
3646,13:31:01,$ 3367.95,138
3647,13:30:36,$ 3367.29,100
3648,13:30:32,$ 3368.02,100
3650,14:29:44,$ 3381.803,295
3651,14:29:44,$ 3381.803,397
3652,14:29:41,$ 3382.0799,150
3653,14:29:41,$ 3381.1836,100
3654,14:29:40,$ 3380.4301,100
3655,14:29:28,$ 3380.35,750
3656,14:29:12,$ 3379.625,100
3657,14:29:05,$ 3379.63,750
3658,14:29:04,$ 3379.63,160
3659,14:29:01,$ 3379.57,100
3660,14:28:49,$ 3378.3757,100
3661,14:28:10,$ 3378.335,750
3662,14:28:04,$ 3377.0001,178
3663,14:27:42,$ 3378.61,100
3664,14:27:40,$ 3378.175,160
3665,14:27:32,$ 3378.02,100
3666,14:27:13,$ 3378.9526,500
3667,14:27:09,$ 3379.0143,140
3668,14:27:03,$ 3378.59,750
3669,14:27:03,$ 3379.66,100
3671,14:26:59,$ 3379.998,100
3672,14:26:59,$ 3380.00,100
3673,14:26:59,$ 3380.19,100
3674,14:26:58,$ 3379.2801,100
3675,14:26:57,$ 3379.78,100
3676,14:26:51,$ 3378.71,160
3677,14:26:49,$ 3378.345,750
3678,14:26:48,$ 3379.1975,100
3679,14:26:00,$ 3377.8501,100
3680,14:25:57,$ 3378.37,177
3681,14:25:57,$ 3378.37,100
3682,14:25:40,$ 3376.52,750
3683,14:25:30,$ 3376.82,100
3684,14:25:11,$ 3378.00,100
3685,14:25:04,$ 3377.89,100
3686,14:24:56,$ 3377.23,100
3687,14:24:55,$ 3378.05,100
3688,14:24:55,$ 3378.05,100
3689,14:24:48,$ 3377.205,750
3690,14:24:47,$ 3376.36,217
3692,14:24:21,$ 3376.8174,100
3693,14:24:16,$ 3376.20,100
3694,14:24:14,$ 3376.72,100
3695,14:24:14,$ 3376.00,194
3696,14:24:12,$ 3375.78,100
3697,14:24:06,$ 3375.85,100
3698,14:23:56,$ 3374.03,100
3699,14:23:55,$ 3374.76,750
3700,14:23:55,$ 3374.09,100
3701,14:23:55,$ 3374.09,100
3702,14:23:54,$ 3374.72,100
3703,14:23:54,$ 3374.78,100
3704,14:23:54,$ 3374.80,100
3705,14:23:54,$ 3374.39,100
3706,14:23:52,$ 3374.395,100
3707,14:23:52,$ 3374.395,100
3708,14:23:51,$ 3374.395,100
3709,14:23:37,$ 3373.115,100
3710,14:23:33,$ 3373.03,121
3711,14:23:26,$ 3374.171,100
3713,14:23:26,$ 3373.83,100
3714,14:23:26,$ 3373.82,100
3715,14:23:23,$ 3374.775,100
3716,14:23:18,$ 3374.0004,100
3717,14:23:13,$ 3374.09,100
3718,14:23:13,$ 3374.20,100
3719,14:23:13,$ 3374.135,100
3720,14:23:13,$ 3374.11,100
3721,14:23:13,$ 3374.80,100
3722,14:23:06,$ 3375.77,100
3723,14:23:01,$ 3376.045,160
3724,14:23:01,$ 3377.10,100
3725,14:23:01,$ 3377.10,100
3726,14:23:00,$ 3377.115,100
3727,14:23:00,$ 3377.725,200
3728,14:22:54,$ 3378.07,100
3729,14:22:53,$ 3378.77,100
3730,14:22:53,$ 3377.48,100
3731,14:22:53,$ 3377.21,100
3732,14:22:53,$ 3377.21,100
3734,14:22:52,$ 3377.46,100
3735,14:22:52,$ 3377.48,100
3736,14:22:52,$ 3377.42,100
3737,14:22:52,$ 3377.46,100
3738,14:22:52,$ 3377.48,100
3739,14:22:52,$ 3377.48,100
3740,14:22:52,$ 3377.49,100
3741,14:22:52,$ 3377.44,100
3742,14:22:52,$ 3377.47,100
3743,14:22:35,$ 3376.60,100
3744,14:22:33,$ 3376.465,200
3745,14:22:33,$ 3375.55,100
3746,14:22:21,$ 3376.655,100
3747,14:22:07,$ 3377.08,100
3748,14:22:06,$ 3377.805,100
3749,14:21:59,$ 3377.15,100
3750,14:21:58,$ 3377.72,100
3751,14:21:53,$ 3376.595,100
3752,14:21:47,$ 3377.57,100
3753,14:21:45,$ 3378.205,100
3755,14:21:36,$ 3378.985,100
3756,14:21:36,$ 3378.15,152
3757,14:21:36,$ 3378.15,300
3758,14:21:31,$ 3378.27,112
3759,14:21:18,$ 3379.52,100
3760,14:21:00,$ 3378.28,100
3761,14:21:00,$ 3378.28,100
3762,14:20:58,$ 3377.31,100
3763,14:20:58,$ 3377.115,100
3764,14:20:58,$ 3377.145,100
3765,14:20:58,$ 3377.07,100
3766,14:20:53,$ 3378.54,200
3767,14:20:53,$ 3378.465,200
3768,14:20:51,$ 3378.53,200
3769,14:20:51,$ 3378.44,200
3770,14:20:42,$ 3378.48,125
3771,14:20:40,$ 3378.48,125
3772,14:20:40,$ 3378.48,118
3773,14:20:39,$ 3378.48,100
3774,14:20:36,$ 3378.52,100
3776,14:20:36,$ 3378.49,100
3777,14:20:36,$ 3379.1813,750
3778,14:20:35,$ 3378.435,200
3779,14:20:34,$ 3378.09,200
3780,14:20:34,$ 3378.085,200
3781,14:20:27,$ 3378.44,750
3782,14:20:11,$ 3377.5737,269
3783,14:20:11,$ 3377.5737,397
3784,14:20:01,$ 3377.2889,200
3785,14:19:55,$ 3377.69,100
3786,14:19:55,$ 3377.67,100
3787,14:19:55,$ 3377.57,100
3788,14:19:50,$ 3379.235,500
3789,14:19:50,$ 3378.5001,100
3790,14:19:48,$ 3378.65,100
3791,14:19:48,$ 3378.54,100
3792,14:19:48,$ 3378.54,100
3793,14:19:48,$ 3378.52,100
3794,14:19:45,$ 3379.8141,100
3795,14:19:44,$ 3380.00,100
3797,14:19:29,$ 3381.73,100
3798,14:19:29,$ 3381.73,100
3799,14:19:29,$ 3381.72,100
3800,14:19:29,$ 3382.36,100
3801,14:19:24,$ 3381.35,200
3802,14:19:24,$ 3382.06,100
3803,14:19:22,$ 3382.2994,200
3804,14:19:13,$ 3381.0901,200
3805,14:19:06,$ 3382.145,100
3806,14:19:06,$ 3382.06,100
3807,14:19:06,$ 3382.12,100
3808,14:19:03,$ 3382.75,200
3809,14:19:03,$ 3383.21,100
3810,14:19:03,$ 3382.755,100
3811,14:19:03,$ 3383.17,100
3812,14:19:03,$ 3382.75,100
3813,14:19:03,$ 3382.74,100
3814,14:19:02,$ 3382.79,100
3815,14:18:59,$ 3382.50,100
3816,14:18:59,$ 3382.50,100
3818,14:18:51,$ 3382.5004,200
3819,14:18:49,$ 3383.0635,150
3820,14:18:30,$ 3382.89,100
3821,14:18:28,$ 3383.425,160
3822,14:18:15,$ 3383.37,100
3823,14:18:15,$ 3383.37,100
3824,14:18:15,$ 3384.04,125
3825,14:18:15,$ 3384.04,118
3826,14:18:15,$ 3384.04,100
3827,14:18:15,$ 3384.04,100
3828,14:18:15,$ 3384.04,118
3829,14:18:15,$ 3384.04,125
3830,14:18:05,$ 3384.70,100
3831,14:18:04,$ 3383.935,160
