,NLS Time (ET),NLS Price,NLS Share Volume
1,09:59:54,$ 3645.5043,500
2,09:59:46,$ 3645.49,381
3,09:59:43,$ 3645.645,100
4,09:59:31,$ 3645.31,100
5,09:59:31,$ 3645.00,100
6,09:59:29,$ 3642.39,100
7,09:59:28,$ 3644.45,100
8,09:59:27,$ 3644.50,125
9,09:59:21,$ 3643.52,200
10,09:59:07,$ 3644.79,100
11,09:59:06,$ 3644.78,100
12,09:58:57,$ 3644.08,160
13,09:58:41,$ 3645.15,100
14,09:58:41,$ 3645.16,100
15,09:58:41,$ 3645.00,100
16,09:58:41,$ 3644.55,100
17,09:58:41,$ 3644.54,100
18,09:58:19,$ 3642.44,100
19,09:58:15,$ 3643.027,500
20,09:58:13,$ 3642.01,100
22,09:58:10,$ 3642.40,200
23,09:58:08,$ 3642.19,100
24,09:58:06,$ 3642.19,100
25,09:58:06,$ 3642.10,100
26,09:58:06,$ 3643.5685,100
27,09:58:03,$ 3644.11,100
28,09:58:00,$ 3644.00,100
29,09:57:59,$ 3643.68,100
30,09:57:48,$ 3643.16,100
31,09:57:43,$ 3640.84,100
32,09:57:42,$ 3640.323,100
33,09:57:41,$ 3639.99,300
34,09:57:33,$ 3641.5625,100
35,09:57:30,$ 3641.41,100
36,09:57:27,$ 3643.43,100
37,09:57:27,$ 3643.43,100
38,09:57:27,$ 3643.06,100
39,09:57:27,$ 3643.06,200
40,09:57:19,$ 3642.52,200
41,09:57:15,$ 3644.00,400
43,09:57:15,$ 3644.00,100
44,09:57:14,$ 3642.465,200
45,09:57:13,$ 3642.475,100
46,09:57:13,$ 3643.04,100
47,09:57:06,$ 3641.19,100
48,09:56:57,$ 3641.2133,150
49,09:56:52,$ 3641.445,150
50,09:56:40,$ 3642.41,200
51,09:56:35,$ 3642.175,100
52,09:56:32,$ 3643.00,100
53,09:56:32,$ 3642.90,100
54,09:56:25,$ 3640.59,100
55,09:56:23,$ 3639.625,100
56,09:56:17,$ 3639.54,100
57,09:56:17,$ 3639.54,100
58,09:56:17,$ 3639.55,100
59,09:56:17,$ 3639.025,100
60,09:56:17,$ 3639.025,100
61,09:56:17,$ 3639.46,100
62,09:56:17,$ 3639.46,100
64,09:56:05,$ 3640.895,100
65,09:56:02,$ 3640.17,200
66,09:56:01,$ 3639.80,100
67,09:55:58,$ 3639.765,100
68,09:55:58,$ 3639.77,100
69,09:55:50,$ 3640.03,100
70,09:55:39,$ 3640.40,100
71,09:55:39,$ 3640.68,100
72,09:55:37,$ 3641.39,100
73,09:55:37,$ 3640.545,100
74,09:55:33,$ 3640.8217,250
75,09:55:31,$ 3639.76,100
76,09:55:31,$ 3640.18,400
77,09:55:31,$ 3639.73,100
78,09:55:30,$ 3639.335,100
79,09:55:18,$ 3639.91,100
80,09:55:12,$ 3638.5311,100
81,09:54:54,$ 3637.00,100
82,09:54:52,$ 3638.845,100
83,09:54:50,$ 3638.60,100
85,09:54:48,$ 3638.1642,100
86,09:54:42,$ 3638.005,100
87,09:54:41,$ 3640.72,100
88,09:54:40,$ 3640.00,100
89,09:54:38,$ 3640.985,100
90,09:54:37,$ 3641.94,100
91,09:54:37,$ 3640.88,100
92,09:54:36,$ 3640.88,100
93,09:54:34,$ 3642.44,100
94,09:54:29,$ 3642.36,100
95,09:54:27,$ 3642.00,100
96,09:54:25,$ 3642.36,100
97,09:54:22,$ 3640.3861,100
98,09:54:17,$ 3641.25,200
99,09:54:01,$ 3640.82,500
100,09:54:01,$ 3641.2599,100
101,09:54:01,$ 3641.27,100
102,09:54:01,$ 3641.259,100
103,09:54:00,$ 3639.40,"1,000"
104,09:53:58,$ 3639.84,100
106,09:53:56,$ 3638.70,100
107,09:53:55,$ 3639.9067,182
108,09:53:54,$ 3638.79,100
109,09:53:54,$ 3638.79,100
110,09:53:54,$ 3638.58,100
111,09:53:54,$ 3638.58,100
112,09:53:54,$ 3638.88,100
113,09:53:54,$ 3639.10,100
114,09:53:53,$ 3639.61,100
115,09:53:51,$ 3638.54,100
116,09:53:51,$ 3639.95,100
117,09:53:44,$ 3639.505,100
118,09:53:38,$ 3640.56,100
119,09:53:35,$ 3640.03,100
120,09:53:29,$ 3640.735,100
121,09:53:29,$ 3641.76,100
122,09:53:27,$ 3641.5613,100
123,09:53:25,$ 3642.45,100
124,09:53:21,$ 3641.845,100
125,09:53:21,$ 3641.85,100
127,09:53:21,$ 3641.85,100
128,09:53:16,$ 3642.28,197
129,09:53:15,$ 3642.9999,400
130,09:53:14,$ 3641.21,100
131,09:53:12,$ 3641.99,182
132,09:53:11,$ 3641.115,100
133,09:53:11,$ 3641.645,100
134,09:53:10,$ 3642.245,100
135,09:53:08,$ 3641.47,100
136,09:53:06,$ 3638.5101,100
137,09:53:05,$ 3640.55,100
138,09:53:05,$ 3641.95,100
139,09:53:02,$ 3640.515,100
140,09:53:01,$ 3640.215,114
141,09:53:01,$ 3639.65,275
142,09:53:00,$ 3639.01,100
143,09:53:00,$ 3639.105,100
144,09:53:00,$ 3639.0127,100
145,09:53:00,$ 3639.0135,200
146,09:53:00,$ 3639.50,100
148,09:53:00,$ 3639.25,200
149,09:53:00,$ 3639.28,150
150,09:53:00,$ 3638.41,100
151,09:53:00,$ 3638.44,100
152,09:53:00,$ 3638.44,100
153,09:53:00,$ 3638.415,100
154,09:53:00,$ 3640.75,100
155,09:52:55,$ 3638.74,100
156,09:52:55,$ 3638.74,100
157,09:52:55,$ 3638.74,100
158,09:52:55,$ 3638.79,100
159,09:52:54,$ 3638.828,108
160,09:52:54,$ 3638.41,108
161,09:52:54,$ 3639.048,449
162,09:52:52,$ 3639.32,200
163,09:52:52,$ 3639.59,100
164,09:52:50,$ 3640.945,200
165,09:52:50,$ 3640.94,200
166,09:52:50,$ 3640.94,200
167,09:52:50,$ 3640.94,200
169,09:52:50,$ 3640.94,300
170,09:52:50,$ 3640.94,200
171,09:52:47,$ 3640.2804,200
172,09:52:45,$ 3641.045,200
173,09:52:44,$ 3641.04,200
174,09:52:41,$ 3641.035,200
175,09:52:31,$ 3638.9501,200
176,09:52:31,$ 3640.47,100
177,09:52:31,$ 3639.51,100
178,09:52:30,$ 3640.61,100
179,09:52:29,$ 3640.61,200
180,09:52:29,$ 3640.62,100
181,09:52:28,$ 3640.6101,200
182,09:52:27,$ 3639.54,100
183,09:52:26,$ 3637.8701,100
184,09:52:25,$ 3638.69,100
185,09:52:24,$ 3639.51,100
186,09:52:24,$ 3639.23,400
187,09:52:23,$ 3638.40,100
188,09:52:23,$ 3638.65,200
190,09:52:22,$ 3638.76,100
191,09:52:16,$ 3638.3144,500
192,09:52:13,$ 3637.1628,100
193,09:52:13,$ 3637.76,100
194,09:52:13,$ 3639.01,100
195,09:52:13,$ 3639.01,100
196,09:52:13,$ 3639.03,100
197,09:52:12,$ 3639.49,400
198,09:52:12,$ 3639.48,200
199,09:52:12,$ 3639.46,100
200,09:52:11,$ 3639.29,100
201,09:52:11,$ 3639.03,100
202,09:52:11,$ 3638.89,100
203,09:52:05,$ 3635.425,100
204,09:52:05,$ 3635.425,300
205,09:52:05,$ 3635.425,890
206,09:52:04,$ 3635.455,104
207,09:51:55,$ 3634.26,100
208,09:51:55,$ 3634.985,200
209,09:51:55,$ 3634.90,100
211,09:51:47,$ 3637.01,200
212,09:51:47,$ 3636.40,109
213,09:51:47,$ 3636.40,242
214,09:51:47,$ 3637.015,710
215,09:51:47,$ 3637.015,200
216,09:51:47,$ 3637.015,390
217,09:51:46,$ 3637.02,100
218,09:51:45,$ 3637.40,100
219,09:51:44,$ 3637.2975,100
220,09:51:44,$ 3637.4575,100
221,09:51:44,$ 3637.1375,100
222,09:51:44,$ 3637.1675,100
223,09:51:44,$ 3637.3175,100
224,09:51:44,$ 3637.1325,100
225,09:51:43,$ 3637.00,100
226,09:51:43,$ 3636.91,100
227,09:51:43,$ 3636.89,100
228,09:51:43,$ 3637.995,100
229,09:51:41,$ 3637.45,100
230,09:51:39,$ 3638.88,100
232,09:51:39,$ 3638.35,100
233,09:51:39,$ 3639.41,200
234,09:51:39,$ 3639.6362,234
235,09:51:39,$ 3639.63,100
236,09:51:39,$ 3639.61,100
237,09:51:39,$ 3639.62,100
238,09:51:37,$ 3639.82,100
239,09:51:37,$ 3639.96,100
240,09:51:37,$ 3640.00,100
241,09:51:37,$ 3639.97,100
242,09:51:34,$ 3637.86,100
243,09:51:32,$ 3639.115,100
244,09:51:32,$ 3639.10,100
245,09:51:31,$ 3638.795,100
246,09:51:31,$ 3639.115,100
247,09:51:26,$ 3635.2801,197
248,09:51:25,$ 3637.54,100
249,09:51:22,$ 3637.20,100
250,09:51:21,$ 3636.74,100
251,09:51:21,$ 3636.21,100
253,09:51:21,$ 3636.3831,100
254,09:51:19,$ 3636.0357,100
255,09:51:15,$ 3635.4358,100
256,09:51:14,$ 3634.00,100
257,09:51:13,$ 3633.4514,275
258,09:51:11,$ 3634.8877,150
259,09:51:07,$ 3634.27,100
260,09:51:01,$ 3633.26,100
261,09:50:58,$ 3633.89,100
262,09:50:57,$ 3633.4128,245
263,09:50:56,$ 3631.6601,100
264,09:50:54,$ 3633.70,250
265,09:50:48,$ 3631.00,100
266,09:50:48,$ 3629.94,100
267,09:50:48,$ 3630.94,100
268,09:50:47,$ 3630.7892,100
269,09:50:47,$ 3630.9999,200
270,09:50:38,$ 3628.11,188
271,09:50:36,$ 3627.86,300
272,09:50:36,$ 3628.72,200
274,09:50:34,$ 3628.705,100
275,09:50:34,$ 3628.575,600
276,09:50:31,$ 3627.1401,500
277,09:50:30,$ 3628.1008,100
278,09:50:27,$ 3626.0501,100
279,09:50:25,$ 3627.44,100
280,09:50:17,$ 3625.9966,380
281,09:50:16,$ 3624.86,100
282,09:50:16,$ 3625.57,100
283,09:50:16,$ 3625.505,100
284,09:50:15,$ 3625.0733,250
285,09:50:15,$ 3625.44,100
286,09:50:15,$ 3625.55,100
287,09:50:11,$ 3624.605,171
288,09:50:09,$ 3624.40,100
289,09:50:09,$ 3624.40,100
290,09:50:09,$ 3624.92,100
291,09:50:09,$ 3625.45,100
292,09:50:09,$ 3624.89,100
293,09:50:09,$ 3625.42,100
295,09:50:09,$ 3624.39,151
296,09:50:08,$ 3625.40,100
297,09:50:06,$ 3623.675,100
298,09:50:06,$ 3623.685,100
299,09:50:05,$ 3625.41,100
300,09:50:05,$ 3623.925,100
301,09:50:05,$ 3623.925,100
302,09:50:04,$ 3623.19,100
303,09:50:03,$ 3623.11,100
304,09:50:03,$ 3623.00,100
305,09:50:03,$ 3624.275,100
306,09:50:03,$ 3625.54,100
307,09:50:02,$ 3625.5599,400
308,09:50:02,$ 3625.065,100
309,09:50:01,$ 3627.61,100
310,09:49:59,$ 3622.00,100
311,09:49:59,$ 3622.09,100
312,09:49:59,$ 3622.12,110
313,09:49:59,$ 3622.56,200
314,09:49:58,$ 3622.8869,100
316,09:49:58,$ 3622.97,100
317,09:49:56,$ 3623.41,100
318,09:49:55,$ 3622.51,100
319,09:49:54,$ 3623.005,300
320,09:49:48,$ 3625.00,156
321,09:49:48,$ 3628.22,254
322,09:49:47,$ 3624.01,100
323,09:49:46,$ 3625.01,138
324,09:49:40,$ 3626.12,200
325,09:49:36,$ 3626.73,100
326,09:49:31,$ 3627.01,100
327,09:49:28,$ 3626.11,100
328,09:49:12,$ 3623.3501,135
329,09:49:02,$ 3624.41,100
330,09:49:01,$ 3623.87,100
331,09:49:01,$ 3623.88,100
332,09:49:00,$ 3626.3105,100
333,09:49:00,$ 3624.91,100
334,09:48:52,$ 3623.88,100
335,09:48:47,$ 3624.99,100
337,09:48:47,$ 3624.99,100
338,09:48:46,$ 3623.77,100
339,09:48:45,$ 3623.67,100
340,09:48:44,$ 3624.345,400
341,09:48:41,$ 3624.355,200
342,09:48:35,$ 3625.645,100
343,09:48:35,$ 3625.785,100
344,09:48:32,$ 3626.02,900
345,09:48:29,$ 3624.77,100
346,09:48:28,$ 3623.90,100
347,09:48:28,$ 3625.125,100
348,09:48:28,$ 3624.34,200
349,09:48:28,$ 3624.34,100
350,09:48:26,$ 3625.00,100
351,09:48:26,$ 3622.1401,400
352,09:48:25,$ 3623.065,100
353,09:48:25,$ 3623.63,100
354,09:48:25,$ 3623.065,100
355,09:48:23,$ 3623.00,150
356,09:48:20,$ 3622.92,100
358,09:48:20,$ 3623.49,500
359,09:48:20,$ 3623.495,140
360,09:48:18,$ 3621.5801,100
361,09:48:17,$ 3622.23,100
362,09:48:16,$ 3622.64,100
363,09:48:16,$ 3622.63,100
364,09:48:16,$ 3622.63,100
365,09:48:16,$ 3622.63,100
366,09:48:16,$ 3622.61,100
367,09:48:16,$ 3622.57,100
368,09:48:16,$ 3622.57,100
369,09:48:16,$ 3622.65,100
370,09:48:16,$ 3622.89,100
371,09:48:15,$ 3622.20,100
372,09:48:14,$ 3622.72,100
373,09:48:14,$ 3623.84,197
374,09:48:12,$ 3622.3966,100
375,09:48:12,$ 3622.085,100
376,09:48:12,$ 3624.0699,100
377,09:48:07,$ 3622.3785,100
379,09:48:06,$ 3623.19,100
380,09:48:06,$ 3623.185,100
381,09:48:06,$ 3623.185,100
382,09:48:06,$ 3623.19,100
383,09:48:05,$ 3623.19,151
384,09:48:04,$ 3622.1101,100
385,09:48:04,$ 3623.19,100
386,09:48:03,$ 3624.27,"1,018"
387,09:48:00,$ 3622.885,100
388,09:48:00,$ 3623.2533,500
389,09:47:59,$ 3622.4093,100
390,09:47:56,$ 3622.98,100
391,09:47:56,$ 3622.96,100
392,09:47:54,$ 3621.9301,596
393,09:47:52,$ 3624.9999,100
394,09:47:51,$ 3622.79,150
395,09:47:51,$ 3622.75,252
396,09:47:51,$ 3621.68,100
397,09:47:51,$ 3622.50,100
398,09:47:51,$ 3622.67,100
400,09:47:51,$ 3622.32,100
401,09:47:51,$ 3622.12,100
402,09:47:51,$ 3623.155,200
403,09:47:51,$ 3622.84,100
404,09:47:51,$ 3622.84,100
405,09:47:51,$ 3623.67,100
406,09:47:51,$ 3623.67,295
407,09:47:51,$ 3623.72,300
408,09:47:51,$ 3623.71,100
409,09:47:51,$ 3624.00,100
410,09:47:51,$ 3625.67,100
411,09:47:51,$ 3625.30,100
412,09:47:51,$ 3626.00,100
413,09:47:51,$ 3626.36,100
414,09:47:48,$ 3626.5001,165
415,09:47:46,$ 3626.625,100
416,09:47:42,$ 3627.01,100
417,09:47:42,$ 3626.95,107
418,09:47:42,$ 3627.63,100
419,09:47:41,$ 3627.6325,400
421,09:47:39,$ 3627.211,100
422,09:47:36,$ 3627.22,100
423,09:47:33,$ 3626.82,100
424,09:47:33,$ 3626.71,100
425,09:47:30,$ 3627.585,100
426,09:47:29,$ 3627.50,100
427,09:47:28,$ 3627.5931,600
428,09:47:27,$ 3627.2175,100
429,09:47:25,$ 3628.44,100
430,09:47:24,$ 3627.945,100
431,09:47:21,$ 3628.05,100
432,09:47:20,$ 3627.81,100
433,09:47:19,$ 3626.32,500
434,09:47:13,$ 3627.11,100
435,09:47:12,$ 3628.98,100
436,09:47:11,$ 3630.27,200
437,09:47:10,$ 3630.24,100
438,09:47:08,$ 3630.7536,275
439,09:47:07,$ 3631.33,100
440,09:47:02,$ 3630.21,200
442,09:47:00,$ 3629.585,100
443,09:47:00,$ 3630.94,200
444,09:46:57,$ 3630.76,100
445,09:46:55,$ 3629.723,116
446,09:46:55,$ 3629.805,200
447,09:46:54,$ 3629.30,200
448,09:46:50,$ 3629.29,100
449,09:46:50,$ 3630.5299,200
450,09:46:48,$ 3629.29,100
451,09:46:45,$ 3630.943,265
452,09:46:45,$ 3629.97,100
453,09:46:44,$ 3629.405,100
454,09:46:41,$ 3629.6077,250
455,09:46:39,$ 3630.00,100
456,09:46:38,$ 3629.165,100
457,09:46:36,$ 3630.26,100
458,09:46:36,$ 3628.30,100
459,09:46:29,$ 3627.80,100
460,09:46:29,$ 3627.53,100
461,09:46:29,$ 3628.595,100
463,09:46:28,$ 3629.02,100
464,09:46:28,$ 3629.02,100
465,09:46:28,$ 3629.81,100
466,09:46:28,$ 3629.86,100
467,09:46:24,$ 3629.733,275
468,09:46:23,$ 3628.68,100
469,09:46:22,$ 3630.5752,738
470,09:46:22,$ 3629.733,500
471,09:46:21,$ 3631.9299,100
472,09:46:21,$ 3628.67,400
473,09:46:21,$ 3630.305,100
474,09:46:18,$ 3626.74,100
475,09:46:17,$ 3628.66,174
476,09:46:17,$ 3627.72,100
477,09:46:15,$ 3626.52,100
478,09:46:15,$ 3627.88,100
479,09:46:15,$ 3626.52,100
480,09:46:15,$ 3627.07,100
481,09:46:15,$ 3626.87,100
482,09:46:14,$ 3626.90,100
484,09:46:14,$ 3626.81,100
485,09:46:14,$ 3626.8138,100
486,09:46:14,$ 3626.89,100
487,09:46:14,$ 3626.88,100
488,09:46:14,$ 3627.051,100
489,09:46:14,$ 3627.055,100
490,09:46:11,$ 3628.28,100
491,09:46:10,$ 3628.905,100
492,09:46:10,$ 3628.28,100
493,09:46:08,$ 3626.5101,100
494,09:46:07,$ 3628.36,100
495,09:46:06,$ 3629.4363,100
496,09:46:04,$ 3628.67,100
497,09:46:04,$ 3627.82,500
498,09:46:02,$ 3626.62,100
499,09:46:02,$ 3627.00,100
500,09:46:02,$ 3627.20,100
501,09:46:02,$ 3629.485,100
502,09:45:59,$ 3630.869,100
503,09:45:58,$ 3631.54,136
505,09:45:58,$ 3630.515,100
506,09:45:58,$ 3629.27,300
507,09:45:58,$ 3630.00,100
508,09:45:57,$ 3631.57,130
509,09:45:57,$ 3631.34,100
510,09:45:55,$ 3632.4433,100
511,09:45:55,$ 3631.54,100
512,09:45:51,$ 3631.595,100
513,09:45:51,$ 3632.58,150
514,09:45:50,$ 3630.71,100
515,09:45:50,$ 3632.00,100
516,09:45:50,$ 3632.045,100
517,09:45:49,$ 3630.18,100
518,09:45:49,$ 3630.5029,107
519,09:45:49,$ 3630.5029,296
520,09:45:49,$ 3630.92,100
521,09:45:49,$ 3630.40,100
522,09:45:49,$ 3630.92,100
523,09:45:49,$ 3630.90,100
524,09:45:49,$ 3630.42,100
526,09:45:49,$ 3630.42,100
527,09:45:48,$ 3631.45,100
528,09:45:48,$ 3630.19,100
529,09:45:48,$ 3630.7613,"1,000"
530,09:45:48,$ 3630.72,200
531,09:45:47,$ 3630.14,100
532,09:45:47,$ 3633.815,100
533,09:45:46,$ 3632.91,100
534,09:45:45,$ 3633.03,100
535,09:45:42,$ 3633.305,100
536,09:45:41,$ 3634.9999,100
537,09:45:39,$ 3632.0406,100
538,09:45:36,$ 3633.185,100
539,09:45:35,$ 3632.7089,208
540,09:45:34,$ 3633.47,100
541,09:45:34,$ 3633.47,200
542,09:45:34,$ 3633.6107,120
543,09:45:34,$ 3633.6107,287
544,09:45:33,$ 3632.03,100
545,09:45:33,$ 3633.425,100
547,09:45:33,$ 3634.88,100
548,09:45:33,$ 3634.13,208
549,09:45:31,$ 3632.20,100
550,09:45:30,$ 3632.795,100
551,09:45:29,$ 3632.585,"1,000"
552,09:45:29,$ 3634.965,100
553,09:45:29,$ 3634.03,100
554,09:45:28,$ 3634.962,100
555,09:45:28,$ 3634.972,274
556,09:45:28,$ 3634.53,100
557,09:45:26,$ 3633.955,500
558,09:45:24,$ 3634.1315,154
559,09:45:24,$ 3633.17,100
560,09:45:24,$ 3633.16,100
561,09:45:24,$ 3633.17,100
562,09:45:23,$ 3630.54,100
563,09:45:23,$ 3631.26,185
564,09:45:23,$ 3631.20,100
565,09:45:23,$ 3630.82,100
566,09:45:22,$ 3631.26,197
568,09:45:22,$ 3630.63,100
569,09:45:18,$ 3633.696,100
570,09:45:18,$ 3632.042,100
571,09:45:18,$ 3632.014,100
572,09:45:17,$ 3633.15,100
573,09:45:17,$ 3633.55,100
574,09:45:16,$ 3633.945,100
575,09:45:15,$ 3633.84,183
576,09:45:15,$ 3633.55,200
577,09:45:15,$ 3633.55,196
578,09:45:15,$ 3633.55,156
579,09:45:15,$ 3633.50,100
580,09:45:15,$ 3634.53,100
581,09:45:15,$ 3634.765,100
582,09:45:14,$ 3633.735,100
583,09:45:14,$ 3634.00,100
584,09:45:14,$ 3634.00,100
585,09:45:14,$ 3634.64,100
586,09:45:14,$ 3633.65,100
587,09:45:14,$ 3633.835,100
589,09:45:13,$ 3635.80,500
590,09:45:13,$ 3634.28,100
591,09:45:12,$ 3634.705,100
592,09:45:10,$ 3634.685,400
593,09:45:10,$ 3634.16,100
594,09:45:10,$ 3635.01,100
595,09:45:10,$ 3636.50,100
596,09:45:10,$ 3637.115,100
597,09:45:04,$ 3640.27,100
598,09:45:04,$ 3640.27,100
599,09:45:04,$ 3640.12,100
600,09:45:03,$ 3641.555,100
601,09:45:01,$ 3641.175,100
602,09:45:00,$ 3638.47,100
603,09:45:00,$ 3638.06,100
604,09:45:00,$ 3638.04,100
605,09:45:00,$ 3639.9999,100
606,09:44:58,$ 3639.00,100
607,09:44:58,$ 3639.00,100
608,09:44:58,$ 3639.00,100
610,09:44:58,$ 3639.705,100
611,09:44:55,$ 3639.6385,100
612,09:44:55,$ 3640.00,100
613,09:44:51,$ 3640.105,100
614,09:44:44,$ 3641.31,100
615,09:44:44,$ 3642.1474,500
616,09:44:42,$ 3639.4363,100
617,09:44:41,$ 3639.0001,338
618,09:44:41,$ 3640.41,100
619,09:44:40,$ 3639.0001,200
620,09:44:39,$ 3639.01,124
621,09:44:39,$ 3640.025,200
622,09:44:39,$ 3640.025,200
623,09:44:39,$ 3640.245,100
624,09:44:39,$ 3640.00,100
625,09:44:39,$ 3640.00,100
626,09:44:39,$ 3640.00,100
627,09:44:39,$ 3640.00,100
628,09:44:36,$ 3642.49,100
629,09:44:36,$ 3641.59,100
631,09:44:36,$ 3641.29,100
632,09:44:36,$ 3643.21,100
633,09:44:36,$ 3643.2101,100
634,09:44:34,$ 3644.10,100
635,09:44:30,$ 3644.21,100
636,09:44:30,$ 3643.095,100
637,09:44:27,$ 3644.01,105
638,09:44:27,$ 3644.04,100
639,09:44:23,$ 3646.83,100
640,09:44:23,$ 3645.45,100
641,09:44:23,$ 3645.07,100
642,09:44:23,$ 3645.39,100
643,09:44:23,$ 3645.41,100
644,09:44:23,$ 3645.3935,100
645,09:44:23,$ 3645.395,100
646,09:44:23,$ 3645.35,100
647,09:44:23,$ 3645.07,100
648,09:44:18,$ 3646.665,100
649,09:44:12,$ 3645.87,100
650,09:44:07,$ 3645.3825,100
652,09:44:05,$ 3647.06,100
653,09:44:05,$ 3645.84,100
654,09:44:04,$ 3647.09,100
655,09:44:00,$ 3645.115,100
656,09:43:59,$ 3646.35,100
657,09:43:59,$ 3645.04,313
658,09:43:56,$ 3646.34,100
659,09:43:54,$ 3645.805,100
660,09:43:54,$ 3646.48,100
661,09:43:53,$ 3645.515,100
662,09:43:48,$ 3645.035,109
663,09:43:47,$ 3646.48,100
664,09:43:44,$ 3645.565,100
665,09:43:44,$ 3646.94,100
666,09:43:41,$ 3645.43,100
667,09:43:39,$ 3645.56,500
668,09:43:34,$ 3644.725,400
669,09:43:33,$ 3643.99,100
670,09:43:33,$ 3643.99,100
671,09:43:33,$ 3643.99,100
673,09:43:33,$ 3643.99,100
674,09:43:33,$ 3643.99,164
675,09:43:33,$ 3643.99,100
676,09:43:33,$ 3643.99,100
677,09:43:33,$ 3644.01,100
678,09:43:30,$ 3645.045,100
679,09:43:30,$ 3643.99,100
680,09:43:30,$ 3643.99,100
681,09:43:26,$ 3644.35,100
682,09:43:25,$ 3645.00,100
683,09:43:24,$ 3646.865,100
684,09:43:21,$ 3646.9462,100
685,09:43:15,$ 3646.5845,138
686,09:43:12,$ 3646.97,100
687,09:43:02,$ 3646.98,100
688,09:43:02,$ 3647.10,221
689,09:42:50,$ 3647.711,108
690,09:42:47,$ 3648.00,146
691,09:42:41,$ 3648.8586,738
692,09:42:31,$ 3644.8313,"1,000"
694,09:42:30,$ 3646.00,100
695,09:42:30,$ 3646.00,200
696,09:42:29,$ 3648.7304,"1,000"
697,09:42:28,$ 3646.49,100
698,09:42:28,$ 3646.73,100
699,09:42:25,$ 3646.42,100
700,09:42:25,$ 3648.53,100
701,09:42:22,$ 3646.00,100
702,09:42:22,$ 3646.0001,100
703,09:42:22,$ 3646.0001,100
704,09:42:06,$ 3646.125,400
705,09:42:06,$ 3646.16,100
706,09:42:05,$ 3646.09,100
707,09:42:01,$ 3645.4761,111
708,09:41:51,$ 3646.01,200
709,09:41:50,$ 3646.01,100
710,09:41:50,$ 3646.01,100
711,09:41:50,$ 3646.00,100
712,09:41:47,$ 3647.14,100
713,09:41:40,$ 3646.125,100
715,09:41:40,$ 3646.00,100
716,09:41:34,$ 3648.14,100
717,09:41:34,$ 3648.12,200
718,09:41:34,$ 3648.12,100
719,09:41:30,$ 3648.1201,100
720,09:41:27,$ 3650.01,115
721,09:41:26,$ 3648.245,100
722,09:41:25,$ 3648.27,100
723,09:41:24,$ 3650.01,100
724,09:41:23,$ 3651.76,360
725,09:41:23,$ 3650.8548,"1,000"
726,09:41:20,$ 3652.71,100
727,09:41:17,$ 3653.89,284
728,09:41:13,$ 3654.415,300
729,09:41:12,$ 3654.57,100
730,09:40:58,$ 3651.86,100
731,09:40:58,$ 3651.86,100
732,09:40:56,$ 3653.60,155
733,09:40:54,$ 3651.84,200
734,09:40:51,$ 3653.11,100
736,09:40:45,$ 3653.4817,100
737,09:40:45,$ 3654.535,100
738,09:40:43,$ 3654.545,260
739,09:40:43,$ 3654.545,100
740,09:40:39,$ 3654.845,200
741,09:40:39,$ 3654.845,300
742,09:40:38,$ 3655.805,500
743,09:40:37,$ 3653.1437,500
744,09:40:36,$ 3653.05,200
745,09:40:36,$ 3652.05,100
746,09:40:31,$ 3653.00,100
747,09:40:30,$ 3655.44,136
748,09:40:28,$ 3655.17,150
749,09:40:27,$ 3656.27,100
750,09:40:24,$ 3655.7345,500
751,09:40:21,$ 3656.39,100
752,09:40:20,$ 3655.485,100
753,09:40:20,$ 3656.1834,150
754,09:40:20,$ 3654.91,100
755,09:40:20,$ 3654.91,100
757,09:40:20,$ 3655.95,100
758,09:40:20,$ 3656.00,160
759,09:40:20,$ 3656.00,100
760,09:40:17,$ 3654.905,300
761,09:40:17,$ 3653.81,100
762,09:40:14,$ 3655.185,300
763,09:40:13,$ 3653.75,100
764,09:40:12,$ 3655.095,100
765,09:40:06,$ 3654.865,200
766,09:40:04,$ 3656.525,500
767,09:40:03,$ 3656.98,300
768,09:40:02,$ 3655.96,100
769,09:40:00,$ 3654.06,100
770,09:40:00,$ 3654.06,200
771,09:40:00,$ 3653.265,100
772,09:40:00,$ 3654.00,119
773,09:40:00,$ 3653.99,100
774,09:39:59,$ 3651.702,100
775,09:39:59,$ 3651.71,388
776,09:39:59,$ 3648.29,100
778,09:39:55,$ 3650.98,100
779,09:39:49,$ 3651.25,100
780,09:39:46,$ 3651.485,100
781,09:39:42,$ 3649.62,100
782,09:39:42,$ 3652.84,100
783,09:39:42,$ 3649.63,100
784,09:39:42,$ 3649.60,100
785,09:39:42,$ 3649.43,100
786,09:39:42,$ 3649.61,100
787,09:39:41,$ 3649.565,100
788,09:39:41,$ 3647.73,431
789,09:39:41,$ 3649.13,100
790,09:39:41,$ 3649.63,100
791,09:39:41,$ 3648.49,100
792,09:39:41,$ 3648.41,100
793,09:39:41,$ 3648.49,100
794,09:39:41,$ 3648.45,100
795,09:39:41,$ 3648.99,100
796,09:39:39,$ 3649.39,100
797,09:39:38,$ 3647.65,179
799,09:39:38,$ 3647.60,100
800,09:39:36,$ 3646.35,620
801,09:39:30,$ 3646.00,100
802,09:39:29,$ 3646.02,100
803,09:39:29,$ 3645.15,100
804,09:39:25,$ 3648.50,627
805,09:39:24,$ 3647.38,100
806,09:39:23,$ 3647.21,475
807,09:39:22,$ 3644.66,100
808,09:39:20,$ 3644.005,100
809,09:39:20,$ 3644.005,100
810,09:39:20,$ 3644.005,100
811,09:39:20,$ 3644.80,100
812,09:39:20,$ 3644.98,100
813,09:39:20,$ 3644.66,100
814,09:39:19,$ 3644.125,200
815,09:39:19,$ 3644.125,100
816,09:39:18,$ 3642.935,100
817,09:39:16,$ 3644.085,100
818,09:39:14,$ 3644.63,100
820,09:39:14,$ 3644.63,400
821,09:39:14,$ 3644.63,100
822,09:39:13,$ 3648.17,100
823,09:39:13,$ 3645.22,100
824,09:39:12,$ 3645.50,200
825,09:39:12,$ 3646.9067,743
826,09:39:11,$ 3648.77,100
827,09:39:11,$ 3648.7699,"1,000"
828,09:39:07,$ 3644.72,100
829,09:39:07,$ 3642.6685,100
830,09:39:06,$ 3644.77,100
831,09:39:04,$ 3645.00,100
832,09:39:03,$ 3645.08,100
833,09:39:03,$ 3646.18,100
834,09:39:03,$ 3645.88,100
835,09:39:03,$ 3645.73,100
836,09:39:03,$ 3646.30,100
837,09:39:03,$ 3646.04,100
838,09:39:03,$ 3646.3769,100
839,09:39:02,$ 3647.73,100
841,09:39:00,$ 3649.65,100
842,09:38:59,$ 3645.53,190
843,09:38:58,$ 3646.42,100
844,09:38:55,$ 3646.60,100
845,09:38:52,$ 3645.775,500
846,09:38:48,$ 3645.11,127
847,09:38:47,$ 3645.12,100
848,09:38:46,$ 3646.815,100
849,09:38:44,$ 3646.71,200
850,09:38:43,$ 3646.77,100
851,09:38:43,$ 3645.97,160
852,09:38:40,$ 3645.4066,200
853,09:38:36,$ 3646.10,103
854,09:38:36,$ 3646.10,100
855,09:38:35,$ 3647.69,100
856,09:38:31,$ 3647.865,"1,000"
857,09:38:31,$ 3647.863,274
858,09:38:31,$ 3647.838,100
859,09:38:31,$ 3647.84,100
860,09:38:29,$ 3647.745,100
862,09:38:26,$ 3644.67,100
863,09:38:26,$ 3644.67,100
864,09:38:26,$ 3643.51,100
865,09:38:26,$ 3643.69,100
866,09:38:25,$ 3646.10,100
867,09:38:25,$ 3646.99,100
868,09:38:25,$ 3647.01,100
869,09:38:25,$ 3648.07,100
870,09:38:25,$ 3648.00,100
871,09:38:25,$ 3648.17,100
872,09:38:25,$ 3649.04,100
873,09:38:25,$ 3650.68,100
874,09:38:20,$ 3650.90,100
875,09:38:19,$ 3652.2743,100
876,09:38:18,$ 3650.61,100
877,09:38:16,$ 3651.85,100
878,09:38:11,$ 3652.7479,500
879,09:38:08,$ 3654.22,100
880,09:38:08,$ 3654.21,100
881,09:38:08,$ 3654.21,100
883,09:38:08,$ 3654.20,488
884,09:38:07,$ 3654.40,100
885,09:38:07,$ 3654.30,100
886,09:38:07,$ 3654.18,100
887,09:38:06,$ 3654.1999,100
888,09:38:03,$ 3653.28,100
889,09:38:03,$ 3653.36,100
890,09:38:03,$ 3651.90,100
891,09:38:00,$ 3651.65,100
892,09:38:00,$ 3651.70,100
893,09:37:59,$ 3650.365,300
894,09:37:59,$ 3650.16,500
895,09:37:56,$ 3650.80,100
896,09:37:56,$ 3650.05,100
897,09:37:56,$ 3650.05,100
898,09:37:56,$ 3650.05,100
899,09:37:55,$ 3651.65,100
900,09:37:55,$ 3651.70,100
901,09:37:55,$ 3651.70,100
902,09:37:53,$ 3651.695,100
904,09:37:50,$ 3650.405,"1,000"
905,09:37:48,$ 3650.10,101
906,09:37:48,$ 3650.00,100
907,09:37:48,$ 3650.00,100
908,09:37:48,$ 3650.00,100
909,09:37:48,$ 3650.00,100
910,09:37:48,$ 3650.1118,112
911,09:37:48,$ 3650.22,100
912,09:37:44,$ 3653.45,100
913,09:37:44,$ 3652.44,100
914,09:37:42,$ 3653.495,500
915,09:37:41,$ 3652.26,100
916,09:37:41,$ 3652.2001,200
917,09:37:41,$ 3653.50,200
918,09:37:41,$ 3652.524,200
919,09:37:41,$ 3652.50,100
920,09:37:40,$ 3653.10,100
921,09:37:40,$ 3652.92,195
922,09:37:40,$ 3652.92,100
923,09:37:40,$ 3653.31,100
925,09:37:37,$ 3654.445,500
926,09:37:35,$ 3654.445,500
927,09:37:34,$ 3654.79,100
928,09:37:34,$ 3652.1901,500
929,09:37:34,$ 3654.79,100
930,09:37:33,$ 3653.367,500
931,09:37:32,$ 3655.155,500
932,09:37:31,$ 3655.14,100
933,09:37:31,$ 3655.00,100
934,09:37:23,$ 3654.97,100
935,09:37:23,$ 3654.97,100
936,09:37:20,$ 3656.0315,500
937,09:37:18,$ 3654.83,100
938,09:37:17,$ 3655.00,100
939,09:37:17,$ 3654.425,100
940,09:37:15,$ 3656.27,100
941,09:37:14,$ 3658.005,500
942,09:37:14,$ 3658.005,200
943,09:37:10,$ 3659.00,100
944,09:37:08,$ 3656.295,100
946,09:37:06,$ 3656.33,100
947,09:37:06,$ 3656.82,100
948,09:37:06,$ 3657.17,100
949,09:37:05,$ 3656.09,100
950,09:37:05,$ 3656.085,"9,100"
951,09:37:05,$ 3656.65,100
952,09:37:03,$ 3656.97,100
953,09:37:03,$ 3656.97,100
954,09:37:03,$ 3656.57,100
955,09:37:03,$ 3656.22,102
956,09:37:01,$ 3656.53,100
957,09:37:01,$ 3656.5899,200
958,09:37:01,$ 3656.57,100
959,09:37:01,$ 3655.63,100
960,09:37:01,$ 3655.74,100
961,09:36:58,$ 3654.925,600
962,09:36:56,$ 3655.06,100
963,09:36:56,$ 3654.80,100
964,09:36:56,$ 3653.41,100
965,09:36:56,$ 3654.925,300
967,09:36:56,$ 3654.98,100
968,09:36:44,$ 3655.51,100
969,09:36:44,$ 3655.635,100
970,09:36:44,$ 3655.49,100
971,09:36:34,$ 3653.6772,271
972,09:36:34,$ 3653.6772,137
973,09:36:33,$ 3654.44,100
974,09:36:33,$ 3653.623,500
975,09:36:33,$ 3653.64,100
976,09:36:33,$ 3653.65,100
977,09:36:33,$ 3652.94,100
978,09:36:33,$ 3652.21,100
979,09:36:33,$ 3653.00,109
980,09:36:33,$ 3653.29,200
981,09:36:33,$ 3653.00,863
982,09:36:31,$ 3653.65,100
983,09:36:30,$ 3653.0001,500
984,09:36:29,$ 3653.03,100
985,09:36:27,$ 3653.62,100
986,09:36:24,$ 3653.00,116
988,09:36:18,$ 3653.205,"6,000"
989,09:36:18,$ 3653.3225,100
990,09:36:18,$ 3653.0626,300
991,09:36:17,$ 3652.70,100
992,09:36:17,$ 3651.9901,100
993,09:36:17,$ 3655.24,100
994,09:36:15,$ 3653.0525,200
995,09:36:12,$ 3653.5977,100
996,09:36:06,$ 3657.31,100
997,09:36:05,$ 3657.65,100
998,09:36:04,$ 3659.245,200
999,09:36:03,$ 3657.69,100
1000,09:36:02,$ 3659.5042,500
1001,09:36:00,$ 3659.52,100
1002,09:36:00,$ 3660.00,100
1003,09:36:00,$ 3660.00,165
1004,09:36:00,$ 3658.515,100
1005,09:35:59,$ 3659.75,100
1006,09:35:53,$ 3655.72,100
1007,09:35:50,$ 3657.83,100
1009,09:35:41,$ 3657.67,100
1010,09:35:40,$ 3658.82,100
1011,09:35:38,$ 3658.77,100
1012,09:35:37,$ 3657.90,100
1013,09:35:36,$ 3657.68,100
1014,09:35:36,$ 3658.08,100
1015,09:35:35,$ 3657.56,200
1016,09:35:34,$ 3657.56,250
1017,09:35:34,$ 3655.90,100
1018,09:35:31,$ 3656.89,100
1019,09:35:31,$ 3657.62,100
1020,09:35:30,$ 3657.58,100
1021,09:35:27,$ 3657.11,100
1022,09:35:27,$ 3658.27,100
1023,09:35:27,$ 3656.94,100
1024,09:35:27,$ 3658.445,100
1025,09:35:23,$ 3658.13,100
1026,09:35:23,$ 3657.90,100
1027,09:35:23,$ 3659.06,100
1028,09:35:23,$ 3659.06,100
1030,09:35:22,$ 3655.11,100
1031,09:35:21,$ 3658.916,100
1032,09:35:18,$ 3658.89,200
1033,09:35:18,$ 3658.05,100
1034,09:35:18,$ 3658.05,100
1035,09:35:18,$ 3657.03,100
1036,09:35:18,$ 3658.05,100
1037,09:35:18,$ 3659.39,100
1038,09:35:18,$ 3658.79,100
1039,09:35:13,$ 3656.49,100
1040,09:35:13,$ 3655.45,132
1041,09:35:13,$ 3656.432,100
1042,09:35:12,$ 3653.31,150
1043,09:35:09,$ 3653.965,100
1044,09:35:04,$ 3659.9299,100
1045,09:35:03,$ 3655.18,100
1046,09:35:02,$ 3659.9699,140
1047,09:35:02,$ 3656.10,100
1048,09:35:00,$ 3655.16,100
1049,09:35:00,$ 3655.145,100
1051,09:35:00,$ 3655.15,100
1052,09:35:00,$ 3655.17,100
1053,09:35:00,$ 3655.89,100
1054,09:35:00,$ 3656.99,100
1055,09:35:00,$ 3654.985,100
1056,09:34:55,$ 3654.935,100
1057,09:34:55,$ 3654.92,100
1058,09:34:50,$ 3651.39,100
1059,09:34:50,$ 3654.88,100
1060,09:34:48,$ 3652.8497,230
1061,09:34:46,$ 3655.57,100
1062,09:34:45,$ 3655.57,100
1063,09:34:45,$ 3653.47,100
1064,09:34:45,$ 3654.61,128
1065,09:34:45,$ 3653.47,100
1066,09:34:44,$ 3654.605,100
1067,09:34:44,$ 3654.605,"4,900"
1068,09:34:44,$ 3654.965,100
1069,09:34:43,$ 3654.78,100
1070,09:34:43,$ 3654.755,100
1072,09:34:41,$ 3654.95,100
1073,09:34:41,$ 3654.95,100
1074,09:34:41,$ 3654.7697,500
1075,09:34:39,$ 3655.32,500
1076,09:34:39,$ 3655.32,100
1077,09:34:38,$ 3655.32,500
1078,09:34:38,$ 3655.32,200
1079,09:34:38,$ 3655.36,100
1080,09:34:37,$ 3655.40,100
1081,09:34:37,$ 3655.35,200
1082,09:34:36,$ 3658.95,100
1083,09:34:36,$ 3659.20,100
1084,09:34:36,$ 3657.75,100
1085,09:34:36,$ 3657.70,100
1086,09:34:36,$ 3659.08,100
1087,09:34:36,$ 3658.87,100
1088,09:34:36,$ 3658.26,100
1089,09:34:35,$ 3659.395,100
1090,09:34:34,$ 3658.8475,100
1091,09:34:32,$ 3658.4478,147
1093,09:34:32,$ 3658.63,100
1094,09:34:32,$ 3659.48,100
1095,09:34:29,$ 3660.99,100
1096,09:34:27,$ 3661.93,200
1097,09:34:26,$ 3659.84,100
1098,09:34:23,$ 3659.5987,100
1099,09:34:20,$ 3660.65,100
1100,09:34:19,$ 3662.87,100
1101,09:34:19,$ 3662.81,100
1102,09:34:17,$ 3662.85,100
1103,09:34:17,$ 3662.0563,100
1104,09:34:17,$ 3662.0363,100
1105,09:34:17,$ 3661.6063,100
1106,09:34:17,$ 3662.37,100
1107,09:34:17,$ 3661.5763,100
1108,09:34:17,$ 3662.40,100
1109,09:34:17,$ 3660.805,120
1110,09:34:16,$ 3659.3025,100
1111,09:34:16,$ 3662.545,100
1112,09:34:15,$ 3661.155,100
1114,09:34:14,$ 3663.20,100
1115,09:34:12,$ 3663.4647,428
1116,09:34:12,$ 3661.48,100
1117,09:34:12,$ 3661.39,100
1118,09:34:12,$ 3661.89,100
1119,09:34:11,$ 3662.2721,500
1120,09:34:11,$ 3662.06,100
1121,09:34:11,$ 3661.77,100
1122,09:34:10,$ 3660.2403,500
1123,09:34:10,$ 3661.9799,150
1124,09:34:10,$ 3661.9799,100
1125,09:34:10,$ 3661.9799,100
1126,09:34:10,$ 3661.98,100
1127,09:34:09,$ 3660.886,231
1128,09:34:09,$ 3657.445,100
1129,09:34:09,$ 3658.79,100
1130,09:34:09,$ 3661.97,300
1131,09:34:09,$ 3660.60,100
1132,09:34:08,$ 3659.7152,304
1133,09:34:07,$ 3658.03,100
1135,09:34:06,$ 3659.28,100
1136,09:34:06,$ 3659.96,100
1137,09:34:04,$ 3658.31,100
1138,09:34:04,$ 3660.003,198
1139,09:34:00,$ 3661.87,100
1140,09:34:00,$ 3661.00,100
1141,09:34:00,$ 3661.00,100
1142,09:34:00,$ 3660.00,189
1143,09:34:00,$ 3660.00,100
1144,09:34:00,$ 3660.00,100
1145,09:34:00,$ 3660.00,100
1146,09:34:00,$ 3659.999,100
1147,09:34:00,$ 3660.00,100
1148,09:34:00,$ 3659.9999,100
1149,09:34:00,$ 3659.99,100
1150,09:34:00,$ 3659.91,100
1151,09:34:00,$ 3658.00,100
1152,09:34:00,$ 3657.85,100
1153,09:34:00,$ 3657.85,100
1154,09:34:00,$ 3657.84,100
1156,09:33:59,$ 3656.655,100
1157,09:33:58,$ 3655.115,100
1158,09:33:58,$ 3656.00,100
1159,09:33:57,$ 3656.7575,120
1160,09:33:56,$ 3655.025,100
1161,09:33:55,$ 3654.435,100
1162,09:33:55,$ 3652.37,100
1163,09:33:53,$ 3653.72,100
1164,09:33:53,$ 3653.72,100
1165,09:33:53,$ 3653.67,100
1166,09:33:53,$ 3654.45,200
1167,09:33:53,$ 3656.85,150
1168,09:33:52,$ 3654.7875,100
1169,09:33:52,$ 3653.67,100
1170,09:33:52,$ 3655.00,300
1171,09:33:52,$ 3653.67,100
1172,09:33:52,$ 3653.67,100
1173,09:33:52,$ 3654.26,200
1174,09:33:52,$ 3653.83,100
1175,09:33:47,$ 3650.78,100
1177,09:33:46,$ 3652.83,100
1178,09:33:46,$ 3652.81,100
1179,09:33:45,$ 3651.69,180
1180,09:33:45,$ 3651.695,100
1181,09:33:44,$ 3652.88,100
1182,09:33:44,$ 3652.88,100
1183,09:33:44,$ 3652.85,100
1184,09:33:44,$ 3652.78,100
1185,09:33:42,$ 3653.18,100
1186,09:33:42,$ 3653.11,219
1187,09:33:42,$ 3653.11,200
1188,09:33:42,$ 3653.11,200
1189,09:33:41,$ 3651.32,100
1190,09:33:40,$ 3650.60,100
1191,09:33:40,$ 3651.96,100
1192,09:33:40,$ 3650.4374,500
1193,09:33:38,$ 3646.28,100
1194,09:33:38,$ 3646.27,100
1195,09:33:38,$ 3646.33,100
1196,09:33:38,$ 3646.43,100
1198,09:33:38,$ 3646.33,100
1199,09:33:38,$ 3646.85,100
1200,09:33:38,$ 3647.95,100
1201,09:33:38,$ 3647.76,100
1202,09:33:38,$ 3647.70,100
1203,09:33:38,$ 3647.70,100
1204,09:33:38,$ 3648.19,138
1205,09:33:38,$ 3648.53,100
1206,09:33:38,$ 3649.09,158
1207,09:33:38,$ 3649.01,100
1208,09:33:38,$ 3649.09,126
1209,09:33:38,$ 3649.10,100
1210,09:33:38,$ 3649.09,100
1211,09:33:38,$ 3650.02,100
1212,09:33:38,$ 3654.1585,100
1213,09:33:38,$ 3653.74,500
1214,09:33:38,$ 3654.64,140
1215,09:33:38,$ 3653.89,100
1216,09:33:36,$ 3657.68,100
1217,09:33:35,$ 3657.735,100
1219,09:33:35,$ 3655.875,100
1220,09:33:35,$ 3655.975,200
1221,09:33:35,$ 3656.3043,150
1222,09:33:35,$ 3657.83,100
1223,09:33:34,$ 3659.66,100
1224,09:33:33,$ 3654.22,100
1225,09:33:32,$ 3655.30,100
1226,09:33:32,$ 3660.00,200
1227,09:33:31,$ 3657.71,200
1228,09:33:31,$ 3660.00,100
1229,09:33:31,$ 3660.00,100
1230,09:33:30,$ 3654.69,100
1231,09:33:30,$ 3654.69,240
1232,09:33:30,$ 3654.74,100
1233,09:33:29,$ 3654.6899,141
1234,09:33:26,$ 3653.2613,500
1235,09:33:22,$ 3652.045,100
1236,09:33:21,$ 3652.755,100
1237,09:33:12,$ 3648.4407,137
1238,09:33:11,$ 3648.005,100
1240,09:33:11,$ 3645.98,412
1241,09:33:06,$ 3644.47,100
1242,09:33:03,$ 3646.29,200
1243,09:32:49,$ 3646.00,100
1244,09:32:48,$ 3646.03,100
1245,09:32:48,$ 3643.79,100
1246,09:32:48,$ 3646.025,100
1247,09:32:48,$ 3645.27,100
1248,09:32:47,$ 3643.80,100
1249,09:32:47,$ 3649.9999,330
1250,09:32:47,$ 3650.00,500
1251,09:32:47,$ 3642.96,100
1252,09:32:46,$ 3644.375,100
1253,09:32:45,$ 3642.59,100
1254,09:32:41,$ 3643.645,100
1255,09:32:41,$ 3643.67,100
1256,09:32:39,$ 3641.365,100
1257,09:32:34,$ 3641.1448,474
1258,09:32:34,$ 3641.1633,300
1259,09:32:31,$ 3642.0699,500
1261,09:32:31,$ 3639.0527,178
1262,09:32:31,$ 3640.045,400
1263,09:32:30,$ 3641.345,500
1264,09:32:30,$ 3641.843,400
1265,09:32:30,$ 3640.88,100
1266,09:32:30,$ 3641.51,100
1267,09:32:30,$ 3641.56,100
1268,09:32:30,$ 3640.835,100
1269,09:32:29,$ 3640.00,100
1270,09:32:29,$ 3639.88,300
1271,09:32:28,$ 3639.88,500
1272,09:32:28,$ 3640.00,100
1273,09:32:26,$ 3640.56,100
1274,09:32:26,$ 3640.80,100
1275,09:32:25,$ 3640.80,100
1276,09:32:23,$ 3640.025,100
1277,09:32:23,$ 3640.31,100
1278,09:32:23,$ 3640.065,100
1279,09:32:23,$ 3642.17,100
1280,09:32:21,$ 3644.07,100
1282,09:32:21,$ 3644.02,100
1283,09:32:17,$ 3645.54,100
1284,09:32:17,$ 3645.22,100
1285,09:32:17,$ 3646.88,100
1286,09:32:17,$ 3645.23,100
1287,09:32:17,$ 3645.22,128
1288,09:32:17,$ 3645.54,100
1289,09:32:16,$ 3646.18,200
1290,09:32:16,$ 3646.16,100
1291,09:32:16,$ 3646.20,100
1292,09:32:16,$ 3647.65,100
1293,09:32:16,$ 3647.61,100
1294,09:32:16,$ 3646.76,100
1295,09:32:12,$ 3650.00,100
1296,09:32:12,$ 3649.00,100
1297,09:32:12,$ 3649.00,283
1298,09:32:12,$ 3649.00,100
1299,09:32:12,$ 3651.00,100
1300,09:32:11,$ 3649.00,100
1301,09:32:11,$ 3649.00,100
1303,09:32:11,$ 3650.00,100
1304,09:32:11,$ 3648.4643,105
1305,09:32:11,$ 3648.4018,395
1306,09:32:10,$ 3654.4899,200
1307,09:32:09,$ 3652.96,100
1308,09:32:09,$ 3653.48,100
1309,09:32:08,$ 3654.48,100
1310,09:32:08,$ 3654.53,110
1311,09:32:07,$ 3652.6352,158
1312,09:32:05,$ 3654.59,127
1313,09:32:01,$ 3652.93,100
1314,09:31:58,$ 3655.87,100
1315,09:31:58,$ 3653.29,100
1316,09:31:54,$ 3653.00,100
1317,09:31:54,$ 3653.00,100
1318,09:31:54,$ 3653.00,100
1319,09:31:54,$ 3653.20,100
1320,09:31:54,$ 3653.05,100
1321,09:31:54,$ 3653.43,100
1322,09:31:54,$ 3653.05,100
1324,09:31:54,$ 3652.99,100
1325,09:31:53,$ 3654.45,100
1326,09:31:51,$ 3654.5432,100
1327,09:31:48,$ 3652.9201,100
1328,09:31:48,$ 3655.2431,100
1329,09:31:48,$ 3654.40,100
1330,09:31:47,$ 3655.87,200
1331,09:31:47,$ 3655.87,100
1332,09:31:46,$ 3656.02,100
1333,09:31:45,$ 3655.00,100
1334,09:31:45,$ 3656.28,100
1335,09:31:44,$ 3657.86,100
1336,09:31:43,$ 3657.17,100
1337,09:31:43,$ 3658.02,100
1338,09:31:43,$ 3657.92,100
1339,09:31:40,$ 3658.4256,100
1340,09:31:36,$ 3657.94,100
1341,09:31:33,$ 3659.24,200
1342,09:31:32,$ 3657.205,100
1343,09:31:32,$ 3656.49,100
1345,09:31:31,$ 3656.92,100
1346,09:31:31,$ 3657.20,100
1347,09:31:31,$ 3656.75,100
1348,09:31:31,$ 3657.22,100
1349,09:31:31,$ 3656.1843,150
1350,09:31:31,$ 3655.47,150
1351,09:31:30,$ 3658.91,100
1352,09:31:30,$ 3657.28,100
1353,09:31:29,$ 3658.60,100
1354,09:31:29,$ 3659.1585,100
1355,09:31:28,$ 3660.26,100
1356,09:31:28,$ 3659.615,100
1357,09:31:28,$ 3658.75,100
1358,09:31:28,$ 3660.635,100
1359,09:31:28,$ 3660.74,100
1360,09:31:28,$ 3660.74,100
1361,09:31:27,$ 3660.74,100
1362,09:31:25,$ 3660.48,100
1363,09:31:25,$ 3659.00,291
1364,09:31:25,$ 3660.48,100
1366,09:31:24,$ 3660.48,150
1367,09:31:24,$ 3661.9899,100
1368,09:31:23,$ 3661.86,100
1369,09:31:23,$ 3660.65,100
1370,09:31:23,$ 3660.65,100
1371,09:31:22,$ 3661.68,100
1372,09:31:22,$ 3657.765,100
1373,09:31:22,$ 3659.80,100
1374,09:31:21,$ 3659.075,100
1375,09:31:21,$ 3661.75,827
1376,09:31:21,$ 3659.08,150
1377,09:31:20,$ 3661.61,100
1378,09:31:19,$ 3661.64,100
1379,09:31:19,$ 3659.52,100
1380,09:31:18,$ 3658.28,200
1381,09:31:18,$ 3658.66,500
1382,09:31:17,$ 3659.12,100
1383,09:31:17,$ 3659.04,100
1384,09:31:16,$ 3659.80,100
1385,09:31:15,$ 3658.66,100
1387,09:31:15,$ 3658.66,100
1388,09:31:15,$ 3657.50,100
1389,09:31:14,$ 3658.66,100
1390,09:31:14,$ 3656.8534,150
1391,09:31:13,$ 3658.64,100
1392,09:31:13,$ 3658.07,100
1393,09:31:09,$ 3657.86,135
1394,09:31:09,$ 3658.64,100
1395,09:31:09,$ 3658.64,117
1396,09:31:08,$ 3659.33,100
1397,09:31:08,$ 3659.15,100
1398,09:31:08,$ 3659.065,100
1399,09:31:08,$ 3659.33,100
1400,09:31:08,$ 3658.00,100
1401,09:31:08,$ 3659.065,100
1402,09:31:08,$ 3659.065,100
1403,09:31:08,$ 3659.945,100
1404,09:31:08,$ 3660.16,100
1405,09:31:07,$ 3661.28,100
1406,09:31:07,$ 3661.74,100
1408,09:31:07,$ 3660.508,100
1409,09:31:06,$ 3659.33,150
1410,09:31:06,$ 3660.00,100
1411,09:31:06,$ 3659.99,100
1412,09:31:06,$ 3658.81,100
1413,09:31:06,$ 3659.17,100
1414,09:31:06,$ 3659.62,100
1415,09:31:06,$ 3659.65,100
1416,09:31:05,$ 3657.00,100
1417,09:31:05,$ 3655.00,241
1418,09:31:05,$ 3655.00,136
1419,09:31:05,$ 3655.00,548
1420,09:31:05,$ 3653.71,164
1421,09:31:04,$ 3654.73,100
1422,09:31:02,$ 3653.55,100
1423,09:31:01,$ 3654.72,100
1424,09:31:01,$ 3653.76,100
1425,09:31:01,$ 3653.48,100
1426,09:31:01,$ 3653.48,200
1427,09:31:01,$ 3653.48,298
1429,09:31:01,$ 3652.30,100
1430,09:31:01,$ 3653.17,100
1431,09:31:01,$ 3652.98,100
1432,09:31:01,$ 3652.66,200
1433,09:31:01,$ 3654.99,100
1434,09:31:01,$ 3654.99,100
1435,09:31:00,$ 3652.90,100
1436,09:31:00,$ 3653.135,333
1437,09:31:00,$ 3652.98,100
1438,09:31:00,$ 3652.49,100
1439,09:31:00,$ 3652.00,100
1440,09:31:00,$ 3652.66,100
1441,09:31:00,$ 3652.66,100
1442,09:31:00,$ 3652.43,100
1443,09:31:00,$ 3652.98,100
1444,09:31:00,$ 3652.66,100
1445,09:31:00,$ 3652.34,100
1446,09:31:00,$ 3652.16,100
1447,09:31:00,$ 3653.72,100
1448,09:30:59,$ 3650.9601,100
1450,09:30:59,$ 3654.93,100
1451,09:30:58,$ 3653.3922,100
1452,09:30:58,$ 3652.98,100
1453,09:30:58,$ 3652.98,100
1454,09:30:58,$ 3652.98,100
1455,09:30:58,$ 3652.98,100
1456,09:30:58,$ 3652.985,200
1457,09:30:57,$ 3652.66,100
1458,09:30:57,$ 3652.66,100
1459,09:30:57,$ 3654.65,100
1460,09:30:54,$ 3652.15,100
1461,09:30:53,$ 3652.60,100
1462,09:30:52,$ 3651.00,100
1463,09:30:50,$ 3652.25,100
1464,09:30:49,$ 3652.98,270
1465,09:30:49,$ 3652.98,100
1466,09:30:49,$ 3652.96,127
1467,09:30:49,$ 3652.67,100
1468,09:30:45,$ 3649.00,188
1469,09:30:44,$ 3646.76,100
1471,09:30:44,$ 3652.9773,100
1472,09:30:44,$ 3652.9799,100
1473,09:30:44,$ 3650.01,400
1474,09:30:44,$ 3650.01,100
1475,09:30:44,$ 3653.18,100
1476,09:30:42,$ 3647.26,200
1477,09:30:42,$ 3647.455,100
1478,09:30:42,$ 3651.73,100
1479,09:30:41,$ 3650.00,242
1480,09:30:41,$ 3649.00,100
1481,09:30:41,$ 3648.375,100
1482,09:30:41,$ 3647.01,100
1483,09:30:41,$ 3647.69,100
1484,09:30:41,$ 3647.01,100
1485,09:30:40,$ 3647.69,100
1486,09:30:40,$ 3647.69,100
1487,09:30:40,$ 3647.69,100
1488,09:30:38,$ 3649.9899,100
1489,09:30:38,$ 3649.76,100
1490,09:30:37,$ 3648.40,100
1492,09:30:37,$ 3647.685,100
1493,09:30:37,$ 3647.685,100
1494,09:30:36,$ 3649.71,100
1495,09:30:36,$ 3647.685,100
1496,09:30:35,$ 3648.25,100
1497,09:30:35,$ 3645.26,100
1498,09:30:35,$ 3645.79,100
1499,09:30:35,$ 3648.015,100
1500,09:30:32,$ 3648.115,100
1501,09:30:31,$ 3646.00,100
1502,09:30:30,$ 3649.95,500
1503,09:30:30,$ 3649.65,100
1504,09:30:30,$ 3647.06,325
1505,09:30:29,$ 3648.79,810
1506,09:30:28,$ 3645.995,200
1507,09:30:28,$ 3645.995,300
1508,09:30:26,$ 3643.995,100
1509,09:30:25,$ 3644.00,127
1510,09:30:25,$ 3644.00,100
1511,09:30:24,$ 3643.995,100
1513,09:30:24,$ 3646.35,100
1514,09:30:24,$ 3646.74,100
1515,09:30:19,$ 3642.995,300
1516,09:30:17,$ 3643.0016,108
1517,09:30:17,$ 3645.00,100
1518,09:30:16,$ 3645.00,100
1519,09:30:15,$ 3645.00,100
1520,09:30:15,$ 3645.00,159
1521,09:30:15,$ 3643.846,100
1522,09:30:14,$ 3644.57,100
1523,09:30:12,$ 3641.88,100
1524,09:30:12,$ 3642.1558,100
1525,09:30:10,$ 3643.665,100
1526,09:30:09,$ 3639.80,100
1527,09:30:08,$ 3643.83,100
1528,09:30:08,$ 3643.23,100
1529,09:30:08,$ 3643.38,100
1530,09:30:08,$ 3643.50,500
1531,09:30:08,$ 3641.931,150
1532,09:30:08,$ 3642.11,219
1534,09:30:08,$ 3640.825,100
1535,09:30:07,$ 3644.90,100
1536,09:30:07,$ 3644.77,100
1537,09:30:07,$ 3644.84,100
1538,09:30:06,$ 3644.89,100
1539,09:30:06,$ 3640.43,100
1540,09:30:06,$ 3640.23,100
1541,09:30:06,$ 3644.885,100
1542,09:30:05,$ 3644.90,100
1543,09:30:05,$ 3639.62,250
1544,09:30:05,$ 3640.13,100
1545,09:30:05,$ 3641.28,100
1546,09:30:05,$ 3641.19,100
1547,09:30:05,$ 3641.24,100
1548,09:30:03,$ 3639.30,100
1549,09:30:03,$ 3640.035,100
1550,09:30:03,$ 3639.00,290
1551,09:30:03,$ 3639.00,231
1552,09:30:01,$ 3643.56,3
1553,09:30:01,$ 3643.56,7
1555,09:30:01,$ 3643.56,3
1556,09:30:01,$ 3643.56,5
1557,09:30:01,$ 3643.56,2
1558,09:30:01,$ 3643.56,1
1559,09:30:01,$ 3643.56,2
1560,09:30:01,$ 3643.56,1
1561,09:30:01,$ 3643.56,1
1562,09:30:01,$ 3643.56,1
1563,09:30:01,$ 3643.56,9
1564,09:30:01,$ 3643.56,3
1565,09:30:01,$ 3643.56,4
1566,09:30:01,$ 3643.56,5
1567,09:30:01,$ 3643.56,2
1568,09:30:01,$ 3643.56,2
1569,09:30:01,$ 3643.56,2
1570,09:30:01,$ 3643.56,1
1571,09:30:01,$ 3643.56,1
1572,09:30:01,$ 3643.56,7
1573,09:30:01,$ 3643.56,2
1574,09:30:01,$ 3643.56,1
1576,09:30:01,$ 3643.56,2
1577,09:30:01,$ 3643.56,2
1578,09:30:01,$ 3643.56,1
1579,09:30:01,$ 3643.56,2
1580,09:30:01,$ 3643.56,1
1581,09:30:01,$ 3643.56,1
1582,09:30:01,$ 3643.56,1
1583,09:30:01,$ 3643.56,2
1584,09:30:01,$ 3643.56,10
1585,09:30:01,$ 3643.56,10
1586,09:30:01,$ 3643.56,4
1587,09:30:01,$ 3643.56,6
1588,09:30:01,$ 3643.56,2
1589,09:30:01,$ 3643.56,1
1590,09:30:01,$ 3643.56,9
1591,09:30:01,$ 3643.56,1
1592,09:30:01,$ 3643.56,1
1593,09:30:01,$ 3643.56,1
1594,09:30:01,$ 3643.56,1
1595,09:30:01,$ 3643.56,1
1597,09:30:01,$ 3643.56,1
1598,09:30:01,$ 3643.56,1
1599,09:30:01,$ 3643.56,1
1600,09:30:01,$ 3643.56,4
1601,09:30:01,$ 3643.56,1
1602,09:30:01,$ 3643.56,1
1603,09:30:01,$ 3643.56,1
1604,09:30:01,$ 3643.56,5
1605,09:30:01,$ 3643.56,3
1606,09:30:01,$ 3643.56,5
1607,09:30:01,$ 3643.56,1
1608,09:30:01,$ 3643.56,2
1609,09:30:01,$ 3643.56,2
1610,09:30:01,$ 3643.56,10
1611,09:30:01,$ 3643.56,3
1612,09:30:01,$ 3643.56,1
1613,09:30:01,$ 3643.56,1
1614,09:30:01,$ 3643.56,1
1615,09:30:01,$ 3643.56,2
1616,09:30:01,$ 3643.56,3
1618,09:30:01,$ 3643.56,7
1619,09:30:01,$ 3643.56,3
1620,09:30:01,$ 3643.56,2
1621,09:30:01,$ 3643.56,10
1622,09:30:01,$ 3643.56,3
1623,09:30:01,$ 3643.56,15
1624,09:30:01,$ 3643.56,2
1625,09:30:01,$ 3643.56,3
1626,09:30:01,$ 3643.56,3
1627,09:30:01,$ 3643.56,2
1628,09:30:01,$ 3643.56,13
1629,09:30:01,$ 3643.56,10
1630,09:30:01,$ 3643.56,3
1631,09:30:01,$ 3643.56,5
1632,09:30:01,$ 3643.56,12
1633,09:30:01,$ 3643.56,32
1634,09:30:01,$ 3643.56,3
1635,09:30:01,$ 3643.56,3
1636,09:30:01,$ 3643.56,3
1637,09:30:01,$ 3643.56,8
1639,09:30:01,$ 3643.56,3
1640,09:30:01,$ 3643.56,1
1641,09:30:01,$ 3643.56,8
1642,09:30:01,$ 3643.56,20
1643,09:30:01,$ 3643.56,2
1644,09:30:01,$ 3643.56,7
1645,09:30:01,$ 3643.56,1
1646,09:30:01,$ 3643.56,1
1647,09:30:01,$ 3643.56,1
1648,09:30:01,$ 3643.56,144
1649,09:30:01,$ 3643.56,3
1650,09:30:01,$ 3643.56,64
1651,09:30:01,$ 3643.56,5
1652,09:30:01,$ 3643.56,1
1653,09:30:01,$ 3643.56,101
1654,09:30:01,$ 3643.56,24
1655,09:30:01,$ 3643.56,7
1656,09:30:01,$ 3643.56,1
1657,09:30:01,$ 3643.56,387
1658,09:30:01,$ 3643.56,2
1660,09:30:01,$ 3643.56,5
1661,09:30:01,$ 3643.56,5
1662,09:30:01,$ 3643.56,3
1663,09:30:01,$ 3643.56,3
1664,09:30:01,$ 3643.56,1
1665,09:30:01,$ 3643.56,1
1666,09:30:01,$ 3643.56,10
1667,09:30:01,$ 3643.56,1
1668,09:30:01,$ 3643.56,5
1669,09:30:01,$ 3643.56,5
1670,09:30:01,$ 3643.56,1
1671,09:30:01,$ 3643.56,1
1672,09:30:01,$ 3643.56,3
1673,09:30:01,$ 3643.56,3
1674,09:30:01,$ 3643.56,2
1675,09:30:01,$ 3643.56,1
1676,09:30:01,$ 3643.56,1
1677,09:30:01,$ 3643.56,1
1678,09:30:01,$ 3643.56,2
1679,09:30:01,$ 3643.56,3
1681,09:30:01,$ 3643.56,2
1682,09:30:01,$ 3643.56,12
1683,09:30:01,$ 3643.56,16
1684,09:30:01,$ 3643.56,7
1685,09:30:01,$ 3643.56,1
1686,09:30:01,$ 3643.56,1
1687,09:30:01,$ 3643.56,"1,023"
1688,09:30:01,$ 3643.56,14
1689,09:30:01,$ 3643.56,5
1690,09:30:01,$ 3643.56,3
1691,09:30:01,$ 3643.56,1
1692,09:30:01,$ 3643.56,5
1693,09:30:01,$ 3643.56,1
1694,09:30:01,$ 3643.56,1
1695,09:30:01,$ 3643.56,2
1696,09:30:01,$ 3643.56,3
1697,09:30:01,$ 3643.56,2
1698,09:30:01,$ 3643.56,3
1699,09:30:01,$ 3643.56,4
1700,09:30:01,$ 3643.56,7
1702,09:30:01,$ 3643.56,2
1703,09:30:01,$ 3643.56,3
1704,09:30:01,$ 3643.56,1
1705,09:30:01,$ 3643.56,1
1706,09:30:01,$ 3643.56,1
1707,09:30:01,$ 3643.56,3
1708,09:30:01,$ 3643.56,1
1709,09:30:01,$ 3643.56,2
1710,09:30:01,$ 3643.56,1
1711,09:30:01,$ 3643.56,1
1712,09:30:01,$ 3643.56,1
1713,09:30:01,$ 3643.56,2
1714,09:30:01,$ 3643.56,2
1715,09:30:01,$ 3643.56,1
1716,09:30:01,$ 3643.56,6
1717,09:30:01,$ 3643.56,3
1718,09:30:01,$ 3643.56,1
1719,09:30:01,$ 3643.56,1
1720,09:30:01,$ 3643.56,1
1721,09:30:01,$ 3643.56,1
1723,09:30:01,$ 3643.56,1
1724,09:30:01,$ 3643.56,1
1725,09:30:01,$ 3643.56,3
1726,09:30:01,$ 3643.56,1
1727,09:30:01,$ 3643.56,2
1728,09:30:01,$ 3643.56,1
1729,09:30:01,$ 3643.56,1
1730,09:30:01,$ 3643.56,11
1731,09:30:01,$ 3643.56,1
1732,09:30:01,$ 3643.56,10
1733,09:30:01,$ 3643.56,5
1734,09:30:01,$ 3643.56,1
1735,09:30:01,$ 3643.56,1
1736,09:30:01,$ 3643.56,6
1737,09:30:01,$ 3643.56,1
1738,09:30:01,$ 3643.56,1
1739,09:30:01,$ 3643.56,6
1740,09:30:01,$ 3643.56,10
1741,09:30:01,$ 3643.56,1
1742,09:30:01,$ 3643.56,3
1744,09:30:01,$ 3643.56,7
1745,09:30:01,$ 3643.56,1
1746,09:30:01,$ 3643.56,1
1747,09:30:01,$ 3643.56,2
1748,09:30:01,$ 3643.56,12
1749,09:30:01,$ 3643.56,1
1750,09:30:01,$ 3643.56,5
1751,09:30:01,$ 3643.56,1
1752,09:30:01,$ 3643.56,4
1753,09:30:01,$ 3643.56,10
1754,09:30:01,$ 3643.56,10
1755,09:30:01,$ 3643.56,5
1756,09:30:01,$ 3643.56,100
1757,09:30:01,$ 3643.56,1
1758,09:30:01,$ 3643.56,1
1759,09:30:01,$ 3643.56,1
1760,09:30:01,$ 3643.56,1
1761,09:30:01,$ 3643.56,2
1762,09:30:01,$ 3643.56,2
1763,09:30:01,$ 3643.56,4
1765,09:30:01,$ 3643.56,3
1766,09:30:01,$ 3643.56,1
1767,09:30:01,$ 3643.56,2
1768,09:30:01,$ 3643.56,1
1769,09:30:01,$ 3643.56,1
1770,09:30:01,$ 3643.56,3
1771,09:30:01,$ 3643.56,2
1772,09:30:01,$ 3643.56,5
1773,09:30:01,$ 3643.56,90
1774,09:30:01,$ 3643.56,4
1775,09:30:01,$ 3643.56,8
1776,09:30:01,$ 3643.56,1
1777,09:30:01,$ 3643.56,14
1778,09:30:01,$ 3643.56,1
1779,09:30:01,$ 3643.56,2
1780,09:30:01,$ 3643.56,2
1781,09:30:01,$ 3643.56,10
1782,09:30:01,$ 3643.56,5
1783,09:30:01,$ 3643.56,5
1784,09:30:01,$ 3643.56,1
1786,09:30:01,$ 3643.56,15
1787,09:30:01,$ 3643.56,5
1788,09:30:01,$ 3643.56,20
1789,09:30:01,$ 3643.56,1
1790,09:30:01,$ 3643.56,1
1791,09:30:01,$ 3643.56,2
1792,09:30:01,$ 3643.56,2
1793,09:30:01,$ 3643.56,2
1794,09:30:01,$ 3643.56,24
1795,09:30:01,$ 3643.56,1
1796,09:30:01,$ 3643.56,2
1797,09:30:01,$ 3643.56,1
1798,09:30:01,$ 3643.56,3
1799,09:30:01,$ 3643.56,5
1800,09:30:01,$ 3643.56,5
1801,09:30:01,$ 3643.56,2
1802,09:30:01,$ 3643.56,1
1803,09:30:01,$ 3643.56,2
1804,09:30:01,$ 3643.56,3
1805,09:30:01,$ 3643.56,3
1807,09:30:01,$ 3643.56,2
1808,09:30:01,$ 3643.56,1
1809,09:30:01,$ 3643.56,2
1810,09:30:01,$ 3643.56,3
1811,09:30:01,$ 3643.56,5
1812,09:30:01,$ 3643.56,2
1813,09:30:01,$ 3643.56,3
1814,09:30:01,$ 3643.56,1
1815,09:30:01,$ 3643.56,2
1816,09:30:01,$ 3643.56,2
1817,09:30:01,$ 3643.56,1
1818,09:30:01,$ 3643.56,60
1819,09:30:01,$ 3643.56,1
1820,09:30:01,$ 3643.56,1
1821,09:30:01,$ 3643.56,2
1822,09:30:01,$ 3643.56,5
1823,09:30:01,$ 3643.56,5
1824,09:30:01,$ 3643.56,1
1825,09:30:01,$ 3643.56,2
1826,09:30:01,$ 3643.56,1
1828,09:30:01,$ 3643.56,3
1829,09:30:01,$ 3643.56,3
1830,09:30:01,$ 3643.56,6
1831,09:30:01,$ 3643.56,3
1832,09:30:01,$ 3643.56,1
1833,09:30:01,$ 3643.56,30
1834,09:30:01,$ 3643.56,2
1835,09:30:01,$ 3643.56,5
1836,09:30:01,$ 3643.56,2
1837,09:30:01,$ 3643.56,16
1838,09:30:01,$ 3643.56,1
1839,09:30:01,$ 3643.56,1
1840,09:30:01,$ 3643.56,1
1841,09:30:01,$ 3643.56,5
1842,09:30:01,$ 3643.56,1
1843,09:30:01,$ 3643.56,2
1844,09:30:01,$ 3643.56,1
1845,09:30:01,$ 3643.56,1
1846,09:30:01,$ 3643.56,1
1847,09:30:01,$ 3643.56,1
1849,09:30:01,$ 3643.56,22
1850,09:30:01,$ 3643.56,51
1851,09:30:01,$ 3643.56,10
1852,09:30:01,$ 3643.56,1
1853,09:30:01,$ 3643.56,2
1854,09:30:01,$ 3643.56,22
1855,09:30:01,$ 3643.56,5
1856,09:30:01,$ 3643.56,9
1857,09:30:01,$ 3643.56,2
1858,09:30:01,$ 3643.56,2
1859,09:30:01,$ 3643.56,1
1860,09:30:01,$ 3643.56,5
1861,09:30:01,$ 3643.56,10
1862,09:30:01,$ 3643.56,5
1863,09:30:01,$ 3643.56,5
1864,09:30:01,$ 3643.56,5
1865,09:30:01,$ 3643.56,23
1866,09:30:01,$ 3643.56,1
1867,09:30:01,$ 3643.56,30
1868,09:30:01,$ 3643.56,1
1870,09:30:01,$ 3643.56,6
1871,09:30:01,$ 3643.56,1
1872,09:30:01,$ 3643.56,10
1873,09:30:01,$ 3643.56,5
1874,09:30:01,$ 3643.56,3
1875,09:30:01,$ 3643.56,1
1876,09:30:01,$ 3643.56,5
1877,09:30:01,$ 3643.56,11
1878,09:30:01,$ 3643.56,1
1879,09:30:01,$ 3643.56,1
1880,09:30:01,$ 3643.56,1
1881,09:30:01,$ 3643.56,1
1882,09:30:01,$ 3643.56,1
1883,09:30:01,$ 3643.56,1
1884,09:30:01,$ 3643.56,10
1885,09:30:01,$ 3643.56,25
1886,09:30:01,$ 3643.56,27
1887,09:30:01,$ 3643.56,1
1888,09:30:01,$ 3643.56,1
1889,09:30:01,$ 3643.56,1
1891,09:30:01,$ 3643.56,10
1892,09:30:01,$ 3643.56,1
1893,09:30:01,$ 3643.56,2
1894,09:30:01,$ 3643.56,1
1895,09:30:01,$ 3643.56,1
1896,09:30:01,$ 3643.56,1
1897,09:30:01,$ 3643.56,1
1898,09:30:01,$ 3643.56,2
1899,09:30:01,$ 3643.56,3
1900,09:30:01,$ 3643.56,5
1901,09:30:01,$ 3643.56,1
1902,09:30:01,$ 3643.56,10
1903,09:30:01,$ 3643.56,11
1904,09:30:01,$ 3643.56,1
1905,09:30:01,$ 3643.56,80
1906,09:30:01,$ 3643.56,9
1907,09:30:01,$ 3643.56,13
1908,09:30:01,$ 3643.56,2
1909,09:30:01,$ 3643.56,2
1910,09:30:01,$ 3643.56,1
1912,09:30:01,$ 3643.56,2
1913,09:30:01,$ 3643.56,2
1914,09:30:01,$ 3643.56,1
1915,09:30:01,$ 3643.56,7
1916,09:30:01,$ 3643.56,4
1917,09:30:01,$ 3643.56,16
1918,09:30:01,$ 3643.56,1
1919,09:30:01,$ 3643.56,7
1920,09:30:01,$ 3643.56,1
1921,09:30:01,$ 3643.56,1
1922,09:30:01,$ 3643.56,1
1923,09:30:01,$ 3643.56,1
1924,09:30:01,$ 3643.56,1
1925,09:30:01,$ 3643.56,2
1926,09:30:01,$ 3643.56,80
1927,09:30:01,$ 3643.56,1
1928,09:30:01,$ 3643.56,2
1929,09:30:01,$ 3643.56,8
1930,09:30:01,$ 3643.56,1
1931,09:30:01,$ 3643.56,2
1933,09:30:01,$ 3643.56,6
1934,09:30:01,$ 3643.56,1
1935,09:30:01,$ 3643.56,3
1936,09:30:01,$ 3643.56,1
1937,09:30:01,$ 3643.56,10
1938,09:30:01,$ 3643.56,3
1939,09:30:01,$ 3643.56,1
1940,09:30:01,$ 3643.56,2
1941,09:30:01,$ 3643.56,50
1942,09:30:01,$ 3643.56,70
1943,09:30:01,$ 3643.56,6
1944,09:30:01,$ 3643.56,3
1945,09:30:01,$ 3643.56,1
1946,09:30:01,$ 3643.56,1
1947,09:30:01,$ 3643.56,3
1948,09:30:01,$ 3643.56,1
1949,09:30:01,$ 3643.56,36
1950,09:30:01,$ 3643.56,1
1951,09:30:01,$ 3643.56,2
1952,09:30:01,$ 3643.56,1
1954,09:30:01,$ 3643.56,5
1955,09:30:01,$ 3643.56,1
1956,09:30:01,$ 3643.56,1
1957,09:30:01,$ 3643.56,5
1958,09:30:01,$ 3643.56,1
1959,09:30:01,$ 3643.56,1
1960,09:30:01,$ 3643.56,1
1961,09:30:01,$ 3643.56,22
1962,09:30:01,$ 3643.56,1
1963,09:30:01,$ 3643.56,7
1964,09:30:01,$ 3643.56,3
1965,09:30:01,$ 3643.56,1
1966,09:30:01,$ 3643.56,1
1967,09:30:01,$ 3643.56,4
1968,09:30:01,$ 3643.56,1
1969,09:30:01,$ 3643.56,1
1970,09:30:01,$ 3643.56,1
1971,09:30:01,$ 3643.56,1
1972,09:30:01,$ 3643.56,5
1973,09:30:01,$ 3643.56,10
1975,09:30:01,$ 3643.56,10
1976,09:30:01,$ 3643.56,1
1977,09:30:01,$ 3643.56,1
1978,09:30:01,$ 3643.56,2
1979,09:30:01,$ 3643.56,1
1980,09:30:01,$ 3643.56,2
1981,09:30:01,$ 3643.56,20
1982,09:30:01,$ 3643.56,1
1983,09:30:01,$ 3643.56,10
1984,09:30:01,$ 3643.56,1
1985,09:30:01,$ 3643.56,2
1986,09:30:01,$ 3643.56,5
1987,09:30:01,$ 3643.56,2
1988,09:30:01,$ 3643.56,1
1989,09:30:01,$ 3643.56,1
1990,09:30:01,$ 3643.56,1
1991,09:30:01,$ 3643.56,2
1992,09:30:01,$ 3643.56,30
1993,09:30:01,$ 3643.56,5
1994,09:30:01,$ 3643.56,1
1996,09:30:01,$ 3643.56,2
1997,09:30:01,$ 3643.56,1
1998,09:30:01,$ 3643.56,1
1999,09:30:01,$ 3643.56,2
2000,09:30:01,$ 3643.56,1
2001,09:30:01,$ 3643.56,2
2002,09:30:01,$ 3643.56,3
2003,09:30:01,$ 3643.56,3
2004,09:30:01,$ 3643.56,2
2005,09:30:01,$ 3643.56,1
2006,09:30:01,$ 3643.56,3
2007,09:30:01,$ 3643.56,6
2008,09:30:01,$ 3643.56,2
2009,09:30:01,$ 3643.56,5
2010,09:30:01,$ 3643.56,2
2011,09:30:01,$ 3643.56,5
2012,09:30:01,$ 3643.56,187
2013,09:30:01,$ 3643.56,10
2014,09:30:01,$ 3643.56,5
2015,09:30:01,$ 3643.56,18
2017,09:30:01,$ 3643.56,10
2018,09:30:01,$ 3643.56,50
2019,09:30:01,$ 3643.56,10
2020,09:30:01,$ 3643.56,2
2021,09:30:01,$ 3643.56,8
2022,09:30:01,$ 3643.56,7
2023,09:30:01,$ 3643.56,20
2024,09:30:01,$ 3643.56,20
2025,09:30:01,$ 3643.56,30
2026,09:30:01,$ 3643.56,2
2027,09:30:01,$ 3643.56,5
2028,09:30:01,$ 3643.56,15
2029,09:30:01,$ 3643.56,15
2030,09:30:01,$ 3643.56,77
2031,09:30:01,$ 3643.56,3
2032,09:30:01,$ 3643.56,19
2033,09:30:01,$ 3643.56,1
2034,09:30:01,$ 3643.56,2
2035,09:30:01,$ 3643.56,22
2036,09:30:01,$ 3643.56,5
2038,09:30:01,$ 3643.56,140
2039,09:30:01,$ 3643.56,4
2040,09:30:01,$ 3643.56,2
2041,09:30:01,$ 3643.56,3
2042,09:30:01,$ 3643.56,16
2043,09:30:01,$ 3643.56,10
2044,09:30:01,$ 3643.56,4
2045,09:30:01,$ 3643.56,2
2046,09:30:01,$ 3643.56,5
2047,09:30:01,$ 3643.56,14
2048,09:30:01,$ 3643.56,1
2049,09:30:01,$ 3643.56,8
2050,09:30:01,$ 3643.56,3
2051,09:30:01,$ 3643.56,2
2052,09:30:01,$ 3643.56,15
2053,09:30:01,$ 3643.56,2
2054,09:30:01,$ 3643.56,1
2055,09:30:01,$ 3643.56,1
2056,09:30:01,$ 3643.56,17
2057,09:30:01,$ 3643.56,23
2059,09:30:01,$ 3643.56,12
2060,09:30:01,$ 3643.56,1
2061,09:30:01,$ 3643.56,52
2062,09:30:01,$ 3643.56,2
2063,09:30:01,$ 3643.56,2
2064,09:30:01,$ 3643.56,2
2065,09:30:01,$ 3643.56,2
2066,09:30:01,$ 3643.56,6
2067,09:30:01,$ 3643.56,2
2068,09:30:01,$ 3643.56,1
2069,09:30:01,$ 3643.56,10
2070,09:30:01,$ 3643.56,30
2071,09:30:01,$ 3643.56,3
2072,09:30:01,$ 3643.56,6
2073,09:30:01,$ 3643.56,10
2074,09:30:01,$ 3643.56,8
2075,09:30:01,$ 3643.56,30
2076,09:30:01,$ 3643.56,2
2077,09:30:01,$ 3643.56,15
2078,09:30:01,$ 3643.56,3
2080,09:31:11,$ 3721.84,100
2081,09:31:10,$ 3720.39,100
2082,09:31:10,$ 3720.64,100
2083,09:31:10,$ 3720.65,100
2084,09:31:10,$ 3720.82,100
2085,09:31:09,$ 3719.71,100
2086,09:31:09,$ 3719.71,100
2087,09:31:09,$ 3719.75,100
2088,09:31:09,$ 3719.72,100
2089,09:31:09,$ 3719.95,100
2090,09:31:07,$ 3719.0252,288
2091,09:31:07,$ 3719.89,100
2092,09:31:07,$ 3720.44,209
2093,09:31:07,$ 3720.44,100
2094,09:31:06,$ 3720.41,150
2095,09:31:05,$ 3720.4101,260
2096,09:31:05,$ 3720.4101,260
2097,09:31:05,$ 3722.80,100
2098,09:31:04,$ 3722.08,100
2099,09:31:04,$ 3720.45,100
2101,09:31:04,$ 3722.04,100
2102,09:31:04,$ 3724.88,100
2103,09:31:02,$ 3730.415,100
2104,09:31:01,$ 3730.015,100
2105,09:31:01,$ 3730.11,500
2106,09:31:01,$ 3729.00,100
2107,09:31:01,$ 3728.17,500
2108,09:30:59,$ 3729.24,100
2109,09:30:58,$ 3729.87,100
2110,09:30:57,$ 3730.01,408
2111,09:30:56,$ 3728.535,100
2112,09:30:56,$ 3729.75,100
2113,09:30:56,$ 3729.76,100
2114,09:30:55,$ 3730.9299,100
2115,09:30:55,$ 3730.52,120
2116,09:30:54,$ 3731.2999,100
2117,09:30:54,$ 3730.98,100
2118,09:30:53,$ 3730.93,100
2119,09:30:53,$ 3730.95,100
2120,09:30:53,$ 3730.92,100
2122,09:30:53,$ 3730.77,100
2123,09:30:53,$ 3730.9299,200
2124,09:30:51,$ 3728.73,100
2125,09:30:51,$ 3730.00,100
2126,09:30:51,$ 3727.97,500
2127,09:30:50,$ 3727.725,500
2128,09:30:50,$ 3726.415,100
2129,09:30:50,$ 3728.465,100
2130,09:30:50,$ 3727.09,369
2131,09:30:49,$ 3730.95,100
2132,09:30:49,$ 3730.94,100
2133,09:30:49,$ 3730.95,100
2134,09:30:49,$ 3730.95,100
2135,09:30:49,$ 3730.95,100
2136,09:30:48,$ 3730.95,100
2137,09:30:48,$ 3731.00,100
2138,09:30:48,$ 3730.96,100
2139,09:30:48,$ 3732.395,100
2140,09:30:47,$ 3733.83,137
2141,09:30:47,$ 3733.83,100
2143,09:30:46,$ 3733.23,100
2144,09:30:46,$ 3732.09,100
2145,09:30:46,$ 3733.72,100
2146,09:30:46,$ 3733.98,100
2147,09:30:46,$ 3733.38,100
2148,09:30:46,$ 3733.46,100
2149,09:30:46,$ 3732.99,100
2150,09:30:46,$ 3731.52,200
2151,09:30:46,$ 3731.51,100
2152,09:30:46,$ 3731.51,100
2153,09:30:45,$ 3730.95,100
2154,09:30:45,$ 3730.94,143
2155,09:30:45,$ 3730.939,200
2156,09:30:45,$ 3728.93,100
2157,09:30:44,$ 3729.7368,100
2158,09:30:44,$ 3730.0533,100
2159,09:30:44,$ 3730.20,100
2160,09:30:43,$ 3729.5532,100
2161,09:30:43,$ 3730.28,100
2162,09:30:43,$ 3730.28,100
2164,09:30:42,$ 3730.47,100
2165,09:30:42,$ 3730.38,300
2166,09:30:42,$ 3730.38,100
2167,09:30:41,$ 3729.34,150
2168,09:30:40,$ 3727.75,100
2169,09:30:40,$ 3727.75,100
2170,09:30:40,$ 3728.43,100
2171,09:30:40,$ 3728.91,100
2172,09:30:40,$ 3728.91,100
2173,09:30:40,$ 3729.48,100
2174,09:30:40,$ 3729.34,100
2175,09:30:40,$ 3729.34,100
2176,09:30:40,$ 3729.34,300
2177,09:30:40,$ 3729.98,100
2178,09:30:40,$ 3730.00,100
2179,09:30:40,$ 3730.00,200
2180,09:30:40,$ 3729.03,106
2181,09:30:39,$ 3728.53,114
2182,09:30:39,$ 3728.83,366
2183,09:30:39,$ 3728.97,100
2185,09:30:38,$ 3727.99,175
2186,09:30:37,$ 3727.46,100
2187,09:30:37,$ 3728.84,363
2188,09:30:37,$ 3729.03,100
2189,09:30:37,$ 3729.03,100
2190,09:30:36,$ 3728.38,300
2191,09:30:36,$ 3728.00,100
2192,09:30:36,$ 3728.00,500
2193,09:30:36,$ 3727.45,597
2194,09:30:36,$ 3727.45,100
2195,09:30:35,$ 3726.435,275
2196,09:30:33,$ 3724.565,100
2197,09:30:33,$ 3725.32,100
2198,09:30:33,$ 3724.96,100
2199,09:30:33,$ 3723.785,240
2200,09:30:32,$ 3724.9899,100
2201,09:30:32,$ 3723.04,100
2202,09:30:32,$ 3723.965,100
2203,09:30:31,$ 3723.41,100
2204,09:30:31,$ 3723.37,100
2206,09:30:01,$ 3643.56,8
2207,09:30:01,$ 3643.56,2
2208,09:30:01,$ 3643.56,100
2209,09:30:01,$ 3643.56,1
2210,09:30:01,$ 3643.56,9
2211,09:30:01,$ 3643.56,35
2212,09:30:01,$ 3643.56,1
2213,09:30:01,$ 3643.56,5
2214,09:30:01,$ 3643.56,15
2215,09:30:01,$ 3643.56,1
2216,09:30:01,$ 3643.56,1
2217,09:30:01,$ 3643.56,1
2218,09:30:01,$ 3643.56,1
2219,09:30:01,$ 3643.56,100
2220,09:30:01,$ 3643.56,1
2221,09:30:01,$ 3643.56,2
2222,09:30:01,$ 3643.56,2
2223,09:30:01,$ 3643.56,40
2224,09:30:01,$ 3643.56,24
2225,09:30:01,$ 3643.56,5
2227,09:30:01,$ 3643.56,1
2228,09:30:01,$ 3643.56,2
2229,09:30:01,$ 3643.56,10
2230,09:30:01,$ 3643.56,4
2231,09:30:01,$ 3643.56,2
2232,09:30:01,$ 3643.56,1
2233,09:30:01,$ 3643.56,15
2234,09:30:01,$ 3643.56,2
2235,09:30:01,$ 3643.56,2
2236,09:30:01,$ 3643.56,2
2237,09:30:01,$ 3643.56,1
2238,09:30:01,$ 3643.56,2
2239,09:30:01,$ 3643.56,100
2240,09:30:01,$ 3643.56,166
2241,09:30:01,$ 3643.56,125
2242,09:30:01,$ 3643.56,4
2243,09:30:01,$ 3643.56,37
2244,09:30:01,$ 3643.56,1
2245,09:30:01,$ 3643.56,1
2246,09:30:01,$ 3643.56,3
2248,09:30:01,$ 3643.56,1
2249,09:30:01,$ 3643.56,15
2250,09:30:01,$ 3643.56,7
2251,09:30:01,$ 3643.56,2
2252,09:30:01,$ 3643.56,1
2253,09:30:01,$ 3643.56,2
2254,09:30:01,$ 3643.56,1
2255,09:30:01,$ 3643.56,40
2256,09:30:01,$ 3643.56,1
2257,09:30:01,$ 3643.56,1
2258,09:30:01,$ 3643.56,2
2259,09:30:01,$ 3643.56,6
2260,09:30:01,$ 3643.56,1
2261,09:30:01,$ 3643.56,2
2262,09:30:01,$ 3643.56,4
2263,09:30:01,$ 3643.56,7
2264,09:30:01,$ 3643.56,1
2265,09:30:01,$ 3643.56,35
2266,09:30:01,$ 3643.56,1
2267,09:30:01,$ 3643.56,2
2269,09:30:01,$ 3643.56,20
2270,09:30:01,$ 3643.56,193
2271,09:30:01,$ 3643.56,2
2272,09:30:01,$ 3643.56,1
2273,09:30:01,$ 3643.56,1
2274,09:30:01,$ 3643.56,5
2275,09:30:01,$ 3643.56,25
2276,09:30:01,$ 3643.56,15
2277,09:30:01,$ 3643.56,1
2278,09:30:01,$ 3643.56,1
2279,09:30:01,$ 3643.56,15
2280,09:30:01,$ 3643.56,1
2281,09:30:01,$ 3643.56,1
2282,09:30:01,$ 3643.56,2
2283,09:30:01,$ 3643.56,6
2284,09:30:01,$ 3643.56,2
2285,09:30:01,$ 3643.56,5
2286,09:30:01,$ 3643.56,1
2287,09:30:01,$ 3643.56,1
2288,09:30:01,$ 3643.56,9
2290,09:30:01,$ 3643.56,1
2291,09:30:01,$ 3643.56,2
2292,09:30:01,$ 3643.56,8
2293,09:30:01,$ 3643.56,3
2294,09:30:01,$ 3643.56,1
2295,09:30:01,$ 3643.56,2
2296,09:30:01,$ 3643.56,28
2297,09:30:01,$ 3643.56,70
2298,09:30:01,$ 3643.56,150
2299,09:30:01,$ 3643.56,1
2300,09:30:01,$ 3643.56,1
2301,09:30:01,$ 3643.56,1
2302,09:30:01,$ 3643.56,1
2303,09:30:01,$ 3643.56,1
2304,09:30:01,$ 3643.56,8
2305,09:30:01,$ 3643.56,3
2306,09:30:01,$ 3643.56,310
2307,09:30:01,$ 3643.56,1
2308,09:30:01,$ 3643.56,1
2309,09:30:01,$ 3643.56,1
2311,09:30:01,$ 3643.56,1
2312,09:30:01,$ 3643.56,1
2313,09:30:01,$ 3643.56,585
2314,09:30:01,$ 3643.56,200
2315,09:30:01,$ 3643.56,2
2316,09:30:01,$ 3643.56,2
2317,09:30:01,$ 3643.56,1
2318,09:30:01,$ 3643.56,4
2319,09:30:01,$ 3643.56,1
2320,09:30:01,$ 3643.56,16
2321,09:30:01,$ 3643.56,13
2322,09:30:01,$ 3643.56,21
2323,09:30:01,$ 3643.56,47
2324,09:30:01,$ 3643.56,159
2325,09:30:01,$ 3643.56,7
2326,09:30:01,$ 3643.56,1
2327,09:30:01,$ 3643.56,30
2328,09:30:01,$ 3643.56,2
2329,09:30:01,$ 3643.56,1
2330,09:30:01,$ 3643.56,4
2332,09:30:01,$ 3643.56,2
2333,09:30:01,$ 3643.56,4
2334,09:30:01,$ 3643.56,2
2335,09:30:01,$ 3643.56,1
2336,09:30:01,$ 3643.56,2
2337,09:30:01,$ 3643.56,1
2338,09:30:01,$ 3643.56,1
2339,09:30:01,$ 3643.56,1
2340,09:30:01,$ 3643.56,1
2341,09:30:01,$ 3643.56,2
2342,09:30:01,$ 3643.56,1
2343,09:30:01,$ 3643.56,2
2344,09:30:01,$ 3643.56,1
2345,09:30:01,$ 3643.56,1
2346,09:30:01,$ 3643.56,4
2347,09:30:01,$ 3643.56,1
2348,09:30:01,$ 3643.56,18
2349,09:30:01,$ 3643.56,37
2350,09:30:01,$ 3643.56,380
2351,09:30:01,$ 3643.56,10
2353,09:30:01,$ 3643.56,3
2354,09:30:01,$ 3643.56,"2,000"
2355,09:30:01,$ 3643.56,2
2356,09:30:01,$ 3643.56,1
2357,09:30:01,$ 3643.56,2
2358,09:30:01,$ 3643.56,2
2359,09:30:01,$ 3643.56,1
2360,09:30:01,$ 3643.56,2
2361,09:30:01,$ 3643.56,33
2362,09:30:01,$ 3643.56,8
2363,09:30:01,$ 3643.56,1
2364,09:30:01,$ 3643.56,1
2365,09:30:01,$ 3643.56,1
2366,09:30:01,$ 3643.56,26
2367,09:30:01,$ 3643.56,1
2368,09:30:01,$ 3643.56,550
2369,09:30:01,$ 3643.56,9
2370,09:30:01,$ 3643.56,10
2371,09:30:01,$ 3643.56,1
2372,09:30:01,$ 3643.56,11
2374,09:30:01,$ 3643.56,1
2375,09:30:01,$ 3643.56,100
2376,09:30:01,$ 3643.56,2
2377,09:30:01,$ 3643.56,136
2378,09:30:01,$ 3643.56,3
2379,09:30:01,$ 3643.56,63
2380,09:30:01,$ 3643.56,1
2381,09:30:01,$ 3643.56,1
2382,09:30:01,$ 3643.56,7
2383,09:30:01,$ 3643.56,1
2384,09:30:01,$ 3643.56,300
2385,09:30:01,$ 3643.56,1
2386,09:30:01,$ 3643.56,2
2387,09:30:01,$ 3643.56,2
2388,09:30:01,$ 3643.56,1
2389,09:30:01,$ 3643.56,2
2390,09:30:01,$ 3643.56,3
2391,09:30:01,$ 3643.56,1
2392,09:30:01,$ 3643.56,50
2393,09:30:01,$ 3643.56,5
2395,09:30:01,$ 3643.56,5
2396,09:30:01,$ 3643.56,153
2397,09:30:01,$ 3643.56,3
2398,09:30:01,$ 3643.56,1
2399,09:30:01,$ 3643.56,1
2400,09:30:01,$ 3643.56,6
2401,09:30:01,$ 3643.56,2
2402,09:30:01,$ 3643.56,1
2403,09:30:01,$ 3643.56,2
2404,09:30:01,$ 3643.56,1
2405,09:30:01,$ 3643.56,12
2406,09:30:01,$ 3643.56,1
2407,09:30:01,$ 3643.56,2
2408,09:30:01,$ 3643.56,2
2409,09:30:01,$ 3643.56,1
2410,09:30:01,$ 3643.56,1
2411,09:30:01,$ 3643.56,3
2412,09:30:01,$ 3643.56,10
2413,09:30:01,$ 3643.56,5
2414,09:30:01,$ 3643.56,3
2416,09:30:01,$ 3643.56,1
2417,09:30:01,$ 3643.56,40
2418,09:30:01,$ 3643.56,1
2419,09:30:01,$ 3643.56,1
2420,09:30:01,$ 3643.56,1
2421,09:30:01,$ 3643.56,1
2422,09:30:01,$ 3643.56,1
2423,09:30:01,$ 3643.56,3
2424,09:30:01,$ 3643.56,2
2425,09:30:01,$ 3643.56,2
2426,09:30:01,$ 3643.56,5
2427,09:30:01,$ 3643.56,2
2428,09:30:01,$ 3643.56,1
2429,09:30:01,$ 3643.56,4
2430,09:30:01,$ 3643.56,1
2431,09:30:01,$ 3643.56,5
2432,09:30:01,$ 3643.56,10
2433,09:30:01,$ 3643.56,1
2434,09:30:01,$ 3643.56,15
2435,09:30:01,$ 3643.56,4
2437,09:30:01,$ 3643.56,2
2438,09:30:01,$ 3643.56,16
2439,09:30:01,$ 3643.56,1
2440,09:30:01,$ 3643.56,1
2441,09:30:01,$ 3643.56,5
2442,09:30:01,$ 3643.56,15
2443,09:30:01,$ 3643.56,1
2444,09:30:01,$ 3643.56,5
2445,09:30:01,$ 3643.56,2
2446,09:30:01,$ 3643.56,2
2447,09:30:01,$ 3643.56,3
2448,09:30:01,$ 3643.56,27
2449,09:30:01,$ 3643.56,6
2450,09:30:01,$ 3643.56,15
2451,09:30:01,$ 3643.56,15
2452,09:30:01,$ 3643.56,1
2453,09:30:01,$ 3643.56,3
2454,09:30:01,$ 3643.56,15
2455,09:30:01,$ 3643.56,1
2456,09:30:01,$ 3643.56,7
2458,09:30:01,$ 3643.56,6
2459,09:30:01,$ 3643.56,3
2460,09:30:01,$ 3643.56,2
2461,09:30:01,$ 3643.56,6
2462,09:30:01,$ 3643.56,10
2463,09:30:01,$ 3643.56,3
2464,09:30:01,$ 3643.56,2
2465,09:30:01,$ 3643.56,2
2466,09:30:01,$ 3643.56,9
2467,09:30:01,$ 3643.56,1
2468,09:30:01,$ 3643.56,1
2469,09:30:01,$ 3643.56,1
2470,09:30:01,$ 3643.56,1
2471,09:30:01,$ 3643.56,5
2472,09:30:01,$ 3643.56,1
2473,09:30:01,$ 3643.56,1
2474,09:30:01,$ 3643.56,1
2475,09:30:01,$ 3643.56,4
2476,09:30:01,$ 3643.56,3
2477,09:30:01,$ 3643.56,1
2479,09:30:01,$ 3643.56,1
2480,09:30:01,$ 3643.56,17
2481,09:30:01,$ 3643.56,40
2482,09:30:01,$ 3643.56,1
2483,09:30:01,$ 3643.56,1
2484,09:30:01,$ 3643.56,1
2485,09:30:01,$ 3643.56,152
2486,09:30:01,$ 3643.56,5
2487,09:30:01,$ 3643.56,1
2488,09:30:01,$ 3643.56,2
2489,09:30:01,$ 3643.56,8
2490,09:30:01,$ 3643.56,1
2491,09:30:01,$ 3643.56,2
2492,09:30:01,$ 3643.56,1
2493,09:30:01,$ 3643.56,3
2494,09:30:01,$ 3643.56,1
2495,09:30:01,$ 3643.56,1
2496,09:30:01,$ 3643.56,85
2497,09:30:01,$ 3643.56,5
2498,09:30:01,$ 3643.56,10
2500,09:30:01,$ 3643.56,4
2501,09:30:01,$ 3643.56,1
2502,09:30:01,$ 3643.56,27
2503,09:30:01,$ 3643.56,13
2504,09:30:01,$ 3643.56,3
2505,09:30:01,$ 3643.56,5
2506,09:30:01,$ 3643.56,2
2507,09:30:01,$ 3643.56,2
2508,09:30:01,$ 3643.56,6
2509,09:30:01,$ 3643.56,50
2510,09:30:01,$ 3643.56,1
2511,09:30:01,$ 3643.56,1
2512,09:30:01,$ 3643.56,2
2513,09:30:01,$ 3643.56,16
2514,09:30:01,$ 3643.56,11
2515,09:30:01,$ 3643.56,10
2516,09:30:01,$ 3643.56,60
2517,09:30:01,$ 3643.56,8
2518,09:30:01,$ 3643.56,11
2519,09:30:01,$ 3643.56,5
2521,09:30:01,$ 3643.56,2
2522,09:30:01,$ 3643.56,1
2523,09:30:01,$ 3643.56,11
2524,09:30:01,$ 3643.56,14
2525,09:30:01,$ 3643.56,70
2526,09:30:01,$ 3643.56,75
2527,09:30:01,$ 3643.56,90
2528,09:30:01,$ 3643.56,2
2529,09:30:01,$ 3643.56,1
2530,09:30:01,$ 3643.56,3
2531,09:30:01,$ 3643.56,3
2532,09:30:01,$ 3643.56,1
2533,09:30:01,$ 3643.56,1
2534,09:30:01,$ 3643.56,1
2535,09:30:01,$ 3643.56,2
2536,09:30:01,$ 3643.56,1
2537,09:30:01,$ 3643.56,40
2538,09:30:01,$ 3643.56,3
2539,09:30:01,$ 3643.56,32
2540,09:30:01,$ 3643.56,16
2542,09:30:01,$ 3643.56,1
2543,09:30:01,$ 3643.56,7
2544,09:30:01,$ 3643.56,9
2545,09:30:01,$ 3643.56,9
2546,09:30:01,$ 3643.56,1
2547,09:30:01,$ 3643.56,5
2548,09:30:01,$ 3643.56,1
2549,09:30:01,$ 3643.56,1
2550,09:30:01,$ 3643.56,110
2551,09:30:01,$ 3643.56,21
2552,09:30:01,$ 3643.56,1
2553,09:30:01,$ 3643.56,1
2554,09:30:01,$ 3643.56,2
2555,09:30:01,$ 3643.56,1
2556,09:30:01,$ 3643.56,1
2557,09:30:01,$ 3643.56,7
2558,09:30:01,$ 3643.56,1
2559,09:30:01,$ 3643.56,143
2560,09:30:01,$ 3643.56,7
2561,09:30:01,$ 3643.56,4
2563,09:30:01,$ 3643.56,5
2564,09:30:01,$ 3643.56,2
2565,09:30:01,$ 3643.56,1
2566,09:30:01,$ 3643.56,2
2567,09:30:01,$ 3643.56,17
2568,09:30:01,$ 3643.56,1
2569,09:30:01,$ 3643.56,1
2570,09:30:01,$ 3643.56,3
2571,09:30:01,$ 3643.56,25
2572,09:30:01,$ 3643.56,3
2573,09:30:01,$ 3643.56,1
2574,09:30:01,$ 3643.56,3
2575,09:30:01,$ 3643.56,3
2576,09:30:01,$ 3643.56,8
2577,09:30:01,$ 3643.56,1
2578,09:30:01,$ 3643.56,1
2579,09:30:01,$ 3643.56,3
2580,09:30:01,$ 3643.56,1
2581,09:30:01,$ 3643.56,10
2582,09:30:01,$ 3643.56,10
2584,09:30:01,$ 3643.56,1
2585,09:30:01,$ 3643.56,6
2586,09:30:01,$ 3643.56,1
2587,09:30:01,$ 3643.56,1
2588,09:30:01,$ 3643.56,2
2589,09:30:01,$ 3643.56,2
2590,09:30:01,$ 3643.56,3
2591,09:30:01,$ 3643.56,2
2592,09:30:01,$ 3643.56,2
2593,09:30:01,$ 3643.56,5
2594,09:30:01,$ 3643.56,1
2595,09:30:01,$ 3643.56,3
2596,09:30:01,$ 3643.56,93
2597,09:30:01,$ 3643.56,1
2598,09:30:01,$ 3643.56,10
2599,09:30:01,$ 3643.56,4
2600,09:30:01,$ 3643.56,10
2601,09:30:01,$ 3643.56,200
2602,09:30:01,$ 3643.56,10
2603,09:30:01,$ 3643.56,1
2605,09:30:01,$ 3643.56,1
2606,09:30:01,$ 3643.56,6
2607,09:30:01,$ 3643.56,8
2608,09:30:01,$ 3643.56,2
2609,09:30:01,$ 3643.56,2
2610,09:30:01,$ 3643.56,2
2611,09:30:01,$ 3643.56,5
2612,09:30:01,$ 3643.56,1
2613,09:30:01,$ 3643.56,2
2614,09:30:01,$ 3643.56,1
2615,09:30:01,$ 3643.56,3
2616,09:30:01,$ 3643.56,5
2617,09:30:01,$ 3643.56,485
2618,09:30:01,$ 3643.56,11
2619,09:30:01,$ 3643.56,38
2620,09:30:01,$ 3643.56,118
2621,09:30:01,$ 3643.56,3
2622,09:30:01,$ 3643.56,1
2623,09:30:01,$ 3643.56,3
2624,09:30:01,$ 3643.56,1
2626,09:30:01,$ 3643.56,5
2627,09:30:01,$ 3643.56,1
2628,09:30:01,$ 3643.56,5
2629,09:30:01,$ 3643.56,3
2630,09:30:01,$ 3643.56,8
2631,09:30:01,$ 3643.56,130
2632,09:30:01,$ 3643.56,1
2633,09:30:01,$ 3643.56,130
2634,09:30:01,$ 3643.56,3
2635,09:30:01,$ 3643.56,40
2636,09:30:01,$ 3643.56,25
2637,09:30:01,$ 3643.56,1
2638,09:30:01,$ 3643.56,1
2639,09:30:01,$ 3643.56,2
2640,09:30:01,$ 3643.56,6
2641,09:30:01,$ 3643.56,50
2642,09:30:01,$ 3643.56,1
2643,09:30:01,$ 3643.56,4
2644,09:30:01,$ 3643.56,40
2645,09:30:01,$ 3643.56,11
2647,09:30:02,$ 3717.29,3
2648,09:30:02,$ 3717.29,1
2649,09:30:02,$ 3717.29,10
2650,09:30:02,$ 3717.29,1
2651,09:30:02,$ 3717.29,6
2652,09:30:02,$ 3717.29,3
2653,09:30:02,$ 3717.29,1
2654,09:30:02,$ 3717.29,10
2655,09:30:02,$ 3717.29,17
2656,09:30:02,$ 3717.29,3
2657,09:30:02,$ 3717.29,15
2658,09:30:02,$ 3717.29,40
2659,09:30:02,$ 3717.29,19
2660,09:30:02,$ 3717.29,5
2661,09:30:02,$ 3717.29,3
2662,09:30:02,$ 3717.29,2
2663,09:30:02,$ 3717.29,1
2664,09:30:02,$ 3717.29,5
2665,09:30:02,$ 3717.29,10
2666,09:30:02,$ 3717.29,7
2668,09:30:02,$ 3717.29,1
2669,09:30:02,$ 3717.29,1
2670,09:30:02,$ 3717.29,2
2671,09:30:02,$ 3717.29,3
2672,09:30:02,$ 3717.29,1
2673,09:30:02,$ 3717.29,2
2674,09:30:02,$ 3717.29,5
2675,09:30:02,$ 3717.29,5
2676,09:30:02,$ 3717.29,2
2677,09:30:02,$ 3717.29,5
2678,09:30:02,$ 3717.29,1
2679,09:30:02,$ 3717.29,1
2680,09:30:02,$ 3717.29,5
2681,09:30:02,$ 3717.29,7
2682,09:30:02,$ 3717.29,4
2683,09:30:02,$ 3717.29,2
2684,09:30:02,$ 3717.29,2
2685,09:30:02,$ 3717.29,1
2686,09:30:02,$ 3717.29,3
2687,09:30:02,$ 3717.29,1
2689,09:30:02,$ 3717.29,7
2690,09:30:02,$ 3717.29,19
2691,09:30:02,$ 3717.29,2
2692,09:30:02,$ 3717.29,2
2693,09:30:02,$ 3717.29,5
2694,09:30:02,$ 3717.29,1
2695,09:30:02,$ 3717.29,1
2696,09:30:02,$ 3717.29,1
2697,09:30:02,$ 3717.29,5
2698,09:30:02,$ 3717.29,1
2699,09:30:02,$ 3717.29,1
2700,09:30:02,$ 3717.29,1
2701,09:30:02,$ 3717.29,2
2702,09:30:02,$ 3717.29,1
2703,09:30:02,$ 3717.29,3
2704,09:30:02,$ 3717.29,2
2705,09:30:02,$ 3717.29,5
2706,09:30:02,$ 3717.29,2
2707,09:30:02,$ 3717.29,1
2708,09:30:02,$ 3717.29,1
2710,09:30:02,$ 3717.29,2
2711,09:30:02,$ 3717.29,4
2712,09:30:02,$ 3717.29,2
2713,09:30:02,$ 3717.29,1
2714,09:30:02,$ 3717.29,2
2715,09:30:02,$ 3717.29,3
2716,09:30:02,$ 3717.29,20
2717,09:30:02,$ 3717.29,1
2718,09:30:02,$ 3717.29,2
2719,09:30:02,$ 3717.29,5
2720,09:30:02,$ 3717.29,2
2721,09:30:02,$ 3717.29,1
2722,09:30:02,$ 3717.29,1
2723,09:30:02,$ 3717.29,5
2724,09:30:02,$ 3717.29,5
2725,09:30:02,$ 3717.29,6
2726,09:30:02,$ 3717.29,3
2727,09:30:02,$ 3717.29,9
2728,09:30:02,$ 3717.29,4
2729,09:30:02,$ 3717.29,1
2731,09:30:02,$ 3717.29,5
2732,09:30:02,$ 3717.29,3
2733,09:30:02,$ 3717.29,3
2734,09:30:02,$ 3717.29,2
2735,09:30:02,$ 3717.29,2
2736,09:30:02,$ 3717.29,15
2737,09:30:02,$ 3717.29,20
2738,09:30:02,$ 3717.29,7
2739,09:30:02,$ 3717.29,1
2740,09:30:02,$ 3717.29,1
2741,09:30:02,$ 3717.29,10
2742,09:30:02,$ 3717.29,1
2743,09:30:02,$ 3717.29,2
2744,09:30:02,$ 3717.29,1
2745,09:30:02,$ 3717.29,17
2746,09:30:02,$ 3717.29,5
2747,09:30:02,$ 3717.29,5
2748,09:30:02,$ 3717.29,60
2749,09:30:02,$ 3717.29,2
2750,09:30:02,$ 3717.29,5
2752,09:30:02,$ 3717.29,10
2753,09:30:02,$ 3717.29,24
2754,09:30:02,$ 3717.29,7
2755,09:30:02,$ 3717.29,2
2756,09:30:02,$ 3717.29,1
2757,09:30:02,$ 3717.29,3
2758,09:30:02,$ 3717.29,10
2759,09:30:02,$ 3717.29,1
2760,09:30:02,$ 3717.29,1
2761,09:30:02,$ 3717.29,3
2762,09:30:02,$ 3717.29,3
2763,09:30:02,$ 3717.29,5
2764,09:30:02,$ 3717.29,4
2765,09:30:02,$ 3717.29,1
2766,09:30:02,$ 3717.29,4
2767,09:30:02,$ 3717.29,4
2768,09:30:02,$ 3717.29,2
2769,09:30:02,$ 3717.29,4
2770,09:30:02,$ 3717.29,2
2771,09:30:02,$ 3717.29,30
2773,09:30:01,$ 3643.56,14
2774,09:30:01,$ 3643.56,4
2775,09:30:01,$ 3643.56,1
2776,09:30:01,$ 3643.56,80
2777,09:30:01,$ 3643.56,1
2778,09:30:01,$ 3643.56,1
2779,09:30:01,$ 3643.56,3
2780,09:30:01,$ 3643.56,1
2781,09:30:01,$ 3643.56,1
2782,09:30:01,$ 3643.56,8
2783,09:30:01,$ 3643.56,1
2784,09:30:01,$ 3643.56,1
2785,09:30:01,$ 3643.56,21
2786,09:30:01,$ 3643.56,1
2787,09:30:01,$ 3643.56,5
2788,09:30:01,$ 3643.56,352
2789,09:30:01,$ 3643.56,500
2790,09:30:01,$ 3643.56,1
2791,09:30:01,$ 3643.56,2
2792,09:30:01,$ 3643.56,1
2794,09:30:01,$ 3643.56,1
2795,09:30:01,$ 3643.56,1
2796,09:30:01,$ 3643.56,2
2797,09:30:01,$ 3643.56,3
2798,09:30:01,$ 3643.56,2
2799,09:30:01,$ 3643.56,1
2800,09:30:01,$ 3643.56,6
2801,09:30:01,$ 3643.56,2
2802,09:30:01,$ 3643.56,3
2803,09:30:01,$ 3643.56,98
2804,09:30:01,$ 3643.56,1
2805,09:30:01,$ 3643.56,1
2806,09:30:01,$ 3643.56,1
2807,09:30:01,$ 3643.56,5
2808,09:30:01,$ 3643.56,6
2809,09:30:01,$ 3643.56,1
2810,09:30:01,$ 3643.56,1
2811,09:30:01,$ 3643.56,2
2812,09:30:01,$ 3643.56,7
2813,09:30:01,$ 3643.56,100
2815,09:30:01,$ 3643.56,4
2816,09:30:01,$ 3643.56,3
2817,09:30:01,$ 3643.56,1
2818,09:30:01,$ 3643.56,3
2819,09:30:01,$ 3643.56,4
2820,09:30:01,$ 3643.56,2
2821,09:30:01,$ 3643.56,3
2822,09:30:01,$ 3643.56,3
2823,09:30:01,$ 3643.56,3
2824,09:30:01,$ 3643.56,24
2825,09:30:01,$ 3643.56,17
2826,09:30:01,$ 3643.56,29
2827,09:30:01,$ 3643.56,30
2828,09:30:01,$ 3643.56,16
2829,09:30:01,$ 3643.56,16
2830,09:30:01,$ 3643.56,54
2831,09:30:01,$ 3643.56,1
2832,09:30:01,$ 3643.56,1
2833,09:30:01,$ 3643.56,2
2834,09:30:01,$ 3643.56,3
2836,09:30:01,$ 3643.56,2
2837,09:30:01,$ 3643.56,35
2838,09:30:01,$ 3643.56,5
2839,09:30:01,$ 3643.56,1
2840,09:30:01,$ 3643.56,1
2841,09:30:01,$ 3643.56,1
2842,09:30:01,$ 3643.56,1
2843,09:30:01,$ 3643.56,2
2844,09:30:01,$ 3643.56,10
2845,09:30:01,$ 3643.56,4
2846,09:30:01,$ 3643.56,10
2847,09:30:01,$ 3643.56,25
2848,09:30:01,$ 3643.56,2
2849,09:30:01,$ 3643.56,10
2850,09:30:01,$ 3643.56,12
2851,09:30:01,$ 3643.56,10
2852,09:30:01,$ 3643.56,1
2853,09:30:01,$ 3643.56,5
2854,09:30:01,$ 3643.56,5
2855,09:30:01,$ 3643.56,11
2857,09:30:01,$ 3643.56,10
2858,09:30:01,$ 3643.56,5
2859,09:30:01,$ 3643.56,50
2860,09:30:01,$ 3643.56,10
2861,09:30:01,$ 3643.56,5
2862,09:30:01,$ 3643.56,4
2863,09:30:01,$ 3643.56,5
2864,09:30:01,$ 3643.56,10
2865,09:30:01,$ 3643.56,1
2866,09:30:01,$ 3643.56,10
2867,09:30:01,$ 3643.56,30
2868,09:30:01,$ 3643.56,5
2869,09:30:01,$ 3643.56,30
2870,09:30:01,$ 3643.56,10
2871,09:30:01,$ 3643.56,5
2872,09:30:01,$ 3643.56,40
2873,09:30:01,$ 3643.56,7
2874,09:30:01,$ 3643.56,50
2875,09:30:01,$ 3643.56,5
2876,09:30:01,$ 3643.56,5
2878,09:30:01,$ 3643.56,18
2879,09:30:01,$ 3643.56,14
2880,09:30:01,$ 3643.56,5
2881,09:30:01,$ 3643.56,7
2882,09:30:01,$ 3643.56,3
2883,09:30:01,$ 3643.56,30
2884,09:30:01,$ 3643.56,3
2885,09:30:01,$ 3643.56,30
2886,09:30:01,$ 3643.56,6
2887,09:30:01,$ 3643.56,3
2888,09:30:01,$ 3643.56,5
2889,09:30:01,$ 3643.56,2
2890,09:30:01,$ 3643.56,2
2891,09:30:01,$ 3643.56,8
2892,09:30:01,$ 3643.56,27
2893,09:30:01,$ 3643.56,1
2894,09:30:01,$ 3643.56,1
2895,09:30:01,$ 3643.56,1
2896,09:30:01,$ 3643.56,12
2897,09:30:01,$ 3643.56,1
2899,09:30:01,$ 3643.56,7
2900,09:30:01,$ 3643.56,5
2901,09:30:01,$ 3643.56,4
2902,09:30:01,$ 3643.56,4
2903,09:30:01,$ 3643.56,2
2904,09:30:01,$ 3643.56,1
2905,09:30:01,$ 3643.56,1
2906,09:30:01,$ 3643.56,1
2907,09:30:01,$ 3643.56,1
2908,09:30:01,$ 3643.56,1
2909,09:30:01,$ 3643.56,80
2910,09:30:01,$ 3643.56,2
2911,09:30:01,$ 3643.56,160
2912,09:30:01,$ 3643.56,27
2913,09:30:01,$ 3643.56,20
2914,09:30:01,$ 3643.56,19
2915,09:30:01,$ 3643.56,5
2916,09:30:01,$ 3643.56,6
2917,09:30:01,$ 3643.56,2
2918,09:30:01,$ 3643.56,9
2920,09:30:01,$ 3643.56,15
2921,09:30:01,$ 3643.56,4
2922,09:30:01,$ 3643.56,1
2923,09:30:01,$ 3643.56,1
2924,09:30:01,$ 3643.56,5
2925,09:30:01,$ 3643.56,6
2926,09:30:01,$ 3643.56,20
2927,09:30:01,$ 3643.56,1
2928,09:30:01,$ 3643.56,14
2929,09:30:01,$ 3643.56,13
2930,09:30:01,$ 3643.56,8
2931,09:30:01,$ 3643.56,5
2932,09:30:01,$ 3643.56,"2,422"
2933,09:30:01,$ 3643.56,370
2934,09:30:01,$ 3643.56,11
2935,09:30:01,$ 3643.56,5
2936,09:30:01,$ 3643.56,5
2937,09:30:01,$ 3643.56,2
2938,09:30:01,$ 3643.56,11
2939,09:30:01,$ 3643.56,17
2941,09:30:01,$ 3643.56,5
2942,09:30:01,$ 3643.56,1
2943,09:30:01,$ 3643.56,7
2944,09:30:01,$ 3643.56,1
2945,09:30:01,$ 3643.56,8
2946,09:30:01,$ 3643.56,14
2947,09:30:01,$ 3643.56,559
2948,09:30:01,$ 3643.56,7
2949,09:30:01,$ 3643.56,10
2950,09:30:01,$ 3643.56,3
2951,09:30:01,$ 3643.56,1
2952,09:30:01,$ 3643.56,4
2953,09:30:01,$ 3643.56,3
2954,09:30:01,$ 3643.56,11
2955,09:30:01,$ 3643.56,1
2956,09:30:01,$ 3643.56,3
2957,09:30:01,$ 3643.56,6
2958,09:30:01,$ 3643.56,5
2959,09:30:01,$ 3643.56,2
2960,09:30:01,$ 3643.56,16
2962,09:30:01,$ 3643.56,8
2963,09:30:01,$ 3643.56,1
2964,09:30:01,$ 3643.56,382
2965,09:30:01,$ 3643.56,14
2966,09:30:01,$ 3643.56,3
2967,09:30:01,$ 3643.56,1
2968,09:30:01,$ 3643.56,16
2969,09:30:01,$ 3643.56,19
2970,09:30:01,$ 3643.56,1
2971,09:30:01,$ 3643.56,1
2972,09:30:01,$ 3643.56,30
2973,09:30:01,$ 3643.56,4
2974,09:30:01,$ 3643.56,1
2975,09:30:01,$ 3643.56,1
2976,09:30:01,$ 3643.56,1
2977,09:30:01,$ 3643.56,10
2978,09:30:01,$ 3643.56,5
2979,09:30:01,$ 3643.56,15
2980,09:30:01,$ 3643.56,1
2981,09:30:01,$ 3643.56,2
2983,09:30:01,$ 3643.56,1
2984,09:30:01,$ 3643.56,1
2985,09:30:01,$ 3643.56,1
2986,09:30:01,$ 3643.56,2
2987,09:30:01,$ 3643.56,2
2988,09:30:01,$ 3643.56,1
2989,09:30:01,$ 3643.56,5
2990,09:30:01,$ 3643.56,1
2991,09:30:01,$ 3643.56,2
2992,09:30:01,$ 3643.56,3
2993,09:30:01,$ 3643.56,1
2994,09:30:01,$ 3643.56,10
2995,09:30:01,$ 3643.56,1
2996,09:30:01,$ 3643.56,1
2997,09:30:01,$ 3643.56,5
2998,09:30:01,$ 3643.56,1
2999,09:30:01,$ 3643.56,1
3000,09:30:01,$ 3643.56,1
3001,09:30:01,$ 3643.56,1
3002,09:30:01,$ 3643.56,1
3004,09:30:01,$ 3643.56,3
3005,09:30:01,$ 3643.56,1
3006,09:30:01,$ 3643.56,1
3007,09:30:01,$ 3643.56,8
3008,09:30:01,$ 3643.56,1
3009,09:30:01,$ 3643.56,1
3010,09:30:01,$ 3643.56,5
3011,09:30:01,$ 3643.56,1
3012,09:30:01,$ 3643.56,1
3013,09:30:01,$ 3643.56,2
3014,09:30:01,$ 3643.56,1
3015,09:30:01,$ 3643.56,2
3016,09:30:01,$ 3643.56,1
3017,09:30:01,$ 3643.56,1
3018,09:30:01,$ 3643.56,3
3019,09:30:01,$ 3643.56,5
3020,09:30:01,$ 3643.56,4
3021,09:30:01,$ 3643.56,2
3022,09:30:01,$ 3643.56,2
3023,09:30:01,$ 3643.56,2
3025,09:30:01,$ 3643.56,10
3026,09:30:01,$ 3643.56,15
3027,09:30:01,$ 3643.56,1
3028,09:30:01,$ 3643.56,1
3029,09:30:01,$ 3643.56,1
3030,09:30:01,$ 3643.56,1
3031,09:30:01,$ 3643.56,1
3032,09:30:01,$ 3643.56,1
3033,09:30:01,$ 3643.56,2
3034,09:30:01,$ 3643.56,15
3035,09:30:01,$ 3643.56,2
3036,09:30:01,$ 3643.56,50
3037,09:30:01,$ 3643.56,1
3038,09:30:01,$ 3643.56,3
3039,09:30:01,$ 3643.56,2
3040,09:30:01,$ 3643.56,1
3041,09:30:01,$ 3643.56,3
3042,09:30:01,$ 3643.56,2
3043,09:30:01,$ 3643.56,2
3044,09:30:01,$ 3643.56,1
3046,09:30:01,$ 3643.56,2
3047,09:30:01,$ 3643.56,12
3048,09:30:01,$ 3643.56,7
3049,09:30:01,$ 3643.56,2
3050,09:30:01,$ 3643.56,1
3051,09:30:01,$ 3643.56,1
3052,09:30:01,$ 3643.56,5
3053,09:30:01,$ 3643.56,2
3054,09:30:01,$ 3643.56,1
3055,09:30:01,$ 3643.56,1
3056,09:30:01,$ 3643.56,2
3057,09:30:01,$ 3643.56,2
3058,09:30:01,$ 3643.56,2
3059,09:30:01,$ 3643.56,2
3060,09:30:01,$ 3643.56,30
3061,09:30:01,$ 3643.56,1
3062,09:30:01,$ 3643.56,4
3063,09:30:01,$ 3643.56,3
3064,09:30:01,$ 3643.56,1
3065,09:30:01,$ 3643.56,1
3067,09:30:01,$ 3643.56,4
3068,09:30:01,$ 3643.56,1
3069,09:30:01,$ 3643.56,1
3070,09:30:01,$ 3643.56,1
3071,09:30:01,$ 3643.56,2
3072,09:30:01,$ 3643.56,3
3073,09:30:01,$ 3643.56,1
3074,09:30:01,$ 3643.56,3
3075,09:30:01,$ 3643.56,2
3076,09:30:01,$ 3643.56,1
3077,09:30:01,$ 3643.56,1
3078,09:30:01,$ 3643.56,2
3079,09:30:01,$ 3643.56,1
3080,09:30:01,$ 3643.56,1
3081,09:30:01,$ 3643.56,5
3082,09:30:01,$ 3643.56,6
3083,09:30:01,$ 3643.56,200
3084,09:30:01,$ 3643.56,100
3085,09:30:01,$ 3643.56,1
3086,09:30:01,$ 3643.56,7
3088,09:30:01,$ 3643.56,508
3089,09:30:01,$ 3643.56,7
3090,09:30:01,$ 3643.56,1
3091,09:30:01,$ 3643.56,15
3092,09:30:01,$ 3643.56,10
3093,09:30:01,$ 3643.56,2
3094,09:30:01,$ 3643.56,10
3095,09:30:01,$ 3643.56,203
3096,09:30:01,$ 3643.56,500
3097,09:30:01,$ 3643.56,200
3098,09:30:01,$ 3643.56,1
3099,09:30:01,$ 3643.56,"1,400"
3100,09:30:01,$ 3643.56,1
3101,09:30:01,$ 3643.56,507
3102,09:30:01,$ 3643.56,3
3103,09:30:01,$ 3643.56,2
3104,09:30:01,$ 3643.56,1
3105,09:30:01,$ 3643.56,8
3106,09:30:01,$ 3643.56,3
3107,09:30:01,$ 3643.56,14
3109,09:30:01,$ 3643.56,12
3110,09:30:01,$ 3643.56,13
3111,09:30:01,$ 3643.56,3
3112,09:30:01,$ 3643.56,2
3113,09:30:01,$ 3643.56,5
3114,09:30:01,$ 3643.56,2
3115,09:30:01,$ 3643.56,16
3116,09:30:01,$ 3643.56,6
3117,09:30:01,$ 3643.56,3
3118,09:30:01,$ 3643.56,8
3119,09:30:01,$ 3643.56,100
3120,09:30:01,$ 3643.56,1
3121,09:30:01,$ 3643.56,75
3122,09:30:01,$ 3643.56,1
3123,09:30:01,$ 3643.56,1
3124,09:30:01,$ 3643.56,1
3125,09:30:01,$ 3643.56,254
3126,09:30:01,$ 3643.56,6
3127,09:30:01,$ 3643.56,3
3128,09:30:01,$ 3643.56,90
3130,09:30:01,$ 3643.56,90
3131,09:30:01,$ 3643.56,58
3132,09:30:01,$ 3643.56,90
3133,09:30:01,$ 3643.56,82
3134,09:30:01,$ 3643.56,50
3135,09:30:01,$ 3643.56,28
3136,09:30:01,$ 3643.56,72
3137,09:30:01,$ 3643.56,10
3138,09:30:01,$ 3643.56,366
3139,09:30:01,$ 3643.56,100
3140,09:30:01,$ 3643.56,2
3141,09:30:01,$ 3643.56,"1,267"
3142,09:30:01,$ 3643.56,20
3143,09:30:01,$ 3643.56,176
3144,09:30:01,$ 3643.56,11
3145,09:30:01,$ 3643.56,1
3146,09:30:01,$ 3643.56,1
3147,09:30:01,$ 3643.56,2
3148,09:30:01,$ 3643.56,15
3149,09:30:01,$ 3643.56,507
3151,09:30:01,$ 3643.56,100
3152,09:30:01,$ 3643.56,235
3153,09:30:01,$ 3643.56,1
3154,09:30:01,$ 3643.56,177
3155,09:30:01,$ 3643.56,1
3156,09:30:01,$ 3643.56,11
3157,09:30:01,$ 3643.56,400
3158,09:30:01,$ 3643.56,1
3159,09:30:01,$ 3643.56,10
3160,09:30:01,$ 3643.56,100
3161,09:30:01,$ 3643.56,3
3162,09:30:01,$ 3643.56,1
3163,09:30:01,$ 3643.56,1
3164,09:30:01,$ 3643.56,1
3165,09:30:01,$ 3643.56,12
3166,09:30:01,$ 3643.56,3
3167,09:30:01,$ 3643.56,100
3168,09:30:01,$ 3643.56,1
3169,09:30:01,$ 3643.56,7
3170,09:30:01,$ 3643.56,1
3172,09:30:01,$ 3643.56,41
3173,09:30:01,$ 3643.56,25
3174,09:30:01,$ 3643.56,197
3175,09:30:01,$ 3643.56,250
3176,09:30:01,$ 3643.56,40
3177,09:30:01,$ 3643.56,10
3178,09:30:01,$ 3643.56,147
3179,09:30:01,$ 3643.56,74
3180,09:30:01,$ 3643.56,20
3181,09:30:01,$ 3643.56,20
3182,09:30:01,$ 3643.56,6
3183,09:30:01,$ 3643.56,5
3184,09:30:01,$ 3643.56,6
3185,09:30:01,$ 3643.56,11
3186,09:30:01,$ 3643.56,6
3187,09:30:01,$ 3643.56,10
3188,09:30:01,$ 3643.56,6
3189,09:30:01,$ 3643.56,2
3190,09:30:01,$ 3643.56,10
3191,09:30:01,$ 3643.56,37
3193,09:30:01,$ 3643.56,12
3194,09:30:01,$ 3643.56,5
3195,09:30:01,$ 3643.56,3
3196,09:30:01,$ 3643.56,14
3197,09:30:01,$ 3643.56,21
3198,09:30:01,$ 3643.56,5
3199,09:30:01,$ 3643.56,8
3200,09:30:01,$ 3643.56,120
3201,09:30:01,$ 3643.56,1
3202,09:30:01,$ 3643.56,672
3203,09:30:01,$ 3643.56,6
3204,09:30:01,$ 3643.56,3
3205,09:30:01,$ 3643.56,1
3206,09:30:01,$ 3643.56,12
3207,09:30:01,$ 3643.56,200
3208,09:30:01,$ 3643.56,2
3209,09:30:01,$ 3643.56,1
3210,09:30:01,$ 3643.56,1
3211,09:30:01,$ 3643.56,5
3212,09:30:01,$ 3643.56,100
3214,09:30:01,$ 3643.56,35
3215,09:30:01,$ 3643.56,100
3216,09:30:01,$ 3643.56,2
3217,09:30:01,$ 3643.56,545
3218,09:30:01,$ 3643.56,100
3219,09:30:01,$ 3643.56,11
3220,09:30:01,$ 3643.56,1
3221,09:30:01,$ 3643.56,1
3222,09:30:01,$ 3643.56,2
3223,09:30:01,$ 3643.56,2
3224,09:30:01,$ 3643.56,6
3225,09:30:01,$ 3643.56,100
3226,09:30:01,$ 3643.56,127
3227,09:30:01,$ 3643.56,3
3228,09:30:01,$ 3643.56,5
3229,09:30:01,$ 3643.56,30
3230,09:30:01,$ 3643.56,100
3231,09:30:01,$ 3643.56,10
3232,09:30:01,$ 3643.56,1
3233,09:30:01,$ 3643.56,1
3235,09:30:01,$ 3643.56,1
3236,09:30:01,$ 3643.56,4
3237,09:30:01,$ 3643.56,1
3238,09:30:01,$ 3643.56,1
3239,09:30:01,$ 3643.56,1
3240,09:30:01,$ 3643.56,17
3241,09:30:01,$ 3643.56,2
3242,09:30:01,$ 3643.56,5
3243,09:30:01,$ 3643.56,1
3244,09:30:01,$ 3643.56,1
3245,09:30:01,$ 3643.56,1
3246,09:30:01,$ 3643.56,1
3247,09:30:01,$ 3643.56,1
3248,09:30:01,$ 3643.56,10
3249,09:30:01,$ 3643.56,1
3250,09:30:01,$ 3643.56,1
3251,09:30:01,$ 3643.56,1
3252,09:30:01,$ 3643.56,2
3253,09:30:01,$ 3643.56,7
3254,09:30:01,$ 3643.56,12
3256,09:30:01,$ 3643.56,4
3257,09:30:01,$ 3643.56,2
3258,09:30:01,$ 3643.56,18
3259,09:30:01,$ 3643.56,2
3260,09:30:01,$ 3643.56,41
3261,09:30:01,$ 3643.56,8
3262,09:30:01,$ 3643.56,4
3263,09:30:01,$ 3643.56,17
3264,09:30:01,$ 3643.56,55
3265,09:30:01,$ 3643.56,2
3266,09:30:01,$ 3643.56,2
3267,09:30:01,$ 3643.56,1
3268,09:30:01,$ 3643.56,3
3269,09:30:01,$ 3643.56,1
3270,09:30:01,$ 3643.56,6
3271,09:30:01,$ 3643.56,1
3272,09:30:01,$ 3643.56,2
3273,09:30:01,$ 3643.56,3
3274,09:30:01,$ 3643.56,3
3275,09:30:01,$ 3643.56,1
3277,09:30:01,$ 3643.56,1
3278,09:30:01,$ 3643.56,1
3279,09:30:01,$ 3643.56,2
3280,09:30:01,$ 3643.56,100
3281,09:30:01,$ 3643.56,8
3282,09:30:01,$ 3643.56,1
3283,09:30:01,$ 3643.56,3
3284,09:30:01,$ 3643.56,1
3285,09:30:01,$ 3643.56,2
3286,09:30:01,$ 3643.56,5
3287,09:30:01,$ 3643.56,2
3288,09:30:01,$ 3643.56,1
3289,09:30:01,$ 3643.56,3
3290,09:30:01,$ 3643.56,1
3291,09:30:01,$ 3643.56,1
3292,09:30:01,$ 3643.56,2
3293,09:30:01,$ 3643.56,4
3294,09:30:01,$ 3643.56,3
3295,09:30:01,$ 3643.56,8
3296,09:30:01,$ 3643.56,1
3298,09:30:01,$ 3643.56,1
3299,09:30:01,$ 3643.56,28
3300,09:30:01,$ 3643.56,3
3301,09:30:01,$ 3643.56,3
3302,09:30:01,$ 3643.56,8
3303,09:30:01,$ 3643.56,4
3304,09:30:01,$ 3643.56,3
3305,09:30:01,$ 3643.56,14
3306,09:30:01,$ 3643.56,5
3307,09:30:01,$ 3643.56,19
3308,09:30:01,$ 3643.56,6
3309,09:30:01,$ 3643.56,5
3310,09:30:01,$ 3643.56,1
3311,09:30:01,$ 3643.56,1
3312,09:30:01,$ 3643.56,1
3313,09:30:01,$ 3643.56,3
3314,09:30:01,$ 3643.56,1
3315,09:30:01,$ 3643.56,2
3316,09:30:01,$ 3643.56,6
3317,09:30:01,$ 3643.56,52
3319,09:30:01,$ 3643.56,40
3320,09:30:01,$ 3643.56,1
3321,09:30:01,$ 3643.56,1
3322,09:30:01,$ 3643.56,3
3323,09:30:01,$ 3643.56,1
3324,09:30:01,$ 3643.56,1
3325,09:30:01,$ 3643.56,1
3326,09:30:01,$ 3643.56,2
3327,09:30:01,$ 3643.56,2
3328,09:30:01,$ 3643.56,2
3329,09:30:01,$ 3643.56,4
3330,09:30:01,$ 3643.56,5
3331,09:30:01,$ 3643.56,3
3332,09:30:01,$ 3643.56,1
3333,09:30:01,$ 3643.56,1
3334,09:30:01,$ 3643.56,1
3335,09:30:01,$ 3643.56,10
3336,09:30:01,$ 3643.56,1
3337,09:30:01,$ 3643.56,73
3338,09:30:01,$ 3643.56,2
3340,09:30:01,$ 3643.56,90
3341,09:30:01,$ 3643.56,1
3342,09:30:01,$ 3643.56,4
3343,09:30:01,$ 3643.56,1
3344,09:30:01,$ 3643.56,1
3345,09:30:01,$ 3643.56,1
3346,09:30:01,$ 3643.56,1
3347,09:30:01,$ 3643.56,1
3348,09:30:01,$ 3643.56,3
3349,09:30:01,$ 3643.56,1
3350,09:30:01,$ 3643.56,1
3351,09:30:01,$ 3643.56,1
3352,09:30:01,$ 3643.56,10
3353,09:30:01,$ 3643.56,8
3354,09:30:01,$ 3643.56,8
3355,09:30:01,$ 3643.56,85
3356,09:30:01,$ 3643.56,85
3357,09:30:01,$ 3643.56,3
3358,09:30:01,$ 3643.56,13
3359,09:30:01,$ 3643.56,6
3361,09:30:01,$ 3643.56,5
3362,09:30:01,$ 3643.56,15
3363,09:30:01,$ 3643.56,5
3364,09:30:01,$ 3643.56,1
3365,09:30:01,$ 3643.56,4
3366,09:30:01,$ 3643.56,10
3367,09:30:01,$ 3643.56,3
3368,09:30:01,$ 3643.56,20
3369,09:30:01,$ 3643.56,35
3370,09:30:01,$ 3643.56,744
3371,09:30:01,$ 3643.56,2
3372,09:30:01,$ 3643.56,2
3373,09:30:01,$ 3643.56,1
3374,09:30:01,$ 3643.56,2
3375,09:30:01,$ 3643.56,1
3376,09:30:01,$ 3643.56,1
3377,09:30:01,$ 3643.56,1
3378,09:30:01,$ 3643.56,1
3379,09:30:01,$ 3643.56,20
3380,09:30:01,$ 3643.56,14
3382,09:30:01,$ 3643.56,1
3383,09:30:01,$ 3643.56,4
3384,09:30:01,$ 3643.56,2
3385,09:30:01,$ 3643.56,1
3386,09:30:01,$ 3643.56,3
3387,09:30:01,$ 3643.56,1
3388,09:30:01,$ 3643.56,1
3389,09:30:01,$ 3643.56,1
3390,09:30:01,$ 3643.56,5
3391,09:30:01,$ 3643.56,1
3392,09:30:01,$ 3643.56,40
3393,09:30:01,$ 3643.56,6
3394,09:30:01,$ 3643.56,2
3395,09:30:01,$ 3643.56,1
3396,09:30:01,$ 3643.56,1
3397,09:30:01,$ 3643.56,1
3398,09:30:01,$ 3643.56,2
3399,09:30:01,$ 3643.56,1
3400,09:30:01,$ 3643.56,1
3401,09:30:01,$ 3643.56,1
3403,09:30:01,$ 3643.56,1
3404,09:30:01,$ 3643.56,1
3405,09:30:01,$ 3643.56,1
3406,09:30:01,$ 3643.56,3
3407,09:30:01,$ 3643.56,1
3408,09:30:01,$ 3643.56,1
3409,09:30:01,$ 3643.56,5
3410,09:30:01,$ 3643.56,3
3411,09:30:01,$ 3643.56,18
3412,09:30:01,$ 3643.56,1
3413,09:30:01,$ 3643.56,10
3414,09:30:01,$ 3643.56,7
3415,09:30:01,$ 3643.56,1
3416,09:30:01,$ 3643.56,1
3417,09:30:01,$ 3643.56,102
3418,09:30:01,$ 3643.56,5
3419,09:30:01,$ 3643.56,2
3420,09:30:01,$ 3643.56,3
3421,09:30:01,$ 3643.56,10
3422,09:30:01,$ 3643.56,4
3424,09:30:01,$ 3643.56,1
3425,09:30:01,$ 3643.56,3
3426,09:30:01,$ 3643.56,5
3427,09:30:01,$ 3643.56,1
3428,09:30:01,$ 3643.56,4
3429,09:30:01,$ 3643.56,3
3430,09:30:01,$ 3643.56,3
3431,09:30:01,$ 3643.56,5
3432,09:30:01,$ 3643.56,8
3433,09:30:01,$ 3643.56,14
3434,09:30:01,$ 3643.56,300
3435,09:30:01,$ 3643.56,27
3436,09:30:01,$ 3643.56,1
3437,09:30:01,$ 3643.56,2
3438,09:30:01,$ 3643.56,1
3439,09:30:01,$ 3643.56,1
3440,09:30:01,$ 3643.56,2
3441,09:30:01,$ 3643.56,1
3442,09:30:01,$ 3643.56,3
3443,09:30:01,$ 3643.56,3
3445,09:30:01,$ 3643.56,1
3446,09:30:01,$ 3643.56,1
3447,09:30:01,$ 3643.56,1
3448,09:30:01,$ 3643.56,10
3449,09:30:01,$ 3643.56,2
3450,09:30:01,$ 3643.56,1
3451,09:30:01,$ 3643.56,2
3452,09:30:01,$ 3643.56,1
3453,09:30:01,$ 3643.56,10
3454,09:30:01,$ 3643.56,1
3455,09:30:01,$ 3643.56,1
3456,09:30:01,$ 3643.56,247
3457,09:30:01,$ 3643.56,20
3458,09:30:01,$ 3643.56,1
3459,09:30:01,$ 3643.56,8
3460,09:30:01,$ 3643.56,3
3461,09:30:01,$ 3643.56,2
3462,09:30:01,$ 3643.56,61
3463,09:30:01,$ 3643.56,1
3464,09:30:01,$ 3643.56,3
3466,09:30:01,$ 3643.56,4
3467,09:30:01,$ 3643.56,50
3468,09:30:01,$ 3643.56,3
3469,09:30:01,$ 3643.56,1
3470,09:30:01,$ 3643.56,10
3471,09:30:01,$ 3643.56,1
3472,09:30:01,$ 3643.56,1
3473,09:30:01,$ 3643.56,1
3474,09:30:01,$ 3643.56,5
3475,09:30:01,$ 3643.56,1
3476,09:30:01,$ 3643.56,50
3477,09:30:01,$ 3643.56,2
3478,09:30:01,$ 3643.56,3
3479,09:30:01,$ 3643.56,501
3480,09:30:01,$ 3643.56,5
3481,09:30:01,$ 3643.56,3
3482,09:30:01,$ 3643.56,274
3483,09:30:01,$ 3643.56,3
3484,09:30:01,$ 3643.56,1
3485,09:30:01,$ 3643.56,3
3487,09:30:01,$ 3643.56,1
3488,09:30:01,$ 3643.56,1
3489,09:30:01,$ 3643.56,22
3490,09:30:01,$ 3643.56,1
3491,09:30:01,$ 3643.56,20
3492,09:30:01,$ 3643.56,27
3493,09:30:01,$ 3643.56,1
3494,09:30:01,$ 3643.56,1
3495,09:30:01,$ 3643.56,2
3496,09:30:01,$ 3643.56,3
3497,09:30:01,$ 3643.56,8
3498,09:30:01,$ 3643.56,1
3499,09:30:01,$ 3643.56,3
3500,09:30:01,$ 3643.56,2
3501,09:30:01,$ 3643.56,97
3502,09:30:01,$ 3643.56,1
3503,09:30:01,$ 3643.56,1
3504,09:30:01,$ 3643.56,4
3505,09:30:01,$ 3643.56,5
3506,09:30:01,$ 3643.56,1
3508,09:30:01,$ 3643.56,1
3509,09:30:01,$ 3643.56,1
3510,09:30:01,$ 3643.56,1
3511,09:30:01,$ 3643.56,2
3512,09:30:01,$ 3643.56,1
3513,09:30:01,$ 3643.56,2
3514,09:30:01,$ 3643.56,1
3515,09:30:01,$ 3643.56,1
3516,09:30:01,$ 3643.56,1
3517,09:30:01,$ 3643.56,3
3518,09:30:01,$ 3643.56,1
3519,09:30:01,$ 3643.56,3
3520,09:30:01,$ 3643.56,3
3521,09:30:01,$ 3643.56,12
3522,09:30:01,$ 3643.56,4
3523,09:30:01,$ 3643.56,1
3524,09:30:01,$ 3643.56,6
3525,09:30:01,$ 3643.56,5
3526,09:30:01,$ 3643.56,2
3527,09:30:01,$ 3643.56,4
3529,09:30:01,$ 3643.56,1
3530,09:30:01,$ 3643.56,1
3531,09:30:01,$ 3643.56,1
3532,09:30:01,$ 3643.56,2
3533,09:30:01,$ 3643.56,1
3534,09:30:01,$ 3643.56,2
3535,09:30:01,$ 3643.56,1
3536,09:30:01,$ 3643.56,1
3537,09:30:01,$ 3643.56,1
3538,09:30:01,$ 3643.56,3
3539,09:30:01,$ 3643.56,1
3540,09:30:01,$ 3643.56,3
3541,09:30:01,$ 3643.56,3
3542,09:30:01,$ 3643.56,12
3543,09:30:01,$ 3643.56,4
3544,09:30:01,$ 3643.56,1
3545,09:30:01,$ 3643.56,6
3546,09:30:01,$ 3643.56,5
3547,09:30:01,$ 3643.56,2
3548,09:30:01,$ 3643.56,4
3550,09:30:02,$ 3717.29,1
3551,09:30:02,$ 3717.29,5
3552,09:30:02,$ 3717.29,2
3553,09:30:02,$ 3717.29,50
3554,09:30:02,$ 3717.29,3
3555,09:30:02,$ 3717.29,13
3556,09:30:02,$ 3717.29,4
3557,09:30:02,$ 3717.29,6
3558,09:30:02,$ 3717.29,2
3559,09:30:02,$ 3717.29,110
3560,09:30:02,$ 3717.29,1
3561,09:30:02,$ 3717.29,5
3562,09:30:02,$ 3717.29,7
3563,09:30:02,$ 3717.29,2
3564,09:30:02,$ 3717.29,28
3565,09:30:02,$ 3717.29,1
3566,09:30:02,$ 3717.29,4
3567,09:30:02,$ 3717.29,1
3568,09:30:02,$ 3717.29,1
3569,09:30:02,$ 3717.29,3
3571,09:30:02,$ 3717.29,2
3572,09:30:02,$ 3717.29,1
3573,09:30:02,$ 3717.29,2
3574,09:30:02,$ 3717.29,1
3575,09:30:02,$ 3717.29,4
3576,09:30:02,$ 3717.29,1
3577,09:30:02,$ 3717.29,10
3578,09:30:02,$ 3717.29,30
3579,09:30:02,$ 3717.29,2
3580,09:30:02,$ 3717.29,10
3581,09:30:02,$ 3717.29,5
3582,09:30:02,$ 3717.29,30
3583,09:30:02,$ 3717.29,1
3584,09:30:02,$ 3717.29,2
3585,09:30:02,$ 3717.29,1
3586,09:30:02,$ 3717.29,2
3587,09:30:02,$ 3717.29,1
3588,09:30:02,$ 3717.29,15
3589,09:30:02,$ 3717.29,1
3590,09:30:02,$ 3717.29,2
3592,09:30:02,$ 3717.29,16
3593,09:30:02,$ 3717.29,1
3594,09:30:02,$ 3717.29,3
3595,09:30:02,$ 3717.29,71
3596,09:30:02,$ 3717.29,10
3597,09:30:02,$ 3717.29,100
3598,09:30:02,$ 3717.29,2
3599,09:30:02,$ 3717.29,400
3600,09:30:02,$ 3717.29,3
3601,09:30:02,$ 3717.29,10
3602,09:30:02,$ 3717.29,73
3603,09:30:02,$ 3717.29,25
3604,09:30:02,$ 3717.29,7
3605,09:30:02,$ 3717.29,2
3606,09:30:02,$ 3717.29,1
3607,09:30:02,$ 3717.29,2
3608,09:30:02,$ 3717.29,1
3609,09:30:02,$ 3717.29,2
3610,09:30:02,$ 3717.29,2
3611,09:30:02,$ 3717.29,1
3613,09:30:02,$ 3717.29,2
3614,09:30:02,$ 3717.29,3
3615,09:30:02,$ 3717.29,2
3616,09:30:02,$ 3717.29,1
3617,09:30:02,$ 3717.29,1
3618,09:30:02,$ 3717.29,4
3619,09:30:02,$ 3717.29,6
3620,09:30:02,$ 3717.29,1
3621,09:30:02,$ 3717.29,3
3622,09:30:02,$ 3717.29,3
3623,09:30:02,$ 3717.29,1
3624,09:30:02,$ 3717.29,2
3625,09:30:02,$ 3717.29,6
3626,09:30:02,$ 3717.29,2
3627,09:30:02,$ 3717.29,4
3628,09:30:02,$ 3717.29,2
3629,09:30:02,$ 3717.29,2
3630,09:30:02,$ 3717.29,3
3631,09:30:02,$ 3717.29,2
3632,09:30:02,$ 3717.29,1
3634,09:30:02,$ 3717.29,1
3635,09:30:02,$ 3717.29,2
3636,09:30:02,$ 3717.29,8
3637,09:30:02,$ 3717.29,2
3638,09:30:02,$ 3717.29,5
3639,09:30:02,$ 3717.29,2
3640,09:30:02,$ 3717.29,1
3641,09:30:02,$ 3717.29,4
3642,09:30:02,$ 3717.29,3
3643,09:30:02,$ 3717.29,5
3644,09:30:02,$ 3717.29,2
3645,09:30:02,$ 3717.29,2
3646,09:30:02,$ 3717.29,1
3647,09:30:02,$ 3717.29,6
3648,09:30:02,$ 3717.29,3
3649,09:30:02,$ 3717.29,5
3650,09:30:02,$ 3717.29,32
3651,09:30:02,$ 3717.29,1
3652,09:30:02,$ 3717.29,2
3653,09:30:02,$ 3717.29,3
3655,09:30:02,$ 3717.29,1
3656,09:30:02,$ 3717.29,3
3657,09:30:02,$ 3717.29,14
3658,09:30:02,$ 3717.29,2
3659,09:30:02,$ 3717.29,1
3660,09:30:02,$ 3717.29,3
3661,09:30:02,$ 3717.29,5
3662,09:30:02,$ 3717.29,3
3663,09:30:02,$ 3717.29,1
3664,09:30:02,$ 3717.29,1
3665,09:30:02,$ 3717.29,1
3666,09:30:02,$ 3717.29,2
3667,09:30:02,$ 3717.29,2
3668,09:30:02,$ 3717.29,2
3669,09:30:02,$ 3717.29,12
3670,09:30:02,$ 3717.29,2
3671,09:30:02,$ 3717.29,30
3672,09:30:02,$ 3717.29,3
3673,09:30:02,$ 3717.29,5
3674,09:30:02,$ 3717.29,1
3676,09:30:01,$ 3643.56,5
3677,09:30:01,$ 3643.56,10
3678,09:30:01,$ 3643.56,1
3679,09:30:01,$ 3643.56,1
3680,09:30:01,$ 3643.56,2
3681,09:30:01,$ 3643.56,5
3682,09:30:01,$ 3643.56,80
3683,09:30:01,$ 3643.56,4
3684,09:30:01,$ 3643.56,10
3685,09:30:01,$ 3643.56,1
3686,09:30:01,$ 3643.56,13
3687,09:30:01,$ 3643.56,1
3688,09:30:01,$ 3643.56,1
3689,09:30:01,$ 3643.56,2
3690,09:30:01,$ 3643.56,1
3691,09:30:01,$ 3643.56,10
3692,09:30:01,$ 3643.56,40
3693,09:30:01,$ 3643.56,10
3694,09:30:01,$ 3643.56,6
3695,09:30:01,$ 3643.56,7
3697,09:30:01,$ 3643.56,30
3698,09:30:01,$ 3643.56,125
3699,09:30:01,$ 3643.56,3
3700,09:30:01,$ 3643.56,5
3701,09:30:01,$ 3643.56,1
3702,09:30:01,$ 3643.56,10
3703,09:30:01,$ 3643.56,3
3704,09:30:01,$ 3643.56,1
3705,09:30:01,$ 3643.56,3
3706,09:30:01,$ 3643.56,3
3707,09:30:01,$ 3643.56,2
3708,09:30:01,$ 3643.56,10
3709,09:30:01,$ 3643.56,1
3710,09:30:01,$ 3643.56,2
3711,09:30:01,$ 3643.56,1
3712,09:30:01,$ 3643.56,1
3713,09:30:01,$ 3643.56,1
3714,09:30:01,$ 3643.56,1
3715,09:30:01,$ 3643.56,5
3716,09:30:01,$ 3643.56,1
3718,09:30:01,$ 3643.56,5
3719,09:30:01,$ 3643.56,2
3720,09:30:01,$ 3643.56,3
3721,09:30:01,$ 3643.56,4
3722,09:30:01,$ 3643.56,50
3723,09:30:01,$ 3643.56,3
3724,09:30:01,$ 3643.56,1
3725,09:30:01,$ 3643.56,2
3726,09:30:01,$ 3643.56,2
3727,09:30:01,$ 3643.56,1
3728,09:30:01,$ 3643.56,44
3729,09:30:01,$ 3643.56,43
3730,09:30:01,$ 3643.56,44
3731,09:30:01,$ 3643.56,1
3732,09:30:01,$ 3643.56,6
3733,09:30:01,$ 3643.56,1
3734,09:30:01,$ 3643.56,1
3735,09:30:01,$ 3643.56,1
3736,09:30:01,$ 3643.56,5
3737,09:30:01,$ 3643.56,4
3739,09:30:01,$ 3643.56,4
3740,09:30:01,$ 3643.56,18
3741,09:30:01,$ 3643.56,10
3742,09:30:01,$ 3643.56,10
3743,09:30:01,$ 3643.56,10
3744,09:30:01,$ 3643.56,10
3745,09:30:01,$ 3643.56,6
3746,09:30:01,$ 3643.56,1
3747,09:30:01,$ 3643.56,2
3748,09:30:01,$ 3643.56,1
3749,09:30:01,$ 3643.56,1
3750,09:30:01,$ 3643.56,3
3751,09:30:01,$ 3643.56,2
3752,09:30:01,$ 3643.56,27
3753,09:30:01,$ 3643.56,4
3754,09:30:01,$ 3643.56,13
3755,09:30:01,$ 3643.56,3
3756,09:30:01,$ 3643.56,10
3757,09:30:01,$ 3643.56,28
3758,09:30:01,$ 3643.56,1
3760,09:30:01,$ 3643.56,1
3761,09:30:01,$ 3643.56,87
3762,09:30:01,$ 3643.56,88
3763,09:30:01,$ 3643.56,1
3764,09:30:01,$ 3643.56,87
3765,09:30:01,$ 3643.56,88
3766,09:30:01,$ 3643.56,87
3767,09:30:01,$ 3643.56,87
3768,09:30:01,$ 3643.56,3
3769,09:30:01,$ 3643.56,88
3770,09:30:01,$ 3643.56,87
3771,09:30:01,$ 3643.56,88
3772,09:30:01,$ 3643.56,1
3773,09:30:01,$ 3643.56,1
3774,09:30:01,$ 3643.56,1
3775,09:30:01,$ 3643.56,87
3776,09:30:01,$ 3643.56,1
3777,09:30:01,$ 3643.56,88
3778,09:30:01,$ 3643.56,87
3779,09:30:01,$ 3643.56,88
3781,09:30:01,$ 3643.56,87
3782,09:30:01,$ 3643.56,88
3783,09:30:01,$ 3643.56,43
3784,09:30:01,$ 3643.56,44
3785,09:30:01,$ 3643.56,44
3786,09:30:01,$ 3643.56,44
3787,09:30:01,$ 3643.56,43
3788,09:30:01,$ 3643.56,44
3789,09:30:01,$ 3643.56,2
3790,09:30:01,$ 3643.56,44
3791,09:30:01,$ 3643.56,88
3792,09:30:01,$ 3643.56,1
3793,09:30:01,$ 3643.56,1
3794,09:30:01,$ 3643.56,10
3795,09:30:01,$ 3643.56,4
3796,09:30:01,$ 3643.56,87
3797,09:30:01,$ 3643.56,2
3798,09:30:01,$ 3643.56,88
3799,09:30:01,$ 3643.56,87
3800,09:30:01,$ 3643.56,2
3802,09:30:01,$ 3643.56,88
3803,09:30:01,$ 3643.56,3
3804,09:30:01,$ 3643.56,6
3805,09:30:01,$ 3643.56,5
3806,09:30:01,$ 3643.56,12
3807,09:30:01,$ 3643.56,30
3808,09:30:01,$ 3643.56,10
3809,09:30:01,$ 3643.56,20
3810,09:30:01,$ 3643.56,1
3811,09:30:01,$ 3643.56,5
3812,09:30:01,$ 3643.56,1
3813,09:30:01,$ 3643.56,1
3814,09:30:01,$ 3643.56,25
3815,09:30:01,$ 3643.56,3
3816,09:30:01,$ 3643.56,1
3817,09:30:01,$ 3643.56,1
3818,09:30:01,$ 3643.56,5
3819,09:30:01,$ 3643.56,1
3820,09:30:01,$ 3643.56,88
3821,09:30:01,$ 3643.56,87
3823,09:30:01,$ 3643.56,2
3824,09:30:01,$ 3643.56,8
3825,09:30:01,$ 3643.56,2
3826,09:30:01,$ 3643.56,1
3827,09:30:01,$ 3643.56,4
3828,09:30:01,$ 3643.56,2
3829,09:30:01,$ 3643.56,6
3830,09:30:01,$ 3643.56,150
3831,09:30:01,$ 3643.56,2
3832,09:30:01,$ 3643.56,2
3833,09:30:01,$ 3643.56,10
3834,09:30:01,$ 3643.56,1
3835,09:30:01,$ 3643.56,1
3836,09:30:01,$ 3643.56,20
3837,09:30:01,$ 3643.56,3
3838,09:30:01,$ 3643.56,15
3839,09:30:01,$ 3643.56,500
3840,09:30:01,$ 3643.56,1
3841,09:30:01,$ 3643.56,2
3842,09:30:01,$ 3643.56,7
3844,09:30:01,$ 3643.56,1
3845,09:30:01,$ 3643.56,1
3846,09:30:01,$ 3643.56,1
3847,09:30:01,$ 3643.56,3
3848,09:30:01,$ 3643.56,2
3849,09:30:01,$ 3643.56,3
3850,09:30:01,$ 3643.56,12
3851,09:30:01,$ 3643.56,50
3852,09:30:01,$ 3643.56,8
3853,09:30:01,$ 3643.56,3
3854,09:30:01,$ 3643.56,1
3855,09:30:01,$ 3643.56,1
3856,09:30:01,$ 3643.56,7
3857,09:30:01,$ 3643.56,7
3858,09:30:01,$ 3643.56,45
3859,09:30:01,$ 3643.56,17
3860,09:30:01,$ 3643.56,30
3861,09:30:01,$ 3643.56,8
3862,09:30:01,$ 3643.56,8
3863,09:30:01,$ 3643.56,5
3865,09:30:01,$ 3643.56,1
3866,09:30:01,$ 3643.56,100
3867,09:30:01,$ 3643.56,6
3868,09:30:01,$ 3643.56,5
3869,09:30:01,$ 3643.56,5
3870,09:30:01,$ 3643.56,1
3871,09:30:01,$ 3643.56,25
3872,09:30:01,$ 3643.56,3
3873,09:30:01,$ 3643.56,1
3874,09:30:01,$ 3643.56,2
3875,09:30:01,$ 3643.56,2
3876,09:30:01,$ 3643.56,2
3877,09:30:01,$ 3643.56,1
3878,09:30:01,$ 3643.56,1
3879,09:30:01,$ 3643.56,1
3880,09:30:01,$ 3643.56,1
3881,09:30:01,$ 3643.56,1
3882,09:30:01,$ 3643.56,100
3883,09:30:01,$ 3643.56,1
3884,09:30:01,$ 3643.56,5
3886,09:30:01,$ 3643.56,2
3887,09:30:01,$ 3643.56,3
3888,09:30:01,$ 3643.56,1
3889,09:30:01,$ 3643.56,10
3890,09:30:01,$ 3643.56,2
3891,09:30:01,$ 3643.56,3
3892,09:30:01,$ 3643.56,2
3893,09:30:01,$ 3643.56,1
3894,09:30:01,$ 3643.56,1
3895,09:30:01,$ 3643.56,1
3896,09:30:01,$ 3643.56,1
