,NLS Time (ET),NLS Price,NLS Share Volume
1,09:59:54,$ 3429.8166,100
2,09:59:53,$ 3430.13,400
3,09:59:43,$ 3429.915,"1,000"
4,09:59:40,$ 3429.8923,400
5,09:59:37,$ 3429.54,100
6,09:59:27,$ 3430.36,115
7,09:59:20,$ 3431.485,100
8,09:59:20,$ 3431.565,100
9,09:59:20,$ 3431.45,100
10,09:59:19,$ 3431.20,"2,498"
11,09:59:19,$ 3431.15,100
12,09:59:19,$ 3429.20,100
13,09:59:19,$ 3429.68,100
14,09:59:19,$ 3431.20,100
15,09:59:19,$ 3430.01,100
16,09:59:19,$ 3429.20,100
17,09:59:19,$ 3428.98,100
18,09:59:19,$ 3427.63,100
19,09:59:15,$ 3427.875,100
20,09:59:13,$ 3427.55,847
22,09:59:03,$ 3426.842,861
23,09:59:02,$ 3427.24,200
24,09:59:02,$ 3427.32,100
25,09:59:01,$ 3427.5488,291
26,09:59:01,$ 3427.54,100
27,09:58:53,$ 3427.40,145
28,09:58:50,$ 3427.38,100
29,09:58:50,$ 3427.16,100
30,09:58:49,$ 3426.42,100
31,09:58:48,$ 3426.175,500
32,09:58:47,$ 3425.765,100
33,09:58:47,$ 3426.89,100
34,09:58:47,$ 3426.24,100
35,09:58:44,$ 3426.25,100
36,09:58:41,$ 3426.625,100
37,09:58:39,$ 3426.205,150
38,09:58:37,$ 3426.38,100
39,09:58:37,$ 3427.60,400
40,09:58:36,$ 3427.61,100
41,09:58:30,$ 3428.15,100
43,09:58:30,$ 3427.68,100
44,09:58:27,$ 3427.68,100
45,09:58:26,$ 3428.1787,100
46,09:58:23,$ 3428.06,150
47,09:58:22,$ 3427.63,100
48,09:58:22,$ 3427.60,143
49,09:58:22,$ 3427.61,100
50,09:58:16,$ 3429.31,100
51,09:58:16,$ 3429.00,100
52,09:58:09,$ 3430.40,510
53,09:58:07,$ 3429.99,100
54,09:58:07,$ 3429.93,100
55,09:58:06,$ 3430.45,100
56,09:58:06,$ 3430.44,850
57,09:58:05,$ 3430.435,100
58,09:58:04,$ 3429.93,153
59,09:57:56,$ 3430.00,100
60,09:57:56,$ 3430.00,100
61,09:57:56,$ 3430.00,100
62,09:57:56,$ 3430.1926,250
64,09:57:54,$ 3431.08,132
65,09:57:52,$ 3431.29,100
66,09:57:52,$ 3432.77,100
67,09:57:43,$ 3433.775,100
68,09:57:24,$ 3434.02,100
69,09:57:24,$ 3434.00,100
70,09:57:22,$ 3434.94,100
71,09:57:19,$ 3434.8671,200
72,09:57:18,$ 3436.32,100
73,09:57:18,$ 3435.2267,300
74,09:57:10,$ 3434.5092,293
75,09:57:06,$ 3434.0001,100
76,09:57:06,$ 3434.00,100
77,09:57:03,$ 3434.14,100
78,09:57:01,$ 3434.39,100
79,09:56:58,$ 3435.05,100
80,09:56:58,$ 3435.28,100
81,09:56:48,$ 3436.59,100
82,09:56:48,$ 3436.59,100
83,09:56:48,$ 3436.59,100
85,09:56:48,$ 3436.172,500
86,09:56:46,$ 3436.12,100
87,09:56:38,$ 3437.746,100
88,09:56:36,$ 3437.58,100
89,09:56:36,$ 3437.59,100
90,09:56:36,$ 3437.59,100
91,09:56:36,$ 3437.60,100
92,09:56:24,$ 3437.8209,100
93,09:56:06,$ 3437.7123,200
94,09:56:04,$ 3437.10,100
95,09:56:04,$ 3437.67,192
96,09:56:04,$ 3437.67,100
97,09:56:04,$ 3437.67,100
98,09:56:02,$ 3436.51,200
99,09:55:59,$ 3437.095,100
100,09:55:56,$ 3437.0302,115
101,09:55:54,$ 3437.245,100
102,09:55:53,$ 3437.445,100
103,09:55:53,$ 3437.94,100
104,09:55:51,$ 3437.57,100
106,09:55:48,$ 3438.00,100
107,09:55:48,$ 3438.02,100
108,09:55:45,$ 3438.14,100
109,09:55:45,$ 3438.21,100
110,09:55:40,$ 3439.564,500
111,09:55:29,$ 3439.9408,120
112,09:55:23,$ 3439.60,100
113,09:55:22,$ 3440.14,100
114,09:55:19,$ 3440.14,100
115,09:55:19,$ 3440.14,100
116,09:55:19,$ 3440.23,100
117,09:55:17,$ 3440.33,100
118,09:55:14,$ 3440.185,100
119,09:55:10,$ 3440.18,100
120,09:55:02,$ 3441.53,100
121,09:55:02,$ 3441.67,100
122,09:55:01,$ 3441.69,100
123,09:55:01,$ 3441.69,100
124,09:55:00,$ 3441.80,100
125,09:54:57,$ 3441.75,200
127,09:54:57,$ 3442.00,100
128,09:54:55,$ 3441.785,100
129,09:54:44,$ 3441.75,100
130,09:54:25,$ 3441.74,100
131,09:54:21,$ 3441.725,100
132,09:54:18,$ 3441.69,100
133,09:54:18,$ 3441.755,100
134,09:54:16,$ 3442.16,500
135,09:54:13,$ 3441.66,100
136,09:54:12,$ 3441.60,200
137,09:54:12,$ 3441.60,100
138,09:54:08,$ 3441.68,100
139,09:54:01,$ 3443.31,100
140,09:54:01,$ 3443.33,100
141,09:53:40,$ 3444.14,100
142,09:53:32,$ 3444.61,"1,000"
143,09:53:11,$ 3443.675,100
144,09:53:02,$ 3444.065,200
145,09:53:02,$ 3444.065,700
146,09:53:02,$ 3443.59,100
148,09:53:01,$ 3444.71,100
149,09:52:59,$ 3444.29,100
150,09:52:56,$ 3443.81,100
151,09:52:50,$ 3443.5601,100
152,09:52:20,$ 3442.28,"1,000"
153,09:52:19,$ 3443.085,100
154,09:52:09,$ 3443.09,100
155,09:52:09,$ 3443.16,100
156,09:51:51,$ 3442.25,100
157,09:51:48,$ 3441.61,300
158,09:51:39,$ 3441.63,150
159,09:51:34,$ 3441.99,100
160,09:51:33,$ 3441.95,100
161,09:51:32,$ 3441.85,100
162,09:51:30,$ 3441.72,100
163,09:51:28,$ 3442.17,100
164,09:51:22,$ 3442.50,100
165,09:51:22,$ 3442.65,100
166,09:51:17,$ 3443.00,100
167,09:51:10,$ 3443.43,100
169,09:51:10,$ 3444.37,100
170,09:51:04,$ 3444.3048,150
171,09:51:01,$ 3443.00,100
172,09:51:00,$ 3443.995,500
173,09:50:58,$ 3444.00,100
174,09:50:54,$ 3444.00,100
175,09:50:52,$ 3444.44,100
176,09:50:51,$ 3445.49,100
177,09:50:48,$ 3444.31,100
178,09:50:47,$ 3445.49,100
179,09:50:45,$ 3444.565,100
180,09:50:40,$ 3444.40,100
181,09:50:33,$ 3445.205,100
182,09:50:33,$ 3445.58,100
183,09:50:28,$ 3444.90,100
184,09:50:28,$ 3444.90,100
185,09:50:18,$ 3445.59,100
186,09:50:12,$ 3446.88,100
187,09:50:09,$ 3445.5701,333
188,09:50:07,$ 3446.055,100
190,09:50:07,$ 3447.2799,500
191,09:50:07,$ 3446.19,100
192,09:49:56,$ 3444.84,"1,000"
193,09:49:52,$ 3443.679,100
194,09:49:42,$ 3442.67,100
195,09:49:41,$ 3442.97,500
196,09:49:34,$ 3442.62,100
197,09:49:27,$ 3443.34,100
198,09:49:12,$ 3445.00,100
199,09:49:12,$ 3444.74,100
200,09:49:12,$ 3444.84,177
201,09:49:12,$ 3444.84,121
202,09:49:10,$ 3444.00,100
203,09:49:01,$ 3443.13,100
204,09:48:54,$ 3445.36,199
205,09:48:52,$ 3444.75,125
206,09:48:51,$ 3443.6888,100
207,09:48:46,$ 3443.1675,100
208,09:48:43,$ 3443.335,100
209,09:48:41,$ 3445.01,100
211,09:48:41,$ 3445.00,100
212,09:48:40,$ 3445.315,100
213,09:48:39,$ 3445.00,100
214,09:48:32,$ 3445.16,"1,000"
215,09:48:31,$ 3445.01,100
216,09:48:28,$ 3445.79,100
217,09:48:26,$ 3446.50,200
218,09:48:26,$ 3447.02,100
219,09:48:25,$ 3447.015,100
220,09:48:06,$ 3447.5414,281
221,09:48:05,$ 3447.1793,200
222,09:48:05,$ 3447.73,100
223,09:47:59,$ 3447.50,100
224,09:47:57,$ 3447.6162,200
225,09:47:53,$ 3448.76,100
226,09:47:46,$ 3448.855,100
227,09:47:43,$ 3448.8495,100
228,09:47:26,$ 3449.56,100
229,09:47:21,$ 3449.2292,100
230,09:46:54,$ 3448.6586,500
232,09:46:52,$ 3448.67,100
233,09:46:44,$ 3448.14,100
234,09:46:39,$ 3448.00,136
235,09:46:37,$ 3448.29,100
236,09:46:34,$ 3447.8209,100
237,09:46:30,$ 3447.396,150
238,09:46:30,$ 3447.11,100
239,09:46:23,$ 3446.90,100
240,09:46:23,$ 3446.87,100
241,09:46:23,$ 3446.86,100
242,09:46:20,$ 3446.92,100
243,09:46:16,$ 3446.96,100
244,09:46:13,$ 3446.0001,120
245,09:46:06,$ 3445.16,244
246,09:46:06,$ 3445.15,100
247,09:46:02,$ 3445.48,120
248,09:46:02,$ 3442.88,100
249,09:46:02,$ 3442.88,100
250,09:46:02,$ 3442.88,100
251,09:46:01,$ 3445.045,100
253,09:46:01,$ 3444.60,100
254,09:46:01,$ 3444.59,340
255,09:46:01,$ 3444.60,100
256,09:46:01,$ 3444.77,100
257,09:45:59,$ 3444.725,115
258,09:45:51,$ 3442.945,100
259,09:45:35,$ 3443.06,100
260,09:45:32,$ 3443.54,100
261,09:45:31,$ 3444.44,100
262,09:45:30,$ 3443.99,100
263,09:45:28,$ 3443.93,100
264,09:45:24,$ 3442.99,100
265,09:45:21,$ 3441.9843,100
266,09:45:21,$ 3442.8558,250
267,09:45:19,$ 3442.98,100
268,09:45:15,$ 3441.52,100
269,09:45:15,$ 3440.27,100
270,09:45:14,$ 3440.37,100
271,09:45:13,$ 3440.22,100
272,09:45:07,$ 3441.74,100
274,09:45:06,$ 3439.11,100
275,09:45:05,$ 3439.11,100
276,09:45:04,$ 3439.30,100
277,09:45:04,$ 3439.26,100
278,09:45:04,$ 3440.02,100
279,09:45:04,$ 3440.33,100
280,09:45:03,$ 3442.4799,500
281,09:45:01,$ 3440.40,246
282,09:45:01,$ 3440.40,100
283,09:45:01,$ 3440.40,359
284,09:44:59,$ 3440.60,300
285,09:44:53,$ 3442.06,100
286,09:44:53,$ 3442.05,100
287,09:44:49,$ 3442.61,100
288,09:44:47,$ 3443.50,100
289,09:44:47,$ 3443.41,100
290,09:44:43,$ 3443.06,100
291,09:44:43,$ 3443.13,100
292,09:44:43,$ 3443.75,100
293,09:44:43,$ 3443.09,100
295,09:44:43,$ 3443.87,100
296,09:44:34,$ 3444.24,100
297,09:44:33,$ 3442.97,100
298,09:44:32,$ 3443.256,300
299,09:44:29,$ 3443.55,100
300,09:44:27,$ 3444.39,100
301,09:44:16,$ 3444.46,100
302,09:44:16,$ 3444.46,150
303,09:44:16,$ 3444.46,100
304,09:44:16,$ 3444.22,100
305,09:44:16,$ 3444.45,100
306,09:44:15,$ 3443.655,200
307,09:44:13,$ 3442.67,100
308,09:44:13,$ 3443.65,300
309,09:44:13,$ 3444.4596,100
310,09:44:12,$ 3443.39,100
311,09:44:11,$ 3443.63,100
312,09:44:07,$ 3443.32,100
313,09:44:07,$ 3442.97,100
314,09:44:02,$ 3443.985,200
316,09:44:01,$ 3445.47,501
317,09:44:00,$ 3445.4699,100
318,09:43:57,$ 3444.4507,100
319,09:43:56,$ 3446.00,100
320,09:43:53,$ 3446.63,100
321,09:43:53,$ 3446.01,100
322,09:43:52,$ 3446.09,100
323,09:43:52,$ 3446.34,100
324,09:43:51,$ 3446.65,100
325,09:43:50,$ 3446.94,100
326,09:43:50,$ 3446.94,100
327,09:43:50,$ 3446.83,100
328,09:43:50,$ 3446.94,250
329,09:43:46,$ 3447.005,100
330,09:43:45,$ 3448.215,500
331,09:43:41,$ 3447.62,100
332,09:43:41,$ 3447.59,100
333,09:43:38,$ 3448.54,100
334,09:43:37,$ 3448.68,100
335,09:43:37,$ 3448.67,100
337,09:43:37,$ 3448.12,100
338,09:43:35,$ 3447.79,100
339,09:43:34,$ 3447.59,100
340,09:43:30,$ 3448.65,100
341,09:43:25,$ 3448.295,100
342,09:43:24,$ 3447.93,137
343,09:43:24,$ 3447.93,100
344,09:43:22,$ 3447.81,100
345,09:43:22,$ 3447.41,100
346,09:43:22,$ 3447.585,100
347,09:43:22,$ 3447.55,100
348,09:43:21,$ 3448.77,100
349,09:43:21,$ 3449.01,100
350,09:43:21,$ 3449.20,100
351,09:43:21,$ 3449.02,100
352,09:43:21,$ 3448.99,100
353,09:43:21,$ 3448.97,100
354,09:43:21,$ 3448.88,100
355,09:43:02,$ 3451.17,100
356,09:43:02,$ 3451.702,100
358,09:43:02,$ 3452.32,100
359,09:43:02,$ 3452.11,100
360,09:43:02,$ 3452.32,100
361,09:43:02,$ 3452.01,200
362,09:43:02,$ 3452.32,100
363,09:42:59,$ 3451.69,210
364,09:42:58,$ 3451.75,100
365,09:42:53,$ 3453.04,100
366,09:42:51,$ 3453.43,100
367,09:42:42,$ 3453.3932,300
368,09:42:35,$ 3453.57,100
369,09:42:35,$ 3453.62,100
370,09:42:34,$ 3453.42,100
371,09:42:30,$ 3452.58,100
372,09:42:29,$ 3453.80,100
373,09:42:29,$ 3451.53,100
374,09:42:26,$ 3452.59,100
375,09:42:26,$ 3452.59,100
376,09:42:22,$ 3453.3873,285
377,09:42:19,$ 3454.69,100
379,09:42:15,$ 3454.162,100
380,09:41:46,$ 3452.00,276
381,09:41:36,$ 3453.38,100
382,09:41:36,$ 3452.97,100
383,09:41:36,$ 3452.90,100
384,09:41:36,$ 3452.53,100
385,09:41:36,$ 3452.45,100
386,09:41:36,$ 3452.395,100
387,09:41:36,$ 3452.395,100
388,09:41:36,$ 3452.15,100
389,09:41:36,$ 3452.00,100
390,09:41:36,$ 3452.00,100
391,09:41:36,$ 3452.00,200
392,09:41:35,$ 3453.82,100
393,09:41:35,$ 3453.83,100
394,09:41:31,$ 3452.2592,100
395,09:41:27,$ 3452.99,100
396,09:41:27,$ 3452.2509,177
397,09:41:27,$ 3452.00,100
398,09:41:27,$ 3452.00,100
400,09:41:26,$ 3451.73,100
401,09:41:25,$ 3451.48,100
402,09:41:25,$ 3452.20,100
403,09:41:09,$ 3452.35,100
404,09:41:00,$ 3452.00,100
405,09:40:54,$ 3450.30,100
406,09:40:53,$ 3450.96,100
407,09:40:50,$ 3450.28,100
408,09:40:44,$ 3448.2201,800
409,09:40:33,$ 3450.89,100
410,09:40:33,$ 3450.61,100
411,09:40:31,$ 3452.47,100
412,09:40:30,$ 3452.00,100
413,09:40:30,$ 3451.9996,100
414,09:40:30,$ 3451.377,100
415,09:40:29,$ 3451.1101,100
416,09:40:29,$ 3451.99,100
417,09:40:28,$ 3452.65,100
418,09:40:28,$ 3452.02,100
419,09:40:25,$ 3452.17,100
421,09:40:24,$ 3452.63,100
422,09:40:24,$ 3452.01,100
423,09:40:24,$ 3452.02,100
424,09:40:22,$ 3452.43,100
425,09:40:20,$ 3452.9082,822
426,09:40:20,$ 3452.9082,178
427,09:40:18,$ 3452.01,100
428,09:40:17,$ 3451.70,100
429,09:40:16,$ 3452.5522,"1,000"
430,09:40:10,$ 3451.405,100
431,09:40:09,$ 3451.76,100
432,09:40:08,$ 3451.76,102
433,09:40:00,$ 3451.00,100
434,09:40:00,$ 3450.82,100
435,09:40:00,$ 3450.00,100
436,09:40:00,$ 3450.00,120
437,09:40:00,$ 3450.00,200
438,09:40:00,$ 3450.00,850
439,09:40:00,$ 3450.00,100
440,09:40:00,$ 3450.00,100
442,09:40:00,$ 3449.99,100
443,09:39:59,$ 3449.38,100
444,09:39:58,$ 3449.12,100
445,09:39:58,$ 3448.99,100
446,09:39:55,$ 3449.105,100
447,09:39:55,$ 3449.4218,100
448,09:39:47,$ 3448.8348,200
449,09:39:45,$ 3448.94,100
450,09:39:44,$ 3448.63,810
451,09:39:44,$ 3448.95,100
452,09:39:44,$ 3448.49,100
453,09:39:43,$ 3447.50,100
454,09:39:42,$ 3448.12,100
455,09:39:40,$ 3448.20,100
456,09:39:39,$ 3448.37,100
457,09:39:39,$ 3448.30,100
458,09:39:37,$ 3447.3001,111
459,09:39:37,$ 3447.99,100
460,09:39:36,$ 3447.62,100
461,09:39:34,$ 3448.00,100
463,09:39:34,$ 3448.00,100
464,09:39:34,$ 3447.87,100
465,09:39:34,$ 3447.87,100
466,09:39:31,$ 3448.00,100
467,09:39:31,$ 3447.28,100
468,09:39:31,$ 3447.98,100
469,09:39:30,$ 3446.985,111
470,09:39:30,$ 3447.182,100
471,09:39:30,$ 3446.91,100
472,09:39:29,$ 3446.93,100
473,09:39:27,$ 3446.89,100
474,09:39:27,$ 3446.5841,100
475,09:39:26,$ 3446.59,100
476,09:39:25,$ 3445.91,100
477,09:39:21,$ 3445.00,100
478,09:39:21,$ 3445.06,100
479,09:39:16,$ 3444.97,100
480,09:39:03,$ 3444.16,100
481,09:39:02,$ 3444.08,100
482,09:39:00,$ 3445.00,100
484,09:38:59,$ 3444.90,100
485,09:38:58,$ 3443.79,200
486,09:38:43,$ 3443.445,100
487,09:38:40,$ 3440.805,100
488,09:38:40,$ 3440.855,100
489,09:38:15,$ 3439.00,100
490,09:38:15,$ 3438.835,100
491,09:38:10,$ 3438.92,100
492,09:38:10,$ 3439.00,100
493,09:38:10,$ 3438.83,100
494,09:38:02,$ 3437.90,100
495,09:37:48,$ 3437.835,100
496,09:37:48,$ 3437.835,100
497,09:37:41,$ 3438.12,100
498,09:37:35,$ 3437.84,130
499,09:37:35,$ 3438.96,100
500,09:37:34,$ 3438.10,100
501,09:37:31,$ 3438.06,100
502,09:37:30,$ 3438.25,100
503,09:37:29,$ 3440.0075,250
505,09:37:26,$ 3438.05,100
506,09:37:25,$ 3438.11,100
507,09:37:07,$ 3438.74,133
508,09:37:01,$ 3438.57,100
509,09:36:59,$ 3438.11,124
510,09:36:59,$ 3438.10,100
511,09:36:46,$ 3440.81,100
512,09:36:46,$ 3441.71,100
513,09:36:46,$ 3442.35,100
514,09:36:45,$ 3442.5285,100
515,09:36:45,$ 3442.1026,"1,000"
516,09:36:43,$ 3441.71,114
517,09:36:41,$ 3440.345,100
518,09:36:40,$ 3441.03,100
519,09:36:36,$ 3442.38,100
520,09:36:36,$ 3442.38,100
521,09:36:36,$ 3442.12,100
522,09:36:36,$ 3442.12,100
523,09:36:36,$ 3441.88,195
524,09:36:36,$ 3441.34,100
526,09:36:35,$ 3441.88,100
527,09:36:33,$ 3441.88,110
528,09:36:33,$ 3439.195,108
529,09:36:33,$ 3440.89,100
530,09:36:33,$ 3440.85,100
531,09:36:26,$ 3439.12,100
532,09:36:24,$ 3437.99,100
533,09:36:22,$ 3438.41,100
534,09:36:19,$ 3438.855,100
535,09:36:08,$ 3438.20,100
536,09:36:07,$ 3438.255,100
537,09:36:05,$ 3438.73,100
538,09:36:03,$ 3438.42,100
539,09:36:02,$ 3438.475,100
540,09:36:02,$ 3438.24,100
541,09:36:02,$ 3438.32,100
542,09:36:02,$ 3438.24,100
543,09:35:56,$ 3438.53,100
544,09:35:56,$ 3439.01,100
545,09:35:53,$ 3439.92,100
547,09:35:52,$ 3439.895,100
548,09:35:45,$ 3439.80,100
549,09:35:40,$ 3439.6775,164
550,09:35:32,$ 3439.10,100
551,09:35:29,$ 3438.0526,200
552,09:35:27,$ 3438.00,100
553,09:35:21,$ 3438.87,100
554,09:35:16,$ 3437.895,100
555,09:35:09,$ 3438.875,100
556,09:35:08,$ 3438.33,100
557,09:35:08,$ 3438.01,100
558,09:35:08,$ 3438.01,100
559,09:35:07,$ 3439.155,193
560,09:35:04,$ 3439.17,100
561,09:35:01,$ 3440.935,100
562,09:35:01,$ 3440.00,100
563,09:35:01,$ 3440.00,100
564,09:34:49,$ 3440.11,100
565,09:34:47,$ 3440.935,100
566,09:34:34,$ 3440.31,100
568,09:34:34,$ 3440.36,100
569,09:34:29,$ 3440.51,100
570,09:34:29,$ 3440.0659,100
571,09:34:28,$ 3440.48,100
572,09:34:28,$ 3440.51,100
573,09:34:28,$ 3440.48,100
574,09:34:25,$ 3440.48,400
575,09:34:24,$ 3440.7999,150
576,09:34:24,$ 3440.98,100
577,09:34:22,$ 3441.05,100
578,09:34:22,$ 3440.91,100
579,09:34:20,$ 3439.91,100
580,09:34:20,$ 3439.87,200
581,09:34:17,$ 3441.8799,120
582,09:34:15,$ 3439.83,100
583,09:34:15,$ 3439.60,100
584,09:34:15,$ 3439.83,100
585,09:34:13,$ 3439.93,100
586,09:34:09,$ 3440.855,150
587,09:34:09,$ 3440.49,100
589,09:34:09,$ 3440.43,100
590,09:34:07,$ 3440.02,100
591,09:34:06,$ 3439.92,176
592,09:34:06,$ 3439.97,100
593,09:34:06,$ 3439.83,100
594,09:34:02,$ 3438.67,100
595,09:33:57,$ 3439.84,100
596,09:33:49,$ 3438.00,100
597,09:33:34,$ 3437.94,100
598,09:33:32,$ 3438.49,100
599,09:33:26,$ 3438.63,100
600,09:33:26,$ 3438.63,229
601,09:33:25,$ 3438.5535,100
602,09:33:14,$ 3441.6024,770
603,09:33:14,$ 3440.9688,100
604,09:33:14,$ 3441.05,100
605,09:33:12,$ 3440.36,100
606,09:33:12,$ 3440.46,100
607,09:33:11,$ 3438.375,100
608,09:33:11,$ 3439.07,100
610,09:33:11,$ 3440.01,100
611,09:33:10,$ 3439.40,100
612,09:33:08,$ 3440.2957,100
613,09:33:05,$ 3442.00,100
614,09:33:04,$ 3441.67,100
615,09:33:04,$ 3442.075,100
616,09:33:04,$ 3440.40,100
617,09:33:03,$ 3441.02,300
618,09:33:02,$ 3442.49,100
619,09:32:59,$ 3442.51,110
620,09:32:56,$ 3441.75,176
621,09:32:53,$ 3440.45,400
622,09:32:51,$ 3440.44,100
623,09:32:50,$ 3441.215,124
624,09:32:48,$ 3440.00,100
625,09:32:47,$ 3441.44,100
626,09:32:47,$ 3441.19,100
627,09:32:44,$ 3440.02,100
628,09:32:43,$ 3440.00,109
629,09:32:43,$ 3440.00,100
631,09:32:43,$ 3440.00,100
632,09:32:42,$ 3439.65,100
633,09:32:42,$ 3439.558,250
634,09:32:39,$ 3439.185,100
635,09:32:35,$ 3438.375,100
636,09:32:33,$ 3438.79,100
637,09:32:31,$ 3440.00,100
638,09:32:31,$ 3438.81,300
639,09:32:29,$ 3438.2775,100
640,09:32:29,$ 3438.2352,200
641,09:32:28,$ 3438.165,100
642,09:32:28,$ 3438.165,100
643,09:32:26,$ 3437.66,250
644,09:32:25,$ 3437.00,100
645,09:32:25,$ 3437.00,100
646,09:32:24,$ 3436.99,100
647,09:32:24,$ 3435.535,200
648,09:32:24,$ 3436.24,100
649,09:32:22,$ 3435.44,100
650,09:32:22,$ 3435.24,100
652,09:32:22,$ 3435.24,200
653,09:32:22,$ 3435.24,200
654,09:32:22,$ 3435.44,100
655,09:32:22,$ 3434.61,100
656,09:32:16,$ 3435.84,100
657,09:32:15,$ 3435.50,100
658,09:32:15,$ 3434.72,100
659,09:32:14,$ 3433.50,100
660,09:32:09,$ 3431.895,200
661,09:32:09,$ 3432.00,100
662,09:32:08,$ 3432.06,100
663,09:32:08,$ 3431.78,100
664,09:32:08,$ 3432.1594,150
665,09:32:05,$ 3432.07,100
666,09:32:04,$ 3432.6462,120
667,09:32:01,$ 3432.58,100
668,09:32:00,$ 3432.00,100
669,09:31:58,$ 3430.70,100
670,09:31:49,$ 3430.80,260
671,09:31:47,$ 3431.51,100
673,09:31:45,$ 3430.42,100
674,09:31:45,$ 3429.62,100
675,09:31:44,$ 3430.77,100
676,09:31:41,$ 3428.1595,100
677,09:31:38,$ 3428.12,380
678,09:31:38,$ 3428.12,100
679,09:31:38,$ 3429.20,100
680,09:31:38,$ 3428.93,100
681,09:31:38,$ 3428.17,100
682,09:31:38,$ 3431.01,180
683,09:31:38,$ 3430.77,200
684,09:31:32,$ 3430.195,100
685,09:31:27,$ 3433.75,100
686,09:31:23,$ 3431.93,200
687,09:31:23,$ 3431.95,100
688,09:31:23,$ 3431.04,100
689,09:31:21,$ 3431.18,100
690,09:31:21,$ 3432.06,100
691,09:31:21,$ 3432.06,100
692,09:31:21,$ 3431.98,100
694,09:31:21,$ 3431.94,100
695,09:31:18,$ 3431.89,100
696,09:31:17,$ 3432.75,183
697,09:31:16,$ 3432.4625,100
698,09:31:16,$ 3430.21,100
699,09:31:16,$ 3431.66,100
700,09:31:10,$ 3430.0004,100
701,09:31:10,$ 3430.00,158
702,09:31:10,$ 3430.045,100
703,09:31:09,$ 3430.055,100
704,09:31:08,$ 3431.68,110
705,09:31:08,$ 3431.70,100
706,09:31:07,$ 3431.0098,115
707,09:31:06,$ 3430.09,100
708,09:31:06,$ 3430.625,100
709,09:31:06,$ 3430.45,100
710,09:31:06,$ 3430.50,100
711,09:31:06,$ 3430.45,500
712,09:31:03,$ 3432.02,100
713,09:31:00,$ 3430.16,100
715,09:30:59,$ 3432.00,400
716,09:30:58,$ 3433.0639,527
717,09:30:58,$ 3432.40,100
718,09:30:58,$ 3431.73,100
719,09:30:57,$ 3431.72,100
720,09:30:56,$ 3431.82,100
721,09:30:50,$ 3430.73,100
722,09:30:46,$ 3433.99,150
723,09:30:43,$ 3430.44,100
724,09:30:41,$ 3429.37,100
725,09:30:39,$ 3429.025,270
726,09:30:38,$ 3428.525,100
727,09:30:37,$ 3429.60,100
728,09:30:37,$ 3429.51,100
729,09:30:31,$ 3429.835,100
730,09:30:26,$ 3430.09,100
731,09:30:26,$ 3430.01,100
732,09:30:26,$ 3430.11,100
733,09:30:26,$ 3430.20,100
734,09:30:26,$ 3431.02,100
736,09:30:26,$ 3430.61,100
737,09:30:26,$ 3430.37,100
738,09:30:25,$ 3431.01,235
739,09:30:25,$ 3431.175,100
740,09:30:24,$ 3432.12,200
741,09:30:24,$ 3432.00,549
742,09:30:22,$ 3433.01,180
743,09:30:22,$ 3433.01,200
744,09:30:22,$ 3432.51,100
745,09:30:22,$ 3433.98,100
746,09:30:21,$ 3434.375,100
747,09:30:16,$ 3436.24,100
748,09:30:06,$ 3433.11,100
749,09:30:05,$ 3434.00,100
750,09:30:05,$ 3434.025,100
751,09:30:05,$ 3434.035,100
752,09:30:05,$ 3434.115,100
753,09:30:05,$ 3434.155,100
754,09:30:05,$ 3435.50,100
755,09:30:05,$ 3436.55,100
757,09:30:04,$ 3435.90,100
758,09:30:04,$ 3435.275,100
759,09:30:04,$ 3436.26,100
760,09:30:03,$ 3435.01,100
761,09:30:03,$ 3434.115,100
762,09:30:03,$ 3435.12,100
763,09:30:03,$ 3435.155,100
764,09:30:02,$ 3434.29,28
765,09:30:02,$ 3434.29,1
766,09:30:02,$ 3434.29,2
767,09:30:02,$ 3434.29,5
768,09:30:02,$ 3434.29,25
769,09:30:02,$ 3434.29,3
770,09:30:02,$ 3434.29,1
771,09:30:02,$ 3434.29,1
772,09:30:02,$ 3434.29,7
773,09:30:02,$ 3434.29,181
774,09:30:02,$ 3434.29,1
775,09:30:02,$ 3434.29,1
776,09:30:02,$ 3434.29,25
778,09:30:02,$ 3434.29,1
779,09:30:02,$ 3434.29,1
780,09:30:02,$ 3434.29,2
781,09:30:02,$ 3434.29,2
782,09:30:02,$ 3434.29,4
783,09:30:02,$ 3434.29,2
784,09:30:02,$ 3434.29,1
785,09:30:02,$ 3434.29,3
786,09:30:02,$ 3434.29,3
787,09:30:02,$ 3434.29,2
788,09:30:02,$ 3434.29,10
789,09:30:02,$ 3434.29,5
790,09:30:02,$ 3434.29,10
791,09:30:02,$ 3434.29,1
792,09:30:02,$ 3434.29,1
793,09:30:02,$ 3434.29,1
794,09:30:02,$ 3434.29,1
795,09:30:02,$ 3434.29,1
796,09:30:02,$ 3434.29,1
797,09:30:02,$ 3434.29,166
799,09:30:02,$ 3434.29,12
800,09:30:02,$ 3434.29,2
801,09:30:02,$ 3434.29,5
802,09:30:02,$ 3434.29,60
803,09:30:02,$ 3434.29,1
804,09:30:02,$ 3434.29,2
805,09:30:02,$ 3434.29,4
806,09:30:02,$ 3434.29,2
807,09:30:02,$ 3434.29,3
808,09:30:02,$ 3434.29,10
809,09:30:02,$ 3434.29,3
810,09:30:02,$ 3434.29,5
811,09:30:02,$ 3434.29,3
812,09:30:02,$ 3434.29,2
813,09:30:02,$ 3434.29,2
814,09:30:02,$ 3434.29,1
815,09:30:02,$ 3434.29,37
816,09:30:02,$ 3434.29,10
817,09:30:02,$ 3434.29,1
818,09:30:02,$ 3434.29,1
820,09:30:02,$ 3434.29,1
821,09:30:02,$ 3434.29,3
822,09:30:02,$ 3434.29,3
823,09:30:02,$ 3434.29,12
824,09:30:02,$ 3434.29,3
825,09:30:02,$ 3434.29,10
826,09:30:02,$ 3434.29,2
827,09:30:02,$ 3434.29,2
828,09:30:02,$ 3434.29,10
829,09:30:02,$ 3434.29,1
830,09:30:02,$ 3434.29,3
831,09:30:02,$ 3434.29,1
832,09:30:02,$ 3434.29,1
833,09:30:02,$ 3434.29,10
834,09:30:02,$ 3434.29,1
835,09:30:02,$ 3434.29,3
836,09:30:02,$ 3434.29,2
837,09:30:02,$ 3434.29,1
838,09:30:02,$ 3434.29,1
839,09:30:02,$ 3434.29,5
841,09:30:02,$ 3434.29,1
842,09:30:02,$ 3434.29,3
843,09:30:02,$ 3434.29,1
844,09:30:02,$ 3434.29,180
845,09:30:02,$ 3434.29,3
846,09:30:02,$ 3434.29,5
847,09:30:02,$ 3434.29,20
848,09:30:02,$ 3434.29,1
849,09:30:02,$ 3434.29,75
850,09:30:02,$ 3434.29,20
851,09:30:02,$ 3434.29,1
852,09:30:02,$ 3434.29,3
853,09:30:02,$ 3434.29,3
854,09:30:02,$ 3434.29,1
855,09:30:02,$ 3434.29,8
856,09:30:02,$ 3434.29,1
857,09:30:02,$ 3434.29,1
858,09:30:02,$ 3434.29,3
859,09:30:02,$ 3434.29,1
860,09:30:02,$ 3434.29,2
862,09:30:02,$ 3434.29,1
863,09:30:02,$ 3434.29,10
864,09:30:02,$ 3434.29,1
865,09:30:02,$ 3434.29,5
866,09:30:02,$ 3434.29,1
867,09:30:02,$ 3434.29,1
868,09:30:02,$ 3434.29,1
869,09:30:02,$ 3434.29,2
870,09:30:02,$ 3434.29,1
871,09:30:02,$ 3434.29,1
872,09:30:02,$ 3434.29,1
873,09:30:02,$ 3434.29,2
874,09:30:02,$ 3434.29,1
875,09:30:02,$ 3434.29,1
876,09:30:02,$ 3434.29,2
877,09:30:02,$ 3434.29,7
878,09:30:02,$ 3434.29,11
879,09:30:02,$ 3434.29,16
880,09:30:02,$ 3434.29,40
881,09:30:02,$ 3434.29,1
883,09:30:02,$ 3434.29,1
884,09:30:02,$ 3434.29,4
885,09:30:02,$ 3434.29,3
886,09:30:02,$ 3434.29,1
887,09:30:02,$ 3434.29,2
888,09:30:02,$ 3434.29,4
889,09:30:02,$ 3434.29,1
890,09:30:02,$ 3434.29,3
891,09:30:02,$ 3434.29,14
892,09:30:02,$ 3434.29,1
893,09:30:02,$ 3434.29,1
894,09:30:02,$ 3434.29,13
895,09:30:02,$ 3434.29,30
896,09:30:02,$ 3434.29,1
897,09:30:02,$ 3434.29,14
898,09:30:02,$ 3434.29,79
899,09:30:02,$ 3434.29,4
900,09:30:02,$ 3434.29,23
901,09:30:02,$ 3434.29,1
902,09:30:02,$ 3434.29,7
904,09:30:02,$ 3434.29,193
905,09:30:02,$ 3434.29,1
906,09:30:02,$ 3434.29,1
907,09:30:02,$ 3434.29,3
908,09:30:02,$ 3434.29,5
909,09:30:02,$ 3434.29,16
910,09:30:02,$ 3434.29,8
911,09:30:02,$ 3434.29,5
912,09:30:02,$ 3434.29,280
913,09:30:02,$ 3434.29,34
914,09:30:02,$ 3434.29,6
915,09:30:02,$ 3434.29,12
916,09:30:02,$ 3434.29,12
917,09:30:02,$ 3434.29,1
918,09:30:02,$ 3434.29,1
919,09:30:02,$ 3434.29,10
920,09:30:02,$ 3434.29,16
921,09:30:02,$ 3434.29,85
922,09:30:02,$ 3434.29,42
923,09:30:02,$ 3434.29,5
925,09:30:02,$ 3434.29,4
926,09:30:02,$ 3434.29,3
927,09:30:02,$ 3434.29,1
928,09:30:02,$ 3434.29,4
929,09:30:02,$ 3434.29,1
930,09:30:02,$ 3434.29,31
931,09:30:02,$ 3434.29,6
932,09:30:02,$ 3434.29,4
933,09:30:02,$ 3434.29,8
934,09:30:02,$ 3434.29,38
935,09:30:02,$ 3434.29,1
936,09:30:02,$ 3434.29,10
937,09:30:02,$ 3434.29,3
938,09:30:02,$ 3434.29,3
939,09:30:02,$ 3434.29,10
940,09:30:02,$ 3434.29,7
941,09:30:02,$ 3434.29,2
942,09:30:02,$ 3434.29,1
943,09:30:02,$ 3434.29,1
944,09:30:02,$ 3434.29,2
946,09:30:02,$ 3434.29,1
947,09:30:02,$ 3434.29,1
948,09:30:02,$ 3434.29,2
949,09:30:02,$ 3434.29,1
950,09:30:02,$ 3434.29,5
951,09:30:02,$ 3434.29,1
952,09:30:02,$ 3434.29,2
953,09:30:02,$ 3434.29,1
954,09:30:02,$ 3434.29,1
955,09:30:02,$ 3434.29,1
956,09:30:02,$ 3434.29,7
957,09:30:02,$ 3434.29,10
958,09:30:02,$ 3434.29,1
959,09:30:02,$ 3434.29,1
960,09:30:02,$ 3434.29,1
961,09:30:02,$ 3434.29,1
962,09:30:02,$ 3434.29,1
963,09:30:02,$ 3434.29,6
964,09:30:02,$ 3434.29,1
965,09:30:02,$ 3434.29,2
967,09:30:02,$ 3434.29,2
968,09:30:02,$ 3434.29,5
969,09:30:02,$ 3434.29,1
970,09:30:02,$ 3434.29,1
971,09:30:02,$ 3434.29,1
972,09:30:02,$ 3434.29,1
973,09:30:02,$ 3434.29,28
974,09:30:02,$ 3434.29,7
975,09:30:02,$ 3434.29,2
976,09:30:02,$ 3434.29,2
977,09:30:02,$ 3434.29,5
978,09:30:02,$ 3434.29,4
979,09:30:02,$ 3434.29,1
980,09:30:02,$ 3434.29,3
981,09:30:02,$ 3434.29,3
982,09:30:02,$ 3434.29,1
983,09:30:02,$ 3434.29,2
984,09:30:02,$ 3434.29,120
985,09:30:02,$ 3434.29,30
986,09:30:02,$ 3434.29,2
988,09:30:02,$ 3434.29,1
989,09:30:02,$ 3434.29,2
990,09:30:02,$ 3434.29,5
991,09:30:02,$ 3434.29,1
992,09:30:02,$ 3434.29,3
993,09:30:02,$ 3434.29,2
994,09:30:02,$ 3434.29,1
995,09:30:02,$ 3434.29,1
996,09:30:02,$ 3434.29,2
997,09:30:02,$ 3434.29,1
998,09:30:02,$ 3434.29,2
999,09:30:02,$ 3434.29,4
1000,09:30:02,$ 3434.29,2
1001,09:30:02,$ 3434.29,17
1002,09:30:02,$ 3434.29,3
1003,09:30:02,$ 3434.29,1
1004,09:30:02,$ 3434.29,1
1005,09:30:02,$ 3434.29,1
1006,09:30:02,$ 3434.29,1
1007,09:30:02,$ 3434.29,4
1009,09:30:02,$ 3434.29,1
1010,09:30:02,$ 3434.29,1
1011,09:30:02,$ 3434.29,7
1012,09:30:02,$ 3434.29,5
1013,09:30:02,$ 3434.29,1
1014,09:30:02,$ 3434.29,1
1015,09:30:02,$ 3434.29,3
1016,09:30:02,$ 3434.29,10
1017,09:30:02,$ 3434.29,1
1018,09:30:02,$ 3434.29,3
1019,09:30:02,$ 3434.29,2
1020,09:30:02,$ 3434.29,1
1021,09:30:02,$ 3434.29,2
1022,09:30:02,$ 3434.29,6
1023,09:30:02,$ 3434.29,5
1024,09:30:02,$ 3434.29,20
1025,09:30:02,$ 3434.29,4
1026,09:30:02,$ 3434.29,17
1027,09:30:02,$ 3434.29,5
1028,09:30:02,$ 3434.29,1
1030,09:30:02,$ 3434.29,24
1031,09:30:02,$ 3434.29,7
1032,09:30:02,$ 3434.29,2
1033,09:30:02,$ 3434.29,2
1034,09:30:02,$ 3434.29,1
1035,09:30:02,$ 3434.29,1
1036,09:30:02,$ 3434.29,15
1037,09:30:02,$ 3434.29,1
1038,09:30:02,$ 3434.29,6
1039,09:30:02,$ 3434.29,2
1040,09:30:02,$ 3434.29,1
1041,09:30:02,$ 3434.29,3
1042,09:30:02,$ 3434.29,1
1043,09:30:02,$ 3434.29,3
1044,09:30:02,$ 3434.29,4
1045,09:30:02,$ 3434.29,1
1046,09:30:02,$ 3434.29,1
1047,09:30:02,$ 3434.29,2
1048,09:30:02,$ 3434.29,2
1049,09:30:02,$ 3434.29,1
1051,09:30:02,$ 3434.29,1
1052,09:30:02,$ 3434.29,1
1053,09:30:02,$ 3434.29,1
1054,09:30:02,$ 3434.29,3
1055,09:30:02,$ 3434.29,1
1056,09:30:02,$ 3434.29,1
1057,09:30:02,$ 3434.29,2
1058,09:30:02,$ 3434.29,1
1059,09:30:02,$ 3434.29,1
1060,09:30:02,$ 3434.29,2
1061,09:30:02,$ 3434.29,6
1062,09:30:02,$ 3434.29,2
1063,09:30:02,$ 3434.29,5
1064,09:30:02,$ 3434.29,100
1065,09:30:02,$ 3434.29,4
1066,09:30:02,$ 3434.29,1
1067,09:30:02,$ 3434.29,1
1068,09:30:02,$ 3434.29,100
1069,09:30:02,$ 3434.29,15
1070,09:30:02,$ 3434.29,1
1072,09:30:02,$ 3434.29,2
1073,09:30:02,$ 3434.29,1
1074,09:30:02,$ 3434.29,2
1075,09:30:02,$ 3434.29,3
1076,09:30:02,$ 3434.29,3
1077,09:30:02,$ 3434.29,1
1078,09:30:02,$ 3434.29,1
1079,09:30:02,$ 3434.29,2
1080,09:30:02,$ 3434.29,2
1081,09:30:02,$ 3434.29,1
1082,09:30:02,$ 3434.29,3
1083,09:30:02,$ 3434.29,1
1084,09:30:02,$ 3434.29,1
1085,09:30:02,$ 3434.29,3
1086,09:30:02,$ 3434.29,100
1087,09:30:02,$ 3434.29,2
1088,09:30:02,$ 3434.29,1
1089,09:30:02,$ 3434.29,1
1090,09:30:02,$ 3434.29,3
1091,09:30:02,$ 3434.29,1
1093,09:30:02,$ 3434.29,3
1094,09:30:02,$ 3434.29,1
1095,09:30:02,$ 3434.29,3
1096,09:30:02,$ 3434.29,10
1097,09:30:02,$ 3434.29,10
1098,09:30:02,$ 3434.29,1
1099,09:30:02,$ 3434.29,3
1100,09:30:02,$ 3434.29,1
1101,09:30:02,$ 3434.29,1
1102,09:30:02,$ 3434.29,2
1103,09:30:02,$ 3434.29,1
1104,09:30:02,$ 3434.29,5
1105,09:30:02,$ 3434.29,4
1106,09:30:02,$ 3434.29,4
1107,09:30:02,$ 3434.29,3
1108,09:30:02,$ 3434.29,5
1109,09:30:02,$ 3434.29,5
1110,09:30:02,$ 3434.29,2
1111,09:30:02,$ 3434.29,36
1112,09:30:02,$ 3434.29,10
1114,09:30:02,$ 3434.29,1
1115,09:30:02,$ 3434.29,2
1116,09:30:02,$ 3434.29,1
1117,09:30:02,$ 3434.29,10
1118,09:30:02,$ 3434.29,900
1119,09:30:02,$ 3434.29,1
1120,09:30:02,$ 3434.29,2
1121,09:30:02,$ 3434.29,20
1122,09:30:02,$ 3434.29,1
1123,09:30:02,$ 3434.29,2
1124,09:30:02,$ 3434.29,50
1125,09:30:02,$ 3434.29,1
1126,09:30:02,$ 3434.29,100
1127,09:30:02,$ 3434.29,5
1128,09:30:02,$ 3434.29,1
1129,09:30:02,$ 3434.29,8
1130,09:30:02,$ 3434.29,2
1131,09:30:02,$ 3434.29,2
1132,09:30:02,$ 3434.29,100
1133,09:30:02,$ 3434.29,1
1135,09:30:02,$ 3434.29,1
1136,09:30:02,$ 3434.29,5
1137,09:30:02,$ 3434.29,20
1138,09:30:02,$ 3434.29,60
1139,09:30:02,$ 3434.29,2
1140,09:30:02,$ 3434.29,2
1141,09:30:02,$ 3434.29,4
1142,09:30:02,$ 3434.29,213
1143,09:30:02,$ 3434.29,1
1144,09:30:02,$ 3434.29,1
1145,09:30:02,$ 3434.29,3
1146,09:30:02,$ 3434.29,1
1147,09:30:02,$ 3434.29,2
1148,09:30:02,$ 3434.29,4
1149,09:30:02,$ 3434.29,2
1150,09:30:02,$ 3434.29,5
1151,09:30:02,$ 3434.29,1
1152,09:30:02,$ 3434.29,10
1153,09:30:02,$ 3434.29,50
1154,09:30:02,$ 3434.29,1
1156,09:30:02,$ 3434.29,3
1157,09:30:02,$ 3434.29,10
1158,09:30:02,$ 3434.29,1
1159,09:30:02,$ 3434.29,2
1160,09:30:02,$ 3434.29,3
1161,09:30:02,$ 3434.29,3
1162,09:30:02,$ 3434.29,9
1163,09:30:02,$ 3434.29,1
1164,09:30:02,$ 3434.29,50
1165,09:30:02,$ 3434.29,10
1166,09:30:02,$ 3434.29,16
1167,09:30:02,$ 3434.29,1
1168,09:30:02,$ 3434.29,500
1169,09:30:02,$ 3434.29,71
1170,09:30:02,$ 3434.29,1
1171,09:30:02,$ 3434.29,8
1172,09:30:02,$ 3434.29,30
1173,09:30:02,$ 3434.29,30
1174,09:30:02,$ 3434.29,30
1175,09:30:02,$ 3434.29,2
1177,09:30:02,$ 3434.29,1
1178,09:30:02,$ 3434.29,2
1179,09:30:02,$ 3434.29,1
1180,09:30:02,$ 3434.29,5
1181,09:30:02,$ 3434.29,1
1182,09:30:02,$ 3434.29,2
1183,09:30:02,$ 3434.29,1
1184,09:30:02,$ 3434.29,10
1185,09:30:02,$ 3434.29,30
1186,09:30:02,$ 3434.29,3
1187,09:30:02,$ 3434.29,3
1188,09:30:02,$ 3434.29,74
1189,09:30:02,$ 3434.29,9
1190,09:30:02,$ 3434.29,19
1191,09:30:02,$ 3434.29,45
1192,09:30:02,$ 3434.29,2
1193,09:30:02,$ 3434.29,1
1194,09:30:02,$ 3434.29,1
1195,09:30:02,$ 3434.29,1
1196,09:30:02,$ 3434.29,3
1198,09:30:02,$ 3434.29,1
1199,09:30:02,$ 3434.29,1
1200,09:30:02,$ 3434.29,3
1201,09:30:02,$ 3434.29,500
1202,09:30:02,$ 3434.29,50
1203,09:30:02,$ 3434.29,1
1204,09:30:02,$ 3434.29,1
1205,09:30:02,$ 3434.29,2
1206,09:30:02,$ 3434.29,10
1207,09:30:02,$ 3434.29,1
1208,09:30:02,$ 3434.29,30
1209,09:30:02,$ 3434.29,6
1210,09:30:02,$ 3434.29,4
1211,09:30:02,$ 3434.29,2
1212,09:30:02,$ 3434.29,2
1213,09:30:02,$ 3434.29,1
1214,09:30:02,$ 3434.29,2
1215,09:30:02,$ 3434.29,1
1216,09:30:02,$ 3434.29,1
1217,09:30:02,$ 3434.29,3
1219,09:30:02,$ 3434.29,2
1220,09:30:02,$ 3434.29,2
1221,09:30:02,$ 3434.29,1
1222,09:30:02,$ 3434.29,2
1223,09:30:02,$ 3434.29,1
1224,09:30:02,$ 3434.29,2
1225,09:30:02,$ 3434.29,4
1226,09:30:02,$ 3434.29,1
1227,09:30:02,$ 3434.29,3
1228,09:30:02,$ 3434.29,9
1229,09:30:02,$ 3434.29,1
1230,09:30:02,$ 3434.29,2
1231,09:30:02,$ 3434.29,3
1232,09:30:02,$ 3434.29,4
1233,09:30:02,$ 3434.29,4
1234,09:30:02,$ 3434.29,1
1235,09:30:02,$ 3434.29,5
1236,09:30:02,$ 3434.29,1
1237,09:30:02,$ 3434.29,5
1238,09:30:02,$ 3434.29,1
1240,09:30:02,$ 3434.29,3
1241,09:30:02,$ 3434.29,9
1242,09:30:02,$ 3434.29,1
1243,09:30:02,$ 3434.29,5
1244,09:30:02,$ 3434.29,2
1245,09:30:02,$ 3434.29,1
1246,09:30:02,$ 3434.29,1
1247,09:30:02,$ 3434.29,1
1248,09:30:02,$ 3434.29,1
1249,09:30:02,$ 3434.29,1
1250,09:30:02,$ 3434.29,1
1251,09:30:02,$ 3434.29,1
1252,09:30:02,$ 3434.29,1
1253,09:30:02,$ 3434.29,1
1254,09:30:02,$ 3434.29,1
1255,09:30:02,$ 3434.29,1
1256,09:30:02,$ 3434.29,1
1257,09:30:02,$ 3434.29,1
1258,09:30:02,$ 3434.29,1
1259,09:30:02,$ 3434.29,1
1261,09:30:02,$ 3434.29,1
1262,09:30:02,$ 3434.29,1
1263,09:30:02,$ 3434.29,1
1264,09:30:02,$ 3434.29,1
1265,09:30:02,$ 3434.29,1
1266,09:30:02,$ 3434.29,1
1267,09:30:02,$ 3434.29,1
1268,09:30:02,$ 3434.29,1
1269,09:30:02,$ 3434.29,1
1270,09:30:02,$ 3434.29,1
1271,09:30:02,$ 3434.29,1
1272,09:30:02,$ 3434.29,1
1273,09:30:02,$ 3434.29,1
1274,09:30:02,$ 3434.29,1
1275,09:30:02,$ 3434.29,1
1276,09:30:02,$ 3434.29,1
1277,09:30:02,$ 3434.29,1
1278,09:30:02,$ 3434.29,1
1279,09:30:02,$ 3434.29,1
1280,09:30:02,$ 3434.29,1
1282,09:30:02,$ 3434.29,1
1283,09:30:02,$ 3434.29,1
1284,09:30:02,$ 3434.29,1
1285,09:30:02,$ 3434.29,1
1286,09:30:02,$ 3434.29,1
1287,09:30:02,$ 3434.29,1
1288,09:30:02,$ 3434.29,1
1289,09:30:02,$ 3434.29,1
1290,09:30:02,$ 3434.29,1
1291,09:30:02,$ 3434.29,1
1292,09:30:02,$ 3434.29,1
1293,09:30:02,$ 3434.29,1
1294,09:30:02,$ 3434.29,1
1295,09:30:02,$ 3434.29,1
1296,09:30:02,$ 3434.29,1
1297,09:30:02,$ 3434.29,1
1298,09:30:02,$ 3434.29,1
1299,09:30:02,$ 3434.29,1
1300,09:30:02,$ 3434.29,1
1301,09:30:02,$ 3434.29,1
1303,09:30:02,$ 3434.29,1
1304,09:30:02,$ 3434.29,4
1305,09:30:02,$ 3434.29,1
1306,09:30:02,$ 3434.29,1
1307,09:30:02,$ 3434.29,1
1308,09:30:02,$ 3434.29,1
1309,09:30:02,$ 3434.29,1
1310,09:30:02,$ 3434.29,1
1311,09:30:02,$ 3434.29,1
1312,09:30:02,$ 3434.29,1
1313,09:30:02,$ 3434.29,1
1314,09:30:02,$ 3434.29,1
1315,09:30:02,$ 3434.29,1
1316,09:30:02,$ 3434.29,1
1317,09:30:02,$ 3434.29,1
1318,09:30:02,$ 3434.29,6
1319,09:30:02,$ 3434.29,1
1320,09:30:02,$ 3434.29,2
1321,09:30:02,$ 3434.29,1
1322,09:30:02,$ 3434.29,1
1324,09:30:02,$ 3434.29,1
1325,09:30:02,$ 3434.29,1
1326,09:30:02,$ 3434.29,1
1327,09:30:02,$ 3434.29,1
1328,09:30:02,$ 3434.29,1
1329,09:30:02,$ 3434.29,1
1330,09:30:02,$ 3434.29,1
1331,09:30:02,$ 3434.29,1
1332,09:30:02,$ 3434.29,1
1333,09:30:02,$ 3434.29,1
1334,09:30:02,$ 3434.29,1
1335,09:30:02,$ 3434.29,1
1336,09:30:02,$ 3434.29,1
1337,09:30:02,$ 3434.29,1
1338,09:30:02,$ 3434.29,1
1339,09:30:02,$ 3434.29,1
1340,09:30:02,$ 3434.29,1
1341,09:30:02,$ 3434.29,1
1342,09:30:02,$ 3434.29,1
1343,09:30:02,$ 3434.29,1
1345,09:30:02,$ 3434.29,1
1346,09:30:02,$ 3434.29,1
1347,09:30:02,$ 3434.29,1
1348,09:30:02,$ 3434.29,1
1349,09:30:02,$ 3434.29,1
1350,09:30:02,$ 3434.29,1
1351,09:30:02,$ 3434.29,1
1352,09:30:02,$ 3434.29,1
1353,09:30:02,$ 3434.29,1
1354,09:30:02,$ 3434.29,1
1355,09:30:02,$ 3434.29,1
1356,09:30:02,$ 3434.29,1
1357,09:30:02,$ 3434.29,2
1358,09:30:02,$ 3434.29,2
1359,09:30:02,$ 3434.29,2
1360,09:30:02,$ 3434.29,1
1361,09:30:02,$ 3434.29,1
1362,09:30:02,$ 3434.29,75
1363,09:30:02,$ 3434.29,5
1364,09:30:02,$ 3434.29,4
1366,09:30:02,$ 3434.29,4
1367,09:30:02,$ 3434.29,1
1368,09:30:02,$ 3434.29,3
1369,09:30:02,$ 3434.29,1
1370,09:30:02,$ 3434.29,2
1371,09:30:02,$ 3434.29,30
1372,09:30:02,$ 3434.29,1
1373,09:30:02,$ 3434.29,2
1374,09:30:02,$ 3434.29,1
1375,09:30:02,$ 3434.29,3
1376,09:30:02,$ 3434.29,43
1377,09:30:02,$ 3434.29,1
1378,09:30:02,$ 3434.29,1
1379,09:30:02,$ 3434.29,250
1380,09:30:02,$ 3434.29,8
1381,09:30:02,$ 3434.29,1
1382,09:30:02,$ 3434.29,5
1383,09:30:02,$ 3434.29,2
1384,09:30:02,$ 3434.29,2
1385,09:30:02,$ 3434.29,6
1387,09:30:02,$ 3434.29,1
1388,09:30:02,$ 3434.29,2
1389,09:30:02,$ 3434.29,20
1390,09:30:02,$ 3434.29,1
1391,09:30:02,$ 3434.29,5
1392,09:30:02,$ 3434.29,1
1393,09:30:02,$ 3434.29,1
1394,09:30:02,$ 3434.29,2
1395,09:30:02,$ 3434.29,10
1396,09:30:02,$ 3434.29,1
1397,09:30:02,$ 3434.29,1
1398,09:30:02,$ 3434.29,1
1399,09:30:02,$ 3434.29,7
1400,09:30:02,$ 3434.29,1
1401,09:30:02,$ 3434.29,40
1402,09:30:02,$ 3434.29,20
1403,09:30:02,$ 3434.29,2
1404,09:30:02,$ 3434.29,1
1405,09:30:02,$ 3434.29,2
1406,09:30:02,$ 3434.29,5
1408,09:30:02,$ 3434.29,7
1409,09:30:02,$ 3434.29,3
1410,09:30:02,$ 3434.29,5
1411,09:30:02,$ 3434.29,2
1412,09:30:02,$ 3434.29,5
1413,09:30:02,$ 3434.29,1
1414,09:30:02,$ 3434.29,1
1415,09:30:02,$ 3434.29,2
1416,09:30:02,$ 3434.29,1
1417,09:30:02,$ 3434.29,14
1418,09:30:02,$ 3434.29,23
1419,09:30:02,$ 3434.29,1
1420,09:30:02,$ 3434.29,2
1421,09:30:02,$ 3434.29,3
1422,09:30:02,$ 3434.29,6
1423,09:30:02,$ 3434.29,2
1424,09:30:02,$ 3434.29,3
1425,09:30:02,$ 3434.29,1
1426,09:30:02,$ 3434.29,1
1427,09:30:02,$ 3434.29,1
1429,09:30:02,$ 3434.29,1
1430,09:30:02,$ 3434.29,2
1431,09:30:02,$ 3434.29,1
1432,09:30:02,$ 3434.29,1
1433,09:30:02,$ 3434.29,1
1434,09:30:02,$ 3434.29,1
1435,09:30:02,$ 3434.29,1
1436,09:30:02,$ 3434.29,1
1437,09:30:02,$ 3434.29,1
1438,09:30:02,$ 3434.29,1
1439,09:30:02,$ 3434.29,1
1440,09:30:02,$ 3434.29,1
1441,09:30:02,$ 3434.29,1
1442,09:30:02,$ 3434.29,1
1443,09:30:02,$ 3434.29,1
1444,09:30:02,$ 3434.29,1
1445,09:30:02,$ 3434.29,1
1446,09:30:02,$ 3434.29,1
1447,09:30:02,$ 3434.29,1
1448,09:30:02,$ 3434.29,1
1450,09:30:02,$ 3434.29,1
1451,09:30:02,$ 3434.29,1
1452,09:30:02,$ 3434.29,1
1453,09:30:02,$ 3434.29,1
1454,09:30:02,$ 3434.29,1
1455,09:30:02,$ 3434.29,1
1456,09:30:02,$ 3434.29,1
1457,09:30:02,$ 3434.29,3
1458,09:30:02,$ 3434.29,1
1459,09:30:02,$ 3434.29,1
1460,09:30:02,$ 3434.29,1
1461,09:30:02,$ 3434.29,1
1462,09:30:02,$ 3434.29,1
1463,09:30:02,$ 3434.29,1
1464,09:30:02,$ 3434.29,1
1465,09:30:02,$ 3434.29,1
1466,09:30:02,$ 3434.29,1
1467,09:30:02,$ 3434.29,1
1468,09:30:02,$ 3434.29,1
1469,09:30:02,$ 3434.29,1
1471,09:30:02,$ 3434.29,1
1472,09:30:02,$ 3434.29,1
1473,09:30:02,$ 3434.29,1
1474,09:30:02,$ 3434.29,1
1475,09:30:02,$ 3434.29,1
1476,09:30:02,$ 3434.29,1
1477,09:30:02,$ 3434.29,1
1478,09:30:02,$ 3434.29,1
1479,09:30:02,$ 3434.29,1
1480,09:30:02,$ 3434.29,1
1481,09:30:02,$ 3434.29,1
1482,09:30:02,$ 3434.29,1
1483,09:30:02,$ 3434.29,1
1484,09:30:02,$ 3434.29,1
1485,09:30:02,$ 3434.29,1
1486,09:30:02,$ 3434.29,1
1487,09:30:02,$ 3434.29,1
1488,09:30:02,$ 3434.29,1
1489,09:30:02,$ 3434.29,1
1490,09:30:02,$ 3434.29,32
1492,09:30:02,$ 3434.29,1
1493,09:30:02,$ 3434.29,1
1494,09:30:02,$ 3434.29,1
1495,09:30:02,$ 3434.29,1
1496,09:30:02,$ 3434.29,1
1497,09:30:02,$ 3434.29,1
1498,09:30:02,$ 3434.29,1
1499,09:30:02,$ 3434.29,1
1500,09:30:02,$ 3434.29,1
1501,09:30:02,$ 3434.29,1
1502,09:30:02,$ 3434.29,1
1503,09:30:02,$ 3434.29,1
1504,09:30:02,$ 3434.29,1
1505,09:30:02,$ 3434.29,1
1506,09:30:02,$ 3434.29,1
1507,09:30:02,$ 3434.29,1
1508,09:30:02,$ 3434.29,1
1509,09:30:02,$ 3434.29,1
1510,09:30:02,$ 3434.29,1
1511,09:30:02,$ 3434.29,1
1513,09:30:02,$ 3434.29,4
1514,09:30:02,$ 3434.29,1
1515,09:30:02,$ 3434.29,1
1516,09:30:02,$ 3434.29,1
1517,09:30:02,$ 3434.29,1
1518,09:30:02,$ 3434.29,1
1519,09:30:02,$ 3434.29,1
1520,09:30:02,$ 3434.29,1
1521,09:30:02,$ 3434.29,1
1522,09:30:02,$ 3434.29,10
1523,09:30:02,$ 3434.29,12
1524,09:30:02,$ 3434.29,13
1525,09:30:02,$ 3434.29,3
1526,09:30:02,$ 3434.29,50
1527,09:30:02,$ 3434.29,5
1528,09:30:02,$ 3434.29,1
1529,09:30:02,$ 3434.29,1
1530,09:30:02,$ 3434.29,1
1531,09:30:02,$ 3434.29,1
1532,09:30:02,$ 3434.29,1
1534,09:30:02,$ 3434.29,1
1535,09:30:02,$ 3434.29,1
1536,09:30:02,$ 3434.29,1
1537,09:30:02,$ 3434.29,1
1538,09:30:02,$ 3434.29,1
1539,09:30:02,$ 3434.29,1
1540,09:30:02,$ 3434.29,1
1541,09:30:02,$ 3434.29,1
1542,09:30:02,$ 3434.29,1
1543,09:30:02,$ 3434.29,1
1544,09:30:02,$ 3434.29,1
1545,09:30:02,$ 3434.29,1
1546,09:30:02,$ 3434.29,1
1547,09:30:02,$ 3434.29,3
1548,09:30:02,$ 3434.29,80
1549,09:30:02,$ 3434.29,94
1550,09:30:02,$ 3434.29,10
1551,09:30:02,$ 3434.29,1
1552,09:30:02,$ 3434.29,45
1553,09:30:02,$ 3434.29,3
1555,09:30:02,$ 3434.29,30
1556,09:30:02,$ 3434.29,1
1557,09:30:02,$ 3434.29,1
1558,09:30:02,$ 3434.29,8
1559,09:30:02,$ 3434.29,4
1560,09:30:02,$ 3434.29,1
1561,09:30:02,$ 3434.29,4
1562,09:30:02,$ 3434.29,13
1563,09:30:02,$ 3434.29,8
1564,09:30:02,$ 3434.29,1
1565,09:30:02,$ 3434.29,1
1566,09:30:02,$ 3434.29,1
1567,09:30:02,$ 3434.29,10
1568,09:30:02,$ 3434.29,1
1569,09:30:02,$ 3434.29,1
1570,09:30:02,$ 3434.29,5
1571,09:30:02,$ 3434.29,2
1572,09:30:02,$ 3434.29,42
1573,09:30:02,$ 3434.29,1
1574,09:30:02,$ 3434.29,3
1576,09:30:02,$ 3434.29,3
1577,09:30:02,$ 3434.29,1
1578,09:30:02,$ 3434.29,3
1579,09:30:02,$ 3434.29,5
1580,09:30:02,$ 3434.29,1
1581,09:30:02,$ 3434.29,1
1582,09:30:02,$ 3434.29,1
1583,09:30:02,$ 3434.29,1
1584,09:30:02,$ 3434.29,3
1585,09:30:02,$ 3434.29,10
1586,09:30:02,$ 3434.29,1
1587,09:30:02,$ 3434.29,1
1588,09:30:02,$ 3434.29,3
1589,09:30:02,$ 3434.29,25
1590,09:30:02,$ 3434.29,1
1591,09:30:02,$ 3434.29,1
1592,09:30:02,$ 3434.29,1
1593,09:30:02,$ 3434.29,1
1594,09:30:02,$ 3434.29,1
1595,09:30:02,$ 3434.29,1
1597,09:30:02,$ 3434.29,2
1598,09:30:02,$ 3434.29,1
1599,09:30:02,$ 3434.29,5
1600,09:30:02,$ 3434.29,6
1601,09:30:02,$ 3434.29,1
1602,09:30:02,$ 3434.29,1
1603,09:30:02,$ 3434.29,10
1604,09:30:02,$ 3434.29,2
1605,09:30:02,$ 3434.29,3
1606,09:30:02,$ 3434.29,1
1607,09:30:02,$ 3434.29,1
1608,09:30:02,$ 3434.29,2
1609,09:30:02,$ 3434.29,4
1610,09:30:02,$ 3434.29,7
1611,09:30:02,$ 3434.29,300
1612,09:30:02,$ 3434.29,1
1613,09:30:02,$ 3434.29,1
1614,09:30:02,$ 3434.29,1
1615,09:30:02,$ 3434.29,5
1616,09:30:02,$ 3434.29,6
1618,09:30:02,$ 3434.29,2
1619,09:30:02,$ 3434.29,2
1620,09:30:02,$ 3434.29,1
1621,09:30:02,$ 3434.29,10
1622,09:30:02,$ 3434.29,5
1623,09:30:02,$ 3434.29,40
1624,09:30:02,$ 3434.29,50
1625,09:30:02,$ 3434.29,10
1626,09:30:02,$ 3434.29,85
1627,09:30:02,$ 3434.29,7
1628,09:30:02,$ 3434.29,2
1629,09:30:02,$ 3434.29,40
1630,09:30:02,$ 3434.29,1
1631,09:30:02,$ 3434.29,44
1632,09:30:02,$ 3434.29,2
1633,09:30:02,$ 3434.29,3
1634,09:30:02,$ 3434.29,2
1635,09:30:02,$ 3434.29,2
1636,09:30:02,$ 3434.29,18
1637,09:30:02,$ 3434.29,4
1639,09:30:02,$ 3434.29,3
1640,09:30:02,$ 3434.29,2
1641,09:30:02,$ 3434.29,3
1642,09:30:02,$ 3434.29,3
1643,09:30:02,$ 3434.29,2
1644,09:30:02,$ 3434.29,2
1645,09:30:02,$ 3434.29,3
1646,09:30:02,$ 3434.29,4
1647,09:30:02,$ 3434.29,1
1648,09:30:02,$ 3434.29,3
1649,09:30:02,$ 3434.29,6
1650,09:30:02,$ 3434.29,2
1651,09:30:02,$ 3434.29,1
1652,09:30:02,$ 3434.29,13
1653,09:30:02,$ 3434.29,3
1654,09:30:02,$ 3434.29,28
1655,09:30:02,$ 3434.29,1
1656,09:30:02,$ 3434.29,3
1657,09:30:02,$ 3434.29,4
1658,09:30:02,$ 3434.29,1
1660,09:30:02,$ 3434.29,2
1661,09:30:02,$ 3434.29,9
1662,09:30:02,$ 3434.29,6
1663,09:30:02,$ 3434.29,170
1664,09:30:02,$ 3434.29,4
1665,09:30:02,$ 3434.29,9
1666,09:30:02,$ 3434.29,5
1667,09:30:02,$ 3434.29,2
1668,09:30:02,$ 3434.29,7
1669,09:30:02,$ 3434.29,7
1670,09:30:02,$ 3434.29,1
1671,09:30:02,$ 3434.29,1
1672,09:30:02,$ 3434.29,2
1673,09:30:02,$ 3434.29,10
1674,09:30:02,$ 3434.29,5
1675,09:30:02,$ 3434.29,2
1676,09:30:02,$ 3434.29,22
1677,09:30:02,$ 3434.29,40
1678,09:30:02,$ 3434.29,3
1679,09:30:02,$ 3434.29,2
1681,09:30:02,$ 3434.29,5
1682,09:30:02,$ 3434.29,2
1683,09:30:02,$ 3434.29,48
1684,09:30:02,$ 3434.29,200
1685,09:30:02,$ 3434.29,3
1686,09:30:02,$ 3434.29,6
1687,09:30:02,$ 3434.29,20
1688,09:30:02,$ 3434.29,10
1689,09:30:02,$ 3434.29,1
1690,09:30:02,$ 3434.29,10
1691,09:30:02,$ 3434.29,1
1692,09:30:02,$ 3434.29,1
1693,09:30:02,$ 3434.29,41
1694,09:30:02,$ 3434.29,71
1695,09:30:02,$ 3434.29,1
1696,09:30:02,$ 3434.29,1
1697,09:30:02,$ 3434.29,23
1698,09:30:02,$ 3434.29,23
1699,09:30:02,$ 3434.29,71
1700,09:30:02,$ 3434.29,15
1702,09:30:02,$ 3434.29,72
1703,09:30:02,$ 3434.29,25
1704,09:30:02,$ 3434.29,5
1705,09:30:02,$ 3434.29,1
1706,09:30:02,$ 3434.29,23
1707,09:30:02,$ 3434.29,2
1708,09:30:02,$ 3434.29,100
1709,09:30:02,$ 3434.29,71
1710,09:30:02,$ 3434.29,5
1711,09:30:02,$ 3434.29,173
1712,09:30:02,$ 3434.29,4
1713,09:30:02,$ 3434.29,1
1714,09:30:02,$ 3434.29,1
1715,09:30:02,$ 3434.29,5
1716,09:30:02,$ 3434.29,2
1717,09:30:02,$ 3434.29,189
1718,09:30:02,$ 3434.29,40
1719,09:30:02,$ 3434.29,71
1720,09:30:02,$ 3434.29,800
1721,09:30:02,$ 3434.29,71
1723,09:30:02,$ 3434.29,5
1724,09:30:02,$ 3434.29,1
1725,09:30:02,$ 3434.29,100
1726,09:30:02,$ 3434.29,2
1727,09:30:02,$ 3434.29,1
1728,09:30:02,$ 3434.29,36
1729,09:30:02,$ 3434.29,36
1730,09:30:02,$ 3434.29,35
1731,09:30:02,$ 3434.29,1
1732,09:30:02,$ 3434.29,36
1733,09:30:02,$ 3434.29,35
1734,09:30:02,$ 3434.29,36
1735,09:30:02,$ 3434.29,36
1736,09:30:02,$ 3434.29,35
1737,09:30:02,$ 3434.29,1
1738,09:30:02,$ 3434.29,3
1739,09:30:02,$ 3434.29,36
1740,09:30:02,$ 3434.29,2
1741,09:30:02,$ 3434.29,1
1742,09:30:02,$ 3434.29,5
1744,09:30:02,$ 3434.29,35
1745,09:30:02,$ 3434.29,1
1746,09:30:02,$ 3434.29,29
1747,09:30:02,$ 3434.29,1
1748,09:30:02,$ 3434.29,36
1749,09:30:02,$ 3434.29,1
1750,09:30:02,$ 3434.29,15
1751,09:30:02,$ 3434.29,100
1752,09:30:02,$ 3434.29,100
1753,09:30:02,$ 3434.29,3
1754,09:30:02,$ 3434.29,3
1755,09:30:02,$ 3434.29,1
1756,09:30:02,$ 3434.29,222
1757,09:30:02,$ 3434.29,4
1758,09:30:02,$ 3434.29,5
1759,09:30:02,$ 3434.29,1
1760,09:30:02,$ 3434.29,3
1761,09:30:02,$ 3434.29,193
1762,09:30:02,$ 3434.29,100
1763,09:30:02,$ 3434.29,2
1765,09:30:02,$ 3434.29,5
1766,09:30:02,$ 3434.29,3
1767,09:30:02,$ 3434.29,30
1768,09:30:02,$ 3434.29,10
1769,09:30:02,$ 3434.29,2
1770,09:30:02,$ 3434.29,1
1771,09:30:02,$ 3434.29,5
1772,09:30:02,$ 3434.29,5
1773,09:30:02,$ 3434.29,10
1774,09:30:02,$ 3434.29,5
1775,09:30:02,$ 3434.29,1
1776,09:30:02,$ 3434.29,1
1777,09:30:02,$ 3434.29,1
1778,09:30:02,$ 3434.29,2
1779,09:30:02,$ 3434.29,1
1780,09:30:02,$ 3434.29,1
1781,09:30:02,$ 3434.29,10
1782,09:30:02,$ 3434.29,1
1783,09:30:02,$ 3434.29,3
1784,09:30:02,$ 3434.29,1
1786,09:30:02,$ 3434.29,100
1787,09:30:02,$ 3434.29,3
1788,09:30:02,$ 3434.29,12
1789,09:30:02,$ 3434.29,1
1790,09:30:02,$ 3434.29,1
1791,09:30:02,$ 3434.29,1
1792,09:30:02,$ 3434.29,6
1793,09:30:02,$ 3434.29,2
1794,09:30:02,$ 3434.29,1
1795,09:30:02,$ 3434.29,5
1796,09:30:02,$ 3434.29,15
1797,09:30:02,$ 3434.29,29
1798,09:30:02,$ 3434.29,1
1799,09:30:02,$ 3434.29,2
1800,09:30:02,$ 3434.29,2
1801,09:30:02,$ 3434.29,1
1802,09:30:02,$ 3434.29,1
1803,09:30:02,$ 3434.29,1
1804,09:30:02,$ 3434.29,1
1805,09:30:02,$ 3434.29,29
1807,09:30:02,$ 3434.29,5
1808,09:30:02,$ 3434.29,1
1809,09:30:02,$ 3434.29,1
1810,09:30:02,$ 3434.29,8
1811,09:30:02,$ 3434.29,1
1812,09:30:02,$ 3434.29,10
1813,09:30:02,$ 3434.29,2
1814,09:30:02,$ 3434.29,20
1815,09:30:02,$ 3434.29,3
1816,09:30:02,$ 3434.29,1
1817,09:30:02,$ 3434.29,30
1818,09:30:02,$ 3434.29,1
1819,09:30:02,$ 3434.29,3
1820,09:30:02,$ 3434.29,3
1821,09:30:02,$ 3434.29,10
1822,09:30:02,$ 3434.29,1
1823,09:30:02,$ 3434.29,24
1824,09:30:02,$ 3434.29,1
1825,09:30:02,$ 3434.29,3
1826,09:30:02,$ 3434.29,1
1828,09:30:02,$ 3434.29,1
1829,09:30:02,$ 3434.29,25
1830,09:30:02,$ 3434.29,1
1831,09:30:02,$ 3434.29,1
1832,09:30:02,$ 3434.29,12
1833,09:30:02,$ 3434.29,5
1834,09:30:02,$ 3434.29,25
1835,09:30:02,$ 3434.29,1
1836,09:30:02,$ 3434.29,1
1837,09:30:02,$ 3434.29,3
1838,09:30:02,$ 3434.29,80
1839,09:30:02,$ 3434.29,5
1840,09:30:02,$ 3434.29,1
1841,09:30:02,$ 3434.29,10
1842,09:30:02,$ 3434.29,35
1843,09:30:02,$ 3434.29,29
1844,09:30:02,$ 3434.29,50
1845,09:30:02,$ 3434.29,6
1846,09:30:02,$ 3434.29,30
1847,09:30:02,$ 3434.29,1
1849,09:30:02,$ 3434.29,1
1850,09:30:02,$ 3434.29,1
1851,09:30:02,$ 3434.29,1
1852,09:30:02,$ 3434.29,1
1853,09:30:02,$ 3434.29,1
1854,09:30:02,$ 3434.29,1
1855,09:30:02,$ 3434.29,1
1856,09:30:02,$ 3434.29,1
1857,09:30:02,$ 3434.29,1
1858,09:30:02,$ 3434.29,1
1859,09:30:02,$ 3434.29,312
1860,09:30:02,$ 3434.29,5
1861,09:30:02,$ 3434.29,2
1862,09:30:02,$ 3434.29,1
1863,09:30:02,$ 3434.29,2
1864,09:30:02,$ 3434.29,3
1865,09:30:02,$ 3434.29,2
1866,09:30:02,$ 3434.29,1
1867,09:30:02,$ 3434.29,6
1868,09:30:02,$ 3434.29,27
1870,09:30:02,$ 3434.29,1
1871,09:30:02,$ 3434.29,1
1872,09:30:02,$ 3434.29,1
1873,09:30:02,$ 3434.29,35
1874,09:30:02,$ 3434.29,7
1875,09:30:02,$ 3434.29,1
1876,09:30:02,$ 3434.29,5
1877,09:30:02,$ 3434.29,1
1878,09:30:02,$ 3434.29,2
1879,09:30:02,$ 3434.29,1
1880,09:30:02,$ 3434.29,1
1881,09:30:02,$ 3434.29,2
1882,09:30:02,$ 3434.29,1
1883,09:30:02,$ 3434.29,13
1884,09:30:02,$ 3434.29,1
1885,09:30:02,$ 3434.29,14
1886,09:30:02,$ 3434.29,2
1887,09:30:02,$ 3434.29,4
1888,09:30:02,$ 3434.29,1
1889,09:30:02,$ 3434.29,2
1891,09:30:02,$ 3434.29,1
1892,09:30:02,$ 3434.29,1
1893,09:30:02,$ 3434.29,1
1894,09:30:02,$ 3434.29,1
1895,09:30:02,$ 3434.29,5
1896,09:30:02,$ 3434.29,5
1897,09:30:02,$ 3434.29,10
1898,09:30:02,$ 3434.29,1
1899,09:30:02,$ 3434.29,5
1900,09:30:02,$ 3434.29,1
1901,09:30:02,$ 3434.29,5
1902,09:30:02,$ 3434.29,1
1903,09:30:02,$ 3434.29,1
1904,09:30:02,$ 3434.29,2
1905,09:30:02,$ 3434.29,3
1906,09:30:02,$ 3434.29,3
1907,09:30:02,$ 3434.29,1
1908,09:30:02,$ 3434.29,1
1909,09:30:02,$ 3434.29,2
1910,09:30:02,$ 3434.29,1
1912,09:30:02,$ 3434.29,4
1913,09:30:02,$ 3434.29,1
1914,09:30:02,$ 3434.29,2
1915,09:30:02,$ 3434.29,1
1916,09:30:02,$ 3434.29,5
1917,09:30:02,$ 3434.29,5
1918,09:30:02,$ 3434.29,4
1919,09:30:02,$ 3434.29,1
1920,09:30:02,$ 3434.29,5
1921,09:30:02,$ 3434.29,5
1922,09:30:02,$ 3434.29,10
1923,09:30:02,$ 3434.29,1
1924,09:30:02,$ 3434.29,1
1925,09:30:02,$ 3434.29,1
1926,09:30:02,$ 3434.29,30
1927,09:30:02,$ 3434.29,8
1928,09:30:02,$ 3434.29,2
1929,09:30:02,$ 3434.29,1
1930,09:30:02,$ 3434.29,1
1931,09:30:02,$ 3434.29,1
1933,09:30:02,$ 3434.29,40
1934,09:30:02,$ 3434.29,14
1935,09:30:02,$ 3434.29,25
1936,09:30:02,$ 3434.29,2
1937,09:30:02,$ 3434.29,2
1938,09:30:02,$ 3434.29,5
1939,09:30:02,$ 3434.29,19
1940,09:30:02,$ 3434.29,1
1941,09:30:02,$ 3434.29,1
1942,09:30:02,$ 3434.29,1
1943,09:30:02,$ 3434.29,10
1944,09:30:02,$ 3434.29,5
1945,09:30:02,$ 3434.29,5
1946,09:30:02,$ 3434.29,6
1947,09:30:02,$ 3434.29,1
1948,09:30:02,$ 3434.29,3
1949,09:30:02,$ 3434.29,1
1950,09:30:02,$ 3434.29,13
1951,09:30:02,$ 3434.29,8
1952,09:30:02,$ 3434.29,2
1954,09:30:02,$ 3434.29,2
1955,09:30:02,$ 3434.29,30
1956,09:30:02,$ 3434.29,1
1957,09:30:02,$ 3434.29,2
1958,09:30:02,$ 3434.29,4
1959,09:30:02,$ 3434.29,1
1960,09:30:02,$ 3434.29,2
1961,09:30:02,$ 3434.29,2
1962,09:30:02,$ 3434.29,10
1963,09:30:02,$ 3434.29,5
1964,09:30:02,$ 3434.29,2
1965,09:30:02,$ 3434.29,5
1966,09:30:02,$ 3434.29,6
1967,09:30:02,$ 3434.29,3
1968,09:30:02,$ 3434.29,3
1969,09:30:02,$ 3434.29,888
1970,09:30:02,$ 3434.29,710
1971,09:30:02,$ 3434.29,2
1972,09:30:02,$ 3434.29,1
1973,09:30:02,$ 3434.29,6
1975,09:30:02,$ 3434.29,3
1976,09:30:02,$ 3434.29,5
1977,09:30:02,$ 3434.29,1
1978,09:30:02,$ 3434.29,401
1979,09:30:02,$ 3434.29,600
1980,09:30:02,$ 3434.29,1
1981,09:30:02,$ 3434.29,1
1982,09:30:02,$ 3434.29,1
1983,09:30:02,$ 3434.29,3
1984,09:30:02,$ 3434.29,1
1985,09:30:02,$ 3434.29,1
1986,09:30:02,$ 3434.29,5
1987,09:30:02,$ 3434.29,1
1988,09:30:02,$ 3434.29,6
1989,09:30:02,$ 3434.29,3
1990,09:30:02,$ 3434.29,15
1991,09:30:02,$ 3434.29,2
1992,09:30:02,$ 3434.29,16
1993,09:30:02,$ 3434.29,1
1994,09:30:02,$ 3434.29,10
1996,09:30:02,$ 3434.29,1
1997,09:30:02,$ 3434.29,1
1998,09:30:02,$ 3434.29,5
1999,09:30:02,$ 3434.29,1
2000,09:30:02,$ 3434.29,1
2001,09:30:02,$ 3434.29,1
2002,09:30:02,$ 3434.29,1
2003,09:30:02,$ 3434.29,1
2004,09:30:02,$ 3434.29,3
2005,09:30:02,$ 3434.29,1
2006,09:30:02,$ 3434.29,2
2007,09:30:02,$ 3434.29,1
2008,09:30:02,$ 3434.29,1
2009,09:30:02,$ 3434.29,1
2010,09:30:02,$ 3434.29,1
2011,09:30:02,$ 3434.29,1
2012,09:30:02,$ 3434.29,1
2013,09:30:02,$ 3434.29,200
2014,09:30:02,$ 3434.29,18
2015,09:30:02,$ 3434.29,6
2017,09:30:02,$ 3434.29,67
2018,09:30:02,$ 3434.29,6
2019,09:30:02,$ 3434.29,1
2020,09:30:02,$ 3434.29,5
2021,09:30:02,$ 3434.29,1
2022,09:30:02,$ 3434.29,3
2023,09:30:02,$ 3434.29,5
2024,09:30:02,$ 3434.29,1
2025,09:30:02,$ 3434.29,33
2026,09:30:02,$ 3434.29,4
2027,09:30:02,$ 3434.29,3
2028,09:30:02,$ 3434.29,8
2029,09:30:02,$ 3434.29,1
2030,09:30:02,$ 3434.29,3
2031,09:30:02,$ 3434.29,5
2032,09:30:02,$ 3434.29,4
2033,09:30:02,$ 3434.29,1
2034,09:30:02,$ 3434.29,2
2035,09:30:02,$ 3434.29,22
2036,09:30:02,$ 3434.29,2
2038,09:30:02,$ 3434.29,32
2039,09:30:02,$ 3434.29,22
2040,09:30:02,$ 3434.29,4
2041,09:30:02,$ 3434.29,2
2042,09:30:02,$ 3434.29,3
2043,09:30:02,$ 3434.29,4
2044,09:30:02,$ 3434.29,291
2045,09:30:02,$ 3434.29,2
2046,09:30:02,$ 3434.29,3
2047,09:30:02,$ 3434.29,3
2048,09:30:02,$ 3434.29,1
2049,09:30:02,$ 3434.29,7
2050,09:30:02,$ 3434.29,1
2051,09:30:02,$ 3434.29,2
2052,09:30:02,$ 3434.29,5
2053,09:30:02,$ 3434.29,1
2054,09:30:02,$ 3434.29,1
2055,09:30:02,$ 3434.29,1
2056,09:30:02,$ 3434.29,4
2057,09:30:02,$ 3434.29,1
2059,09:30:02,$ 3434.29,12
2060,09:30:02,$ 3434.29,2
2061,09:30:02,$ 3434.29,2
2062,09:30:02,$ 3434.29,1
2063,09:30:02,$ 3434.29,1
2064,09:30:02,$ 3434.29,2
2065,09:30:02,$ 3434.29,1
2066,09:30:02,$ 3434.29,1
2067,09:30:02,$ 3434.29,1
2068,09:30:02,$ 3434.29,6
2069,09:30:02,$ 3434.29,1
2070,09:30:02,$ 3434.29,2
2071,09:30:02,$ 3434.29,10
2072,09:30:02,$ 3434.29,5
2073,09:30:02,$ 3434.29,5
2074,09:30:02,$ 3434.29,1
2075,09:30:02,$ 3434.29,42
2076,09:30:02,$ 3434.29,10
2077,09:30:02,$ 3434.29,2
2078,09:30:02,$ 3434.29,9
2080,09:30:02,$ 3434.29,1
2081,09:30:02,$ 3434.29,4
2082,09:30:02,$ 3434.29,2
2083,09:30:02,$ 3434.29,1
2084,09:30:02,$ 3434.29,5
2085,09:30:02,$ 3434.29,415
2086,09:30:02,$ 3434.29,7
2087,09:30:02,$ 3434.29,58
2088,09:30:02,$ 3434.29,8
2089,09:30:02,$ 3434.29,2
2090,09:30:02,$ 3434.29,2
2091,09:30:02,$ 3434.29,8
2092,09:30:02,$ 3434.29,1
2093,09:30:02,$ 3434.29,1
2094,09:30:02,$ 3434.29,1
2095,09:30:02,$ 3434.29,2
2096,09:30:02,$ 3434.29,10
2097,09:30:02,$ 3434.29,1
2098,09:30:02,$ 3434.29,2
2099,09:30:02,$ 3434.29,1
2101,09:30:02,$ 3434.29,1
2102,09:30:02,$ 3434.29,1
2103,09:30:02,$ 3434.29,1
2104,09:30:02,$ 3434.29,1
2105,09:30:02,$ 3434.29,5
2106,09:30:02,$ 3434.29,1
2107,09:30:02,$ 3434.29,1
2108,09:30:02,$ 3434.29,1
2109,09:30:02,$ 3434.29,1
2110,09:30:02,$ 3434.29,1
2111,09:30:02,$ 3434.29,1
2112,09:30:02,$ 3434.29,1
2113,09:30:02,$ 3434.29,33
2114,09:30:02,$ 3434.29,80
2115,09:30:02,$ 3434.29,2
2116,09:30:02,$ 3434.29,3
2117,09:30:02,$ 3434.29,46
2118,09:30:02,$ 3434.29,5
2119,09:30:02,$ 3434.29,3
2120,09:30:02,$ 3434.29,3
2122,09:30:02,$ 3434.29,2
2123,09:30:02,$ 3434.29,3
2124,09:30:02,$ 3434.29,11
2125,09:30:02,$ 3434.29,1
2126,09:30:02,$ 3434.29,2
2127,09:30:02,$ 3434.29,1
2128,09:30:02,$ 3434.29,2
2129,09:30:02,$ 3434.29,1
2130,09:30:02,$ 3434.29,1
2131,09:30:02,$ 3434.29,1
2132,09:30:02,$ 3434.29,1
2133,09:30:02,$ 3434.29,1
2134,09:30:02,$ 3434.29,4
2135,09:30:02,$ 3434.29,70
2136,09:30:02,$ 3434.29,2
2137,09:30:02,$ 3434.29,14
2138,09:30:02,$ 3434.29,2
2139,09:30:02,$ 3434.29,2
2140,09:30:02,$ 3434.29,32
2141,09:30:02,$ 3434.29,3
2143,09:30:02,$ 3434.29,1
2144,09:30:02,$ 3434.29,"2,000"
2145,09:30:02,$ 3434.29,1
2146,09:30:02,$ 3434.29,7
2147,09:30:02,$ 3434.29,1
2148,09:30:02,$ 3434.29,1
2149,09:30:02,$ 3434.29,1
2150,09:30:02,$ 3434.29,1
2151,09:30:02,$ 3434.29,7
2152,09:30:02,$ 3434.29,1
2153,09:30:02,$ 3434.29,2
2154,09:30:02,$ 3434.29,1
2155,09:30:02,$ 3434.29,1
2156,09:30:02,$ 3434.29,1
2157,09:30:02,$ 3434.29,3
2158,09:30:02,$ 3434.29,7
2159,09:30:02,$ 3434.29,70
2160,09:30:02,$ 3434.29,2
2161,09:30:02,$ 3434.29,4
2162,09:30:02,$ 3434.29,3
2164,09:30:02,$ 3434.29,3
2165,09:30:02,$ 3434.29,2
2166,09:30:02,$ 3434.29,1
2167,09:30:02,$ 3434.29,2
2168,09:30:02,$ 3434.29,2
2169,09:30:02,$ 3434.29,2
2170,09:30:02,$ 3434.29,1
2171,09:30:02,$ 3434.29,1
2172,09:30:02,$ 3434.29,1
2173,09:30:02,$ 3434.29,1
2174,09:30:02,$ 3434.29,7
2175,09:30:02,$ 3434.29,9
2176,09:30:02,$ 3434.29,9
2177,09:30:02,$ 3434.29,64
2178,09:30:02,$ 3434.29,30
2179,09:30:02,$ 3434.29,1
2180,09:30:02,$ 3434.29,100
2181,09:30:02,$ 3434.29,20
2182,09:30:02,$ 3434.29,30
2183,09:30:02,$ 3434.29,6
2185,09:30:02,$ 3434.29,6
2186,09:30:02,$ 3434.29,10
2187,09:30:02,$ 3434.29,10
2188,09:30:02,$ 3434.29,1
2189,09:30:02,$ 3434.29,80
2190,09:30:02,$ 3434.29,1
2191,09:30:02,$ 3434.29,6
2192,09:30:02,$ 3434.29,30
2193,09:30:02,$ 3434.29,640
2194,09:30:02,$ 3434.29,4
2195,09:30:02,$ 3434.29,12
2196,09:30:02,$ 3434.29,20
2197,09:30:02,$ 3434.29,20
2198,09:30:02,$ 3434.29,2
2199,09:30:02,$ 3434.29,3
2200,09:30:02,$ 3434.29,1
2201,09:30:02,$ 3434.29,1
2202,09:30:02,$ 3434.29,6
2203,09:30:02,$ 3434.29,2
2204,09:30:02,$ 3434.29,290
2206,09:30:02,$ 3434.29,1
2207,09:30:02,$ 3434.29,15
2208,09:30:02,$ 3434.29,30
2209,09:30:02,$ 3434.29,10
2210,09:30:02,$ 3434.29,10
2211,09:30:02,$ 3434.29,1
2212,09:30:02,$ 3434.29,10
2213,09:30:02,$ 3434.29,177
2214,09:30:02,$ 3434.29,4
2215,09:30:02,$ 3434.29,5
2216,09:30:02,$ 3434.29,1
2217,09:30:02,$ 3434.29,3
2218,09:30:02,$ 3434.29,1
2219,09:30:02,$ 3434.29,1
2220,09:30:02,$ 3434.29,10
2221,09:30:02,$ 3434.29,5
2222,09:30:02,$ 3434.29,16
2223,09:30:02,$ 3434.29,22
2224,09:30:02,$ 3434.29,10
2225,09:30:02,$ 3434.29,14
2227,09:30:02,$ 3434.29,10
2228,09:30:02,$ 3434.29,1
2229,09:30:02,$ 3434.29,105
2230,09:30:02,$ 3434.29,52
2231,09:30:02,$ 3434.29,3
2232,09:30:02,$ 3434.29,2
2233,09:30:02,$ 3434.29,17
2234,09:30:02,$ 3434.29,30
2235,09:30:02,$ 3434.29,6
2236,09:30:02,$ 3434.29,28
2237,09:30:02,$ 3434.29,43
2238,09:30:02,$ 3434.29,2
2239,09:30:02,$ 3434.29,5
2240,09:30:02,$ 3434.29,5
2241,09:30:02,$ 3434.29,4
2242,09:30:02,$ 3434.29,145
2243,09:30:02,$ 3434.29,5
2244,09:30:02,$ 3434.29,1
2245,09:30:02,$ 3434.29,7
2246,09:30:02,$ 3434.29,17
2248,09:30:02,$ 3434.29,65
2249,09:30:02,$ 3434.29,1
2250,09:30:02,$ 3434.29,6
2251,09:30:02,$ 3434.29,9
2252,09:30:02,$ 3434.29,10
2253,09:30:02,$ 3434.29,2
2254,09:30:02,$ 3434.29,10
2255,09:30:02,$ 3434.29,3
2256,09:30:02,$ 3434.29,30
2257,09:30:02,$ 3434.29,5
2258,09:30:02,$ 3434.29,14
2259,09:30:02,$ 3434.29,1
2260,09:30:02,$ 3434.29,19
2261,09:30:02,$ 3434.29,1
2262,09:30:02,$ 3434.29,900
2263,09:30:02,$ 3434.29,70
2264,09:30:02,$ 3434.29,97
2265,09:30:02,$ 3434.29,2
2266,09:30:02,$ 3434.29,3
2267,09:30:02,$ 3434.29,25
2269,09:30:02,$ 3434.29,200
2270,09:30:02,$ 3434.29,7
2271,09:30:02,$ 3434.29,7
2272,09:30:02,$ 3434.29,1
2273,09:30:02,$ 3434.29,5
2274,09:30:02,$ 3434.29,3
2275,09:30:02,$ 3434.29,1
2276,09:30:02,$ 3434.29,2
2277,09:30:02,$ 3434.29,3
2278,09:30:02,$ 3434.29,1
2279,09:30:02,$ 3434.29,2
2280,09:30:02,$ 3434.29,8
2281,09:30:02,$ 3434.29,21
2282,09:30:02,$ 3434.29,1
2283,09:30:02,$ 3434.29,4
2284,09:30:02,$ 3434.29,1
2285,09:30:02,$ 3434.29,1
2286,09:30:02,$ 3434.29,1
2287,09:30:02,$ 3434.29,3
2288,09:30:02,$ 3434.29,100
2290,09:30:02,$ 3434.29,1
2291,09:30:02,$ 3434.29,5
2292,09:30:02,$ 3434.29,2
2293,09:30:02,$ 3434.29,190
2294,09:30:02,$ 3434.29,1
2295,09:30:02,$ 3434.29,18
2296,09:30:02,$ 3434.29,5
2297,09:30:02,$ 3434.29,1
2298,09:30:02,$ 3434.29,2
2299,09:30:02,$ 3434.29,40
2300,09:30:02,$ 3434.29,1
2301,09:30:02,$ 3434.29,203
2302,09:30:02,$ 3434.29,3
2303,09:30:02,$ 3434.29,5
2304,09:30:02,$ 3434.29,6
2305,09:30:02,$ 3434.29,11
2306,09:30:02,$ 3434.29,73
2307,09:30:02,$ 3434.29,5
2308,09:30:02,$ 3434.29,5
2309,09:30:02,$ 3434.29,5
2311,09:30:02,$ 3434.29,8
2312,09:30:02,$ 3434.29,2
2313,09:30:02,$ 3434.29,2
2314,09:30:02,$ 3434.29,10
2315,09:30:02,$ 3434.29,1
2316,09:30:02,$ 3434.29,3
2317,09:30:02,$ 3434.29,1
2318,09:30:02,$ 3434.29,2
2319,09:30:02,$ 3434.29,1
2320,09:30:02,$ 3434.29,4
2321,09:30:02,$ 3434.29,2
2322,09:30:02,$ 3434.29,1
2323,09:30:02,$ 3434.29,3
2324,09:30:02,$ 3434.29,2
2325,09:30:02,$ 3434.29,364
2326,09:30:02,$ 3434.29,10
2327,09:30:02,$ 3434.29,1
2328,09:30:02,$ 3434.29,1
2329,09:30:02,$ 3434.29,3
2330,09:30:02,$ 3434.29,25
2332,09:30:02,$ 3434.29,15
2333,09:30:02,$ 3434.29,3
2334,09:30:02,$ 3434.29,3
2335,09:30:02,$ 3434.29,1
2336,09:30:02,$ 3434.29,70
2337,09:30:02,$ 3434.29,116
2338,09:30:02,$ 3434.29,8
2339,09:30:02,$ 3434.29,1
2340,09:30:02,$ 3434.29,10
2341,09:30:02,$ 3434.29,10
2342,09:30:02,$ 3434.29,18
2343,09:30:02,$ 3434.29,3
2344,09:30:02,$ 3434.29,1
2345,09:30:02,$ 3434.29,3
2346,09:30:02,$ 3434.29,58
2347,09:30:02,$ 3434.29,10
2348,09:30:02,$ 3434.29,2
2349,09:30:02,$ 3434.29,1
2350,09:30:02,$ 3434.29,178
2351,09:30:02,$ 3434.29,1
2353,09:30:02,$ 3434.29,10
2354,09:30:02,$ 3434.29,3
2355,09:30:02,$ 3434.29,1
2356,09:30:02,$ 3434.29,2
2357,09:30:02,$ 3434.29,3
2358,09:30:02,$ 3434.29,2
2359,09:30:02,$ 3434.29,10
2360,09:30:02,$ 3434.29,1
2361,09:30:02,$ 3434.29,1
2362,09:30:02,$ 3434.29,7
2363,09:30:02,$ 3434.29,20
2364,09:30:02,$ 3434.29,34
2365,09:30:02,$ 3434.29,5
2366,09:30:02,$ 3434.29,28
2367,09:30:02,$ 3434.29,1
2368,09:30:02,$ 3434.29,3
2369,09:30:02,$ 3434.29,4
2370,09:30:02,$ 3434.29,2
2371,09:30:02,$ 3434.29,5
2372,09:30:02,$ 3434.29,6
2374,09:30:02,$ 3434.29,4
2375,09:30:02,$ 3434.29,4
2376,09:30:02,$ 3434.29,2
2377,09:30:02,$ 3434.29,5
2378,09:30:02,$ 3434.29,1
2379,09:30:02,$ 3434.29,1
2380,09:30:02,$ 3434.29,10
2381,09:30:02,$ 3434.29,6
2382,09:30:02,$ 3434.29,1
2383,09:30:02,$ 3434.29,2
2384,09:30:02,$ 3434.29,1
2385,09:30:02,$ 3434.29,6
2386,09:30:02,$ 3434.29,1
2387,09:30:02,$ 3434.29,1
2388,09:30:02,$ 3434.29,1
2389,09:30:02,$ 3434.29,2
2390,09:30:02,$ 3434.29,1
2391,09:30:02,$ 3434.29,100
2392,09:30:02,$ 3434.29,200
2393,09:30:02,$ 3434.29,1
2395,09:30:02,$ 3434.29,3
2396,09:30:02,$ 3434.29,86
2397,09:30:02,$ 3434.29,12
2398,09:30:02,$ 3434.29,1
2399,09:30:02,$ 3434.29,3
2400,09:30:02,$ 3434.29,1
2401,09:30:02,$ 3434.29,1
2402,09:30:02,$ 3434.29,6
2403,09:30:02,$ 3434.29,1
2404,09:30:02,$ 3434.29,3
2405,09:30:02,$ 3434.29,9
2406,09:30:02,$ 3434.29,165
2407,09:30:02,$ 3434.29,20
2408,09:30:02,$ 3434.29,1
2409,09:30:02,$ 3434.29,1
2410,09:30:02,$ 3434.29,2
2411,09:30:02,$ 3434.29,2
2412,09:30:02,$ 3434.29,1
2413,09:30:02,$ 3434.29,20
2414,09:30:02,$ 3434.29,38
2416,09:30:02,$ 3434.29,5
2417,09:30:02,$ 3434.29,2
2418,09:30:02,$ 3434.29,1
2419,09:30:02,$ 3434.29,4
2420,09:30:02,$ 3434.29,4
2421,09:30:02,$ 3434.29,115
2422,09:30:02,$ 3434.29,1
2423,09:30:02,$ 3434.29,4
2424,09:30:02,$ 3434.29,1
2425,09:30:02,$ 3434.29,5
2426,09:30:02,$ 3434.29,279
2427,09:30:02,$ 3434.29,8
2428,09:30:02,$ 3434.29,9
2429,09:30:02,$ 3434.29,2
2430,09:30:02,$ 3434.29,586
2431,09:30:02,$ 3434.29,2
2432,09:30:02,$ 3434.29,9
2433,09:30:02,$ 3434.29,1
2434,09:30:02,$ 3434.29,1
2435,09:30:02,$ 3434.29,2
2437,09:30:02,$ 3434.29,1
2438,09:30:02,$ 3434.29,2
2439,09:30:02,$ 3434.29,15
2440,09:30:02,$ 3434.29,2
2441,09:30:02,$ 3434.29,2
2442,09:30:02,$ 3434.29,15
2443,09:30:02,$ 3434.29,1
2444,09:30:02,$ 3434.29,1
2445,09:30:02,$ 3434.29,1
2446,09:30:02,$ 3434.29,1
2447,09:30:02,$ 3434.29,1
2448,09:30:02,$ 3434.29,5
2449,09:30:02,$ 3434.29,5
2450,09:30:02,$ 3434.29,1
2451,09:30:02,$ 3434.29,2
2452,09:30:02,$ 3434.29,4
2453,09:30:02,$ 3434.29,1
2454,09:30:02,$ 3434.29,7
2455,09:30:02,$ 3434.29,2
2456,09:30:02,$ 3434.29,1
2458,09:30:02,$ 3434.29,1
2459,09:30:02,$ 3434.29,3
2460,09:30:02,$ 3434.29,5
2461,09:30:02,$ 3434.29,2
2462,09:30:02,$ 3434.29,1
2463,09:30:02,$ 3434.29,2
2464,09:30:02,$ 3434.29,1
2465,09:30:02,$ 3434.29,1
2466,09:30:02,$ 3434.29,16
2467,09:30:02,$ 3434.29,1
2468,09:30:02,$ 3434.29,5
2469,09:30:02,$ 3434.29,2
2470,09:30:02,$ 3434.29,1
2471,09:30:02,$ 3434.29,16
2472,09:30:02,$ 3434.29,10
2473,09:30:02,$ 3434.29,1
2474,09:30:02,$ 3434.29,10
2475,09:30:02,$ 3434.29,10
2476,09:30:02,$ 3434.29,5
2477,09:30:02,$ 3434.29,4
2479,09:30:02,$ 3434.29,1
2480,09:30:02,$ 3434.29,1
2481,09:30:02,$ 3434.29,1
2482,09:30:02,$ 3434.29,50
2483,09:30:02,$ 3434.29,10
2484,09:30:02,$ 3434.29,1
2485,09:30:02,$ 3434.29,6
2486,09:30:02,$ 3434.29,2
2487,09:30:02,$ 3434.29,1
2488,09:30:02,$ 3434.29,9
2489,09:30:02,$ 3434.29,131
2490,09:30:02,$ 3434.29,15
2491,09:30:02,$ 3434.29,20
2492,09:30:02,$ 3434.29,139
2493,09:30:02,$ 3434.29,5
2494,09:30:02,$ 3434.29,5
2495,09:30:02,$ 3434.29,72
2496,09:30:02,$ 3434.29,25
2497,09:30:02,$ 3434.29,2
2498,09:30:02,$ 3434.29,2
2500,09:30:02,$ 3434.29,71
2501,09:30:02,$ 3434.29,2
2502,09:30:02,$ 3434.29,10
2503,09:30:02,$ 3434.29,71
2504,09:30:02,$ 3434.29,1
2505,09:30:02,$ 3434.29,1
2506,09:30:02,$ 3434.29,100
2507,09:30:02,$ 3434.29,5
2508,09:30:02,$ 3434.29,1
2509,09:30:02,$ 3434.29,5
2510,09:30:02,$ 3434.29,2
2511,09:30:02,$ 3434.29,1
2512,09:30:02,$ 3434.29,200
2514,10:29:48,$ 3439.9004,113
2515,10:29:31,$ 3440.5446,269
2516,10:29:31,$ 3440.5446,100
2517,10:29:31,$ 3440.85,100
2518,10:29:14,$ 3440.38,100
2519,10:29:02,$ 3440.34,100
2520,10:29:01,$ 3440.585,100
2521,10:28:59,$ 3440.58,100
2522,10:28:42,$ 3439.97,115
2523,10:28:40,$ 3439.685,100
2524,10:28:27,$ 3439.34,100
2525,10:27:57,$ 3438.5675,128
2526,10:27:57,$ 3439.56,172
2527,10:27:28,$ 3438.7455,224
2528,10:27:26,$ 3438.755,100
2529,10:27:10,$ 3437.96,100
2530,10:27:07,$ 3437.2401,200
2531,10:27:05,$ 3437.57,100
2532,10:26:55,$ 3436.90,100
2533,10:26:55,$ 3436.95,100
2535,10:26:44,$ 3436.94,100
2536,10:26:41,$ 3436.7072,100
2537,10:26:39,$ 3436.10,150
2538,10:26:23,$ 3437.95,100
2539,10:26:14,$ 3437.9799,200
2540,10:26:14,$ 3437.19,100
2541,10:26:10,$ 3437.675,400
2542,10:26:03,$ 3437.34,100
2543,10:25:39,$ 3436.5299,110
2544,10:25:01,$ 3436.17,100
2545,10:24:36,$ 3436.98,152
2546,10:24:24,$ 3435.95,100
2547,10:24:21,$ 3436.17,100
2548,10:24:14,$ 3436.68,107
2549,10:23:42,$ 3434.34,100
2550,10:23:28,$ 3435.38,100
2551,10:23:27,$ 3434.915,100
2552,10:23:26,$ 3434.35,100
2553,10:23:19,$ 3434.4356,100
2554,10:23:14,$ 3434.59,140
2556,10:23:13,$ 3434.83,102
2557,10:23:12,$ 3434.93,100
2558,10:23:06,$ 3435.51,100
2559,10:23:05,$ 3435.44,100
2560,10:22:37,$ 3435.04,100
2561,10:22:37,$ 3434.69,100
2562,10:22:36,$ 3433.81,100
2563,10:22:36,$ 3434.63,105
2564,10:22:36,$ 3434.065,100
2565,10:22:27,$ 3434.96,100
2566,10:22:25,$ 3435.00,100
2567,10:22:24,$ 3435.03,100
2568,10:22:23,$ 3433.51,100
2569,10:22:19,$ 3434.49,100
2570,10:22:19,$ 3434.465,100
2571,10:22:09,$ 3435.21,100
2572,10:22:08,$ 3435.03,100
2573,10:22:02,$ 3435.02,100
2574,10:21:55,$ 3435.02,100
2575,10:21:43,$ 3435.40,100
2577,10:21:40,$ 3436.04,141
2578,10:21:38,$ 3436.32,100
2579,10:21:30,$ 3437.03,100
2580,10:21:29,$ 3437.8599,100
2581,10:21:23,$ 3437.03,100
2582,10:21:06,$ 3437.19,455
2583,10:21:00,$ 3436.50,100
2584,10:20:50,$ 3437.1043,237
2585,10:20:46,$ 3437.645,101
2586,10:20:41,$ 3437.1701,150
2587,10:20:27,$ 3438.075,100
2588,10:20:03,$ 3438.05,100
2589,10:19:56,$ 3438.92,100
2590,10:19:53,$ 3439.59,100
2591,10:19:12,$ 3438.96,100
2592,10:19:10,$ 3439.82,100
2593,10:18:55,$ 3436.92,100
2594,10:18:54,$ 3437.161,136
2595,10:18:25,$ 3436.46,100
2596,10:18:25,$ 3436.435,100
2598,10:18:24,$ 3436.73,100
2599,10:18:20,$ 3437.0166,100
2600,10:18:14,$ 3436.82,100
2601,10:18:07,$ 3435.9718,400
2602,10:17:53,$ 3437.84,100
2603,10:17:47,$ 3437.9226,195
2604,10:17:45,$ 3438.8949,100
2605,10:17:45,$ 3440.0499,100
2606,10:17:43,$ 3440.00,100
2607,10:17:43,$ 3440.00,200
2608,10:17:35,$ 3441.685,151
2609,10:17:29,$ 3441.59,100
2610,10:16:38,$ 3442.48,145
2611,10:16:34,$ 3442.84,100
2612,10:16:20,$ 3442.92,100
2613,10:16:13,$ 3442.44,100
2614,10:16:12,$ 3442.115,500
2615,10:16:10,$ 3442.46,100
2616,10:16:08,$ 3441.65,100
2617,10:15:59,$ 3440.685,100
2619,10:15:58,$ 3441.14,100
2620,10:15:57,$ 3440.9833,128
2621,10:15:30,$ 3439.6278,200
2622,10:15:27,$ 3440.06,100
2623,10:15:04,$ 3439.7464,100
2624,10:14:55,$ 3437.155,100
2625,10:14:54,$ 3436.46,100
2626,10:14:42,$ 3436.1099,100
2627,10:14:40,$ 3436.87,100
2628,10:14:38,$ 3435.995,100
2629,10:14:31,$ 3435.995,100
2630,10:14:29,$ 3434.8801,100
2631,10:14:28,$ 3436.96,100
2632,10:14:26,$ 3437.25,100
2633,10:14:26,$ 3437.25,100
2634,10:14:26,$ 3437.65,100
2635,10:14:26,$ 3437.60,132
2636,10:14:25,$ 3437.66,100
2637,10:14:24,$ 3437.68,100
2638,10:14:24,$ 3438.00,100
2640,10:14:23,$ 3438.01,200
2641,10:14:23,$ 3438.17,100
2642,10:14:22,$ 3438.38,100
2643,10:14:22,$ 3438.38,100
2644,10:14:22,$ 3438.37,100
2645,10:14:22,$ 3439.065,500
2646,10:14:21,$ 3439.1949,194
2647,10:14:14,$ 3440.52,100
2648,10:14:13,$ 3440.89,100
2649,10:14:13,$ 3441.02,100
2650,10:14:08,$ 3441.415,100
2651,10:13:37,$ 3440.94,100
2652,10:13:37,$ 3441.62,100
2653,10:13:37,$ 3442.49,200
2654,10:13:37,$ 3442.53,100
2655,10:13:37,$ 3442.50,100
2656,10:13:37,$ 3442.47,100
2657,10:13:37,$ 3442.45,100
2658,10:13:37,$ 3442.50,100
2659,10:13:37,$ 3442.59,100
2661,10:13:34,$ 3443.00,100
2662,10:13:34,$ 3443.02,100
2663,10:13:34,$ 3442.71,100
2664,10:13:34,$ 3442.95,100
2665,10:13:34,$ 3443.03,100
2666,10:13:34,$ 3442.99,240
2667,10:13:34,$ 3443.19,300
2668,10:13:34,$ 3443.19,100
2669,10:13:34,$ 3443.665,100
2670,10:13:34,$ 3443.26,100
2671,10:13:22,$ 3443.57,100
2672,10:13:22,$ 3443.37,100
2673,10:13:22,$ 3443.58,100
2674,10:13:22,$ 3443.64,100
2675,10:13:07,$ 3443.26,100
2676,10:13:07,$ 3443.73,100
2677,10:12:53,$ 3443.14,100
2678,10:12:52,$ 3443.13,100
2679,10:12:51,$ 3443.13,100
2680,10:12:50,$ 3443.08,100
2682,10:12:50,$ 3443.64,100
2683,10:12:49,$ 3444.22,100
2684,10:12:46,$ 3444.65,100
2685,10:12:46,$ 3445.28,200
2686,10:12:42,$ 3445.36,100
2687,10:12:34,$ 3445.20,100
2688,10:12:30,$ 3445.17,100
2689,10:12:30,$ 3445.17,100
2690,10:12:27,$ 3445.00,100
2691,10:12:27,$ 3445.00,266
2692,10:12:27,$ 3445.00,100
2693,10:12:19,$ 3444.44,100
2694,10:12:11,$ 3444.43,238
2695,10:12:09,$ 3443.1583,106
2696,10:12:07,$ 3442.79,100
2697,10:12:07,$ 3442.00,917
2698,10:12:07,$ 3441.798,100
2699,10:12:06,$ 3441.37,100
2700,10:12:05,$ 3441.26,124
2701,10:12:05,$ 3441.35,100
2703,10:12:03,$ 3441.95,100
2704,10:11:52,$ 3441.345,200
2705,10:11:47,$ 3441.24,115
2706,10:11:44,$ 3441.3429,"1,000"
2707,10:11:37,$ 3440.7444,100
2708,10:11:31,$ 3439.92,100
2709,10:11:07,$ 3438.065,115
2710,10:11:06,$ 3437.85,100
2711,10:10:59,$ 3437.5701,100
2712,10:10:56,$ 3438.375,100
2713,10:10:39,$ 3438.25,100
2714,10:10:39,$ 3437.55,100
2715,10:10:39,$ 3437.83,100
2716,10:10:39,$ 3438.00,100
2717,10:10:32,$ 3438.00,150
2718,10:10:29,$ 3438.65,100
2719,10:10:23,$ 3438.92,100
2720,10:10:21,$ 3439.15,100
2721,10:09:57,$ 3439.04,100
2722,10:09:50,$ 3439.7903,300
2724,10:09:28,$ 3438.4139,290
2725,10:09:19,$ 3439.23,100
2726,10:09:05,$ 3439.45,100
2727,10:08:55,$ 3438.99,100
2728,10:08:43,$ 3438.74,100
2729,10:08:43,$ 3438.70,100
2730,10:08:29,$ 3438.4411,405
2731,10:08:29,$ 3439.21,100
2732,10:08:29,$ 3439.13,100
2733,10:08:12,$ 3437.60,100
2734,10:08:09,$ 3437.0994,300
2735,10:08:04,$ 3437.01,105
2736,10:07:46,$ 3438.19,100
2737,10:07:46,$ 3437.94,100
2738,10:07:46,$ 3438.20,100
2739,10:07:46,$ 3438.19,100
2740,10:07:17,$ 3437.59,100
2741,10:06:27,$ 3438.02,100
2742,10:05:56,$ 3437.64,100
2743,10:05:56,$ 3438.00,100
2745,10:05:30,$ 3438.00,172
2746,10:05:30,$ 3438.00,100
2747,10:05:30,$ 3438.00,100
2748,10:05:28,$ 3438.465,100
2749,10:05:28,$ 3439.10,160
2750,10:05:20,$ 3438.82,100
2751,10:05:20,$ 3439.60,100
2752,10:05:17,$ 3438.14,568
2753,10:05:14,$ 3438.9519,884
2754,10:05:09,$ 3438.73,100
2755,10:05:08,$ 3438.68,100
2756,10:04:56,$ 3435.29,100
2757,10:04:56,$ 3435.28,100
2758,10:04:47,$ 3434.355,250
2759,10:04:33,$ 3434.395,100
2760,10:04:26,$ 3433.9009,100
2761,10:04:16,$ 3431.9592,100
2762,10:04:10,$ 3431.415,100
2763,10:03:49,$ 3432.9267,250
2764,10:03:43,$ 3432.6798,100
2766,10:03:38,$ 3432.98,500
2767,10:03:27,$ 3432.61,100
2768,10:03:26,$ 3432.94,100
2769,10:03:26,$ 3433.00,100
2770,10:03:26,$ 3432.96,137
2771,10:03:25,$ 3432.99,105
2772,10:03:22,$ 3433.13,100
2773,10:03:22,$ 3433.65,100
2774,10:03:20,$ 3433.6685,100
2775,10:03:20,$ 3433.85,100
2776,10:03:20,$ 3433.85,100
2777,10:03:06,$ 3433.4198,100
2778,10:03:03,$ 3432.59,100
2779,10:03:03,$ 3433.52,100
2780,10:02:55,$ 3433.645,200
2781,10:02:50,$ 3433.3176,100
2782,10:02:44,$ 3433.2032,123
2783,10:02:36,$ 3433.094,100
2784,10:02:34,$ 3433.505,100
2785,10:02:31,$ 3432.965,149
2787,10:02:31,$ 3434.04,250
2788,10:02:13,$ 3431.205,100
2789,10:02:12,$ 3430.715,100
2790,10:02:03,$ 3430.64,100
2791,10:02:00,$ 3431.58,100
2792,10:02:00,$ 3430.79,100
2793,10:01:59,$ 3430.045,100
2794,10:01:53,$ 3429.93,100
2795,10:01:53,$ 3429.74,100
2796,10:01:53,$ 3429.58,100
2797,10:01:50,$ 3429.91,200
2798,10:01:42,$ 3430.195,100
2799,10:01:42,$ 3430.02,140
2800,10:01:30,$ 3429.67,100
2801,10:01:30,$ 3430.27,100
2802,10:01:30,$ 3430.00,100
2803,10:01:30,$ 3430.69,100
2804,10:01:30,$ 3430.02,100
2805,10:01:30,$ 3430.8225,100
2806,10:01:30,$ 3430.69,100
2808,10:01:29,$ 3430.88,100
2809,10:01:29,$ 3430.085,100
2810,10:01:26,$ 3430.53,100
2811,10:01:26,$ 3430.53,100
2812,10:01:22,$ 3431.34,100
2813,10:01:22,$ 3431.34,100
2814,10:01:22,$ 3431.00,100
2815,10:01:22,$ 3431.00,100
2816,10:01:15,$ 3431.5025,400
2817,10:01:10,$ 3431.7638,200
2818,10:01:03,$ 3431.02,100
2819,10:01:03,$ 3431.02,100
2820,10:01:02,$ 3431.33,100
2821,10:01:02,$ 3431.64,100
2822,10:00:59,$ 3431.65,131
2823,10:00:53,$ 3431.6959,150
2824,10:00:51,$ 3431.34,100
2825,10:00:51,$ 3431.87,100
2826,10:00:48,$ 3431.788,269
2827,10:00:48,$ 3431.47,100
2829,10:00:48,$ 3431.73,100
2830,10:00:48,$ 3431.739,200
2831,10:00:48,$ 3431.76,100
2832,10:00:48,$ 3431.78,100
2833,10:00:44,$ 3430.54,100
2834,10:00:40,$ 3431.31,100
2835,10:00:40,$ 3431.305,100
2836,10:00:40,$ 3431.31,100
2837,10:00:37,$ 3432.00,120
2838,10:00:32,$ 3432.07,100
2839,10:00:27,$ 3431.00,100
2840,10:00:22,$ 3430.79,100
2841,10:00:19,$ 3430.52,100
2842,10:00:14,$ 3430.30,100
2843,10:00:14,$ 3430.561,100
2844,10:00:12,$ 3431.04,100
2845,10:00:11,$ 3430.555,100
2846,10:00:07,$ 3429.87,100
2847,10:00:06,$ 3428.4808,100
2848,10:00:04,$ 3429.6726,100
2850,10:00:02,$ 3429.645,100
2851,10:00:02,$ 3429.645,100
2853,10:59:44,$ 3443.455,100
2854,10:59:38,$ 3443.43,250
2855,10:59:32,$ 3442.70,100
2856,10:59:31,$ 3442.82,100
2857,10:59:27,$ 3442.40,100
2858,10:59:27,$ 3443.00,100
2859,10:59:27,$ 3442.77,100
2860,10:59:27,$ 3443.04,100
2861,10:59:09,$ 3443.62,739
2862,10:59:09,$ 3443.316,137
2863,10:59:02,$ 3443.165,294
2864,10:58:55,$ 3442.685,100
2865,10:58:49,$ 3442.862,100
2866,10:58:49,$ 3442.70,100
2867,10:58:44,$ 3442.45,100
2868,10:58:20,$ 3442.395,100
2869,10:58:17,$ 3442.34,100
2870,10:58:01,$ 3442.29,100
2871,10:58:01,$ 3442.045,100
2872,10:58:01,$ 3442.49,105
2874,10:58:01,$ 3442.48,100
2875,10:58:01,$ 3442.46,100
2876,10:57:54,$ 3442.00,100
2877,10:57:46,$ 3441.5709,119
2878,10:57:25,$ 3442.51,100
2879,10:57:19,$ 3442.03,100
2880,10:56:47,$ 3442.3114,100
2881,10:56:44,$ 3442.0231,146
2882,10:56:43,$ 3441.84,100
2883,10:56:35,$ 3441.54,100
2884,10:56:35,$ 3441.54,100
2885,10:56:28,$ 3441.301,100
2886,10:56:26,$ 3441.58,100
2887,10:56:26,$ 3441.60,100
2888,10:56:26,$ 3441.68,100
2889,10:56:08,$ 3440.98,100
2890,10:56:07,$ 3441.16,100
2891,10:56:01,$ 3439.73,100
2892,10:56:01,$ 3439.97,200
2893,10:55:57,$ 3439.9696,100
2895,10:55:51,$ 3439.29,100
2896,10:55:48,$ 3439.33,100
2897,10:55:47,$ 3439.345,100
2898,10:55:47,$ 3439.00,100
2899,10:55:42,$ 3438.08,100
2900,10:55:15,$ 3437.745,200
2901,10:54:52,$ 3436.55,100
2902,10:54:33,$ 3435.89,100
2903,10:54:24,$ 3435.665,100
2904,10:53:31,$ 3436.52,100
2905,10:53:18,$ 3437.00,100
2906,10:53:18,$ 3437.00,100
2907,10:53:18,$ 3437.01,100
2908,10:53:00,$ 3437.14,100
2909,10:53:00,$ 3437.12,100
2910,10:52:59,$ 3437.50,100
2911,10:52:55,$ 3437.09,100
2912,10:52:40,$ 3437.695,100
2913,10:52:25,$ 3438.06,100
2914,10:51:48,$ 3437.88,100
2916,10:50:47,$ 3437.9825,500
2917,10:50:46,$ 3437.815,100
2918,10:48:24,$ 3436.46,100
2919,10:47:47,$ 3437.91,140
2920,10:47:46,$ 3437.90,100
2921,10:47:31,$ 3437.275,200
2922,10:46:50,$ 3435.685,100
2923,10:46:22,$ 3435.275,100
2924,10:46:21,$ 3434.61,100
2925,10:46:11,$ 3435.70,100
2926,10:46:06,$ 3434.81,100
2927,10:44:56,$ 3433.82,100
2928,10:44:22,$ 3433.9897,100
2929,10:43:47,$ 3435.33,100
2930,10:43:47,$ 3435.85,100
2931,10:43:32,$ 3436.00,100
2932,10:42:11,$ 3434.645,100
2933,10:42:10,$ 3434.33,"1,000"
2934,10:42:05,$ 3433.42,100
2935,10:41:42,$ 3433.83,100
2937,10:41:37,$ 3433.63,100
2938,10:41:26,$ 3434.00,100
2939,10:41:18,$ 3434.57,100
2940,10:41:18,$ 3434.31,100
2941,10:41:18,$ 3434.57,100
2942,10:41:14,$ 3435.7465,"1,000"
2943,10:41:14,$ 3435.24,100
2944,10:41:01,$ 3435.44,100
2945,10:41:00,$ 3435.85,100
2946,10:39:46,$ 3433.66,100
2947,10:39:36,$ 3433.14,100
2948,10:39:06,$ 3433.89,400
2949,10:38:42,$ 3434.17,100
2950,10:38:29,$ 3432.6341,100
2951,10:38:02,$ 3432.055,100
2952,10:38:02,$ 3432.2463,136
2953,10:37:53,$ 3432.50,100
2954,10:37:40,$ 3433.51,200
2955,10:37:29,$ 3434.36,100
2956,10:37:27,$ 3434.366,100
2958,10:37:23,$ 3434.76,100
2959,10:37:23,$ 3434.90,100
2960,10:37:16,$ 3435.08,100
2961,10:36:57,$ 3434.97,100
2962,10:36:20,$ 3435.53,100
2963,10:36:20,$ 3435.60,100
2964,10:36:14,$ 3435.94,100
2965,10:35:57,$ 3436.465,200
2966,10:35:19,$ 3436.09,145
2967,10:35:18,$ 3436.17,100
2968,10:35:00,$ 3436.25,100
2969,10:35:00,$ 3436.25,100
2970,10:35:00,$ 3436.25,100
2971,10:34:54,$ 3435.805,100
2972,10:34:25,$ 3435.50,100
2973,10:34:08,$ 3436.215,100
2974,10:33:44,$ 3436.09,100
2975,10:33:44,$ 3436.06,100
2976,10:33:34,$ 3436.43,100
2977,10:33:32,$ 3436.61,100
2979,10:33:21,$ 3437.03,100
2980,10:33:08,$ 3437.22,100
2981,10:32:47,$ 3437.605,100
2982,10:32:15,$ 3437.545,115
2983,10:32:01,$ 3436.92,100
2984,10:31:57,$ 3437.17,100
2985,10:31:12,$ 3438.065,100
2986,10:30:49,$ 3437.5172,600
2987,10:30:47,$ 3437.87,100
2988,10:30:20,$ 3438.84,100
2989,10:30:15,$ 3439.1351,200
2990,10:30:10,$ 3439.86,100
2991,10:30:05,$ 3439.45,100
2992,10:30:05,$ 3439.71,100
2993,10:30:05,$ 3439.71,100
2995,11:29:49,$ 3433.76,100
2996,11:29:49,$ 3433.77,100
2997,11:29:49,$ 3433.4288,112
2998,11:29:31,$ 3433.445,100
2999,11:29:31,$ 3433.25,100
3000,11:29:31,$ 3433.56,100
3001,11:28:47,$ 3434.50,100
3002,11:28:38,$ 3434.1837,200
3003,11:28:34,$ 3433.935,100
3004,11:28:34,$ 3433.94,100
3005,11:28:30,$ 3433.66,100
3006,11:27:53,$ 3433.41,100
3007,11:27:22,$ 3433.99,300
3008,11:27:14,$ 3434.00,100
3009,11:26:39,$ 3434.355,100
3010,11:25:41,$ 3434.66,148
3011,11:25:07,$ 3434.4549,"1,291"
3012,11:25:05,$ 3434.66,100
3013,11:24:17,$ 3435.52,118
3014,11:23:49,$ 3434.06,100
3016,11:23:49,$ 3434.06,100
3017,11:23:16,$ 3434.12,100
3018,11:23:01,$ 3434.57,100
3019,11:22:29,$ 3434.08,100
3020,11:22:27,$ 3434.50,100
3021,11:22:25,$ 3433.86,100
3022,11:22:08,$ 3434.27,100
3023,11:21:51,$ 3434.4554,567
3024,11:21:51,$ 3433.62,100
3025,11:21:51,$ 3433.64,100
3026,11:21:51,$ 3433.66,100
3027,11:21:13,$ 3433.06,"1,000"
3028,11:21:09,$ 3433.6615,100
3029,11:21:08,$ 3433.48,100
3030,11:20:57,$ 3433.2741,500
3031,11:20:49,$ 3433.69,200
3032,11:19:43,$ 3432.00,100
3033,11:19:36,$ 3432.249,150
3034,11:19:32,$ 3431.74,100
3035,11:19:15,$ 3431.52,100
3037,11:19:15,$ 3432.1193,250
3038,11:19:03,$ 3431.74,100
3039,11:18:14,$ 3431.67,100
3040,11:17:30,$ 3432.00,265
3041,11:17:30,$ 3432.04,100
3042,11:17:25,$ 3432.00,100
3043,11:17:25,$ 3432.00,100
3044,11:17:21,$ 3432.00,100
3045,11:17:20,$ 3432.43,100
3046,11:17:02,$ 3433.00,100
3047,11:17:02,$ 3433.04,100
3048,11:17:02,$ 3433.02,100
3049,11:16:36,$ 3433.20,100
3050,11:16:25,$ 3433.00,210
3051,11:16:23,$ 3434.2129,250
3052,11:16:10,$ 3434.52,100
3053,11:16:04,$ 3434.55,100
3054,11:15:42,$ 3434.52,100
3055,11:15:40,$ 3435.58,100
3056,11:15:40,$ 3435.66,100
3058,11:15:13,$ 3433.50,100
3059,11:15:10,$ 3433.78,400
3060,11:14:38,$ 3434.59,100
3061,11:14:36,$ 3434.49,140
3062,11:14:23,$ 3434.67,100
3063,11:14:20,$ 3434.22,100
3064,11:14:11,$ 3433.77,200
3065,11:13:38,$ 3435.00,100
3066,11:13:38,$ 3434.98,150
3067,11:13:38,$ 3434.98,100
3068,11:13:26,$ 3435.10,100
3069,11:13:25,$ 3435.31,100
3070,11:13:16,$ 3435.73,105
3071,11:13:15,$ 3435.61,100
3072,11:13:14,$ 3435.13,100
3073,11:13:12,$ 3435.425,100
3074,11:12:58,$ 3435.30,114
3075,11:12:52,$ 3435.38,201
3076,11:12:45,$ 3435.666,500
3077,11:12:38,$ 3435.05,100
3079,11:12:32,$ 3435.385,100
3080,11:12:32,$ 3435.38,100
3081,11:12:32,$ 3435.19,100
3082,11:12:32,$ 3436.07,100
3083,11:12:32,$ 3436.00,100
3084,11:12:32,$ 3435.63,100
3085,11:12:32,$ 3435.26,100
3086,11:12:31,$ 3436.85,100
3087,11:12:27,$ 3436.20,100
3088,11:12:27,$ 3436.585,100
3089,11:12:27,$ 3436.585,100
3090,11:12:27,$ 3436.47,100
3091,11:12:27,$ 3436.37,100
3092,11:12:27,$ 3436.31,100
3093,11:12:27,$ 3436.285,100
3094,11:11:41,$ 3437.0801,100
3095,11:10:53,$ 3437.33,100
3096,11:10:52,$ 3437.37,100
3097,11:09:44,$ 3438.4581,100
3098,11:09:10,$ 3439.365,100
3100,11:08:56,$ 3438.36,100
3101,11:08:43,$ 3437.8575,100
3102,11:08:35,$ 3437.02,100
3103,11:08:28,$ 3437.77,100
3104,11:08:26,$ 3437.02,100
3105,11:08:16,$ 3436.13,100
3106,11:08:05,$ 3436.35,100
3107,11:08:05,$ 3436.35,100
3108,11:08:05,$ 3436.315,100
3109,11:08:05,$ 3436.31,100
3110,11:08:04,$ 3436.29,100
3111,11:08:03,$ 3436.29,100
3112,11:08:03,$ 3436.34,100
3113,11:07:55,$ 3437.00,114
3114,11:07:27,$ 3438.48,100
3115,11:07:27,$ 3438.55,100
3116,11:07:27,$ 3438.55,100
3117,11:07:27,$ 3439.50,100
3118,11:07:27,$ 3440.00,100
3119,11:07:27,$ 3440.01,100
3121,11:07:27,$ 3440.21,100
3122,11:07:27,$ 3440.25,100
3123,11:07:26,$ 3441.59,100
3124,11:07:26,$ 3442.08,100
3125,11:07:26,$ 3442.10,100
3126,11:07:12,$ 3442.29,100
3127,11:06:45,$ 3441.98,100
3128,11:06:15,$ 3441.90,100
3129,11:05:35,$ 3441.39,100
3130,11:05:20,$ 3441.64,100
3131,11:04:58,$ 3440.65,100
3132,11:04:58,$ 3440.65,100
3133,11:04:58,$ 3440.65,128
3134,11:04:55,$ 3441.06,200
3135,11:04:32,$ 3440.54,100
3136,11:04:12,$ 3441.26,400
3137,11:04:12,$ 3440.94,100
3138,11:03:52,$ 3441.7467,400
3139,11:03:49,$ 3441.75,100
3140,11:03:44,$ 3442.38,100
3142,11:03:44,$ 3442.38,100
3143,11:03:44,$ 3442.02,100
3144,11:03:44,$ 3442.02,100
3145,11:03:44,$ 3442.02,100
3146,11:03:21,$ 3442.53,100
3147,11:03:11,$ 3442.28,100
3148,11:02:57,$ 3442.46,100
3149,11:02:47,$ 3442.03,100
3150,11:02:46,$ 3441.9999,100
3151,11:02:29,$ 3440.945,100
3152,11:02:15,$ 3441.43,100
3153,11:01:54,$ 3440.9601,100
3154,11:01:50,$ 3441.59,100
3155,11:01:44,$ 3441.30,100
3156,11:01:29,$ 3441.335,100
3157,11:01:00,$ 3442.3023,100
3158,11:00:22,$ 3441.5698,"1,000"
3159,11:00:14,$ 3441.71,100
3160,11:00:03,$ 3443.00,100
3161,11:00:03,$ 3443.05,100
3163,11:00:03,$ 3443.50,100
3164,11:00:02,$ 3443.454,100
3165,11:00:02,$ 3443.454,100
3166,11:00:02,$ 3443.415,100
3167,11:00:02,$ 3443.415,100
3168,11:00:02,$ 3443.259,200
3169,11:00:02,$ 3443.221,100
3170,11:00:01,$ 3444.00,100
3171,11:00:01,$ 3443.90,100
3173,11:59:57,$ 3424.4475,100
3174,11:59:52,$ 3424.39,100
3175,11:59:42,$ 3424.395,100
3176,11:59:32,$ 3425.065,100
3177,11:59:32,$ 3424.28,100
3178,11:59:32,$ 3425.0725,100
3179,11:59:32,$ 3425.065,100
3180,11:59:32,$ 3424.69,100
3181,11:59:32,$ 3424.69,200
3182,11:58:43,$ 3424.43,100
3183,11:58:43,$ 3425.08,100
3184,11:58:31,$ 3425.265,100
3185,11:58:27,$ 3425.4325,100
3186,11:58:02,$ 3424.40,100
3187,11:58:02,$ 3424.54,100
3188,11:58:02,$ 3424.9996,100
3189,11:57:40,$ 3424.086,100
3190,11:57:31,$ 3423.67,100
3191,11:57:29,$ 3424.00,134
3192,11:57:23,$ 3423.7275,100
3194,11:56:58,$ 3423.38,100
3195,11:56:58,$ 3423.67,100
3196,11:56:33,$ 3424.535,260
3197,11:56:09,$ 3424.24,100
3198,11:56:06,$ 3423.80,302
3199,11:56:03,$ 3423.525,100
3200,11:56:02,$ 3423.31,100
3201,11:55:58,$ 3423.45,100
3202,11:55:55,$ 3423.6675,100
3203,11:55:52,$ 3423.51,100
3204,11:55:37,$ 3422.74,100
3205,11:55:17,$ 3422.895,100
3206,11:55:13,$ 3422.82,100
3207,11:55:10,$ 3423.25,100
3208,11:54:58,$ 3423.99,100
3209,11:54:54,$ 3423.87,100
3210,11:54:41,$ 3424.6141,100
3211,11:54:41,$ 3424.325,100
3212,11:54:29,$ 3424.50,100
3213,11:54:24,$ 3424.2625,100
3215,11:54:24,$ 3424.43,100
3216,11:54:24,$ 3424.50,100
3217,11:54:23,$ 3423.84,100
3218,11:54:19,$ 3423.83,100
3219,11:54:16,$ 3424.355,100
3220,11:54:16,$ 3424.34,100
3221,11:54:14,$ 3424.8975,100
3222,11:54:14,$ 3424.705,100
3223,11:54:13,$ 3424.75,100
3224,11:54:13,$ 3424.88,100
3225,11:54:13,$ 3425.16,100
3226,11:54:11,$ 3424.815,100
3227,11:54:02,$ 3424.625,100
3228,11:54:02,$ 3424.66,100
3229,11:54:02,$ 3424.94,100
3230,11:53:59,$ 3424.625,100
3231,11:53:49,$ 3424.465,292
3232,11:53:45,$ 3424.5225,100
3233,11:53:45,$ 3424.475,100
3234,11:53:18,$ 3424.56,100
3236,11:53:09,$ 3425.32,100
3237,11:53:05,$ 3425.00,125
3238,11:53:00,$ 3425.92,100
3239,11:53:00,$ 3426.02,100
3240,11:52:49,$ 3426.79,100
3241,11:52:38,$ 3426.58,200
3242,11:52:24,$ 3426.71,100
3243,11:51:14,$ 3427.015,100
3244,11:50:24,$ 3426.80,100
3245,11:50:24,$ 3427.02,100
3246,11:50:23,$ 3427.355,100
3247,11:50:23,$ 3427.4125,100
3248,11:50:23,$ 3427.59,100
3249,11:50:12,$ 3427.3025,100
3250,11:50:11,$ 3427.2251,100
3251,11:50:01,$ 3427.06,100
3252,11:49:59,$ 3426.3101,100
3253,11:49:39,$ 3427.25,100
3254,11:49:36,$ 3427.50,100
3255,11:49:29,$ 3427.27,100
3257,11:49:19,$ 3427.36,100
3258,11:49:10,$ 3426.766,100
3259,11:49:06,$ 3426.755,100
3260,11:48:51,$ 3427.485,"1,000"
3261,11:48:15,$ 3427.44,100
3262,11:47:54,$ 3427.91,100
3263,11:47:47,$ 3427.75,100
3264,11:47:46,$ 3428.08,400
3265,11:47:34,$ 3427.81,100
3266,11:47:34,$ 3427.71,100
3267,11:47:17,$ 3427.62,100
3268,11:47:10,$ 3426.63,100
3269,11:47:08,$ 3426.54,100
3270,11:46:52,$ 3425.91,200
3271,11:46:47,$ 3425.7452,100
3272,11:46:43,$ 3425.935,100
3273,11:46:43,$ 3425.2001,133
3274,11:46:42,$ 3425.2001,155
3275,11:46:41,$ 3425.90,100
3276,11:46:40,$ 3425.44,100
3278,11:46:40,$ 3425.49,100
3279,11:46:40,$ 3425.49,100
3280,11:46:26,$ 3424.505,100
3281,11:46:22,$ 3424.555,100
3282,11:45:59,$ 3423.52,100
3283,11:45:53,$ 3423.5867,100
3284,11:45:51,$ 3424.48,100
3285,11:45:31,$ 3423.32,100
3286,11:45:30,$ 3423.23,100
3287,11:45:30,$ 3423.12,200
3288,11:45:30,$ 3423.34,100
3289,11:45:29,$ 3423.895,200
3290,11:45:28,$ 3424.7094,200
3291,11:45:17,$ 3423.1215,100
3292,11:45:11,$ 3423.435,100
3293,11:45:10,$ 3423.01,100
3294,11:45:10,$ 3423.012,100
3295,11:45:10,$ 3423.01,100
3296,11:45:10,$ 3423.01,100
3297,11:45:10,$ 3423.01,100
3299,11:45:10,$ 3423.00,100
3300,11:45:10,$ 3423.01,100
3301,11:45:10,$ 3423.01,141
3302,11:45:10,$ 3423.11,100
3303,11:45:10,$ 3423.02,100
3304,11:45:10,$ 3423.04,100
3305,11:45:10,$ 3423.04,100
3306,11:45:10,$ 3423.2225,100
3307,11:44:56,$ 3423.6204,100
3308,11:44:56,$ 3423.98,100
3309,11:44:52,$ 3424.00,177
3310,11:44:52,$ 3424.00,100
3311,11:44:52,$ 3424.00,100
3312,11:44:52,$ 3424.03,100
3313,11:44:52,$ 3424.01,100
3314,11:44:52,$ 3424.20,100
3315,11:44:44,$ 3424.45,100
3316,11:44:28,$ 3424.95,100
3317,11:44:27,$ 3424.462,109
3318,11:44:27,$ 3425.14,100
3320,11:44:27,$ 3425.00,306
3321,11:44:27,$ 3425.00,100
3322,11:44:27,$ 3425.00,100
3323,11:44:27,$ 3425.00,100
3324,11:44:27,$ 3425.00,156
3325,11:44:23,$ 3425.13,100
3326,11:44:23,$ 3425.33,100
3327,11:44:18,$ 3426.03,100
3328,11:44:18,$ 3426.70,100
3329,11:44:17,$ 3426.86,100
3330,11:44:17,$ 3426.73,100
3331,11:44:17,$ 3426.71,100
3332,11:44:17,$ 3426.74,100
3333,11:44:16,$ 3426.99,100
3334,11:44:06,$ 3426.47,100
3335,11:44:06,$ 3426.08,100
3336,11:44:06,$ 3426.15,100
3337,11:43:30,$ 3426.00,110
3338,11:43:14,$ 3426.01,100
3339,11:43:14,$ 3426.00,100
3341,11:43:14,$ 3426.39,500
3342,11:43:13,$ 3426.1066,200
3343,11:42:51,$ 3426.41,100
3344,11:42:49,$ 3426.08,100
3345,11:42:38,$ 3427.05,100
3346,11:42:29,$ 3427.9999,100
3347,11:42:26,$ 3427.31,100
3348,11:41:47,$ 3427.735,430
3349,11:41:34,$ 3428.7283,100
3350,11:41:16,$ 3428.50,100
3351,11:41:11,$ 3429.2085,100
3352,11:40:53,$ 3429.00,100
3353,11:40:49,$ 3428.3622,139
3354,11:40:33,$ 3428.46,100
3355,11:40:11,$ 3428.48,100
3356,11:40:11,$ 3428.47,100
3357,11:40:11,$ 3428.24,100
3358,11:40:11,$ 3428.2804,100
3359,11:40:05,$ 3429.08,100
3360,11:40:05,$ 3429.07,100
3362,11:40:00,$ 3428.30,300
3363,11:39:54,$ 3428.84,100
3364,11:39:52,$ 3429.33,200
3365,11:39:37,$ 3429.37,100
3366,11:39:07,$ 3428.7264,500
3367,11:38:55,$ 3428.11,100
3368,11:38:55,$ 3428.10,100
3369,11:38:45,$ 3428.555,500
3370,11:38:44,$ 3428.111,100
3371,11:38:44,$ 3428.12,100
3372,11:38:42,$ 3428.17,100
3373,11:38:42,$ 3428.15,100
3374,11:38:42,$ 3428.10,100
3375,11:38:42,$ 3428.18,100
3376,11:38:37,$ 3428.08,250
3377,11:38:31,$ 3429.542,113
3378,11:38:26,$ 3428.26,100
3379,11:38:26,$ 3428.24,130
3380,11:38:13,$ 3427.73,100
3381,11:38:12,$ 3428.00,100
3383,11:38:12,$ 3428.03,100
3384,11:38:08,$ 3428.7192,383
3385,11:37:58,$ 3428.5325,100
3386,11:37:51,$ 3429.01,100
3387,11:37:51,$ 3429.011,100
3388,11:37:51,$ 3429.25,100
3389,11:37:44,$ 3429.48,100
3390,11:37:42,$ 3429.93,100
3391,11:37:42,$ 3429.1887,"1,015"
3392,11:37:42,$ 3429.80,240
3393,11:37:42,$ 3429.90,100
3394,11:37:42,$ 3429.95,100
3395,11:37:42,$ 3429.83,100
3396,11:37:42,$ 3430.08,100
3397,11:37:42,$ 3429.65,100
3398,11:37:42,$ 3429.55,240
3399,11:37:35,$ 3429.96,100
3400,11:37:35,$ 3429.98,100
3401,11:37:35,$ 3430.00,100
3402,11:37:35,$ 3430.00,100
3404,11:37:35,$ 3430.12,100
3405,11:37:14,$ 3430.595,100
3406,11:37:02,$ 3430.13,100
3407,11:37:02,$ 3430.13,100
3408,11:37:02,$ 3430.13,100
3409,11:36:59,$ 3431.82,174
3410,11:36:47,$ 3431.7182,200
3411,11:36:42,$ 3431.84,135
3412,11:36:42,$ 3431.85,100
3413,11:36:36,$ 3431.475,200
3414,11:36:30,$ 3431.78,100
3415,11:36:27,$ 3431.51,100
3416,11:36:24,$ 3431.57,100
3417,11:36:19,$ 3431.36,100
3418,11:36:19,$ 3431.36,100
3419,11:36:13,$ 3431.02,100
3420,11:36:09,$ 3432.19,100
3421,11:35:55,$ 3431.07,100
3422,11:35:50,$ 3432.08,100
3423,11:35:37,$ 3431.33,100
3425,11:35:37,$ 3431.38,158
3426,11:35:16,$ 3430.98,100
3427,11:35:16,$ 3430.13,225
3428,11:35:16,$ 3431.37,114
3429,11:35:16,$ 3431.05,100
3430,11:35:16,$ 3431.00,100
3431,11:35:16,$ 3431.00,100
3432,11:35:16,$ 3431.00,100
3433,11:35:16,$ 3431.14,100
3434,11:35:16,$ 3431.44,100
3435,11:35:16,$ 3431.755,100
3436,11:35:16,$ 3431.81,100
3437,11:35:15,$ 3431.70,130
3438,11:35:15,$ 3431.89,100
3439,11:35:15,$ 3432.00,100
3440,11:35:15,$ 3432.02,100
3441,11:35:15,$ 3432.20,100
3442,11:35:15,$ 3432.21,100
3443,11:35:15,$ 3432.20,200
3444,11:35:15,$ 3433.55,100
3446,11:35:15,$ 3433.51,100
3447,11:34:40,$ 3435.875,200
3448,11:34:33,$ 3436.44,100
3449,11:34:26,$ 3435.625,200
3450,11:33:08,$ 3435.49,100
3451,11:33:03,$ 3435.51,200
3452,11:33:00,$ 3435.32,100
3453,11:33:00,$ 3435.32,100
3454,11:33:00,$ 3435.60,100
3455,11:31:53,$ 3435.115,100
3456,11:31:36,$ 3433.7483,144
3457,11:31:28,$ 3434.17,100
3458,11:31:14,$ 3435.305,100
3459,11:31:13,$ 3434.84,100
3460,11:31:02,$ 3435.64,100
3461,11:31:02,$ 3435.64,100
3463,12:29:59,$ 3426.94,100
3464,12:29:54,$ 3427.11,200
3465,12:29:26,$ 3427.28,100
3466,12:29:22,$ 3427.64,100
3467,12:29:19,$ 3426.5925,100
3468,12:28:40,$ 3425.045,500
3469,12:28:02,$ 3424.40,500
3470,12:27:18,$ 3424.68,100
3471,12:27:04,$ 3424.16,100
3472,12:26:55,$ 3425.00,100
3473,12:25:43,$ 3425.55,100
3474,12:25:28,$ 3425.50,102
3475,12:24:46,$ 3426.77,100
3476,12:24:02,$ 3426.60,100
3477,12:23:47,$ 3426.0402,500
3478,12:23:41,$ 3426.355,100
3479,12:23:41,$ 3426.355,100
3480,12:23:34,$ 3427.665,300
3481,12:23:25,$ 3427.35,100
3482,12:23:06,$ 3427.20,100
3484,12:23:04,$ 3427.595,500
3485,12:22:55,$ 3427.6247,500
3486,12:22:38,$ 3427.215,200
3487,12:22:35,$ 3426.98,100
3488,12:22:35,$ 3426.81,100
3489,12:22:35,$ 3426.81,100
3490,12:22:25,$ 3426.3166,500
3491,12:22:12,$ 3426.7688,200
3492,12:22:07,$ 3426.36,100
3493,12:22:01,$ 3426.84,100
3494,12:22:01,$ 3426.01,100
3495,12:22:01,$ 3426.13,100
3496,12:22:01,$ 3427.31,100
3497,12:22:01,$ 3427.07,100
3498,12:22:01,$ 3426.93,100
3499,12:21:54,$ 3427.19,500
3500,12:21:47,$ 3426.98,100
3501,12:21:47,$ 3426.95,100
3502,12:21:47,$ 3427.00,100
3503,12:21:47,$ 3427.00,250
3505,12:21:47,$ 3427.00,"1,319"
3506,12:21:47,$ 3427.00,155
3507,12:21:47,$ 3428.00,100
3508,12:21:47,$ 3427.90,100
3509,12:21:47,$ 3428.04,100
3510,12:21:04,$ 3428.44,100
3511,12:20:33,$ 3428.115,100
3512,12:20:10,$ 3428.215,100
3513,12:20:05,$ 3428.455,500
3514,12:20:05,$ 3427.77,100
3515,12:20:05,$ 3427.75,215
3516,12:20:05,$ 3428.00,175
3517,12:20:00,$ 3427.535,100
3518,12:20:00,$ 3426.97,100
3519,12:20:00,$ 3426.72,100
3520,12:20:00,$ 3426.97,100
3521,12:19:44,$ 3426.95,100
3522,12:19:40,$ 3427.41,100
3523,12:19:11,$ 3426.93,100
3524,12:18:24,$ 3427.03,100
3526,12:18:24,$ 3427.00,100
3527,12:18:24,$ 3427.00,265
3528,12:18:01,$ 3427.07,100
3529,12:17:52,$ 3427.23,101
3530,12:17:51,$ 3427.243,291
3531,12:17:51,$ 3427.70,136
3532,12:17:41,$ 3427.33,100
3533,12:17:39,$ 3427.075,100
3534,12:17:23,$ 3426.455,125
3535,12:17:08,$ 3426.0766,200
3536,12:17:02,$ 3425.96,100
3537,12:17:02,$ 3426.03,100
3538,12:17:01,$ 3426.192,100
3539,12:17:01,$ 3426.21,100
3540,12:17:01,$ 3426.192,100
3541,12:17:01,$ 3425.877,100
3542,12:17:01,$ 3425.97,100
3543,12:16:53,$ 3425.26,100
3544,12:16:36,$ 3425.00,200
3545,12:16:35,$ 3424.7422,100
3547,12:16:30,$ 3425.0687,100
3548,12:16:07,$ 3424.74,150
3549,12:16:00,$ 3424.86,100
3550,12:15:49,$ 3424.83,600
3551,12:15:45,$ 3424.58,100
3552,12:15:45,$ 3424.90,100
3553,12:15:36,$ 3424.2001,100
3554,12:15:35,$ 3424.717,399
3555,12:15:35,$ 3424.74,100
3556,12:15:29,$ 3424.306,185
3557,12:15:01,$ 3424.585,100
3558,12:14:59,$ 3424.295,150
3559,12:14:50,$ 3424.0807,100
3560,12:14:43,$ 3424.26,100
3561,12:14:41,$ 3424.52,100
3562,12:14:26,$ 3424.664,400
3563,12:14:21,$ 3424.664,500
3564,12:14:16,$ 3424.52,100
3565,12:14:16,$ 3424.695,100
3566,12:14:01,$ 3424.77,100
3568,12:14:01,$ 3424.71,100
3569,12:14:01,$ 3424.87,100
3570,12:13:33,$ 3424.35,100
3571,12:13:33,$ 3424.35,100
3572,12:13:19,$ 3424.00,498
3573,12:13:17,$ 3423.73,100
3574,12:12:40,$ 3423.80,100
3575,12:12:40,$ 3424.03,100
3576,12:12:34,$ 3423.99,100
3577,12:11:51,$ 3423.00,100
3578,12:11:51,$ 3423.00,100
3579,12:11:51,$ 3423.00,374
3580,12:11:51,$ 3422.95,100
3581,12:11:51,$ 3423.02,100
3582,12:11:51,$ 3423.01,100
3583,12:11:21,$ 3423.12,100
3584,12:11:04,$ 3423.46,100
3585,12:11:00,$ 3423.55,100
3586,12:10:47,$ 3423.11,100
3587,12:10:46,$ 3423.29,100
3589,12:10:37,$ 3423.13,100
3590,12:10:21,$ 3423.01,100
3591,12:10:08,$ 3423.33,100
3592,12:10:07,$ 3423.50,100
3593,12:10:07,$ 3423.675,500
3594,12:10:06,$ 3423.345,100
3595,12:10:06,$ 3423.60,100
3596,12:09:32,$ 3423.574,250
3597,12:09:27,$ 3423.40,150
3598,12:09:17,$ 3423.39,100
3599,12:09:13,$ 3423.36,500
3600,12:09:10,$ 3423.305,100
3601,12:09:10,$ 3423.305,100
3602,12:09:10,$ 3423.305,100
3603,12:09:08,$ 3423.815,100
3604,12:09:08,$ 3423.39,100
3605,12:09:08,$ 3424.325,100
3606,12:08:59,$ 3424.40,100
3607,12:08:59,$ 3424.37,100
3608,12:08:38,$ 3423.79,500
3610,12:08:37,$ 3423.05,100
3611,12:07:31,$ 3423.22,100
3612,12:07:20,$ 3422.9676,500
3613,12:07:19,$ 3423.09,300
3614,12:06:55,$ 3423.48,100
3615,12:06:49,$ 3423.49,221
3616,12:06:10,$ 3423.02,100
3617,12:06:10,$ 3423.02,100
3618,12:06:03,$ 3423.12,138
3619,12:06:01,$ 3423.51,100
3620,12:05:56,$ 3423.698,100
3621,12:04:56,$ 3422.76,100
3622,12:04:50,$ 3423.40,100
3623,12:04:02,$ 3423.43,100
3624,12:03:52,$ 3422.6801,100
3625,12:03:47,$ 3423.20,100
3626,12:03:47,$ 3423.60,100
3627,12:03:47,$ 3423.60,100
3628,12:03:38,$ 3422.55,100
3629,12:03:38,$ 3422.55,100
3631,12:03:22,$ 3423.11,100
3632,12:02:47,$ 3423.475,300
3633,12:02:46,$ 3424.18,100
3634,12:02:46,$ 3424.02,100
3635,12:02:46,$ 3424.00,100
3636,12:02:43,$ 3424.16,100
3637,12:02:42,$ 3424.18,100
3638,12:02:40,$ 3423.99,100
3639,12:02:24,$ 3423.98,100
3640,12:02:19,$ 3423.81,100
3641,12:02:12,$ 3423.06,100
3642,12:01:54,$ 3422.00,163
3643,12:01:51,$ 3422.50,100
3644,12:01:45,$ 3423.2199,125
3645,12:01:42,$ 3423.1025,100
3646,12:01:15,$ 3423.9984,546
3647,12:01:15,$ 3423.9984,108
3648,12:00:47,$ 3422.705,180
3649,12:00:38,$ 3422.95,100
3650,12:00:38,$ 3422.95,100
3652,12:00:32,$ 3423.3601,100
3653,12:00:30,$ 3423.09,100
3654,12:00:12,$ 3423.955,100
3655,12:00:10,$ 3424.215,125
3656,12:00:07,$ 3424.22,200
3658,12:59:49,$ 3431.47,100
3659,12:59:31,$ 3431.21,100
3660,12:58:55,$ 3430.855,300
3661,12:58:50,$ 3430.7443,150
3662,12:58:31,$ 3430.59,100
3663,12:58:31,$ 3430.64,100
3664,12:58:31,$ 3430.64,102
3665,12:58:27,$ 3430.64,126
3666,12:58:25,$ 3430.91,400
3667,12:58:21,$ 3430.75,100
3668,12:58:09,$ 3430.955,500
3669,12:58:04,$ 3431.0168,229
3670,12:57:46,$ 3431.00,100
3671,12:57:46,$ 3430.97,100
3672,12:57:38,$ 3430.80,100
3673,12:57:27,$ 3431.2698,100
3674,12:57:24,$ 3430.35,100
3675,12:57:24,$ 3430.35,100
3676,12:57:24,$ 3430.34,100
3677,12:57:12,$ 3430.12,100
3679,12:57:12,$ 3429.93,100
3680,12:57:12,$ 3429.93,100
3681,12:57:10,$ 3429.93,100
3682,12:57:06,$ 3430.00,100
3683,12:57:05,$ 3429.78,100
3684,12:56:59,$ 3429.67,350
3685,12:56:58,$ 3429.55,100
3686,12:56:58,$ 3429.55,100
3687,12:56:56,$ 3429.4992,100
3688,12:56:53,$ 3429.395,"1,200"
3689,12:56:36,$ 3428.9975,500
3690,12:56:32,$ 3429.23,100
3691,12:56:32,$ 3429.23,100
3692,12:56:32,$ 3429.23,100
3693,12:56:30,$ 3429.295,100
3694,12:56:28,$ 3429.235,100
3695,12:56:25,$ 3428.88,100
3696,12:56:25,$ 3428.6957,257
3697,12:56:13,$ 3428.445,100
3698,12:56:00,$ 3428.435,350
3700,12:55:45,$ 3428.20,100
3701,12:55:44,$ 3428.149,120
3702,12:55:44,$ 3427.9999,100
3703,12:55:44,$ 3427.9999,100
3704,12:55:44,$ 3428.00,100
3705,12:55:44,$ 3428.00,100
3706,12:55:43,$ 3427.94,100
3707,12:55:33,$ 3427.54,100
3708,12:55:23,$ 3427.36,100
3709,12:55:02,$ 3427.20,100
3710,12:54:52,$ 3426.865,100
3711,12:54:45,$ 3426.86,200
3712,12:54:43,$ 3426.86,100
3713,12:54:41,$ 3426.57,100
3714,12:54:14,$ 3427.19,"1,000"
3715,12:54:00,$ 3426.725,118
3716,12:53:18,$ 3426.87,100
3717,12:52:40,$ 3427.155,200
3718,12:52:40,$ 3427.02,100
3719,12:52:40,$ 3426.28,100
3721,12:52:23,$ 3426.28,100
3722,12:51:53,$ 3426.21,133
3723,12:51:41,$ 3425.87,100
3724,12:51:27,$ 3425.91,300
3725,12:50:58,$ 3427.465,100
3726,12:50:57,$ 3426.79,100
3727,12:50:57,$ 3426.69,156
3728,12:50:32,$ 3426.21,100
3729,12:50:31,$ 3426.20,500
3730,12:50:03,$ 3426.615,100
3731,12:50:01,$ 3426.636,100
3732,12:49:00,$ 3425.95,100
3733,12:45:54,$ 3425.47,300
3734,12:45:32,$ 3425.02,100
3735,12:45:03,$ 3426.105,100
3736,12:44:47,$ 3426.00,100
3737,12:43:10,$ 3425.455,200
3738,12:43:10,$ 3425.04,100
3739,12:43:09,$ 3425.64,100
3740,12:43:08,$ 3425.02,100
3742,12:43:08,$ 3425.05,100
3743,12:43:08,$ 3425.05,100
3744,12:43:08,$ 3425.09,100
3745,12:43:06,$ 3425.64,100
3746,12:41:38,$ 3426.21,113
3747,12:41:08,$ 3427.07,100
3748,12:41:00,$ 3427.10,100
3749,12:40:56,$ 3427.3262,115
3750,12:40:47,$ 3426.50,100
3751,12:40:35,$ 3425.7883,100
3752,12:40:35,$ 3425.98,100
3753,12:40:12,$ 3427.64,100
3754,12:40:12,$ 3427.55,100
3755,12:39:49,$ 3427.2445,100
3756,12:39:10,$ 3426.792,500
3757,12:39:09,$ 3426.90,100
3758,12:39:09,$ 3426.98,103
3759,12:39:09,$ 3426.99,100
3760,12:38:53,$ 3426.65,100
3761,12:38:43,$ 3426.62,500
3763,12:38:18,$ 3427.24,100
3764,12:38:18,$ 3427.39,100
3765,12:38:08,$ 3427.60,100
3766,12:37:48,$ 3428.4627,100
3767,12:37:44,$ 3428.00,100
3768,12:37:07,$ 3428.17,100
3769,12:36:30,$ 3429.03,100
3770,12:36:29,$ 3428.72,100
3771,12:36:14,$ 3429.20,100
3772,12:35:51,$ 3428.845,100
3773,12:35:40,$ 3428.74,100
3774,12:35:40,$ 3428.74,100
3775,12:35:40,$ 3428.48,100
3776,12:35:36,$ 3428.845,200
3777,12:35:31,$ 3428.605,100
3778,12:35:17,$ 3428.01,200
3779,12:35:17,$ 3428.01,100
3780,12:35:11,$ 3427.66,100
3781,12:35:11,$ 3427.84,100
3782,12:34:22,$ 3428.6929,500
3784,12:34:00,$ 3429.20,100
3785,12:33:56,$ 3428.8762,500
3786,12:33:41,$ 3429.00,100
3787,12:33:41,$ 3428.74,166
3788,12:33:40,$ 3428.0979,100
3789,12:33:40,$ 3428.63,100
3790,12:33:36,$ 3428.36,500
3791,12:32:58,$ 3428.6476,115
3792,12:32:41,$ 3429.25,100
3793,12:32:41,$ 3429.03,200
3794,12:32:41,$ 3428.89,100
3795,12:32:39,$ 3428.17,100
3796,12:32:29,$ 3427.89,500
3797,12:32:19,$ 3427.905,500
3798,12:32:09,$ 3427.75,100
3799,12:32:04,$ 3428.14,100
3800,12:31:50,$ 3427.9366,300
3801,12:30:28,$ 3427.56,200
3803,13:28:37,$ 3428.905,100
3804,13:28:16,$ 3429.6629,128
3805,13:28:16,$ 3428.9423,100
3806,13:28:16,$ 3429.32,100
3807,13:28:16,$ 3429.34,100
3808,13:28:16,$ 3429.37,100
3809,13:27:45,$ 3428.3623,900
3810,13:27:36,$ 3428.5669,200
3811,13:27:28,$ 3429.00,100
3812,13:27:04,$ 3429.13,500
3813,13:27:01,$ 3429.91,143
3814,13:26:56,$ 3429.9599,100
3815,13:26:42,$ 3430.4133,100
3816,13:26:37,$ 3430.23,100
3817,13:26:32,$ 3430.03,500
3818,13:26:16,$ 3429.60,100
3819,13:26:16,$ 3429.65,100
3820,13:26:02,$ 3429.65,100
3821,13:25:57,$ 3430.205,100
3822,13:25:57,$ 3429.935,100
3824,13:25:57,$ 3430.00,100
3825,13:25:49,$ 3430.105,100
3826,13:25:33,$ 3430.48,100
3827,13:25:31,$ 3431.13,100
3828,13:25:31,$ 3431.07,100
3829,13:25:31,$ 3431.02,100
3830,13:25:31,$ 3430.94,100
3831,13:25:31,$ 3431.2305,500
3832,13:25:10,$ 3432.08,100
3833,13:25:10,$ 3432.18,100
3834,13:25:05,$ 3432.47,100
3835,13:24:59,$ 3432.45,100
3836,13:24:50,$ 3433.20,100
3837,13:24:20,$ 3432.90,100
3838,13:24:10,$ 3432.7625,100
3839,13:24:10,$ 3432.885,100
3840,13:24:10,$ 3432.46,100
3841,13:24:10,$ 3432.674,100
3842,13:24:10,$ 3432.67,100
3843,13:24:10,$ 3432.895,100
3845,13:23:56,$ 3433.15,500
3846,13:23:23,$ 3433.135,500
3847,13:23:14,$ 3433.4619,500
3848,13:22:41,$ 3432.12,100
3849,13:22:41,$ 3432.06,100
3850,13:22:01,$ 3433.00,202
3851,13:22:01,$ 3433.00,116
3852,13:22:01,$ 3433.00,100
3853,13:22:01,$ 3433.00,100
3854,13:21:30,$ 3433.093,500
3855,13:20:46,$ 3432.93,115
3856,13:20:30,$ 3432.12,100
3857,13:20:21,$ 3432.72,500
3858,13:19:52,$ 3432.266,100
3859,13:19:39,$ 3430.43,"1,187"
3860,13:19:27,$ 3429.93,100
3861,13:19:27,$ 3430.00,100
3862,13:19:24,$ 3429.48,100
3863,13:19:01,$ 3429.48,100
3864,13:18:34,$ 3429.54,100
3866,13:18:26,$ 3429.0001,100
3867,13:17:48,$ 3429.335,100
3868,13:17:48,$ 3429.29,100
3869,13:15:22,$ 3430.00,166
