,NLS Time (ET),NLS Price,NLS Share Volume
1,09:59:51,$ 3296.72,100
2,09:59:47,$ 3296.31,100
3,09:59:44,$ 3297.01,100
4,09:59:40,$ 3296.12,100
5,09:59:40,$ 3296.15,100
6,09:59:36,$ 3297.5974,100
7,09:59:27,$ 3298.54,100
8,09:59:27,$ 3298.0823,500
9,09:59:25,$ 3300.29,100
10,09:59:20,$ 3300.74,100
11,09:59:18,$ 3300.56,100
12,09:58:47,$ 3300.29,100
13,09:58:42,$ 3300.2901,100
14,09:58:33,$ 3303.32,100
15,09:58:33,$ 3303.32,140
16,09:58:27,$ 3304.015,100
17,09:58:21,$ 3303.79,100
18,09:58:13,$ 3305.29,100
19,09:58:12,$ 3304.5174,300
20,09:58:10,$ 3305.75,100
22,09:58:03,$ 3305.6181,202
23,09:58:03,$ 3305.00,100
24,09:58:03,$ 3305.00,302
25,09:58:03,$ 3305.00,900
26,09:58:03,$ 3305.00,100
27,09:58:03,$ 3305.00,100
28,09:58:03,$ 3304.086,100
29,09:57:22,$ 3301.92,100
30,09:57:22,$ 3303.01,100
31,09:57:22,$ 3303.02,100
32,09:57:22,$ 3303.01,100
33,09:57:19,$ 3303.985,710
34,09:57:19,$ 3303.2179,100
35,09:57:15,$ 3304.9799,100
36,09:57:13,$ 3304.00,100
37,09:57:02,$ 3302.35,100
38,09:57:01,$ 3300.234,147
39,09:57:01,$ 3300.50,100
40,09:57:00,$ 3299.61,100
41,09:56:47,$ 3299.55,100
43,09:56:29,$ 3297.4801,150
44,09:56:29,$ 3297.48,100
45,09:56:21,$ 3298.185,100
46,09:56:06,$ 3298.125,100
47,09:56:01,$ 3297.9995,100
48,09:56:01,$ 3297.99,100
49,09:56:00,$ 3297.58,100
50,09:56:00,$ 3297.58,100
51,09:56:00,$ 3297.50,100
52,09:56:00,$ 3297.27,100
53,09:55:52,$ 3298.7079,100
54,09:55:48,$ 3299.03,100
55,09:55:34,$ 3299.35,110
56,09:55:27,$ 3299.91,100
57,09:55:27,$ 3299.91,100
58,09:55:27,$ 3300.01,100
59,09:55:27,$ 3301.04,100
60,09:55:27,$ 3300.95,100
61,09:55:27,$ 3300.92,100
62,09:55:23,$ 3301.62,100
64,09:55:23,$ 3301.51,100
65,09:55:23,$ 3301.04,100
66,09:55:23,$ 3301.01,100
67,09:55:23,$ 3301.00,150
68,09:55:23,$ 3303.08,100
69,09:55:22,$ 3300.7401,100
70,09:55:21,$ 3300.74,100
71,09:55:20,$ 3301.29,100
72,09:55:13,$ 3302.515,100
73,09:55:11,$ 3302.2424,395
74,09:55:11,$ 3302.241,250
75,09:55:10,$ 3302.739,100
76,09:55:08,$ 3303.9475,170
77,09:55:08,$ 3303.80,100
78,09:55:07,$ 3302.79,100
79,09:55:07,$ 3302.79,110
80,09:55:07,$ 3302.79,115
81,09:55:07,$ 3302.79,115
82,09:55:07,$ 3302.79,115
83,09:55:07,$ 3302.78,100
85,09:55:06,$ 3302.72,100
86,09:55:06,$ 3302.24,197
87,09:55:06,$ 3301.86,100
88,09:55:06,$ 3302.00,110
89,09:55:05,$ 3301.49,100
90,09:55:05,$ 3301.414,100
91,09:55:05,$ 3300.69,100
92,09:55:05,$ 3300.69,100
93,09:55:05,$ 3301.50,110
94,09:55:04,$ 3300.84,100
95,09:55:01,$ 3299.99,100
96,09:54:55,$ 3300.59,100
97,09:54:41,$ 3299.075,100
98,09:54:29,$ 3298.315,250
99,09:54:12,$ 3299.845,100
100,09:54:12,$ 3299.845,100
101,09:54:11,$ 3301.0677,250
102,09:54:09,$ 3301.50,"1,000"
103,09:54:09,$ 3299.64,100
104,09:53:59,$ 3300.18,100
106,09:53:56,$ 3299.65,100
107,09:53:56,$ 3299.65,100
108,09:53:39,$ 3298.50,100
109,09:53:22,$ 3300.00,100
110,09:53:17,$ 3299.695,100
111,09:53:17,$ 3299.695,100
112,09:53:17,$ 3299.695,100
113,09:53:17,$ 3299.695,100
114,09:53:17,$ 3300.95,100
115,09:53:17,$ 3300.39,163
116,09:53:15,$ 3300.1949,153
117,09:53:14,$ 3300.10,100
118,09:53:14,$ 3300.28,100
119,09:53:14,$ 3300.29,100
120,09:53:14,$ 3300.28,100
121,09:53:14,$ 3300.28,200
122,09:53:13,$ 3301.8599,200
123,09:53:01,$ 3300.3652,100
124,09:53:00,$ 3300.2944,500
125,09:52:59,$ 3300.54,100
127,09:52:59,$ 3300.54,100
128,09:52:59,$ 3300.35,100
129,09:52:59,$ 3300.32,100
130,09:52:59,$ 3301.66,100
131,09:52:59,$ 3300.95,100
132,09:52:59,$ 3301.48,100
133,09:52:59,$ 3301.61,100
134,09:52:59,$ 3301.22,100
135,09:52:59,$ 3300.95,100
136,09:52:59,$ 3300.95,100
137,09:52:59,$ 3301.61,100
138,09:52:58,$ 3300.95,100
139,09:52:58,$ 3301.61,200
140,09:52:57,$ 3300.9999,100
141,09:52:57,$ 3300.982,300
142,09:52:57,$ 3300.95,100
143,09:52:57,$ 3300.95,100
144,09:52:57,$ 3300.15,100
145,09:52:57,$ 3300.15,100
146,09:52:57,$ 3300.15,100
148,09:52:56,$ 3299.585,100
149,09:52:56,$ 3300.15,100
150,09:52:54,$ 3299.72,100
151,09:52:53,$ 3300.15,100
152,09:52:52,$ 3299.20,100
153,09:52:51,$ 3300.09,100
154,09:52:48,$ 3299.00,100
155,09:52:48,$ 3297.84,334
156,09:52:48,$ 3299.00,100
157,09:52:48,$ 3299.00,100
158,09:52:48,$ 3298.99,202
159,09:52:46,$ 3297.8066,128
160,09:52:45,$ 3298.00,100
161,09:52:45,$ 3298.11,100
162,09:52:45,$ 3298.07,100
163,09:52:45,$ 3298.00,100
164,09:52:43,$ 3298.33,100
165,09:52:42,$ 3297.00,100
166,09:52:39,$ 3298.59,100
167,09:52:37,$ 3296.5927,410
169,09:52:36,$ 3297.94,100
170,09:52:32,$ 3298.62,100
171,09:52:29,$ 3296.11,100
172,09:52:25,$ 3298.545,100
173,09:52:25,$ 3298.52,100
174,09:52:22,$ 3298.52,100
175,09:52:19,$ 3298.69,200
176,09:52:19,$ 3297.21,"1,000"
177,09:52:13,$ 3297.67,100
178,09:52:11,$ 3296.81,"1,000"
179,09:52:11,$ 3297.094,100
180,09:52:10,$ 3297.02,100
181,09:52:07,$ 3295.00,100
182,09:51:59,$ 3292.93,"1,000"
183,09:51:58,$ 3294.1077,660
184,09:51:58,$ 3294.1077,120
185,09:51:57,$ 3292.234,"1,000"
186,09:51:40,$ 3290.6701,"1,000"
187,09:51:40,$ 3291.71,100
188,09:51:34,$ 3292.03,100
190,09:51:29,$ 3290.6348,726
191,09:51:29,$ 3290.6348,120
192,09:51:28,$ 3290.3133,"1,000"
193,09:51:25,$ 3292.02,100
194,09:51:25,$ 3291.00,100
195,09:51:21,$ 3291.04,750
196,09:51:19,$ 3292.28,200
197,09:51:17,$ 3292.86,100
198,09:51:17,$ 3291.84,100
199,09:51:17,$ 3292.29,100
200,09:51:17,$ 3293.9969,640
201,09:51:17,$ 3292.05,100
202,09:51:17,$ 3292.39,100
203,09:51:17,$ 3291.84,100
204,09:51:16,$ 3291.00,100
205,09:51:10,$ 3290.51,100
206,09:50:56,$ 3291.976,100
207,09:50:56,$ 3291.99,100
208,09:50:54,$ 3291.08,100
209,09:50:53,$ 3291.15,102
211,09:50:52,$ 3291.50,100
212,09:50:45,$ 3291.50,500
213,09:50:45,$ 3291.50,100
214,09:50:44,$ 3291.50,100
215,09:50:44,$ 3292.5845,303
216,09:50:40,$ 3292.50,100
217,09:50:38,$ 3293.00,100
218,09:50:36,$ 3292.765,100
219,09:50:26,$ 3294.0122,500
220,09:50:25,$ 3293.985,500
221,09:50:21,$ 3293.1401,100
222,09:50:17,$ 3294.05,100
223,09:50:15,$ 3295.21,100
224,09:50:13,$ 3295.5247,300
225,09:50:11,$ 3295.015,100
226,09:50:10,$ 3295.50,100
227,09:49:56,$ 3296.325,100
228,09:49:53,$ 3297.98,100
229,09:49:53,$ 3298.03,100
230,09:49:44,$ 3297.00,100
232,09:49:42,$ 3297.00,100
233,09:49:42,$ 3297.00,100
234,09:49:40,$ 3298.47,100
235,09:49:38,$ 3298.75,200
236,09:49:36,$ 3298.61,100
237,09:49:36,$ 3298.60,100
238,09:49:36,$ 3298.61,142
239,09:49:35,$ 3300.00,100
240,09:49:32,$ 3299.305,200
241,09:49:32,$ 3299.305,100
242,09:49:31,$ 3299.01,100
243,09:49:28,$ 3298.54,200
244,09:49:24,$ 3297.36,126
245,09:49:24,$ 3297.36,115
246,09:49:09,$ 3298.585,100
247,09:49:08,$ 3300.44,100
248,09:49:08,$ 3300.44,100
249,09:49:08,$ 3300.44,100
250,09:49:08,$ 3300.44,100
251,09:49:07,$ 3299.25,100
253,09:49:05,$ 3298.69,100
254,09:49:04,$ 3299.155,100
255,09:48:57,$ 3297.255,100
256,09:48:57,$ 3296.98,100
257,09:48:57,$ 3297.45,100
258,09:48:57,$ 3296.72,100
259,09:48:54,$ 3297.51,100
260,09:48:54,$ 3298.31,100
261,09:48:54,$ 3298.31,188
262,09:48:54,$ 3298.10,100
263,09:48:46,$ 3300.60,100
264,09:48:46,$ 3300.62,100
265,09:48:46,$ 3300.4345,100
266,09:48:46,$ 3300.60,100
267,09:48:46,$ 3300.07,100
268,09:48:46,$ 3300.52,100
269,09:48:46,$ 3300.27,300
270,09:48:46,$ 3300.27,100
271,09:48:39,$ 3299.5284,150
272,09:48:35,$ 3299.94,200
274,09:48:34,$ 3300.165,100
275,09:48:34,$ 3299.53,100
276,09:48:33,$ 3300.6099,100
277,09:48:32,$ 3300.22,100
278,09:48:32,$ 3300.00,100
279,09:48:32,$ 3300.00,100
280,09:48:32,$ 3300.00,100
281,09:48:31,$ 3300.95,100
282,09:48:31,$ 3300.95,100
283,09:48:31,$ 3300.95,100
284,09:48:31,$ 3301.4695,300
285,09:48:31,$ 3300.93,100
286,09:48:30,$ 3301.47,100
287,09:48:28,$ 3301.83,100
288,09:48:28,$ 3301.83,100
289,09:48:26,$ 3301.83,100
290,09:48:25,$ 3301.84,100
291,09:48:25,$ 3300.785,200
292,09:48:24,$ 3300.79,125
293,09:48:24,$ 3299.7301,700
295,09:48:23,$ 3301.86,100
296,09:48:23,$ 3300.4429,"1,000"
297,09:48:23,$ 3301.17,100
298,09:48:22,$ 3300.795,"1,000"
299,09:48:22,$ 3301.405,100
300,09:48:21,$ 3301.86,100
301,09:48:20,$ 3301.86,100
302,09:48:19,$ 3300.004,100
303,09:48:19,$ 3300.01,100
304,09:48:19,$ 3300.046,100
305,09:48:19,$ 3300.04,100
306,09:48:19,$ 3300.17,100
307,09:48:19,$ 3301.60,100
308,09:48:19,$ 3300.00,200
309,09:48:19,$ 3300.00,140
310,09:48:19,$ 3300.00,200
311,09:48:19,$ 3300.00,250
312,09:48:19,$ 3300.00,180
313,09:48:19,$ 3300.00,297
314,09:48:19,$ 3300.00,100
316,09:48:19,$ 3300.00,100
317,09:48:19,$ 3300.00,100
318,09:48:19,$ 3300.00,100
319,09:48:19,$ 3299.99,100
320,09:48:18,$ 3300.00,100
321,09:48:17,$ 3298.98,100
322,09:48:17,$ 3299.00,227
323,09:48:16,$ 3298.36,100
324,09:48:15,$ 3298.06,100
325,09:48:14,$ 3298.3598,370
326,09:48:11,$ 3296.78,100
327,09:48:08,$ 3297.14,100
328,09:48:08,$ 3297.04,100
329,09:48:07,$ 3296.655,200
330,09:48:06,$ 3297.75,100
331,09:48:03,$ 3297.00,100
332,09:48:00,$ 3294.92,200
333,09:48:00,$ 3295.12,100
334,09:48:00,$ 3295.62,100
335,09:47:41,$ 3296.205,"1,000"
337,09:47:41,$ 3296.405,100
338,09:47:40,$ 3295.69,200
339,09:47:40,$ 3295.68,600
340,09:47:40,$ 3295.39,200
341,09:47:40,$ 3297.00,200
342,09:47:40,$ 3296.04,200
343,09:47:40,$ 3295.85,100
344,09:47:40,$ 3295.93,100
345,09:47:40,$ 3295.85,100
346,09:47:40,$ 3295.67,100
347,09:47:40,$ 3294.36,200
348,09:47:40,$ 3295.6672,552
349,09:47:40,$ 3295.69,100
350,09:47:40,$ 3295.17,100
351,09:47:40,$ 3295.67,100
352,09:47:40,$ 3295.17,100
353,09:47:40,$ 3295.11,200
354,09:47:40,$ 3295.61,200
355,09:47:13,$ 3294.3114,"1,000"
356,09:47:04,$ 3293.82,200
358,09:46:56,$ 3293.29,"1,000"
359,09:46:45,$ 3290.4314,"1,000"
360,09:46:42,$ 3292.20,100
361,09:46:30,$ 3290.44,200
362,09:46:20,$ 3292.531,102
363,09:45:57,$ 3290.95,150
364,09:45:52,$ 3291.8613,100
365,09:45:47,$ 3291.1201,100
366,09:45:46,$ 3292.74,146
367,09:45:43,$ 3293.82,100
368,09:45:43,$ 3293.42,100
369,09:45:38,$ 3295.08,200
370,09:45:37,$ 3294.2551,100
371,09:45:33,$ 3295.63,100
372,09:45:25,$ 3292.80,100
373,09:45:21,$ 3289.855,100
374,09:45:20,$ 3289.60,100
375,09:45:19,$ 3290.6887,200
376,09:45:09,$ 3288.55,200
377,09:45:08,$ 3289.17,100
379,09:45:04,$ 3288.35,100
380,09:45:04,$ 3288.355,100
381,09:45:00,$ 3289.085,100
382,09:45:00,$ 3287.825,100
383,09:45:00,$ 3289.085,300
384,09:45:00,$ 3290.11,100
385,09:44:59,$ 3288.105,100
386,09:44:58,$ 3288.38,100
387,09:44:57,$ 3289.26,100
388,09:44:57,$ 3289.41,100
389,09:44:56,$ 3291.245,100
390,09:44:50,$ 3292.23,100
391,09:44:45,$ 3295.00,226
392,09:44:44,$ 3295.65,100
393,09:44:32,$ 3295.58,100
394,09:44:28,$ 3295.655,100
395,09:44:28,$ 3295.655,100
396,09:44:27,$ 3294.20,100
397,09:44:27,$ 3294.42,100
398,09:44:27,$ 3294.54,100
400,09:44:27,$ 3295.12,100
401,09:44:27,$ 3295.85,100
402,09:44:27,$ 3295.85,100
403,09:44:26,$ 3295.845,100
404,09:44:24,$ 3297.00,100
405,09:44:18,$ 3294.02,100
406,09:44:16,$ 3295.63,100
407,09:44:16,$ 3294.7279,200
408,09:44:11,$ 3293.3493,100
409,09:44:10,$ 3294.1009,500
410,09:44:05,$ 3293.85,100
411,09:44:05,$ 3294.715,100
412,09:44:03,$ 3294.00,100
413,09:44:02,$ 3293.99,100
414,09:44:01,$ 3295.00,100
415,09:44:00,$ 3294.08,100
416,09:44:00,$ 3294.08,300
417,09:44:00,$ 3292.52,100
418,09:44:00,$ 3292.34,100
419,09:44:00,$ 3292.83,100
421,09:44:00,$ 3292.96,100
422,09:43:59,$ 3290.20,100
423,09:43:59,$ 3290.20,100
424,09:43:59,$ 3290.75,100
425,09:43:59,$ 3292.97,100
426,09:43:59,$ 3290.75,100
427,09:43:59,$ 3292.49,300
428,09:43:59,$ 3292.97,100
429,09:43:59,$ 3292.97,100
430,09:43:59,$ 3292.97,100
431,09:43:59,$ 3291.37,200
432,09:43:58,$ 3292.98,100
433,09:43:57,$ 3292.14,400
434,09:43:57,$ 3294.62,100
435,09:43:56,$ 3292.14,200
436,09:43:56,$ 3292.13,200
437,09:43:56,$ 3292.71,100
438,09:43:56,$ 3292.66,100
439,09:43:56,$ 3293.715,100
440,09:43:56,$ 3293.06,100
442,09:43:55,$ 3293.18,100
443,09:43:51,$ 3294.62,100
444,09:43:51,$ 3293.8941,"1,000"
445,09:43:46,$ 3293.01,100
446,09:43:46,$ 3293.01,100
447,09:43:45,$ 3294.2125,200
448,09:43:43,$ 3293.00,100
449,09:43:42,$ 3293.00,100
450,09:43:42,$ 3292.19,100
451,09:43:42,$ 3292.19,100
452,09:43:40,$ 3291.88,100
453,09:43:38,$ 3290.55,100
454,09:43:38,$ 3290.55,100
455,09:43:35,$ 3290.2205,250
456,09:43:22,$ 3289.78,100
457,09:43:21,$ 3289.78,100
458,09:43:20,$ 3290.1089,250
459,09:43:17,$ 3289.765,100
460,09:43:07,$ 3290.33,100
461,09:43:06,$ 3288.715,200
463,09:43:06,$ 3289.882,100
464,09:43:06,$ 3289.88,100
465,09:43:06,$ 3289.93,100
466,09:43:06,$ 3289.90,100
467,09:43:06,$ 3289.91,100
468,09:43:06,$ 3288.50,100
469,09:43:05,$ 3287.67,100
470,09:43:05,$ 3289.29,100
471,09:43:04,$ 3287.5067,400
472,09:42:52,$ 3286.012,100
473,09:42:52,$ 3285.878,100
474,09:42:52,$ 3285.898,100
475,09:42:52,$ 3287.37,200
476,09:42:50,$ 3287.29,100
477,09:42:50,$ 3287.94,100
478,09:42:48,$ 3286.905,555
479,09:42:41,$ 3286.65,100
480,09:42:41,$ 3286.67,100
481,09:42:39,$ 3285.1426,500
482,09:42:38,$ 3286.66,200
484,09:42:37,$ 3285.87,100
485,09:42:36,$ 3286.52,100
486,09:42:32,$ 3286.57,100
487,09:42:31,$ 3285.03,100
488,09:42:29,$ 3285.832,100
489,09:42:28,$ 3284.0283,600
490,09:42:27,$ 3285.835,100
491,09:42:27,$ 3286.66,100
492,09:42:27,$ 3286.66,100
493,09:42:27,$ 3286.635,100
494,09:42:23,$ 3286.66,100
495,09:42:22,$ 3286.66,100
496,09:42:22,$ 3286.134,387
497,09:42:22,$ 3285.75,100
498,09:42:21,$ 3285.21,250
499,09:42:19,$ 3284.155,300
500,09:42:16,$ 3284.56,200
501,09:42:08,$ 3285.00,100
502,09:41:55,$ 3285.40,100
503,09:41:53,$ 3283.08,145
505,09:41:52,$ 3285.0083,200
506,09:41:51,$ 3284.71,100
507,09:41:48,$ 3286.379,299
508,09:41:48,$ 3285.825,100
509,09:41:48,$ 3285.825,100
510,09:41:46,$ 3285.245,100
511,09:41:44,$ 3286.92,100
512,09:41:43,$ 3287.055,100
513,09:41:40,$ 3287.00,100
514,09:41:26,$ 3288.0813,100
515,09:41:22,$ 3289.6964,276
516,09:41:21,$ 3288.85,100
517,09:41:21,$ 3288.9375,100
518,09:41:21,$ 3288.855,100
519,09:41:19,$ 3290.94,200
520,09:41:19,$ 3290.10,100
521,09:41:19,$ 3290.01,100
522,09:41:19,$ 3290.94,100
523,09:41:19,$ 3290.94,100
524,09:41:19,$ 3290.94,200
526,09:41:15,$ 3291.80,100
527,09:41:15,$ 3291.87,100
528,09:41:15,$ 3291.86,100
529,09:41:15,$ 3291.74,100
530,09:41:13,$ 3290.2703,160
531,09:41:12,$ 3290.955,100
532,09:41:05,$ 3292.405,100
533,09:41:05,$ 3293.5001,100
534,09:41:01,$ 3294.98,100
535,09:41:01,$ 3296.00,204
536,09:40:57,$ 3296.51,100
537,09:40:57,$ 3296.515,100
538,09:40:56,$ 3297.16,100
539,09:40:55,$ 3296.4504,"1,000"
540,09:40:49,$ 3298.50,100
541,09:40:48,$ 3298.50,100
542,09:40:48,$ 3298.50,100
543,09:40:47,$ 3297.50,400
544,09:40:47,$ 3297.51,200
545,09:40:46,$ 3297.51,175
547,09:40:38,$ 3296.75,100
548,09:40:33,$ 3296.086,100
549,09:40:32,$ 3296.81,100
550,09:40:32,$ 3296.81,165
551,09:40:32,$ 3296.81,100
552,09:40:31,$ 3296.00,200
553,09:40:30,$ 3296.85,100
554,09:40:30,$ 3296.84,100
555,09:40:30,$ 3295.97,100
556,09:40:30,$ 3295.965,100
557,09:40:27,$ 3295.17,100
558,09:40:26,$ 3296.90,100
559,09:40:25,$ 3295.96,100
560,09:40:24,$ 3295.0194,500
561,09:40:24,$ 3295.975,100
562,09:40:22,$ 3296.96,100
563,09:40:20,$ 3295.125,100
564,09:40:18,$ 3295.70,100
565,09:40:18,$ 3295.64,849
566,09:40:17,$ 3296.965,500
568,09:40:17,$ 3296.975,"1,000"
569,09:40:09,$ 3297.07,100
570,09:40:09,$ 3297.04,100
571,09:40:05,$ 3298.50,150
572,09:40:05,$ 3298.00,402
573,09:40:05,$ 3298.00,135
574,09:40:04,$ 3296.86,100
575,09:40:03,$ 3297.16,200
576,09:40:01,$ 3296.47,100
577,09:39:58,$ 3298.00,100
578,09:39:56,$ 3297.00,100
579,09:39:55,$ 3296.83,100
580,09:39:54,$ 3297.43,100
581,09:39:53,$ 3296.22,100
582,09:39:43,$ 3295.6424,100
583,09:39:41,$ 3297.18,100
584,09:39:41,$ 3296.1897,120
585,09:39:40,$ 3296.30,100
586,09:39:40,$ 3297.17,100
587,09:39:40,$ 3296.315,100
589,09:39:36,$ 3296.00,100
590,09:39:35,$ 3294.4993,906
591,09:39:35,$ 3293.88,100
592,09:39:35,$ 3294.00,115
593,09:39:34,$ 3293.835,100
594,09:39:33,$ 3293.87,100
595,09:39:33,$ 3293.87,400
596,09:39:31,$ 3293.88,400
597,09:39:28,$ 3292.00,100
598,09:39:28,$ 3291.75,100
599,09:39:24,$ 3290.6264,100
600,09:39:24,$ 3291.175,100
601,09:39:24,$ 3291.17,100
602,09:39:18,$ 3291.08,100
603,09:39:16,$ 3291.21,100
604,09:39:10,$ 3292.12,100
605,09:39:03,$ 3293.35,100
606,09:39:03,$ 3293.35,100
607,09:39:03,$ 3293.35,100
608,09:39:02,$ 3293.26,250
610,09:39:02,$ 3293.26,100
611,09:39:02,$ 3293.26,100
612,09:38:59,$ 3291.06,100
613,09:38:56,$ 3291.59,100
614,09:38:55,$ 3292.72,100
615,09:38:52,$ 3294.27,188
616,09:38:52,$ 3294.27,100
617,09:38:45,$ 3294.11,100
618,09:38:41,$ 3294.00,150
619,09:38:38,$ 3293.38,100
620,09:38:27,$ 3294.00,100
621,09:38:27,$ 3293.26,100
622,09:38:26,$ 3293.17,100
623,09:38:25,$ 3292.82,100
624,09:38:25,$ 3292.808,100
625,09:38:24,$ 3292.98,100
626,09:38:22,$ 3293.54,100
627,09:38:19,$ 3293.18,100
628,09:38:17,$ 3294.47,100
629,09:38:17,$ 3294.5524,100
631,09:38:11,$ 3295.198,100
632,09:38:11,$ 3295.42,100
633,09:38:01,$ 3295.00,156
634,09:38:01,$ 3295.00,100
635,09:38:01,$ 3295.00,290
636,09:38:00,$ 3295.00,100
637,09:38:00,$ 3295.00,115
638,09:38:00,$ 3295.00,110
639,09:38:00,$ 3295.00,100
640,09:37:58,$ 3294.76,100
641,09:37:57,$ 3295.51,100
642,09:37:56,$ 3294.885,200
643,09:37:54,$ 3294.895,100
644,09:37:54,$ 3294.895,100
645,09:37:54,$ 3295.18,100
646,09:37:54,$ 3295.04,100
647,09:37:53,$ 3295.99,100
648,09:37:52,$ 3295.99,100
649,09:37:49,$ 3296.00,121
650,09:37:49,$ 3297.575,100
652,09:37:49,$ 3297.7127,100
653,09:37:46,$ 3297.7269,747
654,09:37:44,$ 3296.348,100
655,09:37:42,$ 3297.00,294
656,09:37:41,$ 3296.25,111
657,09:37:41,$ 3296.00,100
658,09:37:36,$ 3294.99,100
659,09:37:36,$ 3293.54,100
660,09:37:36,$ 3293.54,100
661,09:37:34,$ 3294.97,100
662,09:37:34,$ 3295.005,200
663,09:37:34,$ 3295.00,100
664,09:37:34,$ 3294.90,100
665,09:37:34,$ 3294.98,100
666,09:37:34,$ 3295.00,239
667,09:37:33,$ 3293.0101,100
668,09:37:31,$ 3294.00,100
669,09:37:31,$ 3293.99,100
670,09:37:31,$ 3294.00,128
671,09:37:25,$ 3291.35,100
673,09:37:25,$ 3291.34,100
674,09:37:22,$ 3292.60,100
675,09:37:20,$ 3292.70,100
676,09:37:12,$ 3291.46,100
677,09:37:06,$ 3290.97,100
678,09:37:06,$ 3291.80,500
679,09:37:06,$ 3290.97,100
680,09:37:05,$ 3290.72,100
681,09:36:59,$ 3290.4082,100
682,09:36:52,$ 3290.875,100
683,09:36:52,$ 3291.62,100
684,09:36:49,$ 3291.62,100
685,09:36:49,$ 3291.51,100
686,09:36:48,$ 3290.00,100
687,09:36:47,$ 3289.875,100
688,09:36:41,$ 3288.575,100
689,09:36:41,$ 3288.0759,500
690,09:36:38,$ 3289.50,100
691,09:36:37,$ 3289.00,100
692,09:36:37,$ 3288.41,100
694,09:36:36,$ 3288.23,100
695,09:36:36,$ 3287.58,100
696,09:36:36,$ 3287.58,100
697,09:36:36,$ 3287.46,100
698,09:36:26,$ 3286.30,100
699,09:36:22,$ 3287.65,200
700,09:36:20,$ 3287.64,100
701,09:36:20,$ 3286.97,100
702,09:36:18,$ 3286.46,100
703,09:36:16,$ 3287.4984,100
704,09:36:16,$ 3286.568,100
705,09:36:16,$ 3286.56,100
706,09:36:16,$ 3286.80,100
707,09:36:13,$ 3287.30,100
708,09:36:10,$ 3287.06,100
709,09:36:10,$ 3286.94,100
710,09:36:09,$ 3288.40,132
711,09:36:05,$ 3286.855,100
712,09:36:04,$ 3287.917,150
713,09:36:02,$ 3287.9999,100
715,09:36:02,$ 3286.8627,100
716,09:35:57,$ 3284.64,100
717,09:35:55,$ 3285.38,100
718,09:35:52,$ 3284.70,100
719,09:35:48,$ 3285.28,100
720,09:35:48,$ 3285.96,100
721,09:35:48,$ 3286.125,200
722,09:35:48,$ 3286.125,200
723,09:35:48,$ 3286.125,100
724,09:35:48,$ 3285.4552,100
725,09:35:48,$ 3286.125,100
726,09:35:48,$ 3285.4552,100
727,09:35:45,$ 3285.00,200
728,09:35:40,$ 3284.58,100
729,09:35:36,$ 3284.85,100
730,09:35:36,$ 3284.89,100
731,09:35:36,$ 3284.02,100
732,09:35:35,$ 3284.00,100
733,09:35:35,$ 3284.00,477
734,09:35:31,$ 3283.81,100
736,09:35:31,$ 3283.745,100
737,09:35:21,$ 3282.3725,100
738,09:35:21,$ 3282.26,100
739,09:35:17,$ 3282.2596,200
740,09:35:15,$ 3280.44,100
741,09:35:12,$ 3279.625,100
742,09:35:10,$ 3279.69,100
743,09:35:10,$ 3278.835,100
744,09:35:09,$ 3279.69,100
745,09:35:09,$ 3279.06,100
746,09:35:09,$ 3279.00,100
747,09:35:07,$ 3280.59,100
748,09:35:06,$ 3280.07,100
749,09:34:53,$ 3281.91,100
750,09:34:52,$ 3283.41,100
751,09:34:40,$ 3285.00,400
752,09:34:40,$ 3285.00,188
753,09:34:40,$ 3285.00,812
754,09:34:39,$ 3284.00,400
755,09:34:39,$ 3285.00,500
757,09:34:39,$ 3283.89,200
758,09:34:38,$ 3283.00,100
759,09:34:35,$ 3281.405,100
760,09:34:32,$ 3281.405,100
761,09:34:32,$ 3281.62,100
762,09:34:32,$ 3281.50,220
763,09:34:32,$ 3281.78,100
764,09:34:30,$ 3282.86,100
765,09:34:30,$ 3282.80,100
766,09:34:30,$ 3283.00,100
767,09:34:30,$ 3283.00,100
768,09:34:30,$ 3283.00,100
769,09:34:30,$ 3282.625,100
770,09:34:30,$ 3282.75,100
771,09:34:30,$ 3282.745,100
772,09:34:29,$ 3281.00,103
773,09:34:29,$ 3281.00,221
774,09:34:29,$ 3281.00,100
775,09:34:29,$ 3281.00,100
776,09:34:27,$ 3280.445,100
778,09:34:26,$ 3281.452,100
779,09:34:26,$ 3281.46,100
780,09:34:13,$ 3279.55,100
781,09:34:12,$ 3279.595,100
782,09:34:11,$ 3280.88,100
783,09:34:11,$ 3280.83,100
784,09:34:05,$ 3279.37,100
785,09:34:05,$ 3280.06,100
786,09:33:29,$ 3280.49,100
787,09:33:14,$ 3281.61,100
788,09:33:13,$ 3278.84,100
789,09:33:04,$ 3278.67,100
790,09:33:04,$ 3279.02,100
791,09:33:03,$ 3278.16,100
792,09:33:02,$ 3278.81,100
793,09:33:02,$ 3278.0001,100
794,09:33:00,$ 3278.53,100
795,09:32:57,$ 3280.71,100
796,09:32:54,$ 3280.73,130
797,09:32:48,$ 3280.7503,300
799,09:32:48,$ 3279.83,100
800,09:32:48,$ 3280.00,100
801,09:32:44,$ 3278.24,100
802,09:32:44,$ 3278.24,100
803,09:32:37,$ 3277.51,100
804,09:32:37,$ 3277.50,100
805,09:32:36,$ 3279.07,100
806,09:32:35,$ 3280.00,100
807,09:32:35,$ 3280.00,440
808,09:32:35,$ 3280.00,560
809,09:32:35,$ 3280.195,100
810,09:32:35,$ 3280.18,100
811,09:32:35,$ 3280.50,100
812,09:32:35,$ 3282.15,100
813,09:32:35,$ 3282.15,125
814,09:32:35,$ 3283.00,100
815,09:32:35,$ 3283.24,100
816,09:32:34,$ 3283.4436,100
817,09:32:30,$ 3285.0062,120
818,09:32:30,$ 3285.00,100
820,09:32:18,$ 3285.9489,120
821,09:32:10,$ 3284.9554,200
822,09:32:09,$ 3285.00,100
823,09:32:06,$ 3286.19,100
824,09:32:04,$ 3286.6362,300
825,09:32:04,$ 3287.25,100
826,09:32:04,$ 3287.25,100
827,09:32:03,$ 3288.98,100
828,09:32:03,$ 3288.73,100
829,09:32:03,$ 3290.095,100
830,09:32:03,$ 3290.095,100
831,09:32:03,$ 3289.30,100
832,09:32:02,$ 3287.65,100
833,09:32:02,$ 3289.33,100
834,09:32:01,$ 3288.07,104
835,09:31:59,$ 3288.08,100
836,09:31:59,$ 3288.62,100
837,09:31:58,$ 3288.2925,100
838,09:31:57,$ 3289.36,100
839,09:31:54,$ 3287.17,100
841,09:31:50,$ 3287.17,100
842,09:31:45,$ 3290.00,200
843,09:31:44,$ 3290.15,100
844,09:31:42,$ 3290.1148,100
845,09:31:40,$ 3290.40,300
846,09:31:40,$ 3290.97,101
847,09:31:27,$ 3290.17,100
848,09:31:16,$ 3290.17,"1,000"
849,09:31:12,$ 3285.6722,100
850,09:31:11,$ 3290.0944,100
851,09:31:11,$ 3289.84,100
852,09:31:10,$ 3288.12,100
853,09:31:10,$ 3288.12,"1,900"
854,09:31:08,$ 3288.31,300
855,09:31:06,$ 3287.80,100
856,09:31:06,$ 3288.49,100
857,09:31:03,$ 3286.95,100
858,09:31:03,$ 3286.00,100
859,09:31:03,$ 3286.00,100
860,09:31:03,$ 3286.00,300
862,09:31:01,$ 3285.53,140
863,09:30:52,$ 3283.995,100
864,09:30:47,$ 3284.59,100
865,09:30:47,$ 3284.725,100
866,09:30:46,$ 3286.30,100
867,09:30:45,$ 3285.37,190
868,09:30:41,$ 3287.32,100
869,09:30:39,$ 3288.9296,100
870,09:30:38,$ 3290.34,100
871,09:30:38,$ 3290.41,100
872,09:30:38,$ 3289.66,100
873,09:30:37,$ 3291.235,100
874,09:30:37,$ 3291.235,100
875,09:30:33,$ 3291.73,121
876,09:30:29,$ 3289.45,100
877,09:30:29,$ 3288.24,100
878,09:30:29,$ 3288.69,300
879,09:30:29,$ 3289.47,100
880,09:30:29,$ 3289.46,100
881,09:30:27,$ 3289.78,100
883,09:30:18,$ 3285.66,100
884,09:30:17,$ 3283.90,100
885,09:30:17,$ 3283.17,586
886,09:30:17,$ 3283.17,106
887,09:30:17,$ 3283.18,100
888,09:30:14,$ 3283.865,100
889,09:30:14,$ 3285.8117,100
890,09:30:13,$ 3288.03,100
891,09:30:10,$ 3289.53,400
892,09:30:08,$ 3289.53,400
893,09:30:08,$ 3289.925,100
894,09:30:07,$ 3289.925,142
895,09:30:07,$ 3289.53,400
896,09:30:06,$ 3289.53,400
897,09:30:06,$ 3289.48,100
898,09:30:06,$ 3289.925,100
899,09:30:06,$ 3289.925,100
900,09:30:06,$ 3289.51,100
901,09:30:06,$ 3289.76,200
902,09:30:06,$ 3289.51,100
904,09:30:06,$ 3289.00,100
905,09:30:06,$ 3289.51,100
906,09:30:06,$ 3290.44,100
907,09:30:06,$ 3289.80,100
908,09:30:06,$ 3289.77,100
909,09:30:05,$ 3290.515,200
910,09:30:03,$ 3291.04,100
911,09:30:03,$ 3290.00,100
912,09:30:03,$ 3290.02,100
913,09:30:03,$ 3291.21,100
914,09:30:03,$ 3290.98,400
915,09:30:03,$ 3291.24,100
916,09:30:03,$ 3290.00,100
917,09:30:03,$ 3291.00,100
918,09:30:03,$ 3291.21,100
919,09:30:03,$ 3291.00,100
920,09:30:03,$ 3290.025,100
921,09:30:03,$ 3290.98,100
922,09:30:03,$ 3290.995,300
923,09:30:03,$ 3290.98,234
925,09:30:03,$ 3290.99,131
926,09:30:02,$ 3290.21,25
927,09:30:02,$ 3290.21,1
928,09:30:02,$ 3290.21,2
929,09:30:02,$ 3290.21,3
930,09:30:02,$ 3290.21,15
931,09:30:02,$ 3290.21,2
932,09:30:02,$ 3290.21,3
933,09:30:02,$ 3290.21,40
934,09:30:02,$ 3290.21,4
935,09:30:02,$ 3290.21,3
936,09:30:02,$ 3290.21,2
937,09:30:02,$ 3290.21,8
938,09:30:02,$ 3290.21,10
939,09:30:02,$ 3290.21,8
940,09:30:02,$ 3290.21,20
941,09:30:02,$ 3290.21,18
942,09:30:02,$ 3290.21,3
943,09:30:02,$ 3290.21,6
944,09:30:02,$ 3290.21,1
946,09:30:02,$ 3290.21,8
947,09:30:02,$ 3290.21,4
948,09:30:02,$ 3290.21,2
949,09:30:02,$ 3290.21,6
950,09:30:02,$ 3290.21,15
951,09:30:02,$ 3290.21,3
952,09:30:02,$ 3290.21,4
953,09:30:02,$ 3290.21,40
954,09:30:02,$ 3290.21,3
955,09:30:02,$ 3290.21,1
956,09:30:02,$ 3290.21,2
957,09:30:02,$ 3290.21,3
958,09:30:02,$ 3290.21,2
959,09:30:02,$ 3290.21,30
960,09:30:02,$ 3290.21,1
961,09:30:02,$ 3290.21,10
962,09:30:02,$ 3290.21,6
963,09:30:02,$ 3290.21,3
964,09:30:02,$ 3290.21,4
965,09:30:02,$ 3290.21,3
967,09:30:02,$ 3290.21,3
968,09:30:02,$ 3290.21,2
969,09:30:02,$ 3290.21,7
970,09:30:02,$ 3290.21,5
971,09:30:02,$ 3290.21,2
972,09:30:02,$ 3290.21,1
973,09:30:02,$ 3290.21,46
974,09:30:02,$ 3290.21,5
975,09:30:02,$ 3290.21,31
976,09:30:02,$ 3290.21,5
977,09:30:02,$ 3290.21,11
978,09:30:02,$ 3290.21,1
979,09:30:02,$ 3290.21,1
980,09:30:02,$ 3290.21,20
981,09:30:02,$ 3290.21,6
982,09:30:02,$ 3290.21,50
983,09:30:02,$ 3290.21,1
984,09:30:02,$ 3290.21,5
985,09:30:02,$ 3290.21,118
986,09:30:02,$ 3290.21,23
988,09:30:02,$ 3290.21,1
989,09:30:02,$ 3290.21,4
990,09:30:02,$ 3290.21,61
991,09:30:02,$ 3290.21,1
992,09:30:02,$ 3290.21,3
993,09:30:02,$ 3290.21,160
994,09:30:02,$ 3290.21,2
995,09:30:02,$ 3290.21,61
996,09:30:02,$ 3290.21,50
997,09:30:02,$ 3290.21,1
998,09:30:02,$ 3290.21,2
999,09:30:02,$ 3290.21,2
1000,09:30:02,$ 3290.21,1
1001,09:30:02,$ 3290.21,52
1002,09:30:02,$ 3290.21,3
1003,09:30:02,$ 3290.21,6
1004,09:30:02,$ 3290.21,15
1005,09:30:02,$ 3290.21,3
1006,09:30:02,$ 3290.21,1
1007,09:30:02,$ 3290.21,15
1009,09:30:02,$ 3290.21,5
1010,09:30:02,$ 3290.21,6
1011,09:30:02,$ 3290.21,3
1012,09:30:02,$ 3290.21,15
1013,09:30:02,$ 3290.21,7
1014,09:30:02,$ 3290.21,8
1015,09:30:02,$ 3290.21,24
1016,09:30:02,$ 3290.21,1
1017,09:30:02,$ 3290.21,50
1018,09:30:02,$ 3290.21,1
1019,09:30:02,$ 3290.21,1
1020,09:30:02,$ 3290.21,1
1021,09:30:02,$ 3290.21,27
1022,09:30:02,$ 3290.21,18
1023,09:30:02,$ 3290.21,1
1024,09:30:02,$ 3290.21,10
1025,09:30:02,$ 3290.21,60
1026,09:30:02,$ 3290.21,18
1027,09:30:02,$ 3290.21,2
1028,09:30:02,$ 3290.21,15
1030,09:30:02,$ 3290.21,3
1031,09:30:02,$ 3290.21,1
1032,09:30:02,$ 3290.21,1
1033,09:30:02,$ 3290.21,18
1034,09:30:02,$ 3290.21,12
1035,09:30:02,$ 3290.21,2
1036,09:30:02,$ 3290.21,1
1037,09:30:02,$ 3290.21,7
1038,09:30:02,$ 3290.21,3
1039,09:30:02,$ 3290.21,3
1040,09:30:02,$ 3290.21,2
1041,09:30:02,$ 3290.21,1
1042,09:30:02,$ 3290.21,1
1043,09:30:02,$ 3290.21,4
1044,09:30:02,$ 3290.21,4
1045,09:30:02,$ 3290.21,1
1046,09:30:02,$ 3290.21,2
1047,09:30:02,$ 3290.21,1
1048,09:30:02,$ 3290.21,1
1049,09:30:02,$ 3290.21,2
1051,09:30:02,$ 3290.21,368
1052,09:30:02,$ 3290.21,80
1053,09:30:02,$ 3290.21,2
1054,09:30:02,$ 3290.21,1
1055,09:30:02,$ 3290.21,1
1056,09:30:02,$ 3290.21,1
1057,09:30:02,$ 3290.21,1
1058,09:30:02,$ 3290.21,2
1059,09:30:02,$ 3290.21,5
1060,09:30:02,$ 3290.21,2
1061,09:30:02,$ 3290.21,10
1062,09:30:02,$ 3290.21,1
1063,09:30:02,$ 3290.21,7
1064,09:30:02,$ 3290.21,1
1065,09:30:02,$ 3290.21,4
1066,09:30:02,$ 3290.21,5
1067,09:30:02,$ 3290.21,1
1068,09:30:02,$ 3290.21,3
1069,09:30:02,$ 3290.21,1
1070,09:30:02,$ 3290.21,1
1072,09:30:02,$ 3290.21,20
1073,09:30:02,$ 3290.21,1
1074,09:30:02,$ 3290.21,1
1075,09:30:02,$ 3290.21,30
1076,09:30:02,$ 3290.21,5
1077,09:30:02,$ 3290.21,1
1078,09:30:02,$ 3290.21,33
1079,09:30:02,$ 3290.21,5
1080,09:30:02,$ 3290.21,1
1081,09:30:02,$ 3290.21,2
1082,09:30:02,$ 3290.21,4
1083,09:30:02,$ 3290.21,50
1084,09:30:02,$ 3290.21,2
1085,09:30:02,$ 3290.21,1
1086,09:30:02,$ 3290.21,15
1087,09:30:02,$ 3290.21,3
1088,09:30:02,$ 3290.21,7
1089,09:30:02,$ 3290.21,1
1090,09:30:02,$ 3290.21,16
1091,09:30:02,$ 3290.21,3
1093,09:30:02,$ 3290.21,1
1094,09:30:02,$ 3290.21,11
1095,09:30:02,$ 3290.21,29
1096,09:30:02,$ 3290.21,12
1097,09:30:02,$ 3290.21,7
1098,09:30:02,$ 3290.21,4
1099,09:30:02,$ 3290.21,10
1100,09:30:02,$ 3290.21,2
1101,09:30:02,$ 3290.21,2
1102,09:30:02,$ 3290.21,1
1103,09:30:02,$ 3290.21,5
1104,09:30:02,$ 3290.21,2
1105,09:30:02,$ 3290.21,65
1106,09:30:02,$ 3290.21,1
1107,09:30:02,$ 3290.21,1
1108,09:30:02,$ 3290.21,3
1109,09:30:02,$ 3290.21,2
1110,09:30:02,$ 3290.21,2
1111,09:30:02,$ 3290.21,5
1112,09:30:02,$ 3290.21,2
1114,09:30:02,$ 3290.21,2
1115,09:30:02,$ 3290.21,1
1116,09:30:02,$ 3290.21,4
1117,09:30:02,$ 3290.21,4
1118,09:30:02,$ 3290.21,5
1119,09:30:02,$ 3290.21,5
1120,09:30:02,$ 3290.21,100
1121,09:30:02,$ 3290.21,10
1122,09:30:02,$ 3290.21,10
1123,09:30:02,$ 3290.21,3
1124,09:30:02,$ 3290.21,1
1125,09:30:02,$ 3290.21,1
1126,09:30:02,$ 3290.21,1
1127,09:30:02,$ 3290.21,4
1128,09:30:02,$ 3290.21,2
1129,09:30:02,$ 3290.21,3
1130,09:30:02,$ 3290.21,3
1131,09:30:02,$ 3290.21,10
1132,09:30:02,$ 3290.21,2
1133,09:30:02,$ 3290.21,15
1135,09:30:02,$ 3290.21,20
1136,09:30:02,$ 3290.21,1
1137,09:30:02,$ 3290.21,1
1138,09:30:02,$ 3290.21,5
1139,09:30:02,$ 3290.21,1
1140,09:30:02,$ 3290.21,2
1141,09:30:02,$ 3290.21,5
1142,09:30:02,$ 3290.21,1
1143,09:30:02,$ 3290.21,2
1144,09:30:02,$ 3290.21,1
1145,09:30:02,$ 3290.21,1
1146,09:30:02,$ 3290.21,2
1147,09:30:02,$ 3290.21,7
1148,09:30:02,$ 3290.21,10
1149,09:30:02,$ 3290.21,4
1150,09:30:02,$ 3290.21,100
1151,09:30:02,$ 3290.21,2
1152,09:30:02,$ 3290.21,4
1153,09:30:02,$ 3290.21,10
1154,09:30:02,$ 3290.21,1
1156,09:30:02,$ 3290.21,2
1157,09:30:02,$ 3290.21,3
1158,09:30:02,$ 3290.21,4
1159,09:30:02,$ 3290.21,2
1160,09:30:02,$ 3290.21,1
1161,09:30:02,$ 3290.21,3
1162,09:30:02,$ 3290.21,1
1163,09:30:02,$ 3290.21,5
1164,09:30:02,$ 3290.21,3
1165,09:30:02,$ 3290.21,4
1166,09:30:02,$ 3290.21,2
1167,09:30:02,$ 3290.21,1
1168,09:30:02,$ 3290.21,2
1169,09:30:02,$ 3290.21,50
1170,09:30:02,$ 3290.21,5
1171,09:30:02,$ 3290.21,125
1172,09:30:02,$ 3290.21,10
1173,09:30:02,$ 3290.21,1
1174,09:30:02,$ 3290.21,2
1175,09:30:02,$ 3290.21,11
1177,09:30:02,$ 3290.21,12
1178,09:30:02,$ 3290.21,1
1179,09:30:02,$ 3290.21,1
1180,09:30:02,$ 3290.21,1
1181,09:30:02,$ 3290.21,15
1182,09:30:02,$ 3290.21,1
1183,09:30:02,$ 3290.21,1
1184,09:30:02,$ 3290.21,15
1185,09:30:02,$ 3290.21,5
1186,09:30:02,$ 3290.21,3
1187,09:30:02,$ 3290.21,1
1188,09:30:02,$ 3290.21,130
1189,09:30:02,$ 3290.21,4
1190,09:30:02,$ 3290.21,"2,000"
1191,09:30:02,$ 3290.21,1
1192,09:30:02,$ 3290.21,3
1193,09:30:02,$ 3290.21,9
1194,09:30:02,$ 3290.21,3
1195,09:30:02,$ 3290.21,1
1196,09:30:02,$ 3290.21,1
1198,09:30:02,$ 3290.21,5
1199,09:30:02,$ 3290.21,5
1200,09:30:02,$ 3290.21,5
1201,09:30:02,$ 3290.21,1
1202,09:30:02,$ 3290.21,1
1203,09:30:02,$ 3290.21,1
1204,09:30:02,$ 3290.21,1
1205,09:30:02,$ 3290.21,5
1206,09:30:02,$ 3290.21,10
1207,09:30:02,$ 3290.21,9
1208,09:30:02,$ 3290.21,1
1209,09:30:02,$ 3290.21,1
1210,09:30:02,$ 3290.21,1
1211,09:30:02,$ 3290.21,4
1212,09:30:02,$ 3290.21,1
1213,09:30:02,$ 3290.21,8
1214,09:30:02,$ 3290.21,2
1215,09:30:02,$ 3290.21,9
1216,09:30:02,$ 3290.21,2
1217,09:30:02,$ 3290.21,3
1219,09:30:02,$ 3290.21,2
1220,09:30:02,$ 3290.21,1
1221,09:30:02,$ 3290.21,5
1222,09:30:02,$ 3290.21,1
1223,09:30:02,$ 3290.21,2
1224,09:30:02,$ 3290.21,1
1225,09:30:02,$ 3290.21,1
1226,09:30:02,$ 3290.21,3
1227,09:30:02,$ 3290.21,4
1228,09:30:02,$ 3290.21,3
1229,09:30:02,$ 3290.21,2
1230,09:30:02,$ 3290.21,1
1231,09:30:02,$ 3290.21,3
1232,09:30:02,$ 3290.21,3
1233,09:30:02,$ 3290.21,2
1234,09:30:02,$ 3290.21,4
1235,09:30:02,$ 3290.21,3
1236,09:30:02,$ 3290.21,3
1237,09:30:02,$ 3290.21,1
1238,09:30:02,$ 3290.21,1
1240,09:30:02,$ 3290.21,1
1241,09:30:02,$ 3290.21,2
1242,09:30:02,$ 3290.21,1
1243,09:30:02,$ 3290.21,2
1244,09:30:02,$ 3290.21,5
1245,09:30:02,$ 3290.21,1
1246,09:30:02,$ 3290.21,4
1247,09:30:02,$ 3290.21,1
1248,09:30:02,$ 3290.21,1
1249,09:30:02,$ 3290.21,3
1250,09:30:02,$ 3290.21,3
1251,09:30:02,$ 3290.21,2
1252,09:30:02,$ 3290.21,1
1253,09:30:02,$ 3290.21,2
1254,09:30:02,$ 3290.21,2
1255,09:30:02,$ 3290.21,3
1256,09:30:02,$ 3290.21,3
1257,09:30:02,$ 3290.21,4
1258,09:30:02,$ 3290.21,2
1259,09:30:02,$ 3290.21,2
1261,09:30:02,$ 3290.21,1
1262,09:30:02,$ 3290.21,3
1263,09:30:02,$ 3290.21,7
1264,09:30:02,$ 3290.21,10
1265,09:30:02,$ 3290.21,1
1266,09:30:02,$ 3290.21,1
1267,09:30:02,$ 3290.21,8
1268,09:30:02,$ 3290.21,1
1269,09:30:02,$ 3290.21,2
1270,09:30:02,$ 3290.21,8
1271,09:30:02,$ 3290.21,1
1272,09:30:02,$ 3290.21,1
1273,09:30:02,$ 3290.21,1
1274,09:30:02,$ 3290.21,1
1275,09:30:02,$ 3290.21,4
1276,09:30:02,$ 3290.21,2
1277,09:30:02,$ 3290.21,1
1278,09:30:02,$ 3290.21,15
1279,09:30:02,$ 3290.21,6
1280,09:30:02,$ 3290.21,1
1282,09:30:02,$ 3290.21,2
1283,09:30:02,$ 3290.21,1
1284,09:30:02,$ 3290.21,100
1285,09:30:02,$ 3290.21,1
1286,09:30:02,$ 3290.21,2
1287,09:30:02,$ 3290.21,5
1288,09:30:02,$ 3290.21,6
1289,09:30:02,$ 3290.21,1
1290,09:30:02,$ 3290.21,1
1291,09:30:02,$ 3290.21,19
1292,09:30:02,$ 3290.21,1
1293,09:30:02,$ 3290.21,1
1294,09:30:02,$ 3290.21,4
1295,09:30:02,$ 3290.21,1
1296,09:30:02,$ 3290.21,30
1297,09:30:02,$ 3290.21,1
1298,09:30:02,$ 3290.21,1
1299,09:30:02,$ 3290.21,15
1300,09:30:02,$ 3290.21,4
1301,09:30:02,$ 3290.21,25
1303,09:30:02,$ 3290.21,20
1304,09:30:02,$ 3290.21,1
1305,09:30:02,$ 3290.21,2
1306,09:30:02,$ 3290.21,5
1307,09:30:02,$ 3290.21,1
1308,09:30:02,$ 3290.21,3
1309,09:30:02,$ 3290.21,5
1310,09:30:02,$ 3290.21,580
1311,09:30:02,$ 3290.21,1
1312,09:30:02,$ 3290.21,15
1313,09:30:02,$ 3290.21,7
1314,09:30:02,$ 3290.21,5
1315,09:30:02,$ 3290.21,1
1316,09:30:02,$ 3290.21,20
1317,09:30:02,$ 3290.21,1
1318,09:30:02,$ 3290.21,3
1319,09:30:02,$ 3290.21,3
1320,09:30:02,$ 3290.21,1
1321,09:30:02,$ 3290.21,9
1322,09:30:02,$ 3290.21,2
1324,09:30:02,$ 3290.21,2
1325,09:30:02,$ 3290.21,2
1326,09:30:02,$ 3290.21,6
1327,09:30:02,$ 3290.21,3
1328,09:30:02,$ 3290.21,1
1329,09:30:02,$ 3290.21,35
1330,09:30:02,$ 3290.21,2
1331,09:30:02,$ 3290.21,1
1332,09:30:02,$ 3290.21,3
1333,09:30:02,$ 3290.21,1
1334,09:30:02,$ 3290.21,25
1335,09:30:02,$ 3290.21,2
1336,09:30:02,$ 3290.21,2
1337,09:30:02,$ 3290.21,1
1338,09:30:02,$ 3290.21,3
1339,09:30:02,$ 3290.21,1
1340,09:30:02,$ 3290.21,8
1341,09:30:02,$ 3290.21,5
1342,09:30:02,$ 3290.21,3
1343,09:30:02,$ 3290.21,5
1345,09:30:02,$ 3290.21,3
1346,09:30:02,$ 3290.21,2
1347,09:30:02,$ 3290.21,75
1348,09:30:02,$ 3290.21,1
1349,09:30:02,$ 3290.21,2
1350,09:30:02,$ 3290.21,2
1351,09:30:02,$ 3290.21,1
1352,09:30:02,$ 3290.21,4
1353,09:30:02,$ 3290.21,9
1354,09:30:02,$ 3290.21,5
1355,09:30:02,$ 3290.21,2
1356,09:30:02,$ 3290.21,2
1357,09:30:02,$ 3290.21,800
1358,09:30:02,$ 3290.21,10
1359,09:30:02,$ 3290.21,5
1360,09:30:02,$ 3290.21,2
1361,09:30:02,$ 3290.21,1
1362,09:30:02,$ 3290.21,1
1363,09:30:02,$ 3290.21,21
1364,09:30:02,$ 3290.21,1
1366,09:30:02,$ 3290.21,1
1367,09:30:02,$ 3290.21,1
1368,09:30:02,$ 3290.21,10
1369,09:30:02,$ 3290.21,10
1370,09:30:02,$ 3290.21,50
1371,09:30:02,$ 3290.21,5
1372,09:30:02,$ 3290.21,5
1373,09:30:02,$ 3290.21,2
1374,09:30:02,$ 3290.21,9
1375,09:30:02,$ 3290.21,5
1376,09:30:02,$ 3290.21,1
1377,09:30:02,$ 3290.21,1
1378,09:30:02,$ 3290.21,1
1379,09:30:02,$ 3290.21,10
1380,09:30:02,$ 3290.21,1
1381,09:30:02,$ 3290.21,1
1382,09:30:02,$ 3290.21,31
1383,09:30:02,$ 3290.21,1
1384,09:30:02,$ 3290.21,10
1385,09:30:02,$ 3290.21,5
1387,09:30:02,$ 3290.21,1
1388,09:30:02,$ 3290.21,1
1389,09:30:02,$ 3290.21,1
1390,09:30:02,$ 3290.21,3
1391,09:30:02,$ 3290.21,10
1392,09:30:02,$ 3290.21,2
1393,09:30:02,$ 3290.21,1
1394,09:30:02,$ 3290.21,5
1395,09:30:02,$ 3290.21,3
1396,09:30:02,$ 3290.21,2
1397,09:30:02,$ 3290.21,1
1398,09:30:02,$ 3290.21,5
1399,09:30:02,$ 3290.21,3
1400,09:30:02,$ 3290.21,50
1401,09:30:02,$ 3290.21,5
1402,09:30:02,$ 3290.21,1
1403,09:30:02,$ 3290.21,1
1404,09:30:02,$ 3290.21,1
1405,09:30:02,$ 3290.21,5
1406,09:30:02,$ 3290.21,15
1408,09:30:02,$ 3290.21,2
1409,09:30:02,$ 3290.21,1
1410,09:30:02,$ 3290.21,4
1411,09:30:02,$ 3290.21,3
1412,09:30:02,$ 3290.21,1
1413,09:30:02,$ 3290.21,1
1414,09:30:02,$ 3290.21,1
1415,09:30:02,$ 3290.21,4
1416,09:30:02,$ 3290.21,3
1417,09:30:02,$ 3290.21,16
1418,09:30:02,$ 3290.21,5
1419,09:30:02,$ 3290.21,4
1420,09:30:02,$ 3290.21,2
1421,09:30:02,$ 3290.21,1
1422,09:30:02,$ 3290.21,30
1423,09:30:02,$ 3290.21,1
1424,09:30:02,$ 3290.21,3
1425,09:30:02,$ 3290.21,36
1426,09:30:02,$ 3290.21,3
1427,09:30:02,$ 3290.21,1
1429,09:30:02,$ 3290.21,4
1430,09:30:02,$ 3290.21,4
1431,09:30:02,$ 3290.21,4
1432,09:30:02,$ 3290.21,4
1433,09:30:02,$ 3290.21,168
1434,09:30:02,$ 3290.21,57
1435,09:30:02,$ 3290.21,31
1436,09:30:02,$ 3290.21,21
1437,09:30:02,$ 3290.21,4
1438,09:30:02,$ 3290.21,3
1439,09:30:02,$ 3290.21,17
1440,09:30:02,$ 3290.21,1
1441,09:30:02,$ 3290.21,10
1442,09:30:02,$ 3290.21,2
1443,09:30:02,$ 3290.21,10
1444,09:30:02,$ 3290.21,5
1445,09:30:02,$ 3290.21,4
1446,09:30:02,$ 3290.21,6
1447,09:30:02,$ 3290.21,1
1448,09:30:02,$ 3290.21,5
1450,09:30:02,$ 3290.21,2
1451,09:30:02,$ 3290.21,3
1452,09:30:02,$ 3290.21,1
1453,09:30:02,$ 3290.21,3
1454,09:30:02,$ 3290.21,1
1455,09:30:02,$ 3290.21,2
1456,09:30:02,$ 3290.21,18
1457,09:30:02,$ 3290.21,1
1458,09:30:02,$ 3290.21,360
1459,09:30:02,$ 3290.21,17
1460,09:30:02,$ 3290.21,10
1461,09:30:02,$ 3290.21,7
1462,09:30:02,$ 3290.21,2
1463,09:30:02,$ 3290.21,2
1464,09:30:02,$ 3290.21,1
1465,09:30:02,$ 3290.21,1
1466,09:30:02,$ 3290.21,8
1467,09:30:02,$ 3290.21,2
1468,09:30:02,$ 3290.21,1
1469,09:30:02,$ 3290.21,30
1471,09:30:02,$ 3290.21,5
1472,09:30:02,$ 3290.21,1
1473,09:30:02,$ 3290.21,7
1474,09:30:02,$ 3290.21,10
1475,09:30:02,$ 3290.21,5
1476,09:30:02,$ 3290.21,3
1477,09:30:02,$ 3290.21,10
1478,09:30:02,$ 3290.21,1
1479,09:30:02,$ 3290.21,5
1480,09:30:02,$ 3290.21,3
1481,09:30:02,$ 3290.21,7
1482,09:30:02,$ 3290.21,1
1483,09:30:02,$ 3290.21,1
1484,09:30:02,$ 3290.21,1
1485,09:30:02,$ 3290.21,1
1486,09:30:02,$ 3290.21,3
1487,09:30:02,$ 3290.21,1
1488,09:30:02,$ 3290.21,4
1489,09:30:02,$ 3290.21,1
1490,09:30:02,$ 3290.21,2
1492,09:30:02,$ 3290.21,2
1493,09:30:02,$ 3290.21,5
1494,09:30:02,$ 3290.21,3
1495,09:30:02,$ 3290.21,1
1496,09:30:02,$ 3290.21,5
1497,09:30:02,$ 3290.21,2
1498,09:30:02,$ 3290.21,1
1499,09:30:02,$ 3290.21,10
1500,09:30:02,$ 3290.21,6
1501,09:30:02,$ 3290.21,2
1502,09:30:02,$ 3290.21,1
1503,09:30:02,$ 3290.21,1
1504,09:30:02,$ 3290.21,2
1505,09:30:02,$ 3290.21,10
1506,09:30:02,$ 3290.21,2
1507,09:30:02,$ 3290.21,1
1508,09:30:02,$ 3290.21,1
1509,09:30:02,$ 3290.21,1
1510,09:30:02,$ 3290.21,6
1511,09:30:02,$ 3290.21,1
1513,09:30:02,$ 3290.21,1
1514,09:30:02,$ 3290.21,2
1515,09:30:02,$ 3290.21,4
1516,09:30:02,$ 3290.21,1
1517,09:30:02,$ 3290.21,1
1518,09:30:02,$ 3290.21,20
1519,09:30:02,$ 3290.21,1
1520,09:30:02,$ 3290.21,1
1521,09:30:02,$ 3290.21,1
1522,09:30:02,$ 3290.21,3
1523,09:30:02,$ 3290.21,11
1524,09:30:02,$ 3290.21,1
1525,09:30:02,$ 3290.21,17
1526,09:30:02,$ 3290.21,3
1527,09:30:02,$ 3290.21,12
1528,09:30:02,$ 3290.21,7
1529,09:30:02,$ 3290.21,1
1530,09:30:02,$ 3290.21,4
1531,09:30:02,$ 3290.21,3
1532,09:30:02,$ 3290.21,5
1534,09:30:02,$ 3290.21,3
1535,09:30:02,$ 3290.21,1
1536,09:30:02,$ 3290.21,1
1537,09:30:02,$ 3290.21,1
1538,09:30:02,$ 3290.21,5
1539,09:30:02,$ 3290.21,1
1540,09:30:02,$ 3290.21,1
1541,09:30:02,$ 3290.21,1
1542,09:30:02,$ 3290.21,3
1543,09:30:02,$ 3290.21,1
1544,09:30:02,$ 3290.21,6
1545,09:30:02,$ 3290.21,1
1546,09:30:02,$ 3290.21,1
1547,09:30:02,$ 3290.21,5
1548,09:30:02,$ 3290.21,1
1549,09:30:02,$ 3290.21,10
1550,09:30:02,$ 3290.21,2
1551,09:30:02,$ 3290.21,1
1552,09:30:02,$ 3290.21,4
1553,09:30:02,$ 3290.21,1
1555,09:30:02,$ 3290.21,2
1556,09:30:02,$ 3290.21,1
1557,09:30:02,$ 3290.21,1
1558,09:30:02,$ 3290.21,3
1559,09:30:02,$ 3290.21,3
1560,09:30:02,$ 3290.21,1
1561,09:30:02,$ 3290.21,19
1562,09:30:02,$ 3290.21,14
1563,09:30:02,$ 3290.21,2
1564,09:30:02,$ 3290.21,10
1565,09:30:02,$ 3290.21,33
1566,09:30:02,$ 3290.21,1
1567,09:30:02,$ 3290.21,5
1568,09:30:02,$ 3290.21,4
1569,09:30:02,$ 3290.21,4
1570,09:30:02,$ 3290.21,1
1571,09:30:02,$ 3290.21,1
1572,09:30:02,$ 3290.21,1
1573,09:30:02,$ 3290.21,10
1574,09:30:02,$ 3290.21,1
1576,09:30:02,$ 3290.21,2
1577,09:30:02,$ 3290.21,1
1578,09:30:02,$ 3290.21,5
1579,09:30:02,$ 3290.21,1
1580,09:30:02,$ 3290.21,4
1581,09:30:02,$ 3290.21,1
1582,09:30:02,$ 3290.21,4
1583,09:30:02,$ 3290.21,2
1584,09:30:02,$ 3290.21,10
1585,09:30:02,$ 3290.21,1
1586,09:30:02,$ 3290.21,1
1587,09:30:02,$ 3290.21,1
1588,09:30:02,$ 3290.21,17
1589,09:30:02,$ 3290.21,1
1590,09:30:02,$ 3290.21,1
1591,09:30:02,$ 3290.21,1
1592,09:30:02,$ 3290.21,1
1593,09:30:02,$ 3290.21,13
1594,09:30:02,$ 3290.21,5
1595,09:30:02,$ 3290.21,10
1597,09:30:02,$ 3290.21,3
1598,09:30:02,$ 3290.21,1
1599,09:30:02,$ 3290.21,1
1600,09:30:02,$ 3290.21,10
1601,09:30:02,$ 3290.21,1
1602,09:30:02,$ 3290.21,30
1603,09:30:02,$ 3290.21,1
1604,09:30:02,$ 3290.21,1
1605,09:30:02,$ 3290.21,2
1606,09:30:02,$ 3290.21,1
1607,09:30:02,$ 3290.21,15
1608,09:30:02,$ 3290.21,1
1609,09:30:02,$ 3290.21,10
1610,09:30:02,$ 3290.21,6
1611,09:30:02,$ 3290.21,1
1612,09:30:02,$ 3290.21,1
1613,09:30:02,$ 3290.21,4
1614,09:30:02,$ 3290.21,2
1615,09:30:02,$ 3290.21,4
1616,09:30:02,$ 3290.21,3
1618,09:30:02,$ 3290.21,4
1619,09:30:02,$ 3290.21,2
1620,09:30:02,$ 3290.21,2
1621,09:30:02,$ 3290.21,26
1622,09:30:02,$ 3290.21,2
1623,09:30:02,$ 3290.21,16
1624,09:30:02,$ 3290.21,9
1625,09:30:02,$ 3290.21,1
1626,09:30:02,$ 3290.21,2
1627,09:30:02,$ 3290.21,1
1628,09:30:02,$ 3290.21,2
1629,09:30:02,$ 3290.21,3
1630,09:30:02,$ 3290.21,31
1631,09:30:02,$ 3290.21,31
1632,09:30:02,$ 3290.21,15
1633,09:30:02,$ 3290.21,2
1634,09:30:02,$ 3290.21,1
1635,09:30:02,$ 3290.21,1
1636,09:30:02,$ 3290.21,13
1637,09:30:02,$ 3290.21,6
1639,09:30:02,$ 3290.21,4
1640,09:30:02,$ 3290.21,1
1641,09:30:02,$ 3290.21,1
1642,09:30:02,$ 3290.21,1
1643,09:30:02,$ 3290.21,1
1644,09:30:02,$ 3290.21,1
1645,09:30:02,$ 3290.21,10
1646,09:30:02,$ 3290.21,11
1647,09:30:02,$ 3290.21,6
1648,09:30:02,$ 3290.21,1
1649,09:30:02,$ 3290.21,5
1650,09:30:02,$ 3290.21,122
1651,09:30:02,$ 3290.21,10
1652,09:30:02,$ 3290.21,2
1653,09:30:02,$ 3290.21,1
1654,09:30:02,$ 3290.21,1
1655,09:30:02,$ 3290.21,3
1656,09:30:02,$ 3290.21,2
1657,09:30:02,$ 3290.21,82
1658,09:30:02,$ 3290.21,5
1660,09:30:02,$ 3290.21,45
1661,09:30:02,$ 3290.21,10
1662,09:30:02,$ 3290.21,1
1663,09:30:02,$ 3290.21,1
1664,09:30:02,$ 3290.21,4
1665,09:30:02,$ 3290.21,10
1666,09:30:02,$ 3290.21,1
1667,09:30:02,$ 3290.21,2
1668,09:30:02,$ 3290.21,10
1669,09:30:02,$ 3290.21,20
1670,09:30:02,$ 3290.21,3
1671,09:30:02,$ 3290.21,1
1672,09:30:02,$ 3290.21,1
1673,09:30:02,$ 3290.21,1
1674,09:30:02,$ 3290.21,2
1675,09:30:02,$ 3290.21,2
1676,09:30:02,$ 3290.21,2
1677,09:30:02,$ 3290.21,3
1678,09:30:02,$ 3290.21,2
1679,09:30:02,$ 3290.21,1
1681,09:30:02,$ 3290.21,3
1682,09:30:02,$ 3290.21,2
1683,09:30:02,$ 3290.21,3
1684,09:30:02,$ 3290.21,10
1685,09:30:02,$ 3290.21,3
1686,09:30:02,$ 3290.21,1
1687,09:30:02,$ 3290.21,2
1688,09:30:02,$ 3290.21,1
1689,09:30:02,$ 3290.21,39
1690,09:30:02,$ 3290.21,100
1691,09:30:02,$ 3290.21,5
1692,09:30:02,$ 3290.21,8
1693,09:30:02,$ 3290.21,40
1694,09:30:02,$ 3290.21,2
1695,09:30:02,$ 3290.21,2
1696,09:30:02,$ 3290.21,1
1697,09:30:02,$ 3290.21,3
1698,09:30:02,$ 3290.21,1
1699,09:30:02,$ 3290.21,2
1700,09:30:02,$ 3290.21,1
1702,09:30:02,$ 3290.21,2
1703,09:30:02,$ 3290.21,1
1704,09:30:02,$ 3290.21,1
1705,09:30:02,$ 3290.21,25
1706,09:30:02,$ 3290.21,1
1707,09:30:02,$ 3290.21,10
1708,09:30:02,$ 3290.21,1
1709,09:30:02,$ 3290.21,25
1710,09:30:02,$ 3290.21,5
1711,09:30:02,$ 3290.21,"1,315"
1712,09:30:02,$ 3290.21,2
1713,09:30:02,$ 3290.21,2
1714,09:30:02,$ 3290.21,87
1715,09:30:02,$ 3290.21,2
1716,09:30:02,$ 3290.21,25
1717,09:30:02,$ 3290.21,25
1718,09:30:02,$ 3290.21,22
1719,09:30:02,$ 3290.21,8
1720,09:30:02,$ 3290.21,32
1721,09:30:02,$ 3290.21,2
1723,09:30:02,$ 3290.21,1
1724,09:30:02,$ 3290.21,2
1725,09:30:02,$ 3290.21,2
1726,09:30:02,$ 3290.21,20
1727,09:30:02,$ 3290.21,1
1728,09:30:02,$ 3290.21,1
1729,09:30:02,$ 3290.21,1
1730,09:30:02,$ 3290.21,2
1731,09:30:02,$ 3290.21,2
1732,09:30:02,$ 3290.21,4
1733,09:30:02,$ 3290.21,1
1734,09:30:02,$ 3290.21,1
1735,09:30:02,$ 3290.21,20
1736,09:30:02,$ 3290.21,1
1737,09:30:02,$ 3290.21,1
1738,09:30:02,$ 3290.21,1
1739,09:30:02,$ 3290.21,1
1740,09:30:02,$ 3290.21,1
1741,09:30:02,$ 3290.21,1
1742,09:30:02,$ 3290.21,1
1744,09:30:02,$ 3290.21,1
1745,09:30:02,$ 3290.21,3
1746,09:30:02,$ 3290.21,16
1747,09:30:02,$ 3290.21,7
1748,09:30:02,$ 3290.21,1
1749,09:30:02,$ 3290.21,1
1750,09:30:02,$ 3290.21,3
1751,09:30:02,$ 3290.21,6
1752,09:30:02,$ 3290.21,"1,000"
1753,09:30:02,$ 3290.21,1
1754,09:30:02,$ 3290.21,4
1755,09:30:02,$ 3290.21,1
1756,09:30:02,$ 3290.21,1
1757,09:30:02,$ 3290.21,10
1758,09:30:02,$ 3290.21,1
1759,09:30:02,$ 3290.21,1
1760,09:30:02,$ 3290.21,1
1761,09:30:02,$ 3290.21,15
1762,09:30:02,$ 3290.21,25
1763,09:30:02,$ 3290.21,2
1765,09:30:02,$ 3290.21,3
1766,09:30:02,$ 3290.21,15
1767,09:30:02,$ 3290.21,2
1768,09:30:02,$ 3290.21,1
1769,09:30:02,$ 3290.21,20
1770,09:30:02,$ 3290.21,15
1771,09:30:02,$ 3290.21,1
1772,09:30:02,$ 3290.21,1
1773,09:30:02,$ 3290.21,6
1774,09:30:02,$ 3290.21,2
1775,09:30:02,$ 3290.21,1
1776,09:30:02,$ 3290.21,2
1777,09:30:02,$ 3290.21,40
1778,09:30:02,$ 3290.21,1
1779,09:30:02,$ 3290.21,1
1780,09:30:02,$ 3290.21,1
1781,09:30:02,$ 3290.21,3
1782,09:30:02,$ 3290.21,7
1783,09:30:02,$ 3290.21,1
1784,09:30:02,$ 3290.21,10
1786,09:30:02,$ 3290.21,1
1787,09:30:02,$ 3290.21,1
1788,09:30:02,$ 3290.21,2
1789,09:30:02,$ 3290.21,1
1790,09:30:02,$ 3290.21,5
1791,09:30:02,$ 3290.21,1
1792,09:30:02,$ 3290.21,10
1793,09:30:02,$ 3290.21,3
1794,09:30:02,$ 3290.21,1
1795,09:30:02,$ 3290.21,1
1796,09:30:02,$ 3290.21,10
1797,09:30:02,$ 3290.21,3
1798,09:30:02,$ 3290.21,14
1799,09:30:02,$ 3290.21,2
1800,09:30:02,$ 3290.21,1
1801,09:30:02,$ 3290.21,9
1802,09:30:02,$ 3290.21,250
1803,09:30:02,$ 3290.21,5
1804,09:30:02,$ 3290.21,1
1805,09:30:02,$ 3290.21,7
1807,09:30:02,$ 3290.21,3
1808,09:30:02,$ 3290.21,14
1809,09:30:02,$ 3290.21,3
1810,09:30:02,$ 3290.21,15
1811,09:30:02,$ 3290.21,1
1812,09:30:02,$ 3290.21,2
1813,09:30:02,$ 3290.21,28
1814,09:30:02,$ 3290.21,1
1815,09:30:02,$ 3290.21,27
1816,09:30:02,$ 3290.21,"1,150"
1817,09:30:02,$ 3290.21,9
1818,09:30:02,$ 3290.21,5
1819,09:30:02,$ 3290.21,2
1820,09:30:02,$ 3290.21,5
1821,09:30:02,$ 3290.21,2
1822,09:30:02,$ 3290.21,30
1823,09:30:02,$ 3290.21,2
1824,09:30:02,$ 3290.21,4
1825,09:30:02,$ 3290.21,3
1826,09:30:02,$ 3290.21,3
1828,09:30:02,$ 3290.21,6
1829,09:30:02,$ 3290.21,1
1830,09:30:02,$ 3290.21,30
1831,09:30:02,$ 3290.21,1
1832,09:30:02,$ 3290.21,30
1833,09:30:02,$ 3290.21,2
1834,09:30:02,$ 3290.21,1
1835,09:30:02,$ 3290.21,3
1836,09:30:02,$ 3290.21,490
1837,09:30:02,$ 3290.21,1
1838,09:30:02,$ 3290.21,6
1839,09:30:02,$ 3290.21,2
1840,09:30:02,$ 3290.21,1
1841,09:30:02,$ 3290.21,1
1842,09:30:02,$ 3290.21,6
1843,09:30:02,$ 3290.21,5
1844,09:30:02,$ 3290.21,6
1845,09:30:02,$ 3290.21,1
1846,09:30:02,$ 3290.21,1
1847,09:30:02,$ 3290.21,1
1849,09:30:02,$ 3290.21,14
1850,09:30:02,$ 3290.21,2
1851,09:30:02,$ 3290.21,6
1852,09:30:02,$ 3290.21,1
1853,09:30:02,$ 3290.21,4
1854,09:30:02,$ 3290.21,10
1855,09:30:02,$ 3290.21,1
1856,09:30:02,$ 3290.21,10
1857,09:30:02,$ 3290.21,2
1858,09:30:02,$ 3290.21,5
1859,09:30:02,$ 3290.21,8
1860,09:30:02,$ 3290.21,9
1861,09:30:02,$ 3290.21,5
1862,09:30:02,$ 3290.21,2
1863,09:30:02,$ 3290.21,10
1864,09:30:02,$ 3290.21,10
1865,09:30:02,$ 3290.21,3
1866,09:30:02,$ 3290.21,2
1867,09:30:02,$ 3290.21,3
1868,09:30:02,$ 3290.21,100
1870,09:30:02,$ 3290.21,4
1871,09:30:02,$ 3290.21,100
1872,09:30:02,$ 3290.21,2
1873,09:30:02,$ 3290.21,7
1874,09:30:02,$ 3290.21,2
1875,09:30:02,$ 3290.21,2
1876,09:30:02,$ 3290.21,7
1877,09:30:02,$ 3290.21,2
1878,09:30:02,$ 3290.21,63
1879,09:30:02,$ 3290.21,7
1880,09:30:02,$ 3290.21,17
1881,09:30:02,$ 3290.21,1
1882,09:30:02,$ 3290.21,1
1883,09:30:02,$ 3290.21,2
1884,09:30:02,$ 3290.21,1
1885,09:30:02,$ 3290.21,1
1886,09:30:02,$ 3290.21,1
1887,09:30:02,$ 3290.21,1
1888,09:30:02,$ 3290.21,1
1889,09:30:02,$ 3290.21,1
1891,09:30:02,$ 3290.21,1
1892,09:30:02,$ 3290.21,1
1893,09:30:02,$ 3290.21,1
1894,09:30:02,$ 3290.21,1
1895,09:30:02,$ 3290.21,1
1896,09:30:02,$ 3290.21,1
1897,09:30:02,$ 3290.21,1
1898,09:30:02,$ 3290.21,1
1899,09:30:02,$ 3290.21,1
1900,09:30:02,$ 3290.21,1
1901,09:30:02,$ 3290.21,1
1902,09:30:02,$ 3290.21,1
1903,09:30:02,$ 3290.21,1
1904,09:30:02,$ 3290.21,1
1905,09:30:02,$ 3290.21,1
1906,09:30:02,$ 3290.21,1
1907,09:30:02,$ 3290.21,1
1908,09:30:02,$ 3290.21,1
1909,09:30:02,$ 3290.21,1
1910,09:30:02,$ 3290.21,1
1912,09:30:02,$ 3290.21,1
1913,09:30:02,$ 3290.21,1
1914,09:30:02,$ 3290.21,1
1915,09:30:02,$ 3290.21,1
1916,09:30:02,$ 3290.21,1
1917,09:30:02,$ 3290.21,2
1918,09:30:02,$ 3290.21,2
1919,09:30:02,$ 3290.21,3
1920,09:30:02,$ 3290.21,3
1921,09:30:02,$ 3290.21,10
1922,09:30:02,$ 3290.21,6
1923,09:30:02,$ 3290.21,15
1924,09:30:02,$ 3290.21,2
1925,09:30:02,$ 3290.21,1
1926,09:30:02,$ 3290.21,4
1927,09:30:02,$ 3290.21,10
1928,09:30:02,$ 3290.21,1
1929,09:30:02,$ 3290.21,15
1930,09:30:02,$ 3290.21,1
1931,09:30:02,$ 3290.21,1
1933,09:30:02,$ 3290.21,247
1934,09:30:02,$ 3290.21,13
1935,09:30:02,$ 3290.21,26
1936,09:30:02,$ 3290.21,38
1937,09:30:02,$ 3290.21,11
1938,09:30:02,$ 3290.21,10
1939,09:30:02,$ 3290.21,3
1940,09:30:02,$ 3290.21,5
1941,09:30:02,$ 3290.21,1
1942,09:30:02,$ 3290.21,1
1943,09:30:02,$ 3290.21,5
1944,09:30:02,$ 3290.21,1
1945,09:30:02,$ 3290.21,1
1946,09:30:02,$ 3290.21,1
1947,09:30:02,$ 3290.21,3
1948,09:30:02,$ 3290.21,9
1949,09:30:02,$ 3290.21,4
1950,09:30:02,$ 3290.21,1
1951,09:30:02,$ 3290.21,4
1952,09:30:02,$ 3290.21,3
1954,09:30:02,$ 3290.21,1
1955,09:30:02,$ 3290.21,1
1956,09:30:02,$ 3290.21,1
1957,09:30:02,$ 3290.21,1
1958,09:30:02,$ 3290.21,1
1959,09:30:02,$ 3290.21,2
1960,09:30:02,$ 3290.21,1
1961,09:30:02,$ 3290.21,1
1962,09:30:02,$ 3290.21,5
1963,09:30:02,$ 3290.21,14
1964,09:30:02,$ 3290.21,1
1965,09:30:02,$ 3290.21,1
1966,09:30:02,$ 3290.21,2
1967,09:30:02,$ 3290.21,1
1968,09:30:02,$ 3290.21,1
1969,09:30:02,$ 3290.21,1
1970,09:30:02,$ 3290.21,1
1971,09:30:02,$ 3290.21,2
1972,09:30:02,$ 3290.21,1
1973,09:30:02,$ 3290.21,1
1975,09:30:02,$ 3290.21,1
1976,09:30:02,$ 3290.21,17
1977,09:30:02,$ 3290.21,10
1978,09:30:02,$ 3290.21,1
1979,09:30:02,$ 3290.21,3
1980,09:30:02,$ 3290.21,1
1981,09:30:02,$ 3290.21,1
1982,09:30:02,$ 3290.21,1
1983,09:30:02,$ 3290.21,2
1984,09:30:02,$ 3290.21,1
1985,09:30:02,$ 3290.21,1
1986,09:30:02,$ 3290.21,1
1987,09:30:02,$ 3290.21,1
1988,09:30:02,$ 3290.21,2
1989,09:30:02,$ 3290.21,3
1990,09:30:02,$ 3290.21,1
1991,09:30:02,$ 3290.21,1
1992,09:30:02,$ 3290.21,1
1993,09:30:02,$ 3290.21,2
1994,09:30:02,$ 3290.21,2
1996,09:30:02,$ 3290.21,4
1997,09:30:02,$ 3290.21,5
1998,09:30:02,$ 3290.21,66
1999,09:30:02,$ 3290.21,2
2000,09:30:02,$ 3290.21,24
2001,09:30:02,$ 3290.21,8
2002,09:30:02,$ 3290.21,6
2003,09:30:02,$ 3290.21,2
2004,09:30:02,$ 3290.21,1
2005,09:30:02,$ 3290.21,1
2006,09:30:02,$ 3290.21,5
2007,09:30:02,$ 3290.21,1
2008,09:30:02,$ 3290.21,2
2009,09:30:02,$ 3290.21,2
2010,09:30:02,$ 3290.21,1
2011,09:30:02,$ 3290.21,2
2012,09:30:02,$ 3290.21,37
2013,09:30:02,$ 3290.21,1
2014,09:30:02,$ 3290.21,2
2015,09:30:02,$ 3290.21,2
2017,09:30:02,$ 3290.21,1
2018,09:30:02,$ 3290.21,3
2019,09:30:02,$ 3290.21,5
2020,09:30:02,$ 3290.21,2
2021,09:30:02,$ 3290.21,5
2022,09:30:02,$ 3290.21,4
2023,09:30:02,$ 3290.21,3
2024,09:30:02,$ 3290.21,1
2025,09:30:02,$ 3290.21,5
2026,09:30:02,$ 3290.21,8
2027,09:30:02,$ 3290.21,8
2028,09:30:02,$ 3290.21,10
2029,09:30:02,$ 3290.21,3
2030,09:30:02,$ 3290.21,1
2031,09:30:02,$ 3290.21,1
2032,09:30:02,$ 3290.21,1
2033,09:30:02,$ 3290.21,1
2034,09:30:02,$ 3290.21,2
2035,09:30:02,$ 3290.21,3
2036,09:30:02,$ 3290.21,2
2038,09:30:02,$ 3290.21,1
2039,09:30:02,$ 3290.21,8
2040,09:30:02,$ 3290.21,5
2041,09:30:02,$ 3290.21,1
2042,09:30:02,$ 3290.21,3
2043,09:30:02,$ 3290.21,14
2044,09:30:02,$ 3290.21,2
2045,09:30:02,$ 3290.21,3
2046,09:30:02,$ 3290.21,1
2047,09:30:02,$ 3290.21,30
2048,09:30:02,$ 3290.21,50
2049,09:30:02,$ 3290.21,32
2050,09:30:02,$ 3290.21,1
2051,09:30:02,$ 3290.21,207
2052,09:30:02,$ 3290.21,2
2053,09:30:02,$ 3290.21,38
2054,09:30:02,$ 3290.21,100
2055,09:30:02,$ 3290.21,200
2056,09:30:02,$ 3290.21,8
2057,09:30:02,$ 3290.21,100
2059,09:30:02,$ 3290.21,1
2060,09:30:02,$ 3290.21,200
2061,09:30:02,$ 3290.21,10
2062,09:30:02,$ 3290.21,700
2063,09:30:02,$ 3290.21,1
2064,09:30:02,$ 3290.21,190
2065,09:30:02,$ 3290.21,100
2066,09:30:02,$ 3290.21,32
2067,09:30:02,$ 3290.21,1
2068,09:30:02,$ 3290.21,7
2069,09:30:02,$ 3290.21,16
2070,09:30:02,$ 3290.21,18
2071,09:30:02,$ 3290.21,80
2072,09:30:02,$ 3290.21,4
2073,09:30:02,$ 3290.21,4
2074,09:30:02,$ 3290.21,3
2075,09:30:02,$ 3290.21,29
2076,09:30:02,$ 3290.21,29
2077,09:30:02,$ 3290.21,6
2078,09:30:02,$ 3290.21,2
2080,09:30:02,$ 3290.21,130
2081,09:30:02,$ 3290.21,123
2082,09:30:02,$ 3290.21,1
2083,09:30:02,$ 3290.21,1
2084,09:30:02,$ 3290.21,1
2085,09:30:02,$ 3290.21,1
2086,09:30:02,$ 3290.21,63
2087,09:30:02,$ 3290.21,3
2088,09:30:02,$ 3290.21,15
2089,09:30:02,$ 3290.21,4
2090,09:30:02,$ 3290.21,2
2091,09:30:02,$ 3290.21,1
2092,09:30:02,$ 3290.21,2
2093,09:30:02,$ 3290.21,5
2094,09:30:02,$ 3290.21,4
2095,09:30:02,$ 3290.21,3
2096,09:30:02,$ 3290.21,353
2097,09:30:02,$ 3290.21,10
2098,09:30:02,$ 3290.21,8
2099,09:30:02,$ 3290.21,23
2101,09:30:02,$ 3290.21,1
2102,09:30:02,$ 3290.21,50
2103,09:30:02,$ 3290.21,5
2104,09:30:02,$ 3290.21,1
2105,09:30:02,$ 3290.21,1
2106,09:30:02,$ 3290.21,1
2107,09:30:02,$ 3290.21,50
2108,09:30:02,$ 3290.21,3
2109,09:30:02,$ 3290.21,2
2110,09:30:02,$ 3290.21,3
2111,09:30:02,$ 3290.21,2
2112,09:30:02,$ 3290.21,3
2113,09:30:02,$ 3290.21,1
2114,09:30:02,$ 3290.21,1
2115,09:30:02,$ 3290.21,3
2116,09:30:02,$ 3290.21,1
2117,09:30:02,$ 3290.21,"1,000"
2118,09:30:02,$ 3290.21,10
2119,09:30:02,$ 3290.21,15
2120,09:30:02,$ 3290.21,15
2122,09:30:02,$ 3290.21,8
2123,09:30:02,$ 3290.21,18
2124,09:30:02,$ 3290.21,7
2125,09:30:02,$ 3290.21,"1,500"
2126,09:30:02,$ 3290.21,3
2127,09:30:02,$ 3290.21,1
2128,09:30:02,$ 3290.21,10
2129,09:30:02,$ 3290.21,2
2130,09:30:02,$ 3290.21,2
2131,09:30:02,$ 3290.21,3
2132,09:30:02,$ 3290.21,10
2133,09:30:02,$ 3290.21,7
2134,09:30:02,$ 3290.21,10
2135,09:30:02,$ 3290.21,5
2136,09:30:02,$ 3290.21,1
2137,09:30:02,$ 3290.21,12
2138,09:30:02,$ 3290.21,1
2139,09:30:02,$ 3290.21,249
2140,09:30:02,$ 3290.21,4
2141,09:30:02,$ 3290.21,1
2143,09:30:02,$ 3290.21,2
2144,09:30:02,$ 3290.21,11
2145,09:30:02,$ 3290.21,25
2146,09:30:02,$ 3290.21,10
2147,09:30:02,$ 3290.21,2
2148,09:30:02,$ 3290.21,3
2149,09:30:02,$ 3290.21,5
2150,09:30:02,$ 3290.21,217
2151,09:30:02,$ 3290.21,3
2152,09:30:02,$ 3290.21,3
2153,09:30:02,$ 3290.21,6
2154,09:30:02,$ 3290.21,1
2155,09:30:02,$ 3290.21,20
2156,09:30:02,$ 3290.21,155
2157,09:30:02,$ 3290.21,18
2158,09:30:02,$ 3290.21,2
2159,09:30:02,$ 3290.21,2
2160,09:30:02,$ 3290.21,2
2161,09:30:02,$ 3290.21,1
2162,09:30:02,$ 3290.21,194
2164,09:30:02,$ 3290.21,1
2165,09:30:02,$ 3290.21,5
2166,09:30:02,$ 3290.21,379
2167,09:30:02,$ 3290.21,1
2168,09:30:02,$ 3290.21,5
2169,09:30:02,$ 3290.21,1
2170,09:30:02,$ 3290.21,5
2171,09:30:02,$ 3290.21,13
2172,09:30:02,$ 3290.21,1
2173,09:30:02,$ 3290.21,63
2174,09:30:02,$ 3290.21,137
2175,09:30:02,$ 3290.21,74
2176,09:30:02,$ 3290.21,24
2177,09:30:02,$ 3290.21,37
2178,09:30:02,$ 3290.21,41
2179,09:30:02,$ 3290.21,16
2180,09:30:02,$ 3290.21,25
2181,09:30:02,$ 3290.21,38
2182,09:30:02,$ 3290.21,5
2183,09:30:02,$ 3290.21,22
2185,09:30:02,$ 3290.21,35
2186,09:30:02,$ 3290.21,55
2187,09:30:02,$ 3290.21,2
2188,09:30:02,$ 3290.21,21
2189,09:30:02,$ 3290.21,1
2190,09:30:02,$ 3290.21,1
2191,09:30:02,$ 3290.21,30
2192,09:30:02,$ 3290.21,1
2193,09:30:02,$ 3290.21,10
2194,09:30:02,$ 3290.21,1
2195,09:30:02,$ 3290.21,8
2196,09:30:02,$ 3290.21,1
2197,09:30:02,$ 3290.21,1
2198,09:30:02,$ 3290.21,17
2199,09:30:02,$ 3290.21,5
2200,09:30:02,$ 3290.21,150
2201,09:30:02,$ 3290.21,8
2202,09:30:02,$ 3290.21,2
2203,09:30:02,$ 3290.21,1
2204,09:30:02,$ 3290.21,10
2206,09:30:02,$ 3290.21,5
2207,09:30:02,$ 3290.21,1
2208,09:30:02,$ 3290.21,1
2209,09:30:02,$ 3290.21,5
2210,09:30:02,$ 3290.21,25
2211,09:30:02,$ 3290.21,1
2212,09:30:02,$ 3290.21,5
2213,09:30:02,$ 3290.21,3
2214,09:30:02,$ 3290.21,10
2215,09:30:02,$ 3290.21,1
2216,09:30:02,$ 3290.21,1
2217,09:30:02,$ 3290.21,15
2218,09:30:02,$ 3290.21,10
2219,09:30:02,$ 3290.21,11
2220,09:30:02,$ 3290.21,3
2221,09:30:02,$ 3290.21,1
2222,09:30:02,$ 3290.21,17
2223,09:30:02,$ 3290.21,1
2224,09:30:02,$ 3290.21,1
2225,09:30:02,$ 3290.21,1
2227,09:30:02,$ 3290.21,1
2228,09:30:02,$ 3290.21,10
2229,09:30:02,$ 3290.21,1
2230,09:30:02,$ 3290.21,22
2231,09:30:02,$ 3290.21,1
2232,09:30:02,$ 3290.21,2
2233,09:30:02,$ 3290.21,4
2234,09:30:02,$ 3290.21,10
2235,09:30:02,$ 3290.21,4
2236,09:30:02,$ 3290.21,12
2237,09:30:02,$ 3290.21,2
2238,09:30:02,$ 3290.21,1
2239,09:30:02,$ 3290.21,12
2240,09:30:02,$ 3290.21,1
2241,09:30:02,$ 3290.21,10
2242,09:30:02,$ 3290.21,1
2243,09:30:02,$ 3290.21,1
2244,09:30:02,$ 3290.21,10
2245,09:30:02,$ 3290.21,5
2246,09:30:02,$ 3290.21,120
2248,09:30:02,$ 3290.21,9
2249,09:30:02,$ 3290.21,2
2250,09:30:02,$ 3290.21,162
2251,09:30:02,$ 3290.21,2
2252,09:30:02,$ 3290.21,5
2253,09:30:02,$ 3290.21,10
2254,09:30:02,$ 3290.21,3
2255,09:30:02,$ 3290.21,3
2256,09:30:02,$ 3290.21,2
2257,09:30:02,$ 3290.21,3
2258,09:30:02,$ 3290.21,1
2259,09:30:02,$ 3290.21,1
2260,09:30:02,$ 3290.21,20
2261,09:30:02,$ 3290.21,143
2262,09:30:02,$ 3290.21,4
2263,09:30:02,$ 3290.21,5
2264,09:30:02,$ 3290.21,5
2265,09:30:02,$ 3290.21,940
2266,09:30:02,$ 3290.21,1
2267,09:30:02,$ 3290.21,1
2269,09:30:02,$ 3290.21,2
2270,09:30:02,$ 3290.21,1
2271,09:30:02,$ 3290.21,100
2272,09:30:02,$ 3290.21,1
2273,09:30:02,$ 3290.21,3
2274,09:30:02,$ 3290.21,1
2275,09:30:02,$ 3290.21,6
2276,09:30:02,$ 3290.21,5
2277,09:30:02,$ 3290.21,17
2278,09:30:02,$ 3290.21,22
2279,09:30:02,$ 3290.21,3
2280,09:30:02,$ 3290.21,100
2281,09:30:02,$ 3290.21,1
2282,09:30:02,$ 3290.21,2
2283,09:30:02,$ 3290.21,2
2284,09:30:02,$ 3290.21,50
2285,09:30:02,$ 3290.21,15
2286,09:30:02,$ 3290.21,2
2287,09:30:02,$ 3290.21,2
2288,09:30:02,$ 3290.21,12
2290,09:30:02,$ 3290.21,31
2291,09:30:02,$ 3290.21,1
2292,09:30:02,$ 3290.21,3
2293,09:30:02,$ 3290.21,1
2294,09:30:02,$ 3290.21,1
2295,09:30:02,$ 3290.21,2
2296,09:30:02,$ 3290.21,1
2297,09:30:02,$ 3290.21,69
2298,09:30:02,$ 3290.21,21
2299,09:30:02,$ 3290.21,5
2300,09:30:02,$ 3290.21,1
2301,09:30:02,$ 3290.21,2
2302,09:30:02,$ 3290.21,1
2303,09:30:02,$ 3290.21,3
2304,09:30:02,$ 3290.21,6
2305,09:30:02,$ 3290.21,4
2306,09:30:02,$ 3290.21,1
2307,09:30:02,$ 3290.21,2
2308,09:30:02,$ 3290.21,1
2309,09:30:02,$ 3290.21,4
2311,09:30:02,$ 3290.21,4
2312,09:30:02,$ 3290.21,1
2313,09:30:02,$ 3290.21,1
2314,09:30:02,$ 3290.21,3
2315,09:30:02,$ 3290.21,1
2316,09:30:02,$ 3290.21,1
2317,09:30:02,$ 3290.21,2
2318,09:30:02,$ 3290.21,23
2319,09:30:02,$ 3290.21,1
2320,09:30:02,$ 3290.21,2
2321,09:30:02,$ 3290.21,16
2322,09:30:02,$ 3290.21,3
2323,09:30:02,$ 3290.21,40
2324,09:30:02,$ 3290.21,1
2325,09:30:02,$ 3290.21,3
2326,09:30:02,$ 3290.21,5
2327,09:30:02,$ 3290.21,5
2328,09:30:02,$ 3290.21,8
2329,09:30:02,$ 3290.21,1
2330,09:30:02,$ 3290.21,160
2332,09:30:02,$ 3290.21,3
2333,09:30:02,$ 3290.21,1
2334,09:30:02,$ 3290.21,2
2335,09:30:02,$ 3290.21,1
2336,09:30:02,$ 3290.21,1
2337,09:30:02,$ 3290.21,10
2338,09:30:02,$ 3290.21,1
2339,09:30:02,$ 3290.21,1
2340,09:30:02,$ 3290.21,1
2341,09:30:02,$ 3290.21,1
2342,09:30:02,$ 3290.21,1
2343,09:30:02,$ 3290.21,12
2344,09:30:02,$ 3290.21,1
2345,09:30:02,$ 3290.21,2
2346,09:30:02,$ 3290.21,1
2347,09:30:02,$ 3290.21,10
2348,09:30:02,$ 3290.21,2
2349,09:30:02,$ 3290.21,3
2350,09:30:02,$ 3290.21,2
2351,09:30:02,$ 3290.21,1
2353,09:30:02,$ 3290.21,5
2354,09:30:02,$ 3290.21,5
2355,09:30:02,$ 3290.21,1
2356,09:30:02,$ 3290.21,3
2357,09:30:02,$ 3290.21,15
2358,09:30:02,$ 3290.21,3
2359,09:30:02,$ 3290.21,5
2360,09:30:02,$ 3290.21,5
2361,09:30:02,$ 3290.21,1
2362,09:30:02,$ 3290.21,2
2363,09:30:02,$ 3290.21,1
2364,09:30:02,$ 3290.21,10
2365,09:30:02,$ 3290.21,1
2366,09:30:02,$ 3290.21,1
2367,09:30:02,$ 3290.21,30
2368,09:30:02,$ 3290.21,2
2369,09:30:02,$ 3290.21,15
2370,09:30:02,$ 3290.21,100
2371,09:30:02,$ 3290.21,1
2372,09:30:02,$ 3290.21,1
2374,09:30:02,$ 3290.21,2
2375,09:30:02,$ 3290.21,7
2376,09:30:02,$ 3290.21,1
2377,09:30:02,$ 3290.21,10
2378,09:30:02,$ 3290.21,1
2379,09:30:02,$ 3290.21,1
2380,09:30:02,$ 3290.21,3
2381,09:30:02,$ 3290.21,4
2382,09:30:02,$ 3290.21,45
2383,09:30:02,$ 3290.21,2
2384,09:30:02,$ 3290.21,2
2385,09:30:02,$ 3290.21,20
2386,09:30:02,$ 3290.21,4
2387,09:30:02,$ 3290.21,15
2388,09:30:02,$ 3290.21,4
2389,09:30:02,$ 3290.21,3
2390,09:30:02,$ 3290.21,48
2391,09:30:02,$ 3290.21,17
2392,09:30:02,$ 3290.21,3
2393,09:30:02,$ 3290.21,3
2395,09:30:02,$ 3290.21,500
2396,09:30:02,$ 3290.21,1
2397,09:30:02,$ 3290.21,39
2398,09:30:02,$ 3290.21,476
2399,09:30:02,$ 3290.21,2
2400,09:30:02,$ 3290.21,2
2401,09:30:02,$ 3290.21,4
2402,09:30:02,$ 3290.21,2
2403,09:30:02,$ 3290.21,2
2404,09:30:02,$ 3290.21,1
2405,09:30:02,$ 3290.21,27
2406,09:30:02,$ 3290.21,4
2407,09:30:02,$ 3290.21,3
2408,09:30:02,$ 3290.21,5
2409,09:30:02,$ 3290.21,2
2410,09:30:02,$ 3290.21,4
2411,09:30:02,$ 3290.21,8
2412,09:30:02,$ 3290.21,11
2413,09:30:02,$ 3290.21,2
2414,09:30:02,$ 3290.21,1
2416,09:30:02,$ 3290.21,104
2417,09:30:02,$ 3290.21,2
2418,09:30:02,$ 3290.21,3
2419,09:30:02,$ 3290.21,1
2420,09:30:02,$ 3290.21,3
2421,09:30:02,$ 3290.21,1
2422,09:30:02,$ 3290.21,1
2423,09:30:02,$ 3290.21,2
2424,09:30:02,$ 3290.21,10
2425,09:30:02,$ 3290.21,4
2426,09:30:02,$ 3290.21,36
2427,09:30:02,$ 3290.21,5
2428,09:30:02,$ 3290.21,6
2429,09:30:02,$ 3290.21,17
2430,09:30:02,$ 3290.21,7
2431,09:30:02,$ 3290.21,18
2432,09:30:02,$ 3290.21,31
2433,09:30:02,$ 3290.21,4
2434,09:30:02,$ 3290.21,12
2435,09:30:02,$ 3290.21,50
2437,09:30:02,$ 3290.21,2
2438,09:30:02,$ 3290.21,1
2439,09:30:02,$ 3290.21,7
2440,09:30:02,$ 3290.21,10
2441,09:30:02,$ 3290.21,10
2442,09:30:02,$ 3290.21,15
2443,09:30:02,$ 3290.21,2
2444,09:30:02,$ 3290.21,1
2445,09:30:02,$ 3290.21,10
2446,09:30:02,$ 3290.21,1
2447,09:30:02,$ 3290.21,1
2448,09:30:02,$ 3290.21,50
2449,09:30:02,$ 3290.21,4
2450,09:30:02,$ 3290.21,2
2451,09:30:02,$ 3290.21,1
2452,09:30:02,$ 3290.21,7
2453,09:30:02,$ 3290.21,1
2454,09:30:02,$ 3290.21,1
2455,09:30:02,$ 3290.21,5
2456,09:30:02,$ 3290.21,25
2458,09:30:02,$ 3290.21,5
2459,09:30:02,$ 3290.21,1
2460,09:30:02,$ 3290.21,1
2461,09:30:02,$ 3290.21,10
2462,09:30:02,$ 3290.21,5
2463,09:30:02,$ 3290.21,4
2464,09:30:02,$ 3290.21,10
2465,09:30:02,$ 3290.21,5
2466,09:30:02,$ 3290.21,1
2467,09:30:02,$ 3290.21,3
2468,09:30:02,$ 3290.21,1
2469,09:30:02,$ 3290.21,7
2470,09:30:02,$ 3290.21,1
2471,09:30:02,$ 3290.21,1
2472,09:30:02,$ 3290.21,4
2473,09:30:02,$ 3290.21,15
2474,09:30:02,$ 3290.21,5
2475,09:30:02,$ 3290.21,1
2476,09:30:02,$ 3290.21,1
2477,09:30:02,$ 3290.21,3
2479,09:30:02,$ 3290.21,1
2480,09:30:02,$ 3290.21,4
2481,09:30:02,$ 3290.21,2
2482,09:30:02,$ 3290.21,2
2483,09:30:02,$ 3290.21,8
2484,09:30:02,$ 3290.21,1
2485,09:30:02,$ 3290.21,1
2486,09:30:02,$ 3290.21,151
2487,09:30:02,$ 3290.21,5
2488,09:30:02,$ 3290.21,2
2489,09:30:02,$ 3290.21,46
2490,09:30:02,$ 3290.21,20
2491,09:30:02,$ 3290.21,1
2492,09:30:02,$ 3290.21,1
2493,09:30:02,$ 3290.21,10
2494,09:30:02,$ 3290.21,14
2495,09:30:02,$ 3290.21,83
2496,09:30:02,$ 3290.21,50
2497,09:30:02,$ 3290.21,30
2498,09:30:02,$ 3290.21,6
2500,09:30:02,$ 3290.21,10
2501,09:30:02,$ 3290.21,3
2502,09:30:02,$ 3290.21,12
2503,09:30:02,$ 3290.21,4
2504,09:30:02,$ 3290.21,18
2505,09:30:02,$ 3290.21,3
2506,09:30:02,$ 3290.21,1
2507,09:30:02,$ 3290.21,5
2508,09:30:02,$ 3290.21,3
2509,09:30:02,$ 3290.21,2
2510,09:30:02,$ 3290.21,2
2511,09:30:02,$ 3290.21,6
2512,09:30:02,$ 3290.21,6
2513,09:30:02,$ 3290.21,4
2514,09:30:02,$ 3290.21,4
2515,09:30:02,$ 3290.21,91
2516,09:30:02,$ 3290.21,90
2517,09:30:02,$ 3290.21,2
2518,09:30:02,$ 3290.21,2
2519,09:30:02,$ 3290.21,15
2521,09:30:02,$ 3290.21,3
2522,09:30:02,$ 3290.21,1
2523,09:30:02,$ 3290.21,2
2524,09:30:02,$ 3290.21,2
2525,09:30:02,$ 3290.21,10
2526,09:30:02,$ 3290.21,1
2527,09:30:02,$ 3290.21,15
2528,09:30:02,$ 3290.21,1
2529,09:30:02,$ 3290.21,3
2530,09:30:02,$ 3290.21,1
2531,09:30:02,$ 3290.21,8
2532,09:30:02,$ 3290.21,9
2533,09:30:02,$ 3290.21,100
2534,09:30:02,$ 3290.21,37
2535,09:30:02,$ 3290.21,3
2536,09:30:02,$ 3290.21,1
2537,09:30:02,$ 3290.21,5
2538,09:30:02,$ 3290.21,3
2539,09:30:02,$ 3290.21,1
2540,09:30:02,$ 3290.21,2
2542,09:30:02,$ 3290.21,1
2543,09:30:02,$ 3290.21,7
2544,09:30:02,$ 3290.21,2
2545,09:30:02,$ 3290.21,5
2546,09:30:02,$ 3290.21,5
2547,09:30:02,$ 3290.21,"1,800"
2548,09:30:02,$ 3290.21,6
2549,09:30:02,$ 3290.21,3
2550,09:30:02,$ 3290.21,1
2551,09:30:02,$ 3290.21,2
2552,09:30:02,$ 3290.21,1
2553,09:30:02,$ 3290.21,4
2554,09:30:02,$ 3290.21,2
2555,09:30:02,$ 3290.21,15
2556,09:30:02,$ 3290.21,3
2557,09:30:02,$ 3290.21,5
2558,09:30:02,$ 3290.21,10
2559,09:30:02,$ 3290.21,1
2560,09:30:02,$ 3290.21,1
2561,09:30:02,$ 3290.21,10
2563,09:30:02,$ 3290.21,5
2564,09:30:02,$ 3290.21,10
2565,09:30:02,$ 3290.21,2
2566,09:30:02,$ 3290.21,7
2567,09:30:02,$ 3290.21,9
2568,09:30:02,$ 3290.21,8
2569,09:30:02,$ 3290.21,16
2570,09:30:02,$ 3290.21,3
2571,09:30:02,$ 3290.21,3
2572,09:30:02,$ 3290.21,15
2573,09:30:02,$ 3290.21,5
2574,09:30:02,$ 3290.21,3
2575,09:30:02,$ 3290.21,3
2576,09:30:02,$ 3290.21,5
2577,09:30:02,$ 3290.21,1
2578,09:30:02,$ 3290.21,6
2579,09:30:02,$ 3290.21,8
2580,09:30:02,$ 3290.21,25
2581,09:30:02,$ 3290.21,1
2582,09:30:02,$ 3290.21,8
2584,09:30:02,$ 3290.21,9
2585,09:30:02,$ 3290.21,2
2586,09:30:02,$ 3290.21,8
2587,09:30:02,$ 3290.21,30
2588,09:30:02,$ 3290.21,5
2589,09:30:02,$ 3290.21,5
2590,09:30:02,$ 3290.21,5
2591,09:30:02,$ 3290.21,3
2592,09:30:02,$ 3290.21,2
2593,09:30:02,$ 3290.21,1
2594,09:30:02,$ 3290.21,1
2595,09:30:02,$ 3290.21,1
2596,09:30:02,$ 3290.21,35
2597,09:30:02,$ 3290.21,1
2598,09:30:02,$ 3290.21,3
2599,09:30:02,$ 3290.21,2
2600,09:30:02,$ 3290.21,15
2601,09:30:02,$ 3290.21,3
2602,09:30:02,$ 3290.21,1
2603,09:30:02,$ 3290.21,1
2605,09:30:02,$ 3290.21,1
2606,09:30:02,$ 3290.21,5
2607,09:30:02,$ 3290.21,1
2608,09:30:02,$ 3290.21,1
2609,09:30:02,$ 3290.21,2
2610,09:30:02,$ 3290.21,3
2611,09:30:02,$ 3290.21,1
2612,09:30:02,$ 3290.21,1
2613,09:30:02,$ 3290.21,3
2614,09:30:02,$ 3290.21,1
2615,09:30:02,$ 3290.21,1
2616,09:30:02,$ 3290.21,400
2617,09:30:02,$ 3290.21,200
2618,09:30:02,$ 3290.21,13
2619,09:30:02,$ 3290.21,17
2620,09:30:02,$ 3290.21,100
2621,09:30:02,$ 3290.21,2
2622,09:30:02,$ 3290.21,1
2623,09:30:02,$ 3290.21,9
2624,09:30:02,$ 3290.21,30
2626,09:30:02,$ 3290.21,800
2627,09:30:02,$ 3290.21,480
2628,09:30:02,$ 3290.21,500
2629,09:30:02,$ 3290.21,30
2630,09:30:02,$ 3290.21,100
2631,09:30:02,$ 3290.21,15
2632,09:30:02,$ 3290.21,22
2633,09:30:02,$ 3290.21,25
2634,09:30:02,$ 3290.21,100
2635,09:30:02,$ 3290.21,1
2636,09:30:02,$ 3290.21,5
2637,09:30:02,$ 3290.21,1
2638,09:30:02,$ 3290.21,1
2639,09:30:02,$ 3290.21,2
2640,09:30:02,$ 3290.21,100
2641,09:30:02,$ 3290.21,5
2642,09:30:02,$ 3290.21,1
2643,09:30:02,$ 3290.21,1
2644,09:30:02,$ 3290.21,"1,000"
2645,09:30:02,$ 3290.21,1
2647,09:30:02,$ 3290.21,3
2648,09:30:02,$ 3290.21,33
2649,09:30:02,$ 3290.21,100
2650,09:30:02,$ 3290.21,10
2651,09:30:02,$ 3290.21,3
2652,09:30:02,$ 3290.21,11
2653,09:30:02,$ 3290.21,33
2654,09:30:02,$ 3290.21,1
2655,09:30:02,$ 3290.21,5
2656,09:30:02,$ 3290.21,15
2657,09:30:02,$ 3290.21,1
2658,09:30:02,$ 3290.21,4
2659,09:30:02,$ 3290.21,1
2660,09:30:02,$ 3290.21,14
2661,09:30:02,$ 3290.21,1
2662,09:30:02,$ 3290.21,2
2663,09:30:02,$ 3290.21,4
2664,09:30:02,$ 3290.21,1
2665,09:30:02,$ 3290.21,2
2666,09:30:02,$ 3290.21,3
2668,09:30:02,$ 3290.21,91
2669,09:30:02,$ 3290.21,50
2670,09:30:02,$ 3290.21,5
2671,09:30:02,$ 3290.21,1
2672,09:30:02,$ 3290.21,8
2673,09:30:02,$ 3290.21,1
2674,09:30:02,$ 3290.21,1
2675,09:30:02,$ 3290.21,1
2676,09:30:02,$ 3290.21,2
2677,09:30:02,$ 3290.21,15
2678,09:30:02,$ 3290.21,1
2679,09:30:02,$ 3290.21,141
2680,09:30:02,$ 3290.21,1
2681,09:30:02,$ 3290.21,1
2682,09:30:02,$ 3290.21,3
2683,09:30:02,$ 3290.21,3
2684,09:30:02,$ 3290.21,1
2685,09:30:02,$ 3290.21,1
2686,09:30:02,$ 3290.21,2
2687,09:30:02,$ 3290.21,20
2689,09:30:02,$ 3290.21,1
2690,09:30:02,$ 3290.21,2
2691,09:30:02,$ 3290.21,3
2692,09:30:02,$ 3290.21,1
2693,09:30:02,$ 3290.21,4
2694,09:30:02,$ 3290.21,1
2695,09:30:02,$ 3290.21,2
2696,09:30:02,$ 3290.21,1
2697,09:30:02,$ 3290.21,1
2698,09:30:02,$ 3290.21,6
2699,09:30:02,$ 3290.21,1
2700,09:30:02,$ 3290.21,1
2701,09:30:02,$ 3290.21,1
2702,09:30:02,$ 3290.21,2
2703,09:30:02,$ 3290.21,7
2704,09:30:02,$ 3290.21,3
2705,09:30:02,$ 3290.21,2
2706,09:30:02,$ 3290.21,1
2707,09:30:02,$ 3290.21,8
2708,09:30:02,$ 3290.21,1
2710,09:30:02,$ 3290.21,1
2711,09:30:02,$ 3290.21,20
2712,09:30:02,$ 3290.21,1
2713,09:30:02,$ 3290.21,3
2714,09:30:02,$ 3290.21,164
2715,09:30:02,$ 3290.21,3
2716,09:30:02,$ 3290.21,3
2717,09:30:02,$ 3290.21,1
2718,09:30:02,$ 3290.21,2
2719,09:30:02,$ 3290.21,7
2720,09:30:02,$ 3290.21,1
2721,09:30:02,$ 3290.21,8
2722,09:30:02,$ 3290.21,1
2723,09:30:02,$ 3290.21,3
2724,09:30:02,$ 3290.21,1
2725,09:30:02,$ 3290.21,1
2726,09:30:02,$ 3290.21,1
2727,09:30:02,$ 3290.21,2
2728,09:30:02,$ 3290.21,2
2729,09:30:02,$ 3290.21,5
2731,09:30:02,$ 3290.21,2
2732,09:30:02,$ 3290.21,2
2733,09:30:02,$ 3290.21,1
2734,09:30:02,$ 3290.21,7
2735,09:30:02,$ 3290.21,2
2736,09:30:02,$ 3290.21,5
2737,09:30:02,$ 3290.21,2
2738,09:30:02,$ 3290.21,4
2739,09:30:02,$ 3290.21,5
2740,09:30:02,$ 3290.21,3
2741,09:30:02,$ 3290.21,1
2742,09:30:02,$ 3290.21,1
2743,09:30:02,$ 3290.21,1
2744,09:30:02,$ 3290.21,1
2745,09:30:02,$ 3290.21,1
2746,09:30:02,$ 3290.21,1
2747,09:30:01,$ 3290.00,140
2748,09:30:01,$ 3291.95,100
2749,09:30:01,$ 3290.21,112
2750,09:30:01,$ 3290.21,47
2752,09:30:01,$ 3290.21,12
2753,09:30:01,$ 3290.21,91
2755,10:29:56,$ 3307.365,100
2756,10:29:56,$ 3307.495,100
2757,10:29:46,$ 3307.85,350
2758,10:29:24,$ 3306.71,200
2759,10:29:09,$ 3306.38,100
2760,10:29:06,$ 3306.99,467
2761,10:28:59,$ 3307.25,120
2762,10:28:57,$ 3306.42,100
2763,10:28:57,$ 3306.42,100
2764,10:28:57,$ 3306.42,100
2765,10:28:57,$ 3306.3935,100
2766,10:28:57,$ 3306.41,200
2767,10:28:57,$ 3307.49,100
2768,10:28:49,$ 3307.68,100
2769,10:28:48,$ 3308.49,100
2770,10:28:44,$ 3308.09,100
2771,10:28:34,$ 3307.90,170
2772,10:28:30,$ 3307.51,100
2773,10:28:28,$ 3307.80,100
2774,10:28:27,$ 3307.97,100
2776,10:28:26,$ 3307.75,100
2777,10:28:24,$ 3307.50,375
2778,10:28:24,$ 3307.44,400
2779,10:28:22,$ 3307.00,117
2780,10:28:22,$ 3306.9389,100
2781,10:28:21,$ 3306.325,100
2782,10:28:21,$ 3306.99,100
2783,10:28:21,$ 3307.00,299
2784,10:28:20,$ 3306.91,100
2785,10:28:17,$ 3306.95,100
2786,10:28:16,$ 3307.00,100
2787,10:28:15,$ 3305.3368,400
2788,10:28:15,$ 3306.16,100
2789,10:28:15,$ 3306.16,100
2790,10:28:15,$ 3306.26,100
2791,10:28:15,$ 3306.26,100
2792,10:28:13,$ 3306.43,100
2793,10:28:11,$ 3306.37,100
2794,10:28:11,$ 3305.445,300
2795,10:28:10,$ 3306.46,100
2797,10:28:10,$ 3306.17,100
2798,10:28:10,$ 3306.14,200
2799,10:28:09,$ 3306.43,100
2800,10:28:07,$ 3305.98,450
2801,10:28:06,$ 3306.46,200
2802,10:28:06,$ 3305.85,100
2803,10:28:06,$ 3306.00,100
2804,10:28:06,$ 3306.00,100
2805,10:28:06,$ 3306.00,100
2806,10:28:06,$ 3306.00,100
2807,10:28:05,$ 3305.95,100
2808,10:28:05,$ 3305.98,100
2809,10:28:04,$ 3305.709,"1,000"
2810,10:28:04,$ 3305.905,100
2811,10:28:04,$ 3305.695,"1,000"
2812,10:27:59,$ 3305.00,175
2813,10:27:58,$ 3305.00,100
2814,10:27:57,$ 3304.3242,"1,000"
2815,10:27:57,$ 3303.805,"1,000"
2816,10:27:56,$ 3303.645,500
2818,10:27:52,$ 3303.23,100
2819,10:27:52,$ 3303.12,100
2820,10:27:52,$ 3303.17,100
2821,10:27:52,$ 3303.18,100
2822,10:27:50,$ 3302.75,100
2823,10:27:50,$ 3303.17,100
2824,10:27:50,$ 3303.16,124
2825,10:27:50,$ 3303.12,100
2826,10:27:50,$ 3303.18,100
2827,10:27:49,$ 3302.8883,"1,000"
2828,10:27:48,$ 3303.37,100
2829,10:27:48,$ 3303.39,100
2830,10:27:48,$ 3302.55,"1,000"
2831,10:27:47,$ 3302.72,200
2832,10:27:42,$ 3303.22,100
2833,10:27:39,$ 3303.00,100
2834,10:27:39,$ 3302.88,100
2835,10:27:39,$ 3302.56,100
2836,10:27:37,$ 3302.48,100
2837,10:27:30,$ 3302.9999,100
2839,10:27:19,$ 3302.50,431
2840,10:27:17,$ 3302.39,100
2841,10:27:16,$ 3300.98,420
2842,10:27:16,$ 3300.98,194
2843,10:27:16,$ 3300.56,100
2844,10:27:16,$ 3301.06,100
2845,10:27:16,$ 3300.56,100
2846,10:27:15,$ 3300.42,600
2847,10:27:14,$ 3300.00,100
2848,10:27:11,$ 3299.75,400
2849,10:27:11,$ 3300.015,400
2850,10:26:48,$ 3300.8899,153
2851,10:26:29,$ 3301.56,100
2852,10:26:29,$ 3299.8064,282
2853,10:26:25,$ 3299.18,100
2854,10:26:19,$ 3299.46,100
2855,10:26:05,$ 3301.62,100
2856,10:26:02,$ 3300.09,200
2857,10:26:02,$ 3300.00,382
2858,10:26:02,$ 3300.00,230
2860,10:26:02,$ 3300.00,100
2861,10:26:02,$ 3300.08,100
2862,10:26:01,$ 3301.62,100
2863,10:26:01,$ 3300.96,200
2864,10:25:53,$ 3300.96,100
2865,10:25:52,$ 3301.0812,100
2866,10:25:50,$ 3301.68,400
2867,10:25:49,$ 3301.85,100
2868,10:25:49,$ 3301.06,100
2869,10:25:37,$ 3299.975,100
2870,10:25:28,$ 3299.505,100
2871,10:25:13,$ 3298.9333,100
2872,10:24:44,$ 3297.5975,100
2873,10:24:44,$ 3298.18,102
2874,10:24:36,$ 3298.9885,125
2875,10:24:36,$ 3298.16,100
2876,10:24:21,$ 3297.17,100
2877,10:24:21,$ 3297.0789,100
2878,10:24:20,$ 3297.00,100
2879,10:24:00,$ 3298.84,100
2881,10:23:59,$ 3298.45,100
2882,10:23:31,$ 3298.675,100
2883,10:23:24,$ 3299.566,100
2884,10:23:24,$ 3299.84,100
2885,10:23:23,$ 3299.15,100
2886,10:23:23,$ 3299.14,100
2887,10:23:23,$ 3299.50,100
2888,10:23:23,$ 3299.22,100
2889,10:23:23,$ 3299.1238,200
2890,10:23:23,$ 3299.50,100
2891,10:23:23,$ 3299.14,100
2892,10:23:23,$ 3299.15,100
2893,10:23:23,$ 3300.18,100
2894,10:23:01,$ 3301.20,100
2895,10:23:01,$ 3301.10,100
2896,10:22:49,$ 3302.21,100
2897,10:22:45,$ 3301.9683,100
2898,10:22:37,$ 3300.9783,100
2899,10:22:35,$ 3301.61,100
2900,10:22:34,$ 3302.40,100
2902,10:22:34,$ 3301.3056,199
2903,10:22:28,$ 3303.31,100
2904,10:22:28,$ 3303.31,275
2905,10:22:28,$ 3302.9999,100
2906,10:22:27,$ 3302.34,100
2907,10:22:17,$ 3302.83,100
2908,10:22:14,$ 3302.34,271
2909,10:22:01,$ 3302.43,100
2910,10:22:00,$ 3302.03,100
2911,10:21:57,$ 3302.96,100
2912,10:21:55,$ 3304.00,100
2913,10:21:54,$ 3303.4942,507
2914,10:21:54,$ 3302.49,100
2915,10:21:54,$ 3302.99,200
2916,10:21:53,$ 3301.755,100
2917,10:21:53,$ 3301.755,400
2918,10:21:53,$ 3302.47,100
2919,10:21:53,$ 3301.9999,100
2920,10:21:53,$ 3302.18,100
2921,10:21:53,$ 3301.3653,"1,000"
2923,10:21:41,$ 3301.37,100
2924,10:21:38,$ 3301.07,100
2925,10:21:38,$ 3302.00,100
2926,10:21:31,$ 3300.905,"1,000"
2927,10:21:28,$ 3301.045,100
2928,10:21:28,$ 3300.3362,376
2929,10:21:28,$ 3300.60,100
2930,10:21:28,$ 3300.812,100
2931,10:21:28,$ 3300.60,100
2932,10:21:28,$ 3300.86,100
2933,10:21:28,$ 3301.46,100
2934,10:21:19,$ 3301.00,100
2935,10:21:12,$ 3300.835,100
2936,10:21:12,$ 3300.835,100
2937,10:21:12,$ 3300.835,100
2938,10:21:12,$ 3300.835,100
2939,10:21:12,$ 3300.835,100
2940,10:21:12,$ 3300.835,100
2941,10:21:12,$ 3300.835,100
2942,10:21:12,$ 3300.835,100
2944,10:21:12,$ 3300.84,100
2945,10:21:11,$ 3300.955,100
2946,10:21:11,$ 3302.20,100
2947,10:21:11,$ 3302.20,100
2948,10:21:10,$ 3300.0507,200
2949,10:21:10,$ 3300.955,"1,000"
2950,10:21:09,$ 3299.9394,"1,000"
2951,10:21:06,$ 3301.13,100
2952,10:20:58,$ 3302.20,100
2953,10:20:57,$ 3301.00,145
2954,10:20:57,$ 3301.06,100
2955,10:20:55,$ 3300.355,200
2956,10:20:54,$ 3300.00,100
2957,10:20:53,$ 3300.355,100
2958,10:20:53,$ 3300.355,100
2959,10:20:49,$ 3300.12,100
2960,10:20:49,$ 3300.11,500
2961,10:20:48,$ 3298.99,100
2962,10:20:38,$ 3301.00,100
2963,10:20:37,$ 3300.31,135
2965,10:20:37,$ 3300.31,100
2966,10:20:37,$ 3300.00,100
2967,10:20:36,$ 3302.20,100
2968,10:20:35,$ 3300.72,100
2969,10:20:34,$ 3300.532,976
2970,10:20:32,$ 3302.20,100
2971,10:20:30,$ 3302.20,100
2972,10:20:29,$ 3301.17,"1,000"
2973,10:20:26,$ 3301.3596,300
2974,10:20:25,$ 3301.175,100
2975,10:20:23,$ 3301.175,100
2976,10:20:21,$ 3301.41,100
2977,10:20:16,$ 3301.525,100
2978,10:20:14,$ 3301.525,100
2979,10:20:12,$ 3301.98,100
2980,10:20:11,$ 3301.50,189
2981,10:20:11,$ 3301.50,100
2982,10:20:05,$ 3300.29,100
2983,10:20:03,$ 3299.19,100
2984,10:19:57,$ 3297.23,100
2986,10:19:57,$ 3297.23,100
2987,10:19:33,$ 3298.57,100
2988,10:19:18,$ 3298.295,100
2989,10:18:55,$ 3296.9295,100
2990,10:18:44,$ 3296.705,100
2991,10:18:34,$ 3297.795,100
2992,10:18:16,$ 3298.353,100
2993,10:18:07,$ 3298.775,126
2994,10:18:05,$ 3298.659,100
2995,10:18:03,$ 3299.2993,116
2996,10:18:02,$ 3298.225,100
2997,10:17:54,$ 3298.01,100
2998,10:17:44,$ 3298.03,100
2999,10:17:30,$ 3299.29,100
3000,10:17:30,$ 3299.29,100
3001,10:17:30,$ 3298.825,100
3002,10:17:28,$ 3299.135,100
3003,10:17:27,$ 3300.2862,500
3004,10:17:24,$ 3300.02,100
3005,10:17:14,$ 3301.50,100
3007,10:17:12,$ 3300.00,400
3008,10:17:10,$ 3299.51,100
3009,10:17:08,$ 3299.18,100
3010,10:17:04,$ 3299.29,100
3011,10:16:44,$ 3298.35,100
3012,10:16:36,$ 3297.7443,"1,000"
3013,10:16:24,$ 3296.5593,100
3014,10:16:18,$ 3296.91,100
3015,10:16:18,$ 3297.44,100
3016,10:16:18,$ 3296.30,100
3017,10:16:18,$ 3296.80,100
3018,10:16:18,$ 3296.30,100
3019,10:16:18,$ 3296.32,100
3020,10:16:18,$ 3296.82,100
3021,10:16:18,$ 3297.2611,"1,000"
3022,10:16:16,$ 3295.03,100
3023,10:16:16,$ 3296.00,250
3024,10:15:52,$ 3295.00,100
3025,10:15:52,$ 3294.99,100
3026,10:15:36,$ 3294.9084,769
3028,10:15:31,$ 3295.795,100
3029,10:15:28,$ 3295.92,100
3030,10:15:28,$ 3295.88,100
3031,10:15:15,$ 3296.085,250
3032,10:15:13,$ 3296.3362,100
3033,10:15:03,$ 3295.20,"1,000"
3034,10:15:02,$ 3295.83,100
3035,10:14:59,$ 3296.80,174
3036,10:14:53,$ 3296.16,100
3037,10:14:44,$ 3295.255,100
3038,10:14:43,$ 3294.3501,100
3039,10:14:43,$ 3295.26,100
3040,10:14:40,$ 3295.00,100
3041,10:14:40,$ 3295.00,191
3042,10:14:40,$ 3294.81,100
3043,10:14:34,$ 3294.462,100
3044,10:14:30,$ 3293.93,100
3045,10:14:19,$ 3294.2986,"1,000"
3046,10:14:16,$ 3292.8412,200
3047,10:13:55,$ 3291.1471,200
3049,10:13:51,$ 3292.10,100
3050,10:13:51,$ 3292.04,100
3051,10:13:50,$ 3290.6294,300
3052,10:13:45,$ 3291.3419,100
3053,10:13:38,$ 3293.64,100
3054,10:13:38,$ 3293.21,100
3055,10:13:36,$ 3293.94,100
3056,10:13:36,$ 3293.97,100
3057,10:13:36,$ 3293.44,100
3058,10:13:34,$ 3293.38,100
3059,10:13:34,$ 3293.55,100
3060,10:13:17,$ 3292.7886,110
3061,10:13:08,$ 3291.73,100
3062,10:13:05,$ 3293.0336,100
3063,10:13:04,$ 3292.66,100
3064,10:13:03,$ 3292.50,100
3065,10:13:00,$ 3291.95,100
3066,10:12:59,$ 3290.615,100
3067,10:12:57,$ 3290.49,200
3068,10:12:51,$ 3290.83,100
3070,10:12:49,$ 3290.752,100
3071,10:12:49,$ 3290.57,100
3072,10:12:49,$ 3290.75,100
3073,10:12:49,$ 3290.30,100
3074,10:12:49,$ 3289.94,100
3075,10:12:49,$ 3290.09,100
3076,10:12:40,$ 3289.7599,100
3077,10:12:32,$ 3289.19,148
3078,10:12:28,$ 3289.0074,200
3079,10:11:33,$ 3288.00,100
3080,10:11:28,$ 3288.00,100
3081,10:11:25,$ 3287.48,100
3082,10:11:23,$ 3288.12,100
3083,10:11:23,$ 3288.00,100
3084,10:11:16,$ 3288.00,100
3085,10:11:12,$ 3288.26,100
3086,10:11:09,$ 3288.67,100
3087,10:11:08,$ 3287.105,100
3088,10:11:06,$ 3287.56,100
3089,10:11:05,$ 3287.17,400
3091,10:11:05,$ 3287.25,100
3092,10:11:05,$ 3287.18,100
3093,10:11:05,$ 3287.17,100
3094,10:11:05,$ 3287.84,100
3095,10:11:05,$ 3287.80,100
3096,10:11:05,$ 3287.39,100
3097,10:11:02,$ 3287.6114,100
3098,10:10:44,$ 3291.37,100
3099,10:10:40,$ 3290.975,100
3100,10:10:16,$ 3291.27,100
3101,10:09:45,$ 3290.04,100
3102,10:09:44,$ 3289.40,100
3103,10:09:41,$ 3290.50,100
3104,10:09:25,$ 3291.00,100
3105,10:09:20,$ 3291.6511,326
3106,10:09:20,$ 3289.70,100
3107,10:09:20,$ 3289.70,100
3108,10:09:20,$ 3289.71,100
3109,10:09:20,$ 3289.70,100
3110,10:09:20,$ 3290.20,100
3112,10:09:20,$ 3290.20,100
3113,10:09:20,$ 3290.21,100
3114,10:09:19,$ 3289.2525,100
3115,10:09:11,$ 3288.225,100
3116,10:09:05,$ 3288.00,100
3117,10:09:03,$ 3288.75,697
3118,10:09:03,$ 3288.10,192
3119,10:08:58,$ 3288.88,100
3120,10:08:58,$ 3288.38,230
3121,10:08:58,$ 3288.38,115
3122,10:08:58,$ 3289.10,100
3123,10:08:58,$ 3289.10,139
3124,10:08:58,$ 3289.18,100
3125,10:08:56,$ 3290.00,193
3126,10:08:56,$ 3290.00,599
3127,10:08:53,$ 3290.93,100
3128,10:08:53,$ 3290.86,100
3129,10:08:32,$ 3290.165,100
3130,10:08:31,$ 3290.00,100
3131,10:08:31,$ 3290.20,100
3133,10:08:21,$ 3290.3016,300
3134,10:08:10,$ 3289.799,250
3135,10:08:10,$ 3290.19,110
3136,10:07:18,$ 3288.28,229
3137,10:07:02,$ 3288.09,"1,000"
3138,10:06:33,$ 3289.44,100
3139,10:06:33,$ 3290.7257,250
3140,10:06:31,$ 3290.99,100
3141,10:06:29,$ 3290.33,459
3142,10:06:26,$ 3289.03,100
3143,10:06:12,$ 3290.1083,200
3144,10:06:09,$ 3289.8585,250
3145,10:06:08,$ 3288.205,100
3146,10:06:08,$ 3288.135,100
3147,10:06:01,$ 3289.20,100
3148,10:06:00,$ 3288.57,100
3149,10:05:58,$ 3289.00,100
3150,10:05:58,$ 3289.00,500
3151,10:05:57,$ 3289.09,464
3152,10:05:54,$ 3289.995,244
3154,10:05:46,$ 3289.10,100
3155,10:05:42,$ 3289.31,100
3156,10:05:36,$ 3289.96,100
3157,10:05:23,$ 3290.00,100
3158,10:05:12,$ 3292.4257,304
3159,10:05:11,$ 3291.4714,170
3160,10:05:11,$ 3291.43,100
3161,10:05:08,$ 3290.7699,300
3162,10:05:07,$ 3289.5936,140
3163,10:05:01,$ 3291.47,100
3164,10:05:01,$ 3291.56,100
3165,10:04:57,$ 3292.00,100
3166,10:04:54,$ 3291.9213,250
3167,10:04:52,$ 3291.01,100
3168,10:04:51,$ 3290.00,100
3169,10:04:50,$ 3291.56,100
3170,10:04:50,$ 3291.56,400
3171,10:04:47,$ 3291.61,100
3172,10:04:34,$ 3292.5865,500
3173,10:04:31,$ 3292.811,150
3175,10:04:31,$ 3291.995,100
3176,10:04:28,$ 3292.875,100
3177,10:04:27,$ 3293.71,100
3178,10:04:22,$ 3293.03,100
3179,10:04:21,$ 3294.41,100
3180,10:04:19,$ 3294.41,137
3181,10:03:56,$ 3291.125,300
3182,10:03:56,$ 3290.635,162
3183,10:03:56,$ 3289.79,100
3184,10:03:56,$ 3289.30,100
3185,10:03:55,$ 3290.0799,"1,000"
3186,10:03:50,$ 3289.03,100
3187,10:03:50,$ 3289.60,100
3188,10:03:50,$ 3289.72,100
3189,10:03:50,$ 3289.605,100
3190,10:03:48,$ 3290.24,100
3191,10:03:44,$ 3291.02,100
3192,10:03:44,$ 3291.75,100
3193,10:03:14,$ 3292.8785,100
3194,10:03:12,$ 3292.11,100
3196,10:02:57,$ 3294.36,100
3197,10:02:57,$ 3294.43,100
3198,10:02:57,$ 3292.8742,238
3199,10:02:57,$ 3293.76,100
3200,10:02:57,$ 3293.69,100
3201,10:02:57,$ 3293.53,100
3202,10:02:57,$ 3293.26,100
3203,10:02:56,$ 3294.215,"1,000"
3204,10:02:47,$ 3293.87,100
3205,10:02:41,$ 3293.77,100
3206,10:02:41,$ 3294.145,100
3207,10:02:36,$ 3295.19,115
3208,10:02:34,$ 3295.19,100
3209,10:02:23,$ 3295.595,300
3210,10:02:13,$ 3295.27,200
3211,10:02:08,$ 3295.58,140
3212,10:02:02,$ 3296.365,200
3213,10:02:02,$ 3295.75,100
3214,10:02:02,$ 3295.50,100
3215,10:02:02,$ 3295.79,100
3217,10:02:01,$ 3297.215,200
3218,10:01:50,$ 3297.95,100
3219,10:01:50,$ 3298.00,100
3220,10:01:45,$ 3297.335,100
3221,10:01:42,$ 3297.41,103
3222,10:01:41,$ 3298.015,100
3223,10:01:41,$ 3298.015,200
3224,10:01:31,$ 3297.0355,257
3225,10:01:15,$ 3298.98,100
3226,10:01:07,$ 3297.9601,100
3227,10:01:04,$ 3298.95,100
3228,10:01:04,$ 3298.95,100
3229,10:01:04,$ 3297.47,100
3230,10:01:04,$ 3296.97,100
3231,10:01:04,$ 3296.92,100
3232,10:01:00,$ 3299.61,100
3233,10:01:00,$ 3299.41,200
3234,10:01:00,$ 3299.60,100
3235,10:01:00,$ 3299.17,300
3236,10:01:00,$ 3299.60,100
3238,10:01:00,$ 3298.463,100
3239,10:01:00,$ 3298.19,200
3240,10:01:00,$ 3298.47,100
3241,10:01:00,$ 3298.45,100
3242,10:01:00,$ 3298.50,100
3243,10:01:00,$ 3297.74,300
3244,10:01:00,$ 3297.99,100
3245,10:00:55,$ 3295.00,220
3246,10:00:55,$ 3295.00,115
3247,10:00:55,$ 3295.00,100
3248,10:00:48,$ 3294.98,100
3249,10:00:41,$ 3293.41,100
3250,10:00:39,$ 3292.6622,500
3251,10:00:39,$ 3293.685,100
3252,10:00:39,$ 3294.41,117
3253,10:00:36,$ 3292.6821,300
3254,10:00:33,$ 3294.00,100
3255,10:00:26,$ 3294.87,100
3256,10:00:25,$ 3295.025,100
3257,10:00:25,$ 3295.11,100
3259,10:00:25,$ 3295.09,100
3260,10:00:19,$ 3296.17,100
3261,10:00:18,$ 3296.12,100
3262,10:00:18,$ 3296.02,100
3263,10:00:15,$ 3295.23,100
3264,10:00:14,$ 3294.05,100
3265,10:00:11,$ 3292.80,100
3266,10:00:11,$ 3292.76,100
3267,10:00:11,$ 3292.76,100
3268,10:00:11,$ 3292.77,100
3269,10:00:11,$ 3292.77,100
3270,10:00:04,$ 3294.915,100
3271,10:00:04,$ 3295.00,100
3272,10:00:03,$ 3296.07,100
3273,10:00:01,$ 3296.3699,150
3275,10:59:49,$ 3300.195,100
3276,10:59:48,$ 3299.55,100
3277,10:59:48,$ 3299.11,100
3278,10:59:36,$ 3297.71,100
3279,10:59:20,$ 3299.77,100
3280,10:59:19,$ 3298.50,100
3281,10:59:09,$ 3298.50,100
3282,10:58:58,$ 3302.00,100
3283,10:58:57,$ 3301.08,100
3284,10:58:40,$ 3299.56,100
3285,10:58:34,$ 3298.58,100
3286,10:58:34,$ 3298.58,100
3287,10:58:34,$ 3298.64,100
3288,10:58:28,$ 3298.49,100
3289,10:58:12,$ 3297.23,100
3290,10:58:09,$ 3297.65,100
3291,10:58:09,$ 3297.17,100
3292,10:57:53,$ 3299.27,100
3293,10:57:53,$ 3299.27,100
3294,10:57:50,$ 3298.30,100
3296,10:57:46,$ 3299.18,100
3297,10:57:46,$ 3299.33,100
3298,10:57:46,$ 3300.20,100
3299,10:57:46,$ 3299.99,100
3300,10:57:46,$ 3300.28,100
3301,10:57:34,$ 3300.585,100
3302,10:57:07,$ 3303.5299,300
3303,10:56:52,$ 3299.61,100
3304,10:56:51,$ 3299.9505,"1,000"
3305,10:56:40,$ 3299.80,100
3306,10:56:34,$ 3299.80,100
3307,10:56:34,$ 3299.6647,107
3308,10:55:44,$ 3299.79,100
3309,10:55:39,$ 3299.45,100
3310,10:55:24,$ 3298.60,100
3311,10:55:21,$ 3298.79,100
3312,10:55:21,$ 3297.00,100
3313,10:55:21,$ 3298.075,100
3314,10:55:20,$ 3298.00,100
3315,10:55:16,$ 3297.11,100
3317,10:55:15,$ 3298.2469,130
3318,10:54:59,$ 3298.18,100
3319,10:54:31,$ 3299.31,100
3320,10:54:18,$ 3299.015,100
3321,10:53:42,$ 3299.26,123
3322,10:53:32,$ 3300.01,100
3323,10:53:21,$ 3300.94,100
3324,10:53:21,$ 3300.01,100
3325,10:53:21,$ 3300.01,100
3326,10:53:20,$ 3300.49,115
3327,10:53:19,$ 3300.495,100
3328,10:52:59,$ 3300.43,100
3329,10:52:37,$ 3300.81,100
3330,10:52:29,$ 3303.2699,100
3331,10:52:21,$ 3300.995,100
3332,10:51:57,$ 3301.17,302
3333,10:51:57,$ 3302.65,100
3334,10:51:57,$ 3302.54,100
3335,10:51:57,$ 3302.65,100
3336,10:51:37,$ 3301.94,100
3338,10:51:22,$ 3302.40,100
3339,10:51:17,$ 3303.15,100
3340,10:51:06,$ 3303.0734,300
3341,10:51:04,$ 3302.0001,100
3342,10:51:01,$ 3302.88,100
3343,10:50:54,$ 3302.98,100
3344,10:50:54,$ 3303.47,100
3345,10:50:54,$ 3303.47,100
3346,10:50:31,$ 3306.17,100
3347,10:50:03,$ 3307.61,100
3348,10:50:01,$ 3306.00,720
3349,10:49:56,$ 3305.7925,100
3350,10:49:56,$ 3305.90,100
3351,10:49:55,$ 3305.92,100
3352,10:49:55,$ 3305.92,100
3353,10:49:55,$ 3305.92,100
3354,10:49:47,$ 3305.94,160
3355,10:49:30,$ 3303.17,100
3356,10:49:18,$ 3304.42,100
3357,10:49:10,$ 3304.45,100
3359,10:49:04,$ 3305.8017,100
3360,10:49:04,$ 3305.792,100
3361,10:49:04,$ 3305.76,100
3362,10:48:56,$ 3305.7267,722
3363,10:48:56,$ 3305.29,100
3364,10:48:07,$ 3304.27,100
3365,10:47:58,$ 3304.76,100
3366,10:47:55,$ 3304.9992,100
3367,10:47:36,$ 3304.58,100
3368,10:47:02,$ 3304.485,100
3369,10:47:02,$ 3303.54,100
3370,10:46:58,$ 3304.64,100
3371,10:46:41,$ 3306.08,100
3372,10:46:35,$ 3305.52,100
3373,10:46:18,$ 3305.17,100
3374,10:45:40,$ 3303.75,100
3375,10:45:30,$ 3303.12,100
3376,10:45:30,$ 3303.2027,100
3377,10:45:30,$ 3303.41,100
3378,10:45:30,$ 3303.49,100
3380,10:45:28,$ 3304.41,346
3381,10:45:14,$ 3303.69,100
3382,10:45:05,$ 3304.97,194
3383,10:45:03,$ 3304.66,100
3384,10:45:01,$ 3303.419,680
3385,10:45:01,$ 3303.57,100
3386,10:45:01,$ 3303.42,100
3387,10:45:00,$ 3302.135,100
3388,10:44:56,$ 3301.06,100
3389,10:44:41,$ 3301.84,100
3390,10:44:33,$ 3301.43,250
3391,10:44:12,$ 3301.8086,306
3392,10:44:09,$ 3302.975,100
3393,10:44:09,$ 3303.015,100
3394,10:44:03,$ 3301.83,100
3395,10:43:54,$ 3300.48,100
3396,10:43:43,$ 3302.64,100
3397,10:43:29,$ 3301.86,100
3398,10:43:14,$ 3302.0709,605
3399,10:43:13,$ 3301.69,100
3401,10:42:52,$ 3302.1576,200
3402,10:42:42,$ 3302.0548,100
3403,10:42:05,$ 3302.51,100
3404,10:42:05,$ 3302.52,100
3405,10:42:05,$ 3302.81,100
3406,10:42:05,$ 3302.81,100
3407,10:42:05,$ 3302.76,100
3408,10:42:02,$ 3304.22,100
3409,10:42:01,$ 3303.46,100
3410,10:41:56,$ 3303.1338,100
3411,10:41:28,$ 3302.745,100
3412,10:41:02,$ 3303.07,100
3413,10:40:36,$ 3304.55,100
3414,10:40:35,$ 3304.8073,100
3415,10:40:35,$ 3304.8065,100
3416,10:40:35,$ 3304.78,100
3417,10:40:35,$ 3304.78,100
3418,10:40:32,$ 3304.53,100
3419,10:40:20,$ 3303.36,100
3420,10:40:20,$ 3303.83,100
3422,10:40:20,$ 3303.63,500
3423,10:40:20,$ 3303.345,100
3424,10:40:20,$ 3303.93,100
3425,10:40:20,$ 3304.30,100
3426,10:40:20,$ 3303.815,200
3427,10:40:16,$ 3304.335,192
3428,10:40:13,$ 3305.40,100
3429,10:40:13,$ 3305.40,100
3430,10:40:11,$ 3305.84,250
3431,10:40:02,$ 3305.27,100
3432,10:39:54,$ 3305.81,250
3433,10:39:52,$ 3306.40,100
3434,10:39:52,$ 3306.40,100
3435,10:39:45,$ 3308.24,100
3436,10:39:45,$ 3307.90,100
3437,10:39:38,$ 3307.67,100
3438,10:39:36,$ 3307.55,100
3439,10:39:36,$ 3307.04,101
3440,10:39:34,$ 3307.04,193
3441,10:39:34,$ 3307.26,100
3443,10:39:34,$ 3307.25,100
3444,10:39:33,$ 3308.0859,100
3445,10:39:31,$ 3307.48,100
3446,10:38:56,$ 3307.33,100
3447,10:38:54,$ 3307.25,100
3448,10:38:54,$ 3307.28,100
3449,10:38:41,$ 3306.37,100
3450,10:38:40,$ 3306.37,100
3451,10:38:40,$ 3306.32,100
3452,10:38:40,$ 3305.43,100
3453,10:38:40,$ 3305.31,100
3454,10:38:40,$ 3305.38,100
3455,10:38:37,$ 3305.735,200
3456,10:38:36,$ 3306.56,200
3457,10:38:33,$ 3305.73,100
3458,10:38:33,$ 3306.02,100
3459,10:38:28,$ 3306.49,100
3460,10:38:27,$ 3306.58,100
3461,10:38:26,$ 3307.475,200
3462,10:38:12,$ 3307.032,330
3464,10:38:10,$ 3307.23,200
3465,10:38:10,$ 3307.00,100
3466,10:38:03,$ 3308.28,100
3467,10:37:55,$ 3307.38,100
3468,10:37:50,$ 3308.00,100
3469,10:37:39,$ 3307.3975,126
3470,10:37:39,$ 3307.945,100
3471,10:37:36,$ 3308.345,200
3472,10:37:23,$ 3308.7702,100
3473,10:37:17,$ 3309.3899,100
3474,10:37:14,$ 3307.20,100
3475,10:37:13,$ 3308.89,150
3476,10:37:12,$ 3308.25,100
3477,10:37:02,$ 3309.00,100
3478,10:37:01,$ 3309.22,100
3479,10:37:01,$ 3309.21,100
3480,10:37:01,$ 3309.21,100
3481,10:36:58,$ 3309.00,135
3482,10:36:56,$ 3309.15,200
3483,10:36:41,$ 3309.89,100
3485,10:36:40,$ 3309.07,100
3486,10:36:40,$ 3308.77,100
3487,10:36:40,$ 3308.77,100
3488,10:36:40,$ 3308.82,100
3489,10:36:24,$ 3309.34,100
3490,10:36:17,$ 3310.00,100
3491,10:36:16,$ 3309.3958,170
3492,10:36:15,$ 3308.78,100
3493,10:36:14,$ 3309.13,100
3494,10:36:13,$ 3308.38,150
3495,10:36:11,$ 3308.77,100
3496,10:36:08,$ 3309.58,100
3497,10:36:00,$ 3308.87,100
3498,10:36:00,$ 3309.05,100
3499,10:35:55,$ 3309.07,100
3500,10:35:33,$ 3310.52,100
3501,10:35:28,$ 3308.645,100
3502,10:35:21,$ 3309.42,100
3503,10:35:20,$ 3309.42,200
3504,10:35:04,$ 3309.327,100
3506,10:35:03,$ 3309.3074,500
3507,10:34:50,$ 3310.47,100
3508,10:34:42,$ 3310.42,100
3509,10:34:42,$ 3310.29,100
3510,10:34:39,$ 3312.00,100
3511,10:34:39,$ 3311.21,100
3512,10:34:39,$ 3311.20,100
3513,10:34:39,$ 3311.21,100
3514,10:34:39,$ 3311.20,100
3515,10:34:39,$ 3311.21,100
3516,10:34:37,$ 3311.53,100
3517,10:34:36,$ 3310.74,264
3518,10:34:36,$ 3310.74,253
3519,10:34:36,$ 3310.74,100
3520,10:34:36,$ 3310.69,100
3521,10:34:36,$ 3310.73,100
3522,10:34:36,$ 3310.63,100
3523,10:34:36,$ 3309.85,100
3524,10:34:36,$ 3309.85,100
3525,10:34:34,$ 3309.86,100
3527,10:34:33,$ 3309.8325,100
3528,10:34:33,$ 3309.85,100
3529,10:34:30,$ 3309.277,100
3530,10:34:06,$ 3309.8708,452
3531,10:34:03,$ 3309.74,100
3532,10:33:55,$ 3309.21,100
3533,10:33:52,$ 3310.21,100
3534,10:33:31,$ 3309.89,100
3535,10:33:30,$ 3309.79,100
3536,10:33:30,$ 3309.4166,302
3537,10:33:30,$ 3309.30,100
3538,10:33:21,$ 3309.15,100
3539,10:33:21,$ 3309.88,100
3540,10:33:20,$ 3309.155,"1,000"
3541,10:33:20,$ 3309.50,100
3542,10:33:20,$ 3309.45,100
3543,10:33:19,$ 3308.9318,"1,000"
3544,10:33:06,$ 3309.51,100
3545,10:32:58,$ 3309.0417,140
3546,10:32:55,$ 3309.51,100
3548,10:32:55,$ 3309.51,100
3549,10:32:54,$ 3309.39,150
3550,10:32:54,$ 3309.03,100
3551,10:32:52,$ 3309.575,130
3552,10:32:51,$ 3310.12,100
3553,10:32:45,$ 3309.625,100
3554,10:32:45,$ 3310.24,100
3555,10:32:44,$ 3309.625,"1,000"
3556,10:32:44,$ 3309.625,200
3557,10:32:43,$ 3308.8784,981
3558,10:32:41,$ 3309.61,100
3559,10:32:41,$ 3309.42,100
3560,10:32:41,$ 3310.00,100
3561,10:32:41,$ 3310.00,100
3562,10:32:38,$ 3310.99,100
3563,10:32:34,$ 3310.64,100
3564,10:32:30,$ 3311.00,250
3565,10:32:30,$ 3311.00,154
3566,10:32:30,$ 3310.73,100
3567,10:32:28,$ 3310.00,100
3569,10:32:27,$ 3310.01,100
3570,10:32:26,$ 3310.74,100
3571,10:32:25,$ 3310.00,100
3572,10:32:25,$ 3309.99,100
3573,10:32:23,$ 3310.61,100
3574,10:32:22,$ 3310.00,100
3575,10:32:22,$ 3309.87,100
3576,10:32:22,$ 3309.79,100
3577,10:32:09,$ 3309.945,153
3578,10:32:07,$ 3310.00,100
3579,10:32:06,$ 3310.125,100
3580,10:32:05,$ 3310.62,100
3581,10:32:04,$ 3309.87,200
3582,10:32:02,$ 3310.74,100
3583,10:32:01,$ 3309.43,100
3584,10:32:01,$ 3309.185,100
3585,10:32:01,$ 3309.185,100
3586,10:32:01,$ 3309.185,100
3587,10:31:59,$ 3309.345,100
3588,10:31:59,$ 3308.99,199
3590,10:31:59,$ 3309.065,200
3591,10:31:56,$ 3309.25,100
3592,10:31:55,$ 3308.625,200
3593,10:31:55,$ 3308.63,100
3594,10:31:53,$ 3307.935,150
3595,10:31:47,$ 3308.00,103
3596,10:31:44,$ 3307.94,100
3597,10:31:41,$ 3309.13,100
3598,10:31:41,$ 3308.305,200
3599,10:31:39,$ 3308.225,100
3600,10:31:37,$ 3308.99,100
3601,10:31:33,$ 3309.255,100
3602,10:31:33,$ 3309.255,100
3603,10:31:28,$ 3309.30,200
3604,10:31:27,$ 3309.85,100
3605,10:31:27,$ 3309.90,100
3606,10:31:27,$ 3309.42,166
3607,10:31:27,$ 3309.90,100
3608,10:31:27,$ 3309.4201,300
3609,10:31:27,$ 3310.63,100
3611,10:31:14,$ 3310.165,100
3612,10:31:13,$ 3310.6496,151
3613,10:31:03,$ 3310.39,100
3614,10:31:02,$ 3309.885,200
3615,10:31:02,$ 3309.835,100
3616,10:31:02,$ 3309.885,200
3617,10:31:01,$ 3310.00,349
3618,10:31:01,$ 3310.00,171
3619,10:31:01,$ 3310.50,200
3620,10:31:01,$ 3310.00,100
3621,10:30:56,$ 3310.06,125
3622,10:30:53,$ 3310.36,100
3623,10:30:52,$ 3310.97,100
3624,10:30:51,$ 3310.00,400
3625,10:30:51,$ 3310.00,100
3626,10:30:51,$ 3310.00,200
3627,10:30:51,$ 3310.00,130
3628,10:30:51,$ 3310.00,219
3629,10:30:51,$ 3309.97,100
3630,10:30:50,$ 3309.545,"1,000"
3632,10:30:50,$ 3309.8558,"1,000"
3633,10:30:50,$ 3309.77,100
3634,10:30:50,$ 3309.82,100
3635,10:30:48,$ 3309.25,100
3636,10:30:47,$ 3308.70,100
3637,10:30:47,$ 3308.75,100
3638,10:30:45,$ 3308.295,"1,000"
3639,10:30:44,$ 3307.9831,114
3640,10:30:44,$ 3307.9831,180
3641,10:30:44,$ 3307.9831,706
3642,10:30:43,$ 3307.925,100
3643,10:30:38,$ 3308.4533,575
3644,10:30:34,$ 3308.74,100
3645,10:30:34,$ 3308.62,200
3646,10:30:34,$ 3308.00,100
3647,10:30:34,$ 3308.735,100
3648,10:30:34,$ 3308.735,100
3649,10:30:34,$ 3308.735,100
3650,10:30:34,$ 3308.665,100
3651,10:30:34,$ 3308.735,100
3653,10:30:34,$ 3308.00,100
3654,10:30:34,$ 3308.735,100
3655,10:30:34,$ 3308.74,100
3656,10:30:32,$ 3308.74,100
3657,10:30:31,$ 3308.87,100
3658,10:30:30,$ 3308.90,200
3659,10:30:30,$ 3308.889,200
3660,10:30:30,$ 3308.6999,100
3661,10:30:30,$ 3308.70,100
3662,10:30:28,$ 3308.35,100
3663,10:30:27,$ 3308.00,118
3664,10:30:27,$ 3308.10,100
3665,10:30:19,$ 3307.35,100
3666,10:30:18,$ 3307.20,200
3667,10:30:16,$ 3307.01,100
3668,10:30:16,$ 3306.83,"1,000"
3669,10:30:14,$ 3307.46,100
3670,10:30:14,$ 3306.83,200
3671,10:30:14,$ 3306.785,100
3672,10:30:14,$ 3307.22,100
3674,11:29:41,$ 3297.805,100
3675,11:29:39,$ 3299.00,150
3676,11:29:25,$ 3298.74,100
3677,11:29:25,$ 3299.74,100
3678,11:29:25,$ 3299.73,400
3679,11:29:23,$ 3298.395,100
3680,11:29:23,$ 3298.395,100
3681,11:29:23,$ 3298.00,100
3682,11:29:23,$ 3297.82,100
3683,11:29:23,$ 3297.80,100
3684,11:29:23,$ 3297.57,100
3685,11:29:13,$ 3297.37,100
3686,11:29:09,$ 3297.2253,153
3687,11:28:36,$ 3297.3299,100
3688,11:28:36,$ 3297.33,100
3689,11:28:22,$ 3296.7478,250
3690,11:28:12,$ 3295.97,100
3691,11:28:12,$ 3296.00,100
3692,11:28:07,$ 3296.35,100
3693,11:28:05,$ 3296.83,100
3695,11:28:00,$ 3296.00,100
3696,11:27:54,$ 3297.1619,100
3697,11:27:29,$ 3297.565,100
3698,11:27:29,$ 3297.48,100
3699,11:27:28,$ 3297.645,100
3700,11:27:28,$ 3297.645,100
3701,11:27:20,$ 3297.12,100
3702,11:27:18,$ 3298.685,100
3703,11:26:59,$ 3299.01,100
3704,11:26:30,$ 3300.19,100
3705,11:26:09,$ 3299.99,100
3706,11:25:51,$ 3298.055,100
3707,11:25:51,$ 3298.055,100
3708,11:25:51,$ 3298.055,100
3709,11:25:51,$ 3298.055,100
3710,11:25:27,$ 3298.78,100
3711,11:25:27,$ 3298.78,100
3712,11:25:24,$ 3298.00,100
3713,11:25:23,$ 3297.995,100
3714,11:25:19,$ 3297.31,100
3716,11:25:03,$ 3297.14,100
3717,11:25:02,$ 3296.07,100
3718,11:25:02,$ 3296.07,100
3719,11:24:40,$ 3297.42,100
3720,11:24:33,$ 3298.13,100
3721,11:24:21,$ 3298.76,100
3722,11:24:21,$ 3298.75,100
3723,11:24:12,$ 3299.26,100
3724,11:24:09,$ 3299.04,100
3725,11:23:44,$ 3300.00,100
3726,11:23:18,$ 3296.88,100
3727,11:23:13,$ 3296.5575,100
3728,11:23:11,$ 3297.09,100
3729,11:23:02,$ 3296.75,100
3730,11:23:00,$ 3296.49,100
3731,11:22:58,$ 3297.37,100
3732,11:22:50,$ 3296.80,100
3733,11:22:47,$ 3296.0903,100
3734,11:22:17,$ 3298.04,100
3735,11:22:02,$ 3297.03,100
3737,11:21:56,$ 3296.44,100
3738,11:21:53,$ 3297.05,100
3739,11:21:53,$ 3297.05,100
3740,11:21:52,$ 3297.005,100
3741,11:21:47,$ 3296.59,100
3742,11:21:42,$ 3297.16,106
3743,11:21:41,$ 3297.6301,100
3744,11:21:34,$ 3298.11,100
3745,11:21:23,$ 3298.11,100
3746,11:21:23,$ 3298.085,100
3747,11:21:10,$ 3297.805,100
3748,11:21:05,$ 3297.77,100
3749,11:21:03,$ 3297.71,100
3750,11:20:59,$ 3297.99,100
3751,11:20:58,$ 3297.97,175
3752,11:20:58,$ 3297.98,100
3753,11:20:58,$ 3297.97,100
3754,11:20:53,$ 3298.44,100
3755,11:20:51,$ 3298.41,193
3756,11:20:43,$ 3298.895,100
3758,11:20:43,$ 3298.895,100
3759,11:20:36,$ 3299.63,100
3760,11:20:33,$ 3299.25,100
3761,11:20:33,$ 3299.19,100
3762,11:20:33,$ 3299.11,100
3763,11:20:33,$ 3299.09,100
3764,11:20:22,$ 3299.97,100
3765,11:20:22,$ 3299.97,100
3766,11:20:12,$ 3299.44,100
3767,11:19:54,$ 3297.81,100
3768,11:19:47,$ 3297.82,"1,008"
3769,11:19:35,$ 3298.42,100
3770,11:19:25,$ 3299.6325,100
3771,11:19:25,$ 3300.00,100
3772,11:18:56,$ 3299.23,100
3773,11:18:56,$ 3299.19,100
3774,11:18:36,$ 3299.01,100
3775,11:18:35,$ 3299.08,100
3776,11:18:35,$ 3299.05,100
3777,11:18:33,$ 3299.48,100
3779,11:18:24,$ 3299.345,100
3780,11:18:00,$ 3299.83,100
3781,11:17:59,$ 3299.70,100
3782,11:17:44,$ 3298.925,100
3783,11:17:42,$ 3299.57,100
3784,11:17:39,$ 3300.4786,173
3785,11:17:37,$ 3298.69,100
3786,11:17:36,$ 3298.69,100
3787,11:17:25,$ 3299.0901,272
3788,11:17:09,$ 3300.3018,100
3789,11:17:07,$ 3299.67,100
3790,11:17:07,$ 3299.67,100
3791,11:17:07,$ 3299.67,100
3792,11:17:07,$ 3299.70,100
3793,11:17:07,$ 3299.67,100
3794,11:16:46,$ 3299.96,100
3795,11:16:46,$ 3299.96,100
3796,11:16:46,$ 3299.96,100
3797,11:16:42,$ 3300.56,100
3798,11:16:31,$ 3299.82,100
3800,11:16:22,$ 3299.92,100
3801,11:16:13,$ 3300.35,100
3802,11:16:13,$ 3300.34,100
3803,11:15:55,$ 3300.385,100
3804,11:15:55,$ 3300.36,100
3805,11:15:25,$ 3300.28,100
3806,11:15:22,$ 3299.83,200
3807,11:15:11,$ 3300.3527,203
3808,11:15:06,$ 3299.80,100
3809,11:15:01,$ 3299.73,100
3810,11:14:14,$ 3298.93,100
3811,11:14:03,$ 3299.095,100
3812,11:14:02,$ 3300.00,100
3813,11:14:00,$ 3299.30,100
3814,11:14:00,$ 3299.105,100
3815,11:13:51,$ 3298.93,100
3816,11:13:49,$ 3298.93,100
3817,11:13:47,$ 3299.28,100
3818,11:13:41,$ 3298.93,100
3819,11:13:41,$ 3299.035,100
3821,11:13:41,$ 3299.04,100
3822,11:13:41,$ 3300.02,200
3823,11:13:28,$ 3300.86,100
3824,11:13:13,$ 3300.4525,100
3825,11:13:04,$ 3300.86,100
3826,11:13:04,$ 3300.445,100
3827,11:13:04,$ 3300.88,100
3828,11:12:53,$ 3300.83,100
3829,11:12:53,$ 3300.825,200
3830,11:12:53,$ 3300.95,100
3831,11:12:53,$ 3300.79,100
3832,11:12:53,$ 3300.79,769
3833,11:12:30,$ 3300.42,109
3834,11:12:22,$ 3300.42,100
3835,11:12:10,$ 3301.45,100
3836,11:12:05,$ 3300.67,100
3837,11:11:51,$ 3300.585,102
3838,11:11:51,$ 3300.585,100
3839,11:11:50,$ 3300.585,200
3840,11:11:40,$ 3301.18,100
3842,11:11:22,$ 3302.49,100
3843,11:11:22,$ 3302.47,100
3844,11:11:16,$ 3302.56,100
3845,11:10:33,$ 3303.01,100
3846,11:10:33,$ 3303.00,164
3847,11:10:32,$ 3303.02,100
3848,11:09:55,$ 3303.19,100
3849,11:09:23,$ 3302.60,100
3850,11:09:18,$ 3303.50,100
3851,11:09:04,$ 3302.10,100
3852,11:09:04,$ 3302.11,100
3853,11:08:54,$ 3303.41,110
3854,11:08:33,$ 3303.44,100
3855,11:08:27,$ 3302.46,114
3856,11:08:23,$ 3302.50,115
3857,11:08:10,$ 3303.75,100
3858,11:08:10,$ 3303.90,100
3859,11:08:02,$ 3304.02,100
3860,11:07:39,$ 3305.00,158
3861,11:07:39,$ 3305.00,130
3863,11:07:39,$ 3304.61,100
3864,11:07:36,$ 3303.90,100
3865,11:07:06,$ 3301.90,100
3866,11:06:59,$ 3302.1975,100
