,NLS Time (ET),NLS Price,NLS Share Volume
1,09:59:58,$ 3505.93,100
2,09:59:58,$ 3506.43,100
3,09:59:58,$ 3506.35,100
4,09:59:58,$ 3506.43,100
5,09:59:58,$ 3506.43,100
6,09:59:55,$ 3505.98,100
7,09:59:39,$ 3504.65,150
8,09:59:29,$ 3504.64,100
9,09:59:28,$ 3505.00,100
10,09:59:27,$ 3505.00,200
11,09:59:27,$ 3505.00,100
12,09:59:26,$ 3505.00,106
13,09:59:22,$ 3504.60,100
14,09:59:22,$ 3504.60,100
15,09:59:22,$ 3504.60,100
16,09:59:22,$ 3504.80,100
17,09:59:22,$ 3504.66,100
18,09:59:22,$ 3504.60,100
19,09:59:20,$ 3507.4399,500
20,09:59:19,$ 3505.05,100
22,09:59:19,$ 3505.00,100
23,09:59:17,$ 3504.01,100
24,09:59:14,$ 3504.15,100
25,09:59:09,$ 3503.27,100
26,09:59:06,$ 3503.49,100
27,09:59:05,$ 3503.63,100
28,09:59:05,$ 3503.63,100
29,09:59:02,$ 3503.99,100
30,09:58:54,$ 3503.6867,100
31,09:58:51,$ 3503.78,100
32,09:58:51,$ 3503.9187,100
33,09:58:41,$ 3503.05,100
34,09:58:34,$ 3504.52,100
35,09:58:34,$ 3504.36,100
36,09:58:34,$ 3504.23,100
37,09:58:28,$ 3503.6192,100
38,09:58:28,$ 3504.35,100
39,09:58:26,$ 3504.038,100
40,09:58:20,$ 3504.20,100
41,09:58:20,$ 3504.26,100
43,09:58:20,$ 3504.26,100
44,09:58:19,$ 3503.71,100
45,09:58:18,$ 3503.71,100
46,09:58:18,$ 3503.347,100
47,09:58:18,$ 3504.25,100
48,09:58:18,$ 3503.38,100
49,09:58:18,$ 3503.5082,184
50,09:58:18,$ 3504.38,100
51,09:58:17,$ 3503.71,100
52,09:58:17,$ 3503.835,100
53,09:58:17,$ 3504.00,100
54,09:58:11,$ 3503.42,100
55,09:57:58,$ 3503.145,100
56,09:57:58,$ 3503.30,100
57,09:57:58,$ 3502.995,100
58,09:57:57,$ 3503.51,100
59,09:57:57,$ 3503.44,100
60,09:57:56,$ 3502.72,214
61,09:57:54,$ 3502.59,125
62,09:57:51,$ 3502.40,125
64,09:57:51,$ 3502.62,148
65,09:57:51,$ 3501.84,400
66,09:57:50,$ 3501.26,100
67,09:57:50,$ 3501.8581,692
68,09:57:50,$ 3501.81,100
69,09:57:47,$ 3501.98,100
70,09:57:46,$ 3501.6053,200
71,09:57:41,$ 3501.125,100
72,09:57:41,$ 3501.105,100
73,09:57:32,$ 3500.59,100
74,09:57:32,$ 3500.65,100
75,09:57:31,$ 3500.68,222
76,09:57:28,$ 3501.13,100
77,09:57:27,$ 3500.99,137
78,09:57:26,$ 3500.68,100
79,09:57:26,$ 3500.68,109
80,09:57:24,$ 3500.675,100
81,09:57:22,$ 3500.6155,100
82,09:57:22,$ 3500.065,100
83,09:57:21,$ 3500.68,109
85,09:57:51,$ 3502.62,148
86,09:57:51,$ 3501.84,400
87,09:57:50,$ 3501.26,100
88,09:57:50,$ 3501.8581,692
89,09:57:50,$ 3501.81,100
90,09:57:47,$ 3501.98,100
91,09:57:46,$ 3501.6053,200
92,09:57:41,$ 3501.125,100
93,09:57:41,$ 3501.105,100
94,09:57:32,$ 3500.59,100
95,09:57:32,$ 3500.65,100
96,09:57:31,$ 3500.68,222
97,09:57:28,$ 3501.13,100
98,09:57:27,$ 3500.99,137
99,09:57:26,$ 3500.68,100
100,09:57:26,$ 3500.68,109
101,09:57:24,$ 3500.675,100
102,09:57:22,$ 3500.6155,100
103,09:57:22,$ 3500.065,100
104,09:57:21,$ 3500.68,109
106,09:56:46,$ 3502.31,100
107,09:56:46,$ 3502.30,100
108,09:56:46,$ 3502.33,154
109,09:56:43,$ 3501.62,100
110,09:56:40,$ 3502.28,100
111,09:56:40,$ 3501.52,180
112,09:56:30,$ 3501.84,"1,000"
113,09:56:28,$ 3502.47,100
114,09:56:28,$ 3501.85,100
115,09:56:24,$ 3502.445,100
116,09:56:24,$ 3502.445,100
117,09:56:23,$ 3503.08,100
118,09:56:23,$ 3503.16,200
119,09:56:23,$ 3502.84,100
120,09:56:23,$ 3502.325,100
121,09:56:14,$ 3502.785,135
122,09:56:13,$ 3502.65,100
123,09:56:10,$ 3501.6859,153
124,09:56:09,$ 3501.3101,150
125,09:55:59,$ 3502.0001,208
127,09:55:53,$ 3502.14,190
128,09:55:53,$ 3502.80,100
129,09:55:51,$ 3502.80,100
130,09:55:51,$ 3502.77,100
131,09:55:51,$ 3502.745,100
132,09:55:51,$ 3501.99,100
133,09:55:51,$ 3501.91,100
134,09:55:51,$ 3501.445,157
135,09:55:50,$ 3501.40,100
136,09:55:50,$ 3501.40,100
137,09:55:49,$ 3500.02,100
138,09:55:49,$ 3501.07,200
139,09:55:49,$ 3501.05,100
140,09:55:49,$ 3501.06,100
141,09:55:49,$ 3500.30,100
142,09:55:49,$ 3500.63,100
143,09:55:49,$ 3500.55,100
144,09:55:42,$ 3502.485,100
145,09:55:41,$ 3501.58,100
146,09:55:34,$ 3501.45,200
148,09:55:30,$ 3501.76,100
149,09:55:28,$ 3502.14,129
150,09:55:28,$ 3502.14,281
151,09:55:28,$ 3502.14,100
152,09:55:28,$ 3502.13,100
153,09:55:28,$ 3502.14,273
154,09:55:27,$ 3501.68,100
155,09:55:27,$ 3501.68,100
156,09:55:24,$ 3502.00,150
157,09:55:19,$ 3503.125,500
158,09:55:19,$ 3503.85,200
159,09:55:18,$ 3503.13,200
160,09:55:17,$ 3503.37,100
161,09:55:17,$ 3503.38,200
162,09:55:15,$ 3504.1546,100
163,09:55:11,$ 3503.84,100
164,09:55:11,$ 3504.3116,500
165,09:55:05,$ 3505.92,100
166,09:55:05,$ 3505.92,100
167,09:55:05,$ 3505.99,100
169,09:55:05,$ 3505.98,100
170,09:55:05,$ 3506.675,100
171,09:55:05,$ 3506.675,100
172,09:54:48,$ 3506.765,100
173,09:54:48,$ 3506.66,100
174,09:54:48,$ 3506.358,100
175,09:54:46,$ 3506.035,100
176,09:54:46,$ 3506.035,100
177,09:54:46,$ 3505.33,100
178,09:54:46,$ 3505.83,200
179,09:54:43,$ 3505.83,250
180,09:54:42,$ 3505.3801,100
181,09:54:36,$ 3506.2939,100
182,09:54:33,$ 3506.20,100
183,09:54:31,$ 3506.38,100
184,09:54:31,$ 3506.40,200
185,09:54:21,$ 3507.73,100
186,09:54:11,$ 3506.69,100
187,09:54:11,$ 3507.1699,150
188,09:54:04,$ 3507.57,100
190,09:54:03,$ 3507.13,100
191,09:54:02,$ 3507.175,100
192,09:54:02,$ 3507.175,100
193,09:54:02,$ 3506.57,100
194,09:54:02,$ 3506.634,100
195,09:53:57,$ 3506.77,100
196,09:53:56,$ 3507.25,100
197,09:53:51,$ 3508.63,100
198,09:53:46,$ 3509.50,100
199,09:53:46,$ 3509.50,100
200,09:53:25,$ 3509.9899,100
201,09:53:23,$ 3509.98,100
202,09:53:23,$ 3509.99,190
203,09:53:23,$ 3509.7794,200
204,09:53:16,$ 3508.59,100
205,09:53:09,$ 3509.24,100
206,09:53:09,$ 3507.7273,121
207,09:53:03,$ 3508.48,150
208,09:53:02,$ 3509.25,100
209,09:53:02,$ 3509.00,100
211,09:52:56,$ 3507.82,200
212,09:52:55,$ 3508.01,100
213,09:52:46,$ 3507.51,100
214,09:52:45,$ 3507.50,100
215,09:52:45,$ 3507.56,100
216,09:52:39,$ 3507.82,100
217,09:52:33,$ 3507.81,100
218,09:52:26,$ 3508.00,618
219,09:52:23,$ 3506.61,100
220,09:52:19,$ 3506.68,200
221,09:52:19,$ 3506.2173,100
222,09:52:16,$ 3506.635,100
223,09:52:12,$ 3506.87,100
224,09:52:10,$ 3506.67,100
225,09:52:10,$ 3506.6801,100
226,09:52:07,$ 3506.8478,225
227,09:52:07,$ 3506.75,100
228,09:52:07,$ 3507.025,100
229,09:52:07,$ 3507.38,100
230,09:51:51,$ 3508.00,350
232,09:51:40,$ 3508.3534,100
233,09:51:37,$ 3507.85,100
234,09:51:26,$ 3508.09,100
235,09:51:16,$ 3509.00,100
236,09:51:03,$ 3508.2071,100
237,09:50:54,$ 3507.0163,100
238,09:50:53,$ 3507.40,100
239,09:50:47,$ 3508.63,100
240,09:50:46,$ 3507.91,100
241,09:50:40,$ 3507.87,100
242,09:50:39,$ 3507.08,250
243,09:50:38,$ 3507.14,100
244,09:50:38,$ 3507.22,100
245,09:50:36,$ 3506.605,100
246,09:50:35,$ 3507.21,100
247,09:50:34,$ 3507.00,100
248,09:50:15,$ 3506.42,100
249,09:50:11,$ 3506.50,100
250,09:50:11,$ 3506.50,100
251,09:50:07,$ 3507.4087,180
253,09:50:01,$ 3510.155,100
254,09:50:00,$ 3510.00,100
255,09:50:00,$ 3509.4661,100
256,09:49:44,$ 3506.5001,111
257,09:49:44,$ 3508.2302,378
258,09:49:32,$ 3507.805,250
259,09:49:28,$ 3508.24,100
260,09:49:09,$ 3507.40,100
261,09:49:08,$ 3507.8062,100
262,09:49:05,$ 3508.77,100
263,09:49:01,$ 3508.835,100
264,09:48:57,$ 3509.325,100
265,09:48:53,$ 3508.87,100
266,09:48:52,$ 3508.49,100
267,09:48:47,$ 3508.51,100
268,09:48:40,$ 3508.525,100
269,09:48:37,$ 3509.4699,500
270,09:48:36,$ 3507.4801,100
271,09:48:36,$ 3507.05,100
272,09:48:31,$ 3507.2999,250
274,09:48:29,$ 3506.38,100
275,09:48:29,$ 3506.37,100
276,09:48:25,$ 3506.82,100
277,09:48:09,$ 3507.60,100
278,09:48:00,$ 3507.30,300
279,09:47:52,$ 3505.145,300
280,09:47:50,$ 3505.00,938
281,09:47:50,$ 3506.05,100
282,09:47:50,$ 3506.00,100
283,09:47:50,$ 3505.41,100
284,09:47:50,$ 3506.06,400
285,09:47:49,$ 3506.75,100
286,09:47:49,$ 3506.74,100
287,09:47:49,$ 3506.75,100
288,09:47:49,$ 3506.74,100
289,09:47:49,$ 3506.74,100
290,09:47:37,$ 3507.5141,100
291,09:47:36,$ 3507.67,100
292,09:47:31,$ 3506.97,100
293,09:47:31,$ 3506.50,100
295,09:47:31,$ 3506.50,100
296,09:47:31,$ 3506.80,200
297,09:47:26,$ 3508.01,100
298,09:47:24,$ 3507.63,197
299,09:47:24,$ 3509.00,142
300,09:47:24,$ 3507.0103,250
301,09:47:24,$ 3509.00,100
302,09:47:22,$ 3508.13,100
303,09:47:22,$ 3508.14,100
304,09:47:18,$ 3507.36,100
305,09:47:18,$ 3507.40,100
306,09:47:18,$ 3507.30,142
307,09:47:18,$ 3507.41,100
308,09:47:18,$ 3507.60,100
309,09:47:17,$ 3508.2338,200
310,09:47:14,$ 3507.69,100
311,09:47:14,$ 3507.69,100
312,09:47:14,$ 3507.70,100
313,09:47:04,$ 3508.9101,200
314,09:47:01,$ 3509.94,100
316,09:47:01,$ 3509.57,100
317,09:46:58,$ 3507.74,100
318,09:46:58,$ 3507.70,100
319,09:46:56,$ 3507.74,211
320,09:46:56,$ 3507.64,100
321,09:46:56,$ 3508.10,100
322,09:46:56,$ 3507.87,100
323,09:46:56,$ 3507.82,100
324,09:46:56,$ 3507.78,100
325,09:46:56,$ 3509.71,100
326,09:46:56,$ 3509.01,100
327,09:46:56,$ 3509.43,100
328,09:46:56,$ 3509.71,100
329,09:46:56,$ 3508.99,100
330,09:46:56,$ 3509.00,100
331,09:46:56,$ 3508.93,100
332,09:46:56,$ 3508.88,100
333,09:46:56,$ 3508.78,100
334,09:46:50,$ 3508.5729,142
335,09:46:47,$ 3509.64,100
337,09:46:47,$ 3509.64,100
338,09:46:47,$ 3508.91,100
339,09:46:42,$ 3510.30,100
340,09:46:41,$ 3511.13,100
341,09:46:41,$ 3511.07,100
342,09:46:41,$ 3511.06,100
343,09:46:39,$ 3511.75,100
344,09:46:38,$ 3511.03,192
345,09:46:37,$ 3510.645,500
346,09:46:35,$ 3511.00,200
347,09:46:33,$ 3510.9999,100
348,09:46:33,$ 3511.00,100
349,09:46:33,$ 3510.9996,100
350,09:46:32,$ 3510.91,100
351,09:46:31,$ 3509.93,100
352,09:46:28,$ 3509.564,250
353,09:46:22,$ 3509.59,343
354,09:46:22,$ 3509.59,100
355,09:46:22,$ 3509.59,357
356,09:46:22,$ 3509.30,100
358,09:46:20,$ 3509.9799,300
359,09:46:19,$ 3509.23,100
360,09:46:19,$ 3509.2811,500
361,09:46:19,$ 3508.91,100
362,09:46:19,$ 3509.06,100
363,09:46:19,$ 3508.91,100
364,09:46:17,$ 3509.4375,"1,000"
365,09:46:17,$ 3510.73,100
366,09:46:17,$ 3509.97,100
367,09:46:17,$ 3510.50,104
368,09:46:17,$ 3510.00,100
369,09:46:17,$ 3510.00,131
370,09:46:17,$ 3510.00,100
371,09:46:17,$ 3510.00,100
372,09:46:17,$ 3510.00,100
373,09:46:17,$ 3510.22,100
374,09:46:16,$ 3508.97,100
375,09:46:16,$ 3509.09,100
376,09:46:16,$ 3509.74,100
377,09:46:16,$ 3509.8299,200
379,09:46:16,$ 3509.8299,100
380,09:46:16,$ 3509.812,100
381,09:46:13,$ 3508.0473,200
382,09:46:11,$ 3509.38,100
383,09:46:11,$ 3509.56,100
384,09:46:11,$ 3509.33,100
385,09:46:11,$ 3508.44,100
386,09:46:10,$ 3509.325,100
387,09:46:09,$ 3508.595,100
388,09:46:09,$ 3508.465,100
389,09:46:09,$ 3508.27,100
390,09:46:08,$ 3508.08,100
391,09:46:08,$ 3508.08,100
392,09:46:08,$ 3509.00,100
393,09:46:08,$ 3508.03,100
394,09:46:08,$ 3508.046,100
395,09:46:07,$ 3507.39,100
396,09:46:07,$ 3507.39,100
397,09:46:07,$ 3507.993,148
398,09:46:07,$ 3507.90,117
400,09:46:07,$ 3507.90,363
401,09:46:06,$ 3507.90,100
402,09:46:06,$ 3507.655,100
403,09:46:06,$ 3507.655,100
404,09:46:06,$ 3507.90,100
405,09:46:06,$ 3507.89,100
406,09:46:06,$ 3507.90,293
407,09:46:00,$ 3505.395,100
408,09:46:00,$ 3505.2802,100
409,09:45:58,$ 3505.17,100
410,09:45:58,$ 3505.235,200
411,09:45:55,$ 3504.8603,100
412,09:45:55,$ 3504.48,100
413,09:45:52,$ 3505.35,100
414,09:45:47,$ 3505.42,100
415,09:45:46,$ 3505.93,100
416,09:45:42,$ 3506.165,100
417,09:45:41,$ 3506.18,100
418,09:45:30,$ 3506.50,200
419,09:45:28,$ 3506.195,100
421,09:45:27,$ 3505.89,100
422,09:45:27,$ 3505.88,100
423,09:45:22,$ 3506.9499,120
424,09:45:20,$ 3506.74,100
425,09:45:18,$ 3507.01,100
426,09:45:15,$ 3505.6401,200
427,09:45:15,$ 3506.36,100
428,09:45:15,$ 3506.28,100
429,09:45:14,$ 3506.36,100
430,09:45:13,$ 3506.36,100
431,09:45:13,$ 3506.38,100
432,09:45:13,$ 3506.36,100
433,09:45:13,$ 3505.62,500
434,09:45:12,$ 3506.28,100
435,09:45:12,$ 3506.32,100
436,09:45:12,$ 3506.26,100
437,09:45:12,$ 3505.85,100
438,09:45:12,$ 3505.83,100
439,09:45:12,$ 3506.33,100
440,09:45:11,$ 3506.21,100
442,09:45:06,$ 3506.2392,100
443,09:45:06,$ 3505.645,100
444,09:45:05,$ 3506.11,100
445,09:45:05,$ 3506.10,100
446,09:45:04,$ 3506.375,100
447,09:45:04,$ 3506.41,100
448,09:45:04,$ 3506.55,500
449,09:45:03,$ 3507.86,100
450,09:45:01,$ 3507.90,400
451,09:45:01,$ 3507.78,100
452,09:45:01,$ 3507.00,250
453,09:44:55,$ 3505.61,100
454,09:44:41,$ 3507.145,100
455,09:44:41,$ 3506.74,100
456,09:44:41,$ 3506.73,100
457,09:44:41,$ 3506.94,100
458,09:44:41,$ 3506.73,100
459,09:44:41,$ 3506.30,100
460,09:44:39,$ 3506.14,100
461,09:44:39,$ 3506.13,100
463,09:44:38,$ 3506.6348,500
464,09:44:37,$ 3506.42,100
465,09:44:35,$ 3506.26,100
466,09:44:35,$ 3506.19,100
467,09:44:32,$ 3507.05,100
468,09:44:29,$ 3507.4899,100
469,09:44:24,$ 3507.39,100
470,09:44:24,$ 3507.03,100
471,09:44:24,$ 3506.99,100
472,09:44:24,$ 3506.85,100
473,09:44:24,$ 3506.80,100
474,09:44:24,$ 3506.80,130
475,09:44:23,$ 3506.6899,196
476,09:44:23,$ 3506.689,100
477,09:44:21,$ 3505.97,109
478,09:44:15,$ 3506.75,100
479,09:44:13,$ 3505.817,500
480,09:44:12,$ 3506.35,100
481,09:44:06,$ 3506.3505,100
482,09:44:06,$ 3506.075,100
484,09:44:05,$ 3506.33,100
485,09:44:03,$ 3505.89,100
486,09:44:02,$ 3506.035,100
487,09:44:01,$ 3506.43,100
488,09:43:58,$ 3506.41,100
489,09:43:54,$ 3507.005,100
490,09:43:52,$ 3507.00,249
491,09:43:51,$ 3507.25,353
492,09:43:51,$ 3507.25,100
493,09:43:51,$ 3505.9901,250
494,09:43:50,$ 3506.86,100
495,09:43:49,$ 3507.25,100
496,09:43:48,$ 3505.98,100
497,09:43:46,$ 3505.98,100
498,09:43:35,$ 3507.16,100
499,09:43:33,$ 3506.50,300
500,09:43:32,$ 3507.70,100
501,09:43:32,$ 3506.895,296
502,09:43:31,$ 3507.00,100
503,09:43:31,$ 3507.00,200
505,09:43:31,$ 3507.00,300
506,09:43:31,$ 3507.00,230
507,09:43:31,$ 3507.00,100
508,09:43:31,$ 3507.00,434
509,09:43:31,$ 3506.50,200
510,09:43:31,$ 3506.50,300
511,09:43:30,$ 3505.9675,100
512,09:43:26,$ 3506.00,100
513,09:43:26,$ 3506.00,500
514,09:43:26,$ 3506.00,100
515,09:43:26,$ 3506.00,100
516,09:43:26,$ 3506.00,124
517,09:43:26,$ 3506.00,100
518,09:43:26,$ 3506.00,100
519,09:43:26,$ 3506.00,100
520,09:43:26,$ 3506.00,100
521,09:43:25,$ 3505.04,100
522,09:43:25,$ 3505.05,120
523,09:43:25,$ 3502.7601,200
524,09:43:23,$ 3504.94,100
526,09:43:20,$ 3503.8393,100
527,09:43:12,$ 3504.76,100
528,09:43:11,$ 3504.20,100
529,09:43:11,$ 3504.01,109
530,09:43:11,$ 3504.01,200
531,09:43:11,$ 3504.01,109
532,09:43:09,$ 3505.48,100
533,09:43:08,$ 3505.00,100
534,09:43:07,$ 3504.51,100
535,09:43:07,$ 3504.64,100
536,09:43:01,$ 3502.70,100
537,09:42:48,$ 3501.55,100
538,09:42:39,$ 3501.3499,100
539,09:42:36,$ 3500.46,300
540,09:42:29,$ 3500.08,100
541,09:42:29,$ 3500.13,100
542,09:42:29,$ 3500.10,100
543,09:42:29,$ 3500.26,100
544,09:42:29,$ 3500.40,100
545,09:42:20,$ 3500.905,100
547,09:42:18,$ 3502.245,100
548,09:42:11,$ 3501.74,100
549,09:42:10,$ 3502.57,100
550,09:42:08,$ 3502.206,100
551,09:42:08,$ 3502.14,100
552,09:42:05,$ 3501.986,100
553,09:42:05,$ 3501.81,100
554,09:42:05,$ 3501.79,100
555,09:42:04,$ 3502.00,100
556,09:42:04,$ 3501.50,471
557,09:42:03,$ 3501.50,100
558,09:42:03,$ 3501.00,100
559,09:42:03,$ 3501.00,100
560,09:42:03,$ 3500.96,100
561,09:42:03,$ 3501.00,216
562,09:42:03,$ 3500.80,100
563,09:42:03,$ 3500.3247,300
564,09:41:46,$ 3500.11,100
565,09:41:43,$ 3499.84,400
566,09:41:38,$ 3499.98,100
568,09:41:27,$ 3499.88,100
569,09:41:25,$ 3499.032,100
570,09:41:25,$ 3499.00,100
571,09:41:25,$ 3499.17,100
572,09:41:24,$ 3499.349,100
573,09:41:24,$ 3499.35,100
574,09:41:24,$ 3499.10,100
575,09:41:23,$ 3498.595,200
576,09:41:18,$ 3498.88,100
577,09:41:17,$ 3498.40,100
578,09:41:14,$ 3498.245,200
579,09:41:12,$ 3498.2941,"1,000"
580,09:40:52,$ 3497.00,100
581,09:40:52,$ 3496.50,100
582,09:40:49,$ 3497.00,"1,000"
583,09:40:37,$ 3495.235,200
584,09:40:36,$ 3494.545,100
585,09:40:35,$ 3494.90,100
586,09:40:33,$ 3494.92,100
587,09:40:33,$ 3494.97,100
589,09:40:33,$ 3494.97,100
590,09:40:33,$ 3495.03,100
591,09:40:33,$ 3494.97,100
592,09:40:27,$ 3495.7082,200
593,09:40:16,$ 3496.36,100
594,09:40:10,$ 3496.30,100
595,09:40:10,$ 3496.26,100
596,09:40:03,$ 3497.45,100
597,09:40:01,$ 3496.95,100
598,09:40:01,$ 3497.22,100
599,09:39:59,$ 3496.595,100
600,09:39:59,$ 3496.47,100
601,09:39:59,$ 3496.58,100
602,09:39:58,$ 3496.08,100
603,09:39:58,$ 3495.99,100
604,09:39:56,$ 3496.38,100
605,09:39:50,$ 3495.065,100
606,09:39:50,$ 3494.20,100
607,09:39:45,$ 3496.80,300
608,09:39:45,$ 3496.47,100
610,09:39:45,$ 3496.4696,100
611,09:39:45,$ 3496.24,100
612,09:39:45,$ 3496.14,100
613,09:39:45,$ 3495.99,100
614,09:39:45,$ 3494.9999,100
615,09:39:45,$ 3494.9999,100
616,09:39:45,$ 3494.9999,169
617,09:39:45,$ 3494.9999,100
618,09:39:37,$ 3494.1771,250
619,09:39:33,$ 3493.0808,100
620,09:39:23,$ 3492.40,250
621,09:39:22,$ 3493.0299,150
622,09:39:19,$ 3493.24,100
623,09:39:16,$ 3493.78,"2,000"
624,09:39:15,$ 3494.726,"1,105"
625,09:39:15,$ 3493.206,200
626,09:39:15,$ 3493.15,100
627,09:39:15,$ 3493.16,100
628,09:39:15,$ 3492.74,100
629,09:39:15,$ 3492.75,100
631,09:39:10,$ 3490.8075,250
632,09:39:03,$ 3490.4919,250
633,09:38:58,$ 3491.23,100
634,09:38:57,$ 3490.35,100
635,09:38:57,$ 3490.00,100
636,09:38:57,$ 3490.00,100
637,09:38:57,$ 3490.00,300
638,09:38:57,$ 3490.16,100
639,09:38:57,$ 3491.01,100
640,09:38:57,$ 3491.00,100
641,09:38:57,$ 3491.00,100
642,09:38:52,$ 3491.7501,200
643,09:38:50,$ 3492.76,100
644,09:38:47,$ 3494.79,100
645,09:38:46,$ 3494.78,100
646,09:38:46,$ 3494.78,100
647,09:38:41,$ 3494.13,100
648,09:38:38,$ 3493.34,100
649,09:38:38,$ 3493.96,100
650,09:38:38,$ 3494.53,100
652,09:38:24,$ 3495.705,253
653,09:38:23,$ 3495.713,500
654,09:38:23,$ 3495.851,100
655,09:38:15,$ 3494.9824,250
656,09:38:13,$ 3494.02,100
657,09:38:13,$ 3493.965,100
658,09:38:12,$ 3494.49,100
659,09:38:10,$ 3494.97,100
660,09:38:09,$ 3495.49,100
661,09:38:09,$ 3495.45,100
662,09:38:03,$ 3494.245,100
663,09:38:02,$ 3494.30,224
664,09:38:00,$ 3493.9849,250
665,09:37:58,$ 3493.9859,100
666,09:37:58,$ 3493.89,100
667,09:37:58,$ 3493.87,100
668,09:37:58,$ 3493.295,100
669,09:37:58,$ 3493.295,100
670,09:37:57,$ 3493.47,100
671,09:37:56,$ 3493.285,100
673,09:37:54,$ 3494.01,100
674,09:37:53,$ 3493.785,100
675,09:37:52,$ 3493.752,500
676,09:37:52,$ 3494.045,100
677,09:37:48,$ 3495.0855,100
678,09:37:44,$ 3495.8583,250
679,09:37:42,$ 3495.58,100
680,09:37:41,$ 3495.915,100
681,09:37:35,$ 3493.42,100
682,09:37:34,$ 3494.02,100
683,09:37:31,$ 3493.658,250
684,09:37:26,$ 3493.18,338
685,09:37:25,$ 3492.97,100
686,09:37:24,$ 3493.951,115
687,09:37:24,$ 3493.951,818
688,09:37:20,$ 3494.98,100
689,09:37:20,$ 3494.99,100
690,09:37:19,$ 3492.39,100
691,09:37:17,$ 3491.715,500
692,09:37:15,$ 3491.375,100
694,09:37:14,$ 3490.61,100
695,09:37:14,$ 3490.61,100
696,09:37:14,$ 3490.754,200
697,09:37:14,$ 3490.61,100
698,09:37:14,$ 3490.61,100
699,09:37:14,$ 3490.61,100
700,09:37:14,$ 3490.61,100
701,09:37:13,$ 3491.12,100
702,09:37:12,$ 3491.5299,100
703,09:37:11,$ 3491.38,100
704,09:37:10,$ 3490.96,100
705,09:37:09,$ 3490.0101,100
706,09:37:08,$ 3491.22,100
707,09:37:07,$ 3489.63,100
708,09:37:05,$ 3490.58,100
709,09:37:03,$ 3490.62,100
710,09:36:59,$ 3490.00,100
711,09:36:59,$ 3490.35,100
712,09:36:59,$ 3490.58,144
713,09:36:58,$ 3491.965,100
715,09:36:58,$ 3491.95,100
716,09:36:55,$ 3493.29,200
717,09:36:55,$ 3493.4612,200
718,09:36:54,$ 3494.01,200
719,09:36:52,$ 3493.46,100
720,09:36:52,$ 3492.73,100
721,09:36:49,$ 3495.02,100
722,09:36:49,$ 3495.00,100
723,09:36:49,$ 3495.00,100
724,09:36:49,$ 3495.00,100
725,09:36:49,$ 3495.13,100
726,09:36:49,$ 3496.00,200
727,09:36:48,$ 3496.18,100
728,09:36:48,$ 3495.44,100
729,09:36:48,$ 3496.17,100
730,09:36:48,$ 3496.16,100
731,09:36:46,$ 3496.0201,200
732,09:36:44,$ 3496.60,100
733,09:36:37,$ 3497.83,100
734,09:36:37,$ 3498.00,100
736,09:36:36,$ 3498.60,100
737,09:36:32,$ 3499.18,100
738,09:36:29,$ 3499.48,100
739,09:36:18,$ 3498.9612,100
740,09:36:18,$ 3498.565,100
741,09:36:16,$ 3497.30,100
742,09:36:16,$ 3498.14,100
743,09:36:16,$ 3498.12,100
744,09:36:16,$ 3498.81,100
745,09:36:16,$ 3498.79,100
746,09:36:15,$ 3499.82,100
747,09:36:14,$ 3499.87,100
748,09:36:11,$ 3500.92,100
749,09:36:10,$ 3500.58,150
750,09:36:08,$ 3500.74,100
751,09:36:08,$ 3500.76,100
752,09:36:07,$ 3501.315,100
753,09:36:05,$ 3500.74,100
754,09:36:03,$ 3500.8097,100
755,09:36:03,$ 3499.4125,100
757,09:36:02,$ 3499.77,100
758,09:36:01,$ 3499.354,250
759,09:36:01,$ 3500.07,100
760,09:36:01,$ 3500.02,100
761,09:35:53,$ 3501.18,100
762,09:35:53,$ 3501.18,500
763,09:35:52,$ 3499.905,100
764,09:35:50,$ 3500.675,100
765,09:35:48,$ 3501.00,600
766,09:35:48,$ 3501.20,100
767,09:35:48,$ 3501.22,100
768,09:35:48,$ 3501.00,100
769,09:35:47,$ 3501.35,100
770,09:35:47,$ 3501.35,104
771,09:35:47,$ 3501.96,200
772,09:35:43,$ 3503.00,100
773,09:35:42,$ 3502.82,100
774,09:35:42,$ 3503.48,194
775,09:35:41,$ 3502.75,100
776,09:35:39,$ 3502.01,100
778,09:35:39,$ 3502.00,100
779,09:35:35,$ 3499.67,100
780,09:35:34,$ 3499.2945,250
781,09:35:33,$ 3499.81,100
782,09:35:33,$ 3499.60,100
783,09:35:33,$ 3500.07,100
784,09:35:33,$ 3500.03,100
785,09:35:33,$ 3500.00,100
786,09:35:33,$ 3500.00,100
787,09:35:33,$ 3500.00,500
788,09:35:33,$ 3500.00,101
789,09:35:33,$ 3500.36,100
790,09:35:33,$ 3500.41,100
791,09:35:30,$ 3501.01,100
792,09:35:30,$ 3500.96,100
793,09:35:30,$ 3500.83,100
794,09:35:30,$ 3501.30,104
795,09:35:30,$ 3501.30,100
796,09:35:29,$ 3501.92,200
797,09:35:29,$ 3501.92,400
799,09:35:29,$ 3502.35,100
800,09:35:28,$ 3501.78,100
801,09:35:28,$ 3501.78,101
802,09:35:26,$ 3501.99,106
803,09:35:19,$ 3501.62,104
804,09:35:12,$ 3502.45,100
805,09:35:09,$ 3502.50,100
806,09:35:09,$ 3502.48,100
807,09:35:04,$ 3502.159,200
808,09:35:04,$ 3502.51,100
809,09:35:04,$ 3502.159,100
810,09:35:04,$ 3502.159,100
811,09:35:04,$ 3502.159,100
812,09:35:04,$ 3502.47,100
813,09:35:03,$ 3502.46,100
814,09:35:03,$ 3502.40,100
815,09:35:02,$ 3502.46,100
816,09:35:02,$ 3502.46,100
817,09:35:02,$ 3502.48,100
818,09:35:01,$ 3502.44,100
820,09:35:00,$ 3502.44,100
821,09:34:58,$ 3502.48,100
822,09:34:58,$ 3502.54,100
823,09:34:57,$ 3502.51,100
824,09:34:57,$ 3502.54,100
825,09:34:56,$ 3502.1262,100
826,09:34:55,$ 3502.015,100
827,09:34:54,$ 3502.00,100
828,09:34:53,$ 3503.91,168
829,09:34:53,$ 3503.91,276
830,09:34:53,$ 3503.91,395
831,09:34:53,$ 3503.88,100
832,09:34:52,$ 3503.4496,250
833,09:34:52,$ 3503.35,100
834,09:34:52,$ 3503.28,100
835,09:34:46,$ 3502.7478,100
836,09:34:44,$ 3502.74,100
837,09:34:44,$ 3503.47,100
838,09:34:44,$ 3503.4301,100
839,09:34:42,$ 3504.00,100
841,09:34:42,$ 3504.00,100
842,09:34:42,$ 3503.0229,100
843,09:34:40,$ 3503.94,100
844,09:34:26,$ 3503.30,100
845,09:34:26,$ 3503.37,100
846,09:34:21,$ 3502.435,200
847,09:34:20,$ 3502.05,100
848,09:34:15,$ 3501.53,100
849,09:34:14,$ 3501.535,200
850,09:34:13,$ 3502.0599,100
851,09:34:11,$ 3502.33,200
852,09:34:10,$ 3502.33,100
853,09:34:10,$ 3502.33,100
854,09:34:10,$ 3502.14,100
855,09:34:07,$ 3503.25,100
856,09:34:07,$ 3503.18,100
857,09:34:04,$ 3503.015,100
858,09:34:02,$ 3502.46,100
859,09:34:02,$ 3502.46,100
860,09:34:02,$ 3502.42,100
862,09:33:58,$ 3503.45,100
863,09:33:58,$ 3503.38,100
864,09:33:58,$ 3503.49,100
865,09:33:56,$ 3503.64,100
866,09:33:56,$ 3503.64,100
867,09:33:56,$ 3503.58,100
868,09:33:56,$ 3503.63,100
869,09:33:56,$ 3502.60,100
870,09:33:56,$ 3502.60,100
871,09:33:56,$ 3503.6299,500
872,09:33:56,$ 3502.11,100
873,09:33:55,$ 3502.27,200
874,09:33:54,$ 3500.83,100
875,09:33:53,$ 3502.73,100
876,09:33:53,$ 3502.61,100
877,09:33:51,$ 3503.02,400
878,09:33:51,$ 3503.08,100
879,09:33:51,$ 3503.01,100
880,09:33:50,$ 3503.48,196
881,09:33:50,$ 3503.27,125
883,09:33:49,$ 3503.53,200
884,09:33:49,$ 3504.3846,100
885,09:33:49,$ 3503.53,100
886,09:33:49,$ 3503.53,100
887,09:33:48,$ 3503.49,100
888,09:33:47,$ 3503.00,100
889,09:33:47,$ 3504.16,100
890,09:33:47,$ 3505.6995,500
891,09:33:47,$ 3505.39,100
892,09:33:45,$ 3507.4599,100
893,09:33:45,$ 3505.6926,100
894,09:33:44,$ 3506.89,100
895,09:33:41,$ 3505.40,100
896,09:33:41,$ 3505.60,100
897,09:33:41,$ 3505.8425,100
898,09:33:41,$ 3505.95,200
899,09:33:38,$ 3505.5258,100
900,09:33:37,$ 3504.01,100
901,09:33:37,$ 3504.52,100
902,09:33:37,$ 3504.52,100
904,09:33:37,$ 3504.51,100
905,09:33:36,$ 3505.1173,200
906,09:33:36,$ 3505.99,100
907,09:33:35,$ 3505.52,100
908,09:33:35,$ 3505.47,100
909,09:33:35,$ 3505.42,100
910,09:33:34,$ 3506.62,100
911,09:33:34,$ 3506.62,100
912,09:33:34,$ 3506.47,100
913,09:33:34,$ 3506.11,100
914,09:33:34,$ 3506.79,100
915,09:33:32,$ 3506.23,100
916,09:33:25,$ 3505.37,100
917,09:33:23,$ 3505.49,100
918,09:33:22,$ 3505.86,200
919,09:33:22,$ 3506.00,100
920,09:33:21,$ 3505.50,184
921,09:33:20,$ 3505.00,170
922,09:33:20,$ 3505.00,100
923,09:33:19,$ 3503.9481,"1,000"
925,09:33:17,$ 3503.62,100
926,09:33:17,$ 3503.62,100
927,09:33:15,$ 3503.3899,100
928,09:33:15,$ 3502.79,100
929,09:33:14,$ 3502.39,100
930,09:33:14,$ 3501.80,100
931,09:33:14,$ 3502.08,100
932,09:33:14,$ 3502.03,200
933,09:33:14,$ 3502.63,100
934,09:33:14,$ 3502.60,100
935,09:33:14,$ 3502.59,100
936,09:33:13,$ 3503.0276,100
937,09:33:13,$ 3503.06,100
938,09:33:13,$ 3503.58,100
939,09:33:13,$ 3503.62,100
940,09:33:13,$ 3503.62,100
941,09:33:13,$ 3503.62,100
942,09:33:13,$ 3503.57,100
943,09:33:13,$ 3503.62,100
944,09:33:13,$ 3503.62,100
946,09:33:13,$ 3503.23,100
947,09:33:10,$ 3502.81,100
948,09:33:09,$ 3503.61,119
949,09:33:09,$ 3503.67,100
950,09:33:09,$ 3503.19,100
951,09:33:09,$ 3503.47,100
952,09:33:09,$ 3503.04,100
953,09:33:09,$ 3503.14,100
954,09:33:08,$ 3503.02,100
955,09:33:06,$ 3500.0301,300
956,09:33:05,$ 3501.115,100
957,09:33:04,$ 3501.45,100
958,09:33:04,$ 3501.44,100
959,09:33:04,$ 3501.33,103
960,09:33:04,$ 3502.31,100
961,09:33:04,$ 3502.29,100
962,09:33:04,$ 3502.28,100
963,09:33:04,$ 3502.22,100
964,09:33:04,$ 3502.22,100
965,09:33:01,$ 3502.3657,300
967,09:33:01,$ 3502.925,100
968,09:33:00,$ 3503.00,100
969,09:33:00,$ 3503.00,104
970,09:32:59,$ 3502.9427,150
971,09:32:58,$ 3502.52,100
972,09:32:58,$ 3503.145,100
973,09:32:58,$ 3503.145,100
974,09:32:58,$ 3503.155,100
975,09:32:57,$ 3503.15,100
976,09:32:57,$ 3503.21,100
977,09:32:57,$ 3503.14,100
978,09:32:56,$ 3502.7101,140
979,09:32:51,$ 3503.53,100
980,09:32:48,$ 3502.7158,100
981,09:32:47,$ 3502.73,100
982,09:32:47,$ 3502.73,"1,000"
983,09:32:47,$ 3502.97,100
984,09:32:46,$ 3503.62,100
985,09:32:46,$ 3502.79,100
986,09:32:46,$ 3502.79,100
988,09:32:46,$ 3503.62,100
989,09:32:45,$ 3502.1933,100
990,09:32:45,$ 3502.1858,100
991,09:32:45,$ 3502.63,100
992,09:32:45,$ 3502.66,100
993,09:32:45,$ 3501.75,100
994,09:32:45,$ 3502.65,100
995,09:32:44,$ 3502.325,100
996,09:32:42,$ 3501.82,100
997,09:32:42,$ 3501.50,100
998,09:32:42,$ 3501.45,100
999,09:32:42,$ 3502.6444,100
1000,09:32:42,$ 3502.61,100
1001,09:32:41,$ 3502.62,100
1002,09:32:41,$ 3502.60,100
1003,09:32:41,$ 3502.56,100
1004,09:32:40,$ 3502.33,100
1005,09:32:38,$ 3501.715,100
1006,09:32:35,$ 3502.80,200
1007,09:32:34,$ 3501.665,100
1009,09:32:33,$ 3502.00,100
1010,09:32:33,$ 3502.00,100
1011,09:32:33,$ 3502.00,809
1012,09:32:33,$ 3502.00,100
1013,09:32:32,$ 3500.4353,100
1014,09:32:32,$ 3500.575,100
1015,09:32:31,$ 3501.42,100
1016,09:32:30,$ 3500.788,100
1017,09:32:30,$ 3500.87,100
1018,09:32:30,$ 3500.6163,100
1019,09:32:30,$ 3500.00,310
1020,09:32:30,$ 3500.00,100
1021,09:32:30,$ 3500.00,117
1022,09:32:30,$ 3500.00,260
1023,09:32:30,$ 3500.00,320
1024,09:32:30,$ 3500.00,110
1025,09:32:30,$ 3500.00,130
1026,09:32:30,$ 3500.00,100
1027,09:32:30,$ 3500.00,136
1028,09:32:30,$ 3500.00,130
1030,09:32:30,$ 3500.00,100
1031,09:32:30,$ 3500.00,100
1032,09:32:30,$ 3500.00,100
1033,09:32:30,$ 3500.00,100
1034,09:32:30,$ 3500.00,110
1035,09:32:30,$ 3500.00,286
1036,09:32:30,$ 3500.00,200
1037,09:32:29,$ 3499.97,100
1038,09:32:28,$ 3500.00,101
1039,09:32:27,$ 3500.00,200
1040,09:32:27,$ 3500.00,100
1041,09:32:27,$ 3499.89,100
1042,09:32:26,$ 3500.00,100
1043,09:32:26,$ 3500.00,100
1044,09:32:26,$ 3500.00,104
1045,09:32:26,$ 3500.00,109
1046,09:32:26,$ 3500.00,250
1047,09:32:26,$ 3499.625,100
1048,09:32:25,$ 3500.00,112
1049,09:32:25,$ 3500.00,100
1051,09:32:25,$ 3499.00,100
1052,09:32:25,$ 3499.00,100
1053,09:32:25,$ 3499.00,100
1054,09:32:24,$ 3498.26,200
1055,09:32:23,$ 3498.12,100
1056,09:32:17,$ 3493.0299,200
1057,09:32:15,$ 3494.97,100
1058,09:32:14,$ 3494.97,100
1059,09:32:14,$ 3494.76,100
1060,09:32:14,$ 3494.71,100
1061,09:32:14,$ 3494.56,100
1062,09:32:12,$ 3494.75,100
1063,09:32:09,$ 3493.47,100
1064,09:32:08,$ 3493.9884,300
1065,09:32:01,$ 3492.74,100
1066,09:32:01,$ 3492.74,100
1067,09:32:00,$ 3491.76,100
1068,09:31:56,$ 3491.45,100
1069,09:31:55,$ 3490.29,100
1070,09:31:52,$ 3490.29,100
1072,09:31:52,$ 3490.29,100
1073,09:31:50,$ 3489.20,100
1074,09:31:50,$ 3489.535,100
1075,09:31:50,$ 3490.11,100
1076,09:31:50,$ 3490.10,100
1077,09:31:50,$ 3490.07,100
1078,09:31:50,$ 3490.22,100
1079,09:31:50,$ 3490.26,100
1080,09:31:50,$ 3490.26,100
1081,09:31:50,$ 3490.26,100
1082,09:31:50,$ 3490.345,100
1083,09:31:49,$ 3490.44,100
1084,09:31:49,$ 3490.57,100
1085,09:31:49,$ 3490.62,100
1086,09:31:49,$ 3490.545,100
1087,09:31:49,$ 3490.54,100
1088,09:31:49,$ 3490.37,100
1089,09:31:49,$ 3490.36,100
1090,09:31:49,$ 3490.26,100
1091,09:31:49,$ 3490.38,100
1093,09:31:49,$ 3490.94,100
1094,09:31:49,$ 3491.35,100
1095,09:31:49,$ 3491.49,100
1096,09:31:48,$ 3490.34,100
1097,09:31:48,$ 3490.31,100
1098,09:31:48,$ 3490.72,100
1099,09:31:48,$ 3490.95,100
1100,09:31:48,$ 3490.95,100
1101,09:31:48,$ 3490.44,100
1102,09:31:48,$ 3490.31,100
1103,09:31:48,$ 3490.34,100
1104,09:31:48,$ 3490.96,100
1105,09:31:48,$ 3491.06,100
1106,09:31:48,$ 3490.58,100
1107,09:31:48,$ 3490.87,100
1108,09:31:46,$ 3490.58,100
1109,09:31:46,$ 3490.83,100
1110,09:31:46,$ 3490.59,100
1111,09:31:46,$ 3490.56,100
1112,09:31:46,$ 3490.56,100
1114,09:31:46,$ 3490.83,100
1115,09:31:44,$ 3490.24,100
1116,09:31:44,$ 3490.09,100
1117,09:31:44,$ 3490.57,100
1118,09:31:44,$ 3490.845,200
1119,09:31:44,$ 3491.51,100
1120,09:31:43,$ 3490.81,150
1121,09:31:43,$ 3490.81,100
1122,09:31:41,$ 3490.09,100
1123,09:31:41,$ 3490.02,100
1124,09:31:41,$ 3490.55,100
1125,09:31:41,$ 3490.84,100
1126,09:31:40,$ 3490.00,100
1127,09:31:40,$ 3490.81,100
1128,09:31:40,$ 3491.57,100
1129,09:31:40,$ 3491.27,100
1130,09:31:40,$ 3491.27,100
1131,09:31:40,$ 3491.60,100
1132,09:31:38,$ 3492.89,100
1133,09:31:38,$ 3492.98,100
1135,09:31:38,$ 3492.89,100
1136,09:31:38,$ 3492.79,100
1137,09:31:36,$ 3493.48,200
1138,09:31:35,$ 3494.74,100
1139,09:31:35,$ 3493.51,200
1140,09:31:35,$ 3493.51,200
1141,09:31:35,$ 3493.23,100
1142,09:31:35,$ 3493.205,100
1143,09:31:35,$ 3493.21,100
1144,09:31:35,$ 3494.76,100
1145,09:31:35,$ 3494.75,200
1146,09:31:35,$ 3493.3494,100
1147,09:31:35,$ 3493.17,200
1148,09:31:34,$ 3494.75,100
1149,09:31:33,$ 3494.22,161
1150,09:31:33,$ 3494.29,100
1151,09:31:33,$ 3493.465,200
1152,09:31:32,$ 3493.325,100
1153,09:31:32,$ 3493.49,100
1154,09:31:31,$ 3493.62,100
1156,09:31:31,$ 3492.00,100
1157,09:31:31,$ 3492.29,100
1158,09:31:31,$ 3492.29,200
1159,09:31:31,$ 3492.27,200
1160,09:31:31,$ 3492.95,100
1161,09:31:31,$ 3492.95,100
1162,09:31:31,$ 3492.045,200
1163,09:31:28,$ 3491.66,100
1164,09:31:28,$ 3491.06,161
1165,09:31:25,$ 3491.48,100
1166,09:31:25,$ 3489.74,100
1167,09:31:24,$ 3489.22,100
1168,09:31:24,$ 3489.12,100
1169,09:31:24,$ 3490.485,100
1170,09:31:22,$ 3490.11,100
1171,09:31:22,$ 3490.05,100
1172,09:31:22,$ 3490.00,500
1173,09:31:19,$ 3492.32,150
1174,09:31:19,$ 3492.325,100
1175,09:31:18,$ 3489.875,200
1177,09:31:18,$ 3491.15,100
1178,09:31:18,$ 3490.045,100
1179,09:31:18,$ 3490.87,100
1180,09:31:14,$ 3491.15,100
1181,09:31:13,$ 3491.16,100
1182,09:31:12,$ 3489.90,100
1183,09:31:09,$ 3489.92,100
1184,09:31:09,$ 3489.26,200
1185,09:31:09,$ 3489.91,100
1186,09:31:09,$ 3490.00,100
1187,09:31:09,$ 3490.00,300
1188,09:31:07,$ 3492.97,100
1189,09:31:07,$ 3490.72,100
1190,09:31:05,$ 3491.26,100
1191,09:31:04,$ 3492.86,100
1192,09:31:03,$ 3492.95,100
1193,09:31:03,$ 3492.58,100
1194,09:31:01,$ 3492.285,100
1195,09:31:01,$ 3492.28,200
1196,09:31:01,$ 3492.49,100
1198,09:31:01,$ 3491.66,104
1199,09:30:58,$ 3492.815,100
1200,09:30:57,$ 3493.20,100
1201,09:30:57,$ 3492.125,100
1202,09:30:57,$ 3491.99,100
1203,09:30:57,$ 3492.00,100
1204,09:30:56,$ 3493.26,125
1205,09:30:52,$ 3494.5399,100
1206,09:30:51,$ 3493.545,100
1207,09:30:48,$ 3492.87,100
1208,09:30:48,$ 3492.895,100
1209,09:30:45,$ 3494.88,100
1210,09:30:42,$ 3495.9599,100
1211,09:30:40,$ 3495.12,100
1212,09:30:40,$ 3494.73,100
1213,09:30:40,$ 3494.81,100
1214,09:30:40,$ 3494.90,100
1215,09:30:40,$ 3494.71,100
1216,09:30:40,$ 3494.37,100
1217,09:30:38,$ 3494.85,100
1219,09:30:38,$ 3494.85,100
1220,09:30:38,$ 3494.87,100
1221,09:30:37,$ 3494.89,100
1222,09:30:36,$ 3494.27,100
1223,09:30:35,$ 3494.89,214
1224,09:30:33,$ 3493.43,104
1225,09:30:32,$ 3493.07,100
1226,09:30:30,$ 3494.00,100
1227,09:30:30,$ 3494.01,100
1228,09:30:30,$ 3494.42,100
1229,09:30:28,$ 3494.06,100
1230,09:30:28,$ 3494.085,100
1231,09:30:26,$ 3495.06,100
1232,09:30:26,$ 3495.02,100
1233,09:30:26,$ 3495.00,105
1234,09:30:24,$ 3495.88,100
1235,09:30:23,$ 3495.09,100
1236,09:30:23,$ 3496.08,100
1237,09:30:23,$ 3496.35,100
1238,09:30:23,$ 3496.29,100
1240,09:30:18,$ 3496.57,100
1241,09:30:18,$ 3496.52,100
1242,09:30:18,$ 3496.57,100
1243,09:30:17,$ 3496.23,100
1244,09:30:17,$ 3496.22,100
1245,09:30:17,$ 3496.22,100
1246,09:30:17,$ 3496.34,100
1247,09:30:17,$ 3496.30,100
1248,09:30:17,$ 3496.34,100
1249,09:30:14,$ 3496.49,100
1250,09:30:13,$ 3497.59,100
1251,09:30:13,$ 3497.57,100
1252,09:30:13,$ 3496.23,100
1253,09:30:13,$ 3496.93,100
1254,09:30:13,$ 3496.36,100
1255,09:30:13,$ 3497.63,100
1256,09:30:13,$ 3497.63,100
1257,09:30:13,$ 3496.29,100
1258,09:30:12,$ 3497.00,100
1259,09:30:09,$ 3496.31,100
1261,09:30:09,$ 3497.05,100
1262,09:30:09,$ 3497.04,100
1263,09:30:09,$ 3497.08,100
1264,09:30:08,$ 3497.72,100
1265,09:30:07,$ 3498.07,100
1266,09:30:07,$ 3498.07,100
1267,09:30:07,$ 3497.89,100
1268,09:30:07,$ 3497.15,100
1269,09:30:07,$ 3498.34,100
1270,09:30:05,$ 3497.98,100
1271,09:30:05,$ 3497.56,100
1272,09:30:05,$ 3497.50,100
1273,09:30:05,$ 3498.98,100
1274,09:30:04,$ 3498.00,143
1275,09:30:04,$ 3497.525,100
1276,09:30:04,$ 3497.8284,100
1277,09:30:04,$ 3497.98,100
1278,09:30:04,$ 3497.98,100
1279,09:30:04,$ 3497.97,100
1280,09:30:03,$ 3497.48,100
1282,09:30:03,$ 3497.99,100
1283,09:30:03,$ 3497.55,300
1284,09:30:03,$ 3497.55,100
1285,09:30:03,$ 3496.315,100
1286,09:30:03,$ 3497.44,100
1287,09:30:03,$ 3497.52,100
1288,09:30:03,$ 3497.38,100
1289,09:30:03,$ 3497.84,100
1290,09:30:03,$ 3498.00,100
1291,09:30:03,$ 3498.00,100
1292,09:30:03,$ 3498.00,100
1293,09:30:03,$ 3498.00,100
1294,09:30:03,$ 3498.00,106
1295,09:30:02,$ 3496.58,12
1296,09:30:02,$ 3496.58,2
1297,09:30:02,$ 3496.58,5
1298,09:30:02,$ 3496.58,15
1299,09:30:02,$ 3496.58,2
1300,09:30:02,$ 3496.58,5
1301,09:30:02,$ 3496.58,28
1303,09:30:02,$ 3496.58,5
1304,09:30:02,$ 3496.58,1
1305,09:30:02,$ 3496.58,3
1306,09:30:02,$ 3496.58,1
1307,09:30:02,$ 3496.58,3
1308,09:30:02,$ 3496.58,1
1309,09:30:02,$ 3496.58,200
1310,09:30:02,$ 3496.58,4
1311,09:30:02,$ 3496.58,2
1312,09:30:02,$ 3496.58,2
1313,09:30:02,$ 3496.58,1
1314,09:30:02,$ 3496.58,5
1315,09:30:02,$ 3496.58,6
1316,09:30:02,$ 3496.58,10
1317,09:30:02,$ 3496.58,30
1318,09:30:02,$ 3496.58,8
1319,09:30:02,$ 3496.58,2
1320,09:30:02,$ 3496.58,17
1321,09:30:02,$ 3496.58,66
1322,09:30:02,$ 3496.58,1
1324,09:30:02,$ 3496.58,4
1325,09:30:02,$ 3496.58,3
1326,09:30:02,$ 3496.58,2
1327,09:30:02,$ 3496.58,6
1328,09:30:02,$ 3496.58,1
1329,09:30:02,$ 3496.58,5
1330,09:30:02,$ 3496.58,2
1331,09:30:02,$ 3496.58,14
1332,09:30:02,$ 3496.58,2
1333,09:30:02,$ 3496.58,5
1334,09:30:02,$ 3496.58,1
1335,09:30:02,$ 3496.58,23
1336,09:30:02,$ 3496.58,2
1337,09:30:02,$ 3496.58,20
1338,09:30:02,$ 3496.58,2
1339,09:30:02,$ 3496.58,250
1340,09:30:02,$ 3496.58,63
1341,09:30:02,$ 3496.58,7
1342,09:30:02,$ 3496.58,5
1343,09:30:02,$ 3496.58,7
1345,09:30:02,$ 3496.58,50
1346,09:30:02,$ 3496.58,30
1347,09:30:02,$ 3496.58,150
1348,09:30:02,$ 3496.58,175
1349,09:30:02,$ 3496.58,12
1350,09:30:02,$ 3496.58,100
1351,09:30:02,$ 3496.58,21
1352,09:30:02,$ 3496.58,6
1353,09:30:02,$ 3496.58,84
1354,09:30:02,$ 3496.58,30
1355,09:30:02,$ 3496.58,43
1356,09:30:02,$ 3496.58,1
1357,09:30:02,$ 3496.58,10
1358,09:30:02,$ 3496.58,3
1359,09:30:02,$ 3496.58,1
1360,09:30:02,$ 3496.58,1
1361,09:30:02,$ 3496.58,1
1362,09:30:02,$ 3496.58,1
1363,09:30:02,$ 3496.58,1
1364,09:30:02,$ 3496.58,1
1366,09:30:02,$ 3496.58,1
1367,09:30:02,$ 3496.58,2
1368,09:30:02,$ 3496.58,8
1369,09:30:02,$ 3496.58,3
1370,09:30:02,$ 3496.58,1
1371,09:30:02,$ 3496.58,1
1372,09:30:02,$ 3496.58,1
1373,09:30:02,$ 3496.58,1
1374,09:30:02,$ 3496.58,1
1375,09:30:02,$ 3496.58,1
1376,09:30:02,$ 3496.58,1
1377,09:30:02,$ 3496.58,1
1378,09:30:02,$ 3496.58,1
1379,09:30:02,$ 3496.58,1
1380,09:30:02,$ 3496.58,1
1381,09:30:02,$ 3496.58,1
1382,09:30:02,$ 3496.58,1
1383,09:30:02,$ 3496.58,1
1384,09:30:02,$ 3496.58,1
1385,09:30:02,$ 3496.58,1
1387,09:30:02,$ 3496.58,1
1388,09:30:02,$ 3496.58,1
1389,09:30:02,$ 3496.58,1
1390,09:30:02,$ 3496.58,1
1391,09:30:02,$ 3496.58,1
1392,09:30:02,$ 3496.58,1
1393,09:30:02,$ 3496.58,2
1394,09:30:02,$ 3496.58,14
1395,09:30:02,$ 3496.58,15
1396,09:30:02,$ 3496.58,1
1397,09:30:02,$ 3496.58,2
1398,09:30:02,$ 3496.58,2
1399,09:30:02,$ 3496.58,1
1400,09:30:02,$ 3496.58,3
1401,09:30:02,$ 3496.58,3
1402,09:30:02,$ 3496.58,3
1403,09:30:02,$ 3496.58,3
1404,09:30:02,$ 3496.58,2
1405,09:30:02,$ 3496.58,1
1406,09:30:02,$ 3496.58,1
1408,09:30:02,$ 3496.58,1
1409,09:30:02,$ 3496.58,1
1410,09:30:02,$ 3496.58,1
1411,09:30:02,$ 3496.58,1
1412,09:30:02,$ 3496.58,5
1413,09:30:02,$ 3496.58,1
1414,09:30:02,$ 3496.58,1
1415,09:30:02,$ 3496.58,65
1416,09:30:02,$ 3496.58,7
1417,09:30:02,$ 3496.58,1
1418,09:30:02,$ 3496.58,1
1419,09:30:02,$ 3496.58,1
1420,09:30:02,$ 3496.58,7
1421,09:30:02,$ 3496.58,1
1422,09:30:02,$ 3496.58,1
1423,09:30:02,$ 3496.58,10
1424,09:30:02,$ 3496.58,1
1425,09:30:02,$ 3496.58,1
1426,09:30:02,$ 3496.58,8
1427,09:30:02,$ 3496.58,1
1429,09:30:02,$ 3496.58,1
1430,09:30:02,$ 3496.58,5
1431,09:30:02,$ 3496.58,3
1432,09:30:02,$ 3496.58,3
1433,09:30:02,$ 3496.58,1
1434,09:30:02,$ 3496.58,3
1435,09:30:02,$ 3496.58,1
1436,09:30:02,$ 3496.58,3
1437,09:30:02,$ 3496.58,3
1438,09:30:02,$ 3496.58,1
1439,09:30:02,$ 3496.58,2
1440,09:30:02,$ 3496.58,1
1441,09:30:02,$ 3496.58,14
1442,09:30:02,$ 3496.58,15
1443,09:30:02,$ 3496.58,1
1444,09:30:02,$ 3496.58,7
1445,09:30:02,$ 3496.58,7
1446,09:30:02,$ 3496.58,2
1447,09:30:02,$ 3496.58,2
1448,09:30:02,$ 3496.58,1
1450,09:30:02,$ 3496.58,2
1451,09:30:02,$ 3496.58,1
1452,09:30:02,$ 3496.58,3
1453,09:30:02,$ 3496.58,16
1454,09:30:02,$ 3496.58,2
1455,09:30:02,$ 3496.58,1
1456,09:30:02,$ 3496.58,4
1457,09:30:02,$ 3496.58,18
1458,09:30:02,$ 3496.58,1
1459,09:30:02,$ 3496.58,3
1460,09:30:02,$ 3496.58,7
1461,09:30:02,$ 3496.58,1
1462,09:30:02,$ 3496.58,5
1463,09:30:02,$ 3496.58,60
1464,09:30:02,$ 3496.58,1
1465,09:30:02,$ 3496.58,2
1466,09:30:02,$ 3496.58,1
1467,09:30:02,$ 3496.58,6
1468,09:30:02,$ 3496.58,91
1469,09:30:02,$ 3496.58,1
1471,09:30:02,$ 3496.58,2
1472,09:30:02,$ 3496.58,25
1473,09:30:02,$ 3496.58,1
1474,09:30:02,$ 3496.58,2
1475,09:30:02,$ 3496.58,15
1476,09:30:02,$ 3496.58,2
1477,09:30:02,$ 3496.58,2
1478,09:30:02,$ 3496.58,7
1479,09:30:02,$ 3496.58,7
1480,09:30:02,$ 3496.58,32
1481,09:30:02,$ 3496.58,60
1482,09:30:02,$ 3496.58,34
1483,09:30:02,$ 3496.58,17
1484,09:30:02,$ 3496.58,2
1485,09:30:02,$ 3496.58,4
1486,09:30:02,$ 3496.58,1
1487,09:30:02,$ 3496.58,5
1488,09:30:02,$ 3496.58,3
1489,09:30:02,$ 3496.58,12
1490,09:30:02,$ 3496.58,1
1492,09:30:02,$ 3496.58,1
1493,09:30:02,$ 3496.58,2
1494,09:30:02,$ 3496.58,2
1495,09:30:02,$ 3496.58,4
1496,09:30:02,$ 3496.58,5
1497,09:30:02,$ 3496.58,8
1498,09:30:02,$ 3496.58,10
1499,09:30:02,$ 3496.58,2
1500,09:30:02,$ 3496.58,2
1501,09:30:02,$ 3496.58,100
1502,09:30:02,$ 3496.58,10
1503,09:30:02,$ 3496.58,10
1504,09:30:02,$ 3496.58,6
1505,09:30:02,$ 3496.58,1
1506,09:30:02,$ 3496.58,1
1507,09:30:02,$ 3496.58,1
1508,09:30:02,$ 3496.58,1
1509,09:30:02,$ 3496.58,1
1510,09:30:02,$ 3496.58,1
1511,09:30:02,$ 3496.58,4
1513,09:30:02,$ 3496.58,10
1514,09:30:02,$ 3496.58,5
1515,09:30:02,$ 3496.58,1
1516,09:30:02,$ 3496.58,10
1517,09:30:02,$ 3496.58,1
1518,09:30:02,$ 3496.58,1
1519,09:30:02,$ 3496.58,2
1520,09:30:02,$ 3496.58,1
1521,09:30:02,$ 3496.58,11
1522,09:30:02,$ 3496.58,10
1523,09:30:02,$ 3496.58,1
1524,09:30:02,$ 3496.58,150
1525,09:30:02,$ 3496.58,1
1526,09:30:02,$ 3496.58,1
1527,09:30:02,$ 3496.58,1
1528,09:30:02,$ 3496.58,1
1529,09:30:02,$ 3496.58,1
1530,09:30:02,$ 3496.58,17
1531,09:30:02,$ 3496.58,1
1532,09:30:02,$ 3496.58,100
1534,09:30:02,$ 3496.58,1
1535,09:30:02,$ 3496.58,1
1536,09:30:02,$ 3496.58,1
1537,09:30:02,$ 3496.58,2
1538,09:30:02,$ 3496.58,20
1539,09:30:02,$ 3496.58,3
1540,09:30:02,$ 3496.58,1
1541,09:30:02,$ 3496.58,25
1542,09:30:02,$ 3496.58,1
1543,09:30:02,$ 3496.58,1
1544,09:30:02,$ 3496.58,30
1545,09:30:02,$ 3496.58,19
1546,09:30:02,$ 3496.58,1
1547,09:30:02,$ 3496.58,20
1548,09:30:02,$ 3496.58,10
1549,09:30:02,$ 3496.58,2
1550,09:30:02,$ 3496.58,1
1551,09:30:02,$ 3496.58,1
1552,09:30:02,$ 3496.58,2
1553,09:30:02,$ 3496.58,15
1555,09:30:02,$ 3496.58,4
1556,09:30:02,$ 3496.58,6
1557,09:30:02,$ 3496.58,2
1558,09:30:02,$ 3496.58,1
1559,09:30:02,$ 3496.58,1
1560,09:30:02,$ 3496.58,2
1561,09:30:02,$ 3496.58,1
1562,09:30:02,$ 3496.58,4
1563,09:30:02,$ 3496.58,1
1564,09:30:02,$ 3496.58,5
1565,09:30:02,$ 3496.58,7
1566,09:30:02,$ 3496.58,4
1567,09:30:02,$ 3496.58,1
1568,09:30:02,$ 3496.58,3
1569,09:30:02,$ 3496.58,3
1570,09:30:02,$ 3496.58,2
1571,09:30:02,$ 3496.58,1
1572,09:30:02,$ 3496.58,5
1573,09:30:02,$ 3496.58,1
1574,09:30:02,$ 3496.58,10
1576,09:30:02,$ 3496.58,6
1577,09:30:02,$ 3496.58,5
1578,09:30:02,$ 3496.58,500
1579,09:30:02,$ 3496.58,1
1580,09:30:02,$ 3496.58,8
1581,09:30:02,$ 3496.58,8
1582,09:30:02,$ 3496.58,8
1583,09:30:02,$ 3496.58,6
1584,09:30:02,$ 3496.58,2
1585,09:30:02,$ 3496.58,8
1586,09:30:02,$ 3496.58,8
1587,09:30:02,$ 3496.58,4
1588,09:30:02,$ 3496.58,1
1589,09:30:02,$ 3496.58,15
1590,09:30:02,$ 3496.58,10
1591,09:30:02,$ 3496.58,1
1592,09:30:02,$ 3496.58,1
1593,09:30:02,$ 3496.58,25
1594,09:30:02,$ 3496.58,15
1595,09:30:02,$ 3496.58,9
1597,09:30:02,$ 3496.58,50
1598,09:30:02,$ 3496.58,8
1599,09:30:02,$ 3496.58,3
1600,09:30:02,$ 3496.58,1
1601,09:30:02,$ 3496.58,7
1602,09:30:02,$ 3496.58,11
1603,09:30:02,$ 3496.58,6
1604,09:30:02,$ 3496.58,7
1605,09:30:02,$ 3496.58,191
1606,09:30:02,$ 3496.58,1
1607,09:30:02,$ 3496.58,10
1608,09:30:02,$ 3496.58,2
1609,09:30:02,$ 3496.58,3
1610,09:30:02,$ 3496.58,1
1611,09:30:02,$ 3496.58,100
1612,09:30:02,$ 3496.58,69
1613,09:30:02,$ 3496.58,1
1614,09:30:02,$ 3496.58,1
1615,09:30:02,$ 3496.58,1
1616,09:30:02,$ 3496.58,1
1618,09:30:02,$ 3496.58,10
1619,09:30:02,$ 3496.58,1
1620,09:30:02,$ 3496.58,3
1621,09:30:02,$ 3496.58,2
1622,09:30:02,$ 3496.58,3
1623,09:30:02,$ 3496.58,3
1624,09:30:02,$ 3496.58,6
1625,09:30:02,$ 3496.58,4
1626,09:30:02,$ 3496.58,15
1627,09:30:02,$ 3496.58,2
1628,09:30:02,$ 3496.58,1
1629,09:30:02,$ 3496.58,22
1630,09:30:02,$ 3496.58,4
1631,09:30:02,$ 3496.58,16
1632,09:30:02,$ 3496.58,2
1633,09:30:02,$ 3496.58,3
1634,09:30:02,$ 3496.58,11
1635,09:30:02,$ 3496.58,15
1636,09:30:02,$ 3496.58,1
1637,09:30:02,$ 3496.58,3
1639,09:30:02,$ 3496.58,1
1640,09:30:02,$ 3496.58,3
1641,09:30:02,$ 3496.58,1
1642,09:30:02,$ 3496.58,3
1643,09:30:02,$ 3496.58,1
1644,09:30:02,$ 3496.58,1
1645,09:30:02,$ 3496.58,6
1646,09:30:02,$ 3496.58,3
1647,09:30:02,$ 3496.58,1
1648,09:30:02,$ 3496.58,3
1649,09:30:02,$ 3496.58,2
1650,09:30:02,$ 3496.58,1
1651,09:30:02,$ 3496.58,3
1652,09:30:02,$ 3496.58,4
1653,09:30:02,$ 3496.58,3
1654,09:30:02,$ 3496.58,6
1655,09:30:02,$ 3496.58,2
1656,09:30:02,$ 3496.58,1
1657,09:30:02,$ 3496.58,4
1658,09:30:02,$ 3496.58,1
1660,09:30:02,$ 3496.58,1
1661,09:30:02,$ 3496.58,2
1662,09:30:02,$ 3496.58,3
1663,09:30:02,$ 3496.58,2
1664,09:30:02,$ 3496.58,1
1665,09:30:02,$ 3496.58,2
1666,09:30:02,$ 3496.58,1
1667,09:30:02,$ 3496.58,1
1668,09:30:02,$ 3496.58,1
1669,09:30:02,$ 3496.58,1
1670,09:30:02,$ 3496.58,4
1671,09:30:02,$ 3496.58,10
1672,09:30:02,$ 3496.58,70
1673,09:30:02,$ 3496.58,1
1674,09:30:02,$ 3496.58,1
1675,09:30:02,$ 3496.58,4
1676,09:30:02,$ 3496.58,1
1677,09:30:02,$ 3496.58,3
1678,09:30:02,$ 3496.58,2
1679,09:30:02,$ 3496.58,1
1681,09:30:02,$ 3496.58,1
1682,09:30:02,$ 3496.58,2
1683,09:30:02,$ 3496.58,1
1684,09:30:02,$ 3496.58,3
1685,09:30:02,$ 3496.58,1
1686,09:30:02,$ 3496.58,1
1687,09:30:02,$ 3496.58,40
1688,09:30:02,$ 3496.58,4
1689,09:30:02,$ 3496.58,1
1690,09:30:02,$ 3496.58,1
1691,09:30:02,$ 3496.58,1
1692,09:30:02,$ 3496.58,1
1693,09:30:02,$ 3496.58,1
1694,09:30:02,$ 3496.58,1
1695,09:30:02,$ 3496.58,1
1696,09:30:02,$ 3496.58,1
1697,09:30:02,$ 3496.58,1
1698,09:30:02,$ 3496.58,1
1699,09:30:02,$ 3496.58,1
1700,09:30:02,$ 3496.58,1
1702,09:30:02,$ 3496.58,1
1703,09:30:02,$ 3496.58,1
1704,09:30:02,$ 3496.58,1
1705,09:30:02,$ 3496.58,1
1706,09:30:02,$ 3496.58,1
1707,09:30:02,$ 3496.58,1
1708,09:30:02,$ 3496.58,1
1709,09:30:02,$ 3496.58,1
1710,09:30:02,$ 3496.58,1
1711,09:30:02,$ 3496.58,1
1712,09:30:02,$ 3496.58,1
1713,09:30:02,$ 3496.58,1
1714,09:30:02,$ 3496.58,5
1715,09:30:02,$ 3496.58,1
1716,09:30:02,$ 3496.58,1
1717,09:30:02,$ 3496.58,1
1718,09:30:02,$ 3496.58,1
1719,09:30:02,$ 3496.58,1
1720,09:30:02,$ 3496.58,1
1721,09:30:02,$ 3496.58,1
1723,09:30:02,$ 3496.58,1
1724,09:30:02,$ 3496.58,1
1725,09:30:02,$ 3496.58,1
1726,09:30:02,$ 3496.58,1
1727,09:30:02,$ 3496.58,1
1728,09:30:02,$ 3496.58,1
1729,09:30:02,$ 3496.58,1
1730,09:30:02,$ 3496.58,1
1731,09:30:02,$ 3496.58,1
1732,09:30:02,$ 3496.58,1
1733,09:30:02,$ 3496.58,18
1734,09:30:02,$ 3496.58,1
1735,09:30:02,$ 3496.58,1
1736,09:30:02,$ 3496.58,1
1737,09:30:02,$ 3496.58,1
1738,09:30:02,$ 3496.58,1
1739,09:30:02,$ 3496.58,1
1740,09:30:02,$ 3496.58,1
1741,09:30:02,$ 3496.58,1
1742,09:30:02,$ 3496.58,1
1744,09:30:02,$ 3496.58,1
1745,09:30:02,$ 3496.58,1
1746,09:30:02,$ 3496.58,1
1747,09:30:02,$ 3496.58,1
1748,09:30:02,$ 3496.58,1
1749,09:30:02,$ 3496.58,1
1750,09:30:02,$ 3496.58,1
1751,09:30:02,$ 3496.58,1
1752,09:30:02,$ 3496.58,1
1753,09:30:02,$ 3496.58,1
1754,09:30:02,$ 3496.58,1
1755,09:30:02,$ 3496.58,1
1756,09:30:02,$ 3496.58,1
1757,09:30:02,$ 3496.58,1
1758,09:30:02,$ 3496.58,1
1759,09:30:02,$ 3496.58,1
1760,09:30:02,$ 3496.58,1
1761,09:30:02,$ 3496.58,1
1762,09:30:02,$ 3496.58,1
1763,09:30:02,$ 3496.58,3
1765,09:30:02,$ 3496.58,1
1766,09:30:02,$ 3496.58,1
1767,09:30:02,$ 3496.58,1
1768,09:30:02,$ 3496.58,20
1769,09:30:02,$ 3496.58,1
1770,09:30:02,$ 3496.58,1
1771,09:30:02,$ 3496.58,1
1772,09:30:02,$ 3496.58,1
1773,09:30:02,$ 3496.58,1
1774,09:30:02,$ 3496.58,1
1775,09:30:02,$ 3496.58,1
1776,09:30:02,$ 3496.58,1
1777,09:30:02,$ 3496.58,1
1778,09:30:02,$ 3496.58,1
1779,09:30:02,$ 3496.58,1
1780,09:30:02,$ 3496.58,1
1781,09:30:02,$ 3496.58,1
1782,09:30:02,$ 3496.58,1
1783,09:30:02,$ 3496.58,1
1784,09:30:02,$ 3496.58,1
1786,09:30:02,$ 3496.58,1
1787,09:30:02,$ 3496.58,1
1788,09:30:02,$ 3496.58,1
1789,09:30:02,$ 3496.58,1
1790,09:30:02,$ 3496.58,1
1791,09:30:02,$ 3496.58,1
1792,09:30:02,$ 3496.58,1
1793,09:30:02,$ 3496.58,1
1794,09:30:02,$ 3496.58,1
1795,09:30:02,$ 3496.58,1
1796,09:30:02,$ 3496.58,1
1797,09:30:02,$ 3496.58,1
1798,09:30:02,$ 3496.58,1
1799,09:30:02,$ 3496.58,1
1800,09:30:02,$ 3496.58,1
1801,09:30:02,$ 3496.58,1
1802,09:30:02,$ 3496.58,1
1803,09:30:02,$ 3496.58,1
1804,09:30:02,$ 3496.58,1
1805,09:30:02,$ 3496.58,1
1807,09:30:02,$ 3496.58,1
1808,09:30:02,$ 3496.58,1
1809,09:30:02,$ 3496.58,1
1810,09:30:02,$ 3496.58,1
1811,09:30:02,$ 3496.58,1
1812,09:30:02,$ 3496.58,1
1813,09:30:02,$ 3496.58,10
1814,09:30:02,$ 3496.58,1
1815,09:30:02,$ 3496.58,20
1816,09:30:02,$ 3496.58,1
1817,09:30:02,$ 3496.58,3
1818,09:30:02,$ 3496.58,17
1819,09:30:02,$ 3496.58,50
1820,09:30:02,$ 3496.58,4
1821,09:30:02,$ 3496.58,2
1822,09:30:02,$ 3496.58,3
1823,09:30:02,$ 3496.58,10
1824,09:30:02,$ 3496.58,2
1825,09:30:02,$ 3496.58,2
1826,09:30:02,$ 3496.58,1
1828,09:30:02,$ 3496.58,1
1829,09:30:02,$ 3496.58,2
1830,09:30:02,$ 3496.58,2
1831,09:30:02,$ 3496.58,2
1832,09:30:02,$ 3496.58,2
1833,09:30:02,$ 3496.58,5
1834,09:30:02,$ 3496.58,1
1835,09:30:02,$ 3496.58,1
1836,09:30:02,$ 3496.58,6
1837,09:30:02,$ 3496.58,2
1838,09:30:02,$ 3496.58,1
1839,09:30:02,$ 3496.58,1
1840,09:30:02,$ 3496.58,1
1841,09:30:02,$ 3496.58,1
1842,09:30:02,$ 3496.58,4
1843,09:30:02,$ 3496.58,2
1844,09:30:02,$ 3496.58,10
1845,09:30:02,$ 3496.58,1
1846,09:30:02,$ 3496.58,6
1847,09:30:02,$ 3496.58,15
1849,09:30:02,$ 3496.58,7
1850,09:30:02,$ 3496.58,1
1851,09:30:02,$ 3496.58,2
1852,09:30:02,$ 3496.58,10
1853,09:30:02,$ 3496.58,3
1854,09:30:02,$ 3496.58,5
1855,09:30:02,$ 3496.58,6
1856,09:30:02,$ 3496.58,2
1857,09:30:02,$ 3496.58,1
1858,09:30:02,$ 3496.58,49
1859,09:30:02,$ 3496.58,3
1860,09:30:02,$ 3496.58,3
1861,09:30:02,$ 3496.58,4
1862,09:30:02,$ 3496.58,1
1863,09:30:02,$ 3496.58,5
1864,09:30:02,$ 3496.58,72
1865,09:30:02,$ 3496.58,1
1866,09:30:02,$ 3496.58,1
1867,09:30:02,$ 3496.58,1
1868,09:30:02,$ 3496.58,3
1870,09:30:02,$ 3496.58,3
1871,09:30:02,$ 3496.58,1
1872,09:30:02,$ 3496.58,11
1873,09:30:02,$ 3496.58,2
1874,09:30:02,$ 3496.58,3
1875,09:30:02,$ 3496.58,2
1876,09:30:02,$ 3496.58,1
1877,09:30:02,$ 3496.58,2
1878,09:30:02,$ 3496.58,4
1879,09:30:02,$ 3496.58,2
1880,09:30:02,$ 3496.58,2
1881,09:30:02,$ 3496.58,2
1882,09:30:02,$ 3496.58,10
1883,09:30:02,$ 3496.58,4
1884,09:30:02,$ 3496.58,1
1885,09:30:02,$ 3496.58,1
1886,09:30:02,$ 3496.58,1
1887,09:30:02,$ 3496.58,1
1888,09:30:02,$ 3496.58,1
1889,09:30:02,$ 3496.58,1
1891,09:30:02,$ 3496.58,1
1892,09:30:02,$ 3496.58,1
1893,09:30:02,$ 3496.58,1
1894,09:30:02,$ 3496.58,4
1895,09:30:02,$ 3496.58,1
1896,09:30:02,$ 3496.58,1
1897,09:30:02,$ 3496.58,1
1898,09:30:02,$ 3496.58,1
1899,09:30:02,$ 3496.58,1
1900,09:30:02,$ 3496.58,1
1901,09:30:02,$ 3496.58,1
1902,09:30:02,$ 3496.58,1
1903,09:30:02,$ 3496.58,1
1904,09:30:02,$ 3496.58,1
1905,09:30:02,$ 3496.58,1
1906,09:30:02,$ 3496.58,1
1907,09:30:02,$ 3496.58,1
1908,09:30:02,$ 3496.58,1
1909,09:30:02,$ 3496.58,1
1910,09:30:02,$ 3496.58,1
1912,09:30:02,$ 3496.58,1
1913,09:30:02,$ 3496.58,1
1914,09:30:02,$ 3496.58,1
1915,09:30:02,$ 3496.58,1
1916,09:30:02,$ 3496.58,1
1917,09:30:02,$ 3496.58,1
1918,09:30:02,$ 3496.58,1
1919,09:30:02,$ 3496.58,1
1920,09:30:02,$ 3496.58,1
1921,09:30:02,$ 3496.58,1
1922,09:30:02,$ 3496.58,1
1923,09:30:02,$ 3496.58,1
1924,09:30:02,$ 3496.58,1
1925,09:30:02,$ 3496.58,1
1926,09:30:02,$ 3496.58,1
1927,09:30:02,$ 3496.58,1
1928,09:30:02,$ 3496.58,1
1929,09:30:02,$ 3496.58,1
1930,09:30:02,$ 3496.58,1
1931,09:30:02,$ 3496.58,1
1933,09:30:02,$ 3496.58,1
1934,09:30:02,$ 3496.58,1
1935,09:30:02,$ 3496.58,1
1936,09:30:02,$ 3496.58,1
1937,09:30:02,$ 3496.58,1
1938,09:30:02,$ 3496.58,1
1939,09:30:02,$ 3496.58,1
1940,09:30:02,$ 3496.58,1
1941,09:30:02,$ 3496.58,1
1942,09:30:02,$ 3496.58,10
1943,09:30:02,$ 3496.58,1
1944,09:30:02,$ 3496.58,1
1945,09:30:02,$ 3496.58,1
1946,09:30:02,$ 3496.58,1
1947,09:30:02,$ 3496.58,1
1948,09:30:02,$ 3496.58,1
1949,09:30:02,$ 3496.58,1
1950,09:30:02,$ 3496.58,1
1951,09:30:02,$ 3496.58,1
1952,09:30:02,$ 3496.58,1
1954,09:30:02,$ 3496.58,1
1955,09:30:02,$ 3496.58,1
1956,09:30:02,$ 3496.58,1
1957,09:30:02,$ 3496.58,1
1958,09:30:02,$ 3496.58,1
1959,09:30:02,$ 3496.58,1
1960,09:30:02,$ 3496.58,1
1961,09:30:02,$ 3496.58,1
1962,09:30:02,$ 3496.58,1
1963,09:30:02,$ 3496.58,1
1964,09:30:02,$ 3496.58,1
1965,09:30:02,$ 3496.58,1
1966,09:30:02,$ 3496.58,1
1967,09:30:02,$ 3496.58,1
1968,09:30:02,$ 3496.58,1
1969,09:30:02,$ 3496.58,1
1970,09:30:02,$ 3496.58,1
1971,09:30:02,$ 3496.58,1
1972,09:30:02,$ 3496.58,1
1973,09:30:02,$ 3496.58,1
1975,09:30:02,$ 3496.58,1
1976,09:30:02,$ 3496.58,1
1977,09:30:02,$ 3496.58,1
1978,09:30:02,$ 3496.58,1
1979,09:30:02,$ 3496.58,1
1980,09:30:02,$ 3496.58,1
1981,09:30:02,$ 3496.58,1
1982,09:30:02,$ 3496.58,1
1983,09:30:02,$ 3496.58,1
1984,09:30:02,$ 3496.58,1
1985,09:30:02,$ 3496.58,1
1986,09:30:02,$ 3496.58,1
1987,09:30:02,$ 3496.58,1
1988,09:30:02,$ 3496.58,1
1989,09:30:02,$ 3496.58,1
1990,09:30:02,$ 3496.58,1
1991,09:30:02,$ 3496.58,1
1992,09:30:02,$ 3496.58,1
1993,09:30:02,$ 3496.58,1
1994,09:30:02,$ 3496.58,1
1996,09:30:02,$ 3496.58,1
1997,09:30:02,$ 3496.58,1
1998,09:30:02,$ 3496.58,1
1999,09:30:02,$ 3496.58,1
2000,09:30:02,$ 3496.58,1
2001,09:30:02,$ 3496.58,1
2002,09:30:02,$ 3496.58,1
2003,09:30:02,$ 3496.58,1
2004,09:30:02,$ 3496.58,1
2005,09:30:02,$ 3496.58,1
2006,09:30:02,$ 3496.58,1
2007,09:30:02,$ 3496.58,57
2008,09:30:02,$ 3496.58,50
2009,09:30:02,$ 3496.58,12
2010,09:30:02,$ 3496.58,5
2011,09:30:02,$ 3496.58,7
2012,09:30:02,$ 3496.58,3
2013,09:30:02,$ 3496.58,9
2014,09:30:02,$ 3496.58,7
2015,09:30:02,$ 3496.58,50
2017,09:30:02,$ 3496.58,8
2018,09:30:02,$ 3496.58,6
2019,09:30:02,$ 3496.58,1
2020,09:30:02,$ 3496.58,1
2021,09:30:02,$ 3496.58,1
2022,09:30:02,$ 3496.58,1
2023,09:30:02,$ 3496.58,1
2024,09:30:02,$ 3496.58,1
2025,09:30:02,$ 3496.58,1
2026,09:30:02,$ 3496.58,1
2027,09:30:02,$ 3496.58,1
2028,09:30:02,$ 3496.58,1
2029,09:30:02,$ 3496.58,1
2030,09:30:02,$ 3496.58,1
2031,09:30:02,$ 3496.58,1
2032,09:30:02,$ 3496.58,1
2033,09:30:02,$ 3496.58,1
2034,09:30:02,$ 3496.58,1
2035,09:30:02,$ 3496.58,1
2036,09:30:02,$ 3496.58,1
2038,09:30:02,$ 3496.58,1
2039,09:30:02,$ 3496.58,1
2040,09:30:02,$ 3496.58,1
2041,09:30:02,$ 3496.58,1
2042,09:30:02,$ 3496.58,1
2043,09:30:02,$ 3496.58,107
2044,09:30:02,$ 3496.58,1
2045,09:30:02,$ 3496.58,1
2046,09:30:02,$ 3496.58,1
2047,09:30:02,$ 3496.58,29
2048,09:30:02,$ 3496.58,20
2049,09:30:02,$ 3496.58,1
2050,09:30:02,$ 3496.58,10
2051,09:30:02,$ 3496.58,1
2052,09:30:02,$ 3496.58,10
2053,09:30:02,$ 3496.58,1
2054,09:30:02,$ 3496.58,2
2055,09:30:02,$ 3496.58,1
2056,09:30:02,$ 3496.58,42
2057,09:30:02,$ 3496.58,1
2059,09:30:02,$ 3496.58,68
2060,09:30:02,$ 3496.58,1
2061,09:30:02,$ 3496.58,30
2062,09:30:02,$ 3496.58,85
2063,09:30:02,$ 3496.58,10
2064,09:30:02,$ 3496.58,6
2065,09:30:02,$ 3496.58,16
2066,09:30:02,$ 3496.58,1
2067,09:30:02,$ 3496.58,3
2068,09:30:02,$ 3496.58,1
2069,09:30:02,$ 3496.58,1
2070,09:30:02,$ 3496.58,1
2071,09:30:02,$ 3496.58,1
2072,09:30:02,$ 3496.58,1
2073,09:30:02,$ 3496.58,1
2074,09:30:02,$ 3496.58,2
2075,09:30:02,$ 3496.58,5
2076,09:30:02,$ 3496.58,1
2077,09:30:02,$ 3496.58,1
2078,09:30:02,$ 3496.58,260
2080,09:30:02,$ 3496.58,1
2081,09:30:02,$ 3496.58,1
2082,09:30:02,$ 3496.58,1
2083,09:30:02,$ 3496.58,1
2084,09:30:02,$ 3496.58,1
2085,09:30:02,$ 3496.58,1
2086,09:30:02,$ 3496.58,1
2087,09:30:02,$ 3496.58,1
2088,09:30:02,$ 3496.58,2
2089,09:30:02,$ 3496.58,30
2090,09:30:02,$ 3496.58,2
2091,09:30:02,$ 3496.58,1
2092,09:30:02,$ 3496.58,1
2093,09:30:02,$ 3496.58,157
2094,09:30:02,$ 3496.58,5
2095,09:30:02,$ 3496.58,1
2096,09:30:02,$ 3496.58,200
2097,09:30:02,$ 3496.58,35
2098,09:30:02,$ 3496.58,1
2099,09:30:02,$ 3496.58,1
2101,09:30:02,$ 3496.58,2
2102,09:30:02,$ 3496.58,1
2103,09:30:02,$ 3496.58,5
2104,09:30:02,$ 3496.58,2
2105,09:30:02,$ 3496.58,2
2106,09:30:02,$ 3496.58,10
2107,09:30:02,$ 3496.58,3
2108,09:30:02,$ 3496.58,9
2109,09:30:02,$ 3496.58,2
2110,09:30:02,$ 3496.58,2
2111,09:30:02,$ 3496.58,2
2112,09:30:02,$ 3496.58,40
2113,09:30:02,$ 3496.58,1
2114,09:30:02,$ 3496.58,2
2115,09:30:02,$ 3496.58,2
2116,09:30:02,$ 3496.58,3
2117,09:30:02,$ 3496.58,1
2118,09:30:02,$ 3496.58,1
2119,09:30:02,$ 3496.58,11
2120,09:30:02,$ 3496.58,30
2122,09:30:02,$ 3496.58,28
2123,09:30:02,$ 3496.58,10
2124,09:30:02,$ 3496.58,1
2125,09:30:02,$ 3496.58,3
2126,09:30:02,$ 3496.58,10
2127,09:30:02,$ 3496.58,2
2128,09:30:02,$ 3496.58,3
2129,09:30:02,$ 3496.58,6
2130,09:30:02,$ 3496.58,4
2131,09:30:02,$ 3496.58,2
2132,09:30:02,$ 3496.58,1
2133,09:30:02,$ 3496.58,1
2134,09:30:02,$ 3496.58,2
2135,09:30:02,$ 3496.58,1
2136,09:30:02,$ 3496.58,2
2137,09:30:02,$ 3496.58,20
2138,09:30:02,$ 3496.58,5
2139,09:30:02,$ 3496.58,5
2140,09:30:02,$ 3496.58,16
2141,09:30:02,$ 3496.58,1
2143,09:30:02,$ 3496.58,5
2144,09:30:02,$ 3496.58,1
2145,09:30:02,$ 3496.58,3
2146,09:30:02,$ 3496.58,1
2147,09:30:02,$ 3496.58,45
2148,09:30:02,$ 3496.58,1
2149,09:30:02,$ 3496.58,1
2150,09:30:02,$ 3496.58,1
2151,09:30:02,$ 3496.58,7
2152,09:30:02,$ 3496.58,1
2153,09:30:02,$ 3496.58,10
2154,09:30:02,$ 3496.58,5
2155,09:30:02,$ 3496.58,4
2156,09:30:02,$ 3496.58,5
2157,09:30:02,$ 3496.58,4
2158,09:30:02,$ 3496.58,100
2159,09:30:02,$ 3496.58,100
2160,09:30:02,$ 3496.58,829
2161,09:30:02,$ 3496.58,"1,687"
2162,09:30:02,$ 3496.58,2
2164,09:30:02,$ 3496.58,50
2165,09:30:02,$ 3496.58,10
2166,09:30:02,$ 3496.58,50
2167,09:30:02,$ 3496.58,2
2168,09:30:02,$ 3496.58,3
2169,09:30:02,$ 3496.58,1
2170,09:30:02,$ 3496.58,10
2171,09:30:02,$ 3496.58,3
2172,09:30:02,$ 3496.58,1
2173,09:30:02,$ 3496.58,2
2174,09:30:02,$ 3496.58,5
2175,09:30:02,$ 3496.58,2
2176,09:30:02,$ 3496.58,1
2177,09:30:02,$ 3496.58,10
2178,09:30:02,$ 3496.58,162
2179,09:30:02,$ 3496.58,1
2180,09:30:02,$ 3496.58,200
2181,09:30:02,$ 3496.58,5
2182,09:30:02,$ 3496.58,3
2183,09:30:02,$ 3496.58,5
2185,09:30:02,$ 3496.58,10
2186,09:30:02,$ 3496.58,1
2187,09:30:02,$ 3496.58,3
2188,09:30:02,$ 3496.58,3
2189,09:30:02,$ 3496.58,1
2190,09:30:02,$ 3496.58,1
2191,09:30:02,$ 3496.58,6
2192,09:30:02,$ 3496.58,3
2193,09:30:02,$ 3496.58,1
2194,09:30:02,$ 3496.58,10
2195,09:30:02,$ 3496.58,1
2196,09:30:02,$ 3496.58,14
2197,09:30:02,$ 3496.58,2
2198,09:30:02,$ 3496.58,2
2199,09:30:02,$ 3496.58,1
2200,09:30:02,$ 3496.58,29
2201,09:30:02,$ 3496.58,4
2202,09:30:02,$ 3496.58,2
2203,09:30:02,$ 3496.58,2
2204,09:30:02,$ 3496.58,2
2206,09:30:02,$ 3496.58,2
2207,09:30:02,$ 3496.58,2
2208,09:30:02,$ 3496.58,2
2209,09:30:02,$ 3496.58,2
2210,09:30:02,$ 3496.58,2
2211,09:30:02,$ 3496.58,4
2212,09:30:02,$ 3496.58,3
2213,09:30:02,$ 3496.58,4
2214,09:30:02,$ 3496.58,3
2215,09:30:02,$ 3496.58,8
2216,09:30:02,$ 3496.58,2
2217,09:30:02,$ 3496.58,3
2218,09:30:02,$ 3496.58,1
2219,09:30:02,$ 3496.58,2
2220,09:30:02,$ 3496.58,22
2221,09:30:02,$ 3496.58,2
2222,09:30:02,$ 3496.58,10
2223,09:30:02,$ 3496.58,60
2224,09:30:02,$ 3496.58,1
2225,09:30:02,$ 3496.58,1
2227,09:30:02,$ 3496.58,10
2228,09:30:02,$ 3496.58,10
2229,09:30:02,$ 3496.58,1
2230,09:30:02,$ 3496.58,1
2231,09:30:02,$ 3496.58,10
2232,09:30:02,$ 3496.58,1
2233,09:30:02,$ 3496.58,8
2234,09:30:02,$ 3496.58,1
2235,09:30:02,$ 3496.58,1
2236,09:30:02,$ 3496.58,"1,831"
2237,09:30:02,$ 3496.58,1
2238,09:30:02,$ 3496.58,1
2239,09:30:02,$ 3496.58,1
2240,09:30:02,$ 3496.58,16
2241,09:30:02,$ 3496.58,1
2242,09:30:02,$ 3496.58,277
2243,09:30:02,$ 3496.58,3
2244,09:30:02,$ 3496.58,289
2245,09:30:02,$ 3496.58,30
2246,09:30:02,$ 3496.58,60
2248,09:30:02,$ 3496.58,9
2249,09:30:02,$ 3496.58,1
2250,09:30:02,$ 3496.58,46
2251,09:30:02,$ 3496.58,1
2252,09:30:02,$ 3496.58,1
2253,09:30:02,$ 3496.58,1
2254,09:30:02,$ 3496.58,11
2255,09:30:02,$ 3496.58,1
2256,09:30:02,$ 3496.58,35
2257,09:30:02,$ 3496.58,3
2258,09:30:02,$ 3496.58,3
2259,09:30:02,$ 3496.58,2
2260,09:30:02,$ 3496.58,55
2261,09:30:02,$ 3496.58,1
2262,09:30:02,$ 3496.58,20
2263,09:30:02,$ 3496.58,15
2264,09:30:02,$ 3496.58,600
2265,09:30:02,$ 3496.58,4
2266,09:30:02,$ 3496.58,4
2267,09:30:02,$ 3496.58,9
2269,09:30:02,$ 3496.58,20
2270,09:30:02,$ 3496.58,1
2271,09:30:02,$ 3496.58,4
2272,09:30:02,$ 3496.58,25
2273,09:30:02,$ 3496.58,1
2274,09:30:02,$ 3496.58,4
2275,09:30:02,$ 3496.58,1
2276,09:30:02,$ 3496.58,2
2277,09:30:02,$ 3496.58,50
2278,09:30:02,$ 3496.58,28
2279,09:30:02,$ 3496.58,"3,300"
2280,09:30:02,$ 3496.58,"3,300"
2281,09:30:02,$ 3496.58,16
2282,09:30:02,$ 3496.58,7
2283,09:30:02,$ 3496.58,1
2284,09:30:02,$ 3496.58,45
2285,09:30:02,$ 3496.58,9
2286,09:30:02,$ 3496.58,7
2287,09:30:02,$ 3496.58,52
2288,09:30:02,$ 3496.58,3
2290,09:30:02,$ 3496.58,100
2291,09:30:02,$ 3496.58,2
2292,09:30:02,$ 3496.58,5
2293,09:30:02,$ 3496.58,1
2294,09:30:02,$ 3496.58,1
2295,09:30:02,$ 3496.58,13
2296,09:30:02,$ 3496.58,5
2297,09:30:02,$ 3496.58,8
2298,09:30:02,$ 3496.58,3
2299,09:30:02,$ 3496.58,1
2300,09:30:02,$ 3496.58,86
2301,09:30:02,$ 3496.58,1
2302,09:30:02,$ 3496.58,1
2303,09:30:02,$ 3496.58,10
2304,09:30:02,$ 3496.58,8
2305,09:30:02,$ 3496.58,140
2306,09:30:02,$ 3496.58,1
2307,09:30:02,$ 3496.58,1
2308,09:30:02,$ 3496.58,5
2309,09:30:02,$ 3496.58,1
2311,09:30:02,$ 3496.58,16
2312,09:30:02,$ 3496.58,3
2313,09:30:02,$ 3496.58,18
2314,09:30:02,$ 3496.58,1
2315,09:30:02,$ 3496.58,1
2316,09:30:02,$ 3496.58,30
2317,09:30:02,$ 3496.58,8
2318,09:30:02,$ 3496.58,1
2319,09:30:02,$ 3496.58,3
2320,09:30:02,$ 3496.58,2
2321,09:30:02,$ 3496.58,3
2322,09:30:02,$ 3496.58,14
2323,09:30:02,$ 3496.58,10
2324,09:30:02,$ 3496.58,80
2325,09:30:02,$ 3496.58,3
2326,09:30:02,$ 3496.58,2
2327,09:30:02,$ 3496.58,5
2328,09:30:02,$ 3496.58,4
2329,09:30:02,$ 3496.58,300
2330,09:30:02,$ 3496.58,2
2332,09:30:02,$ 3496.58,1
2333,09:30:02,$ 3496.58,1
2334,09:30:02,$ 3496.58,110
2335,09:30:02,$ 3496.58,46
2336,09:30:02,$ 3496.58,4
2337,09:30:02,$ 3496.58,10
2338,09:30:02,$ 3496.58,4
2339,09:30:02,$ 3496.58,2
2340,09:30:02,$ 3496.58,2
2341,09:30:02,$ 3496.58,1
2342,09:30:02,$ 3496.58,5
2343,09:30:02,$ 3496.58,9
2344,09:30:02,$ 3496.58,1
2345,09:30:02,$ 3496.58,170
2346,09:30:02,$ 3496.58,1
2347,09:30:02,$ 3496.58,2
2348,09:30:02,$ 3496.58,1
2349,09:30:02,$ 3496.58,29
2350,09:30:02,$ 3496.58,6
2351,09:30:02,$ 3496.58,1
2353,09:30:02,$ 3496.58,2
2354,09:30:02,$ 3496.58,1
2355,09:30:02,$ 3496.58,2
2356,09:30:02,$ 3496.58,5
2357,09:30:02,$ 3496.58,3
2358,09:30:02,$ 3496.58,10
2359,09:30:02,$ 3496.58,1
2360,09:30:02,$ 3496.58,1
2361,09:30:02,$ 3496.58,1
2362,09:30:02,$ 3496.58,5
2363,09:30:02,$ 3496.58,24
2364,09:30:02,$ 3496.58,4
2365,09:30:02,$ 3496.58,2
2366,09:30:02,$ 3496.58,1
2367,09:30:02,$ 3496.58,1
2368,09:30:02,$ 3496.58,10
2369,09:30:02,$ 3496.58,612
2370,09:30:02,$ 3496.58,10
2371,09:30:02,$ 3496.58,2
2372,09:30:02,$ 3496.58,5
2374,09:30:02,$ 3496.58,232
2375,09:30:02,$ 3496.58,120
2376,09:30:02,$ 3496.58,1
2377,09:30:02,$ 3496.58,1
2378,09:30:02,$ 3496.58,5
2379,09:30:02,$ 3496.58,2
2380,09:30:02,$ 3496.58,3
2381,09:30:02,$ 3496.58,1
2382,09:30:02,$ 3496.58,2
2383,09:30:02,$ 3496.58,26
2384,09:30:02,$ 3496.58,257
2385,09:30:02,$ 3496.58,13
2386,09:30:02,$ 3496.58,100
2387,09:30:02,$ 3496.58,2
2388,09:30:02,$ 3496.58,10
2389,09:30:02,$ 3496.58,15
2390,09:30:02,$ 3496.58,4
2391,09:30:02,$ 3496.58,1
2392,09:30:02,$ 3496.58,1
2393,09:30:02,$ 3496.58,75
2395,09:30:02,$ 3496.58,60
2396,09:30:02,$ 3496.58,7
2397,09:30:02,$ 3496.58,5
2398,09:30:02,$ 3496.58,5
2399,09:30:02,$ 3496.58,"1,630"
2400,09:30:02,$ 3496.58,5
2401,09:30:02,$ 3496.58,1
2402,09:30:02,$ 3496.58,100
2403,09:30:02,$ 3496.58,6
2404,09:30:02,$ 3496.58,5
2405,09:30:02,$ 3496.58,1
2406,09:30:02,$ 3496.58,1
2407,09:30:02,$ 3496.58,100
2408,09:30:02,$ 3496.58,100
2409,09:30:02,$ 3496.58,3
2410,09:30:02,$ 3496.58,1
2411,09:30:02,$ 3496.58,2
2412,09:30:02,$ 3496.58,20
2413,09:30:02,$ 3496.58,60
2414,09:30:02,$ 3496.58,50
2416,09:30:02,$ 3496.58,1
2417,09:30:02,$ 3496.58,30
2418,09:30:02,$ 3496.58,1
2419,09:30:02,$ 3496.58,1
2420,09:30:02,$ 3496.58,4
2421,09:30:02,$ 3496.58,1
2422,09:30:02,$ 3496.58,1
2423,09:30:02,$ 3496.58,1
2424,09:30:02,$ 3496.58,11
2425,09:30:02,$ 3496.58,1
2426,09:30:02,$ 3496.58,3
2427,09:30:02,$ 3496.58,1
2428,09:30:02,$ 3496.58,1
2429,09:30:02,$ 3496.58,1
2430,09:30:02,$ 3496.58,19
2431,09:30:02,$ 3496.58,12
2432,09:30:02,$ 3496.58,1
2433,09:30:02,$ 3496.58,3
2434,09:30:02,$ 3496.58,5
2435,09:30:02,$ 3496.58,2
2437,09:30:02,$ 3496.58,30
2438,09:30:02,$ 3496.58,1
2439,09:30:02,$ 3496.58,217
2440,09:30:02,$ 3496.58,1
2441,09:30:02,$ 3496.58,2
2442,09:30:02,$ 3496.58,1
2443,09:30:02,$ 3496.58,2
2444,09:30:02,$ 3496.58,2
2445,09:30:02,$ 3496.58,2
2446,09:30:02,$ 3496.58,1
2447,09:30:02,$ 3496.58,5
2448,09:30:02,$ 3496.58,3
2449,09:30:02,$ 3496.58,2
2450,09:30:02,$ 3496.58,5
2451,09:30:02,$ 3496.58,143
2452,09:30:02,$ 3496.58,1
2453,09:30:02,$ 3496.58,1
2454,09:30:02,$ 3496.58,6
2455,09:30:02,$ 3496.58,1
2456,09:30:02,$ 3496.58,200
2458,09:30:02,$ 3496.58,20
2459,09:30:02,$ 3496.58,5
2460,09:30:02,$ 3496.58,6
2461,09:30:02,$ 3496.58,800
2462,09:30:02,$ 3496.58,1
2463,09:30:02,$ 3496.58,100
2464,09:30:02,$ 3496.58,12
2465,09:30:02,$ 3496.58,1
2466,09:30:02,$ 3496.58,2
2467,09:30:02,$ 3496.58,6
2468,09:30:02,$ 3496.58,10
2469,09:30:02,$ 3496.58,2
2470,09:30:02,$ 3496.58,7
2471,09:30:02,$ 3496.58,20
2472,09:30:02,$ 3496.58,2
2473,09:30:02,$ 3496.58,1
2474,09:30:02,$ 3496.58,6
2475,09:30:02,$ 3496.58,1
2476,09:30:02,$ 3496.58,2
2477,09:30:02,$ 3496.58,1
2479,09:30:02,$ 3496.58,10
2480,09:30:02,$ 3496.58,5
2481,09:30:02,$ 3496.58,1
2482,09:30:02,$ 3496.58,1
2483,09:30:02,$ 3496.58,34
2484,09:30:02,$ 3496.58,10
2485,09:30:02,$ 3496.58,10
2486,09:30:02,$ 3496.58,2
2487,09:30:02,$ 3496.58,1
2488,09:30:02,$ 3496.58,5
2489,09:30:02,$ 3496.58,1
2490,09:30:02,$ 3496.58,3
2491,09:30:02,$ 3496.58,1
2492,09:30:02,$ 3496.58,3
2493,09:30:02,$ 3496.58,1
2494,09:30:02,$ 3496.58,1
2495,09:30:02,$ 3496.58,1
2496,09:30:02,$ 3496.58,10
2497,09:30:02,$ 3496.58,5
2498,09:30:02,$ 3496.58,1
2500,09:30:02,$ 3496.58,21
2501,09:30:02,$ 3496.58,4
2502,09:30:02,$ 3496.58,1
2503,09:30:02,$ 3496.58,2
2504,09:30:02,$ 3496.58,1
2505,09:30:02,$ 3496.58,16
2506,09:30:02,$ 3496.58,2
2507,09:30:02,$ 3496.58,1
2508,09:30:02,$ 3496.58,18
2509,09:30:02,$ 3496.58,8
2510,09:30:02,$ 3496.58,200
2511,09:30:02,$ 3496.58,6
2512,09:30:02,$ 3496.58,1
2513,09:30:02,$ 3496.58,2
2514,09:30:02,$ 3496.58,4
2515,09:30:02,$ 3496.58,1
2516,09:30:02,$ 3496.58,2
2517,09:30:02,$ 3496.58,1
2518,09:30:02,$ 3496.58,1
2519,09:30:02,$ 3496.58,8
2521,09:30:02,$ 3496.58,1
2522,09:30:02,$ 3496.58,2
2523,09:30:02,$ 3496.58,30
2524,09:30:02,$ 3496.58,1
2525,09:30:02,$ 3496.58,20
2526,09:30:02,$ 3496.58,14
2527,09:30:02,$ 3496.58,1
2528,09:30:02,$ 3496.58,1
2529,09:30:02,$ 3496.58,1
2530,09:30:02,$ 3496.58,2
2531,09:30:02,$ 3496.58,2
2532,09:30:02,$ 3496.58,4
2533,09:30:02,$ 3496.58,10
2534,09:30:02,$ 3496.58,14
2535,09:30:02,$ 3496.58,3
2536,09:30:02,$ 3496.58,1
2537,09:30:02,$ 3496.58,1
2538,09:30:02,$ 3496.58,1
2539,09:30:02,$ 3496.58,1
2540,09:30:02,$ 3496.58,8
2542,09:30:02,$ 3496.58,5
2543,09:30:02,$ 3496.58,10
2544,09:30:02,$ 3496.58,1
2545,09:30:02,$ 3496.58,5
2546,09:30:02,$ 3496.58,2
2547,09:30:02,$ 3496.58,3
2548,09:30:02,$ 3496.58,2
2549,09:30:02,$ 3496.58,2
2550,09:30:02,$ 3496.58,1
2551,09:30:02,$ 3496.58,2
2552,09:30:02,$ 3496.58,3
2553,09:30:02,$ 3496.58,10
2554,09:30:02,$ 3496.58,2
2555,09:30:02,$ 3496.58,2
2556,09:30:02,$ 3496.58,5
2557,09:30:02,$ 3496.58,2
2558,09:30:02,$ 3496.58,2
2559,09:30:02,$ 3496.58,2
2560,09:30:02,$ 3496.58,2
2561,09:30:02,$ 3496.58,1
2563,09:30:02,$ 3496.58,10
2564,09:30:02,$ 3496.58,1
2565,09:30:02,$ 3496.58,10
2566,09:30:02,$ 3496.58,1
2567,09:30:02,$ 3496.58,1
2568,09:30:02,$ 3496.58,1
2569,09:30:02,$ 3496.58,1
2570,09:30:02,$ 3496.58,4
2571,09:30:02,$ 3496.58,1
2572,09:30:02,$ 3496.58,1
2573,09:30:02,$ 3496.58,6
2574,09:30:02,$ 3496.58,14
2575,09:30:02,$ 3496.58,10
2576,09:30:02,$ 3496.58,1
2577,09:30:02,$ 3496.58,1
2578,09:30:02,$ 3496.58,1
2579,09:30:02,$ 3496.58,5
2580,09:30:02,$ 3496.58,1
2581,09:30:02,$ 3496.58,1
2582,09:30:02,$ 3496.58,1
2584,09:30:02,$ 3496.58,1
2585,09:30:02,$ 3496.58,10
2586,09:30:02,$ 3496.58,2
2587,09:30:02,$ 3496.58,9
2588,09:30:02,$ 3496.58,2
2589,09:30:02,$ 3496.58,10
2590,09:30:02,$ 3496.58,1
2591,09:30:02,$ 3496.58,5
2592,09:30:02,$ 3496.58,2
2593,09:30:02,$ 3496.58,10
2594,09:30:02,$ 3496.58,1
2595,09:30:02,$ 3496.58,20
2596,09:30:02,$ 3496.58,1
2597,09:30:02,$ 3496.58,2
2598,09:30:02,$ 3496.58,1
2599,09:30:02,$ 3496.58,1
2600,09:30:02,$ 3496.58,150
2601,09:30:02,$ 3496.58,10
2602,09:30:02,$ 3496.58,2
2603,09:30:02,$ 3496.58,5
2605,09:30:02,$ 3496.58,1
2606,09:30:02,$ 3496.58,5
2607,09:30:02,$ 3496.58,2
2608,09:30:02,$ 3496.58,4
2609,09:30:02,$ 3496.58,5
2610,09:30:02,$ 3496.58,10
2611,09:30:02,$ 3496.58,2
2612,09:30:02,$ 3496.58,2
2613,09:30:02,$ 3496.58,1
2614,09:30:02,$ 3496.58,5
2615,09:30:02,$ 3496.58,87
2616,09:30:02,$ 3496.58,1
2617,09:30:02,$ 3496.58,50
2618,09:30:02,$ 3496.58,5
2619,09:30:02,$ 3496.58,4
2620,09:30:02,$ 3496.58,1
2621,09:30:02,$ 3496.58,5
2622,09:30:02,$ 3496.58,1
2623,09:30:02,$ 3496.58,2
2624,09:30:02,$ 3496.58,4
2626,09:30:02,$ 3496.58,7
2627,09:30:02,$ 3496.58,1
2628,09:30:02,$ 3496.58,3
2629,09:30:02,$ 3496.58,1
2630,09:30:02,$ 3496.58,4
2631,09:30:02,$ 3496.58,1
2632,09:30:02,$ 3496.58,1
2633,09:30:02,$ 3496.58,3
2634,09:30:02,$ 3496.58,1
2635,09:30:02,$ 3496.58,74
2636,09:30:02,$ 3496.58,3
2637,09:30:02,$ 3496.58,1
2638,09:30:02,$ 3496.58,4
2639,09:30:02,$ 3496.58,20
2640,09:30:02,$ 3496.58,5
2641,09:30:02,$ 3496.58,5
2642,09:30:02,$ 3496.58,1
2643,09:30:02,$ 3496.58,1
2644,09:30:02,$ 3496.58,15
2645,09:30:02,$ 3496.58,50
2647,09:30:02,$ 3496.58,2
2648,09:30:02,$ 3496.58,3
2649,09:30:02,$ 3496.58,1
2650,09:30:02,$ 3496.58,5
2651,09:30:02,$ 3496.58,1
2652,09:30:02,$ 3496.58,10
2653,09:30:02,$ 3496.58,5
2654,09:30:02,$ 3496.58,2
2655,09:30:02,$ 3496.58,1
2656,09:30:02,$ 3496.58,1
2657,09:30:02,$ 3496.58,1
2658,09:30:02,$ 3496.58,4
2659,09:30:02,$ 3496.58,15
2660,09:30:02,$ 3496.58,50
2661,09:30:02,$ 3496.58,1
2662,09:30:02,$ 3496.58,10
2663,09:30:02,$ 3496.58,42
2664,09:30:02,$ 3496.58,5
2665,09:30:02,$ 3496.58,2
2666,09:30:02,$ 3496.58,3
2668,09:30:02,$ 3496.58,29
2669,09:30:02,$ 3496.58,1
2670,09:30:02,$ 3496.58,16
2671,09:30:02,$ 3496.58,15
2672,09:30:02,$ 3496.58,3
2673,09:30:02,$ 3496.58,3
2674,09:30:02,$ 3496.58,20
2675,09:30:02,$ 3496.58,10
2676,09:30:02,$ 3496.58,57
2677,09:30:02,$ 3496.58,26
2678,09:30:02,$ 3496.58,3
2679,09:30:02,$ 3496.58,15
2680,09:30:02,$ 3496.58,13
2681,09:30:02,$ 3496.58,1
2682,09:30:02,$ 3496.58,12
2683,09:30:02,$ 3496.58,12
2684,09:30:02,$ 3496.58,5
2685,09:30:02,$ 3496.58,5
2686,09:30:02,$ 3496.58,2
2687,09:30:02,$ 3496.58,1
2689,09:30:02,$ 3496.58,5
2690,09:30:02,$ 3496.58,3
2691,09:30:02,$ 3496.58,10
2692,09:30:02,$ 3496.58,5
2693,09:30:02,$ 3496.58,2
2694,09:30:02,$ 3496.58,15
2695,09:30:02,$ 3496.58,10
2696,09:30:02,$ 3496.58,10
2697,09:30:02,$ 3496.58,1
2698,09:30:02,$ 3496.58,2
2699,09:30:02,$ 3496.58,5
2700,09:30:02,$ 3496.58,4
2701,09:30:02,$ 3496.58,6
2702,09:30:02,$ 3496.58,7
2703,09:30:02,$ 3496.58,5
2704,09:30:02,$ 3496.58,7
2705,09:30:02,$ 3496.58,1
2706,09:30:02,$ 3496.58,2
2707,09:30:02,$ 3496.58,20
2708,09:30:02,$ 3496.58,2
2710,09:30:02,$ 3496.58,18
2711,09:30:02,$ 3496.58,29
2712,09:30:02,$ 3496.58,1
2713,09:30:02,$ 3496.58,135
2714,09:30:02,$ 3496.58,1
2715,09:30:02,$ 3496.58,1
2716,09:30:02,$ 3496.58,"2,000"
2717,09:30:02,$ 3496.58,1
2718,09:30:02,$ 3496.58,6
2719,09:30:02,$ 3496.58,1
2720,09:30:02,$ 3496.58,1
2721,09:30:02,$ 3496.58,1
2722,09:30:02,$ 3496.58,3
2723,09:30:02,$ 3496.58,1
2724,09:30:02,$ 3496.58,1
2725,09:30:02,$ 3496.58,1
2726,09:30:02,$ 3496.58,1
2727,09:30:02,$ 3496.58,358
2728,09:30:02,$ 3496.58,2
2729,09:30:02,$ 3496.58,1
2731,09:30:02,$ 3496.58,2
2732,09:30:02,$ 3496.58,4
2733,09:30:02,$ 3496.58,4
2734,09:30:02,$ 3496.58,1
2735,09:30:02,$ 3496.58,2
2736,09:30:02,$ 3496.58,1
2737,09:30:02,$ 3496.58,1
2738,09:30:02,$ 3496.58,2
2739,09:30:02,$ 3496.58,6
2740,09:30:02,$ 3496.58,5
2741,09:30:02,$ 3496.58,1
2742,09:30:02,$ 3496.58,3
2743,09:30:02,$ 3496.58,1
2744,09:30:02,$ 3496.58,1
2745,09:30:02,$ 3496.58,1
2746,09:30:02,$ 3496.58,1
2747,09:30:02,$ 3496.58,1
2748,09:30:02,$ 3496.58,1
2749,09:30:02,$ 3496.58,1
2750,09:30:02,$ 3496.58,1
2752,09:30:02,$ 3496.58,1
2753,09:30:02,$ 3496.58,1
2754,09:30:02,$ 3496.58,5
2755,09:30:02,$ 3496.58,1
2756,09:30:02,$ 3496.58,5
2757,09:30:02,$ 3496.58,5
2758,09:30:02,$ 3496.58,4
2759,09:30:02,$ 3496.58,3
2760,09:30:02,$ 3496.58,2
2761,09:30:02,$ 3496.58,3
2762,09:30:02,$ 3496.58,3
2763,09:30:02,$ 3496.58,2
2764,09:30:02,$ 3496.58,12
2765,09:30:02,$ 3496.58,4
2766,09:30:02,$ 3496.58,2
2767,09:30:02,$ 3496.58,1
2768,09:30:02,$ 3496.58,140
2769,09:30:02,$ 3496.58,20
2770,09:30:02,$ 3496.58,20
2771,09:30:02,$ 3496.58,5
2773,09:30:02,$ 3496.58,3
2774,09:30:02,$ 3496.58,2
2775,09:30:02,$ 3496.58,29
2776,09:30:02,$ 3496.58,3
2777,09:30:02,$ 3496.58,2
2778,09:30:02,$ 3496.58,22
2779,09:30:02,$ 3496.58,2
2780,09:30:02,$ 3496.58,1
2781,09:30:02,$ 3496.58,1
2782,09:30:02,$ 3496.58,1
2783,09:30:02,$ 3496.58,2
2784,09:30:02,$ 3496.58,7
2785,09:30:02,$ 3496.58,300
2786,09:30:02,$ 3496.58,1
2787,09:30:02,$ 3496.58,2
2788,09:30:02,$ 3496.58,2
2789,09:30:02,$ 3496.58,2
2790,09:30:02,$ 3496.58,2
2791,09:30:02,$ 3496.58,7
2792,09:30:02,$ 3496.58,10
2794,09:30:02,$ 3496.58,2
2795,09:30:02,$ 3496.58,10
2796,09:30:02,$ 3496.58,2
2797,09:30:02,$ 3496.58,3
2798,09:30:02,$ 3496.58,7
2799,09:30:02,$ 3496.58,2
2800,09:30:02,$ 3496.58,10
2801,09:30:02,$ 3496.58,5
2802,09:30:02,$ 3496.58,3
2803,09:30:02,$ 3496.58,28
2804,09:30:02,$ 3496.58,3
2805,09:30:02,$ 3496.58,281
2806,09:30:02,$ 3496.58,1
2807,09:30:02,$ 3496.58,1
2808,09:30:02,$ 3496.58,1
2809,09:30:02,$ 3496.58,1
2810,09:30:02,$ 3496.58,4
2811,09:30:02,$ 3496.58,25
2812,09:30:02,$ 3496.58,2
2813,09:30:02,$ 3496.58,4
2815,09:30:02,$ 3496.58,5
2816,09:30:02,$ 3496.58,3
2817,09:30:02,$ 3496.58,1
2818,09:30:02,$ 3496.58,2
2819,09:30:02,$ 3496.58,1
2820,09:30:02,$ 3496.58,100
2821,09:30:02,$ 3496.58,140
2822,09:30:02,$ 3496.58,140
2823,09:30:02,$ 3496.58,4
2824,09:30:02,$ 3496.58,6
2825,09:30:02,$ 3496.58,1
2826,09:30:02,$ 3496.58,16
2827,09:30:02,$ 3496.58,40
2828,09:30:02,$ 3496.58,1
2829,09:30:02,$ 3496.58,4
2830,09:30:02,$ 3496.58,10
2831,09:30:02,$ 3496.58,15
2832,09:30:02,$ 3496.58,52
2833,09:30:02,$ 3496.58,1
2834,09:30:02,$ 3496.58,2
2836,09:30:02,$ 3496.58,3
2837,09:30:02,$ 3496.58,1
2838,09:30:02,$ 3496.58,10
2839,09:30:02,$ 3496.58,3
2840,09:30:02,$ 3496.58,5
2841,09:30:02,$ 3496.58,1
2842,09:30:02,$ 3496.58,15
2843,09:30:02,$ 3496.58,2
2844,09:30:02,$ 3496.58,4
2845,09:30:02,$ 3496.58,1
2846,09:30:02,$ 3496.58,5
2847,09:30:02,$ 3496.58,1
2848,09:30:02,$ 3496.58,1
2849,09:30:02,$ 3496.58,3
2850,09:30:02,$ 3496.58,15
2851,09:30:02,$ 3496.58,6
2852,09:30:02,$ 3496.58,1
2853,09:30:02,$ 3496.58,1
2854,09:30:02,$ 3496.58,4
2855,09:30:02,$ 3496.58,1
2857,09:30:02,$ 3496.58,3
2858,09:30:02,$ 3496.58,5
2859,09:30:02,$ 3496.58,50
2860,09:30:02,$ 3496.58,1
2861,09:30:02,$ 3496.58,17
2862,09:30:02,$ 3496.58,2
2863,09:30:02,$ 3496.58,1
2864,09:30:02,$ 3496.58,4
2865,09:30:02,$ 3496.58,3
2866,09:30:02,$ 3496.58,1
2867,09:30:02,$ 3496.58,1
2868,09:30:02,$ 3496.58,1
2869,09:30:02,$ 3496.58,3
2870,09:30:02,$ 3496.58,2
2871,09:30:02,$ 3496.58,1
2872,09:30:02,$ 3496.58,10
2873,09:30:02,$ 3496.58,1
2874,09:30:02,$ 3496.58,2
2875,09:30:02,$ 3496.58,2
2876,09:30:02,$ 3496.58,1
2878,09:30:02,$ 3496.58,1
2879,09:30:02,$ 3496.58,2
2880,09:30:02,$ 3496.58,2
2881,09:30:02,$ 3496.58,2
2882,09:30:02,$ 3496.58,1
2883,09:30:02,$ 3496.58,3
2884,09:30:02,$ 3496.58,2
2885,09:30:02,$ 3496.58,1
2886,09:30:02,$ 3496.58,3
2887,09:30:02,$ 3496.58,2
2888,09:30:02,$ 3496.58,3
2889,09:30:02,$ 3496.58,2
2890,09:30:02,$ 3496.58,10
2891,09:30:02,$ 3496.58,1
2892,09:30:02,$ 3496.58,5
2893,09:30:02,$ 3496.58,2
2894,09:30:02,$ 3496.58,2
2895,09:30:02,$ 3496.58,1
2896,09:30:02,$ 3496.58,1
2897,09:30:02,$ 3496.58,6
2899,09:30:02,$ 3496.58,3
2900,09:30:02,$ 3496.58,1
2901,09:30:02,$ 3496.58,2
2902,09:30:02,$ 3496.58,1
2903,09:30:02,$ 3496.58,1
2904,09:30:02,$ 3496.58,2
2905,09:30:02,$ 3496.58,1
2906,09:30:02,$ 3496.58,3
2907,09:30:02,$ 3496.58,2
2908,09:30:02,$ 3496.58,1
2909,09:30:02,$ 3496.58,1
2910,09:30:02,$ 3496.58,3
2911,09:30:02,$ 3496.58,4
2912,09:30:02,$ 3496.58,1
2913,09:30:02,$ 3496.58,1
2914,09:30:02,$ 3496.58,2
2915,09:30:02,$ 3496.58,1
2916,09:30:02,$ 3496.58,3
2917,09:30:02,$ 3496.58,2
2918,09:30:02,$ 3496.58,1
2920,09:30:02,$ 3496.58,5
2921,09:30:02,$ 3496.58,1
2922,09:30:02,$ 3496.58,7
2923,09:30:02,$ 3496.58,10
2924,09:30:02,$ 3496.58,1
2925,09:30:02,$ 3496.58,2
2926,09:30:02,$ 3496.58,1
2927,09:30:02,$ 3496.58,5
2928,09:30:02,$ 3496.58,1
2929,09:30:02,$ 3496.58,1
2930,09:30:02,$ 3496.58,4
2931,09:30:02,$ 3496.58,2
2932,09:30:02,$ 3496.58,5
2933,09:30:02,$ 3496.58,2
2934,09:30:02,$ 3496.58,1
2935,09:30:02,$ 3496.58,10
2936,09:30:02,$ 3496.58,2
2937,09:30:02,$ 3496.58,5
2938,09:30:02,$ 3496.58,5
2939,09:30:02,$ 3496.58,8
2941,09:30:02,$ 3496.58,1
2942,09:30:02,$ 3496.58,1
2943,09:30:02,$ 3496.58,1
2944,09:30:02,$ 3496.58,1
2945,09:30:02,$ 3496.58,6
2946,09:30:02,$ 3496.58,1
2947,09:30:02,$ 3496.58,5
2948,09:30:02,$ 3496.58,15
2949,09:30:02,$ 3496.58,5
2950,09:30:02,$ 3496.58,1
2951,09:30:02,$ 3496.58,1
2952,09:30:02,$ 3496.58,1
2953,09:30:02,$ 3496.58,6
2954,09:30:02,$ 3496.58,3
2955,09:30:02,$ 3496.58,2
2956,09:30:02,$ 3496.58,10
2957,09:30:02,$ 3496.58,2
2958,09:30:02,$ 3496.58,5
2959,09:30:02,$ 3496.58,1
2960,09:30:02,$ 3496.58,2
2962,09:30:02,$ 3496.58,20
2963,09:30:02,$ 3496.58,23
2964,09:30:02,$ 3496.58,1
2965,09:30:02,$ 3496.58,6
2966,09:30:02,$ 3496.58,11
2967,09:30:02,$ 3496.58,16
2968,09:30:02,$ 3496.58,98
2969,09:30:02,$ 3496.58,2
2970,09:30:02,$ 3496.58,2
2971,09:30:02,$ 3496.58,1
2972,09:30:02,$ 3496.58,15
2973,09:30:02,$ 3496.58,2
2974,09:30:02,$ 3496.58,1
2975,09:30:02,$ 3496.58,1
2976,09:30:02,$ 3496.58,1
2977,09:30:02,$ 3496.58,4
2978,09:30:02,$ 3496.58,1
2979,09:30:02,$ 3496.58,10
2980,09:30:02,$ 3496.58,12
2981,09:30:02,$ 3496.58,1
2983,09:30:02,$ 3496.58,1
2984,09:30:02,$ 3496.58,1
2985,09:30:02,$ 3496.58,300
2986,09:30:02,$ 3496.58,2
2987,09:30:02,$ 3496.58,33
2988,09:30:02,$ 3496.58,185
2989,09:30:02,$ 3496.58,10
2990,09:30:02,$ 3496.58,3
2991,09:30:02,$ 3496.58,900
2992,09:30:02,$ 3496.58,6
2993,09:30:02,$ 3496.58,3
2994,09:30:02,$ 3496.58,4
2995,09:30:02,$ 3496.58,31
2996,09:30:02,$ 3496.58,20
2997,09:30:02,$ 3496.58,3
2998,09:30:02,$ 3496.58,2
2999,09:30:02,$ 3496.58,170
3000,09:30:02,$ 3496.58,15
3001,09:30:02,$ 3496.58,2
3002,09:30:02,$ 3496.58,35
3004,09:30:02,$ 3496.58,4
3005,09:30:02,$ 3496.58,1
3006,09:30:02,$ 3496.58,3
3007,09:30:02,$ 3496.58,1
3008,09:30:02,$ 3496.58,1
3009,09:30:02,$ 3496.58,1
3010,09:30:02,$ 3496.58,7
3011,09:30:02,$ 3496.58,11
3012,09:30:02,$ 3496.58,10
3013,09:30:02,$ 3496.58,13
3014,09:30:02,$ 3496.58,10
3015,09:30:02,$ 3496.58,15
3016,09:30:02,$ 3496.58,7
3017,09:30:02,$ 3496.58,5
3018,09:30:02,$ 3496.58,2
3019,09:30:02,$ 3496.58,3
3020,09:30:02,$ 3496.58,3
3021,09:30:02,$ 3496.58,3
3022,09:30:02,$ 3496.58,3
3023,09:30:02,$ 3496.58,4
3025,09:30:02,$ 3496.58,3
3026,09:30:02,$ 3496.58,2
3027,09:30:02,$ 3496.58,4
3028,09:30:02,$ 3496.58,5
3029,09:30:02,$ 3496.58,8
3030,09:30:02,$ 3496.58,12
3031,09:30:02,$ 3496.58,14
3032,09:30:02,$ 3496.58,19
3033,09:30:02,$ 3496.58,18
3034,09:30:02,$ 3496.58,10
3035,09:30:02,$ 3496.58,6
3036,09:30:02,$ 3496.58,1
3037,09:30:02,$ 3496.58,8
3038,09:30:02,$ 3496.58,2
3039,09:30:02,$ 3496.58,2
3040,09:30:02,$ 3496.58,2
3041,09:30:02,$ 3496.58,2
3042,09:30:02,$ 3496.58,5
3043,09:30:02,$ 3496.58,5
3044,09:30:02,$ 3496.58,3
3046,09:30:02,$ 3496.58,6
3047,09:30:02,$ 3496.58,4
3048,09:30:02,$ 3496.58,5
3049,09:30:02,$ 3496.58,1
3050,09:30:02,$ 3496.58,2
3051,09:30:02,$ 3496.58,286
3052,09:30:02,$ 3496.58,6
3053,09:30:02,$ 3496.58,30
3054,09:30:02,$ 3496.58,1
3055,09:30:02,$ 3496.58,1
3056,09:30:02,$ 3496.58,1
3057,09:30:02,$ 3496.58,1
3058,09:30:02,$ 3496.58,1
3059,09:30:02,$ 3496.58,1
3060,09:30:02,$ 3496.58,1
3061,09:30:02,$ 3496.58,1
3062,09:30:02,$ 3496.58,1
3063,09:30:02,$ 3496.58,1
3064,09:30:02,$ 3496.58,1
3065,09:30:02,$ 3496.58,1
3067,09:30:02,$ 3496.58,1
3068,09:30:02,$ 3496.58,1
3069,09:30:02,$ 3496.58,1
3070,09:30:02,$ 3496.58,1
3071,09:30:02,$ 3496.58,1
3072,09:30:02,$ 3496.58,1
3073,09:30:02,$ 3496.58,1
3074,09:30:02,$ 3496.58,2
3075,09:30:02,$ 3496.58,1
3076,09:30:02,$ 3496.58,1
3077,09:30:02,$ 3496.58,1
3078,09:30:02,$ 3496.58,1
3079,09:30:02,$ 3496.58,1
3080,09:30:02,$ 3496.58,1
3081,09:30:02,$ 3496.58,1
3082,09:30:02,$ 3496.58,1
3083,09:30:02,$ 3496.58,1
3084,09:30:02,$ 3496.58,1
3085,09:30:02,$ 3496.58,1
3086,09:30:02,$ 3496.58,1
3088,09:30:02,$ 3496.58,1
3089,09:30:02,$ 3496.58,1
3090,09:30:02,$ 3496.58,1
3091,09:30:02,$ 3496.58,1
3092,09:30:02,$ 3496.58,1
3093,09:30:02,$ 3496.58,1
3094,09:30:02,$ 3496.58,1
3095,09:30:02,$ 3496.58,1
3096,09:30:02,$ 3496.58,1
3097,09:30:02,$ 3496.58,1
3098,09:30:02,$ 3496.58,1
3099,09:30:02,$ 3496.58,1
3100,09:30:02,$ 3496.58,1
3101,09:30:02,$ 3496.58,1
3102,09:30:02,$ 3496.58,1
3103,09:30:02,$ 3496.58,1
3104,09:30:02,$ 3496.58,1
3105,09:30:02,$ 3496.58,1
3106,09:30:02,$ 3496.58,1
3107,09:30:02,$ 3496.58,1
3109,09:30:02,$ 3496.58,1
3110,09:30:02,$ 3496.58,1
3111,09:30:02,$ 3496.58,1
3112,09:30:02,$ 3496.58,1
3113,09:30:02,$ 3496.58,1
3114,09:30:02,$ 3496.58,1
3115,09:30:02,$ 3496.58,1
3116,09:30:02,$ 3496.58,1
3117,09:30:02,$ 3496.58,1
3118,09:30:02,$ 3496.58,1
3119,09:30:02,$ 3496.58,1
3120,09:30:02,$ 3496.58,1
3121,09:30:02,$ 3496.58,1
3122,09:30:02,$ 3496.58,1
3123,09:30:02,$ 3496.58,1
3124,09:30:02,$ 3496.58,1
3125,09:30:02,$ 3496.58,1
3126,09:30:02,$ 3496.58,1
3127,09:30:02,$ 3496.58,1
3128,09:30:02,$ 3496.58,1
3130,09:30:02,$ 3496.58,1
3131,09:30:02,$ 3496.58,1
3132,09:30:02,$ 3496.58,1
3133,09:30:02,$ 3496.58,1
3134,09:30:02,$ 3496.58,1
3135,09:30:02,$ 3496.58,1
3136,09:30:02,$ 3496.58,1
3137,09:30:02,$ 3496.58,1
3138,09:30:02,$ 3496.58,1
3139,09:30:02,$ 3496.58,1
3140,09:30:02,$ 3496.58,1
3141,09:30:02,$ 3496.58,1
3142,09:30:02,$ 3496.58,1
3143,09:30:02,$ 3496.58,1
3144,09:30:02,$ 3496.58,1
3145,09:30:02,$ 3496.58,1
3146,09:30:02,$ 3496.58,1
3147,09:30:02,$ 3496.58,1
3148,09:30:02,$ 3496.58,1
3149,09:30:02,$ 3496.58,1
3151,09:30:02,$ 3496.58,4
3152,09:30:02,$ 3496.58,1
3153,09:30:02,$ 3496.58,1
3154,09:30:02,$ 3496.58,1
3155,09:30:02,$ 3496.58,1
3156,09:30:02,$ 3496.58,1
3157,09:30:02,$ 3496.58,1
3158,09:30:02,$ 3496.58,50
3159,09:30:02,$ 3496.58,2
3160,09:30:02,$ 3496.58,3
3161,09:30:02,$ 3496.58,5
3162,09:30:02,$ 3496.58,5
3163,09:30:02,$ 3496.58,1
3164,09:30:02,$ 3496.58,5
3165,09:30:02,$ 3496.58,1
3166,09:30:02,$ 3496.58,2
3167,09:30:02,$ 3496.58,3
3168,09:30:02,$ 3496.58,2
3169,09:30:02,$ 3496.58,1
3170,09:30:02,$ 3496.58,1
3172,09:30:02,$ 3496.58,2
3173,09:30:02,$ 3496.58,1
3174,09:30:02,$ 3496.58,5
3175,09:30:02,$ 3496.58,1
3176,09:30:02,$ 3496.58,1
3177,09:30:02,$ 3496.58,10
3178,09:30:02,$ 3496.58,1
3179,09:30:02,$ 3496.58,1
3180,09:30:02,$ 3496.58,2
3181,09:30:02,$ 3496.58,1
3182,09:30:02,$ 3496.58,3
3183,09:30:02,$ 3496.58,1
3184,09:30:02,$ 3496.58,2
3185,09:30:02,$ 3496.58,10
3186,09:30:02,$ 3496.58,3
3187,09:30:02,$ 3496.58,3
3188,09:30:02,$ 3496.58,1
3189,09:30:02,$ 3496.58,1
3190,09:30:02,$ 3496.58,2
3191,09:30:02,$ 3496.58,1
3193,09:30:02,$ 3496.58,1
3194,09:30:02,$ 3496.58,5
3195,09:30:02,$ 3496.58,1
3196,09:30:02,$ 3496.58,1
3197,09:30:02,$ 3496.58,2
3198,09:30:02,$ 3496.58,1
3199,09:30:02,$ 3496.58,1
3200,09:30:02,$ 3496.58,1
3201,09:30:02,$ 3496.58,3
3202,09:30:02,$ 3496.58,1
3203,09:30:02,$ 3496.58,1
3204,09:30:02,$ 3496.58,1
3205,09:30:02,$ 3496.58,1
3206,09:30:02,$ 3496.58,1
3207,09:30:02,$ 3496.58,1
3208,09:30:02,$ 3496.58,1
3209,09:30:02,$ 3496.58,1
3210,09:30:02,$ 3496.58,4
3211,09:30:02,$ 3496.58,2
3212,09:30:02,$ 3496.58,3
3214,09:30:02,$ 3496.58,2
3215,09:30:02,$ 3496.58,1
3216,09:30:02,$ 3496.58,3
3217,09:30:02,$ 3496.58,4
3218,09:30:02,$ 3496.58,1
3219,09:30:02,$ 3496.58,1
3220,09:30:02,$ 3496.58,5
3221,09:30:02,$ 3496.58,1
3222,09:30:02,$ 3496.58,5
3223,09:30:02,$ 3496.58,39
3224,09:30:02,$ 3496.58,150
3225,09:30:02,$ 3496.58,1
3226,09:30:02,$ 3496.58,6
3227,09:30:02,$ 3496.58,1
3228,09:30:02,$ 3496.58,3
3229,09:30:02,$ 3496.58,2
3230,09:30:02,$ 3496.58,1
3231,09:30:02,$ 3496.58,6
3232,09:30:02,$ 3496.58,5
3233,09:30:02,$ 3496.58,1
3235,09:30:02,$ 3496.58,12
3236,09:30:02,$ 3496.58,3
3237,09:30:02,$ 3496.58,3
3238,09:30:02,$ 3496.58,1
3239,09:30:02,$ 3496.58,1
3240,09:30:02,$ 3496.58,1
3241,09:30:02,$ 3496.58,8
3242,09:30:02,$ 3496.58,4
3243,09:30:02,$ 3496.58,3
3244,09:30:02,$ 3496.58,1
3245,09:30:02,$ 3496.58,2
3246,09:30:02,$ 3496.58,2
3247,09:30:02,$ 3496.58,2
3248,09:30:02,$ 3496.58,1
3249,09:30:02,$ 3496.58,1
3250,09:30:02,$ 3496.58,2
3251,09:30:02,$ 3496.58,2
3252,09:30:02,$ 3496.58,1
3253,09:30:02,$ 3496.58,2
3254,09:30:02,$ 3496.58,1
3256,09:30:02,$ 3496.58,2
3257,09:30:02,$ 3496.58,1
3258,09:30:02,$ 3496.58,2
3259,09:30:02,$ 3496.58,2
3260,09:30:02,$ 3496.58,1
3261,09:30:02,$ 3496.58,3
3262,09:30:02,$ 3496.58,2
3263,09:30:02,$ 3496.58,3
3264,09:30:02,$ 3496.58,3
3265,09:30:02,$ 3496.58,6
3266,09:30:02,$ 3496.58,15
3267,09:30:02,$ 3496.58,2
3268,09:30:02,$ 3496.58,1
3269,09:30:02,$ 3496.58,4
3270,09:30:02,$ 3496.58,15
3271,09:30:02,$ 3496.58,1
3272,09:30:02,$ 3496.58,34
3273,09:30:02,$ 3496.58,6
3274,09:30:02,$ 3496.58,2
3275,09:30:02,$ 3496.58,1
3277,09:30:02,$ 3496.58,3
3278,09:30:02,$ 3496.58,6
3279,09:30:02,$ 3496.58,200
3280,09:30:02,$ 3496.58,50
3281,09:30:02,$ 3496.58,10
3282,09:30:02,$ 3496.58,1
3283,09:30:02,$ 3496.58,1
3284,09:30:02,$ 3496.58,19
3285,09:30:02,$ 3496.58,3
3286,09:30:02,$ 3496.58,2
3287,09:30:02,$ 3496.58,5
3288,09:30:02,$ 3496.58,1
3289,09:30:02,$ 3496.58,100
3290,09:30:02,$ 3496.58,205
3291,09:30:02,$ 3496.58,94
3292,09:30:02,$ 3496.58,10
3293,09:30:02,$ 3496.58,5
3294,09:30:02,$ 3496.58,1
3295,09:30:02,$ 3496.58,99
3296,09:30:02,$ 3496.58,253
3298,09:30:02,$ 3496.58,1
3299,09:30:02,$ 3496.58,100
3300,09:30:02,$ 3496.58,12
3301,09:30:02,$ 3496.58,10
3302,09:30:02,$ 3496.58,10
3303,09:30:02,$ 3496.58,10
3304,09:30:02,$ 3496.58,300
3305,09:30:02,$ 3496.58,200
3306,09:30:02,$ 3496.58,56
3307,09:30:02,$ 3496.58,43
3308,09:30:02,$ 3496.58,"1,270"
3309,09:30:02,$ 3496.58,185
3310,09:30:02,$ 3496.58,32
3311,09:30:02,$ 3496.58,1
3312,09:30:02,$ 3496.58,1
3313,09:30:02,$ 3496.58,4
3314,09:30:02,$ 3496.58,5
3315,09:30:02,$ 3496.58,5
3316,09:30:02,$ 3496.58,1
3317,09:30:02,$ 3496.58,1
3319,09:30:02,$ 3496.58,1
3320,09:30:02,$ 3496.58,7
3321,09:30:02,$ 3496.58,5
3322,09:30:02,$ 3496.58,9
3323,09:30:02,$ 3496.58,5
3324,09:30:02,$ 3496.58,3
3325,09:30:02,$ 3496.58,2
3326,09:30:02,$ 3496.58,6
3327,09:30:02,$ 3496.58,15
3328,09:30:02,$ 3496.58,15
3329,09:30:02,$ 3496.58,29
3330,09:30:02,$ 3496.58,15
3331,09:30:02,$ 3496.58,9
3332,09:30:02,$ 3496.58,2
3333,09:30:02,$ 3496.58,59
3334,09:30:02,$ 3496.58,366
3335,09:30:02,$ 3496.58,100
3336,09:30:02,$ 3496.58,9
3337,09:30:02,$ 3496.58,65
3338,09:30:02,$ 3496.58,1
3340,09:30:02,$ 3496.58,23
3341,09:30:02,$ 3496.58,2
3342,09:30:02,$ 3496.58,177
3343,09:30:02,$ 3496.58,1
3344,09:30:02,$ 3496.58,3
3345,09:30:02,$ 3496.58,1
3346,09:30:02,$ 3496.58,27
3347,09:30:02,$ 3496.58,35
3348,09:30:02,$ 3496.58,34
3349,09:30:02,$ 3496.58,10
3350,09:30:02,$ 3496.58,34
3351,09:30:02,$ 3496.58,34
3352,09:30:02,$ 3496.58,34
3353,09:30:02,$ 3496.58,1
3354,09:30:02,$ 3496.58,5
3355,09:30:02,$ 3496.58,1
3356,09:30:02,$ 3496.58,50
3357,09:30:02,$ 3496.58,5
3358,09:30:02,$ 3496.58,63
3359,09:30:02,$ 3496.58,3
3361,09:30:02,$ 3496.58,1
3362,09:30:02,$ 3496.58,153
3363,09:30:02,$ 3496.58,84
3364,09:30:02,$ 3496.58,118
3365,09:30:02,$ 3496.58,148
3366,09:30:02,$ 3496.58,199
3367,09:30:02,$ 3496.58,204
3368,09:30:02,$ 3496.58,200
3369,09:30:02,$ 3496.58,448
3370,09:30:02,$ 3496.58,328
3371,09:30:02,$ 3496.58,1
3372,09:30:02,$ 3496.58,5
3373,09:30:02,$ 3496.58,3
3374,09:30:02,$ 3496.58,127
3375,09:30:02,$ 3496.58,3
3376,09:30:02,$ 3496.58,312
3377,09:30:02,$ 3496.58,2
3378,09:30:02,$ 3496.58,1
3379,09:30:02,$ 3496.58,525
3380,09:30:02,$ 3496.58,1
3382,09:30:02,$ 3496.58,24
3383,09:30:02,$ 3496.58,1
3384,09:30:02,$ 3496.58,2
3385,09:30:02,$ 3496.58,3
3386,09:30:02,$ 3496.58,100
3387,09:30:02,$ 3496.58,100
3388,09:30:02,$ 3496.58,5
3389,09:30:02,$ 3496.58,100
3390,09:30:02,$ 3496.58,205
3391,09:30:02,$ 3496.58,10
3392,09:30:02,$ 3496.58,5
3393,09:30:02,$ 3496.58,3
3394,09:30:02,$ 3496.58,1
3395,09:30:02,$ 3496.58,16
3396,09:30:02,$ 3496.58,15
3397,09:30:02,$ 3496.58,1
3398,09:30:02,$ 3496.58,15
3399,09:30:02,$ 3496.58,1
3400,09:30:02,$ 3496.58,1
3401,09:30:02,$ 3496.58,1
3403,09:30:02,$ 3496.58,1
3404,09:30:02,$ 3496.58,14
3405,09:30:02,$ 3496.58,"3,421"
3406,09:30:02,$ 3496.58,213
3407,09:30:02,$ 3496.58,1
3408,09:30:02,$ 3496.58,10
3409,09:30:02,$ 3496.58,1
3410,09:30:02,$ 3496.58,117
3411,09:30:02,$ 3496.58,58
3412,09:30:02,$ 3496.58,100
3413,09:30:02,$ 3496.58,3
3414,09:30:02,$ 3496.58,2
3415,09:30:02,$ 3496.58,1
3416,09:30:02,$ 3496.58,5
3417,09:30:02,$ 3496.58,1
3418,09:30:02,$ 3496.58,3
3419,09:30:02,$ 3496.58,1
3420,09:30:02,$ 3496.58,2
3421,09:30:02,$ 3496.58,506
3422,09:30:02,$ 3496.58,7
3424,09:30:02,$ 3496.58,10
3425,09:30:02,$ 3496.58,9
3426,09:30:02,$ 3496.58,4
3427,09:30:02,$ 3496.58,7
3428,09:30:02,$ 3496.58,"3,000"
3429,09:30:02,$ 3496.58,5
3430,09:30:02,$ 3496.58,11
3431,09:30:02,$ 3496.58,33
3432,09:30:02,$ 3496.58,4
3433,09:30:02,$ 3496.58,1
3434,09:30:02,$ 3496.58,10
3435,09:30:02,$ 3496.58,25
3436,09:30:02,$ 3496.58,3
3437,09:30:02,$ 3496.58,10
3438,09:30:02,$ 3496.58,1
3439,09:30:02,$ 3496.58,1
3440,09:30:02,$ 3497.00,199
3441,09:30:02,$ 3497.00,199
3442,09:30:02,$ 3497.00,101
3443,09:30:02,$ 3496.58,100
3445,09:30:02,$ 3496.58,100
3446,09:30:01,$ 3496.396,100
3448,10:29:58,$ 3511.885,250
3449,10:29:48,$ 3512.31,100
3450,10:29:48,$ 3511.795,100
3451,10:29:40,$ 3511.4896,100
3452,10:29:20,$ 3511.9999,100
3453,10:28:48,$ 3511.09,100
3454,10:28:43,$ 3511.1926,130
3455,10:28:41,$ 3511.21,100
3456,10:28:36,$ 3512.2599,500
3457,10:28:09,$ 3509.505,132
3458,10:27:59,$ 3510.00,104
3459,10:27:59,$ 3510.00,100
3460,10:27:59,$ 3510.00,224
3461,10:27:59,$ 3510.07,100
3462,10:27:59,$ 3510.21,100
3463,10:27:54,$ 3510.85,100
3464,10:27:53,$ 3511.16,100
3465,10:27:46,$ 3511.18,100
3466,10:27:46,$ 3511.42,100
3467,10:27:44,$ 3511.69,100
3469,10:27:42,$ 3511.98,100
3470,10:27:42,$ 3512.73,100
3471,10:27:42,$ 3512.715,100
3472,10:27:31,$ 3511.9995,250
3473,10:27:29,$ 3510.85,100
3474,10:27:27,$ 3512.315,100
3475,10:27:27,$ 3511.67,100
3476,10:27:24,$ 3511.28,100
3477,10:27:19,$ 3511.49,100
3478,10:27:19,$ 3511.22,100
3479,10:27:18,$ 3511.08,100
3480,10:27:17,$ 3512.98,100
3481,10:27:12,$ 3513.425,100
3482,10:27:11,$ 3512.075,100
3483,10:27:11,$ 3511.47,100
3484,10:27:10,$ 3510.59,200
3485,10:27:10,$ 3510.82,100
3486,10:27:10,$ 3510.035,100
3487,10:27:09,$ 3509.44,104
3488,10:27:09,$ 3509.63,100
3490,10:27:05,$ 3510.32,100
3491,10:27:04,$ 3510.14,100
3492,10:27:04,$ 3510.12,100
3493,10:27:04,$ 3509.85,100
3494,10:27:04,$ 3509.91,100
3495,10:27:04,$ 3510.13,200
3496,10:27:04,$ 3510.805,125
3497,10:27:04,$ 3510.02,100
3498,10:27:02,$ 3511.22,100
3499,10:26:57,$ 3508.302,100
3500,10:26:57,$ 3508.302,100
3501,10:26:57,$ 3509.10,100
3502,10:26:57,$ 3509.27,100
3503,10:26:53,$ 3508.01,100
3504,10:26:53,$ 3508.01,114
3505,10:26:50,$ 3507.0201,100
3506,10:26:49,$ 3508.15,140
3507,10:26:47,$ 3508.1487,177
3508,10:26:37,$ 3507.96,100
3509,10:26:35,$ 3507.9077,250
3511,10:26:29,$ 3506.46,690
3512,10:26:29,$ 3506.59,100
3513,10:26:29,$ 3506.84,100
3514,10:26:27,$ 3507.02,100
3515,10:26:27,$ 3507.02,100
3516,10:26:26,$ 3507.35,100
3517,10:26:22,$ 3507.33,100
3518,10:26:22,$ 3507.02,100
3519,10:26:22,$ 3507.35,100
3520,10:26:22,$ 3507.355,100
3521,10:26:16,$ 3507.02,100
3522,10:26:10,$ 3506.73,100
3523,10:26:06,$ 3506.605,100
3524,10:25:58,$ 3507.52,100
3525,10:25:57,$ 3507.141,100
3526,10:25:57,$ 3507.141,100
3527,10:25:57,$ 3507.39,100
3528,10:25:57,$ 3507.141,100
3529,10:25:57,$ 3507.141,100
3530,10:25:57,$ 3507.42,100
3532,10:25:57,$ 3507.59,100
3533,10:25:57,$ 3507.61,100
3534,10:25:48,$ 3507.025,500
3535,10:25:48,$ 3507.01,100
3536,10:25:48,$ 3506.89,100
3537,10:25:47,$ 3507.49,100
3538,10:25:44,$ 3507.0301,150
3539,10:25:43,$ 3507.0101,100
3540,10:25:41,$ 3507.905,800
3541,10:25:41,$ 3507.996,100
3542,10:25:41,$ 3507.53,100
3543,10:25:38,$ 3507.7399,200
3544,10:25:38,$ 3507.095,200
3545,10:25:38,$ 3507.23,100
3546,10:25:37,$ 3508.17,300
3547,10:25:37,$ 3508.02,100
3548,10:25:37,$ 3507.92,100
3549,10:25:37,$ 3507.62,100
3550,10:25:30,$ 3508.00,900
3551,10:25:30,$ 3508.00,100
3553,10:25:30,$ 3508.00,189
3554,10:25:30,$ 3508.00,151
3555,10:25:25,$ 3508.87,100
3556,10:25:25,$ 3509.00,100
3557,10:25:22,$ 3509.00,100
3558,10:25:21,$ 3509.14,210
3559,10:25:15,$ 3509.575,100
3560,10:25:14,$ 3509.99,109
3561,10:25:13,$ 3510.46,200
3562,10:25:13,$ 3511.1012,113
3563,10:25:12,$ 3510.87,100
3564,10:25:10,$ 3511.57,100
3565,10:25:07,$ 3512.59,100
3566,10:25:06,$ 3513.60,200
3567,10:25:06,$ 3512.36,100
3568,10:25:06,$ 3512.42,100
3569,10:25:06,$ 3512.40,100
3570,10:25:06,$ 3512.32,100
3571,10:25:06,$ 3512.28,100
3572,10:25:06,$ 3512.32,100
3574,10:25:06,$ 3512.41,100
3575,10:25:06,$ 3512.42,100
3576,10:25:06,$ 3511.3225,100
3577,10:25:05,$ 3511.28,100
3578,10:25:05,$ 3511.18,100
3579,10:25:05,$ 3512.17,100
3580,10:25:01,$ 3512.3002,100
3581,10:24:47,$ 3513.2279,250
3582,10:24:42,$ 3512.5895,250
3583,10:24:33,$ 3513.71,100
3584,10:24:30,$ 3513.77,100
3585,10:24:22,$ 3514.07,100
3586,10:24:03,$ 3512.80,100
3587,10:23:59,$ 3513.0648,100
3588,10:23:51,$ 3514.24,100
3589,10:23:45,$ 3514.31,100
3590,10:23:45,$ 3514.28,100
3591,10:23:45,$ 3513.86,100
3592,10:23:43,$ 3513.31,100
3593,10:23:41,$ 3514.42,100
3595,10:23:41,$ 3515.215,100
3596,10:23:41,$ 3514.6525,300
3597,10:23:39,$ 3515.2115,100
3598,10:23:38,$ 3515.2087,100
3599,10:23:31,$ 3514.16,100
3600,10:23:27,$ 3513.26,100
3601,10:23:25,$ 3512.445,500
3602,10:23:13,$ 3512.029,100
3603,10:23:12,$ 3512.54,100
3604,10:23:12,$ 3512.61,100
3605,10:23:09,$ 3512.6101,100
3606,10:23:09,$ 3513.13,100
3607,10:23:06,$ 3512.54,100
3608,10:23:06,$ 3512.25,100
3609,10:23:06,$ 3512.534,200
3610,10:23:06,$ 3512.195,100
3611,10:22:49,$ 3510.876,100
3612,10:22:45,$ 3511.50,100
3613,10:22:45,$ 3511.07,100
3614,10:22:39,$ 3511.09,100
3616,10:22:16,$ 3511.1981,146
3617,10:22:08,$ 3510.72,100
3618,10:22:08,$ 3510.8412,500
3619,10:22:07,$ 3511.85,100
3620,10:22:04,$ 3512.05,100
3621,10:22:04,$ 3512.14,100
3622,10:21:58,$ 3512.0456,100
3623,10:21:52,$ 3512.00,100
3624,10:21:49,$ 3512.4101,100
3625,10:21:47,$ 3512.48,150
3626,10:21:46,$ 3512.40,100
3627,10:21:39,$ 3511.87,100
3628,10:21:38,$ 3513.00,100
3629,10:21:36,$ 3511.805,100
3630,10:21:35,$ 3512.3275,100
3631,10:21:33,$ 3512.69,100
3632,10:21:29,$ 3511.48,500
3633,10:21:28,$ 3510.84,100
3634,10:21:20,$ 3512.11,104
3635,10:21:20,$ 3512.11,109
3637,10:21:20,$ 3511.23,100
3638,10:21:19,$ 3511.85,100
3639,10:21:18,$ 3510.57,100
3640,10:21:18,$ 3510.57,100
3641,10:21:17,$ 3510.57,100
3642,10:21:16,$ 3511.87,100
3643,10:21:13,$ 3511.61,100
3644,10:21:13,$ 3511.625,100
3645,10:21:13,$ 3511.635,100
3646,10:21:13,$ 3511.64,100
3647,10:21:12,$ 3511.53,100
3648,10:21:12,$ 3511.53,100
3649,10:21:11,$ 3511.525,100
3650,10:21:11,$ 3511.76,100
3651,10:21:11,$ 3511.66,100
3652,10:21:03,$ 3511.56,100
3653,10:21:00,$ 3512.15,100
3654,10:21:00,$ 3512.24,100
3655,10:20:56,$ 3511.62,100
3656,10:20:51,$ 3511.6267,100
3658,10:20:37,$ 3511.92,100
3659,10:20:36,$ 3512.42,500
3660,10:20:35,$ 3511.9999,100
3661,10:20:32,$ 3511.465,100
3662,10:20:25,$ 3510.51,109
3663,10:20:07,$ 3510.11,100
3664,10:20:06,$ 3510.21,500
3665,10:20:06,$ 3510.50,190
3666,10:20:06,$ 3510.50,104
3667,10:20:06,$ 3510.505,320
3668,10:20:06,$ 3510.505,109
3669,10:20:06,$ 3510.505,104
3670,10:20:06,$ 3510.505,109
3671,10:20:06,$ 3510.63,100
3672,10:20:01,$ 3510.93,200
3673,10:19:50,$ 3511.00,100
3674,10:19:46,$ 3511.45,100
3675,10:19:34,$ 3510.9294,500
3676,10:19:28,$ 3510.695,133
3677,10:19:27,$ 3510.63,100
3679,10:19:20,$ 3510.38,100
3680,10:19:14,$ 3510.195,100
3681,10:19:13,$ 3510.40,150
3682,10:19:07,$ 3510.23,100
3683,10:19:05,$ 3510.40,155
3684,10:19:05,$ 3510.03,200
3685,10:18:56,$ 3509.67,123
3686,10:18:44,$ 3509.745,100
3687,10:18:41,$ 3509.285,113
3688,10:18:37,$ 3509.40,100
3689,10:18:28,$ 3509.1299,100
3690,10:18:26,$ 3508.45,100
3691,10:18:16,$ 3508.4122,700
3692,10:18:16,$ 3508.51,100
3693,10:18:13,$ 3507.86,100
3694,10:18:09,$ 3507.44,100
3695,10:18:09,$ 3506.96,100
3696,10:18:04,$ 3507.945,100
3697,10:18:02,$ 3508.09,100
3698,10:18:00,$ 3507.56,100
3700,10:17:59,$ 3507.4722,658
3701,10:17:59,$ 3507.5169,282
3702,10:17:56,$ 3506.5601,100
3703,10:17:48,$ 3506.7101,100
3704,10:17:48,$ 3508.00,184
3705,10:17:48,$ 3507.98,600
3706,10:17:48,$ 3506.55,500
3707,10:17:46,$ 3506.47,100
3708,10:17:46,$ 3506.64,100
3709,10:17:46,$ 3506.48,100
3710,10:17:46,$ 3506.54,100
3711,10:17:46,$ 3506.63,200
3712,10:17:45,$ 3506.73,100
3713,10:17:42,$ 3508.2884,100
3714,10:17:42,$ 3507.00,100
3715,10:17:34,$ 3507.61,100
3716,10:17:33,$ 3507.22,100
3717,10:17:33,$ 3507.24,100
3718,10:17:32,$ 3506.625,100
3719,10:17:32,$ 3506.80,109
3721,10:17:31,$ 3507.0136,379
3722,10:17:31,$ 3507.70,100
3723,10:17:29,$ 3507.7866,100
3724,10:17:23,$ 3508.155,100
3725,10:17:21,$ 3507.675,100
3726,10:17:20,$ 3508.1225,100
3727,10:17:20,$ 3508.00,100
3728,10:17:19,$ 3508.79,100
3729,10:17:17,$ 3509.56,100
3730,10:17:15,$ 3510.2499,100
3731,10:17:06,$ 3510.71,100
3732,10:17:05,$ 3510.71,100
3733,10:17:05,$ 3510.71,100
3734,10:17:02,$ 3511.125,100
3735,10:17:02,$ 3511.21,100
3736,10:16:57,$ 3512.36,100
3737,10:16:51,$ 3511.88,100
3738,10:16:49,$ 3512.00,100
3739,10:16:49,$ 3511.725,"1,003"
3740,10:16:38,$ 3511.505,100
3742,10:16:38,$ 3510.7101,100
3743,10:16:35,$ 3512.025,100
3744,10:16:31,$ 3512.00,100
3745,10:16:30,$ 3511.98,100
3746,10:16:26,$ 3513.145,100
3747,10:16:26,$ 3513.10,100
3748,10:16:24,$ 3512.54,100
3749,10:16:22,$ 3512.47,100
3750,10:16:22,$ 3512.30,100
3751,10:16:21,$ 3512.81,100
3752,10:16:18,$ 3512.63,100
3753,10:16:18,$ 3513.105,100
3754,10:16:17,$ 3512.86,100
3755,10:16:17,$ 3512.86,100
3756,10:16:17,$ 3512.92,100
3757,10:16:11,$ 3513.1901,100
3758,10:16:07,$ 3513.51,100
3759,10:16:02,$ 3513.24,120
3760,10:15:52,$ 3514.055,500
3761,10:15:50,$ 3514.52,500
3763,10:15:49,$ 3513.34,100
3764,10:15:49,$ 3513.34,100
3765,10:15:49,$ 3513.428,100
3766,10:15:49,$ 3513.31,100
3767,10:15:49,$ 3513.00,100
3768,10:15:49,$ 3513.00,101
3769,10:15:49,$ 3513.00,100
3770,10:15:49,$ 3513.38,100
3771,10:15:49,$ 3513.37,100
3772,10:15:49,$ 3513.60,100
3773,10:15:49,$ 3513.8091,249
3774,10:15:49,$ 3513.324,100
3775,10:15:49,$ 3513.60,100
3776,10:15:49,$ 3513.61,100
3777,10:15:42,$ 3514.1497,111
3778,10:15:38,$ 3514.18,208
3779,10:15:38,$ 3514.15,100
3780,10:15:27,$ 3514.79,100
3781,10:15:21,$ 3515.00,100
3782,10:15:17,$ 3515.60,100
3784,10:15:15,$ 3515.61,323
3785,10:15:09,$ 3515.398,500
3786,10:15:04,$ 3516.33,100
3787,10:15:04,$ 3516.33,162
3788,10:15:02,$ 3515.72,100
3789,10:14:42,$ 3514.94,190
3790,10:14:41,$ 3515.33,100
3791,10:14:41,$ 3515.25,100
3792,10:14:41,$ 3515.2496,100
3793,10:14:41,$ 3515.06,100
3794,10:14:41,$ 3515.25,100
3795,10:14:41,$ 3515.2496,100
3796,10:14:40,$ 3514.89,100
3797,10:14:40,$ 3514.89,120
3798,10:14:32,$ 3514.437,500
3799,10:14:31,$ 3513.4967,100
3800,10:14:24,$ 3513.4312,540
3801,10:14:11,$ 3514.9122,300
3802,10:14:03,$ 3514.733,500
3803,10:14:00,$ 3515.4624,150
3805,10:14:00,$ 3514.875,100
3806,10:13:58,$ 3514.59,100
3807,10:13:56,$ 3515.00,104
3808,10:13:54,$ 3515.48,100
3809,10:13:52,$ 3515.51,100
3810,10:13:48,$ 3514.695,100
3811,10:13:44,$ 3513.2901,100
3812,10:13:43,$ 3515.09,100
3813,10:13:31,$ 3515.64,100
3814,10:13:29,$ 3515.00,100
3815,10:13:27,$ 3515.0445,174
3816,10:13:21,$ 3514.915,100
3817,10:13:13,$ 3515.635,100
3818,10:13:11,$ 3515.375,250
3819,10:13:08,$ 3515.40,104
3820,10:13:08,$ 3515.40,100
3821,10:13:08,$ 3515.40,104
3822,10:13:08,$ 3515.40,104
3823,10:13:05,$ 3514.9299,100
3824,10:12:51,$ 3515.00,100
3826,10:12:51,$ 3514.89,100
3827,10:12:50,$ 3514.96,100
3828,10:12:50,$ 3515.00,100
3829,10:12:50,$ 3515.00,100
3830,10:12:50,$ 3514.34,100
3831,10:12:50,$ 3514.34,100
3832,10:12:50,$ 3513.97,100
3833,10:12:43,$ 3514.43,100
3834,10:12:43,$ 3513.88,500
3835,10:12:29,$ 3512.785,100
3836,10:12:27,$ 3512.7671,100
3837,10:12:19,$ 3512.91,100
3838,10:12:19,$ 3513.33,100
3839,10:12:19,$ 3513.14,100
3840,10:12:16,$ 3513.84,100
3841,10:12:16,$ 3513.505,100
3842,10:12:10,$ 3513.75,"1,000"
3843,10:11:57,$ 3515.15,100
3844,10:11:41,$ 3514.355,100
3845,10:11:38,$ 3513.60,100
3847,10:11:38,$ 3514.615,100
3848,10:11:38,$ 3515.63,100
3849,10:11:31,$ 3515.62,100
3850,10:11:31,$ 3516.305,100
3851,10:11:30,$ 3515.64,100
3852,10:11:30,$ 3515.89,100
3853,10:11:24,$ 3515.62,108
3854,10:11:24,$ 3515.62,200
3855,10:11:18,$ 3516.305,250
3856,10:11:17,$ 3516.92,149
3857,10:11:17,$ 3517.46,100
3858,10:11:17,$ 3517.50,180
3859,10:11:17,$ 3515.96,100
3860,10:11:17,$ 3516.03,100
3861,10:11:17,$ 3516.10,320
3862,10:11:17,$ 3516.24,100
3863,10:11:16,$ 3515.10,100
3864,10:11:16,$ 3515.00,100
3865,10:11:16,$ 3514.99,220
3866,10:11:16,$ 3515.00,100
3868,10:11:16,$ 3515.00,220
3869,10:11:16,$ 3514.94,100
3870,10:11:15,$ 3514.44,100
3871,10:11:15,$ 3514.00,100
3872,10:11:15,$ 3514.00,400
3873,10:11:15,$ 3514.00,270
3874,10:11:15,$ 3514.00,"1,108"
3875,10:11:14,$ 3513.53,100
3876,10:11:14,$ 3513.025,"1,000"
3877,10:11:11,$ 3513.17,100
3878,10:11:04,$ 3513.36,100
3879,10:11:04,$ 3512.90,100
3880,10:11:04,$ 3512.94,100
3881,10:10:52,$ 3511.25,100
3882,10:10:51,$ 3511.49,200
3883,10:10:51,$ 3511.45,100
3884,10:10:40,$ 3512.30,100
3885,10:10:40,$ 3512.30,140
3886,10:10:36,$ 3511.72,100
3887,10:10:36,$ 3511.76,100
3889,10:10:18,$ 3511.81,100
3890,10:10:18,$ 3511.265,200
3891,10:10:06,$ 3511.6913,600
3892,10:10:02,$ 3512.8649,100
3893,10:10:00,$ 3512.06,100
3894,10:09:57,$ 3511.455,120
3895,10:09:49,$ 3512.7099,100
3896,10:09:43,$ 3511.925,100
3897,10:09:43,$ 3511.4999,100
