,NLS Time (ET),NLS Price,NLS Share Volume
1,09:59:58,$ 3729.9999,100
2,09:59:56,$ 3728.32,100
3,09:59:51,$ 3726.94,"1,000"
4,09:59:46,$ 3729.255,100
5,09:59:39,$ 3727.8101,100
6,09:59:32,$ 3727.245,100
7,09:59:30,$ 3727.97,100
8,09:59:30,$ 3727.97,100
9,09:59:30,$ 3727.97,100
10,09:59:30,$ 3727.97,100
11,09:59:30,$ 3727.70,100
12,09:59:30,$ 3727.245,100
13,09:59:28,$ 3726.61,131
14,09:59:23,$ 3727.09,100
15,09:59:22,$ 3726.38,100
16,09:59:21,$ 3726.8735,100
17,09:59:21,$ 3726.355,300
18,09:59:13,$ 3722.63,100
19,09:59:03,$ 3721.76,100
20,09:58:55,$ 3722.46,100
22,09:58:48,$ 3723.18,100
23,09:58:47,$ 3723.04,100
24,09:58:45,$ 3722.635,100
25,09:58:36,$ 3723.3899,100
26,09:58:13,$ 3718.76,100
27,09:58:13,$ 3719.00,100
28,09:58:11,$ 3720.195,162
29,09:58:10,$ 3720.4063,200
30,09:57:55,$ 3719.99,100
31,09:57:55,$ 3719.97,100
32,09:57:22,$ 3720.87,100
33,09:57:09,$ 3718.83,100
34,09:57:09,$ 3720.325,100
35,09:57:09,$ 3720.345,100
36,09:57:09,$ 3718.72,100
37,09:57:05,$ 3719.565,500
38,09:57:01,$ 3719.92,100
39,09:57:01,$ 3719.92,100
40,09:57:01,$ 3719.91,100
41,09:57:01,$ 3720.14,100
43,09:57:01,$ 3720.13,100
44,09:57:00,$ 3721.15,100
45,09:56:55,$ 3719.89,100
46,09:56:55,$ 3721.09,100
47,09:56:46,$ 3719.69,100
48,09:56:44,$ 3720.29,100
49,09:56:42,$ 3720.42,100
50,09:56:36,$ 3720.07,100
51,09:56:35,$ 3720.3173,100
52,09:56:32,$ 3721.1399,100
53,09:56:31,$ 3719.12,100
54,09:56:31,$ 3719.20,100
55,09:56:31,$ 3719.44,100
56,09:56:31,$ 3719.44,100
57,09:56:31,$ 3719.44,100
58,09:56:29,$ 3720.82,100
59,09:56:22,$ 3719.3962,100
60,09:56:17,$ 3719.34,100
61,09:56:09,$ 3719.34,100
62,09:56:07,$ 3719.70,100
64,09:56:05,$ 3720.44,144
65,09:56:05,$ 3720.44,100
66,09:56:05,$ 3720.44,100
67,09:55:55,$ 3719.44,100
68,09:55:53,$ 3720.51,100
69,09:55:53,$ 3720.14,100
70,09:55:52,$ 3720.12,200
71,09:55:51,$ 3720.12,100
72,09:55:50,$ 3721.3472,100
73,09:55:45,$ 3721.57,100
74,09:55:45,$ 3722.52,300
75,09:55:45,$ 3722.39,200
76,09:55:38,$ 3722.44,100
77,09:55:28,$ 3722.79,100
78,09:55:26,$ 3724.145,100
79,09:55:24,$ 3721.93,100
80,09:55:17,$ 3723.855,100
81,09:55:16,$ 3723.2816,300
82,09:55:07,$ 3722.4499,300
83,09:55:01,$ 3721.8154,100
85,09:55:00,$ 3721.545,100
86,09:54:59,$ 3720.6106,100
87,09:54:55,$ 3721.55,100
88,09:54:54,$ 3720.32,100
89,09:54:45,$ 3721.12,150
90,09:54:45,$ 3721.12,200
91,09:54:43,$ 3720.8614,109
92,09:54:42,$ 3720.00,118
93,09:54:42,$ 3720.00,120
94,09:54:42,$ 3720.00,281
95,09:54:42,$ 3720.00,310
96,09:54:42,$ 3720.00,156
97,09:54:42,$ 3719.73,100
98,09:54:42,$ 3720.20,100
99,09:54:41,$ 3720.845,200
100,09:54:28,$ 3722.91,100
101,09:54:28,$ 3723.60,100
102,09:54:23,$ 3724.00,100
103,09:54:16,$ 3723.02,100
104,09:54:15,$ 3724.40,100
106,09:54:12,$ 3722.2807,200
107,09:54:12,$ 3723.7954,100
108,09:54:05,$ 3723.265,100
109,09:54:01,$ 3724.305,100
110,09:53:53,$ 3723.415,200
111,09:53:45,$ 3723.70,200
112,09:53:38,$ 3723.455,100
113,09:53:33,$ 3721.58,200
114,09:53:33,$ 3722.18,129
115,09:53:33,$ 3722.74,129
116,09:53:33,$ 3722.52,100
117,09:53:19,$ 3725.00,100
118,09:53:15,$ 3726.4799,100
119,09:53:12,$ 3726.96,100
120,09:53:11,$ 3727.32,100
121,09:53:03,$ 3730.0825,100
122,09:52:47,$ 3732.90,100
123,09:52:47,$ 3732.07,100
124,09:52:45,$ 3732.975,100
125,09:52:43,$ 3733.027,225
127,09:52:43,$ 3732.945,100
128,09:52:39,$ 3733.86,100
129,09:52:39,$ 3733.86,100
130,09:52:38,$ 3732.435,100
131,09:52:36,$ 3732.335,100
132,09:52:35,$ 3732.00,100
133,09:52:33,$ 3731.91,100
134,09:52:32,$ 3731.4292,100
135,09:52:22,$ 3731.91,100
136,09:52:21,$ 3730.67,100
137,09:52:15,$ 3729.54,100
138,09:52:13,$ 3729.00,435
139,09:52:02,$ 3727.2815,250
140,09:51:43,$ 3727.455,100
141,09:51:31,$ 3726.53,100
142,09:51:31,$ 3728.37,100
143,09:51:27,$ 3726.53,100
144,09:51:25,$ 3726.431,244
145,09:51:25,$ 3726.44,380
146,09:51:24,$ 3727.55,100
148,09:51:22,$ 3727.95,100
149,09:51:21,$ 3728.39,100
150,09:51:11,$ 3727.2668,285
151,09:51:11,$ 3728.77,100
152,09:51:11,$ 3728.50,100
153,09:51:06,$ 3729.42,100
154,09:51:02,$ 3730.62,100
155,09:51:02,$ 3730.60,100
156,09:50:59,$ 3731.755,200
157,09:50:58,$ 3730.93,100
158,09:50:55,$ 3732.585,100
159,09:50:55,$ 3732.72,100
160,09:50:53,$ 3730.82,100
161,09:50:53,$ 3731.55,600
162,09:50:41,$ 3729.99,100
163,09:50:40,$ 3730.7768,100
164,09:50:38,$ 3730.77,100
165,09:50:37,$ 3730.82,100
166,09:50:35,$ 3731.02,100
167,09:50:33,$ 3729.915,100
169,09:50:24,$ 3729.235,100
170,09:50:24,$ 3729.235,197
171,09:50:12,$ 3725.43,100
172,09:50:12,$ 3725.56,100
173,09:50:12,$ 3725.58,100
174,09:50:12,$ 3724.435,100
175,09:50:09,$ 3724.41,100
176,09:50:05,$ 3724.23,100
177,09:50:04,$ 3724.16,100
178,09:50:04,$ 3725.00,100
179,09:50:02,$ 3725.65,100
180,09:50:02,$ 3725.69,100
181,09:50:00,$ 3725.72,100
182,09:50:00,$ 3726.38,500
183,09:50:00,$ 3726.39,100
184,09:49:52,$ 3727.0819,100
185,09:49:52,$ 3725.38,100
186,09:49:51,$ 3726.37,200
187,09:49:48,$ 3725.21,100
188,09:49:48,$ 3725.835,100
190,09:49:45,$ 3725.03,100
191,09:49:45,$ 3726.635,100
192,09:49:45,$ 3726.16,200
193,09:49:45,$ 3726.16,100
194,09:49:44,$ 3726.78,100
195,09:49:41,$ 3726.78,100
196,09:49:41,$ 3727.35,100
197,09:49:41,$ 3726.93,100
198,09:49:41,$ 3727.82,100
199,09:49:41,$ 3728.18,100
200,09:49:11,$ 3727.82,100
201,09:49:11,$ 3727.38,100
202,09:49:09,$ 3728.57,100
203,09:49:09,$ 3728.57,100
204,09:49:06,$ 3729.9814,100
205,09:49:02,$ 3729.80,100
206,09:48:54,$ 3729.66,100
207,09:48:52,$ 3730.87,205
208,09:48:45,$ 3729.44,100
209,09:48:35,$ 3728.98,100
211,09:48:35,$ 3730.06,200
212,09:48:35,$ 3730.61,100
213,09:48:22,$ 3728.00,100
214,09:48:22,$ 3728.00,300
215,09:48:22,$ 3728.00,100
216,09:48:22,$ 3728.081,175
217,09:48:22,$ 3728.615,100
218,09:48:22,$ 3728.55,100
219,09:48:19,$ 3729.545,100
220,09:48:02,$ 3732.0999,100
221,09:48:01,$ 3730.87,100
222,09:47:56,$ 3731.4272,100
223,09:47:53,$ 3732.00,100
224,09:47:46,$ 3732.61,100
225,09:47:46,$ 3732.65,100
226,09:47:42,$ 3732.75,100
227,09:47:39,$ 3731.94,100
228,09:47:33,$ 3733.8991,250
229,09:47:33,$ 3733.8991,250
230,09:47:33,$ 3733.8991,"1,100"
232,09:47:33,$ 3733.8991,"1,100"
233,09:47:24,$ 3728.63,100
234,09:47:24,$ 3728.65,100
235,09:47:20,$ 3727.4425,100
236,09:46:56,$ 3727.45,150
237,09:46:55,$ 3726.6501,100
238,09:46:53,$ 3726.62,100
239,09:46:53,$ 3726.45,100
240,09:46:51,$ 3725.00,101
241,09:46:51,$ 3724.99,100
242,09:46:50,$ 3725.47,100
243,09:46:47,$ 3726.1843,200
244,09:46:36,$ 3725.065,100
245,09:46:36,$ 3725.00,160
246,09:46:35,$ 3726.00,100
247,09:46:29,$ 3726.58,100
248,09:46:29,$ 3726.62,100
249,09:46:29,$ 3727.165,100
250,09:46:27,$ 3726.94,200
251,09:46:27,$ 3726.57,100
253,09:46:27,$ 3726.27,100
254,09:46:26,$ 3726.4134,300
255,09:46:24,$ 3727.00,115
256,09:46:24,$ 3727.02,100
257,09:46:24,$ 3727.00,148
258,09:46:24,$ 3727.00,100
259,09:46:24,$ 3727.00,100
260,09:46:22,$ 3727.2816,268
261,09:46:22,$ 3727.00,120
262,09:46:20,$ 3727.07,100
263,09:46:20,$ 3726.901,100
264,09:46:20,$ 3726.912,100
265,09:46:20,$ 3726.901,200
266,09:46:19,$ 3727.91,100
267,09:46:09,$ 3727.845,100
268,09:46:09,$ 3727.2906,600
269,09:46:07,$ 3728.07,100
270,09:46:07,$ 3727.85,100
271,09:46:03,$ 3726.99,100
272,09:46:03,$ 3727.00,100
274,09:46:03,$ 3727.01,100
275,09:46:02,$ 3727.00,100
276,09:46:02,$ 3727.00,100
277,09:46:02,$ 3727.10,100
278,09:46:00,$ 3728.02,100
279,09:46:00,$ 3728.9908,305
280,09:45:58,$ 3728.11,100
281,09:45:56,$ 3729.665,100
282,09:45:56,$ 3729.50,100
283,09:45:53,$ 3729.55,100
284,09:45:53,$ 3729.00,100
285,09:45:48,$ 3729.63,100
286,09:45:47,$ 3729.64,100
287,09:45:46,$ 3729.9735,100
288,09:45:42,$ 3729.39,100
289,09:45:40,$ 3729.985,100
290,09:45:36,$ 3729.505,100
291,09:45:30,$ 3729.18,100
292,09:45:29,$ 3729.41,100
293,09:45:29,$ 3729.41,100
295,09:45:29,$ 3729.40,100
296,09:45:29,$ 3730.00,100
297,09:45:27,$ 3730.25,100
298,09:45:23,$ 3730.76,100
299,09:45:22,$ 3732.00,155
300,09:45:22,$ 3733.03,100
301,09:45:18,$ 3733.08,100
302,09:45:05,$ 3733.3705,100
303,09:45:04,$ 3733.00,100
304,09:45:02,$ 3733.72,100
305,09:45:01,$ 3735.24,124
306,09:44:56,$ 3734.10,100
307,09:44:52,$ 3733.72,100
308,09:44:51,$ 3733.99,100
309,09:44:47,$ 3734.74,100
310,09:44:41,$ 3734.28,100
311,09:44:40,$ 3735.54,100
312,09:44:37,$ 3734.28,100
313,09:44:37,$ 3735.00,100
314,09:44:37,$ 3735.36,100
316,09:44:37,$ 3735.31,100
317,09:44:33,$ 3737.00,100
318,09:44:33,$ 3735.98,100
319,09:44:31,$ 3735.02,100
320,09:44:29,$ 3736.3552,288
321,09:44:28,$ 3735.66,100
322,09:44:28,$ 3735.03,100
323,09:44:16,$ 3733.34,200
324,09:44:16,$ 3733.34,500
325,09:44:16,$ 3734.4204,100
326,09:44:16,$ 3734.421,100
327,09:44:16,$ 3734.42,564
328,09:44:16,$ 3734.831,100
329,09:44:16,$ 3734.83,100
330,09:44:15,$ 3734.93,100
331,09:44:15,$ 3734.83,100
332,09:43:59,$ 3732.21,100
333,09:43:59,$ 3733.52,100
334,09:43:59,$ 3734.32,100
335,09:43:54,$ 3735.29,100
337,09:43:53,$ 3737.3588,130
338,09:43:52,$ 3735.23,100
339,09:43:52,$ 3735.01,100
340,09:43:52,$ 3736.25,100
341,09:43:50,$ 3736.19,100
342,09:43:48,$ 3737.77,322
343,09:43:48,$ 3736.34,100
344,09:43:46,$ 3736.28,100
345,09:43:44,$ 3736.33,100
346,09:43:39,$ 3738.28,100
347,09:43:36,$ 3736.61,100
348,09:43:34,$ 3737.25,100
349,09:43:33,$ 3736.44,300
350,09:43:33,$ 3736.03,100
351,09:43:33,$ 3736.03,100
352,09:43:31,$ 3738.2799,288
353,09:43:30,$ 3738.22,100
354,09:43:28,$ 3737.20,100
355,09:43:11,$ 3738.44,100
356,09:43:11,$ 3738.43,100
358,09:43:09,$ 3739.215,200
359,09:43:04,$ 3739.945,100
360,09:43:03,$ 3740.70,100
361,09:43:03,$ 3739.70,100
362,09:43:02,$ 3738.40,180
363,09:43:00,$ 3738.405,200
364,09:42:59,$ 3737.9365,100
365,09:42:58,$ 3737.80,722
366,09:42:58,$ 3738.66,100
367,09:42:54,$ 3739.63,100
368,09:42:53,$ 3738.90,100
369,09:42:53,$ 3738.44,296
370,09:42:46,$ 3737.6699,300
371,09:42:45,$ 3738.045,100
372,09:42:43,$ 3738.73,100
373,09:42:43,$ 3738.07,300
374,09:42:35,$ 3735.77,100
375,09:42:34,$ 3737.36,100
376,09:42:34,$ 3736.54,100
377,09:42:33,$ 3737.038,100
379,09:42:33,$ 3737.04,400
380,09:42:30,$ 3737.91,100
381,09:42:30,$ 3737.99,100
382,09:42:30,$ 3736.53,100
383,09:42:24,$ 3737.9899,100
384,09:42:24,$ 3737.152,500
385,09:42:20,$ 3736.60,250
386,09:42:20,$ 3736.30,100
387,09:42:14,$ 3736.205,200
388,09:42:13,$ 3736.01,100
389,09:42:07,$ 3736.048,456
390,09:42:07,$ 3735.36,100
391,09:42:07,$ 3736.14,100
392,09:42:07,$ 3736.285,100
393,09:42:07,$ 3736.11,100
394,09:42:06,$ 3738.00,100
395,09:42:02,$ 3736.42,100
396,09:42:01,$ 3736.33,100
397,09:41:56,$ 3737.4399,100
398,09:41:52,$ 3735.39,100
400,09:41:50,$ 3738.3199,100
401,09:41:48,$ 3736.25,100
402,09:41:47,$ 3736.60,100
403,09:41:47,$ 3736.57,100
404,09:41:47,$ 3736.62,100
405,09:41:47,$ 3735.16,100
406,09:41:46,$ 3735.155,100
407,09:41:45,$ 3734.5133,500
408,09:41:40,$ 3735.13,100
409,09:41:36,$ 3735.32,100
410,09:41:32,$ 3734.49,100
411,09:41:31,$ 3733.26,100
412,09:41:31,$ 3735.15,100
413,09:41:29,$ 3734.11,100
414,09:41:28,$ 3733.46,100
415,09:41:24,$ 3733.3916,105
416,09:41:22,$ 3734.67,100
417,09:41:19,$ 3733.18,285
418,09:41:19,$ 3732.81,100
419,09:41:19,$ 3733.25,200
421,09:41:19,$ 3732.93,100
422,09:41:14,$ 3732.36,100
423,09:41:12,$ 3734.00,100
424,09:41:12,$ 3735.16,100
425,09:41:12,$ 3735.00,199
426,09:41:08,$ 3733.935,100
427,09:41:07,$ 3734.38,100
428,09:41:06,$ 3733.22,100
429,09:41:05,$ 3731.99,100
430,09:41:04,$ 3732.49,100
431,09:41:03,$ 3731.02,500
432,09:41:00,$ 3731.24,100
433,09:41:00,$ 3731.24,100
434,09:41:00,$ 3732.5099,100
435,09:41:00,$ 3731.06,100
436,09:41:00,$ 3730.546,100
437,09:40:58,$ 3730.7975,500
438,09:40:57,$ 3730.51,375
439,09:40:56,$ 3731.84,100
440,09:40:48,$ 3732.83,100
442,09:40:43,$ 3731.125,100
443,09:40:40,$ 3728.655,100
444,09:40:39,$ 3728.36,100
445,09:40:39,$ 3729.00,400
446,09:40:39,$ 3728.66,100
447,09:40:37,$ 3728.11,100
448,09:40:35,$ 3729.07,100
449,09:40:34,$ 3729.00,100
450,09:40:34,$ 3730.06,100
451,09:40:34,$ 3730.44,100
452,09:40:22,$ 3730.32,100
453,09:40:22,$ 3730.36,100
454,09:40:22,$ 3730.36,100
455,09:40:22,$ 3730.32,100
456,09:40:22,$ 3730.32,100
457,09:40:22,$ 3730.32,100
458,09:40:22,$ 3729.98,100
459,09:40:22,$ 3730.36,100
460,09:40:22,$ 3730.355,100
461,09:40:22,$ 3730.13,300
463,09:40:18,$ 3728.13,100
464,09:40:13,$ 3728.89,100
465,09:40:12,$ 3729.26,100
466,09:40:09,$ 3730.3848,100
467,09:40:09,$ 3730.71,200
468,09:40:07,$ 3730.66,100
469,09:40:07,$ 3729.26,400
470,09:40:07,$ 3729.404,100
471,09:40:07,$ 3729.401,135
472,09:40:07,$ 3729.53,100
473,09:40:06,$ 3729.525,100
474,09:40:05,$ 3730.01,100
475,09:40:05,$ 3730.01,100
476,09:40:04,$ 3730.58,100
477,09:40:04,$ 3730.59,100
478,09:40:04,$ 3730.64,100
479,09:40:03,$ 3732.10,100
480,09:40:03,$ 3732.10,100
481,09:40:02,$ 3733.37,100
482,09:39:54,$ 3733.91,600
484,09:39:52,$ 3732.36,100
485,09:39:48,$ 3733.015,100
486,09:39:48,$ 3733.67,100
487,09:39:47,$ 3733.42,100
488,09:39:46,$ 3733.7031,100
489,09:39:46,$ 3732.635,500
490,09:39:45,$ 3732.0748,100
491,09:39:44,$ 3733.41,100
492,09:39:37,$ 3733.9899,300
493,09:39:33,$ 3731.66,100
494,09:39:33,$ 3732.35,100
495,09:39:28,$ 3731.345,100
496,09:39:26,$ 3730.975,100
497,09:39:25,$ 3730.93,100
498,09:39:25,$ 3731.96,100
499,09:39:25,$ 3731.17,100
500,09:39:25,$ 3730.49,100
501,09:39:25,$ 3730.49,100
502,09:39:25,$ 3731.04,100
503,09:39:24,$ 3732.1247,100
505,09:39:23,$ 3732.3899,500
506,09:39:21,$ 3730.1125,100
507,09:39:21,$ 3729.94,100
508,09:39:18,$ 3727.735,100
509,09:39:18,$ 3727.75,100
510,09:39:16,$ 3728.225,166
511,09:39:16,$ 3728.225,100
512,09:39:14,$ 3727.755,100
513,09:39:13,$ 3728.34,100
514,09:39:10,$ 3727.365,100
515,09:39:08,$ 3727.36,100
516,09:39:08,$ 3728.70,100
517,09:39:08,$ 3728.47,150
518,09:39:08,$ 3728.47,150
519,09:39:08,$ 3728.70,100
520,09:39:02,$ 3728.71,100
521,09:39:02,$ 3727.78,100
522,09:38:55,$ 3728.6899,100
523,09:38:53,$ 3727.51,200
524,09:38:53,$ 3727.51,200
526,09:38:53,$ 3727.52,100
527,09:38:53,$ 3727.5138,100
528,09:38:53,$ 3727.67,100
529,09:38:52,$ 3728.25,100
530,09:38:52,$ 3728.25,100
531,09:38:51,$ 3728.26,100
532,09:38:48,$ 3729.511,200
533,09:38:48,$ 3730.01,100
534,09:38:48,$ 3730.00,100
535,09:38:48,$ 3730.01,100
536,09:38:47,$ 3730.415,100
537,09:38:47,$ 3730.3267,300
538,09:38:46,$ 3730.09,100
539,09:38:44,$ 3729.41,100
540,09:38:44,$ 3729.36,168
541,09:38:44,$ 3729.40,100
542,09:38:43,$ 3728.818,100
543,09:38:43,$ 3729.36,100
544,09:38:43,$ 3729.35,100
545,09:38:43,$ 3729.35,100
547,09:38:41,$ 3729.23,100
548,09:38:38,$ 3730.4409,100
549,09:38:36,$ 3729.455,100
550,09:38:35,$ 3729.455,100
551,09:38:34,$ 3729.23,100
552,09:38:30,$ 3729.01,130
553,09:38:30,$ 3730.00,100
554,09:38:29,$ 3730.7648,200
555,09:38:29,$ 3731.7899,100
556,09:38:29,$ 3730.033,100
557,09:38:28,$ 3730.91,100
558,09:38:27,$ 3730.83,500
559,09:38:26,$ 3730.9002,110
560,09:38:22,$ 3731.82,400
561,09:38:20,$ 3730.8501,"1,000"
562,09:38:15,$ 3734.0548,"1,000"
563,09:38:13,$ 3733.505,100
564,09:38:12,$ 3732.975,100
565,09:38:12,$ 3732.655,100
566,09:38:12,$ 3732.515,100
568,09:38:09,$ 3732.41,100
569,09:38:06,$ 3733.6199,800
570,09:38:06,$ 3733.6199,100
571,09:38:05,$ 3731.15,100
572,09:38:04,$ 3731.21,114
573,09:38:04,$ 3730.67,100
574,09:38:04,$ 3731.301,200
575,09:38:04,$ 3732.06,200
576,09:38:04,$ 3731.56,200
577,09:38:04,$ 3732.304,100
578,09:38:04,$ 3732.304,100
579,09:38:04,$ 3732.2579,100
580,09:38:02,$ 3733.67,100
581,09:38:01,$ 3734.33,100
582,09:37:59,$ 3733.68,100
583,09:37:59,$ 3734.33,100
584,09:37:52,$ 3735.965,100
585,09:37:52,$ 3734.9301,100
586,09:37:51,$ 3735.96,100
587,09:37:48,$ 3736.3464,130
589,09:37:48,$ 3736.055,100
590,09:37:46,$ 3735.36,100
591,09:37:44,$ 3735.36,100
592,09:37:44,$ 3736.08,100
593,09:37:44,$ 3735.73,100
594,09:37:41,$ 3735.00,100
595,09:37:40,$ 3736.01,100
596,09:37:36,$ 3737.063,100
597,09:37:36,$ 3737.3213,"1,000"
598,09:37:33,$ 3737.47,100
599,09:37:26,$ 3738.601,100
600,09:37:24,$ 3738.255,100
601,09:37:22,$ 3738.00,100
602,09:37:22,$ 3738.01,100
603,09:37:16,$ 3735.49,100
604,09:37:16,$ 3734.785,100
605,09:37:15,$ 3736.00,100
606,09:37:14,$ 3738.295,130
607,09:37:10,$ 3736.0219,750
608,09:37:07,$ 3738.44,100
610,09:37:03,$ 3741.07,100
611,09:37:02,$ 3741.65,217
612,09:37:02,$ 3741.59,100
613,09:37:02,$ 3741.58,100
614,09:37:00,$ 3739.785,100
615,09:36:58,$ 3739.09,200
616,09:36:53,$ 3737.94,100
617,09:36:53,$ 3737.96,100
618,09:36:50,$ 3736.80,100
619,09:36:50,$ 3736.81,100
620,09:36:50,$ 3737.88,100
621,09:36:50,$ 3738.604,200
622,09:36:45,$ 3740.98,100
623,09:36:34,$ 3737.07,100
624,09:36:34,$ 3736.80,134
625,09:36:34,$ 3737.24,100
626,09:36:34,$ 3736.93,100
627,09:36:27,$ 3734.73,100
628,09:36:25,$ 3733.825,200
629,09:36:24,$ 3733.01,100
631,09:36:21,$ 3733.19,100
632,09:36:21,$ 3734.00,100
633,09:36:21,$ 3734.01,100
634,09:36:21,$ 3734.00,100
635,09:36:21,$ 3734.00,100
636,09:36:21,$ 3735.01,254
637,09:36:21,$ 3735.01,100
638,09:36:21,$ 3735.01,100
639,09:36:21,$ 3735.01,100
640,09:36:21,$ 3735.01,100
641,09:36:21,$ 3735.01,100
642,09:36:21,$ 3735.01,384
643,09:36:21,$ 3735.01,163
644,09:36:21,$ 3735.01,100
645,09:36:21,$ 3735.01,100
646,09:36:21,$ 3735.01,100
647,09:36:21,$ 3735.01,100
648,09:36:21,$ 3735.01,100
649,09:36:21,$ 3735.09,100
650,09:36:21,$ 3735.247,200
652,09:36:21,$ 3735.18,100
653,09:36:21,$ 3735.10,100
654,09:36:21,$ 3736.16,"1,000"
655,09:36:20,$ 3735.69,100
656,09:36:20,$ 3735.80,100
657,09:36:20,$ 3735.81,100
658,09:36:20,$ 3736.17,100
659,09:36:20,$ 3736.14,100
660,09:36:20,$ 3735.42,208
661,09:36:14,$ 3736.135,100
662,09:36:14,$ 3736.13,100
663,09:36:06,$ 3736.2906,100
664,09:36:05,$ 3735.00,174
665,09:36:05,$ 3735.05,100
666,09:36:05,$ 3735.02,100
667,09:36:05,$ 3735.198,128
668,09:36:05,$ 3735.51,100
669,09:36:05,$ 3737.37,100
670,09:36:05,$ 3737.37,100
671,09:36:05,$ 3737.37,100
673,09:36:05,$ 3737.47,100
674,09:35:59,$ 3739.00,100
675,09:35:51,$ 3739.6713,150
676,09:35:51,$ 3739.82,100
677,09:35:51,$ 3739.55,100
678,09:35:51,$ 3739.01,100
679,09:35:51,$ 3739.02,100
680,09:35:51,$ 3739.0135,100
681,09:35:51,$ 3739.03,100
682,09:35:50,$ 3739.995,100
683,09:35:41,$ 3738.7809,200
684,09:35:38,$ 3738.86,130
685,09:35:37,$ 3739.725,100
686,09:35:36,$ 3738.21,100
687,09:35:36,$ 3738.48,100
688,09:35:36,$ 3740.00,100
689,09:35:36,$ 3740.27,100
690,09:35:36,$ 3740.32,100
691,09:35:35,$ 3741.38,100
692,09:35:31,$ 3742.00,324
694,09:35:31,$ 3741.94,100
695,09:35:30,$ 3742.09,100
696,09:35:30,$ 3743.2301,150
697,09:35:23,$ 3743.06,150
698,09:35:23,$ 3742.56,300
699,09:35:23,$ 3742.67,100
700,09:35:21,$ 3747.61,100
701,09:35:19,$ 3748.34,100
702,09:35:16,$ 3747.11,100
703,09:35:07,$ 3746.89,100
704,09:35:07,$ 3746.295,100
705,09:35:04,$ 3746.82,100
706,09:35:00,$ 3748.1899,500
707,09:34:59,$ 3749.3397,300
708,09:34:58,$ 3749.1704,100
709,09:34:55,$ 3748.00,100
710,09:34:51,$ 3748.50,100
711,09:34:48,$ 3748.43,100
712,09:34:47,$ 3747.61,135
713,09:34:45,$ 3747.9871,100
715,09:34:44,$ 3748.142,100
716,09:34:42,$ 3747.03,100
717,09:34:40,$ 3745.92,100
718,09:34:36,$ 3746.47,100
719,09:34:36,$ 3745.67,100
720,09:34:36,$ 3746.48,100
721,09:34:36,$ 3745.68,100
722,09:34:36,$ 3746.68,100
723,09:34:36,$ 3746.53,100
724,09:34:36,$ 3745.88,100
725,09:34:32,$ 3746.725,100
726,09:34:32,$ 3744.7851,321
727,09:34:32,$ 3744.7851,232
728,09:34:32,$ 3747.08,100
729,09:34:30,$ 3749.53,495
730,09:34:30,$ 3749.40,300
731,09:34:30,$ 3749.00,100
732,09:34:30,$ 3749.00,200
733,09:34:30,$ 3749.53,100
734,09:34:30,$ 3750.01,118
736,09:34:30,$ 3749.85,100
737,09:34:30,$ 3749.85,400
738,09:34:27,$ 3752.475,100
739,09:34:20,$ 3751.69,122
740,09:34:19,$ 3749.4001,"1,000"
741,09:34:12,$ 3749.55,100
742,09:34:12,$ 3749.31,100
743,09:34:12,$ 3749.28,100
744,09:34:12,$ 3749.2601,100
745,09:34:10,$ 3750.875,150
746,09:34:10,$ 3750.02,100
747,09:34:09,$ 3750.875,625
748,09:34:07,$ 3749.02,100
749,09:34:05,$ 3750.545,100
750,09:34:05,$ 3750.52,357
751,09:34:05,$ 3750.52,143
752,09:34:05,$ 3750.53,100
753,09:34:04,$ 3752.01,600
754,09:34:04,$ 3752.01,100
755,09:34:04,$ 3752.00,100
757,09:34:04,$ 3751.76,600
758,09:33:59,$ 3752.493,100
759,09:33:57,$ 3753.00,100
760,09:33:57,$ 3753.00,300
761,09:33:52,$ 3752.62,100
762,09:33:52,$ 3752.70,100
763,09:33:52,$ 3750.53,100
764,09:33:49,$ 3752.755,100
765,09:33:48,$ 3751.68,200
766,09:33:47,$ 3751.68,100
767,09:33:46,$ 3750.99,100
768,09:33:43,$ 3749.64,100
769,09:33:43,$ 3749.64,100
770,09:33:43,$ 3749.69,100
771,09:33:43,$ 3749.64,100
772,09:33:43,$ 3750.59,100
773,09:33:39,$ 3749.935,100
774,09:33:39,$ 3749.975,100
775,09:33:39,$ 3750.00,100
776,09:33:38,$ 3748.68,130
778,09:33:35,$ 3748.06,100
779,09:33:34,$ 3748.06,100
780,09:33:34,$ 3747.875,100
781,09:33:34,$ 3747.64,100
782,09:33:34,$ 3748.005,100
783,09:33:32,$ 3746.23,100
784,09:33:32,$ 3744.61,100
785,09:33:32,$ 3744.38,100
786,09:33:32,$ 3744.98,100
787,09:33:32,$ 3743.532,178
788,09:33:32,$ 3744.32,178
789,09:33:30,$ 3744.28,100
790,09:33:30,$ 3743.74,100
791,09:33:25,$ 3744.155,100
792,09:33:25,$ 3744.3299,100
793,09:33:20,$ 3744.13,100
794,09:33:20,$ 3744.155,100
795,09:33:17,$ 3744.98,100
796,09:33:17,$ 3743.75,100
797,09:33:17,$ 3743.51,100
799,09:33:16,$ 3743.565,100
800,09:33:15,$ 3742.26,100
801,09:33:15,$ 3743.17,400
802,09:33:13,$ 3743.68,100
803,09:33:13,$ 3743.51,100
804,09:33:09,$ 3742.01,625
805,09:33:09,$ 3743.749,750
806,09:33:09,$ 3742.574,100
807,09:33:08,$ 3739.75,100
808,09:33:05,$ 3739.44,300
809,09:33:05,$ 3740.00,100
810,09:33:05,$ 3740.56,100
811,09:33:05,$ 3740.71,100
812,09:33:05,$ 3741.02,100
813,09:33:05,$ 3741.091,200
814,09:33:00,$ 3743.7999,100
815,09:32:58,$ 3742.0353,200
816,09:32:58,$ 3743.412,258
817,09:32:58,$ 3743.412,104
818,09:32:56,$ 3747.8999,200
820,09:32:56,$ 3745.2275,100
821,09:32:56,$ 3745.34,100
822,09:32:53,$ 3745.77,400
823,09:32:53,$ 3745.77,100
824,09:32:53,$ 3746.25,100
825,09:32:53,$ 3746.24,283
826,09:32:53,$ 3746.24,315
827,09:32:53,$ 3746.16,500
828,09:32:53,$ 3746.39,100
829,09:32:51,$ 3747.86,100
830,09:32:50,$ 3747.07,100
831,09:32:49,$ 3747.254,100
832,09:32:48,$ 3747.02,100
833,09:32:45,$ 3746.68,100
834,09:32:45,$ 3747.03,131
835,09:32:44,$ 3747.03,257
836,09:32:43,$ 3747.0301,100
837,09:32:43,$ 3747.03,141
838,09:32:43,$ 3747.3899,459
839,09:32:43,$ 3747.2219,141
841,09:32:43,$ 3747.346,100
842,09:32:43,$ 3747.41,100
843,09:32:41,$ 3747.9315,147
844,09:32:40,$ 3747.89,400
845,09:32:40,$ 3747.89,100
846,09:32:39,$ 3749.165,100
847,09:32:39,$ 3749.165,100
848,09:32:39,$ 3747.89,379
849,09:32:38,$ 3749.165,400
850,09:32:36,$ 3750.00,100
851,09:32:36,$ 3750.01,107
852,09:32:36,$ 3751.20,100
853,09:32:36,$ 3751.10,100
854,09:32:36,$ 3751.03,100
855,09:32:36,$ 3750.01,100
856,09:32:36,$ 3752.115,150
857,09:32:34,$ 3750.01,100
858,09:32:34,$ 3752.34,100
859,09:32:30,$ 3751.735,100
860,09:32:29,$ 3752.345,500
862,09:32:28,$ 3751.62,100
863,09:32:28,$ 3751.22,100
864,09:32:25,$ 3751.98,100
865,09:32:21,$ 3751.97,100
866,09:32:20,$ 3751.98,"1,000"
867,09:32:20,$ 3751.98,100
868,09:32:19,$ 3751.98,200
869,09:32:17,$ 3753.95,136
870,09:32:16,$ 3754.07,100
871,09:32:16,$ 3754.20,100
872,09:32:11,$ 3756.38,100
873,09:32:08,$ 3757.12,100
874,09:32:07,$ 3753.83,100
875,09:32:07,$ 3753.87,100
876,09:31:57,$ 3753.35,100
877,09:31:56,$ 3753.7231,989
878,09:31:56,$ 3754.71,100
879,09:31:55,$ 3754.71,200
880,09:31:55,$ 3756.13,270
881,09:31:55,$ 3753.6173,100
883,09:31:55,$ 3754.71,100
884,09:31:55,$ 3753.43,100
885,09:31:55,$ 3756.13,150
886,09:31:55,$ 3755.48,100
887,09:31:55,$ 3755.35,100
888,09:31:55,$ 3755.35,100
889,09:31:52,$ 3756.5829,100
890,09:31:46,$ 3756.00,100
891,09:31:44,$ 3754.46,100
892,09:31:42,$ 3755.245,100
893,09:31:42,$ 3757.2899,300
894,09:31:42,$ 3754.655,100
895,09:31:40,$ 3754.64,100
896,09:31:40,$ 3754.96,100
897,09:31:40,$ 3751.13,100
898,09:31:40,$ 3756.04,100
899,09:31:40,$ 3755.54,100
900,09:31:40,$ 3753.33,100
901,09:31:39,$ 3752.60,100
902,09:31:39,$ 3752.59,100
904,09:31:39,$ 3752.59,100
905,09:31:39,$ 3752.58,100
906,09:31:38,$ 3753.72,100
907,09:31:38,$ 3753.72,200
908,09:31:36,$ 3752.71,100
909,09:31:36,$ 3753.795,380
910,09:31:36,$ 3753.44,380
911,09:31:36,$ 3752.4812,100
912,09:31:35,$ 3752.47,100
913,09:31:34,$ 3752.4599,100
914,09:31:33,$ 3750.0501,100
915,09:31:31,$ 3753.46,200
916,09:31:29,$ 3751.5582,150
917,09:31:27,$ 3750.926,100
918,09:31:26,$ 3754.6857,266
919,09:31:26,$ 3753.6095,100
920,09:31:26,$ 3754.36,100
921,09:31:25,$ 3755.00,111
922,09:31:25,$ 3755.00,192
923,09:31:25,$ 3755.00,555
925,09:31:25,$ 3755.00,100
926,09:31:25,$ 3753.63,100
927,09:31:25,$ 3754.25,100
928,09:31:25,$ 3754.39,100
929,09:31:25,$ 3754.80,100
930,09:31:25,$ 3754.85,100
931,09:31:25,$ 3754.8499,400
932,09:31:23,$ 3745.26,200
933,09:31:23,$ 3752.12,100
934,09:31:23,$ 3753.06,100
935,09:31:22,$ 3753.545,100
936,09:31:20,$ 3753.43,100
937,09:31:17,$ 3752.01,500
938,09:31:17,$ 3751.2216,"1,000"
939,09:31:13,$ 3750.00,100
940,09:31:13,$ 3750.00,100
941,09:31:12,$ 3748.85,100
942,09:31:12,$ 3748.50,544
943,09:31:11,$ 3744.80,100
944,09:31:10,$ 3745.73,100
946,09:31:10,$ 3744.87,100
947,09:31:10,$ 3747.80,100
948,09:31:10,$ 3747.765,100
949,09:31:09,$ 3745.24,100
950,09:31:07,$ 3746.5317,100
951,09:31:06,$ 3740.76,100
952,09:31:06,$ 3742.97,100
953,09:31:06,$ 3740.71,100
954,09:31:06,$ 3740.76,100
955,09:31:05,$ 3743.80,100
956,09:31:05,$ 3740.76,100
957,09:31:05,$ 3744.49,100
958,09:31:05,$ 3744.31,100
959,09:31:05,$ 3740.71,100
960,09:31:05,$ 3740.82,100
961,09:31:04,$ 3746.52,100
962,09:31:04,$ 3746.64,100
963,09:31:03,$ 3745.27,100
964,09:31:02,$ 3746.27,100
965,09:30:59,$ 3746.21,100
967,09:30:58,$ 3745.12,100
968,09:30:58,$ 3745.05,100
969,09:30:58,$ 3745.00,100
970,09:30:55,$ 3749.99,100
971,09:30:53,$ 3748.696,100
972,09:30:52,$ 3749.34,100
973,09:30:52,$ 3749.29,100
974,09:30:52,$ 3749.68,100
975,09:30:52,$ 3751.04,100
976,09:30:52,$ 3751.05,100
977,09:30:52,$ 3751.10,100
978,09:30:51,$ 3754.01,150
979,09:30:51,$ 3752.39,150
980,09:30:50,$ 3752.77,100
981,09:30:50,$ 3750.92,100
982,09:30:48,$ 3750.22,100
983,09:30:48,$ 3752.00,100
984,09:30:48,$ 3750.91,100
985,09:30:46,$ 3752.53,200
986,09:30:44,$ 3754.1421,100
988,09:30:43,$ 3752.72,100
989,09:30:42,$ 3752.25,100
990,09:30:42,$ 3751.74,100
991,09:30:42,$ 3751.8921,200
992,09:30:41,$ 3752.1242,100
993,09:30:40,$ 3752.76,100
994,09:30:40,$ 3752.76,100
995,09:30:39,$ 3752.535,150
996,09:30:39,$ 3753.00,100
997,09:30:39,$ 3753.00,100
998,09:30:39,$ 3752.53,700
999,09:30:39,$ 3752.53,295
1000,09:30:39,$ 3751.48,100
1001,09:30:39,$ 3751.2887,100
1002,09:30:38,$ 3752.53,200
1003,09:30:37,$ 3749.735,100
1004,09:30:37,$ 3750.00,793
1005,09:30:37,$ 3750.00,100
1006,09:30:37,$ 3750.00,100
1007,09:30:37,$ 3749.99,100
1009,09:30:37,$ 3750.00,274
1010,09:30:37,$ 3750.00,100
1011,09:30:37,$ 3750.00,100
1012,09:30:37,$ 3750.00,100
1013,09:30:37,$ 3750.00,100
1014,09:30:37,$ 3750.00,100
1015,09:30:37,$ 3750.00,349
1016,09:30:37,$ 3750.00,100
1017,09:30:37,$ 3749.316,625
1018,09:30:35,$ 3750.00,250
1019,09:30:35,$ 3750.00,180
1020,09:30:35,$ 3750.00,142
1021,09:30:35,$ 3750.00,100
1022,09:30:35,$ 3749.95,245
1023,09:30:35,$ 3749.95,979
1024,09:30:35,$ 3749.95,100
1025,09:30:35,$ 3749.95,301
1026,09:30:35,$ 3749.70,100
1027,09:30:35,$ 3749.75,150
1028,09:30:35,$ 3749.75,100
1030,09:30:35,$ 3749.7497,100
1031,09:30:35,$ 3748.9999,100
1032,09:30:35,$ 3748.95,100
1033,09:30:34,$ 3746.6651,100
1034,09:30:33,$ 3747.00,911
1035,09:30:33,$ 3746.44,100
1036,09:30:33,$ 3746.99,100
1037,09:30:33,$ 3746.50,100
1038,09:30:33,$ 3745.00,160
1039,09:30:33,$ 3745.00,"1,000"
1040,09:30:33,$ 3745.00,100
1041,09:30:33,$ 3745.00,100
1042,09:30:33,$ 3745.00,192
1043,09:30:27,$ 3740.705,100
1044,09:30:27,$ 3741.43,100
1045,09:30:27,$ 3741.32,100
1046,09:30:27,$ 3741.17,200
1047,09:30:25,$ 3742.69,200
1048,09:30:21,$ 3744.00,100
1049,09:30:20,$ 3741.92,100
1051,09:30:19,$ 3740.50,300
1052,09:30:17,$ 3738.51,100
1053,09:30:17,$ 3737.95,100
1054,09:30:17,$ 3737.99,"1,020"
1055,09:30:17,$ 3737.99,100
1056,09:30:12,$ 3738.06,100
1057,09:30:11,$ 3736.7693,100
1058,09:30:11,$ 3736.932,100
1059,09:30:11,$ 3738.02,100
1060,09:30:11,$ 3738.02,100
1061,09:30:11,$ 3738.00,104
1062,09:30:11,$ 3738.00,148
1063,09:30:11,$ 3738.00,100
1064,09:30:11,$ 3738.00,100
1065,09:30:10,$ 3737.55,100
1066,09:30:10,$ 3738.172,100
1067,09:30:10,$ 3738.189,200
1068,09:30:09,$ 3736.8756,200
1069,09:30:08,$ 3737.43,100
1070,09:30:08,$ 3738.01,100
1072,09:30:08,$ 3736.44,103
1073,09:30:08,$ 3736.25,100
1074,09:30:08,$ 3736.40,100
1075,09:30:08,$ 3736.45,100
1076,09:30:08,$ 3736.23,100
1077,09:30:08,$ 3736.44,119
1078,09:30:07,$ 3736.25,100
1079,09:30:05,$ 3737.00,100
1080,09:30:05,$ 3738.00,300
1081,09:30:05,$ 3739.62,100
1082,09:30:04,$ 3739.79,100
1083,09:30:04,$ 3740.00,100
1084,09:30:04,$ 3740.00,100
1085,09:30:04,$ 3740.412,449
1086,09:30:04,$ 3740.42,100
1087,09:30:04,$ 3742.52,100
1088,09:30:03,$ 3743.12,100
1089,09:30:02,$ 3743.17,187
1090,09:30:02,$ 3743.495,100
1091,09:30:02,$ 3743.60,100
1093,09:30:02,$ 3743.60,100
1094,09:30:02,$ 3743.56,100
1095,09:30:01,$ 3743.23,172
1096,09:30:01,$ 3743.54,100
1097,09:30:01,$ 3743.14,100
1098,09:30:01,$ 3744.24,4
1099,09:30:01,$ 3744.24,2
1100,09:30:01,$ 3744.24,1
1101,09:30:01,$ 3744.24,1
1102,09:30:01,$ 3744.24,1
1103,09:30:01,$ 3744.24,1
1104,09:30:01,$ 3744.24,1
1105,09:30:01,$ 3744.24,3
1106,09:30:01,$ 3744.24,4
1107,09:30:01,$ 3744.24,1
1108,09:30:01,$ 3744.24,1
1109,09:30:01,$ 3744.24,1
1110,09:30:01,$ 3744.24,1
1111,09:30:01,$ 3744.24,1
1112,09:30:01,$ 3744.24,2
1114,09:30:01,$ 3744.24,1
1115,09:30:01,$ 3744.24,13
1116,09:30:01,$ 3744.24,1
1117,09:30:01,$ 3744.24,3
1118,09:30:01,$ 3744.24,1
1119,09:30:01,$ 3744.24,20
1120,09:30:01,$ 3744.24,1
1121,09:30:01,$ 3744.24,2
1122,09:30:01,$ 3744.24,1
1123,09:30:01,$ 3744.24,1
1124,09:30:01,$ 3744.24,1
1125,09:30:01,$ 3744.24,10
1126,09:30:01,$ 3744.24,1
1127,09:30:01,$ 3744.24,1
1128,09:30:01,$ 3744.24,7
1129,09:30:01,$ 3744.24,2
1130,09:30:01,$ 3744.24,1
1131,09:30:01,$ 3744.24,2
1132,09:30:01,$ 3744.24,1
1133,09:30:01,$ 3744.24,6
1135,09:30:01,$ 3744.24,2
1136,09:30:01,$ 3744.24,1
1137,09:30:01,$ 3744.24,1
1138,09:30:01,$ 3744.24,1
1139,09:30:01,$ 3744.24,1
1140,09:30:01,$ 3744.24,3
1141,09:30:01,$ 3744.24,13
1142,09:30:01,$ 3744.24,1
1143,09:30:01,$ 3744.24,1
1144,09:30:01,$ 3744.24,1
1145,09:30:01,$ 3744.24,2
1146,09:30:01,$ 3744.24,3
1147,09:30:01,$ 3744.24,1
1148,09:30:01,$ 3744.24,6
1149,09:30:01,$ 3744.24,90
1150,09:30:01,$ 3744.24,10
1151,09:30:01,$ 3744.24,4
1152,09:30:01,$ 3744.24,63
1153,09:30:01,$ 3744.24,7
1154,09:30:01,$ 3744.24,1
1156,09:30:01,$ 3744.24,10
1157,09:30:01,$ 3744.24,1
1158,09:30:01,$ 3744.24,5
1159,09:30:01,$ 3744.24,2
1160,09:30:01,$ 3744.24,10
1161,09:30:01,$ 3744.24,120
1162,09:30:01,$ 3744.24,1
1163,09:30:01,$ 3744.24,3
1164,09:30:01,$ 3744.24,10
1165,09:30:01,$ 3744.24,10
1166,09:30:01,$ 3744.24,1
1167,09:30:01,$ 3744.24,4
1168,09:30:01,$ 3744.24,1
1169,09:30:01,$ 3744.24,3
1170,09:30:01,$ 3744.24,5
1171,09:30:01,$ 3744.24,11
1172,09:30:01,$ 3744.24,1
1173,09:30:01,$ 3744.24,7
1174,09:30:01,$ 3744.24,1
1175,09:30:01,$ 3744.24,10
1177,09:30:01,$ 3744.24,1
1178,09:30:01,$ 3744.24,3
1179,09:30:01,$ 3744.24,6
1180,09:30:01,$ 3744.24,7
1181,09:30:01,$ 3744.24,1
1182,09:30:01,$ 3744.24,5
1183,09:30:01,$ 3744.24,105
1184,09:30:01,$ 3744.24,5
1185,09:30:01,$ 3744.24,1
1186,09:30:01,$ 3744.24,1
1187,09:30:01,$ 3744.24,1
1188,09:30:01,$ 3744.24,1
1189,09:30:01,$ 3744.24,3
1190,09:30:01,$ 3744.24,3
1191,09:30:01,$ 3744.24,4
1192,09:30:01,$ 3744.24,6
1193,09:30:01,$ 3744.24,3
1194,09:30:01,$ 3744.24,3
1195,09:30:01,$ 3744.24,1
1196,09:30:01,$ 3744.24,1
1198,09:30:01,$ 3744.24,2
1199,09:30:01,$ 3744.24,2
1200,09:30:01,$ 3744.24,2
1201,09:30:01,$ 3744.24,2
1202,09:30:01,$ 3744.24,2
1203,09:30:01,$ 3744.24,10
1204,09:30:01,$ 3744.24,2
1205,09:30:01,$ 3744.24,15
1206,09:30:01,$ 3744.24,1
1207,09:30:01,$ 3744.24,2
1208,09:30:01,$ 3744.24,26
1209,09:30:01,$ 3744.24,10
1210,09:30:01,$ 3744.24,25
1211,09:30:01,$ 3744.24,2
1212,09:30:01,$ 3744.24,30
1213,09:30:01,$ 3744.24,2
1214,09:30:01,$ 3744.24,3
1215,09:30:01,$ 3744.24,5
1216,09:30:01,$ 3744.24,3
1217,09:30:01,$ 3744.24,1
1219,09:30:01,$ 3744.24,7
1220,09:30:01,$ 3744.24,50
1221,09:30:01,$ 3744.24,108
1222,09:30:01,$ 3744.24,10
1223,09:30:01,$ 3744.24,41
1224,09:30:01,$ 3744.24,10
1225,09:30:01,$ 3744.24,10
1226,09:30:01,$ 3744.24,30
1227,09:30:01,$ 3744.24,1
1228,09:30:01,$ 3744.24,15
1229,09:30:01,$ 3744.24,26
1230,09:30:01,$ 3744.24,1
1231,09:30:01,$ 3744.24,17
1232,09:30:01,$ 3744.24,2
1233,09:30:01,$ 3744.24,1
1234,09:30:01,$ 3744.24,2
1235,09:30:01,$ 3744.24,51
1236,09:30:01,$ 3744.24,15
1237,09:30:01,$ 3744.24,10
1238,09:30:01,$ 3744.24,25
1240,09:30:01,$ 3744.24,1
1241,09:30:01,$ 3744.24,10
1242,09:30:01,$ 3744.24,10
1243,09:30:01,$ 3744.24,15
1244,09:30:01,$ 3744.24,3
1245,09:30:01,$ 3744.24,30
1246,09:30:01,$ 3744.24,50
1247,09:30:01,$ 3744.24,5
1248,09:30:01,$ 3744.24,3
1249,09:30:01,$ 3744.24,2
1250,09:30:01,$ 3744.24,3
1251,09:30:01,$ 3744.24,2
1252,09:30:01,$ 3744.24,2
1253,09:30:01,$ 3744.24,2
1254,09:30:01,$ 3744.24,3
1255,09:30:01,$ 3744.24,1
1256,09:30:01,$ 3744.24,3
1257,09:30:01,$ 3744.24,1
1258,09:30:01,$ 3744.24,4
1259,09:30:01,$ 3744.24,21
1261,09:30:01,$ 3744.24,1
1262,09:30:01,$ 3744.24,1
1263,09:30:01,$ 3744.24,1
1264,09:30:01,$ 3744.24,51
1265,09:30:01,$ 3744.24,7
1266,09:30:01,$ 3744.24,3
1267,09:30:01,$ 3744.24,81
1268,09:30:01,$ 3744.24,14
1269,09:30:01,$ 3744.24,2
1270,09:30:01,$ 3744.24,1
1271,09:30:01,$ 3744.24,8
1272,09:30:01,$ 3744.24,2
1273,09:30:01,$ 3744.24,4
1274,09:30:01,$ 3744.24,1
1275,09:30:01,$ 3744.24,2
1276,09:30:01,$ 3744.24,1
1277,09:30:01,$ 3744.24,1
1278,09:30:01,$ 3744.24,10
1279,09:30:01,$ 3744.24,1
1280,09:30:01,$ 3744.24,1
1282,09:30:01,$ 3744.24,1
1283,09:30:01,$ 3744.24,1
1284,09:30:01,$ 3744.24,10
1285,09:30:01,$ 3744.24,1
1286,09:30:01,$ 3744.24,1
1287,09:30:01,$ 3744.24,1
1288,09:30:01,$ 3744.24,3
1289,09:30:01,$ 3744.24,1
1290,09:30:01,$ 3744.24,3
1291,09:30:01,$ 3744.24,1
1292,09:30:01,$ 3744.24,1
1293,09:30:01,$ 3744.24,1
1294,09:30:01,$ 3744.24,19
1295,09:30:01,$ 3744.24,1
1296,09:30:01,$ 3744.24,1
1297,09:30:01,$ 3744.24,1
1298,09:30:01,$ 3744.24,1
1299,09:30:01,$ 3744.24,1
1300,09:30:01,$ 3744.24,2
1301,09:30:01,$ 3744.24,70
1303,09:30:01,$ 3744.24,2
1304,09:30:01,$ 3744.24,1
1305,09:30:01,$ 3744.24,2
1306,09:30:01,$ 3744.24,1
1307,09:30:01,$ 3744.24,1
1308,09:30:01,$ 3744.24,2
1309,09:30:01,$ 3744.24,2
1310,09:30:01,$ 3744.24,2
1311,09:30:01,$ 3744.24,1
1312,09:30:01,$ 3744.24,3
1313,09:30:01,$ 3744.24,318
1314,09:30:01,$ 3744.24,1
1315,09:30:01,$ 3744.24,1
1316,09:30:01,$ 3744.24,1
1317,09:30:01,$ 3744.24,1
1318,09:30:01,$ 3744.24,1
1319,09:30:01,$ 3744.24,1
1320,09:30:01,$ 3744.24,2
1321,09:30:01,$ 3744.24,10
1322,09:30:01,$ 3744.24,1
1324,09:30:01,$ 3744.24,1
1325,09:30:01,$ 3744.24,3
1326,09:30:01,$ 3744.24,2
1327,09:30:01,$ 3744.24,5
1328,09:30:01,$ 3744.24,73
1329,09:30:01,$ 3744.24,1
1330,09:30:01,$ 3744.24,1
1331,09:30:01,$ 3744.24,2
1332,09:30:01,$ 3744.24,3
1333,09:30:01,$ 3744.24,1
1334,09:30:01,$ 3744.24,5
1335,09:30:01,$ 3744.24,1
1336,09:30:01,$ 3744.24,1
1337,09:30:01,$ 3744.24,100
1338,09:30:01,$ 3744.24,13
1339,09:30:01,$ 3744.24,3
1340,09:30:01,$ 3744.24,1
1341,09:30:01,$ 3744.24,5
1342,09:30:01,$ 3744.24,1
1343,09:30:01,$ 3744.24,7
1345,09:30:01,$ 3744.24,2
1346,09:30:01,$ 3744.24,35
1347,09:30:01,$ 3744.24,196
1348,09:30:01,$ 3744.24,3
1349,09:30:01,$ 3744.24,1
1350,09:30:01,$ 3744.24,1
1351,09:30:01,$ 3744.24,3
1352,09:30:01,$ 3744.24,8
1353,09:30:01,$ 3744.24,15
1354,09:30:01,$ 3744.24,10
1355,09:30:01,$ 3744.24,1
1356,09:30:01,$ 3744.24,23
1357,09:30:01,$ 3744.24,1
1358,09:30:01,$ 3744.24,31
1359,09:30:01,$ 3744.24,1
1360,09:30:01,$ 3744.24,1
1361,09:30:01,$ 3744.24,10
1362,09:30:01,$ 3744.24,2
1363,09:30:01,$ 3744.24,2
1364,09:30:01,$ 3744.24,1
1366,09:30:01,$ 3744.24,1
1367,09:30:01,$ 3744.24,1
1368,09:30:01,$ 3744.24,1
1369,09:30:01,$ 3744.24,6
1370,09:30:01,$ 3744.24,2
1371,09:30:01,$ 3744.24,100
1372,09:30:01,$ 3744.24,30
1373,09:30:01,$ 3744.24,4
1374,09:30:01,$ 3744.24,1
1375,09:30:01,$ 3744.24,6
1376,09:30:01,$ 3744.24,10
1377,09:30:01,$ 3744.24,3
1378,09:30:01,$ 3744.24,1
1379,09:30:01,$ 3744.24,3
1380,09:30:01,$ 3744.24,1
1381,09:30:01,$ 3744.24,1
1382,09:30:01,$ 3744.24,2
1383,09:30:01,$ 3744.24,2
1384,09:30:01,$ 3744.24,2
1385,09:30:01,$ 3744.24,1
1387,09:30:01,$ 3744.24,1
1388,09:30:01,$ 3744.24,2
1389,09:30:01,$ 3744.24,1
1390,09:30:01,$ 3744.24,1
1391,09:30:01,$ 3744.24,6
1392,09:30:01,$ 3744.24,1
1393,09:30:01,$ 3744.24,1
1394,09:30:01,$ 3744.24,2
1395,09:30:01,$ 3744.24,1
1396,09:30:01,$ 3744.24,3
1397,09:30:01,$ 3744.24,1
1398,09:30:01,$ 3744.24,1
1399,09:30:01,$ 3744.24,2
1400,09:30:01,$ 3744.24,1
1401,09:30:01,$ 3744.24,1
1402,09:30:01,$ 3744.24,3
1403,09:30:01,$ 3744.24,2
1404,09:30:01,$ 3744.24,2
1405,09:30:01,$ 3744.24,1
1406,09:30:01,$ 3744.24,3
1408,09:30:01,$ 3744.24,1
1409,09:30:01,$ 3744.24,3
1410,09:30:01,$ 3744.24,20
1411,09:30:01,$ 3744.24,2
1412,09:30:01,$ 3744.24,1
1413,09:30:01,$ 3744.24,12
1414,09:30:01,$ 3744.24,3
1415,09:30:01,$ 3744.24,3
1416,09:30:01,$ 3744.24,10
1417,09:30:01,$ 3744.24,2
1418,09:30:01,$ 3744.24,1
1419,09:30:01,$ 3744.24,6
1420,09:30:01,$ 3744.24,1
1421,09:30:01,$ 3744.24,3
1422,09:30:01,$ 3744.24,2
1423,09:30:01,$ 3744.24,1
1424,09:30:01,$ 3744.24,4
1425,09:30:01,$ 3744.24,14
1426,09:30:01,$ 3744.24,1
1427,09:30:01,$ 3744.24,5
1429,09:30:01,$ 3744.24,1
1430,09:30:01,$ 3744.24,1
1431,09:30:01,$ 3744.24,30
1432,09:30:01,$ 3744.24,25
1433,09:30:01,$ 3744.24,5
1434,09:30:01,$ 3744.24,1
1435,09:30:01,$ 3744.24,1
1436,09:30:01,$ 3744.24,1
1437,09:30:01,$ 3744.24,2
1438,09:30:01,$ 3744.24,1
1439,09:30:01,$ 3744.24,2
1440,09:30:01,$ 3744.24,5
1441,09:30:01,$ 3744.24,8
1442,09:30:01,$ 3744.24,5
1443,09:30:01,$ 3744.24,5
1444,09:30:01,$ 3744.24,5
1445,09:30:01,$ 3744.24,1
1446,09:30:01,$ 3744.24,1
1447,09:30:01,$ 3744.24,1
1448,09:30:01,$ 3744.24,70
1450,09:30:01,$ 3744.24,6
1451,09:30:01,$ 3744.24,13
1452,09:30:01,$ 3744.24,2
1453,09:30:01,$ 3744.24,2
1454,09:30:01,$ 3744.24,1
1455,09:30:01,$ 3744.24,3
1456,09:30:01,$ 3744.24,3
1457,09:30:01,$ 3744.24,3
1458,09:30:01,$ 3744.24,2
1459,09:30:01,$ 3744.24,1
1460,09:30:01,$ 3744.24,3
1461,09:30:01,$ 3744.24,10
1462,09:30:01,$ 3744.24,1
1463,09:30:01,$ 3744.24,1
1464,09:30:01,$ 3744.24,2
1465,09:30:01,$ 3744.24,4
1466,09:30:01,$ 3744.24,1
1467,09:30:01,$ 3744.24,1
1468,09:30:01,$ 3744.24,1
1469,09:30:01,$ 3744.24,1
1471,09:30:01,$ 3744.24,5
1472,09:30:01,$ 3744.24,5
1473,09:30:01,$ 3744.24,8
1474,09:30:01,$ 3744.24,3
1475,09:30:01,$ 3744.24,1
1476,09:30:01,$ 3744.24,1
1477,09:30:01,$ 3744.24,8
1478,09:30:01,$ 3744.24,1
1479,09:30:01,$ 3744.24,6
1480,09:30:01,$ 3744.24,7
1481,09:30:01,$ 3744.24,27
1482,09:30:01,$ 3744.24,70
1483,09:30:01,$ 3744.24,1
1484,09:30:01,$ 3744.24,1
1485,09:30:01,$ 3744.24,2
1486,09:30:01,$ 3744.24,20
1487,09:30:01,$ 3744.24,1
1488,09:30:01,$ 3744.24,5
1489,09:30:01,$ 3744.24,1
1490,09:30:01,$ 3744.24,93
1492,09:30:01,$ 3744.24,2
1493,09:30:01,$ 3744.24,3
1494,09:30:01,$ 3744.24,10
1495,09:30:01,$ 3744.24,2
1496,09:30:01,$ 3744.24,1
1497,09:30:01,$ 3744.24,7
1498,09:30:01,$ 3744.24,2
1499,09:30:01,$ 3744.24,5
1500,09:30:01,$ 3744.24,50
1501,09:30:01,$ 3744.24,22
1502,09:30:01,$ 3744.24,5
1503,09:30:01,$ 3744.24,26
1504,09:30:01,$ 3744.24,"2,000"
1505,09:30:01,$ 3744.24,280
1506,09:30:01,$ 3744.24,1
1507,09:30:01,$ 3744.24,1
1508,09:30:01,$ 3744.24,4
1509,09:30:01,$ 3744.24,500
1510,09:30:01,$ 3744.24,2
1511,09:30:01,$ 3744.24,2
1513,09:30:01,$ 3744.24,1
1514,09:30:01,$ 3744.24,1
1515,09:30:01,$ 3744.24,1
1516,09:30:01,$ 3744.24,2
1517,09:30:01,$ 3744.24,1
1518,09:30:01,$ 3744.24,1
1519,09:30:01,$ 3744.24,2
1520,09:30:01,$ 3744.24,1
1521,09:30:01,$ 3744.24,1
1522,09:30:01,$ 3744.24,8
1523,09:30:01,$ 3744.24,10
1524,09:30:01,$ 3744.24,3
1525,09:30:01,$ 3744.24,2
1526,09:30:01,$ 3744.24,5
1527,09:30:01,$ 3744.24,2
1528,09:30:01,$ 3744.24,2
1529,09:30:01,$ 3744.24,1
1530,09:30:01,$ 3744.24,4
1531,09:30:01,$ 3744.24,1
1532,09:30:01,$ 3744.24,8
1534,09:30:01,$ 3744.24,1
1535,09:30:01,$ 3744.24,13
1536,09:30:01,$ 3744.24,2
1537,09:30:01,$ 3744.24,1
1538,09:30:01,$ 3744.24,3
1539,09:30:01,$ 3744.24,1
1540,09:30:01,$ 3744.24,2
1541,09:30:01,$ 3744.24,1
1542,09:30:01,$ 3744.24,2
1543,09:30:01,$ 3744.24,1
1544,09:30:01,$ 3744.24,1
1545,09:30:01,$ 3744.24,1
1546,09:30:01,$ 3744.24,3
1547,09:30:01,$ 3744.24,5
1548,09:30:01,$ 3744.24,1
1549,09:30:01,$ 3744.24,1
1550,09:30:01,$ 3744.24,10
1551,09:30:01,$ 3744.24,25
1552,09:30:01,$ 3744.24,1
1553,09:30:01,$ 3744.24,111
1555,09:30:01,$ 3744.24,19
1556,09:30:01,$ 3744.24,4
1557,09:30:01,$ 3744.24,2
1558,09:30:01,$ 3744.24,2
1559,09:30:01,$ 3744.24,2
1560,09:30:01,$ 3744.24,5
1561,09:30:01,$ 3744.24,9
1562,09:30:01,$ 3744.24,20
1563,09:30:01,$ 3744.24,50
1564,09:30:01,$ 3744.24,5
1565,09:30:01,$ 3744.24,2
1566,09:30:01,$ 3744.24,5
1567,09:30:01,$ 3744.24,5
1568,09:30:01,$ 3744.24,5
1569,09:30:01,$ 3744.24,3
1570,09:30:01,$ 3744.24,1
1571,09:30:01,$ 3744.24,8
1572,09:30:01,$ 3744.24,1
1573,09:30:01,$ 3744.24,2
1574,09:30:01,$ 3744.24,1
1576,09:30:01,$ 3744.24,1
1577,09:30:01,$ 3744.24,5
1578,09:30:01,$ 3744.24,1
1579,09:30:01,$ 3744.24,1
1580,09:30:01,$ 3744.24,1
1581,09:30:01,$ 3744.24,8
1582,09:30:01,$ 3744.24,1
1583,09:30:01,$ 3744.24,10
1584,09:30:01,$ 3744.24,13
1585,09:30:01,$ 3744.24,3
1586,09:30:01,$ 3744.24,1
1587,09:30:01,$ 3744.24,27
1588,09:30:01,$ 3744.24,2
1589,09:30:01,$ 3744.24,5
1590,09:30:01,$ 3744.24,3
1591,09:30:01,$ 3744.24,5
1592,09:30:01,$ 3744.24,2
1593,09:30:01,$ 3744.24,1
1594,09:30:01,$ 3744.24,1
1595,09:30:01,$ 3744.24,1
1597,09:30:01,$ 3744.24,1
1598,09:30:01,$ 3744.24,1
1599,09:30:01,$ 3744.24,2
1600,09:30:01,$ 3744.24,1
1601,09:30:01,$ 3744.24,1
1602,09:30:01,$ 3744.24,2
1603,09:30:01,$ 3744.24,135
1604,09:30:01,$ 3744.24,3
1605,09:30:01,$ 3744.24,15
1606,09:30:01,$ 3744.24,2
1607,09:30:01,$ 3744.24,4
1608,09:30:01,$ 3744.24,2
1609,09:30:01,$ 3744.24,1
1610,09:30:01,$ 3744.24,1
1611,09:30:01,$ 3744.24,3
1612,09:30:01,$ 3744.24,9
1613,09:30:01,$ 3744.24,3
1614,09:30:01,$ 3744.24,6
1615,09:30:01,$ 3744.24,7
1616,09:30:01,$ 3744.24,4
1618,09:30:01,$ 3744.24,5
1619,09:30:01,$ 3744.24,10
1620,09:30:01,$ 3744.24,31
1621,09:30:01,$ 3744.24,5
1622,09:30:01,$ 3744.24,26
1623,09:30:01,$ 3744.24,8
1624,09:30:01,$ 3744.24,1
1625,09:30:01,$ 3744.24,1
1626,09:30:01,$ 3744.24,1
1627,09:30:01,$ 3744.24,15
1628,09:30:01,$ 3744.24,2
1629,09:30:01,$ 3744.24,1
1630,09:30:01,$ 3744.24,3
1631,09:30:01,$ 3744.24,6
1632,09:30:01,$ 3744.24,5
1633,09:30:01,$ 3744.24,5
1634,09:30:01,$ 3744.24,1
1635,09:30:01,$ 3744.24,1
1636,09:30:01,$ 3744.24,3
1637,09:30:01,$ 3744.24,1
1639,09:30:01,$ 3744.24,7
1640,09:30:01,$ 3744.24,1
1641,09:30:01,$ 3744.24,10
1642,09:30:01,$ 3744.24,1
1643,09:30:01,$ 3744.24,2
1644,09:30:01,$ 3744.24,2
1645,09:30:01,$ 3744.24,1
1646,09:30:01,$ 3744.24,1
1647,09:30:01,$ 3744.24,1
1648,09:30:01,$ 3744.24,4
1649,09:30:01,$ 3744.24,1
1650,09:30:01,$ 3744.24,10
1651,09:30:01,$ 3744.24,1
1652,09:30:01,$ 3744.24,3
1653,09:30:01,$ 3744.24,2
1654,09:30:01,$ 3744.24,5
1655,09:30:01,$ 3744.24,4
1656,09:30:01,$ 3744.24,4
1657,09:30:01,$ 3744.24,3
1658,09:30:01,$ 3744.24,5
1660,09:30:01,$ 3744.24,1
1661,09:30:01,$ 3744.24,10
1662,09:30:01,$ 3744.24,2
1663,09:30:01,$ 3744.24,1
1664,09:30:01,$ 3744.24,1
1665,09:30:01,$ 3744.24,2
1666,09:30:01,$ 3744.24,2
1667,09:30:01,$ 3744.24,7
1668,09:30:01,$ 3744.24,1
1669,09:30:01,$ 3744.24,5
1670,09:30:01,$ 3744.24,1
1671,09:30:01,$ 3744.24,1
1672,09:30:01,$ 3744.24,25
1673,09:30:01,$ 3744.24,1
1674,09:30:01,$ 3744.24,1
1675,09:30:01,$ 3744.24,3
1676,09:30:01,$ 3744.24,1
1677,09:30:01,$ 3744.24,1
1678,09:30:01,$ 3744.24,1
1679,09:30:01,$ 3744.24,1
1681,09:30:01,$ 3744.24,1
1682,09:30:01,$ 3744.24,2
1683,09:30:01,$ 3744.24,1
1684,09:30:01,$ 3744.24,2
1685,09:30:01,$ 3744.24,3
1686,09:30:01,$ 3744.24,4
1687,09:30:01,$ 3744.24,2
1688,09:30:01,$ 3744.24,1
1689,09:30:01,$ 3744.24,1
1690,09:30:01,$ 3744.24,1
1691,09:30:01,$ 3744.24,1
1692,09:30:01,$ 3744.24,1
1693,09:30:01,$ 3744.24,5
1694,09:30:01,$ 3744.24,2
1695,09:30:01,$ 3744.24,2
1696,09:30:01,$ 3744.24,1
1697,09:30:01,$ 3744.24,1
1698,09:30:01,$ 3744.24,2
1699,09:30:01,$ 3744.24,1
1700,09:30:01,$ 3744.24,1
1702,09:30:01,$ 3744.24,10
1703,09:30:01,$ 3744.24,1
1704,09:30:01,$ 3744.24,2
1705,09:30:01,$ 3744.24,1
1706,09:30:01,$ 3744.24,2
1707,09:30:01,$ 3744.24,1
1708,09:30:01,$ 3744.24,1
1709,09:30:01,$ 3744.24,1
1710,09:30:01,$ 3744.24,7
1711,09:30:01,$ 3744.24,1
1712,09:30:01,$ 3744.24,1
1713,09:30:01,$ 3744.24,160
1714,09:30:01,$ 3744.24,1
1715,09:30:01,$ 3744.24,1
1716,09:30:01,$ 3744.24,3
1717,09:30:01,$ 3744.24,4
1718,09:30:01,$ 3744.24,25
1719,09:30:01,$ 3744.24,3
1720,09:30:01,$ 3744.24,3
1721,09:30:01,$ 3744.24,2
1723,09:30:01,$ 3744.24,2
1724,09:30:01,$ 3744.24,3
1725,09:30:01,$ 3744.24,1
1726,09:30:01,$ 3744.24,5
1727,09:30:01,$ 3744.24,1
1728,09:30:01,$ 3744.24,3
1729,09:30:01,$ 3744.24,4
1730,09:30:01,$ 3744.24,1
1731,09:30:01,$ 3744.24,1
1732,09:30:01,$ 3744.24,1
1733,09:30:01,$ 3744.24,1
1734,09:30:01,$ 3744.24,10
1735,09:30:01,$ 3744.24,7
1736,09:30:01,$ 3744.24,4
1737,09:30:01,$ 3744.24,3
1738,09:30:01,$ 3744.24,1
1739,09:30:01,$ 3744.24,5
1740,09:30:01,$ 3744.24,400
1741,09:30:01,$ 3744.24,1
1742,09:30:01,$ 3744.24,1
1744,09:30:01,$ 3744.24,1
1745,09:30:01,$ 3744.24,34
1746,09:30:01,$ 3744.24,98
1747,09:30:01,$ 3744.24,9
1748,09:30:01,$ 3744.24,5
1749,09:30:01,$ 3744.24,3
1750,09:30:01,$ 3744.24,3
1751,09:30:01,$ 3744.24,3
1752,09:30:01,$ 3744.24,1
1753,09:30:01,$ 3744.24,1
1754,09:30:01,$ 3744.24,2
1755,09:30:01,$ 3744.24,1
1756,09:30:01,$ 3744.24,2
1757,09:30:01,$ 3744.24,3
1758,09:30:01,$ 3744.24,1
1759,09:30:01,$ 3744.24,1
1760,09:30:01,$ 3744.24,10
1761,09:30:01,$ 3744.24,1
1762,09:30:01,$ 3744.24,3
1763,09:30:01,$ 3744.24,1
1765,09:30:01,$ 3744.24,1
1766,09:30:01,$ 3744.24,1
1767,09:30:01,$ 3744.24,1
1768,09:30:01,$ 3744.24,4
1769,09:30:01,$ 3744.24,1
1770,09:30:01,$ 3744.24,1
1771,09:30:01,$ 3744.24,3
1772,09:30:01,$ 3744.24,1
1773,09:30:01,$ 3744.24,3
1774,09:30:01,$ 3744.24,3
1775,09:30:01,$ 3744.24,10
1776,09:30:01,$ 3744.24,1
1777,09:30:01,$ 3744.24,1
1778,09:30:01,$ 3744.24,3
1779,09:30:01,$ 3744.24,1
1780,09:30:01,$ 3744.24,3
1781,09:30:01,$ 3744.24,1
1782,09:30:01,$ 3744.24,1
1783,09:30:01,$ 3744.24,1
1784,09:30:01,$ 3744.24,5
1786,09:30:01,$ 3744.24,1
1787,09:30:01,$ 3744.24,3
1788,09:30:01,$ 3744.24,5
1789,09:30:01,$ 3744.24,1
1790,09:30:01,$ 3744.24,2
1791,09:30:01,$ 3744.24,14
1792,09:30:01,$ 3744.24,1
1793,09:30:01,$ 3744.24,1
1794,09:30:01,$ 3744.24,1
1795,09:30:01,$ 3744.24,2
1796,09:30:01,$ 3744.24,1
1797,09:30:01,$ 3744.24,1
1798,09:30:01,$ 3744.24,2
1799,09:30:01,$ 3744.24,3
1800,09:30:01,$ 3744.24,1
1801,09:30:01,$ 3744.24,1
1802,09:30:01,$ 3744.24,1
1803,09:30:01,$ 3744.24,1
1804,09:30:01,$ 3744.24,6
1805,09:30:01,$ 3744.24,3
1807,09:30:01,$ 3744.24,10
1808,09:30:01,$ 3744.24,5
1809,09:30:01,$ 3744.24,10
1810,09:30:01,$ 3744.24,2
1811,09:30:01,$ 3744.24,4
1812,09:30:01,$ 3744.24,1
1813,09:30:01,$ 3744.24,8
1814,09:30:01,$ 3744.24,5
1815,09:30:01,$ 3744.24,1
1816,09:30:01,$ 3744.24,1
1817,09:30:01,$ 3744.24,25
1818,09:30:01,$ 3744.24,4
1819,09:30:01,$ 3744.24,1
1820,09:30:01,$ 3744.24,3
1821,09:30:01,$ 3744.24,2
1822,09:30:01,$ 3744.24,1
1823,09:30:01,$ 3744.24,25
1824,09:30:01,$ 3744.24,3
1825,09:30:01,$ 3744.24,2
1826,09:30:01,$ 3744.24,1
1828,09:30:01,$ 3744.24,1
1829,09:30:01,$ 3744.24,3
1830,09:30:01,$ 3744.24,100
1831,09:30:01,$ 3744.24,2
1832,09:30:01,$ 3744.24,1
1833,09:30:01,$ 3744.24,2
1834,09:30:01,$ 3744.24,1
1835,09:30:01,$ 3744.24,55
1836,09:30:01,$ 3744.24,1
1837,09:30:01,$ 3744.24,20
1838,09:30:01,$ 3744.24,1
1839,09:30:01,$ 3744.24,13
1840,09:30:01,$ 3744.24,1
1841,09:30:01,$ 3744.24,2
1842,09:30:01,$ 3744.24,20
1843,09:30:01,$ 3744.24,1
1844,09:30:01,$ 3744.24,1
1845,09:30:01,$ 3744.24,1
1846,09:30:01,$ 3744.24,2
1847,09:30:01,$ 3744.24,10
1849,09:30:01,$ 3744.24,10
1850,09:30:01,$ 3744.24,1
1851,09:30:01,$ 3744.24,1
1852,09:30:01,$ 3744.24,2
1853,09:30:01,$ 3744.24,1
1854,09:30:01,$ 3744.24,1
1855,09:30:01,$ 3744.24,2
1856,09:30:01,$ 3744.24,1
1857,09:30:01,$ 3744.24,10
1858,09:30:01,$ 3744.24,30
1859,09:30:01,$ 3744.24,1
1860,09:30:01,$ 3744.24,2
1861,09:30:01,$ 3744.24,15
1862,09:30:01,$ 3744.24,1
1863,09:30:01,$ 3744.24,1
1864,09:30:01,$ 3744.24,2
1865,09:30:01,$ 3744.24,1
1866,09:30:01,$ 3744.24,5
1867,09:30:01,$ 3744.24,1
1868,09:30:01,$ 3744.24,4
1870,09:30:01,$ 3744.24,2
1871,09:30:01,$ 3744.24,1
1872,09:30:01,$ 3744.24,1
1873,09:30:01,$ 3744.24,1
1874,09:30:01,$ 3744.24,3
1875,09:30:01,$ 3744.24,2
1876,09:30:01,$ 3744.24,2
1877,09:30:01,$ 3744.24,1
1878,09:30:01,$ 3744.24,1
1879,09:30:01,$ 3744.24,2
1880,09:30:01,$ 3744.24,1
1881,09:30:01,$ 3744.24,1
1882,09:30:01,$ 3744.24,1
1883,09:30:01,$ 3744.24,33
1884,09:30:01,$ 3744.24,1
1885,09:30:01,$ 3744.24,1
1886,09:30:01,$ 3744.24,6
1887,09:30:01,$ 3744.24,10
1888,09:30:01,$ 3744.24,10
1889,09:30:01,$ 3744.24,17
1891,09:30:01,$ 3744.24,40
1892,09:30:01,$ 3744.24,37
1893,09:30:01,$ 3744.24,39
1894,09:30:01,$ 3744.24,10
1895,09:30:01,$ 3744.24,2
1896,09:30:01,$ 3744.24,5
1897,09:30:01,$ 3744.24,4
1898,09:30:01,$ 3744.24,100
1899,09:30:01,$ 3744.24,3
1900,09:30:01,$ 3744.24,1
1901,09:30:01,$ 3744.24,1
1902,09:30:01,$ 3744.24,3
1903,09:30:01,$ 3744.24,1
1904,09:30:01,$ 3744.24,2
1905,09:30:01,$ 3744.24,4
1906,09:30:01,$ 3744.24,2
1907,09:30:01,$ 3744.24,20
1908,09:30:01,$ 3744.24,1
1909,09:30:01,$ 3744.24,1
1910,09:30:01,$ 3744.24,1
1912,09:30:01,$ 3744.24,2
1913,09:30:01,$ 3744.24,4
1914,09:30:01,$ 3744.24,16
1915,09:30:01,$ 3744.24,10
1916,09:30:01,$ 3744.24,9
1917,09:30:01,$ 3744.24,22
1918,09:30:01,$ 3744.24,7
1919,09:30:01,$ 3744.24,6
1920,09:30:01,$ 3744.24,1
1921,09:30:01,$ 3744.24,1
1922,09:30:01,$ 3744.24,5
1923,09:30:01,$ 3744.24,8
1924,09:30:01,$ 3744.24,5
1925,09:30:01,$ 3744.24,3
1926,09:30:01,$ 3744.24,1
1927,09:30:01,$ 3744.24,1
1928,09:30:01,$ 3744.24,1
1929,09:30:01,$ 3744.24,4
1930,09:30:01,$ 3744.24,13
1931,09:30:01,$ 3744.24,1
1933,09:30:01,$ 3744.24,1
1934,09:30:01,$ 3744.24,3
1935,09:30:01,$ 3744.24,1
1936,09:30:01,$ 3744.24,1
1937,09:30:01,$ 3744.24,1
1938,09:30:01,$ 3744.24,30
1939,09:30:01,$ 3744.24,10
1940,09:30:01,$ 3744.24,239
1941,09:30:01,$ 3744.24,1
1942,09:30:01,$ 3744.24,10
1943,09:30:01,$ 3744.24,3
1944,09:30:01,$ 3744.24,15
1945,09:30:01,$ 3744.24,1
1946,09:30:01,$ 3744.24,1
1947,09:30:01,$ 3744.24,5
1948,09:30:01,$ 3744.24,2
1949,09:30:01,$ 3744.24,8
1950,09:30:01,$ 3744.24,4
1951,09:30:01,$ 3744.24,1
1952,09:30:01,$ 3744.24,1
1954,09:30:01,$ 3744.24,2
1955,09:30:01,$ 3744.24,1
1956,09:30:01,$ 3744.24,3
1957,09:30:01,$ 3744.24,1
1958,09:30:01,$ 3744.24,1
1959,09:30:01,$ 3744.24,2
1960,09:30:01,$ 3744.24,2
1961,09:30:01,$ 3744.24,1
1962,09:30:01,$ 3744.24,1
1963,09:30:01,$ 3744.24,2
1964,09:30:01,$ 3744.24,1
1965,09:30:01,$ 3744.24,8
1966,09:30:01,$ 3744.24,1
1967,09:30:01,$ 3744.24,1
1968,09:30:01,$ 3744.24,1
1969,09:30:01,$ 3744.24,1
1970,09:30:01,$ 3744.24,1
1971,09:30:01,$ 3744.24,1
1972,09:30:01,$ 3744.24,2
1973,09:30:01,$ 3744.24,3
1975,09:30:01,$ 3744.24,3
1976,09:30:01,$ 3744.24,2
1977,09:30:01,$ 3744.24,5
1978,09:30:01,$ 3744.24,10
1979,09:30:01,$ 3744.24,4
1980,09:30:01,$ 3744.24,2
1981,09:30:01,$ 3744.24,80
1982,09:30:01,$ 3744.24,1
1983,09:30:01,$ 3744.24,1
1984,09:30:01,$ 3744.24,10
1985,09:30:01,$ 3744.24,1
1986,09:30:01,$ 3744.24,2
1987,09:30:01,$ 3744.24,1
1988,09:30:01,$ 3744.24,1
1989,09:30:01,$ 3744.24,1
1990,09:30:01,$ 3744.24,1
1991,09:30:01,$ 3744.24,1
1992,09:30:01,$ 3744.24,1
1993,09:30:01,$ 3744.24,1
1994,09:30:01,$ 3744.24,1
1996,09:30:01,$ 3744.24,1
1997,09:30:01,$ 3744.24,3
1998,09:30:01,$ 3744.24,1
1999,09:30:01,$ 3744.24,3
2000,09:30:01,$ 3744.24,3
2001,09:30:01,$ 3744.24,1
2002,09:30:01,$ 3744.24,1
2003,09:30:01,$ 3744.24,1
2004,09:30:01,$ 3744.24,1
2005,09:30:01,$ 3744.24,1
2006,09:30:01,$ 3744.24,1
2007,09:30:01,$ 3744.24,1
2008,09:30:01,$ 3744.24,1
2009,09:30:01,$ 3744.24,2
2010,09:30:01,$ 3744.24,1
2011,09:30:01,$ 3744.24,3
2012,09:30:01,$ 3744.24,1
2013,09:30:01,$ 3744.24,2
2014,09:30:01,$ 3744.24,1
2015,09:30:01,$ 3744.24,1
2017,09:30:01,$ 3744.24,1
2018,09:30:01,$ 3744.24,1
2019,09:30:01,$ 3744.24,3
2020,09:30:01,$ 3744.24,1
2021,09:30:01,$ 3744.24,4
2022,09:30:01,$ 3744.24,2
2023,09:30:01,$ 3744.24,2
2024,09:30:01,$ 3744.24,1
2025,09:30:01,$ 3744.24,1
2026,09:30:01,$ 3744.24,2
2027,09:30:01,$ 3744.24,2
2028,09:30:01,$ 3744.24,3
2029,09:30:01,$ 3744.24,1
2030,09:30:01,$ 3744.24,3
2031,09:30:01,$ 3744.24,1
2032,09:30:01,$ 3744.24,1
2033,09:30:01,$ 3744.24,1
2034,09:30:01,$ 3744.24,64
2035,09:30:01,$ 3744.24,90
2036,09:30:01,$ 3744.24,2
2038,09:30:01,$ 3744.24,3
2039,09:30:01,$ 3744.24,2
2040,09:30:01,$ 3744.24,8
2041,09:30:01,$ 3744.24,1
2042,09:30:01,$ 3744.24,10
2043,09:30:01,$ 3744.24,1
2044,09:30:01,$ 3744.24,3
2045,09:30:01,$ 3744.24,10
2046,09:30:01,$ 3744.24,1
2047,09:30:01,$ 3744.24,10
2048,09:30:01,$ 3744.24,2
2049,09:30:01,$ 3744.24,1
2050,09:30:01,$ 3744.24,1
2051,09:30:01,$ 3744.24,5
2052,09:30:01,$ 3744.24,4
2053,09:30:01,$ 3744.24,10
2054,09:30:01,$ 3744.24,233
2055,09:30:01,$ 3744.24,1
2056,09:30:01,$ 3744.24,19
2057,09:30:01,$ 3744.24,1
2059,09:30:01,$ 3744.24,2
2060,09:30:01,$ 3744.24,1
2061,09:30:01,$ 3744.24,1
2062,09:30:01,$ 3744.24,1
2063,09:30:01,$ 3744.24,2
2064,09:30:01,$ 3744.24,1
2065,09:30:01,$ 3744.24,5
2066,09:30:01,$ 3744.24,3
2067,09:30:01,$ 3744.24,182
2068,09:30:01,$ 3744.24,9
2069,09:30:01,$ 3744.24,12
2070,09:30:01,$ 3744.24,5
2071,09:30:01,$ 3744.24,5
2072,09:30:01,$ 3744.24,50
2073,09:30:01,$ 3744.24,98
2074,09:30:01,$ 3744.24,300
2075,09:30:01,$ 3744.24,1
2076,09:30:01,$ 3744.24,844
2077,09:30:01,$ 3744.24,5
2078,09:30:01,$ 3744.24,3
2080,09:30:01,$ 3744.24,15
2081,09:30:01,$ 3744.24,25
2082,09:30:01,$ 3744.24,3
2083,09:30:01,$ 3744.24,1
2084,09:30:01,$ 3744.24,16
2085,09:30:01,$ 3744.24,3
2086,09:30:01,$ 3744.24,2
2087,09:30:01,$ 3744.24,4
2088,09:30:01,$ 3744.24,1
2089,09:30:01,$ 3744.24,10
2090,09:30:01,$ 3744.24,3
2091,09:30:01,$ 3744.24,3
2092,09:30:01,$ 3744.24,192
2093,09:30:01,$ 3744.24,30
2094,09:30:01,$ 3744.24,1
2095,09:30:01,$ 3744.24,2
2096,09:30:01,$ 3744.24,8
2097,09:30:01,$ 3744.24,7
2098,09:30:01,$ 3744.24,15
2099,09:30:01,$ 3744.24,10
2101,09:30:01,$ 3744.24,7
2102,09:30:01,$ 3744.24,1
2103,09:30:01,$ 3744.24,2
2104,09:30:01,$ 3744.24,1
2105,09:30:01,$ 3744.24,1
2106,09:30:01,$ 3744.24,4
2107,09:30:01,$ 3744.24,1
2108,09:30:01,$ 3744.24,4
2109,09:30:01,$ 3744.24,1
2110,09:30:01,$ 3744.24,5
2111,09:30:01,$ 3744.24,4
2112,09:30:01,$ 3744.24,1
2113,09:30:01,$ 3744.24,5
2114,09:30:01,$ 3744.24,4
2115,09:30:01,$ 3744.24,1
2116,09:30:01,$ 3744.24,2
2117,09:30:01,$ 3744.24,1
2118,09:30:01,$ 3744.24,2
2119,09:30:01,$ 3744.24,1
2120,09:30:01,$ 3744.24,20
2122,09:30:01,$ 3744.24,23
2123,09:30:01,$ 3744.24,50
2124,09:30:01,$ 3744.24,6
2125,09:30:01,$ 3744.24,1
2126,09:30:01,$ 3744.24,1
2127,09:30:01,$ 3744.24,2
2128,09:30:01,$ 3744.24,1
2129,09:30:01,$ 3744.24,28
2130,09:30:01,$ 3744.24,8
2131,09:30:01,$ 3744.24,2
2132,09:30:01,$ 3744.24,1
2133,09:30:01,$ 3744.24,18
2134,09:30:01,$ 3744.24,26
2135,09:30:01,$ 3744.24,2
2136,09:30:01,$ 3744.24,6
2137,09:30:01,$ 3744.24,10
2138,09:30:01,$ 3744.24,1
2139,09:30:01,$ 3744.24,1
2140,09:30:01,$ 3744.24,7
2141,09:30:01,$ 3744.24,2
2143,09:30:01,$ 3744.24,2
2144,09:30:01,$ 3744.24,2
2145,09:30:01,$ 3744.24,10
2146,09:30:01,$ 3744.24,25
2147,09:30:01,$ 3744.24,10
2148,09:30:01,$ 3744.24,48
2149,09:30:01,$ 3744.24,5
2150,09:30:01,$ 3744.24,100
2151,09:30:01,$ 3744.24,64
2152,09:30:01,$ 3744.24,3
2153,09:30:01,$ 3744.24,2
2154,09:30:01,$ 3744.24,12
2155,09:30:01,$ 3744.24,30
2156,09:30:01,$ 3744.24,1
2157,09:30:01,$ 3744.24,1
2158,09:30:01,$ 3744.24,1
2159,09:30:01,$ 3744.24,2
2160,09:30:01,$ 3744.24,2
2161,09:30:01,$ 3744.24,7
2162,09:30:01,$ 3744.24,3
2164,09:30:01,$ 3744.24,6
2165,09:30:01,$ 3744.24,10
2166,09:30:01,$ 3744.24,10
2167,09:30:01,$ 3744.24,1
2168,09:30:01,$ 3744.24,17
2169,09:30:01,$ 3744.24,592
2170,09:30:01,$ 3744.24,1
2171,09:30:01,$ 3744.24,11
2172,09:30:01,$ 3744.24,47
2173,09:30:01,$ 3744.24,24
2174,09:30:01,$ 3744.24,42
2175,09:30:01,$ 3744.24,6
2176,09:30:01,$ 3744.24,7
2177,09:30:01,$ 3744.24,39
2178,09:30:01,$ 3744.24,63
2179,09:30:01,$ 3744.24,38
2180,09:30:01,$ 3744.24,34
2181,09:30:01,$ 3744.24,49
2182,09:30:01,$ 3744.24,227
2183,09:30:01,$ 3744.24,1
2185,09:30:01,$ 3744.24,1
2186,09:30:01,$ 3744.24,1
2187,09:30:01,$ 3744.24,16
2188,09:30:01,$ 3744.24,"2,350"
2189,09:30:01,$ 3744.24,2
2190,09:30:01,$ 3744.24,11
2191,09:30:01,$ 3744.24,100
2192,09:30:01,$ 3744.24,1
2193,09:30:01,$ 3744.24,4
2194,09:30:01,$ 3744.24,63
2195,09:30:01,$ 3744.24,9
2196,09:30:01,$ 3744.24,10
2197,09:30:01,$ 3744.24,5
2198,09:30:01,$ 3744.24,3
2199,09:30:01,$ 3744.24,1
2200,09:30:01,$ 3744.24,1
2201,09:30:01,$ 3744.24,7
2202,09:30:01,$ 3744.24,1
2203,09:30:01,$ 3744.24,10
2204,09:30:01,$ 3744.24,300
2206,09:30:01,$ 3744.24,7
2207,09:30:01,$ 3744.24,2
2208,09:30:01,$ 3744.24,1
2209,09:30:01,$ 3744.24,5
2210,09:30:01,$ 3744.24,7
2211,09:30:01,$ 3744.24,6
2212,09:30:01,$ 3744.24,1
2213,09:30:01,$ 3744.24,150
2214,09:30:01,$ 3744.24,18
2215,09:30:01,$ 3744.24,1
2216,09:30:01,$ 3744.24,1
2217,09:30:01,$ 3744.24,5
2218,09:30:01,$ 3744.24,1
2219,09:30:01,$ 3744.24,6
2220,09:30:01,$ 3744.24,3
2221,09:30:01,$ 3744.24,2
2222,09:30:01,$ 3744.24,1
2223,09:30:01,$ 3744.24,96
2224,09:30:01,$ 3744.24,32
2225,09:30:01,$ 3744.24,5
2227,09:30:01,$ 3744.24,10
2228,09:30:01,$ 3744.24,407
2229,09:30:01,$ 3744.24,79
2230,09:30:01,$ 3744.24,5
2231,09:30:01,$ 3744.24,2
2232,09:30:01,$ 3744.24,1
2233,09:30:01,$ 3744.24,5
2234,09:30:01,$ 3744.24,200
2235,09:30:01,$ 3744.24,2
2236,09:30:01,$ 3744.24,1
2237,09:30:01,$ 3744.24,1
2238,09:30:01,$ 3744.24,2
2239,09:30:01,$ 3744.24,2
2240,09:30:01,$ 3744.24,1
2241,09:30:01,$ 3744.24,15
2242,09:30:01,$ 3744.24,1
2243,09:30:01,$ 3744.24,15
2244,09:30:01,$ 3744.24,15
2245,09:30:01,$ 3744.24,500
2246,09:30:01,$ 3744.24,6
2248,09:30:01,$ 3744.24,33
2249,09:30:01,$ 3744.24,1
2250,09:30:01,$ 3744.24,14
2251,09:30:01,$ 3744.24,1
2252,09:30:01,$ 3744.24,1
2253,09:30:01,$ 3744.24,1
2254,09:30:01,$ 3744.24,2
2255,09:30:01,$ 3744.24,10
2256,09:30:01,$ 3744.24,2
2257,09:30:01,$ 3744.24,10
2258,09:30:01,$ 3744.24,5
2259,09:30:01,$ 3744.24,1
2260,09:30:01,$ 3744.24,10
2261,09:30:01,$ 3744.24,15
2262,09:30:01,$ 3744.24,1
2263,09:30:01,$ 3744.24,1
2264,09:30:01,$ 3744.24,5
2265,09:30:01,$ 3744.24,4
2266,09:30:01,$ 3744.24,1
2267,09:30:01,$ 3744.24,1
2269,09:30:01,$ 3744.24,16
2270,09:30:01,$ 3744.24,3
2271,09:30:01,$ 3744.24,1
2272,09:30:01,$ 3744.24,1
2273,09:30:01,$ 3744.24,1
2274,09:30:01,$ 3744.24,1
2275,09:30:01,$ 3744.24,14
2276,09:30:01,$ 3744.24,1
2277,09:30:01,$ 3744.24,3
2278,09:30:01,$ 3744.24,18
2279,09:30:01,$ 3744.24,2
2280,09:30:01,$ 3744.24,1
2281,09:30:01,$ 3744.24,1
2282,09:30:01,$ 3744.24,2
2283,09:30:01,$ 3744.24,5
2284,09:30:01,$ 3744.24,2
2285,09:30:01,$ 3744.24,12
2286,09:30:01,$ 3744.24,7
2287,09:30:01,$ 3744.24,1
2288,09:30:01,$ 3744.24,1
2290,09:30:01,$ 3744.24,1
2291,09:30:01,$ 3744.24,5
2292,09:30:01,$ 3744.24,2
2293,09:30:01,$ 3744.24,1
2294,09:30:01,$ 3744.24,1
2295,09:30:01,$ 3744.24,1
2296,09:30:01,$ 3744.24,7
2297,09:30:01,$ 3744.24,1
2298,09:30:01,$ 3744.24,8
2299,09:30:01,$ 3744.24,2
2300,09:30:01,$ 3744.24,3
2301,09:30:01,$ 3744.24,2
2302,09:30:01,$ 3744.24,50
2303,09:30:01,$ 3744.24,5
2304,09:30:01,$ 3744.24,1
2305,09:30:01,$ 3744.24,2
2306,09:30:01,$ 3744.24,2
2307,09:30:01,$ 3744.24,5
2308,09:30:01,$ 3744.24,10
2309,09:30:01,$ 3744.24,10
2311,09:30:01,$ 3744.24,1
2312,09:30:01,$ 3744.24,1
2313,09:30:01,$ 3744.24,2
2314,09:30:01,$ 3744.24,1
2315,09:30:01,$ 3744.24,2
2316,09:30:01,$ 3744.24,10
2317,09:30:01,$ 3744.24,65
2318,09:30:01,$ 3744.24,1
2319,09:30:01,$ 3744.24,6
2320,09:30:01,$ 3744.24,2
2321,09:30:01,$ 3744.24,1
2322,09:30:01,$ 3744.24,2
2323,09:30:01,$ 3744.24,4
2324,09:30:01,$ 3744.24,13
2325,09:30:01,$ 3744.24,1
2326,09:30:01,$ 3744.24,1
2327,09:30:01,$ 3744.24,1
2328,09:30:01,$ 3744.24,5
2329,09:30:01,$ 3744.24,1
2330,09:30:01,$ 3744.24,100
2332,09:30:01,$ 3744.24,2
2333,09:30:01,$ 3744.24,20
2334,09:30:01,$ 3744.24,14
2335,09:30:01,$ 3744.24,1
2336,09:30:01,$ 3744.24,1
2337,09:30:01,$ 3744.24,1
2338,09:30:01,$ 3744.24,2
2339,09:30:01,$ 3744.24,1
2340,09:30:01,$ 3744.24,102
2341,09:30:01,$ 3744.24,134
2342,09:30:01,$ 3744.24,2
2343,09:30:01,$ 3744.24,2
2344,09:30:01,$ 3744.24,1
2345,09:30:01,$ 3744.24,3
2346,09:30:01,$ 3744.24,1
2347,09:30:01,$ 3744.24,1
2348,09:30:01,$ 3744.24,5
2349,09:30:01,$ 3744.24,1
2350,09:30:01,$ 3744.24,4
2351,09:30:01,$ 3744.24,10
2353,09:30:01,$ 3744.24,1
2354,09:30:01,$ 3744.24,25
2355,09:30:01,$ 3744.24,1
2356,09:30:01,$ 3744.24,10
2357,09:30:01,$ 3744.24,1
2358,09:30:01,$ 3744.24,1
2359,09:30:01,$ 3744.24,2
2360,09:30:01,$ 3744.24,2
2361,09:30:01,$ 3744.24,1
2362,09:30:01,$ 3744.24,10
2363,09:30:01,$ 3744.24,1
2364,09:30:01,$ 3744.24,5
2365,09:30:01,$ 3744.24,1
2366,09:30:01,$ 3744.24,144
2367,09:30:01,$ 3744.24,1
2368,09:30:01,$ 3744.24,100
2369,09:30:01,$ 3744.24,4
2370,09:30:01,$ 3744.24,2
2371,09:30:01,$ 3744.24,2
2372,09:30:01,$ 3744.24,4
2374,09:30:01,$ 3744.24,1
2375,09:30:01,$ 3744.24,25
2376,09:30:01,$ 3744.24,1
2377,09:30:01,$ 3744.24,1
2378,09:30:01,$ 3744.24,13
2379,09:30:01,$ 3744.24,2
2380,09:30:01,$ 3744.24,3
2381,09:30:01,$ 3744.24,1
2382,09:30:01,$ 3744.24,15
2383,09:30:01,$ 3744.24,15
2384,09:30:01,$ 3744.24,1
2385,09:30:01,$ 3744.24,203
2386,09:30:01,$ 3744.24,18
2387,09:30:01,$ 3744.24,30
2388,09:30:01,$ 3744.24,71
2389,09:30:01,$ 3744.24,1
2390,09:30:01,$ 3744.24,2
2391,09:30:01,$ 3744.24,5
2392,09:30:01,$ 3744.24,2
2393,09:30:01,$ 3744.24,3
2395,09:30:01,$ 3744.24,5
2396,09:30:01,$ 3744.24,10
2397,09:30:01,$ 3744.24,14
2398,09:30:01,$ 3744.24,1
2399,09:30:01,$ 3744.24,2
2400,09:30:01,$ 3744.24,1
2401,09:30:01,$ 3744.24,3
2402,09:30:01,$ 3744.24,27
2403,09:30:01,$ 3744.24,10
2404,09:30:01,$ 3744.24,75
2405,09:30:01,$ 3744.24,1
2406,09:30:01,$ 3744.24,1
2407,09:30:01,$ 3744.24,310
2408,09:30:01,$ 3744.24,3
2409,09:30:01,$ 3744.24,2
2410,09:30:01,$ 3744.24,14
2411,09:30:01,$ 3744.24,8
2412,09:30:01,$ 3744.24,10
2413,09:30:01,$ 3744.24,100
2414,09:30:01,$ 3744.24,30
2416,09:30:01,$ 3744.24,50
2417,09:30:01,$ 3744.24,7
2418,09:30:01,$ 3744.24,3
2419,09:30:01,$ 3744.24,60
2420,09:30:01,$ 3744.24,27
2421,09:30:01,$ 3744.24,1
2422,09:30:01,$ 3744.24,1
2423,09:30:01,$ 3744.24,2
2424,09:30:01,$ 3744.24,3
2425,09:30:01,$ 3744.24,1
2426,09:30:01,$ 3744.24,1
2427,09:30:01,$ 3744.24,3
2428,09:30:01,$ 3744.24,10
2429,09:30:01,$ 3744.24,3
2430,09:30:01,$ 3744.24,5
2431,09:30:01,$ 3744.24,20
2432,09:30:01,$ 3744.24,50
2433,09:30:01,$ 3744.24,1
2434,09:30:01,$ 3744.24,1
2435,09:30:01,$ 3744.24,4
2437,09:30:01,$ 3744.24,1
2438,09:30:01,$ 3744.24,2
2439,09:30:01,$ 3744.24,29
2440,09:30:01,$ 3744.24,29
2441,09:30:01,$ 3744.24,100
2442,09:30:01,$ 3744.24,7
2443,09:30:01,$ 3744.24,310
2444,09:30:01,$ 3744.24,2
2445,09:30:01,$ 3744.24,78
2446,09:30:01,$ 3744.24,20
2447,09:30:01,$ 3744.24,6
2448,09:30:01,$ 3744.24,8
2449,09:30:01,$ 3744.24,5
2450,09:30:01,$ 3744.24,5
2451,09:30:01,$ 3744.24,1
2452,09:30:01,$ 3744.24,1
2453,09:30:01,$ 3744.24,5
2454,09:30:01,$ 3744.24,1
2455,09:30:01,$ 3744.24,3
2456,09:30:01,$ 3744.24,5
2458,09:30:01,$ 3744.24,5
2459,09:30:01,$ 3744.24,2
2460,09:30:01,$ 3744.24,1
2461,09:30:01,$ 3744.24,1
2462,09:30:01,$ 3744.24,10
2463,09:30:01,$ 3744.24,3
2464,09:30:01,$ 3744.24,4
2465,09:30:01,$ 3744.24,1
2466,09:30:01,$ 3744.24,2
2467,09:30:01,$ 3744.24,1
2468,09:30:01,$ 3744.24,4
2469,09:30:01,$ 3744.24,4
2470,09:30:01,$ 3744.24,1
2471,09:30:01,$ 3744.24,3
2472,09:30:01,$ 3744.24,2
2473,09:30:01,$ 3744.24,2
2474,09:30:01,$ 3744.24,10
2475,09:30:01,$ 3744.24,1
2476,09:30:01,$ 3744.24,10
2477,09:30:01,$ 3744.24,2
2479,09:30:01,$ 3744.24,4
2480,09:30:01,$ 3744.24,1
2481,09:30:01,$ 3744.24,1
2482,09:30:01,$ 3744.24,1
2483,09:30:01,$ 3744.24,1
2484,09:30:01,$ 3744.24,2
2485,09:30:01,$ 3744.24,25
2486,09:30:01,$ 3744.24,12
2487,09:30:01,$ 3744.24,3
2488,09:30:01,$ 3744.24,2
2489,09:30:01,$ 3744.24,1
2490,09:30:01,$ 3744.24,6
2491,09:30:01,$ 3744.24,1
2492,09:30:01,$ 3744.24,5
2493,09:30:01,$ 3744.24,1
2494,09:30:01,$ 3744.24,3
2495,09:30:01,$ 3744.24,6
2496,09:30:01,$ 3744.24,2
2497,09:30:01,$ 3744.24,1
2498,09:30:01,$ 3744.24,3
2500,09:30:01,$ 3744.24,2
2501,09:30:01,$ 3744.24,12
2502,09:30:01,$ 3744.24,4
2503,09:30:01,$ 3744.24,10
2504,09:30:01,$ 3744.24,10
2505,09:30:01,$ 3744.24,2
2506,09:30:01,$ 3744.24,1
2507,09:30:01,$ 3744.24,1
2508,09:30:01,$ 3744.24,3
2509,09:30:01,$ 3744.24,1
2510,09:30:01,$ 3744.24,1
2511,09:30:01,$ 3744.24,3
2512,09:30:01,$ 3744.24,1
2513,09:30:01,$ 3744.24,1
2514,09:30:01,$ 3744.24,2
2515,09:30:01,$ 3744.24,10
2516,09:30:01,$ 3744.24,1
2517,09:30:01,$ 3744.24,11
2518,09:30:01,$ 3744.24,1
2519,09:30:01,$ 3744.24,3
2521,09:30:01,$ 3744.24,20
2522,09:30:01,$ 3744.24,1
2523,09:30:01,$ 3744.24,2
2524,09:30:01,$ 3744.24,3
2525,09:30:01,$ 3744.24,1
2526,09:30:01,$ 3744.24,5
2527,09:30:01,$ 3744.24,1
2528,09:30:01,$ 3744.24,2
2529,09:30:01,$ 3744.24,2
2530,09:30:01,$ 3744.24,7
2531,09:30:01,$ 3744.24,1
2532,09:30:01,$ 3744.24,2
2533,09:30:01,$ 3744.24,3
2534,09:30:01,$ 3744.24,2
2535,09:30:01,$ 3744.24,3
2536,09:30:01,$ 3744.24,1
2537,09:30:01,$ 3744.24,2
2538,09:30:01,$ 3744.24,1
2539,09:30:01,$ 3744.24,1
2540,09:30:01,$ 3744.24,1
2542,09:30:01,$ 3744.24,1
2543,09:30:01,$ 3744.24,2
2544,09:30:01,$ 3744.24,9
2545,09:30:01,$ 3744.24,1
2546,09:30:01,$ 3744.24,1
2547,09:30:01,$ 3744.24,2
2548,09:30:01,$ 3744.24,2
2549,09:30:01,$ 3744.24,6
2550,09:30:01,$ 3744.24,2
2551,09:30:01,$ 3744.24,21
2552,09:30:01,$ 3744.24,57
2553,09:30:01,$ 3744.24,4
2554,09:30:01,$ 3744.24,1
2555,09:30:01,$ 3744.24,13
2556,09:30:01,$ 3744.24,1
2557,09:30:01,$ 3744.24,13
2558,09:30:01,$ 3744.24,2
2559,09:30:01,$ 3744.24,2
2560,09:30:01,$ 3744.24,1
2561,09:30:01,$ 3744.24,1
2563,09:30:01,$ 3744.24,10
2564,09:30:01,$ 3744.24,15
2565,09:30:01,$ 3744.24,17
2566,09:30:01,$ 3744.24,54
2567,09:30:01,$ 3744.24,4
2568,09:30:01,$ 3744.24,2
2569,09:30:01,$ 3744.24,2
2570,09:30:01,$ 3744.24,27
2571,09:30:01,$ 3744.24,5
2572,09:30:01,$ 3744.24,4
2573,09:30:01,$ 3744.24,5
2574,09:30:01,$ 3744.24,38
2575,09:30:01,$ 3744.24,14
2576,09:30:01,$ 3744.24,3
2577,09:30:01,$ 3744.24,15
2578,09:30:01,$ 3744.24,12
2579,09:30:01,$ 3744.24,1
2580,09:30:01,$ 3744.24,7
2581,09:30:01,$ 3744.24,1
2582,09:30:01,$ 3744.24,10
2584,09:30:01,$ 3744.24,3
2585,09:30:01,$ 3744.24,13
2586,09:30:01,$ 3744.24,2
2587,09:30:01,$ 3744.24,2
2588,09:30:01,$ 3744.24,1
2589,09:30:01,$ 3744.24,1
2590,09:30:01,$ 3744.24,1
2591,09:30:01,$ 3744.24,1
2592,09:30:01,$ 3744.24,2
2593,09:30:01,$ 3744.24,1
2594,09:30:01,$ 3744.24,1
2595,09:30:01,$ 3744.24,1
2596,09:30:01,$ 3744.24,2
2597,09:30:01,$ 3744.24,3
2598,09:30:01,$ 3744.24,3
2599,09:30:01,$ 3744.24,1
2600,09:30:01,$ 3744.24,2
2601,09:30:01,$ 3744.24,5
2602,09:30:01,$ 3744.24,4
2603,09:30:01,$ 3744.24,4
2605,09:30:01,$ 3744.24,3
2606,09:30:01,$ 3744.24,1
2607,09:30:01,$ 3744.24,1
2608,09:30:01,$ 3744.24,1
2609,09:30:01,$ 3744.24,1
2610,09:30:01,$ 3744.24,1
2611,09:30:01,$ 3744.24,1
2612,09:30:01,$ 3744.24,3
2613,09:30:01,$ 3744.24,1
2614,09:30:01,$ 3744.24,1
2615,09:30:01,$ 3744.24,98
2616,09:30:01,$ 3744.24,238
2617,09:30:01,$ 3744.24,3
2618,09:30:01,$ 3744.24,3
2619,09:30:01,$ 3744.24,1
2620,09:30:01,$ 3744.24,1
2621,09:30:01,$ 3744.24,1
2622,09:30:01,$ 3744.24,19
2623,09:30:01,$ 3744.24,1
2624,09:30:01,$ 3744.24,1
2626,09:30:01,$ 3744.24,6
2627,09:30:01,$ 3744.24,1
2628,09:30:01,$ 3744.24,2
2629,09:30:01,$ 3744.24,2
2630,09:30:01,$ 3744.24,1
2631,09:30:01,$ 3744.24,1
2632,09:30:01,$ 3744.24,5
2633,09:30:01,$ 3744.24,1
2634,09:30:01,$ 3744.24,1
2635,09:30:01,$ 3744.24,1
2636,09:30:01,$ 3744.24,5
2637,09:30:01,$ 3744.24,5
2638,09:30:01,$ 3744.24,1
2639,09:30:01,$ 3744.24,1
2640,09:30:01,$ 3744.24,1
2641,09:30:01,$ 3744.24,1
2642,09:30:01,$ 3744.24,1
2643,09:30:01,$ 3744.24,50
2644,09:30:01,$ 3744.24,1
2645,09:30:01,$ 3744.24,3
2647,09:30:01,$ 3744.24,2
2648,09:30:01,$ 3744.24,1
2649,09:30:01,$ 3744.24,4
2650,09:30:01,$ 3744.24,1
2651,09:30:01,$ 3744.24,1
2652,09:30:01,$ 3744.24,1
2653,09:30:01,$ 3744.24,1
2654,09:30:01,$ 3744.24,1
2655,09:30:01,$ 3744.24,1
2656,09:30:01,$ 3744.24,1
2657,09:30:01,$ 3744.24,1
2658,09:30:01,$ 3744.24,1
2659,09:30:01,$ 3744.24,5
2660,09:30:01,$ 3744.24,1
2661,09:30:01,$ 3744.24,4
2662,09:30:01,$ 3744.24,1
2663,09:30:01,$ 3744.24,3
2664,09:30:01,$ 3744.24,3
2665,09:30:01,$ 3744.24,5
2666,09:30:01,$ 3744.24,6
2668,09:30:01,$ 3744.24,1
2669,09:30:01,$ 3744.24,2
2670,09:30:01,$ 3744.24,4
2671,09:30:01,$ 3744.24,10
2672,09:30:01,$ 3744.24,4
2673,09:30:01,$ 3744.24,1
2674,09:30:01,$ 3744.24,1
2675,09:30:01,$ 3744.24,2
2676,09:30:01,$ 3744.24,2
2677,09:30:01,$ 3744.24,4
2678,09:30:01,$ 3744.24,2
2679,09:30:01,$ 3744.24,1
2680,09:30:01,$ 3744.24,3
2681,09:30:01,$ 3744.24,1
2682,09:30:01,$ 3744.24,2
2683,09:30:01,$ 3744.24,1
2684,09:30:01,$ 3744.24,2
2685,09:30:01,$ 3744.24,9
2686,09:30:01,$ 3744.24,5
2687,09:30:01,$ 3744.24,3
2689,09:30:01,$ 3744.24,1
2690,09:30:01,$ 3744.24,15
2691,09:30:01,$ 3744.24,1
2692,09:30:01,$ 3744.24,1
2693,09:30:01,$ 3744.24,1
2694,09:30:01,$ 3744.24,3
2695,09:30:01,$ 3744.24,1
2696,09:30:01,$ 3744.24,4
2697,09:30:01,$ 3744.24,1
2698,09:30:01,$ 3744.24,1
2699,09:30:01,$ 3744.24,9
2700,09:30:01,$ 3744.24,1
2701,09:30:01,$ 3744.24,1
2702,09:30:01,$ 3744.24,1
2703,09:30:01,$ 3744.24,1
2704,09:30:01,$ 3744.24,1
2705,09:30:01,$ 3744.24,1
2706,09:30:01,$ 3744.24,2
2707,09:30:01,$ 3744.24,1
2708,09:30:01,$ 3744.24,1
2710,09:30:01,$ 3744.24,10
2711,09:30:01,$ 3744.24,2
2712,09:30:01,$ 3744.24,13
2713,09:30:01,$ 3744.24,3
2714,09:30:01,$ 3744.24,2
2715,09:30:01,$ 3744.24,1
2716,09:30:01,$ 3744.24,1
2717,09:30:01,$ 3744.24,2
2718,09:30:01,$ 3744.24,20
2719,09:30:01,$ 3744.24,1
2720,09:30:01,$ 3744.24,1
2721,09:30:01,$ 3744.24,1
2722,09:30:01,$ 3744.24,2
2723,09:30:01,$ 3744.24,2
2724,09:30:01,$ 3744.24,1
2725,09:30:01,$ 3744.24,1
2726,09:30:01,$ 3744.24,3
2727,09:30:01,$ 3744.24,3
2728,09:30:01,$ 3744.24,4
2729,09:30:01,$ 3744.24,14
2731,09:30:01,$ 3744.24,7
2732,09:30:01,$ 3744.24,2
2733,09:30:01,$ 3744.24,3
2734,09:30:01,$ 3744.24,2
2735,09:30:01,$ 3744.24,1
2736,09:30:01,$ 3744.24,1
2737,09:30:01,$ 3744.24,3
2738,09:30:01,$ 3744.24,5
2739,09:30:01,$ 3744.24,1
2740,09:30:01,$ 3744.24,1
2741,09:30:01,$ 3744.24,3
2742,09:30:01,$ 3744.24,1
2743,09:30:01,$ 3744.24,10
2744,09:30:01,$ 3744.24,3
2745,09:30:01,$ 3744.24,1
2746,09:30:01,$ 3744.24,1
2747,09:30:01,$ 3744.24,1
2748,09:30:01,$ 3744.24,8
2749,09:30:01,$ 3744.24,2
2750,09:30:01,$ 3744.24,1
2752,09:30:01,$ 3744.24,3
2753,09:30:01,$ 3744.24,1
2754,09:30:01,$ 3744.24,1
2755,09:30:01,$ 3744.24,1
2756,09:30:01,$ 3744.24,5
2757,09:30:01,$ 3744.24,1
2758,09:30:01,$ 3744.24,1
2759,09:30:01,$ 3744.24,30
2760,09:30:01,$ 3744.24,10
2761,09:30:01,$ 3744.24,1
2762,09:30:01,$ 3744.24,1
2763,09:30:01,$ 3744.24,"6,851"
2764,09:30:01,$ 3744.24,15
2765,09:30:01,$ 3744.24,5
2766,09:30:01,$ 3744.24,2
2767,09:30:01,$ 3744.24,20
2768,09:30:01,$ 3744.24,2
2769,09:30:01,$ 3744.24,2
2770,09:30:01,$ 3744.24,1
2771,09:30:01,$ 3744.24,5
2773,09:30:01,$ 3744.24,12
2774,09:30:01,$ 3744.24,2
2775,09:30:01,$ 3744.24,1
2776,09:30:01,$ 3744.24,30
2777,09:30:01,$ 3744.24,1
2778,09:30:01,$ 3744.24,93
2779,09:30:01,$ 3744.24,1
2780,09:30:01,$ 3744.24,1
2781,09:30:01,$ 3744.24,10
2782,09:30:01,$ 3744.24,1
2783,09:30:01,$ 3744.24,2
2784,09:30:01,$ 3744.24,1
2785,09:30:01,$ 3744.24,93
2786,09:30:01,$ 3744.24,1
2787,09:30:01,$ 3744.24,173
2788,09:30:01,$ 3744.24,93
2789,09:30:01,$ 3744.24,93
2790,09:30:01,$ 3744.24,40
2791,09:30:01,$ 3744.24,1
2792,09:30:01,$ 3744.24,1
2794,09:30:01,$ 3744.24,93
2795,09:30:01,$ 3744.24,93
2796,09:30:01,$ 3744.24,94
2797,09:30:01,$ 3744.24,93
2798,09:30:01,$ 3744.24,1
2799,09:30:01,$ 3744.24,93
2800,09:30:01,$ 3744.24,88
2801,09:30:01,$ 3744.24,93
2802,09:30:01,$ 3744.24,93
2803,09:30:01,$ 3744.24,93
2804,09:30:01,$ 3744.24,93
2805,09:30:01,$ 3744.24,3
2806,09:30:01,$ 3744.24,1
2807,09:30:01,$ 3744.24,1
2808,09:30:01,$ 3744.24,5
2809,09:30:01,$ 3744.24,1
2810,09:30:01,$ 3744.24,6
2811,09:30:01,$ 3744.24,1
2812,09:30:01,$ 3744.24,32
2813,09:30:01,$ 3744.24,59
2815,09:30:01,$ 3744.24,1
2816,09:30:01,$ 3744.24,5
2817,09:30:01,$ 3744.24,10
2818,09:30:01,$ 3744.24,2
2819,09:30:01,$ 3744.24,9
2820,09:30:01,$ 3744.24,2
2821,09:30:01,$ 3744.24,10
2822,09:30:01,$ 3744.24,1
2823,09:30:01,$ 3744.24,3
2824,09:30:01,$ 3744.24,11
2825,09:30:01,$ 3744.24,18
2826,09:30:01,$ 3744.24,2
2827,09:30:01,$ 3744.24,5
2828,09:30:01,$ 3744.24,1
2829,09:30:01,$ 3744.24,1
2830,09:30:01,$ 3744.24,1
2831,09:30:01,$ 3744.24,7
2832,09:30:01,$ 3744.24,1
2833,09:30:01,$ 3744.24,2
2834,09:30:01,$ 3744.24,1
2836,09:30:01,$ 3744.24,1
2837,09:30:01,$ 3744.24,1
2838,09:30:01,$ 3744.24,200
2839,09:30:01,$ 3744.24,10
2840,09:30:01,$ 3744.24,2
2841,09:30:01,$ 3744.24,1
2842,09:30:01,$ 3744.24,2
2843,09:30:01,$ 3744.24,1
2844,09:30:01,$ 3744.24,1
2845,09:30:01,$ 3744.24,6
2846,09:30:01,$ 3744.24,93
2847,09:30:01,$ 3744.24,93
2848,09:30:01,$ 3744.24,93
2849,09:30:01,$ 3744.24,1
2850,09:30:01,$ 3744.24,93
2851,09:30:01,$ 3744.24,93
2852,09:30:01,$ 3744.24,93
2853,09:30:01,$ 3744.24,1
2854,09:30:01,$ 3744.24,93
2855,09:30:01,$ 3744.24,93
2857,09:30:01,$ 3744.24,93
2858,09:30:01,$ 3744.24,93
2859,09:30:01,$ 3744.24,8
2860,09:30:01,$ 3744.24,93
2861,09:30:01,$ 3744.24,10
2862,09:30:01,$ 3744.24,93
2863,09:30:01,$ 3744.24,100
2864,09:30:01,$ 3744.24,93
2865,09:30:01,$ 3744.24,93
2866,09:30:01,$ 3744.24,93
2867,09:30:01,$ 3744.24,93
2868,09:30:01,$ 3744.24,4
2869,09:30:01,$ 3744.24,93
2870,09:30:01,$ 3744.24,93
2871,09:30:01,$ 3744.24,93
2872,09:30:01,$ 3744.24,93
2873,09:30:01,$ 3744.24,93
2874,09:30:01,$ 3744.24,93
2875,09:30:01,$ 3744.24,1
2876,09:30:01,$ 3744.24,93
2878,09:30:01,$ 3744.24,93
2879,09:30:01,$ 3744.24,12
2880,09:30:01,$ 3744.24,93
2881,09:30:01,$ 3744.24,93
2882,09:30:01,$ 3744.24,93
2883,09:30:01,$ 3744.24,93
2884,09:30:01,$ 3744.24,93
2885,09:30:01,$ 3744.24,93
2886,09:30:01,$ 3744.24,93
2887,09:30:01,$ 3744.24,93
2888,09:30:01,$ 3744.24,46
2889,09:30:01,$ 3744.24,47
2890,09:30:01,$ 3744.24,46
2891,09:30:01,$ 3744.24,47
2892,09:30:01,$ 3744.24,46
2893,09:30:01,$ 3744.24,47
2894,09:30:01,$ 3744.24,46
2895,09:30:01,$ 3744.24,47
2896,09:30:01,$ 3744.24,46
2897,09:30:01,$ 3744.24,47
2899,09:30:01,$ 3744.24,1
2900,09:30:01,$ 3744.24,6
2901,09:30:01,$ 3744.24,2
2902,09:30:01,$ 3744.24,7
2903,09:30:01,$ 3744.24,2
2904,09:30:01,$ 3744.24,2
2905,09:30:01,$ 3744.24,5
2906,09:30:01,$ 3744.24,1
2907,09:30:01,$ 3744.24,1
2908,09:30:01,$ 3744.24,2
2909,09:30:01,$ 3744.24,1
2910,09:30:01,$ 3744.24,30
2911,09:30:01,$ 3744.24,1
2912,09:30:01,$ 3744.24,20
2913,09:30:01,$ 3744.24,2
2914,09:30:01,$ 3744.24,1
2915,09:30:01,$ 3744.24,10
2916,09:30:01,$ 3744.24,1
2917,09:30:01,$ 3744.24,25
2918,09:30:01,$ 3744.24,5
2920,09:30:01,$ 3744.24,12
2921,09:30:01,$ 3744.24,7
2922,09:30:01,$ 3744.24,1
2923,09:30:01,$ 3744.24,5
2924,09:30:01,$ 3744.24,1
2925,09:30:01,$ 3744.24,14
2926,09:30:01,$ 3744.24,1
2927,09:30:01,$ 3744.24,6
2928,09:30:01,$ 3744.24,2
2929,09:30:01,$ 3744.24,3
2930,09:30:01,$ 3744.24,2
2931,09:30:01,$ 3744.24,5
2932,09:30:01,$ 3744.24,20
2933,09:30:01,$ 3744.24,1
2934,09:30:01,$ 3744.24,1
2935,09:30:01,$ 3744.24,1
2936,09:30:01,$ 3744.24,1
2937,09:30:01,$ 3744.24,1
2938,09:30:01,$ 3744.24,1
2939,09:30:01,$ 3744.24,1
2941,09:30:01,$ 3744.24,1
2942,09:30:01,$ 3744.24,1
2943,09:30:01,$ 3744.24,1
2944,09:30:01,$ 3744.24,3
2945,09:30:01,$ 3744.24,1
2946,09:30:01,$ 3744.24,1
2947,09:30:01,$ 3744.24,1
2948,09:30:01,$ 3744.24,3
2949,09:30:01,$ 3744.24,1
2950,09:30:01,$ 3744.24,2
2951,09:30:01,$ 3744.24,1
2952,09:30:01,$ 3744.24,3
2953,09:30:01,$ 3744.24,2
2954,09:30:01,$ 3744.24,2
2955,09:30:01,$ 3744.24,1
2956,09:30:01,$ 3744.24,1
2957,09:30:01,$ 3744.24,1
2958,09:30:01,$ 3744.24,1
2959,09:30:01,$ 3744.24,2
2960,09:30:01,$ 3744.24,11
2962,09:30:01,$ 3744.24,1
2963,09:30:01,$ 3744.24,1
2964,09:30:01,$ 3744.24,1
2965,09:30:01,$ 3744.24,1
2966,09:30:01,$ 3744.24,1
2967,09:30:01,$ 3744.24,1
2968,09:30:01,$ 3744.24,1
2969,09:30:01,$ 3744.24,10
2970,09:30:01,$ 3744.24,7
2971,09:30:01,$ 3744.24,1
2972,09:30:01,$ 3744.24,3
2973,09:30:01,$ 3744.24,1
2974,09:30:01,$ 3744.24,1
2975,09:30:01,$ 3744.24,15
2976,09:30:01,$ 3744.24,1
2977,09:30:01,$ 3744.24,1
2978,09:30:01,$ 3744.24,1
2979,09:30:01,$ 3744.24,1
2980,09:30:01,$ 3744.24,1
2981,09:30:01,$ 3744.24,1
2983,09:30:01,$ 3744.24,1
2984,09:30:01,$ 3744.24,1
2985,09:30:01,$ 3744.24,1
2986,09:30:01,$ 3744.24,1
2987,09:30:01,$ 3744.24,1
2988,09:30:01,$ 3744.24,1
2989,09:30:01,$ 3744.24,1
2990,09:30:01,$ 3744.24,1
2991,09:30:01,$ 3744.24,1
2992,09:30:01,$ 3744.24,5
2993,09:30:01,$ 3744.24,1
2994,09:30:01,$ 3744.24,7
2995,09:30:01,$ 3744.24,110
2996,09:30:01,$ 3744.24,17
2997,09:30:01,$ 3744.24,2
2998,09:30:01,$ 3744.24,20
2999,09:30:01,$ 3744.24,2
3000,09:30:01,$ 3744.24,5
3001,09:30:01,$ 3744.24,1
3002,09:30:01,$ 3744.24,2
3004,09:30:01,$ 3744.24,1
3005,09:30:01,$ 3744.24,1
3006,09:30:01,$ 3744.24,1
3007,09:30:01,$ 3744.24,4
3008,09:30:01,$ 3744.24,1
3009,09:30:01,$ 3744.24,1
3010,09:30:01,$ 3744.24,1
3011,09:30:01,$ 3744.24,2
3012,09:30:01,$ 3744.24,2
3013,09:30:01,$ 3744.24,2
3014,09:30:01,$ 3744.24,1
3015,09:30:01,$ 3744.24,1
3016,09:30:01,$ 3744.24,7
3017,09:30:01,$ 3744.24,2
3018,09:30:01,$ 3744.24,1
3019,09:30:01,$ 3744.24,6
3020,09:30:01,$ 3744.24,21
3021,09:30:01,$ 3744.24,2
3022,09:30:01,$ 3744.24,1
3023,09:30:01,$ 3744.24,7
3025,09:30:01,$ 3744.24,3
3026,09:30:01,$ 3744.24,1
3027,09:30:01,$ 3744.24,3
3028,09:30:01,$ 3744.24,1
3029,09:30:01,$ 3744.24,29
3030,09:30:01,$ 3744.24,1
3031,09:30:01,$ 3744.24,4
3032,09:30:01,$ 3744.24,5
3033,09:30:01,$ 3744.24,2
3034,09:30:01,$ 3744.24,6
3035,09:30:01,$ 3744.24,4
3036,09:30:01,$ 3744.24,19
3037,09:30:01,$ 3744.24,3
3038,09:30:01,$ 3744.24,21
3039,09:30:01,$ 3744.24,2
3040,09:30:01,$ 3744.24,2
3041,09:30:01,$ 3744.24,1
3042,09:30:01,$ 3744.24,3
3043,09:30:01,$ 3744.24,1
3044,09:30:01,$ 3744.24,6
3046,09:30:01,$ 3744.24,2
3047,09:30:01,$ 3744.24,6
3048,09:30:01,$ 3744.24,1
3049,09:30:01,$ 3744.24,1
3050,09:30:01,$ 3744.24,1
3051,09:30:01,$ 3744.24,3
3052,09:30:01,$ 3744.24,47
3053,09:30:01,$ 3744.24,5
3054,09:30:01,$ 3744.24,7
3055,09:30:01,$ 3744.24,3
3056,09:30:01,$ 3744.24,1
3057,09:30:01,$ 3744.24,21
3058,09:30:01,$ 3744.24,1
3059,09:30:01,$ 3744.24,3
3060,09:30:01,$ 3744.24,1
3061,09:30:01,$ 3744.24,1
3062,09:30:01,$ 3744.24,70
3063,09:30:01,$ 3744.24,1
3064,09:30:01,$ 3744.24,2
3065,09:30:01,$ 3744.24,1
3067,09:30:01,$ 3744.24,3
3068,09:30:01,$ 3744.24,1
3069,09:30:01,$ 3744.24,1
3070,09:30:01,$ 3744.24,10
3071,09:30:01,$ 3744.24,1
3072,09:30:01,$ 3744.24,1
3073,09:30:01,$ 3744.24,18
3074,09:30:01,$ 3744.24,2
3075,09:30:01,$ 3744.24,100
3076,09:30:01,$ 3744.24,1
3077,09:30:01,$ 3744.24,4
3078,09:30:01,$ 3744.24,17
3079,09:30:01,$ 3744.24,2
3080,09:30:01,$ 3744.24,10
3081,09:30:01,$ 3744.24,10
3082,09:30:01,$ 3744.24,1
3083,09:30:01,$ 3744.24,286
3084,09:30:01,$ 3744.24,100
3085,09:30:01,$ 3744.24,10
3086,09:30:01,$ 3744.24,1
3088,09:30:01,$ 3744.24,15
3089,09:30:01,$ 3744.24,105
3090,09:30:01,$ 3744.24,2
3091,09:30:01,$ 3744.24,100
3092,09:30:01,$ 3744.24,1
3093,09:30:01,$ 3744.24,4
3094,09:30:01,$ 3744.24,500
3095,09:30:01,$ 3744.24,100
3096,09:30:01,$ 3744.24,45
3097,09:30:01,$ 3744.24,1
3098,09:30:01,$ 3744.24,1
3099,09:30:01,$ 3744.24,2
3100,09:30:01,$ 3744.24,1
3101,09:30:01,$ 3744.24,1
3102,09:30:01,$ 3744.24,57
3103,09:30:01,$ 3744.24,3
3104,09:30:01,$ 3744.24,2
3105,09:30:01,$ 3744.24,25
3106,09:30:01,$ 3744.24,5
3107,09:30:01,$ 3744.24,90
3109,09:30:01,$ 3744.24,5
3110,09:30:01,$ 3744.24,25
3111,09:30:01,$ 3744.24,19
3112,09:30:01,$ 3744.24,7
3113,09:30:01,$ 3744.24,450
3114,09:30:01,$ 3744.24,3
3115,09:30:01,$ 3744.24,1
3116,09:30:01,$ 3744.24,10
3117,09:30:01,$ 3744.24,8
3118,09:30:01,$ 3744.24,30
3120,10:29:59,$ 3716.4466,300
3121,10:29:57,$ 3716.265,100
3122,10:29:44,$ 3717.7999,200
3123,10:29:44,$ 3717.27,100
3124,10:29:44,$ 3717.25,100
3125,10:29:40,$ 3717.87,100
3126,10:29:12,$ 3714.7442,300
3127,10:29:03,$ 3715.87,100
3128,10:29:00,$ 3716.1386,300
3129,10:28:41,$ 3716.28,100
3130,10:28:34,$ 3717.29,100
3131,10:28:22,$ 3717.11,100
3132,10:28:04,$ 3717.06,100
3133,10:28:01,$ 3717.575,100
3134,10:27:53,$ 3717.795,100
3135,10:27:51,$ 3717.50,100
3136,10:27:49,$ 3718.033,104
3137,10:27:42,$ 3716.91,100
3138,10:27:34,$ 3718.49,100
3139,10:27:34,$ 3718.69,100
3141,10:27:34,$ 3718.84,100
3142,10:27:34,$ 3718.785,100
3143,10:27:30,$ 3717.04,100
3144,10:27:21,$ 3715.60,100
3145,10:27:21,$ 3715.61,100
3146,10:27:21,$ 3718.10,263
3147,10:27:20,$ 3717.98,142
3148,10:26:58,$ 3717.22,100
3149,10:26:52,$ 3717.535,100
3150,10:26:42,$ 3715.00,172
3151,10:26:41,$ 3713.465,100
3152,10:26:37,$ 3713.18,100
3153,10:26:20,$ 3713.08,250
3154,10:26:00,$ 3713.45,100
3155,10:24:58,$ 3710.51,100
3156,10:24:57,$ 3712.085,100
3157,10:24:17,$ 3710.05,100
3158,10:24:05,$ 3709.80,279
3159,10:23:57,$ 3710.68,100
3160,10:23:26,$ 3710.21,223
3162,10:22:32,$ 3709.53,100
3163,10:22:30,$ 3709.62,100
3164,10:21:54,$ 3709.55,100
3165,10:21:42,$ 3709.30,100
3166,10:21:38,$ 3710.63,100
3167,10:21:31,$ 3709.65,100
3168,10:21:18,$ 3712.8725,400
3169,10:21:11,$ 3712.80,100
3170,10:21:02,$ 3713.99,157
3171,10:20:47,$ 3711.82,100
3172,10:20:37,$ 3710.4625,350
3173,10:20:30,$ 3710.30,342
3174,10:20:27,$ 3710.345,100
3175,10:20:18,$ 3707.04,100
3176,10:20:18,$ 3707.21,100
3177,10:20:09,$ 3707.34,100
3178,10:20:03,$ 3709.52,100
3179,10:19:56,$ 3709.98,100
3180,10:19:56,$ 3709.98,115
3181,10:19:52,$ 3709.965,100
3183,10:19:29,$ 3708.04,100
3184,10:19:14,$ 3710.29,100
3185,10:19:04,$ 3707.9401,100
3186,10:19:02,$ 3708.57,100
3187,10:18:57,$ 3707.22,100
3188,10:18:56,$ 3707.24,100
3189,10:18:52,$ 3708.39,100
3190,10:18:51,$ 3709.195,100
3191,10:18:48,$ 3709.83,100
3192,10:18:42,$ 3708.09,100
3193,10:18:41,$ 3708.6241,100
3194,10:18:37,$ 3707.11,100
3195,10:18:37,$ 3707.115,100
3196,10:18:36,$ 3708.74,100
3197,10:18:35,$ 3707.39,100
3198,10:18:32,$ 3708.39,200
3199,10:18:29,$ 3708.385,100
3200,10:18:08,$ 3709.40,100
3201,10:18:08,$ 3709.345,100
3202,10:18:08,$ 3709.37,100
3204,10:18:02,$ 3709.4758,200
3205,10:17:57,$ 3711.4299,110
3206,10:17:39,$ 3711.34,100
3207,10:17:37,$ 3711.11,100
3208,10:17:31,$ 3706.325,100
3209,10:17:21,$ 3705.585,100
3210,10:17:20,$ 3705.585,100
3211,10:17:19,$ 3704.925,100
3212,10:17:18,$ 3705.82,100
3213,10:17:15,$ 3707.80,100
3214,10:17:15,$ 3707.69,100
3215,10:17:15,$ 3706.92,100
3216,10:17:08,$ 3707.5402,100
3217,10:17:06,$ 3707.76,233
3218,10:17:06,$ 3707.035,100
3219,10:17:05,$ 3707.29,100
3220,10:17:03,$ 3707.20,100
3221,10:17:02,$ 3706.34,200
3222,10:17:00,$ 3707.25,100
3223,10:17:00,$ 3706.86,500
3225,10:16:51,$ 3704.54,100
3226,10:16:45,$ 3706.055,100
3227,10:16:44,$ 3706.065,170
3228,10:16:41,$ 3706.045,100
3229,10:16:36,$ 3705.995,100
3230,10:16:34,$ 3706.5851,100
3231,10:16:34,$ 3705.985,100
3232,10:16:29,$ 3706.22,100
3233,10:16:28,$ 3704.65,100
3234,10:16:28,$ 3703.93,100
3235,10:16:28,$ 3703.66,100
3236,10:16:28,$ 3703.86,100
3237,10:16:28,$ 3703.90,100
3238,10:16:28,$ 3703.50,100
3239,10:16:22,$ 3702.9927,200
3240,10:16:22,$ 3703.63,100
3241,10:16:17,$ 3702.81,100
3242,10:16:05,$ 3703.80,100
3243,10:16:04,$ 3703.11,100
3244,10:16:04,$ 3703.90,100
3246,10:16:04,$ 3703.78,100
3247,10:15:57,$ 3703.30,100
3248,10:15:56,$ 3704.70,200
3249,10:15:56,$ 3705.22,100
3250,10:15:56,$ 3705.43,200
3251,10:15:55,$ 3705.625,100
3252,10:15:55,$ 3705.20,100
3253,10:15:50,$ 3706.00,400
3254,10:15:50,$ 3706.975,100
3255,10:15:49,$ 3708.00,100
3256,10:15:49,$ 3708.00,100
3257,10:15:49,$ 3708.00,100
3258,10:15:48,$ 3707.44,100
3259,10:15:48,$ 3708.00,100
3260,10:15:48,$ 3707.97,100
3261,10:15:48,$ 3708.00,100
3262,10:15:48,$ 3708.00,100
3263,10:15:48,$ 3708.00,100
3264,10:15:44,$ 3708.0001,100
3265,10:15:43,$ 3709.00,100
3267,10:15:42,$ 3709.00,100
3268,10:15:42,$ 3709.01,100
3269,10:15:42,$ 3710.00,100
3270,10:15:42,$ 3710.00,100
3271,10:15:35,$ 3711.00,100
3272,10:15:35,$ 3711.01,100
3273,10:15:35,$ 3711.74,100
3274,10:15:32,$ 3713.2118,100
3275,10:15:22,$ 3714.80,100
3276,10:15:20,$ 3714.20,100
3277,10:15:20,$ 3714.495,100
3278,10:15:20,$ 3715.00,300
3279,10:15:07,$ 3716.3863,100
3280,10:14:48,$ 3716.005,100
3281,10:14:46,$ 3716.045,100
3282,10:14:41,$ 3716.045,100
3283,10:14:40,$ 3715.98,100
3284,10:14:40,$ 3716.92,300
3285,10:14:36,$ 3717.935,100
3286,10:14:32,$ 3717.4084,185
3288,10:14:28,$ 3717.59,100
3289,10:14:17,$ 3718.29,100
3290,10:14:17,$ 3718.28,100
3291,10:14:17,$ 3718.33,100
3292,10:14:16,$ 3719.465,100
3293,10:14:14,$ 3718.985,100
3294,10:14:04,$ 3717.99,100
3295,10:13:59,$ 3717.01,100
3296,10:13:52,$ 3717.90,100
3297,10:13:52,$ 3717.915,"1,000"
3298,10:13:52,$ 3717.62,100
3299,10:13:51,$ 3718.75,100
3300,10:13:49,$ 3716.97,100
3301,10:13:49,$ 3717.22,100
3302,10:13:49,$ 3717.22,100
3303,10:13:39,$ 3717.185,100
3304,10:13:26,$ 3715.25,100
3305,10:13:26,$ 3717.22,100
3306,10:13:24,$ 3715.71,100
3307,10:13:14,$ 3717.32,100
3309,10:13:13,$ 3717.96,100
3310,10:13:13,$ 3718.84,100
3311,10:13:12,$ 3718.76,100
3312,10:13:11,$ 3717.26,100
3313,10:13:10,$ 3717.93,100
3314,10:13:10,$ 3717.42,100
3315,10:13:10,$ 3717.01,144
3316,10:13:00,$ 3717.73,100
3317,10:13:00,$ 3717.67,100
3318,10:12:57,$ 3716.04,100
3319,10:12:49,$ 3717.99,530
3320,10:12:46,$ 3717.6545,100
3321,10:12:45,$ 3717.5378,100
3322,10:12:41,$ 3716.86,100
3323,10:12:27,$ 3716.75,100
3324,10:12:27,$ 3716.76,100
3325,10:12:22,$ 3716.12,100
3326,10:12:17,$ 3716.34,100
3327,10:12:17,$ 3716.35,100
3328,10:12:14,$ 3715.61,100
3330,10:12:02,$ 3714.805,193
3331,10:11:58,$ 3713.71,100
3332,10:11:58,$ 3713.72,100
3333,10:11:54,$ 3714.10,100
3334,10:11:53,$ 3713.71,100
3335,10:11:52,$ 3713.47,100
3336,10:11:52,$ 3713.72,100
3337,10:11:42,$ 3712.72,100
3338,10:11:42,$ 3712.72,100
3339,10:11:19,$ 3711.845,100
3340,10:11:15,$ 3711.10,100
3341,10:11:09,$ 3712.685,100
3342,10:11:07,$ 3712.905,250
3343,10:11:00,$ 3713.945,100
3344,10:10:57,$ 3714.36,100
3345,10:10:55,$ 3714.225,150
3346,10:10:52,$ 3715.15,100
3347,10:10:48,$ 3714.07,100
3348,10:10:32,$ 3713.72,100
3349,10:10:31,$ 3713.59,630
3351,10:10:30,$ 3714.495,100
3352,10:10:01,$ 3714.66,100
3353,10:10:00,$ 3715.305,100
3354,10:09:57,$ 3714.95,100
3355,10:09:57,$ 3714.96,100
3356,10:09:55,$ 3713.81,100
3357,10:09:41,$ 3712.27,100
3358,10:09:25,$ 3712.9499,100
3359,10:09:18,$ 3713.095,100
3360,10:09:14,$ 3714.01,100
3361,10:09:09,$ 3715.54,100
3362,10:09:09,$ 3715.50,100
3363,10:09:09,$ 3715.50,100
3364,10:09:04,$ 3715.99,100
3365,10:08:42,$ 3714.48,100
3366,10:08:42,$ 3714.555,301
3367,10:08:42,$ 3713.58,100
3368,10:08:39,$ 3714.35,100
3369,10:08:35,$ 3714.29,100
3370,10:08:30,$ 3715.36,100
3372,10:08:30,$ 3715.37,100
3373,10:08:30,$ 3715.36,100
3374,10:08:30,$ 3715.45,100
3375,10:08:28,$ 3715.78,128
3376,10:08:27,$ 3715.54,100
3377,10:08:27,$ 3715.56,100
3378,10:08:25,$ 3715.62,100
3379,10:08:18,$ 3716.9051,"1,500"
3380,10:08:16,$ 3716.25,100
3381,10:08:16,$ 3716.06,100
3382,10:08:11,$ 3715.5275,310
3383,10:08:06,$ 3715.475,200
3384,10:08:05,$ 3715.56,100
3385,10:08:05,$ 3714.865,200
3386,10:08:03,$ 3715.42,277
3387,10:08:03,$ 3715.42,100
3388,10:08:01,$ 3715.44,100
3389,10:07:56,$ 3713.62,100
3390,10:07:51,$ 3714.66,100
3391,10:07:51,$ 3713.00,329
3393,10:07:51,$ 3713.00,100
3394,10:07:50,$ 3713.00,100
3395,10:07:50,$ 3713.00,811
3396,10:07:50,$ 3713.00,200
3397,10:07:45,$ 3711.95,100
3398,10:07:45,$ 3712.00,100
3399,10:07:45,$ 3712.00,131
3400,10:07:45,$ 3712.00,523
3401,10:07:42,$ 3710.81,100
3402,10:07:35,$ 3711.7684,163
3403,10:07:34,$ 3710.05,118
3404,10:07:33,$ 3710.89,100
3405,10:07:09,$ 3709.57,100
3406,10:07:09,$ 3710.08,180
3407,10:07:09,$ 3710.08,100
3408,10:06:58,$ 3710.01,100
3409,10:06:58,$ 3709.165,100
3410,10:06:57,$ 3709.137,265
3411,10:06:57,$ 3709.137,100
3412,10:06:57,$ 3709.14,100
3414,10:06:57,$ 3709.135,100
3415,10:06:57,$ 3709.135,100
3416,10:06:57,$ 3708.96,150
3417,10:06:56,$ 3708.98,100
3418,10:06:55,$ 3708.38,100
3419,10:06:53,$ 3707.138,492
3420,10:06:52,$ 3706.82,100
3421,10:06:52,$ 3706.91,100
3422,10:06:52,$ 3706.92,100
3423,10:06:52,$ 3706.92,100
3424,10:06:52,$ 3706.92,225
3425,10:06:52,$ 3706.1931,100
3426,10:06:45,$ 3707.40,100
3427,10:06:44,$ 3706.99,100
3428,10:06:43,$ 3706.1697,400
3429,10:06:43,$ 3707.21,100
3430,10:06:42,$ 3706.5736,100
3431,10:06:41,$ 3705.83,100
3432,10:06:41,$ 3705.83,100
3433,10:06:41,$ 3706.0439,100
3435,10:06:41,$ 3706.80,100
3436,10:06:40,$ 3707.21,199
3437,10:06:39,$ 3707.5916,269
3438,10:06:37,$ 3706.62,100
3439,10:06:37,$ 3707.00,100
3440,10:06:36,$ 3707.24,321
3441,10:06:33,$ 3707.2897,137
3442,10:06:32,$ 3708.00,100
3443,10:06:32,$ 3709.00,182
3444,10:06:29,$ 3710.00,134
3445,10:06:21,$ 3709.60,100
3446,10:06:21,$ 3709.76,100
3447,10:06:19,$ 3711.64,140
3448,10:06:19,$ 3710.20,100
3449,10:06:19,$ 3711.10,100
3450,10:06:12,$ 3712.00,100
3451,10:06:08,$ 3712.285,100
3452,10:06:07,$ 3711.95,100
3453,10:06:07,$ 3711.95,100
3454,10:06:02,$ 3710.00,100
3456,10:05:55,$ 3711.52,100
3457,10:05:53,$ 3710.88,100
3458,10:05:53,$ 3713.14,100
3459,10:05:44,$ 3712.64,100
3460,10:05:44,$ 3712.06,100
3461,10:05:41,$ 3710.995,100
3462,10:05:41,$ 3711.5937,100
3463,10:05:41,$ 3711.5937,100
3464,10:05:41,$ 3711.5937,100
3465,10:05:41,$ 3711.5937,100
3466,10:05:41,$ 3711.5937,100
3467,10:05:41,$ 3711.10,100
3468,10:05:41,$ 3711.02,100
3469,10:05:40,$ 3711.18,100
3470,10:05:36,$ 3712.11,100
3471,10:05:36,$ 3712.115,100
3472,10:05:36,$ 3712.11,100
3473,10:05:36,$ 3711.53,100
3474,10:05:36,$ 3711.61,100
3475,10:05:34,$ 3710.875,100
3477,10:05:34,$ 3710.875,100
3478,10:05:30,$ 3711.1184,100
3479,10:05:30,$ 3711.1184,100
3480,10:05:30,$ 3711.1184,112
3481,10:05:30,$ 3711.10,100
3482,10:05:30,$ 3711.10,112
3483,10:05:26,$ 3711.60,100
3484,10:05:23,$ 3712.415,100
3485,10:05:23,$ 3713.49,100
3486,10:05:15,$ 3712.6872,101
3487,10:05:15,$ 3711.59,100
3488,10:05:13,$ 3714.5525,100
3489,10:05:12,$ 3714.0999,100
3490,10:05:10,$ 3713.89,200
3491,10:05:09,$ 3714.20,100
3492,10:05:05,$ 3714.8799,100
3493,10:04:59,$ 3714.00,253
3494,10:04:47,$ 3715.03,100
3495,10:04:44,$ 3715.38,100
3496,10:04:42,$ 3715.335,100
3498,10:04:39,$ 3715.72,100
3499,10:04:34,$ 3715.39,100
3500,10:04:20,$ 3716.5699,100
3501,10:04:11,$ 3714.7035,100
3502,10:04:11,$ 3715.39,100
3503,10:04:11,$ 3715.42,190
3504,10:04:09,$ 3713.47,100
3505,10:04:07,$ 3714.03,100
3506,10:04:07,$ 3714.03,100
3507,10:04:07,$ 3715.08,200
3508,10:04:03,$ 3714.03,100
3509,10:04:03,$ 3715.00,100
3510,10:04:03,$ 3715.42,100
3511,10:04:03,$ 3715.22,100
3512,10:03:58,$ 3718.34,100
3513,10:03:48,$ 3718.77,100
3514,10:03:48,$ 3719.17,100
3515,10:03:47,$ 3718.75,100
3516,10:03:43,$ 3718.97,100
3517,10:03:43,$ 3718.37,100
3519,10:03:28,$ 3717.42,100
3520,10:03:23,$ 3718.15,100
3521,10:03:07,$ 3719.25,100
3522,10:03:02,$ 3719.99,100
3523,10:03:01,$ 3719.41,100
3524,10:03:01,$ 3719.55,100
3525,10:02:59,$ 3719.385,100
3526,10:02:58,$ 3720.06,100
3527,10:02:50,$ 3720.3085,100
3528,10:02:49,$ 3721.605,100
3529,10:02:49,$ 3721.605,100
3530,10:02:39,$ 3718.78,100
3531,10:02:36,$ 3720.05,100
3532,10:02:36,$ 3720.06,100
3533,10:02:36,$ 3721.14,100
3534,10:02:34,$ 3720.39,100
3535,10:02:30,$ 3720.46,100
3536,10:02:24,$ 3718.41,100
3537,10:02:07,$ 3716.91,"1,000"
3538,10:01:57,$ 3718.6048,100
3540,10:01:55,$ 3718.59,100
3541,10:01:55,$ 3717.255,100
3542,10:01:53,$ 3715.21,100
3543,10:01:53,$ 3715.1101,300
3544,10:01:51,$ 3716.12,100
3545,10:01:50,$ 3716.12,100
3546,10:01:50,$ 3716.00,100
3547,10:01:49,$ 3716.755,100
3548,10:01:46,$ 3716.24,100
3549,10:01:45,$ 3716.2281,226
3550,10:01:44,$ 3716.73,100
3551,10:01:44,$ 3716.71,130
3552,10:01:41,$ 3717.65,300
3553,10:01:40,$ 3717.65,100
3554,10:01:37,$ 3718.5287,192
3555,10:01:36,$ 3718.5586,100
3556,10:01:34,$ 3718.27,100
3557,10:01:33,$ 3718.39,119
3558,10:01:33,$ 3718.098,100
3559,10:01:32,$ 3717.05,100
3561,10:01:31,$ 3717.19,100
3562,10:01:31,$ 3717.00,997
3563,10:01:31,$ 3717.47,100
3564,10:01:23,$ 3719.74,100
3565,10:01:22,$ 3719.8279,100
3566,10:01:12,$ 3719.40,100
3567,10:01:11,$ 3719.05,100
3568,10:01:11,$ 3719.05,100
3569,10:01:11,$ 3720.67,100
3570,10:01:05,$ 3722.0175,100
3571,10:01:04,$ 3722.02,100
3572,10:00:51,$ 3727.7863,100
3573,10:00:47,$ 3725.49,100
3574,10:00:34,$ 3724.43,100
3575,10:00:34,$ 3725.62,100
3576,10:00:34,$ 3725.60,100
3577,10:00:23,$ 3724.74,100
3578,10:00:19,$ 3726.015,200
3579,10:00:18,$ 3725.65,100
3580,10:00:16,$ 3724.33,100
3582,10:00:16,$ 3725.69,100
3583,10:00:15,$ 3725.6401,100
3584,10:00:15,$ 3727.505,100
3585,10:00:05,$ 3727.00,100
3586,10:00:04,$ 3728.495,100
3587,10:00:02,$ 3728.5722,100
3588,10:00:01,$ 3728.40,100
3590,10:59:59,$ 3715.0001,100
3591,10:59:59,$ 3715.11,100
3592,10:59:55,$ 3716.10,100
3593,10:59:53,$ 3715.7801,280
3594,10:59:50,$ 3717.01,200
3595,10:59:49,$ 3717.035,100
3596,10:59:47,$ 3718.93,100
3597,10:59:46,$ 3719.3855,200
3598,10:59:40,$ 3718.50,100
3599,10:59:37,$ 3719.00,100
3600,10:59:37,$ 3719.21,100
3601,10:59:37,$ 3719.045,100
3602,10:59:25,$ 3720.56,100
3603,10:59:23,$ 3722.76,100
3604,10:59:00,$ 3720.17,100
3605,10:58:30,$ 3718.82,100
3606,10:58:28,$ 3720.09,200
3607,10:58:28,$ 3719.02,100
3608,10:58:27,$ 3719.1068,200
3609,10:58:20,$ 3719.385,100
3611,10:58:13,$ 3720.37,100
3612,10:58:10,$ 3720.525,100
3613,10:58:06,$ 3720.32,100
3614,10:58:06,$ 3721.97,100
3615,10:58:06,$ 3721.45,100
3616,10:57:23,$ 3723.42,100
3617,10:57:17,$ 3723.67,100
3618,10:57:03,$ 3723.376,100
3619,10:56:57,$ 3722.795,100
3620,10:56:56,$ 3723.29,100
3621,10:56:54,$ 3723.20,100
3622,10:56:47,$ 3724.33,100
3623,10:56:47,$ 3724.40,100
3624,10:56:40,$ 3723.01,200
3625,10:56:27,$ 3724.0436,100
3626,10:56:25,$ 3723.4517,306
3627,10:56:17,$ 3722.4425,100
3628,10:56:11,$ 3722.88,100
3629,10:56:11,$ 3722.88,100
3630,10:56:03,$ 3722.335,100
3632,10:54:59,$ 3720.705,100
3633,10:54:59,$ 3720.705,100
3634,10:54:58,$ 3720.58,100
3635,10:54:58,$ 3720.58,100
3636,10:54:58,$ 3720.585,100
3637,10:54:57,$ 3722.67,100
3638,10:54:57,$ 3722.665,100
3639,10:54:57,$ 3722.12,133
3640,10:54:57,$ 3722.12,100
3641,10:54:40,$ 3723.00,100
3642,10:54:39,$ 3723.00,200
3643,10:54:39,$ 3723.11,100
3644,10:54:29,$ 3722.07,100
3645,10:54:29,$ 3722.51,100
3646,10:54:29,$ 3722.045,100
3647,10:54:18,$ 3722.0963,200
3648,10:53:58,$ 3720.48,100
3649,10:53:42,$ 3721.475,300
3650,10:53:38,$ 3719.05,100
3651,10:53:38,$ 3719.32,100
3653,10:53:03,$ 3718.01,499
3654,10:52:53,$ 3719.535,100
3655,10:52:47,$ 3718.9101,125
3656,10:52:45,$ 3718.07,100
3657,10:52:44,$ 3720.10,100
3658,10:52:42,$ 3720.84,500
3659,10:52:40,$ 3720.10,100
3660,10:52:39,$ 3720.10,100
3661,10:52:38,$ 3720.2025,125
3662,10:52:33,$ 3719.86,100
3663,10:52:32,$ 3719.88,100
3664,10:52:31,$ 3721.24,100
3665,10:52:31,$ 3721.23,120
3666,10:52:20,$ 3720.58,100
3667,10:51:53,$ 3722.28,100
3668,10:51:43,$ 3721.5473,166
3669,10:51:37,$ 3720.6621,100
3670,10:51:35,$ 3722.2699,280
3671,10:51:33,$ 3722.52,100
3672,10:51:32,$ 3721.775,200
3674,10:51:31,$ 3722.18,100
3675,10:51:31,$ 3722.145,603
3676,10:51:31,$ 3721.44,100
3677,10:51:28,$ 3722.1177,218
3678,10:51:27,$ 3722.61,100
3679,10:51:23,$ 3721.46,100
3680,10:51:21,$ 3721.17,100
3681,10:51:07,$ 3719.839,124
3682,10:51:03,$ 3719.99,200
3683,10:51:03,$ 3718.96,100
3684,10:51:03,$ 3718.93,100
3685,10:51:03,$ 3718.95,100
3686,10:50:44,$ 3718.59,100
3687,10:50:21,$ 3718.3345,100
3688,10:50:13,$ 3716.8251,120
3689,10:50:12,$ 3717.20,200
3690,10:50:00,$ 3718.09,100
3691,10:50:00,$ 3717.72,100
3692,10:49:46,$ 3719.65,100
3693,10:49:36,$ 3715.45,100
3695,10:49:34,$ 3715.97,100
3696,10:49:34,$ 3714.44,100
3697,10:49:20,$ 3713.3165,150
3698,10:49:03,$ 3715.8425,100
3699,10:48:56,$ 3716.03,100
3700,10:48:35,$ 3716.49,100
3701,10:48:34,$ 3714.9601,277
3702,10:48:25,$ 3716.43,100
3703,10:48:23,$ 3716.25,100
3704,10:48:18,$ 3716.30,100
3705,10:48:18,$ 3716.725,100
3706,10:48:17,$ 3716.385,150
3707,10:48:07,$ 3718.79,100
3708,10:47:55,$ 3718.8177,100
3709,10:47:15,$ 3718.385,100
3710,10:46:25,$ 3714.315,100
3711,10:46:25,$ 3714.83,200
3712,10:46:09,$ 3713.59,100
3713,10:46:08,$ 3713.6653,100
3714,10:45:33,$ 3715.96,100
3716,10:45:32,$ 3715.95,100
3717,10:44:47,$ 3718.12,100
3718,10:44:40,$ 3718.54,100
3719,10:44:06,$ 3719.01,100
3720,10:43:49,$ 3719.21,100
3721,10:42:54,$ 3714.95,157
3722,10:42:25,$ 3715.4499,180
3723,10:42:11,$ 3715.62,100
3724,10:42:00,$ 3715.1584,300
3725,10:41:51,$ 3717.15,100
3726,10:41:50,$ 3716.46,100
3727,10:41:42,$ 3716.65,100
3728,10:41:38,$ 3717.40,100
3729,10:41:16,$ 3714.71,100
3730,10:41:14,$ 3715.73,100
3731,10:40:56,$ 3714.605,100
3732,10:40:30,$ 3714.881,250
3733,10:40:28,$ 3714.4839,142
3734,10:40:27,$ 3714.23,100
3735,10:40:27,$ 3714.23,100
3737,10:40:21,$ 3713.30,100
3738,10:40:17,$ 3712.35,100
3739,10:40:16,$ 3712.49,100
3740,10:40:15,$ 3713.23,100
3741,10:40:15,$ 3712.59,100
3742,10:40:14,$ 3714.32,100
3743,10:40:09,$ 3714.30,100
3744,10:40:09,$ 3715.195,300
3745,10:40:08,$ 3714.42,100
3746,10:40:07,$ 3716.355,297
3747,10:40:01,$ 3713.43,100
3748,10:39:48,$ 3716.8756,150
3749,10:39:40,$ 3717.24,100
3750,10:39:40,$ 3717.22,100
3751,10:39:34,$ 3717.185,100
3752,10:39:27,$ 3718.465,100
3753,10:39:26,$ 3716.39,100
3754,10:39:26,$ 3717.49,100
3755,10:39:26,$ 3717.49,400
3756,10:39:24,$ 3717.60,100
3758,10:39:22,$ 3718.775,100
3759,10:39:22,$ 3717.55,100
3760,10:39:16,$ 3718.005,100
3761,10:39:11,$ 3716.454,100
3762,10:39:11,$ 3718.35,100
3763,10:39:11,$ 3718.35,100
3764,10:39:09,$ 3718.46,100
3765,10:39:09,$ 3719.13,100
3766,10:39:03,$ 3720.00,100
3767,10:38:49,$ 3720.91,100
3768,10:38:37,$ 3720.79,100
3769,10:38:37,$ 3719.98,100
3770,10:38:37,$ 3719.98,200
3771,10:38:28,$ 3719.965,100
3772,10:38:23,$ 3719.495,100
3773,10:38:22,$ 3719.1363,200
3774,10:38:19,$ 3719.1194,100
3775,10:38:14,$ 3719.02,100
3776,10:38:06,$ 3720.00,100
3777,10:38:00,$ 3721.70,100
3779,10:37:50,$ 3721.835,100
3780,10:37:47,$ 3721.44,100
3781,10:37:24,$ 3721.48,100
3782,10:37:24,$ 3721.48,100
3783,10:37:19,$ 3721.485,100
3784,10:37:18,$ 3723.6448,244
3785,10:37:10,$ 3723.525,100
3786,10:37:08,$ 3723.99,100
3787,10:37:08,$ 3722.92,265
3788,10:37:02,$ 3722.51,100
3789,10:37:02,$ 3722.505,100
3790,10:36:41,$ 3720.61,100
3791,10:36:31,$ 3722.2808,100
3792,10:36:26,$ 3723.00,100
3793,10:36:17,$ 3720.00,228
3794,10:36:14,$ 3719.31,100
3795,10:36:10,$ 3719.525,100
3796,10:36:04,$ 3718.47,100
3797,10:36:04,$ 3719.776,100
3798,10:36:02,$ 3719.585,"1,000"
3800,10:35:51,$ 3721.12,100
3801,10:35:46,$ 3721.64,200
3802,10:35:45,$ 3721.76,100
3803,10:35:43,$ 3721.31,100
3804,10:35:42,$ 3720.615,100
3805,10:35:39,$ 3721.73,500
3806,10:35:36,$ 3721.31,100
3807,10:35:35,$ 3722.225,100
3808,10:35:34,$ 3723.14,100
3809,10:35:34,$ 3723.32,100
3810,10:35:34,$ 3723.20,100
3811,10:35:34,$ 3723.05,100
3812,10:35:34,$ 3722.00,100
3813,10:35:33,$ 3721.3253,400
3814,10:35:33,$ 3721.80,100
3815,10:35:33,$ 3722.225,100
3816,10:35:33,$ 3720.9601,100
3817,10:35:33,$ 3722.71,100
3818,10:35:27,$ 3723.255,100
3819,10:35:24,$ 3722.93,100
3821,10:35:24,$ 3722.565,100
3822,10:35:24,$ 3722.565,100
3823,10:35:23,$ 3722.14,100
3824,10:35:20,$ 3721.99,100
3825,10:35:14,$ 3720.805,100
3826,10:35:13,$ 3720.94,200
3827,10:35:08,$ 3720.93,100
3828,10:35:06,$ 3721.82,100
3829,10:35:06,$ 3721.245,100
3830,10:35:05,$ 3721.74,100
3831,10:35:04,$ 3721.75,498
3832,10:35:04,$ 3721.74,100
3833,10:35:04,$ 3720.81,100
3834,10:34:57,$ 3720.81,100
3835,10:34:57,$ 3720.82,100
3836,10:34:57,$ 3720.82,100
3837,10:34:52,$ 3720.275,100
3838,10:34:48,$ 3720.51,100
3839,10:34:22,$ 3719.15,100
3840,10:34:21,$ 3719.64,100
3842,10:34:18,$ 3720.1619,100
3843,10:34:17,$ 3719.705,100
3844,10:34:11,$ 3720.45,100
3845,10:34:10,$ 3720.0833,268
3846,10:34:08,$ 3720.125,100
3847,10:34:07,$ 3720.01,100
3848,10:34:03,$ 3718.99,100
3849,10:34:01,$ 3719.73,100
3850,10:34:01,$ 3719.285,100
3851,10:33:55,$ 3719.12,100
3852,10:33:39,$ 3718.3913,180
3853,10:33:29,$ 3717.525,100
3854,10:33:17,$ 3716.76,100
3855,10:33:16,$ 3717.12,100
3856,10:33:13,$ 3716.76,100
3857,10:33:11,$ 3716.51,"1,000"
3858,10:33:08,$ 3716.63,300
3859,10:33:06,$ 3716.23,100
3860,10:33:06,$ 3716.67,100
3861,10:33:06,$ 3716.22,100
3863,10:33:06,$ 3716.22,100
3864,10:33:05,$ 3716.29,100
3865,10:33:01,$ 3717.09,100
3866,10:33:01,$ 3716.8813,"1,000"
3867,10:32:41,$ 3717.115,100
3868,10:32:38,$ 3717.765,200
3869,10:32:37,$ 3717.77,100
3870,10:32:37,$ 3717.77,100
3871,10:32:37,$ 3718.00,100
3872,10:32:37,$ 3718.02,100
3873,10:32:37,$ 3717.765,800
3874,10:32:37,$ 3717.66,100
3875,10:32:37,$ 3717.68,100
3876,10:32:33,$ 3717.95,100
3877,10:32:33,$ 3717.27,192
3878,10:32:21,$ 3717.25,100
3879,10:32:16,$ 3717.00,100
3880,10:32:12,$ 3716.125,300
3881,10:32:11,$ 3716.5625,100
3882,10:32:09,$ 3716.12,100
3884,10:31:51,$ 3715.736,300
3885,10:31:48,$ 3714.71,100
