,NLS Time (ET),NLS Price,NLS Share Volume
1,09:59:54,$ 3351.905,100
2,09:59:45,$ 3353.00,217
3,09:59:45,$ 3353.00,212
4,09:59:45,$ 3353.20,100
5,09:59:42,$ 3353.87,100
6,09:59:42,$ 3353.73,200
7,09:59:17,$ 3353.88,100
8,09:59:07,$ 3354.0021,100
9,09:58:56,$ 3354.18,100
10,09:58:56,$ 3354.46,100
11,09:58:36,$ 3353.845,100
12,09:58:24,$ 3354.22,100
13,09:58:22,$ 3355.00,174
14,09:57:57,$ 3353.39,100
15,09:57:57,$ 3353.43,105
16,09:57:41,$ 3354.575,100
17,09:57:41,$ 3354.0025,100
18,09:57:41,$ 3353.265,100
19,09:57:23,$ 3353.2975,100
20,09:57:20,$ 3353.5201,100
22,09:57:02,$ 3352.33,100
23,09:56:36,$ 3352.09,100
24,09:56:31,$ 3351.86,100
25,09:56:06,$ 3352.12,150
26,09:56:00,$ 3352.475,100
27,09:56:00,$ 3353.575,400
28,09:56:00,$ 3352.96,100
29,09:55:57,$ 3352.21,100
30,09:55:40,$ 3352.98,100
31,09:55:36,$ 3353.14,100
32,09:55:16,$ 3353.82,100
33,09:55:15,$ 3352.52,100
34,09:55:14,$ 3353.37,100
35,09:55:14,$ 3354.195,100
36,09:55:07,$ 3354.00,100
37,09:55:06,$ 3354.21,200
38,09:55:06,$ 3354.03,100
39,09:55:06,$ 3354.46,100
40,09:55:06,$ 3354.89,105
41,09:54:53,$ 3355.35,100
43,09:54:43,$ 3356.98,100
44,09:54:23,$ 3356.995,100
45,09:54:23,$ 3356.40,100
46,09:54:23,$ 3356.43,100
47,09:54:10,$ 3357.90,132
48,09:54:08,$ 3357.85,100
49,09:54:07,$ 3357.00,100
50,09:54:07,$ 3357.00,100
51,09:54:06,$ 3356.59,100
52,09:54:06,$ 3356.74,100
53,09:54:06,$ 3356.77,100
54,09:54:06,$ 3356.90,100
55,09:54:06,$ 3356.90,100
56,09:54:02,$ 3355.26,100
57,09:53:54,$ 3356.6038,100
58,09:53:44,$ 3356.69,100
59,09:53:40,$ 3355.93,100
60,09:53:40,$ 3356.40,100
61,09:53:28,$ 3356.29,100
62,09:53:12,$ 3355.76,100
64,09:53:12,$ 3355.78,100
65,09:53:09,$ 3356.24,100
66,09:53:08,$ 3356.24,100
67,09:53:07,$ 3356.19,200
68,09:53:07,$ 3356.00,200
69,09:53:05,$ 3356.8999,100
70,09:52:56,$ 3356.60,100
71,09:52:56,$ 3356.57,100
72,09:52:52,$ 3356.02,100
73,09:52:51,$ 3356.005,100
74,09:52:51,$ 3356.005,100
75,09:52:51,$ 3355.99,100
76,09:52:45,$ 3355.57,100
77,09:52:45,$ 3356.135,100
78,09:52:45,$ 3355.57,100
79,09:52:43,$ 3356.12,100
80,09:52:39,$ 3355.745,100
81,09:52:36,$ 3356.18,100
82,09:52:36,$ 3356.67,100
83,09:52:35,$ 3355.99,100
85,09:52:35,$ 3355.43,115
86,09:52:34,$ 3355.00,128
87,09:52:18,$ 3354.2916,100
88,09:52:16,$ 3353.78,100
89,09:52:15,$ 3353.77,100
90,09:52:15,$ 3353.78,100
91,09:52:13,$ 3353.76,100
92,09:51:53,$ 3352.695,100
93,09:51:53,$ 3351.88,100
94,09:51:45,$ 3352.72,100
95,09:51:45,$ 3352.71,100
96,09:51:45,$ 3352.70,100
97,09:51:45,$ 3352.61,578
98,09:51:45,$ 3352.61,100
99,09:51:45,$ 3352.61,100
100,09:51:45,$ 3352.61,100
101,09:51:45,$ 3352.61,261
102,09:51:43,$ 3352.93,100
103,09:51:41,$ 3352.57,100
104,09:51:39,$ 3352.62,100
106,09:51:39,$ 3352.62,100
107,09:51:39,$ 3352.62,100
108,09:51:39,$ 3352.56,100
109,09:51:34,$ 3353.215,100
110,09:51:31,$ 3353.95,100
111,09:51:28,$ 3352.60,100
112,09:51:22,$ 3353.46,100
113,09:51:22,$ 3353.46,100
114,09:51:22,$ 3353.66,100
115,09:51:22,$ 3353.70,100
116,09:51:22,$ 3353.72,100
117,09:51:22,$ 3353.74,100
118,09:51:22,$ 3353.75,100
119,09:51:15,$ 3353.20,100
120,09:51:13,$ 3353.3975,100
121,09:51:05,$ 3352.45,100
122,09:51:05,$ 3352.45,100
123,09:51:05,$ 3352.45,100
124,09:51:05,$ 3352.45,100
125,09:51:02,$ 3352.46,100
127,09:51:01,$ 3351.35,100
128,09:51:01,$ 3351.935,100
129,09:50:59,$ 3351.51,100
130,09:50:47,$ 3352.69,100
131,09:50:47,$ 3353.30,200
132,09:50:42,$ 3353.3437,100
133,09:50:38,$ 3352.48,100
134,09:50:38,$ 3353.02,100
135,09:50:38,$ 3353.02,100
136,09:50:33,$ 3352.25,100
137,09:50:31,$ 3353.0546,100
138,09:50:27,$ 3353.055,100
139,09:50:27,$ 3353.055,100
140,09:50:27,$ 3353.9599,100
141,09:50:16,$ 3353.00,100
142,09:50:12,$ 3353.49,100
143,09:50:11,$ 3353.00,280
144,09:50:11,$ 3353.02,100
145,09:50:08,$ 3353.44,100
146,09:50:07,$ 3353.00,134
148,09:50:03,$ 3352.64,100
149,09:49:50,$ 3352.80,100
150,09:49:50,$ 3352.96,100
151,09:49:50,$ 3352.96,100
152,09:49:44,$ 3353.395,100
153,09:49:41,$ 3352.30,100
154,09:49:40,$ 3351.87,100
155,09:49:27,$ 3351.41,100
156,09:49:16,$ 3352.58,500
157,09:49:12,$ 3351.74,100
158,09:49:06,$ 3352.52,100
159,09:49:06,$ 3352.98,100
160,09:49:06,$ 3352.52,100
161,09:48:59,$ 3353.79,100
162,09:48:47,$ 3353.33,100
163,09:48:47,$ 3353.76,100
164,09:48:47,$ 3353.88,100
165,09:48:42,$ 3352.62,100
166,09:48:38,$ 3353.62,100
167,09:48:38,$ 3354.46,100
169,09:48:38,$ 3354.07,100
170,09:48:35,$ 3354.945,100
171,09:48:35,$ 3355.6366,100
172,09:48:33,$ 3354.935,100
173,09:48:20,$ 3355.5858,104
174,09:48:13,$ 3354.875,100
175,09:48:02,$ 3354.17,100
176,09:47:59,$ 3353.03,100
177,09:47:52,$ 3352.52,198
178,09:47:51,$ 3353.56,100
179,09:47:49,$ 3354.29,100
180,09:47:45,$ 3354.18,100
181,09:47:45,$ 3353.15,100
182,09:47:45,$ 3353.10,100
183,09:47:45,$ 3354.12,100
184,09:47:45,$ 3354.23,100
185,09:47:39,$ 3354.1301,370
186,09:47:31,$ 3355.00,100
187,09:47:31,$ 3355.00,100
188,09:47:26,$ 3353.70,100
190,09:47:14,$ 3354.19,100
191,09:47:14,$ 3354.14,100
192,09:47:14,$ 3354.14,100
193,09:47:05,$ 3353.6633,100
194,09:46:56,$ 3355.33,100
195,09:46:53,$ 3355.26,100
196,09:46:49,$ 3356.24,100
197,09:46:49,$ 3355.88,100
198,09:46:49,$ 3356.00,188
199,09:46:49,$ 3355.52,100
200,09:46:43,$ 3355.98,100
201,09:46:42,$ 3355.07,100
202,09:46:40,$ 3355.0256,100
203,09:46:39,$ 3355.66,100
204,09:46:39,$ 3355.61,100
205,09:46:39,$ 3355.31,100
206,09:46:39,$ 3355.31,100
207,09:46:39,$ 3355.40,100
208,09:46:39,$ 3355.23,100
209,09:46:39,$ 3354.50,100
211,09:46:39,$ 3354.53,100
212,09:46:39,$ 3354.84,100
213,09:46:39,$ 3354.93,100
214,09:46:39,$ 3354.73,100
215,09:46:36,$ 3355.52,100
216,09:46:35,$ 3355.78,195
217,09:46:35,$ 3355.78,185
218,09:46:35,$ 3355.77,100
219,09:46:35,$ 3355.76,100
220,09:46:35,$ 3355.205,100
221,09:46:35,$ 3355.963,100
222,09:46:35,$ 3355.68,100
223,09:46:35,$ 3355.00,345
224,09:46:13,$ 3352.105,100
225,09:46:08,$ 3351.9016,100
226,09:46:05,$ 3352.38,100
227,09:45:58,$ 3351.98,100
228,09:45:56,$ 3352.11,100
229,09:45:49,$ 3350.3101,100
230,09:45:33,$ 3351.475,100
232,09:45:33,$ 3351.91,100
233,09:45:33,$ 3351.00,200
234,09:45:33,$ 3351.00,115
235,09:45:33,$ 3351.27,100
236,09:45:33,$ 3352.08,100
237,09:45:26,$ 3352.78,100
238,09:45:26,$ 3352.705,100
239,09:45:26,$ 3352.61,100
240,09:45:26,$ 3352.71,100
241,09:45:26,$ 3352.71,100
242,09:45:26,$ 3352.00,100
243,09:45:10,$ 3353.00,600
244,09:45:10,$ 3352.84,100
245,09:45:10,$ 3353.00,100
246,09:45:06,$ 3351.73,100
247,09:45:04,$ 3352.285,100
248,09:45:04,$ 3352.285,100
249,09:45:04,$ 3352.285,100
250,09:45:04,$ 3351.74,100
251,09:45:04,$ 3352.285,100
253,09:45:04,$ 3351.73,100
254,09:45:04,$ 3351.73,100
255,09:45:00,$ 3352.29,100
256,09:44:58,$ 3352.36,100
257,09:44:57,$ 3352.36,100
258,09:44:52,$ 3352.36,100
259,09:44:50,$ 3352.79,100
260,09:44:50,$ 3352.60,100
261,09:44:50,$ 3352.77,100
262,09:44:49,$ 3352.0588,100
263,09:44:48,$ 3352.64,100
264,09:44:37,$ 3352.66,100
265,09:44:34,$ 3351.40,100
266,09:44:34,$ 3351.51,100
267,09:44:34,$ 3351.66,100
268,09:44:34,$ 3351.50,100
269,09:44:34,$ 3351.74,100
270,09:44:23,$ 3351.575,100
271,09:44:23,$ 3351.63,106
272,09:44:05,$ 3349.83,100
274,09:43:59,$ 3349.00,100
275,09:43:59,$ 3349.00,100
276,09:43:40,$ 3350.01,200
277,09:43:33,$ 3351.0691,100
278,09:43:32,$ 3350.735,100
279,09:43:31,$ 3351.2741,100
280,09:43:29,$ 3351.42,100
281,09:43:27,$ 3350.35,100
282,09:43:24,$ 3351.6499,"5,000"
283,09:43:24,$ 3350.00,103
284,09:43:24,$ 3350.00,100
285,09:43:24,$ 3350.29,100
286,09:43:23,$ 3349.27,100
287,09:43:20,$ 3348.86,100
288,09:43:20,$ 3348.80,200
289,09:43:20,$ 3348.67,100
290,09:43:20,$ 3348.67,100
291,09:43:20,$ 3348.67,100
292,09:43:19,$ 3348.811,100
293,09:43:15,$ 3348.24,100
295,09:43:01,$ 3349.30,100
296,09:43:00,$ 3347.95,100
297,09:42:51,$ 3347.34,100
298,09:42:42,$ 3348.47,100
299,09:42:39,$ 3348.80,100
300,09:42:39,$ 3349.00,100
301,09:42:39,$ 3349.00,165
302,09:42:38,$ 3348.71,100
303,09:42:35,$ 3348.09,100
304,09:42:35,$ 3348.07,100
305,09:42:28,$ 3347.72,100
306,09:42:28,$ 3347.76,100
307,09:42:28,$ 3347.1936,100
308,09:42:25,$ 3347.65,100
309,09:42:15,$ 3346.95,100
310,09:42:08,$ 3348.988,116
311,09:41:35,$ 3348.28,100
312,09:41:27,$ 3347.21,100
313,09:41:27,$ 3347.21,100
314,09:41:09,$ 3346.31,300
316,09:41:08,$ 3345.62,100
317,09:41:03,$ 3344.965,100
318,09:41:03,$ 3345.48,100
319,09:41:02,$ 3345.47,100
320,09:41:02,$ 3345.60,100
321,09:41:02,$ 3345.13,100
322,09:41:01,$ 3344.841,250
323,09:40:52,$ 3344.425,100
324,09:40:37,$ 3345.84,100
325,09:40:36,$ 3344.34,100
326,09:40:30,$ 3344.83,100
327,09:40:26,$ 3344.225,100
328,09:40:19,$ 3344.325,100
329,09:40:14,$ 3344.345,100
330,09:40:13,$ 3344.345,100
331,09:40:13,$ 3344.345,200
332,09:40:13,$ 3344.345,100
333,09:40:12,$ 3344.34,100
334,09:39:57,$ 3343.50,116
335,09:39:52,$ 3343.315,100
337,09:39:52,$ 3343.08,100
338,09:39:52,$ 3343.315,100
339,09:39:52,$ 3343.08,100
340,09:39:50,$ 3343.47,100
341,09:39:50,$ 3343.50,100
342,09:39:49,$ 3344.035,100
343,09:39:49,$ 3344.035,100
344,09:39:49,$ 3344.035,100
345,09:39:49,$ 3344.035,100
346,09:39:49,$ 3344.035,100
347,09:39:47,$ 3344.505,100
348,09:39:47,$ 3344.12,100
349,09:39:46,$ 3344.565,100
350,09:39:46,$ 3344.565,100
351,09:39:46,$ 3344.565,100
352,09:39:46,$ 3344.76,100
353,09:39:46,$ 3344.76,100
354,09:39:46,$ 3344.76,100
355,09:39:46,$ 3344.76,100
356,09:39:46,$ 3344.22,100
358,09:39:46,$ 3344.12,100
359,09:39:37,$ 3345.53,100
360,09:39:33,$ 3344.345,100
361,09:39:26,$ 3345.3599,250
362,09:39:04,$ 3344.99,115
363,09:39:03,$ 3345.15,100
364,09:38:52,$ 3346.66,185
365,09:38:52,$ 3346.66,100
366,09:38:52,$ 3346.66,100
367,09:38:52,$ 3346.67,100
368,09:38:45,$ 3345.83,100
369,09:38:40,$ 3344.915,100
370,09:38:40,$ 3344.89,100
371,09:38:40,$ 3345.01,100
372,09:38:40,$ 3345.00,100
373,09:38:36,$ 3345.68,118
374,09:38:35,$ 3346.02,100
375,09:38:31,$ 3345.01,100
376,09:38:20,$ 3344.89,100
377,09:38:11,$ 3346.00,100
379,09:38:11,$ 3346.00,120
380,09:38:11,$ 3346.00,108
381,09:37:59,$ 3345.54,100
382,09:37:50,$ 3346.36,109
383,09:37:50,$ 3347.68,100
384,09:37:48,$ 3347.68,100
385,09:37:40,$ 3346.18,119
386,09:37:35,$ 3345.08,100
387,09:37:35,$ 3345.08,100
388,09:37:34,$ 3344.67,100
389,09:37:24,$ 3344.96,100
390,09:37:17,$ 3344.685,100
391,09:36:57,$ 3343.80,100
392,09:36:42,$ 3343.36,100
393,09:36:41,$ 3343.195,100
394,09:36:39,$ 3343.135,100
395,09:36:39,$ 3342.40,118
396,09:36:36,$ 3344.95,100
397,09:36:36,$ 3344.79,100
398,09:36:36,$ 3344.62,100
400,09:36:36,$ 3344.54,100
401,09:36:25,$ 3344.875,100
402,09:36:24,$ 3345.38,100
403,09:36:13,$ 3346.58,100
404,09:36:02,$ 3347.50,100
405,09:35:58,$ 3345.32,100
406,09:35:57,$ 3345.13,100
407,09:35:57,$ 3345.10,100
408,09:35:43,$ 3345.705,100
409,09:35:40,$ 3345.53,100
410,09:35:40,$ 3345.25,100
411,09:35:36,$ 3343.945,200
412,09:35:36,$ 3343.945,100
413,09:35:36,$ 3343.84,100
414,09:35:36,$ 3343.84,100
415,09:35:36,$ 3343.84,100
416,09:35:36,$ 3343.84,100
417,09:35:36,$ 3343.84,100
418,09:35:36,$ 3343.84,100
419,09:35:36,$ 3343.84,100
421,09:35:35,$ 3342.86,100
422,09:35:31,$ 3342.82,100
423,09:35:31,$ 3342.82,100
424,09:35:31,$ 3342.13,100
425,09:35:25,$ 3344.33,250
426,09:35:21,$ 3342.53,100
427,09:35:16,$ 3343.7963,160
428,09:35:15,$ 3344.10,100
429,09:35:15,$ 3344.86,100
430,09:35:15,$ 3344.525,100
431,09:35:15,$ 3343.86,100
432,09:35:15,$ 3345.13,100
433,09:35:15,$ 3345.13,100
434,09:35:15,$ 3344.15,100
435,09:35:15,$ 3344.985,100
436,09:35:15,$ 3345.12,100
437,09:35:15,$ 3345.13,100
438,09:35:15,$ 3345.13,100
439,09:35:14,$ 3344.655,100
440,09:35:11,$ 3343.2601,100
442,09:35:11,$ 3346.1784,100
443,09:35:10,$ 3345.04,100
444,09:35:10,$ 3345.78,100
445,09:35:08,$ 3345.87,100
446,09:35:00,$ 3348.30,100
447,09:35:00,$ 3346.41,100
448,09:34:59,$ 3343.75,100
449,09:34:35,$ 3342.17,100
450,09:34:33,$ 3342.2099,100
451,09:34:19,$ 3342.16,100
452,09:34:19,$ 3342.21,100
453,09:34:09,$ 3341.26,104
454,09:34:05,$ 3341.80,100
455,09:33:58,$ 3341.56,200
456,09:33:58,$ 3341.80,100
457,09:33:58,$ 3341.29,100
458,09:33:58,$ 3341.66,100
459,09:33:53,$ 3341.51,100
460,09:33:53,$ 3341.24,100
461,09:33:53,$ 3341.23,100
463,09:33:53,$ 3341.26,100
464,09:33:53,$ 3340.75,100
465,09:33:53,$ 3341.21,100
466,09:33:53,$ 3341.32,100
467,09:33:52,$ 3341.31,100
468,09:33:52,$ 3341.31,100
469,09:33:51,$ 3341.80,100
470,09:33:51,$ 3341.80,100
471,09:33:51,$ 3341.33,100
472,09:33:51,$ 3341.80,100
473,09:33:50,$ 3341.80,100
474,09:33:50,$ 3341.80,100
475,09:33:50,$ 3341.80,100
476,09:33:50,$ 3341.80,200
477,09:33:50,$ 3341.11,100
478,09:33:50,$ 3341.12,100
479,09:33:50,$ 3341.80,100
480,09:33:50,$ 3341.80,100
481,09:33:49,$ 3341.68,100
482,09:33:49,$ 3341.765,121
484,09:33:49,$ 3341.765,200
485,09:33:49,$ 3341.44,100
486,09:33:48,$ 3341.80,120
487,09:33:37,$ 3341.47,100
488,09:33:37,$ 3341.47,100
489,09:33:37,$ 3341.80,100
490,09:33:19,$ 3340.90,100
491,09:33:19,$ 3340.86,100
492,09:33:18,$ 3341.61,100
493,09:33:18,$ 3341.61,100
494,09:33:16,$ 3341.80,100
495,09:33:13,$ 3342.00,105
496,09:33:10,$ 3341.80,100
497,09:33:09,$ 3343.23,100
498,09:33:08,$ 3341.93,100
499,09:33:08,$ 3341.98,100
500,09:33:08,$ 3340.495,100
501,09:32:47,$ 3340.9775,100
502,09:32:47,$ 3341.335,200
503,09:32:43,$ 3341.195,150
505,09:32:42,$ 3340.94,100
506,09:32:33,$ 3340.80,100
507,09:32:24,$ 3340.68,100
508,09:32:21,$ 3339.02,100
509,09:32:21,$ 3339.91,100
510,09:32:21,$ 3339.66,100
511,09:32:21,$ 3339.66,100
512,09:32:21,$ 3339.66,100
513,09:32:06,$ 3340.00,100
514,09:32:05,$ 3339.14,100
515,09:32:05,$ 3340.00,100
516,09:32:05,$ 3340.00,100
517,09:32:05,$ 3339.96,100
518,09:32:05,$ 3340.00,123
519,09:32:03,$ 3340.865,100
520,09:32:00,$ 3341.08,100
521,09:32:00,$ 3342.00,100
522,09:32:00,$ 3341.87,100
523,09:31:59,$ 3343.14,100
524,09:31:56,$ 3343.89,100
526,09:31:56,$ 3343.05,115
527,09:31:56,$ 3343.06,100
528,09:31:56,$ 3343.21,100
529,09:31:56,$ 3344.475,100
530,09:31:52,$ 3345.90,100
531,09:31:36,$ 3345.59,100
532,09:31:36,$ 3345.64,100
533,09:31:36,$ 3345.65,100
534,09:31:32,$ 3345.90,100
535,09:31:32,$ 3345.80,100
536,09:31:30,$ 3345.34,100
537,09:31:30,$ 3345.90,100
538,09:31:30,$ 3345.34,100
539,09:31:18,$ 3345.435,150
540,09:31:18,$ 3345.90,100
541,09:31:18,$ 3345.16,100
542,09:31:18,$ 3345.13,100
543,09:31:17,$ 3346.55,100
544,09:31:17,$ 3346.495,100
545,09:31:00,$ 3348.05,100
547,09:31:00,$ 3348.00,135
548,09:31:00,$ 3347.54,100
549,09:31:00,$ 3347.56,100
550,09:30:59,$ 3347.2299,100
551,09:30:59,$ 3347.23,247
552,09:30:53,$ 3346.395,100
553,09:30:51,$ 3347.23,100
554,09:30:44,$ 3345.90,100
555,09:30:44,$ 3345.98,100
556,09:30:40,$ 3344.50,100
557,09:30:26,$ 3343.94,100
558,09:30:26,$ 3343.98,100
559,09:30:26,$ 3343.98,100
560,09:30:26,$ 3343.99,100
561,09:30:26,$ 3344.03,294
562,09:30:26,$ 3344.03,100
563,09:30:24,$ 3343.61,100
564,09:30:24,$ 3343.55,100
565,09:30:23,$ 3343.28,120
566,09:30:22,$ 3343.62,100
568,09:30:21,$ 3343.04,100
569,09:30:21,$ 3343.04,100
570,09:30:21,$ 3343.865,200
571,09:30:21,$ 3343.865,100
572,09:30:21,$ 3343.02,100
573,09:30:21,$ 3344.27,100
574,09:30:21,$ 3343.56,100
575,09:30:21,$ 3343.74,100
576,09:30:20,$ 3344.275,100
577,09:30:20,$ 3344.275,100
578,09:30:20,$ 3343.756,100
579,09:30:20,$ 3343.69,100
580,09:30:19,$ 3344.445,100
581,09:30:19,$ 3344.445,100
582,09:30:19,$ 3344.54,100
583,09:30:19,$ 3343.84,100
584,09:30:19,$ 3344.515,200
585,09:30:19,$ 3343.89,100
586,09:30:19,$ 3344.555,172
587,09:30:19,$ 3343.89,100
589,09:30:19,$ 3344.395,100
590,09:30:19,$ 3344.395,100
591,09:30:13,$ 3344.5525,100
592,09:30:12,$ 3344.5625,100
593,09:30:12,$ 3344.5625,100
594,09:30:12,$ 3344.585,100
595,09:30:12,$ 3344.585,100
596,09:30:10,$ 3344.6125,100
597,09:30:10,$ 3344.455,100
598,09:30:07,$ 3344.47,100
599,09:30:07,$ 3344.70,101
600,09:30:07,$ 3344.90,100
601,09:30:07,$ 3344.90,101
602,09:30:07,$ 3344.90,100
603,09:30:07,$ 3345.475,100
604,09:30:05,$ 3345.25,100
605,09:30:05,$ 3345.04,100
606,09:30:04,$ 3345.00,100
607,09:30:03,$ 3345.64,100
608,09:30:03,$ 3346.38,100
610,09:30:03,$ 3344.91,100
611,09:30:02,$ 3345.01,5
612,09:30:02,$ 3345.01,2
613,09:30:02,$ 3345.01,3
614,09:30:02,$ 3345.01,1
615,09:30:02,$ 3345.01,3
616,09:30:02,$ 3345.01,1
617,09:30:02,$ 3345.01,1
618,09:30:02,$ 3345.01,2
619,09:30:02,$ 3345.01,10
620,09:30:02,$ 3345.01,10
621,09:30:02,$ 3345.01,2
622,09:30:02,$ 3345.01,5
623,09:30:02,$ 3345.01,5
624,09:30:02,$ 3345.01,3
625,09:30:02,$ 3345.01,1
626,09:30:02,$ 3345.01,10
627,09:30:02,$ 3345.01,1
628,09:30:02,$ 3345.01,1
629,09:30:02,$ 3345.01,1
631,09:30:02,$ 3345.01,1
632,09:30:02,$ 3345.01,4
633,09:30:02,$ 3345.01,1
634,09:30:02,$ 3345.01,1
635,09:30:02,$ 3345.01,2
636,09:30:02,$ 3345.01,4
637,09:30:02,$ 3345.01,8
638,09:30:02,$ 3345.01,1
639,09:30:02,$ 3345.01,1
640,09:30:02,$ 3345.01,2
641,09:30:02,$ 3345.01,2
642,09:30:02,$ 3345.01,1
643,09:30:02,$ 3345.01,1
644,09:30:02,$ 3345.01,1
645,09:30:02,$ 3345.01,1
646,09:30:02,$ 3345.01,1
647,09:30:02,$ 3345.01,1
648,09:30:02,$ 3345.01,1
649,09:30:02,$ 3345.01,2
650,09:30:02,$ 3345.01,1
652,09:30:02,$ 3345.01,1
653,09:30:02,$ 3345.01,1
654,09:30:02,$ 3345.01,1
655,09:30:02,$ 3345.01,1
656,09:30:02,$ 3345.01,1
657,09:30:02,$ 3345.01,1
658,09:30:02,$ 3345.01,1
659,09:30:02,$ 3345.01,1
660,09:30:02,$ 3345.01,1
661,09:30:02,$ 3345.01,1
662,09:30:02,$ 3345.01,1
663,09:30:02,$ 3345.01,1
664,09:30:02,$ 3345.01,1
665,09:30:02,$ 3345.01,1
666,09:30:02,$ 3345.01,1
667,09:30:02,$ 3345.01,1
668,09:30:02,$ 3345.01,1
669,09:30:02,$ 3345.01,2
670,09:30:02,$ 3345.01,1
671,09:30:02,$ 3345.01,1
673,09:30:02,$ 3345.01,59
674,09:30:02,$ 3345.01,15
675,09:30:02,$ 3345.01,1
676,09:30:02,$ 3345.01,3
677,09:30:02,$ 3345.01,1
678,09:30:02,$ 3345.01,1
679,09:30:02,$ 3345.01,1
680,09:30:02,$ 3345.01,1
681,09:30:02,$ 3345.01,9
682,09:30:02,$ 3345.01,14
683,09:30:02,$ 3345.01,3
684,09:30:02,$ 3345.01,1
685,09:30:02,$ 3345.01,6
686,09:30:02,$ 3345.01,2
687,09:30:02,$ 3345.01,1
688,09:30:02,$ 3345.01,5
689,09:30:02,$ 3345.01,1
690,09:30:02,$ 3345.01,1
691,09:30:02,$ 3345.01,2
692,09:30:02,$ 3345.01,1
694,09:30:02,$ 3345.01,1
695,09:30:02,$ 3345.01,2
696,09:30:02,$ 3345.01,4
697,09:30:02,$ 3345.01,5
698,09:30:02,$ 3345.01,20
699,09:30:02,$ 3345.01,5
700,09:30:02,$ 3345.01,7
701,09:30:02,$ 3345.01,4
702,09:30:02,$ 3345.01,3
703,09:30:02,$ 3345.01,10
704,09:30:02,$ 3345.01,1
705,09:30:02,$ 3345.01,10
706,09:30:02,$ 3345.01,8
707,09:30:02,$ 3345.01,5
708,09:30:02,$ 3345.01,9
709,09:30:02,$ 3345.01,1
710,09:30:02,$ 3345.01,50
711,09:30:02,$ 3345.01,5
712,09:30:02,$ 3345.01,7
713,09:30:02,$ 3345.01,3
715,09:30:02,$ 3345.01,9
716,09:30:02,$ 3345.01,3
717,09:30:02,$ 3345.01,3
718,09:30:02,$ 3345.01,6
719,09:30:02,$ 3345.01,5
720,09:30:02,$ 3345.01,3
721,09:30:02,$ 3345.01,20
722,09:30:02,$ 3345.01,4
723,09:30:02,$ 3345.01,1
724,09:30:02,$ 3345.01,3
725,09:30:02,$ 3345.01,3
726,09:30:02,$ 3345.01,3
727,09:30:02,$ 3345.01,1
728,09:30:02,$ 3345.01,2
729,09:30:02,$ 3345.01,40
730,09:30:02,$ 3345.01,4
731,09:30:02,$ 3345.01,1
732,09:30:02,$ 3345.01,1
733,09:30:02,$ 3345.01,4
734,09:30:02,$ 3345.01,1
736,09:30:02,$ 3345.01,100
737,09:30:02,$ 3345.01,1
738,09:30:02,$ 3345.01,1
739,09:30:02,$ 3345.01,1
740,09:30:02,$ 3345.01,1
741,09:30:02,$ 3345.01,1
742,09:30:02,$ 3345.01,1
743,09:30:02,$ 3345.01,1
744,09:30:02,$ 3345.01,1
745,09:30:02,$ 3345.01,1
746,09:30:02,$ 3345.01,1
747,09:30:02,$ 3345.01,1
748,09:30:02,$ 3345.01,1
749,09:30:02,$ 3345.01,1
750,09:30:02,$ 3345.01,1
751,09:30:02,$ 3345.01,1
752,09:30:02,$ 3345.01,1
753,09:30:02,$ 3345.01,1
754,09:30:02,$ 3345.01,1
755,09:30:02,$ 3345.01,1
757,09:30:02,$ 3345.01,1
758,09:30:02,$ 3345.01,1
759,09:30:02,$ 3345.01,1
760,09:30:02,$ 3345.01,1
761,09:30:02,$ 3345.01,1
762,09:30:02,$ 3345.01,1
763,09:30:02,$ 3345.01,1
764,09:30:02,$ 3345.01,1
765,09:30:02,$ 3345.01,1
766,09:30:02,$ 3345.01,1
767,09:30:02,$ 3345.01,1
768,09:30:02,$ 3345.01,1
769,09:30:02,$ 3345.01,1
770,09:30:02,$ 3345.01,1
771,09:30:02,$ 3345.01,1
772,09:30:02,$ 3345.01,1
773,09:30:02,$ 3345.01,1
774,09:30:02,$ 3345.01,1
775,09:30:02,$ 3345.01,1
776,09:30:02,$ 3345.01,1
778,09:30:02,$ 3345.01,1
779,09:30:02,$ 3345.01,1
780,09:30:02,$ 3345.01,1
781,09:30:02,$ 3345.01,1
782,09:30:02,$ 3345.01,1
783,09:30:02,$ 3345.01,1
784,09:30:02,$ 3345.01,1
785,09:30:02,$ 3345.01,1
786,09:30:02,$ 3345.01,1
787,09:30:02,$ 3345.01,1
788,09:30:02,$ 3345.01,3
789,09:30:02,$ 3345.01,1
790,09:30:02,$ 3345.01,1
791,09:30:02,$ 3345.01,1
792,09:30:02,$ 3345.01,1
793,09:30:02,$ 3345.01,1
794,09:30:02,$ 3345.01,1
795,09:30:02,$ 3345.01,1
796,09:30:02,$ 3345.01,1
797,09:30:02,$ 3345.01,1
799,09:30:02,$ 3345.01,14
800,09:30:02,$ 3345.01,10
801,09:30:02,$ 3345.01,20
802,09:30:02,$ 3345.01,25
803,09:30:02,$ 3345.01,1
804,09:30:02,$ 3345.01,1
805,09:30:02,$ 3345.01,1
806,09:30:02,$ 3345.01,1
807,09:30:02,$ 3345.01,5
808,09:30:02,$ 3345.01,1
809,09:30:02,$ 3345.01,1
810,09:30:02,$ 3345.01,4
811,09:30:02,$ 3345.01,1
812,09:30:02,$ 3345.01,1
813,09:30:02,$ 3345.01,2
814,09:30:02,$ 3345.01,2
815,09:30:02,$ 3345.01,1
816,09:30:02,$ 3345.01,10
817,09:30:02,$ 3345.01,1
818,09:30:02,$ 3345.01,2
820,09:30:02,$ 3345.01,3
821,09:30:02,$ 3345.01,161
822,09:30:02,$ 3345.01,4
823,09:30:02,$ 3345.01,4
824,09:30:02,$ 3345.01,35
825,09:30:02,$ 3345.01,25
826,09:30:02,$ 3345.01,7
827,09:30:02,$ 3345.01,4
828,09:30:02,$ 3345.01,3
829,09:30:02,$ 3345.01,14
830,09:30:02,$ 3345.01,56
831,09:30:02,$ 3345.01,1
832,09:30:02,$ 3345.01,1
833,09:30:02,$ 3345.01,1
834,09:30:02,$ 3345.01,1
835,09:30:02,$ 3345.01,40
836,09:30:02,$ 3345.01,5
837,09:30:02,$ 3345.01,4
838,09:30:02,$ 3345.01,10
839,09:30:02,$ 3345.01,1
841,09:30:02,$ 3345.01,1
842,09:30:02,$ 3345.01,1
843,09:30:02,$ 3345.01,3
844,09:30:02,$ 3345.01,1
845,09:30:02,$ 3345.01,3
846,09:30:02,$ 3345.01,1
847,09:30:02,$ 3345.01,2
848,09:30:02,$ 3345.01,5
849,09:30:02,$ 3345.01,1
850,09:30:02,$ 3345.01,1
851,09:30:02,$ 3345.01,1
852,09:30:02,$ 3345.01,10
853,09:30:02,$ 3345.01,1
854,09:30:02,$ 3345.01,1
855,09:30:02,$ 3345.01,1
856,09:30:02,$ 3345.01,1
857,09:30:02,$ 3345.01,3
858,09:30:02,$ 3345.01,1
859,09:30:02,$ 3345.01,5
860,09:30:02,$ 3345.01,1
862,09:30:02,$ 3345.01,1
863,09:30:02,$ 3345.01,1
864,09:30:02,$ 3345.01,1
865,09:30:02,$ 3345.01,1
866,09:30:02,$ 3345.01,1
867,09:30:02,$ 3345.01,1
868,09:30:02,$ 3345.01,1
869,09:30:02,$ 3345.01,5
870,09:30:02,$ 3345.01,2
871,09:30:02,$ 3345.01,17
872,09:30:02,$ 3345.01,1
873,09:30:02,$ 3345.01,1
874,09:30:02,$ 3345.01,4
875,09:30:02,$ 3345.01,1
876,09:30:02,$ 3345.01,1
877,09:30:02,$ 3345.01,1
878,09:30:02,$ 3345.01,1
879,09:30:02,$ 3345.01,40
880,09:30:02,$ 3345.01,1
881,09:30:02,$ 3345.01,1
883,09:30:02,$ 3345.01,7
884,09:30:02,$ 3345.01,1
885,09:30:02,$ 3345.01,20
886,09:30:02,$ 3345.01,6
887,09:30:02,$ 3345.01,2
888,09:30:02,$ 3345.01,1
889,09:30:02,$ 3345.01,1
890,09:30:02,$ 3345.01,1
891,09:30:02,$ 3345.01,1
892,09:30:02,$ 3345.01,71
893,09:30:02,$ 3345.01,5
894,09:30:02,$ 3345.01,2
895,09:30:02,$ 3345.01,3
896,09:30:02,$ 3345.01,6
897,09:30:02,$ 3345.01,1
898,09:30:02,$ 3345.01,3
899,09:30:02,$ 3345.01,2
900,09:30:02,$ 3345.01,1
901,09:30:02,$ 3345.01,1
902,09:30:02,$ 3345.01,5
904,09:30:02,$ 3345.01,30
905,09:30:02,$ 3345.01,4
906,09:30:02,$ 3345.01,2
907,09:30:02,$ 3345.01,35
908,09:30:02,$ 3345.01,2
909,09:30:02,$ 3345.01,1
910,09:30:02,$ 3345.01,1
911,09:30:02,$ 3345.01,30
912,09:30:02,$ 3345.01,3
913,09:30:02,$ 3345.01,1
914,09:30:02,$ 3345.01,3
915,09:30:02,$ 3345.01,7
916,09:30:02,$ 3345.01,3
917,09:30:02,$ 3345.01,10
918,09:30:02,$ 3345.01,20
919,09:30:02,$ 3345.01,1
920,09:30:02,$ 3345.01,1
921,09:30:02,$ 3345.01,2
922,09:30:02,$ 3345.01,5
923,09:30:02,$ 3345.01,6
925,09:30:02,$ 3345.01,44
926,09:30:02,$ 3345.01,2
927,09:30:02,$ 3345.01,3
928,09:30:02,$ 3345.01,1
929,09:30:02,$ 3345.01,5
930,09:30:02,$ 3345.01,2
931,09:30:02,$ 3345.01,88
932,09:30:02,$ 3345.01,7
933,09:30:02,$ 3345.01,15
934,09:30:02,$ 3345.01,3
935,09:30:02,$ 3345.01,3
936,09:30:02,$ 3345.01,2
937,09:30:02,$ 3345.01,4
938,09:30:02,$ 3345.01,2
939,09:30:02,$ 3345.01,3
940,09:30:02,$ 3345.01,3
941,09:30:02,$ 3345.01,1
942,09:30:02,$ 3345.01,4
943,09:30:02,$ 3345.01,3
944,09:30:02,$ 3345.01,3
946,09:30:02,$ 3345.01,2
947,09:30:02,$ 3345.01,5
948,09:30:02,$ 3345.01,10
949,09:30:02,$ 3345.01,2
950,09:30:02,$ 3345.01,3
951,09:30:02,$ 3345.01,5
952,09:30:02,$ 3345.01,2
953,09:30:02,$ 3345.01,50
954,09:30:02,$ 3345.01,2
955,09:30:02,$ 3345.01,2
956,09:30:02,$ 3345.01,3
957,09:30:02,$ 3345.01,2
958,09:30:02,$ 3345.01,5
959,09:30:02,$ 3345.01,2
960,09:30:02,$ 3345.01,1
961,09:30:02,$ 3345.01,3
962,09:30:02,$ 3345.01,3
963,09:30:02,$ 3345.01,3
964,09:30:02,$ 3345.01,2
965,09:30:02,$ 3345.01,2
967,09:30:02,$ 3345.01,5
968,09:30:02,$ 3345.01,2
969,09:30:02,$ 3345.01,2
970,09:30:02,$ 3345.01,2
971,09:30:02,$ 3345.01,10
972,09:30:02,$ 3345.01,1
973,09:30:02,$ 3345.01,2
974,09:30:02,$ 3345.01,1
975,09:30:02,$ 3345.01,15
976,09:30:02,$ 3345.01,1
977,09:30:02,$ 3345.01,1
978,09:30:02,$ 3345.01,4
979,09:30:02,$ 3345.01,15
980,09:30:02,$ 3345.01,8
981,09:30:02,$ 3345.01,1
982,09:30:02,$ 3345.01,1
983,09:30:02,$ 3345.01,3
984,09:30:02,$ 3345.01,13
985,09:30:02,$ 3345.01,4
986,09:30:02,$ 3345.01,4
988,09:30:02,$ 3345.01,1
989,09:30:02,$ 3345.01,2
990,09:30:02,$ 3345.01,75
991,09:30:02,$ 3345.01,15
992,09:30:02,$ 3345.01,25
993,09:30:02,$ 3345.01,2
994,09:30:02,$ 3345.01,1
995,09:30:02,$ 3345.01,2
996,09:30:02,$ 3345.01,25
997,09:30:02,$ 3345.01,30
998,09:30:02,$ 3345.01,25
999,09:30:02,$ 3345.01,15
1000,09:30:02,$ 3345.01,30
1001,09:30:02,$ 3345.01,1
1002,09:30:02,$ 3345.01,2
1003,09:30:02,$ 3345.01,30
1004,09:30:02,$ 3345.01,1
1005,09:30:02,$ 3345.01,2
1006,09:30:02,$ 3345.01,3
1007,09:30:02,$ 3345.01,15
1009,09:30:02,$ 3345.01,1
1010,09:30:02,$ 3345.01,3
1011,09:30:02,$ 3345.01,7
1012,09:30:02,$ 3345.01,30
1013,09:30:02,$ 3345.01,5
1014,09:30:02,$ 3345.01,10
1015,09:30:02,$ 3345.01,60
1016,09:30:02,$ 3345.01,60
1017,09:30:02,$ 3345.01,30
1018,09:30:02,$ 3345.01,3
1019,09:30:02,$ 3345.01,10
1020,09:30:02,$ 3345.01,10
1021,09:30:02,$ 3345.01,50
1022,09:30:02,$ 3345.01,2
1023,09:30:02,$ 3345.01,10
1024,09:30:02,$ 3345.01,9
1025,09:30:02,$ 3345.01,60
1026,09:30:02,$ 3345.01,7
1027,09:30:02,$ 3345.01,40
1028,09:30:02,$ 3345.01,79
1030,09:30:02,$ 3345.01,2
1031,09:30:02,$ 3345.01,2
1032,09:30:02,$ 3345.01,4
1033,09:30:02,$ 3345.01,5
1034,09:30:02,$ 3345.01,4
1035,09:30:02,$ 3345.01,2
1036,09:30:02,$ 3345.01,2
1037,09:30:02,$ 3345.01,10
1038,09:30:02,$ 3345.01,2
1039,09:30:02,$ 3345.01,1
1040,09:30:02,$ 3345.01,4
1041,09:30:02,$ 3345.01,4
1042,09:30:02,$ 3345.01,2
1043,09:30:02,$ 3345.01,7
1044,09:30:02,$ 3345.01,1
1045,09:30:02,$ 3345.01,1
1046,09:30:02,$ 3345.01,2
1047,09:30:02,$ 3345.01,45
1048,09:30:02,$ 3345.01,15
1049,09:30:02,$ 3345.01,20
1051,09:30:02,$ 3345.01,5
1052,09:30:02,$ 3345.01,75
1053,09:30:02,$ 3345.01,5
1054,09:30:02,$ 3345.01,4
1055,09:30:02,$ 3345.01,3
1056,09:30:02,$ 3345.01,3
1057,09:30:02,$ 3345.01,4
1058,09:30:02,$ 3345.01,10
1059,09:30:02,$ 3345.01,26
1060,09:30:02,$ 3345.01,4
1061,09:30:02,$ 3345.01,5
1062,09:30:02,$ 3345.01,9
1063,09:30:02,$ 3345.01,1
1064,09:30:02,$ 3345.01,30
1065,09:30:02,$ 3345.01,4
1066,09:30:02,$ 3345.01,1
1067,09:30:02,$ 3345.01,10
1068,09:30:02,$ 3345.01,1
1069,09:30:02,$ 3345.01,8
1070,09:30:02,$ 3345.01,5
1072,09:30:02,$ 3345.01,1
1073,09:30:02,$ 3345.01,2
1074,09:30:02,$ 3345.01,1
1075,09:30:02,$ 3345.01,9
1076,09:30:02,$ 3345.01,1
1077,09:30:02,$ 3345.01,1
1078,09:30:02,$ 3345.01,3
1079,09:30:02,$ 3345.01,1
1080,09:30:02,$ 3345.01,1
1081,09:30:02,$ 3345.01,1
1082,09:30:02,$ 3345.01,1
1083,09:30:02,$ 3345.01,1
1084,09:30:02,$ 3345.01,2
1085,09:30:02,$ 3345.01,2
1086,09:30:02,$ 3345.01,4
1087,09:30:02,$ 3345.01,1
1088,09:30:02,$ 3345.01,1
1089,09:30:02,$ 3345.01,1
1090,09:30:02,$ 3345.01,2
1091,09:30:02,$ 3345.01,1
1093,09:30:02,$ 3345.01,1
1094,09:30:02,$ 3345.01,1
1095,09:30:02,$ 3345.01,2
1096,09:30:02,$ 3345.01,8
1097,09:30:02,$ 3345.01,1
1098,09:30:02,$ 3345.01,1
1099,09:30:02,$ 3345.01,1
1100,09:30:02,$ 3345.01,1
1101,09:30:02,$ 3345.01,2
1102,09:30:02,$ 3345.01,1
1103,09:30:02,$ 3345.01,1
1104,09:30:02,$ 3345.01,3
1105,09:30:02,$ 3345.01,3
1106,09:30:02,$ 3345.01,6
1107,09:30:02,$ 3345.01,2
1108,09:30:02,$ 3345.01,1
1109,09:30:02,$ 3345.01,1
1110,09:30:02,$ 3345.01,3
1111,09:30:02,$ 3345.01,1
1112,09:30:02,$ 3345.01,1
1114,09:30:02,$ 3345.01,10
1115,09:30:02,$ 3345.01,1
1116,09:30:02,$ 3345.01,30
1117,09:30:02,$ 3345.01,4
1118,09:30:02,$ 3345.01,9
1119,09:30:02,$ 3345.01,30
1120,09:30:02,$ 3345.01,7
1121,09:30:02,$ 3345.01,6
1122,09:30:02,$ 3345.01,1
1123,09:30:02,$ 3345.01,8
1124,09:30:02,$ 3345.01,4
1125,09:30:02,$ 3345.01,2
1126,09:30:02,$ 3345.01,15
1127,09:30:02,$ 3345.01,10
1128,09:30:02,$ 3345.01,4
1129,09:30:02,$ 3345.01,10
1130,09:30:02,$ 3345.01,2
1131,09:30:02,$ 3345.01,1
1132,09:30:02,$ 3345.01,1
1133,09:30:02,$ 3345.01,135
1135,09:30:02,$ 3345.01,246
1136,09:30:02,$ 3345.01,6
1137,09:30:02,$ 3345.01,10
1138,09:30:02,$ 3345.01,350
1139,09:30:02,$ 3345.01,89
1140,09:30:02,$ 3345.01,3
1141,09:30:02,$ 3345.01,48
1142,09:30:02,$ 3345.01,100
1143,09:30:02,$ 3345.01,4
1144,09:30:02,$ 3345.01,4
1145,09:30:02,$ 3345.01,2
1146,09:30:02,$ 3345.01,4
1147,09:30:02,$ 3345.01,1
1148,09:30:02,$ 3345.01,1
1149,09:30:02,$ 3345.01,1
1150,09:30:02,$ 3345.01,1
1151,09:30:02,$ 3345.01,3
1152,09:30:02,$ 3345.01,1
1153,09:30:02,$ 3345.01,1
1154,09:30:02,$ 3345.01,137
1156,09:30:02,$ 3345.01,14
1157,09:30:02,$ 3345.01,4
1158,09:30:02,$ 3345.01,4
1159,09:30:02,$ 3345.01,3
1160,09:30:02,$ 3345.01,19
1161,09:30:02,$ 3345.01,3
1162,09:30:02,$ 3345.01,2
1163,09:30:02,$ 3345.01,17
1164,09:30:02,$ 3345.01,3
1165,09:30:02,$ 3345.01,2
1166,09:30:02,$ 3345.01,5
1167,09:30:02,$ 3345.01,2
1168,09:30:02,$ 3345.01,1
1169,09:30:02,$ 3345.01,1
1170,09:30:02,$ 3345.01,65
1171,09:30:02,$ 3345.01,36
1172,09:30:02,$ 3345.01,1
1173,09:30:02,$ 3345.01,45
1174,09:30:02,$ 3345.01,9
1175,09:30:02,$ 3345.01,1
1177,09:30:02,$ 3345.01,4
1178,09:30:02,$ 3345.01,1
1179,09:30:02,$ 3345.01,8
1180,09:30:02,$ 3345.01,2
1181,09:30:02,$ 3345.01,2
1182,09:30:02,$ 3345.01,6
1183,09:30:02,$ 3345.01,3
1184,09:30:02,$ 3345.01,10
1185,09:30:02,$ 3345.01,1
1186,09:30:02,$ 3345.01,4
1187,09:30:02,$ 3345.01,25
1188,09:30:02,$ 3345.01,15
1189,09:30:02,$ 3345.01,300
1190,09:30:02,$ 3345.01,7
1191,09:30:02,$ 3345.01,10
1192,09:30:02,$ 3345.01,75
1193,09:30:02,$ 3345.01,9
1194,09:30:02,$ 3345.01,7
1195,09:30:02,$ 3345.01,15
1196,09:30:02,$ 3345.01,82
1198,09:30:02,$ 3345.01,41
1199,09:30:02,$ 3345.01,18
1200,09:30:02,$ 3345.01,17
1201,09:30:02,$ 3345.01,22
1202,09:30:02,$ 3345.01,19
1203,09:30:02,$ 3345.01,7
1204,09:30:02,$ 3345.01,18
1205,09:30:02,$ 3345.01,9
1206,09:30:02,$ 3345.01,45
1207,09:30:02,$ 3345.01,45
1208,09:30:02,$ 3345.01,509
1209,09:30:02,$ 3345.01,11
1210,09:30:02,$ 3345.01,5
1211,09:30:02,$ 3345.01,1
1212,09:30:02,$ 3345.01,30
1213,09:30:02,$ 3345.01,7
1214,09:30:02,$ 3345.01,9
1215,09:30:02,$ 3345.01,1
1216,09:30:02,$ 3345.01,1
1217,09:30:02,$ 3345.01,403
1219,09:30:02,$ 3345.01,13
1220,09:30:02,$ 3345.01,1
1221,09:30:02,$ 3345.01,5
1222,09:30:02,$ 3345.01,124
1223,09:30:02,$ 3345.01,1
1224,09:30:02,$ 3345.01,1
1225,09:30:02,$ 3345.01,1
1226,09:30:02,$ 3345.01,15
1227,09:30:02,$ 3345.01,1
1228,09:30:02,$ 3345.01,5
1229,09:30:02,$ 3345.01,1
1230,09:30:02,$ 3345.01,138
1231,09:30:02,$ 3345.01,125
1232,09:30:02,$ 3345.01,29
1233,09:30:02,$ 3345.01,5
1234,09:30:02,$ 3345.01,1
1235,09:30:02,$ 3345.01,1
1236,09:30:02,$ 3345.01,3
1237,09:30:02,$ 3345.01,2
1238,09:30:02,$ 3345.01,5
1240,09:30:02,$ 3345.01,24
1241,09:30:02,$ 3345.01,1
1242,09:30:02,$ 3345.01,1
1243,09:30:02,$ 3345.01,6
1244,09:30:02,$ 3345.01,10
1245,09:30:02,$ 3345.01,3
1246,09:30:02,$ 3345.01,1
1247,09:30:02,$ 3345.01,160
1248,09:30:02,$ 3345.01,30
1249,09:30:02,$ 3345.01,3
1250,09:30:02,$ 3345.01,60
1251,09:30:02,$ 3345.01,13
1252,09:30:02,$ 3345.01,2
1253,09:30:02,$ 3345.01,3
1254,09:30:02,$ 3345.01,10
1255,09:30:02,$ 3345.01,10
1256,09:30:02,$ 3345.01,4
1257,09:30:02,$ 3345.01,13
1258,09:30:02,$ 3345.01,1
1259,09:30:02,$ 3345.01,27
1261,09:30:02,$ 3345.01,19
1262,09:30:02,$ 3345.01,3
1263,09:30:02,$ 3345.01,2
1264,09:30:02,$ 3345.01,1
1265,09:30:02,$ 3345.01,2
1266,09:30:02,$ 3345.01,30
1267,09:30:02,$ 3345.01,4
1268,09:30:02,$ 3345.01,3
1269,09:30:02,$ 3345.01,3
1270,09:30:02,$ 3345.01,7
1271,09:30:02,$ 3345.01,20
1272,09:30:02,$ 3345.01,40
1273,09:30:02,$ 3345.01,67
1274,09:30:02,$ 3345.01,1
1275,09:30:02,$ 3345.01,2
1276,09:30:02,$ 3345.01,18
1277,09:30:02,$ 3345.01,1
1278,09:30:02,$ 3345.01,44
1279,09:30:02,$ 3345.01,3
1280,09:30:02,$ 3345.01,3
1282,09:30:02,$ 3345.01,7
1283,09:30:02,$ 3345.01,1
1284,09:30:02,$ 3345.01,1
1285,09:30:02,$ 3345.01,1
1286,09:30:02,$ 3345.01,2
1287,09:30:02,$ 3345.01,8
1288,09:30:02,$ 3345.01,10
1289,09:30:02,$ 3345.01,1
1290,09:30:02,$ 3345.01,1
1291,09:30:02,$ 3345.01,1
1292,09:30:02,$ 3345.01,1
1293,09:30:02,$ 3345.01,30
1294,09:30:02,$ 3345.01,178
1295,09:30:02,$ 3345.01,2
1296,09:30:02,$ 3345.01,85
1297,09:30:02,$ 3345.01,20
1298,09:30:02,$ 3345.01,1
1299,09:30:02,$ 3345.01,1
1300,09:30:02,$ 3345.01,637
1301,09:30:02,$ 3345.01,27
1303,09:30:02,$ 3345.01,1
1304,09:30:02,$ 3345.01,5
1305,09:30:02,$ 3345.01,1
1306,09:30:02,$ 3345.01,2
1307,09:30:02,$ 3345.01,3
1308,09:30:02,$ 3345.01,11
1309,09:30:02,$ 3345.01,1
1310,09:30:02,$ 3345.01,5
1311,09:30:02,$ 3345.01,10
1312,09:30:02,$ 3345.01,2
1313,09:30:02,$ 3345.01,10
1314,09:30:02,$ 3345.01,10
1315,09:30:02,$ 3345.01,1
1316,09:30:02,$ 3345.01,2
1317,09:30:02,$ 3345.01,5
1318,09:30:02,$ 3345.01,10
1319,09:30:02,$ 3345.01,1
1320,09:30:02,$ 3345.01,46
1321,09:30:02,$ 3345.01,10
1322,09:30:02,$ 3345.01,11
1324,09:30:02,$ 3345.01,1
1325,09:30:02,$ 3345.01,1
1326,09:30:02,$ 3345.01,40
1327,09:30:02,$ 3345.01,2
1328,09:30:02,$ 3345.01,47
1329,09:30:02,$ 3345.01,15
1330,09:30:02,$ 3345.01,1
1331,09:30:02,$ 3345.01,"2,000"
1332,09:30:02,$ 3345.01,1
1333,09:30:02,$ 3345.01,4
1334,09:30:02,$ 3345.01,1
1335,09:30:02,$ 3345.01,5
1336,09:30:02,$ 3345.01,118
1337,09:30:02,$ 3345.01,10
1338,09:30:02,$ 3345.01,59
1339,09:30:02,$ 3345.01,1
1340,09:30:02,$ 3345.01,3
1341,09:30:02,$ 3345.01,3
1342,09:30:02,$ 3345.01,1
1343,09:30:02,$ 3345.01,11
1345,09:30:02,$ 3345.01,1
1346,09:30:02,$ 3345.01,4
1347,09:30:02,$ 3345.01,1
1348,09:30:02,$ 3345.01,2
1349,09:30:02,$ 3345.01,10
1350,09:30:02,$ 3345.01,3
1351,09:30:02,$ 3345.01,1
1352,09:30:02,$ 3345.01,28
1353,09:30:02,$ 3345.01,3
1354,09:30:02,$ 3345.01,5
1355,09:30:02,$ 3345.01,3
1356,09:30:02,$ 3345.01,155
1357,09:30:02,$ 3345.01,10
1358,09:30:02,$ 3345.01,1
1359,09:30:02,$ 3345.01,1
1360,09:30:02,$ 3345.01,1
1361,09:30:02,$ 3345.01,1
1362,09:30:02,$ 3345.01,5
1363,09:30:02,$ 3345.01,26
1364,09:30:02,$ 3345.01,4
1366,09:30:02,$ 3345.01,1
1367,09:30:02,$ 3345.01,3
1368,09:30:02,$ 3345.01,4
1369,09:30:02,$ 3345.01,1
1370,09:30:02,$ 3345.01,5
1371,09:30:02,$ 3345.01,2
1372,09:30:02,$ 3345.01,2
1373,09:30:02,$ 3345.01,1
1374,09:30:02,$ 3345.01,1
1375,09:30:02,$ 3345.01,7
1376,09:30:02,$ 3345.01,1
1377,09:30:02,$ 3345.01,110
1378,09:30:02,$ 3345.01,13
1379,09:30:02,$ 3345.01,1
1380,09:30:02,$ 3345.01,1
1381,09:30:02,$ 3345.01,6
1382,09:30:02,$ 3345.01,1
1383,09:30:02,$ 3345.01,17
1384,09:30:02,$ 3345.01,122
1385,09:30:02,$ 3345.01,3
1387,09:30:02,$ 3345.01,15
1388,09:30:02,$ 3345.01,1
1389,09:30:02,$ 3345.01,6
1390,09:30:02,$ 3345.01,3
1391,09:30:02,$ 3345.01,5
1392,09:30:02,$ 3345.01,11
1393,09:30:02,$ 3345.01,2
1394,09:30:02,$ 3345.01,2
1395,09:30:02,$ 3345.01,12
1396,09:30:02,$ 3345.01,1
1397,09:30:02,$ 3345.01,64
1398,09:30:02,$ 3345.01,18
1399,09:30:02,$ 3345.01,8
1400,09:30:02,$ 3345.01,1
1401,09:30:02,$ 3345.01,1
1402,09:30:02,$ 3345.01,10
1403,09:30:02,$ 3345.01,2
1404,09:30:02,$ 3345.01,1
1405,09:30:02,$ 3345.01,15
1406,09:30:02,$ 3345.01,2
1408,09:30:02,$ 3345.01,6
1409,09:30:02,$ 3345.01,1
1410,09:30:02,$ 3345.01,1
1411,09:30:02,$ 3345.01,1
1412,09:30:02,$ 3345.01,2
1413,09:30:02,$ 3345.01,5
1414,09:30:02,$ 3345.01,5
1415,09:30:02,$ 3345.01,100
1416,09:30:02,$ 3345.01,5
1417,09:30:02,$ 3345.01,10
1418,09:30:02,$ 3345.01,4
1419,09:30:02,$ 3345.01,8
1420,09:30:02,$ 3345.01,2
1421,09:30:02,$ 3345.01,1
1422,09:30:02,$ 3345.01,1
1423,09:30:02,$ 3345.01,1
1424,09:30:02,$ 3345.01,1
1425,09:30:02,$ 3345.01,1
1426,09:30:02,$ 3345.01,3
1427,09:30:02,$ 3345.01,11
1429,09:30:02,$ 3345.01,1
1430,09:30:02,$ 3345.01,2
1431,09:30:02,$ 3345.01,8
1432,09:30:02,$ 3345.01,15
1433,09:30:02,$ 3345.01,14
1434,09:30:02,$ 3345.01,10
1435,09:30:02,$ 3345.01,2
1436,09:30:02,$ 3345.01,20
1437,09:30:02,$ 3345.01,10
1438,09:30:02,$ 3345.01,2
1439,09:30:02,$ 3345.01,3
1440,09:30:02,$ 3345.01,1
1441,09:30:02,$ 3345.01,3
1442,09:30:02,$ 3345.01,1
1443,09:30:02,$ 3345.01,44
1444,09:30:02,$ 3345.01,1
1445,09:30:02,$ 3345.01,5
1446,09:30:02,$ 3345.01,2
1447,09:30:02,$ 3345.01,1
1448,09:30:02,$ 3345.01,2
1450,09:30:02,$ 3345.01,1
1451,09:30:02,$ 3345.01,9
1452,09:30:02,$ 3345.01,10
1453,09:30:02,$ 3345.01,1
1454,09:30:02,$ 3345.01,7
1455,09:30:02,$ 3345.01,1
1456,09:30:02,$ 3345.01,120
1457,09:30:02,$ 3345.01,20
1458,09:30:02,$ 3345.01,1
1459,09:30:02,$ 3345.01,4
1460,09:30:02,$ 3345.01,1
1461,09:30:02,$ 3345.01,1
1462,09:30:02,$ 3345.01,1
1463,09:30:02,$ 3345.01,2
1464,09:30:02,$ 3345.01,1
1465,09:30:02,$ 3345.01,1
1466,09:30:02,$ 3345.01,3
1467,09:30:02,$ 3345.01,3
1468,09:30:02,$ 3345.01,1
1469,09:30:02,$ 3345.01,15
1471,09:30:02,$ 3345.01,1
1472,09:30:02,$ 3345.01,1
1473,09:30:02,$ 3345.01,1
1474,09:30:02,$ 3345.01,3
1475,09:30:02,$ 3345.01,2
1476,09:30:02,$ 3345.01,1
1477,09:30:02,$ 3345.01,1
1478,09:30:02,$ 3345.01,1
1479,09:30:02,$ 3345.01,1
1480,09:30:02,$ 3345.01,12
1481,09:30:02,$ 3345.01,1
1482,09:30:02,$ 3345.01,3
1483,09:30:02,$ 3345.01,1
1484,09:30:02,$ 3345.01,10
1485,09:30:02,$ 3345.01,142
1486,09:30:02,$ 3345.01,4
1487,09:30:02,$ 3345.01,10
1488,09:30:02,$ 3345.01,2
1489,09:30:02,$ 3345.01,2
1490,09:30:02,$ 3345.01,3
1492,09:30:02,$ 3345.01,30
1493,09:30:02,$ 3345.01,2
1494,09:30:02,$ 3345.01,1
1495,09:30:02,$ 3345.01,40
1496,09:30:02,$ 3345.01,75
1497,09:30:02,$ 3345.01,1
1498,09:30:02,$ 3345.01,1
1499,09:30:02,$ 3345.01,1
1500,09:30:02,$ 3345.01,1
1501,09:30:02,$ 3345.01,9
1502,09:30:02,$ 3345.01,3
1503,09:30:02,$ 3345.01,89
1504,09:30:02,$ 3345.01,1
1505,09:30:02,$ 3345.01,1
1506,09:30:02,$ 3345.01,3
1507,09:30:02,$ 3345.01,1
1508,09:30:02,$ 3345.01,1
1509,09:30:02,$ 3345.01,2
1510,09:30:02,$ 3345.01,2
1511,09:30:02,$ 3345.01,5
1513,09:30:02,$ 3345.01,1
1514,09:30:02,$ 3345.01,1
1515,09:30:02,$ 3345.01,6
1516,09:30:02,$ 3345.01,150
1517,09:30:02,$ 3345.01,21
1518,09:30:02,$ 3345.01,45
1519,09:30:02,$ 3345.01,1
1520,09:30:02,$ 3345.01,10
1521,09:30:02,$ 3345.01,10
1522,09:30:02,$ 3345.01,3
1523,09:30:02,$ 3345.01,10
1524,09:30:02,$ 3345.01,10
1525,09:30:02,$ 3345.01,10
1526,09:30:02,$ 3345.01,25
1527,09:30:02,$ 3345.01,3
1528,09:30:02,$ 3345.01,88
1529,09:30:02,$ 3345.01,60
1530,09:30:02,$ 3345.01,1
1531,09:30:02,$ 3345.01,1
1532,09:30:02,$ 3345.01,25
1534,09:30:02,$ 3345.01,13
1535,09:30:02,$ 3345.01,5
1536,09:30:02,$ 3345.01,10
1537,09:30:02,$ 3345.01,1
1538,09:30:02,$ 3345.01,20
1539,09:30:02,$ 3345.01,2
1540,09:30:02,$ 3345.01,16
1541,09:30:02,$ 3345.01,12
1542,09:30:02,$ 3345.01,22
1543,09:30:02,$ 3345.01,4
1544,09:30:02,$ 3345.01,10
1545,09:30:02,$ 3345.01,5
1546,09:30:02,$ 3345.01,5
1547,09:30:02,$ 3345.01,1
1548,09:30:02,$ 3345.01,2
1549,09:30:02,$ 3345.01,7
1550,09:30:02,$ 3345.01,9
1551,09:30:02,$ 3345.01,10
1552,09:30:02,$ 3345.01,15
1553,09:30:02,$ 3345.01,1
1555,09:30:02,$ 3345.01,1
1556,09:30:02,$ 3345.01,1
1557,09:30:02,$ 3345.01,1
1558,09:30:02,$ 3345.01,3
1559,09:30:02,$ 3345.01,7
1560,09:30:02,$ 3345.01,1
1561,09:30:02,$ 3345.01,2
1562,09:30:02,$ 3345.01,2
1563,09:30:02,$ 3345.01,1
1564,09:30:02,$ 3345.01,9
1565,09:30:02,$ 3345.01,2
1566,09:30:02,$ 3345.01,5
1567,09:30:02,$ 3345.01,1
1568,09:30:02,$ 3345.01,2
1569,09:30:02,$ 3345.01,3
1570,09:30:02,$ 3345.01,1
1571,09:30:02,$ 3345.01,85
1572,09:30:02,$ 3345.01,1
1573,09:30:02,$ 3345.01,1
1574,09:30:02,$ 3345.01,2
1576,09:30:02,$ 3345.01,1
1577,09:30:02,$ 3345.01,1
1578,09:30:02,$ 3345.01,1
1579,09:30:02,$ 3345.01,1
1580,09:30:02,$ 3345.01,1
1581,09:30:02,$ 3345.01,1
1582,09:30:02,$ 3345.01,1
1583,09:30:02,$ 3345.01,1
1584,09:30:02,$ 3345.01,1
1585,09:30:02,$ 3345.01,1
1586,09:30:02,$ 3345.01,1
1587,09:30:02,$ 3345.01,1
1588,09:30:02,$ 3345.01,1
1589,09:30:02,$ 3345.01,1
1590,09:30:02,$ 3345.01,4
1591,09:30:02,$ 3345.01,2
1592,09:30:02,$ 3345.01,1
1593,09:30:02,$ 3345.01,2
1594,09:30:02,$ 3345.01,8
1595,09:30:02,$ 3345.01,1
1597,09:30:02,$ 3345.01,5
1598,09:30:02,$ 3345.01,15
1599,09:30:02,$ 3345.01,4
1600,09:30:02,$ 3345.01,3
1601,09:30:02,$ 3345.01,2
1602,09:30:02,$ 3345.01,1
1603,09:30:02,$ 3345.01,2
1604,09:30:02,$ 3345.01,1
1605,09:30:02,$ 3345.01,4
1606,09:30:02,$ 3345.01,1
1607,09:30:02,$ 3345.01,5
1608,09:30:02,$ 3345.01,2
1609,09:30:02,$ 3345.01,5
1610,09:30:02,$ 3345.01,2
1611,09:30:02,$ 3345.01,3
1612,09:30:02,$ 3345.01,1
1613,09:30:02,$ 3345.01,9
1614,09:30:02,$ 3345.01,5
1615,09:30:02,$ 3345.01,1
1616,09:30:02,$ 3345.01,3
1618,09:30:02,$ 3345.01,34
1619,09:30:02,$ 3345.01,900
1620,09:30:02,$ 3345.01,5
1621,09:30:02,$ 3345.01,3
1622,09:30:02,$ 3345.01,1
1623,09:30:02,$ 3345.01,1
1624,09:30:02,$ 3345.01,1
1625,09:30:02,$ 3345.01,1
1626,09:30:02,$ 3345.01,2
1627,09:30:02,$ 3345.01,8
1628,09:30:02,$ 3345.01,1
1629,09:30:02,$ 3345.01,1
1630,09:30:02,$ 3345.01,3
1631,09:30:02,$ 3345.01,3
1632,09:30:02,$ 3345.01,150
1633,09:30:02,$ 3345.01,123
1634,09:30:02,$ 3345.01,10
1635,09:30:02,$ 3345.01,1
1636,09:30:02,$ 3345.01,10
1637,09:30:02,$ 3345.01,2
1639,09:30:02,$ 3345.01,5
1640,09:30:02,$ 3345.01,4
1641,09:30:02,$ 3345.01,1
1642,09:30:02,$ 3345.01,42
1643,09:30:02,$ 3345.01,5
1644,09:30:02,$ 3345.01,7
1645,09:30:02,$ 3345.01,2
1646,09:30:02,$ 3345.01,1
1647,09:30:02,$ 3345.01,1
1648,09:30:02,$ 3345.01,4
1649,09:30:02,$ 3345.01,1
1650,09:30:02,$ 3345.01,1
1651,09:30:02,$ 3345.01,1
1652,09:30:02,$ 3345.01,1
1653,09:30:02,$ 3345.01,20
1654,09:30:02,$ 3345.01,1
1655,09:30:02,$ 3345.01,1
1656,09:30:02,$ 3345.01,1
1657,09:30:02,$ 3345.01,2
1658,09:30:02,$ 3345.01,5
1660,09:30:02,$ 3345.01,4
1661,09:30:02,$ 3345.01,2
1662,09:30:02,$ 3345.01,1
1663,09:30:02,$ 3345.01,1
1664,09:30:02,$ 3345.01,1
1665,09:30:02,$ 3345.01,10
1666,09:30:02,$ 3345.01,6
1667,09:30:02,$ 3345.01,2
1668,09:30:02,$ 3345.01,4
1669,09:30:02,$ 3345.01,1
1670,09:30:02,$ 3345.01,1
1671,09:30:02,$ 3345.01,8
1672,09:30:02,$ 3345.01,4
1673,09:30:02,$ 3345.01,1
1674,09:30:02,$ 3345.01,3
1675,09:30:02,$ 3345.01,1
1676,09:30:02,$ 3345.01,2
1677,09:30:02,$ 3345.01,1
1678,09:30:02,$ 3345.01,1
1679,09:30:02,$ 3345.01,1
1681,09:30:02,$ 3345.01,7
1682,09:30:02,$ 3345.01,2
1683,09:30:02,$ 3345.01,1
1684,09:30:02,$ 3345.01,4
1685,09:30:02,$ 3345.01,1
1686,09:30:02,$ 3345.01,6
1687,09:30:02,$ 3345.01,2
1688,09:30:02,$ 3345.01,2
1689,09:30:02,$ 3345.01,2
1690,09:30:02,$ 3345.01,1
1691,09:30:02,$ 3345.01,1
1692,09:30:02,$ 3345.01,1
1693,09:30:02,$ 3345.01,1
1694,09:30:02,$ 3345.01,2
1695,09:30:02,$ 3345.01,1
1696,09:30:02,$ 3345.01,1
1697,09:30:02,$ 3345.01,1
1698,09:30:02,$ 3345.01,2
1699,09:30:02,$ 3345.01,3
1700,09:30:02,$ 3345.01,2
1702,09:30:02,$ 3345.01,2
1703,09:30:02,$ 3345.01,1
1704,09:30:02,$ 3345.01,1
1705,09:30:02,$ 3345.01,2
1706,09:30:02,$ 3345.01,1
1707,09:30:02,$ 3345.01,1
1708,09:30:02,$ 3345.01,2
1709,09:30:02,$ 3345.01,1
1710,09:30:02,$ 3345.01,1
1711,09:30:02,$ 3345.01,6
1712,09:30:02,$ 3345.01,3
1713,09:30:02,$ 3345.01,3
1714,09:30:02,$ 3345.01,2
1715,09:30:02,$ 3345.01,5
1716,09:30:02,$ 3345.01,2
1717,09:30:02,$ 3345.01,1
1718,09:30:02,$ 3345.01,4
1719,09:30:02,$ 3345.01,2
1720,09:30:02,$ 3345.01,2
1721,09:30:02,$ 3345.01,2
1723,09:30:02,$ 3345.01,2
1724,09:30:02,$ 3345.01,1
1725,09:30:02,$ 3345.01,2
1726,09:30:02,$ 3345.01,2
1727,09:30:02,$ 3345.01,6
1728,09:30:02,$ 3345.01,1
1729,09:30:02,$ 3345.01,1
1730,09:30:02,$ 3345.01,2
1731,09:30:02,$ 3345.01,1
1732,09:30:02,$ 3345.01,2
1733,09:30:02,$ 3345.01,2
1734,09:30:02,$ 3345.01,7
1735,09:30:02,$ 3345.01,3
1736,09:30:02,$ 3345.01,2
1737,09:30:02,$ 3345.01,2
1738,09:30:02,$ 3345.01,2
1739,09:30:02,$ 3345.01,1
1740,09:30:02,$ 3345.01,1
1741,09:30:02,$ 3345.01,5
1742,09:30:02,$ 3345.01,3
1744,09:30:02,$ 3345.01,1
1745,09:30:02,$ 3345.01,2
1746,09:30:02,$ 3345.01,10
1747,09:30:02,$ 3345.01,3
1748,09:30:02,$ 3345.01,2
1749,09:30:02,$ 3345.01,1
1750,09:30:02,$ 3345.01,4
1751,09:30:02,$ 3345.01,20
1752,09:30:02,$ 3345.01,10
1753,09:30:02,$ 3345.01,12
1754,09:30:02,$ 3345.01,1
1755,09:30:02,$ 3345.01,1
1756,09:30:02,$ 3345.01,1
1757,09:30:02,$ 3345.01,3
1758,09:30:02,$ 3345.01,1
1759,09:30:02,$ 3345.01,5
1760,09:30:02,$ 3345.01,8
1761,09:30:02,$ 3345.01,1
1762,09:30:02,$ 3345.01,17
1763,09:30:02,$ 3345.01,2
1765,09:30:02,$ 3345.01,12
1766,09:30:02,$ 3345.01,2
1767,09:30:02,$ 3345.01,34
1768,09:30:02,$ 3345.01,3
1769,09:30:02,$ 3345.01,6
1770,09:30:02,$ 3345.01,1
1771,09:30:02,$ 3345.01,3
1772,09:30:02,$ 3345.01,2
1773,09:30:02,$ 3345.01,2
1774,09:30:02,$ 3345.01,40
1775,09:30:02,$ 3345.01,1
1776,09:30:02,$ 3345.01,1
1777,09:30:02,$ 3345.01,1
1778,09:30:02,$ 3345.01,20
1779,09:30:02,$ 3345.01,3
1780,09:30:02,$ 3345.01,7
1781,09:30:02,$ 3345.01,5
1782,09:30:02,$ 3345.01,2
1783,09:30:02,$ 3345.01,5
1784,09:30:02,$ 3345.01,2
1786,09:30:02,$ 3345.01,3
1787,09:30:02,$ 3345.01,1
1788,09:30:02,$ 3345.01,2
1789,09:30:02,$ 3345.01,2
1790,09:30:02,$ 3345.01,1
1791,09:30:02,$ 3345.01,172
1792,09:30:02,$ 3345.01,22
1793,09:30:02,$ 3345.01,7
1794,09:30:02,$ 3345.01,1
1795,09:30:02,$ 3345.01,6
1796,09:30:02,$ 3345.01,3
1797,09:30:02,$ 3345.01,1
1798,09:30:02,$ 3345.01,1
1799,09:30:02,$ 3345.01,2
1800,09:30:02,$ 3345.01,1
1801,09:30:02,$ 3345.01,1
1802,09:30:02,$ 3345.01,1
1803,09:30:02,$ 3345.01,1
1804,09:30:02,$ 3345.01,1
1805,09:30:02,$ 3345.01,5
1807,09:30:02,$ 3345.01,8
1808,09:30:02,$ 3345.01,15
1809,09:30:02,$ 3345.01,18
1810,09:30:02,$ 3345.01,9
1811,09:30:02,$ 3345.01,5
1812,09:30:02,$ 3345.01,142
1813,09:30:02,$ 3345.01,10
1814,09:30:02,$ 3345.01,10
1815,09:30:02,$ 3345.01,61
1816,09:30:02,$ 3345.01,2
1817,09:30:02,$ 3345.01,3
1818,09:30:02,$ 3345.01,3
1819,09:30:02,$ 3345.01,8
1820,09:30:02,$ 3345.01,10
1821,09:30:02,$ 3345.01,6
1822,09:30:02,$ 3345.01,14
1823,09:30:02,$ 3345.01,7
1824,09:30:02,$ 3345.01,6
1825,09:30:02,$ 3345.01,6
1826,09:30:02,$ 3345.01,5
1828,09:30:02,$ 3345.01,10
1829,09:30:02,$ 3345.01,1
1830,09:30:02,$ 3345.01,1
1831,09:30:02,$ 3345.01,1
1832,09:30:02,$ 3345.01,15
1833,09:30:02,$ 3345.01,1
1834,09:30:02,$ 3345.01,5
1835,09:30:02,$ 3345.01,6
1836,09:30:02,$ 3345.01,3
1837,09:30:02,$ 3345.01,20
1838,09:30:02,$ 3345.01,9
1839,09:30:02,$ 3345.01,30
1840,09:30:02,$ 3345.01,1
1841,09:30:02,$ 3345.01,10
1842,09:30:02,$ 3345.01,200
1843,09:30:02,$ 3345.01,1
1844,09:30:02,$ 3345.01,3
1845,09:30:02,$ 3345.01,1
1846,09:30:02,$ 3345.01,1
1847,09:30:02,$ 3345.01,1
1849,09:30:02,$ 3345.01,1
1850,09:30:02,$ 3345.01,2
1851,09:30:02,$ 3345.01,1
1852,09:30:02,$ 3345.01,13
1853,09:30:02,$ 3345.01,1
1854,09:30:02,$ 3345.01,1
1855,09:30:02,$ 3345.01,4
1856,09:30:02,$ 3345.01,1
1857,09:30:02,$ 3345.01,1
1858,09:30:02,$ 3345.01,70
1859,09:30:02,$ 3345.01,70
1860,09:30:02,$ 3345.01,1
1861,09:30:02,$ 3345.01,2
1862,09:30:02,$ 3345.01,2
1863,09:30:02,$ 3345.01,4
1864,09:30:02,$ 3345.01,7
1865,09:30:02,$ 3345.01,2
1866,09:30:02,$ 3345.01,138
1867,09:30:02,$ 3345.01,1
1868,09:30:02,$ 3345.01,60
1870,09:30:02,$ 3345.01,1
1871,09:30:02,$ 3345.01,3
1872,09:30:02,$ 3345.01,10
1873,09:30:02,$ 3345.01,2
1874,09:30:02,$ 3345.01,1
1875,09:30:02,$ 3345.01,15
1876,09:30:02,$ 3345.01,5
1877,09:30:02,$ 3345.01,1
1878,09:30:02,$ 3345.01,2
1879,09:30:02,$ 3345.01,1
1880,09:30:02,$ 3345.01,2
1881,09:30:02,$ 3345.01,2
1882,09:30:02,$ 3345.01,7
1883,09:30:02,$ 3345.01,7
1884,09:30:02,$ 3345.01,3
1885,09:30:02,$ 3345.01,1
1886,09:30:02,$ 3345.01,1
1887,09:30:02,$ 3345.01,1
1888,09:30:02,$ 3345.01,7
1889,09:30:02,$ 3345.01,3
1891,09:30:02,$ 3345.01,1
1892,09:30:02,$ 3345.01,1
1893,09:30:02,$ 3345.01,1
1894,09:30:02,$ 3345.01,2
1895,09:30:02,$ 3345.01,5
1896,09:30:02,$ 3345.01,1
1897,09:30:02,$ 3345.01,1
1898,09:30:02,$ 3345.01,2
1899,09:30:02,$ 3345.01,3
1900,09:30:02,$ 3345.01,1
1901,09:30:02,$ 3345.01,1
1902,09:30:02,$ 3345.01,2
1903,09:30:02,$ 3345.01,5
1904,09:30:02,$ 3345.01,2
1905,09:30:02,$ 3345.01,2
1906,09:30:02,$ 3345.01,2
1907,09:30:02,$ 3345.01,2
1908,09:30:02,$ 3345.01,1
1909,09:30:02,$ 3345.01,1
1910,09:30:02,$ 3345.01,3
1912,09:30:02,$ 3345.01,4
1913,09:30:02,$ 3345.01,75
1914,09:30:02,$ 3345.01,4
1915,09:30:02,$ 3345.01,1
1916,09:30:02,$ 3345.01,1
1917,09:30:02,$ 3345.01,2
1918,09:30:02,$ 3345.01,1
1919,09:30:02,$ 3345.01,1
1920,09:30:02,$ 3345.01,29
1921,09:30:02,$ 3345.01,14
1922,09:30:02,$ 3345.01,39
1923,09:30:02,$ 3345.01,13
1924,09:30:02,$ 3345.01,100
1925,09:30:02,$ 3345.01,1
1926,09:30:02,$ 3345.01,53
1927,09:30:02,$ 3345.01,5
1928,09:30:02,$ 3345.01,2
1929,09:30:02,$ 3345.01,5
1930,09:30:02,$ 3345.01,1
1931,09:30:02,$ 3345.01,1
1933,09:30:02,$ 3345.01,1
1934,09:30:02,$ 3345.01,1
1935,09:30:02,$ 3345.01,1
1936,09:30:02,$ 3345.01,100
1937,09:30:02,$ 3345.01,100
1938,09:30:02,$ 3345.01,52
1939,09:30:02,$ 3345.01,107
1940,09:30:02,$ 3345.01,52
1941,09:30:02,$ 3345.01,52
1942,09:30:02,$ 3345.01,1
1943,09:30:02,$ 3345.01,3
1944,09:30:02,$ 3345.01,1
1945,09:30:02,$ 3345.01,52
1946,09:30:02,$ 3345.01,1
1947,09:30:02,$ 3345.01,3
1948,09:30:02,$ 3345.01,8
1949,09:30:02,$ 3345.01,2
1950,09:30:02,$ 3345.01,65
1951,09:30:02,$ 3345.01,1
1952,09:30:02,$ 3345.01,1
1954,09:30:02,$ 3345.01,4
1955,09:30:02,$ 3345.01,35
1956,09:30:02,$ 3345.01,10
1957,09:30:02,$ 3345.01,10
1958,09:30:02,$ 3345.01,5
1959,09:30:02,$ 3345.01,10
1960,09:30:02,$ 3345.01,1
1961,09:30:02,$ 3345.01,1
1962,09:30:02,$ 3345.01,8
1963,09:30:02,$ 3345.01,1
1964,09:30:02,$ 3345.01,1
1965,09:30:02,$ 3345.01,4
1966,09:30:02,$ 3345.01,10
1967,09:30:02,$ 3345.01,5
1968,09:30:02,$ 3345.01,10
1969,09:30:02,$ 3345.01,2
1970,09:30:02,$ 3345.01,1
1971,09:30:02,$ 3345.01,20
1972,09:30:02,$ 3345.01,25
1973,09:30:02,$ 3345.01,3
1975,09:30:02,$ 3345.01,100
1976,09:30:02,$ 3345.01,7
1977,09:30:02,$ 3345.01,1
1978,09:30:02,$ 3345.01,2
1979,09:30:02,$ 3345.01,5
1980,09:30:02,$ 3345.01,1
1981,09:30:02,$ 3345.01,1
1982,09:30:02,$ 3345.01,1
1983,09:30:02,$ 3345.01,9
1984,09:30:02,$ 3345.01,1
1985,09:30:02,$ 3345.01,1
1986,09:30:02,$ 3345.01,1
1987,09:30:02,$ 3345.01,2
1988,09:30:02,$ 3345.01,4
1989,09:30:02,$ 3345.01,6
1990,09:30:02,$ 3345.01,1
1991,09:30:02,$ 3345.01,1
1992,09:30:02,$ 3345.01,5
1993,09:30:02,$ 3345.01,264
1994,09:30:02,$ 3345.01,1
1996,09:30:02,$ 3345.01,1
1997,09:30:02,$ 3345.01,1
1998,09:30:02,$ 3345.01,100
1999,09:30:02,$ 3345.01,1
2000,09:30:02,$ 3345.01,100
2001,09:30:02,$ 3345.01,1
2002,09:30:02,$ 3345.01,1
2003,09:30:02,$ 3345.01,2
2004,09:30:02,$ 3345.01,3
2005,09:30:02,$ 3345.01,2
2006,09:30:02,$ 3345.01,500
2007,09:30:02,$ 3345.01,4
2008,09:30:02,$ 3345.01,1
2009,09:30:02,$ 3345.01,1
2010,09:30:02,$ 3345.01,1
2011,09:30:02,$ 3345.01,1
2012,09:30:02,$ 3345.01,1
2013,09:30:02,$ 3345.01,1
2014,09:30:02,$ 3345.01,2
2015,09:30:02,$ 3345.01,2
2017,09:30:02,$ 3345.01,2
2018,09:30:02,$ 3345.01,2
2019,09:30:02,$ 3345.01,9
2020,09:30:02,$ 3345.01,4
2021,09:30:02,$ 3345.01,2
2022,09:30:02,$ 3345.01,2
2023,09:30:02,$ 3345.01,1
2024,09:30:02,$ 3345.01,1
2025,09:30:02,$ 3345.01,1
2026,09:30:02,$ 3345.01,1
2027,09:30:02,$ 3345.01,6
2028,09:30:02,$ 3345.01,1
2029,09:30:02,$ 3345.01,30
2030,09:30:02,$ 3345.01,1
2031,09:30:02,$ 3345.01,10
2032,09:30:02,$ 3345.01,5
2033,09:30:02,$ 3345.01,1
2034,09:30:02,$ 3345.01,5
2035,09:30:02,$ 3345.01,1
2036,09:30:02,$ 3345.01,1
2038,09:30:02,$ 3345.01,1
2039,09:30:02,$ 3345.01,3
2040,09:30:02,$ 3345.01,1
2041,09:30:02,$ 3345.01,2
2042,09:30:02,$ 3345.01,1
2043,09:30:02,$ 3345.01,1
2044,09:30:02,$ 3345.01,7
2045,09:30:02,$ 3345.01,2
2046,09:30:02,$ 3345.01,2
2047,09:30:02,$ 3345.01,1
2048,09:30:02,$ 3345.01,2
2049,09:30:02,$ 3345.01,1
2050,09:30:02,$ 3345.01,1
2051,09:30:02,$ 3345.01,3
2052,09:30:02,$ 3345.01,57
2053,09:30:02,$ 3345.01,10
2054,09:30:02,$ 3345.01,75
2055,09:30:02,$ 3345.01,1
2056,09:30:02,$ 3345.01,1
2057,09:30:02,$ 3345.01,1
2059,09:30:02,$ 3345.01,9
2060,09:30:02,$ 3345.01,15
2061,09:30:02,$ 3345.01,15
2062,09:30:02,$ 3345.01,1
2063,09:30:02,$ 3345.01,6
2064,09:30:02,$ 3345.01,7
2065,09:30:02,$ 3345.01,1
2066,09:30:02,$ 3345.01,2
2067,09:30:02,$ 3345.01,"1,200"
2068,09:30:02,$ 3345.01,1
2069,09:30:02,$ 3345.01,3
2070,09:30:02,$ 3345.01,4
2071,09:30:02,$ 3345.01,42
2072,09:30:02,$ 3345.01,1
2073,09:30:02,$ 3345.01,1
2074,09:30:02,$ 3345.01,1
2075,09:30:02,$ 3345.01,16
2076,09:30:02,$ 3345.01,18
2077,09:30:02,$ 3345.01,3
2078,09:30:02,$ 3345.01,7
2080,09:30:02,$ 3345.01,1
2081,09:30:02,$ 3345.01,5
2082,09:30:02,$ 3345.01,1
2083,09:30:02,$ 3345.01,6
2084,09:30:02,$ 3345.01,10
2085,09:30:02,$ 3345.01,1
2086,09:30:02,$ 3345.01,5
2087,09:30:02,$ 3345.01,1
2088,09:30:02,$ 3345.01,2
2089,09:30:02,$ 3345.01,3
2090,09:30:02,$ 3345.01,1
2091,09:30:02,$ 3345.01,1
2092,09:30:02,$ 3345.01,10
2093,09:30:02,$ 3345.01,3
2094,09:30:02,$ 3345.01,6
2095,09:30:02,$ 3345.01,20
2096,09:30:02,$ 3345.01,30
2097,09:30:02,$ 3345.01,3
2098,09:30:02,$ 3345.01,5
2099,09:30:02,$ 3345.01,30
2101,09:30:02,$ 3345.01,15
2102,09:30:02,$ 3345.01,3
2103,09:30:02,$ 3345.01,14
2104,09:30:02,$ 3345.01,3
2105,09:30:02,$ 3345.01,55
2106,09:30:02,$ 3345.01,15
2107,09:30:02,$ 3345.01,4
2108,09:30:02,$ 3345.01,1
2109,09:30:02,$ 3345.01,1
2110,09:30:02,$ 3345.01,2
2111,09:30:02,$ 3345.01,3
2112,09:30:02,$ 3345.01,100
2113,09:30:02,$ 3345.01,100
2114,09:30:02,$ 3345.01,1
2115,09:30:02,$ 3345.01,10
2116,09:30:02,$ 3345.01,1
2117,09:30:02,$ 3345.01,93
2118,09:30:02,$ 3345.01,2
2119,09:30:02,$ 3345.01,10
2120,09:30:02,$ 3345.01,3
2122,09:30:02,$ 3345.01,4
2123,09:30:02,$ 3345.01,10
2124,09:30:02,$ 3345.01,20
2125,09:30:02,$ 3345.01,11
2126,09:30:02,$ 3345.01,28
2127,09:30:02,$ 3345.01,495
2128,09:30:02,$ 3345.01,6
2129,09:30:02,$ 3345.01,3
2130,09:30:02,$ 3345.01,3
2131,09:30:02,$ 3345.01,1
2132,09:30:02,$ 3345.01,7
2133,09:30:02,$ 3345.01,15
2134,09:30:02,$ 3345.01,15
2135,09:30:02,$ 3345.01,20
2136,09:30:02,$ 3345.01,20
2137,09:30:02,$ 3345.01,5
2138,09:30:02,$ 3345.01,10
2139,09:30:02,$ 3345.01,30
2140,09:30:02,$ 3345.01,5
2141,09:30:02,$ 3345.01,71
2143,09:30:02,$ 3345.01,3
2144,09:30:02,$ 3345.01,15
2145,09:30:02,$ 3345.01,100
2146,09:30:02,$ 3345.01,8
2147,09:30:02,$ 3345.01,1
2148,09:30:02,$ 3345.01,1
2149,09:30:02,$ 3345.01,1
2150,09:30:02,$ 3345.01,14
2151,09:30:02,$ 3345.01,16
2152,09:30:02,$ 3345.01,9
2153,09:30:02,$ 3345.01,6
2154,09:30:02,$ 3345.01,12
2155,09:30:02,$ 3345.01,6
2156,09:30:02,$ 3345.01,50
2157,09:30:02,$ 3345.01,1
2158,09:30:02,$ 3345.01,4
2159,09:30:02,$ 3345.01,60
2160,09:30:02,$ 3345.01,2
2161,09:30:02,$ 3345.01,8
2162,09:30:02,$ 3345.01,279
2164,09:30:02,$ 3345.01,1
2165,09:30:02,$ 3345.01,3
2166,09:30:02,$ 3345.01,127
2167,09:30:02,$ 3345.01,1
2168,09:30:02,$ 3345.01,1
2169,09:30:02,$ 3345.01,1
2170,09:30:02,$ 3345.01,1
2171,09:30:02,$ 3345.01,2
2172,09:30:02,$ 3345.01,68
2173,09:30:02,$ 3345.01,204
2174,09:30:02,$ 3345.01,2
2175,09:30:02,$ 3345.01,94
2176,09:30:02,$ 3345.01,30
2177,09:30:02,$ 3345.01,20
2178,09:30:02,$ 3345.01,191
2179,09:30:02,$ 3345.01,1
2180,09:30:02,$ 3345.01,21
2181,09:30:02,$ 3345.01,31
2182,09:30:02,$ 3345.01,1
2183,09:30:02,$ 3345.01,85
2185,09:30:02,$ 3345.01,10
2186,09:30:02,$ 3345.01,1
2187,09:30:02,$ 3345.01,2
2188,09:30:02,$ 3345.01,1
2189,09:30:02,$ 3345.01,1
2190,09:30:02,$ 3345.01,1
2191,09:30:02,$ 3345.01,2
2192,09:30:02,$ 3345.01,2
2193,09:30:02,$ 3345.01,1
2194,09:30:02,$ 3345.01,1
2195,09:30:02,$ 3345.01,2
2196,09:30:02,$ 3345.01,1
2197,09:30:02,$ 3345.01,1
2198,09:30:02,$ 3345.01,1
2199,09:30:02,$ 3345.01,3
2200,09:30:02,$ 3345.01,1
2201,09:30:02,$ 3345.01,2
2202,09:30:02,$ 3345.01,1
2203,09:30:02,$ 3345.01,5
2204,09:30:02,$ 3345.01,10
2206,09:30:02,$ 3345.01,2
2207,09:30:02,$ 3345.01,1
2208,09:30:02,$ 3345.01,2
2209,09:30:02,$ 3345.01,3
2210,09:30:02,$ 3345.01,1
2211,09:30:02,$ 3345.01,1
2212,09:30:02,$ 3345.01,5
2213,09:30:02,$ 3345.01,1
2214,09:30:02,$ 3345.01,1
2215,09:30:02,$ 3345.01,1
2216,09:30:02,$ 3345.01,1
2217,09:30:02,$ 3345.01,1
2218,09:30:02,$ 3345.01,1
2219,09:30:02,$ 3345.01,1
2220,09:30:02,$ 3345.01,1
2221,09:30:02,$ 3345.01,1
2222,09:30:02,$ 3345.01,10
2223,09:30:02,$ 3345.01,1
2224,09:30:02,$ 3345.01,1
2225,09:30:02,$ 3345.01,1
2227,09:30:02,$ 3345.01,2
2228,09:30:02,$ 3345.01,1
2229,09:30:02,$ 3345.01,7
2230,09:30:02,$ 3345.01,1
2231,09:30:02,$ 3345.01,1
2232,09:30:02,$ 3345.01,2
2233,09:30:02,$ 3345.01,3
2234,09:30:02,$ 3345.01,1
2235,09:30:02,$ 3345.01,1
2236,09:30:02,$ 3345.01,1
2237,09:30:02,$ 3345.01,1
2238,09:30:02,$ 3345.01,1
2239,09:30:02,$ 3345.01,1
2240,09:30:02,$ 3345.01,1
2241,09:30:02,$ 3345.01,9
2242,09:30:02,$ 3345.01,1
2243,09:30:02,$ 3345.01,5
2244,09:30:02,$ 3345.01,2
2245,09:30:02,$ 3345.01,3
2246,09:30:02,$ 3345.01,1
2248,09:30:02,$ 3345.01,1
2249,09:30:02,$ 3345.01,1
2250,09:30:02,$ 3345.01,1
2251,09:30:02,$ 3345.01,5
2252,09:30:02,$ 3345.01,1
2253,09:30:02,$ 3345.01,1
2254,09:30:02,$ 3345.01,2
2255,09:30:02,$ 3345.01,30
2256,09:30:02,$ 3345.01,3
2257,09:30:02,$ 3345.01,2
2258,09:30:02,$ 3345.01,1
2259,09:30:02,$ 3345.01,1
2260,09:30:02,$ 3345.01,4
2261,09:30:02,$ 3345.01,2
2262,09:30:02,$ 3345.01,1
2263,09:30:02,$ 3345.01,20
2264,09:30:02,$ 3345.01,2
2265,09:30:02,$ 3345.01,1
2266,09:30:02,$ 3345.01,1
2267,09:30:02,$ 3345.01,1
2269,09:30:02,$ 3345.01,1
2270,09:30:02,$ 3345.01,2
2271,09:30:02,$ 3345.01,3
2272,09:30:02,$ 3345.01,1
2273,09:30:02,$ 3345.01,3
2274,09:30:02,$ 3345.01,1
2275,09:30:02,$ 3345.01,2
2276,09:30:02,$ 3345.01,7
2277,09:30:02,$ 3345.01,2
2278,09:30:02,$ 3345.01,2
2279,09:30:02,$ 3345.01,13
2280,09:30:02,$ 3345.01,7
2281,09:30:02,$ 3345.01,9
2282,09:30:02,$ 3345.01,6
2283,09:30:02,$ 3345.01,2
2284,09:30:02,$ 3345.01,116
2285,09:30:02,$ 3345.01,26
2286,09:30:02,$ 3345.01,17
2287,09:30:02,$ 3345.01,201
2288,09:30:02,$ 3345.01,100
2290,09:30:02,$ 3345.67,100
2292,10:29:49,$ 3334.58,100
2293,10:29:46,$ 3335.40,200
2294,10:29:46,$ 3335.11,100
2295,10:29:29,$ 3335.51,100
2296,10:29:16,$ 3336.05,100
2297,10:29:16,$ 3335.725,100
2298,10:29:16,$ 3335.99,200
2299,10:29:02,$ 3336.16,100
2300,10:28:54,$ 3337.86,100
2301,10:28:39,$ 3337.00,100
2302,10:28:39,$ 3337.02,100
2303,10:28:39,$ 3337.01,100
2304,10:27:44,$ 3336.83,100
2305,10:27:42,$ 3336.5296,100
2306,10:27:20,$ 3337.05,100
2307,10:27:20,$ 3337.05,100
2308,10:26:41,$ 3338.0311,150
2309,10:26:19,$ 3338.83,100
2310,10:26:19,$ 3338.77,100
2311,10:26:18,$ 3337.5356,300
2313,10:26:08,$ 3337.435,100
2314,10:26:08,$ 3337.97,100
2315,10:26:04,$ 3337.35,150
2316,10:25:37,$ 3337.878,100
2317,10:25:37,$ 3338.00,100
2318,10:25:37,$ 3338.00,100
2319,10:25:14,$ 3339.36,100
2320,10:25:14,$ 3339.37,100
2321,10:25:13,$ 3339.80,100
2322,10:25:13,$ 3339.81,100
2323,10:25:09,$ 3340.4308,150
2324,10:24:52,$ 3341.09,100
2325,10:24:38,$ 3340.82,150
2326,10:24:26,$ 3340.67,100
2327,10:24:26,$ 3341.00,150
2328,10:24:25,$ 3340.78,100
2329,10:24:14,$ 3340.285,100
2330,10:24:10,$ 3339.8181,150
2331,10:23:24,$ 3339.52,100
2332,10:23:23,$ 3340.01,100
2334,10:23:23,$ 3340.01,100
2335,10:23:11,$ 3340.92,150
2336,10:22:45,$ 3340.06,100
2337,10:22:27,$ 3341.26,100
2338,10:22:23,$ 3341.78,100
2339,10:22:13,$ 3341.90,100
2340,10:22:08,$ 3342.39,100
2341,10:21:57,$ 3341.225,100
2342,10:21:39,$ 3341.215,100
2343,10:21:26,$ 3340.86,100
2344,10:21:22,$ 3340.72,100
2345,10:21:11,$ 3340.703,126
2346,10:21:07,$ 3340.6865,200
2347,10:21:00,$ 3339.8548,100
2348,10:20:53,$ 3340.175,100
2349,10:20:18,$ 3339.14,100
2350,10:20:18,$ 3339.0676,100
2351,10:20:13,$ 3338.72,100
2352,10:20:13,$ 3338.67,100
2353,10:19:58,$ 3338.035,100
2355,10:19:49,$ 3340.0316,100
2356,10:19:29,$ 3340.3484,100
2357,10:19:17,$ 3340.38,100
2358,10:19:05,$ 3340.92,100
2359,10:19:02,$ 3340.46,150
2360,10:18:57,$ 3340.2975,"1,000"
2361,10:18:46,$ 3339.96,100
2362,10:18:43,$ 3339.02,100
2363,10:18:35,$ 3339.0884,336
2364,10:18:35,$ 3339.0884,153
2365,10:18:27,$ 3338.80,100
2366,10:18:22,$ 3337.64,100
2367,10:18:05,$ 3338.205,100
2368,10:18:05,$ 3338.61,124
2369,10:18:05,$ 3338.57,100
2370,10:18:05,$ 3338.56,100
2371,10:18:02,$ 3338.51,100
2372,10:18:02,$ 3338.75,100
2373,10:18:01,$ 3339.60,100
2374,10:18:01,$ 3339.705,100
2376,10:18:01,$ 3339.24,100
2377,10:17:55,$ 3339.80,100
2378,10:17:55,$ 3339.51,100
2379,10:17:55,$ 3340.00,100
2380,10:17:55,$ 3340.00,100
2381,10:17:55,$ 3340.00,299
2382,10:17:34,$ 3341.35,239
2383,10:17:34,$ 3340.25,100
2384,10:17:34,$ 3340.30,100
2385,10:17:34,$ 3340.44,100
2386,10:17:28,$ 3340.00,100
2387,10:17:28,$ 3339.67,100
2388,10:17:17,$ 3339.765,100
2389,10:17:17,$ 3339.775,100
2390,10:17:17,$ 3339.785,100
2391,10:17:16,$ 3339.835,100
2392,10:17:16,$ 3340.00,100
2393,10:17:15,$ 3340.1295,125
2394,10:17:12,$ 3340.46,135
2395,10:17:01,$ 3341.0579,100
2397,10:16:57,$ 3341.40,101
2398,10:15:58,$ 3342.32,117
2399,10:15:47,$ 3343.43,100
2400,10:15:47,$ 3343.00,186
2401,10:15:47,$ 3343.00,100
2402,10:15:45,$ 3343.25,100
2403,10:15:45,$ 3343.25,100
2404,10:15:28,$ 3343.03,100
2405,10:15:21,$ 3343.7601,100
2406,10:15:10,$ 3343.69,345
2407,10:15:07,$ 3342.00,199
2408,10:15:07,$ 3341.51,100
2409,10:15:06,$ 3341.09,100
2410,10:15:06,$ 3341.10,100
2411,10:15:03,$ 3340.29,100
2412,10:14:57,$ 3341.1775,100
2413,10:14:51,$ 3342.065,100
2414,10:14:48,$ 3342.03,100
2415,10:14:45,$ 3341.97,100
2416,10:14:41,$ 3341.54,100
2418,10:14:37,$ 3342.025,400
2419,10:14:36,$ 3342.025,100
2420,10:14:29,$ 3341.23,100
2421,10:14:29,$ 3341.19,100
2422,10:14:25,$ 3340.755,185
2423,10:14:17,$ 3342.6995,100
2424,10:14:13,$ 3343.0101,100
2425,10:14:05,$ 3343.69,100
2426,10:14:01,$ 3343.73,108
2427,10:13:57,$ 3344.8374,100
2428,10:13:44,$ 3345.00,100
2429,10:13:31,$ 3345.13,100
2430,10:13:22,$ 3345.39,100
2431,10:13:22,$ 3345.40,100
2432,10:13:04,$ 3347.07,100
2433,10:13:03,$ 3346.565,100
2434,10:12:27,$ 3347.34,100
2435,10:12:23,$ 3347.9999,150
2436,10:12:16,$ 3346.70,100
2437,10:12:16,$ 3346.96,100
2439,10:12:15,$ 3347.71,100
2440,10:12:15,$ 3347.04,100
2441,10:12:15,$ 3347.01,100
2442,10:12:15,$ 3347.28,200
2443,10:12:15,$ 3347.18,100
2444,10:12:15,$ 3347.35,100
2445,10:12:14,$ 3348.41,100
2446,10:12:06,$ 3348.28,100
2447,10:11:50,$ 3349.00,100
2448,10:11:21,$ 3347.69,100
2449,10:11:07,$ 3348.00,100
2450,10:10:48,$ 3347.42,100
2451,10:10:13,$ 3344.635,100
2452,10:10:13,$ 3345.40,100
2453,10:10:09,$ 3346.4806,100
2454,10:10:05,$ 3346.86,100
2455,10:10:03,$ 3347.16,100
2456,10:10:03,$ 3347.17,200
2457,10:09:09,$ 3347.24,100
2458,10:09:02,$ 3348.66,100
2460,10:08:52,$ 3349.68,100
2461,10:08:52,$ 3349.83,100
2462,10:08:49,$ 3350.12,100
2463,10:08:23,$ 3349.48,100
2464,10:08:23,$ 3349.59,100
2465,10:08:12,$ 3348.97,400
2466,10:08:01,$ 3348.8258,336
2467,10:07:46,$ 3347.99,100
2468,10:07:46,$ 3348.00,100
2469,10:07:43,$ 3348.33,100
2470,10:07:43,$ 3348.21,100
2471,10:07:43,$ 3348.32,100
2472,10:07:42,$ 3348.3201,100
2473,10:07:12,$ 3346.46,100
2474,10:07:04,$ 3346.3399,"2,000"
2475,10:06:59,$ 3346.80,100
2476,10:06:59,$ 3346.38,100
2477,10:06:52,$ 3346.51,100
2478,10:06:43,$ 3346.52,100
2479,10:06:38,$ 3347.00,100
2481,10:06:36,$ 3347.50,100
2482,10:06:28,$ 3348.00,361
2483,10:06:02,$ 3348.00,100
2484,10:06:02,$ 3348.00,102
2485,10:05:56,$ 3348.745,100
2486,10:05:55,$ 3348.00,300
2487,10:05:52,$ 3347.62,100
2488,10:05:52,$ 3347.67,100
2489,10:05:52,$ 3347.69,100
2490,10:05:52,$ 3347.70,100
2491,10:05:46,$ 3347.39,100
2492,10:05:43,$ 3347.48,100
2493,10:05:28,$ 3347.16,100
2494,10:05:28,$ 3347.17,100
2495,10:05:14,$ 3346.44,100
2496,10:05:11,$ 3345.75,100
2497,10:05:11,$ 3346.75,100
2498,10:05:10,$ 3347.77,100
2499,10:05:00,$ 3347.08,100
2500,10:05:00,$ 3347.16,100
2502,10:04:58,$ 3346.955,100
2503,10:04:49,$ 3346.915,168
2504,10:04:46,$ 3347.10,100
2505,10:04:44,$ 3347.10,100
2506,10:04:44,$ 3347.11,100
2507,10:04:43,$ 3348.07,100
2508,10:04:38,$ 3347.00,100
2509,10:04:17,$ 3350.07,100
2510,10:04:12,$ 3350.25,100
2511,10:04:11,$ 3350.22,100
2512,10:04:11,$ 3350.61,100
2513,10:04:06,$ 3351.07,100
2514,10:04:01,$ 3350.81,100
2515,10:04:01,$ 3350.81,100
2516,10:04:01,$ 3350.81,"1,123"
2517,10:03:59,$ 3351.00,400
2518,10:03:56,$ 3351.2025,100
2519,10:03:52,$ 3351.4109,168
2520,10:03:33,$ 3351.99,100
2521,10:03:33,$ 3351.99,100
2523,10:03:21,$ 3352.2998,100
2524,10:03:06,$ 3352.45,100
2525,10:03:06,$ 3352.46,100
2526,10:03:06,$ 3352.99,100
2527,10:03:06,$ 3353.5925,100
2528,10:03:06,$ 3352.99,111
2529,10:03:06,$ 3352.99,109
2530,10:02:42,$ 3353.99,100
2531,10:02:42,$ 3353.99,100
2532,10:02:42,$ 3354.01,100
2533,10:02:42,$ 3354.00,113
2534,10:02:42,$ 3354.00,285
2535,10:02:37,$ 3354.68,298
2536,10:02:17,$ 3354.23,100
2537,10:02:10,$ 3354.03,100
2538,10:02:10,$ 3354.28,200
2539,10:02:10,$ 3354.03,100
2540,10:02:10,$ 3355.00,300
2541,10:02:10,$ 3355.23,100
2542,10:01:55,$ 3356.0796,100
2544,10:01:50,$ 3356.91,100
2545,10:01:46,$ 3356.88,100
2546,10:01:06,$ 3357.52,100
2547,10:01:05,$ 3357.245,100
2548,10:01:02,$ 3357.19,100
2549,10:01:00,$ 3357.22,100
2550,10:01:00,$ 3357.23,145
2551,10:00:54,$ 3356.84,139
2552,10:00:54,$ 3356.87,100
2553,10:00:52,$ 3357.28,100
2554,10:00:48,$ 3356.62,100
2555,10:00:39,$ 3357.21,179
2556,10:00:39,$ 3357.19,100
2557,10:00:38,$ 3357.31,100
2558,10:00:32,$ 3356.6594,100
2559,10:00:31,$ 3357.015,100
2560,10:00:31,$ 3356.91,100
2561,10:00:31,$ 3356.97,100
2562,10:00:31,$ 3356.65,100
2563,10:00:25,$ 3357.25,100
2565,10:00:13,$ 3356.40,100
2566,10:00:06,$ 3354.688,100
2567,10:00:06,$ 3354.694,100
2568,10:00:02,$ 3353.475,100
2569,10:00:02,$ 3353.31,100
2570,10:00:01,$ 3353.31,100
2571,10:00:01,$ 3352.82,100
2572,10:00:01,$ 3352.97,100
2574,10:59:53,$ 3326.845,150
2575,10:59:53,$ 3326.845,100
2576,10:59:53,$ 3326.845,140
2577,10:59:53,$ 3326.845,146
2578,10:59:53,$ 3327.435,102
2579,10:59:53,$ 3327.435,100
2580,10:59:53,$ 3327.41,134
2581,10:59:53,$ 3327.41,100
2582,10:59:53,$ 3326.875,100
2583,10:59:53,$ 3327.11,100
2584,10:59:53,$ 3327.11,100
2585,10:59:53,$ 3327.11,100
2586,10:59:47,$ 3326.96,100
2587,10:59:18,$ 3324.97,100
2588,10:59:06,$ 3325.50,100
2589,10:58:37,$ 3325.38,100
2590,10:58:36,$ 3325.38,100
2591,10:58:36,$ 3325.38,100
2592,10:58:36,$ 3325.38,100
2593,10:58:36,$ 3325.35,100
2595,10:58:28,$ 3324.45,100
2596,10:58:13,$ 3325.50,100
2597,10:58:03,$ 3324.77,100
2598,10:58:03,$ 3324.77,100
2599,10:58:03,$ 3324.77,100
2600,10:58:03,$ 3324.77,100
2601,10:58:01,$ 3324.54,100
2602,10:57:48,$ 3325.575,100
2603,10:57:46,$ 3324.265,705
2604,10:57:45,$ 3325.03,105
2605,10:57:45,$ 3324.82,100
2606,10:57:45,$ 3324.82,100
2607,10:57:45,$ 3324.86,100
2608,10:57:45,$ 3324.95,100
2609,10:57:45,$ 3324.96,100
2610,10:57:45,$ 3325.00,100
2611,10:57:45,$ 3324.95,100
2612,10:57:45,$ 3324.265,100
2613,10:57:42,$ 3323.81,100
2614,10:57:39,$ 3325.225,100
2616,10:57:38,$ 3325.20,100
2617,10:57:37,$ 3325.215,100
2618,10:57:35,$ 3325.115,100
2619,10:57:28,$ 3326.00,101
2620,10:57:28,$ 3326.00,100
2621,10:57:28,$ 3325.62,199
2622,10:57:25,$ 3324.77,100
2623,10:57:22,$ 3324.89,100
2624,10:57:22,$ 3324.82,100
2625,10:57:22,$ 3324.75,100
2626,10:57:13,$ 3324.29,100
2627,10:57:10,$ 3323.81,100
2628,10:57:04,$ 3324.655,100
2629,10:56:50,$ 3324.00,100
2630,10:56:50,$ 3324.00,100
2631,10:56:45,$ 3322.65,100
2632,10:56:43,$ 3322.72,100
2633,10:56:43,$ 3322.275,100
2634,10:56:27,$ 3322.52,100
2635,10:56:27,$ 3322.12,100
2637,10:56:27,$ 3321.56,100
2638,10:56:27,$ 3321.4601,100
2639,10:56:19,$ 3321.935,210
2640,10:56:19,$ 3322.245,100
2641,10:56:19,$ 3322.27,100
2642,10:56:19,$ 3322.27,100
2643,10:56:19,$ 3321.82,100
2644,10:56:19,$ 3321.85,100
2645,10:56:19,$ 3322.255,100
2646,10:56:19,$ 3322.27,100
2647,10:56:19,$ 3322.27,100
2648,10:56:13,$ 3321.58,100
2649,10:56:11,$ 3321.46,100
2650,10:56:10,$ 3320.98,100
2651,10:55:59,$ 3320.00,100
2652,10:55:20,$ 3321.08,100
2653,10:55:20,$ 3321.08,100
2654,10:55:15,$ 3321.11,100
2655,10:55:00,$ 3323.32,181
2656,10:55:00,$ 3323.31,100
2658,10:54:44,$ 3324.095,200
2659,10:54:43,$ 3324.00,100
2660,10:54:43,$ 3324.00,100
2661,10:54:25,$ 3324.29,100
2662,10:54:20,$ 3322.84,100
2663,10:54:18,$ 3322.23,100
2664,10:54:17,$ 3321.85,100
2665,10:54:07,$ 3320.38,100
2666,10:54:07,$ 3320.18,100
2667,10:54:07,$ 3320.19,100
2668,10:54:07,$ 3320.20,100
2669,10:53:48,$ 3319.05,100
2670,10:53:41,$ 3319.00,100
2671,10:53:41,$ 3319.10,300
2672,10:53:40,$ 3319.47,100
2673,10:53:36,$ 3320.32,100
2674,10:53:30,$ 3320.5986,100
2675,10:53:15,$ 3320.1367,150
2676,10:53:14,$ 3319.93,100
2677,10:53:13,$ 3319.80,100
2679,10:53:13,$ 3319.59,100
2680,10:53:13,$ 3319.625,100
2681,10:53:13,$ 3319.5901,200
2682,10:53:08,$ 3320.00,400
2683,10:53:08,$ 3320.00,100
2684,10:53:08,$ 3320.00,100
2685,10:53:04,$ 3320.155,100
2686,10:53:01,$ 3321.00,100
2687,10:52:48,$ 3321.35,100
2688,10:52:38,$ 3322.00,100
2689,10:52:29,$ 3323.00,100
2690,10:52:08,$ 3323.98,100
2691,10:52:03,$ 3324.00,100
2692,10:52:03,$ 3324.00,100
2693,10:52:03,$ 3324.00,100
2694,10:52:03,$ 3324.60,100
2695,10:51:45,$ 3325.00,100
2696,10:51:32,$ 3326.386,200
2697,10:51:31,$ 3325.00,100
2698,10:51:30,$ 3325.53,100
2700,10:51:30,$ 3325.58,100
2701,10:51:30,$ 3325.59,100
2702,10:51:17,$ 3325.07,100
2703,10:51:14,$ 3326.00,100
2704,10:50:58,$ 3327.31,100
2705,10:50:58,$ 3327.32,100
2706,10:50:53,$ 3326.49,100
2707,10:50:43,$ 3326.49,100
2708,10:50:31,$ 3327.075,100
2709,10:50:30,$ 3327.705,100
2710,10:50:29,$ 3326.43,100
2711,10:50:29,$ 3326.43,100
2712,10:50:29,$ 3326.53,100
2713,10:50:29,$ 3327.02,100
2714,10:50:29,$ 3327.11,100
2715,10:50:29,$ 3327.29,217
2716,10:50:27,$ 3326.22,100
2717,10:50:24,$ 3325.45,100
2718,10:50:17,$ 3325.03,100
2719,10:50:17,$ 3325.03,100
2721,10:50:16,$ 3325.03,100
2722,10:50:08,$ 3326.405,100
2723,10:49:58,$ 3326.41,110
2724,10:49:57,$ 3326.79,100
2725,10:49:56,$ 3327.12,100
2726,10:49:56,$ 3327.07,100
2727,10:49:56,$ 3327.12,100
2728,10:49:56,$ 3327.46,100
2729,10:49:51,$ 3327.55,100
2730,10:49:40,$ 3326.77,100
2731,10:49:40,$ 3326.80,100
2732,10:49:34,$ 3327.86,100
2733,10:49:30,$ 3326.08,100
2734,10:49:27,$ 3326.50,115
2735,10:49:17,$ 3327.06,100
2736,10:49:17,$ 3327.89,100
2737,10:49:05,$ 3326.39,100
2738,10:49:05,$ 3326.74,100
2739,10:48:57,$ 3326.88,100
2740,10:48:48,$ 3326.125,200
2742,10:48:48,$ 3325.75,100
2743,10:48:48,$ 3325.50,100
2744,10:48:41,$ 3324.58,320
2745,10:48:40,$ 3325.00,188
2746,10:48:31,$ 3325.05,100
2747,10:48:26,$ 3325.61,100
2748,10:48:23,$ 3325.635,100
2749,10:48:21,$ 3326.10,100
2750,10:48:19,$ 3326.19,180
2751,10:48:09,$ 3326.59,100
2752,10:47:59,$ 3327.255,100
2753,10:47:59,$ 3326.00,100
2754,10:47:49,$ 3326.09,100
2755,10:47:44,$ 3325.30,100
2756,10:47:44,$ 3326.095,200
2757,10:47:22,$ 3326.16,100
2758,10:47:12,$ 3325.49,100
2759,10:46:55,$ 3325.36,180
2760,10:46:47,$ 3326.0661,227
2761,10:46:36,$ 3323.89,100
2763,10:46:36,$ 3323.94,100
2764,10:46:35,$ 3323.355,100
2765,10:46:31,$ 3323.44,107
2766,10:46:31,$ 3323.30,165
2767,10:46:28,$ 3323.38,100
2768,10:46:16,$ 3322.31,100
2769,10:46:04,$ 3324.55,150
2770,10:46:00,$ 3324.23,100
2771,10:46:00,$ 3323.92,139
2772,10:46:00,$ 3323.67,100
2773,10:46:00,$ 3323.74,100
2774,10:45:57,$ 3323.75,100
2775,10:45:50,$ 3323.71,100
2776,10:45:45,$ 3322.19,100
2777,10:45:37,$ 3321.74,"1,052"
2778,10:45:37,$ 3322.56,100
2779,10:45:37,$ 3322.68,100
2780,10:45:37,$ 3322.71,100
2781,10:45:37,$ 3322.45,100
2782,10:45:37,$ 3322.71,100
2784,10:45:24,$ 3321.775,100
2785,10:45:24,$ 3321.97,100
2786,10:45:15,$ 3320.90,100
2787,10:45:14,$ 3321.29,100
2788,10:45:07,$ 3321.00,100
2789,10:44:50,$ 3321.845,100
2790,10:44:50,$ 3321.84,100
2791,10:44:50,$ 3322.39,100
2792,10:44:50,$ 3322.15,100
2793,10:44:45,$ 3321.85,100
2794,10:44:35,$ 3321.94,100
2795,10:44:16,$ 3322.08,100
2796,10:44:11,$ 3322.47,100
2797,10:44:09,$ 3321.5517,150
2798,10:44:05,$ 3321.98,100
2799,10:43:55,$ 3320.90,100
2800,10:43:55,$ 3320.545,100
2801,10:43:46,$ 3320.22,185
2802,10:43:42,$ 3321.00,100
2803,10:43:32,$ 3322.285,300
2805,10:43:24,$ 3322.98,100
2806,10:43:11,$ 3321.4701,100
2807,10:43:11,$ 3322.14,100
2808,10:43:11,$ 3322.13,100
2809,10:43:02,$ 3323.33,100
2810,10:43:02,$ 3323.34,100
2811,10:42:48,$ 3324.10,100
2812,10:42:41,$ 3321.9616,100
2813,10:42:30,$ 3323.11,100
2814,10:42:16,$ 3322.58,100
2815,10:42:14,$ 3322.6501,301
2816,10:42:01,$ 3322.52,100
2817,10:41:37,$ 3320.104,100
2818,10:41:37,$ 3320.25,100
2819,10:41:36,$ 3320.21,100
2820,10:41:36,$ 3320.00,100
2821,10:41:36,$ 3320.00,100
2822,10:41:36,$ 3320.00,100
2823,10:41:36,$ 3320.01,100
2824,10:41:31,$ 3321.4399,100
2826,10:41:26,$ 3321.45,100
2827,10:41:19,$ 3322.27,100
2828,10:41:15,$ 3322.74,100
2829,10:41:12,$ 3322.80,100
2830,10:41:12,$ 3322.84,133
2831,10:41:10,$ 3324.00,268
2832,10:40:57,$ 3325.93,100
2833,10:40:52,$ 3325.615,100
2834,10:40:51,$ 3325.00,100
2835,10:40:51,$ 3325.00,100
2836,10:40:48,$ 3326.155,100
2837,10:40:47,$ 3325.59,100
2838,10:40:20,$ 3327.44,100
2839,10:40:15,$ 3326.925,149
2840,10:40:14,$ 3327.00,100
2841,10:40:01,$ 3330.11,100
2842,10:39:54,$ 3330.15,100
2843,10:39:38,$ 3329.06,100
2844,10:39:38,$ 3329.09,100
2845,10:39:33,$ 3328.55,100
2847,10:39:26,$ 3329.08,100
2848,10:39:17,$ 3328.71,100
2849,10:39:14,$ 3328.48,100
2850,10:39:07,$ 3328.44,100
2851,10:39:05,$ 3329.00,111
2852,10:39:05,$ 3329.00,100
2853,10:39:04,$ 3329.04,100
2854,10:38:56,$ 3327.8575,100
2855,10:38:55,$ 3327.88,100
2856,10:38:55,$ 3327.90,100
2857,10:38:48,$ 3327.8707,100
2858,10:38:48,$ 3328.18,100
2859,10:38:48,$ 3327.99,100
2860,10:38:48,$ 3328.03,100
2861,10:38:47,$ 3328.73,100
2862,10:38:46,$ 3327.89,100
2863,10:38:26,$ 3326.3901,100
2864,10:38:22,$ 3327.295,100
2865,10:38:15,$ 3326.99,100
2866,10:38:15,$ 3327.11,100
2868,10:38:15,$ 3326.98,100
2869,10:38:15,$ 3326.97,100
2870,10:38:11,$ 3326.091,100
2871,10:38:09,$ 3326.9899,100
2872,10:38:07,$ 3326.32,100
2873,10:38:07,$ 3327.0936,100
2874,10:38:05,$ 3326.70,100
2875,10:37:46,$ 3327.3355,100
2876,10:37:39,$ 3326.57,107
2877,10:37:38,$ 3327.4488,100
2878,10:37:32,$ 3327.00,100
2879,10:37:25,$ 3327.74,100
2880,10:36:42,$ 3329.16,100
2881,10:36:26,$ 3330.30,117
2882,10:36:26,$ 3329.88,100
2883,10:36:08,$ 3330.7267,100
2884,10:36:05,$ 3330.00,100
2885,10:36:01,$ 3329.66,100
2886,10:36:01,$ 3329.79,100
2887,10:36:01,$ 3329.98,100
2889,10:35:43,$ 3329.8307,150
2890,10:35:38,$ 3329.02,100
2891,10:35:34,$ 3327.95,100
2892,10:35:34,$ 3328.00,100
2893,10:35:34,$ 3328.00,100
2894,10:35:20,$ 3328.00,"1,052"
2895,10:35:03,$ 3329.00,100
2896,10:35:03,$ 3329.00,100
2897,10:35:00,$ 3329.1701,300
2898,10:34:52,$ 3330.23,100
2899,10:34:52,$ 3330.64,100
2900,10:34:52,$ 3330.20,100
2901,10:34:45,$ 3329.73,100
2902,10:34:45,$ 3329.73,100
2903,10:34:41,$ 3329.73,200
2904,10:34:41,$ 3330.11,100
2905,10:34:41,$ 3330.00,100
2906,10:34:09,$ 3331.11,100
2907,10:34:04,$ 3331.28,200
2908,10:34:02,$ 3330.58,100
2910,10:33:59,$ 3331.44,100
2911,10:33:58,$ 3330.99,100
2912,10:33:50,$ 3330.50,100
2913,10:33:49,$ 3330.50,600
2914,10:33:49,$ 3330.96,100
2915,10:33:42,$ 3330.23,851
2916,10:33:42,$ 3330.23,118
2917,10:33:42,$ 3330.41,100
2918,10:33:37,$ 3330.4999,150
2919,10:33:36,$ 3330.4986,185
2920,10:33:36,$ 3329.845,100
2921,10:33:35,$ 3329.29,100
2922,10:33:25,$ 3329.0001,100
2923,10:33:23,$ 3329.44,100
2924,10:33:17,$ 3329.8224,100
2925,10:33:09,$ 3328.25,100
2926,10:33:08,$ 3329.18,100
2927,10:33:08,$ 3329.185,"1,250"
2928,10:33:07,$ 3328.60,"1,250"
2929,10:33:01,$ 3329.745,150
2931,10:32:55,$ 3328.34,281
2932,10:32:54,$ 3328.86,100
2933,10:32:51,$ 3327.79,100
2934,10:32:51,$ 3327.98,300
2935,10:32:51,$ 3327.98,100
2936,10:32:51,$ 3328.1937,165
2937,10:32:50,$ 3328.24,100
2938,10:32:49,$ 3327.63,200
2939,10:32:45,$ 3326.822,100
2940,10:32:43,$ 3328.235,100
2941,10:32:36,$ 3327.78,500
2942,10:32:34,$ 3328.02,100
2943,10:32:34,$ 3327.6608,250
2944,10:32:34,$ 3327.622,100
2945,10:32:34,$ 3328.325,500
2946,10:32:33,$ 3328.3327,500
2947,10:32:29,$ 3328.22,100
2948,10:32:29,$ 3328.80,100
2949,10:32:29,$ 3328.60,100
2950,10:32:29,$ 3328.63,100
2952,10:32:29,$ 3328.65,100
2953,10:32:29,$ 3328.65,100
2954,10:32:25,$ 3327.965,400
2955,10:32:22,$ 3328.09,100
2956,10:32:18,$ 3329.17,100
2957,10:32:18,$ 3328.3485,134
2958,10:32:12,$ 3328.23,400
2959,10:32:11,$ 3328.00,100
2960,10:32:03,$ 3330.00,100
2961,10:32:03,$ 3330.00,100
2962,10:31:53,$ 3331.605,100
2963,10:31:51,$ 3332.0438,100
2964,10:31:32,$ 3331.06,131
2965,10:31:29,$ 3331.06,100
2966,10:31:12,$ 3330.80,100
2967,10:31:07,$ 3330.50,150
2968,10:31:04,$ 3330.15,100
2969,10:31:04,$ 3330.30,100
2970,10:31:02,$ 3330.03,100
2971,10:31:02,$ 3330.36,100
2973,10:31:02,$ 3330.02,100
2974,10:31:02,$ 3330.02,100
2975,10:31:02,$ 3330.30,100
2976,10:31:02,$ 3331.00,400
2977,10:30:49,$ 3332.74,100
2978,10:30:49,$ 3332.77,199
2979,10:30:48,$ 3332.74,100
2980,10:30:48,$ 3332.74,100
2981,10:30:48,$ 3332.21,100
2982,10:30:48,$ 3332.48,100
2983,10:30:48,$ 3332.48,100
2984,10:30:46,$ 3332.23,100
2985,10:30:43,$ 3331.48,100
2986,10:30:36,$ 3332.46,100
2987,10:30:25,$ 3332.96,100
2988,10:30:24,$ 3332.23,200
2989,10:30:24,$ 3332.23,100
2990,10:30:15,$ 3332.1471,100
2991,10:30:13,$ 3331.2129,100
2992,10:30:08,$ 3332.1899,300
2994,10:30:07,$ 3332.85,100
2995,10:30:07,$ 3332.7261,100
2996,10:30:05,$ 3333.8899,100
2997,10:30:04,$ 3333.51,100
2998,10:30:04,$ 3333.51,100
2999,10:30:01,$ 3334.35,148
3001,11:29:47,$ 3319.66,100
3002,11:29:46,$ 3320.03,100
3003,11:29:46,$ 3320.03,100
3004,11:29:39,$ 3319.62,"1,000"
3005,11:29:30,$ 3320.00,100
3006,11:29:26,$ 3319.695,100
3007,11:29:26,$ 3319.84,100
3008,11:29:25,$ 3320.00,100
3009,11:29:03,$ 3321.7299,250
3010,11:28:14,$ 3321.56,100
3011,11:28:14,$ 3321.56,100
3012,11:28:09,$ 3322.80,100
3013,11:28:07,$ 3322.67,200
3014,11:27:51,$ 3322.0216,100
3015,11:27:44,$ 3322.60,100
3016,11:27:36,$ 3322.45,100
3017,11:27:35,$ 3322.08,100
3018,11:27:35,$ 3322.08,100
3019,11:27:35,$ 3321.91,100
3020,11:27:35,$ 3321.87,100
3022,11:27:33,$ 3322.02,100
3023,11:27:33,$ 3322.58,100
3024,11:27:27,$ 3322.26,250
3025,11:27:27,$ 3321.88,100
3026,11:27:26,$ 3321.87,100
3027,11:27:26,$ 3321.87,100
3028,11:27:26,$ 3321.87,100
3029,11:27:26,$ 3321.87,100
3030,11:27:26,$ 3321.87,100
3031,11:27:21,$ 3321.275,200
3032,11:27:20,$ 3320.68,405
3033,11:27:18,$ 3321.2679,142
3034,11:27:06,$ 3320.81,100
3035,11:27:06,$ 3320.76,100
3036,11:27:04,$ 3320.96,100
3037,11:27:04,$ 3320.85,100
3038,11:26:52,$ 3322.01,100
3039,11:26:52,$ 3321.98,100
3040,11:26:52,$ 3321.98,100
3041,11:26:52,$ 3321.98,100
3043,11:26:52,$ 3321.98,100
3044,11:26:52,$ 3321.86,100
3045,11:26:49,$ 3320.85,100
3046,11:26:46,$ 3321.00,200
3047,11:26:27,$ 3320.13,380
3048,11:25:56,$ 3320.63,100
3049,11:25:56,$ 3320.64,100
3050,11:25:47,$ 3319.89,200
3051,11:25:37,$ 3321.00,100
3052,11:24:58,$ 3321.2928,500
3053,11:24:24,$ 3321.57,100
3054,11:24:24,$ 3321.36,100
3055,11:24:24,$ 3322.8499,500
3056,11:23:38,$ 3322.32,100
3057,11:23:38,$ 3322.31,100
3058,11:23:38,$ 3322.23,100
3059,11:23:38,$ 3322.20,100
3060,11:23:21,$ 3322.17,117
3061,11:23:09,$ 3322.24,500
3062,11:23:04,$ 3321.67,100
3064,11:22:59,$ 3322.22,100
3065,11:22:55,$ 3322.32,167
3066,11:22:53,$ 3322.70,135
3067,11:22:53,$ 3322.43,100
3068,11:22:53,$ 3322.40,100
3069,11:22:47,$ 3322.10,113
3070,11:22:39,$ 3322.70,100
3071,11:22:18,$ 3321.26,100
3072,11:22:13,$ 3322.845,100
3073,11:22:13,$ 3322.107,750
3074,11:22:13,$ 3322.702,100
3075,11:22:10,$ 3321.92,100
3076,11:22:10,$ 3321.00,250
3077,11:22:01,$ 3321.9899,100
3078,11:21:58,$ 3321.51,100
3079,11:21:52,$ 3321.51,300
3080,11:21:48,$ 3321.98,100
3081,11:21:37,$ 3322.63,100
3082,11:21:30,$ 3322.295,100
3083,11:21:30,$ 3322.93,100
3085,11:21:30,$ 3322.95,100
3086,11:21:30,$ 3322.94,100
3087,11:21:30,$ 3322.64,100
3088,11:21:28,$ 3322.64,"1,200"
3089,11:21:28,$ 3322.40,100
3090,11:21:25,$ 3321.505,200
3091,11:21:23,$ 3321.50,100
3092,11:21:22,$ 3321.1572,100
3093,11:21:21,$ 3321.10,100
3094,11:21:21,$ 3321.02,100
3095,11:21:21,$ 3321.01,100
3096,11:21:13,$ 3321.00,141
3097,11:21:05,$ 3320.99,100
3098,11:21:05,$ 3320.46,200
3099,11:21:00,$ 3320.00,100
3100,11:21:00,$ 3320.25,100
3101,11:20:56,$ 3319.00,100
3102,11:20:51,$ 3318.1557,100
3103,11:20:30,$ 3318.26,100
3104,11:20:00,$ 3317.47,200
3106,11:20:00,$ 3317.47,100
3107,11:19:50,$ 3317.50,100
3108,11:19:46,$ 3317.0001,160
3109,11:19:09,$ 3318.99,100
3110,11:19:08,$ 3318.55,100
3111,11:18:31,$ 3320.24,100
3112,11:18:22,$ 3319.29,100
3113,11:18:15,$ 3319.842,100
3114,11:18:14,$ 3319.38,100
3115,11:18:05,$ 3320.29,100
3116,11:18:03,$ 3320.73,100
3117,11:17:59,$ 3320.62,100
3118,11:17:57,$ 3320.24,100
3119,11:17:55,$ 3320.00,100
3120,11:17:51,$ 3319.72,100
3121,11:17:49,$ 3319.10,100
3122,11:17:49,$ 3319.11,100
3123,11:17:44,$ 3319.09,100
3124,11:17:44,$ 3318.71,100
3125,11:17:38,$ 3318.89,100
3127,11:17:38,$ 3318.70,100
3128,11:17:37,$ 3319.52,100
3129,11:17:37,$ 3318.87,100
3130,11:17:37,$ 3318.77,100
3131,11:17:35,$ 3318.26,100
3132,11:17:15,$ 3318.07,100
3133,11:16:59,$ 3317.95,100
3134,11:16:30,$ 3318.02,100
3135,11:16:24,$ 3317.26,100
3136,11:16:24,$ 3317.24,100
3137,11:16:24,$ 3317.15,100
3138,11:16:24,$ 3316.135,100
3139,11:16:23,$ 3317.0751,154
3140,11:16:23,$ 3315.02,288
3141,11:16:20,$ 3316.14,100
3142,11:16:20,$ 3316.14,100
3143,11:16:04,$ 3316.99,100
3144,11:15:49,$ 3316.56,100
3145,11:15:48,$ 3316.60,100
3146,11:15:48,$ 3316.57,500
3148,11:15:44,$ 3316.99,100
3149,11:15:36,$ 3317.36,100
3150,11:15:32,$ 3317.81,100
3151,11:15:32,$ 3317.725,100
3152,11:15:28,$ 3317.31,100
3153,11:15:28,$ 3317.33,100
3154,11:15:26,$ 3317.34,100
3155,11:15:26,$ 3317.99,100
3156,11:15:26,$ 3318.00,100
3157,11:15:25,$ 3316.80,100
3158,11:15:11,$ 3315.99,100
3159,11:15:11,$ 3315.99,100
3160,11:15:06,$ 3315.00,150
3161,11:15:06,$ 3315.94,100
3162,11:15:06,$ 3315.00,100
3163,11:15:06,$ 3315.00,100
3164,11:15:06,$ 3315.00,100
3165,11:15:06,$ 3315.00,100
3166,11:15:06,$ 3315.00,100
3167,11:15:06,$ 3315.00,230
3169,11:15:05,$ 3315.01,400
3170,11:15:05,$ 3315.52,100
3171,11:15:04,$ 3315.50,400
3172,11:15:03,$ 3315.50,100
3173,11:15:02,$ 3316.15,190
3174,11:15:00,$ 3316.15,100
3175,11:14:54,$ 3316.15,100
3176,11:14:48,$ 3316.25,100
3177,11:14:47,$ 3316.365,100
3178,11:14:47,$ 3316.67,100
3179,11:14:47,$ 3316.74,100
3180,11:14:46,$ 3316.365,100
3181,11:14:45,$ 3316.36,184
3182,11:14:39,$ 3317.15,100
3183,11:14:31,$ 3317.3219,"1,000"
3184,11:14:24,$ 3318.23,100
3185,11:14:20,$ 3317.20,500
3186,11:14:13,$ 3319.00,143
3187,11:14:13,$ 3318.5125,100
3188,11:14:11,$ 3318.44,100
3190,11:14:11,$ 3318.16,100
3191,11:14:11,$ 3318.16,100
3192,11:14:11,$ 3318.22,115
3193,11:14:11,$ 3318.22,113
3194,11:14:04,$ 3318.11,100
3195,11:13:58,$ 3317.665,400
3196,11:13:55,$ 3318.00,100
3197,11:13:50,$ 3319.00,185
3198,11:13:50,$ 3318.825,100
3199,11:13:49,$ 3318.54,113
3200,11:13:46,$ 3319.026,200
3201,11:13:41,$ 3320.745,100
3202,11:13:35,$ 3320.34,100
3203,11:13:09,$ 3318.535,100
3204,11:13:03,$ 3318.55,107
3205,11:12:50,$ 3319.7375,100
3206,11:12:45,$ 3319.7084,175
3207,11:12:37,$ 3319.00,100
3208,11:12:37,$ 3319.00,100
3209,11:12:37,$ 3319.00,100
3211,11:12:37,$ 3319.01,119
3212,11:12:31,$ 3320.8099,300
3213,11:12:30,$ 3319.68,100
3214,11:12:30,$ 3320.00,100
3215,11:12:30,$ 3320.00,100
3216,11:12:30,$ 3320.00,100
3217,11:12:30,$ 3320.00,100
3218,11:12:18,$ 3321.39,100
3219,11:12:18,$ 3321.39,100
3220,11:12:11,$ 3322.38,100
3221,11:11:42,$ 3324.205,100
3222,11:11:25,$ 3322.44,100
3223,11:11:25,$ 3322.44,100
3224,11:11:10,$ 3323.695,100
3225,11:10:50,$ 3322.39,100
3226,11:10:48,$ 3322.68,100
3227,11:10:44,$ 3322.86,175
3228,11:10:44,$ 3323.10,100
3229,11:10:33,$ 3323.71,100
3230,11:10:22,$ 3322.28,100
3232,11:10:22,$ 3322.28,100
3233,11:10:22,$ 3322.47,100
3234,11:10:22,$ 3322.61,100
3235,11:09:52,$ 3320.945,100
3236,11:09:52,$ 3320.71,100
3237,11:09:52,$ 3320.66,100
3238,11:09:52,$ 3320.71,100
3239,11:09:43,$ 3322.23,111
3240,11:09:32,$ 3322.23,100
3241,11:09:07,$ 3321.165,100
3242,11:09:03,$ 3321.33,156
3243,11:09:03,$ 3321.47,100
3244,11:09:03,$ 3321.65,100
3245,11:09:02,$ 3322.27,"1,200"
3246,11:09:02,$ 3321.57,100
3247,11:09:02,$ 3321.85,100
3248,11:09:02,$ 3321.47,100
3249,11:09:02,$ 3321.56,100
3250,11:09:02,$ 3321.56,100
3251,11:09:02,$ 3321.81,100
3253,11:09:02,$ 3321.22,100
3254,11:09:01,$ 3320.3925,100
3255,11:08:58,$ 3320.98,100
3256,11:08:46,$ 3321.90,100
3257,11:08:45,$ 3321.91,100
3258,11:08:23,$ 3322.51,196
3259,11:08:22,$ 3322.44,100
3260,11:07:21,$ 3324.00,100
3261,11:07:18,$ 3324.49,100
3262,11:07:18,$ 3324.26,100
3263,11:07:15,$ 3322.42,100
3264,11:07:15,$ 3322.77,100
3265,11:07:08,$ 3323.48,100
3266,11:07:06,$ 3323.57,100
3267,11:06:45,$ 3322.79,100
3268,11:06:45,$ 3322.74,100
3269,11:06:25,$ 3321.895,100
3270,11:06:24,$ 3323.31,100
3271,11:05:31,$ 3325.00,100
3272,11:05:31,$ 3324.375,100
3274,11:05:30,$ 3325.16,100
3275,11:05:28,$ 3325.23,100
3276,11:05:28,$ 3325.27,109
3277,11:05:19,$ 3324.80,115
3278,11:05:09,$ 3324.15,100
3279,11:05:09,$ 3323.62,100
3280,11:05:09,$ 3323.59,100
3281,11:04:49,$ 3324.04,100
3282,11:04:44,$ 3323.475,100
3283,11:04:08,$ 3325.695,100
3284,11:04:08,$ 3325.695,100
3285,11:04:03,$ 3324.98,100
3286,11:04:00,$ 3324.19,111
3287,11:03:53,$ 3324.84,100
3288,11:03:51,$ 3325.61,100
3289,11:03:48,$ 3324.5039,120
3290,11:03:41,$ 3324.0001,100
3291,11:03:33,$ 3323.12,100
3292,11:03:32,$ 3324.9799,200
3293,11:03:21,$ 3323.465,100
3295,11:03:17,$ 3322.16,100
3296,11:03:16,$ 3322.1788,556
3297,11:03:14,$ 3322.127,100
3298,11:03:05,$ 3321.8525,100
3299,11:03:05,$ 3321.8925,100
3300,11:03:02,$ 3322.08,100
3301,11:02:43,$ 3324.65,100
3302,11:02:38,$ 3324.845,100
3303,11:02:34,$ 3324.80,125
3304,11:02:29,$ 3324.745,150
3305,11:02:22,$ 3326.0875,100
3306,11:02:22,$ 3327.01,100
3307,11:02:10,$ 3327.4626,100
3308,11:02:09,$ 3328.2505,199
3309,11:02:09,$ 3328.64,100
3310,11:02:09,$ 3328.83,100
3311,11:02:09,$ 3328.53,100
3312,11:02:09,$ 3328.68,300
3313,11:01:57,$ 3328.39,100
3314,11:01:52,$ 3328.58,100
3316,11:01:52,$ 3328.58,100
3317,11:01:52,$ 3328.58,100
3318,11:01:50,$ 3327.99,100
3319,11:01:50,$ 3327.92,100
3320,11:01:47,$ 3327.79,100
3321,11:01:41,$ 3327.47,100
3322,11:01:41,$ 3327.71,100
3323,11:01:41,$ 3327.83,100
3324,11:01:41,$ 3327.40,100
3325,11:01:36,$ 3327.00,100
3326,11:01:36,$ 3327.005,125
3327,11:01:32,$ 3326.5201,100
3328,11:01:29,$ 3327.26,100
3329,11:01:26,$ 3326.83,100
3330,11:01:24,$ 3326.835,100
3331,11:01:22,$ 3326.58,100
3332,11:01:22,$ 3326.72,100
3333,11:01:22,$ 3326.72,100
3334,11:01:22,$ 3326.82,100
3335,11:01:19,$ 3326.52,100
3337,11:01:19,$ 3326.52,100
3338,11:01:19,$ 3326.52,100
3339,11:01:13,$ 3325.4682,180
3340,11:01:08,$ 3325.71,100
3341,11:01:08,$ 3325.29,100
3342,11:01:05,$ 3322.93,600
3343,11:01:03,$ 3324.95,100
3344,11:01:03,$ 3325.425,131
3345,11:01:03,$ 3325.425,130
3346,11:01:03,$ 3325.275,173
3347,11:01:03,$ 3325.575,100
3348,11:01:03,$ 3325.57,100
3349,11:01:03,$ 3325.575,100
3350,11:01:00,$ 3325.765,100
3351,11:01:00,$ 3326.47,100
3352,11:01:00,$ 3326.47,100
3353,11:01:00,$ 3326.465,125
3354,11:01:00,$ 3326.07,100
3355,11:00:31,$ 3325.89,100
3356,11:00:30,$ 3325.70,100
3358,11:00:30,$ 3325.695,131
3359,11:00:30,$ 3325.70,100
3360,11:00:27,$ 3326.05,100
3361,11:00:24,$ 3326.075,100
3362,11:00:21,$ 3326.075,100
3363,11:00:21,$ 3326.08,248
3364,11:00:20,$ 3326.08,100
3365,11:00:20,$ 3326.08,100
3366,11:00:20,$ 3326.08,100
3367,11:00:17,$ 3326.045,100
3368,11:00:12,$ 3326.225,100
3369,11:00:09,$ 3326.70,100
3370,11:00:09,$ 3326.71,100
3371,11:00:09,$ 3326.295,100
3372,11:00:09,$ 3326.295,200
3373,11:00:05,$ 3326.295,100
3374,11:00:04,$ 3326.275,100
3375,11:00:04,$ 3326.18,100
3377,11:59:42,$ 3323.2511,182
3378,11:59:08,$ 3323.69,100
3379,11:59:08,$ 3323.71,100
3380,11:59:08,$ 3323.71,100
3381,11:59:08,$ 3324.01,100
3382,11:59:08,$ 3324.0117,117
3383,11:59:08,$ 3324.12,100
3384,11:59:08,$ 3324.29,100
3385,11:59:08,$ 3324.17,100
3386,11:59:00,$ 3324.05,100
3387,11:58:29,$ 3324.91,100
3388,11:58:29,$ 3324.86,100
3389,11:58:16,$ 3325.501,180
3390,11:57:55,$ 3326.7013,160
3391,11:57:50,$ 3325.70,100
3392,11:57:48,$ 3325.61,100
3393,11:57:37,$ 3325.40,100
3394,11:57:37,$ 3325.415,100
3395,11:57:00,$ 3325.84,"2,000"
3396,11:56:03,$ 3325.29,100
3398,11:55:59,$ 3325.10,100
3399,11:54:24,$ 3326.62,194
3400,11:54:24,$ 3326.61,352
3401,11:54:24,$ 3326.57,100
3402,11:54:24,$ 3325.99,100
3403,11:54:00,$ 3326.38,100
3404,11:53:51,$ 3327.7554,595
3405,11:53:51,$ 3326.90,100
3406,11:53:51,$ 3327.00,100
3407,11:53:51,$ 3326.60,105
3408,11:53:51,$ 3326.60,100
3409,11:53:48,$ 3326.58,100
3410,11:53:38,$ 3326.495,100
3411,11:52:51,$ 3326.25,100
3412,11:52:17,$ 3325.62,100
3413,11:52:17,$ 3325.8086,100
3414,11:51:51,$ 3325.88,100
3415,11:51:47,$ 3327.14,100
3416,11:51:44,$ 3327.83,100
3417,11:51:22,$ 3326.68,100
3419,11:51:14,$ 3326.50,100
3420,11:51:09,$ 3326.50,100
3421,11:51:08,$ 3326.12,100
3422,11:51:08,$ 3325.58,100
3423,11:50:57,$ 3325.48,100
3424,11:50:57,$ 3325.56,100
3425,11:49:51,$ 3325.96,100
3426,11:49:51,$ 3325.96,100
3427,11:49:29,$ 3324.085,100
3428,11:49:18,$ 3324.39,100
3429,11:49:18,$ 3324.35,126
3430,11:49:04,$ 3325.77,200
3431,11:49:02,$ 3325.545,100
3432,11:48:48,$ 3325.70,100
3433,11:48:32,$ 3326.9799,100
3434,11:47:12,$ 3326.99,100
3435,11:47:11,$ 3326.71,100
3436,11:47:11,$ 3326.48,100
3437,11:47:11,$ 3326.48,100
3438,11:47:11,$ 3327.17,255
3440,11:47:10,$ 3327.17,121
3441,11:46:44,$ 3326.57,100
3442,11:46:41,$ 3326.4775,336
3443,11:46:40,$ 3326.10,100
3444,11:46:27,$ 3326.02,100
3445,11:46:27,$ 3326.00,100
3446,11:46:17,$ 3325.22,100
3447,11:46:09,$ 3325.14,100
3448,11:46:09,$ 3325.20,100
3449,11:45:46,$ 3325.455,100
3450,11:45:44,$ 3324.2701,100
3451,11:45:32,$ 3325.10,100
3452,11:45:29,$ 3323.97,100
3453,11:45:28,$ 3323.9699,100
3454,11:45:21,$ 3323.79,100
3455,11:44:44,$ 3324.21,200
3456,11:44:43,$ 3324.2071,356
3457,11:44:05,$ 3321.87,556
3458,11:44:03,$ 3321.5101,400
3459,11:43:43,$ 3321.81,200
3461,11:43:27,$ 3321.67,400
3462,11:43:17,$ 3322.39,100
3463,11:43:17,$ 3322.37,100
3464,11:43:15,$ 3322.39,100
3465,11:43:15,$ 3322.00,100
3466,11:43:15,$ 3322.00,100
3467,11:42:49,$ 3323.26,120
3468,11:42:37,$ 3323.21,101
3469,11:42:18,$ 3323.00,200
3470,11:41:53,$ 3323.32,100
3471,11:41:49,$ 3322.68,109
3472,11:41:43,$ 3323.42,100
3473,11:41:43,$ 3323.42,100
3474,11:41:41,$ 3323.46,100
3475,11:41:40,$ 3323.46,100
3476,11:41:40,$ 3323.80,100
3477,11:41:22,$ 3324.92,100
3478,11:40:32,$ 3325.34,100
3479,11:40:32,$ 3325.33,100
3480,11:40:28,$ 3326.00,100
3482,11:40:28,$ 3324.53,491
3483,11:40:28,$ 3325.31,100
3484,11:40:04,$ 3326.01,100
3485,11:40:00,$ 3324.70,100
3486,11:39:41,$ 3324.745,100
3487,11:39:36,$ 3324.31,100
3488,11:39:33,$ 3324.103,100
3489,11:39:33,$ 3324.12,100
3490,11:39:33,$ 3324.12,100
3491,11:39:33,$ 3324.12,100
3492,11:39:33,$ 3323.94,100
3493,11:39:31,$ 3323.27,100
3494,11:39:27,$ 3324.3199,100
3495,11:39:19,$ 3324.00,100
3496,11:39:19,$ 3324.00,200
3497,11:39:19,$ 3324.00,296
3498,11:38:21,$ 3324.36,100
3499,11:37:26,$ 3323.9619,120
3500,11:37:02,$ 3325.00,116
3501,11:37:02,$ 3325.00,150
3503,11:36:45,$ 3323.12,100
3504,11:36:14,$ 3324.555,200
3505,11:36:14,$ 3324.96,100
3506,11:35:56,$ 3324.24,100
3507,11:35:20,$ 3325.42,212
3508,11:35:18,$ 3325.425,250
3509,11:35:14,$ 3325.385,100
3510,11:35:14,$ 3325.385,169
3511,11:35:11,$ 3325.6266,200
3512,11:35:08,$ 3325.48,200
3513,11:35:04,$ 3325.485,100
3514,11:35:01,$ 3325.49,197
3515,11:34:54,$ 3325.05,556
3516,11:34:53,$ 3324.775,100
3517,11:34:53,$ 3324.775,100
3518,11:34:53,$ 3324.775,100
3519,11:34:36,$ 3324.75,100
3520,11:34:32,$ 3324.02,141
3521,11:34:32,$ 3324.11,100
3522,11:34:32,$ 3324.11,100
3524,11:34:32,$ 3324.11,100
3525,11:34:32,$ 3324.11,100
3526,11:34:32,$ 3324.11,100
3527,11:34:32,$ 3324.11,100
3528,11:34:21,$ 3323.94,100
3529,11:34:19,$ 3323.94,100
3530,11:34:17,$ 3323.62,100
3531,11:34:07,$ 3324.32,100
3532,11:34:07,$ 3324.27,212
3533,11:34:07,$ 3324.27,200
3534,11:34:07,$ 3324.27,202
3535,11:34:07,$ 3324.00,100
3536,11:34:07,$ 3323.86,100
3537,11:34:07,$ 3323.275,100
3538,11:34:03,$ 3322.69,100
3539,11:33:56,$ 3322.49,100
3540,11:33:56,$ 3322.495,287
3541,11:33:43,$ 3321.86,100
3542,11:33:35,$ 3321.925,100
3543,11:33:35,$ 3321.63,272
3545,11:33:35,$ 3321.93,900
3546,11:33:35,$ 3321.93,160
3547,11:33:12,$ 3321.43,100
3548,11:33:12,$ 3322.005,128
3549,11:33:11,$ 3321.785,"2,700"
3550,11:33:10,$ 3321.1216,200
3551,11:33:05,$ 3321.48,100
3552,11:33:05,$ 3321.48,100
3553,11:33:05,$ 3321.23,100
3554,11:33:05,$ 3321.33,100
3555,11:33:05,$ 3321.02,100
3556,11:33:05,$ 3321.02,100
3557,11:33:05,$ 3321.02,100
3558,11:33:05,$ 3320.42,100
3559,11:33:05,$ 3320.52,100
3560,11:33:05,$ 3320.82,100
3561,11:33:05,$ 3321.00,100
3562,11:33:05,$ 3321.00,100
3563,11:33:05,$ 3319.37,100
3564,11:33:05,$ 3319.32,100
3566,11:33:05,$ 3319.37,100
3567,11:33:05,$ 3319.57,100
3568,11:32:56,$ 3319.035,400
3569,11:32:45,$ 3318.32,100
3570,11:32:45,$ 3318.54,100
3571,11:32:45,$ 3318.43,158
3572,11:32:38,$ 3318.37,100
3573,11:32:38,$ 3318.57,100
3574,11:32:20,$ 3318.145,447
3575,11:32:14,$ 3318.195,100
3576,11:32:14,$ 3318.23,100
3577,11:32:07,$ 3318.09,100
3578,11:32:07,$ 3318.24,100
3579,11:32:07,$ 3318.23,100
3580,11:31:56,$ 3317.72,100
3581,11:31:49,$ 3317.70,100
3582,11:31:34,$ 3318.71,400
3583,11:31:06,$ 3319.37,100
3584,11:31:06,$ 3319.44,100
3585,11:31:06,$ 3319.39,100
3587,11:31:03,$ 3319.97,100
3588,11:31:00,$ 3319.10,100
3590,12:29:59,$ 3323.02,100
3591,12:29:10,$ 3323.8899,100
3592,12:29:10,$ 3323.445,100
3593,12:28:49,$ 3323.68,100
3594,12:28:00,$ 3324.235,100
3595,12:27:26,$ 3325.00,100
3596,12:27:22,$ 3325.305,800
3597,12:27:05,$ 3324.7601,100
3598,12:26:50,$ 3324.095,100
3599,12:26:16,$ 3323.6231,100
3600,12:26:08,$ 3324.00,100
3601,12:25:42,$ 3324.67,154
3602,12:24:37,$ 3325.05,100
3603,12:23:08,$ 3324.78,100
3604,12:23:08,$ 3324.62,100
3605,12:22:36,$ 3325.11,100
3606,12:22:36,$ 3325.12,100
3607,12:22:36,$ 3325.11,100
3608,12:22:36,$ 3325.10,100
3609,12:22:26,$ 3324.79,100
3611,12:22:26,$ 3324.435,100
3612,12:22:25,$ 3324.44,185
3613,12:21:59,$ 3324.46,100
3614,12:21:27,$ 3326.165,100
3615,12:20:55,$ 3326.73,100
3616,12:20:38,$ 3326.24,100
3617,12:20:38,$ 3325.76,100
3618,12:20:38,$ 3326.02,100
3619,12:20:12,$ 3325.845,100
3620,12:19:03,$ 3326.50,100
3621,12:18:55,$ 3326.4899,100
3622,12:18:53,$ 3325.6411,100
3623,12:18:52,$ 3326.6784,336
3624,12:18:52,$ 3326.6784,100
3625,12:18:52,$ 3326.30,100
3626,12:18:45,$ 3326.515,100
3627,12:18:37,$ 3325.77,100
3628,12:18:26,$ 3325.295,100
3629,12:18:21,$ 3325.50,100
3630,12:18:21,$ 3325.40,167
3632,12:17:52,$ 3326.40,100
3633,12:17:35,$ 3326.1823,500
3634,12:16:50,$ 3326.03,100
3635,12:16:47,$ 3326.195,100
3636,12:16:39,$ 3326.52,100
3637,12:16:36,$ 3326.6086,100
3638,12:16:27,$ 3327.11,111
3639,12:16:23,$ 3326.315,100
3640,12:16:22,$ 3326.09,100
3641,12:16:09,$ 3326.00,178
3642,12:16:09,$ 3326.00,100
3643,12:15:53,$ 3326.11,100
3644,12:15:42,$ 3326.50,100
3645,12:15:42,$ 3326.51,100
3646,12:15:35,$ 3326.42,100
3647,12:15:07,$ 3325.44,100
3648,12:14:57,$ 3327.04,100
3649,12:14:53,$ 3326.77,100
3650,12:14:47,$ 3326.3966,100
3651,12:14:20,$ 3326.0283,100
3653,12:13:59,$ 3326.08,100
3654,12:12:57,$ 3327.15,100
3655,12:12:57,$ 3327.16,100
3656,12:12:49,$ 3326.15,100
3657,12:12:49,$ 3325.90,100
3658,12:12:49,$ 3326.59,100
3659,12:12:39,$ 3326.52,336
3660,12:12:39,$ 3326.52,156
3661,12:12:39,$ 3327.21,100
3662,12:12:25,$ 3326.60,100
3663,12:11:52,$ 3327.69,100
3664,12:11:15,$ 3328.495,100
3665,12:11:11,$ 3328.22,100
3666,12:11:02,$ 3329.28,100
3667,12:10:16,$ 3329.1898,500
3668,12:10:11,$ 3328.87,100
3669,12:09:58,$ 3329.98,150
3670,12:09:58,$ 3329.92,100
3671,12:09:00,$ 3329.02,200
3672,12:08:29,$ 3329.01,150
3674,12:07:42,$ 3329.29,100
3675,12:07:40,$ 3328.805,100
3676,12:07:36,$ 3329.00,164
3677,12:07:32,$ 3329.36,100
3678,12:07:32,$ 3329.36,191
3679,12:07:27,$ 3329.42,100
3680,12:07:22,$ 3330.00,101
3681,12:06:15,$ 3330.677,164
3682,12:06:15,$ 3330.55,100
3683,12:06:14,$ 3330.68,100
3684,12:06:07,$ 3331.1549,146
3685,12:06:00,$ 3331.34,400
3686,12:05:58,$ 3330.8501,180
3687,12:05:53,$ 3331.8048,100
3688,12:05:40,$ 3331.33,100
3689,12:05:36,$ 3330.8585,100
3690,12:05:31,$ 3330.49,173
3691,12:05:31,$ 3330.49,201
3692,12:05:21,$ 3329.87,100
3693,12:05:18,$ 3329.8461,100
3695,12:05:17,$ 3329.8726,100
3696,12:04:57,$ 3330.51,100
3697,12:04:57,$ 3330.00,100
3698,12:04:57,$ 3329.98,100
3699,12:04:29,$ 3330.6642,135
3700,12:04:28,$ 3329.495,890
3701,12:04:15,$ 3329.24,200
3702,12:04:14,$ 3329.84,100
3703,12:03:58,$ 3330.1033,150
3704,12:03:19,$ 3330.5601,100
3705,12:03:19,$ 3331.23,100
3706,12:03:19,$ 3331.31,100
3707,12:03:19,$ 3331.36,100
3708,12:03:19,$ 3331.925,100
3709,12:03:19,$ 3331.875,100
3710,12:03:11,$ 3330.7173,150
3711,12:02:59,$ 3330.7311,150
3712,12:02:55,$ 3331.00,100
3713,12:02:50,$ 3330.44,100
3714,12:02:37,$ 3330.385,250
3716,12:02:29,$ 3330.4211,175
3717,12:02:29,$ 3330.48,133
3718,12:02:29,$ 3330.7617,481
3719,12:02:29,$ 3330.421,115
3720,12:02:25,$ 3329.68,100
3721,12:02:21,$ 3329.86,100
3722,12:02:20,$ 3329.99,111
3723,12:02:20,$ 3330.00,200
3724,12:02:20,$ 3329.79,150
3725,12:02:17,$ 3329.762,100
3726,12:02:17,$ 3329.778,100
3727,12:02:17,$ 3329.69,300
3728,12:02:17,$ 3329.69,276
3729,12:02:09,$ 3328.72,100
3730,12:02:09,$ 3328.27,100
3731,12:02:08,$ 3328.00,400
3732,12:02:08,$ 3328.00,100
3733,12:02:01,$ 3327.07,100
3734,12:02:01,$ 3327.06,100
3735,12:00:55,$ 3324.49,100
3737,12:00:55,$ 3324.76,100
3738,12:00:36,$ 3323.76,100
3739,12:00:21,$ 3322.7028,100
3740,12:00:15,$ 3322.51,100
3741,12:00:02,$ 3323.37,100
3742,12:00:02,$ 3323.37,100
3744,12:59:49,$ 3320.7397,235
3745,12:59:49,$ 3320.7397,239
3746,12:59:39,$ 3320.23,100
3747,12:59:23,$ 3320.905,200
3748,12:59:19,$ 3320.175,100
3749,12:59:09,$ 3320.37,100
3750,12:59:01,$ 3320.05,100
3751,12:59:01,$ 3320.05,100
3752,12:58:53,$ 3319.56,556
3753,12:58:25,$ 3320.32,100
3754,12:58:25,$ 3320.90,100
3755,12:58:25,$ 3320.30,100
3756,12:58:25,$ 3320.30,100
3757,12:58:25,$ 3320.51,100
3758,12:58:06,$ 3320.55,100
3759,12:57:54,$ 3321.13,100
3760,12:57:10,$ 3321.42,100
3761,12:56:58,$ 3321.23,100
3762,12:56:39,$ 3321.10,100
3763,12:56:15,$ 3321.09,100
3765,12:55:50,$ 3321.4473,110
3766,12:55:09,$ 3321.20,100
3767,12:54:57,$ 3322.35,100
3768,12:54:42,$ 3321.91,100
3769,12:54:26,$ 3322.01,100
3770,12:53:50,$ 3323.24,100
3771,12:53:25,$ 3322.65,100
3772,12:53:25,$ 3322.57,180
3773,12:52:50,$ 3323.60,100
3774,12:51:58,$ 3324.133,100
3775,12:51:58,$ 3324.15,100
3776,12:51:44,$ 3325.59,100
3777,12:51:31,$ 3326.265,100
3778,12:51:18,$ 3325.61,100
3779,12:51:18,$ 3325.62,100
3780,12:51:17,$ 3325.33,100
3781,12:51:17,$ 3325.02,100
3782,12:50:59,$ 3324.4501,100
3783,12:50:37,$ 3325.3485,194
3784,12:50:34,$ 3324.32,100
3786,12:50:34,$ 3324.48,100
3787,12:49:23,$ 3323.9948,556
3788,12:49:12,$ 3323.21,100
3789,12:49:11,$ 3323.20,100
3790,12:48:26,$ 3323.733,131
3791,12:48:00,$ 3323.24,100
3792,12:48:00,$ 3322.64,100
3793,12:47:42,$ 3323.0709,120
3794,12:47:22,$ 3322.1877,548
3795,12:47:07,$ 3322.69,100
3796,12:47:07,$ 3322.57,100
3797,12:46:32,$ 3322.825,100
3798,12:46:30,$ 3323.00,100
3799,12:46:22,$ 3322.965,100
3800,12:46:10,$ 3323.02,100
3801,12:45:51,$ 3323.01,100
3802,12:45:51,$ 3323.00,100
3803,12:44:54,$ 3323.63,100
3804,12:44:54,$ 3323.3575,100
3805,12:44:15,$ 3323.68,100
3807,12:44:09,$ 3323.40,100
3808,12:44:09,$ 3323.40,100
3809,12:44:09,$ 3323.46,100
3810,12:43:56,$ 3322.92,100
3811,12:43:06,$ 3323.4878,200
3812,12:43:01,$ 3323.585,100
3813,12:43:01,$ 3322.86,100
3814,12:42:49,$ 3322.7244,200
3815,12:42:32,$ 3322.8008,200
3816,12:42:16,$ 3323.0001,100
3817,12:41:57,$ 3323.6499,100
3818,12:40:31,$ 3324.2821,100
3819,12:39:39,$ 3323.145,100
3820,12:38:33,$ 3324.0299,100
3821,12:37:46,$ 3324.1775,"1,200"
3822,12:37:39,$ 3324.00,179
3823,12:37:39,$ 3323.76,111
3824,12:37:39,$ 3323.92,100
3825,12:37:31,$ 3322.3288,200
3826,12:37:31,$ 3323.23,100
3828,12:37:19,$ 3322.91,100
3829,12:37:19,$ 3322.98,100
3830,12:37:19,$ 3322.92,100
3831,12:37:19,$ 3322.93,100
3832,12:37:08,$ 3322.35,100
3833,12:37:08,$ 3322.35,100
3834,12:37:00,$ 3322.3868,100
3835,12:36:29,$ 3322.525,100
3836,12:36:29,$ 3322.525,100
3837,12:36:26,$ 3322.02,100
3838,12:36:26,$ 3322.0103,100
3839,12:36:26,$ 3322.695,"2,225"
3840,12:36:26,$ 3322.01,100
3841,12:35:16,$ 3322.81,181
3842,12:35:15,$ 3322.81,375
3843,12:35:14,$ 3322.69,100
3844,12:35:14,$ 3322.76,100
3845,12:33:24,$ 3321.35,200
3846,12:32:56,$ 3320.64,100
3847,12:32:56,$ 3320.10,100
3849,12:32:56,$ 3320.10,100
3850,12:32:56,$ 3320.03,100
3851,12:32:54,$ 3321.7399,119
3852,12:32:53,$ 3321.38,100
3853,12:32:48,$ 3321.40,100
3854,12:32:48,$ 3321.493,556
3855,12:32:47,$ 3321.4001,100
3856,12:32:45,$ 3321.42,100
3857,12:32:40,$ 3322.51,100
3858,12:31:48,$ 3322.94,100
3859,12:31:15,$ 3322.55,100
3860,12:31:00,$ 3322.4082,556
3861,12:30:41,$ 3322.16,100
3862,12:30:21,$ 3322.00,556
3863,12:30:18,$ 3321.7342,100
3864,12:30:13,$ 3322.6163,193
3865,12:30:08,$ 3322.77,100
3866,12:30:08,$ 3322.77,100
3868,13:29:49,$ 3322.22,100
3869,13:29:45,$ 3322.67,100
