,NLS Time (ET),NLS Price,NLS Share Volume
1,09:59:59,$ 3316.32,100
2,09:59:59,$ 3317.87,100
3,09:59:54,$ 3317.87,100
4,09:59:54,$ 3317.87,100
5,09:59:51,$ 3317.065,100
6,09:59:50,$ 3317.98,200
7,09:59:45,$ 3318.00,100
8,09:59:44,$ 3316.56,100
9,09:59:43,$ 3316.56,100
10,09:59:43,$ 3316.50,100
11,09:59:39,$ 3316.25,100
12,09:59:30,$ 3315.69,100
13,09:59:30,$ 3316.02,100
14,09:59:29,$ 3315.00,100
15,09:59:26,$ 3315.41,100
16,09:59:11,$ 3314.8125,100
17,09:59:09,$ 3315.60,100
18,09:59:02,$ 3316.9199,400
19,09:58:56,$ 3316.275,100
20,09:58:35,$ 3316.936,200
22,09:58:18,$ 3317.22,400
23,09:57:54,$ 3315.87,200
24,09:57:48,$ 3315.875,100
25,09:57:08,$ 3315.545,100
26,09:57:01,$ 3315.59,100
27,09:56:49,$ 3314.975,600
28,09:56:46,$ 3314.2501,100
29,09:56:05,$ 3314.835,100
30,09:56:05,$ 3314.835,100
31,09:56:05,$ 3315.75,100
32,09:56:02,$ 3314.8423,100
33,09:56:02,$ 3314.84,100
34,09:55:59,$ 3314.515,100
35,09:55:56,$ 3314.11,100
36,09:55:56,$ 3314.00,100
37,09:55:47,$ 3314.18,100
38,09:55:47,$ 3314.10,110
39,09:55:47,$ 3314.10,155
40,09:55:45,$ 3315.145,100
41,09:55:43,$ 3315.01,100
43,09:55:42,$ 3314.1001,100
44,09:55:40,$ 3315.29,100
45,09:55:40,$ 3315.29,100
46,09:55:40,$ 3315.29,100
47,09:55:32,$ 3316.025,100
48,09:55:32,$ 3316.195,100
49,09:55:31,$ 3316.39,100
50,09:55:20,$ 3316.205,100
51,09:55:20,$ 3316.05,100
52,09:55:19,$ 3316.0775,100
53,09:55:16,$ 3316.02,100
54,09:55:16,$ 3316.00,129
55,09:55:15,$ 3316.786,100
56,09:55:15,$ 3316.76,100
57,09:55:15,$ 3316.75,100
58,09:55:15,$ 3316.86,100
59,09:55:14,$ 3317.375,100
60,09:55:11,$ 3317.94,300
61,09:55:07,$ 3317.93,100
62,09:55:07,$ 3319.00,100
64,09:55:42,$ 3314.1001,100
65,09:55:40,$ 3315.29,100
66,09:55:40,$ 3315.29,100
67,09:55:40,$ 3315.29,100
68,09:55:32,$ 3316.025,100
69,09:55:32,$ 3316.195,100
70,09:55:31,$ 3316.39,100
71,09:55:20,$ 3316.205,100
72,09:55:20,$ 3316.05,100
73,09:55:19,$ 3316.0775,100
74,09:55:16,$ 3316.02,100
75,09:55:16,$ 3316.00,129
76,09:55:15,$ 3316.786,100
77,09:55:15,$ 3316.76,100
78,09:55:15,$ 3316.75,100
79,09:55:15,$ 3316.86,100
80,09:55:14,$ 3317.375,100
81,09:55:11,$ 3317.94,300
82,09:55:07,$ 3317.93,100
83,09:55:07,$ 3319.00,100
85,09:53:21,$ 3323.00,100
86,09:53:14,$ 3321.88,100
87,09:53:13,$ 3322.18,100
88,09:53:07,$ 3322.1302,100
89,09:52:49,$ 3323.41,100
90,09:52:49,$ 3323.79,100
91,09:52:49,$ 3322.91,100
92,09:52:37,$ 3324.48,250
93,09:52:20,$ 3321.91,100
94,09:52:06,$ 3324.29,100
95,09:52:06,$ 3324.29,100
96,09:52:06,$ 3324.29,100
97,09:51:58,$ 3323.00,100
98,09:51:31,$ 3324.00,101
99,09:51:22,$ 3322.885,100
100,09:51:18,$ 3323.63,100
101,09:51:18,$ 3322.345,100
102,09:51:18,$ 3323.63,100
103,09:51:13,$ 3322.82,100
104,09:51:11,$ 3323.6599,500
106,09:51:06,$ 3322.515,100
107,09:51:06,$ 3322.515,100
108,09:50:39,$ 3322.19,100
109,09:50:38,$ 3320.80,100
110,09:50:08,$ 3322.00,100
111,09:50:05,$ 3321.0295,300
112,09:50:02,$ 3321.01,100
113,09:50:02,$ 3321.01,100
114,09:49:25,$ 3323.795,100
115,09:49:21,$ 3323.8216,300
116,09:49:12,$ 3323.3497,500
117,09:48:53,$ 3324.11,100
118,09:48:51,$ 3323.37,150
119,09:48:48,$ 3321.98,100
120,09:48:44,$ 3321.61,100
121,09:48:10,$ 3322.21,100
122,09:48:02,$ 3321.20,100
123,09:47:59,$ 3322.63,100
124,09:47:38,$ 3323.52,150
125,09:47:36,$ 3323.535,100
127,09:47:33,$ 3323.52,100
128,09:47:32,$ 3323.395,100
129,09:47:31,$ 3323.45,100
130,09:47:30,$ 3322.19,100
131,09:47:25,$ 3320.32,100
132,09:47:22,$ 3320.96,100
133,09:47:22,$ 3320.67,100
134,09:47:18,$ 3321.00,100
135,09:47:13,$ 3321.1934,150
136,09:47:04,$ 3321.06,100
137,09:47:02,$ 3320.99,100
138,09:46:57,$ 3321.44,100
139,09:46:51,$ 3320.665,100
140,09:46:51,$ 3320.85,266
141,09:46:49,$ 3321.00,100
142,09:46:49,$ 3321.39,113
143,09:46:46,$ 3321.06,100
144,09:46:32,$ 3321.76,300
145,09:46:24,$ 3321.315,200
146,09:46:24,$ 3321.25,144
148,09:46:24,$ 3321.33,100
149,09:46:17,$ 3321.07,125
150,09:46:14,$ 3321.06,144
151,09:46:10,$ 3322.42,100
152,09:46:10,$ 3322.42,100
153,09:46:05,$ 3323.1167,100
154,09:46:00,$ 3323.16,100
155,09:45:57,$ 3323.14,107
156,09:45:54,$ 3323.315,100
157,09:45:54,$ 3323.06,200
158,09:45:54,$ 3323.06,100
159,09:45:49,$ 3322.04,100
160,09:45:46,$ 3321.90,150
161,09:45:38,$ 3321.85,100
162,09:45:38,$ 3321.84,100
163,09:45:34,$ 3322.45,100
164,09:45:28,$ 3322.74,100
165,09:45:25,$ 3322.74,109
166,09:45:22,$ 3322.02,100
167,09:45:16,$ 3323.01,100
169,09:45:13,$ 3322.22,165
170,09:45:01,$ 3322.30,170
171,09:44:48,$ 3321.62,194
172,09:44:39,$ 3321.91,100
173,09:44:38,$ 3320.87,100
174,09:44:35,$ 3321.06,100
175,09:44:30,$ 3321.40,100
176,09:44:30,$ 3321.63,100
177,09:44:17,$ 3321.62,100
178,09:44:11,$ 3321.84,100
179,09:44:09,$ 3321.34,100
180,09:44:09,$ 3321.34,100
181,09:44:05,$ 3320.98,134
182,09:43:58,$ 3320.72,100
183,09:43:58,$ 3320.02,100
184,09:43:56,$ 3320.3129,300
185,09:43:44,$ 3321.07,100
186,09:43:44,$ 3321.06,100
187,09:43:44,$ 3321.17,100
188,09:43:40,$ 3322.3539,"1,000"
190,09:43:38,$ 3322.80,150
191,09:43:38,$ 3322.60,100
192,09:43:35,$ 3322.14,100
193,09:43:35,$ 3322.14,100
194,09:43:27,$ 3322.39,110
195,09:43:25,$ 3321.65,109
196,09:43:17,$ 3322.65,100
197,09:43:17,$ 3322.50,100
198,09:43:17,$ 3322.67,100
199,09:43:11,$ 3323.65,100
200,09:43:11,$ 3322.84,100
201,09:43:05,$ 3323.2481,100
202,09:42:59,$ 3323.40,100
203,09:42:45,$ 3322.44,400
204,09:42:41,$ 3323.81,100
205,09:42:39,$ 3323.21,100
206,09:42:39,$ 3323.22,100
207,09:42:25,$ 3324.50,100
208,09:42:21,$ 3325.00,265
209,09:42:21,$ 3325.00,100
211,09:42:21,$ 3323.72,100
212,09:42:21,$ 3322.42,100
213,09:42:15,$ 3321.03,100
214,09:42:13,$ 3321.395,140
215,09:42:09,$ 3319.58,"1,451"
216,09:41:34,$ 3320.47,100
217,09:41:10,$ 3320.335,100
218,09:41:05,$ 3320.23,100
219,09:40:59,$ 3321.86,100
220,09:40:49,$ 3322.27,100
221,09:40:40,$ 3323.275,142
222,09:40:40,$ 3323.59,100
223,09:40:37,$ 3322.74,300
224,09:40:24,$ 3321.89,100
225,09:40:11,$ 3321.35,100
226,09:40:01,$ 3320.9599,500
227,09:39:50,$ 3321.00,100
228,09:39:49,$ 3319.95,400
229,09:39:48,$ 3320.00,100
230,09:39:48,$ 3320.00,100
232,09:39:33,$ 3321.355,100
233,09:39:24,$ 3321.302,100
234,09:39:22,$ 3322.31,100
235,09:39:16,$ 3322.74,100
236,09:39:16,$ 3322.19,100
237,09:39:12,$ 3321.07,100
238,09:39:10,$ 3320.795,100
239,09:39:08,$ 3321.32,100
240,09:39:05,$ 3322.495,100
241,09:38:58,$ 3323.4999,100
242,09:38:53,$ 3323.28,100
243,09:38:52,$ 3322.4843,100
244,09:38:52,$ 3323.34,100
245,09:38:49,$ 3323.00,100
246,09:38:48,$ 3324.3744,187
247,09:38:29,$ 3324.40,100
248,09:38:20,$ 3325.00,150
249,09:38:20,$ 3325.00,100
250,09:38:20,$ 3325.79,100
251,09:38:15,$ 3325.88,100
253,09:37:59,$ 3325.345,100
254,09:37:55,$ 3325.5013,500
255,09:37:48,$ 3325.39,100
256,09:37:48,$ 3326.7743,100
257,09:37:45,$ 3325.65,100
258,09:37:43,$ 3325.81,100
259,09:37:04,$ 3323.7084,100
260,09:37:03,$ 3324.00,100
261,09:36:45,$ 3325.45,100
262,09:36:38,$ 3324.0235,100
263,09:36:28,$ 3324.44,100
264,09:36:21,$ 3321.1711,700
265,09:36:15,$ 3322.38,100
266,09:36:09,$ 3322.77,100
267,09:35:57,$ 3323.1438,500
268,09:35:47,$ 3321.52,100
269,09:35:47,$ 3322.0373,100
270,09:35:47,$ 3322.03,105
271,09:35:47,$ 3322.05,100
272,09:35:42,$ 3322.06,100
274,09:35:35,$ 3321.88,100
275,09:35:33,$ 3321.03,200
276,09:35:30,$ 3321.03,100
277,09:35:30,$ 3321.03,100
278,09:35:27,$ 3320.02,118
279,09:35:22,$ 3319.83,100
280,09:35:22,$ 3320.05,"1,000"
281,09:35:13,$ 3319.865,100
282,09:35:13,$ 3319.62,100
283,09:35:11,$ 3318.77,100
284,09:35:11,$ 3319.08,110
285,09:35:10,$ 3317.90,100
286,09:35:10,$ 3317.88,100
287,09:35:09,$ 3318.63,100
288,09:35:09,$ 3318.036,100
289,09:35:09,$ 3318.00,100
290,09:35:09,$ 3318.00,100
291,09:35:09,$ 3318.15,100
292,09:35:09,$ 3318.00,100
293,09:35:09,$ 3318.0035,100
295,09:35:09,$ 3318.0038,300
296,09:35:09,$ 3318.01,200
297,09:35:05,$ 3319.10,100
298,09:35:02,$ 3320.89,100
299,09:34:56,$ 3321.33,100
300,09:34:56,$ 3320.52,100
301,09:34:56,$ 3320.975,100
302,09:34:56,$ 3321.23,100
303,09:34:56,$ 3320.91,194
304,09:34:53,$ 3320.12,100
305,09:34:49,$ 3320.52,100
306,09:34:48,$ 3320.00,100
307,09:34:44,$ 3321.29,100
308,09:34:44,$ 3321.815,100
309,09:34:43,$ 3321.835,100
310,09:34:42,$ 3322.37,150
311,09:34:35,$ 3321.32,263
312,09:34:35,$ 3321.48,137
313,09:34:35,$ 3321.49,100
314,09:34:35,$ 3321.49,100
316,09:34:27,$ 3321.40,100
317,09:34:16,$ 3322.18,100
318,09:34:01,$ 3322.05,100
319,09:34:01,$ 3322.98,100
320,09:34:01,$ 3323.03,100
321,09:34:01,$ 3323.02,100
322,09:34:01,$ 3323.00,100
323,09:33:59,$ 3323.125,100
324,09:33:56,$ 3324.045,100
325,09:33:49,$ 3323.77,110
326,09:33:49,$ 3323.77,110
327,09:33:37,$ 3324.1492,100
328,09:33:31,$ 3324.535,100
329,09:33:29,$ 3324.25,100
330,09:33:25,$ 3325.22,100
331,09:33:24,$ 3325.00,100
332,09:33:16,$ 3326.155,100
333,09:33:06,$ 3326.2235,250
334,09:32:43,$ 3328.098,"1,000"
335,09:32:37,$ 3328.60,100
337,09:32:37,$ 3327.995,100
338,09:32:35,$ 3328.27,100
339,09:32:35,$ 3328.27,100
340,09:32:25,$ 3329.73,100
341,09:32:25,$ 3329.76,102
342,09:32:25,$ 3329.76,110
343,09:32:25,$ 3329.76,100
344,09:32:25,$ 3329.76,110
345,09:32:20,$ 3329.155,150
346,09:32:18,$ 3329.76,100
347,09:32:15,$ 3329.97,150
348,09:31:56,$ 3326.70,100
349,09:31:54,$ 3327.38,100
350,09:31:54,$ 3327.55,100
351,09:31:53,$ 3327.46,100
352,09:31:53,$ 3327.0124,300
353,09:31:52,$ 3325.8301,100
354,09:31:32,$ 3325.78,100
355,09:31:30,$ 3326.695,500
356,09:31:29,$ 3326.695,100
358,09:31:28,$ 3326.1461,100
359,09:31:21,$ 3325.08,100
360,09:31:08,$ 3325.135,100
361,09:31:06,$ 3324.59,100
362,09:31:06,$ 3324.81,100
363,09:31:06,$ 3324.46,100
364,09:31:06,$ 3324.46,142
365,09:30:59,$ 3324.20,100
366,09:30:56,$ 3324.1861,299
367,09:30:55,$ 3324.74,100
368,09:30:52,$ 3326.13,100
369,09:30:49,$ 3326.07,200
370,09:30:46,$ 3324.9233,100
371,09:30:35,$ 3326.6699,100
372,09:30:32,$ 3325.87,100
373,09:30:31,$ 3326.59,100
374,09:30:31,$ 3326.35,100
375,09:30:27,$ 3326.99,100
376,09:30:27,$ 3326.99,101
377,09:30:27,$ 3326.99,100
379,09:30:26,$ 3327.855,100
380,09:30:21,$ 3328.06,100
381,09:30:21,$ 3328.07,100
382,09:30:20,$ 3327.206,100
383,09:30:18,$ 3328.62,110
384,09:30:18,$ 3328.62,110
385,09:30:17,$ 3328.1127,300
386,09:30:17,$ 3327.815,100
387,09:30:16,$ 3327.11,100
388,09:30:15,$ 3329.48,100
389,09:30:15,$ 3330.00,100
390,09:30:15,$ 3330.00,212
391,09:30:15,$ 3330.09,241
392,09:30:15,$ 3330.03,100
393,09:30:15,$ 3330.00,110
394,09:30:14,$ 3330.13,100
395,09:30:07,$ 3330.7686,300
396,09:30:07,$ 3331.47,100
397,09:30:05,$ 3333.02,100
398,09:30:03,$ 3330.42,100
400,09:30:02,$ 3333.23,1
401,09:30:02,$ 3333.23,1
402,09:30:02,$ 3333.23,1
403,09:30:02,$ 3333.23,1
404,09:30:02,$ 3333.23,1
405,09:30:02,$ 3333.23,15
406,09:30:02,$ 3333.23,1
407,09:30:02,$ 3333.23,5
408,09:30:02,$ 3333.23,26
409,09:30:02,$ 3333.23,18
410,09:30:02,$ 3333.23,1
411,09:30:02,$ 3333.23,6
412,09:30:02,$ 3333.23,2
413,09:30:02,$ 3333.23,1
414,09:30:02,$ 3333.23,1
415,09:30:02,$ 3333.23,2
416,09:30:02,$ 3333.23,4
417,09:30:02,$ 3333.23,3
418,09:30:02,$ 3333.23,1
419,09:30:02,$ 3333.23,5
421,09:30:02,$ 3333.23,1
422,09:30:02,$ 3333.23,10
423,09:30:02,$ 3333.23,1
424,09:30:02,$ 3333.23,39
425,09:30:02,$ 3333.23,9
426,09:30:02,$ 3333.23,2
427,09:30:02,$ 3333.23,3
428,09:30:02,$ 3333.23,1
429,09:30:02,$ 3333.23,1
430,09:30:02,$ 3333.23,1
431,09:30:02,$ 3333.23,140
432,09:30:02,$ 3333.23,2
433,09:30:02,$ 3333.23,1
434,09:30:02,$ 3333.23,3
435,09:30:02,$ 3333.23,6
436,09:30:02,$ 3333.23,2
437,09:30:02,$ 3333.23,1
438,09:30:02,$ 3333.23,2
439,09:30:02,$ 3333.23,1
440,09:30:02,$ 3333.23,2
442,09:30:02,$ 3333.23,2
443,09:30:02,$ 3333.23,5
444,09:30:02,$ 3333.23,1
445,09:30:02,$ 3333.23,2
446,09:30:02,$ 3333.23,1
447,09:30:02,$ 3333.23,2
448,09:30:02,$ 3333.23,13
449,09:30:02,$ 3333.23,1
450,09:30:02,$ 3333.23,2
451,09:30:02,$ 3333.23,4
452,09:30:02,$ 3333.23,1
453,09:30:02,$ 3333.23,1
454,09:30:02,$ 3333.23,1
455,09:30:02,$ 3333.23,1
456,09:30:02,$ 3333.23,1
457,09:30:02,$ 3333.23,1
458,09:30:02,$ 3333.23,"1,507"
459,09:30:02,$ 3333.23,1
460,09:30:02,$ 3333.23,10
461,09:30:02,$ 3333.23,2
463,09:30:02,$ 3333.23,8
464,09:30:02,$ 3333.23,3
465,09:30:02,$ 3333.23,3
466,09:30:02,$ 3333.23,6
467,09:30:02,$ 3333.23,1
468,09:30:02,$ 3333.23,1
469,09:30:02,$ 3333.23,1
470,09:30:02,$ 3333.23,1
471,09:30:02,$ 3333.23,1
472,09:30:02,$ 3333.23,1
473,09:30:02,$ 3333.23,1
474,09:30:02,$ 3333.23,1
475,09:30:02,$ 3333.23,2
476,09:30:02,$ 3333.23,8
477,09:30:02,$ 3333.23,3
478,09:30:02,$ 3333.23,4
479,09:30:02,$ 3333.23,3
480,09:30:02,$ 3333.23,1
481,09:30:02,$ 3333.23,1
482,09:30:02,$ 3333.23,1
484,09:30:02,$ 3333.23,1
485,09:30:02,$ 3333.23,4
486,09:30:02,$ 3333.23,10
487,09:30:02,$ 3333.23,68
488,09:30:02,$ 3333.23,11
489,09:30:02,$ 3333.23,3
490,09:30:02,$ 3333.23,1
491,09:30:02,$ 3333.23,12
492,09:30:02,$ 3333.23,23
493,09:30:02,$ 3333.23,17
494,09:30:02,$ 3333.23,3
495,09:30:02,$ 3333.23,1
496,09:30:02,$ 3333.23,1
497,09:30:02,$ 3333.23,41
498,09:30:02,$ 3333.23,84
499,09:30:02,$ 3333.23,4
500,09:30:02,$ 3333.23,15
501,09:30:02,$ 3333.23,15
502,09:30:02,$ 3333.23,13
503,09:30:02,$ 3333.23,3
505,09:30:02,$ 3333.23,7
506,09:30:02,$ 3333.23,9
507,09:30:02,$ 3333.23,10
508,09:30:02,$ 3333.23,2
509,09:30:02,$ 3333.23,2
510,09:30:02,$ 3333.23,40
511,09:30:02,$ 3333.23,13
512,09:30:02,$ 3333.23,13
513,09:30:02,$ 3333.23,1
514,09:30:02,$ 3333.23,1
515,09:30:02,$ 3333.23,2
516,09:30:02,$ 3333.23,4
517,09:30:02,$ 3333.23,1
518,09:30:02,$ 3333.23,11
519,09:30:02,$ 3333.23,1
520,09:30:02,$ 3333.23,1
521,09:30:02,$ 3333.23,20
522,09:30:02,$ 3333.23,7
523,09:30:02,$ 3333.23,7
524,09:30:02,$ 3333.23,2
526,09:30:02,$ 3333.23,7
527,09:30:02,$ 3333.23,9
528,09:30:02,$ 3333.23,51
529,09:30:02,$ 3333.23,7
530,09:30:02,$ 3333.23,2
531,09:30:02,$ 3333.23,5
532,09:30:02,$ 3333.23,3
533,09:30:02,$ 3333.23,39
534,09:30:02,$ 3333.23,15
535,09:30:02,$ 3333.23,2
536,09:30:02,$ 3333.23,1
537,09:30:02,$ 3333.23,5
538,09:30:02,$ 3333.23,3
539,09:30:02,$ 3333.23,4
540,09:30:02,$ 3333.23,14
541,09:30:02,$ 3333.23,55
542,09:30:02,$ 3333.23,1
543,09:30:02,$ 3333.23,2
544,09:30:02,$ 3333.23,2
545,09:30:02,$ 3333.23,1
547,09:30:02,$ 3333.23,10
548,09:30:02,$ 3333.23,12
549,09:30:02,$ 3333.23,7
550,09:30:02,$ 3333.23,10
551,09:30:02,$ 3333.23,1
552,09:30:02,$ 3333.23,1
553,09:30:02,$ 3333.23,1
554,09:30:02,$ 3333.23,1
555,09:30:02,$ 3333.23,3
556,09:30:02,$ 3333.23,2
557,09:30:02,$ 3333.23,11
558,09:30:02,$ 3333.23,3
559,09:30:02,$ 3333.23,8
560,09:30:02,$ 3333.23,5
561,09:30:02,$ 3333.23,1
562,09:30:02,$ 3333.23,1
563,09:30:02,$ 3333.23,3
564,09:30:02,$ 3333.23,1
565,09:30:02,$ 3333.23,1
566,09:30:02,$ 3333.23,1
568,09:30:02,$ 3333.23,1
569,09:30:02,$ 3333.23,1
570,09:30:02,$ 3333.23,4
571,09:30:02,$ 3333.23,1
572,09:30:02,$ 3333.23,1
573,09:30:02,$ 3333.23,1
574,09:30:02,$ 3333.23,1
575,09:30:02,$ 3333.23,1
576,09:30:02,$ 3333.23,2
577,09:30:02,$ 3333.23,1
578,09:30:02,$ 3333.23,10
579,09:30:02,$ 3333.23,1
580,09:30:02,$ 3333.23,3
581,09:30:02,$ 3333.23,2
582,09:30:02,$ 3333.23,1
583,09:30:02,$ 3333.23,1
584,09:30:02,$ 3333.23,1
585,09:30:02,$ 3333.23,2
586,09:30:02,$ 3333.23,1
587,09:30:02,$ 3333.23,2
589,09:30:02,$ 3333.23,1
590,09:30:02,$ 3333.23,10
591,09:30:02,$ 3333.23,22
592,09:30:02,$ 3333.23,30
593,09:30:02,$ 3333.23,10
594,09:30:02,$ 3333.23,8
595,09:30:02,$ 3333.23,5
596,09:30:02,$ 3333.23,1
597,09:30:02,$ 3333.23,3
598,09:30:02,$ 3333.23,1
599,09:30:02,$ 3333.23,1
600,09:30:02,$ 3333.23,1
601,09:30:02,$ 3333.23,1
602,09:30:02,$ 3333.23,68
603,09:30:02,$ 3333.23,15
604,09:30:02,$ 3333.23,10
605,09:30:02,$ 3333.23,1
606,09:30:02,$ 3333.23,5
607,09:30:02,$ 3333.23,1
608,09:30:02,$ 3333.23,9
610,09:30:02,$ 3333.23,2
611,09:30:02,$ 3333.23,3
612,09:30:02,$ 3333.23,30
613,09:30:02,$ 3333.23,1
614,09:30:02,$ 3333.23,5
615,09:30:02,$ 3333.23,1
616,09:30:02,$ 3333.23,9
617,09:30:02,$ 3333.23,2
618,09:30:02,$ 3333.23,2
619,09:30:02,$ 3333.23,1
620,09:30:02,$ 3333.23,102
621,09:30:02,$ 3333.23,37
622,09:30:02,$ 3333.23,1
623,09:30:02,$ 3333.23,1
624,09:30:02,$ 3333.23,7
625,09:30:02,$ 3333.23,3
626,09:30:02,$ 3333.23,1
627,09:30:02,$ 3333.23,172
628,09:30:02,$ 3333.23,1
629,09:30:02,$ 3333.23,2
631,09:30:02,$ 3333.23,42
632,09:30:02,$ 3333.23,20
633,09:30:02,$ 3333.23,1
634,09:30:02,$ 3333.23,318
635,09:30:02,$ 3333.23,6
636,09:30:02,$ 3333.23,30
637,09:30:02,$ 3333.23,1
638,09:30:02,$ 3333.23,112
639,09:30:02,$ 3333.23,1
640,09:30:02,$ 3333.23,4
641,09:30:02,$ 3333.23,5
642,09:30:02,$ 3333.23,1
643,09:30:02,$ 3333.23,1
644,09:30:02,$ 3333.23,5
645,09:30:02,$ 3333.23,35
646,09:30:02,$ 3333.23,1
647,09:30:02,$ 3333.23,3
648,09:30:02,$ 3333.23,4
649,09:30:02,$ 3333.23,5
650,09:30:02,$ 3333.23,5
652,09:30:02,$ 3333.23,8
653,09:30:02,$ 3333.23,1
654,09:30:02,$ 3333.23,5
655,09:30:02,$ 3333.23,90
656,09:30:02,$ 3333.23,1
657,09:30:02,$ 3333.23,1
658,09:30:02,$ 3333.23,268
659,09:30:02,$ 3333.23,1
660,09:30:02,$ 3333.23,2
661,09:30:02,$ 3333.23,1
662,09:30:02,$ 3333.23,18
663,09:30:02,$ 3333.23,1
664,09:30:02,$ 3333.23,49
665,09:30:02,$ 3333.23,2
666,09:30:02,$ 3333.23,13
667,09:30:02,$ 3333.23,8
668,09:30:02,$ 3333.23,2
669,09:30:02,$ 3333.23,2
670,09:30:02,$ 3333.23,4
671,09:30:02,$ 3333.23,47
673,09:30:02,$ 3333.23,1
674,09:30:02,$ 3333.23,6
675,09:30:02,$ 3333.23,1
676,09:30:02,$ 3333.23,3
677,09:30:02,$ 3333.23,3
678,09:30:02,$ 3333.23,8
679,09:30:02,$ 3333.23,1
680,09:30:02,$ 3333.23,1
681,09:30:02,$ 3333.23,40
682,09:30:02,$ 3333.23,2
683,09:30:02,$ 3333.23,2
684,09:30:02,$ 3333.23,5
685,09:30:02,$ 3333.23,5
686,09:30:02,$ 3333.23,27
687,09:30:02,$ 3333.23,2
688,09:30:02,$ 3333.23,2
689,09:30:02,$ 3333.23,1
690,09:30:02,$ 3333.23,4
691,09:30:02,$ 3333.23,6
692,09:30:02,$ 3333.23,1
694,09:30:02,$ 3333.23,"15,393"
695,09:30:02,$ 3333.23,1
696,09:30:02,$ 3333.23,1
697,09:30:02,$ 3333.23,1
698,09:30:02,$ 3333.23,2
699,09:30:02,$ 3333.23,1
700,09:30:02,$ 3333.23,15
701,09:30:02,$ 3333.23,2
702,09:30:02,$ 3333.23,15
703,09:30:02,$ 3333.23,1
704,09:30:02,$ 3333.23,1
705,09:30:02,$ 3333.23,3
706,09:30:02,$ 3333.23,5
707,09:30:02,$ 3333.23,1
708,09:30:02,$ 3333.23,2
709,09:30:02,$ 3333.23,10
710,09:30:02,$ 3333.23,1
711,09:30:02,$ 3333.23,1
712,09:30:02,$ 3333.23,14
713,09:30:02,$ 3333.23,4
715,09:30:02,$ 3333.23,1
716,09:30:02,$ 3333.23,1
717,09:30:02,$ 3333.23,1
718,09:30:02,$ 3333.23,1
719,09:30:02,$ 3333.23,5
720,09:30:02,$ 3333.23,4
721,09:30:02,$ 3333.23,1
722,09:30:02,$ 3333.23,5
723,09:30:02,$ 3333.23,19
724,09:30:02,$ 3333.23,1
725,09:30:02,$ 3333.23,3
726,09:30:02,$ 3333.23,200
727,09:30:02,$ 3333.23,2
728,09:30:02,$ 3333.23,10
729,09:30:02,$ 3333.23,2
730,09:30:02,$ 3333.23,2
731,09:30:02,$ 3333.23,3
732,09:30:02,$ 3333.23,11
733,09:30:02,$ 3333.23,1
734,09:30:02,$ 3333.23,5
736,09:30:02,$ 3333.23,2
737,09:30:02,$ 3333.23,15
738,09:30:02,$ 3333.23,1
739,09:30:02,$ 3333.23,1
740,09:30:02,$ 3333.23,1
741,09:30:02,$ 3333.23,8
742,09:30:02,$ 3333.23,1
743,09:30:02,$ 3333.23,3
744,09:30:02,$ 3333.23,2
745,09:30:02,$ 3333.23,1
746,09:30:02,$ 3333.23,2
747,09:30:02,$ 3333.23,1
748,09:30:02,$ 3333.23,75
749,09:30:02,$ 3333.23,1
750,09:30:02,$ 3333.23,1
751,09:30:02,$ 3333.23,10
752,09:30:02,$ 3333.23,1
753,09:30:02,$ 3333.23,1
754,09:30:02,$ 3333.23,3
755,09:30:02,$ 3333.23,100
757,09:30:02,$ 3333.23,2
758,09:30:02,$ 3333.23,3
759,09:30:02,$ 3333.23,10
760,09:30:02,$ 3333.23,1
761,09:30:02,$ 3333.23,1
762,09:30:02,$ 3333.23,15
763,09:30:02,$ 3333.23,1
764,09:30:02,$ 3333.23,2
765,09:30:02,$ 3333.23,5
766,09:30:02,$ 3333.23,1
767,09:30:02,$ 3333.23,1
768,09:30:02,$ 3333.23,1
769,09:30:02,$ 3333.23,1
770,09:30:02,$ 3333.23,3
771,09:30:02,$ 3333.23,1
772,09:30:02,$ 3333.23,26
773,09:30:02,$ 3333.23,2
774,09:30:02,$ 3333.23,3
775,09:30:02,$ 3333.23,15
776,09:30:02,$ 3333.23,1
778,09:30:02,$ 3333.23,10
779,09:30:02,$ 3333.23,2
780,09:30:02,$ 3333.23,1
781,09:30:02,$ 3333.23,1
782,09:30:02,$ 3333.23,1
783,09:30:02,$ 3333.23,2
784,09:30:02,$ 3333.23,3
785,09:30:02,$ 3333.23,1
786,09:30:02,$ 3333.23,2
787,09:30:02,$ 3333.23,5
788,09:30:02,$ 3333.23,5
789,09:30:02,$ 3333.23,10
790,09:30:02,$ 3333.23,42
791,09:30:02,$ 3333.23,5
792,09:30:02,$ 3333.23,3
793,09:30:02,$ 3333.23,36
794,09:30:02,$ 3333.23,7
795,09:30:02,$ 3333.23,20
796,09:30:02,$ 3333.23,10
797,09:30:02,$ 3333.23,3
799,09:30:02,$ 3333.23,15
800,09:30:02,$ 3333.23,1
801,09:30:02,$ 3333.23,181
802,09:30:02,$ 3333.23,6
803,09:30:02,$ 3333.23,7
804,09:30:02,$ 3333.23,2
805,09:30:02,$ 3333.23,2
806,09:30:02,$ 3333.23,2
807,09:30:02,$ 3333.23,2
808,09:30:02,$ 3333.23,30
809,09:30:02,$ 3333.23,5
810,09:30:02,$ 3333.23,2
811,09:30:02,$ 3333.23,2
812,09:30:02,$ 3333.23,50
813,09:30:02,$ 3333.23,2
814,09:30:02,$ 3333.23,3
815,09:30:02,$ 3333.23,29
816,09:30:02,$ 3333.23,30
817,09:30:02,$ 3333.23,30
818,09:30:02,$ 3333.23,40
820,09:30:02,$ 3333.23,30
821,09:30:02,$ 3333.23,2
822,09:30:02,$ 3333.23,10
823,09:30:02,$ 3333.23,1
824,09:30:02,$ 3333.23,2
825,09:30:02,$ 3333.23,6
826,09:30:02,$ 3333.23,2
827,09:30:02,$ 3333.23,3
828,09:30:02,$ 3333.23,20
829,09:30:02,$ 3333.23,6
830,09:30:02,$ 3333.23,2
831,09:30:02,$ 3333.23,2
832,09:30:02,$ 3333.23,15
833,09:30:02,$ 3333.23,1
834,09:30:02,$ 3333.23,5
835,09:30:02,$ 3333.23,5
836,09:30:02,$ 3333.23,100
837,09:30:02,$ 3333.23,1
838,09:30:02,$ 3333.23,2
839,09:30:02,$ 3333.23,1
841,09:30:02,$ 3333.23,1
842,09:30:02,$ 3333.23,2
843,09:30:02,$ 3333.23,1
844,09:30:02,$ 3333.23,1
845,09:30:02,$ 3333.23,15
846,09:30:02,$ 3333.23,25
847,09:30:02,$ 3333.23,1
848,09:30:02,$ 3333.23,1
849,09:30:02,$ 3333.23,3
850,09:30:02,$ 3333.23,1
851,09:30:02,$ 3333.23,1
852,09:30:02,$ 3333.23,1
853,09:30:02,$ 3333.23,1
854,09:30:02,$ 3333.23,2
855,09:30:02,$ 3333.23,7
856,09:30:02,$ 3333.23,24
857,09:30:02,$ 3333.23,3
858,09:30:02,$ 3333.23,2
859,09:30:02,$ 3333.23,1
860,09:30:02,$ 3333.23,1
862,09:30:02,$ 3333.23,1
863,09:30:02,$ 3333.23,10
864,09:30:02,$ 3333.23,2
865,09:30:02,$ 3333.23,2
866,09:30:02,$ 3333.23,4
867,09:30:02,$ 3333.23,3
868,09:30:02,$ 3333.23,5
869,09:30:02,$ 3333.23,1
870,09:30:02,$ 3333.23,3
871,09:30:02,$ 3333.23,2
872,09:30:02,$ 3333.23,1
873,09:30:02,$ 3333.23,1
874,09:30:02,$ 3333.23,11
875,09:30:02,$ 3333.23,15
876,09:30:02,$ 3333.23,2
877,09:30:02,$ 3333.23,1
878,09:30:02,$ 3333.23,2
879,09:30:02,$ 3333.23,60
880,09:30:02,$ 3333.23,1
881,09:30:02,$ 3333.23,2
883,09:30:02,$ 3333.23,1
884,09:30:02,$ 3333.23,6
885,09:30:02,$ 3333.23,147
886,09:30:02,$ 3333.23,1
887,09:30:02,$ 3333.23,1
888,09:30:02,$ 3333.23,1
889,09:30:02,$ 3333.23,1
890,09:30:02,$ 3333.23,2
891,09:30:02,$ 3333.23,7
892,09:30:02,$ 3333.23,1
893,09:30:02,$ 3333.23,3
894,09:30:02,$ 3333.23,100
895,09:30:02,$ 3333.23,100
896,09:30:02,$ 3333.23,20
897,09:30:02,$ 3333.23,6
898,09:30:02,$ 3333.23,10
899,09:30:02,$ 3333.23,1
900,09:30:02,$ 3333.23,2
901,09:30:02,$ 3333.23,4
902,09:30:02,$ 3333.23,3
904,09:30:02,$ 3333.23,1
905,09:30:02,$ 3333.23,5
906,09:30:02,$ 3333.23,2
907,09:30:02,$ 3333.23,1
908,09:30:02,$ 3333.23,35
909,09:30:02,$ 3333.23,5
910,09:30:02,$ 3333.23,2
911,09:30:02,$ 3333.23,3
912,09:30:02,$ 3333.23,5
913,09:30:02,$ 3333.23,1
914,09:30:02,$ 3333.23,1
915,09:30:02,$ 3333.23,4
916,09:30:02,$ 3333.23,347
917,09:30:02,$ 3333.23,1
918,09:30:02,$ 3333.23,3
919,09:30:02,$ 3333.23,5
920,09:30:02,$ 3333.23,1
921,09:30:02,$ 3333.23,2
922,09:30:02,$ 3333.23,1
923,09:30:02,$ 3333.23,1
925,09:30:02,$ 3333.23,4
926,09:30:02,$ 3333.23,6
927,09:30:02,$ 3333.23,3
928,09:30:02,$ 3333.23,1
929,09:30:02,$ 3333.23,1
930,09:30:02,$ 3333.23,15
931,09:30:02,$ 3333.23,3
932,09:30:02,$ 3333.23,2
933,09:30:02,$ 3333.23,2
934,09:30:02,$ 3333.23,1
935,09:30:02,$ 3333.23,1
936,09:30:02,$ 3333.23,1
937,09:30:02,$ 3333.23,1
938,09:30:02,$ 3333.23,1
939,09:30:02,$ 3333.23,1
940,09:30:02,$ 3333.23,2
941,09:30:02,$ 3333.23,3
942,09:30:02,$ 3333.23,15
943,09:30:02,$ 3333.23,1
944,09:30:02,$ 3333.23,2
946,09:30:02,$ 3333.23,1
947,09:30:02,$ 3333.23,1
948,09:30:02,$ 3333.23,1
949,09:30:02,$ 3333.23,2
950,09:30:02,$ 3333.23,1
951,09:30:02,$ 3333.23,2
952,09:30:02,$ 3333.23,2
953,09:30:02,$ 3333.23,2
954,09:30:02,$ 3333.23,1
955,09:30:02,$ 3333.23,1
956,09:30:02,$ 3333.23,2
957,09:30:02,$ 3333.23,3
958,09:30:02,$ 3333.23,2
959,09:30:02,$ 3333.23,1
960,09:30:02,$ 3333.23,4
961,09:30:02,$ 3333.23,2
962,09:30:02,$ 3333.23,1
963,09:30:02,$ 3333.23,2
964,09:30:02,$ 3333.23,1
965,09:30:02,$ 3333.23,1
967,09:30:02,$ 3333.23,1
968,09:30:02,$ 3333.23,2
969,09:30:02,$ 3333.23,1
970,09:30:02,$ 3333.23,2
971,09:30:02,$ 3333.23,2
972,09:30:02,$ 3333.23,1
973,09:30:02,$ 3333.23,2
974,09:30:02,$ 3333.23,1
975,09:30:02,$ 3333.23,2
976,09:30:02,$ 3333.23,1
977,09:30:02,$ 3333.23,3
978,09:30:02,$ 3333.23,1
979,09:30:02,$ 3333.23,4
980,09:30:02,$ 3333.23,2
981,09:30:02,$ 3333.23,1
982,09:30:02,$ 3333.23,4
983,09:30:02,$ 3333.23,1
984,09:30:02,$ 3333.23,30
985,09:30:02,$ 3333.23,1
986,09:30:02,$ 3333.23,2
988,09:30:02,$ 3333.23,1
989,09:30:02,$ 3333.23,3
990,09:30:02,$ 3333.23,4
991,09:30:02,$ 3333.23,1
992,09:30:02,$ 3333.23,1
993,09:30:02,$ 3333.23,1
994,09:30:02,$ 3333.23,1
995,09:30:02,$ 3333.23,4
996,09:30:02,$ 3333.23,1
997,09:30:02,$ 3333.23,5
998,09:30:02,$ 3333.23,2
999,09:30:02,$ 3333.23,7
1000,09:30:02,$ 3333.23,1
1001,09:30:02,$ 3333.23,1
1002,09:30:02,$ 3333.23,2
1003,09:30:02,$ 3333.23,12
1004,09:30:02,$ 3333.23,1
1005,09:30:02,$ 3333.23,24
1006,09:30:02,$ 3333.23,1
1007,09:30:02,$ 3333.23,45
1009,09:30:02,$ 3333.23,15
1010,09:30:02,$ 3333.23,15
1011,09:30:02,$ 3333.23,5
1012,09:30:02,$ 3333.23,3
1013,09:30:02,$ 3333.23,1
1014,09:30:02,$ 3333.23,1
1015,09:30:02,$ 3333.23,1
1016,09:30:02,$ 3333.23,1
1017,09:30:02,$ 3333.23,1
1018,09:30:02,$ 3333.23,1
1019,09:30:02,$ 3333.23,2
1020,09:30:02,$ 3333.23,1
1021,09:30:02,$ 3333.23,1
1022,09:30:02,$ 3333.23,1
1023,09:30:02,$ 3333.23,2
1024,09:30:02,$ 3333.23,1
1025,09:30:02,$ 3333.23,6
1026,09:30:02,$ 3333.23,3
1027,09:30:02,$ 3333.23,20
1028,09:30:02,$ 3333.23,7
1030,09:30:02,$ 3333.23,10
1031,09:30:02,$ 3333.23,15
1032,09:30:02,$ 3333.23,184
1033,09:30:02,$ 3333.23,335
1034,09:30:02,$ 3333.23,456
1035,09:30:02,$ 3333.23,89
1036,09:30:02,$ 3333.23,4
1037,09:30:02,$ 3333.23,6
1038,09:30:02,$ 3333.23,1
1039,09:30:02,$ 3333.23,"2,000"
1040,09:30:02,$ 3333.23,1
1041,09:30:02,$ 3333.23,1
1042,09:30:02,$ 3333.23,5
1043,09:30:02,$ 3333.23,2
1044,09:30:02,$ 3333.23,1
1045,09:30:02,$ 3333.23,5
1046,09:30:02,$ 3333.23,2
1047,09:30:02,$ 3333.23,3
1048,09:30:02,$ 3333.23,1
1049,09:30:02,$ 3333.23,2
1051,09:30:02,$ 3333.23,2
1052,09:30:02,$ 3333.23,9
1053,09:30:02,$ 3333.23,10
1054,09:30:02,$ 3333.23,185
1055,09:30:02,$ 3333.23,3
1056,09:30:02,$ 3333.23,3
1057,09:30:02,$ 3333.23,3
1058,09:30:02,$ 3333.23,1
1059,09:30:02,$ 3333.23,1
1060,09:30:02,$ 3333.23,2
1061,09:30:02,$ 3333.23,1
1062,09:30:02,$ 3333.23,1
1063,09:30:02,$ 3333.23,3
1064,09:30:02,$ 3333.23,6
1065,09:30:02,$ 3333.23,9
1066,09:30:02,$ 3333.23,10
1067,09:30:02,$ 3333.23,10
1068,09:30:02,$ 3333.23,14
1069,09:30:02,$ 3333.23,14
1070,09:30:02,$ 3333.23,9
1072,09:30:02,$ 3333.23,9
1073,09:30:02,$ 3333.23,10
1074,09:30:02,$ 3333.23,2
1075,09:30:02,$ 3333.23,14
1076,09:30:02,$ 3333.23,1
1077,09:30:02,$ 3333.23,1
1078,09:30:02,$ 3333.23,20
1079,09:30:02,$ 3333.23,76
1080,09:30:02,$ 3333.23,1
1081,09:30:02,$ 3333.23,5
1082,09:30:02,$ 3333.23,1
1083,09:30:02,$ 3333.23,1
1084,09:30:02,$ 3333.23,1
1085,09:30:02,$ 3333.23,5
1086,09:30:02,$ 3333.23,2
1087,09:30:02,$ 3333.23,1
1088,09:30:02,$ 3333.23,2
1089,09:30:02,$ 3333.23,2
1090,09:30:02,$ 3333.23,1
1091,09:30:02,$ 3333.23,1
1093,09:30:02,$ 3333.23,1
1094,09:30:02,$ 3333.23,10
1095,09:30:02,$ 3333.23,3
1096,09:30:02,$ 3333.23,3
1097,09:30:02,$ 3333.23,1
1098,09:30:02,$ 3333.23,2
1099,09:30:02,$ 3333.23,5
1100,09:30:02,$ 3333.23,4
1101,09:30:02,$ 3333.23,10
1102,09:30:02,$ 3333.23,2
1103,09:30:02,$ 3333.23,6
1104,09:30:02,$ 3333.23,5
1105,09:30:02,$ 3333.23,5
1106,09:30:02,$ 3333.23,2
1107,09:30:02,$ 3333.23,150
1108,09:30:02,$ 3333.23,1
1109,09:30:02,$ 3333.23,1
1110,09:30:02,$ 3333.23,36
1111,09:30:02,$ 3333.23,2
1112,09:30:02,$ 3333.23,120
1114,09:30:02,$ 3333.23,2
1115,09:30:02,$ 3333.23,13
1116,09:30:02,$ 3333.23,10
1117,09:30:02,$ 3333.23,3
1118,09:30:02,$ 3333.23,15
1119,09:30:02,$ 3333.23,5
1120,09:30:02,$ 3333.23,1
1121,09:30:02,$ 3333.23,3
1122,09:30:02,$ 3333.23,2
1123,09:30:02,$ 3333.23,1
1124,09:30:02,$ 3333.23,2
1125,09:30:02,$ 3333.23,1
1126,09:30:02,$ 3333.23,1
1127,09:30:02,$ 3333.23,9
1128,09:30:02,$ 3333.23,1
1129,09:30:02,$ 3333.23,3
1130,09:30:02,$ 3333.23,1
1131,09:30:02,$ 3333.23,2
1132,09:30:02,$ 3333.23,4
1133,09:30:02,$ 3333.23,10
1135,09:30:02,$ 3333.23,2
1136,09:30:02,$ 3333.23,3
1137,09:30:02,$ 3333.23,1
1138,09:30:02,$ 3333.23,1
1139,09:30:02,$ 3333.23,10
1140,09:30:02,$ 3333.23,2
1141,09:30:02,$ 3333.23,1
1142,09:30:02,$ 3333.23,1
1143,09:30:02,$ 3333.23,6
1144,09:30:02,$ 3333.23,3
1145,09:30:02,$ 3333.23,1
1146,09:30:02,$ 3333.23,1
1147,09:30:02,$ 3333.23,1
1148,09:30:02,$ 3333.23,1
1149,09:30:02,$ 3333.23,1
1150,09:30:02,$ 3333.23,1
1151,09:30:02,$ 3333.23,1
1152,09:30:02,$ 3333.23,1
1153,09:30:02,$ 3333.23,1
1154,09:30:02,$ 3333.23,1
1156,09:30:02,$ 3333.23,1
1157,09:30:02,$ 3333.23,1
1158,09:30:02,$ 3333.23,1
1159,09:30:02,$ 3333.23,1
1160,09:30:02,$ 3333.23,1
1161,09:30:02,$ 3333.23,1
1162,09:30:02,$ 3333.23,1
1163,09:30:02,$ 3333.23,1
1164,09:30:02,$ 3333.23,1
1165,09:30:02,$ 3333.23,1
1166,09:30:02,$ 3333.23,1
1167,09:30:02,$ 3333.23,1
1168,09:30:02,$ 3333.23,1
1169,09:30:02,$ 3333.23,1
1170,09:30:02,$ 3333.23,1
1171,09:30:02,$ 3333.23,1
1172,09:30:02,$ 3333.23,1
1173,09:30:02,$ 3333.23,1
1174,09:30:02,$ 3333.23,1
1175,09:30:02,$ 3333.23,1
1177,09:30:02,$ 3333.23,1
1178,09:30:02,$ 3333.23,1
1179,09:30:02,$ 3333.23,1
1180,09:30:02,$ 3333.23,1
1181,09:30:02,$ 3333.23,1
1182,09:30:02,$ 3333.23,1
1183,09:30:02,$ 3333.23,1
1184,09:30:02,$ 3333.23,1
1185,09:30:02,$ 3333.23,1
1186,09:30:02,$ 3333.23,1
1187,09:30:02,$ 3333.23,1
1188,09:30:02,$ 3333.23,1
1189,09:30:02,$ 3333.23,1
1190,09:30:02,$ 3333.23,1
1191,09:30:02,$ 3333.23,1
1192,09:30:02,$ 3333.23,1
1193,09:30:02,$ 3333.23,1
1194,09:30:02,$ 3333.23,1
1195,09:30:02,$ 3333.23,1
1196,09:30:02,$ 3333.23,1
1198,09:30:02,$ 3333.23,1
1199,09:30:02,$ 3333.23,1
1200,09:30:02,$ 3333.23,1
1201,09:30:02,$ 3333.23,1
1202,09:30:02,$ 3333.23,1
1203,09:30:02,$ 3333.23,1
1204,09:30:02,$ 3333.23,1
1205,09:30:02,$ 3333.23,1
1206,09:30:02,$ 3333.23,1
1207,09:30:02,$ 3333.23,1
1208,09:30:02,$ 3333.23,1
1209,09:30:02,$ 3333.23,1
1210,09:30:02,$ 3333.23,1
1211,09:30:02,$ 3333.23,1
1212,09:30:02,$ 3333.23,1
1213,09:30:02,$ 3333.23,1
1214,09:30:02,$ 3333.23,1
1215,09:30:02,$ 3333.23,1
1216,09:30:02,$ 3333.23,1
1217,09:30:02,$ 3333.23,1
1219,09:30:02,$ 3333.23,1
1220,09:30:02,$ 3333.23,1
1221,09:30:02,$ 3333.23,1
1222,09:30:02,$ 3333.23,1
1223,09:30:02,$ 3333.23,1
1224,09:30:02,$ 3333.23,9
1225,09:30:02,$ 3333.23,10
1226,09:30:02,$ 3333.23,10
1227,09:30:02,$ 3333.23,4
1228,09:30:02,$ 3333.23,1
1229,09:30:02,$ 3333.23,3
1230,09:30:02,$ 3333.23,1
1231,09:30:02,$ 3333.23,2
1232,09:30:02,$ 3333.23,1
1233,09:30:02,$ 3333.23,1
1234,09:30:02,$ 3333.23,5
1235,09:30:02,$ 3333.23,1
1236,09:30:02,$ 3333.23,3
1237,09:30:02,$ 3333.23,11
1238,09:30:02,$ 3333.23,2
1240,09:30:02,$ 3333.23,1
1241,09:30:02,$ 3333.23,1
1242,09:30:02,$ 3333.23,1
1243,09:30:02,$ 3333.23,3
1244,09:30:02,$ 3333.23,100
1245,09:30:02,$ 3333.23,10
1246,09:30:02,$ 3333.23,100
1247,09:30:02,$ 3333.23,2
1248,09:30:02,$ 3333.23,142
1249,09:30:02,$ 3333.23,1
1250,09:30:02,$ 3333.23,1
1251,09:30:02,$ 3333.23,1
1252,09:30:02,$ 3333.23,2
1253,09:30:02,$ 3333.23,4
1254,09:30:02,$ 3333.23,8
1255,09:30:02,$ 3333.23,5
1256,09:30:02,$ 3333.23,2
1257,09:30:02,$ 3333.23,10
1258,09:30:02,$ 3333.23,3
1259,09:30:02,$ 3333.23,1
1261,09:30:02,$ 3333.23,1
1262,09:30:02,$ 3333.23,1
1263,09:30:02,$ 3333.23,1
1264,09:30:02,$ 3333.23,1
1265,09:30:02,$ 3333.23,1
1266,09:30:02,$ 3333.23,1
1267,09:30:02,$ 3333.23,1
1268,09:30:02,$ 3333.23,1
1269,09:30:02,$ 3333.23,1
1270,09:30:02,$ 3333.23,1
1271,09:30:02,$ 3333.23,1
1272,09:30:02,$ 3333.23,1
1273,09:30:02,$ 3333.23,1
1274,09:30:02,$ 3333.23,1
1275,09:30:02,$ 3333.23,1
1276,09:30:02,$ 3333.23,1
1277,09:30:02,$ 3333.23,1
1278,09:30:02,$ 3333.23,1
1279,09:30:02,$ 3333.23,1
1280,09:30:02,$ 3333.23,1
1282,09:30:02,$ 3333.23,1
1283,09:30:02,$ 3333.23,1
1284,09:30:02,$ 3333.23,1
1285,09:30:02,$ 3333.23,1
1286,09:30:02,$ 3333.23,1
1287,09:30:02,$ 3333.23,1
1288,09:30:02,$ 3333.23,1
1289,09:30:02,$ 3333.23,1
1290,09:30:02,$ 3333.23,1
1291,09:30:02,$ 3333.23,1
1292,09:30:02,$ 3333.23,1
1293,09:30:02,$ 3333.23,1
1294,09:30:02,$ 3333.23,1
1295,09:30:02,$ 3333.23,1
1296,09:30:02,$ 3333.23,1
1297,09:30:02,$ 3333.23,1
1298,09:30:02,$ 3333.23,1
1299,09:30:02,$ 3333.23,1
1300,09:30:02,$ 3333.23,1
1301,09:30:02,$ 3333.23,1
1303,09:30:02,$ 3333.23,1
1304,09:30:02,$ 3333.23,1
1305,09:30:02,$ 3333.23,1
1306,09:30:02,$ 3333.23,1
1307,09:30:02,$ 3333.23,1
1308,09:30:02,$ 3333.23,1
1309,09:30:02,$ 3333.23,1
1310,09:30:02,$ 3333.23,1
1311,09:30:02,$ 3333.23,1
1312,09:30:02,$ 3333.23,1
1313,09:30:02,$ 3333.23,1
1314,09:30:02,$ 3333.23,1
1315,09:30:02,$ 3333.23,1
1316,09:30:02,$ 3333.23,1
1317,09:30:02,$ 3333.23,1
1318,09:30:02,$ 3333.23,1
1319,09:30:02,$ 3333.23,1
1320,09:30:02,$ 3333.23,1
1321,09:30:02,$ 3333.23,1
1322,09:30:02,$ 3333.23,1
1324,09:30:02,$ 3333.23,1
1325,09:30:02,$ 3333.23,1
1326,09:30:02,$ 3333.23,1
1327,09:30:02,$ 3333.23,1
1328,09:30:02,$ 3333.23,1
1329,09:30:02,$ 3333.23,1
1330,09:30:02,$ 3333.23,1
1331,09:30:02,$ 3333.23,1
1332,09:30:02,$ 3333.23,1
1333,09:30:02,$ 3333.23,1
1334,09:30:02,$ 3333.23,1
1335,09:30:02,$ 3333.23,1
1336,09:30:02,$ 3333.23,1
1337,09:30:02,$ 3333.23,1
1338,09:30:02,$ 3333.23,1
1339,09:30:02,$ 3333.23,1
1340,09:30:02,$ 3333.23,1
1341,09:30:02,$ 3333.23,5
1342,09:30:02,$ 3333.23,5
1343,09:30:02,$ 3333.23,5
1345,09:30:02,$ 3333.23,1
1346,09:30:02,$ 3333.23,10
1347,09:30:02,$ 3333.23,16
1348,09:30:02,$ 3333.23,1
1349,09:30:02,$ 3333.23,1
1350,09:30:02,$ 3333.23,1
1351,09:30:02,$ 3333.23,1
1352,09:30:02,$ 3333.23,1
1353,09:30:02,$ 3333.23,1
1354,09:30:02,$ 3333.23,1
1355,09:30:02,$ 3333.23,1
1356,09:30:02,$ 3333.23,1
1357,09:30:02,$ 3333.23,1
1358,09:30:02,$ 3333.23,1
1359,09:30:02,$ 3333.23,1
1360,09:30:02,$ 3333.23,1
1361,09:30:02,$ 3333.23,1
1362,09:30:02,$ 3333.23,1
1363,09:30:02,$ 3333.23,1
1364,09:30:02,$ 3333.23,1
1366,09:30:02,$ 3333.23,1
1367,09:30:02,$ 3333.23,1
1368,09:30:02,$ 3333.23,1
1369,09:30:02,$ 3333.23,1
1370,09:30:02,$ 3333.23,7
1371,09:30:02,$ 3333.23,10
1372,09:30:02,$ 3333.23,2
1373,09:30:02,$ 3333.23,1
1374,09:30:02,$ 3333.23,1
1375,09:30:02,$ 3333.23,30
1376,09:30:02,$ 3333.23,10
1377,09:30:02,$ 3333.23,3
1378,09:30:02,$ 3333.23,2
1379,09:30:02,$ 3333.23,3
1380,09:30:02,$ 3333.23,"1,017"
1381,09:30:02,$ 3333.23,"6,333"
1382,09:30:02,$ 3333.23,1
1383,09:30:02,$ 3333.23,4
1384,09:30:02,$ 3333.23,1
1385,09:30:02,$ 3333.23,2
1387,09:30:02,$ 3333.23,3
1388,09:30:02,$ 3333.23,1
1389,09:30:02,$ 3333.23,7
1390,09:30:02,$ 3333.23,50
1391,09:30:02,$ 3333.23,30
1392,09:30:02,$ 3333.23,33
1393,09:30:02,$ 3333.23,30
1394,09:30:02,$ 3333.23,3
1395,09:30:02,$ 3333.23,12
1396,09:30:02,$ 3333.23,2
1397,09:30:02,$ 3333.23,19
1398,09:30:02,$ 3333.23,60
1399,09:30:02,$ 3333.23,1
1400,09:30:02,$ 3333.23,23
1401,09:30:02,$ 3333.23,1
1402,09:30:02,$ 3333.23,2
1403,09:30:02,$ 3333.23,12
1404,09:30:02,$ 3333.23,2
1405,09:30:02,$ 3333.23,17
1406,09:30:02,$ 3333.23,2
1408,09:30:02,$ 3333.23,11
1409,09:30:02,$ 3333.23,7
1410,09:30:02,$ 3333.23,42
1411,09:30:02,$ 3333.23,300
1412,09:30:02,$ 3333.23,10
1413,09:30:02,$ 3333.23,1
1414,09:30:02,$ 3333.23,1
1415,09:30:02,$ 3333.23,30
1416,09:30:02,$ 3333.23,10
1417,09:30:02,$ 3333.23,4
1418,09:30:02,$ 3333.23,38
1419,09:30:02,$ 3333.23,8
1420,09:30:02,$ 3333.23,1
1421,09:30:02,$ 3333.23,4
1422,09:30:02,$ 3333.23,7
1423,09:30:02,$ 3333.23,5
1424,09:30:02,$ 3333.23,8
1425,09:30:02,$ 3333.23,2
1426,09:30:02,$ 3333.23,3
1427,09:30:02,$ 3333.23,5
1429,09:30:02,$ 3333.23,3
1430,09:30:02,$ 3333.23,4
1431,09:30:02,$ 3333.23,1
1432,09:30:02,$ 3333.23,1
1433,09:30:02,$ 3333.23,1
1434,09:30:02,$ 3333.23,2
1435,09:30:02,$ 3333.23,1
1436,09:30:02,$ 3333.23,1
1437,09:30:02,$ 3333.23,1
1438,09:30:02,$ 3333.23,4
1439,09:30:02,$ 3333.23,1
1440,09:30:02,$ 3333.23,1
1441,09:30:02,$ 3333.23,1
1442,09:30:02,$ 3333.23,1
1443,09:30:02,$ 3333.23,3
1444,09:30:02,$ 3333.23,1
1445,09:30:02,$ 3333.23,4
1446,09:30:02,$ 3333.23,1
1447,09:30:02,$ 3333.23,1
1448,09:30:02,$ 3333.23,47
1450,09:30:02,$ 3333.23,1
1451,09:30:02,$ 3333.23,2
1452,09:30:02,$ 3333.23,1
1453,09:30:02,$ 3333.23,1
1454,09:30:02,$ 3333.23,1
1455,09:30:02,$ 3333.23,1
1456,09:30:02,$ 3333.23,1
1457,09:30:02,$ 3333.23,1
1458,09:30:02,$ 3333.23,1
1459,09:30:02,$ 3333.23,1
1460,09:30:02,$ 3333.23,1
1461,09:30:02,$ 3333.23,1
1462,09:30:02,$ 3333.23,1
1463,09:30:02,$ 3333.23,10
1464,09:30:02,$ 3333.23,3
1465,09:30:02,$ 3333.23,2
1466,09:30:02,$ 3333.23,1
1467,09:30:02,$ 3333.23,1
1468,09:30:02,$ 3333.23,1
1469,09:30:02,$ 3333.23,2
1471,09:30:02,$ 3333.23,19
1472,09:30:02,$ 3333.23,150
1473,09:30:02,$ 3333.23,10
1474,09:30:02,$ 3333.23,9
1475,09:30:02,$ 3333.23,4
1476,09:30:02,$ 3333.23,1
1477,09:30:02,$ 3333.23,1
1478,09:30:02,$ 3333.23,1
1479,09:30:02,$ 3333.23,1
1480,09:30:02,$ 3333.23,3
1481,09:30:02,$ 3333.23,1
1482,09:30:02,$ 3333.23,1
1483,09:30:02,$ 3333.23,6
1484,09:30:02,$ 3333.23,3
1485,09:30:02,$ 3333.23,5
1486,09:30:02,$ 3333.23,2
1487,09:30:02,$ 3333.23,1
1488,09:30:02,$ 3333.23,4
1489,09:30:02,$ 3333.23,4
1490,09:30:02,$ 3333.23,1
1492,09:30:02,$ 3333.23,1
1493,09:30:02,$ 3333.23,4
1494,09:30:02,$ 3333.23,4
1495,09:30:02,$ 3333.23,1
1496,09:30:02,$ 3333.23,6
1497,09:30:02,$ 3333.23,2
1498,09:30:02,$ 3333.23,1
1499,09:30:02,$ 3333.23,2
1500,09:30:02,$ 3333.23,5
1501,09:30:02,$ 3333.23,2
1502,09:30:02,$ 3333.23,18
1503,09:30:02,$ 3333.23,3
1504,09:30:02,$ 3333.23,24
1505,09:30:02,$ 3333.23,60
1506,09:30:02,$ 3333.23,4
1507,09:30:02,$ 3333.23,115
1508,09:30:02,$ 3333.23,7
1509,09:30:02,$ 3333.23,2
1510,09:30:02,$ 3333.23,5
1511,09:30:02,$ 3333.23,10
1513,09:30:02,$ 3333.23,90
1514,09:30:02,$ 3333.23,25
1515,09:30:02,$ 3333.23,603
1516,09:30:02,$ 3333.23,10
1517,09:30:02,$ 3333.23,48
1518,09:30:02,$ 3333.23,10
1519,09:30:02,$ 3333.23,3
1520,09:30:02,$ 3333.23,300
1521,09:30:02,$ 3333.23,100
1522,09:30:02,$ 3333.23,127
1523,09:30:02,$ 3333.23,2
1524,09:30:02,$ 3333.23,25
1525,09:30:02,$ 3333.23,4
1526,09:30:02,$ 3333.23,97
1527,09:30:02,$ 3333.23,2
1528,09:30:02,$ 3333.23,2
1529,09:30:02,$ 3333.23,46
1530,09:30:02,$ 3333.23,4
1531,09:30:02,$ 3333.23,1
1532,09:30:02,$ 3333.23,10
1534,09:30:02,$ 3333.23,31
1535,09:30:02,$ 3333.23,52
1536,09:30:02,$ 3333.23,11
1537,09:30:02,$ 3333.23,22
1538,09:30:02,$ 3333.23,29
1539,09:30:02,$ 3333.23,3
1540,09:30:02,$ 3333.23,9
1541,09:30:02,$ 3333.23,7
1542,09:30:02,$ 3333.23,3
1543,09:30:02,$ 3333.23,2
1544,09:30:02,$ 3333.23,1
1545,09:30:02,$ 3333.23,3
1546,09:30:02,$ 3333.23,9
1547,09:30:02,$ 3333.23,1
1548,09:30:02,$ 3333.23,10
1549,09:30:02,$ 3333.23,50
1550,09:30:02,$ 3333.23,2
1551,09:30:02,$ 3333.23,4
1552,09:30:02,$ 3333.23,10
1553,09:30:02,$ 3333.23,1
1555,09:30:02,$ 3333.23,1
1556,09:30:02,$ 3333.23,30
1557,09:30:02,$ 3333.23,2
1558,09:30:02,$ 3333.23,1
1559,09:30:02,$ 3333.23,1
1560,09:30:02,$ 3333.23,2
1561,09:30:02,$ 3333.23,2
1562,09:30:02,$ 3333.23,1
1563,09:30:02,$ 3333.23,1
1564,09:30:02,$ 3333.23,7
1565,09:30:02,$ 3333.23,10
1566,09:30:02,$ 3333.23,2
1567,09:30:02,$ 3333.23,7
1568,09:30:02,$ 3333.23,27
1569,09:30:02,$ 3333.23,5
1570,09:30:02,$ 3333.23,9
1571,09:30:02,$ 3333.23,18
1572,09:30:02,$ 3333.23,12
1573,09:30:02,$ 3333.23,13
1574,09:30:02,$ 3333.23,8
1576,09:30:02,$ 3333.23,25
1577,09:30:02,$ 3333.23,5
1578,09:30:02,$ 3333.23,4
1579,09:30:02,$ 3333.23,3
1580,09:30:02,$ 3333.23,20
1581,09:30:02,$ 3333.23,20
1582,09:30:02,$ 3333.23,2
1583,09:30:02,$ 3333.23,10
1584,09:30:02,$ 3333.23,35
1585,09:30:02,$ 3333.23,1
1586,09:30:02,$ 3333.23,3
1587,09:30:02,$ 3333.23,1
1588,09:30:02,$ 3333.23,50
1589,09:30:02,$ 3333.23,4
1590,09:30:02,$ 3333.23,1
1591,09:30:02,$ 3333.23,100
1592,09:30:02,$ 3333.23,74
1593,09:30:02,$ 3333.23,1
1594,09:30:02,$ 3333.23,1
1595,09:30:02,$ 3333.23,179
1597,09:30:02,$ 3333.23,4
1598,09:30:02,$ 3333.23,1
1599,09:30:02,$ 3333.23,6
1600,09:30:02,$ 3333.23,5
1601,09:30:02,$ 3333.23,100
1602,09:30:02,$ 3333.23,1
1603,09:30:02,$ 3333.23,7
1604,09:30:02,$ 3333.23,3
1605,09:30:02,$ 3333.23,3
1606,09:30:02,$ 3333.23,13
1607,09:30:02,$ 3333.23,1
1608,09:30:02,$ 3333.23,11
1609,09:30:02,$ 3333.23,1
1610,09:30:02,$ 3333.23,1
1611,09:30:02,$ 3333.23,2
1612,09:30:02,$ 3333.23,500
1613,09:30:02,$ 3333.23,28
1614,09:30:02,$ 3333.23,8
1615,09:30:02,$ 3333.23,200
1616,09:30:02,$ 3333.23,5
1618,09:30:02,$ 3333.23,1
1619,09:30:02,$ 3333.23,2
1620,09:30:02,$ 3333.23,36
1621,09:30:02,$ 3333.23,70
1622,09:30:02,$ 3333.23,25
1623,09:30:02,$ 3333.23,14
1624,09:30:02,$ 3333.23,8
1625,09:30:02,$ 3333.23,28
1626,09:30:02,$ 3333.23,12
1627,09:30:02,$ 3333.23,1
1628,09:30:02,$ 3333.23,17
1629,09:30:02,$ 3333.23,3
1630,09:30:02,$ 3333.23,1
1631,09:30:02,$ 3333.23,1
1632,09:30:02,$ 3333.23,64
1633,09:30:02,$ 3333.23,53
1634,09:30:02,$ 3333.23,30
1635,09:30:02,$ 3333.23,2
1636,09:30:02,$ 3333.23,1
1637,09:30:02,$ 3333.23,1
1639,09:30:02,$ 3333.23,10
1640,09:30:02,$ 3333.23,22
1641,09:30:02,$ 3333.23,6
1642,09:30:02,$ 3333.23,28
1643,09:30:02,$ 3333.23,38
1644,09:30:02,$ 3333.23,1
1645,09:30:02,$ 3333.23,3
1646,09:30:02,$ 3333.23,14
1647,09:30:02,$ 3333.23,3
1648,09:30:02,$ 3333.23,3
1649,09:30:02,$ 3333.23,5
1650,09:30:02,$ 3333.23,1
1651,09:30:02,$ 3333.23,5
1652,09:30:02,$ 3333.23,1
1653,09:30:02,$ 3333.23,1
1654,09:30:02,$ 3333.23,6
1655,09:30:02,$ 3333.23,64
1656,09:30:02,$ 3333.23,17
1657,09:30:02,$ 3333.23,3
1658,09:30:02,$ 3333.23,2
1660,09:30:02,$ 3333.23,2
1661,09:30:02,$ 3333.23,10
1662,09:30:02,$ 3333.23,7
1663,09:30:02,$ 3333.23,5
1664,09:30:02,$ 3333.23,2
1665,09:30:02,$ 3333.23,6
1666,09:30:02,$ 3332.2675,100
1668,10:29:53,$ 3324.24,100
1669,10:29:50,$ 3323.67,100
1670,10:29:34,$ 3323.98,100
1671,10:29:31,$ 3323.48,100
1672,10:29:24,$ 3324.075,100
1673,10:29:21,$ 3322.825,100
1674,10:29:18,$ 3322.98,100
1675,10:29:18,$ 3322.98,191
1676,10:29:18,$ 3322.98,152
1677,10:29:09,$ 3323.35,100
1678,10:29:09,$ 3323.24,100
1679,10:29:09,$ 3323.04,100
1680,10:29:09,$ 3323.33,300
1681,10:29:09,$ 3323.24,100
1682,10:29:09,$ 3323.24,100
1683,10:29:09,$ 3323.24,100
1684,10:29:08,$ 3323.33,100
1685,10:29:08,$ 3323.26,100
1686,10:29:08,$ 3323.21,100
1687,10:29:08,$ 3323.70,100
1689,10:29:04,$ 3324.025,100
1690,10:28:57,$ 3324.06,300
1691,10:28:57,$ 3324.16,100
1692,10:28:57,$ 3324.08,100
1693,10:28:57,$ 3324.06,145
1694,10:28:43,$ 3324.00,100
1695,10:28:32,$ 3324.865,100
1696,10:28:26,$ 3324.80,100
1697,10:28:09,$ 3324.5925,100
1698,10:28:05,$ 3325.79,100
1699,10:27:59,$ 3324.76,100
1700,10:27:33,$ 3324.7999,100
1701,10:27:24,$ 3324.6553,300
1702,10:27:10,$ 3325.53,100
1703,10:27:09,$ 3325.535,100
1704,10:27:05,$ 3324.79,100
1705,10:27:03,$ 3323.32,100
1706,10:27:02,$ 3322.19,455
1707,10:27:01,$ 3322.45,100
1708,10:27:01,$ 3323.00,100
1710,10:26:55,$ 3324.07,100
1711,10:26:55,$ 3324.08,100
1712,10:26:54,$ 3325.00,200
1713,10:26:54,$ 3324.85,100
1714,10:26:21,$ 3326.14,161
1715,10:26:00,$ 3327.46,100
1716,10:25:53,$ 3326.86,100
1717,10:25:50,$ 3326.59,250
1718,10:25:50,$ 3326.58,100
1719,10:25:40,$ 3325.36,100
1720,10:25:39,$ 3326.54,100
1721,10:25:34,$ 3326.36,100
1722,10:25:34,$ 3325.58,500
1723,10:25:29,$ 3325.97,100
1724,10:25:28,$ 3325.00,100
1725,10:25:27,$ 3324.48,100
1726,10:25:16,$ 3323.88,100
1727,10:25:14,$ 3324.503,250
1728,10:25:12,$ 3324.6192,100
1729,10:25:07,$ 3324.51,100
1731,10:24:51,$ 3325.61,100
1732,10:24:49,$ 3325.03,100
1733,10:24:49,$ 3325.49,100
1734,10:24:35,$ 3326.00,100
1735,10:24:30,$ 3327.2401,100
1736,10:24:16,$ 3328.00,100
1737,10:24:04,$ 3327.705,100
1738,10:24:01,$ 3327.8238,100
1739,10:23:58,$ 3327.95,200
1740,10:23:56,$ 3328.00,106
1741,10:23:56,$ 3328.00,100
1742,10:23:51,$ 3328.46,240
1743,10:23:44,$ 3329.55,150
1744,10:23:42,$ 3329.02,100
1745,10:23:42,$ 3329.02,328
1746,10:23:30,$ 3329.15,100
1747,10:23:30,$ 3329.00,100
1748,10:23:30,$ 3328.645,100
1749,10:23:29,$ 3328.645,158
1750,10:23:03,$ 3329.52,110
1752,10:23:02,$ 3329.52,100
1753,10:22:54,$ 3330.44,100
1754,10:22:51,$ 3330.255,100
1755,10:22:49,$ 3330.11,100
1756,10:22:31,$ 3331.51,100
1757,10:22:31,$ 3331.45,100
1758,10:22:31,$ 3331.12,300
1759,10:22:31,$ 3331.02,100
1760,10:22:30,$ 3330.56,100
1761,10:22:30,$ 3330.27,100
1762,10:22:30,$ 3330.58,134
1763,10:22:29,$ 3330.07,100
1764,10:22:29,$ 3330.22,100
1765,10:22:29,$ 3330.22,100
1766,10:22:29,$ 3330.25,100
1767,10:22:29,$ 3330.23,100
1768,10:22:29,$ 3330.07,100
1769,10:22:29,$ 3330.22,100
1770,10:22:29,$ 3330.22,100
1771,10:22:19,$ 3329.82,232
1773,10:22:16,$ 3330.81,100
1774,10:22:16,$ 3330.86,400
1775,10:21:47,$ 3329.9937,220
1776,10:21:23,$ 3330.87,247
1777,10:21:14,$ 3330.86,100
1778,10:21:14,$ 3330.82,100
1779,10:21:11,$ 3328.50,100
1780,10:21:11,$ 3328.5001,100
1781,10:21:10,$ 3329.86,100
1782,10:21:06,$ 3331.23,100
1783,10:21:04,$ 3331.15,100
1784,10:20:27,$ 3331.77,100
1785,10:20:27,$ 3330.825,100
1786,10:20:26,$ 3331.73,100
1787,10:20:26,$ 3331.69,100
1788,10:20:21,$ 3331.67,100
1789,10:20:17,$ 3331.79,100
1790,10:20:17,$ 3331.79,100
1791,10:20:17,$ 3332.04,100
1792,10:20:17,$ 3331.59,114
1794,10:20:12,$ 3331.70,100
1795,10:20:06,$ 3331.72,100
1796,10:20:06,$ 3331.40,100
1797,10:20:06,$ 3331.34,114
1798,10:20:06,$ 3331.42,100
1799,10:20:06,$ 3331.79,100
1800,10:19:52,$ 3332.18,100
1801,10:19:38,$ 3331.58,100
1802,10:19:36,$ 3332.38,100
1803,10:19:25,$ 3331.43,100
1804,10:19:19,$ 3331.59,100
1805,10:19:19,$ 3331.77,100
1806,10:19:19,$ 3331.715,100
1807,10:19:18,$ 3332.21,100
1808,10:19:02,$ 3332.78,100
1809,10:19:00,$ 3332.11,100
1810,10:19:00,$ 3332.10,100
1811,10:18:56,$ 3332.09,116
1812,10:18:56,$ 3332.62,100
1813,10:18:38,$ 3332.99,100
1815,10:18:13,$ 3332.27,100
1816,10:18:13,$ 3332.165,100
1817,10:18:13,$ 3332.4875,100
1818,10:18:11,$ 3333.19,100
1819,10:18:09,$ 3332.6937,100
1820,10:18:06,$ 3333.20,100
1821,10:18:02,$ 3333.50,100
1822,10:17:45,$ 3334.21,100
1823,10:17:43,$ 3334.2001,300
1824,10:17:39,$ 3335.66,100
1825,10:17:24,$ 3335.825,100
1826,10:17:24,$ 3336.00,100
1827,10:17:24,$ 3335.835,100
1828,10:17:24,$ 3336.00,200
1829,10:17:24,$ 3336.00,100
1830,10:17:20,$ 3334.99,100
1831,10:17:19,$ 3335.25,100
1832,10:17:19,$ 3335.09,100
1833,10:17:19,$ 3335.10,100
1834,10:17:19,$ 3335.08,100
1836,10:17:19,$ 3335.00,100
1837,10:17:19,$ 3335.00,250
1838,10:17:19,$ 3335.00,150
1839,10:17:19,$ 3335.00,300
1840,10:17:19,$ 3335.00,100
1841,10:17:19,$ 3335.00,100
1842,10:17:19,$ 3335.00,250
1843,10:17:16,$ 3333.2901,100
1844,10:17:11,$ 3333.875,100
1845,10:17:07,$ 3333.117,200
1846,10:17:04,$ 3334.0818,500
1847,10:17:04,$ 3334.09,100
1848,10:17:03,$ 3334.87,100
1849,10:17:01,$ 3334.36,100
1850,10:17:00,$ 3333.46,100
1851,10:16:58,$ 3333.58,100
1852,10:16:56,$ 3334.551,100
1853,10:16:56,$ 3334.92,100
1854,10:16:56,$ 3334.86,100
1855,10:16:56,$ 3334.31,100
1857,10:16:56,$ 3334.47,100
1858,10:16:56,$ 3334.31,100
1859,10:16:56,$ 3334.00,100
1860,10:16:56,$ 3333.97,100
1861,10:16:56,$ 3333.98,100
1862,10:16:56,$ 3333.93,100
1863,10:16:56,$ 3333.33,300
1864,10:16:54,$ 3332.79,100
1865,10:16:54,$ 3332.56,100
1866,10:16:51,$ 3332.49,100
1867,10:16:48,$ 3332.39,100
1868,10:16:47,$ 3332.46,100
1869,10:16:47,$ 3332.48,100
1870,10:16:47,$ 3332.50,139
1871,10:16:29,$ 3330.74,135
1872,10:16:28,$ 3331.21,100
1873,10:16:27,$ 3331.87,100
1874,10:16:24,$ 3330.645,100
1875,10:16:22,$ 3331.6275,200
1876,10:16:22,$ 3331.73,100
1878,10:16:22,$ 3331.36,100
1879,10:16:22,$ 3331.36,100
1880,10:16:22,$ 3330.825,100
1881,10:16:16,$ 3331.21,100
1882,10:16:16,$ 3331.09,100
1883,10:16:16,$ 3330.25,100
1884,10:16:16,$ 3330.40,100
1885,10:16:14,$ 3331.6547,107
1886,10:16:10,$ 3331.87,100
1887,10:16:06,$ 3330.11,100
1888,10:16:06,$ 3330.255,100
1889,10:16:06,$ 3330.095,100
1890,10:16:06,$ 3330.28,100
1891,10:16:06,$ 3330.93,100
1892,10:16:05,$ 3331.4115,100
1893,10:16:05,$ 3331.8599,100
1894,10:16:01,$ 3331.06,100
1895,10:15:46,$ 3333.00,100
1896,10:15:33,$ 3332.1409,100
1897,10:15:33,$ 3331.94,100
1899,10:15:25,$ 3331.54,100
1900,10:15:25,$ 3330.00,620
1901,10:15:24,$ 3331.28,100
1902,10:15:24,$ 3331.29,100
1903,10:15:24,$ 3331.41,100
1904,10:15:24,$ 3331.36,100
1905,10:15:24,$ 3332.0995,100
1906,10:15:24,$ 3332.09,100
1907,10:15:23,$ 3332.03,100
1908,10:15:22,$ 3332.94,100
1909,10:15:22,$ 3332.49,100
1910,10:15:22,$ 3332.50,100
1911,10:15:22,$ 3333.00,100
1912,10:15:22,$ 3332.9996,100
1913,10:15:22,$ 3333.00,100
1914,10:15:19,$ 3332.365,100
1915,10:15:16,$ 3332.365,100
1916,10:15:15,$ 3332.311,200
1917,10:15:15,$ 3332.311,200
1918,10:15:15,$ 3332.311,100
1920,10:15:15,$ 3332.735,100
1921,10:15:15,$ 3332.695,100
1922,10:15:15,$ 3332.311,100
1923,10:15:15,$ 3332.60,100
1924,10:15:15,$ 3332.20,100
1925,10:15:13,$ 3331.71,100
1926,10:15:12,$ 3331.71,100
1927,10:15:09,$ 3331.00,100
1928,10:15:09,$ 3331.00,160
1929,10:15:09,$ 3331.00,100
1930,10:15:09,$ 3331.00,100
1931,10:15:05,$ 3330.90,100
1932,10:15:03,$ 3330.88,100
1933,10:14:50,$ 3329.43,138
1934,10:14:43,$ 3329.02,100
1935,10:14:34,$ 3328.76,100
1936,10:13:48,$ 3328.99,100
1937,10:13:01,$ 3329.14,100
1938,10:12:55,$ 3328.55,100
1939,10:12:52,$ 3327.57,234
1941,10:12:51,$ 3328.14,100
1942,10:12:46,$ 3328.51,100
1943,10:12:43,$ 3328.05,100
1944,10:12:42,$ 3328.5499,115
1945,10:12:35,$ 3327.24,165
1946,10:12:35,$ 3328.22,110
1947,10:12:35,$ 3328.22,110
1948,10:12:29,$ 3328.90,100
1949,10:12:22,$ 3329.0045,100
1950,10:12:22,$ 3328.155,400
1951,10:12:17,$ 3328.95,100
1952,10:12:17,$ 3330.08,200
1953,10:12:17,$ 3329.95,100
1954,10:12:17,$ 3330.00,197
1955,10:12:17,$ 3330.00,100
1956,10:12:17,$ 3329.80,100
1957,10:12:04,$ 3328.30,100
1958,10:11:50,$ 3328.90,100
1959,10:11:50,$ 3328.90,100
1960,10:11:50,$ 3328.89,100
1962,10:11:48,$ 3329.33,100
1963,10:11:48,$ 3328.93,100
1964,10:11:36,$ 3327.965,100
1965,10:11:22,$ 3327.50,290
1966,10:11:12,$ 3327.30,100
1967,10:11:02,$ 3327.19,100
1968,10:10:57,$ 3327.22,100
1969,10:10:51,$ 3327.84,100
1970,10:10:49,$ 3328.57,100
1971,10:10:38,$ 3327.00,100
1972,10:10:31,$ 3327.10,100
1973,10:10:28,$ 3327.2921,207
1974,10:10:13,$ 3326.34,100
1975,10:09:58,$ 3326.06,100
1976,10:09:54,$ 3326.1516,150
1977,10:09:51,$ 3326.88,147
1978,10:09:25,$ 3324.68,100
1979,10:09:22,$ 3325.8799,100
1980,10:09:13,$ 3325.41,200
1981,10:09:12,$ 3326.7846,456
1983,10:09:12,$ 3326.26,200
1984,10:09:12,$ 3326.26,200
1985,10:09:12,$ 3326.25,100
1986,10:08:44,$ 3324.49,100
1987,10:08:32,$ 3325.75,100
1988,10:08:22,$ 3326.06,100
1989,10:08:16,$ 3326.48,200
1990,10:08:06,$ 3326.11,100
1991,10:07:58,$ 3325.90,100
1992,10:07:55,$ 3326.16,100
1993,10:07:55,$ 3326.17,100
1994,10:07:54,$ 3325.61,100
1995,10:07:45,$ 3326.23,200
1996,10:07:42,$ 3324.91,100
1997,10:07:30,$ 3324.58,100
1998,10:07:07,$ 3323.405,100
1999,10:07:04,$ 3323.62,100
2000,10:07:04,$ 3323.67,100
2001,10:07:04,$ 3323.79,100
2002,10:07:04,$ 3323.85,100
2004,10:07:04,$ 3324.00,599
2005,10:06:56,$ 3323.6999,100
2006,10:06:20,$ 3321.73,100
2007,10:06:18,$ 3321.515,150
2008,10:06:08,$ 3322.7894,100
2009,10:05:50,$ 3322.38,100
2010,10:05:50,$ 3322.4553,242
2011,10:05:46,$ 3324.31,100
2012,10:05:43,$ 3323.29,100
2013,10:05:42,$ 3323.325,100
2014,10:05:34,$ 3325.76,100
2015,10:05:31,$ 3324.83,100
2016,10:05:31,$ 3325.00,100
2017,10:05:16,$ 3327.00,100
2018,10:05:16,$ 3327.00,100
2019,10:05:04,$ 3327.07,100
2020,10:05:02,$ 3326.15,100
2021,10:04:58,$ 3327.36,200
2022,10:04:54,$ 3326.73,400
2023,10:04:54,$ 3327.315,100
2025,10:04:38,$ 3326.35,114
2026,10:04:38,$ 3326.55,100
2027,10:04:36,$ 3326.73,100
2028,10:04:33,$ 3326.51,200
2029,10:04:30,$ 3326.51,100
2030,10:04:27,$ 3326.52,100
2031,10:04:27,$ 3326.52,100
2032,10:04:04,$ 3326.44,100
2033,10:04:04,$ 3327.4304,236
2034,10:04:03,$ 3326.72,100
2035,10:03:22,$ 3326.67,100
2036,10:03:22,$ 3327.14,180
2037,10:03:16,$ 3327.02,100
2038,10:03:09,$ 3327.00,330
2039,10:03:09,$ 3327.00,235
2040,10:03:09,$ 3327.00,110
2041,10:03:09,$ 3327.00,293
2042,10:03:09,$ 3327.00,294
2043,10:03:09,$ 3327.00,330
2044,10:03:09,$ 3327.00,330
2046,10:03:09,$ 3327.00,110
2047,10:03:08,$ 3327.945,100
2048,10:03:08,$ 3327.945,100
2049,10:03:08,$ 3327.93,100
2050,10:03:04,$ 3327.75,100
2051,10:03:03,$ 3329.60,100
2052,10:03:03,$ 3329.27,100
2053,10:03:02,$ 3328.89,100
2054,10:03:01,$ 3328.37,100
2055,10:03:00,$ 3328.68,100
2056,10:03:00,$ 3328.99,100
2057,10:02:59,$ 3329.00,430
2058,10:02:58,$ 3328.25,100
2059,10:02:58,$ 3328.9996,100
2060,10:02:57,$ 3329.27,100
2061,10:02:57,$ 3327.815,100
2062,10:02:57,$ 3327.92,100
2063,10:02:57,$ 3328.95,100
2064,10:02:57,$ 3327.00,100
2065,10:02:57,$ 3328.00,100
2067,10:02:56,$ 3327.99,100
2068,10:02:53,$ 3328.00,100
2069,10:02:53,$ 3328.725,100
2070,10:02:52,$ 3327.97,100
2071,10:02:50,$ 3327.97,100
2072,10:02:50,$ 3328.96,100
2073,10:02:50,$ 3327.00,141
2074,10:02:50,$ 3327.98,100
2075,10:02:50,$ 3327.82,100
2076,10:02:48,$ 3327.25,100
2077,10:02:48,$ 3326.93,100
2078,10:02:48,$ 3326.82,100
2079,10:02:47,$ 3326.54,100
2080,10:02:47,$ 3326.655,100
2081,10:02:45,$ 3326.27,100
2082,10:02:45,$ 3326.02,100
2083,10:02:45,$ 3326.01,100
2084,10:02:45,$ 3326.00,100
2085,10:02:44,$ 3327.41,100
2086,10:02:44,$ 3326.705,100
2088,10:02:43,$ 3326.1916,100
2089,10:02:42,$ 3326.14,100
2090,10:02:41,$ 3327.41,100
2091,10:02:41,$ 3326.16,100
2092,10:02:38,$ 3327.00,100
2093,10:02:38,$ 3326.18,100
2094,10:02:38,$ 3326.9991,300
2095,10:02:38,$ 3326.87,125
2096,10:02:37,$ 3326.87,100
2097,10:02:37,$ 3326.87,100
2098,10:02:36,$ 3326.75,100
2099,10:02:35,$ 3325.1574,200
2100,10:02:34,$ 3324.51,100
2101,10:02:34,$ 3326.75,100
2102,10:02:34,$ 3324.715,100
2103,10:02:34,$ 3325.71,100
2104,10:02:34,$ 3325.84,100
2105,10:02:34,$ 3324.695,100
2106,10:02:33,$ 3325.70,100
2107,10:02:32,$ 3323.35,100
2109,10:02:32,$ 3323.50,100
2110,10:02:32,$ 3323.50,100
2111,10:02:32,$ 3323.50,110
2112,10:02:32,$ 3323.50,100
2113,10:02:32,$ 3323.50,110
2114,10:02:32,$ 3323.50,429
2115,10:02:32,$ 3323.50,100
2116,10:02:32,$ 3323.50,100
2117,10:02:32,$ 3323.50,110
2118,10:02:32,$ 3323.50,113
2119,10:02:32,$ 3323.50,100
2120,10:02:32,$ 3323.74,100
2121,10:02:32,$ 3323.50,388
2122,10:02:32,$ 3323.50,110
2123,10:02:32,$ 3325.23,100
2124,10:02:32,$ 3324.88,100
2125,10:02:30,$ 3323.5899,100
2126,10:02:24,$ 3321.57,100
2127,10:02:22,$ 3321.29,100
2128,10:02:21,$ 3319.6175,100
2130,10:02:21,$ 3321.65,100
2131,10:02:21,$ 3321.65,100
2132,10:02:21,$ 3321.99,100
2133,10:02:21,$ 3322.08,100
2134,10:02:21,$ 3322.08,100
2135,10:02:21,$ 3321.64,100
2136,10:02:21,$ 3321.50,100
2137,10:02:21,$ 3321.64,100
2138,10:02:11,$ 3319.00,100
2139,10:02:02,$ 3317.765,100
2140,10:01:59,$ 3318.0203,140
2141,10:01:44,$ 3318.255,100
2142,10:01:43,$ 3317.81,100
2143,10:01:34,$ 3318.3034,100
2144,10:01:26,$ 3318.22,100
2145,10:01:13,$ 3319.6811,100
2146,10:01:11,$ 3318.00,100
2147,10:01:07,$ 3319.355,100
2148,10:01:05,$ 3318.578,100
2149,10:01:04,$ 3319.67,100
2151,10:01:04,$ 3318.4465,100
2152,10:00:47,$ 3318.00,164
2153,10:00:45,$ 3317.03,100
2154,10:00:38,$ 3315.68,100
2155,10:00:21,$ 3316.21,100
2156,10:00:21,$ 3316.00,100
2157,10:00:20,$ 3317.00,107
2158,10:00:20,$ 3317.00,110
2159,10:00:20,$ 3316.37,110
2160,10:00:20,$ 3316.57,100
2161,10:00:17,$ 3316.00,100
2162,10:00:17,$ 3314.78,100
2163,10:00:13,$ 3316.39,100
2164,10:00:12,$ 3315.64,100
2165,10:00:12,$ 3317.51,100
2166,10:00:12,$ 3318.15,153
2167,10:00:07,$ 3313.89,100
2169,10:59:43,$ 3327.54,100
2170,10:59:33,$ 3327.7297,106
2171,10:59:29,$ 3327.2001,300
2172,10:59:27,$ 3327.25,100
2173,10:59:23,$ 3327.2901,100
2174,10:59:18,$ 3327.87,100
2175,10:59:18,$ 3327.95,100
2176,10:59:12,$ 3328.115,100
2177,10:58:59,$ 3328.11,200
2178,10:58:57,$ 3328.54,100
2179,10:58:56,$ 3328.79,100
2180,10:58:54,$ 3328.79,100
2181,10:58:41,$ 3329.01,100
2182,10:58:25,$ 3328.78,100
2183,10:58:08,$ 3328.4583,300
2184,10:58:01,$ 3329.05,100
2185,10:57:51,$ 3328.65,150
2186,10:57:47,$ 3328.25,100
2187,10:57:16,$ 3328.685,110
2188,10:57:10,$ 3328.91,100
2190,10:57:09,$ 3329.0622,143
2191,10:56:52,$ 3328.84,100
2192,10:56:51,$ 3329.3299,525
2193,10:56:48,$ 3328.0217,100
2194,10:56:20,$ 3328.715,100
2195,10:56:16,$ 3328.785,101
2196,10:56:16,$ 3328.00,100
2197,10:56:16,$ 3328.06,100
2198,10:56:02,$ 3327.51,100
2199,10:55:56,$ 3327.51,158
2200,10:55:56,$ 3327.20,100
2201,10:55:53,$ 3327.312,100
2202,10:55:51,$ 3327.72,451
2203,10:55:38,$ 3327.85,100
2204,10:55:35,$ 3327.51,100
2205,10:55:28,$ 3326.86,100
2206,10:55:28,$ 3326.98,100
2207,10:55:23,$ 3326.98,200
2208,10:55:18,$ 3327.00,350
2209,10:55:02,$ 3326.59,100
2211,10:54:43,$ 3325.765,100
2212,10:54:42,$ 3325.765,100
2213,10:53:56,$ 3324.9083,200
2214,10:53:40,$ 3324.9999,133
2215,10:53:30,$ 3324.625,100
2216,10:53:25,$ 3325.36,100
2217,10:52:23,$ 3324.00,100
2218,10:52:16,$ 3323.99,100
2219,10:51:58,$ 3324.1974,180
2220,10:51:55,$ 3324.26,100
2221,10:51:55,$ 3324.05,100
2222,10:51:52,$ 3323.60,100
2223,10:51:52,$ 3323.335,200
2224,10:51:29,$ 3324.2532,100
2225,10:51:28,$ 3324.31,100
2226,10:51:20,$ 3324.99,100
2227,10:51:20,$ 3325.02,100
2228,10:51:12,$ 3325.09,100
2229,10:50:27,$ 3324.74,100
2230,10:50:12,$ 3324.85,100
2232,10:50:00,$ 3324.75,100
2233,10:49:02,$ 3323.97,100
2234,10:48:09,$ 3323.29,100
2235,10:47:26,$ 3321.71,100
2236,10:47:18,$ 3322.95,100
2237,10:47:18,$ 3322.80,100
2238,10:47:16,$ 3323.05,100
2239,10:46:57,$ 3323.7399,100
2240,10:46:49,$ 3322.01,100
2241,10:46:48,$ 3322.39,100
2242,10:46:48,$ 3322.39,100
2243,10:45:45,$ 3321.94,136
2244,10:44:52,$ 3322.18,189
2245,10:44:49,$ 3322.2025,170
2246,10:44:37,$ 3322.9999,100
2247,10:44:20,$ 3322.80,110
2248,10:44:20,$ 3322.80,100
2249,10:44:20,$ 3322.80,110
2250,10:44:20,$ 3322.74,100
2251,10:44:12,$ 3322.105,245
2253,10:44:05,$ 3322.975,100
2254,10:44:04,$ 3322.87,100
2255,10:44:04,$ 3323.02,100
2256,10:43:45,$ 3323.5332,100
2257,10:43:28,$ 3323.71,200
2258,10:43:20,$ 3323.69,100
2259,10:42:54,$ 3323.84,100
2260,10:42:52,$ 3324.07,100
2261,10:42:26,$ 3323.04,110
2262,10:42:16,$ 3321.9092,100
2263,10:41:58,$ 3322.36,100
2264,10:41:58,$ 3322.36,100
2265,10:41:51,$ 3323.00,100
2266,10:41:51,$ 3323.00,100
2267,10:41:46,$ 3323.31,200
2268,10:41:46,$ 3323.00,100
2269,10:41:40,$ 3322.52,169
2270,10:41:14,$ 3321.7107,100
2271,10:41:05,$ 3321.568,200
2272,10:40:53,$ 3321.2127,130
2274,10:40:43,$ 3320.24,100
2275,10:40:40,$ 3319.835,100
2276,10:40:39,$ 3320.29,100
2277,10:40:29,$ 3320.00,106
2278,10:40:29,$ 3320.00,100
2279,10:40:27,$ 3320.85,100
2280,10:40:23,$ 3320.62,100
2281,10:40:23,$ 3320.82,100
2282,10:40:23,$ 3320.69,100
2283,10:40:22,$ 3321.28,100
2284,10:40:22,$ 3321.26,100
2285,10:40:22,$ 3321.26,100
2286,10:40:22,$ 3321.26,100
2287,10:40:22,$ 3321.26,186
2288,10:40:22,$ 3321.06,110
2289,10:40:22,$ 3321.26,100
2290,10:40:00,$ 3321.27,100
2291,10:40:00,$ 3322.13,100
2292,10:39:59,$ 3321.26,100
2293,10:39:59,$ 3321.37,100
2295,10:39:59,$ 3321.26,100
2296,10:39:59,$ 3321.26,100
2297,10:39:59,$ 3321.26,100
2298,10:39:59,$ 3321.26,100
2299,10:38:54,$ 3322.67,100
2300,10:38:26,$ 3322.2948,100
2301,10:38:13,$ 3322.57,100
2302,10:38:08,$ 3322.9104,296
2303,10:37:53,$ 3322.66,100
2304,10:37:26,$ 3321.85,100
2305,10:37:26,$ 3322.01,100
2306,10:36:55,$ 3323.00,100
2307,10:36:55,$ 3323.00,244
2308,10:36:55,$ 3323.00,100
2309,10:36:55,$ 3323.00,100
2310,10:36:55,$ 3323.00,100
2311,10:36:50,$ 3322.205,400
2312,10:36:26,$ 3321.26,100
2313,10:36:00,$ 3321.06,100
2314,10:36:00,$ 3321.09,100
2316,10:36:00,$ 3321.18,100
2317,10:35:55,$ 3321.51,106
2318,10:35:53,$ 3321.80,100
2319,10:35:51,$ 3321.96,100
2320,10:35:34,$ 3322.01,100
2321,10:35:32,$ 3322.26,100
2322,10:35:10,$ 3322.7653,100
2323,10:34:25,$ 3323.5971,100
2324,10:34:22,$ 3323.32,100
2325,10:34:22,$ 3323.22,100
2326,10:34:22,$ 3323.22,100
2327,10:34:13,$ 3323.79,100
2328,10:34:04,$ 3324.00,168
2329,10:33:39,$ 3323.407,473
2330,10:33:06,$ 3324.50,100
2331,10:33:03,$ 3324.61,500
2332,10:32:22,$ 3323.71,155
2333,10:32:13,$ 3323.18,110
2334,10:32:07,$ 3324.595,100
2335,10:31:57,$ 3323.5001,100
2337,10:31:31,$ 3324.795,100
2338,10:31:30,$ 3324.205,199
2339,10:31:18,$ 3323.79,100
2340,10:30:53,$ 3323.55,100
2341,10:30:05,$ 3324.6599,100
2342,10:30:01,$ 3324.93,100
2344,11:29:28,$ 3324.32,100
2345,11:29:25,$ 3323.94,100
2346,11:29:25,$ 3323.92,100
2347,11:29:10,$ 3324.6015,138
2348,11:29:09,$ 3324.425,100
2349,11:28:44,$ 3324.575,100
2350,11:28:38,$ 3325.185,200
2351,11:28:33,$ 3325.30,100
2352,11:28:18,$ 3325.52,110
2353,11:28:18,$ 3325.52,110
2354,11:27:40,$ 3324.90,100
2355,11:27:40,$ 3324.90,100
2356,11:27:34,$ 3324.33,100
2357,11:27:27,$ 3325.01,100
2358,11:26:58,$ 3325.28,560
2359,11:26:45,$ 3325.9319,150
2360,11:26:16,$ 3326.25,100
2361,11:26:16,$ 3326.20,100
2362,11:25:47,$ 3325.8486,101
2363,11:25:33,$ 3325.71,180
2365,11:25:31,$ 3326.9432,100
2366,11:25:30,$ 3325.96,100
2367,11:25:29,$ 3326.1113,111
2368,11:25:06,$ 3326.95,100
2369,11:25:06,$ 3326.95,100
2370,11:24:49,$ 3327.03,100
2371,11:24:49,$ 3327.06,100
2372,11:24:49,$ 3327.00,100
2373,11:24:49,$ 3327.00,100
2374,11:24:40,$ 3327.185,100
2375,11:24:40,$ 3327.06,100
2376,11:24:35,$ 3326.50,100
2377,11:23:48,$ 3325.97,200
2378,11:23:15,$ 3325.655,200
2379,11:22:44,$ 3325.485,100
2380,11:22:26,$ 3325.985,300
2381,11:22:25,$ 3326.40,100
2382,11:21:28,$ 3326.55,100
2383,11:21:28,$ 3326.00,110
2384,11:21:18,$ 3326.00,100
2386,11:21:02,$ 3325.45,100
2387,11:20:56,$ 3326.1599,348
2388,11:20:03,$ 3325.505,100
2389,11:19:40,$ 3325.13,100
2390,11:19:34,$ 3325.20,100
2391,11:19:34,$ 3325.89,100
2392,11:19:01,$ 3325.71,105
2393,11:19:01,$ 3325.90,100
2394,11:18:37,$ 3325.17,290
2395,11:18:12,$ 3325.0252,150
2396,11:18:11,$ 3324.40,100
2397,11:18:03,$ 3324.97,100
2398,11:17:20,$ 3324.07,100
2399,11:17:04,$ 3325.73,100
2400,11:16:59,$ 3326.06,100
2401,11:16:40,$ 3325.56,100
2402,11:16:23,$ 3325.03,100
2403,11:16:01,$ 3326.49,100
2404,11:16:01,$ 3326.69,100
2405,11:15:51,$ 3327.1617,150
2407,11:15:36,$ 3326.25,100
2408,11:14:45,$ 3325.55,100
2409,11:14:39,$ 3325.995,400
2410,11:13:55,$ 3326.26,100
2411,11:13:43,$ 3327.03,100
2412,11:13:11,$ 3327.57,111
2413,11:13:04,$ 3327.74,100
2414,11:12:46,$ 3329.0287,490
2415,11:12:21,$ 3328.36,100
2416,11:12:11,$ 3328.95,100
2417,11:12:11,$ 3329.00,133
2418,11:12:11,$ 3328.53,111
2419,11:12:11,$ 3328.53,100
2420,11:11:48,$ 3327.72,100
2421,11:10:21,$ 3326.9985,100
2422,11:10:16,$ 3326.61,100
2423,11:09:59,$ 3326.49,100
2424,11:09:07,$ 3328.8299,100
2425,11:08:59,$ 3327.9825,100
2426,11:08:25,$ 3328.02,100
2428,11:08:25,$ 3328.00,100
2429,11:08:25,$ 3328.00,154
2430,11:08:13,$ 3328.54,100
2431,11:08:13,$ 3327.954,100
2432,11:08:13,$ 3327.96,190
2433,11:08:13,$ 3328.00,"1,078"
2434,11:08:13,$ 3327.525,100
2435,11:08:13,$ 3327.21,100
2436,11:08:13,$ 3327.19,100
2437,11:08:13,$ 3327.16,100
2438,11:08:13,$ 3327.13,100
2439,11:08:09,$ 3326.845,100
2440,11:07:57,$ 3326.88,100
2441,11:07:22,$ 3326.2301,125
2442,11:07:21,$ 3325.70,100
2443,11:07:21,$ 3325.66,100
2444,11:07:17,$ 3325.20,100
2445,11:07:15,$ 3325.62,100
2446,11:07:15,$ 3325.63,100
2447,11:07:15,$ 3325.65,100
2449,11:06:52,$ 3324.82,100
2450,11:06:42,$ 3325.29,100
2451,11:06:42,$ 3324.22,100
2452,11:06:39,$ 3323.66,100
2453,11:06:39,$ 3323.84,100
2454,11:06:39,$ 3323.79,100
2455,11:06:38,$ 3324.64,100
2456,11:06:38,$ 3323.853,200
2457,11:06:16,$ 3324.35,100
2458,11:06:15,$ 3324.54,100
2459,11:06:15,$ 3324.54,100
2460,11:06:15,$ 3324.72,100
2461,11:06:09,$ 3325.02,100
2462,11:06:07,$ 3325.6292,100
2463,11:06:01,$ 3325.50,100
2464,11:05:54,$ 3325.09,100
2465,11:05:26,$ 3326.05,100
2466,11:05:00,$ 3325.33,100
2467,11:04:50,$ 3327.3613,100
2468,11:04:21,$ 3326.935,100
2470,11:04:15,$ 3327.10,100
2471,11:04:03,$ 3326.83,100
2472,11:03:38,$ 3326.40,100
2473,11:03:13,$ 3326.12,250
2474,11:03:12,$ 3326.5803,121
2475,11:03:03,$ 3326.48,100
2476,11:02:22,$ 3326.7947,100
2477,11:02:21,$ 3326.16,100
2478,11:02:21,$ 3326.13,100
2479,11:01:37,$ 3326.56,100
2480,11:01:10,$ 3326.95,100
2481,11:00:43,$ 3327.03,100
2482,11:00:43,$ 3327.77,100
2483,11:00:41,$ 3327.65,100
2484,11:00:40,$ 3327.20,200
2485,11:00:29,$ 3324.67,100
2486,11:00:24,$ 3324.67,100
2487,11:00:14,$ 3327.275,100
2488,11:00:14,$ 3327.27,100
2489,11:00:14,$ 3327.23,200
2491,11:00:14,$ 3327.18,100
2492,11:00:14,$ 3327.265,100
2493,11:00:14,$ 3327.215,100
2494,11:00:07,$ 3327.785,100
2496,11:59:33,$ 3328.0103,117
2497,11:59:33,$ 3327.95,100
2498,11:59:33,$ 3327.18,100
2499,11:59:13,$ 3327.71,100
2500,11:59:01,$ 3328.00,110
2501,11:59:01,$ 3328.00,100
2502,11:59:01,$ 3328.00,173
2503,11:58:56,$ 3327.63,100
2504,11:58:56,$ 3327.735,100
2505,11:58:44,$ 3327.4175,400
2506,11:58:09,$ 3327.43,180
2507,11:58:09,$ 3327.65,100
2508,11:57:19,$ 3327.19,100
2509,11:56:32,$ 3327.00,100
2510,11:56:32,$ 3326.94,100
2511,11:56:19,$ 3326.445,100
2512,11:55:50,$ 3327.00,100
2513,11:55:30,$ 3326.45,100
2514,11:55:28,$ 3326.74,100
2515,11:55:28,$ 3326.72,100
2517,11:55:28,$ 3326.74,100
2518,11:55:14,$ 3326.30,200
2519,11:54:22,$ 3326.2507,234
2520,11:54:18,$ 3326.30,105
2521,11:54:17,$ 3326.35,100
2522,11:54:08,$ 3325.895,100
2523,11:54:08,$ 3326.29,100
2524,11:54:08,$ 3326.29,100
2525,11:53:49,$ 3325.87,100
2526,11:52:40,$ 3325.265,100
2527,11:52:12,$ 3325.43,100
2528,11:52:01,$ 3326.209,100
2529,11:50:49,$ 3325.625,100
2530,11:50:49,$ 3325.55,100
2531,11:50:39,$ 3325.76,100
2532,11:50:38,$ 3325.52,100
2533,11:50:31,$ 3325.96,100
2534,11:50:18,$ 3326.66,100
2535,11:50:18,$ 3326.66,240
2536,11:50:17,$ 3326.68,100
2538,11:50:06,$ 3327.12,190
2539,11:50:05,$ 3327.05,100
2540,11:49:26,$ 3326.728,100
2541,11:49:24,$ 3326.21,100
2542,11:49:24,$ 3326.21,100
2543,11:49:24,$ 3326.31,100
2544,11:48:54,$ 3326.455,100
2545,11:48:46,$ 3326.21,100
2546,11:48:46,$ 3326.21,100
2547,11:48:25,$ 3326.08,100
2548,11:48:13,$ 3326.11,100
2549,11:48:06,$ 3326.22,100
2550,11:47:59,$ 3326.40,100
2551,11:47:52,$ 3326.798,200
2552,11:47:33,$ 3326.23,100
2553,11:47:23,$ 3326.52,100
2554,11:47:22,$ 3326.9708,100
2555,11:47:06,$ 3326.4716,781
2556,11:46:26,$ 3326.70,100
2557,11:46:25,$ 3326.39,100
2559,11:46:25,$ 3326.46,100
2560,11:46:25,$ 3326.38,100
2561,11:45:40,$ 3325.21,100
2562,11:45:40,$ 3325.49,100
2563,11:45:40,$ 3325.38,100
2564,11:45:09,$ 3325.40,100
2565,11:44:37,$ 3325.00,100
2566,11:44:19,$ 3324.28,100
2567,11:44:19,$ 3324.28,100
2568,11:44:13,$ 3325.01,100
2569,11:44:13,$ 3325.01,100
2570,11:44:09,$ 3324.91,100
2571,11:44:09,$ 3324.91,100
2572,11:44:09,$ 3324.91,100
2573,11:44:09,$ 3325.00,110
2574,11:44:09,$ 3325.00,110
2575,11:44:03,$ 3325.00,100
2576,11:44:03,$ 3325.00,100
2577,11:44:00,$ 3325.1496,100
2578,11:43:53,$ 3325.095,100
2580,11:43:52,$ 3325.065,155
2581,11:43:52,$ 3325.065,200
2582,11:43:52,$ 3325.065,200
2583,11:43:52,$ 3325.065,200
2584,11:43:51,$ 3325.00,100
2585,11:43:50,$ 3325.00,100
2586,11:43:50,$ 3325.00,242
2587,11:43:41,$ 3325.00,240
2588,11:43:37,$ 3325.00,134
2589,11:43:34,$ 3325.00,240
2590,11:43:31,$ 3325.00,134
2591,11:43:31,$ 3325.00,201
2592,11:43:31,$ 3325.00,100
2593,11:43:30,$ 3325.00,100
2594,11:43:27,$ 3325.00,100
2595,11:43:27,$ 3325.00,242
2596,11:43:27,$ 3325.00,100
2597,11:42:52,$ 3325.00,100
2598,11:42:52,$ 3325.00,100
2599,11:42:52,$ 3325.00,100
2601,11:42:52,$ 3325.00,101
2602,11:42:52,$ 3325.00,110
2603,11:42:52,$ 3325.00,101
2604,11:42:52,$ 3325.00,101
2605,11:42:31,$ 3324.57,100
2606,11:42:00,$ 3323.97,100
2607,11:41:26,$ 3323.77,100
2608,11:40:40,$ 3324.0301,200
2609,11:40:10,$ 3323.60,100
2610,11:39:43,$ 3324.495,126
2611,11:39:42,$ 3324.00,100
2612,11:38:58,$ 3323.03,253
2613,11:38:32,$ 3323.79,100
2614,11:38:27,$ 3324.29,100
2615,11:38:26,$ 3324.47,100
2616,11:38:26,$ 3324.44,100
2617,11:36:44,$ 3324.04,100
2618,11:36:03,$ 3324.655,100
2619,11:35:41,$ 3324.538,500
2620,11:35:27,$ 3324.0334,146
2622,11:34:48,$ 3325.00,100
2623,11:34:46,$ 3325.04,100
2624,11:34:46,$ 3324.71,100
2625,11:34:46,$ 3325.00,100
2626,11:34:46,$ 3325.00,100
2627,11:34:28,$ 3324.90,100
2628,11:34:15,$ 3324.50,100
2629,11:34:07,$ 3324.5325,200
2630,11:33:32,$ 3324.01,100
2631,11:32:42,$ 3323.54,100
2632,11:32:32,$ 3323.73,400
2633,11:31:59,$ 3324.23,100
2634,11:31:52,$ 3323.715,200
2635,11:31:51,$ 3323.1926,250
2636,11:31:51,$ 3323.3026,400
2637,11:31:15,$ 3324.165,110
2639,12:28:48,$ 3326.17,100
2640,12:28:48,$ 3326.38,100
2641,12:28:48,$ 3326.36,100
2642,12:25:20,$ 3326.82,100
2643,12:24:55,$ 3327.08,300
2644,12:24:30,$ 3326.725,"1,200"
2645,12:24:14,$ 3326.77,100
2646,12:24:14,$ 3326.79,100
2647,12:23:51,$ 3327.01,100
2648,12:22:22,$ 3326.5999,400
2649,12:20:51,$ 3325.70,100
2650,12:20:51,$ 3325.70,100
2651,12:20:36,$ 3325.56,100
2652,12:20:28,$ 3325.55,100
2653,12:20:19,$ 3326.055,300
2654,12:20:18,$ 3326.045,100
2655,12:20:08,$ 3325.96,100
2656,12:19:43,$ 3325.62,100
2657,12:19:36,$ 3326.40,100
2658,12:19:15,$ 3326.39,100
2660,12:19:06,$ 3326.31,400
2661,12:19:05,$ 3326.81,100
2662,12:19:03,$ 3326.52,100
2663,12:19:01,$ 3325.82,400
2664,12:18:59,$ 3326.27,400
2665,12:18:48,$ 3326.16,100
2666,12:18:38,$ 3326.13,400
2667,12:18:14,$ 3327.27,100
2668,12:16:21,$ 3327.50,100
2669,12:16:09,$ 3327.67,100
2670,12:16:09,$ 3327.67,100
2671,12:15:01,$ 3326.84,100
2672,12:15:01,$ 3326.84,100
2673,12:14:11,$ 3327.51,100
2674,12:14:10,$ 3327.77,100
2675,12:14:10,$ 3327.77,100
2676,12:13:26,$ 3326.98,100
2677,12:13:22,$ 3327.72,100
2678,12:13:16,$ 3327.91,100
2679,12:13:15,$ 3327.90,100
2681,12:12:47,$ 3327.1487,100
2682,12:11:16,$ 3327.39,100
2683,12:10:47,$ 3327.38,300
2684,12:10:46,$ 3327.35,100
2685,12:10:38,$ 3326.925,100
2686,12:10:21,$ 3327.85,400
2687,12:10:17,$ 3326.68,100
2688,12:10:17,$ 3326.65,100
2689,12:09:35,$ 3326.22,100
2690,12:09:35,$ 3326.18,100
2691,12:09:35,$ 3326.22,100
2692,12:09:35,$ 3326.16,100
2693,12:09:19,$ 3326.755,100
2694,12:09:19,$ 3326.22,100
2695,12:09:19,$ 3326.16,137
2696,12:09:18,$ 3327.33,100
2697,12:08:32,$ 3328.2699,170
2698,12:08:31,$ 3327.775,140
2699,12:08:18,$ 3327.70,100
2700,12:08:10,$ 3328.085,318
2702,12:07:33,$ 3328.03,100
2703,12:07:22,$ 3328.21,100
2704,12:07:01,$ 3328.95,200
2705,12:07:01,$ 3328.70,100
2706,12:07:00,$ 3328.61,100
2707,12:07:00,$ 3328.19,100
2708,12:06:04,$ 3327.22,100
2709,12:06:04,$ 3327.23,167
2710,12:06:04,$ 3327.815,100
2711,12:05:34,$ 3328.00,400
2712,12:05:00,$ 3327.76,200
2713,12:05:00,$ 3327.76,300
2714,12:04:59,$ 3327.76,127
2715,12:04:59,$ 3327.3386,592
2716,12:04:25,$ 3327.67,100
2717,12:03:17,$ 3327.01,400
2718,12:03:17,$ 3327.47,100
2719,12:03:17,$ 3327.57,100
2720,12:03:17,$ 3327.54,100
2721,12:03:17,$ 3327.50,100
2723,12:03:17,$ 3327.47,100
2724,12:03:17,$ 3327.43,100
2725,12:02:30,$ 3328.08,100
2726,12:01:26,$ 3326.62,100
2727,12:00:43,$ 3326.4237,100
2728,12:00:17,$ 3327.63,100
2730,12:59:45,$ 3325.88,100
2731,12:59:45,$ 3325.92,102
2732,12:59:45,$ 3325.77,100
2733,12:59:42,$ 3325.42,200
2734,12:59:05,$ 3325.02,100
2735,12:59:02,$ 3324.37,100
2736,12:58:57,$ 3324.78,100
2737,12:58:49,$ 3324.395,200
2738,12:58:23,$ 3324.3226,140
2739,12:57:37,$ 3324.39,"1,600"
2740,12:57:36,$ 3324.3875,400
2741,12:57:19,$ 3324.1369,300
2742,12:56:20,$ 3324.44,100
2743,12:56:13,$ 3324.9599,100
2744,12:55:38,$ 3324.75,100
2745,12:55:38,$ 3324.56,100
2746,12:55:11,$ 3324.17,100
2747,12:55:11,$ 3324.16,100
2748,12:55:02,$ 3323.76,100
2749,12:54:16,$ 3323.74,100
2751,12:54:14,$ 3323.88,100
2752,12:54:03,$ 3323.88,100
2753,12:54:03,$ 3323.88,100
2754,12:53:47,$ 3323.74,100
2755,12:53:32,$ 3323.74,202
2756,12:52:20,$ 3324.50,100
2757,12:52:00,$ 3324.28,100
2758,12:51:56,$ 3324.645,100
2759,12:50:19,$ 3324.40,100
2760,12:50:19,$ 3324.66,100
2761,12:49:03,$ 3323.49,100
2762,12:48:03,$ 3324.00,381
2763,12:46:26,$ 3324.42,100
2764,12:46:02,$ 3325.00,126
2765,12:45:20,$ 3324.98,100
2766,12:45:18,$ 3325.09,100
2767,12:44:28,$ 3324.91,100
2768,12:42:26,$ 3324.99,100
2769,12:42:26,$ 3325.06,100
2770,12:41:28,$ 3324.00,"1,200"
2772,12:40:16,$ 3324.50,100
2773,12:39:41,$ 3324.80,100
2774,12:39:29,$ 3324.95,500
2775,12:39:29,$ 3324.95,100
2776,12:39:29,$ 3325.08,100
2777,12:39:24,$ 3325.46,100
2778,12:39:02,$ 3325.40,100
2779,12:39:00,$ 3325.39,100
2780,12:38:28,$ 3324.99,100
2781,12:38:28,$ 3325.00,248
2782,12:38:28,$ 3325.00,151
2783,12:37:49,$ 3325.26,100
2784,12:37:32,$ 3325.00,271
2785,12:36:01,$ 3324.72,100
2786,12:35:44,$ 3324.33,100
2787,12:35:07,$ 3324.32,100
2788,12:35:07,$ 3324.34,100
2789,12:34:57,$ 3324.34,100
2790,12:34:57,$ 3324.33,100
2791,12:34:57,$ 3324.33,100
2793,12:34:56,$ 3324.00,100
2794,12:34:56,$ 3324.32,100
2795,12:34:56,$ 3324.30,100
2796,12:34:29,$ 3324.52,100
2797,12:34:29,$ 3324.52,100
2798,12:33:53,$ 3325.52,100
2799,12:33:53,$ 3325.49,100
2800,12:33:22,$ 3325.425,300
2801,12:33:21,$ 3325.425,100
2802,12:33:20,$ 3325.75,100
2803,12:33:02,$ 3325.685,100
2804,12:33:00,$ 3325.95,110
2805,12:32:57,$ 3326.02,100
2806,12:32:56,$ 3325.49,100
2807,12:32:52,$ 3325.25,100
2808,12:32:41,$ 3324.98,300
2809,12:32:25,$ 3325.125,100
2810,12:32:25,$ 3325.00,100
2811,12:32:25,$ 3325.00,100
2812,12:32:19,$ 3325.00,100
2814,12:32:16,$ 3324.76,100
2815,12:32:16,$ 3324.76,100
2816,12:32:15,$ 3324.895,100
2817,12:32:14,$ 3324.90,"1,200"
2818,12:32:08,$ 3324.4943,346
2819,12:32:06,$ 3324.59,100
2820,12:32:06,$ 3324.64,100
2821,12:32:06,$ 3324.79,300
2822,12:32:06,$ 3325.22,100
2823,12:31:56,$ 3325.6932,110
2824,12:31:54,$ 3325.90,100
2825,12:31:41,$ 3326.46,300
2826,12:31:25,$ 3326.53,100
2827,12:31:25,$ 3326.525,100
2828,12:31:18,$ 3326.62,100
2829,12:30:59,$ 3326.16,100
2830,12:30:25,$ 3326.00,900
2831,12:30:25,$ 3326.00,100
2832,12:30:25,$ 3326.00,100
2834,13:29:57,$ 3338.2596,100
2835,13:29:54,$ 3338.00,197
2836,13:29:51,$ 3338.00,100
2837,13:29:51,$ 3338.06,100
2838,13:29:51,$ 3338.00,122
2839,13:29:47,$ 3337.60,100
2840,13:29:30,$ 3337.515,100
2841,13:28:13,$ 3337.05,100
2842,13:27:47,$ 3337.75,121
2843,13:27:39,$ 3337.35,145
2844,13:27:09,$ 3337.255,100
2845,13:27:06,$ 3337.24,100
2846,13:26:57,$ 3337.75,100
2847,13:26:56,$ 3337.62,100
2848,13:26:31,$ 3337.265,100
2849,13:26:29,$ 3337.52,100
2850,13:26:24,$ 3337.46,100
2851,13:26:10,$ 3337.10,100
2852,13:26:03,$ 3336.74,100
2853,13:25:50,$ 3336.47,100
2855,13:25:46,$ 3336.7402,100
2856,13:25:46,$ 3336.7417,157
2857,13:25:46,$ 3336.91,100
2858,13:25:46,$ 3336.95,100
2859,13:25:46,$ 3336.95,100
2860,13:25:46,$ 3336.7375,100
2861,13:25:46,$ 3336.95,105
2862,13:25:46,$ 3336.95,101
2863,13:25:46,$ 3336.92,100
2864,13:25:46,$ 3336.95,157
2865,13:25:43,$ 3336.7051,235
2866,13:25:34,$ 3336.52,100
2867,13:25:31,$ 3336.97,100
2868,13:25:26,$ 3336.45,100
2869,13:25:26,$ 3336.33,100
2870,13:25:26,$ 3336.48,100
2871,13:25:19,$ 3336.84,100
2872,13:24:52,$ 3337.00,100
2873,13:24:51,$ 3336.5466,300
2874,13:24:50,$ 3336.6075,100
2876,13:24:34,$ 3336.8402,299
2877,13:24:27,$ 3336.905,160
2878,13:23:49,$ 3336.17,100
2879,13:23:49,$ 3336.39,100
2880,13:23:44,$ 3337.225,100
2881,13:23:44,$ 3336.11,100
2882,13:23:24,$ 3338.00,100
2883,13:23:18,$ 3338.50,110
2884,13:23:17,$ 3338.65,100
2885,13:23:17,$ 3338.62,100
2886,13:22:51,$ 3338.7385,100
2887,13:22:47,$ 3338.97,100
2888,13:22:44,$ 3338.82,100
2889,13:22:29,$ 3338.00,225
2890,13:22:28,$ 3337.47,100
2891,13:22:18,$ 3337.9319,200
2892,13:22:17,$ 3337.74,100
2893,13:22:11,$ 3337.5084,991
2894,13:22:11,$ 3337.665,100
2895,13:22:02,$ 3337.675,100
2897,13:22:01,$ 3337.677,299
2898,13:22:01,$ 3338.00,150
2899,13:22:01,$ 3337.677,150
2900,13:21:59,$ 3336.99,100
2901,13:21:59,$ 3337.098,200
2902,13:21:59,$ 3337.98,100
2903,13:21:59,$ 3337.61,100
2904,13:21:59,$ 3338.00,150
2905,13:21:59,$ 3336.72,230
2906,13:21:59,$ 3337.26,100
2907,13:21:54,$ 3336.25,140
2908,13:21:54,$ 3336.12,100
2909,13:21:38,$ 3335.40,132
2910,13:21:38,$ 3335.36,100
2911,13:21:37,$ 3335.71,100
2912,13:21:36,$ 3335.86,100
2913,13:21:35,$ 3336.01,121
2914,13:21:35,$ 3336.00,100
2915,13:21:34,$ 3335.77,105
2916,13:21:32,$ 3334.86,100
2918,13:21:32,$ 3334.99,100
2919,13:21:31,$ 3335.78,109
2920,13:21:27,$ 3335.175,159
2921,13:21:20,$ 3335.00,150
2922,13:21:08,$ 3334.0374,100
2923,13:21:05,$ 3333.956,100
2924,13:21:05,$ 3333.95,100
2925,13:21:05,$ 3333.98,100
2926,13:21:05,$ 3333.93,100
2927,13:21:03,$ 3334.07,100
2928,13:20:56,$ 3334.21,100
2929,13:20:56,$ 3334.22,100
2930,13:20:56,$ 3334.22,100
2931,13:20:56,$ 3334.22,100
2932,13:20:53,$ 3334.22,100
2933,13:20:50,$ 3334.14,100
2934,13:20:23,$ 3333.90,100
2935,13:20:10,$ 3333.70,100
2936,13:20:02,$ 3333.98,100
2937,13:20:00,$ 3334.33,110
2939,13:19:54,$ 3333.7847,100
2940,13:19:39,$ 3334.02,200
2941,13:19:36,$ 3334.02,100
2942,13:19:34,$ 3334.165,"1,175"
2943,13:19:27,$ 3334.4261,144
2944,13:19:20,$ 3334.0111,100
2945,13:19:16,$ 3334.3947,250
2946,13:19:13,$ 3334.03,100
2947,13:19:06,$ 3334.00,100
2948,13:19:06,$ 3334.00,100
2949,13:19:01,$ 3333.92,100
2950,13:19:01,$ 3333.70,100
2951,13:18:39,$ 3333.6099,100
2952,13:18:22,$ 3333.9999,500
2953,13:18:20,$ 3333.35,100
2954,13:18:20,$ 3333.25,100
2955,13:18:20,$ 3332.99,100
2956,13:18:20,$ 3332.93,100
2957,13:18:20,$ 3333.25,165
2958,13:18:20,$ 3332.97,100
2960,13:18:20,$ 3332.99,100
2961,13:18:17,$ 3332.685,500
2962,13:18:14,$ 3332.31,100
2963,13:18:14,$ 3332.05,200
2964,13:18:13,$ 3333.25,100
2965,13:18:13,$ 3333.78,100
2966,13:18:13,$ 3333.78,100
2967,13:18:13,$ 3333.63,100
2968,13:18:01,$ 3333.9726,200
2969,13:17:59,$ 3333.99,100
2970,13:17:52,$ 3333.855,100
2971,13:17:51,$ 3333.3401,259
2972,13:17:40,$ 3334.50,200
2973,13:17:40,$ 3334.52,100
2974,13:17:40,$ 3334.50,930
2975,13:17:40,$ 3334.47,100
2976,13:17:40,$ 3334.52,100
2977,13:17:39,$ 3334.35,300
2978,13:17:39,$ 3334.35,100
2979,13:17:39,$ 3334.00,100
2981,13:17:39,$ 3333.65,417
2982,13:17:39,$ 3333.65,333
2983,13:17:39,$ 3333.65,117
2984,13:17:39,$ 3333.33,102
2985,13:17:39,$ 3333.31,100
2986,13:17:39,$ 3333.25,100
2987,13:17:39,$ 3333.33,100
2988,13:17:39,$ 3333.33,100
2989,13:17:39,$ 3333.10,100
2990,13:17:39,$ 3333.10,100
2991,13:17:33,$ 3333.00,100
2992,13:17:23,$ 3333.00,100
2993,13:17:23,$ 3333.00,100
2994,13:17:23,$ 3332.515,"1,000"
2995,13:17:02,$ 3332.0101,100
2996,13:17:01,$ 3332.135,525
2997,13:16:55,$ 3332.135,400
2998,13:16:50,$ 3331.75,123
2999,13:16:50,$ 3331.75,100
3000,13:16:50,$ 3331.75,152
3002,13:16:50,$ 3331.75,152
3003,13:16:50,$ 3331.75,100
3004,13:16:50,$ 3331.75,152
3005,13:16:44,$ 3332.00,100
3006,13:16:44,$ 3331.609,"1,000"
3007,13:16:42,$ 3331.92,100
3008,13:16:39,$ 3331.94,193
3009,13:16:39,$ 3331.51,100
3010,13:16:39,$ 3331.57,100
3011,13:16:31,$ 3330.62,100
3012,13:16:21,$ 3330.049,800
3013,13:16:21,$ 3330.279,196
3014,13:16:18,$ 3330.88,100
3015,13:16:18,$ 3330.383,100
3016,13:16:17,$ 3329.87,100
3017,13:16:16,$ 3329.6477,200
3018,13:16:06,$ 3329.516,"1,000"
3019,13:16:00,$ 3329.86,127
3020,13:15:36,$ 3329.25,106
3021,13:15:36,$ 3329.05,100
3023,13:15:36,$ 3329.04,145
3024,13:15:30,$ 3329.17,100
3025,13:15:29,$ 3329.155,100
3026,13:15:27,$ 3329.145,110
3027,13:15:26,$ 3328.9565,100
3028,13:15:26,$ 3328.9565,400
3029,13:15:26,$ 3329.00,100
3030,13:15:26,$ 3329.13,100
3031,13:15:26,$ 3329.00,100
3032,13:15:26,$ 3329.14,100
3033,13:15:16,$ 3329.00,100
3034,13:15:16,$ 3329.00,100
3035,13:15:16,$ 3329.00,100
3036,13:15:16,$ 3329.00,100
3037,13:15:16,$ 3329.00,100
3038,13:15:13,$ 3329.065,100
3039,13:15:13,$ 3329.065,100
3040,13:15:13,$ 3329.065,100
3041,13:15:04,$ 3329.10,100
3042,13:15:04,$ 3329.10,100
3044,13:14:00,$ 3329.135,100
3045,13:13:57,$ 3329.00,100
3046,13:13:39,$ 3329.00,200
3047,13:13:39,$ 3329.26,100
3048,13:13:28,$ 3328.885,100
3049,13:13:17,$ 3328.53,100
3050,13:13:03,$ 3328.41,500
3051,13:11:47,$ 3327.45,100
3052,13:11:16,$ 3328.00,100
3053,13:10:47,$ 3328.0853,500
3054,13:10:05,$ 3329.00,113
3055,13:09:36,$ 3328.82,100
3056,13:09:32,$ 3328.765,200
3057,13:09:23,$ 3329.015,100
3058,13:09:23,$ 3328.94,100
3059,13:09:08,$ 3329.00,100
3060,13:09:08,$ 3328.7762,300
3061,13:09:08,$ 3328.55,106
3062,13:09:08,$ 3329.00,106
3063,13:09:08,$ 3328.4512,100
3065,13:09:08,$ 3328.88,100
3066,13:08:56,$ 3328.8381,500
3067,13:08:48,$ 3328.656,750
3068,13:08:48,$ 3328.189,100
3069,13:08:39,$ 3328.51,155
3070,13:08:24,$ 3328.30,100
3071,13:08:21,$ 3328.756,100
3072,13:08:21,$ 3328.7686,133
3073,13:08:21,$ 3328.769,200
3074,13:08:21,$ 3327.97,380
3075,13:08:20,$ 3328.66,100
3076,13:08:19,$ 3328.5299,100
3077,13:08:18,$ 3328.25,100
3078,13:07:57,$ 3328.23,100
3079,13:07:57,$ 3328.23,100
3080,13:07:54,$ 3328.00,100
3081,13:06:56,$ 3327.42,100
3082,13:06:54,$ 3327.25,100
3083,13:06:54,$ 3327.25,371
3084,13:06:34,$ 3327.2025,100
3086,13:06:33,$ 3326.91,400
3087,13:06:29,$ 3327.41,100
3088,13:06:14,$ 3327.50,200
3089,13:05:59,$ 3327.08,100
3090,13:05:59,$ 3326.99,100
3091,13:05:59,$ 3327.00,100
3092,13:05:59,$ 3327.00,100
3093,13:05:58,$ 3326.73,100
3094,13:05:58,$ 3326.78,100
3095,13:05:54,$ 3326.46,100
3096,13:05:37,$ 3326.46,300
3097,13:05:23,$ 3326.41,200
3098,13:05:12,$ 3326.10,100
3099,13:05:12,$ 3326.10,100
3100,13:05:12,$ 3326.10,100
3101,13:05:06,$ 3325.91,100
3102,13:05:06,$ 3325.91,100
3103,13:04:49,$ 3325.91,100
3104,13:04:23,$ 3326.19,100
3105,13:03:12,$ 3326.16,100
3107,13:03:05,$ 3326.55,100
3108,13:02:24,$ 3326.49,100
3109,13:02:24,$ 3326.18,100
3110,13:02:18,$ 3326.12,100
3111,13:02:18,$ 3326.19,100
3112,13:02:16,$ 3326.10,100
3113,13:02:16,$ 3326.10,100
3114,13:01:39,$ 3325.89,100
3115,13:00:40,$ 3325.47,100
3116,13:00:36,$ 3325.61,100
3117,13:00:24,$ 3326.10,100
3119,13:59:56,$ 3339.49,100
3120,13:59:56,$ 3339.53,100
3121,13:59:48,$ 3340.049,"2,000"
3122,13:58:32,$ 3339.285,100
3123,13:58:24,$ 3339.45,100
3124,13:57:28,$ 3340.01,100
3125,13:57:28,$ 3340.01,100
3126,13:57:12,$ 3340.084,592
3127,13:57:12,$ 3340.084,118
3128,13:57:04,$ 3339.99,400
3129,13:57:00,$ 3339.83,100
3130,13:56:42,$ 3339.375,200
3131,13:56:36,$ 3339.05,100
3132,13:56:36,$ 3339.42,100
3133,13:56:20,$ 3340.01,100
3134,13:56:11,$ 3340.205,200
3135,13:56:01,$ 3340.00,100
3136,13:55:45,$ 3339.7225,100
3137,13:55:45,$ 3339.84,100
3138,13:55:00,$ 3339.26,100
3140,13:54:59,$ 3338.49,100
3141,13:54:42,$ 3339.3499,100
3142,13:54:35,$ 3339.00,100
3143,13:54:12,$ 3338.83,100
3144,13:53:58,$ 3339.89,140
3145,13:53:30,$ 3339.25,100
3146,13:53:08,$ 3339.90,103
3147,13:52:58,$ 3339.2389,231
3148,13:52:36,$ 3339.97,500
3149,13:52:27,$ 3340.11,100
3150,13:52:18,$ 3340.53,100
3151,13:52:02,$ 3340.16,100
3152,13:51:46,$ 3339.79,227
3153,13:51:35,$ 3339.3779,100
3154,13:51:16,$ 3339.56,100
3155,13:51:14,$ 3339.26,100
3156,13:51:10,$ 3338.70,700
3157,13:51:02,$ 3339.05,100
3158,13:51:02,$ 3339.07,100
3159,13:50:53,$ 3339.29,100
3161,13:50:33,$ 3339.345,100
3162,13:50:27,$ 3339.305,200
3163,13:50:07,$ 3340.1647,112
3164,13:49:45,$ 3340.45,100
3165,13:49:23,$ 3340.30,100
3166,13:49:08,$ 3340.56,100
3167,13:49:08,$ 3340.56,100
3168,13:49:08,$ 3340.75,100
3169,13:49:08,$ 3340.75,390
3170,13:49:08,$ 3340.75,100
3171,13:49:08,$ 3341.02,100
3172,13:49:08,$ 3341.02,100
3173,13:49:08,$ 3341.02,144
3174,13:49:08,$ 3340.75,100
3175,13:49:08,$ 3341.02,100
3176,13:49:08,$ 3340.75,100
3177,13:49:08,$ 3341.02,100
3178,13:49:07,$ 3341.00,100
3179,13:49:07,$ 3341.045,100
3180,13:49:07,$ 3341.05,100
3182,13:49:07,$ 3341.00,492
3183,13:49:07,$ 3341.00,133
3184,13:49:07,$ 3341.03,100
3185,13:49:07,$ 3341.05,100
3186,13:49:07,$ 3341.05,100
3187,13:49:07,$ 3341.05,100
3188,13:49:04,$ 3341.24,100
3189,13:49:00,$ 3340.915,100
3190,13:48:52,$ 3341.26,100
3191,13:48:52,$ 3341.27,100
3192,13:48:52,$ 3341.28,100
3193,13:48:42,$ 3341.46,100
3194,13:48:42,$ 3341.47,100
3195,13:48:42,$ 3341.46,100
3196,13:48:42,$ 3341.46,100
3197,13:48:42,$ 3341.46,100
3198,13:48:42,$ 3341.46,100
3199,13:48:42,$ 3341.20,100
3200,13:48:42,$ 3340.885,100
3201,13:48:42,$ 3340.885,100
3203,13:48:40,$ 3340.91,100
3204,13:48:35,$ 3340.885,100
3205,13:48:35,$ 3340.56,100
3206,13:48:35,$ 3340.885,100
3207,13:48:35,$ 3340.885,100
3208,13:48:33,$ 3340.6507,154
3209,13:48:33,$ 3340.89,100
3210,13:48:24,$ 3341.00,417
3211,13:48:16,$ 3341.255,100
3212,13:48:05,$ 3341.80,100
3213,13:47:35,$ 3341.485,100
3214,13:47:29,$ 3341.62,110
3215,13:46:58,$ 3342.10,100
3216,13:46:54,$ 3341.5241,100
3217,13:46:42,$ 3342.20,100
3218,13:46:21,$ 3341.755,500
3219,13:46:05,$ 3341.60,100
3220,13:45:48,$ 3341.58,100
3221,13:45:42,$ 3341.655,100
3222,13:45:40,$ 3341.31,100
3224,13:45:40,$ 3341.33,100
3225,13:45:40,$ 3341.33,100
3226,13:45:39,$ 3341.49,100
3227,13:45:39,$ 3341.49,100
3228,13:45:33,$ 3341.32,100
3229,13:45:21,$ 3341.72,300
3230,13:45:17,$ 3341.46,100
3231,13:45:17,$ 3341.97,100
3232,13:45:17,$ 3341.98,100
3233,13:45:08,$ 3341.4045,100
3234,13:44:56,$ 3341.84,100
3235,13:44:44,$ 3342.10,500
3236,13:44:19,$ 3343.00,100
3237,13:44:00,$ 3342.60,100
3238,13:43:55,$ 3342.6704,100
3239,13:43:05,$ 3343.45,100
3240,13:42:56,$ 3343.28,225
3241,13:42:55,$ 3343.24,100
3242,13:42:51,$ 3343.43,100
3243,13:42:28,$ 3342.81,100
3245,13:42:17,$ 3343.1216,250
3246,13:42:11,$ 3342.97,100
3247,13:42:02,$ 3342.68,100
3248,13:42:02,$ 3342.68,100
3249,13:42:02,$ 3342.67,100
3250,13:42:01,$ 3342.32,100
3251,13:41:58,$ 3342.14,100
3252,13:41:41,$ 3342.11,357
3253,13:41:40,$ 3342.47,100
3254,13:41:29,$ 3341.85,100
3255,13:41:13,$ 3341.715,100
3256,13:41:11,$ 3341.6932,194
3257,13:40:57,$ 3341.96,100
3258,13:40:57,$ 3341.91,100
3259,13:40:54,$ 3341.895,250
3260,13:40:48,$ 3341.60,215
3261,13:40:40,$ 3342.005,100
3262,13:40:23,$ 3341.23,100
3263,13:40:23,$ 3341.41,100
3264,13:39:52,$ 3341.40,100
3266,13:39:52,$ 3341.265,100
3267,13:39:52,$ 3341.52,100
3268,13:39:52,$ 3341.26,100
3269,13:39:32,$ 3341.72,299
3270,13:39:32,$ 3341.52,100
3271,13:39:32,$ 3341.46,100
3272,13:39:32,$ 3341.52,135
3273,13:39:08,$ 3341.00,374
3274,13:38:33,$ 3341.116,250
3275,13:38:26,$ 3340.6354,"2,000"
3276,13:38:05,$ 3341.65,100
3277,13:37:24,$ 3341.18,100
3278,13:37:09,$ 3341.21,100
3279,13:37:05,$ 3340.95,100
3280,13:36:56,$ 3340.9304,299
3281,13:36:56,$ 3340.71,100
3282,13:36:56,$ 3340.87,100
3283,13:36:56,$ 3340.80,100
3284,13:36:56,$ 3340.82,100
3285,13:36:56,$ 3340.82,100
3287,13:36:56,$ 3340.77,100
3288,13:36:56,$ 3340.72,100
3289,13:36:14,$ 3340.5557,150
3290,13:35:57,$ 3341.26,100
3291,13:35:56,$ 3341.541,118
3292,13:35:56,$ 3341.541,787
3293,13:35:50,$ 3341.26,286
3294,13:35:47,$ 3341.3101,115
3295,13:35:30,$ 3341.9336,100
3296,13:35:28,$ 3341.88,100
3297,13:35:26,$ 3341.40,100
3298,13:35:24,$ 3341.99,100
3299,13:35:14,$ 3341.59,100
3300,13:35:12,$ 3341.4236,100
3301,13:35:00,$ 3341.40,100
3302,13:35:00,$ 3341.40,100
3303,13:35:00,$ 3341.24,100
3304,13:35:00,$ 3341.40,100
3305,13:35:00,$ 3341.37,100
3306,13:35:00,$ 3341.24,100
3308,13:35:00,$ 3340.47,100
3309,13:34:57,$ 3341.00,127
3310,13:34:57,$ 3341.02,100
3311,13:34:57,$ 3341.01,100
3312,13:34:53,$ 3341.54,500
3313,13:34:36,$ 3341.46,100
3314,13:34:30,$ 3342.05,100
3315,13:34:25,$ 3342.445,100
3316,13:34:22,$ 3342.36,100
3317,13:34:19,$ 3342.58,100
3318,13:34:19,$ 3342.53,100
3319,13:34:10,$ 3342.5896,120
3320,13:33:57,$ 3342.69,100
3321,13:33:30,$ 3343.05,100
3322,13:33:28,$ 3342.9699,200
3323,13:32:57,$ 3342.445,500
3324,13:32:56,$ 3342.935,"1,000"
3325,13:32:55,$ 3342.7074,100
3326,13:32:51,$ 3342.83,500
3327,13:32:49,$ 3343.2041,100
3329,13:32:47,$ 3343.40,100
3330,13:32:47,$ 3342.64,100
3331,13:32:46,$ 3342.965,100
3332,13:32:36,$ 3342.43,100
3333,13:32:35,$ 3342.6959,124
3334,13:32:35,$ 3342.6959,127
3335,13:32:33,$ 3342.05,172
3336,13:32:25,$ 3341.09,200
3337,13:32:18,$ 3341.27,400
3338,13:32:18,$ 3340.99,100
3339,13:32:00,$ 3340.03,113
3340,13:32:00,$ 3340.00,186
3341,13:32:00,$ 3340.00,100
3342,13:32:00,$ 3340.00,100
3343,13:32:00,$ 3340.00,"1,000"
3344,13:32:00,$ 3340.00,100
3345,13:32:00,$ 3340.00,200
3346,13:31:58,$ 3339.6369,100
3347,13:31:34,$ 3339.90,100
3348,13:31:28,$ 3340.00,538
3350,13:31:28,$ 3339.684,100
3351,13:31:28,$ 3339.03,100
3352,13:31:28,$ 3338.856,100
3353,13:31:28,$ 3339.79,999
3354,13:31:27,$ 3338.85,100
3355,13:31:27,$ 3338.84,100
3356,13:31:04,$ 3339.60,100
3357,13:31:03,$ 3339.62,300
3358,13:30:55,$ 3339.50,351
3359,13:30:45,$ 3339.52,100
3360,13:30:38,$ 3339.41,100
3361,13:30:19,$ 3339.1008,170
3362,13:30:18,$ 3339.33,"1,000"
3363,13:30:13,$ 3338.5201,100
3364,13:30:11,$ 3338.98,100
3365,13:30:11,$ 3339.06,100
3366,13:30:06,$ 3338.90,136
3368,14:29:41,$ 3342.5467,100
3369,14:29:32,$ 3343.04,100
3370,14:29:27,$ 3341.3501,200
3371,14:29:08,$ 3343.00,173
3372,14:29:07,$ 3343.00,198
3373,14:29:07,$ 3342.82,100
3374,14:29:07,$ 3342.99,200
3375,14:29:06,$ 3342.19,184
3376,14:29:06,$ 3342.38,100
3377,14:28:43,$ 3342.716,105
3378,14:28:27,$ 3342.86,100
3379,14:28:27,$ 3343.01,200
3380,14:28:27,$ 3342.90,100
3381,14:27:56,$ 3343.74,100
3382,14:27:09,$ 3343.8399,100
3383,14:27:05,$ 3343.63,100
3384,14:27:00,$ 3343.39,100
3385,14:26:52,$ 3343.57,100
3386,14:26:48,$ 3343.555,100
3387,14:26:48,$ 3343.555,600
3389,14:26:48,$ 3343.35,172
3390,14:26:35,$ 3343.54,200
3391,14:26:18,$ 3343.315,100
3392,14:26:14,$ 3343.00,100
3393,14:25:41,$ 3342.57,100
3394,14:25:24,$ 3342.63,100
3395,14:24:58,$ 3342.24,100
3396,14:24:50,$ 3342.13,100
3397,14:24:50,$ 3342.13,100
3398,14:24:50,$ 3342.13,100
3399,14:24:50,$ 3342.13,100
3400,14:24:50,$ 3342.13,110
3401,14:24:50,$ 3342.13,100
3402,14:24:50,$ 3342.13,100
3403,14:24:40,$ 3342.57,100
3404,14:24:35,$ 3342.54,100
3405,14:24:35,$ 3342.54,100
3406,14:24:35,$ 3342.54,100
3407,14:24:35,$ 3342.54,100
3408,14:24:34,$ 3341.80,100
3410,14:24:34,$ 3342.00,183
3411,14:24:32,$ 3341.70,100
3412,14:24:31,$ 3341.56,100
3413,14:24:31,$ 3341.56,100
3414,14:24:31,$ 3341.56,100
3415,14:24:31,$ 3341.56,100
3416,14:24:31,$ 3341.56,100
3417,14:24:31,$ 3341.56,100
3418,14:24:23,$ 3340.8258,100
3419,14:23:35,$ 3341.29,100
3420,14:23:35,$ 3341.31,100
3421,14:23:34,$ 3340.82,100
3422,14:23:34,$ 3341.07,517
3423,14:23:34,$ 3340.82,100
3424,14:23:34,$ 3341.07,483
3425,14:23:33,$ 3340.81,100
3426,14:23:30,$ 3340.82,100
3427,14:23:30,$ 3340.80,102
3428,14:22:51,$ 3340.67,100
3429,14:22:51,$ 3340.67,100
3431,14:21:52,$ 3340.848,181
3432,14:21:52,$ 3340.848,265
3433,14:21:49,$ 3340.735,500
3434,14:21:45,$ 3340.60,160
3435,14:21:38,$ 3340.69,100
3436,14:21:32,$ 3340.40,100
3437,14:21:31,$ 3341.06,100
3438,14:21:31,$ 3340.60,196
3439,14:21:31,$ 3340.49,100
3440,14:21:12,$ 3339.905,"2,000"
3441,14:21:12,$ 3339.905,169
3442,14:21:03,$ 3339.90,100
3443,14:20:57,$ 3339.9001,100
3444,14:20:43,$ 3340.60,183
3445,14:19:49,$ 3339.5581,150
3446,14:19:43,$ 3339.87,100
3447,14:19:43,$ 3339.86,100
3448,14:19:37,$ 3340.3025,296
3449,14:19:37,$ 3340.3025,104
3450,14:19:34,$ 3340.315,100
3452,14:19:33,$ 3340.60,100
3453,14:19:33,$ 3340.60,200
3454,14:19:33,$ 3340.60,100
3455,14:19:33,$ 3340.60,100
3456,14:19:24,$ 3339.99,100
3457,14:19:24,$ 3340.00,100
3458,14:19:16,$ 3340.195,152
3459,14:19:05,$ 3339.94,100
3460,14:18:51,$ 3340.00,106
3461,14:18:45,$ 3339.63,110
3462,14:18:23,$ 3339.365,100
3463,14:18:16,$ 3339.38,100
3464,14:17:39,$ 3339.25,100
3465,14:15:57,$ 3338.508,114
3466,14:15:56,$ 3338.71,100
3467,14:15:56,$ 3338.56,100
3468,14:15:52,$ 3339.59,165
3469,14:15:26,$ 3339.02,100
3470,14:15:26,$ 3338.93,100
3471,14:14:43,$ 3339.28,153
3473,14:14:43,$ 3339.33,100
3474,14:14:43,$ 3339.31,100
3475,14:14:18,$ 3339.5367,200
3476,14:13:50,$ 3339.3231,109
3477,14:13:48,$ 3339.27,100
3478,14:13:48,$ 3339.19,100
3479,14:12:36,$ 3338.835,100
3480,14:11:57,$ 3337.73,200
3481,14:11:19,$ 3338.95,100
3482,14:11:19,$ 3338.66,100
3483,14:11:17,$ 3338.1209,100
3484,14:11:15,$ 3337.4501,100
3485,14:11:05,$ 3338.24,100
3486,14:11:04,$ 3338.40,100
3487,14:10:01,$ 3338.86,100
3488,14:10:01,$ 3339.01,100
3489,14:09:52,$ 3339.11,100
3490,14:09:26,$ 3339.70,125
3491,14:08:13,$ 3339.70,100
3492,14:07:59,$ 3339.33,100
3494,14:07:59,$ 3339.26,100
3495,14:07:59,$ 3339.86,100
3496,14:07:58,$ 3339.68,100
3497,14:07:15,$ 3338.74,100
3498,14:06:37,$ 3338.13,100
3499,14:06:28,$ 3338.43,100
3500,14:06:01,$ 3338.81,180
3501,14:05:50,$ 3338.545,500
3502,14:05:46,$ 3338.233,100
3503,14:05:44,$ 3338.76,100
3504,14:05:43,$ 3338.55,250
3505,14:05:36,$ 3338.81,"1,000"
3506,14:05:22,$ 3338.62,100
3507,14:05:16,$ 3338.90,150
3508,14:05:16,$ 3338.91,100
3509,14:05:16,$ 3338.89,100
3510,14:05:15,$ 3339.5387,100
3511,14:04:52,$ 3339.98,100
3512,14:04:50,$ 3339.573,200
3513,14:04:11,$ 3340.52,100
3515,14:03:59,$ 3340.15,100
3516,14:03:44,$ 3340.15,100
3517,14:03:25,$ 3340.06,100
3518,14:03:25,$ 3340.41,100
3519,14:02:36,$ 3340.43,"1,500"
3520,14:02:31,$ 3340.43,100
3521,14:02:13,$ 3340.96,450
3522,14:02:02,$ 3340.85,100
3523,14:01:58,$ 3340.5325,100
3524,14:01:27,$ 3340.7603,250
3525,14:01:26,$ 3339.7121,112
3526,14:01:20,$ 3340.32,210
3527,14:01:20,$ 3340.32,169
3528,14:01:20,$ 3340.32,330
3529,14:01:20,$ 3340.32,419
3530,14:01:20,$ 3340.32,273
3531,14:00:51,$ 3340.50,100
3532,14:00:51,$ 3340.20,100
3533,14:00:50,$ 3340.22,100
3534,14:00:50,$ 3340.22,100
3536,14:00:48,$ 3340.29,100
3537,14:00:45,$ 3340.30,100
3538,14:00:43,$ 3340.71,100
3539,14:00:43,$ 3340.58,100
3540,14:00:43,$ 3340.36,100
3541,14:00:43,$ 3340.36,100
3542,14:00:43,$ 3340.36,100
3543,14:00:43,$ 3339.86,100
3544,14:00:43,$ 3339.32,100
3545,14:00:41,$ 3339.107,500
3546,14:00:39,$ 3338.795,100
3547,14:00:39,$ 3338.82,100
3548,14:00:31,$ 3338.9079,100
3549,14:00:18,$ 3338.90,100
3550,14:00:18,$ 3338.87,100
3552,14:58:55,$ 3347.5726,150
3553,14:58:30,$ 3347.55,100
3554,14:58:16,$ 3347.92,200
3555,14:57:32,$ 3348.025,100
3556,14:57:13,$ 3348.55,500
3557,14:57:06,$ 3348.55,100
3558,14:57:02,$ 3348.70,100
3559,14:56:58,$ 3348.53,150
3560,14:55:57,$ 3348.15,100
3561,14:55:43,$ 3347.47,300
3562,14:55:40,$ 3347.72,100
3563,14:55:35,$ 3347.87,100
3564,14:55:25,$ 3347.445,160
3565,14:55:01,$ 3347.55,100
3566,14:54:39,$ 3347.605,250
3567,14:54:31,$ 3347.605,100
3568,14:54:26,$ 3348.3799,100
3569,14:54:23,$ 3346.93,100
3570,14:54:21,$ 3346.57,100
3571,14:54:21,$ 3347.04,100
3573,14:54:21,$ 3346.73,100
3574,14:54:21,$ 3346.79,100
3575,14:54:21,$ 3348.17,100
3576,14:54:21,$ 3348.59,284
3577,14:54:16,$ 3348.59,250
3578,14:53:43,$ 3347.70,100
3579,14:53:43,$ 3347.75,100
3580,14:53:39,$ 3348.005,100
3581,14:53:28,$ 3348.015,100
3582,14:53:07,$ 3347.91,100
3583,14:52:57,$ 3347.50,200
3584,14:52:57,$ 3347.60,100
3585,14:52:57,$ 3347.83,100
3586,14:52:57,$ 3347.49,100
3587,14:52:57,$ 3347.51,100
3588,14:52:55,$ 3347.50,100
3589,14:52:51,$ 3347.50,100
3590,14:52:51,$ 3347.50,100
3591,14:52:51,$ 3347.55,100
3592,14:52:47,$ 3347.3613,249
3594,14:52:47,$ 3347.50,100
3595,14:52:12,$ 3346.97,154
3596,14:51:47,$ 3346.9401,150
3597,14:51:46,$ 3346.99,100
3598,14:51:37,$ 3347.45,300
3599,14:51:28,$ 3347.45,100
3600,14:51:19,$ 3347.46,100
3601,14:51:19,$ 3347.46,100
3602,14:51:12,$ 3347.00,100
3603,14:51:06,$ 3347.6167,150
3604,14:50:19,$ 3346.9964,107
3605,14:50:19,$ 3347.22,100
3606,14:50:01,$ 3346.68,144
3607,14:50:01,$ 3346.68,100
3608,14:50:01,$ 3346.34,101
3609,14:50:00,$ 3346.68,100
3610,14:50:00,$ 3346.67,100
3611,14:49:55,$ 3347.00,125
3612,14:49:54,$ 3345.91,455
3613,14:49:53,$ 3346.00,100
3615,14:49:33,$ 3346.27,100
3616,14:49:33,$ 3346.8599,500
3617,14:49:25,$ 3346.20,100
3618,14:49:25,$ 3346.47,100
3619,14:49:24,$ 3346.53,100
3620,14:49:05,$ 3347.12,100
3621,14:49:02,$ 3347.25,100
3622,14:48:51,$ 3346.975,200
3623,14:48:38,$ 3347.31,100
3624,14:48:23,$ 3346.98,300
3625,14:47:51,$ 3346.98,100
3626,14:47:49,$ 3346.9019,100
3627,14:47:37,$ 3346.97,100
3628,14:47:01,$ 3346.99,100
3629,14:46:42,$ 3346.425,500
3630,14:46:20,$ 3346.025,100
3631,14:46:20,$ 3346.26,100
3632,14:46:20,$ 3346.08,100
3633,14:46:20,$ 3346.00,100
3634,14:46:20,$ 3346.01,150
3636,14:46:20,$ 3345.95,107
3637,14:46:20,$ 3345.88,102
3638,14:46:20,$ 3345.47,100
3639,14:46:20,$ 3345.58,100
3640,14:46:16,$ 3344.99,100
3641,14:46:00,$ 3345.00,358
3642,14:46:00,$ 3345.00,100
3643,14:46:00,$ 3344.96,100
3644,14:45:46,$ 3343.52,250
3645,14:45:34,$ 3343.64,100
3646,14:44:27,$ 3343.3852,381
3647,14:44:15,$ 3344.64,100
3648,14:44:15,$ 3344.64,100
3649,14:44:12,$ 3344.57,100
3650,14:44:12,$ 3344.57,100
3651,14:44:11,$ 3344.28,200
3652,14:44:10,$ 3345.28,100
3653,14:44:10,$ 3345.27,100
3654,14:43:55,$ 3345.2025,250
3655,14:43:52,$ 3345.71,100
3657,14:43:42,$ 3345.2753,142
3658,14:43:34,$ 3344.95,110
3659,14:43:31,$ 3345.02,110
3660,14:43:10,$ 3345.66,100
3661,14:43:09,$ 3345.71,100
3662,14:42:44,$ 3345.188,500
3663,14:42:39,$ 3345.34,200
3664,14:42:39,$ 3345.34,100
3665,14:42:39,$ 3345.35,110
3666,14:42:39,$ 3345.52,100
3667,14:41:18,$ 3343.98,100
3668,14:41:13,$ 3344.23,100
3669,14:41:13,$ 3344.30,100
3670,14:41:13,$ 3344.31,100
3671,14:41:13,$ 3344.31,100
3672,14:41:04,$ 3343.82,100
3673,14:40:23,$ 3343.78,500
3674,14:40:20,$ 3343.83,100
3675,14:40:20,$ 3343.82,100
3676,14:40:20,$ 3343.98,100
3678,14:40:06,$ 3344.3968,100
3679,14:40:05,$ 3343.8125,100
3680,14:40:02,$ 3344.224,100
3681,14:40:02,$ 3344.55,200
3682,14:40:02,$ 3344.26,100
3683,14:40:02,$ 3344.24,100
3684,14:39:55,$ 3344.61,260
3685,14:39:55,$ 3344.62,100
3686,14:39:53,$ 3344.32,100
3687,14:39:53,$ 3344.32,100
3688,14:39:53,$ 3344.32,100
3689,14:39:51,$ 3344.32,100
3690,14:39:51,$ 3344.32,100
3691,14:39:51,$ 3344.33,100
3692,14:39:50,$ 3344.35,100
3693,14:39:50,$ 3344.35,100
3694,14:39:50,$ 3344.35,100
3695,14:39:50,$ 3344.35,100
3696,14:39:50,$ 3344.17,100
3697,14:39:50,$ 3344.15,100
3699,14:39:50,$ 3344.00,100
3700,14:39:50,$ 3344.14,100
3701,14:39:47,$ 3344.33,100
3702,14:39:43,$ 3344.06,100
3703,14:39:42,$ 3344.38,100
3704,14:39:40,$ 3344.98,100
3705,14:39:04,$ 3344.542,453
3706,14:38:56,$ 3344.68,100
3707,14:38:56,$ 3344.636,100
3708,14:38:56,$ 3345.00,100
3709,14:38:56,$ 3344.62,100
3710,14:38:55,$ 3344.61,100
3711,14:38:55,$ 3344.62,100
3712,14:38:55,$ 3344.66,100
3713,14:38:55,$ 3345.15,100
3714,14:38:55,$ 3345.00,100
3715,14:38:50,$ 3345.22,100
3716,14:38:40,$ 3345.55,136
3717,14:37:19,$ 3345.49,100
3718,14:37:00,$ 3345.3527,100
3720,14:36:55,$ 3345.50,121
3721,14:36:52,$ 3345.08,100
3722,14:36:50,$ 3345.08,100
3723,14:36:49,$ 3345.07,100
3724,14:36:49,$ 3345.08,100
3725,14:36:49,$ 3345.08,100
3726,14:36:41,$ 3345.1033,150
3727,14:36:35,$ 3345.22,100
3728,14:36:31,$ 3345.43,100
3729,14:35:47,$ 3346.00,350
3730,14:35:47,$ 3346.00,150
3731,14:35:47,$ 3345.72,100
3732,14:35:47,$ 3345.75,100
3733,14:35:39,$ 3345.43,100
3734,14:34:50,$ 3345.005,100
3735,14:34:48,$ 3345.09,"1,000"
3736,14:34:45,$ 3345.42,100
3737,14:34:45,$ 3345.43,100
3738,14:34:41,$ 3345.41,100
3739,14:34:34,$ 3345.41,100
3741,14:34:34,$ 3345.40,100
3742,14:34:34,$ 3345.39,100
3743,14:34:34,$ 3345.21,100
3744,14:33:44,$ 3344.60,100
3745,14:32:56,$ 3345.29,100
3746,14:32:46,$ 3345.25,100
3747,14:32:46,$ 3345.09,100
3748,14:32:39,$ 3344.8744,100
3749,14:32:38,$ 3344.81,100
3750,14:32:36,$ 3345.005,100
3751,14:32:29,$ 3345.065,200
3752,14:32:10,$ 3345.33,100
3753,14:32:10,$ 3345.34,100
3754,14:32:10,$ 3345.33,100
3755,14:32:10,$ 3345.27,100
3756,14:32:10,$ 3344.72,100
3757,14:32:10,$ 3345.60,100
3758,14:32:10,$ 3345.46,100
3759,14:32:10,$ 3345.34,100
3760,14:32:05,$ 3345.13,100
3762,14:31:56,$ 3344.70,100
3763,14:31:55,$ 3344.38,100
3764,14:31:48,$ 3344.84,100
3765,14:31:35,$ 3345.39,100
3766,14:31:35,$ 3345.33,100
3767,14:31:35,$ 3345.25,100
3768,14:31:35,$ 3344.99,100
3769,14:31:35,$ 3345.06,100
3770,14:31:34,$ 3345.04,100
3771,14:31:34,$ 3345.07,100
3772,14:31:34,$ 3345.00,100
3773,14:31:34,$ 3345.00,100
3774,14:31:34,$ 3344.98,100
3775,14:31:34,$ 3344.90,100
3776,14:31:34,$ 3344.59,100
3777,14:31:21,$ 3344.46,100
3778,14:31:19,$ 3344.3562,100
3779,14:31:00,$ 3344.04,100
3780,14:30:57,$ 3343.2821,196
3781,14:30:52,$ 3343.97,100
3783,14:30:52,$ 3343.97,300
3784,14:30:52,$ 3344.00,100
3785,14:30:46,$ 3343.75,110
3786,14:30:46,$ 3343.75,100
3787,14:30:46,$ 3343.75,100
3788,14:30:25,$ 3343.23,100
3789,14:30:23,$ 3343.28,100
3790,14:30:18,$ 3342.93,100
3792,15:28:45,$ 3350.00,100
3793,15:28:33,$ 3349.961,100
3794,15:28:33,$ 3349.97,100
3795,15:28:33,$ 3349.99,100
3796,15:28:31,$ 3350.40,144
3797,15:28:24,$ 3350.02,100
3798,15:28:15,$ 3350.00,203
3799,15:28:15,$ 3350.00,278
3800,15:28:04,$ 3350.00,310
3801,15:28:01,$ 3349.82,100
3802,15:27:46,$ 3350.27,250
3803,15:27:45,$ 3350.27,204
3804,15:27:45,$ 3350.20,189
3805,15:27:45,$ 3350.19,100
3806,15:27:40,$ 3350.49,100
3807,15:27:40,$ 3350.49,100
3808,15:27:38,$ 3350.61,100
3809,15:27:36,$ 3350.17,100
3810,15:27:36,$ 3350.16,100
3811,15:27:20,$ 3350.49,159
3813,15:27:19,$ 3350.61,100
3814,15:27:19,$ 3350.62,100
3815,15:27:13,$ 3350.57,100
3816,15:27:13,$ 3350.56,100
3817,15:26:50,$ 3350.05,100
3818,15:26:48,$ 3349.43,170
3819,15:26:48,$ 3349.43,100
3820,15:26:35,$ 3349.15,100
3821,15:26:14,$ 3349.43,100
3822,15:25:22,$ 3349.04,100
3823,15:25:15,$ 3349.00,100
3824,15:25:15,$ 3348.96,100
3825,15:25:15,$ 3348.95,100
3826,15:25:15,$ 3348.59,100
3827,15:25:15,$ 3348.60,320
3828,15:25:13,$ 3348.09,100
3829,15:25:03,$ 3348.0861,147
3830,15:24:58,$ 3347.83,144
3831,15:24:58,$ 3348.16,100
3832,15:24:58,$ 3348.00,100
3834,15:24:58,$ 3348.22,100
3835,15:24:01,$ 3348.88,100
3836,15:23:49,$ 3348.40,100
3837,15:23:49,$ 3348.30,100
3838,15:23:49,$ 3348.42,100
3839,15:23:46,$ 3348.19,170
