,NLS Time (ET),NLS Price,NLS Share Volume
1,09:59:59,$ 3229.94,100
2,09:59:32,$ 3227.69,100
3,09:59:30,$ 3227.91,100
4,09:59:30,$ 3228.0301,100
5,09:59:25,$ 3229.2596,125
6,09:59:23,$ 3228.676,200
7,09:59:18,$ 3229.12,100
8,09:59:18,$ 3229.02,100
9,09:59:14,$ 3230.24,100
10,09:59:13,$ 3230.00,100
11,09:59:07,$ 3230.38,100
12,09:59:06,$ 3229.795,250
13,09:59:04,$ 3230.20,100
14,09:59:01,$ 3228.07,250
15,09:59:00,$ 3227.69,100
16,09:59:00,$ 3227.71,100
17,09:59:00,$ 3226.975,"1,000"
18,09:58:48,$ 3226.965,100
19,09:58:46,$ 3226.05,100
20,09:58:46,$ 3225.78,100
22,09:58:46,$ 3225.78,100
23,09:58:46,$ 3225.78,100
24,09:58:46,$ 3226.10,300
25,09:58:46,$ 3225.78,100
26,09:58:46,$ 3226.20,100
27,09:58:46,$ 3225.78,100
28,09:58:44,$ 3227.55,100
29,09:58:44,$ 3227.00,100
30,09:58:42,$ 3226.207,500
31,09:58:08,$ 3224.915,100
32,09:58:05,$ 3224.59,100
33,09:58:05,$ 3224.4958,100
34,09:58:04,$ 3223.925,100
35,09:58:02,$ 3224.09,100
36,09:58:02,$ 3224.83,100
37,09:58:01,$ 3225.625,100
38,09:58:01,$ 3225.623,380
39,09:58:01,$ 3225.87,100
40,09:57:57,$ 3225.2701,100
41,09:57:54,$ 3226.06,100
43,09:57:52,$ 3225.85,100
44,09:57:51,$ 3225.85,500
45,09:57:49,$ 3227.22,100
46,09:57:49,$ 3227.00,150
47,09:57:45,$ 3225.29,100
48,09:57:41,$ 3224.72,100
49,09:57:32,$ 3225.413,380
50,09:57:31,$ 3225.00,351
51,09:57:29,$ 3227.30,100
52,09:57:27,$ 3227.798,500
53,09:57:18,$ 3228.575,100
54,09:57:16,$ 3228.11,100
55,09:57:07,$ 3227.485,500
56,09:57:07,$ 3226.99,500
57,09:57:07,$ 3227.615,100
58,09:57:04,$ 3226.665,100
59,09:57:03,$ 3225.99,100
60,09:57:03,$ 3225.99,100
61,09:57:03,$ 3225.99,100
62,09:57:03,$ 3225.99,100
64,09:57:03,$ 3225.99,102
65,09:57:03,$ 3225.99,100
66,09:57:03,$ 3225.99,102
67,09:57:03,$ 3225.99,100
68,09:57:03,$ 3225.99,102
69,09:57:03,$ 3225.99,100
70,09:57:02,$ 3225.985,100
71,09:57:02,$ 3225.985,100
72,09:57:02,$ 3225.985,100
73,09:57:02,$ 3225.985,100
74,09:57:02,$ 3225.985,100
75,09:57:02,$ 3225.985,100
76,09:57:00,$ 3225.575,100
77,09:57:00,$ 3225.575,100
78,09:57:00,$ 3225.605,100
79,09:57:00,$ 3225.82,100
80,09:57:00,$ 3226.55,100
81,09:57:00,$ 3226.55,100
82,09:57:00,$ 3226.55,100
83,09:56:50,$ 3227.84,100
85,09:56:48,$ 3227.81,100
86,09:56:42,$ 3228.89,100
87,09:56:35,$ 3229.15,330
88,09:56:35,$ 3229.08,100
89,09:56:35,$ 3229.08,100
90,09:56:28,$ 3229.15,100
91,09:56:27,$ 3228.865,100
92,09:56:25,$ 3229.14,100
93,09:56:25,$ 3229.39,100
94,09:56:19,$ 3230.27,100
95,09:56:19,$ 3229.11,100
96,09:56:19,$ 3229.075,100
97,09:56:19,$ 3229.085,100
98,09:56:19,$ 3229.08,100
99,09:56:19,$ 3228.37,100
100,09:56:12,$ 3228.97,100
101,09:56:10,$ 3229.51,100
102,09:56:07,$ 3229.89,100
103,09:56:05,$ 3230.01,100
104,09:56:03,$ 3230.01,100
106,09:56:02,$ 3230.51,100
107,09:56:02,$ 3230.31,100
108,09:56:01,$ 3231.00,100
109,09:56:00,$ 3231.15,100
110,09:55:58,$ 3231.00,100
111,09:55:51,$ 3231.55,100
112,09:55:50,$ 3231.25,100
113,09:55:43,$ 3229.0413,200
114,09:55:33,$ 3230.36,100
115,09:55:33,$ 3230.07,100
116,09:55:33,$ 3229.755,100
117,09:55:32,$ 3230.01,100
118,09:55:31,$ 3230.31,100
119,09:55:28,$ 3231.16,100
120,09:55:28,$ 3230.41,100
121,09:55:25,$ 3230.855,500
122,09:55:24,$ 3230.85,178
123,09:55:24,$ 3231.18,100
124,09:55:21,$ 3231.51,200
125,09:55:21,$ 3231.9193,250
127,09:55:20,$ 3231.59,100
128,09:55:19,$ 3231.60,200
129,09:55:19,$ 3231.60,100
130,09:55:19,$ 3231.60,100
131,09:55:19,$ 3231.60,100
132,09:55:19,$ 3231.60,100
133,09:55:16,$ 3231.96,100
134,09:55:16,$ 3231.97,100
135,09:55:15,$ 3231.13,100
136,09:55:15,$ 3231.53,100
137,09:55:15,$ 3231.53,100
138,09:55:15,$ 3231.36,100
139,09:55:15,$ 3231.36,100
140,09:55:15,$ 3231.00,100
141,09:55:14,$ 3232.255,100
142,09:55:12,$ 3232.60,200
143,09:55:12,$ 3232.60,100
144,09:55:12,$ 3232.60,100
145,09:55:12,$ 3232.60,100
146,09:55:12,$ 3232.60,122
148,09:55:12,$ 3232.60,100
149,09:55:03,$ 3231.56,100
150,09:55:03,$ 3231.56,100
151,09:54:57,$ 3232.115,500
152,09:54:50,$ 3231.535,100
153,09:54:44,$ 3231.26,100
154,09:54:44,$ 3231.26,119
155,09:54:44,$ 3231.26,100
156,09:54:44,$ 3231.26,100
157,09:54:44,$ 3231.30,100
158,09:54:43,$ 3231.275,100
159,09:54:33,$ 3231.045,200
160,09:54:30,$ 3231.1118,500
161,09:54:18,$ 3231.8394,100
162,09:54:16,$ 3231.79,100
163,09:54:16,$ 3231.57,100
164,09:54:16,$ 3231.57,100
165,09:54:16,$ 3231.57,100
166,09:54:15,$ 3232.08,100
167,09:54:15,$ 3232.08,100
169,09:54:15,$ 3232.08,100
170,09:54:15,$ 3231.58,100
171,09:54:15,$ 3230.71,100
172,09:54:15,$ 3231.07,100
173,09:54:14,$ 3231.1902,100
174,09:54:14,$ 3231.21,100
175,09:54:13,$ 3231.29,100
176,09:54:12,$ 3231.38,100
177,09:54:12,$ 3231.42,100
178,09:54:12,$ 3231.38,100
179,09:54:08,$ 3231.5684,200
180,09:54:03,$ 3231.63,100
181,09:53:52,$ 3231.57,100
182,09:53:51,$ 3231.57,100
183,09:53:51,$ 3231.345,100
184,09:53:50,$ 3231.52,100
185,09:53:45,$ 3232.135,100
186,09:53:43,$ 3232.015,100
187,09:53:41,$ 3232.2742,500
188,09:53:39,$ 3231.34,100
190,09:53:39,$ 3231.35,100
191,09:53:39,$ 3231.35,100
192,09:53:36,$ 3231.30,100
193,09:53:34,$ 3230.93,100
194,09:53:34,$ 3230.85,100
195,09:53:29,$ 3231.00,100
196,09:53:26,$ 3231.96,100
197,09:53:23,$ 3232.47,100
198,09:53:23,$ 3232.47,100
199,09:53:22,$ 3233.0913,100
200,09:53:20,$ 3233.0941,282
201,09:53:18,$ 3232.1932,100
202,09:52:58,$ 3231.54,100
203,09:52:58,$ 3231.54,100
204,09:52:58,$ 3231.485,100
205,09:52:55,$ 3231.08,100
206,09:52:46,$ 3230.54,100
207,09:52:42,$ 3230.42,100
208,09:52:42,$ 3230.42,100
209,09:52:41,$ 3230.19,179
211,09:52:41,$ 3230.11,100
212,09:52:36,$ 3230.79,100
213,09:52:36,$ 3231.06,100
214,09:52:32,$ 3231.9999,200
215,09:52:32,$ 3231.74,200
216,09:52:32,$ 3232.00,121
217,09:52:32,$ 3231.50,100
218,09:52:21,$ 3231.9999,100
219,09:52:18,$ 3231.5584,995
220,09:52:17,$ 3231.655,100
221,09:52:16,$ 3230.98,200
222,09:52:16,$ 3230.55,100
223,09:52:11,$ 3230.58,110
224,09:52:06,$ 3230.57,299
225,09:51:59,$ 3230.63,100
226,09:51:58,$ 3229.27,100
227,09:51:57,$ 3229.4313,200
228,09:51:56,$ 3229.0003,100
229,09:51:56,$ 3229.64,100
230,09:51:55,$ 3230.26,100
232,09:51:55,$ 3230.36,100
233,09:51:46,$ 3229.48,100
234,09:51:46,$ 3230.33,100
235,09:51:45,$ 3230.91,100
236,09:51:44,$ 3230.712,100
237,09:51:43,$ 3230.31,200
238,09:51:43,$ 3229.2314,250
239,09:51:42,$ 3229.3629,106
240,09:51:42,$ 3229.3629,100
241,09:51:42,$ 3229.3638,100
242,09:51:42,$ 3230.27,100
243,09:51:40,$ 3229.97,100
244,09:51:40,$ 3229.45,100
245,09:51:40,$ 3229.48,100
246,09:51:36,$ 3229.33,100
247,09:51:24,$ 3229.445,100
248,09:51:24,$ 3229.73,100
249,09:51:22,$ 3228.75,100
250,09:51:22,$ 3229.37,100
251,09:51:21,$ 3227.958,250
253,09:51:19,$ 3228.47,100
254,09:51:18,$ 3228.4975,116
255,09:51:04,$ 3227.26,100
256,09:51:04,$ 3227.13,100
257,09:51:03,$ 3227.65,100
258,09:51:01,$ 3228.2644,309
259,09:50:59,$ 3228.24,100
260,09:50:58,$ 3227.835,100
261,09:50:57,$ 3227.85,100
262,09:50:56,$ 3227.94,100
263,09:50:55,$ 3227.68,100
264,09:50:55,$ 3227.85,100
265,09:50:54,$ 3228.445,150
266,09:50:51,$ 3228.065,100
267,09:50:47,$ 3228.25,500
268,09:50:43,$ 3228.4868,309
269,09:50:42,$ 3228.02,100
270,09:50:42,$ 3228.05,167
271,09:50:40,$ 3226.98,145
272,09:50:33,$ 3226.06,100
274,09:50:29,$ 3226.97,100
275,09:50:27,$ 3226.29,100
276,09:50:26,$ 3225.12,500
277,09:50:25,$ 3225.85,100
278,09:50:25,$ 3226.45,100
279,09:50:25,$ 3226.45,100
280,09:50:25,$ 3225.93,100
281,09:50:25,$ 3225.93,100
282,09:50:25,$ 3225.93,100
283,09:50:25,$ 3225.89,100
284,09:50:23,$ 3227.00,100
285,09:50:23,$ 3227.00,100
286,09:50:23,$ 3227.00,100
287,09:50:22,$ 3226.10,200
288,09:50:22,$ 3226.545,195
289,09:50:21,$ 3227.00,100
290,09:50:19,$ 3226.59,100
291,09:50:18,$ 3227.9428,380
292,09:50:18,$ 3227.9428,472
293,09:50:17,$ 3227.60,100
295,09:50:15,$ 3227.29,197
296,09:50:12,$ 3226.01,150
297,09:50:11,$ 3226.65,100
298,09:50:10,$ 3225.85,100
299,09:50:08,$ 3227.33,100
300,09:50:08,$ 3227.33,100
301,09:50:07,$ 3225.99,100
302,09:50:04,$ 3226.3186,100
303,09:50:03,$ 3227.1034,200
304,09:50:03,$ 3226.135,100
305,09:50:02,$ 3225.45,100
306,09:49:59,$ 3225.00,100
307,09:49:59,$ 3225.00,100
308,09:49:59,$ 3225.00,100
309,09:49:59,$ 3224.83,100
310,09:49:56,$ 3223.7322,200
311,09:49:55,$ 3224.17,100
312,09:49:51,$ 3223.165,325
313,09:49:51,$ 3223.00,100
314,09:49:43,$ 3222.33,100
316,09:49:41,$ 3222.94,100
317,09:49:40,$ 3223.15,100
318,09:49:38,$ 3223.3399,100
319,09:49:36,$ 3224.13,100
320,09:49:36,$ 3223.605,100
321,09:49:35,$ 3223.48,200
322,09:49:34,$ 3223.15,200
323,09:49:32,$ 3223.94,100
324,09:49:30,$ 3222.23,250
325,09:49:29,$ 3223.00,100
326,09:49:29,$ 3222.40,100
327,09:49:29,$ 3222.40,100
328,09:49:29,$ 3222.40,100
329,09:49:27,$ 3222.98,100
330,09:49:22,$ 3221.315,100
331,09:49:19,$ 3222.7599,500
332,09:49:16,$ 3220.92,100
333,09:49:15,$ 3219.63,100
334,09:49:13,$ 3219.77,100
335,09:49:08,$ 3220.545,100
337,09:49:05,$ 3220.4199,500
338,09:49:02,$ 3219.735,100
339,09:48:58,$ 3218.8801,200
340,09:48:50,$ 3217.115,100
341,09:48:48,$ 3217.96,100
342,09:48:48,$ 3217.9601,100
343,09:48:48,$ 3217.9604,100
344,09:48:48,$ 3218.565,100
345,09:48:48,$ 3218.2449,100
346,09:48:46,$ 3219.165,100
347,09:48:45,$ 3219.40,100
348,09:48:45,$ 3219.175,500
349,09:48:45,$ 3219.00,100
350,09:48:40,$ 3220.00,100
351,09:48:36,$ 3219.77,100
352,09:48:35,$ 3220.00,100
353,09:48:35,$ 3220.14,100
354,09:48:31,$ 3220.405,100
355,09:48:27,$ 3221.15,500
356,09:48:15,$ 3222.02,100
358,09:48:12,$ 3221.6604,100
359,09:48:11,$ 3223.00,100
360,09:48:11,$ 3223.00,100
361,09:48:04,$ 3221.81,100
362,09:48:04,$ 3221.66,100
363,09:48:04,$ 3221.66,100
364,09:48:04,$ 3221.66,100
365,09:48:04,$ 3222.18,100
366,09:48:03,$ 3222.345,100
367,09:48:00,$ 3222.00,966
368,09:48:00,$ 3221.02,100
369,09:47:52,$ 3220.68,100
370,09:47:44,$ 3220.08,200
371,09:47:43,$ 3219.22,100
372,09:47:43,$ 3219.92,100
373,09:47:39,$ 3221.195,100
374,09:47:34,$ 3219.78,100
375,09:47:29,$ 3219.915,100
376,09:47:25,$ 3219.19,100
377,09:47:17,$ 3219.02,100
379,09:47:16,$ 3219.15,100
380,09:47:16,$ 3219.15,100
381,09:47:16,$ 3219.15,100
382,09:47:16,$ 3219.15,100
383,09:47:15,$ 3218.14,100
384,09:47:14,$ 3219.3526,200
385,09:47:12,$ 3219.38,100
386,09:47:07,$ 3219.84,100
387,09:47:07,$ 3220.0004,100
388,09:47:07,$ 3220.24,100
389,09:47:07,$ 3220.241,100
390,09:47:07,$ 3220.91,100
391,09:47:07,$ 3220.85,100
392,09:47:07,$ 3220.85,100
393,09:47:07,$ 3220.81,100
394,09:46:48,$ 3221.88,100
395,09:46:46,$ 3221.85,100
396,09:46:45,$ 3221.42,100
397,09:46:45,$ 3221.48,100
398,09:46:40,$ 3222.83,100
400,09:46:40,$ 3222.46,100
401,09:46:40,$ 3222.46,100
402,09:46:40,$ 3222.00,100
403,09:46:40,$ 3222.81,100
404,09:46:37,$ 3223.4899,100
405,09:46:36,$ 3223.01,100
406,09:46:34,$ 3223.29,100
407,09:46:33,$ 3223.48,200
408,09:46:31,$ 3224.60,120
409,09:46:29,$ 3224.95,100
410,09:46:28,$ 3223.1901,100
411,09:46:27,$ 3224.00,100
412,09:46:23,$ 3223.07,100
413,09:46:23,$ 3223.07,100
414,09:46:17,$ 3222.595,100
415,09:46:16,$ 3223.18,100
416,09:46:16,$ 3223.3162,500
417,09:46:14,$ 3223.59,100
418,09:46:14,$ 3222.00,100
419,09:46:14,$ 3222.00,100
421,09:46:14,$ 3222.00,100
422,09:46:12,$ 3222.8816,500
423,09:46:12,$ 3223.64,100
424,09:46:12,$ 3223.43,100
425,09:46:11,$ 3223.21,100
426,09:46:11,$ 3223.21,100
427,09:46:10,$ 3223.12,100
428,09:46:09,$ 3223.80,100
429,09:46:09,$ 3223.99,100
430,09:46:07,$ 3223.3525,100
431,09:46:05,$ 3222.51,200
432,09:46:04,$ 3222.765,100
433,09:46:03,$ 3222.00,100
434,09:46:03,$ 3222.21,540
435,09:46:03,$ 3221.91,100
436,09:46:02,$ 3222.01,100
437,09:46:02,$ 3222.00,200
438,09:46:02,$ 3222.00,100
439,09:46:02,$ 3221.92,100
440,09:46:02,$ 3221.54,100
442,09:46:01,$ 3220.005,200
443,09:45:59,$ 3221.00,100
444,09:45:58,$ 3220.43,100
445,09:45:58,$ 3218.83,100
446,09:45:56,$ 3218.91,100
447,09:45:51,$ 3218.00,900
448,09:45:51,$ 3216.87,400
449,09:45:51,$ 3218.00,100
450,09:45:51,$ 3216.87,100
451,09:45:51,$ 3216.86,100
452,09:45:46,$ 3216.09,105
453,09:45:46,$ 3216.09,145
454,09:45:44,$ 3216.87,100
455,09:45:41,$ 3216.81,100
456,09:45:40,$ 3216.01,100
457,09:45:40,$ 3216.85,100
458,09:45:39,$ 3216.65,100
459,09:45:39,$ 3216.65,100
460,09:45:39,$ 3216.65,100
461,09:45:39,$ 3216.65,100
463,09:45:39,$ 3216.8699,500
464,09:45:35,$ 3213.515,100
465,09:45:18,$ 3214.59,100
466,09:45:18,$ 3213.601,200
467,09:45:17,$ 3214.20,100
468,09:45:16,$ 3214.00,100
469,09:45:10,$ 3211.73,200
470,09:45:10,$ 3211.725,100
471,09:45:03,$ 3213.49,100
472,09:45:02,$ 3212.01,100
473,09:45:01,$ 3212.37,100
474,09:45:00,$ 3214.3896,100
475,09:45:00,$ 3214.00,100
476,09:45:00,$ 3212.125,100
477,09:44:55,$ 3211.63,100
478,09:44:54,$ 3211.0732,100
479,09:44:42,$ 3211.76,100
480,09:44:41,$ 3211.865,100
481,09:44:39,$ 3211.10,100
482,09:44:39,$ 3211.40,100
484,09:44:37,$ 3212.73,100
485,09:44:35,$ 3213.26,100
486,09:44:32,$ 3212.15,100
487,09:44:31,$ 3213.06,100
488,09:44:25,$ 3212.13,100
489,09:44:15,$ 3214.27,100
490,09:44:14,$ 3213.875,100
491,09:44:13,$ 3214.45,100
492,09:44:13,$ 3214.45,100
493,09:44:12,$ 3216.336,100
494,09:44:11,$ 3215.955,300
495,09:44:06,$ 3214.45,100
496,09:43:55,$ 3213.895,100
497,09:43:50,$ 3213.8826,500
498,09:43:49,$ 3213.89,100
499,09:43:38,$ 3216.335,100
500,09:43:34,$ 3215.88,100
501,09:43:34,$ 3215.0942,100
502,09:43:29,$ 3216.95,100
503,09:43:29,$ 3217.30,100
505,09:43:27,$ 3216.46,100
506,09:43:23,$ 3215.90,100
507,09:43:18,$ 3216.62,100
508,09:43:18,$ 3216.65,100
509,09:43:18,$ 3216.98,100
510,09:43:11,$ 3215.78,100
511,09:43:06,$ 3215.24,100
512,09:43:05,$ 3215.24,500
513,09:43:03,$ 3215.72,100
514,09:42:59,$ 3214.875,200
515,09:42:59,$ 3215.66,100
516,09:42:59,$ 3215.12,100
517,09:42:59,$ 3215.12,100
518,09:42:57,$ 3215.115,100
519,09:42:57,$ 3214.51,100
520,09:42:54,$ 3213.96,100
521,09:42:48,$ 3213.73,100
522,09:42:42,$ 3214.2125,100
523,09:42:41,$ 3213.84,100
524,09:42:41,$ 3213.84,100
526,09:42:41,$ 3212.98,100
527,09:42:41,$ 3214.655,100
528,09:42:39,$ 3215.885,100
529,09:42:27,$ 3215.795,100
530,09:42:27,$ 3215.795,100
531,09:42:26,$ 3215.72,100
532,09:42:23,$ 3215.10,100
533,09:42:23,$ 3215.07,100
534,09:42:17,$ 3215.355,100
535,09:42:09,$ 3216.235,100
536,09:42:04,$ 3216.00,199
537,09:42:04,$ 3216.00,100
538,09:42:04,$ 3216.00,100
539,09:42:04,$ 3216.00,200
540,09:42:04,$ 3216.00,312
541,09:42:03,$ 3214.64,100
542,09:42:03,$ 3214.60,100
543,09:41:57,$ 3214.26,200
544,09:41:54,$ 3215.89,100
545,09:41:52,$ 3216.0754,100
547,09:41:49,$ 3216.50,100
548,09:41:48,$ 3216.045,200
549,09:41:44,$ 3216.0199,100
550,09:41:42,$ 3216.8525,100
551,09:41:39,$ 3216.00,100
552,09:41:30,$ 3216.99,185
553,09:41:30,$ 3216.99,100
554,09:41:25,$ 3216.36,100
555,09:41:21,$ 3216.7496,100
556,09:41:21,$ 3216.75,100
557,09:41:21,$ 3215.595,200
558,09:41:20,$ 3216.74,100
559,09:41:11,$ 3214.56,100
560,09:41:11,$ 3214.66,100
561,09:41:11,$ 3214.68,100
562,09:41:10,$ 3214.73,100
563,09:41:10,$ 3214.73,100
564,09:41:08,$ 3214.77,500
565,09:41:06,$ 3215.535,100
566,09:40:58,$ 3214.95,100
568,09:40:50,$ 3212.0101,100
569,09:40:47,$ 3212.61,100
570,09:40:45,$ 3212.61,100
571,09:40:36,$ 3213.705,100
572,09:40:36,$ 3212.00,100
573,09:40:30,$ 3210.1129,100
574,09:40:27,$ 3210.39,100
575,09:40:27,$ 3209.40,100
576,09:40:27,$ 3209.40,100
577,09:40:27,$ 3209.44,100
578,09:40:24,$ 3208.47,100
579,09:40:20,$ 3209.38,100
580,09:40:20,$ 3209.38,100
581,09:40:15,$ 3209.28,100
582,09:40:04,$ 3208.04,100
583,09:40:04,$ 3208.04,100
584,09:40:00,$ 3208.245,100
585,09:40:00,$ 3208.245,141
586,09:40:00,$ 3208.245,202
587,09:39:57,$ 3207.96,100
589,09:39:57,$ 3207.01,100
590,09:39:54,$ 3206.935,100
591,09:39:54,$ 3207.21,100
592,09:39:54,$ 3206.935,100
593,09:39:54,$ 3206.935,100
594,09:39:54,$ 3208.02,100
595,09:39:54,$ 3207.85,100
596,09:39:54,$ 3207.82,100
597,09:39:54,$ 3207.54,100
598,09:39:49,$ 3207.265,100
599,09:39:49,$ 3207.265,100
600,09:39:49,$ 3207.265,100
601,09:39:49,$ 3207.265,100
602,09:39:49,$ 3207.265,100
603,09:39:49,$ 3207.265,100
604,09:39:49,$ 3207.265,100
605,09:39:49,$ 3207.80,100
606,09:39:49,$ 3208.05,100
607,09:39:49,$ 3207.84,100
608,09:39:49,$ 3207.80,100
610,09:39:49,$ 3207.80,100
611,09:39:44,$ 3208.77,100
612,09:39:42,$ 3208.32,100
613,09:39:25,$ 3206.54,100
614,09:39:22,$ 3205.564,200
615,09:39:20,$ 3206.11,111
616,09:39:20,$ 3205.46,200
617,09:39:18,$ 3207.6799,100
618,09:39:18,$ 3206.6041,200
619,09:39:18,$ 3206.95,100
620,09:39:14,$ 3208.02,100
621,09:39:10,$ 3208.41,100
622,09:39:10,$ 3208.41,100
623,09:39:06,$ 3209.829,111
624,09:39:05,$ 3209.68,100
625,09:39:04,$ 3208.8507,200
626,09:38:56,$ 3208.4196,"1,000"
627,09:38:53,$ 3207.455,100
628,09:38:48,$ 3208.43,100
629,09:38:44,$ 3206.66,100
631,09:38:43,$ 3207.00,326
632,09:38:43,$ 3207.00,280
633,09:38:43,$ 3207.00,304
634,09:38:35,$ 3207.00,190
635,09:38:32,$ 3205.2272,"1,000"
636,09:38:23,$ 3204.08,100
637,09:38:23,$ 3204.08,100
638,09:38:22,$ 3205.945,100
639,09:38:18,$ 3203.95,100
640,09:38:18,$ 3204.46,100
641,09:38:18,$ 3203.82,100
642,09:38:17,$ 3205.105,100
643,09:38:17,$ 3205.105,100
644,09:38:14,$ 3206.00,100
645,09:38:09,$ 3207.2799,100
646,09:38:09,$ 3208.00,100
647,09:38:04,$ 3206.5197,100
648,09:38:03,$ 3206.62,100
649,09:37:56,$ 3205.7919,"1,000"
650,09:37:54,$ 3205.84,100
652,09:37:49,$ 3202.62,100
653,09:37:48,$ 3204.51,100
654,09:37:48,$ 3205.05,100
655,09:37:48,$ 3205.05,100
656,09:37:48,$ 3204.63,100
657,09:37:48,$ 3204.69,100
658,09:37:48,$ 3204.77,100
659,09:37:46,$ 3205.9299,100
660,09:37:44,$ 3205.21,100
661,09:37:44,$ 3205.22,100
662,09:37:43,$ 3205.01,100
663,09:37:41,$ 3205.15,100
664,09:37:38,$ 3206.25,100
665,09:37:37,$ 3205.71,100
666,09:37:35,$ 3205.1502,300
667,09:37:34,$ 3204.70,100
668,09:37:33,$ 3206.7399,100
669,09:37:29,$ 3204.91,100
670,09:37:29,$ 3204.46,100
671,09:37:29,$ 3205.22,100
673,09:37:28,$ 3202.96,100
674,09:37:27,$ 3203.21,100
675,09:37:27,$ 3203.99,100
676,09:37:27,$ 3205.00,200
677,09:37:26,$ 3206.75,100
678,09:37:26,$ 3206.77,100
679,09:37:24,$ 3207.47,100
680,09:37:22,$ 3209.21,100
681,09:37:18,$ 3208.00,120
682,09:37:18,$ 3208.62,100
683,09:37:18,$ 3209.4999,"1,000"
684,09:37:17,$ 3208.67,100
685,09:37:14,$ 3210.24,100
686,09:37:12,$ 3209.57,100
687,09:37:12,$ 3209.595,100
688,09:37:11,$ 3212.05,100
689,09:37:10,$ 3211.54,100
690,09:37:10,$ 3211.57,100
691,09:37:10,$ 3211.57,100
692,09:37:10,$ 3212.21,100
694,09:37:09,$ 3212.01,200
695,09:37:09,$ 3212.01,200
696,09:37:09,$ 3212.62,100
697,09:37:05,$ 3213.85,100
698,09:37:05,$ 3213.80,100
699,09:37:01,$ 3213.60,100
700,09:37:00,$ 3212.38,100
701,09:36:58,$ 3212.00,222
702,09:36:57,$ 3212.01,100
703,09:36:57,$ 3212.00,100
704,09:36:56,$ 3213.23,100
705,09:36:55,$ 3212.02,754
706,09:36:55,$ 3213.125,100
707,09:36:55,$ 3212.615,"1,098"
708,09:36:52,$ 3213.265,101
709,09:36:52,$ 3213.265,101
710,09:36:52,$ 3213.265,100
711,09:36:52,$ 3213.265,100
712,09:36:52,$ 3213.265,100
713,09:36:49,$ 3213.04,100
715,09:36:49,$ 3213.01,100
716,09:36:48,$ 3213.46,100
717,09:36:33,$ 3216.36,100
718,09:36:29,$ 3216.80,100
719,09:36:10,$ 3218.93,100
720,09:36:09,$ 3217.95,100
721,09:36:08,$ 3218.00,170
722,09:36:06,$ 3221.25,100
723,09:36:05,$ 3220.1211,389
724,09:36:01,$ 3220.50,100
725,09:36:01,$ 3220.50,112
726,09:36:00,$ 3221.00,300
727,09:36:00,$ 3221.00,100
728,09:35:58,$ 3219.48,100
729,09:35:56,$ 3218.79,100
730,09:35:56,$ 3217.96,100
731,09:35:56,$ 3217.96,100
732,09:35:55,$ 3218.00,100
733,09:35:55,$ 3218.368,100
734,09:35:55,$ 3218.565,240
736,09:35:44,$ 3219.525,100
737,09:35:42,$ 3219.11,100
738,09:35:42,$ 3219.11,100
739,09:35:42,$ 3219.19,100
740,09:35:41,$ 3221.65,100
741,09:35:40,$ 3221.125,100
742,09:35:40,$ 3220.43,100
743,09:35:39,$ 3220.94,100
744,09:35:37,$ 3219.11,100
745,09:35:36,$ 3219.5658,100
746,09:35:36,$ 3219.825,100
747,09:35:35,$ 3219.98,445
748,09:35:35,$ 3218.73,100
749,09:35:34,$ 3218.73,100
750,09:35:34,$ 3218.73,100
751,09:35:34,$ 3218.70,100
752,09:35:33,$ 3218.63,100
753,09:35:29,$ 3218.145,100
754,09:35:26,$ 3217.40,100
755,09:35:25,$ 3218.00,100
757,09:35:24,$ 3216.96,100
758,09:35:23,$ 3216.06,200
759,09:35:17,$ 3216.06,100
760,09:35:15,$ 3216.9102,190
761,09:35:14,$ 3216.07,500
762,09:35:14,$ 3216.715,500
763,09:35:13,$ 3216.00,100
764,09:35:13,$ 3215.55,100
765,09:35:13,$ 3215.50,100
766,09:35:13,$ 3214.9743,100
767,09:35:12,$ 3215.00,100
768,09:35:11,$ 3215.00,100
769,09:35:11,$ 3215.00,100
770,09:35:11,$ 3214.71,100
771,09:35:11,$ 3214.8874,100
772,09:35:11,$ 3214.71,100
773,09:35:11,$ 3214.41,100
774,09:35:10,$ 3214.41,160
775,09:35:08,$ 3212.14,500
776,09:35:05,$ 3212.065,240
778,09:35:04,$ 3213.38,200
779,09:35:03,$ 3213.255,500
780,09:35:02,$ 3213.99,200
781,09:34:54,$ 3210.55,100
782,09:34:47,$ 3210.51,100
783,09:34:47,$ 3209.60,100
784,09:34:45,$ 3208.04,100
785,09:34:42,$ 3208.215,100
786,09:34:40,$ 3210.15,100
787,09:34:39,$ 3211.48,130
788,09:34:38,$ 3211.505,500
789,09:34:37,$ 3211.25,100
790,09:34:26,$ 3212.4335,600
791,09:34:26,$ 3213.96,100
792,09:34:25,$ 3213.38,100
793,09:34:25,$ 3212.08,100
794,09:34:25,$ 3212.255,100
795,09:34:17,$ 3212.25,100
796,09:34:16,$ 3212.38,100
797,09:34:15,$ 3211.55,220
799,09:34:15,$ 3211.55,100
800,09:34:15,$ 3211.87,100
801,09:34:15,$ 3211.88,100
802,09:34:15,$ 3210.0363,100
803,09:34:15,$ 3213.4999,200
804,09:34:14,$ 3212.58,100
805,09:34:10,$ 3212.74,100
806,09:34:10,$ 3212.71,100
807,09:34:10,$ 3212.07,160
808,09:34:09,$ 3214.00,100
809,09:34:07,$ 3212.27,520
810,09:34:07,$ 3212.27,280
811,09:34:04,$ 3213.99,100
812,09:34:04,$ 3213.00,100
813,09:34:04,$ 3213.00,126
814,09:34:03,$ 3212.725,119
815,09:34:03,$ 3212.175,500
816,09:33:56,$ 3212.2509,500
817,09:33:47,$ 3209.501,100
818,09:33:43,$ 3208.738,100
820,09:33:35,$ 3210.01,100
821,09:33:24,$ 3209.98,500
822,09:33:23,$ 3210.78,100
823,09:33:23,$ 3210.05,100
824,09:33:22,$ 3211.985,100
825,09:33:18,$ 3211.75,100
826,09:33:18,$ 3211.76,100
827,09:33:18,$ 3211.76,100
828,09:33:18,$ 3211.80,100
829,09:33:13,$ 3213.23,100
830,09:33:11,$ 3212.92,100
831,09:33:08,$ 3214.60,100
832,09:33:01,$ 3214.035,500
833,09:33:01,$ 3214.71,100
834,09:33:00,$ 3214.03,100
835,09:33:00,$ 3213.25,100
836,09:32:57,$ 3212.17,100
837,09:32:56,$ 3212.00,100
838,09:32:56,$ 3211.66,100
839,09:32:56,$ 3211.47,100
841,09:32:56,$ 3211.47,100
842,09:32:55,$ 3210.75,100
843,09:32:55,$ 3210.75,100
844,09:32:41,$ 3209.40,200
845,09:32:40,$ 3209.40,100
846,09:32:40,$ 3208.69,100
847,09:32:40,$ 3207.41,100
848,09:32:40,$ 3207.75,100
849,09:32:40,$ 3207.77,100
850,09:32:40,$ 3207.77,100
851,09:32:40,$ 3207.3375,100
852,09:32:39,$ 3207.6453,100
853,09:32:39,$ 3207.00,957
854,09:32:37,$ 3207.00,100
855,09:32:37,$ 3208.00,400
856,09:32:37,$ 3208.00,200
857,09:32:37,$ 3208.72,100
858,09:32:37,$ 3208.87,100
859,09:32:32,$ 3211.47,100
860,09:32:32,$ 3211.47,100
862,09:32:32,$ 3211.47,100
863,09:32:28,$ 3211.42,100
864,09:32:28,$ 3211.65,100
865,09:32:26,$ 3210.7495,100
866,09:32:16,$ 3211.47,100
867,09:32:16,$ 3211.47,100
868,09:32:15,$ 3211.47,100
869,09:32:15,$ 3212.52,300
870,09:32:15,$ 3211.47,190
871,09:32:15,$ 3210.26,100
872,09:32:15,$ 3210.3712,200
873,09:32:15,$ 3210.64,100
874,09:32:15,$ 3210.64,100
875,09:32:15,$ 3210.26,300
876,09:32:15,$ 3210.16,100
877,09:32:15,$ 3210.18,100
878,09:32:15,$ 3210.16,100
879,09:32:15,$ 3210.64,100
880,09:32:13,$ 3210.28,100
881,09:32:12,$ 3210.4608,100
883,09:32:10,$ 3211.88,100
884,09:32:09,$ 3211.23,100
885,09:32:02,$ 3212.505,100
886,09:32:01,$ 3213.5699,100
887,09:31:59,$ 3211.99,100
888,09:31:59,$ 3212.00,272
889,09:31:58,$ 3210.2301,100
890,09:31:53,$ 3211.90,110
891,09:31:53,$ 3211.00,100
892,09:31:53,$ 3211.00,206
893,09:31:49,$ 3210.2571,250
894,09:31:47,$ 3210.00,247
895,09:31:33,$ 3206.67,100
896,09:31:28,$ 3210.00,100
897,09:31:28,$ 3210.00,252
898,09:31:28,$ 3210.00,143
899,09:31:28,$ 3209.88,100
900,09:31:28,$ 3210.00,201
901,09:31:24,$ 3208.78,100
902,09:31:24,$ 3208.935,100
904,09:31:21,$ 3208.00,100
905,09:31:21,$ 3206.43,100
906,09:31:18,$ 3206.30,100
907,09:31:18,$ 3206.30,125
908,09:31:18,$ 3207.00,100
909,09:31:11,$ 3205.50,100
910,09:31:10,$ 3205.3162,100
911,09:31:09,$ 3204.68,100
912,09:31:07,$ 3206.00,100
913,09:31:07,$ 3205.735,100
914,09:31:05,$ 3204.67,100
915,09:31:03,$ 3205.09,100
916,09:31:03,$ 3205.00,100
917,09:31:03,$ 3207.88,100
918,09:31:02,$ 3206.92,500
919,09:30:54,$ 3206.98,100
920,09:30:52,$ 3207.00,100
921,09:30:51,$ 3208.00,100
922,09:30:51,$ 3208.00,100
923,09:30:51,$ 3208.00,100
925,09:30:51,$ 3208.00,898
926,09:30:51,$ 3208.00,120
927,09:30:51,$ 3208.00,159
928,09:30:51,$ 3207.955,100
929,09:30:51,$ 3207.85,100
930,09:30:39,$ 3206.91,500
931,09:30:37,$ 3205.50,150
932,09:30:33,$ 3205.99,150
933,09:30:26,$ 3205.015,100
934,09:30:25,$ 3205.01,100
935,09:30:21,$ 3206.01,500
936,09:30:17,$ 3207.00,100
937,09:30:17,$ 3207.0582,"1,000"
938,09:30:15,$ 3205.98,100
939,09:30:15,$ 3205.65,100
940,09:30:15,$ 3205.58,100
941,09:30:15,$ 3204.69,100
942,09:30:15,$ 3204.69,100
943,09:30:15,$ 3204.69,200
944,09:30:14,$ 3202.464,100
946,09:30:09,$ 3203.60,100
947,09:30:09,$ 3204.01,100
948,09:30:03,$ 3205.2567,500
949,09:30:02,$ 3204.50,21
950,09:30:02,$ 3204.50,1
951,09:30:02,$ 3204.50,1
952,09:30:02,$ 3204.50,1
953,09:30:02,$ 3204.50,2
954,09:30:02,$ 3204.50,7
955,09:30:02,$ 3204.50,2
956,09:30:02,$ 3204.50,2
957,09:30:02,$ 3204.50,2
958,09:30:02,$ 3204.50,1
959,09:30:02,$ 3204.50,2
960,09:30:02,$ 3204.50,2
961,09:30:02,$ 3204.50,2
962,09:30:02,$ 3204.50,1
963,09:30:02,$ 3204.50,1
964,09:30:02,$ 3204.50,1
965,09:30:02,$ 3204.50,1
967,09:30:02,$ 3204.50,1
968,09:30:02,$ 3204.50,1
969,09:30:02,$ 3204.50,1
970,09:30:02,$ 3204.50,1
971,09:30:02,$ 3204.50,7
972,09:30:02,$ 3204.50,2
973,09:30:02,$ 3204.50,5
974,09:30:02,$ 3204.50,1
975,09:30:02,$ 3204.50,1
976,09:30:02,$ 3204.50,1
977,09:30:02,$ 3204.50,4
978,09:30:02,$ 3204.50,3
979,09:30:02,$ 3204.50,22
980,09:30:02,$ 3204.50,7
981,09:30:02,$ 3204.50,3
982,09:30:02,$ 3204.50,1
983,09:30:02,$ 3204.50,1
984,09:30:02,$ 3204.50,2
985,09:30:02,$ 3204.50,10
986,09:30:02,$ 3204.50,1
988,09:30:02,$ 3204.50,4
989,09:30:02,$ 3204.50,6
990,09:30:02,$ 3204.50,5
991,09:30:02,$ 3204.50,2
992,09:30:02,$ 3204.50,2
993,09:30:02,$ 3204.50,15
994,09:30:02,$ 3204.50,1
995,09:30:02,$ 3204.50,2
996,09:30:02,$ 3204.50,1
997,09:30:02,$ 3204.50,3
998,09:30:02,$ 3204.50,1
999,09:30:02,$ 3204.50,2
1000,09:30:02,$ 3204.50,2
1001,09:30:02,$ 3204.50,11
1002,09:30:02,$ 3204.50,2
1003,09:30:02,$ 3204.50,1
1004,09:30:02,$ 3204.50,2
1005,09:30:02,$ 3204.50,6
1006,09:30:02,$ 3204.50,5
1007,09:30:02,$ 3204.50,3
1009,09:30:02,$ 3204.50,1
1010,09:30:02,$ 3204.50,1
1011,09:30:02,$ 3204.50,1
1012,09:30:02,$ 3204.50,5
1013,09:30:02,$ 3204.50,27
1014,09:30:02,$ 3204.50,5
1015,09:30:02,$ 3204.50,1
1016,09:30:02,$ 3204.50,7
1017,09:30:02,$ 3204.50,10
1018,09:30:02,$ 3204.50,5
1019,09:30:02,$ 3204.50,1
1020,09:30:02,$ 3204.50,100
1021,09:30:02,$ 3204.50,90
1022,09:30:02,$ 3204.50,2
1023,09:30:02,$ 3204.50,1
1024,09:30:02,$ 3204.50,2
1025,09:30:02,$ 3204.50,1
1026,09:30:02,$ 3204.50,1
1027,09:30:02,$ 3204.50,1
1028,09:30:02,$ 3204.50,1
1030,09:30:02,$ 3204.50,1
1031,09:30:02,$ 3204.50,1
1032,09:30:02,$ 3204.50,1
1033,09:30:02,$ 3204.50,2
1034,09:30:02,$ 3204.50,1
1035,09:30:02,$ 3204.50,3
1036,09:30:02,$ 3204.50,1
1037,09:30:02,$ 3204.50,40
1038,09:30:02,$ 3204.50,1
1039,09:30:02,$ 3204.50,1
1040,09:30:02,$ 3204.50,1
1041,09:30:02,$ 3204.50,3
1042,09:30:02,$ 3204.50,1
1043,09:30:02,$ 3204.50,7
1044,09:30:02,$ 3204.50,2
1045,09:30:02,$ 3204.50,1
1046,09:30:02,$ 3204.50,10
1047,09:30:02,$ 3204.50,1
1048,09:30:02,$ 3204.50,5
1049,09:30:02,$ 3204.50,1
1051,09:30:02,$ 3204.50,1
1052,09:30:02,$ 3204.50,2
1053,09:30:02,$ 3204.50,1
1054,09:30:02,$ 3204.50,3
1055,09:30:02,$ 3204.50,1
1056,09:30:02,$ 3204.50,4
1057,09:30:02,$ 3204.50,10
1058,09:30:02,$ 3204.50,1
1059,09:30:02,$ 3204.50,1
1060,09:30:02,$ 3204.50,1
1061,09:30:02,$ 3204.50,2
1062,09:30:02,$ 3204.50,1
1063,09:30:02,$ 3204.50,1
1064,09:30:02,$ 3204.50,94
1065,09:30:02,$ 3204.50,3
1066,09:30:02,$ 3204.50,3
1067,09:30:02,$ 3204.50,1
1068,09:30:02,$ 3204.50,3
1069,09:30:02,$ 3204.50,1
1070,09:30:02,$ 3204.50,3
1072,09:30:02,$ 3204.50,1
1073,09:30:02,$ 3204.50,1
1074,09:30:02,$ 3204.50,1
1075,09:30:02,$ 3204.50,1
1076,09:30:02,$ 3204.50,10
1077,09:30:02,$ 3204.50,1
1078,09:30:02,$ 3204.50,25
1079,09:30:02,$ 3204.50,1
1080,09:30:02,$ 3204.50,10
1081,09:30:02,$ 3204.50,2
1082,09:30:02,$ 3204.50,1
1083,09:30:02,$ 3204.50,7
1084,09:30:02,$ 3204.50,250
1085,09:30:02,$ 3204.50,5
1086,09:30:02,$ 3204.50,1
1087,09:30:02,$ 3204.50,1
1088,09:30:02,$ 3204.50,1
1089,09:30:02,$ 3204.50,1
1090,09:30:02,$ 3204.50,6
1091,09:30:02,$ 3204.50,35
1093,09:30:02,$ 3204.50,1
1094,09:30:02,$ 3204.50,1
1095,09:30:02,$ 3204.50,2
1096,09:30:02,$ 3204.50,1
1097,09:30:02,$ 3204.50,3
1098,09:30:02,$ 3204.50,2
1099,09:30:02,$ 3204.50,1
1100,09:30:02,$ 3204.50,1
1101,09:30:02,$ 3204.50,15
1102,09:30:02,$ 3204.50,1
1103,09:30:02,$ 3204.50,8
1104,09:30:02,$ 3204.50,1
1105,09:30:02,$ 3204.50,1
1106,09:30:02,$ 3204.50,1
1107,09:30:02,$ 3204.50,1
1108,09:30:02,$ 3204.50,1
1109,09:30:02,$ 3204.50,1
1110,09:30:02,$ 3204.50,1
1111,09:30:02,$ 3204.50,1
1112,09:30:02,$ 3204.50,1
1114,09:30:02,$ 3204.50,1
1115,09:30:02,$ 3204.50,1
1116,09:30:02,$ 3204.50,1
1117,09:30:02,$ 3204.50,1
1118,09:30:02,$ 3204.50,1
1119,09:30:02,$ 3204.50,1
1120,09:30:02,$ 3204.50,1
1121,09:30:02,$ 3204.50,1
1122,09:30:02,$ 3204.50,1
1123,09:30:02,$ 3204.50,1
1124,09:30:02,$ 3204.50,1
1125,09:30:02,$ 3204.50,1
1126,09:30:02,$ 3204.50,1
1127,09:30:02,$ 3204.50,1
1128,09:30:02,$ 3204.50,1
1129,09:30:02,$ 3204.50,1
1130,09:30:02,$ 3204.50,1
1131,09:30:02,$ 3204.50,1
1132,09:30:02,$ 3204.50,1
1133,09:30:02,$ 3204.50,1
1135,09:30:02,$ 3204.50,1
1136,09:30:02,$ 3204.50,15
1137,09:30:02,$ 3204.50,1
1138,09:30:02,$ 3204.50,1
1139,09:30:02,$ 3204.50,1
1140,09:30:02,$ 3204.50,1
1141,09:30:02,$ 3204.50,1
1142,09:30:02,$ 3204.50,1
1143,09:30:02,$ 3204.50,1
1144,09:30:02,$ 3204.50,1
1145,09:30:02,$ 3204.50,1
1146,09:30:02,$ 3204.50,1
1147,09:30:02,$ 3204.50,1
1148,09:30:02,$ 3204.50,1
1149,09:30:02,$ 3204.50,1
1150,09:30:02,$ 3204.50,1
1151,09:30:02,$ 3204.50,1
1152,09:30:02,$ 3204.50,1
1153,09:30:02,$ 3204.50,1
1154,09:30:02,$ 3204.50,1
1156,09:30:02,$ 3204.50,1
1157,09:30:02,$ 3204.50,1
1158,09:30:02,$ 3204.50,1
1159,09:30:02,$ 3204.50,1
1160,09:30:02,$ 3204.50,1
1161,09:30:02,$ 3204.50,1
1162,09:30:02,$ 3204.50,1
1163,09:30:02,$ 3204.50,1
1164,09:30:02,$ 3204.50,10
1165,09:30:02,$ 3204.50,1
1166,09:30:02,$ 3204.50,1
1167,09:30:02,$ 3204.50,1
1168,09:30:02,$ 3204.50,2
1169,09:30:02,$ 3204.50,1
1170,09:30:02,$ 3204.50,1
1171,09:30:02,$ 3204.50,10
1172,09:30:02,$ 3204.50,3
1173,09:30:02,$ 3204.50,2
1174,09:30:02,$ 3204.50,2
1175,09:30:02,$ 3204.50,1
1177,09:30:02,$ 3204.50,3
1178,09:30:02,$ 3204.50,1
1179,09:30:02,$ 3204.50,1
1180,09:30:02,$ 3204.50,1
1181,09:30:02,$ 3204.50,2
1182,09:30:02,$ 3204.50,2
1183,09:30:02,$ 3204.50,150
1184,09:30:02,$ 3204.50,1
1185,09:30:02,$ 3204.50,1
1186,09:30:02,$ 3204.50,1
1187,09:30:02,$ 3204.50,1
1188,09:30:02,$ 3204.50,1
1189,09:30:02,$ 3204.50,10
1190,09:30:02,$ 3204.50,25
1191,09:30:02,$ 3204.50,1
1192,09:30:02,$ 3204.50,6
1193,09:30:02,$ 3204.50,3
1194,09:30:02,$ 3204.50,2
1195,09:30:02,$ 3204.50,3
1196,09:30:02,$ 3204.50,30
1198,09:30:02,$ 3204.50,3
1199,09:30:02,$ 3204.50,2
1200,09:30:02,$ 3204.50,3
1201,09:30:02,$ 3204.50,1
1202,09:30:02,$ 3204.50,5
1203,09:30:02,$ 3204.50,5
1204,09:30:02,$ 3204.50,8
1205,09:30:02,$ 3204.50,1
1206,09:30:02,$ 3204.50,1
1207,09:30:02,$ 3204.50,3
1208,09:30:02,$ 3204.50,2
1209,09:30:02,$ 3204.50,5
1210,09:30:02,$ 3204.50,1
1211,09:30:02,$ 3204.50,4
1212,09:30:02,$ 3204.50,51
1213,09:30:02,$ 3204.50,3
1214,09:30:02,$ 3204.50,10
1215,09:30:02,$ 3204.50,1
1216,09:30:02,$ 3204.50,3
1217,09:30:02,$ 3204.50,11
1219,09:30:02,$ 3204.50,5
1220,09:30:02,$ 3204.50,5
1221,09:30:02,$ 3204.50,3
1222,09:30:02,$ 3204.50,1
1223,09:30:02,$ 3204.50,16
1224,09:30:02,$ 3204.50,2
1225,09:30:02,$ 3204.50,78
1226,09:30:02,$ 3204.50,4
1227,09:30:02,$ 3204.50,5
1228,09:30:02,$ 3204.50,2
1229,09:30:02,$ 3204.50,1
1230,09:30:02,$ 3204.50,1
1231,09:30:02,$ 3204.50,8
1232,09:30:02,$ 3204.50,1
1233,09:30:02,$ 3204.50,1
1234,09:30:02,$ 3204.50,2
1235,09:30:02,$ 3204.50,1
1236,09:30:02,$ 3204.50,14
1237,09:30:02,$ 3204.50,2
1238,09:30:02,$ 3204.50,1
1240,09:30:02,$ 3204.50,1
1241,09:30:02,$ 3204.50,1
1242,09:30:02,$ 3204.50,1
1243,09:30:02,$ 3204.50,4
1244,09:30:02,$ 3204.50,1
1245,09:30:02,$ 3204.50,3
1246,09:30:02,$ 3204.50,1
1247,09:30:02,$ 3204.50,5
1248,09:30:02,$ 3204.50,1
1249,09:30:02,$ 3204.50,3
1250,09:30:02,$ 3204.50,1
1251,09:30:02,$ 3204.50,1
1252,09:30:02,$ 3204.50,1
1253,09:30:02,$ 3204.50,1
1254,09:30:02,$ 3204.50,20
1255,09:30:02,$ 3204.50,1
1256,09:30:02,$ 3204.50,13
1257,09:30:02,$ 3204.50,6
1258,09:30:02,$ 3204.50,1
1259,09:30:02,$ 3204.50,1
1261,09:30:02,$ 3204.50,1
1262,09:30:02,$ 3204.50,1
1263,09:30:02,$ 3204.50,1
1264,09:30:02,$ 3204.50,1
1265,09:30:02,$ 3204.50,1
1266,09:30:02,$ 3204.50,1
1267,09:30:02,$ 3204.50,1
1268,09:30:02,$ 3204.50,1
1269,09:30:02,$ 3204.50,1
1270,09:30:02,$ 3204.50,1
1271,09:30:02,$ 3204.50,1
1272,09:30:02,$ 3204.50,1
1273,09:30:02,$ 3204.50,1
1274,09:30:02,$ 3204.50,1
1275,09:30:02,$ 3204.50,1
1276,09:30:02,$ 3204.50,1
1277,09:30:02,$ 3204.50,1
1278,09:30:02,$ 3204.50,1
1279,09:30:02,$ 3204.50,1
1280,09:30:02,$ 3204.50,1
1282,09:30:02,$ 3204.50,1
1283,09:30:02,$ 3204.50,1
1284,09:30:02,$ 3204.50,1
1285,09:30:02,$ 3204.50,1
1286,09:30:02,$ 3204.50,1
1287,09:30:02,$ 3204.50,1
1288,09:30:02,$ 3204.50,1
1289,09:30:02,$ 3204.50,1
1290,09:30:02,$ 3204.50,1
1291,09:30:02,$ 3204.50,1
1292,09:30:02,$ 3204.50,1
1293,09:30:02,$ 3204.50,1
1294,09:30:02,$ 3204.50,1
1295,09:30:02,$ 3204.50,1
1296,09:30:02,$ 3204.50,1
1297,09:30:02,$ 3204.50,1
1298,09:30:02,$ 3204.50,1
1299,09:30:02,$ 3204.50,1
1300,09:30:02,$ 3204.50,10
1301,09:30:02,$ 3204.50,1
1303,09:30:02,$ 3204.50,1
1304,09:30:02,$ 3204.50,1
1305,09:30:02,$ 3204.50,1
1306,09:30:02,$ 3204.50,1
1307,09:30:02,$ 3204.50,1
1308,09:30:02,$ 3204.50,1
1309,09:30:02,$ 3204.50,1
1310,09:30:02,$ 3204.50,1
1311,09:30:02,$ 3204.50,1
1312,09:30:02,$ 3204.50,1
1313,09:30:02,$ 3204.50,10
1314,09:30:02,$ 3204.50,20
1315,09:30:02,$ 3204.50,10
1316,09:30:02,$ 3204.50,1
1317,09:30:02,$ 3204.50,1
1318,09:30:02,$ 3204.50,1
1319,09:30:02,$ 3204.50,1
1320,09:30:02,$ 3204.50,1
1321,09:30:02,$ 3204.50,1
1322,09:30:02,$ 3204.50,1
1324,09:30:02,$ 3204.50,1
1325,09:30:02,$ 3204.50,5
1326,09:30:02,$ 3204.50,1
1327,09:30:02,$ 3204.50,1
1328,09:30:02,$ 3204.50,1
1329,09:30:02,$ 3204.50,1
1330,09:30:02,$ 3204.50,1
1331,09:30:02,$ 3204.50,1
1332,09:30:02,$ 3204.50,1
1333,09:30:02,$ 3204.50,1
1334,09:30:02,$ 3204.50,1
1335,09:30:02,$ 3204.50,7
1336,09:30:02,$ 3204.50,1
1337,09:30:02,$ 3204.50,5
1338,09:30:02,$ 3204.50,2
1339,09:30:02,$ 3204.50,1
1340,09:30:02,$ 3204.50,3
1341,09:30:02,$ 3204.50,11
1342,09:30:02,$ 3204.50,2
1343,09:30:02,$ 3204.50,3
1345,09:30:02,$ 3204.50,2
1346,09:30:02,$ 3204.50,36
1347,09:30:02,$ 3204.50,2
1348,09:30:02,$ 3204.50,1
1349,09:30:02,$ 3204.50,5
1350,09:30:02,$ 3204.50,7
1351,09:30:02,$ 3204.50,1
1352,09:30:02,$ 3204.50,10
1353,09:30:02,$ 3204.50,1
1354,09:30:02,$ 3204.50,5
1355,09:30:02,$ 3204.50,49
1356,09:30:02,$ 3204.50,570
1357,09:30:02,$ 3204.50,15
1358,09:30:02,$ 3204.50,77
1359,09:30:02,$ 3204.50,1
1360,09:30:02,$ 3204.50,1
1361,09:30:02,$ 3204.50,15
1362,09:30:02,$ 3204.50,18
1363,09:30:02,$ 3204.50,18
1364,09:30:02,$ 3204.50,1
1366,09:30:02,$ 3204.50,10
1367,09:30:02,$ 3204.50,1
1368,09:30:02,$ 3204.50,1
1369,09:30:02,$ 3204.50,5
1370,09:30:02,$ 3204.50,7
1371,09:30:02,$ 3204.50,1
1372,09:30:02,$ 3204.50,20
1373,09:30:02,$ 3204.50,27
1374,09:30:02,$ 3204.50,35
1375,09:30:02,$ 3204.50,80
1376,09:30:02,$ 3204.50,100
1377,09:30:02,$ 3204.50,1
1378,09:30:02,$ 3204.50,2
1379,09:30:02,$ 3204.50,1
1380,09:30:02,$ 3204.50,1
1381,09:30:02,$ 3204.50,3
1382,09:30:02,$ 3204.50,3
1383,09:30:02,$ 3204.50,1
1384,09:30:02,$ 3204.50,3
1385,09:30:02,$ 3204.50,1
1387,09:30:02,$ 3204.50,1
1388,09:30:02,$ 3204.50,10
1389,09:30:02,$ 3204.50,1
1390,09:30:02,$ 3204.50,1
1391,09:30:02,$ 3204.50,10
1392,09:30:02,$ 3204.50,100
1393,09:30:02,$ 3204.50,4
1394,09:30:02,$ 3204.50,1
1395,09:30:02,$ 3204.50,1
1396,09:30:02,$ 3204.50,1
1397,09:30:02,$ 3204.50,15
1398,09:30:02,$ 3204.50,1
1399,09:30:02,$ 3204.50,15
1400,09:30:02,$ 3204.50,1
1401,09:30:02,$ 3204.50,6
1402,09:30:02,$ 3204.50,10
1403,09:30:02,$ 3204.50,5
1404,09:30:02,$ 3204.50,5
1405,09:30:02,$ 3204.50,1
1406,09:30:02,$ 3204.50,1
1408,09:30:02,$ 3204.50,30
1409,09:30:02,$ 3204.50,1
1410,09:30:02,$ 3204.50,1
1411,09:30:02,$ 3204.50,9
1412,09:30:02,$ 3204.50,1
1413,09:30:02,$ 3204.50,6
1414,09:30:02,$ 3204.50,1
1415,09:30:02,$ 3204.50,2
1416,09:30:02,$ 3204.50,10
1417,09:30:02,$ 3204.50,10
1418,09:30:02,$ 3204.50,10
1419,09:30:02,$ 3204.50,4
1420,09:30:02,$ 3204.50,2
1421,09:30:02,$ 3204.50,1
1422,09:30:02,$ 3204.50,2
1423,09:30:02,$ 3204.50,5
1424,09:30:02,$ 3204.50,1
1425,09:30:02,$ 3204.50,1
1426,09:30:02,$ 3204.50,5
1427,09:30:02,$ 3204.50,75
1429,09:30:02,$ 3204.50,1
1430,09:30:02,$ 3204.50,5
1431,09:30:02,$ 3204.50,2
1432,09:30:02,$ 3204.50,2
1433,09:30:02,$ 3204.50,1
1434,09:30:02,$ 3204.50,1
1435,09:30:02,$ 3204.50,1
1436,09:30:02,$ 3204.50,153
1437,09:30:02,$ 3204.50,2
1438,09:30:02,$ 3204.50,1
1439,09:30:02,$ 3204.50,3
1440,09:30:02,$ 3204.50,1
1441,09:30:02,$ 3204.50,4
1442,09:30:02,$ 3204.50,1
1443,09:30:02,$ 3204.50,3
1444,09:30:02,$ 3204.50,1
1445,09:30:02,$ 3204.50,3
1446,09:30:02,$ 3204.50,2
1447,09:30:02,$ 3204.50,2
1448,09:30:02,$ 3204.50,2
1450,09:30:02,$ 3204.50,1
1451,09:30:02,$ 3204.50,1
1452,09:30:02,$ 3204.50,2
1453,09:30:02,$ 3204.50,1
1454,09:30:02,$ 3204.50,1
1455,09:30:02,$ 3204.50,2
1456,09:30:02,$ 3204.50,1
1457,09:30:02,$ 3204.50,2
1458,09:30:02,$ 3204.50,2
1459,09:30:02,$ 3204.50,1
1460,09:30:02,$ 3204.50,3
1461,09:30:02,$ 3204.50,2
1462,09:30:02,$ 3204.50,5
1463,09:30:02,$ 3204.50,1
1464,09:30:02,$ 3204.50,1
1465,09:30:02,$ 3204.50,4
1466,09:30:02,$ 3204.50,1
1467,09:30:02,$ 3204.50,1
1468,09:30:02,$ 3204.50,2
1469,09:30:02,$ 3204.50,1
1471,09:30:02,$ 3204.50,2
1472,09:30:02,$ 3204.50,2
1473,09:30:02,$ 3204.50,1
1474,09:30:02,$ 3204.50,10
1475,09:30:02,$ 3204.50,3
1476,09:30:02,$ 3204.50,35
1477,09:30:02,$ 3204.50,2
1478,09:30:02,$ 3204.50,25
1479,09:30:02,$ 3204.50,4
1480,09:30:02,$ 3204.50,1
1481,09:30:02,$ 3204.50,1
1482,09:30:02,$ 3204.50,2
1483,09:30:02,$ 3204.50,2
1484,09:30:02,$ 3204.50,5
1485,09:30:02,$ 3204.50,3
1486,09:30:02,$ 3204.50,3
1487,09:30:02,$ 3204.50,1
1488,09:30:02,$ 3204.50,15
1489,09:30:02,$ 3204.50,5
1490,09:30:02,$ 3204.50,3
1492,09:30:02,$ 3204.50,2
1493,09:30:02,$ 3204.50,4
1494,09:30:02,$ 3204.50,3
1495,09:30:02,$ 3204.50,16
1496,09:30:02,$ 3204.50,3
1497,09:30:02,$ 3204.50,3
1498,09:30:02,$ 3204.50,15
1499,09:30:02,$ 3204.50,5
1500,09:30:02,$ 3204.50,15
1501,09:30:02,$ 3204.50,18
1502,09:30:02,$ 3204.50,3
1503,09:30:02,$ 3204.50,3
1504,09:30:02,$ 3204.50,30
1505,09:30:02,$ 3204.50,10
1506,09:30:02,$ 3204.50,125
1507,09:30:02,$ 3204.50,2
1508,09:30:02,$ 3204.50,3
1509,09:30:02,$ 3204.50,3
1510,09:30:02,$ 3204.50,2
1511,09:30:02,$ 3204.50,2
1513,09:30:02,$ 3204.50,2
1514,09:30:02,$ 3204.50,3
1515,09:30:02,$ 3204.50,3
1516,09:30:02,$ 3204.50,2
1517,09:30:02,$ 3204.50,1
1518,09:30:02,$ 3204.50,9
1519,09:30:02,$ 3204.50,2
1520,09:30:02,$ 3204.50,5
1521,09:30:02,$ 3204.50,5
1522,09:30:02,$ 3204.50,1
1523,09:30:02,$ 3204.50,6
1524,09:30:02,$ 3204.50,16
1525,09:30:02,$ 3204.50,10
1526,09:30:02,$ 3204.50,3
1527,09:30:02,$ 3204.50,9
1528,09:30:02,$ 3204.50,2
1529,09:30:02,$ 3204.50,7
1530,09:30:02,$ 3204.50,6
1531,09:30:02,$ 3204.50,1
1532,09:30:02,$ 3204.50,2
1534,09:30:02,$ 3204.50,25
1535,09:30:02,$ 3204.50,3
1536,09:30:02,$ 3204.50,1
1537,09:30:02,$ 3204.50,31
1538,09:30:02,$ 3204.50,4
1539,09:30:02,$ 3204.50,3
1540,09:30:02,$ 3204.50,1
1541,09:30:02,$ 3204.50,17
1542,09:30:02,$ 3204.50,20
1543,09:30:02,$ 3204.50,6
1544,09:30:02,$ 3204.50,10
1545,09:30:02,$ 3204.50,25
1546,09:30:02,$ 3204.50,5
1547,09:30:02,$ 3204.50,8
1548,09:30:02,$ 3204.50,1
1549,09:30:02,$ 3204.50,4
1550,09:30:02,$ 3204.50,1
1551,09:30:02,$ 3204.50,1
1552,09:30:02,$ 3204.50,3
1553,09:30:02,$ 3204.50,2
1555,09:30:02,$ 3204.50,3
1556,09:30:02,$ 3204.50,2
1557,09:30:02,$ 3204.50,155
1558,09:30:02,$ 3204.50,3
1559,09:30:02,$ 3204.50,35
1560,09:30:02,$ 3204.50,10
1561,09:30:02,$ 3204.50,2
1562,09:30:02,$ 3204.50,2
1563,09:30:02,$ 3204.50,4
1564,09:30:02,$ 3204.50,3
1565,09:30:02,$ 3204.50,125
1566,09:30:02,$ 3204.50,1
1567,09:30:02,$ 3204.50,50
1568,09:30:02,$ 3204.50,50
1569,09:30:02,$ 3204.50,10
1570,09:30:02,$ 3204.50,3
1571,09:30:02,$ 3204.50,1
1572,09:30:02,$ 3204.50,15
1573,09:30:02,$ 3204.50,10
1574,09:30:02,$ 3204.50,4
1576,09:30:02,$ 3204.50,1
1577,09:30:02,$ 3204.50,24
1578,09:30:02,$ 3204.50,1
1579,09:30:02,$ 3204.50,2
1580,09:30:02,$ 3204.50,10
1581,09:30:02,$ 3204.50,771
1582,09:30:02,$ 3204.50,175
1583,09:30:02,$ 3204.50,21
1584,09:30:02,$ 3204.50,17
1585,09:30:02,$ 3204.50,2
1586,09:30:02,$ 3204.50,3
1587,09:30:02,$ 3204.50,3
1588,09:30:02,$ 3204.50,2
1589,09:30:02,$ 3204.50,2
1590,09:30:02,$ 3204.50,1
1591,09:30:02,$ 3204.50,5
1592,09:30:02,$ 3204.50,1
1593,09:30:02,$ 3204.50,1
1594,09:30:02,$ 3204.50,1
1595,09:30:02,$ 3204.50,3
1597,09:30:02,$ 3204.50,400
1598,09:30:02,$ 3204.50,6
1599,09:30:02,$ 3204.50,9
1600,09:30:02,$ 3204.50,1
1601,09:30:02,$ 3204.50,1
1602,09:30:02,$ 3204.50,5
1603,09:30:02,$ 3204.50,1
1604,09:30:02,$ 3204.50,4
1605,09:30:02,$ 3204.50,2
1606,09:30:02,$ 3204.50,2
1607,09:30:02,$ 3204.50,2
1608,09:30:02,$ 3204.50,1
1609,09:30:02,$ 3204.50,1
1610,09:30:02,$ 3204.50,6
1611,09:30:02,$ 3204.50,3
1612,09:30:02,$ 3204.50,10
1613,09:30:02,$ 3204.50,11
1614,09:30:02,$ 3204.50,7
1615,09:30:02,$ 3204.50,2
1616,09:30:02,$ 3204.50,1
1618,09:30:02,$ 3204.50,1
1619,09:30:02,$ 3204.50,1
1620,09:30:02,$ 3204.50,4
1621,09:30:02,$ 3204.50,30
1622,09:30:02,$ 3204.50,1
1623,09:30:02,$ 3204.50,25
1624,09:30:02,$ 3204.50,4
1625,09:30:02,$ 3204.50,1
1626,09:30:02,$ 3204.50,2
1627,09:30:02,$ 3204.50,5
1628,09:30:02,$ 3204.50,9
1629,09:30:02,$ 3204.50,1
1630,09:30:02,$ 3204.50,1
1631,09:30:02,$ 3204.50,1
1632,09:30:02,$ 3204.50,1
1633,09:30:02,$ 3204.50,11
1634,09:30:02,$ 3204.50,30
1635,09:30:02,$ 3204.50,15
1636,09:30:02,$ 3204.50,3
1637,09:30:02,$ 3204.50,2
1639,09:30:02,$ 3204.50,10
1640,09:30:02,$ 3204.50,1
1641,09:30:02,$ 3204.50,1
1642,09:30:02,$ 3204.50,3
1643,09:30:02,$ 3204.50,1
1644,09:30:02,$ 3204.50,1
1645,09:30:02,$ 3204.50,1
1646,09:30:02,$ 3204.50,25
1647,09:30:02,$ 3204.50,1
1648,09:30:02,$ 3204.50,3
1649,09:30:02,$ 3204.50,1
1650,09:30:02,$ 3204.50,1
1651,09:30:02,$ 3204.50,3
1652,09:30:02,$ 3204.50,6
1653,09:30:02,$ 3204.50,2
1654,09:30:02,$ 3204.50,10
1655,09:30:02,$ 3204.50,2
1656,09:30:02,$ 3204.50,1
1657,09:30:02,$ 3204.50,1
1658,09:30:02,$ 3204.50,2
1660,09:30:02,$ 3204.50,10
1661,09:30:02,$ 3204.50,10
1662,09:30:02,$ 3204.50,4
1663,09:30:02,$ 3204.50,2
1664,09:30:02,$ 3204.50,20
1665,09:30:02,$ 3204.50,1
1666,09:30:02,$ 3204.50,2
1667,09:30:02,$ 3204.50,1
1668,09:30:02,$ 3204.50,1
1669,09:30:02,$ 3204.50,3
1670,09:30:02,$ 3204.50,2
1671,09:30:02,$ 3204.50,3
1672,09:30:02,$ 3204.50,100
1673,09:30:02,$ 3204.50,2
1674,09:30:02,$ 3204.50,5
1675,09:30:02,$ 3204.50,2
1676,09:30:02,$ 3204.50,3
1677,09:30:02,$ 3204.50,35
1678,09:30:02,$ 3204.50,15
1679,09:30:02,$ 3204.50,1
1681,09:30:02,$ 3204.50,155
1682,09:30:02,$ 3204.50,36
1683,09:30:02,$ 3204.50,2
1684,09:30:02,$ 3204.50,1
1685,09:30:02,$ 3204.50,1
1686,09:30:02,$ 3204.50,3
1687,09:30:02,$ 3204.50,1
1688,09:30:02,$ 3204.50,21
1689,09:30:02,$ 3204.50,32
1690,09:30:02,$ 3204.50,11
1691,09:30:02,$ 3204.50,26
1692,09:30:02,$ 3204.50,5
1693,09:30:02,$ 3204.50,3
1694,09:30:02,$ 3204.50,1
1695,09:30:02,$ 3204.50,3
1696,09:30:02,$ 3204.50,3
1697,09:30:02,$ 3204.50,1
1698,09:30:02,$ 3204.50,2
1699,09:30:02,$ 3204.50,3
1700,09:30:02,$ 3204.50,3
1702,09:30:02,$ 3204.50,2
1703,09:30:02,$ 3204.50,1
1704,09:30:02,$ 3204.50,4
1705,09:30:02,$ 3204.50,1
1706,09:30:02,$ 3204.50,1
1707,09:30:02,$ 3204.50,5
1708,09:30:02,$ 3204.50,3
1709,09:30:02,$ 3204.50,70
1710,09:30:02,$ 3204.50,3
1711,09:30:02,$ 3204.50,1
1712,09:30:02,$ 3204.50,2
1713,09:30:02,$ 3204.50,2
1714,09:30:02,$ 3204.50,"1,361"
1715,09:30:02,$ 3204.50,1
1716,09:30:02,$ 3204.50,300
1717,09:30:02,$ 3204.50,4
1718,09:30:02,$ 3204.50,7
1719,09:30:02,$ 3204.50,15
1720,09:30:02,$ 3204.50,1
1721,09:30:02,$ 3204.50,218
1723,09:30:02,$ 3204.50,2
1724,09:30:02,$ 3204.50,5
1725,09:30:02,$ 3204.50,8
1726,09:30:02,$ 3204.50,10
1727,09:30:02,$ 3204.50,9
1728,09:30:02,$ 3204.50,6
1729,09:30:02,$ 3204.50,11
1730,09:30:02,$ 3204.50,43
1731,09:30:02,$ 3204.50,5
1732,09:30:02,$ 3204.50,12
1733,09:30:02,$ 3204.50,5
1734,09:30:02,$ 3204.50,9
1735,09:30:02,$ 3204.50,54
1736,09:30:02,$ 3204.50,14
1737,09:30:02,$ 3204.50,149
1738,09:30:02,$ 3204.50,6
1739,09:30:02,$ 3204.50,30
1740,09:30:02,$ 3204.50,1
1741,09:30:02,$ 3204.50,1
1742,09:30:02,$ 3204.50,2
1744,09:30:02,$ 3204.50,200
1745,09:30:02,$ 3204.50,100
1746,09:30:02,$ 3204.50,100
1747,09:30:02,$ 3204.50,1
1748,09:30:02,$ 3204.50,2
1749,09:30:02,$ 3204.50,75
1750,09:30:02,$ 3204.50,5
1751,09:30:02,$ 3204.50,1
1752,09:30:02,$ 3204.50,1
1753,09:30:02,$ 3204.50,10
1754,09:30:02,$ 3204.50,100
1755,09:30:02,$ 3204.50,136
1756,09:30:02,$ 3204.50,1
1757,09:30:02,$ 3204.50,110
1758,09:30:02,$ 3204.50,15
1759,09:30:02,$ 3204.50,6
1760,09:30:02,$ 3204.50,19
1761,09:30:02,$ 3204.50,1
1762,09:30:02,$ 3204.50,44
1763,09:30:02,$ 3204.50,2
1765,09:30:02,$ 3204.50,11
1766,09:30:02,$ 3204.50,5
1767,09:30:02,$ 3204.50,5
1768,09:30:02,$ 3204.50,31
1769,09:30:02,$ 3204.50,1
1770,09:30:02,$ 3204.50,59
1771,09:30:02,$ 3204.50,34
1772,09:30:02,$ 3204.50,45
1773,09:30:02,$ 3204.50,3
1774,09:30:02,$ 3204.50,1
1775,09:30:02,$ 3204.50,2
1776,09:30:02,$ 3204.50,2
1777,09:30:02,$ 3204.50,28
1778,09:30:02,$ 3204.50,1
1779,09:30:02,$ 3204.50,1
1780,09:30:02,$ 3204.50,4
1781,09:30:02,$ 3204.50,1
1782,09:30:02,$ 3204.50,2
1783,09:30:02,$ 3204.50,2
1784,09:30:02,$ 3204.50,3
1786,09:30:02,$ 3204.50,1
1787,09:30:02,$ 3204.50,3
1788,09:30:02,$ 3204.50,4
1789,09:30:02,$ 3204.50,1
1790,09:30:02,$ 3204.50,8
1791,09:30:02,$ 3204.50,1
1792,09:30:02,$ 3204.50,78
1793,09:30:02,$ 3204.50,60
1794,09:30:02,$ 3204.50,300
1795,09:30:02,$ 3204.50,7
1796,09:30:02,$ 3204.50,100
1797,09:30:02,$ 3204.50,2
1798,09:30:02,$ 3204.50,2
1799,09:30:02,$ 3204.50,3
1800,09:30:02,$ 3204.50,3
1801,09:30:02,$ 3204.50,30
1802,09:30:02,$ 3204.50,3
1803,09:30:02,$ 3204.50,2
1804,09:30:02,$ 3204.50,2
1805,09:30:02,$ 3204.50,31
1807,09:30:02,$ 3204.50,2
1808,09:30:02,$ 3204.50,76
1809,09:30:02,$ 3204.50,1
1810,09:30:02,$ 3204.50,20
1811,09:30:02,$ 3204.50,2
1812,09:30:02,$ 3204.50,2
1813,09:30:02,$ 3204.50,1
1814,09:30:02,$ 3204.50,150
1815,09:30:02,$ 3204.50,5
1816,09:30:02,$ 3204.50,10
1817,09:30:02,$ 3204.50,12
1818,09:30:02,$ 3204.50,1
1819,09:30:02,$ 3204.50,4
1820,09:30:02,$ 3204.50,10
1821,09:30:02,$ 3204.50,2
1822,09:30:02,$ 3204.50,6
1823,09:30:02,$ 3204.50,3
1824,09:30:02,$ 3204.50,7
1825,09:30:02,$ 3204.50,1
1826,09:30:02,$ 3204.50,2
1828,09:30:02,$ 3204.50,36
1829,09:30:02,$ 3204.50,2
1830,09:30:02,$ 3204.50,5
1831,09:30:02,$ 3204.50,2
1832,09:30:02,$ 3204.50,3
1833,09:30:02,$ 3204.50,9
1834,09:30:02,$ 3204.50,2
1835,09:30:02,$ 3204.50,2
1836,09:30:02,$ 3204.50,10
1837,09:30:02,$ 3204.50,2
1838,09:30:02,$ 3204.50,59
1839,09:30:02,$ 3204.50,5
1840,09:30:02,$ 3204.50,1
1841,09:30:02,$ 3204.50,10
1842,09:30:02,$ 3204.50,2
1843,09:30:02,$ 3204.50,2
1844,09:30:02,$ 3204.50,1
1845,09:30:02,$ 3204.50,1
1846,09:30:02,$ 3204.50,2
1847,09:30:02,$ 3204.50,8
1849,09:30:02,$ 3204.50,2
1850,09:30:02,$ 3204.50,5
1851,09:30:02,$ 3204.50,1
1852,09:30:02,$ 3204.50,18
1853,09:30:02,$ 3204.50,1
1854,09:30:02,$ 3204.50,24
1855,09:30:02,$ 3204.50,1
1856,09:30:02,$ 3204.50,5
1857,09:30:02,$ 3204.50,500
1858,09:30:02,$ 3204.50,1
1859,09:30:02,$ 3204.50,10
1860,09:30:02,$ 3204.50,15
1861,09:30:02,$ 3204.50,7
1862,09:30:02,$ 3204.50,2
1863,09:30:02,$ 3204.50,6
1864,09:30:02,$ 3204.50,1
1865,09:30:02,$ 3204.50,1
1866,09:30:02,$ 3204.50,17
1867,09:30:02,$ 3204.50,3
1868,09:30:02,$ 3204.50,1
1870,09:30:02,$ 3204.50,1
1871,09:30:02,$ 3204.50,8
1872,09:30:02,$ 3204.50,9
1873,09:30:02,$ 3204.50,11
1874,09:30:02,$ 3204.50,1
1875,09:30:02,$ 3204.50,30
1876,09:30:02,$ 3204.50,2
1877,09:30:02,$ 3204.50,10
1878,09:30:02,$ 3204.50,1
1879,09:30:02,$ 3204.50,3
1880,09:30:02,$ 3204.50,7
1881,09:30:02,$ 3204.50,4
1882,09:30:02,$ 3204.50,7
1883,09:30:02,$ 3204.50,5
1884,09:30:02,$ 3204.50,25
1885,09:30:02,$ 3204.50,1
1886,09:30:02,$ 3204.50,17
1887,09:30:02,$ 3204.50,1
1888,09:30:02,$ 3204.50,1
1889,09:30:02,$ 3204.50,3
1891,09:30:02,$ 3204.50,6
1892,09:30:02,$ 3204.50,4
1893,09:30:02,$ 3204.50,40
1894,09:30:02,$ 3204.50,2
1895,09:30:02,$ 3204.50,25
1896,09:30:02,$ 3204.50,1
1897,09:30:02,$ 3204.50,1
1898,09:30:02,$ 3204.50,100
1899,09:30:02,$ 3204.50,8
1900,09:30:02,$ 3204.50,20
1901,09:30:02,$ 3204.50,5
1902,09:30:02,$ 3204.50,10
1903,09:30:02,$ 3204.50,"2,000"
1904,09:30:02,$ 3204.50,2
1905,09:30:02,$ 3204.50,25
1906,09:30:02,$ 3204.50,5
1907,09:30:02,$ 3204.50,100
1908,09:30:02,$ 3204.50,10
1909,09:30:02,$ 3204.50,1
1910,09:30:02,$ 3204.50,1
1912,09:30:02,$ 3204.50,5
1913,09:30:02,$ 3204.50,14
1914,09:30:02,$ 3204.50,6
1915,09:30:02,$ 3204.50,137
1916,09:30:02,$ 3204.50,20
1917,09:30:02,$ 3204.50,10
1918,09:30:02,$ 3204.50,110
1919,09:30:02,$ 3204.50,1
1920,09:30:02,$ 3204.50,4
1921,09:30:02,$ 3204.50,5
1922,09:30:02,$ 3204.50,40
1923,09:30:02,$ 3204.50,2
1924,09:30:02,$ 3204.50,2
1925,09:30:02,$ 3204.50,10
1926,09:30:02,$ 3204.50,2
1927,09:30:02,$ 3204.50,10
1928,09:30:02,$ 3204.50,1
1929,09:30:02,$ 3204.50,10
1930,09:30:02,$ 3204.50,4
1931,09:30:02,$ 3204.50,1
1933,09:30:02,$ 3204.50,2
1934,09:30:02,$ 3204.50,5
1935,09:30:02,$ 3204.50,1
1936,09:30:02,$ 3204.50,2
1937,09:30:02,$ 3204.50,5
1938,09:30:02,$ 3204.50,3
1939,09:30:02,$ 3204.50,5
1940,09:30:02,$ 3204.50,1
1941,09:30:02,$ 3204.50,16
1942,09:30:02,$ 3204.50,2
1943,09:30:02,$ 3204.50,1
1944,09:30:02,$ 3204.50,6
1945,09:30:02,$ 3204.50,2
1946,09:30:02,$ 3204.50,4
1947,09:30:02,$ 3204.50,42
1948,09:30:02,$ 3204.50,7
1949,09:30:02,$ 3204.50,4
1950,09:30:02,$ 3204.50,1
1951,09:30:02,$ 3204.50,2
1952,09:30:02,$ 3204.50,2
1954,09:30:02,$ 3204.50,1
1955,09:30:02,$ 3204.50,3
1956,09:30:02,$ 3204.50,5
1957,09:30:02,$ 3204.50,2
1958,09:30:02,$ 3204.50,1
1959,09:30:02,$ 3204.50,2
1960,09:30:02,$ 3204.50,35
1961,09:30:02,$ 3204.50,1
1962,09:30:02,$ 3204.50,1
1963,09:30:02,$ 3204.50,1
1964,09:30:02,$ 3204.50,5
1965,09:30:02,$ 3204.50,4
1966,09:30:02,$ 3204.50,2
1967,09:30:02,$ 3204.50,10
1968,09:30:02,$ 3204.50,5
1969,09:30:02,$ 3204.50,109
1970,09:30:02,$ 3204.50,1
1971,09:30:02,$ 3204.50,4
1972,09:30:02,$ 3204.50,31
1973,09:30:02,$ 3204.50,2
1975,09:30:02,$ 3204.50,1
1976,09:30:02,$ 3204.50,1
1977,09:30:02,$ 3204.50,1
1978,09:30:02,$ 3204.50,2
1979,09:30:02,$ 3204.50,2
1980,09:30:02,$ 3204.50,3
1981,09:30:02,$ 3204.50,10
1982,09:30:02,$ 3204.50,1
1983,09:30:02,$ 3204.50,15
1984,09:30:02,$ 3204.50,2
1985,09:30:02,$ 3204.50,4
1986,09:30:02,$ 3204.50,6
1987,09:30:02,$ 3204.50,15
1988,09:30:02,$ 3204.50,1
1989,09:30:02,$ 3204.50,50
1990,09:30:02,$ 3204.50,1
1991,09:30:02,$ 3204.50,5
1992,09:30:02,$ 3204.50,1
1993,09:30:02,$ 3204.50,1
1994,09:30:02,$ 3204.50,4
1996,09:30:02,$ 3204.50,1
1997,09:30:02,$ 3204.50,1
1998,09:30:02,$ 3204.50,6
1999,09:30:02,$ 3204.50,10
2000,09:30:02,$ 3204.50,17
2001,09:30:02,$ 3204.50,2
2002,09:30:02,$ 3204.50,110
2003,09:30:02,$ 3204.50,2
2004,09:30:02,$ 3204.50,1
2005,09:30:02,$ 3204.50,6
2006,09:30:02,$ 3204.50,15
2007,09:30:02,$ 3204.50,5
2008,09:30:02,$ 3204.50,100
2009,09:30:02,$ 3204.50,8
2010,09:30:02,$ 3204.50,1
2011,09:30:02,$ 3204.50,1
2012,09:30:02,$ 3204.50,5
2013,09:30:02,$ 3204.50,2
2014,09:30:02,$ 3204.50,1
2015,09:30:02,$ 3204.50,1
2017,09:30:02,$ 3204.50,9
2018,09:30:02,$ 3204.50,30
2019,09:30:02,$ 3204.50,10
2020,09:30:02,$ 3204.50,3
2021,09:30:02,$ 3204.50,1
2022,09:30:02,$ 3204.50,3
2023,09:30:02,$ 3204.50,1
2024,09:30:02,$ 3204.50,1
2025,09:30:02,$ 3204.50,1
2026,09:30:02,$ 3204.50,2
2027,09:30:02,$ 3204.50,73
2028,09:30:02,$ 3204.50,3
2029,09:30:02,$ 3204.50,4
2030,09:30:02,$ 3204.50,10
2031,09:30:02,$ 3204.50,3
2032,09:30:02,$ 3204.50,2
2033,09:30:02,$ 3204.50,4
2034,09:30:02,$ 3204.50,3
2035,09:30:02,$ 3204.50,50
2036,09:30:02,$ 3204.50,69
2038,09:30:02,$ 3204.50,2
2039,09:30:02,$ 3204.50,1
2040,09:30:02,$ 3204.50,8
2041,09:30:02,$ 3204.50,2
2042,09:30:02,$ 3204.50,6
2043,09:30:02,$ 3204.50,2
2044,09:30:02,$ 3204.50,1
2045,09:30:02,$ 3204.50,39
2046,09:30:02,$ 3204.50,1
2047,09:30:02,$ 3204.50,3
2048,09:30:02,$ 3204.50,10
2049,09:30:02,$ 3204.50,2
2050,09:30:02,$ 3204.50,5
2051,09:30:02,$ 3204.50,4
2052,09:30:02,$ 3204.50,1
2053,09:30:02,$ 3204.50,10
2054,09:30:02,$ 3204.50,3
2055,09:30:02,$ 3204.50,2
2056,09:30:02,$ 3204.50,1
2057,09:30:02,$ 3204.50,48
2059,09:30:02,$ 3204.50,2
2060,09:30:02,$ 3204.50,2
2061,09:30:02,$ 3204.50,2
2062,09:30:02,$ 3204.50,1
2063,09:30:02,$ 3204.50,1
2064,09:30:02,$ 3204.50,1
2065,09:30:02,$ 3204.50,1
2066,09:30:02,$ 3204.50,3
2067,09:30:02,$ 3204.50,1
2068,09:30:02,$ 3204.50,1
2069,09:30:02,$ 3204.50,14
2070,09:30:02,$ 3204.50,1
2071,09:30:02,$ 3204.50,1
2072,09:30:02,$ 3204.50,1
2073,09:30:02,$ 3204.50,1
2074,09:30:02,$ 3204.50,3
2075,09:30:02,$ 3204.50,1
2076,09:30:02,$ 3204.50,1
2077,09:30:02,$ 3204.50,1
2078,09:30:02,$ 3204.50,2
2080,09:30:02,$ 3204.50,1
2081,09:30:02,$ 3204.50,4
2082,09:30:02,$ 3204.50,2
2083,09:30:02,$ 3204.50,3
2084,09:30:02,$ 3204.50,4
2085,09:30:02,$ 3204.50,2
2086,09:30:02,$ 3204.50,3
2087,09:30:02,$ 3204.50,5
2088,09:30:02,$ 3204.50,3
2089,09:30:02,$ 3204.50,4
2090,09:30:02,$ 3204.50,1
2091,09:30:02,$ 3204.50,10
2092,09:30:02,$ 3204.50,2
2093,09:30:02,$ 3204.50,10
2094,09:30:02,$ 3204.50,2
2095,09:30:02,$ 3204.50,1
2096,09:30:02,$ 3204.50,1
2097,09:30:02,$ 3204.50,1
2098,09:30:02,$ 3204.50,4
2099,09:30:02,$ 3204.50,3
2101,09:30:02,$ 3204.50,3
2102,09:30:02,$ 3204.50,1
2103,09:30:02,$ 3204.50,1
2104,09:30:02,$ 3204.50,3
2105,09:30:02,$ 3204.50,5
2106,09:30:02,$ 3204.50,2
2107,09:30:02,$ 3204.50,1
2108,09:30:02,$ 3204.50,1
2109,09:30:02,$ 3204.50,3
2110,09:30:02,$ 3204.50,1
2111,09:30:02,$ 3204.50,2
2112,09:30:02,$ 3204.50,5
2113,09:30:02,$ 3204.50,3
2114,09:30:02,$ 3204.50,1
2115,09:30:02,$ 3204.50,3
2116,09:30:02,$ 3204.50,1
2117,09:30:02,$ 3204.50,1
2118,09:30:02,$ 3204.50,1
2119,09:30:02,$ 3204.50,2
2120,09:30:02,$ 3204.50,5
2122,09:30:02,$ 3204.50,1
2123,09:30:02,$ 3204.50,3
2124,09:30:02,$ 3204.50,2
2125,09:30:02,$ 3204.50,20
2126,09:30:02,$ 3204.50,1
2127,09:30:02,$ 3204.50,3
2128,09:30:02,$ 3204.50,1
2129,09:30:02,$ 3204.50,8
2130,09:30:02,$ 3204.50,2
2131,09:30:02,$ 3204.50,35
2132,09:30:02,$ 3204.50,30
2133,09:30:02,$ 3204.50,6
2134,09:30:02,$ 3204.50,3
2135,09:30:02,$ 3204.50,5
2136,09:30:02,$ 3204.50,1
2137,09:30:02,$ 3204.50,2
2138,09:30:02,$ 3204.50,20
2139,09:30:02,$ 3204.50,1
2140,09:30:02,$ 3204.50,1
2141,09:30:02,$ 3204.50,2
2143,09:30:02,$ 3204.50,25
2144,09:30:02,$ 3204.50,1
2145,09:30:02,$ 3204.50,1
2146,09:30:02,$ 3204.50,9
2147,09:30:02,$ 3204.50,10
2148,09:30:02,$ 3204.50,1
2149,09:30:02,$ 3204.50,4
2150,09:30:02,$ 3204.50,2
2151,09:30:02,$ 3204.50,3
2152,09:30:02,$ 3204.50,5
2153,09:30:02,$ 3204.50,1
2154,09:30:02,$ 3204.50,5
2155,09:30:02,$ 3204.50,1
2156,09:30:02,$ 3204.50,1
2157,09:30:02,$ 3204.50,10
2158,09:30:02,$ 3204.50,4
2159,09:30:02,$ 3204.50,4
2160,09:30:02,$ 3204.50,1
2161,09:30:02,$ 3204.50,1
2162,09:30:02,$ 3204.50,3
2164,09:30:02,$ 3204.50,45
2165,09:30:02,$ 3204.50,5
2166,09:30:02,$ 3204.50,2
2167,09:30:02,$ 3204.50,10
2168,09:30:02,$ 3204.50,2
2169,09:30:02,$ 3204.50,32
2170,09:30:02,$ 3204.50,16
2171,09:30:02,$ 3204.50,10
2172,09:30:02,$ 3204.50,2
2173,09:30:02,$ 3204.50,5
2174,09:30:02,$ 3204.50,3
2175,09:30:02,$ 3204.50,2
2176,09:30:02,$ 3204.50,6
2177,09:30:02,$ 3204.50,8
2178,09:30:02,$ 3204.50,40
2179,09:30:02,$ 3204.50,11
2180,09:30:02,$ 3204.50,4
2181,09:30:02,$ 3204.50,15
2182,09:30:02,$ 3204.50,15
2183,09:30:02,$ 3204.50,15
2185,09:30:02,$ 3204.50,5
2186,09:30:02,$ 3204.50,1
2187,09:30:02,$ 3204.50,1
2188,09:30:02,$ 3204.50,5
2189,09:30:02,$ 3204.50,3
2190,09:30:02,$ 3204.50,210
2191,09:30:02,$ 3204.50,8
2192,09:30:02,$ 3204.50,10
2193,09:30:02,$ 3204.50,15
2194,09:30:02,$ 3204.50,521
2195,09:30:02,$ 3204.50,3
2196,09:30:02,$ 3204.50,2
2197,09:30:02,$ 3204.50,11
2198,09:30:02,$ 3204.50,1
2199,09:30:02,$ 3204.50,1
2200,09:30:02,$ 3204.50,1
2201,09:30:02,$ 3204.50,5
2202,09:30:02,$ 3204.50,1
2203,09:30:02,$ 3204.50,1
2204,09:30:02,$ 3204.50,11
2206,09:30:02,$ 3204.50,2
2207,09:30:02,$ 3204.50,8
2208,09:30:02,$ 3204.50,2
2209,09:30:02,$ 3204.50,125
2210,09:30:02,$ 3204.50,186
2211,09:30:02,$ 3204.50,186
2212,09:30:02,$ 3204.50,181
2213,09:30:02,$ 3204.50,2
2214,09:30:02,$ 3204.50,2
2215,09:30:02,$ 3204.50,2
2216,09:30:02,$ 3204.50,23
2217,09:30:02,$ 3204.50,10
2218,09:30:02,$ 3204.50,1
2219,09:30:02,$ 3204.50,1
2220,09:30:02,$ 3204.50,1
2221,09:30:02,$ 3204.50,20
2222,09:30:02,$ 3204.50,5
2223,09:30:02,$ 3204.50,5
2224,09:30:02,$ 3204.50,1
2225,09:30:02,$ 3204.50,3
2227,09:30:02,$ 3204.50,11
2228,09:30:02,$ 3204.50,1
2229,09:30:02,$ 3204.50,5
2230,09:30:02,$ 3204.50,1
2231,09:30:02,$ 3204.50,4
2232,09:30:02,$ 3204.50,1
2233,09:30:02,$ 3204.50,1
2234,09:30:02,$ 3204.50,1
2235,09:30:02,$ 3204.50,2
2236,09:30:02,$ 3204.50,1
2237,09:30:02,$ 3204.50,1
2238,09:30:02,$ 3204.50,5
2239,09:30:02,$ 3204.50,1
2240,09:30:02,$ 3204.50,6
2241,09:30:02,$ 3204.50,3
2242,09:30:02,$ 3204.50,2
2243,09:30:02,$ 3204.50,2
2244,09:30:02,$ 3204.50,1
2245,09:30:02,$ 3204.50,3
2246,09:30:02,$ 3204.50,5
2248,09:30:02,$ 3204.50,1
2249,09:30:02,$ 3204.50,13
2250,09:30:02,$ 3204.50,1
2251,09:30:02,$ 3204.50,10
2252,09:30:02,$ 3204.50,38
2253,09:30:02,$ 3204.50,1
2254,09:30:02,$ 3204.50,6
2255,09:30:02,$ 3204.50,2
2256,09:30:02,$ 3204.50,6
2257,09:30:02,$ 3204.50,7
2258,09:30:02,$ 3204.50,2
2259,09:30:02,$ 3204.50,2
2260,09:30:02,$ 3204.50,3
2261,09:30:02,$ 3204.50,4
2262,09:30:02,$ 3204.50,4
2263,09:30:02,$ 3204.50,1
2264,09:30:02,$ 3204.50,1
2265,09:30:02,$ 3204.50,10
2266,09:30:02,$ 3204.50,1
2267,09:30:02,$ 3204.50,1
2269,09:30:02,$ 3204.50,1
2270,09:30:02,$ 3204.50,10
2271,09:30:02,$ 3204.50,1
2272,09:30:02,$ 3204.50,12
2273,09:30:02,$ 3204.50,1
2274,09:30:02,$ 3204.50,2
2275,09:30:02,$ 3204.50,2
2276,09:30:02,$ 3204.50,15
2277,09:30:02,$ 3204.50,1
2278,09:30:02,$ 3204.50,3
2279,09:30:02,$ 3204.50,2
2280,09:30:02,$ 3204.50,1
2281,09:30:02,$ 3204.50,3
2282,09:30:02,$ 3204.50,3
2283,09:30:02,$ 3204.50,1
2284,09:30:02,$ 3204.50,7
2285,09:30:02,$ 3204.50,1
2286,09:30:02,$ 3204.50,7
2287,09:30:02,$ 3204.50,2
2288,09:30:02,$ 3204.50,5
2290,09:30:02,$ 3204.50,1
2291,09:30:02,$ 3204.50,2
2292,09:30:02,$ 3204.50,80
2293,09:30:02,$ 3204.50,19
2294,09:30:02,$ 3204.50,5
2295,09:30:02,$ 3204.50,1
2296,09:30:02,$ 3204.50,14
2297,09:30:02,$ 3204.50,1
2298,09:30:02,$ 3204.50,3
2299,09:30:02,$ 3204.50,1
2300,09:30:02,$ 3204.50,900
2301,09:30:02,$ 3204.50,8
2302,09:30:02,$ 3204.50,10
2303,09:30:02,$ 3204.50,10
2304,09:30:02,$ 3204.50,1
2305,09:30:02,$ 3204.50,4
2306,09:30:02,$ 3204.50,10
2307,09:30:02,$ 3204.50,1
2308,09:30:02,$ 3204.50,1
2309,09:30:02,$ 3204.50,38
2311,09:30:02,$ 3204.50,12
2312,09:30:02,$ 3204.50,1
2313,09:30:02,$ 3204.50,1
2314,09:30:02,$ 3204.50,1
2315,09:30:02,$ 3204.50,5
2316,09:30:02,$ 3204.50,5
2317,09:30:02,$ 3204.50,10
2318,09:30:02,$ 3204.50,1
2319,09:30:02,$ 3204.50,3
2320,09:30:02,$ 3204.50,1
2321,09:30:02,$ 3204.50,15
2322,09:30:02,$ 3204.50,3
2323,09:30:02,$ 3204.50,10
2324,09:30:02,$ 3204.50,1
2325,09:30:02,$ 3204.50,10
2326,09:30:02,$ 3204.50,6
2327,09:30:02,$ 3204.50,1
2328,09:30:02,$ 3204.50,2
2329,09:30:02,$ 3204.50,1
2330,09:30:02,$ 3204.50,2
2332,09:30:02,$ 3204.50,2
2333,09:30:02,$ 3204.50,1
2334,09:30:02,$ 3204.50,1
2335,09:30:02,$ 3204.50,1
2336,09:30:02,$ 3204.50,2
2337,09:30:02,$ 3204.50,1
2338,09:30:02,$ 3204.50,1
2339,09:30:02,$ 3204.50,1
2340,09:30:02,$ 3204.50,9
2341,09:30:02,$ 3204.50,1
2342,09:30:02,$ 3204.50,6
2343,09:30:02,$ 3204.50,5
2344,09:30:02,$ 3204.50,5
2345,09:30:02,$ 3204.50,5
2346,09:30:02,$ 3204.50,1
2347,09:30:02,$ 3204.50,1
2348,09:30:02,$ 3204.50,9
2349,09:30:02,$ 3204.50,8
2350,09:30:02,$ 3204.50,1
2351,09:30:02,$ 3204.50,1
2353,09:30:02,$ 3204.50,1
2354,09:30:02,$ 3204.50,10
2355,09:30:02,$ 3204.50,64
2356,09:30:02,$ 3204.50,1
2357,09:30:02,$ 3204.50,2
2358,09:30:02,$ 3204.50,5
2359,09:30:02,$ 3204.50,8
2360,09:30:02,$ 3204.50,96
2361,09:30:02,$ 3204.50,1
2362,09:30:02,$ 3204.50,39
2363,09:30:02,$ 3204.50,5
2364,09:30:02,$ 3204.50,2
2365,09:30:02,$ 3204.50,22
2366,09:30:02,$ 3204.50,1
2367,09:30:02,$ 3204.50,1
2368,09:30:02,$ 3204.50,3
2369,09:30:02,$ 3204.50,15
2370,09:30:02,$ 3204.50,1
2371,09:30:02,$ 3204.50,2
2372,09:30:02,$ 3204.50,1
2374,09:30:02,$ 3204.50,1
2375,09:30:02,$ 3204.50,2
2376,09:30:02,$ 3204.50,1
2377,09:30:02,$ 3204.50,1
2378,09:30:02,$ 3204.50,2
2379,09:30:02,$ 3204.50,1
2380,09:30:02,$ 3204.50,2
2381,09:30:02,$ 3204.50,1
2382,09:30:02,$ 3204.50,2
2383,09:30:02,$ 3204.50,3
2384,09:30:02,$ 3204.50,1
2385,09:30:02,$ 3204.50,2
2386,09:30:02,$ 3204.50,1
2387,09:30:02,$ 3204.50,2
2388,09:30:02,$ 3204.50,1
2389,09:30:02,$ 3204.50,4
2390,09:30:02,$ 3204.50,6
2391,09:30:02,$ 3204.50,3
2392,09:30:02,$ 3204.50,2
2393,09:30:02,$ 3204.50,1
2395,09:30:02,$ 3204.50,1
2396,09:30:02,$ 3204.50,4
2397,09:30:02,$ 3204.50,3
2398,09:30:02,$ 3204.50,1
2399,09:30:02,$ 3204.50,3
2400,09:30:02,$ 3204.50,2
2401,09:30:02,$ 3204.50,1
2402,09:30:02,$ 3204.50,1
2403,09:30:02,$ 3204.50,1
2404,09:30:02,$ 3204.50,1
2405,09:30:02,$ 3204.50,6
2406,09:30:02,$ 3204.50,3
2407,09:30:02,$ 3204.50,4
2408,09:30:02,$ 3204.50,1
2409,09:30:02,$ 3204.50,1
2410,09:30:02,$ 3204.50,1
2411,09:30:02,$ 3204.50,1
2412,09:30:02,$ 3204.50,3
2413,09:30:02,$ 3204.50,2
2414,09:30:02,$ 3204.50,1
2416,09:30:02,$ 3204.50,1
2417,09:30:02,$ 3204.50,2
2418,09:30:02,$ 3204.50,3
2419,09:30:02,$ 3204.50,7
2420,09:30:02,$ 3204.50,2
2421,09:30:02,$ 3204.50,1
2422,09:30:02,$ 3204.50,1
2423,09:30:02,$ 3204.50,2
2424,09:30:02,$ 3204.50,2
2425,09:30:02,$ 3204.50,1
2426,09:30:02,$ 3204.50,1
2427,09:30:02,$ 3204.50,1
2428,09:30:02,$ 3204.50,1
2429,09:30:02,$ 3204.50,2
2430,09:30:02,$ 3204.50,2
2431,09:30:02,$ 3204.50,10
2432,09:30:02,$ 3204.50,1
2433,09:30:02,$ 3204.50,1
2434,09:30:02,$ 3204.50,10
2435,09:30:02,$ 3204.50,5
2437,09:30:02,$ 3204.50,1
2438,09:30:02,$ 3204.50,1
2439,09:30:02,$ 3204.50,2
2440,09:30:02,$ 3204.50,2
2441,09:30:02,$ 3204.50,8
2442,09:30:02,$ 3204.50,5
2443,09:30:02,$ 3204.50,2
2444,09:30:02,$ 3204.50,4
2445,09:30:02,$ 3204.50,45
2446,09:30:02,$ 3204.50,6
2447,09:30:02,$ 3204.50,5
2448,09:30:02,$ 3204.50,10
2449,09:30:02,$ 3204.50,1
2450,09:30:02,$ 3204.50,3
2451,09:30:02,$ 3204.50,1
2452,09:30:02,$ 3204.50,1
2453,09:30:02,$ 3204.50,2
2454,09:30:02,$ 3204.50,2
2455,09:30:02,$ 3204.50,1
2456,09:30:02,$ 3204.50,1
2458,09:30:02,$ 3204.50,1
2459,09:30:02,$ 3204.50,4
2460,09:30:02,$ 3204.50,1
2461,09:30:02,$ 3204.50,2
2462,09:30:02,$ 3204.50,3
2463,09:30:02,$ 3204.50,1
2464,09:30:02,$ 3204.50,1
2465,09:30:02,$ 3204.50,1
2466,09:30:02,$ 3204.50,1
2467,09:30:02,$ 3204.50,6
2468,09:30:02,$ 3204.50,1
2469,09:30:02,$ 3204.50,5
2470,09:30:02,$ 3204.50,1
2471,09:30:02,$ 3204.50,1
2472,09:30:02,$ 3204.50,1
2473,09:30:02,$ 3204.50,1
2474,09:30:02,$ 3204.50,2
2475,09:30:02,$ 3204.50,10
2476,09:30:02,$ 3204.50,3
2477,09:30:02,$ 3204.50,3
2479,09:30:02,$ 3204.50,5
2480,09:30:02,$ 3204.50,11
2481,09:30:02,$ 3204.50,2
2482,09:30:02,$ 3204.50,2
2483,09:30:02,$ 3204.50,2
2484,09:30:02,$ 3204.50,1
2485,09:30:02,$ 3204.50,1
2486,09:30:02,$ 3204.50,2
2487,09:30:02,$ 3204.50,2
2488,09:30:02,$ 3204.50,1
2489,09:30:02,$ 3204.50,1
2490,09:30:02,$ 3204.50,61
2491,09:30:02,$ 3204.50,3
2492,09:30:02,$ 3204.50,11
2493,09:30:02,$ 3204.50,16
2494,09:30:02,$ 3204.50,1
2495,09:30:02,$ 3204.50,5
2496,09:30:02,$ 3204.50,1
2497,09:30:02,$ 3204.50,2
2498,09:30:02,$ 3204.50,1
2500,09:30:02,$ 3204.50,1
2501,09:30:02,$ 3204.50,20
2502,09:30:02,$ 3204.50,48
2503,09:30:02,$ 3204.50,1
2504,09:30:02,$ 3204.50,1
2505,09:30:02,$ 3204.50,4
2506,09:30:02,$ 3204.50,1
2507,09:30:02,$ 3204.50,1
2508,09:30:02,$ 3204.50,2
2509,09:30:02,$ 3204.50,2
2510,09:30:02,$ 3204.50,2
2511,09:30:02,$ 3204.50,1
2512,09:30:02,$ 3204.50,2
2513,09:30:02,$ 3204.50,2
2514,09:30:02,$ 3204.50,1
2515,09:30:02,$ 3204.50,8
2516,09:30:02,$ 3204.50,4
2517,09:30:02,$ 3204.50,5
2518,09:30:02,$ 3204.50,20
2519,09:30:02,$ 3204.50,3
2521,09:30:02,$ 3204.50,10
2522,09:30:02,$ 3204.50,1
2523,09:30:02,$ 3204.50,2
2524,09:30:02,$ 3204.50,1
2525,09:30:02,$ 3204.50,5
2526,09:30:02,$ 3204.50,1
2527,09:30:02,$ 3204.50,4
2528,09:30:02,$ 3204.50,120
2529,09:30:02,$ 3204.50,10
2530,09:30:02,$ 3204.50,10
2531,09:30:02,$ 3204.50,10
2532,09:30:02,$ 3204.50,2
2533,09:30:02,$ 3204.50,50
2534,09:30:02,$ 3204.50,1
2535,09:30:02,$ 3204.50,3
2536,09:30:02,$ 3204.50,2
2537,09:30:02,$ 3204.50,1
2538,09:30:02,$ 3204.50,5
2539,09:30:02,$ 3204.50,1
2540,09:30:02,$ 3204.50,1
2542,09:30:02,$ 3204.50,10
2543,09:30:02,$ 3204.50,5
2544,09:30:02,$ 3204.50,64
2545,09:30:02,$ 3204.50,2
2546,09:30:02,$ 3204.50,1
2547,09:30:02,$ 3204.50,7
2548,09:30:02,$ 3204.50,4
2549,09:30:02,$ 3204.50,15
2550,09:30:02,$ 3204.50,1
2551,09:30:02,$ 3204.50,5
2552,09:30:02,$ 3204.50,3
2553,09:30:02,$ 3204.50,1
2554,09:30:02,$ 3204.50,5
2555,09:30:02,$ 3204.50,5
2556,09:30:02,$ 3204.50,2
2557,09:30:02,$ 3204.50,30
2558,09:30:02,$ 3204.50,1
2559,09:30:02,$ 3204.50,1
2560,09:30:02,$ 3204.50,1
2561,09:30:02,$ 3204.50,5
2563,09:30:02,$ 3204.50,3
2564,09:30:02,$ 3204.50,2
2565,09:30:02,$ 3204.50,6
2566,09:30:02,$ 3204.50,3
2567,09:30:02,$ 3204.50,5
2568,09:30:02,$ 3204.50,1
2569,09:30:02,$ 3204.50,2
2570,09:30:02,$ 3204.50,2
2571,09:30:02,$ 3204.50,1
2572,09:30:02,$ 3204.50,17
2573,09:30:02,$ 3204.50,10
2574,09:30:02,$ 3204.50,9
2575,09:30:02,$ 3204.50,3
2576,09:30:02,$ 3204.50,31
2577,09:30:02,$ 3204.50,2
2578,09:30:02,$ 3204.50,2
2579,09:30:02,$ 3204.50,1
2580,09:30:02,$ 3204.50,5
2581,09:30:02,$ 3204.50,3
2582,09:30:02,$ 3204.50,1
2584,09:30:02,$ 3204.50,2
2585,09:30:02,$ 3204.50,10
2586,09:30:02,$ 3204.50,3
2587,09:30:02,$ 3204.50,2
2588,09:30:02,$ 3204.50,25
2589,09:30:02,$ 3204.50,2
2590,09:30:02,$ 3204.50,61
2591,09:30:02,$ 3204.50,100
2592,09:30:02,$ 3204.50,1
2593,09:30:02,$ 3204.50,1
2594,09:30:02,$ 3204.50,10
2595,09:30:02,$ 3204.50,5
2596,09:30:02,$ 3204.50,1
2597,09:30:02,$ 3204.50,3
2598,09:30:02,$ 3204.50,65
2599,09:30:02,$ 3204.50,1
2600,09:30:02,$ 3204.50,4
2601,09:30:02,$ 3204.50,6
2602,09:30:02,$ 3204.50,3
2603,09:30:02,$ 3204.50,15
2605,09:30:02,$ 3204.50,1
2606,09:30:02,$ 3204.50,12
2607,09:30:02,$ 3204.50,1
2608,09:30:02,$ 3204.50,1
2609,09:30:02,$ 3204.50,7
2610,09:30:02,$ 3204.50,1
2611,09:30:02,$ 3204.50,3
2612,09:30:02,$ 3204.50,1
2613,09:30:02,$ 3204.50,1
2614,09:30:02,$ 3204.50,5
2615,09:30:02,$ 3204.50,3
2616,09:30:02,$ 3204.50,1
2617,09:30:02,$ 3204.50,4
2618,09:30:02,$ 3204.50,3
2619,09:30:02,$ 3204.50,1
2620,09:30:02,$ 3204.50,1
2621,09:30:02,$ 3204.50,10
2622,09:30:02,$ 3204.50,1
2623,09:30:02,$ 3204.50,1
2624,09:30:02,$ 3204.50,1
2626,09:30:02,$ 3204.50,1
2627,09:30:02,$ 3204.50,1
2628,09:30:02,$ 3204.50,4
2629,09:30:02,$ 3204.50,5
2630,09:30:02,$ 3204.50,3
2631,09:30:02,$ 3204.50,5
2632,09:30:02,$ 3204.50,1
2633,09:30:02,$ 3204.50,5
2634,09:30:02,$ 3204.50,10
2635,09:30:02,$ 3204.50,6
2636,09:30:02,$ 3204.50,7
2637,09:30:02,$ 3204.50,2
2638,09:30:02,$ 3204.50,1
2639,09:30:02,$ 3204.50,1
2640,09:30:02,$ 3204.50,3
2641,09:30:02,$ 3204.50,3
2642,09:30:02,$ 3204.50,1
2643,09:30:02,$ 3204.50,1
2644,09:30:02,$ 3204.50,1
2645,09:30:02,$ 3204.50,1
2647,09:30:02,$ 3204.50,18
2648,09:30:02,$ 3204.50,186
2649,09:30:02,$ 3204.50,10
2650,09:30:02,$ 3204.50,1
2651,09:30:02,$ 3204.50,5
2652,09:30:02,$ 3204.50,1
2653,09:30:02,$ 3204.50,2
2654,09:30:02,$ 3204.50,202
2655,09:30:02,$ 3204.50,5
2656,09:30:02,$ 3204.50,1
2657,09:30:02,$ 3204.50,1
2658,09:30:02,$ 3204.50,2
2659,09:30:02,$ 3204.50,1
2660,09:30:02,$ 3204.50,4
2661,09:30:02,$ 3204.50,2
2662,09:30:02,$ 3204.50,3
2663,09:30:02,$ 3204.50,15
2664,09:30:02,$ 3204.50,25
2665,09:30:02,$ 3204.50,1
2666,09:30:02,$ 3204.50,3
2668,09:30:02,$ 3204.50,10
2669,09:30:02,$ 3204.50,9
2670,09:30:02,$ 3204.50,1
2671,09:30:02,$ 3204.50,1
2672,09:30:02,$ 3204.50,2
2673,09:30:02,$ 3204.50,1
2674,09:30:02,$ 3204.50,1
2675,09:30:02,$ 3204.50,1
2676,09:30:02,$ 3204.50,3
2677,09:30:02,$ 3204.50,4
2678,09:30:02,$ 3204.50,3
2679,09:30:02,$ 3204.50,1
2680,09:30:02,$ 3204.50,2
2681,09:30:02,$ 3204.50,10
2682,09:30:02,$ 3204.50,6
2683,09:30:02,$ 3204.50,100
2684,09:30:02,$ 3204.50,6
2685,09:30:02,$ 3204.50,1
2686,09:30:02,$ 3204.50,1
2687,09:30:02,$ 3204.50,2
2689,09:30:02,$ 3204.50,10
2690,09:30:02,$ 3204.50,100
2691,09:30:02,$ 3204.50,1
2692,09:30:02,$ 3204.50,1
2693,09:30:02,$ 3204.50,1
2694,09:30:02,$ 3204.50,4
2695,09:30:02,$ 3204.50,10
2696,09:30:02,$ 3204.50,10
2697,09:30:02,$ 3204.50,10
2698,09:30:02,$ 3204.50,100
2699,09:30:02,$ 3204.50,5
2700,09:30:02,$ 3204.50,15
2701,09:30:02,$ 3204.50,100
2702,09:30:02,$ 3204.50,2
2703,09:30:02,$ 3204.50,28
2704,09:30:02,$ 3204.50,25
2705,09:30:02,$ 3204.50,1
2706,09:30:02,$ 3204.50,18
2707,09:30:02,$ 3204.50,8
2708,09:30:02,$ 3204.50,8
2710,09:30:02,$ 3204.50,75
2711,09:30:02,$ 3204.50,2
2712,09:30:02,$ 3204.50,1
2713,09:30:02,$ 3204.50,200
2714,09:30:02,$ 3204.50,1
2715,09:30:02,$ 3204.50,3
2716,09:30:02,$ 3204.50,10
2717,09:30:02,$ 3204.50,108
2718,09:30:02,$ 3204.50,1
2719,09:30:02,$ 3204.50,1
2720,09:30:02,$ 3204.50,10
2721,09:30:02,$ 3204.50,15
2722,09:30:02,$ 3204.50,1
2723,09:30:02,$ 3204.50,1
2724,09:30:02,$ 3204.50,4
2725,09:30:02,$ 3204.50,5
2726,09:30:02,$ 3204.50,1
2727,09:30:02,$ 3204.50,2
2728,09:30:02,$ 3204.50,10
2729,09:30:02,$ 3204.50,1
2731,09:30:02,$ 3204.50,1
2732,09:30:02,$ 3204.50,1
2733,09:30:02,$ 3204.50,1
2734,09:30:02,$ 3204.50,4
2735,09:30:02,$ 3204.50,5
2736,09:30:02,$ 3204.50,1
2737,09:30:02,$ 3204.50,1
2738,09:30:02,$ 3204.50,1
2739,09:30:02,$ 3204.50,1
2740,09:30:02,$ 3204.50,350
2741,09:30:02,$ 3204.50,6
2742,09:30:02,$ 3204.50,1
2743,09:30:02,$ 3204.50,1
2744,09:30:02,$ 3204.50,30
2745,09:30:02,$ 3204.50,2
2746,09:30:02,$ 3204.50,1
2747,09:30:02,$ 3204.50,1
2748,09:30:02,$ 3204.50,1
2749,09:30:02,$ 3204.50,2
2750,09:30:02,$ 3204.50,1
2752,09:30:02,$ 3204.50,2
2753,09:30:02,$ 3204.50,2
2754,09:30:02,$ 3204.50,1
2755,09:30:02,$ 3204.50,5
2756,09:30:02,$ 3204.50,5
2757,09:30:02,$ 3204.50,9
2758,09:30:02,$ 3204.50,10
2759,09:30:02,$ 3204.50,7
2760,09:30:02,$ 3204.50,15
2761,09:30:02,$ 3204.50,1
2762,09:30:02,$ 3204.50,1
2763,09:30:02,$ 3204.50,15
2764,09:30:02,$ 3204.50,15
2765,09:30:02,$ 3204.50,2
2766,09:30:02,$ 3204.50,157
2767,09:30:02,$ 3204.50,5
2768,09:30:02,$ 3204.50,3
2769,09:30:02,$ 3204.50,1
2770,09:30:02,$ 3204.50,3
2771,09:30:02,$ 3204.50,46
2773,09:30:02,$ 3204.50,8
2774,09:30:02,$ 3204.50,2
2775,09:30:02,$ 3204.50,1
2776,09:30:02,$ 3204.50,2
2777,09:30:02,$ 3204.50,1
2778,09:30:02,$ 3204.50,35
2779,09:30:02,$ 3204.50,1
2780,09:30:02,$ 3204.50,1
2781,09:30:02,$ 3204.50,1
2782,09:30:02,$ 3204.50,1
2783,09:30:02,$ 3204.50,1
2784,09:30:02,$ 3204.50,1
2785,09:30:02,$ 3204.50,1
2786,09:30:02,$ 3204.50,1
2787,09:30:02,$ 3204.50,25
2788,09:30:02,$ 3204.50,10
2789,09:30:02,$ 3204.50,25
2790,09:30:02,$ 3204.50,18
2791,09:30:02,$ 3204.50,25
2792,09:30:02,$ 3204.50,1
2794,09:30:02,$ 3204.50,15
2795,09:30:02,$ 3204.50,2
2796,09:30:02,$ 3204.50,1
2797,09:30:02,$ 3204.50,1
2798,09:30:02,$ 3204.50,25
2799,09:30:02,$ 3204.50,1
2800,09:30:02,$ 3204.50,1
2801,09:30:02,$ 3204.50,20
2802,09:30:02,$ 3204.50,5
2803,09:30:02,$ 3204.50,2
2804,09:30:02,$ 3204.50,1
2805,09:30:02,$ 3204.50,3
2806,09:30:02,$ 3204.50,2
2807,09:30:02,$ 3204.50,365
2808,09:30:02,$ 3204.50,1
2809,09:30:02,$ 3204.50,47
2810,09:30:02,$ 3204.50,1
2811,09:30:02,$ 3204.50,88
2812,09:30:02,$ 3204.50,2
2813,09:30:02,$ 3204.50,3
2815,09:30:02,$ 3204.50,15
2816,09:30:02,$ 3204.50,68
2817,09:30:02,$ 3204.50,5
2818,09:30:02,$ 3204.50,2
2819,09:30:02,$ 3204.50,20
2820,09:30:02,$ 3204.50,4
2821,09:30:02,$ 3204.50,7
2822,09:30:02,$ 3204.50,3
2823,09:30:02,$ 3204.50,1
2824,09:30:02,$ 3204.50,1
2825,09:30:02,$ 3204.50,"1,000"
2826,09:30:02,$ 3204.50,1
2827,09:30:02,$ 3204.50,2
2828,09:30:02,$ 3204.50,2
2829,09:30:02,$ 3204.50,6
2830,09:30:02,$ 3204.50,2
2831,09:30:02,$ 3204.50,2
2832,09:30:02,$ 3204.50,8
2833,09:30:02,$ 3204.50,2
2834,09:30:02,$ 3204.50,1
2836,09:30:02,$ 3204.50,1
2837,09:30:02,$ 3204.50,1
2838,09:30:02,$ 3204.50,1
2839,09:30:02,$ 3204.50,2
2840,09:30:02,$ 3204.50,1
2841,09:30:02,$ 3204.50,3
2842,09:30:02,$ 3204.50,1
2843,09:30:02,$ 3204.50,2
2844,09:30:02,$ 3204.50,1
2845,09:30:02,$ 3204.50,3
2846,09:30:02,$ 3204.50,1
2847,09:30:02,$ 3204.50,1
2848,09:30:02,$ 3204.50,1
2849,09:30:02,$ 3204.50,6
2850,09:30:02,$ 3204.50,1
2851,09:30:02,$ 3204.50,4
2852,09:30:02,$ 3204.50,4
2853,09:30:02,$ 3204.50,3
2854,09:30:02,$ 3204.50,3
2855,09:30:02,$ 3204.50,1
2857,09:30:02,$ 3204.50,3
2858,09:30:02,$ 3204.50,3
2859,09:30:02,$ 3204.50,2
2860,09:30:02,$ 3204.50,1
2861,09:30:02,$ 3204.50,1
2862,09:30:02,$ 3204.50,1
2863,09:30:02,$ 3204.50,1
2864,09:30:02,$ 3204.50,4
2865,09:30:02,$ 3204.50,1
2866,09:30:02,$ 3204.50,4
2867,09:30:02,$ 3204.50,3
2868,09:30:02,$ 3204.50,1
2869,09:30:02,$ 3204.50,2
2870,09:30:02,$ 3204.50,2
2871,09:30:02,$ 3204.50,40
2872,09:30:02,$ 3204.50,1
2873,09:30:02,$ 3204.50,5
2874,09:30:02,$ 3204.50,4
2875,09:30:02,$ 3204.50,1
2876,09:30:02,$ 3204.50,1
2878,09:30:02,$ 3204.50,1
2879,09:30:02,$ 3204.50,1
2880,09:30:02,$ 3204.50,2
2881,09:30:02,$ 3204.50,1
2882,09:30:02,$ 3204.50,1
2883,09:30:02,$ 3204.50,1
2884,09:30:02,$ 3204.50,10
2885,09:30:02,$ 3204.50,1
2886,09:30:02,$ 3204.50,1
2887,09:30:02,$ 3204.50,1
2888,09:30:02,$ 3204.50,1
2889,09:30:02,$ 3204.50,1
2890,09:30:02,$ 3204.50,1
2891,09:30:02,$ 3204.50,2
2892,09:30:02,$ 3204.50,1
2893,09:30:02,$ 3204.50,1
2894,09:30:02,$ 3204.50,1
2895,09:30:02,$ 3204.50,1
2896,09:30:02,$ 3204.50,2
2897,09:30:02,$ 3204.50,2
2899,09:30:02,$ 3204.50,1
2900,09:30:02,$ 3204.50,1
2901,09:30:02,$ 3204.50,1
2902,09:30:02,$ 3204.50,4
2903,09:30:02,$ 3204.50,5
2904,09:30:02,$ 3204.50,2
2905,09:30:02,$ 3204.50,1
2906,09:30:02,$ 3204.50,1
2907,09:30:02,$ 3204.50,2
2908,09:30:02,$ 3204.50,1
2909,09:30:02,$ 3204.50,2
2910,09:30:02,$ 3204.50,1
2911,09:30:02,$ 3204.50,6
2912,09:30:02,$ 3204.50,1
2913,09:30:02,$ 3204.50,1
2914,09:30:02,$ 3204.50,1
2915,09:30:02,$ 3204.50,1
2916,09:30:02,$ 3204.50,1
2917,09:30:02,$ 3204.50,2
2918,09:30:02,$ 3204.50,1
2920,09:30:02,$ 3204.50,2
2921,09:30:02,$ 3204.50,2
2922,09:30:02,$ 3204.50,1
2923,09:30:02,$ 3204.50,1
2924,09:30:02,$ 3204.50,1
2925,09:30:02,$ 3204.50,1
2926,09:30:02,$ 3204.50,1
2927,09:30:02,$ 3204.50,1
2928,09:30:02,$ 3204.50,1
2929,09:30:02,$ 3204.50,3
2930,09:30:02,$ 3204.50,2
2931,09:30:02,$ 3204.50,1
2932,09:30:02,$ 3204.50,2
2933,09:30:02,$ 3204.50,326
2934,09:30:02,$ 3204.50,558
2935,09:30:02,$ 3204.50,500
2936,09:30:02,$ 3204.50,1
2937,09:30:02,$ 3204.50,3
2938,09:30:02,$ 3204.50,2
2939,09:30:02,$ 3204.50,1
2941,09:30:02,$ 3204.50,1
2942,09:30:02,$ 3204.50,5
2943,09:30:02,$ 3204.50,1
2944,09:30:02,$ 3204.50,1
2945,09:30:02,$ 3204.50,3
2946,09:30:02,$ 3204.50,3
2947,09:30:02,$ 3204.50,1
2948,09:30:02,$ 3204.50,1
2949,09:30:02,$ 3204.50,1
2950,09:30:02,$ 3204.50,2
2951,09:30:02,$ 3204.50,2
2952,09:30:02,$ 3204.50,1
2953,09:30:02,$ 3204.50,1
2954,09:30:02,$ 3204.50,35
2955,09:30:02,$ 3204.50,1
2956,09:30:02,$ 3204.50,7
2957,09:30:02,$ 3204.50,7
2958,09:30:02,$ 3204.50,1
2959,09:30:02,$ 3204.50,12
2960,09:30:02,$ 3204.50,1
2962,09:30:02,$ 3204.50,2
2963,09:30:02,$ 3204.50,4
2964,09:30:02,$ 3204.50,1
2965,09:30:02,$ 3204.50,4
2966,09:30:02,$ 3204.50,1
2967,09:30:02,$ 3204.50,9
2968,09:30:02,$ 3204.50,3
2969,09:30:02,$ 3204.50,1
2970,09:30:02,$ 3204.50,7
2971,09:30:02,$ 3204.50,1
2972,09:30:02,$ 3204.50,2
2973,09:30:02,$ 3204.50,3
2974,09:30:02,$ 3204.50,3
2975,09:30:02,$ 3204.50,2
2976,09:30:02,$ 3204.50,4
2977,09:30:02,$ 3204.50,2
2978,09:30:02,$ 3204.50,1
2979,09:30:02,$ 3204.50,2
2980,09:30:02,$ 3204.50,1
2981,09:30:02,$ 3204.50,1
2983,09:30:02,$ 3204.50,1
2984,09:30:02,$ 3204.50,7
2985,09:30:02,$ 3204.50,1
2986,09:30:02,$ 3204.50,1
2987,09:30:02,$ 3204.50,3
2988,09:30:02,$ 3204.50,2
2989,09:30:02,$ 3204.50,3
2990,09:30:02,$ 3204.50,1
2991,09:30:02,$ 3204.50,1
2992,09:30:02,$ 3204.50,4
2993,09:30:02,$ 3204.50,1
2994,09:30:02,$ 3204.50,2
2995,09:30:02,$ 3204.50,2
2996,09:30:02,$ 3204.50,2
2997,09:30:02,$ 3204.50,1
2998,09:30:02,$ 3204.50,3
2999,09:30:02,$ 3204.50,2
3000,09:30:02,$ 3204.50,3
3001,09:30:02,$ 3204.50,2
3002,09:30:02,$ 3204.50,1
3004,09:30:02,$ 3204.50,2
3005,09:30:02,$ 3204.50,3
3006,09:30:02,$ 3204.50,3
3007,09:30:02,$ 3204.50,1
3008,09:30:02,$ 3204.50,1
3009,09:30:02,$ 3204.50,1
3010,09:30:02,$ 3204.50,1
3011,09:30:02,$ 3204.50,4
3012,09:30:02,$ 3204.50,1
3013,09:30:02,$ 3204.50,5
3014,09:30:02,$ 3204.50,3
3015,09:30:02,$ 3204.50,2
3016,09:30:02,$ 3204.50,2
3017,09:30:02,$ 3204.50,2
3018,09:30:02,$ 3204.50,4
3019,09:30:02,$ 3204.50,2
3020,09:30:02,$ 3204.50,1
3021,09:30:02,$ 3204.50,4
3022,09:30:02,$ 3204.50,4
3023,09:30:02,$ 3204.50,4
3025,09:30:02,$ 3204.50,2
3026,09:30:02,$ 3204.50,3
3027,09:30:02,$ 3204.50,3
3028,09:30:02,$ 3204.50,1
3029,09:30:02,$ 3204.50,3
3030,09:30:02,$ 3204.50,1
3031,09:30:02,$ 3204.50,4
3032,09:30:02,$ 3204.50,1
3033,09:30:02,$ 3204.50,3
3034,09:30:02,$ 3204.50,1
3035,09:30:02,$ 3204.50,1
3036,09:30:02,$ 3204.50,2
3037,09:30:02,$ 3204.50,5
3038,09:30:02,$ 3204.50,15
3039,09:30:02,$ 3204.50,50
3040,09:30:02,$ 3204.50,115
3041,09:30:02,$ 3204.50,"2,486"
3042,09:30:02,$ 3204.50,15
3043,09:30:02,$ 3204.50,58
3044,09:30:02,$ 3204.50,34
3046,09:30:02,$ 3204.50,13
3047,09:30:02,$ 3204.50,131
3048,09:30:02,$ 3204.50,11
3049,09:30:02,$ 3204.50,10
3050,09:30:02,$ 3204.50,1
3051,09:30:02,$ 3204.50,100
3052,09:30:02,$ 3204.50,100
3053,09:30:02,$ 3204.50,176
3054,09:30:02,$ 3204.50,10
3055,09:30:02,$ 3204.50,5
3056,09:30:02,$ 3204.50,1
3057,09:30:02,$ 3204.50,7
3058,09:30:02,$ 3204.50,22
3059,09:30:02,$ 3204.50,2
3060,09:30:02,$ 3204.50,100
3061,09:30:02,$ 3204.50,5
3062,09:30:02,$ 3204.50,16
3063,09:30:02,$ 3204.50,1
3064,09:30:02,$ 3204.50,100
3065,09:30:02,$ 3204.50,25
3067,09:30:02,$ 3204.50,1
3068,09:30:02,$ 3204.50,25
3069,09:30:02,$ 3204.50,92
3070,09:30:02,$ 3204.50,77
3071,09:30:02,$ 3204.50,2
3072,09:30:02,$ 3204.50,1
3073,09:30:02,$ 3204.50,3
3074,09:30:02,$ 3204.50,40
3075,09:30:02,$ 3204.50,3
3076,09:30:02,$ 3204.50,5
3077,09:30:02,$ 3204.50,35
3078,09:30:02,$ 3204.50,7
3079,09:30:02,$ 3204.50,2
3080,09:30:02,$ 3204.50,500
3081,09:30:02,$ 3204.50,6
3082,09:30:02,$ 3204.50,18
3083,09:30:02,$ 3204.50,3
3084,09:30:02,$ 3204.50,1
3085,09:30:02,$ 3204.50,10
3086,09:30:02,$ 3204.50,4
3088,09:30:02,$ 3204.50,10
3089,09:30:02,$ 3204.50,1
3090,09:30:02,$ 3204.50,2
3091,09:30:02,$ 3204.50,5
3092,09:30:02,$ 3204.50,2
3093,09:30:02,$ 3204.50,1
3094,09:30:02,$ 3204.50,30
3095,09:30:02,$ 3204.50,1
3096,09:30:02,$ 3204.50,5
3097,09:30:02,$ 3204.50,2
3098,09:30:02,$ 3204.50,4
3099,09:30:02,$ 3204.50,2
3100,09:30:02,$ 3204.50,10
3101,09:30:02,$ 3204.50,6
3102,09:30:02,$ 3204.50,1
3103,09:30:02,$ 3204.50,100
3104,09:30:02,$ 3204.50,3
3105,09:30:02,$ 3204.50,2
3106,09:30:02,$ 3204.50,16
3107,09:30:02,$ 3204.50,1
3109,09:30:02,$ 3204.50,6
3110,09:30:02,$ 3204.50,2
3111,09:30:02,$ 3204.50,1
3112,09:30:02,$ 3204.50,2
3113,09:30:02,$ 3204.50,2
3114,09:30:02,$ 3204.50,45
3115,09:30:02,$ 3204.50,489
3116,09:30:02,$ 3204.50,3
3117,09:30:02,$ 3204.50,2
3118,09:30:02,$ 3204.50,1
3119,09:30:02,$ 3204.50,10
3120,09:30:02,$ 3204.50,2
3121,09:30:02,$ 3204.50,3
3122,09:30:02,$ 3204.50,2
3123,09:30:02,$ 3204.50,3
3124,09:30:02,$ 3204.50,1
3125,09:30:02,$ 3204.50,1
3126,09:30:02,$ 3204.50,1
3127,09:30:02,$ 3204.50,6
3128,09:30:02,$ 3204.50,5
3130,09:30:02,$ 3204.50,57
3131,09:30:02,$ 3204.50,100
3132,09:30:02,$ 3204.50,4
3133,09:30:02,$ 3204.50,2
3134,09:30:02,$ 3204.50,35
3135,09:30:02,$ 3204.50,6
3136,09:30:02,$ 3204.50,2
3137,09:30:02,$ 3204.50,2
3138,09:30:02,$ 3204.50,1
3139,09:30:02,$ 3204.50,16
3140,09:30:02,$ 3204.50,1
3141,09:30:02,$ 3204.50,5
3142,09:30:02,$ 3204.50,1
3143,09:30:02,$ 3204.50,13
3144,09:30:02,$ 3204.50,1
3145,09:30:02,$ 3204.50,2
3146,09:30:02,$ 3204.50,2
3147,09:30:02,$ 3204.50,3
3148,09:30:02,$ 3204.50,6
3149,09:30:02,$ 3204.50,2
3151,09:30:02,$ 3204.50,10
3152,09:30:02,$ 3204.50,16
3153,09:30:02,$ 3204.50,4
3154,09:30:02,$ 3204.50,74
3155,09:30:02,$ 3204.50,95
3156,09:30:02,$ 3204.50,1
3157,09:30:02,$ 3204.50,7
3158,09:30:02,$ 3204.50,16
3159,09:30:02,$ 3204.50,16
3160,09:30:02,$ 3204.50,1
3161,09:30:02,$ 3204.50,5
3162,09:30:02,$ 3204.50,5
3163,09:30:02,$ 3204.50,307
3164,09:30:02,$ 3204.50,24
3165,09:30:02,$ 3204.50,37
3166,09:30:02,$ 3204.50,5
3167,09:30:02,$ 3204.50,2
3168,09:30:02,$ 3204.50,15
3169,09:30:02,$ 3204.50,1
3170,09:30:02,$ 3204.50,1
3172,09:30:02,$ 3204.50,6
3173,09:30:02,$ 3204.50,1
3174,09:30:02,$ 3204.50,1
3175,09:30:02,$ 3204.50,1
3176,09:30:02,$ 3204.50,6
3177,09:30:02,$ 3204.50,150
3178,09:30:02,$ 3204.50,20
3180,10:29:44,$ 3244.51,100
3181,10:29:43,$ 3244.00,100
3182,10:29:39,$ 3243.785,310
3183,10:29:34,$ 3243.93,200
3184,10:29:23,$ 3243.775,100
3185,10:29:23,$ 3243.775,150
3186,10:29:14,$ 3245.6499,100
3187,10:29:12,$ 3244.645,300
3188,10:29:12,$ 3244.01,100
3189,10:28:47,$ 3246.395,100
3190,10:28:47,$ 3246.19,100
3191,10:28:36,$ 3245.115,500
3192,10:28:32,$ 3245.73,100
3193,10:28:31,$ 3245.35,213
3194,10:28:29,$ 3245.9625,300
3195,10:28:28,$ 3245.1475,100
3196,10:28:28,$ 3244.70,100
3197,10:28:21,$ 3245.00,175
3198,10:28:20,$ 3244.45,100
3199,10:28:13,$ 3243.4901,100
3201,10:28:12,$ 3243.975,200
3202,10:28:08,$ 3244.45,203
3203,10:28:08,$ 3244.46,100
3204,10:28:05,$ 3244.45,100
3205,10:28:05,$ 3244.45,100
3206,10:28:02,$ 3244.22,100
3207,10:27:57,$ 3244.7975,113
3208,10:27:51,$ 3243.305,100
3209,10:27:51,$ 3243.17,100
3210,10:27:51,$ 3243.64,100
3211,10:27:51,$ 3243.45,100
3212,10:27:44,$ 3244.24,100
3213,10:27:35,$ 3245.0501,100
3214,10:27:29,$ 3245.5196,100
3215,10:27:29,$ 3245.2499,100
3216,10:27:28,$ 3245.00,100
3217,10:27:28,$ 3245.00,100
3218,10:27:14,$ 3244.00,241
3219,10:27:14,$ 3243.95,100
3220,10:27:14,$ 3244.00,600
3222,10:27:14,$ 3244.30,100
3223,10:27:14,$ 3244.47,100
3224,10:27:07,$ 3244.855,500
3225,10:27:05,$ 3245.00,100
3226,10:26:56,$ 3244.13,500
3227,10:26:49,$ 3244.385,100
3228,10:26:47,$ 3243.8623,130
3229,10:26:38,$ 3242.99,100
3230,10:26:37,$ 3242.8225,200
3231,10:26:37,$ 3242.8225,100
3232,10:26:34,$ 3241.85,100
3233,10:26:33,$ 3241.505,135
3234,10:26:31,$ 3240.935,500
3235,10:26:28,$ 3239.50,100
3236,10:26:25,$ 3239.89,100
3237,10:26:20,$ 3240.20,150
3238,10:26:20,$ 3239.90,100
3239,10:26:17,$ 3239.565,100
3240,10:26:10,$ 3237.31,100
3241,10:26:10,$ 3237.22,100
3243,10:26:10,$ 3237.26,100
3244,10:26:10,$ 3237.62,100
3245,10:26:10,$ 3237.63,100
3246,10:26:10,$ 3237.77,100
3247,10:26:08,$ 3236.72,100
3248,10:26:08,$ 3236.63,100
3249,10:26:04,$ 3235.465,100
3250,10:26:00,$ 3235.325,100
3251,10:25:59,$ 3235.11,100
3252,10:25:57,$ 3235.80,104
3253,10:25:57,$ 3235.48,300
3254,10:25:56,$ 3234.76,100
3255,10:25:56,$ 3234.76,100
3256,10:25:56,$ 3234.76,100
3257,10:25:56,$ 3234.76,100
3258,10:25:53,$ 3234.17,500
3259,10:25:52,$ 3234.57,400
3260,10:25:46,$ 3234.63,100
3261,10:25:43,$ 3233.62,100
3262,10:25:33,$ 3233.96,500
3264,10:25:11,$ 3233.805,100
3265,10:25:03,$ 3234.765,100
3266,10:25:01,$ 3233.23,100
3267,10:25:01,$ 3233.23,100
3268,10:25:01,$ 3233.23,112
3269,10:25:01,$ 3233.23,100
3270,10:25:00,$ 3233.31,100
3271,10:24:52,$ 3233.607,500
3272,10:24:50,$ 3234.00,100
3273,10:24:50,$ 3234.00,100
3274,10:24:50,$ 3234.00,100
3275,10:24:50,$ 3234.00,159
3276,10:24:38,$ 3233.906,100
3277,10:24:38,$ 3235.00,100
3278,10:24:32,$ 3235.20,100
3279,10:24:28,$ 3236.20,100
3280,10:24:28,$ 3236.21,100
3281,10:24:28,$ 3236.21,100
3282,10:24:19,$ 3237.53,100
3283,10:24:17,$ 3238.44,100
3285,10:24:02,$ 3239.28,100
3286,10:23:32,$ 3240.00,188
3287,10:23:32,$ 3239.31,100
3288,10:23:32,$ 3239.94,100
3289,10:23:32,$ 3239.61,100
3290,10:23:32,$ 3239.71,100
3291,10:23:31,$ 3239.285,100
3292,10:23:18,$ 3238.27,100
3293,10:22:59,$ 3239.00,100
3294,10:22:54,$ 3239.32,100
3295,10:22:48,$ 3239.87,100
3296,10:22:48,$ 3239.70,100
3297,10:22:30,$ 3237.65,100
3298,10:22:24,$ 3236.813,367
3299,10:22:24,$ 3236.813,107
3300,10:22:19,$ 3238.17,500
3301,10:22:07,$ 3238.13,100
3302,10:22:03,$ 3238.135,500
3303,10:22:03,$ 3238.08,100
3304,10:22:02,$ 3238.77,100
3306,10:21:52,$ 3238.7094,100
3307,10:21:08,$ 3238.5801,260
3308,10:21:04,$ 3239.4801,100
3309,10:20:59,$ 3239.00,100
3310,10:20:50,$ 3238.915,100
3311,10:20:45,$ 3239.42,500
3312,10:20:45,$ 3238.90,100
3313,10:20:44,$ 3238.134,100
3314,10:20:36,$ 3236.33,100
3315,10:20:35,$ 3237.86,100
3316,10:20:33,$ 3236.208,100
3317,10:20:33,$ 3236.37,200
3318,10:20:29,$ 3237.05,100
3319,10:20:19,$ 3238.61,279
3320,10:20:19,$ 3239.74,100
3321,10:20:19,$ 3239.71,100
3322,10:20:19,$ 3239.70,100
3323,10:20:19,$ 3240.00,100
3324,10:20:17,$ 3240.505,100
3325,10:20:15,$ 3240.50,130
3327,10:20:05,$ 3240.0986,288
3328,10:20:03,$ 3240.35,100
3329,10:19:55,$ 3241.56,100
3330,10:19:53,$ 3241.06,100
3331,10:19:53,$ 3241.05,100
3332,10:19:53,$ 3240.99,100
3333,10:19:35,$ 3241.1179,150
3334,10:19:24,$ 3241.94,100
3335,10:19:16,$ 3244.4223,412
3336,10:19:16,$ 3244.27,100
3337,10:19:15,$ 3244.515,200
3338,10:19:15,$ 3244.0103,140
3339,10:19:15,$ 3244.515,300
3340,10:19:09,$ 3244.50,100
3341,10:19:05,$ 3245.69,400
3342,10:19:02,$ 3244.50,100
3343,10:19:02,$ 3244.30,100
3344,10:19:01,$ 3243.60,100
3345,10:18:52,$ 3241.00,500
3346,10:18:50,$ 3241.69,100
3348,10:18:44,$ 3240.0296,318
3349,10:18:44,$ 3240.0129,177
3350,10:18:44,$ 3240.96,100
3351,10:18:44,$ 3240.84,165
3352,10:18:40,$ 3239.40,100
3353,10:18:39,$ 3240.00,100
3354,10:18:39,$ 3240.00,100
3355,10:18:38,$ 3240.00,200
3356,10:18:38,$ 3239.99,100
3357,10:18:34,$ 3240.47,100
3358,10:18:34,$ 3240.63,100
3359,10:18:27,$ 3241.74,500
3360,10:18:26,$ 3241.6684,100
3361,10:18:26,$ 3240.9007,100
3362,10:18:25,$ 3240.74,100
3363,10:18:21,$ 3240.065,100
3364,10:18:18,$ 3240.00,165
3365,10:18:18,$ 3240.00,100
3366,10:18:11,$ 3238.41,100
3367,10:18:11,$ 3238.49,100
3369,10:18:11,$ 3238.50,100
3370,10:17:59,$ 3238.49,100
3371,10:17:52,$ 3237.22,125
3372,10:17:50,$ 3237.425,200
3373,10:17:47,$ 3237.72,100
3374,10:17:47,$ 3237.72,100
3375,10:17:45,$ 3237.28,100
3376,10:17:35,$ 3238.33,100
3377,10:17:34,$ 3237.98,100
3378,10:17:30,$ 3238.37,300
3379,10:17:27,$ 3237.12,100
3380,10:17:27,$ 3237.16,100
3381,10:17:22,$ 3239.406,100
3382,10:17:20,$ 3238.83,250
3383,10:17:13,$ 3239.1815,118
3384,10:17:13,$ 3239.1815,308
3385,10:17:11,$ 3239.50,115
3386,10:17:11,$ 3239.45,100
3387,10:17:11,$ 3239.50,100
3388,10:17:09,$ 3239.015,110
3390,10:17:07,$ 3238.53,100
3391,10:16:58,$ 3238.459,375
3392,10:16:58,$ 3238.071,100
3393,10:16:51,$ 3238.74,100
3394,10:16:35,$ 3237.62,100
3395,10:16:28,$ 3236.61,100
3396,10:16:27,$ 3237.005,"1,000"
3397,10:16:24,$ 3236.87,100
3398,10:16:15,$ 3238.4327,100
3399,10:16:14,$ 3236.97,100
3400,10:16:13,$ 3237.405,440
3401,10:16:10,$ 3237.71,100
3402,10:16:06,$ 3238.30,100
3403,10:16:03,$ 3239.6771,100
3404,10:15:59,$ 3238.64,100
3405,10:15:54,$ 3238.24,100
3406,10:15:43,$ 3238.54,100
3407,10:15:32,$ 3238.60,100
3408,10:15:21,$ 3238.65,100
3409,10:15:21,$ 3239.8281,100
3411,10:15:21,$ 3239.09,100
3412,10:15:09,$ 3240.71,100
3413,10:15:04,$ 3241.995,100
3414,10:15:02,$ 3242.7915,100
3415,10:14:34,$ 3241.36,100
3416,10:14:34,$ 3241.36,100
3417,10:14:34,$ 3241.36,100
3418,10:14:33,$ 3241.36,100
3419,10:14:33,$ 3241.36,100
3420,10:14:33,$ 3241.37,100
3421,10:14:31,$ 3241.36,100
3422,10:14:31,$ 3241.36,100
3423,10:14:30,$ 3241.37,100
3424,10:14:30,$ 3241.36,109
3425,10:14:30,$ 3241.36,100
3426,10:14:30,$ 3241.36,100
3427,10:14:30,$ 3240.27,100
3428,10:14:30,$ 3240.31,100
3429,10:14:30,$ 3240.37,100
3430,10:14:30,$ 3240.44,100
3432,10:14:30,$ 3240.46,100
3433,10:14:26,$ 3240.68,100
3434,10:14:26,$ 3240.68,200
3435,10:14:00,$ 3240.0201,100
3436,10:13:58,$ 3240.59,100
3437,10:13:33,$ 3242.21,100
3438,10:13:31,$ 3242.16,100
3439,10:13:24,$ 3242.02,100
3440,10:13:21,$ 3241.8161,100
3441,10:13:21,$ 3241.8161,100
3442,10:13:21,$ 3241.76,100
3443,10:13:21,$ 3241.844,100
3444,10:13:21,$ 3241.8161,100
3445,10:13:21,$ 3241.71,100
3446,10:13:21,$ 3241.42,100
3447,10:13:12,$ 3242.00,580
3448,10:13:10,$ 3243.12,100
3449,10:13:10,$ 3243.66,100
3450,10:12:59,$ 3243.57,100
3451,10:12:58,$ 3243.51,100
3453,10:12:57,$ 3242.945,100
3454,10:12:49,$ 3243.10,500
3455,10:12:49,$ 3242.42,100
3456,10:12:39,$ 3242.855,100
3457,10:12:35,$ 3242.24,100
3458,10:12:34,$ 3242.36,100
3459,10:12:20,$ 3242.6599,240
3460,10:12:11,$ 3243.11,100
3461,10:12:07,$ 3243.5857,200
3462,10:11:59,$ 3243.21,500
3463,10:11:53,$ 3244.12,200
3464,10:11:50,$ 3244.195,100
3465,10:11:50,$ 3244.205,450
3466,10:11:48,$ 3244.50,900
3467,10:11:48,$ 3244.50,100
3468,10:11:44,$ 3243.99,100
3469,10:11:40,$ 3242.86,100
3470,10:11:40,$ 3242.84,100
3471,10:11:12,$ 3243.61,500
3472,10:11:11,$ 3243.89,100
3474,10:11:10,$ 3243.40,100
3475,10:11:09,$ 3242.95,100
3476,10:11:08,$ 3242.30,100
3477,10:11:04,$ 3242.39,100
3478,10:11:02,$ 3242.41,500
3479,10:10:59,$ 3242.70,100
3480,10:10:58,$ 3243.00,100
3481,10:10:53,$ 3243.055,500
3482,10:10:52,$ 3242.50,100
3483,10:10:44,$ 3241.73,100
3484,10:10:43,$ 3242.213,500
3485,10:10:39,$ 3242.5883,500
3486,10:10:30,$ 3242.32,100
3487,10:10:26,$ 3242.7853,100
3488,10:10:21,$ 3242.15,100
3489,10:10:21,$ 3242.18,100
3490,10:10:19,$ 3241.74,100
3491,10:10:18,$ 3242.98,140
3492,10:10:18,$ 3243.435,100
3493,10:10:16,$ 3243.3605,200
3495,10:10:09,$ 3242.00,100
3496,10:10:08,$ 3241.28,100
3497,10:10:08,$ 3241.28,106
3498,10:10:08,$ 3241.28,300
3499,10:10:07,$ 3241.96,100
3500,10:09:39,$ 3241.00,100
3501,10:09:38,$ 3240.725,100
3502,10:09:30,$ 3240.36,100
3503,10:09:27,$ 3239.865,500
3504,10:09:26,$ 3240.39,100
3505,10:09:24,$ 3240.905,101
3506,10:09:24,$ 3241.21,100
3507,10:09:24,$ 3241.21,100
3508,10:09:15,$ 3241.84,100
3509,10:09:14,$ 3242.377,249
3510,10:09:14,$ 3242.377,210
3511,10:09:13,$ 3241.1924,100
3512,10:09:13,$ 3241.43,100
3513,10:09:09,$ 3241.115,100
3514,10:09:06,$ 3241.53,100
3516,10:09:06,$ 3241.47,100
3517,10:08:59,$ 3240.12,100
3518,10:08:58,$ 3240.11,100
3519,10:08:58,$ 3240.11,100
3520,10:08:55,$ 3240.49,100
3521,10:08:55,$ 3240.48,892
3522,10:08:51,$ 3239.85,100
3523,10:08:50,$ 3239.54,100
3524,10:08:46,$ 3239.12,100
3525,10:08:45,$ 3239.09,100
3526,10:08:41,$ 3237.67,100
3527,10:08:40,$ 3237.11,210
3528,10:08:40,$ 3237.24,100
3529,10:07:59,$ 3237.00,100
3530,10:07:56,$ 3236.38,100
3531,10:07:47,$ 3237.795,100
3532,10:07:41,$ 3238.125,100
3533,10:07:29,$ 3238.04,100
3534,10:07:18,$ 3236.85,100
3535,10:07:13,$ 3236.675,100
3537,10:07:13,$ 3236.745,100
3538,10:07:11,$ 3236.00,100
3539,10:07:07,$ 3237.02,100
3540,10:07:02,$ 3237.20,100
3541,10:07:01,$ 3237.705,100
3542,10:07:01,$ 3237.825,100
3543,10:07:01,$ 3237.82,100
3544,10:06:56,$ 3237.91,101
3545,10:06:50,$ 3239.31,100
3546,10:06:50,$ 3239.39,100
3547,10:06:50,$ 3239.275,100
3548,10:06:50,$ 3239.44,100
3549,10:06:50,$ 3239.19,100
3550,10:06:50,$ 3239.20,100
3551,10:06:45,$ 3238.50,100
3552,10:06:44,$ 3238.00,109
3553,10:06:44,$ 3237.85,100
3554,10:06:43,$ 3237.175,500
3555,10:06:42,$ 3238.51,100
3556,10:06:42,$ 3238.52,100
3558,10:06:42,$ 3238.57,205
3559,10:06:42,$ 3238.67,100
3560,10:06:42,$ 3238.64,100
3561,10:06:36,$ 3236.885,500
3562,10:06:36,$ 3237.345,100
3563,10:06:28,$ 3237.7711,100
3564,10:06:16,$ 3239.0387,100
3565,10:06:14,$ 3238.85,500
3566,10:06:14,$ 3238.61,100
3567,10:06:13,$ 3239.28,100
3568,10:06:08,$ 3240.17,100
3569,10:06:08,$ 3239.57,100
3570,10:06:03,$ 3239.4808,297
3571,10:06:01,$ 3238.65,500
3572,10:06:00,$ 3239.00,500
3573,10:06:00,$ 3238.59,100
3574,10:05:51,$ 3238.80,100
3575,10:05:50,$ 3237.905,100
3576,10:05:38,$ 3238.80,100
3577,10:05:35,$ 3238.84,174
3579,10:05:27,$ 3238.9316,155
3580,10:05:18,$ 3239.00,100
3581,10:05:13,$ 3238.645,100
3582,10:05:07,$ 3239.78,100
3583,10:05:04,$ 3238.85,100
3584,10:05:03,$ 3239.05,100
3585,10:05:03,$ 3239.77,100
3586,10:05:00,$ 3240.43,100
3587,10:04:58,$ 3239.575,100
3588,10:04:55,$ 3239.2001,100
3589,10:04:54,$ 3239.87,100
3590,10:04:42,$ 3240.05,100
3591,10:04:41,$ 3240.305,100
3592,10:04:40,$ 3240.60,100
3593,10:04:31,$ 3240.615,500
3594,10:04:29,$ 3241.25,230
3595,10:04:23,$ 3240.4898,100
3596,10:04:21,$ 3240.1861,100
3597,10:04:20,$ 3240.64,100
3598,10:04:15,$ 3240.48,100
3600,10:04:11,$ 3240.8436,100
3601,10:04:07,$ 3241.265,100
3602,10:04:06,$ 3241.23,100
3603,10:04:05,$ 3240.55,100
3604,10:04:04,$ 3240.6738,100
3605,10:04:01,$ 3240.72,100
3606,10:03:56,$ 3239.40,200
3607,10:03:54,$ 3239.005,101
3608,10:03:45,$ 3239.66,100
3609,10:03:44,$ 3239.38,100
3610,10:03:44,$ 3239.58,100
3611,10:03:30,$ 3238.51,180
3612,10:03:27,$ 3238.075,100
3613,10:03:27,$ 3237.83,100
3614,10:03:24,$ 3238.8832,375
3615,10:03:24,$ 3239.53,100
3616,10:03:15,$ 3240.89,100
3617,10:03:15,$ 3241.00,200
3618,10:03:15,$ 3241.00,100
3619,10:03:15,$ 3241.03,100
3621,10:03:14,$ 3240.06,100
3622,10:03:14,$ 3240.00,100
3623,10:03:09,$ 3238.94,100
3624,10:03:09,$ 3238.93,100
3625,10:02:54,$ 3235.855,368
3626,10:02:51,$ 3235.455,100
3627,10:02:50,$ 3235.35,100
3628,10:02:50,$ 3234.89,100
3629,10:02:50,$ 3234.89,100
3630,10:02:49,$ 3234.00,100
3631,10:02:41,$ 3233.50,100
3632,10:02:37,$ 3234.18,100
3633,10:02:36,$ 3235.81,100
3634,10:02:29,$ 3236.27,100
3635,10:02:20,$ 3235.9901,250
3636,10:02:08,$ 3235.21,100
3637,10:02:08,$ 3235.19,100
3638,10:02:08,$ 3236.38,100
3639,10:02:07,$ 3236.99,100
3640,10:02:02,$ 3236.95,100
3642,10:02:00,$ 3237.56,100
3643,10:02:00,$ 3237.58,100
3644,10:01:59,$ 3237.22,195
3645,10:01:59,$ 3236.70,100
3646,10:01:59,$ 3235.52,100
3647,10:01:59,$ 3235.625,100
3648,10:01:59,$ 3235.52,100
3649,10:01:59,$ 3235.47,300
3650,10:01:58,$ 3236.35,100
3651,10:01:56,$ 3236.395,100
3652,10:01:55,$ 3236.80,100
3653,10:01:54,$ 3236.16,100
3654,10:01:50,$ 3235.6502,100
3655,10:01:45,$ 3236.87,100
3656,10:01:44,$ 3236.155,106
3657,10:01:42,$ 3236.39,100
3658,10:01:42,$ 3236.37,100
3659,10:01:34,$ 3236.95,100
3660,10:01:27,$ 3235.6323,100
3661,10:01:23,$ 3235.255,150
3663,10:01:20,$ 3234.64,100
3664,10:01:20,$ 3234.54,100
3665,10:01:20,$ 3234.68,100
3666,10:01:20,$ 3234.92,200
3667,10:01:18,$ 3234.00,100
3668,10:01:18,$ 3234.2098,100
3669,10:01:11,$ 3233.98,100
3670,10:01:11,$ 3233.98,100
3671,10:01:10,$ 3234.05,100
3672,10:01:08,$ 3236.25,100
3673,10:01:05,$ 3236.41,100
3674,10:01:05,$ 3236.41,200
3675,10:01:05,$ 3237.395,100
3676,10:01:05,$ 3237.395,100
3677,10:01:05,$ 3237.445,100
3678,10:01:05,$ 3237.50,200
3679,10:01:05,$ 3237.67,100
3680,10:01:00,$ 3237.00,100
3681,10:00:58,$ 3236.50,100
3682,10:00:58,$ 3236.50,154
3684,10:00:58,$ 3236.50,100
3685,10:00:58,$ 3236.83,100
3686,10:00:58,$ 3237.14,100
3687,10:00:58,$ 3237.09,100
3688,10:00:58,$ 3237.01,100
3689,10:00:58,$ 3236.93,100
3690,10:00:58,$ 3236.83,100
3691,10:00:56,$ 3237.565,500
3692,10:00:54,$ 3236.49,100
3693,10:00:52,$ 3236.97,100
3694,10:00:50,$ 3236.60,100
3695,10:00:47,$ 3237.99,156
3696,10:00:47,$ 3238.00,223
3697,10:00:47,$ 3237.97,100
3698,10:00:47,$ 3237.99,400
3699,10:00:47,$ 3237.88,100
3700,10:00:47,$ 3237.99,100
3701,10:00:45,$ 3237.76,100
3702,10:00:44,$ 3236.97,200
3703,10:00:43,$ 3236.92,100
3705,10:00:43,$ 3236.82,100
3706,10:00:43,$ 3236.82,100
3707,10:00:43,$ 3237.48,100
3708,10:00:43,$ 3237.48,148
3709,10:00:42,$ 3237.475,500
3710,10:00:41,$ 3237.93,200
3711,10:00:41,$ 3237.89,100
3712,10:00:41,$ 3237.865,100
3713,10:00:41,$ 3237.93,200
3714,10:00:41,$ 3237.905,100
3715,10:00:41,$ 3237.965,100
3716,10:00:41,$ 3237.99,100
3717,10:00:40,$ 3237.1441,100
3718,10:00:39,$ 3237.42,100
3719,10:00:39,$ 3237.42,100
3720,10:00:37,$ 3234.3356,500
3721,10:00:36,$ 3233.00,245
3722,10:00:36,$ 3234.49,100
3723,10:00:36,$ 3234.53,100
3724,10:00:36,$ 3234.63,100
3726,10:00:36,$ 3234.31,100
3727,10:00:36,$ 3234.29,100
3728,10:00:36,$ 3233.00,100
3729,10:00:36,$ 3233.00,100
3730,10:00:36,$ 3236.74,100
3731,10:00:36,$ 3236.68,100
3732,10:00:36,$ 3236.67,100
3733,10:00:36,$ 3236.67,100
3734,10:00:32,$ 3237.7012,100
3735,10:00:28,$ 3237.46,100
3736,10:00:28,$ 3237.40,100
3737,10:00:27,$ 3236.79,100
3738,10:00:27,$ 3236.89,100
3739,10:00:27,$ 3235.71,400
3740,10:00:23,$ 3234.33,100
3741,10:00:23,$ 3234.19,100
3742,10:00:18,$ 3232.76,100
3743,10:00:18,$ 3233.51,100
3744,10:00:18,$ 3232.80,100
3745,10:00:13,$ 3232.625,100
3747,10:00:11,$ 3231.945,100
3748,10:00:08,$ 3231.165,100
3749,10:00:08,$ 3232.4686,309
3750,10:00:08,$ 3231.86,107
3751,10:00:08,$ 3231.86,100
3752,10:00:08,$ 3231.86,100
3753,10:00:07,$ 3231.6939,206
3754,10:00:06,$ 3231.00,100
3755,10:00:02,$ 3229.72,100
3756,10:00:02,$ 3230.14,100
3757,10:00:02,$ 3229.86,100
3759,10:59:55,$ 3250.42,100
3760,10:59:53,$ 3249.24,100
3761,10:59:53,$ 3249.24,100
3762,10:59:50,$ 3249.1076,200
3763,10:59:47,$ 3249.31,100
3764,10:59:33,$ 3249.22,100
3765,10:59:29,$ 3249.80,100
3766,10:59:27,$ 3250.33,100
3767,10:59:25,$ 3249.6278,100
3768,10:59:22,$ 3250.088,100
3769,10:59:09,$ 3248.80,100
3770,10:59:02,$ 3248.745,120
3771,10:58:56,$ 3248.31,"1,000"
3772,10:58:56,$ 3248.5602,100
3773,10:58:53,$ 3247.87,100
3774,10:58:49,$ 3247.76,100
3775,10:58:49,$ 3247.73,100
3776,10:58:49,$ 3247.62,100
3777,10:58:49,$ 3247.62,206
3778,10:58:38,$ 3248.47,100
3780,10:58:31,$ 3249.30,100
3781,10:58:29,$ 3249.56,500
3782,10:58:16,$ 3249.09,100
3783,10:58:11,$ 3248.20,143
3784,10:58:11,$ 3248.17,100
3785,10:58:05,$ 3247.35,100
3786,10:58:03,$ 3247.35,500
3787,10:58:02,$ 3246.825,110
3788,10:57:52,$ 3246.04,137
3789,10:57:48,$ 3246.7174,100
3790,10:57:27,$ 3246.90,109
3791,10:57:22,$ 3247.04,100
3792,10:57:16,$ 3247.565,500
3793,10:57:10,$ 3248.77,100
3794,10:57:10,$ 3248.77,100
3795,10:57:10,$ 3248.78,100
3796,10:57:10,$ 3248.74,100
3797,10:57:10,$ 3248.74,100
3798,10:57:09,$ 3248.73,100
3799,10:57:09,$ 3248.73,100
3801,10:57:09,$ 3248.655,100
3802,10:57:09,$ 3248.70,100
3803,10:56:58,$ 3248.77,100
3804,10:56:52,$ 3248.81,100
3805,10:56:46,$ 3247.835,100
3806,10:56:36,$ 3247.6803,300
3807,10:56:36,$ 3247.425,100
3808,10:56:24,$ 3246.9466,100
3809,10:56:22,$ 3247.31,100
3810,10:56:19,$ 3248.58,100
3811,10:56:11,$ 3249.5751,100
3812,10:56:11,$ 3248.57,100
3813,10:56:10,$ 3248.355,100
3814,10:56:10,$ 3248.74,100
3815,10:56:10,$ 3248.42,100
3816,10:55:58,$ 3248.89,100
3817,10:55:58,$ 3249.04,100
3818,10:55:57,$ 3249.93,144
3819,10:55:56,$ 3249.66,100
3820,10:55:49,$ 3250.04,100
3822,10:55:49,$ 3249.80,100
3823,10:55:49,$ 3249.76,100
3824,10:55:49,$ 3249.77,100
3825,10:55:48,$ 3249.31,100
3826,10:55:48,$ 3249.23,100
3827,10:55:44,$ 3249.46,100
3828,10:55:44,$ 3249.40,100
3829,10:55:42,$ 3249.80,100
3830,10:55:30,$ 3249.53,100
3831,10:55:24,$ 3249.22,100
3832,10:55:24,$ 3249.22,100
3833,10:55:22,$ 3249.15,209
3834,10:55:20,$ 3249.14,100
3835,10:55:19,$ 3248.95,100
3836,10:55:19,$ 3248.95,100
3837,10:55:19,$ 3248.95,100
3838,10:55:19,$ 3248.95,255
3839,10:55:19,$ 3249.12,100
3840,10:55:19,$ 3249.11,100
3841,10:55:08,$ 3249.79,100
3843,10:55:06,$ 3250.25,100
3844,10:55:05,$ 3250.08,100
3845,10:55:05,$ 3250.06,200
3846,10:55:05,$ 3250.125,100
3847,10:55:05,$ 3250.14,100
3848,10:55:05,$ 3250.25,110
3849,10:55:02,$ 3250.49,130
3850,10:55:02,$ 3250.4204,200
3851,10:54:54,$ 3250.344,135
3852,10:54:54,$ 3251.2377,226
3853,10:54:54,$ 3251.2377,307
3854,10:54:50,$ 3250.01,116
3855,10:54:37,$ 3250.35,100
3856,10:54:29,$ 3249.72,100
3857,10:54:29,$ 3249.72,100
3858,10:54:21,$ 3250.0655,100
3859,10:54:16,$ 3250.29,100
3860,10:54:16,$ 3250.30,100
3861,10:54:13,$ 3250.12,289
3862,10:54:13,$ 3250.12,102
3864,10:54:13,$ 3250.13,100
3865,10:54:10,$ 3249.72,100
3866,10:54:02,$ 3249.475,500
3867,10:54:00,$ 3250.19,100
3868,10:53:54,$ 3250.22,100
3869,10:53:54,$ 3250.29,100
3870,10:53:54,$ 3250.30,149
3871,10:53:49,$ 3249.99,100
3872,10:53:48,$ 3250.12,150
3873,10:53:40,$ 3250.98,500
3874,10:53:39,$ 3250.13,100
3875,10:53:39,$ 3250.39,100
3876,10:53:36,$ 3250.02,131
3877,10:53:36,$ 3250.01,100
3878,10:53:34,$ 3251.1565,122
3879,10:53:32,$ 3250.50,100
3880,10:53:26,$ 3250.58,100
3881,10:53:25,$ 3250.765,200
3882,10:53:25,$ 3250.765,100
3883,10:53:21,$ 3250.69,100
3885,10:53:17,$ 3250.16,138
3886,10:53:16,$ 3250.27,100
3887,10:53:14,$ 3250.85,123
3888,10:53:11,$ 3250.85,100
3889,10:53:11,$ 3251.17,100
3890,10:53:11,$ 3250.85,172
3891,10:53:07,$ 3250.92,100
3892,10:53:06,$ 3249.47,341
3893,10:53:06,$ 3249.77,185
3894,10:53:04,$ 3250.19,107
3895,10:53:03,$ 3249.87,121
3896,10:53:00,$ 3249.77,142
3897,10:52:55,$ 3249.77,100
3898,10:52:52,$ 3249.98,100
3899,10:52:50,$ 3249.39,200
3900,10:52:47,$ 3249.74,100
3901,10:52:45,$ 3249.2431,100
3902,10:52:40,$ 3250.21,100
3903,10:52:39,$ 3250.7975,200
3904,10:52:30,$ 3252.005,100
3906,10:52:27,$ 3251.325,500
