,NLS Time (ET),NLS Price,NLS Share Volume
1,09:59:57,$ 3258.68,100
2,09:59:47,$ 3259.01,171
3,09:59:47,$ 3259.01,100
4,09:59:47,$ 3259.00,380
5,09:59:47,$ 3259.00,100
6,09:59:40,$ 3259.355,100
7,09:59:35,$ 3259.80,100
8,09:59:35,$ 3259.59,100
9,09:59:33,$ 3260.03,100
10,09:59:33,$ 3259.96,100
11,09:59:23,$ 3259.30,100
12,09:59:20,$ 3258.97,100
13,09:59:19,$ 3260.00,100
14,09:59:16,$ 3260.43,100
15,09:59:12,$ 3259.01,410
16,09:59:11,$ 3258.70,100
17,09:59:10,$ 3259.01,201
18,09:59:07,$ 3258.56,100
19,09:59:05,$ 3257.895,100
20,09:59:05,$ 3256.94,100
22,09:59:05,$ 3256.495,123
23,09:59:05,$ 3256.90,100
24,09:59:05,$ 3256.92,100
25,09:59:05,$ 3256.92,100
26,09:59:05,$ 3256.93,100
27,09:59:05,$ 3256.93,107
28,09:59:05,$ 3256.93,100
29,09:59:05,$ 3256.92,100
30,09:59:03,$ 3256.62,100
31,09:59:03,$ 3256.57,100
32,09:59:03,$ 3257.01,100
33,09:59:01,$ 3257.48,100
34,09:59:01,$ 3257.49,100
35,09:59:01,$ 3257.52,100
36,09:59:00,$ 3257.485,100
37,09:58:55,$ 3257.485,100
38,09:58:52,$ 3257.485,300
39,09:58:51,$ 3257.483,500
40,09:58:50,$ 3258.00,100
41,09:58:49,$ 3258.49,100
43,09:58:47,$ 3258.505,100
44,09:58:47,$ 3258.4699,200
45,09:58:46,$ 3258.38,100
46,09:58:46,$ 3258.94,100
47,09:58:46,$ 3259.04,100
48,09:58:46,$ 3259.06,100
49,09:58:46,$ 3259.07,100
50,09:58:46,$ 3259.06,100
51,09:58:44,$ 3259.32,200
52,09:58:43,$ 3259.14,100
53,09:58:43,$ 3259.55,100
54,09:58:38,$ 3259.685,209
55,09:58:37,$ 3259.15,100
56,09:58:37,$ 3259.46,100
57,09:58:36,$ 3259.27,100
58,09:58:29,$ 3260.01,272
59,09:58:29,$ 3260.00,100
60,09:58:29,$ 3260.00,100
61,09:58:20,$ 3260.055,300
62,09:58:20,$ 3260.51,100
64,09:58:20,$ 3260.70,100
65,09:58:19,$ 3260.45,105
66,09:58:19,$ 3260.09,819
67,09:58:19,$ 3259.915,100
68,09:58:18,$ 3260.01,100
69,09:58:18,$ 3260.00,100
70,09:58:18,$ 3260.00,100
71,09:58:15,$ 3260.279,100
72,09:58:13,$ 3260.495,100
73,09:58:10,$ 3260.67,100
74,09:58:08,$ 3261.55,100
75,09:58:08,$ 3261.79,100
76,09:58:08,$ 3261.67,100
77,09:58:08,$ 3261.63,100
78,09:58:08,$ 3261.62,100
79,09:58:00,$ 3262.706,100
80,09:57:58,$ 3261.85,300
81,09:57:58,$ 3261.65,100
82,09:57:56,$ 3262.27,100
83,09:57:53,$ 3261.69,393
85,09:57:53,$ 3261.76,100
86,09:57:42,$ 3261.40,100
87,09:57:40,$ 3261.12,100
88,09:57:40,$ 3261.12,100
89,09:57:39,$ 3261.405,500
90,09:57:38,$ 3261.4897,300
91,09:57:22,$ 3261.5521,100
92,09:57:20,$ 3261.12,100
93,09:57:17,$ 3260.89,500
94,09:57:17,$ 3260.266,100
95,09:57:17,$ 3260.26,100
96,09:57:17,$ 3260.26,100
97,09:57:17,$ 3260.26,100
98,09:57:16,$ 3260.60,100
99,09:57:15,$ 3259.97,100
100,09:57:15,$ 3259.74,117
101,09:57:15,$ 3259.82,100
102,09:57:09,$ 3259.56,"1,000"
103,09:57:06,$ 3259.635,500
104,09:57:06,$ 3259.27,100
106,09:57:04,$ 3260.038,200
107,09:57:04,$ 3260.435,100
108,09:57:04,$ 3260.435,100
109,09:56:43,$ 3260.92,100
110,09:56:43,$ 3261.00,100
111,09:56:38,$ 3260.98,100
112,09:56:38,$ 3261.00,100
113,09:56:30,$ 3260.1089,146
114,09:56:27,$ 3260.485,100
115,09:56:24,$ 3260.00,100
116,09:56:23,$ 3260.925,100
117,09:56:23,$ 3261.00,150
118,09:56:16,$ 3261.4042,100
119,09:55:59,$ 3260.85,100
120,09:55:56,$ 3261.00,124
121,09:55:56,$ 3261.00,305
122,09:55:56,$ 3260.91,100
123,09:55:56,$ 3260.88,100
124,09:55:48,$ 3260.70,100
125,09:55:37,$ 3261.16,400
127,09:55:37,$ 3261.59,100
128,09:55:36,$ 3260.93,100
129,09:55:36,$ 3260.88,100
130,09:55:36,$ 3260.92,100
131,09:55:33,$ 3260.105,500
132,09:55:29,$ 3261.0999,100
133,09:55:26,$ 3260.575,100
134,09:55:26,$ 3260.60,100
135,09:55:26,$ 3261.16,100
136,09:55:24,$ 3260.595,100
137,09:55:20,$ 3260.62,100
138,09:55:20,$ 3260.00,111
139,09:55:20,$ 3260.70,100
140,09:55:15,$ 3260.435,100
141,09:55:13,$ 3260.435,100
142,09:55:12,$ 3260.83,100
143,09:55:12,$ 3260.01,100
144,09:55:12,$ 3260.01,306
145,09:55:06,$ 3260.075,100
146,09:55:06,$ 3260.075,100
148,09:55:05,$ 3259.96,100
149,09:55:05,$ 3259.97,100
150,09:55:02,$ 3259.505,100
151,09:55:02,$ 3259.995,100
152,09:55:02,$ 3259.81,110
153,09:55:01,$ 3259.09,100
154,09:55:01,$ 3259.665,100
155,09:55:01,$ 3260.00,100
156,09:55:01,$ 3259.995,100
157,09:55:01,$ 3260.00,100
158,09:55:01,$ 3259.09,100
159,09:55:01,$ 3260.00,100
160,09:55:01,$ 3260.00,100
161,09:55:00,$ 3260.49,100
162,09:54:55,$ 3260.26,100
163,09:54:55,$ 3260.03,100
164,09:54:53,$ 3259.91,100
165,09:54:53,$ 3260.00,100
166,09:54:52,$ 3260.46,100
167,09:54:51,$ 3260.63,100
169,09:54:51,$ 3260.63,100
170,09:54:51,$ 3260.34,100
171,09:54:40,$ 3259.04,500
172,09:54:39,$ 3260.19,100
173,09:54:39,$ 3260.09,100
174,09:54:36,$ 3259.98,100
175,09:54:30,$ 3261.77,100
176,09:54:25,$ 3261.26,100
177,09:54:25,$ 3261.58,100
178,09:54:25,$ 3260.9277,200
179,09:54:24,$ 3260.55,100
180,09:54:20,$ 3259.92,100
181,09:54:15,$ 3259.4625,100
182,09:54:15,$ 3259.4625,100
183,09:54:09,$ 3259.80,100
184,09:54:09,$ 3259.80,100
185,09:54:08,$ 3259.52,100
186,09:54:08,$ 3259.25,100
187,09:54:07,$ 3259.155,100
188,09:54:07,$ 3259.01,100
190,09:54:06,$ 3259.47,100
191,09:54:06,$ 3259.01,100
192,09:54:03,$ 3259.9225,100
193,09:54:03,$ 3259.9225,100
194,09:54:03,$ 3259.925,100
195,09:54:02,$ 3259.74,100
196,09:54:02,$ 3259.925,100
197,09:54:02,$ 3259.8225,100
198,09:54:02,$ 3259.71,100
199,09:53:58,$ 3260.2702,600
200,09:53:56,$ 3259.99,100
201,09:53:56,$ 3260.06,100
202,09:53:56,$ 3260.11,100
203,09:53:56,$ 3260.11,100
204,09:53:56,$ 3259.755,100
205,09:53:52,$ 3259.26,100
206,09:53:52,$ 3259.61,100
207,09:53:52,$ 3259.21,100
208,09:53:51,$ 3259.66,200
209,09:53:50,$ 3260.00,100
211,09:53:50,$ 3259.06,100
212,09:53:50,$ 3259.84,100
213,09:53:50,$ 3259.84,100
214,09:53:50,$ 3259.98,100
215,09:53:50,$ 3259.3633,150
216,09:53:50,$ 3260.00,250
217,09:53:50,$ 3260.00,400
218,09:53:50,$ 3260.00,100
219,09:53:50,$ 3260.00,106
220,09:53:50,$ 3260.00,100
221,09:53:49,$ 3260.1001,200
222,09:53:45,$ 3260.70,100
223,09:53:42,$ 3261.55,200
224,09:53:37,$ 3261.27,300
225,09:53:34,$ 3262.90,100
226,09:53:32,$ 3261.79,150
227,09:53:27,$ 3261.31,100
228,09:53:27,$ 3261.28,100
229,09:53:27,$ 3260.78,100
230,09:53:27,$ 3260.78,100
232,09:53:26,$ 3260.63,100
233,09:53:26,$ 3260.965,100
234,09:53:26,$ 3260.78,100
235,09:53:26,$ 3261.15,100
236,09:53:26,$ 3261.03,100
237,09:53:26,$ 3261.02,100
238,09:53:26,$ 3262.15,100
239,09:53:26,$ 3262.34,100
240,09:53:26,$ 3261.90,100
241,09:53:26,$ 3261.94,100
242,09:53:26,$ 3262.36,100
243,09:53:26,$ 3261.90,100
244,09:53:26,$ 3260.00,199
245,09:53:26,$ 3261.26,100
246,09:53:26,$ 3261.23,100
247,09:53:26,$ 3261.00,100
248,09:53:26,$ 3260.36,100
249,09:53:26,$ 3262.75,100
250,09:53:25,$ 3262.80,100
251,09:53:22,$ 3262.91,100
253,09:53:21,$ 3262.205,100
254,09:53:18,$ 3261.35,228
255,09:53:10,$ 3261.24,100
256,09:53:10,$ 3261.4873,200
257,09:53:10,$ 3262.1018,150
258,09:53:09,$ 3261.23,100
259,09:53:09,$ 3261.40,122
260,09:53:09,$ 3261.27,100
261,09:53:09,$ 3261.18,100
262,09:53:02,$ 3260.31,100
263,09:53:01,$ 3260.45,100
264,09:52:59,$ 3260.97,100
265,09:52:59,$ 3260.97,100
266,09:52:57,$ 3261.0456,100
267,09:52:47,$ 3262.385,500
268,09:52:41,$ 3261.66,100
269,09:52:41,$ 3261.75,100
270,09:52:41,$ 3262.00,100
271,09:52:34,$ 3262.83,100
272,09:52:32,$ 3262.915,100
274,09:52:28,$ 3264.64,200
275,09:52:25,$ 3263.64,100
276,09:52:21,$ 3263.865,100
277,09:52:20,$ 3263.97,100
278,09:52:20,$ 3263.96,100
279,09:52:20,$ 3263.93,100
280,09:52:20,$ 3264.22,194
281,09:52:20,$ 3264.22,194
282,09:52:20,$ 3264.22,100
283,09:52:20,$ 3263.93,100
284,09:52:19,$ 3263.93,494
285,09:52:18,$ 3263.93,100
286,09:52:18,$ 3263.93,100
287,09:52:18,$ 3263.93,100
288,09:52:14,$ 3263.93,100
289,09:52:14,$ 3263.93,100
290,09:52:14,$ 3263.93,200
291,09:52:13,$ 3263.64,100
292,09:52:11,$ 3263.42,100
293,09:52:11,$ 3263.42,100
295,09:52:11,$ 3263.42,112
296,09:52:06,$ 3263.315,100
297,09:52:06,$ 3263.315,100
298,09:52:05,$ 3263.03,100
299,09:52:05,$ 3263.00,100
300,09:52:05,$ 3263.025,100
301,09:52:05,$ 3263.00,100
302,09:52:04,$ 3262.775,200
303,09:52:03,$ 3262.47,100
304,09:51:59,$ 3262.50,236
305,09:51:57,$ 3263.03,100
306,09:51:56,$ 3263.26,100
307,09:51:53,$ 3263.674,250
308,09:51:52,$ 3263.67,100
309,09:51:51,$ 3263.80,200
310,09:51:47,$ 3263.35,100
311,09:51:47,$ 3263.0209,100
312,09:51:47,$ 3263.025,100
313,09:51:46,$ 3263.025,100
314,09:51:46,$ 3263.025,100
316,09:51:43,$ 3263.12,100
317,09:51:34,$ 3263.27,100
318,09:51:34,$ 3263.14,100
319,09:51:34,$ 3263.33,200
320,09:51:32,$ 3262.79,116
321,09:51:31,$ 3263.438,100
322,09:51:30,$ 3263.25,194
323,09:51:26,$ 3263.52,100
324,09:51:24,$ 3263.795,100
325,09:51:21,$ 3263.83,100
326,09:51:21,$ 3263.83,100
327,09:51:21,$ 3263.552,100
328,09:51:18,$ 3263.16,100
329,09:51:15,$ 3263.89,100
330,09:51:13,$ 3263.93,100
331,09:51:13,$ 3263.96,100
332,09:51:13,$ 3264.12,100
333,09:51:13,$ 3263.71,100
334,09:51:13,$ 3263.47,100
335,09:51:10,$ 3263.59,100
337,09:51:10,$ 3263.75,100
338,09:51:10,$ 3263.75,100
339,09:51:10,$ 3263.73,100
340,09:51:08,$ 3263.96,100
341,09:51:08,$ 3263.75,100
342,09:51:08,$ 3263.735,100
343,09:51:08,$ 3263.83,300
344,09:51:08,$ 3263.9462,400
345,09:51:08,$ 3263.92,100
346,09:51:08,$ 3263.38,100
347,09:51:07,$ 3263.635,100
348,09:51:07,$ 3263.71,100
349,09:51:01,$ 3263.46,109
350,09:51:01,$ 3263.46,483
351,09:51:01,$ 3263.68,100
352,09:51:01,$ 3263.90,100
353,09:51:00,$ 3263.42,100
354,09:50:58,$ 3263.31,100
355,09:50:51,$ 3264.395,200
356,09:50:51,$ 3265.28,100
358,09:50:51,$ 3264.965,100
359,09:50:51,$ 3265.00,104
360,09:50:51,$ 3265.00,100
361,09:50:51,$ 3265.306,100
362,09:50:51,$ 3265.274,100
363,09:50:51,$ 3265.32,100
364,09:50:51,$ 3265.35,100
365,09:50:51,$ 3265.26,400
366,09:50:51,$ 3265.48,100
367,09:50:50,$ 3265.00,200
368,09:50:48,$ 3264.40,100
369,09:50:47,$ 3263.71,100
370,09:50:47,$ 3263.675,100
371,09:50:46,$ 3263.86,100
372,09:50:45,$ 3264.19,100
373,09:50:45,$ 3265.01,100
374,09:50:45,$ 3265.00,100
375,09:50:45,$ 3265.01,100
376,09:50:45,$ 3265.00,213
377,09:50:45,$ 3265.00,200
379,09:50:45,$ 3265.00,152
380,09:50:45,$ 3265.00,100
381,09:50:43,$ 3265.80,100
382,09:50:42,$ 3266.40,100
383,09:50:42,$ 3265.935,102
384,09:50:42,$ 3266.00,100
385,09:50:42,$ 3266.02,100
386,09:50:42,$ 3266.00,100
387,09:50:42,$ 3266.69,152
388,09:50:42,$ 3266.69,170
389,09:50:42,$ 3267.41,400
390,09:50:39,$ 3267.11,100
391,09:50:39,$ 3267.505,100
392,09:50:38,$ 3267.26,100
393,09:50:38,$ 3266.88,100
394,09:50:37,$ 3269.05,100
395,09:50:37,$ 3269.235,100
396,09:50:37,$ 3269.47,100
397,09:50:33,$ 3269.94,100
398,09:50:33,$ 3269.95,100
400,09:50:32,$ 3269.32,100
401,09:50:32,$ 3269.99,100
402,09:50:32,$ 3270.00,150
403,09:50:32,$ 3270.00,100
404,09:50:32,$ 3270.00,150
405,09:50:32,$ 3270.00,100
406,09:50:31,$ 3270.765,100
407,09:50:30,$ 3271.00,201
408,09:50:30,$ 3271.00,112
409,09:50:30,$ 3271.00,117
410,09:50:30,$ 3271.00,570
411,09:50:23,$ 3271.4743,108
412,09:50:19,$ 3271.73,101
413,09:50:14,$ 3272.00,100
414,09:50:14,$ 3272.00,100
415,09:50:14,$ 3272.00,100
416,09:50:12,$ 3271.76,100
417,09:50:10,$ 3271.90,100
418,09:50:07,$ 3272.00,100
419,09:50:05,$ 3272.48,100
421,09:49:56,$ 3273.49,100
422,09:49:48,$ 3273.45,100
423,09:49:48,$ 3273.45,100
424,09:49:42,$ 3273.16,100
425,09:49:42,$ 3273.16,100
426,09:49:27,$ 3272.37,200
427,09:49:26,$ 3272.2137,100
428,09:49:25,$ 3272.375,100
429,09:49:24,$ 3272.23,300
430,09:49:21,$ 3272.1596,300
431,09:49:18,$ 3272.9599,100
432,09:49:10,$ 3273.51,100
433,09:49:10,$ 3273.37,100
434,09:49:10,$ 3273.42,100
435,09:49:08,$ 3272.2538,134
436,09:49:06,$ 3272.46,200
437,09:49:00,$ 3272.59,100
438,09:48:57,$ 3272.215,100
439,09:48:57,$ 3272.24,100
440,09:48:56,$ 3271.98,100
442,09:48:56,$ 3272.28,100
443,09:48:51,$ 3273.565,500
444,09:48:22,$ 3274.70,100
445,09:48:22,$ 3274.67,100
446,09:48:22,$ 3274.62,100
447,09:48:20,$ 3275.28,100
448,09:48:20,$ 3275.36,100
449,09:48:20,$ 3275.36,100
450,09:48:20,$ 3275.37,100
451,09:48:20,$ 3275.37,200
452,09:48:12,$ 3275.00,100
453,09:48:11,$ 3275.03,100
454,09:48:10,$ 3274.86,106
455,09:48:06,$ 3274.35,100
456,09:47:56,$ 3275.37,100
457,09:47:52,$ 3274.43,100
458,09:47:52,$ 3274.43,100
459,09:47:52,$ 3275.00,100
460,09:47:50,$ 3275.37,100
461,09:47:50,$ 3275.37,100
463,09:47:50,$ 3275.37,100
464,09:47:50,$ 3275.37,119
465,09:47:49,$ 3274.41,100
466,09:47:42,$ 3276.64,100
467,09:47:42,$ 3276.38,100
468,09:47:38,$ 3276.915,100
469,09:47:36,$ 3277.77,100
470,09:47:36,$ 3277.77,100
471,09:47:34,$ 3277.01,200
472,09:47:34,$ 3276.405,200
473,09:47:23,$ 3276.94,100
474,09:47:18,$ 3276.48,100
475,09:47:18,$ 3276.03,383
476,09:47:18,$ 3276.03,472
477,09:47:12,$ 3276.50,100
478,09:47:12,$ 3276.52,100
479,09:47:12,$ 3276.52,100
480,09:47:05,$ 3276.00,100
481,09:47:03,$ 3275.5402,200
482,09:46:55,$ 3275.07,100
484,09:46:55,$ 3275.39,100
485,09:46:51,$ 3275.40,100
486,09:46:50,$ 3275.40,300
487,09:46:50,$ 3275.88,100
488,09:46:50,$ 3275.8804,100
489,09:46:50,$ 3276.87,100
490,09:46:45,$ 3276.98,100
491,09:46:44,$ 3276.54,100
492,09:46:42,$ 3275.87,100
493,09:46:42,$ 3276.54,100
494,09:46:42,$ 3276.54,100
495,09:46:42,$ 3276.27,100
496,09:46:36,$ 3275.49,100
497,09:46:36,$ 3275.70,100
498,09:46:36,$ 3275.80,100
499,09:46:36,$ 3275.7205,100
500,09:46:29,$ 3274.59,100
501,09:46:29,$ 3275.24,100
502,09:46:28,$ 3274.54,100
503,09:46:26,$ 3273.93,100
505,09:46:26,$ 3274.03,100
506,09:46:26,$ 3274.26,300
507,09:46:26,$ 3274.26,150
508,09:46:25,$ 3274.10,100
509,09:46:25,$ 3274.17,100
510,09:46:25,$ 3274.80,100
511,09:46:25,$ 3274.10,100
512,09:46:25,$ 3275.03,100
513,09:46:25,$ 3275.00,626
514,09:46:25,$ 3275.00,300
515,09:46:25,$ 3275.00,300
516,09:46:25,$ 3275.00,100
517,09:46:25,$ 3275.0004,100
518,09:46:25,$ 3275.02,100
519,09:46:25,$ 3275.57,100
520,09:46:22,$ 3276.04,100
521,09:46:22,$ 3277.00,100
522,09:46:21,$ 3277.50,100
523,09:46:13,$ 3277.48,100
524,09:46:13,$ 3278.675,100
526,09:46:12,$ 3278.44,100
527,09:46:12,$ 3277.765,100
528,09:46:12,$ 3277.77,100
529,09:46:12,$ 3277.765,100
530,09:46:12,$ 3278.18,100
531,09:46:12,$ 3278.54,100
532,09:46:12,$ 3278.105,100
533,09:46:12,$ 3278.30,100
534,09:46:01,$ 3279.2599,200
535,09:46:00,$ 3278.81,100
536,09:45:57,$ 3279.405,"5,151"
537,09:45:55,$ 3280.055,100
538,09:45:55,$ 3280.0468,500
539,09:45:53,$ 3280.055,100
540,09:45:50,$ 3280.23,100
541,09:45:45,$ 3278.80,100
542,09:45:43,$ 3278.54,100
543,09:45:42,$ 3277.96,100
544,09:45:42,$ 3277.865,100
545,09:45:37,$ 3277.8075,100
547,09:45:36,$ 3277.12,100
548,09:45:35,$ 3276.51,100
549,09:45:28,$ 3277.47,100
550,09:45:28,$ 3278.12,100
551,09:45:28,$ 3278.20,100
552,09:45:27,$ 3278.12,100
553,09:45:25,$ 3278.14,100
554,09:45:21,$ 3278.15,200
555,09:45:16,$ 3278.19,100
556,09:45:12,$ 3279.325,100
557,09:45:03,$ 3279.33,200
558,09:45:01,$ 3279.50,100
559,09:45:00,$ 3280.295,100
560,09:44:58,$ 3280.16,100
561,09:44:54,$ 3278.67,100
562,09:44:51,$ 3278.67,124
563,09:44:48,$ 3279.71,100
564,09:44:45,$ 3279.175,150
565,09:44:36,$ 3279.3093,125
566,09:44:36,$ 3279.035,541
568,09:44:35,$ 3279.035,100
569,09:44:33,$ 3279.00,100
570,09:44:32,$ 3279.50,104
571,09:44:29,$ 3279.55,100
572,09:44:24,$ 3280.15,100
573,09:44:01,$ 3280.01,100
574,09:43:20,$ 3281.38,100
575,09:43:17,$ 3281.94,100
576,09:43:15,$ 3281.94,100
577,09:43:13,$ 3281.94,100
578,09:43:06,$ 3281.37,300
579,09:43:03,$ 3280.00,100
580,09:43:03,$ 3280.05,100
581,09:43:01,$ 3279.82,100
582,09:42:58,$ 3280.00,100
583,09:42:58,$ 3280.005,100
584,09:42:58,$ 3279.96,100
585,09:42:58,$ 3279.455,100
586,09:42:54,$ 3279.455,100
587,09:42:44,$ 3280.245,100
589,09:42:44,$ 3280.245,100
590,09:42:44,$ 3280.25,100
591,09:42:43,$ 3280.14,100
592,09:42:37,$ 3279.14,100
593,09:42:32,$ 3279.28,100
594,09:42:32,$ 3279.12,100
595,09:42:32,$ 3279.12,300
596,09:42:31,$ 3280.27,100
597,09:42:28,$ 3279.37,300
598,09:42:28,$ 3278.86,"2,300"
599,09:42:28,$ 3280.24,100
600,09:42:28,$ 3279.85,100
601,09:42:26,$ 3280.00,300
602,09:42:26,$ 3280.58,100
603,09:42:19,$ 3280.7725,100
604,09:42:19,$ 3280.725,100
605,09:42:19,$ 3281.38,100
606,09:42:14,$ 3280.25,100
607,09:42:14,$ 3280.00,100
608,09:42:14,$ 3280.04,100
610,09:42:14,$ 3280.00,431
611,09:42:14,$ 3280.00,248
612,09:42:14,$ 3280.00,391
613,09:42:14,$ 3280.00,200
614,09:42:14,$ 3280.00,100
615,09:42:14,$ 3280.00,100
616,09:42:14,$ 3280.00,100
617,09:42:10,$ 3280.0001,100
618,09:42:10,$ 3280.25,100
619,09:42:04,$ 3281.16,826
620,09:42:01,$ 3281.22,100
621,09:41:52,$ 3281.44,100
622,09:41:52,$ 3281.44,100
623,09:41:52,$ 3281.26,100
624,09:41:52,$ 3281.42,100
625,09:41:48,$ 3281.48,100
626,09:41:48,$ 3283.2432,100
627,09:41:29,$ 3282.785,100
628,09:41:29,$ 3283.35,400
629,09:41:29,$ 3283.035,100
631,09:41:27,$ 3283.35,100
632,09:41:17,$ 3283.483,500
633,09:41:13,$ 3282.5201,148
634,09:41:09,$ 3283.665,100
635,09:41:08,$ 3283.655,100
636,09:41:06,$ 3284.08,100
637,09:41:05,$ 3284.10,100
638,09:41:03,$ 3283.66,100
639,09:41:03,$ 3283.35,100
640,09:41:03,$ 3283.38,100
641,09:41:03,$ 3282.70,100
642,09:40:45,$ 3285.05,100
643,09:40:45,$ 3285.00,100
644,09:40:44,$ 3285.4985,300
645,09:40:36,$ 3285.91,100
646,09:40:31,$ 3286.00,100
647,09:40:30,$ 3285.59,100
648,09:40:25,$ 3286.78,100
649,09:40:24,$ 3286.80,100
650,09:40:22,$ 3287.62,100
652,09:40:22,$ 3287.31,100
653,09:40:21,$ 3287.97,100
654,09:40:19,$ 3287.905,100
655,09:40:18,$ 3288.43,100
656,09:40:17,$ 3287.64,100
657,09:40:16,$ 3286.54,100
658,09:40:14,$ 3287.74,100
659,09:40:14,$ 3288.455,150
660,09:40:08,$ 3288.6351,300
661,09:40:08,$ 3289.24,100
662,09:40:08,$ 3289.25,100
663,09:40:05,$ 3288.5836,500
664,09:39:59,$ 3287.41,100
665,09:39:59,$ 3289.00,100
666,09:39:58,$ 3289.05,100
667,09:39:58,$ 3289.04,100
668,09:39:58,$ 3290.00,324
669,09:39:58,$ 3289.605,100
670,09:39:57,$ 3289.5624,100
671,09:39:57,$ 3289.105,100
673,09:39:56,$ 3289.8847,500
674,09:39:56,$ 3288.37,100
675,09:39:55,$ 3289.51,100
676,09:39:55,$ 3289.49,158
677,09:39:55,$ 3289.49,842
678,09:39:55,$ 3289.49,168
679,09:39:55,$ 3289.55,100
680,09:39:55,$ 3289.91,100
681,09:39:54,$ 3290.265,100
682,09:39:51,$ 3290.42,100
683,09:39:51,$ 3290.16,196
684,09:39:49,$ 3290.57,100
685,09:39:48,$ 3290.15,100
686,09:39:48,$ 3290.50,100
687,09:39:48,$ 3290.61,100
688,09:39:48,$ 3289.98,100
689,09:39:47,$ 3291.04,100
690,09:39:47,$ 3290.9465,200
691,09:39:47,$ 3290.79,100
692,09:39:44,$ 3290.575,100
694,09:39:44,$ 3290.46,100
695,09:39:42,$ 3290.03,100
696,09:39:42,$ 3289.99,100
697,09:39:42,$ 3290.00,183
698,09:39:42,$ 3290.00,419
699,09:39:42,$ 3290.00,100
700,09:39:42,$ 3290.00,115
701,09:39:41,$ 3289.49,100
702,09:39:39,$ 3289.26,100
703,09:39:35,$ 3288.71,100
704,09:39:35,$ 3288.545,100
705,09:39:32,$ 3289.4823,100
706,09:39:31,$ 3289.40,100
707,09:39:31,$ 3289.0175,100
708,09:39:31,$ 3289.435,100
709,09:39:29,$ 3288.75,100
710,09:39:28,$ 3288.76,100
711,09:39:28,$ 3288.19,100
712,09:39:28,$ 3288.7596,100
713,09:39:21,$ 3287.91,100
715,09:39:19,$ 3287.98,100
716,09:39:17,$ 3287.04,400
717,09:39:17,$ 3287.05,100
718,09:39:02,$ 3286.3812,300
719,09:39:01,$ 3286.28,300
720,09:39:01,$ 3286.54,100
721,09:38:59,$ 3287.1036,100
722,09:38:57,$ 3287.04,100
723,09:38:56,$ 3287.765,100
724,09:38:53,$ 3287.83,100
725,09:38:52,$ 3287.26,100
726,09:38:52,$ 3287.26,100
727,09:38:52,$ 3287.26,100
728,09:38:49,$ 3286.97,100
729,09:38:38,$ 3285.45,100
730,09:38:37,$ 3285.45,100
731,09:38:37,$ 3285.45,100
732,09:38:37,$ 3285.63,100
733,09:38:35,$ 3285.31,100
734,09:38:33,$ 3284.505,100
736,09:38:31,$ 3285.105,100
737,09:38:31,$ 3285.105,100
738,09:38:30,$ 3285.46,100
739,09:38:30,$ 3285.526,100
740,09:38:27,$ 3285.11,100
741,09:38:27,$ 3285.14,100
742,09:38:27,$ 3285.14,106
743,09:38:27,$ 3285.13,200
744,09:38:27,$ 3284.81,300
745,09:38:27,$ 3285.13,100
746,09:38:25,$ 3284.72,100
747,09:38:25,$ 3284.72,100
748,09:38:25,$ 3284.73,100
749,09:38:25,$ 3284.73,100
750,09:38:19,$ 3283.59,100
751,09:38:15,$ 3282.83,200
752,09:38:14,$ 3284.90,100
753,09:38:14,$ 3283.99,100
754,09:38:14,$ 3284.23,100
755,09:38:14,$ 3284.76,100
757,09:38:14,$ 3284.75,117
758,09:38:14,$ 3284.70,100
759,09:38:14,$ 3284.72,100
760,09:38:10,$ 3284.50,100
761,09:38:09,$ 3285.05,100
762,09:38:09,$ 3285.00,100
763,09:38:08,$ 3284.64,100
764,09:38:07,$ 3284.56,100
765,09:38:07,$ 3284.67,100
766,09:38:07,$ 3284.66,100
767,09:38:07,$ 3284.56,300
768,09:38:07,$ 3284.36,100
769,09:38:07,$ 3284.6665,100
770,09:38:07,$ 3284.9143,304
771,09:38:07,$ 3284.67,234
772,09:38:06,$ 3284.10,100
773,09:38:06,$ 3284.05,100
774,09:38:06,$ 3282.81,100
775,09:38:04,$ 3283.18,100
776,09:38:03,$ 3281.37,100
778,09:38:03,$ 3282.20,100
779,09:38:01,$ 3282.04,100
780,09:38:01,$ 3282.03,100
781,09:38:00,$ 3281.49,100
782,09:38:00,$ 3281.71,300
783,09:37:55,$ 3281.11,152
784,09:37:55,$ 3281.11,152
785,09:37:55,$ 3281.11,227
786,09:37:55,$ 3281.11,209
787,09:37:53,$ 3281.15,100
788,09:37:53,$ 3281.46,100
789,09:37:53,$ 3281.41,100
790,09:37:53,$ 3281.46,100
791,09:37:50,$ 3281.7281,200
792,09:37:48,$ 3282.04,100
793,09:37:48,$ 3282.03,100
794,09:37:45,$ 3282.0399,100
795,09:37:43,$ 3281.98,100
796,09:37:42,$ 3281.66,100
797,09:37:42,$ 3281.35,100
799,09:37:34,$ 3281.20,100
800,09:37:34,$ 3280.86,100
801,09:37:34,$ 3280.93,100
802,09:37:34,$ 3280.94,100
803,09:37:34,$ 3281.20,115
804,09:37:31,$ 3280.49,100
805,09:37:31,$ 3280.52,100
806,09:37:26,$ 3280.41,100
807,09:37:23,$ 3280.39,100
808,09:37:19,$ 3280.541,140
809,09:37:11,$ 3280.01,200
810,09:37:11,$ 3280.01,100
811,09:37:11,$ 3280.00,155
812,09:37:11,$ 3280.00,100
813,09:37:11,$ 3280.00,129
814,09:37:11,$ 3279.92,100
815,09:37:07,$ 3279.69,100
816,09:37:07,$ 3279.67,100
817,09:37:05,$ 3279.81,100
818,09:37:05,$ 3279.39,100
820,09:37:04,$ 3279.39,100
821,09:37:03,$ 3279.39,100
822,09:37:03,$ 3279.39,100
823,09:37:02,$ 3279.01,100
824,09:37:02,$ 3279.39,100
825,09:37:02,$ 3279.39,100
826,09:37:01,$ 3279.39,100
827,09:37:01,$ 3279.39,100
828,09:37:01,$ 3279.39,100
829,09:37:01,$ 3279.39,100
830,09:37:01,$ 3279.39,100
831,09:37:01,$ 3279.39,200
832,09:37:00,$ 3278.705,100
833,09:36:57,$ 3278.46,100
834,09:36:54,$ 3278.83,100
835,09:36:52,$ 3279.19,100
836,09:36:47,$ 3279.07,100
837,09:36:47,$ 3278.1637,100
838,09:36:38,$ 3277.61,100
839,09:36:32,$ 3279.10,100
841,09:36:30,$ 3278.585,100
842,09:36:29,$ 3279.2987,"1,823"
843,09:36:29,$ 3279.2987,119
844,09:36:28,$ 3278.77,100
845,09:36:28,$ 3278.75,100
846,09:36:28,$ 3278.66,200
847,09:36:21,$ 3280.8219,100
848,09:36:20,$ 3280.29,100
849,09:36:15,$ 3279.81,100
850,09:36:12,$ 3280.00,100
851,09:36:11,$ 3280.54,100
852,09:36:11,$ 3280.46,100
853,09:36:11,$ 3280.47,100
854,09:36:11,$ 3280.51,100
855,09:36:11,$ 3280.51,100
856,09:36:11,$ 3280.51,100
857,09:36:09,$ 3280.48,100
858,09:36:03,$ 3278.98,100
859,09:35:58,$ 3277.36,100
860,09:35:58,$ 3277.67,100
862,09:35:58,$ 3277.55,160
863,09:35:57,$ 3277.5501,100
864,09:35:44,$ 3279.61,125
865,09:35:40,$ 3279.97,100
866,09:35:39,$ 3280.53,100
867,09:35:34,$ 3280.53,100
868,09:35:34,$ 3280.53,100
869,09:35:33,$ 3280.45,100
870,09:35:33,$ 3280.34,100
871,09:35:30,$ 3279.44,100
872,09:35:30,$ 3279.99,100
873,09:35:29,$ 3277.8687,439
874,09:35:24,$ 3278.505,100
875,09:35:24,$ 3279.13,100
876,09:35:22,$ 3278.93,100
877,09:35:22,$ 3278.79,100
878,09:35:22,$ 3278.79,100
879,09:35:22,$ 3278.79,179
880,09:35:22,$ 3278.49,100
881,09:35:22,$ 3278.70,100
883,09:35:22,$ 3277.565,100
884,09:35:13,$ 3277.00,100
885,09:35:13,$ 3278.76,100
886,09:35:13,$ 3278.02,100
887,09:35:13,$ 3278.08,100
888,09:35:09,$ 3278.1438,100
889,09:35:05,$ 3278.43,100
890,09:35:05,$ 3278.69,100
891,09:35:02,$ 3277.97,100
892,09:35:02,$ 3277.98,100
893,09:35:02,$ 3277.33,100
894,09:34:47,$ 3277.33,100
895,09:34:36,$ 3276.30,100
896,09:34:36,$ 3276.39,100
897,09:34:31,$ 3275.71,100
898,09:34:29,$ 3275.83,100
899,09:34:22,$ 3275.64,100
900,09:34:22,$ 3275.10,100
901,09:34:21,$ 3275.4755,100
902,09:34:19,$ 3275.685,100
904,09:34:16,$ 3275.79,100
905,09:34:08,$ 3275.79,100
906,09:34:06,$ 3276.6445,300
907,09:34:01,$ 3275.10,100
908,09:34:01,$ 3275.80,100
909,09:34:01,$ 3276.01,100
910,09:33:50,$ 3276.50,145
911,09:33:44,$ 3277.23,100
912,09:33:44,$ 3276.89,100
913,09:33:42,$ 3277.79,100
914,09:33:42,$ 3278.33,100
915,09:33:42,$ 3278.00,100
916,09:33:27,$ 3280.01,100
917,09:33:27,$ 3280.27,100
918,09:33:27,$ 3280.05,100
919,09:33:27,$ 3280.11,100
920,09:33:27,$ 3280.02,100
921,09:33:24,$ 3279.59,100
922,09:33:23,$ 3279.41,100
923,09:33:20,$ 3279.84,100
925,09:33:20,$ 3280.54,100
926,09:33:20,$ 3279.275,100
927,09:33:20,$ 3279.275,100
928,09:33:20,$ 3279.275,100
929,09:33:17,$ 3279.70,100
930,09:33:14,$ 3279.8916,150
931,09:33:13,$ 3279.93,100
932,09:33:13,$ 3280.00,100
933,09:33:11,$ 3279.47,100
934,09:33:11,$ 3279.47,100
935,09:33:11,$ 3279.535,100
936,09:33:07,$ 3280.00,100
937,09:33:02,$ 3279.35,100
938,09:33:02,$ 3279.35,114
939,09:33:02,$ 3279.35,100
940,09:33:02,$ 3279.35,117
941,09:33:02,$ 3279.35,116
942,09:33:01,$ 3278.835,100
943,09:33:00,$ 3278.8325,100
944,09:33:00,$ 3278.8325,100
946,09:33:00,$ 3278.51,100
947,09:33:00,$ 3278.45,100
948,09:32:50,$ 3278.1901,238
949,09:32:49,$ 3279.93,131
950,09:32:49,$ 3279.00,131
951,09:32:49,$ 3279.18,100
952,09:32:43,$ 3279.2001,100
953,09:32:35,$ 3279.95,100
954,09:32:35,$ 3280.00,100
955,09:32:35,$ 3280.00,400
956,09:32:35,$ 3279.92,100
957,09:32:28,$ 3279.005,200
958,09:32:25,$ 3278.775,100
959,09:32:20,$ 3279.555,200
960,09:32:19,$ 3280.02,400
961,09:32:19,$ 3279.55,100
962,09:32:15,$ 3277.56,100
963,09:32:15,$ 3280.31,100
964,09:32:15,$ 3279.60,100
965,09:32:15,$ 3279.50,100
967,09:32:13,$ 3280.29,100
968,09:32:03,$ 3278.54,100
969,09:32:03,$ 3279.33,100
970,09:32:00,$ 3278.255,100
971,09:32:00,$ 3278.83,100
972,09:32:00,$ 3278.84,100
973,09:31:57,$ 3278.05,100
974,09:31:52,$ 3277.39,100
975,09:31:52,$ 3277.27,329
976,09:31:51,$ 3277.765,100
977,09:31:51,$ 3278.80,300
978,09:31:49,$ 3277.40,100
979,09:31:49,$ 3278.40,129
980,09:31:49,$ 3278.025,100
981,09:31:47,$ 3276.8784,200
982,09:31:44,$ 3277.20,100
983,09:31:44,$ 3277.20,100
984,09:31:42,$ 3277.15,100
985,09:31:42,$ 3277.405,100
986,09:31:41,$ 3276.69,100
988,09:31:38,$ 3277.256,100
989,09:31:38,$ 3276.99,100
990,09:31:38,$ 3278.00,100
991,09:31:38,$ 3278.42,100
992,09:31:38,$ 3277.95,100
993,09:31:38,$ 3276.73,100
994,09:31:38,$ 3277.00,120
995,09:31:38,$ 3278.025,100
996,09:31:38,$ 3277.2205,100
997,09:31:38,$ 3278.00,100
998,09:31:38,$ 3278.00,305
999,09:31:38,$ 3279.15,100
1000,09:31:38,$ 3278.96,100
1001,09:31:38,$ 3278.83,100
1002,09:31:38,$ 3278.83,100
1003,09:31:26,$ 3278.55,100
1004,09:31:19,$ 3279.53,100
1005,09:31:18,$ 3279.80,100
1006,09:31:18,$ 3279.525,100
1007,09:31:14,$ 3278.70,100
1009,09:31:14,$ 3279.5275,400
1010,09:31:09,$ 3280.55,100
1011,09:31:08,$ 3279.525,100
1012,09:31:07,$ 3280.07,100
1013,09:31:05,$ 3279.53,100
1014,09:31:03,$ 3279.085,100
1015,09:31:03,$ 3278.475,100
1016,09:31:03,$ 3278.61,100
1017,09:31:02,$ 3278.565,100
1018,09:31:02,$ 3279.10,100
1019,09:31:02,$ 3278.20,100
1020,09:31:02,$ 3278.87,100
1021,09:31:02,$ 3278.93,100
1022,09:31:02,$ 3278.23,100
1023,09:30:57,$ 3278.51,100
1024,09:30:55,$ 3278.5245,200
1025,09:30:55,$ 3279.55,100
1026,09:30:55,$ 3278.34,100
1027,09:30:54,$ 3280.00,100
1028,09:30:54,$ 3280.00,155
1030,09:30:54,$ 3280.00,200
1031,09:30:54,$ 3280.515,100
1032,09:30:54,$ 3280.55,100
1033,09:30:54,$ 3280.55,100
1034,09:30:54,$ 3281.05,383
1035,09:30:53,$ 3281.20,100
1036,09:30:52,$ 3281.60,100
1037,09:30:51,$ 3281.20,100
1038,09:30:48,$ 3282.5069,100
1039,09:30:43,$ 3282.02,100
1040,09:30:43,$ 3281.97,100
1041,09:30:43,$ 3282.39,100
1042,09:30:40,$ 3281.67,100
1043,09:30:40,$ 3282.32,100
1044,09:30:40,$ 3282.18,100
1045,09:30:40,$ 3282.01,152
1046,09:30:40,$ 3282.01,147
1047,09:30:40,$ 3282.01,100
1048,09:30:39,$ 3282.40,100
1049,09:30:39,$ 3282.86,100
1051,09:30:39,$ 3282.804,100
1052,09:30:39,$ 3282.55,100
1053,09:30:37,$ 3282.23,100
1054,09:30:32,$ 3283.25,587
1055,09:30:32,$ 3283.28,100
1056,09:30:29,$ 3282.14,100
1057,09:30:28,$ 3283.45,100
1058,09:30:28,$ 3283.37,100
1059,09:30:28,$ 3283.32,100
1060,09:30:28,$ 3283.88,100
1061,09:30:28,$ 3283.45,100
1062,09:30:27,$ 3285.6139,100
1063,09:30:24,$ 3285.00,323
1064,09:30:24,$ 3285.00,222
1065,09:30:24,$ 3285.48,100
1066,09:30:20,$ 3283.31,100
1067,09:30:20,$ 3285.32,100
1068,09:30:20,$ 3285.02,100
1069,09:30:20,$ 3285.00,264
1070,09:30:20,$ 3285.00,228
1072,09:30:18,$ 3285.995,100
1073,09:30:18,$ 3285.995,100
1074,09:30:18,$ 3286.21,100
1075,09:30:18,$ 3286.88,100
1076,09:30:17,$ 3286.90,100
1077,09:30:14,$ 3287.00,100
1078,09:30:14,$ 3286.50,100
1079,09:30:14,$ 3286.15,100
1080,09:30:14,$ 3285.92,100
1081,09:30:14,$ 3285.91,534
1082,09:30:14,$ 3285.91,274
1083,09:30:13,$ 3286.79,100
1084,09:30:11,$ 3285.62,100
1085,09:30:11,$ 3285.56,300
1086,09:30:11,$ 3285.56,115
1087,09:30:11,$ 3285.56,417
1088,09:30:11,$ 3284.025,100
1089,09:30:11,$ 3284.025,100
1090,09:30:11,$ 3284.01,100
1091,09:30:11,$ 3284.01,100
1093,09:30:11,$ 3284.01,100
1094,09:30:11,$ 3284.46,100
1095,09:30:11,$ 3284.94,103
1096,09:30:11,$ 3284.94,100
1097,09:30:11,$ 3284.40,100
1098,09:30:11,$ 3284.89,100
1099,09:30:10,$ 3283.17,100
1100,09:30:10,$ 3283.555,100
1101,09:30:10,$ 3283.47,100
1102,09:30:10,$ 3283.475,100
1103,09:30:08,$ 3283.69,100
1104,09:30:07,$ 3283.39,100
1105,09:30:07,$ 3283.80,100
1106,09:30:07,$ 3283.60,100
1107,09:30:07,$ 3282.20,100
1108,09:30:06,$ 3282.50,552
1109,09:30:05,$ 3282.91,100
1110,09:30:04,$ 3283.73,100
1111,09:30:04,$ 3283.735,293
1112,09:30:04,$ 3284.49,210
1114,09:30:04,$ 3283.40,100
1115,09:30:04,$ 3283.51,100
1116,09:30:03,$ 3284.165,100
1117,09:30:03,$ 3283.91,100
1118,09:30:03,$ 3284.49,100
1119,09:30:03,$ 3284.49,100
1120,09:30:02,$ 3283.00,1
1121,09:30:02,$ 3283.00,1
1122,09:30:02,$ 3283.00,2
1123,09:30:02,$ 3283.00,1
1124,09:30:02,$ 3283.00,2
1125,09:30:02,$ 3283.00,2
1126,09:30:02,$ 3283.00,2
1127,09:30:02,$ 3283.00,1
1128,09:30:02,$ 3283.00,2
1129,09:30:02,$ 3283.00,2
1130,09:30:02,$ 3283.00,1
1131,09:30:02,$ 3283.00,4
1132,09:30:02,$ 3283.00,1
1133,09:30:02,$ 3283.00,7
1135,09:30:02,$ 3283.00,2
1136,09:30:02,$ 3283.00,3
1137,09:30:02,$ 3283.00,1
1138,09:30:02,$ 3283.00,5
1139,09:30:02,$ 3283.00,1
1140,09:30:02,$ 3283.00,1
1141,09:30:02,$ 3283.00,4
1142,09:30:02,$ 3283.00,10
1143,09:30:02,$ 3283.00,5
1144,09:30:02,$ 3283.00,1
1145,09:30:02,$ 3283.00,2
1146,09:30:02,$ 3283.00,15
1147,09:30:02,$ 3283.00,7
1148,09:30:02,$ 3283.00,2
1149,09:30:02,$ 3283.00,6
1150,09:30:02,$ 3283.00,10
1151,09:30:02,$ 3283.00,10
1152,09:30:02,$ 3283.00,1
1153,09:30:02,$ 3283.00,4
1154,09:30:02,$ 3283.00,2
1156,09:30:02,$ 3283.00,20
1157,09:30:02,$ 3283.00,2
1158,09:30:02,$ 3283.00,1
1159,09:30:02,$ 3283.00,1
1160,09:30:02,$ 3283.00,3
1161,09:30:02,$ 3283.00,5
1162,09:30:02,$ 3283.00,1
1163,09:30:02,$ 3283.00,10
1164,09:30:02,$ 3283.00,1
1165,09:30:02,$ 3283.00,2
1166,09:30:02,$ 3283.00,2
1167,09:30:02,$ 3283.00,3
1168,09:30:02,$ 3283.00,4
1169,09:30:02,$ 3283.00,4
1170,09:30:02,$ 3283.00,22
1171,09:30:02,$ 3283.00,3
1172,09:30:02,$ 3283.00,2
1173,09:30:02,$ 3283.00,3
1174,09:30:02,$ 3283.00,3
1175,09:30:02,$ 3283.00,5
1177,09:30:02,$ 3283.00,2
1178,09:30:02,$ 3283.00,2
1179,09:30:02,$ 3283.00,6
1180,09:30:02,$ 3283.00,2
1181,09:30:02,$ 3283.00,2
1182,09:30:02,$ 3283.00,1
1183,09:30:02,$ 3283.00,3
1184,09:30:02,$ 3283.00,2
1185,09:30:02,$ 3283.00,4
1186,09:30:02,$ 3283.00,3
1187,09:30:02,$ 3283.00,3
1188,09:30:02,$ 3283.00,3
1189,09:30:02,$ 3283.00,4
1190,09:30:02,$ 3283.00,2
1191,09:30:02,$ 3283.00,3
1192,09:30:02,$ 3283.00,2
1193,09:30:02,$ 3283.00,2
1194,09:30:02,$ 3283.00,4
1195,09:30:02,$ 3283.00,1
1196,09:30:02,$ 3283.00,3
1198,09:30:02,$ 3283.00,1
1199,09:30:02,$ 3283.00,10
1200,09:30:02,$ 3283.00,7
1201,09:30:02,$ 3283.00,10
1202,09:30:02,$ 3283.00,4
1203,09:30:02,$ 3283.00,3
1204,09:30:02,$ 3283.00,8
1205,09:30:02,$ 3283.00,5
1206,09:30:02,$ 3283.00,7
1207,09:30:02,$ 3283.00,5
1208,09:30:02,$ 3283.00,1
1209,09:30:02,$ 3283.00,1
1210,09:30:02,$ 3283.00,1
1211,09:30:02,$ 3283.00,1
1212,09:30:02,$ 3283.00,3
1213,09:30:02,$ 3283.00,1
1214,09:30:02,$ 3283.00,20
1215,09:30:02,$ 3283.00,7
1216,09:30:02,$ 3283.00,2
1217,09:30:02,$ 3283.00,5
1219,09:30:02,$ 3283.00,92
1220,09:30:02,$ 3283.00,16
1221,09:30:02,$ 3283.00,120
1222,09:30:02,$ 3283.00,54
1223,09:30:02,$ 3283.00,3
1224,09:30:02,$ 3283.00,5
1225,09:30:02,$ 3283.00,5
1226,09:30:02,$ 3283.00,2
1227,09:30:02,$ 3283.00,1
1228,09:30:02,$ 3283.00,25
1229,09:30:02,$ 3283.00,3
1230,09:30:02,$ 3283.00,1
1231,09:30:02,$ 3283.00,5
1232,09:30:02,$ 3283.00,2
1233,09:30:02,$ 3283.00,25
1234,09:30:02,$ 3283.00,5
1235,09:30:02,$ 3283.00,2
1236,09:30:02,$ 3283.00,2
1237,09:30:02,$ 3283.00,1
1238,09:30:02,$ 3283.00,1
1240,09:30:02,$ 3283.00,1
1241,09:30:02,$ 3283.00,2
1242,09:30:02,$ 3283.00,9
1243,09:30:02,$ 3283.00,1
1244,09:30:02,$ 3283.00,12
1245,09:30:02,$ 3283.00,2
1246,09:30:02,$ 3283.00,35
1247,09:30:02,$ 3283.00,11
1248,09:30:02,$ 3283.00,2
1249,09:30:02,$ 3283.00,1
1250,09:30:02,$ 3283.00,1
1251,09:30:02,$ 3283.00,1
1252,09:30:02,$ 3283.00,11
1253,09:30:02,$ 3283.00,70
1254,09:30:02,$ 3283.00,40
1255,09:30:02,$ 3283.00,15
1256,09:30:02,$ 3283.00,1
1257,09:30:02,$ 3283.00,1
1258,09:30:02,$ 3283.00,1
1259,09:30:02,$ 3283.00,1
1261,09:30:02,$ 3283.00,2
1262,09:30:02,$ 3283.00,3
1263,09:30:02,$ 3283.00,1
1264,09:30:02,$ 3283.00,3
1265,09:30:02,$ 3283.00,6
1266,09:30:02,$ 3283.00,80
1267,09:30:02,$ 3283.00,9
1268,09:30:02,$ 3283.00,2
1269,09:30:02,$ 3283.00,1
1270,09:30:02,$ 3283.00,25
1271,09:30:02,$ 3283.00,1
1272,09:30:02,$ 3283.00,5
1273,09:30:02,$ 3283.00,2
1274,09:30:02,$ 3283.00,1
1275,09:30:02,$ 3283.00,16
1276,09:30:02,$ 3283.00,1
1277,09:30:02,$ 3283.00,1
1278,09:30:02,$ 3283.00,2
1279,09:30:02,$ 3283.00,3
1280,09:30:02,$ 3283.00,1
1282,09:30:02,$ 3283.00,4
1283,09:30:02,$ 3283.00,11
1284,09:30:02,$ 3283.00,13
1285,09:30:02,$ 3283.00,9
1286,09:30:02,$ 3283.00,3
1287,09:30:02,$ 3283.00,1
1288,09:30:02,$ 3283.00,5
1289,09:30:02,$ 3283.00,11
1290,09:30:02,$ 3283.00,2
1291,09:30:02,$ 3283.00,2
1292,09:30:02,$ 3283.00,6
1293,09:30:02,$ 3283.00,2
1294,09:30:02,$ 3283.00,2
1295,09:30:02,$ 3283.00,2
1296,09:30:02,$ 3283.00,2
1297,09:30:02,$ 3283.00,10
1298,09:30:02,$ 3283.00,20
1299,09:30:02,$ 3283.00,4
1300,09:30:02,$ 3283.00,5
1301,09:30:02,$ 3283.00,1
1303,09:30:02,$ 3283.00,2
1304,09:30:02,$ 3283.00,3
1305,09:30:02,$ 3283.00,1
1306,09:30:02,$ 3283.00,1
1307,09:30:02,$ 3283.00,1
1308,09:30:02,$ 3283.00,2
1309,09:30:02,$ 3283.00,2
1310,09:30:02,$ 3283.00,1
1311,09:30:02,$ 3283.00,2
1312,09:30:02,$ 3283.00,1
1313,09:30:02,$ 3283.00,1
1314,09:30:02,$ 3283.00,4
1315,09:30:02,$ 3283.00,3
1316,09:30:02,$ 3283.00,1
1317,09:30:02,$ 3283.00,3
1318,09:30:02,$ 3283.00,1
1319,09:30:02,$ 3283.00,13
1320,09:30:02,$ 3283.00,1
1321,09:30:02,$ 3283.00,10
1322,09:30:02,$ 3283.00,2
1324,09:30:02,$ 3283.00,3
1325,09:30:02,$ 3283.00,200
1326,09:30:02,$ 3283.00,1
1327,09:30:02,$ 3283.00,1
1328,09:30:02,$ 3283.00,2
1329,09:30:02,$ 3283.00,12
1330,09:30:02,$ 3283.00,1
1331,09:30:02,$ 3283.00,1
1332,09:30:02,$ 3283.00,1
1333,09:30:02,$ 3283.00,1
1334,09:30:02,$ 3283.00,5
1335,09:30:02,$ 3283.00,5
1336,09:30:02,$ 3283.00,1
1337,09:30:02,$ 3283.00,10
1338,09:30:02,$ 3283.00,8
1339,09:30:02,$ 3283.00,2
1340,09:30:02,$ 3283.00,1
1341,09:30:02,$ 3283.00,1
1342,09:30:02,$ 3283.00,3
1343,09:30:02,$ 3283.00,2
1345,09:30:02,$ 3283.00,165
1346,09:30:02,$ 3283.00,5
1347,09:30:02,$ 3283.00,1
1348,09:30:02,$ 3283.00,2
1349,09:30:02,$ 3283.00,3
1350,09:30:02,$ 3283.00,1
1351,09:30:02,$ 3283.00,1
1352,09:30:02,$ 3283.00,1
1353,09:30:02,$ 3283.00,1
1354,09:30:02,$ 3283.00,6
1355,09:30:02,$ 3283.00,1
1356,09:30:02,$ 3283.00,3
1357,09:30:02,$ 3283.00,7
1358,09:30:02,$ 3283.00,1
1359,09:30:02,$ 3283.00,1
1360,09:30:02,$ 3283.00,4
1361,09:30:02,$ 3283.00,1
1362,09:30:02,$ 3283.00,3
1363,09:30:02,$ 3283.00,7
1364,09:30:02,$ 3283.00,100
1366,09:30:02,$ 3283.00,3
1367,09:30:02,$ 3283.00,20
1368,09:30:02,$ 3283.00,1
1369,09:30:02,$ 3283.00,50
1370,09:30:02,$ 3283.00,3
1371,09:30:02,$ 3283.00,1
1372,09:30:02,$ 3283.00,1
1373,09:30:02,$ 3283.00,1
1374,09:30:02,$ 3283.00,1
1375,09:30:02,$ 3283.00,3
1376,09:30:02,$ 3283.00,2
1377,09:30:02,$ 3283.00,6
1378,09:30:02,$ 3283.00,1
1379,09:30:02,$ 3283.00,2
1380,09:30:02,$ 3283.00,4
1381,09:30:02,$ 3283.00,2
1382,09:30:02,$ 3283.00,2
1383,09:30:02,$ 3283.00,4
1384,09:30:02,$ 3283.00,1
1385,09:30:02,$ 3283.00,1
1387,09:30:02,$ 3283.00,3
1388,09:30:02,$ 3283.00,4
1389,09:30:02,$ 3283.00,2
1390,09:30:02,$ 3283.00,1
1391,09:30:02,$ 3283.00,2
1392,09:30:02,$ 3283.00,3
1393,09:30:02,$ 3283.00,3
1394,09:30:02,$ 3283.00,1
1395,09:30:02,$ 3283.00,1
1396,09:30:02,$ 3283.00,1
1397,09:30:02,$ 3283.00,1
1398,09:30:02,$ 3283.00,2
1399,09:30:02,$ 3283.00,1
1400,09:30:02,$ 3283.00,5
1401,09:30:02,$ 3283.00,10
1402,09:30:02,$ 3283.00,2
1403,09:30:02,$ 3283.00,1
1404,09:30:02,$ 3283.00,5
1405,09:30:02,$ 3283.00,2
1406,09:30:02,$ 3283.00,2
1408,09:30:02,$ 3283.00,2
1409,09:30:02,$ 3283.00,1
1410,09:30:02,$ 3283.00,10
1411,09:30:02,$ 3283.00,1
1412,09:30:02,$ 3283.00,2
1413,09:30:02,$ 3283.00,1
1414,09:30:02,$ 3283.00,1
1415,09:30:02,$ 3283.00,1
1416,09:30:02,$ 3283.00,2
1417,09:30:02,$ 3283.00,5
1418,09:30:02,$ 3283.00,1
1419,09:30:02,$ 3283.00,1
1420,09:30:02,$ 3283.00,1
1421,09:30:02,$ 3283.00,2
1422,09:30:02,$ 3283.00,1
1423,09:30:02,$ 3283.00,7
1424,09:30:02,$ 3283.00,10
1425,09:30:02,$ 3283.00,1
1426,09:30:02,$ 3283.00,6
1427,09:30:02,$ 3283.00,1
1429,09:30:02,$ 3283.00,1
1430,09:30:02,$ 3283.00,2
1431,09:30:02,$ 3283.00,1
1432,09:30:02,$ 3283.00,5
1433,09:30:02,$ 3283.00,3
1434,09:30:02,$ 3283.00,1
1435,09:30:02,$ 3283.00,5
1436,09:30:02,$ 3283.00,7
1437,09:30:02,$ 3283.00,1
1438,09:30:02,$ 3283.00,1
1439,09:30:02,$ 3283.00,3
1440,09:30:02,$ 3283.00,10
1441,09:30:02,$ 3283.00,15
1442,09:30:02,$ 3283.00,20
1443,09:30:02,$ 3283.00,1
1444,09:30:02,$ 3283.00,1
1445,09:30:02,$ 3283.00,6
1446,09:30:02,$ 3283.00,1
1447,09:30:02,$ 3283.00,1
1448,09:30:02,$ 3283.00,2
1450,09:30:02,$ 3283.00,1
1451,09:30:02,$ 3283.00,15
1452,09:30:02,$ 3283.00,1
1453,09:30:02,$ 3283.00,3
1454,09:30:02,$ 3283.00,1
1455,09:30:02,$ 3283.00,3
1456,09:30:02,$ 3283.00,12
1457,09:30:02,$ 3283.00,1
1458,09:30:02,$ 3283.00,1
1459,09:30:02,$ 3283.00,13
1460,09:30:02,$ 3283.00,14
1461,09:30:02,$ 3283.00,2
1462,09:30:02,$ 3283.00,3
1463,09:30:02,$ 3283.00,2
1464,09:30:02,$ 3283.00,1
1465,09:30:02,$ 3283.00,1
1466,09:30:02,$ 3283.00,3
1467,09:30:02,$ 3283.00,1
1468,09:30:02,$ 3283.00,2
1469,09:30:02,$ 3283.00,5
1471,09:30:02,$ 3283.00,1
1472,09:30:02,$ 3283.00,2
1473,09:30:02,$ 3283.00,1
1474,09:30:02,$ 3283.00,2
1475,09:30:02,$ 3283.00,2
1476,09:30:02,$ 3283.00,1
1477,09:30:02,$ 3283.00,1
1478,09:30:02,$ 3283.00,2
1479,09:30:02,$ 3283.00,2
1480,09:30:02,$ 3283.00,2
1481,09:30:02,$ 3283.00,5
1482,09:30:02,$ 3283.00,1
1483,09:30:02,$ 3283.00,2
1484,09:30:02,$ 3283.00,3
1485,09:30:02,$ 3283.00,1
1486,09:30:02,$ 3283.00,3
1487,09:30:02,$ 3283.00,1
1488,09:30:02,$ 3283.00,2
1489,09:30:02,$ 3283.00,10
1490,09:30:02,$ 3283.00,1
1492,09:30:02,$ 3283.00,1
1493,09:30:02,$ 3283.00,10
1494,09:30:02,$ 3283.00,5
1495,09:30:02,$ 3283.00,35
1496,09:30:02,$ 3283.00,11
1497,09:30:02,$ 3283.00,3
1498,09:30:02,$ 3283.00,1
1499,09:30:02,$ 3283.00,1
1500,09:30:02,$ 3283.00,2
1501,09:30:02,$ 3283.00,2
1502,09:30:02,$ 3283.00,3
1503,09:30:02,$ 3283.00,2
1504,09:30:02,$ 3283.00,1
1505,09:30:02,$ 3283.00,6
1506,09:30:02,$ 3283.00,2
1507,09:30:02,$ 3283.00,2
1508,09:30:02,$ 3283.00,1
1509,09:30:02,$ 3283.00,2
1510,09:30:02,$ 3283.00,5
1511,09:30:02,$ 3283.00,1
1513,09:30:02,$ 3283.00,1
1514,09:30:02,$ 3283.00,7
1515,09:30:02,$ 3283.00,10
1516,09:30:02,$ 3283.00,1
1517,09:30:02,$ 3283.00,1
1518,09:30:02,$ 3283.00,1
1519,09:30:02,$ 3283.00,1
1520,09:30:02,$ 3283.00,1
1521,09:30:02,$ 3283.00,3
1522,09:30:02,$ 3283.00,5
1523,09:30:02,$ 3283.00,3
1524,09:30:02,$ 3283.00,1
1525,09:30:02,$ 3283.00,1
1526,09:30:02,$ 3283.00,1
1527,09:30:02,$ 3283.00,1
1528,09:30:02,$ 3283.00,8
1529,09:30:02,$ 3283.00,10
1530,09:30:02,$ 3283.00,1
1531,09:30:02,$ 3283.00,2
1532,09:30:02,$ 3283.00,1
1534,09:30:02,$ 3283.00,3
1535,09:30:02,$ 3283.00,5
1536,09:30:02,$ 3283.00,3
1537,09:30:02,$ 3283.00,2
1538,09:30:02,$ 3283.00,15
1539,09:30:02,$ 3283.00,1
1540,09:30:02,$ 3283.00,3
1541,09:30:02,$ 3283.00,40
1542,09:30:02,$ 3283.00,1
1543,09:30:02,$ 3283.00,1
1544,09:30:02,$ 3283.00,6
1545,09:30:02,$ 3283.00,1
1546,09:30:02,$ 3283.00,1
1547,09:30:02,$ 3283.00,2
1548,09:30:02,$ 3283.00,3
1549,09:30:02,$ 3283.00,5
1550,09:30:02,$ 3283.00,1
1551,09:30:02,$ 3283.00,5
1552,09:30:02,$ 3283.00,1
1553,09:30:02,$ 3283.00,5
1555,09:30:02,$ 3283.00,5
1556,09:30:02,$ 3283.00,5
1557,09:30:02,$ 3283.00,1
1558,09:30:02,$ 3283.00,2
1559,09:30:02,$ 3283.00,2
1560,09:30:02,$ 3283.00,26
1561,09:30:02,$ 3283.00,8
1562,09:30:02,$ 3283.00,23
1563,09:30:02,$ 3283.00,36
1564,09:30:02,$ 3283.00,2
1565,09:30:02,$ 3283.00,45
1566,09:30:02,$ 3283.00,1
1567,09:30:02,$ 3283.00,1
1568,09:30:02,$ 3283.00,1
1569,09:30:02,$ 3283.00,1
1570,09:30:02,$ 3283.00,1
1571,09:30:02,$ 3283.00,1
1572,09:30:02,$ 3283.00,1
1573,09:30:02,$ 3283.00,1
1574,09:30:02,$ 3283.00,6
1576,09:30:02,$ 3283.00,12
1577,09:30:02,$ 3283.00,5
1578,09:30:02,$ 3283.00,1
1579,09:30:02,$ 3283.00,1
1580,09:30:02,$ 3283.00,1
1581,09:30:02,$ 3283.00,2
1582,09:30:02,$ 3283.00,10
1583,09:30:02,$ 3283.00,1
1584,09:30:02,$ 3283.00,1
1585,09:30:02,$ 3283.00,1
1586,09:30:02,$ 3283.00,1
1587,09:30:02,$ 3283.00,2
1588,09:30:02,$ 3283.00,1
1589,09:30:02,$ 3283.00,2
1590,09:30:02,$ 3283.00,1
1591,09:30:02,$ 3283.00,1
1592,09:30:02,$ 3283.00,1
1593,09:30:02,$ 3283.00,2
1594,09:30:02,$ 3283.00,1
1595,09:30:02,$ 3283.00,1
1597,09:30:02,$ 3283.00,1
1598,09:30:02,$ 3283.00,2
1599,09:30:02,$ 3283.00,1
1600,09:30:02,$ 3283.00,4
1601,09:30:02,$ 3283.00,1
1602,09:30:02,$ 3283.00,1
1603,09:30:02,$ 3283.00,1
1604,09:30:02,$ 3283.00,1
1605,09:30:02,$ 3283.00,1
1606,09:30:02,$ 3283.00,1
1607,09:30:02,$ 3283.00,1
1608,09:30:02,$ 3283.00,1
1609,09:30:02,$ 3283.00,1
1610,09:30:02,$ 3283.00,1
1611,09:30:02,$ 3283.00,1
1612,09:30:02,$ 3283.00,1
1613,09:30:02,$ 3283.00,1
1614,09:30:02,$ 3283.00,1
1615,09:30:02,$ 3283.00,1
1616,09:30:02,$ 3283.00,1
1618,09:30:02,$ 3283.00,1
1619,09:30:02,$ 3283.00,2
1620,09:30:02,$ 3283.00,1
1621,09:30:02,$ 3283.00,1
1622,09:30:02,$ 3283.00,1
1623,09:30:02,$ 3283.00,1
1624,09:30:02,$ 3283.00,1
1625,09:30:02,$ 3283.00,1
1626,09:30:02,$ 3283.00,1
1627,09:30:02,$ 3283.00,3
1628,09:30:02,$ 3283.00,1
1629,09:30:02,$ 3283.00,1
1630,09:30:02,$ 3283.00,1
1631,09:30:02,$ 3283.00,1
1632,09:30:02,$ 3283.00,1
1633,09:30:02,$ 3283.00,1
1634,09:30:02,$ 3283.00,1
1635,09:30:02,$ 3283.00,2
1636,09:30:02,$ 3283.00,1
1637,09:30:02,$ 3283.00,2
1639,09:30:02,$ 3283.00,1
1640,09:30:02,$ 3283.00,1
1641,09:30:02,$ 3283.00,1
1642,09:30:02,$ 3283.00,1
1643,09:30:02,$ 3283.00,1
1644,09:30:02,$ 3283.00,1
1645,09:30:02,$ 3283.00,1
1646,09:30:02,$ 3283.00,1
1647,09:30:02,$ 3283.00,1
1648,09:30:02,$ 3283.00,1
1649,09:30:02,$ 3283.00,150
1650,09:30:02,$ 3283.00,1
1651,09:30:02,$ 3283.00,1
1652,09:30:02,$ 3283.00,5
1653,09:30:02,$ 3283.00,4
1654,09:30:02,$ 3283.00,37
1655,09:30:02,$ 3283.00,100
1656,09:30:02,$ 3283.00,21
1657,09:30:02,$ 3283.00,1
1658,09:30:02,$ 3283.00,1
1660,09:30:02,$ 3283.00,1
1661,09:30:02,$ 3283.00,1
1662,09:30:02,$ 3283.00,1
1663,09:30:02,$ 3283.00,1
1664,09:30:02,$ 3283.00,1
1665,09:30:02,$ 3283.00,1
1666,09:30:02,$ 3283.00,1
1667,09:30:02,$ 3283.00,1
1668,09:30:02,$ 3283.00,1
1669,09:30:02,$ 3283.00,1
1670,09:30:02,$ 3283.00,1
1671,09:30:02,$ 3283.00,1
1672,09:30:02,$ 3283.00,1
1673,09:30:02,$ 3283.00,1
1674,09:30:02,$ 3283.00,1
1675,09:30:02,$ 3283.00,1
1676,09:30:02,$ 3283.00,1
1677,09:30:02,$ 3283.00,1
1678,09:30:02,$ 3283.00,1
1679,09:30:02,$ 3283.00,1
1681,09:30:02,$ 3283.00,1
1682,09:30:02,$ 3283.00,1
1683,09:30:02,$ 3283.00,1
1684,09:30:02,$ 3283.00,1
1685,09:30:02,$ 3283.00,1
1686,09:30:02,$ 3283.00,1
1687,09:30:02,$ 3283.00,1
1688,09:30:02,$ 3283.00,1
1689,09:30:02,$ 3283.00,1
1690,09:30:02,$ 3283.00,1
1691,09:30:02,$ 3283.00,1
1692,09:30:02,$ 3283.00,1
1693,09:30:02,$ 3283.00,1
1694,09:30:02,$ 3283.00,1
1695,09:30:02,$ 3283.00,1
1696,09:30:02,$ 3283.00,1
1697,09:30:02,$ 3283.00,1
1698,09:30:02,$ 3283.00,1
1699,09:30:02,$ 3283.00,1
1700,09:30:02,$ 3283.00,1
1702,09:30:02,$ 3283.00,1
1703,09:30:02,$ 3283.00,1
1704,09:30:02,$ 3283.00,4
1705,09:30:02,$ 3283.00,1
1706,09:30:02,$ 3283.00,1
1707,09:30:02,$ 3283.00,1
1708,09:30:02,$ 3283.00,1
1709,09:30:02,$ 3283.00,3
1710,09:30:02,$ 3283.00,1
1711,09:30:02,$ 3283.00,3
1712,09:30:02,$ 3283.00,1
1713,09:30:02,$ 3283.00,1
1714,09:30:02,$ 3283.00,1
1715,09:30:02,$ 3283.00,1
1716,09:30:02,$ 3283.00,1
1717,09:30:02,$ 3283.00,1
1718,09:30:02,$ 3283.00,1
1719,09:30:02,$ 3283.00,1
1720,09:30:02,$ 3283.00,1
1721,09:30:02,$ 3283.00,1
1723,09:30:02,$ 3283.00,1
1724,09:30:02,$ 3283.00,1
1725,09:30:02,$ 3283.00,1
1726,09:30:02,$ 3283.00,1
1727,09:30:02,$ 3283.00,1
1728,09:30:02,$ 3283.00,1
1729,09:30:02,$ 3283.00,1
1730,09:30:02,$ 3283.00,1
1731,09:30:02,$ 3283.00,1
1732,09:30:02,$ 3283.00,1
1733,09:30:02,$ 3283.00,1
1734,09:30:02,$ 3283.00,1
1735,09:30:02,$ 3283.00,1
1736,09:30:02,$ 3283.00,1
1737,09:30:02,$ 3283.00,1
1738,09:30:02,$ 3283.00,1
1739,09:30:02,$ 3283.00,1
1740,09:30:02,$ 3283.00,1
1741,09:30:02,$ 3283.00,1
1742,09:30:02,$ 3283.00,1
1744,09:30:02,$ 3283.00,1
1745,09:30:02,$ 3283.00,1
1746,09:30:02,$ 3283.00,1
1747,09:30:02,$ 3283.00,1
1748,09:30:02,$ 3283.00,1
1749,09:30:02,$ 3283.00,1
1750,09:30:02,$ 3283.00,1
1751,09:30:02,$ 3283.00,1
1752,09:30:02,$ 3283.00,1
1753,09:30:02,$ 3283.00,1
1754,09:30:02,$ 3283.00,1
1755,09:30:02,$ 3283.00,1
1756,09:30:02,$ 3283.00,1
1757,09:30:02,$ 3283.00,1
1758,09:30:02,$ 3283.00,1
1759,09:30:02,$ 3283.00,1
1760,09:30:02,$ 3283.00,13
1761,09:30:02,$ 3283.00,1
1762,09:30:02,$ 3283.00,1
1763,09:30:02,$ 3283.00,1
1765,09:30:02,$ 3283.00,1
1766,09:30:02,$ 3283.00,1
1767,09:30:02,$ 3283.00,1
1768,09:30:02,$ 3283.00,1
1769,09:30:02,$ 3283.00,1
1770,09:30:02,$ 3283.00,1
1771,09:30:02,$ 3283.00,1
1772,09:30:02,$ 3283.00,1
1773,09:30:02,$ 3283.00,1
1774,09:30:02,$ 3283.00,1
1775,09:30:02,$ 3283.00,1
1776,09:30:02,$ 3283.00,1
1777,09:30:02,$ 3283.00,1
1778,09:30:02,$ 3283.00,1
1779,09:30:02,$ 3283.00,5
1780,09:30:02,$ 3283.00,1
1781,09:30:02,$ 3283.00,1
1782,09:30:02,$ 3283.00,1
1783,09:30:02,$ 3283.00,2
1784,09:30:02,$ 3283.00,2
1786,09:30:02,$ 3283.00,1
1787,09:30:02,$ 3283.00,3
1788,09:30:02,$ 3283.00,2
1789,09:30:02,$ 3283.00,1
1790,09:30:02,$ 3283.00,1
1791,09:30:02,$ 3283.00,1
1792,09:30:02,$ 3283.00,10
1793,09:30:02,$ 3283.00,1
1794,09:30:02,$ 3283.00,10
1795,09:30:02,$ 3283.00,1
1796,09:30:02,$ 3283.00,1
1797,09:30:02,$ 3283.00,2
1798,09:30:02,$ 3283.00,1
1799,09:30:02,$ 3283.00,1
1800,09:30:02,$ 3283.00,4
1801,09:30:02,$ 3283.00,1
1802,09:30:02,$ 3283.00,15
1803,09:30:02,$ 3283.00,10
1804,09:30:02,$ 3283.00,1
1805,09:30:02,$ 3283.00,6
1807,09:30:02,$ 3283.00,2
1808,09:30:02,$ 3283.00,5
1809,09:30:02,$ 3283.00,4
1810,09:30:02,$ 3283.00,1
1811,09:30:02,$ 3283.00,1
1812,09:30:02,$ 3283.00,2
1813,09:30:02,$ 3283.00,5
1814,09:30:02,$ 3283.00,1
1815,09:30:02,$ 3283.00,2
1816,09:30:02,$ 3283.00,1
1817,09:30:02,$ 3283.00,3
1818,09:30:02,$ 3283.00,1
1819,09:30:02,$ 3283.00,2
1820,09:30:02,$ 3283.00,3
1821,09:30:02,$ 3283.00,5
1822,09:30:02,$ 3283.00,2
1823,09:30:02,$ 3283.00,5
1824,09:30:02,$ 3283.00,6
1825,09:30:02,$ 3283.00,7
1826,09:30:02,$ 3283.00,10
1828,09:30:02,$ 3283.00,3
1829,09:30:02,$ 3283.00,3
1830,09:30:02,$ 3283.00,1
1831,09:30:02,$ 3283.00,1
1832,09:30:02,$ 3283.00,15
1833,09:30:02,$ 3283.00,1
1834,09:30:02,$ 3283.00,8
1835,09:30:02,$ 3283.00,15
1836,09:30:02,$ 3283.00,2
1837,09:30:02,$ 3283.00,1
1838,09:30:02,$ 3283.00,3
1839,09:30:02,$ 3283.00,1
1840,09:30:02,$ 3283.00,1
1841,09:30:02,$ 3283.00,1
1842,09:30:02,$ 3283.00,1
1843,09:30:02,$ 3283.00,3
1844,09:30:02,$ 3283.00,2
1845,09:30:02,$ 3283.00,1
1846,09:30:02,$ 3283.00,1
1847,09:30:02,$ 3283.00,1
1849,09:30:02,$ 3283.00,1
1850,09:30:02,$ 3283.00,2
1851,09:30:02,$ 3283.00,1
1852,09:30:02,$ 3283.00,1
1853,09:30:02,$ 3283.00,1
1854,09:30:02,$ 3283.00,1
1855,09:30:02,$ 3283.00,1
1856,09:30:02,$ 3283.00,10
1857,09:30:02,$ 3283.00,5
1858,09:30:02,$ 3283.00,5
1859,09:30:02,$ 3283.00,2
1860,09:30:02,$ 3283.00,1
1861,09:30:02,$ 3283.00,2
1862,09:30:02,$ 3283.00,1
1863,09:30:02,$ 3283.00,1
1864,09:30:02,$ 3283.00,5
1865,09:30:02,$ 3283.00,1
1866,09:30:02,$ 3283.00,1
1867,09:30:02,$ 3283.00,20
1868,09:30:02,$ 3283.00,2
1870,09:30:02,$ 3283.00,1
1871,09:30:02,$ 3283.00,4
1872,09:30:02,$ 3283.00,10
1873,09:30:02,$ 3283.00,2
1874,09:30:02,$ 3283.00,5
1875,09:30:02,$ 3283.00,1
1876,09:30:02,$ 3283.00,5
1877,09:30:02,$ 3283.00,3
1878,09:30:02,$ 3283.00,4
1879,09:30:02,$ 3283.00,1
1880,09:30:02,$ 3283.00,1
1881,09:30:02,$ 3283.00,5
1882,09:30:02,$ 3283.00,1
1883,09:30:02,$ 3283.00,2
1884,09:30:02,$ 3283.00,5
1885,09:30:02,$ 3283.00,10
1886,09:30:02,$ 3283.00,1
1887,09:30:02,$ 3283.00,2
1888,09:30:02,$ 3283.00,2
1889,09:30:02,$ 3283.00,1
1891,09:30:02,$ 3283.00,3
1892,09:30:02,$ 3283.00,1
1893,09:30:02,$ 3283.00,1
1894,09:30:02,$ 3283.00,2
1895,09:30:02,$ 3283.00,5
1896,09:30:02,$ 3283.00,1
1897,09:30:02,$ 3283.00,1
1898,09:30:02,$ 3283.00,1
1899,09:30:02,$ 3283.00,1
1900,09:30:02,$ 3283.00,1
1901,09:30:02,$ 3283.00,10
1902,09:30:02,$ 3283.00,1
1903,09:30:02,$ 3283.00,1
1904,09:30:02,$ 3283.00,2
1905,09:30:02,$ 3283.00,1
1906,09:30:02,$ 3283.00,1
1907,09:30:02,$ 3283.00,1
1908,09:30:02,$ 3283.00,1
1909,09:30:02,$ 3283.00,1
1910,09:30:02,$ 3283.00,1
1912,09:30:02,$ 3283.00,1
1913,09:30:02,$ 3283.00,1
1914,09:30:02,$ 3283.00,1
1915,09:30:02,$ 3283.00,1
1916,09:30:02,$ 3283.00,1
1917,09:30:02,$ 3283.00,1
1918,09:30:02,$ 3283.00,1
1919,09:30:02,$ 3283.00,1
1920,09:30:02,$ 3283.00,1
1921,09:30:02,$ 3283.00,1
1922,09:30:02,$ 3283.00,1
1923,09:30:02,$ 3283.00,1
1924,09:30:02,$ 3283.00,1
1925,09:30:02,$ 3283.00,1
1926,09:30:02,$ 3283.00,1
1927,09:30:02,$ 3283.00,1
1928,09:30:02,$ 3283.00,1
1929,09:30:02,$ 3283.00,1
1930,09:30:02,$ 3283.00,1
1931,09:30:02,$ 3283.00,1
1933,09:30:02,$ 3283.00,1
1934,09:30:02,$ 3283.00,1
1935,09:30:02,$ 3283.00,1
1936,09:30:02,$ 3283.00,1
1937,09:30:02,$ 3283.00,1
1938,09:30:02,$ 3283.00,1
1939,09:30:02,$ 3283.00,1
1940,09:30:02,$ 3283.00,1
1941,09:30:02,$ 3283.00,1
1942,09:30:02,$ 3283.00,1
1943,09:30:02,$ 3283.00,1
1944,09:30:02,$ 3283.00,1
1945,09:30:02,$ 3283.00,1
1946,09:30:02,$ 3283.00,1
1947,09:30:02,$ 3283.00,1
1948,09:30:02,$ 3283.00,1
1949,09:30:02,$ 3283.00,1
1950,09:30:02,$ 3283.00,1
1951,09:30:02,$ 3283.00,1
1952,09:30:02,$ 3283.00,1
1954,09:30:02,$ 3283.00,1
1955,09:30:02,$ 3283.00,1
1956,09:30:02,$ 3283.00,1
1957,09:30:02,$ 3283.00,1
1958,09:30:02,$ 3283.00,1
1959,09:30:02,$ 3283.00,1
1960,09:30:02,$ 3283.00,1
1961,09:30:02,$ 3283.00,1
1962,09:30:02,$ 3283.00,1
1963,09:30:02,$ 3283.00,1
1964,09:30:02,$ 3283.00,1
1965,09:30:02,$ 3283.00,1
1966,09:30:02,$ 3283.00,1
1967,09:30:02,$ 3283.00,1
1968,09:30:02,$ 3283.00,1
1969,09:30:02,$ 3283.00,1
1970,09:30:02,$ 3283.00,1
1971,09:30:02,$ 3283.00,1
1972,09:30:02,$ 3283.00,1
1973,09:30:02,$ 3283.00,1
1975,09:30:02,$ 3283.00,1
1976,09:30:02,$ 3283.00,1
1977,09:30:02,$ 3283.00,1
1978,09:30:02,$ 3283.00,1
1979,09:30:02,$ 3283.00,1
1980,09:30:02,$ 3283.00,1
1981,09:30:02,$ 3283.00,1
1982,09:30:02,$ 3283.00,1
1983,09:30:02,$ 3283.00,1
1984,09:30:02,$ 3283.00,1
1985,09:30:02,$ 3283.00,1
1986,09:30:02,$ 3283.00,1
1987,09:30:02,$ 3283.00,1
1988,09:30:02,$ 3283.00,1
1989,09:30:02,$ 3283.00,1
1990,09:30:02,$ 3283.00,1
1991,09:30:02,$ 3283.00,1
1992,09:30:02,$ 3283.00,1
1993,09:30:02,$ 3283.00,1
1994,09:30:02,$ 3283.00,1
1996,09:30:02,$ 3283.00,1
1997,09:30:02,$ 3283.00,1
1998,09:30:02,$ 3283.00,1
1999,09:30:02,$ 3283.00,1
2000,09:30:02,$ 3283.00,1
2001,09:30:02,$ 3283.00,1
2002,09:30:02,$ 3283.00,1
2003,09:30:02,$ 3283.00,1
2004,09:30:02,$ 3283.00,1
2005,09:30:02,$ 3283.00,1
2006,09:30:02,$ 3283.00,1
2007,09:30:02,$ 3283.00,1
2008,09:30:02,$ 3283.00,1
2009,09:30:02,$ 3283.00,1
2010,09:30:02,$ 3283.00,1
2011,09:30:02,$ 3283.00,1
2012,09:30:02,$ 3283.00,1
2013,09:30:02,$ 3283.00,1
2014,09:30:02,$ 3283.00,1
2015,09:30:02,$ 3283.00,1
2017,09:30:02,$ 3283.00,1
2018,09:30:02,$ 3283.00,1
2019,09:30:02,$ 3283.00,1
2020,09:30:02,$ 3283.00,2
2021,09:30:02,$ 3283.00,1
2022,09:30:02,$ 3283.00,12
2023,09:30:02,$ 3283.00,1
2024,09:30:02,$ 3283.00,1
2025,09:30:02,$ 3283.00,1
2026,09:30:02,$ 3283.00,4
2027,09:30:02,$ 3283.00,1
2028,09:30:02,$ 3283.00,1
2029,09:30:02,$ 3283.00,1
2030,09:30:02,$ 3283.00,1
2031,09:30:02,$ 3283.00,1
2032,09:30:02,$ 3283.00,1
2033,09:30:02,$ 3283.00,3
2034,09:30:02,$ 3283.00,60
2035,09:30:02,$ 3283.00,5
2036,09:30:02,$ 3283.00,1
2038,09:30:02,$ 3283.00,2
2039,09:30:02,$ 3283.00,1
2040,09:30:02,$ 3283.00,1
2041,09:30:02,$ 3283.00,3
2042,09:30:02,$ 3283.00,5
2043,09:30:02,$ 3283.00,1
2044,09:30:02,$ 3283.00,5
2045,09:30:02,$ 3283.00,3
2046,09:30:02,$ 3283.00,3
2047,09:30:02,$ 3283.00,1
2048,09:30:02,$ 3283.00,1
2049,09:30:02,$ 3283.00,12
2050,09:30:02,$ 3283.00,3
2051,09:30:02,$ 3283.00,45
2052,09:30:02,$ 3283.00,3
2053,09:30:02,$ 3283.00,2
2054,09:30:02,$ 3283.00,2
2055,09:30:02,$ 3283.00,1
2056,09:30:02,$ 3283.00,1
2057,09:30:02,$ 3283.00,1
2059,09:30:02,$ 3283.00,1
2060,09:30:02,$ 3283.00,1
2061,09:30:02,$ 3283.00,3
2062,09:30:02,$ 3283.00,2
2063,09:30:02,$ 3283.00,1
2064,09:30:02,$ 3283.00,1
2065,09:30:02,$ 3283.00,2
2066,09:30:02,$ 3283.00,2
2067,09:30:02,$ 3283.00,1
2068,09:30:02,$ 3283.00,3
2069,09:30:02,$ 3283.00,1
2070,09:30:02,$ 3283.00,1
2071,09:30:02,$ 3283.00,1
2072,09:30:02,$ 3283.00,2
2073,09:30:02,$ 3283.00,25
2074,09:30:02,$ 3283.00,1
2075,09:30:02,$ 3283.00,3
2076,09:30:02,$ 3283.00,1
2077,09:30:02,$ 3283.00,1
2078,09:30:02,$ 3283.00,1
2080,09:30:02,$ 3283.00,1
2081,09:30:02,$ 3283.00,7
2082,09:30:02,$ 3283.00,2
2083,09:30:02,$ 3283.00,2
2084,09:30:02,$ 3283.00,1
2085,09:30:02,$ 3283.00,2
2086,09:30:02,$ 3283.00,4
2087,09:30:02,$ 3283.00,1
2088,09:30:02,$ 3283.00,1
2089,09:30:02,$ 3283.00,1
2090,09:30:02,$ 3283.00,4
2091,09:30:02,$ 3283.00,1
2092,09:30:02,$ 3283.00,3
2093,09:30:02,$ 3283.00,1
2094,09:30:02,$ 3283.00,11
2095,09:30:02,$ 3283.00,4
2096,09:30:02,$ 3283.00,1
2097,09:30:02,$ 3283.00,1
2098,09:30:02,$ 3283.00,2
2099,09:30:02,$ 3283.00,27
2101,09:30:02,$ 3283.00,1
2102,09:30:02,$ 3283.00,6
2103,09:30:02,$ 3283.00,3
2104,09:30:02,$ 3283.00,1
2105,09:30:02,$ 3283.00,1
2106,09:30:02,$ 3283.00,1
2107,09:30:02,$ 3283.00,2
2108,09:30:02,$ 3283.00,1
2109,09:30:02,$ 3283.00,1
2110,09:30:02,$ 3283.00,1
2111,09:30:02,$ 3283.00,1
2112,09:30:02,$ 3283.00,1
2113,09:30:02,$ 3283.00,2
2114,09:30:02,$ 3283.00,1
2115,09:30:02,$ 3283.00,1
2116,09:30:02,$ 3283.00,8
2117,09:30:02,$ 3283.00,2
2118,09:30:02,$ 3283.00,2
2119,09:30:02,$ 3283.00,2
2120,09:30:02,$ 3283.00,1
2122,09:30:02,$ 3283.00,3
2123,09:30:02,$ 3283.00,10
2124,09:30:02,$ 3283.00,10
2125,09:30:02,$ 3283.00,3
2126,09:30:02,$ 3283.00,3
2127,09:30:02,$ 3283.00,1
2128,09:30:02,$ 3283.00,2
2129,09:30:02,$ 3283.00,2
2130,09:30:02,$ 3283.00,4
2131,09:30:02,$ 3283.00,1
2132,09:30:02,$ 3283.00,5
2133,09:30:02,$ 3283.00,7
2134,09:30:02,$ 3283.00,4
2135,09:30:02,$ 3283.00,1
2136,09:30:02,$ 3283.00,1
2137,09:30:02,$ 3283.00,16
2138,09:30:02,$ 3283.00,1
2139,09:30:02,$ 3283.00,2
2140,09:30:02,$ 3283.00,1
2141,09:30:02,$ 3283.00,2
2143,09:30:02,$ 3283.00,4
2144,09:30:02,$ 3283.00,2
2145,09:30:02,$ 3283.00,1
2146,09:30:02,$ 3283.00,1
2147,09:30:02,$ 3283.00,1
2148,09:30:02,$ 3283.00,1
2149,09:30:02,$ 3283.00,1
2150,09:30:02,$ 3283.00,1
2151,09:30:02,$ 3283.00,1
2152,09:30:02,$ 3283.00,1
2153,09:30:02,$ 3283.00,1
2154,09:30:02,$ 3283.00,1
2155,09:30:02,$ 3283.00,1
2156,09:30:02,$ 3283.00,1
2157,09:30:02,$ 3283.00,1
2158,09:30:02,$ 3283.00,1
2159,09:30:02,$ 3283.00,6
2160,09:30:02,$ 3283.00,1
2161,09:30:02,$ 3283.00,1
2162,09:30:02,$ 3283.00,1
2164,09:30:02,$ 3283.00,1
2165,09:30:02,$ 3283.00,1
2166,09:30:02,$ 3283.00,1
2167,09:30:02,$ 3283.00,1
2168,09:30:02,$ 3283.00,1
2169,09:30:02,$ 3283.00,1
2170,09:30:02,$ 3283.00,1
2171,09:30:02,$ 3283.00,1
2172,09:30:02,$ 3283.00,1
2173,09:30:02,$ 3283.00,1
2174,09:30:02,$ 3283.00,1
2175,09:30:02,$ 3283.00,1
2176,09:30:02,$ 3283.00,1
2177,09:30:02,$ 3283.00,1
2178,09:30:02,$ 3283.00,1
2179,09:30:02,$ 3283.00,1
2180,09:30:02,$ 3283.00,1
2181,09:30:02,$ 3283.00,1
2182,09:30:02,$ 3283.00,1
2183,09:30:02,$ 3283.00,1
2185,09:30:02,$ 3283.00,1
2186,09:30:02,$ 3283.00,1
2187,09:30:02,$ 3283.00,1
2188,09:30:02,$ 3283.00,1
2189,09:30:02,$ 3283.00,1
2190,09:30:02,$ 3283.00,1
2191,09:30:02,$ 3283.00,1
2192,09:30:02,$ 3283.00,1
2193,09:30:02,$ 3283.00,1
2194,09:30:02,$ 3283.00,1
2195,09:30:02,$ 3283.00,1
2196,09:30:02,$ 3283.00,1
2197,09:30:02,$ 3283.00,1
2198,09:30:02,$ 3283.00,20
2199,09:30:02,$ 3283.00,12
2200,09:30:02,$ 3283.00,15
2201,09:30:02,$ 3283.00,18
2202,09:30:02,$ 3283.00,6
2203,09:30:02,$ 3283.00,4
2204,09:30:02,$ 3283.00,1
2206,09:30:02,$ 3283.00,1
2207,09:30:02,$ 3283.00,8
2208,09:30:02,$ 3283.00,1
2209,09:30:02,$ 3283.00,1
2210,09:30:02,$ 3283.00,2
2211,09:30:02,$ 3283.00,1
2212,09:30:02,$ 3283.00,1
2213,09:30:02,$ 3283.00,1
2214,09:30:02,$ 3283.00,1
2215,09:30:02,$ 3283.00,1
2216,09:30:02,$ 3283.00,1
2217,09:30:02,$ 3283.00,1
2218,09:30:02,$ 3283.00,1
2219,09:30:02,$ 3283.00,2
2220,09:30:02,$ 3283.00,6
2221,09:30:02,$ 3283.00,1
2222,09:30:02,$ 3283.00,1
2223,09:30:02,$ 3283.00,14
2224,09:30:02,$ 3283.00,1
2225,09:30:02,$ 3283.00,1
2227,09:30:02,$ 3283.00,494
2228,09:30:02,$ 3283.00,3
2229,09:30:02,$ 3283.00,4
2230,09:30:02,$ 3283.00,50
2231,09:30:02,$ 3283.00,50
2232,09:30:02,$ 3283.00,40
2233,09:30:02,$ 3283.00,2
2234,09:30:02,$ 3283.00,2
2235,09:30:02,$ 3283.00,1
2236,09:30:02,$ 3283.00,3
2237,09:30:02,$ 3283.00,1
2238,09:30:02,$ 3283.00,30
2239,09:30:02,$ 3283.00,1
2240,09:30:02,$ 3283.00,1
2241,09:30:02,$ 3283.00,3
2242,09:30:02,$ 3283.00,1
2243,09:30:02,$ 3283.00,4
2244,09:30:02,$ 3283.00,1
2245,09:30:02,$ 3283.00,3
2246,09:30:02,$ 3283.00,1
2248,09:30:02,$ 3283.00,4
2249,09:30:02,$ 3283.00,1
2250,09:30:02,$ 3283.00,1
2251,09:30:02,$ 3283.00,1
2252,09:30:02,$ 3283.00,10
2253,09:30:02,$ 3283.00,1
2254,09:30:02,$ 3283.00,3
2255,09:30:02,$ 3283.00,50
2256,09:30:02,$ 3283.00,1
2257,09:30:02,$ 3283.00,10
2258,09:30:02,$ 3283.00,6
2259,09:30:02,$ 3283.00,2
2260,09:30:02,$ 3283.00,1
2261,09:30:02,$ 3283.00,200
2262,09:30:02,$ 3283.00,2
2263,09:30:02,$ 3283.00,3
2264,09:30:02,$ 3283.00,1
2265,09:30:02,$ 3283.00,3
2266,09:30:02,$ 3283.00,5
2267,09:30:02,$ 3283.00,1
2269,09:30:02,$ 3283.00,1
2270,09:30:02,$ 3283.00,1
2271,09:30:02,$ 3283.00,4
2272,09:30:02,$ 3283.00,10
2273,09:30:02,$ 3283.00,3
2274,09:30:02,$ 3283.00,15
2275,09:30:02,$ 3283.00,1
2276,09:30:02,$ 3283.00,10
2277,09:30:02,$ 3283.00,11
2278,09:30:02,$ 3283.00,3
2279,09:30:02,$ 3283.00,1
2280,09:30:02,$ 3283.00,3
2281,09:30:02,$ 3283.00,15
2282,09:30:02,$ 3283.00,4
2283,09:30:02,$ 3283.00,30
2284,09:30:02,$ 3283.00,5
2285,09:30:02,$ 3283.00,1
2286,09:30:02,$ 3283.00,1
2287,09:30:02,$ 3283.00,3
2288,09:30:02,$ 3283.00,15
2290,09:30:02,$ 3283.00,8
2291,09:30:02,$ 3283.00,5
2292,09:30:02,$ 3283.00,3
2293,09:30:02,$ 3283.00,1
2294,09:30:02,$ 3283.00,1
2295,09:30:02,$ 3283.00,5
2296,09:30:02,$ 3283.00,2
2297,09:30:02,$ 3283.00,1
2298,09:30:02,$ 3283.00,2
2299,09:30:02,$ 3283.00,3
2300,09:30:02,$ 3283.00,1
2301,09:30:02,$ 3283.00,1
2302,09:30:02,$ 3283.00,1
2303,09:30:02,$ 3283.00,1
2304,09:30:02,$ 3283.00,3
2305,09:30:02,$ 3283.00,1
2306,09:30:02,$ 3283.00,1
2307,09:30:02,$ 3283.00,1
2308,09:30:02,$ 3283.00,2
2309,09:30:02,$ 3283.00,1
2311,09:30:02,$ 3283.00,1
2312,09:30:02,$ 3283.00,1
2313,09:30:02,$ 3283.00,5
2314,09:30:02,$ 3283.00,1
2315,09:30:02,$ 3283.00,1
2316,09:30:02,$ 3283.00,1
2317,09:30:02,$ 3283.00,8
2318,09:30:02,$ 3283.00,1
2319,09:30:02,$ 3283.00,10
2320,09:30:02,$ 3283.00,3
2321,09:30:02,$ 3283.00,12
2322,09:30:02,$ 3283.00,1
2323,09:30:02,$ 3283.00,1
2324,09:30:02,$ 3283.00,1
2325,09:30:02,$ 3283.00,6
2326,09:30:02,$ 3283.00,2
2327,09:30:02,$ 3283.00,1
2328,09:30:02,$ 3283.00,6
2329,09:30:02,$ 3283.00,1
2330,09:30:02,$ 3283.00,2
2332,09:30:02,$ 3283.00,1
2333,09:30:02,$ 3283.00,3
2334,09:30:02,$ 3283.00,1
2335,09:30:02,$ 3283.00,1
2336,09:30:02,$ 3283.00,1
2337,09:30:02,$ 3283.00,1
2338,09:30:02,$ 3283.00,3
2339,09:30:02,$ 3283.00,2
2340,09:30:02,$ 3283.00,1
2341,09:30:02,$ 3283.00,3
2342,09:30:02,$ 3283.00,6
2343,09:30:02,$ 3283.00,6
2344,09:30:02,$ 3283.00,6
2345,09:30:02,$ 3283.00,6
2346,09:30:02,$ 3283.00,1
2347,09:30:02,$ 3283.00,1
2348,09:30:02,$ 3283.00,2
2349,09:30:02,$ 3283.00,2
2350,09:30:02,$ 3283.00,1
2351,09:30:02,$ 3283.00,1
2353,09:30:02,$ 3283.00,6
2354,09:30:02,$ 3283.00,1
2355,09:30:02,$ 3283.00,3
2356,09:30:02,$ 3283.00,1
2357,09:30:02,$ 3283.00,2
2358,09:30:02,$ 3283.00,2
2359,09:30:02,$ 3283.00,2
2360,09:30:02,$ 3283.00,2
2361,09:30:02,$ 3283.00,2
2362,09:30:02,$ 3283.00,5
2363,09:30:02,$ 3283.00,5
2364,09:30:02,$ 3283.00,3
2365,09:30:02,$ 3283.00,1
2366,09:30:02,$ 3283.00,4
2367,09:30:02,$ 3283.00,4
2368,09:30:02,$ 3283.00,49
2369,09:30:02,$ 3283.00,184
2370,09:30:02,$ 3283.00,1
2371,09:30:02,$ 3283.00,28
2372,09:30:02,$ 3283.00,191
2374,09:30:02,$ 3283.00,102
2375,09:30:02,$ 3283.00,5
2376,09:30:02,$ 3283.00,25
2377,09:30:02,$ 3283.00,1
2378,09:30:02,$ 3283.00,10
2379,09:30:02,$ 3283.00,100
2380,09:30:02,$ 3283.00,16
2381,09:30:02,$ 3283.00,18
2382,09:30:02,$ 3283.00,10
2383,09:30:02,$ 3283.00,19
2384,09:30:02,$ 3283.00,94
2385,09:30:02,$ 3283.00,2
2386,09:30:02,$ 3283.00,1
2387,09:30:02,$ 3283.00,4
2388,09:30:02,$ 3283.00,30
2389,09:30:02,$ 3283.00,12
2390,09:30:02,$ 3283.00,67
2391,09:30:02,$ 3283.00,16
2392,09:30:02,$ 3283.00,25
2393,09:30:02,$ 3283.00,3
2395,09:30:02,$ 3283.00,2
2396,09:30:02,$ 3283.00,16
2397,09:30:02,$ 3283.00,1
2398,09:30:02,$ 3283.00,15
2399,09:30:02,$ 3283.00,23
2400,09:30:02,$ 3283.00,1
2401,09:30:02,$ 3283.00,16
2402,09:30:02,$ 3283.00,32
2403,09:30:02,$ 3283.00,32
2404,09:30:02,$ 3283.00,31
2405,09:30:02,$ 3283.00,31
2406,09:30:02,$ 3283.00,31
2407,09:30:02,$ 3283.00,31
2408,09:30:02,$ 3283.00,30
2409,09:30:02,$ 3283.00,30
2410,09:30:02,$ 3283.00,30
2411,09:30:02,$ 3283.00,30
2412,09:30:02,$ 3283.00,10
2413,09:30:02,$ 3283.00,1
2414,09:30:02,$ 3283.00,3
2416,09:30:02,$ 3283.00,30
2417,09:30:02,$ 3283.00,5
2418,09:30:02,$ 3283.00,139
2419,09:30:02,$ 3283.00,140
2420,09:30:02,$ 3283.00,27
2421,09:30:02,$ 3283.00,2
2422,09:30:02,$ 3283.00,1
2423,09:30:02,$ 3283.00,15
2424,09:30:02,$ 3283.00,2
2425,09:30:02,$ 3283.00,9
2426,09:30:02,$ 3283.00,3
2427,09:30:02,$ 3283.00,1
2428,09:30:02,$ 3283.00,7
2429,09:30:02,$ 3283.00,6
2430,09:30:02,$ 3283.00,2
2431,09:30:02,$ 3283.00,9
2432,09:30:02,$ 3283.00,7
2433,09:30:02,$ 3283.00,8
2434,09:30:02,$ 3283.00,2
2435,09:30:02,$ 3283.00,10
2437,09:30:02,$ 3283.00,15
2438,09:30:02,$ 3283.00,6
2439,09:30:02,$ 3283.00,4
2440,09:30:02,$ 3283.00,2
2441,09:30:02,$ 3283.00,9
2442,09:30:02,$ 3283.00,11
2443,09:30:02,$ 3283.00,2
2444,09:30:02,$ 3283.00,16
2445,09:30:02,$ 3283.00,1
2446,09:30:02,$ 3283.00,36
2447,09:30:02,$ 3283.00,13
2448,09:30:02,$ 3283.00,8
2449,09:30:02,$ 3283.00,1
2450,09:30:02,$ 3283.00,5
2451,09:30:02,$ 3283.00,200
2452,09:30:02,$ 3283.00,1
2453,09:30:02,$ 3283.00,4
2454,09:30:02,$ 3283.00,11
2455,09:30:02,$ 3283.00,3
2456,09:30:02,$ 3283.00,1
2458,09:30:02,$ 3283.00,9
2459,09:30:02,$ 3283.00,2
2460,09:30:02,$ 3283.00,2
2461,09:30:02,$ 3283.00,80
2462,09:30:02,$ 3283.00,1
2463,09:30:02,$ 3283.00,5
2464,09:30:02,$ 3283.00,1
2465,09:30:02,$ 3283.00,1
2466,09:30:02,$ 3283.00,11
2467,09:30:02,$ 3283.00,1
2468,09:30:02,$ 3283.00,13
2469,09:30:02,$ 3283.00,200
2470,09:30:02,$ 3283.00,128
2471,09:30:02,$ 3283.00,10
2472,09:30:02,$ 3283.00,3
2473,09:30:02,$ 3283.00,2
2474,09:30:02,$ 3283.00,12
2475,09:30:02,$ 3283.00,62
2476,09:30:02,$ 3283.00,15
2477,09:30:02,$ 3283.00,55
2479,09:30:02,$ 3283.00,1
2480,09:30:02,$ 3283.00,176
2481,09:30:02,$ 3283.00,1
2482,09:30:02,$ 3283.00,5
2483,09:30:02,$ 3283.00,1
2484,09:30:02,$ 3283.00,55
2485,09:30:02,$ 3283.00,3
2486,09:30:02,$ 3283.00,4
2487,09:30:02,$ 3283.00,91
2488,09:30:02,$ 3283.00,59
2489,09:30:02,$ 3283.00,3
2490,09:30:02,$ 3283.00,1
2491,09:30:02,$ 3283.00,4
2492,09:30:02,$ 3283.00,7
2493,09:30:02,$ 3283.00,2
2494,09:30:02,$ 3283.00,18
2495,09:30:02,$ 3283.00,17
2496,09:30:02,$ 3283.00,2
2497,09:30:02,$ 3283.00,71
2498,09:30:02,$ 3283.00,97
2500,09:30:02,$ 3283.00,5
2501,09:30:02,$ 3283.00,1
2502,09:30:02,$ 3283.00,8
2503,09:30:02,$ 3283.00,50
2504,09:30:02,$ 3283.00,1
2505,09:30:02,$ 3283.00,300
2506,09:30:02,$ 3283.00,6
2507,09:30:02,$ 3283.00,1
2508,09:30:02,$ 3283.00,12
2509,09:30:02,$ 3283.00,2
2510,09:30:02,$ 3283.00,9
2511,09:30:02,$ 3283.00,23
2512,09:30:02,$ 3283.00,3
2513,09:30:02,$ 3283.00,5
2514,09:30:02,$ 3283.00,1
2515,09:30:02,$ 3283.00,53
2516,09:30:02,$ 3283.00,4
2517,09:30:02,$ 3283.00,1
2518,09:30:02,$ 3283.00,10
2519,09:30:02,$ 3283.00,1
2521,09:30:02,$ 3283.00,582
2522,09:30:02,$ 3283.00,62
2523,09:30:02,$ 3283.00,2
2524,09:30:02,$ 3283.00,1
2525,09:30:02,$ 3283.00,1
2526,09:30:02,$ 3283.00,1
2527,09:30:02,$ 3283.00,13
2528,09:30:02,$ 3283.00,1
2529,09:30:02,$ 3283.00,13
2530,09:30:02,$ 3283.00,3
2531,09:30:02,$ 3283.00,20
2532,09:30:02,$ 3283.00,2
2533,09:30:02,$ 3283.00,165
2534,09:30:02,$ 3283.00,1
2535,09:30:02,$ 3283.00,1
2536,09:30:02,$ 3283.00,4
2537,09:30:02,$ 3283.00,3
2538,09:30:02,$ 3283.00,1
2539,09:30:02,$ 3283.00,70
2540,09:30:02,$ 3283.00,41
2542,09:30:02,$ 3283.00,3
2543,09:30:02,$ 3283.00,23
2544,09:30:02,$ 3283.00,2
2545,09:30:02,$ 3283.00,2
2546,09:30:02,$ 3283.00,3
2547,09:30:02,$ 3283.00,2
2548,09:30:02,$ 3283.00,3
2549,09:30:02,$ 3283.00,3
2550,09:30:02,$ 3283.00,25
2551,09:30:02,$ 3283.00,10
2552,09:30:02,$ 3283.00,51
2553,09:30:02,$ 3283.00,1
2554,09:30:02,$ 3283.00,5
2555,09:30:02,$ 3283.00,1
2556,09:30:02,$ 3283.00,30
2557,09:30:02,$ 3283.00,2
2558,09:30:02,$ 3283.00,27
2559,09:30:02,$ 3283.00,5
2560,09:30:02,$ 3283.00,2
2561,09:30:02,$ 3283.00,23
2563,09:30:02,$ 3283.00,5
2564,09:30:02,$ 3283.00,3
2565,09:30:02,$ 3283.00,1
2566,09:30:02,$ 3283.00,1
2567,09:30:02,$ 3283.00,1
2568,09:30:02,$ 3283.00,55
2569,09:30:02,$ 3283.00,1
2570,09:30:02,$ 3283.00,3
2571,09:30:02,$ 3283.00,3
2572,09:30:02,$ 3283.00,1
2573,09:30:02,$ 3283.00,80
2574,09:30:02,$ 3283.00,5
2575,09:30:02,$ 3283.00,27
2576,09:30:02,$ 3283.00,1
2577,09:30:02,$ 3283.00,1
2578,09:30:02,$ 3283.00,3
2579,09:30:02,$ 3283.00,1
2580,09:30:02,$ 3283.00,1
2581,09:30:02,$ 3283.00,8
2582,09:30:02,$ 3283.00,3
2584,09:30:02,$ 3283.00,1
2585,09:30:02,$ 3283.00,3
2586,09:30:02,$ 3283.00,3
2587,09:30:02,$ 3283.00,3
2588,09:30:02,$ 3283.00,3
2589,09:30:02,$ 3283.00,3
2590,09:30:02,$ 3283.00,3
2591,09:30:02,$ 3283.00,1
2592,09:30:02,$ 3283.00,1
2593,09:30:02,$ 3283.00,1
2594,09:30:02,$ 3283.00,22
2595,09:30:02,$ 3283.00,1
2596,09:30:02,$ 3283.00,1
2597,09:30:02,$ 3283.00,1
2598,09:30:02,$ 3283.00,6
2599,09:30:02,$ 3283.00,2
2600,09:30:02,$ 3283.00,1
2601,09:30:02,$ 3283.00,1
2602,09:30:02,$ 3283.00,1
2603,09:30:02,$ 3283.00,1
2605,09:30:02,$ 3283.00,2
2606,09:30:02,$ 3283.00,169
2607,09:30:02,$ 3283.00,1
2608,09:30:02,$ 3283.00,5
2609,09:30:02,$ 3283.00,1
2610,09:30:02,$ 3283.00,1
2611,09:30:02,$ 3283.00,5
2612,09:30:02,$ 3283.00,5
2613,09:30:02,$ 3283.00,2
2614,09:30:02,$ 3283.00,2
2615,09:30:02,$ 3283.00,5
2616,09:30:02,$ 3283.00,1
2617,09:30:02,$ 3283.00,15
2618,09:30:02,$ 3283.00,6
2619,09:30:02,$ 3283.00,1
2620,09:30:02,$ 3283.00,100
2621,09:30:02,$ 3283.00,1
2622,09:30:02,$ 3283.00,5
2623,09:30:02,$ 3283.00,13
2624,09:30:02,$ 3283.00,3
2626,09:30:02,$ 3283.00,20
2627,09:30:02,$ 3283.00,152
2628,09:30:02,$ 3283.00,8
2629,09:30:02,$ 3283.00,1
2630,09:30:02,$ 3283.00,1
2631,09:30:02,$ 3283.00,31
2632,09:30:02,$ 3283.00,2
2633,09:30:02,$ 3283.00,8
2634,09:30:02,$ 3283.00,11
2635,09:30:02,$ 3283.00,18
2636,09:30:02,$ 3283.00,1
2637,09:30:02,$ 3283.00,3
2638,09:30:02,$ 3283.00,15
2639,09:30:02,$ 3283.00,10
2640,09:30:02,$ 3283.00,2
2641,09:30:02,$ 3283.00,2
2642,09:30:02,$ 3283.00,5
2643,09:30:02,$ 3283.00,6
2644,09:30:02,$ 3283.00,2
2645,09:30:02,$ 3283.00,4
2647,09:30:02,$ 3283.00,10
2648,09:30:02,$ 3283.00,2
2649,09:30:02,$ 3283.00,3
2650,09:30:02,$ 3283.00,3
2651,09:30:02,$ 3283.00,3
2652,09:30:02,$ 3283.00,400
2653,09:30:02,$ 3283.00,3
2654,09:30:02,$ 3283.00,2
2655,09:30:02,$ 3283.00,3
2656,09:30:02,$ 3283.00,2
2657,09:30:02,$ 3283.00,70
2658,09:30:02,$ 3283.00,1
2659,09:30:02,$ 3283.00,9
2660,09:30:02,$ 3283.00,2
2661,09:30:02,$ 3283.00,2
2662,09:30:02,$ 3283.00,21
2663,09:30:02,$ 3283.00,3
2664,09:30:02,$ 3283.00,5
2665,09:30:02,$ 3283.00,9
2666,09:30:02,$ 3283.00,2
2668,09:30:02,$ 3283.00,4
2669,09:30:02,$ 3283.00,3
2670,09:30:02,$ 3283.00,1
2671,09:30:02,$ 3283.00,2
2672,09:30:02,$ 3283.00,3
2673,09:30:02,$ 3283.00,1
2674,09:30:02,$ 3283.00,3
2675,09:30:02,$ 3283.00,"2,000"
2676,09:30:02,$ 3283.00,4
2677,09:30:02,$ 3283.00,1
2678,09:30:02,$ 3283.00,1
2679,09:30:02,$ 3283.00,134
2680,09:30:02,$ 3283.00,6
2681,09:30:02,$ 3283.00,1
2682,09:30:02,$ 3283.00,1
2683,09:30:02,$ 3283.00,1
2684,09:30:02,$ 3283.00,3
2685,09:30:02,$ 3283.00,8
2686,09:30:02,$ 3283.00,5
2687,09:30:02,$ 3283.00,8
2689,09:30:02,$ 3283.00,18
2690,09:30:02,$ 3283.00,1
2691,09:30:02,$ 3283.00,121
2692,09:30:02,$ 3283.00,1
2693,09:30:02,$ 3283.00,1
2694,09:30:02,$ 3283.00,4
2695,09:30:02,$ 3283.00,7
2696,09:30:02,$ 3283.00,1
2697,09:30:02,$ 3283.00,1
2698,09:30:02,$ 3283.00,1
2699,09:30:02,$ 3283.00,25
2700,09:30:02,$ 3283.00,1
2701,09:30:02,$ 3283.00,10
2702,09:30:02,$ 3283.00,1
2703,09:30:02,$ 3283.00,1
2704,09:30:02,$ 3283.00,1
2705,09:30:02,$ 3283.00,1
2706,09:30:02,$ 3283.00,2
2707,09:30:02,$ 3283.00,1
2708,09:30:02,$ 3283.00,1
2710,09:30:02,$ 3283.00,1
2711,09:30:02,$ 3283.00,2
2712,09:30:02,$ 3283.00,200
2713,09:30:02,$ 3283.00,1
2714,09:30:02,$ 3283.00,10
2715,09:30:02,$ 3283.00,1
2716,09:30:02,$ 3283.00,1
2717,09:30:02,$ 3283.00,4
2718,09:30:02,$ 3283.00,5
2719,09:30:02,$ 3283.00,1
2720,09:30:02,$ 3283.00,1
2721,09:30:02,$ 3283.00,1
2722,09:30:02,$ 3283.00,2
2723,09:30:02,$ 3283.00,20
2724,09:30:02,$ 3283.00,1
2725,09:30:02,$ 3283.00,1
2726,09:30:02,$ 3283.00,6
2727,09:30:02,$ 3283.00,1
2728,09:30:02,$ 3283.00,1
2729,09:30:02,$ 3283.00,1
2731,09:30:02,$ 3283.00,7
2732,09:30:02,$ 3283.00,1
2733,09:30:02,$ 3283.00,4
2734,09:30:02,$ 3283.00,1
2735,09:30:02,$ 3283.00,1
2736,09:30:02,$ 3283.00,1
2737,09:30:02,$ 3283.00,1
2738,09:30:02,$ 3283.00,1
2739,09:30:02,$ 3283.00,2
2740,09:30:02,$ 3283.00,1
2741,09:30:02,$ 3283.00,1
2742,09:30:02,$ 3283.00,1
2743,09:30:02,$ 3283.00,10
2744,09:30:02,$ 3283.00,10
2745,09:30:02,$ 3283.00,1
2746,09:30:02,$ 3283.00,2
2747,09:30:02,$ 3283.00,4
2748,09:30:02,$ 3283.00,2
2749,09:30:02,$ 3283.00,1
2750,09:30:02,$ 3283.00,4
2752,09:30:02,$ 3283.00,12
2753,09:30:02,$ 3283.00,3
2754,09:30:02,$ 3283.00,8
2755,09:30:02,$ 3283.00,10
2756,09:30:02,$ 3283.00,1
2757,09:30:02,$ 3283.00,7
2758,09:30:02,$ 3283.00,1
2759,09:30:02,$ 3283.00,2
2760,09:30:02,$ 3283.00,3
2761,09:30:02,$ 3283.00,2
2762,09:30:02,$ 3283.00,150
2763,09:30:02,$ 3283.00,3
2764,09:30:02,$ 3283.00,5
2765,09:30:02,$ 3283.00,5
2766,09:30:02,$ 3283.00,3
2767,09:30:02,$ 3283.00,1
2768,09:30:02,$ 3283.00,5
2769,09:30:02,$ 3283.00,1
2770,09:30:02,$ 3283.00,1
2771,09:30:02,$ 3283.00,2
2773,09:30:02,$ 3283.00,1
2774,09:30:02,$ 3283.00,5
2775,09:30:02,$ 3283.00,3
2776,09:30:02,$ 3283.00,2
2777,09:30:02,$ 3283.00,1
2778,09:30:02,$ 3283.00,20
2779,09:30:02,$ 3283.00,4
2780,09:30:02,$ 3283.00,3
2781,09:30:02,$ 3283.00,48
2782,09:30:02,$ 3283.00,70
2783,09:30:02,$ 3283.00,1
2784,09:30:02,$ 3283.00,14
2785,09:30:02,$ 3283.00,6
2786,09:30:02,$ 3283.00,1
2787,09:30:02,$ 3283.00,2
2788,09:30:02,$ 3283.00,1
2789,09:30:02,$ 3283.00,2
2790,09:30:02,$ 3283.00,5
2791,09:30:02,$ 3283.00,3
2792,09:30:02,$ 3283.00,2
2794,09:30:02,$ 3283.00,1
2795,09:30:02,$ 3283.00,2
2796,09:30:02,$ 3283.00,31
2797,09:30:02,$ 3283.00,2
2798,09:30:02,$ 3283.00,1
2799,09:30:02,$ 3283.00,3
2800,09:30:02,$ 3283.00,2
2801,09:30:02,$ 3283.00,5
2802,09:30:02,$ 3283.00,3
2803,09:30:02,$ 3283.00,15
2804,09:30:02,$ 3283.00,6
2805,09:30:02,$ 3283.00,75
2806,09:30:02,$ 3283.00,5
2807,09:30:02,$ 3283.00,3
2808,09:30:02,$ 3283.00,1
2809,09:30:02,$ 3283.00,1
2810,09:30:02,$ 3283.00,3
2811,09:30:02,$ 3283.00,30
2812,09:30:02,$ 3283.00,30
2813,09:30:02,$ 3283.00,25
2815,09:30:02,$ 3283.00,4
2816,09:30:02,$ 3283.00,4
2817,09:30:02,$ 3283.00,20
2818,09:30:02,$ 3283.00,48
2819,09:30:02,$ 3283.00,30
2820,09:30:02,$ 3283.00,1
2821,09:30:02,$ 3283.00,5
2822,09:30:02,$ 3283.00,5
2823,09:30:02,$ 3283.00,4
2824,09:30:02,$ 3283.00,7
2825,09:30:02,$ 3283.00,1
2826,09:30:02,$ 3283.00,1
2827,09:30:02,$ 3283.00,7
2828,09:30:02,$ 3283.00,2
2829,09:30:02,$ 3283.00,13
2830,09:30:02,$ 3283.00,5
2831,09:30:02,$ 3283.00,3
2832,09:30:02,$ 3283.00,15
2833,09:30:02,$ 3283.00,13
2834,09:30:02,$ 3283.00,4
2836,09:30:02,$ 3283.00,1
2837,09:30:02,$ 3283.00,1
2838,09:30:02,$ 3283.00,1
2839,09:30:02,$ 3283.00,15
2840,09:30:02,$ 3283.00,1
2841,09:30:02,$ 3283.00,2
2842,09:30:02,$ 3283.00,1
2843,09:30:02,$ 3283.00,1
2844,09:30:02,$ 3283.00,2
2845,09:30:02,$ 3283.00,1
2846,09:30:02,$ 3283.00,5
2847,09:30:02,$ 3283.00,6
2848,09:30:02,$ 3283.00,5
2849,09:30:02,$ 3283.00,1
2850,09:30:02,$ 3283.00,2
2851,09:30:02,$ 3283.00,2
2852,09:30:02,$ 3283.00,1
2853,09:30:02,$ 3283.00,1
2854,09:30:02,$ 3283.00,14
2855,09:30:02,$ 3283.00,1
2857,09:30:02,$ 3283.00,2
2858,09:30:02,$ 3283.00,1
2859,09:30:02,$ 3283.00,1
2860,09:30:02,$ 3283.00,1
2861,09:30:02,$ 3283.00,1
2862,09:30:02,$ 3283.00,1
2863,09:30:02,$ 3283.00,1
2864,09:30:02,$ 3283.00,1
2865,09:30:02,$ 3283.00,1
2866,09:30:02,$ 3283.00,1
2867,09:30:02,$ 3283.00,10
2868,09:30:02,$ 3283.00,1
2869,09:30:02,$ 3283.00,1
2870,09:30:02,$ 3283.00,1
2871,09:30:02,$ 3283.00,1
2872,09:30:02,$ 3283.00,1
2873,09:30:02,$ 3283.00,1
2874,09:30:02,$ 3283.00,1
2875,09:30:02,$ 3283.00,1
2876,09:30:02,$ 3283.00,1
2878,09:30:02,$ 3283.00,2
2879,09:30:02,$ 3283.00,1
2880,09:30:02,$ 3283.00,1
2881,09:30:02,$ 3283.00,9
2882,09:30:02,$ 3283.00,281
2883,09:30:02,$ 3283.00,141
2884,09:30:02,$ 3283.00,1
2885,09:30:02,$ 3283.00,2
2886,09:30:02,$ 3283.00,1
2887,09:30:02,$ 3283.00,35
2888,09:30:02,$ 3283.00,13
2889,09:30:02,$ 3283.00,1
2890,09:30:02,$ 3283.00,3
2891,09:30:02,$ 3283.00,2
2892,09:30:02,$ 3283.00,3
2893,09:30:02,$ 3283.00,1
2894,09:30:02,$ 3283.00,2
2895,09:30:02,$ 3283.00,2
2896,09:30:02,$ 3283.00,3
2897,09:30:02,$ 3283.00,1
2899,09:30:02,$ 3283.00,1
2900,09:30:02,$ 3283.00,10
2901,09:30:02,$ 3283.00,2
2902,09:30:02,$ 3283.00,50
2903,09:30:02,$ 3283.00,50
2904,09:30:02,$ 3283.00,1
2905,09:30:02,$ 3283.00,1
2906,09:30:02,$ 3283.00,3
2907,09:30:02,$ 3283.00,19
2908,09:30:02,$ 3283.00,2
2909,09:30:02,$ 3283.00,5
2910,09:30:02,$ 3283.00,6
2911,09:30:02,$ 3283.00,3
2912,09:30:02,$ 3283.00,1
2913,09:30:02,$ 3283.00,1
2914,09:30:02,$ 3283.00,1
2915,09:30:02,$ 3283.00,1
2916,09:30:02,$ 3283.00,1
2917,09:30:02,$ 3283.00,5
2918,09:30:02,$ 3283.00,1
2920,09:30:02,$ 3283.00,1
2921,09:30:02,$ 3283.00,2
2922,09:30:02,$ 3283.00,4
2923,09:30:02,$ 3283.00,1
2924,09:30:02,$ 3283.00,1
2925,09:30:02,$ 3283.00,51
2926,09:30:02,$ 3283.00,1
2927,09:30:02,$ 3283.00,1
2928,09:30:02,$ 3283.00,5
2929,09:30:02,$ 3283.00,8
2930,09:30:02,$ 3283.00,1
2931,09:30:02,$ 3283.00,3
2932,09:30:02,$ 3283.00,3
2933,09:30:02,$ 3283.00,4
2934,09:30:02,$ 3283.00,1
2935,09:30:02,$ 3283.00,1
2936,09:30:02,$ 3283.00,1
2937,09:30:02,$ 3283.00,3
2938,09:30:02,$ 3283.00,3
2939,09:30:02,$ 3283.00,1
2941,09:30:02,$ 3283.00,5
2942,09:30:02,$ 3283.00,1
2943,09:30:02,$ 3283.00,3
2944,09:30:02,$ 3283.00,1
2945,09:30:02,$ 3283.00,1
2946,09:30:02,$ 3283.00,15
2947,09:30:02,$ 3283.00,1
2948,09:30:02,$ 3283.00,15
2949,09:30:02,$ 3283.00,2
2950,09:30:02,$ 3283.00,3
2951,09:30:02,$ 3283.00,4
2952,09:30:02,$ 3283.00,7
2953,09:30:02,$ 3283.00,144
2954,09:30:02,$ 3283.00,3
2955,09:30:02,$ 3283.00,4
2956,09:30:02,$ 3283.00,2
2957,09:30:02,$ 3283.00,2
2958,09:30:02,$ 3283.00,10
2959,09:30:02,$ 3283.00,1
2960,09:30:02,$ 3283.00,2
2962,09:30:02,$ 3283.00,2
2963,09:30:02,$ 3283.00,2
2964,09:30:02,$ 3283.00,1
2965,09:30:02,$ 3283.00,1
2966,09:30:02,$ 3283.00,5
2967,09:30:02,$ 3283.00,4
2968,09:30:02,$ 3283.00,1
2969,09:30:02,$ 3283.00,1
2970,09:30:02,$ 3283.00,1
2971,09:30:02,$ 3283.00,1
2972,09:30:02,$ 3283.00,1
2973,09:30:02,$ 3283.00,2
2974,09:30:02,$ 3283.00,4
2975,09:30:02,$ 3283.00,1
2976,09:30:02,$ 3283.00,5
2977,09:30:02,$ 3283.00,2
2978,09:30:02,$ 3283.00,135
2979,09:30:02,$ 3283.00,7
2980,09:30:02,$ 3283.00,1
2981,09:30:02,$ 3283.00,1
2983,09:30:02,$ 3283.00,2
2984,09:30:02,$ 3283.00,1
2985,09:30:02,$ 3283.00,3
2986,09:30:02,$ 3283.00,5
2987,09:30:02,$ 3283.00,20
2988,09:30:02,$ 3283.00,2
2989,09:30:02,$ 3283.00,2
2990,09:30:02,$ 3283.00,129
2991,09:30:02,$ 3283.00,2
2992,09:30:02,$ 3283.00,2
2993,09:30:02,$ 3283.00,6
2994,09:30:02,$ 3283.00,2
2995,09:30:02,$ 3283.00,5
2996,09:30:02,$ 3283.00,5
2997,09:30:02,$ 3283.00,8
2998,09:30:02,$ 3283.00,1
2999,09:30:02,$ 3283.00,2
3000,09:30:02,$ 3283.00,3
3001,09:30:02,$ 3283.00,1
3002,09:30:02,$ 3283.00,4
3004,09:30:02,$ 3283.00,7
3005,09:30:02,$ 3283.00,1
3006,09:30:02,$ 3283.00,3
3007,09:30:02,$ 3283.00,1
3008,09:30:02,$ 3283.00,1
3009,09:30:02,$ 3283.00,1
3010,09:30:02,$ 3283.00,2
3011,09:30:02,$ 3283.00,3
3012,09:30:02,$ 3283.00,1
3013,09:30:02,$ 3283.00,2
3014,09:30:02,$ 3283.00,2
3015,09:30:02,$ 3283.00,2
3016,09:30:02,$ 3283.00,2
3017,09:30:02,$ 3283.00,5
3018,09:30:02,$ 3283.00,45
3019,09:30:02,$ 3283.00,22
3020,09:30:02,$ 3283.00,1
3021,09:30:02,$ 3283.00,22
3022,09:30:02,$ 3283.00,1
3023,09:30:02,$ 3283.00,1
3025,09:30:02,$ 3283.00,1
3026,09:30:02,$ 3283.00,182
3027,09:30:02,$ 3283.00,21
3028,09:30:02,$ 3283.00,4
3029,09:30:02,$ 3283.00,1
3030,09:30:02,$ 3283.00,197
3031,09:30:02,$ 3283.00,1
3032,09:30:02,$ 3283.00,22
3033,09:30:02,$ 3283.00,5
3034,09:30:02,$ 3283.00,22
3035,09:30:02,$ 3283.00,2
3036,09:30:02,$ 3283.00,22
3037,09:30:02,$ 3283.00,6
3038,09:30:02,$ 3283.00,5
3039,09:30:02,$ 3283.00,2
3040,09:30:02,$ 3283.00,2
3041,09:30:02,$ 3283.00,1
3042,09:30:02,$ 3283.00,1
3043,09:30:02,$ 3283.00,22
3044,09:30:02,$ 3283.00,100
3046,09:30:02,$ 3283.00,1
3047,09:30:02,$ 3283.00,6
3048,09:30:02,$ 3283.00,1
3049,09:30:02,$ 3283.00,1
3050,09:30:02,$ 3283.00,1
3051,09:30:02,$ 3283.00,1
3052,09:30:02,$ 3283.00,15
3053,09:30:02,$ 3283.00,1
3054,09:30:02,$ 3283.00,1
3055,09:30:02,$ 3283.00,1
3056,09:30:02,$ 3283.00,7
3057,09:30:02,$ 3283.00,4
3058,09:30:02,$ 3283.00,1
3059,09:30:02,$ 3283.00,1
3060,09:30:02,$ 3283.00,21
3061,09:30:02,$ 3283.00,3
3062,09:30:02,$ 3283.00,2
3063,09:30:02,$ 3283.00,22
3064,09:30:02,$ 3283.00,1
3065,09:30:02,$ 3283.00,3
3067,09:30:02,$ 3283.00,22
3068,09:30:02,$ 3283.00,200
3069,09:30:02,$ 3283.00,1
3070,09:30:02,$ 3283.00,1
3071,09:30:02,$ 3283.00,2
3072,09:30:02,$ 3283.00,1
3073,09:30:02,$ 3283.00,3
3074,09:30:02,$ 3283.00,1
3075,09:30:02,$ 3283.00,1
3076,09:30:02,$ 3283.00,1
3077,09:30:02,$ 3283.00,3
3078,09:30:02,$ 3283.00,3
3079,09:30:02,$ 3283.00,5
3080,09:30:02,$ 3283.00,1
3081,09:30:02,$ 3283.00,2
3082,09:30:02,$ 3283.00,1
3083,09:30:02,$ 3283.00,6
3084,09:30:02,$ 3283.00,50
3085,09:30:02,$ 3283.00,1
3086,09:30:02,$ 3283.00,1
3088,09:30:02,$ 3283.00,25
3089,09:30:02,$ 3283.00,1
3090,09:30:02,$ 3283.00,1
3091,09:30:02,$ 3283.00,1
3092,09:30:02,$ 3283.00,2
3093,09:30:02,$ 3283.00,2
3094,09:30:02,$ 3283.00,1
3095,09:30:02,$ 3283.00,4
3096,09:30:02,$ 3283.00,1
3097,09:30:02,$ 3283.00,3
3098,09:30:02,$ 3283.00,1
3099,09:30:02,$ 3283.00,3
3100,09:30:02,$ 3283.00,1
3101,09:30:02,$ 3283.00,30
3102,09:30:02,$ 3283.00,15
3103,09:30:02,$ 3283.00,2
3104,09:30:02,$ 3283.00,1
3105,09:30:02,$ 3283.00,14
3106,09:30:02,$ 3283.00,1
3107,09:30:02,$ 3283.00,1
3109,09:30:02,$ 3283.00,1
3110,09:30:02,$ 3283.00,1
3111,09:30:02,$ 3283.00,1
3112,09:30:02,$ 3283.00,25
3113,09:30:02,$ 3283.00,1
3114,09:30:02,$ 3283.00,1
3115,09:30:02,$ 3283.00,25
3116,09:30:02,$ 3283.00,20
3117,09:30:02,$ 3283.00,1
3118,09:30:02,$ 3283.00,184
3119,09:30:02,$ 3283.00,2
3120,09:30:02,$ 3283.00,1
3121,09:30:02,$ 3283.00,3
3122,09:30:02,$ 3283.00,11
3123,09:30:02,$ 3283.00,1
3124,09:30:02,$ 3283.00,10
3125,09:30:02,$ 3283.00,2
3126,09:30:02,$ 3283.00,1
3127,09:30:02,$ 3283.00,2
3128,09:30:02,$ 3283.00,5
3130,09:30:02,$ 3283.00,30
3131,09:30:02,$ 3283.00,10
3132,09:30:02,$ 3283.00,4
3133,09:30:02,$ 3283.00,3
3134,09:30:02,$ 3283.00,1
3135,09:30:02,$ 3283.00,2
3136,09:30:02,$ 3283.00,1
3137,09:30:02,$ 3283.00,5
3138,09:30:02,$ 3283.00,1
3139,09:30:02,$ 3283.00,2
3140,09:30:02,$ 3283.00,2
3141,09:30:02,$ 3283.00,5
3142,09:30:02,$ 3283.00,13
3143,09:30:02,$ 3283.00,10
3144,09:30:02,$ 3283.00,16
3145,09:30:02,$ 3283.00,10
3146,09:30:02,$ 3283.00,10
3147,09:30:02,$ 3283.00,20
3148,09:30:02,$ 3283.00,3
3149,09:30:02,$ 3283.00,2
3151,09:30:02,$ 3283.00,4
3152,09:30:02,$ 3283.00,5
3153,09:30:02,$ 3283.00,1
3154,09:30:02,$ 3283.00,1
3155,09:30:02,$ 3283.00,5
3156,09:30:02,$ 3283.00,4
3157,09:30:02,$ 3283.00,2
3158,09:30:02,$ 3283.00,1
3159,09:30:02,$ 3283.00,2
3160,09:30:02,$ 3283.00,1
3161,09:30:02,$ 3283.00,1
3162,09:30:02,$ 3283.00,1
3163,09:30:02,$ 3283.00,2
3164,09:30:02,$ 3283.00,30
3165,09:30:02,$ 3283.00,1
3166,09:30:02,$ 3283.00,2
3167,09:30:02,$ 3283.00,5
3168,09:30:02,$ 3283.00,10
3169,09:30:02,$ 3283.00,2
3170,09:30:02,$ 3283.00,1
3172,09:30:02,$ 3283.00,20
3173,09:30:02,$ 3283.00,7
3174,09:30:02,$ 3283.00,5
3175,09:30:02,$ 3283.00,1
3176,09:30:02,$ 3283.00,1
3177,09:30:02,$ 3283.00,10
3178,09:30:02,$ 3283.00,1
3179,09:30:02,$ 3283.00,1
3180,09:30:02,$ 3283.00,2
3181,09:30:02,$ 3283.00,3
3182,09:30:02,$ 3283.00,3
3183,09:30:02,$ 3283.00,1
3184,09:30:02,$ 3283.00,10
3185,09:30:02,$ 3283.00,3
3186,09:30:02,$ 3283.00,95
3187,09:30:02,$ 3283.00,10
3188,09:30:02,$ 3283.00,3
3189,09:30:02,$ 3283.00,3
3190,09:30:02,$ 3283.00,1
3191,09:30:02,$ 3283.00,3
3193,09:30:02,$ 3283.00,2
3194,09:30:02,$ 3283.00,2
3195,09:30:02,$ 3283.00,3
3196,09:30:02,$ 3283.00,2
3197,09:30:02,$ 3283.00,2
3198,09:30:02,$ 3283.00,10
3199,09:30:02,$ 3283.00,5
3200,09:30:02,$ 3283.00,3
3201,09:30:02,$ 3283.00,1
3202,09:30:02,$ 3283.00,1
3203,09:30:02,$ 3283.00,2
3204,09:30:02,$ 3283.00,1
3205,09:30:02,$ 3283.00,5
3206,09:30:02,$ 3283.00,2
3207,09:30:02,$ 3283.00,10
3208,09:30:02,$ 3283.00,6
3209,09:30:02,$ 3283.00,5
3210,09:30:02,$ 3283.00,15
3211,09:30:02,$ 3283.00,5
3212,09:30:02,$ 3283.00,1
3214,09:30:02,$ 3283.00,3
3215,09:30:02,$ 3283.00,1
3216,09:30:02,$ 3283.00,3
3217,09:30:02,$ 3283.00,1
3218,09:30:02,$ 3283.00,9
3219,09:30:02,$ 3283.00,2
3220,09:30:02,$ 3283.00,8
3221,09:30:02,$ 3283.00,2
3222,09:30:02,$ 3283.00,2
3223,09:30:02,$ 3283.00,1
3224,09:30:02,$ 3283.00,1
3225,09:30:02,$ 3283.00,1
3226,09:30:02,$ 3283.00,1
3227,09:30:02,$ 3283.00,2
3228,09:30:02,$ 3283.00,1
3229,09:30:02,$ 3283.00,1
3230,09:30:02,$ 3283.00,3
3231,09:30:02,$ 3283.00,1
3232,09:30:02,$ 3283.00,8
3233,09:30:02,$ 3283.00,2
3235,09:30:02,$ 3283.00,1
3236,09:30:02,$ 3283.00,1
3237,09:30:02,$ 3283.00,7
3238,09:30:02,$ 3283.00,2
3239,09:30:02,$ 3283.00,1
3240,09:30:02,$ 3283.00,1
3241,09:30:02,$ 3283.00,7
3242,09:30:02,$ 3283.00,2
3243,09:30:02,$ 3283.00,10
3244,09:30:02,$ 3283.00,1
3245,09:30:02,$ 3283.00,1
3246,09:30:02,$ 3283.00,1
3247,09:30:02,$ 3283.00,1
3248,09:30:02,$ 3283.00,1
3249,09:30:02,$ 3283.00,10
3250,09:30:02,$ 3283.00,6
3251,09:30:02,$ 3283.00,6
3252,09:30:02,$ 3283.00,1
3253,09:30:02,$ 3283.00,1
3254,09:30:02,$ 3283.00,2
3256,09:30:02,$ 3283.00,2
3257,09:30:02,$ 3283.00,2
3258,09:30:02,$ 3283.00,2
3259,09:30:02,$ 3283.00,3
3260,09:30:02,$ 3283.00,1
3261,09:30:02,$ 3283.00,1
3262,09:30:02,$ 3283.00,1
3263,09:30:02,$ 3283.00,5
3264,09:30:02,$ 3283.00,1
3265,09:30:02,$ 3283.00,1
3266,09:30:02,$ 3283.00,5
3267,09:30:02,$ 3283.00,1
3268,09:30:02,$ 3283.00,1
3269,09:30:02,$ 3283.00,10
3270,09:30:02,$ 3283.00,1
3271,09:30:02,$ 3283.00,10
3272,09:30:02,$ 3283.00,1
3273,09:30:02,$ 3283.00,1
3274,09:30:02,$ 3283.00,12
3275,09:30:02,$ 3283.00,6
3277,09:30:02,$ 3283.00,2
3278,09:30:02,$ 3283.00,1
3279,09:30:02,$ 3283.00,1
3280,09:30:02,$ 3283.00,4
3281,09:30:02,$ 3283.00,6
3282,09:30:02,$ 3283.00,30
3283,09:30:02,$ 3283.00,6
3284,09:30:02,$ 3283.00,7
3285,09:30:02,$ 3283.00,1
3286,09:30:02,$ 3283.00,1
3287,09:30:02,$ 3283.00,1
3288,09:30:02,$ 3283.00,1
3289,09:30:02,$ 3283.00,75
3290,09:30:02,$ 3283.00,1
3291,09:30:02,$ 3283.00,1
3292,09:30:02,$ 3283.00,1
3293,09:30:02,$ 3283.00,5
3294,09:30:02,$ 3283.00,1
3295,09:30:02,$ 3283.00,1
3296,09:30:02,$ 3283.00,1
3298,09:30:02,$ 3283.00,1
3299,09:30:02,$ 3283.00,4
3300,09:30:02,$ 3283.00,10
3301,09:30:02,$ 3283.00,1
3302,09:30:02,$ 3283.00,1
3303,09:30:02,$ 3283.00,2
3304,09:30:02,$ 3283.00,10
3305,09:30:02,$ 3283.00,1
3306,09:30:02,$ 3283.00,10
3307,09:30:02,$ 3283.00,3
3308,09:30:02,$ 3283.00,12
3309,09:30:02,$ 3283.00,7
3310,09:30:02,$ 3283.00,1
3311,09:30:02,$ 3283.00,2
3312,09:30:02,$ 3283.00,7
3313,09:30:02,$ 3283.00,5
3314,09:30:02,$ 3283.00,10
3315,09:30:02,$ 3283.00,10
3316,09:30:02,$ 3283.00,5
3317,09:30:02,$ 3283.00,3
3319,09:30:02,$ 3283.00,2
3320,09:30:02,$ 3283.00,8
3321,09:30:02,$ 3283.00,1
3322,09:30:02,$ 3283.00,1
3323,09:30:02,$ 3283.00,1
3324,09:30:02,$ 3283.00,1
3325,09:30:02,$ 3283.00,1
3326,09:30:02,$ 3283.00,1
3327,09:30:02,$ 3283.00,2
3328,09:30:02,$ 3283.00,1
3329,09:30:02,$ 3283.00,2
3330,09:30:02,$ 3283.00,1
3331,09:30:02,$ 3283.00,1
3332,09:30:02,$ 3283.00,1
3333,09:30:02,$ 3283.00,6
3334,09:30:02,$ 3283.00,1
3335,09:30:02,$ 3283.00,100
3336,09:30:02,$ 3283.00,1
3337,09:30:02,$ 3283.00,5
3338,09:30:02,$ 3283.00,5
3340,09:30:02,$ 3283.00,10
3341,09:30:02,$ 3283.00,27
3342,09:30:02,$ 3283.00,10
3343,09:30:02,$ 3283.00,10
3344,09:30:02,$ 3283.00,53
3345,09:30:02,$ 3283.00,228
3346,09:30:02,$ 3283.00,11
3347,09:30:02,$ 3283.00,50
3348,09:30:02,$ 3283.00,5
3349,09:30:02,$ 3283.00,1
3350,09:30:02,$ 3283.00,38
3351,09:30:02,$ 3283.00,1
3352,09:30:02,$ 3283.00,1
3353,09:30:02,$ 3283.00,350
3354,09:30:02,$ 3283.00,350
3355,09:30:02,$ 3283.00,1
3356,09:30:02,$ 3283.00,1
3357,09:30:02,$ 3283.00,1
3358,09:30:02,$ 3283.00,1
3359,09:30:02,$ 3283.00,72
3361,09:30:02,$ 3283.00,273
3362,09:30:02,$ 3283.00,2
3363,09:30:02,$ 3283.00,1
3364,09:30:02,$ 3283.00,1
3365,09:30:02,$ 3283.00,1
3366,09:30:02,$ 3283.00,1
3367,09:30:02,$ 3283.00,12
3368,09:30:02,$ 3283.00,2
3369,09:30:02,$ 3283.00,1
3370,09:30:02,$ 3283.00,1
3371,09:30:02,$ 3283.00,2
3372,09:30:02,$ 3283.00,2
3373,09:30:02,$ 3283.00,1
3374,09:30:02,$ 3283.00,2
3375,09:30:02,$ 3283.00,3
3376,09:30:02,$ 3283.00,1
3377,09:30:02,$ 3283.00,1
3378,09:30:02,$ 3283.00,1
3379,09:30:02,$ 3283.00,1
3380,09:30:02,$ 3283.00,1
3382,09:30:02,$ 3283.00,2
3383,09:30:02,$ 3283.00,1
3384,09:30:02,$ 3283.00,1
3385,09:30:02,$ 3283.00,1
3386,09:30:02,$ 3283.00,2
3387,09:30:02,$ 3283.00,1
3388,09:30:02,$ 3283.00,1
3389,09:30:02,$ 3283.00,1
3390,09:30:02,$ 3283.00,7
3391,09:30:02,$ 3283.00,1
3392,09:30:02,$ 3283.00,1
3393,09:30:02,$ 3283.00,1
3394,09:30:02,$ 3283.00,1
3395,09:30:02,$ 3283.00,1
3396,09:30:02,$ 3283.00,20
3397,09:30:02,$ 3283.00,61
3398,09:30:02,$ 3283.00,1
3399,09:30:02,$ 3283.00,1
3400,09:30:02,$ 3283.00,2
3401,09:30:02,$ 3283.00,1
3403,09:30:02,$ 3283.00,1
3404,09:30:02,$ 3283.00,1
3405,09:30:02,$ 3283.00,1
3406,09:30:02,$ 3283.00,1
3407,09:30:02,$ 3283.00,1
3408,09:30:02,$ 3283.00,1
3409,09:30:02,$ 3283.00,1
3410,09:30:02,$ 3283.00,1
3411,09:30:02,$ 3283.00,3
3412,09:30:02,$ 3283.00,2
3413,09:30:02,$ 3283.00,4
3414,09:30:02,$ 3283.00,1
3415,09:30:02,$ 3283.00,1
3416,09:30:02,$ 3283.00,6
3417,09:30:02,$ 3283.00,6
3418,09:30:02,$ 3283.00,1
3419,09:30:02,$ 3283.00,1
3420,09:30:02,$ 3283.00,1
3421,09:30:02,$ 3283.00,2
3422,09:30:02,$ 3283.00,4
3424,09:30:02,$ 3283.00,3
3425,09:30:02,$ 3283.00,6
3426,09:30:02,$ 3283.00,5
3427,09:30:02,$ 3283.00,1
3428,09:30:02,$ 3283.00,1
3429,09:30:02,$ 3283.00,5
3430,09:30:02,$ 3283.00,1
3431,09:30:02,$ 3283.00,3
3432,09:30:02,$ 3283.00,1
3433,09:30:02,$ 3283.00,2
3434,09:30:02,$ 3283.00,1
3435,09:30:02,$ 3283.00,6
3436,09:30:02,$ 3283.00,1
3437,09:30:02,$ 3283.00,10
3438,09:30:02,$ 3283.00,1
3439,09:30:02,$ 3283.00,2
3440,09:30:02,$ 3283.00,3
3441,09:30:02,$ 3283.00,4
3442,09:30:02,$ 3283.00,2
3443,09:30:02,$ 3283.00,4
3445,09:30:02,$ 3283.00,2
3446,09:30:02,$ 3283.00,1
3447,09:30:02,$ 3283.00,1
3448,09:30:02,$ 3283.00,14
3449,09:30:02,$ 3283.00,1
3450,09:30:02,$ 3283.00,1
3451,09:30:02,$ 3283.00,1
3452,09:30:02,$ 3283.00,3
3453,09:30:02,$ 3283.00,2
3454,09:30:02,$ 3283.00,4
3455,09:30:02,$ 3283.00,9
3456,09:30:02,$ 3283.00,4
3457,09:30:02,$ 3283.00,20
3458,09:30:02,$ 3283.00,25
3459,09:30:02,$ 3283.00,4
3460,09:30:02,$ 3283.00,3
3461,09:30:02,$ 3283.00,10
3462,09:30:02,$ 3283.00,2
3463,09:30:02,$ 3283.00,2
3464,09:30:02,$ 3283.00,10
3466,09:30:02,$ 3283.00,5
3467,09:30:02,$ 3283.00,1
3468,09:30:02,$ 3283.00,1
3469,09:30:02,$ 3283.00,1
3470,09:30:02,$ 3283.00,1
3471,09:30:02,$ 3283.00,1
3472,09:30:02,$ 3283.00,1
3473,09:30:02,$ 3283.00,4
3474,09:30:02,$ 3283.00,1
3475,09:30:02,$ 3283.00,1
3476,09:30:02,$ 3283.00,5
3477,09:30:02,$ 3283.00,1
3478,09:30:02,$ 3283.00,3
3479,09:30:02,$ 3283.00,"2,140"
3480,09:30:02,$ 3283.00,2
3481,09:30:02,$ 3283.00,2
3482,09:30:02,$ 3283.00,2
3483,09:30:02,$ 3283.00,3
3484,09:30:02,$ 3283.00,1
3485,09:30:02,$ 3283.00,38
3487,09:30:02,$ 3283.00,1
3488,09:30:02,$ 3283.00,1
3489,09:30:02,$ 3283.00,1
3490,09:30:02,$ 3283.00,2
3491,09:30:02,$ 3283.00,2
3492,09:30:02,$ 3283.00,2
3493,09:30:02,$ 3283.00,4
3494,09:30:02,$ 3283.00,2
3495,09:30:02,$ 3283.00,80
3496,09:30:02,$ 3283.00,6
3497,09:30:02,$ 3283.00,2
3498,09:30:02,$ 3283.00,4
3499,09:30:02,$ 3283.00,1
3500,09:30:02,$ 3283.00,17
3501,09:30:02,$ 3283.00,7
3502,09:30:02,$ 3283.00,1
3503,09:30:02,$ 3283.00,1
3504,09:30:02,$ 3283.00,1
3505,09:30:02,$ 3283.00,1
3506,09:30:02,$ 3283.00,2
3508,09:30:02,$ 3283.00,1
3509,09:30:02,$ 3283.00,2
3510,09:30:02,$ 3283.00,1
3511,09:30:02,$ 3283.00,1
3512,09:30:02,$ 3283.00,7
3513,09:30:02,$ 3283.00,12
3514,09:30:02,$ 3283.00,1
3515,09:30:02,$ 3283.00,1
3516,09:30:02,$ 3283.00,1
3517,09:30:02,$ 3283.00,1
3518,09:30:02,$ 3283.00,3
3519,09:30:02,$ 3283.00,9
3520,09:30:02,$ 3283.00,11
3521,09:30:02,$ 3283.00,1
3522,09:30:02,$ 3283.00,747
3523,09:30:02,$ 3283.00,3
3524,09:30:02,$ 3283.00,1
3525,09:30:02,$ 3283.00,10
3526,09:30:02,$ 3283.00,1
3527,09:30:02,$ 3283.00,10
3529,09:30:02,$ 3283.00,10
3530,09:30:02,$ 3283.00,15
3531,09:30:02,$ 3283.00,30
3532,09:30:02,$ 3283.00,2
3533,09:30:02,$ 3283.00,3
3534,09:30:02,$ 3283.00,1
3535,09:30:02,$ 3283.00,53
3536,09:30:02,$ 3283.00,19
3537,09:30:02,$ 3283.00,2
3538,09:30:02,$ 3283.00,1
3539,09:30:02,$ 3283.00,1
3540,09:30:02,$ 3283.00,4
3541,09:30:02,$ 3283.00,1
3542,09:30:02,$ 3283.00,1
3543,09:30:02,$ 3283.00,2
3544,09:30:02,$ 3283.00,2
3545,09:30:02,$ 3283.00,1
3546,09:30:02,$ 3283.00,3
3547,09:30:02,$ 3283.00,1
3548,09:30:02,$ 3283.00,15
3550,09:30:02,$ 3283.00,27
3551,09:30:02,$ 3283.00,1
3552,09:30:02,$ 3283.00,1
3553,09:30:02,$ 3283.00,3
3554,09:30:02,$ 3283.00,10
3555,09:30:02,$ 3283.00,1
3556,09:30:02,$ 3283.00,200
3557,09:30:02,$ 3283.00,4
3558,09:30:02,$ 3283.00,2
3559,09:30:02,$ 3283.00,1
3560,09:30:02,$ 3283.00,1
3561,09:30:02,$ 3283.00,1
3562,09:30:02,$ 3283.00,1
3563,09:30:02,$ 3283.00,1
3564,09:30:02,$ 3283.00,2
3565,09:30:02,$ 3283.00,1
3566,09:30:02,$ 3283.00,4
3567,09:30:02,$ 3283.00,2
3568,09:30:02,$ 3283.00,1
3569,09:30:02,$ 3283.00,1
3571,09:30:02,$ 3283.00,2
3572,09:30:02,$ 3283.00,2
3573,09:30:02,$ 3283.00,6
3574,09:30:02,$ 3283.00,2
3575,09:30:02,$ 3283.00,10
3576,09:30:02,$ 3283.00,2
3577,09:30:02,$ 3283.00,100
3578,09:30:02,$ 3283.00,1
3579,09:30:02,$ 3283.00,23
3580,09:30:02,$ 3283.00,15
3581,09:30:02,$ 3283.00,10
3582,09:30:02,$ 3283.00,3
3583,09:30:02,$ 3283.00,1
3584,09:30:02,$ 3283.00,1
3585,09:30:02,$ 3283.00,1
3586,09:30:02,$ 3283.00,6
3587,09:30:02,$ 3283.00,18
3588,09:30:02,$ 3283.00,3
3589,09:30:02,$ 3283.00,100
3590,09:30:02,$ 3283.00,2
3592,09:30:02,$ 3283.00,5
3593,09:30:02,$ 3283.00,15
3594,09:30:02,$ 3283.00,3
3595,09:30:02,$ 3283.00,3
3596,09:30:02,$ 3283.00,3
3597,09:30:02,$ 3283.00,12
3598,09:30:02,$ 3283.00,60
3599,09:30:02,$ 3283.00,10
3600,09:30:02,$ 3283.00,2
3601,09:30:02,$ 3283.00,2
3602,09:30:02,$ 3283.00,3
3603,09:30:02,$ 3283.00,1
3604,09:30:02,$ 3283.00,1
3605,09:30:02,$ 3283.00,10
3606,09:30:02,$ 3283.00,7
3607,09:30:02,$ 3283.00,31
3608,09:30:02,$ 3283.00,5
3609,09:30:02,$ 3283.00,3
3610,09:30:02,$ 3283.00,1
3611,09:30:02,$ 3283.00,1
3613,09:30:02,$ 3283.00,1
3614,09:30:02,$ 3283.00,1
3615,09:30:02,$ 3283.00,3
3616,09:30:02,$ 3283.00,15
3617,09:30:02,$ 3283.00,1
3618,09:30:02,$ 3283.00,4
3619,09:30:02,$ 3283.00,1
3620,09:30:02,$ 3283.00,3
3621,09:30:02,$ 3283.00,2
3622,09:30:02,$ 3283.00,1
3623,09:30:02,$ 3283.00,50
3624,09:30:02,$ 3283.00,100
3625,09:30:02,$ 3283.00,100
3626,09:30:02,$ 3283.00,50
3627,09:30:02,$ 3283.00,100
3628,09:30:02,$ 3283.00,50
3629,09:30:02,$ 3283.00,50
3630,09:30:02,$ 3283.00,50
3631,09:30:02,$ 3283.00,200
3632,09:30:02,$ 3283.00,50
3634,09:30:02,$ 3283.00,50
3635,09:30:02,$ 3283.00,50
3636,09:30:02,$ 3283.00,50
3637,09:30:02,$ 3283.00,50
3638,09:30:02,$ 3283.00,50
3639,09:30:02,$ 3283.00,50
3640,09:30:02,$ 3283.00,50
3641,09:30:02,$ 3283.00,50
3642,09:30:02,$ 3283.00,50
3643,09:30:02,$ 3283.00,50
3644,09:30:02,$ 3283.00,50
3645,09:30:02,$ 3283.00,50
3646,09:30:02,$ 3283.00,50
3647,09:30:02,$ 3283.00,50
3648,09:30:02,$ 3283.00,50
3649,09:30:02,$ 3283.00,50
3650,09:30:02,$ 3283.00,50
3651,09:30:02,$ 3283.00,50
3652,09:30:02,$ 3283.00,50
3653,09:30:02,$ 3283.00,9
3655,09:30:02,$ 3283.00,1
3656,09:30:02,$ 3283.00,1
3657,09:30:02,$ 3283.00,1
3658,09:30:02,$ 3283.00,1
3659,09:30:02,$ 3283.00,1
3660,09:30:02,$ 3283.00,4
3661,09:30:02,$ 3283.00,2
3662,09:30:02,$ 3283.00,3
3663,09:30:02,$ 3283.00,10
3664,09:30:02,$ 3283.00,1
3665,09:30:02,$ 3283.00,1
3666,09:30:02,$ 3283.00,3
3667,09:30:02,$ 3283.00,1
3668,09:30:02,$ 3283.00,9
3669,09:30:02,$ 3283.00,2
3670,09:30:02,$ 3283.00,3
3671,09:30:02,$ 3283.00,1
3672,09:30:02,$ 3283.00,16
3673,09:30:02,$ 3283.00,14
3674,09:30:02,$ 3283.00,7
3676,09:30:02,$ 3283.00,18
3677,09:30:02,$ 3283.00,80
3678,09:30:02,$ 3283.00,322
3679,09:30:02,$ 3283.00,5
3680,09:30:02,$ 3283.00,10
3681,09:30:02,$ 3283.00,6
3682,09:30:02,$ 3283.00,1
3683,09:30:02,$ 3283.00,2
3684,09:30:02,$ 3283.00,5
3685,09:30:02,$ 3283.00,3
3686,09:30:02,$ 3283.00,1
3687,09:30:02,$ 3283.00,30
3688,09:30:02,$ 3283.00,30
3689,09:30:02,$ 3283.00,5
3690,09:30:02,$ 3283.00,1
3691,09:30:02,$ 3283.00,1
3692,09:30:02,$ 3283.00,3
3693,09:30:02,$ 3283.00,1
3694,09:30:02,$ 3283.00,2
3695,09:30:02,$ 3283.00,5
3697,09:30:02,$ 3283.00,1
3698,09:30:02,$ 3283.00,1
3699,09:30:02,$ 3283.00,3
3700,09:30:02,$ 3283.00,9
3701,09:30:02,$ 3283.00,12
3702,09:30:02,$ 3283.00,1
3703,09:30:02,$ 3283.00,3
3704,09:30:02,$ 3283.00,2
3705,09:30:02,$ 3283.00,2
3706,09:30:02,$ 3283.00,7
3707,09:30:02,$ 3283.00,14
3708,09:30:02,$ 3283.00,6
3709,09:30:02,$ 3283.00,3
3710,09:30:02,$ 3283.00,1
3711,09:30:02,$ 3283.00,8
3712,09:30:02,$ 3283.00,10
3713,09:30:02,$ 3283.00,5
3714,09:30:02,$ 3283.00,1
3715,09:30:02,$ 3283.00,2
3716,09:30:02,$ 3283.00,30
3718,09:30:02,$ 3283.00,2
3719,09:30:02,$ 3283.00,1
3720,09:30:02,$ 3283.00,1
3721,09:30:02,$ 3283.00,1
3722,09:30:02,$ 3283.00,1
3723,09:30:02,$ 3283.00,1
3724,09:30:02,$ 3283.00,1
3725,09:30:02,$ 3283.00,2
3726,09:30:02,$ 3283.00,1
3727,09:30:02,$ 3283.00,1
3728,09:30:02,$ 3283.00,5
3729,09:30:02,$ 3283.00,2
3730,09:30:02,$ 3283.00,4
3731,09:30:02,$ 3283.00,1
3732,09:30:02,$ 3283.00,1
3733,09:30:02,$ 3283.00,1
3734,09:30:02,$ 3283.00,1
3735,09:30:02,$ 3283.00,1
3736,09:30:02,$ 3283.00,3
3737,09:30:02,$ 3283.00,1
3739,09:30:02,$ 3283.00,1
3740,09:30:02,$ 3283.00,1
3741,09:30:02,$ 3283.00,1
3742,09:30:02,$ 3283.00,1
3743,09:30:02,$ 3283.00,3
3744,09:30:02,$ 3283.00,1
3745,09:30:02,$ 3283.00,2
3746,09:30:02,$ 3283.00,2
3747,09:30:02,$ 3283.00,1
3748,09:30:02,$ 3283.00,1
3749,09:30:02,$ 3283.00,1
3750,09:30:02,$ 3283.00,2
3751,09:30:02,$ 3283.00,1
3752,09:30:02,$ 3283.00,1
3753,09:30:02,$ 3283.00,1
3754,09:30:02,$ 3283.00,2
3755,09:30:02,$ 3283.00,1
3756,09:30:02,$ 3283.00,1
3757,09:30:02,$ 3283.00,1
3758,09:30:02,$ 3283.00,1
3760,09:30:02,$ 3283.00,2
3761,09:30:02,$ 3283.00,1
3762,09:30:02,$ 3283.00,1
3763,09:30:02,$ 3283.00,1
3764,09:30:02,$ 3283.00,1
3765,09:30:02,$ 3283.00,1
3766,09:30:02,$ 3283.00,1
3767,09:30:02,$ 3283.00,1
3768,09:30:02,$ 3283.00,1
3769,09:30:02,$ 3283.00,1
3770,09:30:02,$ 3283.00,1
3771,09:30:02,$ 3283.00,1
3772,09:30:02,$ 3283.00,1
3773,09:30:02,$ 3283.00,1
3774,09:30:02,$ 3283.00,1
3775,09:30:02,$ 3283.00,4
3776,09:30:02,$ 3283.00,2
3777,09:30:02,$ 3283.00,1
3778,09:30:02,$ 3283.00,2
3779,09:30:02,$ 3283.00,1
3781,09:30:02,$ 3283.00,3
3782,09:30:02,$ 3283.00,1
3783,09:30:02,$ 3283.00,1
3784,09:30:02,$ 3283.00,1
3785,09:30:02,$ 3283.00,1
3786,09:30:02,$ 3283.00,1
3787,09:30:02,$ 3283.00,2
3788,09:30:02,$ 3283.00,1
3789,09:30:02,$ 3283.00,1
3790,09:30:02,$ 3283.00,1
3791,09:30:02,$ 3283.00,1
3792,09:30:02,$ 3283.00,1
3793,09:30:02,$ 3283.00,1
3794,09:30:02,$ 3283.00,3
3795,09:30:02,$ 3283.00,1
3796,09:30:02,$ 3283.00,2
3797,09:30:02,$ 3283.00,5
3798,09:30:02,$ 3283.00,3
3799,09:30:02,$ 3283.00,2
3800,09:30:02,$ 3283.00,1
3802,09:30:02,$ 3283.00,1
3803,09:30:02,$ 3283.00,3
3804,09:30:02,$ 3283.00,1
3805,09:30:02,$ 3283.00,1
3806,09:30:02,$ 3283.00,1
3807,09:30:02,$ 3283.00,1
3808,09:30:02,$ 3283.00,15
3809,09:30:02,$ 3283.00,1
3810,09:30:02,$ 3283.00,1
3811,09:30:02,$ 3283.00,1
3812,09:30:02,$ 3283.00,1
3813,09:30:02,$ 3283.00,1
3814,09:30:02,$ 3283.00,1
3815,09:30:02,$ 3283.00,1
3816,09:30:02,$ 3283.00,1
3817,09:30:02,$ 3283.00,1
3818,09:30:02,$ 3283.00,1
3819,09:30:02,$ 3283.00,4
3820,09:30:02,$ 3283.00,8
3821,09:30:02,$ 3283.00,5
3823,09:30:02,$ 3283.00,6
3824,09:30:02,$ 3283.00,6
3825,09:30:02,$ 3283.00,2
3826,09:30:02,$ 3283.00,1
3827,09:30:02,$ 3283.00,1
3828,09:30:02,$ 3283.00,1
3829,09:30:02,$ 3283.00,1
3830,09:30:02,$ 3283.00,1
3831,09:30:02,$ 3283.00,2
3832,09:30:02,$ 3283.00,1
3833,09:30:02,$ 3283.00,1
3834,09:30:02,$ 3283.00,2
3835,09:30:02,$ 3283.00,100
3836,09:30:02,$ 3283.00,1
3837,09:30:02,$ 3283.00,11
3838,09:30:02,$ 3283.00,1
3839,09:30:02,$ 3283.00,"1,400"
3840,09:30:02,$ 3283.00,7
3841,09:30:02,$ 3283.00,6
3842,09:30:02,$ 3283.00,6
3844,09:30:02,$ 3283.00,2
3845,09:30:02,$ 3283.00,3
3846,09:30:02,$ 3283.00,9
3847,09:30:02,$ 3283.00,1
3848,09:30:02,$ 3283.00,1
3849,09:30:02,$ 3283.00,6
3850,09:30:02,$ 3283.00,2
3851,09:30:02,$ 3283.00,1
3852,09:30:02,$ 3283.00,3
3853,09:30:02,$ 3283.00,1
3854,09:30:02,$ 3283.00,1
3855,09:30:02,$ 3283.00,1
3856,09:30:02,$ 3283.00,1
3857,09:30:02,$ 3283.00,2
3858,09:30:02,$ 3283.00,1
3859,09:30:02,$ 3283.00,2
3860,09:30:02,$ 3283.00,1
3861,09:30:02,$ 3283.00,2
3862,09:30:02,$ 3283.00,2
3863,09:30:02,$ 3283.00,12
3865,09:30:02,$ 3283.00,2
3866,09:30:02,$ 3283.00,17
3867,09:30:02,$ 3283.00,1
3868,09:30:02,$ 3283.00,1
3869,09:30:02,$ 3283.00,1
3870,09:30:02,$ 3283.00,1
3871,09:30:02,$ 3283.00,1
3872,09:30:02,$ 3283.00,1
3873,09:30:02,$ 3283.00,1
3874,09:30:02,$ 3283.00,1
3875,09:30:02,$ 3283.00,1
3876,09:30:02,$ 3283.00,1
3877,09:30:02,$ 3283.00,13
3878,09:30:02,$ 3283.00,3
3879,09:30:02,$ 3283.00,1
3880,09:30:02,$ 3283.00,1
3881,09:30:02,$ 3283.00,1
3882,09:30:02,$ 3283.00,100
3883,09:30:02,$ 3283.00,45
3884,09:30:02,$ 3283.00,1
3886,09:30:02,$ 3283.00,44
3887,09:30:02,$ 3283.00,1
3888,09:30:02,$ 3283.00,2
3889,09:30:02,$ 3283.00,45
3890,09:30:02,$ 3283.00,1
3891,09:30:02,$ 3283.00,20
3892,09:30:02,$ 3283.00,3
3893,09:30:02,$ 3283.00,70
3894,09:30:02,$ 3283.00,44
3895,09:30:02,$ 3283.00,1
3896,09:30:02,$ 3283.00,45
3897,09:30:02,$ 3283.00,1
3898,09:30:02,$ 3283.00,2
3899,09:30:02,$ 3283.00,200
3900,09:30:02,$ 3283.00,1
3901,09:30:02,$ 3283.00,1
3902,09:30:02,$ 3283.00,1
3903,09:30:02,$ 3283.00,2
3904,09:30:02,$ 3283.00,1
3905,09:30:02,$ 3283.00,1
3907,09:30:02,$ 3283.00,5
3908,09:30:02,$ 3283.00,1
3909,09:30:02,$ 3283.00,4
3910,09:30:02,$ 3283.00,1
3911,09:30:02,$ 3283.00,2
3912,09:30:02,$ 3283.00,27
3913,09:30:02,$ 3283.00,5
3914,09:30:02,$ 3283.00,4
3915,09:30:02,$ 3283.00,5
3916,09:30:02,$ 3283.00,4
3917,09:30:02,$ 3283.00,5
3918,09:30:02,$ 3283.00,4
3919,09:30:02,$ 3283.00,200
3920,09:30:02,$ 3283.00,100
3921,09:30:02,$ 3283.00,100
3922,09:30:02,$ 3283.00,100
3923,09:30:02,$ 3283.00,14
3924,09:30:02,$ 3283.00,147
3925,09:30:02,$ 3283.00,223
3926,09:30:02,$ 3283.00,100
3928,09:30:02,$ 3283.00,7
3929,09:30:02,$ 3283.00,18
3930,09:30:02,$ 3283.00,1
3931,09:30:02,$ 3283.00,7
3932,09:30:02,$ 3283.00,30
3933,09:30:02,$ 3283.00,15
3934,09:30:02,$ 3283.00,105
3935,09:30:02,$ 3283.00,152
3936,09:30:02,$ 3283.00,12
3937,09:30:02,$ 3283.00,100
3938,09:30:02,$ 3283.00,1
3939,09:30:02,$ 3283.00,1
3940,09:30:02,$ 3283.00,45
3941,09:30:02,$ 3283.00,1
3942,09:30:02,$ 3283.00,44
3943,09:30:02,$ 3283.00,10
3944,09:30:02,$ 3283.00,1
3945,09:30:02,$ 3283.00,44
3946,09:30:02,$ 3283.00,45
3947,09:30:02,$ 3283.00,1
3949,09:30:02,$ 3283.00,44
3950,09:30:02,$ 3283.00,10
3951,09:30:02,$ 3283.00,45
3952,09:30:02,$ 3283.00,346
3953,09:30:02,$ 3283.00,1
3954,09:30:02,$ 3283.00,4
3955,09:30:02,$ 3283.00,1
3956,09:30:02,$ 3283.00,10
3957,09:30:02,$ 3283.00,1
3958,09:30:02,$ 3283.00,1
