,NLS Time (ET),NLS Price,NLS Share Volume
1,09:59:54,$ 3629.705,210
2,09:59:40,$ 3626.1001,200
3,09:59:30,$ 3626.87,100
4,09:59:30,$ 3626.90,100
5,09:59:30,$ 3625.847,100
6,09:59:30,$ 3625.847,100
7,09:59:30,$ 3625.847,100
8,09:59:30,$ 3626.66,100
9,09:59:30,$ 3626.62,100
10,09:59:24,$ 3625.86,500
11,09:59:23,$ 3625.225,100
12,09:59:23,$ 3625.875,500
13,09:59:22,$ 3625.882,500
14,09:59:20,$ 3626.44,100
15,09:59:19,$ 3625.04,100
16,09:59:19,$ 3625.26,200
17,09:59:06,$ 3626.01,100
18,09:59:06,$ 3626.00,102
19,09:59:05,$ 3626.145,100
20,09:58:50,$ 3627.99,100
22,09:58:50,$ 3628.9599,200
23,09:58:50,$ 3628.49,100
24,09:58:50,$ 3628.425,100
25,09:58:50,$ 3628.915,100
26,09:58:49,$ 3628.075,100
27,09:58:42,$ 3627.11,100
28,09:58:35,$ 3628.08,200
29,09:58:32,$ 3628.075,240
30,09:58:26,$ 3628.065,100
31,09:58:26,$ 3628.065,100
32,09:58:26,$ 3628.3067,371
33,09:58:26,$ 3628.54,100
34,09:58:25,$ 3631.50,100
35,09:58:23,$ 3631.145,200
36,09:58:07,$ 3630.03,100
37,09:58:07,$ 3631.01,210
38,09:58:00,$ 3631.08,100
39,09:57:58,$ 3631.78,300
40,09:57:57,$ 3631.78,100
41,09:57:55,$ 3631.7899,100
43,09:57:46,$ 3630.00,100
44,09:57:18,$ 3630.0501,100
45,09:57:10,$ 3629.8799,200
46,09:57:09,$ 3628.855,100
47,09:57:09,$ 3629.1224,200
48,09:57:07,$ 3629.53,100
49,09:57:05,$ 3627.13,100
50,09:57:05,$ 3630.4799,500
51,09:57:01,$ 3627.715,100
52,09:56:56,$ 3630.83,100
53,09:56:56,$ 3630.06,100
54,09:56:56,$ 3630.04,100
55,09:56:52,$ 3630.99,300
56,09:56:51,$ 3629.905,100
57,09:56:50,$ 3629.49,100
58,09:56:50,$ 3629.50,100
59,09:56:50,$ 3629.50,100
60,09:56:48,$ 3628.545,400
61,09:56:39,$ 3628.495,100
62,09:56:39,$ 3628.93,100
64,09:56:39,$ 3629.00,100
65,09:56:37,$ 3627.915,300
66,09:56:37,$ 3627.915,200
67,09:56:37,$ 3628.349,100
68,09:56:36,$ 3628.552,100
69,09:56:36,$ 3628.58,100
70,09:56:35,$ 3628.51,100
71,09:56:31,$ 3628.29,100
72,09:56:31,$ 3627.35,200
73,09:56:29,$ 3627.34,201
74,09:56:28,$ 3626.93,390
75,09:56:20,$ 3626.29,100
76,09:56:20,$ 3626.41,100
77,09:56:20,$ 3626.41,100
78,09:56:20,$ 3626.43,115
79,09:56:12,$ 3624.99,100
80,09:56:12,$ 3625.00,230
81,09:56:12,$ 3625.00,100
82,09:56:09,$ 3625.525,100
83,09:56:07,$ 3626.46,100
85,09:55:55,$ 3624.055,100
86,09:55:52,$ 3623.42,100
87,09:55:50,$ 3623.72,100
88,09:55:34,$ 3621.68,100
89,09:55:31,$ 3622.94,100
90,09:55:31,$ 3622.54,152
91,09:55:31,$ 3622.94,119
92,09:55:31,$ 3623.87,100
93,09:55:31,$ 3623.82,100
94,09:55:31,$ 3623.78,100
95,09:55:31,$ 3623.74,100
96,09:55:31,$ 3623.22,100
97,09:55:24,$ 3624.98,185
98,09:55:24,$ 3624.98,248
99,09:55:23,$ 3625.52,100
100,09:55:23,$ 3625.00,100
101,09:55:23,$ 3625.78,100
102,09:55:12,$ 3623.835,100
103,09:55:08,$ 3623.97,100
104,09:55:08,$ 3624.10,100
106,09:55:07,$ 3623.238,200
107,09:55:02,$ 3621.78,100
108,09:55:01,$ 3622.55,128
109,09:55:01,$ 3622.54,100
110,09:54:42,$ 3622.00,100
111,09:54:35,$ 3620.31,100
112,09:54:32,$ 3620.405,100
113,09:54:31,$ 3620.28,500
114,09:54:30,$ 3620.42,100
115,09:54:11,$ 3622.28,100
116,09:54:11,$ 3623.9999,100
117,09:54:05,$ 3620.24,100
118,09:54:04,$ 3622.035,100
119,09:54:01,$ 3623.60,200
120,09:54:01,$ 3622.98,200
121,09:54:01,$ 3621.98,100
122,09:53:57,$ 3620.445,100
123,09:53:57,$ 3620.44,100
124,09:53:49,$ 3624.70,100
125,09:53:41,$ 3622.88,100
127,09:53:29,$ 3621.92,300
128,09:53:29,$ 3624.39,100
129,09:53:29,$ 3625.418,500
130,09:53:16,$ 3624.765,100
131,09:53:15,$ 3624.73,350
132,09:53:13,$ 3625.3773,250
133,09:53:10,$ 3625.00,150
134,09:53:05,$ 3623.5401,100
135,09:53:04,$ 3624.69,200
136,09:53:03,$ 3624.50,111
137,09:53:02,$ 3624.49,100
138,09:53:02,$ 3624.4999,100
139,09:52:53,$ 3623.73,100
140,09:52:52,$ 3623.73,100
141,09:52:52,$ 3623.46,100
142,09:52:33,$ 3621.54,100
143,09:52:31,$ 3621.48,200
144,09:52:29,$ 3622.00,100
145,09:52:20,$ 3619.99,108
146,09:52:20,$ 3619.88,100
148,09:52:15,$ 3620.24,333
149,09:52:15,$ 3620.24,167
150,09:52:15,$ 3620.24,367
151,09:52:15,$ 3620.24,230
152,09:52:15,$ 3619.9894,355
153,09:52:14,$ 3619.23,100
154,09:52:14,$ 3620.00,100
155,09:52:14,$ 3618.92,100
156,09:52:14,$ 3619.25,100
157,09:52:14,$ 3619.60,100
158,09:52:14,$ 3619.23,100
159,09:52:14,$ 3619.25,100
160,09:52:13,$ 3618.42,155
161,09:52:13,$ 3618.33,100
162,09:52:10,$ 3617.21,100
163,09:52:09,$ 3616.66,100
164,09:52:08,$ 3616.65,100
165,09:51:54,$ 3615.195,100
166,09:51:37,$ 3614.26,100
167,09:51:36,$ 3614.25,200
169,09:51:36,$ 3615.11,100
170,09:51:36,$ 3615.1101,100
171,09:51:36,$ 3616.07,100
172,09:51:33,$ 3616.451,300
173,09:51:29,$ 3616.345,100
174,09:51:25,$ 3615.11,200
175,09:51:23,$ 3615.3229,100
176,09:51:22,$ 3616.70,100
177,09:51:21,$ 3617.1866,300
178,09:51:19,$ 3618.265,100
179,09:51:19,$ 3618.275,100
180,09:51:19,$ 3618.21,100
181,09:51:18,$ 3618.00,100
182,09:51:16,$ 3617.235,100
183,09:51:14,$ 3617.83,100
184,09:51:14,$ 3617.84,101
185,09:51:13,$ 3615.98,100
186,09:51:11,$ 3616.37,100
187,09:51:06,$ 3615.30,100
188,09:51:00,$ 3614.87,100
190,09:50:59,$ 3614.40,123
191,09:50:58,$ 3614.435,100
192,09:50:53,$ 3614.40,100
193,09:50:49,$ 3614.59,100
194,09:50:40,$ 3611.32,100
195,09:50:34,$ 3610.525,100
196,09:50:34,$ 3611.7464,100
197,09:50:33,$ 3610.90,100
198,09:50:31,$ 3611.5799,"1,000"
199,09:50:30,$ 3607.205,100
200,09:50:30,$ 3608.03,200
201,09:50:30,$ 3609.00,338
202,09:50:30,$ 3607.12,100
203,09:50:30,$ 3607.38,100
204,09:50:30,$ 3607.77,200
205,09:50:30,$ 3607.215,100
206,09:50:30,$ 3606.35,200
207,09:50:25,$ 3606.31,300
208,09:50:25,$ 3607.30,100
209,09:50:25,$ 3606.31,100
211,09:50:14,$ 3605.09,100
212,09:50:14,$ 3605.29,200
213,09:50:14,$ 3604.915,100
214,09:50:14,$ 3605.56,277
215,09:50:13,$ 3604.00,100
216,09:50:13,$ 3604.00,100
217,09:50:09,$ 3604.00,100
218,09:50:07,$ 3604.0375,100
219,09:50:06,$ 3604.2325,100
220,09:50:06,$ 3604.2175,100
221,09:50:03,$ 3602.64,100
222,09:50:01,$ 3605.54,478
223,09:50:01,$ 3605.2493,300
224,09:50:01,$ 3603.33,184
225,09:50:01,$ 3603.83,100
226,09:50:01,$ 3603.73,100
227,09:50:01,$ 3603.52,100
228,09:50:00,$ 3602.3101,500
229,09:50:00,$ 3604.01,100
230,09:49:58,$ 3602.965,100
232,09:49:57,$ 3602.1101,100
233,09:49:55,$ 3602.58,100
234,09:49:53,$ 3602.00,100
235,09:49:52,$ 3601.36,100
236,09:49:52,$ 3601.31,400
237,09:49:52,$ 3601.63,100
238,09:49:52,$ 3601.63,100
239,09:49:52,$ 3602.575,100
240,09:49:48,$ 3602.59,100
241,09:49:48,$ 3602.56,100
242,09:49:48,$ 3602.44,100
243,09:49:48,$ 3602.59,200
244,09:49:47,$ 3602.595,100
245,09:49:47,$ 3602.59,500
246,09:49:46,$ 3602.59,500
247,09:49:45,$ 3601.261,300
248,09:49:44,$ 3601.00,592
249,09:49:44,$ 3601.30,200
250,09:49:44,$ 3601.30,300
251,09:49:44,$ 3602.00,900
253,09:49:44,$ 3602.00,100
254,09:49:44,$ 3602.00,100
255,09:49:44,$ 3601.99,130
256,09:49:44,$ 3602.01,100
257,09:49:44,$ 3602.04,100
258,09:49:44,$ 3603.00,100
259,09:49:44,$ 3603.41,100
260,09:49:44,$ 3602.01,100
261,09:49:44,$ 3603.41,100
262,09:49:44,$ 3602.58,200
263,09:49:44,$ 3603.43,100
264,09:49:44,$ 3603.43,100
265,09:49:44,$ 3605.00,894
266,09:49:44,$ 3605.00,100
267,09:49:43,$ 3605.03,128
268,09:49:43,$ 3605.648,128
269,09:49:43,$ 3605.648,200
270,09:49:43,$ 3605.27,200
271,09:49:42,$ 3606.463,100
272,09:49:42,$ 3605.62,100
274,09:49:42,$ 3606.10,100
275,09:49:42,$ 3606.10,100
276,09:49:41,$ 3607.26,100
277,09:49:41,$ 3607.32,100
278,09:49:41,$ 3607.38,133
279,09:49:41,$ 3607.38,134
280,09:49:41,$ 3606.40,133
281,09:49:34,$ 3607.78,100
282,09:49:34,$ 3608.94,100
283,09:49:32,$ 3609.09,100
284,09:49:32,$ 3609.085,500
285,09:49:31,$ 3608.30,101
286,09:49:31,$ 3608.12,100
287,09:49:24,$ 3608.30,100
288,09:49:24,$ 3609.10,100
289,09:49:24,$ 3609.20,100
290,09:49:23,$ 3609.20,100
291,09:49:23,$ 3609.20,100
292,09:49:23,$ 3609.20,100
293,09:49:23,$ 3609.20,100
295,09:49:23,$ 3609.20,100
296,09:49:22,$ 3609.4197,200
297,09:49:22,$ 3609.20,100
298,09:49:22,$ 3609.20,100
299,09:49:22,$ 3609.31,100
300,09:49:22,$ 3609.31,100
301,09:49:22,$ 3609.335,100
302,09:49:22,$ 3609.62,100
303,09:49:19,$ 3609.55,100
304,09:49:17,$ 3609.365,100
305,09:49:17,$ 3610.95,100
306,09:49:14,$ 3610.10,100
307,09:49:14,$ 3610.06,100
308,09:49:14,$ 3610.06,100
309,09:49:14,$ 3610.60,100
310,09:49:13,$ 3610.06,100
311,09:49:10,$ 3610.125,100
312,09:49:09,$ 3610.125,100
313,09:49:09,$ 3610.125,100
314,09:49:08,$ 3610.28,100
316,09:49:08,$ 3610.28,100
317,09:49:08,$ 3610.42,100
318,09:49:05,$ 3609.1001,500
319,09:49:03,$ 3610.115,500
320,09:49:03,$ 3611.0425,100
321,09:49:02,$ 3611.13,100
322,09:49:02,$ 3610.00,283
323,09:49:02,$ 3612.41,100
324,09:48:57,$ 3612.555,100
325,09:48:56,$ 3614.11,100
326,09:48:55,$ 3613.476,300
327,09:48:55,$ 3612.345,200
328,09:48:54,$ 3612.565,100
329,09:48:46,$ 3612.585,100
330,09:48:46,$ 3611.31,100
331,09:48:41,$ 3612.98,100
332,09:48:31,$ 3611.8818,110
333,09:48:31,$ 3612.065,100
334,09:48:31,$ 3613.15,100
335,09:48:31,$ 3613.48,150
337,09:48:30,$ 3612.73,312
338,09:48:30,$ 3612.73,168
339,09:47:58,$ 3611.605,100
340,09:47:55,$ 3610.64,100
341,09:47:55,$ 3610.64,200
342,09:47:52,$ 3612.00,100
343,09:47:36,$ 3612.80,"1,000"
344,09:47:16,$ 3611.01,100
345,09:47:16,$ 3611.00,140
346,09:47:16,$ 3611.00,100
347,09:47:14,$ 3611.4238,100
348,09:47:06,$ 3612.39,100
349,09:47:06,$ 3613.51,100
350,09:47:06,$ 3613.75,100
351,09:47:02,$ 3611.89,100
352,09:47:01,$ 3613.51,100
353,09:47:00,$ 3613.70,100
354,09:46:56,$ 3615.6734,200
355,09:46:41,$ 3612.85,100
356,09:46:41,$ 3613.18,100
358,09:46:31,$ 3614.60,100
359,09:46:28,$ 3615.495,100
360,09:46:18,$ 3612.13,100
361,09:46:18,$ 3613.295,100
362,09:46:13,$ 3612.5201,500
363,09:46:09,$ 3612.50,100
364,09:46:04,$ 3609.72,100
365,09:45:48,$ 3614.25,200
366,09:45:33,$ 3611.05,100
367,09:45:32,$ 3609.2771,300
368,09:45:27,$ 3610.715,100
369,09:45:19,$ 3610.00,100
370,09:44:57,$ 3611.63,100
371,09:44:52,$ 3613.42,100
372,09:44:44,$ 3614.435,100
373,09:44:34,$ 3614.38,100
374,09:44:24,$ 3613.965,100
375,09:44:24,$ 3613.28,100
376,09:44:16,$ 3613.19,100
377,09:44:09,$ 3612.925,100
379,09:43:37,$ 3611.8724,500
380,09:43:36,$ 3612.01,100
381,09:43:36,$ 3612.00,100
382,09:43:28,$ 3613.97,500
383,09:43:25,$ 3614.72,100
384,09:43:25,$ 3614.68,100
385,09:43:16,$ 3615.725,100
386,09:43:16,$ 3617.1465,435
387,09:43:16,$ 3615.725,300
388,09:43:16,$ 3615.725,100
389,09:43:10,$ 3614.78,100
390,09:43:05,$ 3612.6299,100
391,09:42:52,$ 3613.00,100
392,09:42:52,$ 3613.375,100
393,09:42:51,$ 3613.365,100
394,09:42:48,$ 3613.375,100
395,09:42:48,$ 3613.375,100
396,09:42:45,$ 3614.40,103
397,09:42:45,$ 3613.445,185
398,09:42:45,$ 3613.445,100
400,09:42:44,$ 3613.985,100
401,09:42:43,$ 3614.45,100
402,09:42:40,$ 3614.12,100
403,09:42:40,$ 3613.8375,100
404,09:42:39,$ 3613.93,100
405,09:42:39,$ 3614.42,100
406,09:42:37,$ 3614.49,100
407,09:42:35,$ 3614.715,100
408,09:42:35,$ 3614.715,100
409,09:42:31,$ 3614.715,100
410,09:42:25,$ 3614.495,100
411,09:42:23,$ 3614.98,100
412,09:42:23,$ 3615.01,100
413,09:42:22,$ 3614.87,200
414,09:42:15,$ 3613.5095,100
415,09:42:15,$ 3613.56,100
416,09:42:14,$ 3614.21,100
417,09:41:59,$ 3612.12,315
418,09:41:58,$ 3611.61,100
419,09:41:54,$ 3614.2399,100
421,09:41:49,$ 3611.23,100
422,09:41:46,$ 3611.66,100
423,09:41:45,$ 3610.21,100
424,09:41:37,$ 3609.85,100
425,09:41:33,$ 3608.855,300
426,09:41:31,$ 3612.07,"1,250"
427,09:41:30,$ 3609.0001,"1,250"
428,09:41:28,$ 3610.17,100
429,09:41:27,$ 3610.91,100
430,09:41:27,$ 3610.825,100
431,09:41:27,$ 3611.045,100
432,09:41:27,$ 3610.99,100
433,09:41:20,$ 3612.12,100
434,09:41:20,$ 3612.23,100
435,09:41:19,$ 3610.87,100
436,09:41:14,$ 3610.00,100
437,09:41:14,$ 3610.04,100
438,09:41:14,$ 3610.07,200
439,09:41:14,$ 3610.05,100
440,09:41:14,$ 3609.38,200
442,09:41:14,$ 3611.23,100
443,09:41:14,$ 3610.60,100
444,09:41:14,$ 3611.43,100
445,09:41:11,$ 3613.32,200
446,09:41:11,$ 3612.78,100
447,09:41:11,$ 3612.72,100
448,09:41:01,$ 3613.64,100
449,09:40:55,$ 3615.755,100
450,09:40:55,$ 3616.00,100
451,09:40:53,$ 3616.001,250
452,09:40:53,$ 3614.0101,100
453,09:40:53,$ 3615.17,336
454,09:40:52,$ 3615.17,181
455,09:40:52,$ 3612.71,100
456,09:40:50,$ 3613.00,100
457,09:40:45,$ 3611.935,100
458,09:40:43,$ 3612.00,200
459,09:40:41,$ 3612.5665,500
460,09:40:41,$ 3610.47,100
461,09:40:41,$ 3610.46,100
463,09:40:41,$ 3610.185,100
464,09:40:41,$ 3610.215,100
465,09:40:41,$ 3610.455,100
466,09:40:41,$ 3612.5694,500
467,09:40:40,$ 3612.00,500
468,09:40:34,$ 3608.015,200
469,09:40:34,$ 3608.015,100
470,09:40:34,$ 3608.1681,500
471,09:40:33,$ 3606.65,100
472,09:40:33,$ 3606.60,100
473,09:40:33,$ 3606.60,100
474,09:40:28,$ 3606.032,800
475,09:40:23,$ 3610.88,100
476,09:40:20,$ 3607.90,500
477,09:40:20,$ 3610.034,100
478,09:40:12,$ 3614.7199,200
479,09:40:09,$ 3611.05,400
480,09:40:02,$ 3610.14,100
481,09:39:56,$ 3610.70,100
482,09:39:56,$ 3610.70,100
484,09:39:55,$ 3611.01,100
485,09:39:54,$ 3610.92,100
486,09:39:54,$ 3610.97,100
487,09:39:54,$ 3610.97,100
488,09:39:52,$ 3610.24,100
489,09:39:52,$ 3610.30,100
490,09:39:52,$ 3610.44,100
491,09:39:52,$ 3610.45,100
492,09:39:52,$ 3610.97,100
493,09:39:49,$ 3610.00,100
494,09:39:43,$ 3609.765,110
495,09:39:42,$ 3606.75,100
496,09:39:42,$ 3607.00,100
497,09:39:42,$ 3607.00,100
498,09:39:41,$ 3610.00,569
499,09:39:41,$ 3610.17,100
500,09:39:41,$ 3610.20,100
501,09:39:41,$ 3612.41,100
502,09:39:41,$ 3610.59,454
503,09:39:41,$ 3612.41,100
505,09:39:41,$ 3612.01,200
506,09:39:41,$ 3612.41,200
507,09:39:41,$ 3612.42,100
508,09:39:41,$ 3612.49,100
509,09:39:41,$ 3612.02,100
510,09:39:41,$ 3612.57,100
511,09:39:41,$ 3612.17,100
512,09:39:41,$ 3612.09,100
513,09:39:39,$ 3614.65,100
514,09:39:38,$ 3616.4399,130
515,09:39:37,$ 3616.42,200
516,09:39:34,$ 3615.49,100
517,09:39:27,$ 3615.595,100
518,09:39:22,$ 3612.7681,116
519,09:39:15,$ 3616.06,100
520,09:39:15,$ 3616.25,100
521,09:39:15,$ 3617.649,100
522,09:39:13,$ 3614.15,100
523,09:39:13,$ 3614.15,100
524,09:39:13,$ 3612.08,100
526,09:39:11,$ 3612.0784,103
527,09:39:11,$ 3612.096,100
528,09:39:11,$ 3613.1125,100
529,09:39:11,$ 3612.08,100
530,09:39:10,$ 3613.10,100
531,09:39:10,$ 3610.20,100
532,09:39:09,$ 3613.03,100
533,09:39:09,$ 3613.18,100
534,09:39:09,$ 3613.50,102
535,09:39:09,$ 3613.50,163
536,09:39:05,$ 3611.00,100
537,09:39:04,$ 3610.12,100
538,09:39:04,$ 3611.06,100
539,09:39:03,$ 3611.235,100
540,09:39:03,$ 3611.145,100
541,09:39:03,$ 3611.24,100
542,09:38:58,$ 3614.18,100
543,09:38:55,$ 3615.29,100
544,09:38:55,$ 3613.32,100
545,09:38:55,$ 3613.52,100
547,09:38:55,$ 3613.99,100
548,09:38:55,$ 3614.07,100
549,09:38:55,$ 3614.07,100
550,09:38:53,$ 3612.07,100
551,09:38:53,$ 3614.0699,100
552,09:38:53,$ 3612.97,100
553,09:38:51,$ 3615.655,100
554,09:38:51,$ 3613.13,100
555,09:38:51,$ 3614.155,100
556,09:38:51,$ 3615.00,100
557,09:38:50,$ 3617.01,100
558,09:38:50,$ 3617.06,100
559,09:38:50,$ 3616.415,"2,000"
560,09:38:49,$ 3616.415,100
561,09:38:49,$ 3616.69,100
562,09:38:49,$ 3616.63,100
563,09:38:48,$ 3616.3201,"1,000"
564,09:38:46,$ 3617.44,100
565,09:38:46,$ 3617.44,100
566,09:38:46,$ 3617.44,100
568,09:38:46,$ 3617.44,100
569,09:38:40,$ 3617.50,100
570,09:38:40,$ 3617.98,100
571,09:38:37,$ 3617.495,100
572,09:38:37,$ 3619.32,200
573,09:38:37,$ 3617.495,100
574,09:38:37,$ 3617.495,100
575,09:38:37,$ 3617.495,100
576,09:38:31,$ 3617.37,433
577,09:38:31,$ 3617.38,100
578,09:38:30,$ 3621.9946,150
579,09:38:28,$ 3618.2901,998
580,09:38:26,$ 3620.126,100
581,09:38:25,$ 3620.6809,200
582,09:38:25,$ 3619.43,100
583,09:38:24,$ 3619.55,100
584,09:38:23,$ 3618.37,100
585,09:38:17,$ 3620.295,500
586,09:38:16,$ 3619.63,100
587,09:38:16,$ 3619.67,100
589,09:38:16,$ 3619.02,100
590,09:38:15,$ 3618.69,500
591,09:38:14,$ 3618.7588,500
592,09:38:14,$ 3619.46,100
593,09:38:13,$ 3619.32,100
594,09:38:13,$ 3618.34,100
595,09:38:13,$ 3619.3199,100
596,09:38:06,$ 3616.3192,"1,000"
597,09:38:05,$ 3618.65,100
598,09:38:02,$ 3618.165,100
599,09:38:01,$ 3617.66,100
600,09:38:01,$ 3619.52,100
601,09:38:01,$ 3619.47,100
602,09:38:01,$ 3619.47,100
603,09:38:01,$ 3618.31,100
604,09:37:55,$ 3619.95,100
605,09:37:49,$ 3618.3146,200
606,09:37:47,$ 3619.09,100
607,09:37:47,$ 3617.60,100
608,09:37:46,$ 3616.12,100
610,09:37:46,$ 3616.69,100
611,09:37:46,$ 3617.60,432
612,09:37:45,$ 3616.59,100
613,09:37:45,$ 3616.59,100
614,09:37:42,$ 3617.7609,100
615,09:37:42,$ 3616.342,100
616,09:37:41,$ 3617.60,200
617,09:37:38,$ 3617.60,137
618,09:37:38,$ 3617.71,200
619,09:37:37,$ 3617.34,100
620,09:37:35,$ 3617.705,100
621,09:37:34,$ 3618.58,100
622,09:37:34,$ 3618.57,100
623,09:37:34,$ 3619.01,100
624,09:37:33,$ 3617.892,100
625,09:37:27,$ 3618.59,100
626,09:37:27,$ 3618.51,100
627,09:37:24,$ 3619.0101,100
628,09:37:23,$ 3619.94,100
629,09:37:23,$ 3619.99,100
631,09:37:23,$ 3619.99,128
632,09:37:23,$ 3619.99,153
633,09:37:22,$ 3619.485,100
634,09:37:22,$ 3618.88,100
635,09:37:22,$ 3618.90,100
636,09:37:21,$ 3619.62,100
637,09:37:16,$ 3623.33,100
638,09:37:16,$ 3625.4999,100
639,09:37:16,$ 3624.66,100
640,09:37:05,$ 3621.22,200
641,09:37:00,$ 3622.94,100
642,09:37:00,$ 3622.51,100
643,09:37:00,$ 3622.94,300
644,09:37:00,$ 3622.68,100
645,09:37:00,$ 3622.57,200
646,09:37:00,$ 3623.34,100
647,09:37:00,$ 3622.94,150
648,09:37:00,$ 3622.51,100
649,09:37:00,$ 3623.34,100
650,09:37:00,$ 3622.94,150
652,09:37:00,$ 3622.57,200
653,09:37:00,$ 3622.68,100
654,09:36:59,$ 3622.7478,100
655,09:36:52,$ 3619.758,357
656,09:36:51,$ 3621.0999,100
657,09:36:48,$ 3619.03,100
658,09:36:43,$ 3621.6099,100
659,09:36:40,$ 3622.39,100
660,09:36:39,$ 3622.1687,500
661,09:36:31,$ 3621.79,100
662,09:36:30,$ 3618.93,100
663,09:36:30,$ 3619.02,100
664,09:36:29,$ 3620.00,150
665,09:36:28,$ 3621.65,100
666,09:36:28,$ 3621.625,100
667,09:36:28,$ 3621.77,100
668,09:36:27,$ 3623.83,100
669,09:36:23,$ 3622.17,100
670,09:36:23,$ 3622.71,100
671,09:36:23,$ 3621.67,100
673,09:36:23,$ 3622.00,200
674,09:36:23,$ 3622.04,100
675,09:36:23,$ 3622.01,100
676,09:36:22,$ 3622.64,100
677,09:36:22,$ 3622.39,100
678,09:36:22,$ 3623.83,100
679,09:36:21,$ 3624.40,100
680,09:36:21,$ 3624.31,100
681,09:36:21,$ 3623.98,100
682,09:36:20,$ 3623.9601,100
683,09:36:13,$ 3626.82,100
684,09:36:13,$ 3626.74,100
685,09:36:13,$ 3626.512,100
686,09:36:13,$ 3626.52,100
687,09:36:13,$ 3626.44,100
688,09:36:13,$ 3626.54,100
689,09:36:10,$ 3625.05,100
690,09:36:10,$ 3625.65,100
691,09:36:10,$ 3625.58,105
692,09:36:08,$ 3627.00,100
694,09:36:08,$ 3627.00,100
695,09:36:07,$ 3628.01,300
696,09:36:04,$ 3628.415,100
697,09:36:02,$ 3630.02,100
698,09:36:02,$ 3631.00,100
699,09:36:01,$ 3631.90,100
700,09:35:59,$ 3632.10,100
701,09:35:53,$ 3630.72,100
702,09:35:52,$ 3630.70,100
703,09:35:51,$ 3632.75,100
704,09:35:26,$ 3633.35,100
705,09:35:26,$ 3633.41,100
706,09:35:26,$ 3632.03,100
707,09:35:24,$ 3635.908,100
708,09:35:24,$ 3635.455,315
709,09:35:21,$ 3634.85,100
710,09:35:17,$ 3634.91,100
711,09:35:17,$ 3634.91,100
712,09:35:17,$ 3634.91,100
713,09:35:16,$ 3633.50,100
715,09:35:13,$ 3631.3872,500
716,09:35:12,$ 3631.0386,100
717,09:35:11,$ 3632.62,100
718,09:35:11,$ 3632.62,106
719,09:35:11,$ 3632.62,118
720,09:35:11,$ 3632.62,118
721,09:35:11,$ 3632.02,100
722,09:35:04,$ 3635.525,100
723,09:35:04,$ 3635.10,100
724,09:34:59,$ 3635.145,115
725,09:34:56,$ 3635.00,100
726,09:34:55,$ 3633.10,346
727,09:34:53,$ 3636.535,100
728,09:34:50,$ 3638.93,100
729,09:34:47,$ 3638.25,100
730,09:34:47,$ 3638.00,123
731,09:34:44,$ 3639.94,100
732,09:34:43,$ 3641.68,100
733,09:34:42,$ 3641.319,100
734,09:34:42,$ 3641.085,100
736,09:34:39,$ 3642.18,100
737,09:34:39,$ 3641.95,100
738,09:34:34,$ 3644.102,137
739,09:34:33,$ 3643.47,500
740,09:34:16,$ 3640.99,100
741,09:34:16,$ 3642.00,100
742,09:34:16,$ 3641.29,100
743,09:34:16,$ 3642.05,100
744,09:34:11,$ 3646.5459,100
745,09:34:10,$ 3645.285,100
746,09:34:09,$ 3646.61,100
747,09:34:05,$ 3644.24,100
748,09:34:04,$ 3645.00,100
749,09:34:03,$ 3645.00,200
750,09:34:01,$ 3643.16,100
751,09:33:35,$ 3640.645,100
752,09:33:35,$ 3640.32,100
753,09:33:34,$ 3640.32,100
754,09:33:34,$ 3640.32,100
755,09:33:34,$ 3640.81,400
757,09:33:34,$ 3639.14,100
758,09:33:34,$ 3640.80,100
759,09:33:34,$ 3640.53,100
760,09:33:34,$ 3639.09,100
761,09:33:34,$ 3641.20,100
762,09:33:34,$ 3641.50,100
763,09:33:34,$ 3640.56,100
764,09:33:34,$ 3642.3634,150
765,09:33:33,$ 3642.70,100
766,09:33:33,$ 3642.70,"1,000"
767,09:33:33,$ 3642.87,100
768,09:33:28,$ 3644.255,100
769,09:33:28,$ 3645.00,100
770,09:33:22,$ 3644.31,100
771,09:33:21,$ 3643.21,100
772,09:33:21,$ 3643.85,100
773,09:33:21,$ 3643.85,100
774,09:33:19,$ 3642.10,100
775,09:33:18,$ 3642.095,100
776,09:33:18,$ 3641.4226,100
778,09:33:16,$ 3642.49,100
779,09:33:16,$ 3641.31,100
780,09:33:13,$ 3641.10,100
781,09:33:13,$ 3641.93,300
782,09:33:12,$ 3641.38,100
783,09:33:04,$ 3642.27,100
784,09:32:56,$ 3642.4782,150
785,09:32:54,$ 3646.15,100
786,09:32:54,$ 3645.58,100
787,09:32:54,$ 3644.44,100
788,09:32:50,$ 3644.5619,500
789,09:32:47,$ 3645.70,100
790,09:32:46,$ 3645.68,111
791,09:32:35,$ 3642.38,500
792,09:32:30,$ 3647.10,100
793,09:32:30,$ 3644.87,100
794,09:32:30,$ 3645.10,100
795,09:32:22,$ 3645.95,100
796,09:32:20,$ 3647.3315,265
797,09:32:18,$ 3645.9201,100
799,09:32:17,$ 3647.79,100
800,09:32:17,$ 3647.79,100
801,09:32:14,$ 3647.50,100
802,09:32:11,$ 3648.81,286
803,09:32:07,$ 3646.3822,200
804,09:32:05,$ 3645.957,190
805,09:31:57,$ 3650.358,281
806,09:31:53,$ 3649.855,100
807,09:31:52,$ 3649.00,100
808,09:31:51,$ 3649.72,100
809,09:31:48,$ 3650.11,100
810,09:31:48,$ 3650.11,198
811,09:31:42,$ 3650.2458,100
812,09:31:41,$ 3649.42,100
813,09:31:36,$ 3650.00,345
814,09:31:36,$ 3650.00,115
815,09:31:36,$ 3650.00,115
816,09:31:34,$ 3650.03,100
817,09:31:33,$ 3650.68,100
818,09:31:33,$ 3650.68,100
820,09:31:33,$ 3649.66,100
821,09:31:33,$ 3650.6793,100
822,09:31:33,$ 3649.82,100
823,09:31:33,$ 3650.18,100
824,09:31:33,$ 3650.6762,500
825,09:31:33,$ 3650.67,110
826,09:31:33,$ 3650.6765,100
827,09:31:33,$ 3648.81,100
828,09:31:32,$ 3648.26,100
829,09:31:31,$ 3649.00,100
830,09:31:31,$ 3646.35,600
831,09:31:31,$ 3648.011,150
832,09:31:31,$ 3648.01,100
833,09:31:31,$ 3648.00,200
834,09:31:31,$ 3648.00,262
835,09:31:31,$ 3648.00,100
836,09:31:31,$ 3648.00,200
837,09:31:31,$ 3649.90,100
838,09:31:30,$ 3649.90,200
839,09:31:26,$ 3650.516,100
841,09:31:26,$ 3648.7513,399
842,09:31:26,$ 3648.80,100
843,09:31:26,$ 3649.04,100
844,09:31:26,$ 3648.80,100
845,09:31:26,$ 3649.62,100
846,09:31:25,$ 3651.04,100
847,09:31:25,$ 3651.04,200
848,09:31:24,$ 3651.6455,100
849,09:31:24,$ 3653.9999,100
850,09:31:23,$ 3650.86,100
851,09:31:22,$ 3650.539,200
852,09:31:21,$ 3651.99,100
853,09:31:21,$ 3649.99,100
854,09:31:21,$ 3649.99,100
855,09:31:21,$ 3650.00,216
856,09:31:21,$ 3650.00,100
857,09:31:21,$ 3650.00,122
858,09:31:20,$ 3649.2903,"1,000"
859,09:31:19,$ 3649.15,100
860,09:31:17,$ 3648.82,100
862,09:31:10,$ 3645.43,100
863,09:31:07,$ 3645.125,100
864,09:31:07,$ 3645.00,251
865,09:31:07,$ 3645.00,200
866,09:31:06,$ 3645.39,100
867,09:31:05,$ 3645.30,100
868,09:31:02,$ 3644.995,100
869,09:31:02,$ 3643.91,100
870,09:31:01,$ 3644.23,100
871,09:31:01,$ 3644.22,100
872,09:31:01,$ 3644.33,100
873,09:31:01,$ 3645.12,100
874,09:31:01,$ 3645.01,100
875,09:31:01,$ 3645.01,100
876,09:31:01,$ 3645.00,100
877,09:31:01,$ 3646.985,201
878,09:31:01,$ 3645.656,100
879,09:31:01,$ 3645.58,100
880,09:31:01,$ 3645.33,100
881,09:31:01,$ 3645.30,100
883,09:31:01,$ 3645.00,100
884,09:31:01,$ 3645.00,100
885,09:31:01,$ 3645.00,100
886,09:31:01,$ 3645.00,287
887,09:31:01,$ 3646.29,100
888,09:30:58,$ 3646.18,100
889,09:30:58,$ 3645.48,100
890,09:30:57,$ 3645.05,100
891,09:30:56,$ 3645.06,100
892,09:30:56,$ 3645.33,100
893,09:30:56,$ 3645.06,100
894,09:30:55,$ 3647.99,600
895,09:30:55,$ 3647.00,430
896,09:30:55,$ 3647.00,570
897,09:30:55,$ 3646.702,200
898,09:30:55,$ 3645.90,100
899,09:30:55,$ 3645.89,100
900,09:30:55,$ 3642.96,100
901,09:30:55,$ 3644.24,100
902,09:30:55,$ 3645.86,100
904,09:30:55,$ 3644.77,100
905,09:30:55,$ 3644.92,100
906,09:30:55,$ 3645.00,100
907,09:30:55,$ 3643.62,100
908,09:30:55,$ 3643.62,100
909,09:30:55,$ 3642.90,100
910,09:30:55,$ 3643.385,100
911,09:30:50,$ 3641.67,100
912,09:30:50,$ 3641.49,100
913,09:30:50,$ 3641.49,300
914,09:30:48,$ 3643.52,100
915,09:30:48,$ 3642.77,100
916,09:30:48,$ 3642.73,179
917,09:30:48,$ 3644.55,142
918,09:30:46,$ 3643.705,100
919,09:30:35,$ 3643.31,100
920,09:30:34,$ 3643.24,100
921,09:30:34,$ 3642.72,100
922,09:30:34,$ 3643.5885,500
923,09:30:32,$ 3643.85,100
925,09:30:32,$ 3642.00,100
926,09:30:32,$ 3642.00,100
927,09:30:32,$ 3641.35,100
928,09:30:31,$ 3642.00,100
929,09:30:31,$ 3641.58,100
930,09:30:31,$ 3642.00,100
931,09:30:31,$ 3641.86,100
932,09:30:30,$ 3641.4943,221
933,09:30:30,$ 3641.52,100
934,09:30:30,$ 3641.51,226
935,09:30:30,$ 3641.45,100
936,09:30:30,$ 3641.48,100
937,09:30:29,$ 3641.28,100
938,09:30:29,$ 3641.5199,100
939,09:30:29,$ 3637.413,100
940,09:30:26,$ 3640.62,100
941,09:30:26,$ 3640.75,171
942,09:30:25,$ 3641.54,100
943,09:30:25,$ 3640.74,100
944,09:30:25,$ 3640.83,100
946,09:30:25,$ 3639.72,100
947,09:30:24,$ 3637.935,100
948,09:30:24,$ 3638.06,100
949,09:30:24,$ 3638.97,100
950,09:30:24,$ 3638.97,100
951,09:30:24,$ 3638.97,100
952,09:30:24,$ 3636.485,180
953,09:30:24,$ 3636.485,100
954,09:30:23,$ 3638.96,100
955,09:30:23,$ 3636.11,100
956,09:30:18,$ 3635.8145,200
957,09:30:15,$ 3635.985,100
958,09:30:15,$ 3633.01,100
959,09:30:15,$ 3634.99,200
960,09:30:15,$ 3634.19,100
961,09:30:03,$ 3634.60,100
962,09:30:02,$ 3633.78,1
963,09:30:02,$ 3633.78,1
964,09:30:02,$ 3633.78,1
965,09:30:02,$ 3633.78,5
967,09:30:02,$ 3633.78,15
968,09:30:02,$ 3633.78,6
969,09:30:02,$ 3633.78,1
970,09:30:02,$ 3633.78,1
971,09:30:02,$ 3633.78,1
972,09:30:02,$ 3633.78,1
973,09:30:02,$ 3633.78,45
974,09:30:02,$ 3633.78,50
975,09:30:02,$ 3633.78,1
976,09:30:02,$ 3633.78,2
977,09:30:02,$ 3633.78,2
978,09:30:02,$ 3633.78,5
979,09:30:02,$ 3633.78,1
980,09:30:02,$ 3633.78,2
981,09:30:02,$ 3633.78,1
982,09:30:02,$ 3633.78,5
983,09:30:02,$ 3633.78,2
984,09:30:02,$ 3633.78,1
985,09:30:02,$ 3633.78,1
986,09:30:02,$ 3633.78,5
988,09:30:02,$ 3633.78,2
989,09:30:02,$ 3633.78,1
990,09:30:02,$ 3633.78,4
991,09:30:02,$ 3633.78,1
992,09:30:02,$ 3633.78,3
993,09:30:02,$ 3633.78,1
994,09:30:02,$ 3633.78,10
995,09:30:02,$ 3633.78,1
996,09:30:02,$ 3633.78,1
997,09:30:02,$ 3633.78,1
998,09:30:02,$ 3633.78,1
999,09:30:02,$ 3633.78,1
1000,09:30:02,$ 3633.78,20
1001,09:30:02,$ 3633.78,3
1002,09:30:02,$ 3633.78,24
1003,09:30:02,$ 3633.78,19
1004,09:30:02,$ 3633.78,1
1005,09:30:02,$ 3633.78,1
1006,09:30:02,$ 3633.78,1
1007,09:30:02,$ 3633.78,1
1009,09:30:02,$ 3633.78,1
1010,09:30:02,$ 3633.78,2
1011,09:30:02,$ 3633.78,2
1012,09:30:02,$ 3633.78,10
1013,09:30:02,$ 3633.78,20
1014,09:30:02,$ 3633.78,15
1015,09:30:02,$ 3633.78,10
1016,09:30:02,$ 3633.78,10
1017,09:30:02,$ 3633.78,39
1018,09:30:02,$ 3633.78,2
1019,09:30:02,$ 3633.78,2
1020,09:30:02,$ 3633.78,2
1021,09:30:02,$ 3633.78,1
1022,09:30:02,$ 3633.78,1
1023,09:30:02,$ 3633.78,1
1024,09:30:02,$ 3633.78,1
1025,09:30:02,$ 3633.78,2
1026,09:30:02,$ 3633.78,2
1027,09:30:02,$ 3633.78,1
1028,09:30:02,$ 3633.78,2
1030,09:30:02,$ 3633.78,1
1031,09:30:02,$ 3633.78,1
1032,09:30:02,$ 3633.78,1
1033,09:30:02,$ 3633.78,1
1034,09:30:02,$ 3633.78,1
1035,09:30:02,$ 3633.78,1
1036,09:30:02,$ 3633.78,1
1037,09:30:02,$ 3633.78,1
1038,09:30:02,$ 3633.78,5
1039,09:30:02,$ 3633.78,6
1040,09:30:02,$ 3633.78,1
1041,09:30:02,$ 3633.78,1
1042,09:30:02,$ 3633.78,351
1043,09:30:02,$ 3633.78,1
1044,09:30:02,$ 3633.78,1
1045,09:30:02,$ 3633.78,1
1046,09:30:02,$ 3633.78,1
1047,09:30:02,$ 3633.78,1
1048,09:30:02,$ 3633.78,1
1049,09:30:02,$ 3633.78,1
1051,09:30:02,$ 3633.78,7
1052,09:30:02,$ 3633.78,1
1053,09:30:02,$ 3633.78,1
1054,09:30:02,$ 3633.78,1
1055,09:30:02,$ 3633.78,2
1056,09:30:02,$ 3633.78,2
1057,09:30:02,$ 3633.78,2
1058,09:30:02,$ 3633.78,3
1059,09:30:02,$ 3633.78,1
1060,09:30:02,$ 3633.78,2
1061,09:30:02,$ 3633.78,10
1062,09:30:02,$ 3633.78,2
1063,09:30:02,$ 3633.78,5
1064,09:30:02,$ 3633.78,2
1065,09:30:02,$ 3633.78,1
1066,09:30:02,$ 3633.78,2
1067,09:30:02,$ 3633.78,27
1068,09:30:02,$ 3633.78,2
1069,09:30:02,$ 3633.78,1
1070,09:30:02,$ 3633.78,1
1072,09:30:02,$ 3633.78,50
1073,09:30:02,$ 3633.78,2
1074,09:30:02,$ 3633.78,1
1075,09:30:02,$ 3633.78,1
1076,09:30:02,$ 3633.78,1
1077,09:30:02,$ 3633.78,1
1078,09:30:02,$ 3633.78,1
1079,09:30:02,$ 3633.78,8
1080,09:30:02,$ 3633.78,1
1081,09:30:02,$ 3633.78,1
1082,09:30:02,$ 3633.78,50
1083,09:30:02,$ 3633.78,1
1084,09:30:02,$ 3633.78,2
1085,09:30:02,$ 3633.78,5
1086,09:30:02,$ 3633.78,1
1087,09:30:02,$ 3633.78,9
1088,09:30:02,$ 3633.78,10
1089,09:30:02,$ 3633.78,16
1090,09:30:02,$ 3633.78,1
1091,09:30:02,$ 3633.78,2
1093,09:30:02,$ 3633.78,6
1094,09:30:02,$ 3633.78,2
1095,09:30:02,$ 3633.78,3
1096,09:30:02,$ 3633.78,7
1097,09:30:02,$ 3633.78,100
1098,09:30:02,$ 3633.78,30
1099,09:30:02,$ 3633.78,6
1100,09:30:02,$ 3633.78,137
1101,09:30:02,$ 3633.78,8
1102,09:30:02,$ 3633.78,6
1103,09:30:02,$ 3633.78,6
1104,09:30:02,$ 3633.78,10
1105,09:30:02,$ 3633.78,50
1106,09:30:02,$ 3633.78,2
1107,09:30:02,$ 3633.78,5
1108,09:30:02,$ 3633.78,4
1109,09:30:02,$ 3633.78,1
1110,09:30:02,$ 3633.78,1
1111,09:30:02,$ 3633.78,5
1112,09:30:02,$ 3633.78,12
1114,09:30:02,$ 3633.78,28
1115,09:30:02,$ 3633.78,8
1116,09:30:02,$ 3633.78,60
1117,09:30:02,$ 3633.78,7
1118,09:30:02,$ 3633.78,3
1119,09:30:02,$ 3633.78,4
1120,09:30:02,$ 3633.78,4
1121,09:30:02,$ 3633.78,7
1122,09:30:02,$ 3633.78,45
1123,09:30:02,$ 3633.78,1
1124,09:30:02,$ 3633.78,1
1125,09:30:02,$ 3633.78,2
1126,09:30:02,$ 3633.78,1
1127,09:30:02,$ 3633.78,6
1128,09:30:02,$ 3633.78,8
1129,09:30:02,$ 3633.78,4
1130,09:30:02,$ 3633.78,1
1131,09:30:02,$ 3633.78,1
1132,09:30:02,$ 3633.78,33
1133,09:30:02,$ 3633.78,8
1135,09:30:02,$ 3633.78,2
1136,09:30:02,$ 3633.78,30
1137,09:30:02,$ 3633.78,15
1138,09:30:02,$ 3633.78,3
1139,09:30:02,$ 3633.78,7
1140,09:30:02,$ 3633.78,6
1141,09:30:02,$ 3633.78,10
1142,09:30:02,$ 3633.78,20
1143,09:30:02,$ 3633.78,78
1144,09:30:02,$ 3633.78,2
1145,09:30:02,$ 3633.78,200
1146,09:30:02,$ 3633.78,4
1147,09:30:02,$ 3633.78,2
1148,09:30:02,$ 3633.78,1
1149,09:30:02,$ 3633.78,2
1150,09:30:02,$ 3633.78,1
1151,09:30:02,$ 3633.78,3
1152,09:30:02,$ 3633.78,2
1153,09:30:02,$ 3633.78,2
1154,09:30:02,$ 3633.78,4
1156,09:30:02,$ 3633.78,3
1157,09:30:02,$ 3633.78,1
1158,09:30:02,$ 3633.78,6
1159,09:30:02,$ 3633.78,1
1160,09:30:02,$ 3633.78,10
1161,09:30:02,$ 3633.78,52
1162,09:30:02,$ 3633.78,1
1163,09:30:02,$ 3633.78,3
1164,09:30:02,$ 3633.78,1
1165,09:30:02,$ 3633.78,1
1166,09:30:02,$ 3633.78,6
1167,09:30:02,$ 3633.78,1
1168,09:30:02,$ 3633.78,1
1169,09:30:02,$ 3633.78,2
1170,09:30:02,$ 3633.78,1
1171,09:30:02,$ 3633.78,1
1172,09:30:02,$ 3633.78,2
1173,09:30:02,$ 3633.78,3
1174,09:30:02,$ 3633.78,7
1175,09:30:02,$ 3633.78,1
1177,09:30:02,$ 3633.78,3
1178,09:30:02,$ 3633.78,1
1179,09:30:02,$ 3633.78,3
1180,09:30:02,$ 3633.78,30
1181,09:30:02,$ 3633.78,2
1182,09:30:02,$ 3633.78,1
1183,09:30:02,$ 3633.78,1
1184,09:30:02,$ 3633.78,10
1185,09:30:02,$ 3633.78,10
1186,09:30:02,$ 3633.78,2
1187,09:30:02,$ 3633.78,2
1188,09:30:02,$ 3633.78,40
1189,09:30:02,$ 3633.78,6
1190,09:30:02,$ 3633.78,2
1191,09:30:02,$ 3633.78,1
1192,09:30:02,$ 3633.78,2
1193,09:30:02,$ 3633.78,1
1194,09:30:02,$ 3633.78,5
1195,09:30:02,$ 3633.78,4
1196,09:30:02,$ 3633.78,5
1198,09:30:02,$ 3633.78,2
1199,09:30:02,$ 3633.78,5
1200,09:30:02,$ 3633.78,2
1201,09:30:02,$ 3633.78,1
1202,09:30:02,$ 3633.78,2
1203,09:30:02,$ 3633.78,1
1204,09:30:02,$ 3633.78,6
1205,09:30:02,$ 3633.78,1
1206,09:30:02,$ 3633.78,8
1207,09:30:02,$ 3633.78,1
1208,09:30:02,$ 3633.78,2
1209,09:30:02,$ 3633.78,4
1210,09:30:02,$ 3633.78,6
1211,09:30:02,$ 3633.78,3
1212,09:30:02,$ 3633.78,1
1213,09:30:02,$ 3633.78,5
1214,09:30:02,$ 3633.78,3
1215,09:30:02,$ 3633.78,1
1216,09:30:02,$ 3633.78,6
1217,09:30:02,$ 3633.78,5
1219,09:30:02,$ 3633.78,11
1220,09:30:02,$ 3633.78,2
1221,09:30:02,$ 3633.78,149
1222,09:30:02,$ 3633.78,1
1223,09:30:02,$ 3633.78,2
1224,09:30:02,$ 3633.78,15
1225,09:30:02,$ 3633.78,36
1226,09:30:02,$ 3633.78,1
1227,09:30:02,$ 3633.78,1
1228,09:30:02,$ 3633.78,1
1229,09:30:02,$ 3633.78,24
1230,09:30:02,$ 3633.78,4
1231,09:30:02,$ 3633.78,1
1232,09:30:02,$ 3633.78,2
1233,09:30:02,$ 3633.78,2
1234,09:30:02,$ 3633.78,10
1235,09:30:02,$ 3633.78,1
1236,09:30:02,$ 3633.78,3
1237,09:30:02,$ 3633.78,1
1238,09:30:02,$ 3633.78,84
1240,09:30:02,$ 3633.78,1
1241,09:30:02,$ 3633.78,4
1242,09:30:02,$ 3633.78,17
1243,09:30:02,$ 3633.78,2
1244,09:30:02,$ 3633.78,1
1245,09:30:02,$ 3633.78,1
1246,09:30:02,$ 3633.78,2
1247,09:30:02,$ 3633.78,3
1248,09:30:02,$ 3633.78,50
1249,09:30:02,$ 3633.78,3
1250,09:30:02,$ 3633.78,3
1251,09:30:02,$ 3633.78,5
1252,09:30:02,$ 3633.78,378
1253,09:30:02,$ 3633.78,10
1254,09:30:02,$ 3633.78,267
1255,09:30:02,$ 3633.78,45
1256,09:30:02,$ 3633.78,2
1257,09:30:02,$ 3633.78,153
1258,09:30:02,$ 3633.78,2
1259,09:30:02,$ 3633.78,95
1261,09:30:02,$ 3633.78,1
1262,09:30:02,$ 3633.78,41
1263,09:30:02,$ 3633.78,9
1264,09:30:02,$ 3633.78,6
1265,09:30:02,$ 3633.78,5
1266,09:30:02,$ 3633.78,25
1267,09:30:02,$ 3633.78,99
1268,09:30:02,$ 3633.78,1
1269,09:30:02,$ 3633.78,2
1270,09:30:02,$ 3633.78,1
1271,09:30:02,$ 3633.78,1
1272,09:30:02,$ 3633.78,1
1273,09:30:02,$ 3633.78,5
1274,09:30:02,$ 3633.78,2
1275,09:30:02,$ 3633.78,10
1276,09:30:02,$ 3633.78,10
1277,09:30:02,$ 3633.78,2
1278,09:30:02,$ 3633.78,17
1279,09:30:02,$ 3633.78,1
1280,09:30:02,$ 3633.78,18
1282,09:30:02,$ 3633.78,25
1283,09:30:02,$ 3633.78,21
1284,09:30:02,$ 3633.78,38
1285,09:30:02,$ 3633.78,7
1286,09:30:02,$ 3633.78,171
1287,09:30:02,$ 3633.78,2
1288,09:30:02,$ 3633.78,3
1289,09:30:02,$ 3633.78,1
1290,09:30:02,$ 3633.78,2
1291,09:30:02,$ 3633.78,15
1292,09:30:02,$ 3633.78,1
1293,09:30:02,$ 3633.78,4
1294,09:30:02,$ 3633.78,141
1295,09:30:02,$ 3633.78,155
1296,09:30:02,$ 3633.78,2
1297,09:30:02,$ 3633.78,155
1298,09:30:02,$ 3633.78,1
1299,09:30:02,$ 3633.78,10
1300,09:30:02,$ 3633.78,2
1301,09:30:02,$ 3633.78,1
1303,09:30:02,$ 3633.78,4
1304,09:30:02,$ 3633.78,1
1305,09:30:02,$ 3633.78,1
1306,09:30:02,$ 3633.78,1
1307,09:30:02,$ 3633.78,1
1308,09:30:02,$ 3633.78,2
1309,09:30:02,$ 3633.78,1
1310,09:30:02,$ 3633.78,277
1311,09:30:02,$ 3633.78,325
1312,09:30:02,$ 3633.78,2
1313,09:30:02,$ 3633.78,10
1314,09:30:02,$ 3633.78,1
1315,09:30:02,$ 3633.78,36
1316,09:30:02,$ 3633.78,208
1317,09:30:02,$ 3633.78,4
1318,09:30:02,$ 3633.78,24
1319,09:30:02,$ 3633.78,11
1320,09:30:02,$ 3633.78,3
1321,09:30:02,$ 3633.78,2
1322,09:30:02,$ 3633.78,4
1324,09:30:02,$ 3633.78,15
1325,09:30:02,$ 3633.78,10
1326,09:30:02,$ 3633.78,10
1327,09:30:02,$ 3633.78,34
1328,09:30:02,$ 3633.78,3
1329,09:30:02,$ 3633.78,2
1330,09:30:02,$ 3633.78,10
1331,09:30:02,$ 3633.78,6
1332,09:30:02,$ 3633.78,4
1333,09:30:02,$ 3633.78,2
1334,09:30:02,$ 3633.78,4
1335,09:30:02,$ 3633.78,20
1336,09:30:02,$ 3633.78,20
1337,09:30:02,$ 3633.78,25
1338,09:30:02,$ 3633.78,15
1339,09:30:02,$ 3633.78,1
1340,09:30:02,$ 3633.78,1
1341,09:30:02,$ 3633.78,19
1342,09:30:02,$ 3633.78,1
1343,09:30:02,$ 3633.78,3
1345,09:30:02,$ 3633.78,5
1346,09:30:02,$ 3633.78,15
1347,09:30:02,$ 3633.78,1
1348,09:30:02,$ 3633.78,1
1349,09:30:02,$ 3633.78,1
1350,09:30:02,$ 3633.78,1
1351,09:30:02,$ 3633.78,3
1352,09:30:02,$ 3633.78,4
1353,09:30:02,$ 3633.78,1
1354,09:30:02,$ 3633.78,30
1355,09:30:02,$ 3633.78,1
1356,09:30:02,$ 3633.78,1
1357,09:30:02,$ 3633.78,5
1358,09:30:02,$ 3633.78,1
1359,09:30:02,$ 3633.78,1
1360,09:30:02,$ 3633.78,52
1361,09:30:02,$ 3633.78,1
1362,09:30:02,$ 3633.78,4
1363,09:30:02,$ 3633.78,1
1364,09:30:02,$ 3633.78,1
1366,09:30:02,$ 3633.78,7
1367,09:30:02,$ 3633.78,5
1368,09:30:02,$ 3633.78,2
1369,09:30:02,$ 3633.78,1
1370,09:30:02,$ 3633.78,3
1371,09:30:02,$ 3633.78,30
1372,09:30:02,$ 3633.78,2
1373,09:30:02,$ 3633.78,1
1374,09:30:02,$ 3633.78,4
1375,09:30:02,$ 3633.78,2
1376,09:30:02,$ 3633.78,2
1377,09:30:02,$ 3633.78,50
1378,09:30:02,$ 3633.78,1
1379,09:30:02,$ 3633.78,5
1380,09:30:02,$ 3633.78,1
1381,09:30:02,$ 3633.78,1
1382,09:30:02,$ 3633.78,2
1383,09:30:02,$ 3633.78,3
1384,09:30:02,$ 3633.78,1
1385,09:30:02,$ 3633.78,5
1387,09:30:02,$ 3633.78,1
1388,09:30:02,$ 3633.78,1
1389,09:30:02,$ 3633.78,30
1390,09:30:02,$ 3633.78,4
1391,09:30:02,$ 3633.78,5
1392,09:30:02,$ 3633.78,3
1393,09:30:02,$ 3633.78,2
1394,09:30:02,$ 3633.78,2
1395,09:30:02,$ 3633.78,1
1396,09:30:02,$ 3633.78,1
1397,09:30:02,$ 3633.78,4
1398,09:30:02,$ 3633.78,1
1399,09:30:02,$ 3633.78,2
1400,09:30:02,$ 3633.78,29
1401,09:30:02,$ 3633.78,1
1402,09:30:02,$ 3633.78,6
1403,09:30:02,$ 3633.78,50
1404,09:30:02,$ 3633.78,1
1405,09:30:02,$ 3633.78,25
1406,09:30:02,$ 3633.78,1
1408,09:30:02,$ 3633.78,3
1409,09:30:02,$ 3633.78,3
1410,09:30:02,$ 3633.78,10
1411,09:30:02,$ 3633.78,1
1412,09:30:02,$ 3633.78,1
1413,09:30:02,$ 3633.78,2
1414,09:30:02,$ 3633.78,8
1415,09:30:02,$ 3633.78,2
1416,09:30:02,$ 3633.78,10
1417,09:30:02,$ 3633.78,5
1418,09:30:02,$ 3633.78,10
1419,09:30:02,$ 3633.78,10
1420,09:30:02,$ 3633.78,4
1421,09:30:02,$ 3633.78,1
1422,09:30:02,$ 3633.78,1
1423,09:30:02,$ 3633.78,3
1424,09:30:02,$ 3633.78,2
1425,09:30:02,$ 3633.78,1
1426,09:30:02,$ 3633.78,1
1427,09:30:02,$ 3633.78,3
1429,09:30:02,$ 3633.78,29
1430,09:30:02,$ 3633.78,1
1431,09:30:02,$ 3633.78,1
1432,09:30:02,$ 3633.78,3
1433,09:30:02,$ 3633.78,1
1434,09:30:02,$ 3633.78,1
1435,09:30:02,$ 3633.78,10
1436,09:30:02,$ 3633.78,13
1437,09:30:02,$ 3633.78,3
1438,09:30:02,$ 3633.78,1
1439,09:30:02,$ 3633.78,1
1440,09:30:02,$ 3633.78,300
1441,09:30:02,$ 3633.78,1
1442,09:30:02,$ 3633.78,1
1443,09:30:02,$ 3633.78,5
1444,09:30:02,$ 3633.78,1
1445,09:30:02,$ 3633.78,20
1446,09:30:02,$ 3633.78,3
1447,09:30:02,$ 3633.78,10
1448,09:30:02,$ 3633.78,2
1450,09:30:02,$ 3633.78,6
1451,09:30:02,$ 3633.78,1
1452,09:30:02,$ 3633.78,100
1453,09:30:02,$ 3633.78,4
1454,09:30:02,$ 3633.78,1
1455,09:30:02,$ 3633.78,1
1456,09:30:02,$ 3633.78,1
1457,09:30:02,$ 3633.78,2
1458,09:30:02,$ 3633.78,2
1459,09:30:02,$ 3633.78,1
1460,09:30:02,$ 3633.78,5
1461,09:30:02,$ 3633.78,1
1462,09:30:02,$ 3633.78,20
1463,09:30:02,$ 3633.78,2
1464,09:30:02,$ 3633.78,3
1465,09:30:02,$ 3633.78,4
1466,09:30:02,$ 3633.78,4
1467,09:30:02,$ 3633.78,2
1468,09:30:02,$ 3633.78,3
1469,09:30:02,$ 3633.78,15
1471,09:30:02,$ 3633.78,100
1472,09:30:02,$ 3633.78,2
1473,09:30:02,$ 3633.78,2
1474,09:30:02,$ 3633.78,2
1475,09:30:02,$ 3633.78,2
1476,09:30:02,$ 3633.78,1
1477,09:30:02,$ 3633.78,10
1478,09:30:02,$ 3633.78,30
1479,09:30:02,$ 3633.78,15
1480,09:30:02,$ 3633.78,15
1481,09:30:02,$ 3633.78,1
1482,09:30:02,$ 3633.78,70
1483,09:30:02,$ 3633.78,10
1484,09:30:02,$ 3633.78,54
1485,09:30:02,$ 3633.78,20
1486,09:30:02,$ 3633.78,20
1487,09:30:02,$ 3633.78,11
1488,09:30:02,$ 3633.78,1
1489,09:30:02,$ 3633.78,1
1490,09:30:02,$ 3633.78,27
1492,09:30:02,$ 3633.78,34
1493,09:30:02,$ 3633.78,3
1494,09:30:02,$ 3633.78,9
1495,09:30:02,$ 3633.78,15
1496,09:30:02,$ 3633.78,2
1497,09:30:02,$ 3633.78,11
1498,09:30:02,$ 3633.78,5
1499,09:30:02,$ 3633.78,44
1500,09:30:02,$ 3633.78,8
1501,09:30:02,$ 3633.78,20
1502,09:30:02,$ 3633.78,2
1503,09:30:02,$ 3633.78,13
1504,09:30:02,$ 3633.78,3
1505,09:30:02,$ 3633.78,4
1506,09:30:02,$ 3633.78,20
1507,09:30:02,$ 3633.78,3
1508,09:30:02,$ 3633.78,1
1509,09:30:02,$ 3633.78,1
1510,09:30:02,$ 3633.78,1
1511,09:30:02,$ 3633.78,1
1513,09:30:02,$ 3633.78,1
1514,09:30:02,$ 3633.78,1
1515,09:30:02,$ 3633.78,1
1516,09:30:02,$ 3633.78,1
1517,09:30:02,$ 3633.78,1
1518,09:30:02,$ 3633.78,1
1519,09:30:02,$ 3633.78,1
1520,09:30:02,$ 3633.78,3
1521,09:30:02,$ 3633.78,1
1522,09:30:02,$ 3633.78,1
1523,09:30:02,$ 3633.78,80
1524,09:30:02,$ 3633.78,5
1525,09:30:02,$ 3633.78,1
1526,09:30:02,$ 3633.78,1
1527,09:30:02,$ 3633.78,1
1528,09:30:02,$ 3633.78,2
1529,09:30:02,$ 3633.78,13
1530,09:30:02,$ 3633.78,2
1531,09:30:02,$ 3633.78,1
1532,09:30:02,$ 3633.78,1
1534,09:30:02,$ 3633.78,1
1535,09:30:02,$ 3633.78,2
1536,09:30:02,$ 3633.78,1
1537,09:30:02,$ 3633.78,5
1538,09:30:02,$ 3633.78,20
1539,09:30:02,$ 3633.78,1
1540,09:30:02,$ 3633.78,1
1541,09:30:02,$ 3633.78,2
1542,09:30:02,$ 3633.78,9
1543,09:30:02,$ 3633.78,1
1544,09:30:02,$ 3633.78,1
1545,09:30:02,$ 3633.78,1
1546,09:30:02,$ 3633.78,1
1547,09:30:02,$ 3633.78,36
1548,09:30:02,$ 3633.78,5
1549,09:30:02,$ 3633.78,1
1550,09:30:02,$ 3633.78,2
1551,09:30:02,$ 3633.78,1
1552,09:30:02,$ 3633.78,2
1553,09:30:02,$ 3633.78,2
1555,09:30:02,$ 3633.78,110
1556,09:30:02,$ 3633.78,1
1557,09:30:02,$ 3633.78,2
1558,09:30:02,$ 3633.78,1
1559,09:30:02,$ 3633.78,3
1560,09:30:02,$ 3633.78,1
1561,09:30:02,$ 3633.78,4
1562,09:30:02,$ 3633.78,1
1563,09:30:02,$ 3633.78,1
1564,09:30:02,$ 3633.78,2
1565,09:30:02,$ 3633.78,1
1566,09:30:02,$ 3633.78,33
1567,09:30:02,$ 3633.78,3
1568,09:30:02,$ 3633.78,1
1569,09:30:02,$ 3633.78,1
1570,09:30:02,$ 3633.78,2
1571,09:30:02,$ 3633.78,1
1572,09:30:02,$ 3633.78,1
1573,09:30:02,$ 3633.78,1
1574,09:30:02,$ 3633.78,8
1576,09:30:02,$ 3633.78,1
1577,09:30:02,$ 3633.78,100
1578,09:30:02,$ 3633.78,1
1579,09:30:02,$ 3633.78,1
1580,09:30:02,$ 3633.78,7
1581,09:30:02,$ 3633.78,1
1582,09:30:02,$ 3633.78,1
1583,09:30:02,$ 3633.78,2
1584,09:30:02,$ 3633.78,10
1585,09:30:02,$ 3633.78,1
1586,09:30:02,$ 3633.78,1
1587,09:30:02,$ 3633.78,1
1588,09:30:02,$ 3633.78,5
1589,09:30:02,$ 3633.78,1
1590,09:30:02,$ 3633.78,3
1591,09:30:02,$ 3633.78,10
1592,09:30:02,$ 3633.78,1
1593,09:30:02,$ 3633.78,2
1594,09:30:02,$ 3633.78,6
1595,09:30:02,$ 3633.78,19
1597,09:30:02,$ 3633.78,12
1598,09:30:02,$ 3633.78,4
1599,09:30:02,$ 3633.78,2
1600,09:30:02,$ 3633.78,6
1601,09:30:02,$ 3633.78,7
1602,09:30:02,$ 3633.78,4
1603,09:30:02,$ 3633.78,7
1604,09:30:02,$ 3633.78,10
1605,09:30:02,$ 3633.78,4
1606,09:30:02,$ 3633.78,6
1607,09:30:02,$ 3633.78,3
1608,09:30:02,$ 3633.78,3
1609,09:30:02,$ 3633.78,1
1610,09:30:02,$ 3633.78,5
1611,09:30:02,$ 3633.78,1
1612,09:30:02,$ 3633.78,5
1613,09:30:02,$ 3633.78,1
1614,09:30:02,$ 3633.78,2
1615,09:30:02,$ 3633.78,1
1616,09:30:02,$ 3633.78,3
1618,09:30:02,$ 3633.78,1
1619,09:30:02,$ 3633.78,5
1620,09:30:02,$ 3633.78,1
1621,09:30:02,$ 3633.78,1
1622,09:30:02,$ 3633.78,10
1623,09:30:02,$ 3633.78,2
1624,09:30:02,$ 3633.78,1
1625,09:30:02,$ 3633.78,1
1626,09:30:02,$ 3633.78,7
1627,09:30:02,$ 3633.78,2
1628,09:30:02,$ 3633.78,1
1629,09:30:02,$ 3633.78,2
1630,09:30:02,$ 3633.78,1
1631,09:30:02,$ 3633.78,97
1632,09:30:02,$ 3633.78,3
1633,09:30:02,$ 3633.78,1
1634,09:30:02,$ 3633.78,1
1635,09:30:02,$ 3633.78,1
1636,09:30:02,$ 3633.78,1
1637,09:30:02,$ 3633.78,1
1639,09:30:02,$ 3633.78,1
1640,09:30:02,$ 3633.78,1
1641,09:30:02,$ 3633.78,1
1642,09:30:02,$ 3633.78,1
1643,09:30:02,$ 3633.78,1
1644,09:30:02,$ 3633.78,1
1645,09:30:02,$ 3633.78,2
1646,09:30:02,$ 3633.78,3
1647,09:30:02,$ 3633.78,1
1648,09:30:02,$ 3633.78,1
1649,09:30:02,$ 3633.78,10
1650,09:30:02,$ 3633.78,2
1651,09:30:02,$ 3633.78,1
1652,09:30:02,$ 3633.78,1
1653,09:30:02,$ 3633.78,19
1654,09:30:02,$ 3633.78,1
1655,09:30:02,$ 3633.78,1
1656,09:30:02,$ 3633.78,1
1657,09:30:02,$ 3633.78,5
1658,09:30:02,$ 3633.78,50
1660,09:30:02,$ 3633.78,3
1661,09:30:02,$ 3633.78,5
1662,09:30:02,$ 3633.78,13
1663,09:30:02,$ 3633.78,51
1664,09:30:02,$ 3633.78,68
1665,09:30:02,$ 3633.78,1
1666,09:30:02,$ 3633.78,2
1667,09:30:02,$ 3633.78,1
1668,09:30:02,$ 3633.78,1
1669,09:30:02,$ 3633.78,4
1670,09:30:02,$ 3633.78,5
1671,09:30:02,$ 3633.78,1
1672,09:30:02,$ 3633.78,2
1673,09:30:02,$ 3633.78,2
1674,09:30:02,$ 3633.78,1
1675,09:30:02,$ 3633.78,1
1676,09:30:02,$ 3633.78,3
1677,09:30:02,$ 3633.78,3
1678,09:30:02,$ 3633.78,3
1679,09:30:02,$ 3633.78,2
1681,09:30:02,$ 3633.78,1
1682,09:30:02,$ 3633.78,2
1683,09:30:02,$ 3633.78,1
1684,09:30:02,$ 3633.78,1
1685,09:30:02,$ 3633.78,1
1686,09:30:02,$ 3633.78,3
1687,09:30:02,$ 3633.78,2
1688,09:30:02,$ 3633.78,1
1689,09:30:02,$ 3633.78,3
1690,09:30:02,$ 3633.78,1
1691,09:30:02,$ 3633.78,2
1692,09:30:02,$ 3633.78,1
1693,09:30:02,$ 3633.78,1
1694,09:30:02,$ 3633.78,3
1695,09:30:02,$ 3633.78,2
1696,09:30:02,$ 3633.78,6
1697,09:30:02,$ 3633.78,1
1698,09:30:02,$ 3633.78,2
1699,09:30:02,$ 3633.78,1
1700,09:30:02,$ 3633.78,3
1702,09:30:02,$ 3633.78,1
1703,09:30:02,$ 3633.78,27
1704,09:30:02,$ 3633.78,3
1705,09:30:02,$ 3633.78,3
1706,09:30:02,$ 3633.78,1
1707,09:30:02,$ 3633.78,1
1708,09:30:02,$ 3633.78,1
1709,09:30:02,$ 3633.78,3
1710,09:30:02,$ 3633.78,3
1711,09:30:02,$ 3633.78,5
1712,09:30:02,$ 3633.78,2
1713,09:30:02,$ 3633.78,2
1714,09:30:02,$ 3633.78,7
1715,09:30:02,$ 3633.78,5
1716,09:30:02,$ 3633.78,18
1717,09:30:02,$ 3633.78,1
1718,09:30:02,$ 3633.78,4
1719,09:30:02,$ 3633.78,1
1720,09:30:02,$ 3633.78,50
1721,09:30:02,$ 3633.78,7
1723,09:30:02,$ 3633.78,30
1724,09:30:02,$ 3633.78,1
1725,09:30:02,$ 3633.78,3
1726,09:30:02,$ 3633.78,6
1727,09:30:02,$ 3633.78,100
1728,09:30:02,$ 3633.78,1
1729,09:30:02,$ 3633.78,31
1730,09:30:02,$ 3633.78,3
1731,09:30:02,$ 3633.78,7
1732,09:30:02,$ 3633.78,2
1733,09:30:02,$ 3633.78,3
1734,09:30:02,$ 3633.78,2
1735,09:30:02,$ 3633.78,1
1736,09:30:02,$ 3633.78,3
1737,09:30:02,$ 3633.78,1
1738,09:30:02,$ 3633.78,1
1739,09:30:02,$ 3633.78,6
1740,09:30:02,$ 3633.78,2
1741,09:30:02,$ 3633.78,1
1742,09:30:02,$ 3633.78,3
1744,09:30:02,$ 3633.78,1
1745,09:30:02,$ 3633.78,1
1746,09:30:02,$ 3633.78,1
1747,09:30:02,$ 3633.78,1
1748,09:30:02,$ 3633.78,7
1749,09:30:02,$ 3633.78,1
1750,09:30:02,$ 3633.78,1
1751,09:30:02,$ 3633.78,4
1752,09:30:02,$ 3633.78,50
1753,09:30:02,$ 3633.78,47
1754,09:30:02,$ 3633.78,5
1755,09:30:02,$ 3633.78,3
1756,09:30:02,$ 3633.78,5
1757,09:30:02,$ 3633.78,4
1758,09:30:02,$ 3633.78,3
1759,09:30:02,$ 3633.78,2
1760,09:30:02,$ 3633.78,1
1761,09:30:02,$ 3633.78,5
1762,09:30:02,$ 3633.78,5
1763,09:30:02,$ 3633.78,5
1765,09:30:02,$ 3633.78,10
1766,09:30:02,$ 3633.78,2
1767,09:30:02,$ 3633.78,2
1768,09:30:02,$ 3633.78,1
1769,09:30:02,$ 3633.78,3
1770,09:30:02,$ 3633.78,1
1771,09:30:02,$ 3633.78,1
1772,09:30:02,$ 3633.78,10
1773,09:30:02,$ 3633.78,2
1774,09:30:02,$ 3633.78,1
1775,09:30:02,$ 3633.78,5
1776,09:30:02,$ 3633.78,36
1777,09:30:02,$ 3633.78,2
1778,09:30:02,$ 3633.78,2
1779,09:30:02,$ 3633.78,1
1780,09:30:02,$ 3633.78,2
1781,09:30:02,$ 3633.78,2
1782,09:30:02,$ 3633.78,2
1783,09:30:02,$ 3633.78,1
1784,09:30:02,$ 3633.78,1
1786,09:30:02,$ 3633.78,21
1787,09:30:02,$ 3633.78,1
1788,09:30:02,$ 3633.78,1
1789,09:30:02,$ 3633.78,3
1790,09:30:02,$ 3633.78,3
1791,09:30:02,$ 3633.78,1
1792,09:30:02,$ 3633.78,6
1793,09:30:02,$ 3633.78,1
1794,09:30:02,$ 3633.78,1
1795,09:30:02,$ 3633.78,2
1796,09:30:02,$ 3633.78,1
1797,09:30:02,$ 3633.78,1
1798,09:30:02,$ 3633.78,180
1799,09:30:02,$ 3633.78,3
1800,09:30:02,$ 3633.78,4
1801,09:30:02,$ 3633.78,40
1802,09:30:02,$ 3633.78,1
1803,09:30:02,$ 3633.78,1
1804,09:30:02,$ 3633.78,1
1805,09:30:02,$ 3633.78,37
1807,09:30:02,$ 3633.78,1
1808,09:30:02,$ 3633.78,3
1809,09:30:02,$ 3633.78,1
1810,09:30:02,$ 3633.78,10
1811,09:30:02,$ 3633.78,2
1812,09:30:02,$ 3633.78,2
1813,09:30:02,$ 3633.78,11
1814,09:30:02,$ 3633.78,2
1815,09:30:02,$ 3633.78,1
1816,09:30:02,$ 3633.78,3
1817,09:30:02,$ 3633.78,2
1818,09:30:02,$ 3633.78,3
1819,09:30:02,$ 3633.78,33
1820,09:30:02,$ 3633.78,20
1821,09:30:02,$ 3633.78,4
1822,09:30:02,$ 3633.78,3
1823,09:30:02,$ 3633.78,8
1824,09:30:02,$ 3633.78,1
1825,09:30:02,$ 3633.78,3
1826,09:30:02,$ 3633.78,10
1828,09:30:02,$ 3633.78,1
1829,09:30:02,$ 3633.78,2
1830,09:30:02,$ 3633.78,2
1831,09:30:02,$ 3633.78,7
1832,09:30:02,$ 3633.78,5
1833,09:30:02,$ 3633.78,2
1834,09:30:02,$ 3633.78,6
1835,09:30:02,$ 3633.78,9
1836,09:30:02,$ 3633.78,2
1837,09:30:02,$ 3633.78,1
1838,09:30:02,$ 3633.78,1
1839,09:30:02,$ 3633.78,1
1840,09:30:02,$ 3633.78,50
1841,09:30:02,$ 3633.78,1
1842,09:30:02,$ 3633.78,1
1843,09:30:02,$ 3633.78,1
1844,09:30:02,$ 3633.78,1
1845,09:30:02,$ 3633.78,5
1846,09:30:02,$ 3633.78,2
1847,09:30:02,$ 3633.78,3
1849,09:30:02,$ 3633.78,1
1850,09:30:02,$ 3633.78,3
1851,09:30:02,$ 3633.78,2
1852,09:30:02,$ 3633.78,5
1853,09:30:02,$ 3633.78,5
1854,09:30:02,$ 3633.78,2
1855,09:30:02,$ 3633.78,2
1856,09:30:02,$ 3633.78,3
1857,09:30:02,$ 3633.78,1
1858,09:30:02,$ 3633.78,15
1859,09:30:02,$ 3633.78,1
1860,09:30:02,$ 3633.78,1
1861,09:30:02,$ 3633.78,1
1862,09:30:02,$ 3633.78,1
1863,09:30:02,$ 3633.78,1
1864,09:30:02,$ 3633.78,3
1865,09:30:02,$ 3633.78,2
1866,09:30:02,$ 3633.78,5
1867,09:30:02,$ 3633.78,3
1868,09:30:02,$ 3633.78,13
1870,09:30:02,$ 3633.78,5
1871,09:30:02,$ 3633.78,1
1872,09:30:02,$ 3633.78,1
1873,09:30:02,$ 3633.78,4
1874,09:30:02,$ 3633.78,2
1875,09:30:02,$ 3633.78,1
1876,09:30:02,$ 3633.78,3
1877,09:30:02,$ 3633.78,2
1878,09:30:02,$ 3633.78,3
1879,09:30:02,$ 3633.78,2
1880,09:30:02,$ 3633.78,2
1881,09:30:02,$ 3633.78,4
1882,09:30:02,$ 3633.78,2
1883,09:30:02,$ 3633.78,1
1884,09:30:02,$ 3633.78,1
1885,09:30:02,$ 3633.78,2
1886,09:30:02,$ 3633.78,1
1887,09:30:02,$ 3633.78,11
1888,09:30:02,$ 3633.78,1
1889,09:30:02,$ 3633.78,10
1891,09:30:02,$ 3633.78,5
1892,09:30:02,$ 3633.78,4
1893,09:30:02,$ 3633.78,2
1894,09:30:02,$ 3633.78,4
1895,09:30:02,$ 3633.78,27
1896,09:30:02,$ 3633.78,1
1897,09:30:02,$ 3633.78,1
1898,09:30:02,$ 3633.78,1
1899,09:30:02,$ 3633.78,1
1900,09:30:02,$ 3633.78,1
1901,09:30:02,$ 3633.78,1
1902,09:30:02,$ 3633.78,1
1903,09:30:02,$ 3633.78,1
1904,09:30:02,$ 3633.78,1
1905,09:30:02,$ 3633.78,1
1906,09:30:02,$ 3633.78,1
1907,09:30:02,$ 3633.78,1
1908,09:30:02,$ 3633.78,1
1909,09:30:02,$ 3633.78,1
1910,09:30:02,$ 3633.78,1
1912,09:30:02,$ 3633.78,1
1913,09:30:02,$ 3633.78,1
1914,09:30:02,$ 3633.78,1
1915,09:30:02,$ 3633.78,1
1916,09:30:02,$ 3633.78,1
1917,09:30:02,$ 3633.78,1
1918,09:30:02,$ 3633.78,1
1919,09:30:02,$ 3633.78,1
1920,09:30:02,$ 3633.78,1
1921,09:30:02,$ 3633.78,1
1922,09:30:02,$ 3633.78,1
1923,09:30:02,$ 3633.78,1
1924,09:30:02,$ 3633.78,1
1925,09:30:02,$ 3633.78,1
1926,09:30:02,$ 3633.78,1
1927,09:30:02,$ 3633.78,1
1928,09:30:02,$ 3633.78,1
1929,09:30:02,$ 3633.78,1
1930,09:30:02,$ 3633.78,1
1931,09:30:02,$ 3633.78,1
1933,09:30:02,$ 3633.78,1
1934,09:30:02,$ 3633.78,1
1935,09:30:02,$ 3633.78,1
1936,09:30:02,$ 3633.78,1
1937,09:30:02,$ 3633.78,1
1938,09:30:02,$ 3633.78,3
1939,09:30:02,$ 3633.78,1
1940,09:30:02,$ 3633.78,1
1941,09:30:02,$ 3633.78,10
1942,09:30:02,$ 3633.78,5
1943,09:30:02,$ 3633.78,4
1944,09:30:02,$ 3633.78,16
1945,09:30:02,$ 3633.78,1
1946,09:30:02,$ 3633.78,20
1947,09:30:02,$ 3633.78,2
1948,09:30:02,$ 3633.78,6
1949,09:30:02,$ 3633.78,1
1950,09:30:02,$ 3633.78,27
1951,09:30:02,$ 3633.78,8
1952,09:30:02,$ 3633.78,1
1954,09:30:02,$ 3633.78,3
1955,09:30:02,$ 3633.78,1
1956,09:30:02,$ 3633.78,2
1957,09:30:02,$ 3633.78,10
1958,09:30:02,$ 3633.78,3
1959,09:30:02,$ 3633.78,2
1960,09:30:02,$ 3633.78,1
1961,09:30:02,$ 3633.78,10
1962,09:30:02,$ 3633.78,5
1963,09:30:02,$ 3633.78,1
1964,09:30:02,$ 3633.78,1
1965,09:30:02,$ 3633.78,1
1966,09:30:02,$ 3633.78,1
1967,09:30:02,$ 3633.78,2
1968,09:30:02,$ 3633.78,1
1969,09:30:02,$ 3633.78,1
1970,09:30:02,$ 3633.78,3
1971,09:30:02,$ 3633.78,1
1972,09:30:02,$ 3633.78,13
1973,09:30:02,$ 3633.78,10
1975,09:30:02,$ 3633.78,5
1976,09:30:02,$ 3633.78,5
1977,09:30:02,$ 3633.78,1
1978,09:30:02,$ 3633.78,1
1979,09:30:02,$ 3633.78,1
1980,09:30:02,$ 3633.78,1
1981,09:30:02,$ 3633.78,1
1982,09:30:02,$ 3633.78,1
1983,09:30:02,$ 3633.78,3
1984,09:30:02,$ 3633.78,1
1985,09:30:02,$ 3633.78,2
1986,09:30:02,$ 3633.78,4
1987,09:30:02,$ 3633.78,1
1988,09:30:02,$ 3633.78,2
1989,09:30:02,$ 3633.78,1
1990,09:30:02,$ 3633.78,4
1991,09:30:02,$ 3633.78,1
1992,09:30:02,$ 3633.78,5
1993,09:30:02,$ 3633.78,2
1994,09:30:02,$ 3633.78,6
1996,09:30:02,$ 3633.78,1
1997,09:30:02,$ 3633.78,10
1998,09:30:02,$ 3633.78,5
1999,09:30:02,$ 3633.78,1
2000,09:30:02,$ 3633.78,3
2001,09:30:02,$ 3633.78,33
2002,09:30:02,$ 3633.78,5
2003,09:30:02,$ 3633.78,1
2004,09:30:02,$ 3633.78,2
2005,09:30:02,$ 3633.78,1
2006,09:30:02,$ 3633.78,1
2007,09:30:02,$ 3633.78,1
2008,09:30:02,$ 3633.78,3
2009,09:30:02,$ 3633.78,20
2010,09:30:02,$ 3633.78,14
2011,09:30:02,$ 3633.78,2
2012,09:30:02,$ 3633.78,2
2013,09:30:02,$ 3633.78,1
2014,09:30:02,$ 3633.78,2
2015,09:30:02,$ 3633.78,4
2017,09:30:02,$ 3633.78,1
2018,09:30:02,$ 3633.78,1
2019,09:30:02,$ 3633.78,2
2020,09:30:02,$ 3633.78,1
2021,09:30:02,$ 3633.78,1
2022,09:30:02,$ 3633.78,1
2023,09:30:02,$ 3633.78,15
2024,09:30:02,$ 3633.78,7
2025,09:30:02,$ 3633.78,8
2026,09:30:02,$ 3633.78,2
2027,09:30:02,$ 3633.78,3
2028,09:30:02,$ 3633.78,1
2029,09:30:02,$ 3633.78,1
2030,09:30:02,$ 3633.78,3
2031,09:30:02,$ 3633.78,2
2032,09:30:02,$ 3633.78,1
2033,09:30:02,$ 3633.78,1
2034,09:30:02,$ 3633.78,1
2035,09:30:02,$ 3633.78,1
2036,09:30:02,$ 3633.78,1
2038,09:30:02,$ 3633.78,1
2039,09:30:02,$ 3633.78,1
2040,09:30:02,$ 3633.78,1
2041,09:30:02,$ 3633.78,1
2042,09:30:02,$ 3633.78,1
2043,09:30:02,$ 3633.78,1
2044,09:30:02,$ 3633.78,1
2045,09:30:02,$ 3633.78,1
2046,09:30:02,$ 3633.78,1
2047,09:30:02,$ 3633.78,1
2048,09:30:02,$ 3633.78,1
2049,09:30:02,$ 3633.78,1
2050,09:30:02,$ 3633.78,1
2051,09:30:02,$ 3633.78,1
2052,09:30:02,$ 3633.78,1
2053,09:30:02,$ 3633.78,1
2054,09:30:02,$ 3633.78,1
2055,09:30:02,$ 3633.78,1
2056,09:30:02,$ 3633.78,1
2057,09:30:02,$ 3633.78,1
2059,09:30:02,$ 3633.78,1
2060,09:30:02,$ 3633.78,1
2061,09:30:02,$ 3633.78,1
2062,09:30:02,$ 3633.78,1
2063,09:30:02,$ 3633.78,1
2064,09:30:02,$ 3633.78,1
2065,09:30:02,$ 3633.78,1
2066,09:30:02,$ 3633.78,1
2067,09:30:02,$ 3633.78,1
2068,09:30:02,$ 3633.78,1
2069,09:30:02,$ 3633.78,1
2070,09:30:02,$ 3633.78,1
2071,09:30:02,$ 3633.78,1
2072,09:30:02,$ 3633.78,1
2073,09:30:02,$ 3633.78,1
2074,09:30:02,$ 3633.78,1
2075,09:30:02,$ 3633.78,1
2076,09:30:02,$ 3633.78,1
2077,09:30:02,$ 3633.78,1
2078,09:30:02,$ 3633.78,1
2080,09:30:02,$ 3633.78,1
2081,09:30:02,$ 3633.78,1
2082,09:30:02,$ 3633.78,1
2083,09:30:02,$ 3633.78,1
2084,09:30:02,$ 3633.78,1
2085,09:30:02,$ 3633.78,1
2086,09:30:02,$ 3633.78,1
2087,09:30:02,$ 3633.78,1
2088,09:30:02,$ 3633.78,1
2089,09:30:02,$ 3633.78,1
2090,09:30:02,$ 3633.78,1
2091,09:30:02,$ 3633.78,1
2092,09:30:02,$ 3633.78,1
2093,09:30:02,$ 3633.78,1
2094,09:30:02,$ 3633.78,1
2095,09:30:02,$ 3633.78,1
2096,09:30:02,$ 3633.78,1
2097,09:30:02,$ 3633.78,14
2098,09:30:02,$ 3633.78,1
2099,09:30:02,$ 3633.78,1
2101,09:30:02,$ 3633.78,1
2102,09:30:02,$ 3633.78,1
2103,09:30:02,$ 3633.78,1
2104,09:30:02,$ 3633.78,1
2105,09:30:02,$ 3633.78,1
2106,09:30:02,$ 3633.78,1
2107,09:30:02,$ 3633.78,1
2108,09:30:02,$ 3633.78,1
2109,09:30:02,$ 3633.78,1
2110,09:30:02,$ 3633.78,1
2111,09:30:02,$ 3633.78,1
2112,09:30:02,$ 3633.78,1
2113,09:30:02,$ 3633.78,1
2114,09:30:02,$ 3633.78,1
2115,09:30:02,$ 3633.78,61
2116,09:30:02,$ 3633.78,9
2117,09:30:02,$ 3633.78,1
2118,09:30:02,$ 3633.78,2
2119,09:30:02,$ 3633.78,31
2120,09:30:02,$ 3633.78,1
2122,09:30:02,$ 3633.78,1
2123,09:30:02,$ 3633.78,3
2124,09:30:02,$ 3633.78,104
2125,09:30:02,$ 3633.78,3
2126,09:30:02,$ 3633.78,1
2127,09:30:02,$ 3633.78,1
2128,09:30:02,$ 3633.78,2
2129,09:30:02,$ 3633.78,1
2130,09:30:02,$ 3633.78,4
2131,09:30:02,$ 3633.78,2
2132,09:30:02,$ 3633.78,1
2133,09:30:02,$ 3633.78,5
2134,09:30:02,$ 3633.78,6
2135,09:30:02,$ 3633.78,5
2136,09:30:02,$ 3633.78,15
2137,09:30:02,$ 3633.78,10
2138,09:30:02,$ 3633.78,1
2139,09:30:02,$ 3633.78,1
2140,09:30:02,$ 3633.78,10
2141,09:30:02,$ 3633.78,1
2143,09:30:02,$ 3633.78,1
2144,09:30:02,$ 3633.78,5
2145,09:30:02,$ 3633.78,3
2146,09:30:02,$ 3633.78,1
2147,09:30:02,$ 3633.78,2
2148,09:30:02,$ 3633.78,354
2149,09:30:02,$ 3633.78,5
2150,09:30:02,$ 3633.78,1
2151,09:30:02,$ 3633.78,10
2152,09:30:02,$ 3633.78,2
2153,09:30:02,$ 3633.78,14
2154,09:30:02,$ 3633.78,1
2155,09:30:02,$ 3633.78,24
2156,09:30:02,$ 3633.78,50
2157,09:30:02,$ 3633.78,1
2158,09:30:02,$ 3633.78,15
2159,09:30:02,$ 3633.78,100
2160,09:30:02,$ 3633.78,318
2161,09:30:02,$ 3633.78,253
2162,09:30:02,$ 3633.78,2
2164,09:30:02,$ 3633.78,2
2165,09:30:02,$ 3633.78,5
2166,09:30:02,$ 3633.78,1
2167,09:30:02,$ 3633.78,1
2168,09:30:02,$ 3633.78,204
2169,09:30:02,$ 3633.78,61
2170,09:30:02,$ 3633.78,211
2171,09:30:02,$ 3633.78,75
2172,09:30:02,$ 3633.78,1
2173,09:30:02,$ 3633.78,8
2174,09:30:02,$ 3633.78,10
2175,09:30:02,$ 3633.78,45
2176,09:30:02,$ 3633.78,110
2177,09:30:02,$ 3633.78,50
2178,09:30:02,$ 3633.78,1
2179,09:30:02,$ 3633.78,1
2180,09:30:02,$ 3633.78,1
2181,09:30:02,$ 3633.78,10
2182,09:30:02,$ 3633.78,10
2183,09:30:02,$ 3633.78,10
2185,09:30:02,$ 3633.78,100
2186,09:30:02,$ 3633.78,1
2187,09:30:02,$ 3633.78,3
2188,09:30:02,$ 3633.78,70
2189,09:30:02,$ 3633.78,2
2190,09:30:02,$ 3633.78,70
2191,09:30:02,$ 3633.78,1
2192,09:30:02,$ 3633.78,1
2193,09:30:02,$ 3633.78,1
2194,09:30:02,$ 3633.78,100
2195,09:30:02,$ 3633.78,1
2196,09:30:02,$ 3633.78,236
2197,09:30:02,$ 3633.78,381
2198,09:30:02,$ 3633.78,3
2199,09:30:02,$ 3633.78,1
2200,09:30:02,$ 3633.78,3
2201,09:30:02,$ 3633.78,2
2202,09:30:02,$ 3633.78,100
2203,09:30:02,$ 3633.78,1
2204,09:30:02,$ 3633.78,1
2206,09:30:02,$ 3633.78,3
2207,09:30:02,$ 3633.78,1
2208,09:30:02,$ 3633.78,10
2209,09:30:02,$ 3633.78,1
2210,09:30:02,$ 3633.78,10
2211,09:30:02,$ 3633.78,11
2212,09:30:02,$ 3633.78,1
2213,09:30:02,$ 3633.78,1
2214,09:30:02,$ 3633.78,23
2215,09:30:02,$ 3633.78,10
2216,09:30:02,$ 3633.78,10
2217,09:30:02,$ 3633.78,3
2218,09:30:02,$ 3633.78,1
2219,09:30:02,$ 3633.78,1
2220,09:30:02,$ 3633.78,1
2221,09:30:02,$ 3633.78,15
2222,09:30:02,$ 3633.78,4
2223,09:30:02,$ 3633.78,5
2224,09:30:02,$ 3633.78,4
2225,09:30:02,$ 3633.78,2
2227,09:30:02,$ 3633.78,1
2228,09:30:02,$ 3633.78,6
2229,09:30:02,$ 3633.78,34
2230,09:30:02,$ 3633.78,5
2231,09:30:02,$ 3633.78,1
2232,09:30:02,$ 3633.78,100
2233,09:30:02,$ 3633.78,1
2234,09:30:02,$ 3633.78,1
2235,09:30:02,$ 3633.78,3
2236,09:30:02,$ 3633.78,2
2237,09:30:02,$ 3633.78,1
2238,09:30:02,$ 3633.78,100
2239,09:30:02,$ 3633.78,8
2240,09:30:02,$ 3633.78,20
2241,09:30:02,$ 3633.78,17
2242,09:30:02,$ 3633.78,100
2243,09:30:02,$ 3633.78,10
2244,09:30:02,$ 3633.78,10
2245,09:30:02,$ 3633.78,500
2246,09:30:02,$ 3633.78,10
2248,09:30:02,$ 3633.78,10
2249,09:30:02,$ 3633.78,50
2250,09:30:02,$ 3633.78,254
2251,09:30:02,$ 3633.78,10
2252,09:30:02,$ 3633.78,1
2253,09:30:02,$ 3633.78,1
2254,09:30:02,$ 3633.78,5
2255,09:30:02,$ 3633.78,1
2256,09:30:02,$ 3633.78,1
2257,09:30:02,$ 3633.78,1
2258,09:30:02,$ 3633.78,1
2259,09:30:02,$ 3633.78,163
2260,09:30:02,$ 3633.78,14
2261,09:30:02,$ 3633.78,1
2262,09:30:02,$ 3633.78,6
2263,09:30:02,$ 3633.78,2
2264,09:30:02,$ 3633.78,2
2265,09:30:02,$ 3633.78,103
2266,09:30:02,$ 3633.78,5
2267,09:30:02,$ 3633.78,3
2269,09:30:02,$ 3633.78,1
2270,09:30:02,$ 3633.78,10
2271,09:30:02,$ 3633.78,1
2272,09:30:02,$ 3633.78,1
2273,09:30:02,$ 3633.78,2
2274,09:30:02,$ 3633.78,2
2275,09:30:02,$ 3633.78,1
2276,09:30:02,$ 3633.78,1
2277,09:30:02,$ 3633.78,8
2278,09:30:02,$ 3633.78,178
2279,09:30:02,$ 3633.78,1
2280,09:30:02,$ 3633.78,100
2281,09:30:02,$ 3633.78,2
2282,09:30:02,$ 3633.78,1
2283,09:30:02,$ 3633.78,1
2284,09:30:02,$ 3633.78,1
2285,09:30:02,$ 3633.78,1
2286,09:30:02,$ 3633.78,10
2287,09:30:02,$ 3633.78,9
2288,09:30:02,$ 3633.78,1
2290,09:30:02,$ 3633.78,1
2291,09:30:02,$ 3633.78,1
2292,09:30:02,$ 3633.78,10
2293,09:30:02,$ 3633.78,1
2294,09:30:02,$ 3633.78,4
2295,09:30:02,$ 3633.78,1
2296,09:30:02,$ 3633.78,2
2297,09:30:02,$ 3633.78,10
2298,09:30:02,$ 3633.78,20
2299,09:30:02,$ 3633.78,10
2300,09:30:02,$ 3633.78,1
2301,09:30:02,$ 3633.78,1
2302,09:30:02,$ 3633.78,8
2303,09:30:02,$ 3633.78,1
2304,09:30:02,$ 3633.78,1
2305,09:30:02,$ 3633.78,3
2306,09:30:02,$ 3633.78,3
2307,09:30:02,$ 3633.78,1
2308,09:30:02,$ 3633.78,10
2309,09:30:02,$ 3633.78,16
2311,09:30:02,$ 3633.78,2
2312,09:30:02,$ 3633.78,28
2313,09:30:02,$ 3633.78,3
2314,09:30:02,$ 3633.78,5
2315,09:30:02,$ 3633.78,10
2316,09:30:02,$ 3633.78,31
2317,09:30:02,$ 3633.78,"2,000"
2318,09:30:02,$ 3633.78,3
2319,09:30:02,$ 3633.78,20
2320,09:30:02,$ 3633.78,3
2321,09:30:02,$ 3633.78,20
2322,09:30:02,$ 3633.78,3
2323,09:30:02,$ 3633.78,2
2324,09:30:02,$ 3633.78,3
2325,09:30:02,$ 3633.78,1
2326,09:30:02,$ 3633.78,3
2327,09:30:02,$ 3633.78,2
2328,09:30:02,$ 3633.78,1
2329,09:30:02,$ 3633.78,2
2330,09:30:02,$ 3633.78,1
2332,09:30:02,$ 3633.78,2
2333,09:30:02,$ 3633.78,21
2334,09:30:02,$ 3633.78,11
2335,09:30:02,$ 3633.78,1
2336,09:30:02,$ 3633.78,1
2337,09:30:02,$ 3633.78,7
2338,09:30:02,$ 3633.78,2
2339,09:30:02,$ 3633.78,15
2340,09:30:02,$ 3633.78,39
2341,09:30:02,$ 3633.78,64
2342,09:30:02,$ 3633.78,2
2343,09:30:02,$ 3633.78,1
2344,09:30:02,$ 3633.78,25
2345,09:30:02,$ 3633.78,6
2346,09:30:02,$ 3633.78,10
2347,09:30:02,$ 3633.78,2
2348,09:30:02,$ 3633.78,1
2349,09:30:02,$ 3633.78,5
2350,09:30:02,$ 3633.78,10
2351,09:30:02,$ 3633.78,2
2353,09:30:02,$ 3633.78,8
2354,09:30:02,$ 3633.78,3
2355,09:30:02,$ 3633.78,2
2356,09:30:02,$ 3633.78,1
2357,09:30:02,$ 3633.78,4
2358,09:30:02,$ 3633.78,3
2359,09:30:02,$ 3633.78,2
2360,09:30:02,$ 3633.78,6
2361,09:30:02,$ 3633.78,2
2362,09:30:02,$ 3633.78,1
2363,09:30:02,$ 3633.78,5
2364,09:30:02,$ 3633.78,3
2365,09:30:02,$ 3633.78,6
2366,09:30:02,$ 3633.78,1
2367,09:30:02,$ 3633.78,1
2368,09:30:02,$ 3633.78,7
2369,09:30:02,$ 3633.78,52
2370,09:30:02,$ 3633.78,2
2371,09:30:02,$ 3633.78,9
2372,09:30:02,$ 3633.78,9
2374,09:30:02,$ 3633.78,18
2375,09:30:02,$ 3633.78,1
2376,09:30:02,$ 3633.78,1
2377,09:30:02,$ 3633.78,6
2378,09:30:02,$ 3633.78,1
2379,09:30:02,$ 3633.78,5
2380,09:30:02,$ 3633.78,7
2381,09:30:02,$ 3633.78,4
2382,09:30:02,$ 3633.78,9
2383,09:30:02,$ 3633.78,4
2384,09:30:02,$ 3633.78,2
2385,09:30:02,$ 3633.78,6
2386,09:30:02,$ 3633.78,3
2387,09:30:02,$ 3633.78,144
2388,09:30:02,$ 3633.78,3
2389,09:30:02,$ 3633.78,5
2390,09:30:02,$ 3633.78,3
2391,09:30:02,$ 3633.78,4
2392,09:30:02,$ 3633.78,14
2393,09:30:02,$ 3633.78,3
2395,09:30:02,$ 3633.78,1
2396,09:30:02,$ 3633.78,1
2397,09:30:02,$ 3633.78,4
2398,09:30:02,$ 3633.78,13
2399,09:30:02,$ 3633.78,2
2400,09:30:02,$ 3633.78,1
2401,09:30:02,$ 3633.78,3
2402,09:30:02,$ 3633.78,2
2403,09:30:02,$ 3633.78,26
2404,09:30:02,$ 3633.78,3
2405,09:30:02,$ 3633.78,2
2406,09:30:02,$ 3633.78,2
2407,09:30:02,$ 3633.78,105
2408,09:30:02,$ 3633.78,10
2409,09:30:02,$ 3633.78,4
2410,09:30:02,$ 3633.78,20
2411,09:30:02,$ 3633.78,127
2412,09:30:02,$ 3633.78,101
2413,09:30:02,$ 3633.78,12
2414,09:30:02,$ 3633.78,3
2416,09:30:02,$ 3633.78,1
2417,09:30:02,$ 3633.78,10
2418,09:30:02,$ 3633.78,11
2419,09:30:02,$ 3633.78,101
2420,09:30:02,$ 3633.78,5
2421,09:30:02,$ 3633.78,10
2422,09:30:02,$ 3633.78,5
2423,09:30:02,$ 3633.78,5
2424,09:30:02,$ 3633.78,75
2425,09:30:02,$ 3633.78,5
2426,09:30:02,$ 3633.78,118
2427,09:30:02,$ 3633.78,1
2428,09:30:02,$ 3633.78,1
2429,09:30:02,$ 3633.78,1
2430,09:30:02,$ 3633.78,1
2431,09:30:02,$ 3633.78,3
2432,09:30:02,$ 3633.78,2
2433,09:30:02,$ 3633.78,1
2434,09:30:02,$ 3633.78,1
2435,09:30:02,$ 3633.78,1
2437,09:30:02,$ 3633.78,1
2438,09:30:02,$ 3633.78,1
2439,09:30:02,$ 3633.78,2
2440,09:30:02,$ 3633.78,1
2441,09:30:02,$ 3633.78,1
2442,09:30:02,$ 3633.78,2
2443,09:30:02,$ 3633.78,1
2444,09:30:02,$ 3633.78,3
2445,09:30:02,$ 3633.78,3
2446,09:30:02,$ 3633.78,2
2447,09:30:02,$ 3633.78,1
2448,09:30:02,$ 3633.78,2
2449,09:30:02,$ 3633.78,1
2450,09:30:02,$ 3633.78,1
2451,09:30:02,$ 3633.78,1
2452,09:30:02,$ 3633.78,2
2453,09:30:02,$ 3633.78,1
2454,09:30:02,$ 3633.78,7
2455,09:30:02,$ 3633.78,5
2456,09:30:02,$ 3633.78,3
2458,09:30:02,$ 3633.78,1
2459,09:30:02,$ 3633.78,1
2460,09:30:02,$ 3633.78,1
2461,09:30:02,$ 3633.78,1
2462,09:30:02,$ 3633.78,8
2463,09:30:02,$ 3633.78,2
2464,09:30:02,$ 3633.78,1
2465,09:30:02,$ 3633.78,1
2466,09:30:02,$ 3633.78,1
2467,09:30:02,$ 3633.78,1
2468,09:30:02,$ 3633.78,1
2469,09:30:02,$ 3633.78,1
2470,09:30:02,$ 3633.78,2
2471,09:30:02,$ 3633.78,1
2472,09:30:02,$ 3633.78,2
2473,09:30:02,$ 3633.78,1
2474,09:30:02,$ 3633.78,1
2475,09:30:02,$ 3633.78,1
2476,09:30:02,$ 3633.78,1
2477,09:30:02,$ 3633.78,7
2479,09:30:02,$ 3633.78,18
2480,09:30:02,$ 3633.78,1
2481,09:30:02,$ 3633.78,36
2482,09:30:02,$ 3633.78,1
2483,09:30:02,$ 3633.78,5
2484,09:30:02,$ 3633.78,2
2485,09:30:02,$ 3633.78,13
2486,09:30:02,$ 3633.78,2
2487,09:30:02,$ 3633.78,1
2488,09:30:02,$ 3633.78,1
2489,09:30:02,$ 3633.78,7
2490,09:30:02,$ 3633.78,1
2491,09:30:02,$ 3633.78,2
2492,09:30:02,$ 3633.78,3
2493,09:30:02,$ 3633.78,7
2494,09:30:02,$ 3633.78,3
2495,09:30:02,$ 3633.78,1
2496,09:30:02,$ 3633.78,1
2497,09:30:02,$ 3633.78,1
2498,09:30:02,$ 3633.78,2
2500,09:30:02,$ 3633.78,2
2501,09:30:02,$ 3633.78,1
2502,09:30:02,$ 3633.78,2
2503,09:30:02,$ 3633.78,2
2504,09:30:02,$ 3633.78,2
2505,09:30:02,$ 3633.78,2
2506,09:30:02,$ 3633.78,5
2507,09:30:02,$ 3633.78,2
2508,09:30:02,$ 3633.78,1
2509,09:30:02,$ 3633.78,7
2510,09:30:02,$ 3633.78,1
2511,09:30:02,$ 3633.78,18
2512,09:30:02,$ 3633.78,1
2513,09:30:02,$ 3633.78,2
2514,09:30:02,$ 3633.78,2
2515,09:30:02,$ 3633.78,2
2516,09:30:02,$ 3633.78,3
2517,09:30:02,$ 3633.78,1
2518,09:30:02,$ 3633.78,7
2519,09:30:02,$ 3633.78,1
2521,09:30:02,$ 3633.78,1
2522,09:30:02,$ 3633.78,3
2523,09:30:02,$ 3633.78,6
2524,09:30:02,$ 3633.78,10
2525,09:30:02,$ 3633.78,1
2526,09:30:02,$ 3633.78,1
2527,09:30:02,$ 3633.78,10
2528,09:30:02,$ 3633.78,1
2529,09:30:02,$ 3633.78,14
2530,09:30:02,$ 3633.78,3
2531,09:30:02,$ 3633.78,3
2532,09:30:02,$ 3633.78,1
2533,09:30:02,$ 3633.78,1
2534,09:30:02,$ 3633.78,4
2535,09:30:02,$ 3633.78,1
2536,09:30:02,$ 3633.78,1
2537,09:30:02,$ 3633.78,1
2538,09:30:02,$ 3633.78,1
2539,09:30:02,$ 3633.78,2
2540,09:30:02,$ 3633.78,7
2542,09:30:02,$ 3633.78,7
2543,09:30:02,$ 3633.78,9
2544,09:30:02,$ 3633.78,4
2545,09:30:02,$ 3633.78,48
2546,09:30:02,$ 3633.78,100
2547,09:30:02,$ 3633.78,5
2548,09:30:02,$ 3633.78,39
2549,09:30:02,$ 3633.78,67
2550,09:30:02,$ 3633.78,507
2551,09:30:02,$ 3633.78,168
2552,09:30:02,$ 3633.78,38
2553,09:30:02,$ 3633.78,127
2554,09:30:02,$ 3633.78,7
2555,09:30:02,$ 3633.78,1
2556,09:30:02,$ 3633.78,3
2557,09:30:02,$ 3633.78,20
2558,09:30:02,$ 3633.78,100
2559,09:30:02,$ 3633.78,"1,800"
2560,09:30:02,$ 3633.78,171
2561,09:30:02,$ 3633.78,75
2563,09:30:02,$ 3633.78,22
2564,09:30:02,$ 3633.78,12
2565,09:30:02,$ 3633.78,200
2566,09:30:02,$ 3633.78,91
2567,09:30:02,$ 3633.78,432
2568,09:30:02,$ 3633.78,1
2569,09:30:02,$ 3633.78,27
2570,09:30:02,$ 3633.78,1
2571,09:30:02,$ 3633.78,1
2572,09:30:02,$ 3633.78,4
2573,09:30:02,$ 3633.78,"1,921"
2574,09:30:02,$ 3633.78,3
2575,09:30:02,$ 3633.78,2
2576,09:30:02,$ 3633.78,11
2577,09:30:02,$ 3633.78,100
2578,09:30:02,$ 3633.78,53
2579,09:30:02,$ 3633.78,100
2580,09:30:02,$ 3633.78,7
2581,09:30:02,$ 3633.78,126
2582,09:30:02,$ 3633.78,15
2584,09:30:02,$ 3633.78,9
2585,09:30:02,$ 3633.78,13
2586,09:30:02,$ 3633.78,1
2587,09:30:02,$ 3633.78,8
2588,09:30:02,$ 3633.78,7
2589,09:30:02,$ 3633.78,10
2590,09:30:02,$ 3633.78,1
2591,09:30:02,$ 3633.78,8
2592,09:30:02,$ 3633.78,100
2593,09:30:02,$ 3633.78,5
2594,09:30:02,$ 3633.78,3
2595,09:30:02,$ 3633.78,5
2596,09:30:02,$ 3633.78,2
2597,09:30:02,$ 3633.78,2
2598,09:30:02,$ 3633.78,50
2599,09:30:02,$ 3633.78,179
2600,09:30:02,$ 3633.78,10
2601,09:30:02,$ 3633.78,1
2602,09:30:02,$ 3633.78,11
2603,09:30:02,$ 3633.78,2
2605,09:30:02,$ 3633.78,40
2606,09:30:02,$ 3633.78,45
2607,09:30:02,$ 3633.78,1
2608,09:30:02,$ 3633.78,5
2609,09:30:02,$ 3633.78,24
2610,09:30:02,$ 3633.78,17
2611,09:30:02,$ 3633.78,4
2612,09:30:02,$ 3633.78,1
2613,09:30:02,$ 3633.78,2
2614,09:30:02,$ 3633.78,17
2615,09:30:02,$ 3633.78,"1,024"
2616,09:30:02,$ 3633.78,108
2617,09:30:02,$ 3633.78,3
2618,09:30:02,$ 3633.78,5
2619,09:30:02,$ 3633.78,9
2620,09:30:02,$ 3633.78,2
2621,09:30:02,$ 3633.78,6
2622,09:30:02,$ 3633.78,5
2623,09:30:02,$ 3633.78,8
2624,09:30:02,$ 3633.78,30
2626,09:30:02,$ 3633.78,2
2627,09:30:02,$ 3633.78,10
2628,09:30:02,$ 3633.78,7
2629,09:30:02,$ 3633.78,2
2630,09:30:02,$ 3633.78,4
2631,09:30:02,$ 3633.78,7
2632,09:30:02,$ 3633.78,7
2633,09:30:02,$ 3633.78,3
2634,09:30:02,$ 3633.78,1
2635,09:30:02,$ 3633.78,100
2636,09:30:02,$ 3633.78,6
2637,09:30:02,$ 3633.78,33
2638,09:30:02,$ 3633.78,4
2639,09:30:02,$ 3633.78,10
2640,09:30:02,$ 3633.78,3
2641,09:30:02,$ 3633.78,1
2642,09:30:02,$ 3633.78,1
2643,09:30:02,$ 3633.78,3
2644,09:30:02,$ 3633.78,150
2645,09:30:02,$ 3633.78,27
2647,09:30:02,$ 3633.78,142
2648,09:30:02,$ 3633.78,7
2649,09:30:02,$ 3633.78,1
2650,09:30:02,$ 3633.78,1
2651,09:30:02,$ 3633.78,26
2652,09:30:02,$ 3633.78,1
2653,09:30:02,$ 3633.78,35
2654,09:30:02,$ 3633.78,1
2655,09:30:02,$ 3633.78,20
2656,09:30:02,$ 3633.78,3
2657,09:30:02,$ 3633.78,2
2658,09:30:02,$ 3633.78,1
2659,09:30:02,$ 3633.78,100
2660,09:30:02,$ 3633.78,8
2661,09:30:02,$ 3633.78,1
2662,09:30:02,$ 3633.78,19
2663,09:30:02,$ 3633.78,1
2664,09:30:02,$ 3633.78,2
2665,09:30:02,$ 3633.78,1
2666,09:30:02,$ 3633.78,7
2668,09:30:02,$ 3633.78,3
2669,09:30:02,$ 3633.78,100
2670,09:30:02,$ 3633.78,2
2671,09:30:02,$ 3633.78,3
2672,09:30:02,$ 3633.78,69
2673,09:30:02,$ 3633.78,1
2674,09:30:02,$ 3633.78,156
2675,09:30:02,$ 3633.78,1
2676,09:30:02,$ 3633.78,100
2677,09:30:02,$ 3633.78,50
2678,09:30:02,$ 3633.78,1
2679,09:30:02,$ 3633.78,12
2680,09:30:02,$ 3633.78,1
2681,09:30:02,$ 3633.78,6
2682,09:30:02,$ 3633.78,1
2683,09:30:02,$ 3633.78,11
2684,09:30:02,$ 3633.78,1
2685,09:30:02,$ 3633.78,1
2686,09:30:02,$ 3633.78,5
2687,09:30:02,$ 3633.78,1
2689,09:30:02,$ 3633.78,14
2690,09:30:02,$ 3633.78,1
2691,09:30:02,$ 3633.78,2
2692,09:30:02,$ 3633.78,1
2693,09:30:02,$ 3633.78,54
2694,09:30:02,$ 3633.78,1
2695,09:30:02,$ 3633.78,18
2696,09:30:02,$ 3633.78,21
2697,09:30:02,$ 3633.78,21
2698,09:30:02,$ 3633.78,90
2699,09:30:02,$ 3633.78,1
2700,09:30:02,$ 3633.78,2
2701,09:30:02,$ 3633.78,10
2702,09:30:02,$ 3633.78,9
2703,09:30:02,$ 3633.78,2
2704,09:30:02,$ 3633.78,499
2705,09:30:02,$ 3633.78,5
2706,09:30:02,$ 3633.78,1
2707,09:30:02,$ 3633.78,30
2708,09:30:02,$ 3633.78,1
2710,09:30:02,$ 3633.78,1
2711,09:30:02,$ 3633.78,1
2712,09:30:02,$ 3633.78,24
2713,09:30:02,$ 3633.78,1
2714,09:30:02,$ 3633.78,7
2715,09:30:02,$ 3633.78,1
2716,09:30:02,$ 3633.78,1
2717,09:30:02,$ 3633.78,1
2718,09:30:02,$ 3633.78,10
2719,09:30:02,$ 3633.78,1
2720,09:30:02,$ 3633.78,1
2721,09:30:02,$ 3633.78,1
2722,09:30:02,$ 3633.78,2
2723,09:30:02,$ 3633.78,8
2724,09:30:02,$ 3633.78,8
2725,09:30:02,$ 3633.78,2
2726,09:30:02,$ 3633.78,1
2727,09:30:02,$ 3633.78,1
2728,09:30:02,$ 3633.78,1
2729,09:30:02,$ 3633.78,1
2731,09:30:02,$ 3633.78,1
2732,09:30:02,$ 3633.78,10
2733,09:30:02,$ 3633.78,3
2734,09:30:02,$ 3633.78,3
2735,09:30:02,$ 3633.78,382
2736,09:30:02,$ 3633.78,7
2737,09:30:02,$ 3633.78,2
2738,09:30:02,$ 3633.78,2
2739,09:30:02,$ 3633.78,1
2740,09:30:02,$ 3633.78,1
2741,09:30:02,$ 3633.78,50
2742,09:30:02,$ 3633.78,129
2743,09:30:02,$ 3633.78,1
2744,09:30:02,$ 3633.78,4
2745,09:30:02,$ 3633.78,9
2746,09:30:02,$ 3633.78,1
2747,09:30:02,$ 3633.78,1
2748,09:30:02,$ 3633.78,40
2749,09:30:02,$ 3633.78,67
2750,09:30:02,$ 3633.78,4
2752,09:30:02,$ 3633.78,1
2753,09:30:02,$ 3633.78,55
2754,09:30:02,$ 3633.78,10
2755,09:30:02,$ 3633.78,100
2756,09:30:02,$ 3633.78,15
2757,09:30:02,$ 3633.78,2
2758,09:30:02,$ 3633.78,1
2759,09:30:02,$ 3633.78,15
2760,09:30:02,$ 3633.78,10
2761,09:30:02,$ 3636.54,100
2762,09:30:02,$ 3638.00,400
2763,09:30:02,$ 3638.12,100
2764,09:30:02,$ 3638.75,100
2766,10:29:51,$ 3649.185,100
2767,10:29:37,$ 3651.675,100
2768,10:29:35,$ 3651.52,100
2769,10:29:35,$ 3651.9408,100
2770,10:29:35,$ 3651.05,100
2771,10:29:33,$ 3652.21,100
2772,10:29:29,$ 3652.11,100
2773,10:29:22,$ 3651.13,100
2774,10:29:22,$ 3653.14,100
2775,10:29:21,$ 3654.165,"1,250"
2776,10:29:20,$ 3654.165,"1,250"
2777,10:29:16,$ 3654.165,100
2778,10:29:15,$ 3653.5708,196
2779,10:29:15,$ 3654.91,100
2780,10:29:15,$ 3655.03,100
2781,10:29:15,$ 3655.12,100
2782,10:29:15,$ 3654.82,100
2783,10:29:15,$ 3655.10,100
2784,10:29:15,$ 3655.22,100
2785,10:29:15,$ 3654.72,100
2787,10:29:15,$ 3654.63,100
2788,10:29:15,$ 3654.51,100
2789,10:29:06,$ 3655.36,100
2790,10:29:06,$ 3655.27,100
2791,10:28:57,$ 3657.17,100
2792,10:28:54,$ 3656.33,250
2793,10:28:41,$ 3655.40,100
2794,10:28:41,$ 3656.00,400
2795,10:28:41,$ 3656.00,315
2796,10:28:41,$ 3656.00,100
2797,10:28:41,$ 3656.00,222
2798,10:28:39,$ 3654.47,100
2799,10:28:28,$ 3654.285,100
2800,10:28:18,$ 3655.38,100
2801,10:28:18,$ 3655.00,160
2802,10:28:05,$ 3654.06,100
2803,10:28:04,$ 3654.07,"1,250"
2804,10:28:01,$ 3654.92,100
2805,10:28:01,$ 3655.00,236
2806,10:28:01,$ 3655.00,230
2808,10:28:01,$ 3655.00,192
2809,10:27:44,$ 3653.065,200
2810,10:27:41,$ 3652.75,100
2811,10:27:32,$ 3652.55,300
2812,10:27:25,$ 3652.54,400
2813,10:27:18,$ 3652.10,200
2814,10:27:17,$ 3651.25,100
2815,10:27:12,$ 3653.09,100
2816,10:27:09,$ 3654.55,100
2817,10:27:03,$ 3654.54,200
2818,10:27:03,$ 3654.62,100
2819,10:27:02,$ 3655.97,100
2820,10:27:02,$ 3655.96,100
2821,10:27:02,$ 3655.96,100
2822,10:27:01,$ 3654.74,100
2823,10:26:58,$ 3655.99,100
2824,10:26:58,$ 3656.00,100
2825,10:26:56,$ 3655.83,100
2826,10:26:56,$ 3656.00,200
2827,10:26:55,$ 3653.88,100
2829,10:26:54,$ 3655.42,116
2830,10:26:53,$ 3655.99,200
2831,10:26:52,$ 3655.06,100
2832,10:26:52,$ 3652.86,100
2833,10:26:52,$ 3652.86,100
2834,10:26:52,$ 3652.59,100
2835,10:26:46,$ 3651.73,100
2836,10:26:34,$ 3651.97,"1,000"
2837,10:26:33,$ 3651.2559,"1,500"
2838,10:26:31,$ 3651.97,500
2839,10:26:23,$ 3652.30,100
2840,10:26:11,$ 3653.43,133
2841,10:26:10,$ 3653.61,100
2842,10:26:10,$ 3653.15,100
2843,10:26:10,$ 3654.355,500
2844,10:26:08,$ 3655.75,500
2845,10:26:07,$ 3654.66,500
2846,10:26:06,$ 3654.66,400
2847,10:26:06,$ 3654.66,100
2848,10:25:52,$ 3654.03,100
2850,10:25:51,$ 3654.27,100
2851,10:25:51,$ 3654.27,200
2852,10:25:49,$ 3655.58,100
2853,10:25:42,$ 3654.97,100
2854,10:25:41,$ 3654.71,230
2855,10:25:41,$ 3654.71,115
2856,10:25:41,$ 3654.71,473
2857,10:25:32,$ 3653.65,100
2858,10:25:19,$ 3652.52,"13,200"
2859,10:25:14,$ 3652.40,100
2860,10:25:09,$ 3654.694,100
2861,10:25:09,$ 3652.7025,700
2862,10:25:07,$ 3652.31,100
2863,10:25:07,$ 3654.60,100
2864,10:25:07,$ 3652.855,100
2865,10:25:07,$ 3652.62,100
2866,10:25:07,$ 3654.60,100
2867,10:25:07,$ 3654.7099,100
2868,10:25:06,$ 3654.265,100
2869,10:25:05,$ 3653.935,100
2871,10:25:03,$ 3653.685,100
2872,10:25:03,$ 3655.4175,100
2873,10:25:03,$ 3655.01,100
2874,10:25:03,$ 3654.54,100
2875,10:25:03,$ 3654.685,100
2876,10:25:03,$ 3656.07,100
2877,10:25:03,$ 3656.07,100
2878,10:24:57,$ 3657.03,100
2879,10:24:53,$ 3656.3903,161
2880,10:24:50,$ 3654.50,100
2881,10:24:50,$ 3655.88,100
2882,10:24:50,$ 3657.24,100
2883,10:24:50,$ 3657.13,100
2884,10:24:39,$ 3655.945,100
2885,10:24:33,$ 3655.00,100
2886,10:24:33,$ 3655.17,100
2887,10:24:33,$ 3653.98,100
2888,10:24:33,$ 3654.42,100
2889,10:24:33,$ 3654.52,100
2890,10:24:33,$ 3654.94,100
2892,10:24:33,$ 3654.96,100
2893,10:24:33,$ 3654.99,100
2894,10:24:33,$ 3654.99,100
2895,10:24:20,$ 3653.08,100
2896,10:24:18,$ 3653.08,100
2897,10:24:18,$ 3654.4344,"1,250"
2898,10:23:57,$ 3651.51,100
2899,10:23:57,$ 3651.50,100
2900,10:23:56,$ 3652.74,100
2901,10:23:55,$ 3650.27,300
2902,10:23:55,$ 3650.65,100
2903,10:23:55,$ 3650.92,100
2904,10:23:49,$ 3651.53,500
2905,10:23:48,$ 3651.535,500
2906,10:23:47,$ 3651.4715,500
2907,10:23:46,$ 3651.54,500
2908,10:23:42,$ 3650.79,100
2909,10:23:39,$ 3648.51,100
2910,10:23:25,$ 3650.81,100
2911,10:23:08,$ 3650.00,100
2913,10:23:08,$ 3648.90,100
2914,10:23:04,$ 3648.7522,100
2915,10:23:01,$ 3648.90,100
2916,10:23:01,$ 3648.86,100
2917,10:22:52,$ 3648.99,100
2918,10:22:51,$ 3648.81,100
2919,10:22:49,$ 3649.61,100
2920,10:22:49,$ 3649.61,100
2921,10:22:49,$ 3649.61,200
2922,10:22:49,$ 3649.33,100
2923,10:22:49,$ 3649.115,100
2924,10:22:47,$ 3647.825,100
2925,10:22:45,$ 3647.00,100
2926,10:22:45,$ 3647.00,100
2927,10:22:45,$ 3646.98,100
2928,10:22:45,$ 3648.00,100
2929,10:22:45,$ 3647.85,100
2930,10:22:44,$ 3647.6925,100
2931,10:22:44,$ 3646.54,100
2932,10:22:44,$ 3646.54,112
2934,10:22:44,$ 3647.835,100
2935,10:22:44,$ 3647.92,100
2936,10:22:44,$ 3647.54,100
2937,10:22:44,$ 3647.7325,100
2938,10:22:44,$ 3648.00,100
2939,10:22:44,$ 3648.28,100
2940,10:22:33,$ 3649.02,200
2941,10:22:31,$ 3649.02,100
2942,10:22:31,$ 3649.745,100
2943,10:22:26,$ 3648.51,200
2944,10:22:26,$ 3648.26,100
2945,10:22:18,$ 3648.01,100
2946,10:22:14,$ 3649.56,100
2947,10:22:14,$ 3649.14,100
2948,10:22:11,$ 3649.25,100
2949,10:22:09,$ 3650.39,100
2950,10:22:09,$ 3650.32,100
2951,10:22:09,$ 3650.215,100
2952,10:22:09,$ 3650.39,100
2953,10:22:05,$ 3650.09,100
2955,10:22:05,$ 3651.31,100
2956,10:22:02,$ 3651.55,100
2957,10:21:58,$ 3650.73,100
2958,10:21:44,$ 3649.54,100
2959,10:21:44,$ 3649.54,137
2960,10:21:44,$ 3649.69,100
2961,10:21:40,$ 3650.47,100
2962,10:21:40,$ 3650.71,100
2963,10:21:37,$ 3651.425,100
2964,10:21:29,$ 3651.28,100
2965,10:21:26,$ 3651.27,100
2966,10:21:26,$ 3652.01,100
2967,10:21:25,$ 3651.255,100
2968,10:21:23,$ 3651.23,100
2969,10:21:18,$ 3651.3353,"1,000"
2970,10:21:12,$ 3651.28,100
2971,10:21:12,$ 3649.92,100
2972,10:21:12,$ 3649.92,100
2973,10:21:09,$ 3650.13,100
2974,10:21:09,$ 3650.02,100
2976,10:21:06,$ 3650.66,100
2977,10:21:06,$ 3651.12,100
2978,10:21:03,$ 3652.4679,100
2979,10:20:55,$ 3652.3025,100
2980,10:20:41,$ 3652.70,100
2981,10:20:33,$ 3653.78,100
2982,10:20:33,$ 3653.78,100
2983,10:20:33,$ 3653.78,100
2984,10:20:33,$ 3653.62,100
2985,10:20:14,$ 3653.00,100
2986,10:20:14,$ 3654.09,100
2987,10:20:12,$ 3654.70,100
2988,10:20:12,$ 3655.10,100
2989,10:20:11,$ 3656.1102,100
2990,10:19:54,$ 3655.62,100
2991,10:19:53,$ 3656.84,100
2992,10:19:48,$ 3656.32,100
2993,10:19:48,$ 3656.54,100
2994,10:19:48,$ 3656.52,100
2995,10:19:48,$ 3657.22,100
2997,10:19:46,$ 3657.22,200
2998,10:19:45,$ 3657.89,200
2999,10:19:42,$ 3657.698,100
3000,10:19:41,$ 3657.745,758
3001,10:19:41,$ 3657.745,492
3002,10:19:40,$ 3657.0043,"1,250"
3003,10:19:38,$ 3657.65,100
3004,10:19:37,$ 3657.852,100
3005,10:19:37,$ 3657.21,100
3006,10:19:37,$ 3657.21,100
3007,10:19:35,$ 3655.9878,100
3008,10:19:35,$ 3657.02,100
3009,10:19:32,$ 3656.88,100
3010,10:19:29,$ 3656.81,100
3011,10:19:29,$ 3656.81,100
3012,10:19:28,$ 3655.05,500
3013,10:19:27,$ 3654.70,300
3014,10:19:23,$ 3654.99,100
3015,10:19:22,$ 3654.75,100
3016,10:19:22,$ 3654.4266,"1,141"
3018,10:19:22,$ 3654.3666,100
3019,10:19:22,$ 3654.70,100
3020,10:19:21,$ 3654.075,500
3021,10:19:18,$ 3654.115,100
3022,10:19:16,$ 3653.5442,700
3023,10:19:15,$ 3654.50,100
3024,10:18:55,$ 3648.60,100
3025,10:18:55,$ 3648.66,100
3026,10:18:55,$ 3648.72,100
3027,10:18:55,$ 3648.82,100
3028,10:18:55,$ 3648.84,100
3029,10:18:44,$ 3648.515,120
3030,10:18:42,$ 3651.01,100
3031,10:18:40,$ 3651.88,100
3032,10:18:40,$ 3652.46,100
3033,10:18:40,$ 3652.46,100
3034,10:18:40,$ 3652.00,123
3035,10:18:38,$ 3652.50,195
3036,10:18:32,$ 3652.81,100
3037,10:18:32,$ 3652.85,100
3039,10:18:32,$ 3652.97,100
3040,10:18:32,$ 3653.08,100
3041,10:18:23,$ 3653.24,100
3042,10:18:21,$ 3653.70,100
3043,10:18:21,$ 3653.70,200
3044,10:18:21,$ 3653.70,100
3045,10:18:17,$ 3653.0627,100
3046,10:18:13,$ 3653.58,100
3047,10:18:13,$ 3654.59,100
3048,10:18:04,$ 3654.00,162
3049,10:17:49,$ 3651.8963,100
3050,10:17:46,$ 3653.16,100
3051,10:17:42,$ 3652.915,100
3052,10:17:42,$ 3652.955,100
3053,10:17:42,$ 3652.88,100
3054,10:17:42,$ 3653.00,200
3055,10:17:42,$ 3652.96,100
3056,10:17:42,$ 3653.00,100
3057,10:17:42,$ 3652.895,100
3058,10:17:39,$ 3652.12,100
3060,10:17:28,$ 3651.23,100
3061,10:17:28,$ 3652.805,500
3062,10:17:28,$ 3652.65,100
3063,10:17:28,$ 3651.83,100
3064,10:17:28,$ 3653.28,100
3065,10:17:27,$ 3654.575,134
3066,10:17:27,$ 3655.44,172
3067,10:17:27,$ 3653.28,100
3068,10:17:27,$ 3655.02,100
3069,10:17:27,$ 3655.00,230
3070,10:17:27,$ 3655.00,224
3071,10:17:27,$ 3655.00,100
3072,10:17:21,$ 3655.00,136
3073,10:17:21,$ 3655.8699,200
3074,10:17:20,$ 3655.005,100
3075,10:17:19,$ 3655.39,113
3076,10:17:18,$ 3654.96,100
3077,10:17:16,$ 3654.97,100
3078,10:17:16,$ 3655.00,396
3079,10:17:16,$ 3655.00,210
3081,10:17:16,$ 3655.00,100
3082,10:17:15,$ 3654.915,432
3083,10:17:13,$ 3654.945,100
3084,10:17:11,$ 3654.88,100
3085,10:17:11,$ 3654.60,100
3086,10:17:10,$ 3654.5969,100
3087,10:17:07,$ 3655.00,100
3088,10:17:04,$ 3654.50,120
3089,10:17:04,$ 3654.03,100
3090,10:17:04,$ 3655.00,100
3091,10:17:04,$ 3654.18,100
3092,10:16:59,$ 3652.8758,100
3093,10:16:59,$ 3652.98,300
3094,10:16:57,$ 3652.8893,100
3095,10:16:57,$ 3653.03,100
3096,10:16:57,$ 3652.355,100
3097,10:16:55,$ 3652.345,500
3098,10:16:54,$ 3651.59,206
3099,10:16:54,$ 3651.03,100
3100,10:16:52,$ 3651.415,100
3102,10:16:51,$ 3651.20,500
3103,10:16:51,$ 3651.20,100
3104,10:16:50,$ 3651.19,200
3105,10:16:49,$ 3651.00,100
3106,10:16:49,$ 3649.70,100
3107,10:16:48,$ 3650.00,174
3108,10:16:48,$ 3649.37,100
3109,10:16:47,$ 3649.37,100
3110,10:16:45,$ 3649.4561,200
3111,10:16:45,$ 3648.26,100
3112,10:16:41,$ 3648.67,100
3113,10:16:37,$ 3648.67,100
3114,10:16:35,$ 3645.82,100
3115,10:16:35,$ 3646.00,336
3116,10:16:35,$ 3646.00,270
3117,10:16:31,$ 3645.815,100
3118,10:16:29,$ 3646.61,150
3119,10:16:23,$ 3647.0291,100
3120,10:16:20,$ 3646.04,100
3121,10:16:19,$ 3646.035,122
3123,10:16:19,$ 3645.60,100
3124,10:16:19,$ 3645.72,100
3125,10:16:19,$ 3646.00,210
3126,10:16:19,$ 3646.00,201
3127,10:16:19,$ 3645.92,100
3128,10:16:15,$ 3645.75,109
3129,10:16:15,$ 3645.69,100
3130,10:16:09,$ 3644.85,100
3131,10:16:09,$ 3644.85,100
3132,10:16:09,$ 3644.85,100
3133,10:16:09,$ 3645.00,100
3134,10:16:00,$ 3643.375,100
3135,10:15:51,$ 3642.25,100
3136,10:15:44,$ 3643.62,100
3137,10:15:44,$ 3644.05,100
3138,10:15:44,$ 3644.30,100
3139,10:15:44,$ 3644.66,200
3140,10:15:37,$ 3645.12,104
3141,10:15:35,$ 3643.06,255
3142,10:15:34,$ 3642.7007,150
3144,10:15:31,$ 3644.08,100
3145,10:15:19,$ 3643.47,100
3146,10:15:19,$ 3645.19,100
3147,10:15:16,$ 3646.445,100
3148,10:15:07,$ 3646.06,100
3149,10:15:06,$ 3646.2433,300
3150,10:14:55,$ 3645.46,100
3151,10:14:50,$ 3645.925,112
3152,10:14:49,$ 3644.94,150
3153,10:14:46,$ 3645.00,100
3154,10:14:41,$ 3640.99,100
3155,10:14:40,$ 3641.02,100
3156,10:14:40,$ 3641.02,100
3157,10:14:39,$ 3641.545,100
3158,10:14:39,$ 3641.545,100
3159,10:14:35,$ 3640.98,100
3160,10:14:33,$ 3640.98,100
3161,10:14:33,$ 3640.98,100
3162,10:14:33,$ 3640.98,100
3163,10:14:27,$ 3640.98,100
3165,10:14:25,$ 3641.38,100
3166,10:14:19,$ 3641.98,167
3167,10:14:19,$ 3642.6892,100
3168,10:14:18,$ 3641.98,100
3169,10:14:18,$ 3642.98,100
3170,10:14:18,$ 3641.98,100
3171,10:14:15,$ 3640.99,100
3172,10:14:15,$ 3640.98,100
3173,10:14:15,$ 3640.98,100
3174,10:14:04,$ 3641.20,100
3175,10:13:54,$ 3641.38,197
3176,10:13:36,$ 3642.77,100
3177,10:13:19,$ 3642.035,100
3178,10:13:14,$ 3642.32,274
3179,10:13:11,$ 3643.665,100
3180,10:13:09,$ 3643.935,100
3181,10:13:09,$ 3643.86,100
3182,10:13:09,$ 3643.985,100
3183,10:13:09,$ 3643.98,100
3184,10:13:09,$ 3643.915,100
3186,10:13:09,$ 3643.97,100
3187,10:13:09,$ 3644.00,100
3188,10:13:03,$ 3642.70,500
3189,10:12:51,$ 3641.23,100
3190,10:12:51,$ 3641.23,100
3191,10:12:51,$ 3641.16,100
3192,10:12:44,$ 3640.61,100
3193,10:12:42,$ 3641.83,100
3194,10:12:42,$ 3641.78,115
3195,10:12:42,$ 3641.44,100
3196,10:12:42,$ 3641.45,100
3197,10:12:42,$ 3641.49,100
3198,10:12:33,$ 3640.465,100
3199,10:12:21,$ 3641.00,290
3200,10:12:19,$ 3639.845,100
3201,10:12:18,$ 3641.22,100
3202,10:12:15,$ 3642.10,100
3203,10:12:13,$ 3642.1299,200
3204,10:12:13,$ 3641.355,100
3205,10:12:11,$ 3642.00,500
3207,10:12:10,$ 3641.99,100
3208,10:12:10,$ 3641.86,100
3209,10:12:10,$ 3641.95,100
3210,10:12:10,$ 3641.99,154
3211,10:12:10,$ 3641.99,137
3212,10:12:10,$ 3641.99,100
3213,10:12:10,$ 3641.14,100
3214,10:12:10,$ 3639.51,189
3215,10:12:10,$ 3639.51,100
3216,10:12:10,$ 3639.505,100
3217,10:12:08,$ 3639.50,100
3218,10:11:59,$ 3639.28,100
3219,10:11:57,$ 3639.46,100
3220,10:11:56,$ 3639.46,100
3221,10:11:50,$ 3640.54,100
3222,10:11:45,$ 3642.73,100
3223,10:11:45,$ 3642.52,100
3224,10:11:45,$ 3642.47,100
3225,10:11:35,$ 3644.13,100
3226,10:11:34,$ 3643.27,100
3228,10:11:32,$ 3644.13,100
3229,10:11:32,$ 3644.125,200
3230,10:11:30,$ 3645.134,100
3231,10:11:22,$ 3644.38,100
3232,10:11:22,$ 3645.3142,100
3233,10:11:18,$ 3644.047,100
3234,10:11:15,$ 3645.58,100
3235,10:11:15,$ 3645.24,100
3236,10:11:10,$ 3644.165,160
3237,10:11:09,$ 3644.26,158
3238,10:11:05,$ 3643.96,100
3239,10:11:00,$ 3644.74,100
3240,10:11:00,$ 3644.74,100
3241,10:11:00,$ 3644.62,100
3242,10:11:00,$ 3644.62,100
3243,10:11:00,$ 3644.54,100
3244,10:11:00,$ 3644.54,100
3245,10:11:00,$ 3644.54,100
3246,10:11:00,$ 3644.54,100
3247,10:11:00,$ 3644.54,100
3249,10:11:00,$ 3644.54,100
3250,10:11:00,$ 3644.54,100
3251,10:11:00,$ 3644.54,100
3252,10:11:00,$ 3644.54,100
3253,10:11:00,$ 3644.08,100
3254,10:11:00,$ 3644.12,100
3255,10:10:55,$ 3644.02,100
3256,10:10:55,$ 3644.70,100
3257,10:10:55,$ 3645.19,100
3258,10:10:55,$ 3645.50,100
3259,10:10:51,$ 3647.89,100
3260,10:10:51,$ 3647.17,100
3261,10:10:50,$ 3648.54,100
3262,10:10:50,$ 3649.12,100
3263,10:10:50,$ 3649.11,100
3264,10:10:49,$ 3650.31,100
3265,10:10:49,$ 3650.54,221
3266,10:10:47,$ 3650.472,100
3267,10:10:46,$ 3650.11,127
3268,10:10:46,$ 3650.10,100
3270,10:10:46,$ 3650.10,100
3271,10:10:45,$ 3650.565,100
3272,10:10:45,$ 3650.1544,400
3273,10:10:40,$ 3651.19,100
3274,10:10:40,$ 3651.18,100
3275,10:10:40,$ 3651.17,100
3276,10:10:39,$ 3650.72,100
3277,10:10:38,$ 3650.00,100
3278,10:10:33,$ 3648.23,100
3279,10:10:31,$ 3649.66,100
3280,10:10:30,$ 3649.00,267
3281,10:10:30,$ 3649.00,175
3282,10:10:28,$ 3647.5901,200
3283,10:10:20,$ 3647.00,400
3284,10:10:17,$ 3645.90,100
3285,10:10:17,$ 3644.545,500
3286,10:10:08,$ 3642.043,500
3287,10:10:06,$ 3641.52,100
3288,10:09:51,$ 3644.625,150
3289,10:09:50,$ 3645.7699,100
3291,10:09:40,$ 3644.34,100
3292,10:09:40,$ 3644.31,100
3293,10:09:33,$ 3644.99,100
3294,10:09:33,$ 3644.619,"1,000"
3295,10:09:27,$ 3643.355,100
3296,10:09:23,$ 3642.72,100
3297,10:09:23,$ 3643.075,100
3298,10:09:23,$ 3643.431,100
3299,10:09:23,$ 3642.995,100
3300,10:09:23,$ 3642.995,100
3301,10:09:22,$ 3643.51,200
3302,10:09:17,$ 3643.12,400
3303,10:09:13,$ 3643.025,100
3304,10:09:11,$ 3642.62,411
3305,10:09:07,$ 3642.99,100
3306,10:08:55,$ 3643.43,113
3307,10:08:55,$ 3643.42,100
3308,10:08:54,$ 3642.1951,200
3309,10:08:52,$ 3642.00,100
3310,10:08:48,$ 3641.895,100
3312,10:08:34,$ 3638.7726,840
3313,10:08:34,$ 3641.52,100
3314,10:08:34,$ 3641.02,100
3315,10:08:33,$ 3642.22,"1,000"
3316,10:08:27,$ 3642.13,100
3317,10:08:23,$ 3642.435,200
3318,10:08:23,$ 3642.56,100
3319,10:08:22,$ 3640.4796,256
3320,10:08:22,$ 3639.807,100
3321,10:08:22,$ 3639.807,100
3322,10:08:22,$ 3640.50,100
3323,10:08:22,$ 3640.53,100
3324,10:08:21,$ 3639.725,100
3325,10:08:21,$ 3639.725,400
3326,10:07:54,$ 3638.875,100
3327,10:07:52,$ 3639.19,100
3328,10:07:52,$ 3639.07,100
3329,10:07:52,$ 3639.07,309
3330,10:07:52,$ 3639.07,268
3331,10:07:52,$ 3639.07,143
3333,10:07:52,$ 3638.83,100
3334,10:07:52,$ 3640.00,100
3335,10:07:52,$ 3639.46,100
3336,10:07:34,$ 3641.26,100
3337,10:07:34,$ 3640.685,100
3338,10:07:32,$ 3640.90,100
3339,10:07:32,$ 3640.92,100
3340,10:07:31,$ 3641.74,100
3341,10:07:28,$ 3641.68,100
3342,10:07:16,$ 3642.925,100
3343,10:07:11,$ 3642.65,100
3344,10:07:07,$ 3641.62,100
3345,10:07:00,$ 3638.09,500
3346,10:07:00,$ 3638.20,100
3347,10:07:00,$ 3640.20,100
3348,10:07:00,$ 3640.00,100
3349,10:06:35,$ 3642.25,100
3350,10:06:35,$ 3642.67,100
3351,10:06:26,$ 3643.9899,200
3352,10:06:25,$ 3642.4401,100
3354,10:06:21,$ 3643.26,100
3355,10:06:14,$ 3642.6646,"1,250"
3356,10:06:13,$ 3643.115,"1,250"
3357,10:06:10,$ 3644.6508,200
3358,10:06:10,$ 3644.298,100
3359,10:05:55,$ 3641.635,195
3360,10:05:55,$ 3642.13,100
3361,10:05:55,$ 3641.736,100
3362,10:05:55,$ 3641.75,100
3363,10:05:55,$ 3641.63,100
3364,10:05:55,$ 3641.75,100
3365,10:05:55,$ 3641.75,100
3366,10:05:55,$ 3641.21,100
3367,10:05:51,$ 3639.23,100
3368,10:05:46,$ 3638.255,200
3369,10:05:46,$ 3638.38,100
3370,10:05:25,$ 3637.82,100
3371,10:05:09,$ 3638.93,100
3372,10:04:56,$ 3637.65,100
3373,10:04:49,$ 3638.14,100
3375,10:04:49,$ 3638.13,100
3376,10:04:49,$ 3638.14,100
3377,10:04:49,$ 3638.19,100
3378,10:04:42,$ 3639.395,100
3379,10:04:39,$ 3638.38,100
3380,10:04:38,$ 3639.39,100
3381,10:04:37,$ 3639.39,100
3382,10:04:24,$ 3639.39,100
3383,10:04:23,$ 3640.2499,"1,107"
3384,10:04:22,$ 3639.39,"1,250"
3385,10:04:02,$ 3637.615,100
3386,10:04:02,$ 3637.62,100
3387,10:04:02,$ 3637.60,100
3388,10:03:57,$ 3637.60,100
3389,10:03:57,$ 3637.60,100
3390,10:03:56,$ 3638.803,500
3391,10:03:53,$ 3638.795,400
3392,10:03:43,$ 3639.692,100
3393,10:03:43,$ 3639.692,194
3394,10:03:21,$ 3639.56,100
3396,10:03:11,$ 3638.185,"1,000"
3397,10:03:04,$ 3638.74,100
3398,10:02:52,$ 3638.67,100
3399,10:02:46,$ 3636.76,100
3400,10:02:41,$ 3636.93,100
3401,10:02:39,$ 3638.32,100
3402,10:02:39,$ 3637.41,100
3403,10:02:39,$ 3638.09,100
3404,10:02:34,$ 3636.00,150
3405,10:02:33,$ 3635.14,100
3406,10:02:23,$ 3638.21,100
3407,10:02:16,$ 3639.625,100
3408,10:02:16,$ 3639.625,100
3409,10:02:08,$ 3639.95,100
3410,10:02:08,$ 3640.00,100
3411,10:02:08,$ 3640.00,100
3412,10:02:08,$ 3638.35,100
3413,10:02:08,$ 3638.46,100
3414,10:02:08,$ 3638.51,100
3415,10:02:08,$ 3638.0875,100
3417,10:02:04,$ 3638.48,100
3418,10:02:00,$ 3637.255,100
3419,10:01:57,$ 3636.00,100
3420,10:01:53,$ 3638.12,100
3421,10:01:53,$ 3638.05,100
3422,10:01:53,$ 3638.01,100
3423,10:01:51,$ 3638.61,100
3424,10:01:49,$ 3638.345,100
3425,10:01:46,$ 3638.055,100
3426,10:01:36,$ 3637.021,100
3427,10:01:36,$ 3636.27,290
3428,10:01:30,$ 3637.28,100
3429,10:01:30,$ 3637.17,100
3430,10:01:30,$ 3637.17,100
3431,10:01:30,$ 3637.17,100
3432,10:01:30,$ 3637.85,100
3433,10:01:30,$ 3636.4601,500
3434,10:01:28,$ 3636.74,100
3435,10:01:25,$ 3636.455,100
3436,10:01:24,$ 3636.24,100
3438,10:01:21,$ 3635.735,100
3439,10:01:21,$ 3635.77,100
3440,10:01:18,$ 3635.95,100
3441,10:01:09,$ 3635.00,100
3442,10:01:09,$ 3635.00,100
3443,10:01:09,$ 3635.00,100
3444,10:01:04,$ 3632.76,100
3445,10:01:01,$ 3632.38,100
3446,10:00:54,$ 3630.99,107
3447,10:00:54,$ 3631.2839,157
3448,10:00:51,$ 3631.35,100
3449,10:00:51,$ 3631.685,100
3450,10:00:51,$ 3631.35,100
3451,10:00:43,$ 3632.23,100
3452,10:00:24,$ 3631.41,100
3453,10:00:22,$ 3631.41,106
3454,10:00:22,$ 3631.415,100
3455,10:00:14,$ 3631.88,100
3456,10:00:09,$ 3632.555,"1,250"
3457,10:00:08,$ 3630.7601,"1,250"
3459,10:00:08,$ 3632.535,240
3460,10:00:07,$ 3632.00,100
3461,10:00:07,$ 3631.99,100
3462,10:00:01,$ 3631.22,100
3463,10:00:01,$ 3631.22,100
3465,10:59:59,$ 3641.025,133
3466,10:59:31,$ 3641.065,200
3467,10:59:01,$ 3640.00,100
3468,10:59:01,$ 3639.67,100
3469,10:58:57,$ 3641.65,100
3470,10:58:00,$ 3642.8692,550
3471,10:57:36,$ 3640.0001,100
3472,10:57:30,$ 3641.505,100
3473,10:57:26,$ 3640.5911,808
3474,10:57:07,$ 3641.95,100
3475,10:56:59,$ 3642.605,130
3476,10:56:45,$ 3644.49,500
3477,10:56:43,$ 3641.225,500
3478,10:56:42,$ 3641.227,500
3479,10:56:27,$ 3643.06,100
3480,10:56:05,$ 3647.0899,200
3481,10:56:05,$ 3643.46,100
3482,10:55:23,$ 3642.82,100
3483,10:55:23,$ 3642.72,100
3484,10:55:14,$ 3644.98,200
3486,10:55:12,$ 3643.835,121
3487,10:55:08,$ 3645.5133,100
3488,10:55:04,$ 3643.6801,200
3489,10:54:37,$ 3645.60,100
3490,10:54:27,$ 3645.0743,130
3491,10:54:00,$ 3647.00,100
3492,10:53:44,$ 3647.07,100
3493,10:53:38,$ 3648.47,200
3494,10:53:38,$ 3647.98,100
3495,10:53:34,$ 3647.02,100
3496,10:53:23,$ 3649.00,163
3497,10:52:43,$ 3645.56,100
3498,10:51:59,$ 3642.81,100
3499,10:51:11,$ 3641.485,100
3500,10:51:08,$ 3640.49,100
3501,10:51:07,$ 3642.07,100
3502,10:51:07,$ 3641.42,100
3503,10:50:58,$ 3641.62,100
3504,10:50:58,$ 3641.77,100
3505,10:50:58,$ 3641.71,100
3507,10:50:57,$ 3643.3889,100
3508,10:50:57,$ 3641.77,100
3509,10:50:55,$ 3642.74,100
3510,10:50:42,$ 3641.40,402
3511,10:50:42,$ 3641.25,100
3512,10:50:42,$ 3641.40,226
3513,10:50:27,$ 3641.045,100
3514,10:50:17,$ 3641.9817,100
3515,10:50:07,$ 3640.00,100
3516,10:50:07,$ 3640.00,100
3517,10:49:57,$ 3640.0001,100
3518,10:49:43,$ 3640.00,112
3519,10:48:44,$ 3639.63,100
3520,10:48:41,$ 3639.64,100
3521,10:48:41,$ 3639.22,100
3522,10:48:41,$ 3639.65,100
3523,10:48:41,$ 3638.885,"1,250"
3524,10:48:39,$ 3639.35,100
3525,10:48:37,$ 3639.23,200
3526,10:48:37,$ 3639.56,100
3528,10:48:28,$ 3638.02,"1,250"
3529,10:48:26,$ 3638.83,"1,039"
3530,10:48:26,$ 3638.83,101
3531,10:48:24,$ 3637.69,"1,250"
3532,10:48:20,$ 3638.04,100
3533,10:47:55,$ 3637.6014,150
3534,10:47:36,$ 3637.20,100
3535,10:47:36,$ 3637.20,100
3536,10:47:27,$ 3637.19,100
3537,10:47:13,$ 3635.4276,100
3538,10:47:12,$ 3635.4223,136
3539,10:47:08,$ 3637.37,800
3540,10:47:08,$ 3636.83,145
3541,10:46:51,$ 3639.03,100
3542,10:46:51,$ 3638.345,300
3543,10:46:49,$ 3638.66,100
3544,10:46:49,$ 3637.8699,100
3545,10:46:49,$ 3637.88,113
3546,10:46:49,$ 3637.88,100
3547,10:46:48,$ 3636.965,100
3549,10:46:48,$ 3637.1466,265
3550,10:46:48,$ 3637.1462,103
3551,10:46:00,$ 3634.35,100
3552,10:46:00,$ 3636.84,156
3553,10:45:53,$ 3636.76,100
3554,10:45:53,$ 3637.28,300
3555,10:45:53,$ 3638.15,100
3556,10:45:53,$ 3638.15,300
3557,10:45:53,$ 3637.8799,200
3558,10:45:53,$ 3637.88,200
3559,10:45:53,$ 3637.875,200
3560,10:45:53,$ 3637.65,100
3561,10:45:51,$ 3637.3978,100
3562,10:45:50,$ 3634.76,100
3563,10:45:45,$ 3636.62,100
3564,10:45:31,$ 3633.84,100
3565,10:45:31,$ 3634.6285,150
3566,10:45:28,$ 3634.64,100
3567,10:45:27,$ 3634.28,100
3568,10:45:19,$ 3635.7799,100
3570,10:45:14,$ 3634.645,100
3571,10:45:12,$ 3633.19,100
3572,10:45:03,$ 3636.455,100
3573,10:45:03,$ 3635.90,100
3574,10:44:59,$ 3634.585,100
3575,10:44:59,$ 3635.71,200
3576,10:44:58,$ 3635.71,200
3577,10:44:58,$ 3635.71,100
3578,10:44:58,$ 3635.43,100
3579,10:44:47,$ 3633.19,100
3580,10:44:44,$ 3635.41,169
3581,10:44:41,$ 3633.73,100
3582,10:44:35,$ 3632.76,100
3583,10:44:32,$ 3634.31,199
3584,10:44:30,$ 3634.0318,122
3585,10:44:22,$ 3636.935,100
3586,10:44:22,$ 3635.23,100
3587,10:44:18,$ 3635.13,100
3588,10:44:15,$ 3635.31,100
3589,10:44:08,$ 3636.09,250
3591,10:44:01,$ 3637.765,100
3592,10:43:53,$ 3637.43,100
3593,10:43:53,$ 3637.36,100
3594,10:43:52,$ 3637.89,100
3595,10:43:43,$ 3637.43,200
3596,10:43:43,$ 3638.40,142
3597,10:43:43,$ 3638.40,105
3598,10:43:43,$ 3638.72,100
3599,10:43:42,$ 3639.70,174
3600,10:43:36,$ 3639.66,100
3601,10:43:31,$ 3639.94,100
3602,10:43:26,$ 3639.8625,200
3603,10:43:14,$ 3639.33,100
3604,10:43:14,$ 3640.39,157
3605,10:43:10,$ 3640.195,"1,500"
3606,10:42:51,$ 3640.4901,100
3607,10:42:39,$ 3640.10,100
3608,10:42:24,$ 3641.27,100
3609,10:42:18,$ 3640.49,200
3610,10:42:10,$ 3639.43,100
3612,10:42:10,$ 3639.43,100
3613,10:42:10,$ 3640.99,100
3614,10:42:10,$ 3641.35,200
3615,10:42:10,$ 3641.57,300
3616,10:42:09,$ 3640.39,200
3617,10:42:08,$ 3640.674,100
3618,10:42:01,$ 3640.02,100
3619,10:41:47,$ 3639.33,100
3620,10:41:42,$ 3640.79,100
3621,10:41:40,$ 3639.86,203
3622,10:41:26,$ 3641.24,200
3623,10:41:18,$ 3639.01,200
3624,10:41:18,$ 3640.30,100
3625,10:41:15,$ 3639.21,200
3626,10:41:14,$ 3640.30,100
3627,10:41:09,$ 3640.67,100
3628,10:41:09,$ 3640.175,100
3629,10:41:07,$ 3640.67,100
3630,10:41:04,$ 3640.67,100
3631,10:41:04,$ 3640.00,100
3633,10:41:04,$ 3640.00,100
3634,10:41:03,$ 3640.99,300
3635,10:41:03,$ 3641.03,100
3636,10:41:03,$ 3641.00,100
3637,10:41:03,$ 3641.51,100
3638,10:41:00,$ 3641.44,200
3639,10:40:59,$ 3641.5892,"1,000"
3640,10:40:46,$ 3643.295,100
3641,10:40:35,$ 3642.77,100
3642,10:40:35,$ 3643.51,100
3643,10:40:35,$ 3643.51,200
3644,10:40:35,$ 3642.78,100
3645,10:40:31,$ 3642.4518,160
3646,10:40:29,$ 3642.02,227
3647,10:40:17,$ 3642.75,100
3648,10:40:05,$ 3643.25,100
3649,10:40:01,$ 3644.11,100
3650,10:39:54,$ 3647.1376,200
3651,10:39:52,$ 3645.05,100
3652,10:39:52,$ 3645.00,100
3654,10:39:19,$ 3645.45,200
3655,10:39:19,$ 3646.75,100
3656,10:39:19,$ 3647.06,100
3657,10:39:15,$ 3648.035,100
3658,10:39:06,$ 3647.4098,100
3659,10:38:50,$ 3646.27,100
3660,10:38:44,$ 3646.83,100
3661,10:38:34,$ 3646.58,200
3662,10:38:06,$ 3645.49,100
3663,10:37:58,$ 3646.08,400
3664,10:37:50,$ 3646.98,100
3665,10:37:48,$ 3645.55,100
3666,10:37:23,$ 3645.47,100
3667,10:37:23,$ 3645.44,100
3668,10:37:17,$ 3645.14,100
3669,10:37:09,$ 3645.73,100
3670,10:37:06,$ 3644.3909,200
3671,10:37:03,$ 3644.1801,400
3672,10:36:55,$ 3645.5031,469
3673,10:36:55,$ 3644.175,674
3675,10:36:55,$ 3644.175,200
3676,10:36:55,$ 3644.68,100
3677,10:36:53,$ 3643.72,800
3678,10:36:48,$ 3644.185,100
3679,10:36:46,$ 3643.1884,317
3680,10:36:46,$ 3642.90,100
3681,10:36:46,$ 3644.00,100
3682,10:36:46,$ 3644.00,100
3683,10:36:45,$ 3644.57,100
3684,10:36:44,$ 3645.66,100
3685,10:36:42,$ 3645.65,100
3686,10:36:42,$ 3645.65,100
3687,10:36:40,$ 3644.58,100
3688,10:36:38,$ 3644.99,100
3689,10:36:36,$ 3645.68,100
3690,10:36:28,$ 3646.3754,100
3691,10:36:27,$ 3645.12,100
3692,10:36:26,$ 3644.25,100
3693,10:36:26,$ 3644.47,100
3694,10:36:26,$ 3645.00,265
3696,10:36:26,$ 3645.00,115
3697,10:36:26,$ 3645.00,474
3698,10:36:23,$ 3645.25,100
3699,10:36:08,$ 3646.73,100
3700,10:36:05,$ 3647.70,100
3701,10:36:03,$ 3647.055,123
3702,10:36:03,$ 3647.055,100
3703,10:35:50,$ 3648.5414,100
3704,10:35:40,$ 3647.00,100
3705,10:35:40,$ 3647.00,100
3706,10:35:40,$ 3648.03,100
3707,10:35:40,$ 3647.98,100
3708,10:35:13,$ 3651.3566,100
3709,10:35:06,$ 3651.294,100
3710,10:35:03,$ 3650.595,100
3711,10:34:59,$ 3647.99,100
3712,10:34:59,$ 3649.63,100
3713,10:34:59,$ 3649.84,100
3714,10:34:58,$ 3649.19,100
3715,10:34:51,$ 3647.80,100
3717,10:34:50,$ 3647.57,200
3718,10:34:50,$ 3648.00,100
3719,10:34:46,$ 3648.27,100
3720,10:34:32,$ 3650.295,410
3721,10:34:22,$ 3650.60,100
3722,10:34:14,$ 3650.53,100
3723,10:34:14,$ 3651.765,"1,250"
3724,10:34:13,$ 3651.765,100
3725,10:33:55,$ 3649.8501,100
3726,10:33:52,$ 3648.53,100
3727,10:33:52,$ 3649.97,126
3728,10:33:41,$ 3650.14,100
3729,10:33:34,$ 3649.235,100
3730,10:33:31,$ 3650.00,100
3731,10:33:31,$ 3650.4632,"1,250"
3732,10:33:30,$ 3650.755,"1,250"
3733,10:33:25,$ 3651.53,100
3734,10:33:22,$ 3651.8799,100
3735,10:33:21,$ 3655.2583,"1,250"
3736,10:32:48,$ 3652.70,100
3738,10:32:46,$ 3652.7299,205
3739,10:32:39,$ 3652.80,100
3740,10:32:29,$ 3651.28,100
3741,10:32:27,$ 3650.155,100
3742,10:32:25,$ 3650.4692,"1,250"
3743,10:32:23,$ 3651.00,100
3744,10:32:17,$ 3652.085,100
3745,10:32:16,$ 3652.085,100
3746,10:32:15,$ 3652.085,448
3747,10:32:15,$ 3652.085,300
3748,10:32:13,$ 3652.085,100
3749,10:32:11,$ 3652.525,579
3750,10:32:10,$ 3654.0716,"1,250"
3751,10:32:09,$ 3653.745,"1,250"
3752,10:32:08,$ 3654.1901,250
3753,10:32:07,$ 3655.69,100
3754,10:32:06,$ 3655.00,160
3755,10:32:06,$ 3653.88,100
3756,10:31:47,$ 3652.49,105
3757,10:31:44,$ 3651.68,100
3759,10:31:44,$ 3651.56,100
3760,10:31:35,$ 3651.58,113
3761,10:31:33,$ 3652.785,"1,250"
3762,10:31:33,$ 3653.7136,100
3763,10:31:32,$ 3651.9842,"1,250"
3764,10:31:22,$ 3653.999,100
3765,10:31:22,$ 3652.77,100
3766,10:31:22,$ 3652.77,400
3767,10:31:15,$ 3654.004,100
3768,10:31:15,$ 3654.004,400
3769,10:31:08,$ 3652.39,500
3770,10:31:07,$ 3651.82,100
3771,10:31:07,$ 3652.08,100
3772,10:30:48,$ 3650.765,100
3773,10:30:43,$ 3650.585,300
3774,10:30:32,$ 3651.4928,"1,250"
3775,10:30:31,$ 3650.715,"1,250"
3776,10:30:17,$ 3649.6622,139
3778,11:29:51,$ 3629.51,100
3779,11:29:51,$ 3629.19,100
3780,11:29:43,$ 3629.83,100
3781,11:29:43,$ 3629.82,200
3782,11:29:42,$ 3629.83,145
3783,11:29:42,$ 3630.28,100
3784,11:29:33,$ 3630.8673,100
3785,11:29:31,$ 3630.75,100
3786,11:29:25,$ 3629.43,100
3787,11:29:25,$ 3629.87,100
3788,11:28:52,$ 3630.58,100
3789,11:28:51,$ 3631.39,100
3790,11:28:47,$ 3631.36,100
3791,11:28:45,$ 3630.605,100
3792,11:28:44,$ 3630.59,100
3793,11:28:44,$ 3630.615,100
3794,11:28:37,$ 3629.27,100
3795,11:28:16,$ 3629.03,100
3796,11:28:05,$ 3629.5095,100
3797,11:27:36,$ 3628.425,100
3799,11:27:32,$ 3628.455,100
3800,11:27:30,$ 3628.00,826
3801,11:27:17,$ 3627.13,100
3802,11:27:17,$ 3627.13,100
3803,11:27:12,$ 3627.53,100
3804,11:27:05,$ 3627.405,100
3805,11:27:02,$ 3627.405,100
3806,11:26:56,$ 3627.99,100
3807,11:26:34,$ 3627.51,100
3808,11:26:20,$ 3628.35,100
3809,11:26:07,$ 3629.115,"1,000"
3810,11:25:56,$ 3629.7972,250
3811,11:25:44,$ 3628.16,100
3812,11:25:39,$ 3626.65,100
3813,11:25:39,$ 3627.00,600
3814,11:25:39,$ 3626.95,100
3815,11:25:39,$ 3627.00,100
3816,11:25:39,$ 3627.07,100
3817,11:25:34,$ 3627.25,100
3818,11:25:26,$ 3627.00,201
3820,11:25:26,$ 3627.00,121
3821,11:25:26,$ 3627.00,100
3822,11:25:26,$ 3627.00,100
3823,11:25:26,$ 3627.00,200
3824,11:25:26,$ 3627.00,100
3825,11:25:26,$ 3627.51,100
3826,11:25:26,$ 3627.51,100
3827,11:25:26,$ 3627.51,100
3828,11:25:26,$ 3627.51,100
3829,11:25:22,$ 3628.3709,100
3830,11:25:11,$ 3629.40,100
3831,11:25:11,$ 3628.61,198
3832,11:25:11,$ 3630.19,100
3833,11:25:11,$ 3630.20,100
3834,11:25:07,$ 3630.855,100
3835,11:25:01,$ 3630.69,784
3836,11:24:57,$ 3630.30,105
3837,11:24:57,$ 3631.05,100
3838,11:24:52,$ 3631.045,100
3839,11:24:46,$ 3630.785,100
3841,11:24:41,$ 3629.4292,"1,000"
3842,11:24:39,$ 3629.03,100
3843,11:24:25,$ 3629.595,100
3844,11:24:25,$ 3629.635,100
3845,11:24:25,$ 3629.73,100
3846,11:24:23,$ 3630.0601,200
3847,11:24:21,$ 3630.59,100
3848,11:24:10,$ 3631.28,400
3849,11:24:10,$ 3630.955,100
3850,11:24:03,$ 3631.725,100
3851,11:23:58,$ 3632.28,100
3852,11:23:51,$ 3632.6804,250
3853,11:23:37,$ 3632.12,100
3854,11:23:20,$ 3630.30,100
3855,11:23:20,$ 3630.30,100
3856,11:23:20,$ 3631.0224,100
3857,11:23:01,$ 3630.01,103
3858,11:22:44,$ 3630.43,100
3859,11:22:24,$ 3630.01,100
3860,11:22:17,$ 3630.06,100
3862,11:22:11,$ 3630.01,100
3863,11:22:11,$ 3630.05,100
3864,11:22:11,$ 3630.06,100
3865,11:22:10,$ 3629.10,100
3866,11:22:04,$ 3630.95,100
