,NLS Time (ET),NLS Price,NLS Share Volume
1,09:59:58,$ 3435.31,100
2,09:59:56,$ 3435.00,232
3,09:59:47,$ 3434.64,100
4,09:59:41,$ 3434.58,100
5,09:59:41,$ 3434.88,100
6,09:59:38,$ 3435.285,200
7,09:59:32,$ 3435.00,140
8,09:59:24,$ 3434.14,100
9,09:59:21,$ 3434.3059,100
10,09:59:17,$ 3434.00,100
11,09:59:10,$ 3433.265,157
12,09:59:07,$ 3433.515,100
13,09:59:04,$ 3433.99,100
14,09:59:04,$ 3433.26,100
15,09:59:02,$ 3432.89,100
16,09:58:59,$ 3432.807,100
17,09:58:58,$ 3433.59,100
18,09:58:57,$ 3433.48,200
19,09:58:49,$ 3432.89,100
20,09:58:39,$ 3432.92,100
22,09:58:37,$ 3433.40,100
23,09:58:37,$ 3433.30,100
24,09:58:06,$ 3432.71,100
25,09:58:06,$ 3432.00,100
26,09:58:00,$ 3432.71,100
27,09:58:00,$ 3432.71,100
28,09:57:53,$ 3431.19,100
29,09:57:53,$ 3431.16,100
30,09:57:53,$ 3431.935,100
31,09:57:48,$ 3431.2247,500
32,09:57:43,$ 3431.02,100
33,09:57:41,$ 3431.04,100
34,09:57:27,$ 3431.0143,500
35,09:57:26,$ 3430.7901,100
36,09:57:05,$ 3430.7982,100
37,09:57:02,$ 3430.47,100
38,09:57:02,$ 3430.25,100
39,09:56:51,$ 3429.38,100
40,09:56:48,$ 3430.44,100
41,09:56:46,$ 3429.13,100
43,09:56:39,$ 3430.065,100
44,09:56:36,$ 3429.4206,100
45,09:56:30,$ 3429.90,100
46,09:56:30,$ 3429.88,100
47,09:56:30,$ 3429.50,100
48,09:56:30,$ 3429.38,125
49,09:56:30,$ 3428.96,100
50,09:56:14,$ 3428.7099,100
51,09:56:10,$ 3428.5769,500
52,09:55:49,$ 3429.88,100
53,09:55:19,$ 3427.5033,150
54,09:55:11,$ 3428.67,100
55,09:55:08,$ 3430.00,100
56,09:55:08,$ 3429.60,100
57,09:55:04,$ 3428.6723,100
58,09:54:47,$ 3427.54,100
59,09:54:14,$ 3425.4201,150
60,09:54:08,$ 3425.36,100
61,09:54:08,$ 3425.00,100
62,09:54:08,$ 3425.00,100
64,09:54:04,$ 3424.6124,186
65,09:53:54,$ 3424.735,100
66,09:53:43,$ 3424.35,150
67,09:53:42,$ 3425.355,100
68,09:53:39,$ 3425.1775,100
69,09:53:33,$ 3425.765,100
70,09:53:30,$ 3424.13,100
71,09:53:29,$ 3423.88,100
72,09:53:25,$ 3422.06,100
73,09:53:25,$ 3422.06,100
74,09:53:25,$ 3422.41,100
75,09:53:24,$ 3423.2052,"1,000"
76,09:53:23,$ 3422.0401,400
77,09:53:17,$ 3422.8773,119
78,09:53:13,$ 3423.53,100
79,09:53:13,$ 3422.99,100
80,09:53:07,$ 3422.78,100
81,09:53:03,$ 3421.495,300
82,09:53:00,$ 3421.00,100
83,09:53:00,$ 3421.995,100
85,09:53:00,$ 3421.77,100
86,09:53:00,$ 3422.0805,200
87,09:53:00,$ 3422.37,100
88,09:52:53,$ 3422.83,100
89,09:52:47,$ 3422.94,124
90,09:52:47,$ 3422.94,103
91,09:52:47,$ 3422.94,103
92,09:52:44,$ 3422.2554,100
93,09:52:41,$ 3423.465,100
94,09:52:33,$ 3423.10,100
95,09:52:33,$ 3423.93,100
96,09:52:32,$ 3424.4332,140
97,09:52:27,$ 3422.685,100
98,09:52:26,$ 3424.305,100
99,09:52:24,$ 3423.495,100
100,09:52:19,$ 3424.64,100
101,09:52:19,$ 3424.71,100
102,09:52:19,$ 3423.495,100
103,09:52:18,$ 3424.295,100
104,09:52:12,$ 3426.57,100
106,09:52:10,$ 3426.5001,671
107,09:52:09,$ 3428.83,451
108,09:52:08,$ 3426.50,100
109,09:52:08,$ 3427.80,113
110,09:52:08,$ 3428.75,100
111,09:52:00,$ 3429.89,100
112,09:51:56,$ 3429.19,100
113,09:51:54,$ 3429.26,100
114,09:51:44,$ 3430.36,100
115,09:51:44,$ 3430.00,100
116,09:51:43,$ 3429.98,900
117,09:51:43,$ 3430.641,100
118,09:51:38,$ 3429.52,100
119,09:51:21,$ 3430.33,100
120,09:51:21,$ 3430.33,100
121,09:51:16,$ 3429.615,200
122,09:51:14,$ 3430.00,100
123,09:51:11,$ 3430.64,100
124,09:50:48,$ 3430.01,100
125,09:50:18,$ 3432.05,100
127,09:50:12,$ 3432.795,100
128,09:50:09,$ 3433.17,100
129,09:50:03,$ 3434.9999,100
130,09:49:58,$ 3434.425,193
131,09:49:51,$ 3434.68,100
132,09:49:51,$ 3434.0201,"1,000"
133,09:49:50,$ 3435.7599,100
134,09:49:48,$ 3434.9599,100
135,09:49:45,$ 3433.60,100
136,09:49:43,$ 3432.735,500
137,09:49:25,$ 3433.99,100
138,09:49:20,$ 3433.846,100
139,09:49:12,$ 3434.9599,100
140,09:48:55,$ 3434.5172,100
141,09:48:43,$ 3433.9146,500
142,09:48:42,$ 3434.23,100
143,09:48:32,$ 3433.345,100
144,09:48:31,$ 3433.37,100
145,09:48:31,$ 3432.72,100
146,09:48:23,$ 3432.25,198
148,09:48:23,$ 3431.99,181
149,09:48:19,$ 3432.675,100
150,09:48:18,$ 3432.695,100
151,09:48:14,$ 3433.36,100
152,09:48:12,$ 3432.99,100
153,09:48:12,$ 3432.99,100
154,09:48:10,$ 3431.68,100
155,09:48:05,$ 3432.14,100
156,09:47:53,$ 3432.00,100
157,09:47:49,$ 3432.26,100
158,09:47:44,$ 3432.99,100
159,09:47:39,$ 3431.59,100
160,09:47:39,$ 3431.60,100
161,09:47:39,$ 3432.68,100
162,09:47:27,$ 3430.1071,200
163,09:47:16,$ 3431.831,100
164,09:47:15,$ 3431.235,200
165,09:47:15,$ 3431.00,100
166,09:47:02,$ 3430.00,100
167,09:46:59,$ 3429.00,100
169,09:46:59,$ 3429.505,100
170,09:46:55,$ 3429.0201,100
171,09:46:54,$ 3429.02,100
172,09:46:50,$ 3430.00,218
173,09:46:44,$ 3431.295,200
174,09:46:44,$ 3431.295,100
175,09:46:43,$ 3431.305,100
176,09:46:39,$ 3431.275,100
177,09:46:29,$ 3428.69,100
178,09:46:29,$ 3429.22,100
179,09:46:18,$ 3431.44,100
180,09:46:16,$ 3432.79,100
181,09:46:16,$ 3431.55,100
182,09:46:12,$ 3430.58,100
183,09:46:12,$ 3429.90,100
184,09:46:12,$ 3429.90,100
185,09:46:12,$ 3429.90,100
186,09:46:12,$ 3429.90,100
187,09:46:12,$ 3428.97,100
188,09:46:12,$ 3428.95,100
190,09:46:05,$ 3429.00,100
191,09:46:05,$ 3429.97,100
192,09:46:04,$ 3429.16,100
193,09:46:04,$ 3429.03,100
194,09:46:04,$ 3428.73,100
195,09:46:04,$ 3429.19,100
196,09:46:04,$ 3429.03,100
197,09:46:04,$ 3429.03,100
198,09:46:04,$ 3429.0038,100
199,09:46:04,$ 3429.0035,100
200,09:46:03,$ 3430.15,100
201,09:46:03,$ 3429.83,100
202,09:46:02,$ 3429.8139,100
203,09:46:00,$ 3429.0641,100
204,09:46:00,$ 3429.825,100
205,09:45:58,$ 3429.24,100
206,09:45:58,$ 3429.20,192
207,09:45:58,$ 3430.12,100
208,09:45:55,$ 3430.56,100
209,09:45:55,$ 3431.025,100
211,09:45:53,$ 3430.58,100
212,09:45:49,$ 3432.22,100
213,09:45:48,$ 3432.22,100
214,09:45:48,$ 3432.22,100
215,09:45:45,$ 3431.78,300
216,09:45:43,$ 3432.28,100
217,09:45:42,$ 3432.11,100
218,09:45:34,$ 3433.0001,300
219,09:45:33,$ 3433.985,100
220,09:45:27,$ 3433.095,100
221,09:45:22,$ 3434.005,100
222,09:45:11,$ 3434.8404,100
223,09:45:11,$ 3434.50,145
224,09:45:09,$ 3434.85,100
225,09:45:03,$ 3434.31,100
226,09:45:02,$ 3434.90,100
227,09:45:00,$ 3434.58,101
228,09:45:00,$ 3434.57,300
229,09:45:00,$ 3434.57,100
230,09:45:00,$ 3434.57,100
232,09:44:48,$ 3434.15,100
233,09:44:47,$ 3434.9999,100
234,09:44:36,$ 3436.945,100
235,09:44:34,$ 3436.00,170
236,09:44:34,$ 3436.80,100
237,09:44:34,$ 3436.82,100
238,09:44:34,$ 3436.80,100
239,09:44:34,$ 3436.29,100
240,09:44:32,$ 3437.04,100
241,09:44:25,$ 3438.02,100
242,09:44:25,$ 3437.11,198
243,09:44:25,$ 3438.02,100
244,09:44:21,$ 3437.62,100
245,09:44:19,$ 3437.59,100
246,09:44:19,$ 3437.96,100
247,09:44:19,$ 3437.3329,250
248,09:44:16,$ 3438.61,100
249,09:44:16,$ 3437.225,100
250,09:44:08,$ 3437.915,100
251,09:44:07,$ 3437.36,100
253,09:44:06,$ 3435.8334,500
254,09:44:05,$ 3436.435,100
255,09:43:50,$ 3435.47,111
256,09:43:50,$ 3435.43,100
257,09:43:45,$ 3435.658,100
258,09:43:39,$ 3435.53,100
259,09:43:39,$ 3435.53,100
260,09:43:33,$ 3435.60,100
261,09:43:29,$ 3435.645,100
262,09:43:24,$ 3435.80,100
263,09:43:18,$ 3435.645,100
264,09:43:17,$ 3436.2183,300
265,09:43:14,$ 3435.74,100
266,09:43:12,$ 3433.43,100
267,09:43:07,$ 3433.00,130
268,09:43:07,$ 3433.03,100
269,09:43:07,$ 3433.01,100
270,09:43:07,$ 3433.00,860
271,09:43:07,$ 3433.54,100
272,09:43:07,$ 3433.27,100
274,09:43:07,$ 3433.50,100
275,09:43:07,$ 3433.49,100
276,09:43:07,$ 3433.42,100
277,09:43:07,$ 3434.50,100
278,09:43:06,$ 3435.375,100
279,09:42:58,$ 3435.00,100
280,09:42:56,$ 3435.46,100
281,09:42:56,$ 3435.46,100
282,09:42:56,$ 3435.27,100
283,09:42:54,$ 3434.0002,100
284,09:42:45,$ 3436.245,100
285,09:42:44,$ 3435.12,200
286,09:42:43,$ 3435.71,100
287,09:42:42,$ 3435.01,100
288,09:42:42,$ 3435.01,100
289,09:42:42,$ 3435.11,100
290,09:42:42,$ 3435.70,100
291,09:42:42,$ 3435.702,100
292,09:42:42,$ 3435.78,100
293,09:42:42,$ 3435.78,100
295,09:42:42,$ 3435.68,100
296,09:42:41,$ 3435.73,100
297,09:42:41,$ 3435.76,100
298,09:42:36,$ 3436.42,100
299,09:42:35,$ 3435.68,100
300,09:42:35,$ 3435.68,100
301,09:42:20,$ 3439.97,100
302,09:42:20,$ 3439.97,100
303,09:42:20,$ 3439.95,100
304,09:42:20,$ 3439.95,100
305,09:42:20,$ 3439.95,100
306,09:42:20,$ 3439.95,100
307,09:42:20,$ 3439.95,100
308,09:42:20,$ 3439.61,200
309,09:42:14,$ 3440.75,100
310,09:42:12,$ 3440.00,100
311,09:42:04,$ 3438.0901,130
312,09:41:58,$ 3439.9369,100
313,09:41:53,$ 3440.45,100
314,09:41:52,$ 3439.938,102
316,09:41:48,$ 3440.05,100
317,09:41:48,$ 3439.97,100
318,09:41:48,$ 3439.98,100
319,09:41:48,$ 3439.84,100
320,09:41:48,$ 3438.695,100
321,09:41:45,$ 3438.89,100
322,09:41:45,$ 3439.075,100
323,09:41:45,$ 3438.75,100
324,09:41:45,$ 3438.9325,100
325,09:41:45,$ 3439.075,100
326,09:41:45,$ 3439.075,100
327,09:41:45,$ 3439.075,100
328,09:41:45,$ 3439.0225,100
329,09:41:45,$ 3439.075,100
330,09:41:45,$ 3438.62,100
331,09:41:45,$ 3438.89,100
332,09:41:42,$ 3439.10,100
333,09:41:33,$ 3439.38,200
334,09:41:33,$ 3439.38,200
335,09:41:33,$ 3439.38,100
337,09:41:15,$ 3439.60,100
338,09:41:13,$ 3440.525,100
339,09:41:13,$ 3440.525,100
340,09:41:13,$ 3440.525,100
341,09:41:12,$ 3439.97,100
342,09:41:05,$ 3439.28,100
343,09:41:00,$ 3439.77,100
344,09:40:51,$ 3439.26,100
345,09:40:46,$ 3439.97,229
346,09:40:46,$ 3439.23,100
347,09:40:46,$ 3439.35,114
348,09:40:46,$ 3439.35,148
349,09:40:46,$ 3439.35,380
350,09:40:46,$ 3439.35,193
351,09:40:30,$ 3439.99,296
352,09:40:16,$ 3440.7875,100
353,09:40:09,$ 3440.98,100
354,09:40:09,$ 3441.00,100
355,09:40:07,$ 3440.95,100
356,09:40:00,$ 3440.35,100
358,09:39:51,$ 3439.5002,100
359,09:39:48,$ 3440.58,100
360,09:39:45,$ 3440.49,100
361,09:39:12,$ 3440.99,100
362,09:39:10,$ 3439.99,100
363,09:39:02,$ 3438.665,100
364,09:38:55,$ 3438.885,100
365,09:38:53,$ 3438.29,100
366,09:38:51,$ 3439.87,100
367,09:38:28,$ 3437.9301,300
368,09:38:28,$ 3439.3875,100
369,09:38:27,$ 3440.0635,100
370,09:38:24,$ 3438.1603,100
371,09:38:19,$ 3440.09,100
372,09:38:19,$ 3440.18,100
373,09:38:18,$ 3439.59,100
374,09:38:17,$ 3439.61,100
375,09:38:08,$ 3440.275,100
376,09:38:08,$ 3440.26,100
377,09:38:05,$ 3440.51,100
379,09:38:00,$ 3437.6001,100
380,09:37:56,$ 3438.80,100
381,09:37:56,$ 3438.40,100
382,09:37:56,$ 3438.70,100
383,09:37:52,$ 3439.37,100
384,09:37:52,$ 3439.42,200
385,09:37:49,$ 3439.7166,300
386,09:37:47,$ 3440.00,100
387,09:37:46,$ 3440.00,200
388,09:37:46,$ 3440.00,400
389,09:37:46,$ 3440.00,100
390,09:37:46,$ 3439.48,100
391,09:37:43,$ 3438.47,100
392,09:37:41,$ 3438.469,151
393,09:37:37,$ 3438.72,100
394,09:37:36,$ 3437.93,100
395,09:37:35,$ 3437.575,100
396,09:37:34,$ 3437.29,100
397,09:37:34,$ 3437.29,100
398,09:37:34,$ 3437.23,100
400,09:37:34,$ 3437.92,300
401,09:37:34,$ 3437.695,200
402,09:37:31,$ 3437.585,200
403,09:37:30,$ 3437.25,100
404,09:37:28,$ 3437.04,100
405,09:37:28,$ 3437.01,100
406,09:37:28,$ 3437.14,100
407,09:37:27,$ 3437.865,200
408,09:37:27,$ 3437.5316,165
409,09:37:18,$ 3437.60,100
410,09:37:18,$ 3439.09,100
411,09:37:17,$ 3438.335,200
412,09:37:14,$ 3439.075,100
413,09:37:12,$ 3438.92,100
414,09:37:12,$ 3437.765,200
415,09:37:11,$ 3437.00,100
416,09:37:09,$ 3436.68,100
417,09:36:56,$ 3438.26,100
418,09:36:50,$ 3438.7304,150
419,09:36:42,$ 3437.9946,186
421,09:36:41,$ 3438.168,500
422,09:36:40,$ 3436.64,100
423,09:36:25,$ 3437.8017,100
424,09:36:21,$ 3439.815,100
425,09:36:19,$ 3439.84,100
426,09:36:16,$ 3438.1784,300
427,09:36:09,$ 3439.26,270
428,09:36:05,$ 3441.4462,100
429,09:36:04,$ 3441.50,100
430,09:36:03,$ 3441.50,200
431,09:36:03,$ 3441.49,100
432,09:36:03,$ 3439.99,300
433,09:36:03,$ 3439.97,110
434,09:36:01,$ 3438.93,100
435,09:36:00,$ 3438.1301,100
436,09:36:00,$ 3437.81,100
437,09:35:59,$ 3438.46,200
438,09:35:59,$ 3436.79,100
439,09:35:59,$ 3435.88,100
440,09:35:59,$ 3435.23,100
442,09:35:59,$ 3435.23,100
443,09:35:59,$ 3435.24,100
444,09:35:59,$ 3435.23,100
445,09:35:59,$ 3435.23,100
446,09:35:59,$ 3435.24,100
447,09:35:59,$ 3435.26,100
448,09:35:59,$ 3435.23,100
449,09:35:59,$ 3435.22,100
450,09:35:59,$ 3435.23,100
451,09:35:59,$ 3435.22,100
452,09:35:59,$ 3435.23,400
453,09:35:59,$ 3435.00,100
454,09:35:59,$ 3435.00,100
455,09:35:59,$ 3435.00,200
456,09:35:59,$ 3435.00,222
457,09:35:59,$ 3435.00,100
458,09:35:59,$ 3435.00,100
459,09:35:59,$ 3434.65,100
460,09:35:58,$ 3434.65,100
461,09:35:58,$ 3434.85,100
463,09:35:58,$ 3434.72,100
464,09:35:49,$ 3433.515,100
465,09:35:45,$ 3433.675,100
466,09:35:42,$ 3433.4588,100
467,09:35:38,$ 3434.46,100
468,09:35:36,$ 3434.405,100
469,09:35:35,$ 3433.9201,100
470,09:35:33,$ 3433.92,100
471,09:35:26,$ 3433.00,100
472,09:35:22,$ 3434.26,100
473,09:35:15,$ 3433.40,100
474,09:35:15,$ 3433.895,100
475,09:35:14,$ 3433.8782,500
476,09:35:14,$ 3433.00,100
477,09:35:06,$ 3430.5589,100
478,09:35:02,$ 3431.94,100
479,09:35:00,$ 3430.1094,350
480,09:34:55,$ 3430.8856,100
481,09:34:55,$ 3432.1919,100
482,09:34:51,$ 3431.31,100
484,09:34:47,$ 3431.21,100
485,09:34:45,$ 3430.00,100
486,09:34:45,$ 3430.00,100
487,09:34:45,$ 3430.00,100
488,09:34:45,$ 3430.00,100
489,09:34:44,$ 3431.03,100
490,09:34:40,$ 3430.9446,200
491,09:34:40,$ 3431.6164,200
492,09:34:39,$ 3431.52,100
493,09:34:37,$ 3430.8533,100
494,09:34:36,$ 3431.01,100
495,09:34:36,$ 3431.11,100
496,09:34:35,$ 3431.30,159
497,09:34:35,$ 3431.22,100
498,09:34:32,$ 3432.61,100
499,09:34:30,$ 3430.7492,520
500,09:34:25,$ 3430.4288,"1,000"
501,09:34:20,$ 3433.005,100
502,09:34:16,$ 3433.42,100
503,09:34:14,$ 3432.3046,259
505,09:34:10,$ 3432.35,200
506,09:34:10,$ 3432.3727,100
507,09:34:10,$ 3432.852,100
508,09:34:09,$ 3433.42,200
509,09:34:09,$ 3433.38,200
510,09:34:09,$ 3433.38,100
511,09:34:08,$ 3432.35,139
512,09:34:08,$ 3432.36,228
513,09:34:07,$ 3431.45,355
514,09:34:07,$ 3431.45,100
515,09:34:07,$ 3431.41,100
516,09:34:07,$ 3431.41,100
517,09:34:07,$ 3431.41,100
518,09:34:07,$ 3431.41,133
519,09:34:05,$ 3430.21,201
520,09:34:04,$ 3429.465,100
521,09:34:04,$ 3431.4199,100
522,09:34:04,$ 3430.00,100
523,09:34:01,$ 3425.80,100
524,09:34:01,$ 3425.71,100
526,09:34:01,$ 3424.00,200
527,09:34:01,$ 3424.00,100
528,09:34:00,$ 3430.46,100
529,09:33:57,$ 3430.48,100
530,09:33:57,$ 3430.57,100
531,09:33:55,$ 3431.61,100
532,09:33:55,$ 3431.94,100
533,09:33:54,$ 3431.915,100
534,09:33:54,$ 3431.705,100
535,09:33:54,$ 3432.99,100
536,09:33:54,$ 3432.99,100
537,09:33:54,$ 3432.99,150
538,09:33:54,$ 3433.00,213
539,09:33:52,$ 3432.33,300
540,09:33:52,$ 3432.33,100
541,09:33:52,$ 3431.99,100
542,09:33:52,$ 3430.79,100
543,09:33:52,$ 3429.94,100
544,09:33:52,$ 3429.24,100
545,09:33:52,$ 3428.87,100
547,09:33:51,$ 3428.00,100
548,09:33:51,$ 3426.31,100
549,09:33:50,$ 3426.33,100
550,09:33:47,$ 3425.30,100
551,09:33:42,$ 3426.23,100
552,09:33:42,$ 3427.82,100
553,09:33:37,$ 3427.1914,300
554,09:33:35,$ 3428.0649,200
555,09:33:33,$ 3427.90,200
556,09:33:33,$ 3427.90,100
557,09:33:33,$ 3427.00,282
558,09:33:33,$ 3426.99,100
559,09:33:33,$ 3426.99,400
560,09:33:33,$ 3426.94,100
561,09:33:33,$ 3427.00,100
562,09:33:32,$ 3426.69,100
563,09:33:30,$ 3425.00,159
564,09:33:25,$ 3425.6729,100
565,09:33:25,$ 3427.8999,100
566,09:33:22,$ 3426.70,130
568,09:33:21,$ 3427.0614,100
569,09:33:20,$ 3427.7539,235
570,09:33:16,$ 3427.20,100
571,09:33:16,$ 3427.04,100
572,09:33:16,$ 3427.4611,"1,500"
573,09:33:14,$ 3427.41,100
574,09:33:06,$ 3427.68,100
575,09:33:06,$ 3427.50,100
576,09:33:06,$ 3427.19,100
577,09:33:06,$ 3427.01,100
578,09:33:06,$ 3426.92,100
579,09:33:03,$ 3424.7598,500
580,09:32:58,$ 3426.00,157
581,09:32:57,$ 3425.41,100
582,09:32:54,$ 3425.025,100
583,09:32:44,$ 3424.855,230
584,09:32:44,$ 3423.786,100
585,09:32:44,$ 3423.866,100
586,09:32:44,$ 3424.20,100
587,09:32:43,$ 3425.41,100
589,09:32:41,$ 3426.065,100
590,09:32:36,$ 3426.4924,100
591,09:32:35,$ 3426.1132,259
592,09:32:32,$ 3425.00,100
593,09:32:32,$ 3425.00,100
594,09:32:32,$ 3425.00,114
595,09:32:32,$ 3425.00,100
596,09:32:32,$ 3425.00,100
597,09:32:32,$ 3425.00,100
598,09:32:31,$ 3424.83,400
599,09:32:31,$ 3424.56,133
600,09:32:31,$ 3424.56,188
601,09:32:31,$ 3424.1902,100
602,09:32:26,$ 3423.18,333
603,09:32:25,$ 3422.72,149
604,09:32:24,$ 3422.72,100
605,09:32:24,$ 3422.72,100
606,09:32:22,$ 3421.41,160
607,09:32:22,$ 3421.41,230
608,09:32:21,$ 3421.07,131
610,09:32:21,$ 3420.80,100
611,09:32:21,$ 3421.07,200
612,09:32:21,$ 3421.06,100
613,09:32:21,$ 3421.07,359
614,09:32:21,$ 3420.58,200
615,09:32:21,$ 3418.925,100
616,09:32:21,$ 3419.38,100
617,09:32:21,$ 3419.40,100
618,09:32:21,$ 3420.80,100
619,09:32:21,$ 3420.80,200
620,09:32:20,$ 3419.21,100
621,09:32:20,$ 3418.195,100
622,09:32:20,$ 3418.17,100
623,09:32:19,$ 3417.0501,100
624,09:32:19,$ 3419.33,100
625,09:32:18,$ 3420.13,100
626,09:32:18,$ 3420.23,100
627,09:32:16,$ 3420.14,100
628,09:32:16,$ 3420.02,100
629,09:32:16,$ 3420.02,200
631,09:32:16,$ 3420.02,300
632,09:32:09,$ 3421.48,100
633,09:32:09,$ 3421.41,100
634,09:32:07,$ 3422.20,100
635,09:32:00,$ 3421.83,100
636,09:31:59,$ 3423.05,100
637,09:31:59,$ 3423.0601,300
638,09:31:58,$ 3423.3586,100
639,09:31:57,$ 3423.40,100
640,09:31:54,$ 3423.00,192
641,09:31:48,$ 3422.29,100
642,09:31:41,$ 3421.0542,100
643,09:31:39,$ 3420.9713,100
644,09:31:34,$ 3421.22,100
645,09:31:34,$ 3420.57,100
646,09:31:33,$ 3421.43,100
647,09:31:33,$ 3421.405,100
648,09:31:31,$ 3422.257,100
649,09:31:29,$ 3421.785,150
650,09:31:29,$ 3422.89,100
652,09:31:29,$ 3423.00,100
653,09:31:29,$ 3423.00,100
654,09:31:25,$ 3421.64,100
655,09:31:25,$ 3421.64,100
656,09:31:25,$ 3420.60,100
657,09:31:25,$ 3419.80,100
658,09:31:25,$ 3419.81,100
659,09:31:25,$ 3419.81,100
660,09:31:25,$ 3419.82,100
661,09:31:25,$ 3419.81,100
662,09:31:25,$ 3419.60,100
663,09:31:25,$ 3420.41,115
664,09:31:20,$ 3421.55,300
665,09:31:11,$ 3421.79,196
666,09:31:11,$ 3421.30,200
667,09:31:10,$ 3420.00,100
668,09:31:10,$ 3420.00,100
669,09:31:10,$ 3420.00,100
670,09:31:03,$ 3419.655,100
671,09:31:00,$ 3419.60,100
673,09:31:00,$ 3419.50,100
674,09:31:00,$ 3419.62,100
675,09:30:57,$ 3419.9999,100
676,09:30:56,$ 3418.8277,100
677,09:30:56,$ 3418.92,100
678,09:30:56,$ 3419.9999,150
679,09:30:56,$ 3419.4855,116
680,09:30:56,$ 3419.4855,487
681,09:30:54,$ 3419.50,100
682,09:30:53,$ 3418.68,100
683,09:30:53,$ 3418.06,299
684,09:30:53,$ 3418.00,100
685,09:30:53,$ 3418.00,100
686,09:30:53,$ 3418.00,371
687,09:30:53,$ 3418.00,100
688,09:30:53,$ 3418.00,161
689,09:30:53,$ 3418.06,100
690,09:30:53,$ 3418.06,100
691,09:30:53,$ 3418.00,100
692,09:30:53,$ 3416.99,100
694,09:30:53,$ 3417.00,192
695,09:30:53,$ 3417.00,150
696,09:30:53,$ 3416.60,100
697,09:30:53,$ 3417.00,434
698,09:30:53,$ 3417.00,100
699,09:30:50,$ 3416.3335,500
700,09:30:46,$ 3415.74,100
701,09:30:41,$ 3415.53,100
702,09:30:41,$ 3415.53,600
703,09:30:41,$ 3415.53,100
704,09:30:41,$ 3415.53,100
705,09:30:41,$ 3415.53,128
706,09:30:21,$ 3414.5991,100
707,09:30:10,$ 3414.28,100
708,09:30:04,$ 3413.5098,"1,000"
709,09:30:03,$ 3415.35,100
710,09:30:02,$ 3416.00,1
711,09:30:02,$ 3416.00,80
712,09:30:02,$ 3416.00,5
713,09:30:02,$ 3416.00,54
715,09:30:02,$ 3416.00,14
716,09:30:02,$ 3416.00,3
717,09:30:02,$ 3416.00,50
718,09:30:02,$ 3416.00,3
719,09:30:02,$ 3416.00,1
720,09:30:02,$ 3416.00,1
721,09:30:02,$ 3416.00,2
722,09:30:02,$ 3416.00,8
723,09:30:02,$ 3416.00,10
724,09:30:02,$ 3416.00,15
725,09:30:02,$ 3416.00,9
726,09:30:02,$ 3416.00,7
727,09:30:02,$ 3416.00,2
728,09:30:02,$ 3416.00,30
729,09:30:02,$ 3416.00,1
730,09:30:02,$ 3416.00,26
731,09:30:02,$ 3416.00,30
732,09:30:02,$ 3416.00,1
733,09:30:02,$ 3416.00,3
734,09:30:02,$ 3416.00,3
736,09:30:02,$ 3416.00,6
737,09:30:02,$ 3416.00,5
738,09:30:02,$ 3416.00,10
739,09:30:02,$ 3416.00,2
740,09:30:02,$ 3416.00,39
741,09:30:02,$ 3416.00,94
742,09:30:02,$ 3416.00,10
743,09:30:02,$ 3416.00,3
744,09:30:02,$ 3416.00,1
745,09:30:02,$ 3416.00,1
746,09:30:02,$ 3416.00,1
747,09:30:02,$ 3416.00,2
748,09:30:02,$ 3416.00,1
749,09:30:02,$ 3416.00,6
750,09:30:02,$ 3416.00,3
751,09:30:02,$ 3416.00,1
752,09:30:02,$ 3416.00,1
753,09:30:02,$ 3416.00,4
754,09:30:02,$ 3416.00,1
755,09:30:02,$ 3416.00,1
757,09:30:02,$ 3416.00,13
758,09:30:02,$ 3416.00,45
759,09:30:02,$ 3416.00,1
760,09:30:02,$ 3416.00,5
761,09:30:02,$ 3416.00,2
762,09:30:02,$ 3416.00,12
763,09:30:02,$ 3416.00,3
764,09:30:02,$ 3416.00,14
765,09:30:02,$ 3416.00,14
766,09:30:02,$ 3416.00,8
767,09:30:02,$ 3416.00,43
768,09:30:02,$ 3416.00,2
769,09:30:02,$ 3416.00,4
770,09:30:02,$ 3416.00,1
771,09:30:02,$ 3416.00,4
772,09:30:02,$ 3416.00,1
773,09:30:02,$ 3416.00,3
774,09:30:02,$ 3416.00,3
775,09:30:02,$ 3416.00,1
776,09:30:02,$ 3416.00,25
778,09:30:02,$ 3416.00,55
779,09:30:02,$ 3416.00,3
780,09:30:02,$ 3416.00,1
781,09:30:02,$ 3416.00,2
782,09:30:02,$ 3416.00,1
783,09:30:02,$ 3416.00,5
784,09:30:02,$ 3416.00,1
785,09:30:02,$ 3416.00,5
786,09:30:02,$ 3416.00,1
787,09:30:02,$ 3416.00,1
788,09:30:02,$ 3416.00,2
789,09:30:02,$ 3416.00,1
790,09:30:02,$ 3416.00,3
791,09:30:02,$ 3416.00,1
792,09:30:02,$ 3416.00,1
793,09:30:02,$ 3416.00,2
794,09:30:02,$ 3416.00,1
795,09:30:02,$ 3416.00,1
796,09:30:02,$ 3416.00,1
797,09:30:02,$ 3416.00,1
799,09:30:02,$ 3416.00,3
800,09:30:02,$ 3416.00,10
801,09:30:02,$ 3416.00,1
802,09:30:02,$ 3416.00,1
803,09:30:02,$ 3416.00,20
804,09:30:02,$ 3416.00,1
805,09:30:02,$ 3416.00,1
806,09:30:02,$ 3416.00,1
807,09:30:02,$ 3416.00,5
808,09:30:02,$ 3416.00,1
809,09:30:02,$ 3416.00,12
810,09:30:02,$ 3416.00,3
811,09:30:02,$ 3416.00,1
812,09:30:02,$ 3416.00,1
813,09:30:02,$ 3416.00,1
814,09:30:02,$ 3416.00,1
815,09:30:02,$ 3416.00,1
816,09:30:02,$ 3416.00,2
817,09:30:02,$ 3416.00,1
818,09:30:02,$ 3416.00,2
820,09:30:02,$ 3416.00,5
821,09:30:02,$ 3416.00,7
822,09:30:02,$ 3416.00,29
823,09:30:02,$ 3416.00,1
824,09:30:02,$ 3416.00,4
825,09:30:02,$ 3416.00,2
826,09:30:02,$ 3416.00,1
827,09:30:02,$ 3416.00,16
828,09:30:02,$ 3416.00,2
829,09:30:02,$ 3416.00,30
830,09:30:02,$ 3416.00,2
831,09:30:02,$ 3416.00,1
832,09:30:02,$ 3416.00,88
833,09:30:02,$ 3416.00,1
834,09:30:02,$ 3416.00,1
835,09:30:02,$ 3416.00,2
836,09:30:02,$ 3416.00,3
837,09:30:02,$ 3416.00,5
838,09:30:02,$ 3416.00,3
839,09:30:02,$ 3416.00,1
841,09:30:02,$ 3416.00,1
842,09:30:02,$ 3416.00,1
843,09:30:02,$ 3416.00,1
844,09:30:02,$ 3416.00,2
845,09:30:02,$ 3416.00,1
846,09:30:02,$ 3416.00,1
847,09:30:02,$ 3416.00,50
848,09:30:02,$ 3416.00,1
849,09:30:02,$ 3416.00,1
850,09:30:02,$ 3416.00,2
851,09:30:02,$ 3416.00,1
852,09:30:02,$ 3416.00,1
853,09:30:02,$ 3416.00,1
854,09:30:02,$ 3416.00,5
855,09:30:02,$ 3416.00,5
856,09:30:02,$ 3416.00,10
857,09:30:02,$ 3416.00,70
858,09:30:02,$ 3416.00,2
859,09:30:02,$ 3416.00,1
860,09:30:02,$ 3416.00,3
862,09:30:02,$ 3416.00,1
863,09:30:02,$ 3416.00,3
864,09:30:02,$ 3416.00,1
865,09:30:02,$ 3416.00,30
866,09:30:02,$ 3416.00,1
867,09:30:02,$ 3416.00,1
868,09:30:02,$ 3416.00,2
869,09:30:02,$ 3416.00,1
870,09:30:02,$ 3416.00,10
871,09:30:02,$ 3416.00,1
872,09:30:02,$ 3416.00,10
873,09:30:02,$ 3416.00,1
874,09:30:02,$ 3416.00,7
875,09:30:02,$ 3416.00,1
876,09:30:02,$ 3416.00,5
877,09:30:02,$ 3416.00,10
878,09:30:02,$ 3416.00,1
879,09:30:02,$ 3416.00,5
880,09:30:02,$ 3416.00,1
881,09:30:02,$ 3416.00,5
883,09:30:02,$ 3416.00,15
884,09:30:02,$ 3416.00,1
885,09:30:02,$ 3416.00,1
886,09:30:02,$ 3416.00,1
887,09:30:02,$ 3416.00,4
888,09:30:02,$ 3416.00,1
889,09:30:02,$ 3416.00,2
890,09:30:02,$ 3416.00,1
891,09:30:02,$ 3416.00,2
892,09:30:02,$ 3416.00,1
893,09:30:02,$ 3416.00,1
894,09:30:02,$ 3416.00,1
895,09:30:02,$ 3416.00,1
896,09:30:02,$ 3416.00,2
897,09:30:02,$ 3416.00,1
898,09:30:02,$ 3416.00,3
899,09:30:02,$ 3416.00,3
900,09:30:02,$ 3416.00,2
901,09:30:02,$ 3416.00,1
902,09:30:02,$ 3416.00,1
904,09:30:02,$ 3416.00,1
905,09:30:02,$ 3416.00,1
906,09:30:02,$ 3416.00,1
907,09:30:02,$ 3416.00,1
908,09:30:02,$ 3416.00,8
909,09:30:02,$ 3416.00,1
910,09:30:02,$ 3416.00,5
911,09:30:02,$ 3416.00,20
912,09:30:02,$ 3416.00,6
913,09:30:02,$ 3416.00,1
914,09:30:02,$ 3416.00,48
915,09:30:02,$ 3416.00,6
916,09:30:02,$ 3416.00,4
917,09:30:02,$ 3416.00,4
918,09:30:02,$ 3416.00,1
919,09:30:02,$ 3416.00,9
920,09:30:02,$ 3416.00,2
921,09:30:02,$ 3416.00,1
922,09:30:02,$ 3416.00,3
923,09:30:02,$ 3416.00,1
925,09:30:02,$ 3416.00,2
926,09:30:02,$ 3416.00,250
927,09:30:02,$ 3416.00,10
928,09:30:02,$ 3416.00,10
929,09:30:02,$ 3416.00,1
930,09:30:02,$ 3416.00,1
931,09:30:02,$ 3416.00,1
932,09:30:02,$ 3416.00,2
933,09:30:02,$ 3416.00,1
934,09:30:02,$ 3416.00,3
935,09:30:02,$ 3416.00,1
936,09:30:02,$ 3416.00,1
937,09:30:02,$ 3416.00,2
938,09:30:02,$ 3416.00,25
939,09:30:02,$ 3416.00,1
940,09:30:02,$ 3416.00,1
941,09:30:02,$ 3416.00,2
942,09:30:02,$ 3416.00,2
943,09:30:02,$ 3416.00,1
944,09:30:02,$ 3416.00,2
946,09:30:02,$ 3416.00,53
947,09:30:02,$ 3416.00,1
948,09:30:02,$ 3416.00,15
949,09:30:02,$ 3416.00,3
950,09:30:02,$ 3416.00,1
951,09:30:02,$ 3416.00,1
952,09:30:02,$ 3416.00,48
953,09:30:02,$ 3416.00,1
954,09:30:02,$ 3416.00,5
955,09:30:02,$ 3416.00,2
956,09:30:02,$ 3416.00,1
957,09:30:02,$ 3416.00,4
958,09:30:02,$ 3416.00,2
959,09:30:02,$ 3416.00,1
960,09:30:02,$ 3416.00,5
961,09:30:02,$ 3416.00,1
962,09:30:02,$ 3416.00,1
963,09:30:02,$ 3416.00,1
964,09:30:02,$ 3416.00,10
965,09:30:02,$ 3416.00,1
967,09:30:02,$ 3416.00,2
968,09:30:02,$ 3416.00,1
969,09:30:02,$ 3416.00,6
970,09:30:02,$ 3416.00,1
971,09:30:02,$ 3416.00,4
972,09:30:02,$ 3416.00,4
973,09:30:02,$ 3416.00,3
974,09:30:02,$ 3416.00,1
975,09:30:02,$ 3416.00,1
976,09:30:02,$ 3416.00,1
977,09:30:02,$ 3416.00,1
978,09:30:02,$ 3416.00,1
979,09:30:02,$ 3416.00,1
980,09:30:02,$ 3416.00,3
981,09:30:02,$ 3416.00,1
982,09:30:02,$ 3416.00,3
983,09:30:02,$ 3416.00,2
984,09:30:02,$ 3416.00,10
985,09:30:02,$ 3416.00,2
986,09:30:02,$ 3416.00,3
988,09:30:02,$ 3416.00,1
989,09:30:02,$ 3416.00,3
990,09:30:02,$ 3416.00,3
991,09:30:02,$ 3416.00,1
992,09:30:02,$ 3416.00,1
993,09:30:02,$ 3416.00,3
994,09:30:02,$ 3416.00,5
995,09:30:02,$ 3416.00,5
996,09:30:02,$ 3416.00,1
997,09:30:02,$ 3416.00,2
998,09:30:02,$ 3416.00,2
999,09:30:02,$ 3416.00,1
1000,09:30:02,$ 3416.00,3
1001,09:30:02,$ 3416.00,2
1002,09:30:02,$ 3416.00,2
1003,09:30:02,$ 3416.00,1
1004,09:30:02,$ 3416.00,1
1005,09:30:02,$ 3416.00,1
1006,09:30:02,$ 3416.00,50
1007,09:30:02,$ 3416.00,5
1009,09:30:02,$ 3416.00,1
1010,09:30:02,$ 3416.00,2
1011,09:30:02,$ 3416.00,2
1012,09:30:02,$ 3416.00,2
1013,09:30:02,$ 3416.00,3
1014,09:30:02,$ 3416.00,2
1015,09:30:02,$ 3416.00,1
1016,09:30:02,$ 3416.00,3
1017,09:30:02,$ 3416.00,1
1018,09:30:02,$ 3416.00,5
1019,09:30:02,$ 3416.00,6
1020,09:30:02,$ 3416.00,3
1021,09:30:02,$ 3416.00,1
1022,09:30:02,$ 3416.00,9
1023,09:30:02,$ 3416.00,2
1024,09:30:02,$ 3416.00,2
1025,09:30:02,$ 3416.00,2
1026,09:30:02,$ 3416.00,1
1027,09:30:02,$ 3416.00,200
1028,09:30:02,$ 3416.00,3
1030,09:30:02,$ 3416.00,1
1031,09:30:02,$ 3416.00,5
1032,09:30:02,$ 3416.00,1
1033,09:30:02,$ 3416.00,1
1034,09:30:02,$ 3416.00,3
1035,09:30:02,$ 3416.00,4
1036,09:30:02,$ 3416.00,10
1037,09:30:02,$ 3416.00,1
1038,09:30:02,$ 3416.00,2
1039,09:30:02,$ 3416.00,5
1040,09:30:02,$ 3416.00,1
1041,09:30:02,$ 3416.00,7
1042,09:30:02,$ 3416.00,1
1043,09:30:02,$ 3416.00,1
1044,09:30:02,$ 3416.00,1
1045,09:30:02,$ 3416.00,1
1046,09:30:02,$ 3416.00,100
1047,09:30:02,$ 3416.00,2
1048,09:30:02,$ 3416.00,10
1049,09:30:02,$ 3416.00,5
1051,09:30:02,$ 3416.00,1
1052,09:30:02,$ 3416.00,1
1053,09:30:02,$ 3416.00,44
1054,09:30:02,$ 3416.00,6
1055,09:30:02,$ 3416.00,3
1056,09:30:02,$ 3416.00,3
1057,09:30:02,$ 3416.00,75
1058,09:30:02,$ 3416.00,1
1059,09:30:02,$ 3416.00,1
1060,09:30:02,$ 3416.00,2
1061,09:30:02,$ 3416.00,5
1062,09:30:02,$ 3416.00,1
1063,09:30:02,$ 3416.00,2
1064,09:30:02,$ 3416.00,2
1065,09:30:02,$ 3416.00,10
1066,09:30:02,$ 3416.00,1
1067,09:30:02,$ 3416.00,9
1068,09:30:02,$ 3416.00,16
1069,09:30:02,$ 3416.00,1
1070,09:30:02,$ 3416.00,1
1072,09:30:02,$ 3416.00,3
1073,09:30:02,$ 3416.00,1
1074,09:30:02,$ 3416.00,3
1075,09:30:02,$ 3416.00,1
1076,09:30:02,$ 3416.00,3
1077,09:30:02,$ 3416.00,1
1078,09:30:02,$ 3416.00,2
1079,09:30:02,$ 3416.00,45
1080,09:30:02,$ 3416.00,2
1081,09:30:02,$ 3416.00,1
1082,09:30:02,$ 3416.00,1
1083,09:30:02,$ 3416.00,6
1084,09:30:02,$ 3416.00,2
1085,09:30:02,$ 3416.00,5
1086,09:30:02,$ 3416.00,5
1087,09:30:02,$ 3416.00,16
1088,09:30:02,$ 3416.00,1
1089,09:30:02,$ 3416.00,1
1090,09:30:02,$ 3416.00,12
1091,09:30:02,$ 3416.00,3
1093,09:30:02,$ 3416.00,1
1094,09:30:02,$ 3416.00,10
1095,09:30:02,$ 3416.00,3
1096,09:30:02,$ 3416.00,1
1097,09:30:02,$ 3416.00,1
1098,09:30:02,$ 3416.00,1
1099,09:30:02,$ 3416.00,3
1100,09:30:02,$ 3416.00,1
1101,09:30:02,$ 3416.00,2
1102,09:30:02,$ 3416.00,26
1103,09:30:02,$ 3416.00,3
1104,09:30:02,$ 3416.00,1
1105,09:30:02,$ 3416.00,4
1106,09:30:02,$ 3416.00,3
1107,09:30:02,$ 3416.00,1
1108,09:30:02,$ 3416.00,9
1109,09:30:02,$ 3416.00,30
1110,09:30:02,$ 3416.00,14
1111,09:30:02,$ 3416.00,1
1112,09:30:02,$ 3416.00,2
1114,09:30:02,$ 3416.00,4
1115,09:30:02,$ 3416.00,1
1116,09:30:02,$ 3416.00,3
1117,09:30:02,$ 3416.00,6
1118,09:30:02,$ 3416.00,5
1119,09:30:02,$ 3416.00,2
1120,09:30:02,$ 3416.00,1
1121,09:30:02,$ 3416.00,3
1122,09:30:02,$ 3416.00,3
1123,09:30:02,$ 3416.00,1
1124,09:30:02,$ 3416.00,410
1125,09:30:02,$ 3416.00,4
1126,09:30:02,$ 3416.00,25
1127,09:30:02,$ 3416.00,3
1128,09:30:02,$ 3416.00,1
1129,09:30:02,$ 3416.00,5
1130,09:30:02,$ 3416.00,3
1131,09:30:02,$ 3416.00,10
1132,09:30:02,$ 3416.00,2
1133,09:30:02,$ 3416.00,3
1135,09:30:02,$ 3416.00,1
1136,09:30:02,$ 3416.00,3
1137,09:30:02,$ 3416.00,2
1138,09:30:02,$ 3416.00,3
1139,09:30:02,$ 3416.00,3
1140,09:30:02,$ 3416.00,8
1141,09:30:02,$ 3416.00,10
1142,09:30:02,$ 3416.00,2
1143,09:30:02,$ 3416.00,7
1144,09:30:02,$ 3416.00,3
1145,09:30:02,$ 3416.00,1
1146,09:30:02,$ 3416.00,7
1147,09:30:02,$ 3416.00,4
1148,09:30:02,$ 3416.00,5
1149,09:30:02,$ 3416.00,2
1150,09:30:02,$ 3416.00,12
1151,09:30:02,$ 3416.00,6
1152,09:30:02,$ 3416.00,1
1153,09:30:02,$ 3416.00,3
1154,09:30:02,$ 3416.00,9
1156,09:30:02,$ 3416.00,25
1157,09:30:02,$ 3416.00,1
1158,09:30:02,$ 3416.00,1
1159,09:30:02,$ 3416.00,100
1160,09:30:02,$ 3416.00,15
1161,09:30:02,$ 3416.00,12
1162,09:30:02,$ 3416.00,1
1163,09:30:02,$ 3416.00,1
1164,09:30:02,$ 3416.00,1
1165,09:30:02,$ 3416.00,30
1166,09:30:02,$ 3416.00,1
1167,09:30:02,$ 3416.00,2
1168,09:30:02,$ 3416.00,1
1169,09:30:02,$ 3416.00,3
1170,09:30:02,$ 3416.00,2
1171,09:30:02,$ 3416.00,1
1172,09:30:02,$ 3416.00,2
1173,09:30:02,$ 3416.00,2
1174,09:30:02,$ 3416.00,5
1175,09:30:02,$ 3416.00,1
1177,09:30:02,$ 3416.00,1
1178,09:30:02,$ 3416.00,1
1179,09:30:02,$ 3416.00,1
1180,09:30:02,$ 3416.00,12
1181,09:30:02,$ 3416.00,2
1182,09:30:02,$ 3416.00,50
1183,09:30:02,$ 3416.00,25
1184,09:30:02,$ 3416.00,1
1185,09:30:02,$ 3416.00,1
1186,09:30:02,$ 3416.00,2
1187,09:30:02,$ 3416.00,8
1188,09:30:02,$ 3416.00,1
1189,09:30:02,$ 3416.00,1
1190,09:30:02,$ 3416.00,2
1191,09:30:02,$ 3416.00,2
1192,09:30:02,$ 3416.00,2
1193,09:30:02,$ 3416.00,30
1194,09:30:02,$ 3416.00,1
1195,09:30:02,$ 3416.00,1
1196,09:30:02,$ 3416.00,1
1198,09:30:02,$ 3416.00,1
1199,09:30:02,$ 3416.00,1
1200,09:30:02,$ 3416.00,1
1201,09:30:02,$ 3416.00,4
1202,09:30:02,$ 3416.00,10
1203,09:30:02,$ 3416.00,3
1204,09:30:02,$ 3416.00,1
1205,09:30:02,$ 3416.00,1
1206,09:30:02,$ 3416.00,10
1207,09:30:02,$ 3416.00,280
1208,09:30:02,$ 3416.00,10
1209,09:30:02,$ 3416.00,1
1210,09:30:02,$ 3416.00,3
1211,09:30:02,$ 3416.00,1
1212,09:30:02,$ 3416.00,10
1213,09:30:02,$ 3416.00,1
1214,09:30:02,$ 3416.00,4
1215,09:30:02,$ 3416.00,1
1216,09:30:02,$ 3416.00,9
1217,09:30:02,$ 3416.00,6
1219,09:30:02,$ 3416.00,1
1220,09:30:02,$ 3416.00,7
1221,09:30:02,$ 3416.00,2
1222,09:30:02,$ 3416.00,49
1223,09:30:02,$ 3416.00,1
1224,09:30:02,$ 3416.00,1
1225,09:30:02,$ 3416.00,3
1226,09:30:02,$ 3416.00,10
1227,09:30:02,$ 3416.00,11
1228,09:30:02,$ 3416.00,1
1229,09:30:02,$ 3416.00,2
1230,09:30:02,$ 3416.00,2
1231,09:30:02,$ 3416.00,3
1232,09:30:02,$ 3416.00,1
1233,09:30:02,$ 3416.00,1
1234,09:30:02,$ 3416.00,30
1235,09:30:02,$ 3416.00,1
1236,09:30:02,$ 3416.00,1
1237,09:30:02,$ 3416.00,1
1238,09:30:02,$ 3416.00,4
1240,09:30:02,$ 3416.00,1
1241,09:30:02,$ 3416.00,15
1242,09:30:02,$ 3416.00,2
1243,09:30:02,$ 3416.00,6
1244,09:30:02,$ 3416.00,8
1245,09:30:02,$ 3416.00,1
1246,09:30:02,$ 3416.00,5
1247,09:30:02,$ 3416.00,10
1248,09:30:02,$ 3416.00,1
1249,09:30:02,$ 3416.00,1
1250,09:30:02,$ 3416.00,1
1251,09:30:02,$ 3416.00,1
1252,09:30:02,$ 3416.00,6
1253,09:30:02,$ 3416.00,3
1254,09:30:02,$ 3416.00,12
1255,09:30:02,$ 3416.00,7
1256,09:30:02,$ 3416.00,4
1257,09:30:02,$ 3416.00,44
1258,09:30:02,$ 3416.00,1
1259,09:30:02,$ 3416.00,1
1261,09:30:02,$ 3416.00,1
1262,09:30:02,$ 3416.00,1
1263,09:30:02,$ 3416.00,24
1264,09:30:02,$ 3416.00,8
1265,09:30:02,$ 3416.00,2
1266,09:30:02,$ 3416.00,7
1267,09:30:02,$ 3416.00,2
1268,09:30:02,$ 3416.00,1
1269,09:30:02,$ 3416.00,9
1270,09:30:02,$ 3416.00,11
1271,09:30:02,$ 3416.00,2
1272,09:30:02,$ 3416.00,1
1273,09:30:02,$ 3416.00,5
1274,09:30:02,$ 3416.00,1
1275,09:30:02,$ 3416.00,5
1276,09:30:02,$ 3416.00,1
1277,09:30:02,$ 3416.00,1
1278,09:30:02,$ 3416.00,10
1279,09:30:02,$ 3416.00,300
1280,09:30:02,$ 3416.00,2
1282,09:30:02,$ 3416.00,25
1283,09:30:02,$ 3416.00,2
1284,09:30:02,$ 3416.00,3
1285,09:30:02,$ 3416.00,2
1286,09:30:02,$ 3416.00,1
1287,09:30:02,$ 3416.00,5
1288,09:30:02,$ 3416.00,6
1289,09:30:02,$ 3416.00,2
1290,09:30:02,$ 3416.00,1
1291,09:30:02,$ 3416.00,80
1292,09:30:02,$ 3416.00,3
1293,09:30:02,$ 3416.00,1
1294,09:30:02,$ 3416.00,1
1295,09:30:02,$ 3416.00,2
1296,09:30:02,$ 3416.00,1
1297,09:30:02,$ 3416.00,1
1298,09:30:02,$ 3416.00,3
1299,09:30:02,$ 3416.00,1
1300,09:30:02,$ 3416.00,1
1301,09:30:02,$ 3416.00,1
1303,09:30:02,$ 3416.00,10
1304,09:30:02,$ 3416.00,2
1305,09:30:02,$ 3416.00,1
1306,09:30:02,$ 3416.00,1
1307,09:30:02,$ 3416.00,1
1308,09:30:02,$ 3416.00,1
1309,09:30:02,$ 3416.00,10
1310,09:30:02,$ 3416.00,1
1311,09:30:02,$ 3416.00,15
1312,09:30:02,$ 3416.00,3
1313,09:30:02,$ 3416.00,1
1314,09:30:02,$ 3416.00,5
1315,09:30:02,$ 3416.00,1
1316,09:30:02,$ 3416.00,1
1317,09:30:02,$ 3416.00,4
1318,09:30:02,$ 3416.00,4
1319,09:30:02,$ 3416.00,6
1320,09:30:02,$ 3416.00,5
1321,09:30:02,$ 3416.00,1
1322,09:30:02,$ 3416.00,2
1324,09:30:02,$ 3416.00,2
1325,09:30:02,$ 3416.00,5
1326,09:30:02,$ 3416.00,1
1327,09:30:02,$ 3416.00,1
1328,09:30:02,$ 3416.00,3
1329,09:30:02,$ 3416.00,1
1330,09:30:02,$ 3416.00,1
1331,09:30:02,$ 3416.00,1
1332,09:30:02,$ 3416.00,3
1333,09:30:02,$ 3416.00,10
1334,09:30:02,$ 3416.00,38
1335,09:30:02,$ 3416.00,1
1336,09:30:02,$ 3416.00,3
1337,09:30:02,$ 3416.00,4
1338,09:30:02,$ 3416.00,1
1339,09:30:02,$ 3416.00,1
1340,09:30:02,$ 3416.00,3
1341,09:30:02,$ 3416.00,1
1342,09:30:02,$ 3416.00,1
1343,09:30:02,$ 3416.00,4
1345,09:30:02,$ 3416.00,1
1346,09:30:02,$ 3416.00,1
1347,09:30:02,$ 3416.00,1
1348,09:30:02,$ 3416.00,1
1349,09:30:02,$ 3416.00,1
1350,09:30:02,$ 3416.00,1
1351,09:30:02,$ 3416.00,7
1352,09:30:02,$ 3416.00,15
1353,09:30:02,$ 3416.00,3
1354,09:30:02,$ 3416.00,1
1355,09:30:02,$ 3416.00,1
1356,09:30:02,$ 3416.00,6
1357,09:30:02,$ 3416.00,3
1358,09:30:02,$ 3416.00,3
1359,09:30:02,$ 3416.00,5
1360,09:30:02,$ 3416.00,1
1361,09:30:02,$ 3416.00,3
1362,09:30:02,$ 3416.00,1
1363,09:30:02,$ 3416.00,10
1364,09:30:02,$ 3416.00,2
1366,09:30:02,$ 3416.00,1
1367,09:30:02,$ 3416.00,1
1368,09:30:02,$ 3416.00,1
1369,09:30:02,$ 3416.00,9
1370,09:30:02,$ 3416.00,1
1371,09:30:02,$ 3416.00,1
1372,09:30:02,$ 3416.00,1
1373,09:30:02,$ 3416.00,1
1374,09:30:02,$ 3416.00,1
1375,09:30:02,$ 3416.00,2
1376,09:30:02,$ 3416.00,2
1377,09:30:02,$ 3416.00,1
1378,09:30:02,$ 3416.00,10
1379,09:30:02,$ 3416.00,1
1380,09:30:02,$ 3416.00,4
1381,09:30:02,$ 3416.00,1
1382,09:30:02,$ 3416.00,100
1383,09:30:02,$ 3416.00,2
1384,09:30:02,$ 3416.00,1
1385,09:30:02,$ 3416.00,1
1387,09:30:02,$ 3416.00,1
1388,09:30:02,$ 3416.00,5
1389,09:30:02,$ 3416.00,1
1390,09:30:02,$ 3416.00,1
1391,09:30:02,$ 3416.00,1
1392,09:30:02,$ 3416.00,2
1393,09:30:02,$ 3416.00,11
1394,09:30:02,$ 3416.00,4
1395,09:30:02,$ 3416.00,3
1396,09:30:02,$ 3416.00,2
1397,09:30:02,$ 3416.00,1
1398,09:30:02,$ 3416.00,3
1399,09:30:02,$ 3416.00,1
1400,09:30:02,$ 3416.00,4
1401,09:30:02,$ 3416.00,1
1402,09:30:02,$ 3416.00,3
1403,09:30:02,$ 3416.00,1
1404,09:30:02,$ 3416.00,4
1405,09:30:02,$ 3416.00,4
1406,09:30:02,$ 3416.00,10
1408,09:30:02,$ 3416.00,1
1409,09:30:02,$ 3416.00,2
1410,09:30:02,$ 3416.00,1
1411,09:30:02,$ 3416.00,2
1412,09:30:02,$ 3416.00,1
1413,09:30:02,$ 3416.00,2
1414,09:30:02,$ 3416.00,2
1415,09:30:02,$ 3416.00,1
1416,09:30:02,$ 3416.00,2
1417,09:30:02,$ 3416.00,2
1418,09:30:02,$ 3416.00,18
1419,09:30:02,$ 3416.00,1
1420,09:30:02,$ 3416.00,2
1421,09:30:02,$ 3416.00,2
1422,09:30:02,$ 3416.00,2
1423,09:30:02,$ 3416.00,2
1424,09:30:02,$ 3416.00,5
1425,09:30:02,$ 3416.00,3
1426,09:30:02,$ 3416.00,2
1427,09:30:02,$ 3416.00,2
1429,09:30:02,$ 3416.00,5
1430,09:30:02,$ 3416.00,1
1431,09:30:02,$ 3416.00,10
1432,09:30:02,$ 3416.00,3
1433,09:30:02,$ 3416.00,5
1434,09:30:02,$ 3416.00,1
1435,09:30:02,$ 3416.00,1
1436,09:30:02,$ 3416.00,3
1437,09:30:02,$ 3416.00,10
1438,09:30:02,$ 3416.00,2
1439,09:30:02,$ 3416.00,5
1440,09:30:02,$ 3416.00,20
1441,09:30:02,$ 3416.00,1
1442,09:30:02,$ 3416.00,3
1443,09:30:02,$ 3416.00,2
1444,09:30:02,$ 3416.00,10
1445,09:30:02,$ 3416.00,2
1446,09:30:02,$ 3416.00,1
1447,09:30:02,$ 3416.00,1
1448,09:30:02,$ 3416.00,3
1450,09:30:02,$ 3416.00,5
1451,09:30:02,$ 3416.00,1
1452,09:30:02,$ 3416.00,4
1453,09:30:02,$ 3416.00,4
1454,09:30:02,$ 3416.00,1
1455,09:30:02,$ 3416.00,1
1456,09:30:02,$ 3416.00,1
1457,09:30:02,$ 3416.00,3
1458,09:30:02,$ 3416.00,2
1459,09:30:02,$ 3416.00,1
1460,09:30:02,$ 3416.00,3
1461,09:30:02,$ 3416.00,16
1462,09:30:02,$ 3416.00,1
1463,09:30:02,$ 3416.00,1
1464,09:30:02,$ 3416.00,1
1465,09:30:02,$ 3416.00,1
1466,09:30:02,$ 3416.00,1
1467,09:30:02,$ 3416.00,1
1468,09:30:02,$ 3416.00,1
1469,09:30:02,$ 3416.00,"8,457"
1471,09:30:02,$ 3416.00,1
1472,09:30:02,$ 3416.00,1
1473,09:30:02,$ 3416.00,1
1474,09:30:02,$ 3416.00,5
1475,09:30:02,$ 3416.00,1
1476,09:30:02,$ 3416.00,1
1477,09:30:02,$ 3416.00,2
1478,09:30:02,$ 3416.00,1
1479,09:30:02,$ 3416.00,1
1480,09:30:02,$ 3416.00,1
1481,09:30:02,$ 3416.00,1
1482,09:30:02,$ 3416.00,2
1483,09:30:02,$ 3416.00,1
1484,09:30:02,$ 3416.00,2
1485,09:30:02,$ 3416.00,1
1486,09:30:02,$ 3416.00,1
1487,09:30:02,$ 3416.00,2
1488,09:30:02,$ 3416.00,1
1489,09:30:02,$ 3416.00,1
1490,09:30:02,$ 3416.00,1
1492,09:30:02,$ 3416.00,2
1493,09:30:02,$ 3416.00,2
1494,09:30:02,$ 3416.00,1
1495,09:30:02,$ 3416.00,8
1496,09:30:02,$ 3416.00,1
1497,09:30:02,$ 3416.00,2
1498,09:30:02,$ 3416.00,3
1499,09:30:02,$ 3416.00,1
1500,09:30:02,$ 3416.00,1
1501,09:30:02,$ 3416.00,5
1502,09:30:02,$ 3416.00,1
1503,09:30:02,$ 3416.00,1
1504,09:30:02,$ 3416.00,1
1505,09:30:02,$ 3416.00,1
1506,09:30:02,$ 3416.00,3
1507,09:30:02,$ 3416.00,1
1508,09:30:02,$ 3416.00,1
1509,09:30:02,$ 3416.00,2
1510,09:30:02,$ 3416.00,4
1511,09:30:02,$ 3416.00,10
1513,09:30:02,$ 3416.00,4
1514,09:30:02,$ 3416.00,1
1515,09:30:02,$ 3416.00,175
1516,09:30:02,$ 3416.00,1
1517,09:30:02,$ 3416.00,2
1518,09:30:02,$ 3416.00,50
1519,09:30:02,$ 3416.00,1
1520,09:30:02,$ 3416.00,50
1521,09:30:02,$ 3416.00,2
1522,09:30:02,$ 3416.00,2
1523,09:30:02,$ 3416.00,3
1524,09:30:02,$ 3416.00,1
1525,09:30:02,$ 3416.00,43
1526,09:30:02,$ 3416.00,7
1527,09:30:02,$ 3416.00,7
1528,09:30:02,$ 3416.00,10
1529,09:30:02,$ 3416.00,2
1530,09:30:02,$ 3416.00,1
1531,09:30:02,$ 3416.00,3
1532,09:30:02,$ 3416.00,8
1534,09:30:02,$ 3416.00,3
1535,09:30:02,$ 3416.00,1
1536,09:30:02,$ 3416.00,1
1537,09:30:02,$ 3416.00,5
1538,09:30:02,$ 3416.00,4
1539,09:30:02,$ 3416.00,2
1540,09:30:02,$ 3416.00,2
1541,09:30:02,$ 3416.00,1
1542,09:30:02,$ 3416.00,25
1543,09:30:02,$ 3416.00,14
1544,09:30:02,$ 3416.00,2
1545,09:30:02,$ 3416.00,2
1546,09:30:02,$ 3416.00,40
1547,09:30:02,$ 3416.00,1
1548,09:30:02,$ 3416.00,5
1549,09:30:02,$ 3416.00,5
1550,09:30:02,$ 3416.00,30
1551,09:30:02,$ 3416.00,1
1552,09:30:02,$ 3416.00,1
1553,09:30:02,$ 3416.00,30
1555,09:30:02,$ 3416.00,1
1556,09:30:02,$ 3416.00,1
1557,09:30:02,$ 3416.00,2
1558,09:30:02,$ 3416.00,3
1559,09:30:02,$ 3416.00,3
1560,09:30:02,$ 3416.00,5
1561,09:30:02,$ 3416.00,9
1562,09:30:02,$ 3416.00,5
1563,09:30:02,$ 3416.00,3
1564,09:30:02,$ 3416.00,4
1565,09:30:02,$ 3416.00,2
1566,09:30:02,$ 3416.00,1
1567,09:30:02,$ 3416.00,2
1568,09:30:02,$ 3416.00,3
1569,09:30:02,$ 3416.00,1
1570,09:30:02,$ 3416.00,10
1571,09:30:02,$ 3416.00,2
1572,09:30:02,$ 3416.00,2
1573,09:30:02,$ 3416.00,23
1574,09:30:02,$ 3416.00,7
1576,09:30:02,$ 3416.00,2
1577,09:30:02,$ 3416.00,7
1578,09:30:02,$ 3416.00,2
1579,09:30:02,$ 3416.00,5
1580,09:30:02,$ 3416.00,5
1581,09:30:02,$ 3416.00,10
1582,09:30:02,$ 3416.00,1
1583,09:30:02,$ 3416.00,55
1584,09:30:02,$ 3416.00,4
1585,09:30:02,$ 3416.00,1
1586,09:30:02,$ 3416.00,4
1587,09:30:02,$ 3416.00,2
1588,09:30:02,$ 3416.00,3
1589,09:30:02,$ 3416.00,81
1590,09:30:02,$ 3416.00,81
1591,09:30:02,$ 3416.00,1
1592,09:30:02,$ 3416.00,81
1593,09:30:02,$ 3416.00,81
1594,09:30:02,$ 3416.00,3
1595,09:30:02,$ 3416.00,1
1597,09:30:02,$ 3416.00,1
1598,09:30:02,$ 3416.00,1
1599,09:30:02,$ 3416.00,2
1600,09:30:02,$ 3416.00,1
1601,09:30:02,$ 3416.00,81
1602,09:30:02,$ 3416.00,81
1603,09:30:02,$ 3416.00,81
1604,09:30:02,$ 3416.00,5
1605,09:30:02,$ 3416.00,1
1606,09:30:02,$ 3416.00,1
1607,09:30:02,$ 3416.00,1
1608,09:30:02,$ 3416.00,7
1609,09:30:02,$ 3416.00,5
1610,09:30:02,$ 3416.00,3
1611,09:30:02,$ 3416.00,81
1612,09:30:02,$ 3416.00,81
1613,09:30:02,$ 3416.00,174
1614,09:30:02,$ 3416.00,190
1615,09:30:02,$ 3416.00,6
1616,09:30:02,$ 3416.00,81
1618,09:30:02,$ 3416.00,1
1619,09:30:02,$ 3416.00,81
1620,09:30:02,$ 3416.00,10
1621,09:30:02,$ 3416.00,81
1622,09:30:02,$ 3416.00,81
1623,09:30:02,$ 3416.00,81
1624,09:30:02,$ 3416.00,1
1625,09:30:02,$ 3416.00,1
1626,09:30:02,$ 3416.00,15
1627,09:30:02,$ 3416.00,5
1628,09:30:02,$ 3416.00,1
1629,09:30:02,$ 3416.00,10
1630,09:30:02,$ 3416.00,10
1631,09:30:02,$ 3416.00,2
1632,09:30:02,$ 3416.00,5
1633,09:30:02,$ 3416.00,10
1634,09:30:02,$ 3416.00,1
1635,09:30:02,$ 3416.00,2
1636,09:30:02,$ 3416.00,1
1637,09:30:02,$ 3416.00,40
1639,09:30:02,$ 3416.00,1
1640,09:30:02,$ 3416.00,4
1641,09:30:02,$ 3416.00,1
1642,09:30:02,$ 3416.00,2
1643,09:30:02,$ 3416.00,1
1644,09:30:02,$ 3416.00,81
1645,09:30:02,$ 3416.00,41
1646,09:30:02,$ 3416.00,1
1647,09:30:02,$ 3416.00,40
1648,09:30:02,$ 3416.00,41
1649,09:30:02,$ 3416.00,40
1650,09:30:02,$ 3416.00,41
1651,09:30:02,$ 3416.00,40
1652,09:30:02,$ 3416.00,41
1653,09:30:02,$ 3416.00,40
1654,09:30:02,$ 3416.00,41
1655,09:30:02,$ 3416.00,40
1656,09:30:02,$ 3416.00,2
1657,09:30:02,$ 3416.00,1
1658,09:30:02,$ 3416.00,1
1660,09:30:02,$ 3416.00,1
1661,09:30:02,$ 3416.00,3
1662,09:30:02,$ 3416.00,1
1663,09:30:02,$ 3416.00,10
1664,09:30:02,$ 3416.00,50
1665,09:30:02,$ 3416.00,5
1666,09:30:02,$ 3416.00,1
1667,09:30:02,$ 3416.00,1
1668,09:30:02,$ 3416.00,300
1669,09:30:02,$ 3416.00,20
1670,09:30:02,$ 3416.00,15
1671,09:30:02,$ 3416.00,100
1672,09:30:02,$ 3416.00,50
1673,09:30:02,$ 3416.00,100
1674,09:30:02,$ 3416.00,50
1675,09:30:02,$ 3416.00,50
1676,09:30:02,$ 3416.00,50
1677,09:30:02,$ 3416.00,50
1678,09:30:02,$ 3416.00,50
1679,09:30:02,$ 3416.00,50
1681,09:30:02,$ 3416.00,50
1682,09:30:02,$ 3416.00,50
1683,09:30:02,$ 3416.00,50
1684,09:30:02,$ 3416.00,50
1685,09:30:02,$ 3416.00,10
1686,09:30:02,$ 3416.00,3
1687,09:30:02,$ 3416.00,1
1688,09:30:02,$ 3416.00,9
1689,09:30:02,$ 3416.00,4
1690,09:30:02,$ 3416.00,1
1691,09:30:02,$ 3416.00,1
1692,09:30:02,$ 3416.00,2
1693,09:30:02,$ 3416.00,1
1694,09:30:02,$ 3416.00,1
1695,09:30:02,$ 3416.00,2
1696,09:30:02,$ 3416.00,20
1697,09:30:02,$ 3416.00,3
1698,09:30:02,$ 3416.00,5
1699,09:30:02,$ 3416.00,10
1700,09:30:02,$ 3416.00,10
1702,09:30:02,$ 3416.00,10
1703,09:30:02,$ 3416.00,2
1704,09:30:02,$ 3416.00,1
1705,09:30:02,$ 3416.00,19
1706,09:30:02,$ 3416.00,1
1707,09:30:02,$ 3416.00,1
1708,09:30:02,$ 3416.00,4
1709,09:30:02,$ 3416.00,4
1710,09:30:02,$ 3416.00,3
1711,09:30:02,$ 3416.00,4
1712,09:30:02,$ 3416.00,2
1713,09:30:02,$ 3416.00,1
1714,09:30:02,$ 3416.00,1
1715,09:30:02,$ 3416.00,292
1716,09:30:02,$ 3416.00,1
1717,09:30:02,$ 3416.00,2
1718,09:30:02,$ 3416.00,3
1719,09:30:02,$ 3416.00,1
1720,09:30:02,$ 3416.00,4
1721,09:30:02,$ 3416.00,1
1723,09:30:02,$ 3416.00,3
1724,09:30:02,$ 3416.00,1
1725,09:30:02,$ 3416.00,1
1726,09:30:02,$ 3416.00,100
1727,09:30:02,$ 3416.00,1
1728,09:30:02,$ 3416.00,5
1729,09:30:02,$ 3416.00,7
1730,09:30:02,$ 3416.00,10
1731,09:30:02,$ 3416.00,3
1732,09:30:02,$ 3416.00,1
1733,09:30:02,$ 3416.00,3
1734,09:30:02,$ 3416.00,1
1735,09:30:02,$ 3416.00,3
1736,09:30:02,$ 3416.00,3
1737,09:30:02,$ 3416.00,2
1738,09:30:02,$ 3416.00,1
1739,09:30:02,$ 3416.00,200
1740,09:30:02,$ 3416.00,1
1741,09:30:02,$ 3416.00,1
1742,09:30:02,$ 3416.00,1
1744,09:30:02,$ 3416.00,417
1745,09:30:02,$ 3416.00,1
1746,09:30:02,$ 3416.00,1
1747,09:30:02,$ 3416.00,1
1748,09:30:02,$ 3416.00,1
1749,09:30:02,$ 3416.00,1
1750,09:30:02,$ 3416.00,8
1751,09:30:02,$ 3416.00,1
1752,09:30:02,$ 3416.00,10
1753,09:30:02,$ 3416.00,3
1754,09:30:02,$ 3416.00,2
1755,09:30:02,$ 3416.00,4
1756,09:30:02,$ 3416.00,3
1757,09:30:02,$ 3416.00,1
1758,09:30:02,$ 3416.00,1
1759,09:30:02,$ 3416.00,1
1760,09:30:02,$ 3416.00,1
1761,09:30:02,$ 3416.00,1
1762,09:30:02,$ 3416.00,1
1763,09:30:02,$ 3416.00,1
1765,09:30:02,$ 3416.00,2
1766,09:30:02,$ 3416.00,1
1767,09:30:02,$ 3416.00,1
1768,09:30:02,$ 3416.00,1
1769,09:30:02,$ 3416.00,1
1770,09:30:02,$ 3416.00,3
1771,09:30:02,$ 3416.00,1
1772,09:30:02,$ 3416.00,1
1773,09:30:02,$ 3416.00,1
1774,09:30:02,$ 3416.00,5
1775,09:30:02,$ 3416.00,3
1776,09:30:02,$ 3416.00,1
1777,09:30:02,$ 3416.00,1
1778,09:30:02,$ 3416.00,1
1779,09:30:02,$ 3416.00,1
1780,09:30:02,$ 3416.00,3
1781,09:30:02,$ 3416.00,15
1782,09:30:02,$ 3416.00,1
1783,09:30:02,$ 3416.00,1
1784,09:30:02,$ 3416.00,1
1786,09:30:02,$ 3416.00,1
1787,09:30:02,$ 3416.00,2
1788,09:30:02,$ 3416.00,1
1789,09:30:02,$ 3416.00,1
1790,09:30:02,$ 3416.00,2
1791,09:30:02,$ 3416.00,2
1792,09:30:02,$ 3416.00,1
1793,09:30:02,$ 3416.00,4
1794,09:30:02,$ 3416.00,1
1795,09:30:02,$ 3416.00,1
1796,09:30:02,$ 3416.00,1
1797,09:30:02,$ 3416.00,1
1798,09:30:02,$ 3416.00,13
1799,09:30:02,$ 3416.00,5
1800,09:30:02,$ 3416.00,9
1801,09:30:02,$ 3416.00,3
1802,09:30:02,$ 3416.00,2
1803,09:30:02,$ 3416.00,14
1804,09:30:02,$ 3416.00,5
1805,09:30:02,$ 3416.00,1
1807,09:30:02,$ 3416.00,1
1808,09:30:02,$ 3416.00,2
1809,09:30:02,$ 3416.00,6
1810,09:30:02,$ 3416.00,1
1811,09:30:02,$ 3416.00,1
1812,09:30:02,$ 3416.00,1
1813,09:30:02,$ 3416.00,5
1814,09:30:02,$ 3416.00,1
1815,09:30:02,$ 3416.00,1
1816,09:30:02,$ 3416.00,16
1817,09:30:02,$ 3416.00,2
1818,09:30:02,$ 3416.00,1
1819,09:30:02,$ 3416.00,7
1820,09:30:02,$ 3416.00,5
1821,09:30:02,$ 3416.00,5
1822,09:30:02,$ 3416.00,11
1823,09:30:02,$ 3416.00,3
1824,09:30:02,$ 3416.00,2
1825,09:30:02,$ 3416.00,1
1826,09:30:02,$ 3416.00,1
1828,09:30:02,$ 3416.00,1
1829,09:30:02,$ 3416.00,1
1830,09:30:02,$ 3416.00,3
1831,09:30:02,$ 3416.00,3
1832,09:30:02,$ 3416.00,1
1833,09:30:02,$ 3416.00,4
1834,09:30:02,$ 3416.00,2
1835,09:30:02,$ 3416.00,7
1836,09:30:02,$ 3416.00,35
1837,09:30:02,$ 3416.00,2
1838,09:30:02,$ 3416.00,1
1839,09:30:02,$ 3416.00,1
1840,09:30:02,$ 3416.00,1
1841,09:30:02,$ 3416.00,1
1842,09:30:02,$ 3416.00,1
1843,09:30:02,$ 3416.00,1
1844,09:30:02,$ 3416.00,22
1845,09:30:02,$ 3416.00,1
1846,09:30:02,$ 3416.00,56
1847,09:30:02,$ 3416.00,5
1849,09:30:02,$ 3416.00,2
1850,09:30:02,$ 3416.00,9
1851,09:30:02,$ 3416.00,3
1852,09:30:02,$ 3416.00,4
1853,09:30:02,$ 3416.00,9
1854,09:30:02,$ 3416.00,10
1855,09:30:02,$ 3416.00,30
1856,09:30:02,$ 3416.00,5
1857,09:30:02,$ 3416.00,50
1858,09:30:02,$ 3416.00,1
1859,09:30:02,$ 3416.00,11
1860,09:30:02,$ 3416.00,245
1861,09:30:02,$ 3416.00,39
1862,09:30:02,$ 3416.00,5
1863,09:30:02,$ 3416.00,156
1864,09:30:02,$ 3416.00,100
1865,09:30:02,$ 3416.00,160
1866,09:30:02,$ 3416.00,2
1867,09:30:02,$ 3416.00,100
1868,09:30:02,$ 3416.00,3
1870,09:30:02,$ 3416.00,1
1871,09:30:02,$ 3416.00,6
1872,09:30:02,$ 3416.00,10
1873,09:30:02,$ 3416.00,34
1874,09:30:02,$ 3416.00,27
1875,09:30:02,$ 3416.00,35
1876,09:30:02,$ 3416.00,18
1877,09:30:02,$ 3416.00,14
1878,09:30:02,$ 3416.00,200
1879,09:30:02,$ 3416.00,39
1880,09:30:02,$ 3416.00,224
1881,09:30:02,$ 3416.00,44
1882,09:30:02,$ 3416.00,14
1883,09:30:02,$ 3416.00,3
1884,09:30:02,$ 3416.00,5
1885,09:30:02,$ 3416.00,3
1886,09:30:02,$ 3416.00,2
1887,09:30:02,$ 3416.00,18
1888,09:30:02,$ 3416.00,4
1889,09:30:02,$ 3416.00,3
1891,09:30:02,$ 3416.00,5
1892,09:30:02,$ 3416.00,7
1893,09:30:02,$ 3416.00,29
1894,09:30:02,$ 3416.00,8
1895,09:30:02,$ 3416.00,4
1896,09:30:02,$ 3416.00,193
1897,09:30:02,$ 3416.00,8
1898,09:30:02,$ 3416.00,128
1899,09:30:02,$ 3416.00,28
1900,09:30:02,$ 3416.00,4
1901,09:30:02,$ 3416.00,38
1902,09:30:02,$ 3416.00,12
1903,09:30:02,$ 3416.00,1
1904,09:30:02,$ 3416.00,1
1905,09:30:02,$ 3416.00,47
1906,09:30:02,$ 3416.00,176
1907,09:30:02,$ 3416.00,1
1908,09:30:02,$ 3416.00,1
1909,09:30:02,$ 3416.00,85
1910,09:30:02,$ 3416.00,4
1912,09:30:02,$ 3416.00,256
1913,09:30:02,$ 3416.00,30
1914,09:30:02,$ 3416.00,7
1915,09:30:02,$ 3416.00,353
1916,09:30:02,$ 3416.00,5
1917,09:30:02,$ 3416.00,2
1918,09:30:02,$ 3416.00,2
1919,09:30:02,$ 3416.00,2
1920,09:30:02,$ 3416.00,9
1921,09:30:02,$ 3416.00,1
1922,09:30:02,$ 3416.00,3
1923,09:30:02,$ 3416.00,10
1924,09:30:02,$ 3416.00,2
1925,09:30:02,$ 3416.00,16
1926,09:30:02,$ 3416.00,1
1927,09:30:02,$ 3416.00,1
1928,09:30:02,$ 3416.00,10
1929,09:30:02,$ 3416.00,10
1930,09:30:02,$ 3416.00,9
1931,09:30:02,$ 3416.00,4
1933,09:30:02,$ 3416.00,9
1934,09:30:02,$ 3416.00,5
1935,09:30:02,$ 3416.00,5
1936,09:30:02,$ 3416.00,1
1937,09:30:02,$ 3416.00,5
1938,09:30:02,$ 3416.00,12
1939,09:30:02,$ 3416.00,214
1940,09:30:02,$ 3416.00,1
1941,09:30:02,$ 3416.00,"1,891"
1942,09:30:02,$ 3416.00,17
1943,09:30:02,$ 3416.00,80
1944,09:30:02,$ 3416.00,17
1945,09:30:02,$ 3416.00,3
1946,09:30:02,$ 3416.00,52
1947,09:30:02,$ 3416.00,2
1948,09:30:02,$ 3416.00,49
1949,09:30:02,$ 3416.00,1
1950,09:30:02,$ 3416.00,3
1951,09:30:02,$ 3416.00,1
1952,09:30:02,$ 3416.00,10
1954,09:30:02,$ 3416.00,1
1955,09:30:02,$ 3416.00,10
1956,09:30:02,$ 3416.00,2
1957,09:30:02,$ 3416.00,10
1958,09:30:02,$ 3416.00,6
1959,09:30:02,$ 3416.00,1
1960,09:30:02,$ 3416.00,2
1961,09:30:02,$ 3416.00,5
1962,09:30:02,$ 3416.00,2
1963,09:30:02,$ 3416.00,6
1964,09:30:02,$ 3416.00,32
1965,09:30:02,$ 3416.00,1
1966,09:30:02,$ 3416.00,100
1967,09:30:02,$ 3416.00,3
1968,09:30:02,$ 3416.00,1
1969,09:30:02,$ 3416.00,13
1970,09:30:02,$ 3416.00,1
1971,09:30:02,$ 3416.00,11
1972,09:30:02,$ 3416.00,12
1973,09:30:02,$ 3416.00,446
1975,09:30:02,$ 3416.00,61
1976,09:30:02,$ 3416.00,34
1977,09:30:02,$ 3416.00,2
1978,09:30:02,$ 3416.00,40
1979,09:30:02,$ 3416.00,33
1980,09:30:02,$ 3416.00,39
1981,09:30:02,$ 3416.00,10
1982,09:30:02,$ 3416.00,6
1983,09:30:02,$ 3416.00,1
1984,09:30:02,$ 3416.00,2
1985,09:30:02,$ 3416.00,3
1986,09:30:02,$ 3416.00,236
1987,09:30:02,$ 3416.00,1
1988,09:30:02,$ 3416.00,10
1989,09:30:02,$ 3416.00,1
1990,09:30:02,$ 3416.00,3
1991,09:30:02,$ 3416.00,1
1992,09:30:02,$ 3416.00,50
1993,09:30:02,$ 3416.00,5
1994,09:30:02,$ 3416.00,10
1996,09:30:02,$ 3416.00,22
1997,09:30:02,$ 3416.00,3
1998,09:30:02,$ 3416.00,2
1999,09:30:02,$ 3416.00,1
2000,09:30:02,$ 3416.00,1
2001,09:30:02,$ 3416.00,100
2002,09:30:02,$ 3416.00,30
2003,09:30:02,$ 3416.00,1
2004,09:30:02,$ 3416.00,4
2005,09:30:02,$ 3416.00,3
2006,09:30:02,$ 3416.00,1
2007,09:30:02,$ 3416.00,3
2008,09:30:02,$ 3416.00,2
2009,09:30:02,$ 3416.00,10
2010,09:30:02,$ 3416.00,2
2011,09:30:02,$ 3416.00,15
2012,09:30:02,$ 3416.00,5
2013,09:30:02,$ 3416.00,10
2014,09:30:02,$ 3416.00,1
2015,09:30:02,$ 3416.00,4
2017,09:30:02,$ 3416.00,60
2018,09:30:02,$ 3416.00,3
2019,09:30:02,$ 3416.00,1
2020,09:30:02,$ 3416.00,2
2021,09:30:02,$ 3416.00,1
2022,09:30:02,$ 3416.00,55
2023,09:30:02,$ 3416.00,2
2024,09:30:02,$ 3416.00,10
2025,09:30:02,$ 3416.00,25
2026,09:30:02,$ 3416.00,3
2027,09:30:02,$ 3416.00,5
2028,09:30:02,$ 3416.00,1
2029,09:30:02,$ 3416.00,5
2030,09:30:02,$ 3416.00,1
2031,09:30:02,$ 3416.00,1
2032,09:30:02,$ 3416.00,102
2033,09:30:02,$ 3416.00,175
2034,09:30:02,$ 3416.00,1
2035,09:30:02,$ 3416.00,1
2036,09:30:02,$ 3416.00,5
2038,09:30:02,$ 3416.00,50
2039,09:30:02,$ 3416.00,1
2040,09:30:02,$ 3416.00,2
2041,09:30:02,$ 3416.00,470
2042,09:30:02,$ 3416.00,536
2043,09:30:02,$ 3416.00,5
2044,09:30:02,$ 3416.00,3
2045,09:30:02,$ 3416.00,1
2046,09:30:02,$ 3416.00,1
2047,09:30:02,$ 3416.00,15
2048,09:30:02,$ 3416.00,1
2049,09:30:02,$ 3416.00,1
2050,09:30:02,$ 3416.00,37
2051,09:30:02,$ 3416.00,1
2052,09:30:02,$ 3416.00,200
2053,09:30:02,$ 3416.00,5
2054,09:30:02,$ 3416.00,2
2055,09:30:02,$ 3416.00,1
2056,09:30:02,$ 3416.00,26
2057,09:30:02,$ 3416.00,9
2059,09:30:02,$ 3416.00,4
2060,09:30:02,$ 3416.00,318
2061,09:30:02,$ 3416.00,2
2062,09:30:02,$ 3416.00,1
2063,09:30:02,$ 3416.00,5
2064,09:30:02,$ 3416.00,1
2065,09:30:02,$ 3416.00,6
2066,09:30:02,$ 3416.00,2
2067,09:30:02,$ 3416.00,11
2068,09:30:02,$ 3416.00,2
2069,09:30:02,$ 3416.00,14
2070,09:30:02,$ 3416.00,3
2071,09:30:02,$ 3416.00,29
2072,09:30:02,$ 3416.00,9
2073,09:30:02,$ 3416.00,4
2074,09:30:02,$ 3416.00,1
2075,09:30:02,$ 3416.00,8
2076,09:30:02,$ 3416.00,1
2077,09:30:02,$ 3416.00,4
2078,09:30:02,$ 3416.00,5
2080,09:30:02,$ 3416.00,40
2081,09:30:02,$ 3416.00,1
2082,09:30:02,$ 3416.00,1
2083,09:30:02,$ 3416.00,3
2084,09:30:02,$ 3416.00,61
2085,09:30:02,$ 3416.00,2
2086,09:30:02,$ 3416.00,1
2087,09:30:02,$ 3416.00,1
2088,09:30:02,$ 3416.00,2
2089,09:30:02,$ 3416.00,14
2090,09:30:02,$ 3416.00,2
2091,09:30:02,$ 3416.00,257
2092,09:30:02,$ 3416.00,9
2093,09:30:02,$ 3416.00,4
2094,09:30:02,$ 3416.00,1
2095,09:30:02,$ 3416.00,1
2096,09:30:02,$ 3416.00,9
2097,09:30:02,$ 3416.00,5
2098,09:30:02,$ 3416.00,1
2099,09:30:02,$ 3416.00,2
2101,09:30:02,$ 3416.00,1
2102,09:30:02,$ 3416.00,6
2103,09:30:02,$ 3416.00,4
2104,09:30:02,$ 3416.00,1
2105,09:30:02,$ 3416.00,16
2106,09:30:02,$ 3416.00,3
2107,09:30:02,$ 3416.00,2
2108,09:30:02,$ 3416.00,10
2109,09:30:02,$ 3416.00,1
2110,09:30:02,$ 3416.00,3
2111,09:30:02,$ 3416.00,12
2112,09:30:02,$ 3416.00,1
2113,09:30:02,$ 3416.00,146
2114,09:30:02,$ 3416.00,2
2115,09:30:02,$ 3416.00,25
2116,09:30:02,$ 3416.00,1
2117,09:30:02,$ 3416.00,108
2118,09:30:02,$ 3416.00,20
2119,09:30:02,$ 3416.00,1
2120,09:30:02,$ 3416.00,3
2122,09:30:02,$ 3416.00,3
2123,09:30:02,$ 3416.00,7
2124,09:30:02,$ 3416.00,3
2125,09:30:02,$ 3416.00,97
2126,09:30:02,$ 3416.00,1
2127,09:30:02,$ 3416.00,3
2128,09:30:02,$ 3416.00,1
2129,09:30:02,$ 3416.00,5
2130,09:30:02,$ 3416.00,2
2131,09:30:02,$ 3416.00,5
2132,09:30:02,$ 3416.00,2
2133,09:30:02,$ 3416.00,5
2134,09:30:02,$ 3416.00,1
2135,09:30:02,$ 3416.00,107
2136,09:30:02,$ 3416.00,3
2137,09:30:02,$ 3416.00,1
2138,09:30:02,$ 3416.00,75
2139,09:30:02,$ 3416.00,4
2140,09:30:02,$ 3416.00,1
2141,09:30:02,$ 3416.00,1
2143,09:30:02,$ 3416.00,50
2144,09:30:02,$ 3416.00,1
2145,09:30:02,$ 3416.00,4
2146,09:30:02,$ 3416.00,2
2147,09:30:02,$ 3416.00,1
2148,09:30:02,$ 3416.00,355
2149,09:30:02,$ 3416.00,4
2150,09:30:02,$ 3416.00,6
2151,09:30:02,$ 3416.00,1
2152,09:30:02,$ 3416.00,60
2153,09:30:02,$ 3416.00,1
2154,09:30:02,$ 3416.00,12
2155,09:30:02,$ 3416.00,2
2156,09:30:02,$ 3416.00,1
2157,09:30:02,$ 3416.00,10
2158,09:30:02,$ 3416.00,3
2159,09:30:02,$ 3416.00,2
2160,09:30:02,$ 3416.00,25
2161,09:30:02,$ 3416.00,5
2162,09:30:02,$ 3416.00,1
2164,09:30:02,$ 3416.00,51
2165,09:30:02,$ 3416.00,3
2166,09:30:02,$ 3416.00,25
2167,09:30:02,$ 3416.00,6
2168,09:30:02,$ 3416.00,5
2169,09:30:02,$ 3416.00,1
2170,09:30:02,$ 3416.00,3
2171,09:30:02,$ 3416.00,2
2172,09:30:02,$ 3416.00,1
2173,09:30:02,$ 3416.00,15
2174,09:30:02,$ 3416.00,3
2175,09:30:02,$ 3416.00,2
2176,09:30:02,$ 3416.00,2
2177,09:30:02,$ 3416.00,1
2178,09:30:02,$ 3416.00,10
2179,09:30:02,$ 3416.00,40
2180,09:30:02,$ 3416.00,1
2181,09:30:02,$ 3416.00,1
2182,09:30:02,$ 3416.00,1
2183,09:30:02,$ 3416.00,1
2185,09:30:02,$ 3416.00,2
2186,09:30:02,$ 3416.00,1
2187,09:30:02,$ 3416.00,1
2188,09:30:02,$ 3416.00,4
2189,09:30:02,$ 3416.00,6
2190,09:30:02,$ 3416.00,1
2191,09:30:02,$ 3416.00,5
2192,09:30:02,$ 3416.00,1
2193,09:30:02,$ 3416.00,1
2194,09:30:02,$ 3416.00,10
2195,09:30:02,$ 3416.00,7
2196,09:30:02,$ 3416.00,15
2197,09:30:02,$ 3416.00,7
2198,09:30:02,$ 3416.00,5
2199,09:30:02,$ 3416.00,4
2200,09:30:02,$ 3416.00,1
2201,09:30:02,$ 3416.00,3
2202,09:30:02,$ 3416.00,1
2203,09:30:02,$ 3416.00,2
2204,09:30:02,$ 3416.00,1
2206,09:30:02,$ 3416.00,10
2207,09:30:02,$ 3416.00,3
2208,09:30:02,$ 3416.00,4
2209,09:30:02,$ 3416.00,2
2210,09:30:02,$ 3416.00,3
2211,09:30:02,$ 3416.00,2
2212,09:30:02,$ 3416.00,1
2213,09:30:02,$ 3416.00,1
2214,09:30:02,$ 3416.00,3
2215,09:30:02,$ 3416.00,4
2216,09:30:02,$ 3416.00,1
2217,09:30:02,$ 3416.00,3
2218,09:30:02,$ 3416.00,1
2219,09:30:02,$ 3416.00,10
2220,09:30:02,$ 3416.00,3
2221,09:30:02,$ 3416.00,1
2222,09:30:02,$ 3416.00,5
2223,09:30:02,$ 3416.00,5
2224,09:30:02,$ 3416.00,1
2225,09:30:02,$ 3416.00,1
2227,09:30:02,$ 3416.00,1
2228,09:30:02,$ 3416.00,1
2229,09:30:02,$ 3416.00,14
2230,09:30:02,$ 3416.00,2
2231,09:30:02,$ 3416.00,1
2232,09:30:02,$ 3416.00,1
2233,09:30:02,$ 3416.00,10
2234,09:30:02,$ 3416.00,7
2235,09:30:02,$ 3416.00,5
2236,09:30:02,$ 3416.00,3
2237,09:30:02,$ 3416.00,3
2238,09:30:02,$ 3416.00,2
2239,09:30:02,$ 3416.00,1
2240,09:30:02,$ 3416.00,1
2241,09:30:02,$ 3416.00,1
2242,09:30:02,$ 3416.00,7
2243,09:30:02,$ 3416.00,1
2244,09:30:02,$ 3416.00,25
2245,09:30:02,$ 3416.00,1
2246,09:30:02,$ 3416.00,2
2248,09:30:02,$ 3416.00,1
2249,09:30:02,$ 3416.00,9
2250,09:30:02,$ 3416.00,10
2251,09:30:02,$ 3416.00,1
2252,09:30:02,$ 3416.00,10
2253,09:30:02,$ 3416.00,2
2254,09:30:02,$ 3416.00,1
2255,09:30:02,$ 3416.00,1
2256,09:30:02,$ 3416.00,1
2257,09:30:02,$ 3416.00,8
2258,09:30:02,$ 3416.00,21
2259,09:30:02,$ 3416.00,1
2260,09:30:02,$ 3416.00,10
2261,09:30:02,$ 3416.00,2
2262,09:30:02,$ 3416.00,56
2263,09:30:02,$ 3416.00,1
2264,09:30:02,$ 3416.00,5
2265,09:30:02,$ 3416.00,1
2266,09:30:02,$ 3416.00,1
2267,09:30:02,$ 3416.00,1
2269,09:30:02,$ 3416.00,1
2270,09:30:02,$ 3416.00,2
2271,09:30:02,$ 3416.00,30
2272,09:30:02,$ 3416.00,2
2273,09:30:02,$ 3416.00,6
2274,09:30:02,$ 3416.00,3
2275,09:30:02,$ 3416.00,100
2276,09:30:02,$ 3416.00,8
2277,09:30:02,$ 3416.00,3
2278,09:30:02,$ 3416.00,7
2279,09:30:02,$ 3416.00,1
2280,09:30:02,$ 3416.00,8
2281,09:30:02,$ 3416.00,13
2282,09:30:02,$ 3416.00,1
2283,09:30:02,$ 3416.00,3
2284,09:30:02,$ 3416.00,4
2285,09:30:02,$ 3416.00,1
2286,09:30:02,$ 3416.00,6
2287,09:30:02,$ 3416.00,15
2288,09:30:02,$ 3416.00,9
2290,09:30:02,$ 3416.00,3
2291,09:30:02,$ 3416.00,14
2292,09:30:02,$ 3416.00,1
2293,09:30:02,$ 3416.00,7
2294,09:30:02,$ 3416.00,14
2295,09:30:02,$ 3416.00,29
2296,09:30:02,$ 3416.00,8
2297,09:30:02,$ 3416.00,1
2298,09:30:02,$ 3416.00,1
2299,09:30:02,$ 3416.00,4
2300,09:30:02,$ 3416.00,25
2301,09:30:02,$ 3416.00,2
2302,09:30:02,$ 3416.00,20
2303,09:30:02,$ 3416.00,1
2304,09:30:02,$ 3416.00,1
2305,09:30:02,$ 3416.00,7
2306,09:30:02,$ 3416.00,15
2307,09:30:02,$ 3416.00,31
2308,09:30:02,$ 3416.00,3
2309,09:30:02,$ 3416.00,1
2311,09:30:02,$ 3416.00,14
2312,09:30:02,$ 3416.00,1
2313,09:30:02,$ 3416.00,1
2314,09:30:02,$ 3416.00,1
2315,09:30:02,$ 3416.00,2
2316,09:30:02,$ 3416.00,4
2317,09:30:02,$ 3416.00,3
2318,09:30:02,$ 3416.00,5
2319,09:30:02,$ 3416.00,1
2320,09:30:02,$ 3416.00,2
2321,09:30:02,$ 3416.00,1
2322,09:30:02,$ 3416.00,128
2323,09:30:02,$ 3416.00,1
2324,09:30:02,$ 3416.00,1
2325,09:30:02,$ 3416.00,1
2326,09:30:02,$ 3415.792,100
2327,09:30:01,$ 3415.50,100
2328,09:30:01,$ 3416.24,100
2329,09:30:01,$ 3416.24,100
2330,09:30:01,$ 3415.00,929
2332,09:30:01,$ 3415.00,200
2333,09:30:00,$ 3416.00,100
2334,09:30:00,$ 3416.00,100
2335,09:30:00,$ 3416.00,40
2337,10:29:52,$ 3431.86,100
2338,10:29:31,$ 3432.57,113
2339,10:29:20,$ 3432.2188,100
2340,10:29:13,$ 3431.8299,100
2341,10:29:10,$ 3430.43,100
2342,10:29:10,$ 3430.45,100
2343,10:28:55,$ 3430.10,100
2344,10:28:46,$ 3431.13,100
2345,10:28:46,$ 3431.04,100
2346,10:28:37,$ 3430.80,100
2347,10:28:31,$ 3431.26,200
2348,10:28:31,$ 3431.26,300
2349,10:28:27,$ 3431.45,100
2350,10:28:13,$ 3432.00,100
2351,10:27:58,$ 3432.87,350
2352,10:27:46,$ 3432.2772,196
2353,10:27:43,$ 3432.11,100
2354,10:27:31,$ 3432.1201,100
2355,10:27:28,$ 3432.60,100
2356,10:27:25,$ 3432.74,100
2358,10:27:25,$ 3432.73,100
2359,10:27:10,$ 3433.80,100
2360,10:27:00,$ 3434.53,100
2361,10:27:00,$ 3434.53,100
2362,10:26:48,$ 3434.515,100
2363,10:26:12,$ 3435.07,100
2364,10:26:00,$ 3434.805,100
2365,10:26:00,$ 3434.92,151
2366,10:25:36,$ 3434.89,214
2367,10:25:32,$ 3434.06,100
2368,10:25:27,$ 3434.29,100
2369,10:25:24,$ 3434.37,100
2370,10:25:24,$ 3434.37,100
2371,10:25:24,$ 3434.37,100
2372,10:25:24,$ 3434.37,100
2373,10:25:14,$ 3434.98,100
2374,10:25:14,$ 3434.98,100
2375,10:25:13,$ 3434.03,100
2376,10:25:13,$ 3433.625,100
2377,10:25:00,$ 3434.905,100
2379,10:24:50,$ 3435.145,100
2380,10:24:46,$ 3434.365,100
2381,10:24:43,$ 3434.01,200
2382,10:24:40,$ 3434.16,100
2383,10:24:27,$ 3434.495,118
2384,10:24:25,$ 3433.65,100
2385,10:24:20,$ 3434.00,100
2386,10:24:20,$ 3434.50,100
2387,10:24:19,$ 3434.00,100
2388,10:24:16,$ 3434.505,100
2389,10:24:14,$ 3434.00,100
2390,10:24:10,$ 3434.48,100
2391,10:24:08,$ 3434.42,100
2392,10:23:45,$ 3437.96,100
2393,10:23:39,$ 3436.4522,100
2394,10:23:39,$ 3437.045,200
2395,10:23:36,$ 3436.34,100
2396,10:23:34,$ 3436.14,100
2397,10:23:07,$ 3438.24,100
2398,10:23:06,$ 3438.91,100
2400,10:22:48,$ 3436.78,100
2401,10:22:36,$ 3437.44,100
2402,10:22:36,$ 3437.24,100
2403,10:22:02,$ 3436.055,120
2404,10:21:56,$ 3437.12,100
2405,10:21:55,$ 3436.27,100
2406,10:21:50,$ 3436.29,100
2407,10:21:48,$ 3436.555,100
2408,10:21:40,$ 3436.29,100
2409,10:21:38,$ 3437.00,139
2410,10:21:25,$ 3437.00,100
2411,10:21:15,$ 3438.17,100
2412,10:21:09,$ 3437.465,100
2413,10:21:09,$ 3437.59,100
2414,10:21:09,$ 3438.466,"1,100"
2415,10:21:09,$ 3438.17,100
2416,10:21:09,$ 3438.17,100
2417,10:21:09,$ 3437.578,100
2418,10:21:05,$ 3437.56,100
2419,10:21:01,$ 3438.175,100
2421,10:20:50,$ 3438.04,100
2422,10:20:46,$ 3438.04,100
2423,10:20:43,$ 3438.04,100
2424,10:20:24,$ 3438.825,100
2425,10:20:20,$ 3439.304,291
2426,10:20:09,$ 3438.715,300
2427,10:20:09,$ 3437.3841,100
2428,10:20:09,$ 3438.4415,100
2429,10:20:05,$ 3439.305,100
2430,10:20:05,$ 3439.62,100
2431,10:20:05,$ 3439.62,100
2432,10:19:40,$ 3437.895,500
2433,10:19:40,$ 3438.19,236
2434,10:19:32,$ 3438.14,100
2435,10:19:26,$ 3437.94,100
2436,10:19:17,$ 3438.16,100
2437,10:19:12,$ 3438.011,100
2438,10:19:11,$ 3437.465,100
2439,10:19:11,$ 3437.76,100
2440,10:19:10,$ 3436.965,100
2442,10:19:01,$ 3436.5013,100
2443,10:19:01,$ 3437.01,100
2444,10:18:45,$ 3436.755,100
2445,10:18:39,$ 3436.11,100
2446,10:18:39,$ 3436.27,100
2447,10:18:36,$ 3435.00,100
2448,10:18:31,$ 3435.675,100
2449,10:18:31,$ 3435.68,100
2450,10:18:27,$ 3436.02,100
2451,10:18:16,$ 3436.78,181
2452,10:18:16,$ 3437.025,100
2453,10:18:11,$ 3437.15,100
2454,10:18:11,$ 3437.08,100
2455,10:18:11,$ 3437.17,100
2456,10:18:11,$ 3437.17,100
2457,10:18:11,$ 3437.30,200
2458,10:17:54,$ 3436.8445,100
2459,10:17:51,$ 3437.97,100
2460,10:17:50,$ 3438.00,100
2461,10:17:50,$ 3438.68,100
2463,10:17:49,$ 3438.11,100
2464,10:17:44,$ 3439.08,159
2465,10:17:27,$ 3442.00,100
2466,10:17:27,$ 3442.00,125
2467,10:17:17,$ 3442.00,100
2468,10:17:16,$ 3441.255,100
2469,10:17:15,$ 3441.255,100
2470,10:17:14,$ 3441.71,100
2471,10:17:08,$ 3441.4707,423
2472,10:17:08,$ 3440.80,100
2473,10:17:08,$ 3440.53,100
2474,10:17:08,$ 3440.53,100
2475,10:17:05,$ 3441.22,100
2476,10:17:05,$ 3441.22,171
2477,10:16:57,$ 3441.1674,100
2478,10:16:54,$ 3441.4902,209
2479,10:16:43,$ 3441.99,155
2480,10:16:40,$ 3442.97,100
2481,10:16:40,$ 3442.97,100
2482,10:16:40,$ 3442.60,100
2484,10:16:40,$ 3441.995,100
2485,10:16:39,$ 3441.995,500
2486,10:16:27,$ 3441.00,100
2487,10:16:22,$ 3442.04,100
2488,10:16:22,$ 3442.04,100
2489,10:16:06,$ 3442.83,100
2490,10:16:05,$ 3443.00,100
2491,10:16:05,$ 3443.00,100
2492,10:16:05,$ 3442.85,100
2493,10:16:00,$ 3442.82,100
2494,10:16:00,$ 3442.68,100
2495,10:16:00,$ 3442.52,200
2496,10:16:00,$ 3442.82,100
2497,10:16:00,$ 3442.82,100
2498,10:16:00,$ 3442.8465,100
2499,10:16:00,$ 3442.50,100
2500,10:16:00,$ 3442.36,100
2501,10:15:56,$ 3441.73,100
2502,10:15:33,$ 3441.98,100
2503,10:15:21,$ 3442.74,100
2505,10:15:21,$ 3442.74,200
2506,10:15:12,$ 3441.86,100
2507,10:15:12,$ 3441.87,100
2508,10:15:09,$ 3442.61,200
2509,10:15:08,$ 3441.99,100
2510,10:15:04,$ 3442.09,100
2511,10:14:52,$ 3442.77,100
2512,10:14:52,$ 3442.77,100
2513,10:14:52,$ 3442.77,100
2514,10:14:28,$ 3441.76,100
2515,10:14:26,$ 3443.50,100
2516,10:14:26,$ 3442.23,100
2517,10:14:13,$ 3443.3316,100
2518,10:14:12,$ 3442.905,100
2519,10:14:10,$ 3443.06,100
2520,10:14:10,$ 3443.06,100
2521,10:14:05,$ 3442.86,200
2522,10:14:05,$ 3443.42,100
2523,10:14:05,$ 3443.42,100
2524,10:14:04,$ 3443.19,100
2526,10:14:02,$ 3443.88,198
2527,10:13:56,$ 3443.57,100
2528,10:13:56,$ 3443.45,100
2529,10:13:55,$ 3443.23,242
2530,10:13:55,$ 3443.23,239
2531,10:13:53,$ 3442.9542,100
2532,10:13:52,$ 3443.4075,100
2533,10:13:47,$ 3443.215,100
2534,10:13:39,$ 3443.57,100
2535,10:13:39,$ 3443.56,100
2536,10:13:23,$ 3442.045,100
2537,10:13:20,$ 3442.7264,102
2538,10:13:14,$ 3443.9999,300
2539,10:13:11,$ 3443.33,100
2540,10:12:54,$ 3441.60,400
2541,10:12:54,$ 3441.40,100
2542,10:12:53,$ 3441.405,150
2543,10:12:53,$ 3442.97,100
2544,10:12:53,$ 3442.825,100
2545,10:12:53,$ 3442.93,100
2547,10:12:53,$ 3442.835,100
2548,10:12:52,$ 3441.99,100
2549,10:12:48,$ 3442.05,100
2550,10:12:40,$ 3442.04,100
2551,10:12:36,$ 3441.98,100
2552,10:12:36,$ 3441.62,100
2553,10:12:36,$ 3441.00,100
2554,10:12:36,$ 3440.99,380
2555,10:12:27,$ 3440.365,100
2556,10:12:27,$ 3440.015,100
2557,10:12:27,$ 3439.88,380
2558,10:12:27,$ 3440.00,100
2559,10:12:27,$ 3440.00,100
2560,10:12:27,$ 3440.00,100
2561,10:12:27,$ 3439.89,100
2562,10:12:23,$ 3437.37,304
2563,10:12:10,$ 3438.26,100
2564,10:12:00,$ 3438.66,100
2565,10:11:51,$ 3438.26,100
2566,10:11:31,$ 3437.48,100
2568,10:11:09,$ 3437.73,100
2569,10:11:06,$ 3438.43,100
2570,10:11:05,$ 3438.13,100
2571,10:10:47,$ 3437.88,100
2572,10:10:47,$ 3437.88,100
2573,10:10:23,$ 3437.715,200
2574,10:10:07,$ 3438.61,100
2575,10:09:42,$ 3437.77,100
2576,10:09:24,$ 3438.30,100
2577,10:09:23,$ 3438.895,100
2578,10:09:13,$ 3439.47,100
2579,10:09:13,$ 3439.463,200
2580,10:09:11,$ 3439.195,100
2581,10:09:10,$ 3438.90,100
2582,10:09:10,$ 3438.50,100
2583,10:09:10,$ 3438.68,100
2584,10:09:10,$ 3438.68,100
2585,10:09:02,$ 3438.2995,100
2586,10:08:57,$ 3437.48,100
2587,10:08:34,$ 3436.2538,100
2589,10:08:25,$ 3436.61,300
2590,10:08:21,$ 3437.84,100
2591,10:08:16,$ 3437.97,100
2592,10:08:15,$ 3437.98,100
2593,10:08:12,$ 3438.60,200
2594,10:08:11,$ 3437.555,500
2595,10:08:10,$ 3438.41,100
2596,10:08:07,$ 3438.91,100
2597,10:08:07,$ 3438.92,100
2598,10:08:06,$ 3438.8399,100
2599,10:08:05,$ 3438.51,100
2600,10:08:01,$ 3438.59,100
2601,10:08:01,$ 3438.14,100
2602,10:07:59,$ 3436.99,100
2603,10:07:59,$ 3436.50,100
2604,10:07:57,$ 3436.115,100
2605,10:07:57,$ 3436.115,100
2606,10:07:56,$ 3436.45,100
2607,10:07:27,$ 3436.475,100
2608,10:07:26,$ 3435.93,100
2610,10:07:22,$ 3436.75,100
2611,10:07:22,$ 3436.91,400
2612,10:07:21,$ 3435.85,100
2613,10:07:15,$ 3436.505,100
2614,10:07:14,$ 3436.41,100
2615,10:07:03,$ 3435.24,100
2616,10:06:50,$ 3433.9193,100
2617,10:06:36,$ 3433.99,100
2618,10:06:26,$ 3433.12,100
2619,10:06:21,$ 3434.21,100
2620,10:06:21,$ 3434.725,100
2621,10:06:16,$ 3434.46,100
2622,10:06:12,$ 3434.50,100
2623,10:06:12,$ 3434.53,100
2624,10:06:12,$ 3434.52,100
2625,10:05:27,$ 3435.135,105
2626,10:05:27,$ 3434.685,100
2627,10:05:27,$ 3434.65,100
2628,10:05:25,$ 3434.4014,250
2629,10:05:18,$ 3433.40,100
2631,10:04:59,$ 3433.86,100
2632,10:04:56,$ 3432.82,100
2633,10:04:48,$ 3433.01,100
2634,10:04:45,$ 3433.27,100
2635,10:04:40,$ 3433.665,100
2636,10:04:38,$ 3433.30,100
2637,10:04:37,$ 3434.72,200
2638,10:04:31,$ 3434.6386,100
2639,10:04:29,$ 3434.4622,150
2640,10:04:28,$ 3433.31,231
2641,10:04:28,$ 3434.385,125
2642,10:04:22,$ 3434.1688,100
2643,10:04:10,$ 3434.0545,300
2644,10:04:10,$ 3433.8301,200
2645,10:04:10,$ 3433.67,100
2646,10:04:09,$ 3434.55,100
2647,10:04:09,$ 3435.01,100
2648,10:04:08,$ 3435.20,100
2649,10:04:08,$ 3435.20,100
2650,10:04:08,$ 3435.20,131
2652,10:04:08,$ 3435.36,100
2653,10:04:08,$ 3435.35,100
2654,10:03:59,$ 3435.26,100
2655,10:03:59,$ 3435.26,100
2656,10:03:59,$ 3435.835,106
2657,10:03:59,$ 3435.00,200
2658,10:03:59,$ 3435.73,100
2659,10:03:59,$ 3436.142,100
2660,10:03:59,$ 3435.84,200
2661,10:03:59,$ 3435.84,100
2662,10:03:52,$ 3437.035,100
2663,10:03:51,$ 3436.69,128
2664,10:03:29,$ 3437.20,100
2665,10:03:25,$ 3437.69,200
2666,10:03:25,$ 3437.69,100
2667,10:03:19,$ 3437.475,100
2668,10:03:18,$ 3437.475,100
2669,10:03:18,$ 3437.475,100
2670,10:03:14,$ 3437.83,149
2671,10:03:14,$ 3437.83,142
2673,10:03:14,$ 3437.77,132
2674,10:03:11,$ 3438.41,100
2675,10:03:10,$ 3438.01,100
2676,10:03:00,$ 3437.585,300
2677,10:02:38,$ 3437.0001,"1,990"
2678,10:02:38,$ 3437.2009,100
2679,10:02:33,$ 3436.60,100
2680,10:02:33,$ 3437.595,100
2681,10:02:30,$ 3438.01,100
2682,10:02:27,$ 3437.96,100
2683,10:02:26,$ 3437.97,100
2684,10:02:24,$ 3436.84,100
2685,10:02:21,$ 3436.765,100
2686,10:02:16,$ 3437.88,100
2687,10:01:57,$ 3438.08,100
2688,10:01:55,$ 3438.36,100
2689,10:01:53,$ 3438.64,147
2690,10:01:52,$ 3438.11,100
2691,10:01:40,$ 3437.93,100
2692,10:01:40,$ 3437.93,100
2694,10:01:38,$ 3437.90,100
2695,10:01:32,$ 3438.62,100
2696,10:01:31,$ 3438.56,100
2697,10:01:25,$ 3438.016,100
2698,10:01:13,$ 3437.35,131
2699,10:01:13,$ 3437.35,100
2700,10:01:12,$ 3437.35,200
2701,10:01:10,$ 3437.34,100
2702,10:01:09,$ 3436.03,320
2703,10:01:09,$ 3436.03,200
2704,10:01:04,$ 3437.02,100
2705,10:01:03,$ 3436.12,100
2706,10:01:00,$ 3437.125,100
2707,10:00:56,$ 3435.00,100
2708,10:00:54,$ 3435.00,200
2709,10:00:47,$ 3436.47,100
2710,10:00:46,$ 3435.795,100
2711,10:00:45,$ 3435.465,100
2712,10:00:35,$ 3435.035,100
2713,10:00:23,$ 3437.045,100
2715,10:00:15,$ 3437.57,100
2716,10:00:15,$ 3437.57,100
2717,10:00:14,$ 3437.78,100
2718,10:00:14,$ 3438.105,100
2719,10:00:12,$ 3437.775,100
2720,10:00:12,$ 3437.62,100
2721,10:00:12,$ 3437.62,100
2722,10:00:12,$ 3437.665,100
2723,10:00:12,$ 3437.8501,300
2724,10:00:06,$ 3438.75,100
2725,10:00:06,$ 3438.75,100
2726,10:00:06,$ 3438.11,100
2727,10:00:04,$ 3438.04,100
2728,10:00:04,$ 3438.05,100
2729,10:00:04,$ 3438.05,100
2730,10:00:04,$ 3438.31,100
2731,10:00:04,$ 3437.37,100
2732,10:00:04,$ 3437.00,100
2733,10:00:04,$ 3437.06,100
2734,10:00:02,$ 3436.50,100
2736,10:00:02,$ 3435.7735,100
2737,10:00:01,$ 3436.07,100
2738,10:00:01,$ 3435.40,100
2740,10:59:58,$ 3434.6925,100
2741,10:59:58,$ 3434.005,100
2742,10:59:58,$ 3434.125,100
2743,10:59:58,$ 3435.11,100
2744,10:59:58,$ 3434.8275,100
2745,10:59:58,$ 3434.565,100
2746,10:58:58,$ 3435.45,100
2747,10:58:35,$ 3435.28,100
2748,10:58:30,$ 3435.27,100
2749,10:58:18,$ 3434.71,100
2750,10:58:18,$ 3434.86,300
2751,10:58:18,$ 3434.19,100
2752,10:58:18,$ 3434.70,100
2753,10:58:18,$ 3434.19,100
2754,10:58:16,$ 3434.50,100
2755,10:58:16,$ 3434.50,122
2756,10:58:07,$ 3434.84,100
2757,10:58:07,$ 3434.85,100
2758,10:58:00,$ 3435.51,100
2759,10:57:22,$ 3435.8199,100
2761,10:57:00,$ 3435.55,100
2762,10:56:58,$ 3435.07,100
2763,10:56:45,$ 3434.81,100
2764,10:56:45,$ 3434.22,100
2765,10:56:45,$ 3434.22,100
2766,10:56:36,$ 3433.72,100
2767,10:56:33,$ 3433.56,100
2768,10:56:20,$ 3434.435,100
2769,10:56:11,$ 3433.70,100
2770,10:56:08,$ 3435.655,100
2771,10:56:04,$ 3435.38,100
2772,10:56:04,$ 3436.00,100
2773,10:55:59,$ 3435.58,"1,427"
2774,10:55:59,$ 3436.416,100
2775,10:55:59,$ 3436.42,100
2776,10:55:59,$ 3436.415,100
2777,10:55:44,$ 3437.02,100
2778,10:55:43,$ 3437.46,100
2779,10:55:43,$ 3437.02,100
2780,10:55:43,$ 3437.22,100
2782,10:55:43,$ 3437.22,100
2783,10:55:17,$ 3436.71,100
2784,10:55:09,$ 3437.74,141
2785,10:55:07,$ 3438.4025,100
2786,10:55:05,$ 3438.00,100
2787,10:55:05,$ 3438.40,100
2788,10:54:51,$ 3438.56,100
2789,10:54:36,$ 3438.73,100
2790,10:54:23,$ 3438.71,372
2791,10:54:22,$ 3438.73,100
2792,10:54:21,$ 3438.73,100
2793,10:54:21,$ 3438.73,100
2794,10:54:21,$ 3439.025,100
2795,10:54:21,$ 3439.125,100
2796,10:54:21,$ 3439.125,100
2797,10:54:21,$ 3439.125,100
2798,10:54:01,$ 3438.71,100
2799,10:53:53,$ 3438.965,100
2800,10:53:42,$ 3439.49,100
2801,10:53:42,$ 3439.55,100
2803,10:53:20,$ 3439.33,100
2804,10:53:17,$ 3440.225,100
2805,10:53:10,$ 3440.185,100
2806,10:53:07,$ 3440.405,100
2807,10:52:56,$ 3441.98,100
2808,10:52:56,$ 3442.00,100
2809,10:52:55,$ 3442.02,100
2810,10:52:54,$ 3441.71,100
2811,10:52:23,$ 3443.80,100
2812,10:52:22,$ 3442.91,100
2813,10:52:21,$ 3442.00,"4,500"
2814,10:52:21,$ 3442.30,100
2815,10:52:21,$ 3442.33,100
2816,10:52:21,$ 3442.00,206
2817,10:52:21,$ 3442.00,342
2818,10:52:21,$ 3442.00,209
2819,10:52:21,$ 3442.00,213
2820,10:52:21,$ 3442.00,500
2821,10:51:52,$ 3440.73,200
2822,10:51:45,$ 3440.235,100
2824,10:51:43,$ 3440.235,100
2825,10:51:40,$ 3440.24,100
2826,10:51:40,$ 3440.24,100
2827,10:51:31,$ 3439.875,100
2828,10:51:25,$ 3439.875,100
2829,10:51:19,$ 3439.86,100
2830,10:51:18,$ 3439.86,100
2831,10:51:06,$ 3438.91,100
2832,10:50:51,$ 3439.955,100
2833,10:50:50,$ 3439.9583,192
2834,10:50:50,$ 3439.9583,100
2835,10:50:41,$ 3439.795,100
2836,10:50:40,$ 3440.76,100
2837,10:50:30,$ 3440.87,100
2838,10:50:27,$ 3440.2392,270
2839,10:50:07,$ 3440.43,100
2840,10:50:07,$ 3440.43,100
2841,10:50:07,$ 3440.43,100
2842,10:50:00,$ 3439.7755,300
2843,10:49:11,$ 3441.19,100
2845,10:49:05,$ 3441.00,100
2846,10:48:54,$ 3440.66,150
2847,10:48:53,$ 3440.57,151
2848,10:48:14,$ 3439.59,100
2849,10:48:05,$ 3440.2283,150
2850,10:47:59,$ 3439.505,300
2851,10:47:54,$ 3439.01,200
2852,10:47:49,$ 3439.49,100
2853,10:47:28,$ 3440.23,100
2854,10:47:26,$ 3440.10,151
2855,10:47:05,$ 3440.00,100
2856,10:46:22,$ 3441.92,100
2857,10:45:55,$ 3440.705,100
2858,10:45:26,$ 3442.33,100
2859,10:45:12,$ 3440.85,125
2860,10:45:10,$ 3440.43,100
2861,10:45:10,$ 3440.42,100
2862,10:45:10,$ 3440.43,100
2863,10:45:06,$ 3440.41,100
2864,10:45:02,$ 3440.05,100
2866,10:45:02,$ 3440.43,100
2867,10:45:00,$ 3439.67,100
2868,10:44:56,$ 3440.00,100
2869,10:44:50,$ 3439.67,100
2870,10:44:43,$ 3439.545,100
2871,10:44:43,$ 3439.64,100
2872,10:44:43,$ 3439.64,100
2873,10:44:13,$ 3439.59,100
2874,10:43:45,$ 3439.61,162
2875,10:43:43,$ 3439.6001,100
2876,10:43:38,$ 3439.99,100
2877,10:43:33,$ 3439.90,100
2878,10:43:32,$ 3439.50,100
2879,10:43:30,$ 3439.13,300
2880,10:43:22,$ 3439.855,100
2881,10:43:08,$ 3439.87,100
2882,10:43:04,$ 3439.87,100
2883,10:42:56,$ 3439.40,200
2884,10:42:35,$ 3439.33,100
2885,10:42:24,$ 3439.12,100
2887,10:42:23,$ 3439.56,100
2888,10:42:14,$ 3440.00,100
2889,10:42:08,$ 3439.41,100
2890,10:41:25,$ 3438.90,100
2891,10:41:16,$ 3438.785,100
2892,10:41:16,$ 3438.95,100
2893,10:41:00,$ 3439.77,200
2894,10:40:41,$ 3439.215,100
2895,10:40:10,$ 3441.53,100
2896,10:40:10,$ 3441.465,100
2897,10:40:10,$ 3441.66,100
2898,10:40:10,$ 3441.66,100
2899,10:39:58,$ 3440.03,100
2900,10:39:58,$ 3440.03,100
2901,10:39:58,$ 3440.40,100
2902,10:39:58,$ 3440.03,100
2903,10:39:58,$ 3440.03,100
2904,10:39:39,$ 3441.805,100
2905,10:39:09,$ 3441.89,100
2906,10:39:09,$ 3441.89,100
2908,10:39:09,$ 3441.90,100
2909,10:38:38,$ 3442.55,100
2910,10:38:26,$ 3441.2291,100
2911,10:38:21,$ 3441.98,100
2912,10:38:21,$ 3440.74,100
2913,10:38:08,$ 3440.42,100
2914,10:37:53,$ 3440.41,100
2915,10:37:48,$ 3438.5701,100
2916,10:37:48,$ 3440.41,100
2917,10:37:43,$ 3440.615,100
2918,10:37:43,$ 3440.585,100
2919,10:37:27,$ 3439.89,200
2920,10:37:21,$ 3439.97,100
2921,10:37:05,$ 3440.41,100
2922,10:37:02,$ 3439.94,100
2923,10:36:57,$ 3440.33,100
2924,10:36:49,$ 3440.44,100
2925,10:36:49,$ 3440.63,100
2926,10:36:40,$ 3441.355,"1,000"
2927,10:36:34,$ 3441.31,100
2929,10:36:33,$ 3440.8414,290
2930,10:36:02,$ 3440.6201,300
2931,10:35:59,$ 3441.68,100
2932,10:35:45,$ 3442.99,187
2933,10:35:45,$ 3442.99,380
2934,10:35:45,$ 3442.96,162
2935,10:35:45,$ 3442.96,329
2936,10:35:45,$ 3442.96,100
2937,10:35:42,$ 3442.455,300
2938,10:35:27,$ 3442.375,100
2939,10:35:26,$ 3442.37,100
2940,10:35:26,$ 3442.37,189
2941,10:35:26,$ 3442.38,117
2942,10:35:25,$ 3442.38,100
2943,10:35:20,$ 3442.31,100
2944,10:35:20,$ 3442.00,100
2945,10:35:16,$ 3441.46,600
2946,10:35:16,$ 3441.14,100
2947,10:35:16,$ 3439.95,100
2948,10:35:16,$ 3439.95,100
2950,10:35:16,$ 3439.95,100
2951,10:35:16,$ 3439.96,100
2952,10:35:16,$ 3439.87,100
2953,10:35:16,$ 3439.87,100
2954,10:35:16,$ 3439.1984,100
2955,10:34:52,$ 3439.07,100
2956,10:34:34,$ 3440.18,100
2957,10:34:30,$ 3440.295,100
2958,10:33:45,$ 3439.18,100
2959,10:33:13,$ 3438.33,100
2960,10:33:13,$ 3438.34,100
2961,10:33:04,$ 3438.47,100
2962,10:32:56,$ 3437.99,100
2963,10:32:36,$ 3436.68,100
2964,10:32:35,$ 3436.21,100
2965,10:32:33,$ 3436.59,100
2966,10:32:33,$ 3435.03,100
2967,10:32:21,$ 3436.34,100
2968,10:32:12,$ 3435.66,300
2969,10:32:11,$ 3434.87,100
2971,10:32:11,$ 3434.87,100
2972,10:31:52,$ 3435.38,100
2973,10:31:52,$ 3435.58,100
2974,10:31:34,$ 3435.585,100
2975,10:31:28,$ 3435.99,100
2976,10:31:22,$ 3435.785,100
2977,10:31:13,$ 3434.73,100
2978,10:31:13,$ 3434.8199,100
2979,10:30:59,$ 3433.57,100
2980,10:30:59,$ 3433.51,100
2981,10:30:59,$ 3433.04,100
2982,10:30:44,$ 3432.0001,100
2984,11:28:19,$ 3435.56,100
2985,11:28:15,$ 3435.26,100
2986,11:27:58,$ 3435.00,300
2987,11:27:58,$ 3435.00,100
2988,11:27:30,$ 3435.255,107
2989,11:27:30,$ 3434.6601,100
2990,11:27:08,$ 3435.00,100
2991,11:27:08,$ 3434.82,100
2992,11:26:43,$ 3434.97,100
2993,11:25:32,$ 3433.69,100
2994,11:25:26,$ 3433.47,100
2995,11:25:05,$ 3434.08,100
2996,11:25:05,$ 3433.89,100
2997,11:25:05,$ 3434.09,100
2998,11:25:03,$ 3434.16,100
2999,11:25:03,$ 3434.18,100
3000,11:24:54,$ 3433.42,100
3001,11:24:40,$ 3434.00,174
3002,11:24:40,$ 3434.00,178
3003,11:24:36,$ 3433.865,100
3005,11:24:36,$ 3434.00,100
3006,11:24:35,$ 3434.00,200
3007,11:24:35,$ 3434.00,200
3008,11:24:34,$ 3434.00,100
3009,11:24:34,$ 3434.00,100
3010,11:24:34,$ 3434.24,100
3011,11:24:34,$ 3434.24,100
3012,11:24:34,$ 3434.59,100
3013,11:24:34,$ 3434.61,100
3014,11:24:34,$ 3434.61,100
3015,11:24:34,$ 3434.60,100
3016,11:24:34,$ 3435.725,100
3017,11:24:34,$ 3435.715,100
3018,11:24:33,$ 3435.63,100
3019,11:24:33,$ 3435.79,100
3020,11:24:33,$ 3435.63,100
3021,11:24:33,$ 3435.80,100
3022,11:24:33,$ 3435.80,100
3023,11:24:33,$ 3435.79,100
3024,11:24:33,$ 3435.65,100
3026,11:24:33,$ 3435.71,100
3027,11:24:33,$ 3435.71,100
3028,11:24:33,$ 3435.88,100
3029,11:24:33,$ 3435.84,100
3030,11:24:33,$ 3435.81,100
3031,11:24:33,$ 3435.88,100
3032,11:24:27,$ 3436.00,100
3033,11:22:54,$ 3434.21,100
3034,11:22:46,$ 3434.2067,300
3035,11:22:45,$ 3434.2773,100
3036,11:22:40,$ 3434.015,200
3037,11:22:14,$ 3435.37,100
3038,11:22:14,$ 3435.095,200
3039,11:22:07,$ 3434.98,100
3040,11:21:42,$ 3435.00,100
3041,11:21:42,$ 3434.545,100
3042,11:21:01,$ 3433.16,100
3043,11:21:01,$ 3433.01,100
3044,11:20:23,$ 3432.62,100
3045,11:19:53,$ 3433.67,100
3047,11:19:53,$ 3433.4373,500
3048,11:19:32,$ 3433.00,100
3049,11:19:10,$ 3432.49,200
3050,11:18:03,$ 3433.51,100
3051,11:16:57,$ 3432.1487,300
3052,11:16:28,$ 3431.58,100
3053,11:14:51,$ 3432.17,100
3054,11:13:13,$ 3436.1344,"6,314"
3055,11:12:55,$ 3430.20,100
3056,11:12:52,$ 3430.20,100
3057,11:12:51,$ 3430.22,100
3058,11:12:42,$ 3431.00,306
3059,11:12:31,$ 3430.21,100
3060,11:12:22,$ 3430.8075,204
3061,11:12:19,$ 3430.213,100
3062,11:12:19,$ 3430.27,100
3063,11:11:17,$ 3430.13,100
3064,11:11:04,$ 3431.9564,154
3065,11:11:03,$ 3431.95,200
3066,11:10:41,$ 3430.8882,151
3068,11:10:38,$ 3429.33,100
3069,11:10:32,$ 3430.645,100
3070,11:10:19,$ 3430.725,200
3071,11:10:19,$ 3430.665,100
3072,11:10:15,$ 3430.885,100
3073,11:10:10,$ 3430.9992,100
3074,11:10:09,$ 3430.62,100
3075,11:10:07,$ 3431.385,100
3076,11:10:07,$ 3430.6201,100
3077,11:09:57,$ 3430.57,100
3078,11:09:57,$ 3430.72,100
3079,11:09:35,$ 3430.14,100
3080,11:09:35,$ 3429.80,100
3081,11:09:20,$ 3428.76,100
3082,11:09:20,$ 3429.09,100
3083,11:09:20,$ 3429.09,100
3084,11:09:01,$ 3429.34,100
3085,11:08:53,$ 3428.2069,150
3086,11:08:53,$ 3428.675,100
3087,11:08:47,$ 3428.0001,100
3089,11:08:39,$ 3429.57,100
3090,11:08:29,$ 3429.63,200
3091,11:08:27,$ 3430.14,125
3092,11:08:26,$ 3429.83,100
3093,11:08:26,$ 3430.13,100
3094,11:08:16,$ 3430.10,100
3095,11:08:14,$ 3430.12,400
3096,11:08:08,$ 3430.56,151
3097,11:08:08,$ 3430.56,100
3098,11:07:54,$ 3430.11,200
3099,11:07:20,$ 3431.00,200
3100,11:06:23,$ 3432.711,100
3101,11:06:15,$ 3432.90,101
3102,11:06:15,$ 3432.91,105
3103,11:05:53,$ 3432.91,149
3104,11:05:23,$ 3433.19,100
3105,11:05:23,$ 3433.00,100
3106,11:05:21,$ 3433.58,100
3107,11:05:21,$ 3433.59,100
3108,11:04:36,$ 3433.21,100
3110,11:04:31,$ 3432.85,100
3111,11:04:31,$ 3432.84,100
3112,11:04:21,$ 3433.81,100
3113,11:03:56,$ 3434.27,100
3114,11:03:56,$ 3434.96,100
3115,11:03:51,$ 3435.00,100
3116,11:03:51,$ 3435.005,100
3117,11:03:40,$ 3434.565,100
3118,11:03:34,$ 3435.015,120
3119,11:03:25,$ 3435.13,100
3120,11:03:06,$ 3436.54,100
3121,11:03:06,$ 3436.54,100
3122,11:02:57,$ 3437.07,100
3123,11:02:56,$ 3436.51,100
3124,11:02:49,$ 3436.89,100
3125,11:02:48,$ 3437.14,100
3126,11:02:48,$ 3436.95,100
3127,11:02:48,$ 3437.20,100
3128,11:02:34,$ 3435.73,100
3129,11:01:51,$ 3435.66,100
3131,11:01:45,$ 3435.61,100
3132,11:01:29,$ 3434.775,100
3133,11:01:24,$ 3434.94,100
3134,11:01:24,$ 3434.94,100
3135,11:01:23,$ 3434.94,100
3136,11:01:18,$ 3433.89,146
3137,11:01:18,$ 3433.90,100
3138,11:01:02,$ 3434.15,100
3139,11:01:02,$ 3434.15,100
3140,11:00:04,$ 3434.035,100
3142,11:59:57,$ 3426.28,271
3143,11:59:40,$ 3426.8838,100
3144,11:59:21,$ 3427.045,100
3145,11:58:57,$ 3426.03,744
3146,11:58:57,$ 3426.03,100
3147,11:58:57,$ 3425.96,100
3148,11:58:27,$ 3426.39,100
3149,11:58:27,$ 3426.00,100
3150,11:58:17,$ 3426.01,100
3151,11:57:53,$ 3426.765,100
3152,11:57:47,$ 3427.283,"2,000"
3153,11:57:15,$ 3426.99,100
3154,11:56:42,$ 3427.658,125
3155,11:55:53,$ 3429.18,100
3156,11:55:46,$ 3429.18,100
3157,11:55:33,$ 3428.35,379
3158,11:54:34,$ 3430.00,100
3159,11:54:34,$ 3430.00,100
3160,11:51:54,$ 3431.98,100
3161,11:51:31,$ 3433.02,100
3163,11:51:09,$ 3432.5764,500
3164,11:50:58,$ 3432.985,100
3165,11:50:24,$ 3433.37,500
3166,11:50:11,$ 3433.1442,128
3167,11:49:42,$ 3433.88,100
3168,11:49:40,$ 3434.30,100
3169,11:49:40,$ 3434.25,100
3170,11:49:40,$ 3434.32,100
3171,11:49:40,$ 3434.36,200
3172,11:49:40,$ 3434.25,100
3173,11:49:40,$ 3434.00,"1,000"
3174,11:49:40,$ 3434.36,100
3175,11:48:37,$ 3435.22,100
3176,11:48:37,$ 3435.50,190
3177,11:48:36,$ 3435.82,200
3178,11:48:36,$ 3435.53,100
3179,11:48:36,$ 3435.60,100
3180,11:48:36,$ 3435.42,100
3181,11:48:36,$ 3436.39,101
3182,11:48:36,$ 3436.39,100
3184,11:48:36,$ 3435.98,101
3185,11:48:36,$ 3435.97,100
3186,11:48:36,$ 3435.48,224
3187,11:48:36,$ 3435.32,100
3188,11:48:36,$ 3435.32,100
3189,11:48:36,$ 3435.28,100
3190,11:48:31,$ 3434.5001,150
3191,11:47:13,$ 3435.485,200
3192,11:46:20,$ 3436.01,100
3193,11:45:53,$ 3436.32,100
3194,11:45:48,$ 3436.035,100
3195,11:45:48,$ 3434.90,100
3196,11:45:48,$ 3436.08,100
3197,11:45:48,$ 3436.075,100
3198,11:44:29,$ 3435.00,100
3199,11:44:23,$ 3434.30,100
3200,11:44:23,$ 3434.31,100
3201,11:44:23,$ 3434.32,100
3202,11:44:06,$ 3435.075,110
3203,11:43:40,$ 3434.92,110
3205,11:42:44,$ 3433.99,100
3206,11:42:13,$ 3433.37,100
3207,11:40:50,$ 3432.62,100
3208,11:40:50,$ 3432.01,100
3209,11:40:00,$ 3432.15,100
3210,11:38:58,$ 3430.75,100
3211,11:37:41,$ 3430.42,100
3212,11:37:10,$ 3429.21,100
3213,11:37:07,$ 3428.305,100
3214,11:37:01,$ 3428.355,100
3215,11:37:00,$ 3428.36,100
3216,11:36:46,$ 3428.115,100
3217,11:36:35,$ 3428.00,528
3218,11:36:35,$ 3427.97,105
3219,11:36:34,$ 3428.04,200
3220,11:36:34,$ 3428.04,100
3221,11:36:34,$ 3428.38,100
3222,11:36:12,$ 3429.22,226
3223,11:36:05,$ 3428.77,100
3224,11:36:04,$ 3428.5614,200
3226,11:34:59,$ 3430.07,100
3227,11:34:39,$ 3428.00,100
3228,11:34:39,$ 3428.00,100
3229,11:34:37,$ 3428.65,100
3230,11:34:34,$ 3428.44,100
3231,11:34:04,$ 3428.4401,100
3232,11:33:50,$ 3429.85,100
3233,11:33:50,$ 3429.85,165
3234,11:33:27,$ 3429.825,100
3235,11:33:13,$ 3430.00,100
3236,11:32:58,$ 3430.62,100
3237,11:32:46,$ 3430.41,100
3238,11:32:43,$ 3430.3971,100
3239,11:32:36,$ 3430.1401,100
3240,11:32:23,$ 3431.18,100
3241,11:32:12,$ 3431.30,100
3242,11:31:35,$ 3431.90,100
3243,11:31:35,$ 3430.815,100
3244,11:31:35,$ 3430.815,100
3245,11:31:31,$ 3432.22,100
3247,12:29:21,$ 3425.8399,100
3248,12:28:33,$ 3425.85,100
3249,12:28:30,$ 3426.07,100
3250,12:28:30,$ 3425.83,100
3251,12:28:25,$ 3426.07,100
3252,12:27:49,$ 3426.435,100
3253,12:27:48,$ 3426.0701,125
3254,12:27:45,$ 3426.435,303
3255,12:27:04,$ 3426.39,100
3256,12:27:04,$ 3426.41,100
3257,12:27:04,$ 3425.98,100
3258,12:27:02,$ 3426.85,100
3259,12:27:02,$ 3426.85,100
3260,12:26:51,$ 3426.80,100
3261,12:26:51,$ 3426.70,100
3262,12:26:46,$ 3426.39,100
3263,12:26:43,$ 3425.98,100
3264,12:26:40,$ 3425.93,100
3265,12:26:40,$ 3425.90,100
3266,12:26:40,$ 3425.93,100
3268,12:26:40,$ 3425.94,100
3269,12:26:40,$ 3425.95,100
3270,12:26:40,$ 3425.90,100
3271,12:26:40,$ 3425.92,100
3272,12:26:31,$ 3425.10,100
3273,12:26:19,$ 3425.88,100
3274,12:26:19,$ 3425.866,100
3275,12:26:19,$ 3425.7474,100
3276,12:26:19,$ 3425.88,100
3277,12:26:19,$ 3425.73,100
3278,12:26:19,$ 3425.78,100
3279,12:26:19,$ 3425.71,200
3280,12:26:18,$ 3425.4045,500
3281,12:26:07,$ 3425.61,100
3282,12:26:06,$ 3425.53,100
3283,12:26:00,$ 3424.46,100
3284,12:25:09,$ 3424.6389,100
3285,12:25:04,$ 3424.99,100
3286,12:24:51,$ 3424.8017,100
3287,12:24:50,$ 3424.38,100
3289,12:24:44,$ 3424.61,100
3290,12:24:43,$ 3424.80,100
3291,12:24:42,$ 3423.9201,100
3292,12:24:30,$ 3423.38,100
3293,12:24:27,$ 3423.76,100
3294,12:24:27,$ 3423.74,100
3295,12:24:27,$ 3423.65,100
3296,12:24:05,$ 3423.27,100
3297,12:23:27,$ 3422.2321,100
3298,12:22:49,$ 3421.82,100
3299,12:22:42,$ 3420.6865,100
3300,12:22:39,$ 3421.42,100
3301,12:22:29,$ 3420.13,100
3302,12:22:19,$ 3419.85,100
3303,12:22:18,$ 3419.23,100
3304,12:22:15,$ 3419.90,100
3305,12:21:44,$ 3420.13,100
3306,12:21:31,$ 3419.62,100
3307,12:21:29,$ 3419.935,100
3308,12:21:01,$ 3418.97,100
3310,12:21:01,$ 3418.98,100
3311,12:20:43,$ 3417.95,100
3312,12:20:43,$ 3418.03,100
3313,12:20:43,$ 3417.97,100
3314,12:20:43,$ 3417.95,100
3315,12:20:34,$ 3418.63,100
3316,12:19:17,$ 3420.846,200
3317,12:19:02,$ 3420.02,111
3318,12:18:50,$ 3421.14,180
3319,12:18:49,$ 3420.84,100
3320,12:18:48,$ 3421.7999,100
3321,12:18:46,$ 3421.475,150
3322,12:18:41,$ 3419.88,100
3323,12:18:41,$ 3419.96,100
3324,12:18:36,$ 3419.70,100
3325,12:18:32,$ 3419.675,500
3326,12:18:30,$ 3419.75,100
3327,12:18:10,$ 3419.005,100
3328,12:17:40,$ 3418.34,100
3329,12:17:40,$ 3418.85,100
3331,12:17:19,$ 3419.07,100
3332,12:16:12,$ 3419.77,100
3333,12:16:09,$ 3419.00,418
3334,12:15:50,$ 3419.135,100
3335,12:15:49,$ 3419.49,200
3336,12:15:48,$ 3420.455,140
3337,12:14:56,$ 3422.16,150
3338,12:14:56,$ 3421.46,100
3339,12:14:56,$ 3422.00,103
3340,12:14:40,$ 3422.3044,100
3341,12:14:40,$ 3423.34,100
3342,12:13:51,$ 3424.1343,105
3343,12:13:26,$ 3424.3304,200
3344,12:12:52,$ 3423.48,100
3345,12:12:42,$ 3423.57,100
3346,12:12:40,$ 3423.13,100
3347,12:12:37,$ 3423.12,100
3348,12:12:37,$ 3423.12,200
3349,12:12:36,$ 3423.12,100
3350,12:12:36,$ 3423.12,100
3352,12:12:23,$ 3423.1201,100
3353,12:12:21,$ 3423.1201,100
3354,12:12:10,$ 3424.50,200
3355,12:11:14,$ 3424.55,108
3356,12:11:14,$ 3424.80,100
3357,12:11:13,$ 3425.64,100
3358,12:11:13,$ 3425.80,179
3359,12:11:01,$ 3425.77,100
3360,12:11:01,$ 3425.79,100
3361,12:10:07,$ 3425.00,200
3362,12:10:07,$ 3425.00,100
3363,12:09:53,$ 3425.00,100
3364,12:08:55,$ 3425.12,100
3365,12:08:07,$ 3426.005,200
3366,12:08:07,$ 3426.005,200
3367,12:08:04,$ 3425.84,100
3368,12:07:54,$ 3424.99,100
3369,12:07:54,$ 3424.83,100
3370,12:07:54,$ 3424.84,100
3371,12:07:46,$ 3423.6941,200
3373,12:05:24,$ 3425.0751,209
3374,12:03:56,$ 3425.24,100
3375,12:03:53,$ 3424.795,300
3376,12:03:17,$ 3425.44,100
3377,12:03:17,$ 3425.05,900
3378,12:03:13,$ 3424.19,100
3379,12:03:12,$ 3424.276,100
3380,12:03:12,$ 3424.20,100
3381,12:03:12,$ 3424.20,100
3382,12:02:30,$ 3425.5269,100
3383,12:02:29,$ 3424.6693,180
3384,12:02:20,$ 3425.0501,300
3385,12:02:05,$ 3423.75,100
3386,12:01:42,$ 3423.54,100
3387,12:01:42,$ 3423.81,100
3388,12:01:42,$ 3423.81,200
3389,12:01:42,$ 3423.81,200
3390,12:01:42,$ 3424.355,100
3391,12:01:42,$ 3425.27,100
3392,12:01:42,$ 3425.00,100
3394,12:01:42,$ 3425.00,100
3395,12:01:39,$ 3425.26,100
3396,12:01:36,$ 3425.59,100
3397,12:01:36,$ 3425.43,100
3398,12:01:36,$ 3425.41,100
3399,12:01:35,$ 3425.75,100
3400,12:01:35,$ 3425.77,100
3401,12:01:35,$ 3425.76,100
3402,12:01:07,$ 3425.38,100
3403,12:00:45,$ 3426.20,100
3405,12:59:34,$ 3423.20,100
3406,12:59:18,$ 3423.58,100
3407,12:59:16,$ 3423.24,100
3408,12:56:57,$ 3423.85,100
3409,12:56:35,$ 3423.185,100
3410,12:56:35,$ 3423.195,100
3411,12:56:35,$ 3423.045,100
3412,12:56:23,$ 3424.36,100
3413,12:56:22,$ 3424.86,100
3414,12:56:18,$ 3424.53,100
3415,12:56:17,$ 3425.10,100
3416,12:56:17,$ 3424.47,100
3417,12:56:17,$ 3424.46,100
3418,12:56:07,$ 3424.29,100
3419,12:55:46,$ 3424.61,100
3420,12:55:46,$ 3424.76,100
3421,12:55:17,$ 3425.1393,300
3422,12:54:08,$ 3425.5869,100
3423,12:54:04,$ 3425.45,100
3424,12:53:20,$ 3425.72,100
3426,12:52:55,$ 3425.2783,150
3427,12:52:40,$ 3424.07,100
3428,12:52:40,$ 3424.51,100
3429,12:52:37,$ 3425.31,100
3430,12:52:35,$ 3425.9499,100
3431,12:52:25,$ 3425.31,173
3432,12:51:44,$ 3424.41,100
3433,12:51:17,$ 3423.92,100
3434,12:51:15,$ 3423.9416,300
3435,12:50:31,$ 3423.82,100
3436,12:50:03,$ 3423.40,100
3437,12:50:02,$ 3423.835,100
3438,12:49:38,$ 3422.29,100
3439,12:48:15,$ 3421.2001,100
3440,12:48:13,$ 3422.945,200
3441,12:48:03,$ 3423.12,100
3442,12:48:02,$ 3423.53,100
3443,12:45:40,$ 3425.55,100
3444,12:44:23,$ 3425.57,100
3445,12:43:57,$ 3425.18,100
3447,12:43:36,$ 3424.85,100
3448,12:43:36,$ 3424.5706,100
3449,12:43:15,$ 3424.855,100
3450,12:43:14,$ 3424.70,100
3451,12:42:26,$ 3425.63,100
3452,12:42:25,$ 3425.44,100
3453,12:41:51,$ 3426.565,100
3454,12:40:10,$ 3425.81,100
3455,12:39:43,$ 3425.86,101
3456,12:37:46,$ 3426.99,100
3457,12:37:43,$ 3426.52,100
3458,12:37:06,$ 3427.72,100
3459,12:36:50,$ 3427.41,100
3460,12:36:50,$ 3427.41,100
3461,12:35:58,$ 3426.845,100
3462,12:35:52,$ 3426.11,150
3463,12:35:28,$ 3427.44,100
3464,12:34:56,$ 3428.37,100
3465,12:34:54,$ 3428.015,100
3466,12:34:51,$ 3427.64,100
3468,12:34:30,$ 3427.00,100
3469,12:33:39,$ 3426.48,100
3470,12:33:39,$ 3426.68,100
3471,12:33:38,$ 3426.94,100
3472,12:33:38,$ 3426.84,100
3473,12:33:38,$ 3426.785,234
3474,12:33:13,$ 3425.67,100
3475,12:33:07,$ 3425.50,100
3476,12:32:50,$ 3427.22,100
3477,12:32:30,$ 3427.05,100
3478,12:32:09,$ 3427.11,119
3479,12:31:50,$ 3426.36,100
3480,12:31:20,$ 3426.39,100
3481,12:31:01,$ 3426.90,100
3482,12:30:57,$ 3426.90,100
3483,12:30:15,$ 3426.10,"1,100"
3484,12:30:14,$ 3426.50,108
3485,12:30:14,$ 3426.47,100
3486,12:30:14,$ 3426.39,100
3487,12:30:14,$ 3426.17,100
3489,12:30:14,$ 3426.49,100
3490,12:30:14,$ 3426.47,100
3491,12:30:14,$ 3425.76,300
3492,12:30:14,$ 3426.46,100
3493,12:30:14,$ 3425.76,100
3494,12:30:14,$ 3425.445,300
3495,12:30:01,$ 3425.445,100
3497,13:29:21,$ 3420.50,100
3498,13:28:00,$ 3420.705,100
3499,13:27:44,$ 3421.261,100
3500,13:25:53,$ 3421.10,117
3501,13:25:10,$ 3422.6499,400
3502,13:23:11,$ 3420.635,100
3503,13:23:05,$ 3420.275,100
3504,13:22:44,$ 3420.487,411
3505,13:22:02,$ 3420.2013,127
3506,13:21:38,$ 3420.005,100
3507,13:21:36,$ 3420.45,100
3508,13:21:36,$ 3420.40,100
3509,13:21:32,$ 3418.99,100
3510,13:20:51,$ 3419.9401,120
3511,13:19:48,$ 3418.69,100
3512,13:19:48,$ 3418.73,100
3513,13:19:46,$ 3418.57,100
3514,13:19:46,$ 3417.30,100
3515,13:19:41,$ 3418.01,100
3516,13:19:07,$ 3419.36,100
3518,13:18:52,$ 3419.59,100
3519,13:18:18,$ 3419.36,100
3520,13:17:47,$ 3419.305,100
3521,13:17:42,$ 3420.0275,100
3522,13:17:19,$ 3421.26,100
3523,13:17:19,$ 3421.19,100
3524,13:15:45,$ 3420.65,100
3525,13:15:27,$ 3419.85,333
3526,13:15:21,$ 3419.914,100
3527,13:14:56,$ 3420.81,100
3528,13:14:55,$ 3420.81,100
3529,13:14:52,$ 3420.9625,100
3530,13:14:49,$ 3421.54,100
3531,13:13:22,$ 3421.3302,108
3532,13:13:14,$ 3421.15,100
3533,13:13:02,$ 3420.82,100
3534,13:12:47,$ 3420.0201,550
3535,13:11:38,$ 3420.04,100
3536,13:11:38,$ 3420.04,100
3537,13:11:37,$ 3419.73,100
3539,13:11:36,$ 3419.64,100
3540,13:10:45,$ 3419.28,100
3541,13:10:42,$ 3418.9841,100
3542,13:10:40,$ 3419.64,100
3543,13:10:31,$ 3420.493,100
3544,13:10:14,$ 3421.77,100
3545,13:10:00,$ 3421.55,100
3546,13:08:45,$ 3422.63,100
3547,13:08:45,$ 3422.67,100
3548,13:08:33,$ 3422.245,100
3549,13:08:20,$ 3422.71,100
3550,13:08:20,$ 3422.72,100
3551,13:07:55,$ 3422.7139,101
3552,13:07:36,$ 3422.08,100
3553,13:06:54,$ 3421.40,100
3554,13:06:23,$ 3422.28,100
3555,13:06:23,$ 3422.40,100
3556,13:06:10,$ 3423.013,158
3557,13:05:36,$ 3424.235,100
3558,13:04:46,$ 3423.97,100
3560,13:04:45,$ 3423.96,100
3561,13:03:04,$ 3424.24,110
3562,13:03:04,$ 3424.33,100
3563,13:02:55,$ 3423.91,100
3564,13:00:38,$ 3423.115,100
3565,13:00:13,$ 3423.64,100
3567,13:59:15,$ 3421.015,100
3568,13:58:54,$ 3421.481,100
3569,13:57:41,$ 3420.814,100
3570,13:56:25,$ 3421.62,100
3571,13:56:16,$ 3421.95,100
3572,13:54:53,$ 3421.865,100
3573,13:53:13,$ 3421.47,100
3574,13:53:09,$ 3421.2588,291
3575,13:53:09,$ 3421.43,100
3576,13:52:58,$ 3421.615,100
3577,13:51:58,$ 3422.8563,100
3578,13:50:44,$ 3423.07,100
3579,13:50:34,$ 3422.68,100
3580,13:50:34,$ 3422.68,100
3581,13:50:09,$ 3422.4577,100
3582,13:48:39,$ 3425.50,100
3583,13:47:56,$ 3425.945,100
3584,13:47:54,$ 3425.89,100
3585,13:47:50,$ 3426.46,"1,000"
3586,13:47:35,$ 3426.44,100
3588,13:47:15,$ 3426.4148,100
3589,13:47:15,$ 3426.67,100
3590,13:46:17,$ 3426.00,160
3591,13:46:17,$ 3425.83,110
3592,13:46:17,$ 3426.00,188
3593,13:46:14,$ 3426.00,274
3594,13:45:12,$ 3426.00,258
3595,13:44:48,$ 3424.89,100
3596,13:44:48,$ 3424.90,100
3597,13:44:48,$ 3424.36,100
3598,13:44:37,$ 3425.26,100
3599,13:43:47,$ 3425.24,100
3600,13:43:47,$ 3425.24,100
3601,13:43:16,$ 3426.15,100
3602,13:43:16,$ 3426.00,100
3603,13:43:03,$ 3425.9217,140
3604,13:42:58,$ 3425.65,100
3605,13:42:46,$ 3424.64,100
3606,13:42:46,$ 3424.64,100
3607,13:41:38,$ 3425.1275,100
3609,13:40:16,$ 3424.98,200
3610,13:40:08,$ 3424.7975,291
3611,13:39:53,$ 3424.8192,100
3612,13:39:15,$ 3426.0999,400
3613,13:39:14,$ 3425.43,100
3614,13:39:14,$ 3425.29,100
3615,13:38:15,$ 3425.57,100
3616,13:38:00,$ 3424.665,100
3617,13:37:54,$ 3424.98,150
3618,13:37:35,$ 3423.265,200
3619,13:37:21,$ 3423.00,150
3620,13:37:10,$ 3422.80,100
3621,13:37:00,$ 3422.37,100
3622,13:36:42,$ 3421.625,100
3623,13:34:51,$ 3422.41,100
3624,13:34:36,$ 3423.2735,100
3625,13:32:57,$ 3421.81,100
3626,13:32:56,$ 3421.13,100
3627,13:32:17,$ 3421.61,100
3628,13:32:12,$ 3421.7125,190
3630,13:32:12,$ 3421.952,100
3631,13:32:12,$ 3421.96,100
3632,13:31:49,$ 3422.855,100
3633,13:31:44,$ 3422.70,100
3634,13:31:44,$ 3422.75,100
3635,13:31:28,$ 3422.29,100
3636,13:30:50,$ 3421.84,100
3637,13:30:45,$ 3422.133,125
3638,13:30:44,$ 3422.50,100
3639,13:30:40,$ 3422.1199,400
3641,14:29:41,$ 3423.32,100
3642,14:29:36,$ 3422.60,100
3643,14:28:44,$ 3422.5766,412
3644,14:28:27,$ 3421.07,100
3645,14:28:00,$ 3420.50,100
3646,14:27:47,$ 3420.94,100
3647,14:27:32,$ 3420.58,100
3648,14:27:32,$ 3420.98,100
3649,14:27:29,$ 3420.50,250
3650,14:27:29,$ 3420.51,"1,000"
3651,14:27:01,$ 3420.83,200
3652,14:26:14,$ 3421.0736,258
3653,14:25:41,$ 3421.18,100
3654,14:25:05,$ 3422.00,100
3655,14:25:01,$ 3422.00,100
3656,14:25:00,$ 3423.3338,100
3657,14:25:00,$ 3422.00,100
3658,14:24:58,$ 3422.00,100
3659,14:24:56,$ 3422.00,100
3660,14:24:55,$ 3422.00,100
3662,14:24:55,$ 3422.00,100
3663,14:24:49,$ 3422.8034,300
3664,14:24:48,$ 3422.795,100
3665,14:24:43,$ 3422.00,100
3666,14:24:43,$ 3422.00,100
3667,14:24:43,$ 3422.00,100
3668,14:24:39,$ 3423.27,100
3669,14:24:23,$ 3423.2561,113
3670,14:24:17,$ 3423.20,200
3671,14:24:17,$ 3423.49,100
3672,14:24:04,$ 3423.035,200
3673,14:23:44,$ 3422.8732,131
3674,14:23:39,$ 3423.09,100
3675,14:23:35,$ 3423.09,100
3676,14:23:06,$ 3423.27,100
3677,14:22:47,$ 3423.57,100
3678,14:22:40,$ 3423.40,100
3679,14:22:39,$ 3424.29,100
3680,14:22:33,$ 3424.59,100
3681,14:22:29,$ 3424.125,100
3683,14:22:19,$ 3423.73,100
3684,14:22:19,$ 3424.025,100
3685,14:22:02,$ 3424.7187,318
3686,14:22:02,$ 3424.7187,429
3687,14:21:05,$ 3424.61,100
3688,14:20:30,$ 3424.68,100
3689,14:20:21,$ 3424.87,100
3690,14:20:21,$ 3424.87,100
3691,14:19:07,$ 3424.64,100
3692,14:19:05,$ 3424.35,100
3693,14:19:05,$ 3424.36,100
3694,14:18:04,$ 3424.955,100
3695,14:18:04,$ 3424.955,100
3696,14:17:27,$ 3424.96,100
3697,14:17:27,$ 3424.95,100
3698,14:17:27,$ 3424.89,100
3699,14:17:27,$ 3424.95,100
3700,14:17:20,$ 3425.21,320
3701,14:17:20,$ 3425.20,100
3702,14:17:20,$ 3425.18,100
3704,14:16:23,$ 3424.09,100
3705,14:16:02,$ 3423.425,100
3706,14:15:48,$ 3423.20,100
3707,14:15:45,$ 3423.05,100
3708,14:15:31,$ 3422.75,100
3709,14:15:31,$ 3422.77,100
3710,14:15:31,$ 3422.75,100
3711,14:15:23,$ 3422.485,100
3712,14:14:12,$ 3423.45,100
3713,14:14:05,$ 3423.35,100
3714,14:13:39,$ 3422.84,100
3715,14:13:39,$ 3422.82,100
3716,14:13:39,$ 3422.85,100
3717,14:13:39,$ 3422.84,100
3718,14:13:36,$ 3422.84,100
3719,14:13:35,$ 3422.00,370
3720,14:13:33,$ 3422.2718,400
3721,14:13:31,$ 3422.9299,131
3722,14:13:28,$ 3422.42,100
3723,14:12:35,$ 3423.57,177
3725,14:11:55,$ 3422.665,100
3726,14:11:55,$ 3422.66,200
3727,14:11:44,$ 3422.66,100
3728,14:11:00,$ 3422.855,100
3729,14:10:51,$ 3423.57,100
3730,14:10:31,$ 3423.515,100
3731,14:09:51,$ 3422.50,100
3732,14:09:49,$ 3422.85,100
3733,14:09:43,$ 3422.80,100
3734,14:09:38,$ 3422.65,100
3735,14:09:38,$ 3422.47,100
3736,14:09:28,$ 3422.225,100
3737,14:08:06,$ 3422.015,100
3738,14:06:51,$ 3421.35,100
3739,14:06:51,$ 3421.13,100
3740,14:06:48,$ 3421.14,"1,707"
3741,14:05:38,$ 3421.59,100
3742,14:04:59,$ 3421.125,100
3743,14:04:08,$ 3422.64,100
3744,14:04:00,$ 3422.8375,220
3746,14:04:00,$ 3422.84,100
3747,14:03:36,$ 3422.41,100
3748,14:03:11,$ 3420.2201,100
3749,14:02:49,$ 3420.97,100
3750,14:02:48,$ 3420.94,100
3751,14:02:45,$ 3419.6075,292
3752,14:02:17,$ 3418.528,100
3753,14:02:17,$ 3419.75,100
3754,14:02:17,$ 3419.38,100
3755,14:01:53,$ 3420.45,100
3756,14:01:42,$ 3421.00,100
3757,14:01:08,$ 3421.63,100
3758,14:01:08,$ 3421.35,100
3759,14:00:49,$ 3421.435,100
3760,14:00:21,$ 3422.54,100
3761,14:00:15,$ 3422.15,100
3763,14:59:59,$ 3433.09,100
3764,14:59:56,$ 3433.66,100
3765,14:59:56,$ 3433.09,100
3766,14:59:56,$ 3433.40,100
3767,14:59:56,$ 3433.765,100
3768,14:59:56,$ 3434.055,100
3769,14:59:55,$ 3434.87,100
3770,14:59:55,$ 3434.46,100
3771,14:59:55,$ 3434.53,100
3772,14:59:53,$ 3435.035,130
3773,14:59:53,$ 3435.505,100
3774,14:59:45,$ 3434.65,"1,000"
3775,14:59:33,$ 3434.00,100
3776,14:59:33,$ 3434.00,100
3777,14:59:33,$ 3432.88,100
3778,14:59:33,$ 3433.83,100
3779,14:59:33,$ 3432.88,100
3780,14:59:33,$ 3433.57,100
3781,14:59:33,$ 3432.88,100
3782,14:59:27,$ 3432.685,100
3784,14:59:13,$ 3432.37,100
3785,14:59:07,$ 3431.15,100
3786,14:59:01,$ 3430.28,100
3787,14:58:49,$ 3430.59,100
3788,14:58:44,$ 3430.9995,100
3789,14:58:44,$ 3431.00,120
3790,14:58:37,$ 3430.00,200
3791,14:58:25,$ 3429.9595,100
3792,14:58:24,$ 3429.95,120
3793,14:58:19,$ 3428.88,100
3794,14:58:19,$ 3428.88,100
3795,14:58:13,$ 3428.134,100
3796,14:58:06,$ 3428.8891,100
3797,14:58:03,$ 3428.91,100
3798,14:58:03,$ 3428.95,100
3799,14:58:01,$ 3428.50,100
3800,14:58:01,$ 3428.50,100
3801,14:58:01,$ 3428.50,100
3802,14:58:00,$ 3428.39,100
3803,14:58:00,$ 3428.43,100
3805,14:57:55,$ 3428.50,112
3806,14:57:50,$ 3428.195,100
3807,14:57:48,$ 3428.50,394
3808,14:57:48,$ 3428.40,100
3809,14:57:43,$ 3428.25,100
3810,14:57:34,$ 3428.80,100
3811,14:57:27,$ 3428.9867,197
3812,14:57:27,$ 3428.9867,721
3813,14:57:27,$ 3429.72,100
3814,14:57:26,$ 3429.80,409
3815,14:57:26,$ 3429.80,492
3816,14:57:26,$ 3429.82,100
3817,14:57:26,$ 3429.82,100
3818,14:57:26,$ 3429.60,100
3819,14:57:26,$ 3429.70,100
3820,14:57:26,$ 3429.83,100
3821,14:57:26,$ 3429.61,100
3822,14:57:12,$ 3430.48,100
3823,14:57:00,$ 3430.52,250
3824,14:56:42,$ 3430.0503,202
3826,14:56:40,$ 3429.00,100
3827,14:56:40,$ 3429.04,100
3828,14:56:32,$ 3429.87,100
3829,14:56:27,$ 3429.88,103
3830,14:56:27,$ 3430.03,100
3831,14:56:15,$ 3429.48,100
3832,14:56:05,$ 3429.60,100
3833,14:56:04,$ 3429.48,400
3834,14:56:04,$ 3429.5999,100
3835,14:56:04,$ 3429.5999,100
3836,14:56:04,$ 3429.60,100
3837,14:56:04,$ 3429.5999,200
3838,14:56:04,$ 3429.60,200
3839,14:56:04,$ 3429.60,100
3840,14:56:04,$ 3429.5999,100
3841,14:55:53,$ 3429.54,100
3842,14:55:43,$ 3429.19,100
3843,14:55:41,$ 3429.00,100
3844,14:55:41,$ 3429.00,100
3845,14:55:40,$ 3428.95,100
3847,14:55:40,$ 3428.9999,100
3848,14:55:40,$ 3429.00,100
3849,14:55:40,$ 3428.95,190
3850,14:55:40,$ 3428.9999,190
3851,14:55:40,$ 3428.9835,100
3852,14:55:39,$ 3428.00,707
3853,14:55:39,$ 3428.00,150
3854,14:55:39,$ 3428.00,100
3855,14:55:39,$ 3428.33,100
3856,14:55:38,$ 3427.55,560
3857,14:55:38,$ 3427.55,287
3858,14:55:29,$ 3426.865,100
3859,14:55:16,$ 3426.99,100
3860,14:55:11,$ 3426.84,177
