,NLS Time (ET),NLS Price,NLS Share Volume
1,09:59:50,$ 3392.52,100
2,09:59:48,$ 3392.70,300
3,09:59:48,$ 3392.70,145
4,09:59:48,$ 3393.00,100
5,09:59:43,$ 3392.99,100
6,09:59:43,$ 3393.00,100
7,09:59:25,$ 3391.25,100
8,09:59:21,$ 3391.62,100
9,09:59:21,$ 3392.43,100
10,09:59:21,$ 3392.00,100
11,09:59:21,$ 3391.50,264
12,09:59:17,$ 3391.10,100
13,09:59:11,$ 3392.03,100
14,09:59:11,$ 3392.08,100
15,09:59:01,$ 3391.31,100
16,09:59:00,$ 3392.12,160
17,09:58:57,$ 3391.25,200
18,09:58:50,$ 3392.71,100
19,09:58:43,$ 3392.87,100
20,09:58:43,$ 3392.87,100
22,09:58:43,$ 3391.89,100
23,09:58:43,$ 3394.06,200
24,09:58:43,$ 3392.46,100
25,09:58:43,$ 3392.47,100
26,09:58:38,$ 3392.27,500
27,09:58:22,$ 3394.774,100
28,09:58:19,$ 3394.675,100
29,09:58:14,$ 3395.00,100
30,09:58:14,$ 3395.00,100
31,09:58:14,$ 3394.61,100
32,09:57:59,$ 3393.91,100
33,09:57:58,$ 3393.91,100
34,09:57:58,$ 3393.91,100
35,09:57:58,$ 3393.94,100
36,09:57:57,$ 3393.32,100
37,09:57:38,$ 3391.685,100
38,09:57:29,$ 3391.00,100
39,09:57:25,$ 3390.90,100
40,09:57:19,$ 3390.49,100
41,09:57:18,$ 3390.706,250
43,09:57:16,$ 3390.83,100
44,09:57:12,$ 3391.115,100
45,09:57:09,$ 3391.09,294
46,09:57:09,$ 3391.49,100
47,09:57:09,$ 3391.48,100
48,09:57:07,$ 3389.9639,100
49,09:57:05,$ 3390.30,100
50,09:56:44,$ 3392.99,103
51,09:56:43,$ 3392.37,220
52,09:56:43,$ 3392.46,100
53,09:56:43,$ 3392.46,100
54,09:56:43,$ 3392.36,100
55,09:56:43,$ 3392.36,100
56,09:56:43,$ 3392.30,100
57,09:56:43,$ 3392.38,100
58,09:56:43,$ 3392.37,222
59,09:56:43,$ 3392.37,100
60,09:56:34,$ 3391.66,400
61,09:56:31,$ 3391.14,100
62,09:56:28,$ 3390.27,100
64,09:56:23,$ 3389.90,100
65,09:56:21,$ 3390.80,900
66,09:56:14,$ 3389.48,500
67,09:56:06,$ 3389.66,100
68,09:56:05,$ 3390.175,100
69,09:56:00,$ 3391.72,100
70,09:55:54,$ 3390.47,100
71,09:55:53,$ 3390.0801,346
72,09:55:51,$ 3391.04,281
73,09:55:48,$ 3391.24,100
74,09:55:43,$ 3390.00,188
75,09:55:43,$ 3390.00,215
76,09:55:43,$ 3390.43,100
77,09:55:42,$ 3391.73,199
78,09:55:42,$ 3391.73,162
79,09:55:24,$ 3391.72,100
80,09:55:24,$ 3391.72,100
81,09:55:16,$ 3392.055,100
82,09:55:16,$ 3393.99,100
83,09:55:14,$ 3394.055,100
85,09:54:53,$ 3394.02,100
86,09:54:53,$ 3393.92,100
87,09:54:53,$ 3393.92,100
88,09:54:53,$ 3393.92,100
89,09:54:41,$ 3393.0801,111
90,09:54:40,$ 3394.0001,100
91,09:54:37,$ 3394.1937,100
92,09:54:32,$ 3395.02,100
93,09:54:19,$ 3393.92,100
94,09:54:19,$ 3393.92,100
95,09:54:14,$ 3395.63,100
96,09:54:09,$ 3394.86,250
97,09:54:05,$ 3395.92,100
98,09:54:05,$ 3395.91,100
99,09:54:05,$ 3395.38,100
100,09:54:03,$ 3395.93,100
101,09:53:58,$ 3397.59,100
102,09:53:57,$ 3398.1999,100
103,09:53:55,$ 3396.95,100
104,09:53:55,$ 3396.87,100
106,09:53:55,$ 3397.00,167
107,09:53:55,$ 3397.00,100
108,09:53:54,$ 3396.87,100
109,09:53:53,$ 3396.26,100
110,09:53:43,$ 3396.25,100
111,09:53:37,$ 3396.36,500
112,09:53:27,$ 3396.67,100
113,09:53:20,$ 3395.60,100
114,09:53:20,$ 3395.56,100
115,09:53:20,$ 3394.90,100
116,09:53:20,$ 3394.76,100
117,09:53:16,$ 3395.50,100
118,09:53:07,$ 3395.9205,146
119,09:53:04,$ 3395.53,100
120,09:52:52,$ 3396.89,100
121,09:52:46,$ 3396.075,100
122,09:52:44,$ 3395.38,100
123,09:52:38,$ 3396.41,100
124,09:52:38,$ 3396.55,100
125,09:52:38,$ 3396.13,100
127,09:52:38,$ 3396.01,100
128,09:52:34,$ 3396.88,100
129,09:52:34,$ 3396.95,100
130,09:52:34,$ 3396.835,100
131,09:52:33,$ 3397.00,100
132,09:52:28,$ 3395.75,100
133,09:52:25,$ 3397.26,100
134,09:52:25,$ 3396.2101,500
135,09:52:19,$ 3395.85,100
136,09:52:19,$ 3396.15,100
137,09:52:12,$ 3396.20,100
138,09:52:12,$ 3396.20,100
139,09:52:12,$ 3395.48,200
140,09:52:12,$ 3394.948,294
141,09:52:12,$ 3395.48,100
142,09:52:09,$ 3394.8733,294
143,09:52:01,$ 3394.9999,115
144,09:52:00,$ 3393.75,100
145,09:52:00,$ 3393.76,100
146,09:51:56,$ 3395.00,100
148,09:51:55,$ 3395.00,767
149,09:51:55,$ 3395.00,244
150,09:51:55,$ 3395.00,100
151,09:51:55,$ 3395.00,100
152,09:51:54,$ 3394.295,105
153,09:51:50,$ 3393.96,100
154,09:51:50,$ 3393.96,100
155,09:51:50,$ 3393.62,100
156,09:51:49,$ 3392.718,250
157,09:51:46,$ 3392.935,100
158,09:51:46,$ 3392.98,200
159,09:51:45,$ 3392.98,300
160,09:51:42,$ 3394.13,100
161,09:51:42,$ 3395.00,374
162,09:51:42,$ 3395.00,400
163,09:51:41,$ 3395.68,100
164,09:51:41,$ 3395.68,100
165,09:51:41,$ 3395.63,100
166,09:51:38,$ 3395.005,100
167,09:51:37,$ 3395.38,100
169,09:51:36,$ 3394.86,500
170,09:51:34,$ 3394.85,100
171,09:51:34,$ 3395.00,100
172,09:51:34,$ 3395.00,100
173,09:51:34,$ 3395.72,100
174,09:51:28,$ 3395.7175,294
175,09:51:26,$ 3395.03,100
176,09:51:26,$ 3395.03,100
177,09:51:26,$ 3395.03,100
178,09:51:26,$ 3395.38,100
179,09:51:21,$ 3395.7975,400
180,09:51:16,$ 3395.84,100
181,09:51:14,$ 3396.93,100
182,09:51:14,$ 3396.84,100
183,09:51:14,$ 3396.93,100
184,09:51:14,$ 3396.67,100
185,09:51:04,$ 3398.39,100
186,09:51:04,$ 3398.60,100
187,09:51:04,$ 3399.185,101
188,09:50:51,$ 3399.27,100
190,09:50:44,$ 3399.83,100
191,09:50:44,$ 3399.99,100
192,09:50:44,$ 3400.02,100
193,09:50:44,$ 3400.00,100
194,09:50:35,$ 3399.17,100
195,09:50:30,$ 3398.46,100
196,09:50:30,$ 3398.46,100
197,09:50:20,$ 3398.52,400
198,09:50:14,$ 3399.34,100
199,09:50:11,$ 3399.72,148
200,09:50:11,$ 3399.03,100
201,09:50:11,$ 3399.00,100
202,09:50:11,$ 3399.25,100
203,09:49:54,$ 3399.99,100
204,09:49:51,$ 3398.7507,207
205,09:49:49,$ 3399.00,100
206,09:49:49,$ 3399.74,100
207,09:49:49,$ 3399.40,100
208,09:49:49,$ 3399.38,100
209,09:49:49,$ 3399.31,100
211,09:49:48,$ 3399.2025,100
212,09:49:42,$ 3399.70,100
213,09:49:42,$ 3399.63,100
214,09:49:22,$ 3400.00,100
215,09:49:19,$ 3399.97,100
216,09:49:19,$ 3399.99,100
217,09:49:16,$ 3398.935,107
218,09:49:16,$ 3398.73,100
219,09:49:15,$ 3399.96,100
220,09:49:15,$ 3399.56,200
221,09:49:15,$ 3399.56,100
222,09:49:14,$ 3399.31,100
223,09:49:13,$ 3399.73,100
224,09:49:07,$ 3399.20,100
225,09:49:05,$ 3398.52,100
226,09:49:05,$ 3398.47,150
227,09:49:01,$ 3399.72,100
228,09:48:59,$ 3398.19,100
229,09:48:58,$ 3396.86,100
230,09:48:57,$ 3396.68,250
232,09:48:56,$ 3397.445,200
233,09:48:55,$ 3396.5074,169
234,09:48:55,$ 3396.91,100
235,09:48:53,$ 3396.92,100
236,09:48:49,$ 3397.14,400
237,09:48:44,$ 3398.09,100
238,09:48:39,$ 3398.005,154
239,09:48:38,$ 3398.01,100
240,09:48:38,$ 3397.13,200
241,09:48:38,$ 3397.40,100
242,09:48:38,$ 3397.40,100
243,09:48:38,$ 3399.01,100
244,09:48:38,$ 3399.35,100
245,09:48:38,$ 3398.91,100
246,09:48:38,$ 3398.87,100
247,09:48:38,$ 3398.87,155
248,09:48:37,$ 3400.935,100
249,09:48:36,$ 3398.20,100
250,09:48:36,$ 3398.48,200
251,09:48:36,$ 3400.545,100
253,09:48:35,$ 3398.84,200
254,09:48:33,$ 3399.06,100
255,09:48:32,$ 3400.20,100
256,09:48:32,$ 3399.26,100
257,09:48:31,$ 3398.71,100
258,09:48:30,$ 3398.70,100
259,09:48:29,$ 3398.7001,100
260,09:48:28,$ 3400.50,100
261,09:48:28,$ 3402.62,100
262,09:48:27,$ 3400.60,100
263,09:48:24,$ 3401.52,161
264,09:48:24,$ 3401.51,100
265,09:48:23,$ 3402.01,100
266,09:48:22,$ 3403.00,100
267,09:48:22,$ 3403.00,100
268,09:48:22,$ 3403.00,176
269,09:48:22,$ 3403.00,261
270,09:48:21,$ 3402.99,100
271,09:48:18,$ 3401.49,100
272,09:48:16,$ 3402.49,100
274,09:48:16,$ 3401.50,100
275,09:48:14,$ 3401.77,200
276,09:48:13,$ 3401.73,119
277,09:48:11,$ 3401.00,216
278,09:48:06,$ 3399.58,100
279,09:48:04,$ 3400.00,100
280,09:48:04,$ 3400.00,100
281,09:48:00,$ 3400.92,100
282,09:47:59,$ 3400.89,100
283,09:47:59,$ 3401.47,100
284,09:47:59,$ 3401.39,100
285,09:47:58,$ 3401.99,100
286,09:47:52,$ 3402.49,100
287,09:47:44,$ 3401.99,100
288,09:47:43,$ 3401.98,184
289,09:47:36,$ 3400.88,100
290,09:47:33,$ 3400.44,100
291,09:47:32,$ 3400.75,250
292,09:47:30,$ 3400.75,250
293,09:47:28,$ 3400.71,100
295,09:47:27,$ 3400.88,100
296,09:47:27,$ 3400.88,100
297,09:47:27,$ 3400.46,100
298,09:47:25,$ 3400.88,100
299,09:47:25,$ 3400.88,100
300,09:47:25,$ 3400.88,100
301,09:47:25,$ 3400.88,100
302,09:47:25,$ 3400.375,100
303,09:47:25,$ 3400.75,100
304,09:47:23,$ 3401.00,100
305,09:47:23,$ 3400.46,100
306,09:47:20,$ 3401.165,100
307,09:47:16,$ 3400.3101,170
308,09:47:05,$ 3401.35,100
309,09:46:58,$ 3400.30,100
310,09:46:57,$ 3401.555,200
311,09:46:56,$ 3401.71,100
312,09:46:55,$ 3402.00,100
313,09:46:55,$ 3401.94,100
314,09:46:46,$ 3403.00,100
316,09:46:41,$ 3402.005,100
317,09:46:37,$ 3401.905,162
318,09:46:37,$ 3400.82,100
319,09:46:34,$ 3403.58,100
320,09:46:33,$ 3402.99,100
321,09:46:33,$ 3402.99,100
322,09:46:32,$ 3401.69,100
323,09:46:31,$ 3402.35,100
324,09:46:31,$ 3402.31,100
325,09:46:31,$ 3402.41,180
326,09:46:31,$ 3402.41,100
327,09:46:31,$ 3402.36,100
328,09:46:31,$ 3402.40,200
329,09:46:31,$ 3402.40,100
330,09:46:31,$ 3402.40,400
331,09:46:31,$ 3402.35,100
332,09:46:26,$ 3401.09,100
333,09:46:26,$ 3400.41,100
334,09:46:26,$ 3401.01,100
335,09:46:25,$ 3402.175,100
337,09:46:19,$ 3402.72,100
338,09:46:19,$ 3402.295,100
339,09:46:19,$ 3401.87,100
340,09:46:18,$ 3403.58,100
341,09:46:17,$ 3402.295,800
342,09:46:15,$ 3402.25,200
343,09:46:15,$ 3402.25,150
344,09:46:15,$ 3402.00,100
345,09:46:14,$ 3401.64,100
346,09:46:13,$ 3401.6669,100
347,09:46:12,$ 3401.19,100
348,09:46:12,$ 3401.545,100
349,09:46:12,$ 3401.635,100
350,09:46:02,$ 3401.75,100
351,09:46:01,$ 3400.73,100
352,09:46:01,$ 3400.91,100
353,09:46:00,$ 3402.25,100
354,09:45:58,$ 3401.51,100
355,09:45:57,$ 3402.09,150
356,09:45:44,$ 3401.89,100
358,09:45:40,$ 3402.1643,250
359,09:45:39,$ 3402.165,200
360,09:45:38,$ 3402.55,100
361,09:45:36,$ 3402.99,100
362,09:45:36,$ 3403.065,200
363,09:45:32,$ 3402.12,100
364,09:45:31,$ 3402.325,100
365,09:45:28,$ 3401.3268,500
366,09:45:27,$ 3402.04,100
367,09:45:25,$ 3401.85,100
368,09:45:24,$ 3401.81,923
369,09:45:20,$ 3402.00,100
370,09:45:13,$ 3402.555,100
371,09:45:12,$ 3403.02,100
372,09:45:11,$ 3403.53,100
373,09:45:06,$ 3402.35,100
374,09:45:04,$ 3402.00,200
375,09:45:02,$ 3402.00,100
376,09:45:01,$ 3401.84,100
377,09:45:00,$ 3401.79,100
379,09:44:58,$ 3401.00,100
380,09:44:56,$ 3401.33,100
381,09:44:55,$ 3401.05,100
382,09:44:55,$ 3401.10,100
383,09:44:55,$ 3401.10,100
384,09:44:54,$ 3400.33,100
385,09:44:52,$ 3401.53,100
386,09:44:51,$ 3401.16,100
387,09:44:47,$ 3400.58,200
388,09:44:32,$ 3402.00,100
389,09:44:32,$ 3401.81,100
390,09:44:32,$ 3400.71,100
391,09:44:32,$ 3400.71,100
392,09:44:27,$ 3400.99,100
393,09:44:23,$ 3399.88,100
394,09:44:17,$ 3400.00,400
395,09:44:17,$ 3400.00,100
396,09:44:15,$ 3399.225,200
397,09:44:13,$ 3398.6101,500
398,09:44:12,$ 3399.53,100
400,09:44:12,$ 3400.02,100
401,09:44:11,$ 3400.09,100
402,09:44:11,$ 3402.225,100
403,09:44:05,$ 3402.325,100
404,09:44:04,$ 3402.3064,158
405,09:43:57,$ 3401.50,700
406,09:43:54,$ 3402.56,100
407,09:43:49,$ 3404.12,100
408,09:43:49,$ 3404.20,100
409,09:43:49,$ 3404.14,100
410,09:43:49,$ 3404.19,100
411,09:43:49,$ 3404.24,380
412,09:43:47,$ 3404.21,200
413,09:43:46,$ 3404.125,100
414,09:43:45,$ 3404.87,100
415,09:43:45,$ 3404.87,100
416,09:43:45,$ 3404.15,100
417,09:43:43,$ 3404.805,100
418,09:43:43,$ 3404.79,100
419,09:43:33,$ 3403.60,100
421,09:43:33,$ 3403.60,100
422,09:43:22,$ 3401.00,100
423,09:43:22,$ 3400.96,100
424,09:43:20,$ 3402.00,100
425,09:43:17,$ 3401.47,100
426,09:43:14,$ 3401.32,100
427,09:43:14,$ 3400.96,100
428,09:43:14,$ 3400.91,100
429,09:43:14,$ 3400.89,100
430,09:43:14,$ 3402.00,100
431,09:43:14,$ 3401.95,100
432,09:43:14,$ 3400.1572,100
433,09:43:14,$ 3400.1979,100
434,09:43:14,$ 3400.01,100
435,09:43:14,$ 3400.12,100
436,09:43:14,$ 3401.505,200
437,09:43:14,$ 3401.505,105
438,09:43:13,$ 3400.0101,100
439,09:43:10,$ 3401.37,150
440,09:43:08,$ 3402.40,100
442,09:43:08,$ 3401.98,100
443,09:43:08,$ 3402.58,200
444,09:43:03,$ 3402.2849,"1,000"
445,09:43:02,$ 3400.00,300
446,09:43:02,$ 3399.58,100
447,09:43:02,$ 3400.00,100
448,09:43:00,$ 3398.455,300
449,09:43:00,$ 3398.45,100
450,09:42:58,$ 3399.25,100
451,09:42:57,$ 3398.6966,100
452,09:42:53,$ 3399.99,100
453,09:42:51,$ 3399.87,100
454,09:42:49,$ 3398.45,125
455,09:42:49,$ 3398.805,152
456,09:42:48,$ 3398.37,100
457,09:42:48,$ 3398.36,100
458,09:42:48,$ 3398.33,100
459,09:42:48,$ 3395.9598,120
460,09:42:46,$ 3395.50,100
461,09:42:46,$ 3396.90,152
463,09:42:45,$ 3397.04,100
464,09:42:45,$ 3397.04,100
465,09:42:44,$ 3395.86,100
466,09:42:43,$ 3395.07,100
467,09:42:43,$ 3395.86,100
468,09:42:42,$ 3394.72,100
469,09:42:39,$ 3393.60,100
470,09:42:38,$ 3395.67,100
471,09:42:35,$ 3396.195,500
472,09:42:29,$ 3396.16,100
473,09:42:27,$ 3395.7331,100
474,09:42:26,$ 3397.0016,100
475,09:42:23,$ 3395.50,100
476,09:42:16,$ 3395.10,276
477,09:42:16,$ 3394.25,100
478,09:42:11,$ 3395.34,"1,400"
479,09:42:02,$ 3393.09,400
480,09:41:59,$ 3392.97,100
481,09:41:58,$ 3392.95,100
482,09:41:57,$ 3393.00,100
484,09:41:55,$ 3393.2247,102
485,09:41:54,$ 3393.505,100
486,09:41:53,$ 3393.01,100
487,09:41:51,$ 3392.77,125
488,09:41:48,$ 3393.80,100
489,09:41:47,$ 3394.81,100
490,09:41:43,$ 3394.86,126
491,09:41:40,$ 3394.155,146
492,09:41:38,$ 3394.13,145
493,09:41:38,$ 3394.13,125
494,09:41:38,$ 3394.13,125
495,09:41:38,$ 3394.13,125
496,09:41:36,$ 3393.3004,100
497,09:41:35,$ 3394.8799,190
498,09:41:35,$ 3393.99,190
499,09:41:32,$ 3394.89,100
500,09:41:30,$ 3395.05,129
501,09:41:30,$ 3395.00,100
502,09:41:30,$ 3395.12,100
503,09:41:29,$ 3395.2362,109
505,09:41:29,$ 3395.1355,400
506,09:41:27,$ 3395.885,100
507,09:41:27,$ 3395.885,100
508,09:41:25,$ 3396.72,250
509,09:41:20,$ 3396.00,145
510,09:41:20,$ 3396.00,100
511,09:41:20,$ 3396.08,100
512,09:41:20,$ 3396.05,100
513,09:41:20,$ 3397.24,100
514,09:41:20,$ 3397.28,100
515,09:41:20,$ 3397.248,100
516,09:41:20,$ 3397.28,100
517,09:41:20,$ 3397.28,100
518,09:41:20,$ 3397.64,100
519,09:41:19,$ 3398.8977,100
520,09:41:17,$ 3398.8245,100
521,09:41:15,$ 3400.00,299
522,09:41:15,$ 3400.00,299
523,09:41:15,$ 3399.7925,100
524,09:41:15,$ 3401.00,100
526,09:41:11,$ 3401.53,100
527,09:41:10,$ 3403.25,200
528,09:41:10,$ 3403.25,100
529,09:41:10,$ 3403.25,146
530,09:41:10,$ 3403.54,100
531,09:41:10,$ 3403.61,100
532,09:41:10,$ 3403.54,100
533,09:41:10,$ 3403.50,100
534,09:41:10,$ 3403.37,100
535,09:41:10,$ 3403.25,137
536,09:41:08,$ 3404.34,100
537,09:41:06,$ 3404.42,100
538,09:41:05,$ 3405.00,149
539,09:41:04,$ 3403.6331,100
540,09:41:02,$ 3404.96,100
541,09:41:00,$ 3403.64,100
542,09:40:58,$ 3402.3933,499
543,09:40:51,$ 3402.94,100
544,09:40:51,$ 3402.94,100
545,09:40:50,$ 3403.06,100
547,09:40:50,$ 3402.84,100
548,09:40:50,$ 3403.18,100
549,09:40:50,$ 3403.72,100
550,09:40:49,$ 3403.61,100
551,09:40:49,$ 3404.33,100
552,09:40:49,$ 3404.14,100
553,09:40:49,$ 3404.07,100
554,09:40:49,$ 3404.04,100
555,09:40:47,$ 3404.37,100
556,09:40:46,$ 3405.00,100
557,09:40:45,$ 3404.345,100
558,09:40:43,$ 3403.71,181
559,09:40:41,$ 3402.175,145
560,09:40:41,$ 3401.99,143
561,09:40:40,$ 3402.495,200
562,09:40:36,$ 3401.945,200
563,09:40:34,$ 3401.995,100
564,09:40:34,$ 3400.5967,100
565,09:40:32,$ 3402.05,100
566,09:40:32,$ 3401.02,100
568,09:40:30,$ 3401.69,100
569,09:40:29,$ 3402.7949,328
570,09:40:29,$ 3402.782,162
571,09:40:29,$ 3403.18,162
572,09:40:29,$ 3402.775,100
573,09:40:29,$ 3402.775,146
574,09:40:28,$ 3403.17,100
575,09:40:28,$ 3402.75,100
576,09:40:28,$ 3403.07,100
577,09:40:28,$ 3402.98,100
578,09:40:28,$ 3403.16,400
579,09:40:26,$ 3403.19,100
580,09:40:26,$ 3402.095,100
581,09:40:23,$ 3401.655,100
582,09:40:23,$ 3401.61,100
583,09:40:23,$ 3401.70,100
584,09:40:19,$ 3401.855,300
585,09:40:16,$ 3402.30,100
586,09:40:16,$ 3402.30,100
587,09:40:16,$ 3403.1349,197
589,09:40:14,$ 3404.23,100
590,09:40:13,$ 3404.145,100
591,09:40:12,$ 3404.34,164
592,09:40:10,$ 3403.36,116
593,09:40:10,$ 3404.6976,384
594,09:40:09,$ 3403.49,100
595,09:40:07,$ 3405.2369,"1,000"
596,09:40:05,$ 3403.5389,115
597,09:40:04,$ 3404.95,100
598,09:40:02,$ 3404.325,100
599,09:39:59,$ 3405.213,500
600,09:39:59,$ 3404.4301,100
601,09:39:57,$ 3405.00,105
602,09:39:57,$ 3405.00,114
603,09:39:55,$ 3402.8126,100
604,09:39:55,$ 3404.39,100
605,09:39:53,$ 3403.365,100
606,09:39:50,$ 3404.00,100
607,09:39:49,$ 3403.12,100
608,09:39:47,$ 3403.67,100
610,09:39:47,$ 3403.60,100
611,09:39:39,$ 3402.72,155
612,09:39:38,$ 3400.11,195
613,09:39:36,$ 3402.305,100
614,09:39:32,$ 3400.765,113
615,09:39:32,$ 3400.763,249
616,09:39:32,$ 3400.763,103
617,09:39:28,$ 3404.98,100
618,09:39:28,$ 3403.03,100
619,09:39:24,$ 3403.995,100
620,09:39:23,$ 3404.89,100
621,09:39:23,$ 3404.60,100
622,09:39:20,$ 3403.175,100
623,09:39:18,$ 3402.99,200
624,09:39:18,$ 3403.00,310
625,09:39:18,$ 3403.00,100
626,09:39:14,$ 3403.415,100
627,09:39:12,$ 3403.57,100
628,09:39:07,$ 3403.5401,367
629,09:39:06,$ 3402.00,100
631,09:39:03,$ 3401.5138,100
632,09:39:03,$ 3403.835,100
633,09:39:02,$ 3403.10,100
634,09:38:59,$ 3402.29,100
635,09:38:59,$ 3402.35,100
636,09:38:56,$ 3402.61,120
637,09:38:55,$ 3402.88,100
638,09:38:55,$ 3401.7758,200
639,09:38:54,$ 3401.2601,100
640,09:38:54,$ 3401.81,100
641,09:38:51,$ 3401.565,122
642,09:38:48,$ 3401.24,100
643,09:38:48,$ 3401.98,100
644,09:38:48,$ 3401.66,100
645,09:38:48,$ 3401.66,100
646,09:38:48,$ 3401.76,100
647,09:38:48,$ 3401.76,100
648,09:38:48,$ 3402.03,100
649,09:38:48,$ 3401.8802,300
650,09:38:48,$ 3402.03,100
652,09:38:48,$ 3402.04,100
653,09:38:48,$ 3402.25,187
654,09:38:48,$ 3402.25,160
655,09:38:47,$ 3401.93,100
656,09:38:45,$ 3400.025,100
657,09:38:44,$ 3400.804,100
658,09:38:44,$ 3399.98,100
659,09:38:40,$ 3401.125,100
660,09:38:40,$ 3402.25,143
661,09:38:38,$ 3402.25,135
662,09:38:35,$ 3401.52,750
663,09:38:34,$ 3402.24,100
664,09:38:34,$ 3401.07,100
665,09:38:34,$ 3400.2704,100
666,09:38:31,$ 3401.00,218
667,09:38:31,$ 3401.00,228
668,09:38:31,$ 3400.59,500
669,09:38:29,$ 3399.695,102
670,09:38:22,$ 3400.8655,500
671,09:38:21,$ 3399.785,100
673,09:38:21,$ 3400.00,100
674,09:38:17,$ 3400.9899,200
675,09:38:16,$ 3399.16,100
676,09:38:15,$ 3399.175,100
677,09:38:14,$ 3399.345,100
678,09:38:14,$ 3399.92,100
679,09:38:14,$ 3399.92,100
680,09:38:14,$ 3400.00,187
681,09:38:14,$ 3399.85,100
682,09:38:14,$ 3399.22,100
683,09:38:14,$ 3398.565,100
684,09:38:13,$ 3399.025,100
685,09:38:12,$ 3398.74,100
686,09:38:09,$ 3399.10,100
687,09:38:07,$ 3397.32,100
688,09:38:07,$ 3397.46,100
689,09:38:03,$ 3395.4993,100
690,09:38:01,$ 3397.015,250
691,09:37:54,$ 3398.56,100
692,09:37:53,$ 3398.0501,100
694,09:37:53,$ 3400.8698,100
695,09:37:53,$ 3400.87,100
696,09:37:52,$ 3400.00,200
697,09:37:51,$ 3400.76,200
698,09:37:49,$ 3399.8899,300
699,09:37:49,$ 3402.25,166
700,09:37:49,$ 3402.25,100
701,09:37:48,$ 3403.74,185
702,09:37:46,$ 3401.32,100
703,09:37:46,$ 3403.27,200
704,09:37:44,$ 3404.96,100
705,09:37:38,$ 3404.82,100
706,09:37:37,$ 3405.00,100
707,09:37:37,$ 3405.00,493
708,09:37:35,$ 3404.13,100
709,09:37:34,$ 3403.74,100
710,09:37:33,$ 3402.2281,287
711,09:37:33,$ 3402.2281,678
712,09:37:33,$ 3403.265,200
713,09:37:32,$ 3401.40,100
715,09:37:30,$ 3402.95,100
716,09:37:30,$ 3402.90,100
717,09:37:30,$ 3402.95,100
718,09:37:30,$ 3402.95,100
719,09:37:29,$ 3400.58,100
720,09:37:29,$ 3400.00,100
721,09:37:29,$ 3400.00,100
722,09:37:29,$ 3400.00,588
723,09:37:29,$ 3400.00,"1,000"
724,09:37:29,$ 3400.00,100
725,09:37:29,$ 3400.00,100
726,09:37:29,$ 3400.00,100
727,09:37:29,$ 3400.00,467
728,09:37:29,$ 3400.00,450
729,09:37:29,$ 3400.00,215
730,09:37:29,$ 3400.00,120
731,09:37:29,$ 3400.00,187
732,09:37:29,$ 3400.00,187
733,09:37:29,$ 3400.00,156
734,09:37:29,$ 3398.982,100
736,09:37:29,$ 3399.00,100
737,09:37:29,$ 3399.00,117
738,09:37:29,$ 3398.58,300
739,09:37:29,$ 3398.00,100
740,09:37:28,$ 3397.56,130
741,09:37:28,$ 3397.3401,100
742,09:37:28,$ 3397.67,100
743,09:37:28,$ 3397.80,375
744,09:37:27,$ 3397.75,100
745,09:37:27,$ 3397.73,100
746,09:37:27,$ 3395.9701,100
747,09:37:27,$ 3397.39,200
748,09:37:27,$ 3397.73,100
749,09:37:27,$ 3397.00,100
750,09:37:24,$ 3395.00,100
751,09:37:24,$ 3394.97,100
752,09:37:24,$ 3395.00,100
753,09:37:23,$ 3394.98,100
754,09:37:21,$ 3393.495,100
755,09:37:21,$ 3393.495,150
757,09:37:14,$ 3394.9899,500
758,09:37:14,$ 3393.22,100
759,09:37:13,$ 3392.755,100
760,09:37:11,$ 3393.245,116
761,09:37:11,$ 3393.24,100
762,09:37:10,$ 3393.972,100
763,09:37:09,$ 3392.3328,200
764,09:37:08,$ 3392.99,100
765,09:37:08,$ 3392.99,100
766,09:37:06,$ 3391.99,100
767,09:37:06,$ 3391.805,100
768,09:37:03,$ 3392.05,100
769,09:37:03,$ 3391.66,100
770,09:37:03,$ 3390.93,100
771,09:37:03,$ 3392.89,100
772,09:37:03,$ 3392.89,100
773,09:37:02,$ 3391.7601,"1,000"
774,09:36:59,$ 3393.99,120
775,09:36:59,$ 3393.99,100
776,09:36:57,$ 3394.99,100
778,09:36:57,$ 3394.99,107
779,09:36:56,$ 3393.47,100
780,09:36:53,$ 3394.65,365
781,09:36:52,$ 3393.99,100
782,09:36:52,$ 3394.48,100
783,09:36:52,$ 3393.07,100
784,09:36:51,$ 3390.335,100
785,09:36:50,$ 3389.165,100
786,09:36:49,$ 3389.78,112
787,09:36:48,$ 3389.105,100
788,09:36:45,$ 3389.97,100
789,09:36:45,$ 3389.97,100
790,09:36:41,$ 3388.71,104
791,09:36:41,$ 3388.045,200
792,09:36:41,$ 3387.564,100
793,09:36:41,$ 3387.13,100
794,09:36:41,$ 3387.13,100
795,09:36:41,$ 3387.13,100
796,09:36:34,$ 3385.66,100
797,09:36:32,$ 3384.858,100
799,09:36:32,$ 3384.58,100
800,09:36:32,$ 3384.70,100
801,09:36:32,$ 3385.37,146
802,09:36:32,$ 3385.38,146
803,09:36:31,$ 3383.90,805
804,09:36:31,$ 3385.00,200
805,09:36:31,$ 3385.00,100
806,09:36:31,$ 3383.58,100
807,09:36:27,$ 3383.00,176
808,09:36:27,$ 3383.50,126
809,09:36:27,$ 3381.37,113
810,09:36:27,$ 3380.99,100
811,09:36:27,$ 3380.00,250
812,09:36:27,$ 3380.00,187
813,09:36:27,$ 3380.00,187
814,09:36:20,$ 3377.40,100
815,09:36:20,$ 3378.04,100
816,09:36:19,$ 3378.57,200
817,09:36:19,$ 3379.87,100
818,09:36:19,$ 3379.87,100
820,09:36:18,$ 3377.28,100
821,09:36:10,$ 3379.47,100
822,09:36:10,$ 3379.76,100
823,09:36:10,$ 3379.36,200
824,09:36:10,$ 3378.235,300
825,09:36:10,$ 3379.7996,100
826,09:36:10,$ 3379.00,210
827,09:36:08,$ 3377.97,154
828,09:36:07,$ 3375.67,100
829,09:36:07,$ 3376.35,100
830,09:36:07,$ 3375.58,100
831,09:36:07,$ 3375.67,100
832,09:36:07,$ 3376.11,100
833,09:36:05,$ 3376.00,500
834,09:36:04,$ 3374.63,100
835,09:36:01,$ 3373.9927,450
836,09:35:55,$ 3372.98,100
837,09:35:52,$ 3372.1921,275
838,09:35:51,$ 3373.50,200
839,09:35:51,$ 3372.0001,300
841,09:35:50,$ 3372.0001,100
842,09:35:48,$ 3372.2623,225
843,09:35:45,$ 3373.20,100
844,09:35:45,$ 3373.20,100
845,09:35:45,$ 3373.20,100
846,09:35:44,$ 3373.53,100
847,09:35:43,$ 3373.44,100
848,09:35:42,$ 3373.945,100
849,09:35:42,$ 3373.775,118
850,09:35:39,$ 3373.78,108
851,09:35:30,$ 3372.24,100
852,09:35:22,$ 3375.05,100
853,09:35:22,$ 3376.11,500
854,09:35:21,$ 3377.47,103
855,09:35:14,$ 3377.00,148
856,09:35:14,$ 3377.97,100
857,09:35:10,$ 3377.69,100
858,09:35:08,$ 3376.7131,100
859,09:35:04,$ 3377.82,100
860,09:35:03,$ 3376.2707,100
862,09:35:02,$ 3377.00,334
863,09:35:01,$ 3376.02,200
864,09:35:01,$ 3376.61,100
865,09:35:01,$ 3376.97,100
866,09:35:01,$ 3376.97,100
867,09:35:01,$ 3376.97,100
868,09:35:01,$ 3376.61,100
869,09:35:01,$ 3376.28,100
870,09:35:01,$ 3376.28,100
871,09:35:01,$ 3375.91,100
872,09:35:01,$ 3375.91,100
873,09:35:01,$ 3375.91,100
874,09:35:01,$ 3375.91,100
875,09:35:01,$ 3375.32,100
876,09:35:01,$ 3375.60,100
877,09:34:58,$ 3374.36,100
878,09:34:47,$ 3374.24,100
879,09:34:44,$ 3376.5905,400
880,09:34:42,$ 3375.29,948
881,09:34:42,$ 3374.2302,100
883,09:34:39,$ 3370.6937,100
884,09:34:38,$ 3374.96,126
885,09:34:38,$ 3374.86,100
886,09:34:38,$ 3374.70,100
887,09:34:36,$ 3371.8809,100
888,09:34:35,$ 3374.20,100
889,09:34:34,$ 3376.7599,300
890,09:34:29,$ 3377.9625,100
891,09:34:29,$ 3378.49,100
892,09:34:28,$ 3379.305,100
893,09:34:28,$ 3379.45,100
894,09:34:28,$ 3379.03,100
895,09:34:28,$ 3378.90,100
896,09:34:27,$ 3379.76,100
897,09:34:27,$ 3376.86,100
898,09:34:26,$ 3377.78,106
899,09:34:26,$ 3378.03,106
900,09:34:26,$ 3378.71,100
901,09:34:26,$ 3377.52,865
902,09:34:26,$ 3377.77,578
904,09:34:26,$ 3377.48,100
905,09:34:26,$ 3377.73,100
906,09:34:26,$ 3376.8436,100
907,09:34:26,$ 3375.99,250
908,09:34:23,$ 3372.9481,117
909,09:34:20,$ 3373.99,100
910,09:34:20,$ 3373.99,100
911,09:34:20,$ 3373.94,100
912,09:34:20,$ 3372.675,150
913,09:34:20,$ 3373.99,300
914,09:34:17,$ 3373.775,100
915,09:34:17,$ 3374.00,100
916,09:34:17,$ 3374.00,100
917,09:34:17,$ 3371.3061,398
918,09:34:16,$ 3370.94,200
919,09:34:13,$ 3369.92,100
920,09:34:11,$ 3367.91,300
921,09:34:11,$ 3369.08,100
922,09:33:58,$ 3371.7103,100
923,09:33:55,$ 3370.00,100
925,09:33:55,$ 3368.96,100
926,09:33:52,$ 3367.78,100
927,09:33:50,$ 3366.6935,100
928,09:33:49,$ 3365.5367,200
929,09:33:49,$ 3365.7605,100
930,09:33:47,$ 3366.98,100
931,09:33:47,$ 3367.47,100
932,09:33:46,$ 3367.43,100
933,09:33:45,$ 3368.7818,500
934,09:33:41,$ 3370.4301,150
935,09:33:41,$ 3372.489,100
936,09:33:40,$ 3371.46,175
937,09:33:39,$ 3370.7051,100
938,09:33:38,$ 3372.44,100
939,09:33:38,$ 3371.105,100
940,09:33:37,$ 3369.98,100
941,09:33:36,$ 3370.00,"1,000"
942,09:33:36,$ 3370.00,100
943,09:33:36,$ 3369.30,100
944,09:33:36,$ 3368.735,100
946,09:33:36,$ 3368.725,100
947,09:33:36,$ 3368.02,100
948,09:33:33,$ 3368.4995,182
949,09:33:33,$ 3367.96,100
950,09:33:33,$ 3369.00,400
951,09:33:32,$ 3368.99,124
952,09:33:32,$ 3368.32,200
953,09:33:32,$ 3367.665,100
954,09:33:32,$ 3367.235,300
955,09:33:32,$ 3368.4796,100
956,09:33:32,$ 3368.039,100
957,09:33:32,$ 3368.12,100
958,09:33:32,$ 3368.00,100
959,09:33:32,$ 3368.00,100
960,09:33:32,$ 3367.70,100
961,09:33:32,$ 3367.67,100
962,09:33:32,$ 3367.51,100
963,09:33:32,$ 3367.62,100
964,09:33:32,$ 3367.67,667
965,09:33:32,$ 3366.50,100
967,09:33:32,$ 3367.66,100
968,09:33:32,$ 3367.67,400
969,09:33:32,$ 3367.54,100
970,09:33:32,$ 3367.67,100
971,09:33:32,$ 3367.67,400
972,09:33:32,$ 3367.605,100
973,09:33:32,$ 3366.00,100
974,09:33:32,$ 3365.49,100
975,09:33:32,$ 3365.50,200
976,09:33:32,$ 3364.81,100
977,09:33:31,$ 3362.74,100
978,09:33:31,$ 3362.7396,100
979,09:33:26,$ 3361.51,100
980,09:33:26,$ 3361.51,100
981,09:33:26,$ 3360.00,100
982,09:33:26,$ 3360.00,344
983,09:33:25,$ 3359.00,100
984,09:33:25,$ 3357.62,100
985,09:33:25,$ 3357.94,100
986,09:33:12,$ 3352.13,100
988,09:33:09,$ 3354.90,100
989,09:33:05,$ 3351.5555,300
990,09:33:00,$ 3354.33,100
991,09:32:52,$ 3354.84,100
992,09:32:51,$ 3355.75,446
993,09:32:51,$ 3355.75,100
994,09:32:51,$ 3355.75,218
995,09:32:51,$ 3355.75,213
996,09:32:51,$ 3355.00,100
997,09:32:51,$ 3355.00,100
998,09:32:51,$ 3354.90,100
999,09:32:51,$ 3354.90,100
1000,09:32:51,$ 3354.90,100
1001,09:32:39,$ 3351.29,199
1002,09:32:34,$ 3353.00,119
1003,09:32:30,$ 3350.4601,210
1004,09:32:28,$ 3352.12,102
1005,09:32:28,$ 3352.12,360
1006,09:32:24,$ 3351.73,134
1007,09:32:22,$ 3350.96,100
1009,09:32:22,$ 3350.63,198
1010,09:32:17,$ 3352.68,100
1011,09:32:17,$ 3351.77,100
1012,09:32:16,$ 3350.4959,150
1013,09:32:15,$ 3352.10,112
1014,09:32:14,$ 3351.16,100
1015,09:32:14,$ 3351.99,100
1016,09:32:14,$ 3351.89,125
1017,09:32:11,$ 3351.92,100
1018,09:32:06,$ 3350.46,182
1019,09:32:06,$ 3348.00,100
1020,09:32:04,$ 3349.00,100
1021,09:31:57,$ 3350.4254,100
1022,09:31:56,$ 3347.76,100
1023,09:31:53,$ 3346.38,100
1024,09:31:50,$ 3347.65,100
1025,09:31:50,$ 3348.06,100
1026,09:31:50,$ 3348.05,100
1027,09:31:50,$ 3347.98,100
1028,09:31:50,$ 3348.29,100
1030,09:31:49,$ 3348.50,100
1031,09:31:44,$ 3350.00,100
1032,09:31:40,$ 3348.60,100
1033,09:31:40,$ 3348.30,100
1034,09:31:40,$ 3348.16,100
1035,09:31:40,$ 3348.16,100
1036,09:31:40,$ 3349.995,100
1037,09:31:36,$ 3348.15,100
1038,09:31:36,$ 3348.30,100
1039,09:31:28,$ 3349.60,100
1040,09:31:28,$ 3350.03,100
1041,09:31:28,$ 3350.47,100
1042,09:31:28,$ 3350.47,100
1043,09:31:28,$ 3349.93,100
1044,09:31:28,$ 3350.40,100
1045,09:31:27,$ 3349.58,200
1046,09:31:27,$ 3349.19,100
1047,09:31:26,$ 3347.38,150
1048,09:31:26,$ 3347.01,200
1049,09:31:26,$ 3347.76,138
1051,09:31:25,$ 3347.75,100
1052,09:31:25,$ 3347.65,100
1053,09:31:25,$ 3346.10,100
1054,09:31:25,$ 3346.30,200
1055,09:31:25,$ 3346.51,100
1056,09:31:24,$ 3346.14,100
1057,09:31:24,$ 3345.49,100
1058,09:31:23,$ 3345.56,100
1059,09:31:23,$ 3346.53,100
1060,09:31:23,$ 3346.54,100
1061,09:31:13,$ 3347.89,100
1062,09:31:13,$ 3348.03,100
1063,09:31:02,$ 3348.575,100
1064,09:31:02,$ 3352.0406,"1,830"
1065,09:31:02,$ 3351.42,100
1066,09:31:02,$ 3350.27,100
1067,09:31:02,$ 3350.01,100
1068,09:31:02,$ 3349.99,100
1069,09:31:02,$ 3349.982,100
1070,09:31:02,$ 3349.96,100
1072,09:31:02,$ 3348.14,100
1073,09:31:02,$ 3348.77,100
1074,09:31:02,$ 3347.79,100
1075,09:31:02,$ 3348.26,100
1076,09:31:02,$ 3348.82,100
1077,09:31:02,$ 3348.87,100
1078,09:30:59,$ 3347.505,100
1079,09:30:59,$ 3347.46,100
1080,09:30:59,$ 3347.47,100
1081,09:30:59,$ 3347.19,100
1082,09:30:53,$ 3346.235,200
1083,09:30:52,$ 3345.48,200
1084,09:30:44,$ 3346.31,100
1085,09:30:43,$ 3345.49,200
1086,09:30:32,$ 3349.52,100
1087,09:30:32,$ 3349.585,100
1088,09:30:32,$ 3347.83,100
1089,09:30:32,$ 3347.64,100
1090,09:30:32,$ 3347.565,100
1091,09:30:30,$ 3348.00,100
1093,09:30:28,$ 3349.99,100
1094,09:30:28,$ 3349.99,100
1095,09:30:19,$ 3349.9394,150
1096,09:30:12,$ 3347.11,300
1097,09:30:12,$ 3350.18,100
1098,09:30:12,$ 3351.37,100
1099,09:30:12,$ 3351.90,100
1100,09:30:12,$ 3349.15,100
1101,09:30:12,$ 3349.18,100
1102,09:30:12,$ 3350.01,100
1103,09:30:11,$ 3347.11,100
1104,09:30:07,$ 3348.67,100
1105,09:30:07,$ 3349.10,100
1106,09:30:06,$ 3350.00,100
1107,09:30:05,$ 3349.90,100
1108,09:30:02,$ 3352.00,1
1109,09:30:02,$ 3352.00,15
1110,09:30:02,$ 3352.00,1
1111,09:30:02,$ 3352.00,1
1112,09:30:02,$ 3352.00,5
1114,09:30:02,$ 3352.00,2
1115,09:30:02,$ 3352.00,1
1116,09:30:02,$ 3352.00,1
1117,09:30:02,$ 3352.00,1
1118,09:30:02,$ 3352.00,2
1119,09:30:02,$ 3352.00,1
1120,09:30:02,$ 3352.00,1
1121,09:30:02,$ 3352.00,1
1122,09:30:02,$ 3352.00,1
1123,09:30:02,$ 3352.00,1
1124,09:30:02,$ 3352.00,1
1125,09:30:02,$ 3352.00,2
1126,09:30:02,$ 3352.00,1
1127,09:30:02,$ 3352.00,1
1128,09:30:02,$ 3352.00,1
1129,09:30:02,$ 3352.00,1
1130,09:30:02,$ 3352.00,1
1131,09:30:02,$ 3352.00,1
1132,09:30:02,$ 3352.00,1
1133,09:30:02,$ 3352.00,1
1135,09:30:02,$ 3352.00,1
1136,09:30:02,$ 3352.00,1
1137,09:30:02,$ 3352.00,1
1138,09:30:02,$ 3352.00,1
1139,09:30:02,$ 3352.00,1
1140,09:30:02,$ 3352.00,1
1141,09:30:02,$ 3352.00,1
1142,09:30:02,$ 3352.00,1
1143,09:30:02,$ 3352.00,1
1144,09:30:02,$ 3352.00,1
1145,09:30:02,$ 3352.00,1
1146,09:30:02,$ 3352.00,1
1147,09:30:02,$ 3352.00,1
1148,09:30:02,$ 3352.00,1
1149,09:30:02,$ 3352.00,10
1150,09:30:02,$ 3352.00,3
1151,09:30:02,$ 3352.00,1
1152,09:30:02,$ 3352.00,1
1153,09:30:02,$ 3352.00,1
1154,09:30:02,$ 3352.00,1
1156,09:30:02,$ 3352.00,1
1157,09:30:02,$ 3352.00,1
1158,09:30:02,$ 3352.00,1
1159,09:30:02,$ 3352.00,1
1160,09:30:02,$ 3352.00,1
1161,09:30:02,$ 3352.00,1
1162,09:30:02,$ 3352.00,1
1163,09:30:02,$ 3352.00,1
1164,09:30:02,$ 3352.00,1
1165,09:30:02,$ 3352.00,1
1166,09:30:02,$ 3352.00,25
1167,09:30:02,$ 3352.00,1
1168,09:30:02,$ 3352.00,2
1169,09:30:02,$ 3352.00,1
1170,09:30:02,$ 3352.00,1
1171,09:30:02,$ 3352.00,1
1172,09:30:02,$ 3352.00,4
1173,09:30:02,$ 3352.00,1
1174,09:30:02,$ 3352.00,1
1175,09:30:02,$ 3352.00,1
1177,09:30:02,$ 3352.00,1
1178,09:30:02,$ 3352.00,1
1179,09:30:02,$ 3352.00,1
1180,09:30:02,$ 3352.00,1
1181,09:30:02,$ 3352.00,1
1182,09:30:02,$ 3352.00,1
1183,09:30:02,$ 3352.00,1
1184,09:30:02,$ 3352.00,1
1185,09:30:02,$ 3352.00,1
1186,09:30:02,$ 3352.00,1
1187,09:30:02,$ 3352.00,1
1188,09:30:02,$ 3352.00,1
1189,09:30:02,$ 3352.00,1
1190,09:30:02,$ 3352.00,1
1191,09:30:02,$ 3352.00,1
1192,09:30:02,$ 3352.00,1
1193,09:30:02,$ 3352.00,1
1194,09:30:02,$ 3352.00,1
1195,09:30:02,$ 3352.00,10
1196,09:30:02,$ 3352.00,3
1198,09:30:02,$ 3352.00,5
1199,09:30:02,$ 3352.00,1
1200,09:30:02,$ 3352.00,3
1201,09:30:02,$ 3352.00,30
1202,09:30:02,$ 3352.00,1
1203,09:30:02,$ 3352.00,10
1204,09:30:02,$ 3352.00,20
1205,09:30:02,$ 3352.00,4
1206,09:30:02,$ 3352.00,1
1207,09:30:02,$ 3352.00,2
1208,09:30:02,$ 3352.00,3
1209,09:30:02,$ 3352.00,1
1210,09:30:02,$ 3352.00,1
1211,09:30:02,$ 3352.00,1
1212,09:30:02,$ 3352.00,1
1213,09:30:02,$ 3352.00,2
1214,09:30:02,$ 3352.00,1
1215,09:30:02,$ 3352.00,3
1216,09:30:02,$ 3352.00,3
1217,09:30:02,$ 3352.00,1
1219,09:30:02,$ 3352.00,6
1220,09:30:02,$ 3352.00,4
1221,09:30:02,$ 3352.00,10
1222,09:30:02,$ 3352.00,1
1223,09:30:02,$ 3352.00,1
1224,09:30:02,$ 3352.00,1
1225,09:30:02,$ 3352.00,80
1226,09:30:02,$ 3352.00,1
1227,09:30:02,$ 3352.00,1
1228,09:30:02,$ 3352.00,1
1229,09:30:02,$ 3352.00,2
1230,09:30:02,$ 3352.00,1
1231,09:30:02,$ 3352.00,1
1232,09:30:02,$ 3352.00,1
1233,09:30:02,$ 3352.00,1
1234,09:30:02,$ 3352.00,7
1235,09:30:02,$ 3352.00,2
1236,09:30:02,$ 3352.00,1
1237,09:30:02,$ 3352.00,5
1238,09:30:02,$ 3352.00,9
1240,09:30:02,$ 3352.00,3
1241,09:30:02,$ 3352.00,8
1242,09:30:02,$ 3352.00,1
1243,09:30:02,$ 3352.00,17
1244,09:30:02,$ 3352.00,3
1245,09:30:02,$ 3352.00,2
1246,09:30:02,$ 3352.00,1
1247,09:30:02,$ 3352.00,1
1248,09:30:02,$ 3352.00,1
1249,09:30:02,$ 3352.00,10
1250,09:30:02,$ 3352.00,1
1251,09:30:02,$ 3352.00,1
1252,09:30:02,$ 3352.00,3
1253,09:30:02,$ 3352.00,1
1254,09:30:02,$ 3352.00,1
1255,09:30:02,$ 3352.00,1
1256,09:30:02,$ 3352.00,4
1257,09:30:02,$ 3352.00,3
1258,09:30:02,$ 3352.00,2
1259,09:30:02,$ 3352.00,1
1261,09:30:02,$ 3352.00,1
1262,09:30:02,$ 3352.00,1
1263,09:30:02,$ 3352.00,10
1264,09:30:02,$ 3352.00,8
1265,09:30:02,$ 3352.00,1
1266,09:30:02,$ 3352.00,1
1267,09:30:02,$ 3352.00,6
1268,09:30:02,$ 3352.00,1
1269,09:30:02,$ 3352.00,2
1270,09:30:02,$ 3352.00,1
1271,09:30:02,$ 3352.00,4
1272,09:30:02,$ 3352.00,9
1273,09:30:02,$ 3352.00,1
1274,09:30:02,$ 3352.00,1
1275,09:30:02,$ 3352.00,1
1276,09:30:02,$ 3352.00,10
1277,09:30:02,$ 3352.00,1
1278,09:30:02,$ 3352.00,1
1279,09:30:02,$ 3352.00,1
1280,09:30:02,$ 3352.00,1
1282,09:30:02,$ 3352.00,1
1283,09:30:02,$ 3352.00,1
1284,09:30:02,$ 3352.00,1
1285,09:30:02,$ 3352.00,1
1286,09:30:02,$ 3352.00,7
1287,09:30:02,$ 3352.00,1
1288,09:30:02,$ 3352.00,1
1289,09:30:02,$ 3352.00,1
1290,09:30:02,$ 3352.00,1
1291,09:30:02,$ 3352.00,1
1292,09:30:02,$ 3352.00,1
1293,09:30:02,$ 3352.00,1
1294,09:30:02,$ 3352.00,1
1295,09:30:02,$ 3352.00,1
1296,09:30:02,$ 3352.00,1
1297,09:30:02,$ 3352.00,1
1298,09:30:02,$ 3352.00,1
1299,09:30:02,$ 3352.00,2
1300,09:30:02,$ 3352.00,1
1301,09:30:02,$ 3352.00,1
1303,09:30:02,$ 3352.00,1
1304,09:30:02,$ 3352.00,1
1305,09:30:02,$ 3352.00,1
1306,09:30:02,$ 3352.00,1
1307,09:30:02,$ 3352.00,7
1308,09:30:02,$ 3352.00,1
1309,09:30:02,$ 3352.00,1
1310,09:30:02,$ 3352.00,1
1311,09:30:02,$ 3352.00,1
1312,09:30:02,$ 3352.00,1
1313,09:30:02,$ 3352.00,1
1314,09:30:02,$ 3352.00,1
1315,09:30:02,$ 3352.00,1
1316,09:30:02,$ 3352.00,1
1317,09:30:02,$ 3352.00,1
1318,09:30:02,$ 3352.00,1
1319,09:30:02,$ 3352.00,1
1320,09:30:02,$ 3352.00,2
1321,09:30:02,$ 3352.00,1
1322,09:30:02,$ 3352.00,1
1324,09:30:02,$ 3352.00,6
1325,09:30:02,$ 3352.00,1
1326,09:30:02,$ 3352.00,1
1327,09:30:02,$ 3352.00,2
1328,09:30:02,$ 3352.00,4
1329,09:30:02,$ 3352.00,3
1330,09:30:02,$ 3352.00,11
1331,09:30:02,$ 3352.00,1
1332,09:30:02,$ 3352.00,3
1333,09:30:02,$ 3352.00,1
1334,09:30:02,$ 3352.00,4
1335,09:30:02,$ 3352.00,6
1336,09:30:02,$ 3352.00,1
1337,09:30:02,$ 3352.00,1
1338,09:30:02,$ 3352.00,1
1339,09:30:02,$ 3352.00,1
1340,09:30:02,$ 3352.00,1
1341,09:30:02,$ 3352.00,2
1342,09:30:02,$ 3352.00,1
1343,09:30:02,$ 3352.00,3
1345,09:30:02,$ 3352.00,2
1346,09:30:02,$ 3352.00,4
1347,09:30:02,$ 3352.00,5
1348,09:30:02,$ 3352.00,1
1349,09:30:02,$ 3352.00,30
1350,09:30:02,$ 3352.00,1
1351,09:30:02,$ 3352.00,1
1352,09:30:02,$ 3352.00,1
1353,09:30:02,$ 3352.00,5
1354,09:30:02,$ 3352.00,1
1355,09:30:02,$ 3352.00,1
1356,09:30:02,$ 3352.00,1
1357,09:30:02,$ 3352.00,53
1358,09:30:02,$ 3352.00,1
1359,09:30:02,$ 3352.00,1
1360,09:30:02,$ 3352.00,1
1361,09:30:02,$ 3352.00,6
1362,09:30:02,$ 3352.00,2
1363,09:30:02,$ 3352.00,7
1364,09:30:02,$ 3352.00,17
1366,09:30:02,$ 3352.00,1
1367,09:30:02,$ 3352.00,1
1368,09:30:02,$ 3352.00,1
1369,09:30:02,$ 3352.00,56
1370,09:30:02,$ 3352.00,69
1371,09:30:02,$ 3352.00,6
1372,09:30:02,$ 3352.00,1
1373,09:30:02,$ 3352.00,2
1374,09:30:02,$ 3352.00,13
1375,09:30:02,$ 3352.00,5
1376,09:30:02,$ 3352.00,1
1377,09:30:02,$ 3352.00,1
1378,09:30:02,$ 3352.00,1
1379,09:30:02,$ 3352.00,1
1380,09:30:02,$ 3352.00,2
1381,09:30:02,$ 3352.00,3
1382,09:30:02,$ 3352.00,1
1383,09:30:02,$ 3352.00,7
1384,09:30:02,$ 3352.00,20
1385,09:30:02,$ 3352.00,2
1387,09:30:02,$ 3352.00,1
1388,09:30:02,$ 3352.00,3
1389,09:30:02,$ 3352.00,1
1390,09:30:02,$ 3352.00,2
1391,09:30:02,$ 3352.00,1
1392,09:30:02,$ 3352.00,10
1393,09:30:02,$ 3352.00,2
1394,09:30:02,$ 3352.00,4
1395,09:30:02,$ 3352.00,1
1396,09:30:02,$ 3352.00,20
1397,09:30:02,$ 3352.00,1
1398,09:30:02,$ 3352.00,1
1399,09:30:02,$ 3352.00,10
1400,09:30:02,$ 3352.00,2
1401,09:30:02,$ 3352.00,10
1402,09:30:02,$ 3352.00,1
1403,09:30:02,$ 3352.00,35
1404,09:30:02,$ 3352.00,2
1405,09:30:02,$ 3352.00,2
1406,09:30:02,$ 3352.00,1
1408,09:30:02,$ 3352.00,100
1409,09:30:02,$ 3352.00,5
1410,09:30:02,$ 3352.00,42
1411,09:30:02,$ 3352.00,2
1412,09:30:02,$ 3352.00,50
1413,09:30:02,$ 3352.00,3
1414,09:30:02,$ 3352.00,3
1415,09:30:02,$ 3352.00,2
1416,09:30:02,$ 3352.00,5
1417,09:30:02,$ 3352.00,3
1418,09:30:02,$ 3352.00,5
1419,09:30:02,$ 3352.00,1
1420,09:30:02,$ 3352.00,3
1421,09:30:02,$ 3352.00,4
1422,09:30:02,$ 3352.00,5
1423,09:30:02,$ 3352.00,6
1424,09:30:02,$ 3352.00,4
1425,09:30:02,$ 3352.00,1
1426,09:30:02,$ 3352.00,3
1427,09:30:02,$ 3352.00,5
1429,09:30:02,$ 3352.00,2
1430,09:30:02,$ 3352.00,3
1431,09:30:02,$ 3352.00,2
1432,09:30:02,$ 3352.00,100
1433,09:30:02,$ 3352.00,1
1434,09:30:02,$ 3352.00,50
1435,09:30:02,$ 3352.00,57
1436,09:30:02,$ 3352.00,10
1437,09:30:02,$ 3352.00,1
1438,09:30:02,$ 3352.00,1
1439,09:30:02,$ 3352.00,5
1440,09:30:02,$ 3352.00,30
1441,09:30:02,$ 3352.00,2
1442,09:30:02,$ 3352.00,5
1443,09:30:02,$ 3352.00,15
1444,09:30:02,$ 3352.00,30
1445,09:30:02,$ 3352.00,5
1446,09:30:02,$ 3352.00,8
1447,09:30:02,$ 3352.00,12
1448,09:30:02,$ 3352.00,2
1450,09:30:02,$ 3352.00,9
1451,09:30:02,$ 3352.00,11
1452,09:30:02,$ 3352.00,1
1453,09:30:02,$ 3352.00,2
1454,09:30:02,$ 3352.00,9
1455,09:30:02,$ 3352.00,10
1456,09:30:02,$ 3352.00,1
1457,09:30:02,$ 3352.00,12
1458,09:30:02,$ 3352.00,1
1459,09:30:02,$ 3352.00,2
1460,09:30:02,$ 3352.00,3
1461,09:30:02,$ 3352.00,1
1462,09:30:02,$ 3352.00,11
1463,09:30:02,$ 3352.00,50
1464,09:30:02,$ 3352.00,11
1465,09:30:02,$ 3352.00,3
1466,09:30:02,$ 3352.00,1
1467,09:30:02,$ 3352.00,5
1468,09:30:02,$ 3352.00,40
1469,09:30:02,$ 3352.00,3
1471,09:30:02,$ 3352.00,20
1472,09:30:02,$ 3352.00,4
1473,09:30:02,$ 3352.00,7
1474,09:30:02,$ 3352.00,5
1475,09:30:02,$ 3352.00,3
1476,09:30:02,$ 3352.00,1
1477,09:30:02,$ 3352.00,10
1478,09:30:02,$ 3352.00,1
1479,09:30:02,$ 3352.00,5
1480,09:30:02,$ 3352.00,9
1481,09:30:02,$ 3352.00,1
1482,09:30:02,$ 3352.00,3
1483,09:30:02,$ 3352.00,11
1484,09:30:02,$ 3352.00,1
1485,09:30:02,$ 3352.00,15
1486,09:30:02,$ 3352.00,2
1487,09:30:02,$ 3352.00,3
1488,09:30:02,$ 3352.00,4
1489,09:30:02,$ 3352.00,1
1490,09:30:02,$ 3352.00,5
1492,09:30:02,$ 3352.00,45
1493,09:30:02,$ 3352.00,164
1494,09:30:02,$ 3352.00,1
1495,09:30:02,$ 3352.00,17
1496,09:30:02,$ 3352.00,28
1497,09:30:02,$ 3352.00,3
1498,09:30:02,$ 3352.00,1
1499,09:30:02,$ 3352.00,3
1500,09:30:02,$ 3352.00,2
1501,09:30:02,$ 3352.00,1
1502,09:30:02,$ 3352.00,4
1503,09:30:02,$ 3352.00,2
1504,09:30:02,$ 3352.00,60
1505,09:30:02,$ 3352.00,1
1506,09:30:02,$ 3352.00,3
1507,09:30:02,$ 3352.00,1
1508,09:30:02,$ 3352.00,7
1509,09:30:02,$ 3352.00,34
1510,09:30:02,$ 3352.00,2
1511,09:30:02,$ 3352.00,1
1513,09:30:02,$ 3352.00,2
1514,09:30:02,$ 3352.00,15
1515,09:30:02,$ 3352.00,5
1516,09:30:02,$ 3352.00,7
1517,09:30:02,$ 3352.00,6
1518,09:30:02,$ 3352.00,8
1519,09:30:02,$ 3352.00,2
1520,09:30:02,$ 3352.00,1
1521,09:30:02,$ 3352.00,1
1522,09:30:02,$ 3352.00,1
1523,09:30:02,$ 3352.00,1
1524,09:30:02,$ 3352.00,1
1525,09:30:02,$ 3352.00,2
1526,09:30:02,$ 3352.00,1
1527,09:30:02,$ 3352.00,111
1528,09:30:02,$ 3352.00,24
1529,09:30:02,$ 3352.00,1
1530,09:30:02,$ 3352.00,1
1531,09:30:02,$ 3352.00,1
1532,09:30:02,$ 3352.00,8
1534,09:30:02,$ 3352.00,1
1535,09:30:02,$ 3352.00,2
1536,09:30:02,$ 3352.00,1
1537,09:30:02,$ 3352.00,1
1538,09:30:02,$ 3352.00,2
1539,09:30:02,$ 3352.00,1
1540,09:30:02,$ 3352.00,2
1541,09:30:02,$ 3352.00,1
1542,09:30:02,$ 3352.00,30
1543,09:30:02,$ 3352.00,1
1544,09:30:02,$ 3352.00,10
1545,09:30:02,$ 3352.00,2
1546,09:30:02,$ 3352.00,40
1547,09:30:02,$ 3352.00,3
1548,09:30:02,$ 3352.00,260
1549,09:30:02,$ 3352.00,5
1550,09:30:02,$ 3352.00,1
1551,09:30:02,$ 3352.00,21
1552,09:30:02,$ 3352.00,21
1553,09:30:02,$ 3352.00,57
1555,09:30:02,$ 3352.00,3
1556,09:30:02,$ 3352.00,15
1557,09:30:02,$ 3352.00,3
1558,09:30:02,$ 3352.00,35
1559,09:30:02,$ 3352.00,4
1560,09:30:02,$ 3352.00,3
1561,09:30:02,$ 3352.00,15
1562,09:30:02,$ 3352.00,1
1563,09:30:02,$ 3352.00,10
1564,09:30:02,$ 3352.00,40
1565,09:30:02,$ 3352.00,2
1566,09:30:02,$ 3352.00,1
1567,09:30:02,$ 3352.00,1
1568,09:30:02,$ 3352.00,2
1569,09:30:02,$ 3352.00,3
1570,09:30:02,$ 3352.00,6
1571,09:30:02,$ 3352.00,2
1572,09:30:02,$ 3352.00,1
1573,09:30:02,$ 3352.00,1
1574,09:30:02,$ 3352.00,7
1576,09:30:02,$ 3352.00,2
1577,09:30:02,$ 3352.00,10
1578,09:30:02,$ 3352.00,10
1579,09:30:02,$ 3352.00,9
1580,09:30:02,$ 3352.00,1
1581,09:30:02,$ 3352.00,50
1582,09:30:02,$ 3352.00,1
1583,09:30:02,$ 3352.00,602
1584,09:30:02,$ 3352.00,6
1585,09:30:02,$ 3352.00,3
1586,09:30:02,$ 3352.00,3
1587,09:30:02,$ 3352.00,105
1588,09:30:02,$ 3352.00,1
1589,09:30:02,$ 3352.00,10
1590,09:30:02,$ 3352.00,19
1591,09:30:02,$ 3352.00,10
1592,09:30:02,$ 3352.00,1
1593,09:30:02,$ 3352.00,29
1594,09:30:02,$ 3352.00,22
1595,09:30:02,$ 3352.00,57
1597,09:30:02,$ 3352.00,12
1598,09:30:02,$ 3352.00,2
1599,09:30:02,$ 3352.00,182
1600,09:30:02,$ 3352.00,2
1601,09:30:02,$ 3352.00,140
1602,09:30:02,$ 3352.00,15
1603,09:30:02,$ 3352.00,1
1604,09:30:02,$ 3352.00,5
1605,09:30:02,$ 3352.00,213
1606,09:30:02,$ 3352.00,3
1607,09:30:02,$ 3352.00,36
1608,09:30:02,$ 3352.00,6
1609,09:30:02,$ 3352.00,4
1610,09:30:02,$ 3352.00,1
1611,09:30:02,$ 3352.00,1
1612,09:30:02,$ 3352.00,10
1613,09:30:02,$ 3352.00,22
1614,09:30:02,$ 3352.00,90
1615,09:30:02,$ 3352.00,7
1616,09:30:02,$ 3352.00,6
1618,09:30:02,$ 3352.00,1
1619,09:30:02,$ 3352.00,4
1620,09:30:02,$ 3352.00,5
1621,09:30:02,$ 3352.00,5
1622,09:30:02,$ 3352.00,1
1623,09:30:02,$ 3352.00,5
1624,09:30:02,$ 3352.00,1
1625,09:30:02,$ 3352.00,1
1626,09:30:02,$ 3352.00,5
1627,09:30:02,$ 3352.00,5
1628,09:30:02,$ 3352.00,2
1629,09:30:02,$ 3352.00,1
1630,09:30:02,$ 3352.00,6
1631,09:30:02,$ 3352.00,261
1632,09:30:02,$ 3352.00,2
1633,09:30:02,$ 3352.00,6
1634,09:30:02,$ 3352.00,5
1635,09:30:02,$ 3352.00,2
1636,09:30:02,$ 3352.00,2
1637,09:30:02,$ 3352.00,100
1639,09:30:02,$ 3352.00,2
1640,09:30:02,$ 3352.00,3
1641,09:30:02,$ 3352.00,2
1642,09:30:02,$ 3352.00,1
1643,09:30:02,$ 3352.00,2
1644,09:30:02,$ 3352.00,91
1645,09:30:02,$ 3352.00,60
1646,09:30:02,$ 3352.00,15
1647,09:30:02,$ 3352.00,5
1648,09:30:02,$ 3352.00,10
1649,09:30:02,$ 3352.00,1
1650,09:30:02,$ 3352.00,1
1651,09:30:02,$ 3352.00,5
1652,09:30:02,$ 3352.00,1
1653,09:30:02,$ 3352.00,8
1654,09:30:02,$ 3352.00,1
1655,09:30:02,$ 3352.00,10
1656,09:30:02,$ 3352.00,1
1657,09:30:02,$ 3352.00,2
1658,09:30:02,$ 3352.00,3
1660,09:30:02,$ 3352.00,18
1661,09:30:02,$ 3352.00,30
1662,09:30:02,$ 3352.00,5
1663,09:30:02,$ 3352.00,3
1664,09:30:02,$ 3352.00,7
1665,09:30:02,$ 3352.00,43
1666,09:30:02,$ 3352.00,1
1667,09:30:02,$ 3352.00,15
1668,09:30:02,$ 3352.00,9
1669,09:30:02,$ 3352.00,1
1670,09:30:02,$ 3352.00,22
1671,09:30:02,$ 3352.00,26
1672,09:30:02,$ 3352.00,10
1673,09:30:02,$ 3352.00,15
1674,09:30:02,$ 3352.00,1
1675,09:30:02,$ 3352.00,25
1676,09:30:02,$ 3352.00,1
1677,09:30:02,$ 3352.00,1
1678,09:30:02,$ 3352.00,1
1679,09:30:02,$ 3352.00,4
1681,09:30:02,$ 3352.00,1
1682,09:30:02,$ 3352.00,20
1683,09:30:02,$ 3352.00,4
1684,09:30:02,$ 3352.00,5
1685,09:30:02,$ 3352.00,40
1686,09:30:02,$ 3352.00,15
1687,09:30:02,$ 3352.00,7
1688,09:30:02,$ 3352.00,27
1689,09:30:02,$ 3352.00,1
1690,09:30:02,$ 3352.00,1
1691,09:30:02,$ 3352.00,3
1692,09:30:02,$ 3352.00,1
1693,09:30:02,$ 3352.00,10
1694,09:30:02,$ 3352.00,4
1695,09:30:02,$ 3352.00,30
1696,09:30:02,$ 3352.00,4
1697,09:30:02,$ 3352.00,1
1698,09:30:02,$ 3352.00,1
1699,09:30:02,$ 3352.00,2
1700,09:30:02,$ 3352.00,1
1702,09:30:02,$ 3352.00,10
1703,09:30:02,$ 3352.00,1
1704,09:30:02,$ 3352.00,13
1705,09:30:02,$ 3352.00,2
1706,09:30:02,$ 3352.00,2
1707,09:30:02,$ 3352.00,2
1708,09:30:02,$ 3352.00,1
1709,09:30:02,$ 3352.00,1
1710,09:30:02,$ 3352.00,12
1711,09:30:02,$ 3352.00,18
1712,09:30:02,$ 3352.00,1
1713,09:30:02,$ 3352.00,1
1714,09:30:02,$ 3352.00,7
1715,09:30:02,$ 3352.00,16
1716,09:30:02,$ 3352.00,23
1717,09:30:02,$ 3352.00,2
1718,09:30:02,$ 3352.00,1
1719,09:30:02,$ 3352.00,1
1720,09:30:02,$ 3352.00,1
1721,09:30:02,$ 3352.00,3
1723,09:30:02,$ 3352.00,8
1724,09:30:02,$ 3352.00,1
1725,09:30:02,$ 3352.00,1
1726,09:30:02,$ 3352.00,1
1727,09:30:02,$ 3352.00,1
1728,09:30:02,$ 3352.00,1
1729,09:30:02,$ 3352.00,115
1730,09:30:02,$ 3352.00,1
1731,09:30:02,$ 3352.00,15
1732,09:30:02,$ 3352.00,1
1733,09:30:02,$ 3352.00,10
1734,09:30:02,$ 3352.00,2
1735,09:30:02,$ 3352.00,1
1736,09:30:02,$ 3352.00,10
1737,09:30:02,$ 3352.00,50
1738,09:30:02,$ 3352.00,1
1739,09:30:02,$ 3352.00,2
1740,09:30:02,$ 3352.00,8
1741,09:30:02,$ 3352.00,229
1742,09:30:02,$ 3352.00,1
1744,09:30:02,$ 3352.00,12
1745,09:30:02,$ 3352.00,10
1746,09:30:02,$ 3352.00,12
1747,09:30:02,$ 3352.00,8
1748,09:30:02,$ 3352.00,12
1749,09:30:02,$ 3352.00,4
1750,09:30:02,$ 3352.00,2
1751,09:30:02,$ 3352.00,1
1752,09:30:02,$ 3352.00,8
1753,09:30:02,$ 3352.00,10
1754,09:30:02,$ 3352.00,6
1755,09:30:02,$ 3352.00,52
1756,09:30:02,$ 3352.00,1
1757,09:30:02,$ 3352.00,100
1758,09:30:02,$ 3352.00,13
1759,09:30:02,$ 3352.00,10
1760,09:30:02,$ 3352.00,4
1761,09:30:02,$ 3352.00,1
1762,09:30:02,$ 3352.00,2
1763,09:30:02,$ 3352.00,1
1765,09:30:02,$ 3352.00,1
1766,09:30:02,$ 3352.00,1
1767,09:30:02,$ 3352.00,7
1768,09:30:02,$ 3352.00,1
1769,09:30:02,$ 3352.00,6
1770,09:30:02,$ 3352.00,15
1771,09:30:02,$ 3352.00,8
1772,09:30:02,$ 3352.00,100
1773,09:30:02,$ 3352.00,2
1774,09:30:02,$ 3352.00,400
1775,09:30:02,$ 3352.00,5
1776,09:30:02,$ 3352.00,1
1777,09:30:02,$ 3352.00,1
1778,09:30:02,$ 3352.00,7
1779,09:30:02,$ 3352.00,2
1780,09:30:02,$ 3352.00,3
1781,09:30:02,$ 3352.00,44
1782,09:30:02,$ 3352.00,3
1783,09:30:02,$ 3352.00,1
1784,09:30:02,$ 3352.00,1
1786,09:30:02,$ 3352.00,26
1787,09:30:02,$ 3352.00,1
1788,09:30:02,$ 3352.00,1
1789,09:30:02,$ 3352.00,10
1790,09:30:02,$ 3352.00,5
1791,09:30:02,$ 3352.00,3
1792,09:30:02,$ 3352.00,1
1793,09:30:02,$ 3352.00,3
1794,09:30:02,$ 3352.00,1
1795,09:30:02,$ 3352.00,2
1796,09:30:02,$ 3352.00,2
1797,09:30:02,$ 3352.00,5
1798,09:30:02,$ 3352.00,1
1799,09:30:02,$ 3352.00,30
1800,09:30:02,$ 3352.00,8
1801,09:30:02,$ 3352.00,5
1802,09:30:02,$ 3352.00,1
1803,09:30:02,$ 3352.00,3
1804,09:30:02,$ 3352.00,1
1805,09:30:02,$ 3352.00,1
1807,09:30:02,$ 3352.00,1
1808,09:30:02,$ 3352.00,2
1809,09:30:02,$ 3352.00,1
1810,09:30:02,$ 3352.00,3
1811,09:30:02,$ 3352.00,7
1812,09:30:02,$ 3352.00,7
1813,09:30:02,$ 3352.00,2
1814,09:30:02,$ 3352.00,2
1815,09:30:02,$ 3352.00,10
1816,09:30:02,$ 3352.00,1
1817,09:30:02,$ 3352.00,7
1818,09:30:02,$ 3352.00,5
1819,09:30:02,$ 3352.00,1
1820,09:30:02,$ 3352.00,1
1821,09:30:02,$ 3352.00,246
1822,09:30:02,$ 3352.00,220
1823,09:30:02,$ 3352.00,10
1824,09:30:02,$ 3352.00,3
1825,09:30:02,$ 3352.00,1
1826,09:30:02,$ 3352.00,1
1828,09:30:02,$ 3352.00,1
1829,09:30:02,$ 3352.00,50
1830,09:30:02,$ 3352.00,3
1831,09:30:02,$ 3352.00,15
1832,09:30:02,$ 3352.00,6
1833,09:30:02,$ 3352.00,1
1834,09:30:02,$ 3352.00,1
1835,09:30:02,$ 3352.00,1
1836,09:30:02,$ 3352.00,100
1837,09:30:02,$ 3352.00,1
1838,09:30:02,$ 3352.00,2
1839,09:30:02,$ 3352.00,1
1840,09:30:02,$ 3352.00,13
1841,09:30:02,$ 3352.00,24
1842,09:30:02,$ 3352.00,14
1843,09:30:02,$ 3352.00,3
1844,09:30:02,$ 3352.00,1
1845,09:30:02,$ 3352.00,2
1846,09:30:02,$ 3352.00,3
1847,09:30:02,$ 3352.00,2
1849,09:30:02,$ 3352.00,2
1850,09:30:02,$ 3352.00,2
1851,09:30:02,$ 3352.00,4
1852,09:30:02,$ 3352.00,3
1853,09:30:02,$ 3352.00,5
1854,09:30:02,$ 3352.00,1
1855,09:30:02,$ 3352.00,3
1856,09:30:02,$ 3352.00,1
1857,09:30:02,$ 3352.00,1
1858,09:30:02,$ 3352.00,3
1859,09:30:02,$ 3352.00,1
1860,09:30:02,$ 3352.00,5
1861,09:30:02,$ 3352.00,5
1862,09:30:02,$ 3352.00,5
1863,09:30:02,$ 3352.00,1
1864,09:30:02,$ 3352.00,3
1865,09:30:02,$ 3352.00,1
1866,09:30:02,$ 3352.00,2
1867,09:30:02,$ 3352.00,1
1868,09:30:02,$ 3352.00,5
1870,09:30:02,$ 3352.00,1
1871,09:30:02,$ 3352.00,3
1872,09:30:02,$ 3352.00,10
1873,09:30:02,$ 3352.00,2
1874,09:30:02,$ 3352.00,3
1875,09:30:02,$ 3352.00,1
1876,09:30:02,$ 3352.00,2
1877,09:30:02,$ 3352.00,3
1878,09:30:02,$ 3352.00,2
1879,09:30:02,$ 3352.00,2
1880,09:30:02,$ 3352.00,9
1881,09:30:02,$ 3352.00,1
1882,09:30:02,$ 3352.00,4
1883,09:30:02,$ 3352.00,3
1884,09:30:02,$ 3352.00,20
1885,09:30:02,$ 3352.00,3
1886,09:30:02,$ 3352.00,20
1887,09:30:02,$ 3352.00,1
1888,09:30:02,$ 3352.00,4
1889,09:30:02,$ 3352.00,8
1891,09:30:02,$ 3352.00,2
1892,09:30:02,$ 3352.00,40
1893,09:30:02,$ 3352.00,50
1894,09:30:02,$ 3352.00,1
1895,09:30:02,$ 3352.00,3
1896,09:30:02,$ 3352.00,1
1897,09:30:02,$ 3352.00,2
1898,09:30:02,$ 3352.00,2
1899,09:30:02,$ 3352.00,1
1900,09:30:02,$ 3352.00,8
1901,09:30:02,$ 3352.00,132
1902,09:30:02,$ 3352.00,822
1903,09:30:02,$ 3352.00,10
1904,09:30:02,$ 3352.00,8
1905,09:30:02,$ 3352.00,23
1906,09:30:02,$ 3352.00,1
1907,09:30:02,$ 3352.00,4
1908,09:30:02,$ 3352.00,1
1909,09:30:02,$ 3352.00,1
1910,09:30:02,$ 3352.00,1
1912,09:30:02,$ 3352.00,2
1913,09:30:02,$ 3352.00,1
1914,09:30:02,$ 3352.00,7
1915,09:30:02,$ 3352.00,2
1916,09:30:02,$ 3352.00,231
1917,09:30:02,$ 3352.00,12
1918,09:30:02,$ 3352.00,3
1919,09:30:02,$ 3352.00,5
1920,09:30:02,$ 3352.00,1
1921,09:30:02,$ 3352.00,1
1922,09:30:02,$ 3352.00,1
1923,09:30:02,$ 3352.00,1
1924,09:30:02,$ 3352.00,2
1925,09:30:02,$ 3352.00,1
1926,09:30:02,$ 3352.00,4
1927,09:30:02,$ 3352.00,5
1928,09:30:02,$ 3352.00,1
1929,09:30:02,$ 3352.00,1
1930,09:30:02,$ 3352.00,3
1931,09:30:02,$ 3352.00,10
1933,09:30:02,$ 3352.00,60
1934,09:30:02,$ 3352.00,1
1935,09:30:02,$ 3352.00,1
1936,09:30:02,$ 3352.00,1
1937,09:30:02,$ 3352.00,1
1938,09:30:02,$ 3352.00,7
1939,09:30:02,$ 3352.00,6
1940,09:30:02,$ 3352.00,1
1941,09:30:02,$ 3352.00,7
1942,09:30:02,$ 3352.00,1
1943,09:30:02,$ 3352.00,20
1944,09:30:02,$ 3352.00,9
1945,09:30:02,$ 3352.00,3
1946,09:30:02,$ 3352.00,15
1947,09:30:02,$ 3352.00,15
1948,09:30:02,$ 3352.00,50
1949,09:30:02,$ 3352.00,6
1950,09:30:02,$ 3352.00,1
1951,09:30:02,$ 3352.00,2
1952,09:30:02,$ 3352.00,8
1954,09:30:02,$ 3352.00,12
1955,09:30:02,$ 3352.00,2
1956,09:30:02,$ 3352.00,17
1957,09:30:02,$ 3352.00,5
1958,09:30:02,$ 3352.00,2
1959,09:30:02,$ 3352.00,5
1960,09:30:02,$ 3352.00,10
1961,09:30:02,$ 3352.00,3
1962,09:30:02,$ 3352.00,1
1963,09:30:02,$ 3352.00,10
1964,09:30:02,$ 3352.00,18
1965,09:30:02,$ 3352.00,10
1966,09:30:02,$ 3352.00,1
1967,09:30:02,$ 3352.00,5
1968,09:30:02,$ 3352.00,1
1969,09:30:02,$ 3352.00,2
1970,09:30:02,$ 3352.00,15
1971,09:30:02,$ 3352.00,35
1972,09:30:02,$ 3352.00,8
1973,09:30:02,$ 3352.00,5
1975,09:30:02,$ 3352.00,1
1976,09:30:02,$ 3352.00,15
1977,09:30:02,$ 3352.00,50
1978,09:30:02,$ 3352.00,2
1979,09:30:02,$ 3352.00,2
1980,09:30:02,$ 3352.00,3
1981,09:30:02,$ 3352.00,1
1982,09:30:02,$ 3352.00,2
1983,09:30:02,$ 3352.00,1
1984,09:30:02,$ 3352.00,10
1985,09:30:02,$ 3352.00,1
1986,09:30:02,$ 3352.00,1
1987,09:30:02,$ 3352.00,1
1988,09:30:02,$ 3352.00,1
1989,09:30:02,$ 3352.00,1
1990,09:30:02,$ 3352.00,1
1991,09:30:02,$ 3352.00,1
1992,09:30:02,$ 3352.00,1
1993,09:30:02,$ 3352.00,2
1994,09:30:02,$ 3352.00,2
1996,09:30:02,$ 3352.00,1
1997,09:30:02,$ 3352.00,1
1998,09:30:02,$ 3352.00,2
1999,09:30:02,$ 3352.00,26
2000,09:30:02,$ 3352.00,20
2001,09:30:02,$ 3352.00,1
2002,09:30:02,$ 3352.00,1
2003,09:30:02,$ 3352.00,1
2004,09:30:02,$ 3352.00,1
2005,09:30:02,$ 3352.00,1
2006,09:30:02,$ 3352.00,1
2007,09:30:02,$ 3352.00,1
2008,09:30:02,$ 3352.00,5
2009,09:30:02,$ 3352.00,9
2010,09:30:02,$ 3352.00,1
2011,09:30:02,$ 3352.00,1
2012,09:30:02,$ 3352.00,1
2013,09:30:02,$ 3352.00,1
2014,09:30:02,$ 3352.00,1
2015,09:30:02,$ 3352.00,1
2017,09:30:02,$ 3352.00,6
2018,09:30:02,$ 3352.00,2
2019,09:30:02,$ 3352.00,3
2020,09:30:02,$ 3352.00,4
2021,09:30:02,$ 3352.00,2
2022,09:30:02,$ 3352.00,1
2023,09:30:02,$ 3352.00,120
2024,09:30:02,$ 3352.00,5
2025,09:30:02,$ 3352.00,1
2026,09:30:02,$ 3352.00,1
2027,09:30:02,$ 3352.00,7
2028,09:30:02,$ 3352.00,1
2029,09:30:02,$ 3352.00,2
2030,09:30:02,$ 3352.00,11
2031,09:30:02,$ 3352.00,50
2032,09:30:02,$ 3352.00,7
2033,09:30:02,$ 3352.00,3
2034,09:30:02,$ 3352.00,2
2035,09:30:02,$ 3352.00,3
2036,09:30:02,$ 3352.00,5
2038,09:30:02,$ 3352.00,1
2039,09:30:02,$ 3352.00,1
2040,09:30:02,$ 3352.00,3
2041,09:30:02,$ 3352.00,1
2042,09:30:02,$ 3352.00,1
2043,09:30:02,$ 3352.00,10
2044,09:30:02,$ 3352.00,13
2045,09:30:02,$ 3352.00,1
2046,09:30:02,$ 3352.00,1
2047,09:30:02,$ 3352.00,1
2048,09:30:02,$ 3352.00,10
2049,09:30:02,$ 3352.00,3
2050,09:30:02,$ 3352.00,3
2051,09:30:02,$ 3352.00,1
2052,09:30:02,$ 3352.00,1
2053,09:30:02,$ 3352.00,1
2054,09:30:02,$ 3352.00,1
2055,09:30:02,$ 3352.00,30
2056,09:30:02,$ 3352.00,1
2057,09:30:02,$ 3352.00,2
2059,09:30:02,$ 3352.00,2
2060,09:30:02,$ 3352.00,1
2061,09:30:02,$ 3352.00,1
2062,09:30:02,$ 3352.00,4
2063,09:30:02,$ 3352.00,2
2064,09:30:02,$ 3352.00,5
2065,09:30:02,$ 3352.00,10
2066,09:30:02,$ 3352.00,15
2067,09:30:02,$ 3352.00,1
2068,09:30:02,$ 3352.00,8
2069,09:30:02,$ 3352.00,1
2070,09:30:02,$ 3352.00,5
2071,09:30:02,$ 3352.00,9
2072,09:30:02,$ 3352.00,1
2073,09:30:02,$ 3352.00,1
2074,09:30:02,$ 3352.00,1
2075,09:30:02,$ 3352.00,3
2076,09:30:02,$ 3352.00,1
2077,09:30:02,$ 3352.00,1
2078,09:30:02,$ 3352.00,6
2080,09:30:02,$ 3352.00,1
2081,09:30:02,$ 3352.00,1
2082,09:30:02,$ 3352.00,1
2083,09:30:02,$ 3352.00,3
2084,09:30:02,$ 3352.00,1
2085,09:30:02,$ 3352.00,5
2086,09:30:02,$ 3352.00,15
2087,09:30:02,$ 3352.00,10
2088,09:30:02,$ 3352.00,1
2089,09:30:02,$ 3352.00,1
2090,09:30:02,$ 3352.00,6
2091,09:30:02,$ 3352.00,3
2092,09:30:02,$ 3352.00,2
2093,09:30:02,$ 3352.00,1
2094,09:30:02,$ 3352.00,3
2095,09:30:02,$ 3352.00,2
2096,09:30:02,$ 3352.00,2
2097,09:30:02,$ 3352.00,2
2098,09:30:02,$ 3352.00,4
2099,09:30:02,$ 3352.00,2
2101,09:30:02,$ 3352.00,3
2102,09:30:02,$ 3352.00,2
2103,09:30:02,$ 3352.00,1
2104,09:30:02,$ 3352.00,3
2105,09:30:02,$ 3352.00,1
2106,09:30:02,$ 3352.00,1
2107,09:30:02,$ 3352.00,1
2108,09:30:02,$ 3352.00,6
2109,09:30:02,$ 3352.00,1
2110,09:30:02,$ 3352.00,2
2111,09:30:02,$ 3352.00,1
2112,09:30:02,$ 3352.00,1
2113,09:30:02,$ 3352.00,3
2114,09:30:02,$ 3352.00,2
2115,09:30:02,$ 3352.00,1
2116,09:30:02,$ 3352.00,1
2117,09:30:02,$ 3352.00,2
2118,09:30:02,$ 3352.00,1
2119,09:30:02,$ 3352.00,2
2120,09:30:02,$ 3352.00,2
2122,09:30:02,$ 3352.00,2
2123,09:30:02,$ 3352.00,1
2124,09:30:02,$ 3352.00,1
2125,09:30:02,$ 3352.00,1
2126,09:30:02,$ 3352.00,1
2127,09:30:02,$ 3352.00,2
2128,09:30:02,$ 3352.00,1
2129,09:30:02,$ 3352.00,1
2130,09:30:02,$ 3352.00,8
2131,09:30:02,$ 3352.00,29
2132,09:30:02,$ 3352.00,1
2133,09:30:02,$ 3352.00,2
2134,09:30:02,$ 3352.00,1
2135,09:30:02,$ 3352.00,1
2136,09:30:02,$ 3352.00,1
2137,09:30:02,$ 3352.00,1
2138,09:30:02,$ 3352.00,10
2139,09:30:02,$ 3352.00,1
2140,09:30:02,$ 3352.00,1
2141,09:30:02,$ 3352.00,1
2143,09:30:02,$ 3352.00,3
2144,09:30:02,$ 3352.00,8
2145,09:30:02,$ 3352.00,10
2146,09:30:02,$ 3352.00,5
2147,09:30:02,$ 3352.00,9
2148,09:30:02,$ 3352.00,1
2149,09:30:02,$ 3352.00,3
2150,09:30:02,$ 3352.00,2
2151,09:30:02,$ 3352.00,1
2152,09:30:02,$ 3352.00,1
2153,09:30:02,$ 3352.00,10
2154,09:30:02,$ 3352.00,2
2155,09:30:02,$ 3352.00,2
2156,09:30:02,$ 3352.00,44
2157,09:30:02,$ 3352.00,1
2158,09:30:02,$ 3352.00,1
2159,09:30:02,$ 3352.00,2
2160,09:30:02,$ 3352.00,"5,000"
2161,09:30:02,$ 3352.00,1
2162,09:30:02,$ 3352.00,3
2164,09:30:02,$ 3352.00,100
2165,09:30:02,$ 3352.00,7
2166,09:30:02,$ 3352.00,1
2167,09:30:02,$ 3352.00,3
2168,09:30:02,$ 3352.00,3
2169,09:30:02,$ 3352.00,50
2170,09:30:02,$ 3352.00,30
2171,09:30:02,$ 3352.00,3
2172,09:30:02,$ 3352.00,3
2173,09:30:02,$ 3352.00,1
2174,09:30:02,$ 3352.00,116
2175,09:30:02,$ 3352.00,1
2176,09:30:02,$ 3352.00,4
2177,09:30:02,$ 3352.00,6
2178,09:30:02,$ 3352.00,2
2179,09:30:02,$ 3352.00,4
2180,09:30:02,$ 3352.00,3
2181,09:30:02,$ 3352.00,4
2182,09:30:02,$ 3352.00,10
2183,09:30:02,$ 3352.00,3
2185,09:30:02,$ 3352.00,1
2186,09:30:02,$ 3352.00,2
2187,09:30:02,$ 3352.00,1
2188,09:30:02,$ 3352.00,2
2189,09:30:02,$ 3352.00,2
2190,09:30:02,$ 3352.00,5
2191,09:30:02,$ 3352.00,5
2192,09:30:02,$ 3352.00,1
2193,09:30:02,$ 3352.00,1
2194,09:30:02,$ 3352.00,1
2195,09:30:02,$ 3352.00,5
2196,09:30:02,$ 3352.00,3
2197,09:30:02,$ 3352.00,2
2198,09:30:02,$ 3352.00,5
2199,09:30:02,$ 3352.00,2
2200,09:30:02,$ 3352.00,3
2201,09:30:02,$ 3352.00,1
2202,09:30:02,$ 3352.00,5
2203,09:30:02,$ 3352.00,2
2204,09:30:02,$ 3352.00,2
2206,09:30:02,$ 3352.00,15
2207,09:30:02,$ 3352.00,10
2208,09:30:02,$ 3352.00,3
2209,09:30:02,$ 3352.00,1
2210,09:30:02,$ 3352.00,140
2211,09:30:02,$ 3352.00,140
2212,09:30:02,$ 3352.00,8
2213,09:30:02,$ 3352.00,1
2214,09:30:02,$ 3352.00,116
2215,09:30:02,$ 3352.00,5
2216,09:30:02,$ 3352.00,1
2217,09:30:02,$ 3352.00,1
2218,09:30:02,$ 3352.00,1
2219,09:30:02,$ 3352.00,5
2220,09:30:02,$ 3352.00,20
2221,09:30:02,$ 3352.00,1
2222,09:30:02,$ 3352.00,2
2223,09:30:02,$ 3352.00,6
2224,09:30:02,$ 3352.00,20
2225,09:30:02,$ 3352.00,3
2227,09:30:02,$ 3352.00,1
2228,09:30:02,$ 3352.00,3
2229,09:30:02,$ 3352.00,3
2230,09:30:02,$ 3352.00,4
2231,09:30:02,$ 3352.00,2
2232,09:30:02,$ 3352.00,3
2233,09:30:02,$ 3352.00,2
2234,09:30:02,$ 3352.00,5
2235,09:30:02,$ 3352.00,1
2236,09:30:02,$ 3352.00,1
2237,09:30:02,$ 3352.00,1
2238,09:30:02,$ 3352.00,2
2239,09:30:02,$ 3352.00,1
2240,09:30:02,$ 3352.00,1
2241,09:30:02,$ 3352.00,1
2242,09:30:02,$ 3352.00,1
2243,09:30:02,$ 3352.00,2
2244,09:30:02,$ 3352.00,10
2245,09:30:02,$ 3352.00,1
2246,09:30:02,$ 3352.00,1
2248,09:30:02,$ 3352.00,1
2249,09:30:02,$ 3352.00,5
2250,09:30:02,$ 3352.00,10
2251,09:30:02,$ 3352.00,21
2252,09:30:02,$ 3352.00,5
2253,09:30:02,$ 3352.00,1
2254,09:30:02,$ 3352.00,54
2255,09:30:02,$ 3352.00,3
2256,09:30:02,$ 3352.00,1
2257,09:30:02,$ 3352.00,1
2258,09:30:02,$ 3352.00,1
2259,09:30:02,$ 3352.00,5
2260,09:30:02,$ 3352.00,1
2261,09:30:02,$ 3352.00,5
2262,09:30:02,$ 3352.00,3
2263,09:30:02,$ 3352.00,3
2264,09:30:02,$ 3352.00,4
2265,09:30:02,$ 3352.00,4
2266,09:30:02,$ 3352.00,1
2267,09:30:02,$ 3352.00,3
2269,09:30:02,$ 3352.00,1
2270,09:30:02,$ 3352.00,1
2271,09:30:02,$ 3352.00,2
2272,09:30:02,$ 3352.00,3
2273,09:30:02,$ 3352.00,1
2274,09:30:02,$ 3352.00,3
2275,09:30:02,$ 3352.00,5
2276,09:30:02,$ 3352.00,9
2277,09:30:02,$ 3352.00,1
2278,09:30:02,$ 3352.00,45
2279,09:30:02,$ 3352.00,23
2280,09:30:02,$ 3352.00,16
2281,09:30:02,$ 3352.00,16
2282,09:30:02,$ 3352.00,1
2283,09:30:02,$ 3352.00,1
2284,09:30:02,$ 3352.00,5
2285,09:30:02,$ 3352.00,1
2286,09:30:02,$ 3352.00,13
2287,09:30:02,$ 3352.00,1
2288,09:30:02,$ 3352.00,1
2290,09:30:02,$ 3352.00,1
2291,09:30:02,$ 3352.00,1
2292,09:30:02,$ 3352.00,1
2293,09:30:02,$ 3352.00,1
2294,09:30:02,$ 3352.00,1
2295,09:30:02,$ 3352.00,1
2296,09:30:02,$ 3352.00,1
2297,09:30:02,$ 3352.00,1
2298,09:30:02,$ 3352.00,1
2299,09:30:02,$ 3352.00,1
2300,09:30:02,$ 3352.00,1
2301,09:30:02,$ 3352.00,1
2302,09:30:02,$ 3352.00,1
2303,09:30:02,$ 3352.00,1
2304,09:30:02,$ 3352.00,1
2305,09:30:02,$ 3352.00,1
2306,09:30:02,$ 3352.00,1
2307,09:30:02,$ 3352.00,1
2308,09:30:02,$ 3352.00,3
2309,09:30:02,$ 3352.00,1
2311,09:30:02,$ 3352.00,3
2312,09:30:02,$ 3352.00,2
2313,09:30:02,$ 3352.00,10
2314,09:30:02,$ 3352.00,1
2315,09:30:02,$ 3352.00,1
2316,09:30:02,$ 3352.00,3
2317,09:30:02,$ 3352.00,5
2318,09:30:02,$ 3352.00,2
2319,09:30:02,$ 3352.00,1
2320,09:30:02,$ 3352.00,1
2321,09:30:02,$ 3352.00,1
2322,09:30:02,$ 3352.00,1
2323,09:30:02,$ 3352.00,1
2324,09:30:02,$ 3352.00,1
2325,09:30:02,$ 3352.00,1
2326,09:30:02,$ 3352.00,15
2327,09:30:02,$ 3352.00,25
2328,09:30:02,$ 3352.00,1
2329,09:30:02,$ 3352.00,1
2330,09:30:02,$ 3352.00,10
2332,09:30:02,$ 3352.00,1
2333,09:30:02,$ 3352.00,1
2334,09:30:02,$ 3352.00,10
2335,09:30:02,$ 3352.00,3
2336,09:30:02,$ 3352.00,1
2337,09:30:02,$ 3352.00,1
2338,09:30:02,$ 3352.00,11
2339,09:30:02,$ 3352.00,1
2340,09:30:02,$ 3352.00,3
2341,09:30:02,$ 3352.00,1
2342,09:30:02,$ 3352.00,1
2343,09:30:02,$ 3352.00,1
2344,09:30:02,$ 3352.00,1
2345,09:30:02,$ 3352.00,5
2346,09:30:02,$ 3352.00,1
2347,09:30:02,$ 3352.00,2
2348,09:30:02,$ 3352.00,2
2349,09:30:02,$ 3352.00,10
2350,09:30:02,$ 3352.00,2
2351,09:30:02,$ 3352.00,3
2353,09:30:02,$ 3352.00,1
2354,09:30:02,$ 3352.00,1
2355,09:30:02,$ 3352.00,1
2356,09:30:02,$ 3352.00,45
2357,09:30:02,$ 3352.00,2
2358,09:30:02,$ 3352.00,5
2359,09:30:02,$ 3352.00,48
2360,09:30:02,$ 3352.00,49
2361,09:30:02,$ 3352.00,49
2362,09:30:02,$ 3352.00,49
2363,09:30:02,$ 3352.00,48
2364,09:30:02,$ 3352.00,49
2365,09:30:02,$ 3352.00,49
2366,09:30:02,$ 3352.00,48
2367,09:30:02,$ 3352.00,49
2368,09:30:02,$ 3352.00,1
2369,09:30:02,$ 3352.00,1
2370,09:30:02,$ 3352.00,1
2371,09:30:02,$ 3352.00,1
2372,09:30:02,$ 3352.00,1
2374,09:30:02,$ 3352.00,1
2375,09:30:02,$ 3352.00,178
2376,09:30:02,$ 3352.00,50
2377,09:30:02,$ 3352.00,1
2378,09:30:02,$ 3352.00,10
2379,09:30:02,$ 3352.00,1
2380,09:30:02,$ 3352.00,193
2381,09:30:02,$ 3352.00,1
2382,09:30:02,$ 3352.00,10
2383,09:30:02,$ 3352.00,4
2384,09:30:02,$ 3352.00,5
2385,09:30:02,$ 3352.00,1
2386,09:30:02,$ 3352.00,10
2387,09:30:02,$ 3352.00,2
2388,09:30:02,$ 3352.00,5
2389,09:30:02,$ 3352.00,1
2390,09:30:02,$ 3352.00,16
2391,09:30:02,$ 3352.00,40
2392,09:30:02,$ 3352.00,1
2393,09:30:02,$ 3352.00,4
2395,09:30:02,$ 3352.00,4
2396,09:30:02,$ 3352.00,14
2397,09:30:02,$ 3352.00,1
2398,09:30:02,$ 3352.00,3
2399,09:30:02,$ 3352.00,8
2400,09:30:02,$ 3352.00,3
2401,09:30:02,$ 3352.00,9
2402,09:30:02,$ 3352.00,1
2403,09:30:02,$ 3352.00,30
2404,09:30:02,$ 3352.00,1
2405,09:30:02,$ 3352.00,1
2406,09:30:02,$ 3352.00,1
2407,09:30:02,$ 3352.00,1
2408,09:30:02,$ 3352.00,6
2409,09:30:02,$ 3352.00,20
2410,09:30:02,$ 3352.00,1
2411,09:30:02,$ 3352.00,1
2412,09:30:02,$ 3352.00,3
2413,09:30:02,$ 3352.00,1
2414,09:30:02,$ 3352.00,2
2416,09:30:02,$ 3352.00,1
2417,09:30:02,$ 3352.00,1
2418,09:30:02,$ 3352.00,1
2419,09:30:02,$ 3352.00,5
2420,09:30:02,$ 3352.00,2
2421,09:30:02,$ 3352.00,3
2422,09:30:02,$ 3352.00,1
2423,09:30:02,$ 3352.00,10
2424,09:30:02,$ 3352.00,2
2425,09:30:02,$ 3352.00,5
2426,09:30:02,$ 3352.00,1
2427,09:30:02,$ 3352.00,120
2428,09:30:02,$ 3352.00,5
2429,09:30:02,$ 3352.00,5
2430,09:30:02,$ 3352.00,5
2431,09:30:02,$ 3352.00,10
2432,09:30:02,$ 3352.00,2
2433,09:30:02,$ 3352.00,1
2434,09:30:02,$ 3352.00,1
2435,09:30:02,$ 3352.00,5
2437,09:30:02,$ 3352.00,20
2438,09:30:02,$ 3352.00,1
2439,09:30:02,$ 3352.00,3
2440,09:30:02,$ 3352.00,1
2441,09:30:02,$ 3352.00,6
2442,09:30:02,$ 3352.00,6
2443,09:30:02,$ 3352.00,9
2444,09:30:02,$ 3352.00,25
2445,09:30:02,$ 3352.00,1
2446,09:30:02,$ 3352.00,20
2447,09:30:02,$ 3352.00,10
2448,09:30:02,$ 3352.00,2
2449,09:30:02,$ 3352.00,1
2450,09:30:02,$ 3352.00,1
2451,09:30:02,$ 3352.00,1
2452,09:30:02,$ 3352.00,2
2453,09:30:02,$ 3352.00,2
2454,09:30:02,$ 3352.00,1
2455,09:30:02,$ 3352.00,100
2456,09:30:02,$ 3352.00,50
2458,09:30:02,$ 3352.00,1
2459,09:30:02,$ 3352.00,1
2460,09:30:02,$ 3352.00,6
2461,09:30:02,$ 3352.00,2
2462,09:30:02,$ 3352.00,2
2463,09:30:02,$ 3352.00,1
2464,09:30:02,$ 3352.00,2
2465,09:30:02,$ 3352.00,1
2466,09:30:02,$ 3352.00,6
2467,09:30:02,$ 3352.00,2
2468,09:30:02,$ 3352.00,2
2469,09:30:02,$ 3352.00,1
2470,09:30:02,$ 3352.00,20
2471,09:30:02,$ 3352.00,1
2472,09:30:02,$ 3352.00,12
2473,09:30:02,$ 3352.00,10
2474,09:30:02,$ 3352.00,1
2475,09:30:02,$ 3352.00,2
2476,09:30:02,$ 3352.00,1
2477,09:30:02,$ 3352.00,29
2479,09:30:02,$ 3352.00,12
2480,09:30:02,$ 3352.00,25
2481,09:30:02,$ 3352.00,6
2482,09:30:02,$ 3352.00,2
2483,09:30:02,$ 3352.00,1
2484,09:30:02,$ 3352.00,2
2485,09:30:02,$ 3352.00,3
2486,09:30:02,$ 3352.00,1
2487,09:30:02,$ 3352.00,1
2488,09:30:02,$ 3352.00,1
2489,09:30:02,$ 3352.00,22
2490,09:30:02,$ 3352.00,4
2491,09:30:02,$ 3352.00,2
2492,09:30:02,$ 3352.00,1
2493,09:30:02,$ 3352.00,5
2494,09:30:02,$ 3352.00,1
2495,09:30:02,$ 3352.00,1
2496,09:30:02,$ 3352.00,2
2497,09:30:02,$ 3352.00,1
2498,09:30:02,$ 3352.00,2
2500,09:30:02,$ 3352.00,1
2501,09:30:02,$ 3352.00,1
2502,09:30:02,$ 3352.00,1
2503,09:30:02,$ 3352.00,5
2504,09:30:02,$ 3352.00,40
2505,09:30:02,$ 3352.00,1
2506,09:30:02,$ 3352.00,17
2507,09:30:02,$ 3352.00,9
2508,09:30:02,$ 3352.00,1
2509,09:30:02,$ 3352.00,1
2510,09:30:02,$ 3352.00,76
2511,09:30:02,$ 3352.00,3
2512,09:30:02,$ 3352.00,4
2513,09:30:02,$ 3352.00,2
2514,09:30:02,$ 3352.00,2
2515,09:30:02,$ 3352.00,1
2516,09:30:02,$ 3352.00,8
2517,09:30:02,$ 3352.00,1
2518,09:30:02,$ 3352.00,2
2519,09:30:02,$ 3352.00,1
2521,09:30:02,$ 3352.00,1
2522,09:30:02,$ 3352.00,1
2523,09:30:02,$ 3352.00,1
2524,09:30:02,$ 3352.00,1
2525,09:30:02,$ 3352.00,1
2526,09:30:02,$ 3352.00,1
2527,09:30:02,$ 3352.00,1
2528,09:30:02,$ 3352.00,2
2529,09:30:02,$ 3352.00,1
2530,09:30:02,$ 3352.00,1
2531,09:30:02,$ 3352.00,2
2532,09:30:02,$ 3352.00,1
2533,09:30:02,$ 3352.00,1
2534,09:30:02,$ 3352.00,2
2535,09:30:02,$ 3352.00,1
2536,09:30:02,$ 3352.00,3
2537,09:30:02,$ 3352.00,1
2538,09:30:02,$ 3352.00,1
2539,09:30:02,$ 3352.00,1
2540,09:30:02,$ 3352.00,1
2542,09:30:02,$ 3352.00,3
2543,09:30:02,$ 3352.00,1
2544,09:30:02,$ 3352.00,1
2545,09:30:02,$ 3352.00,1
2546,09:30:02,$ 3352.00,1
2547,09:30:02,$ 3352.00,3
2548,09:30:02,$ 3352.00,1
2549,09:30:02,$ 3352.00,1
2550,09:30:02,$ 3352.00,1
2551,09:30:02,$ 3352.00,1
2552,09:30:02,$ 3352.00,11
2553,09:30:02,$ 3352.00,2
2554,09:30:02,$ 3352.00,1
2555,09:30:02,$ 3352.00,1
2556,09:30:02,$ 3352.00,3
2557,09:30:02,$ 3352.00,3
2558,09:30:02,$ 3352.00,1
2559,09:30:02,$ 3352.00,1
2560,09:30:02,$ 3352.00,3
2561,09:30:02,$ 3352.00,1
2563,09:30:02,$ 3352.00,1
2564,09:30:02,$ 3352.00,3
2565,09:30:02,$ 3352.00,1
2566,09:30:02,$ 3352.00,1
2567,09:30:02,$ 3352.00,1
2568,09:30:02,$ 3352.00,1
2569,09:30:02,$ 3352.00,1
2570,09:30:02,$ 3352.00,1
2571,09:30:02,$ 3352.00,2
2572,09:30:02,$ 3352.00,2
2573,09:30:02,$ 3352.00,1
2574,09:30:02,$ 3352.00,1
2575,09:30:02,$ 3352.00,4
2576,09:30:02,$ 3352.00,5
2577,09:30:02,$ 3352.00,5
2578,09:30:02,$ 3352.00,4
2579,09:30:02,$ 3352.00,3
2580,09:30:02,$ 3352.00,2
2581,09:30:02,$ 3352.00,1
2582,09:30:02,$ 3352.00,1
2584,09:30:02,$ 3352.00,1
2585,09:30:02,$ 3352.00,3
2586,09:30:02,$ 3352.00,3
2587,09:30:02,$ 3352.00,1
2588,09:30:02,$ 3352.00,13
2589,09:30:02,$ 3352.00,2
2590,09:30:02,$ 3352.00,2
2591,09:30:02,$ 3352.00,1
2592,09:30:02,$ 3352.00,4
2593,09:30:02,$ 3352.00,3
2594,09:30:02,$ 3352.00,1
2595,09:30:02,$ 3352.00,2
2596,09:30:02,$ 3352.00,1
2597,09:30:02,$ 3352.00,1
2598,09:30:02,$ 3352.00,25
2599,09:30:02,$ 3352.00,1
2600,09:30:02,$ 3352.00,1
2601,09:30:02,$ 3352.00,1
2602,09:30:02,$ 3352.00,25
2603,09:30:02,$ 3352.00,15
2605,09:30:02,$ 3352.00,"2,000"
2606,09:30:02,$ 3352.00,1
2607,09:30:02,$ 3352.00,1
2608,09:30:02,$ 3352.00,1
2609,09:30:02,$ 3352.00,1
2610,09:30:02,$ 3352.00,1
2611,09:30:02,$ 3352.00,1
2612,09:30:02,$ 3352.00,1
2613,09:30:02,$ 3352.00,1
2614,09:30:02,$ 3352.00,1
2615,09:30:02,$ 3352.00,1
2616,09:30:02,$ 3352.00,1
2617,09:30:02,$ 3352.00,1
2618,09:30:02,$ 3352.00,1
2619,09:30:02,$ 3352.00,1
2620,09:30:02,$ 3352.00,2
2621,09:30:02,$ 3352.00,1
2622,09:30:02,$ 3352.00,33
2623,09:30:02,$ 3352.00,450
2624,09:30:02,$ 3352.00,1
2626,09:30:02,$ 3352.00,2
2627,09:30:02,$ 3352.00,2
2628,09:30:02,$ 3352.00,1
2629,09:30:02,$ 3352.00,3
2630,09:30:02,$ 3352.00,1
2631,09:30:02,$ 3352.00,1
2632,09:30:02,$ 3352.00,2
2633,09:30:02,$ 3352.00,1
2634,09:30:02,$ 3352.00,1
2635,09:30:02,$ 3352.00,2
2636,09:30:02,$ 3352.00,1
2637,09:30:02,$ 3352.00,5
2638,09:30:02,$ 3352.00,1
2639,09:30:02,$ 3352.00,9
2640,09:30:02,$ 3352.00,1
2641,09:30:02,$ 3352.00,3
2642,09:30:02,$ 3352.00,152
2643,09:30:02,$ 3352.00,3
2644,09:30:02,$ 3352.00,50
2645,09:30:02,$ 3352.00,10
2647,09:30:02,$ 3352.00,256
2648,09:30:02,$ 3352.00,35
2649,09:30:02,$ 3352.00,3
2650,09:30:02,$ 3352.00,50
2651,09:30:02,$ 3352.00,5
2652,09:30:02,$ 3352.00,10
2653,09:30:02,$ 3352.00,5
2654,09:30:02,$ 3352.00,13
2655,09:30:02,$ 3352.00,13
2656,09:30:02,$ 3352.00,13
2657,09:30:02,$ 3352.00,13
2658,09:30:02,$ 3352.00,13
2659,09:30:02,$ 3352.00,13
2660,09:30:02,$ 3352.00,13
2661,09:30:02,$ 3352.00,13
2662,09:30:02,$ 3352.00,67
2663,09:30:02,$ 3352.00,13
2664,09:30:02,$ 3352.00,13
2665,09:30:02,$ 3352.00,4
2666,09:30:02,$ 3352.00,128
2668,09:30:02,$ 3352.00,100
2669,09:30:02,$ 3352.00,100
2670,09:30:02,$ 3352.00,10
2671,09:30:02,$ 3352.00,10
2672,09:30:02,$ 3352.00,5
2673,09:30:02,$ 3352.00,1
2674,09:30:02,$ 3352.00,14
2675,09:30:02,$ 3352.00,1
2676,09:30:02,$ 3352.00,11
2677,09:30:02,$ 3352.00,11
2678,09:30:02,$ 3352.00,11
2679,09:30:02,$ 3352.00,11
2680,09:30:02,$ 3352.00,11
2681,09:30:02,$ 3352.00,11
2682,09:30:02,$ 3352.00,11
2683,09:30:02,$ 3352.00,11
2684,09:30:02,$ 3352.00,11
2685,09:30:02,$ 3352.00,59
2686,09:30:02,$ 3352.00,11
2687,09:30:02,$ 3352.00,5
2689,09:30:02,$ 3352.00,20
2690,09:30:02,$ 3352.00,1
2691,09:30:02,$ 3352.00,1
2692,09:30:02,$ 3352.00,70
2693,09:30:02,$ 3352.00,10
2694,09:30:02,$ 3352.00,300
2695,09:30:02,$ 3352.00,190
2696,09:30:02,$ 3352.00,430
2697,09:30:02,$ 3352.00,2
2698,09:30:02,$ 3352.00,63
2699,09:30:02,$ 3352.00,100
2700,09:30:02,$ 3352.00,1
2701,09:30:02,$ 3352.00,128
2702,09:30:02,$ 3352.00,60
2703,09:30:02,$ 3352.00,8
2704,09:30:02,$ 3352.00,10
2705,09:30:02,$ 3352.00,10
2706,09:30:02,$ 3352.00,500
2707,09:30:02,$ 3352.00,2
2708,09:30:02,$ 3352.00,6
2710,09:30:02,$ 3352.00,16
2711,09:30:02,$ 3352.00,4
2712,09:30:02,$ 3352.00,1
2713,09:30:02,$ 3352.00,1
2714,09:30:02,$ 3352.00,1
2715,09:30:02,$ 3352.00,1
2716,09:30:02,$ 3352.00,5
2717,09:30:02,$ 3352.00,5
2718,09:30:02,$ 3352.00,182
2719,09:30:02,$ 3352.00,11
2720,09:30:02,$ 3352.00,50
2721,09:30:02,$ 3352.00,64
2722,09:30:02,$ 3352.00,1
2723,09:30:02,$ 3352.00,4
2724,09:30:02,$ 3352.00,1
2725,09:30:02,$ 3352.00,54
2726,09:30:02,$ 3352.00,20
2727,09:30:02,$ 3352.00,2
2728,09:30:02,$ 3352.00,35
2729,09:30:02,$ 3352.00,1
2731,09:30:02,$ 3352.00,1
2732,09:30:02,$ 3352.00,4
2733,09:30:02,$ 3352.00,1
2734,09:30:02,$ 3352.00,1
2735,09:30:02,$ 3352.00,5
2736,09:30:02,$ 3352.00,1
2737,09:30:02,$ 3352.00,47
2738,09:30:02,$ 3352.00,23
2739,09:30:02,$ 3352.00,3
2740,09:30:02,$ 3352.00,3
2741,09:30:02,$ 3352.00,15
2742,09:30:02,$ 3352.00,5
2743,09:30:02,$ 3352.00,3
2744,09:30:02,$ 3352.00,200
2745,09:30:02,$ 3352.00,5
2746,09:30:02,$ 3352.00,2
2747,09:30:02,$ 3352.00,6
2748,09:30:02,$ 3352.00,20
2749,09:30:02,$ 3352.00,17
2750,09:30:02,$ 3352.00,2
2752,09:30:02,$ 3352.00,8
2753,09:30:02,$ 3352.00,6
2754,09:30:02,$ 3352.00,17
2755,09:30:02,$ 3352.00,4
2756,09:30:02,$ 3352.00,60
2757,09:30:02,$ 3352.00,11
2758,09:30:02,$ 3352.00,1
2759,09:30:02,$ 3352.00,30
2760,09:30:02,$ 3352.00,6
2761,09:30:02,$ 3352.00,8
2762,09:30:02,$ 3352.00,2
2763,09:30:02,$ 3352.00,7
2764,09:30:02,$ 3352.00,4
2765,09:30:02,$ 3352.00,10
2766,09:30:02,$ 3352.00,11
2767,09:30:02,$ 3352.00,250
2768,09:30:02,$ 3352.00,8
2769,09:30:02,$ 3352.00,2
2770,09:30:02,$ 3352.00,100
2771,09:30:02,$ 3352.00,2
2773,09:30:02,$ 3352.00,3
2774,09:30:02,$ 3352.00,3
2775,09:30:02,$ 3352.00,1
2776,09:30:02,$ 3352.00,10
2777,09:30:02,$ 3352.00,100
2778,09:30:02,$ 3352.00,1
2779,09:30:02,$ 3352.00,2
2780,09:30:02,$ 3352.00,18
2781,09:30:02,$ 3352.00,3
2782,09:30:02,$ 3352.00,21
2783,09:30:02,$ 3352.00,1
2784,09:30:02,$ 3352.00,4
2785,09:30:02,$ 3352.00,2
2786,09:30:02,$ 3352.00,1
2787,09:30:02,$ 3352.00,3
2788,09:30:02,$ 3352.00,8
2789,09:30:02,$ 3352.00,1
2790,09:30:02,$ 3352.00,4
2791,09:30:02,$ 3352.00,1
2792,09:30:02,$ 3352.00,10
2794,09:30:02,$ 3352.00,2
2795,09:30:02,$ 3352.00,200
2796,09:30:02,$ 3352.00,61
2797,09:30:02,$ 3352.00,205
2798,09:30:02,$ 3352.00,1
2799,09:30:02,$ 3352.00,10
2800,09:30:02,$ 3352.00,10
2801,09:30:02,$ 3350.00,100
2802,09:30:01,$ 3351.00,250
2803,09:30:01,$ 3351.10,100
2805,10:29:43,$ 3409.88,290
2806,10:29:36,$ 3409.51,100
2807,10:29:08,$ 3411.01,100
2808,10:28:46,$ 3411.00,100
2809,10:28:46,$ 3410.53,100
2810,10:28:46,$ 3410.95,100
2811,10:28:42,$ 3409.93,100
2812,10:28:28,$ 3410.40,100
2813,10:28:23,$ 3410.39,100
2814,10:28:05,$ 3409.98,100
2815,10:28:05,$ 3409.84,100
2816,10:27:49,$ 3411.05,100
2817,10:27:47,$ 3411.00,100
2818,10:27:40,$ 3410.68,100
2819,10:27:40,$ 3410.96,100
2820,10:27:40,$ 3410.855,100
2821,10:27:40,$ 3411.52,100
2822,10:27:39,$ 3411.01,200
2823,10:27:38,$ 3411.11,113
2824,10:27:28,$ 3411.196,303
2826,10:27:15,$ 3409.54,163
2827,10:27:15,$ 3409.82,100
2828,10:27:13,$ 3409.76,100
2829,10:26:51,$ 3410.30,200
2830,10:26:50,$ 3409.63,130
2831,10:26:48,$ 3410.30,125
2832,10:26:45,$ 3410.49,100
2833,10:26:45,$ 3410.295,500
2834,10:26:24,$ 3410.51,100
2835,10:26:24,$ 3410.45,100
2836,10:26:23,$ 3410.71,100
2837,10:26:22,$ 3410.4593,200
2838,10:26:14,$ 3409.87,105
2839,10:26:04,$ 3410.00,201
2840,10:26:04,$ 3410.00,383
2841,10:26:00,$ 3409.28,100
2842,10:25:58,$ 3409.64,100
2843,10:25:57,$ 3409.63,100
2844,10:25:55,$ 3409.99,100
2845,10:25:55,$ 3409.97,100
2847,10:25:55,$ 3409.9996,100
2848,10:25:55,$ 3409.93,100
2849,10:25:55,$ 3409.93,100
2850,10:25:55,$ 3409.93,100
2851,10:25:55,$ 3409.87,100
2852,10:25:55,$ 3409.92,100
2853,10:25:55,$ 3409.05,100
2854,10:25:46,$ 3409.14,100
2855,10:25:42,$ 3409.00,100
2856,10:25:38,$ 3408.56,216
2857,10:25:38,$ 3408.44,100
2858,10:25:37,$ 3407.98,100
2859,10:25:37,$ 3407.98,100
2860,10:25:37,$ 3407.14,100
2861,10:25:25,$ 3407.005,200
2862,10:25:24,$ 3407.00,100
2863,10:25:23,$ 3406.00,111
2864,10:25:23,$ 3406.01,111
2865,10:25:23,$ 3406.67,100
2866,10:25:23,$ 3406.0001,100
2868,10:25:23,$ 3406.07,100
2869,10:25:23,$ 3406.06,100
2870,10:25:23,$ 3406.0101,100
2871,10:25:23,$ 3406.60,100
2872,10:25:23,$ 3406.0101,100
2873,10:25:23,$ 3406.011,100
2874,10:25:23,$ 3406.0435,100
2875,10:25:23,$ 3406.043,100
2876,10:25:23,$ 3407.14,100
2877,10:25:23,$ 3406.59,100
2878,10:25:21,$ 3406.22,100
2879,10:25:12,$ 3406.67,100
2880,10:25:11,$ 3406.4974,500
2881,10:25:11,$ 3406.8825,100
2882,10:25:11,$ 3407.89,100
2883,10:25:11,$ 3407.89,100
2884,10:25:05,$ 3408.56,100
2885,10:25:05,$ 3408.57,100
2886,10:25:04,$ 3408.915,100
2887,10:24:41,$ 3408.55,100
2889,10:24:41,$ 3408.55,600
2890,10:24:33,$ 3410.00,189
2891,10:24:32,$ 3410.01,100
2892,10:24:32,$ 3410.00,100
2893,10:24:32,$ 3409.57,141
2894,10:24:32,$ 3409.57,100
2895,10:24:21,$ 3410.3443,"1,000"
2896,10:24:18,$ 3411.35,147
2897,10:24:18,$ 3410.79,100
2898,10:24:16,$ 3410.81,200
2899,10:24:01,$ 3410.715,100
2900,10:23:56,$ 3410.465,100
2901,10:23:53,$ 3410.46,400
2902,10:23:50,$ 3411.38,159
2903,10:23:42,$ 3411.50,300
2904,10:23:42,$ 3411.51,100
2905,10:23:41,$ 3411.07,100
2906,10:23:41,$ 3411.03,100
2907,10:23:37,$ 3411.605,500
2908,10:23:26,$ 3412.0588,100
2910,10:23:20,$ 3411.435,100
2911,10:23:20,$ 3412.59,100
2912,10:23:12,$ 3411.325,100
2913,10:23:07,$ 3411.58,100
2914,10:23:03,$ 3410.85,100
2915,10:23:02,$ 3411.60,100
2916,10:23:00,$ 3411.60,100
2917,10:23:00,$ 3410.7225,"1,000"
2918,10:22:59,$ 3411.60,100
2919,10:22:59,$ 3411.59,100
2920,10:22:58,$ 3411.71,100
2921,10:22:58,$ 3411.93,100
2922,10:22:58,$ 3411.94,184
2923,10:22:58,$ 3411.92,100
2924,10:22:58,$ 3411.19,100
2925,10:22:55,$ 3411.32,200
2926,10:22:52,$ 3410.235,100
2927,10:22:50,$ 3410.57,100
2928,10:22:50,$ 3410.55,100
2929,10:22:50,$ 3410.23,100
2931,10:22:50,$ 3410.48,100
2932,10:22:50,$ 3410.42,100
2933,10:22:50,$ 3410.23,100
2934,10:22:50,$ 3410.34,100
2935,10:22:50,$ 3410.07,100
2936,10:22:42,$ 3410.07,100
2937,10:22:39,$ 3410.00,100
2938,10:22:23,$ 3410.91,100
2939,10:22:23,$ 3410.89,100
2940,10:22:23,$ 3410.89,100
2941,10:22:23,$ 3411.49,100
2942,10:22:17,$ 3412.39,100
2943,10:22:15,$ 3410.8901,110
2944,10:22:11,$ 3412.13,100
2945,10:22:10,$ 3411.675,100
2946,10:22:09,$ 3412.13,100
2947,10:22:08,$ 3411.715,100
2948,10:22:08,$ 3412.3095,100
2949,10:22:08,$ 3412.68,100
2950,10:22:08,$ 3412.70,100
2952,10:22:08,$ 3412.6786,700
2953,10:22:08,$ 3412.49,100
2954,10:22:08,$ 3412.42,100
2955,10:22:08,$ 3411.885,100
2956,10:21:56,$ 3412.915,100
2957,10:21:55,$ 3413.65,100
2958,10:21:54,$ 3414.005,100
2959,10:21:47,$ 3413.5999,100
2960,10:21:47,$ 3413.60,100
2961,10:21:40,$ 3414.00,100
2962,10:21:39,$ 3412.20,104
2963,10:21:39,$ 3412.21,100
2964,10:21:28,$ 3409.58,149
2965,10:21:28,$ 3409.57,100
2966,10:21:28,$ 3409.57,100
2967,10:21:28,$ 3409.57,100
2968,10:21:28,$ 3409.57,100
2969,10:21:28,$ 3409.405,100
2970,10:21:28,$ 3409.405,100
2971,10:21:27,$ 3408.64,100
2973,10:21:26,$ 3408.69,400
2974,10:21:26,$ 3409.44,125
2975,10:21:24,$ 3408.69,100
2976,10:21:19,$ 3408.75,111
2977,10:21:15,$ 3410.44,100
2978,10:21:15,$ 3410.00,100
2979,10:21:10,$ 3411.76,500
2980,10:21:08,$ 3411.50,100
2981,10:21:04,$ 3411.4605,100
2982,10:21:03,$ 3411.2876,100
2983,10:21:02,$ 3412.10,100
2984,10:20:59,$ 3411.65,100
2985,10:20:58,$ 3411.645,107
2986,10:20:57,$ 3411.645,120
2987,10:20:56,$ 3411.24,500
2988,10:20:56,$ 3411.6601,400
2989,10:20:55,$ 3410.77,100
2990,10:20:54,$ 3410.79,100
2991,10:20:50,$ 3410.76,"1,000"
2992,10:20:48,$ 3410.0101,300
2994,10:20:48,$ 3410.0991,100
2995,10:20:47,$ 3410.35,100
2996,10:20:46,$ 3411.41,100
2997,10:20:46,$ 3410.82,100
2998,10:20:45,$ 3410.14,100
2999,10:20:44,$ 3409.735,100
3000,10:20:44,$ 3409.445,100
3001,10:20:43,$ 3409.39,100
3002,10:20:42,$ 3409.855,100
3003,10:20:42,$ 3409.87,100
3004,10:20:42,$ 3409.875,100
3005,10:20:42,$ 3409.855,100
3006,10:20:42,$ 3409.83,100
3007,10:20:42,$ 3409.361,100
3008,10:20:42,$ 3409.855,100
3009,10:20:42,$ 3409.361,100
3010,10:20:42,$ 3409.85,100
3011,10:20:42,$ 3409.03,100
3012,10:20:42,$ 3409.02,500
3013,10:20:39,$ 3407.445,100
3015,10:20:39,$ 3407.445,100
3016,10:20:39,$ 3407.97,100
3017,10:20:39,$ 3407.97,100
3018,10:20:39,$ 3407.64,100
3019,10:20:39,$ 3407.97,100
3020,10:20:39,$ 3407.00,163
3021,10:20:37,$ 3406.157,500
3022,10:20:36,$ 3405.29,108
3023,10:20:36,$ 3405.29,100
3024,10:20:36,$ 3405.29,200
3025,10:20:36,$ 3404.80,100
3026,10:20:25,$ 3405.28,100
3027,10:20:25,$ 3405.60,100
3028,10:20:20,$ 3405.30,250
3029,10:20:14,$ 3404.7301,138
3030,10:20:13,$ 3404.415,100
3031,10:20:12,$ 3404.815,100
3032,10:20:11,$ 3404.0388,"1,975"
3033,10:19:55,$ 3404.99,100
3034,10:19:45,$ 3404.505,100
3036,10:19:44,$ 3404.49,100
3037,10:19:41,$ 3405.00,100
3038,10:19:41,$ 3405.22,100
3039,10:19:41,$ 3405.00,100
3040,10:19:41,$ 3405.00,144
3041,10:19:41,$ 3405.00,100
3042,10:19:36,$ 3404.012,500
3043,10:19:12,$ 3404.87,100
3044,10:19:12,$ 3404.87,100
3045,10:19:01,$ 3403.21,100
3046,10:19:01,$ 3403.23,100
3047,10:19:00,$ 3402.87,100
3048,10:18:57,$ 3402.86,100
3049,10:18:43,$ 3402.89,100
3050,10:18:37,$ 3402.23,100
3051,10:18:37,$ 3402.23,152
3052,10:18:37,$ 3402.23,152
3053,10:18:37,$ 3402.23,141
3054,10:18:32,$ 3403.00,100
3055,10:18:27,$ 3402.605,100
3057,10:18:25,$ 3402.314,100
3058,10:18:25,$ 3402.90,100
3059,10:18:24,$ 3403.98,100
3060,10:18:24,$ 3403.88,100
3061,10:18:15,$ 3404.58,100
3062,10:18:04,$ 3403.99,280
3063,10:18:03,$ 3403.42,"1,000"
3064,10:17:59,$ 3403.78,100
3065,10:17:59,$ 3403.97,100
3066,10:17:55,$ 3404.05,100
3067,10:17:48,$ 3404.64,100
3068,10:17:45,$ 3404.335,100
3069,10:17:42,$ 3404.345,100
3070,10:17:42,$ 3404.42,100
3071,10:17:41,$ 3404.87,100
3072,10:17:39,$ 3405.93,100
3073,10:17:39,$ 3405.92,100
3074,10:17:32,$ 3405.64,100
3075,10:17:32,$ 3405.95,100
3076,10:17:29,$ 3405.78,100
3078,10:17:29,$ 3405.91,100
3079,10:17:29,$ 3405.78,100
3080,10:17:12,$ 3405.003,473
3081,10:17:07,$ 3405.28,104
3082,10:16:52,$ 3403.20,250
3083,10:16:45,$ 3403.425,500
3084,10:16:43,$ 3403.33,100
3085,10:16:34,$ 3400.76,200
3086,10:16:24,$ 3402.35,100
3087,10:16:14,$ 3402.532,100
3088,10:16:14,$ 3402.61,100
3089,10:16:14,$ 3402.61,100
3090,10:16:07,$ 3403.485,100
3091,10:16:06,$ 3403.50,200
3092,10:16:06,$ 3403.50,200
3093,10:16:06,$ 3403.50,100
3094,10:16:06,$ 3403.50,100
3095,10:16:06,$ 3403.50,100
3096,10:16:05,$ 3406.00,100
3097,10:16:03,$ 3403.86,100
3099,10:15:55,$ 3405.8658,100
3100,10:15:44,$ 3405.44,220
3101,10:15:40,$ 3405.12,100
3102,10:15:38,$ 3405.105,100
3103,10:15:38,$ 3405.105,100
3104,10:15:38,$ 3405.105,100
3105,10:15:35,$ 3405.12,100
3106,10:15:34,$ 3404.9832,500
3107,10:15:21,$ 3405.70,100
3108,10:15:14,$ 3405.84,187
3109,10:15:04,$ 3405.595,100
3110,10:14:59,$ 3405.25,100
3111,10:14:56,$ 3405.00,500
3112,10:14:54,$ 3405.60,100
3113,10:14:54,$ 3405.60,125
3114,10:14:54,$ 3405.60,100
3115,10:14:54,$ 3405.60,100
3116,10:14:54,$ 3405.60,100
3117,10:14:53,$ 3406.165,100
3118,10:14:53,$ 3406.165,100
3120,10:14:53,$ 3405.74,100
3121,10:14:53,$ 3405.61,100
3122,10:14:53,$ 3405.63,100
3123,10:14:53,$ 3405.63,100
3124,10:14:53,$ 3405.63,100
3125,10:14:53,$ 3405.63,100
3126,10:14:53,$ 3405.62,100
3127,10:14:53,$ 3405.63,100
3128,10:14:53,$ 3405.77,100
3129,10:14:48,$ 3406.051,"1,000"
3130,10:14:46,$ 3406.165,300
3131,10:14:44,$ 3406.70,100
3132,10:14:41,$ 3406.50,116
3133,10:14:41,$ 3405.01,100
3134,10:14:41,$ 3405.85,155
3135,10:14:41,$ 3405.85,345
3136,10:14:41,$ 3404.99,100
3137,10:14:38,$ 3404.90,100
3138,10:14:38,$ 3405.13,100
3139,10:14:38,$ 3405.00,158
3141,10:14:38,$ 3405.00,100
3142,10:14:38,$ 3405.00,343
3143,10:14:38,$ 3405.00,341
3144,10:14:38,$ 3405.00,182
3145,10:14:38,$ 3404.317,425
3146,10:14:36,$ 3403.965,129
3147,10:14:33,$ 3403.425,100
3148,10:14:02,$ 3402.27,100
3149,10:13:53,$ 3401.80,185
3150,10:13:44,$ 3402.55,100
3151,10:13:31,$ 3402.945,100
3152,10:13:14,$ 3402.66,100
3153,10:13:13,$ 3403.63,100
3154,10:13:01,$ 3401.72,100
3155,10:12:35,$ 3401.05,100
3156,10:12:35,$ 3401.09,100
3157,10:12:35,$ 3401.17,100
3158,10:12:35,$ 3401.09,100
3159,10:12:35,$ 3401.065,100
3160,10:12:04,$ 3402.89,100
3162,10:12:01,$ 3401.93,100
3163,10:12:01,$ 3401.97,100
3164,10:12:01,$ 3402.00,100
3165,10:11:59,$ 3401.056,100
3166,10:11:56,$ 3402.00,100
3167,10:11:56,$ 3402.00,100
3168,10:11:56,$ 3402.00,100
3169,10:11:56,$ 3402.00,100
3170,10:11:34,$ 3401.39,100
3171,10:11:34,$ 3401.61,100
3172,10:11:27,$ 3401.89,100
3173,10:11:23,$ 3402.40,235
3174,10:11:18,$ 3402.52,100
3175,10:11:13,$ 3403.00,100
3176,10:11:13,$ 3403.08,100
3177,10:11:08,$ 3403.78,100
3178,10:11:08,$ 3404.00,100
3179,10:11:03,$ 3403.98,100
3180,10:11:02,$ 3403.879,375
3181,10:11:02,$ 3403.785,100
3183,10:11:01,$ 3403.70,200
3184,10:11:01,$ 3404.02,100
3185,10:11:01,$ 3404.02,100
3186,10:11:01,$ 3404.02,100
3187,10:11:00,$ 3404.02,100
3188,10:11:00,$ 3404.60,100
3189,10:11:00,$ 3404.02,100
3190,10:10:58,$ 3404.45,100
3191,10:10:47,$ 3402.963,100
3192,10:10:46,$ 3402.945,100
3193,10:10:46,$ 3402.57,100
3194,10:10:43,$ 3403.00,305
3195,10:10:38,$ 3402.32,100
3196,10:10:32,$ 3402.00,200
3197,10:10:25,$ 3400.69,117
3198,10:10:24,$ 3401.01,107
3199,10:10:23,$ 3401.3366,300
3200,10:10:22,$ 3401.14,100
3201,10:10:19,$ 3400.155,100
3202,10:10:15,$ 3399.63,100
3204,10:10:14,$ 3400.235,100
3205,10:10:10,$ 3399.94,140
3206,10:10:10,$ 3399.93,150
3207,10:10:07,$ 3399.1248,280
3208,10:09:59,$ 3399.10,300
3209,10:09:58,$ 3399.12,100
3210,10:09:58,$ 3399.11,100
3211,10:09:50,$ 3399.51,100
3212,10:09:43,$ 3399.99,100
3213,10:09:43,$ 3399.85,100
3214,10:09:43,$ 3399.97,100
3215,10:09:43,$ 3399.98,100
3216,10:09:20,$ 3400.01,100
3217,10:09:20,$ 3400.14,100
3218,10:09:20,$ 3400.11,100
3219,10:09:20,$ 3400.11,100
3220,10:09:17,$ 3400.12,100
3221,10:08:49,$ 3400.18,100
3222,10:08:38,$ 3400.00,100
3223,10:08:37,$ 3400.43,100
3225,10:08:37,$ 3400.42,100
3226,10:08:21,$ 3400.99,137
3227,10:08:04,$ 3402.1282,100
3228,10:08:00,$ 3401.63,100
3229,10:07:59,$ 3401.49,100
3230,10:07:55,$ 3401.61,100
3231,10:07:55,$ 3401.62,200
3232,10:07:51,$ 3401.62,100
3233,10:07:51,$ 3401.59,100
3234,10:07:51,$ 3401.59,100
3235,10:07:10,$ 3399.04,100
3236,10:07:10,$ 3400.42,100
3237,10:07:08,$ 3400.76,100
3238,10:07:00,$ 3399.575,100
3239,10:06:58,$ 3400.36,116
3240,10:06:55,$ 3399.52,100
3241,10:06:52,$ 3400.20,100
3242,10:06:48,$ 3400.3525,100
3243,10:06:48,$ 3400.00,100
3244,10:06:48,$ 3400.00,100
3246,10:06:48,$ 3400.00,100
3247,10:06:45,$ 3398.55,100
3248,10:06:12,$ 3399.63,100
3249,10:06:10,$ 3400.0001,100
3250,10:06:08,$ 3400.55,100
3251,10:06:08,$ 3401.60,100
3252,10:06:01,$ 3402.5892,100
3253,10:05:47,$ 3401.00,100
3254,10:05:47,$ 3402.7692,400
3255,10:05:46,$ 3403.00,100
3256,10:05:46,$ 3403.00,100
3257,10:05:37,$ 3401.52,100
3258,10:05:37,$ 3401.50,126
3259,10:05:35,$ 3402.00,100
3260,10:05:35,$ 3401.99,100
3261,10:05:35,$ 3402.00,126
3262,10:05:35,$ 3402.00,103
3263,10:05:35,$ 3402.00,187
3264,10:05:24,$ 3402.285,100
3265,10:05:24,$ 3401.775,100
3267,10:04:53,$ 3401.625,101
3268,10:04:46,$ 3402.605,100
3269,10:04:44,$ 3402.27,100
3270,10:04:44,$ 3403.72,100
3271,10:04:44,$ 3403.72,100
3272,10:04:39,$ 3401.03,100
3273,10:04:33,$ 3401.73,100
3274,10:04:33,$ 3401.74,100
3275,10:04:32,$ 3401.71,100
3276,10:04:30,$ 3401.17,100
3277,10:04:25,$ 3401.40,116
3278,10:04:25,$ 3401.40,100
3279,10:04:19,$ 3401.78,100
3280,10:04:13,$ 3401.72,100
3281,10:04:10,$ 3401.76,100
3282,10:04:07,$ 3402.78,100
3283,10:04:01,$ 3402.3838,160
3284,10:04:00,$ 3402.75,100
3285,10:03:46,$ 3402.74,100
3286,10:03:42,$ 3402.001,100
3288,10:03:42,$ 3402.00,314
3289,10:03:42,$ 3402.02,100
3290,10:03:42,$ 3402.00,100
3291,10:03:42,$ 3402.82,100
3292,10:03:38,$ 3402.99,400
3293,10:03:33,$ 3402.9901,100
3294,10:03:29,$ 3403.915,100
3295,10:03:27,$ 3403.625,100
3296,10:03:26,$ 3403.51,100
3297,10:03:25,$ 3404.265,100
3298,10:03:22,$ 3404.0672,100
3299,10:03:15,$ 3402.99,150
3300,10:03:15,$ 3402.99,100
3301,10:03:14,$ 3402.76,100
3302,10:03:13,$ 3402.39,300
3303,10:03:04,$ 3402.8188,110
3304,10:02:59,$ 3402.97,100
3305,10:02:55,$ 3401.7401,100
3306,10:02:51,$ 3402.22,100
3307,10:02:49,$ 3401.94,100
3309,10:02:44,$ 3401.27,100
3310,10:02:43,$ 3401.27,400
3311,10:02:43,$ 3400.55,100
3312,10:02:43,$ 3400.77,100
3313,10:02:43,$ 3400.76,100
3314,10:02:43,$ 3400.68,100
3315,10:02:43,$ 3400.68,100
3316,10:02:43,$ 3400.655,100
3317,10:02:32,$ 3401.01,100
3318,10:02:13,$ 3400.18,100
3319,10:02:13,$ 3400.37,100
3320,10:02:13,$ 3400.725,100
3321,10:02:13,$ 3401.28,100
3322,10:02:13,$ 3401.42,160
3323,10:02:13,$ 3401.42,100
3324,10:02:07,$ 3401.30,100
3325,10:02:07,$ 3400.93,100
3326,10:02:07,$ 3401.09,100
3327,10:02:07,$ 3401.30,100
3328,10:02:07,$ 3401.30,100
3330,10:02:06,$ 3401.52,100
3331,10:02:02,$ 3402.58,100
3332,10:01:59,$ 3403.7817,100
3333,10:01:59,$ 3403.2249,"1,000"
3334,10:01:55,$ 3402.55,100
3335,10:01:53,$ 3403.96,200
3336,10:01:52,$ 3403.41,100
3337,10:01:45,$ 3404.12,100
3338,10:01:45,$ 3403.935,100
3339,10:01:44,$ 3403.01,100
3340,10:01:43,$ 3403.565,200
3341,10:01:43,$ 3403.565,100
3342,10:01:39,$ 3403.77,100
3343,10:01:39,$ 3403.78,100
3344,10:01:36,$ 3403.17,100
3345,10:01:36,$ 3403.17,100
3346,10:01:36,$ 3403.00,131
3347,10:01:36,$ 3403.00,100
3348,10:01:36,$ 3401.18,100
3349,10:01:36,$ 3401.02,100
3351,10:01:35,$ 3400.205,100
3352,10:01:34,$ 3400.21,200
3353,10:01:26,$ 3401.5703,223
3354,10:01:25,$ 3402.7424,300
3355,10:01:23,$ 3401.97,200
3356,10:01:18,$ 3401.155,"1,000"
3357,10:01:18,$ 3400.93,100
3358,10:01:18,$ 3401.88,100
3359,10:01:17,$ 3401.70,100
3360,10:01:13,$ 3402.25,100
3361,10:01:13,$ 3401.695,100
3362,10:01:12,$ 3401.675,100
3363,10:01:11,$ 3401.68,100
3364,10:01:11,$ 3401.68,100
3365,10:01:08,$ 3401.155,100
3366,10:01:05,$ 3401.7252,100
3367,10:01:04,$ 3401.03,100
3368,10:01:04,$ 3401.03,100
3369,10:01:04,$ 3401.03,100
3370,10:01:04,$ 3401.03,100
3372,10:01:04,$ 3401.03,100
3373,10:01:01,$ 3402.00,100
3374,10:01:01,$ 3401.99,100
3375,10:01:01,$ 3401.974,464
3376,10:01:01,$ 3401.99,100
3377,10:01:01,$ 3401.00,150
3378,10:01:01,$ 3401.00,100
3379,10:01:01,$ 3399.705,100
3380,10:01:01,$ 3400.50,100
3381,10:01:01,$ 3400.00,100
3382,10:01:01,$ 3400.00,300
3383,10:00:57,$ 3398.13,100
3384,10:00:55,$ 3398.16,100
3385,10:00:55,$ 3398.94,100
3386,10:00:55,$ 3398.94,100
3387,10:00:55,$ 3399.58,150
3388,10:00:51,$ 3397.77,120
3389,10:00:49,$ 3397.8601,100
3390,10:00:49,$ 3398.135,100
3391,10:00:49,$ 3398.135,100
3393,10:00:49,$ 3398.925,100
3394,10:00:47,$ 3398.44,100
3395,10:00:46,$ 3399.005,100
3396,10:00:45,$ 3399.00,100
3397,10:00:45,$ 3399.00,100
3398,10:00:42,$ 3398.765,120
3399,10:00:41,$ 3398.89,100
3400,10:00:30,$ 3397.86,100
3401,10:00:30,$ 3397.86,100
3402,10:00:30,$ 3398.96,100
3403,10:00:30,$ 3398.96,100
3404,10:00:29,$ 3397.48,200
3405,10:00:27,$ 3397.42,100
3406,10:00:25,$ 3395.545,100
3407,10:00:15,$ 3395.635,100
3408,10:00:13,$ 3394.24,200
3409,10:00:12,$ 3395.05,100
3410,10:00:12,$ 3395.07,100
3411,10:00:12,$ 3394.70,260
3412,10:00:08,$ 3394.57,100
3414,10:00:08,$ 3394.62,100
3415,10:00:04,$ 3395.18,100
3416,10:00:02,$ 3394.21,100
3418,10:59:58,$ 3408.135,100
3419,10:59:52,$ 3408.83,100
3420,10:59:52,$ 3408.87,100
3421,10:59:45,$ 3408.275,100
3422,10:59:44,$ 3408.42,100
3423,10:59:44,$ 3408.41,100
3424,10:59:40,$ 3407.6937,100
3425,10:59:35,$ 3408.04,197
3426,10:59:25,$ 3408.19,100
3427,10:59:25,$ 3409.53,100
3428,10:59:22,$ 3409.58,100
3429,10:59:22,$ 3408.89,200
3430,10:59:22,$ 3408.89,100
3431,10:59:09,$ 3410.00,100
3432,10:59:09,$ 3410.00,100
3433,10:59:09,$ 3410.00,100
3434,10:59:09,$ 3411.1682,187
3435,10:59:08,$ 3411.26,100
3436,10:59:08,$ 3411.21,100
3437,10:58:48,$ 3411.38,100
3439,10:58:43,$ 3411.94,121
3440,10:58:32,$ 3412.45,100
3441,10:58:29,$ 3412.11,100
3442,10:58:28,$ 3412.455,100
3443,10:58:13,$ 3412.00,100
3444,10:58:03,$ 3410.93,100
3445,10:57:52,$ 3410.4509,150
3446,10:57:49,$ 3410.875,100
3447,10:57:26,$ 3411.01,100
3448,10:57:26,$ 3411.01,100
3449,10:57:14,$ 3411.50,100
3450,10:56:48,$ 3411.409,830
3451,10:56:27,$ 3411.015,100
3452,10:56:17,$ 3411.27,100
3453,10:56:15,$ 3410.03,100
3454,10:56:15,$ 3410.06,100
3455,10:56:06,$ 3411.40,100
3456,10:55:41,$ 3412.13,100
3457,10:55:21,$ 3413.18,100
3458,10:54:59,$ 3413.37,100
3460,10:54:26,$ 3414.53,100
3461,10:54:26,$ 3413.61,100
3462,10:54:26,$ 3413.61,100
3463,10:54:26,$ 3413.61,100
3464,10:54:26,$ 3414.27,100
3465,10:54:25,$ 3413.61,200
3466,10:54:20,$ 3412.55,100
3467,10:54:19,$ 3413.54,100
3468,10:54:17,$ 3412.515,100
3469,10:54:13,$ 3412.97,200
3470,10:54:11,$ 3413.64,100
3471,10:53:42,$ 3412.515,100
3472,10:53:37,$ 3413.64,100
3473,10:53:35,$ 3413.0942,100
3474,10:53:31,$ 3413.3183,300
3475,10:53:24,$ 3413.96,100
3476,10:53:19,$ 3416.12,100
3477,10:53:19,$ 3416.12,100
3478,10:53:19,$ 3416.12,100
3479,10:53:16,$ 3415.83,100
3481,10:53:11,$ 3415.705,100
3482,10:53:07,$ 3415.90,600
3483,10:53:00,$ 3415.25,200
3484,10:53:00,$ 3415.25,798
3485,10:53:00,$ 3415.00,100
3486,10:53:00,$ 3415.00,500
3487,10:53:00,$ 3415.00,100
3488,10:53:00,$ 3415.00,100
3489,10:53:00,$ 3415.00,194
3490,10:52:48,$ 3412.435,361
3491,10:52:24,$ 3412.425,300
3492,10:52:24,$ 3412.42,147
3493,10:51:43,$ 3412.00,100
3494,10:51:37,$ 3411.525,100
3495,10:51:35,$ 3411.9999,100
3496,10:51:24,$ 3410.42,100
3497,10:51:20,$ 3412.02,100
3498,10:51:20,$ 3412.00,100
3499,10:51:13,$ 3412.50,100
3500,10:50:59,$ 3412.93,100
3502,10:50:35,$ 3412.02,100
3503,10:50:22,$ 3412.675,100
3504,10:50:22,$ 3412.16,100
3505,10:50:07,$ 3411.025,100
3506,10:49:13,$ 3413.36,109
3507,10:49:09,$ 3414.2699,100
3508,10:49:09,$ 3413.805,100
3509,10:49:09,$ 3414.27,100
3510,10:49:06,$ 3413.3101,"1,000"
3511,10:48:58,$ 3414.1999,200
3512,10:48:58,$ 3414.1999,100
3513,10:48:50,$ 3412.66,100
3514,10:48:32,$ 3413.00,100
3515,10:48:17,$ 3412.22,100
3516,10:48:15,$ 3411.90,100
3517,10:48:15,$ 3413.80,100
3518,10:48:01,$ 3412.92,200
3519,10:47:45,$ 3413.33,100
3520,10:47:42,$ 3413.10,100
3521,10:47:42,$ 3412.99,105
3523,10:47:42,$ 3413.00,100
3524,10:47:42,$ 3412.62,100
3525,10:47:42,$ 3412.04,100
3526,10:47:42,$ 3412.00,100
3527,10:47:42,$ 3412.00,350
3528,10:47:41,$ 3411.7604,100
3529,10:47:28,$ 3410.25,100
3530,10:47:26,$ 3410.50,200
3531,10:47:25,$ 3410.50,100
3532,10:47:25,$ 3410.50,200
3533,10:47:25,$ 3410.24,100
3534,10:47:25,$ 3410.24,100
3535,10:47:25,$ 3410.21,100
3536,10:46:47,$ 3408.97,100
3537,10:46:43,$ 3409.505,140
3538,10:46:36,$ 3409.005,100
3539,10:46:35,$ 3409.59,100
3540,10:46:34,$ 3409.04,200
3541,10:46:14,$ 3408.75,100
3542,10:46:12,$ 3407.35,100
3544,10:46:10,$ 3408.2399,100
3545,10:44:46,$ 3408.21,100
3546,10:44:32,$ 3409.24,100
3547,10:44:31,$ 3408.76,100
3548,10:44:07,$ 3410.06,100
3549,10:43:37,$ 3408.485,100
3550,10:43:25,$ 3408.25,100
3551,10:43:25,$ 3408.59,100
3552,10:43:17,$ 3408.36,400
3553,10:42:51,$ 3408.5271,175
3554,10:42:46,$ 3408.00,100
3555,10:42:46,$ 3408.001,100
3556,10:42:45,$ 3408.005,100
3557,10:42:40,$ 3408.00,100
3558,10:42:40,$ 3407.99,100
3559,10:42:39,$ 3407.97,100
3560,10:42:39,$ 3407.97,100
3561,10:42:39,$ 3407.97,100
3562,10:42:37,$ 3406.58,100
3563,10:42:35,$ 3407.99,100
3565,10:42:34,$ 3407.21,100
3566,10:42:34,$ 3407.21,100
3567,10:42:34,$ 3407.53,100
3568,10:42:32,$ 3407.80,292
3569,10:42:32,$ 3407.80,390
3570,10:42:30,$ 3408.03,100
3571,10:42:29,$ 3407.54,100
3572,10:42:29,$ 3407.27,100
3573,10:42:29,$ 3407.32,100
3574,10:42:29,$ 3407.35,100
3575,10:42:29,$ 3407.50,100
3576,10:42:29,$ 3407.52,100
3577,10:42:29,$ 3407.52,100
3578,10:42:29,$ 3407.53,305
3579,10:42:29,$ 3407.445,100
3580,10:42:29,$ 3407.55,100
3581,10:42:29,$ 3407.27,100
3582,10:42:18,$ 3407.01,146
3583,10:42:01,$ 3406.26,100
3584,10:41:59,$ 3406.29,100
3586,10:41:59,$ 3406.29,100
3587,10:41:58,$ 3406.55,100
3588,10:41:58,$ 3406.52,100
3589,10:41:58,$ 3407.03,111
3590,10:41:57,$ 3406.63,100
3591,10:41:57,$ 3406.60,100
3592,10:41:57,$ 3406.58,100
3593,10:41:35,$ 3407.63,100
3594,10:41:27,$ 3409.3248,110
3595,10:41:17,$ 3408.545,200
3596,10:41:15,$ 3408.04,318
3597,10:41:15,$ 3408.48,100
3598,10:41:15,$ 3408.55,100
3599,10:41:15,$ 3408.55,100
3600,10:41:15,$ 3408.04,377
3601,10:41:15,$ 3408.04,100
3602,10:41:15,$ 3408.035,605
3603,10:41:13,$ 3408.03,125
3604,10:41:13,$ 3408.03,125
3605,10:41:05,$ 3407.52,100
3607,10:41:05,$ 3408.06,100
3608,10:40:56,$ 3409.01,100
3609,10:40:55,$ 3409.01,100
3610,10:40:43,$ 3409.04,100
3611,10:40:43,$ 3409.71,100
3612,10:40:42,$ 3409.25,100
3613,10:40:41,$ 3409.05,100
3614,10:40:40,$ 3409.378,100
3615,10:40:40,$ 3410.75,100
3616,10:40:09,$ 3410.99,100
3617,10:40:09,$ 3410.00,100
3618,10:40:07,$ 3409.95,100
3619,10:39:57,$ 3409.93,250
3620,10:39:43,$ 3410.855,100
3621,10:39:28,$ 3411.95,100
3622,10:39:27,$ 3411.95,100
3623,10:39:27,$ 3411.95,100
3624,10:39:27,$ 3411.97,100
3625,10:39:17,$ 3410.995,120
3626,10:39:11,$ 3411.075,100
3628,10:38:59,$ 3411.02,100
3629,10:38:44,$ 3411.2099,100
3630,10:38:44,$ 3411.21,100
3631,10:38:32,$ 3410.08,100
3632,10:38:16,$ 3410.1401,500
3633,10:38:16,$ 3410.24,100
3634,10:38:03,$ 3409.01,100
3635,10:37:35,$ 3409.555,"1,000"
3636,10:37:26,$ 3409.20,100
3637,10:37:24,$ 3408.52,100
3638,10:37:16,$ 3408.49,100
3639,10:37:10,$ 3407.475,100
3640,10:36:47,$ 3407.405,100
3641,10:36:26,$ 3408.47,100
3642,10:36:14,$ 3408.5099,200
3643,10:36:09,$ 3406.91,100
3644,10:36:07,$ 3407.1043,113
3645,10:36:07,$ 3406.52,500
3646,10:36:05,$ 3407.67,100
3647,10:36:04,$ 3407.235,100
3649,10:35:52,$ 3407.80,100
3650,10:35:52,$ 3407.80,100
3651,10:35:45,$ 3409.15,100
3652,10:35:45,$ 3409.55,100
3653,10:35:43,$ 3409.88,100
3654,10:35:43,$ 3409.15,100
3655,10:35:37,$ 3409.88,100
3656,10:35:36,$ 3409.90,100
3657,10:35:27,$ 3411.56,100
3658,10:35:15,$ 3410.48,100
3659,10:35:09,$ 3410.95,100
3660,10:35:09,$ 3410.95,100
3661,10:35:09,$ 3410.70,100
3662,10:35:09,$ 3410.72,100
3663,10:35:09,$ 3410.67,100
3664,10:35:09,$ 3409.83,100
3665,10:35:09,$ 3409.87,100
3666,10:35:09,$ 3409.57,100
3667,10:35:09,$ 3409.67,100
3668,10:34:57,$ 3409.037,100
3670,10:34:52,$ 3410.1438,137
3671,10:34:51,$ 3408.62,100
3672,10:34:51,$ 3409.56,100
3673,10:34:51,$ 3409.07,100
3674,10:34:51,$ 3409.55,100
3675,10:34:45,$ 3410.01,100
3676,10:34:45,$ 3410.01,100
3677,10:34:45,$ 3410.70,100
3678,10:34:32,$ 3411.56,129
3679,10:34:25,$ 3412.11,107
3680,10:34:15,$ 3412.6095,400
3681,10:34:12,$ 3411.775,100
3682,10:34:02,$ 3412.17,500
3683,10:33:59,$ 3411.60,100
3684,10:33:58,$ 3411.30,100
3685,10:33:58,$ 3411.35,100
3686,10:33:44,$ 3410.68,293
3687,10:33:44,$ 3410.68,120
3688,10:33:44,$ 3411.28,100
3689,10:33:44,$ 3411.29,100
3691,10:33:44,$ 3410.93,100
3692,10:33:16,$ 3408.985,200
3693,10:33:10,$ 3409.82,100
3694,10:33:07,$ 3409.83,100
3695,10:32:56,$ 3409.43,100
3696,10:32:56,$ 3409.44,100
3697,10:32:55,$ 3408.746,110
3698,10:32:38,$ 3408.80,100
3699,10:32:32,$ 3408.829,110
3700,10:32:31,$ 3408.815,200
3701,10:32:21,$ 3409.345,100
3702,10:32:21,$ 3409.345,100
3703,10:32:09,$ 3409.31,100
3704,10:32:06,$ 3408.795,102
3705,10:32:00,$ 3408.63,100
3706,10:31:58,$ 3409.12,100
3707,10:31:55,$ 3409.44,100
3708,10:31:50,$ 3409.4017,200
3709,10:31:40,$ 3407.99,100
3710,10:31:23,$ 3407.17,100
3712,10:31:14,$ 3406.68,100
3713,10:31:10,$ 3406.24,100
3714,10:31:10,$ 3406.434,100
3715,10:31:01,$ 3406.58,100
3716,10:30:42,$ 3407.00,100
3717,10:30:37,$ 3407.25,185
3718,10:30:35,$ 3408.0102,100
3719,10:30:35,$ 3408.01,100
3720,10:30:35,$ 3408.00,100
3721,10:30:35,$ 3408.01,100
3722,10:30:33,$ 3408.0001,100
3723,10:30:33,$ 3408.425,100
3724,10:30:33,$ 3408.38,100
3725,10:30:33,$ 3408.025,100
3726,10:30:30,$ 3408.81,100
3727,10:30:30,$ 3408.82,100
3728,10:30:30,$ 3408.79,100
3729,10:30:30,$ 3408.79,100
3730,10:30:28,$ 3409.12,100
3731,10:30:25,$ 3409.52,100
3733,10:30:17,$ 3409.96,100
3734,10:30:14,$ 3410.48,100
3735,10:30:04,$ 3409.795,100
3737,11:29:17,$ 3404.50,100
3738,11:28:49,$ 3404.98,100
3739,11:28:49,$ 3404.98,214
3740,11:28:36,$ 3404.725,100
3741,11:28:35,$ 3404.82,100
3742,11:28:30,$ 3404.94,100
3743,11:28:16,$ 3405.995,200
3744,11:28:09,$ 3407.25,100
3745,11:28:07,$ 3406.00,100
3746,11:28:06,$ 3406.50,100
3747,11:26:47,$ 3407.97,100
3748,11:26:47,$ 3408.00,184
3749,11:26:47,$ 3408.00,184
3750,11:26:25,$ 3407.97,100
3751,11:26:25,$ 3407.97,123
3752,11:26:25,$ 3407.96,100
3753,11:26:25,$ 3407.97,100
3754,11:25:59,$ 3407.00,100
3755,11:25:21,$ 3407.84,150
3756,11:25:14,$ 3407.09,100
3758,11:25:14,$ 3407.27,100
3759,11:25:13,$ 3406.77,100
3760,11:25:08,$ 3406.625,100
3761,11:25:08,$ 3405.99,100
3762,11:24:58,$ 3407.27,100
3763,11:24:38,$ 3406.5003,100
3764,11:24:36,$ 3406.9677,140
3765,11:24:36,$ 3407.34,100
3766,11:24:36,$ 3407.33,100
3767,11:24:36,$ 3407.34,100
3768,11:24:36,$ 3407.34,100
3769,11:24:28,$ 3407.30,100
3770,11:24:28,$ 3407.37,100
3771,11:24:23,$ 3407.88,100
3772,11:24:14,$ 3407.42,100
3773,11:24:10,$ 3407.9275,150
3774,11:23:49,$ 3407.70,100
3775,11:23:31,$ 3409.22,100
3776,11:23:11,$ 3409.60,150
3777,11:23:11,$ 3409.579,100
3779,11:23:11,$ 3409.114,100
3780,11:22:48,$ 3409.35,120
3781,11:22:42,$ 3409.44,100
3782,11:22:25,$ 3408.92,164
3783,11:22:14,$ 3407.96,100
3784,11:22:14,$ 3408.00,100
3785,11:22:12,$ 3407.98,100
3786,11:22:03,$ 3408.10,100
3787,11:22:03,$ 3408.06,100
3788,11:21:50,$ 3408.02,100
3789,11:21:33,$ 3408.50,221
3790,11:21:33,$ 3408.50,248
3791,11:20:55,$ 3408.0001,378
3792,11:20:54,$ 3408.14,100
3793,11:20:41,$ 3408.86,100
3794,11:20:28,$ 3408.585,500
3795,11:20:28,$ 3407.89,100
3796,11:20:20,$ 3407.7932,500
3797,11:20:15,$ 3406.88,500
3798,11:20:14,$ 3406.80,100
3800,11:19:52,$ 3406.79,100
3801,11:19:39,$ 3407.189,100
3802,11:19:39,$ 3406.615,100
3803,11:19:17,$ 3408.00,100
3804,11:19:00,$ 3408.00,100
3805,11:18:52,$ 3408.935,100
3806,11:18:51,$ 3408.5101,635
3807,11:18:51,$ 3408.33,100
3808,11:18:15,$ 3406.06,100
3809,11:18:12,$ 3406.02,900
3810,11:18:02,$ 3406.5799,100
3811,11:17:58,$ 3405.76,100
3812,11:16:55,$ 3404.72,100
3813,11:16:30,$ 3404.71,136
3814,11:16:30,$ 3404.71,122
3815,11:16:28,$ 3405.55,"1,000"
3816,11:16:08,$ 3405.65,100
3817,11:16:05,$ 3405.76,100
3818,11:16:00,$ 3404.95,100
3819,11:15:30,$ 3403.18,100
3821,11:15:27,$ 3403.19,100
3822,11:15:24,$ 3403.62,100
3823,11:15:18,$ 3404.39,100
3824,11:14:56,$ 3402.87,145
3825,11:14:15,$ 3403.9806,641
3826,11:14:15,$ 3403.629,100
3827,11:14:15,$ 3403.58,100
3828,11:14:14,$ 3404.18,100
3829,11:14:14,$ 3404.12,100
3830,11:14:10,$ 3404.3044,100
3831,11:14:09,$ 3404.34,100
3832,11:14:03,$ 3404.87,100
3833,11:13:55,$ 3406.285,100
3834,11:13:52,$ 3405.91,120
3835,11:13:48,$ 3405.865,100
3836,11:13:34,$ 3405.305,100
3837,11:13:32,$ 3404.66,100
3838,11:13:32,$ 3404.68,100
3839,11:13:31,$ 3405.5838,120
3840,11:12:54,$ 3404.01,130
3842,11:12:47,$ 3404.1864,300
3843,11:12:45,$ 3404.73,100
3844,11:12:45,$ 3404.95,100
3845,11:12:45,$ 3404.925,100
3846,11:12:44,$ 3404.03,100
3847,11:12:44,$ 3404.01,100
3848,11:12:43,$ 3404.505,100
3849,11:12:14,$ 3403.95,100
3850,11:11:52,$ 3403.99,110
3851,11:11:48,$ 3404.035,200
3852,11:11:30,$ 3402.76,100
3853,11:11:30,$ 3402.76,100
3854,11:11:25,$ 3402.49,100
3855,11:11:23,$ 3402.55,100
3856,11:11:13,$ 3402.89,100
3857,11:10:45,$ 3402.1503,213
3858,11:10:36,$ 3402.3501,"1,000"
3859,11:10:35,$ 3402.25,100
3860,11:10:34,$ 3402.7852,150
3861,11:10:15,$ 3401.99,100
3863,11:10:14,$ 3402.23,100
3864,11:10:14,$ 3402.125,100
3865,11:10:01,$ 3401.75,144
3866,11:09:54,$ 3400.98,"1,000"
3867,11:09:52,$ 3400.97,101
3868,11:09:41,$ 3400.698,250
