,NLS Time (ET),NLS Price,NLS Share Volume
1,09:59:58,$ 3241.03,100
2,09:59:58,$ 3240.77,200
3,09:59:58,$ 3241.05,100
4,09:59:58,$ 3241.05,200
5,09:59:58,$ 3241.05,200
6,09:59:58,$ 3241.04,200
7,09:59:58,$ 3241.03,200
8,09:59:58,$ 3241.05,400
9,09:59:45,$ 3239.42,154
10,09:59:45,$ 3239.42,672
11,09:59:35,$ 3237.4183,550
12,09:59:34,$ 3238.50,165
13,09:59:34,$ 3237.64,100
14,09:59:34,$ 3238.31,100
15,09:59:34,$ 3238.08,100
16,09:59:31,$ 3236.8425,200
17,09:59:29,$ 3237.50,100
18,09:59:25,$ 3238.24,100
19,09:59:21,$ 3238.65,100
20,09:59:21,$ 3238.66,100
22,09:59:21,$ 3238.80,100
23,09:59:21,$ 3238.80,100
24,09:59:21,$ 3238.6438,300
25,09:59:21,$ 3238.65,100
26,09:59:21,$ 3238.90,100
27,09:59:21,$ 3238.711,100
28,09:59:21,$ 3239.48,395
29,09:59:21,$ 3239.18,100
30,09:59:21,$ 3238.711,100
31,09:59:21,$ 3238.711,100
32,09:59:21,$ 3238.711,100
33,09:59:21,$ 3239.18,100
34,09:59:21,$ 3239.18,100
35,09:59:20,$ 3238.23,180
36,09:59:15,$ 3240.00,200
37,09:59:07,$ 3240.64,100
38,09:58:37,$ 3241.105,100
39,09:58:35,$ 3241.335,100
40,09:58:23,$ 3241.445,100
41,09:58:19,$ 3242.11,100
43,09:58:16,$ 3241.80,100
44,09:58:11,$ 3242.215,100
45,09:58:03,$ 3243.44,100
46,09:58:03,$ 3242.93,100
47,09:58:03,$ 3243.00,100
48,09:58:03,$ 3242.99,500
49,09:57:56,$ 3243.80,100
50,09:57:49,$ 3242.23,100
51,09:57:45,$ 3243.00,400
52,09:57:34,$ 3242.24,100
53,09:57:34,$ 3242.21,100
54,09:57:07,$ 3240.5083,102
55,09:57:06,$ 3240.61,100
56,09:57:02,$ 3240.835,117
57,09:56:48,$ 3240.395,100
58,09:56:34,$ 3240.00,100
59,09:56:34,$ 3240.00,133
60,09:56:34,$ 3240.00,339
61,09:56:34,$ 3240.00,168
62,09:56:34,$ 3240.36,100
64,09:56:34,$ 3240.37,100
65,09:56:34,$ 3240.32,100
66,09:56:33,$ 3241.18,100
67,09:56:29,$ 3241.2508,100
68,09:56:29,$ 3240.38,102
69,09:56:29,$ 3241.155,100
70,09:56:28,$ 3242.00,225
71,09:56:27,$ 3240.62,100
72,09:56:09,$ 3238.29,100
73,09:56:09,$ 3238.30,100
74,09:56:06,$ 3237.00,100
75,09:56:06,$ 3236.1138,100
76,09:56:04,$ 3237.01,100
77,09:55:25,$ 3239.0699,100
78,09:55:22,$ 3239.20,100
79,09:55:21,$ 3239.67,100
80,09:55:11,$ 3240.65,100
81,09:55:08,$ 3239.04,100
82,09:55:07,$ 3240.39,100
83,09:55:05,$ 3241.275,100
85,09:55:00,$ 3240.01,299
86,09:54:54,$ 3240.23,100
87,09:54:48,$ 3240.033,249
88,09:54:48,$ 3240.033,114
89,09:54:47,$ 3239.1979,100
90,09:54:45,$ 3239.695,100
91,09:54:28,$ 3240.2474,100
92,09:54:24,$ 3239.6826,100
93,09:54:20,$ 3239.28,100
94,09:54:20,$ 3239.28,100
95,09:54:20,$ 3239.27,100
96,09:54:19,$ 3239.28,100
97,09:54:13,$ 3238.8101,200
98,09:54:08,$ 3237.155,100
99,09:54:07,$ 3237.09,100
100,09:54:05,$ 3237.675,100
101,09:54:05,$ 3237.655,100
102,09:54:05,$ 3237.655,100
103,09:54:02,$ 3238.29,100
104,09:54:02,$ 3238.29,100
106,09:53:53,$ 3238.34,100
107,09:53:51,$ 3238.455,100
108,09:53:51,$ 3238.46,100
109,09:53:40,$ 3236.05,100
110,09:53:40,$ 3236.27,100
111,09:53:36,$ 3236.28,100
112,09:53:34,$ 3237.84,100
113,09:53:34,$ 3236.93,100
114,09:53:33,$ 3237.37,100
115,09:53:32,$ 3236.27,100
116,09:53:19,$ 3235.6672,100
117,09:53:16,$ 3236.60,100
118,09:53:14,$ 3236.025,100
119,09:53:11,$ 3236.215,300
120,09:53:09,$ 3236.02,100
121,09:53:08,$ 3236.07,100
122,09:53:04,$ 3236.65,151
123,09:53:00,$ 3236.15,100
124,09:53:00,$ 3236.15,100
125,09:52:59,$ 3237.9399,300
127,09:52:57,$ 3237.17,100
128,09:52:55,$ 3237.56,100
129,09:52:53,$ 3237.59,100
130,09:52:51,$ 3238.12,116
131,09:52:47,$ 3237.17,100
132,09:52:47,$ 3237.73,100
133,09:52:47,$ 3238.44,111
134,09:52:31,$ 3237.99,100
135,09:52:30,$ 3237.85,100
136,09:52:29,$ 3237.73,100
137,09:52:27,$ 3236.915,100
138,09:52:27,$ 3236.43,100
139,09:52:27,$ 3236.68,100
140,09:52:22,$ 3237.49,300
141,09:52:18,$ 3238.31,100
142,09:52:18,$ 3237.75,100
143,09:52:14,$ 3237.26,100
144,09:52:14,$ 3237.42,100
145,09:52:09,$ 3237.9799,100
146,09:52:05,$ 3236.61,100
148,09:52:05,$ 3236.825,300
149,09:52:05,$ 3236.825,100
150,09:52:00,$ 3237.30,100
151,09:51:59,$ 3237.61,100
152,09:51:56,$ 3237.22,100
153,09:51:54,$ 3236.86,100
154,09:51:53,$ 3237.1082,199
155,09:51:52,$ 3237.78,100
156,09:51:48,$ 3236.65,100
157,09:51:48,$ 3236.65,100
158,09:51:36,$ 3236.45,106
159,09:51:28,$ 3235.278,100
160,09:51:22,$ 3234.57,100
161,09:51:22,$ 3234.80,100
162,09:51:22,$ 3234.90,100
163,09:51:20,$ 3234.69,100
164,09:51:11,$ 3235.045,100
165,09:51:10,$ 3234.225,100
166,09:51:03,$ 3234.00,400
167,09:50:56,$ 3234.97,100
169,09:50:49,$ 3234.47,100
170,09:50:38,$ 3234.61,200
171,09:50:33,$ 3233.98,168
172,09:50:33,$ 3234.05,100
173,09:50:27,$ 3233.69,100
174,09:50:25,$ 3233.55,100
175,09:50:20,$ 3235.1099,100
176,09:50:20,$ 3235.04,100
177,09:50:05,$ 3232.95,400
178,09:50:05,$ 3232.95,100
179,09:50:03,$ 3232.9875,100
180,09:50:00,$ 3233.79,100
181,09:50:00,$ 3234.00,300
182,09:49:56,$ 3234.58,100
183,09:49:55,$ 3234.73,"1,000"
184,09:49:54,$ 3234.72,100
185,09:49:50,$ 3235.235,100
186,09:49:46,$ 3235.56,100
187,09:49:45,$ 3235.0747,100
188,09:49:45,$ 3234.40,100
190,09:49:44,$ 3234.59,100
191,09:49:44,$ 3234.52,100
192,09:49:43,$ 3234.79,100
193,09:49:38,$ 3233.635,100
194,09:49:30,$ 3233.28,100
195,09:49:28,$ 3231.56,100
196,09:49:28,$ 3231.52,100
197,09:49:28,$ 3231.52,100
198,09:49:27,$ 3231.59,112
199,09:49:27,$ 3231.60,132
200,09:49:27,$ 3231.055,100
201,09:49:25,$ 3231.59,100
202,09:49:22,$ 3231.21,100
203,09:49:22,$ 3230.35,100
204,09:49:21,$ 3230.35,100
205,09:49:07,$ 3231.82,100
206,09:49:05,$ 3231.63,100
207,09:49:05,$ 3231.85,100
208,09:49:05,$ 3231.39,100
209,09:49:04,$ 3231.77,100
211,09:49:04,$ 3231.32,100
212,09:49:02,$ 3231.35,100
213,09:48:59,$ 3232.545,100
214,09:48:59,$ 3231.81,100
215,09:48:57,$ 3231.81,100
216,09:48:57,$ 3231.97,100
217,09:48:56,$ 3232.65,100
218,09:48:51,$ 3233.075,100
219,09:48:51,$ 3233.08,100
220,09:48:51,$ 3233.105,100
221,09:48:51,$ 3233.04,100
222,09:48:51,$ 3233.10,100
223,09:48:44,$ 3233.15,100
224,09:48:42,$ 3232.64,100
225,09:48:26,$ 3232.94,100
226,09:48:26,$ 3232.77,100
227,09:48:26,$ 3232.89,100
228,09:48:26,$ 3232.93,100
229,09:48:16,$ 3232.87,100
230,09:48:12,$ 3232.61,100
232,09:48:12,$ 3232.70,100
233,09:48:12,$ 3232.76,100
234,09:48:09,$ 3231.21,100
235,09:48:07,$ 3231.91,100
236,09:48:01,$ 3232.19,500
237,09:47:57,$ 3233.09,100
238,09:47:52,$ 3230.56,100
239,09:47:52,$ 3230.56,100
240,09:47:50,$ 3231.68,100
241,09:47:50,$ 3231.89,100
242,09:47:49,$ 3230.83,100
243,09:47:49,$ 3230.10,100
244,09:47:44,$ 3231.38,100
245,09:47:41,$ 3232.69,100
246,09:47:41,$ 3231.7718,250
247,09:47:39,$ 3231.06,100
248,09:47:37,$ 3231.44,100
249,09:47:37,$ 3231.62,118
250,09:47:37,$ 3231.44,100
251,09:47:37,$ 3230.14,100
253,09:47:37,$ 3229.89,100
254,09:47:37,$ 3229.88,100
255,09:47:32,$ 3229.15,100
256,09:47:18,$ 3228.865,100
257,09:47:03,$ 3229.735,100
258,09:47:00,$ 3228.74,100
259,09:47:00,$ 3228.74,100
260,09:47:00,$ 3228.74,100
261,09:47:00,$ 3228.74,100
262,09:46:55,$ 3230.03,122
263,09:46:54,$ 3230.6504,100
264,09:46:53,$ 3230.40,101
265,09:46:49,$ 3230.99,160
266,09:46:35,$ 3231.64,100
267,09:46:34,$ 3230.205,100
268,09:46:34,$ 3231.34,100
269,09:46:34,$ 3231.595,100
270,09:46:33,$ 3231.76,100
271,09:46:28,$ 3230.54,100
272,09:46:26,$ 3229.33,100
274,09:46:25,$ 3227.44,100
275,09:46:25,$ 3227.77,120
276,09:46:22,$ 3226.41,100
277,09:46:19,$ 3227.00,100
278,09:46:12,$ 3227.57,100
279,09:46:02,$ 3228.53,100
280,09:46:02,$ 3229.39,100
281,09:45:42,$ 3231.0953,120
282,09:45:35,$ 3230.00,100
283,09:45:35,$ 3230.17,100
284,09:45:34,$ 3230.18,500
285,09:45:32,$ 3231.09,100
286,09:45:30,$ 3231.53,100
287,09:45:28,$ 3232.98,100
288,09:45:25,$ 3232.16,100
289,09:45:07,$ 3230.1201,100
290,09:45:03,$ 3231.50,100
291,09:45:00,$ 3231.52,294
292,09:44:59,$ 3232.00,100
293,09:44:46,$ 3233.61,100
295,09:44:40,$ 3233.09,100
296,09:44:40,$ 3232.41,149
297,09:44:40,$ 3232.30,150
298,09:44:40,$ 3232.31,122
299,09:44:31,$ 3231.775,100
300,09:44:22,$ 3231.53,100
301,09:44:22,$ 3231.965,100
302,09:44:05,$ 3233.32,100
303,09:44:05,$ 3233.32,100
304,09:44:00,$ 3233.77,100
305,09:44:00,$ 3234.45,100
306,09:44:00,$ 3234.41,100
307,09:43:53,$ 3234.36,100
308,09:43:42,$ 3235.26,100
309,09:43:40,$ 3235.79,100
310,09:43:36,$ 3236.845,100
311,09:43:36,$ 3237.00,132
312,09:43:33,$ 3236.02,100
313,09:43:25,$ 3236.01,400
314,09:43:22,$ 3235.945,100
316,09:43:02,$ 3236.42,100
317,09:43:02,$ 3236.63,100
318,09:43:02,$ 3236.13,100
319,09:43:00,$ 3236.36,100
320,09:42:58,$ 3238.24,100
321,09:42:57,$ 3237.8403,100
322,09:42:51,$ 3237.168,297
323,09:42:51,$ 3237.64,100
324,09:42:43,$ 3236.89,100
325,09:42:42,$ 3235.80,100
326,09:42:39,$ 3235.54,100
327,09:42:39,$ 3235.54,100
328,09:42:29,$ 3236.69,100
329,09:42:23,$ 3235.24,100
330,09:42:17,$ 3235.12,100
331,09:42:15,$ 3235.57,181
332,09:42:14,$ 3235.57,100
333,09:42:14,$ 3234.62,100
334,09:42:13,$ 3234.71,165
335,09:42:10,$ 3233.00,100
337,09:42:02,$ 3234.575,100
338,09:41:51,$ 3235.93,100
339,09:41:51,$ 3235.82,100
340,09:41:51,$ 3235.80,100
341,09:41:51,$ 3235.92,100
342,09:41:51,$ 3235.93,108
343,09:41:48,$ 3233.145,100
344,09:41:44,$ 3233.30,100
345,09:41:33,$ 3232.10,100
346,09:41:31,$ 3233.34,100
347,09:41:30,$ 3234.56,100
348,09:41:28,$ 3235.76,100
349,09:41:17,$ 3235.60,100
350,09:41:15,$ 3234.06,100
351,09:41:12,$ 3233.3718,200
352,09:41:09,$ 3233.905,100
353,09:41:02,$ 3233.59,203
354,09:41:02,$ 3234.74,100
355,09:41:01,$ 3233.18,100
356,09:40:58,$ 3232.22,100
358,09:40:53,$ 3232.505,100
359,09:40:52,$ 3232.715,100
360,09:40:52,$ 3232.22,100
361,09:40:51,$ 3232.87,100
362,09:40:50,$ 3232.54,100
363,09:40:45,$ 3232.37,100
364,09:40:43,$ 3233.98,100
365,09:40:42,$ 3232.99,100
366,09:40:42,$ 3232.99,199
367,09:40:42,$ 3232.99,163
368,09:40:41,$ 3232.67,210
369,09:40:41,$ 3232.67,107
370,09:40:41,$ 3232.51,100
371,09:40:41,$ 3232.40,100
372,09:40:41,$ 3232.40,100
373,09:40:41,$ 3232.40,100
374,09:40:41,$ 3232.39,100
375,09:40:41,$ 3232.39,100
376,09:40:41,$ 3232.40,300
377,09:40:41,$ 3232.33,100
379,09:40:41,$ 3232.16,100
380,09:40:41,$ 3231.025,100
381,09:40:38,$ 3232.4116,200
382,09:40:37,$ 3231.575,100
383,09:40:32,$ 3233.585,100
384,09:40:31,$ 3234.28,100
385,09:40:31,$ 3233.565,100
386,09:40:29,$ 3234.74,100
387,09:40:27,$ 3232.175,100
388,09:40:21,$ 3232.155,100
389,09:40:21,$ 3232.67,100
390,09:40:21,$ 3232.67,100
391,09:40:21,$ 3231.50,100
392,09:40:20,$ 3231.585,100
393,09:40:20,$ 3231.585,100
394,09:40:18,$ 3231.02,100
395,09:40:16,$ 3231.83,234
396,09:40:13,$ 3232.662,100
397,09:40:05,$ 3230.19,100
398,09:40:05,$ 3230.88,400
400,09:40:05,$ 3230.875,100
401,09:40:05,$ 3230.20,100
402,09:40:05,$ 3230.19,100
403,09:40:05,$ 3230.19,100
404,09:40:05,$ 3230.285,100
405,09:40:03,$ 3231.17,100
406,09:40:03,$ 3231.11,100
407,09:40:03,$ 3231.11,100
408,09:40:00,$ 3232.02,100
409,09:40:00,$ 3232.75,148
410,09:40:00,$ 3232.32,148
411,09:39:48,$ 3233.56,100
412,09:39:45,$ 3233.925,100
413,09:39:45,$ 3234.377,158
414,09:39:45,$ 3234.377,101
415,09:39:41,$ 3233.62,100
416,09:39:36,$ 3233.255,100
417,09:39:36,$ 3233.215,100
418,09:39:35,$ 3235.6799,100
419,09:39:34,$ 3234.425,100
421,09:39:32,$ 3235.00,380
422,09:39:32,$ 3235.00,100
423,09:39:31,$ 3235.00,121
424,09:39:31,$ 3235.525,100
425,09:39:30,$ 3237.645,100
426,09:39:30,$ 3236.37,100
427,09:39:30,$ 3237.54,100
428,09:39:30,$ 3237.55,100
429,09:39:30,$ 3237.64,100
430,09:39:30,$ 3237.55,100
431,09:39:30,$ 3237.54,100
432,09:39:30,$ 3238.29,300
433,09:39:26,$ 3238.48,100
434,09:39:22,$ 3238.275,100
435,09:39:22,$ 3238.97,100
436,09:39:21,$ 3239.165,100
437,09:39:19,$ 3236.52,100
438,09:39:11,$ 3236.27,100
439,09:39:03,$ 3236.25,978
440,09:39:01,$ 3238.14,100
442,09:39:01,$ 3238.04,100
443,09:39:01,$ 3238.03,100
444,09:39:01,$ 3238.02,100
445,09:38:55,$ 3238.89,100
446,09:38:48,$ 3239.24,100
447,09:38:48,$ 3239.56,141
448,09:38:48,$ 3238.50,100
449,09:38:48,$ 3239.14,132
450,09:38:48,$ 3237.93,100
451,09:38:43,$ 3238.3788,300
452,09:38:43,$ 3238.3788,562
453,09:38:41,$ 3237.98,100
454,09:38:41,$ 3238.00,178
455,09:38:38,$ 3238.04,100
456,09:38:38,$ 3238.04,100
457,09:38:33,$ 3239.11,310
458,09:38:33,$ 3239.11,119
459,09:38:32,$ 3240.4674,100
460,09:38:29,$ 3240.71,100
461,09:38:29,$ 3240.71,100
463,09:38:29,$ 3240.71,100
464,09:38:20,$ 3240.00,300
465,09:38:17,$ 3240.7699,100
466,09:38:17,$ 3239.34,100
467,09:38:11,$ 3239.995,100
468,09:38:10,$ 3241.68,100
469,09:38:10,$ 3241.69,100
470,09:38:04,$ 3242.39,100
471,09:37:54,$ 3240.49,100
472,09:37:54,$ 3241.6809,100
473,09:37:47,$ 3240.495,100
474,09:37:46,$ 3240.55,100
475,09:37:46,$ 3241.99,900
476,09:37:43,$ 3241.73,100
477,09:37:43,$ 3241.97,100
478,09:37:41,$ 3240.943,100
479,09:37:36,$ 3240.66,100
480,09:37:33,$ 3240.64,100
481,09:37:33,$ 3241.07,100
482,09:37:33,$ 3240.93,100
484,09:37:33,$ 3240.64,100
485,09:37:31,$ 3240.715,100
486,09:37:31,$ 3241.05,100
487,09:37:31,$ 3240.505,100
488,09:37:25,$ 3238.92,100
489,09:37:25,$ 3238.93,100
490,09:37:20,$ 3240.84,332
491,09:37:20,$ 3240.84,144
492,09:37:20,$ 3240.84,124
493,09:37:20,$ 3240.84,100
494,09:37:15,$ 3241.4519,250
495,09:37:14,$ 3240.33,100
496,09:37:13,$ 3240.45,100
497,09:37:12,$ 3239.07,100
498,09:37:10,$ 3239.40,118
499,09:37:09,$ 3238.01,100
500,09:37:09,$ 3238.6043,300
501,09:37:06,$ 3239.015,100
502,09:37:05,$ 3239.57,161
503,09:37:05,$ 3239.57,100
505,09:37:03,$ 3240.01,100
506,09:37:03,$ 3240.01,100
507,09:37:03,$ 3239.96,100
508,09:37:03,$ 3240.11,100
509,09:37:03,$ 3240.00,100
510,09:37:03,$ 3240.00,100
511,09:37:01,$ 3240.51,127
512,09:36:56,$ 3240.655,100
513,09:36:56,$ 3240.66,100
514,09:36:55,$ 3241.01,100
515,09:36:51,$ 3242.60,100
516,09:36:49,$ 3243.02,100
517,09:36:47,$ 3244.28,100
518,09:36:39,$ 3243.58,190
519,09:36:30,$ 3243.75,100
520,09:36:30,$ 3243.75,100
521,09:36:30,$ 3243.75,100
522,09:36:30,$ 3243.75,100
523,09:36:30,$ 3243.75,100
524,09:36:30,$ 3243.75,100
526,09:36:30,$ 3244.13,100
527,09:36:23,$ 3244.77,100
528,09:36:23,$ 3245.33,100
529,09:36:23,$ 3245.29,100
530,09:36:23,$ 3244.985,100
531,09:36:22,$ 3245.33,100
532,09:36:22,$ 3245.32,100
533,09:36:21,$ 3245.48,100
534,09:36:21,$ 3245.30,100
535,09:36:21,$ 3245.30,100
536,09:36:21,$ 3245.33,100
537,09:36:20,$ 3245.29,100
538,09:36:18,$ 3243.86,100
539,09:36:16,$ 3244.19,100
540,09:36:14,$ 3245.31,100
541,09:36:14,$ 3245.37,100
542,09:36:11,$ 3244.90,100
543,09:36:10,$ 3244.99,100
544,09:35:59,$ 3243.93,100
545,09:35:59,$ 3243.15,100
547,09:35:59,$ 3243.26,100
548,09:35:59,$ 3243.27,100
549,09:35:59,$ 3243.28,650
550,09:35:59,$ 3243.28,100
551,09:35:59,$ 3243.28,100
552,09:35:59,$ 3243.32,100
553,09:35:59,$ 3243.32,100
554,09:35:59,$ 3243.60,100
555,09:35:59,$ 3243.84,100
556,09:35:58,$ 3243.05,100
557,09:35:51,$ 3242.075,100
558,09:35:50,$ 3243.03,100
559,09:35:50,$ 3243.19,100
560,09:35:50,$ 3243.17,100
561,09:35:50,$ 3243.19,100
562,09:35:50,$ 3243.185,100
563,09:35:50,$ 3243.005,100
564,09:35:46,$ 3242.01,100
565,09:35:46,$ 3243.00,500
566,09:35:45,$ 3243.38,100
568,09:35:45,$ 3243.38,100
569,09:35:44,$ 3243.60,100
570,09:35:44,$ 3244.00,100
571,09:35:44,$ 3243.60,300
572,09:35:44,$ 3243.60,100
573,09:35:44,$ 3243.60,100
574,09:35:43,$ 3246.11,100
575,09:35:36,$ 3248.0837,"3,200"
576,09:35:34,$ 3249.92,100
577,09:35:30,$ 3249.30,100
578,09:35:30,$ 3249.07,100
579,09:35:24,$ 3248.405,500
580,09:35:19,$ 3246.7648,100
581,09:35:18,$ 3248.16,100
582,09:35:12,$ 3246.98,100
583,09:35:05,$ 3248.47,100
584,09:34:59,$ 3248.00,100
585,09:34:59,$ 3246.915,100
586,09:34:56,$ 3246.49,100
587,09:34:56,$ 3246.54,100
589,09:34:54,$ 3245.38,100
590,09:34:54,$ 3245.32,100
591,09:34:54,$ 3245.72,100
592,09:34:54,$ 3246.00,168
593,09:34:54,$ 3246.00,109
594,09:34:54,$ 3245.80,100
595,09:34:54,$ 3245.47,200
596,09:34:54,$ 3245.48,100
597,09:34:54,$ 3245.48,100
598,09:34:54,$ 3245.49,200
599,09:34:51,$ 3245.1799,308
600,09:34:51,$ 3245.34,100
601,09:34:50,$ 3243.94,100
602,09:34:47,$ 3243.9534,120
603,09:34:46,$ 3245.4899,111
604,09:34:38,$ 3243.995,100
605,09:34:38,$ 3244.00,480
606,09:34:38,$ 3244.00,124
607,09:34:38,$ 3244.00,312
608,09:34:38,$ 3244.06,100
610,09:34:36,$ 3245.42,100
611,09:34:33,$ 3245.035,100
612,09:34:33,$ 3244.91,100
613,09:34:27,$ 3247.9467,501
614,09:34:27,$ 3246.84,100
615,09:34:27,$ 3246.59,100
616,09:34:27,$ 3246.56,100
617,09:34:27,$ 3246.81,100
618,09:34:27,$ 3246.26,100
619,09:34:27,$ 3245.92,100
620,09:34:27,$ 3246.26,100
621,09:34:27,$ 3246.79,100
622,09:34:27,$ 3246.80,100
623,09:34:27,$ 3246.01,100
624,09:34:27,$ 3246.51,100
625,09:34:20,$ 3244.47,100
626,09:34:12,$ 3245.01,100
627,09:33:51,$ 3248.32,100
628,09:33:39,$ 3249.93,300
629,09:33:30,$ 3249.90,184
631,09:33:23,$ 3249.03,100
632,09:33:23,$ 3249.03,100
633,09:33:23,$ 3248.582,100
634,09:33:22,$ 3246.9841,200
635,09:33:21,$ 3247.87,100
636,09:33:21,$ 3247.80,100
637,09:33:21,$ 3247.81,100
638,09:33:21,$ 3247.81,170
639,09:33:21,$ 3247.81,130
640,09:33:21,$ 3247.82,196
641,09:33:21,$ 3247.76,100
642,09:33:21,$ 3247.45,100
643,09:33:21,$ 3247.18,100
644,09:33:20,$ 3245.404,100
645,09:33:20,$ 3245.404,100
646,09:33:20,$ 3245.404,100
647,09:33:20,$ 3245.96,100
648,09:33:20,$ 3245.66,100
649,09:33:20,$ 3245.80,100
650,09:33:19,$ 3247.80,100
652,09:33:19,$ 3246.415,100
653,09:33:17,$ 3245.76,100
654,09:33:17,$ 3247.025,100
655,09:33:17,$ 3245.72,400
656,09:33:17,$ 3245.67,100
657,09:33:17,$ 3247.03,300
658,09:33:17,$ 3247.02,100
659,09:33:17,$ 3246.19,100
660,09:33:17,$ 3245.72,200
661,09:33:09,$ 3245.49,100
662,09:33:09,$ 3245.01,300
663,09:33:09,$ 3245.03,100
664,09:33:09,$ 3245.01,400
665,09:33:09,$ 3245.06,100
666,09:33:09,$ 3245.01,100
667,09:33:09,$ 3245.11,100
668,09:33:04,$ 3248.98,100
669,09:33:04,$ 3249.40,100
670,09:33:01,$ 3249.06,300
671,09:33:00,$ 3248.148,100
673,09:32:55,$ 3247.06,194
674,09:32:55,$ 3248.00,100
675,09:32:55,$ 3247.95,100
676,09:32:50,$ 3248.94,100
677,09:32:46,$ 3248.92,100
678,09:32:43,$ 3250.31,100
679,09:32:42,$ 3251.09,100
680,09:32:41,$ 3250.72,100
681,09:32:40,$ 3253.5792,398
682,09:32:40,$ 3250.91,100
683,09:32:40,$ 3250.75,100
684,09:32:38,$ 3249.915,100
685,09:32:36,$ 3250.50,100
686,09:32:36,$ 3250.00,100
687,09:32:17,$ 3251.89,100
688,09:32:12,$ 3253.27,100
689,09:32:12,$ 3253.77,140
690,09:32:12,$ 3253.88,263
691,09:32:12,$ 3253.19,100
692,09:32:12,$ 3253.20,100
694,09:32:12,$ 3253.20,100
695,09:32:12,$ 3252.98,100
696,09:32:12,$ 3253.20,100
697,09:32:07,$ 3253.03,100
698,09:32:06,$ 3253.8399,200
699,09:31:57,$ 3253.98,100
700,09:31:56,$ 3253.84,100
701,09:31:56,$ 3253.00,100
702,09:31:53,$ 3251.97,100
703,09:31:45,$ 3253.06,100
704,09:31:38,$ 3252.93,100
705,09:31:32,$ 3253.05,100
706,09:31:22,$ 3254.82,100
707,09:31:22,$ 3254.77,100
708,09:31:22,$ 3253.7387,100
709,09:31:11,$ 3254.07,100
710,09:31:11,$ 3254.08,100
711,09:31:10,$ 3253.32,100
712,09:31:10,$ 3253.33,100
713,09:31:10,$ 3252.70,100
715,09:30:53,$ 3253.40,100
716,09:30:47,$ 3252.05,100
717,09:30:47,$ 3252.00,100
718,09:30:47,$ 3253.5437,200
719,09:30:42,$ 3252.76,150
720,09:30:33,$ 3249.00,100
721,09:30:33,$ 3249.05,100
722,09:30:33,$ 3250.00,112
723,09:30:33,$ 3250.01,100
724,09:30:33,$ 3250.81,100
725,09:30:33,$ 3250.81,100
726,09:30:33,$ 3250.81,100
727,09:30:33,$ 3250.84,100
728,09:30:33,$ 3250.81,100
729,09:30:33,$ 3250.80,200
730,09:30:26,$ 3250.91,100
731,09:30:26,$ 3251.23,100
732,09:30:26,$ 3250.91,166
733,09:30:26,$ 3250.05,100
734,09:30:26,$ 3251.24,100
736,09:30:26,$ 3251.25,100
737,09:30:26,$ 3251.15,124
738,09:30:26,$ 3251.15,200
739,09:30:26,$ 3250.30,100
740,09:30:26,$ 3250.01,100
741,09:30:26,$ 3250.01,100
742,09:30:26,$ 3253.35,100
743,09:30:26,$ 3252.20,100
744,09:30:26,$ 3252.17,100
745,09:30:26,$ 3252.09,100
746,09:30:26,$ 3253.28,100
747,09:30:26,$ 3250.09,100
748,09:30:26,$ 3250.05,100
749,09:30:24,$ 3256.30,100
750,09:30:22,$ 3255.96,100
751,09:30:12,$ 3254.99,100
752,09:30:11,$ 3254.23,100
753,09:30:10,$ 3253.99,100
754,09:30:06,$ 3253.26,"2,000"
755,09:30:04,$ 3252.14,100
757,09:30:04,$ 3252.62,284
758,09:30:03,$ 3250.87,100
759,09:30:03,$ 3250.08,100
760,09:30:02,$ 3250.05,100
761,09:30:02,$ 3250.00,100
762,09:30:02,$ 3250.00,196
763,09:30:02,$ 3250.03,100
764,09:30:02,$ 3250.05,100
765,09:30:02,$ 3250.02,170
766,09:30:02,$ 3250.06,100
767,09:30:02,$ 3250.01,100
768,09:30:02,$ 3250.00,1
769,09:30:02,$ 3250.00,5
770,09:30:02,$ 3250.00,1
771,09:30:02,$ 3250.00,20
772,09:30:02,$ 3250.00,76
773,09:30:02,$ 3250.00,1
774,09:30:02,$ 3250.00,1
775,09:30:02,$ 3250.00,1
776,09:30:02,$ 3250.00,1
778,09:30:02,$ 3250.00,1
779,09:30:02,$ 3250.00,3
780,09:30:02,$ 3250.00,3
781,09:30:02,$ 3250.00,1
782,09:30:02,$ 3250.00,12
783,09:30:02,$ 3250.00,15
784,09:30:02,$ 3250.00,2
785,09:30:02,$ 3250.00,1
786,09:30:02,$ 3250.00,1
787,09:30:02,$ 3250.00,1
788,09:30:02,$ 3250.00,10
789,09:30:02,$ 3250.00,1
790,09:30:02,$ 3250.00,1
791,09:30:02,$ 3250.00,1
792,09:30:02,$ 3250.00,1
793,09:30:02,$ 3250.00,1
794,09:30:02,$ 3250.00,1
795,09:30:02,$ 3250.00,1
796,09:30:02,$ 3250.00,7
797,09:30:02,$ 3250.00,2
799,09:30:02,$ 3250.00,3
800,09:30:02,$ 3250.00,3
801,09:30:02,$ 3250.00,1
802,09:30:02,$ 3250.00,5
803,09:30:02,$ 3250.00,1
804,09:30:02,$ 3250.00,7
805,09:30:02,$ 3250.00,1
806,09:30:02,$ 3250.00,2
807,09:30:02,$ 3250.00,2
808,09:30:02,$ 3250.00,1
809,09:30:02,$ 3250.00,2
810,09:30:02,$ 3250.00,1
811,09:30:02,$ 3250.00,1
812,09:30:02,$ 3250.00,4
813,09:30:02,$ 3250.00,3
814,09:30:02,$ 3250.00,10
815,09:30:02,$ 3250.00,7
816,09:30:02,$ 3250.00,1
817,09:30:02,$ 3250.00,1
818,09:30:02,$ 3250.00,5
820,09:30:02,$ 3250.00,1
821,09:30:02,$ 3250.00,2
822,09:30:02,$ 3250.00,3
823,09:30:02,$ 3250.00,2
824,09:30:02,$ 3250.00,10
825,09:30:02,$ 3250.00,10
826,09:30:02,$ 3250.00,8
827,09:30:02,$ 3250.00,2
828,09:30:02,$ 3250.00,3
829,09:30:02,$ 3250.00,1
830,09:30:02,$ 3250.00,2
831,09:30:02,$ 3250.00,10
832,09:30:02,$ 3250.00,1
833,09:30:02,$ 3250.00,3
834,09:30:02,$ 3250.00,1
835,09:30:02,$ 3250.00,4
836,09:30:02,$ 3250.00,1
837,09:30:02,$ 3250.00,4
838,09:30:02,$ 3250.00,3
839,09:30:02,$ 3250.00,10
841,09:30:02,$ 3250.00,3
842,09:30:02,$ 3250.00,1
843,09:30:02,$ 3250.00,2
844,09:30:02,$ 3250.00,4
845,09:30:02,$ 3250.00,11
846,09:30:02,$ 3250.00,1
847,09:30:02,$ 3250.00,1
848,09:30:02,$ 3250.00,1
849,09:30:02,$ 3250.00,10
850,09:30:02,$ 3250.00,1
851,09:30:02,$ 3250.00,1
852,09:30:02,$ 3250.00,5
853,09:30:02,$ 3250.00,1
854,09:30:02,$ 3250.00,6
855,09:30:02,$ 3250.00,2
856,09:30:02,$ 3250.00,1
857,09:30:02,$ 3250.00,7
858,09:30:02,$ 3250.00,2
859,09:30:02,$ 3250.00,1
860,09:30:02,$ 3250.00,10
862,09:30:02,$ 3250.00,1
863,09:30:02,$ 3250.00,1
864,09:30:02,$ 3250.00,1
865,09:30:02,$ 3250.00,40
866,09:30:02,$ 3250.00,2
867,09:30:02,$ 3250.00,1
868,09:30:02,$ 3250.00,3
869,09:30:02,$ 3250.00,4
870,09:30:02,$ 3250.00,2
871,09:30:02,$ 3250.00,1
872,09:30:02,$ 3250.00,1
873,09:30:02,$ 3250.00,1
874,09:30:02,$ 3250.00,4
875,09:30:02,$ 3250.00,1
876,09:30:02,$ 3250.00,1
877,09:30:02,$ 3250.00,1
878,09:30:02,$ 3250.00,4
879,09:30:02,$ 3250.00,1
880,09:30:02,$ 3250.00,2
881,09:30:02,$ 3250.00,2
883,09:30:02,$ 3250.00,5
884,09:30:02,$ 3250.00,1
885,09:30:02,$ 3250.00,5
886,09:30:02,$ 3250.00,1
887,09:30:02,$ 3250.00,3
888,09:30:02,$ 3250.00,3
889,09:30:02,$ 3250.00,4
890,09:30:02,$ 3250.00,1
891,09:30:02,$ 3250.00,1
892,09:30:02,$ 3250.00,1
893,09:30:02,$ 3250.00,1
894,09:30:02,$ 3250.00,20
895,09:30:02,$ 3250.00,1
896,09:30:02,$ 3250.00,1
897,09:30:02,$ 3250.00,1
898,09:30:02,$ 3250.00,5
899,09:30:02,$ 3250.00,5
900,09:30:02,$ 3250.00,2
901,09:30:02,$ 3250.00,1
902,09:30:02,$ 3250.00,8
904,09:30:02,$ 3250.00,1
905,09:30:02,$ 3250.00,10
906,09:30:02,$ 3250.00,1
907,09:30:02,$ 3250.00,2
908,09:30:02,$ 3250.00,1
909,09:30:02,$ 3250.00,1
910,09:30:02,$ 3250.00,25
911,09:30:02,$ 3250.00,1
912,09:30:02,$ 3250.00,1
913,09:30:02,$ 3250.00,1
914,09:30:02,$ 3250.00,3
915,09:30:02,$ 3250.00,4
916,09:30:02,$ 3250.00,3
917,09:30:02,$ 3250.00,1
918,09:30:02,$ 3250.00,5
919,09:30:02,$ 3250.00,2
920,09:30:02,$ 3250.00,25
921,09:30:02,$ 3250.00,5
922,09:30:02,$ 3250.00,2
923,09:30:02,$ 3250.00,7
925,09:30:02,$ 3250.00,10
926,09:30:02,$ 3250.00,1
927,09:30:02,$ 3250.00,15
928,09:30:02,$ 3250.00,1
929,09:30:02,$ 3250.00,1
930,09:30:02,$ 3250.00,1
931,09:30:02,$ 3250.00,1
932,09:30:02,$ 3250.00,2
933,09:30:02,$ 3250.00,15
934,09:30:02,$ 3250.00,5
935,09:30:02,$ 3250.00,1
936,09:30:02,$ 3250.00,4
937,09:30:02,$ 3250.00,10
938,09:30:02,$ 3250.00,14
939,09:30:02,$ 3250.00,8
940,09:30:02,$ 3250.00,1
941,09:30:02,$ 3250.00,7
942,09:30:02,$ 3250.00,2
943,09:30:02,$ 3250.00,2
944,09:30:02,$ 3250.00,10
946,09:30:02,$ 3250.00,15
947,09:30:02,$ 3250.00,6
948,09:30:02,$ 3250.00,52
949,09:30:02,$ 3250.00,4
950,09:30:02,$ 3250.00,1
951,09:30:02,$ 3250.00,1
952,09:30:02,$ 3250.00,2
953,09:30:02,$ 3250.00,10
954,09:30:02,$ 3250.00,1
955,09:30:02,$ 3250.00,15
956,09:30:02,$ 3250.00,1
957,09:30:02,$ 3250.00,1
958,09:30:02,$ 3250.00,1
959,09:30:02,$ 3250.00,2
960,09:30:02,$ 3250.00,3
961,09:30:02,$ 3250.00,2
962,09:30:02,$ 3250.00,2
963,09:30:02,$ 3250.00,1
964,09:30:02,$ 3250.00,1
965,09:30:02,$ 3250.00,6
967,09:30:02,$ 3250.00,1
968,09:30:02,$ 3250.00,1
969,09:30:02,$ 3250.00,1
970,09:30:02,$ 3250.00,2
971,09:30:02,$ 3250.00,10
972,09:30:02,$ 3250.00,10
973,09:30:02,$ 3250.00,6
974,09:30:02,$ 3250.00,4
975,09:30:02,$ 3250.00,2
976,09:30:02,$ 3250.00,1
977,09:30:02,$ 3250.00,1
978,09:30:02,$ 3250.00,5
979,09:30:02,$ 3250.00,1
980,09:30:02,$ 3250.00,1
981,09:30:02,$ 3250.00,1
982,09:30:02,$ 3250.00,1
983,09:30:02,$ 3250.00,12
984,09:30:02,$ 3250.00,35
985,09:30:02,$ 3250.00,2
986,09:30:02,$ 3250.00,1
988,09:30:02,$ 3250.00,5
989,09:30:02,$ 3250.00,1
990,09:30:02,$ 3250.00,12
991,09:30:02,$ 3250.00,2
992,09:30:02,$ 3250.00,3
993,09:30:02,$ 3250.00,11
994,09:30:02,$ 3250.00,1
995,09:30:02,$ 3250.00,1
996,09:30:02,$ 3250.00,25
997,09:30:02,$ 3250.00,2
998,09:30:02,$ 3250.00,25
999,09:30:02,$ 3250.00,10
1000,09:30:02,$ 3250.00,10
1001,09:30:02,$ 3250.00,2
1002,09:30:02,$ 3250.00,1
1003,09:30:02,$ 3250.00,25
1004,09:30:02,$ 3250.00,1
1005,09:30:02,$ 3250.00,2
1006,09:30:02,$ 3250.00,1
1007,09:30:02,$ 3250.00,1
1009,09:30:02,$ 3250.00,1
1010,09:30:02,$ 3250.00,1
1011,09:30:02,$ 3250.00,1
1012,09:30:02,$ 3250.00,1
1013,09:30:02,$ 3250.00,2
1014,09:30:02,$ 3250.00,5
1015,09:30:02,$ 3250.00,10
1016,09:30:02,$ 3250.00,2
1017,09:30:02,$ 3250.00,6
1018,09:30:02,$ 3250.00,3
1019,09:30:02,$ 3250.00,3
1020,09:30:02,$ 3250.00,1
1021,09:30:02,$ 3250.00,1
1022,09:30:02,$ 3250.00,3
1023,09:30:02,$ 3250.00,52
1024,09:30:02,$ 3250.00,1
1025,09:30:02,$ 3250.00,1
1026,09:30:02,$ 3250.00,2
1027,09:30:02,$ 3250.00,2
1028,09:30:02,$ 3250.00,9
1030,09:30:02,$ 3250.00,1
1031,09:30:02,$ 3250.00,1
1032,09:30:02,$ 3250.00,4
1033,09:30:02,$ 3250.00,3
1034,09:30:02,$ 3250.00,1
1035,09:30:02,$ 3250.00,1
1036,09:30:02,$ 3250.00,2
1037,09:30:02,$ 3250.00,4
1038,09:30:02,$ 3250.00,1
1039,09:30:02,$ 3250.00,10
1040,09:30:02,$ 3250.00,5
1041,09:30:02,$ 3250.00,1
1042,09:30:02,$ 3250.00,25
1043,09:30:02,$ 3250.00,1
1044,09:30:02,$ 3250.00,10
1045,09:30:02,$ 3250.00,1
1046,09:30:02,$ 3250.00,30
1047,09:30:02,$ 3250.00,10
1048,09:30:02,$ 3250.00,4
1049,09:30:02,$ 3250.00,1
1051,09:30:02,$ 3250.00,5
1052,09:30:02,$ 3250.00,10
1053,09:30:02,$ 3250.00,2
1054,09:30:02,$ 3250.00,1
1055,09:30:02,$ 3250.00,1
1056,09:30:02,$ 3250.00,1
1057,09:30:02,$ 3250.00,1
1058,09:30:02,$ 3250.00,1
1059,09:30:02,$ 3250.00,2
1060,09:30:02,$ 3250.00,1
1061,09:30:02,$ 3250.00,3
1062,09:30:02,$ 3250.00,2
1063,09:30:02,$ 3250.00,1
1064,09:30:02,$ 3250.00,100
1065,09:30:02,$ 3250.00,2
1066,09:30:02,$ 3250.00,2
1067,09:30:02,$ 3250.00,1
1068,09:30:02,$ 3250.00,1
1069,09:30:02,$ 3250.00,1
1070,09:30:02,$ 3250.00,1
1072,09:30:02,$ 3250.00,3
1073,09:30:02,$ 3250.00,2
1074,09:30:02,$ 3250.00,2
1075,09:30:02,$ 3250.00,3
1076,09:30:02,$ 3250.00,2
1077,09:30:02,$ 3250.00,3
1078,09:30:02,$ 3250.00,1
1079,09:30:02,$ 3250.00,2
1080,09:30:02,$ 3250.00,2
1081,09:30:02,$ 3250.00,6
1082,09:30:02,$ 3250.00,1
1083,09:30:02,$ 3250.00,6
1084,09:30:02,$ 3250.00,1
1085,09:30:02,$ 3250.00,50
1086,09:30:02,$ 3250.00,5
1087,09:30:02,$ 3250.00,4
1088,09:30:02,$ 3250.00,35
1089,09:30:02,$ 3250.00,8
1090,09:30:02,$ 3250.00,15
1091,09:30:02,$ 3250.00,3
1093,09:30:02,$ 3250.00,70
1094,09:30:02,$ 3250.00,28
1095,09:30:02,$ 3250.00,183
1096,09:30:02,$ 3250.00,3
1097,09:30:02,$ 3250.00,14
1098,09:30:02,$ 3250.00,57
1099,09:30:02,$ 3250.00,17
1100,09:30:02,$ 3250.00,34
1101,09:30:02,$ 3250.00,27
1102,09:30:02,$ 3250.00,42
1103,09:30:02,$ 3250.00,3
1104,09:30:02,$ 3250.00,1
1105,09:30:02,$ 3250.00,31
1106,09:30:02,$ 3250.00,1
1107,09:30:02,$ 3250.00,5
1108,09:30:02,$ 3250.00,3
1109,09:30:02,$ 3250.00,10
1110,09:30:02,$ 3250.00,19
1111,09:30:02,$ 3250.00,75
1112,09:30:02,$ 3250.00,5
1114,09:30:02,$ 3250.00,1
1115,09:30:02,$ 3250.00,90
1116,09:30:02,$ 3250.00,7
1117,09:30:02,$ 3250.00,129
1118,09:30:02,$ 3250.00,1
1119,09:30:02,$ 3250.00,20
1120,09:30:02,$ 3250.00,3
1121,09:30:02,$ 3250.00,15
1122,09:30:02,$ 3250.00,1
1123,09:30:02,$ 3250.00,4
1124,09:30:02,$ 3250.00,10
1125,09:30:02,$ 3250.00,3
1126,09:30:02,$ 3250.00,13
1127,09:30:02,$ 3250.00,2
1128,09:30:02,$ 3250.00,2
1129,09:30:02,$ 3250.00,46
1130,09:30:02,$ 3250.00,1
1131,09:30:02,$ 3250.00,12
1132,09:30:02,$ 3250.00,15
1133,09:30:02,$ 3250.00,1
1135,09:30:02,$ 3250.00,1
1136,09:30:02,$ 3250.00,1
1137,09:30:02,$ 3250.00,45
1138,09:30:02,$ 3250.00,1
1139,09:30:02,$ 3250.00,2
1140,09:30:02,$ 3250.00,128
1141,09:30:02,$ 3250.00,1
1142,09:30:02,$ 3250.00,1
1143,09:30:02,$ 3250.00,2
1144,09:30:02,$ 3250.00,1
1145,09:30:02,$ 3250.00,1
1146,09:30:02,$ 3250.00,1
1147,09:30:02,$ 3250.00,2
1148,09:30:02,$ 3250.00,5
1149,09:30:02,$ 3250.00,3
1150,09:30:02,$ 3250.00,4
1151,09:30:02,$ 3250.00,1
1152,09:30:02,$ 3250.00,5
1153,09:30:02,$ 3250.00,1
1154,09:30:02,$ 3250.00,9
1156,09:30:02,$ 3250.00,1
1157,09:30:02,$ 3250.00,1
1158,09:30:02,$ 3250.00,7
1159,09:30:02,$ 3250.00,1
1160,09:30:02,$ 3250.00,1
1161,09:30:02,$ 3250.00,3
1162,09:30:02,$ 3250.00,1
1163,09:30:02,$ 3250.00,4
1164,09:30:02,$ 3250.00,7
1165,09:30:02,$ 3250.00,1
1166,09:30:02,$ 3250.00,2
1167,09:30:02,$ 3250.00,5
1168,09:30:02,$ 3250.00,1
1169,09:30:02,$ 3250.00,2
1170,09:30:02,$ 3250.00,6
1171,09:30:02,$ 3250.00,30
1172,09:30:02,$ 3250.00,1
1173,09:30:02,$ 3250.00,2
1174,09:30:02,$ 3250.00,100
1175,09:30:02,$ 3250.00,61
1177,09:30:02,$ 3250.00,2
1178,09:30:02,$ 3250.00,47
1179,09:30:02,$ 3250.00,7
1180,09:30:02,$ 3250.00,50
1181,09:30:02,$ 3250.00,10
1182,09:30:02,$ 3250.00,1
1183,09:30:02,$ 3250.00,1
1184,09:30:02,$ 3250.00,1
1185,09:30:02,$ 3250.00,20
1186,09:30:02,$ 3250.00,6
1187,09:30:02,$ 3250.00,10
1188,09:30:02,$ 3250.00,1
1189,09:30:02,$ 3250.00,1
1190,09:30:02,$ 3250.00,2
1191,09:30:02,$ 3250.00,1
1192,09:30:02,$ 3250.00,22
1193,09:30:02,$ 3250.00,33
1194,09:30:02,$ 3250.00,24
1195,09:30:02,$ 3250.00,1
1196,09:30:02,$ 3250.00,3
1198,09:30:02,$ 3250.00,1
1199,09:30:02,$ 3250.00,2
1200,09:30:02,$ 3250.00,55
1201,09:30:02,$ 3250.00,13
1202,09:30:02,$ 3250.00,33
1203,09:30:02,$ 3250.00,1
1204,09:30:02,$ 3250.00,3
1205,09:30:02,$ 3250.00,2
1206,09:30:02,$ 3250.00,1
1207,09:30:02,$ 3250.00,3
1208,09:30:02,$ 3250.00,108
1209,09:30:02,$ 3250.00,9
1210,09:30:02,$ 3250.00,2
1211,09:30:02,$ 3250.00,30
1212,09:30:02,$ 3250.00,50
1213,09:30:02,$ 3250.00,15
1214,09:30:02,$ 3250.00,2
1215,09:30:02,$ 3250.00,2
1216,09:30:02,$ 3250.00,27
1217,09:30:02,$ 3250.00,3
1219,09:30:02,$ 3250.00,25
1220,09:30:02,$ 3250.00,10
1221,09:30:02,$ 3250.00,5
1222,09:30:02,$ 3250.00,2
1223,09:30:02,$ 3250.00,5
1224,09:30:02,$ 3250.00,3
1225,09:30:02,$ 3250.00,1
1226,09:30:02,$ 3250.00,1
1227,09:30:02,$ 3250.00,28
1228,09:30:02,$ 3250.00,1
1229,09:30:02,$ 3250.00,1
1230,09:30:02,$ 3250.00,1
1231,09:30:02,$ 3250.00,1
1232,09:30:02,$ 3250.00,2
1233,09:30:02,$ 3250.00,1
1234,09:30:02,$ 3250.00,3
1235,09:30:02,$ 3250.00,15
1236,09:30:02,$ 3250.00,1
1237,09:30:02,$ 3250.00,5
1238,09:30:02,$ 3250.00,18
1240,09:30:02,$ 3250.00,1
1241,09:30:02,$ 3250.00,10
1242,09:30:02,$ 3250.00,6
1243,09:30:02,$ 3250.00,2
1244,09:30:02,$ 3250.00,2
1245,09:30:02,$ 3250.00,1
1246,09:30:02,$ 3250.00,8
1247,09:30:02,$ 3250.00,4
1248,09:30:02,$ 3250.00,4
1249,09:30:02,$ 3250.00,1
1250,09:30:02,$ 3250.00,5
1251,09:30:02,$ 3250.00,2
1252,09:30:02,$ 3250.00,3
1253,09:30:02,$ 3250.00,2
1254,09:30:02,$ 3250.00,6
1255,09:30:02,$ 3250.00,217
1256,09:30:02,$ 3250.00,2
1257,09:30:02,$ 3250.00,1
1258,09:30:02,$ 3250.00,60
1259,09:30:02,$ 3250.00,3
1261,09:30:02,$ 3250.00,15
1262,09:30:02,$ 3250.00,5
1263,09:30:02,$ 3250.00,1
1264,09:30:02,$ 3250.00,"10,080"
1265,09:30:02,$ 3250.00,2
1266,09:30:02,$ 3250.00,1
1267,09:30:02,$ 3250.00,5
1268,09:30:02,$ 3250.00,50
1269,09:30:02,$ 3250.00,1
1270,09:30:02,$ 3250.00,5
1271,09:30:02,$ 3250.00,1
1272,09:30:02,$ 3250.00,2
1273,09:30:02,$ 3250.00,2
1274,09:30:02,$ 3250.00,5
1275,09:30:02,$ 3250.00,3
1276,09:30:02,$ 3250.00,10
1277,09:30:02,$ 3250.00,10
1278,09:30:02,$ 3250.00,30
1279,09:30:02,$ 3250.00,15
1280,09:30:02,$ 3250.00,10
1282,09:30:02,$ 3250.00,3
1283,09:30:02,$ 3250.00,15
1284,09:30:02,$ 3250.00,4
1285,09:30:02,$ 3250.00,21
1286,09:30:02,$ 3250.00,"1,800"
1287,09:30:02,$ 3250.00,10
1288,09:30:02,$ 3250.00,3
1289,09:30:02,$ 3250.00,10
1290,09:30:02,$ 3250.00,1
1291,09:30:02,$ 3250.00,1
1292,09:30:02,$ 3250.00,1
1293,09:30:02,$ 3250.00,1
1294,09:30:02,$ 3250.00,2
1295,09:30:02,$ 3250.00,6
1296,09:30:02,$ 3250.00,16
1297,09:30:02,$ 3250.00,21
1298,09:30:02,$ 3250.00,23
1299,09:30:02,$ 3250.00,24
1300,09:30:02,$ 3250.00,2
1301,09:30:02,$ 3250.00,20
1303,09:30:02,$ 3250.00,140
1304,09:30:02,$ 3250.00,2
1305,09:30:02,$ 3250.00,10
1306,09:30:02,$ 3250.00,3
1307,09:30:02,$ 3250.00,20
1308,09:30:02,$ 3250.00,4
1309,09:30:02,$ 3250.00,2
1310,09:30:02,$ 3250.00,6
1311,09:30:02,$ 3250.00,2
1312,09:30:02,$ 3250.00,1
1313,09:30:02,$ 3250.00,1
1314,09:30:02,$ 3250.00,10
1315,09:30:02,$ 3250.00,2
1316,09:30:02,$ 3250.00,1
1317,09:30:02,$ 3250.00,1
1318,09:30:02,$ 3250.00,6
1319,09:30:02,$ 3250.00,2
1320,09:30:02,$ 3250.00,1
1321,09:30:02,$ 3250.00,2
1322,09:30:02,$ 3250.00,5
1324,09:30:02,$ 3250.00,19
1325,09:30:02,$ 3250.00,14
1326,09:30:02,$ 3250.00,3
1327,09:30:02,$ 3250.00,2
1328,09:30:02,$ 3250.00,1
1329,09:30:02,$ 3250.00,1
1330,09:30:02,$ 3250.00,3
1331,09:30:02,$ 3250.00,2
1332,09:30:02,$ 3250.00,2
1333,09:30:02,$ 3250.00,1
1334,09:30:02,$ 3250.00,5
1335,09:30:02,$ 3250.00,26
1336,09:30:02,$ 3250.00,1
1337,09:30:02,$ 3250.00,1
1338,09:30:02,$ 3250.00,5
1339,09:30:02,$ 3250.00,4
1340,09:30:02,$ 3250.00,1
1341,09:30:02,$ 3250.00,20
1342,09:30:02,$ 3250.00,6
1343,09:30:02,$ 3250.00,3
1345,09:30:02,$ 3250.00,9
1346,09:30:02,$ 3250.00,10
1347,09:30:02,$ 3250.00,2
1348,09:30:02,$ 3250.00,6
1349,09:30:02,$ 3250.00,446
1350,09:30:02,$ 3250.00,1
1351,09:30:02,$ 3250.00,3
1352,09:30:02,$ 3250.00,1
1353,09:30:02,$ 3250.00,1
1354,09:30:02,$ 3250.00,20
1355,09:30:02,$ 3250.00,1
1356,09:30:02,$ 3250.00,1
1357,09:30:02,$ 3250.00,1
1358,09:30:02,$ 3250.00,2
1359,09:30:02,$ 3250.00,1
1360,09:30:02,$ 3250.00,2
1361,09:30:02,$ 3250.00,1
1362,09:30:02,$ 3250.00,144
1363,09:30:02,$ 3250.00,15
1364,09:30:02,$ 3250.00,2
1366,09:30:02,$ 3250.00,33
1367,09:30:02,$ 3250.00,1
1368,09:30:02,$ 3250.00,2
1369,09:30:02,$ 3250.00,1
1370,09:30:02,$ 3250.00,1
1371,09:30:02,$ 3250.00,"1,497"
1372,09:30:02,$ 3250.00,2
1373,09:30:02,$ 3250.00,"1,497"
1374,09:30:02,$ 3250.00,1
1375,09:30:02,$ 3250.00,10
1376,09:30:02,$ 3250.00,5
1377,09:30:02,$ 3250.00,1
1378,09:30:02,$ 3250.00,15
1379,09:30:02,$ 3250.00,6
1380,09:30:02,$ 3250.00,50
1381,09:30:02,$ 3250.00,122
1382,09:30:02,$ 3250.00,6
1383,09:30:02,$ 3250.00,30
1384,09:30:02,$ 3250.00,1
1385,09:30:02,$ 3250.00,8
1387,09:30:02,$ 3250.00,1
1388,09:30:02,$ 3250.00,"1,800"
1389,09:30:02,$ 3250.00,10
1390,09:30:02,$ 3250.00,2
1391,09:30:02,$ 3250.00,1
1392,09:30:02,$ 3250.00,2
1393,09:30:02,$ 3250.00,1
1394,09:30:02,$ 3250.00,2
1395,09:30:02,$ 3250.00,3
1396,09:30:02,$ 3250.00,1
1397,09:30:02,$ 3250.00,75
1398,09:30:02,$ 3250.00,1
1399,09:30:02,$ 3250.00,5
1400,09:30:02,$ 3250.00,5
1401,09:30:02,$ 3250.00,5
1402,09:30:02,$ 3250.00,5
1403,09:30:02,$ 3250.00,12
1404,09:30:02,$ 3250.00,695
1405,09:30:02,$ 3250.00,5
1406,09:30:02,$ 3250.00,43
1408,09:30:02,$ 3250.00,55
1409,09:30:02,$ 3250.00,10
1410,09:30:02,$ 3250.00,4
1411,09:30:02,$ 3250.00,3
1412,09:30:02,$ 3250.00,4
1413,09:30:02,$ 3250.00,8
1414,09:30:02,$ 3250.00,68
1415,09:30:02,$ 3250.00,1
1416,09:30:02,$ 3250.00,10
1417,09:30:02,$ 3250.00,1
1418,09:30:02,$ 3250.00,3
1419,09:30:02,$ 3250.00,11
1420,09:30:02,$ 3250.00,18
1421,09:30:02,$ 3250.00,10
1422,09:30:02,$ 3250.00,2
1423,09:30:02,$ 3250.00,77
1424,09:30:02,$ 3250.00,3
1425,09:30:02,$ 3250.00,1
1426,09:30:02,$ 3250.00,60
1427,09:30:02,$ 3250.00,3
1429,09:30:02,$ 3250.00,1
1430,09:30:02,$ 3250.00,1
1431,09:30:02,$ 3250.00,2
1432,09:30:02,$ 3250.00,3
1433,09:30:02,$ 3250.00,1
1434,09:30:02,$ 3250.00,2
1435,09:30:02,$ 3250.00,1
1436,09:30:02,$ 3250.00,"18,500"
1437,09:30:02,$ 3250.00,2
1438,09:30:02,$ 3250.00,12
1439,09:30:02,$ 3250.00,5
1440,09:30:02,$ 3250.00,30
1441,09:30:02,$ 3250.00,2
1442,09:30:02,$ 3250.00,1
1443,09:30:02,$ 3250.00,10
1444,09:30:02,$ 3250.00,31
1445,09:30:02,$ 3250.00,13
1446,09:30:02,$ 3250.00,1
1447,09:30:02,$ 3250.00,10
1448,09:30:02,$ 3250.00,1
1450,09:30:02,$ 3250.00,2
1451,09:30:02,$ 3250.00,10
1452,09:30:02,$ 3250.00,2
1453,09:30:02,$ 3250.00,6
1454,09:30:02,$ 3250.00,1
1455,09:30:02,$ 3250.00,2
1456,09:30:02,$ 3250.00,2
1457,09:30:02,$ 3250.00,2
1458,09:30:02,$ 3250.00,1
1459,09:30:02,$ 3250.00,1
1460,09:30:02,$ 3250.00,1
1461,09:30:02,$ 3250.00,3
1462,09:30:02,$ 3250.00,10
1463,09:30:02,$ 3250.00,1
1464,09:30:02,$ 3250.00,1
1465,09:30:02,$ 3250.00,20
1466,09:30:02,$ 3250.00,1
1467,09:30:02,$ 3250.00,1
1468,09:30:02,$ 3250.00,2
1469,09:30:02,$ 3250.00,3
1471,09:30:02,$ 3250.00,1
1472,09:30:02,$ 3250.00,1
1473,09:30:02,$ 3250.00,1
1474,09:30:02,$ 3250.00,1
1475,09:30:02,$ 3250.00,2
1476,09:30:02,$ 3250.00,4
1477,09:30:02,$ 3250.00,10
1478,09:30:02,$ 3250.00,1
1479,09:30:02,$ 3250.00,1
1480,09:30:02,$ 3250.00,7
1481,09:30:02,$ 3250.00,1
1482,09:30:02,$ 3250.00,2
1483,09:30:02,$ 3250.00,25
1484,09:30:02,$ 3250.00,1
1485,09:30:02,$ 3250.00,3
1486,09:30:02,$ 3250.00,3
1487,09:30:02,$ 3250.00,3
1488,09:30:02,$ 3250.00,6
1489,09:30:02,$ 3250.00,5
1490,09:30:02,$ 3250.00,1
1492,09:30:02,$ 3250.00,3
1493,09:30:02,$ 3250.00,2
1494,09:30:02,$ 3250.00,10
1495,09:30:02,$ 3250.00,1
1496,09:30:02,$ 3250.00,1
1497,09:30:02,$ 3250.00,2
1498,09:30:02,$ 3250.00,1
1499,09:30:02,$ 3250.00,4
1500,09:30:02,$ 3250.00,2
1501,09:30:02,$ 3250.00,5
1502,09:30:02,$ 3250.00,1
1503,09:30:02,$ 3250.00,3
1504,09:30:02,$ 3250.00,10
1505,09:30:02,$ 3250.00,1
1506,09:30:02,$ 3250.00,1
1507,09:30:02,$ 3250.00,1
1508,09:30:02,$ 3250.00,10
1509,09:30:02,$ 3250.00,14
1510,09:30:02,$ 3250.00,6
1511,09:30:02,$ 3250.00,3
1513,09:30:02,$ 3250.00,3
1514,09:30:02,$ 3250.00,5
1515,09:30:02,$ 3250.00,5
1516,09:30:02,$ 3250.00,3
1517,09:30:02,$ 3250.00,3
1518,09:30:02,$ 3250.00,1
1519,09:30:02,$ 3250.00,1
1520,09:30:02,$ 3250.00,4
1521,09:30:02,$ 3250.00,1
1522,09:30:02,$ 3250.00,4
1523,09:30:02,$ 3250.00,5
1524,09:30:02,$ 3250.00,1
1525,09:30:02,$ 3250.00,1
1526,09:30:02,$ 3250.00,1
1527,09:30:02,$ 3250.00,1
1528,09:30:02,$ 3250.00,4
1529,09:30:02,$ 3250.00,1
1530,09:30:02,$ 3250.00,2
1531,09:30:02,$ 3250.00,8
1532,09:30:02,$ 3250.00,3
1534,09:30:02,$ 3250.00,9
1535,09:30:02,$ 3250.00,2
1536,09:30:02,$ 3250.00,7
1537,09:30:02,$ 3250.00,3
1538,09:30:02,$ 3250.00,8
1539,09:30:02,$ 3250.00,5
1540,09:30:02,$ 3250.00,1
1541,09:30:02,$ 3250.00,9
1542,09:30:02,$ 3250.00,12
1543,09:30:02,$ 3250.00,7
1544,09:30:02,$ 3250.00,76
1545,09:30:02,$ 3250.00,30
1546,09:30:02,$ 3250.00,14
1547,09:30:02,$ 3250.00,7
1548,09:30:02,$ 3250.00,3
1549,09:30:02,$ 3250.00,2
1550,09:30:02,$ 3250.00,5
1551,09:30:02,$ 3250.00,1
1552,09:30:02,$ 3250.00,3
1553,09:30:02,$ 3250.00,13
1555,09:30:02,$ 3250.00,1
1556,09:30:02,$ 3250.00,320
1557,09:30:02,$ 3250.00,1
1558,09:30:02,$ 3250.00,5
1559,09:30:02,$ 3250.00,3
1560,09:30:02,$ 3250.00,30
1561,09:30:02,$ 3250.00,5
1562,09:30:02,$ 3250.00,1
1563,09:30:02,$ 3250.00,1
1564,09:30:02,$ 3250.00,1
1565,09:30:02,$ 3250.00,2
1566,09:30:02,$ 3250.00,1
1567,09:30:02,$ 3250.00,10
1568,09:30:02,$ 3250.00,"8,595"
1569,09:30:02,$ 3250.00,3
1570,09:30:02,$ 3250.00,1
1571,09:30:02,$ 3250.00,2
1572,09:30:02,$ 3250.00,2
1573,09:30:02,$ 3250.00,3
1574,09:30:02,$ 3250.00,2
1576,09:30:02,$ 3250.00,1
1577,09:30:02,$ 3250.00,2
1578,09:30:02,$ 3250.00,10
1579,09:30:02,$ 3250.00,5
1580,09:30:02,$ 3250.00,3
1581,09:30:02,$ 3250.00,8
1582,09:30:02,$ 3250.00,92
1583,09:30:02,$ 3250.00,15
1584,09:30:02,$ 3250.00,1
1585,09:30:02,$ 3250.00,4
1586,09:30:02,$ 3250.00,3
1587,09:30:02,$ 3250.00,4
1588,09:30:02,$ 3250.00,11
1589,09:30:02,$ 3250.00,1
1590,09:30:02,$ 3250.00,12
1591,09:30:02,$ 3250.00,1
1592,09:30:02,$ 3250.00,"12,200"
1593,09:30:02,$ 3250.00,8
1594,09:30:02,$ 3250.00,1
1595,09:30:02,$ 3250.00,1
1597,09:30:02,$ 3250.00,4
1598,09:30:02,$ 3250.00,2
1599,09:30:02,$ 3250.00,1
1600,09:30:02,$ 3250.00,2
1601,09:30:02,$ 3250.00,1
1602,09:30:02,$ 3250.00,1
1603,09:30:02,$ 3250.00,1
1604,09:30:02,$ 3250.00,2
1605,09:30:02,$ 3250.00,2
1606,09:30:02,$ 3250.00,1
1607,09:30:02,$ 3250.00,2
1608,09:30:02,$ 3250.00,3
1609,09:30:02,$ 3250.00,2
1610,09:30:02,$ 3250.00,2
1611,09:30:02,$ 3250.00,5
1612,09:30:02,$ 3250.00,7
1613,09:30:02,$ 3250.00,1
1614,09:30:02,$ 3250.00,8
1615,09:30:02,$ 3250.00,1
1616,09:30:02,$ 3250.00,1
1618,09:30:02,$ 3250.00,1
1619,09:30:02,$ 3250.00,1
1620,09:30:02,$ 3250.00,2
1621,09:30:02,$ 3250.00,1
1622,09:30:02,$ 3250.00,6
1623,09:30:02,$ 3250.00,2
1624,09:30:02,$ 3250.00,1
1625,09:30:02,$ 3250.00,4
1626,09:30:02,$ 3250.00,2
1627,09:30:02,$ 3250.00,20
1628,09:30:02,$ 3250.00,7
1629,09:30:02,$ 3250.00,10
1630,09:30:02,$ 3250.00,10
1631,09:30:02,$ 3250.00,2
1632,09:30:02,$ 3250.00,1
1633,09:30:02,$ 3250.00,30
1634,09:30:02,$ 3250.00,4
1635,09:30:02,$ 3250.00,3
1636,09:30:02,$ 3250.00,12
1637,09:30:02,$ 3250.00,3
1639,09:30:02,$ 3250.00,5
1640,09:30:02,$ 3250.00,1
1641,09:30:02,$ 3250.00,1
1642,09:30:02,$ 3250.00,1
1643,09:30:02,$ 3250.00,1
1644,09:30:02,$ 3250.00,3
1645,09:30:02,$ 3250.00,1
1646,09:30:02,$ 3250.00,1
1647,09:30:02,$ 3250.00,2
1648,09:30:02,$ 3250.00,1
1649,09:30:02,$ 3250.00,2
1650,09:30:02,$ 3250.00,1
1651,09:30:02,$ 3250.00,2
1652,09:30:02,$ 3250.00,1
1653,09:30:02,$ 3250.00,2
1654,09:30:02,$ 3250.00,1
1655,09:30:02,$ 3250.00,1
1656,09:30:02,$ 3250.00,7
1657,09:30:02,$ 3250.00,6
1658,09:30:02,$ 3250.00,1
1660,09:30:02,$ 3250.00,1
1661,09:30:02,$ 3250.00,10
1662,09:30:02,$ 3250.00,1
1663,09:30:02,$ 3250.00,2
1664,09:30:02,$ 3250.00,3
1665,09:30:02,$ 3250.00,5
1666,09:30:02,$ 3250.00,5
1667,09:30:02,$ 3250.00,5
1668,09:30:02,$ 3250.00,10
1669,09:30:02,$ 3250.00,1
1670,09:30:02,$ 3250.00,1
1671,09:30:02,$ 3250.00,2
1672,09:30:02,$ 3250.00,3
1673,09:30:02,$ 3250.00,2
1674,09:30:02,$ 3250.00,1
1675,09:30:02,$ 3250.00,1
1676,09:30:02,$ 3250.00,5
1677,09:30:02,$ 3250.00,1
1678,09:30:02,$ 3250.00,5
1679,09:30:02,$ 3250.00,1
1681,09:30:02,$ 3250.00,10
1682,09:30:02,$ 3250.00,1
1683,09:30:02,$ 3250.00,450
1684,09:30:02,$ 3250.00,1
1685,09:30:02,$ 3250.00,5
1686,09:30:02,$ 3250.00,1
1687,09:30:02,$ 3250.00,10
1688,09:30:02,$ 3250.00,5
1689,09:30:02,$ 3250.00,1
1690,09:30:02,$ 3250.00,31
1691,09:30:02,$ 3250.00,1
1692,09:30:02,$ 3250.00,3
1693,09:30:02,$ 3250.00,1
1694,09:30:02,$ 3250.00,1
1695,09:30:02,$ 3250.00,1
1696,09:30:02,$ 3250.00,12
1697,09:30:02,$ 3250.00,1
1698,09:30:02,$ 3250.00,3
1699,09:30:02,$ 3250.00,3
1700,09:30:02,$ 3250.00,19
1702,09:30:02,$ 3250.00,4
1703,09:30:02,$ 3250.00,2
1704,09:30:02,$ 3250.00,20
1705,09:30:02,$ 3250.00,1
1706,09:30:02,$ 3250.00,9
1707,09:30:02,$ 3250.00,2
1708,09:30:02,$ 3250.00,2
1709,09:30:02,$ 3250.00,1
1710,09:30:02,$ 3250.00,3
1711,09:30:02,$ 3250.00,1
1712,09:30:02,$ 3250.00,3
1713,09:30:02,$ 3250.00,1
1714,09:30:02,$ 3250.00,8
1715,09:30:02,$ 3250.00,1
1716,09:30:02,$ 3250.00,1
1717,09:30:02,$ 3250.00,1
1718,09:30:02,$ 3250.00,5
1719,09:30:02,$ 3250.00,1
1720,09:30:02,$ 3250.00,1
1721,09:30:02,$ 3250.00,2
1723,09:30:02,$ 3250.00,1
1724,09:30:02,$ 3250.00,2
1725,09:30:02,$ 3250.00,1
1726,09:30:02,$ 3250.00,1
1727,09:30:02,$ 3250.00,1
1728,09:30:02,$ 3250.00,1
1729,09:30:02,$ 3250.00,3
1730,09:30:02,$ 3250.00,2
1731,09:30:02,$ 3250.00,1
1732,09:30:02,$ 3250.00,1
1733,09:30:02,$ 3250.00,2
1734,09:30:02,$ 3250.00,1
1735,09:30:02,$ 3250.00,1
1736,09:30:02,$ 3250.00,3
1737,09:30:02,$ 3250.00,2
1738,09:30:02,$ 3250.00,15
1739,09:30:02,$ 3250.00,1
1740,09:30:02,$ 3250.00,5
1741,09:30:02,$ 3250.00,1
1742,09:30:02,$ 3250.00,1
1744,09:30:02,$ 3250.00,2
1745,09:30:02,$ 3250.00,5
1746,09:30:02,$ 3250.00,15
1747,09:30:02,$ 3250.00,18
1748,09:30:02,$ 3250.00,1
1749,09:30:02,$ 3250.00,4
1750,09:30:02,$ 3250.00,2
1751,09:30:02,$ 3250.00,1
1752,09:30:02,$ 3250.00,3
1753,09:30:02,$ 3250.00,1
1754,09:30:02,$ 3250.00,2
1755,09:30:02,$ 3250.00,3
1756,09:30:02,$ 3250.00,1
1757,09:30:02,$ 3250.00,27
1758,09:30:02,$ 3250.00,2
1759,09:30:02,$ 3250.00,1
1760,09:30:02,$ 3250.00,1
1761,09:30:02,$ 3250.00,2
1762,09:30:02,$ 3250.00,3
1763,09:30:02,$ 3250.00,2
1765,09:30:02,$ 3250.00,10
1766,09:30:02,$ 3250.00,2
1767,09:30:02,$ 3250.00,2
1768,09:30:02,$ 3250.00,1
1769,09:30:02,$ 3250.00,1
1770,09:30:02,$ 3250.00,4
1771,09:30:02,$ 3250.00,2
1772,09:30:02,$ 3250.00,1
1773,09:30:02,$ 3250.00,3
1774,09:30:02,$ 3250.00,1
1775,09:30:02,$ 3250.00,2
1776,09:30:02,$ 3250.00,25
1777,09:30:02,$ 3250.00,3
1778,09:30:02,$ 3250.00,2
1779,09:30:02,$ 3250.00,1
1780,09:30:02,$ 3250.00,1
1781,09:30:02,$ 3250.00,2
1782,09:30:02,$ 3250.00,1
1783,09:30:02,$ 3250.00,1
1784,09:30:02,$ 3250.00,2
1786,09:30:02,$ 3250.00,30
1787,09:30:02,$ 3250.00,3
1788,09:30:02,$ 3250.00,5
1789,09:30:02,$ 3250.00,4
1790,09:30:02,$ 3250.00,1
1791,09:30:02,$ 3250.00,6
1792,09:30:02,$ 3250.00,1
1793,09:30:02,$ 3250.00,1
1794,09:30:02,$ 3250.00,5
1795,09:30:02,$ 3250.00,222
1796,09:30:02,$ 3250.00,4
1797,09:30:02,$ 3250.00,2
1798,09:30:02,$ 3250.00,1
1799,09:30:02,$ 3250.00,4
1800,09:30:02,$ 3250.00,3
1801,09:30:02,$ 3250.00,1
1802,09:30:02,$ 3250.00,1
1803,09:30:02,$ 3250.00,1
1804,09:30:02,$ 3250.00,1
1805,09:30:02,$ 3250.00,5
1807,09:30:02,$ 3250.00,11
1808,09:30:02,$ 3250.00,20
1809,09:30:02,$ 3250.00,1
1810,09:30:02,$ 3250.00,1
1811,09:30:02,$ 3250.00,1
1812,09:30:02,$ 3250.00,2
1813,09:30:02,$ 3250.00,2
1814,09:30:02,$ 3250.00,6
1815,09:30:02,$ 3250.00,1
1816,09:30:02,$ 3250.00,1
1817,09:30:02,$ 3250.00,1
1818,09:30:02,$ 3250.00,2
1819,09:30:02,$ 3250.00,2
1820,09:30:02,$ 3250.00,3
1821,09:30:02,$ 3250.00,3
1822,09:30:02,$ 3250.00,1
1823,09:30:02,$ 3250.00,132
1824,09:30:02,$ 3250.00,25
1825,09:30:02,$ 3250.00,1
1826,09:30:02,$ 3250.00,5
1828,09:30:02,$ 3250.00,1
1829,09:30:02,$ 3250.00,1
1830,09:30:02,$ 3250.00,4
1831,09:30:02,$ 3250.00,1
1832,09:30:02,$ 3250.00,15
1833,09:30:02,$ 3250.00,5
1834,09:30:02,$ 3250.00,10
1835,09:30:02,$ 3250.00,1
1836,09:30:02,$ 3250.00,6
1837,09:30:02,$ 3250.00,1
1838,09:30:02,$ 3250.00,1
1839,09:30:02,$ 3250.00,1
1840,09:30:02,$ 3250.00,1
1841,09:30:02,$ 3250.00,5
1842,09:30:02,$ 3250.00,3
1843,09:30:02,$ 3250.00,10
1844,09:30:02,$ 3250.00,3
1845,09:30:02,$ 3250.00,15
1846,09:30:02,$ 3250.00,9
1847,09:30:02,$ 3250.00,1
1849,09:30:02,$ 3250.00,3
1850,09:30:02,$ 3250.00,10
1851,09:30:02,$ 3250.00,1
1852,09:30:02,$ 3250.00,20
1853,09:30:02,$ 3250.00,10
1854,09:30:02,$ 3250.00,1
1855,09:30:02,$ 3250.00,1
1856,09:30:02,$ 3250.00,"2,000"
1857,09:30:02,$ 3250.00,10
1858,09:30:02,$ 3250.00,1
1859,09:30:02,$ 3250.00,17
1860,09:30:02,$ 3250.00,27
1861,09:30:02,$ 3250.00,1
1862,09:30:02,$ 3250.00,1
1863,09:30:02,$ 3250.00,5
1864,09:30:02,$ 3250.00,6
1865,09:30:02,$ 3250.00,5
1866,09:30:02,$ 3250.00,4
1867,09:30:02,$ 3250.00,10
1868,09:30:02,$ 3250.00,1
1870,09:30:02,$ 3250.00,3
1871,09:30:02,$ 3250.00,3
1872,09:30:02,$ 3250.00,1
1873,09:30:02,$ 3250.00,1
1874,09:30:02,$ 3250.00,1
1875,09:30:02,$ 3250.00,6
1876,09:30:02,$ 3250.00,1
1877,09:30:02,$ 3250.00,1
1878,09:30:02,$ 3250.00,1
1879,09:30:02,$ 3250.00,1
1880,09:30:02,$ 3250.00,5
1881,09:30:02,$ 3250.00,2
1882,09:30:02,$ 3250.00,14
1883,09:30:02,$ 3250.00,7
1884,09:30:02,$ 3250.00,2
1885,09:30:02,$ 3250.00,43
1886,09:30:02,$ 3250.00,1
1887,09:30:02,$ 3250.00,317
1888,09:30:02,$ 3250.00,"3,665"
1889,09:30:02,$ 3250.00,1
1891,09:30:02,$ 3250.00,60
1892,09:30:02,$ 3250.00,2
1893,09:30:02,$ 3250.00,4
1894,09:30:02,$ 3250.00,20
1895,09:30:02,$ 3250.00,2
1896,09:30:02,$ 3250.00,9
1897,09:30:02,$ 3250.00,1
1898,09:30:02,$ 3250.00,4
1899,09:30:02,$ 3250.00,13
1900,09:30:02,$ 3250.00,5
1901,09:30:02,$ 3250.00,1
1902,09:30:02,$ 3250.00,4
1903,09:30:02,$ 3250.00,2
1904,09:30:02,$ 3250.00,3
1905,09:30:02,$ 3250.00,3
1906,09:30:02,$ 3250.00,1
1907,09:30:02,$ 3250.00,1
1908,09:30:02,$ 3250.00,30
1909,09:30:02,$ 3250.00,3
1910,09:30:02,$ 3250.00,1
1912,09:30:02,$ 3250.00,2
1913,09:30:02,$ 3250.00,1
1914,09:30:02,$ 3250.00,1
1915,09:30:02,$ 3250.00,5
1916,09:30:02,$ 3250.00,2
1917,09:30:02,$ 3250.00,25
1918,09:30:02,$ 3250.00,1
1919,09:30:02,$ 3250.00,1
1920,09:30:02,$ 3250.00,4
1921,09:30:02,$ 3250.00,1
1922,09:30:02,$ 3250.00,2
1923,09:30:02,$ 3250.00,1
1924,09:30:02,$ 3250.00,5
1925,09:30:02,$ 3250.00,5
1926,09:30:02,$ 3250.00,6
1927,09:30:02,$ 3250.00,2
1928,09:30:02,$ 3250.00,4
1929,09:30:02,$ 3250.00,10
1930,09:30:02,$ 3250.00,14
1931,09:30:02,$ 3250.00,50
1933,09:30:02,$ 3250.00,6
1934,09:30:02,$ 3250.00,2
1935,09:30:02,$ 3250.00,4
1936,09:30:02,$ 3250.00,10
1937,09:30:02,$ 3250.00,2
1938,09:30:02,$ 3250.00,2
1939,09:30:02,$ 3250.00,2
1940,09:30:02,$ 3250.00,6
1941,09:30:02,$ 3250.00,1
1942,09:30:02,$ 3250.00,10
1943,09:30:02,$ 3250.00,30
1944,09:30:02,$ 3250.00,25
1945,09:30:02,$ 3250.00,5
1946,09:30:02,$ 3250.00,1
1947,09:30:02,$ 3250.00,1
1948,09:30:02,$ 3250.00,10
1949,09:30:02,$ 3250.00,1
1950,09:30:02,$ 3250.00,10
1951,09:30:02,$ 3250.00,2
1952,09:30:02,$ 3250.00,1
1954,09:30:02,$ 3250.00,2
1955,09:30:02,$ 3250.00,2
1956,09:30:02,$ 3250.00,2
1957,09:30:02,$ 3250.00,1
1958,09:30:02,$ 3250.00,2
1959,09:30:02,$ 3250.00,3
1960,09:30:02,$ 3250.00,1
1961,09:30:02,$ 3250.00,1
1962,09:30:02,$ 3250.00,1
1963,09:30:02,$ 3250.00,1
1964,09:30:02,$ 3250.00,1
1965,09:30:02,$ 3250.00,53
1966,09:30:02,$ 3250.00,35
1967,09:30:02,$ 3250.00,15
1968,09:30:02,$ 3250.00,1
1969,09:30:02,$ 3250.00,14
1970,09:30:02,$ 3250.00,10
1971,09:30:02,$ 3250.00,15
1972,09:30:02,$ 3250.00,3
1973,09:30:02,$ 3250.00,100
1975,09:30:02,$ 3250.00,1
1976,09:30:02,$ 3250.00,1
1977,09:30:02,$ 3250.00,1
1978,09:30:02,$ 3250.00,5
1979,09:30:02,$ 3250.00,5
1980,09:30:02,$ 3250.00,33
1981,09:30:02,$ 3250.00,4
1982,09:30:02,$ 3250.00,5
1983,09:30:02,$ 3250.00,10
1984,09:30:02,$ 3250.00,13
1985,09:30:02,$ 3250.00,12
1986,09:30:02,$ 3250.00,1
1987,09:30:02,$ 3250.00,8
1988,09:30:02,$ 3250.00,1
1989,09:30:02,$ 3250.00,2
1990,09:30:02,$ 3250.00,1
1991,09:30:02,$ 3250.00,10
1992,09:30:02,$ 3250.00,2
1993,09:30:02,$ 3250.00,1
1994,09:30:02,$ 3250.00,3
1996,09:30:02,$ 3250.00,5
1997,09:30:02,$ 3250.00,2
1998,09:30:02,$ 3250.00,2
1999,09:30:02,$ 3250.00,2
2000,09:30:02,$ 3250.00,1
2001,09:30:02,$ 3250.00,10
2002,09:30:02,$ 3250.00,3
2003,09:30:02,$ 3250.00,1
2004,09:30:02,$ 3250.00,5
2005,09:30:02,$ 3250.00,1
2006,09:30:02,$ 3250.00,3
2007,09:30:02,$ 3250.00,10
2008,09:30:02,$ 3250.00,1
2009,09:30:02,$ 3250.00,1
2010,09:30:02,$ 3250.00,10
2011,09:30:02,$ 3250.00,10
2012,09:30:02,$ 3250.00,1
2013,09:30:02,$ 3250.00,2
2014,09:30:02,$ 3250.00,1
2015,09:30:02,$ 3250.00,1
2017,09:30:02,$ 3250.00,5
2018,09:30:02,$ 3250.00,1
2019,09:30:02,$ 3250.00,3
2020,09:30:02,$ 3250.00,2
2021,09:30:02,$ 3250.00,3
2022,09:30:02,$ 3250.00,1
2023,09:30:02,$ 3250.00,5
2024,09:30:02,$ 3250.00,2
2025,09:30:02,$ 3250.00,225
2026,09:30:02,$ 3250.00,3
2027,09:30:02,$ 3250.00,100
2028,09:30:02,$ 3250.00,1
2029,09:30:02,$ 3250.00,186
2030,09:30:02,$ 3250.00,1
2031,09:30:02,$ 3250.00,2
2032,09:30:02,$ 3250.00,5
2033,09:30:02,$ 3250.00,5
2034,09:30:02,$ 3250.00,1
2035,09:30:02,$ 3250.00,10
2036,09:30:02,$ 3250.00,1
2038,09:30:02,$ 3250.00,10
2039,09:30:02,$ 3250.00,20
2040,09:30:02,$ 3250.00,1
2041,09:30:02,$ 3250.00,1
2042,09:30:02,$ 3250.00,1
2043,09:30:02,$ 3250.00,9
2044,09:30:02,$ 3250.00,5
2045,09:30:02,$ 3250.00,6
2046,09:30:02,$ 3250.00,5
2047,09:30:02,$ 3250.00,1
2048,09:30:02,$ 3250.00,15
2049,09:30:02,$ 3250.00,225
2050,09:30:02,$ 3250.00,5
2051,09:30:02,$ 3250.00,10
2052,09:30:02,$ 3250.00,10
2053,09:30:02,$ 3250.00,83
2054,09:30:02,$ 3250.00,3
2055,09:30:02,$ 3250.00,1
2056,09:30:02,$ 3250.00,3
2057,09:30:02,$ 3250.00,1
2059,09:30:02,$ 3250.00,2
2060,09:30:02,$ 3250.00,1
2061,09:30:02,$ 3250.00,5
2062,09:30:02,$ 3250.00,1
2063,09:30:02,$ 3250.00,2
2064,09:30:02,$ 3250.00,1
2065,09:30:02,$ 3250.00,1
2066,09:30:02,$ 3250.00,6
2067,09:30:02,$ 3250.00,2
2068,09:30:02,$ 3250.00,5
2069,09:30:02,$ 3250.00,1
2070,09:30:02,$ 3250.00,1
2071,09:30:02,$ 3250.00,1
2072,09:30:02,$ 3250.00,5
2073,09:30:02,$ 3250.00,1
2074,09:30:02,$ 3250.00,9
2075,09:30:02,$ 3250.00,243
2076,09:30:02,$ 3250.00,2
2077,09:30:02,$ 3250.00,20
2078,09:30:02,$ 3250.00,10
2080,09:30:02,$ 3250.00,10
2081,09:30:02,$ 3250.00,4
2082,09:30:02,$ 3250.00,75
2083,09:30:02,$ 3250.00,1
2084,09:30:02,$ 3250.00,10
2085,09:30:02,$ 3250.00,10
2086,09:30:02,$ 3250.00,5
2087,09:30:02,$ 3250.00,1
2088,09:30:02,$ 3250.00,2
2089,09:30:02,$ 3250.00,1
2090,09:30:02,$ 3250.00,3
2091,09:30:02,$ 3250.00,10
2092,09:30:02,$ 3250.00,3
2093,09:30:02,$ 3250.00,2
2094,09:30:02,$ 3250.00,11
2095,09:30:02,$ 3250.00,2
2096,09:30:02,$ 3250.00,1
2097,09:30:02,$ 3250.00,1
2098,09:30:02,$ 3250.00,1
2099,09:30:02,$ 3250.00,5
2101,09:30:02,$ 3250.00,35
2102,09:30:02,$ 3250.00,5
2103,09:30:02,$ 3250.00,5
2104,09:30:02,$ 3250.00,1
2105,09:30:02,$ 3250.00,5
2106,09:30:02,$ 3250.00,6
2107,09:30:02,$ 3250.00,83
2108,09:30:02,$ 3250.00,30
2109,09:30:02,$ 3250.00,3
2110,09:30:02,$ 3250.00,1
2111,09:30:02,$ 3250.00,200
2112,09:30:02,$ 3250.00,3
2113,09:30:02,$ 3250.00,10
2114,09:30:02,$ 3250.00,1
2115,09:30:02,$ 3250.00,4
2116,09:30:02,$ 3250.00,1
2117,09:30:02,$ 3250.00,2
2118,09:30:02,$ 3250.00,5
2119,09:30:02,$ 3250.00,1
2120,09:30:02,$ 3250.00,2
2122,09:30:02,$ 3250.00,1
2123,09:30:02,$ 3250.00,83
2124,09:30:02,$ 3250.00,2
2125,09:30:02,$ 3250.00,2
2126,09:30:02,$ 3250.00,1
2127,09:30:02,$ 3250.00,50
2128,09:30:02,$ 3250.00,2
2129,09:30:02,$ 3250.00,4
2130,09:30:02,$ 3250.00,1
2131,09:30:02,$ 3250.00,1
2132,09:30:02,$ 3250.00,1
2133,09:30:02,$ 3250.00,1
2134,09:30:02,$ 3250.00,30
2135,09:30:02,$ 3250.00,25
2136,09:30:02,$ 3250.00,15
2137,09:30:02,$ 3250.00,10
2138,09:30:02,$ 3250.00,3
2139,09:30:02,$ 3250.00,1
2140,09:30:02,$ 3250.00,2
2141,09:30:02,$ 3250.00,1
2143,09:30:02,$ 3250.00,1
2144,09:30:02,$ 3250.00,3
2145,09:30:02,$ 3250.00,5
2146,09:30:02,$ 3250.00,2
2147,09:30:02,$ 3250.00,1
2148,09:30:02,$ 3250.00,4
2149,09:30:02,$ 3250.00,2
2150,09:30:02,$ 3250.00,5
2151,09:30:02,$ 3250.00,1
2152,09:30:02,$ 3250.00,2
2153,09:30:02,$ 3250.00,7
2154,09:30:02,$ 3250.00,2
2155,09:30:02,$ 3250.00,6
2156,09:30:02,$ 3250.00,1
2157,09:30:02,$ 3250.00,1
2158,09:30:02,$ 3250.00,100
2159,09:30:02,$ 3250.00,10
2160,09:30:02,$ 3250.00,100
2161,09:30:02,$ 3250.00,4
2162,09:30:02,$ 3250.00,2
2164,09:30:02,$ 3250.00,3
2165,09:30:02,$ 3250.00,1
2166,09:30:02,$ 3250.00,3
2167,09:30:02,$ 3250.00,6
2168,09:30:02,$ 3250.00,5
2169,09:30:02,$ 3250.00,2
2170,09:30:02,$ 3250.00,8
2171,09:30:02,$ 3250.00,18
2172,09:30:02,$ 3250.00,1
2173,09:30:02,$ 3250.00,2
2174,09:30:02,$ 3250.00,1
2175,09:30:02,$ 3250.00,10
2176,09:30:02,$ 3250.00,8
2177,09:30:02,$ 3250.00,122
2178,09:30:02,$ 3250.00,2
2179,09:30:02,$ 3250.00,1
2180,09:30:02,$ 3250.00,4
2181,09:30:02,$ 3250.00,2
2182,09:30:02,$ 3250.00,2
2183,09:30:02,$ 3250.00,8
2185,09:30:02,$ 3250.00,5
2186,09:30:02,$ 3250.00,3
2187,09:30:02,$ 3250.00,1
2188,09:30:02,$ 3250.00,4
2189,09:30:02,$ 3250.00,4
2190,09:30:02,$ 3250.00,5
2191,09:30:02,$ 3250.00,5
2192,09:30:02,$ 3250.00,1
2193,09:30:02,$ 3250.00,5
2194,09:30:02,$ 3250.00,4
2195,09:30:02,$ 3250.00,1
2196,09:30:02,$ 3250.00,1
2197,09:30:02,$ 3250.00,1
2198,09:30:02,$ 3250.00,7
2199,09:30:02,$ 3250.00,10
2200,09:30:02,$ 3250.00,1
2201,09:30:02,$ 3250.00,1
2202,09:30:02,$ 3250.00,2
2203,09:30:02,$ 3250.00,100
2204,09:30:02,$ 3250.00,3
2206,09:30:02,$ 3250.00,3
2207,09:30:02,$ 3250.00,3
2208,09:30:02,$ 3250.00,2
2209,09:30:02,$ 3250.00,1
2210,09:30:02,$ 3250.00,12
2211,09:30:02,$ 3250.00,1
2212,09:30:02,$ 3250.00,30
2213,09:30:02,$ 3250.00,1
2214,09:30:02,$ 3250.00,5
2215,09:30:02,$ 3250.00,40
2216,09:30:02,$ 3250.00,150
2217,09:30:02,$ 3250.00,1
2218,09:30:02,$ 3250.00,2
2219,09:30:02,$ 3250.00,25
2220,09:30:02,$ 3250.00,1
2221,09:30:02,$ 3250.00,2
2222,09:30:02,$ 3250.00,4
2223,09:30:02,$ 3250.00,8
2224,09:30:02,$ 3250.00,1
2225,09:30:02,$ 3250.00,15
2227,09:30:02,$ 3250.00,20
2228,09:30:02,$ 3250.00,210
2229,09:30:02,$ 3250.00,25
2230,09:30:02,$ 3250.00,4
2231,09:30:02,$ 3250.00,1
2232,09:30:02,$ 3250.00,3
2233,09:30:02,$ 3250.00,7
2234,09:30:02,$ 3250.00,1
2235,09:30:02,$ 3250.00,1
2236,09:30:02,$ 3250.00,2
2237,09:30:02,$ 3250.00,1
2238,09:30:02,$ 3250.00,1
2239,09:30:02,$ 3250.00,2
2240,09:30:02,$ 3250.00,2
2241,09:30:02,$ 3250.00,302
2242,09:30:02,$ 3250.00,7
2243,09:30:02,$ 3250.00,30
2244,09:30:02,$ 3250.00,1
2245,09:30:02,$ 3250.00,2
2246,09:30:02,$ 3250.00,9
2248,09:30:02,$ 3250.00,5
2249,09:30:02,$ 3250.00,7
2250,09:30:02,$ 3250.00,3
2251,09:30:02,$ 3250.00,2
2252,09:30:02,$ 3250.00,1
2253,09:30:02,$ 3250.00,6
2254,09:30:02,$ 3250.00,15
2255,09:30:02,$ 3250.00,1
2256,09:30:02,$ 3250.00,10
2257,09:30:02,$ 3250.00,10
2258,09:30:02,$ 3250.00,10
2259,09:30:02,$ 3250.00,10
2260,09:30:02,$ 3250.00,1
2261,09:30:02,$ 3250.00,10
2262,09:30:02,$ 3250.00,1
2263,09:30:02,$ 3250.00,3
2264,09:30:02,$ 3250.00,5
2265,09:30:02,$ 3250.00,1
2266,09:30:02,$ 3250.00,8
2267,09:30:02,$ 3250.00,5
2269,09:30:02,$ 3250.00,10
2270,09:30:02,$ 3250.00,1
2271,09:30:02,$ 3250.00,6
2272,09:30:02,$ 3250.00,4
2273,09:30:02,$ 3250.00,81
2274,09:30:02,$ 3250.00,6
2275,09:30:02,$ 3250.00,6
2276,09:30:02,$ 3250.00,442
2277,09:30:02,$ 3250.00,22
2278,09:30:02,$ 3250.00,11
2279,09:30:02,$ 3250.00,2
2280,09:30:02,$ 3250.00,1
2281,09:30:02,$ 3250.00,"4,700"
2282,09:30:02,$ 3250.00,1
2283,09:30:02,$ 3250.00,5
2284,09:30:02,$ 3250.00,1
2285,09:30:02,$ 3250.00,1
2286,09:30:02,$ 3250.00,1
2287,09:30:02,$ 3250.00,2
2288,09:30:02,$ 3250.00,2
2290,09:30:02,$ 3250.00,2
2291,09:30:02,$ 3250.00,1
2292,09:30:02,$ 3250.00,1
2293,09:30:02,$ 3250.00,2
2294,09:30:02,$ 3250.00,1
2295,09:30:02,$ 3250.00,1
2296,09:30:02,$ 3250.00,6
2297,09:30:02,$ 3250.00,2
2298,09:30:02,$ 3250.00,4
2299,09:30:02,$ 3250.00,1
2300,09:30:02,$ 3250.00,1
2301,09:30:02,$ 3250.00,1
2302,09:30:02,$ 3250.00,2
2303,09:30:02,$ 3250.00,1
2304,09:30:02,$ 3250.00,1
2305,09:30:02,$ 3250.00,1
2306,09:30:02,$ 3250.00,"3,464"
2307,09:30:02,$ 3250.00,"3,464"
2308,09:30:02,$ 3250.00,17
2309,09:30:02,$ 3250.00,1
2311,09:30:02,$ 3250.00,195
2312,09:30:02,$ 3250.00,2
2313,09:30:02,$ 3250.00,3
2314,09:30:02,$ 3250.00,5
2315,09:30:02,$ 3250.00,12
2316,09:30:02,$ 3250.00,3
2317,09:30:02,$ 3250.00,1
2318,09:30:02,$ 3250.00,1
2319,09:30:02,$ 3250.00,5
2320,09:30:02,$ 3250.00,3
2321,09:30:02,$ 3250.00,2
2322,09:30:02,$ 3250.00,1
2323,09:30:02,$ 3250.00,6
2324,09:30:02,$ 3250.00,1
2325,09:30:02,$ 3250.00,2
2326,09:30:02,$ 3250.00,1
2327,09:30:02,$ 3250.00,8
2328,09:30:02,$ 3250.00,2
2329,09:30:02,$ 3250.00,16
2330,09:30:02,$ 3250.00,5
2332,09:30:02,$ 3250.00,4
2333,09:30:02,$ 3250.00,6
2334,09:30:02,$ 3250.00,12
2335,09:30:02,$ 3250.00,8
2336,09:30:02,$ 3250.00,1
2337,09:30:02,$ 3250.00,5
2338,09:30:02,$ 3250.00,2
2339,09:30:02,$ 3250.00,4
2340,09:30:02,$ 3250.00,1
2341,09:30:02,$ 3250.00,6
2342,09:30:02,$ 3250.00,3
2343,09:30:02,$ 3250.00,1
2344,09:30:02,$ 3250.00,1
2345,09:30:02,$ 3250.00,2
2346,09:30:02,$ 3250.00,16
2347,09:30:02,$ 3250.00,2
2348,09:30:02,$ 3250.00,5
2349,09:30:02,$ 3250.00,2
2350,09:30:02,$ 3250.00,3
2351,09:30:02,$ 3250.00,20
2353,09:30:02,$ 3250.00,8
2354,09:30:02,$ 3250.00,5
2355,09:30:02,$ 3250.00,2
2356,09:30:02,$ 3250.00,437
2357,09:30:02,$ 3250.00,10
2358,09:30:02,$ 3250.00,2
2359,09:30:02,$ 3250.00,17
2360,09:30:02,$ 3250.00,6
2361,09:30:02,$ 3250.00,1
2362,09:30:02,$ 3250.00,10
2363,09:30:02,$ 3250.00,28
2364,09:30:02,$ 3250.00,36
2365,09:30:02,$ 3250.00,1
2366,09:30:02,$ 3250.00,300
2367,09:30:02,$ 3250.00,100
2368,09:30:02,$ 3250.00,1
2369,09:30:02,$ 3250.00,199
2370,09:30:02,$ 3250.00,108
2371,09:30:02,$ 3250.00,1
2372,09:30:02,$ 3250.00,13
2374,09:30:02,$ 3250.00,"4,630"
2375,09:30:02,$ 3250.00,1
2376,09:30:02,$ 3250.00,1
2377,09:30:02,$ 3250.00,37
2378,09:30:02,$ 3250.00,2
2379,09:30:02,$ 3250.00,2
2380,09:30:02,$ 3250.00,5
2381,09:30:02,$ 3250.00,33
2382,09:30:02,$ 3250.00,1
2383,09:30:02,$ 3250.00,7
2384,09:30:02,$ 3250.00,18
2385,09:30:02,$ 3250.00,9
2386,09:30:02,$ 3250.00,10
2387,09:30:02,$ 3250.00,7
2388,09:30:02,$ 3250.00,33
2389,09:30:02,$ 3250.00,5
2390,09:30:02,$ 3250.00,25
2391,09:30:02,$ 3250.00,2
2392,09:30:02,$ 3250.00,273
2393,09:30:02,$ 3250.00,2
2395,09:30:02,$ 3250.00,231
2396,09:30:02,$ 3250.00,2
2397,09:30:02,$ 3250.00,2
2398,09:30:02,$ 3250.00,1
2399,09:30:02,$ 3250.00,5
2400,09:30:02,$ 3250.00,3
2401,09:30:02,$ 3250.00,1
2402,09:30:02,$ 3250.00,1
2403,09:30:02,$ 3250.00,8
2404,09:30:02,$ 3250.00,10
2405,09:30:02,$ 3250.00,4
2406,09:30:02,$ 3250.00,6
2407,09:30:02,$ 3250.00,3
2408,09:30:02,$ 3250.00,8
2409,09:30:02,$ 3250.00,25
2410,09:30:02,$ 3250.00,2
2411,09:30:02,$ 3250.00,1
2412,09:30:02,$ 3250.00,1
2413,09:30:02,$ 3250.00,20
2414,09:30:02,$ 3250.00,41
2416,09:30:02,$ 3250.00,1
2417,09:30:02,$ 3250.00,13
2418,09:30:02,$ 3250.00,2
2419,09:30:02,$ 3250.00,13
2420,09:30:02,$ 3250.00,5
2421,09:30:02,$ 3250.00,3
2422,09:30:02,$ 3250.00,3
2423,09:30:02,$ 3250.00,12
2424,09:30:02,$ 3250.00,3
2425,09:30:02,$ 3250.00,100
2426,09:30:02,$ 3250.00,"1,643"
2427,09:30:02,$ 3250.00,2
2428,09:30:02,$ 3250.00,18
2429,09:30:02,$ 3250.00,10
2430,09:30:02,$ 3250.00,40
2431,09:30:02,$ 3250.00,10
2432,09:30:02,$ 3250.00,14
2433,09:30:02,$ 3250.00,2
2434,09:30:02,$ 3250.00,12
2435,09:30:02,$ 3250.00,2
2437,09:30:02,$ 3250.00,4
2438,09:30:02,$ 3250.00,1
2439,09:30:02,$ 3250.00,5
2440,09:30:02,$ 3250.00,1
2441,09:30:02,$ 3250.00,17
2442,09:30:02,$ 3250.00,4
2443,09:30:02,$ 3250.00,1
2444,09:30:02,$ 3250.00,3
2445,09:30:02,$ 3250.00,1
2446,09:30:02,$ 3250.00,8
2447,09:30:02,$ 3250.00,8
2448,09:30:02,$ 3250.00,2
2449,09:30:02,$ 3250.00,"5,813"
2450,09:30:02,$ 3250.00,1
2451,09:30:02,$ 3250.00,1
2452,09:30:02,$ 3250.00,1
2453,09:30:02,$ 3250.00,5
2454,09:30:02,$ 3250.00,5
2455,09:30:02,$ 3250.00,1
2456,09:30:02,$ 3250.00,5
2458,09:30:02,$ 3250.00,43
2459,09:30:02,$ 3250.00,2
2460,09:30:02,$ 3250.00,2
2461,09:30:02,$ 3250.00,1
2462,09:30:02,$ 3250.00,1
2463,09:30:02,$ 3250.00,1
2464,09:30:02,$ 3250.00,15
2465,09:30:02,$ 3250.00,12
2466,09:30:02,$ 3250.00,7
2467,09:30:02,$ 3250.00,2
2468,09:30:02,$ 3250.00,40
2469,09:30:02,$ 3250.00,2
2470,09:30:02,$ 3250.00,1
2471,09:30:02,$ 3250.00,10
2472,09:30:02,$ 3250.00,50
2473,09:30:02,$ 3250.00,2
2474,09:30:02,$ 3250.00,30
2475,09:30:02,$ 3250.00,3
2476,09:30:02,$ 3250.00,8
2477,09:30:02,$ 3250.00,3
2479,09:30:02,$ 3250.00,9
2480,09:30:02,$ 3250.00,1
2481,09:30:02,$ 3250.00,4
2482,09:30:02,$ 3250.00,51
2483,09:30:02,$ 3250.00,1
2484,09:30:02,$ 3250.00,19
2485,09:30:02,$ 3250.00,96
2486,09:30:02,$ 3250.00,5
2487,09:30:02,$ 3250.00,1
2488,09:30:02,$ 3250.00,1
2489,09:30:02,$ 3250.00,2
2490,09:30:02,$ 3250.00,68
2491,09:30:02,$ 3250.00,2
2492,09:30:01,$ 3250.89,100
2494,10:29:51,$ 3220.50,100
2495,10:29:43,$ 3221.6165,100
2496,10:29:33,$ 3220.57,100
2497,10:29:32,$ 3221.00,100
2498,10:29:25,$ 3221.09,100
2499,10:29:25,$ 3221.15,100
2500,10:29:24,$ 3220.50,100
2501,10:29:23,$ 3221.30,100
2502,10:29:23,$ 3221.45,100
2503,10:29:21,$ 3221.16,100
2504,10:29:21,$ 3221.72,100
2505,10:29:14,$ 3222.1832,250
2506,10:29:13,$ 3221.77,100
2507,10:29:13,$ 3221.73,200
2508,10:29:12,$ 3222.27,100
2509,10:29:06,$ 3222.27,100
2510,10:29:06,$ 3222.27,100
2511,10:28:59,$ 3221.81,100
2512,10:28:59,$ 3222.27,100
2513,10:28:59,$ 3222.1399,107
2515,10:28:59,$ 3222.1399,100
2516,10:28:59,$ 3222.1399,100
2517,10:28:59,$ 3222.1399,100
2518,10:28:59,$ 3222.14,100
2519,10:28:59,$ 3222.14,100
2520,10:28:59,$ 3222.14,100
2521,10:28:59,$ 3222.12,100
2522,10:28:58,$ 3221.68,100
2523,10:28:57,$ 3221.645,100
2524,10:28:56,$ 3221.93,100
2525,10:28:42,$ 3221.56,100
2526,10:28:38,$ 3220.92,100
2527,10:28:27,$ 3221.2817,854
2528,10:28:22,$ 3221.50,100
2529,10:28:22,$ 3221.52,100
2530,10:28:21,$ 3222.09,100
2531,10:28:21,$ 3222.14,100
2532,10:28:12,$ 3221.58,100
2533,10:28:12,$ 3222.11,100
2534,10:28:12,$ 3222.13,100
2536,10:28:10,$ 3221.575,100
2537,10:28:10,$ 3221.65,100
2538,10:28:10,$ 3221.74,100
2539,10:28:10,$ 3221.70,100
2540,10:28:07,$ 3222.13,100
2541,10:28:05,$ 3222.10,100
2542,10:28:03,$ 3222.03,100
2543,10:27:57,$ 3221.216,200
2544,10:27:55,$ 3221.57,100
2545,10:27:54,$ 3221.495,100
2546,10:27:47,$ 3221.79,100
2547,10:27:47,$ 3221.82,100
2548,10:27:35,$ 3222.73,166
2549,10:27:31,$ 3223.19,100
2550,10:27:29,$ 3223.16,"1,000"
2551,10:27:18,$ 3221.96,100
2552,10:27:18,$ 3221.54,100
2553,10:27:14,$ 3221.12,100
2554,10:27:11,$ 3221.4826,100
2555,10:27:10,$ 3221.96,100
2557,10:27:05,$ 3221.96,100
2558,10:26:56,$ 3220.78,100
2559,10:26:49,$ 3222.0757,198
2560,10:26:43,$ 3222.01,100
2561,10:26:41,$ 3224.00,100
2562,10:26:41,$ 3224.00,145
2563,10:26:41,$ 3224.00,100
2564,10:26:37,$ 3224.50,193
2565,10:26:37,$ 3224.27,100
2566,10:25:59,$ 3226.35,300
2567,10:25:55,$ 3227.90,178
2568,10:25:52,$ 3227.915,100
2569,10:25:49,$ 3226.18,352
2570,10:25:49,$ 3227.28,191
2571,10:25:46,$ 3227.00,695
2572,10:25:46,$ 3227.00,100
2573,10:25:43,$ 3226.49,100
2574,10:25:42,$ 3226.32,115
2575,10:25:41,$ 3225.975,100
2576,10:25:36,$ 3225.86,100
2578,10:25:35,$ 3225.785,100
2579,10:25:35,$ 3225.78,100
2580,10:25:35,$ 3225.78,120
2581,10:25:35,$ 3225.785,100
2582,10:25:35,$ 3225.78,100
2583,10:25:35,$ 3225.78,100
2584,10:25:35,$ 3225.785,100
2585,10:25:33,$ 3225.785,100
2586,10:25:33,$ 3225.78,100
2587,10:25:31,$ 3226.093,100
2588,10:25:30,$ 3225.785,100
2589,10:25:24,$ 3225.60,100
2590,10:25:18,$ 3225.6413,100
2591,10:25:17,$ 3226.00,250
2592,10:25:17,$ 3225.90,100
2593,10:25:17,$ 3225.36,100
2594,10:25:14,$ 3225.31,100
2595,10:25:14,$ 3225.31,100
2596,10:25:14,$ 3225.31,100
2597,10:25:14,$ 3225.31,100
2599,10:25:14,$ 3225.28,100
2600,10:25:13,$ 3225.15,100
2601,10:25:12,$ 3224.96,100
2602,10:25:11,$ 3225.14,100
2603,10:25:07,$ 3225.31,100
2604,10:25:07,$ 3224.97,100
2605,10:25:06,$ 3225.23,100
2606,10:25:06,$ 3224.845,100
2607,10:25:04,$ 3224.845,100
2608,10:25:02,$ 3225.01,100
2609,10:25:02,$ 3224.39,100
2610,10:25:02,$ 3224.934,100
2611,10:25:02,$ 3224.934,392
2612,10:25:02,$ 3224.934,100
2613,10:25:02,$ 3224.934,100
2614,10:25:02,$ 3224.934,100
2615,10:25:02,$ 3225.31,100
2616,10:25:02,$ 3225.31,100
2617,10:25:01,$ 3225.31,100
2618,10:24:55,$ 3225.14,100
2620,10:24:55,$ 3225.15,103
2621,10:24:55,$ 3224.69,100
2622,10:24:55,$ 3224.69,282
2623,10:24:55,$ 3224.69,100
2624,10:24:55,$ 3224.575,100
2625,10:24:55,$ 3225.00,100
2626,10:24:55,$ 3225.05,100
2627,10:24:54,$ 3224.4959,100
2628,10:24:36,$ 3225.78,100
2629,10:24:29,$ 3226.00,100
2630,10:24:27,$ 3226.00,100
2631,10:24:27,$ 3226.55,100
2632,10:24:27,$ 3225.99,"1,000"
2633,10:24:25,$ 3226.5399,100
2634,10:24:24,$ 3226.40,100
2635,10:24:18,$ 3226.40,100
2636,10:24:18,$ 3226.40,100
2637,10:24:18,$ 3226.42,100
2638,10:24:15,$ 3226.07,100
2639,10:24:12,$ 3225.93,108
2641,10:23:59,$ 3226.55,100
2642,10:23:57,$ 3226.55,100
2643,10:23:57,$ 3226.24,100
2644,10:23:56,$ 3226.55,100
2645,10:23:55,$ 3226.55,100
2646,10:23:54,$ 3226.39,100
2647,10:23:54,$ 3226.2808,213
2648,10:23:54,$ 3226.40,100
2649,10:23:54,$ 3226.40,100
2650,10:23:54,$ 3226.40,100
2651,10:23:53,$ 3226.37,100
2652,10:23:40,$ 3225.9585,147
2653,10:23:22,$ 3224.97,118
2654,10:23:22,$ 3225.00,100
2655,10:23:14,$ 3225.83,100
2656,10:23:01,$ 3225.26,100
2657,10:23:01,$ 3225.235,100
2658,10:23:01,$ 3225.17,100
2659,10:23:01,$ 3225.235,100
2660,10:22:55,$ 3225.22,100
2662,10:22:52,$ 3225.20,116
2663,10:22:52,$ 3225.88,116
2664,10:22:51,$ 3225.71,100
2665,10:22:51,$ 3225.80,100
2666,10:22:51,$ 3225.80,100
2667,10:22:41,$ 3225.00,100
2668,10:22:29,$ 3223.16,100
2669,10:22:16,$ 3221.92,"1,000"
2670,10:22:13,$ 3221.92,100
2671,10:22:06,$ 3222.975,"1,000"
2672,10:22:05,$ 3222.9628,300
2673,10:21:55,$ 3224.53,100
2674,10:21:54,$ 3223.855,100
2675,10:21:54,$ 3224.125,100
2676,10:21:53,$ 3223.58,100
2677,10:21:43,$ 3223.46,300
2678,10:21:43,$ 3223.37,100
2679,10:21:43,$ 3223.34,100
2680,10:21:43,$ 3223.10,100
2681,10:21:43,$ 3223.34,100
2683,10:21:42,$ 3222.90,100
2684,10:21:35,$ 3222.0294,102
2685,10:21:29,$ 3222.20,"1,000"
2686,10:21:24,$ 3221.83,100
2687,10:21:24,$ 3222.39,100
2688,10:21:19,$ 3220.90,100
2689,10:21:09,$ 3220.84,100
2690,10:20:53,$ 3220.94,100
2691,10:20:53,$ 3220.94,100
2692,10:20:51,$ 3220.22,100
2693,10:20:51,$ 3220.555,100
2694,10:20:51,$ 3220.2887,464
2695,10:20:51,$ 3220.2887,110
2696,10:20:51,$ 3220.30,100
2697,10:20:51,$ 3220.80,100
2698,10:20:51,$ 3220.93,100
2699,10:20:51,$ 3220.221,100
2700,10:20:49,$ 3220.65,100
2701,10:20:48,$ 3219.65,100
2702,10:20:48,$ 3220.08,100
2704,10:20:47,$ 3220.07,100
2705,10:20:47,$ 3220.07,100
2706,10:20:39,$ 3220.17,100
2707,10:20:37,$ 3220.9399,100
2708,10:20:35,$ 3220.17,100
2709,10:20:30,$ 3220.16,100
2710,10:20:30,$ 3220.16,100
2711,10:20:24,$ 3220.56,100
2712,10:20:24,$ 3220.47,100
2713,10:20:24,$ 3220.93,100
2714,10:20:24,$ 3220.94,100
2715,10:20:24,$ 3220.94,100
2716,10:20:24,$ 3220.94,100
2717,10:20:24,$ 3220.47,100
2718,10:20:23,$ 3219.9501,100
2719,10:20:23,$ 3220.049,100
2720,10:20:22,$ 3220.3577,100
2721,10:20:21,$ 3220.94,100
2722,10:20:17,$ 3220.42,100
2723,10:20:16,$ 3220.25,100
2725,10:20:16,$ 3220.79,100
2726,10:20:16,$ 3220.79,201
2727,10:20:16,$ 3220.79,100
2728,10:20:13,$ 3220.3139,100
2729,10:20:09,$ 3220.79,100
2730,10:20:09,$ 3220.405,100
2731,10:20:09,$ 3220.39,100
2732,10:20:09,$ 3220.54,100
2733,10:20:09,$ 3220.47,100
2734,10:20:08,$ 3219.71,200
2735,10:20:03,$ 3220.24,100
2736,10:20:03,$ 3220.25,124
2737,10:20:03,$ 3220.085,100
2738,10:20:03,$ 3220.085,100
2739,10:20:03,$ 3220.24,100
2740,10:20:03,$ 3220.00,100
2741,10:20:03,$ 3220.00,300
2742,10:20:01,$ 3220.56,100
2743,10:20:00,$ 3220.84,100
2744,10:19:58,$ 3221.9099,100
2746,10:19:57,$ 3221.01,100
2747,10:19:57,$ 3221.00,100
2748,10:19:57,$ 3221.00,100
2749,10:19:49,$ 3221.96,100
2750,10:19:49,$ 3221.96,300
2751,10:19:49,$ 3221.54,200
2752,10:19:49,$ 3221.54,100
2753,10:19:49,$ 3221.54,100
2754,10:19:48,$ 3221.54,100
2755,10:19:45,$ 3222.274,100
2756,10:19:41,$ 3221.9575,100
2757,10:19:40,$ 3221.95,100
2758,10:19:37,$ 3221.51,100
2759,10:19:37,$ 3221.945,100
2760,10:19:23,$ 3221.93,100
2761,10:19:23,$ 3222.34,100
2762,10:19:20,$ 3221.7925,100
2763,10:19:20,$ 3221.785,100
2764,10:19:16,$ 3221.5627,716
2765,10:19:16,$ 3221.654,118
2767,10:19:00,$ 3221.1656,100
2768,10:18:58,$ 3221.70,100
2769,10:18:53,$ 3221.675,"1,000"
2770,10:18:51,$ 3221.8165,100
2771,10:18:39,$ 3222.32,100
2772,10:18:37,$ 3221.81,100
2773,10:18:37,$ 3222.21,100
2774,10:18:30,$ 3221.06,100
2775,10:18:30,$ 3221.05,100
2776,10:18:30,$ 3221.65,100
2777,10:18:30,$ 3221.60,200
2778,10:18:30,$ 3221.60,150
2779,10:18:30,$ 3221.60,216
2780,10:18:30,$ 3221.60,186
2781,10:18:30,$ 3222.20,100
2782,10:18:28,$ 3222.00,100
2783,10:18:28,$ 3221.92,100
2784,10:18:27,$ 3222.195,100
2785,10:18:27,$ 3222.48,100
2786,10:18:27,$ 3222.27,100
2788,10:18:27,$ 3222.27,100
2789,10:18:26,$ 3222.27,100
2790,10:18:26,$ 3222.27,100
2791,10:18:26,$ 3222.27,100
2792,10:18:20,$ 3222.27,100
2793,10:18:16,$ 3222.33,100
2794,10:18:16,$ 3222.33,121
2795,10:18:15,$ 3222.33,100
2796,10:18:15,$ 3222.33,100
2797,10:18:15,$ 3222.33,100
2798,10:18:15,$ 3222.33,100
2799,10:18:13,$ 3221.79,"1,000"
2800,10:18:12,$ 3221.91,100
2801,10:18:12,$ 3222.33,100
2802,10:18:12,$ 3222.33,100
2803,10:18:10,$ 3222.19,100
2804,10:18:10,$ 3222.19,100
2805,10:18:10,$ 3222.18,100
2806,10:18:09,$ 3221.6456,100
2807,10:18:05,$ 3221.24,100
2809,10:18:04,$ 3221.24,100
2810,10:18:01,$ 3222.96,100
2811,10:17:57,$ 3222.96,100
2812,10:17:57,$ 3222.758,100
2813,10:17:56,$ 3223.14,100
2814,10:17:51,$ 3223.038,100
2815,10:17:51,$ 3223.038,100
2816,10:17:51,$ 3223.038,285
2817,10:17:51,$ 3223.038,100
2818,10:17:51,$ 3223.1532,100
2819,10:17:51,$ 3223.038,100
2820,10:17:51,$ 3223.038,100
2821,10:17:51,$ 3223.23,118
2822,10:17:46,$ 3222.61,100
2823,10:17:38,$ 3222.62,225
2824,10:17:38,$ 3223.21,100
2825,10:17:34,$ 3223.255,100
2826,10:17:34,$ 3223.075,100
2827,10:17:31,$ 3223.62,100
2828,10:17:31,$ 3223.02,100
2830,10:17:31,$ 3223.02,100
2831,10:17:27,$ 3223.615,100
2832,10:17:26,$ 3223.635,100
2833,10:17:26,$ 3223.615,100
2834,10:17:25,$ 3223.545,100
2835,10:17:24,$ 3223.545,100
2836,10:17:23,$ 3224.21,100
2837,10:17:21,$ 3223.34,100
2838,10:17:20,$ 3223.31,100
2839,10:17:15,$ 3223.215,100
2840,10:17:13,$ 3223.87,100
2841,10:17:13,$ 3223.36,100
2842,10:17:07,$ 3223.895,100
2843,10:17:03,$ 3224.23,100
2844,10:17:00,$ 3224.43,100
2845,10:16:54,$ 3223.75,100
2846,10:16:54,$ 3223.75,100
2847,10:16:54,$ 3224.002,100
2848,10:16:54,$ 3224.002,100
2849,10:16:54,$ 3223.75,100
2851,10:16:54,$ 3223.752,100
2852,10:16:54,$ 3224.002,100
2853,10:16:54,$ 3224.002,100
2854,10:16:53,$ 3224.064,100
2855,10:16:53,$ 3224.0361,100
2856,10:16:53,$ 3224.002,100
2857,10:16:53,$ 3224.064,100
2858,10:16:53,$ 3224.00,100
2859,10:16:45,$ 3224.39,100
2860,10:16:45,$ 3224.43,100
2861,10:16:45,$ 3224.43,100
2862,10:16:45,$ 3224.43,100
2863,10:16:45,$ 3224.43,100
2864,10:16:44,$ 3223.7826,174
2865,10:16:40,$ 3223.79,100
2866,10:16:38,$ 3223.76,100
2867,10:16:38,$ 3223.76,300
2868,10:16:37,$ 3223.925,100
2869,10:16:37,$ 3223.59,225
2870,10:16:37,$ 3223.59,542
2872,10:16:35,$ 3223.63,100
2873,10:16:35,$ 3224.00,100
2874,10:16:33,$ 3224.43,100
2875,10:16:33,$ 3224.42,100
2876,10:16:33,$ 3224.43,100
2877,10:16:33,$ 3224.43,100
2878,10:16:33,$ 3224.43,100
2879,10:16:33,$ 3224.43,600
2880,10:16:33,$ 3224.43,100
2881,10:16:30,$ 3224.00,100
2882,10:16:29,$ 3223.875,100
2883,10:16:27,$ 3224.09,100
2884,10:16:27,$ 3224.09,100
2885,10:16:25,$ 3224.16,100
2886,10:16:24,$ 3222.90,100
2887,10:16:24,$ 3222.41,300
2888,10:16:24,$ 3223.11,300
2889,10:16:24,$ 3222.87,100
2890,10:16:24,$ 3223.535,100
2891,10:16:23,$ 3223.40,100
2893,10:16:23,$ 3223.40,900
2894,10:16:22,$ 3223.405,118
2895,10:16:14,$ 3224.28,100
2896,10:15:50,$ 3225.2009,247
2897,10:15:46,$ 3226.23,100
2898,10:15:46,$ 3226.23,100
2899,10:15:46,$ 3226.2465,100
2900,10:15:42,$ 3226.22,100
2901,10:15:42,$ 3226.22,100
2902,10:15:42,$ 3225.8373,304
2903,10:15:42,$ 3225.75,100
2904,10:15:42,$ 3225.75,100
2905,10:15:39,$ 3226.25,100
2906,10:15:39,$ 3226.25,100
2907,10:15:37,$ 3226.00,100
2908,10:15:33,$ 3225.2637,200
2909,10:15:30,$ 3224.03,100
2910,10:15:30,$ 3224.265,100
2911,10:15:29,$ 3225.02,"1,000"
2912,10:15:29,$ 3225.03,100
2914,10:15:26,$ 3225.02,100
2915,10:15:24,$ 3225.04,100
2916,10:15:24,$ 3225.02,300
2917,10:15:24,$ 3225.03,100
2918,10:15:21,$ 3225.00,500
2919,10:15:21,$ 3225.00,300
2920,10:15:21,$ 3225.00,100
2921,10:15:21,$ 3225.00,100
2922,10:15:19,$ 3225.57,100
2923,10:15:18,$ 3226.135,200
2924,10:15:18,$ 3226.51,100
2925,10:15:04,$ 3225.31,180
2926,10:15:04,$ 3226.00,100
2927,10:15:04,$ 3226.00,131
2928,10:15:04,$ 3226.00,686
2929,10:15:03,$ 3226.61,100
2930,10:15:03,$ 3226.55,100
2931,10:15:02,$ 3226.67,100
2932,10:14:56,$ 3226.75,143
2933,10:14:50,$ 3227.42,100
2935,10:14:48,$ 3227.4596,"1,000"
2936,10:14:44,$ 3227.29,100
2937,10:14:44,$ 3227.29,100
2938,10:14:44,$ 3227.41,100
2939,10:14:39,$ 3227.4736,100
2940,10:14:37,$ 3228.03,100
2941,10:14:33,$ 3228.70,100
2942,10:14:29,$ 3228.70,100
2943,10:14:29,$ 3228.20,100
2944,10:14:29,$ 3228.70,100
2945,10:14:29,$ 3228.70,100
2946,10:14:29,$ 3228.70,100
2947,10:14:28,$ 3227.77,100
2948,10:14:21,$ 3227.90,190
2949,10:14:14,$ 3228.305,100
2950,10:14:14,$ 3228.28,100
2951,10:14:03,$ 3229.16,100
2952,10:14:03,$ 3229.26,100
2953,10:14:00,$ 3229.125,100
2954,10:14:00,$ 3229.51,100
2956,10:13:58,$ 3229.50,100
2957,10:13:39,$ 3227.7201,100
2958,10:13:23,$ 3228.14,100
2959,10:13:22,$ 3228.525,"1,000"
2960,10:13:10,$ 3228.89,100
2961,10:13:10,$ 3228.88,100
2962,10:13:10,$ 3228.87,100
2963,10:13:10,$ 3228.88,100
2964,10:12:59,$ 3227.75,100
2965,10:12:59,$ 3227.00,100
2966,10:12:54,$ 3227.61,574
2967,10:12:54,$ 3228.63,100
2968,10:12:51,$ 3228.21,362
2969,10:12:51,$ 3228.665,100
2970,10:12:51,$ 3228.5204,150
2971,10:12:43,$ 3229.83,100
2972,10:12:39,$ 3229.13,100
2973,10:12:39,$ 3228.94,100
2974,10:12:39,$ 3228.96,100
2975,10:12:39,$ 3229.05,100
2977,10:12:39,$ 3229.04,100
2978,10:12:39,$ 3229.08,100
2979,10:12:39,$ 3229.045,100
2980,10:12:39,$ 3227.88,100
2981,10:12:36,$ 3227.98,100
2982,10:12:36,$ 3227.94,100
2983,10:12:36,$ 3227.99,100
2984,10:12:36,$ 3227.99,100
2985,10:12:34,$ 3227.495,100
2986,10:12:33,$ 3227.84,200
2987,10:12:31,$ 3227.58,100
2988,10:12:31,$ 3227.58,100
2989,10:12:30,$ 3227.13,100
2990,10:12:22,$ 3227.51,188
2991,10:12:22,$ 3227.62,100
2992,10:12:22,$ 3227.62,100
2993,10:12:22,$ 3227.62,100
2994,10:12:17,$ 3228.00,100
2995,10:12:17,$ 3228.00,100
2996,10:12:17,$ 3228.20,100
2998,10:12:15,$ 3228.30,100
2999,10:12:10,$ 3228.08,300
3000,10:11:56,$ 3229.20,100
3001,10:11:56,$ 3229.90,400
3002,10:11:56,$ 3229.2001,100
3003,10:11:56,$ 3229.54,100
3004,10:11:55,$ 3229.90,100
3005,10:11:53,$ 3230.09,100
3006,10:11:53,$ 3230.54,100
3007,10:11:49,$ 3230.54,"1,000"
3008,10:11:40,$ 3231.2167,100
3009,10:11:38,$ 3230.5713,150
3010,10:11:27,$ 3231.37,100
3011,10:11:24,$ 3231.52,100
3012,10:11:19,$ 3229.90,100
3013,10:11:19,$ 3229.90,100
3014,10:11:19,$ 3229.90,100
3015,10:11:19,$ 3229.89,100
3016,10:11:17,$ 3231.48,"1,000"
3017,10:11:15,$ 3230.09,100
3019,10:11:09,$ 3229.92,227
3020,10:11:09,$ 3230.50,100
3021,10:11:09,$ 3230.48,100
3022,10:11:09,$ 3230.04,100
3023,10:11:09,$ 3230.07,100
3024,10:11:06,$ 3229.20,100
3025,10:11:05,$ 3229.31,153
3026,10:11:03,$ 3229.28,500
3027,10:11:02,$ 3228.71,100
3028,10:11:02,$ 3228.71,100
3029,10:11:00,$ 3229.03,100
3030,10:11:00,$ 3229.50,100
3031,10:10:44,$ 3229.45,100
3032,10:10:43,$ 3229.45,100
3033,10:10:36,$ 3229.40,100
3034,10:10:36,$ 3229.40,100
3035,10:10:36,$ 3229.60,100
3036,10:10:36,$ 3229.25,100
3037,10:10:25,$ 3229.5525,120
3038,10:10:18,$ 3228.48,100
3040,10:10:17,$ 3229.20,100
3041,10:10:16,$ 3229.095,100
3042,10:10:14,$ 3229.6259,400
3043,10:10:11,$ 3229.02,100
3044,10:10:10,$ 3229.20,100
3045,10:10:09,$ 3229.18,100
3046,10:10:09,$ 3228.99,100
3047,10:10:09,$ 3228.46,100
3048,10:10:09,$ 3228.46,100
3049,10:10:09,$ 3228.71,100
3050,10:10:09,$ 3228.47,100
3051,10:10:09,$ 3228.74,100
3052,10:10:09,$ 3228.47,100
3053,10:10:08,$ 3229.92,100
3054,10:10:08,$ 3229.61,100
3055,10:10:08,$ 3229.67,100
3056,10:10:03,$ 3229.81,"1,000"
3057,10:09:56,$ 3229.755,100
3058,10:09:56,$ 3230.445,159
3059,10:09:56,$ 3229.81,100
3061,10:09:52,$ 3229.7587,"1,000"
3062,10:09:51,$ 3229.765,100
3063,10:09:43,$ 3230.77,147
3064,10:09:43,$ 3228.40,100
3065,10:09:42,$ 3229.49,100
3066,10:09:42,$ 3229.70,100
3067,10:09:42,$ 3229.82,100
3068,10:09:42,$ 3229.82,100
3069,10:09:42,$ 3229.47,100
3070,10:09:42,$ 3228.5465,100
3071,10:09:42,$ 3228.39,100
3072,10:09:42,$ 3228.40,100
3073,10:09:42,$ 3227.96,100
3074,10:09:38,$ 3227.76,100
3075,10:09:35,$ 3227.775,"1,000"
3076,10:09:32,$ 3227.765,100
3077,10:09:29,$ 3228.09,100
3078,10:09:27,$ 3228.00,100
3079,10:09:27,$ 3228.015,100
3080,10:09:21,$ 3227.08,100
3082,10:09:15,$ 3227.065,100
3083,10:09:06,$ 3226.855,100
3084,10:09:04,$ 3229.31,100
3085,10:09:03,$ 3229.04,100
3086,10:08:58,$ 3229.46,100
3087,10:08:58,$ 3229.16,100
3088,10:08:57,$ 3229.46,100
3089,10:08:57,$ 3230.52,116
3090,10:08:54,$ 3230.502,"1,000"
3091,10:08:53,$ 3230.175,100
3092,10:08:48,$ 3230.51,"1,000"
3093,10:08:47,$ 3230.02,100
3094,10:08:46,$ 3230.00,100
3095,10:08:45,$ 3230.255,100
3096,10:08:45,$ 3230.24,100
3097,10:08:41,$ 3231.21,100
3098,10:08:35,$ 3231.025,100
3099,10:08:35,$ 3231.045,100
3100,10:08:35,$ 3231.075,100
3101,10:08:33,$ 3231.01,151
3103,10:08:33,$ 3231.06,100
3104,10:08:33,$ 3232.07,100
3105,10:08:18,$ 3231.7901,100
3106,10:08:18,$ 3232.39,100
3107,10:08:17,$ 3232.2495,121
3108,10:08:17,$ 3231.98,100
3109,10:08:17,$ 3231.805,200
3110,10:08:17,$ 3232.2399,100
3111,10:08:17,$ 3232.24,100
3112,10:08:10,$ 3232.00,100
3113,10:08:09,$ 3232.3004,"1,000"
3114,10:08:08,$ 3231.87,100
3115,10:08:08,$ 3231.87,100
3116,10:08:08,$ 3231.95,100
3117,10:08:05,$ 3231.86,100
3118,10:08:05,$ 3231.87,100
3119,10:08:05,$ 3231.86,100
3120,10:08:05,$ 3231.85,100
3121,10:08:04,$ 3231.89,100
3122,10:08:02,$ 3231.12,100
3124,10:08:01,$ 3231.845,100
3125,10:07:57,$ 3231.6129,309
3126,10:07:57,$ 3231.83,300
3127,10:07:57,$ 3232.10,100
3128,10:07:57,$ 3232.02,173
3129,10:07:57,$ 3232.09,100
3130,10:07:57,$ 3232.03,100
3131,10:07:57,$ 3232.04,100
3132,10:07:57,$ 3232.03,100
3133,10:07:57,$ 3232.095,100
3134,10:07:56,$ 3233.00,100
3135,10:07:56,$ 3233.09,100
3136,10:07:56,$ 3233.22,295
3137,10:07:54,$ 3233.43,100
3138,10:07:50,$ 3234.165,100
3139,10:07:50,$ 3234.44,100
3140,10:07:50,$ 3234.41,100
3141,10:07:48,$ 3234.445,100
3142,10:07:44,$ 3234.40,100
3143,10:07:44,$ 3234.40,100
3145,10:07:44,$ 3234.40,100
3146,10:07:44,$ 3234.40,100
3147,10:07:42,$ 3234.165,100
3148,10:07:42,$ 3234.52,100
3149,10:07:42,$ 3233.31,100
3150,10:07:42,$ 3233.99,100
3151,10:07:42,$ 3233.99,100
3152,10:07:41,$ 3234.165,100
3153,10:07:35,$ 3234.395,100
3154,10:07:35,$ 3234.385,100
3155,10:07:33,$ 3234.39,100
3156,10:07:33,$ 3234.39,100
3157,10:07:33,$ 3234.39,100
3158,10:07:33,$ 3233.76,100
3159,10:07:30,$ 3233.655,100
3160,10:07:27,$ 3234.5025,100
3161,10:07:24,$ 3233.95,100
3162,10:07:24,$ 3234.38,199
3163,10:07:22,$ 3235.41,100
3164,10:07:19,$ 3235.42,100
3166,10:07:19,$ 3235.41,100
3167,10:07:19,$ 3235.41,100
3168,10:07:19,$ 3235.42,100
3169,10:07:11,$ 3235.1224,400
3170,10:07:10,$ 3235.775,100
3171,10:07:08,$ 3235.99,100
3172,10:07:08,$ 3236.00,"1,000"
3173,10:07:08,$ 3236.00,100
3174,10:07:08,$ 3236.19,100
3175,10:07:08,$ 3236.19,100
3176,10:07:08,$ 3236.19,100
3177,10:07:03,$ 3235.37,100
3178,10:07:01,$ 3235.02,100
3179,10:07:01,$ 3235.02,100
3180,10:07:01,$ 3235.02,100
3181,10:07:01,$ 3235.88,100
3182,10:07:01,$ 3235.87,100
3183,10:07:01,$ 3235.87,100
3184,10:07:01,$ 3235.81,100
3185,10:06:48,$ 3236.8199,"2,001"
3187,10:06:28,$ 3235.02,100
3188,10:06:28,$ 3235.68,100
3189,10:06:24,$ 3236.725,100
3190,10:06:17,$ 3237.04,100
3191,10:06:15,$ 3236.27,100
3192,10:06:15,$ 3237.00,500
3193,10:06:15,$ 3237.00,150
3194,10:06:15,$ 3237.00,100
3195,10:06:12,$ 3237.577,100
3196,10:06:03,$ 3238.7576,100
3197,10:05:54,$ 3239.01,100
3198,10:05:54,$ 3239.77,100
3199,10:05:52,$ 3239.905,100
3200,10:05:52,$ 3239.24,200
3201,10:05:52,$ 3240.00,426
3202,10:05:52,$ 3240.00,300
3203,10:05:51,$ 3241.24,253
3204,10:05:43,$ 3241.2899,100
3205,10:05:30,$ 3241.37,100
3206,10:05:30,$ 3242.02,100
3208,10:05:15,$ 3242.2573,472
3209,10:05:15,$ 3241.24,100
3210,10:05:15,$ 3241.47,100
3211,10:05:15,$ 3241.47,100
3212,10:05:15,$ 3241.47,100
3213,10:05:15,$ 3241.47,202
3214,10:05:15,$ 3241.47,100
3215,10:05:15,$ 3241.47,100
3216,10:05:15,$ 3241.47,100
3217,10:05:15,$ 3241.466,100
3218,10:05:15,$ 3241.47,100
3219,10:05:15,$ 3241.47,100
3220,10:05:15,$ 3241.47,100
3221,10:05:15,$ 3241.47,100
3222,10:05:15,$ 3241.47,100
3223,10:05:15,$ 3241.47,100
3224,10:05:15,$ 3241.26,100
3225,10:05:10,$ 3240.66,100
3226,10:05:07,$ 3240.67,100
3227,10:05:03,$ 3240.56,100
3229,10:05:03,$ 3241.285,100
3230,10:05:03,$ 3241.285,100
3231,10:05:01,$ 3240.985,100
3232,10:04:59,$ 3242.105,100
3233,10:04:59,$ 3242.105,100
3234,10:04:59,$ 3241.66,100
3235,10:04:55,$ 3242.13,100
3236,10:04:55,$ 3242.41,100
3237,10:04:55,$ 3242.41,100
3238,10:04:55,$ 3242.12,100
3239,10:04:31,$ 3242.58,154
3240,10:04:31,$ 3242.41,100
3241,10:04:27,$ 3242.21,100
3242,10:04:21,$ 3241.235,100
3243,10:04:17,$ 3241.505,100
3244,10:04:08,$ 3241.01,100
3245,10:04:08,$ 3241.00,100
3246,10:04:08,$ 3241.78,100
3247,10:04:08,$ 3241.78,100
3248,10:04:00,$ 3241.93,100
3250,10:04:00,$ 3241.93,100
3251,10:03:53,$ 3241.1614,100
3252,10:03:44,$ 3240.98,100
3253,10:03:39,$ 3240.84,100
3254,10:03:39,$ 3240.82,100
3255,10:03:38,$ 3239.81,100
3256,10:03:34,$ 3240.13,100
3257,10:03:34,$ 3240.15,100
3258,10:03:34,$ 3240.15,100
3259,10:03:34,$ 3240.15,100
3260,10:03:31,$ 3239.67,100
3261,10:03:28,$ 3238.77,100
3262,10:03:17,$ 3240.00,126
3263,10:03:17,$ 3240.00,100
3264,10:03:17,$ 3240.00,100
3265,10:03:17,$ 3240.00,100
3266,10:03:17,$ 3240.00,100
3267,10:03:14,$ 3240.3125,100
3268,10:03:05,$ 3240.00,100
3269,10:02:59,$ 3238.61,100
3271,10:02:59,$ 3238.61,100
3272,10:02:59,$ 3238.815,100
3273,10:02:59,$ 3238.61,100
3274,10:02:59,$ 3238.94,100
3275,10:02:59,$ 3239.08,100
3276,10:02:54,$ 3239.47,100
3277,10:02:54,$ 3239.54,149
3278,10:02:41,$ 3238.36,100
3279,10:02:41,$ 3238.47,100
3280,10:02:41,$ 3238.47,100
3281,10:02:38,$ 3237.66,100
3282,10:02:38,$ 3237.66,100
3283,10:02:38,$ 3237.66,100
3284,10:02:37,$ 3237.90,100
3285,10:02:37,$ 3237.97,100
3286,10:02:30,$ 3238.32,100
3287,10:02:30,$ 3238.32,114
3288,10:02:27,$ 3237.955,100
3289,10:02:21,$ 3238.32,133
3290,10:02:13,$ 3237.51,100
3292,10:02:13,$ 3237.41,100
3293,10:02:10,$ 3238.3686,130
3294,10:02:06,$ 3237.905,140
3295,10:02:06,$ 3237.90,100
3296,10:02:05,$ 3237.3001,100
3297,10:02:00,$ 3237.1495,160
3298,10:02:00,$ 3237.11,100
3299,10:02:00,$ 3237.35,300
3300,10:02:00,$ 3237.11,100
3301,10:02:00,$ 3237.51,100
3302,10:02:00,$ 3237.0838,100
3303,10:02:00,$ 3237.11,100
3304,10:01:52,$ 3238.91,100
3305,10:01:48,$ 3239.28,100
3306,10:01:40,$ 3239.005,100
3307,10:01:31,$ 3239.235,100
3308,10:01:27,$ 3239.57,100
3309,10:01:13,$ 3239.55,100
3310,10:01:11,$ 3239.89,100
3311,10:00:53,$ 3240.13,100
3313,10:00:53,$ 3240.01,100
3314,10:00:53,$ 3240.00,168
3315,10:00:48,$ 3241.04,100
3316,10:00:45,$ 3241.06,100
3317,10:00:45,$ 3241.76,200
3318,10:00:41,$ 3241.075,100
3319,10:00:31,$ 3241.91,100
3320,10:00:25,$ 3240.60,100
3321,10:00:18,$ 3240.30,100
3322,10:00:15,$ 3241.22,100
3323,10:00:15,$ 3242.14,100
3324,10:00:14,$ 3242.14,550
3325,10:00:11,$ 3242.15,100
3326,10:00:11,$ 3242.10,100
3327,10:00:11,$ 3242.14,100
3328,10:00:07,$ 3241.09,100
3329,10:00:07,$ 3242.00,200
3330,10:00:05,$ 3240.985,100
3331,10:00:04,$ 3241.5819,225
3332,10:00:03,$ 3240.83,100
3334,10:00:01,$ 3241.20,100
3336,10:59:44,$ 3211.51,100
3337,10:59:40,$ 3211.689,100
3338,10:59:28,$ 3211.705,100
3339,10:59:27,$ 3211.96,100
3340,10:59:24,$ 3211.91,100
3341,10:59:17,$ 3211.78,100
3342,10:59:13,$ 3211.89,100
3343,10:59:10,$ 3211.27,100
3344,10:59:01,$ 3210.65,134
3345,10:59:01,$ 3210.80,100
3346,10:59:00,$ 3210.79,100
3347,10:59:00,$ 3210.79,100
3348,10:59:00,$ 3210.65,100
3349,10:59:00,$ 3210.65,200
3350,10:59:00,$ 3210.65,100
3351,10:58:59,$ 3210.375,100
3352,10:58:52,$ 3210.34,300
3353,10:58:52,$ 3210.63,100
3354,10:58:50,$ 3210.64,100
3355,10:58:50,$ 3210.65,100
3357,10:58:43,$ 3210.64,100
3358,10:58:43,$ 3210.64,100
3359,10:58:29,$ 3209.42,100
3360,10:58:21,$ 3209.19,100
3361,10:58:00,$ 3210.65,100
3362,10:57:37,$ 3209.815,118
3363,10:57:31,$ 3209.81,100
3364,10:57:30,$ 3209.805,100
3365,10:57:27,$ 3210.3531,100
3366,10:57:19,$ 3209.80,100
3367,10:57:19,$ 3209.99,100
3368,10:57:19,$ 3210.30,100
3369,10:57:11,$ 3209.41,100
3370,10:57:10,$ 3209.23,100
3371,10:57:10,$ 3209.23,100
3372,10:57:08,$ 3208.76,100
3373,10:57:08,$ 3209.06,100
3374,10:57:08,$ 3209.08,100
3375,10:57:08,$ 3209.08,100
3376,10:56:52,$ 3208.35,100
3378,10:56:51,$ 3208.22,100
3379,10:56:50,$ 3209.08,100
3380,10:56:50,$ 3208.91,100
3381,10:56:50,$ 3208.58,100
3382,10:56:29,$ 3208.05,100
3383,10:56:27,$ 3208.045,100
3384,10:56:24,$ 3208.62,100
3385,10:56:24,$ 3208.71,100
3386,10:56:16,$ 3209.00,300
3387,10:56:11,$ 3208.65,100
3388,10:55:56,$ 3209.05,100
3389,10:55:56,$ 3209.05,100
3390,10:55:56,$ 3209.20,100
3391,10:55:56,$ 3209.0027,100
3392,10:55:38,$ 3209.6689,160
3393,10:55:22,$ 3210.05,100
3394,10:55:22,$ 3209.70,100
3395,10:55:19,$ 3210.95,100
3396,10:55:19,$ 3210.00,100
3397,10:55:18,$ 3210.00,100
3399,10:55:18,$ 3209.61,100
3400,10:55:18,$ 3208.40,100
3401,10:55:10,$ 3207.655,311
3402,10:54:59,$ 3207.79,100
3403,10:54:56,$ 3207.65,100
3404,10:54:56,$ 3207.65,100
3405,10:54:56,$ 3207.65,100
3406,10:54:52,$ 3207.64,"1,100"
3407,10:54:52,$ 3207.64,"2,100"
3408,10:54:52,$ 3207.622,100
3409,10:54:52,$ 3207.639,100
3410,10:54:52,$ 3206.91,100
3411,10:54:52,$ 3206.87,100
3412,10:54:52,$ 3207.25,100
3413,10:54:52,$ 3206.91,100
3414,10:54:52,$ 3206.91,100
3415,10:54:48,$ 3207.00,100
3416,10:54:48,$ 3207.00,100
3417,10:54:33,$ 3207.7937,100
3418,10:54:28,$ 3208.1525,100
3420,10:54:27,$ 3208.30,200
3421,10:54:27,$ 3208.30,100
3422,10:54:27,$ 3208.0225,100
3423,10:54:13,$ 3208.57,100
3424,10:53:58,$ 3209.39,100
3425,10:53:44,$ 3211.15,100
3426,10:53:39,$ 3211.15,100
3427,10:53:28,$ 3210.465,100
3428,10:53:27,$ 3210.135,116
3429,10:53:26,$ 3210.535,100
3430,10:53:05,$ 3211.89,100
3431,10:53:05,$ 3211.89,100
3432,10:53:05,$ 3211.89,100
3433,10:52:58,$ 3212.09,100
3434,10:52:54,$ 3212.02,100
3435,10:52:53,$ 3212.7905,100
3436,10:52:39,$ 3211.63,100
3437,10:52:08,$ 3211.16,100
3438,10:52:05,$ 3211.645,100
3439,10:52:03,$ 3212.19,100
3441,10:52:01,$ 3210.94,100
3442,10:52:01,$ 3210.92,100
3443,10:52:00,$ 3211.37,116
3444,10:52:00,$ 3211.40,100
3445,10:52:00,$ 3211.50,100
3446,10:52:00,$ 3211.52,100
3447,10:52:00,$ 3211.3727,300
3448,10:52:00,$ 3211.40,100
3449,10:52:00,$ 3211.79,100
3450,10:52:00,$ 3211.79,100
3451,10:52:00,$ 3211.56,300
3452,10:51:58,$ 3212.20,100
3453,10:51:57,$ 3211.855,313
3454,10:51:52,$ 3211.98,100
3455,10:51:37,$ 3212.1983,250
3456,10:51:30,$ 3211.765,145
3457,10:51:30,$ 3211.2677,200
3458,10:51:25,$ 3211.00,100
3459,10:51:18,$ 3210.875,100
3460,10:51:15,$ 3210.52,200
3462,10:50:51,$ 3209.65,100
3463,10:50:51,$ 3209.65,100
3464,10:50:50,$ 3209.28,100
3465,10:50:32,$ 3208.5833,500
3466,10:50:27,$ 3208.775,100
3467,10:50:27,$ 3208.765,100
3468,10:50:24,$ 3207.89,100
3469,10:50:22,$ 3207.9055,280
3470,10:50:17,$ 3207.77,100
3471,10:50:17,$ 3207.73,100
3472,10:50:14,$ 3208.00,100
3473,10:50:01,$ 3207.675,100
3474,10:49:56,$ 3207.4751,100
3475,10:49:53,$ 3208.02,100
3476,10:49:52,$ 3208.02,100
3477,10:49:51,$ 3207.87,100
3478,10:49:48,$ 3207.86,100
3479,10:49:48,$ 3207.56,200
3480,10:49:44,$ 3207.0901,200
3481,10:49:40,$ 3207.86,100
3483,10:49:36,$ 3207.3825,100
3484,10:49:35,$ 3207.86,100
3485,10:49:35,$ 3206.1114,250
3486,10:49:29,$ 3207.86,100
3487,10:49:28,$ 3207.86,100
3488,10:49:19,$ 3207.86,100
3489,10:48:53,$ 3207.03,100
3490,10:48:53,$ 3207.04,100
3491,10:48:52,$ 3207.75,186
3492,10:48:28,$ 3208.12,200
3493,10:48:27,$ 3208.04,100
3494,10:48:24,$ 3207.76,100
3495,10:48:24,$ 3208.31,200
3496,10:48:24,$ 3207.751,271
3497,10:48:24,$ 3207.80,100
3498,10:48:16,$ 3208.34,100
3499,10:48:16,$ 3208.8899,100
3500,10:48:13,$ 3208.55,100
3501,10:48:11,$ 3208.762,100
3502,10:48:09,$ 3208.826,100
3504,10:47:54,$ 3208.185,100
3505,10:47:53,$ 3208.185,100
3506,10:47:47,$ 3207.5963,200
3507,10:47:38,$ 3207.655,100
3508,10:47:37,$ 3208.74,100
3509,10:47:37,$ 3208.63,100
3510,10:47:33,$ 3207.585,100
3511,10:47:32,$ 3207.92,100
3512,10:47:31,$ 3209.009,100
3513,10:47:31,$ 3208.22,100
3514,10:47:31,$ 3207.96,100
3515,10:47:31,$ 3207.91,100
3516,10:47:31,$ 3208.21,100
3517,10:47:31,$ 3208.23,100
3518,10:47:31,$ 3208.2038,200
3519,10:47:31,$ 3208.23,100
3520,10:47:30,$ 3209.09,366
3521,10:47:30,$ 3209.27,100
3522,10:47:26,$ 3209.91,100
3523,10:47:24,$ 3209.09,100
3525,10:47:19,$ 3209.848,100
3526,10:47:19,$ 3209.99,100
3527,10:47:19,$ 3209.80,100
3528,10:47:19,$ 3210.00,132
3529,10:47:19,$ 3210.00,342
3530,10:47:19,$ 3210.00,113
3531,10:47:19,$ 3210.00,100
3532,10:47:19,$ 3210.00,100
3533,10:47:19,$ 3210.00,100
3534,10:47:08,$ 3210.625,100
3535,10:47:08,$ 3210.798,100
3536,10:47:08,$ 3211.5616,369
3537,10:47:08,$ 3210.792,100
3538,10:47:08,$ 3211.1126,311
3539,10:46:59,$ 3210.2871,100
3540,10:46:35,$ 3211.57,100
3541,10:46:35,$ 3211.71,100
3542,10:46:12,$ 3211.76,100
3543,10:46:11,$ 3210.01,100
3544,10:46:10,$ 3211.98,100
3546,10:46:09,$ 3211.7561,"1,000"
3547,10:45:32,$ 3213.0869,115
3548,10:45:32,$ 3213.0869,630
3549,10:45:32,$ 3213.05,100
3550,10:45:12,$ 3212.48,100
3551,10:45:11,$ 3213.555,149
3552,10:45:10,$ 3213.00,100
3553,10:45:10,$ 3212.48,100
3554,10:45:10,$ 3212.48,200
3555,10:45:08,$ 3212.4717,700
3556,10:45:08,$ 3212.06,100
3557,10:44:52,$ 3212.34,170
3558,10:44:52,$ 3212.2538,250
3559,10:44:24,$ 3211.20,100
3560,10:44:21,$ 3211.13,100
3561,10:44:17,$ 3212.015,100
3562,10:44:11,$ 3212.395,100
3563,10:44:07,$ 3212.65,100
3564,10:44:01,$ 3212.84,100
3565,10:44:01,$ 3212.83,100
3567,10:43:50,$ 3214.88,100
3568,10:43:48,$ 3213.30,100
3569,10:43:48,$ 3212.54,100
3570,10:43:48,$ 3212.54,100
3571,10:43:36,$ 3212.08,100
3572,10:43:26,$ 3212.22,100
3573,10:43:26,$ 3212.22,100
3574,10:43:26,$ 3212.22,100
3575,10:43:21,$ 3211.53,100
3576,10:43:06,$ 3212.22,100
3577,10:43:03,$ 3212.22,100
3578,10:42:28,$ 3212.64,100
3579,10:42:15,$ 3213.46,100
3580,10:41:43,$ 3213.00,514
3581,10:41:25,$ 3213.165,100
3582,10:41:20,$ 3213.05,100
3583,10:41:20,$ 3213.08,100
3584,10:41:15,$ 3211.9058,150
3585,10:41:12,$ 3212.00,140
3586,10:41:10,$ 3213.52,100
3588,10:41:07,$ 3214.09,100
3589,10:41:07,$ 3213.46,100
3590,10:40:47,$ 3213.24,100
3591,10:40:36,$ 3213.315,100
3592,10:40:35,$ 3213.34,100
3593,10:40:30,$ 3213.20,200
3594,10:40:19,$ 3213.27,100
3595,10:40:05,$ 3213.10,100
3596,10:40:05,$ 3213.56,100
3597,10:40:05,$ 3213.565,100
3598,10:40:01,$ 3213.68,100
3599,10:40:01,$ 3213.68,100
3600,10:40:01,$ 3213.27,100
3601,10:40:01,$ 3213.00,147
3602,10:40:01,$ 3213.09,100
3603,10:39:51,$ 3213.705,100
3604,10:39:51,$ 3213.705,100
3605,10:39:50,$ 3213.71,100
3606,10:39:50,$ 3213.705,100
3607,10:39:41,$ 3214.05,100
3609,10:39:36,$ 3213.60,100
3610,10:39:35,$ 3213.8435,"1,000"
3611,10:39:33,$ 3214.335,100
3612,10:39:30,$ 3214.38,100
3613,10:39:27,$ 3214.25,100
3614,10:39:20,$ 3214.75,100
3615,10:39:19,$ 3214.75,109
3616,10:39:16,$ 3215.1992,400
3617,10:39:08,$ 3214.61,100
3618,10:39:01,$ 3215.24,100
3619,10:39:01,$ 3215.24,100
3620,10:39:01,$ 3215.26,100
3621,10:39:01,$ 3215.24,100
3622,10:39:01,$ 3215.26,100
3623,10:39:01,$ 3215.11,100
3624,10:39:01,$ 3215.22,100
3625,10:39:01,$ 3214.72,100
3626,10:38:55,$ 3215.00,100
3627,10:38:48,$ 3214.2898,100
3628,10:38:48,$ 3214.625,100
3630,10:38:40,$ 3214.58,300
3631,10:38:34,$ 3213.6914,100
3632,10:38:31,$ 3214.5932,100
3633,10:38:29,$ 3214.9999,100
3634,10:38:25,$ 3213.695,100
3635,10:38:25,$ 3213.685,100
3636,10:38:24,$ 3213.685,100
3637,10:38:21,$ 3213.76,100
3638,10:38:21,$ 3213.76,100
3639,10:38:21,$ 3213.76,400
3640,10:38:21,$ 3213.76,100
3641,10:38:21,$ 3213.76,100
3642,10:38:13,$ 3213.5144,300
3643,10:38:10,$ 3213.32,100
3644,10:38:08,$ 3213.27,100
3645,10:38:08,$ 3213.37,100
3646,10:38:07,$ 3213.76,100
3647,10:38:07,$ 3213.76,100
3648,10:38:07,$ 3213.76,100
3649,10:38:07,$ 3213.76,100
3651,10:38:02,$ 3212.882,100
3652,10:38:02,$ 3212.90,279
3653,10:38:02,$ 3212.76,670
3654,10:38:02,$ 3213.00,100
3655,10:38:00,$ 3213.33,100
3656,10:37:58,$ 3213.79,100
3657,10:37:55,$ 3213.59,100
3658,10:37:53,$ 3213.80,100
3659,10:37:53,$ 3213.5601,400
3660,10:37:53,$ 3213.82,100
3661,10:37:50,$ 3214.26,100
3662,10:37:49,$ 3214.24,100
3663,10:37:49,$ 3214.14,100
3664,10:37:48,$ 3214.26,100
3665,10:37:48,$ 3214.07,100
3666,10:37:48,$ 3214.07,100
3667,10:37:46,$ 3214.07,100
3668,10:37:46,$ 3214.07,100
3669,10:37:36,$ 3212.12,100
3670,10:37:33,$ 3212.98,100
3672,10:37:23,$ 3213.37,100
3673,10:37:21,$ 3213.65,100
3674,10:37:16,$ 3214.00,100
3675,10:37:11,$ 3214.81,100
3676,10:37:05,$ 3215.59,100
3677,10:37:02,$ 3216.04,163
3678,10:37:00,$ 3216.50,100
3679,10:36:59,$ 3216.95,100
3680,10:36:59,$ 3217.02,100
3681,10:36:46,$ 3216.41,200
3682,10:36:46,$ 3216.41,200
3683,10:36:44,$ 3216.45,100
3684,10:36:41,$ 3216.45,100
3685,10:36:35,$ 3217.13,100
3686,10:36:30,$ 3217.05,100
3687,10:36:30,$ 3218.91,100
3688,10:36:30,$ 3218.91,100
3689,10:36:30,$ 3217.2295,200
3690,10:36:30,$ 3217.08,100
3691,10:36:30,$ 3217.08,100
3693,10:36:30,$ 3217.08,100
3694,10:36:30,$ 3217.30,300
3695,10:36:30,$ 3217.0538,100
3696,10:36:30,$ 3218.00,100
3697,10:36:30,$ 3218.00,100
3698,10:36:30,$ 3218.00,200
3699,10:36:30,$ 3218.00,100
3700,10:36:30,$ 3218.00,100
3701,10:36:30,$ 3218.52,100
3702,10:36:08,$ 3219.00,100
3703,10:36:01,$ 3219.72,100
3704,10:36:01,$ 3219.67,100
3705,10:35:50,$ 3220.30,100
3706,10:35:50,$ 3220.33,100
3707,10:35:50,$ 3220.37,100
3708,10:35:50,$ 3220.40,100
3709,10:35:41,$ 3221.32,100
3710,10:35:30,$ 3221.29,100
3711,10:35:30,$ 3221.29,100
3712,10:35:30,$ 3221.29,100
3714,10:35:30,$ 3221.29,100
3715,10:35:30,$ 3221.29,100
3716,10:35:28,$ 3221.29,100
3717,10:35:28,$ 3221.29,100
3718,10:35:28,$ 3221.29,100
3719,10:35:28,$ 3221.29,100
3720,10:35:28,$ 3221.29,100
3721,10:35:27,$ 3221.15,100
3722,10:35:26,$ 3220.28,100
3723,10:35:26,$ 3220.32,100
3724,10:35:26,$ 3221.14,900
3725,10:35:25,$ 3221.14,"1,000"
3726,10:35:25,$ 3220.99,100
3727,10:35:25,$ 3221.04,100
3728,10:35:25,$ 3220.92,100
3729,10:35:25,$ 3220.34,100
3730,10:35:25,$ 3220.31,100
3731,10:35:25,$ 3220.34,100
3732,10:35:25,$ 3220.35,100
3733,10:35:25,$ 3220.37,100
3735,10:35:25,$ 3220.34,100
3736,10:35:25,$ 3220.37,100
3737,10:35:25,$ 3220.53,100
3738,10:35:25,$ 3220.31,100
3739,10:35:25,$ 3220.28,100
3740,10:35:19,$ 3219.34,100
3741,10:35:18,$ 3220.08,237
3742,10:35:18,$ 3220.08,163
3743,10:35:18,$ 3219.95,100
3744,10:35:14,$ 3220.83,100
3745,10:35:14,$ 3221.362,100
3746,10:34:54,$ 3220.26,100
3747,10:34:48,$ 3220.75,100
3748,10:34:47,$ 3221.63,100
3749,10:34:47,$ 3221.63,100
3750,10:34:37,$ 3221.82,100
3751,10:34:37,$ 3221.82,300
3752,10:34:37,$ 3221.80,400
3753,10:34:37,$ 3221.89,100
3754,10:34:37,$ 3222.245,100
3756,10:34:37,$ 3222.12,100
3757,10:34:37,$ 3222.11,100
3758,10:34:37,$ 3222.20,100
3759,10:34:35,$ 3222.485,100
3760,10:34:35,$ 3222.485,100
3761,10:34:33,$ 3222.13,100
3762,10:34:32,$ 3222.73,100
3763,10:34:32,$ 3222.73,200
3764,10:34:31,$ 3222.84,100
3765,10:34:15,$ 3222.675,100
3766,10:34:14,$ 3222.675,100
3767,10:34:01,$ 3223.45,100
3768,10:33:39,$ 3222.875,100
3769,10:33:36,$ 3223.288,100
3770,10:33:29,$ 3223.055,100
3771,10:33:17,$ 3223.4934,100
3772,10:33:15,$ 3223.58,100
3773,10:33:07,$ 3223.62,100
3774,10:33:04,$ 3224.21,100
3775,10:33:02,$ 3223.65,100
3777,10:32:58,$ 3223.98,100
3778,10:32:49,$ 3223.4584,191
3779,10:32:47,$ 3224.4499,100
3780,10:32:42,$ 3222.36,100
3781,10:32:41,$ 3222.36,100
3782,10:32:41,$ 3222.36,100
3783,10:32:41,$ 3222.36,100
3784,10:32:41,$ 3222.36,100
3785,10:32:30,$ 3221.43,100
3786,10:32:25,$ 3221.79,100
3787,10:32:18,$ 3221.60,100
3788,10:31:54,$ 3221.845,114
3789,10:31:48,$ 3221.51,100
3790,10:31:35,$ 3220.675,"1,000"
3791,10:31:32,$ 3220.02,100
3792,10:31:20,$ 3220.285,100
3793,10:31:18,$ 3219.9325,100
3794,10:31:18,$ 3219.865,300
3795,10:31:18,$ 3220.28,100
3796,10:31:16,$ 3219.63,"1,000"
3798,10:31:07,$ 3218.8412,100
3799,10:30:44,$ 3220.27,100
3800,10:30:44,$ 3220.27,100
3801,10:30:44,$ 3220.27,100
3802,10:30:40,$ 3219.665,100
3803,10:30:38,$ 3220.01,100
3804,10:30:37,$ 3219.1493,100
3805,10:30:23,$ 3219.715,100
3806,10:30:13,$ 3219.295,"1,000"
3807,10:30:09,$ 3219.00,250
3808,10:30:05,$ 3219.81,100
3809,10:30:05,$ 3219.7875,100
3811,11:29:53,$ 3205.84,100
3812,11:29:45,$ 3206.66,100
3813,11:29:45,$ 3206.42,100
3814,11:29:45,$ 3206.26,117
3815,11:29:45,$ 3206.24,100
3816,11:29:43,$ 3206.27,100
3817,11:29:43,$ 3206.27,100
3818,11:29:32,$ 3206.15,100
3819,11:29:32,$ 3206.15,100
3820,11:29:32,$ 3206.15,100
3821,11:29:32,$ 3206.15,100
3822,11:29:32,$ 3206.15,100
3823,11:29:31,$ 3205.99,485
3824,11:29:30,$ 3205.96,100
3825,11:29:29,$ 3205.96,100
3826,11:29:24,$ 3204.81,100
3827,11:29:24,$ 3204.81,100
3828,11:29:19,$ 3205.08,100
3829,11:29:19,$ 3205.00,250
3830,11:29:19,$ 3205.08,100
3832,11:29:19,$ 3205.21,100
3833,11:29:06,$ 3206.1069,462
3834,11:29:01,$ 3206.50,100
3835,11:28:45,$ 3206.855,100
3836,11:28:40,$ 3206.855,200
3837,11:28:37,$ 3206.71,400
3838,11:28:33,$ 3206.60,100
3839,11:28:33,$ 3206.59,271
3840,11:28:21,$ 3206.32,100
3841,11:28:21,$ 3206.08,100
3842,11:28:11,$ 3206.605,100
3843,11:28:10,$ 3206.00,100
3844,11:28:07,$ 3206.23,190
3845,11:28:06,$ 3206.03,100
3846,11:28:06,$ 3206.02,100
3847,11:28:06,$ 3206.22,100
3848,11:28:04,$ 3207.00,100
3849,11:28:00,$ 3207.01,100
3850,11:28:00,$ 3207.60,100
3851,11:28:00,$ 3207.00,100
3853,11:28:00,$ 3207.00,100
3854,11:27:54,$ 3207.45,172
3855,11:27:53,$ 3207.67,100
3856,11:27:53,$ 3207.67,100
3857,11:27:53,$ 3208.065,100
3858,11:27:46,$ 3207.87,100
3859,11:27:40,$ 3208.2225,100
3860,11:27:40,$ 3207.82,100
3861,11:27:40,$ 3207.80,100
3862,11:27:40,$ 3207.66,100
3863,11:27:40,$ 3207.84,100
3864,11:27:40,$ 3208.57,100
3865,11:27:39,$ 3208.10,100
3866,11:27:39,$ 3207.64,100
