,NLS Time (ET),NLS Price,NLS Share Volume
1,09:59:57,$ 3312.35,100
2,09:59:57,$ 3313.01,100
3,09:59:56,$ 3313.07,100
4,09:59:56,$ 3313.03,100
5,09:59:56,$ 3313.03,100
6,09:59:56,$ 3313.72,100
7,09:59:56,$ 3313.67,100
8,09:59:53,$ 3314.03,100
9,09:59:52,$ 3314.83,100
10,09:59:51,$ 3314.78,100
11,09:59:51,$ 3315.025,100
12,09:59:51,$ 3314.80,100
13,09:59:51,$ 3314.93,100
14,09:59:50,$ 3315.00,100
15,09:59:50,$ 3315.00,100
16,09:59:49,$ 3315.36,100
17,09:59:47,$ 3316.23,100
18,09:59:47,$ 3316.49,100
19,09:59:47,$ 3316.47,100
20,09:59:31,$ 3317.585,100
22,09:59:25,$ 3318.59,100
23,09:59:08,$ 3317.325,133
24,09:58:55,$ 3318.4899,100
25,09:58:54,$ 3318.04,116
26,09:58:42,$ 3318.30,100
27,09:58:42,$ 3318.30,100
28,09:58:42,$ 3317.445,100
29,09:58:27,$ 3318.00,351
30,09:58:03,$ 3317.90,100
31,09:58:03,$ 3317.90,100
32,09:57:36,$ 3316.88,100
33,09:57:36,$ 3316.88,115
34,09:57:36,$ 3316.18,100
35,09:57:36,$ 3316.18,100
36,09:57:36,$ 3316.04,100
37,09:57:36,$ 3316.19,100
38,09:57:36,$ 3316.02,100
39,09:57:36,$ 3315.1148,150
40,09:57:36,$ 3315.595,100
41,09:57:28,$ 3316.00,900
43,09:57:28,$ 3316.00,100
44,09:57:16,$ 3317.0701,100
45,09:57:15,$ 3317.07,100
46,09:57:13,$ 3317.68,100
47,09:57:13,$ 3317.546,100
48,09:57:12,$ 3317.21,141
49,09:57:09,$ 3316.75,100
50,09:57:09,$ 3316.89,100
51,09:57:09,$ 3316.89,100
52,09:57:09,$ 3317.24,101
53,09:57:09,$ 3316.74,102
54,09:57:09,$ 3316.79,100
55,09:57:03,$ 3316.74,100
56,09:57:03,$ 3317.01,100
57,09:57:03,$ 3317.71,100
58,09:56:58,$ 3318.34,100
59,09:56:58,$ 3318.56,100
60,09:56:58,$ 3318.56,100
61,09:56:58,$ 3318.56,100
62,09:56:58,$ 3318.58,100
64,09:56:28,$ 3317.49,100
65,09:56:21,$ 3317.71,100
66,09:56:12,$ 3318.1446,111
67,09:55:58,$ 3318.55,100
68,09:55:56,$ 3319.16,100
69,09:55:31,$ 3320.40,100
70,09:55:31,$ 3320.46,100
71,09:55:11,$ 3320.96,220
72,09:55:11,$ 3319.94,100
73,09:55:11,$ 3319.74,100
74,09:55:02,$ 3320.00,100
75,09:54:52,$ 3320.72,100
76,09:54:39,$ 3317.43,100
77,09:54:39,$ 3317.40,100
78,09:54:35,$ 3316.805,100
79,09:54:33,$ 3317.47,100
80,09:54:28,$ 3317.70,100
81,09:54:14,$ 3319.81,100
82,09:54:11,$ 3320.60,100
83,09:54:08,$ 3319.75,100
85,09:54:04,$ 3319.00,100
86,09:53:56,$ 3317.67,100
87,09:53:54,$ 3318.49,100
88,09:53:53,$ 3317.56,100
89,09:53:51,$ 3316.90,100
90,09:53:50,$ 3317.00,100
91,09:53:50,$ 3317.5387,213
92,09:53:25,$ 3317.00,106
93,09:53:25,$ 3317.20,100
94,09:53:25,$ 3317.20,100
95,09:53:18,$ 3318.19,100
96,09:53:14,$ 3317.20,100
97,09:52:51,$ 3316.66,100
98,09:52:51,$ 3316.66,100
99,09:52:51,$ 3317.30,100
100,09:52:51,$ 3317.40,100
101,09:52:51,$ 3317.35,100
102,09:52:51,$ 3317.71,100
103,09:52:51,$ 3317.28,100
104,09:52:51,$ 3317.28,100
106,09:52:51,$ 3317.28,300
107,09:52:47,$ 3316.72,133
108,09:52:30,$ 3316.81,100
109,09:52:28,$ 3317.49,100
110,09:52:27,$ 3318.06,100
111,09:52:11,$ 3318.979,286
112,09:52:10,$ 3318.21,100
113,09:52:06,$ 3318.2373,500
114,09:52:06,$ 3318.32,118
115,09:52:06,$ 3318.83,100
116,09:51:57,$ 3318.09,100
117,09:51:55,$ 3318.00,100
118,09:51:46,$ 3317.39,200
119,09:51:44,$ 3317.09,100
120,09:51:40,$ 3315.1301,100
121,09:51:40,$ 3315.1301,100
122,09:51:37,$ 3317.35,100
123,09:51:37,$ 3317.325,100
124,09:51:35,$ 3317.16,100
125,09:51:30,$ 3315.95,100
127,09:51:29,$ 3315.4234,100
128,09:51:26,$ 3315.79,100
129,09:51:19,$ 3314.14,100
130,09:51:19,$ 3314.14,100
131,09:51:10,$ 3312.95,100
132,09:51:05,$ 3312.11,100
133,09:51:04,$ 3312.03,100
134,09:51:04,$ 3312.03,100
135,09:51:03,$ 3312.40,100
136,09:51:03,$ 3312.38,100
137,09:51:03,$ 3311.43,100
138,09:51:03,$ 3312.705,100
139,09:51:03,$ 3312.705,100
140,09:51:02,$ 3312.82,100
141,09:51:02,$ 3312.82,100
142,09:51:02,$ 3312.94,122
143,09:51:02,$ 3312.94,100
144,09:50:58,$ 3312.635,100
145,09:50:56,$ 3312.41,100
146,09:50:55,$ 3312.00,104
148,09:50:55,$ 3312.00,101
149,09:50:42,$ 3313.07,200
150,09:50:42,$ 3313.41,100
151,09:50:37,$ 3313.39,100
152,09:50:37,$ 3313.41,100
153,09:50:18,$ 3313.53,100
154,09:50:15,$ 3312.61,100
155,09:50:15,$ 3313.58,100
156,09:50:14,$ 3313.00,100
157,09:50:14,$ 3313.605,100
158,09:50:09,$ 3313.57,"1,000"
159,09:50:08,$ 3313.565,200
160,09:49:59,$ 3313.07,100
161,09:49:56,$ 3313.01,100
162,09:49:55,$ 3313.575,200
163,09:49:54,$ 3313.53,100
164,09:49:52,$ 3313.1306,100
165,09:49:52,$ 3314.11,100
166,09:49:52,$ 3314.11,100
167,09:49:51,$ 3313.72,100
169,09:49:48,$ 3313.545,100
170,09:49:41,$ 3313.00,100
171,09:49:41,$ 3313.00,100
172,09:49:38,$ 3313.23,100
173,09:49:34,$ 3314.1094,100
174,09:49:33,$ 3314.00,100
175,09:49:33,$ 3314.82,100
176,09:49:20,$ 3314.845,100
177,09:49:17,$ 3316.21,100
178,09:49:17,$ 3316.17,100
179,09:49:17,$ 3316.05,"1,789"
180,09:49:17,$ 3316.05,153
181,09:49:09,$ 3315.47,100
182,09:49:03,$ 3315.00,100
183,09:49:03,$ 3315.84,100
184,09:49:02,$ 3316.00,100
185,09:49:02,$ 3315.63,100
186,09:48:58,$ 3317.1799,600
187,09:48:54,$ 3316.73,100
188,09:48:54,$ 3316.12,500
190,09:48:46,$ 3316.17,100
191,09:48:46,$ 3315.33,100
192,09:48:38,$ 3314.91,100
193,09:48:38,$ 3314.89,100
194,09:48:35,$ 3314.80,100
195,09:48:33,$ 3314.41,100
196,09:48:24,$ 3316.39,100
197,09:48:22,$ 3316.87,100
198,09:48:22,$ 3316.89,100
199,09:48:22,$ 3316.89,100
200,09:48:20,$ 3317.17,100
201,09:48:20,$ 3315.90,100
202,09:48:20,$ 3315.90,100
203,09:48:20,$ 3315.85,100
204,09:48:16,$ 3315.94,390
205,09:47:54,$ 3316.20,100
206,09:47:54,$ 3316.20,100
207,09:47:37,$ 3316.36,135
208,09:47:24,$ 3316.2235,100
209,09:47:21,$ 3315.4334,300
211,09:47:16,$ 3315.94,100
212,09:47:15,$ 3315.70,100
213,09:47:15,$ 3315.93,100
214,09:47:09,$ 3315.98,199
215,09:47:05,$ 3317.3599,100
216,09:46:57,$ 3317.1469,200
217,09:46:51,$ 3314.2396,164
218,09:46:51,$ 3315.15,100
219,09:46:51,$ 3315.15,100
220,09:46:50,$ 3315.54,100
221,09:46:50,$ 3315.475,100
222,09:46:46,$ 3316.5952,100
223,09:46:46,$ 3314.77,100
224,09:46:46,$ 3314.77,100
225,09:46:45,$ 3313.8969,100
226,09:46:33,$ 3313.985,300
227,09:46:31,$ 3314.6374,100
228,09:46:29,$ 3315.5324,100
229,09:46:22,$ 3315.67,100
230,09:46:17,$ 3315.56,100
232,09:46:13,$ 3315.00,100
233,09:46:06,$ 3316.2882,140
234,09:45:58,$ 3315.18,100
235,09:45:57,$ 3314.87,100
236,09:45:57,$ 3314.92,100
237,09:45:57,$ 3315.00,100
238,09:45:57,$ 3314.325,100
239,09:45:52,$ 3314.466,100
240,09:45:49,$ 3314.41,200
241,09:45:37,$ 3315.18,200
242,09:45:37,$ 3314.685,400
243,09:45:34,$ 3314.485,100
244,09:45:32,$ 3314.6243,100
245,09:45:26,$ 3313.86,300
246,09:45:26,$ 3314.18,100
247,09:45:26,$ 3314.10,100
248,09:45:26,$ 3315.00,108
249,09:45:26,$ 3315.00,646
250,09:45:26,$ 3315.00,100
251,09:45:26,$ 3315.00,"1,000"
253,09:45:22,$ 3315.05,100
254,09:45:21,$ 3315.05,100
255,09:45:19,$ 3316.00,100
256,09:45:18,$ 3317.14,100
257,09:45:18,$ 3316.88,100
258,09:45:18,$ 3316.88,100
259,09:45:17,$ 3317.02,100
260,09:45:08,$ 3317.985,100
261,09:45:08,$ 3317.995,100
262,09:45:03,$ 3319.43,100
263,09:45:01,$ 3318.51,100
264,09:44:48,$ 3320.00,157
265,09:44:46,$ 3319.99,200
266,09:44:45,$ 3319.13,100
267,09:44:38,$ 3319.92,100
268,09:44:35,$ 3319.98,100
269,09:44:27,$ 3318.11,100
270,09:44:25,$ 3319.44,100
271,09:44:18,$ 3318.74,100
272,09:44:18,$ 3319.40,100
274,09:44:09,$ 3319.40,100
275,09:43:57,$ 3319.7725,100
276,09:43:50,$ 3320.00,100
277,09:43:50,$ 3320.03,100
278,09:43:39,$ 3321.4114,130
279,09:43:35,$ 3320.90,125
280,09:43:32,$ 3320.21,100
281,09:43:29,$ 3320.10,100
282,09:43:26,$ 3319.50,400
283,09:43:17,$ 3320.07,100
284,09:43:12,$ 3320.00,100
285,09:43:12,$ 3320.00,100
286,09:43:12,$ 3320.00,157
287,09:43:12,$ 3320.00,100
288,09:43:12,$ 3320.00,100
289,09:43:12,$ 3320.20,100
290,09:43:11,$ 3320.3576,100
291,09:43:10,$ 3320.20,100
292,09:43:10,$ 3320.36,100
293,09:43:09,$ 3320.27,100
295,09:43:09,$ 3320.20,100
296,09:43:07,$ 3320.35,100
297,09:43:07,$ 3320.50,102
298,09:43:07,$ 3320.25,119
299,09:43:07,$ 3320.74,100
300,09:43:02,$ 3321.25,178
301,09:42:58,$ 3321.80,100
302,09:42:58,$ 3321.79,100
303,09:42:58,$ 3321.79,100
304,09:42:58,$ 3321.79,100
305,09:42:58,$ 3321.79,200
306,09:42:53,$ 3322.00,100
307,09:42:53,$ 3322.00,300
308,09:42:53,$ 3322.67,859
309,09:42:44,$ 3322.87,100
310,09:42:44,$ 3322.99,100
311,09:41:53,$ 3322.80,100
312,09:41:49,$ 3322.37,100
313,09:41:34,$ 3323.9299,200
314,09:41:32,$ 3322.00,100
316,09:41:32,$ 3322.00,100
317,09:41:32,$ 3322.00,100
318,09:41:31,$ 3322.00,100
319,09:41:31,$ 3322.00,100
320,09:41:25,$ 3323.5573,100
321,09:41:23,$ 3323.6921,300
322,09:41:08,$ 3324.75,100
323,09:41:08,$ 3324.74,100
324,09:41:08,$ 3324.29,100
325,09:41:08,$ 3324.73,100
326,09:40:57,$ 3327.91,100
327,09:40:57,$ 3327.46,100
328,09:40:57,$ 3327.91,100
329,09:40:47,$ 3327.395,150
330,09:40:44,$ 3329.335,150
331,09:40:38,$ 3328.315,100
332,09:40:34,$ 3327.64,193
333,09:40:17,$ 3326.87,100
334,09:40:17,$ 3326.91,100
335,09:40:16,$ 3326.01,100
337,09:40:16,$ 3326.99,100
338,09:40:06,$ 3325.62,100
339,09:40:01,$ 3325.83,100
340,09:39:51,$ 3325.10,100
341,09:39:44,$ 3325.85,100
342,09:39:44,$ 3325.89,100
343,09:39:44,$ 3325.81,116
344,09:39:44,$ 3326.35,100
345,09:39:35,$ 3326.00,300
346,09:39:35,$ 3326.00,200
347,09:39:31,$ 3325.8099,100
348,09:39:30,$ 3324.99,100
349,09:39:21,$ 3324.99,100
350,09:39:02,$ 3324.92,100
351,09:39:02,$ 3325.00,100
352,09:39:02,$ 3324.00,115
353,09:39:02,$ 3324.00,115
354,09:39:02,$ 3323.655,100
355,09:39:02,$ 3324.01,100
356,09:39:02,$ 3324.01,100
358,09:39:02,$ 3324.01,100
359,09:39:00,$ 3324.05,100
360,09:38:50,$ 3324.95,200
361,09:38:50,$ 3324.03,100
362,09:38:42,$ 3324.05,600
363,09:38:42,$ 3324.28,100
364,09:38:31,$ 3325.8054,100
365,09:38:26,$ 3324.90,100
366,09:38:21,$ 3324.92,100
367,09:38:14,$ 3326.01,100
368,09:38:14,$ 3326.00,170
369,09:38:14,$ 3326.00,222
370,09:38:14,$ 3326.03,100
371,09:38:14,$ 3326.03,100
372,09:38:14,$ 3324.99,100
373,09:38:14,$ 3325.00,100
374,09:38:07,$ 3325.51,100
375,09:38:04,$ 3324.9675,100
376,09:38:03,$ 3326.00,100
377,09:38:03,$ 3326.00,100
379,09:38:03,$ 3326.00,100
380,09:38:03,$ 3325.99,100
381,09:38:03,$ 3325.99,100
382,09:38:03,$ 3325.56,100
383,09:38:03,$ 3325.95,100
384,09:38:03,$ 3325.12,100
385,09:38:03,$ 3325.99,100
386,09:38:02,$ 3325.97,100
387,09:38:02,$ 3325.94,100
388,09:38:02,$ 3325.94,100
389,09:38:02,$ 3326.00,100
390,09:38:02,$ 3326.00,100
391,09:38:02,$ 3325.95,100
392,09:38:02,$ 3325.88,100
393,09:38:02,$ 3325.95,100
394,09:38:02,$ 3325.94,100
395,09:38:02,$ 3325.975,100
396,09:38:02,$ 3325.45,100
397,09:38:02,$ 3325.3491,100
398,09:37:56,$ 3325.0396,132
400,09:37:56,$ 3325.0397,106
401,09:37:54,$ 3324.45,100
402,09:37:54,$ 3323.70,100
403,09:37:54,$ 3323.62,100
404,09:37:54,$ 3324.31,100
405,09:37:54,$ 3324.33,100
406,09:37:54,$ 3324.43,100
407,09:37:54,$ 3324.43,100
408,09:37:54,$ 3324.44,100
409,09:37:54,$ 3324.45,100
410,09:37:54,$ 3324.45,200
411,09:37:51,$ 3323.90,100
412,09:37:51,$ 3323.45,100
413,09:37:47,$ 3323.46,"1,000"
414,09:37:38,$ 3322.19,106
415,09:37:38,$ 3322.19,100
416,09:37:38,$ 3322.19,100
417,09:37:30,$ 3321.8073,128
418,09:37:29,$ 3322.05,100
419,09:37:24,$ 3322.18,100
421,09:37:24,$ 3322.41,100
422,09:37:24,$ 3322.40,100
423,09:37:23,$ 3322.9853,200
424,09:37:22,$ 3323.10,100
425,09:37:22,$ 3323.10,100
426,09:37:21,$ 3322.2997,150
427,09:37:16,$ 3321.01,100
428,09:37:14,$ 3321.54,100
429,09:37:14,$ 3322.595,100
430,09:37:14,$ 3321.30,100
431,09:37:14,$ 3321.0188,200
432,09:37:14,$ 3321.705,100
433,09:37:05,$ 3323.27,100
434,09:37:05,$ 3322.12,200
435,09:37:05,$ 3322.11,100
436,09:37:04,$ 3323.00,100
437,09:37:03,$ 3323.565,100
438,09:37:02,$ 3324.15,100
439,09:37:02,$ 3324.20,100
440,09:37:02,$ 3324.965,125
442,09:37:02,$ 3324.02,100
443,09:37:02,$ 3324.00,100
444,09:36:58,$ 3325.79,300
445,09:36:55,$ 3326.815,100
446,09:36:55,$ 3326.90,100
447,09:36:55,$ 3326.91,100
448,09:36:54,$ 3325.58,100
449,09:36:54,$ 3325.66,100
450,09:36:37,$ 3324.34,100
451,09:36:36,$ 3324.39,100
452,09:36:31,$ 3325.31,100
453,09:36:31,$ 3325.36,105
454,09:36:27,$ 3324.69,100
455,09:36:19,$ 3324.1801,100
456,09:36:17,$ 3325.78,100
457,09:36:16,$ 3325.83,100
458,09:36:02,$ 3325.34,100
459,09:36:02,$ 3324.73,101
460,09:36:02,$ 3325.00,100
461,09:36:02,$ 3325.00,100
463,09:36:01,$ 3326.99,612
464,09:36:01,$ 3326.0001,200
465,09:35:56,$ 3327.97,100
466,09:35:56,$ 3327.62,100
467,09:35:53,$ 3327.905,100
468,09:35:52,$ 3328.06,100
469,09:35:52,$ 3328.02,100
470,09:35:52,$ 3328.03,100
471,09:35:49,$ 3328.69,100
472,09:35:49,$ 3328.69,193
473,09:35:49,$ 3328.68,130
474,09:35:49,$ 3328.65,100
475,09:35:45,$ 3329.59,115
476,09:35:38,$ 3332.00,583
477,09:35:34,$ 3333.19,100
478,09:35:33,$ 3331.59,100
479,09:35:33,$ 3331.60,100
480,09:35:33,$ 3331.44,100
481,09:35:32,$ 3331.63,200
482,09:35:24,$ 3331.495,100
484,09:35:21,$ 3332.48,100
485,09:35:19,$ 3332.44,227
486,09:35:16,$ 3333.45,100
487,09:35:13,$ 3333.44,100
488,09:35:13,$ 3332.86,100
489,09:35:02,$ 3332.22,100
490,09:35:00,$ 3332.74,100
491,09:35:00,$ 3332.1601,800
492,09:34:59,$ 3332.8002,200
493,09:34:54,$ 3334.01,100
494,09:34:54,$ 3334.01,100
495,09:34:42,$ 3334.00,100
496,09:34:36,$ 3334.335,100
497,09:34:33,$ 3335.05,100
498,09:34:28,$ 3335.47,100
499,09:34:19,$ 3337.70,100
500,09:34:14,$ 3336.7016,234
501,09:34:14,$ 3337.10,100
502,09:34:14,$ 3337.10,100
503,09:34:13,$ 3336.26,100
505,09:34:13,$ 3336.25,100
506,09:34:12,$ 3336.80,100
507,09:34:12,$ 3335.94,100
508,09:34:12,$ 3335.94,100
509,09:34:10,$ 3335.93,100
510,09:34:10,$ 3335.06,167
511,09:34:10,$ 3335.07,100
512,09:34:10,$ 3335.06,116
513,09:34:09,$ 3336.98,100
514,09:34:06,$ 3333.99,180
515,09:34:05,$ 3333.99,100
516,09:34:05,$ 3333.97,193
517,09:34:05,$ 3333.86,100
518,09:34:05,$ 3333.97,107
519,09:34:05,$ 3333.98,100
520,09:34:04,$ 3332.80,100
521,09:34:04,$ 3333.00,350
522,09:34:04,$ 3332.00,100
523,09:34:04,$ 3332.00,162
524,09:34:04,$ 3331.84,100
526,09:34:04,$ 3332.00,138
527,09:33:59,$ 3331.5723,100
528,09:33:56,$ 3331.00,100
529,09:33:45,$ 3330.91,100
530,09:33:41,$ 3330.80,170
531,09:33:40,$ 3329.61,100
532,09:33:40,$ 3329.70,100
533,09:33:32,$ 3330.075,100
534,09:33:29,$ 3329.9894,"1,002"
535,09:33:27,$ 3330.00,105
536,09:33:27,$ 3329.69,200
537,09:33:18,$ 3328.68,300
538,09:33:03,$ 3329.8698,"2,809"
539,09:33:03,$ 3329.8698,106
540,09:33:03,$ 3329.95,200
541,09:33:03,$ 3329.95,136
542,09:33:03,$ 3329.93,100
543,09:33:03,$ 3329.95,100
544,09:33:03,$ 3329.65,100
545,09:33:03,$ 3329.96,214
547,09:33:03,$ 3329.942,100
548,09:33:03,$ 3329.95,200
549,09:33:03,$ 3329.95,180
550,09:33:03,$ 3329.92,100
551,09:33:03,$ 3329.61,100
552,09:33:02,$ 3327.85,100
553,09:33:02,$ 3327.90,100
554,09:32:50,$ 3326.00,100
555,09:32:47,$ 3325.89,100
556,09:32:36,$ 3328.00,100
557,09:32:33,$ 3326.50,100
558,09:32:32,$ 3327.31,100
559,09:32:32,$ 3327.31,100
560,09:32:31,$ 3325.0001,100
561,09:32:23,$ 3327.145,100
562,09:32:23,$ 3328.02,100
563,09:32:21,$ 3329.00,100
564,09:32:21,$ 3329.00,100
565,09:32:21,$ 3329.00,100
566,09:32:21,$ 3329.00,100
568,09:32:21,$ 3329.00,100
569,09:32:21,$ 3329.00,100
570,09:32:21,$ 3329.00,498
571,09:32:21,$ 3329.01,100
572,09:32:21,$ 3329.00,154
573,09:32:05,$ 3331.33,100
574,09:32:03,$ 3330.225,100
575,09:32:02,$ 3330.44,268
576,09:32:02,$ 3330.44,102
577,09:31:58,$ 3331.00,102
578,09:31:58,$ 3330.95,100
579,09:31:57,$ 3330.95,100
580,09:31:52,$ 3329.23,100
581,09:31:52,$ 3330.30,100
582,09:31:49,$ 3330.00,100
583,09:31:49,$ 3328.995,100
584,09:31:49,$ 3329.71,100
585,09:31:37,$ 3329.27,583
586,09:31:37,$ 3329.27,100
587,09:31:33,$ 3329.2997,237
589,09:31:31,$ 3329.6694,100
590,09:31:31,$ 3330.11,100
591,09:31:31,$ 3330.16,100
592,09:31:31,$ 3330.16,100
593,09:31:31,$ 3330.16,100
594,09:31:31,$ 3330.16,100
595,09:31:31,$ 3330.16,300
596,09:31:29,$ 3329.33,100
597,09:31:29,$ 3329.95,100
598,09:31:27,$ 3328.46,150
599,09:31:24,$ 3330.99,100
600,09:31:22,$ 3328.26,100
601,09:31:22,$ 3328.16,100
602,09:31:22,$ 3328.24,100
603,09:31:22,$ 3328.21,100
604,09:31:12,$ 3330.79,100
605,09:31:12,$ 3330.9999,150
606,09:31:11,$ 3328.95,100
607,09:31:11,$ 3329.00,100
608,09:31:11,$ 3329.00,100
610,09:31:11,$ 3329.00,100
611,09:31:11,$ 3328.90,100
612,09:31:11,$ 3328.92,100
613,09:31:11,$ 3328.81,100
614,09:31:08,$ 3327.7296,200
615,09:31:06,$ 3329.38,100
616,09:31:05,$ 3328.86,100
617,09:31:05,$ 3328.87,100
618,09:31:05,$ 3328.86,100
619,09:31:05,$ 3329.63,196
620,09:30:57,$ 3327.99,100
621,09:30:57,$ 3327.44,100
622,09:30:53,$ 3327.00,289
623,09:30:53,$ 3327.00,271
624,09:30:53,$ 3326.98,133
625,09:30:53,$ 3326.62,100
626,09:30:47,$ 3326.99,100
627,09:30:41,$ 3327.00,165
628,09:30:40,$ 3327.99,100
629,09:30:40,$ 3328.00,100
631,09:30:30,$ 3328.055,100
632,09:30:28,$ 3329.47,100
633,09:30:28,$ 3329.47,100
634,09:30:28,$ 3329.46,100
635,09:30:28,$ 3329.48,100
636,09:30:28,$ 3329.87,100
637,09:30:28,$ 3329.72,100
638,09:30:26,$ 3329.63,115
639,09:30:26,$ 3329.862,200
640,09:30:23,$ 3330.98,100
641,09:30:23,$ 3329.87,100
642,09:30:23,$ 3330.72,100
643,09:30:23,$ 3330.75,100
644,09:30:23,$ 3328.38,141
645,09:30:23,$ 3328.40,100
646,09:30:22,$ 3329.61,100
647,09:30:18,$ 3329.43,148
648,09:30:18,$ 3329.43,100
649,09:30:18,$ 3329.43,100
650,09:30:17,$ 3328.88,100
652,09:30:17,$ 3329.38,100
653,09:30:13,$ 3331.49,100
654,09:30:13,$ 3331.49,100
655,09:30:13,$ 3331.49,100
656,09:30:09,$ 3332.40,100
657,09:30:09,$ 3332.525,100
658,09:30:08,$ 3332.60,100
659,09:30:08,$ 3332.60,250
660,09:30:08,$ 3332.33,100
661,09:30:08,$ 3331.60,100
662,09:30:08,$ 3331.98,100
663,09:30:08,$ 3331.97,100
664,09:30:07,$ 3332.00,900
665,09:30:06,$ 3331.148,300
666,09:30:06,$ 3331.75,100
667,09:30:06,$ 3331.705,100
668,09:30:05,$ 3330.55,200
669,09:30:05,$ 3331.11,100
670,09:30:05,$ 3331.00,300
671,09:30:04,$ 3331.09,100
673,09:30:04,$ 3331.05,100
674,09:30:04,$ 3330.97,100
675,09:30:03,$ 3331.00,100
676,09:30:03,$ 3331.05,116
677,09:30:03,$ 3331.05,159
678,09:30:02,$ 3330.75,119
679,09:30:02,$ 3330.75,189
680,09:30:02,$ 3330.75,6
681,09:30:02,$ 3330.75,30
682,09:30:02,$ 3330.75,18
683,09:30:02,$ 3330.75,1
684,09:30:02,$ 3330.75,2
685,09:30:02,$ 3330.75,1
686,09:30:02,$ 3330.75,1
687,09:30:02,$ 3330.75,9
688,09:30:02,$ 3330.75,7
689,09:30:02,$ 3330.75,4
690,09:30:02,$ 3330.75,5
691,09:30:02,$ 3330.75,7
692,09:30:02,$ 3330.75,7
694,09:30:02,$ 3330.75,6
695,09:30:02,$ 3330.75,1
696,09:30:02,$ 3330.75,3
697,09:30:02,$ 3330.75,1
698,09:30:02,$ 3330.75,204
699,09:30:02,$ 3330.75,23
700,09:30:02,$ 3330.75,1
701,09:30:02,$ 3330.75,8
702,09:30:02,$ 3330.75,3
703,09:30:02,$ 3330.75,1
704,09:30:02,$ 3330.75,1
705,09:30:02,$ 3330.75,5
706,09:30:02,$ 3330.75,9
707,09:30:02,$ 3330.75,262
708,09:30:02,$ 3330.75,1
709,09:30:02,$ 3330.75,1
710,09:30:02,$ 3330.75,4
711,09:30:02,$ 3330.75,1
712,09:30:02,$ 3330.75,3
713,09:30:02,$ 3330.75,2
715,09:30:02,$ 3330.75,3
716,09:30:02,$ 3330.75,18
717,09:30:02,$ 3330.75,3
718,09:30:02,$ 3330.75,11
719,09:30:02,$ 3330.75,10
720,09:30:02,$ 3330.75,12
721,09:30:02,$ 3330.75,2
722,09:30:02,$ 3330.75,2
723,09:30:02,$ 3330.75,2
724,09:30:02,$ 3330.75,1
725,09:30:02,$ 3330.75,1
726,09:30:02,$ 3330.75,2
727,09:30:02,$ 3330.75,8
728,09:30:02,$ 3330.75,20
729,09:30:02,$ 3330.75,11
730,09:30:02,$ 3330.75,2
731,09:30:02,$ 3330.75,1
732,09:30:02,$ 3330.75,10
733,09:30:02,$ 3330.75,2
734,09:30:02,$ 3330.75,30
736,09:30:02,$ 3330.75,5
737,09:30:02,$ 3330.75,2
738,09:30:02,$ 3330.75,1
739,09:30:02,$ 3330.75,2
740,09:30:02,$ 3330.75,1
741,09:30:02,$ 3330.75,9
742,09:30:02,$ 3330.75,1
743,09:30:02,$ 3330.75,1
744,09:30:02,$ 3330.75,4
745,09:30:02,$ 3330.75,3
746,09:30:02,$ 3330.75,5
747,09:30:02,$ 3330.75,2
748,09:30:02,$ 3330.75,1
749,09:30:02,$ 3330.75,5
750,09:30:02,$ 3330.75,1
751,09:30:02,$ 3330.75,10
752,09:30:02,$ 3330.75,4
753,09:30:02,$ 3330.75,1
754,09:30:02,$ 3330.75,1
755,09:30:02,$ 3330.75,10
757,09:30:02,$ 3330.75,1
758,09:30:02,$ 3330.75,4
759,09:30:02,$ 3330.75,4
760,09:30:02,$ 3330.75,1
761,09:30:02,$ 3330.75,1
762,09:30:02,$ 3330.75,4
763,09:30:02,$ 3330.75,15
764,09:30:02,$ 3330.75,3
765,09:30:02,$ 3330.75,1
766,09:30:02,$ 3330.75,3
767,09:30:02,$ 3330.75,1
768,09:30:02,$ 3330.75,1
769,09:30:02,$ 3330.75,10
770,09:30:02,$ 3330.75,1
771,09:30:02,$ 3330.75,5
772,09:30:02,$ 3330.75,1
773,09:30:02,$ 3330.75,3
774,09:30:02,$ 3330.75,1
775,09:30:02,$ 3330.75,1
776,09:30:02,$ 3330.75,1
778,09:30:02,$ 3330.75,1
779,09:30:02,$ 3330.75,6
780,09:30:02,$ 3330.75,1
781,09:30:02,$ 3330.75,1
782,09:30:02,$ 3330.75,1
783,09:30:02,$ 3330.75,1
784,09:30:02,$ 3330.75,1
785,09:30:02,$ 3330.75,1
786,09:30:02,$ 3330.75,1
787,09:30:02,$ 3330.75,1
788,09:30:02,$ 3330.75,1
789,09:30:02,$ 3330.75,1
790,09:30:02,$ 3330.75,1
791,09:30:02,$ 3330.75,1
792,09:30:02,$ 3330.75,1
793,09:30:02,$ 3330.75,1
794,09:30:02,$ 3330.75,1
795,09:30:02,$ 3330.75,1
796,09:30:02,$ 3330.75,1
797,09:30:02,$ 3330.75,6
799,09:30:02,$ 3330.75,3
800,09:30:02,$ 3330.75,10
801,09:30:02,$ 3330.75,1
802,09:30:02,$ 3330.75,1
803,09:30:02,$ 3330.75,1
804,09:30:02,$ 3330.75,1
805,09:30:02,$ 3330.75,3
806,09:30:02,$ 3330.75,2
807,09:30:02,$ 3330.75,1
808,09:30:02,$ 3330.75,1
809,09:30:02,$ 3330.75,2
810,09:30:02,$ 3330.75,5
811,09:30:02,$ 3330.75,20
812,09:30:02,$ 3330.75,1
813,09:30:02,$ 3330.75,1
814,09:30:02,$ 3330.75,1
815,09:30:02,$ 3330.75,1
816,09:30:02,$ 3330.75,1
817,09:30:02,$ 3330.75,9
818,09:30:02,$ 3330.75,2
820,09:30:02,$ 3330.75,7
821,09:30:02,$ 3330.75,3
822,09:30:02,$ 3330.75,10
823,09:30:02,$ 3330.75,1
824,09:30:02,$ 3330.75,1
825,09:30:02,$ 3330.75,3
826,09:30:02,$ 3330.75,2
827,09:30:02,$ 3330.75,1
828,09:30:02,$ 3330.75,5
829,09:30:02,$ 3330.75,1
830,09:30:02,$ 3330.75,2
831,09:30:02,$ 3330.75,1
832,09:30:02,$ 3330.75,3
833,09:30:02,$ 3330.75,1
834,09:30:02,$ 3330.75,10
835,09:30:02,$ 3330.75,2
836,09:30:02,$ 3330.75,1
837,09:30:02,$ 3330.75,1
838,09:30:02,$ 3330.75,1
839,09:30:02,$ 3330.75,2
841,09:30:02,$ 3330.75,3
842,09:30:02,$ 3330.75,2
843,09:30:02,$ 3330.75,3
844,09:30:02,$ 3330.75,4
845,09:30:02,$ 3330.75,2
846,09:30:02,$ 3330.75,7
847,09:30:02,$ 3330.75,3
848,09:30:02,$ 3330.75,1
849,09:30:02,$ 3330.75,2
850,09:30:02,$ 3330.75,1
851,09:30:02,$ 3330.75,3
852,09:30:02,$ 3330.75,4
853,09:30:02,$ 3330.75,4
854,09:30:02,$ 3330.75,5
855,09:30:02,$ 3330.75,1
856,09:30:02,$ 3330.75,1
857,09:30:02,$ 3330.75,13
858,09:30:02,$ 3330.75,27
859,09:30:02,$ 3330.75,2
860,09:30:02,$ 3330.75,5
862,09:30:02,$ 3330.75,3
863,09:30:02,$ 3330.75,1
864,09:30:02,$ 3330.75,4
865,09:30:02,$ 3330.75,4
866,09:30:02,$ 3330.75,2
867,09:30:02,$ 3330.75,3
868,09:30:02,$ 3330.75,5
869,09:30:02,$ 3330.75,28
870,09:30:02,$ 3330.75,1
871,09:30:02,$ 3330.75,3
872,09:30:02,$ 3330.75,20
873,09:30:02,$ 3330.75,6
874,09:30:02,$ 3330.75,1
875,09:30:02,$ 3330.75,2
876,09:30:02,$ 3330.75,1
877,09:30:02,$ 3330.75,2
878,09:30:02,$ 3330.75,1
879,09:30:02,$ 3330.75,1
880,09:30:02,$ 3330.75,1
881,09:30:02,$ 3330.75,1
883,09:30:02,$ 3330.75,1
884,09:30:02,$ 3330.75,1
885,09:30:02,$ 3330.75,1
886,09:30:02,$ 3330.75,1
887,09:30:02,$ 3330.75,1
888,09:30:02,$ 3330.75,1
889,09:30:02,$ 3330.75,1
890,09:30:02,$ 3330.75,1
891,09:30:02,$ 3330.75,1
892,09:30:02,$ 3330.75,1
893,09:30:02,$ 3330.75,1
894,09:30:02,$ 3330.75,1
895,09:30:02,$ 3330.75,1
896,09:30:02,$ 3330.75,1
897,09:30:02,$ 3330.75,1
898,09:30:02,$ 3330.75,1
899,09:30:02,$ 3330.75,1
900,09:30:02,$ 3330.75,1
901,09:30:02,$ 3330.75,1
902,09:30:02,$ 3330.75,1
904,09:30:02,$ 3330.75,1
905,09:30:02,$ 3330.75,1
906,09:30:02,$ 3330.75,1
907,09:30:02,$ 3330.75,1
908,09:30:02,$ 3330.75,1
909,09:30:02,$ 3330.75,6
910,09:30:02,$ 3330.75,15
911,09:30:02,$ 3330.75,6
912,09:30:02,$ 3330.75,15
913,09:30:02,$ 3330.75,8
914,09:30:02,$ 3330.75,8
915,09:30:02,$ 3330.75,15
916,09:30:02,$ 3330.75,1
917,09:30:02,$ 3330.75,1
918,09:30:02,$ 3330.75,1
919,09:30:02,$ 3330.75,1
920,09:30:02,$ 3330.75,1
921,09:30:02,$ 3330.75,1
922,09:30:02,$ 3330.75,1
923,09:30:02,$ 3330.75,1
925,09:30:02,$ 3330.75,2
926,09:30:02,$ 3330.75,4
927,09:30:02,$ 3330.75,1
928,09:30:02,$ 3330.75,1
929,09:30:02,$ 3330.75,1
930,09:30:02,$ 3330.75,15
931,09:30:02,$ 3330.75,40
932,09:30:02,$ 3330.75,1
933,09:30:02,$ 3330.75,10
934,09:30:02,$ 3330.75,22
935,09:30:02,$ 3330.75,11
936,09:30:02,$ 3330.75,6
937,09:30:02,$ 3330.75,1
938,09:30:02,$ 3330.75,100
939,09:30:02,$ 3330.75,3
940,09:30:02,$ 3330.75,5
941,09:30:02,$ 3330.75,1
942,09:30:02,$ 3330.75,51
943,09:30:02,$ 3330.75,6
944,09:30:02,$ 3330.75,3
946,09:30:02,$ 3330.75,3
947,09:30:02,$ 3330.75,1
948,09:30:02,$ 3330.75,5
949,09:30:02,$ 3330.75,1
950,09:30:02,$ 3330.75,1
951,09:30:02,$ 3330.75,9
952,09:30:02,$ 3330.75,1
953,09:30:02,$ 3330.75,1
954,09:30:02,$ 3330.75,2
955,09:30:02,$ 3330.75,1
956,09:30:02,$ 3330.75,1
957,09:30:02,$ 3330.75,22
958,09:30:02,$ 3330.75,1
959,09:30:02,$ 3330.75,5
960,09:30:02,$ 3330.75,2
961,09:30:02,$ 3330.75,1
962,09:30:02,$ 3330.75,12
963,09:30:02,$ 3330.75,1
964,09:30:02,$ 3330.75,5
965,09:30:02,$ 3330.75,1
967,09:30:02,$ 3330.75,1
968,09:30:02,$ 3330.75,10
969,09:30:02,$ 3330.75,1
970,09:30:02,$ 3330.75,1
971,09:30:02,$ 3330.75,3
972,09:30:02,$ 3330.75,4
973,09:30:02,$ 3330.75,3
974,09:30:02,$ 3330.75,4
975,09:30:02,$ 3330.75,15
976,09:30:02,$ 3330.75,2
977,09:30:02,$ 3330.75,2
978,09:30:02,$ 3330.75,10
979,09:30:02,$ 3330.75,1
980,09:30:02,$ 3330.75,2
981,09:30:02,$ 3330.75,1
982,09:30:02,$ 3330.75,9
983,09:30:02,$ 3330.75,24
984,09:30:02,$ 3330.75,4
985,09:30:02,$ 3330.75,15
986,09:30:02,$ 3330.75,4
988,09:30:02,$ 3330.75,22
989,09:30:02,$ 3330.75,1
990,09:30:02,$ 3330.75,1
991,09:30:02,$ 3330.75,1
992,09:30:02,$ 3330.75,1
993,09:30:02,$ 3330.75,1
994,09:30:02,$ 3330.75,1
995,09:30:02,$ 3330.75,1
996,09:30:02,$ 3330.75,3
997,09:30:02,$ 3330.75,1
998,09:30:02,$ 3330.75,1
999,09:30:02,$ 3330.75,1
1000,09:30:02,$ 3330.75,1
1001,09:30:02,$ 3330.75,1
1002,09:30:02,$ 3330.75,1
1003,09:30:02,$ 3330.75,2
1004,09:30:02,$ 3330.75,1
1005,09:30:02,$ 3330.75,1
1006,09:30:02,$ 3330.75,2
1007,09:30:02,$ 3330.75,2
1009,09:30:02,$ 3330.75,1
1010,09:30:02,$ 3330.75,62
1011,09:30:02,$ 3330.75,3
1012,09:30:02,$ 3330.75,1
1013,09:30:02,$ 3330.75,1
1014,09:30:02,$ 3330.75,1
1015,09:30:02,$ 3330.75,1
1016,09:30:02,$ 3330.75,1
1017,09:30:02,$ 3330.75,1
1018,09:30:02,$ 3330.75,1
1019,09:30:02,$ 3330.75,1
1020,09:30:02,$ 3330.75,1
1021,09:30:02,$ 3330.75,2
1022,09:30:02,$ 3330.75,2
1023,09:30:02,$ 3330.75,1
1024,09:30:02,$ 3330.75,1
1025,09:30:02,$ 3330.75,19
1026,09:30:02,$ 3330.75,1
1027,09:30:02,$ 3330.75,1
1028,09:30:02,$ 3330.75,3
1030,09:30:02,$ 3330.75,1
1031,09:30:02,$ 3330.75,1
1032,09:30:02,$ 3330.75,5
1033,09:30:02,$ 3330.75,5
1034,09:30:02,$ 3330.75,10
1035,09:30:02,$ 3330.75,1
1036,09:30:02,$ 3330.75,16
1037,09:30:02,$ 3330.75,3
1038,09:30:02,$ 3330.75,2
1039,09:30:02,$ 3330.75,1
1040,09:30:02,$ 3330.75,2
1041,09:30:02,$ 3330.75,6
1042,09:30:02,$ 3330.75,4
1043,09:30:02,$ 3330.75,15
1044,09:30:02,$ 3330.75,1
1045,09:30:02,$ 3330.75,1
1046,09:30:02,$ 3330.75,5
1047,09:30:02,$ 3330.75,1
1048,09:30:02,$ 3330.75,2
1049,09:30:02,$ 3330.75,1
1051,09:30:02,$ 3330.75,1
1052,09:30:02,$ 3330.75,1
1053,09:30:02,$ 3330.75,9
1054,09:30:02,$ 3330.75,1
1055,09:30:02,$ 3330.75,33
1056,09:30:02,$ 3330.75,10
1057,09:30:02,$ 3330.75,12
1058,09:30:02,$ 3330.75,2
1059,09:30:02,$ 3330.75,11
1060,09:30:02,$ 3330.75,1
1061,09:30:02,$ 3330.75,5
1062,09:30:02,$ 3330.75,3
1063,09:30:02,$ 3330.75,1
1064,09:30:02,$ 3330.75,2
1065,09:30:02,$ 3330.75,1
1066,09:30:02,$ 3330.75,1
1067,09:30:02,$ 3330.75,2
1068,09:30:02,$ 3330.75,3
1069,09:30:02,$ 3330.75,1
1070,09:30:02,$ 3330.75,1
1072,09:30:02,$ 3330.75,3
1073,09:30:02,$ 3330.75,4
1074,09:30:02,$ 3330.75,4
1075,09:30:02,$ 3330.75,1
1076,09:30:02,$ 3330.75,4
1077,09:30:02,$ 3330.75,3
1078,09:30:02,$ 3330.75,2
1079,09:30:02,$ 3330.75,3
1080,09:30:02,$ 3330.75,1
1081,09:30:02,$ 3330.75,9
1082,09:30:02,$ 3330.75,3
1083,09:30:02,$ 3330.75,3
1084,09:30:02,$ 3330.75,4
1085,09:30:02,$ 3330.75,3
1086,09:30:02,$ 3330.75,1
1087,09:30:02,$ 3330.75,3
1088,09:30:02,$ 3330.75,2
1089,09:30:02,$ 3330.75,2
1090,09:30:02,$ 3330.75,2
1091,09:30:02,$ 3330.75,4
1093,09:30:02,$ 3330.75,2
1094,09:30:02,$ 3330.75,1
1095,09:30:02,$ 3330.75,4
1096,09:30:02,$ 3330.75,146
1097,09:30:02,$ 3330.75,99
1098,09:30:02,$ 3330.75,5
1099,09:30:02,$ 3330.75,15
1100,09:30:02,$ 3330.75,6
1101,09:30:02,$ 3330.75,2
1102,09:30:02,$ 3330.75,8
1103,09:30:02,$ 3330.75,15
1104,09:30:02,$ 3330.75,30
1105,09:30:02,$ 3330.75,3
1106,09:30:02,$ 3330.75,1
1107,09:30:02,$ 3330.75,11
1108,09:30:02,$ 3330.75,11
1109,09:30:02,$ 3330.75,2
1110,09:30:02,$ 3330.75,16
1111,09:30:02,$ 3330.75,1
1112,09:30:02,$ 3330.75,9
1114,09:30:02,$ 3330.75,3
1115,09:30:02,$ 3330.75,5
1116,09:30:02,$ 3330.75,2
1117,09:30:02,$ 3330.75,75
1118,09:30:02,$ 3330.75,1
1119,09:30:02,$ 3330.75,15
1120,09:30:02,$ 3330.75,4
1121,09:30:02,$ 3330.75,3
1122,09:30:02,$ 3330.75,30
1123,09:30:02,$ 3330.75,1
1124,09:30:02,$ 3330.75,2
1125,09:30:02,$ 3330.75,4
1126,09:30:02,$ 3330.75,15
1127,09:30:02,$ 3330.75,5
1128,09:30:02,$ 3330.75,9
1129,09:30:02,$ 3330.75,45
1130,09:30:02,$ 3330.75,3
1131,09:30:02,$ 3330.75,90
1132,09:30:02,$ 3330.75,4
1133,09:30:02,$ 3330.75,60
1135,09:30:02,$ 3330.75,15
1136,09:30:02,$ 3330.75,15
1137,09:30:02,$ 3330.75,10
1138,09:30:02,$ 3330.75,163
1139,09:30:02,$ 3330.75,2
1140,09:30:02,$ 3330.75,2
1141,09:30:02,$ 3330.75,2
1142,09:30:02,$ 3330.75,2
1143,09:30:02,$ 3330.75,50
1144,09:30:02,$ 3330.75,2
1145,09:30:02,$ 3330.75,15
1146,09:30:02,$ 3330.75,2
1147,09:30:02,$ 3330.75,5
1148,09:30:02,$ 3330.75,5
1149,09:30:02,$ 3330.75,30
1150,09:30:02,$ 3330.75,5
1151,09:30:02,$ 3330.75,9
1152,09:30:02,$ 3330.75,3
1153,09:30:02,$ 3330.75,1
1154,09:30:02,$ 3330.58,100
1156,09:30:02,$ 3330.75,1
1157,09:30:02,$ 3330.75,3
1158,09:30:02,$ 3330.75,1
1159,09:30:02,$ 3330.75,5
1160,09:30:02,$ 3330.75,11
1161,09:30:02,$ 3330.75,20
1162,09:30:02,$ 3330.75,119
1163,09:30:02,$ 3330.75,20
1164,09:30:02,$ 3330.75,5
1165,09:30:02,$ 3330.75,2
1166,09:30:02,$ 3330.75,3
1167,09:30:02,$ 3330.75,4
1168,09:30:02,$ 3330.75,2
1169,09:30:02,$ 3330.75,4
1170,09:30:02,$ 3330.75,1
1171,09:30:02,$ 3330.75,1
1172,09:30:02,$ 3330.75,30
1173,09:30:02,$ 3330.75,22
1174,09:30:02,$ 3330.75,1
1175,09:30:02,$ 3330.75,1
1177,09:30:02,$ 3330.75,10
1178,09:30:02,$ 3330.75,1
1179,09:30:02,$ 3330.75,3
1180,09:30:02,$ 3330.75,1
1181,09:30:02,$ 3330.75,2
1182,09:30:02,$ 3330.75,1
1183,09:30:02,$ 3330.75,4
1184,09:30:02,$ 3330.75,2
1185,09:30:02,$ 3330.75,5
1186,09:30:02,$ 3330.75,2
1187,09:30:02,$ 3330.75,10
1188,09:30:02,$ 3330.75,4
1189,09:30:02,$ 3330.75,1
1190,09:30:02,$ 3330.75,1
1191,09:30:02,$ 3330.75,3
1192,09:30:02,$ 3330.75,7
1193,09:30:02,$ 3330.75,10
1194,09:30:02,$ 3330.75,5
1195,09:30:02,$ 3330.75,15
1196,09:30:02,$ 3330.75,2
1198,09:30:02,$ 3330.75,11
1199,09:30:02,$ 3330.75,55
1200,09:30:02,$ 3330.75,9
1201,09:30:02,$ 3330.75,2
1202,09:30:02,$ 3330.75,2
1203,09:30:02,$ 3330.75,2
1204,09:30:02,$ 3330.75,2
1205,09:30:02,$ 3330.75,2
1206,09:30:02,$ 3330.75,1
1207,09:30:02,$ 3330.75,1
1208,09:30:02,$ 3330.75,4
1209,09:30:02,$ 3330.75,2
1210,09:30:02,$ 3330.75,3
1211,09:30:02,$ 3330.75,1
1212,09:30:02,$ 3330.75,2
1213,09:30:02,$ 3330.75,4
1214,09:30:02,$ 3330.75,100
1215,09:30:02,$ 3330.75,3
1216,09:30:02,$ 3330.75,2
1217,09:30:02,$ 3330.75,10
1219,09:30:02,$ 3330.75,15
1220,09:30:02,$ 3330.75,1
1221,09:30:02,$ 3330.75,5
1222,09:30:02,$ 3330.75,3
1223,09:30:02,$ 3330.75,3
1224,09:30:02,$ 3330.75,2
1225,09:30:02,$ 3330.75,1
1226,09:30:02,$ 3330.75,2
1227,09:30:02,$ 3330.75,2
1228,09:30:02,$ 3330.75,1
1229,09:30:02,$ 3330.75,2
1230,09:30:02,$ 3330.75,5
1231,09:30:02,$ 3330.75,1
1232,09:30:02,$ 3330.75,1
1233,09:30:02,$ 3330.75,1
1234,09:30:02,$ 3330.75,1
1235,09:30:02,$ 3330.75,3
1236,09:30:02,$ 3330.75,2
1237,09:30:02,$ 3330.75,1
1238,09:30:02,$ 3330.75,4
1240,09:30:02,$ 3330.75,1
1241,09:30:02,$ 3330.75,1
1242,09:30:02,$ 3330.75,2
1243,09:30:02,$ 3330.75,2
1244,09:30:02,$ 3330.75,5
1245,09:30:02,$ 3330.75,18
1246,09:30:02,$ 3330.75,1
1247,09:30:02,$ 3330.75,22
1248,09:30:02,$ 3330.75,1
1249,09:30:02,$ 3330.75,1
1250,09:30:02,$ 3330.75,2
1251,09:30:02,$ 3330.75,1
1252,09:30:02,$ 3330.75,6
1253,09:30:02,$ 3330.75,20
1254,09:30:02,$ 3330.75,1
1255,09:30:02,$ 3330.75,1
1256,09:30:02,$ 3330.75,14
1257,09:30:02,$ 3330.75,4
1258,09:30:02,$ 3330.75,2
1259,09:30:02,$ 3330.75,1
1261,09:30:02,$ 3330.75,2
1262,09:30:02,$ 3330.75,17
1263,09:30:02,$ 3330.75,2
1264,09:30:02,$ 3330.75,5
1265,09:30:02,$ 3330.75,15
1266,09:30:02,$ 3330.75,1
1267,09:30:02,$ 3330.75,1
1268,09:30:02,$ 3330.75,5
1269,09:30:02,$ 3330.75,1
1270,09:30:02,$ 3330.75,1
1271,09:30:02,$ 3330.75,1
1272,09:30:02,$ 3330.75,3
1273,09:30:02,$ 3330.75,1
1274,09:30:02,$ 3330.75,1
1275,09:30:02,$ 3330.75,4
1276,09:30:02,$ 3330.75,1
1277,09:30:02,$ 3330.75,1
1278,09:30:02,$ 3330.75,10
1279,09:30:02,$ 3330.75,8
1280,09:30:02,$ 3330.75,1
1282,09:30:02,$ 3330.75,2
1283,09:30:02,$ 3330.75,1
1284,09:30:02,$ 3330.75,1
1285,09:30:02,$ 3330.75,20
1286,09:30:02,$ 3330.75,1
1287,09:30:02,$ 3330.75,1
1288,09:30:02,$ 3330.75,1
1289,09:30:02,$ 3330.75,1
1290,09:30:02,$ 3330.75,1
1291,09:30:02,$ 3330.75,2
1292,09:30:02,$ 3330.75,1
1293,09:30:02,$ 3330.75,10
1294,09:30:02,$ 3330.75,6
1295,09:30:02,$ 3330.75,4
1296,09:30:02,$ 3330.75,5
1297,09:30:02,$ 3330.75,3
1298,09:30:02,$ 3330.75,3
1299,09:30:02,$ 3330.75,1
1300,09:30:02,$ 3330.75,4
1301,09:30:02,$ 3330.75,4
1303,09:30:02,$ 3330.75,1
1304,09:30:02,$ 3330.75,2
1305,09:30:02,$ 3330.75,1
1306,09:30:02,$ 3330.75,1
1307,09:30:02,$ 3330.75,1
1308,09:30:02,$ 3330.75,11
1309,09:30:02,$ 3330.75,2
1310,09:30:02,$ 3330.75,1
1311,09:30:02,$ 3330.75,1
1312,09:30:02,$ 3330.75,1
1313,09:30:02,$ 3330.75,1
1314,09:30:02,$ 3330.75,21
1315,09:30:02,$ 3330.75,1
1316,09:30:02,$ 3330.75,1
1317,09:30:02,$ 3330.75,5
1318,09:30:02,$ 3330.75,4
1319,09:30:02,$ 3330.75,1
1320,09:30:02,$ 3330.75,11
1321,09:30:02,$ 3330.75,1
1322,09:30:02,$ 3330.75,1
1324,09:30:02,$ 3330.75,5
1325,09:30:02,$ 3330.75,1
1326,09:30:02,$ 3330.75,2
1327,09:30:02,$ 3330.75,1
1328,09:30:02,$ 3330.75,11
1329,09:30:02,$ 3330.75,1
1330,09:30:02,$ 3330.75,1
1331,09:30:02,$ 3330.75,1
1332,09:30:02,$ 3330.75,1
1333,09:30:02,$ 3330.75,2
1334,09:30:02,$ 3330.75,4
1335,09:30:02,$ 3330.75,2
1336,09:30:02,$ 3330.75,2
1337,09:30:02,$ 3330.75,1
1338,09:30:02,$ 3330.75,1
1339,09:30:02,$ 3330.75,4
1340,09:30:02,$ 3330.75,1
1341,09:30:02,$ 3330.75,57
1342,09:30:02,$ 3330.75,10
1343,09:30:02,$ 3330.75,7
1345,09:30:02,$ 3330.75,1
1346,09:30:02,$ 3330.75,175
1347,09:30:02,$ 3330.75,25
1348,09:30:02,$ 3330.75,100
1349,09:30:02,$ 3330.75,30
1350,09:30:02,$ 3330.75,10
1351,09:30:02,$ 3330.75,113
1352,09:30:02,$ 3330.75,1
1353,09:30:02,$ 3330.75,26
1354,09:30:02,$ 3330.75,1
1355,09:30:02,$ 3330.75,10
1356,09:30:02,$ 3330.75,10
1357,09:30:02,$ 3330.75,"1,900"
1358,09:30:02,$ 3330.75,4
1359,09:30:02,$ 3330.75,"3,000"
1360,09:30:02,$ 3330.75,9
1361,09:30:02,$ 3330.75,127
1362,09:30:02,$ 3330.75,145
1363,09:30:02,$ 3330.75,3
1364,09:30:02,$ 3330.75,37
1366,09:30:02,$ 3330.75,42
1367,09:30:02,$ 3330.75,1
1368,09:30:02,$ 3330.75,13
1369,09:30:02,$ 3330.75,5
1370,09:30:02,$ 3330.75,1
1371,09:30:02,$ 3330.75,3
1372,09:30:02,$ 3330.75,5
1373,09:30:02,$ 3330.75,80
1374,09:30:02,$ 3330.75,4
1375,09:30:02,$ 3330.75,11
1376,09:30:02,$ 3330.75,5
1377,09:30:02,$ 3330.75,45
1378,09:30:02,$ 3330.75,52
1379,09:30:02,$ 3330.75,45
1380,09:30:02,$ 3330.75,45
1381,09:30:02,$ 3330.75,2
1382,09:30:02,$ 3330.75,5
1383,09:30:02,$ 3330.75,30
1384,09:30:02,$ 3330.75,140
1385,09:30:02,$ 3330.75,2
1387,09:30:02,$ 3330.75,5
1388,09:30:02,$ 3330.75,1
1389,09:30:02,$ 3330.75,2
1390,09:30:02,$ 3330.75,8
1391,09:30:02,$ 3330.75,6
1392,09:30:02,$ 3330.75,1
1393,09:30:02,$ 3330.75,10
1394,09:30:02,$ 3330.75,"1,500"
1395,09:30:02,$ 3330.75,1
1396,09:30:02,$ 3330.75,1
1397,09:30:02,$ 3330.75,1
1398,09:30:02,$ 3330.75,3
1399,09:30:02,$ 3330.75,2
1400,09:30:02,$ 3330.75,1
1401,09:30:02,$ 3330.75,2
1402,09:30:02,$ 3330.75,1
1403,09:30:02,$ 3330.75,6
1404,09:30:02,$ 3330.75,1
1405,09:30:02,$ 3330.75,35
1406,09:30:02,$ 3330.75,5
1408,09:30:02,$ 3330.75,500
1409,09:30:02,$ 3330.75,6
1410,09:30:02,$ 3330.75,2
1411,09:30:02,$ 3330.75,43
1412,09:30:02,$ 3330.75,8
1413,09:30:02,$ 3330.75,1
1414,09:30:02,$ 3330.75,5
1415,09:30:02,$ 3330.75,17
1416,09:30:02,$ 3330.75,20
1417,09:30:02,$ 3330.75,5
1418,09:30:02,$ 3330.75,5
1419,09:30:02,$ 3330.75,14
1420,09:30:02,$ 3330.75,1
1421,09:30:02,$ 3330.75,1
1422,09:30:02,$ 3330.75,1
1423,09:30:02,$ 3330.75,10
1424,09:30:02,$ 3330.75,7
1425,09:30:02,$ 3330.75,253
1426,09:30:02,$ 3330.75,30
1427,09:30:02,$ 3330.75,7
1429,09:30:02,$ 3330.75,1
1430,09:30:02,$ 3330.75,10
1431,09:30:02,$ 3330.75,15
1432,09:30:02,$ 3330.75,1
1433,09:30:02,$ 3330.75,16
1434,09:30:02,$ 3330.75,20
1435,09:30:02,$ 3330.75,6
1436,09:30:02,$ 3330.75,1
1437,09:30:02,$ 3330.75,1
1438,09:30:02,$ 3330.75,15
1439,09:30:02,$ 3330.75,25
1440,09:30:02,$ 3330.75,1
1441,09:30:02,$ 3330.75,10
1442,09:30:02,$ 3330.75,1
1443,09:30:02,$ 3330.75,1
1444,09:30:02,$ 3330.75,2
1445,09:30:02,$ 3330.75,1
1446,09:30:02,$ 3330.75,50
1447,09:30:02,$ 3330.75,1
1448,09:30:02,$ 3330.75,1
1450,09:30:02,$ 3330.75,1
1451,09:30:02,$ 3330.75,2
1452,09:30:02,$ 3330.75,300
1453,09:30:02,$ 3330.75,2
1454,09:30:02,$ 3330.75,2
1455,09:30:02,$ 3330.75,6
1456,09:30:02,$ 3330.75,20
1457,09:30:02,$ 3330.75,2
1458,09:30:02,$ 3330.75,9
1459,09:30:02,$ 3330.75,100
1460,09:30:02,$ 3330.75,10
1461,09:30:02,$ 3330.75,10
1462,09:30:02,$ 3330.75,1
1463,09:30:02,$ 3330.75,2
1464,09:30:02,$ 3330.75,3
1465,09:30:02,$ 3330.75,1
1466,09:30:02,$ 3330.75,1
1467,09:30:02,$ 3330.75,4
1468,09:30:02,$ 3330.75,1
1469,09:30:02,$ 3330.75,1
1471,09:30:02,$ 3330.75,3
1472,09:30:02,$ 3330.75,12
1473,09:30:02,$ 3330.75,3
1474,09:30:02,$ 3330.75,"2,859"
1475,09:30:02,$ 3330.75,5
1476,09:30:02,$ 3330.75,25
1477,09:30:02,$ 3330.75,1
1478,09:30:02,$ 3330.75,2
1479,09:30:02,$ 3330.75,69
1480,09:30:02,$ 3330.75,1
1481,09:30:02,$ 3330.75,40
1482,09:30:02,$ 3330.75,1
1483,09:30:02,$ 3330.75,184
1484,09:30:02,$ 3330.75,2
1485,09:30:02,$ 3330.75,1
1486,09:30:02,$ 3330.75,10
1487,09:30:02,$ 3330.75,1
1488,09:30:02,$ 3330.75,1
1489,09:30:02,$ 3330.75,1
1490,09:30:02,$ 3330.75,6
1492,09:30:02,$ 3330.75,1
1493,09:30:02,$ 3330.75,1
1494,09:30:02,$ 3330.75,"2,000"
1495,09:30:02,$ 3330.75,10
1496,09:30:02,$ 3330.75,2
1497,09:30:02,$ 3330.75,27
1498,09:30:02,$ 3330.75,36
1499,09:30:02,$ 3330.75,24
1500,09:30:02,$ 3330.75,2
1501,09:30:02,$ 3330.75,8
1502,09:30:02,$ 3330.75,181
1503,09:30:02,$ 3330.75,36
1504,09:30:02,$ 3330.75,2
1505,09:30:02,$ 3330.75,1
1506,09:30:02,$ 3330.75,1
1507,09:30:02,$ 3330.75,7
1508,09:30:02,$ 3330.75,12
1509,09:30:02,$ 3330.75,1
1510,09:30:02,$ 3330.75,1
1511,09:30:02,$ 3330.75,4
1513,09:30:02,$ 3330.75,1
1514,09:30:02,$ 3330.75,9
1515,09:30:02,$ 3330.75,7
1516,09:30:02,$ 3330.75,3
1517,09:30:02,$ 3330.75,1
1518,09:30:02,$ 3330.75,58
1519,09:30:02,$ 3330.75,2
1520,09:30:02,$ 3330.75,15
1521,09:30:02,$ 3330.75,2
1522,09:30:02,$ 3330.75,1
1523,09:30:02,$ 3330.75,1
1524,09:30:02,$ 3330.75,2
1525,09:30:02,$ 3330.75,90
1526,09:30:02,$ 3330.75,2
1527,09:30:02,$ 3330.75,2
1528,09:30:02,$ 3330.75,451
1529,09:30:02,$ 3330.75,1
1530,09:30:02,$ 3330.75,1
1531,09:30:02,$ 3330.75,163
1532,09:30:02,$ 3330.75,3
1534,09:30:02,$ 3330.75,4
1535,09:30:02,$ 3330.75,10
1536,09:30:02,$ 3330.75,1
1537,09:30:02,$ 3330.75,17
1538,09:30:02,$ 3330.75,1
1539,09:30:02,$ 3330.75,21
1540,09:30:02,$ 3330.75,50
1541,09:30:02,$ 3330.75,2
1542,09:30:02,$ 3330.75,1
1543,09:30:02,$ 3330.75,3
1544,09:30:02,$ 3330.75,5
1545,09:30:02,$ 3330.75,2
1546,09:30:02,$ 3330.75,2
1547,09:30:02,$ 3330.75,24
1548,09:30:02,$ 3330.75,8
1549,09:30:02,$ 3330.75,1
1550,09:30:02,$ 3330.75,1
1551,09:30:02,$ 3330.75,1
1552,09:30:02,$ 3330.75,1
1553,09:30:02,$ 3330.75,5
1555,09:30:02,$ 3330.75,2
1556,09:30:02,$ 3330.75,1
1557,09:30:02,$ 3330.75,5
1558,09:30:02,$ 3330.75,3
1559,09:30:02,$ 3330.75,119
1560,09:30:02,$ 3330.75,109
1561,09:30:02,$ 3330.75,1
1562,09:30:02,$ 3330.75,20
1563,09:30:02,$ 3330.75,50
1564,09:30:02,$ 3330.75,1
1565,09:30:02,$ 3330.75,5
1566,09:30:02,$ 3330.75,17
1567,09:30:02,$ 3330.75,6
1568,09:30:02,$ 3330.75,2
1569,09:30:02,$ 3330.75,3
1570,09:30:02,$ 3330.75,1
1571,09:30:02,$ 3330.75,2
1572,09:30:02,$ 3330.75,2
1573,09:30:02,$ 3330.75,10
1574,09:30:02,$ 3330.75,1
1576,09:30:02,$ 3330.75,2
1577,09:30:02,$ 3330.75,3
1578,09:30:02,$ 3330.75,1
1579,09:30:02,$ 3330.75,3
1580,09:30:02,$ 3330.75,1
1581,09:30:02,$ 3330.75,10
1582,09:30:02,$ 3330.75,8
1583,09:30:02,$ 3330.75,1
1584,09:30:02,$ 3330.75,2
1585,09:30:02,$ 3330.75,2
1586,09:30:02,$ 3330.75,20
1587,09:30:02,$ 3330.75,1
1588,09:30:02,$ 3330.75,2
1589,09:30:02,$ 3330.75,3
1590,09:30:02,$ 3330.75,12
1591,09:30:02,$ 3330.75,1
1592,09:30:02,$ 3330.75,6
1593,09:30:02,$ 3330.75,17
1594,09:30:02,$ 3330.75,10
1595,09:30:02,$ 3330.75,12
1597,09:30:02,$ 3330.75,25
1598,09:30:02,$ 3330.75,7
1599,09:30:02,$ 3330.75,229
1600,09:30:02,$ 3330.75,5
1601,09:30:02,$ 3330.75,4
1602,09:30:02,$ 3330.75,5
1603,09:30:02,$ 3330.75,8
1604,09:30:02,$ 3330.75,2
1605,09:30:02,$ 3330.75,13
1606,09:30:02,$ 3330.75,1
1607,09:30:02,$ 3330.75,3
1608,09:30:02,$ 3330.75,13
1609,09:30:02,$ 3330.75,100
1610,09:30:02,$ 3330.75,1
1611,09:30:02,$ 3330.75,6
1612,09:30:02,$ 3330.75,3
1613,09:30:02,$ 3330.75,7
1614,09:30:02,$ 3330.75,4
1615,09:30:02,$ 3330.75,2
1616,09:30:02,$ 3330.75,2
1618,09:30:02,$ 3330.75,1
1619,09:30:02,$ 3330.75,1
1620,09:30:02,$ 3330.75,1
1621,09:30:02,$ 3330.75,484
1622,09:30:02,$ 3330.75,2
1623,09:30:02,$ 3330.75,2
1624,09:30:02,$ 3330.75,3
1625,09:30:02,$ 3330.75,1
1626,09:30:02,$ 3330.75,20
1627,09:30:02,$ 3330.75,50
1628,09:30:02,$ 3330.75,39
1629,09:30:02,$ 3330.75,58
1630,09:30:02,$ 3330.75,4
1631,09:30:02,$ 3330.75,23
1632,09:30:02,$ 3330.75,3
1633,09:30:02,$ 3330.75,26
1634,09:30:02,$ 3330.75,6
1635,09:30:02,$ 3330.75,4
1636,09:30:02,$ 3330.75,1
1637,09:30:02,$ 3330.75,8
1639,09:30:02,$ 3330.75,1
1640,09:30:02,$ 3330.75,1
1641,09:30:02,$ 3330.75,34
1642,09:30:02,$ 3330.75,247
1643,09:30:02,$ 3330.75,2
1644,09:30:02,$ 3330.75,1
1645,09:30:02,$ 3330.75,3
1646,09:30:02,$ 3330.75,3
1647,09:30:02,$ 3330.75,1
1648,09:30:02,$ 3330.75,3
1649,09:30:02,$ 3330.75,1
1650,09:30:02,$ 3330.75,2
1651,09:30:02,$ 3330.75,26
1652,09:30:02,$ 3330.75,2
1653,09:30:02,$ 3330.75,3
1654,09:30:02,$ 3330.75,1
1655,09:30:02,$ 3330.75,10
1656,09:30:02,$ 3330.75,1
1657,09:30:02,$ 3330.75,2
1658,09:30:02,$ 3330.75,15
1660,09:30:02,$ 3330.75,10
1661,09:30:02,$ 3330.75,88
1662,09:30:02,$ 3330.75,3
1663,09:30:02,$ 3330.75,3
1664,09:30:02,$ 3330.75,1
1665,09:30:02,$ 3330.75,1
1666,09:30:02,$ 3330.75,4
1667,09:30:02,$ 3330.75,1
1668,09:30:02,$ 3330.75,15
1669,09:30:02,$ 3330.75,3
1670,09:30:02,$ 3330.75,1
1671,09:30:02,$ 3330.75,2
1672,09:30:02,$ 3330.75,1
1673,09:30:02,$ 3330.75,10
1674,09:30:02,$ 3330.75,20
1675,09:30:02,$ 3330.75,9
1676,09:30:02,$ 3330.75,1
1677,09:30:02,$ 3330.75,35
1678,09:30:02,$ 3330.75,23
1679,09:30:02,$ 3330.75,1
1681,09:30:02,$ 3330.75,10
1682,09:30:02,$ 3330.75,1
1683,09:30:02,$ 3330.75,2
1684,09:30:02,$ 3330.75,1
1685,09:30:02,$ 3330.75,14
1686,09:30:02,$ 3330.75,1
1687,09:30:02,$ 3330.75,3
1688,09:30:02,$ 3330.75,2
1689,09:30:02,$ 3330.75,155
1690,09:30:02,$ 3330.75,51
1691,09:30:02,$ 3330.75,13
1692,09:30:02,$ 3330.75,174
1693,09:30:02,$ 3330.75,7
1694,09:30:02,$ 3330.75,1
1695,09:30:02,$ 3330.75,6
1696,09:30:02,$ 3330.75,3
1697,09:30:02,$ 3330.75,2
1698,09:30:02,$ 3330.75,1
1699,09:30:02,$ 3330.75,5
1700,09:30:02,$ 3330.75,4
1702,09:30:02,$ 3330.75,25
1703,09:30:02,$ 3330.75,6
1704,09:30:02,$ 3330.75,1
1705,09:30:02,$ 3330.75,50
1706,09:30:02,$ 3330.75,2
1707,09:30:02,$ 3330.75,2
1708,09:30:02,$ 3330.75,4
1709,09:30:02,$ 3330.75,70
1710,09:30:02,$ 3330.75,1
1711,09:30:02,$ 3330.75,2
1712,09:30:02,$ 3330.75,166
1713,09:30:02,$ 3330.75,1
1714,09:30:02,$ 3330.75,1
1715,09:30:02,$ 3330.75,446
1716,09:30:02,$ 3330.75,6
1717,09:30:02,$ 3330.75,1
1718,09:30:02,$ 3330.75,39
1719,09:30:02,$ 3330.75,2
1720,09:30:02,$ 3330.75,9
1721,09:30:02,$ 3330.75,135
1723,09:30:02,$ 3330.75,1
1724,09:30:02,$ 3330.75,131
1725,09:30:02,$ 3330.75,90
1726,09:30:02,$ 3330.75,5
1727,09:30:02,$ 3330.75,3
1728,09:30:02,$ 3330.75,1
1729,09:30:02,$ 3330.75,1
1730,09:30:02,$ 3330.75,7
1731,09:30:02,$ 3330.75,2
1732,09:30:02,$ 3330.75,10
1733,09:30:02,$ 3330.75,3
1734,09:30:02,$ 3330.75,3
1735,09:30:02,$ 3330.75,3
1736,09:30:02,$ 3330.75,30
1737,09:30:02,$ 3330.75,3
1738,09:30:02,$ 3330.75,25
1739,09:30:02,$ 3330.75,1
1740,09:30:02,$ 3330.75,2
1741,09:30:02,$ 3330.75,10
1742,09:30:02,$ 3330.75,1
1744,09:30:02,$ 3330.75,3
1745,09:30:02,$ 3330.75,3
1746,09:30:02,$ 3330.75,22
1747,09:30:02,$ 3330.75,9
1748,09:30:02,$ 3330.75,15
1749,09:30:02,$ 3330.75,1
1750,09:30:02,$ 3330.75,2
1751,09:30:02,$ 3330.75,300
1752,09:30:02,$ 3330.75,5
1753,09:30:02,$ 3330.75,10
1754,09:30:02,$ 3330.75,17
1755,09:30:02,$ 3330.75,3
1756,09:30:02,$ 3330.75,1
1757,09:30:02,$ 3330.75,3
1758,09:30:02,$ 3330.75,1
1759,09:30:02,$ 3330.75,3
1760,09:30:02,$ 3330.75,2
1761,09:30:02,$ 3330.75,1
1762,09:30:02,$ 3330.75,2
1763,09:30:02,$ 3330.75,1
1765,09:30:02,$ 3330.75,2
1766,09:30:02,$ 3330.75,2
1767,09:30:02,$ 3330.75,3
1768,09:30:02,$ 3330.75,4
1769,09:30:02,$ 3330.75,2
1770,09:30:02,$ 3330.75,1
1771,09:30:02,$ 3330.75,1
1772,09:30:02,$ 3330.75,2
1773,09:30:02,$ 3330.75,1
1774,09:30:02,$ 3330.75,2
1775,09:30:02,$ 3330.75,5
1776,09:30:02,$ 3330.75,2
1777,09:30:02,$ 3330.75,1
1778,09:30:02,$ 3330.75,1
1779,09:30:02,$ 3330.75,10
1780,09:30:02,$ 3330.75,2
1781,09:30:02,$ 3330.75,1
1782,09:30:02,$ 3330.75,1
1783,09:30:02,$ 3330.75,2
1784,09:30:02,$ 3330.75,5
1786,09:30:02,$ 3330.75,2
1787,09:30:02,$ 3330.75,2
1788,09:30:02,$ 3330.75,10
1789,09:30:02,$ 3330.75,3
1790,09:30:02,$ 3330.75,3
1791,09:30:02,$ 3330.75,1
1792,09:30:02,$ 3330.75,2
1793,09:30:02,$ 3330.75,1
1794,09:30:02,$ 3330.75,5
1795,09:30:02,$ 3330.75,1
1796,09:30:02,$ 3330.75,1
1797,09:30:02,$ 3330.75,1
1798,09:30:02,$ 3330.75,1
1799,09:30:02,$ 3330.75,10
1800,09:30:02,$ 3330.75,2
1801,09:30:02,$ 3330.75,3
1802,09:30:02,$ 3330.75,8
1803,09:30:02,$ 3330.75,174
1804,09:30:02,$ 3330.75,2
1805,09:30:02,$ 3330.75,6
1807,09:30:02,$ 3330.75,50
1808,09:30:02,$ 3330.75,1
1809,09:30:02,$ 3330.75,"2,000"
1810,09:30:02,$ 3330.75,1
1811,09:30:02,$ 3330.75,4
1812,09:30:02,$ 3330.75,105
1813,09:30:02,$ 3330.75,3
1814,09:30:02,$ 3330.75,1
1815,09:30:02,$ 3330.75,2
1816,09:30:02,$ 3330.75,4
1817,09:30:02,$ 3330.75,154
1818,09:30:02,$ 3330.75,1
1819,09:30:02,$ 3330.75,1
1820,09:30:02,$ 3330.75,9
1821,09:30:02,$ 3330.75,3
1822,09:30:02,$ 3330.75,2
1823,09:30:02,$ 3330.75,75
1824,09:30:02,$ 3330.75,5
1825,09:30:02,$ 3330.75,5
1826,09:30:02,$ 3330.75,4
1828,09:30:02,$ 3330.75,10
1829,09:30:02,$ 3330.75,1
1830,09:30:02,$ 3330.75,10
1831,09:30:02,$ 3330.75,20
1832,09:30:02,$ 3330.75,1
1833,09:30:02,$ 3330.75,1
1834,09:30:02,$ 3330.75,5
1835,09:30:02,$ 3330.75,1
1836,09:30:02,$ 3330.75,1
1837,09:30:02,$ 3330.75,63
1838,09:30:02,$ 3330.75,1
1839,09:30:02,$ 3330.75,8
1840,09:30:02,$ 3330.75,60
1841,09:30:02,$ 3330.75,3
1842,09:30:02,$ 3330.75,10
1843,09:30:02,$ 3330.75,60
1844,09:30:02,$ 3330.75,5
1845,09:30:02,$ 3330.75,12
1846,09:30:02,$ 3330.75,8
1847,09:30:02,$ 3330.75,1
1849,09:30:02,$ 3330.75,35
1850,09:30:02,$ 3330.75,30
1851,09:30:02,$ 3330.75,40
1852,09:30:02,$ 3330.75,50
1853,09:30:02,$ 3330.75,4
1854,09:30:02,$ 3330.75,9
1855,09:30:02,$ 3330.75,1
1856,09:30:02,$ 3330.75,4
1857,09:30:02,$ 3330.75,10
1858,09:30:02,$ 3330.75,18
1859,09:30:02,$ 3330.75,4
1860,09:30:02,$ 3330.75,4
1861,09:30:02,$ 3330.75,7
1862,09:30:02,$ 3330.75,5
1863,09:30:02,$ 3330.75,3
1864,09:30:02,$ 3330.75,16
1865,09:30:02,$ 3330.75,12
1866,09:30:02,$ 3330.75,6
1867,09:30:02,$ 3330.75,5
1868,09:30:02,$ 3330.75,8
1870,09:30:02,$ 3330.75,5
1871,09:30:02,$ 3330.75,1
1872,09:30:02,$ 3330.75,2
1873,09:30:02,$ 3330.75,1
1874,09:30:02,$ 3330.75,1
1875,09:30:02,$ 3330.75,1
1876,09:30:02,$ 3330.75,15
1877,09:30:02,$ 3330.75,1
1878,09:30:02,$ 3330.75,1
1879,09:30:02,$ 3330.75,1
1880,09:30:02,$ 3330.75,10
1881,09:30:02,$ 3330.75,1
1882,09:30:02,$ 3330.75,10
1883,09:30:02,$ 3330.75,1
1884,09:30:02,$ 3330.75,1
1885,09:30:02,$ 3330.75,1
1886,09:30:02,$ 3330.75,2
1887,09:30:02,$ 3330.75,7
1888,09:30:02,$ 3330.75,2
1889,09:30:02,$ 3330.75,6
1891,09:30:02,$ 3330.75,10
1892,09:30:02,$ 3330.75,2
1893,09:30:02,$ 3330.75,3
1894,09:30:02,$ 3330.75,5
1895,09:30:02,$ 3330.75,40
1896,09:30:02,$ 3330.75,1
1897,09:30:02,$ 3330.75,2
1898,09:30:02,$ 3330.75,1
1899,09:30:02,$ 3330.75,2
1900,09:30:02,$ 3330.75,30
1901,09:30:02,$ 3330.75,1
1902,09:30:02,$ 3330.75,5
1903,09:30:02,$ 3330.75,1
1904,09:30:02,$ 3330.75,1
1905,09:30:02,$ 3330.75,29
1906,09:30:02,$ 3330.75,1
1907,09:30:02,$ 3330.75,1
1908,09:30:02,$ 3330.75,1
1909,09:30:02,$ 3330.75,50
1910,09:30:02,$ 3330.75,1
1912,09:30:02,$ 3330.75,4
1913,09:30:02,$ 3330.75,6
1914,09:30:02,$ 3330.75,1
1915,09:30:02,$ 3330.75,2
1916,09:30:02,$ 3330.75,7
1917,09:30:02,$ 3330.75,1
1918,09:30:02,$ 3330.75,4
1919,09:30:02,$ 3330.75,2
1920,09:30:02,$ 3330.75,2
1921,09:30:02,$ 3330.75,7
1922,09:30:02,$ 3330.75,3
1923,09:30:02,$ 3330.75,6
1924,09:30:02,$ 3330.75,1
1925,09:30:02,$ 3330.75,11
1926,09:30:02,$ 3330.75,50
1927,09:30:02,$ 3330.75,8
1928,09:30:02,$ 3330.75,6
1929,09:30:02,$ 3330.75,10
1930,09:30:02,$ 3330.75,3
1931,09:30:02,$ 3330.75,2
1933,09:30:02,$ 3330.75,1
1934,09:30:02,$ 3330.75,35
1935,09:30:02,$ 3330.75,1
1936,09:30:02,$ 3330.75,3
1937,09:30:02,$ 3330.75,1
1938,09:30:02,$ 3330.75,1
1939,09:30:02,$ 3330.75,1
1940,09:30:02,$ 3330.75,55
1941,09:30:02,$ 3330.75,1
1942,09:30:02,$ 3330.75,57
1943,09:30:02,$ 3330.75,2
1944,09:30:02,$ 3330.75,7
1945,09:30:02,$ 3330.75,5
1946,09:30:02,$ 3330.75,3
1947,09:30:02,$ 3330.75,2
1948,09:30:02,$ 3330.75,3
1949,09:30:02,$ 3330.75,7
1950,09:30:02,$ 3330.75,3
1951,09:30:02,$ 3330.75,1
1952,09:30:02,$ 3330.75,1
1954,09:30:02,$ 3330.75,1
1955,09:30:02,$ 3330.75,49
1956,09:30:02,$ 3330.75,1
1957,09:30:02,$ 3330.75,5
1958,09:30:02,$ 3330.75,22
1959,09:30:02,$ 3330.75,40
1960,09:30:02,$ 3330.75,10
1961,09:30:02,$ 3330.75,1
1962,09:30:02,$ 3330.75,2
1963,09:30:02,$ 3330.75,2
1964,09:30:02,$ 3330.75,10
1965,09:30:02,$ 3330.75,3
1966,09:30:02,$ 3330.75,1
1967,09:30:02,$ 3330.75,1
1968,09:30:02,$ 3330.75,2
1969,09:30:02,$ 3330.75,1
1970,09:30:02,$ 3330.75,1
1971,09:30:02,$ 3330.75,1
1972,09:30:02,$ 3330.75,2
1973,09:30:02,$ 3330.75,1
1975,09:30:02,$ 3330.75,3
1976,09:30:02,$ 3330.75,8
1977,09:30:02,$ 3330.75,2
1978,09:30:02,$ 3330.75,1
1979,09:30:02,$ 3330.75,1
1980,09:30:02,$ 3330.75,3
1981,09:30:02,$ 3330.75,1
1982,09:30:02,$ 3330.75,5
1983,09:30:02,$ 3330.75,3
1984,09:30:02,$ 3330.75,5
1985,09:30:02,$ 3330.75,4
1986,09:30:02,$ 3330.75,2
1987,09:30:02,$ 3330.75,5
1988,09:30:02,$ 3330.75,10
1989,09:30:02,$ 3330.75,2
1990,09:30:02,$ 3330.75,1
1991,09:30:02,$ 3330.75,1
1992,09:30:02,$ 3330.75,2
1993,09:30:02,$ 3330.75,1
1994,09:30:02,$ 3330.75,2
1996,09:30:02,$ 3330.75,2
1997,09:30:02,$ 3330.75,1
1998,09:30:02,$ 3330.75,2
1999,09:30:02,$ 3330.75,1
2000,09:30:02,$ 3330.75,3
2001,09:30:02,$ 3330.75,5
2002,09:30:02,$ 3330.75,6
2003,09:30:02,$ 3330.75,2
2004,09:30:02,$ 3330.75,4
2005,09:30:02,$ 3330.75,5
2006,09:30:02,$ 3330.75,1
2007,09:30:02,$ 3330.75,2
2008,09:30:02,$ 3330.75,3
2009,09:30:02,$ 3330.75,4
2010,09:30:02,$ 3330.75,5
2011,09:30:02,$ 3330.75,3
2012,09:30:02,$ 3330.75,2
2013,09:30:02,$ 3330.75,2
2014,09:30:02,$ 3330.75,1
2015,09:30:02,$ 3330.75,1
2017,09:30:02,$ 3330.75,1
2018,09:30:02,$ 3330.75,1
2019,09:30:02,$ 3330.75,4
2020,09:30:02,$ 3330.75,2
2021,09:30:02,$ 3330.75,2
2022,09:30:02,$ 3330.75,1
2023,09:30:02,$ 3330.75,1
2024,09:30:02,$ 3330.75,4
2025,09:30:02,$ 3330.75,5
2026,09:30:02,$ 3330.75,3
2027,09:30:02,$ 3330.75,2
2028,09:30:02,$ 3330.75,3
2029,09:30:02,$ 3330.75,1
2030,09:30:02,$ 3330.75,1
2031,09:30:02,$ 3330.75,1
2032,09:30:02,$ 3330.75,1
2033,09:30:02,$ 3330.75,7
2034,09:30:02,$ 3330.75,1
2035,09:30:02,$ 3330.75,1
2036,09:30:02,$ 3330.75,3
2038,09:30:02,$ 3330.75,1
2039,09:30:02,$ 3330.75,1
2040,09:30:02,$ 3330.75,4
2041,09:30:02,$ 3330.75,22
2042,09:30:02,$ 3330.75,1
2043,09:30:02,$ 3330.75,5
2044,09:30:02,$ 3330.75,1
2045,09:30:02,$ 3330.75,1
2046,09:30:02,$ 3330.75,1
2047,09:30:02,$ 3330.75,10
2048,09:30:02,$ 3330.75,1
2049,09:30:02,$ 3330.75,1
2050,09:30:02,$ 3330.75,1
2051,09:30:02,$ 3330.75,2
2052,09:30:02,$ 3330.75,1
2053,09:30:02,$ 3330.75,10
2054,09:30:02,$ 3330.75,1
2055,09:30:02,$ 3330.75,2
2056,09:30:02,$ 3330.75,1
2057,09:30:02,$ 3330.75,1
2059,09:30:02,$ 3330.75,1
2060,09:30:02,$ 3330.75,3
2061,09:30:02,$ 3330.75,10
2062,09:30:02,$ 3330.75,1
2063,09:30:02,$ 3330.75,1
2064,09:30:02,$ 3330.75,1
2065,09:30:02,$ 3330.75,1
2066,09:30:02,$ 3330.75,1
2067,09:30:02,$ 3330.75,1
2068,09:30:02,$ 3330.75,16
2069,09:30:02,$ 3330.75,1
2070,09:30:02,$ 3330.75,1
2071,09:30:02,$ 3330.75,1
2072,09:30:02,$ 3330.75,3
2073,09:30:02,$ 3330.75,2
2074,09:30:02,$ 3330.75,1
2075,09:30:02,$ 3330.75,2
2076,09:30:02,$ 3330.75,6
2077,09:30:02,$ 3330.75,100
2078,09:30:02,$ 3330.75,10
2080,09:30:02,$ 3330.75,6
2081,09:30:02,$ 3330.75,3
2082,09:30:02,$ 3330.75,2
2083,09:30:02,$ 3330.75,10
2084,09:30:02,$ 3330.75,1
2085,09:30:02,$ 3330.75,20
2086,09:30:02,$ 3330.75,1
2087,09:30:02,$ 3330.75,2
2088,09:30:02,$ 3330.75,3
2089,09:30:02,$ 3330.75,3
2090,09:30:02,$ 3330.75,15
2091,09:30:02,$ 3330.75,2
2092,09:30:02,$ 3330.75,1
2093,09:30:02,$ 3330.75,1
2094,09:30:02,$ 3330.75,3
2095,09:30:02,$ 3330.75,2
2096,09:30:02,$ 3330.75,11
2097,09:30:02,$ 3330.75,2
2098,09:30:02,$ 3330.75,2
2099,09:30:02,$ 3330.75,5
2101,09:30:02,$ 3330.75,2
2102,09:30:02,$ 3330.75,3
2103,09:30:02,$ 3330.75,2
2104,09:30:02,$ 3330.75,1
2105,09:30:02,$ 3330.75,2
2106,09:30:02,$ 3330.75,28
2107,09:30:02,$ 3330.75,1
2108,09:30:02,$ 3330.75,2
2109,09:30:02,$ 3330.75,7
2110,09:30:02,$ 3330.75,1
2111,09:30:02,$ 3330.75,2
2112,09:30:02,$ 3330.75,50
2113,09:30:02,$ 3330.75,1
2114,09:30:02,$ 3330.75,1
2115,09:30:02,$ 3330.75,1
2116,09:30:02,$ 3330.75,1
2117,09:30:02,$ 3330.75,2
2118,09:30:02,$ 3330.75,1
2119,09:30:02,$ 3330.75,3
2120,09:30:02,$ 3330.75,1
2122,09:30:02,$ 3330.75,2
2123,09:30:02,$ 3330.75,1
2124,09:30:02,$ 3330.75,2
2125,09:30:02,$ 3330.75,1
2126,09:30:02,$ 3330.75,1
2127,09:30:02,$ 3330.75,3
2128,09:30:02,$ 3330.75,2
2129,09:30:02,$ 3330.75,5
2130,09:30:02,$ 3330.75,20
2131,09:30:02,$ 3330.75,10
2132,09:30:02,$ 3330.75,6
2133,09:30:02,$ 3330.75,2
2134,09:30:02,$ 3330.75,1
2135,09:30:02,$ 3330.75,1
2136,09:30:02,$ 3330.75,1
2137,09:30:02,$ 3330.75,1
2138,09:30:02,$ 3330.75,317
2139,09:30:02,$ 3330.75,2
2140,09:30:02,$ 3330.75,3
2141,09:30:02,$ 3330.75,41
2143,09:30:02,$ 3330.75,1
2144,09:30:02,$ 3330.75,1
2145,09:30:02,$ 3330.75,100
2146,09:30:02,$ 3330.75,1
2147,09:30:02,$ 3330.75,3
2148,09:30:02,$ 3330.75,179
2149,09:30:02,$ 3330.75,20
2150,09:30:02,$ 3330.75,2
2151,09:30:02,$ 3330.75,2
2152,09:30:02,$ 3330.75,195
2153,09:30:02,$ 3330.75,1
2154,09:30:02,$ 3330.75,30
2155,09:30:02,$ 3330.75,1
2156,09:30:02,$ 3330.75,5
2157,09:30:02,$ 3330.75,1
2158,09:30:02,$ 3330.75,1
2159,09:30:02,$ 3330.75,1
2160,09:30:02,$ 3330.75,1
2161,09:30:02,$ 3330.75,5
2162,09:30:02,$ 3330.75,5
2164,09:30:02,$ 3330.75,3
2165,09:30:02,$ 3330.75,3
2166,09:30:02,$ 3330.75,20
2167,09:30:02,$ 3330.75,1
2168,09:30:02,$ 3330.75,1
2169,09:30:02,$ 3330.75,2
2170,09:30:02,$ 3330.75,100
2171,09:30:02,$ 3330.75,10
2172,09:30:02,$ 3330.75,2
2173,09:30:02,$ 3330.75,3
2174,09:30:02,$ 3330.75,3
2175,09:30:02,$ 3330.75,40
2176,09:30:02,$ 3330.75,1
2177,09:30:02,$ 3330.75,50
2178,09:30:02,$ 3330.75,32
2179,09:30:02,$ 3330.75,1
2180,09:30:02,$ 3330.75,6
2181,09:30:02,$ 3330.75,17
2182,09:30:02,$ 3330.75,6
2183,09:30:02,$ 3330.75,1
2185,09:30:02,$ 3330.75,1
2186,09:30:02,$ 3330.75,2
2187,09:30:02,$ 3330.75,1
2188,09:30:02,$ 3330.75,1
2189,09:30:02,$ 3330.75,1
2190,09:30:02,$ 3330.75,1
2191,09:30:02,$ 3330.75,1
2192,09:30:02,$ 3330.75,1
2193,09:30:02,$ 3330.75,10
2194,09:30:02,$ 3330.75,3
2195,09:30:02,$ 3330.75,7
2196,09:30:02,$ 3330.75,115
2197,09:30:02,$ 3330.75,1
2198,09:30:02,$ 3330.75,9
2199,09:30:02,$ 3330.75,3
2200,09:30:02,$ 3330.75,3
2201,09:30:02,$ 3330.75,1
2202,09:30:02,$ 3330.75,100
2203,09:30:02,$ 3330.75,2
2204,09:30:02,$ 3330.75,1
2206,09:30:02,$ 3330.75,9
2207,09:30:02,$ 3330.75,90
2208,09:30:02,$ 3330.75,25
2209,09:30:02,$ 3330.75,1
2210,09:30:02,$ 3330.75,5
2211,09:30:02,$ 3330.75,10
2212,09:30:02,$ 3330.75,31
2213,09:30:02,$ 3330.75,1
2214,09:30:02,$ 3330.75,1
2215,09:30:02,$ 3330.75,3
2216,09:30:02,$ 3330.75,1
2217,09:30:02,$ 3330.75,1
2218,09:30:02,$ 3330.75,1
2219,09:30:02,$ 3330.75,2
2220,09:30:02,$ 3330.75,60
2221,09:30:02,$ 3330.75,2
2222,09:30:02,$ 3330.75,3
2223,09:30:02,$ 3330.75,1
2224,09:30:02,$ 3330.75,11
2225,09:30:02,$ 3330.75,294
2227,09:30:02,$ 3330.75,15
2228,09:30:02,$ 3330.75,53
2229,09:30:02,$ 3330.75,15
2230,09:30:02,$ 3330.75,14
2231,09:30:02,$ 3330.75,3
2232,09:30:02,$ 3330.75,30
2233,09:30:02,$ 3330.75,23
2234,09:30:02,$ 3330.75,1
2235,09:30:02,$ 3330.75,5
2236,09:30:02,$ 3330.75,5
2237,09:30:02,$ 3330.75,2
2238,09:30:02,$ 3330.75,42
2239,09:30:02,$ 3330.75,30
2240,09:30:02,$ 3330.75,1
2241,09:30:02,$ 3330.75,1
2242,09:30:02,$ 3330.75,2
2243,09:30:02,$ 3330.75,1
2244,09:30:02,$ 3330.75,1
2245,09:30:02,$ 3330.75,7
2246,09:30:02,$ 3330.75,4
2248,09:30:02,$ 3330.75,1
2249,09:30:02,$ 3330.75,1
2250,09:30:02,$ 3330.75,1
2251,09:30:02,$ 3330.75,1
2252,09:30:02,$ 3330.75,1
2253,09:30:02,$ 3330.75,1
2254,09:30:02,$ 3330.75,1
2255,09:30:02,$ 3330.75,1
2256,09:30:02,$ 3330.75,1
2257,09:30:02,$ 3330.75,106
2258,09:30:02,$ 3330.75,1
2259,09:30:02,$ 3330.75,1
2260,09:30:02,$ 3330.75,2
2261,09:30:02,$ 3330.75,4
2262,09:30:02,$ 3330.75,2
2263,09:30:02,$ 3330.75,2
2264,09:30:02,$ 3330.75,1
2265,09:30:02,$ 3330.75,2
2266,09:30:02,$ 3330.75,1
2267,09:30:02,$ 3330.75,1
2269,09:30:02,$ 3330.75,1
2270,09:30:02,$ 3330.75,1
2271,09:30:02,$ 3330.75,2
2272,09:30:02,$ 3330.75,1
2273,09:30:02,$ 3330.75,10
2274,09:30:02,$ 3330.75,1
2275,09:30:02,$ 3330.75,1
2276,09:30:02,$ 3330.75,1
2277,09:30:02,$ 3330.75,1
2278,09:30:02,$ 3330.75,15
2279,09:30:02,$ 3330.75,5
2280,09:30:02,$ 3330.75,1
2281,09:30:02,$ 3330.75,10
2282,09:30:02,$ 3330.75,3
2283,09:30:02,$ 3330.75,2
2284,09:30:02,$ 3330.75,2
2285,09:30:02,$ 3330.75,5
2286,09:30:02,$ 3330.75,1
2287,09:30:02,$ 3330.75,1
2288,09:30:02,$ 3330.75,1
2290,09:30:02,$ 3330.75,1
2291,09:30:02,$ 3330.75,2
2292,09:30:02,$ 3330.75,1
2293,09:30:02,$ 3330.75,1
2294,09:30:02,$ 3330.75,1
2295,09:30:02,$ 3330.75,1
2296,09:30:02,$ 3330.75,2
2297,09:30:02,$ 3330.75,15
2298,09:30:02,$ 3330.75,2
2299,09:30:02,$ 3330.75,2
2300,09:30:02,$ 3330.14,100
2301,09:30:01,$ 3331.4469,240
2303,10:29:59,$ 3308.00,250
2304,10:29:59,$ 3307.87,100
2305,10:29:59,$ 3308.62,100
2306,10:29:56,$ 3309.11,100
2307,10:29:56,$ 3309.33,200
2308,10:29:56,$ 3309.90,100
2309,10:29:56,$ 3309.89,100
2310,10:29:49,$ 3310.71,100
2311,10:29:48,$ 3309.6501,113
2312,10:29:22,$ 3310.355,100
2313,10:29:22,$ 3310.64,100
2314,10:29:18,$ 3310.6399,200
2315,10:29:03,$ 3309.63,100
2316,10:28:59,$ 3310.67,398
2317,10:28:58,$ 3310.00,215
2318,10:28:44,$ 3310.05,250
2319,10:28:35,$ 3310.00,100
2320,10:28:17,$ 3311.08,100
2321,10:28:17,$ 3311.08,100
2322,10:28:07,$ 3310.07,100
2324,10:28:03,$ 3311.08,100
2325,10:27:59,$ 3310.00,199
2326,10:27:54,$ 3310.9018,100
2327,10:27:46,$ 3310.00,100
2328,10:27:39,$ 3310.93,100
2329,10:27:30,$ 3311.76,100
2330,10:27:30,$ 3311.76,133
2331,10:27:24,$ 3311.00,102
2332,10:27:24,$ 3311.00,115
2333,10:27:22,$ 3310.43,100
2334,10:27:00,$ 3311.79,100
2335,10:26:47,$ 3311.68,100
2336,10:26:37,$ 3311.81,100
2337,10:26:36,$ 3312.14,100
2338,10:26:36,$ 3311.86,100
2339,10:26:36,$ 3311.94,100
2340,10:26:28,$ 3310.64,297
2341,10:26:27,$ 3311.89,100
2342,10:26:27,$ 3311.50,100
2343,10:26:26,$ 3310.66,100
2345,10:26:24,$ 3310.90,100
2346,10:26:08,$ 3310.84,100
2347,10:25:38,$ 3312.11,110
2348,10:25:34,$ 3311.55,100
2349,10:25:28,$ 3311.56,100
2350,10:25:22,$ 3312.00,100
2351,10:24:43,$ 3313.22,100
2352,10:23:44,$ 3311.89,100
2353,10:23:10,$ 3314.03,100
2354,10:22:55,$ 3312.97,100
2355,10:22:55,$ 3313.13,100
2356,10:22:55,$ 3313.13,100
2357,10:22:55,$ 3313.13,100
2358,10:22:55,$ 3312.89,100
2359,10:22:55,$ 3312.89,100
2360,10:22:55,$ 3312.89,100
2361,10:22:55,$ 3312.17,100
2362,10:22:55,$ 3311.56,100
2363,10:22:54,$ 3311.77,100
2364,10:22:54,$ 3311.64,100
2366,10:22:52,$ 3311.79,100
2367,10:22:51,$ 3311.79,100
2368,10:22:50,$ 3311.5014,155
2369,10:22:47,$ 3311.74,100
2370,10:22:45,$ 3311.79,100
2371,10:22:44,$ 3311.79,100
2372,10:22:43,$ 3311.46,100
2373,10:22:43,$ 3311.56,100
2374,10:22:43,$ 3311.415,100
2375,10:22:41,$ 3311.56,100
2376,10:22:40,$ 3311.54,100
2377,10:22:39,$ 3311.53,100
2378,10:22:39,$ 3311.56,100
2379,10:22:39,$ 3310.73,100
2380,10:22:38,$ 3311.54,100
2381,10:22:38,$ 3311.23,100
2382,10:22:38,$ 3311.16,100
2383,10:22:38,$ 3311.22,100
2384,10:22:38,$ 3311.56,100
2385,10:22:38,$ 3311.55,100
2387,10:22:38,$ 3311.55,100
2388,10:22:37,$ 3311.56,100
2389,10:22:33,$ 3311.56,100
2390,10:22:33,$ 3311.56,100
2391,10:22:32,$ 3311.56,100
2392,10:22:30,$ 3311.54,100
2393,10:22:30,$ 3311.55,100
2394,10:22:30,$ 3311.56,100
2395,10:22:30,$ 3311.56,100
2396,10:22:29,$ 3311.56,100
2397,10:22:28,$ 3311.45,100
2398,10:22:28,$ 3311.50,100
2399,10:22:28,$ 3310.89,100
2400,10:22:28,$ 3310.89,100
2401,10:22:28,$ 3310.55,100
2402,10:22:28,$ 3310.91,100
2403,10:22:28,$ 3310.87,100
2404,10:22:28,$ 3310.80,100
2405,10:22:28,$ 3310.91,100
2406,10:22:28,$ 3310.855,100
2408,10:22:28,$ 3310.80,100
2409,10:22:14,$ 3311.00,100
2410,10:22:14,$ 3311.00,113
2411,10:22:14,$ 3311.00,200
2412,10:22:14,$ 3311.00,166
2413,10:22:14,$ 3311.00,147
2414,10:21:16,$ 3309.45,100
2415,10:20:56,$ 3310.236,100
2416,10:20:33,$ 3308.84,100
2417,10:20:32,$ 3309.16,100
2418,10:20:26,$ 3308.68,200
2419,10:20:25,$ 3308.50,100
2420,10:20:24,$ 3307.84,100
2421,10:20:21,$ 3308.59,100
2422,10:20:08,$ 3309.6299,100
2423,10:19:56,$ 3308.27,100
2424,10:19:41,$ 3308.3028,200
2425,10:19:32,$ 3309.25,129
2426,10:19:10,$ 3309.51,100
2427,10:18:57,$ 3309.10,100
2429,10:18:56,$ 3308.64,100
2430,10:18:54,$ 3309.26,100
2431,10:18:52,$ 3309.26,200
2432,10:18:52,$ 3309.26,100
2433,10:18:13,$ 3309.62,100
2434,10:18:08,$ 3309.45,100
2435,10:18:05,$ 3308.72,100
2436,10:18:03,$ 3308.875,100
2437,10:18:01,$ 3309.00,600
2438,10:18:01,$ 3308.85,100
2439,10:18:01,$ 3309.00,100
2440,10:18:01,$ 3309.10,100
2441,10:18:01,$ 3309.00,100
2442,10:17:45,$ 3310.00,100
2443,10:17:41,$ 3310.585,100
2444,10:17:15,$ 3311.22,100
2445,10:17:15,$ 3311.17,100
2446,10:17:10,$ 3311.71,100
2447,10:17:10,$ 3311.72,100
2448,10:17:10,$ 3311.68,100
2450,10:17:10,$ 3311.68,200
2451,10:16:53,$ 3311.75,100
2452,10:16:53,$ 3311.92,100
2453,10:16:48,$ 3311.79,100
2454,10:16:48,$ 3311.76,100
2455,10:16:45,$ 3310.90,100
2456,10:16:36,$ 3310.6913,228
2457,10:16:36,$ 3310.6913,112
2458,10:16:36,$ 3310.00,100
2459,10:16:36,$ 3309.77,100
2460,10:16:26,$ 3309.25,100
2461,10:16:12,$ 3309.16,200
2462,10:16:12,$ 3309.16,100
2463,10:16:06,$ 3308.8652,100
2464,10:16:05,$ 3308.101,190
2465,10:16:03,$ 3309.15,100
2466,10:15:55,$ 3310.76,100
2467,10:15:55,$ 3310.76,100
2468,10:15:55,$ 3310.76,100
2469,10:15:55,$ 3310.67,100
2471,10:15:55,$ 3310.76,100
2472,10:15:55,$ 3310.76,100
2473,10:15:55,$ 3310.64,100
2474,10:15:47,$ 3310.10,100
2475,10:15:40,$ 3310.90,100
2476,10:15:22,$ 3310.54,100
2477,10:15:10,$ 3311.465,100
2478,10:15:06,$ 3311.505,100
2479,10:15:06,$ 3311.34,100
2480,10:15:04,$ 3310.96,100
2481,10:14:43,$ 3309.94,100
2482,10:14:42,$ 3309.52,100
2483,10:14:42,$ 3309.87,100
2484,10:14:40,$ 3309.50,100
2485,10:14:40,$ 3309.50,100
2486,10:14:40,$ 3309.50,100
2487,10:14:40,$ 3309.51,100
2488,10:14:40,$ 3309.40,100
2489,10:14:40,$ 3309.32,100
2490,10:14:30,$ 3308.725,100
2492,10:14:26,$ 3308.835,100
2493,10:14:24,$ 3308.4742,206
2494,10:14:17,$ 3308.44,100
2495,10:14:15,$ 3308.39,100
2496,10:14:15,$ 3308.44,500
2497,10:14:13,$ 3308.00,100
2498,10:13:58,$ 3309.60,100
2499,10:13:58,$ 3309.59,100
2500,10:13:48,$ 3310.61,100
2501,10:13:20,$ 3310.7802,100
2502,10:13:19,$ 3310.09,102
2503,10:13:12,$ 3310.00,100
2504,10:13:08,$ 3309.535,100
2505,10:13:07,$ 3309.535,100
2506,10:13:04,$ 3310.00,100
2507,10:13:01,$ 3310.3127,100
2508,10:12:56,$ 3310.53,100
2509,10:12:56,$ 3310.53,100
2510,10:12:55,$ 3310.8299,600
2511,10:12:55,$ 3310.28,100
2513,10:12:55,$ 3310.28,100
2514,10:12:55,$ 3310.28,100
2515,10:12:55,$ 3310.28,100
2516,10:12:55,$ 3310.23,100
2517,10:12:55,$ 3310.26,100
2518,10:12:55,$ 3310.53,100
2519,10:12:55,$ 3310.53,100
2520,10:12:55,$ 3310.20,100
2521,10:12:55,$ 3310.27,100
2522,10:12:55,$ 3310.15,100
2523,10:12:55,$ 3310.52,100
2524,10:12:55,$ 3310.40,100
2525,10:12:55,$ 3310.48,100
2526,10:12:55,$ 3310.51,100
2527,10:12:54,$ 3310.23,100
2528,10:12:52,$ 3310.445,100
2529,10:12:44,$ 3310.83,100
2530,10:12:44,$ 3310.2384,100
2531,10:12:42,$ 3309.571,104
2532,10:12:42,$ 3310.89,100
2534,10:12:41,$ 3310.57,100
2535,10:12:41,$ 3310.59,200
2536,10:12:30,$ 3310.95,100
2537,10:12:14,$ 3309.04,100
2538,10:12:07,$ 3308.02,100
2539,10:12:07,$ 3308.04,100
2540,10:12:07,$ 3308.04,100
2541,10:12:06,$ 3307.53,100
2542,10:12:05,$ 3308.00,100
2543,10:12:03,$ 3310.0699,100
2544,10:12:01,$ 3309.21,100
2545,10:11:56,$ 3308.935,100
2546,10:11:56,$ 3309.11,109
2547,10:11:52,$ 3309.06,100
2548,10:11:52,$ 3310.00,234
2549,10:11:52,$ 3310.00,200
2550,10:11:52,$ 3310.00,300
2551,10:11:52,$ 3310.00,188
2552,10:11:48,$ 3311.29,100
2553,10:11:46,$ 3311.74,100
2555,10:11:43,$ 3312.1665,256
2556,10:11:43,$ 3311.60,100
2557,10:11:19,$ 3312.42,150
2558,10:11:19,$ 3312.19,100
2559,10:11:17,$ 3312.51,158
2560,10:11:17,$ 3312.51,100
2561,10:11:16,$ 3313.185,100
2562,10:11:11,$ 3312.84,100
2563,10:10:59,$ 3313.86,200
2564,10:10:59,$ 3313.86,100
2565,10:10:28,$ 3313.00,100
2566,10:09:55,$ 3314.68,100
2567,10:09:47,$ 3313.84,100
2568,10:09:47,$ 3313.84,100
2569,10:09:21,$ 3313.37,200
2570,10:09:15,$ 3313.5383,150
2571,10:08:57,$ 3316.00,299
2572,10:08:57,$ 3315.98,100
2573,10:08:43,$ 3315.90,100
2574,10:08:38,$ 3315.3181,100
2576,10:08:31,$ 3317.20,100
2577,10:08:31,$ 3317.24,100
2578,10:08:31,$ 3317.29,100
2579,10:08:31,$ 3315.55,100
2580,10:08:31,$ 3315.86,100
2581,10:08:31,$ 3317.03,100
2582,10:08:18,$ 3313.66,100
2583,10:08:18,$ 3313.49,100
2584,10:08:18,$ 3313.62,100
2585,10:08:16,$ 3313.01,100
2586,10:08:11,$ 3313.16,100
2587,10:08:11,$ 3313.34,100
2588,10:08:09,$ 3313.7374,200
2589,10:07:47,$ 3314.00,100
2590,10:07:47,$ 3314.00,100
2591,10:07:35,$ 3313.14,100
2592,10:07:33,$ 3314.00,100
2593,10:07:30,$ 3314.53,100
2594,10:07:28,$ 3314.9575,400
2595,10:07:22,$ 3315.00,100
2597,10:07:11,$ 3315.03,100
2598,10:07:09,$ 3315.58,100
2599,10:07:02,$ 3315.27,100
2600,10:07:01,$ 3315.33,100
2601,10:07:01,$ 3315.77,147
2602,10:06:54,$ 3316.45,100
2603,10:06:31,$ 3317.30,100
2604,10:06:28,$ 3317.29,400
2605,10:06:25,$ 3318.27,100
2606,10:06:08,$ 3320.00,100
2607,10:06:02,$ 3318.75,100
2608,10:05:54,$ 3318.9954,200
2609,10:05:49,$ 3319.84,100
2610,10:05:49,$ 3320.83,100
2611,10:05:47,$ 3319.84,400
2612,10:05:44,$ 3320.20,100
2613,10:05:44,$ 3320.20,100
2614,10:05:29,$ 3320.00,100
2615,10:05:29,$ 3319.94,100
2616,10:05:07,$ 3318.46,100
2618,10:05:07,$ 3318.49,100
2619,10:04:43,$ 3319.49,100
2620,10:04:43,$ 3319.49,125
2621,10:04:37,$ 3319.445,100
2622,10:04:35,$ 3319.81,100
2623,10:04:08,$ 3317.7691,135
2624,10:04:05,$ 3317.78,100
2625,10:04:05,$ 3317.78,100
2626,10:03:19,$ 3318.21,100
2627,10:03:15,$ 3317.60,"1,000"
2628,10:03:01,$ 3319.91,100
2629,10:03:01,$ 3319.96,140
2630,10:02:59,$ 3319.185,100
2631,10:02:58,$ 3318.86,100
2632,10:02:56,$ 3319.145,100
2633,10:02:50,$ 3318.67,100
2634,10:02:25,$ 3315.49,100
2635,10:02:20,$ 3314.54,100
2636,10:02:20,$ 3314.51,100
2637,10:01:56,$ 3315.00,100
2639,10:01:50,$ 3314.80,180
2640,10:01:49,$ 3314.06,116
2641,10:01:41,$ 3314.00,100
2642,10:01:41,$ 3315.21,200
2643,10:01:22,$ 3316.85,100
2644,10:01:17,$ 3319.29,100
2645,10:01:16,$ 3316.28,100
2646,10:01:16,$ 3316.32,100
2647,10:01:16,$ 3316.36,100
2648,10:01:16,$ 3316.49,100
2649,10:01:16,$ 3316.51,100
2650,10:01:16,$ 3316.51,100
2651,10:01:12,$ 3316.3244,100
2652,10:01:08,$ 3315.95,100
2653,10:01:07,$ 3315.93,100
2654,10:01:07,$ 3314.99,200
2655,10:01:04,$ 3314.995,100
2656,10:01:03,$ 3315.00,100
2657,10:00:59,$ 3316.07,100
2658,10:00:48,$ 3313.4895,106
2660,10:00:42,$ 3313.97,100
2661,10:00:42,$ 3313.97,100
2662,10:00:22,$ 3313.98,100
2663,10:00:13,$ 3313.98,100
2664,10:00:13,$ 3313.99,100
2665,10:00:10,$ 3313.81,100
2666,10:00:03,$ 3313.47,100
2668,10:59:58,$ 3302.75,100
2669,10:59:52,$ 3302.27,100
2670,10:59:52,$ 3302.20,100
2671,10:59:52,$ 3302.22,100
2672,10:59:52,$ 3302.23,100
2673,10:59:52,$ 3302.25,100
2674,10:59:51,$ 3301.685,100
2675,10:59:45,$ 3302.19,100
2676,10:59:25,$ 3302.04,100
2677,10:59:25,$ 3301.81,100
2678,10:59:22,$ 3301.895,100
2679,10:59:22,$ 3301.537,100
2680,10:59:22,$ 3301.50,100
2681,10:59:22,$ 3301.50,100
2682,10:59:22,$ 3301.50,100
2683,10:59:22,$ 3301.51,200
2684,10:59:22,$ 3301.51,100
2685,10:59:14,$ 3301.50,100
2686,10:59:10,$ 3302.44,100
2687,10:59:04,$ 3302.69,"1,055"
2689,10:59:03,$ 3302.72,100
2690,10:58:44,$ 3303.11,100
2691,10:58:43,$ 3303.03,125
2692,10:58:41,$ 3303.53,200
2693,10:58:37,$ 3303.3475,104
2694,10:58:37,$ 3303.2582,327
2695,10:58:37,$ 3303.03,125
2696,10:58:36,$ 3303.45,100
2697,10:58:14,$ 3303.10,100
2698,10:58:04,$ 3303.9931,100
2699,10:57:34,$ 3304.18,100
2700,10:57:34,$ 3304.18,100
2701,10:57:26,$ 3303.95,100
2702,10:57:19,$ 3303.60,120
2703,10:57:10,$ 3303.8101,117
2704,10:57:05,$ 3303.43,284
2705,10:56:56,$ 3302.3738,172
2706,10:56:31,$ 3303.43,100
2707,10:56:31,$ 3303.145,100
2708,10:56:29,$ 3304.19,100
2710,10:56:28,$ 3302.97,169
2711,10:56:28,$ 3302.97,100
2712,10:56:14,$ 3301.79,100
2713,10:56:11,$ 3301.79,100
2714,10:56:11,$ 3302.00,965
2715,10:56:11,$ 3302.00,200
2716,10:56:11,$ 3302.00,100
2717,10:56:11,$ 3302.18,282
2718,10:56:11,$ 3302.31,100
2719,10:56:05,$ 3302.6372,100
2720,10:55:50,$ 3302.0101,100
2721,10:55:35,$ 3303.47,100
2722,10:55:27,$ 3303.78,200
2723,10:55:27,$ 3303.22,115
2724,10:55:27,$ 3303.22,100
2725,10:55:25,$ 3302.615,100
2726,10:55:09,$ 3303.66,100
2727,10:54:43,$ 3304.00,100
2728,10:54:43,$ 3304.00,100
2729,10:54:39,$ 3303.00,100
2731,10:54:26,$ 3303.605,100
2732,10:54:16,$ 3304.08,300
2733,10:54:16,$ 3304.01,100
2734,10:54:10,$ 3303.54,100
2735,10:54:06,$ 3304.00,100
2736,10:54:05,$ 3303.9484,299
2737,10:54:03,$ 3304.00,200
2738,10:54:03,$ 3304.00,112
2739,10:54:03,$ 3304.00,100
2740,10:53:50,$ 3304.03,100
2741,10:53:42,$ 3304.00,100
2742,10:53:32,$ 3304.75,100
2743,10:53:32,$ 3304.76,100
2744,10:53:27,$ 3304.50,100
2745,10:53:27,$ 3304.50,100
2746,10:53:16,$ 3305.00,100
2747,10:52:56,$ 3304.15,100
2748,10:52:39,$ 3305.57,100
2749,10:52:39,$ 3305.62,100
2750,10:52:39,$ 3305.67,100
2752,10:52:31,$ 3305.35,100
2753,10:52:31,$ 3305.50,100
2754,10:52:31,$ 3305.34,100
2755,10:52:06,$ 3304.87,100
2756,10:51:55,$ 3304.86,100
2757,10:51:33,$ 3304.875,100
2758,10:51:18,$ 3305.11,500
2759,10:51:15,$ 3304.34,100
2760,10:51:07,$ 3303.84,100
2761,10:50:50,$ 3302.74,100
2762,10:50:50,$ 3302.77,100
2763,10:50:29,$ 3302.37,100
2764,10:50:25,$ 3303.08,100
2765,10:50:15,$ 3304.40,100
2766,10:49:50,$ 3303.775,100
2767,10:49:32,$ 3304.3444,500
2768,10:49:10,$ 3305.20,100
2769,10:49:01,$ 3306.21,100
2770,10:49:01,$ 3305.36,355
2771,10:48:55,$ 3305.61,100
2773,10:48:24,$ 3305.42,100
2774,10:48:24,$ 3305.36,100
2775,10:48:23,$ 3305.36,100
2776,10:48:19,$ 3306.20,100
2777,10:48:14,$ 3304.565,100
2778,10:48:14,$ 3304.565,100
2779,10:48:14,$ 3303.61,100
2780,10:48:13,$ 3302.77,100
2781,10:48:09,$ 3303.09,100
2782,10:48:09,$ 3303.09,116
2783,10:48:05,$ 3303.55,500
2784,10:48:04,$ 3303.61,100
2785,10:47:59,$ 3304.05,100
2786,10:47:52,$ 3304.62,200
2787,10:47:45,$ 3304.882,100
2788,10:47:45,$ 3304.26,100
2789,10:47:44,$ 3303.935,100
2790,10:47:44,$ 3303.75,100
2791,10:47:38,$ 3303.60,100
2792,10:47:34,$ 3304.19,100
2794,10:47:33,$ 3303.93,140
2795,10:47:21,$ 3303.4501,200
2796,10:47:21,$ 3304.22,100
2797,10:47:18,$ 3303.4996,100
2798,10:47:10,$ 3303.399,100
2799,10:47:05,$ 3302.95,101
2800,10:46:47,$ 3302.49,100
2801,10:46:47,$ 3302.49,100
2802,10:46:47,$ 3302.49,100
2803,10:46:41,$ 3302.94,100
2804,10:46:31,$ 3303.095,100
2805,10:46:29,$ 3302.76,100
2806,10:46:28,$ 3302.68,100
2807,10:46:28,$ 3303.00,100
2808,10:46:28,$ 3303.00,107
2809,10:46:00,$ 3305.00,100
2810,10:46:00,$ 3304.88,100
2811,10:46:00,$ 3304.34,100
2812,10:45:50,$ 3303.90,100
2813,10:45:31,$ 3303.27,100
2815,10:45:22,$ 3302.37,100
2816,10:45:22,$ 3302.71,100
2817,10:45:22,$ 3302.80,100
2818,10:45:18,$ 3303.30,100
2819,10:45:18,$ 3303.30,100
2820,10:45:13,$ 3304.14,100
2821,10:45:09,$ 3304.50,100
2822,10:45:05,$ 3304.1438,100
2823,10:45:03,$ 3305.00,101
2824,10:44:58,$ 3305.15,100
2825,10:44:46,$ 3306.195,100
2826,10:44:46,$ 3306.66,100
2827,10:44:46,$ 3306.21,100
2828,10:44:46,$ 3306.21,200
2829,10:44:43,$ 3306.29,169
2830,10:44:43,$ 3306.29,115
2831,10:44:43,$ 3306.29,347
2832,10:44:43,$ 3306.29,111
2833,10:44:43,$ 3306.29,435
2834,10:44:43,$ 3306.29,123
2836,10:44:43,$ 3306.29,100
2837,10:44:43,$ 3306.29,100
2838,10:44:35,$ 3306.68,100
2839,10:44:34,$ 3306.72,100
2840,10:44:31,$ 3306.50,100
2841,10:44:31,$ 3306.29,100
2842,10:44:30,$ 3305.8025,100
2843,10:44:14,$ 3305.85,374
2844,10:44:14,$ 3305.85,459
2845,10:44:14,$ 3305.85,672
2846,10:44:09,$ 3306.00,100
2847,10:44:09,$ 3305.85,100
2848,10:44:09,$ 3305.85,100
2849,10:44:01,$ 3305.44,100
2850,10:43:54,$ 3304.2867,500
2851,10:43:49,$ 3305.28,100
2852,10:43:28,$ 3306.02,100
2853,10:43:28,$ 3305.86,100
2854,10:43:24,$ 3306.05,100
2855,10:43:20,$ 3306.3125,150
2857,10:42:50,$ 3306.20,185
2858,10:42:19,$ 3305.53,100
2859,10:42:19,$ 3306.55,177
2860,10:41:55,$ 3307.18,100
2861,10:41:54,$ 3307.17,100
2862,10:41:54,$ 3307.18,100
2863,10:41:54,$ 3307.24,100
2864,10:41:54,$ 3307.24,100
2865,10:41:52,$ 3307.26,100
2866,10:41:52,$ 3307.26,100
2867,10:41:52,$ 3307.26,100
2868,10:41:52,$ 3307.29,100
2869,10:41:52,$ 3307.23,100
2870,10:41:52,$ 3307.19,100
2871,10:41:52,$ 3307.17,100
2872,10:41:52,$ 3307.18,100
2873,10:41:51,$ 3307.23,100
2874,10:41:51,$ 3307.26,100
2875,10:41:51,$ 3307.26,100
2876,10:41:51,$ 3307.26,100
2878,10:41:51,$ 3307.23,100
2879,10:41:51,$ 3307.13,100
2880,10:41:51,$ 3307.13,100
2881,10:41:51,$ 3307.13,100
2882,10:41:19,$ 3306.36,100
2883,10:40:59,$ 3306.22,100
2884,10:40:45,$ 3305.21,100
2885,10:40:45,$ 3305.50,100
2886,10:40:39,$ 3305.095,100
2887,10:40:22,$ 3305.26,100
2888,10:40:18,$ 3304.88,100
2889,10:40:17,$ 3303.98,200
2890,10:40:13,$ 3303.585,100
2891,10:40:12,$ 3303.97,100
2892,10:40:12,$ 3303.97,111
2893,10:40:07,$ 3303.57,100
2894,10:39:32,$ 3304.95,100
2895,10:39:27,$ 3305.00,100
2896,10:39:19,$ 3305.18,100
2897,10:38:58,$ 3305.12,340
2899,10:38:58,$ 3305.00,100
2900,10:38:52,$ 3305.08,100
2901,10:38:52,$ 3305.29,100
2902,10:38:34,$ 3306.025,100
2903,10:38:30,$ 3306.17,"1,000"
2904,10:38:20,$ 3306.475,100
2905,10:38:20,$ 3306.87,100
2906,10:38:20,$ 3306.475,100
2907,10:38:20,$ 3306.475,100
2908,10:38:17,$ 3306.3948,300
2909,10:38:02,$ 3305.4808,100
2910,10:37:52,$ 3305.17,100
2911,10:37:52,$ 3305.17,700
2912,10:37:52,$ 3305.17,100
2913,10:37:52,$ 3305.17,100
2914,10:37:52,$ 3305.17,300
2915,10:37:52,$ 3305.17,100
2916,10:37:45,$ 3305.015,100
2917,10:37:45,$ 3305.01,100
2918,10:37:45,$ 3305.00,100
2920,10:37:45,$ 3305.00,100
2921,10:37:45,$ 3305.00,100
2922,10:37:42,$ 3305.00,100
2923,10:37:27,$ 3304.91,100
2924,10:37:25,$ 3304.47,100
2925,10:37:25,$ 3304.43,100
2926,10:37:13,$ 3304.59,100
2927,10:37:03,$ 3303.90,100
2928,10:37:00,$ 3303.0575,100
2929,10:36:52,$ 3303.71,100
2930,10:36:52,$ 3303.69,100
2931,10:36:52,$ 3303.68,100
2932,10:36:49,$ 3304.0085,206
2933,10:36:48,$ 3304.13,100
2934,10:36:48,$ 3303.91,100
2935,10:36:44,$ 3303.61,100
2936,10:36:41,$ 3303.72,115
2937,10:36:41,$ 3303.72,116
2938,10:36:11,$ 3304.61,100
2939,10:36:02,$ 3304.36,100
2941,10:36:02,$ 3304.38,100
2942,10:36:02,$ 3304.46,100
2943,10:35:44,$ 3305.00,100
2944,10:35:43,$ 3304.9858,239
2945,10:35:36,$ 3304.4924,142
2946,10:35:34,$ 3305.32,100
2947,10:35:33,$ 3304.47,100
2948,10:35:33,$ 3304.47,200
2949,10:35:31,$ 3303.81,200
2950,10:35:31,$ 3303.83,100
2951,10:35:31,$ 3303.81,100
2952,10:35:25,$ 3304.00,132
2953,10:34:53,$ 3305.29,100
2954,10:34:53,$ 3305.29,100
2955,10:34:53,$ 3304.92,100
2956,10:34:53,$ 3304.98,177
2957,10:34:39,$ 3304.76,100
2958,10:34:38,$ 3305.50,100
2959,10:34:38,$ 3305.66,100
2960,10:34:38,$ 3305.225,100
2962,10:34:38,$ 3305.225,100
2963,10:34:38,$ 3305.66,100
2964,10:34:38,$ 3305.66,100
2965,10:34:38,$ 3305.52,100
2966,10:34:38,$ 3305.66,100
2967,10:34:35,$ 3305.42,100
2968,10:34:32,$ 3304.909,100
2969,10:34:21,$ 3305.00,159
2970,10:34:13,$ 3304.53,100
2971,10:34:13,$ 3304.49,100
2972,10:34:08,$ 3305.2475,100
2973,10:34:08,$ 3305.09,100
2974,10:34:08,$ 3305.15,100
2975,10:34:08,$ 3305.19,100
2976,10:34:08,$ 3305.50,173
2977,10:34:08,$ 3305.50,100
2978,10:34:02,$ 3305.00,100
2979,10:34:02,$ 3305.00,195
2980,10:34:02,$ 3304.67,100
2981,10:34:01,$ 3303.9825,100
2983,10:34:01,$ 3304.00,100
2984,10:34:00,$ 3303.64,"1,055"
2985,10:33:59,$ 3303.64,100
2986,10:33:58,$ 3303.81,100
2987,10:33:58,$ 3303.80,100
2988,10:33:58,$ 3304.135,100
2989,10:33:54,$ 3304.05,100
2990,10:33:54,$ 3303.45,100
2991,10:33:54,$ 3303.48,100
2992,10:33:54,$ 3303.75,100
2993,10:33:54,$ 3303.69,100
2994,10:33:54,$ 3303.4535,100
2995,10:33:52,$ 3303.96,100
2996,10:33:52,$ 3303.96,100
2997,10:33:52,$ 3303.96,100
2998,10:33:52,$ 3303.96,100
2999,10:33:45,$ 3304.20,100
3000,10:33:45,$ 3304.29,100
3001,10:33:45,$ 3304.29,100
3002,10:33:45,$ 3304.18,100
3004,10:33:45,$ 3304.99,100
3005,10:33:45,$ 3305.26,100
3006,10:33:45,$ 3305.26,100
3007,10:33:39,$ 3305.49,100
3008,10:33:26,$ 3305.85,105
3009,10:33:14,$ 3305.6625,100
3010,10:33:14,$ 3305.6725,100
3011,10:33:14,$ 3305.505,100
3012,10:33:14,$ 3306.00,100
3013,10:33:08,$ 3305.505,100
3014,10:33:05,$ 3306.07,100
3015,10:32:57,$ 3306.48,100
3016,10:32:57,$ 3306.125,100
3017,10:32:57,$ 3306.125,100
3018,10:32:57,$ 3306.125,100
3019,10:32:57,$ 3306.12,100
3020,10:32:52,$ 3306.32,100
3021,10:32:52,$ 3306.45,100
3022,10:32:51,$ 3306.05,100
3023,10:32:51,$ 3306.05,100
3025,10:32:51,$ 3305.525,100
3026,10:32:51,$ 3306.05,100
3027,10:32:51,$ 3305.525,100
3028,10:32:51,$ 3305.91,100
3029,10:32:51,$ 3305.455,100
3030,10:32:50,$ 3305.70,100
3031,10:32:50,$ 3305.525,100
3032,10:32:50,$ 3305.525,100
3033,10:32:50,$ 3305.445,100
3034,10:32:50,$ 3305.52,100
3035,10:32:50,$ 3305.52,100
3036,10:32:49,$ 3305.98,100
3037,10:32:49,$ 3306.02,100
3038,10:32:47,$ 3305.06,100
3039,10:32:44,$ 3305.74,166
3040,10:32:44,$ 3305.74,100
3041,10:32:42,$ 3305.37,100
3042,10:32:37,$ 3305.47,100
3043,10:32:35,$ 3305.48,100
3044,10:32:29,$ 3305.63,100
3046,10:32:29,$ 3306.045,100
3047,10:32:19,$ 3306.2875,100
3048,10:32:19,$ 3306.12,100
3049,10:32:19,$ 3306.125,100
3050,10:32:19,$ 3306.32,100
3051,10:32:19,$ 3306.125,100
3052,10:32:19,$ 3306.085,100
3053,10:32:19,$ 3306.53,100
3054,10:31:48,$ 3306.52,175
3055,10:31:47,$ 3306.00,100
3056,10:31:47,$ 3306.635,100
3057,10:31:43,$ 3306.74,150
3058,10:31:40,$ 3307.00,175
3059,10:31:38,$ 3306.71,538
3060,10:31:37,$ 3307.00,143
3061,10:31:34,$ 3307.47,100
3062,10:31:19,$ 3307.82,100
3063,10:31:09,$ 3308.1933,150
3064,10:30:54,$ 3309.07,100
3065,10:30:49,$ 3308.9699,100
3067,10:30:49,$ 3308.97,400
3068,10:30:48,$ 3308.485,100
3069,10:30:10,$ 3308.54,100
3070,10:30:10,$ 3308.54,100
3071,10:30:05,$ 3308.46,100
3072,10:30:04,$ 3308.86,100
3073,10:30:04,$ 3308.60,116
3075,11:29:51,$ 3296.17,100
3076,11:29:50,$ 3295.03,100
3077,11:29:04,$ 3297.1144,192
3078,11:28:53,$ 3296.03,100
3079,11:28:48,$ 3296.01,100
3080,11:28:47,$ 3296.49,100
3081,11:28:47,$ 3296.50,116
3082,11:28:39,$ 3296.00,100
3083,11:28:29,$ 3295.5268,100
3084,11:27:59,$ 3294.35,100
3085,11:27:46,$ 3295.02,100
3086,11:27:31,$ 3295.09,100
3087,11:27:26,$ 3294.26,100
3088,11:27:17,$ 3295.21,100
3089,11:27:07,$ 3295.99,100
3090,11:26:59,$ 3295.76,100
3091,11:26:53,$ 3294.3622,100
3092,11:26:42,$ 3295.00,100
3093,11:26:36,$ 3295.115,200
3094,11:26:28,$ 3295.18,100
3096,11:26:19,$ 3295.1601,101
3097,11:26:18,$ 3295.67,100
3098,11:26:04,$ 3296.815,500
3099,11:26:02,$ 3296.90,100
3100,11:26:02,$ 3296.96,100
3101,11:26:02,$ 3296.78,100
3102,11:26:02,$ 3296.97,100
3103,11:26:02,$ 3296.97,100
3104,11:25:56,$ 3296.325,100
3105,11:25:51,$ 3295.86,100
3106,11:25:51,$ 3295.85,120
3107,11:25:22,$ 3295.045,130
3108,11:25:19,$ 3295.00,100
3109,11:25:14,$ 3293.76,100
3110,11:25:14,$ 3293.76,100
3111,11:25:14,$ 3293.13,100
3112,11:25:07,$ 3294.17,100
3113,11:24:42,$ 3294.08,250
3114,11:24:33,$ 3294.336,100
3115,11:24:33,$ 3293.88,100
3117,11:24:25,$ 3293.48,100
3118,11:24:22,$ 3293.00,200
3119,11:24:15,$ 3293.025,100
3120,11:24:09,$ 3293.00,175
3121,11:23:58,$ 3294.1052,100
3122,11:23:50,$ 3293.61,100
3123,11:23:27,$ 3293.0101,100
3124,11:23:21,$ 3292.8601,250
3125,11:23:10,$ 3294.0691,300
3126,11:22:59,$ 3294.57,100
3127,11:22:59,$ 3294.60,100
3128,11:22:59,$ 3294.61,100
3129,11:22:56,$ 3294.105,100
3130,11:22:48,$ 3293.54,100
3131,11:22:48,$ 3294.10,100
3132,11:22:43,$ 3293.50,116
3133,11:22:43,$ 3293.49,200
3134,11:22:03,$ 3292.872,100
3135,11:21:52,$ 3293.13,100
3136,11:21:52,$ 3292.85,100
3138,11:21:31,$ 3293.85,200
3139,11:21:23,$ 3293.632,100
3140,11:21:22,$ 3294.135,100
3141,11:21:22,$ 3293.33,100
3142,11:21:16,$ 3293.98,100
3143,11:21:16,$ 3293.99,100
3144,11:21:16,$ 3294.00,100
3145,11:21:12,$ 3293.445,500
3146,11:21:05,$ 3293.00,100
3147,11:21:05,$ 3293.00,559
3148,11:21:03,$ 3292.41,100
3149,11:20:59,$ 3292.29,100
3150,11:20:55,$ 3291.96,100
3151,11:20:55,$ 3292.10,194
3152,11:20:55,$ 3292.00,100
3153,11:20:55,$ 3292.09,100
3154,11:20:55,$ 3292.09,100
3155,11:20:55,$ 3292.09,141
3156,11:20:44,$ 3291.50,100
3157,11:20:35,$ 3291.00,200
3159,11:20:32,$ 3291.58,100
3160,11:20:32,$ 3291.58,100
3161,11:20:32,$ 3291.58,100
3162,11:20:30,$ 3291.01,100
3163,11:20:30,$ 3291.10,100
3164,11:20:13,$ 3290.215,200
3165,11:20:13,$ 3289.99,100
3166,11:20:12,$ 3289.0001,100
3167,11:20:09,$ 3289.92,100
3168,11:20:09,$ 3289.94,102
3169,11:20:09,$ 3289.50,100
3170,11:20:07,$ 3288.855,100
3171,11:20:01,$ 3288.00,244
3172,11:19:59,$ 3288.26,100
3173,11:19:58,$ 3286.95,100
3174,11:19:57,$ 3288.20,100
3175,11:19:57,$ 3288.17,100
3176,11:19:57,$ 3288.17,100
3177,11:19:57,$ 3288.13,100
3178,11:19:57,$ 3288.13,100
3180,11:19:50,$ 3287.48,100
3181,11:19:30,$ 3287.8742,500
3182,11:19:23,$ 3287.47,100
3183,11:19:22,$ 3287.50,300
3184,11:19:19,$ 3287.51,100
3185,11:19:19,$ 3287.265,100
3186,11:19:17,$ 3286.70,100
3187,11:19:17,$ 3286.85,100
3188,11:19:17,$ 3286.62,100
3189,11:19:17,$ 3287.00,100
3190,11:19:10,$ 3286.13,100
3191,11:19:09,$ 3287.8399,400
3192,11:19:08,$ 3287.76,100
3193,11:19:07,$ 3287.82,100
3194,11:19:07,$ 3287.75,100
3195,11:19:07,$ 3287.82,100
3196,11:19:07,$ 3287.75,100
3197,11:19:07,$ 3287.80,100
3198,11:19:07,$ 3287.80,100
3199,11:19:07,$ 3287.61,100
3201,11:19:05,$ 3286.65,300
3202,11:19:05,$ 3286.645,100
3203,11:19:05,$ 3287.21,100
3204,11:19:04,$ 3287.27,100
3205,11:19:04,$ 3287.30,100
3206,11:19:04,$ 3287.29,100
3207,11:19:04,$ 3287.29,100
3208,11:19:04,$ 3287.27,100
3209,11:19:04,$ 3287.27,100
3210,11:19:04,$ 3287.28,100
3211,11:19:03,$ 3286.65,100
3212,11:19:02,$ 3287.26,100
3213,11:18:57,$ 3286.89,100
3214,11:18:51,$ 3286.85,100
3215,11:18:44,$ 3286.45,100
3216,11:18:44,$ 3286.4552,500
3217,11:18:41,$ 3286.43,100
3218,11:18:41,$ 3286.8299,100
3219,11:18:37,$ 3286.21,398
3220,11:18:37,$ 3286.21,100
3222,11:18:37,$ 3286.21,100
3223,11:18:37,$ 3286.21,185
3224,11:18:28,$ 3286.81,100
3225,11:18:25,$ 3288.2799,100
3226,11:18:21,$ 3287.13,100
3227,11:18:18,$ 3287.72,105
3228,11:18:17,$ 3287.72,100
3229,11:18:17,$ 3287.63,100
3230,11:18:17,$ 3287.69,100
3231,11:18:14,$ 3286.86,100
3232,11:18:12,$ 3286.2367,100
3233,11:18:09,$ 3286.21,374
3234,11:18:09,$ 3287.00,200
3235,11:18:09,$ 3287.15,100
3236,11:18:06,$ 3288.00,162
3237,11:18:05,$ 3287.7197,300
3238,11:17:46,$ 3288.09,100
3239,11:17:46,$ 3288.10,100
3240,11:17:46,$ 3288.05,100
3241,11:17:46,$ 3288.05,100
3243,11:17:46,$ 3288.02,100
3244,11:17:45,$ 3288.50,179
3245,11:17:39,$ 3288.49,100
3246,11:17:39,$ 3288.49,100
3247,11:17:38,$ 3288.484,100
3248,11:17:38,$ 3287.51,100
3249,11:17:35,$ 3288.98,100
3250,11:17:22,$ 3288.253,500
3251,11:17:21,$ 3288.1381,100
3252,11:17:15,$ 3287.71,400
3253,11:17:15,$ 3287.52,100
3254,11:17:03,$ 3287.575,500
3255,11:17:02,$ 3286.57,100
3256,11:17:02,$ 3287.01,100
3257,11:17:02,$ 3287.02,100
3258,11:16:57,$ 3288.50,350
3259,11:16:56,$ 3289.00,100
3260,11:16:54,$ 3288.00,186
3261,11:16:54,$ 3288.04,100
3262,11:16:54,$ 3288.9999,250
3264,11:16:49,$ 3288.1623,100
3265,11:16:49,$ 3288.04,100
3266,11:16:49,$ 3288.71,250
3267,11:16:47,$ 3288.735,100
3268,11:16:47,$ 3288.4999,100
3269,11:16:47,$ 3288.45,100
3270,11:16:45,$ 3288.55,200
3271,11:16:45,$ 3288.68,100
3272,11:16:43,$ 3288.72,100
3273,11:16:41,$ 3288.74,400
3274,11:16:41,$ 3289.374,130
3275,11:16:38,$ 3288.79,100
3276,11:16:38,$ 3288.79,100
3277,11:16:32,$ 3289.6699,100
3278,11:16:31,$ 3288.99,100
3279,11:16:30,$ 3288.0001,100
3280,11:16:30,$ 3288.39,100
3281,11:16:30,$ 3290.00,100
3282,11:16:30,$ 3290.00,100
3283,11:16:23,$ 3290.87,179
3285,11:16:22,$ 3290.7425,331
3286,11:16:22,$ 3290.30,100
3287,11:16:22,$ 3290.01,100
3288,11:16:21,$ 3290.30,100
3289,11:16:21,$ 3290.24,100
3290,11:15:53,$ 3291.00,100
3291,11:15:53,$ 3291.10,100
3292,11:15:53,$ 3291.00,100
3293,11:15:53,$ 3292.21,100
3294,11:15:53,$ 3291.05,100
3295,11:15:53,$ 3291.00,100
3296,11:15:53,$ 3291.00,223
3297,11:15:53,$ 3292.00,123
3298,11:15:53,$ 3292.00,100
3299,11:15:50,$ 3291.20,100
3300,11:15:47,$ 3291.9999,100
3301,11:15:43,$ 3291.51,100
3302,11:15:32,$ 3290.913,146
3303,11:15:32,$ 3290.03,100
3304,11:15:32,$ 3290.12,100
3306,11:15:32,$ 3290.09,100
3307,11:15:32,$ 3291.60,100
3308,11:15:28,$ 3291.8025,168
3309,11:15:24,$ 3293.00,100
3310,11:15:17,$ 3291.96,100
3311,11:15:17,$ 3291.25,100
3312,11:15:14,$ 3291.85,175
3313,11:15:11,$ 3292.14,100
3314,11:15:04,$ 3292.02,100
3315,11:15:02,$ 3292.46,100
3316,11:15:01,$ 3292.20,100
3317,11:15:01,$ 3292.20,100
3318,11:15:01,$ 3292.21,100
3319,11:15:01,$ 3292.89,100
3320,11:14:57,$ 3293.86,100
3321,11:14:54,$ 3293.61,100
3322,11:14:48,$ 3293.795,100
3323,11:14:47,$ 3293.46,100
3324,11:14:43,$ 3293.521,172
3325,11:14:43,$ 3293.43,100
3327,11:14:42,$ 3294.03,100
3328,11:14:41,$ 3294.03,315
3329,11:14:38,$ 3294.04,100
3330,11:14:36,$ 3294.0101,100
3331,11:14:25,$ 3294.55,100
3332,11:14:25,$ 3294.55,100
3333,11:14:16,$ 3294.81,100
3334,11:14:15,$ 3294.525,900
3335,11:14:08,$ 3295.40,100
3336,11:13:51,$ 3295.40,100
3337,11:13:36,$ 3295.00,100
3338,11:13:18,$ 3295.69,100
3339,11:13:18,$ 3295.74,100
3340,11:13:18,$ 3295.74,100
3341,11:12:56,$ 3295.98,"1,163"
3342,11:12:54,$ 3295.58,100
3343,11:12:47,$ 3295.98,100
3344,11:12:46,$ 3295.42,100
3345,11:12:33,$ 3293.76,100
3346,11:12:33,$ 3293.76,100
3348,11:12:28,$ 3292.7604,233
3349,11:12:20,$ 3295.45,190
3350,11:12:19,$ 3295.50,100
3351,11:12:19,$ 3295.45,175
3352,11:12:10,$ 3297.60,100
3353,11:12:10,$ 3297.885,100
3354,11:12:07,$ 3296.40,100
3355,11:12:07,$ 3297.325,100
3356,11:12:06,$ 3296.40,100
3357,11:12:04,$ 3296.36,100
3358,11:12:00,$ 3295.05,100
3359,11:11:55,$ 3295.145,100
3360,11:11:54,$ 3295.075,100
3361,11:11:51,$ 3295.00,100
3362,11:11:51,$ 3295.00,100
3363,11:11:33,$ 3294.01,491
3364,11:11:29,$ 3292.99,500
3365,11:11:28,$ 3293.33,100
3366,11:11:28,$ 3293.33,365
3367,11:11:22,$ 3293.22,100
3369,11:11:18,$ 3293.35,100
3370,11:11:12,$ 3292.0001,200
3371,11:11:10,$ 3293.60,100
3372,11:10:59,$ 3294.30,131
3373,11:10:41,$ 3294.29,200
3374,11:10:30,$ 3295.38,100
3375,11:10:26,$ 3295.00,100
3376,11:10:24,$ 3294.235,100
3377,11:10:22,$ 3295.00,115
3378,11:10:22,$ 3295.00,100
3379,11:10:22,$ 3295.00,201
3380,11:10:20,$ 3294.399,100
3381,11:10:09,$ 3294.44,100
3382,11:10:07,$ 3293.805,100
3383,11:10:05,$ 3293.9316,400
3384,11:10:05,$ 3293.7327,100
3385,11:10:03,$ 3294.1209,167
3386,11:09:55,$ 3294.81,100
3387,11:09:49,$ 3294.3299,100
3388,11:09:48,$ 3294.11,200
3390,11:09:40,$ 3295.00,100
3391,11:09:40,$ 3295.255,100
3392,11:09:30,$ 3295.50,300
3393,11:09:26,$ 3294.835,100
3394,11:09:26,$ 3294.40,100
3395,11:09:26,$ 3294.41,100
3396,11:09:24,$ 3294.29,100
3397,11:09:24,$ 3294.29,100
3398,11:09:23,$ 3294.42,100
3399,11:09:22,$ 3294.16,100
3400,11:09:16,$ 3293.90,100
3401,11:09:16,$ 3293.90,100
3402,11:09:15,$ 3293.33,100
3403,11:09:14,$ 3294.60,100
3404,11:09:14,$ 3294.80,116
3405,11:09:14,$ 3294.80,116
3406,11:09:14,$ 3295.00,200
3407,11:09:14,$ 3295.465,100
3408,11:09:11,$ 3295.8827,115
3409,11:09:10,$ 3295.59,100
3411,11:09:10,$ 3296.27,100
3412,11:09:02,$ 3296.6784,100
3413,11:08:55,$ 3297.10,100
3414,11:08:55,$ 3297.00,100
3415,11:08:51,$ 3296.03,100
3416,11:08:39,$ 3296.01,100
3417,11:08:28,$ 3296.82,100
3418,11:08:28,$ 3296.81,100
3419,11:08:28,$ 3296.81,100
3420,11:08:23,$ 3296.7025,100
3421,11:08:23,$ 3296.72,100
3422,11:08:23,$ 3296.0383,100
3423,11:08:23,$ 3296.44,100
3424,11:08:23,$ 3296.58,100
3425,11:08:17,$ 3296.156,250
3426,11:08:15,$ 3296.16,100
3427,11:08:14,$ 3296.16,100
3428,11:08:05,$ 3296.11,100
3429,11:08:05,$ 3296.44,300
3430,11:08:05,$ 3296.599,100
3432,11:08:00,$ 3296.41,100
3433,11:08:00,$ 3296.40,100
3434,11:07:59,$ 3296.465,100
3435,11:07:57,$ 3296.8684,111
3436,11:07:57,$ 3296.51,100
3437,11:07:57,$ 3296.53,100
3438,11:07:56,$ 3296.59,100
3439,11:07:56,$ 3296.5901,100
3440,11:07:29,$ 3297.06,100
3441,11:07:29,$ 3296.915,100
3442,11:07:29,$ 3296.915,300
3443,11:07:29,$ 3296.915,100
3444,11:07:29,$ 3297.23,100
3445,11:07:28,$ 3297.1381,100
3446,11:07:28,$ 3296.65,100
3447,11:07:28,$ 3296.76,100
3448,11:07:16,$ 3296.955,100
3449,11:07:16,$ 3296.955,300
3450,11:07:14,$ 3297.05,100
3451,11:07:13,$ 3297.055,100
3453,11:07:07,$ 3296.93,151
3454,11:07:07,$ 3296.93,120
3455,11:07:07,$ 3296.93,301
3456,11:07:07,$ 3296.6396,707
3457,11:07:07,$ 3297.07,100
3458,11:07:00,$ 3297.01,100
3459,11:06:56,$ 3297.415,100
3460,11:06:31,$ 3297.85,100
3461,11:06:26,$ 3297.815,100
3462,11:06:22,$ 3298.315,100
3463,11:06:14,$ 3298.00,100
3464,11:06:06,$ 3298.118,500
3465,11:06:00,$ 3297.99,300
3466,11:06:00,$ 3297.985,100
3467,11:05:54,$ 3297.73,100
3468,11:05:49,$ 3297.82,100
3469,11:05:49,$ 3297.47,100
3470,11:05:49,$ 3297.93,100
3471,11:05:49,$ 3297.97,100
3472,11:05:45,$ 3297.9109,100
3474,11:05:40,$ 3297.50,100
3475,11:05:22,$ 3297.98,200
3476,11:05:17,$ 3296.695,100
3477,11:05:15,$ 3296.21,100
3478,11:05:15,$ 3296.70,100
3479,11:05:09,$ 3296.0148,187
3480,11:05:09,$ 3296.0148,365
3481,11:05:00,$ 3297.36,100
3482,11:04:43,$ 3297.5789,175
3483,11:04:40,$ 3297.38,500
3484,11:04:13,$ 3297.39,168
3485,11:04:12,$ 3297.38,100
3486,11:04:12,$ 3297.41,100
3487,11:04:12,$ 3296.89,100
3488,11:04:11,$ 3297.06,100
3489,11:04:11,$ 3297.05,100
3490,11:04:02,$ 3297.00,100
3491,11:03:57,$ 3297.56,100
3492,11:03:53,$ 3297.798,500
3493,11:03:52,$ 3297.37,100
3495,11:03:52,$ 3298.53,200
3496,11:03:51,$ 3298.1059,100
3497,11:03:48,$ 3298.566,250
3498,11:03:48,$ 3298.15,600
3499,11:03:39,$ 3299.185,200
3500,11:03:38,$ 3298.285,100
3501,11:03:37,$ 3298.87,100
3502,11:03:37,$ 3298.51,100
3503,11:03:32,$ 3299.14,100
3504,11:03:23,$ 3298.56,100
3505,11:03:22,$ 3298.625,100
3506,11:03:19,$ 3298.50,102
3507,11:03:19,$ 3298.56,100
3508,11:03:16,$ 3297.805,200
3509,11:03:12,$ 3297.43,100
3510,11:03:11,$ 3297.06,100
3511,11:03:07,$ 3297.00,100
3512,11:03:07,$ 3297.04,100
3513,11:03:07,$ 3297.02,109
3514,11:03:07,$ 3297.11,100
3516,11:03:07,$ 3297.2966,100
3517,11:03:06,$ 3298.41,100
3518,11:02:59,$ 3298.355,100
3519,11:02:58,$ 3298.45,100
3520,11:02:57,$ 3299.33,100
3521,11:02:56,$ 3298.88,100
3522,11:02:56,$ 3299.28,100
3523,11:02:54,$ 3299.23,100
3524,11:02:49,$ 3299.12,100
3525,11:02:47,$ 3298.5917,150
3526,11:02:44,$ 3298.58,100
3527,11:02:44,$ 3299.67,100
3528,11:02:44,$ 3298.96,100
3529,11:02:44,$ 3298.10,100
3530,11:02:44,$ 3298.00,100
3531,11:02:44,$ 3298.35,100
3532,11:02:44,$ 3298.47,100
3533,11:02:44,$ 3298.00,100
3534,11:02:44,$ 3298.55,100
3535,11:02:44,$ 3298.48,100
3537,11:02:44,$ 3299.30,100
3538,11:02:44,$ 3299.28,100
3539,11:02:44,$ 3300.00,156
3540,11:02:44,$ 3299.00,100
3541,11:02:44,$ 3299.00,283
3542,11:02:44,$ 3300.01,100
3543,11:02:44,$ 3300.00,100
3544,11:02:44,$ 3300.00,100
3545,11:02:44,$ 3300.00,100
3546,11:02:44,$ 3300.00,371
3547,11:02:44,$ 3300.00,100
3548,11:02:44,$ 3300.00,100
3549,11:02:44,$ 3300.00,200
3550,11:02:44,$ 3300.00,100
3551,11:02:44,$ 3300.00,100
3552,11:02:44,$ 3300.00,150
3553,11:02:44,$ 3300.00,500
3554,11:02:44,$ 3300.00,100
3555,11:02:44,$ 3300.00,395
3556,11:02:44,$ 3300.00,295
3558,11:02:44,$ 3300.00,500
3559,11:02:44,$ 3300.00,126
3560,11:02:44,$ 3300.00,105
3561,11:02:44,$ 3300.00,600
3562,11:02:44,$ 3300.00,135
3563,11:02:44,$ 3300.425,100
3564,11:02:42,$ 3300.05,100
3565,11:02:42,$ 3300.11,100
3566,11:02:42,$ 3300.05,100
3567,11:02:42,$ 3300.13,100
3568,11:02:42,$ 3300.07,100
3569,11:02:42,$ 3300.30,100
3570,11:02:42,$ 3300.05,100
3571,11:02:40,$ 3300.6334,200
3572,11:02:39,$ 3300.58,100
3573,11:02:25,$ 3301.99,100
3574,11:02:25,$ 3302.05,100
3575,11:02:25,$ 3302.06,100
3576,11:02:11,$ 3303.25,100
3577,11:01:46,$ 3303.30,100
3579,11:01:11,$ 3302.72,100
3580,11:01:11,$ 3302.65,100
3581,11:01:11,$ 3302.68,100
3582,11:01:11,$ 3302.72,100
3583,11:01:04,$ 3302.27,100
3584,11:01:00,$ 3303.735,100
3585,11:00:27,$ 3302.85,100
3586,11:00:24,$ 3301.98,100
3587,11:00:20,$ 3301.00,100
3588,11:00:20,$ 3301.00,223
3589,11:00:20,$ 3301.00,180
3590,11:00:18,$ 3301.51,100
3591,11:00:18,$ 3301.52,100
3592,11:00:18,$ 3301.53,100
3593,11:00:18,$ 3301.57,100
3594,11:00:18,$ 3301.58,100
3595,11:00:18,$ 3301.60,100
3596,11:00:18,$ 3301.86,100
3597,11:00:18,$ 3301.80,100
3598,11:00:18,$ 3301.82,100
3600,11:00:13,$ 3302.46,100
3602,11:59:47,$ 3287.71,100
3603,11:59:47,$ 3288.49,100
3604,11:59:25,$ 3289.45,100
3605,11:59:25,$ 3289.53,100
3606,11:59:25,$ 3288.51,100
3607,11:59:25,$ 3289.3541,500
3608,11:59:25,$ 3288.51,100
3609,11:59:25,$ 3288.62,100
3610,11:59:23,$ 3289.11,100
3611,11:59:22,$ 3288.24,100
3612,11:59:22,$ 3287.56,100
3613,11:59:22,$ 3287.47,100
3614,11:59:12,$ 3287.26,100
3615,11:59:09,$ 3287.57,230
3616,11:59:08,$ 3288.00,100
3617,11:59:01,$ 3288.00,100
3618,11:57:52,$ 3288.08,100
3619,11:57:52,$ 3288.08,100
3620,11:57:52,$ 3287.58,150
3621,11:57:52,$ 3287.58,100
3623,11:57:48,$ 3288.02,100
3624,11:56:50,$ 3288.92,100
3625,11:56:45,$ 3288.51,100
3626,11:56:45,$ 3288.72,100
3627,11:56:45,$ 3288.73,100
3628,11:56:45,$ 3288.77,100
3629,11:56:45,$ 3288.77,100
3630,11:56:41,$ 3288.5269,141
3631,11:56:32,$ 3290.05,100
3632,11:56:32,$ 3290.05,100
3633,11:56:13,$ 3290.68,100
3634,11:56:07,$ 3290.73,100
3635,11:56:07,$ 3291.00,100
3636,11:56:07,$ 3291.00,100
3637,11:56:02,$ 3290.50,100
3638,11:55:57,$ 3290.79,400
3639,11:55:39,$ 3290.00,121
3640,11:55:39,$ 3289.86,100
3641,11:55:39,$ 3289.91,100
3642,11:55:29,$ 3290.00,100
3644,11:55:29,$ 3290.00,267
3645,11:55:29,$ 3290.00,216
3646,11:55:28,$ 3289.91,100
3647,11:55:22,$ 3289.605,200
3648,11:55:12,$ 3289.16,100
3649,11:54:52,$ 3290.0787,100
3650,11:54:43,$ 3290.49,156
3651,11:54:38,$ 3290.01,100
3652,11:54:32,$ 3290.80,300
3653,11:54:19,$ 3290.26,100
3654,11:53:56,$ 3290.945,100
3655,11:53:56,$ 3290.945,100
3656,11:53:32,$ 3291.00,100
3657,11:53:21,$ 3291.00,375
3658,11:53:05,$ 3290.44,100
3659,11:53:00,$ 3289.62,100
3660,11:52:56,$ 3289.64,100
3661,11:52:46,$ 3290.00,100
3662,11:52:46,$ 3290.03,100
3663,11:52:46,$ 3290.82,300
3665,11:52:46,$ 3290.52,100
3666,11:52:46,$ 3290.50,100
3667,11:52:46,$ 3291.04,100
3668,11:52:46,$ 3291.04,100
3669,11:52:46,$ 3291.44,100
3670,11:52:35,$ 3291.245,174
3671,11:52:18,$ 3291.38,100
3672,11:52:18,$ 3290.86,100
3673,11:52:18,$ 3291.16,913
3674,11:52:18,$ 3291.39,100
3675,11:52:18,$ 3291.37,100
3676,11:52:07,$ 3290.76,100
3677,11:52:07,$ 3290.60,100
3678,11:51:53,$ 3290.00,100
3679,11:51:51,$ 3290.30,800
3680,11:51:23,$ 3291.4011,100
3681,11:51:17,$ 3290.00,100
3682,11:51:17,$ 3290.00,100
3683,11:51:17,$ 3290.65,100
3684,11:51:17,$ 3290.00,306
3686,11:51:17,$ 3290.76,100
3687,11:51:10,$ 3291.04,100
3688,11:51:00,$ 3291.16,100
3689,11:50:48,$ 3291.26,100
3690,11:50:41,$ 3291.714,250
3691,11:50:36,$ 3292.37,100
3692,11:50:20,$ 3291.635,100
3693,11:50:04,$ 3291.48,100
3694,11:49:56,$ 3291.63,100
3695,11:49:40,$ 3291.855,105
3696,11:49:35,$ 3291.75,154
3697,11:49:31,$ 3292.80,100
3698,11:49:28,$ 3293.5999,100
3699,11:49:03,$ 3292.51,600
3700,11:48:54,$ 3293.50,100
3701,11:48:49,$ 3293.71,100
3702,11:48:49,$ 3294.00,185
3703,11:48:36,$ 3295.01,100
3704,11:48:36,$ 3294.92,100
3705,11:48:36,$ 3294.97,100
3707,11:48:16,$ 3293.28,100
3708,11:48:16,$ 3294.25,100
3709,11:48:16,$ 3294.25,100
3710,11:48:16,$ 3294.25,100
3711,11:48:11,$ 3293.14,100
3712,11:48:11,$ 3293.61,100
3713,11:47:45,$ 3293.88,100
3714,11:47:37,$ 3293.80,100
3715,11:47:37,$ 3293.82,100
3716,11:47:36,$ 3293.82,100
3717,11:47:33,$ 3295.21,100
3718,11:47:33,$ 3295.24,100
3719,11:47:33,$ 3294.82,"1,000"
3720,11:47:13,$ 3296.4399,100
3721,11:47:07,$ 3295.25,100
3722,11:47:04,$ 3295.47,100
3723,11:47:04,$ 3295.47,100
3724,11:46:49,$ 3296.215,100
3725,11:46:46,$ 3296.70,100
3726,11:46:46,$ 3296.73,100
3728,11:46:44,$ 3296.115,100
3729,11:46:38,$ 3296.10,100
3730,11:46:38,$ 3296.15,100
3731,11:46:38,$ 3296.63,100
3732,11:46:20,$ 3295.40,100
3733,11:46:20,$ 3295.44,100
3734,11:45:57,$ 3296.40,100
3735,11:45:13,$ 3296.7881,500
3736,11:45:09,$ 3296.2843,100
3737,11:45:09,$ 3296.17,100
3738,11:45:07,$ 3296.5028,128
3739,11:45:06,$ 3296.67,171
3740,11:45:03,$ 3296.02,100
3741,11:45:01,$ 3295.965,100
3742,11:45:00,$ 3296.235,100
3743,11:45:00,$ 3296.17,100
3744,11:44:53,$ 3295.575,100
3745,11:44:49,$ 3295.95,100
3746,11:44:20,$ 3295.66,100
3747,11:44:09,$ 3294.1301,400
3749,11:44:01,$ 3294.835,100
3750,11:43:58,$ 3294.50,100
3751,11:43:58,$ 3294.52,100
3752,11:43:58,$ 3294.57,100
3753,11:43:57,$ 3294.87,100
3754,11:43:45,$ 3296.04,100
3755,11:43:45,$ 3296.79,100
3756,11:43:45,$ 3297.075,200
3757,11:43:45,$ 3296.80,100
3758,11:43:45,$ 3297.075,100
3759,11:43:45,$ 3297.075,100
3760,11:43:45,$ 3297.075,100
3761,11:43:45,$ 3297.075,100
3762,11:43:43,$ 3297.075,100
3763,11:43:40,$ 3297.07,100
3764,11:43:36,$ 3297.07,156
3765,11:43:36,$ 3297.066,"1,000"
3766,11:43:35,$ 3297.065,100
3767,11:43:34,$ 3297.065,100
3768,11:43:34,$ 3297.065,100
3770,11:43:33,$ 3297.065,333
3771,11:43:33,$ 3297.065,100
3772,11:43:33,$ 3297.065,100
3773,11:43:33,$ 3297.065,100
3774,11:43:33,$ 3297.065,188
3775,11:43:31,$ 3297.285,100
3776,11:43:31,$ 3296.82,100
3777,11:43:31,$ 3297.285,100
3778,11:43:29,$ 3296.78,100
3779,11:43:29,$ 3297.285,100
3780,11:43:29,$ 3297.285,100
3781,11:43:29,$ 3297.285,120
3782,11:43:22,$ 3297.285,100
3783,11:43:22,$ 3296.815,100
3784,11:43:22,$ 3297.285,100
3785,11:43:11,$ 3297.285,100
3786,11:43:10,$ 3297.285,100
3787,11:43:08,$ 3297.28,100
3788,11:43:02,$ 3297.27,100
3789,11:43:02,$ 3297.01,100
3791,11:43:01,$ 3297.01,100
3792,11:43:00,$ 3297.01,100
3793,11:42:59,$ 3297.01,200
3794,11:42:54,$ 3297.01,100
3795,11:42:54,$ 3297.01,100
3796,11:42:54,$ 3297.01,100
3797,11:42:54,$ 3297.01,100
3798,11:42:47,$ 3297.05,100
3799,11:42:37,$ 3297.275,104
3800,11:42:37,$ 3297.27,100
3801,11:42:37,$ 3297.275,119
3802,11:42:32,$ 3297.305,100
3803,11:42:20,$ 3297.38,100
3804,11:42:14,$ 3297.3722,982
3805,11:42:03,$ 3295.94,100
3806,11:42:01,$ 3294.6553,100
3807,11:42:00,$ 3295.22,100
3808,11:42:00,$ 3295.005,100
3809,11:42:00,$ 3295.02,100
3810,11:42:00,$ 3295.225,100
3812,11:41:54,$ 3295.58,100
3813,11:41:40,$ 3297.095,100
3814,11:41:40,$ 3297.095,100
3815,11:41:32,$ 3297.355,168
3816,11:41:06,$ 3297.255,200
3817,11:40:51,$ 3296.835,198
3818,11:40:51,$ 3296.835,100
3819,11:40:22,$ 3297.09,200
3820,11:40:21,$ 3297.29,100
3821,11:40:12,$ 3297.53,100
3822,11:40:12,$ 3297.52,100
3823,11:40:07,$ 3297.24,100
3824,11:40:06,$ 3297.805,100
3825,11:39:59,$ 3297.32,100
3826,11:39:59,$ 3297.32,100
3827,11:39:58,$ 3296.13,100
3828,11:39:41,$ 3295.97,100
3829,11:39:40,$ 3295.285,100
3830,11:39:20,$ 3295.8199,400
3831,11:39:10,$ 3295.53,100
3833,11:39:10,$ 3295.52,100
3834,11:39:10,$ 3295.55,100
3835,11:39:07,$ 3294.94,100
3836,11:38:32,$ 3294.48,100
3837,11:38:32,$ 3294.48,100
3838,11:38:24,$ 3294.10,100
3839,11:38:22,$ 3294.32,100
3840,11:38:16,$ 3293.748,500
3841,11:37:14,$ 3294.74,100
3842,11:37:03,$ 3294.08,100
3843,11:36:55,$ 3293.15,100
3844,11:36:38,$ 3291.1401,500
3845,11:36:05,$ 3294.08,100
3846,11:35:57,$ 3293.44,100
3847,11:35:55,$ 3293.53,100
3848,11:35:55,$ 3292.00,200
3849,11:35:55,$ 3293.15,100
3850,11:35:55,$ 3293.14,500
3851,11:35:55,$ 3292.78,100
3852,11:35:55,$ 3293.66,100
3854,11:35:55,$ 3294.01,100
3855,11:35:55,$ 3294.00,100
3856,11:35:55,$ 3294.00,100
3857,11:35:49,$ 3294.72,100
3858,11:35:49,$ 3294.90,100
3859,11:35:35,$ 3295.0707,100
3860,11:35:35,$ 3295.61,100
3861,11:34:44,$ 3296.07,100
3862,11:34:26,$ 3296.12,100
3863,11:34:20,$ 3296.585,275
3864,11:33:33,$ 3296.15,100
3865,11:33:32,$ 3296.52,100
3866,11:33:30,$ 3296.10,100
3867,11:33:30,$ 3296.53,100
