,NLS Time (ET),NLS Price,NLS Share Volume
1,09:59:58,$ 3308.00,179
2,09:59:58,$ 3307.86,145
3,09:59:39,$ 3307.016,111
4,09:59:33,$ 3307.205,100
5,09:59:23,$ 3306.294,111
6,09:59:08,$ 3306.2701,150
7,09:58:54,$ 3306.27,100
8,09:58:33,$ 3304.95,100
9,09:58:33,$ 3304.965,100
10,09:58:33,$ 3306.4599,103
11,09:58:32,$ 3306.47,100
12,09:58:24,$ 3305.00,150
13,09:58:24,$ 3305.00,150
14,09:58:24,$ 3305.00,127
15,09:57:55,$ 3304.895,100
16,09:57:53,$ 3304.58,100
17,09:57:47,$ 3304.71,100
18,09:57:47,$ 3304.17,100
19,09:57:47,$ 3304.32,183
20,09:57:47,$ 3304.2508,117
22,09:57:47,$ 3305.59,100
23,09:57:47,$ 3305.58,100
24,09:57:47,$ 3305.51,100
25,09:57:47,$ 3305.24,100
26,09:57:17,$ 3305.335,100
27,09:57:17,$ 3305.355,100
28,09:57:09,$ 3306.105,100
29,09:56:55,$ 3306.37,100
30,09:56:55,$ 3306.33,100
31,09:56:55,$ 3306.21,100
32,09:56:52,$ 3307.6493,100
33,09:56:51,$ 3306.51,200
34,09:56:50,$ 3306.46,100
35,09:56:48,$ 3307.00,100
36,09:56:38,$ 3307.56,100
37,09:56:38,$ 3307.46,100
38,09:56:36,$ 3307.86,100
39,09:56:34,$ 3307.85,100
40,09:56:32,$ 3307.37,100
41,09:56:30,$ 3307.85,100
43,09:57:47,$ 3305.59,100
44,09:57:47,$ 3305.58,100
45,09:57:47,$ 3305.51,100
46,09:57:47,$ 3305.24,100
47,09:57:17,$ 3305.335,100
48,09:57:17,$ 3305.355,100
49,09:57:09,$ 3306.105,100
50,09:56:55,$ 3306.37,100
51,09:56:55,$ 3306.33,100
52,09:56:55,$ 3306.21,100
53,09:56:52,$ 3307.6493,100
54,09:56:51,$ 3306.51,200
55,09:56:50,$ 3306.46,100
56,09:56:48,$ 3307.00,100
57,09:56:38,$ 3307.56,100
58,09:56:38,$ 3307.46,100
59,09:56:36,$ 3307.86,100
60,09:56:34,$ 3307.85,100
61,09:56:32,$ 3307.37,100
62,09:56:30,$ 3307.85,100
64,09:55:13,$ 3308.00,100
65,09:55:02,$ 3307.442,100
66,09:54:58,$ 3307.02,100
67,09:54:54,$ 3307.3957,150
68,09:54:48,$ 3307.555,100
69,09:54:12,$ 3308.265,100
70,09:53:57,$ 3308.915,100
71,09:53:50,$ 3309.00,100
72,09:53:50,$ 3309.6161,200
73,09:53:43,$ 3308.99,100
74,09:53:43,$ 3308.40,400
75,09:53:43,$ 3308.40,100
76,09:53:43,$ 3308.18,100
77,09:53:29,$ 3308.31,100
78,09:53:29,$ 3307.75,100
79,09:53:29,$ 3307.24,100
80,09:53:24,$ 3307.0887,100
81,09:53:16,$ 3306.46,200
82,09:52:34,$ 3307.98,112
83,09:52:34,$ 3308.0821,200
85,09:52:34,$ 3307.98,100
86,09:52:34,$ 3307.64,100
87,09:52:15,$ 3306.815,100
88,09:52:12,$ 3306.25,100
89,09:52:04,$ 3306.28,500
90,09:52:02,$ 3305.84,100
91,09:51:46,$ 3307.235,100
92,09:51:44,$ 3307.242,100
93,09:51:09,$ 3307.34,100
94,09:51:06,$ 3307.26,100
95,09:51:06,$ 3307.26,298
96,09:51:06,$ 3307.24,100
97,09:51:05,$ 3307.25,100
98,09:51:05,$ 3307.40,100
99,09:51:05,$ 3307.33,100
100,09:51:05,$ 3307.28,100
101,09:51:05,$ 3307.28,100
102,09:51:05,$ 3307.26,100
103,09:50:51,$ 3307.88,100
104,09:50:48,$ 3308.495,100
106,09:50:43,$ 3308.445,100
107,09:50:38,$ 3308.345,100
108,09:50:38,$ 3308.345,100
109,09:50:38,$ 3308.345,100
110,09:50:38,$ 3308.29,100
111,09:50:31,$ 3307.86,500
112,09:50:26,$ 3308.54,100
113,09:50:26,$ 3308.504,100
114,09:50:23,$ 3307.605,100
115,09:50:23,$ 3307.605,100
116,09:50:04,$ 3308.66,100
117,09:50:01,$ 3308.115,100
118,09:50:00,$ 3307.625,100
119,09:50:00,$ 3307.705,100
120,09:50:00,$ 3307.705,100
121,09:50:00,$ 3307.5725,100
122,09:49:58,$ 3307.7371,100
123,09:49:57,$ 3307.675,100
124,09:49:54,$ 3307.88,100
125,09:49:54,$ 3307.31,100
127,09:49:54,$ 3307.865,100
128,09:49:54,$ 3307.65,100
129,09:49:54,$ 3307.65,100
130,09:49:54,$ 3307.65,100
131,09:49:42,$ 3307.71,100
132,09:49:39,$ 3307.41,100
133,09:49:39,$ 3307.09,100
134,09:49:38,$ 3307.48,380
135,09:49:30,$ 3307.455,100
136,09:49:27,$ 3308.145,100
137,09:49:26,$ 3307.96,100
138,09:49:24,$ 3307.91,100
139,09:49:18,$ 3306.855,300
140,09:49:18,$ 3306.855,100
141,09:49:17,$ 3306.855,100
142,09:49:17,$ 3306.855,500
143,09:49:13,$ 3307.19,100
144,09:49:13,$ 3307.40,100
145,09:49:13,$ 3306.97,300
146,09:49:10,$ 3307.07,100
148,09:49:10,$ 3307.085,100
149,09:49:09,$ 3307.08,100
150,09:49:01,$ 3306.3814,200
151,09:49:01,$ 3307.899,108
152,09:48:43,$ 3307.3299,100
153,09:48:36,$ 3307.45,100
154,09:48:34,$ 3307.42,100
155,09:48:18,$ 3305.925,100
156,09:48:18,$ 3306.95,100
157,09:48:14,$ 3306.93,200
158,09:48:07,$ 3306.49,100
159,09:48:00,$ 3306.545,100
160,09:48:00,$ 3306.43,100
161,09:48:00,$ 3306.53,100
162,09:47:49,$ 3307.659,100
163,09:47:44,$ 3306.59,100
164,09:47:34,$ 3307.55,100
165,09:47:23,$ 3308.34,200
166,09:47:17,$ 3307.915,100
167,09:47:08,$ 3308.9899,100
169,09:47:08,$ 3308.43,100
170,09:47:06,$ 3308.4553,100
171,09:47:02,$ 3308.00,100
172,09:47:01,$ 3308.00,100
173,09:47:00,$ 3307.89,100
174,09:47:00,$ 3307.89,100
175,09:46:55,$ 3306.85,200
176,09:46:55,$ 3306.4282,200
177,09:46:54,$ 3307.17,100
178,09:46:54,$ 3307.00,100
179,09:46:54,$ 3307.00,100
180,09:46:54,$ 3307.00,100
181,09:46:54,$ 3307.00,100
182,09:46:51,$ 3306.40,100
183,09:46:51,$ 3306.4733,150
184,09:46:49,$ 3305.67,100
185,09:46:42,$ 3306.065,100
186,09:46:38,$ 3305.91,100
187,09:46:37,$ 3306.19,100
188,09:46:35,$ 3305.775,100
190,09:46:28,$ 3305.965,100
191,09:46:28,$ 3305.90,100
192,09:46:27,$ 3306.4409,100
193,09:46:22,$ 3307.28,100
194,09:46:22,$ 3307.00,100
195,09:46:12,$ 3305.995,100
196,09:46:08,$ 3305.98,100
197,09:46:08,$ 3305.99,100
198,09:46:02,$ 3304.79,100
199,09:45:58,$ 3302.85,100
200,09:45:54,$ 3302.0375,147
201,09:45:54,$ 3302.0375,253
202,09:45:45,$ 3303.07,100
203,09:45:41,$ 3303.71,100
204,09:45:39,$ 3302.54,100
205,09:45:32,$ 3302.02,100
206,09:45:25,$ 3303.105,100
207,09:45:22,$ 3302.69,100
208,09:45:15,$ 3302.59,100
209,09:45:15,$ 3302.07,153
211,09:45:02,$ 3302.70,100
212,09:45:00,$ 3303.4176,100
213,09:44:55,$ 3302.3792,319
214,09:44:45,$ 3303.98,125
215,09:44:42,$ 3304.83,100
216,09:44:41,$ 3304.0098,100
217,09:44:38,$ 3304.06,100
218,09:44:36,$ 3303.4876,100
219,09:44:33,$ 3303.535,100
220,09:44:32,$ 3303.3867,200
221,09:44:30,$ 3302.94,100
222,09:44:30,$ 3303.53,100
223,09:44:26,$ 3303.70,100
224,09:44:26,$ 3303.70,100
225,09:44:16,$ 3303.68,100
226,09:44:11,$ 3305.99,100
227,09:44:08,$ 3305.6175,300
228,09:43:50,$ 3306.4024,100
229,09:43:49,$ 3305.435,100
230,09:43:48,$ 3305.73,100
232,09:43:44,$ 3306.73,100
233,09:43:44,$ 3306.38,100
234,09:43:43,$ 3307.49,100
235,09:43:43,$ 3307.26,100
236,09:43:41,$ 3306.56,100
237,09:43:31,$ 3306.16,100
238,09:43:18,$ 3306.235,100
239,09:43:06,$ 3305.69,100
240,09:42:50,$ 3305.13,100
241,09:42:44,$ 3305.505,100
242,09:42:34,$ 3306.15,100
243,09:42:18,$ 3306.48,200
244,09:42:09,$ 3306.84,100
245,09:42:03,$ 3306.09,100
246,09:41:59,$ 3305.68,500
247,09:41:58,$ 3306.3489,250
248,09:41:57,$ 3305.365,100
249,09:41:51,$ 3306.67,100
250,09:41:42,$ 3306.0763,100
251,09:41:35,$ 3306.6289,100
253,09:41:34,$ 3305.89,100
254,09:41:31,$ 3306.39,100
255,09:41:31,$ 3305.4424,100
256,09:41:21,$ 3306.28,110
257,09:41:19,$ 3305.39,100
258,09:41:10,$ 3304.99,100
259,09:41:08,$ 3305.65,100
260,09:41:07,$ 3304.04,111
261,09:41:06,$ 3305.73,100
262,09:41:05,$ 3304.885,100
263,09:41:03,$ 3304.4875,500
264,09:41:00,$ 3306.55,250
265,09:40:55,$ 3305.74,100
266,09:40:46,$ 3305.33,100
267,09:40:43,$ 3305.33,100
268,09:40:32,$ 3304.596,100
269,09:40:16,$ 3305.95,120
270,09:40:13,$ 3305.76,100
271,09:40:12,$ 3306.00,138
272,09:40:12,$ 3306.00,100
274,09:40:11,$ 3305.50,100
275,09:40:10,$ 3305.4146,100
276,09:40:08,$ 3305.32,168
277,09:40:08,$ 3304.99,100
278,09:40:08,$ 3304.99,100
279,09:40:08,$ 3304.989,100
280,09:40:08,$ 3303.79,100
281,09:40:08,$ 3303.69,100
282,09:40:07,$ 3304.245,100
283,09:40:07,$ 3304.245,100
284,09:40:07,$ 3304.98,385
285,09:40:05,$ 3304.52,100
286,09:40:05,$ 3304.50,100
287,09:40:00,$ 3304.50,100
288,09:40:00,$ 3304.22,100
289,09:39:58,$ 3303.28,100
290,09:39:55,$ 3301.72,100
291,09:39:51,$ 3302.02,137
292,09:39:46,$ 3302.65,100
293,09:39:33,$ 3303.04,113
295,09:39:33,$ 3303.03,100
296,09:39:33,$ 3303.04,100
297,09:39:28,$ 3304.0388,143
298,09:39:28,$ 3304.68,143
299,09:39:24,$ 3303.03,100
300,09:39:22,$ 3303.7698,100
301,09:39:15,$ 3304.47,100
302,09:39:08,$ 3304.18,100
303,09:39:02,$ 3303.684,100
304,09:39:02,$ 3304.06,100
305,09:39:00,$ 3304.00,100
306,09:38:59,$ 3303.128,100
307,09:38:59,$ 3303.87,100
308,09:38:59,$ 3303.87,100
309,09:38:59,$ 3303.87,100
310,09:38:59,$ 3303.87,100
311,09:38:59,$ 3303.20,100
312,09:38:59,$ 3303.20,100
313,09:38:59,$ 3303.87,100
314,09:38:59,$ 3303.87,100
316,09:38:59,$ 3303.65,100
317,09:38:59,$ 3303.465,100
318,09:38:59,$ 3303.55,100
319,09:38:57,$ 3303.64,100
320,09:38:57,$ 3303.93,100
321,09:38:57,$ 3303.9999,100
322,09:38:54,$ 3303.095,100
323,09:38:53,$ 3303.095,100
324,09:38:50,$ 3302.096,100
325,09:38:45,$ 3302.81,100
326,09:38:44,$ 3302.94,100
327,09:38:43,$ 3301.685,100
328,09:38:39,$ 3301.77,100
329,09:38:36,$ 3300.896,100
330,09:38:36,$ 3301.27,100
331,09:38:10,$ 3300.11,100
332,09:38:10,$ 3300.11,100
333,09:38:10,$ 3300.11,100
334,09:37:59,$ 3300.51,204
335,09:37:49,$ 3301.00,114
337,09:37:49,$ 3301.00,"1,541"
338,09:37:48,$ 3301.90,100
339,09:37:47,$ 3301.51,100
340,09:37:37,$ 3300.801,100
341,09:37:33,$ 3302.305,100
342,09:37:30,$ 3301.42,100
343,09:37:30,$ 3301.20,186
344,09:37:25,$ 3300.76,120
345,09:37:24,$ 3300.62,100
346,09:37:24,$ 3299.69,100
347,09:37:20,$ 3298.64,100
348,09:37:20,$ 3299.69,100
349,09:37:20,$ 3298.86,100
350,09:37:10,$ 3298.27,100
351,09:37:08,$ 3298.01,100
352,09:37:06,$ 3297.50,100
353,09:37:04,$ 3298.95,100
354,09:37:04,$ 3299.09,100
355,09:37:02,$ 3301.2958,100
356,09:36:57,$ 3301.49,100
358,09:36:56,$ 3300.0001,100
359,09:36:55,$ 3300.20,100
360,09:36:44,$ 3300.495,100
361,09:36:40,$ 3300.47,100
362,09:36:39,$ 3301.2651,500
363,09:36:37,$ 3300.90,100
364,09:36:36,$ 3299.24,100
365,09:36:33,$ 3299.24,100
366,09:36:30,$ 3299.46,100
367,09:36:19,$ 3298.16,100
368,09:36:19,$ 3298.95,200
369,09:36:19,$ 3298.16,200
370,09:36:18,$ 3296.81,100
371,09:36:14,$ 3297.51,100
372,09:36:09,$ 3297.56,100
373,09:36:03,$ 3298.57,100
374,09:35:59,$ 3299.31,100
375,09:35:59,$ 3299.30,100
376,09:35:52,$ 3299.07,100
377,09:35:52,$ 3299.87,100
379,09:35:34,$ 3299.585,200
380,09:35:24,$ 3299.46,100
381,09:35:24,$ 3299.47,100
382,09:35:24,$ 3299.47,100
383,09:35:06,$ 3296.55,387
384,09:35:05,$ 3296.55,500
385,09:34:58,$ 3296.23,200
386,09:34:58,$ 3296.23,100
387,09:34:58,$ 3296.23,100
388,09:34:58,$ 3297.15,100
389,09:34:53,$ 3295.8351,700
390,09:34:50,$ 3295.59,100
391,09:34:45,$ 3295.29,100
392,09:34:41,$ 3296.96,100
393,09:34:40,$ 3296.97,273
394,09:34:40,$ 3296.81,100
395,09:34:40,$ 3296.92,100
396,09:34:38,$ 3296.40,188
397,09:34:38,$ 3295.8324,188
398,09:34:38,$ 3295.9231,220
400,09:34:37,$ 3295.64,300
401,09:34:37,$ 3295.64,100
402,09:34:37,$ 3295.09,100
403,09:34:37,$ 3295.09,294
404,09:34:36,$ 3295.08,200
405,09:34:36,$ 3294.11,161
406,09:34:36,$ 3294.14,129
407,09:34:35,$ 3294.11,100
408,09:34:35,$ 3293.93,177
409,09:34:35,$ 3294.09,171
410,09:34:35,$ 3294.09,100
411,09:34:35,$ 3294.09,129
412,09:34:35,$ 3294.10,200
413,09:34:35,$ 3294.11,100
414,09:34:33,$ 3293.42,113
415,09:34:33,$ 3293.13,100
416,09:34:33,$ 3293.25,100
417,09:34:33,$ 3293.30,200
418,09:34:33,$ 3293.38,400
419,09:34:33,$ 3293.42,426
421,09:34:29,$ 3292.00,100
422,09:34:29,$ 3292.38,300
423,09:34:29,$ 3292.39,300
424,09:34:29,$ 3292.38,144
425,09:34:27,$ 3291.5648,140
426,09:34:23,$ 3292.00,100
427,09:34:23,$ 3292.00,100
428,09:34:23,$ 3291.27,100
429,09:34:23,$ 3291.14,100
430,09:34:23,$ 3291.19,100
431,09:34:23,$ 3291.25,100
432,09:34:17,$ 3290.78,300
433,09:34:17,$ 3291.63,100
434,09:34:17,$ 3291.10,100
435,09:34:16,$ 3290.94,100
436,09:34:16,$ 3291.22,300
437,09:34:16,$ 3292.3999,100
438,09:34:15,$ 3292.00,100
439,09:34:15,$ 3292.13,100
440,09:34:14,$ 3293.17,300
442,09:34:14,$ 3293.17,199
443,09:34:11,$ 3292.645,100
444,09:34:10,$ 3292.715,100
445,09:34:08,$ 3293.15,100
446,09:34:07,$ 3292.835,100
447,09:34:04,$ 3292.99,100
448,09:34:04,$ 3292.99,100
449,09:34:04,$ 3292.99,100
450,09:34:03,$ 3293.909,100
451,09:34:00,$ 3293.34,100
452,09:34:00,$ 3294.68,100
453,09:33:56,$ 3294.775,100
454,09:33:53,$ 3294.2037,100
455,09:33:52,$ 3294.3984,150
456,09:33:50,$ 3294.099,200
457,09:33:50,$ 3294.70,100
458,09:33:41,$ 3296.495,100
459,09:33:37,$ 3296.73,100
460,09:33:36,$ 3296.355,100
461,09:33:36,$ 3296.355,100
463,09:33:35,$ 3296.54,100
464,09:33:35,$ 3296.06,100
465,09:33:35,$ 3295.865,100
466,09:33:35,$ 3295.86,100
467,09:33:35,$ 3295.865,100
468,09:33:35,$ 3295.865,100
469,09:33:35,$ 3296.72,195
470,09:33:35,$ 3295.87,100
471,09:33:34,$ 3295.675,100
472,09:33:34,$ 3295.675,100
473,09:33:34,$ 3295.805,100
474,09:33:34,$ 3296.60,100
475,09:33:34,$ 3295.865,100
476,09:33:33,$ 3295.84,100
477,09:33:33,$ 3295.84,200
478,09:33:33,$ 3295.84,100
479,09:33:27,$ 3295.72,100
480,09:33:27,$ 3295.72,100
481,09:33:24,$ 3295.295,100
482,09:33:23,$ 3295.01,100
484,09:33:23,$ 3295.05,100
485,09:33:21,$ 3296.375,100
486,09:33:21,$ 3296.375,100
487,09:33:21,$ 3296.69,100
488,09:33:20,$ 3297.363,150
489,09:33:18,$ 3297.38,100
490,09:33:04,$ 3300.68,100
491,09:33:02,$ 3299.04,100
492,09:33:02,$ 3299.04,100
493,09:33:02,$ 3299.04,100
494,09:33:01,$ 3299.365,100
495,09:33:01,$ 3299.325,100
496,09:33:01,$ 3300.00,200
497,09:33:01,$ 3301.11,100
498,09:33:00,$ 3302.00,323
499,09:33:00,$ 3301.49,100
500,09:33:00,$ 3301.49,500
501,09:33:00,$ 3301.50,242
502,09:33:00,$ 3301.47,300
503,09:33:00,$ 3301.48,135
505,09:33:00,$ 3301.48,150
506,09:33:00,$ 3301.48,138
507,09:32:57,$ 3301.03,100
508,09:32:50,$ 3300.36,100
509,09:32:48,$ 3300.36,100
510,09:32:48,$ 3299.37,100
511,09:32:48,$ 3299.97,410
512,09:32:48,$ 3299.375,200
513,09:32:44,$ 3299.44,100
514,09:32:44,$ 3299.44,300
515,09:32:44,$ 3299.45,100
516,09:32:44,$ 3299.45,170
517,09:32:44,$ 3299.46,150
518,09:32:44,$ 3299.46,199
519,09:32:41,$ 3297.61,100
520,09:32:39,$ 3297.755,100
521,09:32:38,$ 3299.40,100
522,09:32:38,$ 3299.24,"1,749"
523,09:32:38,$ 3299.20,100
524,09:32:38,$ 3299.426,100
526,09:32:38,$ 3299.226,100
527,09:32:38,$ 3299.20,100
528,09:32:38,$ 3299.23,100
529,09:32:38,$ 3299.40,100
530,09:32:38,$ 3299.43,100
531,09:32:38,$ 3298.6662,100
532,09:32:34,$ 3297.99,100
533,09:32:34,$ 3298.41,100
534,09:32:34,$ 3298.41,100
535,09:32:34,$ 3298.16,100
536,09:32:34,$ 3298.42,100
537,09:32:34,$ 3298.44,100
538,09:32:33,$ 3298.6013,100
539,09:32:32,$ 3298.965,100
540,09:32:32,$ 3300.065,100
541,09:32:32,$ 3300.00,281
542,09:32:32,$ 3300.00,239
543,09:32:32,$ 3300.00,100
544,09:32:28,$ 3300.69,100
545,09:32:28,$ 3300.69,100
547,09:32:17,$ 3300.24,100
548,09:32:16,$ 3300.62,100
549,09:32:16,$ 3300.80,100
550,09:32:13,$ 3301.3629,100
551,09:32:12,$ 3299.53,200
552,09:32:12,$ 3299.48,100
553,09:32:10,$ 3301.85,100
554,09:32:09,$ 3301.05,100
555,09:32:07,$ 3302.00,100
556,09:32:05,$ 3301.5441,100
557,09:32:01,$ 3300.49,100
558,09:31:58,$ 3301.8684,150
559,09:31:57,$ 3302.0161,100
560,09:31:57,$ 3300.54,100
561,09:31:57,$ 3300.87,100
562,09:31:56,$ 3303.7612,100
563,09:31:53,$ 3301.1425,100
564,09:31:53,$ 3301.2275,100
565,09:31:53,$ 3300.425,100
566,09:31:52,$ 3302.095,250
568,09:31:51,$ 3301.48,100
569,09:31:51,$ 3301.39,100
570,09:31:45,$ 3300.47,150
571,09:31:45,$ 3299.74,100
572,09:31:45,$ 3300.06,100
573,09:31:44,$ 3299.465,100
574,09:31:44,$ 3299.235,100
575,09:31:43,$ 3299.77,100
576,09:31:41,$ 3299.60,100
577,09:31:41,$ 3298.52,100
578,09:31:41,$ 3298.705,100
579,09:31:41,$ 3298.52,100
580,09:31:41,$ 3298.97,100
581,09:31:39,$ 3297.50,100
582,09:31:35,$ 3298.1844,111
583,09:31:34,$ 3298.445,100
584,09:31:34,$ 3298.445,200
585,09:31:33,$ 3298.28,150
586,09:31:32,$ 3297.85,200
587,09:31:32,$ 3297.85,100
589,09:31:28,$ 3296.945,500
590,09:31:25,$ 3296.50,100
591,09:31:25,$ 3296.50,194
592,09:31:24,$ 3296.49,100
593,09:31:24,$ 3295.44,100
594,09:31:24,$ 3295.44,500
595,09:31:23,$ 3294.925,150
596,09:31:20,$ 3296.50,100
597,09:31:18,$ 3295.79,290
598,09:31:18,$ 3295.79,100
599,09:31:17,$ 3294.65,100
600,09:31:15,$ 3296.14,120
601,09:31:13,$ 3297.00,100
602,09:31:11,$ 3296.57,250
603,09:31:11,$ 3296.58,100
604,09:31:10,$ 3296.00,193
605,09:31:10,$ 3295.81,536
606,09:31:10,$ 3295.81,233
607,09:31:09,$ 3295.32,100
608,09:31:07,$ 3295.27,100
610,09:31:04,$ 3295.65,100
611,09:31:04,$ 3295.50,100
612,09:31:03,$ 3296.47,476
613,09:31:03,$ 3296.47,100
614,09:31:03,$ 3296.47,112
615,09:31:03,$ 3296.47,142
616,09:31:03,$ 3296.48,100
617,09:31:01,$ 3295.025,100
618,09:31:01,$ 3296.2964,200
619,09:30:59,$ 3296.935,100
620,09:30:58,$ 3297.88,100
621,09:30:56,$ 3296.315,100
622,09:30:56,$ 3296.87,100
623,09:30:56,$ 3297.58,100
624,09:30:56,$ 3297.535,100
625,09:30:56,$ 3298.60,100
626,09:30:56,$ 3298.15,100
627,09:30:56,$ 3298.09,100
628,09:30:55,$ 3298.15,500
629,09:30:54,$ 3297.80,100
631,09:30:53,$ 3297.88,100
632,09:30:53,$ 3297.88,100
633,09:30:53,$ 3297.89,100
634,09:30:53,$ 3297.4971,100
635,09:30:53,$ 3297.92,100
636,09:30:52,$ 3298.10,100
637,09:30:52,$ 3297.91,100
638,09:30:52,$ 3298.62,100
639,09:30:52,$ 3297.88,100
640,09:30:52,$ 3297.88,100
641,09:30:52,$ 3298.33,100
642,09:30:52,$ 3297.88,100
643,09:30:52,$ 3297.88,100
644,09:30:52,$ 3297.88,100
645,09:30:52,$ 3297.88,100
646,09:30:52,$ 3298.62,100
647,09:30:52,$ 3297.91,100
648,09:30:52,$ 3298.18,100
649,09:30:52,$ 3298.26,100
650,09:30:52,$ 3298.32,100
652,09:30:52,$ 3298.50,100
653,09:30:50,$ 3297.51,100
654,09:30:47,$ 3297.51,100
655,09:30:47,$ 3297.49,100
656,09:30:45,$ 3296.535,100
657,09:30:45,$ 3296.515,100
658,09:30:41,$ 3297.415,100
659,09:30:41,$ 3297.415,100
660,09:30:41,$ 3296.87,100
661,09:30:41,$ 3296.73,100
662,09:30:41,$ 3296.68,150
663,09:30:41,$ 3297.3162,100
664,09:30:40,$ 3298.61,100
665,09:30:40,$ 3297.88,100
666,09:30:39,$ 3298.98,100
667,09:30:39,$ 3297.935,100
668,09:30:39,$ 3299.01,262
669,09:30:39,$ 3297.87,100
670,09:30:39,$ 3297.88,200
671,09:30:39,$ 3297.90,100
673,09:30:39,$ 3298.00,467
674,09:30:39,$ 3298.01,300
675,09:30:37,$ 3298.10,100
676,09:30:34,$ 3298.9825,100
677,09:30:34,$ 3298.885,100
678,09:30:34,$ 3298.795,100
679,09:30:33,$ 3299.40,469
680,09:30:33,$ 3299.40,100
681,09:30:33,$ 3299.40,100
682,09:30:33,$ 3299.40,204
683,09:30:33,$ 3299.41,100
684,09:30:32,$ 3299.84,100
685,09:30:31,$ 3299.60,118
686,09:30:24,$ 3299.58,100
687,09:30:22,$ 3299.965,100
688,09:30:22,$ 3299.095,100
689,09:30:22,$ 3300.67,124
690,09:30:22,$ 3300.67,600
691,09:30:22,$ 3300.67,100
692,09:30:22,$ 3300.67,172
694,09:30:19,$ 3299.54,100
695,09:30:18,$ 3300.00,200
696,09:30:18,$ 3299.35,100
697,09:30:18,$ 3300.00,800
698,09:30:14,$ 3300.11,100
699,09:30:12,$ 3301.035,100
700,09:30:09,$ 3300.90,100
701,09:30:09,$ 3300.885,100
702,09:30:09,$ 3300.975,100
703,09:30:08,$ 3302.88,100
704,09:30:03,$ 3302.445,474
705,09:30:03,$ 3303.31,100
706,09:30:02,$ 3301.81,100
707,09:30:02,$ 3300.30,1
708,09:30:02,$ 3300.30,2
709,09:30:02,$ 3300.30,59
710,09:30:02,$ 3300.30,1
711,09:30:02,$ 3300.30,5
712,09:30:02,$ 3300.30,2
713,09:30:02,$ 3300.30,2
715,09:30:02,$ 3300.30,2
716,09:30:02,$ 3300.30,4
717,09:30:02,$ 3300.30,3
718,09:30:02,$ 3300.30,3
719,09:30:02,$ 3300.30,5
720,09:30:02,$ 3300.30,10
721,09:30:02,$ 3300.30,14
722,09:30:02,$ 3300.30,1
723,09:30:02,$ 3300.30,7
724,09:30:02,$ 3300.30,3
725,09:30:02,$ 3300.30,5
726,09:30:02,$ 3300.30,3
727,09:30:02,$ 3300.30,2
728,09:30:02,$ 3300.30,5
729,09:30:02,$ 3300.30,10
730,09:30:02,$ 3300.30,2
731,09:30:02,$ 3300.30,2
732,09:30:02,$ 3300.30,2
733,09:30:02,$ 3300.30,3
734,09:30:02,$ 3300.30,1
736,09:30:02,$ 3300.30,2
737,09:30:02,$ 3300.30,4
738,09:30:02,$ 3300.30,5
739,09:30:02,$ 3300.30,6
740,09:30:02,$ 3300.30,1
741,09:30:02,$ 3300.30,40
742,09:30:02,$ 3300.30,1
743,09:30:02,$ 3300.30,4
744,09:30:02,$ 3300.30,2
745,09:30:02,$ 3300.30,5
746,09:30:02,$ 3300.30,1
747,09:30:02,$ 3300.30,1
748,09:30:02,$ 3300.30,1
749,09:30:02,$ 3300.30,76
750,09:30:02,$ 3300.30,1
751,09:30:02,$ 3300.30,2
752,09:30:02,$ 3300.30,1
753,09:30:02,$ 3300.30,2
754,09:30:02,$ 3300.30,2
755,09:30:02,$ 3300.30,1
757,09:30:02,$ 3300.30,2
758,09:30:02,$ 3300.30,1
759,09:30:02,$ 3300.30,1
760,09:30:02,$ 3300.30,1
761,09:30:02,$ 3300.30,1
762,09:30:02,$ 3300.30,65
763,09:30:02,$ 3300.30,5
764,09:30:02,$ 3300.30,1
765,09:30:02,$ 3300.30,14
766,09:30:02,$ 3300.30,1
767,09:30:02,$ 3300.30,1
768,09:30:02,$ 3300.30,1
769,09:30:02,$ 3300.30,10
770,09:30:02,$ 3300.30,10
771,09:30:02,$ 3300.30,4
772,09:30:02,$ 3300.30,1
773,09:30:02,$ 3300.30,1
774,09:30:02,$ 3300.30,1
775,09:30:02,$ 3300.30,2
776,09:30:02,$ 3300.30,151
778,09:30:02,$ 3300.30,3
779,09:30:02,$ 3300.30,23
780,09:30:02,$ 3300.30,10
781,09:30:02,$ 3300.30,2
782,09:30:02,$ 3300.30,1
783,09:30:02,$ 3300.30,5
784,09:30:02,$ 3300.30,10
785,09:30:02,$ 3300.30,1
786,09:30:02,$ 3300.30,1
787,09:30:02,$ 3300.30,1
788,09:30:02,$ 3300.30,2
789,09:30:02,$ 3300.30,4
790,09:30:02,$ 3300.30,2
791,09:30:02,$ 3300.30,1
792,09:30:02,$ 3300.30,4
793,09:30:02,$ 3300.30,6
794,09:30:02,$ 3300.30,15
795,09:30:02,$ 3300.30,4
796,09:30:02,$ 3300.30,2
797,09:30:02,$ 3300.30,3
799,09:30:02,$ 3300.30,1
800,09:30:02,$ 3300.30,15
801,09:30:02,$ 3300.30,131
802,09:30:02,$ 3300.30,1
803,09:30:02,$ 3300.30,1
804,09:30:02,$ 3300.30,1
805,09:30:02,$ 3300.30,2
806,09:30:02,$ 3300.30,1
807,09:30:02,$ 3300.30,1
808,09:30:02,$ 3300.30,1
809,09:30:02,$ 3300.30,2
810,09:30:02,$ 3300.30,2
811,09:30:02,$ 3300.30,15
812,09:30:02,$ 3300.30,1
813,09:30:02,$ 3300.30,8
814,09:30:02,$ 3300.30,14
815,09:30:02,$ 3300.30,15
816,09:30:02,$ 3300.30,1
817,09:30:02,$ 3300.30,8
818,09:30:02,$ 3300.30,5
820,09:30:02,$ 3300.30,3
821,09:30:02,$ 3300.30,1
822,09:30:02,$ 3300.30,10
823,09:30:02,$ 3300.30,2
824,09:30:02,$ 3300.30,2
825,09:30:02,$ 3300.30,1
826,09:30:02,$ 3300.30,10
827,09:30:02,$ 3300.30,7
828,09:30:02,$ 3300.30,20
829,09:30:02,$ 3300.30,3
830,09:30:02,$ 3300.30,3
831,09:30:02,$ 3300.30,20
832,09:30:02,$ 3300.30,1
833,09:30:02,$ 3300.30,2
834,09:30:02,$ 3300.30,2
835,09:30:02,$ 3300.30,3
836,09:30:02,$ 3300.30,1
837,09:30:02,$ 3300.30,20
838,09:30:02,$ 3300.30,1
839,09:30:02,$ 3300.30,9
841,09:30:02,$ 3300.30,5
842,09:30:02,$ 3300.30,10
843,09:30:02,$ 3300.30,3
844,09:30:02,$ 3300.30,3
845,09:30:02,$ 3300.30,30
846,09:30:02,$ 3300.30,1
847,09:30:02,$ 3300.30,10
848,09:30:02,$ 3300.30,10
849,09:30:02,$ 3300.30,15
850,09:30:02,$ 3300.30,3
851,09:30:02,$ 3300.30,1
852,09:30:02,$ 3300.30,30
853,09:30:02,$ 3300.30,4
854,09:30:02,$ 3300.30,1
855,09:30:02,$ 3300.30,2
856,09:30:02,$ 3300.30,15
857,09:30:02,$ 3300.30,2
858,09:30:02,$ 3300.30,1
859,09:30:02,$ 3300.30,1
860,09:30:02,$ 3300.30,10
862,09:30:02,$ 3300.30,4
863,09:30:02,$ 3300.30,42
864,09:30:02,$ 3300.30,27
865,09:30:02,$ 3300.30,15
866,09:30:02,$ 3300.30,5
867,09:30:02,$ 3300.30,4
868,09:30:02,$ 3300.30,2
869,09:30:02,$ 3300.30,5
870,09:30:02,$ 3300.30,10
871,09:30:02,$ 3300.30,5
872,09:30:02,$ 3300.30,10
873,09:30:02,$ 3300.30,1
874,09:30:02,$ 3300.30,18
875,09:30:02,$ 3300.30,2
876,09:30:02,$ 3300.30,1
877,09:30:02,$ 3300.30,2
878,09:30:02,$ 3300.30,2
879,09:30:02,$ 3300.30,9
880,09:30:02,$ 3300.30,2
881,09:30:02,$ 3300.30,2
883,09:30:02,$ 3300.30,1
884,09:30:02,$ 3300.30,1
885,09:30:02,$ 3300.30,2
886,09:30:02,$ 3300.30,2
887,09:30:02,$ 3300.30,1
888,09:30:02,$ 3300.30,3
889,09:30:02,$ 3300.30,4
890,09:30:02,$ 3300.30,4
891,09:30:02,$ 3300.30,1
892,09:30:02,$ 3300.30,1
893,09:30:02,$ 3300.30,2
894,09:30:02,$ 3300.30,1
895,09:30:02,$ 3300.30,2
896,09:30:02,$ 3300.30,1
897,09:30:02,$ 3300.30,1
898,09:30:02,$ 3300.30,2
899,09:30:02,$ 3300.30,1
900,09:30:02,$ 3300.30,3
901,09:30:02,$ 3300.30,1
902,09:30:02,$ 3300.30,1
904,09:30:02,$ 3300.30,3
905,09:30:02,$ 3300.30,1
906,09:30:02,$ 3300.30,2
907,09:30:02,$ 3300.30,2
908,09:30:02,$ 3300.30,2
909,09:30:02,$ 3300.30,1
910,09:30:02,$ 3300.30,4
911,09:30:02,$ 3300.30,2
912,09:30:02,$ 3300.30,3
913,09:30:02,$ 3300.30,5
914,09:30:02,$ 3300.30,3
915,09:30:02,$ 3300.30,2
916,09:30:02,$ 3300.30,3
917,09:30:02,$ 3300.30,3
918,09:30:02,$ 3300.30,1
919,09:30:02,$ 3300.30,4
920,09:30:02,$ 3300.30,2
921,09:30:02,$ 3300.30,2
922,09:30:02,$ 3300.30,3
923,09:30:02,$ 3300.30,1
925,09:30:02,$ 3300.30,1
926,09:30:02,$ 3300.30,1
927,09:30:02,$ 3300.30,2
928,09:30:02,$ 3300.30,1
929,09:30:02,$ 3300.30,1
930,09:30:02,$ 3300.30,6
931,09:30:02,$ 3300.30,3
932,09:30:02,$ 3300.30,10
933,09:30:02,$ 3300.30,1
934,09:30:02,$ 3300.30,10
935,09:30:02,$ 3300.30,5
936,09:30:02,$ 3300.30,2
937,09:30:02,$ 3300.30,3
938,09:30:02,$ 3300.30,5
939,09:30:02,$ 3300.30,2
940,09:30:02,$ 3300.30,1
941,09:30:02,$ 3300.30,1
942,09:30:02,$ 3300.30,5
943,09:30:02,$ 3300.30,6
944,09:30:02,$ 3300.30,3
946,09:30:02,$ 3300.30,1
947,09:30:02,$ 3300.30,12
948,09:30:02,$ 3300.30,2
949,09:30:02,$ 3300.30,1
950,09:30:02,$ 3300.30,1
951,09:30:02,$ 3300.30,3
952,09:30:02,$ 3300.30,1
953,09:30:02,$ 3300.30,5
954,09:30:02,$ 3300.30,16
955,09:30:02,$ 3300.30,14
956,09:30:02,$ 3300.30,1
957,09:30:02,$ 3300.30,1
958,09:30:02,$ 3300.30,3
959,09:30:02,$ 3300.30,1
960,09:30:02,$ 3300.30,1
961,09:30:02,$ 3300.30,1
962,09:30:02,$ 3300.30,2
963,09:30:02,$ 3300.30,1
964,09:30:02,$ 3300.30,60
965,09:30:02,$ 3300.30,1
967,09:30:02,$ 3300.30,1
968,09:30:02,$ 3300.30,9
969,09:30:02,$ 3300.30,1
970,09:30:02,$ 3300.30,1
971,09:30:02,$ 3300.30,16
972,09:30:02,$ 3300.30,6
973,09:30:02,$ 3300.30,1
974,09:30:02,$ 3300.30,2
975,09:30:02,$ 3300.30,5
976,09:30:02,$ 3300.30,1
977,09:30:02,$ 3300.30,1
978,09:30:02,$ 3300.30,3
979,09:30:02,$ 3300.30,110
980,09:30:02,$ 3300.30,42
981,09:30:02,$ 3300.30,3
982,09:30:02,$ 3300.30,5
983,09:30:02,$ 3300.30,1
984,09:30:02,$ 3300.30,11
985,09:30:02,$ 3300.30,1
986,09:30:02,$ 3300.30,2
988,09:30:02,$ 3300.30,4
989,09:30:02,$ 3300.30,5
990,09:30:02,$ 3300.30,135
991,09:30:02,$ 3300.30,2
992,09:30:02,$ 3300.30,6
993,09:30:02,$ 3300.30,200
994,09:30:02,$ 3300.30,30
995,09:30:02,$ 3300.30,1
996,09:30:02,$ 3300.30,1
997,09:30:02,$ 3300.30,8
998,09:30:02,$ 3300.30,1
999,09:30:02,$ 3300.30,2
1000,09:30:02,$ 3300.30,25
1001,09:30:02,$ 3300.30,1
1002,09:30:02,$ 3300.30,2
1003,09:30:02,$ 3300.30,2
1004,09:30:02,$ 3300.30,2
1005,09:30:02,$ 3300.30,5
1006,09:30:02,$ 3300.30,9
1007,09:30:02,$ 3300.30,1
1009,09:30:02,$ 3300.30,1
1010,09:30:02,$ 3300.30,3
1011,09:30:02,$ 3300.30,20
1012,09:30:02,$ 3300.30,3
1013,09:30:02,$ 3300.30,1
1014,09:30:02,$ 3300.30,1
1015,09:30:02,$ 3300.30,79
1016,09:30:02,$ 3300.30,7
1017,09:30:02,$ 3300.30,5
1018,09:30:02,$ 3300.30,5
1019,09:30:02,$ 3300.30,7
1020,09:30:02,$ 3300.30,1
1021,09:30:02,$ 3300.30,15
1022,09:30:02,$ 3300.30,1
1023,09:30:02,$ 3300.30,3
1024,09:30:02,$ 3300.30,10
1025,09:30:02,$ 3300.30,1
1026,09:30:02,$ 3300.30,1
1027,09:30:02,$ 3300.30,1
1028,09:30:02,$ 3300.30,2
1030,09:30:02,$ 3300.30,2
1031,09:30:02,$ 3300.30,35
1032,09:30:02,$ 3300.30,6
1033,09:30:02,$ 3300.30,1
1034,09:30:02,$ 3300.30,5
1035,09:30:02,$ 3300.30,2
1036,09:30:02,$ 3300.30,1
1037,09:30:02,$ 3300.30,1
1038,09:30:02,$ 3300.30,4
1039,09:30:02,$ 3300.30,8
1040,09:30:02,$ 3300.30,1
1041,09:30:02,$ 3300.30,20
1042,09:30:02,$ 3300.30,1
1043,09:30:02,$ 3300.30,1
1044,09:30:02,$ 3300.30,5
1045,09:30:02,$ 3300.30,1
1046,09:30:02,$ 3300.30,5
1047,09:30:02,$ 3300.30,1
1048,09:30:02,$ 3300.30,6
1049,09:30:02,$ 3300.30,1
1051,09:30:02,$ 3300.30,2
1052,09:30:02,$ 3300.30,1
1053,09:30:02,$ 3300.30,2
1054,09:30:02,$ 3300.30,13
1055,09:30:02,$ 3300.30,1
1056,09:30:02,$ 3300.30,3
1057,09:30:02,$ 3300.30,1
1058,09:30:02,$ 3300.30,1
1059,09:30:02,$ 3300.30,33
1060,09:30:02,$ 3300.30,8
1061,09:30:02,$ 3300.30,15
1062,09:30:02,$ 3300.30,1
1063,09:30:02,$ 3300.30,1
1064,09:30:02,$ 3300.30,5
1065,09:30:02,$ 3300.30,10
1066,09:30:02,$ 3300.30,15
1067,09:30:02,$ 3300.30,1
1068,09:30:02,$ 3300.30,5
1069,09:30:02,$ 3300.30,2
1070,09:30:02,$ 3300.30,3
1072,09:30:02,$ 3300.30,20
1073,09:30:02,$ 3300.30,4
1074,09:30:02,$ 3300.30,2
1075,09:30:02,$ 3300.30,1
1076,09:30:02,$ 3300.30,2
1077,09:30:02,$ 3300.30,20
1078,09:30:02,$ 3300.30,1
1079,09:30:02,$ 3300.30,10
1080,09:30:02,$ 3300.30,15
1081,09:30:02,$ 3300.30,2
1082,09:30:02,$ 3300.30,3
1083,09:30:02,$ 3300.30,2
1084,09:30:02,$ 3300.30,1
1085,09:30:02,$ 3300.30,5
1086,09:30:02,$ 3300.30,1
1087,09:30:02,$ 3300.30,80
1088,09:30:02,$ 3300.30,5
1089,09:30:02,$ 3300.30,2
1090,09:30:02,$ 3300.30,1
1091,09:30:02,$ 3300.30,1
1093,09:30:02,$ 3300.30,1
1094,09:30:02,$ 3300.30,2
1095,09:30:02,$ 3300.30,1
1096,09:30:02,$ 3300.30,3
1097,09:30:02,$ 3300.30,1
1098,09:30:02,$ 3300.30,2
1099,09:30:02,$ 3300.30,1
1100,09:30:02,$ 3300.30,1
1101,09:30:02,$ 3300.30,2
1102,09:30:02,$ 3300.30,1
1103,09:30:02,$ 3300.30,30
1104,09:30:02,$ 3300.30,51
1105,09:30:02,$ 3300.30,1
1106,09:30:02,$ 3300.30,1
1107,09:30:02,$ 3300.30,1
1108,09:30:02,$ 3300.30,1
1109,09:30:02,$ 3300.30,1
1110,09:30:02,$ 3300.30,1
1111,09:30:02,$ 3300.30,1
1112,09:30:02,$ 3300.30,1
1114,09:30:02,$ 3300.30,1
1115,09:30:02,$ 3300.30,1
1116,09:30:02,$ 3300.30,1
1117,09:30:02,$ 3300.30,1
1118,09:30:02,$ 3300.30,1
1119,09:30:02,$ 3300.30,1
1120,09:30:02,$ 3300.30,1
1121,09:30:02,$ 3300.30,1
1122,09:30:02,$ 3300.30,1
1123,09:30:02,$ 3300.30,1
1124,09:30:02,$ 3300.30,1
1125,09:30:02,$ 3300.30,1
1126,09:30:02,$ 3300.30,1
1127,09:30:02,$ 3300.30,1
1128,09:30:02,$ 3300.30,1
1129,09:30:02,$ 3300.30,1
1130,09:30:02,$ 3300.30,1
1131,09:30:02,$ 3300.30,1
1132,09:30:02,$ 3300.30,1
1133,09:30:02,$ 3300.30,1
1135,09:30:02,$ 3300.30,1
1136,09:30:02,$ 3300.30,1
1137,09:30:02,$ 3300.30,1
1138,09:30:02,$ 3300.30,1
1139,09:30:02,$ 3300.30,1
1140,09:30:02,$ 3300.30,1
1141,09:30:02,$ 3300.30,1
1142,09:30:02,$ 3300.30,1
1143,09:30:02,$ 3300.30,1
1144,09:30:02,$ 3300.30,1
1145,09:30:02,$ 3300.30,1
1146,09:30:02,$ 3300.30,1
1147,09:30:02,$ 3300.30,1
1148,09:30:02,$ 3300.30,1
1149,09:30:02,$ 3300.30,1
1150,09:30:02,$ 3300.30,1
1151,09:30:02,$ 3300.30,1
1152,09:30:02,$ 3300.30,1
1153,09:30:02,$ 3300.30,1
1154,09:30:02,$ 3300.30,1
1156,09:30:02,$ 3300.30,1
1157,09:30:02,$ 3300.30,1
1158,09:30:02,$ 3300.30,1
1159,09:30:02,$ 3300.30,1
1160,09:30:02,$ 3300.30,1
1161,09:30:02,$ 3300.30,1
1162,09:30:02,$ 3300.30,1
1163,09:30:02,$ 3300.30,1
1164,09:30:02,$ 3300.30,1
1165,09:30:02,$ 3300.30,1
1166,09:30:02,$ 3300.30,1
1167,09:30:02,$ 3300.30,1
1168,09:30:02,$ 3300.30,1
1169,09:30:02,$ 3300.30,1
1170,09:30:02,$ 3300.30,1
1171,09:30:02,$ 3300.30,1
1172,09:30:02,$ 3300.30,1
1173,09:30:02,$ 3300.30,1
1174,09:30:02,$ 3300.30,1
1175,09:30:02,$ 3300.30,1
1177,09:30:02,$ 3300.30,1
1178,09:30:02,$ 3300.30,1
1179,09:30:02,$ 3300.30,1
1180,09:30:02,$ 3300.30,5
1181,09:30:02,$ 3300.30,20
1182,09:30:02,$ 3300.30,1
1183,09:30:02,$ 3300.30,3
1184,09:30:02,$ 3300.30,1
1185,09:30:02,$ 3300.30,2
1186,09:30:02,$ 3300.30,2
1187,09:30:02,$ 3300.30,2
1188,09:30:02,$ 3300.30,4
1189,09:30:02,$ 3300.30,5
1190,09:30:02,$ 3300.30,2
1191,09:30:02,$ 3300.30,3
1192,09:30:02,$ 3300.30,1
1193,09:30:02,$ 3300.30,1
1194,09:30:02,$ 3300.30,10
1195,09:30:02,$ 3300.30,3
1196,09:30:02,$ 3300.30,4
1198,09:30:02,$ 3300.30,40
1199,09:30:02,$ 3300.30,1
1200,09:30:02,$ 3300.30,1
1201,09:30:02,$ 3300.30,2
1202,09:30:02,$ 3300.30,1
1203,09:30:02,$ 3300.30,4
1204,09:30:02,$ 3300.30,7
1205,09:30:02,$ 3300.30,10
1206,09:30:02,$ 3300.30,7
1207,09:30:02,$ 3300.30,3
1208,09:30:02,$ 3300.30,3
1209,09:30:02,$ 3300.30,1
1210,09:30:02,$ 3300.30,1
1211,09:30:02,$ 3300.30,1
1212,09:30:02,$ 3300.30,10
1213,09:30:02,$ 3300.30,15
1214,09:30:02,$ 3300.30,5
1215,09:30:02,$ 3300.30,1
1216,09:30:02,$ 3300.30,5
1217,09:30:02,$ 3300.30,2
1219,09:30:02,$ 3300.30,1
1220,09:30:02,$ 3300.30,1
1221,09:30:02,$ 3300.30,5
1222,09:30:02,$ 3300.30,1
1223,09:30:02,$ 3300.30,2
1224,09:30:02,$ 3300.30,2
1225,09:30:02,$ 3300.30,3
1226,09:30:02,$ 3300.30,2
1227,09:30:02,$ 3300.30,3
1228,09:30:02,$ 3300.30,9
1229,09:30:02,$ 3300.30,3
1230,09:30:02,$ 3300.30,5
1231,09:30:02,$ 3300.30,1
1232,09:30:02,$ 3300.30,1
1233,09:30:02,$ 3300.30,1
1234,09:30:02,$ 3300.30,1
1235,09:30:02,$ 3300.30,1
1236,09:30:02,$ 3300.30,1
1237,09:30:02,$ 3300.30,1
1238,09:30:02,$ 3300.30,1
1240,09:30:02,$ 3300.30,1
1241,09:30:02,$ 3300.30,1
1242,09:30:02,$ 3300.30,1
1243,09:30:02,$ 3300.30,1
1244,09:30:02,$ 3300.30,1
1245,09:30:02,$ 3300.30,1
1246,09:30:02,$ 3300.30,1
1247,09:30:02,$ 3300.30,1
1248,09:30:02,$ 3300.30,1
1249,09:30:02,$ 3300.30,1
1250,09:30:02,$ 3300.30,1
1251,09:30:02,$ 3300.30,1
1252,09:30:02,$ 3300.30,1
1253,09:30:02,$ 3300.30,1
1254,09:30:02,$ 3300.30,1
1255,09:30:02,$ 3300.30,1
1256,09:30:02,$ 3300.30,1
1257,09:30:02,$ 3300.30,1
1258,09:30:02,$ 3300.30,1
1259,09:30:02,$ 3300.30,1
1261,09:30:02,$ 3300.30,1
1262,09:30:02,$ 3300.30,1
1263,09:30:02,$ 3300.30,1
1264,09:30:02,$ 3300.30,1
1265,09:30:02,$ 3300.30,1
1266,09:30:02,$ 3300.30,1
1267,09:30:02,$ 3300.30,1
1268,09:30:02,$ 3300.30,1
1269,09:30:02,$ 3300.30,1
1270,09:30:02,$ 3300.30,1
1271,09:30:02,$ 3300.30,1
1272,09:30:02,$ 3300.30,1
1273,09:30:02,$ 3300.30,1
1274,09:30:02,$ 3300.30,1
1275,09:30:02,$ 3300.30,1
1276,09:30:02,$ 3300.30,1
1277,09:30:02,$ 3300.30,1
1278,09:30:02,$ 3300.30,1
1279,09:30:02,$ 3300.30,1
1280,09:30:02,$ 3300.30,1
1282,09:30:02,$ 3300.30,1
1283,09:30:02,$ 3300.30,1
1284,09:30:02,$ 3300.30,1
1285,09:30:02,$ 3300.30,1
1286,09:30:02,$ 3300.30,1
1287,09:30:02,$ 3300.30,1
1288,09:30:02,$ 3300.30,1
1289,09:30:02,$ 3300.30,2
1290,09:30:02,$ 3300.30,1
1291,09:30:02,$ 3300.30,1
1292,09:30:02,$ 3300.30,1
1293,09:30:02,$ 3300.30,1
1294,09:30:02,$ 3300.30,1
1295,09:30:02,$ 3300.30,1
1296,09:30:02,$ 3300.30,1
1297,09:30:02,$ 3300.30,1
1298,09:30:02,$ 3300.30,1
1299,09:30:02,$ 3300.30,1
1300,09:30:02,$ 3300.30,1
1301,09:30:02,$ 3300.30,1
1303,09:30:02,$ 3300.30,1
1304,09:30:02,$ 3300.30,1
1305,09:30:02,$ 3300.30,1
1306,09:30:02,$ 3300.30,1
1307,09:30:02,$ 3300.30,1
1308,09:30:02,$ 3300.30,1
1309,09:30:02,$ 3300.30,1
1310,09:30:02,$ 3300.30,1
1311,09:30:02,$ 3300.30,1
1312,09:30:02,$ 3300.30,1
1313,09:30:02,$ 3300.30,2
1314,09:30:02,$ 3300.30,1
1315,09:30:02,$ 3300.30,1
1316,09:30:02,$ 3300.30,1
1317,09:30:02,$ 3300.30,1
1318,09:30:02,$ 3300.30,1
1319,09:30:02,$ 3300.30,1
1320,09:30:02,$ 3300.30,1
1321,09:30:02,$ 3300.30,1
1322,09:30:02,$ 3300.30,1
1324,09:30:02,$ 3300.30,1
1325,09:30:02,$ 3300.30,1
1326,09:30:02,$ 3300.30,1
1327,09:30:02,$ 3300.30,1
1328,09:30:02,$ 3300.30,1
1329,09:30:02,$ 3300.30,1
1330,09:30:02,$ 3300.30,1
1331,09:30:02,$ 3300.30,1
1332,09:30:02,$ 3300.30,1
1333,09:30:02,$ 3300.30,8
1334,09:30:02,$ 3300.30,1
1335,09:30:02,$ 3300.30,1
1336,09:30:02,$ 3300.30,1
1337,09:30:02,$ 3300.30,1
1338,09:30:02,$ 3300.30,1
1339,09:30:02,$ 3300.30,1
1340,09:30:02,$ 3300.30,1
1341,09:30:02,$ 3300.30,1
1342,09:30:02,$ 3300.30,1
1343,09:30:02,$ 3300.30,1
1345,09:30:02,$ 3300.30,1
1346,09:30:02,$ 3300.30,1
1347,09:30:02,$ 3300.30,1
1348,09:30:02,$ 3300.30,1
1349,09:30:02,$ 3300.30,1
1350,09:30:02,$ 3300.30,1
1351,09:30:02,$ 3300.30,1
1352,09:30:02,$ 3300.30,1
1353,09:30:02,$ 3300.30,1
1354,09:30:02,$ 3300.30,1
1355,09:30:02,$ 3300.30,1
1356,09:30:02,$ 3300.30,1
1357,09:30:02,$ 3300.30,1
1358,09:30:02,$ 3300.30,25
1359,09:30:02,$ 3300.30,1
1360,09:30:02,$ 3300.30,29
1361,09:30:02,$ 3300.30,1
1362,09:30:02,$ 3300.30,84
1363,09:30:02,$ 3300.30,2
1364,09:30:02,$ 3300.30,3
1366,09:30:02,$ 3300.30,5
1367,09:30:02,$ 3300.30,14
1368,09:30:02,$ 3300.30,33
1369,09:30:02,$ 3300.30,7
1370,09:30:02,$ 3300.30,5
1371,09:30:02,$ 3300.30,1
1372,09:30:02,$ 3300.30,3
1373,09:30:02,$ 3300.30,1
1374,09:30:02,$ 3300.30,6
1375,09:30:02,$ 3300.30,10
1376,09:30:02,$ 3300.30,3
1377,09:30:02,$ 3300.30,25
1378,09:30:02,$ 3300.30,1
1379,09:30:02,$ 3300.30,6
1380,09:30:02,$ 3300.30,74
1381,09:30:02,$ 3300.30,2
1382,09:30:02,$ 3300.30,20
1383,09:30:02,$ 3300.30,20
1384,09:30:02,$ 3300.30,6
1385,09:30:02,$ 3300.30,2
1387,09:30:02,$ 3300.30,9
1388,09:30:02,$ 3300.30,117
1389,09:30:02,$ 3300.30,100
1390,09:30:02,$ 3300.30,1
1391,09:30:02,$ 3300.30,5
1392,09:30:02,$ 3300.30,5
1393,09:30:02,$ 3300.30,1
1394,09:30:02,$ 3300.30,60
1395,09:30:02,$ 3300.30,71
1396,09:30:02,$ 3300.30,5
1397,09:30:02,$ 3300.30,5
1398,09:30:02,$ 3300.30,16
1399,09:30:02,$ 3300.30,2
1400,09:30:02,$ 3300.30,1
1401,09:30:02,$ 3300.30,1
1402,09:30:02,$ 3300.30,1
1403,09:30:02,$ 3300.30,1
1404,09:30:02,$ 3300.30,3
1405,09:30:02,$ 3300.30,2
1406,09:30:02,$ 3300.30,1
1408,09:30:02,$ 3300.30,3
1409,09:30:02,$ 3300.30,1
1410,09:30:02,$ 3300.30,1
1411,09:30:02,$ 3300.30,1
1412,09:30:02,$ 3300.30,4
1413,09:30:02,$ 3300.30,4
1414,09:30:02,$ 3300.30,1
1415,09:30:02,$ 3300.30,1
1416,09:30:02,$ 3300.30,3
1417,09:30:02,$ 3300.30,20
1418,09:30:02,$ 3300.30,3
1419,09:30:02,$ 3300.30,1
1420,09:30:02,$ 3300.30,1
1421,09:30:02,$ 3300.30,5
1422,09:30:02,$ 3300.30,42
1423,09:30:02,$ 3300.30,3
1424,09:30:02,$ 3300.30,1
1425,09:30:02,$ 3300.30,1
1426,09:30:02,$ 3300.30,1
1427,09:30:02,$ 3300.30,5
1429,09:30:02,$ 3300.30,33
1430,09:30:02,$ 3300.30,10
1431,09:30:02,$ 3300.30,2
1432,09:30:02,$ 3300.30,3
1433,09:30:02,$ 3300.30,2
1434,09:30:02,$ 3300.30,3
1435,09:30:02,$ 3300.30,1
1436,09:30:02,$ 3300.30,9
1437,09:30:02,$ 3300.30,4
1438,09:30:02,$ 3300.30,3
1439,09:30:02,$ 3300.30,3
1440,09:30:02,$ 3300.30,1
1441,09:30:02,$ 3300.30,2
1442,09:30:02,$ 3300.30,2
1443,09:30:02,$ 3300.30,1
1444,09:30:02,$ 3300.30,4
1445,09:30:02,$ 3300.30,152
1446,09:30:02,$ 3300.30,211
1447,09:30:02,$ 3300.30,18
1448,09:30:02,$ 3300.30,3
1450,09:30:02,$ 3300.30,32
1451,09:30:02,$ 3300.30,3
1452,09:30:02,$ 3300.30,1
1453,09:30:02,$ 3300.30,6
1454,09:30:02,$ 3300.30,6
1455,09:30:02,$ 3300.30,2
1456,09:30:02,$ 3300.30,15
1457,09:30:02,$ 3300.30,7
1458,09:30:02,$ 3300.30,2
1459,09:30:02,$ 3300.30,6
1460,09:30:02,$ 3300.30,2
1461,09:30:02,$ 3300.30,2
1462,09:30:02,$ 3300.30,25
1463,09:30:02,$ 3300.30,5
1464,09:30:02,$ 3300.30,2
1465,09:30:02,$ 3300.30,1
1466,09:30:02,$ 3300.30,11
1467,09:30:02,$ 3300.30,1
1468,09:30:02,$ 3300.30,3
1469,09:30:02,$ 3300.30,70
1471,09:30:02,$ 3300.30,1
1472,09:30:02,$ 3300.30,1
1473,09:30:02,$ 3300.30,34
1474,09:30:02,$ 3300.30,2
1475,09:30:02,$ 3300.30,7
1476,09:30:02,$ 3300.30,7
1477,09:30:02,$ 3300.30,7
1478,09:30:02,$ 3300.30,5
1479,09:30:02,$ 3300.30,128
1480,09:30:02,$ 3300.30,4
1481,09:30:02,$ 3300.30,6
1482,09:30:02,$ 3300.30,12
1483,09:30:02,$ 3300.30,4
1484,09:30:02,$ 3300.30,36
1485,09:30:02,$ 3300.30,3
1486,09:30:02,$ 3300.30,7
1487,09:30:02,$ 3300.30,7
1488,09:30:02,$ 3300.30,6
1489,09:30:02,$ 3300.30,60
1490,09:30:02,$ 3300.30,6
1492,09:30:02,$ 3300.30,6
1493,09:30:02,$ 3300.30,1
1494,09:30:02,$ 3300.30,71
1495,09:30:02,$ 3300.30,4
1496,09:30:02,$ 3300.30,28
1497,09:30:02,$ 3300.30,8
1498,09:30:02,$ 3300.30,2
1499,09:30:02,$ 3300.30,3
1500,09:30:02,$ 3300.30,20
1501,09:30:02,$ 3300.30,1
1502,09:30:02,$ 3300.30,2
1503,09:30:02,$ 3300.30,83
1504,09:30:02,$ 3300.30,100
1505,09:30:02,$ 3300.30,5
1506,09:30:02,$ 3300.30,10
1507,09:30:02,$ 3300.30,100
1508,09:30:02,$ 3300.30,101
1509,09:30:02,$ 3300.30,200
1510,09:30:02,$ 3300.30,500
1511,09:30:02,$ 3300.30,145
1513,09:30:02,$ 3300.30,232
1514,09:30:02,$ 3300.30,100
1515,09:30:02,$ 3300.30,19
1516,09:30:02,$ 3300.30,100
1517,09:30:02,$ 3300.30,100
1518,09:30:02,$ 3300.30,300
1519,09:30:02,$ 3300.30,200
1520,09:30:02,$ 3300.30,30
1521,09:30:02,$ 3300.30,304
1522,09:30:02,$ 3300.30,151
1523,09:30:02,$ 3300.30,15
1524,09:30:02,$ 3300.30,500
1525,09:30:02,$ 3300.30,30
1526,09:30:02,$ 3300.30,5
1527,09:30:02,$ 3300.30,20
1528,09:30:02,$ 3300.30,100
1529,09:30:02,$ 3300.30,25
1530,09:30:02,$ 3300.30,9
1531,09:30:02,$ 3300.30,100
1532,09:30:02,$ 3300.30,25
1534,09:30:02,$ 3300.30,1
1535,09:30:02,$ 3300.30,3
1536,09:30:02,$ 3300.30,120
1537,09:30:02,$ 3300.30,1
1538,09:30:02,$ 3300.30,5
1539,09:30:02,$ 3300.30,10
1540,09:30:02,$ 3300.30,15
1541,09:30:02,$ 3300.30,10
1542,09:30:02,$ 3300.30,1
1543,09:30:02,$ 3300.30,5
1544,09:30:02,$ 3300.30,10
1545,09:30:02,$ 3300.30,100
1546,09:30:02,$ 3300.30,33
1547,09:30:02,$ 3300.30,2
1548,09:30:02,$ 3300.30,1
1549,09:30:02,$ 3300.30,6
1550,09:30:02,$ 3300.30,2
1551,09:30:02,$ 3300.30,100
1552,09:30:02,$ 3300.30,47
1553,09:30:02,$ 3300.30,74
1555,09:30:02,$ 3300.30,1
1556,09:30:02,$ 3300.30,25
1557,09:30:02,$ 3300.30,2
1558,09:30:02,$ 3300.30,400
1559,09:30:02,$ 3300.30,1
1560,09:30:02,$ 3300.30,2
1561,09:30:02,$ 3300.30,1
1562,09:30:02,$ 3300.30,1
1563,09:30:02,$ 3300.30,1
1564,09:30:02,$ 3300.30,5
1565,09:30:02,$ 3300.30,1
1566,09:30:02,$ 3300.30,3
1567,09:30:02,$ 3300.30,3
1568,09:30:02,$ 3300.30,1
1569,09:30:02,$ 3300.30,3
1570,09:30:02,$ 3300.30,1
1571,09:30:02,$ 3300.30,20
1572,09:30:02,$ 3300.30,5
1573,09:30:02,$ 3300.30,3
1574,09:30:02,$ 3300.30,3
1576,09:30:02,$ 3300.30,2
1577,09:30:02,$ 3300.30,1
1578,09:30:02,$ 3300.30,7
1579,09:30:02,$ 3300.30,1
1580,09:30:02,$ 3300.30,10
1581,09:30:02,$ 3300.30,12
1582,09:30:02,$ 3300.30,1
1583,09:30:02,$ 3300.30,1
1584,09:30:02,$ 3300.30,3
1585,09:30:02,$ 3300.30,180
1586,09:30:02,$ 3300.30,1
1587,09:30:02,$ 3300.30,20
1588,09:30:02,$ 3300.30,10
1589,09:30:02,$ 3300.30,1
1590,09:30:02,$ 3300.30,10
1591,09:30:02,$ 3300.30,4
1592,09:30:02,$ 3300.30,2
1593,09:30:02,$ 3300.30,3
1594,09:30:02,$ 3300.30,9
1595,09:30:02,$ 3300.30,2
1597,09:30:02,$ 3300.30,2
1598,09:30:02,$ 3300.30,1
1599,09:30:02,$ 3300.30,3
1600,09:30:02,$ 3300.30,100
1601,09:30:02,$ 3300.30,50
1602,09:30:02,$ 3300.30,8
1603,09:30:02,$ 3300.30,10
1604,09:30:02,$ 3300.30,1
1605,09:30:02,$ 3300.30,21
1606,09:30:02,$ 3300.30,3
1607,09:30:02,$ 3300.30,9
1608,09:30:02,$ 3300.30,87
1609,09:30:02,$ 3300.30,2
1610,09:30:02,$ 3300.30,196
1611,09:30:02,$ 3300.30,1
1612,09:30:02,$ 3300.30,5
1613,09:30:02,$ 3300.30,3
1614,09:30:02,$ 3300.30,2
1615,09:30:02,$ 3300.30,5
1616,09:30:02,$ 3300.30,1
1618,09:30:02,$ 3300.30,3
1619,09:30:02,$ 3300.30,5
1620,09:30:02,$ 3300.30,15
1621,09:30:02,$ 3300.30,5
1622,09:30:02,$ 3300.30,1
1623,09:30:02,$ 3300.30,1
1624,09:30:02,$ 3300.30,1
1625,09:30:02,$ 3300.30,2
1626,09:30:02,$ 3300.30,4
1627,09:30:02,$ 3300.30,10
1628,09:30:02,$ 3300.30,10
1629,09:30:02,$ 3300.30,1
1630,09:30:02,$ 3300.30,1
1631,09:30:02,$ 3300.30,1
1632,09:30:02,$ 3300.30,1
1633,09:30:02,$ 3300.30,1
1634,09:30:02,$ 3300.30,100
1635,09:30:02,$ 3300.30,1
1636,09:30:02,$ 3300.30,1
1637,09:30:02,$ 3300.30,3
1639,09:30:02,$ 3300.30,1
1640,09:30:02,$ 3300.30,2
1641,09:30:02,$ 3300.30,2
1642,09:30:02,$ 3300.30,50
1643,09:30:02,$ 3300.30,15
1644,09:30:02,$ 3300.30,7
1645,09:30:02,$ 3300.30,5
1646,09:30:02,$ 3300.30,2
1647,09:30:02,$ 3300.30,300
1648,09:30:02,$ 3300.30,1
1649,09:30:02,$ 3300.30,1
1650,09:30:02,$ 3300.30,1
1651,09:30:02,$ 3300.30,1
1652,09:30:02,$ 3300.30,1
1653,09:30:02,$ 3300.30,3
1654,09:30:02,$ 3300.30,2
1655,09:30:02,$ 3300.30,2
1656,09:30:02,$ 3300.30,1
1657,09:30:02,$ 3300.30,15
1658,09:30:02,$ 3300.30,3
1660,09:30:02,$ 3300.30,70
1661,09:30:02,$ 3300.30,20
1662,09:30:02,$ 3300.30,5
1663,09:30:02,$ 3300.30,5
1664,09:30:02,$ 3300.30,3
1665,09:30:02,$ 3300.30,1
1666,09:30:02,$ 3300.30,6
1667,09:30:02,$ 3300.30,1
1668,09:30:02,$ 3300.30,2
1669,09:30:02,$ 3300.30,2
1670,09:30:02,$ 3300.30,357
1671,09:30:02,$ 3300.30,3
1672,09:30:02,$ 3300.30,160
1673,09:30:02,$ 3300.30,3
1674,09:30:02,$ 3300.30,6
1675,09:30:02,$ 3300.30,4
1676,09:30:02,$ 3300.30,3
1677,09:30:02,$ 3300.30,1
1678,09:30:02,$ 3300.30,1
1679,09:30:02,$ 3300.30,1
1681,09:30:02,$ 3300.30,3
1682,09:30:02,$ 3300.30,15
1683,09:30:02,$ 3300.30,80
1684,09:30:02,$ 3300.30,12
1685,09:30:02,$ 3300.30,68
1686,09:30:02,$ 3300.30,15
1687,09:30:02,$ 3300.30,54
1688,09:30:02,$ 3300.30,1
1689,09:30:02,$ 3300.30,1
1690,09:30:02,$ 3300.30,1
1691,09:30:02,$ 3300.30,2
1692,09:30:02,$ 3300.30,1
1693,09:30:02,$ 3300.30,3
1694,09:30:02,$ 3300.30,16
1695,09:30:02,$ 3300.30,1
1696,09:30:02,$ 3300.30,3
1697,09:30:02,$ 3300.30,461
1698,09:30:02,$ 3300.30,"1,093"
1699,09:30:02,$ 3300.30,52
1700,09:30:02,$ 3300.30,1
1702,09:30:02,$ 3300.30,1
1703,09:30:02,$ 3300.30,1
1704,09:30:02,$ 3300.30,15
1705,09:30:02,$ 3300.30,1
1706,09:30:02,$ 3300.30,3
1707,09:30:02,$ 3300.30,2
1708,09:30:02,$ 3300.30,2
1709,09:30:02,$ 3300.30,2
1710,09:30:02,$ 3300.30,2
1711,09:30:02,$ 3300.30,1
1712,09:30:02,$ 3300.30,1
1713,09:30:02,$ 3300.30,1
1714,09:30:02,$ 3300.30,2
1715,09:30:02,$ 3300.30,1
1716,09:30:02,$ 3300.30,1
1717,09:30:02,$ 3300.30,1
1718,09:30:02,$ 3300.30,1
1719,09:30:02,$ 3300.30,1
1720,09:30:02,$ 3300.30,1
1721,09:30:02,$ 3300.30,2
1723,09:30:02,$ 3300.30,1
1724,09:30:02,$ 3300.30,1
1725,09:30:02,$ 3300.30,2
1726,09:30:02,$ 3300.30,3
1727,09:30:02,$ 3300.30,10
1728,09:30:02,$ 3300.30,2
1729,09:30:02,$ 3300.30,1
1730,09:30:02,$ 3300.30,1
1731,09:30:02,$ 3300.30,4
1732,09:30:02,$ 3300.30,1
1733,09:30:02,$ 3300.30,266
1734,09:30:02,$ 3300.30,1
1735,09:30:02,$ 3300.30,6
1736,09:30:02,$ 3300.30,26
1737,09:30:02,$ 3300.30,1
1738,09:30:02,$ 3300.30,1
1739,09:30:02,$ 3300.30,1
1740,09:30:02,$ 3300.30,23
1741,09:30:02,$ 3300.30,21
1742,09:30:02,$ 3300.30,1
1744,09:30:02,$ 3300.30,7
1745,09:30:02,$ 3300.30,3
1746,09:30:02,$ 3300.30,1
1747,09:30:02,$ 3300.30,1
1748,09:30:02,$ 3300.30,1
1749,09:30:02,$ 3300.30,4
1750,09:30:02,$ 3300.30,3
1751,09:30:02,$ 3300.30,1
1752,09:30:02,$ 3300.30,4
1753,09:30:02,$ 3300.30,2
1754,09:30:02,$ 3300.30,1
1755,09:30:02,$ 3300.30,11
1756,09:30:02,$ 3300.30,4
1757,09:30:02,$ 3300.30,2
1758,09:30:02,$ 3300.30,3
1759,09:30:02,$ 3300.30,1
1760,09:30:02,$ 3300.30,2
1761,09:30:02,$ 3300.30,1
1762,09:30:02,$ 3300.30,1
1763,09:30:02,$ 3300.30,1
1765,09:30:02,$ 3300.30,1
1766,09:30:02,$ 3300.30,1
1767,09:30:02,$ 3300.30,1
1768,09:30:02,$ 3300.30,1
1769,09:30:02,$ 3300.30,1
1770,09:30:02,$ 3300.30,1
1771,09:30:02,$ 3300.30,1
1772,09:30:02,$ 3300.30,21
1773,09:30:02,$ 3300.30,5
1774,09:30:02,$ 3300.30,5
1775,09:30:02,$ 3300.30,1
1776,09:30:02,$ 3300.30,35
1777,09:30:02,$ 3300.30,4
1778,09:30:02,$ 3300.30,1
1779,09:30:02,$ 3300.30,1
1780,09:30:02,$ 3300.30,1
1781,09:30:02,$ 3300.30,6
1782,09:30:02,$ 3300.30,11
1783,09:30:02,$ 3300.30,3
1784,09:30:02,$ 3300.30,2
1786,09:30:02,$ 3300.30,1
1787,09:30:02,$ 3300.30,7
1788,09:30:02,$ 3300.30,3
1789,09:30:02,$ 3300.30,1
1790,09:30:02,$ 3300.30,2
1791,09:30:02,$ 3300.30,5
1792,09:30:02,$ 3300.30,2
1793,09:30:02,$ 3300.30,2
1794,09:30:02,$ 3300.30,40
1795,09:30:02,$ 3300.30,15
1796,09:30:02,$ 3300.30,75
1797,09:30:02,$ 3300.30,5
1798,09:30:02,$ 3300.30,1
1799,09:30:02,$ 3300.30,356
1800,09:30:02,$ 3300.30,427
1801,09:30:02,$ 3300.30,285
1802,09:30:02,$ 3300.30,247
1803,09:30:02,$ 3300.30,220
1804,09:30:02,$ 3300.30,1
1805,09:30:02,$ 3300.30,25
1807,09:30:02,$ 3300.30,147
1808,09:30:02,$ 3300.30,20
1809,09:30:02,$ 3300.30,30
1810,09:30:02,$ 3300.30,25
1811,09:30:02,$ 3300.30,289
1812,09:30:02,$ 3300.30,136
1813,09:30:02,$ 3300.30,69
1814,09:30:02,$ 3300.30,175
1815,09:30:02,$ 3300.30,100
1816,09:30:02,$ 3300.30,3
1817,09:30:02,$ 3300.30,5
1818,09:30:02,$ 3300.30,121
1819,09:30:02,$ 3300.30,5
1820,09:30:02,$ 3300.30,100
1821,09:30:02,$ 3300.30,4
1822,09:30:02,$ 3300.30,226
1823,09:30:02,$ 3300.30,176
1824,09:30:02,$ 3300.30,66
1825,09:30:02,$ 3300.30,181
1826,09:30:02,$ 3300.30,116
1828,09:30:02,$ 3300.30,800
1829,09:30:02,$ 3300.30,100
1830,09:30:02,$ 3300.30,543
1831,09:30:02,$ 3300.30,492
1832,09:30:02,$ 3300.30,1
1833,09:30:02,$ 3300.30,2
1834,09:30:02,$ 3300.30,1
1835,09:30:02,$ 3300.30,16
1836,09:30:02,$ 3300.30,16
1837,09:30:02,$ 3300.30,1
1838,09:30:02,$ 3300.30,39
1839,09:30:02,$ 3300.30,300
1840,09:30:02,$ 3300.30,10
1841,09:30:02,$ 3300.30,6
1842,09:30:02,$ 3300.30,69
1843,09:30:02,$ 3300.30,11
1844,09:30:02,$ 3300.30,15
1845,09:30:02,$ 3300.30,"1,522"
1846,09:30:02,$ 3300.30,17
1847,09:30:02,$ 3300.30,12
1849,09:30:02,$ 3300.30,5
1850,09:30:02,$ 3300.30,34
1851,09:30:02,$ 3300.30,"1,016"
1852,09:30:02,$ 3300.30,77
1853,09:30:02,$ 3300.30,1
1854,09:30:02,$ 3300.30,2
1855,09:30:02,$ 3300.30,4
1856,09:30:02,$ 3300.30,9
1857,09:30:02,$ 3300.30,5
1858,09:30:02,$ 3300.30,50
1859,09:30:02,$ 3300.30,1
1860,09:30:02,$ 3300.30,9
1861,09:30:02,$ 3300.30,4
1862,09:30:02,$ 3300.30,10
1863,09:30:02,$ 3300.30,1
1864,09:30:02,$ 3300.30,144
1865,09:30:02,$ 3300.30,1
1866,09:30:02,$ 3300.30,1
1867,09:30:02,$ 3300.30,5
1868,09:30:02,$ 3300.30,10
1870,09:30:02,$ 3300.30,5
1871,09:30:02,$ 3300.30,5
1872,09:30:02,$ 3300.30,5
1873,09:30:02,$ 3300.30,5
1874,09:30:02,$ 3300.30,5
1875,09:30:02,$ 3300.30,20
1876,09:30:02,$ 3300.30,5
1877,09:30:02,$ 3300.30,5
1878,09:30:02,$ 3300.30,5
1879,09:30:02,$ 3300.30,1
1880,09:30:02,$ 3300.30,20
1881,09:30:02,$ 3300.30,5
1882,09:30:02,$ 3300.30,3
1883,09:30:02,$ 3300.30,3
1884,09:30:02,$ 3300.30,2
1885,09:30:02,$ 3300.30,1
1886,09:30:02,$ 3300.30,1
1887,09:30:02,$ 3300.30,2
1888,09:30:02,$ 3300.30,1
1889,09:30:02,$ 3300.30,40
1891,09:30:02,$ 3300.30,43
1892,09:30:02,$ 3300.30,40
1893,09:30:02,$ 3300.30,2
1894,09:30:02,$ 3300.30,84
1895,09:30:02,$ 3300.30,80
1896,09:30:02,$ 3300.30,12
1897,09:30:02,$ 3300.30,25
1898,09:30:02,$ 3300.30,74
1899,09:30:02,$ 3300.30,3
1900,09:30:02,$ 3300.30,2
1901,09:30:02,$ 3300.30,2
1902,09:30:02,$ 3300.30,1
1903,09:30:02,$ 3300.30,3
1904,09:30:02,$ 3300.30,1
1905,09:30:02,$ 3300.30,2
1906,09:30:02,$ 3300.30,1
1907,09:30:02,$ 3300.30,1
1908,09:30:02,$ 3300.30,4
1909,09:30:02,$ 3300.30,50
1910,09:30:02,$ 3300.30,30
1912,09:30:02,$ 3300.30,7
1913,09:30:02,$ 3300.30,2
1914,09:30:02,$ 3300.30,1
1915,09:30:02,$ 3300.30,15
1916,09:30:02,$ 3300.30,6
1917,09:30:02,$ 3300.30,1
1918,09:30:02,$ 3300.30,1
1919,09:30:02,$ 3300.30,10
1920,09:30:02,$ 3300.30,8
1921,09:30:02,$ 3300.30,3
1922,09:30:02,$ 3300.30,4
1923,09:30:02,$ 3300.30,48
1924,09:30:02,$ 3300.30,3
1925,09:30:02,$ 3300.30,3
1926,09:30:02,$ 3300.30,1
1927,09:30:02,$ 3300.30,11
1928,09:30:02,$ 3300.30,3
1929,09:30:02,$ 3300.30,7
1930,09:30:02,$ 3300.30,20
1931,09:30:02,$ 3300.30,2
1933,09:30:02,$ 3300.30,1
1934,09:30:02,$ 3300.30,247
1935,09:30:02,$ 3300.30,5
1936,09:30:02,$ 3300.30,3
1937,09:30:02,$ 3300.30,1
1938,09:30:02,$ 3300.30,1
1939,09:30:02,$ 3300.30,2
1940,09:30:02,$ 3300.30,12
1941,09:30:02,$ 3300.30,1
1942,09:30:02,$ 3300.30,12
1943,09:30:02,$ 3300.30,4
1944,09:30:02,$ 3300.30,3
1945,09:30:02,$ 3300.30,5
1946,09:30:02,$ 3300.30,250
1947,09:30:02,$ 3300.30,2
1948,09:30:02,$ 3300.30,3
1949,09:30:02,$ 3300.30,5
1950,09:30:02,$ 3300.30,14
1951,09:30:02,$ 3300.30,4
1952,09:30:02,$ 3300.30,200
1954,09:30:02,$ 3300.30,1
1955,09:30:02,$ 3300.30,1
1956,09:30:02,$ 3300.30,3
1957,09:30:02,$ 3300.30,5
1958,09:30:02,$ 3300.30,2
1959,09:30:02,$ 3300.30,1
1960,09:30:02,$ 3300.30,1
1961,09:30:02,$ 3300.30,278
1962,09:30:02,$ 3300.30,4
1963,09:30:02,$ 3300.30,1
1964,09:30:02,$ 3300.30,2
1965,09:30:02,$ 3300.30,80
1966,09:30:02,$ 3300.30,1
1967,09:30:02,$ 3300.30,19
1968,09:30:02,$ 3300.30,15
1969,09:30:02,$ 3300.30,14
1970,09:30:02,$ 3300.30,24
1971,09:30:02,$ 3300.30,150
1972,09:30:02,$ 3300.30,16
1973,09:30:02,$ 3300.30,100
1975,09:30:02,$ 3300.30,25
1976,09:30:02,$ 3300.30,2
1977,09:30:02,$ 3300.30,20
1978,09:30:02,$ 3300.30,36
1979,09:30:02,$ 3300.30,101
1980,09:30:02,$ 3300.30,70
1981,09:30:02,$ 3300.30,3
1982,09:30:02,$ 3300.30,1
1983,09:30:02,$ 3300.30,1
1984,09:30:02,$ 3300.30,100
1985,09:30:02,$ 3300.30,1
1986,09:30:02,$ 3300.30,36
1987,09:30:02,$ 3300.30,5
1988,09:30:02,$ 3300.30,38
1989,09:30:02,$ 3300.30,5
1990,09:30:02,$ 3300.30,10
1991,09:30:02,$ 3300.30,6
1992,09:30:02,$ 3300.30,1
1993,09:30:02,$ 3300.30,9
1994,09:30:02,$ 3300.30,1
1996,09:30:02,$ 3300.30,1
1997,09:30:02,$ 3300.30,1
1998,09:30:02,$ 3300.30,5
1999,09:30:02,$ 3300.30,3
2000,09:30:02,$ 3300.30,5
2001,09:30:02,$ 3300.30,50
2002,09:30:02,$ 3300.30,3
2003,09:30:02,$ 3300.30,1
2004,09:30:02,$ 3300.30,1
2005,09:30:02,$ 3300.30,3
2006,09:30:02,$ 3300.30,5
2007,09:30:02,$ 3300.30,67
2008,09:30:02,$ 3300.30,2
2009,09:30:02,$ 3300.30,35
2010,09:30:02,$ 3300.30,1
2011,09:30:02,$ 3300.30,1
2012,09:30:02,$ 3300.30,10
2013,09:30:02,$ 3300.30,4
2014,09:30:02,$ 3300.30,110
2015,09:30:02,$ 3300.30,10
2017,09:30:02,$ 3300.30,2
2018,09:30:02,$ 3300.30,1
2019,09:30:02,$ 3300.30,100
2020,09:30:02,$ 3300.30,200
2021,09:30:02,$ 3300.30,1
2022,09:30:02,$ 3300.30,1
2023,09:30:02,$ 3300.30,1
2024,09:30:02,$ 3300.30,6
2025,09:30:02,$ 3300.30,50
2026,09:30:02,$ 3300.30,1
2027,09:30:02,$ 3300.30,10
2028,09:30:02,$ 3300.30,1
2029,09:30:02,$ 3300.30,3
2030,09:30:02,$ 3300.30,1
2031,09:30:02,$ 3300.30,1
2032,09:30:02,$ 3300.30,20
2033,09:30:02,$ 3300.30,1
2034,09:30:02,$ 3300.30,15
2035,09:30:02,$ 3300.30,1
2036,09:30:02,$ 3300.30,30
2038,09:30:02,$ 3300.30,1
2039,09:30:02,$ 3300.30,7
2040,09:30:02,$ 3300.30,30
2041,09:30:02,$ 3300.30,1
2042,09:30:02,$ 3300.30,1
2043,09:30:02,$ 3300.30,2
2044,09:30:02,$ 3300.30,3
2045,09:30:02,$ 3300.30,75
2046,09:30:02,$ 3300.30,3
2047,09:30:02,$ 3300.30,3
2048,09:30:02,$ 3300.30,1
2049,09:30:02,$ 3300.30,1
2050,09:30:02,$ 3300.30,68
2051,09:30:02,$ 3300.30,2
2052,09:30:02,$ 3300.30,1
2053,09:30:02,$ 3300.30,10
2054,09:30:02,$ 3300.30,55
2055,09:30:02,$ 3300.30,6
2056,09:30:02,$ 3300.30,20
2057,09:30:02,$ 3300.30,3
2059,09:30:02,$ 3300.30,5
2060,09:30:02,$ 3300.30,5
2061,09:30:02,$ 3300.30,1
2062,09:30:02,$ 3300.30,1
2063,09:30:02,$ 3300.30,25
2064,09:30:02,$ 3300.30,1
2065,09:30:02,$ 3300.30,15
2066,09:30:02,$ 3300.30,10
2067,09:30:02,$ 3300.30,5
2068,09:30:02,$ 3300.30,1
2069,09:30:02,$ 3300.30,11
2070,09:30:02,$ 3300.30,1
2071,09:30:02,$ 3300.30,31
2072,09:30:02,$ 3300.30,330
2073,09:30:02,$ 3300.30,95
2074,09:30:02,$ 3300.30,156
2075,09:30:02,$ 3300.30,4
2076,09:30:02,$ 3300.30,17
2077,09:30:02,$ 3300.30,3
2078,09:30:02,$ 3300.30,1
2080,09:30:02,$ 3300.30,175
2081,09:30:02,$ 3300.30,1
2082,09:30:02,$ 3300.30,2
2083,09:30:02,$ 3300.30,1
2084,09:30:02,$ 3300.30,1
2085,09:30:02,$ 3300.30,3
2086,09:30:02,$ 3300.30,1
2087,09:30:02,$ 3300.30,2
2088,09:30:02,$ 3300.30,3
2089,09:30:02,$ 3300.30,1
2090,09:30:02,$ 3300.30,7
2091,09:30:02,$ 3300.30,1
2092,09:30:02,$ 3300.30,3
2093,09:30:02,$ 3300.30,31
2094,09:30:02,$ 3300.30,1
2095,09:30:02,$ 3300.30,13
2096,09:30:02,$ 3300.30,14
2097,09:30:02,$ 3300.30,1
2098,09:30:02,$ 3300.30,4
2099,09:30:02,$ 3300.30,3
2101,09:30:02,$ 3300.30,2
2102,09:30:02,$ 3300.30,30
2103,09:30:02,$ 3300.30,4
2104,09:30:02,$ 3300.30,2
2105,09:30:02,$ 3300.30,3
2106,09:30:02,$ 3300.30,14
2107,09:30:02,$ 3300.30,20
2108,09:30:02,$ 3300.30,2
2109,09:30:02,$ 3300.30,27
2110,09:30:02,$ 3300.30,1
2111,09:30:02,$ 3300.30,30
2112,09:30:02,$ 3300.30,6
2113,09:30:02,$ 3300.30,40
2114,09:30:02,$ 3300.30,1
2115,09:30:02,$ 3300.30,1
2116,09:30:02,$ 3300.30,20
2117,09:30:02,$ 3300.30,32
2118,09:30:02,$ 3300.30,1
2119,09:30:02,$ 3300.30,1
2120,09:30:02,$ 3300.30,1
2122,09:30:02,$ 3300.30,3
2123,09:30:02,$ 3300.30,2
2124,09:30:02,$ 3300.30,1
2125,09:30:02,$ 3300.30,1
2126,09:30:02,$ 3300.30,1
2127,09:30:02,$ 3300.30,1
2128,09:30:02,$ 3300.30,1
2129,09:30:02,$ 3300.30,2
2130,09:30:02,$ 3300.30,1
2131,09:30:02,$ 3300.30,1
2132,09:30:02,$ 3300.30,3
2133,09:30:02,$ 3300.30,1
2134,09:30:02,$ 3300.30,1
2135,09:30:02,$ 3300.30,1
2136,09:30:02,$ 3300.30,3
2137,09:30:02,$ 3300.30,2
2138,09:30:02,$ 3300.30,6
2139,09:30:02,$ 3300.30,5
2140,09:30:02,$ 3300.30,10
2141,09:30:02,$ 3300.30,1
2143,09:30:02,$ 3300.30,2
2144,09:30:02,$ 3300.30,1
2145,09:30:02,$ 3300.30,2
2146,09:30:02,$ 3300.30,3
2147,09:30:02,$ 3300.30,10
2148,09:30:02,$ 3300.30,1
2149,09:30:02,$ 3300.30,6
2150,09:30:02,$ 3300.30,5
2151,09:30:02,$ 3300.30,30
2152,09:30:02,$ 3300.30,2
2153,09:30:02,$ 3300.30,19
2154,09:30:02,$ 3300.30,1
2155,09:30:02,$ 3300.30,"2,000"
2156,09:30:02,$ 3300.30,10
2157,09:30:02,$ 3300.30,1
2158,09:30:02,$ 3300.30,15
2159,09:30:02,$ 3300.30,1
2160,09:30:02,$ 3300.30,2
2161,09:30:02,$ 3300.30,1
2162,09:30:02,$ 3300.30,1
2164,09:30:02,$ 3300.30,6
2165,09:30:02,$ 3300.30,14
2166,09:30:02,$ 3300.30,7
2167,09:30:02,$ 3300.30,5
2168,09:30:02,$ 3300.30,3
2169,09:30:02,$ 3300.30,10
2170,09:30:02,$ 3300.30,15
2171,09:30:02,$ 3300.30,1
2172,09:30:02,$ 3300.30,2
2173,09:30:02,$ 3300.30,1
2174,09:30:02,$ 3300.30,3
2175,09:30:02,$ 3300.30,7
2176,09:30:02,$ 3300.30,1
2177,09:30:02,$ 3300.30,1
2178,09:30:02,$ 3300.30,3
2179,09:30:02,$ 3300.30,1
2180,09:30:02,$ 3300.30,2
2181,09:30:02,$ 3300.30,5
2182,09:30:02,$ 3300.30,1
2183,09:30:02,$ 3300.30,4
2185,09:30:02,$ 3300.30,1
2186,09:30:02,$ 3300.30,5
2187,09:30:02,$ 3300.30,1
2188,09:30:02,$ 3300.30,3
2189,09:30:02,$ 3300.30,3
2190,09:30:02,$ 3300.30,30
2191,09:30:02,$ 3300.30,1
2192,09:30:02,$ 3300.30,12
2193,09:30:02,$ 3300.30,1
2194,09:30:02,$ 3300.30,2
2195,09:30:02,$ 3300.30,1
2196,09:30:02,$ 3300.30,2
2197,09:30:02,$ 3300.30,5
2198,09:30:02,$ 3300.30,15
2199,09:30:02,$ 3300.30,9
2200,09:30:02,$ 3300.30,1
2201,09:30:02,$ 3300.30,2
2202,09:30:02,$ 3300.30,1
2203,09:30:02,$ 3300.30,3
2204,09:30:02,$ 3300.30,10
2206,09:30:02,$ 3300.30,1
2207,09:30:02,$ 3300.30,11
2208,09:30:02,$ 3300.30,2
2209,09:30:02,$ 3300.30,15
2210,09:30:02,$ 3300.30,1
2211,09:30:02,$ 3300.30,5
2212,09:30:02,$ 3300.30,1
2213,09:30:02,$ 3300.30,6
2214,09:30:02,$ 3300.30,3
2215,09:30:02,$ 3300.30,35
2216,09:30:02,$ 3300.30,50
2217,09:30:02,$ 3300.30,5
2218,09:30:02,$ 3300.30,2
2219,09:30:02,$ 3300.30,22
2220,09:30:02,$ 3300.30,1
2221,09:30:02,$ 3300.30,3
2222,09:30:02,$ 3300.30,7
2223,09:30:02,$ 3300.30,8
2224,09:30:02,$ 3300.30,2
2225,09:30:02,$ 3300.30,2
2227,09:30:02,$ 3300.30,1
2228,09:30:02,$ 3300.30,3
2229,09:30:02,$ 3300.30,5
2230,09:30:02,$ 3300.30,4
2231,09:30:02,$ 3300.30,1
2232,09:30:02,$ 3300.30,1
2233,09:30:02,$ 3300.30,2
2234,09:30:02,$ 3300.30,1
2235,09:30:02,$ 3300.30,25
2236,09:30:02,$ 3300.30,4
2237,09:30:02,$ 3300.30,2
2238,09:30:02,$ 3300.30,5
2239,09:30:02,$ 3300.30,14
2240,09:30:02,$ 3300.30,9
2241,09:30:02,$ 3300.30,4
2242,09:30:02,$ 3300.30,21
2243,09:30:02,$ 3300.30,5
2244,09:30:02,$ 3300.30,10
2245,09:30:02,$ 3300.30,1
2246,09:30:02,$ 3300.30,6
2248,09:30:02,$ 3300.30,25
2249,09:30:02,$ 3300.30,1
2250,09:30:02,$ 3300.30,70
2251,09:30:02,$ 3300.30,2
2252,09:30:02,$ 3300.30,1
2253,09:30:02,$ 3300.30,2
2254,09:30:02,$ 3300.30,12
2255,09:30:02,$ 3300.30,4
2256,09:30:02,$ 3300.30,8
2257,09:30:02,$ 3300.30,73
2258,09:30:02,$ 3300.30,4
2259,09:30:02,$ 3300.30,8
2260,09:30:02,$ 3300.30,10
2261,09:30:02,$ 3300.30,30
2262,09:30:02,$ 3300.30,30
2263,09:30:02,$ 3300.30,11
2264,09:30:02,$ 3300.30,8
2265,09:30:02,$ 3300.30,12
2266,09:30:02,$ 3300.30,1
2267,09:30:02,$ 3300.30,9
2269,09:30:02,$ 3300.30,9
2270,09:30:02,$ 3300.30,7
2271,09:30:02,$ 3300.30,8
2272,09:30:02,$ 3300.30,15
2273,09:30:02,$ 3300.30,3
2274,09:30:02,$ 3300.30,11
2275,09:30:02,$ 3300.30,2
2276,09:30:02,$ 3300.30,2
2277,09:30:02,$ 3300.30,4
2278,09:30:02,$ 3300.30,10
2279,09:30:02,$ 3300.30,15
2280,09:30:02,$ 3300.30,30
2281,09:30:02,$ 3300.30,8
2282,09:30:02,$ 3300.30,3
2283,09:30:02,$ 3300.30,1
2284,09:30:02,$ 3300.30,1
2285,09:30:02,$ 3300.30,3
2286,09:30:02,$ 3300.30,15
2287,09:30:02,$ 3300.30,1
2288,09:30:02,$ 3300.30,2
2290,09:30:02,$ 3300.30,111
2291,09:30:02,$ 3300.30,11
2292,09:30:02,$ 3300.30,5
2293,09:30:02,$ 3300.30,5
2294,09:30:02,$ 3300.30,2
2295,09:30:02,$ 3300.30,41
2296,09:30:02,$ 3300.30,3
2297,09:30:02,$ 3300.30,1
2298,09:30:02,$ 3300.30,100
2299,09:30:02,$ 3300.30,3
2300,09:30:02,$ 3300.30,41
2301,09:30:02,$ 3300.30,200
2302,09:30:02,$ 3300.30,40
2303,09:30:02,$ 3300.30,100
2304,09:30:02,$ 3300.30,2
2305,09:30:02,$ 3300.30,41
2306,09:30:02,$ 3300.30,149
2307,09:30:02,$ 3300.30,100
2308,09:30:02,$ 3300.30,40
2309,09:30:02,$ 3300.30,200
2311,09:30:02,$ 3300.30,5
2312,09:30:02,$ 3300.30,1
2313,09:30:02,$ 3301.78,100
2314,09:30:01,$ 3300.30,25
2315,09:30:01,$ 3300.30,30
2316,09:30:01,$ 3300.30,25
2317,09:30:01,$ 3300.30,25
2318,09:30:01,$ 3300.30,100
2319,09:30:01,$ 3300.30,1
2320,09:30:01,$ 3300.30,29
2321,09:30:01,$ 3300.30,31
2322,09:30:01,$ 3300.30,10
2323,09:30:01,$ 3300.30,100
2324,09:30:01,$ 3300.30,100
2325,09:30:01,$ 3300.30,100
2326,09:30:01,$ 3300.30,200
2327,09:30:01,$ 3300.30,50
2328,09:30:01,$ 3302.4541,125
2330,10:29:47,$ 3301.0652,205
2331,10:29:14,$ 3300.99,100
2332,10:29:14,$ 3300.99,100
2333,10:29:14,$ 3300.98,525
2334,10:29:02,$ 3300.895,"2,000"
2335,10:28:56,$ 3300.26,156
2336,10:28:56,$ 3300.25,100
2337,10:28:55,$ 3300.4699,100
2338,10:28:54,$ 3300.01,100
2339,10:28:53,$ 3299.98,100
2340,10:28:51,$ 3299.98,100
2341,10:28:51,$ 3299.98,100
2342,10:28:48,$ 3300.00,100
2343,10:28:48,$ 3300.00,200
2344,10:28:48,$ 3300.00,100
2345,10:28:47,$ 3300.235,100
2346,10:28:47,$ 3300.43,100
2347,10:28:43,$ 3300.02,100
2348,10:28:42,$ 3300.62,100
2349,10:28:39,$ 3300.05,100
2351,10:28:38,$ 3300.53,100
2352,10:28:38,$ 3300.62,100
2353,10:28:38,$ 3300.65,100
2354,10:28:38,$ 3300.67,100
2355,10:28:37,$ 3300.22,100
2356,10:28:35,$ 3301.22,100
2357,10:28:34,$ 3301.58,100
2358,10:28:33,$ 3301.11,100
2359,10:28:33,$ 3301.275,100
2360,10:28:33,$ 3301.25,100
2361,10:28:31,$ 3301.97,100
2362,10:28:26,$ 3301.25,100
2363,10:28:23,$ 3301.64,100
2364,10:28:10,$ 3301.40,100
2365,10:28:08,$ 3302.00,100
2366,10:28:04,$ 3302.02,100
2367,10:27:33,$ 3303.18,100
2368,10:26:49,$ 3303.01,100
2369,10:26:42,$ 3302.21,100
2370,10:26:42,$ 3303.09,100
2372,10:26:42,$ 3303.05,100
2373,10:26:11,$ 3303.78,100
2374,10:26:11,$ 3303.81,100
2375,10:26:09,$ 3304.13,100
2376,10:26:02,$ 3303.41,100
2377,10:25:55,$ 3303.73,100
2378,10:25:49,$ 3303.95,100
2379,10:25:40,$ 3304.605,101
2380,10:25:23,$ 3303.96,100
2381,10:25:23,$ 3304.3453,400
2382,10:24:39,$ 3304.27,100
2383,10:24:38,$ 3303.6354,100
2384,10:24:36,$ 3304.31,300
2385,10:24:35,$ 3304.7864,131
2386,10:24:22,$ 3304.51,100
2387,10:24:19,$ 3304.8298,100
2388,10:24:19,$ 3304.415,350
2389,10:23:43,$ 3304.88,100
2390,10:23:34,$ 3303.4805,100
2391,10:23:29,$ 3302.60,100
2393,10:23:29,$ 3302.60,100
2394,10:23:29,$ 3303.20,100
2395,10:23:27,$ 3302.60,100
2396,10:23:27,$ 3302.60,100
2397,10:23:27,$ 3302.61,100
2398,10:23:12,$ 3302.60,100
2399,10:23:12,$ 3302.62,100
2400,10:23:12,$ 3302.63,100
2401,10:23:12,$ 3302.60,100
2402,10:22:46,$ 3303.50,100
2403,10:22:36,$ 3303.84,100
2404,10:22:36,$ 3303.79,100
2405,10:22:34,$ 3303.03,150
2406,10:22:32,$ 3303.41,400
2407,10:22:31,$ 3303.3291,100
2408,10:22:29,$ 3302.61,100
2409,10:22:29,$ 3303.00,100
2410,10:22:26,$ 3303.09,100
2411,10:22:25,$ 3303.09,100
2412,10:22:25,$ 3303.10,100
2414,10:22:25,$ 3303.9959,100
2415,10:22:18,$ 3303.8406,100
2416,10:21:59,$ 3304.13,100
2417,10:21:59,$ 3304.02,100
2418,10:21:56,$ 3303.32,300
2419,10:21:55,$ 3303.89,100
2420,10:21:52,$ 3303.33,100
2421,10:21:52,$ 3303.77,100
2422,10:21:48,$ 3303.9269,100
2423,10:21:43,$ 3303.65,100
2424,10:21:25,$ 3303.76,142
2425,10:21:25,$ 3303.81,100
2426,10:21:17,$ 3303.80,100
2427,10:21:17,$ 3303.80,100
2428,10:21:16,$ 3304.10,100
2429,10:21:16,$ 3304.565,100
2430,10:21:15,$ 3304.64,100
2431,10:21:14,$ 3305.58,100
2432,10:21:14,$ 3305.54,100
2433,10:21:14,$ 3305.54,100
2435,10:21:14,$ 3305.16,171
2436,10:21:14,$ 3305.00,200
2437,10:21:14,$ 3305.00,100
2438,10:21:11,$ 3306.55,100
2439,10:21:11,$ 3306.85,100
2440,10:21:11,$ 3306.84,100
2441,10:21:11,$ 3306.36,100
2442,10:21:06,$ 3306.88,100
2443,10:21:02,$ 3307.545,100
2444,10:20:53,$ 3305.9998,300
2445,10:20:52,$ 3306.7455,140
2446,10:20:38,$ 3305.53,100
2447,10:20:38,$ 3305.49,100
2448,10:20:38,$ 3305.46,100
2449,10:20:37,$ 3306.08,100
2450,10:20:34,$ 3305.70,100
2451,10:20:34,$ 3305.69,100
2452,10:20:34,$ 3305.94,100
2453,10:20:34,$ 3306.53,100
2454,10:20:33,$ 3306.69,100
2456,10:20:33,$ 3306.93,100
2457,10:20:27,$ 3306.61,100
2458,10:20:27,$ 3307.22,100
2459,10:20:25,$ 3306.79,100
2460,10:20:24,$ 3306.48,100
2461,10:20:17,$ 3307.27,101
2462,10:20:16,$ 3307.795,100
2463,10:20:00,$ 3305.98,100
2464,10:19:57,$ 3306.78,100
2465,10:19:57,$ 3306.37,100
2466,10:19:56,$ 3306.33,200
2467,10:19:53,$ 3307.71,136
2468,10:19:39,$ 3308.74,100
2469,10:19:28,$ 3308.51,100
2470,10:19:28,$ 3308.50,100
2471,10:19:26,$ 3308.69,100
2472,10:19:26,$ 3308.69,100
2473,10:19:26,$ 3308.91,100
2474,10:19:26,$ 3308.79,100
2475,10:19:26,$ 3308.70,100
2477,10:19:26,$ 3308.74,100
2478,10:19:26,$ 3308.83,100
2479,10:19:26,$ 3309.13,100
2480,10:19:26,$ 3309.12,100
2481,10:19:26,$ 3309.13,100
2482,10:19:26,$ 3309.08,100
2483,10:19:26,$ 3309.58,100
2484,10:19:26,$ 3309.71,100
2485,10:19:26,$ 3309.90,100
2486,10:19:26,$ 3310.49,100
2487,10:19:26,$ 3310.77,100
2488,10:19:26,$ 3310.77,100
2489,10:19:26,$ 3311.15,100
2490,10:19:14,$ 3311.8404,236
2491,10:19:14,$ 3312.00,171
2492,10:18:58,$ 3311.265,100
2493,10:18:42,$ 3311.0528,100
2494,10:18:23,$ 3311.11,113
2495,10:18:06,$ 3311.75,100
2496,10:17:47,$ 3311.50,147
2498,10:17:47,$ 3311.50,131
2499,10:17:12,$ 3311.025,170
2500,10:17:00,$ 3310.58,250
2501,10:16:50,$ 3311.00,300
2502,10:15:56,$ 3311.09,100
2503,10:15:39,$ 3311.37,100
2504,10:14:58,$ 3309.86,100
2505,10:14:58,$ 3309.844,100
2506,10:14:58,$ 3309.84,100
2507,10:14:58,$ 3310.38,100
2508,10:14:58,$ 3310.78,100
2509,10:14:58,$ 3311.07,100
2510,10:14:42,$ 3310.7401,200
2511,10:13:22,$ 3311.2061,176
2512,10:13:16,$ 3310.54,100
2513,10:13:12,$ 3310.88,100
2514,10:13:08,$ 3310.78,100
2515,10:13:08,$ 3310.75,100
2516,10:12:54,$ 3310.77,100
2517,10:12:41,$ 3311.07,100
2519,10:12:36,$ 3311.33,100
2520,10:12:36,$ 3311.32,100
2521,10:12:35,$ 3311.38,100
2522,10:12:33,$ 3311.451,100
2523,10:12:09,$ 3311.585,100
2524,10:12:04,$ 3311.57,100
2525,10:12:04,$ 3311.57,100
2526,10:11:56,$ 3311.77,100
2527,10:11:47,$ 3311.905,120
2528,10:11:45,$ 3311.86,100
2529,10:11:29,$ 3311.34,100
2530,10:11:21,$ 3311.69,120
2531,10:11:16,$ 3311.55,100
2532,10:11:01,$ 3309.6775,100
2533,10:11:00,$ 3310.52,100
2534,10:10:55,$ 3310.63,100
2535,10:10:55,$ 3311.25,100
2536,10:10:55,$ 3311.02,100
2537,10:10:55,$ 3311.02,100
2538,10:10:55,$ 3311.06,100
2540,10:10:55,$ 3311.07,100
2541,10:10:52,$ 3310.585,100
2542,10:10:48,$ 3310.43,100
2543,10:10:46,$ 3310.90,100
2544,10:10:46,$ 3310.785,100
2545,10:10:46,$ 3310.765,100
2546,10:10:11,$ 3310.315,200
2547,10:09:46,$ 3309.8121,100
2548,10:09:36,$ 3309.00,180
2549,10:09:00,$ 3309.505,100
2550,10:08:42,$ 3309.24,100
2551,10:08:28,$ 3309.07,100
2552,10:08:27,$ 3309.74,100
2553,10:08:20,$ 3310.16,100
2554,10:08:18,$ 3309.77,100
2555,10:08:14,$ 3310.03,100
2556,10:08:04,$ 3309.88,141
2557,10:07:45,$ 3310.44,100
2558,10:07:45,$ 3310.59,100
2559,10:07:42,$ 3310.7235,100
2561,10:07:41,$ 3310.97,100
2562,10:07:25,$ 3310.59,100
2563,10:07:13,$ 3311.32,100
2564,10:07:05,$ 3310.83,100
2565,10:06:47,$ 3311.105,100
2566,10:06:39,$ 3311.29,100
2567,10:06:32,$ 3311.25,100
2568,10:06:27,$ 3311.03,100
2569,10:05:40,$ 3311.1912,100
2570,10:05:38,$ 3311.41,100
2571,10:05:38,$ 3311.41,100
2572,10:05:35,$ 3311.38,100
2573,10:05:35,$ 3311.37,100
2574,10:05:21,$ 3311.10,100
2575,10:05:07,$ 3310.545,100
2576,10:05:07,$ 3310.88,100
2577,10:05:02,$ 3310.19,100
2578,10:05:02,$ 3310.46,100
2579,10:05:02,$ 3310.46,161
2580,10:04:50,$ 3311.815,100
2582,10:04:49,$ 3312.04,149
2583,10:04:49,$ 3312.04,743
2584,10:04:44,$ 3312.12,100
2585,10:04:44,$ 3312.17,100
2586,10:04:44,$ 3312.17,100
2587,10:04:43,$ 3312.13,230
2588,10:04:43,$ 3312.00,100
2589,10:04:39,$ 3311.16,100
2590,10:04:39,$ 3311.31,100
2591,10:04:38,$ 3310.905,100
2592,10:04:27,$ 3311.63,200
2593,10:04:24,$ 3311.49,176
2594,10:04:24,$ 3311.46,100
2595,10:04:16,$ 3310.60,100
2596,10:04:15,$ 3310.66,189
2597,10:04:03,$ 3310.55,100
2598,10:04:01,$ 3311.49,100
2599,10:03:58,$ 3310.77,100
2600,10:03:49,$ 3310.05,100
2601,10:03:48,$ 3310.32,143
2603,10:03:35,$ 3310.27,100
2604,10:03:35,$ 3310.44,100
2605,10:03:34,$ 3311.34,100
2606,10:03:34,$ 3311.00,100
2607,10:03:34,$ 3310.71,100
2608,10:03:32,$ 3310.60,100
2609,10:02:57,$ 3310.0283,294
2610,10:02:33,$ 3309.27,100
2611,10:02:24,$ 3309.65,545
2612,10:02:24,$ 3309.00,100
2613,10:02:18,$ 3309.74,110
2614,10:02:17,$ 3310.3463,100
2615,10:02:06,$ 3310.80,212
2616,10:02:05,$ 3310.15,100
2617,10:02:03,$ 3310.6536,115
2618,10:02:03,$ 3310.15,100
2619,10:02:03,$ 3310.29,137
2620,10:02:03,$ 3310.68,100
2621,10:02:02,$ 3310.16,100
2622,10:01:57,$ 3310.33,100
2624,10:01:57,$ 3310.00,100
2625,10:01:57,$ 3309.82,100
2626,10:01:57,$ 3309.96,100
2627,10:01:57,$ 3310.00,100
2628,10:01:57,$ 3310.00,100
2629,10:01:57,$ 3309.73,100
2630,10:01:57,$ 3310.12,100
2631,10:01:57,$ 3310.14,100
2632,10:01:57,$ 3309.88,100
2633,10:01:57,$ 3310.07,100
2634,10:01:57,$ 3310.07,100
2635,10:01:57,$ 3310.07,100
2636,10:01:57,$ 3310.07,100
2637,10:01:53,$ 3310.356,100
2638,10:01:53,$ 3310.344,100
2639,10:01:52,$ 3310.225,100
2640,10:01:48,$ 3309.83,100
2641,10:01:48,$ 3310.02,100
2642,10:01:47,$ 3310.71,100
2643,10:01:47,$ 3310.50,100
2645,10:01:57,$ 3310.00,100
2646,10:01:57,$ 3309.82,100
2647,10:01:57,$ 3309.96,100
2648,10:01:57,$ 3310.00,100
2649,10:01:57,$ 3310.00,100
2650,10:01:57,$ 3309.73,100
2651,10:01:57,$ 3310.12,100
2652,10:01:57,$ 3310.14,100
2653,10:01:57,$ 3309.88,100
2654,10:01:57,$ 3310.07,100
2655,10:01:57,$ 3310.07,100
2656,10:01:57,$ 3310.07,100
2657,10:01:57,$ 3310.07,100
2658,10:01:53,$ 3310.356,100
2659,10:01:53,$ 3310.344,100
2660,10:01:52,$ 3310.225,100
2661,10:01:48,$ 3309.83,100
2662,10:01:48,$ 3310.02,100
2663,10:01:47,$ 3310.71,100
2664,10:01:47,$ 3310.50,100
2666,10:00:19,$ 3284.97,100
2667,10:00:08,$ 3284.70,100
2669,10:59:58,$ 3305.14,100
2670,10:59:38,$ 3304.735,100
2671,10:59:15,$ 3304.79,100
2672,10:59:10,$ 3304.49,100
2673,10:59:07,$ 3304.50,100
2674,10:58:48,$ 3304.795,174
2675,10:58:38,$ 3304.68,100
2676,10:58:33,$ 3304.435,100
2677,10:58:30,$ 3304.435,242
2678,10:58:22,$ 3304.22,100
2679,10:58:22,$ 3304.37,100
2680,10:58:22,$ 3304.11,100
2681,10:58:21,$ 3304.7031,115
2682,10:58:21,$ 3304.435,100
2683,10:58:21,$ 3304.8297,100
2684,10:58:21,$ 3304.445,100
2685,10:58:21,$ 3304.8297,100
2686,10:58:21,$ 3304.8297,100
2687,10:57:39,$ 3305.0857,100
2688,10:57:23,$ 3305.52,100
2690,10:57:23,$ 3305.50,100
2691,10:57:22,$ 3305.60,100
2692,10:56:48,$ 3306.18,100
2693,10:56:15,$ 3305.38,117
2694,10:55:49,$ 3305.805,100
2695,10:55:48,$ 3305.65,100
2696,10:55:28,$ 3306.24,100
2697,10:55:28,$ 3306.24,100
2698,10:55:28,$ 3306.24,109
2699,10:52:50,$ 3306.91,100
2700,10:52:34,$ 3307.27,800
2701,10:51:13,$ 3307.71,100
2702,10:49:17,$ 3306.94,100
2703,10:47:45,$ 3307.28,100
2704,10:47:45,$ 3307.10,100
2705,10:47:45,$ 3307.09,100
2706,10:47:43,$ 3308.00,200
2707,10:47:27,$ 3307.3226,127
2708,10:47:09,$ 3307.425,100
2709,10:46:39,$ 3307.00,100
2711,10:46:39,$ 3306.92,100
2712,10:46:15,$ 3305.962,100
2713,10:45:28,$ 3306.17,100
2714,10:45:27,$ 3306.43,100
2715,10:45:19,$ 3306.21,100
2716,10:45:16,$ 3305.84,100
2717,10:45:00,$ 3306.09,100
2718,10:44:30,$ 3305.50,100
2719,10:44:14,$ 3305.0007,100
2720,10:44:14,$ 3305.015,100
2721,10:44:10,$ 3305.35,100
2722,10:43:51,$ 3304.895,100
2723,10:43:51,$ 3305.19,100
2724,10:43:01,$ 3306.27,120
2725,10:42:45,$ 3306.2599,100
2726,10:42:43,$ 3304.3653,152
2727,10:42:27,$ 3303.92,190
2728,10:42:22,$ 3304.00,100
2729,10:42:22,$ 3304.00,100
2730,10:42:14,$ 3304.3609,100
2732,10:42:10,$ 3304.60,102
2733,10:41:11,$ 3305.27,125
2734,10:41:11,$ 3305.27,100
2735,10:40:51,$ 3306.00,100
2736,10:40:07,$ 3306.10,100
2737,10:40:07,$ 3305.92,100
2738,10:40:07,$ 3305.82,100
2739,10:40:07,$ 3305.91,100
2740,10:39:40,$ 3306.20,100
2741,10:39:38,$ 3305.915,130
2742,10:39:18,$ 3305.895,100
2743,10:39:01,$ 3305.99,100
2744,10:39:01,$ 3306.27,100
2745,10:38:46,$ 3305.67,138
2746,10:38:38,$ 3305.92,100
2747,10:38:01,$ 3304.45,100
2748,10:38:01,$ 3304.46,100
2749,10:36:35,$ 3304.58,200
2750,10:36:27,$ 3304.50,100
2751,10:36:23,$ 3304.63,100
2753,10:36:19,$ 3304.31,100
2754,10:35:40,$ 3304.084,100
2755,10:35:40,$ 3304.59,100
2756,10:34:52,$ 3305.18,100
2757,10:34:33,$ 3304.39,100
2758,10:34:24,$ 3304.2121,100
2759,10:34:24,$ 3304.0427,250
2760,10:34:06,$ 3305.56,100
2761,10:33:46,$ 3306.2106,216
2762,10:33:41,$ 3306.25,100
2763,10:33:00,$ 3306.27,100
2764,10:32:43,$ 3305.3771,100
2765,10:32:25,$ 3304.6772,100
2766,10:32:22,$ 3305.10,100
2767,10:32:08,$ 3304.41,100
2768,10:31:48,$ 3303.85,100
2769,10:31:37,$ 3304.28,100
2770,10:31:35,$ 3304.28,100
2771,10:31:35,$ 3304.09,100
2772,10:31:35,$ 3304.09,100
2774,10:31:29,$ 3304.8575,100
2775,10:31:27,$ 3304.00,100
2776,10:31:20,$ 3303.39,111
2777,10:31:09,$ 3302.65,100
2778,10:30:47,$ 3301.8042,115
2779,10:30:25,$ 3302.975,100
2780,10:30:08,$ 3302.91,611
2781,10:30:08,$ 3302.92,100
2783,11:29:57,$ 3308.46,100
2784,11:29:51,$ 3307.844,200
2785,11:29:51,$ 3307.86,100
2786,11:29:49,$ 3307.3463,100
2787,11:29:45,$ 3307.6899,167
2788,11:29:39,$ 3307.00,505
2789,11:29:39,$ 3307.01,100
2790,11:29:28,$ 3307.45,100
2791,11:28:53,$ 3307.09,100
2792,11:28:50,$ 3307.50,300
2793,11:28:16,$ 3307.15,366
2794,11:28:06,$ 3306.92,110
2795,11:27:55,$ 3306.42,100
2796,11:27:51,$ 3306.56,100
2797,11:27:39,$ 3306.39,100
2798,11:27:35,$ 3306.16,100
2799,11:27:28,$ 3306.255,100
2800,11:27:24,$ 3306.325,100
2801,11:26:57,$ 3305.805,100
2802,11:26:15,$ 3305.02,100
2804,11:24:47,$ 3304.96,100
2805,11:23:11,$ 3305.20,100
2806,11:23:11,$ 3305.08,100
2807,11:23:10,$ 3305.85,100
2808,11:22:15,$ 3306.785,200
2809,11:22:14,$ 3306.13,100
2810,11:22:13,$ 3306.15,100
2811,11:22:02,$ 3305.555,100
2812,11:21:53,$ 3306.22,200
2813,11:20:51,$ 3304.51,100
2814,11:20:51,$ 3304.50,100
2815,11:20:30,$ 3304.99,100
2816,11:20:27,$ 3305.01,100
2817,11:20:16,$ 3305.58,100
2818,11:20:06,$ 3305.42,100
2819,11:20:02,$ 3305.47,100
2820,11:19:22,$ 3306.04,100
2821,11:19:11,$ 3306.28,100
2822,11:18:55,$ 3305.78,100
2823,11:18:51,$ 3305.768,100
2825,11:18:42,$ 3305.54,100
2826,11:18:12,$ 3304.745,100
2827,11:17:24,$ 3305.49,200
2828,11:17:07,$ 3305.77,100
2829,11:17:07,$ 3306.25,100
2830,11:17:07,$ 3306.25,100
2831,11:17:01,$ 3306.36,100
2832,11:17:00,$ 3306.5637,100
2833,11:17:00,$ 3306.49,100
2834,11:17:00,$ 3306.15,100
2835,11:17:00,$ 3306.21,100
2836,11:16:59,$ 3305.97,400
2837,11:16:59,$ 3305.97,100
2838,11:16:56,$ 3305.51,100
2839,11:16:56,$ 3305.53,100
2840,11:16:56,$ 3305.52,267
2841,11:16:53,$ 3305.74,200
2842,11:16:47,$ 3305.505,203
2843,11:16:44,$ 3305.50,100
2844,11:16:35,$ 3305.77,100
2846,11:16:06,$ 3305.43,100
2847,11:16:02,$ 3305.30,100
2848,11:15:56,$ 3305.36,150
2849,11:15:36,$ 3303.8155,100
2850,11:15:27,$ 3304.35,100
2851,11:15:09,$ 3304.01,100
2852,11:14:35,$ 3303.96,100
2853,11:14:01,$ 3303.6078,200
2854,11:14:01,$ 3303.99,100
2855,11:13:52,$ 3303.725,200
2856,11:13:08,$ 3304.24,100
2857,11:13:02,$ 3304.99,100
2858,11:12:51,$ 3305.00,100
2859,11:12:42,$ 3304.11,151
2860,11:12:34,$ 3304.80,100
2861,11:12:05,$ 3302.73,100
2862,11:12:00,$ 3302.75,100
2863,11:11:31,$ 3302.24,100
2864,11:11:03,$ 3302.20,100
2865,11:10:59,$ 3301.00,100
2867,11:10:59,$ 3301.54,100
2868,11:10:59,$ 3301.55,100
2869,11:10:59,$ 3302.01,100
2870,11:10:37,$ 3303.00,100
2871,11:10:22,$ 3303.755,100
2872,11:10:20,$ 3303.58,100
2873,11:10:20,$ 3303.765,100
2874,11:10:05,$ 3303.92,108
2875,11:10:04,$ 3304.20,100
2876,11:10:04,$ 3304.50,100
2877,11:10:04,$ 3305.23,100
2878,11:09:58,$ 3305.51,670
2879,11:08:33,$ 3307.25,100
2880,11:08:33,$ 3306.2925,164
2881,11:07:48,$ 3305.98,200
2882,11:07:48,$ 3306.34,100
2883,11:07:48,$ 3306.32,100
2884,11:07:48,$ 3305.90,100
2885,11:07:48,$ 3305.91,100
2886,11:07:44,$ 3305.675,170
2888,11:07:16,$ 3305.3975,100
2889,11:07:16,$ 3305.27,100
2890,11:07:16,$ 3305.92,145
2891,11:07:07,$ 3304.33,100
2892,11:06:44,$ 3304.375,100
2893,11:06:41,$ 3304.50,100
2894,11:06:39,$ 3304.19,100
2895,11:06:36,$ 3304.495,"1,000"
2896,11:06:17,$ 3303.90,100
2897,11:06:04,$ 3303.26,100
2898,11:05:51,$ 3303.255,100
2899,11:05:41,$ 3303.0804,100
2900,11:05:11,$ 3303.00,100
2901,11:05:06,$ 3303.5184,100
2902,11:05:00,$ 3303.36,100
2903,11:04:44,$ 3302.49,100
2904,11:04:04,$ 3302.1421,100
2905,11:03:40,$ 3302.70,100
2906,11:03:33,$ 3303.3164,250
2907,11:03:24,$ 3303.58,400
2909,11:03:16,$ 3303.955,100
2910,11:03:16,$ 3303.955,100
2911,11:03:14,$ 3304.055,100
2912,11:03:10,$ 3303.60,100
2913,11:03:02,$ 3303.81,700
2914,11:02:56,$ 3304.43,100
2915,11:02:36,$ 3303.985,100
2916,11:02:36,$ 3303.985,115
2917,11:02:21,$ 3303.09,100
2918,11:02:21,$ 3303.25,100
2919,11:02:17,$ 3304.01,100
2920,11:02:12,$ 3303.5175,100
2921,11:01:48,$ 3303.01,100
2922,11:01:48,$ 3303.01,100
2923,11:01:32,$ 3304.27,100
2924,11:01:32,$ 3304.27,100
2925,11:01:31,$ 3303.54,100
2926,11:01:18,$ 3303.98,100
2927,11:01:17,$ 3303.53,100
2928,11:01:12,$ 3303.92,100
2930,11:01:12,$ 3303.92,100
2931,11:01:07,$ 3305.0721,300
2932,11:00:52,$ 3305.25,100
2933,11:00:21,$ 3306.27,100
2935,11:59:46,$ 3306.00,100
2936,11:59:05,$ 3305.6487,200
2937,11:58:17,$ 3305.99,100
2938,11:58:14,$ 3305.96,100
2939,11:58:14,$ 3305.93,100
2940,11:58:14,$ 3305.94,100
2941,11:58:05,$ 3305.70,124
2942,11:57:32,$ 3304.34,100
2943,11:55:28,$ 3304.37,100
2944,11:54:09,$ 3304.9646,100
2945,11:53:20,$ 3304.71,100
2946,11:53:14,$ 3304.4152,118
2947,11:53:14,$ 3304.4017,247
2948,11:53:10,$ 3305.09,100
2949,11:52:53,$ 3303.9551,400
2950,11:52:26,$ 3303.8807,177
2951,11:52:08,$ 3303.82,100
2952,11:52:06,$ 3303.585,"1,000"
2953,11:52:02,$ 3304.25,100
2954,11:52:02,$ 3304.00,162
2956,11:51:25,$ 3304.92,100
2957,11:51:03,$ 3304.25,100
2958,11:51:00,$ 3304.55,100
2959,11:50:42,$ 3305.00,100
2960,11:50:42,$ 3304.99,100
2961,11:50:42,$ 3304.95,417
2962,11:50:37,$ 3305.00,100
2963,11:50:37,$ 3305.01,100
2964,11:50:08,$ 3305.23,130
2965,11:50:06,$ 3305.00,100
2966,11:50:06,$ 3305.01,100
2967,11:50:03,$ 3305.21,300
2968,11:50:00,$ 3305.53,100
2969,11:49:55,$ 3305.695,100
2970,11:49:50,$ 3306.25,220
2971,11:49:50,$ 3306.25,118
2972,11:49:04,$ 3306.13,100
2973,11:48:25,$ 3306.10,100
2974,11:48:25,$ 3306.10,100
2975,11:48:25,$ 3306.00,200
2977,11:47:49,$ 3306.50,100
2978,11:47:31,$ 3306.72,100
2979,11:47:03,$ 3306.41,100
2980,11:46:44,$ 3306.44,100
2981,11:46:43,$ 3306.235,200
2982,11:46:39,$ 3306.36,100
2983,11:46:27,$ 3307.75,100
2984,11:46:10,$ 3307.46,100
2985,11:45:57,$ 3307.0483,"1,000"
2986,11:45:25,$ 3306.12,100
2987,11:45:16,$ 3306.42,100
2988,11:43:24,$ 3305.69,100
2989,11:43:02,$ 3305.70,100
2990,11:42:54,$ 3304.11,100
2991,11:42:27,$ 3304.93,151
2992,11:41:53,$ 3304.99,150
2993,11:41:44,$ 3304.84,100
2994,11:41:40,$ 3304.04,100
2995,11:41:39,$ 3304.22,198
2996,11:41:34,$ 3305.16,100
2998,11:41:34,$ 3305.22,100
2999,11:41:11,$ 3305.50,100
3000,11:40:42,$ 3306.09,100
3001,11:40:42,$ 3306.09,100
3002,11:40:42,$ 3306.09,100
3003,11:40:42,$ 3306.09,100
3004,11:40:42,$ 3306.10,100
3005,11:40:42,$ 3306.90,100
3006,11:40:42,$ 3306.85,100
3007,11:40:42,$ 3306.87,100
3008,11:40:42,$ 3307.52,100
3009,11:40:42,$ 3307.51,100
3010,11:40:42,$ 3307.52,100
3011,11:40:42,$ 3307.19,100
3012,11:40:42,$ 3307.47,110
3013,11:40:23,$ 3307.45,100
3014,11:40:09,$ 3306.50,100
3015,11:39:41,$ 3304.5001,100
3016,11:39:37,$ 3305.12,100
3017,11:39:19,$ 3305.50,100
3019,11:39:11,$ 3305.23,100
3020,11:38:41,$ 3306.145,100
3021,11:38:37,$ 3306.13,100
3022,11:38:34,$ 3306.50,100
3023,11:38:02,$ 3306.01,100
3024,11:36:07,$ 3304.50,100
3025,11:34:44,$ 3304.245,100
3026,11:34:10,$ 3304.01,100
3027,11:33:58,$ 3304.09,100
3028,11:33:21,$ 3304.12,100
3029,11:33:21,$ 3304.13,100
3030,11:33:20,$ 3304.12,100
3031,11:33:20,$ 3304.12,100
3032,11:33:19,$ 3304.525,100
3033,11:32:58,$ 3304.415,100
3034,11:32:25,$ 3305.35,100
3035,11:32:01,$ 3304.79,100
3036,11:32:01,$ 3304.94,100
3037,11:31:45,$ 3304.52,100
3038,11:31:25,$ 3304.72,100
3040,11:31:08,$ 3305.35,100
3041,11:31:07,$ 3305.34,100
3043,12:28:53,$ 3305.85,100
3044,12:26:39,$ 3307.015,100
3045,12:26:39,$ 3307.015,100
3046,12:26:39,$ 3307.45,200
3047,12:26:03,$ 3306.891,100
3048,12:24:28,$ 3305.40,100
3049,12:24:28,$ 3305.40,100
3050,12:24:28,$ 3305.40,167
3051,12:24:27,$ 3305.19,100
3052,12:24:04,$ 3305.00,100
3053,12:23:57,$ 3305.00,100
3054,12:23:57,$ 3305.00,100
3055,12:23:18,$ 3305.20,100
3056,12:23:18,$ 3305.19,100
3057,12:23:18,$ 3305.19,100
3058,12:23:18,$ 3305.21,100
3059,12:22:36,$ 3305.82,100
3060,12:22:34,$ 3305.595,100
3061,12:22:34,$ 3305.595,100
3062,12:22:34,$ 3305.84,100
3064,12:22:34,$ 3305.595,100
3065,12:22:34,$ 3305.91,100
3066,12:22:34,$ 3305.81,100
3067,12:22:34,$ 3305.89,100
3068,12:22:34,$ 3305.595,100
3069,12:21:34,$ 3306.83,100
3070,12:21:34,$ 3306.91,100
3071,12:21:34,$ 3306.94,100
3072,12:21:34,$ 3306.91,100
3073,12:21:34,$ 3307.00,182
3074,12:21:34,$ 3307.00,100
3075,12:21:34,$ 3307.00,100
3076,12:20:21,$ 3306.4676,100
3077,12:19:58,$ 3306.15,100
3078,12:19:58,$ 3306.15,100
3079,12:19:02,$ 3306.01,100
3080,12:18:51,$ 3306.63,100
3081,12:18:13,$ 3307.82,100
3082,12:17:46,$ 3306.51,100
3083,12:17:46,$ 3307.15,174
3085,12:17:46,$ 3307.14,100
3086,12:17:46,$ 3307.28,100
3087,12:17:46,$ 3307.17,100
3088,12:17:19,$ 3306.87,100
3089,12:17:19,$ 3306.48,100
3090,12:17:19,$ 3306.45,100
3091,12:17:19,$ 3307.06,100
3092,12:17:19,$ 3307.55,100
3093,12:17:19,$ 3307.06,100
3094,12:17:19,$ 3307.06,100
3095,12:17:10,$ 3307.975,100
3096,12:17:07,$ 3307.58,100
3097,12:17:04,$ 3307.71,100
3098,12:17:04,$ 3307.68,100
3099,12:17:04,$ 3307.67,100
3100,12:17:04,$ 3307.61,100
3101,12:16:57,$ 3308.39,100
3102,12:16:57,$ 3308.355,100
3103,12:16:41,$ 3308.13,100
3104,12:16:30,$ 3307.915,100
3106,12:16:12,$ 3307.68,100
3107,12:15:15,$ 3308.2122,300
3108,12:15:11,$ 3308.30,100
3109,12:14:52,$ 3308.21,100
3110,12:12:42,$ 3306.86,100
3111,12:11:55,$ 3307.57,100
3112,12:11:52,$ 3307.30,100
3113,12:11:51,$ 3308.00,100
3114,12:11:51,$ 3307.72,100
3115,12:11:51,$ 3307.30,100
3116,12:11:51,$ 3307.75,100
3117,12:11:51,$ 3307.75,100
3118,12:11:51,$ 3307.95,100
3119,12:11:51,$ 3307.77,100
3120,12:11:51,$ 3307.77,100
3121,12:11:51,$ 3307.75,100
3122,12:11:51,$ 3307.60,100
3123,12:11:51,$ 3307.26,100
3124,12:11:51,$ 3307.07,100
3125,12:11:34,$ 3306.58,100
3127,12:11:20,$ 3306.79,100
3128,12:11:08,$ 3307.095,100
3129,12:11:06,$ 3307.00,175
3130,12:11:05,$ 3307.50,100
3131,12:11:05,$ 3307.50,150
3132,12:11:00,$ 3306.68,131
3133,12:08:57,$ 3306.9084,100
3134,12:08:27,$ 3306.6032,100
3135,12:08:25,$ 3306.31,100
3136,12:08:24,$ 3306.685,100
3137,12:08:22,$ 3306.27,100
3138,12:08:22,$ 3306.64,100
3139,12:08:12,$ 3306.32,100
3140,12:07:16,$ 3305.83,200
3141,12:04:21,$ 3306.76,200
3142,12:04:09,$ 3306.81,100
3143,12:03:46,$ 3307.09,100
3144,12:03:16,$ 3306.8663,150
3145,12:03:00,$ 3306.47,100
3146,12:03:00,$ 3306.41,100
3148,12:02:25,$ 3306.43,100
3149,12:02:25,$ 3306.43,100
3150,12:01:51,$ 3305.807,100
3152,12:59:59,$ 3309.805,100
3153,12:59:58,$ 3310.00,105
3154,12:59:50,$ 3309.69,100
3155,12:58:57,$ 3308.88,100
3156,12:58:01,$ 3308.27,100
3157,12:57:35,$ 3308.60,100
3158,12:57:03,$ 3308.12,100
3159,12:57:01,$ 3308.50,100
3160,12:57:01,$ 3308.49,100
3161,12:56:59,$ 3308.495,100
3162,12:56:47,$ 3308.65,100
3163,12:55:19,$ 3308.18,100
3164,12:55:16,$ 3308.86,100
3165,12:54:20,$ 3308.89,100
3166,12:54:10,$ 3308.8698,100
3167,12:53:41,$ 3308.37,100
3168,12:53:41,$ 3307.80,100
3169,12:53:41,$ 3308.22,100
3170,12:53:36,$ 3307.81,100
3171,12:53:36,$ 3307.65,100
3173,12:53:21,$ 3307.87,100
3174,12:53:21,$ 3307.88,100
3175,12:53:21,$ 3307.88,100
3176,12:53:21,$ 3307.891,200
3177,12:53:05,$ 3308.42,100
3178,12:52:51,$ 3308.615,100
3179,12:52:51,$ 3308.62,100
3180,12:52:50,$ 3308.61,100
3181,12:52:12,$ 3308.1869,351
3182,12:52:11,$ 3308.025,400
3183,12:51:16,$ 3308.00,482
3184,12:51:14,$ 3308.10,100
3185,12:50:25,$ 3308.345,118
3186,12:50:11,$ 3308.93,151
3187,12:50:03,$ 3309.07,100
3188,12:49:58,$ 3309.32,100
3189,12:49:52,$ 3309.46,100
3190,12:49:52,$ 3309.42,100
3191,12:49:52,$ 3309.43,100
3192,12:49:52,$ 3309.43,100
3194,12:49:48,$ 3307.94,100
3195,12:49:48,$ 3307.96,100
3196,12:49:47,$ 3308.00,100
3197,12:49:47,$ 3308.06,100
3198,12:49:47,$ 3308.07,100
3199,12:49:47,$ 3308.12,100
3200,12:49:47,$ 3308.19,100
3201,12:49:47,$ 3308.19,102
3202,12:49:47,$ 3308.25,100
3203,12:49:47,$ 3308.21,100
3204,12:49:47,$ 3308.44,100
3205,12:49:47,$ 3308.59,100
3206,12:49:47,$ 3308.59,100
3207,12:49:47,$ 3308.93,100
3208,12:49:47,$ 3310.60,100
3209,12:49:47,$ 3309.03,100
3210,12:49:47,$ 3310.58,200
3211,12:49:47,$ 3310.64,100
3212,12:49:47,$ 3311.06,100
3213,12:49:47,$ 3311.08,100
3215,12:49:47,$ 3311.41,100
3216,12:49:37,$ 3311.76,111
3217,12:48:53,$ 3312.00,100
3218,12:48:53,$ 3312.00,100
3219,12:48:52,$ 3311.75,100
3220,12:48:52,$ 3311.52,100
3221,12:48:39,$ 3311.43,100
3222,12:48:20,$ 3311.17,100
3223,12:48:20,$ 3311.76,795
3224,12:48:12,$ 3311.14,100
3225,12:47:55,$ 3310.675,400
3226,12:47:43,$ 3310.85,100
3227,12:47:28,$ 3310.90,100
3228,12:47:18,$ 3311.222,135
3229,12:47:18,$ 3311.12,100
3230,12:47:14,$ 3311.00,250
3231,12:47:14,$ 3311.00,228
3232,12:47:14,$ 3310.97,100
3233,12:46:46,$ 3310.245,100
3234,12:46:41,$ 3310.15,100
3236,12:46:14,$ 3310.525,150
3237,12:46:08,$ 3310.515,100
3238,12:46:05,$ 3311.00,107
3239,12:46:05,$ 3310.37,100
3240,12:46:01,$ 3310.00,250
3241,12:46:01,$ 3309.98,100
3242,12:46:01,$ 3310.00,225
3243,12:46:01,$ 3310.00,100
3244,12:46:01,$ 3309.94,100
3245,12:44:26,$ 3309.26,100
3246,12:44:26,$ 3309.44,100
3247,12:44:15,$ 3309.72,193
3248,12:44:00,$ 3309.705,100
3249,12:44:00,$ 3309.54,100
3250,12:43:51,$ 3309.32,100
3251,12:43:43,$ 3309.45,100
3252,12:43:35,$ 3309.45,100
3253,12:43:34,$ 3309.495,100
3254,12:43:22,$ 3309.40,100
3255,12:42:42,$ 3309.39,100
3257,12:42:38,$ 3309.065,100
3258,12:40:33,$ 3308.70,100
3259,12:40:06,$ 3308.91,100
3260,12:39:59,$ 3309.00,300
3261,12:39:58,$ 3309.189,100
3262,12:39:52,$ 3308.82,100
3263,12:39:33,$ 3308.58,100
3264,12:39:29,$ 3308.93,100
3265,12:39:29,$ 3308.98,100
3266,12:39:29,$ 3308.675,100
3267,12:39:17,$ 3308.58,100
3268,12:39:06,$ 3308.325,100
3269,12:38:17,$ 3307.99,100
3270,12:36:18,$ 3307.1637,144
3271,12:36:14,$ 3307.5025,400
3272,12:36:13,$ 3307.64,100
3273,12:36:13,$ 3307.69,100
3274,12:35:40,$ 3307.5301,100
3275,12:35:38,$ 3308.00,100
3276,12:35:38,$ 3308.00,100
3278,12:34:25,$ 3307.28,100
3279,12:34:25,$ 3307.28,100
3280,12:34:24,$ 3307.19,100
3281,12:34:24,$ 3307.30,100
3282,12:34:14,$ 3307.13,100
3283,12:33:32,$ 3307.39,176
3284,12:33:28,$ 3306.60,100
3285,12:33:26,$ 3306.01,100
3286,12:33:26,$ 3306.30,100
3287,12:31:55,$ 3306.5367,100
3288,12:31:50,$ 3306.93,100
3289,12:31:16,$ 3307.39,100
3290,12:31:09,$ 3307.35,100
3292,13:29:49,$ 3303.59,100
3293,13:29:49,$ 3303.48,100
3294,13:29:49,$ 3303.44,100
3295,13:29:49,$ 3303.44,100
3296,13:29:49,$ 3303.42,100
3297,13:29:49,$ 3303.62,300
3298,13:28:43,$ 3303.76,100
3299,13:28:24,$ 3304.405,182
3300,13:28:12,$ 3304.405,200
3301,13:28:00,$ 3304.80,100
3302,13:27:37,$ 3304.01,100
3303,13:25:12,$ 3304.5486,101
3304,13:25:01,$ 3304.91,100
3305,13:24:23,$ 3304.8273,200
3306,13:24:14,$ 3304.91,100
3307,13:24:00,$ 3304.15,100
3308,13:23:57,$ 3303.96,100
3309,13:23:57,$ 3303.99,100
3310,13:23:18,$ 3304.24,100
3311,13:23:17,$ 3304.065,100
3313,13:23:10,$ 3304.01,100
3314,13:23:10,$ 3304.255,100
3315,13:23:07,$ 3304.405,100
3316,13:22:56,$ 3304.7706,130
3317,13:22:34,$ 3304.98,173
3318,13:22:17,$ 3305.06,100
3319,13:22:09,$ 3305.445,100
3320,13:22:07,$ 3305.51,100
3321,13:21:22,$ 3305.39,100
3322,13:21:03,$ 3305.37,100
3323,13:21:02,$ 3305.17,100
3324,13:20:49,$ 3305.12,100
3325,13:20:48,$ 3304.59,100
3326,13:20:48,$ 3304.59,100
3327,13:20:48,$ 3304.59,100
3328,13:20:48,$ 3304.59,300
3329,13:20:48,$ 3304.59,100
3330,13:20:48,$ 3304.64,100
3331,13:20:48,$ 3304.745,100
3332,13:20:45,$ 3305.23,100
3334,13:20:45,$ 3305.1505,"1,000"
3335,13:20:20,$ 3305.08,100
3336,13:20:20,$ 3304.555,100
3337,13:20:14,$ 3305.00,100
3338,13:20:14,$ 3305.00,100
3339,13:20:14,$ 3305.00,140
3340,13:20:04,$ 3305.045,100
3341,13:19:46,$ 3305.09,100
3342,13:19:46,$ 3305.15,100
3343,13:19:45,$ 3305.36,100
3344,13:19:45,$ 3305.51,100
3345,13:19:45,$ 3305.36,100
3346,13:19:45,$ 3305.4725,100
3347,13:19:31,$ 3305.92,100
3348,13:19:27,$ 3305.605,100
3349,13:19:01,$ 3305.61,100
3350,13:19:01,$ 3306.02,100
3351,13:19:01,$ 3306.07,100
3352,13:18:29,$ 3306.35,100
3353,13:18:18,$ 3306.38,100
3355,13:17:13,$ 3306.2794,150
3356,13:16:52,$ 3306.335,100
3357,13:16:34,$ 3306.54,100
3358,13:16:09,$ 3306.015,100
3359,13:16:08,$ 3306.43,100
3360,13:15:59,$ 3306.465,100
3361,13:15:48,$ 3306.24,100
3362,13:15:48,$ 3306.33,100
3363,13:15:48,$ 3306.31,100
3364,13:15:48,$ 3306.725,100
3365,13:15:27,$ 3306.78,100
3366,13:15:08,$ 3307.485,100
3367,13:14:54,$ 3307.36,170
3368,13:12:46,$ 3307.605,100
3369,13:10:25,$ 3307.50,100
3370,13:10:25,$ 3307.74,100
3371,13:09:44,$ 3307.20,100
3372,13:08:54,$ 3306.72,100
3373,13:08:54,$ 3306.72,100
3374,13:08:54,$ 3306.94,300
3376,13:08:53,$ 3307.50,100
3377,13:08:51,$ 3307.17,100
3378,13:08:39,$ 3306.985,100
3379,13:08:28,$ 3307.14,100
3380,13:08:14,$ 3307.01,250
3381,13:08:07,$ 3307.01,100
3382,13:08:07,$ 3307.125,100
3383,13:07:11,$ 3307.72,100
3384,13:07:05,$ 3308.1407,100
3385,13:06:31,$ 3307.70,100
3386,13:04:55,$ 3306.26,235
3387,13:04:53,$ 3306.4125,202
3388,13:04:53,$ 3306.4125,100
3389,13:04:45,$ 3307.04,100
3390,13:04:45,$ 3306.67,100
3391,13:04:42,$ 3306.36,100
3392,13:04:36,$ 3306.40,115
3393,13:04:35,$ 3306.38,100
3394,13:04:29,$ 3307.00,100
3395,13:04:29,$ 3307.00,100
3397,13:04:29,$ 3307.37,100
3398,13:04:23,$ 3307.374,200
3399,13:04:05,$ 3307.77,100
3400,13:03:46,$ 3307.95,100
3401,13:03:29,$ 3308.545,100
3402,13:03:17,$ 3308.74,100
3403,13:03:17,$ 3308.76,100
3404,13:03:12,$ 3308.42,100
3405,13:02:54,$ 3309.025,100
3406,13:02:41,$ 3309.00,100
3407,13:02:22,$ 3309.04,100
3408,13:02:18,$ 3309.23,100
3409,13:00:27,$ 3308.77,100
3410,13:00:05,$ 3309.36,100
3412,13:59:14,$ 3306.165,100
3413,13:58:47,$ 3306.3054,100
3414,13:58:47,$ 3306.27,100
3415,13:58:03,$ 3305.76,100
3416,13:57:59,$ 3305.924,302
3417,13:57:59,$ 3306.015,464
3418,13:57:59,$ 3306.015,116
3419,13:57:59,$ 3305.75,105
3420,13:57:04,$ 3306.28,100
3421,13:57:01,$ 3306.70,300
3422,13:56:48,$ 3306.5143,100
3423,13:56:18,$ 3306.1619,244
3424,13:56:04,$ 3305.77,187
3425,13:55:20,$ 3306.21,190
3426,13:55:02,$ 3305.565,303
3427,13:54:35,$ 3305.34,100
3428,13:53:03,$ 3304.58,100
3429,13:52:19,$ 3305.19,100
3430,13:51:45,$ 3304.19,100
3431,13:51:45,$ 3303.99,100
3433,13:51:19,$ 3303.64,100
3434,13:51:16,$ 3304.0999,200
3435,13:50:22,$ 3304.625,100
3436,13:49:54,$ 3304.94,100
3437,13:49:01,$ 3305.43,239
3438,13:48:48,$ 3305.10,100
3439,13:48:45,$ 3304.96,100
3440,13:48:45,$ 3304.94,100
3441,13:48:45,$ 3304.90,100
3442,13:48:45,$ 3304.91,100
3443,13:48:45,$ 3304.93,100
3444,13:48:35,$ 3304.895,100
3445,13:48:23,$ 3304.31,100
3446,13:48:23,$ 3304.30,100
3447,13:48:23,$ 3304.32,100
3448,13:47:57,$ 3303.78,146
3449,13:47:42,$ 3303.40,100
3450,13:47:34,$ 3303.10,100
3451,13:47:13,$ 3303.095,100
3452,13:47:13,$ 3302.88,100
3454,13:47:13,$ 3303.00,100
3455,13:47:13,$ 3303.00,100
3456,13:47:01,$ 3303.57,100
3457,13:45:52,$ 3303.03,100
3458,13:44:09,$ 3303.93,200
3459,13:44:04,$ 3303.395,100
3460,13:44:04,$ 3303.63,100
3461,13:44:04,$ 3303.73,100
3462,13:44:02,$ 3304.185,100
3463,13:43:59,$ 3304.11,"1,150"
3464,13:43:06,$ 3304.06,100
3465,13:43:01,$ 3304.05,100
3466,13:42:52,$ 3304.05,121
3467,13:42:07,$ 3304.9903,100
3468,13:42:03,$ 3304.97,100
3469,13:41:07,$ 3304.25,100
3470,13:39:11,$ 3303.82,100
3471,13:38:44,$ 3304.43,100
3472,13:37:46,$ 3304.03,100
3473,13:37:46,$ 3304.03,100
3475,13:37:46,$ 3303.99,100
3476,13:37:46,$ 3304.03,100
3477,13:37:14,$ 3304.095,106
3478,13:37:13,$ 3304.095,100
3479,13:36:49,$ 3303.69,100
3480,13:36:49,$ 3303.69,100
3481,13:36:37,$ 3303.76,100
3482,13:36:17,$ 3303.5901,100
3483,13:35:55,$ 3304.54,500
3484,13:35:41,$ 3304.01,100
3485,13:35:41,$ 3304.01,100
3486,13:35:41,$ 3304.00,100
3487,13:35:34,$ 3304.41,100
3488,13:34:14,$ 3304.24,330
3489,13:34:14,$ 3303.80,100
3490,13:34:12,$ 3303.97,100
3491,13:34:03,$ 3304.46,100
3492,13:33:22,$ 3304.395,100
3493,13:33:14,$ 3304.455,100
3494,13:33:14,$ 3304.455,100
3496,13:32:18,$ 3304.695,100
3497,13:31:55,$ 3305.645,100
3498,13:31:48,$ 3306.00,100
3499,13:30:52,$ 3306.3518,100
3500,13:30:46,$ 3306.80,203
3501,13:30:45,$ 3305.22,100
3502,13:30:41,$ 3306.00,459
3503,13:30:41,$ 3306.00,110
3504,13:30:41,$ 3306.00,100
3505,13:30:40,$ 3305.19,100
3506,13:30:24,$ 3304.97,100
3507,13:30:19,$ 3304.60,100
3508,13:30:07,$ 3304.14,100
3510,14:29:20,$ 3304.01,100
3511,14:29:20,$ 3303.97,267
3512,14:29:20,$ 3304.20,100
3513,14:29:19,$ 3304.72,100
3514,14:29:06,$ 3304.66,100
3515,14:29:03,$ 3304.80,100
3516,14:29:03,$ 3305.00,204
3517,14:28:12,$ 3304.5684,150
3518,14:27:53,$ 3304.9051,151
3519,14:27:24,$ 3304.9535,100
3520,14:26:55,$ 3305.075,100
3521,14:26:50,$ 3305.405,100
3522,14:25:41,$ 3305.575,150
3523,14:24:44,$ 3305.21,193
3524,14:20:48,$ 3304.665,100
3525,14:20:41,$ 3305.24,155
3526,14:20:27,$ 3304.91,100
3527,14:20:26,$ 3304.92,100
3528,14:20:21,$ 3305.00,100
3529,14:19:27,$ 3303.68,100
3531,14:19:05,$ 3303.97,100
3532,14:19:02,$ 3304.46,200
3533,14:17:59,$ 3304.4488,100
3534,14:17:17,$ 3304.45,172
3535,14:17:17,$ 3304.45,100
3536,14:16:48,$ 3304.545,302
3537,14:16:44,$ 3304.837,100
3538,14:16:29,$ 3304.93,100
3539,14:16:29,$ 3304.95,100
3540,14:16:29,$ 3305.00,100
3541,14:16:26,$ 3304.47,100
3542,14:16:04,$ 3304.18,100
3543,14:15:49,$ 3304.09,100
3544,14:15:49,$ 3304.08,260
3545,14:11:53,$ 3304.04,150
3546,14:11:27,$ 3304.99,394
3547,14:11:13,$ 3305.1924,121
3548,14:11:12,$ 3304.909,100
3549,14:11:08,$ 3304.26,100
3550,14:10:27,$ 3303.72,100
3552,14:10:26,$ 3303.735,100
3553,14:10:19,$ 3303.71,100
3554,14:10:14,$ 3303.715,100
3555,14:10:07,$ 3303.65,100
3556,14:10:04,$ 3303.9966,214
3557,14:09:57,$ 3303.81,100
3558,14:09:45,$ 3304.49,100
3559,14:09:09,$ 3304.49,100
3560,14:08:40,$ 3304.00,101
3561,14:08:38,$ 3304.005,100
3562,14:07:37,$ 3303.99,100
3563,14:04:54,$ 3304.2276,244
3564,14:04:00,$ 3303.92,100
3565,14:04:00,$ 3304.29,100
3566,14:04:00,$ 3303.92,100
3567,14:04:00,$ 3303.76,100
3568,14:02:51,$ 3304.73,100
3569,14:02:47,$ 3304.67,100
3570,14:02:46,$ 3305.06,960
3571,14:01:57,$ 3305.21,100
3573,14:01:10,$ 3305.75,100
3575,14:59:57,$ 3299.80,209
3576,14:59:39,$ 3299.5723,146
3577,14:59:24,$ 3299.59,177
3578,14:59:21,$ 3299.72,100
3579,14:59:09,$ 3299.625,152
3580,14:58:50,$ 3299.48,100
3581,14:58:46,$ 3299.49,100
3582,14:58:38,$ 3299.2641,100
3583,14:58:10,$ 3299.40,100
3584,14:57:35,$ 3298.86,100
3585,14:56:55,$ 3299.745,100
3586,14:56:54,$ 3299.86,100
3587,14:56:54,$ 3300.05,100
3588,14:56:54,$ 3300.05,100
3589,14:56:51,$ 3300.07,100
3590,14:56:44,$ 3300.03,100
3591,14:56:39,$ 3300.3439,100
3592,14:56:38,$ 3300.15,100
3593,14:56:35,$ 3300.18,100
3594,14:56:32,$ 3300.8158,133
3596,14:56:32,$ 3299.95,100
3597,14:56:32,$ 3300.00,175
3598,14:56:32,$ 3300.00,154
3599,14:56:32,$ 3300.00,153
3600,14:56:07,$ 3299.315,100
3601,14:55:22,$ 3299.06,145
3602,14:54:50,$ 3298.61,100
3603,14:54:50,$ 3298.61,244
3604,14:54:50,$ 3298.76,100
3605,14:54:50,$ 3298.78,100
3606,14:54:50,$ 3298.76,100
3607,14:54:45,$ 3298.88,100
3608,14:54:44,$ 3299.36,100
3609,14:54:44,$ 3299.23,100
3610,14:54:44,$ 3299.23,100
3611,14:54:44,$ 3299.23,100
3612,14:54:41,$ 3299.00,100
3613,14:54:41,$ 3299.02,100
3614,14:54:36,$ 3299.13,100
3615,14:54:21,$ 3299.01,500
3617,14:54:16,$ 3299.3704,100
3618,14:52:57,$ 3298.85,100
3619,14:52:53,$ 3299.00,135
3620,14:52:45,$ 3298.66,794
3621,14:52:33,$ 3298.92,100
3622,14:52:11,$ 3298.50,100
3623,14:52:08,$ 3298.62,133
3624,14:52:03,$ 3298.52,100
3625,14:52:03,$ 3298.74,100
3626,14:52:03,$ 3298.80,100
3627,14:51:49,$ 3299.1291,100
3628,14:51:33,$ 3299.05,100
3629,14:51:26,$ 3299.25,100
3630,14:51:18,$ 3299.45,100
3631,14:50:35,$ 3299.88,100
3632,14:50:32,$ 3299.67,121
3633,14:50:32,$ 3299.70,100
3634,14:50:16,$ 3300.16,100
3635,14:50:16,$ 3300.16,150
3636,14:49:43,$ 3299.695,100
3638,14:49:33,$ 3299.24,"1,276"
3639,14:48:58,$ 3299.595,100
3640,14:47:48,$ 3299.16,200
3641,14:47:48,$ 3299.18,100
3642,14:47:48,$ 3299.42,100
3643,14:47:48,$ 3300.03,100
3644,14:47:48,$ 3300.00,100
3645,14:47:48,$ 3300.00,100
3646,14:47:48,$ 3300.00,100
3647,14:47:48,$ 3300.00,100
3648,14:47:48,$ 3300.03,100
3649,14:47:48,$ 3300.281,200
3650,14:47:48,$ 3300.57,100
3651,14:47:48,$ 3301.05,100
3652,14:47:39,$ 3301.41,100
3653,14:47:33,$ 3301.41,100
3654,14:45:52,$ 3301.60,100
3655,14:44:56,$ 3301.8099,100
3656,14:44:27,$ 3301.78,100
3657,14:44:21,$ 3301.745,200
3659,14:43:50,$ 3301.49,100
3660,14:42:40,$ 3302.26,100
3661,14:42:40,$ 3301.92,100
3662,14:42:34,$ 3302.32,100
3663,14:42:24,$ 3302.93,100
3664,14:42:11,$ 3302.57,100
3665,14:41:56,$ 3303.225,"1,000"
3666,14:41:44,$ 3303.125,100
3667,14:40:59,$ 3302.93,572
3668,14:40:59,$ 3302.93,309
3669,14:39:33,$ 3303.691,100
3670,14:38:40,$ 3303.15,100
3671,14:38:40,$ 3303.15,100
3672,14:38:10,$ 3303.73,100
3673,14:38:09,$ 3303.465,100
3674,14:38:04,$ 3303.00,112
3675,14:38:04,$ 3303.00,188
3676,14:38:04,$ 3303.00,100
3677,14:38:04,$ 3302.99,300
3678,14:37:59,$ 3302.79,100
3680,14:36:50,$ 3302.81,100
3681,14:36:35,$ 3302.41,100
3682,14:36:28,$ 3302.05,100
3683,14:35:53,$ 3302.3163,150
3684,14:35:29,$ 3301.89,100
3685,14:35:23,$ 3301.88,100
3686,14:35:23,$ 3301.88,103
3687,14:35:17,$ 3301.88,100
3688,14:35:02,$ 3301.925,152
3689,14:34:55,$ 3301.925,100
3690,14:34:26,$ 3302.00,100
3691,14:34:21,$ 3301.685,100
3692,14:34:21,$ 3301.75,100
3693,14:33:38,$ 3302.51,100
3694,14:33:11,$ 3302.38,100
3695,14:31:37,$ 3302.1501,100
3696,14:31:30,$ 3302.12,100
3697,14:31:22,$ 3302.45,100
3698,14:31:22,$ 3302.70,100
3699,14:31:19,$ 3302.72,100
3701,14:30:54,$ 3303.75,100
3702,14:30:27,$ 3303.91,100
3703,14:30:27,$ 3303.90,100
3704,14:30:27,$ 3303.99,100
3705,14:30:27,$ 3304.00,100
3706,14:30:13,$ 3304.50,100
3708,15:29:54,$ 3299.875,100
3709,15:29:24,$ 3299.8501,420
3710,15:28:53,$ 3300.56,100
3711,15:28:46,$ 3300.43,100
3712,15:28:44,$ 3300.2448,100
3713,15:28:00,$ 3300.81,100
3714,15:28:00,$ 3300.855,100
3715,15:28:00,$ 3300.81,200
3716,15:26:52,$ 3301.25,100
3717,15:26:49,$ 3301.035,100
3718,15:26:27,$ 3301.015,100
3719,15:26:18,$ 3301.3744,302
3720,15:26:18,$ 3300.75,100
3721,15:26:18,$ 3300.72,100
3722,15:26:18,$ 3300.70,100
3723,15:26:01,$ 3300.28,100
3724,15:25:41,$ 3300.351,250
3725,15:25:39,$ 3300.02,100
3726,15:25:36,$ 3300.01,100
3727,15:25:36,$ 3300.01,100
3729,15:25:24,$ 3300.38,100
3730,15:25:10,$ 3300.00,400
3731,15:25:10,$ 3299.92,100
3732,15:25:10,$ 3300.00,100
3733,15:25:10,$ 3299.75,100
3734,15:24:45,$ 3299.33,100
3735,15:24:37,$ 3299.53,100
3736,15:24:17,$ 3299.42,100
3737,15:24:16,$ 3299.615,100
3738,15:24:02,$ 3299.51,100
3739,15:23:50,$ 3299.26,100
3740,15:23:40,$ 3299.86,100
3741,15:23:40,$ 3299.86,100
3742,15:23:40,$ 3299.87,100
3743,15:23:19,$ 3300.322,180
3744,15:23:19,$ 3300.322,311
3745,15:23:17,$ 3300.245,100
3746,15:23:12,$ 3300.25,100
3747,15:23:12,$ 3300.25,100
3748,15:23:12,$ 3300.25,100
3750,15:23:12,$ 3300.25,100
3751,15:23:02,$ 3300.6275,100
3752,15:22:57,$ 3300.69,100
3753,15:22:37,$ 3300.69,100
3754,15:22:37,$ 3300.57,100
3755,15:22:36,$ 3300.92,100
3756,15:22:36,$ 3301.00,100
3757,15:22:36,$ 3301.2125,100
3758,15:21:57,$ 3301.34,100
3759,15:21:51,$ 3300.54,100
3760,15:21:43,$ 3300.575,100
3761,15:21:34,$ 3300.7137,136
3762,15:21:32,$ 3300.68,100
3763,15:21:32,$ 3300.47,100
3764,15:21:32,$ 3300.475,100
3765,15:21:28,$ 3300.57,100
3766,15:21:21,$ 3300.60,100
3767,15:21:21,$ 3300.62,100
3768,15:21:18,$ 3300.055,200
3769,15:21:07,$ 3300.62,100
3771,15:21:07,$ 3300.67,100
3772,15:21:05,$ 3300.50,100
3773,15:20:59,$ 3300.10,100
3774,15:20:58,$ 3300.2738,100
3775,15:20:57,$ 3299.97,100
3776,15:20:55,$ 3299.70,100
3777,15:20:53,$ 3299.945,100
3778,15:20:49,$ 3299.8309,100
3779,15:20:48,$ 3299.86,100
3780,15:20:00,$ 3297.70,100
3781,15:19:56,$ 3298.1668,100
3782,15:19:54,$ 3298.26,100
3783,15:19:53,$ 3298.19,100
3784,15:19:52,$ 3297.71,100
3785,15:19:52,$ 3297.56,126
3786,15:18:56,$ 3297.1004,267
3787,15:18:52,$ 3297.00,100
3788,15:18:21,$ 3296.525,109
3789,15:18:16,$ 3296.935,100
3790,15:18:09,$ 3296.3432,156
3792,15:18:06,$ 3296.875,"1,000"
3793,15:17:36,$ 3296.48,100
3794,15:17:35,$ 3296.57,100
3795,15:17:35,$ 3297.41,100
3796,15:17:35,$ 3296.91,100
3797,15:16:23,$ 3296.73,197
3798,15:16:23,$ 3296.74,100
3799,15:16:08,$ 3296.70,100
3800,15:15:46,$ 3296.3287,100
3801,15:15:27,$ 3296.24,100
3802,15:15:18,$ 3296.54,100
3803,15:15:03,$ 3296.59,100
3804,15:14:38,$ 3296.69,100
3805,15:13:50,$ 3297.25,100
3806,15:13:00,$ 3297.195,100
3807,15:12:49,$ 3297.27,100
3808,15:12:46,$ 3296.905,100
3809,15:12:41,$ 3296.99,100
3810,15:12:41,$ 3296.972,100
3811,15:12:41,$ 3296.94,100
3813,15:12:41,$ 3296.98,100
3814,15:12:41,$ 3296.64,200
3815,15:12:41,$ 3296.64,200
3816,15:12:41,$ 3296.63,200
3817,15:12:41,$ 3296.81,100
3818,15:12:41,$ 3296.63,200
3819,15:12:37,$ 3296.47,100
3820,15:12:33,$ 3296.47,400
3821,15:11:57,$ 3296.96,100
3822,15:11:57,$ 3296.67,103
3823,15:11:21,$ 3296.625,100
3824,15:11:11,$ 3296.615,100
3825,15:11:06,$ 3296.912,100
3826,15:10:59,$ 3296.41,100
3827,15:10:55,$ 3296.555,100
3828,15:10:49,$ 3295.93,412
3829,15:10:38,$ 3295.98,100
3830,15:10:32,$ 3296.24,100
3831,15:10:31,$ 3295.63,100
3832,15:10:31,$ 3295.67,100
3834,15:10:31,$ 3295.82,100
3835,15:10:31,$ 3295.84,100
3836,15:10:29,$ 3295.32,100
3837,15:10:25,$ 3295.25,100
3838,15:10:15,$ 3295.48,232
3839,15:10:15,$ 3295.308,200
3840,15:10:12,$ 3295.92,100
3841,15:10:09,$ 3296.49,100
3842,15:10:01,$ 3296.3572,107
3843,15:09:55,$ 3296.70,100
3844,15:09:36,$ 3296.77,700
3845,15:09:21,$ 3296.55,100
3846,15:09:18,$ 3296.627,100
3847,15:08:42,$ 3296.53,100
3848,15:07:56,$ 3297.13,100
3849,15:07:52,$ 3296.895,100
3850,15:06:49,$ 3297.405,100
3851,15:06:49,$ 3297.405,100
3852,15:06:49,$ 3297.28,100
3853,15:06:49,$ 3297.40,100
3855,15:06:49,$ 3297.40,100
3856,15:06:43,$ 3297.695,100
3857,15:06:43,$ 3297.695,100
3858,15:06:43,$ 3297.67,100
3859,15:06:43,$ 3297.68,100
3860,15:06:43,$ 3297.695,100
3861,15:06:35,$ 3297.67,100
3862,15:06:26,$ 3297.85,100
3863,15:05:49,$ 3297.18,100
3864,15:05:41,$ 3297.23,100
