,NLS Time (ET),NLS Price,NLS Share Volume
1,09:59:55,$ 3198.96,100
2,09:59:42,$ 3198.24,100
3,09:59:41,$ 3198.93,"1,000"
4,09:59:34,$ 3198.75,100
5,09:59:32,$ 3198.43,100
6,09:59:30,$ 3198.33,100
7,09:59:30,$ 3198.38,100
8,09:59:30,$ 3198.43,100
9,09:59:30,$ 3198.11,100
10,09:59:28,$ 3198.206,100
11,09:59:28,$ 3198.182,100
12,09:59:19,$ 3198.74,100
13,09:59:16,$ 3198.995,100
14,09:59:15,$ 3198.65,100
15,09:59:15,$ 3198.43,100
16,09:59:12,$ 3199.325,100
17,09:59:08,$ 3199.8199,200
18,09:59:07,$ 3199.82,100
19,09:59:04,$ 3199.57,100
20,09:58:48,$ 3200.05,100
22,09:58:44,$ 3199.97,100
23,09:58:40,$ 3199.05,100
24,09:58:40,$ 3199.03,100
25,09:58:36,$ 3198.13,100
26,09:58:35,$ 3198.225,100
27,09:58:23,$ 3197.50,100
28,09:58:20,$ 3198.00,338
29,09:58:19,$ 3197.72,100
30,09:58:19,$ 3197.47,100
31,09:58:19,$ 3195.96,500
32,09:58:14,$ 3197.36,100
33,09:58:13,$ 3196.10,300
34,09:58:09,$ 3195.89,100
35,09:58:02,$ 3195.10,100
36,09:58:02,$ 3195.00,100
37,09:57:54,$ 3196.34,100
38,09:57:50,$ 3196.95,100
39,09:57:33,$ 3196.22,100
40,09:57:31,$ 3197.09,100
41,09:57:31,$ 3196.70,100
43,09:57:21,$ 3195.77,100
44,09:57:21,$ 3196.70,203
45,09:57:18,$ 3195.74,100
46,09:57:09,$ 3194.78,100
47,09:57:09,$ 3195.215,100
48,09:57:08,$ 3195.29,100
49,09:57:08,$ 3195.28,100
50,09:57:08,$ 3195.28,100
51,09:57:08,$ 3195.11,100
52,09:57:00,$ 3192.09,100
53,09:57:00,$ 3193.68,100
54,09:57:00,$ 3193.09,100
55,09:57:00,$ 3192.63,100
56,09:57:00,$ 3192.11,100
57,09:57:00,$ 3192.4716,100
58,09:57:00,$ 3192.095,100
59,09:57:00,$ 3192.10,100
60,09:57:00,$ 3193.31,100
61,09:57:00,$ 3192.03,100
62,09:57:00,$ 3192.03,100
64,09:57:00,$ 3193.74,100
65,09:57:00,$ 3192.03,100
66,09:57:00,$ 3192.65,100
67,09:57:00,$ 3192.35,300
68,09:56:56,$ 3194.06,100
69,09:56:56,$ 3194.40,100
70,09:56:39,$ 3194.36,100
71,09:56:21,$ 3192.74,100
72,09:56:09,$ 3193.19,100
73,09:56:09,$ 3193.14,100
74,09:56:03,$ 3192.85,100
75,09:56:01,$ 3193.50,100
76,09:56:01,$ 3193.40,100
77,09:56:01,$ 3194.09,100
78,09:55:57,$ 3195.22,100
79,09:55:42,$ 3192.725,100
80,09:55:33,$ 3192.40,100
81,09:55:21,$ 3192.555,100
82,09:55:20,$ 3192.95,100
83,09:55:17,$ 3192.80,100
85,09:55:17,$ 3192.82,100
86,09:55:12,$ 3192.604,100
87,09:54:57,$ 3192.87,200
88,09:54:56,$ 3193.54,100
89,09:54:56,$ 3193.51,100
90,09:54:53,$ 3193.50,100
91,09:54:43,$ 3194.36,100
92,09:54:43,$ 3194.18,100
93,09:53:58,$ 3193.18,100
94,09:53:46,$ 3193.97,240
95,09:53:37,$ 3192.51,100
96,09:53:37,$ 3192.03,100
97,09:53:34,$ 3192.785,100
98,09:53:17,$ 3192.59,100
99,09:53:02,$ 3193.40,100
100,09:52:32,$ 3192.61,100
101,09:52:23,$ 3194.16,100
102,09:52:23,$ 3194.16,100
103,09:52:22,$ 3194.1601,100
104,09:52:18,$ 3194.59,100
106,09:52:18,$ 3194.45,100
107,09:52:13,$ 3193.08,100
108,09:52:13,$ 3193.14,100
109,09:52:10,$ 3192.99,100
110,09:52:10,$ 3193.00,100
111,09:52:08,$ 3192.55,100
112,09:52:03,$ 3191.05,100
113,09:52:03,$ 3191.05,100
114,09:51:59,$ 3191.80,100
115,09:51:58,$ 3191.325,100
116,09:51:56,$ 3191.32,300
117,09:51:56,$ 3191.32,100
118,09:51:55,$ 3190.105,100
119,09:51:40,$ 3191.84,100
120,09:51:29,$ 3192.14,100
121,09:51:10,$ 3191.03,100
122,09:51:03,$ 3192.10,100
123,09:50:58,$ 3192.41,100
124,09:50:53,$ 3192.367,100
125,09:50:27,$ 3190.79,100
127,09:50:27,$ 3190.79,718
128,09:50:27,$ 3191.9673,100
129,09:50:27,$ 3191.9773,100
130,09:50:27,$ 3191.9673,100
131,09:50:27,$ 3191.9673,100
132,09:50:27,$ 3192.46,100
133,09:50:27,$ 3192.30,100
134,09:50:27,$ 3192.30,100
135,09:50:27,$ 3192.30,100
136,09:50:27,$ 3192.31,100
137,09:50:22,$ 3190.255,100
138,09:50:17,$ 3191.40,100
139,09:50:17,$ 3190.53,100
140,09:50:17,$ 3189.58,100
141,09:50:10,$ 3189.855,100
142,09:50:04,$ 3189.885,100
143,09:49:55,$ 3189.24,100
144,09:49:47,$ 3188.30,100
145,09:49:47,$ 3188.12,100
146,09:49:47,$ 3188.00,100
148,09:49:47,$ 3188.50,900
149,09:49:47,$ 3188.50,100
150,09:49:47,$ 3189.00,100
151,09:49:47,$ 3190.00,100
152,09:49:47,$ 3190.02,100
153,09:49:47,$ 3190.03,100
154,09:49:47,$ 3190.03,100
155,09:49:47,$ 3190.20,128
156,09:49:42,$ 3190.44,100
157,09:49:37,$ 3190.70,100
158,09:49:28,$ 3192.20,100
159,09:49:26,$ 3191.22,100
160,09:49:25,$ 3191.23,100
161,09:49:25,$ 3191.60,100
162,09:49:25,$ 3191.64,100
163,09:49:25,$ 3191.24,100
164,09:49:25,$ 3191.22,300
165,09:49:25,$ 3191.71,100
166,09:49:20,$ 3191.65,100
167,09:49:19,$ 3192.415,100
169,09:49:19,$ 3193.00,100
170,09:49:19,$ 3192.97,100
171,09:49:19,$ 3192.58,100
172,09:49:19,$ 3192.60,100
173,09:49:18,$ 3192.32,100
174,09:49:14,$ 3192.62,100
175,09:49:14,$ 3192.00,100
176,09:49:06,$ 3193.22,100
177,09:49:05,$ 3193.235,200
178,09:49:04,$ 3193.01,100
179,09:49:00,$ 3195.71,100
180,09:48:57,$ 3194.90,100
181,09:48:51,$ 3194.82,100
182,09:48:50,$ 3194.78,100
183,09:48:45,$ 3194.1701,200
184,09:48:38,$ 3196.53,100
185,09:48:38,$ 3196.44,100
186,09:48:25,$ 3196.39,"1,000"
187,09:48:24,$ 3197.96,100
188,09:48:23,$ 3197.64,100
190,09:48:23,$ 3197.64,100
191,09:48:23,$ 3198.00,100
192,09:48:23,$ 3198.00,100
193,09:48:23,$ 3197.99,100
194,09:48:23,$ 3198.00,100
195,09:48:23,$ 3198.00,133
196,09:48:22,$ 3198.07,100
197,09:48:22,$ 3198.07,100
198,09:48:22,$ 3197.83,100
199,09:48:22,$ 3198.07,"1,075"
200,09:48:14,$ 3197.2851,100
201,09:48:04,$ 3196.01,100
202,09:48:03,$ 3196.00,100
203,09:48:03,$ 3196.01,100
204,09:48:00,$ 3196.69,100
205,09:48:00,$ 3196.29,100
206,09:47:59,$ 3195.18,100
207,09:47:59,$ 3195.08,100
208,09:47:59,$ 3195.62,100
209,09:47:50,$ 3194.85,100
211,09:47:49,$ 3195.72,100
212,09:47:49,$ 3195.95,100
213,09:47:37,$ 3196.57,100
214,09:47:34,$ 3197.00,100
215,09:47:34,$ 3196.98,100
216,09:47:34,$ 3196.98,100
217,09:47:30,$ 3197.33,100
218,09:47:30,$ 3197.20,100
219,09:47:29,$ 3196.86,100
220,09:47:29,$ 3197.19,100
221,09:47:26,$ 3196.25,100
222,09:47:25,$ 3196.587,100
223,09:47:23,$ 3196.41,100
224,09:47:22,$ 3196.12,100
225,09:47:22,$ 3195.72,190
226,09:47:22,$ 3195.71,100
227,09:47:13,$ 3196.25,100
228,09:47:11,$ 3194.635,100
229,09:47:08,$ 3195.02,100
230,09:47:08,$ 3194.26,100
232,09:47:08,$ 3194.55,100
233,09:47:08,$ 3195.38,100
234,09:47:08,$ 3195.38,100
235,09:47:08,$ 3195.38,100
236,09:47:08,$ 3194.33,100
237,09:47:08,$ 3194.59,100
238,09:47:08,$ 3194.33,100
239,09:47:08,$ 3194.39,100
240,09:47:08,$ 3194.39,100
241,09:47:08,$ 3193.935,100
242,09:47:08,$ 3193.15,174
243,09:47:08,$ 3193.339,350
244,09:47:07,$ 3193.95,100
245,09:47:00,$ 3194.57,100
246,09:46:58,$ 3194.68,100
247,09:46:58,$ 3195.05,107
248,09:46:54,$ 3195.10,100
249,09:46:51,$ 3195.74,100
250,09:46:51,$ 3195.71,100
251,09:46:42,$ 3194.68,100
253,09:46:29,$ 3194.51,141
254,09:46:23,$ 3194.02,100
255,09:46:23,$ 3193.97,100
256,09:46:23,$ 3193.87,100
257,09:46:17,$ 3193.075,200
258,09:46:08,$ 3194.09,100
259,09:46:04,$ 3193.82,100
260,09:46:03,$ 3194.08,100
261,09:45:54,$ 3193.8787,608
262,09:45:52,$ 3194.64,100
263,09:45:52,$ 3194.64,204
264,09:45:51,$ 3194.06,100
265,09:45:46,$ 3194.046,100
266,09:45:43,$ 3193.98,100
267,09:45:34,$ 3193.23,100
268,09:45:27,$ 3192.513,287
269,09:45:27,$ 3192.38,100
270,09:45:10,$ 3191.93,100
271,09:45:10,$ 3191.65,100
272,09:45:05,$ 3191.00,298
274,09:45:05,$ 3191.00,100
275,09:45:05,$ 3191.00,100
276,09:45:05,$ 3191.05,157
277,09:45:04,$ 3191.07,100
278,09:45:02,$ 3191.3441,100
279,09:45:02,$ 3191.65,100
280,09:45:01,$ 3192.00,153
281,09:44:56,$ 3192.96,197
282,09:44:56,$ 3192.95,200
283,09:44:54,$ 3193.16,100
284,09:44:53,$ 3193.60,100
285,09:44:45,$ 3193.34,100
286,09:44:43,$ 3193.9463,200
287,09:44:39,$ 3193.00,138
288,09:44:39,$ 3193.00,100
289,09:44:38,$ 3193.21,100
290,09:44:31,$ 3194.766,100
291,09:44:31,$ 3195.00,100
292,09:44:22,$ 3195.16,100
293,09:44:21,$ 3194.335,200
295,09:44:15,$ 3194.00,100
296,09:44:02,$ 3197.20,100
297,09:44:02,$ 3196.91,100
298,09:44:02,$ 3196.72,100
299,09:44:00,$ 3195.925,100
300,09:43:58,$ 3196.12,150
301,09:43:58,$ 3195.89,100
302,09:43:58,$ 3195.88,100
303,09:43:58,$ 3194.0101,"1,500"
304,09:43:55,$ 3195.37,100
305,09:43:53,$ 3195.22,100
306,09:43:51,$ 3194.63,100
307,09:43:51,$ 3194.63,100
308,09:43:47,$ 3193.315,100
309,09:43:45,$ 3193.32,200
310,09:43:44,$ 3193.75,100
311,09:43:44,$ 3193.7499,100
312,09:43:41,$ 3192.865,100
313,09:43:37,$ 3193.67,100
314,09:43:37,$ 3193.66,100
316,09:43:37,$ 3193.54,100
317,09:43:30,$ 3192.01,100
318,09:43:30,$ 3192.00,142
319,09:43:30,$ 3192.00,100
320,09:43:30,$ 3192.22,100
321,09:43:28,$ 3193.02,100
322,09:43:25,$ 3193.99,100
323,09:43:24,$ 3194.28,100
324,09:43:16,$ 3194.99,100
325,09:43:16,$ 3194.45,100
326,09:43:16,$ 3194.45,100
327,09:43:16,$ 3193.95,200
328,09:43:15,$ 3193.3611,100
329,09:43:15,$ 3193.54,100
330,09:43:14,$ 3193.13,100
331,09:43:11,$ 3194.06,100
332,09:43:09,$ 3193.82,100
333,09:43:01,$ 3193.13,100
334,09:42:57,$ 3195.1167,100
335,09:42:57,$ 3194.0501,221
337,09:42:56,$ 3194.06,100
338,09:42:51,$ 3194.385,100
339,09:42:50,$ 3193.1801,100
340,09:42:41,$ 3194.01,269
341,09:42:41,$ 3194.01,110
342,09:42:41,$ 3193.57,100
343,09:42:41,$ 3193.70,100
344,09:42:41,$ 3193.93,100
345,09:42:41,$ 3193.96,100
346,09:42:41,$ 3193.17,100
347,09:42:41,$ 3193.17,100
348,09:42:35,$ 3193.3498,200
349,09:42:32,$ 3193.51,250
350,09:42:32,$ 3193.51,129
351,09:42:32,$ 3193.51,198
352,09:42:32,$ 3193.51,423
353,09:42:27,$ 3193.83,100
354,09:42:25,$ 3195.2071,100
355,09:42:25,$ 3194.58,100
356,09:42:16,$ 3194.26,200
358,09:42:16,$ 3194.50,300
359,09:42:16,$ 3194.60,100
360,09:42:15,$ 3195.275,101
361,09:42:14,$ 3194.8096,100
362,09:42:09,$ 3195.50,100
363,09:42:09,$ 3195.50,200
364,09:42:09,$ 3194.75,100
365,09:42:09,$ 3194.77,100
366,09:42:09,$ 3194.77,100
367,09:42:09,$ 3194.36,100
368,09:42:07,$ 3194.6262,300
369,09:42:07,$ 3193.435,204
370,09:42:07,$ 3193.48,100
371,09:42:06,$ 3193.865,100
372,09:42:06,$ 3193.78,100
373,09:42:05,$ 3192.165,100
374,09:42:05,$ 3192.68,100
375,09:42:05,$ 3192.57,100
376,09:42:05,$ 3192.165,100
377,09:42:05,$ 3194.08,100
379,09:42:05,$ 3194.05,100
380,09:42:05,$ 3194.74,100
381,09:42:05,$ 3195.01,100
382,09:42:05,$ 3195.00,128
383,09:42:05,$ 3195.00,167
384,09:42:05,$ 3195.00,222
385,09:42:04,$ 3195.51,125
386,09:42:04,$ 3195.26,100
387,09:41:52,$ 3197.455,400
388,09:41:49,$ 3197.07,100
389,09:41:49,$ 3197.11,100
390,09:41:49,$ 3197.33,340
391,09:41:49,$ 3198.00,156
392,09:41:49,$ 3198.01,100
393,09:41:45,$ 3198.00,100
394,09:41:44,$ 3198.05,100
395,09:41:42,$ 3198.01,400
396,09:41:42,$ 3198.59,100
397,09:41:34,$ 3198.71,150
398,09:41:33,$ 3199.88,175
400,09:41:33,$ 3199.345,400
401,09:41:31,$ 3199.19,199
402,09:41:19,$ 3197.60,100
403,09:41:09,$ 3197.34,400
404,09:41:09,$ 3197.00,100
405,09:41:08,$ 3199.7037,500
406,09:41:06,$ 3198.00,500
407,09:41:00,$ 3198.10,100
408,09:40:48,$ 3198.40,100
409,09:40:43,$ 3198.72,102
410,09:40:41,$ 3198.035,100
411,09:40:34,$ 3198.59,100
412,09:40:29,$ 3199.7327,"1,000"
413,09:40:27,$ 3198.24,100
414,09:40:23,$ 3198.64,100
415,09:40:20,$ 3198.45,100
416,09:40:20,$ 3197.64,100
417,09:40:08,$ 3197.00,258
418,09:40:08,$ 3197.00,100
419,09:40:07,$ 3199.24,"1,000"
421,09:40:03,$ 3199.53,100
422,09:40:02,$ 3200.305,100
423,09:40:00,$ 3200.01,100
424,09:39:57,$ 3199.93,100
425,09:39:57,$ 3200.00,100
426,09:39:57,$ 3200.26,100
427,09:39:57,$ 3200.37,100
428,09:39:48,$ 3199.43,100
429,09:39:37,$ 3198.39,100
430,09:39:28,$ 3197.695,100
431,09:39:23,$ 3197.1873,300
432,09:39:22,$ 3197.14,100
433,09:39:21,$ 3198.2975,100
434,09:39:21,$ 3198.06,100
435,09:39:18,$ 3198.675,100
436,09:39:12,$ 3198.515,100
437,09:39:12,$ 3197.80,100
438,09:39:07,$ 3198.0366,387
439,09:39:07,$ 3199.434,250
440,09:39:07,$ 3199.2147,400
442,09:39:03,$ 3200.74,100
443,09:38:58,$ 3200.71,110
444,09:38:58,$ 3199.40,111
445,09:38:58,$ 3199.803,200
446,09:38:58,$ 3199.60,100
447,09:38:58,$ 3199.40,100
448,09:38:58,$ 3199.43,100
449,09:38:58,$ 3199.42,100
450,09:38:58,$ 3199.43,100
451,09:38:58,$ 3199.42,100
452,09:38:58,$ 3199.405,100
453,09:38:58,$ 3199.43,100
454,09:38:58,$ 3199.92,100
455,09:38:58,$ 3200.21,300
456,09:38:38,$ 3201.59,100
457,09:38:38,$ 3201.574,100
458,09:38:38,$ 3200.405,230
459,09:38:38,$ 3199.948,100
460,09:38:38,$ 3199.926,100
461,09:38:38,$ 3199.924,100
463,09:38:38,$ 3199.914,100
464,09:38:38,$ 3199.82,100
465,09:38:38,$ 3199.80,100
466,09:38:35,$ 3198.89,116
467,09:38:35,$ 3198.89,112
468,09:38:34,$ 3198.80,250
469,09:38:31,$ 3198.01,136
470,09:38:22,$ 3198.12,100
471,09:38:22,$ 3199.23,100
472,09:38:22,$ 3200.00,250
473,09:38:22,$ 3200.00,150
474,09:38:22,$ 3200.00,100
475,09:38:22,$ 3200.00,100
476,09:38:22,$ 3200.00,146
477,09:38:22,$ 3200.00,235
478,09:38:22,$ 3200.00,100
479,09:38:22,$ 3200.00,100
480,09:38:22,$ 3200.00,100
481,09:38:22,$ 3200.00,100
482,09:38:17,$ 3201.09,100
484,09:38:13,$ 3201.02,100
485,09:38:12,$ 3201.115,100
486,09:38:12,$ 3201.01,100
487,09:38:12,$ 3200.47,100
488,09:38:12,$ 3200.68,100
489,09:38:11,$ 3200.65,100
490,09:38:07,$ 3202.04,100
491,09:38:07,$ 3202.04,100
492,09:38:07,$ 3202.04,100
493,09:38:07,$ 3202.04,102
494,09:38:02,$ 3202.75,100
495,09:38:01,$ 3202.405,100
496,09:38:01,$ 3202.34,100
497,09:37:58,$ 3202.62,100
498,09:37:55,$ 3204.32,200
499,09:37:52,$ 3203.23,100
500,09:37:38,$ 3203.94,100
501,09:37:37,$ 3204.05,100
502,09:37:37,$ 3203.935,100
503,09:37:37,$ 3204.02,100
505,09:37:37,$ 3203.80,100
506,09:37:34,$ 3203.76,100
507,09:37:34,$ 3203.28,100
508,09:37:34,$ 3203.12,100
509,09:37:33,$ 3202.00,245
510,09:37:17,$ 3202.12,100
511,09:37:13,$ 3202.305,100
512,09:37:08,$ 3203.87,100
513,09:37:07,$ 3204.76,100
514,09:37:07,$ 3204.83,100
515,09:37:03,$ 3204.36,100
516,09:37:01,$ 3204.325,100
517,09:36:47,$ 3204.10,100
518,09:36:38,$ 3204.21,155
519,09:36:35,$ 3203.44,100
520,09:36:31,$ 3203.45,100
521,09:36:30,$ 3204.575,100
522,09:36:26,$ 3206.1399,150
523,09:36:24,$ 3204.795,100
524,09:36:24,$ 3205.00,250
526,09:36:24,$ 3205.01,100
527,09:36:21,$ 3206.20,100
528,09:36:19,$ 3206.20,100
529,09:36:08,$ 3207.035,100
530,09:36:04,$ 3207.00,100
531,09:36:02,$ 3208.72,100
532,09:36:02,$ 3208.01,100
533,09:35:58,$ 3209.07,542
534,09:35:58,$ 3208.53,100
535,09:35:57,$ 3208.38,100
536,09:35:51,$ 3207.79,100
537,09:35:51,$ 3207.66,100
538,09:35:50,$ 3207.00,100
539,09:35:49,$ 3207.00,225
540,09:35:48,$ 3208.125,100
541,09:35:47,$ 3208.80,100
542,09:35:42,$ 3208.10,100
543,09:35:29,$ 3210.18,100
544,09:35:28,$ 3210.00,100
545,09:35:28,$ 3209.93,100
547,09:35:19,$ 3208.905,100
548,09:35:16,$ 3207.65,100
549,09:35:16,$ 3208.17,100
550,09:35:14,$ 3208.16,100
551,09:35:12,$ 3209.40,100
552,09:35:12,$ 3209.09,100
553,09:35:10,$ 3209.09,100
554,09:35:08,$ 3209.115,100
555,09:35:07,$ 3209.14,100
556,09:35:07,$ 3209.12,252
557,09:35:05,$ 3209.12,100
558,09:35:03,$ 3208.82,100
559,09:35:03,$ 3209.14,100
560,09:35:00,$ 3209.145,100
561,09:35:00,$ 3208.10,100
562,09:35:00,$ 3208.10,100
563,09:35:00,$ 3208.38,100
564,09:35:00,$ 3208.38,130
565,09:35:00,$ 3209.10,100
566,09:35:00,$ 3209.00,100
568,09:34:59,$ 3210.769,100
569,09:34:58,$ 3211.175,100
570,09:34:51,$ 3210.105,100
571,09:34:50,$ 3210.38,100
572,09:34:31,$ 3208.92,100
573,09:34:19,$ 3208.10,100
574,09:34:12,$ 3209.61,100
575,09:34:11,$ 3209.495,100
576,09:34:06,$ 3208.03,100
577,09:34:06,$ 3208.03,100
578,09:34:06,$ 3208.03,100
579,09:34:05,$ 3208.02,100
580,09:34:00,$ 3210.94,100
581,09:34:00,$ 3209.61,100
582,09:33:59,$ 3207.00,300
583,09:33:57,$ 3207.81,370
584,09:33:57,$ 3207.81,137
585,09:33:51,$ 3207.935,100
586,09:33:51,$ 3207.84,100
587,09:33:50,$ 3207.95,100
589,09:33:45,$ 3211.10,179
590,09:33:45,$ 3211.10,100
591,09:33:44,$ 3208.929,206
592,09:33:36,$ 3209.9325,100
593,09:33:36,$ 3208.64,100
594,09:33:36,$ 3209.865,100
595,09:33:36,$ 3210.28,100
596,09:33:32,$ 3208.51,100
597,09:33:28,$ 3208.50,100
598,09:33:25,$ 3211.1227,249
599,09:33:25,$ 3209.9899,300
600,09:33:22,$ 3210.00,192
601,09:33:04,$ 3213.80,100
602,09:33:03,$ 3213.00,100
603,09:33:03,$ 3212.76,100
604,09:33:03,$ 3212.76,100
605,09:33:03,$ 3212.75,100
606,09:32:46,$ 3210.42,100
607,09:32:46,$ 3210.01,100
608,09:32:43,$ 3209.05,100
610,09:32:43,$ 3208.48,100
611,09:32:43,$ 3208.23,100
612,09:32:41,$ 3207.00,200
613,09:32:41,$ 3207.00,100
614,09:32:28,$ 3207.29,100
615,09:32:27,$ 3207.89,100
616,09:32:25,$ 3206.91,100
617,09:32:22,$ 3208.86,100
618,09:32:21,$ 3206.52,100
619,09:32:15,$ 3206.025,100
620,09:32:11,$ 3208.40,100
621,09:32:09,$ 3209.81,100
622,09:32:09,$ 3210.11,400
623,09:32:02,$ 3210.0795,279
624,09:32:02,$ 3210.75,100
625,09:32:00,$ 3211.825,100
626,09:31:46,$ 3210.43,100
627,09:31:45,$ 3210.43,100
628,09:31:37,$ 3212.76,300
629,09:31:37,$ 3212.77,100
631,09:31:37,$ 3212.89,200
632,09:31:26,$ 3208.80,247
633,09:31:22,$ 3207.15,100
634,09:31:08,$ 3207.14,100
635,09:31:08,$ 3208.13,140
636,09:31:02,$ 3209.40,100
637,09:31:01,$ 3211.23,100
638,09:30:55,$ 3210.61,100
639,09:30:55,$ 3212.9115,"2,000"
640,09:30:54,$ 3211.40,100
641,09:30:54,$ 3211.40,100
642,09:30:54,$ 3211.36,100
643,09:30:54,$ 3212.90,100
644,09:30:48,$ 3211.515,100
645,09:30:46,$ 3209.25,100
646,09:30:38,$ 3208.80,100
647,09:30:28,$ 3208.045,100
648,09:30:28,$ 3204.4617,232
649,09:30:27,$ 3207.3928,144
650,09:30:22,$ 3209.90,100
652,09:30:19,$ 3208.425,100
653,09:30:19,$ 3208.425,100
654,09:30:18,$ 3211.51,100
655,09:30:17,$ 3212.90,"1,000"
656,09:30:17,$ 3210.35,100
657,09:30:17,$ 3210.295,100
658,09:30:17,$ 3210.40,100
659,09:30:16,$ 3208.20,100
660,09:30:15,$ 3211.505,100
661,09:30:14,$ 3209.0489,300
662,09:30:12,$ 3210.10,100
663,09:30:12,$ 3210.12,100
664,09:30:09,$ 3211.62,100
665,09:30:09,$ 3212.899,469
666,09:30:09,$ 3212.77,100
667,09:30:09,$ 3212.00,100
668,09:30:09,$ 3211.45,100
669,09:30:07,$ 3206.105,100
670,09:30:07,$ 3205.565,100
671,09:30:07,$ 3206.115,100
673,09:30:05,$ 3207.652,100
674,09:30:05,$ 3208.0225,100
675,09:30:05,$ 3207.80,100
676,09:30:04,$ 3203.83,100
677,09:30:03,$ 3207.385,101
678,09:30:01,$ 3205.365,100
679,09:30:01,$ 3204.23,1
680,09:30:01,$ 3204.23,1
681,09:30:01,$ 3204.23,1
682,09:30:01,$ 3204.23,1
683,09:30:01,$ 3204.23,2
684,09:30:01,$ 3204.23,6
685,09:30:01,$ 3204.23,1
686,09:30:01,$ 3204.23,1
687,09:30:01,$ 3204.23,2
688,09:30:01,$ 3204.23,2
689,09:30:01,$ 3204.23,1
690,09:30:01,$ 3204.23,3
691,09:30:01,$ 3204.23,1
692,09:30:01,$ 3204.23,10
694,09:30:01,$ 3204.23,10
695,09:30:01,$ 3204.23,24
696,09:30:01,$ 3204.23,9
697,09:30:01,$ 3204.23,1
698,09:30:01,$ 3204.23,3
699,09:30:01,$ 3204.23,5
700,09:30:01,$ 3204.23,1
701,09:30:01,$ 3204.23,1
702,09:30:01,$ 3204.23,1
703,09:30:01,$ 3204.23,1
704,09:30:01,$ 3204.23,1
705,09:30:01,$ 3204.23,1
706,09:30:01,$ 3204.23,1
707,09:30:01,$ 3204.23,1
708,09:30:01,$ 3204.23,1
709,09:30:01,$ 3204.23,3
710,09:30:01,$ 3204.23,1
711,09:30:01,$ 3204.23,1
712,09:30:01,$ 3204.23,2
713,09:30:01,$ 3204.23,1
715,09:30:01,$ 3204.23,13
716,09:30:01,$ 3204.23,25
717,09:30:01,$ 3204.23,2
718,09:30:01,$ 3204.23,1
719,09:30:01,$ 3204.23,1
720,09:30:01,$ 3204.23,2
721,09:30:01,$ 3204.23,20
722,09:30:01,$ 3204.23,1
723,09:30:01,$ 3204.23,10
724,09:30:01,$ 3204.23,2
725,09:30:01,$ 3204.23,2
726,09:30:01,$ 3204.23,2
727,09:30:01,$ 3204.23,5
728,09:30:01,$ 3204.23,3
729,09:30:01,$ 3204.23,2
730,09:30:01,$ 3204.23,2
731,09:30:01,$ 3204.23,2
732,09:30:01,$ 3204.23,4
733,09:30:01,$ 3204.23,1
734,09:30:01,$ 3204.23,3
736,09:30:01,$ 3204.23,1
737,09:30:01,$ 3204.23,5
738,09:30:01,$ 3204.23,1
739,09:30:01,$ 3204.23,3
740,09:30:01,$ 3204.23,5
741,09:30:01,$ 3204.23,30
742,09:30:01,$ 3204.23,128
743,09:30:01,$ 3204.23,1
744,09:30:01,$ 3204.23,53
745,09:30:01,$ 3204.23,38
746,09:30:01,$ 3204.23,19
747,09:30:01,$ 3204.23,4
748,09:30:01,$ 3204.23,2
749,09:30:01,$ 3204.23,95
750,09:30:01,$ 3204.23,10
751,09:30:01,$ 3204.23,309
752,09:30:01,$ 3204.23,8
753,09:30:01,$ 3204.23,3
754,09:30:01,$ 3204.23,90
755,09:30:01,$ 3204.23,2
757,09:30:01,$ 3204.23,8
758,09:30:01,$ 3204.23,5
759,09:30:01,$ 3204.23,6
760,09:30:01,$ 3204.23,2
761,09:30:01,$ 3204.23,4
762,09:30:01,$ 3204.23,5
763,09:30:01,$ 3204.23,2
764,09:30:01,$ 3204.23,45
765,09:30:01,$ 3204.23,1
766,09:30:01,$ 3204.23,2
767,09:30:01,$ 3204.23,2
768,09:30:01,$ 3204.23,1
769,09:30:01,$ 3204.23,4
770,09:30:01,$ 3204.23,5
771,09:30:01,$ 3204.23,4
772,09:30:01,$ 3204.23,2
773,09:30:01,$ 3204.23,12
774,09:30:01,$ 3204.23,1
775,09:30:01,$ 3204.23,15
776,09:30:01,$ 3204.23,20
778,09:30:01,$ 3204.23,13
779,09:30:01,$ 3204.23,3
780,09:30:01,$ 3204.23,2
781,09:30:01,$ 3204.23,3
782,09:30:01,$ 3204.23,2
783,09:30:01,$ 3204.23,5
784,09:30:01,$ 3204.23,3
785,09:30:01,$ 3204.23,1
786,09:30:01,$ 3204.23,5
787,09:30:01,$ 3204.23,3
788,09:30:01,$ 3204.23,3
789,09:30:01,$ 3204.23,3
790,09:30:01,$ 3204.23,1
791,09:30:01,$ 3204.23,1
792,09:30:01,$ 3204.23,49
793,09:30:01,$ 3204.23,1
794,09:30:01,$ 3204.23,2
795,09:30:01,$ 3204.23,10
796,09:30:01,$ 3204.23,2
797,09:30:01,$ 3204.23,8
799,09:30:01,$ 3204.23,3
800,09:30:01,$ 3204.23,56
801,09:30:01,$ 3204.23,41
802,09:30:01,$ 3204.23,10
803,09:30:01,$ 3204.23,3
804,09:30:01,$ 3204.23,27
805,09:30:01,$ 3204.23,4
806,09:30:01,$ 3204.23,10
807,09:30:01,$ 3204.23,3
808,09:30:01,$ 3204.23,2
809,09:30:01,$ 3204.23,29
810,09:30:01,$ 3204.23,8
811,09:30:01,$ 3204.23,3
812,09:30:01,$ 3204.23,9
813,09:30:01,$ 3204.23,15
814,09:30:01,$ 3204.23,1
815,09:30:01,$ 3204.23,4
816,09:30:01,$ 3204.23,1
817,09:30:01,$ 3204.23,1
818,09:30:01,$ 3204.23,1
820,09:30:01,$ 3204.23,2
821,09:30:01,$ 3204.23,131
822,09:30:01,$ 3204.23,36
823,09:30:01,$ 3204.23,1
824,09:30:01,$ 3204.23,1
825,09:30:01,$ 3204.23,2
826,09:30:01,$ 3204.23,4
827,09:30:01,$ 3204.23,1
828,09:30:01,$ 3204.23,5
829,09:30:01,$ 3204.23,7
830,09:30:01,$ 3204.23,32
831,09:30:01,$ 3204.23,4
832,09:30:01,$ 3204.23,1
833,09:30:01,$ 3204.23,2
834,09:30:01,$ 3204.23,2
835,09:30:01,$ 3204.23,1
836,09:30:01,$ 3204.23,6
837,09:30:01,$ 3204.23,5
838,09:30:01,$ 3204.23,3
839,09:30:01,$ 3204.23,1
841,09:30:01,$ 3204.23,5
842,09:30:01,$ 3204.23,15
843,09:30:01,$ 3204.23,1
844,09:30:01,$ 3204.23,1
845,09:30:01,$ 3204.23,5
846,09:30:01,$ 3204.23,3
847,09:30:01,$ 3204.23,5
848,09:30:01,$ 3204.23,2
849,09:30:01,$ 3204.23,30
850,09:30:01,$ 3204.23,22
851,09:30:01,$ 3204.23,30
852,09:30:01,$ 3204.23,3
853,09:30:01,$ 3204.23,6
854,09:30:01,$ 3204.23,1
855,09:30:01,$ 3204.23,15
856,09:30:01,$ 3204.23,6
857,09:30:01,$ 3204.23,2
858,09:30:01,$ 3204.23,4
859,09:30:01,$ 3204.23,11
860,09:30:01,$ 3204.23,2
862,09:30:01,$ 3204.23,1
863,09:30:01,$ 3204.23,1
864,09:30:01,$ 3204.23,1
865,09:30:01,$ 3204.23,34
866,09:30:01,$ 3204.23,5
867,09:30:01,$ 3204.23,3
868,09:30:01,$ 3204.23,1
869,09:30:01,$ 3204.23,3
870,09:30:01,$ 3204.23,2
871,09:30:01,$ 3204.23,1
872,09:30:01,$ 3204.23,5
873,09:30:01,$ 3204.23,1
874,09:30:01,$ 3204.23,1
875,09:30:01,$ 3204.23,1
876,09:30:01,$ 3204.23,1
877,09:30:01,$ 3204.23,4
878,09:30:01,$ 3204.23,1
879,09:30:01,$ 3204.23,2
880,09:30:01,$ 3204.23,1
881,09:30:01,$ 3204.23,3
883,09:30:01,$ 3204.23,1
884,09:30:01,$ 3204.23,1
885,09:30:01,$ 3204.23,2
886,09:30:01,$ 3204.23,1
887,09:30:01,$ 3204.23,2
888,09:30:01,$ 3204.23,1
889,09:30:01,$ 3204.23,4
890,09:30:01,$ 3204.23,1
891,09:30:01,$ 3204.23,2
892,09:30:01,$ 3204.23,1
893,09:30:01,$ 3204.23,6
894,09:30:01,$ 3204.23,2
895,09:30:01,$ 3204.23,1
896,09:30:01,$ 3204.23,1
897,09:30:01,$ 3204.23,1
898,09:30:01,$ 3204.23,1
899,09:30:01,$ 3204.23,1
900,09:30:01,$ 3204.23,4
901,09:30:01,$ 3204.23,5
902,09:30:01,$ 3204.23,10
904,09:30:01,$ 3204.23,1
905,09:30:01,$ 3204.23,1
906,09:30:01,$ 3204.23,10
907,09:30:01,$ 3204.23,2
908,09:30:01,$ 3204.23,1
909,09:30:01,$ 3204.23,1
910,09:30:01,$ 3204.23,2
911,09:30:01,$ 3204.23,1
912,09:30:01,$ 3204.23,2
913,09:30:01,$ 3204.23,1
914,09:30:01,$ 3204.23,1
915,09:30:01,$ 3204.23,1
916,09:30:01,$ 3204.23,3
917,09:30:01,$ 3204.23,142
918,09:30:01,$ 3204.23,142
919,09:30:01,$ 3204.23,72
920,09:30:01,$ 3204.23,100
921,09:30:01,$ 3204.23,1
922,09:30:01,$ 3204.23,1
923,09:30:01,$ 3204.23,1
925,09:30:01,$ 3204.23,7
926,09:30:01,$ 3204.23,3
927,09:30:01,$ 3204.23,1
928,09:30:01,$ 3204.23,1
929,09:30:01,$ 3204.23,1
930,09:30:01,$ 3204.23,1
931,09:30:01,$ 3204.23,1
932,09:30:01,$ 3204.23,2
933,09:30:01,$ 3204.23,1
934,09:30:01,$ 3204.23,1
935,09:30:01,$ 3204.23,4
936,09:30:01,$ 3204.23,3
937,09:30:01,$ 3204.23,1
938,09:30:01,$ 3204.23,14
939,09:30:01,$ 3204.23,3
940,09:30:01,$ 3204.23,15
941,09:30:01,$ 3204.23,1
942,09:30:01,$ 3204.23,1
943,09:30:01,$ 3204.23,1
944,09:30:01,$ 3204.23,2
946,09:30:01,$ 3204.23,2
947,09:30:01,$ 3204.23,9
948,09:30:01,$ 3204.23,1
949,09:30:01,$ 3204.23,4
950,09:30:01,$ 3204.23,2
951,09:30:01,$ 3204.23,1
952,09:30:01,$ 3204.23,5
953,09:30:01,$ 3204.23,1
954,09:30:01,$ 3204.23,1
955,09:30:01,$ 3204.23,2
956,09:30:01,$ 3204.23,1
957,09:30:01,$ 3204.23,1
958,09:30:01,$ 3204.23,1
959,09:30:01,$ 3204.23,3
960,09:30:01,$ 3204.23,5
961,09:30:01,$ 3204.23,15
962,09:30:01,$ 3204.23,20
963,09:30:01,$ 3204.23,1
964,09:30:01,$ 3204.23,2
965,09:30:01,$ 3204.23,1
967,09:30:01,$ 3204.23,2
968,09:30:01,$ 3204.23,1
969,09:30:01,$ 3204.23,3
970,09:30:01,$ 3204.23,2
971,09:30:01,$ 3204.23,1
972,09:30:01,$ 3204.23,1
973,09:30:01,$ 3204.23,3
974,09:30:01,$ 3204.23,1
975,09:30:01,$ 3204.23,15
976,09:30:01,$ 3204.23,1
977,09:30:01,$ 3204.23,2
978,09:30:01,$ 3204.23,23
979,09:30:01,$ 3204.23,1
980,09:30:01,$ 3204.23,5
981,09:30:01,$ 3204.23,1
982,09:30:01,$ 3204.23,10
983,09:30:01,$ 3204.23,7
984,09:30:01,$ 3204.23,1
985,09:30:01,$ 3204.23,1
986,09:30:01,$ 3204.23,1
988,09:30:01,$ 3204.23,31
989,09:30:01,$ 3204.23,31
990,09:30:01,$ 3204.23,12
991,09:30:01,$ 3204.23,41
992,09:30:01,$ 3204.23,2
993,09:30:01,$ 3204.23,3
994,09:30:01,$ 3204.23,4
995,09:30:01,$ 3204.23,23
996,09:30:01,$ 3204.23,5
997,09:30:01,$ 3204.23,1
998,09:30:01,$ 3204.23,3
999,09:30:01,$ 3204.23,3
1000,09:30:01,$ 3204.23,2
1001,09:30:01,$ 3204.23,1
1002,09:30:01,$ 3204.23,20
1003,09:30:01,$ 3204.23,30
1004,09:30:01,$ 3204.23,1
1005,09:30:01,$ 3204.23,2
1006,09:30:01,$ 3204.23,1
1007,09:30:01,$ 3204.23,1
1009,09:30:01,$ 3204.23,1
1010,09:30:01,$ 3204.23,1
1011,09:30:01,$ 3204.23,1
1012,09:30:01,$ 3204.23,3
1013,09:30:01,$ 3204.23,2
1014,09:30:01,$ 3204.23,1
1015,09:30:01,$ 3204.23,8
1016,09:30:01,$ 3204.23,2
1017,09:30:01,$ 3204.23,1
1018,09:30:01,$ 3204.23,1
1019,09:30:01,$ 3204.23,2
1020,09:30:01,$ 3204.23,1
1021,09:30:01,$ 3204.23,2
1022,09:30:01,$ 3204.23,1
1023,09:30:01,$ 3204.23,5
1024,09:30:01,$ 3204.23,5
1025,09:30:01,$ 3204.23,2
1026,09:30:01,$ 3204.23,1
1027,09:30:01,$ 3204.23,148
1028,09:30:01,$ 3204.23,145
1030,09:30:01,$ 3204.23,2
1031,09:30:01,$ 3204.23,15
1032,09:30:01,$ 3204.23,1
1033,09:30:01,$ 3204.23,2
1034,09:30:01,$ 3204.23,2
1035,09:30:01,$ 3204.23,1
1036,09:30:01,$ 3204.23,1
1037,09:30:01,$ 3204.23,6
1038,09:30:01,$ 3204.23,1
1039,09:30:01,$ 3204.23,2
1040,09:30:01,$ 3204.23,2
1041,09:30:01,$ 3204.23,250
1042,09:30:01,$ 3204.23,15
1043,09:30:01,$ 3204.23,1
1044,09:30:01,$ 3204.23,4
1045,09:30:01,$ 3204.23,15
1046,09:30:01,$ 3204.23,13
1047,09:30:01,$ 3204.23,8
1048,09:30:01,$ 3204.23,2
1049,09:30:01,$ 3204.23,2
1051,09:30:01,$ 3204.23,1
1052,09:30:01,$ 3204.23,10
1053,09:30:01,$ 3204.23,1
1054,09:30:01,$ 3204.23,2
1055,09:30:01,$ 3204.23,2
1056,09:30:01,$ 3204.23,3
1057,09:30:01,$ 3204.23,10
1058,09:30:01,$ 3204.23,1
1059,09:30:01,$ 3204.23,3
1060,09:30:01,$ 3204.23,1
1061,09:30:01,$ 3204.23,2
1062,09:30:01,$ 3204.23,4
1063,09:30:01,$ 3204.23,2
1064,09:30:01,$ 3204.23,2
1065,09:30:01,$ 3204.23,15
1066,09:30:01,$ 3204.23,1
1067,09:30:01,$ 3204.23,1
1068,09:30:01,$ 3204.23,1
1069,09:30:01,$ 3204.23,1
1070,09:30:01,$ 3204.23,3
1072,09:30:01,$ 3204.23,2
1073,09:30:01,$ 3204.23,1
1074,09:30:01,$ 3204.23,1
1075,09:30:01,$ 3204.23,3
1076,09:30:01,$ 3204.23,1
1077,09:30:01,$ 3204.23,3
1078,09:30:01,$ 3204.23,3
1079,09:30:01,$ 3204.23,3
1080,09:30:01,$ 3204.23,1
1081,09:30:01,$ 3204.23,2
1082,09:30:01,$ 3204.23,3
1083,09:30:01,$ 3204.23,9
1084,09:30:01,$ 3204.23,1
1085,09:30:01,$ 3204.23,1
1086,09:30:01,$ 3204.23,3
1087,09:30:01,$ 3204.23,1
1088,09:30:01,$ 3204.23,30
1089,09:30:01,$ 3204.23,15
1090,09:30:01,$ 3204.23,1
1091,09:30:01,$ 3204.23,7
1093,09:30:01,$ 3204.23,12
1094,09:30:01,$ 3204.23,1
1095,09:30:01,$ 3204.23,1
1096,09:30:01,$ 3204.23,1
1097,09:30:01,$ 3204.23,1
1098,09:30:01,$ 3204.23,1
1099,09:30:01,$ 3204.23,2
1100,09:30:01,$ 3204.23,1
1101,09:30:01,$ 3204.23,6
1102,09:30:01,$ 3204.23,1
1103,09:30:01,$ 3204.23,2
1104,09:30:01,$ 3204.23,1
1105,09:30:01,$ 3204.23,5
1106,09:30:01,$ 3204.23,3
1107,09:30:01,$ 3204.23,12
1108,09:30:01,$ 3204.23,53
1109,09:30:01,$ 3204.23,20
1110,09:30:01,$ 3204.23,46
1111,09:30:01,$ 3204.23,2
1112,09:30:01,$ 3204.23,1
1114,09:30:01,$ 3204.23,1
1115,09:30:01,$ 3204.23,5
1116,09:30:01,$ 3204.23,1
1117,09:30:01,$ 3204.23,1
1118,09:30:01,$ 3204.23,1
1119,09:30:01,$ 3204.23,1
1120,09:30:01,$ 3204.23,21
1121,09:30:01,$ 3204.23,3
1122,09:30:01,$ 3204.23,3
1123,09:30:01,$ 3204.23,1
1124,09:30:01,$ 3204.23,20
1125,09:30:01,$ 3204.23,1
1126,09:30:01,$ 3204.23,10
1127,09:30:01,$ 3204.23,1
1128,09:30:01,$ 3204.23,3
1129,09:30:01,$ 3204.23,3
1130,09:30:01,$ 3204.23,7
1131,09:30:01,$ 3204.23,1
1132,09:30:01,$ 3204.23,1
1133,09:30:01,$ 3204.23,2
1135,09:30:01,$ 3204.23,2
1136,09:30:01,$ 3204.23,2
1137,09:30:01,$ 3204.23,1
1138,09:30:01,$ 3204.23,2
1139,09:30:01,$ 3204.23,4
1140,09:30:01,$ 3204.23,2
1141,09:30:01,$ 3204.23,10
1142,09:30:01,$ 3204.23,1
1143,09:30:01,$ 3204.23,2
1144,09:30:01,$ 3204.23,1
1145,09:30:01,$ 3204.23,1
1146,09:30:01,$ 3204.23,25
1147,09:30:01,$ 3204.23,3
1148,09:30:01,$ 3204.23,1
1149,09:30:01,$ 3204.23,2
1150,09:30:01,$ 3204.23,2
1151,09:30:01,$ 3204.23,5
1152,09:30:01,$ 3204.23,2
1153,09:30:01,$ 3204.23,1
1154,09:30:01,$ 3204.23,2
1156,09:30:01,$ 3204.23,3
1157,09:30:01,$ 3204.23,5
1158,09:30:01,$ 3204.23,2
1159,09:30:01,$ 3204.23,3
1160,09:30:01,$ 3204.23,9
1161,09:30:01,$ 3204.23,8
1162,09:30:01,$ 3204.23,2
1163,09:30:01,$ 3204.23,1
1164,09:30:01,$ 3204.23,1
1165,09:30:01,$ 3204.23,1
1166,09:30:01,$ 3204.23,2
1167,09:30:01,$ 3204.23,1
1168,09:30:01,$ 3204.23,1
1169,09:30:01,$ 3204.23,5
1170,09:30:01,$ 3204.23,9
1171,09:30:01,$ 3204.23,3
1172,09:30:01,$ 3204.23,1
1173,09:30:01,$ 3204.23,1
1174,09:30:01,$ 3204.23,2
1175,09:30:01,$ 3204.23,4
1177,09:30:01,$ 3204.23,10
1178,09:30:01,$ 3204.23,8
1179,09:30:01,$ 3204.23,3
1180,09:30:01,$ 3204.23,3
1181,09:30:01,$ 3204.23,1
1182,09:30:01,$ 3204.23,7
1183,09:30:01,$ 3204.23,275
1184,09:30:01,$ 3204.23,6
1185,09:30:01,$ 3204.23,8
1186,09:30:01,$ 3204.23,15
1187,09:30:01,$ 3204.23,1
1188,09:30:01,$ 3204.23,1
1189,09:30:01,$ 3204.23,6
1190,09:30:01,$ 3204.23,1
1191,09:30:01,$ 3204.23,5
1192,09:30:01,$ 3204.23,3
1193,09:30:01,$ 3204.23,125
1194,09:30:01,$ 3204.23,1
1195,09:30:01,$ 3204.23,8
1196,09:30:01,$ 3204.23,1
1198,09:30:01,$ 3204.23,6
1199,09:30:01,$ 3204.23,1
1200,09:30:01,$ 3204.23,1
1201,09:30:01,$ 3204.23,1
1202,09:30:01,$ 3204.23,1
1203,09:30:01,$ 3204.23,2
1204,09:30:01,$ 3204.23,2
1205,09:30:01,$ 3204.23,1
1206,09:30:01,$ 3204.23,1
1207,09:30:01,$ 3204.23,1
1208,09:30:01,$ 3204.23,30
1209,09:30:01,$ 3204.23,10
1210,09:30:01,$ 3204.23,2
1211,09:30:01,$ 3204.23,5
1212,09:30:01,$ 3204.23,1
1213,09:30:01,$ 3204.23,1
1214,09:30:01,$ 3204.23,1
1215,09:30:01,$ 3204.23,3
1216,09:30:01,$ 3204.23,6
1217,09:30:01,$ 3204.23,3
1219,09:30:01,$ 3204.23,3
1220,09:30:01,$ 3204.23,2
1221,09:30:01,$ 3204.23,6
1222,09:30:01,$ 3204.23,1
1223,09:30:01,$ 3204.23,10
1224,09:30:01,$ 3204.23,4
1225,09:30:01,$ 3204.23,1
1226,09:30:01,$ 3204.23,1
1227,09:30:01,$ 3204.23,1
1228,09:30:01,$ 3204.23,1
1229,09:30:01,$ 3204.23,1
1230,09:30:01,$ 3204.23,3
1231,09:30:01,$ 3204.23,6
1232,09:30:01,$ 3204.23,2
1233,09:30:01,$ 3204.23,1
1234,09:30:01,$ 3204.23,1
1235,09:30:01,$ 3204.23,3
1236,09:30:01,$ 3204.23,5
1237,09:30:01,$ 3204.23,2
1238,09:30:01,$ 3204.23,1
1240,09:30:01,$ 3204.23,2
1241,09:30:01,$ 3204.23,2
1242,09:30:01,$ 3204.23,2
1243,09:30:01,$ 3204.23,4
1244,09:30:01,$ 3204.23,150
1245,09:30:01,$ 3204.23,3
1246,09:30:01,$ 3204.23,1
1247,09:30:01,$ 3204.23,1
1248,09:30:01,$ 3204.23,1
1249,09:30:01,$ 3204.23,3
1250,09:30:01,$ 3204.23,2
1251,09:30:01,$ 3204.23,2
1252,09:30:01,$ 3204.23,3
1253,09:30:01,$ 3204.23,1
1254,09:30:01,$ 3204.23,2
1255,09:30:01,$ 3204.23,3
1256,09:30:01,$ 3204.23,2
1257,09:30:01,$ 3204.23,2
1258,09:30:01,$ 3204.23,24
1259,09:30:01,$ 3204.23,1
1261,09:30:01,$ 3204.23,6
1262,09:30:01,$ 3204.23,1
1263,09:30:01,$ 3204.23,1
1264,09:30:01,$ 3204.23,1
1265,09:30:01,$ 3204.23,2
1266,09:30:01,$ 3204.23,1
1267,09:30:01,$ 3204.23,2
1268,09:30:01,$ 3204.23,16
1269,09:30:01,$ 3204.23,26
1270,09:30:01,$ 3204.23,3
1271,09:30:01,$ 3204.23,1
1272,09:30:01,$ 3204.23,3
1273,09:30:01,$ 3204.23,2
1274,09:30:01,$ 3204.23,1
1275,09:30:01,$ 3204.23,8
1276,09:30:01,$ 3204.23,3
1277,09:30:01,$ 3204.23,10
1278,09:30:01,$ 3204.23,75
1279,09:30:01,$ 3204.23,1
1280,09:30:01,$ 3204.23,1
1282,09:30:01,$ 3204.23,1
1283,09:30:01,$ 3204.23,2
1284,09:30:01,$ 3204.23,10
1285,09:30:01,$ 3204.23,5
1286,09:30:01,$ 3204.23,2
1287,09:30:01,$ 3204.23,5
1288,09:30:01,$ 3204.23,1
1289,09:30:01,$ 3204.23,3
1290,09:30:01,$ 3204.23,1
1291,09:30:01,$ 3204.23,1
1292,09:30:01,$ 3204.23,5
1293,09:30:01,$ 3204.23,2
1294,09:30:01,$ 3204.23,4
1295,09:30:01,$ 3204.23,1
1296,09:30:01,$ 3204.23,1
1297,09:30:01,$ 3204.23,1
1298,09:30:01,$ 3204.23,2
1299,09:30:01,$ 3204.23,5
1300,09:30:01,$ 3204.23,14
1301,09:30:01,$ 3204.23,1
1303,09:30:01,$ 3204.23,1
1304,09:30:01,$ 3204.23,5
1305,09:30:01,$ 3204.23,4
1306,09:30:01,$ 3204.23,4
1307,09:30:01,$ 3204.23,1
1308,09:30:01,$ 3204.23,6
1309,09:30:01,$ 3204.23,1
1310,09:30:01,$ 3204.23,9
1311,09:30:01,$ 3204.23,1
1312,09:30:01,$ 3204.23,1
1313,09:30:01,$ 3204.23,15
1314,09:30:01,$ 3204.23,1
1315,09:30:01,$ 3204.23,2
1316,09:30:01,$ 3204.23,3
1317,09:30:01,$ 3204.23,30
1318,09:30:01,$ 3204.23,1
1319,09:30:01,$ 3204.23,1
1320,09:30:01,$ 3204.23,1
1321,09:30:01,$ 3204.23,1
1322,09:30:01,$ 3204.23,1
1324,09:30:01,$ 3204.23,20
1325,09:30:01,$ 3204.23,1
1326,09:30:01,$ 3204.23,1
1327,09:30:01,$ 3204.23,1
1328,09:30:01,$ 3204.23,1
1329,09:30:01,$ 3204.23,2
1330,09:30:01,$ 3204.23,1
1331,09:30:01,$ 3204.23,8
1332,09:30:01,$ 3204.23,1
1333,09:30:01,$ 3204.23,1
1334,09:30:01,$ 3204.23,5
1335,09:30:01,$ 3204.23,1
1336,09:30:01,$ 3204.23,2
1337,09:30:01,$ 3204.23,3
1338,09:30:01,$ 3204.23,2
1339,09:30:01,$ 3204.23,9
1340,09:30:01,$ 3204.23,99
1341,09:30:01,$ 3204.23,30
1342,09:30:01,$ 3204.23,1
1343,09:30:01,$ 3204.23,9
1345,09:30:01,$ 3204.23,2
1346,09:30:01,$ 3204.23,24
1347,09:30:01,$ 3204.23,5
1348,09:30:01,$ 3204.23,1
1349,09:30:01,$ 3204.23,1
1350,09:30:01,$ 3204.23,1
1351,09:30:01,$ 3204.23,2
1352,09:30:01,$ 3204.23,187
1353,09:30:01,$ 3204.23,4
1354,09:30:01,$ 3204.23,5
1355,09:30:01,$ 3204.23,3
1356,09:30:01,$ 3204.23,1
1357,09:30:01,$ 3204.23,10
1358,09:30:01,$ 3204.23,16
1359,09:30:01,$ 3204.23,1
1360,09:30:01,$ 3204.23,10
1361,09:30:01,$ 3204.23,2
1362,09:30:01,$ 3204.23,1
1363,09:30:01,$ 3204.23,6
1364,09:30:01,$ 3204.23,1
1366,09:30:01,$ 3204.23,8
1367,09:30:01,$ 3204.23,11
1368,09:30:01,$ 3204.23,4
1369,09:30:01,$ 3204.23,4
1370,09:30:01,$ 3204.23,2
1371,09:30:01,$ 3204.23,1
1372,09:30:01,$ 3204.23,96
1373,09:30:01,$ 3204.23,1
1374,09:30:01,$ 3204.23,68
1375,09:30:01,$ 3204.23,1
1376,09:30:01,$ 3204.23,1
1377,09:30:01,$ 3204.23,10
1378,09:30:01,$ 3204.23,1
1379,09:30:01,$ 3204.23,3
1380,09:30:01,$ 3204.23,3
1381,09:30:01,$ 3204.23,4
1382,09:30:01,$ 3204.23,5
1383,09:30:01,$ 3204.23,1
1384,09:30:01,$ 3204.23,10
1385,09:30:01,$ 3204.23,3
1387,09:30:01,$ 3204.23,15
1388,09:30:01,$ 3204.23,2
1389,09:30:01,$ 3204.23,10
1390,09:30:01,$ 3204.23,1
1391,09:30:01,$ 3204.23,3
1392,09:30:01,$ 3204.23,1
1393,09:30:01,$ 3204.23,15
1394,09:30:01,$ 3204.23,4
1395,09:30:01,$ 3204.23,4
1396,09:30:01,$ 3204.23,194
1397,09:30:01,$ 3204.23,1
1398,09:30:01,$ 3204.23,1
1399,09:30:01,$ 3204.23,3
1400,09:30:01,$ 3204.23,1
1401,09:30:01,$ 3204.23,5
1402,09:30:01,$ 3204.23,50
1403,09:30:01,$ 3204.23,2
1404,09:30:01,$ 3204.23,12
1405,09:30:01,$ 3204.23,27
1406,09:30:01,$ 3204.23,8
1408,09:30:01,$ 3204.23,4
1409,09:30:01,$ 3204.23,1
1410,09:30:01,$ 3204.23,1
1411,09:30:01,$ 3204.23,1
1412,09:30:01,$ 3204.23,2
1413,09:30:01,$ 3204.23,2
1414,09:30:01,$ 3204.23,1
1415,09:30:01,$ 3204.23,7
1416,09:30:01,$ 3204.23,6
1417,09:30:01,$ 3204.23,1
1418,09:30:01,$ 3204.23,8
1419,09:30:01,$ 3204.23,7
1420,09:30:01,$ 3204.23,290
1421,09:30:01,$ 3204.23,20
1422,09:30:01,$ 3204.23,1
1423,09:30:01,$ 3204.23,1
1424,09:30:01,$ 3204.23,4
1425,09:30:01,$ 3204.23,15
1426,09:30:01,$ 3204.23,1
1427,09:30:01,$ 3204.23,8
1429,09:30:01,$ 3204.23,3
1430,09:30:01,$ 3204.23,1
1431,09:30:01,$ 3204.23,1
1432,09:30:01,$ 3204.23,4
1433,09:30:01,$ 3204.23,1
1434,09:30:01,$ 3204.23,1
1435,09:30:01,$ 3204.23,15
1436,09:30:01,$ 3204.23,30
1437,09:30:01,$ 3204.23,1
1438,09:30:01,$ 3204.23,1
1439,09:30:01,$ 3204.23,2
1440,09:30:01,$ 3204.23,30
1441,09:30:01,$ 3204.23,2
1442,09:30:01,$ 3204.23,4
1443,09:30:01,$ 3204.23,1
1444,09:30:01,$ 3204.23,3
1445,09:30:01,$ 3204.23,1
1446,09:30:01,$ 3204.23,1
1447,09:30:01,$ 3204.23,2
1448,09:30:01,$ 3204.23,1
1450,09:30:01,$ 3204.23,10
1451,09:30:01,$ 3204.23,1
1452,09:30:01,$ 3204.23,4
1453,09:30:01,$ 3204.23,150
1454,09:30:01,$ 3204.23,5
1455,09:30:01,$ 3204.23,1
1456,09:30:01,$ 3204.23,2
1457,09:30:01,$ 3204.23,1
1458,09:30:01,$ 3204.23,1
1459,09:30:01,$ 3204.23,3
1460,09:30:01,$ 3204.23,3
1461,09:30:01,$ 3204.23,4
1462,09:30:01,$ 3204.23,2
1463,09:30:01,$ 3204.23,1
1464,09:30:01,$ 3204.23,2
1465,09:30:01,$ 3204.23,11
1466,09:30:01,$ 3204.23,1
1467,09:30:01,$ 3204.23,"2,000"
1468,09:30:01,$ 3204.23,2
1469,09:30:01,$ 3204.23,1
1471,09:30:01,$ 3204.23,2
1472,09:30:01,$ 3204.23,14
1473,09:30:01,$ 3204.23,1
1474,09:30:01,$ 3204.23,1
1475,09:30:01,$ 3204.23,5
1476,09:30:01,$ 3204.23,23
1477,09:30:01,$ 3204.23,2
1478,09:30:01,$ 3204.23,1
1479,09:30:01,$ 3204.23,9
1480,09:30:01,$ 3204.23,1
1481,09:30:01,$ 3204.23,1
1482,09:30:01,$ 3204.23,100
1483,09:30:01,$ 3204.23,20
1484,09:30:01,$ 3204.23,4
1485,09:30:01,$ 3204.23,8
1486,09:30:01,$ 3204.23,5
1487,09:30:01,$ 3204.23,4
1488,09:30:01,$ 3204.23,9
1489,09:30:01,$ 3204.23,1
1490,09:30:01,$ 3204.23,3
1492,09:30:01,$ 3204.23,2
1493,09:30:01,$ 3204.23,5
1494,09:30:01,$ 3204.23,3
1495,09:30:01,$ 3204.23,5
1496,09:30:01,$ 3204.23,1
1497,09:30:01,$ 3204.23,5
1498,09:30:01,$ 3204.23,1
1499,09:30:01,$ 3204.23,40
1500,09:30:01,$ 3204.23,3
1501,09:30:01,$ 3204.23,4
1502,09:30:01,$ 3204.23,5
1503,09:30:01,$ 3204.23,5
1504,09:30:01,$ 3204.23,80
1505,09:30:01,$ 3204.23,3
1506,09:30:01,$ 3204.23,10
1507,09:30:01,$ 3204.23,1
1508,09:30:01,$ 3204.23,311
1509,09:30:01,$ 3204.23,24
1510,09:30:01,$ 3204.23,1
1511,09:30:01,$ 3204.23,4
1513,09:30:01,$ 3204.23,1
1514,09:30:01,$ 3204.23,142
1515,09:30:01,$ 3204.23,1
1516,09:30:01,$ 3204.23,50
1517,09:30:01,$ 3204.23,2
1518,09:30:01,$ 3204.23,1
1519,09:30:01,$ 3204.23,5
1520,09:30:01,$ 3204.23,1
1521,09:30:01,$ 3204.23,1
1522,09:30:01,$ 3204.23,3
1523,09:30:01,$ 3204.23,2
1524,09:30:01,$ 3204.23,2
1525,09:30:01,$ 3204.23,90
1526,09:30:01,$ 3204.23,89
1527,09:30:01,$ 3204.23,140
1528,09:30:01,$ 3204.23,177
1529,09:30:01,$ 3204.23,1
1530,09:30:01,$ 3204.23,1
1531,09:30:01,$ 3204.23,1
1532,09:30:01,$ 3204.23,1
1534,09:30:01,$ 3204.23,1
1535,09:30:01,$ 3204.23,1
1536,09:30:01,$ 3204.23,1
1537,09:30:01,$ 3204.23,1
1538,09:30:01,$ 3204.23,12
1539,09:30:01,$ 3204.23,1
1540,09:30:01,$ 3204.23,1
1541,09:30:01,$ 3204.23,1
1542,09:30:01,$ 3204.23,1
1543,09:30:01,$ 3204.23,1
1544,09:30:01,$ 3204.23,3
1545,09:30:01,$ 3204.23,1
1546,09:30:01,$ 3204.23,1
1547,09:30:01,$ 3204.23,1
1548,09:30:01,$ 3204.23,1
1549,09:30:01,$ 3204.23,1
1550,09:30:01,$ 3204.23,1
1551,09:30:01,$ 3204.23,1
1552,09:30:01,$ 3204.23,1
1553,09:30:01,$ 3204.23,1
1555,09:30:01,$ 3204.23,3
1556,09:30:01,$ 3204.23,1
1557,09:30:01,$ 3204.23,1
1558,09:30:01,$ 3204.23,1
1559,09:30:01,$ 3204.23,1
1560,09:30:01,$ 3204.23,1
1561,09:30:01,$ 3204.23,3
1562,09:30:01,$ 3204.23,3
1563,09:30:01,$ 3204.23,5
1564,09:30:01,$ 3204.23,1
1565,09:30:01,$ 3204.23,3
1566,09:30:01,$ 3204.23,2
1567,09:30:01,$ 3204.23,2
1568,09:30:01,$ 3204.23,8
1569,09:30:01,$ 3204.23,1
1570,09:30:01,$ 3204.23,93
1571,09:30:01,$ 3204.23,1
1572,09:30:01,$ 3204.23,1
1573,09:30:01,$ 3204.23,1
1574,09:30:01,$ 3204.23,1
1576,09:30:01,$ 3204.23,2
1577,09:30:01,$ 3204.23,1
1578,09:30:01,$ 3204.23,14
1579,09:30:01,$ 3204.23,5
1580,09:30:01,$ 3204.23,2
1581,09:30:01,$ 3204.23,1
1582,09:30:01,$ 3204.23,1
1583,09:30:01,$ 3204.23,5
1584,09:30:01,$ 3204.23,7
1585,09:30:01,$ 3204.23,2
1586,09:30:01,$ 3204.23,7
1587,09:30:01,$ 3204.23,5
1588,09:30:01,$ 3204.23,8
1589,09:30:01,$ 3204.23,1
1590,09:30:01,$ 3204.23,1
1591,09:30:01,$ 3204.23,3
1592,09:30:01,$ 3204.23,16
1593,09:30:01,$ 3204.23,1
1594,09:30:01,$ 3204.23,3
1595,09:30:01,$ 3204.23,2
1597,09:30:01,$ 3204.23,7
1598,09:30:01,$ 3204.23,1
1599,09:30:01,$ 3204.23,3
1600,09:30:01,$ 3204.23,5
1601,09:30:01,$ 3204.23,1
1602,09:30:01,$ 3204.23,1
1603,09:30:01,$ 3204.23,3
1604,09:30:01,$ 3204.23,2
1605,09:30:01,$ 3204.23,3
1606,09:30:01,$ 3204.23,1
1607,09:30:01,$ 3204.23,6
1608,09:30:01,$ 3204.23,4
1609,09:30:01,$ 3204.23,31
1610,09:30:01,$ 3204.23,8
1611,09:30:01,$ 3204.23,5
1612,09:30:01,$ 3204.23,30
1613,09:30:01,$ 3204.23,23
1614,09:30:01,$ 3204.23,13
1615,09:30:01,$ 3204.23,212
1616,09:30:01,$ 3204.23,15
1618,09:30:01,$ 3204.23,3
1619,09:30:01,$ 3204.23,100
1620,09:30:01,$ 3204.23,108
1621,09:30:01,$ 3204.23,100
1622,09:30:01,$ 3204.23,2
1623,09:30:01,$ 3204.23,152
1624,09:30:01,$ 3204.23,100
1625,09:30:01,$ 3204.23,1
1626,09:30:01,$ 3204.23,5
1627,09:30:01,$ 3204.23,3
1628,09:30:01,$ 3204.23,7
1629,09:30:01,$ 3204.23,4
1630,09:30:01,$ 3204.23,15
1631,09:30:01,$ 3204.23,90
1632,09:30:01,$ 3204.23,4
1633,09:30:01,$ 3204.23,29
1634,09:30:01,$ 3204.23,56
1635,09:30:01,$ 3204.23,20
1636,09:30:01,$ 3204.23,22
1637,09:30:01,$ 3204.23,6
1639,09:30:01,$ 3204.23,8
1640,09:30:01,$ 3204.23,30
1641,09:30:01,$ 3204.23,9
1642,09:30:01,$ 3204.23,2
1643,09:30:01,$ 3204.23,13
1644,09:30:01,$ 3204.23,113
1645,09:30:01,$ 3204.23,1
1646,09:30:01,$ 3204.23,3
1647,09:30:01,$ 3204.23,13
1648,09:30:01,$ 3204.23,1
1649,09:30:01,$ 3204.23,5
1650,09:30:01,$ 3204.23,2
1651,09:30:01,$ 3204.23,120
1652,09:30:01,$ 3204.23,1
1653,09:30:01,$ 3204.23,1
1654,09:30:01,$ 3204.23,4
1655,09:30:01,$ 3204.23,2
1656,09:30:01,$ 3204.23,10
1657,09:30:01,$ 3204.23,3
1658,09:30:01,$ 3204.23,1
1660,09:30:01,$ 3204.23,1
1661,09:30:01,$ 3204.23,1
1662,09:30:01,$ 3204.23,1
1663,09:30:01,$ 3204.23,40
1664,09:30:01,$ 3204.23,12
1665,09:30:01,$ 3204.23,5
1666,09:30:01,$ 3204.23,15
1667,09:30:01,$ 3204.23,8
1668,09:30:01,$ 3204.23,9
1669,09:30:01,$ 3204.23,1
1670,09:30:01,$ 3204.23,6
1671,09:30:01,$ 3204.23,18
1672,09:30:01,$ 3204.23,1
1673,09:30:01,$ 3204.23,4
1674,09:30:01,$ 3204.23,3
1675,09:30:01,$ 3204.23,43
1676,09:30:01,$ 3204.23,9
1677,09:30:01,$ 3204.23,10
1678,09:30:01,$ 3204.23,62
1679,09:30:01,$ 3204.23,17
1681,09:30:01,$ 3204.23,45
1682,09:30:01,$ 3204.23,15
1683,09:30:01,$ 3204.23,8
1684,09:30:01,$ 3204.23,12
1685,09:30:01,$ 3204.23,3
1686,09:30:01,$ 3204.23,3
1687,09:30:01,$ 3204.23,31
1688,09:30:01,$ 3204.23,2
1689,09:30:01,$ 3204.23,10
1690,09:30:01,$ 3204.23,2
1691,09:30:01,$ 3204.23,3
1692,09:30:01,$ 3204.23,200
1693,09:30:01,$ 3204.23,1
1694,09:30:01,$ 3204.23,100
1695,09:30:01,$ 3204.23,1
1696,09:30:01,$ 3204.23,80
1697,09:30:01,$ 3204.23,1
1698,09:30:01,$ 3204.23,700
1699,09:30:01,$ 3204.23,1
1700,09:30:01,$ 3204.23,2
1702,09:30:01,$ 3204.23,14
1703,09:30:01,$ 3204.23,3
1704,09:30:01,$ 3204.23,20
1705,09:30:01,$ 3204.23,2
1706,09:30:01,$ 3204.23,7
1707,09:30:01,$ 3204.23,11
1708,09:30:01,$ 3204.23,52
1709,09:30:01,$ 3204.23,50
1710,09:30:01,$ 3204.23,1
1711,09:30:01,$ 3204.23,1
1712,09:30:01,$ 3204.23,300
1713,09:30:01,$ 3204.23,500
1714,09:30:01,$ 3204.23,10
1715,09:30:01,$ 3204.23,200
1716,09:30:01,$ 3204.23,10
1717,09:30:01,$ 3204.23,8
1718,09:30:01,$ 3204.23,22
1719,09:30:01,$ 3204.23,23
1720,09:30:01,$ 3204.23,31
1721,09:30:01,$ 3204.23,21
1723,09:30:01,$ 3204.23,3
1724,09:30:01,$ 3204.23,2
1725,09:30:01,$ 3204.23,3
1726,09:30:01,$ 3204.23,1
1727,09:30:01,$ 3204.23,50
1728,09:30:01,$ 3204.23,5
1729,09:30:01,$ 3204.23,19
1730,09:30:01,$ 3204.23,11
1731,09:30:01,$ 3204.23,2
1732,09:30:01,$ 3204.23,2
1733,09:30:01,$ 3204.23,5
1734,09:30:01,$ 3204.23,2
1735,09:30:01,$ 3204.23,2
1736,09:30:01,$ 3204.23,1
1737,09:30:01,$ 3204.23,1
1738,09:30:01,$ 3204.23,"2,000"
1739,09:30:01,$ 3204.23,1
1740,09:30:01,$ 3204.23,3
1741,09:30:01,$ 3204.23,1
1742,09:30:01,$ 3204.23,10
1744,09:30:01,$ 3204.23,2
1745,09:30:01,$ 3204.23,1
1746,09:30:01,$ 3204.23,10
1747,09:30:01,$ 3204.23,1
1748,09:30:01,$ 3204.23,2
1749,09:30:01,$ 3204.23,6
1750,09:30:01,$ 3204.23,1
1751,09:30:01,$ 3204.23,1
1752,09:30:01,$ 3204.23,7
1753,09:30:01,$ 3204.23,39
1754,09:30:01,$ 3204.23,42
1755,09:30:01,$ 3204.23,1
1756,09:30:01,$ 3204.23,3
1757,09:30:01,$ 3204.23,1
1758,09:30:01,$ 3204.23,1
1759,09:30:01,$ 3204.23,19
1760,09:30:01,$ 3204.23,21
1761,09:30:01,$ 3204.23,1
1762,09:30:01,$ 3204.23,7
1763,09:30:01,$ 3204.23,1
1765,09:30:01,$ 3204.23,2
1766,09:30:01,$ 3204.23,2
1767,09:30:01,$ 3204.23,1
1768,09:30:01,$ 3204.23,1
1769,09:30:01,$ 3204.23,16
1770,09:30:01,$ 3204.23,2
1771,09:30:01,$ 3204.23,2
1772,09:30:01,$ 3204.23,10
1773,09:30:01,$ 3204.23,2
1774,09:30:01,$ 3204.23,3
1775,09:30:01,$ 3204.23,1
1776,09:30:01,$ 3204.23,1
1777,09:30:01,$ 3204.23,1
1778,09:30:01,$ 3204.23,10
1779,09:30:01,$ 3204.23,1
1780,09:30:01,$ 3204.23,1
1781,09:30:01,$ 3204.23,2
1782,09:30:01,$ 3204.23,1
1783,09:30:01,$ 3204.23,1
1784,09:30:01,$ 3204.23,2
1786,09:30:01,$ 3204.23,1
1787,09:30:01,$ 3204.23,1
1788,09:30:01,$ 3204.23,6
1789,09:30:01,$ 3204.23,1
1790,09:30:01,$ 3204.23,2
1791,09:30:01,$ 3204.23,1
1792,09:30:01,$ 3204.23,20
1793,09:30:01,$ 3204.23,6
1794,09:30:01,$ 3204.23,1
1795,09:30:01,$ 3204.23,1
1796,09:30:01,$ 3204.23,15
1797,09:30:01,$ 3204.23,1
1798,09:30:01,$ 3204.23,2
1799,09:30:01,$ 3204.23,6
1800,09:30:01,$ 3204.23,10
1801,09:30:01,$ 3204.23,10
1802,09:30:01,$ 3204.23,1
1803,09:30:01,$ 3204.23,1
1804,09:30:01,$ 3204.23,10
1805,09:30:01,$ 3204.23,14
1807,09:30:01,$ 3204.23,1
1808,09:30:01,$ 3204.23,1
1809,09:30:01,$ 3204.23,1
1810,09:30:01,$ 3204.23,1
1811,09:30:01,$ 3204.23,1
1812,09:30:01,$ 3204.23,3
1813,09:30:01,$ 3204.23,1
1814,09:30:01,$ 3204.23,6
1815,09:30:01,$ 3204.23,6
1816,09:30:01,$ 3204.23,3
1817,09:30:01,$ 3204.23,2
1818,09:30:01,$ 3204.23,2
1819,09:30:01,$ 3204.23,1
1820,09:30:01,$ 3204.23,3
1821,09:30:01,$ 3204.23,98
1822,09:30:01,$ 3204.23,9
1823,09:30:01,$ 3204.23,3
1824,09:30:01,$ 3204.23,1
1825,09:30:01,$ 3204.23,7
1826,09:30:01,$ 3204.23,1
1828,09:30:01,$ 3204.23,2
1829,09:30:01,$ 3204.23,3
1830,09:30:01,$ 3204.23,4
1831,09:30:01,$ 3204.23,5
1832,09:30:01,$ 3204.23,4
1833,09:30:01,$ 3204.23,1
1834,09:30:01,$ 3204.23,3
1835,09:30:01,$ 3204.23,2
1836,09:30:01,$ 3204.23,1
1837,09:30:01,$ 3204.23,2
1838,09:30:01,$ 3204.23,1
1839,09:30:01,$ 3204.23,15
1840,09:30:01,$ 3204.23,5
1841,09:30:01,$ 3204.23,7
1842,09:30:01,$ 3204.23,6
1843,09:30:01,$ 3204.23,1
1844,09:30:01,$ 3204.23,1
1845,09:30:01,$ 3204.23,4
1846,09:30:01,$ 3204.23,3
1847,09:30:01,$ 3204.23,2
1849,09:30:01,$ 3204.23,1
1850,09:30:01,$ 3204.23,1
1851,09:30:01,$ 3204.23,2
1852,09:30:01,$ 3204.23,1
1853,09:30:01,$ 3204.23,1
1854,09:30:01,$ 3204.23,22
1855,09:30:01,$ 3204.23,2
1856,09:30:01,$ 3204.23,1
1857,09:30:01,$ 3204.23,205
1858,09:30:01,$ 3204.23,30
1859,09:30:01,$ 3204.23,2
1860,09:30:01,$ 3204.23,24
1861,09:30:01,$ 3204.23,10
1862,09:30:01,$ 3204.23,1
1863,09:30:01,$ 3204.23,3
1864,09:30:01,$ 3204.23,1
1865,09:30:01,$ 3204.23,1
1866,09:30:01,$ 3204.23,1
1867,09:30:01,$ 3204.23,1
1868,09:30:01,$ 3204.23,7
1870,09:30:01,$ 3204.23,2
1871,09:30:01,$ 3204.23,5
1872,09:30:01,$ 3204.23,1
1873,09:30:01,$ 3204.23,1
1874,09:30:01,$ 3204.23,1
1875,09:30:01,$ 3204.23,1
1876,09:30:01,$ 3204.23,1
1877,09:30:01,$ 3204.23,5
1878,09:30:01,$ 3204.23,1
1879,09:30:01,$ 3204.23,13
1880,09:30:01,$ 3204.23,5
1881,09:30:01,$ 3204.23,1
1882,09:30:01,$ 3204.23,10
1883,09:30:01,$ 3204.23,3
1884,09:30:01,$ 3204.23,5
1885,09:30:01,$ 3204.23,1
1886,09:30:01,$ 3204.23,2
1887,09:30:01,$ 3204.23,31
1888,09:30:01,$ 3204.23,5
1889,09:30:01,$ 3204.23,2
1891,09:30:01,$ 3204.23,1
1892,09:30:01,$ 3204.23,5
1893,09:30:01,$ 3204.23,7
1894,09:30:01,$ 3204.23,60
1895,09:30:01,$ 3204.23,1
1896,09:30:01,$ 3204.23,2
1897,09:30:01,$ 3204.23,21
1898,09:30:01,$ 3204.23,1
1899,09:30:01,$ 3204.23,1
1900,09:30:01,$ 3204.23,1
1901,09:30:01,$ 3204.23,1
1902,09:30:01,$ 3204.23,20
1903,09:30:01,$ 3204.23,1
1904,09:30:01,$ 3204.23,3
1905,09:30:01,$ 3204.23,5
1906,09:30:01,$ 3204.23,100
1907,09:30:01,$ 3204.23,25
1908,09:30:01,$ 3204.23,1
1909,09:30:01,$ 3204.23,1
1910,09:30:01,$ 3204.23,9
1912,09:30:01,$ 3204.23,6
1913,09:30:01,$ 3204.23,1
1914,09:30:01,$ 3204.23,3
1915,09:30:01,$ 3204.23,2
1916,09:30:01,$ 3204.23,1
1917,09:30:01,$ 3204.23,1
1918,09:30:01,$ 3204.23,4
1919,09:30:01,$ 3204.23,3
1920,09:30:01,$ 3204.23,1
1921,09:30:01,$ 3204.23,1
1922,09:30:01,$ 3204.23,4
1923,09:30:01,$ 3204.23,4
1924,09:30:01,$ 3204.23,3
1925,09:30:01,$ 3204.23,3
1926,09:30:01,$ 3204.23,1
1927,09:30:01,$ 3204.23,1
1928,09:30:01,$ 3204.23,1
1929,09:30:01,$ 3204.23,1
1930,09:30:01,$ 3204.23,4
1931,09:30:01,$ 3204.23,10
1933,09:30:01,$ 3204.23,2
1934,09:30:01,$ 3204.23,3
1935,09:30:01,$ 3204.23,1
1936,09:30:01,$ 3204.23,1
1937,09:30:01,$ 3204.23,20
1938,09:30:01,$ 3204.23,1
1939,09:30:01,$ 3204.23,3
1940,09:30:01,$ 3204.23,1
1941,09:30:01,$ 3204.23,1
1942,09:30:01,$ 3204.23,10
1943,09:30:01,$ 3204.23,1
1944,09:30:01,$ 3204.23,1
1945,09:30:01,$ 3204.23,31
1946,09:30:01,$ 3204.23,4
1947,09:30:01,$ 3204.23,6
1948,09:30:01,$ 3204.23,10
1949,09:30:01,$ 3204.23,1
1950,09:30:01,$ 3204.23,1
1951,09:30:01,$ 3204.23,5
1952,09:30:01,$ 3204.23,10
1954,09:30:01,$ 3204.23,31
1955,09:30:01,$ 3204.23,1
1956,09:30:01,$ 3204.23,1
1957,09:30:01,$ 3204.23,1
1958,09:30:01,$ 3204.23,1
1959,09:30:01,$ 3204.23,15
1960,09:30:01,$ 3204.23,18
1961,09:30:01,$ 3204.23,50
1962,09:30:01,$ 3204.23,50
1963,09:30:01,$ 3204.23,250
1964,09:30:01,$ 3204.23,100
1965,09:30:01,$ 3204.23,50
1966,09:30:01,$ 3204.23,100
1967,09:30:01,$ 3204.23,100
1968,09:30:01,$ 3204.23,50
1969,09:30:01,$ 3204.23,1
1970,09:30:01,$ 3204.23,1
1971,09:30:01,$ 3204.23,1
1972,09:30:01,$ 3204.23,1
1973,09:30:01,$ 3204.23,1
1975,09:30:01,$ 3204.23,7
1976,09:30:01,$ 3204.23,10
1977,09:30:01,$ 3204.23,2
1978,09:30:01,$ 3204.23,5
1979,09:30:01,$ 3204.23,5
1980,09:30:01,$ 3204.23,2
1981,09:30:01,$ 3204.23,1
1982,09:30:01,$ 3204.23,93
1983,09:30:01,$ 3204.23,1
1984,09:30:01,$ 3204.23,1
1985,09:30:01,$ 3204.23,11
1986,09:30:01,$ 3204.23,15
1987,09:30:01,$ 3204.23,2
1988,09:30:01,$ 3204.23,2
1989,09:30:01,$ 3204.23,1
1990,09:30:01,$ 3204.23,25
1991,09:30:01,$ 3204.23,1
1992,09:30:01,$ 3204.23,2
1993,09:30:01,$ 3204.23,2
1994,09:30:01,$ 3204.23,2
1996,09:30:01,$ 3204.23,6
1997,09:30:01,$ 3204.23,5
1998,09:30:01,$ 3204.23,6
1999,09:30:01,$ 3204.23,4
2000,09:30:01,$ 3204.23,1
2001,09:30:01,$ 3204.23,26
2002,09:30:01,$ 3204.23,15
2003,09:30:01,$ 3204.23,10
2004,09:30:01,$ 3204.23,3
2005,09:30:01,$ 3204.23,1
2006,09:30:01,$ 3204.23,1
2007,09:30:01,$ 3204.23,2
2008,09:30:01,$ 3204.23,1
2009,09:30:01,$ 3204.23,1
2010,09:30:01,$ 3204.23,10
2011,09:30:01,$ 3204.23,28
2012,09:30:01,$ 3204.23,1
2013,09:30:01,$ 3204.23,10
2014,09:30:01,$ 3204.23,5
2015,09:30:01,$ 3204.23,1
2017,09:30:01,$ 3204.23,10
2018,09:30:01,$ 3204.23,1
2019,09:30:01,$ 3204.23,2
2020,09:30:01,$ 3204.23,1
2021,09:30:01,$ 3204.23,2
2022,09:30:01,$ 3204.23,1
2023,09:30:01,$ 3204.23,10
2024,09:30:01,$ 3204.23,3
2025,09:30:01,$ 3204.23,1
2026,09:30:01,$ 3204.23,5
2027,09:30:01,$ 3204.23,3
2028,09:30:01,$ 3204.23,1
2029,09:30:01,$ 3204.23,20
2030,09:30:01,$ 3204.23,17
2031,09:30:01,$ 3204.23,2
2032,09:30:01,$ 3204.23,2
2033,09:30:01,$ 3204.23,1
2034,09:30:01,$ 3204.23,1
2035,09:30:01,$ 3204.23,69
2036,09:30:01,$ 3204.23,1
2038,09:30:01,$ 3204.23,4
2039,09:30:01,$ 3204.23,12
2040,09:30:01,$ 3204.23,1
2041,09:30:01,$ 3204.23,21
2042,09:30:01,$ 3204.23,100
2043,09:30:01,$ 3204.23,932
2044,09:30:01,$ 3204.23,124
2045,09:30:01,$ 3204.23,70
2046,09:30:01,$ 3204.23,70
2047,09:30:01,$ 3204.23,1
2048,09:30:01,$ 3204.23,70
2049,09:30:01,$ 3204.23,5
2050,09:30:01,$ 3204.23,23
2051,09:30:01,$ 3204.23,2
2052,09:30:01,$ 3204.23,100
2053,09:30:01,$ 3204.23,1
2054,09:30:01,$ 3204.23,31
2055,09:30:01,$ 3204.23,25
2056,09:30:01,$ 3204.23,50
2057,09:30:01,$ 3204.23,5
2059,09:30:01,$ 3204.23,1
2060,09:30:01,$ 3204.23,70
2061,09:30:01,$ 3204.23,165
2062,09:30:01,$ 3204.23,35
2063,09:30:01,$ 3204.23,3
2064,09:30:01,$ 3204.23,1
2065,09:30:01,$ 3204.23,35
2066,09:30:01,$ 3204.23,35
2067,09:30:01,$ 3204.23,35
2068,09:30:01,$ 3204.23,35
2069,09:30:01,$ 3204.23,31
2070,09:30:01,$ 3204.23,35
2071,09:30:01,$ 3204.23,35
2072,09:30:01,$ 3204.23,35
2073,09:30:01,$ 3204.23,35
2074,09:30:01,$ 3204.23,35
2075,09:30:01,$ 3204.23,7
2076,09:30:01,$ 3204.23,4
2077,09:30:01,$ 3204.23,71
2078,09:30:01,$ 3204.23,1
2080,09:30:01,$ 3204.23,200
2081,09:30:01,$ 3204.23,1
2082,09:30:01,$ 3204.23,2
2083,09:30:01,$ 3204.23,4
2084,09:30:01,$ 3204.23,2
2085,09:30:01,$ 3204.23,1
2086,09:30:01,$ 3204.23,5
2087,09:30:01,$ 3204.23,1
2088,09:30:01,$ 3204.23,1
2089,09:30:01,$ 3204.23,1
2090,09:30:01,$ 3204.23,1
2091,09:30:01,$ 3204.23,5
2092,09:30:01,$ 3204.23,1
2093,09:30:01,$ 3204.23,1
2094,09:30:01,$ 3204.23,1
2095,09:30:01,$ 3204.23,17
2096,09:30:01,$ 3204.23,23
2097,09:30:01,$ 3204.23,1
2098,09:30:01,$ 3204.23,2
2099,09:30:01,$ 3204.23,1
2101,09:30:01,$ 3204.23,1
2102,09:30:01,$ 3204.23,1
2103,09:30:01,$ 3204.23,1
2104,09:30:01,$ 3204.23,3
2105,09:30:01,$ 3204.23,10
2106,09:30:01,$ 3204.23,4
2107,09:30:01,$ 3204.23,1
2108,09:30:01,$ 3204.23,1
2109,09:30:01,$ 3204.23,4
2110,09:30:01,$ 3204.23,1
2111,09:30:01,$ 3204.23,1
2112,09:30:01,$ 3204.23,8
2113,09:30:01,$ 3204.23,223
2114,09:30:01,$ 3204.23,70
2115,09:30:01,$ 3204.23,2
2116,09:30:01,$ 3204.23,1
2117,09:30:01,$ 3204.23,70
2118,09:30:01,$ 3204.23,3
2119,09:30:01,$ 3204.23,6
2120,09:30:01,$ 3204.23,1
2122,09:30:01,$ 3204.23,1
2123,09:30:01,$ 3204.23,1
2124,09:30:01,$ 3204.23,1
2125,09:30:01,$ 3204.23,1
2126,09:30:01,$ 3204.23,2
2127,09:30:01,$ 3204.23,1
2128,09:30:01,$ 3204.23,3
2129,09:30:01,$ 3204.23,2
2130,09:30:01,$ 3204.23,3
2131,09:30:01,$ 3204.23,1
2132,09:30:01,$ 3204.23,1
2133,09:30:01,$ 3204.23,50
2134,09:30:01,$ 3204.23,1
2135,09:30:01,$ 3204.23,3
2136,09:30:01,$ 3204.23,48
2137,09:30:01,$ 3204.23,1
2138,09:30:01,$ 3204.23,2
2139,09:30:01,$ 3204.23,1
2140,09:30:01,$ 3204.23,10
2141,09:30:01,$ 3204.23,150
2143,09:30:01,$ 3204.23,1
2144,09:30:01,$ 3204.23,2
2145,09:30:01,$ 3204.23,1
2146,09:30:01,$ 3204.23,5
2147,09:30:01,$ 3204.23,4
2148,09:30:01,$ 3204.23,1
2149,09:30:01,$ 3204.23,2
2150,09:30:01,$ 3204.23,6
2151,09:30:01,$ 3204.23,1
2152,09:30:01,$ 3204.23,58
2153,09:30:01,$ 3204.23,2
2154,09:30:01,$ 3204.23,3
2155,09:30:01,$ 3204.23,1
2156,09:30:01,$ 3204.23,1
2157,09:30:01,$ 3204.23,100
2158,09:30:01,$ 3204.23,1
2159,09:30:01,$ 3204.23,1
2160,09:30:01,$ 3204.23,1
2161,09:30:01,$ 3204.23,1
2162,09:30:01,$ 3204.23,1
2164,09:30:01,$ 3204.23,13
2165,09:30:01,$ 3204.23,100
2166,09:30:01,$ 3204.23,1
2167,09:30:01,$ 3204.23,1
2168,09:30:01,$ 3204.23,70
2169,09:30:01,$ 3204.23,1
2170,09:30:01,$ 3204.23,1
2171,09:30:01,$ 3204.23,137
2172,09:30:01,$ 3204.23,5
2173,09:30:01,$ 3204.23,2
2174,09:30:01,$ 3204.23,2
2175,09:30:01,$ 3204.23,70
2176,09:30:01,$ 3204.23,1
2177,09:30:01,$ 3204.23,5
2178,09:30:01,$ 3204.23,1
2179,09:30:01,$ 3204.23,25
2180,09:30:01,$ 3204.23,2
2181,09:30:01,$ 3204.23,1
2182,09:30:01,$ 3204.23,30
2183,09:30:01,$ 3204.23,70
2185,09:30:01,$ 3204.23,200
2186,09:30:01,$ 3204.23,34
2187,09:30:01,$ 3204.23,1
2188,09:30:01,$ 3204.23,200
2189,09:30:01,$ 3204.23,20
2190,09:30:01,$ 3204.23,70
2191,09:30:01,$ 3204.23,15
2192,09:30:01,$ 3204.23,70
2193,09:30:01,$ 3204.23,1
2194,09:30:01,$ 3204.23,1
2195,09:30:01,$ 3204.23,10
2196,09:30:01,$ 3204.23,10
2197,09:30:01,$ 3204.23,1
2198,09:30:01,$ 3204.23,2
2199,09:30:01,$ 3204.23,1
2200,09:30:01,$ 3204.23,10
2201,09:30:01,$ 3204.23,1
2202,09:30:01,$ 3204.23,1
2203,09:30:01,$ 3204.23,3
2204,09:30:01,$ 3204.23,70
2206,09:30:01,$ 3204.23,1
2207,09:30:01,$ 3204.23,5
2208,09:30:01,$ 3204.23,2
2209,09:30:01,$ 3204.23,70
2210,09:30:01,$ 3204.23,1
2211,09:30:01,$ 3204.23,31
2212,09:30:01,$ 3204.23,58
2213,09:30:01,$ 3204.23,1
2214,09:30:01,$ 3204.23,100
2215,09:30:01,$ 3204.23,70
2216,09:30:01,$ 3204.23,186
2217,09:30:01,$ 3204.23,10
2218,09:30:01,$ 3204.23,15
2219,09:30:01,$ 3204.23,70
2220,09:30:01,$ 3204.23,20
2221,09:30:01,$ 3204.23,1
2222,09:30:01,$ 3204.23,5
2223,09:30:01,$ 3204.23,1
2224,09:30:01,$ 3204.23,1
2225,09:30:01,$ 3204.23,2
2227,09:30:01,$ 3204.23,1
2228,09:30:01,$ 3204.23,1
2229,09:30:01,$ 3204.23,2
2230,09:30:01,$ 3204.23,1
2231,09:30:01,$ 3204.23,5
2232,09:30:01,$ 3204.23,1
2233,09:30:01,$ 3204.23,1
2234,09:30:01,$ 3204.23,1
2235,09:30:01,$ 3204.23,1
2236,09:30:01,$ 3204.23,1
2237,09:30:01,$ 3204.23,1
2238,09:30:01,$ 3204.23,3
2239,09:30:01,$ 3204.23,1
2240,09:30:01,$ 3204.23,1
2241,09:30:01,$ 3204.23,5
2242,09:30:01,$ 3204.23,19
2243,09:30:01,$ 3204.23,25
2244,09:30:01,$ 3204.23,70
2245,09:30:01,$ 3204.23,1
2246,09:30:01,$ 3204.23,1
2248,09:30:01,$ 3204.23,1
2249,09:30:01,$ 3204.23,70
2250,09:30:01,$ 3204.23,1
2251,09:30:01,$ 3204.23,100
2252,09:30:01,$ 3204.23,70
2253,09:30:01,$ 3204.23,1
2254,09:30:01,$ 3204.23,10
2255,09:30:01,$ 3204.23,1
2256,09:30:01,$ 3204.23,22
2257,09:30:01,$ 3204.23,10
2258,09:30:01,$ 3204.23,3
2259,09:30:01,$ 3204.23,1
2260,09:30:01,$ 3204.23,2
2261,09:30:01,$ 3204.23,1
2262,09:30:01,$ 3204.23,1
2263,09:30:01,$ 3204.23,1
2264,09:30:01,$ 3204.23,71
2265,09:30:01,$ 3204.23,100
2266,09:30:01,$ 3204.23,1
2267,09:30:01,$ 3204.23,70
2269,09:30:01,$ 3204.23,50
2270,09:30:01,$ 3204.23,5
2271,09:30:01,$ 3204.23,4
2272,09:30:01,$ 3204.23,70
2273,09:30:01,$ 3204.23,1
2274,09:30:01,$ 3204.23,58
2275,09:30:01,$ 3204.23,1
2276,09:30:01,$ 3204.23,9
2277,09:30:01,$ 3204.23,1
2278,09:30:01,$ 3204.23,1
2279,09:30:01,$ 3204.23,1
2280,09:30:01,$ 3204.23,1
2281,09:30:01,$ 3204.23,2
2282,09:30:01,$ 3204.23,70
2283,09:30:01,$ 3204.23,70
2284,09:30:01,$ 3204.23,100
2285,09:30:01,$ 3204.23,669
2286,09:30:01,$ 3204.23,1
2287,09:30:01,$ 3204.23,70
2288,09:30:01,$ 3204.23,3
2290,09:30:01,$ 3204.23,1
2291,09:30:01,$ 3204.23,100
2292,09:30:01,$ 3204.23,2
2293,09:30:01,$ 3204.23,1
2294,09:30:01,$ 3204.23,350
2295,09:30:01,$ 3204.23,5
2296,09:30:01,$ 3204.23,2
2297,09:30:01,$ 3204.23,1
2298,09:30:01,$ 3204.23,5
2299,09:30:01,$ 3204.23,70
2300,09:30:01,$ 3204.23,30
2301,09:30:01,$ 3204.23,1
2302,09:30:01,$ 3204.23,4
2303,09:30:01,$ 3204.23,1
2304,09:30:01,$ 3204.23,2
2305,09:30:01,$ 3204.23,1
2306,09:30:01,$ 3204.23,10
2307,09:30:01,$ 3204.23,"1,000"
2308,09:30:01,$ 3204.23,1
2309,09:30:01,$ 3204.23,1
2311,09:30:01,$ 3204.23,10
2312,09:30:01,$ 3204.23,5
2313,09:30:01,$ 3204.23,1
2314,09:30:01,$ 3204.23,1
2315,09:30:01,$ 3204.23,1
2316,09:30:01,$ 3204.23,1
2317,09:30:01,$ 3204.23,1
2318,09:30:01,$ 3204.23,41
2319,09:30:01,$ 3204.23,2
2320,09:30:01,$ 3204.23,1
2321,09:30:01,$ 3204.23,3
2322,09:30:01,$ 3204.23,1
2323,09:30:01,$ 3204.23,20
2324,09:30:01,$ 3204.23,1
2325,09:30:01,$ 3204.23,9
2326,09:30:01,$ 3204.23,3
2327,09:30:01,$ 3204.23,1
2328,09:30:01,$ 3204.23,20
2329,09:30:01,$ 3204.23,2
2330,09:30:01,$ 3204.23,1
2332,09:30:01,$ 3204.23,1
2333,09:30:01,$ 3204.23,1
2334,09:30:01,$ 3204.23,1
2335,09:30:01,$ 3204.23,47
2336,09:30:01,$ 3204.23,2
2337,09:30:01,$ 3204.23,1
2338,09:30:01,$ 3204.23,1
2339,09:30:01,$ 3204.23,5
2340,09:30:01,$ 3204.23,3
2341,09:30:01,$ 3204.23,1
2342,09:30:01,$ 3204.23,1
2343,09:30:01,$ 3204.23,5
2344,09:30:01,$ 3204.23,1
2345,09:30:01,$ 3204.23,1
2346,09:30:01,$ 3204.23,1
2347,09:30:01,$ 3204.23,1
2348,09:30:01,$ 3204.23,2
2349,09:30:01,$ 3204.23,5
2350,09:30:01,$ 3204.23,1
2351,09:30:01,$ 3204.23,3
2353,09:30:01,$ 3204.23,6
2354,09:30:01,$ 3204.23,1
2355,09:30:01,$ 3204.23,7
2356,09:30:01,$ 3204.23,1
2357,09:30:01,$ 3204.23,1
2358,09:30:01,$ 3204.23,2
2359,09:30:01,$ 3204.23,1
2360,09:30:01,$ 3204.23,2
2361,09:30:01,$ 3204.23,32
2362,09:30:01,$ 3204.23,50
2363,09:30:01,$ 3204.23,100
2364,09:30:01,$ 3204.23,25
2365,09:30:01,$ 3204.23,70
2366,09:30:01,$ 3204.23,31
2367,09:30:01,$ 3204.23,3
2368,09:30:01,$ 3204.23,70
2369,09:30:01,$ 3204.23,15
2370,09:30:01,$ 3204.23,2
2371,09:30:00,$ 3203.94,100
2372,09:30:00,$ 3205.56,100
2374,09:30:00,$ 3205.56,100
2375,09:30:00,$ 3205.56,100
2377,10:29:58,$ 3191.92,100
2378,10:29:58,$ 3191.92,100
2379,10:29:48,$ 3193.2239,100
2380,10:29:38,$ 3192.00,150
2381,10:29:23,$ 3194.5999,100
2382,10:29:03,$ 3194.06,500
2383,10:29:02,$ 3193.94,100
2384,10:29:01,$ 3193.27,100
2385,10:29:01,$ 3193.015,100
2386,10:29:01,$ 3193.01,100
2387,10:29:01,$ 3193.01,100
2388,10:29:01,$ 3193.02,100
2389,10:28:58,$ 3192.73,100
2390,10:28:57,$ 3192.65,100
2391,10:28:57,$ 3193.68,100
2392,10:28:47,$ 3193.98,100
2393,10:28:47,$ 3193.98,100
2394,10:28:37,$ 3193.35,100
2395,10:28:14,$ 3196.11,100
2396,10:27:27,$ 3194.59,100
2398,10:27:27,$ 3194.78,100
2399,10:27:27,$ 3194.35,100
2400,10:27:27,$ 3194.475,100
2401,10:27:15,$ 3194.8718,123
2402,10:27:14,$ 3194.582,500
2403,10:27:09,$ 3194.57,200
2404,10:27:03,$ 3193.92,290
2405,10:27:03,$ 3193.92,100
2406,10:27:00,$ 3194.12,100
2407,10:26:43,$ 3195.42,100
2408,10:26:26,$ 3194.78,100
2409,10:26:26,$ 3194.445,100
2410,10:26:26,$ 3195.30,100
2411,10:26:26,$ 3195.22,100
2412,10:26:10,$ 3195.25,100
2413,10:26:05,$ 3196.00,100
2414,10:25:48,$ 3195.22,100
2415,10:25:39,$ 3194.64,100
2416,10:25:36,$ 3194.64,100
2417,10:25:32,$ 3194.60,100
2419,10:25:30,$ 3193.96,100
2420,10:25:30,$ 3193.96,100
2421,10:25:29,$ 3193.96,100
2422,10:25:28,$ 3194.575,100
2423,10:25:22,$ 3194.455,100
2424,10:25:20,$ 3194.625,100
2425,10:25:12,$ 3193.92,100
2426,10:25:12,$ 3193.64,100
2427,10:25:08,$ 3194.05,100
2428,10:25:05,$ 3194.62,300
2429,10:25:05,$ 3194.62,197
2430,10:25:05,$ 3194.62,300
2431,10:25:05,$ 3194.7181,179
2432,10:25:02,$ 3194.70,100
2433,10:24:57,$ 3194.92,100
2434,10:24:28,$ 3193.92,167
2435,10:24:26,$ 3193.8298,100
2436,10:24:25,$ 3194.10,100
2437,10:24:19,$ 3192.25,"1,000"
2438,10:24:14,$ 3193.89,100
2440,10:24:13,$ 3194.51,100
2441,10:23:26,$ 3195.99,100
2442,10:23:16,$ 3196.91,200
2443,10:23:16,$ 3197.00,100
2444,10:23:16,$ 3196.989,194
2445,10:23:16,$ 3197.00,100
2446,10:22:49,$ 3196.0708,100
2447,10:22:19,$ 3195.95,500
2448,10:22:14,$ 3195.84,100
2449,10:22:14,$ 3195.725,100
2450,10:22:04,$ 3194.83,100
2451,10:21:36,$ 3194.67,100
2452,10:21:30,$ 3194.75,100
2453,10:21:22,$ 3194.11,100
2454,10:21:22,$ 3193.98,100
2455,10:21:06,$ 3194.093,229
2456,10:21:04,$ 3192.72,100
2457,10:21:02,$ 3192.04,100
2458,10:21:02,$ 3192.03,100
2459,10:21:02,$ 3192.03,100
2461,10:21:01,$ 3192.05,100
2462,10:20:44,$ 3193.05,100
2463,10:20:38,$ 3192.8125,100
2464,10:20:38,$ 3193.005,100
2465,10:20:36,$ 3193.25,124
2466,10:20:33,$ 3192.47,110
2467,10:20:33,$ 3192.475,100
2468,10:20:33,$ 3192.475,100
2469,10:20:33,$ 3192.475,100
2470,10:20:11,$ 3192.585,200
2471,10:20:07,$ 3193.40,100
2472,10:19:53,$ 3193.01,100
2473,10:19:53,$ 3193.01,169
2474,10:19:53,$ 3193.01,153
2475,10:19:44,$ 3193.13,100
2476,10:19:44,$ 3193.13,100
2477,10:19:39,$ 3193.405,192
2478,10:19:30,$ 3193.37,100
2479,10:19:09,$ 3192.73,100
2480,10:19:08,$ 3192.985,100
2482,10:19:07,$ 3192.8125,100
2483,10:19:07,$ 3193.28,100
2484,10:18:47,$ 3192.12,100
2485,10:18:47,$ 3192.12,100
2486,10:18:47,$ 3192.36,100
2487,10:18:47,$ 3192.17,100
2488,10:18:28,$ 3191.97,100
2489,10:18:28,$ 3191.81,100
2490,10:18:28,$ 3191.97,100
2491,10:18:28,$ 3191.71,100
2492,10:18:28,$ 3191.99,100
2493,10:18:28,$ 3191.105,100
2494,10:18:28,$ 3191.005,200
2495,10:18:27,$ 3191.96,100
2496,10:18:27,$ 3191.97,100
2497,10:18:27,$ 3191.97,100
2498,10:18:27,$ 3191.96,100
2499,10:18:26,$ 3191.96,100
2500,10:18:20,$ 3191.19,100
2501,10:18:20,$ 3191.1832,250
2503,10:17:56,$ 3193.025,100
2504,10:17:45,$ 3192.57,100
2505,10:17:44,$ 3192.60,138
2506,10:17:43,$ 3193.00,900
2507,10:17:43,$ 3193.00,100
2508,10:17:43,$ 3193.00,100
2509,10:17:38,$ 3193.32,100
2510,10:17:38,$ 3193.33,100
2511,10:17:38,$ 3193.6467,640
2512,10:17:34,$ 3193.96,100
2513,10:17:28,$ 3193.00,250
2514,10:17:26,$ 3193.50,300
2515,10:17:25,$ 3194.42,100
2516,10:17:25,$ 3194.47,100
2517,10:17:25,$ 3193.69,100
2518,10:17:15,$ 3194.54,100
2519,10:17:03,$ 3193.31,100
2520,10:16:49,$ 3195.24,800
2521,10:16:48,$ 3195.24,100
2522,10:16:36,$ 3194.995,100
2524,10:16:16,$ 3194.01,300
2525,10:16:15,$ 3194.784,100
2526,10:16:15,$ 3194.796,100
2527,10:16:12,$ 3194.1689,250
2528,10:16:07,$ 3194.66,200
2529,10:16:06,$ 3195.27,100
2530,10:16:06,$ 3195.27,100
2531,10:16:01,$ 3196.25,100
2532,10:15:58,$ 3195.83,100
2533,10:15:55,$ 3196.27,100
2534,10:15:55,$ 3196.27,100
2535,10:15:55,$ 3195.29,100
2536,10:15:55,$ 3195.92,100
2537,10:15:55,$ 3195.77,100
2538,10:15:52,$ 3195.06,100
2539,10:15:52,$ 3195.10,100
2540,10:15:52,$ 3195.03,100
2541,10:15:49,$ 3195.93,100
2542,10:15:38,$ 3197.59,100
2543,10:15:38,$ 3197.57,100
2545,10:15:08,$ 3199.72,100
2546,10:15:01,$ 3200.65,100
2547,10:14:55,$ 3200.21,100
2548,10:14:55,$ 3200.12,100
2549,10:14:52,$ 3200.12,100
2550,10:14:52,$ 3200.50,100
2551,10:14:52,$ 3200.87,103
2552,10:14:42,$ 3201.99,100
2553,10:13:57,$ 3201.4788,125
2554,10:13:57,$ 3200.76,100
2555,10:13:53,$ 3201.00,100
2556,10:13:46,$ 3201.95,100
2557,10:13:43,$ 3201.535,100
2558,10:13:40,$ 3201.74,100
2559,10:13:37,$ 3201.958,"1,330"
2560,10:13:37,$ 3200.74,100
2561,10:13:37,$ 3200.71,100
2562,10:13:37,$ 3200.62,100
2563,10:13:23,$ 3201.5173,100
2564,10:13:03,$ 3201.99,100
2566,10:12:56,$ 3200.92,100
2567,10:12:56,$ 3200.86,100
2568,10:12:56,$ 3200.86,100
2569,10:12:52,$ 3199.84,100
2570,10:12:12,$ 3200.9999,100
2571,10:12:10,$ 3201.0004,145
2572,10:11:50,$ 3199.84,100
2573,10:11:46,$ 3200.00,100
2574,10:11:46,$ 3200.00,100
2575,10:11:43,$ 3200.72,100
2576,10:11:14,$ 3201.1199,156
2577,10:11:09,$ 3201.16,100
2578,10:11:04,$ 3202.58,277
2579,10:11:01,$ 3201.41,100
2580,10:11:01,$ 3201.18,100
2581,10:11:01,$ 3200.69,100
2582,10:10:52,$ 3200.707,500
2583,10:10:45,$ 3200.842,500
2584,10:10:32,$ 3201.81,100
2585,10:10:30,$ 3202.405,100
2587,10:10:26,$ 3202.00,144
2588,10:10:20,$ 3200.926,250
2589,10:10:01,$ 3200.68,100
2590,10:10:01,$ 3200.70,100
2591,10:09:51,$ 3199.93,100
2592,10:09:51,$ 3199.975,100
2593,10:09:43,$ 3199.595,400
2594,10:09:35,$ 3198.895,150
2595,10:09:26,$ 3199.81,100
2596,10:09:15,$ 3198.58,100
2597,10:09:10,$ 3200.00,100
2598,10:09:08,$ 3200.40,100
2599,10:09:08,$ 3200.50,100
2600,10:09:06,$ 3200.21,100
2601,10:09:06,$ 3199.584,312
2602,10:09:06,$ 3200.03,100
2603,10:09:06,$ 3200.00,100
2604,10:09:06,$ 3200.02,100
2605,10:09:06,$ 3200.08,100
2606,10:09:06,$ 3200.11,100
2608,10:09:06,$ 3200.19,100
2609,10:09:04,$ 3200.00,100
2610,10:09:00,$ 3196.46,100
2611,10:08:55,$ 3195.23,100
2612,10:08:42,$ 3195.25,200
2613,10:08:42,$ 3195.25,200
2614,10:08:42,$ 3195.25,200
2615,10:08:42,$ 3195.33,100
2616,10:08:42,$ 3195.33,100
2617,10:08:33,$ 3195.47,100
2618,10:08:31,$ 3195.91,100
2619,10:08:24,$ 3194.50,100
2620,10:08:14,$ 3195.575,100
2621,10:08:02,$ 3195.15,100
2622,10:07:58,$ 3194.62,100
2623,10:07:58,$ 3194.62,100
2624,10:07:58,$ 3194.62,100
2625,10:07:58,$ 3194.64,100
2626,10:07:57,$ 3194.96,100
2627,10:07:57,$ 3194.93,100
2629,10:07:51,$ 3194.98,100
2630,10:07:51,$ 3194.98,100
2631,10:07:44,$ 3196.175,200
2632,10:07:43,$ 3196.46,100
2633,10:07:38,$ 3196.01,100
2634,10:07:37,$ 3196.28,100
2635,10:07:37,$ 3196.29,100
2636,10:07:36,$ 3195.68,100
2637,10:07:36,$ 3196.00,100
2638,10:07:36,$ 3196.04,100
2639,10:07:23,$ 3196.98,100
2640,10:07:19,$ 3197.00,100
2641,10:07:18,$ 3198.085,100
2642,10:07:16,$ 3198.49,100
2643,10:07:16,$ 3198.47,100
2644,10:07:16,$ 3198.75,100
2645,10:07:01,$ 3197.0701,100
2646,10:06:54,$ 3196.98,100
2647,10:06:54,$ 3197.07,100
2648,10:06:53,$ 3196.32,100
2650,10:06:49,$ 3195.37,100
2651,10:06:49,$ 3195.00,250
2652,10:06:46,$ 3195.58,100
2653,10:06:45,$ 3195.42,100
2654,10:06:45,$ 3195.42,100
2655,10:06:33,$ 3196.50,100
2656,10:06:33,$ 3196.50,100
2657,10:06:33,$ 3196.50,100
2658,10:06:33,$ 3196.50,100
2659,10:06:33,$ 3196.70,100
2660,10:06:29,$ 3196.555,100
2661,10:06:16,$ 3197.27,100
2662,10:06:16,$ 3197.28,100
2663,10:06:09,$ 3198.09,100
2664,10:06:04,$ 3199.2581,100
2665,10:05:55,$ 3199.47,100
2666,10:05:55,$ 3199.50,100
2667,10:05:53,$ 3200.54,100
2668,10:05:51,$ 3200.33,100
2669,10:05:48,$ 3199.17,100
2671,10:05:47,$ 3199.04,100
2672,10:05:47,$ 3199.81,100
2673,10:05:46,$ 3200.33,100
2674,10:05:46,$ 3200.33,100
2675,10:05:46,$ 3199.39,100
2676,10:05:40,$ 3200.09,100
2677,10:05:40,$ 3200.14,100
2678,10:05:34,$ 3199.475,100
2679,10:05:23,$ 3199.73,170
2680,10:05:18,$ 3199.11,100
2681,10:05:11,$ 3199.56,100
2682,10:05:10,$ 3199.115,161
2683,10:04:55,$ 3200.55,100
2684,10:04:50,$ 3199.90,100
2685,10:04:44,$ 3200.10,100
2686,10:04:38,$ 3199.54,100
2687,10:04:38,$ 3199.51,100
2688,10:04:38,$ 3199.52,100
2689,10:04:38,$ 3199.53,100
2690,10:04:26,$ 3199.18,100
2692,10:04:09,$ 3198.695,100
2693,10:04:09,$ 3198.07,100
2694,10:04:08,$ 3199.00,100
2695,10:04:02,$ 3198.86,200
2696,10:03:54,$ 3199.18,100
2697,10:03:42,$ 3198.806,250
2698,10:03:39,$ 3199.2875,100
2699,10:03:39,$ 3198.80,100
2700,10:03:39,$ 3199.34,100
2701,10:03:12,$ 3199.89,100
2702,10:02:52,$ 3198.65,100
2703,10:02:43,$ 3198.10,100
2704,10:02:40,$ 3198.865,100
2705,10:02:40,$ 3198.715,100
2706,10:02:40,$ 3198.00,100
2707,10:02:40,$ 3199.02,100
2708,10:02:37,$ 3199.11,100
2709,10:02:36,$ 3198.565,100
2710,10:02:35,$ 3199.275,100
2711,10:02:35,$ 3198.43,100
2713,10:02:27,$ 3199.3925,100
2714,10:02:26,$ 3199.445,100
2715,10:02:26,$ 3198.90,100
2716,10:02:18,$ 3200.00,100
2717,10:02:13,$ 3200.20,183
2718,10:02:07,$ 3201.43,100
2719,10:02:07,$ 3201.20,100
2720,10:02:07,$ 3200.73,100
2721,10:02:05,$ 3199.76,100
2722,10:02:05,$ 3200.00,200
2723,10:02:05,$ 3200.00,100
2724,10:01:59,$ 3199.59,100
2725,10:01:57,$ 3198.98,100
2726,10:01:57,$ 3198.81,100
2727,10:01:28,$ 3196.955,100
2728,10:01:20,$ 3198.2975,100
2729,10:01:20,$ 3198.435,100
2730,10:01:20,$ 3198.435,100
2731,10:01:20,$ 3198.00,223
2732,10:01:20,$ 3198.00,256
2734,10:01:19,$ 3198.8699,525
2735,10:01:13,$ 3197.265,100
2736,10:01:12,$ 3198.775,100
2737,10:01:12,$ 3198.78,100
2738,10:01:06,$ 3199.27,100
2739,10:01:06,$ 3199.27,100
2740,10:01:06,$ 3198.55,100
2741,10:01:06,$ 3199.27,100
2742,10:01:05,$ 3199.00,100
2743,10:01:04,$ 3198.85,100
2744,10:01:00,$ 3198.205,100
2745,10:00:50,$ 3196.90,100
2746,10:00:50,$ 3197.11,100
2747,10:00:48,$ 3197.77,100
2748,10:00:36,$ 3198.775,100
2749,10:00:32,$ 3198.65,100
2750,10:00:26,$ 3198.915,100
2751,10:00:23,$ 3198.3201,100
2752,10:00:17,$ 3199.00,199
2753,10:00:15,$ 3198.9999,100
2755,10:00:12,$ 3198.10,100
2756,10:00:10,$ 3198.33,100
2757,10:00:02,$ 3195.58,100
2758,10:00:02,$ 3195.155,100
2759,10:00:02,$ 3195.13,100
2760,10:00:01,$ 3196.51,100
2762,10:59:59,$ 3206.17,100
2763,10:59:59,$ 3206.26,195
2764,10:59:59,$ 3206.00,300
2765,10:59:56,$ 3205.80,100
2766,10:59:50,$ 3205.15,149
2767,10:59:32,$ 3205.27,100
2768,10:59:32,$ 3205.27,100
2769,10:59:32,$ 3205.30,100
2770,10:59:26,$ 3205.24,100
2771,10:59:19,$ 3205.095,150
2772,10:59:10,$ 3205.45,100
2773,10:59:07,$ 3205.44,100
2774,10:59:06,$ 3205.46,100
2775,10:59:06,$ 3205.45,100
2776,10:58:56,$ 3204.9033,100
2777,10:58:45,$ 3205.3945,300
2778,10:58:45,$ 3205.45,100
2779,10:58:39,$ 3205.725,100
2780,10:58:35,$ 3205.20,135
2781,10:58:32,$ 3204.84,100
2783,10:58:32,$ 3204.82,100
2784,10:58:32,$ 3204.84,100
2785,10:58:32,$ 3204.79,100
2786,10:58:32,$ 3204.80,100
2787,10:58:32,$ 3204.90,100
2788,10:58:12,$ 3204.3884,297
2789,10:57:55,$ 3204.08,100
2790,10:57:55,$ 3204.74,100
2791,10:57:55,$ 3203.87,100
2792,10:57:55,$ 3203.03,100
2793,10:57:55,$ 3203.50,100
2794,10:57:55,$ 3204.00,100
2795,10:57:55,$ 3204.00,100
2796,10:57:55,$ 3204.23,100
2797,10:57:55,$ 3204.76,100
2798,10:57:43,$ 3202.90,100
2799,10:57:43,$ 3202.2089,253
2800,10:57:39,$ 3202.7125,200
2801,10:57:35,$ 3203.50,100
2802,10:57:34,$ 3202.53,100
2804,10:57:33,$ 3202.75,100
2805,10:57:33,$ 3202.71,100
2806,10:57:28,$ 3202.74,100
2807,10:57:28,$ 3202.70,350
2808,10:57:23,$ 3202.90,100
2809,10:57:23,$ 3203.38,100
2810,10:57:23,$ 3203.10,100
2811,10:57:19,$ 3202.00,383
2812,10:57:19,$ 3202.00,117
2813,10:57:03,$ 3201.96,200
2814,10:57:01,$ 3202.00,100
2815,10:56:51,$ 3200.425,100
2816,10:56:45,$ 3199.0325,100
2817,10:56:43,$ 3199.96,100
2818,10:56:31,$ 3199.3524,100
2819,10:56:29,$ 3199.00,200
2820,10:56:29,$ 3199.00,100
2821,10:56:16,$ 3197.68,100
2822,10:56:09,$ 3197.995,100
2823,10:55:49,$ 3197.555,298
2825,10:55:38,$ 3197.57,100
2826,10:55:23,$ 3196.98,100
2827,10:55:00,$ 3196.1447,100
2828,10:54:57,$ 3196.00,109
2829,10:54:29,$ 3197.14,100
2830,10:54:16,$ 3198.00,100
2831,10:53:48,$ 3197.97,300
2832,10:53:45,$ 3197.396,300
2833,10:53:11,$ 3198.34,100
2834,10:52:59,$ 3198.0175,100
2835,10:52:55,$ 3198.135,716
2836,10:52:54,$ 3198.555,100
2837,10:52:51,$ 3197.915,100
2838,10:52:48,$ 3198.00,117
2839,10:52:48,$ 3198.00,226
2840,10:52:48,$ 3197.97,154
2841,10:52:48,$ 3198.00,100
2842,10:52:48,$ 3198.00,184
2843,10:52:48,$ 3198.00,100
2844,10:52:44,$ 3197.18,132
2846,10:52:44,$ 3197.18,100
2847,10:52:28,$ 3196.94,100
2848,10:52:09,$ 3197.2442,100
2849,10:52:08,$ 3196.615,100
2850,10:52:05,$ 3197.21,100
2851,10:52:00,$ 3197.07,100
2852,10:52:00,$ 3197.08,100
2853,10:51:56,$ 3195.89,100
2854,10:51:56,$ 3195.83,100
2855,10:51:56,$ 3195.82,100
2856,10:51:56,$ 3195.87,100
2857,10:51:55,$ 3195.85,100
2858,10:51:47,$ 3195.21,100
2859,10:51:37,$ 3195.64,100
2860,10:51:21,$ 3195.80,100
2861,10:51:20,$ 3195.00,349
2862,10:50:22,$ 3197.64,100
2863,10:50:22,$ 3197.50,100
2864,10:50:21,$ 3197.00,100
2865,10:50:21,$ 3197.24,100
2867,10:50:07,$ 3196.63,500
2868,10:50:06,$ 3195.345,100
2869,10:50:06,$ 3196.27,100
2870,10:50:04,$ 3196.2155,222
2871,10:50:04,$ 3196.2458,277
2872,10:50:02,$ 3196.00,100
2873,10:49:49,$ 3195.2231,500
2874,10:49:38,$ 3196.06,100
2875,10:49:38,$ 3195.92,100
2876,10:49:37,$ 3196.0499,100
2877,10:49:31,$ 3194.7875,100
2878,10:49:13,$ 3194.9559,105
2879,10:49:12,$ 3195.65,100
2880,10:49:09,$ 3196.20,100
2881,10:49:06,$ 3196.7012,340
2882,10:49:06,$ 3196.7012,312
2883,10:49:05,$ 3195.9806,100
2884,10:49:05,$ 3196.30,100
2885,10:49:01,$ 3194.38,100
2886,10:49:01,$ 3194.45,100
2888,10:49:00,$ 3193.73,106
2889,10:49:00,$ 3195.00,999
2890,10:49:00,$ 3192.87,100
2891,10:49:00,$ 3194.42,100
2892,10:49:00,$ 3192.78,100
2893,10:49:00,$ 3192.88,100
2894,10:49:00,$ 3193.06,100
2895,10:49:00,$ 3193.10,100
2896,10:48:58,$ 3192.77,200
2897,10:48:58,$ 3192.76,100
2898,10:48:56,$ 3192.05,100
2899,10:48:56,$ 3192.26,100
2900,10:48:56,$ 3192.05,100
2901,10:48:56,$ 3191.86,100
2902,10:48:39,$ 3190.8931,138
2903,10:48:39,$ 3191.02,100
2904,10:48:37,$ 3190.26,100
2905,10:48:14,$ 3190.38,100
2906,10:48:14,$ 3190.59,100
2907,10:48:08,$ 3189.605,100
2909,10:48:08,$ 3190.56,600
2910,10:48:04,$ 3189.75,100
2911,10:47:59,$ 3190.00,100
2912,10:47:43,$ 3190.5679,500
2913,10:47:27,$ 3187.54,100
2914,10:47:27,$ 3187.55,100
2915,10:47:27,$ 3187.55,100
2916,10:47:27,$ 3188.49,100
2917,10:47:08,$ 3187.24,100
2918,10:47:08,$ 3187.23,100
2919,10:46:50,$ 3187.35,100
2920,10:46:49,$ 3187.06,100
2921,10:46:38,$ 3186.61,100
2922,10:46:13,$ 3185.98,100
2923,10:46:08,$ 3185.405,100
2924,10:45:55,$ 3187.4866,100
2925,10:45:50,$ 3186.45,100
2926,10:45:34,$ 3185.955,100
2927,10:45:25,$ 3185.80,500
2928,10:45:19,$ 3186.00,100
2930,10:45:13,$ 3186.89,100
2931,10:44:54,$ 3187.03,100
2932,10:44:54,$ 3187.03,100
2933,10:44:54,$ 3187.09,100
2934,10:44:31,$ 3187.25,100
2935,10:44:31,$ 3187.24,100
2936,10:44:28,$ 3187.2972,100
2937,10:44:26,$ 3187.01,100
2938,10:44:26,$ 3187.00,100
2939,10:44:26,$ 3187.00,713
2940,10:44:26,$ 3187.25,100
2941,10:44:26,$ 3187.02,100
2942,10:44:26,$ 3187.03,100
2943,10:44:26,$ 3187.14,100
2944,10:44:16,$ 3188.075,100
2945,10:44:15,$ 3187.42,200
2946,10:44:14,$ 3188.07,100
2947,10:44:06,$ 3187.24,100
2948,10:44:00,$ 3188.3367,207
2949,10:44:00,$ 3187.902,100
2951,10:43:47,$ 3188.14,100
2952,10:43:29,$ 3188.15,100
2953,10:43:20,$ 3189.11,100
2954,10:43:18,$ 3188.87,100
2955,10:43:18,$ 3188.78,100
2956,10:43:18,$ 3189.01,100
2957,10:43:18,$ 3189.12,100
2958,10:43:18,$ 3189.10,100
2959,10:43:18,$ 3189.12,100
2960,10:43:17,$ 3189.12,100
2961,10:43:17,$ 3189.10,100
2962,10:43:17,$ 3189.09,100
2963,10:43:15,$ 3188.06,100
2964,10:43:11,$ 3188.4175,100
2965,10:43:10,$ 3188.205,100
2966,10:43:10,$ 3188.61,100
2967,10:43:03,$ 3188.15,100
2968,10:42:48,$ 3188.0355,100
2969,10:42:41,$ 3188.82,100
2970,10:42:08,$ 3186.72,100
2972,10:42:07,$ 3186.44,100
2973,10:42:02,$ 3186.86,100
2974,10:42:02,$ 3186.86,100
2975,10:41:51,$ 3187.54,100
2976,10:41:47,$ 3187.00,300
2977,10:41:11,$ 3187.4901,200
2978,10:40:57,$ 3187.275,100
2979,10:40:57,$ 3187.3425,100
2980,10:40:53,$ 3187.22,100
2981,10:40:52,$ 3187.215,100
2982,10:40:43,$ 3187.66,100
2983,10:40:43,$ 3187.41,100
2984,10:40:43,$ 3187.41,100
2985,10:40:43,$ 3187.505,100
2986,10:40:43,$ 3187.48,100
2987,10:40:43,$ 3187.475,100
2988,10:40:43,$ 3187.475,100
2989,10:40:35,$ 3187.06,100
2990,10:40:33,$ 3187.00,400
2991,10:40:33,$ 3187.00,300
2993,10:40:33,$ 3187.00,132
2994,10:40:33,$ 3187.00,100
2995,10:40:33,$ 3187.00,800
2996,10:40:33,$ 3187.00,100
2997,10:40:33,$ 3187.00,100
2998,10:40:31,$ 3187.145,169
2999,10:40:23,$ 3187.845,100
3000,10:40:22,$ 3187.90,131
3001,10:40:22,$ 3187.90,100
3002,10:40:22,$ 3187.43,100
3003,10:40:21,$ 3188.015,200
3004,10:40:21,$ 3188.015,300
3005,10:40:21,$ 3188.015,100
3006,10:40:14,$ 3188.24,100
3007,10:40:14,$ 3188.64,100
3008,10:40:04,$ 3188.64,100
3009,10:40:04,$ 3188.37,100
3010,10:40:03,$ 3187.6487,300
3011,10:39:58,$ 3188.956,100
3012,10:39:55,$ 3188.63,100
3014,10:39:52,$ 3187.975,100
3015,10:39:52,$ 3187.965,100
3016,10:39:51,$ 3188.3275,100
3017,10:39:39,$ 3188.80,100
3018,10:39:32,$ 3187.94,500
3019,10:39:29,$ 3187.0038,100
3020,10:39:29,$ 3187.03,100
3021,10:39:29,$ 3187.03,100
3022,10:39:29,$ 3187.03,100
3023,10:39:23,$ 3187.97,103
3024,10:39:23,$ 3187.82,100
3025,10:39:19,$ 3189.42,100
3026,10:39:12,$ 3189.00,187
3027,10:39:12,$ 3189.00,125
3028,10:39:10,$ 3189.545,100
3029,10:39:09,$ 3189.88,100
3030,10:39:06,$ 3189.80,100
3031,10:39:03,$ 3189.75,100
3032,10:39:01,$ 3189.337,100
3033,10:39:00,$ 3189.586,100
3035,10:38:59,$ 3190.00,122
3036,10:38:59,$ 3190.00,250
3037,10:38:58,$ 3190.77,200
3038,10:38:44,$ 3190.32,100
3039,10:38:44,$ 3190.28,100
3040,10:38:28,$ 3191.45,100
3041,10:38:28,$ 3191.77,100
3042,10:37:42,$ 3191.59,100
3043,10:37:42,$ 3191.59,100
3044,10:37:42,$ 3191.61,100
3045,10:37:30,$ 3191.27,100
3046,10:37:30,$ 3191.34,100
3047,10:37:25,$ 3192.23,100
3048,10:37:17,$ 3192.33,100
3049,10:37:11,$ 3191.875,100
3050,10:37:11,$ 3191.04,100
3051,10:37:10,$ 3191.715,100
3052,10:37:03,$ 3192.70,100
3053,10:37:03,$ 3193.52,100
3054,10:36:08,$ 3193.40,100
3056,10:36:08,$ 3193.44,100
3057,10:36:04,$ 3193.78,100
3058,10:36:03,$ 3193.94,100
3059,10:36:03,$ 3194.7056,341
3060,10:35:54,$ 3194.81,100
3061,10:35:50,$ 3193.03,100
3062,10:35:50,$ 3193.04,100
3063,10:35:50,$ 3193.26,100
3064,10:35:50,$ 3193.26,100
3065,10:35:36,$ 3192.07,100
3066,10:35:25,$ 3192.39,100
3067,10:35:18,$ 3191.63,100
3068,10:35:18,$ 3191.59,100
3069,10:35:11,$ 3192.245,100
3070,10:35:04,$ 3192.62,100
3071,10:35:01,$ 3193.21,100
3072,10:34:39,$ 3193.32,100
3073,10:34:15,$ 3193.62,100
3074,10:34:04,$ 3194.27,113
3075,10:33:46,$ 3195.97,239
3077,10:33:42,$ 3195.21,100
3078,10:33:32,$ 3194.62,100
3079,10:32:55,$ 3194.46,100
3080,10:32:09,$ 3195.2801,200
3081,10:32:00,$ 3194.6755,100
3082,10:31:30,$ 3195.22,100
3083,10:31:14,$ 3194.45,100
3084,10:30:17,$ 3191.60,100
3085,10:30:14,$ 3191.175,100
3086,10:30:10,$ 3191.17,100
3087,10:30:09,$ 3191.21,100
3088,10:30:08,$ 3191.01,290
3089,10:30:01,$ 3192.16,100
3090,10:30:01,$ 3191.94,100
3092,11:29:34,$ 3205.37,100
3093,11:29:32,$ 3205.8299,100
3094,11:29:09,$ 3205.75,100
3095,11:27:51,$ 3201.99,100
3096,11:27:50,$ 3202.21,100
3097,11:27:45,$ 3202.00,100
3098,11:27:44,$ 3201.19,100
3099,11:27:39,$ 3202.445,100
3100,11:27:39,$ 3201.90,100
3101,11:27:39,$ 3201.93,100
3102,11:27:39,$ 3201.93,100
3103,11:27:21,$ 3202.81,100
3104,11:27:21,$ 3202.86,100
3105,11:27:21,$ 3202.545,100
3106,11:27:21,$ 3202.545,100
3107,11:27:21,$ 3202.41,200
3108,11:26:49,$ 3204.29,200
3109,11:26:39,$ 3205.48,100
3110,11:26:35,$ 3204.81,100
3111,11:26:30,$ 3204.55,200
3113,11:26:11,$ 3204.23,200
3114,11:26:03,$ 3202.665,121
3115,11:25:58,$ 3203.66,100
3116,11:25:31,$ 3203.52,100
3117,11:25:31,$ 3203.52,100
3118,11:25:26,$ 3202.4575,400
3119,11:25:18,$ 3203.34,100
3120,11:24:55,$ 3202.81,200
3121,11:24:50,$ 3203.06,100
3122,11:24:50,$ 3203.06,100
3123,11:24:50,$ 3203.06,100
3124,11:24:48,$ 3203.06,100
3125,11:24:26,$ 3203.39,100
3126,11:24:20,$ 3202.995,100
3127,11:24:01,$ 3202.165,100
3128,11:23:58,$ 3202.66,200
3129,11:23:48,$ 3201.67,100
3130,11:23:37,$ 3202.215,100
3131,11:23:27,$ 3202.825,100
3132,11:23:27,$ 3202.70,100
3134,11:23:22,$ 3202.005,100
3135,11:23:11,$ 3202.29,100
3136,11:23:05,$ 3201.88,200
3137,11:22:58,$ 3202.7997,100
3138,11:22:55,$ 3202.59,100
3139,11:22:55,$ 3202.61,100
3140,11:22:55,$ 3202.83,100
3141,11:22:43,$ 3202.985,100
3142,11:22:37,$ 3203.30,100
3143,11:22:29,$ 3203.116,175
3144,11:22:29,$ 3203.385,100
3145,11:22:29,$ 3203.385,100
3146,11:22:13,$ 3203.46,100
3147,11:22:13,$ 3203.48,100
3148,11:22:13,$ 3203.69,100
3149,11:22:00,$ 3204.18,400
3150,11:21:34,$ 3204.195,100
3151,11:21:34,$ 3204.17,100
3152,11:21:34,$ 3204.17,100
3153,11:21:34,$ 3204.17,100
3155,11:21:34,$ 3204.40,100
3156,11:21:34,$ 3204.17,100
3157,11:21:26,$ 3204.11,160
3158,11:21:24,$ 3203.7735,123
3159,11:21:24,$ 3203.245,455
3160,11:21:08,$ 3204.21,100
3161,11:21:08,$ 3204.85,100
3162,11:20:34,$ 3205.25,100
3163,11:20:14,$ 3205.99,100
3164,11:19:12,$ 3204.45,100
3165,11:19:08,$ 3204.7001,100
3166,11:19:04,$ 3205.18,133
3167,11:19:03,$ 3204.56,102
3168,11:19:01,$ 3204.44,299
3169,11:19:00,$ 3204.72,100
3170,11:18:59,$ 3204.44,100
3171,11:18:55,$ 3204.45,100
3172,11:18:40,$ 3204.05,100
3173,11:18:00,$ 3204.40,100
3174,11:16:59,$ 3206.10,100
3176,11:16:28,$ 3207.15,100
3177,11:15:34,$ 3208.99,364
3178,11:15:34,$ 3208.76,100
3179,11:15:31,$ 3209.68,180
3180,11:15:28,$ 3209.00,100
3181,11:15:27,$ 3209.00,100
3182,11:14:57,$ 3209.76,100
3183,11:14:56,$ 3210.32,100
3184,11:14:55,$ 3209.02,100
3185,11:14:42,$ 3209.06,100
3186,11:14:39,$ 3209.30,120
3187,11:14:36,$ 3208.47,100
3188,11:14:09,$ 3209.34,100
3189,11:14:04,$ 3209.34,100
3190,11:12:22,$ 3210.3801,100
3191,11:11:31,$ 3209.035,"3,000"
3192,11:11:23,$ 3208.83,200
3193,11:11:23,$ 3208.62,100
3194,11:11:06,$ 3209.80,100
3195,11:11:00,$ 3209.93,100
3197,11:11:00,$ 3209.91,100
3198,11:11:00,$ 3209.85,100
3199,11:11:00,$ 3209.94,100
3200,11:10:36,$ 3209.49,100
3201,11:10:35,$ 3208.60,100
3202,11:10:09,$ 3211.3341,100
3203,11:10:00,$ 3211.00,100
3204,11:10:00,$ 3211.00,131
3205,11:10:00,$ 3211.03,100
3206,11:10:00,$ 3211.05,100
3207,11:10:00,$ 3211.04,100
3208,11:09:59,$ 3211.75,200
3209,11:09:59,$ 3211.752,100
3210,11:09:59,$ 3211.75,100
3211,11:09:59,$ 3211.76,100
3212,11:09:38,$ 3210.91,100
3213,11:09:36,$ 3210.73,100
3214,11:09:36,$ 3211.18,100
3215,11:09:05,$ 3212.67,100
3216,11:09:04,$ 3212.17,100
3218,11:08:53,$ 3211.715,200
3219,11:08:49,$ 3212.50,109
3220,11:08:48,$ 3212.17,282
3221,11:08:45,$ 3212.62,100
3222,11:08:40,$ 3211.83,100
3223,11:08:38,$ 3212.27,100
3224,11:08:25,$ 3213.25,100
3225,11:08:15,$ 3213.42,100
3226,11:08:00,$ 3213.70,156
3227,11:07:50,$ 3213.2765,100
3228,11:07:46,$ 3213.14,100
3229,11:07:44,$ 3212.24,134
3230,11:07:43,$ 3211.82,158
3231,11:07:43,$ 3211.82,100
3232,11:07:10,$ 3214.08,100
3233,11:07:10,$ 3213.25,100
3234,11:07:10,$ 3214.435,100
3235,11:07:09,$ 3213.42,100
3236,11:07:08,$ 3213.29,100
3237,11:07:05,$ 3213.00,100
3239,11:06:54,$ 3213.24,100
3240,11:06:53,$ 3212.60,150
3241,11:06:39,$ 3211.81,100
3242,11:06:32,$ 3211.52,100
3243,11:06:32,$ 3210.95,100
3244,11:06:20,$ 3210.65,100
3245,11:06:20,$ 3210.65,100
3246,11:06:20,$ 3210.65,100
3247,11:06:20,$ 3210.65,100
3248,11:06:20,$ 3210.65,100
3249,11:06:20,$ 3210.65,100
3250,11:06:08,$ 3211.09,100
3251,11:06:05,$ 3211.82,100
3252,11:06:05,$ 3211.635,100
3253,11:05:57,$ 3211.00,100
3254,11:05:54,$ 3211.08,100
3255,11:05:47,$ 3210.2388,300
3256,11:05:44,$ 3211.80,100
3257,11:05:22,$ 3210.3784,300
3258,11:05:17,$ 3210.59,100
3260,11:05:16,$ 3210.58,750
3261,11:05:15,$ 3211.37,228
3262,11:05:15,$ 3211.37,172
3263,11:05:11,$ 3211.61,100
3264,11:05:03,$ 3210.30,100
3265,11:05:02,$ 3209.99,100
3266,11:04:56,$ 3209.41,100
3267,11:04:40,$ 3207.39,134
3268,11:04:40,$ 3207.39,100
3269,11:04:40,$ 3207.39,100
3270,11:04:34,$ 3207.40,100
3271,11:04:29,$ 3208.11,462
3272,11:04:08,$ 3209.71,100
3273,11:04:05,$ 3209.12,100
3274,11:04:05,$ 3209.06,100
3275,11:04:05,$ 3210.015,100
3276,11:03:27,$ 3211.375,100
3277,11:03:27,$ 3211.50,100
3278,11:02:55,$ 3209.211,200
3279,11:02:55,$ 3209.75,100
3281,11:02:29,$ 3212.22,100
3282,11:02:29,$ 3212.60,187
3283,11:02:29,$ 3211.31,100
3284,11:02:29,$ 3211.33,100
3285,11:02:29,$ 3211.33,100
3286,11:02:27,$ 3211.56,100
3287,11:02:20,$ 3211.00,599
3288,11:02:01,$ 3209.28,100
3289,11:01:59,$ 3209.99,100
3290,11:01:52,$ 3209.84,100
3291,11:01:46,$ 3209.7519,100
3292,11:01:38,$ 3208.60,100
3293,11:01:23,$ 3207.32,100
3294,11:01:22,$ 3206.415,200
3295,11:01:20,$ 3206.98,100
3296,11:01:04,$ 3206.4917,150
3297,11:01:04,$ 3206.96,100
3298,11:01:00,$ 3206.67,150
3299,11:00:56,$ 3208.28,100
3300,11:00:38,$ 3209.01,139
3302,11:00:37,$ 3209.47,100
3303,11:00:28,$ 3208.68,200
3304,11:00:27,$ 3209.29,100
3305,11:00:26,$ 3208.5008,100
3306,11:00:20,$ 3209.435,100
3307,11:00:15,$ 3209.99,100
3308,11:00:15,$ 3209.09,121
3309,11:00:15,$ 3209.09,100
3310,11:00:15,$ 3209.11,100
3311,11:00:12,$ 3207.98,100
3312,11:00:12,$ 3208.00,100
3313,11:00:03,$ 3206.28,100
3315,11:59:56,$ 3201.14,100
3316,11:58:54,$ 3198.0599,100
3317,11:58:23,$ 3199.20,100
3318,11:57:24,$ 3197.855,100
3319,11:57:24,$ 3197.855,100
3320,11:57:13,$ 3198.42,100
3321,11:57:08,$ 3198.40,100
3322,11:56:53,$ 3199.63,100
3323,11:56:50,$ 3198.81,100
3324,11:56:42,$ 3198.94,100
3325,11:56:18,$ 3199.1975,100
3326,11:56:04,$ 3199.40,100
3327,11:56:04,$ 3199.45,100
3328,11:56:04,$ 3199.40,100
3329,11:56:04,$ 3199.54,100
3330,11:56:04,$ 3199.59,100
3331,11:56:04,$ 3199.62,100
3332,11:56:04,$ 3199.65,100
3333,11:56:00,$ 3199.00,100
3334,11:55:23,$ 3198.89,100
3336,11:55:10,$ 3197.75,100
3337,11:55:09,$ 3197.75,200
3338,11:54:55,$ 3199.00,100
3339,11:54:43,$ 3197.5925,100
3340,11:54:43,$ 3197.381,250
3341,11:54:37,$ 3197.81,100
3342,11:54:36,$ 3197.805,100
3343,11:54:31,$ 3199.15,100
3344,11:54:10,$ 3198.96,100
3345,11:54:10,$ 3198.96,100
3346,11:54:05,$ 3198.02,100
3347,11:54:05,$ 3198.20,100
3348,11:53:54,$ 3198.51,100
3349,11:53:54,$ 3198.51,100
3350,11:53:40,$ 3197.493,492
3351,11:53:40,$ 3197.16,100
3352,11:53:39,$ 3197.421,675
3353,11:53:27,$ 3196.415,150
3354,11:53:18,$ 3195.2168,100
3355,11:52:52,$ 3196.47,100
3357,11:52:48,$ 3195.80,100
3358,11:52:48,$ 3195.52,100
3359,11:52:44,$ 3194.68,100
3360,11:52:42,$ 3194.68,100
3361,11:52:40,$ 3195.04,199
3362,11:52:40,$ 3195.16,100
3363,11:52:40,$ 3195.08,100
3364,11:52:34,$ 3195.56,100
3365,11:52:31,$ 3195.565,100
3366,11:52:27,$ 3195.00,100
3367,11:52:16,$ 3196.00,993
3368,11:52:04,$ 3196.05,100
3369,11:52:04,$ 3196.05,100
3370,11:51:34,$ 3197.07,100
3371,11:51:34,$ 3197.01,100
3372,11:51:30,$ 3196.13,100
3373,11:51:17,$ 3197.05,100
3374,11:51:16,$ 3197.00,142
3375,11:51:16,$ 3197.00,100
3376,11:51:16,$ 3197.11,100
3378,11:51:16,$ 3197.00,136
3379,11:51:11,$ 3196.87,100
3380,11:51:11,$ 3196.87,100
3381,11:51:11,$ 3196.70,100
3382,11:50:21,$ 3195.77,100
3383,11:50:21,$ 3195.86,100
3384,11:50:21,$ 3196.22,100
3385,11:50:21,$ 3196.39,100
3386,11:50:21,$ 3196.44,100
3387,11:49:43,$ 3194.90,200
3388,11:49:29,$ 3195.92,100
3389,11:49:29,$ 3195.85,100
3390,11:49:29,$ 3195.90,100
3391,11:49:20,$ 3194.9625,100
3392,11:49:07,$ 3194.165,200
3393,11:49:00,$ 3195.805,400
3394,11:48:37,$ 3196.785,111
3395,11:48:37,$ 3197.36,100
3396,11:47:31,$ 3198.53,100
3397,11:47:12,$ 3198.54,100
3399,11:45:58,$ 3199.30,100
3400,11:45:02,$ 3199.86,100
3401,11:44:48,$ 3200.58,153
3402,11:44:48,$ 3200.38,100
3403,11:44:48,$ 3200.39,100
3404,11:44:48,$ 3200.36,100
3405,11:44:48,$ 3199.97,100
3406,11:44:48,$ 3201.08,100
3407,11:44:48,$ 3201.08,118
3408,11:44:47,$ 3199.47,111
3409,11:44:47,$ 3200.11,100
3410,11:44:46,$ 3199.9962,100
3411,11:44:46,$ 3199.4662,100
3412,11:44:37,$ 3199.90,100
3413,11:44:37,$ 3199.925,100
3414,11:44:27,$ 3198.57,100
3415,11:44:22,$ 3198.00,100
3416,11:44:02,$ 3198.02,100
3417,11:44:02,$ 3197.78,100
3418,11:44:02,$ 3197.76,100
3420,11:44:01,$ 3197.77,100
3421,11:44:01,$ 3197.275,339
3422,11:44:01,$ 3197.20,100
3423,11:44:01,$ 3196.96,100
3424,11:44:01,$ 3196.96,100
3425,11:43:44,$ 3195.99,100
3426,11:43:15,$ 3196.47,100
3427,11:43:13,$ 3196.15,100
3428,11:42:31,$ 3196.2289,475
3429,11:42:31,$ 3196.18,100
3430,11:42:31,$ 3196.17,100
3431,11:42:17,$ 3194.78,100
3432,11:42:03,$ 3196.60,100
3433,11:41:58,$ 3197.065,100
3434,11:41:50,$ 3197.78,100
3435,11:41:50,$ 3197.80,100
3436,11:41:50,$ 3197.78,100
3437,11:41:50,$ 3197.80,100
3438,11:41:37,$ 3197.62,100
3439,11:41:35,$ 3197.00,173
3441,11:41:35,$ 3196.76,100
3442,11:41:01,$ 3197.97,100
3443,11:40:58,$ 3197.1499,900
3444,11:40:51,$ 3196.82,100
3445,11:40:51,$ 3196.08,"1,000"
3446,11:40:49,$ 3197.06,100
3447,11:40:46,$ 3197.95,100
3448,11:40:31,$ 3197.70,100
3449,11:39:59,$ 3198.00,100
3450,11:39:34,$ 3197.485,100
3451,11:39:32,$ 3197.535,100
3452,11:39:23,$ 3196.79,100
3453,11:39:17,$ 3196.79,100
3454,11:39:13,$ 3196.13,100
3455,11:38:57,$ 3198.565,100
3456,11:38:50,$ 3198.99,150
3457,11:38:45,$ 3198.59,100
3458,11:38:35,$ 3198.57,100
3459,11:38:32,$ 3197.79,200
3460,11:38:23,$ 3199.365,100
3462,11:38:14,$ 3198.29,100
3463,11:38:14,$ 3198.48,100
3464,11:38:08,$ 3198.3625,100
3465,11:38:03,$ 3197.93,100
3466,11:37:58,$ 3199.00,200
3467,11:37:21,$ 3199.92,100
3468,11:37:12,$ 3201.635,200
3469,11:37:00,$ 3201.05,100
3470,11:36:44,$ 3201.20,100
3471,11:36:44,$ 3201.00,100
3472,11:36:44,$ 3201.33,187
3473,11:36:44,$ 3200.87,100
3474,11:36:31,$ 3200.05,100
3475,11:36:24,$ 3199.945,100
3476,11:36:23,$ 3199.94,100
3477,11:36:23,$ 3199.945,100
3478,11:36:23,$ 3200.18,100
3479,11:36:20,$ 3199.78,100
3480,11:36:20,$ 3199.78,100
3481,11:36:20,$ 3199.78,100
3483,11:36:20,$ 3199.78,100
3484,11:36:20,$ 3200.00,100
3485,11:36:20,$ 3199.84,100
3486,11:36:20,$ 3199.84,300
3487,11:36:17,$ 3199.99,100
3488,11:36:12,$ 3199.94,100
3489,11:36:00,$ 3199.81,100
3490,11:36:00,$ 3199.94,100
3491,11:35:26,$ 3200.51,100
3492,11:35:22,$ 3200.31,100
3493,11:35:22,$ 3200.31,100
3494,11:35:21,$ 3200.31,100
3495,11:35:21,$ 3200.32,100
3496,11:35:21,$ 3200.31,100
3497,11:35:10,$ 3199.89,100
3498,11:35:05,$ 3200.86,100
3499,11:35:03,$ 3199.925,500
3500,11:35:03,$ 3199.93,100
3501,11:35:01,$ 3200.07,200
3502,11:34:53,$ 3200.87,100
3504,11:34:45,$ 3201.00,100
3505,11:34:44,$ 3200.52,100
3506,11:34:42,$ 3201.10,300
3507,11:34:04,$ 3202.87,100
3508,11:33:48,$ 3203.25,100
3509,11:33:46,$ 3202.83,100
3510,11:33:46,$ 3202.83,100
3511,11:33:46,$ 3202.83,300
3512,11:33:25,$ 3202.465,100
3513,11:33:21,$ 3202.215,100
3514,11:33:18,$ 3202.22,100
3515,11:33:17,$ 3202.22,100
3516,11:33:04,$ 3202.525,100
3517,11:32:50,$ 3202.3101,190
3518,11:32:19,$ 3202.64,100
3519,11:31:28,$ 3202.55,100
3520,11:31:20,$ 3203.03,100
3521,11:31:12,$ 3202.44,200
3522,11:31:06,$ 3202.44,100
3524,12:29:56,$ 3198.085,100
3525,12:29:22,$ 3198.40,100
3526,12:29:22,$ 3198.3099,100
3527,12:29:15,$ 3198.31,200
3528,12:28:48,$ 3197.35,100
3529,12:28:13,$ 3196.29,100
3530,12:28:13,$ 3196.89,100
3531,12:28:07,$ 3195.967,100
3532,12:27:28,$ 3195.555,150
3533,12:27:21,$ 3196.00,262
3534,12:27:21,$ 3196.00,206
3535,12:27:19,$ 3195.495,100
3536,12:27:00,$ 3194.695,100
3537,12:26:59,$ 3194.61,100
3538,12:26:59,$ 3194.01,100
3539,12:26:59,$ 3194.685,100
3540,12:26:59,$ 3194.635,100
3541,12:26:57,$ 3194.93,100
3542,12:26:57,$ 3194.925,100
3543,12:26:29,$ 3194.40,100
3545,12:26:27,$ 3194.2903,100
3546,12:25:44,$ 3193.7231,100
3547,12:25:34,$ 3194.18,200
3548,12:24:27,$ 3194.59,100
3549,12:24:20,$ 3194.325,"1,000"
3550,12:23:55,$ 3195.00,100
3551,12:23:30,$ 3195.00,100
3552,12:23:30,$ 3195.00,203
3553,12:23:05,$ 3195.2051,225
3554,12:23:05,$ 3195.2051,"1,683"
3555,12:22:55,$ 3195.20,100
3556,12:22:55,$ 3195.06,100
3557,12:22:28,$ 3195.19,100
3558,12:22:22,$ 3195.785,"2,000"
3559,12:22:19,$ 3195.20,100
3560,12:22:19,$ 3195.01,100
3561,12:22:15,$ 3195.00,283
3562,12:22:08,$ 3195.906,100
3563,12:22:03,$ 3195.46,100
3564,12:21:30,$ 3194.70,100
3566,12:21:21,$ 3195.04,100
3567,12:20:54,$ 3194.10,100
3568,12:20:54,$ 3194.10,100
3569,12:20:54,$ 3194.10,100
3570,12:20:53,$ 3193.61,100
3571,12:20:53,$ 3193.60,100
3572,12:20:53,$ 3193.60,100
3573,12:20:53,$ 3193.81,100
3574,12:20:53,$ 3193.62,100
3575,12:20:44,$ 3194.77,100
3576,12:20:26,$ 3194.63,100
3577,12:20:08,$ 3195.43,100
3578,12:19:44,$ 3195.43,100
3579,12:19:23,$ 3197.14,100
3580,12:19:23,$ 3197.19,100
3581,12:19:23,$ 3197.17,100
3582,12:19:20,$ 3196.77,100
3583,12:19:19,$ 3196.73,100
3584,12:19:06,$ 3197.932,100
3585,12:19:06,$ 3197.949,200
3587,12:19:06,$ 3197.02,100
3588,12:18:49,$ 3196.82,100
3589,12:18:47,$ 3196.23,100
3590,12:18:47,$ 3196.34,100
3591,12:18:47,$ 3196.43,100
3592,12:18:38,$ 3195.85,100
3593,12:18:01,$ 3195.00,275
3594,12:17:20,$ 3195.56,100
3595,12:17:05,$ 3195.61,100
3596,12:17:05,$ 3195.66,100
3597,12:17:04,$ 3196.00,111
3598,12:17:00,$ 3196.52,100
3599,12:16:59,$ 3197.135,339
3600,12:16:50,$ 3197.39,180
3601,12:15:44,$ 3197.61,100
3602,12:15:25,$ 3197.70,196
3603,12:15:02,$ 3196.59,100
3604,12:15:01,$ 3196.7567,300
3605,12:15:00,$ 3197.295,100
3606,12:15:00,$ 3196.55,100
3608,12:14:52,$ 3197.29,140
3609,12:14:47,$ 3197.485,100
3610,12:14:32,$ 3197.14,100
3611,12:14:13,$ 3198.305,100
3612,12:13:43,$ 3199.25,100
3613,12:13:42,$ 3199.51,100
3614,12:13:33,$ 3198.35,100
3615,12:12:53,$ 3199.725,100
3616,12:12:41,$ 3198.715,100
3617,12:12:25,$ 3199.07,100
3618,12:12:25,$ 3199.12,100
3619,12:12:25,$ 3199.12,137
3620,12:12:21,$ 3198.58,100
3621,12:12:18,$ 3198.25,100
3622,12:12:14,$ 3199.00,100
3623,12:12:13,$ 3199.02,100
3624,12:12:12,$ 3198.635,100
3625,12:11:21,$ 3198.69,110
3626,12:11:07,$ 3199.2718,123
3627,12:10:13,$ 3200.65,"2,160"
3629,12:09:07,$ 3201.74,100
3630,12:08:59,$ 3201.73,200
3631,12:08:20,$ 3200.56,300
3632,12:08:19,$ 3200.57,100
3633,12:07:10,$ 3200.99,100
3634,12:06:09,$ 3200.53,200
3635,12:06:08,$ 3200.54,100
3636,12:05:48,$ 3200.20,100
3637,12:05:38,$ 3199.00,200
3638,12:05:32,$ 3200.08,100
3639,12:04:05,$ 3199.80,100
3640,12:03:49,$ 3201.5622,100
3641,12:03:31,$ 3200.985,600
3642,12:03:26,$ 3201.79,100
3643,12:02:59,$ 3201.29,100
3644,12:02:59,$ 3201.61,100
3645,12:02:30,$ 3197.50,100
3646,12:02:20,$ 3199.02,100
3647,12:02:05,$ 3198.96,100
3648,12:01:36,$ 3198.925,100
3650,12:01:25,$ 3200.34,100
3651,12:01:25,$ 3200.89,100
3652,12:00:58,$ 3201.59,100
3653,12:00:51,$ 3202.746,100
3654,12:00:49,$ 3202.545,100
3655,12:00:27,$ 3202.045,100
3656,12:00:27,$ 3202.045,100
3657,12:00:23,$ 3201.50,798
3658,12:00:23,$ 3201.22,100
3660,12:59:30,$ 3199.58,100
3661,12:59:05,$ 3198.96,100
3662,12:59:04,$ 3199.30,100
3663,12:59:03,$ 3199.30,100
3664,12:58:49,$ 3199.285,100
3665,12:58:45,$ 3199.05,100
3666,12:58:45,$ 3199.06,100
3667,12:58:11,$ 3199.06,100
3668,12:55:39,$ 3198.00,100
3669,12:55:39,$ 3198.00,100
3670,12:55:39,$ 3198.00,100
3671,12:54:19,$ 3198.56,100
3672,12:53:01,$ 3199.96,100
3673,12:51:49,$ 3198.60,100
3674,12:51:46,$ 3198.80,100
3675,12:51:40,$ 3199.20,100
3676,12:50:35,$ 3200.50,100
3677,12:49:35,$ 3199.03,100
3678,12:49:07,$ 3199.60,100
3679,12:49:07,$ 3199.60,100
3681,12:49:03,$ 3198.83,100
3682,12:48:28,$ 3199.45,100
3683,12:48:28,$ 3199.44,100
3684,12:48:03,$ 3199.00,345
3685,12:48:03,$ 3199.00,189
3686,12:47:46,$ 3199.05,100
3687,12:47:40,$ 3199.496,267
3688,12:47:40,$ 3199.496,648
3689,12:47:40,$ 3199.92,100
3690,12:47:40,$ 3199.92,100
3691,12:47:39,$ 3199.91,100
3692,12:47:11,$ 3199.92,100
3693,12:46:48,$ 3200.43,100
3694,12:46:38,$ 3200.96,100
3695,12:46:16,$ 3200.0175,100
3696,12:46:00,$ 3200.58,100
3697,12:45:30,$ 3200.60,100
3698,12:45:28,$ 3200.45,100
3699,12:44:34,$ 3200.75,100
3700,12:43:42,$ 3201.62,100
3702,12:43:40,$ 3201.00,300
3703,12:43:24,$ 3199.86,100
3704,12:43:18,$ 3199.84,100
3705,12:42:49,$ 3200.00,125
3706,12:42:39,$ 3200.505,100
3707,12:42:35,$ 3200.00,100
3708,12:42:29,$ 3200.80,100
3709,12:42:29,$ 3200.8918,500
3710,12:42:04,$ 3200.95,100
3711,12:41:55,$ 3200.92,100
3712,12:41:42,$ 3199.50,100
3713,12:41:12,$ 3199.46,100
3714,12:41:02,$ 3199.65,100
3715,12:40:45,$ 3200.00,290
3716,12:40:45,$ 3200.00,103
3717,12:40:45,$ 3200.00,362
3718,12:40:24,$ 3199.035,100
3719,12:40:15,$ 3199.31,100
3720,12:40:15,$ 3199.28,100
3721,12:40:06,$ 3198.6101,300
3723,12:38:55,$ 3198.66,100
3724,12:38:55,$ 3198.43,100
3725,12:38:51,$ 3198.00,100
3726,12:38:51,$ 3198.00,100
3727,12:38:50,$ 3198.00,100
3728,12:38:36,$ 3197.76,100
3729,12:38:34,$ 3198.69,100
3730,12:38:31,$ 3198.00,400
3731,12:38:05,$ 3197.365,100
3732,12:37:45,$ 3196.76,100
3733,12:37:35,$ 3197.3467,178
3734,12:37:17,$ 3196.3001,174
3735,12:37:17,$ 3196.30,174
3736,12:36:46,$ 3196.45,100
3737,12:36:27,$ 3196.235,100
3738,12:34:54,$ 3196.94,100
3739,12:34:15,$ 3197.9099,100
3740,12:33:38,$ 3197.045,500
3741,12:33:23,$ 3197.075,500
3742,12:31:45,$ 3196.461,250
3744,12:30:41,$ 3198.898,100
3745,12:30:41,$ 3198.91,100
3746,12:30:41,$ 3198.85,100
3747,12:30:32,$ 3197.65,100
3748,12:30:32,$ 3197.65,100
3749,12:30:32,$ 3197.40,100
3750,12:30:32,$ 3197.65,100
3751,12:30:25,$ 3198.40,100
3752,12:30:25,$ 3198.50,100
3753,12:30:21,$ 3197.00,100
3754,12:30:21,$ 3197.00,100
3756,13:29:57,$ 3203.49,100
3757,13:29:33,$ 3203.45,100
3758,13:29:04,$ 3202.185,100
3759,13:29:04,$ 3201.69,100
3760,13:29:03,$ 3202.72,100
3761,13:28:55,$ 3201.60,100
3762,13:28:55,$ 3201.87,100
3763,13:28:55,$ 3201.88,100
3764,13:28:50,$ 3201.62,100
3765,13:26:44,$ 3201.47,100
3766,13:26:00,$ 3200.36,100
3767,13:25:55,$ 3200.66,100
3768,13:25:55,$ 3201.14,100
3769,13:25:55,$ 3202.275,100
3770,13:25:55,$ 3201.52,100
3771,13:25:49,$ 3201.52,100
3772,13:25:41,$ 3200.91,100
3773,13:25:40,$ 3201.795,100
3774,13:25:39,$ 3201.20,100
3775,13:25:39,$ 3201.19,100
3777,13:25:37,$ 3202.04,100
3778,13:25:37,$ 3202.00,100
3779,13:25:37,$ 3202.00,100
3780,13:25:34,$ 3201.63,100
3781,13:23:49,$ 3200.37,100
3782,13:23:24,$ 3199.40,100
3783,13:23:10,$ 3199.01,167
3784,13:23:10,$ 3199.07,100
3785,13:23:10,$ 3199.62,100
3786,13:23:10,$ 3199.69,100
3787,13:22:57,$ 3200.281,250
3788,13:22:02,$ 3201.13,100
3789,13:21:36,$ 3200.47,100
3790,13:21:20,$ 3199.04,100
3791,13:21:20,$ 3199.09,100
3792,13:21:19,$ 3200.54,147
3793,13:21:18,$ 3200.54,100
3794,13:20:39,$ 3201.37,100
3795,13:20:05,$ 3200.86,100
3796,13:20:01,$ 3200.77,139
3798,13:19:21,$ 3201.25,200
3799,13:17:57,$ 3199.57,100
3800,13:17:16,$ 3199.98,100
3801,13:17:16,$ 3199.98,146
3802,13:17:02,$ 3199.40,100
3803,13:17:02,$ 3199.36,100
3804,13:17:02,$ 3199.38,100
3805,13:16:53,$ 3198.09,282
3806,13:16:53,$ 3198.09,139
3807,13:16:53,$ 3198.10,100
3808,13:15:40,$ 3199.45,100
3809,13:15:03,$ 3198.15,100
3810,13:14:57,$ 3198.2432,100
3811,13:14:43,$ 3199.35,100
3812,13:14:14,$ 3199.56,100
3813,13:13:30,$ 3200.3259,156
3814,13:13:21,$ 3199.30,100
3815,13:13:17,$ 3198.65,100
3816,13:13:17,$ 3198.64,100
3817,13:13:16,$ 3198.65,100
3819,13:12:37,$ 3199.39,100
3820,13:12:37,$ 3199.39,100
3821,13:12:35,$ 3199.38,100
3822,13:10:50,$ 3201.71,100
3823,13:10:21,$ 3202.17,100
3824,13:10:20,$ 3201.34,100
3825,13:10:20,$ 3201.05,100
3826,13:10:05,$ 3201.00,100
3827,13:10:05,$ 3201.00,100
3828,13:09:18,$ 3196.87,100
3829,13:09:12,$ 3195.00,100
3830,13:09:12,$ 3195.00,100
3831,13:09:12,$ 3195.00,100
3832,13:09:11,$ 3196.00,100
3833,13:09:07,$ 3197.00,145
3834,13:09:06,$ 3197.50,100
3835,13:07:49,$ 3199.99,100
3836,13:07:49,$ 3199.98,100
3837,13:07:49,$ 3199.87,100
3838,13:05:49,$ 3198.3546,100
3840,13:05:43,$ 3198.21,100
3841,13:05:39,$ 3198.20,100
3842,13:05:39,$ 3198.20,100
3843,13:05:35,$ 3197.78,100
3844,13:05:32,$ 3197.75,100
3845,13:05:18,$ 3198.0299,100
3846,13:05:06,$ 3197.01,100
3847,13:05:06,$ 3197.26,100
3848,13:03:37,$ 3198.8034,400
3849,13:03:36,$ 3198.6141,150
3850,13:03:36,$ 3198.46,100
3851,13:02:04,$ 3197.70,100
3852,13:02:04,$ 3197.70,100
3853,13:01:49,$ 3198.66,100
3854,13:01:31,$ 3198.205,100
3855,13:01:05,$ 3197.75,113
3856,13:00:34,$ 3198.75,144
3857,13:00:34,$ 3198.75,314
3858,13:00:34,$ 3198.75,334
3859,13:00:34,$ 3198.75,100
3861,13:00:34,$ 3198.75,100
3862,13:00:02,$ 3199.19,100
3863,13:00:02,$ 3199.23,115
3865,13:59:55,$ 3200.43,100
3866,13:59:22,$ 3200.65,100
3867,13:59:16,$ 3201.105,100
3868,13:56:54,$ 3201.43,100
3869,13:56:37,$ 3202.01,100
3870,13:56:06,$ 3202.32,100
3871,13:55:50,$ 3202.21,100
3872,13:55:50,$ 3201.75,600
