,NLS Time (ET),NLS Price,NLS Share Volume
1,09:59:59,$ 3322.00,341
2,09:59:57,$ 3322.9999,100
3,09:59:54,$ 3322.78,100
4,09:59:51,$ 3322.44,100
5,09:59:42,$ 3322.1701,100
6,09:59:36,$ 3322.955,200
7,09:59:35,$ 3322.53,800
8,09:59:32,$ 3322.3707,100
9,09:59:16,$ 3323.76,100
10,09:59:15,$ 3324.6202,200
11,09:59:14,$ 3323.895,100
12,09:59:13,$ 3324.97,250
13,09:59:13,$ 3324.81,100
14,09:59:13,$ 3324.89,100
15,09:59:11,$ 3324.9102,150
16,09:59:10,$ 3324.79,100
17,09:59:08,$ 3325.84,100
18,09:59:08,$ 3325.85,100
19,09:59:08,$ 3325.51,200
20,09:59:08,$ 3325.85,100
22,09:59:59,$ 3322.00,341
23,09:59:57,$ 3322.9999,100
24,09:59:54,$ 3322.78,100
25,09:59:51,$ 3322.44,100
26,09:59:42,$ 3322.1701,100
27,09:59:36,$ 3322.955,200
28,09:59:35,$ 3322.53,800
29,09:59:32,$ 3322.3707,100
30,09:59:16,$ 3323.76,100
31,09:59:15,$ 3324.6202,200
32,09:59:14,$ 3323.895,100
33,09:59:13,$ 3324.97,250
34,09:59:13,$ 3324.81,100
35,09:59:13,$ 3324.89,100
36,09:59:11,$ 3324.9102,150
37,09:59:10,$ 3324.79,100
38,09:59:08,$ 3325.84,100
39,09:59:08,$ 3325.85,100
40,09:59:08,$ 3325.51,200
41,09:59:08,$ 3325.85,100
43,09:58:22,$ 3321.215,600
44,09:58:21,$ 3321.7865,200
45,09:58:21,$ 3320.81,100
46,09:58:19,$ 3320.08,100
47,09:58:19,$ 3320.08,100
48,09:58:19,$ 3320.81,100
49,09:58:19,$ 3320.81,100
50,09:58:17,$ 3320.72,100
51,09:58:17,$ 3320.73,100
52,09:58:17,$ 3321.51,100
53,09:58:17,$ 3321.42,100
54,09:58:17,$ 3321.32,100
55,09:58:17,$ 3321.20,100
56,09:58:17,$ 3321.02,100
57,09:58:17,$ 3320.02,100
58,09:58:16,$ 3321.67,100
59,09:58:13,$ 3321.34,227
60,09:58:11,$ 3320.835,100
61,09:58:06,$ 3321.00,100
62,09:58:05,$ 3320.80,100
64,09:58:03,$ 3321.86,100
65,09:58:03,$ 3321.79,100
66,09:58:03,$ 3322.72,600
67,09:58:00,$ 3322.49,100
68,09:58:00,$ 3322.26,100
69,09:58:00,$ 3321.97,198
70,09:57:57,$ 3321.58,100
71,09:57:57,$ 3321.58,100
72,09:57:52,$ 3320.81,100
73,09:57:52,$ 3321.00,133
74,09:57:52,$ 3321.00,100
75,09:57:51,$ 3321.36,161
76,09:57:50,$ 3321.80,100
77,09:57:45,$ 3322.495,300
78,09:57:44,$ 3322.35,100
79,09:57:39,$ 3322.82,600
80,09:57:38,$ 3321.95,150
81,09:57:38,$ 3322.50,100
82,09:57:38,$ 3321.94,100
83,09:57:38,$ 3321.88,100
85,09:57:34,$ 3321.965,200
86,09:57:32,$ 3322.3499,100
87,09:57:30,$ 3322.40,100
88,09:57:30,$ 3322.15,100
89,09:57:29,$ 3322.45,100
90,09:57:29,$ 3322.47,100
91,09:57:29,$ 3322.365,100
92,09:57:29,$ 3322.90,100
93,09:57:29,$ 3322.90,100
94,09:57:29,$ 3323.23,100
95,09:57:27,$ 3322.90,100
96,09:57:27,$ 3322.90,100
97,09:57:24,$ 3323.70,100
98,09:57:24,$ 3323.71,100
99,09:57:23,$ 3323.49,100
100,09:57:20,$ 3323.3532,100
101,09:57:15,$ 3323.67,100
102,09:57:10,$ 3324.28,100
103,09:57:06,$ 3324.27,100
104,09:57:06,$ 3323.69,100
106,09:57:06,$ 3324.19,100
107,09:57:06,$ 3324.26,100
108,09:56:53,$ 3325.00,222
109,09:56:53,$ 3325.00,100
110,09:56:53,$ 3325.00,199
111,09:56:53,$ 3325.00,119
112,09:56:46,$ 3324.26,100
113,09:56:45,$ 3323.91,100
114,09:56:45,$ 3324.59,100
115,09:56:45,$ 3324.52,100
116,09:56:44,$ 3323.81,100
117,09:56:44,$ 3324.6225,100
118,09:56:44,$ 3324.04,100
119,09:56:44,$ 3324.42,100
120,09:56:44,$ 3325.4825,100
121,09:56:44,$ 3325.4025,100
122,09:56:41,$ 3325.14,100
123,09:56:39,$ 3325.51,100
124,09:56:39,$ 3325.93,100
125,09:56:39,$ 3325.785,100
127,09:56:39,$ 3325.82,100
128,09:56:39,$ 3325.39,100
129,09:56:38,$ 3325.53,100
130,09:56:36,$ 3326.245,100
131,09:56:36,$ 3326.245,100
132,09:56:36,$ 3326.245,100
133,09:56:36,$ 3326.245,100
134,09:56:36,$ 3326.245,100
135,09:56:36,$ 3326.245,100
136,09:56:35,$ 3326.21,100
137,09:56:31,$ 3326.17,100
138,09:56:24,$ 3327.14,100
139,09:56:12,$ 3327.9999,100
140,09:56:12,$ 3328.02,100
141,09:56:12,$ 3327.63,100
142,09:56:12,$ 3327.725,100
143,09:56:12,$ 3328.51,100
144,09:56:04,$ 3328.93,139
145,09:56:03,$ 3328.55,100
146,09:56:01,$ 3328.7993,100
148,09:55:58,$ 3327.74,100
149,09:55:55,$ 3328.42,100
150,09:55:54,$ 3328.41,100
151,09:55:54,$ 3328.41,220
152,09:55:54,$ 3328.42,100
153,09:55:54,$ 3328.05,100
154,09:55:54,$ 3328.05,100
155,09:55:54,$ 3328.31,131
156,09:55:52,$ 3327.54,100
157,09:55:49,$ 3327.00,100
158,09:55:48,$ 3326.2779,100
159,09:55:48,$ 3326.99,100
160,09:55:47,$ 3326.99,100
161,09:55:47,$ 3326.88,100
162,09:55:47,$ 3326.77,100
163,09:55:47,$ 3326.85,100
164,09:55:47,$ 3326.77,100
165,09:55:47,$ 3326.52,100
166,09:55:45,$ 3326.44,100
167,09:55:45,$ 3326.74,100
169,09:55:45,$ 3326.74,100
170,09:55:45,$ 3326.92,100
171,09:55:44,$ 3327.3042,100
172,09:55:43,$ 3327.88,100
173,09:55:43,$ 3327.35,100
174,09:55:43,$ 3328.10,100
175,09:55:42,$ 3328.00,100
176,09:55:42,$ 3327.97,100
177,09:55:42,$ 3327.95,200
178,09:55:41,$ 3327.57,100
179,09:55:37,$ 3327.71,100
180,09:55:37,$ 3327.765,100
181,09:55:33,$ 3327.60,100
182,09:55:32,$ 3327.77,150
183,09:55:32,$ 3327.77,100
184,09:55:32,$ 3327.72,100
185,09:55:31,$ 3327.07,100
186,09:55:31,$ 3327.69,100
187,09:55:30,$ 3327.23,100
188,09:55:30,$ 3327.23,100
190,09:55:29,$ 3327.035,100
191,09:55:29,$ 3327.035,100
192,09:55:29,$ 3327.22,100
193,09:55:29,$ 3327.035,100
194,09:55:29,$ 3327.155,100
195,09:55:29,$ 3327.08,177
196,09:55:29,$ 3327.08,318
197,09:55:28,$ 3326.84,242
198,09:55:28,$ 3326.68,100
199,09:55:27,$ 3326.47,100
200,09:55:26,$ 3326.20,100
201,09:55:26,$ 3326.20,100
202,09:55:23,$ 3325.61,100
203,09:55:22,$ 3325.64,100
204,09:55:22,$ 3325.57,100
205,09:55:22,$ 3325.56,100
206,09:55:22,$ 3325.08,195
207,09:55:22,$ 3325.68,100
208,09:55:20,$ 3326.29,100
209,09:55:20,$ 3326.26,100
211,09:55:20,$ 3326.00,100
212,09:55:20,$ 3326.04,100
213,09:55:20,$ 3325.93,100
214,09:55:19,$ 3326.605,100
215,09:55:18,$ 3326.765,200
216,09:55:12,$ 3326.4017,100
217,09:55:10,$ 3327.19,100
218,09:55:10,$ 3327.20,100
219,09:55:10,$ 3327.33,100
220,09:55:08,$ 3327.25,100
221,09:55:08,$ 3327.25,100
222,09:55:08,$ 3326.675,100
223,09:55:08,$ 3327.25,100
224,09:55:08,$ 3326.675,100
225,09:55:08,$ 3326.82,100
226,09:55:06,$ 3326.7358,140
227,09:55:06,$ 3326.99,100
228,09:55:06,$ 3326.525,100
229,09:54:58,$ 3326.48,100
230,09:54:55,$ 3326.46,331
232,09:54:53,$ 3327.075,300
233,09:54:51,$ 3326.47,100
234,09:54:51,$ 3326.53,100
235,09:54:51,$ 3326.53,100
236,09:54:51,$ 3326.47,100
237,09:54:51,$ 3326.40,100
238,09:54:51,$ 3326.26,100
239,09:54:51,$ 3326.34,100
240,09:54:51,$ 3326.21,100
241,09:54:47,$ 3325.93,100
242,09:54:46,$ 3326.0586,100
243,09:54:43,$ 3325.82,100
244,09:54:43,$ 3325.78,100
245,09:54:41,$ 3326.00,100
246,09:54:41,$ 3325.77,400
247,09:54:41,$ 3325.77,300
248,09:54:41,$ 3325.45,100
249,09:54:40,$ 3325.2517,100
250,09:54:32,$ 3325.0447,100
251,09:54:23,$ 3325.4399,100
253,09:54:20,$ 3324.99,100
254,09:54:19,$ 3324.26,100
255,09:54:18,$ 3324.48,100
256,09:54:18,$ 3324.34,100
257,09:54:17,$ 3323.8459,150
258,09:54:15,$ 3324.34,100
259,09:54:15,$ 3323.8369,140
260,09:54:11,$ 3324.56,100
261,09:54:10,$ 3324.37,100
262,09:54:10,$ 3324.42,100
263,09:54:09,$ 3324.01,100
264,09:54:08,$ 3324.16,100
265,09:54:08,$ 3324.46,150
266,09:54:05,$ 3324.30,100
267,09:54:05,$ 3324.02,100
268,09:54:04,$ 3324.6268,200
269,09:54:01,$ 3324.37,100
270,09:54:00,$ 3324.755,200
271,09:54:00,$ 3325.13,100
272,09:54:00,$ 3324.476,100
274,09:54:00,$ 3324.88,238
275,09:53:57,$ 3324.80,100
276,09:53:57,$ 3324.2801,100
277,09:53:57,$ 3324.58,100
278,09:53:56,$ 3324.43,100
279,09:53:56,$ 3324.58,100
280,09:53:56,$ 3324.58,100
281,09:53:56,$ 3324.3608,100
282,09:53:54,$ 3324.31,100
283,09:53:47,$ 3324.51,100
284,09:53:45,$ 3325.02,100
285,09:53:45,$ 3324.80,100
286,09:53:43,$ 3324.97,100
287,09:53:43,$ 3324.97,100
288,09:53:43,$ 3324.6402,100
289,09:53:42,$ 3324.77,100
290,09:53:40,$ 3324.80,100
291,09:53:40,$ 3324.97,100
292,09:53:33,$ 3324.49,200
293,09:53:32,$ 3324.18,100
295,09:53:32,$ 3324.21,100
296,09:53:32,$ 3324.38,400
297,09:53:32,$ 3324.49,300
298,09:53:32,$ 3324.49,100
299,09:53:32,$ 3324.38,100
300,09:53:21,$ 3323.00,100
301,09:53:21,$ 3322.53,200
302,09:53:19,$ 3323.20,150
303,09:53:19,$ 3322.995,100
304,09:53:19,$ 3322.995,100
305,09:53:18,$ 3322.82,100
306,09:53:18,$ 3323.32,100
307,09:53:18,$ 3322.82,450
308,09:53:15,$ 3323.02,100
309,09:53:13,$ 3322.51,100
310,09:53:13,$ 3322.52,100
311,09:53:09,$ 3322.925,100
312,09:53:06,$ 3322.50,100
313,09:53:05,$ 3322.87,100
314,09:53:05,$ 3323.00,289
316,09:53:00,$ 3321.8794,100
317,09:52:59,$ 3322.355,100
318,09:52:59,$ 3322.355,100
319,09:52:59,$ 3321.99,300
320,09:52:59,$ 3321.98,100
321,09:52:58,$ 3321.99,100
322,09:52:58,$ 3322.215,100
323,09:52:58,$ 3322.36,100
324,09:52:58,$ 3322.28,100
325,09:52:55,$ 3321.45,100
326,09:52:52,$ 3321.425,100
327,09:52:49,$ 3321.45,100
328,09:52:48,$ 3321.105,100
329,09:52:48,$ 3321.105,100
330,09:52:48,$ 3321.19,100
331,09:52:48,$ 3321.25,100
332,09:52:48,$ 3321.105,100
333,09:52:48,$ 3321.25,100
334,09:52:45,$ 3322.00,100
335,09:52:45,$ 3320.1512,150
337,09:52:43,$ 3320.27,100
338,09:52:43,$ 3319.71,100
339,09:52:37,$ 3320.4994,100
340,09:52:32,$ 3319.975,100
341,09:52:26,$ 3320.17,100
342,09:52:24,$ 3320.185,100
343,09:52:22,$ 3320.173,500
344,09:52:20,$ 3320.10,100
345,09:52:13,$ 3319.93,100
346,09:52:11,$ 3320.23,100
347,09:52:09,$ 3321.00,100
348,09:52:03,$ 3320.86,100
349,09:52:03,$ 3321.99,100
350,09:52:03,$ 3321.99,100
351,09:52:03,$ 3321.73,100
352,09:51:54,$ 3320.41,157
353,09:51:54,$ 3320.41,100
354,09:51:54,$ 3320.41,100
355,09:51:54,$ 3320.73,100
356,09:51:50,$ 3320.33,100
358,09:51:46,$ 3319.95,100
359,09:51:44,$ 3319.705,100
360,09:51:44,$ 3319.60,100
361,09:51:44,$ 3319.59,100
362,09:51:25,$ 3318.1929,100
363,09:51:25,$ 3318.97,100
364,09:51:18,$ 3318.96,100
365,09:51:15,$ 3319.96,100
366,09:51:13,$ 3322.00,100
367,09:51:13,$ 3321.70,100
368,09:51:13,$ 3322.21,105
369,09:51:12,$ 3321.23,100
370,09:51:12,$ 3321.00,244
371,09:51:12,$ 3318.77,100
372,09:51:12,$ 3320.00,200
373,09:51:12,$ 3320.00,200
374,09:51:12,$ 3320.00,100
375,09:51:12,$ 3320.00,123
376,09:51:12,$ 3320.00,100
377,09:51:12,$ 3320.00,563
379,09:51:12,$ 3319.75,100
380,09:51:12,$ 3319.74,100
381,09:51:12,$ 3319.34,100
382,09:51:12,$ 3318.89,100
383,09:51:12,$ 3318.46,100
384,09:51:11,$ 3318.00,100
385,09:51:05,$ 3317.83,250
386,09:51:05,$ 3318.11,100
387,09:51:01,$ 3317.80,100
388,09:51:01,$ 3318.03,100
389,09:51:01,$ 3317.81,100
390,09:51:01,$ 3317.81,100
391,09:50:48,$ 3317.38,192
392,09:50:48,$ 3317.47,100
393,09:50:48,$ 3317.8225,100
394,09:50:46,$ 3317.90,100
395,09:50:45,$ 3317.83,100
396,09:50:45,$ 3317.75,280
397,09:50:38,$ 3318.07,100
398,09:50:37,$ 3318.05,100
400,09:50:35,$ 3318.6458,100
401,09:50:33,$ 3318.36,100
402,09:50:33,$ 3318.26,100
403,09:50:33,$ 3318.36,100
404,09:50:33,$ 3318.37,100
405,09:50:33,$ 3318.02,100
406,09:50:33,$ 3318.02,100
407,09:50:32,$ 3317.79,100
408,09:50:31,$ 3317.79,100
409,09:50:31,$ 3317.79,100
410,09:50:31,$ 3317.79,100
411,09:50:28,$ 3317.80,100
412,09:50:28,$ 3317.80,100
413,09:50:23,$ 3317.79,100
414,09:50:19,$ 3318.30,100
415,09:50:17,$ 3318.51,100
416,09:50:13,$ 3319.59,100
417,09:50:12,$ 3318.51,100
418,09:50:08,$ 3318.8175,100
419,09:50:06,$ 3318.46,100
421,09:50:06,$ 3319.61,100
422,09:50:04,$ 3318.59,100
423,09:49:57,$ 3319.00,100
424,09:49:56,$ 3319.7599,100
425,09:49:56,$ 3319.55,100
426,09:49:56,$ 3319.53,100
427,09:49:56,$ 3319.11,100
428,09:49:53,$ 3319.00,100
429,09:49:53,$ 3318.50,100
430,09:49:52,$ 3317.95,100
431,09:49:51,$ 3317.94,100
432,09:49:49,$ 3317.18,100
433,09:49:49,$ 3317.18,160
434,09:49:49,$ 3317.19,100
435,09:49:49,$ 3317.17,100
436,09:49:49,$ 3317.1705,100
437,09:49:49,$ 3317.19,100
438,09:49:48,$ 3317.47,100
439,09:49:44,$ 3318.68,100
440,09:49:44,$ 3318.68,100
442,09:49:37,$ 3318.415,100
443,09:49:36,$ 3318.67,183
444,09:49:30,$ 3317.7486,145
445,09:49:21,$ 3318.7758,100
446,09:49:19,$ 3318.95,100
447,09:49:12,$ 3317.89,100
448,09:49:10,$ 3318.26,200
449,09:49:10,$ 3318.26,100
450,09:49:10,$ 3318.26,100
451,09:49:05,$ 3318.995,100
452,09:49:03,$ 3319.00,400
453,09:49:00,$ 3318.9303,600
454,09:48:58,$ 3318.97,100
455,09:48:54,$ 3318.57,198
456,09:48:53,$ 3318.57,100
457,09:48:39,$ 3318.31,100
458,09:48:39,$ 3318.53,173
459,09:48:39,$ 3318.53,100
460,09:48:38,$ 3317.78,100
461,09:48:38,$ 3318.00,100
463,09:48:36,$ 3317.18,100
464,09:48:31,$ 3317.06,100
465,09:48:30,$ 3317.59,100
466,09:48:30,$ 3317.00,200
467,09:48:23,$ 3316.32,100
468,09:48:22,$ 3316.04,100
469,09:48:19,$ 3315.67,100
470,09:48:05,$ 3316.69,100
471,09:48:04,$ 3316.59,100
472,09:48:04,$ 3316.46,100
473,09:48:03,$ 3316.10,710
474,09:48:01,$ 3315.6926,113
475,09:48:00,$ 3316.28,100
476,09:47:59,$ 3315.67,100
477,09:47:54,$ 3315.54,164
478,09:47:48,$ 3316.785,100
479,09:47:48,$ 3316.17,100
480,09:47:48,$ 3316.35,100
481,09:47:47,$ 3316.5601,100
482,09:47:39,$ 3316.97,100
484,09:47:23,$ 3315.715,100
485,09:47:23,$ 3316.52,100
486,09:47:16,$ 3316.43,225
487,09:47:16,$ 3316.43,152
488,09:47:16,$ 3316.43,123
489,09:47:12,$ 3315.8882,600
490,09:47:08,$ 3316.20,100
491,09:47:05,$ 3317.32,100
492,09:47:03,$ 3316.285,100
493,09:46:59,$ 3317.02,100
494,09:46:58,$ 3317.27,200
495,09:46:58,$ 3317.905,100
496,09:46:46,$ 3316.43,200
497,09:46:44,$ 3316.00,100
498,09:46:44,$ 3316.00,100
499,09:46:44,$ 3316.1544,500
500,09:46:42,$ 3317.3336,300
501,09:46:41,$ 3316.51,100
502,09:46:40,$ 3317.03,100
503,09:46:40,$ 3317.00,100
505,09:46:40,$ 3317.365,300
506,09:46:38,$ 3317.845,100
507,09:46:35,$ 3316.51,100
508,09:46:31,$ 3317.84,100
509,09:46:31,$ 3317.065,200
510,09:46:28,$ 3317.065,100
511,09:46:26,$ 3318.28,100
512,09:46:26,$ 3317.1525,400
513,09:46:24,$ 3317.80,100
514,09:46:24,$ 3318.03,100
515,09:46:18,$ 3317.08,100
516,09:46:10,$ 3318.21,298
517,09:46:10,$ 3318.16,100
518,09:46:09,$ 3317.99,118
519,09:46:09,$ 3317.93,100
520,09:46:08,$ 3317.88,100
521,09:46:05,$ 3319.00,100
522,09:46:04,$ 3318.00,100
523,09:46:04,$ 3318.3207,145
524,09:45:58,$ 3317.46,100
526,09:45:47,$ 3317.22,100
527,09:45:46,$ 3316.31,100
528,09:45:43,$ 3317.45,400
529,09:45:43,$ 3317.459,130
530,09:45:36,$ 3315.55,155
531,09:45:31,$ 3315.97,100
532,09:45:25,$ 3316.27,100
533,09:45:19,$ 3315.49,100
534,09:45:15,$ 3315.53,100
535,09:45:15,$ 3315.54,100
536,09:45:09,$ 3315.67,100
537,09:45:06,$ 3314.22,600
538,09:45:06,$ 3314.50,100
539,09:45:06,$ 3314.4375,100
540,09:45:06,$ 3314.29,100
541,09:45:04,$ 3314.284,"1,000"
542,09:45:03,$ 3314.6804,127
543,09:45:02,$ 3313.27,100
544,09:45:01,$ 3313.4412,110
545,09:45:01,$ 3313.434,100
547,09:45:01,$ 3313.59,100
548,09:45:00,$ 3313.85,300
549,09:45:00,$ 3314.00,100
550,09:45:00,$ 3313.78,100
551,09:44:59,$ 3313.69,100
552,09:44:58,$ 3313.69,100
553,09:44:52,$ 3313.12,100
554,09:44:49,$ 3312.45,100
555,09:44:47,$ 3312.9423,100
556,09:44:41,$ 3313.00,100
557,09:44:41,$ 3312.995,100
558,09:44:40,$ 3312.51,100
559,09:44:36,$ 3312.86,100
560,09:44:28,$ 3312.86,100
561,09:44:23,$ 3313.28,100
562,09:44:17,$ 3313.815,600
563,09:44:17,$ 3314.2212,100
564,09:44:12,$ 3313.54,100
565,09:44:12,$ 3313.54,100
566,09:44:12,$ 3313.54,100
568,09:44:08,$ 3313.99,100
569,09:44:06,$ 3313.55,250
570,09:44:02,$ 3312.09,100
571,09:43:55,$ 3310.8984,200
572,09:43:48,$ 3312.28,100
573,09:43:41,$ 3310.19,100
574,09:43:41,$ 3310.84,100
575,09:43:41,$ 3311.14,100
576,09:43:40,$ 3310.11,100
577,09:43:39,$ 3310.46,100
578,09:43:38,$ 3310.34,100
579,09:43:38,$ 3310.46,100
580,09:43:38,$ 3310.46,100
581,09:43:38,$ 3311.39,100
582,09:43:36,$ 3312.62,100
583,09:43:36,$ 3312.62,500
584,09:43:36,$ 3313.34,100
585,09:43:34,$ 3313.21,100
586,09:43:25,$ 3315.19,100
587,09:43:25,$ 3315.03,100
589,09:43:23,$ 3314.38,111
590,09:43:18,$ 3314.3799,100
591,09:43:18,$ 3313.765,100
592,09:43:15,$ 3313.91,100
593,09:43:14,$ 3313.21,100
594,09:43:14,$ 3313.235,150
595,09:43:09,$ 3313.34,120
596,09:43:07,$ 3313.32,100
597,09:43:07,$ 3312.77,100
598,09:43:06,$ 3312.914,100
599,09:42:57,$ 3314.00,100
600,09:42:56,$ 3313.57,100
601,09:42:56,$ 3313.57,100
602,09:42:49,$ 3313.5423,100
603,09:42:38,$ 3314.01,100
604,09:42:38,$ 3314.01,100
605,09:42:24,$ 3313.30,100
606,09:42:23,$ 3313.767,500
607,09:42:22,$ 3314.47,100
608,09:42:20,$ 3314.56,100
610,09:42:20,$ 3314.50,100
611,09:42:20,$ 3314.78,100
612,09:42:20,$ 3314.87,100
613,09:42:20,$ 3314.64,100
614,09:42:20,$ 3314.70,100
615,09:42:16,$ 3315.385,100
616,09:42:16,$ 3314.99,100
617,09:42:16,$ 3314.50,100
618,09:42:15,$ 3314.51,100
619,09:42:13,$ 3314.31,100
620,09:42:13,$ 3314.415,100
621,09:42:11,$ 3313.91,100
622,09:42:10,$ 3313.91,100
623,09:42:10,$ 3313.91,100
624,09:42:10,$ 3313.91,100
625,09:42:09,$ 3314.0191,196
626,09:42:09,$ 3314.92,108
627,09:42:05,$ 3314.94,330
628,09:42:02,$ 3314.68,100
629,09:42:02,$ 3314.68,100
631,09:41:50,$ 3313.22,100
632,09:41:49,$ 3314.71,100
633,09:41:48,$ 3313.82,100
634,09:41:48,$ 3314.00,200
635,09:41:43,$ 3315.9299,200
636,09:41:42,$ 3315.05,100
637,09:41:40,$ 3315.925,100
638,09:41:37,$ 3315.53,100
639,09:41:37,$ 3315.53,100
640,09:41:35,$ 3315.5143,200
641,09:41:34,$ 3315.0301,200
642,09:41:33,$ 3315.83,102
643,09:41:33,$ 3315.83,100
644,09:41:31,$ 3315.62,100
645,09:41:26,$ 3316.15,100
646,09:41:23,$ 3316.93,100
647,09:41:23,$ 3316.51,100
648,09:41:21,$ 3316.38,100
649,09:41:19,$ 3316.93,100
650,09:41:19,$ 3316.93,100
652,09:41:18,$ 3317.31,100
653,09:41:14,$ 3315.64,100
654,09:41:10,$ 3316.37,"1,000"
655,09:41:09,$ 3316.89,160
656,09:41:07,$ 3316.54,100
657,09:41:07,$ 3316.55,100
658,09:41:07,$ 3316.54,100
659,09:41:07,$ 3316.265,100
660,09:41:06,$ 3315.98,100
661,09:41:06,$ 3316.36,100
662,09:41:06,$ 3316.305,100
663,09:41:06,$ 3316.36,100
664,09:41:06,$ 3315.98,100
665,09:41:03,$ 3315.9386,500
666,09:41:02,$ 3315.505,100
667,09:40:59,$ 3315.5883,600
668,09:40:57,$ 3316.00,100
669,09:40:57,$ 3316.00,200
670,09:40:55,$ 3315.00,383
671,09:40:55,$ 3315.00,500
673,09:40:55,$ 3315.00,100
674,09:40:55,$ 3315.00,100
675,09:40:55,$ 3315.00,100
676,09:40:52,$ 3314.375,100
677,09:40:52,$ 3314.375,100
678,09:40:44,$ 3314.02,127
679,09:40:43,$ 3314.475,100
680,09:40:40,$ 3314.00,195
681,09:40:38,$ 3314.48,100
682,09:40:36,$ 3313.97,100
683,09:40:35,$ 3313.97,100
684,09:40:35,$ 3314.4899,100
685,09:40:35,$ 3313.97,100
686,09:40:29,$ 3313.447,200
687,09:40:27,$ 3314.20,100
688,09:40:27,$ 3314.47,100
689,09:40:24,$ 3313.80,100
690,09:40:24,$ 3314.24,100
691,09:40:24,$ 3313.90,100
692,09:40:24,$ 3314.02,100
694,09:40:24,$ 3314.26,100
695,09:40:24,$ 3314.27,100
696,09:40:23,$ 3312.79,100
697,09:40:23,$ 3312.76,100
698,09:40:23,$ 3312.78,100
699,09:40:23,$ 3312.76,100
700,09:40:23,$ 3312.69,100
701,09:40:23,$ 3312.7862,100
702,09:40:23,$ 3312.77,100
703,09:40:23,$ 3312.60,100
704,09:40:23,$ 3312.76,100
705,09:40:19,$ 3311.17,100
706,09:40:19,$ 3311.36,100
707,09:40:19,$ 3311.36,100
708,09:40:19,$ 3311.36,100
709,09:40:16,$ 3312.324,"1,000"
710,09:40:15,$ 3312.05,100
711,09:40:14,$ 3312.86,100
712,09:40:14,$ 3313.145,100
713,09:40:14,$ 3313.095,100
715,09:40:09,$ 3313.72,100
716,09:40:09,$ 3313.72,100
717,09:40:06,$ 3313.6873,250
718,09:40:03,$ 3314.00,150
719,09:40:02,$ 3312.98,100
720,09:40:01,$ 3312.25,100
721,09:40:01,$ 3313.00,100
722,09:40:00,$ 3312.70,100
723,09:40:00,$ 3312.96,100
724,09:40:00,$ 3312.245,100
725,09:40:00,$ 3312.245,100
726,09:39:59,$ 3312.2467,600
727,09:39:59,$ 3311.92,100
728,09:39:59,$ 3311.91,100
729,09:39:59,$ 3311.01,158
730,09:39:59,$ 3311.467,301
731,09:39:59,$ 3311.91,100
732,09:39:59,$ 3311.467,100
733,09:39:58,$ 3311.19,100
734,09:39:54,$ 3312.66,100
736,09:39:51,$ 3313.15,351
737,09:39:48,$ 3312.05,100
738,09:39:47,$ 3311.89,100
739,09:39:47,$ 3311.78,100
740,09:39:44,$ 3312.61,100
741,09:39:44,$ 3312.61,100
742,09:39:44,$ 3312.61,100
743,09:39:41,$ 3312.775,100
744,09:39:40,$ 3312.14,100
745,09:39:39,$ 3313.6499,804
746,09:39:39,$ 3312.42,100
747,09:39:39,$ 3312.67,100
748,09:39:39,$ 3312.37,100
749,09:39:39,$ 3311.62,100
750,09:39:39,$ 3311.66,100
751,09:39:39,$ 3311.52,100
752,09:39:39,$ 3311.61,100
753,09:39:39,$ 3311.66,100
754,09:39:39,$ 3311.91,100
755,09:39:36,$ 3310.685,100
757,09:39:33,$ 3311.428,100
758,09:39:27,$ 3311.77,200
759,09:39:24,$ 3312.685,100
760,09:39:24,$ 3312.695,100
761,09:39:20,$ 3312.50,250
762,09:39:20,$ 3312.505,100
763,09:39:20,$ 3312.505,100
764,09:39:20,$ 3312.125,100
765,09:39:19,$ 3312.89,258
766,09:39:11,$ 3311.785,100
767,09:39:11,$ 3312.00,135
768,09:39:11,$ 3312.4483,600
769,09:39:11,$ 3311.97,100
770,09:39:11,$ 3311.97,200
771,09:39:11,$ 3311.97,100
772,09:39:11,$ 3311.97,200
773,09:39:11,$ 3311.91,100
774,09:39:11,$ 3311.795,100
775,09:39:07,$ 3310.32,100
776,09:39:07,$ 3310.30,100
778,09:39:07,$ 3311.37,100
779,09:39:04,$ 3309.96,100
780,09:38:59,$ 3309.8225,100
781,09:38:59,$ 3309.1125,100
782,09:38:59,$ 3309.0275,100
783,09:38:59,$ 3309.2725,100
784,09:38:59,$ 3308.70,100
785,09:38:59,$ 3308.87,100
786,09:38:59,$ 3308.77,100
787,09:38:59,$ 3308.70,123
788,09:38:59,$ 3308.70,267
789,09:38:59,$ 3308.70,134
790,09:38:58,$ 3309.3325,100
791,09:38:52,$ 3310.34,100
792,09:38:51,$ 3310.00,105
793,09:38:51,$ 3310.00,100
794,09:38:51,$ 3310.00,100
795,09:38:49,$ 3309.5084,300
796,09:38:49,$ 3309.35,300
797,09:38:38,$ 3307.71,100
799,09:38:35,$ 3309.9199,100
800,09:38:27,$ 3309.02,100
801,09:38:24,$ 3309.95,100
802,09:38:24,$ 3309.64,100
803,09:38:24,$ 3309.50,400
804,09:38:24,$ 3309.50,100
805,09:38:22,$ 3309.08,127
806,09:38:21,$ 3309.145,100
807,09:38:19,$ 3308.925,100
808,09:38:19,$ 3309.43,100
809,09:38:19,$ 3308.925,100
810,09:38:19,$ 3308.945,100
811,09:38:16,$ 3308.46,100
812,09:38:15,$ 3308.46,100
813,09:38:14,$ 3308.47,100
814,09:38:14,$ 3308.47,100
815,09:38:11,$ 3309.00,100
816,09:38:10,$ 3308.20,100
817,09:38:10,$ 3307.645,200
818,09:38:08,$ 3308.48,"1,823"
820,09:38:08,$ 3308.6976,100
821,09:38:05,$ 3309.00,100
822,09:38:05,$ 3309.00,100
823,09:38:03,$ 3309.00,100
824,09:38:03,$ 3307.73,100
825,09:38:03,$ 3307.73,100
826,09:38:02,$ 3306.9314,116
827,09:37:55,$ 3306.8606,180
828,09:37:48,$ 3306.89,100
829,09:37:40,$ 3307.33,100
830,09:37:39,$ 3307.5549,150
831,09:37:38,$ 3307.34,100
832,09:37:38,$ 3307.34,100
833,09:37:29,$ 3309.00,100
834,09:37:29,$ 3308.99,100
835,09:37:29,$ 3308.747,"1,522"
836,09:37:29,$ 3309.00,100
837,09:37:29,$ 3309.00,100
838,09:37:29,$ 3309.00,100
839,09:37:29,$ 3308.36,100
841,09:37:29,$ 3308.07,200
842,09:37:29,$ 3307.83,100
843,09:37:28,$ 3307.625,100
844,09:37:27,$ 3307.27,100
845,09:37:25,$ 3307.43,100
846,09:37:25,$ 3307.43,100
847,09:37:25,$ 3307.43,298
848,09:37:25,$ 3306.79,100
849,09:37:24,$ 3307.04,100
850,09:37:24,$ 3307.04,100
851,09:37:21,$ 3306.945,100
852,09:37:21,$ 3306.945,100
853,09:37:21,$ 3306.945,100
854,09:37:19,$ 3307.4668,100
855,09:37:19,$ 3307.5995,100
856,09:37:19,$ 3307.4668,100
857,09:37:19,$ 3306.99,100
858,09:37:15,$ 3306.60,100
859,09:37:13,$ 3306.6099,100
860,09:37:04,$ 3306.17,100
862,09:37:02,$ 3306.62,100
863,09:36:59,$ 3306.1541,919
864,09:36:56,$ 3305.18,250
865,09:36:49,$ 3304.52,200
866,09:36:49,$ 3304.52,100
867,09:36:48,$ 3305.49,100
868,09:36:44,$ 3304.45,150
869,09:36:44,$ 3305.00,100
870,09:36:42,$ 3305.00,100
871,09:36:36,$ 3304.7353,302
872,09:36:34,$ 3304.421,250
873,09:36:32,$ 3303.68,100
874,09:36:32,$ 3304.75,100
875,09:36:29,$ 3304.288,236
876,09:36:29,$ 3304.59,100
877,09:36:29,$ 3304.61,100
878,09:36:26,$ 3304.295,146
879,09:36:25,$ 3302.92,250
880,09:36:25,$ 3304.50,100
881,09:36:25,$ 3304.50,100
883,09:36:25,$ 3305.00,131
884,09:36:25,$ 3305.00,137
885,09:36:25,$ 3305.00,100
886,09:36:25,$ 3305.00,100
887,09:36:25,$ 3305.00,100
888,09:36:16,$ 3303.41,134
889,09:36:11,$ 3302.24,183
890,09:36:10,$ 3301.9001,400
891,09:36:08,$ 3303.72,250
892,09:36:07,$ 3303.83,100
893,09:36:04,$ 3303.28,150
894,09:36:01,$ 3302.65,200
895,09:36:01,$ 3302.995,100
896,09:35:57,$ 3302.12,100
897,09:35:56,$ 3301.6399,100
898,09:35:55,$ 3301.52,100
899,09:35:45,$ 3298.0001,140
900,09:35:44,$ 3299.00,100
901,09:35:43,$ 3299.01,100
902,09:35:43,$ 3300.00,100
904,09:35:28,$ 3302.1522,140
905,09:35:27,$ 3302.01,100
906,09:35:26,$ 3302.58,120
907,09:35:26,$ 3302.59,100
908,09:35:22,$ 3302.98,100
909,09:35:21,$ 3302.42,100
910,09:35:15,$ 3303.3699,100
911,09:35:09,$ 3304.89,100
912,09:35:09,$ 3303.8953,277
913,09:35:08,$ 3302.02,100
914,09:35:06,$ 3304.1219,100
915,09:35:03,$ 3303.62,190
916,09:35:03,$ 3303.62,190
917,09:35:03,$ 3303.62,200
918,09:35:03,$ 3303.10,"1,000"
919,09:35:00,$ 3302.27,240
920,09:35:00,$ 3302.33,100
921,09:34:59,$ 3304.7599,100
922,09:34:57,$ 3304.08,"1,000"
923,09:34:56,$ 3304.02,100
925,09:34:50,$ 3304.75,100
926,09:34:50,$ 3304.49,100
927,09:34:50,$ 3304.06,100
928,09:34:50,$ 3304.06,100
929,09:34:50,$ 3304.02,100
930,09:34:48,$ 3304.9617,600
931,09:34:40,$ 3304.9975,202
932,09:34:37,$ 3305.04,100
933,09:34:37,$ 3305.03,419
934,09:34:36,$ 3305.03,100
935,09:34:36,$ 3304.71,100
936,09:34:36,$ 3304.7165,100
937,09:34:34,$ 3303.47,100
938,09:34:33,$ 3304.7499,110
939,09:34:31,$ 3304.00,100
940,09:34:30,$ 3304.00,156
941,09:34:28,$ 3304.76,200
942,09:34:27,$ 3304.235,100
943,09:34:21,$ 3303.325,100
944,09:34:20,$ 3304.045,100
946,09:34:15,$ 3304.10,100
947,09:34:15,$ 3304.165,100
948,09:34:15,$ 3304.48,100
949,09:34:15,$ 3304.48,100
950,09:34:15,$ 3304.48,100
951,09:34:14,$ 3303.80,250
952,09:34:14,$ 3304.40,100
953,09:34:13,$ 3304.40,100
954,09:34:13,$ 3305.01,100
955,09:34:12,$ 3304.45,100
956,09:34:09,$ 3304.25,300
957,09:34:08,$ 3305.00,100
958,09:34:08,$ 3305.00,800
959,09:34:06,$ 3307.00,100
960,09:34:06,$ 3305.42,100
961,09:34:06,$ 3305.94,100
962,09:34:05,$ 3305.94,100
963,09:34:04,$ 3307.00,100
964,09:34:03,$ 3306.00,305
965,09:34:03,$ 3306.00,100
967,09:34:02,$ 3305.49,161
968,09:34:02,$ 3305.4992,364
969,09:34:02,$ 3305.99,161
970,09:34:02,$ 3306.00,100
971,09:34:02,$ 3304.93,100
972,09:34:02,$ 3306.00,100
973,09:34:02,$ 3304.9081,150
974,09:34:02,$ 3305.24,150
975,09:34:02,$ 3304.8682,200
976,09:34:02,$ 3305.43,100
977,09:34:02,$ 3305.24,200
978,09:34:01,$ 3305.25,100
979,09:34:00,$ 3304.75,150
980,09:33:58,$ 3303.19,100
981,09:33:58,$ 3303.19,100
982,09:33:58,$ 3303.19,100
983,09:33:56,$ 3305.125,100
984,09:33:56,$ 3305.00,250
985,09:33:56,$ 3305.00,210
986,09:33:56,$ 3305.00,250
988,09:33:56,$ 3305.00,143
989,09:33:56,$ 3305.00,100
990,09:33:56,$ 3305.00,100
991,09:33:56,$ 3303.98,100
992,09:33:56,$ 3304.64,100
993,09:33:56,$ 3304.75,100
994,09:33:55,$ 3303.97,100
995,09:33:55,$ 3303.87,100
996,09:33:55,$ 3303.90,100
997,09:33:55,$ 3302.255,100
998,09:33:55,$ 3301.675,100
999,09:33:54,$ 3300.88,100
1000,09:33:54,$ 3301.75,199
1001,09:33:54,$ 3301.79,100
1002,09:33:54,$ 3301.78,100
1003,09:33:54,$ 3301.78,100
1004,09:33:54,$ 3301.7801,200
1005,09:33:48,$ 3302.98,200
1006,09:33:47,$ 3302.99,100
1007,09:33:42,$ 3300.96,100
1009,09:33:42,$ 3303.31,100
1010,09:33:41,$ 3300.915,100
1011,09:33:41,$ 3302.539,100
1012,09:33:41,$ 3302.59,100
1013,09:33:36,$ 3305.00,100
1014,09:33:35,$ 3305.00,173
1015,09:33:35,$ 3304.88,100
1016,09:33:35,$ 3304.40,100
1017,09:33:35,$ 3305.25,100
1018,09:33:35,$ 3305.25,100
1019,09:33:33,$ 3305.25,100
1020,09:33:33,$ 3304.30,100
1021,09:33:33,$ 3303.68,100
1022,09:33:33,$ 3304.50,100
1023,09:33:33,$ 3304.80,100
1024,09:33:33,$ 3304.82,100
1025,09:33:33,$ 3303.02,100
1026,09:33:33,$ 3303.49,300
1027,09:33:33,$ 3303.50,100
1028,09:33:32,$ 3304.00,100
1030,09:33:31,$ 3302.02,247
1031,09:33:31,$ 3303.80,100
1032,09:33:31,$ 3303.1663,194
1033,09:33:31,$ 3303.7128,500
1034,09:33:31,$ 3304.00,100
1035,09:33:30,$ 3302.866,100
1036,09:33:30,$ 3302.00,225
1037,09:33:30,$ 3301.67,100
1038,09:33:29,$ 3299.61,100
1039,09:33:29,$ 3299.64,100
1040,09:33:28,$ 3301.48,100
1041,09:33:27,$ 3301.22,100
1042,09:33:27,$ 3299.995,100
1043,09:33:26,$ 3301.53,100
1044,09:33:26,$ 3300.00,250
1045,09:33:26,$ 3300.00,108
1046,09:33:26,$ 3300.00,100
1047,09:33:26,$ 3300.00,100
1048,09:33:26,$ 3300.00,760
1049,09:33:26,$ 3300.00,100
1051,09:33:26,$ 3300.00,100
1052,09:33:26,$ 3300.00,150
1053,09:33:26,$ 3300.00,100
1054,09:33:25,$ 3299.00,100
1055,09:33:24,$ 3299.00,100
1056,09:33:24,$ 3299.00,110
1057,09:33:23,$ 3298.73,100
1058,09:33:23,$ 3298.0352,100
1059,09:33:23,$ 3298.35,100
1060,09:33:23,$ 3297.095,100
1061,09:33:23,$ 3298.00,100
1062,09:33:23,$ 3298.00,100
1063,09:33:22,$ 3296.895,153
1064,09:33:22,$ 3297.00,100
1065,09:33:21,$ 3297.30,100
1066,09:33:20,$ 3295.99,100
1067,09:33:20,$ 3295.85,100
1068,09:33:19,$ 3295.00,183
1069,09:33:19,$ 3295.00,100
1070,09:33:19,$ 3295.00,149
1072,09:33:19,$ 3295.00,203
1073,09:33:19,$ 3295.00,136
1074,09:33:17,$ 3294.32,100
1075,09:33:16,$ 3293.87,100
1076,09:33:16,$ 3291.9675,100
1077,09:33:16,$ 3292.185,100
1078,09:33:16,$ 3291.49,100
1079,09:33:15,$ 3291.485,100
1080,09:33:12,$ 3292.245,150
1081,09:33:11,$ 3292.11,100
1082,09:33:11,$ 3292.70,100
1083,09:33:11,$ 3293.08,100
1084,09:33:09,$ 3292.125,100
1085,09:33:09,$ 3292.20,200
1086,09:33:08,$ 3290.11,100
1087,09:33:08,$ 3291.49,100
1088,09:33:08,$ 3291.02,100
1089,09:33:06,$ 3291.215,100
1090,09:33:06,$ 3291.215,100
1091,09:33:03,$ 3289.55,300
1093,09:33:02,$ 3290.775,100
1094,09:33:02,$ 3291.20,100
1095,09:33:02,$ 3291.9999,100
1096,09:33:02,$ 3291.9999,100
1097,09:33:02,$ 3290.78,100
1098,09:33:02,$ 3291.9999,100
1099,09:33:02,$ 3291.9999,100
1100,09:33:02,$ 3291.9999,100
1101,09:33:02,$ 3290.775,100
1102,09:33:02,$ 3290.78,100
1103,09:33:02,$ 3290.775,100
1104,09:32:59,$ 3290.3149,150
1105,09:32:57,$ 3289.96,127
1106,09:32:48,$ 3288.82,100
1107,09:32:45,$ 3290.00,100
1108,09:32:44,$ 3290.80,150
1109,09:32:43,$ 3290.265,500
1110,09:32:43,$ 3290.955,100
1111,09:32:36,$ 3291.04,100
1112,09:32:36,$ 3291.07,100
1114,09:32:36,$ 3291.045,100
1115,09:32:36,$ 3292.00,100
1116,09:32:34,$ 3290.90,"1,900"
1117,09:32:34,$ 3290.90,200
1118,09:32:34,$ 3290.94,120
1119,09:32:34,$ 3290.375,100
1120,09:32:34,$ 3290.00,100
1121,09:32:31,$ 3289.00,360
1122,09:32:31,$ 3289.00,231
1123,09:32:31,$ 3289.00,281
1124,09:32:31,$ 3289.35,100
1125,09:32:22,$ 3286.2489,477
1126,09:32:18,$ 3285.57,100
1127,09:32:03,$ 3286.49,100
1128,09:32:03,$ 3286.775,100
1129,09:32:03,$ 3286.73,100
1130,09:32:02,$ 3287.83,100
1131,09:32:00,$ 3286.9543,100
1132,09:32:00,$ 3288.64,100
1133,09:31:58,$ 3288.14,100
1135,09:31:55,$ 3289.4099,150
1136,09:31:55,$ 3289.00,100
1137,09:31:49,$ 3289.90,100
1138,09:31:45,$ 3290.94,200
1139,09:31:41,$ 3290.02,"1,000"
1140,09:31:41,$ 3291.145,100
1141,09:31:41,$ 3290.365,250
1142,09:31:41,$ 3290.82,700
1143,09:31:41,$ 3291.358,618
1144,09:31:41,$ 3289.777,200
1145,09:31:36,$ 3287.00,100
1146,09:31:33,$ 3288.70,139
1147,09:31:33,$ 3287.95,100
1148,09:31:33,$ 3288.09,100
1149,09:31:33,$ 3288.08,100
1150,09:31:33,$ 3288.08,100
1151,09:31:29,$ 3288.71,100
1152,09:31:27,$ 3289.00,300
1153,09:31:24,$ 3288.655,100
1154,09:31:23,$ 3287.19,100
1156,09:31:23,$ 3287.51,100
1157,09:31:22,$ 3288.69,100
1158,09:31:22,$ 3288.69,100
1159,09:31:21,$ 3291.73,100
1160,09:31:21,$ 3291.13,300
1161,09:31:21,$ 3291.12,100
1162,09:31:21,$ 3290.305,100
1163,09:31:21,$ 3290.21,100
1164,09:31:21,$ 3291.40,100
1165,09:31:21,$ 3291.42,100
1166,09:31:21,$ 3291.43,100
1167,09:31:20,$ 3290.205,100
1168,09:31:19,$ 3290.21,200
1169,09:31:19,$ 3290.205,100
1170,09:31:19,$ 3290.01,100
1171,09:31:18,$ 3289.46,100
1172,09:31:17,$ 3287.54,100
1173,09:31:17,$ 3287.86,200
1174,09:31:17,$ 3287.87,100
1175,09:31:17,$ 3288.14,199
1177,09:31:17,$ 3286.50,100
1178,09:31:14,$ 3285.27,100
1179,09:31:10,$ 3288.57,100
1180,09:31:10,$ 3288.44,100
1181,09:31:07,$ 3288.14,100
1182,09:31:05,$ 3288.59,100
1183,09:31:02,$ 3288.87,100
1184,09:31:02,$ 3288.01,100
1185,09:31:02,$ 3288.185,100
1186,09:31:01,$ 3289.73,250
1187,09:30:59,$ 3289.26,100
1188,09:30:58,$ 3290.00,100
1189,09:30:57,$ 3290.105,400
1190,09:30:57,$ 3290.10,100
1191,09:30:57,$ 3290.26,100
1192,09:30:57,$ 3290.03,100
1193,09:30:57,$ 3290.00,100
1194,09:30:57,$ 3290.00,100
1195,09:30:57,$ 3290.125,100
1196,09:30:57,$ 3290.89,100
1198,09:30:56,$ 3289.22,100
1199,09:30:55,$ 3289.22,100
1200,09:30:55,$ 3289.725,100
1201,09:30:53,$ 3290.095,148
1202,09:30:52,$ 3290.095,100
1203,09:30:52,$ 3290.095,100
1204,09:30:52,$ 3290.095,100
1205,09:30:52,$ 3290.095,100
1206,09:30:52,$ 3290.00,100
1207,09:30:52,$ 3290.00,100
1208,09:30:52,$ 3290.00,100
1209,09:30:52,$ 3290.00,100
1210,09:30:51,$ 3290.00,120
1211,09:30:51,$ 3290.00,135
1212,09:30:50,$ 3289.23,100
1213,09:30:48,$ 3288.67,100
1214,09:30:46,$ 3289.12,100
1215,09:30:44,$ 3288.3481,100
1216,09:30:43,$ 3287.885,100
1217,09:30:38,$ 3289.03,250
1219,09:30:37,$ 3290.46,123
1220,09:30:35,$ 3289.245,100
1221,09:30:34,$ 3288.24,100
1222,09:30:33,$ 3289.79,100
1223,09:30:27,$ 3290.00,194
1224,09:30:27,$ 3289.9999,194
1225,09:30:27,$ 3290.165,100
1226,09:30:27,$ 3290.165,100
1227,09:30:26,$ 3288.85,100
1228,09:30:24,$ 3289.7162,"1,750"
1229,09:30:24,$ 3288.71,100
1230,09:30:23,$ 3286.00,296
1231,09:30:20,$ 3284.00,100
1232,09:30:07,$ 3284.35,100
1233,09:30:07,$ 3285.00,131
1234,09:30:07,$ 3285.00,100
1235,09:30:03,$ 3285.00,100
1236,09:30:02,$ 3282.001,300
1237,09:30:02,$ 3281.15,2
1238,09:30:02,$ 3281.15,141
1240,09:30:02,$ 3281.15,7
1241,09:30:02,$ 3281.15,18
1242,09:30:02,$ 3281.15,14
1243,09:30:02,$ 3281.15,60
1244,09:30:02,$ 3281.15,2
1245,09:30:02,$ 3281.15,1
1246,09:30:02,$ 3281.15,1
1247,09:30:02,$ 3281.15,3
1248,09:30:02,$ 3281.15,1
1249,09:30:02,$ 3281.15,6
1250,09:30:02,$ 3281.15,6
1251,09:30:02,$ 3281.15,2
1252,09:30:02,$ 3281.15,5
1253,09:30:02,$ 3281.15,15
1254,09:30:02,$ 3281.15,1
1255,09:30:02,$ 3281.15,2
1256,09:30:02,$ 3281.15,4
1257,09:30:02,$ 3281.15,5
1258,09:30:02,$ 3281.15,20
1259,09:30:02,$ 3281.15,4
1261,09:30:02,$ 3281.15,10
1262,09:30:02,$ 3281.15,11
1263,09:30:02,$ 3281.15,2
1264,09:30:02,$ 3281.15,3
1265,09:30:02,$ 3281.15,6
1266,09:30:02,$ 3281.15,1
1267,09:30:02,$ 3281.15,3
1268,09:30:02,$ 3281.15,15
1269,09:30:02,$ 3281.15,9
1270,09:30:02,$ 3281.15,2
1271,09:30:02,$ 3281.15,57
1272,09:30:02,$ 3281.15,2
1273,09:30:02,$ 3281.15,1
1274,09:30:02,$ 3281.15,1
1275,09:30:02,$ 3281.15,1
1276,09:30:02,$ 3281.15,1
1277,09:30:02,$ 3281.15,2
1278,09:30:02,$ 3281.15,6
1279,09:30:02,$ 3281.15,1
1280,09:30:02,$ 3281.15,5
1282,09:30:02,$ 3281.15,3
1283,09:30:02,$ 3281.15,182
1284,09:30:02,$ 3281.15,1
1285,09:30:02,$ 3281.15,2
1286,09:30:02,$ 3281.15,4
1287,09:30:02,$ 3281.15,1
1288,09:30:02,$ 3281.15,2
1289,09:30:02,$ 3281.15,1
1290,09:30:02,$ 3281.15,21
1291,09:30:02,$ 3281.15,1
1292,09:30:02,$ 3281.15,10
1293,09:30:02,$ 3281.15,3
1294,09:30:02,$ 3281.15,1
1295,09:30:02,$ 3281.15,10
1296,09:30:02,$ 3281.15,20
1297,09:30:02,$ 3281.15,3
1298,09:30:02,$ 3281.15,1
1299,09:30:02,$ 3281.15,2
1300,09:30:02,$ 3281.15,1
1301,09:30:02,$ 3281.15,5
1303,09:30:02,$ 3281.15,10
1304,09:30:02,$ 3281.15,1
1305,09:30:02,$ 3281.15,3
1306,09:30:02,$ 3281.15,1
1307,09:30:02,$ 3281.15,30
1308,09:30:02,$ 3281.15,2
1309,09:30:02,$ 3281.15,1
1310,09:30:02,$ 3281.15,6
1311,09:30:02,$ 3281.15,2
1312,09:30:02,$ 3281.15,1
1313,09:30:02,$ 3281.15,10
1314,09:30:02,$ 3281.15,1
1315,09:30:02,$ 3281.15,10
1316,09:30:02,$ 3281.15,1
1317,09:30:02,$ 3281.15,2
1318,09:30:02,$ 3281.15,2
1319,09:30:02,$ 3281.15,"2,000"
1320,09:30:02,$ 3281.15,3
1321,09:30:02,$ 3281.15,2
1322,09:30:02,$ 3281.15,9
1324,09:30:02,$ 3281.15,1
1325,09:30:02,$ 3281.15,1
1326,09:30:02,$ 3281.15,2
1327,09:30:02,$ 3281.15,11
1328,09:30:02,$ 3281.15,8
1329,09:30:02,$ 3281.15,4
1330,09:30:02,$ 3281.15,1
1331,09:30:02,$ 3281.15,15
1332,09:30:02,$ 3281.15,2
1333,09:30:02,$ 3281.15,91
1334,09:30:02,$ 3281.15,4
1335,09:30:02,$ 3281.15,26
1336,09:30:02,$ 3281.15,1
1337,09:30:02,$ 3281.15,3
1338,09:30:02,$ 3281.15,1
1339,09:30:02,$ 3281.15,1
1340,09:30:02,$ 3281.15,5
1341,09:30:02,$ 3281.15,5
1342,09:30:02,$ 3281.15,1
1343,09:30:02,$ 3281.15,14
1345,09:30:02,$ 3281.15,1
1346,09:30:02,$ 3281.15,1
1347,09:30:02,$ 3281.15,8
1348,09:30:02,$ 3281.15,15
1349,09:30:02,$ 3281.15,3
1350,09:30:02,$ 3281.15,38
1351,09:30:02,$ 3281.15,30
1352,09:30:02,$ 3281.15,20
1353,09:30:02,$ 3281.15,19
1354,09:30:02,$ 3281.15,27
1355,09:30:02,$ 3281.15,5
1356,09:30:02,$ 3281.15,1
1357,09:30:02,$ 3281.15,9
1358,09:30:02,$ 3281.15,4
1359,09:30:02,$ 3281.15,9
1360,09:30:02,$ 3281.15,5
1361,09:30:02,$ 3281.15,15
1362,09:30:02,$ 3281.15,14
1363,09:30:02,$ 3281.15,1
1364,09:30:02,$ 3281.15,18
1366,09:30:02,$ 3281.15,3
1367,09:30:02,$ 3281.15,5
1368,09:30:02,$ 3281.15,70
1369,09:30:02,$ 3281.15,4
1370,09:30:02,$ 3281.15,9
1371,09:30:02,$ 3281.15,3
1372,09:30:02,$ 3281.15,43
1373,09:30:02,$ 3281.15,20
1374,09:30:02,$ 3281.15,8
1375,09:30:02,$ 3281.15,24
1376,09:30:02,$ 3281.15,30
1377,09:30:02,$ 3281.15,6
1378,09:30:02,$ 3281.15,30
1379,09:30:02,$ 3281.15,1
1380,09:30:02,$ 3281.15,1
1381,09:30:02,$ 3281.15,1
1382,09:30:02,$ 3281.15,6
1383,09:30:02,$ 3281.15,2
1384,09:30:02,$ 3281.15,1
1385,09:30:02,$ 3281.15,1
1387,09:30:02,$ 3281.15,1
1388,09:30:02,$ 3281.15,2
1389,09:30:02,$ 3281.15,2
1390,09:30:02,$ 3281.15,1
1391,09:30:02,$ 3281.15,1
1392,09:30:02,$ 3281.15,1
1393,09:30:02,$ 3281.15,1
1394,09:30:02,$ 3281.15,10
1395,09:30:02,$ 3281.15,1
1396,09:30:02,$ 3281.15,1
1397,09:30:02,$ 3281.15,2
1398,09:30:02,$ 3281.15,2
1399,09:30:02,$ 3281.15,1
1400,09:30:02,$ 3281.15,3
1401,09:30:02,$ 3281.15,1
1402,09:30:02,$ 3281.15,2
1403,09:30:02,$ 3281.15,1
1404,09:30:02,$ 3281.15,3
1405,09:30:02,$ 3281.15,100
1406,09:30:02,$ 3281.15,1
1408,09:30:02,$ 3281.15,1
1409,09:30:02,$ 3281.15,3
1410,09:30:02,$ 3281.15,2
1411,09:30:02,$ 3281.15,5
1412,09:30:02,$ 3281.15,3
1413,09:30:02,$ 3281.15,2
1414,09:30:02,$ 3281.15,1
1415,09:30:02,$ 3281.15,1
1416,09:30:02,$ 3281.15,1
1417,09:30:02,$ 3281.15,1
1418,09:30:02,$ 3281.15,1
1419,09:30:02,$ 3281.15,1
1420,09:30:02,$ 3281.15,3
1421,09:30:02,$ 3281.15,2
1422,09:30:02,$ 3281.15,30
1423,09:30:02,$ 3281.15,2
1424,09:30:02,$ 3281.15,1
1425,09:30:02,$ 3281.15,1
1426,09:30:02,$ 3281.15,23
1427,09:30:02,$ 3281.15,3
1429,09:30:02,$ 3281.15,2
1430,09:30:02,$ 3281.15,1
1431,09:30:02,$ 3281.15,1
1432,09:30:02,$ 3281.15,1
1433,09:30:02,$ 3281.15,1
1434,09:30:02,$ 3281.15,30
1435,09:30:02,$ 3281.15,10
1436,09:30:02,$ 3281.15,2
1437,09:30:02,$ 3281.15,1
1438,09:30:02,$ 3281.15,2
1439,09:30:02,$ 3281.15,1
1440,09:30:02,$ 3281.15,5
1441,09:30:02,$ 3281.15,25
1442,09:30:02,$ 3281.15,16
1443,09:30:02,$ 3281.15,3
1444,09:30:02,$ 3281.15,3
1445,09:30:02,$ 3281.15,1
1446,09:30:02,$ 3281.15,3
1447,09:30:02,$ 3281.15,12
1448,09:30:02,$ 3281.15,4
1450,09:30:02,$ 3281.15,5
1451,09:30:02,$ 3281.15,19
1452,09:30:02,$ 3281.15,4
1453,09:30:02,$ 3281.15,10
1454,09:30:02,$ 3281.15,10
1455,09:30:02,$ 3281.15,12
1456,09:30:02,$ 3281.15,4
1457,09:30:02,$ 3281.15,70
1458,09:30:02,$ 3281.15,2
1459,09:30:02,$ 3281.15,5
1460,09:30:02,$ 3281.15,52
1461,09:30:02,$ 3281.15,1
1462,09:30:02,$ 3281.15,2
1463,09:30:02,$ 3281.15,4
1464,09:30:02,$ 3281.15,2
1465,09:30:02,$ 3281.15,1
1466,09:30:02,$ 3281.15,1
1467,09:30:02,$ 3281.15,15
1468,09:30:02,$ 3281.15,2
1469,09:30:02,$ 3281.15,2
1471,09:30:02,$ 3281.15,5
1472,09:30:02,$ 3281.15,30
1473,09:30:02,$ 3281.15,1
1474,09:30:02,$ 3281.15,5
1475,09:30:02,$ 3281.15,1
1476,09:30:02,$ 3281.15,6
1477,09:30:02,$ 3281.15,11
1478,09:30:02,$ 3281.15,6
1479,09:30:02,$ 3281.15,3
1480,09:30:02,$ 3281.15,15
1481,09:30:02,$ 3281.15,1
1482,09:30:02,$ 3281.15,1
1483,09:30:02,$ 3281.15,1
1484,09:30:02,$ 3281.15,1
1485,09:30:02,$ 3281.15,4
1486,09:30:02,$ 3281.15,1
1487,09:30:02,$ 3281.15,3
1488,09:30:02,$ 3281.15,1
1489,09:30:02,$ 3281.15,1
1490,09:30:02,$ 3281.15,3
1492,09:30:02,$ 3281.15,10
1493,09:30:02,$ 3281.15,3
1494,09:30:02,$ 3281.15,2
1495,09:30:02,$ 3281.15,1
1496,09:30:02,$ 3281.15,2
1497,09:30:02,$ 3281.15,1
1498,09:30:02,$ 3281.15,2
1499,09:30:02,$ 3281.15,2
1500,09:30:02,$ 3281.15,3
1501,09:30:02,$ 3281.15,1
1502,09:30:02,$ 3281.15,2
1503,09:30:02,$ 3281.15,1
1504,09:30:02,$ 3281.15,2
1505,09:30:02,$ 3281.15,1
1506,09:30:02,$ 3281.15,4
1507,09:30:02,$ 3281.15,2
1508,09:30:02,$ 3281.15,2
1509,09:30:02,$ 3281.15,3
1510,09:30:02,$ 3281.15,1
1511,09:30:02,$ 3281.15,1
1513,09:30:02,$ 3281.15,1
1514,09:30:02,$ 3281.15,1
1515,09:30:02,$ 3281.15,3
1516,09:30:02,$ 3281.15,1
1517,09:30:02,$ 3281.15,16
1518,09:30:02,$ 3281.15,7
1519,09:30:02,$ 3281.15,3
1520,09:30:02,$ 3281.15,2
1521,09:30:02,$ 3281.15,6
1522,09:30:02,$ 3281.15,2
1523,09:30:02,$ 3281.15,1
1524,09:30:02,$ 3281.15,4
1525,09:30:02,$ 3281.15,2
1526,09:30:02,$ 3281.15,2
1527,09:30:02,$ 3281.15,1
1528,09:30:02,$ 3281.15,8
1529,09:30:02,$ 3281.15,1
1530,09:30:02,$ 3281.15,1
1531,09:30:02,$ 3281.15,1
1532,09:30:02,$ 3281.15,3
1534,09:30:02,$ 3281.15,1
1535,09:30:02,$ 3281.15,2
1536,09:30:02,$ 3281.15,1
1537,09:30:02,$ 3281.15,5
1538,09:30:02,$ 3281.15,1
1539,09:30:02,$ 3281.15,3
1540,09:30:02,$ 3281.15,3
1541,09:30:02,$ 3281.15,3
1542,09:30:02,$ 3281.15,1
1543,09:30:02,$ 3281.15,2
1544,09:30:02,$ 3281.15,3
1545,09:30:02,$ 3281.15,1
1546,09:30:02,$ 3281.15,1
1547,09:30:02,$ 3281.15,3
1548,09:30:02,$ 3281.15,3
1549,09:30:02,$ 3281.15,2
1550,09:30:02,$ 3281.15,1
1551,09:30:02,$ 3281.15,1
1552,09:30:02,$ 3281.15,3
1553,09:30:02,$ 3281.15,20
1555,09:30:02,$ 3281.15,15
1556,09:30:02,$ 3281.15,1
1557,09:30:02,$ 3281.15,3
1558,09:30:02,$ 3281.15,5
1559,09:30:02,$ 3281.15,4
1560,09:30:02,$ 3281.15,20
1561,09:30:02,$ 3281.15,3
1562,09:30:02,$ 3281.15,3
1563,09:30:02,$ 3281.15,1
1564,09:30:02,$ 3281.15,5
1565,09:30:02,$ 3281.15,1
1566,09:30:02,$ 3281.15,7
1567,09:30:02,$ 3281.15,2
1568,09:30:02,$ 3281.15,1
1569,09:30:02,$ 3281.15,23
1570,09:30:02,$ 3281.15,10
1571,09:30:02,$ 3281.15,12
1572,09:30:02,$ 3281.15,1
1573,09:30:02,$ 3281.15,6
1574,09:30:02,$ 3281.15,1
1576,09:30:02,$ 3281.15,6
1577,09:30:02,$ 3281.15,14
1578,09:30:02,$ 3281.15,30
1579,09:30:02,$ 3281.15,10
1580,09:30:02,$ 3281.15,2
1581,09:30:02,$ 3281.15,23
1582,09:30:02,$ 3281.15,5
1583,09:30:02,$ 3281.15,46
1584,09:30:02,$ 3281.15,1
1585,09:30:02,$ 3281.15,3
1586,09:30:02,$ 3281.15,1
1587,09:30:02,$ 3281.15,5
1588,09:30:02,$ 3281.15,1
1589,09:30:02,$ 3281.15,2
1590,09:30:02,$ 3281.15,1
1591,09:30:02,$ 3281.15,1
1592,09:30:02,$ 3281.15,2
1593,09:30:02,$ 3281.15,4
1594,09:30:02,$ 3281.15,4
1595,09:30:02,$ 3281.15,5
1597,09:30:02,$ 3281.15,2
1598,09:30:02,$ 3281.15,2
1599,09:30:02,$ 3281.15,2
1600,09:30:02,$ 3281.15,3
1601,09:30:02,$ 3281.15,16
1602,09:30:02,$ 3281.15,5
1603,09:30:02,$ 3281.15,1
1604,09:30:02,$ 3281.15,2
1605,09:30:02,$ 3281.15,7
1606,09:30:02,$ 3281.15,2
1607,09:30:02,$ 3281.15,10
1608,09:30:02,$ 3281.15,3
1609,09:30:02,$ 3281.15,4
1610,09:30:02,$ 3281.15,1
1611,09:30:02,$ 3281.15,1
1612,09:30:02,$ 3281.15,2
1613,09:30:02,$ 3281.15,4
1614,09:30:02,$ 3281.15,10
1615,09:30:02,$ 3281.15,3
1616,09:30:02,$ 3281.15,1
1618,09:30:02,$ 3281.15,2
1619,09:30:02,$ 3281.15,2
1620,09:30:02,$ 3281.15,2
1621,09:30:02,$ 3281.15,3
1622,09:30:02,$ 3281.15,16
1623,09:30:02,$ 3281.15,5
1624,09:30:02,$ 3281.15,1
1625,09:30:02,$ 3281.15,2
1626,09:30:02,$ 3281.15,7
1627,09:30:02,$ 3281.15,2
1628,09:30:02,$ 3281.15,10
1629,09:30:02,$ 3281.15,3
1630,09:30:02,$ 3281.15,4
1631,09:30:02,$ 3281.15,1
1632,09:30:02,$ 3281.15,1
1633,09:30:02,$ 3281.15,2
1634,09:30:02,$ 3281.15,4
1635,09:30:02,$ 3281.15,10
1636,09:30:02,$ 3281.15,3
1637,09:30:02,$ 3281.15,1
1639,09:30:02,$ 3281.15,45
1640,09:30:02,$ 3281.15,7
1641,09:30:02,$ 3281.15,3
1642,09:30:02,$ 3281.15,16
1643,09:30:02,$ 3281.15,1
1644,09:30:02,$ 3281.15,10
1645,09:30:02,$ 3281.15,3
1646,09:30:02,$ 3281.15,4
1647,09:30:02,$ 3281.15,6
1648,09:30:02,$ 3281.15,7
1649,09:30:02,$ 3281.15,6
1650,09:30:02,$ 3281.15,4
1651,09:30:02,$ 3281.15,3
1652,09:30:02,$ 3281.15,5
1653,09:30:02,$ 3281.15,10
1654,09:30:02,$ 3281.15,8
1655,09:30:02,$ 3281.15,5
1656,09:30:02,$ 3281.15,6
1657,09:30:02,$ 3281.15,1
1658,09:30:02,$ 3281.15,2
1660,09:30:02,$ 3281.15,1
1661,09:30:02,$ 3281.15,2
1662,09:30:02,$ 3281.15,1
1663,09:30:02,$ 3281.15,1
1664,09:30:02,$ 3281.15,2
1665,09:30:02,$ 3281.15,3
1666,09:30:02,$ 3281.15,4
1667,09:30:02,$ 3281.15,2
1668,09:30:02,$ 3281.15,2
1669,09:30:02,$ 3281.15,4
1670,09:30:02,$ 3281.15,2
1671,09:30:02,$ 3281.15,1
1672,09:30:02,$ 3281.15,3
1673,09:30:02,$ 3281.15,7
1674,09:30:02,$ 3281.15,1
1675,09:30:02,$ 3281.15,9
1676,09:30:02,$ 3281.15,25
1677,09:30:02,$ 3281.15,12
1678,09:30:02,$ 3281.15,3
1679,09:30:02,$ 3281.15,3
1681,09:30:02,$ 3281.15,2
1682,09:30:02,$ 3281.15,9
1683,09:30:02,$ 3281.15,1
1684,09:30:02,$ 3281.15,3
1685,09:30:02,$ 3281.15,4
1686,09:30:02,$ 3281.15,5
1687,09:30:02,$ 3281.15,1
1688,09:30:02,$ 3281.15,1
1689,09:30:02,$ 3281.15,1
1690,09:30:02,$ 3281.15,200
1691,09:30:02,$ 3281.15,1
1692,09:30:02,$ 3281.15,2
1693,09:30:02,$ 3281.15,2
1694,09:30:02,$ 3281.15,1
1695,09:30:02,$ 3281.15,2
1696,09:30:02,$ 3281.15,8
1697,09:30:02,$ 3281.15,2
1698,09:30:02,$ 3281.15,1
1699,09:30:02,$ 3281.15,10
1700,09:30:02,$ 3281.15,2
1702,09:30:02,$ 3281.15,3
1703,09:30:02,$ 3281.15,2
1704,09:30:02,$ 3281.15,5
1705,09:30:02,$ 3281.15,6
1706,09:30:02,$ 3281.15,25
1707,09:30:02,$ 3281.15,2
1708,09:30:02,$ 3281.15,1
1709,09:30:02,$ 3281.15,300
1710,09:30:02,$ 3281.15,1
1711,09:30:02,$ 3281.15,1
1712,09:30:02,$ 3281.15,2
1713,09:30:02,$ 3281.15,12
1714,09:30:02,$ 3281.15,1
1715,09:30:02,$ 3281.15,2
1716,09:30:02,$ 3281.15,2
1717,09:30:02,$ 3281.15,50
1718,09:30:02,$ 3281.15,1
1719,09:30:02,$ 3281.15,5
1720,09:30:02,$ 3281.15,25
1721,09:30:02,$ 3281.15,1
1723,09:30:02,$ 3281.15,1
1724,09:30:02,$ 3281.15,2
1725,09:30:02,$ 3281.15,1
1726,09:30:02,$ 3281.15,1
1727,09:30:02,$ 3281.15,1
1728,09:30:02,$ 3281.15,1
1729,09:30:02,$ 3281.15,15
1730,09:30:02,$ 3281.15,5
1731,09:30:02,$ 3281.15,2
1732,09:30:02,$ 3281.15,4
1733,09:30:02,$ 3281.15,2
1734,09:30:02,$ 3281.15,2
1735,09:30:02,$ 3281.15,8
1736,09:30:02,$ 3281.15,15
1737,09:30:02,$ 3281.15,2
1738,09:30:02,$ 3281.15,2
1739,09:30:02,$ 3281.15,1
1740,09:30:02,$ 3281.15,1
1741,09:30:02,$ 3281.15,4
1742,09:30:02,$ 3281.15,1
1744,09:30:02,$ 3281.15,1
1745,09:30:02,$ 3281.15,1
1746,09:30:02,$ 3281.15,3
1747,09:30:02,$ 3281.15,3
1748,09:30:02,$ 3281.15,5
1749,09:30:02,$ 3281.15,10
1750,09:30:02,$ 3281.15,1
1751,09:30:02,$ 3281.15,2
1752,09:30:02,$ 3281.15,1
1753,09:30:02,$ 3281.15,3
1754,09:30:02,$ 3281.15,1
1755,09:30:02,$ 3281.15,3
1756,09:30:02,$ 3281.15,2
1757,09:30:02,$ 3281.15,9
1758,09:30:02,$ 3281.15,8
1759,09:30:02,$ 3281.15,5
1760,09:30:02,$ 3281.15,1
1761,09:30:02,$ 3281.15,1
1762,09:30:02,$ 3281.15,1
1763,09:30:02,$ 3281.15,1
1765,09:30:02,$ 3281.15,15
1766,09:30:02,$ 3281.15,5
1767,09:30:02,$ 3281.15,3
1768,09:30:02,$ 3281.15,2
1769,09:30:02,$ 3281.15,1
1770,09:30:02,$ 3281.15,1
1771,09:30:02,$ 3281.15,1
1772,09:30:02,$ 3281.15,2
1773,09:30:02,$ 3281.15,13
1774,09:30:02,$ 3281.15,5
1775,09:30:02,$ 3281.15,10
1776,09:30:02,$ 3281.15,30
1777,09:30:02,$ 3281.15,1
1778,09:30:02,$ 3281.15,2
1779,09:30:02,$ 3281.15,2
1780,09:30:02,$ 3281.15,3
1781,09:30:02,$ 3281.15,4
1782,09:30:02,$ 3281.15,40
1783,09:30:02,$ 3281.15,1
1784,09:30:02,$ 3281.15,1
1786,09:30:02,$ 3281.15,8
1787,09:30:02,$ 3281.15,100
1788,09:30:02,$ 3281.15,1
1789,09:30:02,$ 3281.15,13
1790,09:30:02,$ 3281.15,3
1791,09:30:02,$ 3281.15,1
1792,09:30:02,$ 3281.15,1
1793,09:30:02,$ 3281.15,1
1794,09:30:02,$ 3281.15,2
1795,09:30:02,$ 3281.15,1
1796,09:30:02,$ 3281.15,1
1797,09:30:02,$ 3281.15,1
1798,09:30:02,$ 3281.15,1
1799,09:30:02,$ 3281.15,89
1800,09:30:02,$ 3281.15,13
1801,09:30:02,$ 3281.15,14
1802,09:30:02,$ 3281.15,10
1803,09:30:02,$ 3281.15,10
1804,09:30:02,$ 3281.15,7
1805,09:30:02,$ 3281.15,3
1807,09:30:02,$ 3281.15,2
1808,09:30:02,$ 3281.15,2
1809,09:30:02,$ 3281.15,4
1810,09:30:02,$ 3281.15,3
1811,09:30:02,$ 3281.15,1
1812,09:30:02,$ 3281.15,3
1813,09:30:02,$ 3281.15,2
1814,09:30:02,$ 3281.15,2
1815,09:30:02,$ 3281.15,1
1816,09:30:02,$ 3281.15,1
1817,09:30:02,$ 3281.15,10
1818,09:30:02,$ 3281.15,10
1819,09:30:02,$ 3281.15,2
1820,09:30:02,$ 3281.15,16
1821,09:30:02,$ 3281.15,2
1822,09:30:02,$ 3281.15,3
1823,09:30:02,$ 3281.15,10
1824,09:30:02,$ 3281.15,1
1825,09:30:02,$ 3281.15,1
1826,09:30:02,$ 3281.15,1
1828,09:30:02,$ 3281.15,1
1829,09:30:02,$ 3281.15,1
1830,09:30:02,$ 3281.15,5
1831,09:30:02,$ 3281.15,1
1832,09:30:02,$ 3281.15,3
1833,09:30:02,$ 3281.15,1
1834,09:30:02,$ 3281.15,3
1835,09:30:02,$ 3281.15,1
1836,09:30:02,$ 3281.15,15
1837,09:30:02,$ 3281.15,2
1838,09:30:02,$ 3281.15,1
1839,09:30:02,$ 3281.15,2
1840,09:30:02,$ 3281.15,7
1841,09:30:02,$ 3281.15,15
1842,09:30:02,$ 3281.15,1
1843,09:30:02,$ 3281.15,10
1844,09:30:02,$ 3281.15,15
1845,09:30:02,$ 3281.15,4
1846,09:30:02,$ 3281.15,1
1847,09:30:02,$ 3281.15,1
1849,09:30:02,$ 3281.15,1
1850,09:30:02,$ 3281.15,2
1851,09:30:02,$ 3281.15,3
1852,09:30:02,$ 3281.15,5
1853,09:30:02,$ 3281.15,1
1854,09:30:02,$ 3281.15,1
1855,09:30:02,$ 3281.15,2
1856,09:30:02,$ 3281.15,20
1857,09:30:02,$ 3281.15,1
1858,09:30:02,$ 3281.15,29
1859,09:30:02,$ 3281.15,90
1860,09:30:02,$ 3281.15,2
1861,09:30:02,$ 3281.15,7
1862,09:30:02,$ 3281.15,1
1863,09:30:02,$ 3281.15,7
1864,09:30:02,$ 3281.15,1
1865,09:30:02,$ 3281.15,1
1866,09:30:02,$ 3281.15,5
1867,09:30:02,$ 3281.15,1
1868,09:30:02,$ 3281.15,1
1870,09:30:02,$ 3281.15,1
1871,09:30:02,$ 3281.15,3
1872,09:30:02,$ 3281.15,3
1873,09:30:02,$ 3281.15,2
1874,09:30:02,$ 3281.15,4
1875,09:30:02,$ 3281.15,60
1876,09:30:02,$ 3281.15,1
1877,09:30:02,$ 3281.15,1
1878,09:30:02,$ 3281.15,1
1879,09:30:02,$ 3281.15,10
1880,09:30:02,$ 3281.15,1
1881,09:30:02,$ 3281.15,10
1882,09:30:02,$ 3281.15,3
1883,09:30:02,$ 3281.15,1
1884,09:30:02,$ 3281.15,1
1885,09:30:02,$ 3281.15,1
1886,09:30:02,$ 3281.15,2
1887,09:30:02,$ 3281.15,1
1888,09:30:02,$ 3281.15,7
1889,09:30:02,$ 3281.15,1
1891,09:30:02,$ 3281.15,1
1892,09:30:02,$ 3281.15,1
1893,09:30:02,$ 3281.15,100
1894,09:30:02,$ 3281.15,1
1895,09:30:02,$ 3281.15,5
1896,09:30:02,$ 3281.15,16
1897,09:30:02,$ 3281.15,2
1898,09:30:02,$ 3281.15,1
1899,09:30:02,$ 3281.15,3
1900,09:30:02,$ 3281.15,5
1901,09:30:02,$ 3281.15,1
1902,09:30:02,$ 3281.15,1
1903,09:30:02,$ 3281.15,10
1904,09:30:02,$ 3281.15,1
1905,09:30:02,$ 3281.15,1
1906,09:30:02,$ 3281.15,1
1907,09:30:02,$ 3281.15,30
1908,09:30:02,$ 3281.15,1
1909,09:30:02,$ 3281.15,2
1910,09:30:02,$ 3281.15,1
1912,09:30:02,$ 3281.15,9
1913,09:30:02,$ 3281.15,4
1914,09:30:02,$ 3281.15,3
1915,09:30:02,$ 3281.15,2
1916,09:30:02,$ 3281.15,1
1917,09:30:02,$ 3281.15,1
1918,09:30:02,$ 3281.15,1
1919,09:30:02,$ 3281.15,10
1920,09:30:02,$ 3281.15,51
1921,09:30:02,$ 3281.15,1
1922,09:30:02,$ 3281.15,4
1923,09:30:02,$ 3281.15,3
1924,09:30:02,$ 3281.15,3
1925,09:30:02,$ 3281.15,1
1926,09:30:02,$ 3281.15,28
1927,09:30:02,$ 3281.15,28
1928,09:30:02,$ 3281.15,3
1929,09:30:02,$ 3281.15,6
1930,09:30:02,$ 3281.15,9
1931,09:30:02,$ 3281.15,15
1933,09:30:02,$ 3281.15,138
1934,09:30:02,$ 3281.15,11
1935,09:30:02,$ 3281.15,45
1936,09:30:02,$ 3281.15,4
1937,09:30:02,$ 3281.15,10
1938,09:30:02,$ 3281.15,3
1939,09:30:02,$ 3281.15,30
1940,09:30:02,$ 3281.15,20
1941,09:30:02,$ 3281.15,6
1942,09:30:02,$ 3281.15,15
1943,09:30:02,$ 3281.15,1
1944,09:30:02,$ 3281.15,2
1945,09:30:02,$ 3281.15,7
1946,09:30:02,$ 3281.15,95
1947,09:30:02,$ 3281.15,20
1948,09:30:02,$ 3281.15,3
1949,09:30:02,$ 3281.15,29
1950,09:30:02,$ 3281.15,11
1951,09:30:02,$ 3281.15,7
1952,09:30:02,$ 3281.15,1
1954,09:30:02,$ 3281.15,2
1955,09:30:02,$ 3281.15,6
1956,09:30:02,$ 3281.15,20
1957,09:30:02,$ 3281.15,19
1958,09:30:02,$ 3281.15,81
1959,09:30:02,$ 3281.15,35
1960,09:30:02,$ 3281.15,1
1961,09:30:02,$ 3281.15,30
1962,09:30:02,$ 3281.15,1
1963,09:30:02,$ 3281.15,1
1964,09:30:02,$ 3281.15,5
1965,09:30:02,$ 3281.15,1
1966,09:30:02,$ 3281.15,2
1967,09:30:02,$ 3281.15,1
1968,09:30:02,$ 3281.15,12
1969,09:30:02,$ 3281.15,3
1970,09:30:02,$ 3281.15,1
1971,09:30:02,$ 3281.15,50
1972,09:30:02,$ 3281.15,7
1973,09:30:02,$ 3281.15,1
1975,09:30:02,$ 3281.15,1
1976,09:30:02,$ 3281.15,7
1977,09:30:02,$ 3281.15,5
1978,09:30:02,$ 3281.15,6
1979,09:30:02,$ 3281.15,100
1980,09:30:02,$ 3281.15,5
1981,09:30:02,$ 3281.15,15
1982,09:30:02,$ 3281.15,2
1983,09:30:02,$ 3281.15,2
1984,09:30:02,$ 3281.15,1
1985,09:30:02,$ 3281.15,47
1986,09:30:02,$ 3281.15,11
1987,09:30:02,$ 3281.15,16
1988,09:30:02,$ 3281.15,12
1989,09:30:02,$ 3281.15,100
1990,09:30:02,$ 3281.15,3
1991,09:30:02,$ 3281.15,5
1992,09:30:02,$ 3281.15,15
1993,09:30:02,$ 3281.15,6
1994,09:30:02,$ 3281.15,1
1996,09:30:02,$ 3281.15,1
1997,09:30:02,$ 3281.15,1
1998,09:30:02,$ 3281.15,2
1999,09:30:02,$ 3281.15,1
2000,09:30:02,$ 3281.15,1
2001,09:30:02,$ 3281.15,2
2002,09:30:02,$ 3281.15,1
2003,09:30:02,$ 3281.15,2
2004,09:30:02,$ 3281.15,1
2005,09:30:02,$ 3281.15,5
2006,09:30:02,$ 3281.15,2
2007,09:30:02,$ 3281.15,4
2008,09:30:02,$ 3281.15,3
2009,09:30:02,$ 3281.15,10
2010,09:30:02,$ 3281.15,1
2011,09:30:02,$ 3281.15,2
2012,09:30:02,$ 3281.15,1
2013,09:30:02,$ 3281.15,1
2014,09:30:02,$ 3281.15,10
2015,09:30:02,$ 3281.15,2
2017,09:30:02,$ 3281.15,1
2018,09:30:02,$ 3281.15,4
2019,09:30:02,$ 3281.15,1
2020,09:30:02,$ 3281.15,8
2021,09:30:02,$ 3281.15,3
2022,09:30:02,$ 3281.15,4
2023,09:30:02,$ 3281.15,1
2024,09:30:02,$ 3281.15,3
2025,09:30:02,$ 3281.15,1
2026,09:30:02,$ 3281.15,2
2027,09:30:02,$ 3281.15,1
2028,09:30:02,$ 3281.15,2
2029,09:30:02,$ 3281.15,6
2030,09:30:02,$ 3281.15,2
2031,09:30:02,$ 3281.15,2
2032,09:30:02,$ 3281.15,25
2033,09:30:02,$ 3281.15,1
2034,09:30:02,$ 3281.15,2
2035,09:30:02,$ 3281.15,1
2036,09:30:02,$ 3281.15,10
2038,09:30:02,$ 3281.15,2
2039,09:30:02,$ 3281.15,9
2040,09:30:02,$ 3281.15,7
2041,09:30:02,$ 3281.15,8
2042,09:30:02,$ 3281.15,1
2043,09:30:02,$ 3281.15,1
2044,09:30:02,$ 3281.15,1
2045,09:30:02,$ 3281.15,10
2046,09:30:02,$ 3281.15,10
2047,09:30:02,$ 3281.15,3
2048,09:30:02,$ 3281.15,1
2049,09:30:02,$ 3281.15,1
2050,09:30:02,$ 3281.15,1
2051,09:30:02,$ 3281.15,1
2052,09:30:02,$ 3281.15,2
2053,09:30:02,$ 3281.15,15
2054,09:30:02,$ 3281.15,1
2055,09:30:02,$ 3281.15,1
2056,09:30:02,$ 3281.15,1
2057,09:30:02,$ 3281.15,1
2059,09:30:02,$ 3281.15,3
2060,09:30:02,$ 3281.15,1
2061,09:30:02,$ 3281.15,1
2062,09:30:02,$ 3281.15,1
2063,09:30:02,$ 3281.15,1
2064,09:30:02,$ 3281.15,1
2065,09:30:02,$ 3281.15,25
2066,09:30:02,$ 3281.15,1
2067,09:30:02,$ 3281.15,2
2068,09:30:02,$ 3281.15,1
2069,09:30:02,$ 3281.15,1
2070,09:30:02,$ 3281.15,2
2071,09:30:02,$ 3281.15,1
2072,09:30:02,$ 3281.15,1
2073,09:30:02,$ 3281.15,5
2074,09:30:02,$ 3281.15,26
2075,09:30:02,$ 3281.15,2
2076,09:30:02,$ 3281.15,1
2077,09:30:02,$ 3281.15,1
2078,09:30:02,$ 3281.15,1
2080,09:30:02,$ 3281.15,1
2081,09:30:02,$ 3281.15,1
2082,09:30:02,$ 3281.15,562
2083,09:30:02,$ 3281.15,4
2084,09:30:02,$ 3281.15,8
2085,09:30:02,$ 3281.15,50
2086,09:30:02,$ 3281.15,5
2087,09:30:02,$ 3281.15,3
2088,09:30:02,$ 3281.15,1
2089,09:30:02,$ 3281.15,1
2090,09:30:02,$ 3281.15,1
2091,09:30:02,$ 3281.15,2
2092,09:30:02,$ 3281.15,1
2093,09:30:02,$ 3281.15,10
2094,09:30:02,$ 3281.15,2
2095,09:30:02,$ 3281.15,1
2096,09:30:02,$ 3281.15,1
2097,09:30:02,$ 3281.15,1
2098,09:30:02,$ 3281.15,5
2099,09:30:02,$ 3281.15,1
2101,09:30:02,$ 3281.15,1
2102,09:30:02,$ 3281.15,1
2103,09:30:02,$ 3281.15,100
2104,09:30:02,$ 3281.15,1
2105,09:30:02,$ 3281.15,100
2106,09:30:02,$ 3281.15,400
2107,09:30:02,$ 3281.15,1
2108,09:30:02,$ 3281.15,29
2109,09:30:02,$ 3281.15,2
2110,09:30:02,$ 3281.15,1
2111,09:30:02,$ 3281.15,400
2112,09:30:02,$ 3281.15,152
2113,09:30:02,$ 3281.15,16
2114,09:30:02,$ 3281.15,26
2115,09:30:02,$ 3281.15,15
2116,09:30:02,$ 3281.15,1
2117,09:30:02,$ 3281.15,100
2118,09:30:02,$ 3281.15,100
2119,09:30:02,$ 3281.15,49
2120,09:30:02,$ 3281.15,213
2122,09:30:02,$ 3281.15,30
2123,09:30:02,$ 3281.15,300
2124,09:30:02,$ 3281.15,14
2125,09:30:02,$ 3281.15,15
2126,09:30:02,$ 3281.15,15
2127,09:30:02,$ 3281.15,15
2128,09:30:02,$ 3281.15,30
2129,09:30:02,$ 3281.15,3
2130,09:30:02,$ 3281.15,1
2131,09:30:02,$ 3281.15,400
2132,09:30:02,$ 3281.15,1
2133,09:30:02,$ 3281.15,10
2134,09:30:02,$ 3281.15,10
2135,09:30:02,$ 3281.15,10
2136,09:30:02,$ 3281.15,10
2137,09:30:02,$ 3281.15,387
2138,09:30:02,$ 3281.15,100
2139,09:30:02,$ 3281.15,30
2140,09:30:02,$ 3281.15,1
2141,09:30:02,$ 3281.15,10
2143,09:30:02,$ 3281.15,1
2144,09:30:02,$ 3281.15,16
2145,09:30:02,$ 3281.15,1
2146,09:30:02,$ 3281.15,1
2147,09:30:02,$ 3281.15,20
2148,09:30:02,$ 3281.15,1
2149,09:30:02,$ 3281.15,1
2150,09:30:02,$ 3281.15,200
2151,09:30:02,$ 3281.15,3
2152,09:30:02,$ 3281.15,3
2153,09:30:02,$ 3281.15,2
2154,09:30:02,$ 3281.15,1
2155,09:30:02,$ 3281.15,3
2156,09:30:02,$ 3281.15,10
2157,09:30:02,$ 3281.15,5
2158,09:30:02,$ 3281.15,1
2159,09:30:02,$ 3281.15,75
2160,09:30:02,$ 3281.15,10
2161,09:30:02,$ 3281.15,1
2162,09:30:02,$ 3281.15,1
2164,09:30:02,$ 3281.15,20
2165,09:30:02,$ 3281.15,2
2166,09:30:02,$ 3281.15,656
2167,09:30:02,$ 3281.15,1
2168,09:30:02,$ 3281.15,2
2169,09:30:02,$ 3281.15,25
2170,09:30:02,$ 3281.15,35
2171,09:30:02,$ 3281.15,351
2172,09:30:02,$ 3281.15,15
2173,09:30:02,$ 3281.15,1
2174,09:30:02,$ 3281.15,1
2175,09:30:02,$ 3281.15,4
2176,09:30:02,$ 3281.15,2
2177,09:30:02,$ 3281.15,1
2178,09:30:02,$ 3281.15,20
2179,09:30:02,$ 3281.15,15
2180,09:30:02,$ 3281.15,15
2181,09:30:02,$ 3281.15,4
2182,09:30:02,$ 3281.15,1
2183,09:30:02,$ 3281.15,2
2185,09:30:02,$ 3281.15,1
2186,09:30:02,$ 3281.15,28
2187,09:30:02,$ 3281.15,8
2188,09:30:02,$ 3281.15,1
2189,09:30:02,$ 3281.15,1
2190,09:30:02,$ 3281.15,400
2191,09:30:02,$ 3281.15,1
2192,09:30:02,$ 3281.15,10
2193,09:30:02,$ 3281.15,94
2194,09:30:02,$ 3281.15,30
2195,09:30:02,$ 3281.15,1
2196,09:30:02,$ 3281.15,3
2197,09:30:02,$ 3281.15,3
2198,09:30:02,$ 3281.15,1
2199,09:30:02,$ 3281.15,1
2200,09:30:02,$ 3281.15,25
2201,09:30:02,$ 3281.15,3
2202,09:30:02,$ 3281.15,2
2203,09:30:02,$ 3281.15,1
2204,09:30:02,$ 3281.15,15
2206,09:30:02,$ 3281.15,25
2207,09:30:02,$ 3281.15,181
2208,09:30:02,$ 3281.15,5
2209,09:30:02,$ 3281.15,30
2210,09:30:02,$ 3281.15,1
2211,09:30:02,$ 3281.15,5
2212,09:30:02,$ 3281.15,162
2213,09:30:02,$ 3281.15,30
2214,09:30:02,$ 3281.15,2
2215,09:30:02,$ 3281.15,1
2216,09:30:02,$ 3281.15,1
2217,09:30:02,$ 3281.15,6
2218,09:30:02,$ 3281.15,20
2219,09:30:02,$ 3281.15,1
2220,09:30:02,$ 3281.15,1
2221,09:30:02,$ 3281.15,10
2222,09:30:02,$ 3281.15,6
2223,09:30:02,$ 3281.15,3
2224,09:30:02,$ 3281.15,1
2225,09:30:02,$ 3281.15,1
2227,09:30:02,$ 3281.15,1
2228,09:30:02,$ 3281.15,10
2229,09:30:02,$ 3281.15,3
2230,09:30:02,$ 3281.15,3
2231,09:30:02,$ 3281.15,3
2232,09:30:02,$ 3281.15,1
2233,09:30:02,$ 3281.15,1
2234,09:30:02,$ 3281.15,1
2235,09:30:02,$ 3281.15,30
2236,09:30:02,$ 3281.15,31
2237,09:30:02,$ 3281.15,31
2238,09:30:02,$ 3281.15,2
2239,09:30:02,$ 3281.15,27
2240,09:30:02,$ 3281.15,31
2241,09:30:02,$ 3281.15,1
2242,09:30:02,$ 3281.15,31
2243,09:30:02,$ 3281.15,32
2244,09:30:02,$ 3281.15,32
2245,09:30:02,$ 3281.15,32
2246,09:30:02,$ 3281.15,32
2248,09:30:02,$ 3281.15,33
2249,09:30:02,$ 3281.15,33
2250,09:30:02,$ 3281.15,33
2251,09:30:02,$ 3281.15,33
2252,09:30:02,$ 3281.15,18
2253,09:30:02,$ 3281.15,1
2254,09:30:02,$ 3281.15,14
2255,09:30:02,$ 3281.15,4
2256,09:30:02,$ 3281.15,900
2257,09:30:02,$ 3281.15,6
2258,09:30:02,$ 3281.15,140
2259,09:30:02,$ 3281.15,3
2260,09:30:02,$ 3281.15,10
2261,09:30:02,$ 3281.15,8
2262,09:30:02,$ 3281.15,8
2263,09:30:02,$ 3281.15,1
2264,09:30:02,$ 3281.15,2
2265,09:30:02,$ 3281.15,3
2266,09:30:02,$ 3281.15,7
2267,09:30:02,$ 3281.15,20
2269,09:30:02,$ 3281.15,10
2270,09:30:02,$ 3281.15,5
2271,09:30:02,$ 3281.15,4
2272,09:30:02,$ 3281.15,2
2273,09:30:02,$ 3281.15,1
2274,09:30:02,$ 3281.15,6
2275,09:30:02,$ 3281.15,1
2276,09:30:02,$ 3281.15,6
2277,09:30:02,$ 3281.15,6
2278,09:30:02,$ 3281.15,6
2279,09:30:02,$ 3281.15,3
2280,09:30:02,$ 3281.15,16
2281,09:30:02,$ 3281.15,1
2282,09:30:02,$ 3281.15,1
2283,09:30:02,$ 3281.15,1
2284,09:30:02,$ 3281.15,3
2285,09:30:02,$ 3281.15,1
2286,09:30:02,$ 3281.15,1
2287,09:30:02,$ 3281.15,1
2288,09:30:02,$ 3281.15,400
2290,09:30:02,$ 3281.15,100
2291,09:30:02,$ 3281.15,43
2292,09:30:02,$ 3281.15,80
2293,09:30:02,$ 3281.15,2
2294,09:30:02,$ 3281.15,20
2295,09:30:02,$ 3281.15,1
2296,09:30:02,$ 3281.15,100
2297,09:30:02,$ 3281.15,90
2298,09:30:02,$ 3281.15,15
2299,09:30:02,$ 3281.15,4
2300,09:30:02,$ 3281.15,1
2301,09:30:02,$ 3281.15,90
2302,09:30:02,$ 3281.15,1
2303,09:30:02,$ 3281.15,90
2304,09:30:02,$ 3281.15,1
2305,09:30:02,$ 3281.15,5
2306,09:30:02,$ 3281.15,100
2307,09:30:02,$ 3281.15,5
2308,09:30:02,$ 3281.15,100
2309,09:30:02,$ 3281.15,1
2311,09:30:02,$ 3281.15,1
2312,09:30:02,$ 3281.15,2
2313,09:30:02,$ 3281.15,5
2314,09:30:02,$ 3281.15,60
2315,09:30:02,$ 3281.15,15
2316,09:30:02,$ 3281.15,479
2317,09:30:02,$ 3281.15,1
2318,09:30:02,$ 3281.15,1
2319,09:30:02,$ 3281.15,1
2320,09:30:02,$ 3281.15,1
2321,09:30:02,$ 3281.15,1
2322,09:30:02,$ 3281.15,1
2323,09:30:02,$ 3281.15,1
2324,09:30:02,$ 3281.15,1
2325,09:30:02,$ 3281.15,1
2326,09:30:02,$ 3281.15,1
2327,09:30:02,$ 3281.15,10
2328,09:30:02,$ 3281.15,6
2329,09:30:02,$ 3281.15,5
2330,09:30:02,$ 3281.15,13
2332,09:30:02,$ 3281.15,85
2333,09:30:02,$ 3281.15,1
2334,09:30:02,$ 3281.15,1
2335,09:30:02,$ 3281.15,335
2336,09:30:02,$ 3281.15,344
2337,09:30:02,$ 3281.15,344
2338,09:30:02,$ 3281.15,62
2339,09:30:02,$ 3281.15,5
2340,09:30:02,$ 3281.15,1
2341,09:30:02,$ 3281.15,1
2342,09:30:02,$ 3281.15,1
2343,09:30:02,$ 3281.15,1
2344,09:30:02,$ 3281.15,1
2345,09:30:02,$ 3281.15,2
2346,09:30:02,$ 3281.15,3
2347,09:30:02,$ 3281.15,1
2348,09:30:02,$ 3281.15,1
2349,09:30:02,$ 3281.15,1
2350,09:30:02,$ 3281.15,1
2351,09:30:02,$ 3281.15,10
2353,09:30:02,$ 3281.15,2
2354,09:30:02,$ 3281.15,1
2355,09:30:02,$ 3281.15,1
2356,09:30:02,$ 3281.15,2
2357,09:30:02,$ 3281.15,1
2358,09:30:02,$ 3281.15,2
2359,09:30:02,$ 3281.15,12
2360,09:30:02,$ 3281.15,2
2361,09:30:02,$ 3281.15,3
2362,09:30:02,$ 3281.15,1
2363,09:30:02,$ 3281.15,1
2364,09:30:02,$ 3281.15,1
2365,09:30:02,$ 3281.15,2
2366,09:30:02,$ 3281.15,1
2367,09:30:02,$ 3281.15,3
2368,09:30:02,$ 3281.15,6
2369,09:30:02,$ 3281.15,9
2370,09:30:02,$ 3281.15,18
2371,09:30:02,$ 3281.15,3
2372,09:30:02,$ 3281.15,1
2374,09:30:02,$ 3281.15,1
2375,09:30:02,$ 3281.15,1
2376,09:30:02,$ 3281.15,3
2377,09:30:02,$ 3281.15,1
2378,09:30:02,$ 3281.15,23
2379,09:30:02,$ 3281.15,4
2380,09:30:02,$ 3281.15,1
2381,09:30:02,$ 3281.15,3
2382,09:30:02,$ 3281.15,2
2383,09:30:02,$ 3281.15,15
2384,09:30:02,$ 3281.15,2
2385,09:30:02,$ 3281.15,1
2386,09:30:02,$ 3281.15,1
2387,09:30:02,$ 3281.15,1
2388,09:30:02,$ 3281.15,8
2389,09:30:02,$ 3281.15,1
2390,09:30:02,$ 3281.15,3
2391,09:30:02,$ 3281.15,2
2392,09:30:02,$ 3281.15,3
2393,09:30:02,$ 3281.15,3
2395,09:30:02,$ 3281.15,3
2396,09:30:02,$ 3281.15,3
2397,09:30:02,$ 3281.15,100
2398,09:30:02,$ 3281.15,2
2399,09:30:02,$ 3281.15,7
2400,09:30:02,$ 3281.15,2
2401,09:30:02,$ 3281.15,1
2402,09:30:02,$ 3281.15,5
2403,09:30:02,$ 3281.15,2
2404,09:30:02,$ 3281.15,6
2405,09:30:02,$ 3281.15,1
2406,09:30:02,$ 3281.15,1
2407,09:30:02,$ 3281.15,2
2408,09:30:02,$ 3281.15,200
2409,09:30:02,$ 3281.15,52
2410,09:30:02,$ 3281.15,5
2411,09:30:02,$ 3281.15,12
2412,09:30:02,$ 3281.15,207
2413,09:30:02,$ 3281.15,6
2414,09:30:02,$ 3281.15,6
2416,09:30:02,$ 3281.15,1
2417,09:30:02,$ 3281.15,7
2418,09:30:02,$ 3281.15,7
2419,09:30:02,$ 3281.15,5
2420,09:30:02,$ 3281.15,10
2421,09:30:02,$ 3281.15,3
2422,09:30:02,$ 3281.15,1
2423,09:30:02,$ 3281.15,2
2424,09:30:02,$ 3281.15,20
2425,09:30:02,$ 3281.15,5
2426,09:30:02,$ 3281.15,5
2427,09:30:02,$ 3281.15,5
2428,09:30:02,$ 3281.15,1
2429,09:30:02,$ 3281.15,54
2430,09:30:02,$ 3281.15,83
2431,09:30:02,$ 3281.15,1
2432,09:30:02,$ 3281.15,292
2433,09:30:02,$ 3281.15,342
2434,09:30:02,$ 3281.15,2
2435,09:30:02,$ 3281.15,16
2437,09:30:02,$ 3281.15,4
2438,09:30:02,$ 3281.15,297
2439,09:30:02,$ 3281.15,60
2440,09:30:02,$ 3281.15,1
2441,09:30:02,$ 3281.15,2
2442,09:30:02,$ 3281.15,200
2443,09:30:02,$ 3281.15,5
2444,09:30:02,$ 3281.15,4
2445,09:30:02,$ 3281.15,20
2446,09:30:02,$ 3281.15,1
2447,09:30:02,$ 3281.15,1
2448,09:30:02,$ 3281.15,1
2449,09:30:02,$ 3281.15,4
2450,09:30:02,$ 3281.15,2
2451,09:30:02,$ 3281.15,3
2452,09:30:02,$ 3281.15,2
2453,09:30:02,$ 3281.15,1
2454,09:30:02,$ 3281.15,5
2455,09:30:02,$ 3281.15,20
2456,09:30:02,$ 3281.15,1
2458,09:30:02,$ 3281.15,3
2459,09:30:02,$ 3281.15,1
2460,09:30:02,$ 3281.15,1
2461,09:30:02,$ 3281.15,5
2462,09:30:02,$ 3281.15,17
2463,09:30:02,$ 3281.15,10
2464,09:30:02,$ 3281.15,2
2465,09:30:02,$ 3281.15,16
2466,09:30:02,$ 3281.15,75
2467,09:30:02,$ 3281.15,93
2468,09:30:02,$ 3281.15,9
2469,09:30:02,$ 3281.15,15
2470,09:30:02,$ 3281.15,3
2471,09:30:02,$ 3281.15,1
2472,09:30:02,$ 3281.15,5
2473,09:30:02,$ 3281.15,8
2474,09:30:02,$ 3281.15,1
2475,09:30:02,$ 3281.15,1
2476,09:30:02,$ 3281.15,1
2477,09:30:02,$ 3281.15,1
2479,09:30:02,$ 3281.15,1
2480,09:30:02,$ 3281.15,2
2481,09:30:02,$ 3281.15,1
2482,09:30:02,$ 3281.15,11
2483,09:30:02,$ 3281.15,3
2484,09:30:02,$ 3281.15,8
2485,09:30:02,$ 3281.15,6
2486,09:30:02,$ 3281.15,9
2487,09:30:02,$ 3281.15,13
2488,09:30:02,$ 3281.15,3
2489,09:30:02,$ 3281.15,10
2490,09:30:02,$ 3281.15,53
2491,09:30:02,$ 3281.15,150
2492,09:30:02,$ 3281.15,15
2493,09:30:02,$ 3281.15,6
2494,09:30:02,$ 3281.15,1
2495,09:30:02,$ 3281.15,1
2496,09:30:02,$ 3281.15,1
2497,09:30:02,$ 3281.15,50
2498,09:30:02,$ 3281.15,1
2500,09:30:02,$ 3281.15,101
2501,09:30:02,$ 3281.15,15
2502,09:30:02,$ 3281.15,1
2503,09:30:02,$ 3281.15,17
2504,09:30:02,$ 3281.15,5
2505,09:30:02,$ 3281.15,1
2506,09:30:02,$ 3281.15,400
2507,09:30:02,$ 3281.15,1
2508,09:30:02,$ 3281.15,1
2509,09:30:02,$ 3281.15,151
2510,09:30:02,$ 3281.15,100
2511,09:30:02,$ 3281.15,4
2512,09:30:02,$ 3281.15,100
2513,09:30:02,$ 3281.15,1
2514,09:30:02,$ 3281.15,3
2515,09:30:02,$ 3281.15,1
2516,09:30:02,$ 3281.15,2
2517,09:30:02,$ 3281.15,10
2518,09:30:02,$ 3281.15,2
2519,09:30:02,$ 3281.15,300
2521,09:30:02,$ 3281.15,25
2522,09:30:02,$ 3281.15,5
2523,09:30:02,$ 3281.15,2
2524,09:30:02,$ 3281.15,15
2525,09:30:02,$ 3281.15,20
2526,09:30:02,$ 3281.15,1
2527,09:30:02,$ 3281.15,150
2528,09:30:02,$ 3281.15,2
2529,09:30:02,$ 3281.15,1
2530,09:30:02,$ 3281.15,127
2531,09:30:02,$ 3281.15,100
2532,09:30:02,$ 3281.15,1
2533,09:30:02,$ 3281.15,9
2534,09:30:02,$ 3281.15,1
2535,09:30:02,$ 3281.15,5
2536,09:30:02,$ 3281.15,8
2537,09:30:02,$ 3281.15,182
2538,09:30:02,$ 3281.15,13
2539,09:30:02,$ 3281.15,1
2540,09:30:02,$ 3281.15,27
2542,09:30:02,$ 3281.15,24
2543,09:30:02,$ 3281.15,14
2544,09:30:02,$ 3281.15,75
2545,09:30:02,$ 3281.15,40
2546,09:30:02,$ 3281.15,1
2547,09:30:02,$ 3281.15,344
2548,09:30:02,$ 3281.15,2
2549,09:30:02,$ 3281.15,6
2550,09:30:02,$ 3281.15,2
2551,09:30:02,$ 3281.15,30
2552,09:30:02,$ 3281.15,5
2553,09:30:02,$ 3281.15,5
2554,09:30:02,$ 3281.15,34
2555,09:30:02,$ 3281.15,1
2556,09:30:02,$ 3281.15,5
2557,09:30:02,$ 3281.15,1
2558,09:30:02,$ 3281.15,3
2559,09:30:02,$ 3281.15,4
2560,09:30:02,$ 3281.15,5
2561,09:30:02,$ 3281.15,40
2563,09:30:02,$ 3281.15,10
2564,09:30:02,$ 3281.15,4
2565,09:30:02,$ 3281.15,5
2566,09:30:02,$ 3281.15,2
2567,09:30:02,$ 3281.15,1
2568,09:30:02,$ 3281.15,31
2569,09:30:02,$ 3281.15,6
2570,09:30:02,$ 3281.15,1
2571,09:30:02,$ 3281.15,1
2572,09:30:02,$ 3281.15,3
2573,09:30:02,$ 3281.15,10
2574,09:30:02,$ 3281.15,3
2575,09:30:02,$ 3281.15,200
2576,09:30:02,$ 3281.15,50
2577,09:30:02,$ 3281.15,5
2578,09:30:02,$ 3281.15,10
2579,09:30:02,$ 3281.15,2
2580,09:30:02,$ 3281.15,1
2581,09:30:02,$ 3281.15,1
2582,09:30:02,$ 3281.15,2
2584,09:30:02,$ 3281.15,3
2585,09:30:02,$ 3281.15,30
2586,09:30:02,$ 3281.15,200
2587,09:30:02,$ 3281.15,1
2588,09:30:02,$ 3281.15,5
2589,09:30:02,$ 3281.15,2
2590,09:30:02,$ 3281.15,100
2591,09:30:02,$ 3281.15,10
2592,09:30:02,$ 3281.15,82
2593,09:30:02,$ 3281.15,6
2594,09:30:02,$ 3281.15,61
2595,09:30:02,$ 3281.15,5
2596,09:30:02,$ 3281.15,14
2597,09:30:02,$ 3281.15,4
2598,09:30:02,$ 3281.15,10
2599,09:30:02,$ 3281.15,24
2600,09:30:02,$ 3281.15,2
2601,09:30:02,$ 3281.15,15
2602,09:30:02,$ 3281.15,2
2603,09:30:02,$ 3281.15,1
2605,09:30:02,$ 3281.15,1
2606,09:30:02,$ 3281.15,1
2607,09:30:02,$ 3281.15,1
2608,09:30:02,$ 3281.15,1
2609,09:30:02,$ 3281.15,9
2610,09:30:02,$ 3281.15,1
2611,09:30:02,$ 3281.15,1
2612,09:30:02,$ 3281.15,10
2613,09:30:02,$ 3281.15,5
2614,09:30:02,$ 3281.15,45
2615,09:30:02,$ 3281.15,2
2616,09:30:02,$ 3281.15,1
2617,09:30:02,$ 3281.15,1
2618,09:30:02,$ 3281.15,12
2619,09:30:02,$ 3281.15,6
2620,09:30:02,$ 3281.15,5
2621,09:30:02,$ 3281.15,44
2622,09:30:02,$ 3281.15,6
2623,09:30:02,$ 3281.15,10
2624,09:30:02,$ 3281.15,2
2626,09:30:02,$ 3281.15,2
2627,09:30:02,$ 3281.15,1
2628,09:30:02,$ 3281.15,4
2629,09:30:02,$ 3281.15,1
2630,09:30:02,$ 3281.15,26
2631,09:30:02,$ 3281.15,11
2632,09:30:02,$ 3281.15,1
2633,09:30:02,$ 3281.15,6
2634,09:30:02,$ 3281.15,1
2635,09:30:02,$ 3281.15,3
2636,09:30:02,$ 3281.15,1
2637,09:30:02,$ 3281.15,5
2638,09:30:02,$ 3281.15,1
2639,09:30:02,$ 3281.15,2
2640,09:30:02,$ 3281.15,3
2641,09:30:02,$ 3281.15,3
2642,09:30:02,$ 3281.15,1
2643,09:30:02,$ 3281.15,15
2644,09:30:02,$ 3281.15,2
2645,09:30:02,$ 3281.15,10
2647,09:30:02,$ 3281.15,2
2648,09:30:02,$ 3281.15,30
2649,09:30:02,$ 3281.15,10
2650,09:30:02,$ 3281.15,10
2651,09:30:02,$ 3281.15,3
2652,09:30:02,$ 3281.15,12
2653,09:30:02,$ 3281.15,18
2654,09:30:02,$ 3282.02,100
2655,09:30:01,$ 3283.00,186
2656,09:30:01,$ 3281.15,10
2657,09:30:01,$ 3281.15,10
2658,09:30:01,$ 3281.15,10
2659,09:30:01,$ 3281.15,100
2660,09:30:01,$ 3281.15,1
2661,09:30:01,$ 3281.15,14
2662,09:30:01,$ 3281.15,100
2663,09:30:01,$ 3281.15,50
2664,09:30:01,$ 3281.15,10
2665,09:30:01,$ 3281.15,100
2666,09:30:01,$ 3282.7765,253
2668,10:29:57,$ 3329.44,100
2669,10:29:57,$ 3330.20,100
2670,10:29:56,$ 3329.0855,100
2671,10:29:53,$ 3329.61,155
2672,10:29:51,$ 3329.54,100
2673,10:29:50,$ 3329.105,250
2674,10:29:49,$ 3329.00,100
2675,10:29:49,$ 3329.665,100
2676,10:29:45,$ 3329.85,100
2677,10:29:44,$ 3329.67,100
2678,10:29:44,$ 3330.72,100
2679,10:29:44,$ 3330.00,952
2680,10:29:44,$ 3330.00,156
2681,10:29:44,$ 3330.00,100
2682,10:29:44,$ 3330.00,100
2683,10:29:44,$ 3330.00,100
2684,10:29:44,$ 3330.00,100
2685,10:29:44,$ 3330.00,156
2686,10:29:44,$ 3330.00,551
2687,10:29:44,$ 3330.00,163
2689,10:29:44,$ 3329.65,100
2690,10:29:44,$ 3329.39,320
2691,10:29:44,$ 3329.50,100
2692,10:29:44,$ 3329.609,100
2693,10:29:42,$ 3329.50,304
2694,10:29:42,$ 3329.97,100
2695,10:29:42,$ 3329.74,300
2696,10:29:40,$ 3329.00,381
2697,10:29:40,$ 3329.01,100
2698,10:29:39,$ 3329.00,300
2699,10:29:39,$ 3329.00,100
2700,10:29:38,$ 3328.99,304
2701,10:29:38,$ 3328.19,165
2702,10:29:37,$ 3328.65,100
2703,10:29:34,$ 3328.5642,231
2704,10:29:34,$ 3328.5642,240
2705,10:29:31,$ 3328.325,100
2706,10:29:31,$ 3327.9999,100
2707,10:29:31,$ 3327.994,100
2708,10:29:31,$ 3327.9999,100
2710,10:29:31,$ 3328.00,100
2711,10:29:31,$ 3328.00,100
2712,10:29:31,$ 3328.00,100
2713,10:29:30,$ 3327.84,100
2714,10:29:30,$ 3327.385,400
2715,10:29:24,$ 3326.994,100
2716,10:29:20,$ 3326.67,100
2717,10:29:20,$ 3327.47,100
2718,10:29:08,$ 3327.105,200
2719,10:29:00,$ 3326.76,100
2720,10:28:59,$ 3327.3399,300
2721,10:28:54,$ 3327.06,100
2722,10:28:53,$ 3327.00,100
2723,10:28:51,$ 3327.565,100
2724,10:28:51,$ 3327.77,100
2725,10:28:51,$ 3327.77,100
2726,10:28:51,$ 3327.77,100
2727,10:28:49,$ 3327.9388,300
2728,10:28:49,$ 3327.9388,284
2729,10:28:46,$ 3326.37,100
2731,10:28:38,$ 3325.7466,335
2732,10:28:16,$ 3326.00,193
2733,10:28:16,$ 3326.00,620
2734,10:28:11,$ 3325.8287,600
2735,10:28:10,$ 3325.06,100
2736,10:27:45,$ 3323.825,100
2737,10:27:44,$ 3322.70,125
2738,10:27:15,$ 3322.875,100
2739,10:27:12,$ 3323.06,119
2740,10:27:10,$ 3322.71,100
2741,10:27:10,$ 3322.69,100
2742,10:27:00,$ 3324.00,100
2743,10:26:41,$ 3323.33,100
2744,10:26:41,$ 3323.33,100
2745,10:26:41,$ 3323.32,100
2746,10:26:25,$ 3322.58,100
2747,10:26:03,$ 3322.73,100
2748,10:26:03,$ 3322.27,100
2749,10:25:54,$ 3322.33,100
2750,10:25:49,$ 3322.66,100
2752,10:25:47,$ 3323.28,195
2753,10:25:47,$ 3322.6701,347
2754,10:25:47,$ 3323.03,100
2755,10:25:47,$ 3322.93,101
2756,10:25:31,$ 3323.01,100
2757,10:25:22,$ 3323.80,157
2758,10:25:01,$ 3324.09,100
2759,10:24:49,$ 3325.00,400
2760,10:24:49,$ 3324.97,100
2761,10:24:47,$ 3324.95,100
2762,10:24:34,$ 3324.30,226
2763,10:24:20,$ 3323.00,100
2764,10:24:16,$ 3322.805,186
2765,10:24:15,$ 3322.9775,414
2766,10:24:13,$ 3323.07,100
2767,10:24:13,$ 3324.36,100
2768,10:23:40,$ 3323.93,100
2769,10:23:24,$ 3323.9885,600
2770,10:23:19,$ 3323.97,100
2771,10:22:55,$ 3323.00,100
2773,10:22:55,$ 3322.88,100
2774,10:22:17,$ 3323.2176,800
2775,10:21:59,$ 3322.70,100
2776,10:21:59,$ 3322.62,100
2777,10:21:37,$ 3324.15,100
2778,10:21:35,$ 3324.00,600
2779,10:21:33,$ 3323.77,100
2780,10:21:33,$ 3323.73,100
2781,10:21:31,$ 3324.00,100
2782,10:21:31,$ 3323.40,100
2783,10:21:31,$ 3323.77,100
2784,10:21:24,$ 3322.665,100
2785,10:21:23,$ 3321.8601,100
2786,10:21:16,$ 3322.9475,100
2787,10:21:10,$ 3322.81,100
2788,10:21:08,$ 3322.2443,130
2789,10:21:08,$ 3323.32,228
2790,10:21:08,$ 3322.32,100
2791,10:20:58,$ 3324.05,100
2792,10:20:57,$ 3324.66,100
2794,10:20:49,$ 3324.67,100
2795,10:20:47,$ 3324.67,100
2796,10:20:47,$ 3324.49,100
2797,10:20:20,$ 3324.20,100
2798,10:19:54,$ 3324.58,100
2799,10:19:23,$ 3324.77,100
2800,10:19:14,$ 3324.695,200
2801,10:19:10,$ 3324.84,100
2802,10:18:59,$ 3324.84,100
2803,10:18:13,$ 3326.11,100
2804,10:18:11,$ 3326.61,100
2805,10:17:52,$ 3326.02,200
2806,10:17:33,$ 3325.73,100
2807,10:17:26,$ 3325.72,100
2808,10:17:26,$ 3325.60,100
2809,10:17:26,$ 3325.664,100
2810,10:17:26,$ 3325.348,100
2811,10:17:22,$ 3325.27,100
2812,10:17:13,$ 3325.12,100
2813,10:17:12,$ 3325.37,100
2815,10:17:07,$ 3325.12,142
2816,10:17:06,$ 3325.02,100
2817,10:16:48,$ 3326.00,100
2818,10:16:47,$ 3325.57,100
2819,10:16:47,$ 3325.37,100
2820,10:16:47,$ 3325.36,100
2821,10:16:45,$ 3324.77,100
2822,10:16:45,$ 3324.77,100
2823,10:16:34,$ 3324.84,100
2824,10:16:28,$ 3325.00,150
2825,10:16:14,$ 3324.62,100
2826,10:16:13,$ 3324.63,100
2827,10:16:13,$ 3324.69,100
2828,10:16:13,$ 3324.64,100
2829,10:16:13,$ 3324.70,200
2830,10:16:09,$ 3324.80,200
2831,10:16:09,$ 3324.80,114
2832,10:16:07,$ 3324.035,200
2833,10:16:04,$ 3323.75,101
2834,10:15:55,$ 3323.955,100
2836,10:15:36,$ 3323.47,600
2837,10:15:27,$ 3322.12,100
2838,10:15:27,$ 3321.69,400
2839,10:15:22,$ 3321.25,100
2840,10:15:14,$ 3321.80,100
2841,10:15:08,$ 3321.535,100
2842,10:14:52,$ 3320.505,100
2843,10:14:50,$ 3320.51,100
2844,10:14:41,$ 3320.24,100
2845,10:14:41,$ 3320.24,100
2846,10:14:34,$ 3320.01,136
2847,10:14:34,$ 3320.15,100
2848,10:14:28,$ 3321.50,100
2849,10:14:26,$ 3321.37,100
2850,10:14:25,$ 3321.72,100
2851,10:14:25,$ 3321.73,100
2852,10:14:06,$ 3322.13,100
2853,10:13:34,$ 3322.1069,125
2854,10:13:33,$ 3322.795,200
2855,10:13:32,$ 3322.795,800
2857,10:13:18,$ 3322.745,600
2858,10:13:08,$ 3323.805,100
2859,10:12:45,$ 3323.72,100
2860,10:12:44,$ 3323.42,100
2861,10:12:33,$ 3324.69,100
2862,10:12:28,$ 3323.77,100
2863,10:12:28,$ 3324.03,100
2864,10:12:28,$ 3323.96,100
2865,10:12:28,$ 3323.96,100
2866,10:12:27,$ 3323.8987,325
2867,10:12:17,$ 3323.75,100
2868,10:12:17,$ 3323.75,100
2869,10:12:17,$ 3323.72,100
2870,10:12:14,$ 3324.50,100
2871,10:12:08,$ 3324.0999,100
2872,10:12:01,$ 3323.06,100
2873,10:12:01,$ 3323.5134,100
2874,10:12:01,$ 3323.5134,100
2875,10:11:58,$ 3323.80,100
2876,10:11:58,$ 3323.80,100
2878,10:11:57,$ 3323.19,100
2879,10:11:57,$ 3323.71,100
2880,10:11:43,$ 3322.63,500
2881,10:11:37,$ 3323.7341,600
2882,10:11:37,$ 3323.00,100
2883,10:11:32,$ 3322.99,130
2884,10:11:28,$ 3321.63,133
2885,10:11:28,$ 3321.63,100
2886,10:11:26,$ 3320.62,358
2887,10:11:26,$ 3321.215,193
2888,10:11:20,$ 3320.33,100
2889,10:11:18,$ 3320.76,100
2890,10:11:05,$ 3320.80,100
2891,10:11:05,$ 3320.80,100
2892,10:10:55,$ 3321.17,500
2893,10:10:52,$ 3321.00,100
2894,10:10:51,$ 3320.46,100
2895,10:10:42,$ 3319.58,100
2896,10:10:33,$ 3319.5401,100
2897,10:10:29,$ 3320.00,100
2899,10:10:29,$ 3320.0001,100
2900,10:10:29,$ 3320.1402,531
2901,10:10:22,$ 3321.35,100
2902,10:10:00,$ 3323.23,100
2903,10:09:53,$ 3323.42,100
2904,10:09:52,$ 3323.06,100
2905,10:09:46,$ 3323.76,100
2906,10:09:41,$ 3324.23,100
2907,10:09:39,$ 3324.97,100
2908,10:09:39,$ 3324.97,100
2909,10:09:37,$ 3325.08,100
2910,10:09:36,$ 3324.97,100
2911,10:09:36,$ 3324.98,200
2912,10:09:36,$ 3325.47,100
2913,10:09:16,$ 3325.435,100
2914,10:09:16,$ 3325.435,100
2915,10:09:13,$ 3325.228,100
2916,10:09:03,$ 3325.09,100
2917,10:08:57,$ 3324.62,200
2918,10:08:37,$ 3324.99,400
2920,10:08:35,$ 3325.00,100
2921,10:08:35,$ 3324.78,100
2922,10:08:35,$ 3324.68,100
2923,10:08:33,$ 3323.292,300
2924,10:08:15,$ 3324.21,100
2925,10:08:15,$ 3324.22,100
2926,10:08:15,$ 3323.4218,100
2927,10:08:13,$ 3323.76,100
2928,10:08:09,$ 3323.78,100
2929,10:08:09,$ 3323.78,200
2930,10:08:09,$ 3323.35,100
2931,10:08:05,$ 3324.03,100
2932,10:08:05,$ 3324.02,100
2933,10:08:03,$ 3323.54,100
2934,10:08:00,$ 3322.93,100
2935,10:07:57,$ 3322.935,600
2936,10:07:50,$ 3322.18,100
2937,10:07:37,$ 3322.72,100
2938,10:07:06,$ 3323.24,100
2939,10:06:46,$ 3324.02,100
2941,10:06:46,$ 3323.1883,600
2942,10:06:44,$ 3324.38,768
2943,10:06:39,$ 3323.44,100
2944,10:06:37,$ 3323.38,100
2945,10:06:32,$ 3322.91,100
2946,10:06:24,$ 3322.5871,100
2947,10:06:10,$ 3322.2746,100
2948,10:06:00,$ 3322.14,100
2949,10:05:59,$ 3322.14,100
2950,10:05:54,$ 3321.79,100
2951,10:05:43,$ 3321.05,100
2952,10:05:29,$ 3320.99,100
2953,10:05:27,$ 3320.57,100
2954,10:05:24,$ 3320.57,300
2955,10:05:22,$ 3320.15,200
2956,10:05:22,$ 3320.15,200
2957,10:05:18,$ 3321.00,100
2958,10:05:18,$ 3321.00,100
2959,10:05:03,$ 3320.36,100
2960,10:05:03,$ 3320.32,100
2962,10:05:02,$ 3319.925,500
2963,10:04:59,$ 3320.35,200
2964,10:04:57,$ 3320.005,150
2965,10:04:50,$ 3319.94,100
2966,10:04:48,$ 3320.07,100
2967,10:04:48,$ 3320.11,205
2968,10:04:40,$ 3320.00,100
2969,10:04:20,$ 3321.26,100
2970,10:04:15,$ 3322.31,100
2971,10:04:13,$ 3322.32,100
2972,10:04:12,$ 3321.83,100
2973,10:04:05,$ 3322.27,100
2974,10:03:58,$ 3322.19,100
2975,10:03:56,$ 3322.54,100
2976,10:03:45,$ 3322.66,161
2977,10:03:45,$ 3322.67,100
2978,10:03:44,$ 3322.2992,710
2979,10:03:37,$ 3321.18,100
2980,10:03:37,$ 3321.17,100
2981,10:03:37,$ 3321.15,100
2983,10:03:37,$ 3321.12,100
2984,10:03:34,$ 3321.135,500
2985,10:03:33,$ 3320.68,100
2986,10:03:33,$ 3321.73,498
2987,10:03:33,$ 3321.73,269
2988,10:03:33,$ 3320.84,100
2989,10:03:27,$ 3320.79,100
2990,10:03:27,$ 3320.12,100
2991,10:03:26,$ 3319.875,100
2992,10:03:24,$ 3319.82,100
2993,10:03:23,$ 3319.22,100
2994,10:03:16,$ 3320.00,100
2995,10:03:16,$ 3320.00,300
2996,10:03:16,$ 3320.29,100
2997,10:03:16,$ 3320.29,100
2998,10:03:16,$ 3320.30,100
2999,10:03:16,$ 3320.6369,100
3000,10:03:14,$ 3321.00,750
3001,10:03:09,$ 3321.94,100
3002,10:03:07,$ 3322.20,100
3004,10:03:07,$ 3321.97,100
3005,10:03:00,$ 3321.77,100
3006,10:02:57,$ 3321.80,100
3007,10:02:57,$ 3321.60,100
3008,10:02:53,$ 3322.26,100
3009,10:02:48,$ 3322.105,600
3010,10:02:34,$ 3323.76,100
3011,10:02:34,$ 3324.19,100
3012,10:02:34,$ 3324.19,100
3013,10:02:34,$ 3323.71,100
3014,10:02:34,$ 3323.97,100
3015,10:02:18,$ 3323.65,100
3016,10:02:18,$ 3323.63,100
3017,10:02:18,$ 3323.99,100
3018,10:02:11,$ 3323.23,100
3019,10:02:09,$ 3323.78,100
3020,10:02:05,$ 3323.86,100
3021,10:01:49,$ 3325.70,100
3022,10:01:49,$ 3325.70,100
3023,10:01:43,$ 3325.46,128
3025,10:01:43,$ 3325.40,100
3026,10:01:16,$ 3324.385,100
3027,10:01:07,$ 3323.67,100
3028,10:01:01,$ 3324.5025,100
3029,10:01:01,$ 3324.46,100
3030,10:00:59,$ 3324.69,300
3031,10:00:58,$ 3324.38,100
3032,10:00:57,$ 3325.33,100
3033,10:00:56,$ 3325.3275,300
3034,10:00:54,$ 3325.00,389
3035,10:00:54,$ 3325.06,100
3036,10:00:54,$ 3324.87,100
3037,10:00:54,$ 3325.06,100
3038,10:00:54,$ 3325.0035,100
3039,10:00:32,$ 3324.36,100
3040,10:00:32,$ 3324.81,100
3041,10:00:15,$ 3325.62,100
3043,10:59:48,$ 3326.8897,300
3044,10:59:41,$ 3326.70,100
3045,10:59:14,$ 3326.695,100
3046,10:59:10,$ 3326.72,100
3047,10:59:08,$ 3327.09,100
3048,10:59:08,$ 3327.115,100
3049,10:59:07,$ 3327.13,100
3050,10:59:07,$ 3327.24,100
3051,10:59:07,$ 3327.1775,100
3052,10:59:07,$ 3327.11,100
3053,10:59:05,$ 3327.39,100
3054,10:59:03,$ 3327.65,139
3055,10:59:03,$ 3327.93,100
3056,10:59:02,$ 3328.00,100
3057,10:59:00,$ 3328.18,100
3058,10:58:57,$ 3327.97,100
3059,10:58:53,$ 3327.97,100
3060,10:58:53,$ 3327.97,100
3061,10:58:47,$ 3327.96,100
3062,10:58:39,$ 3328.115,100
3064,10:58:38,$ 3327.67,100
3065,10:58:38,$ 3327.77,100
3066,10:58:38,$ 3327.79,100
3067,10:58:38,$ 3328.00,100
3068,10:58:38,$ 3327.66,100
3069,10:58:37,$ 3327.8206,250
3070,10:58:33,$ 3327.09,"1,000"
3071,10:58:25,$ 3327.4187,"1,000"
3072,10:58:19,$ 3326.975,100
3073,10:58:19,$ 3326.9725,100
3074,10:58:07,$ 3326.76,100
3075,10:58:05,$ 3326.285,100
3076,10:58:04,$ 3326.285,323
3077,10:58:04,$ 3326.38,100
3078,10:58:04,$ 3326.38,100
3079,10:58:04,$ 3326.32,100
3080,10:58:04,$ 3326.26,100
3081,10:58:04,$ 3326.315,100
3082,10:58:04,$ 3326.255,100
3083,10:58:02,$ 3326.38,100
3085,10:58:02,$ 3326.38,100
3086,10:58:02,$ 3326.38,700
3087,10:58:02,$ 3326.38,200
3088,10:58:01,$ 3326.545,100
3089,10:58:00,$ 3327.17,100
3090,10:58:00,$ 3327.34,104
3091,10:57:51,$ 3327.3119,200
3092,10:57:50,$ 3327.57,100
3093,10:57:49,$ 3327.32,100
3094,10:57:49,$ 3327.27,100
3095,10:57:49,$ 3327.21,100
3096,10:57:49,$ 3327.32,100
3097,10:57:49,$ 3327.265,100
3098,10:57:49,$ 3327.205,100
3099,10:57:48,$ 3327.32,100
3100,10:57:46,$ 3327.54,100
3101,10:57:45,$ 3327.09,100
3102,10:57:45,$ 3327.09,100
3103,10:57:45,$ 3327.43,100
3104,10:57:45,$ 3327.4225,100
3106,10:57:36,$ 3327.58,100
3107,10:57:31,$ 3327.01,100
3108,10:57:16,$ 3325.49,100
3109,10:57:15,$ 3326.54,100
3110,10:57:15,$ 3326.14,100
3111,10:57:15,$ 3326.00,100
3112,10:57:13,$ 3324.36,300
3113,10:57:13,$ 3324.25,100
3114,10:57:06,$ 3323.725,100
3115,10:57:06,$ 3323.725,100
3116,10:57:06,$ 3323.735,100
3117,10:57:02,$ 3324.2485,300
3118,10:56:58,$ 3323.80,100
3119,10:56:57,$ 3323.755,100
3120,10:56:56,$ 3323.385,100
3121,10:56:55,$ 3324.25,100
3122,10:56:55,$ 3324.23,100
3123,10:56:55,$ 3324.23,100
3124,10:56:55,$ 3323.904,100
3125,10:56:55,$ 3323.91,100
3127,10:56:55,$ 3324.22,100
3128,10:56:55,$ 3324.22,100
3129,10:56:55,$ 3324.2465,100
3130,10:56:55,$ 3323.50,100
3131,10:56:55,$ 3323.99,100
3132,10:56:53,$ 3323.30,100
3133,10:56:53,$ 3322.85,100
3134,10:56:43,$ 3323.175,100
3135,10:56:43,$ 3323.175,100
3136,10:56:43,$ 3322.865,100
3137,10:56:43,$ 3322.23,100
3138,10:56:26,$ 3322.66,100
3139,10:56:14,$ 3321.90,100
3140,10:56:13,$ 3321.405,100
3141,10:56:13,$ 3321.47,100
3142,10:56:12,$ 3320.68,100
3143,10:56:06,$ 3320.8894,121
3144,10:56:06,$ 3320.8894,491
3145,10:56:00,$ 3320.21,100
3146,10:56:00,$ 3320.215,100
3148,10:55:37,$ 3319.16,100
3149,10:55:29,$ 3319.21,100
3150,10:55:16,$ 3319.21,100
3151,10:55:16,$ 3319.19,100
3152,10:55:16,$ 3318.6325,100
3153,10:55:16,$ 3319.265,100
3154,10:55:16,$ 3319.265,100
3155,10:55:16,$ 3319.27,100
3156,10:55:16,$ 3319.27,100
3157,10:55:16,$ 3319.265,100
3158,10:55:16,$ 3319.27,100
3159,10:55:16,$ 3319.27,100
3160,10:55:16,$ 3319.27,100
3161,10:55:16,$ 3319.2425,100
3162,10:55:16,$ 3319.0775,100
3163,10:55:16,$ 3318.665,100
3164,10:55:16,$ 3318.665,100
3165,10:55:16,$ 3318.40,100
3166,10:55:14,$ 3319.26,100
3167,10:55:13,$ 3318.19,100
3169,10:55:13,$ 3318.05,100
3170,10:55:13,$ 3318.05,100
3171,10:55:13,$ 3318.29,300
3172,10:55:12,$ 3319.07,100
3173,10:55:12,$ 3319.225,100
3174,10:55:12,$ 3318.62,100
3175,10:55:12,$ 3319.03,300
3176,10:55:12,$ 3319.05,100
3177,10:55:12,$ 3319.05,100
3178,10:55:12,$ 3319.05,100
3179,10:55:03,$ 3318.885,100
3180,10:55:01,$ 3319.545,100
3181,10:55:01,$ 3319.525,100
3182,10:55:01,$ 3319.525,100
3183,10:55:01,$ 3319.525,100
3184,10:55:01,$ 3319.525,100
3185,10:55:01,$ 3319.3175,100
3186,10:55:01,$ 3318.71,100
3187,10:55:00,$ 3318.58,100
3188,10:55:00,$ 3318.58,100
3190,10:55:00,$ 3318.96,200
3191,10:55:00,$ 3319.515,100
3192,10:54:59,$ 3319.925,100
3193,10:54:58,$ 3319.8775,100
3194,10:54:47,$ 3319.635,100
3195,10:54:47,$ 3319.6275,100
3196,10:54:47,$ 3319.635,100
3197,10:54:46,$ 3319.4825,100
3198,10:54:42,$ 3319.24,100
3199,10:54:40,$ 3319.55,100
3200,10:54:40,$ 3319.55,100
3201,10:54:40,$ 3319.60,100
3202,10:54:38,$ 3320.09,100
3203,10:54:38,$ 3320.11,100
3204,10:54:37,$ 3320.785,194
3205,10:54:37,$ 3320.59,100
3206,10:54:36,$ 3320.855,100
3207,10:54:36,$ 3320.91,100
3208,10:54:36,$ 3320.785,100
3209,10:54:36,$ 3320.91,100
3211,10:54:36,$ 3320.29,100
3212,10:54:36,$ 3320.76,100
3213,10:54:36,$ 3320.785,100
3214,10:54:36,$ 3320.785,100
3215,10:54:36,$ 3320.7875,401
3216,10:54:36,$ 3321.475,100
3217,10:54:35,$ 3321.50,100
3218,10:54:34,$ 3321.30,922
3219,10:54:33,$ 3322.35,100
3220,10:54:33,$ 3323.0675,100
3221,10:54:33,$ 3323.115,100
3222,10:54:30,$ 3322.70,100
3223,10:54:30,$ 3322.76,100
3224,10:54:30,$ 3322.695,100
3225,10:54:29,$ 3322.80,100
3226,10:54:28,$ 3323.24,100
3227,10:54:27,$ 3322.67,100
3228,10:54:27,$ 3322.67,100
3229,10:54:21,$ 3322.95,100
3230,10:54:21,$ 3322.95,100
3232,10:54:14,$ 3322.77,200
3233,10:54:13,$ 3323.295,200
3234,10:54:13,$ 3323.295,100
3235,10:54:13,$ 3323.295,600
3236,10:54:13,$ 3323.295,200
3237,10:54:12,$ 3323.1654,100
3238,10:54:09,$ 3323.11,100
3239,10:54:09,$ 3323.58,100
3240,10:54:07,$ 3323.58,100
3241,10:54:06,$ 3323.54,100
3242,10:54:06,$ 3323.53,100
3243,10:53:59,$ 3322.66,100
3244,10:53:59,$ 3323.06,100
3245,10:53:55,$ 3324.0599,100
3246,10:53:54,$ 3323.31,100
3247,10:53:54,$ 3323.845,100
3248,10:53:54,$ 3324.24,100
3249,10:53:54,$ 3324.24,100
3250,10:53:54,$ 3324.24,100
3251,10:53:54,$ 3324.32,100
3253,10:53:52,$ 3324.0675,100
3254,10:53:52,$ 3324.24,100
3255,10:53:52,$ 3324.76,100
3256,10:53:52,$ 3324.54,300
3257,10:53:52,$ 3324.78,100
3258,10:53:52,$ 3324.76,100
3259,10:53:52,$ 3324.77,100
3260,10:53:52,$ 3324.7965,100
3261,10:53:52,$ 3324.54,100
3262,10:53:52,$ 3324.135,100
3263,10:53:52,$ 3324.04,100
3264,10:53:52,$ 3324.135,100
3265,10:53:50,$ 3324.20,100
3266,10:53:49,$ 3323.50,100
3267,10:53:49,$ 3323.48,100
3268,10:53:42,$ 3323.03,100
3269,10:53:39,$ 3323.24,100
3270,10:53:39,$ 3323.02,100
3271,10:53:39,$ 3323.01,100
3272,10:53:39,$ 3323.02,100
3274,10:53:39,$ 3323.09,100
3275,10:53:31,$ 3322.8325,100
3276,10:53:31,$ 3322.8825,100
3277,10:53:29,$ 3322.925,100
3278,10:53:28,$ 3323.50,100
3279,10:53:28,$ 3323.50,100
3280,10:53:27,$ 3323.32,100
3281,10:53:27,$ 3323.06,100
3282,10:53:18,$ 3322.3501,400
3283,10:53:14,$ 3323.60,100
3284,10:53:06,$ 3323.015,200
3285,10:53:04,$ 3322.8775,100
3286,10:53:04,$ 3322.885,100
3287,10:53:01,$ 3323.0125,100
3288,10:53:01,$ 3323.015,100
3289,10:52:46,$ 3322.84,105
3290,10:52:46,$ 3322.6757,120
3291,10:52:18,$ 3321.94,500
3292,10:52:08,$ 3321.74,100
3293,10:52:08,$ 3321.73,300
3295,10:52:08,$ 3321.74,100
3296,10:52:06,$ 3322.105,100
3297,10:52:04,$ 3321.84,200
3298,10:52:04,$ 3321.53,100
3299,10:52:03,$ 3321.46,100
3300,10:52:03,$ 3322.055,100
3301,10:52:03,$ 3322.055,100
3302,10:52:03,$ 3321.44,100
3303,10:52:03,$ 3322.06,100
3304,10:52:03,$ 3322.135,100
3305,10:52:02,$ 3322.2575,100
3306,10:52:02,$ 3322.295,100
3307,10:51:57,$ 3322.60,100
3308,10:51:56,$ 3322.21,500
3309,10:51:55,$ 3322.40,106
3310,10:51:51,$ 3321.815,100
3311,10:51:51,$ 3322.40,600
3312,10:51:43,$ 3321.67,300
3313,10:51:40,$ 3321.815,200
3314,10:51:35,$ 3321.43,120
3316,10:51:34,$ 3322.115,100
3317,10:51:34,$ 3322.115,100
3318,10:51:34,$ 3322.04,100
3319,10:51:34,$ 3322.0925,100
3320,10:51:34,$ 3321.945,100
3321,10:51:32,$ 3321.4125,100
3322,10:51:30,$ 3321.06,100
3323,10:51:24,$ 3321.45,600
3324,10:51:22,$ 3320.90,100
3325,10:51:22,$ 3321.55,100
3326,10:51:21,$ 3321.50,100
3327,10:51:19,$ 3322.875,100
3328,10:51:09,$ 3323.33,100
3329,10:51:06,$ 3322.84,200
3330,10:51:04,$ 3322.925,100
3331,10:51:00,$ 3322.975,600
3332,10:50:59,$ 3323.275,100
3333,10:50:59,$ 3323.275,100
3334,10:50:58,$ 3323.28,100
3335,10:50:58,$ 3322.40,100
3337,10:50:58,$ 3323.275,100
3338,10:50:58,$ 3322.40,100
3339,10:50:58,$ 3323.27,100
3340,10:50:58,$ 3322.40,100
3341,10:50:57,$ 3323.33,100
3342,10:50:57,$ 3322.905,100
3343,10:50:57,$ 3322.875,100
3344,10:50:51,$ 3321.7701,200
3345,10:50:35,$ 3321.14,100
3346,10:50:29,$ 3320.00,847
3347,10:50:29,$ 3320.00,115
3348,10:50:28,$ 3320.54,100
3349,10:50:27,$ 3320.00,125
3350,10:50:27,$ 3320.01,100
3351,10:50:27,$ 3320.52,100
3352,10:50:27,$ 3320.74,100
3353,10:50:27,$ 3320.875,100
3354,10:50:14,$ 3321.595,100
3355,10:50:14,$ 3321.62,100
3356,10:50:14,$ 3321.325,100
3358,10:50:11,$ 3321.7998,500
3359,10:50:08,$ 3321.81,100
3360,10:50:05,$ 3321.00,100
3361,10:50:04,$ 3321.20,100
3362,10:50:04,$ 3321.14,100
3363,10:49:57,$ 3321.82,100
3364,10:49:53,$ 3321.4475,101
3365,10:49:51,$ 3321.40,100
3366,10:49:51,$ 3321.38,100
3367,10:49:49,$ 3321.78,200
3368,10:49:48,$ 3321.78,300
3369,10:49:45,$ 3322.29,200
3370,10:49:40,$ 3322.11,100
3371,10:49:40,$ 3322.1101,100
3372,10:49:37,$ 3321.67,100
3373,10:49:36,$ 3321.63,657
3374,10:49:36,$ 3321.375,100
3375,10:49:31,$ 3320.2398,110
3376,10:49:27,$ 3321.62,100
3377,10:49:26,$ 3322.26,800
3379,10:49:26,$ 3322.26,100
3380,10:49:26,$ 3322.20,100
3381,10:49:26,$ 3322.19,100
3382,10:49:25,$ 3323.00,"1,000"
3383,10:49:25,$ 3322.46,100
3384,10:49:22,$ 3322.705,100
3385,10:49:22,$ 3322.705,100
3386,10:49:20,$ 3323.22,100
3387,10:49:19,$ 3322.94,100
3388,10:49:19,$ 3322.95,100
3389,10:49:19,$ 3322.94,100
3390,10:49:19,$ 3322.755,100
3391,10:49:19,$ 3322.7325,100
3392,10:49:19,$ 3322.685,100
3393,10:49:19,$ 3322.905,100
3394,10:49:07,$ 3322.985,100
3395,10:49:07,$ 3322.985,100
3396,10:49:01,$ 3323.265,100
3397,10:49:01,$ 3323.265,100
3398,10:49:00,$ 3323.26,100
3400,10:49:00,$ 3323.18,100
3401,10:48:57,$ 3323.38,100
3402,10:48:57,$ 3323.38,100
3403,10:48:50,$ 3323.09,100
3404,10:48:40,$ 3323.07,100
3405,10:48:39,$ 3321.86,100
3406,10:48:39,$ 3322.84,110
3407,10:48:38,$ 3322.315,100
3408,10:48:36,$ 3322.65,100
3409,10:48:35,$ 3322.315,100
3410,10:48:35,$ 3322.3025,100
3411,10:48:33,$ 3322.00,100
3412,10:48:33,$ 3322.395,100
3413,10:48:32,$ 3322.3725,100
3414,10:48:24,$ 3323.00,100
3415,10:48:24,$ 3323.21,100
3416,10:48:24,$ 3323.22,100
3417,10:48:23,$ 3323.75,100
3418,10:48:23,$ 3323.24,100
3419,10:48:23,$ 3323.31,100
3421,10:48:19,$ 3323.79,100
3422,10:48:16,$ 3323.75,100
3423,10:48:16,$ 3323.31,100
3424,10:48:16,$ 3323.745,100
3425,10:48:16,$ 3323.74,100
3426,10:48:15,$ 3323.98,246
3427,10:48:05,$ 3323.995,100
3428,10:48:04,$ 3323.99,100
3429,10:48:00,$ 3324.205,100
3430,10:48:00,$ 3324.21,300
3431,10:48:00,$ 3324.50,100
3432,10:48:00,$ 3324.11,100
3433,10:47:53,$ 3324.495,100
3434,10:47:53,$ 3324.145,100
3435,10:47:52,$ 3323.825,100
3436,10:47:50,$ 3323.5027,140
3437,10:47:48,$ 3324.79,100
3438,10:47:45,$ 3324.44,100
3439,10:47:45,$ 3323.50,100
3440,10:47:45,$ 3323.6615,100
3442,10:47:22,$ 3324.60,100
3443,10:47:22,$ 3324.5527,200
3444,10:47:17,$ 3323.8751,100
3445,10:47:10,$ 3323.84,100
3446,10:47:10,$ 3324.27,100
3447,10:47:02,$ 3324.67,100
3448,10:47:02,$ 3324.73,100
3449,10:46:59,$ 3324.41,100
3450,10:46:59,$ 3323.94,100
3451,10:46:59,$ 3323.91,100
3452,10:46:59,$ 3323.88,100
3453,10:46:59,$ 3325.0313,100
3454,10:46:59,$ 3325.15,100
3455,10:46:58,$ 3325.64,100
3456,10:46:48,$ 3325.23,100
3457,10:46:42,$ 3325.63,100
3458,10:46:37,$ 3325.91,400
3459,10:46:30,$ 3326.73,100
3460,10:46:25,$ 3327.655,100
3461,10:46:23,$ 3328.15,100
3463,10:46:19,$ 3328.65,100
3464,10:46:13,$ 3328.83,100
3465,10:46:13,$ 3328.56,100
3466,10:46:13,$ 3328.94,100
3467,10:46:12,$ 3329.03,100
3468,10:46:09,$ 3329.39,100
3469,10:46:09,$ 3329.29,100
3470,10:46:09,$ 3329.27,100
3471,10:46:09,$ 3329.19,100
3472,10:46:06,$ 3328.91,100
3473,10:46:06,$ 3329.10,100
3474,10:46:02,$ 3329.44,100
3475,10:45:57,$ 3328.81,297
3476,10:45:57,$ 3328.86,100
3477,10:45:50,$ 3329.69,100
3478,10:45:48,$ 3329.39,100
3479,10:45:47,$ 3331.00,100
3480,10:45:47,$ 3330.97,100
3481,10:45:46,$ 3331.04,100
3482,10:45:46,$ 3331.20,100
3484,10:45:46,$ 3331.1453,600
3485,10:45:44,$ 3330.5053,138
3486,10:45:42,$ 3331.10,100
3487,10:45:42,$ 3330.93,100
3488,10:45:38,$ 3330.515,165
3489,10:45:33,$ 3330.75,100
3490,10:45:33,$ 3330.99,100
3491,10:45:33,$ 3330.75,100
3492,10:45:33,$ 3330.925,100
3493,10:45:32,$ 3330.925,100
3494,10:45:32,$ 3330.80,100
3495,10:45:32,$ 3331.21,100
3496,10:45:32,$ 3332.27,100
3497,10:45:32,$ 3331.59,100
3498,10:45:32,$ 3331.59,100
3499,10:45:32,$ 3330.68,100
3500,10:45:32,$ 3330.68,100
3501,10:45:32,$ 3330.70,100
3502,10:45:32,$ 3330.70,100
3503,10:45:32,$ 3330.73,100
3505,10:45:31,$ 3331.60,100
3506,10:45:30,$ 3331.28,100
3507,10:45:30,$ 3331.361,389
3508,10:45:28,$ 3331.43,100
3509,10:45:28,$ 3330.965,200
3510,10:45:27,$ 3330.6765,300
3511,10:45:27,$ 3331.38,100
3512,10:45:27,$ 3331.29,100
3513,10:45:25,$ 3331.145,100
3514,10:45:25,$ 3331.43,100
3515,10:45:25,$ 3331.43,100
3516,10:45:25,$ 3331.755,100
3517,10:45:25,$ 3331.75,100
3518,10:45:25,$ 3331.444,100
3519,10:45:22,$ 3331.80,100
3520,10:45:22,$ 3332.16,100
3521,10:45:21,$ 3331.47,100
3522,10:45:21,$ 3331.46,100
3523,10:45:21,$ 3332.05,100
3524,10:45:20,$ 3331.8501,102
3526,10:45:20,$ 3332.365,102
3527,10:45:20,$ 3331.8501,100
3528,10:45:20,$ 3332.43,100
3529,10:45:19,$ 3332.3964,100
3530,10:45:17,$ 3332.54,100
3531,10:45:17,$ 3332.44,100
3532,10:45:14,$ 3332.92,100
3533,10:45:13,$ 3333.085,100
3534,10:45:13,$ 3333.085,100
3535,10:45:13,$ 3333.01,100
3536,10:45:12,$ 3333.01,100
3537,10:45:05,$ 3333.86,100
3538,10:45:04,$ 3333.96,100
3539,10:45:04,$ 3333.95,100
3540,10:45:03,$ 3334.00,100
3541,10:45:03,$ 3334.00,100
3542,10:45:03,$ 3334.00,100
3543,10:45:02,$ 3333.25,200
3544,10:45:02,$ 3333.015,100
3545,10:45:02,$ 3332.955,100
3547,10:45:02,$ 3333.03,100
3548,10:45:01,$ 3333.10,112
3549,10:45:01,$ 3333.10,102
3550,10:44:44,$ 3333.11,100
3551,10:44:44,$ 3333.13,160
3552,10:44:44,$ 3333.13,100
3553,10:44:42,$ 3333.0925,100
3554,10:44:37,$ 3333.15,100
3555,10:44:37,$ 3333.12,100
3556,10:44:37,$ 3333.14,100
3557,10:44:34,$ 3333.105,100
3558,10:44:31,$ 3333.36,100
3559,10:44:30,$ 3333.32,100
3560,10:44:30,$ 3333.32,100
3561,10:44:30,$ 3332.97,100
3562,10:44:29,$ 3333.19,100
3563,10:44:29,$ 3333.20,100
3564,10:44:29,$ 3333.23,100
3565,10:44:29,$ 3333.23,105
3566,10:44:29,$ 3333.91,100
3568,10:44:29,$ 3333.24,106
3569,10:44:29,$ 3333.62,100
3570,10:44:29,$ 3333.51,100
3571,10:44:29,$ 3333.80,100
3572,10:44:23,$ 3334.00,170
3573,10:44:23,$ 3334.00,100
3574,10:44:23,$ 3334.00,100
3575,10:44:22,$ 3334.00,100
3576,10:44:20,$ 3334.00,100
3577,10:44:20,$ 3333.78,100
3578,10:44:20,$ 3333.97,100
3579,10:44:20,$ 3333.76,100
3580,10:44:19,$ 3333.6925,104
3581,10:44:19,$ 3333.6925,335
3582,10:44:19,$ 3333.56,100
3583,10:44:17,$ 3333.19,133
3584,10:44:17,$ 3333.20,100
3585,10:44:15,$ 3333.475,100
3586,10:44:03,$ 3333.95,100
3587,10:44:03,$ 3333.31,100
3589,10:44:01,$ 3332.50,100
3590,10:43:59,$ 3332.76,100
3591,10:43:59,$ 3332.5323,190
3592,10:43:52,$ 3332.3725,100
3593,10:43:44,$ 3332.78,195
3594,10:43:43,$ 3332.41,100
3595,10:43:40,$ 3332.9167,100
3596,10:43:38,$ 3332.55,100
3597,10:43:38,$ 3332.55,100
3598,10:43:35,$ 3332.84,100
3599,10:43:34,$ 3333.21,100
3600,10:43:34,$ 3333.345,100
3601,10:43:34,$ 3333.345,100
3602,10:43:34,$ 3332.88,100
3603,10:43:31,$ 3333.34,100
3604,10:43:31,$ 3333.42,100
3605,10:43:26,$ 3333.6203,900
3606,10:43:25,$ 3333.33,188
3607,10:43:25,$ 3332.93,100
3608,10:43:20,$ 3332.33,100
3610,10:43:19,$ 3332.27,200
3611,10:43:19,$ 3332.86,100
3612,10:43:19,$ 3332.20,100
3613,10:43:18,$ 3332.02,100
3614,10:43:18,$ 3332.27,100
3615,10:43:18,$ 3332.01,100
3616,10:43:18,$ 3332.20,100
3617,10:43:18,$ 3332.20,100
3618,10:43:18,$ 3332.19,100
3619,10:43:18,$ 3332.28,100
3620,10:43:18,$ 3332.27,100
3621,10:43:04,$ 3333.01,100
3622,10:43:04,$ 3333.01,100
3623,10:43:04,$ 3332.71,100
3624,10:43:02,$ 3333.2302,100
3625,10:43:01,$ 3332.965,100
3626,10:42:58,$ 3333.2699,100
3627,10:42:56,$ 3332.99,100
3628,10:42:56,$ 3332.99,100
3629,10:42:53,$ 3332.5225,100
3631,10:42:53,$ 3332.49,100
3632,10:42:53,$ 3332.49,100
3633,10:42:52,$ 3332.15,100
3634,10:42:52,$ 3332.00,100
3635,10:42:43,$ 3331.99,100
3636,10:42:34,$ 3331.20,100
3637,10:42:30,$ 3331.20,100
3638,10:42:30,$ 3331.6872,200
3639,10:42:27,$ 3331.17,100
3640,10:42:26,$ 3331.00,245
3641,10:42:26,$ 3331.00,100
3642,10:42:26,$ 3331.00,100
3643,10:42:26,$ 3331.00,107
3644,10:42:26,$ 3330.83,100
3645,10:42:26,$ 3330.565,100
3646,10:42:26,$ 3330.43,100
3647,10:42:26,$ 3330.53,100
3648,10:42:26,$ 3330.50,100
3649,10:42:26,$ 3330.565,100
3650,10:42:23,$ 3330.68,100
3652,10:42:17,$ 3330.53,100
3653,10:42:16,$ 3330.98,100
3654,10:42:16,$ 3330.85,100
3655,10:42:16,$ 3330.90,100
3656,10:42:16,$ 3330.90,100
3657,10:42:16,$ 3330.88,100
3658,10:42:07,$ 3331.205,100
3659,10:42:07,$ 3331.23,100
3660,10:42:07,$ 3331.23,100
3661,10:42:06,$ 3330.695,100
3662,10:42:05,$ 3331.22,100
3663,10:42:03,$ 3330.57,100
3664,10:42:03,$ 3330.575,100
3665,10:42:01,$ 3330.64,100
3666,10:42:01,$ 3330.65,100
3667,10:42:01,$ 3330.65,100
3668,10:41:52,$ 3330.91,200
3669,10:41:52,$ 3330.91,100
3670,10:41:49,$ 3330.66,100
3671,10:41:49,$ 3330.53,100
3673,10:41:45,$ 3330.63,100
3674,10:41:45,$ 3331.00,100
3675,10:41:45,$ 3330.61,100
3676,10:41:45,$ 3330.69,100
3677,10:41:45,$ 3330.635,100
3678,10:41:45,$ 3329.9301,450
3679,10:41:44,$ 3330.635,100
3680,10:41:42,$ 3330.935,100
3681,10:41:42,$ 3330.90,100
3682,10:41:41,$ 3331.00,100
3683,10:41:41,$ 3330.90,100
3684,10:41:38,$ 3331.21,200
3685,10:41:30,$ 3331.42,100
3686,10:41:26,$ 3331.00,146
3687,10:41:20,$ 3330.53,100
3688,10:41:16,$ 3330.48,100
3689,10:41:06,$ 3329.91,100
3690,10:41:05,$ 3329.53,100
3691,10:41:05,$ 3329.6026,200
3692,10:40:54,$ 3329.30,100
3694,10:40:54,$ 3328.8689,142
3695,10:40:42,$ 3329.70,100
3696,10:40:42,$ 3329.70,100
3697,10:40:40,$ 3328.729,200
3698,10:40:31,$ 3327.91,100
3699,10:40:31,$ 3327.90,100
3700,10:40:30,$ 3327.67,100
3701,10:40:23,$ 3328.45,100
3702,10:40:23,$ 3327.94,100
3703,10:40:23,$ 3327.94,100
3704,10:40:22,$ 3327.68,100
3705,10:40:22,$ 3327.84,100
3706,10:40:22,$ 3327.68,200
3707,10:40:22,$ 3328.13,100
3708,10:40:22,$ 3327.90,100
3709,10:40:22,$ 3327.80,100
3710,10:40:22,$ 3327.67,100
3711,10:40:22,$ 3327.35,100
3712,10:40:21,$ 3327.35,100
3713,10:40:19,$ 3327.89,100
3715,10:40:18,$ 3327.455,100
3716,10:40:15,$ 3327.44,100
3717,10:40:13,$ 3327.51,100
3718,10:40:13,$ 3327.67,100
3719,10:40:10,$ 3327.89,100
3720,10:40:10,$ 3327.99,100
3721,10:40:10,$ 3327.76,200
3722,10:40:10,$ 3327.76,200
3723,10:40:10,$ 3327.82,100
3724,10:40:07,$ 3327.745,100
3725,10:39:58,$ 3327.24,200
3726,10:39:58,$ 3327.24,100
3727,10:39:58,$ 3327.24,100
3728,10:39:58,$ 3327.80,100
3729,10:39:54,$ 3327.24,100
3730,10:39:46,$ 3327.21,100
3731,10:39:46,$ 3327.06,100
3732,10:39:43,$ 3327.07,100
3733,10:39:39,$ 3326.935,100
3734,10:39:39,$ 3327.3699,600
3736,10:39:35,$ 3327.84,100
3737,10:39:28,$ 3327.68,100
3738,10:39:28,$ 3328.075,100
3739,10:39:27,$ 3327.68,286
3740,10:39:26,$ 3327.87,100
3741,10:39:26,$ 3328.29,100
3742,10:39:23,$ 3328.31,100
3743,10:39:23,$ 3327.9759,400
3744,10:39:22,$ 3328.31,100
3745,10:39:21,$ 3328.31,100
3746,10:39:21,$ 3328.31,100
3747,10:39:21,$ 3328.6302,200
3748,10:39:15,$ 3328.6209,140
3749,10:39:10,$ 3328.31,100
3750,10:39:06,$ 3328.28,100
3751,10:39:06,$ 3328.11,100
3752,10:39:05,$ 3328.31,100
3753,10:39:04,$ 3328.75,100
3754,10:39:04,$ 3328.945,100
3755,10:39:04,$ 3328.82,100
3757,10:39:04,$ 3328.75,100
3758,10:39:04,$ 3328.52,120
3759,10:39:04,$ 3328.75,100
3760,10:39:04,$ 3328.62,100
3761,10:38:57,$ 3329.32,100
3762,10:38:55,$ 3329.31,100
3763,10:38:50,$ 3329.32,100
3764,10:38:48,$ 3329.86,100
3765,10:38:48,$ 3329.86,100
3766,10:38:48,$ 3329.94,100
3767,10:38:44,$ 3329.53,179
3768,10:38:39,$ 3329.72,100
3769,10:38:35,$ 3329.92,100
3770,10:38:35,$ 3330.215,100
3771,10:38:35,$ 3330.43,100
3772,10:38:15,$ 3331.01,100
3773,10:38:15,$ 3331.01,100
3774,10:38:15,$ 3331.01,100
3775,10:38:15,$ 3331.01,100
3776,10:38:09,$ 3331.505,100
3778,10:38:09,$ 3331.44,100
3779,10:38:09,$ 3331.20,100
3780,10:38:09,$ 3331.605,100
3781,10:38:08,$ 3331.8599,150
3782,10:38:06,$ 3331.16,100
3783,10:38:01,$ 3330.655,100
3784,10:37:59,$ 3330.42,100
3785,10:37:58,$ 3330.74,100
3786,10:37:57,$ 3331.25,100
3787,10:37:57,$ 3330.89,100
3788,10:37:57,$ 3331.08,100
3789,10:37:57,$ 3331.20,100
3790,10:37:57,$ 3331.20,100
3791,10:37:57,$ 3331.23,100
3792,10:37:57,$ 3331.08,100
3793,10:37:54,$ 3331.1288,100
3794,10:37:52,$ 3330.52,100
3795,10:37:52,$ 3330.47,100
3796,10:37:52,$ 3330.49,100
3797,10:37:52,$ 3330.45,100
3799,10:37:52,$ 3330.50,100
3800,10:37:52,$ 3330.41,100
3801,10:37:48,$ 3330.97,100
3802,10:37:48,$ 3330.84,100
3803,10:37:48,$ 3330.64,100
3804,10:37:48,$ 3330.64,110
3805,10:37:48,$ 3330.65,200
3806,10:37:42,$ 3331.45,100
3807,10:37:42,$ 3330.63,"1,000"
3808,10:37:34,$ 3331.21,100
3809,10:37:29,$ 3331.49,100
3810,10:37:29,$ 3331.30,100
3811,10:37:29,$ 3331.315,100
3812,10:37:20,$ 3331.04,100
3813,10:37:17,$ 3331.60,100
3814,10:37:15,$ 3331.715,100
3815,10:37:11,$ 3331.35,100
3816,10:37:08,$ 3330.75,100
3817,10:37:08,$ 3330.75,100
3818,10:37:03,$ 3329.835,100
3820,10:37:03,$ 3329.87,100
3821,10:37:03,$ 3329.725,100
3822,10:37:00,$ 3330.60,100
3823,10:36:59,$ 3330.445,100
3824,10:36:58,$ 3330.15,100
3825,10:36:52,$ 3330.13,100
3826,10:36:52,$ 3329.74,120
3827,10:36:52,$ 3329.74,100
3828,10:36:50,$ 3329.85,100
3829,10:36:50,$ 3329.97,300
3830,10:36:45,$ 3330.1766,150
3831,10:36:42,$ 3329.5309,100
3832,10:36:41,$ 3330.02,100
3833,10:36:41,$ 3330.00,555
3834,10:36:41,$ 3330.00,100
3835,10:36:41,$ 3330.00,100
3836,10:36:41,$ 3330.02,100
3837,10:36:41,$ 3330.00,245
3838,10:36:41,$ 3330.00,100
3839,10:36:37,$ 3331.01,100
3841,10:36:37,$ 3331.00,300
