,NLS Time (ET),NLS Price,NLS Share Volume
1,09:59:49,$ 3719.66,100
2,09:59:49,$ 3719.65,100
3,09:59:45,$ 3719.19,100
4,09:59:44,$ 3718.39,100
5,09:59:37,$ 3718.25,100
6,09:59:25,$ 3719.50,159
7,09:59:25,$ 3719.50,175
8,09:59:21,$ 3719.81,100
9,09:59:20,$ 3720.38,100
10,09:59:03,$ 3719.57,100
11,09:58:57,$ 3718.77,100
12,09:58:57,$ 3718.77,100
13,09:58:57,$ 3718.77,100
14,09:58:57,$ 3718.77,100
15,09:58:55,$ 3717.25,100
16,09:58:54,$ 3719.13,500
17,09:58:47,$ 3717.745,100
18,09:58:35,$ 3717.38,280
19,09:58:30,$ 3716.50,100
20,09:58:30,$ 3716.07,100
22,09:58:30,$ 3716.07,100
23,09:58:30,$ 3715.86,100
24,09:58:30,$ 3715.86,122
25,09:58:29,$ 3714.97,100
26,09:58:25,$ 3714.969,250
27,09:58:23,$ 3714.0501,138
28,09:58:22,$ 3715.835,100
29,09:58:09,$ 3715.75,100
30,09:57:54,$ 3718.704,100
31,09:57:53,$ 3717.835,100
32,09:57:46,$ 3718.10,100
33,09:57:46,$ 3717.88,100
34,09:57:45,$ 3717.255,100
35,09:57:34,$ 3718.205,100
36,09:57:25,$ 3718.245,100
37,09:57:18,$ 3719.0001,100
38,09:57:16,$ 3719.928,205
39,09:57:03,$ 3719.96,100
40,09:56:57,$ 3717.6177,100
41,09:56:57,$ 3718.325,100
43,09:56:53,$ 3718.68,100
44,09:56:50,$ 3719.61,460
45,09:56:50,$ 3719.61,100
46,09:56:42,$ 3719.31,159
47,09:56:42,$ 3719.21,107
48,09:56:42,$ 3719.21,100
49,09:56:41,$ 3720.105,200
50,09:56:40,$ 3719.815,176
51,09:56:39,$ 3718.6902,100
52,09:56:25,$ 3720.7266,186
53,09:56:24,$ 3719.31,100
54,09:56:24,$ 3719.16,100
55,09:56:22,$ 3718.94,200
56,09:56:19,$ 3718.66,167
57,09:56:15,$ 3717.785,100
58,09:56:12,$ 3718.466,100
59,09:56:12,$ 3718.5799,100
60,09:56:10,$ 3716.7458,250
61,09:56:09,$ 3716.00,100
62,09:56:09,$ 3716.145,100
64,09:56:08,$ 3715.87,110
65,09:56:08,$ 3715.7139,858
66,09:56:06,$ 3714.055,100
67,09:56:06,$ 3714.165,100
68,09:56:04,$ 3715.65,100
69,09:56:03,$ 3715.8499,100
70,09:56:00,$ 3715.19,100
71,09:55:58,$ 3713.59,100
72,09:55:56,$ 3712.62,306
73,09:55:56,$ 3712.62,174
74,09:55:56,$ 3712.96,100
75,09:55:55,$ 3713.62,100
76,09:55:55,$ 3713.95,100
77,09:55:55,$ 3713.88,500
78,09:55:54,$ 3713.10,100
79,09:55:53,$ 3713.15,100
80,09:55:48,$ 3713.25,100
81,09:55:48,$ 3713.23,100
82,09:55:48,$ 3715.49,100
83,09:55:48,$ 3715.08,100
85,09:55:48,$ 3715.08,100
86,09:55:48,$ 3714.91,100
87,09:55:48,$ 3715.03,100
88,09:55:46,$ 3714.115,100
89,09:55:46,$ 3713.30,100
90,09:55:46,$ 3714.93,100
91,09:55:42,$ 3714.115,200
92,09:55:40,$ 3714.395,200
93,09:55:33,$ 3714.39,100
94,09:55:33,$ 3714.19,100
95,09:55:33,$ 3713.20,100
96,09:55:33,$ 3714.595,300
97,09:55:33,$ 3714.31,100
98,09:55:33,$ 3714.37,100
99,09:55:29,$ 3715.995,250
100,09:55:29,$ 3715.21,100
101,09:55:29,$ 3715.175,100
102,09:55:18,$ 3716.27,100
103,09:55:12,$ 3716.33,100
104,09:55:10,$ 3718.4354,100
106,09:55:07,$ 3717.145,100
107,09:55:06,$ 3718.78,100
108,09:55:06,$ 3720.01,100
109,09:54:57,$ 3720.7457,100
110,09:54:52,$ 3722.22,300
111,09:54:51,$ 3720.95,100
112,09:54:51,$ 3722.255,100
113,09:54:46,$ 3722.82,100
114,09:54:46,$ 3722.80,100
115,09:54:46,$ 3722.00,100
116,09:54:45,$ 3722.3047,100
117,09:54:40,$ 3723.4406,100
118,09:54:34,$ 3724.395,500
119,09:54:32,$ 3722.32,100
120,09:54:32,$ 3722.32,100
121,09:54:29,$ 3726.66,100
122,09:54:29,$ 3726.90,100
123,09:54:26,$ 3725.95,350
124,09:54:26,$ 3726.80,100
125,09:54:24,$ 3726.60,100
127,09:54:20,$ 3727.49,100
128,09:54:12,$ 3727.84,100
129,09:54:12,$ 3729.52,100
130,09:54:07,$ 3729.00,100
131,09:54:07,$ 3729.00,100
132,09:54:07,$ 3729.00,100
133,09:54:02,$ 3728.51,100
134,09:54:00,$ 3728.07,100
135,09:54:00,$ 3728.33,109
136,09:54:00,$ 3728.33,200
137,09:54:00,$ 3728.36,100
138,09:53:44,$ 3729.21,100
139,09:53:44,$ 3729.21,100
140,09:53:44,$ 3729.465,100
141,09:53:34,$ 3727.1901,200
142,09:53:32,$ 3728.51,100
143,09:53:32,$ 3728.51,100
144,09:53:32,$ 3728.51,100
145,09:53:32,$ 3728.51,100
146,09:53:32,$ 3728.51,100
148,09:53:32,$ 3727.96,100
149,09:53:31,$ 3726.65,100
150,09:53:22,$ 3726.83,100
151,09:53:20,$ 3727.7799,100
152,09:53:09,$ 3727.14,100
153,09:53:08,$ 3727.22,100
154,09:53:08,$ 3725.73,100
155,09:53:06,$ 3725.60,100
156,09:53:06,$ 3725.60,100
157,09:53:06,$ 3725.60,100
158,09:53:05,$ 3724.06,100
159,09:53:02,$ 3724.535,100
160,09:53:01,$ 3724.19,100
161,09:53:00,$ 3724.24,100
162,09:53:00,$ 3724.52,100
163,09:52:58,$ 3724.50,100
164,09:52:54,$ 3724.415,100
165,09:52:54,$ 3724.42,100
166,09:52:51,$ 3725.69,100
167,09:52:51,$ 3725.11,100
169,09:52:51,$ 3725.40,220
170,09:52:47,$ 3725.11,200
171,09:52:42,$ 3725.70,100
172,09:52:37,$ 3726.9999,233
173,09:52:36,$ 3726.10,100
174,09:52:31,$ 3727.05,100
175,09:52:21,$ 3728.8699,110
176,09:52:21,$ 3728.435,100
177,09:52:19,$ 3729.49,100
178,09:52:18,$ 3729.785,100
179,09:52:18,$ 3729.64,100
180,09:52:18,$ 3729.64,100
181,09:52:18,$ 3729.64,100
182,09:52:06,$ 3729.49,149
183,09:51:59,$ 3728.28,100
184,09:51:58,$ 3728.19,100
185,09:51:58,$ 3728.00,100
186,09:51:48,$ 3730.33,100
187,09:51:42,$ 3729.4575,100
188,09:51:37,$ 3729.678,150
190,09:51:36,$ 3730.3092,180
191,09:51:34,$ 3730.291,461
192,09:51:33,$ 3727.6601,900
193,09:51:29,$ 3729.52,100
194,09:51:29,$ 3728.975,100
195,09:51:29,$ 3728.81,100
196,09:51:28,$ 3726.12,500
197,09:51:26,$ 3727.64,100
198,09:51:26,$ 3728.62,100
199,09:51:26,$ 3727.74,100
200,09:51:25,$ 3728.5099,100
201,09:51:24,$ 3728.004,100
202,09:51:24,$ 3727.46,176
203,09:51:24,$ 3727.46,110
204,09:51:24,$ 3727.11,100
205,09:51:22,$ 3728.05,100
206,09:51:22,$ 3728.05,100
207,09:51:22,$ 3728.22,100
208,09:51:20,$ 3732.92,100
209,09:51:20,$ 3731.43,100
211,09:51:20,$ 3731.45,100
212,09:51:20,$ 3731.86,100
213,09:51:20,$ 3731.86,100
214,09:51:20,$ 3733.05,100
215,09:51:20,$ 3733.16,100
216,09:51:20,$ 3733.00,100
217,09:51:20,$ 3732.95,100
218,09:51:20,$ 3732.89,100
219,09:51:20,$ 3732.88,100
220,09:51:20,$ 3733.17,100
221,09:51:15,$ 3733.205,100
222,09:51:14,$ 3732.72,100
223,09:51:14,$ 3732.22,100
224,09:51:09,$ 3735.215,100
225,09:51:08,$ 3735.129,100
226,09:51:05,$ 3735.08,100
227,09:51:02,$ 3735.1673,346
228,09:51:02,$ 3734.2901,250
229,09:51:01,$ 3735.095,100
230,09:51:00,$ 3734.1145,100
232,09:50:59,$ 3735.13,100
233,09:50:58,$ 3735.2899,100
234,09:50:56,$ 3735.905,100
235,09:50:54,$ 3736.10,130
236,09:50:54,$ 3737.29,100
237,09:50:54,$ 3737.30,100
238,09:50:52,$ 3738.8492,150
239,09:50:52,$ 3738.75,100
240,09:50:49,$ 3737.38,100
241,09:50:41,$ 3739.1919,100
242,09:50:40,$ 3737.79,100
243,09:50:40,$ 3739.03,100
244,09:50:40,$ 3738.23,100
245,09:50:39,$ 3738.8296,506
246,09:50:38,$ 3738.34,100
247,09:50:37,$ 3740.1842,250
248,09:50:37,$ 3740.05,141
249,09:50:37,$ 3740.27,100
250,09:50:37,$ 3740.41,100
251,09:50:36,$ 3740.36,100
253,09:50:35,$ 3742.23,100
254,09:50:35,$ 3740.9789,500
255,09:50:34,$ 3741.26,100
256,09:50:34,$ 3740.19,100
257,09:50:34,$ 3741.19,100
258,09:50:34,$ 3741.07,100
259,09:50:34,$ 3741.05,100
260,09:50:34,$ 3741.04,100
261,09:50:34,$ 3741.04,196
262,09:50:33,$ 3743.00,100
263,09:50:33,$ 3742.37,100
264,09:50:32,$ 3741.1559,250
265,09:50:31,$ 3741.69,200
266,09:50:30,$ 3741.2492,300
267,09:50:27,$ 3742.28,100
268,09:50:24,$ 3742.9711,104
269,09:50:22,$ 3741.87,100
270,09:50:21,$ 3743.00,200
271,09:50:20,$ 3741.9499,100
272,09:50:20,$ 3741.95,100
274,09:50:20,$ 3741.96,100
275,09:50:20,$ 3741.96,135
276,09:50:19,$ 3741.96,100
277,09:50:18,$ 3740.47,100
278,09:50:18,$ 3740.41,100
279,09:50:18,$ 3741.58,126
280,09:50:16,$ 3740.23,100
281,09:50:16,$ 3740.22,100
282,09:50:16,$ 3741.00,100
283,09:50:16,$ 3741.00,100
284,09:50:16,$ 3739.99,100
285,09:50:16,$ 3739.98,100
286,09:50:16,$ 3740.00,198
287,09:50:11,$ 3739.7721,100
288,09:50:07,$ 3738.2292,109
289,09:50:06,$ 3739.49,100
290,09:50:05,$ 3739.50,100
291,09:50:03,$ 3738.795,100
292,09:50:02,$ 3739.51,100
293,09:50:02,$ 3739.50,100
295,09:50:00,$ 3740.94,100
296,09:50:00,$ 3740.94,100
297,09:49:59,$ 3739.35,626
298,09:49:59,$ 3739.74,100
299,09:49:59,$ 3739.66,100
300,09:49:59,$ 3739.97,100
301,09:49:58,$ 3740.91,100
302,09:49:58,$ 3740.29,100
303,09:49:58,$ 3740.05,100
304,09:49:58,$ 3740.21,100
305,09:49:58,$ 3740.29,100
306,09:49:58,$ 3740.29,100
307,09:49:57,$ 3739.16,100
308,09:49:57,$ 3738.67,100
309,09:49:57,$ 3738.685,100
310,09:49:56,$ 3739.09,100
311,09:49:55,$ 3738.42,100
312,09:49:53,$ 3738.695,200
313,09:49:52,$ 3738.505,500
314,09:49:51,$ 3739.30,100
316,09:49:51,$ 3739.21,100
317,09:49:50,$ 3739.94,100
318,09:49:50,$ 3740.92,100
319,09:49:48,$ 3740.92,100
320,09:49:46,$ 3740.805,100
321,09:49:46,$ 3742.00,100
322,09:49:45,$ 3738.48,135
323,09:49:45,$ 3740.49,100
324,09:49:45,$ 3740.30,100
325,09:49:44,$ 3738.48,100
326,09:49:40,$ 3740.39,100
327,09:49:40,$ 3741.61,100
328,09:49:40,$ 3739.87,100
329,09:49:40,$ 3739.905,200
330,09:49:40,$ 3740.548,500
331,09:49:40,$ 3740.00,300
332,09:49:40,$ 3739.99,100
333,09:49:40,$ 3739.92,100
334,09:49:40,$ 3739.98,100
335,09:49:38,$ 3740.555,100
337,09:49:38,$ 3739.5101,400
338,09:49:37,$ 3740.19,100
339,09:49:36,$ 3739.83,100
340,09:49:34,$ 3739.3643,400
341,09:49:34,$ 3739.49,100
342,09:49:34,$ 3740.44,146
343,09:49:34,$ 3740.00,100
344,09:49:34,$ 3740.00,100
345,09:49:34,$ 3739.30,100
346,09:49:31,$ 3738.4379,200
347,09:49:30,$ 3739.1877,100
348,09:49:30,$ 3739.43,100
349,09:49:29,$ 3739.42,100
350,09:49:28,$ 3739.15,100
351,09:49:27,$ 3738.00,101
352,09:49:26,$ 3738.40,100
353,09:49:25,$ 3736.99,100
354,09:49:24,$ 3736.98,100
355,09:49:24,$ 3737.00,167
356,09:49:24,$ 3736.556,100
358,09:49:24,$ 3736.62,100
359,09:49:23,$ 3735.73,100
360,09:49:23,$ 3736.62,100
361,09:49:22,$ 3736.33,100
362,09:49:22,$ 3736.98,400
363,09:49:22,$ 3736.99,100
364,09:49:22,$ 3737.00,177
365,09:49:22,$ 3736.62,100
366,09:49:22,$ 3736.48,100
367,09:49:22,$ 3736.67,100
368,09:49:22,$ 3735.58,100
369,09:49:22,$ 3735.59,100
370,09:49:22,$ 3733.12,267
371,09:49:21,$ 3734.00,100
372,09:49:19,$ 3732.14,100
373,09:49:19,$ 3732.85,100
374,09:49:18,$ 3732.42,300
375,09:49:18,$ 3732.4663,400
376,09:49:17,$ 3732.79,200
377,09:49:17,$ 3731.1943,300
379,09:49:16,$ 3731.845,100
380,09:49:15,$ 3732.87,100
381,09:49:15,$ 3732.81,100
382,09:49:13,$ 3731.21,100
383,09:49:13,$ 3730.39,100
384,09:49:13,$ 3730.22,104
385,09:49:13,$ 3730.62,100
386,09:49:13,$ 3732.43,300
387,09:49:13,$ 3730.99,100
388,09:49:13,$ 3730.99,100
389,09:49:13,$ 3729.95,100
390,09:49:12,$ 3729.89,100
391,09:49:12,$ 3729.85,100
392,09:49:11,$ 3729.89,100
393,09:49:09,$ 3728.0601,200
394,09:49:08,$ 3729.80,100
395,09:49:08,$ 3728.96,100
396,09:49:07,$ 3729.715,100
397,09:49:07,$ 3729.77,100
398,09:49:06,$ 3728.915,100
400,09:49:05,$ 3728.1598,200
401,09:49:05,$ 3729.80,100
402,09:49:04,$ 3729.71,125
403,09:48:58,$ 3728.07,200
404,09:48:58,$ 3729.05,100
405,09:48:57,$ 3727.96,100
406,09:48:57,$ 3728.97,100
407,09:48:56,$ 3728.34,100
408,09:48:56,$ 3728.34,100
409,09:48:56,$ 3727.94,100
410,09:48:56,$ 3727.86,100
411,09:48:56,$ 3727.07,200
412,09:48:56,$ 3727.86,100
413,09:48:56,$ 3727.06,100
414,09:48:55,$ 3724.8677,100
415,09:48:53,$ 3726.60,100
416,09:48:52,$ 3727.0599,100
417,09:48:52,$ 3725.62,100
418,09:48:51,$ 3726.345,100
419,09:48:51,$ 3726.41,100
421,09:48:51,$ 3725.00,100
422,09:48:51,$ 3725.00,166
423,09:48:50,$ 3724.64,100
424,09:48:50,$ 3724.64,100
425,09:48:50,$ 3723.43,100
426,09:48:48,$ 3722.22,100
427,09:48:48,$ 3723.50,100
428,09:48:48,$ 3722.39,100
429,09:48:48,$ 3722.39,100
430,09:48:48,$ 3722.25,100
431,09:48:48,$ 3722.26,100
432,09:48:46,$ 3721.39,100
433,09:48:42,$ 3721.635,130
434,09:48:41,$ 3722.05,100
435,09:48:32,$ 3721.72,100
436,09:48:29,$ 3720.7871,100
437,09:48:29,$ 3721.675,100
438,09:48:29,$ 3721.675,100
439,09:48:29,$ 3720.70,100
440,09:48:28,$ 3722.24,100
442,09:48:26,$ 3720.30,100
443,09:48:21,$ 3719.125,100
444,09:48:18,$ 3719.14,100
445,09:48:18,$ 3720.05,100
446,09:48:18,$ 3720.01,100
447,09:48:18,$ 3720.00,261
448,09:48:18,$ 3720.00,100
449,09:48:18,$ 3720.232,250
450,09:48:14,$ 3721.41,100
451,09:48:09,$ 3721.07,100
452,09:48:04,$ 3720.88,100
453,09:47:59,$ 3719.99,100
454,09:47:59,$ 3719.65,100
455,09:47:59,$ 3720.00,100
456,09:47:58,$ 3721.93,100
457,09:47:57,$ 3720.34,100
458,09:47:57,$ 3719.78,100
459,09:47:54,$ 3717.83,100
460,09:47:43,$ 3717.265,100
461,09:47:37,$ 3716.36,100
463,09:47:36,$ 3716.84,126
464,09:47:25,$ 3715.26,100
465,09:47:20,$ 3715.7244,133
466,09:47:19,$ 3713.175,100
467,09:47:19,$ 3713.855,100
468,09:47:19,$ 3713.50,100
469,09:47:19,$ 3712.87,100
470,09:47:18,$ 3713.73,100
471,09:47:18,$ 3712.73,100
472,09:47:18,$ 3712.87,100
473,09:47:13,$ 3712.00,100
474,09:47:12,$ 3713.58,100
475,09:47:12,$ 3712.58,200
476,09:47:11,$ 3713.79,100
477,09:47:11,$ 3713.365,100
478,09:47:10,$ 3714.0004,100
479,09:47:08,$ 3712.59,100
480,09:47:08,$ 3713.00,100
481,09:47:08,$ 3713.16,100
482,09:47:05,$ 3714.12,100
484,09:46:45,$ 3715.30,100
485,09:46:45,$ 3715.99,100
486,09:46:45,$ 3715.99,100
487,09:46:44,$ 3715.62,100
488,09:46:44,$ 3715.995,100
489,09:46:42,$ 3714.73,100
490,09:46:42,$ 3714.575,100
491,09:46:42,$ 3714.60,100
492,09:46:42,$ 3714.74,100
493,09:46:35,$ 3716.18,100
494,09:46:35,$ 3717.20,138
495,09:46:30,$ 3717.55,200
496,09:46:23,$ 3717.485,100
497,09:46:20,$ 3718.06,105
498,09:46:18,$ 3717.17,100
499,09:46:18,$ 3716.85,100
500,09:46:15,$ 3718.065,244
501,09:46:03,$ 3720.15,100
502,09:46:03,$ 3719.96,100
503,09:45:58,$ 3720.605,100
505,09:45:57,$ 3719.1001,240
506,09:45:55,$ 3719.3448,100
507,09:45:54,$ 3720.69,300
508,09:45:53,$ 3720.6999,100
509,09:45:50,$ 3719.94,100
510,09:45:49,$ 3720.99,100
511,09:45:49,$ 3720.98,100
512,09:45:49,$ 3720.94,100
513,09:45:48,$ 3720.50,100
514,09:45:47,$ 3721.10,100
515,09:45:47,$ 3720.93,100
516,09:45:47,$ 3721.08,100
517,09:45:43,$ 3722.50,100
518,09:45:42,$ 3722.28,100
519,09:45:42,$ 3723.06,100
520,09:45:39,$ 3722.52,100
521,09:45:34,$ 3722.91,100
522,09:45:34,$ 3720.99,145
523,09:45:34,$ 3720.98,100
524,09:45:34,$ 3721.98,100
526,09:45:34,$ 3721.90,100
527,09:45:27,$ 3720.9701,100
528,09:45:26,$ 3722.7647,250
529,09:45:25,$ 3722.95,100
530,09:45:23,$ 3723.1099,200
531,09:45:19,$ 3723.13,100
532,09:45:19,$ 3722.08,154
533,09:45:18,$ 3723.16,100
534,09:45:17,$ 3722.9225,100
535,09:45:15,$ 3723.18,100
536,09:45:14,$ 3723.20,100
537,09:45:14,$ 3723.00,100
538,09:45:13,$ 3721.4581,100
539,09:45:12,$ 3723.44,246
540,09:45:12,$ 3722.49,100
541,09:45:07,$ 3723.00,100
542,09:45:07,$ 3720.96,100
543,09:45:07,$ 3720.96,100
544,09:45:07,$ 3722.37,100
545,09:45:07,$ 3722.22,100
547,09:45:07,$ 3722.25,100
548,09:45:07,$ 3722.205,100
549,09:45:07,$ 3721.575,100
550,09:45:05,$ 3720.55,100
551,09:45:03,$ 3721.02,100
552,09:44:59,$ 3721.23,100
553,09:44:57,$ 3720.49,100
554,09:44:53,$ 3722.00,100
555,09:44:53,$ 3722.25,100
556,09:44:49,$ 3721.65,100
557,09:44:46,$ 3723.00,100
558,09:44:46,$ 3722.09,100
559,09:44:45,$ 3722.09,100
560,09:44:45,$ 3721.045,100
561,09:44:45,$ 3722.09,100
562,09:44:43,$ 3720.47,200
563,09:44:41,$ 3720.65,100
564,09:44:39,$ 3720.535,100
565,09:44:39,$ 3720.535,100
566,09:44:39,$ 3720.64,100
568,09:44:39,$ 3720.64,100
569,09:44:38,$ 3719.525,250
570,09:44:37,$ 3720.63,100
571,09:44:37,$ 3720.65,100
572,09:44:37,$ 3720.65,100
573,09:44:36,$ 3719.15,100
574,09:44:34,$ 3719.53,100
575,09:44:34,$ 3719.525,100
576,09:44:25,$ 3718.4101,240
577,09:44:24,$ 3719.44,100
578,09:44:24,$ 3719.26,100
579,09:44:23,$ 3717.75,100
580,09:44:22,$ 3717.75,100
581,09:44:21,$ 3718.89,200
582,09:44:19,$ 3717.40,101
583,09:44:19,$ 3717.40,100
584,09:44:19,$ 3717.40,124
585,09:44:19,$ 3717.58,100
586,09:44:19,$ 3716.885,100
587,09:44:09,$ 3715.80,300
589,09:44:08,$ 3716.61,100
590,09:44:07,$ 3716.6101,300
591,09:44:04,$ 3716.99,100
592,09:44:02,$ 3715.00,100
593,09:44:02,$ 3714.99,500
594,09:43:58,$ 3713.00,100
595,09:43:57,$ 3712.11,118
596,09:43:51,$ 3713.29,100
597,09:43:49,$ 3712.61,100
598,09:43:48,$ 3713.39,100
599,09:43:48,$ 3712.15,100
600,09:43:48,$ 3712.15,100
601,09:43:48,$ 3712.00,100
602,09:43:46,$ 3710.09,100
603,09:43:43,$ 3711.99,102
604,09:43:43,$ 3711.00,100
605,09:43:43,$ 3711.00,100
606,09:43:43,$ 3711.00,100
607,09:43:42,$ 3711.35,100
608,09:43:38,$ 3712.0001,200
610,09:43:37,$ 3712.1524,129
611,09:43:37,$ 3712.70,100
612,09:43:36,$ 3712.59,197
613,09:43:36,$ 3712.91,100
614,09:43:36,$ 3712.91,100
615,09:43:34,$ 3712.91,100
616,09:43:33,$ 3713.0901,120
617,09:43:29,$ 3713.7133,300
618,09:43:27,$ 3714.08,100
619,09:43:25,$ 3713.22,100
620,09:43:23,$ 3713.93,100
621,09:43:23,$ 3713.93,100
622,09:43:18,$ 3712.79,100
623,09:43:17,$ 3712.7617,148
624,09:43:17,$ 3712.7617,121
625,09:43:17,$ 3712.77,131
626,09:43:17,$ 3712.80,100
627,09:43:16,$ 3712.93,100
628,09:43:16,$ 3712.76,100
629,09:43:16,$ 3712.77,100
631,09:43:15,$ 3714.0608,269
632,09:43:15,$ 3713.57,208
633,09:43:15,$ 3714.08,100
634,09:43:15,$ 3714.11,100
635,09:43:15,$ 3714.07,208
636,09:43:15,$ 3713.66,100
637,09:43:15,$ 3714.16,100
638,09:43:15,$ 3713.61,100
639,09:43:15,$ 3713.58,100
640,09:43:14,$ 3714.265,100
641,09:43:13,$ 3713.8863,100
642,09:43:12,$ 3714.73,100
643,09:43:07,$ 3715.06,100
644,09:43:07,$ 3715.06,100
645,09:43:06,$ 3715.99,100
646,09:43:03,$ 3715.785,100
647,09:43:02,$ 3715.54,100
648,09:43:02,$ 3715.01,117
649,09:43:02,$ 3716.025,240
650,09:42:57,$ 3715.09,100
652,09:42:56,$ 3715.09,100
653,09:42:53,$ 3715.44,100
654,09:42:53,$ 3715.44,397
655,09:42:53,$ 3715.64,100
656,09:42:53,$ 3715.64,100
657,09:42:53,$ 3715.68,100
658,09:42:51,$ 3716.745,200
659,09:42:50,$ 3715.7309,200
660,09:42:48,$ 3716.89,100
661,09:42:48,$ 3716.22,100
662,09:42:48,$ 3716.00,100
663,09:42:48,$ 3716.25,100
664,09:42:48,$ 3716.33,100
665,09:42:48,$ 3717.87,100
666,09:42:48,$ 3717.16,100
667,09:42:48,$ 3717.15,100
668,09:42:48,$ 3717.00,100
669,09:42:43,$ 3719.50,100
670,09:42:40,$ 3718.04,400
671,09:42:40,$ 3718.035,100
673,09:42:33,$ 3717.9248,135
674,09:42:26,$ 3718.99,100
675,09:42:16,$ 3718.101,500
676,09:42:15,$ 3719.23,100
677,09:42:12,$ 3720.00,250
678,09:42:12,$ 3720.49,100
679,09:42:10,$ 3721.4699,100
680,09:42:09,$ 3721.3563,200
681,09:42:07,$ 3719.9817,167
682,09:42:06,$ 3719.49,105
683,09:42:04,$ 3720.62,100
684,09:42:04,$ 3720.00,100
685,09:42:04,$ 3721.46,100
686,09:42:04,$ 3721.46,100
687,09:42:04,$ 3721.88,100
688,09:42:04,$ 3721.91,100
689,09:42:04,$ 3720.00,100
690,09:42:04,$ 3720.00,100
691,09:42:04,$ 3720.00,100
692,09:42:04,$ 3719.15,100
694,09:42:04,$ 3719.59,127
695,09:42:01,$ 3718.0601,100
696,09:42:00,$ 3719.00,100
697,09:41:59,$ 3718.99,100
698,09:41:58,$ 3719.00,104
699,09:41:57,$ 3717.685,100
700,09:41:55,$ 3719.00,100
701,09:41:55,$ 3718.15,100
702,09:41:47,$ 3715.8601,100
703,09:41:47,$ 3717.23,100
704,09:41:47,$ 3717.49,100
705,09:41:45,$ 3717.23,100
706,09:41:45,$ 3716.97,100
707,09:41:44,$ 3716.84,100
708,09:41:39,$ 3717.11,100
709,09:41:32,$ 3717.45,100
710,09:41:31,$ 3715.725,280
711,09:41:27,$ 3717.555,100
712,09:41:24,$ 3715.5148,620
713,09:41:23,$ 3715.79,100
715,09:41:18,$ 3716.13,100
716,09:41:17,$ 3716.59,117
717,09:41:17,$ 3716.48,100
718,09:41:14,$ 3718.1782,100
719,09:41:11,$ 3716.48,100
720,09:41:10,$ 3717.48,100
721,09:41:09,$ 3718.065,100
722,09:41:07,$ 3716.6226,240
723,09:41:06,$ 3717.255,100
724,09:41:06,$ 3718.6371,100
725,09:41:05,$ 3717.00,117
726,09:41:05,$ 3717.00,226
727,09:41:05,$ 3717.00,423
728,09:41:05,$ 3716.93,100
729,09:41:04,$ 3716.00,100
730,09:41:03,$ 3716.39,248
731,09:41:01,$ 3714.255,100
732,09:41:01,$ 3714.74,100
733,09:41:01,$ 3714.74,100
734,09:41:01,$ 3714.29,100
736,09:40:53,$ 3714.4515,100
737,09:40:48,$ 3714.505,100
738,09:40:41,$ 3714.42,100
739,09:40:40,$ 3715.01,100
740,09:40:33,$ 3715.995,100
741,09:40:30,$ 3715.94,100
742,09:40:23,$ 3714.68,100
743,09:40:22,$ 3712.63,100
744,09:40:22,$ 3712.59,100
745,09:40:21,$ 3713.495,100
746,09:40:10,$ 3714.59,100
747,09:40:09,$ 3715.00,100
748,09:40:09,$ 3714.59,100
749,09:40:04,$ 3714.31,170
750,09:40:04,$ 3714.0679,100
751,09:40:03,$ 3714.31,100
752,09:40:03,$ 3714.31,100
753,09:40:01,$ 3716.37,117
754,09:40:01,$ 3715.00,100
755,09:39:54,$ 3717.43,100
757,09:39:54,$ 3717.47,100
758,09:39:54,$ 3717.59,100
759,09:39:54,$ 3718.58,100
760,09:39:53,$ 3718.03,100
761,09:39:51,$ 3719.53,100
762,09:39:51,$ 3718.7716,300
763,09:39:48,$ 3719.41,100
764,09:39:48,$ 3719.21,100
765,09:39:48,$ 3718.87,100
766,09:39:48,$ 3718.48,100
767,09:39:47,$ 3717.96,268
768,09:39:47,$ 3717.96,371
769,09:39:47,$ 3718.00,100
770,09:39:47,$ 3718.47,"1,000"
771,09:39:42,$ 3719.53,100
772,09:39:41,$ 3718.8315,200
773,09:39:40,$ 3717.98,100
774,09:39:40,$ 3717.89,100
775,09:39:39,$ 3716.53,100
776,09:39:39,$ 3716.01,100
778,09:39:39,$ 3716.53,100
779,09:39:37,$ 3714.2415,420
780,09:39:37,$ 3715.18,250
781,09:39:35,$ 3714.9891,248
782,09:39:34,$ 3714.98,200
783,09:39:32,$ 3715.36,100
784,09:39:32,$ 3714.94,100
785,09:39:32,$ 3714.94,100
786,09:39:28,$ 3714.05,100
787,09:39:25,$ 3713.11,100
788,09:39:23,$ 3714.0363,400
789,09:39:22,$ 3713.41,100
790,09:39:17,$ 3714.53,100
791,09:39:17,$ 3715.10,100
792,09:39:17,$ 3714.145,100
793,09:39:17,$ 3714.15,122
794,09:39:15,$ 3715.22,100
795,09:39:15,$ 3714.155,500
796,09:39:15,$ 3714.18,100
797,09:39:15,$ 3714.12,100
799,09:39:15,$ 3713.127,100
800,09:39:13,$ 3713.354,100
801,09:39:13,$ 3713.95,100
802,09:39:11,$ 3713.95,100
803,09:39:11,$ 3714.17,100
804,09:39:09,$ 3713.035,100
805,09:39:09,$ 3714.0223,200
806,09:39:08,$ 3714.184,250
807,09:39:07,$ 3713.08,100
808,09:39:06,$ 3714.7346,"1,000"
809,09:39:05,$ 3714.0528,100
810,09:39:03,$ 3715.72,100
811,09:39:03,$ 3715.72,100
812,09:39:02,$ 3716.3085,269
813,09:39:02,$ 3715.73,100
814,09:39:02,$ 3716.9775,300
815,09:39:01,$ 3716.66,100
816,09:39:00,$ 3716.6221,625
817,09:38:57,$ 3716.1899,100
818,09:38:57,$ 3716.1899,100
820,09:38:56,$ 3715.90,100
821,09:38:56,$ 3715.09,100
822,09:38:56,$ 3715.00,100
823,09:38:54,$ 3714.00,100
824,09:38:53,$ 3713.97,100
825,09:38:50,$ 3714.18,100
826,09:38:50,$ 3712.56,100
827,09:38:48,$ 3712.51,200
828,09:38:48,$ 3711.4144,100
829,09:38:48,$ 3712.42,100
830,09:38:44,$ 3711.7334,400
831,09:38:44,$ 3711.5353,100
832,09:38:42,$ 3711.662,500
833,09:38:39,$ 3711.93,100
834,09:38:39,$ 3710.9558,118
835,09:38:38,$ 3712.0094,200
836,09:38:38,$ 3710.84,220
837,09:38:38,$ 3711.67,100
838,09:38:35,$ 3709.394,100
839,09:38:33,$ 3708.1665,102
841,09:38:33,$ 3708.1666,182
842,09:38:33,$ 3709.11,182
843,09:38:33,$ 3708.92,200
844,09:38:33,$ 3709.11,200
845,09:38:31,$ 3708.23,100
846,09:38:30,$ 3708.00,133
847,09:38:27,$ 3708.90,100
848,09:38:27,$ 3706.66,100
849,09:38:27,$ 3706.66,100
850,09:38:27,$ 3706.66,100
851,09:38:27,$ 3706.89,100
852,09:38:26,$ 3708.1125,280
853,09:38:24,$ 3707.56,100
854,09:38:24,$ 3707.56,100
855,09:38:21,$ 3707.04,100
856,09:38:18,$ 3706.68,100
857,09:38:18,$ 3706.68,100
858,09:38:17,$ 3706.71,100
859,09:38:16,$ 3707.2484,300
860,09:38:16,$ 3706.64,100
862,09:38:15,$ 3707.49,100
863,09:38:15,$ 3706.895,100
864,09:38:13,$ 3707.36,100
865,09:38:10,$ 3706.5516,300
866,09:38:09,$ 3707.05,100
867,09:38:09,$ 3707.29,100
868,09:38:07,$ 3706.455,100
869,09:38:05,$ 3706.00,190
870,09:38:04,$ 3705.50,100
871,09:38:04,$ 3706.00,100
872,09:38:03,$ 3706.00,200
873,09:38:03,$ 3705.47,100
874,09:38:03,$ 3706.095,100
875,09:38:02,$ 3706.00,100
876,09:37:59,$ 3707.1227,142
877,09:37:59,$ 3708.56,300
878,09:37:59,$ 3706.975,100
879,09:37:56,$ 3707.015,100
880,09:37:55,$ 3707.96,500
881,09:37:55,$ 3708.533,500
883,09:37:55,$ 3707.9601,220
884,09:37:54,$ 3709.00,100
885,09:37:52,$ 3709.07,100
886,09:37:52,$ 3709.1001,100
887,09:37:51,$ 3709.0807,100
888,09:37:50,$ 3709.99,100
889,09:37:50,$ 3708.731,250
890,09:37:48,$ 3709.11,198
891,09:37:48,$ 3708.81,100
892,09:37:48,$ 3708.81,100
893,09:37:48,$ 3708.64,175
894,09:37:48,$ 3708.64,100
895,09:37:48,$ 3707.4354,100
896,09:37:47,$ 3707.82,104
897,09:37:47,$ 3707.48,100
898,09:37:44,$ 3707.96,200
899,09:37:44,$ 3707.63,100
900,09:37:44,$ 3707.48,100
901,09:37:43,$ 3707.48,100
902,09:37:43,$ 3707.43,151
904,09:37:43,$ 3706.75,100
905,09:37:43,$ 3707.4299,100
906,09:37:42,$ 3706.80,100
907,09:37:42,$ 3706.80,100
908,09:37:42,$ 3706.80,100
909,09:37:41,$ 3706.80,100
910,09:37:40,$ 3706.80,100
911,09:37:39,$ 3707.609,100
912,09:37:38,$ 3706.80,100
913,09:37:37,$ 3705.3501,120
914,09:37:37,$ 3706.48,100
915,09:37:33,$ 3707.97,100
916,09:37:33,$ 3707.3045,147
917,09:37:32,$ 3708.79,100
918,09:37:32,$ 3707.80,100
919,09:37:32,$ 3707.22,100
920,09:37:31,$ 3708.4799,500
921,09:37:30,$ 3708.30,100
922,09:37:29,$ 3708.58,200
923,09:37:28,$ 3709.75,200
925,09:37:28,$ 3709.83,100
926,09:37:28,$ 3709.65,100
927,09:37:28,$ 3709.87,100
928,09:37:27,$ 3710.305,100
929,09:37:22,$ 3710.00,100
930,09:37:22,$ 3710.00,100
931,09:37:22,$ 3711.01,100
932,09:37:22,$ 3711.07,100
933,09:37:21,$ 3712.80,100
934,09:37:21,$ 3712.395,200
935,09:37:21,$ 3711.76,100
936,09:37:21,$ 3711.80,100
937,09:37:17,$ 3712.12,100
938,09:37:15,$ 3712.29,100
939,09:37:11,$ 3713.01,100
940,09:37:10,$ 3715.6099,500
941,09:37:10,$ 3713.75,100
942,09:37:09,$ 3714.39,500
943,09:37:07,$ 3714.97,100
944,09:37:07,$ 3714.39,625
946,09:37:07,$ 3714.38,100
947,09:37:06,$ 3713.40,100
948,09:37:06,$ 3714.391,100
949,09:37:06,$ 3712.132,200
950,09:37:05,$ 3713.065,100
951,09:37:05,$ 3711.8701,100
952,09:37:05,$ 3712.601,179
953,09:37:05,$ 3713.095,293
954,09:37:05,$ 3712.74,100
955,09:37:05,$ 3712.245,100
956,09:37:05,$ 3712.66,100
957,09:37:05,$ 3712.90,100
958,09:37:04,$ 3711.00,295
959,09:37:03,$ 3711.215,100
960,09:37:03,$ 3711.952,114
961,09:37:02,$ 3713.30,100
962,09:37:02,$ 3713.00,100
963,09:37:00,$ 3713.03,100
964,09:37:00,$ 3713.02,100
965,09:37:00,$ 3713.19,100
967,09:37:00,$ 3713.39,100
968,09:37:00,$ 3713.03,100
969,09:37:00,$ 3713.39,200
970,09:37:00,$ 3713.03,100
971,09:37:00,$ 3714.08,100
972,09:37:00,$ 3714.97,196
973,09:36:59,$ 3714.81,100
974,09:36:57,$ 3714.36,100
975,09:36:56,$ 3714.99,100
976,09:36:56,$ 3714.7266,100
977,09:36:54,$ 3714.835,500
978,09:36:50,$ 3717.07,100
979,09:36:50,$ 3716.245,100
980,09:36:49,$ 3715.46,100
981,09:36:49,$ 3715.46,100
982,09:36:49,$ 3715.99,100
983,09:36:49,$ 3716.18,100
984,09:36:49,$ 3715.56,100
985,09:36:46,$ 3714.971,300
986,09:36:44,$ 3717.085,150
988,09:36:44,$ 3716.52,100
989,09:36:41,$ 3717.63,200
990,09:36:41,$ 3717.60,100
991,09:36:41,$ 3717.60,300
992,09:36:41,$ 3717.61,100
993,09:36:41,$ 3717.60,100
994,09:36:41,$ 3717.645,100
995,09:36:39,$ 3718.50,100
996,09:36:37,$ 3719.00,100
997,09:36:37,$ 3719.04,100
998,09:36:37,$ 3719.01,100
999,09:36:37,$ 3719.58,100
1000,09:36:37,$ 3720.1632,100
1001,09:36:36,$ 3720.00,400
1002,09:36:36,$ 3720.17,100
1003,09:36:31,$ 3722.06,100
1004,09:36:25,$ 3722.27,100
1005,09:36:25,$ 3722.335,100
1006,09:36:23,$ 3722.596,300
1007,09:36:23,$ 3723.1824,115
1009,09:36:21,$ 3722.86,100
1010,09:36:19,$ 3723.39,100
1011,09:36:17,$ 3723.092,500
1012,09:36:17,$ 3723.09,100
1013,09:36:16,$ 3722.96,139
1014,09:36:16,$ 3722.94,100
1015,09:36:16,$ 3722.93,133
1016,09:36:15,$ 3722.895,200
1017,09:36:15,$ 3720.795,100
1018,09:36:15,$ 3722.925,100
1019,09:36:15,$ 3722.845,100
1020,09:36:15,$ 3721.535,400
1021,09:36:15,$ 3722.8742,100
1022,09:36:14,$ 3721.545,200
1023,09:36:13,$ 3720.3762,500
1024,09:36:13,$ 3721.54,100
1025,09:36:13,$ 3721.55,100
1026,09:36:10,$ 3721.48,100
1027,09:36:10,$ 3722.01,100
1028,09:36:09,$ 3723.00,100
1030,09:36:08,$ 3724.3808,272
1031,09:36:06,$ 3724.93,100
1032,09:36:06,$ 3724.93,100
1033,09:36:03,$ 3724.02,100
1034,09:36:03,$ 3723.94,100
1035,09:36:02,$ 3725.235,100
1036,09:36:02,$ 3725.26,100
1037,09:35:57,$ 3725.00,100
1038,09:35:54,$ 3725.375,"1,000"
1039,09:35:53,$ 3725.365,625
1040,09:35:51,$ 3724.8223,100
1041,09:35:50,$ 3724.20,300
1042,09:35:49,$ 3724.075,100
1043,09:35:49,$ 3725.00,100
1044,09:35:49,$ 3723.19,100
1045,09:35:49,$ 3723.14,100
1046,09:35:47,$ 3722.53,100
1047,09:35:45,$ 3720.67,100
1048,09:35:44,$ 3721.59,100
1049,09:35:44,$ 3721.59,100
1051,09:35:43,$ 3721.61,100
1052,09:35:43,$ 3721.58,100
1053,09:35:42,$ 3723.109,200
1054,09:35:42,$ 3722.7954,100
1055,09:35:41,$ 3722.21,100
1056,09:35:39,$ 3721.415,100
1057,09:35:37,$ 3721.74,100
1058,09:35:37,$ 3720.66,100
1059,09:35:37,$ 3722.06,100
1060,09:35:37,$ 3721.07,100
1061,09:35:36,$ 3721.24,100
1062,09:35:36,$ 3721.35,100
1063,09:35:36,$ 3720.06,100
1064,09:35:36,$ 3720.13,100
1065,09:35:36,$ 3721.80,100
1066,09:35:36,$ 3721.69,100
1067,09:35:36,$ 3721.02,100
1068,09:35:32,$ 3720.375,100
1069,09:35:31,$ 3722.555,100
1070,09:35:31,$ 3721.34,100
1072,09:35:31,$ 3721.34,100
1073,09:35:31,$ 3721.34,100
1074,09:35:30,$ 3722.65,100
1075,09:35:30,$ 3722.455,100
1076,09:35:30,$ 3722.65,100
1077,09:35:29,$ 3721.09,100
1078,09:35:29,$ 3721.09,100
1079,09:35:29,$ 3720.9859,200
1080,09:35:26,$ 3719.0501,100
1081,09:35:26,$ 3721.1899,270
1082,09:35:23,$ 3721.39,100
1083,09:35:23,$ 3721.39,100
1084,09:35:23,$ 3721.61,200
1085,09:35:23,$ 3721.62,200
1086,09:35:23,$ 3721.33,100
1087,09:35:23,$ 3721.33,100
1088,09:35:22,$ 3719.155,100
1089,09:35:18,$ 3719.22,100
1090,09:35:18,$ 3719.22,100
1091,09:35:18,$ 3719.22,100
1093,09:35:18,$ 3719.86,200
1094,09:35:17,$ 3720.09,200
1095,09:35:17,$ 3720.00,100
1096,09:35:17,$ 3720.13,100
1097,09:35:17,$ 3720.55,200
1098,09:35:16,$ 3721.13,100
1099,09:35:16,$ 3721.00,100
1100,09:35:14,$ 3721.00,100
1101,09:35:14,$ 3722.20,100
1102,09:35:14,$ 3722.22,100
1103,09:35:14,$ 3722.51,100
1104,09:35:14,$ 3722.315,100
1105,09:35:14,$ 3722.51,100
1106,09:35:14,$ 3722.40,100
1107,09:35:11,$ 3722.2401,100
1108,09:35:08,$ 3722.21,200
1109,09:35:08,$ 3722.89,200
1110,09:35:06,$ 3725.755,625
1111,09:35:06,$ 3724.55,200
1112,09:35:05,$ 3726.193,500
1114,09:35:04,$ 3725.2625,100
1115,09:35:04,$ 3726.00,100
1116,09:35:04,$ 3726.17,100
1117,09:35:04,$ 3726.93,"1,000"
1118,09:35:02,$ 3727.165,100
1119,09:35:01,$ 3727.4085,108
1120,09:34:53,$ 3727.31,100
1121,09:34:53,$ 3730.00,100
1122,09:34:53,$ 3731.34,100
1123,09:34:49,$ 3734.64,100
1124,09:34:48,$ 3733.76,100
1125,09:34:47,$ 3734.57,100
1126,09:34:47,$ 3734.57,131
1127,09:34:47,$ 3735.57,100
1128,09:34:47,$ 3735.57,131
1129,09:34:47,$ 3735.57,100
1130,09:34:47,$ 3735.57,162
1131,09:34:47,$ 3733.79,189
1132,09:34:47,$ 3734.79,189
1133,09:34:47,$ 3734.80,198
1135,09:34:47,$ 3734.80,100
1136,09:34:46,$ 3734.79,100
1137,09:34:46,$ 3733.79,100
1138,09:34:46,$ 3733.78,100
1139,09:34:46,$ 3734.78,100
1140,09:34:45,$ 3734.34,100
1141,09:34:45,$ 3734.34,200
1142,09:34:45,$ 3734.57,100
1143,09:34:45,$ 3734.69,100
1144,09:34:45,$ 3732.89,100
1145,09:34:45,$ 3732.95,100
1146,09:34:44,$ 3733.71,100
1147,09:34:44,$ 3733.652,100
1148,09:34:44,$ 3733.652,100
1149,09:34:44,$ 3733.97,100
1150,09:34:44,$ 3734.08,100
1151,09:34:43,$ 3733.2781,100
1152,09:34:43,$ 3733.03,100
1153,09:34:42,$ 3733.3787,250
1154,09:34:41,$ 3734.285,100
1156,09:34:37,$ 3733.555,100
1157,09:34:37,$ 3735.00,100
1158,09:34:36,$ 3737.26,100
1159,09:34:36,$ 3735.70,100
1160,09:34:30,$ 3737.52,100
1161,09:34:30,$ 3737.52,100
1162,09:34:30,$ 3737.52,100
1163,09:34:23,$ 3735.124,100
1164,09:34:23,$ 3735.02,100
1165,09:34:22,$ 3735.15,100
1166,09:34:18,$ 3736.41,100
1167,09:34:13,$ 3737.02,100
1168,09:34:13,$ 3738.42,100
1169,09:34:13,$ 3738.43,100
1170,09:34:12,$ 3738.77,100
1171,09:34:12,$ 3738.77,100
1172,09:34:12,$ 3737.48,100
1173,09:34:12,$ 3737.79,100
1174,09:34:08,$ 3736.718,124
1175,09:34:07,$ 3736.0481,250
1177,09:34:07,$ 3736.13,100
1178,09:34:05,$ 3737.385,500
1179,09:34:01,$ 3737.53,100
1180,09:34:01,$ 3736.995,100
1181,09:34:00,$ 3737.00,100
1182,09:34:00,$ 3737.00,100
1183,09:33:59,$ 3738.00,165
1184,09:33:58,$ 3738.635,100
1185,09:33:58,$ 3737.1773,100
1186,09:33:56,$ 3738.74,100
1187,09:33:55,$ 3739.41,100
1188,09:33:54,$ 3738.7699,100
1189,09:33:49,$ 3738.7899,100
1190,09:33:49,$ 3737.395,100
1191,09:33:48,$ 3738.28,100
1192,09:33:46,$ 3737.505,111
1193,09:33:46,$ 3738.74,100
1194,09:33:46,$ 3738.79,104
1195,09:33:37,$ 3737.06,100
1196,09:33:35,$ 3736.755,100
1198,09:33:35,$ 3736.33,100
1199,09:33:34,$ 3736.535,100
1200,09:33:30,$ 3736.91,100
1201,09:33:30,$ 3738.17,100
1202,09:33:29,$ 3736.965,150
1203,09:33:29,$ 3737.395,100
1204,09:33:29,$ 3737.14,100
1205,09:33:29,$ 3737.345,100
1206,09:33:28,$ 3738.35,151
1207,09:33:28,$ 3736.99,200
1208,09:33:28,$ 3736.99,197
1209,09:33:28,$ 3736.34,100
1210,09:33:28,$ 3736.46,100
1211,09:33:28,$ 3736.47,161
1212,09:33:28,$ 3736.48,100
1213,09:33:28,$ 3736.99,100
1214,09:33:28,$ 3736.99,100
1215,09:33:27,$ 3735.345,100
1216,09:33:27,$ 3735.345,200
1217,09:33:27,$ 3736.07,100
1219,09:33:27,$ 3736.45,100
1220,09:33:18,$ 3735.75,250
1221,09:33:17,$ 3736.56,100
1222,09:33:17,$ 3736.40,100
1223,09:33:15,$ 3737.22,100
1224,09:33:15,$ 3736.43,200
1225,09:33:14,$ 3736.675,100
1226,09:33:14,$ 3736.535,100
1227,09:33:09,$ 3737.98,100
1228,09:33:08,$ 3736.38,200
1229,09:33:07,$ 3740.41,100
1230,09:33:06,$ 3741.34,100
1231,09:33:06,$ 3741.34,100
1232,09:33:06,$ 3741.34,100
1233,09:33:06,$ 3741.34,182
1234,09:33:05,$ 3739.95,197
1235,09:33:05,$ 3739.85,200
1236,09:32:56,$ 3737.82,100
1237,09:32:54,$ 3738.08,100
1238,09:32:53,$ 3741.45,452
1240,09:32:53,$ 3741.12,100
1241,09:32:53,$ 3740.72,100
1242,09:32:53,$ 3740.50,100
1243,09:32:53,$ 3741.00,100
1244,09:32:53,$ 3741.22,100
1245,09:32:53,$ 3741.62,100
1246,09:32:52,$ 3741.2329,"1,000"
1247,09:32:50,$ 3743.5299,250
1248,09:32:47,$ 3740.16,100
1249,09:32:47,$ 3740.28,100
1250,09:32:47,$ 3743.52,100
1251,09:32:47,$ 3741.97,100
1252,09:32:44,$ 3743.54,100
1253,09:32:43,$ 3743.22,100
1254,09:32:43,$ 3743.22,185
1255,09:32:43,$ 3741.11,100
1256,09:32:43,$ 3740.75,100
1257,09:32:43,$ 3740.98,100
1258,09:32:43,$ 3741.11,252
1259,09:32:43,$ 3741.11,148
1261,09:32:43,$ 3738.767,500
1262,09:32:43,$ 3739.475,100
1263,09:32:43,$ 3738.79,100
1264,09:32:42,$ 3740.06,100
1265,09:32:41,$ 3740.10,100
1266,09:32:41,$ 3740.04,128
1267,09:32:41,$ 3740.205,100
1268,09:32:41,$ 3741.00,100
1269,09:32:41,$ 3741.00,100
1270,09:32:41,$ 3743.53,109
1271,09:32:40,$ 3741.5348,100
1272,09:32:39,$ 3742.46,100
1273,09:32:37,$ 3741.205,100
1274,09:32:36,$ 3743.17,100
1275,09:32:36,$ 3743.22,100
1276,09:32:36,$ 3743.23,100
1277,09:32:29,$ 3745.00,998
1278,09:32:29,$ 3745.995,100
1279,09:32:27,$ 3745.145,174
1280,09:32:24,$ 3744.745,100
1282,09:32:24,$ 3744.42,100
1283,09:32:24,$ 3744.96,100
1284,09:32:23,$ 3744.9738,100
1285,09:32:23,$ 3744.91,100
1286,09:32:23,$ 3745.50,100
1287,09:32:23,$ 3744.82,100
1288,09:32:23,$ 3744.99,100
1289,09:32:23,$ 3745.00,100
1290,09:32:23,$ 3745.00,200
1291,09:32:23,$ 3745.00,100
1292,09:32:23,$ 3745.00,100
1293,09:32:23,$ 3745.00,300
1294,09:32:23,$ 3745.00,100
1295,09:32:22,$ 3742.62,100
1296,09:32:22,$ 3743.9999,150
1297,09:32:22,$ 3743.36,100
1298,09:32:22,$ 3744.93,100
1299,09:32:21,$ 3744.9999,500
1300,09:32:19,$ 3743.28,175
1301,09:32:18,$ 3744.44,100
1303,09:32:18,$ 3743.42,193
1304,09:32:18,$ 3743.42,100
1305,09:32:18,$ 3743.42,100
1306,09:32:18,$ 3743.42,100
1307,09:32:18,$ 3743.42,100
1308,09:32:18,$ 3742.33,100
1309,09:32:18,$ 3742.43,100
1310,09:32:17,$ 3741.7945,106
1311,09:32:16,$ 3742.00,100
1312,09:32:16,$ 3742.095,300
1313,09:32:15,$ 3740.98,100
1314,09:32:15,$ 3743.40,100
1315,09:32:14,$ 3742.2793,100
1316,09:32:13,$ 3741.5336,500
1317,09:32:13,$ 3741.945,500
1318,09:32:12,$ 3741.86,100
1319,09:32:12,$ 3740.7773,100
1320,09:32:12,$ 3742.605,150
1321,09:32:12,$ 3742.07,100
1322,09:32:12,$ 3741.97,100
1324,09:32:12,$ 3741.50,110
1325,09:32:11,$ 3740.755,100
1326,09:32:11,$ 3741.44,100
1327,09:32:10,$ 3740.525,100
1328,09:32:09,$ 3738.945,100
1329,09:32:09,$ 3737.4469,150
1330,09:32:08,$ 3739.56,100
1331,09:32:07,$ 3741.21,100
1332,09:32:07,$ 3740.91,100
1333,09:32:07,$ 3740.276,100
1334,09:32:06,$ 3740.9899,200
1335,09:32:06,$ 3740.99,100
1336,09:32:06,$ 3740.99,100
1337,09:32:06,$ 3740.99,200
1338,09:32:04,$ 3739.96,100
1339,09:32:03,$ 3740.00,100
1340,09:32:03,$ 3740.00,100
1341,09:32:02,$ 3738.17,100
1342,09:32:01,$ 3737.59,100
1343,09:32:00,$ 3736.856,100
1345,09:31:59,$ 3737.28,100
1346,09:31:59,$ 3737.37,100
1347,09:31:59,$ 3737.37,113
1348,09:31:59,$ 3736.59,198
1349,09:31:59,$ 3735.90,199
1350,09:31:59,$ 3735.1989,100
1351,09:31:58,$ 3734.39,100
1352,09:31:58,$ 3735.89,100
1353,09:31:58,$ 3733.32,100
1354,09:31:58,$ 3733.91,200
1355,09:31:58,$ 3734.60,100
1356,09:31:58,$ 3734.63,100
1357,09:31:58,$ 3734.63,100
1358,09:31:58,$ 3734.597,125
1359,09:31:58,$ 3733.94,100
1360,09:31:57,$ 3733.162,"1,000"
1361,09:31:56,$ 3732.376,141
1362,09:31:55,$ 3731.79,100
1363,09:31:55,$ 3731.79,100
1364,09:31:55,$ 3730.50,100
1366,09:31:55,$ 3730.505,100
1367,09:31:53,$ 3732.465,200
1368,09:31:51,$ 3733.74,100
1369,09:31:50,$ 3735.555,"1,000"
1370,09:31:49,$ 3735.69,100
1371,09:31:49,$ 3735.69,100
1372,09:31:48,$ 3734.8216,400
1373,09:31:46,$ 3735.20,200
1374,09:31:46,$ 3735.20,200
1375,09:31:46,$ 3735.1962,100
1376,09:31:45,$ 3735.00,100
1377,09:31:45,$ 3734.44,100
1378,09:31:44,$ 3733.3724,120
1379,09:31:43,$ 3732.765,100
1380,09:31:43,$ 3732.97,100
1381,09:31:43,$ 3732.98,100
1382,09:31:43,$ 3732.98,100
1383,09:31:43,$ 3731.62,100
1384,09:31:43,$ 3732.10,100
1385,09:31:43,$ 3732.84,100
1387,09:31:43,$ 3732.97,100
1388,09:31:43,$ 3732.92,100
1389,09:31:43,$ 3732.97,100
1390,09:31:42,$ 3731.49,500
1391,09:31:41,$ 3730.13,100
1392,09:31:41,$ 3731.243,100
1393,09:31:41,$ 3731.243,100
1394,09:31:41,$ 3731.243,100
1395,09:31:41,$ 3730.60,100
1396,09:31:41,$ 3730.62,100
1397,09:31:40,$ 3731.235,"1,000"
1398,09:31:38,$ 3730.50,100
1399,09:31:38,$ 3729.4067,500
1400,09:31:38,$ 3731.195,100
1401,09:31:38,$ 3730.56,100
1402,09:31:38,$ 3731.41,125
1403,09:31:38,$ 3731.41,200
1404,09:31:38,$ 3731.00,100
1405,09:31:37,$ 3729.829,500
1406,09:31:36,$ 3730.855,100
1408,09:31:34,$ 3729.635,250
1409,09:31:32,$ 3729.52,100
1410,09:31:32,$ 3729.22,100
1411,09:31:31,$ 3729.85,100
1412,09:31:30,$ 3729.02,100
1413,09:31:30,$ 3729.0016,625
1414,09:31:30,$ 3729.20,100
1415,09:31:30,$ 3729.23,200
1416,09:31:30,$ 3728.0001,100
1417,09:31:29,$ 3728.00,100
1418,09:31:29,$ 3728.00,309
1419,09:31:29,$ 3728.00,126
1420,09:31:29,$ 3728.00,100
1421,09:31:29,$ 3728.00,300
1422,09:31:29,$ 3728.92,100
1423,09:31:29,$ 3727.25,100
1424,09:31:28,$ 3728.00,222
1425,09:31:28,$ 3728.00,100
1426,09:31:28,$ 3728.00,100
1427,09:31:28,$ 3728.00,100
1429,09:31:28,$ 3728.00,100
1430,09:31:27,$ 3726.41,400
1431,09:31:27,$ 3725.00,120
1432,09:31:27,$ 3725.00,500
1433,09:31:27,$ 3724.45,280
1434,09:31:27,$ 3724.45,200
1435,09:31:26,$ 3722.58,100
1436,09:31:24,$ 3722.2042,300
1437,09:31:24,$ 3722.2038,100
1438,09:31:24,$ 3721.80,100
1439,09:31:24,$ 3721.81,100
1440,09:31:24,$ 3721.81,123
1441,09:31:24,$ 3722.49,100
1442,09:31:24,$ 3722.49,121
1443,09:31:24,$ 3722.49,279
1444,09:31:24,$ 3722.49,200
1445,09:31:22,$ 3721.105,100
1446,09:31:21,$ 3721.18,100
1447,09:31:20,$ 3721.1916,100
1448,09:31:19,$ 3720.945,100
1450,09:31:13,$ 3721.19,100
1451,09:31:13,$ 3719.655,100
1452,09:31:13,$ 3720.21,100
1453,09:31:13,$ 3720.48,100
1454,09:31:13,$ 3721.20,100
1455,09:31:13,$ 3721.20,100
1456,09:31:13,$ 3721.20,100
1457,09:31:12,$ 3719.44,100
1458,09:31:12,$ 3719.37,100
1459,09:31:11,$ 3718.25,100
1460,09:31:10,$ 3718.45,100
1461,09:31:10,$ 3718.47,100
1462,09:31:10,$ 3719.82,100
1463,09:31:10,$ 3719.63,100
1464,09:31:10,$ 3719.63,178
1465,09:31:09,$ 3718.3955,100
1466,09:31:07,$ 3717.47,300
1467,09:31:07,$ 3718.84,100
1468,09:31:05,$ 3718.05,100
1469,09:31:01,$ 3716.1619,247
1471,09:31:01,$ 3717.31,100
1472,09:31:00,$ 3718.5371,100
1473,09:31:00,$ 3718.27,100
1474,09:31:00,$ 3716.545,280
1475,09:31:00,$ 3717.55,100
1476,09:30:58,$ 3714.45,100
1477,09:30:58,$ 3714.66,100
1478,09:30:58,$ 3716.12,100
1479,09:30:56,$ 3714.995,130
1480,09:30:54,$ 3715.00,100
1481,09:30:51,$ 3715.77,100
1482,09:30:49,$ 3715.64,100
1483,09:30:49,$ 3714.69,100
1484,09:30:49,$ 3715.00,200
1485,09:30:49,$ 3716.11,100
1486,09:30:48,$ 3716.02,100
1487,09:30:48,$ 3716.242,200
1488,09:30:45,$ 3715.21,100
1489,09:30:44,$ 3716.30,100
1490,09:30:44,$ 3716.90,100
1492,09:30:43,$ 3716.36,100
1493,09:30:43,$ 3716.31,100
1494,09:30:43,$ 3718.36,150
1495,09:30:43,$ 3716.33,100
1496,09:30:42,$ 3719.66,200
1497,09:30:40,$ 3719.27,100
1498,09:30:37,$ 3716.42,100
1499,09:30:36,$ 3718.03,100
1500,09:30:36,$ 3718.02,284
1501,09:30:35,$ 3719.605,100
1502,09:30:30,$ 3720.1928,100
1503,09:30:25,$ 3720.00,100
1504,09:30:24,$ 3721.14,100
1505,09:30:22,$ 3719.65,100
1506,09:30:22,$ 3720.07,100
1507,09:30:22,$ 3720.10,100
1508,09:30:22,$ 3717.94,100
1509,09:30:22,$ 3718.04,100
1510,09:30:21,$ 3717.9899,100
1511,09:30:21,$ 3717.00,132
1513,09:30:20,$ 3717.32,200
1514,09:30:19,$ 3715.25,100
1515,09:30:18,$ 3714.61,100
1516,09:30:18,$ 3714.63,100
1517,09:30:18,$ 3715.01,100
1518,09:30:14,$ 3716.69,100
1519,09:30:13,$ 3715.25,100
1520,09:30:13,$ 3715.25,100
1521,09:30:13,$ 3714.186,100
1522,09:30:11,$ 3710.845,100
1523,09:30:11,$ 3712.40,100
1524,09:30:11,$ 3711.45,100
1525,09:30:11,$ 3712.18,100
1526,09:30:11,$ 3712.34,100
1527,09:30:11,$ 3712.41,100
1528,09:30:11,$ 3711.44,298
1529,09:30:11,$ 3711.00,100
1530,09:30:11,$ 3711.00,100
1531,09:30:11,$ 3711.00,100
1532,09:30:11,$ 3711.77,100
1534,09:30:11,$ 3711.77,100
1535,09:30:11,$ 3714.71,130
1536,09:30:10,$ 3715.00,100
1537,09:30:10,$ 3715.00,100
1538,09:30:10,$ 3715.85,100
1539,09:30:10,$ 3715.00,106
1540,09:30:10,$ 3715.00,100
1541,09:30:08,$ 3716.18,289
1542,09:30:08,$ 3716.45,100
1543,09:30:07,$ 3718.075,100
1544,09:30:07,$ 3718.00,100
1545,09:30:07,$ 3718.00,100
1546,09:30:07,$ 3718.855,100
1547,09:30:07,$ 3718.855,100
1548,09:30:07,$ 3718.865,300
1549,09:30:06,$ 3720.00,884
1550,09:30:06,$ 3720.00,100
1551,09:30:06,$ 3720.66,100
1552,09:30:06,$ 3720.30,100
1553,09:30:06,$ 3720.23,100
1555,09:30:06,$ 3720.22,100
1556,09:30:05,$ 3721.42,100
1557,09:30:05,$ 3721.51,100
1558,09:30:05,$ 3721.735,100
1559,09:30:05,$ 3722.23,100
1560,09:30:03,$ 3722.60,100
1561,09:30:03,$ 3722.72,100
1562,09:30:03,$ 3722.715,185
1563,09:30:03,$ 3722.71,100
1564,09:30:03,$ 3722.545,100
1565,09:30:03,$ 3722.92,100
1566,09:30:02,$ 3722.93,100
1567,09:30:02,$ 3722.55,100
1568,09:30:02,$ 3723.85,100
1569,09:30:02,$ 3722.52,1
1570,09:30:02,$ 3722.52,2
1571,09:30:02,$ 3722.52,10
1572,09:30:02,$ 3722.52,18
1573,09:30:02,$ 3722.52,1
1574,09:30:02,$ 3722.52,1
1576,09:30:02,$ 3722.52,10
1577,09:30:02,$ 3722.52,6
1578,09:30:02,$ 3722.52,1
1579,09:30:02,$ 3722.52,14
1580,09:30:02,$ 3722.52,1
1581,09:30:02,$ 3722.52,1
1582,09:30:02,$ 3722.52,6
1583,09:30:02,$ 3722.52,1
1584,09:30:02,$ 3722.52,8
1585,09:30:02,$ 3722.52,6
1586,09:30:02,$ 3722.52,1
1587,09:30:02,$ 3722.52,1
1588,09:30:02,$ 3722.52,1
1589,09:30:02,$ 3722.52,10
1590,09:30:02,$ 3722.52,1
1591,09:30:02,$ 3722.52,3
1592,09:30:02,$ 3722.52,1
1593,09:30:02,$ 3722.52,5
1594,09:30:02,$ 3722.52,2
1595,09:30:02,$ 3722.52,6
1597,09:30:02,$ 3722.52,1
1598,09:30:02,$ 3722.52,1
1599,09:30:02,$ 3722.52,2
1600,09:30:02,$ 3722.52,1
1601,09:30:02,$ 3722.52,1
1602,09:30:02,$ 3722.52,1
1603,09:30:02,$ 3722.52,5
1604,09:30:02,$ 3722.52,4
1605,09:30:02,$ 3722.52,4
1606,09:30:02,$ 3722.52,2
1607,09:30:02,$ 3722.52,1
1608,09:30:02,$ 3722.52,1
1609,09:30:02,$ 3722.52,1
1610,09:30:02,$ 3722.52,5
1611,09:30:02,$ 3722.52,1
1612,09:30:02,$ 3722.52,1
1613,09:30:02,$ 3722.52,2
1614,09:30:02,$ 3722.52,1
1615,09:30:02,$ 3722.52,5
1616,09:30:02,$ 3722.52,1
1618,09:30:02,$ 3722.52,5
1619,09:30:02,$ 3722.52,11
1620,09:30:02,$ 3722.52,32
1621,09:30:02,$ 3722.52,2
1622,09:30:02,$ 3722.52,3
1623,09:30:02,$ 3722.52,2
1624,09:30:02,$ 3722.52,1
1625,09:30:02,$ 3722.52,33
1626,09:30:02,$ 3722.52,2
1627,09:30:02,$ 3722.52,10
1628,09:30:02,$ 3722.52,1
1629,09:30:02,$ 3722.52,1
1630,09:30:02,$ 3722.52,77
1631,09:30:02,$ 3722.52,100
1632,09:30:02,$ 3722.52,3
1633,09:30:02,$ 3722.52,9
1634,09:30:02,$ 3722.52,3
1635,09:30:02,$ 3722.52,2
1636,09:30:02,$ 3722.52,1
1637,09:30:02,$ 3722.52,1
1639,09:30:02,$ 3722.52,1
1640,09:30:02,$ 3722.52,4
1641,09:30:02,$ 3722.52,4
1642,09:30:02,$ 3722.52,1
1643,09:30:02,$ 3722.52,2
1644,09:30:02,$ 3722.52,2
1645,09:30:02,$ 3722.52,1
1646,09:30:02,$ 3722.52,20
1647,09:30:02,$ 3722.52,1
1648,09:30:02,$ 3722.52,2
1649,09:30:02,$ 3722.52,1
1650,09:30:02,$ 3722.52,1
1651,09:30:02,$ 3722.52,1
1652,09:30:02,$ 3722.52,3
1653,09:30:02,$ 3722.52,50
1654,09:30:02,$ 3722.52,1
1655,09:30:02,$ 3722.52,13
1656,09:30:02,$ 3722.52,3
1657,09:30:02,$ 3722.52,25
1658,09:30:02,$ 3722.52,2
1660,09:30:02,$ 3722.52,1
1661,09:30:02,$ 3722.52,9
1662,09:30:02,$ 3722.52,1
1663,09:30:02,$ 3722.52,2
1664,09:30:02,$ 3722.52,9
1665,09:30:02,$ 3722.52,1
1666,09:30:02,$ 3722.52,2
1667,09:30:02,$ 3722.52,2
1668,09:30:02,$ 3722.52,1
1669,09:30:02,$ 3722.52,3
1670,09:30:02,$ 3722.52,2
1671,09:30:02,$ 3722.52,3
1672,09:30:02,$ 3722.52,2
1673,09:30:02,$ 3722.52,1
1674,09:30:02,$ 3722.52,50
1675,09:30:02,$ 3722.52,1
1676,09:30:02,$ 3722.52,6
1677,09:30:02,$ 3722.52,1
1678,09:30:02,$ 3722.52,1
1679,09:30:02,$ 3722.52,1
1681,09:30:02,$ 3722.52,3
1682,09:30:02,$ 3722.52,10
1683,09:30:02,$ 3722.52,2
1684,09:30:02,$ 3722.52,2
1685,09:30:02,$ 3722.52,1
1686,09:30:02,$ 3722.52,1
1687,09:30:02,$ 3722.52,2
1688,09:30:02,$ 3722.52,5
1689,09:30:02,$ 3722.52,12
1690,09:30:02,$ 3722.52,3
1691,09:30:02,$ 3722.52,7
1692,09:30:02,$ 3722.52,1
1693,09:30:02,$ 3722.52,3
1694,09:30:02,$ 3722.52,5
1695,09:30:02,$ 3722.52,1
1696,09:30:02,$ 3722.52,3
1697,09:30:02,$ 3722.52,1
1698,09:30:02,$ 3722.52,45
1699,09:30:02,$ 3722.52,26
1700,09:30:02,$ 3722.52,"1,000"
1702,09:30:02,$ 3722.52,5
1703,09:30:02,$ 3722.52,1
1704,09:30:02,$ 3722.52,2
1705,09:30:02,$ 3722.52,1
1706,09:30:02,$ 3722.52,1
1707,09:30:02,$ 3722.52,2
1708,09:30:02,$ 3722.52,2
1709,09:30:02,$ 3722.52,1
1710,09:30:02,$ 3722.52,1
1711,09:30:02,$ 3722.52,3
1712,09:30:02,$ 3722.52,10
1713,09:30:02,$ 3722.52,1
1714,09:30:02,$ 3722.52,3
1715,09:30:02,$ 3722.52,4
1716,09:30:02,$ 3722.52,100
1717,09:30:02,$ 3722.52,1
1718,09:30:02,$ 3722.52,5
1719,09:30:02,$ 3722.52,1
1720,09:30:02,$ 3722.52,134
1721,09:30:02,$ 3722.52,1
1723,09:30:02,$ 3722.52,2
1724,09:30:02,$ 3722.52,2
1725,09:30:02,$ 3722.52,4
1726,09:30:02,$ 3722.52,1
1727,09:30:02,$ 3722.52,1
1728,09:30:02,$ 3722.52,2
1729,09:30:02,$ 3722.52,1
1730,09:30:02,$ 3722.52,1
1731,09:30:02,$ 3722.52,1
1732,09:30:02,$ 3722.52,7
1733,09:30:02,$ 3722.52,3
1734,09:30:02,$ 3722.52,1
1735,09:30:02,$ 3722.52,2
1736,09:30:02,$ 3722.52,1
1737,09:30:02,$ 3722.52,1
1738,09:30:02,$ 3722.52,5
1739,09:30:02,$ 3722.52,4
1740,09:30:02,$ 3722.52,2
1741,09:30:02,$ 3722.52,2
1742,09:30:02,$ 3722.52,4
1744,09:30:02,$ 3722.52,2
1745,09:30:02,$ 3722.52,12
1746,09:30:02,$ 3722.52,7
1747,09:30:02,$ 3722.52,1
1748,09:30:02,$ 3722.52,4
1749,09:30:02,$ 3722.52,1
1750,09:30:02,$ 3722.52,2
1751,09:30:02,$ 3722.52,25
1752,09:30:02,$ 3722.52,1
1753,09:30:02,$ 3722.52,3
1754,09:30:02,$ 3722.52,1
1755,09:30:02,$ 3722.52,1
1756,09:30:02,$ 3722.52,20
1757,09:30:02,$ 3722.52,28
1758,09:30:02,$ 3722.52,8
1759,09:30:02,$ 3722.52,3
1760,09:30:02,$ 3722.52,1
1761,09:30:02,$ 3722.52,1
1762,09:30:02,$ 3722.52,5
1763,09:30:02,$ 3722.52,1
1765,09:30:02,$ 3722.52,1
1766,09:30:02,$ 3722.52,3
1767,09:30:02,$ 3722.52,2
1768,09:30:02,$ 3722.52,30
1769,09:30:02,$ 3722.52,1
1770,09:30:02,$ 3722.52,1
1771,09:30:02,$ 3722.52,2
1772,09:30:02,$ 3722.52,1
1773,09:30:02,$ 3722.52,3
1774,09:30:02,$ 3722.52,1
1775,09:30:02,$ 3722.52,2
1776,09:30:02,$ 3722.52,1
1777,09:30:02,$ 3722.52,3
1778,09:30:02,$ 3722.52,1
1779,09:30:02,$ 3722.52,2
1780,09:30:02,$ 3722.52,15
1781,09:30:02,$ 3722.52,1
1782,09:30:02,$ 3722.52,11
1783,09:30:02,$ 3722.52,21
1784,09:30:02,$ 3722.52,1
1786,09:30:02,$ 3722.52,1
1787,09:30:02,$ 3722.52,5
1788,09:30:02,$ 3722.52,3
1789,09:30:02,$ 3722.52,2
1790,09:30:02,$ 3722.52,10
1791,09:30:02,$ 3722.52,33
1792,09:30:02,$ 3722.52,2
1793,09:30:02,$ 3722.52,1
1794,09:30:02,$ 3722.52,1
1795,09:30:02,$ 3722.52,2
1796,09:30:02,$ 3722.52,4
1797,09:30:02,$ 3722.52,30
1798,09:30:02,$ 3722.52,4
1799,09:30:02,$ 3722.52,56
1800,09:30:02,$ 3722.52,4
1801,09:30:02,$ 3722.52,6
1802,09:30:02,$ 3722.52,223
1803,09:30:02,$ 3722.52,13
1804,09:30:02,$ 3722.52,121
1805,09:30:02,$ 3722.52,4
1807,09:30:02,$ 3722.52,3
1808,09:30:02,$ 3722.52,1
1809,09:30:02,$ 3722.52,2
1810,09:30:02,$ 3722.52,23
1811,09:30:02,$ 3722.52,5
1812,09:30:02,$ 3722.52,1
1813,09:30:02,$ 3722.52,4
1814,09:30:02,$ 3722.52,10
1815,09:30:02,$ 3722.52,3
1816,09:30:02,$ 3722.52,67
1817,09:30:02,$ 3722.52,1
1818,09:30:02,$ 3722.52,1
1819,09:30:02,$ 3722.52,2
1820,09:30:02,$ 3722.52,1
1821,09:30:02,$ 3722.52,2
1822,09:30:02,$ 3722.52,2
1823,09:30:02,$ 3722.52,2
1824,09:30:02,$ 3722.52,1
1825,09:30:02,$ 3722.52,4
1826,09:30:02,$ 3722.52,1
1828,09:30:02,$ 3722.52,50
1829,09:30:02,$ 3722.52,15
1830,09:30:02,$ 3722.52,40
1831,09:30:02,$ 3722.52,10
1832,09:30:02,$ 3722.52,18
1833,09:30:02,$ 3722.52,12
1834,09:30:02,$ 3722.52,2
1835,09:30:02,$ 3722.52,3
1836,09:30:02,$ 3722.52,13
1837,09:30:02,$ 3722.52,65
1838,09:30:02,$ 3722.52,2
1839,09:30:02,$ 3722.52,1
1840,09:30:02,$ 3722.52,1
1841,09:30:02,$ 3722.52,12
1842,09:30:02,$ 3722.52,9
1843,09:30:02,$ 3722.52,6
1844,09:30:02,$ 3722.52,5
1845,09:30:02,$ 3722.52,5
1846,09:30:02,$ 3722.52,2
1847,09:30:02,$ 3722.52,8
1849,09:30:02,$ 3722.52,8
1850,09:30:02,$ 3722.52,2
1851,09:30:02,$ 3722.52,8
1852,09:30:02,$ 3722.52,13
1853,09:30:02,$ 3722.52,13
1854,09:30:02,$ 3722.52,20
1855,09:30:02,$ 3722.52,20
1856,09:30:02,$ 3722.52,8
1857,09:30:02,$ 3722.52,8
1858,09:30:02,$ 3722.52,150
1859,09:30:02,$ 3722.52,1
1860,09:30:02,$ 3722.52,2
1861,09:30:02,$ 3722.52,1
1862,09:30:02,$ 3722.52,59
1863,09:30:02,$ 3722.52,3
1864,09:30:02,$ 3722.52,4
1865,09:30:02,$ 3722.52,1
1866,09:30:02,$ 3722.52,1
1867,09:30:02,$ 3722.52,1
1868,09:30:02,$ 3722.52,2
1870,09:30:02,$ 3722.52,4
1871,09:30:02,$ 3722.52,4
1872,09:30:02,$ 3722.52,4
1873,09:30:02,$ 3722.52,1
1874,09:30:02,$ 3722.52,3
1875,09:30:02,$ 3722.52,4
1876,09:30:02,$ 3722.52,4
1877,09:30:02,$ 3722.52,4
1878,09:30:02,$ 3722.52,4
1879,09:30:02,$ 3722.52,1
1880,09:30:02,$ 3722.52,2
1881,09:30:02,$ 3722.52,1
1882,09:30:02,$ 3722.52,1
1883,09:30:02,$ 3722.52,3
1884,09:30:02,$ 3722.52,2
1885,09:30:02,$ 3722.52,1
1886,09:30:02,$ 3722.52,2
1887,09:30:02,$ 3722.52,3
1888,09:30:02,$ 3722.52,1
1889,09:30:02,$ 3722.52,8
1891,09:30:02,$ 3722.52,53
1892,09:30:02,$ 3722.52,3
1893,09:30:02,$ 3722.52,1
1894,09:30:02,$ 3722.52,2
1895,09:30:02,$ 3722.52,2
1896,09:30:02,$ 3722.52,3
1897,09:30:02,$ 3722.52,50
1898,09:30:02,$ 3722.52,20
1899,09:30:02,$ 3722.52,7
1900,09:30:02,$ 3722.52,4
1901,09:30:02,$ 3722.52,2
1902,09:30:02,$ 3722.52,1
1903,09:30:02,$ 3722.52,2
1904,09:30:02,$ 3722.52,5
1905,09:30:02,$ 3722.52,1
1906,09:30:02,$ 3722.52,2
1907,09:30:02,$ 3722.52,3
1908,09:30:02,$ 3722.52,3
1909,09:30:02,$ 3722.52,4
1910,09:30:02,$ 3722.52,32
1912,09:30:02,$ 3722.52,1
1913,09:30:02,$ 3722.52,5
1914,09:30:02,$ 3722.52,10
1915,09:30:02,$ 3722.52,2
1916,09:30:02,$ 3722.52,1
1917,09:30:02,$ 3722.52,2
1918,09:30:02,$ 3722.52,1
1919,09:30:02,$ 3722.52,9
1920,09:30:02,$ 3722.52,2
1921,09:30:02,$ 3722.52,1
1922,09:30:02,$ 3722.52,1
1923,09:30:02,$ 3722.52,50
1924,09:30:02,$ 3722.52,9
1925,09:30:02,$ 3722.52,30
1926,09:30:02,$ 3722.52,30
1927,09:30:02,$ 3722.52,100
1928,09:30:02,$ 3722.52,7
1929,09:30:02,$ 3722.52,1
1930,09:30:02,$ 3722.52,2
1931,09:30:02,$ 3722.52,200
1933,09:30:02,$ 3722.52,101
1934,09:30:02,$ 3722.52,1
1935,09:30:02,$ 3722.52,1
1936,09:30:02,$ 3722.52,2
1937,09:30:02,$ 3722.52,1
1938,09:30:02,$ 3722.52,1
1939,09:30:02,$ 3722.52,1
1940,09:30:02,$ 3722.52,2
1941,09:30:02,$ 3722.52,2
1942,09:30:02,$ 3722.52,4
1943,09:30:02,$ 3722.52,7
1944,09:30:02,$ 3722.52,1
1945,09:30:02,$ 3722.52,100
1946,09:30:02,$ 3722.52,15
1947,09:30:02,$ 3722.52,4
1948,09:30:02,$ 3722.52,1
1949,09:30:02,$ 3722.52,22
1950,09:30:02,$ 3722.52,10
1951,09:30:02,$ 3722.52,1
1952,09:30:02,$ 3722.52,1
1954,09:30:02,$ 3722.52,5
1955,09:30:02,$ 3722.52,3
1956,09:30:02,$ 3722.52,1
1957,09:30:02,$ 3722.52,1
1958,09:30:02,$ 3722.52,5
1959,09:30:02,$ 3722.52,3
1960,09:30:02,$ 3722.52,1
1961,09:30:02,$ 3722.52,1
1962,09:30:02,$ 3722.52,1
1963,09:30:02,$ 3722.52,3
1964,09:30:02,$ 3722.52,3
1965,09:30:02,$ 3722.52,2
1966,09:30:02,$ 3722.52,1
1967,09:30:02,$ 3722.52,1
1968,09:30:02,$ 3722.52,1
1969,09:30:02,$ 3722.52,5
1970,09:30:02,$ 3722.52,2
1971,09:30:02,$ 3722.52,200
1972,09:30:02,$ 3722.52,5
1973,09:30:02,$ 3722.52,200
1975,09:30:02,$ 3722.52,1
1976,09:30:02,$ 3722.52,200
1977,09:30:02,$ 3722.52,261
1978,09:30:02,$ 3722.52,1
1979,09:30:02,$ 3722.52,1
1980,09:30:02,$ 3722.52,6
1981,09:30:02,$ 3722.52,3
1982,09:30:02,$ 3722.52,1
1983,09:30:02,$ 3722.52,4
1984,09:30:02,$ 3722.52,3
1985,09:30:02,$ 3722.52,52
1986,09:30:02,$ 3722.52,1
1987,09:30:02,$ 3722.52,5
1988,09:30:02,$ 3722.52,4
1989,09:30:02,$ 3722.52,3
1990,09:30:02,$ 3722.52,2
1991,09:30:02,$ 3722.52,10
1992,09:30:02,$ 3722.52,3
1993,09:30:02,$ 3722.52,10
1994,09:30:02,$ 3722.52,100
1996,09:30:02,$ 3722.52,2
1997,09:30:02,$ 3722.52,1
1998,09:30:02,$ 3722.52,2
1999,09:30:02,$ 3722.52,2
2000,09:30:02,$ 3722.52,15
2001,09:30:02,$ 3722.52,5
2002,09:30:02,$ 3722.52,2
2003,09:30:02,$ 3722.52,1
2004,09:30:02,$ 3722.52,1
2005,09:30:02,$ 3722.52,2
2006,09:30:02,$ 3722.52,3
2007,09:30:02,$ 3722.52,7
2008,09:30:02,$ 3722.52,9
2009,09:30:02,$ 3722.52,1
2010,09:30:02,$ 3722.52,1
2011,09:30:02,$ 3722.52,"1,427"
2012,09:30:02,$ 3722.52,5
2013,09:30:02,$ 3722.52,5
2014,09:30:02,$ 3722.52,5
2015,09:30:02,$ 3722.52,10
2017,09:30:02,$ 3722.52,210
2018,09:30:02,$ 3722.52,15
2019,09:30:02,$ 3722.52,10
2020,09:30:02,$ 3722.52,71
2021,09:30:02,$ 3722.52,1
2022,09:30:02,$ 3722.52,2
2023,09:30:02,$ 3722.52,16
2024,09:30:02,$ 3722.52,30
2025,09:30:02,$ 3722.52,50
2026,09:30:02,$ 3722.52,55
2027,09:30:02,$ 3722.52,3
2028,09:30:02,$ 3722.52,1
2029,09:30:02,$ 3722.52,2
2030,09:30:02,$ 3722.52,1
2031,09:30:02,$ 3722.52,36
2032,09:30:02,$ 3722.52,6
2033,09:30:02,$ 3722.52,9
2034,09:30:02,$ 3722.52,27
2035,09:30:02,$ 3722.52,7
2036,09:30:02,$ 3722.52,7
2038,09:30:02,$ 3722.52,10
2039,09:30:02,$ 3722.52,5
2040,09:30:02,$ 3722.52,6
2041,09:30:02,$ 3722.52,1
2042,09:30:02,$ 3722.52,4
2043,09:30:02,$ 3722.52,9
2044,09:30:02,$ 3722.52,5
2045,09:30:02,$ 3722.52,1
2046,09:30:02,$ 3722.52,1
2047,09:30:02,$ 3722.52,2
2048,09:30:02,$ 3722.52,5
2049,09:30:02,$ 3722.52,5
2050,09:30:02,$ 3722.52,1
2051,09:30:02,$ 3722.52,1
2052,09:30:02,$ 3722.52,20
2053,09:30:02,$ 3722.52,1
2054,09:30:02,$ 3722.52,4
2055,09:30:02,$ 3722.52,30
2056,09:30:02,$ 3722.52,11
2057,09:30:02,$ 3722.52,1
2059,09:30:02,$ 3722.52,7
2060,09:30:02,$ 3722.52,1
2061,09:30:02,$ 3722.52,6
2062,09:30:02,$ 3722.52,1
2063,09:30:02,$ 3722.52,5
2064,09:30:02,$ 3722.52,2
2065,09:30:02,$ 3722.52,100
2066,09:30:02,$ 3722.52,473
2067,09:30:02,$ 3722.52,10
2068,09:30:02,$ 3722.52,1
2069,09:30:02,$ 3722.52,1
2070,09:30:02,$ 3722.52,5
2071,09:30:02,$ 3722.52,1
2072,09:30:02,$ 3722.52,2
2073,09:30:02,$ 3722.52,1
2074,09:30:02,$ 3722.52,50
2075,09:30:02,$ 3722.52,1
2076,09:30:02,$ 3722.52,1
2077,09:30:02,$ 3722.52,1
2078,09:30:02,$ 3722.52,2
2080,09:30:02,$ 3722.52,1
2081,09:30:02,$ 3722.52,2
2082,09:30:02,$ 3722.52,1
2083,09:30:02,$ 3722.52,10
2084,09:30:02,$ 3722.52,5
2085,09:30:02,$ 3722.52,1
2086,09:30:02,$ 3722.52,8
2087,09:30:02,$ 3722.52,2
2088,09:30:02,$ 3722.52,4
2089,09:30:02,$ 3722.52,1
2090,09:30:02,$ 3722.52,3
2091,09:30:02,$ 3722.52,1
2092,09:30:02,$ 3722.52,1
2093,09:30:02,$ 3722.52,5
2094,09:30:02,$ 3722.52,4
2095,09:30:02,$ 3722.52,1
2096,09:30:02,$ 3722.52,30
2097,09:30:02,$ 3722.52,5
2098,09:30:02,$ 3722.52,20
2099,09:30:02,$ 3722.52,1
2101,09:30:02,$ 3722.52,1
2102,09:30:02,$ 3722.52,1
2103,09:30:02,$ 3722.52,1
2104,09:30:02,$ 3722.52,1
2105,09:30:02,$ 3722.52,1
2106,09:30:02,$ 3722.52,130
2107,09:30:02,$ 3722.52,1
2108,09:30:02,$ 3722.52,1
2109,09:30:02,$ 3722.52,1
2110,09:30:02,$ 3722.52,3
2111,09:30:02,$ 3722.52,2
2112,09:30:02,$ 3722.52,15
2113,09:30:02,$ 3722.52,2
2114,09:30:02,$ 3722.52,1
2115,09:30:02,$ 3722.52,1
2116,09:30:02,$ 3722.52,10
2117,09:30:02,$ 3722.52,1
2118,09:30:02,$ 3722.52,1
2119,09:30:02,$ 3722.52,5
2120,09:30:02,$ 3722.52,1
2122,09:30:02,$ 3722.52,40
2123,09:30:02,$ 3722.52,53
2124,09:30:02,$ 3722.52,1
2125,09:30:02,$ 3722.52,1
2126,09:30:02,$ 3722.52,1
2127,09:30:02,$ 3722.52,3
2128,09:30:02,$ 3722.52,3
2129,09:30:02,$ 3722.52,3
2130,09:30:02,$ 3722.52,1
2131,09:30:02,$ 3722.52,1
2132,09:30:02,$ 3722.52,4
2133,09:30:02,$ 3722.52,16
2134,09:30:02,$ 3722.52,1
2135,09:30:02,$ 3722.52,1
2136,09:30:02,$ 3722.52,3
2137,09:30:02,$ 3722.52,4
2138,09:30:02,$ 3722.52,1
2139,09:30:02,$ 3722.52,2
2140,09:30:02,$ 3722.52,400
2141,09:30:02,$ 3722.52,80
2143,09:30:02,$ 3722.52,2
2144,09:30:02,$ 3722.52,4
2145,09:30:02,$ 3722.52,27
2146,09:30:02,$ 3722.52,1
2147,09:30:02,$ 3722.52,3
2148,09:30:02,$ 3722.52,8
2149,09:30:02,$ 3722.52,14
2150,09:30:02,$ 3722.52,1
2151,09:30:02,$ 3722.52,2
2152,09:30:02,$ 3722.52,1
2153,09:30:02,$ 3722.52,"2,000"
2154,09:30:02,$ 3722.52,1
2155,09:30:02,$ 3722.52,2
2156,09:30:02,$ 3722.52,1
2157,09:30:02,$ 3722.52,1
2158,09:30:02,$ 3722.52,5
2159,09:30:02,$ 3722.52,2
2160,09:30:02,$ 3722.52,1
2161,09:30:02,$ 3722.52,2
2162,09:30:02,$ 3722.52,9
2164,09:30:02,$ 3722.52,10
2165,09:30:02,$ 3722.52,5
2166,09:30:02,$ 3722.52,1
2167,09:30:02,$ 3722.52,2
2168,09:30:02,$ 3722.52,10
2169,09:30:02,$ 3722.52,20
2170,09:30:02,$ 3722.52,30
2171,09:30:02,$ 3722.52,14
2172,09:30:02,$ 3722.52,25
2173,09:30:02,$ 3722.52,50
2174,09:30:02,$ 3722.52,3
2175,09:30:02,$ 3722.52,20
2176,09:30:02,$ 3722.52,1
2177,09:30:02,$ 3722.52,10
2178,09:30:02,$ 3722.52,2
2179,09:30:02,$ 3722.52,4
2180,09:30:02,$ 3722.52,6
2181,09:30:02,$ 3722.52,7
2182,09:30:02,$ 3722.52,8
2183,09:30:02,$ 3722.52,4
2185,09:30:02,$ 3722.52,40
2186,09:30:02,$ 3722.52,5
2187,09:30:02,$ 3722.52,1
2188,09:30:02,$ 3722.52,2
2189,09:30:02,$ 3722.52,4
2190,09:30:02,$ 3722.52,27
2191,09:30:02,$ 3722.52,1
2192,09:30:02,$ 3722.52,35
2193,09:30:02,$ 3722.52,5
2194,09:30:02,$ 3722.52,244
2195,09:30:02,$ 3722.52,1
2196,09:30:02,$ 3722.52,8
2197,09:30:02,$ 3722.52,5
2198,09:30:02,$ 3722.52,25
2199,09:30:02,$ 3722.52,6
2200,09:30:02,$ 3722.52,3
2201,09:30:02,$ 3722.52,8
2202,09:30:02,$ 3722.52,15
2203,09:30:02,$ 3722.52,2
2204,09:30:02,$ 3722.52,1
2206,09:30:02,$ 3722.52,7
2207,09:30:02,$ 3722.52,1
2208,09:30:02,$ 3722.52,3
2209,09:30:02,$ 3722.52,1
2210,09:30:02,$ 3722.52,1
2211,09:30:02,$ 3722.52,5
2212,09:30:02,$ 3722.52,10
2213,09:30:02,$ 3722.52,7
2214,09:30:02,$ 3722.52,1
2215,09:30:02,$ 3722.52,1
2216,09:30:02,$ 3722.52,2
2217,09:30:02,$ 3722.52,1
2218,09:30:02,$ 3722.52,1
2219,09:30:02,$ 3722.52,1
2220,09:30:02,$ 3722.52,4
2221,09:30:02,$ 3722.52,1
2222,09:30:02,$ 3722.52,1
2223,09:30:02,$ 3722.52,1
2224,09:30:02,$ 3722.52,2
2225,09:30:02,$ 3722.52,1
2227,09:30:02,$ 3722.52,1
2228,09:30:02,$ 3722.52,1
2229,09:30:02,$ 3722.52,2
2230,09:30:02,$ 3722.52,3
2231,09:30:02,$ 3722.52,3
2232,09:30:02,$ 3722.52,6
2233,09:30:02,$ 3722.52,2
2234,09:30:02,$ 3722.52,1
2235,09:30:02,$ 3722.52,1
2236,09:30:02,$ 3722.52,2
2237,09:30:02,$ 3722.52,2
2238,09:30:02,$ 3722.52,1
2239,09:30:02,$ 3722.52,1
2240,09:30:02,$ 3722.52,15
2241,09:30:02,$ 3722.52,1
2242,09:30:02,$ 3722.52,34
2243,09:30:02,$ 3722.52,1
2244,09:30:02,$ 3722.52,3
2245,09:30:02,$ 3722.52,3
2246,09:30:02,$ 3722.52,1
2248,09:30:02,$ 3722.52,1
2249,09:30:02,$ 3722.52,10
2250,09:30:02,$ 3722.52,15
2251,09:30:02,$ 3722.52,11
2252,09:30:02,$ 3722.52,1
2253,09:30:02,$ 3722.52,5
2254,09:30:02,$ 3722.52,2
2255,09:30:02,$ 3722.52,6
2256,09:30:02,$ 3722.52,5
2257,09:30:02,$ 3722.52,1
2258,09:30:02,$ 3722.52,63
2259,09:30:02,$ 3722.52,16
2260,09:30:02,$ 3722.52,3
2261,09:30:02,$ 3722.52,3
2262,09:30:02,$ 3722.52,2
2263,09:30:02,$ 3722.52,26
2264,09:30:02,$ 3722.52,173
2265,09:30:02,$ 3722.52,1
2266,09:30:02,$ 3722.52,1
2267,09:30:02,$ 3722.52,2
2269,09:30:02,$ 3722.52,1
2270,09:30:02,$ 3722.52,1
2271,09:30:02,$ 3722.52,1
2272,09:30:02,$ 3722.52,1
2273,09:30:02,$ 3722.52,1
2274,09:30:02,$ 3722.52,2
2275,09:30:02,$ 3722.52,5
2276,09:30:02,$ 3722.52,1
2277,09:30:02,$ 3722.52,1
2278,09:30:02,$ 3722.52,15
2279,09:30:02,$ 3722.52,6
2280,09:30:02,$ 3722.52,1
2281,09:30:02,$ 3722.52,13
2282,09:30:02,$ 3722.52,1
2283,09:30:02,$ 3722.52,2
2284,09:30:02,$ 3722.52,2
2285,09:30:02,$ 3722.52,10
2286,09:30:02,$ 3722.52,1
2287,09:30:02,$ 3722.52,3
2288,09:30:02,$ 3722.52,150
2290,09:30:02,$ 3722.52,1
2291,09:30:02,$ 3722.52,1
2292,09:30:02,$ 3722.52,26
2293,09:30:02,$ 3722.52,3
2294,09:30:02,$ 3722.52,21
2295,09:30:02,$ 3722.52,2
2296,09:30:02,$ 3722.52,1
2297,09:30:02,$ 3722.52,1
2298,09:30:02,$ 3722.52,1
2299,09:30:02,$ 3722.52,1
2300,09:30:02,$ 3722.52,6
2301,09:30:02,$ 3722.52,1
2302,09:30:02,$ 3722.52,8
2303,09:30:02,$ 3722.52,166
2304,09:30:02,$ 3722.52,10
2305,09:30:02,$ 3722.52,6
2306,09:30:02,$ 3722.52,1
2307,09:30:02,$ 3722.52,4
2308,09:30:02,$ 3722.52,1
2309,09:30:02,$ 3722.52,1
2311,09:30:02,$ 3722.52,1
2312,09:30:02,$ 3722.52,3
2313,09:30:02,$ 3722.52,25
2314,09:30:02,$ 3722.52,11
2315,09:30:02,$ 3722.52,1
2316,09:30:02,$ 3722.52,1
2317,09:30:02,$ 3722.52,9
2318,09:30:02,$ 3722.52,2
2319,09:30:02,$ 3722.52,40
2320,09:30:02,$ 3722.52,1
2321,09:30:02,$ 3722.52,3
2322,09:30:02,$ 3722.52,5
2323,09:30:02,$ 3722.52,1
2324,09:30:02,$ 3722.52,27
2325,09:30:02,$ 3722.52,1
2326,09:30:02,$ 3722.52,10
2327,09:30:02,$ 3722.52,1
2328,09:30:02,$ 3722.52,10
2329,09:30:02,$ 3722.52,2
2330,09:30:02,$ 3722.52,1
2332,09:30:02,$ 3722.52,3
2333,09:30:02,$ 3722.52,1
2334,09:30:02,$ 3722.52,3
2335,09:30:02,$ 3722.52,5
2336,09:30:02,$ 3722.52,5
2337,09:30:02,$ 3722.52,5
2338,09:30:02,$ 3722.52,1
2339,09:30:02,$ 3722.52,1
2340,09:30:02,$ 3722.52,2
2341,09:30:02,$ 3722.52,4
2342,09:30:02,$ 3722.52,352
2343,09:30:02,$ 3722.52,1
2344,09:30:02,$ 3722.52,4
2345,09:30:02,$ 3722.52,5
2346,09:30:02,$ 3722.52,5
2347,09:30:02,$ 3722.52,2
2348,09:30:02,$ 3722.52,64
2349,09:30:02,$ 3722.52,12
2350,09:30:02,$ 3722.52,2
2351,09:30:02,$ 3722.52,1
2353,09:30:02,$ 3722.52,24
2354,09:30:02,$ 3722.52,1
2355,09:30:02,$ 3722.52,10
2356,09:30:02,$ 3722.52,1
2357,09:30:02,$ 3722.52,1
2358,09:30:02,$ 3722.52,1
2359,09:30:02,$ 3722.52,2
2360,09:30:02,$ 3722.52,1
2361,09:30:02,$ 3722.52,2
2362,09:30:02,$ 3722.52,2
2363,09:30:02,$ 3722.52,2
2364,09:30:02,$ 3722.52,1
2365,09:30:02,$ 3722.52,2
2366,09:30:02,$ 3722.52,1
2367,09:30:02,$ 3722.52,2
2368,09:30:02,$ 3722.52,2
2369,09:30:02,$ 3722.52,2
2370,09:30:02,$ 3722.52,3
2371,09:30:02,$ 3722.52,1
2372,09:30:02,$ 3722.52,2
2374,09:30:02,$ 3722.52,2
2375,09:30:02,$ 3722.52,1
2376,09:30:02,$ 3722.52,1
2377,09:30:02,$ 3722.52,2
2378,09:30:02,$ 3722.52,4
2379,09:30:02,$ 3722.52,10
2380,09:30:02,$ 3722.52,2
2381,09:30:02,$ 3722.52,2
2382,09:30:02,$ 3722.52,1
2383,09:30:02,$ 3722.52,3
2384,09:30:02,$ 3722.52,2
2385,09:30:02,$ 3722.52,2
2386,09:30:02,$ 3722.52,1
2387,09:30:02,$ 3722.52,1
2388,09:30:02,$ 3722.52,5
2389,09:30:02,$ 3722.52,3
2390,09:30:02,$ 3722.52,2
2391,09:30:02,$ 3722.52,3
2392,09:30:02,$ 3722.52,2
2393,09:30:02,$ 3722.52,8
2395,09:30:02,$ 3722.52,2
2396,09:30:02,$ 3722.52,5
2397,09:30:02,$ 3722.52,1
2398,09:30:02,$ 3722.52,2
2399,09:30:02,$ 3722.52,3
2400,09:30:02,$ 3722.52,1
2401,09:30:02,$ 3722.52,5
2402,09:30:02,$ 3722.52,2
2403,09:30:02,$ 3722.52,1
2404,09:30:02,$ 3722.52,1
2405,09:30:02,$ 3722.52,3
2406,09:30:02,$ 3722.52,5
2407,09:30:02,$ 3722.52,1
2408,09:30:02,$ 3722.52,1
2409,09:30:02,$ 3722.52,6
2410,09:30:02,$ 3722.52,2
2411,09:30:02,$ 3722.52,20
2412,09:30:02,$ 3722.52,19
2413,09:30:02,$ 3722.52,341
2414,09:30:02,$ 3722.52,284
2416,09:30:02,$ 3722.52,242
2417,09:30:02,$ 3722.52,2
2418,09:30:02,$ 3722.52,2
2419,09:30:02,$ 3722.52,84
2420,09:30:02,$ 3722.52,7
2421,09:30:02,$ 3722.52,1
2422,09:30:02,$ 3722.52,1
2423,09:30:02,$ 3722.52,3
2424,09:30:02,$ 3722.52,100
2425,09:30:02,$ 3722.52,1
2426,09:30:02,$ 3722.52,38
2427,09:30:02,$ 3722.52,19
2428,09:30:02,$ 3722.52,1
2429,09:30:02,$ 3722.52,152
2430,09:30:02,$ 3722.52,5
2431,09:30:02,$ 3722.52,2
2432,09:30:02,$ 3722.52,4
2433,09:30:02,$ 3722.52,4
2434,09:30:02,$ 3722.52,10
2435,09:30:02,$ 3722.52,10
2437,09:30:02,$ 3722.52,2
2438,09:30:02,$ 3722.52,1
2439,09:30:02,$ 3722.52,1
2440,09:30:02,$ 3722.52,1
2441,09:30:02,$ 3722.52,25
2442,09:30:02,$ 3722.52,4
2443,09:30:02,$ 3722.52,5
2444,09:30:02,$ 3722.52,1
2445,09:30:02,$ 3722.52,1
2446,09:30:02,$ 3722.52,"3,000"
2447,09:30:02,$ 3722.52,1
2448,09:30:02,$ 3722.52,245
2449,09:30:02,$ 3722.52,5
2450,09:30:02,$ 3722.52,2
2451,09:30:02,$ 3722.52,2
2452,09:30:02,$ 3722.52,8
2453,09:30:02,$ 3722.52,323
2454,09:30:02,$ 3722.52,3
2455,09:30:02,$ 3722.52,15
2456,09:30:02,$ 3722.52,6
2458,09:30:02,$ 3722.52,1
2459,09:30:02,$ 3722.52,3
2460,09:30:02,$ 3722.52,10
2461,09:30:02,$ 3722.52,15
2462,09:30:02,$ 3722.52,2
2463,09:30:02,$ 3722.52,1
2464,09:30:02,$ 3722.52,1
2465,09:30:02,$ 3722.52,1
2466,09:30:02,$ 3722.52,3
2467,09:30:02,$ 3722.52,1
2468,09:30:02,$ 3722.52,1
2469,09:30:02,$ 3722.52,1
2470,09:30:02,$ 3722.52,5
2471,09:30:02,$ 3722.52,1
2472,09:30:02,$ 3722.52,2
2473,09:30:02,$ 3722.52,1
2474,09:30:02,$ 3722.52,1
2475,09:30:02,$ 3722.52,1
2476,09:30:02,$ 3722.52,1
2477,09:30:02,$ 3722.52,2
2479,09:30:02,$ 3722.52,3
2480,09:30:02,$ 3722.52,1
2481,09:30:02,$ 3722.52,46
2482,09:30:02,$ 3722.52,15
2483,09:30:02,$ 3722.52,1
2484,09:30:02,$ 3722.52,1
2485,09:30:02,$ 3722.52,2
2486,09:30:02,$ 3722.52,3
2487,09:30:02,$ 3722.52,1
2488,09:30:02,$ 3722.52,100
2489,09:30:02,$ 3722.52,5
2490,09:30:02,$ 3722.52,2
2491,09:30:02,$ 3722.52,15
2492,09:30:02,$ 3722.52,1
2493,09:30:02,$ 3722.52,3
2494,09:30:02,$ 3722.52,102
2495,09:30:02,$ 3722.52,5
2496,09:30:02,$ 3722.52,1
2497,09:30:02,$ 3722.52,5
2498,09:30:02,$ 3722.52,3
2500,09:30:02,$ 3722.52,5
2501,09:30:02,$ 3722.52,2
2502,09:30:02,$ 3722.52,3
2503,09:30:02,$ 3722.52,2
2504,09:30:02,$ 3722.52,1
2505,09:30:02,$ 3722.52,24
2506,09:30:02,$ 3722.52,16
2507,09:30:02,$ 3722.52,1
2508,09:30:02,$ 3722.52,1
2509,09:30:02,$ 3722.52,2
2510,09:30:02,$ 3722.52,10
2511,09:30:02,$ 3722.52,4
2512,09:30:02,$ 3722.52,4
2513,09:30:02,$ 3722.52,3
2514,09:30:02,$ 3722.52,2
2515,09:30:02,$ 3722.52,1
2516,09:30:02,$ 3722.52,2
2517,09:30:02,$ 3722.52,1
2518,09:30:02,$ 3722.52,15
2519,09:30:02,$ 3722.52,20
2521,09:30:02,$ 3722.52,1
2522,09:30:02,$ 3722.52,5
2523,09:30:02,$ 3722.52,10
2524,09:30:02,$ 3722.52,10
2525,09:30:02,$ 3722.52,10
2526,09:30:02,$ 3722.52,1
2527,09:30:02,$ 3722.52,40
2528,09:30:02,$ 3722.52,20
2529,09:30:02,$ 3722.52,20
2530,09:30:02,$ 3722.52,90
2531,09:30:02,$ 3722.52,1
2532,09:30:02,$ 3722.52,2
2533,09:30:02,$ 3722.52,1
2534,09:30:02,$ 3722.52,5
2535,09:30:02,$ 3722.52,5
2536,09:30:02,$ 3722.52,4
2537,09:30:02,$ 3722.52,2
2538,09:30:02,$ 3722.52,2
2539,09:30:02,$ 3722.52,2
2540,09:30:02,$ 3722.52,2
2542,09:30:02,$ 3722.52,1
2543,09:30:02,$ 3722.52,3
2544,09:30:02,$ 3722.52,25
2545,09:30:02,$ 3722.52,1
2546,09:30:02,$ 3722.52,9
2547,09:30:02,$ 3722.52,1
2548,09:30:02,$ 3722.52,8
2549,09:30:02,$ 3722.52,2
2550,09:30:02,$ 3722.52,10
2551,09:30:02,$ 3722.52,15
2552,09:30:02,$ 3722.52,3
2553,09:30:02,$ 3722.52,5
2554,09:30:02,$ 3722.52,1
2555,09:30:02,$ 3722.52,10
2556,09:30:02,$ 3722.52,1
2557,09:30:02,$ 3722.52,1
2558,09:30:02,$ 3722.52,2
2559,09:30:02,$ 3722.52,5
2560,09:30:02,$ 3722.52,4
2561,09:30:02,$ 3722.52,1
2563,09:30:02,$ 3722.52,26
2564,09:30:02,$ 3722.52,6
2565,09:30:02,$ 3722.52,15
2566,09:30:02,$ 3722.52,2
2567,09:30:02,$ 3722.52,13
2568,09:30:02,$ 3722.52,1
2569,09:30:02,$ 3722.52,3
2570,09:30:02,$ 3722.52,1
2571,09:30:02,$ 3722.52,1
2572,09:30:02,$ 3722.52,1
2573,09:30:02,$ 3722.52,50
2574,09:30:02,$ 3722.52,25
2575,09:30:02,$ 3722.52,15
2576,09:30:02,$ 3722.52,12
2577,09:30:02,$ 3722.52,3
2578,09:30:02,$ 3722.52,1
2579,09:30:02,$ 3722.52,2
2580,09:30:02,$ 3722.52,7
2581,09:30:02,$ 3722.52,1
2582,09:30:02,$ 3722.52,3
2584,09:30:02,$ 3722.52,5
2585,09:30:02,$ 3722.52,1
2586,09:30:02,$ 3722.52,2
2587,09:30:02,$ 3722.52,3
2588,09:30:02,$ 3722.52,29
2589,09:30:02,$ 3722.52,5
2590,09:30:02,$ 3722.52,2
2591,09:30:02,$ 3722.52,2
2592,09:30:02,$ 3722.52,10
2593,09:30:02,$ 3722.52,1
2594,09:30:02,$ 3722.52,3
2595,09:30:02,$ 3722.52,10
2596,09:30:02,$ 3722.52,2
2597,09:30:02,$ 3722.52,1
2598,09:30:02,$ 3722.52,1
2599,09:30:02,$ 3722.52,3
2600,09:30:02,$ 3722.52,4
2601,09:30:02,$ 3722.52,6
2602,09:30:02,$ 3722.52,3
2603,09:30:02,$ 3722.52,10
2605,09:30:02,$ 3722.52,9
2606,09:30:02,$ 3722.52,3
2607,09:30:02,$ 3722.52,10
2608,09:30:02,$ 3722.52,1
2609,09:30:02,$ 3722.52,5
2610,09:30:02,$ 3722.52,1
2611,09:30:02,$ 3722.52,5
2612,09:30:02,$ 3722.52,2
2613,09:30:02,$ 3722.52,1
2614,09:30:02,$ 3722.52,1
2615,09:30:02,$ 3722.52,15
2616,09:30:02,$ 3722.52,5
2617,09:30:02,$ 3722.52,1
2618,09:30:02,$ 3722.52,10
2619,09:30:02,$ 3722.52,1
2620,09:30:02,$ 3722.52,2
2621,09:30:02,$ 3722.52,4
2622,09:30:02,$ 3722.52,3
2623,09:30:02,$ 3722.52,2
2624,09:30:02,$ 3722.52,3
2626,09:30:02,$ 3722.52,4
2627,09:30:02,$ 3722.52,3
2628,09:30:02,$ 3722.52,1
2629,09:30:02,$ 3722.52,2
2630,09:30:02,$ 3722.52,1
2631,09:30:02,$ 3722.52,1
2632,09:30:02,$ 3722.52,9
2633,09:30:02,$ 3722.52,5
2634,09:30:02,$ 3722.52,1
2635,09:30:02,$ 3722.52,4
2636,09:30:02,$ 3722.52,6
2637,09:30:02,$ 3722.52,1
2638,09:30:02,$ 3722.52,2
2639,09:30:02,$ 3722.52,1
2640,09:30:02,$ 3722.52,2
2641,09:30:02,$ 3722.52,1
2642,09:30:02,$ 3722.52,4
2643,09:30:02,$ 3722.52,3
2644,09:30:02,$ 3722.52,3
2645,09:30:02,$ 3722.52,2
2647,09:30:02,$ 3722.52,3
2648,09:30:02,$ 3722.52,13
2649,09:30:02,$ 3722.52,13
2650,09:30:02,$ 3722.52,1
2651,09:30:02,$ 3722.52,22
2652,09:30:02,$ 3722.52,1
2653,09:30:02,$ 3722.52,1
2654,09:30:02,$ 3722.52,2
2655,09:30:02,$ 3722.52,3
2656,09:30:02,$ 3722.52,31
2657,09:30:02,$ 3722.52,3
2658,09:30:02,$ 3722.52,1
2659,09:30:02,$ 3722.52,1
2660,09:30:02,$ 3722.52,9
2661,09:30:02,$ 3722.52,2
2662,09:30:02,$ 3722.52,24
2663,09:30:02,$ 3722.52,1
2664,09:30:02,$ 3722.52,2
2665,09:30:02,$ 3722.52,3
2666,09:30:02,$ 3722.52,2
2668,09:30:02,$ 3722.52,2
2669,09:30:02,$ 3722.52,10
2670,09:30:02,$ 3722.52,1
2671,09:30:02,$ 3722.52,5
2672,09:30:02,$ 3722.52,2
2673,09:30:02,$ 3722.52,24
2674,09:30:02,$ 3722.52,15
2675,09:30:02,$ 3722.52,1
2676,09:30:02,$ 3722.52,10
2677,09:30:02,$ 3722.52,10
2678,09:30:02,$ 3722.52,5
2679,09:30:02,$ 3722.52,30
2680,09:30:02,$ 3722.52,3
2681,09:30:02,$ 3722.52,1
2682,09:30:02,$ 3722.52,8
2683,09:30:02,$ 3722.52,2
2684,09:30:02,$ 3722.52,1
2685,09:30:02,$ 3722.52,6
2686,09:30:02,$ 3722.52,1
2687,09:30:02,$ 3722.52,1
2689,09:30:02,$ 3722.52,5
2690,09:30:02,$ 3722.52,2
2691,09:30:02,$ 3722.52,1
2692,09:30:02,$ 3722.52,2
2693,09:30:02,$ 3722.52,1
2694,09:30:02,$ 3722.52,1
2695,09:30:02,$ 3722.52,1
2696,09:30:02,$ 3722.52,1
2697,09:30:02,$ 3722.52,1
2698,09:30:02,$ 3722.52,3
2699,09:30:02,$ 3722.52,1
2700,09:30:02,$ 3722.52,100
2701,09:30:02,$ 3722.52,607
2702,09:30:02,$ 3722.52,1
2703,09:30:02,$ 3722.52,2
2704,09:30:02,$ 3722.52,1
2705,09:30:02,$ 3722.52,4
2706,09:30:02,$ 3722.52,3
2707,09:30:02,$ 3722.52,1
2708,09:30:02,$ 3722.52,10
2710,09:30:02,$ 3722.52,1
2711,09:30:02,$ 3722.52,3
2712,09:30:02,$ 3722.52,1
2713,09:30:02,$ 3722.52,8
2714,09:30:02,$ 3722.52,8
2715,09:30:02,$ 3722.52,2
2716,09:30:02,$ 3722.52,9
2717,09:30:02,$ 3722.52,1
2718,09:30:02,$ 3722.52,1
2719,09:30:02,$ 3722.52,5
2720,09:30:02,$ 3722.52,10
2721,09:30:02,$ 3722.52,1
2722,09:30:02,$ 3722.52,1
2723,09:30:02,$ 3722.52,1
2724,09:30:02,$ 3722.52,100
2725,09:30:02,$ 3722.52,1
2726,09:30:02,$ 3722.52,5
2727,09:30:02,$ 3722.52,3
2728,09:30:02,$ 3722.52,13
2729,09:30:02,$ 3722.52,2
2731,09:30:02,$ 3722.52,122
2732,09:30:02,$ 3722.52,1
2733,09:30:02,$ 3722.52,10
2734,09:30:02,$ 3722.52,2
2735,09:30:02,$ 3722.52,2
2736,09:30:02,$ 3722.52,2
2737,09:30:02,$ 3722.52,4
2738,09:30:02,$ 3722.52,2
2739,09:30:02,$ 3722.52,9
2740,09:30:02,$ 3722.52,2
2741,09:30:02,$ 3722.52,51
2742,09:30:02,$ 3722.52,8
2743,09:30:02,$ 3722.52,6
2744,09:30:02,$ 3722.52,1
2745,09:30:02,$ 3722.52,26
2746,09:30:02,$ 3722.52,85
2747,09:30:02,$ 3722.52,1
2748,09:30:02,$ 3722.52,3
2749,09:30:02,$ 3722.52,55
2750,09:30:02,$ 3722.52,30
2752,09:30:02,$ 3722.52,1
2753,09:30:02,$ 3722.52,1
2754,09:30:02,$ 3722.52,2
2755,09:30:02,$ 3722.52,3
2756,09:30:02,$ 3722.52,17
2757,09:30:02,$ 3722.52,1
2758,09:30:02,$ 3722.52,2
2759,09:30:02,$ 3722.52,122
2760,09:30:02,$ 3722.52,3
2761,09:30:02,$ 3722.52,1
2762,09:30:02,$ 3722.52,13
2763,09:30:02,$ 3722.52,57
2764,09:30:02,$ 3722.52,3
2765,09:30:02,$ 3722.52,10
2766,09:30:02,$ 3722.52,17
2767,09:30:02,$ 3722.52,40
2768,09:30:02,$ 3722.52,19
2769,09:30:02,$ 3722.52,10
2770,09:30:02,$ 3722.52,4
2771,09:30:02,$ 3722.52,1
2773,09:30:02,$ 3722.52,3
2774,09:30:02,$ 3722.52,3
2775,09:30:02,$ 3722.52,1
2776,09:30:02,$ 3722.52,19
2777,09:30:02,$ 3722.52,2
2778,09:30:02,$ 3722.52,3
2779,09:30:02,$ 3722.52,26
2780,09:30:02,$ 3722.52,26
2781,09:30:02,$ 3722.52,16
2782,09:30:02,$ 3722.52,1
2783,09:30:02,$ 3722.52,12
2784,09:30:02,$ 3722.52,1
2785,09:30:02,$ 3722.52,27
2786,09:30:02,$ 3722.52,27
2787,09:30:02,$ 3722.52,19
2788,09:30:02,$ 3722.52,2
2789,09:30:02,$ 3722.52,16
2790,09:30:02,$ 3722.52,10
2791,09:30:02,$ 3722.52,9
2792,09:30:02,$ 3722.52,133
2794,09:30:02,$ 3722.52,1
2795,09:30:02,$ 3722.52,28
2796,09:30:02,$ 3722.52,2
2797,09:30:02,$ 3722.52,10
2798,09:30:02,$ 3722.52,1
2799,09:30:02,$ 3722.52,1
2800,09:30:02,$ 3722.52,6
2801,09:30:02,$ 3722.52,8
2802,09:30:02,$ 3722.52,1
2803,09:30:02,$ 3722.52,1
2804,09:30:02,$ 3722.52,200
2805,09:30:02,$ 3722.52,1
2806,09:30:02,$ 3722.52,2
2807,09:30:02,$ 3722.52,5
2808,09:30:02,$ 3722.52,1
2809,09:30:02,$ 3722.52,40
2810,09:30:02,$ 3722.52,1
2811,09:30:02,$ 3722.52,37
2812,09:30:02,$ 3722.52,1
2813,09:30:02,$ 3722.52,1
2815,09:30:02,$ 3722.52,1
2816,09:30:02,$ 3722.52,1
2817,09:30:02,$ 3722.52,20
2818,09:30:02,$ 3722.52,1
2819,09:30:02,$ 3722.52,1
2820,09:30:02,$ 3722.52,12
2821,09:30:02,$ 3722.52,3
2822,09:30:02,$ 3722.52,2
2823,09:30:02,$ 3722.52,120
2824,09:30:02,$ 3722.52,70
2825,09:30:02,$ 3722.52,50
2826,09:30:02,$ 3722.52,10
2827,09:30:02,$ 3722.52,10
2828,09:30:02,$ 3722.52,1
2829,09:30:02,$ 3722.52,10
2830,09:30:02,$ 3722.52,3
2831,09:30:02,$ 3722.52,31
2832,09:30:02,$ 3722.52,1
2833,09:30:02,$ 3722.52,100
2834,09:30:02,$ 3722.52,134
2836,09:30:02,$ 3722.52,12
2837,09:30:02,$ 3722.52,6
2838,09:30:02,$ 3722.52,367
2839,09:30:02,$ 3722.52,1
2840,09:30:02,$ 3722.52,2
2841,09:30:02,$ 3722.52,1
2842,09:30:02,$ 3722.52,2
2843,09:30:02,$ 3722.52,1
2844,09:30:02,$ 3722.52,1
2845,09:30:02,$ 3722.52,1
2846,09:30:02,$ 3722.52,1
2847,09:30:02,$ 3722.52,1
2848,09:30:02,$ 3722.52,2
2849,09:30:02,$ 3722.52,3
2850,09:30:02,$ 3722.52,1
2851,09:30:02,$ 3722.52,20
2852,09:30:02,$ 3722.52,1
2853,09:30:02,$ 3722.52,1
2854,09:30:02,$ 3722.52,1
2855,09:30:02,$ 3722.52,3
2857,09:30:02,$ 3722.52,1
2858,09:30:02,$ 3722.52,6
2859,09:30:02,$ 3722.52,1
2860,09:30:02,$ 3722.52,2
2861,09:30:02,$ 3722.52,2
2862,09:30:02,$ 3722.52,3
2863,09:30:02,$ 3722.52,1
2864,09:30:02,$ 3722.52,1
2865,09:30:02,$ 3722.52,1
2866,09:30:02,$ 3722.52,3
2867,09:30:02,$ 3722.52,2
2868,09:30:02,$ 3722.52,4
2869,09:30:02,$ 3722.52,1
2870,09:30:02,$ 3722.52,10
2871,09:30:02,$ 3722.52,1
2872,09:30:02,$ 3722.52,1
2873,09:30:02,$ 3722.52,1
2874,09:30:02,$ 3722.52,1
2875,09:30:02,$ 3722.52,15
2876,09:30:02,$ 3722.52,2
2878,09:30:02,$ 3722.52,2
2879,09:30:02,$ 3722.52,1
2880,09:30:02,$ 3722.52,1
2881,09:30:02,$ 3722.52,1
2882,09:30:02,$ 3722.52,1
2883,09:30:02,$ 3722.52,1
2884,09:30:02,$ 3722.52,1
2885,09:30:02,$ 3722.52,4
2886,09:30:02,$ 3722.52,15
2887,09:30:02,$ 3722.52,1
2888,09:30:02,$ 3722.52,309
2889,09:30:02,$ 3722.52,4
2890,09:30:02,$ 3722.52,4
2891,09:30:02,$ 3722.52,1
2892,09:30:02,$ 3722.52,16
2893,09:30:02,$ 3722.52,5
2894,09:30:02,$ 3722.52,50
2895,09:30:02,$ 3722.52,16
2896,09:30:02,$ 3722.52,1
2897,09:30:02,$ 3722.52,2
2899,09:30:02,$ 3722.52,2
2900,09:30:02,$ 3722.52,1
2901,09:30:02,$ 3722.52,60
2902,09:30:02,$ 3722.52,2
2903,09:30:02,$ 3722.52,2
2904,09:30:02,$ 3722.52,5
2905,09:30:02,$ 3722.52,1
2906,09:30:02,$ 3722.52,2
2907,09:30:02,$ 3722.52,2
2908,09:30:02,$ 3722.52,1
2909,09:30:02,$ 3722.52,11
2910,09:30:02,$ 3722.52,2
2911,09:30:02,$ 3722.52,1
2912,09:30:02,$ 3722.52,1
2913,09:30:02,$ 3722.52,1
2914,09:30:02,$ 3722.52,6
2915,09:30:02,$ 3722.52,3
2916,09:30:02,$ 3722.52,2
2917,09:30:02,$ 3722.52,1
2918,09:30:02,$ 3722.52,2
2920,09:30:02,$ 3722.52,1
2921,09:30:02,$ 3722.52,1
2922,09:30:02,$ 3722.52,3
2923,09:30:02,$ 3722.52,1
2924,09:30:02,$ 3722.52,1
2925,09:30:02,$ 3722.52,1
2926,09:30:02,$ 3722.52,3
2927,09:30:02,$ 3722.52,3
2928,09:30:02,$ 3722.52,1
2929,09:30:02,$ 3722.52,1
2930,09:30:02,$ 3722.52,5
2931,09:30:02,$ 3722.52,1
2932,09:30:02,$ 3722.52,1
2933,09:30:02,$ 3722.52,1
2934,09:30:02,$ 3722.52,6
2935,09:30:02,$ 3722.52,1
2936,09:30:02,$ 3722.52,2
2937,09:30:02,$ 3722.52,1
2938,09:30:02,$ 3722.52,10
2939,09:30:02,$ 3722.52,8
2941,09:30:02,$ 3722.52,1
2942,09:30:02,$ 3722.52,111
2943,09:30:02,$ 3722.52,30
2944,09:30:02,$ 3722.52,14
2945,09:30:02,$ 3722.52,10
2946,09:30:02,$ 3722.52,7
2947,09:30:02,$ 3722.52,11
2948,09:30:02,$ 3722.52,14
2949,09:30:02,$ 3722.52,2
2950,09:30:02,$ 3722.52,10
2951,09:30:02,$ 3722.52,89
2952,09:30:02,$ 3722.52,16
2953,09:30:02,$ 3722.52,6
2954,09:30:02,$ 3722.52,14
2955,09:30:02,$ 3722.52,349
2956,09:30:02,$ 3722.52,2
2957,09:30:02,$ 3722.52,2
2958,09:30:02,$ 3722.52,19
2959,09:30:02,$ 3722.52,26
2960,09:30:02,$ 3722.52,89
2962,09:30:02,$ 3722.52,8
2963,09:30:02,$ 3722.52,1
2964,09:30:02,$ 3722.52,"2,920"
2965,09:30:02,$ 3722.52,5
2966,09:30:02,$ 3722.52,3
2967,09:30:02,$ 3722.52,3
2968,09:30:02,$ 3722.52,6
2969,09:30:02,$ 3722.52,15
2970,09:30:02,$ 3722.52,3
2971,09:30:02,$ 3722.52,3
2972,09:30:02,$ 3722.52,24
2973,09:30:02,$ 3722.52,1
2974,09:30:02,$ 3722.52,9
2975,09:30:02,$ 3722.52,19
2976,09:30:02,$ 3722.52,3
2977,09:30:02,$ 3722.52,65
2978,09:30:02,$ 3722.52,17
2979,09:30:02,$ 3722.52,17
2980,09:30:02,$ 3722.52,27
2981,09:30:02,$ 3722.52,51
2983,09:30:02,$ 3722.52,50
2984,09:30:02,$ 3722.52,1
2985,09:30:02,$ 3722.52,1
2986,09:30:02,$ 3722.52,380
2987,09:30:02,$ 3722.52,100
2988,09:30:02,$ 3722.52,372
2989,09:30:02,$ 3722.52,50
2990,09:30:02,$ 3722.52,30
2991,09:30:02,$ 3722.52,1
2992,09:30:02,$ 3722.52,6
2993,09:30:02,$ 3722.52,10
2994,09:30:02,$ 3722.52,1
2995,09:30:02,$ 3722.52,20
2996,09:30:02,$ 3722.52,100
2997,09:30:02,$ 3722.52,1
2998,09:30:02,$ 3722.52,2
2999,09:30:02,$ 3722.52,4
3000,09:30:02,$ 3722.52,1
3001,09:30:02,$ 3722.52,1
3002,09:30:02,$ 3722.52,2
3004,09:30:02,$ 3722.52,10
3005,09:30:02,$ 3722.52,5
3006,09:30:02,$ 3722.52,31
3007,09:30:02,$ 3722.52,3
3008,09:30:02,$ 3722.52,6
3009,09:30:02,$ 3722.52,12
3010,09:30:02,$ 3722.52,5
3011,09:30:02,$ 3722.52,3
3012,09:30:02,$ 3722.52,10
3013,09:30:02,$ 3722.52,38
3014,09:30:02,$ 3722.52,7
3015,09:30:02,$ 3722.52,3
3016,09:30:02,$ 3722.52,3
3017,09:30:02,$ 3722.52,3
3018,09:30:02,$ 3722.52,13
3019,09:30:02,$ 3722.52,4
3020,09:30:02,$ 3722.52,15
3021,09:30:02,$ 3722.52,10
3022,09:30:02,$ 3722.52,3
3023,09:30:02,$ 3722.52,2
3025,09:30:02,$ 3722.52,41
3026,09:30:02,$ 3722.52,29
3027,09:30:02,$ 3722.52,8
3028,09:30:02,$ 3722.52,1
3029,09:30:02,$ 3722.52,1
3030,09:30:02,$ 3722.52,11
3031,09:30:02,$ 3722.52,80
3032,09:30:02,$ 3722.52,5
3033,09:30:02,$ 3722.52,3
3034,09:30:02,$ 3722.52,2
3035,09:30:02,$ 3722.52,16
3036,09:30:02,$ 3722.52,6
3037,09:30:02,$ 3722.52,455
3038,09:30:02,$ 3722.52,1
3039,09:30:02,$ 3722.52,70
3040,09:30:02,$ 3722.52,50
3041,09:30:02,$ 3722.52,2
3042,09:30:02,$ 3722.52,1
3043,09:30:02,$ 3722.52,6
3044,09:30:02,$ 3722.52,1
3046,09:30:02,$ 3722.52,12
3047,09:30:02,$ 3722.52,1
3048,09:30:02,$ 3722.52,2
3049,09:30:02,$ 3722.52,1
3050,09:30:02,$ 3722.52,"1,000"
3051,09:30:02,$ 3722.52,1
3052,09:30:02,$ 3722.52,6
3053,09:30:02,$ 3722.52,5
3054,09:30:02,$ 3722.52,300
3055,09:30:02,$ 3722.52,1
3056,09:30:02,$ 3722.52,1
3057,09:30:02,$ 3722.52,14
3058,09:30:02,$ 3722.52,560
3059,09:30:02,$ 3722.52,50
3060,09:30:02,$ 3722.52,2
3061,09:30:02,$ 3722.52,5
3062,09:30:02,$ 3722.52,5
3063,09:30:02,$ 3722.52,266
3064,09:30:02,$ 3722.52,9
3065,09:30:02,$ 3722.52,12
3067,09:30:02,$ 3722.52,161
3068,09:30:02,$ 3722.52,1
3069,09:30:02,$ 3722.52,10
3070,09:30:02,$ 3722.52,48
3071,09:30:02,$ 3722.52,6
3072,09:30:02,$ 3722.52,300
3073,09:30:02,$ 3722.52,1
3074,09:30:02,$ 3722.52,1
3075,09:30:02,$ 3722.52,1
3076,09:30:02,$ 3722.52,1
3077,09:30:02,$ 3722.52,6
3078,09:30:02,$ 3722.52,1
3079,09:30:02,$ 3722.52,15
3080,09:30:02,$ 3722.52,6
3081,09:30:02,$ 3722.52,2
3082,09:30:02,$ 3722.52,1
3083,09:30:02,$ 3722.52,1
3084,09:30:02,$ 3722.52,4
3085,09:30:02,$ 3722.52,2
3086,09:30:02,$ 3722.52,3
3088,09:30:02,$ 3722.52,1
3089,09:30:02,$ 3722.52,5
3090,09:30:02,$ 3722.52,3
3091,09:30:02,$ 3722.52,612
3092,09:30:02,$ 3722.52,1
3093,09:30:02,$ 3722.52,500
3094,09:30:02,$ 3722.52,2
3095,09:30:02,$ 3722.52,19
3096,09:30:02,$ 3722.52,27
3097,09:30:02,$ 3722.52,38
3098,09:30:02,$ 3722.52,64
3099,09:30:02,$ 3722.52,35
3100,09:30:02,$ 3722.52,1
3101,09:30:02,$ 3722.52,1
3102,09:30:02,$ 3722.52,1
3103,09:30:02,$ 3722.52,69
3104,09:30:02,$ 3722.52,3
3105,09:30:02,$ 3722.52,24
3106,09:30:02,$ 3722.52,20
3107,09:30:02,$ 3722.52,3
3109,09:30:02,$ 3722.52,20
3110,09:30:02,$ 3722.52,5
3111,09:30:02,$ 3722.52,25
3112,09:30:02,$ 3722.52,1
3113,09:30:02,$ 3722.52,1
3114,09:30:02,$ 3722.52,17
3115,09:30:02,$ 3722.52,1
3116,09:30:02,$ 3722.52,21
3117,09:30:02,$ 3722.52,10
3118,09:30:02,$ 3722.52,41
3119,09:30:02,$ 3722.52,115
3120,09:30:02,$ 3722.52,162
3121,09:30:02,$ 3722.52,1
3122,09:30:02,$ 3722.52,22
3123,09:30:02,$ 3722.52,2
3124,09:30:02,$ 3722.52,1
3125,09:30:02,$ 3722.52,1
3126,09:30:02,$ 3722.52,2
3127,09:30:02,$ 3722.52,52
3128,09:30:02,$ 3722.52,16
3130,09:30:02,$ 3722.52,1
3131,09:30:02,$ 3722.52,130
3132,09:30:02,$ 3722.52,5
3133,09:30:02,$ 3722.52,2
3134,09:30:02,$ 3722.52,1
3135,09:30:02,$ 3722.52,1
3136,09:30:02,$ 3722.52,2
3137,09:30:02,$ 3722.52,1
3138,09:30:02,$ 3722.52,105
3139,09:30:02,$ 3722.52,5
3140,09:30:02,$ 3722.52,7
3141,09:30:02,$ 3722.52,40
3142,09:30:02,$ 3722.52,3
3143,09:30:02,$ 3722.52,1
3144,09:30:02,$ 3722.52,1
3145,09:30:02,$ 3722.52,1
3146,09:30:02,$ 3722.52,10
3147,09:30:02,$ 3722.52,3
3148,09:30:02,$ 3722.52,1
3149,09:30:02,$ 3722.52,1
3151,09:30:02,$ 3722.52,68
3152,09:30:02,$ 3722.52,5
3153,09:30:02,$ 3722.52,1
3154,09:30:02,$ 3722.52,100
3155,09:30:02,$ 3722.52,5
3156,09:30:02,$ 3722.52,5
3157,09:30:02,$ 3722.52,2
3158,09:30:02,$ 3722.52,10
3159,09:30:02,$ 3722.52,5
3160,09:30:02,$ 3722.52,1
3161,09:30:02,$ 3722.52,1
3162,09:30:02,$ 3722.52,8
3163,09:30:02,$ 3722.52,11
3164,09:30:02,$ 3722.52,4
3165,09:30:02,$ 3722.52,1
3166,09:30:02,$ 3722.52,2
3167,09:30:02,$ 3722.52,10
3168,09:30:02,$ 3722.52,2
3169,09:30:02,$ 3722.52,10
3170,09:30:02,$ 3722.52,1
3172,09:30:02,$ 3722.52,1
3173,09:30:02,$ 3722.52,15
3174,09:30:02,$ 3722.52,4
3175,09:30:02,$ 3722.52,1
3176,09:30:02,$ 3722.52,2
3177,09:30:02,$ 3722.52,13
3178,09:30:02,$ 3722.52,33
3179,09:30:02,$ 3722.52,58
3180,09:30:02,$ 3722.52,4
3181,09:30:02,$ 3722.52,2
3182,09:30:02,$ 3722.52,400
3183,09:30:02,$ 3722.52,400
3184,09:30:02,$ 3722.52,100
3185,09:30:02,$ 3722.52,2
3186,09:30:02,$ 3722.52,38
3187,09:30:02,$ 3722.52,100
3188,09:30:02,$ 3722.52,100
3189,09:30:02,$ 3722.52,40
3190,09:30:02,$ 3722.52,65
3191,09:30:02,$ 3722.52,100
3193,09:30:02,$ 3722.52,51
3194,09:30:02,$ 3722.52,573
3195,09:30:02,$ 3722.52,14
3196,09:30:02,$ 3722.52,20
3197,09:30:02,$ 3722.52,26
3198,09:30:02,$ 3722.52,13
3199,09:30:02,$ 3722.52,123
3200,09:30:02,$ 3722.52,913
3201,09:30:02,$ 3722.52,8
3202,09:30:02,$ 3722.52,5
3203,09:30:02,$ 3722.52,5
3204,09:30:02,$ 3722.52,1
3205,09:30:02,$ 3722.52,1
3206,09:30:02,$ 3722.52,15
3207,09:30:02,$ 3722.52,3
3208,09:30:02,$ 3722.52,7
3209,09:30:02,$ 3722.52,1
3210,09:30:02,$ 3722.52,2
3211,09:30:02,$ 3722.52,5
3212,09:30:02,$ 3722.52,15
3214,09:30:02,$ 3722.52,13
3215,09:30:02,$ 3722.52,761
3216,09:30:02,$ 3722.52,1
3217,09:30:02,$ 3722.52,10
3218,09:30:02,$ 3722.52,1
3219,09:30:02,$ 3722.52,1
3220,09:30:02,$ 3722.52,1
3221,09:30:02,$ 3722.52,1
3222,09:30:02,$ 3722.52,1
3223,09:30:02,$ 3722.52,2
3224,09:30:02,$ 3722.52,2
3225,09:30:02,$ 3722.52,2
3226,09:30:02,$ 3722.52,4
3227,09:30:02,$ 3722.52,1
3228,09:30:02,$ 3722.52,1
3229,09:30:02,$ 3722.52,10
3230,09:30:02,$ 3722.52,1
3231,09:30:02,$ 3722.52,20
3232,09:30:02,$ 3722.52,1
3233,09:30:02,$ 3722.52,1
3235,09:30:02,$ 3722.52,1
3236,09:30:02,$ 3722.52,2
3237,09:30:02,$ 3722.52,1
3238,09:30:02,$ 3722.52,5
3239,09:30:02,$ 3722.52,1
3240,09:30:02,$ 3722.52,5
3241,09:30:02,$ 3722.52,5
3242,09:30:02,$ 3722.52,1
3243,09:30:02,$ 3722.52,1
3244,09:30:02,$ 3722.52,2
3245,09:30:02,$ 3722.52,5
3246,09:30:02,$ 3722.52,1
3247,09:30:02,$ 3722.52,1
3248,09:30:02,$ 3722.52,25
3249,09:30:02,$ 3722.52,2
3250,09:30:02,$ 3722.52,1
3251,09:30:02,$ 3722.52,1
3252,09:30:02,$ 3722.52,1
3253,09:30:02,$ 3722.52,1
3254,09:30:02,$ 3722.52,1
3256,09:30:02,$ 3722.52,3
3257,09:30:02,$ 3722.52,1
3258,09:30:02,$ 3722.52,3
3259,09:30:02,$ 3722.52,1
3260,09:30:02,$ 3722.52,1
3261,09:30:02,$ 3722.52,1
3262,09:30:02,$ 3722.52,1
3263,09:30:02,$ 3722.52,2
3264,09:30:02,$ 3722.52,1
3265,09:30:02,$ 3722.52,3
3266,09:30:02,$ 3722.52,3
3267,09:30:02,$ 3722.52,1
3268,09:30:02,$ 3722.52,3
3269,09:30:02,$ 3722.52,25
3270,09:30:02,$ 3722.52,10
3271,09:30:02,$ 3722.52,3
3272,09:30:02,$ 3722.52,1
3273,09:30:02,$ 3722.52,1
3274,09:30:02,$ 3722.52,6
3275,09:30:02,$ 3722.52,1
3277,09:30:02,$ 3722.52,4
3278,09:30:02,$ 3722.52,10
3279,09:30:02,$ 3722.52,1
3280,09:30:02,$ 3722.52,1
3281,09:30:02,$ 3722.52,2
3282,09:30:02,$ 3722.52,2
3283,09:30:02,$ 3722.52,2
3284,09:30:02,$ 3722.52,100
3285,09:30:02,$ 3722.52,10
3286,09:30:02,$ 3722.52,1
3287,09:30:02,$ 3722.52,1
3288,09:30:02,$ 3722.52,1
3289,09:30:02,$ 3722.52,1
3290,09:30:02,$ 3722.52,2
3291,09:30:02,$ 3722.52,2
3292,09:30:02,$ 3722.52,1
3293,09:30:02,$ 3722.52,5
3294,09:30:02,$ 3722.52,500
3295,09:30:02,$ 3722.52,2
3296,09:30:02,$ 3722.52,1
3298,09:30:02,$ 3722.52,7
3299,09:30:02,$ 3722.52,3
3300,09:30:02,$ 3722.52,1
3301,09:30:02,$ 3722.52,1
3302,09:30:02,$ 3722.52,6
3303,09:30:02,$ 3722.52,1
3304,09:30:02,$ 3722.52,2
3305,09:30:02,$ 3722.52,1
3306,09:30:02,$ 3722.52,3
3307,09:30:02,$ 3722.52,160
3308,09:30:02,$ 3722.52,4
3309,09:30:02,$ 3722.52,1
3310,09:30:02,$ 3722.52,1
3311,09:30:02,$ 3722.52,102
3312,09:30:02,$ 3722.52,2
3313,09:30:02,$ 3722.52,1
3314,09:30:02,$ 3722.52,78
3315,09:30:02,$ 3722.52,44
3316,09:30:02,$ 3722.52,2
3317,09:30:02,$ 3722.52,2
3319,09:30:02,$ 3722.52,5
3320,09:30:02,$ 3722.52,1
3321,09:30:02,$ 3722.52,4
3322,09:30:02,$ 3722.52,174
3323,09:30:02,$ 3722.52,15
3324,09:30:02,$ 3722.52,4
3325,09:30:02,$ 3722.52,27
3326,09:30:02,$ 3722.52,100
3327,09:30:02,$ 3722.52,1
3328,09:30:02,$ 3722.52,1
3329,09:30:02,$ 3722.52,40
3330,09:30:02,$ 3722.52,1
3331,09:30:02,$ 3722.52,5
3332,09:30:02,$ 3722.52,1
3333,09:30:02,$ 3722.52,1
3334,09:30:02,$ 3722.52,3
3335,09:30:02,$ 3722.52,24
3336,09:30:02,$ 3722.52,10
3337,09:30:02,$ 3722.52,1
3338,09:30:02,$ 3722.52,2
3340,09:30:02,$ 3722.52,10
3341,09:30:02,$ 3722.52,2
3342,09:30:02,$ 3722.52,68
3343,09:30:02,$ 3722.52,52
3344,09:30:02,$ 3722.52,3
3345,09:30:02,$ 3722.52,1
3346,09:30:02,$ 3722.52,1
3347,09:30:02,$ 3722.52,10
3348,09:30:02,$ 3722.52,2
3349,09:30:02,$ 3722.52,20
3350,09:30:02,$ 3722.52,2
3351,09:30:02,$ 3722.52,1
3352,09:30:02,$ 3722.52,1
3353,09:30:02,$ 3722.52,41
3354,09:30:02,$ 3722.52,1
3355,09:30:02,$ 3722.52,2
3356,09:30:02,$ 3722.52,2
3357,09:30:02,$ 3722.52,1
3358,09:30:02,$ 3722.52,1
3359,09:30:02,$ 3722.52,1
3361,09:30:02,$ 3722.52,8
3362,09:30:02,$ 3722.52,10
3363,09:30:02,$ 3722.52,13
3364,09:30:02,$ 3722.52,5
3365,09:30:02,$ 3722.52,19
3366,09:30:02,$ 3722.52,2
3367,09:30:02,$ 3722.52,2
3368,09:30:02,$ 3722.52,2
3369,09:30:02,$ 3722.52,1
3370,09:30:02,$ 3722.52,1
3371,09:30:02,$ 3722.52,50
3372,09:30:02,$ 3722.52,1
3373,09:30:02,$ 3722.52,1
3374,09:30:02,$ 3722.52,1
3375,09:30:02,$ 3722.52,3
3376,09:30:02,$ 3722.52,4
3377,09:30:02,$ 3722.52,1
3378,09:30:02,$ 3722.52,1
3379,09:30:02,$ 3722.52,1
3380,09:30:02,$ 3722.52,2
3382,09:30:02,$ 3722.52,33
3383,09:30:02,$ 3722.52,1
3384,09:30:02,$ 3722.52,8
3385,09:30:02,$ 3722.52,3
3386,09:30:02,$ 3722.52,15
3387,09:30:02,$ 3722.52,10
3388,09:30:02,$ 3722.52,1
3389,09:30:02,$ 3722.52,5
3390,09:30:02,$ 3722.52,5
3391,09:30:02,$ 3722.52,10
3392,09:30:02,$ 3722.52,120
3393,09:30:02,$ 3722.52,3
3394,09:30:02,$ 3722.52,1
3395,09:30:02,$ 3722.52,5
3396,09:30:02,$ 3722.52,1
3397,09:30:02,$ 3722.52,1
3398,09:30:02,$ 3722.52,1
3399,09:30:02,$ 3722.52,"1,700"
3400,09:30:02,$ 3722.52,1
3401,09:30:02,$ 3722.52,5
3403,09:30:02,$ 3722.52,1
3404,09:30:02,$ 3722.52,2
3405,09:30:02,$ 3722.52,2
3406,09:30:02,$ 3722.52,1
3407,09:30:02,$ 3722.52,5
3408,09:30:02,$ 3722.52,2
3409,09:30:02,$ 3722.52,1
3410,09:30:02,$ 3722.52,5
3411,09:30:02,$ 3722.52,1
3412,09:30:02,$ 3722.52,10
3413,09:30:02,$ 3722.52,12
3414,09:30:02,$ 3722.52,1
3415,09:30:02,$ 3722.52,21
3416,09:30:02,$ 3722.52,1
3417,09:30:02,$ 3722.52,1
3418,09:30:02,$ 3722.52,1
3419,09:30:02,$ 3722.52,2
3420,09:30:02,$ 3722.52,1
3421,09:30:02,$ 3722.52,1
3422,09:30:02,$ 3722.52,15
3424,09:30:02,$ 3722.52,7
3425,09:30:02,$ 3722.52,57
3426,09:30:00,$ 3724.89,100
3427,09:30:00,$ 3724.885,100
3428,09:30:00,$ 3722.52,10
3429,09:30:00,$ 3722.52,23
3431,10:29:56,$ 3707.69,200
3432,10:29:48,$ 3708.35,900
3433,10:29:42,$ 3707.87,100
3434,10:29:42,$ 3707.87,100
3435,10:29:42,$ 3707.87,100
3436,10:29:42,$ 3707.63,100
3437,10:29:41,$ 3707.4699,200
3438,10:29:40,$ 3707.20,900
3439,10:29:38,$ 3707.14,100
3440,10:29:36,$ 3705.3501,110
3441,10:29:30,$ 3705.165,100
3442,10:29:30,$ 3705.41,100
3443,10:29:30,$ 3705.07,100
3444,10:29:30,$ 3704.575,900
3445,10:29:30,$ 3704.88,100
3446,10:29:30,$ 3704.145,100
3447,10:29:29,$ 3704.025,100
3448,10:29:27,$ 3704.78,100
3449,10:29:27,$ 3704.0001,100
3450,10:29:24,$ 3704.43,100
3452,10:29:24,$ 3704.025,100
3453,10:29:24,$ 3704.309,200
3454,10:29:24,$ 3705.00,100
3455,10:29:22,$ 3705.125,100
3456,10:29:20,$ 3705.1503,200
3457,10:29:19,$ 3705.04,269
3458,10:29:19,$ 3705.0914,350
3459,10:29:18,$ 3706.00,370
3460,10:29:17,$ 3706.6024,872
3461,10:29:13,$ 3706.08,100
3462,10:29:10,$ 3706.51,100
3463,10:29:10,$ 3707.46,100
3464,10:29:08,$ 3708.30,100
3465,10:29:08,$ 3708.31,100
3466,10:29:08,$ 3708.7308,900
3467,10:29:07,$ 3708.385,100
3468,10:29:06,$ 3708.66,100
3469,10:29:04,$ 3708.845,100
3470,10:29:02,$ 3708.66,100
3471,10:29:01,$ 3708.53,100
3473,10:29:01,$ 3709.45,100
3474,10:28:59,$ 3709.80,100
3475,10:28:59,$ 3709.795,100
3476,10:28:59,$ 3709.775,100
3477,10:28:56,$ 3710.1234,269
3478,10:28:56,$ 3710.0644,100
3479,10:28:56,$ 3710.0144,100
3480,10:28:56,$ 3710.57,100
3481,10:28:56,$ 3710.11,100
3482,10:28:56,$ 3710.15,100
3483,10:28:55,$ 3709.9917,584
3484,10:28:55,$ 3709.9917,226
3485,10:28:53,$ 3708.80,100
3486,10:28:53,$ 3709.87,100
3487,10:28:53,$ 3710.08,100
3488,10:28:53,$ 3709.70,122
3489,10:28:53,$ 3709.70,100
3490,10:28:53,$ 3709.135,900
3491,10:28:43,$ 3707.3737,250
3492,10:28:43,$ 3708.91,100
3494,10:28:39,$ 3708.22,100
3495,10:28:34,$ 3708.04,100
3496,10:28:34,$ 3708.12,100
3497,10:28:34,$ 3708.13,100
3498,10:28:33,$ 3708.445,100
3499,10:28:33,$ 3707.43,100
3500,10:28:33,$ 3707.40,127
3501,10:28:33,$ 3707.40,100
3502,10:28:33,$ 3707.4005,100
3503,10:28:33,$ 3707.6752,100
3504,10:28:33,$ 3708.00,100
3505,10:28:33,$ 3708.47,100
3506,10:28:33,$ 3708.47,100
3507,10:28:33,$ 3708.584,100
3508,10:28:33,$ 3709.10,100
3509,10:28:33,$ 3709.10,362
3510,10:28:33,$ 3709.10,100
3511,10:28:31,$ 3710.561,303
3512,10:28:26,$ 3709.165,100
3513,10:28:19,$ 3710.00,900
3515,10:28:19,$ 3710.02,100
3516,10:28:19,$ 3710.00,243
3517,10:28:19,$ 3710.00,334
3518,10:28:19,$ 3710.00,300
3519,10:28:19,$ 3710.00,100
3520,10:28:19,$ 3710.00,100
3521,10:28:19,$ 3710.00,100
3522,10:28:19,$ 3710.00,100
3523,10:28:19,$ 3710.00,100
3524,10:28:19,$ 3710.00,100
3525,10:28:19,$ 3710.00,164
3526,10:28:19,$ 3710.8516,460
3527,10:28:19,$ 3710.8989,100
3528,10:28:19,$ 3710.77,100
3529,10:28:19,$ 3710.8989,100
3530,10:28:19,$ 3710.75,100
3531,10:28:16,$ 3710.7491,100
3532,10:28:15,$ 3711.135,100
3533,10:28:15,$ 3710.7709,100
3534,10:28:15,$ 3711.55,100
3536,10:28:13,$ 3711.02,100
3537,10:28:13,$ 3711.46,100
3538,10:28:10,$ 3712.61,150
3539,10:28:06,$ 3712.63,100
3540,10:28:04,$ 3712.39,100
3541,10:28:02,$ 3712.8439,100
3542,10:27:57,$ 3712.39,100
3543,10:27:55,$ 3712.35,100
3544,10:27:48,$ 3714.0999,900
3545,10:27:46,$ 3712.65,100
3546,10:27:46,$ 3712.49,100
3547,10:27:46,$ 3712.50,100
3548,10:27:46,$ 3712.54,100
3549,10:27:46,$ 3712.3388,100
3550,10:27:36,$ 3712.0839,212
3551,10:27:36,$ 3712.0839,598
3552,10:27:34,$ 3711.52,100
3553,10:27:34,$ 3711.54,100
3554,10:27:34,$ 3711.46,100
3555,10:27:34,$ 3711.53,100
3557,10:27:33,$ 3711.97,100
3558,10:27:28,$ 3712.41,100
3559,10:27:28,$ 3712.50,100
3560,10:27:27,$ 3712.92,100
3561,10:27:27,$ 3714.03,100
3562,10:27:26,$ 3712.49,100
3563,10:27:13,$ 3713.42,100
3564,10:27:13,$ 3712.99,100
3565,10:27:12,$ 3712.83,100
3566,10:27:11,$ 3712.145,900
3567,10:27:08,$ 3712.145,100
3568,10:27:08,$ 3711.64,100
3569,10:27:08,$ 3711.2099,100
3570,10:27:07,$ 3712.77,100
3571,10:27:06,$ 3712.59,100
3572,10:27:06,$ 3711.79,100
3573,10:27:06,$ 3711.76,100
3574,10:27:02,$ 3711.845,100
3575,10:27:02,$ 3711.76,291
3576,10:27:02,$ 3712.68,157
3578,10:27:01,$ 3713.00,100
3579,10:26:59,$ 3713.785,100
3580,10:26:54,$ 3713.705,100
3581,10:26:54,$ 3713.73,100
3582,10:26:54,$ 3714.15,200
3583,10:26:52,$ 3715.5032,150
3584,10:26:50,$ 3714.16,100
3585,10:26:50,$ 3714.44,100
3586,10:26:48,$ 3713.87,131
3587,10:26:48,$ 3715.136,100
3588,10:26:48,$ 3715.128,100
3589,10:26:48,$ 3715.74,100
3590,10:26:48,$ 3715.69,100
3591,10:26:48,$ 3715.585,100
3592,10:26:48,$ 3715.71,100
3593,10:26:48,$ 3715.11,354
3594,10:26:48,$ 3716.045,300
3595,10:26:48,$ 3716.50,100
3596,10:26:47,$ 3714.69,100
3597,10:26:47,$ 3714.79,100
3599,10:26:47,$ 3714.89,108
3600,10:26:47,$ 3714.89,101
3601,10:26:47,$ 3715.00,122
3602,10:26:47,$ 3715.44,100
3603,10:26:47,$ 3715.56,125
3604,10:26:47,$ 3716.61,100
3605,10:26:47,$ 3716.77,100
3606,10:26:47,$ 3717.57,200
3607,10:26:46,$ 3717.585,100
3608,10:26:37,$ 3717.23,100
3609,10:26:36,$ 3717.3143,231
3610,10:26:33,$ 3718.03,100
3611,10:26:33,$ 3718.03,108
3612,10:26:31,$ 3717.7778,400
3613,10:26:31,$ 3718.03,150
3614,10:26:31,$ 3718.03,100
3615,10:26:22,$ 3718.2402,100
3616,10:26:21,$ 3718.88,100
3617,10:26:21,$ 3718.88,100
3618,10:26:20,$ 3717.94,100
3620,10:26:20,$ 3717.99,100
3621,10:26:07,$ 3719.895,250
3622,10:26:06,$ 3720.00,100
3623,10:26:06,$ 3720.00,100
3624,10:26:04,$ 3720.8699,200
3625,10:26:02,$ 3720.60,100
3626,10:26:01,$ 3720.45,100
3627,10:25:57,$ 3720.51,100
3628,10:25:54,$ 3720.509,200
3629,10:25:52,$ 3719.5201,100
3630,10:25:48,$ 3720.7703,100
3631,10:25:48,$ 3720.80,100
3632,10:25:47,$ 3720.42,100
3633,10:25:46,$ 3720.00,100
3634,10:25:45,$ 3720.00,100
3635,10:25:45,$ 3720.01,159
3636,10:25:45,$ 3720.01,100
3637,10:25:45,$ 3720.00,100
3638,10:25:45,$ 3720.00,100
3639,10:25:45,$ 3720.00,100
3641,10:25:41,$ 3718.68,100
3642,10:25:35,$ 3718.1111,100
3643,10:25:29,$ 3718.675,100
3644,10:25:29,$ 3718.88,100
3645,10:25:20,$ 3718.00,102
3646,10:25:20,$ 3718.00,100
3647,10:25:20,$ 3718.00,100
3648,10:25:20,$ 3718.00,100
3649,10:25:15,$ 3716.85,100
3650,10:25:15,$ 3716.56,100
3651,10:25:15,$ 3716.755,100
3652,10:25:12,$ 3716.35,100
3653,10:25:08,$ 3715.00,100
3654,10:25:08,$ 3715.01,100
3655,10:25:08,$ 3715.00,100
3656,10:25:08,$ 3715.03,100
3657,10:25:08,$ 3715.0005,100
3658,10:25:08,$ 3715.00,152
3659,10:25:08,$ 3714.70,100
3660,10:25:08,$ 3716.18,100
3662,10:25:08,$ 3716.19,100
3663,10:25:08,$ 3715.97,100
3664,10:25:08,$ 3716.19,100
3665,10:25:07,$ 3716.183,100
3666,10:25:07,$ 3716.69,100
3667,10:24:58,$ 3716.37,100
3668,10:24:58,$ 3716.40,182
3669,10:24:58,$ 3716.40,100
3670,10:24:55,$ 3716.38,100
3671,10:24:49,$ 3716.71,100
3672,10:24:46,$ 3715.56,358
3673,10:24:46,$ 3715.56,119
3674,10:24:43,$ 3716.71,100
3675,10:24:35,$ 3716.00,100
3676,10:24:28,$ 3712.92,100
3677,10:23:52,$ 3713.55,100
3678,10:23:39,$ 3712.45,447
3679,10:23:33,$ 3713.2618,100
3680,10:23:25,$ 3712.40,100
3681,10:23:25,$ 3712.41,200
3683,10:23:25,$ 3712.44,100
3684,10:23:21,$ 3712.07,200
3685,10:23:21,$ 3711.66,100
3686,10:23:14,$ 3712.3057,217
3687,10:23:07,$ 3712.48,136
3688,10:22:52,$ 3711.80,200
3689,10:22:32,$ 3712.62,100
3690,10:22:24,$ 3712.6699,100
3691,10:22:12,$ 3711.6001,138
3692,10:22:09,$ 3712.30,100
3693,10:22:09,$ 3712.39,100
3694,10:22:04,$ 3710.4997,200
3695,10:22:01,$ 3710.52,100
3696,10:22:00,$ 3711.10,100
3697,10:21:59,$ 3712.04,100
3698,10:21:58,$ 3712.94,100
3699,10:21:57,$ 3712.94,100
3700,10:21:53,$ 3713.8496,250
3701,10:21:37,$ 3715.12,100
3702,10:21:34,$ 3714.55,400
3704,10:21:34,$ 3714.555,100
3705,10:21:34,$ 3714.555,100
3706,10:21:34,$ 3714.555,100
3707,10:21:29,$ 3715.00,100
3708,10:21:17,$ 3714.00,100
3709,10:21:07,$ 3713.16,100
3710,10:21:03,$ 3711.45,100
3711,10:20:58,$ 3712.00,100
3712,10:20:58,$ 3712.00,100
3713,10:20:55,$ 3713.09,100
3714,10:20:55,$ 3713.07,100
3715,10:20:47,$ 3713.13,100
3716,10:20:42,$ 3714.17,100
3717,10:20:30,$ 3715.00,380
3718,10:20:27,$ 3713.71,100
3719,10:20:26,$ 3714.00,100
3720,10:20:04,$ 3713.35,100
3721,10:19:52,$ 3713.0564,110
3722,10:19:48,$ 3713.27,100
3723,10:19:38,$ 3714.00,208
3725,10:19:38,$ 3714.00,100
3726,10:19:25,$ 3713.55,100
3727,10:19:25,$ 3713.28,141
3728,10:19:19,$ 3713.72,100
3729,10:19:05,$ 3713.36,100
3730,10:18:42,$ 3714.92,100
3731,10:18:42,$ 3715.11,100
3732,10:18:30,$ 3714.92,200
3733,10:18:25,$ 3714.79,100
3734,10:18:25,$ 3714.524,100
3735,10:18:22,$ 3713.45,250
3736,10:18:21,$ 3714.7899,150
3737,10:18:04,$ 3714.24,100
3738,10:18:04,$ 3714.23,100
3739,10:18:04,$ 3714.0099,100
3740,10:18:04,$ 3714.01,100
3741,10:18:04,$ 3714.0099,100
3742,10:18:04,$ 3714.01,100
3743,10:17:57,$ 3712.50,145
3744,10:17:57,$ 3712.49,200
3746,10:17:48,$ 3713.18,100
3747,10:17:46,$ 3714.07,100
3748,10:17:24,$ 3714.44,100
3749,10:17:05,$ 3714.27,200
3750,10:17:02,$ 3713.56,100
3751,10:16:57,$ 3715.775,100
3752,10:16:45,$ 3717.3699,138
3753,10:16:28,$ 3716.175,500
3754,10:16:26,$ 3714.56,100
3755,10:16:18,$ 3714.77,100
3756,10:16:15,$ 3713.6077,200
3757,10:16:15,$ 3713.48,100
3758,10:16:12,$ 3714.01,100
3759,10:16:10,$ 3714.36,100
3760,10:16:01,$ 3715.01,100
3761,10:15:59,$ 3714.94,100
3762,10:15:43,$ 3714.185,500
3763,10:15:36,$ 3714.00,100
3764,10:15:35,$ 3714.00,100
3765,10:15:30,$ 3714.236,250
3767,10:15:18,$ 3714.23,100
3768,10:15:17,$ 3713.34,100
3769,10:15:16,$ 3713.94,100
3770,10:15:15,$ 3714.09,100
3771,10:15:04,$ 3713.515,500
3772,10:15:03,$ 3712.97,100
3773,10:14:53,$ 3711.746,500
3774,10:14:41,$ 3713.64,140
3775,10:14:40,$ 3713.244,500
3776,10:14:39,$ 3713.125,100
3777,10:14:38,$ 3713.06,100
3778,10:14:38,$ 3713.08,100
3779,10:14:35,$ 3711.73,500
3780,10:14:30,$ 3712.73,100
3781,10:14:28,$ 3713.00,104
3782,10:14:27,$ 3713.00,100
3783,10:14:08,$ 3712.55,136
3784,10:14:00,$ 3711.05,100
3785,10:14:00,$ 3711.02,100
3786,10:13:48,$ 3711.95,100
3788,10:13:48,$ 3712.13,100
3789,10:13:48,$ 3711.89,100
3790,10:13:48,$ 3712.49,100
3791,10:13:47,$ 3712.52,100
3792,10:13:39,$ 3711.125,100
3793,10:13:31,$ 3711.20,100
3794,10:13:31,$ 3711.22,100
3795,10:13:28,$ 3711.93,137
3796,10:13:28,$ 3711.93,100
3797,10:13:28,$ 3711.48,120
3798,10:13:22,$ 3711.915,500
3799,10:13:21,$ 3712.8599,200
3800,10:13:20,$ 3711.3296,100
3801,10:13:17,$ 3711.39,150
3802,10:13:16,$ 3712.16,100
3803,10:13:10,$ 3713.10,100
3804,10:12:56,$ 3715.34,500
3805,10:12:51,$ 3715.06,100
3806,10:12:51,$ 3715.46,100
3807,10:12:51,$ 3715.46,150
3809,10:12:51,$ 3715.43,350
3810,10:12:50,$ 3715.00,100
3811,10:12:48,$ 3715.00,100
3812,10:12:44,$ 3714.40,100
3813,10:12:38,$ 3715.4999,100
3814,10:12:28,$ 3715.5499,140
3815,10:12:27,$ 3714.97,100
3816,10:12:25,$ 3715.00,300
3817,10:12:25,$ 3715.00,100
3818,10:12:25,$ 3715.16,100
3819,10:12:25,$ 3715.23,110
3820,10:12:14,$ 3715.00,100
3821,10:12:14,$ 3715.00,123
3822,10:12:14,$ 3715.00,100
3823,10:12:11,$ 3714.8301,100
3824,10:12:11,$ 3714.83,100
3825,10:12:11,$ 3714.83,100
3826,10:12:11,$ 3714.83,100
3827,10:12:11,$ 3714.8301,100
3828,10:12:11,$ 3714.89,100
3830,10:12:09,$ 3715.00,339
3831,10:12:09,$ 3715.00,161
3832,10:12:01,$ 3716.3101,500
3833,10:12:01,$ 3717.00,100
3834,10:11:50,$ 3718.01,100
3835,10:11:49,$ 3719.27,100
3836,10:11:38,$ 3720.8645,500
3837,10:11:30,$ 3718.0801,200
3838,10:11:19,$ 3719.68,100
3839,10:11:14,$ 3718.87,100
3840,10:11:13,$ 3719.20,100
3841,10:11:13,$ 3719.10,100
3842,10:11:13,$ 3719.16,100
3843,10:11:09,$ 3719.23,100
3844,10:10:56,$ 3717.0264,268
3845,10:10:54,$ 3718.43,100
3846,10:10:54,$ 3718.42,100
3847,10:10:53,$ 3719.5575,100
3848,10:10:53,$ 3718.71,100
3849,10:10:52,$ 3720.25,100
3851,10:10:47,$ 3720.515,100
3852,10:10:40,$ 3720.2944,106
3853,10:10:40,$ 3720.2944,865
3854,10:10:37,$ 3719.47,183
3855,10:10:37,$ 3718.985,100
3856,10:10:37,$ 3719.19,100
3857,10:10:32,$ 3718.725,100
3858,10:10:27,$ 3718.1201,100
3859,10:10:26,$ 3718.80,100
3860,10:10:26,$ 3718.80,100
3861,10:10:17,$ 3718.786,400
3862,10:10:15,$ 3719.69,347
3863,10:10:15,$ 3719.00,100
3864,10:10:15,$ 3718.81,100
3865,10:10:10,$ 3717.91,100
3866,10:10:09,$ 3717.9101,200
3867,10:10:09,$ 3717.91,100
3868,10:10:03,$ 3715.8266,100
3869,10:10:00,$ 3716.452,100
3870,10:10:00,$ 3716.484,100
3872,10:10:00,$ 3716.5399,500
