,NLS Time (ET),NLS Price,NLS Share Volume
1,09:59:54,$ 3271.48,100
2,09:59:45,$ 3272.89,100
3,09:59:29,$ 3272.93,100
4,09:59:28,$ 3271.59,156
5,09:59:14,$ 3271.1901,820
6,09:58:51,$ 3273.045,100
7,09:58:40,$ 3272.71,100
8,09:58:33,$ 3272.48,120
9,09:58:32,$ 3272.4855,100
10,09:58:32,$ 3272.40,100
11,09:58:20,$ 3271.85,100
12,09:58:17,$ 3273.03,200
13,09:58:14,$ 3273.0399,100
14,09:58:05,$ 3273.40,100
15,09:58:05,$ 3273.41,100
16,09:58:02,$ 3273.88,100
17,09:58:01,$ 3274.37,100
18,09:58:01,$ 3274.37,100
19,09:58:01,$ 3274.00,600
20,09:58:01,$ 3273.99,100
22,09:58:01,$ 3273.99,295
23,09:58:01,$ 3274.00,253
24,09:58:00,$ 3273.90,100
25,09:58:00,$ 3273.87,100
26,09:58:00,$ 3273.98,100
27,09:57:59,$ 3273.275,100
28,09:57:59,$ 3272.85,100
29,09:57:58,$ 3273.32,100
30,09:57:57,$ 3273.12,100
31,09:57:42,$ 3271.82,100
32,09:57:36,$ 3270.90,100
33,09:57:35,$ 3271.56,100
34,09:57:35,$ 3271.56,100
35,09:57:29,$ 3270.95,100
36,09:57:23,$ 3271.00,100
37,09:57:23,$ 3271.00,100
38,09:57:23,$ 3271.495,100
39,09:57:21,$ 3271.9899,100
40,09:57:09,$ 3271.14,100
41,09:57:05,$ 3272.00,400
43,09:56:53,$ 3272.0301,100
44,09:56:38,$ 3272.65,100
45,09:56:36,$ 3272.55,100
46,09:56:33,$ 3273.23,100
47,09:56:29,$ 3273.18,100
48,09:56:29,$ 3273.35,100
49,09:56:23,$ 3273.39,100
50,09:56:22,$ 3273.405,100
51,09:56:19,$ 3273.84,100
52,09:56:17,$ 3273.79,100
53,09:56:17,$ 3273.78,100
54,09:56:17,$ 3273.77,100
55,09:56:17,$ 3273.42,100
56,09:56:17,$ 3273.4199,100
57,09:56:13,$ 3273.25,100
58,09:55:46,$ 3271.36,100
59,09:55:40,$ 3271.31,100
60,09:55:25,$ 3271.40,100
61,09:55:25,$ 3271.80,100
62,09:55:25,$ 3271.48,100
64,09:55:08,$ 3270.71,100
65,09:54:40,$ 3271.0675,100
66,09:54:33,$ 3271.00,599
67,09:54:33,$ 3270.79,100
68,09:54:33,$ 3270.82,100
69,09:54:33,$ 3270.57,100
70,09:54:32,$ 3270.97,100
71,09:54:26,$ 3270.975,100
72,09:54:26,$ 3270.975,100
73,09:54:23,$ 3271.01,100
74,09:54:17,$ 3272.20,100
75,09:54:11,$ 3271.4237,150
76,09:54:11,$ 3272.595,100
77,09:54:10,$ 3272.595,100
78,09:54:03,$ 3272.8638,100
79,09:54:02,$ 3272.94,100
80,09:54:01,$ 3272.47,100
81,09:53:58,$ 3272.4788,100
82,09:53:56,$ 3272.47,100
83,09:53:52,$ 3272.66,100
85,09:53:47,$ 3272.175,100
86,09:53:32,$ 3273.82,100
87,09:53:27,$ 3273.40,100
88,09:53:22,$ 3273.60,100
89,09:53:19,$ 3274.23,100
90,09:53:14,$ 3274.22,100
91,09:53:09,$ 3273.98,100
92,09:53:03,$ 3273.13,100
93,09:52:56,$ 3273.00,100
94,09:52:44,$ 3273.23,100
95,09:52:40,$ 3272.94,100
96,09:52:40,$ 3272.94,553
97,09:52:40,$ 3272.94,100
98,09:52:40,$ 3272.94,100
99,09:52:40,$ 3272.94,100
100,09:52:40,$ 3272.94,100
101,09:52:40,$ 3272.94,100
102,09:52:40,$ 3272.94,100
103,09:52:40,$ 3272.94,100
104,09:52:39,$ 3272.99,100
106,09:52:39,$ 3272.98,100
107,09:52:39,$ 3272.94,835
108,09:52:39,$ 3272.94,148
109,09:52:39,$ 3272.98,100
110,09:52:33,$ 3270.5901,"1,000"
111,09:52:31,$ 3271.2756,999
112,09:52:23,$ 3272.46,305
113,09:52:23,$ 3272.46,258
114,09:52:23,$ 3272.35,295
115,09:52:22,$ 3271.765,"1,000"
116,09:52:21,$ 3272.2475,305
117,09:52:21,$ 3272.04,100
118,09:52:21,$ 3272.05,100
119,09:52:17,$ 3272.38,100
120,09:52:12,$ 3271.77,100
121,09:52:12,$ 3272.25,100
122,09:52:06,$ 3272.495,100
123,09:52:01,$ 3272.5422,305
124,09:52:01,$ 3272.4827,301
125,09:51:57,$ 3273.60,100
127,09:51:57,$ 3273.61,100
128,09:51:56,$ 3273.1175,100
129,09:51:55,$ 3272.8425,100
130,09:51:55,$ 3272.8675,100
131,09:51:55,$ 3272.77,199
132,09:51:52,$ 3272.76,100
133,09:51:52,$ 3272.76,100
134,09:51:52,$ 3272.95,100
135,09:51:52,$ 3272.85,100
136,09:51:52,$ 3272.77,100
137,09:51:49,$ 3272.305,210
138,09:51:44,$ 3271.6892,178
139,09:51:42,$ 3271.99,100
140,09:51:41,$ 3272.00,975
141,09:51:41,$ 3271.81,100
142,09:51:41,$ 3271.79,100
143,09:51:41,$ 3271.52,100
144,09:51:41,$ 3271.67,100
145,09:51:34,$ 3271.2744,299
146,09:51:34,$ 3271.2744,249
148,09:51:34,$ 3271.24,100
149,09:51:29,$ 3270.99,100
150,09:51:18,$ 3270.25,100
151,09:51:18,$ 3270.64,100
152,09:51:16,$ 3270.99,100
153,09:51:14,$ 3270.625,100
154,09:51:14,$ 3270.79,100
155,09:51:13,$ 3270.78,100
156,09:51:05,$ 3270.2172,100
157,09:51:02,$ 3270.13,100
158,09:51:00,$ 3270.92,100
159,09:51:00,$ 3270.97,100
160,09:50:59,$ 3270.94,200
161,09:50:57,$ 3270.56,100
162,09:50:57,$ 3270.56,100
163,09:50:56,$ 3270.77,100
164,09:50:56,$ 3270.68,100
165,09:50:56,$ 3270.68,100
166,09:50:56,$ 3270.40,100
167,09:50:50,$ 3270.00,100
169,09:50:45,$ 3270.27,100
170,09:50:45,$ 3269.66,100
171,09:50:45,$ 3269.88,100
172,09:50:43,$ 3269.18,100
173,09:50:38,$ 3268.94,100
174,09:50:30,$ 3269.00,250
175,09:50:24,$ 3268.91,100
176,09:50:17,$ 3266.87,122
177,09:50:16,$ 3266.87,100
178,09:50:05,$ 3266.46,100
179,09:50:03,$ 3266.63,100
180,09:50:03,$ 3266.63,100
181,09:49:59,$ 3267.0685,100
182,09:49:54,$ 3267.82,100
183,09:49:54,$ 3267.82,100
184,09:49:53,$ 3268.21,100
185,09:49:53,$ 3268.26,100
186,09:49:49,$ 3268.505,100
187,09:49:46,$ 3268.87,100
188,09:49:39,$ 3268.13,100
190,09:49:36,$ 3268.441,100
191,09:49:33,$ 3268.79,100
192,09:49:33,$ 3268.79,195
193,09:49:31,$ 3268.52,100
194,09:49:28,$ 3267.85,100
195,09:49:28,$ 3267.86,100
196,09:49:27,$ 3267.56,100
197,09:49:11,$ 3267.255,100
198,09:49:10,$ 3265.84,100
199,09:49:03,$ 3265.425,200
200,09:49:03,$ 3265.14,100
201,09:49:02,$ 3265.14,100
202,09:49:01,$ 3265.14,106
203,09:49:01,$ 3265.14,106
204,09:49:01,$ 3265.14,106
205,09:49:00,$ 3265.14,200
206,09:49:00,$ 3265.14,106
207,09:49:00,$ 3264.8501,100
208,09:49:00,$ 3265.145,100
209,09:49:00,$ 3265.145,200
211,09:48:56,$ 3265.25,100
212,09:48:56,$ 3265.00,100
213,09:48:53,$ 3264.145,100
214,09:48:53,$ 3264.145,100
215,09:48:53,$ 3264.145,103
216,09:48:53,$ 3264.145,125
217,09:48:53,$ 3264.145,125
218,09:48:53,$ 3264.145,125
219,09:48:48,$ 3264.15,200
220,09:48:48,$ 3264.15,100
221,09:48:45,$ 3264.19,100
222,09:48:45,$ 3264.19,100
223,09:48:43,$ 3264.32,100
224,09:48:33,$ 3264.79,100
225,09:48:20,$ 3264.84,100
226,09:48:20,$ 3265.00,900
227,09:48:20,$ 3265.00,100
228,09:48:20,$ 3265.00,100
229,09:48:16,$ 3264.5497,199
230,09:48:06,$ 3264.10,100
232,09:48:05,$ 3264.37,100
233,09:47:58,$ 3264.1135,100
234,09:47:58,$ 3264.37,100
235,09:47:58,$ 3263.79,100
236,09:47:55,$ 3263.0778,282
237,09:47:52,$ 3263.63,100
238,09:47:51,$ 3263.33,149
239,09:47:51,$ 3263.33,200
240,09:47:51,$ 3263.64,100
241,09:47:51,$ 3263.62,100
242,09:47:51,$ 3263.55,100
243,09:47:51,$ 3263.62,100
244,09:47:51,$ 3263.43,100
245,09:47:51,$ 3263.21,100
246,09:47:51,$ 3261.59,100
247,09:47:40,$ 3261.58,100
248,09:47:40,$ 3261.17,100
249,09:47:40,$ 3261.07,100
250,09:47:40,$ 3261.03,100
251,09:47:40,$ 3260.83,100
253,09:47:40,$ 3260.665,100
254,09:47:40,$ 3261.16,100
255,09:47:40,$ 3260.535,100
256,09:47:40,$ 3260.78,100
257,09:47:40,$ 3261.34,100
258,09:47:40,$ 3261.34,100
259,09:47:40,$ 3261.33,100
260,09:47:40,$ 3261.27,100
261,09:47:40,$ 3261.34,100
262,09:47:40,$ 3261.27,100
263,09:47:40,$ 3261.34,100
264,09:47:40,$ 3261.34,100
265,09:47:40,$ 3261.34,100
266,09:47:20,$ 3260.58,100
267,09:47:11,$ 3262.00,100
268,09:47:10,$ 3262.56,100
269,09:47:04,$ 3262.58,100
270,09:46:55,$ 3261.61,300
271,09:46:55,$ 3261.60,100
272,09:46:55,$ 3261.61,600
274,09:46:55,$ 3261.61,100
275,09:46:55,$ 3261.61,100
276,09:46:55,$ 3261.61,144
277,09:46:41,$ 3261.60,100
278,09:46:28,$ 3261.76,100
279,09:46:16,$ 3261.145,100
280,09:46:14,$ 3261.015,100
281,09:46:03,$ 3260.82,"1,000"
282,09:45:55,$ 3260.60,100
283,09:45:52,$ 3260.13,100
284,09:45:52,$ 3260.01,100
285,09:45:52,$ 3260.00,100
286,09:45:52,$ 3260.00,100
287,09:45:52,$ 3260.37,100
288,09:45:45,$ 3262.4501,100
289,09:45:43,$ 3262.00,900
290,09:45:43,$ 3262.00,185
291,09:45:25,$ 3263.355,100
292,09:45:20,$ 3263.75,160
293,09:45:16,$ 3263.295,100
295,09:45:03,$ 3263.62,100
296,09:45:01,$ 3263.06,100
297,09:45:01,$ 3263.075,100
298,09:44:54,$ 3263.00,100
299,09:44:54,$ 3263.09,100
300,09:44:54,$ 3263.09,100
301,09:44:49,$ 3263.3142,149
302,09:44:36,$ 3264.00,100
303,09:44:25,$ 3263.12,100
304,09:44:25,$ 3263.72,100
305,09:44:25,$ 3263.09,189
306,09:43:55,$ 3262.985,100
307,09:43:30,$ 3263.235,150
308,09:43:23,$ 3263.10,100
309,09:43:18,$ 3263.07,100
310,09:42:54,$ 3263.02,100
311,09:42:51,$ 3263.36,100
312,09:42:51,$ 3262.86,100
313,09:42:45,$ 3262.19,100
314,09:42:45,$ 3262.13,100
316,09:42:40,$ 3261.70,100
317,09:42:40,$ 3261.70,100
318,09:42:40,$ 3263.125,100
319,09:42:40,$ 3262.14,100
320,09:42:30,$ 3262.00,102
321,09:42:29,$ 3263.00,500
322,09:42:29,$ 3262.67,100
323,09:42:27,$ 3264.30,100
324,09:42:21,$ 3264.00,100
325,09:42:16,$ 3265.65,100
326,09:42:14,$ 3265.41,100
327,09:41:52,$ 3267.36,100
328,09:41:52,$ 3266.45,100
329,09:41:13,$ 3263.72,100
330,09:41:04,$ 3263.82,100
331,09:41:02,$ 3263.00,100
332,09:41:02,$ 3264.315,100
333,09:40:54,$ 3265.00,127
334,09:40:54,$ 3265.97,100
335,09:40:53,$ 3266.31,100
337,09:40:53,$ 3267.15,100
338,09:40:44,$ 3267.99,100
339,09:40:42,$ 3268.02,100
340,09:40:41,$ 3268.18,100
341,09:40:41,$ 3268.84,100
342,09:40:41,$ 3268.70,100
343,09:40:31,$ 3268.305,100
344,09:40:31,$ 3268.485,100
345,09:40:26,$ 3269.30,100
346,09:40:25,$ 3268.825,100
347,09:40:23,$ 3268.968,100
348,09:40:23,$ 3268.0974,"1,900"
349,09:40:21,$ 3269.64,100
350,09:40:16,$ 3268.60,100
351,09:40:10,$ 3268.36,100
352,09:40:03,$ 3268.00,100
353,09:39:53,$ 3267.85,100
354,09:39:26,$ 3266.4685,199
355,09:39:20,$ 3265.76,100
356,09:39:20,$ 3265.76,100
358,09:39:16,$ 3265.10,250
359,09:39:10,$ 3265.265,100
360,09:39:01,$ 3264.58,100
361,09:38:59,$ 3263.04,100
362,09:38:59,$ 3264.051,100
363,09:38:50,$ 3264.47,100
364,09:38:44,$ 3265.00,100
365,09:38:31,$ 3265.035,100
366,09:38:31,$ 3265.481,122
367,09:38:27,$ 3264.70,100
368,09:38:27,$ 3264.48,100
369,09:38:17,$ 3264.78,100
370,09:38:00,$ 3264.42,100
371,09:37:59,$ 3264.77,100
372,09:37:43,$ 3265.02,100
373,09:37:31,$ 3262.61,100
374,09:37:31,$ 3262.29,100
375,09:37:23,$ 3262.26,100
376,09:37:23,$ 3261.59,100
377,09:37:23,$ 3261.99,100
379,09:37:18,$ 3264.53,100
380,09:37:17,$ 3263.44,100
381,09:37:17,$ 3263.50,100
382,09:37:14,$ 3263.8397,209
383,09:37:13,$ 3263.62,100
384,09:37:12,$ 3263.00,678
385,09:37:12,$ 3263.00,210
386,09:37:11,$ 3262.49,100
387,09:37:11,$ 3262.87,100
388,09:37:11,$ 3263.03,100
389,09:37:11,$ 3263.74,100
390,09:37:11,$ 3263.72,100
391,09:37:11,$ 3263.65,100
392,09:37:11,$ 3263.64,100
393,09:37:11,$ 3264.14,100
394,09:37:05,$ 3264.01,100
395,09:37:03,$ 3263.95,100
396,09:36:44,$ 3261.495,100
397,09:36:44,$ 3261.495,100
398,09:36:42,$ 3261.25,100
400,09:36:38,$ 3261.49,100
401,09:36:38,$ 3261.49,100
402,09:36:36,$ 3261.5725,100
403,09:36:29,$ 3260.89,100
404,09:36:28,$ 3261.72,100
405,09:36:28,$ 3261.72,100
406,09:36:27,$ 3260.01,100
407,09:36:27,$ 3260.91,100
408,09:36:26,$ 3260.18,100
409,09:36:26,$ 3260.46,100
410,09:36:26,$ 3260.18,100
411,09:36:26,$ 3260.18,467
412,09:36:26,$ 3260.295,100
413,09:36:25,$ 3261.29,100
414,09:36:24,$ 3261.5942,828
415,09:36:22,$ 3261.435,100
416,09:36:22,$ 3261.2164,100
417,09:36:21,$ 3262.29,100
418,09:36:21,$ 3261.19,100
419,09:36:20,$ 3261.81,100
421,09:36:19,$ 3262.66,100
422,09:36:18,$ 3263.575,100
423,09:36:17,$ 3264.10,100
424,09:36:08,$ 3266.5599,100
425,09:36:07,$ 3266.7975,100
426,09:36:07,$ 3267.92,100
427,09:36:07,$ 3267.50,100
428,09:36:07,$ 3267.50,100
429,09:36:06,$ 3267.50,100
430,09:36:01,$ 3267.88,100
431,09:35:58,$ 3267.45,"2,000"
432,09:35:56,$ 3268.38,100
433,09:35:56,$ 3268.05,100
434,09:35:56,$ 3268.155,100
435,09:35:54,$ 3266.57,100
436,09:35:51,$ 3267.54,100
437,09:35:51,$ 3267.655,100
438,09:35:45,$ 3265.99,100
439,09:35:43,$ 3264.995,100
440,09:35:42,$ 3265.2739,177
442,09:35:38,$ 3265.71,100
443,09:35:33,$ 3265.00,119
444,09:35:32,$ 3265.735,100
445,09:35:31,$ 3265.595,100
446,09:35:31,$ 3265.75,100
447,09:35:28,$ 3267.00,100
448,09:35:18,$ 3266.01,196
449,09:35:17,$ 3265.55,100
450,09:35:12,$ 3265.00,100
451,09:35:10,$ 3266.905,100
452,09:35:09,$ 3266.105,100
453,09:35:09,$ 3267.00,100
454,09:35:01,$ 3266.01,244
455,09:34:54,$ 3266.60,100
456,09:34:54,$ 3266.37,100
457,09:34:53,$ 3267.355,100
458,09:34:52,$ 3266.1201,100
459,09:34:41,$ 3266.6075,100
460,09:34:39,$ 3265.835,100
461,09:34:32,$ 3266.11,100
463,09:34:32,$ 3264.00,100
464,09:34:32,$ 3264.00,100
465,09:34:32,$ 3264.00,100
466,09:34:32,$ 3266.29,100
467,09:34:32,$ 3264.00,100
468,09:34:32,$ 3264.00,100
469,09:34:26,$ 3265.52,100
470,09:34:23,$ 3265.53,600
471,09:34:17,$ 3268.18,100
472,09:34:17,$ 3268.15,100
473,09:34:17,$ 3268.33,100
474,09:34:17,$ 3269.00,100
475,09:34:15,$ 3270.00,100
476,09:34:08,$ 3271.6899,123
477,09:34:06,$ 3270.23,100
478,09:34:06,$ 3270.01,100
479,09:34:04,$ 3272.00,100
480,09:34:00,$ 3273.17,100
481,09:33:47,$ 3275.005,100
482,09:33:36,$ 3274.00,131
484,09:33:36,$ 3273.15,100
485,09:33:25,$ 3272.00,300
486,09:33:23,$ 3275.50,100
487,09:33:11,$ 3277.065,100
488,09:33:07,$ 3276.115,100
489,09:33:05,$ 3276.705,100
490,09:32:58,$ 3277.05,100
491,09:32:54,$ 3278.32,100
492,09:32:53,$ 3277.9959,199
493,09:32:53,$ 3278.99,100
494,09:32:53,$ 3278.99,100
495,09:32:50,$ 3278.00,100
496,09:32:50,$ 3278.00,100
497,09:32:50,$ 3278.00,100
498,09:32:49,$ 3276.635,100
499,09:32:47,$ 3276.66,100
500,09:32:43,$ 3275.775,100
501,09:32:40,$ 3277.02,100
502,09:32:37,$ 3276.1775,100
503,09:32:35,$ 3277.17,100
505,09:32:32,$ 3276.33,145
506,09:32:32,$ 3276.00,100
507,09:32:32,$ 3276.00,100
508,09:32:30,$ 3275.79,100
509,09:32:29,$ 3275.00,100
510,09:32:28,$ 3274.89,100
511,09:32:28,$ 3276.00,100
512,09:32:28,$ 3275.00,100
513,09:32:27,$ 3275.00,180
514,09:32:24,$ 3275.00,100
515,09:32:24,$ 3272.81,100
516,09:32:21,$ 3275.00,229
517,09:32:21,$ 3275.00,100
518,09:32:21,$ 3274.87,100
519,09:32:21,$ 3275.50,100
520,09:32:21,$ 3274.87,358
521,09:32:15,$ 3273.00,100
522,09:32:02,$ 3272.03,100
523,09:32:02,$ 3272.03,100
524,09:32:01,$ 3272.08,100
526,09:31:55,$ 3272.48,100
527,09:31:54,$ 3273.71,100
528,09:31:52,$ 3273.99,100
529,09:31:48,$ 3272.46,100
530,09:31:47,$ 3271.60,100
531,09:31:42,$ 3272.00,118
532,09:31:39,$ 3272.015,100
533,09:31:39,$ 3272.015,100
534,09:31:38,$ 3272.0231,121
535,09:31:38,$ 3272.02,100
536,09:31:35,$ 3272.01,100
537,09:31:31,$ 3272.005,106
538,09:31:19,$ 3272.09,100
539,09:31:19,$ 3272.1425,100
540,09:31:09,$ 3270.165,100
541,09:31:09,$ 3274.7679,354
542,09:31:09,$ 3273.99,100
543,09:31:09,$ 3274.00,100
544,09:31:09,$ 3274.00,100
545,09:31:09,$ 3273.91,100
547,09:31:09,$ 3273.91,200
548,09:31:09,$ 3273.86,100
549,09:31:09,$ 3271.555,100
550,09:31:09,$ 3273.87,100
551,09:31:09,$ 3272.56,100
552,09:31:09,$ 3273.76,100
553,09:31:09,$ 3273.87,300
554,09:31:09,$ 3273.76,100
555,09:31:09,$ 3272.87,200
556,09:31:09,$ 3272.83,100
557,09:31:09,$ 3272.94,100
558,09:31:09,$ 3272.83,100
559,09:31:09,$ 3272.852,100
560,09:31:09,$ 3272.55,100
561,09:31:09,$ 3272.55,100
562,09:31:09,$ 3272.83,100
563,09:31:09,$ 3270.97,100
564,09:31:00,$ 3270.67,200
565,09:31:00,$ 3270.17,100
566,09:31:00,$ 3270.18,118
568,09:31:00,$ 3270.18,133
569,09:31:00,$ 3270.19,102
570,09:31:00,$ 3270.19,146
571,09:30:56,$ 3268.00,100
572,09:30:56,$ 3268.00,100
573,09:30:56,$ 3269.81,100
574,09:30:56,$ 3268.10,100
575,09:30:55,$ 3268.99,100
576,09:30:55,$ 3269.48,100
577,09:30:54,$ 3269.315,100
578,09:30:49,$ 3269.68,100
579,09:30:49,$ 3269.65,100
580,09:30:49,$ 3269.69,100
581,09:30:49,$ 3270.00,100
582,09:30:49,$ 3270.00,100
583,09:30:49,$ 3268.69,"1,000"
584,09:30:38,$ 3269.69,100
585,09:30:38,$ 3269.03,100
586,09:30:29,$ 3267.745,100
587,09:30:28,$ 3265.50,100
589,09:30:28,$ 3265.50,100
590,09:30:28,$ 3265.50,100
591,09:30:28,$ 3265.55,100
592,09:30:28,$ 3268.995,100
593,09:30:28,$ 3268.9375,100
594,09:30:28,$ 3268.00,100
595,09:30:26,$ 3268.4975,175
596,09:30:24,$ 3269.245,100
597,09:30:24,$ 3269.08,100
598,09:30:24,$ 3269.2075,100
599,09:30:24,$ 3269.245,100
600,09:30:23,$ 3268.995,300
601,09:30:22,$ 3269.23,100
602,09:30:22,$ 3269.60,100
603,09:30:22,$ 3269.66,149
604,09:30:19,$ 3268.90,100
605,09:30:13,$ 3271.11,100
606,09:30:13,$ 3271.055,100
607,09:30:12,$ 3270.00,189
608,09:30:12,$ 3271.01,100
610,09:30:12,$ 3271.00,100
611,09:30:12,$ 3271.00,100
612,09:30:08,$ 3274.56,200
613,09:30:07,$ 3271.00,200
614,09:30:03,$ 3273.38,155
615,09:30:02,$ 3273.45,100
616,09:30:02,$ 3273.96,2
617,09:30:02,$ 3273.96,2
618,09:30:02,$ 3273.96,10
619,09:30:02,$ 3273.96,2
620,09:30:02,$ 3273.96,1
621,09:30:02,$ 3273.96,20
622,09:30:02,$ 3273.96,7
623,09:30:02,$ 3273.96,1
624,09:30:02,$ 3273.96,5
625,09:30:02,$ 3273.96,3
626,09:30:02,$ 3273.96,37
627,09:30:02,$ 3273.96,124
628,09:30:02,$ 3273.96,10
629,09:30:02,$ 3273.96,7
631,09:30:02,$ 3273.96,17
632,09:30:02,$ 3273.96,30
633,09:30:02,$ 3273.96,30
634,09:30:02,$ 3273.96,15
635,09:30:02,$ 3273.96,30
636,09:30:02,$ 3273.96,5
637,09:30:02,$ 3273.96,3
638,09:30:02,$ 3273.96,2
639,09:30:02,$ 3273.96,3
640,09:30:02,$ 3273.96,30
641,09:30:02,$ 3273.96,4
642,09:30:02,$ 3273.96,5
643,09:30:02,$ 3273.96,9
644,09:30:02,$ 3273.96,9
645,09:30:02,$ 3273.96,2
646,09:30:02,$ 3273.96,1
647,09:30:02,$ 3273.96,1
648,09:30:02,$ 3273.96,10
649,09:30:02,$ 3273.96,1
650,09:30:02,$ 3273.96,1
652,09:30:02,$ 3273.96,125
653,09:30:02,$ 3273.96,1
654,09:30:02,$ 3273.96,10
655,09:30:02,$ 3273.96,4
656,09:30:02,$ 3273.96,1
657,09:30:02,$ 3273.96,6
658,09:30:02,$ 3273.96,31
659,09:30:02,$ 3273.96,35
660,09:30:02,$ 3273.96,7
661,09:30:02,$ 3273.96,4
662,09:30:02,$ 3273.96,21
663,09:30:02,$ 3273.96,10
664,09:30:02,$ 3273.96,1
665,09:30:02,$ 3273.96,2
666,09:30:02,$ 3273.96,7
667,09:30:02,$ 3273.96,8
668,09:30:02,$ 3273.96,5
669,09:30:02,$ 3273.96,14
670,09:30:02,$ 3273.96,15
671,09:30:02,$ 3273.96,1
673,09:30:02,$ 3273.96,1
674,09:30:02,$ 3273.96,1
675,09:30:02,$ 3273.96,1
676,09:30:02,$ 3273.96,5
677,09:30:02,$ 3273.96,21
678,09:30:02,$ 3273.96,1
679,09:30:02,$ 3273.96,6
680,09:30:02,$ 3273.96,1
681,09:30:02,$ 3273.96,2
682,09:30:02,$ 3273.96,3
683,09:30:02,$ 3273.96,3
684,09:30:02,$ 3273.96,1
685,09:30:02,$ 3273.96,33
686,09:30:02,$ 3273.96,1
687,09:30:02,$ 3273.96,19
688,09:30:02,$ 3273.96,1
689,09:30:02,$ 3273.96,1
690,09:30:02,$ 3273.96,3
691,09:30:02,$ 3273.96,1
692,09:30:02,$ 3273.96,1
694,09:30:02,$ 3273.96,15
695,09:30:02,$ 3273.96,1
696,09:30:02,$ 3273.96,5
697,09:30:02,$ 3273.96,5
698,09:30:02,$ 3273.96,1
699,09:30:02,$ 3273.96,5
700,09:30:02,$ 3273.96,1
701,09:30:02,$ 3273.96,1
702,09:30:02,$ 3273.96,13
703,09:30:02,$ 3273.96,6
704,09:30:02,$ 3273.96,1
705,09:30:02,$ 3273.96,1
706,09:30:02,$ 3273.96,9
707,09:30:02,$ 3273.96,1
708,09:30:02,$ 3273.96,2
709,09:30:02,$ 3273.96,2
710,09:30:02,$ 3273.96,1
711,09:30:02,$ 3273.96,15
712,09:30:02,$ 3273.96,18
713,09:30:02,$ 3273.96,17
715,09:30:02,$ 3273.96,2
716,09:30:02,$ 3273.96,40
717,09:30:02,$ 3273.96,25
718,09:30:02,$ 3273.96,10
719,09:30:02,$ 3273.96,7
720,09:30:02,$ 3273.96,6
721,09:30:02,$ 3273.96,5
722,09:30:02,$ 3273.96,22
723,09:30:02,$ 3273.96,4
724,09:30:02,$ 3273.96,1
725,09:30:02,$ 3273.96,1
726,09:30:02,$ 3273.96,15
727,09:30:02,$ 3273.96,10
728,09:30:02,$ 3273.96,32
729,09:30:02,$ 3273.96,2
730,09:30:02,$ 3273.96,2
731,09:30:02,$ 3273.96,2
732,09:30:02,$ 3273.96,148
733,09:30:02,$ 3273.96,1
734,09:30:02,$ 3273.96,2
736,09:30:02,$ 3273.96,2
737,09:30:02,$ 3273.96,1
738,09:30:02,$ 3273.96,1
739,09:30:02,$ 3273.96,5
740,09:30:02,$ 3273.96,25
741,09:30:02,$ 3273.96,3
742,09:30:02,$ 3273.96,3
743,09:30:02,$ 3273.96,10
744,09:30:02,$ 3273.96,2
745,09:30:02,$ 3273.96,1
746,09:30:02,$ 3273.96,3
747,09:30:02,$ 3273.96,7
748,09:30:02,$ 3273.96,2
749,09:30:02,$ 3273.96,2
750,09:30:02,$ 3273.96,1
751,09:30:02,$ 3273.96,2
752,09:30:02,$ 3273.96,20
753,09:30:02,$ 3273.96,2
754,09:30:02,$ 3273.96,6
755,09:30:02,$ 3273.96,2
757,09:30:02,$ 3273.96,5
758,09:30:02,$ 3273.96,6
759,09:30:02,$ 3273.96,1
760,09:30:02,$ 3273.96,1
761,09:30:02,$ 3273.96,1
762,09:30:02,$ 3273.96,8
763,09:30:02,$ 3273.96,5
764,09:30:02,$ 3273.96,10
765,09:30:02,$ 3273.96,5
766,09:30:02,$ 3273.96,2
767,09:30:02,$ 3273.96,1
768,09:30:02,$ 3273.96,8
769,09:30:02,$ 3273.96,3
770,09:30:02,$ 3273.96,1
771,09:30:02,$ 3273.96,3
772,09:30:02,$ 3273.96,15
773,09:30:02,$ 3273.96,6
774,09:30:02,$ 3273.96,7
775,09:30:02,$ 3273.96,5
776,09:30:02,$ 3273.96,9
778,09:30:02,$ 3273.96,1
779,09:30:02,$ 3273.96,20
780,09:30:02,$ 3273.96,3
781,09:30:02,$ 3273.96,1
782,09:30:02,$ 3273.96,2
783,09:30:02,$ 3273.96,3
784,09:30:02,$ 3273.96,10
785,09:30:02,$ 3273.96,1
786,09:30:02,$ 3273.96,1
787,09:30:02,$ 3273.96,2
788,09:30:02,$ 3273.96,2
789,09:30:02,$ 3273.96,1
790,09:30:02,$ 3273.96,500
791,09:30:02,$ 3273.96,40
792,09:30:02,$ 3273.96,3
793,09:30:02,$ 3273.96,1
794,09:30:02,$ 3273.96,5
795,09:30:02,$ 3273.96,1
796,09:30:02,$ 3273.96,6
797,09:30:02,$ 3273.96,1
799,09:30:02,$ 3273.96,4
800,09:30:02,$ 3273.96,1
801,09:30:02,$ 3273.96,1
802,09:30:02,$ 3273.96,4
803,09:30:02,$ 3273.96,3
804,09:30:02,$ 3273.96,135
805,09:30:02,$ 3273.96,210
806,09:30:02,$ 3273.96,15
807,09:30:02,$ 3273.96,15
808,09:30:02,$ 3273.96,1
809,09:30:02,$ 3273.96,6
810,09:30:02,$ 3273.96,1
811,09:30:02,$ 3273.96,1
812,09:30:02,$ 3273.96,1
813,09:30:02,$ 3273.96,3
814,09:30:02,$ 3273.96,1
815,09:30:02,$ 3273.96,1
816,09:30:02,$ 3273.96,1
817,09:30:02,$ 3273.96,10
818,09:30:02,$ 3273.96,10
820,09:30:02,$ 3273.96,1
821,09:30:02,$ 3273.96,1
822,09:30:02,$ 3273.96,3
823,09:30:02,$ 3273.96,1
824,09:30:02,$ 3273.96,472
825,09:30:02,$ 3273.96,2
826,09:30:02,$ 3273.96,300
827,09:30:02,$ 3273.96,1
828,09:30:02,$ 3273.96,7
829,09:30:02,$ 3273.96,5
830,09:30:02,$ 3273.96,1
831,09:30:02,$ 3273.96,4
832,09:30:02,$ 3273.96,5
833,09:30:02,$ 3273.96,1
834,09:30:02,$ 3273.96,1
835,09:30:02,$ 3273.96,1
836,09:30:02,$ 3273.96,1
837,09:30:02,$ 3273.96,9
838,09:30:02,$ 3273.96,5
839,09:30:02,$ 3273.96,1
841,09:30:02,$ 3273.96,5
842,09:30:02,$ 3273.96,11
843,09:30:02,$ 3273.96,6
844,09:30:02,$ 3273.96,1
845,09:30:02,$ 3273.96,1
846,09:30:02,$ 3273.96,1
847,09:30:02,$ 3273.96,9
848,09:30:02,$ 3273.96,2
849,09:30:02,$ 3273.96,6
850,09:30:02,$ 3273.96,12
851,09:30:02,$ 3273.96,1
852,09:30:02,$ 3273.96,2
853,09:30:02,$ 3273.96,2
854,09:30:02,$ 3273.96,2
855,09:30:02,$ 3273.96,1
856,09:30:02,$ 3273.96,1
857,09:30:02,$ 3273.96,5
858,09:30:02,$ 3273.96,6
859,09:30:02,$ 3273.96,27
860,09:30:02,$ 3273.96,2
862,09:30:02,$ 3273.96,5
863,09:30:02,$ 3273.96,1
864,09:30:02,$ 3273.96,2
865,09:30:02,$ 3273.96,10
866,09:30:02,$ 3273.96,1
867,09:30:02,$ 3273.96,18
868,09:30:02,$ 3273.96,1
869,09:30:02,$ 3273.96,3
870,09:30:02,$ 3273.96,7
871,09:30:02,$ 3273.96,40
872,09:30:02,$ 3273.96,12
873,09:30:02,$ 3273.96,1
874,09:30:02,$ 3273.96,1
875,09:30:02,$ 3273.96,8
876,09:30:02,$ 3273.96,15
877,09:30:02,$ 3273.96,1
878,09:30:02,$ 3273.96,2
879,09:30:02,$ 3273.96,1
880,09:30:02,$ 3273.96,3
881,09:30:02,$ 3273.96,1
883,09:30:02,$ 3273.96,7
884,09:30:02,$ 3273.96,10
885,09:30:02,$ 3273.96,3
886,09:30:02,$ 3273.96,1
887,09:30:02,$ 3273.96,3
888,09:30:02,$ 3273.96,1
889,09:30:02,$ 3273.96,75
890,09:30:02,$ 3273.96,3
891,09:30:02,$ 3273.96,6
892,09:30:02,$ 3273.96,1
893,09:30:02,$ 3273.96,1
894,09:30:02,$ 3273.96,1
895,09:30:02,$ 3273.96,1
896,09:30:02,$ 3273.96,4
897,09:30:02,$ 3273.96,2
898,09:30:02,$ 3273.96,1
899,09:30:02,$ 3273.96,5
900,09:30:02,$ 3273.96,5
901,09:30:02,$ 3273.96,3
902,09:30:02,$ 3273.96,4
904,09:30:02,$ 3273.96,1
905,09:30:02,$ 3273.96,1
906,09:30:02,$ 3273.96,1
907,09:30:02,$ 3273.96,1
908,09:30:02,$ 3273.96,1
909,09:30:02,$ 3273.96,5
910,09:30:02,$ 3273.96,8
911,09:30:02,$ 3273.96,14
912,09:30:02,$ 3273.96,13
913,09:30:02,$ 3273.96,3
914,09:30:02,$ 3273.96,2
915,09:30:02,$ 3273.96,25
916,09:30:02,$ 3273.96,1
917,09:30:02,$ 3273.96,1
918,09:30:02,$ 3273.96,1
919,09:30:02,$ 3273.96,3
920,09:30:02,$ 3273.96,2
921,09:30:02,$ 3273.96,3
922,09:30:02,$ 3273.96,10
923,09:30:02,$ 3273.96,14
925,09:30:02,$ 3273.96,3
926,09:30:02,$ 3273.96,6
927,09:30:02,$ 3273.96,4
928,09:30:02,$ 3273.96,5
929,09:30:02,$ 3273.96,2
930,09:30:02,$ 3273.96,1
931,09:30:02,$ 3273.96,1
932,09:30:02,$ 3273.96,1
933,09:30:02,$ 3273.96,"3,500"
934,09:30:02,$ 3273.96,8
935,09:30:02,$ 3273.96,5
936,09:30:02,$ 3273.96,10
937,09:30:02,$ 3273.96,1
938,09:30:02,$ 3273.96,1
939,09:30:02,$ 3273.96,12
940,09:30:02,$ 3273.96,5
941,09:30:02,$ 3273.96,1
942,09:30:02,$ 3273.96,1
943,09:30:02,$ 3273.96,10
944,09:30:02,$ 3273.96,56
946,09:30:02,$ 3273.96,1
947,09:30:02,$ 3273.96,1
948,09:30:02,$ 3273.96,2
949,09:30:02,$ 3273.96,5
950,09:30:02,$ 3273.96,41
951,09:30:02,$ 3273.96,7
952,09:30:02,$ 3273.96,10
953,09:30:02,$ 3273.96,1
954,09:30:02,$ 3273.96,1
955,09:30:02,$ 3273.96,1
956,09:30:02,$ 3273.96,2
957,09:30:02,$ 3273.96,1
958,09:30:02,$ 3273.96,1
959,09:30:02,$ 3273.96,1
960,09:30:02,$ 3273.96,5
961,09:30:02,$ 3273.96,1
962,09:30:02,$ 3273.96,2
963,09:30:02,$ 3273.96,2
964,09:30:02,$ 3273.96,1
965,09:30:02,$ 3273.96,100
967,09:30:02,$ 3273.96,1
968,09:30:02,$ 3273.96,1
969,09:30:02,$ 3273.96,1
970,09:30:02,$ 3273.96,5
971,09:30:02,$ 3273.96,38
972,09:30:02,$ 3273.96,1
973,09:30:02,$ 3273.96,10
974,09:30:02,$ 3273.96,21
975,09:30:02,$ 3273.96,5
976,09:30:02,$ 3273.96,10
977,09:30:02,$ 3273.96,67
978,09:30:02,$ 3273.96,190
979,09:30:02,$ 3273.96,2
980,09:30:02,$ 3273.96,5
981,09:30:02,$ 3273.96,110
982,09:30:02,$ 3273.96,10
983,09:30:02,$ 3273.96,61
984,09:30:02,$ 3273.96,8
985,09:30:02,$ 3273.96,1
986,09:30:02,$ 3273.96,1
988,09:30:02,$ 3273.96,10
989,09:30:02,$ 3273.96,5
990,09:30:02,$ 3273.96,3
991,09:30:02,$ 3273.96,1
992,09:30:02,$ 3273.96,1
993,09:30:02,$ 3273.96,1
994,09:30:02,$ 3273.96,3
995,09:30:02,$ 3273.96,1
996,09:30:02,$ 3273.96,2
997,09:30:02,$ 3273.96,1
998,09:30:02,$ 3273.96,1
999,09:30:02,$ 3273.96,1
1000,09:30:02,$ 3273.96,2
1001,09:30:02,$ 3273.96,1
1002,09:30:02,$ 3273.96,1
1003,09:30:02,$ 3273.96,1
1004,09:30:02,$ 3273.96,2
1005,09:30:02,$ 3273.96,1
1006,09:30:02,$ 3273.96,7
1007,09:30:02,$ 3273.96,30
1009,09:30:02,$ 3273.96,"2,000"
1010,09:30:02,$ 3273.96,8
1011,09:30:02,$ 3273.96,1
1012,09:30:02,$ 3273.96,1
1013,09:30:02,$ 3273.96,8
1014,09:30:02,$ 3273.96,1
1015,09:30:02,$ 3273.96,5
1016,09:30:02,$ 3273.96,50
1017,09:30:02,$ 3273.96,5
1018,09:30:02,$ 3273.96,15
1019,09:30:02,$ 3273.96,6
1020,09:30:02,$ 3273.96,4
1021,09:30:02,$ 3273.96,4
1022,09:30:02,$ 3273.96,4
1023,09:30:02,$ 3273.96,1
1024,09:30:02,$ 3273.96,10
1025,09:30:02,$ 3273.96,2
1026,09:30:02,$ 3273.96,3
1027,09:30:02,$ 3273.96,2
1028,09:30:02,$ 3273.96,1
1030,09:30:02,$ 3273.96,2
1031,09:30:02,$ 3273.96,10
1032,09:30:02,$ 3273.96,3
1033,09:30:02,$ 3273.96,1
1034,09:30:02,$ 3273.96,3
1035,09:30:02,$ 3273.96,2
1036,09:30:02,$ 3273.96,1
1037,09:30:02,$ 3273.96,9
1038,09:30:02,$ 3273.96,2
1039,09:30:02,$ 3273.96,7
1040,09:30:02,$ 3273.96,1
1041,09:30:02,$ 3273.96,10
1042,09:30:02,$ 3273.96,2
1043,09:30:02,$ 3273.96,1
1044,09:30:02,$ 3273.96,1
1045,09:30:02,$ 3273.96,1
1046,09:30:02,$ 3273.96,1
1047,09:30:02,$ 3273.96,3
1048,09:30:02,$ 3273.96,1
1049,09:30:02,$ 3273.96,68
1051,09:30:02,$ 3273.96,1
1052,09:30:02,$ 3273.96,11
1053,09:30:02,$ 3273.96,179
1054,09:30:02,$ 3273.96,57
1055,09:30:02,$ 3273.96,3
1056,09:30:02,$ 3273.96,6
1057,09:30:02,$ 3273.96,6
1058,09:30:02,$ 3273.96,2
1059,09:30:02,$ 3273.96,25
1060,09:30:02,$ 3273.96,2
1061,09:30:02,$ 3273.96,1
1062,09:30:02,$ 3273.96,15
1063,09:30:02,$ 3273.96,1
1064,09:30:02,$ 3273.96,1
1065,09:30:02,$ 3273.96,2
1066,09:30:02,$ 3273.96,1
1067,09:30:02,$ 3273.96,2
1068,09:30:02,$ 3273.96,1
1069,09:30:02,$ 3273.96,1
1070,09:30:02,$ 3273.96,153
1072,09:30:02,$ 3273.96,3
1073,09:30:02,$ 3273.96,12
1074,09:30:02,$ 3273.96,15
1075,09:30:02,$ 3273.96,10
1076,09:30:02,$ 3273.96,9
1077,09:30:02,$ 3273.96,1
1078,09:30:02,$ 3273.96,4
1079,09:30:02,$ 3273.96,1
1080,09:30:02,$ 3273.96,2
1081,09:30:02,$ 3273.96,1
1082,09:30:02,$ 3273.96,2
1083,09:30:02,$ 3273.96,1
1084,09:30:02,$ 3273.96,1
1085,09:30:02,$ 3273.96,1
1086,09:30:02,$ 3273.96,1
1087,09:30:02,$ 3273.96,3
1088,09:30:02,$ 3273.96,1
1089,09:30:02,$ 3273.96,1
1090,09:30:02,$ 3273.96,1
1091,09:30:02,$ 3273.96,2
1093,09:30:02,$ 3273.96,3
1094,09:30:02,$ 3273.96,10
1095,09:30:02,$ 3273.96,2
1096,09:30:02,$ 3273.96,2
1097,09:30:02,$ 3273.96,3
1098,09:30:02,$ 3273.96,1
1099,09:30:02,$ 3273.96,1
1100,09:30:02,$ 3273.96,5
1101,09:30:02,$ 3273.96,3
1102,09:30:02,$ 3273.96,2
1103,09:30:02,$ 3273.96,2
1104,09:30:02,$ 3273.96,3
1105,09:30:02,$ 3273.96,1
1106,09:30:02,$ 3273.96,5
1107,09:30:02,$ 3273.96,25
1108,09:30:02,$ 3273.96,2
1109,09:30:02,$ 3273.96,1
1110,09:30:02,$ 3273.96,1
1111,09:30:02,$ 3273.96,6
1112,09:30:02,$ 3273.96,4
1114,09:30:02,$ 3273.96,4
1115,09:30:02,$ 3273.96,1
1116,09:30:02,$ 3273.96,1
1117,09:30:02,$ 3273.96,1
1118,09:30:02,$ 3273.96,1
1119,09:30:02,$ 3273.96,5
1120,09:30:02,$ 3273.96,1
1121,09:30:02,$ 3273.96,6
1122,09:30:02,$ 3273.96,2
1123,09:30:02,$ 3273.96,2
1124,09:30:02,$ 3273.96,20
1125,09:30:02,$ 3273.96,1
1126,09:30:02,$ 3273.96,1
1127,09:30:02,$ 3273.96,1
1128,09:30:02,$ 3273.96,1
1129,09:30:02,$ 3273.96,1
1130,09:30:02,$ 3273.96,2
1131,09:30:02,$ 3273.96,2
1132,09:30:02,$ 3273.96,3
1133,09:30:02,$ 3273.96,1
1135,09:30:02,$ 3273.96,2
1136,09:30:02,$ 3273.96,3
1137,09:30:02,$ 3273.96,2
1138,09:30:02,$ 3273.96,3
1139,09:30:02,$ 3273.96,1
1140,09:30:02,$ 3273.96,3
1141,09:30:02,$ 3273.96,1
1142,09:30:02,$ 3273.96,3
1143,09:30:02,$ 3273.96,1
1144,09:30:02,$ 3273.96,2
1145,09:30:02,$ 3273.96,3
1146,09:30:02,$ 3273.96,4
1147,09:30:02,$ 3273.96,10
1148,09:30:02,$ 3273.96,65
1149,09:30:02,$ 3273.96,2
1150,09:30:02,$ 3273.96,1
1151,09:30:02,$ 3273.96,1
1152,09:30:02,$ 3273.96,6
1153,09:30:02,$ 3273.96,10
1154,09:30:02,$ 3273.96,3
1156,09:30:02,$ 3273.96,4
1157,09:30:02,$ 3273.96,1
1158,09:30:02,$ 3273.96,1
1159,09:30:02,$ 3273.96,9
1160,09:30:02,$ 3273.96,1
1161,09:30:02,$ 3273.96,4
1162,09:30:02,$ 3273.96,4
1163,09:30:02,$ 3273.96,2
1164,09:30:02,$ 3273.96,15
1165,09:30:02,$ 3273.96,8
1166,09:30:02,$ 3273.96,3
1167,09:30:02,$ 3273.96,2
1168,09:30:02,$ 3273.96,1
1169,09:30:02,$ 3273.96,2
1170,09:30:02,$ 3273.96,1
1171,09:30:02,$ 3273.96,1
1172,09:30:02,$ 3273.96,1
1173,09:30:02,$ 3273.96,1
1174,09:30:02,$ 3273.96,2
1175,09:30:02,$ 3273.96,2
1177,09:30:02,$ 3273.96,1
1178,09:30:02,$ 3273.96,10
1179,09:30:02,$ 3273.96,5
1180,09:30:02,$ 3273.96,1
1181,09:30:02,$ 3273.96,1
1182,09:30:02,$ 3273.96,5
1183,09:30:02,$ 3273.96,1
1184,09:30:02,$ 3273.96,1
1185,09:30:02,$ 3273.96,5
1186,09:30:02,$ 3273.96,1
1187,09:30:02,$ 3273.96,2
1188,09:30:02,$ 3273.96,50
1189,09:30:02,$ 3273.96,2
1190,09:30:02,$ 3273.96,5
1191,09:30:02,$ 3273.96,1
1192,09:30:02,$ 3273.96,1
1193,09:30:02,$ 3273.96,4
1194,09:30:02,$ 3273.96,2
1195,09:30:02,$ 3273.96,1
1196,09:30:02,$ 3273.96,2
1198,09:30:02,$ 3273.96,25
1199,09:30:02,$ 3273.96,20
1200,09:30:02,$ 3273.96,30
1201,09:30:02,$ 3273.96,7
1202,09:30:02,$ 3273.96,1
1203,09:30:02,$ 3273.96,4
1204,09:30:02,$ 3273.96,2
1205,09:30:02,$ 3273.96,5
1206,09:30:02,$ 3273.96,4
1207,09:30:02,$ 3273.96,6
1208,09:30:02,$ 3273.96,1
1209,09:30:02,$ 3273.96,1
1210,09:30:02,$ 3273.96,15
1211,09:30:02,$ 3273.96,1
1212,09:30:02,$ 3273.96,1
1213,09:30:02,$ 3273.96,10
1214,09:30:02,$ 3273.96,1
1215,09:30:02,$ 3273.96,4
1216,09:30:02,$ 3273.96,13
1217,09:30:02,$ 3273.96,5
1219,09:30:02,$ 3273.96,7
1220,09:30:02,$ 3273.96,1
1221,09:30:02,$ 3273.96,2
1222,09:30:02,$ 3273.96,4
1223,09:30:02,$ 3273.96,3
1224,09:30:02,$ 3273.96,2
1225,09:30:02,$ 3273.96,1
1226,09:30:02,$ 3273.96,1
1227,09:30:02,$ 3273.96,5
1228,09:30:02,$ 3273.96,3
1229,09:30:02,$ 3273.96,1
1230,09:30:02,$ 3273.96,1
1231,09:30:02,$ 3273.96,5
1232,09:30:02,$ 3273.96,13
1233,09:30:02,$ 3273.96,1
1234,09:30:02,$ 3273.96,1
1235,09:30:02,$ 3273.96,3
1236,09:30:02,$ 3273.96,10
1237,09:30:02,$ 3273.96,10
1238,09:30:02,$ 3273.96,40
1240,09:30:02,$ 3273.96,2
1241,09:30:02,$ 3273.96,1
1242,09:30:02,$ 3273.96,3
1243,09:30:02,$ 3273.96,4
1244,09:30:02,$ 3273.96,1
1245,09:30:02,$ 3273.96,1
1246,09:30:02,$ 3273.96,2
1247,09:30:02,$ 3273.96,2
1248,09:30:02,$ 3273.96,7
1249,09:30:02,$ 3273.96,18
1250,09:30:02,$ 3273.96,9
1251,09:30:02,$ 3273.96,1
1252,09:30:02,$ 3273.96,1
1253,09:30:02,$ 3273.96,1
1254,09:30:02,$ 3273.96,5
1255,09:30:02,$ 3273.96,1
1256,09:30:02,$ 3273.96,10
1257,09:30:02,$ 3273.96,1
1258,09:30:02,$ 3273.96,1
1259,09:30:02,$ 3273.96,1
1261,09:30:02,$ 3273.96,3
1262,09:30:02,$ 3273.96,1
1263,09:30:02,$ 3273.96,1
1264,09:30:02,$ 3273.96,1
1265,09:30:02,$ 3273.96,4
1266,09:30:02,$ 3273.96,3
1267,09:30:02,$ 3273.96,9
1268,09:30:02,$ 3273.96,20
1269,09:30:02,$ 3273.96,3
1270,09:30:02,$ 3273.96,3
1271,09:30:02,$ 3273.96,23
1272,09:30:02,$ 3273.96,3
1273,09:30:02,$ 3273.96,5
1274,09:30:02,$ 3273.96,7
1275,09:30:02,$ 3273.96,10
1276,09:30:02,$ 3273.96,3
1277,09:30:02,$ 3273.96,3
1278,09:30:02,$ 3273.96,2
1279,09:30:02,$ 3273.96,5
1280,09:30:02,$ 3273.96,1
1282,09:30:02,$ 3273.96,3
1283,09:30:02,$ 3273.96,1
1284,09:30:02,$ 3273.96,1
1285,09:30:02,$ 3273.96,12
1286,09:30:02,$ 3273.96,2
1287,09:30:02,$ 3273.96,15
1288,09:30:02,$ 3273.96,4
1289,09:30:02,$ 3273.96,1
1290,09:30:02,$ 3273.96,50
1291,09:30:02,$ 3273.96,4
1292,09:30:02,$ 3273.96,60
1293,09:30:02,$ 3273.96,10
1294,09:30:02,$ 3273.96,1
1295,09:30:02,$ 3273.96,17
1296,09:30:02,$ 3273.96,1
1297,09:30:02,$ 3273.96,1
1298,09:30:02,$ 3273.96,2
1299,09:30:02,$ 3273.96,3
1300,09:30:02,$ 3273.96,3
1301,09:30:02,$ 3273.96,1
1303,09:30:02,$ 3273.96,1
1304,09:30:02,$ 3273.96,5
1305,09:30:02,$ 3273.96,1
1306,09:30:02,$ 3273.96,3
1307,09:30:02,$ 3273.96,1
1308,09:30:02,$ 3273.96,1
1309,09:30:02,$ 3273.96,7
1310,09:30:02,$ 3273.96,5
1311,09:30:02,$ 3273.96,1
1312,09:30:02,$ 3273.96,2
1313,09:30:02,$ 3273.96,1
1314,09:30:02,$ 3273.96,16
1315,09:30:02,$ 3273.96,1
1316,09:30:02,$ 3273.96,10
1317,09:30:02,$ 3273.96,5
1318,09:30:02,$ 3273.96,2
1319,09:30:02,$ 3273.96,1
1320,09:30:02,$ 3273.96,1
1321,09:30:02,$ 3273.96,4
1322,09:30:02,$ 3273.96,3
1324,09:30:02,$ 3273.96,5
1325,09:30:02,$ 3273.96,1
1326,09:30:02,$ 3273.96,1
1327,09:30:02,$ 3273.96,2
1328,09:30:02,$ 3273.96,1
1329,09:30:02,$ 3273.96,2
1330,09:30:02,$ 3273.96,2
1331,09:30:02,$ 3273.96,10
1332,09:30:02,$ 3273.96,1
1333,09:30:02,$ 3273.96,25
1334,09:30:02,$ 3273.96,4
1335,09:30:02,$ 3273.96,1
1336,09:30:02,$ 3273.96,1
1337,09:30:02,$ 3273.96,10
1338,09:30:02,$ 3273.96,1
1339,09:30:02,$ 3273.96,1
1340,09:30:02,$ 3273.96,1
1341,09:30:02,$ 3273.96,1
1342,09:30:02,$ 3273.96,5
1343,09:30:02,$ 3273.96,1
1345,09:30:02,$ 3273.96,2
1346,09:30:02,$ 3273.96,1
1347,09:30:02,$ 3273.96,63
1348,09:30:02,$ 3273.96,1
1349,09:30:02,$ 3273.96,1
1350,09:30:02,$ 3273.96,2
1351,09:30:02,$ 3273.96,2
1352,09:30:02,$ 3273.96,2
1353,09:30:02,$ 3273.96,2
1354,09:30:02,$ 3273.96,1
1355,09:30:02,$ 3273.96,16
1356,09:30:02,$ 3273.96,1
1357,09:30:02,$ 3273.96,10
1358,09:30:02,$ 3273.96,3
1359,09:30:02,$ 3273.96,1
1360,09:30:02,$ 3273.96,1
1361,09:30:02,$ 3273.96,1
1362,09:30:02,$ 3273.96,1
1363,09:30:02,$ 3273.96,1
1364,09:30:02,$ 3273.96,1
1366,09:30:02,$ 3273.96,20
1367,09:30:02,$ 3273.96,2
1368,09:30:02,$ 3273.96,1
1369,09:30:02,$ 3273.96,11
1370,09:30:02,$ 3273.96,2
1371,09:30:02,$ 3273.96,2
1372,09:30:02,$ 3273.96,4
1373,09:30:02,$ 3273.96,1
1374,09:30:02,$ 3273.96,5
1375,09:30:02,$ 3273.96,5
1376,09:30:02,$ 3273.96,2
1377,09:30:02,$ 3273.96,3
1378,09:30:02,$ 3273.96,2
1379,09:30:02,$ 3273.96,1
1380,09:30:02,$ 3273.96,4
1381,09:30:02,$ 3273.96,1
1382,09:30:02,$ 3273.96,2
1383,09:30:02,$ 3273.96,20
1384,09:30:02,$ 3273.96,2
1385,09:30:02,$ 3273.96,1
1387,09:30:02,$ 3273.96,2
1388,09:30:02,$ 3273.96,4
1389,09:30:02,$ 3273.96,39
1390,09:30:02,$ 3273.96,1
1391,09:30:02,$ 3273.96,3
1392,09:30:02,$ 3273.96,1
1393,09:30:02,$ 3273.96,2
1394,09:30:02,$ 3273.96,15
1395,09:30:02,$ 3273.96,2
1396,09:30:02,$ 3273.96,1
1397,09:30:02,$ 3273.96,5
1398,09:30:02,$ 3273.96,1
1399,09:30:02,$ 3273.96,7
1400,09:30:02,$ 3273.96,1
1401,09:30:02,$ 3273.96,1
1402,09:30:02,$ 3273.96,2
1403,09:30:02,$ 3273.96,6
1404,09:30:02,$ 3273.96,1
1405,09:30:02,$ 3273.96,1
1406,09:30:02,$ 3273.96,46
1408,09:30:02,$ 3273.96,3
1409,09:30:02,$ 3273.96,2
1410,09:30:02,$ 3273.96,3
1411,09:30:02,$ 3273.96,2
1412,09:30:02,$ 3273.96,60
1413,09:30:02,$ 3273.96,2
1414,09:30:02,$ 3273.96,3
1415,09:30:02,$ 3273.96,30
1416,09:30:02,$ 3273.96,1
1417,09:30:02,$ 3273.96,10
1418,09:30:02,$ 3273.96,10
1419,09:30:02,$ 3273.96,28
1420,09:30:02,$ 3273.96,1
1421,09:30:02,$ 3273.96,1
1422,09:30:02,$ 3273.96,2
1423,09:30:02,$ 3273.96,1
1424,09:30:02,$ 3273.96,38
1425,09:30:02,$ 3273.96,38
1426,09:30:02,$ 3273.96,22
1427,09:30:02,$ 3273.96,10
1429,09:30:02,$ 3273.96,1
1430,09:30:02,$ 3273.96,12
1431,09:30:02,$ 3273.96,5
1432,09:30:02,$ 3273.96,3
1433,09:30:02,$ 3273.96,1
1434,09:30:02,$ 3273.96,10
1435,09:30:02,$ 3273.96,2
1436,09:30:02,$ 3273.96,3
1437,09:30:02,$ 3273.96,10
1438,09:30:02,$ 3273.96,50
1439,09:30:02,$ 3273.96,5
1440,09:30:02,$ 3273.96,11
1441,09:30:02,$ 3273.96,1
1442,09:30:02,$ 3273.96,23
1443,09:30:02,$ 3273.96,15
1444,09:30:02,$ 3273.96,5
1445,09:30:02,$ 3273.96,1
1446,09:30:02,$ 3273.96,5
1447,09:30:02,$ 3273.96,3
1448,09:30:02,$ 3273.96,1
1450,09:30:02,$ 3273.96,5
1451,09:30:02,$ 3273.96,6
1452,09:30:02,$ 3273.96,2
1453,09:30:02,$ 3273.96,8
1454,09:30:02,$ 3273.96,1
1455,09:30:02,$ 3273.96,5
1456,09:30:02,$ 3273.96,3
1457,09:30:02,$ 3273.96,1
1458,09:30:02,$ 3273.96,1
1459,09:30:02,$ 3273.96,1
1460,09:30:02,$ 3273.96,2
1461,09:30:02,$ 3273.96,1
1462,09:30:02,$ 3273.96,12
1463,09:30:02,$ 3273.96,1
1464,09:30:02,$ 3273.96,2
1465,09:30:02,$ 3273.96,1
1466,09:30:02,$ 3273.96,1
1467,09:30:02,$ 3273.96,1
1468,09:30:02,$ 3273.96,3
1469,09:30:02,$ 3273.96,1
1471,09:30:02,$ 3273.96,4
1472,09:30:02,$ 3273.96,3
1473,09:30:02,$ 3273.96,2
1474,09:30:02,$ 3273.96,1
1475,09:30:02,$ 3273.96,3
1476,09:30:02,$ 3273.96,2
1477,09:30:02,$ 3273.96,1
1478,09:30:02,$ 3273.96,6
1479,09:30:02,$ 3273.96,8
1480,09:30:02,$ 3273.96,1
1481,09:30:02,$ 3273.96,1
1482,09:30:02,$ 3273.96,4
1483,09:30:02,$ 3273.96,3
1484,09:30:02,$ 3273.96,2
1485,09:30:02,$ 3273.96,1
1486,09:30:02,$ 3273.96,5
1487,09:30:02,$ 3273.96,4
1488,09:30:02,$ 3273.96,1
1489,09:30:02,$ 3273.96,5
1490,09:30:02,$ 3273.96,4
1492,09:30:02,$ 3273.96,3
1493,09:30:02,$ 3273.96,2
1494,09:30:02,$ 3273.96,1
1495,09:30:02,$ 3273.96,1
1496,09:30:02,$ 3273.96,1
1497,09:30:02,$ 3273.96,1
1498,09:30:02,$ 3273.96,1
1499,09:30:02,$ 3273.96,6
1500,09:30:02,$ 3273.96,1
1501,09:30:02,$ 3273.96,2
1502,09:30:02,$ 3273.96,30
1503,09:30:02,$ 3273.96,1
1504,09:30:02,$ 3273.96,6
1505,09:30:02,$ 3273.96,3
1506,09:30:02,$ 3273.96,3
1507,09:30:02,$ 3273.96,2
1508,09:30:02,$ 3273.96,2
1509,09:30:02,$ 3273.96,10
1510,09:30:02,$ 3273.96,1
1511,09:30:02,$ 3273.96,1
1513,09:30:02,$ 3273.96,4
1514,09:30:02,$ 3273.96,1
1515,09:30:02,$ 3273.96,5
1516,09:30:02,$ 3273.96,3
1517,09:30:02,$ 3273.96,1
1518,09:30:02,$ 3273.96,5
1519,09:30:02,$ 3273.96,1
1520,09:30:02,$ 3273.96,10
1521,09:30:02,$ 3273.96,3
1522,09:30:02,$ 3273.96,1
1523,09:30:02,$ 3273.96,1
1524,09:30:02,$ 3273.96,1
1525,09:30:02,$ 3273.96,1
1526,09:30:02,$ 3273.96,8
1527,09:30:02,$ 3273.96,2
1528,09:30:02,$ 3273.96,1
1529,09:30:02,$ 3273.96,419
1530,09:30:02,$ 3273.96,156
1531,09:30:02,$ 3273.96,1
1532,09:30:02,$ 3273.96,5
1534,09:30:02,$ 3273.96,1
1535,09:30:02,$ 3273.96,1
1536,09:30:02,$ 3273.96,1
1537,09:30:02,$ 3273.96,1
1538,09:30:02,$ 3273.96,2
1539,09:30:02,$ 3273.96,25
1540,09:30:02,$ 3273.96,4
1541,09:30:02,$ 3273.96,1
1542,09:30:02,$ 3273.96,1
1543,09:30:02,$ 3273.96,1
1544,09:30:02,$ 3273.96,2
1545,09:30:02,$ 3273.96,2
1546,09:30:02,$ 3273.96,1
1547,09:30:02,$ 3273.96,1
1548,09:30:02,$ 3273.96,4
1549,09:30:02,$ 3273.96,2
1550,09:30:02,$ 3273.96,4
1551,09:30:02,$ 3273.96,1
1552,09:30:02,$ 3273.96,1
1553,09:30:02,$ 3273.96,1
1555,09:30:02,$ 3273.96,1
1556,09:30:02,$ 3273.96,1
1557,09:30:02,$ 3273.96,3
1558,09:30:02,$ 3273.96,1
1559,09:30:02,$ 3273.96,10
1560,09:30:02,$ 3273.96,5
1561,09:30:02,$ 3273.96,15
1562,09:30:02,$ 3273.96,25
1563,09:30:02,$ 3273.96,1
1564,09:30:02,$ 3273.96,1
1565,09:30:02,$ 3273.96,22
1566,09:30:02,$ 3273.96,60
1567,09:30:02,$ 3273.96,195
1568,09:30:02,$ 3273.96,15
1569,09:30:02,$ 3273.96,127
1570,09:30:02,$ 3273.96,1
1571,09:30:02,$ 3273.96,3
1572,09:30:02,$ 3273.96,2
1573,09:30:02,$ 3273.96,2
1574,09:30:02,$ 3273.96,1
1576,09:30:02,$ 3273.96,1
1577,09:30:02,$ 3273.96,4
1578,09:30:02,$ 3273.96,4
1579,09:30:02,$ 3273.96,1
1580,09:30:02,$ 3273.96,1
1581,09:30:02,$ 3273.96,1
1582,09:30:02,$ 3273.96,4
1583,09:30:02,$ 3273.96,1
1584,09:30:02,$ 3273.96,10
1585,09:30:02,$ 3273.96,2
1586,09:30:02,$ 3273.96,10
1587,09:30:02,$ 3273.96,1
1588,09:30:02,$ 3273.96,1
1589,09:30:02,$ 3273.96,43
1590,09:30:02,$ 3273.96,5
1591,09:30:02,$ 3273.96,1
1592,09:30:02,$ 3273.96,7
1593,09:30:02,$ 3273.96,1
1594,09:30:02,$ 3273.96,1
1595,09:30:02,$ 3273.96,1
1597,09:30:02,$ 3273.96,40
1598,09:30:02,$ 3273.96,5
1599,09:30:02,$ 3273.96,4
1600,09:30:02,$ 3273.96,2
1601,09:30:02,$ 3273.96,1
1602,09:30:02,$ 3273.96,80
1603,09:30:02,$ 3273.96,2
1604,09:30:02,$ 3273.96,16
1605,09:30:02,$ 3273.96,1
1606,09:30:02,$ 3273.96,3
1607,09:30:02,$ 3273.96,2
1608,09:30:02,$ 3273.96,5
1609,09:30:02,$ 3273.96,165
1610,09:30:02,$ 3273.96,2
1611,09:30:02,$ 3273.96,1
1612,09:30:02,$ 3273.96,1
1613,09:30:02,$ 3273.96,1
1614,09:30:02,$ 3273.96,3
1615,09:30:02,$ 3273.96,2
1616,09:30:02,$ 3273.96,6
1618,09:30:02,$ 3273.96,1
1619,09:30:02,$ 3273.96,1
1620,09:30:02,$ 3273.96,3
1621,09:30:02,$ 3273.96,15
1622,09:30:02,$ 3273.96,1
1623,09:30:02,$ 3273.96,1
1624,09:30:02,$ 3273.96,1
1625,09:30:02,$ 3273.96,10
1626,09:30:02,$ 3273.96,1
1627,09:30:02,$ 3273.96,2
1628,09:30:02,$ 3273.96,3
1629,09:30:02,$ 3273.96,2
1630,09:30:02,$ 3273.96,1
1631,09:30:02,$ 3273.96,6
1632,09:30:02,$ 3273.96,3
1633,09:30:02,$ 3273.96,1
1634,09:30:02,$ 3273.96,1
1635,09:30:02,$ 3273.96,1
1636,09:30:02,$ 3273.96,1
1637,09:30:02,$ 3273.96,1
1639,09:30:02,$ 3273.96,5
1640,09:30:02,$ 3273.96,3
1641,09:30:02,$ 3273.96,3
1642,09:30:02,$ 3273.96,1
1643,09:30:02,$ 3273.96,6
1644,09:30:02,$ 3273.96,5
1645,09:30:02,$ 3273.96,"1,946"
1646,09:30:02,$ 3273.96,1
1647,09:30:02,$ 3273.96,5
1648,09:30:02,$ 3273.96,10
1649,09:30:02,$ 3273.96,1
1650,09:30:02,$ 3273.96,1
1651,09:30:02,$ 3273.96,1
1652,09:30:02,$ 3273.96,1
1653,09:30:02,$ 3273.96,10
1654,09:30:02,$ 3273.96,2
1655,09:30:02,$ 3273.96,2
1656,09:30:02,$ 3273.96,1
1657,09:30:02,$ 3273.96,1
1658,09:30:02,$ 3273.96,1
1660,09:30:02,$ 3273.96,1
1661,09:30:02,$ 3273.96,9
1662,09:30:02,$ 3273.96,30
1663,09:30:02,$ 3273.96,91
1664,09:30:02,$ 3273.96,15
1665,09:30:02,$ 3273.96,9
1666,09:30:02,$ 3273.96,3
1667,09:30:02,$ 3273.96,3
1668,09:30:02,$ 3273.96,1
1669,09:30:02,$ 3273.96,4
1670,09:30:02,$ 3273.96,5
1671,09:30:02,$ 3273.96,4
1672,09:30:02,$ 3273.96,3
1673,09:30:02,$ 3273.96,1
1674,09:30:02,$ 3273.96,1
1675,09:30:02,$ 3273.96,38
1676,09:30:02,$ 3273.96,13
1677,09:30:02,$ 3273.96,1
1678,09:30:02,$ 3273.96,26
1679,09:30:02,$ 3273.96,10
1681,09:30:02,$ 3273.96,3
1682,09:30:02,$ 3273.96,4
1683,09:30:02,$ 3273.96,1
1684,09:30:02,$ 3273.96,2
1685,09:30:02,$ 3273.96,10
1686,09:30:02,$ 3273.96,3
1687,09:30:02,$ 3273.96,1
1688,09:30:02,$ 3273.96,10
1689,09:30:02,$ 3273.96,61
1690,09:30:02,$ 3273.96,1
1691,09:30:02,$ 3273.96,3
1692,09:30:02,$ 3273.96,1
1693,09:30:02,$ 3273.96,1
1694,09:30:02,$ 3273.96,2
1695,09:30:02,$ 3273.96,11
1696,09:30:02,$ 3273.96,1
1697,09:30:02,$ 3273.96,1
1698,09:30:02,$ 3273.96,15
1699,09:30:02,$ 3273.96,3
1700,09:30:02,$ 3273.96,17
1702,09:30:02,$ 3273.96,3
1703,09:30:02,$ 3273.96,1
1704,09:30:02,$ 3273.96,4
1705,09:30:02,$ 3273.96,1
1706,09:30:02,$ 3273.96,1
1707,09:30:02,$ 3273.96,2
1708,09:30:02,$ 3273.96,1
1709,09:30:02,$ 3273.96,1
1710,09:30:02,$ 3273.96,305
1711,09:30:02,$ 3273.96,1
1712,09:30:02,$ 3273.96,1
1713,09:30:02,$ 3273.96,3
1714,09:30:02,$ 3273.96,5
1715,09:30:02,$ 3273.96,1
1716,09:30:02,$ 3273.96,9
1717,09:30:02,$ 3273.96,16
1718,09:30:02,$ 3273.96,15
1719,09:30:02,$ 3273.96,5
1720,09:30:02,$ 3273.96,18
1721,09:30:02,$ 3273.96,39
1723,09:30:02,$ 3273.96,12
1724,09:30:02,$ 3273.96,1
1725,09:30:02,$ 3273.96,1
1726,09:30:02,$ 3273.96,1
1727,09:30:02,$ 3273.96,1
1728,09:30:02,$ 3273.96,1
1729,09:30:02,$ 3273.96,1
1730,09:30:02,$ 3273.96,1
1731,09:30:02,$ 3273.96,1
1732,09:30:02,$ 3273.96,1
1733,09:30:02,$ 3273.96,3
1734,09:30:02,$ 3273.96,4
1735,09:30:02,$ 3273.96,1
1736,09:30:02,$ 3273.96,1
1737,09:30:02,$ 3273.96,5
1738,09:30:02,$ 3273.96,1
1739,09:30:02,$ 3273.96,3
1740,09:30:02,$ 3273.96,1
1741,09:30:02,$ 3273.96,1
1742,09:30:02,$ 3273.96,1
1744,09:30:02,$ 3273.96,1
1745,09:30:02,$ 3273.96,2
1746,09:30:02,$ 3273.96,2
1747,09:30:02,$ 3273.96,1
1748,09:30:02,$ 3273.96,1
1749,09:30:02,$ 3273.96,1
1750,09:30:02,$ 3273.96,5
1751,09:30:02,$ 3273.96,1
1752,09:30:02,$ 3273.96,3
1753,09:30:02,$ 3273.96,1
1754,09:30:02,$ 3273.96,1
1755,09:30:02,$ 3273.96,1
1756,09:30:02,$ 3273.96,2
1757,09:30:02,$ 3273.96,1
1758,09:30:02,$ 3273.96,1
1759,09:30:02,$ 3273.96,4
1760,09:30:02,$ 3273.96,2
1761,09:30:02,$ 3273.96,3
1762,09:30:02,$ 3273.96,2
1763,09:30:02,$ 3273.96,1
1765,09:30:02,$ 3273.96,1
1766,09:30:02,$ 3273.96,2
1767,09:30:02,$ 3273.96,3
1768,09:30:02,$ 3273.96,2
1769,09:30:02,$ 3273.96,1
1770,09:30:02,$ 3273.96,5
1771,09:30:02,$ 3273.96,47
1772,09:30:02,$ 3273.96,1
1773,09:30:02,$ 3273.96,1
1774,09:30:02,$ 3273.96,5
1775,09:30:02,$ 3273.96,8
1776,09:30:02,$ 3273.96,3
1777,09:30:02,$ 3273.96,3
1778,09:30:02,$ 3273.96,5
1779,09:30:02,$ 3273.96,2
1780,09:30:02,$ 3273.96,1
1781,09:30:02,$ 3273.96,5
1782,09:30:02,$ 3273.96,1
1783,09:30:02,$ 3273.96,5
1784,09:30:02,$ 3273.96,1
1786,09:30:02,$ 3273.96,1
1787,09:30:02,$ 3273.96,8
1788,09:30:02,$ 3273.96,8
1789,09:30:02,$ 3273.96,5
1790,09:30:02,$ 3273.96,2
1791,09:30:02,$ 3273.96,1
1792,09:30:02,$ 3273.96,1
1793,09:30:02,$ 3273.96,1
1794,09:30:02,$ 3273.96,1
1795,09:30:02,$ 3273.96,5
1796,09:30:02,$ 3273.96,80
1797,09:30:02,$ 3273.96,1
1798,09:30:02,$ 3273.96,5
1799,09:30:02,$ 3273.96,1
1800,09:30:02,$ 3273.96,3
1801,09:30:02,$ 3273.96,1
1802,09:30:02,$ 3273.96,1
1803,09:30:02,$ 3273.96,2
1804,09:30:02,$ 3273.96,4
1805,09:30:02,$ 3273.96,3
1807,09:30:02,$ 3273.96,1
1808,09:30:02,$ 3273.96,1
1809,09:30:02,$ 3273.96,1
1810,09:30:02,$ 3273.96,1
1811,09:30:02,$ 3273.96,16
1812,09:30:02,$ 3273.96,2
1813,09:30:02,$ 3273.96,1
1814,09:30:02,$ 3273.96,4
1815,09:30:02,$ 3273.96,12
1816,09:30:02,$ 3273.96,7
1817,09:30:02,$ 3273.96,1
1818,09:30:02,$ 3273.96,1
1819,09:30:02,$ 3273.96,4
1820,09:30:02,$ 3273.96,100
1821,09:30:02,$ 3273.96,1
1822,09:30:02,$ 3273.96,1
1823,09:30:02,$ 3273.96,26
1824,09:30:02,$ 3273.96,13
1825,09:30:02,$ 3273.96,197
1826,09:30:02,$ 3273.96,5
1828,09:30:02,$ 3273.96,1
1829,09:30:02,$ 3273.96,2
1830,09:30:02,$ 3273.96,100
1831,09:30:02,$ 3273.96,1
1832,09:30:02,$ 3273.96,2
1833,09:30:02,$ 3273.96,3
1834,09:30:02,$ 3273.96,100
1835,09:30:02,$ 3273.96,7
1836,09:30:02,$ 3273.96,34
1837,09:30:02,$ 3273.96,4
1838,09:30:02,$ 3273.96,1
1839,09:30:02,$ 3273.96,260
1840,09:30:02,$ 3273.96,1
1841,09:30:02,$ 3273.96,1
1842,09:30:02,$ 3273.96,15
1843,09:30:02,$ 3273.96,5
1844,09:30:02,$ 3273.96,7
1845,09:30:02,$ 3273.96,4
1846,09:30:02,$ 3273.96,10
1847,09:30:02,$ 3273.96,25
1849,09:30:02,$ 3273.96,9
1850,09:30:02,$ 3273.96,25
1851,09:30:02,$ 3273.96,1
1852,09:30:02,$ 3273.96,20
1853,09:30:02,$ 3273.96,1
1854,09:30:02,$ 3273.96,5
1855,09:30:02,$ 3273.96,5
1856,09:30:02,$ 3273.96,2
1857,09:30:02,$ 3273.96,1
1858,09:30:02,$ 3273.96,1
1859,09:30:02,$ 3273.96,1
1860,09:30:02,$ 3273.96,658
1861,09:30:02,$ 3273.96,70
1862,09:30:02,$ 3273.96,15
1863,09:30:02,$ 3273.96,3
1864,09:30:02,$ 3273.96,50
1865,09:30:02,$ 3273.96,2
1866,09:30:02,$ 3273.96,2
1867,09:30:02,$ 3273.96,1
1868,09:30:02,$ 3273.96,2
1870,09:30:02,$ 3273.96,5
1871,09:30:02,$ 3273.96,2
1872,09:30:02,$ 3273.96,267
1873,09:30:02,$ 3273.96,1
1874,09:30:02,$ 3273.96,5
1875,09:30:02,$ 3273.96,3
1876,09:30:02,$ 3273.96,4
1877,09:30:02,$ 3273.96,2
1878,09:30:02,$ 3273.96,10
1879,09:30:02,$ 3273.96,1
1880,09:30:02,$ 3273.96,1
1881,09:30:02,$ 3273.96,2
1882,09:30:02,$ 3273.96,2
1883,09:30:02,$ 3273.96,2
1884,09:30:02,$ 3273.96,5
1885,09:30:02,$ 3273.96,19
1886,09:30:02,$ 3273.96,25
1887,09:30:02,$ 3273.96,15
1888,09:30:02,$ 3273.96,2
1889,09:30:02,$ 3273.96,1
1891,09:30:02,$ 3273.96,1
1892,09:30:02,$ 3273.96,20
1893,09:30:02,$ 3273.96,1
1894,09:30:02,$ 3273.96,1
1895,09:30:02,$ 3273.96,14
1896,09:30:02,$ 3273.96,1
1897,09:30:02,$ 3273.96,2
1898,09:30:02,$ 3273.96,9
1899,09:30:02,$ 3273.96,5
1900,09:30:02,$ 3273.96,1
1901,09:30:02,$ 3273.96,5
1902,09:30:02,$ 3273.96,6
1903,09:30:02,$ 3273.96,"1,000"
1904,09:30:02,$ 3273.96,28
1905,09:30:02,$ 3273.96,5
1906,09:30:02,$ 3273.96,31
1907,09:30:02,$ 3273.96,3
1908,09:30:02,$ 3273.96,30
1909,09:30:02,$ 3273.96,5
1910,09:30:02,$ 3273.96,3
1912,09:30:02,$ 3273.96,3
1913,09:30:02,$ 3273.96,2
1914,09:30:02,$ 3273.96,15
1915,09:30:02,$ 3273.96,2
1916,09:30:02,$ 3273.96,10
1917,09:30:02,$ 3273.96,351
1918,09:30:02,$ 3273.96,1
1919,09:30:02,$ 3273.96,1
1920,09:30:02,$ 3273.96,1
1921,09:30:02,$ 3273.96,30
1922,09:30:02,$ 3273.96,3
1923,09:30:02,$ 3273.96,2
1924,09:30:02,$ 3273.96,1
1925,09:30:02,$ 3273.96,9
1926,09:30:02,$ 3273.96,1
1927,09:30:02,$ 3273.96,2
1928,09:30:02,$ 3273.96,1
1929,09:30:02,$ 3273.96,76
1930,09:30:02,$ 3273.96,6
1931,09:30:02,$ 3273.96,6
1933,09:30:02,$ 3273.96,1
1934,09:30:02,$ 3273.96,2
1935,09:30:02,$ 3273.96,50
1936,09:30:02,$ 3273.96,240
1937,09:30:02,$ 3273.96,40
1938,09:30:02,$ 3273.96,10
1939,09:30:02,$ 3273.96,1
1940,09:30:02,$ 3273.96,70
1941,09:30:02,$ 3273.96,1
1942,09:30:02,$ 3273.96,1
1943,09:30:02,$ 3273.96,1
1944,09:30:02,$ 3273.96,9
1945,09:30:02,$ 3273.96,80
1946,09:30:02,$ 3273.96,2
1947,09:30:02,$ 3273.96,3
1948,09:30:02,$ 3273.96,5
1949,09:30:02,$ 3273.96,4
1950,09:30:02,$ 3273.96,5
1951,09:30:02,$ 3273.96,8
1952,09:30:02,$ 3273.96,1
1954,09:30:02,$ 3273.96,3
1955,09:30:02,$ 3273.96,1
1956,09:30:02,$ 3273.96,30
1957,09:30:02,$ 3273.96,14
1958,09:30:02,$ 3273.96,1
1959,09:30:02,$ 3273.96,1
1960,09:30:02,$ 3273.96,1
1961,09:30:02,$ 3273.96,1
1962,09:30:02,$ 3273.96,26
1963,09:30:02,$ 3273.96,1
1964,09:30:02,$ 3273.96,255
1965,09:30:02,$ 3273.96,10
1966,09:30:02,$ 3273.96,3
1967,09:30:02,$ 3273.96,77
1968,09:30:02,$ 3273.96,7
1969,09:30:02,$ 3273.96,89
1970,09:30:02,$ 3273.96,42
1971,09:30:02,$ 3273.96,25
1972,09:30:02,$ 3273.96,23
1973,09:30:02,$ 3273.96,63
1975,09:30:02,$ 3273.96,9
1976,09:30:02,$ 3273.96,10
1977,09:30:02,$ 3273.96,4
1978,09:30:02,$ 3273.96,3
1979,09:30:02,$ 3273.96,1
1980,09:30:02,$ 3273.96,20
1981,09:30:02,$ 3273.96,6
1982,09:30:02,$ 3273.96,1
1983,09:30:02,$ 3273.96,1
1984,09:30:02,$ 3273.96,2
1985,09:30:02,$ 3273.96,8
1986,09:30:02,$ 3273.96,50
1987,09:30:02,$ 3273.96,2
1988,09:30:02,$ 3273.96,1
1989,09:30:02,$ 3273.96,3
1990,09:30:02,$ 3273.96,2
1991,09:30:02,$ 3273.96,1
1992,09:30:02,$ 3273.96,5
1993,09:30:02,$ 3273.96,50
1994,09:30:02,$ 3273.96,2
1996,09:30:02,$ 3273.96,1
1997,09:30:02,$ 3273.96,120
1998,09:30:02,$ 3273.96,2
1999,09:30:02,$ 3273.96,1
2000,09:30:02,$ 3273.96,6
2001,09:30:02,$ 3273.96,2
2002,09:30:02,$ 3273.96,40
2003,09:30:02,$ 3273.96,60
2004,09:30:02,$ 3273.96,1
2005,09:30:02,$ 3273.96,1
2006,09:30:02,$ 3273.96,21
2007,09:30:02,$ 3273.96,2
2008,09:30:02,$ 3273.96,1
2009,09:30:02,$ 3273.96,4
2010,09:30:02,$ 3273.96,10
2011,09:30:02,$ 3273.96,5
2012,09:30:02,$ 3273.96,1
2013,09:30:02,$ 3273.96,2
2014,09:30:02,$ 3273.96,1
2015,09:30:02,$ 3273.96,4
2017,09:30:02,$ 3273.96,2
2018,09:30:02,$ 3273.96,10
2019,09:30:02,$ 3273.96,2
2020,09:30:02,$ 3273.96,1
2021,09:30:02,$ 3273.96,15
2022,09:30:02,$ 3273.96,5
2023,09:30:02,$ 3273.96,5
2024,09:30:02,$ 3273.96,1
2025,09:30:02,$ 3273.96,1
2026,09:30:02,$ 3273.96,30
2027,09:30:02,$ 3273.96,8
2028,09:30:02,$ 3273.96,2
2029,09:30:02,$ 3273.96,2
2030,09:30:02,$ 3273.96,4
2031,09:30:02,$ 3273.96,30
2032,09:30:02,$ 3273.96,20
2033,09:30:02,$ 3273.96,1
2034,09:30:02,$ 3273.96,3
2035,09:30:02,$ 3273.96,2
2036,09:30:02,$ 3273.96,1
2038,09:30:02,$ 3273.96,2
2039,09:30:02,$ 3273.96,14
2040,09:30:02,$ 3273.96,2
2041,09:30:02,$ 3273.96,20
2042,09:30:02,$ 3273.96,152
2043,09:30:02,$ 3273.96,5
2044,09:30:02,$ 3273.96,1
2045,09:30:02,$ 3273.96,1
2046,09:30:02,$ 3273.96,10
2047,09:30:02,$ 3273.96,3
2048,09:30:02,$ 3273.96,3
2049,09:30:02,$ 3273.96,3
2050,09:30:02,$ 3273.96,300
2051,09:30:02,$ 3273.96,2
2052,09:30:02,$ 3273.96,1
2053,09:30:02,$ 3273.96,5
2054,09:30:02,$ 3273.96,3
2055,09:30:02,$ 3273.96,1
2056,09:30:02,$ 3273.96,3
2057,09:30:02,$ 3273.96,2
2059,09:30:02,$ 3273.96,1
2060,09:30:02,$ 3273.96,2
2061,09:30:02,$ 3273.96,4
2062,09:30:02,$ 3273.96,1
2063,09:30:02,$ 3273.96,1
2064,09:30:02,$ 3273.96,13
2065,09:30:02,$ 3273.96,6
2066,09:30:02,$ 3273.96,2
2067,09:30:02,$ 3273.96,1
2068,09:30:02,$ 3273.96,20
2069,09:30:02,$ 3273.96,1
2070,09:30:02,$ 3273.96,4
2071,09:30:02,$ 3273.96,1
2072,09:30:02,$ 3273.96,32
2073,09:30:02,$ 3273.96,1
2074,09:30:02,$ 3273.96,1
2075,09:30:02,$ 3273.96,3
2076,09:30:02,$ 3273.96,4
2077,09:30:02,$ 3273.96,6
2078,09:30:02,$ 3273.96,2
2080,09:30:02,$ 3273.96,1
2081,09:30:02,$ 3273.96,5
2082,09:30:02,$ 3273.96,1
2083,09:30:02,$ 3273.96,25
2084,09:30:02,$ 3273.96,1
2085,09:30:02,$ 3273.96,78
2086,09:30:02,$ 3273.96,111
2087,09:30:02,$ 3273.96,7
2088,09:30:02,$ 3273.96,3
2089,09:30:02,$ 3273.96,1
2090,09:30:02,$ 3273.96,8
2091,09:30:02,$ 3273.96,4
2092,09:30:02,$ 3273.96,1
2093,09:30:02,$ 3273.96,1
2094,09:30:02,$ 3273.96,2
2095,09:30:02,$ 3273.96,3
2096,09:30:02,$ 3273.96,15
2097,09:30:02,$ 3273.96,2
2098,09:30:02,$ 3273.96,10
2099,09:30:02,$ 3273.96,1
2101,09:30:02,$ 3273.96,2
2102,09:30:02,$ 3273.96,2
2103,09:30:02,$ 3273.96,1
2104,09:30:02,$ 3273.96,18
2105,09:30:02,$ 3273.96,30
2106,09:30:02,$ 3273.96,67
2107,09:30:02,$ 3273.96,206
2108,09:30:02,$ 3273.96,76
2109,09:30:02,$ 3273.96,24
2110,09:30:02,$ 3273.96,1
2111,09:30:02,$ 3273.96,5
2112,09:30:02,$ 3273.96,30
2113,09:30:02,$ 3273.96,82
2114,09:30:02,$ 3273.96,1
2115,09:30:02,$ 3273.96,3
2116,09:30:02,$ 3273.96,1
2117,09:30:02,$ 3273.96,1
2118,09:30:02,$ 3273.96,2
2119,09:30:02,$ 3273.96,2
2120,09:30:02,$ 3273.96,1
2122,09:30:02,$ 3273.96,1
2123,09:30:02,$ 3273.96,1
2124,09:30:02,$ 3273.96,2
2125,09:30:02,$ 3273.96,100
2126,09:30:02,$ 3273.96,50
2127,09:30:02,$ 3273.96,50
2128,09:30:02,$ 3273.96,3
2129,09:30:02,$ 3273.96,10
2130,09:30:02,$ 3273.96,35
2131,09:30:02,$ 3273.96,1
2132,09:30:02,$ 3273.96,1
2133,09:30:02,$ 3273.96,1
2134,09:30:02,$ 3273.96,1
2135,09:30:02,$ 3273.96,1
2136,09:30:02,$ 3273.96,4
2137,09:30:02,$ 3273.96,10
2138,09:30:02,$ 3273.96,7
2139,09:30:02,$ 3273.96,3
2140,09:30:02,$ 3273.96,1
2141,09:30:02,$ 3273.96,100
2143,09:30:02,$ 3273.96,1
2144,09:30:02,$ 3273.96,2
2145,09:30:02,$ 3273.96,1
2146,09:30:02,$ 3273.96,3
2147,09:30:02,$ 3273.96,2
2148,09:30:02,$ 3273.96,1
2149,09:30:02,$ 3273.96,7
2150,09:30:02,$ 3273.96,44
2151,09:30:02,$ 3273.96,1
2152,09:30:02,$ 3273.96,1
2153,09:30:02,$ 3273.96,4
2154,09:30:02,$ 3273.96,9
2155,09:30:02,$ 3273.96,5
2156,09:30:02,$ 3273.96,1
2157,09:30:02,$ 3273.96,1
2158,09:30:02,$ 3273.96,5
2159,09:30:02,$ 3273.96,2
2160,09:30:02,$ 3273.96,1
2161,09:30:02,$ 3273.96,3
2162,09:30:02,$ 3273.96,1
2164,09:30:02,$ 3273.96,1
2165,09:30:02,$ 3273.96,11
2166,09:30:02,$ 3273.96,1
2167,09:30:02,$ 3272.00,100
2168,09:30:01,$ 3274.90,358
2169,09:30:01,$ 3274.5905,120
2171,10:29:31,$ 3269.3354,155
2172,10:29:29,$ 3269.44,100
2173,10:29:23,$ 3270.00,100
2174,10:29:23,$ 3270.01,100
2175,10:29:23,$ 3270.00,100
2176,10:29:18,$ 3269.98,100
2177,10:29:15,$ 3269.37,100
2178,10:29:15,$ 3269.42,100
2179,10:29:13,$ 3269.31,100
2180,10:29:08,$ 3269.25,100
2181,10:27:59,$ 3267.58,100
2182,10:27:13,$ 3267.96,100
2183,10:27:10,$ 3267.39,200
2184,10:27:07,$ 3267.62,100
2185,10:26:30,$ 3267.77,196
2186,10:26:29,$ 3267.61,100
2187,10:26:14,$ 3267.28,100
2188,10:26:05,$ 3267.10,100
2189,10:25:37,$ 3266.97,300
2190,10:25:35,$ 3267.24,100
2192,10:25:32,$ 3267.73,100
2193,10:24:56,$ 3268.91,154
2194,10:24:44,$ 3269.60,100
2195,10:24:43,$ 3270.00,100
2196,10:24:43,$ 3270.00,100
2197,10:24:36,$ 3269.9149,100
2198,10:24:33,$ 3269.455,152
2199,10:24:30,$ 3269.49,100
2200,10:24:30,$ 3269.595,100
2201,10:24:10,$ 3268.86,138
2202,10:24:07,$ 3270.145,100
2203,10:23:18,$ 3269.86,100
2204,10:23:04,$ 3270.00,100
2205,10:23:03,$ 3270.085,100
2206,10:22:58,$ 3270.00,100
2207,10:22:57,$ 3270.00,100
2208,10:22:52,$ 3270.48,100
2209,10:22:52,$ 3270.23,100
2210,10:22:51,$ 3269.95,100
2211,10:22:51,$ 3270.07,100
2213,10:22:51,$ 3270.2265,200
2214,10:22:41,$ 3270.00,100
2215,10:22:38,$ 3269.52,250
2216,10:22:35,$ 3269.73,127
2217,10:22:35,$ 3269.31,134
2218,10:22:16,$ 3270.00,100
2219,10:22:16,$ 3270.42,100
2220,10:22:12,$ 3270.00,100
2221,10:22:12,$ 3270.00,100
2222,10:22:12,$ 3270.00,363
2223,10:22:12,$ 3270.20,100
2224,10:22:12,$ 3269.64,500
2225,10:22:01,$ 3269.675,100
2226,10:21:57,$ 3270.17,100
2227,10:21:57,$ 3270.2569,228
2228,10:21:57,$ 3270.17,100
2229,10:21:56,$ 3270.00,100
2230,10:21:55,$ 3270.00,100
2231,10:21:30,$ 3270.00,100
2232,10:21:18,$ 3269.25,100
2234,10:20:59,$ 3268.53,100
2235,10:20:36,$ 3267.23,100
2236,10:20:33,$ 3267.12,136
2237,10:20:33,$ 3267.12,100
2238,10:20:24,$ 3266.32,100
2239,10:20:22,$ 3265.685,100
2240,10:20:09,$ 3266.50,100
2241,10:20:07,$ 3265.75,400
2242,10:19:48,$ 3266.63,100
2243,10:19:12,$ 3266.645,100
2244,10:19:02,$ 3267.00,100
2245,10:18:59,$ 3267.82,100
2246,10:18:57,$ 3267.96,100
2247,10:18:57,$ 3267.96,100
2248,10:18:57,$ 3267.96,100
2249,10:18:53,$ 3267.9699,200
2250,10:18:35,$ 3268.245,100
2251,10:18:34,$ 3268.45,100
2252,10:18:34,$ 3268.495,100
2253,10:18:28,$ 3267.52,100
2255,10:18:14,$ 3267.261,212
2256,10:17:42,$ 3267.045,100
2257,10:16:51,$ 3265.06,100
2258,10:16:37,$ 3264.50,100
2259,10:16:37,$ 3264.35,150
2260,10:16:34,$ 3263.44,100
2261,10:16:31,$ 3263.3981,100
2262,10:16:20,$ 3263.99,100
2263,10:16:20,$ 3263.65,100
2264,10:16:20,$ 3263.71,100
2265,10:16:20,$ 3263.70,100
2266,10:16:20,$ 3263.65,100
2267,10:15:58,$ 3263.54,100
2268,10:15:49,$ 3263.68,100
2269,10:15:48,$ 3262.6401,750
2270,10:15:42,$ 3262.9624,199
2271,10:15:36,$ 3263.505,100
2272,10:15:33,$ 3263.94,100
2273,10:15:32,$ 3263.50,191
2274,10:15:23,$ 3262.75,100
2276,10:15:19,$ 3263.00,100
2277,10:14:55,$ 3262.94,175
2278,10:14:48,$ 3263.385,100
2279,10:14:47,$ 3263.39,102
2280,10:14:47,$ 3263.39,100
2281,10:14:47,$ 3263.395,118
2282,10:14:47,$ 3263.395,118
2283,10:14:45,$ 3263.40,200
2284,10:14:35,$ 3263.08,100
2285,10:14:32,$ 3263.56,100
2286,10:14:25,$ 3263.93,100
2287,10:14:12,$ 3263.73,100
2288,10:13:47,$ 3263.015,100
2289,10:13:44,$ 3263.035,100
2290,10:13:44,$ 3263.035,100
2291,10:13:44,$ 3263.005,100
2292,10:13:36,$ 3263.07,105
2293,10:13:36,$ 3263.07,111
2294,10:13:36,$ 3263.07,105
2295,10:13:36,$ 3263.07,105
2297,10:13:36,$ 3263.07,105
2298,10:13:36,$ 3263.07,100
2299,10:13:36,$ 3263.07,200
2300,10:13:36,$ 3263.07,105
2301,10:13:36,$ 3263.25,100
2302,10:13:34,$ 3263.255,100
2303,10:13:30,$ 3263.24,"1,000"
2304,10:13:21,$ 3262.85,100
2305,10:13:21,$ 3262.9442,323
2306,10:13:21,$ 3262.78,100
2307,10:13:15,$ 3262.07,100
2308,10:13:00,$ 3260.72,100
2309,10:12:51,$ 3260.00,100
2310,10:12:44,$ 3260.3165,999
2311,10:12:40,$ 3259.53,100
2312,10:12:37,$ 3259.70,100
2313,10:12:37,$ 3259.70,100
2314,10:12:37,$ 3259.72,100
2315,10:12:31,$ 3259.0975,100
2316,10:12:31,$ 3259.29,100
2318,10:12:31,$ 3259.43,100
2319,10:12:31,$ 3259.66,100
2320,10:12:21,$ 3259.195,100
2321,10:12:21,$ 3259.195,100
2322,10:12:14,$ 3259.00,100
2323,10:12:02,$ 3258.735,100
2324,10:11:55,$ 3259.05,100
2325,10:11:55,$ 3258.725,100
2326,10:11:55,$ 3259.00,200
2327,10:11:55,$ 3260.00,100
2328,10:11:55,$ 3259.06,100
2329,10:11:55,$ 3259.06,100
2330,10:11:55,$ 3260.00,100
2331,10:11:45,$ 3261.065,100
2332,10:11:39,$ 3262.48,100
2333,10:11:36,$ 3262.00,100
2334,10:11:36,$ 3262.02,100
2335,10:11:36,$ 3262.08,100
2336,10:11:33,$ 3263.00,900
2337,10:11:33,$ 3263.00,100
2339,10:11:32,$ 3263.945,120
2340,10:11:20,$ 3264.59,100
2341,10:11:08,$ 3263.88,100
2342,10:11:04,$ 3264.61,100
2343,10:10:55,$ 3264.65,100
2344,10:10:39,$ 3265.21,100
2345,10:10:34,$ 3263.835,100
2346,10:10:34,$ 3264.115,100
2347,10:10:34,$ 3264.76,100
2348,10:10:25,$ 3266.00,160
2349,10:10:20,$ 3266.01,100
2350,10:09:28,$ 3266.392,100
2351,10:08:21,$ 3265.395,100
2352,10:08:15,$ 3265.58,100
2353,10:08:01,$ 3265.665,100
2354,10:08:00,$ 3266.94,100
2355,10:07:50,$ 3265.572,100
2356,10:07:41,$ 3266.75,100
2357,10:07:34,$ 3266.86,100
2358,10:07:34,$ 3266.88,100
2360,10:07:30,$ 3266.04,100
2361,10:07:22,$ 3266.0001,100
2362,10:07:21,$ 3265.97,111
2363,10:07:21,$ 3265.69,100
2364,10:07:21,$ 3265.95,100
2365,10:07:21,$ 3265.9673,200
2366,10:07:21,$ 3265.95,100
2367,10:07:21,$ 3265.95,100
2368,10:07:07,$ 3266.185,350
2369,10:06:40,$ 3265.56,200
2370,10:06:16,$ 3264.00,216
2371,10:06:08,$ 3265.19,100
2372,10:06:03,$ 3264.28,100
2373,10:06:03,$ 3264.08,100
2374,10:06:03,$ 3263.93,100
2375,10:05:37,$ 3264.05,100
2376,10:05:00,$ 3263.025,100
2377,10:04:56,$ 3265.35,100
2378,10:04:56,$ 3265.27,100
2379,10:04:41,$ 3268.47,200
2381,10:04:39,$ 3267.8922,156
2382,10:04:39,$ 3268.10,100
2383,10:04:35,$ 3267.92,100
2384,10:04:22,$ 3267.81,100
2385,10:03:46,$ 3268.49,100
2386,10:03:45,$ 3268.42,100
2387,10:03:34,$ 3268.00,150
2388,10:03:25,$ 3267.88,100
2389,10:03:25,$ 3268.00,100
2390,10:03:11,$ 3266.82,100
2391,10:03:11,$ 3266.39,100
2392,10:03:08,$ 3266.411,306
2393,10:03:08,$ 3266.25,100
2394,10:02:58,$ 3265.60,116
2395,10:02:58,$ 3265.59,100
2396,10:02:58,$ 3265.60,604
2397,10:02:58,$ 3265.60,111
2398,10:02:58,$ 3265.97,100
2399,10:02:58,$ 3266.12,100
2400,10:02:44,$ 3266.075,100
2402,10:02:44,$ 3266.54,100
2403,10:02:33,$ 3265.64,100
2404,10:02:23,$ 3265.20,100
2405,10:02:23,$ 3265.5402,100
2406,10:02:15,$ 3265.025,100
2407,10:02:14,$ 3265.22,100
2408,10:02:09,$ 3265.60,100
2409,10:02:06,$ 3266.08,100
2410,10:02:04,$ 3266.08,100
2411,10:02:03,$ 3265.985,100
2412,10:02:02,$ 3266.19,100
2413,10:02:01,$ 3266.2299,100
2414,10:02:01,$ 3265.90,100
2415,10:02:00,$ 3266.0901,100
2416,10:01:55,$ 3266.25,100
2417,10:01:55,$ 3265.69,100
2418,10:01:55,$ 3265.605,100
2419,10:01:55,$ 3266.15,100
2420,10:01:52,$ 3265.58,100
2421,10:01:43,$ 3265.105,100
2423,10:01:43,$ 3266.16,100
2424,10:01:43,$ 3266.07,100
2425,10:01:43,$ 3265.02,100
2426,10:01:19,$ 3268.14,100
2427,10:00:56,$ 3271.92,100
2428,10:00:35,$ 3272.005,100
2429,10:00:35,$ 3272.01,100
2430,10:00:32,$ 3272.095,100
2431,10:00:32,$ 3271.48,100
2432,10:00:22,$ 3272.40,100
2433,10:00:22,$ 3272.40,100
2434,10:00:22,$ 3272.16,100
2436,10:59:58,$ 3273.46,100
2437,10:59:58,$ 3273.54,100
2438,10:59:58,$ 3273.43,100
2439,10:59:40,$ 3273.4094,999
2440,10:59:38,$ 3274.00,396
2441,10:59:38,$ 3274.00,100
2442,10:59:38,$ 3274.00,100
2443,10:59:38,$ 3274.00,194
2444,10:59:38,$ 3274.00,100
2445,10:59:29,$ 3274.03,100
2446,10:59:15,$ 3273.57,199
2447,10:58:20,$ 3273.23,100
2448,10:57:42,$ 3272.983,124
2449,10:57:37,$ 3272.91,100
2450,10:57:37,$ 3272.92,100
2451,10:57:02,$ 3272.90,100
2452,10:56:32,$ 3272.00,100
2453,10:56:13,$ 3272.4779,200
2454,10:56:06,$ 3272.75,100
2455,10:55:36,$ 3271.84,100
2457,10:55:24,$ 3274.20,100
2458,10:55:20,$ 3274.145,299
2459,10:55:18,$ 3274.39,100
2460,10:55:18,$ 3274.00,100
2461,10:55:18,$ 3274.35,100
2462,10:55:17,$ 3274.14,100
2463,10:55:12,$ 3273.57,100
2464,10:54:57,$ 3272.32,100
2465,10:54:52,$ 3271.91,229
2466,10:54:52,$ 3271.21,100
2467,10:54:52,$ 3271.89,100
2468,10:54:50,$ 3271.7288,100
2469,10:54:50,$ 3271.49,100
2470,10:54:49,$ 3270.92,100
2471,10:54:49,$ 3270.89,100
2472,10:54:46,$ 3270.6743,100
2473,10:54:26,$ 3270.04,100
2474,10:54:20,$ 3269.58,100
2475,10:54:20,$ 3269.47,100
2476,10:53:39,$ 3269.76,100
2478,10:53:10,$ 3270.355,100
2479,10:53:02,$ 3270.00,100
2480,10:53:02,$ 3270.66,100
2481,10:53:00,$ 3270.01,100
2482,10:53:00,$ 3270.67,100
2483,10:52:58,$ 3270.0005,100
2484,10:52:58,$ 3270.01,100
2485,10:52:54,$ 3270.38,100
2486,10:52:46,$ 3270.71,100
2487,10:52:46,$ 3270.61,100
2488,10:52:46,$ 3270.62,100
2489,10:52:45,$ 3270.26,117
2490,10:52:01,$ 3269.23,100
2491,10:51:31,$ 3268.8334,149
2492,10:51:23,$ 3269.34,100
2493,10:51:15,$ 3270.155,100
2494,10:51:15,$ 3270.155,100
2495,10:51:13,$ 3270.11,100
2496,10:51:00,$ 3268.805,100
2497,10:50:28,$ 3268.45,100
2499,10:50:11,$ 3267.00,100
2500,10:50:11,$ 3267.00,100
2501,10:50:11,$ 3268.00,251
2502,10:50:11,$ 3268.00,116
2503,10:50:11,$ 3267.90,100
2504,10:49:50,$ 3268.41,120
2505,10:49:33,$ 3270.0071,149
2506,10:48:12,$ 3268.70,100
2507,10:47:31,$ 3268.90,100
2508,10:47:24,$ 3270.00,100
2509,10:47:06,$ 3268.7337,100
2510,10:46:47,$ 3268.565,100
2511,10:46:07,$ 3268.75,100
2512,10:45:54,$ 3269.72,100
2513,10:45:21,$ 3269.99,100
2514,10:44:41,$ 3269.36,100
2515,10:44:16,$ 3267.63,100
2516,10:44:15,$ 3268.30,100
2517,10:44:15,$ 3268.245,100
2518,10:44:12,$ 3268.83,100
2520,10:44:05,$ 3268.095,100
2521,10:44:03,$ 3268.09,100
2522,10:43:34,$ 3268.625,100
2523,10:43:27,$ 3269.09,100
2524,10:43:25,$ 3268.80,100
2525,10:43:19,$ 3269.48,100
2526,10:43:16,$ 3269.325,100
2527,10:43:10,$ 3268.71,200
2528,10:43:08,$ 3268.75,100
2529,10:43:08,$ 3268.43,100
2530,10:42:41,$ 3267.11,100
2531,10:42:40,$ 3267.582,150
2532,10:42:40,$ 3267.14,100
2533,10:42:40,$ 3267.80,100
2534,10:42:40,$ 3267.14,100
2535,10:42:40,$ 3267.1138,200
2536,10:42:40,$ 3267.14,100
2537,10:42:31,$ 3268.8621,100
2538,10:41:59,$ 3269.095,100
2539,10:41:46,$ 3268.05,100
2541,10:41:24,$ 3270.01,100
2542,10:41:23,$ 3270.3852,149
2543,10:41:21,$ 3270.335,100
2544,10:41:21,$ 3270.335,199
2545,10:41:13,$ 3270.325,100
2546,10:41:12,$ 3270.66,100
2547,10:41:09,$ 3270.75,100
2548,10:41:09,$ 3270.655,100
2549,10:41:08,$ 3270.22,100
2550,10:41:08,$ 3270.10,100
2551,10:41:08,$ 3270.06,100
2552,10:41:08,$ 3270.55,100
2553,10:41:08,$ 3270.57,100
2554,10:40:55,$ 3270.06,100
2555,10:40:33,$ 3270.08,100
2556,10:40:33,$ 3270.1175,100
2557,10:40:33,$ 3270.08,100
2558,10:40:33,$ 3270.47,100
2559,10:40:33,$ 3270.08,100
2560,10:40:25,$ 3270.46,100
2562,10:40:18,$ 3270.24,100
2563,10:40:02,$ 3269.555,100
2564,10:40:02,$ 3270.00,318
2565,10:40:01,$ 3270.00,100
2566,10:39:46,$ 3269.32,100
2567,10:39:38,$ 3269.00,100
2568,10:39:24,$ 3268.90,100
2569,10:38:58,$ 3269.24,100
2570,10:38:52,$ 3268.50,100
2571,10:38:36,$ 3267.66,100
2572,10:38:11,$ 3267.675,"1,000"
2573,10:38:09,$ 3267.14,999
2574,10:38:00,$ 3268.10,100
2575,10:37:43,$ 3268.50,100
2576,10:37:43,$ 3267.9718,206
2577,10:37:40,$ 3267.3459,109
2578,10:37:39,$ 3267.62,100
2579,10:37:39,$ 3267.66,100
2580,10:37:39,$ 3267.96,159
2581,10:37:39,$ 3268.0001,126
2583,10:37:39,$ 3268.00,126
2584,10:37:37,$ 3268.499,147
2585,10:37:37,$ 3268.499,513
2586,10:37:37,$ 3268.499,100
2587,10:37:37,$ 3268.36,100
2588,10:37:35,$ 3268.495,"1,000"
2589,10:37:15,$ 3268.96,100
2590,10:36:48,$ 3269.97,100
2591,10:36:05,$ 3269.46,100
2592,10:35:47,$ 3270.1042,249
2593,10:35:45,$ 3269.92,100
2594,10:35:43,$ 3268.9245,624
2595,10:35:43,$ 3269.29,100
2596,10:35:43,$ 3269.10,100
2597,10:35:42,$ 3269.26,100
2598,10:35:41,$ 3269.815,"1,000"
2599,10:35:40,$ 3269.79,100
2600,10:35:31,$ 3270.36,100
2601,10:35:30,$ 3270.155,100
2602,10:35:18,$ 3270.53,100
2604,10:35:17,$ 3270.1417,999
2605,10:35:16,$ 3270.04,300
2606,10:35:16,$ 3270.04,200
2607,10:35:16,$ 3270.04,100
2608,10:35:16,$ 3270.04,100
2609,10:35:14,$ 3270.15,100
2610,10:35:02,$ 3270.03,100
2611,10:35:00,$ 3270.01,100
2612,10:34:54,$ 3269.56,100
2613,10:34:54,$ 3269.51,100
2614,10:34:54,$ 3269.01,100
2615,10:34:54,$ 3269.64,100
2616,10:34:54,$ 3269.14,100
2617,10:34:54,$ 3269.675,100
2618,10:34:53,$ 3269.675,"1,000"
2619,10:34:51,$ 3270.089,999
2620,10:34:38,$ 3270.005,100
2621,10:34:38,$ 3270.005,100
2622,10:34:31,$ 3269.47,200
2623,10:34:24,$ 3270.04,100
2625,10:34:24,$ 3269.97,100
2626,10:34:24,$ 3270.00,100
2627,10:34:22,$ 3269.859,125
2628,10:34:22,$ 3269.47,100
2629,10:34:22,$ 3269.47,100
2630,10:34:22,$ 3269.43,100
2631,10:34:18,$ 3269.47,100
2632,10:34:18,$ 3269.47,100
2633,10:34:17,$ 3268.91,"1,000"
2634,10:34:16,$ 3268.906,305
2635,10:34:16,$ 3268.906,442
2636,10:34:01,$ 3268.52,100
2637,10:33:45,$ 3268.72,100
2638,10:33:45,$ 3268.72,100
2639,10:33:45,$ 3268.72,100
2640,10:33:43,$ 3267.90,126
2641,10:33:43,$ 3268.33,300
2642,10:33:02,$ 3269.99,100
2643,10:33:01,$ 3270.005,100
2644,10:33:01,$ 3270.0175,100
2646,10:33:01,$ 3270.005,100
2647,10:33:01,$ 3270.08,100
2648,10:32:54,$ 3270.5199,100
2649,10:32:52,$ 3270.44,100
2650,10:32:52,$ 3270.10,100
2651,10:32:52,$ 3270.47,100
2652,10:32:46,$ 3269.552,299
2653,10:32:37,$ 3270.02,100
2654,10:32:37,$ 3270.02,100
2655,10:32:28,$ 3270.11,100
2656,10:32:18,$ 3269.50,100
2657,10:31:34,$ 3270.035,100
2658,10:31:25,$ 3269.42,100
2659,10:30:55,$ 3270.01,100
2660,10:30:38,$ 3269.00,100
2661,10:30:28,$ 3270.00,100
2662,10:30:23,$ 3270.00,100
2663,10:30:23,$ 3270.00,100
2664,10:30:22,$ 3270.00,100
2665,10:30:22,$ 3270.13,200
2667,10:30:01,$ 3270.00,800
2669,11:29:51,$ 3285.0993,243
2670,11:29:48,$ 3286.00,114
2671,11:29:42,$ 3285.99,100
2672,11:29:41,$ 3285.529,999
2673,11:29:34,$ 3285.99,100
2674,11:29:34,$ 3286.00,229
2675,11:29:34,$ 3285.99,100
2676,11:29:34,$ 3285.99,485
2677,11:29:31,$ 3285.96,100
2678,11:29:25,$ 3285.66,100
2679,11:29:10,$ 3285.3309,959
2680,11:29:08,$ 3285.69,100
2681,11:29:08,$ 3286.01,170
2682,11:28:55,$ 3286.25,100
2683,11:28:51,$ 3286.425,100
2684,11:28:46,$ 3286.4417,149
2685,11:28:45,$ 3286.75,100
2686,11:28:44,$ 3286.85,174
2687,11:28:41,$ 3286.3249,300
2688,11:28:35,$ 3286.60,100
2690,11:28:33,$ 3286.20,100
2691,11:28:29,$ 3285.225,100
2692,11:28:19,$ 3284.637,499
2693,11:28:00,$ 3285.43,100
2694,11:27:58,$ 3285.085,100
2695,11:27:58,$ 3284.87,100
2696,11:27:55,$ 3285.3524,999
2697,11:27:53,$ 3285.68,100
2698,11:27:46,$ 3285.26,100
2699,11:27:46,$ 3285.645,100
2700,11:27:46,$ 3286.01,100
2701,11:27:43,$ 3284.9962,187
2702,11:27:39,$ 3286.01,100
2703,11:27:39,$ 3285.75,150
2704,11:27:34,$ 3285.195,150
2705,11:27:30,$ 3285.08,234
2706,11:27:30,$ 3285.07,100
2707,11:27:30,$ 3285.07,100
2708,11:27:30,$ 3285.09,100
2709,11:27:29,$ 3286.85,300
2711,11:27:29,$ 3286.208,400
2712,11:27:29,$ 3285.85,100
2713,11:27:29,$ 3286.00,145
2714,11:27:29,$ 3285.92,100
2715,11:27:29,$ 3285.07,100
2716,11:27:29,$ 3285.00,200
2717,11:27:29,$ 3285.00,100
2718,11:27:29,$ 3285.00,100
2719,11:27:29,$ 3285.00,100
2720,11:27:24,$ 3284.12,100
2721,11:27:19,$ 3284.36,100
2722,11:27:17,$ 3284.36,100
2723,11:27:17,$ 3284.36,100
2724,11:27:17,$ 3284.33,100
2725,11:27:17,$ 3284.50,149
2726,11:27:17,$ 3284.50,100
2727,11:27:04,$ 3284.02,100
2728,11:26:57,$ 3283.94,100
2729,11:26:57,$ 3283.49,100
2730,11:26:46,$ 3283.77,100
2732,11:26:36,$ 3284.07,100
2733,11:26:36,$ 3283.65,156
2734,11:26:36,$ 3283.65,149
2735,11:26:34,$ 3283.915,100
2736,11:26:14,$ 3283.305,100
2737,11:26:14,$ 3283.29,100
2738,11:25:37,$ 3283.50,100
2739,11:25:25,$ 3283.155,100
2740,11:25:04,$ 3283.26,100
2741,11:25:04,$ 3283.01,100
2742,11:25:03,$ 3283.12,100
2743,11:25:03,$ 3283.259,100
2744,11:25:03,$ 3283.50,100
2745,11:25:01,$ 3283.36,150
2746,11:25:00,$ 3283.00,300
2747,11:24:54,$ 3283.35,100
2748,11:24:49,$ 3283.695,100
2749,11:24:49,$ 3283.11,100
2750,11:24:49,$ 3283.23,100
2751,11:24:44,$ 3283.695,100
2753,11:24:42,$ 3283.765,"1,000"
2754,11:24:40,$ 3284.00,107
2755,11:24:40,$ 3283.73,100
2756,11:24:24,$ 3283.06,100
2757,11:24:20,$ 3283.375,100
2758,11:24:00,$ 3282.279,999
2759,11:23:56,$ 3282.50,100
2760,11:23:37,$ 3283.29,100
2761,11:23:34,$ 3283.42,100
2762,11:23:26,$ 3283.58,200
2763,11:23:26,$ 3284.005,100
2764,11:23:23,$ 3284.265,100
2765,11:23:16,$ 3283.67,400
2766,11:23:12,$ 3284.95,100
2767,11:23:12,$ 3284.95,100
2768,11:23:11,$ 3283.65,900
2769,11:23:11,$ 3284.32,100
2770,11:23:10,$ 3284.95,100
2771,11:23:07,$ 3284.38,160
2772,11:23:07,$ 3284.00,100
2774,11:23:07,$ 3284.00,100
2775,11:23:07,$ 3284.00,256
2776,11:23:07,$ 3283.84,100
2777,11:23:07,$ 3283.84,100
2778,11:23:07,$ 3283.84,100
2779,11:23:07,$ 3284.00,100
2780,11:23:07,$ 3283.85,100
2781,11:23:06,$ 3283.85,100
2782,11:23:06,$ 3283.84,100
2783,11:23:06,$ 3283.84,281
2784,11:23:05,$ 3283.8497,150
2785,11:23:03,$ 3283.49,100
2786,11:23:03,$ 3283.00,100
2787,11:22:51,$ 3282.50,300
2788,11:22:43,$ 3281.99,100
2789,11:22:43,$ 3281.99,100
2790,11:22:43,$ 3281.99,100
2791,11:22:43,$ 3281.99,100
2792,11:22:43,$ 3281.095,600
2793,11:22:43,$ 3281.9999,100
2795,11:22:43,$ 3281.9999,100
2796,11:22:43,$ 3282.00,100
2797,11:22:41,$ 3281.44,100
2798,11:22:22,$ 3281.09,300
2799,11:22:11,$ 3280.3074,999
2800,11:22:01,$ 3280.0101,100
2801,11:21:57,$ 3280.34,200
2802,11:21:17,$ 3281.00,198
2803,11:21:12,$ 3280.38,100
2804,11:21:09,$ 3280.74,122
2805,11:21:07,$ 3280.825,100
2806,11:21:07,$ 3280.88,100
2807,11:21:07,$ 3280.88,150
2808,11:21:07,$ 3280.87,100
2809,11:21:07,$ 3280.49,100
2810,11:21:07,$ 3280.00,100
2811,11:21:07,$ 3280.00,100
2812,11:21:07,$ 3280.00,500
2813,11:21:07,$ 3280.00,150
2814,11:21:07,$ 3279.97,100
2816,11:21:07,$ 3280.00,118
2817,11:21:07,$ 3280.00,150
2818,11:21:07,$ 3280.00,164
2819,11:21:07,$ 3279.83,100
2820,11:21:07,$ 3279.88,100
2821,11:21:07,$ 3279.88,100
2822,11:21:07,$ 3279.88,200
2823,11:21:07,$ 3279.56,300
2824,11:20:57,$ 3278.54,100
2825,11:20:57,$ 3278.57,100
2826,11:20:57,$ 3278.94,100
2827,11:20:39,$ 3278.89,100
2828,11:20:27,$ 3279.395,100
2829,11:20:21,$ 3279.00,100
2830,11:20:02,$ 3278.8008,999
2831,11:19:59,$ 3279.55,100
2832,11:19:58,$ 3279.215,100
2833,11:19:48,$ 3279.584,100
2834,11:19:48,$ 3279.55,100
2835,11:19:48,$ 3279.582,100
2837,11:19:48,$ 3279.55,100
2838,11:19:48,$ 3279.498,100
2839,11:19:48,$ 3279.40,100
2840,11:19:43,$ 3279.58,100
2841,11:19:42,$ 3279.59,100
2842,11:19:42,$ 3279.60,100
2843,11:19:39,$ 3279.26,100
2844,11:19:34,$ 3279.61,100
2845,11:19:34,$ 3279.50,400
2846,11:19:34,$ 3279.34,100
2847,11:18:53,$ 3278.16,100
2848,11:18:50,$ 3277.555,100
2849,11:17:45,$ 3277.99,100
2850,11:17:42,$ 3278.00,100
2851,11:17:41,$ 3277.98,100
2852,11:17:28,$ 3277.125,100
2853,11:17:13,$ 3277.245,100
2854,11:17:13,$ 3277.19,100
2855,11:17:13,$ 3277.40,100
2856,11:17:13,$ 3277.38,100
2858,11:17:09,$ 3277.2694,305
2859,11:16:44,$ 3278.588,120
2860,11:16:40,$ 3278.0848,305
2861,11:16:23,$ 3277.82,100
2862,11:16:23,$ 3278.54,250
2863,11:16:04,$ 3279.00,400
2864,11:16:04,$ 3278.99,100
2865,11:16:04,$ 3279.00,100
2866,11:15:45,$ 3277.535,100
2867,11:15:34,$ 3278.255,100
2868,11:15:33,$ 3278.242,124
2869,11:15:30,$ 3277.54,100
2870,11:14:57,$ 3276.381,249
2871,11:14:50,$ 3276.655,100
2872,11:14:36,$ 3277.68,200
2873,11:14:10,$ 3277.99,500
2874,11:14:10,$ 3278.00,200
2875,11:14:02,$ 3277.595,100
2876,11:13:45,$ 3277.96,100
2877,11:13:43,$ 3277.95,100
2879,11:13:43,$ 3277.46,100
2880,11:13:42,$ 3277.65,100
2881,11:13:37,$ 3276.98,100
2882,11:13:37,$ 3276.97,100
2883,11:13:36,$ 3276.15,119
2884,11:13:05,$ 3274.7169,100
2885,11:12:07,$ 3275.7082,100
2886,11:12:02,$ 3276.00,900
2887,11:11:45,$ 3275.00,100
2888,11:11:38,$ 3273.93,100
2889,11:11:38,$ 3274.18,100
2890,11:11:38,$ 3273.80,100
2891,11:11:38,$ 3273.40,100
2892,11:11:38,$ 3273.41,100
2893,11:11:38,$ 3274.23,100
2894,11:11:38,$ 3274.30,100
2895,11:11:38,$ 3274.26,100
2896,11:11:21,$ 3274.20,100
2897,11:11:10,$ 3274.29,100
2898,11:10:48,$ 3274.13,100
2900,11:10:48,$ 3274.13,100
2901,11:10:42,$ 3275.00,100
2902,11:10:26,$ 3275.00,"1,800"
2903,11:10:26,$ 3275.00,100
2904,11:10:03,$ 3275.46,100
2905,11:09:57,$ 3275.184,999
2906,11:09:55,$ 3275.51,100
2907,11:09:51,$ 3274.92,100
2908,11:09:28,$ 3273.84,"1,000"
2909,11:09:24,$ 3273.646,999
2910,11:09:20,$ 3273.40,405
2911,11:08:56,$ 3273.96,"1,800"
2912,11:08:56,$ 3273.98,100
2913,11:08:56,$ 3273.96,100
2914,11:08:56,$ 3273.96,100
2915,11:08:56,$ 3274.28,100
2916,11:08:40,$ 3275.82,100
2917,11:08:20,$ 3274.93,194
2918,11:07:50,$ 3274.75,100
2919,11:07:17,$ 3274.01,100
2921,11:07:16,$ 3275.03,100
2922,11:07:15,$ 3274.63,100
2923,11:07:15,$ 3274.61,499
2924,11:07:15,$ 3274.67,100
2925,11:07:15,$ 3274.77,100
2926,11:07:09,$ 3275.06,100
2927,11:06:56,$ 3276.00,600
2928,11:06:08,$ 3276.00,586
2929,11:06:08,$ 3276.00,370
2930,11:06:08,$ 3275.85,100
2931,11:06:04,$ 3275.50,100
2932,11:05:41,$ 3275.25,100
2933,11:05:41,$ 3276.00,100
2934,11:05:41,$ 3276.00,331
2935,11:05:40,$ 3276.865,100
2936,11:05:36,$ 3276.97,100
2937,11:05:12,$ 3276.4607,999
2938,11:05:10,$ 3277.14,100
2939,11:05:10,$ 3276.105,100
2940,11:05:10,$ 3276.06,100
2942,11:05:10,$ 3276.16,100
2943,11:05:10,$ 3276.14,100
2944,11:05:10,$ 3276.535,100
2945,11:05:00,$ 3277.67,142
2946,11:05:00,$ 3277.67,260
2947,11:04:46,$ 3277.23,100
2948,11:04:45,$ 3276.97,100
2949,11:04:41,$ 3277.38,100
2950,11:04:34,$ 3276.25,100
2951,11:04:32,$ 3276.21,100
2952,11:04:26,$ 3275.775,100
2953,11:04:25,$ 3276.01,100
2954,11:04:23,$ 3276.204,100
2955,11:04:22,$ 3277.24,100
2956,11:04:22,$ 3277.17,119
2957,11:04:22,$ 3277.00,145
2958,11:04:08,$ 3276.13,100
2959,11:03:52,$ 3275.82,100
2960,11:03:35,$ 3276.2191,819
2961,11:03:31,$ 3275.5922,200
2963,11:03:30,$ 3275.80,100
2964,11:03:30,$ 3276.46,100
2965,11:03:30,$ 3275.1501,"1,000"
2966,11:03:24,$ 3276.00,100
2967,11:03:24,$ 3275.70,100
2968,11:02:54,$ 3275.04,100
2969,11:02:32,$ 3275.00,100
2970,11:02:32,$ 3275.00,100
2971,11:02:32,$ 3274.95,100
2972,11:01:08,$ 3273.255,100
2973,11:00:39,$ 3274.06,100
2974,11:00:33,$ 3273.9377,100
2975,11:00:20,$ 3274.145,100
2976,11:00:20,$ 3273.66,100
2977,11:00:09,$ 3274.46,100
2979,11:59:54,$ 3293.00,100
2980,11:59:47,$ 3293.00,100
2981,11:59:47,$ 3293.46,100
2982,11:59:47,$ 3293.57,100
2983,11:59:47,$ 3293.54,100
2984,11:59:44,$ 3294.00,228
2985,11:59:44,$ 3294.00,574
2986,11:59:44,$ 3294.00,100
2987,11:59:44,$ 3294.04,100
2988,11:59:11,$ 3294.50,189
2989,11:59:11,$ 3294.36,100
2990,11:59:11,$ 3294.50,202
2991,11:59:05,$ 3294.96,100
2992,11:58:38,$ 3294.882,999
2993,11:58:13,$ 3295.20,100
2994,11:58:13,$ 3295.20,100
2995,11:58:13,$ 3295.20,127
2996,11:58:12,$ 3294.855,100
2997,11:58:12,$ 3295.39,100
2998,11:58:11,$ 3295.45,100
3000,11:58:11,$ 3295.41,100
3001,11:58:02,$ 3295.45,100
3002,11:57:51,$ 3294.68,100
3003,11:57:48,$ 3295.4399,150
3004,11:57:39,$ 3294.81,"1,000"
3005,11:57:37,$ 3294.27,321
3006,11:57:37,$ 3294.805,173
3007,11:57:19,$ 3295.085,100
3008,11:57:04,$ 3294.58,100
3009,11:55:37,$ 3295.73,100
3010,11:55:33,$ 3294.745,111
3011,11:55:29,$ 3294.49,100
3012,11:55:26,$ 3294.66,"1,000"
3013,11:55:25,$ 3294.90,100
3014,11:55:25,$ 3294.86,100
3015,11:55:25,$ 3294.96,200
3016,11:55:22,$ 3294.48,100
3017,11:55:21,$ 3294.48,100
3018,11:55:21,$ 3294.20,261
3019,11:55:17,$ 3294.915,100
3021,11:55:17,$ 3293.52,100
3022,11:55:16,$ 3294.91,100
3023,11:55:16,$ 3294.775,100
3024,11:55:16,$ 3294.88,100
3025,11:55:16,$ 3294.88,100
3026,11:55:16,$ 3294.95,200
3027,11:55:10,$ 3294.86,100
3028,11:55:10,$ 3294.29,100
3029,11:55:10,$ 3293.99,161
3030,11:55:10,$ 3294.38,100
3031,11:55:10,$ 3294.38,100
3032,11:55:10,$ 3294.38,100
3033,11:55:10,$ 3293.07,100
3034,11:55:10,$ 3293.96,100
3035,11:55:10,$ 3293.12,100
3036,11:55:10,$ 3292.65,159
3037,11:55:10,$ 3292.65,200
3038,11:55:10,$ 3292.65,200
3039,11:55:10,$ 3292.65,200
3040,11:55:10,$ 3292.65,200
3042,11:55:10,$ 3292.645,200
3043,11:55:10,$ 3292.57,200
3044,11:55:10,$ 3292.57,200
3045,11:55:10,$ 3292.57,200
3046,11:55:10,$ 3292.57,200
3047,11:55:10,$ 3292.735,200
3048,11:55:10,$ 3292.735,200
3049,11:55:10,$ 3292.735,200
3050,11:55:10,$ 3292.735,100
3051,11:55:10,$ 3292.735,195
3052,11:55:10,$ 3292.735,100
3053,11:55:10,$ 3292.685,100
3054,11:55:10,$ 3292.685,253
3055,11:55:10,$ 3292.685,259
3056,11:55:10,$ 3292.68,276
3057,11:55:09,$ 3292.57,100
3058,11:54:56,$ 3292.59,100
3059,11:54:56,$ 3292.59,100
3060,11:54:50,$ 3292.2401,350
3061,11:54:25,$ 3292.88,100
3063,11:54:25,$ 3293.01,150
3064,11:54:25,$ 3293.09,100
3065,11:54:19,$ 3292.42,100
3066,11:53:56,$ 3292.97,350
3067,11:53:46,$ 3293.03,100
3068,11:53:37,$ 3292.39,100
3069,11:53:37,$ 3292.73,100
3070,11:53:27,$ 3291.27,100
3071,11:53:27,$ 3291.26,400
3072,11:53:12,$ 3291.1401,150
3073,11:53:01,$ 3291.23,109
3074,11:52:25,$ 3290.8475,999
3075,11:52:13,$ 3291.47,100
3076,11:52:04,$ 3291.00,124
3077,11:52:04,$ 3291.00,152
3078,11:52:04,$ 3291.00,231
3079,11:51:59,$ 3290.89,100
3080,11:51:59,$ 3290.235,100
3081,11:51:43,$ 3290.79,200
3082,11:51:42,$ 3290.75,100
3084,11:51:42,$ 3290.99,100
3085,11:51:25,$ 3291.05,100
3086,11:51:20,$ 3291.07,100
3087,11:51:19,$ 3291.24,100
3088,11:51:19,$ 3291.23,150
3089,11:51:19,$ 3290.47,303
3090,11:51:19,$ 3290.47,266
3091,11:51:19,$ 3290.851,284
3092,11:51:19,$ 3291.23,284
3093,11:51:17,$ 3290.65,100
3094,11:51:13,$ 3291.07,100
3095,11:51:13,$ 3291.07,100
3096,11:51:13,$ 3291.06,100
3097,11:51:12,$ 3291.05,100
3098,11:51:12,$ 3291.00,100
3099,11:51:12,$ 3290.70,100
3100,11:51:10,$ 3290.47,100
3101,11:51:08,$ 3289.90,100
3102,11:51:07,$ 3289.91,100
3103,11:51:07,$ 3289.90,166
3105,11:51:07,$ 3290.00,100
3106,11:51:00,$ 3289.325,100
3107,11:50:58,$ 3289.67,100
3108,11:50:58,$ 3289.87,100
3109,11:50:55,$ 3289.365,100
3110,11:50:32,$ 3288.55,100
3111,11:50:27,$ 3287.768,100
3112,11:50:27,$ 3287.768,100
3113,11:50:27,$ 3288.215,100
3114,11:50:26,$ 3288.07,100
3115,11:50:26,$ 3288.07,100
3116,11:50:22,$ 3287.592,100
3117,11:50:22,$ 3288.00,261
3118,11:50:22,$ 3288.615,100
3119,11:50:18,$ 3288.325,"1,500"
3120,11:50:03,$ 3288.00,100
3121,11:50:03,$ 3287.40,200
3122,11:50:03,$ 3287.55,100
3123,11:49:48,$ 3286.5601,105
3124,11:49:31,$ 3286.97,100
3126,11:49:17,$ 3285.84,100
3127,11:49:17,$ 3285.85,100
3128,11:49:17,$ 3285.869,300
3129,11:49:17,$ 3285.84,100
3130,11:49:17,$ 3285.84,100
3131,11:49:17,$ 3285.684,100
3132,11:48:46,$ 3285.075,100
3133,11:48:46,$ 3285.21,100
3134,11:48:46,$ 3285.21,100
3135,11:48:46,$ 3285.21,100
3136,11:48:07,$ 3286.8486,191
3137,11:47:57,$ 3286.39,100
3138,11:47:57,$ 3286.54,100
3139,11:47:32,$ 3286.80,100
3140,11:47:13,$ 3287.02,200
3141,11:47:05,$ 3287.00,827
3142,11:47:00,$ 3286.45,100
3143,11:46:59,$ 3286.62,100
3144,11:46:59,$ 3286.32,100
3145,11:46:35,$ 3286.22,100
3147,11:46:30,$ 3286.23,100
3148,11:46:15,$ 3286.21,100
3149,11:46:14,$ 3286.21,100
3150,11:46:11,$ 3286.34,100
3151,11:46:11,$ 3286.36,100
3152,11:46:04,$ 3286.012,100
3153,11:46:04,$ 3286.036,100
3154,11:45:42,$ 3286.59,100
3155,11:45:41,$ 3287.00,100
3156,11:45:38,$ 3287.00,133
3157,11:45:37,$ 3287.135,100
3158,11:45:36,$ 3287.98,200
3159,11:45:30,$ 3287.5385,304
3160,11:45:30,$ 3287.5385,"1,024"
3161,11:45:30,$ 3287.39,100
3162,11:45:28,$ 3287.075,100
3163,11:45:21,$ 3287.10,100
3164,11:45:21,$ 3287.119,300
3165,11:45:21,$ 3286.89,100
3166,11:45:20,$ 3287.6199,100
3168,11:45:18,$ 3286.6965,100
3169,11:45:09,$ 3286.92,100
3170,11:45:05,$ 3286.51,100
3171,11:45:01,$ 3285.00,200
3172,11:45:00,$ 3284.57,100
3173,11:44:56,$ 3283.73,100
3174,11:44:45,$ 3283.7078,100
3175,11:44:25,$ 3283.6014,135
3176,11:44:24,$ 3283.50,100
3177,11:44:20,$ 3282.375,253
3178,11:44:02,$ 3282.87,100
3179,11:44:02,$ 3283.15,200
3180,11:44:02,$ 3282.87,379
3181,11:44:02,$ 3282.87,489
3182,11:44:02,$ 3282.87,100
3183,11:44:02,$ 3282.87,100
3184,11:43:22,$ 3282.99,100
3185,11:42:49,$ 3283.00,100
3186,11:42:49,$ 3283.00,100
3187,11:42:49,$ 3282.2987,286
3189,11:42:49,$ 3282.39,117
3190,11:42:28,$ 3281.82,100
3191,11:42:08,$ 3281.82,"1,000"
3192,11:41:45,$ 3281.86,100
3193,11:41:14,$ 3282.58,100
3194,11:40:22,$ 3282.57,100
3195,11:40:16,$ 3282.86,100
3196,11:40:10,$ 3283.08,100
3197,11:39:17,$ 3283.855,100
3198,11:38:50,$ 3283.02,200
3199,11:38:48,$ 3283.12,100
3200,11:38:31,$ 3282.455,100
3201,11:38:27,$ 3282.455,100
3202,11:37:51,$ 3283.5344,100
3203,11:37:50,$ 3284.04,118
3204,11:37:32,$ 3284.895,125
3205,11:37:20,$ 3284.00,400
3206,11:37:20,$ 3284.00,100
3207,11:37:11,$ 3284.29,100
3208,11:37:11,$ 3284.535,200
3210,11:37:10,$ 3283.60,100
3211,11:36:46,$ 3283.62,400
3212,11:36:46,$ 3283.99,685
3213,11:36:46,$ 3283.23,100
3214,11:36:46,$ 3283.22,100
3215,11:35:43,$ 3286.07,100
3216,11:35:23,$ 3283.285,100
3217,11:34:43,$ 3282.62,100
3218,11:34:43,$ 3282.63,100
3219,11:34:43,$ 3282.62,100
3220,11:34:43,$ 3282.64,100
3221,11:34:43,$ 3282.63,100
3222,11:34:41,$ 3282.61,100
3223,11:34:34,$ 3282.61,100
3224,11:34:23,$ 3282.959,442
3225,11:34:23,$ 3283.07,100
3226,11:34:23,$ 3283.10,100
3227,11:34:01,$ 3283.00,100
3228,11:34:01,$ 3283.00,212
3229,11:34:01,$ 3282.99,100
3231,11:34:01,$ 3283.00,100
3232,11:34:01,$ 3283.00,145
3233,11:34:01,$ 3282.70,100
3234,11:33:59,$ 3280.86,100
3235,11:33:50,$ 3281.3599,868
3236,11:33:47,$ 3280.10,100
3237,11:33:47,$ 3280.37,100
3238,11:33:36,$ 3281.1635,125
3239,11:33:28,$ 3280.11,100
3240,11:33:13,$ 3281.03,199
3241,11:32:47,$ 3281.75,400
3242,11:32:44,$ 3281.635,100
3243,11:32:43,$ 3281.28,100
3244,11:32:43,$ 3281.28,100
3245,11:32:34,$ 3282.135,199
3246,11:32:25,$ 3282.16,100
3247,11:32:07,$ 3283.4692,299
3248,11:32:05,$ 3282.616,100
3249,11:32:05,$ 3281.88,100
3250,11:31:56,$ 3281.2225,149
3252,11:31:55,$ 3281.93,102
3253,11:31:55,$ 3281.94,100
3254,11:31:55,$ 3281.94,100
3255,11:31:55,$ 3282.28,100
3256,11:31:33,$ 3282.8278,124
3257,11:31:27,$ 3282.80,100
3258,11:31:16,$ 3283.78,100
3259,11:31:10,$ 3284.00,200
3260,11:31:09,$ 3285.00,200
3261,11:31:08,$ 3284.37,100
3262,11:31:04,$ 3285.575,100
3264,12:29:59,$ 3292.99,100
3265,12:29:50,$ 3292.29,103
3266,12:29:48,$ 3291.7134,149
3267,12:29:13,$ 3293.2247,100
3268,12:29:07,$ 3293.61,100
3269,12:29:07,$ 3293.40,120
3270,12:29:07,$ 3293.48,100
3271,12:29:07,$ 3293.40,100
3272,12:29:01,$ 3292.755,100
3273,12:29:01,$ 3292.29,100
3274,12:29:01,$ 3292.26,100
3275,12:28:55,$ 3292.14,100
3276,12:28:55,$ 3292.14,100
3277,12:28:55,$ 3292.29,100
3278,12:28:55,$ 3292.14,100
3279,12:28:41,$ 3292.25,100
3280,12:28:41,$ 3292.19,100
3281,12:27:27,$ 3292.90,100
3282,12:27:27,$ 3292.88,100
3283,12:27:15,$ 3293.4794,100
3285,12:27:01,$ 3293.20,130
3286,12:27:01,$ 3293.20,100
3287,12:26:42,$ 3292.355,100
3288,12:26:34,$ 3291.82,100
3289,12:26:25,$ 3292.11,100
3290,12:26:25,$ 3292.11,100
3291,12:26:25,$ 3291.85,100
3292,12:26:25,$ 3291.85,100
3293,12:26:25,$ 3291.85,200
3294,12:25:38,$ 3291.32,175
3295,12:25:00,$ 3290.92,100
3296,12:25:00,$ 3290.00,100
3297,12:25:00,$ 3290.00,100
3298,12:24:59,$ 3289.535,100
3299,12:24:55,$ 3290.15,122
3300,12:24:55,$ 3290.09,100
3301,12:24:34,$ 3290.25,100
3302,12:23:36,$ 3290.00,100
3303,12:23:36,$ 3290.00,100
3304,12:23:31,$ 3290.00,100
3306,12:23:28,$ 3289.63,100
3307,12:23:18,$ 3290.00,100
3308,12:23:13,$ 3290.00,100
3309,12:23:13,$ 3290.00,100
3310,12:23:05,$ 3290.00,100
3311,12:22:35,$ 3290.69,100
3312,12:22:33,$ 3290.26,100
3313,12:22:30,$ 3290.97,100
3314,12:21:51,$ 3290.97,100
3315,12:21:23,$ 3290.84,200
3316,12:21:22,$ 3291.39,100
3317,12:21:22,$ 3290.86,100
3318,12:21:16,$ 3290.7279,100
3319,12:21:02,$ 3290.85,100
3320,12:20:49,$ 3290.78,100
3321,12:20:05,$ 3290.00,100
3322,12:19:45,$ 3291.4605,119
3323,12:19:29,$ 3291.39,100
3324,12:19:25,$ 3292.79,100
3325,12:19:25,$ 3291.99,100
3327,12:19:25,$ 3291.92,100
3328,12:18:51,$ 3290.477,199
3329,12:17:50,$ 3291.00,414
3330,12:17:50,$ 3291.00,132
3331,12:17:50,$ 3291.00,181
3332,12:17:36,$ 3291.08,100
3333,12:17:29,$ 3290.83,100
3334,12:17:17,$ 3289.99,100
3335,12:17:17,$ 3290.00,100
3336,12:17:06,$ 3290.00,408
3337,12:16:39,$ 3291.00,173
3338,12:16:31,$ 3290.37,100
3339,12:16:26,$ 3290.64,100
3340,12:16:15,$ 3291.12,100
3341,12:16:03,$ 3291.05,138
3342,12:16:03,$ 3291.04,100
3343,12:15:28,$ 3290.89,100
3344,12:15:14,$ 3292.00,101
3345,12:14:41,$ 3291.9404,100
3346,12:14:35,$ 3291.785,"1,000"
3348,12:14:33,$ 3291.1612,999
3349,12:14:32,$ 3291.62,"1,000"
3350,12:14:17,$ 3292.215,"1,000"
3351,12:14:17,$ 3292.294,312
3352,12:14:17,$ 3292.294,303
3353,12:14:09,$ 3292.205,100
3354,12:14:05,$ 3292.20,100
3355,12:14:05,$ 3291.93,100
3356,12:13:45,$ 3293.32,100
3357,12:13:44,$ 3293.34,100
3358,12:13:44,$ 3293.32,100
3359,12:13:44,$ 3293.32,100
3360,12:13:44,$ 3293.32,100
3361,12:13:44,$ 3293.31,100
3362,12:13:44,$ 3293.44,100
3363,12:13:41,$ 3293.835,100
3364,12:13:19,$ 3293.31,100
3365,12:13:19,$ 3293.31,100
3366,12:13:16,$ 3292.85,100
3367,12:12:54,$ 3294.025,156
3369,12:12:32,$ 3293.45,100
3370,12:12:19,$ 3293.00,153
3371,12:11:46,$ 3293.00,138
3372,12:11:12,$ 3291.68,100
3373,12:10:53,$ 3292.00,250
3374,12:10:34,$ 3291.54,100
3375,12:10:25,$ 3291.89,100
3376,12:10:25,$ 3292.00,494
3377,12:10:25,$ 3292.00,242
3378,12:10:24,$ 3291.74,131
3379,12:10:02,$ 3293.00,100
3380,12:09:56,$ 3292.495,100
3381,12:09:56,$ 3292.00,100
3382,12:09:55,$ 3292.25,100
3383,12:09:55,$ 3292.55,100
3384,12:09:55,$ 3292.1932,160
3385,12:09:55,$ 3292.03,100
3386,12:09:55,$ 3292.03,100
3387,12:09:55,$ 3292.20,100
3388,12:09:55,$ 3292.40,100
3390,12:09:55,$ 3292.80,100
3391,12:09:43,$ 3292.645,100
3392,12:09:24,$ 3292.90,250
3393,12:09:16,$ 3292.0001,100
3394,12:07:55,$ 3293.53,100
3395,12:07:23,$ 3293.45,100
3396,12:05:28,$ 3294.98,100
3397,12:04:25,$ 3295.1813,100
3398,12:04:13,$ 3295.60,100
3399,12:04:09,$ 3295.095,200
3400,12:04:09,$ 3295.07,100
3401,12:04:08,$ 3295.17,100
3402,12:04:06,$ 3295.58,150
3403,12:04:04,$ 3295.275,100
3404,12:04:04,$ 3295.51,100
3405,12:04:03,$ 3295.15,250
3406,12:03:54,$ 3295.055,100
3407,12:03:43,$ 3295.15,100
3408,12:03:31,$ 3294.00,100
3409,12:03:28,$ 3293.00,100
3411,12:03:16,$ 3292.06,100
3412,12:03:16,$ 3292.53,100
3413,12:03:15,$ 3292.6372,151
3414,12:03:11,$ 3292.5998,200
3415,12:03:09,$ 3292.9999,100
3416,12:03:07,$ 3292.06,182
3417,12:02:52,$ 3292.48,100
3418,12:02:22,$ 3292.29,100
3419,12:02:16,$ 3292.31,100
3420,12:02:03,$ 3292.1428,199
3421,12:02:01,$ 3292.30,103
3422,12:01:57,$ 3291.42,211
3423,12:01:33,$ 3292.33,100
3424,12:01:15,$ 3294.01,100
3425,12:00:54,$ 3293.25,124
3426,12:00:48,$ 3293.01,200
3427,12:00:14,$ 3292.9565,100
3428,12:00:06,$ 3293.33,100
3430,12:59:45,$ 3287.75,100
3431,12:58:49,$ 3290.00,250
3432,12:58:44,$ 3289.64,100
3433,12:58:06,$ 3289.06,100
3434,12:57:31,$ 3289.68,160
3435,12:57:13,$ 3290.4381,500
3436,12:57:05,$ 3288.75,100
3437,12:54:28,$ 3289.33,100
3438,12:54:02,$ 3289.64,100
3439,12:53:49,$ 3290.985,100
3440,12:53:29,$ 3290.39,100
3441,12:53:29,$ 3290.49,100
3442,12:53:25,$ 3290.41,100
3443,12:52:27,$ 3289.84,100
3444,12:52:27,$ 3289.74,100
3445,12:52:08,$ 3289.60,100
3446,12:52:06,$ 3288.605,100
3447,12:51:51,$ 3289.00,571
3448,12:51:47,$ 3288.99,100
3449,12:51:41,$ 3289.00,100
3451,12:51:37,$ 3289.79,100
3452,12:51:36,$ 3289.57,100
3453,12:51:36,$ 3289.00,100
3454,12:51:36,$ 3289.00,100
3455,12:51:36,$ 3289.00,174
3456,12:51:12,$ 3288.64,125
3457,12:51:06,$ 3288.20,100
3458,12:50:26,$ 3288.73,100
3459,12:49:58,$ 3289.165,183
3460,12:49:58,$ 3289.32,100
3461,12:49:58,$ 3289.33,100
3462,12:49:57,$ 3288.859,100
3463,12:49:57,$ 3288.86,100
3464,12:49:57,$ 3288.98,100
3465,12:49:57,$ 3288.94,100
3466,12:49:57,$ 3288.95,100
3467,12:49:57,$ 3288.45,100
3468,12:49:56,$ 3288.31,100
3469,12:49:46,$ 3288.39,100
3470,12:49:39,$ 3288.28,100
3472,12:49:33,$ 3288.31,100
3473,12:49:31,$ 3288.36,100
3474,12:49:08,$ 3288.18,110
3475,12:49:08,$ 3288.18,100
3476,12:48:54,$ 3286.93,103
3477,12:48:09,$ 3287.08,109
3478,12:48:04,$ 3287.015,100
3479,12:47:33,$ 3288.4599,200
3480,12:47:23,$ 3287.40,100
3481,12:46:33,$ 3285.8373,118
3482,12:46:30,$ 3285.76,100
3483,12:46:29,$ 3286.155,100
3484,12:45:42,$ 3286.20,100
3485,12:44:50,$ 3287.23,100
3486,12:44:39,$ 3288.1257,304
3487,12:44:39,$ 3287.80,100
3488,12:44:39,$ 3287.35,100
3489,12:44:39,$ 3287.80,100
3490,12:44:39,$ 3287.69,100
3491,12:44:09,$ 3287.39,100
3493,12:44:01,$ 3286.225,100
3494,12:44:01,$ 3286.83,100
3495,12:43:28,$ 3286.065,100
3496,12:43:13,$ 3285.99,100
3497,12:43:02,$ 3285.50,165
3498,12:43:02,$ 3285.50,359
3499,12:43:02,$ 3285.50,400
3500,12:42:28,$ 3286.005,100
3501,12:42:22,$ 3286.31,100
3502,12:42:12,$ 3285.61,100
3503,12:42:12,$ 3285.40,100
3504,12:42:12,$ 3285.22,100
3505,12:42:12,$ 3285.07,479
3506,12:42:07,$ 3286.1532,203
3507,12:42:07,$ 3286.1532,"1,354"
3508,12:42:07,$ 3286.1532,120
3509,12:42:03,$ 3285.00,164
3510,12:42:03,$ 3285.00,365
3511,12:41:45,$ 3286.045,199
3512,12:41:42,$ 3286.02,100
3514,12:40:51,$ 3286.09,"2,000"
3515,12:40:08,$ 3286.76,100
3516,12:39:53,$ 3287.12,100
3517,12:39:53,$ 3287.20,100
3518,12:39:44,$ 3287.192,100
3519,12:39:37,$ 3285.38,100
3520,12:39:37,$ 3286.00,422
3521,12:39:31,$ 3287.10,100
3522,12:39:23,$ 3286.87,100
3523,12:38:59,$ 3288.595,100
3524,12:38:59,$ 3288.595,100
3525,12:38:59,$ 3288.43,100
3526,12:38:58,$ 3289.66,100
3527,12:38:54,$ 3290.00,120
3528,12:38:54,$ 3290.00,100
3529,12:38:54,$ 3290.00,100
3530,12:38:54,$ 3290.00,100
3531,12:38:52,$ 3290.00,100
3532,12:38:33,$ 3290.54,200
3533,12:38:17,$ 3290.778,499
3535,12:38:16,$ 3291.27,100
3536,12:38:15,$ 3291.15,100
3537,12:38:15,$ 3291.17,100
3538,12:38:00,$ 3290.83,100
3539,12:37:50,$ 3290.68,100
3540,12:36:30,$ 3289.895,150
3541,12:36:23,$ 3290.51,100
3542,12:36:22,$ 3290.51,100
3543,12:36:22,$ 3290.51,100
3544,12:35:58,$ 3291.13,100
3545,12:35:35,$ 3291.115,150
3546,12:35:08,$ 3290.00,100
3547,12:35:07,$ 3290.37,100
3548,12:32:52,$ 3290.22,100
3549,12:32:42,$ 3291.02,100
3550,12:32:28,$ 3291.18,100
3551,12:32:10,$ 3290.81,100
3552,12:31:43,$ 3290.12,100
3553,12:31:38,$ 3289.7952,100
3554,12:31:22,$ 3290.44,250
3556,12:31:06,$ 3290.00,100
3557,12:30:58,$ 3290.02,100
3558,12:30:58,$ 3290.42,100
3559,12:30:58,$ 3291.00,750
3560,12:30:30,$ 3291.17,100
3561,12:30:10,$ 3291.24,100
3562,12:30:09,$ 3291.14,100
3563,12:30:09,$ 3291.73,100
3564,12:30:09,$ 3291.34,100
3566,13:29:48,$ 3281.00,250
3567,13:29:37,$ 3281.00,100
3568,13:29:00,$ 3281.69,100
3569,13:28:52,$ 3282.38,100
3570,13:28:52,$ 3282.34,100
3571,13:28:40,$ 3282.13,100
3572,13:27:37,$ 3281.07,100
3573,13:27:37,$ 3281.16,100
3574,13:27:37,$ 3281.20,100
3575,13:27:31,$ 3280.30,100
3576,13:27:22,$ 3280.79,100
3577,13:27:22,$ 3280.95,100
3578,13:27:12,$ 3281.31,100
3579,13:27:12,$ 3281.2927,100
3580,13:27:12,$ 3281.2935,100
3581,13:27:07,$ 3281.86,100
3582,13:26:51,$ 3283.00,100
3583,13:26:51,$ 3283.00,433
3584,13:26:51,$ 3283.00,313
3585,13:26:51,$ 3283.00,100
3587,13:26:51,$ 3283.00,100
3588,13:26:45,$ 3283.00,100
3589,13:26:44,$ 3283.11,100
3590,13:26:38,$ 3283.11,100
3591,13:26:38,$ 3283.12,100
3592,13:26:04,$ 3282.93,100
3593,13:26:04,$ 3284.14,100
3594,13:25:30,$ 3283.78,100
3595,13:25:00,$ 3283.43,100
3596,13:24:59,$ 3283.41,100
3597,13:24:38,$ 3284.07,100
3598,13:23:12,$ 3284.24,100
3599,13:23:12,$ 3284.29,100
3600,13:23:12,$ 3284.51,100
3601,13:22:56,$ 3284.24,100
3602,13:20:12,$ 3281.67,100
3603,13:19:59,$ 3281.31,100
3604,13:19:38,$ 3281.3066,132
3605,13:19:38,$ 3282.14,100
3606,13:17:47,$ 3281.3341,299
3608,13:16:00,$ 3281.00,100
3609,13:14:44,$ 3283.15,100
3610,13:14:44,$ 3282.60,625
3611,13:14:44,$ 3283.08,100
3612,13:14:44,$ 3283.15,100
3613,13:14:44,$ 3282.43,100
3614,13:14:44,$ 3282.4296,131
3615,13:14:44,$ 3282.05,100
3616,13:14:44,$ 3282.41,100
3617,13:13:58,$ 3280.7109,249
3618,13:13:58,$ 3281.26,100
3619,13:13:46,$ 3282.115,100
3620,13:13:36,$ 3280.03,100
3621,13:13:36,$ 3280.565,100
3622,13:13:36,$ 3280.35,100
3623,13:13:36,$ 3281.83,100
3624,13:13:36,$ 3280.59,100
3625,13:13:36,$ 3280.21,100
3626,13:13:36,$ 3280.30,100
3627,13:13:36,$ 3280.59,100
3629,13:13:36,$ 3281.83,100
3630,13:13:36,$ 3281.01,100
3631,13:13:36,$ 3281.00,116
3632,13:13:36,$ 3281.83,100
3633,13:13:36,$ 3281.83,100
3634,13:13:36,$ 3281.04,100
3635,13:13:36,$ 3281.02,100
3636,13:13:36,$ 3281.00,770
3637,13:13:33,$ 3282.03,100
3638,13:13:32,$ 3282.02,100
3639,13:13:23,$ 3283.275,"1,950"
3640,13:13:17,$ 3283.16,100
3641,13:13:09,$ 3283.4854,642
3642,13:12:29,$ 3284.00,423
3643,13:12:02,$ 3282.8008,100
3644,13:11:51,$ 3283.00,100
3645,13:11:47,$ 3282.32,100
3646,13:11:31,$ 3282.32,100
3647,13:10:48,$ 3284.31,100
3648,13:10:47,$ 3283.535,100
3650,13:10:47,$ 3283.67,100
3651,13:10:28,$ 3283.90,100
3652,13:10:24,$ 3283.96,100
3653,13:10:11,$ 3285.13,200
3654,13:09:26,$ 3283.89,100
3655,13:09:17,$ 3283.90,100
3656,13:09:17,$ 3283.90,100
3657,13:09:11,$ 3283.122,209
3658,13:09:11,$ 3283.122,135
3659,13:09:05,$ 3283.7033,149
3660,13:09:04,$ 3284.30,100
3661,13:09:04,$ 3284.39,100
3662,13:08:57,$ 3285.00,198
3663,13:08:57,$ 3285.00,413
3664,13:08:57,$ 3285.00,150
3665,13:08:57,$ 3285.00,100
3666,13:08:51,$ 3285.20,100
3667,13:08:31,$ 3285.78,100
3668,13:08:27,$ 3286.04,100
3669,13:08:27,$ 3286.02,100
3671,13:08:27,$ 3286.00,111
3672,13:08:27,$ 3286.00,100
3673,13:08:24,$ 3286.00,100
3674,13:08:24,$ 3286.00,161
3675,13:08:24,$ 3286.00,100
3676,13:07:58,$ 3289.2525,100
3677,13:07:58,$ 3290.11,100
3678,13:07:58,$ 3289.265,100
3679,13:07:58,$ 3289.265,100
3680,13:07:40,$ 3288.12,100
3681,13:07:37,$ 3288.00,100
3682,13:07:11,$ 3287.6696,999
3683,13:07:03,$ 3288.13,100
3684,13:07:03,$ 3288.50,100
3685,13:07:03,$ 3288.37,100
3686,13:06:04,$ 3290.02,100
3687,13:06:04,$ 3289.52,303
3688,13:06:04,$ 3289.6276,475
3689,13:06:04,$ 3289.415,100
3690,13:06:04,$ 3289.169,300
3692,13:06:01,$ 3289.45,100
3693,13:05:26,$ 3289.615,100
3694,13:05:19,$ 3288.975,100
3695,13:05:19,$ 3289.80,110
3696,13:05:06,$ 3288.02,100
3697,13:05:06,$ 3288.00,100
3698,13:03:16,$ 3287.455,100
3699,13:03:16,$ 3288.01,100
3700,13:02:56,$ 3288.56,181
3701,13:01:52,$ 3288.06,100
3702,13:01:41,$ 3288.9999,192
3703,13:00:39,$ 3288.18,100
3704,13:00:35,$ 3287.68,100
3705,13:00:35,$ 3287.68,100
3706,13:00:35,$ 3287.68,100
3707,13:00:35,$ 3287.68,100
3708,13:00:33,$ 3287.4919,"1,000"
3709,13:00:11,$ 3288.1113,100
3711,13:59:34,$ 3275.00,100
3712,13:59:34,$ 3274.92,100
3713,13:59:34,$ 3274.92,100
3714,13:59:32,$ 3274.29,100
3715,13:59:29,$ 3274.2801,100
3716,13:59:00,$ 3275.39,100
3717,13:59:00,$ 3274.978,188
3718,13:59:00,$ 3274.978,100
3719,13:59:00,$ 3275.37,100
3720,13:59:00,$ 3274.978,100
3721,13:58:09,$ 3276.2735,135
3722,13:58:01,$ 3274.725,100
3723,13:57:42,$ 3275.9899,100
3724,13:57:30,$ 3274.14,100
3725,13:57:27,$ 3274.39,100
3726,13:57:26,$ 3275.555,500
3727,13:57:20,$ 3274.40,200
3728,13:57:20,$ 3274.44,100
3729,13:57:19,$ 3275.19,100
3730,13:57:16,$ 3275.55,100
3732,13:57:06,$ 3275.19,500
3733,13:57:03,$ 3274.85,100
3734,13:55:55,$ 3274.37,100
3735,13:54:48,$ 3274.65,198
3736,13:54:30,$ 3274.51,100
3737,13:54:29,$ 3273.27,190
3738,13:54:25,$ 3274.1039,750
3739,13:54:25,$ 3273.637,100
3740,13:54:15,$ 3273.3983,100
3741,13:54:07,$ 3272.852,100
3742,13:54:07,$ 3273.415,100
3743,13:54:02,$ 3273.07,100
3744,13:53:57,$ 3273.115,100
3745,13:53:31,$ 3273.59,100
3746,13:53:23,$ 3273.0401,218
3747,13:53:02,$ 3274.00,480
3748,13:52:19,$ 3275.0548,186
3749,13:52:19,$ 3276.03,280
3750,13:52:12,$ 3274.9917,100
3751,13:52:07,$ 3275.49,100
3753,13:51:45,$ 3274.00,100
3754,13:51:45,$ 3274.35,200
3755,13:51:44,$ 3275.01,100
3756,13:51:44,$ 3275.00,199
3757,13:51:44,$ 3275.00,100
3758,13:51:44,$ 3275.00,100
3759,13:51:44,$ 3275.00,100
3760,13:51:38,$ 3276.34,150
3761,13:51:37,$ 3275.73,100
3762,13:50:37,$ 3276.5443,299
3763,13:50:20,$ 3276.00,100
3764,13:50:20,$ 3276.00,100
3765,13:50:18,$ 3276.05,100
3766,13:50:15,$ 3277.05,100
3767,13:48:55,$ 3277.37,"1,000"
3768,13:48:01,$ 3278.2964,499
3769,13:47:58,$ 3277.745,500
3770,13:47:40,$ 3276.80,100
3771,13:47:22,$ 3278.00,100
3772,13:47:20,$ 3277.49,100
3774,13:47:10,$ 3276.06,100
3775,13:45:53,$ 3276.799,170
3776,13:45:50,$ 3276.50,122
3777,13:45:50,$ 3276.50,100
3778,13:45:50,$ 3276.50,100
3779,13:45:50,$ 3277.20,100
3780,13:45:39,$ 3277.73,100
3781,13:45:39,$ 3277.66,300
3782,13:45:15,$ 3277.55,100
3783,13:45:11,$ 3277.7139,312
3784,13:45:11,$ 3277.94,100
3785,13:45:11,$ 3277.44,100
3786,13:45:11,$ 3278.46,100
3787,13:45:11,$ 3278.468,100
3788,13:45:10,$ 3278.61,100
3789,13:44:53,$ 3278.53,111
3790,13:44:48,$ 3279.04,152
3791,13:44:48,$ 3278.08,100
3792,13:44:32,$ 3278.015,500
3793,13:44:09,$ 3278.16,100
3795,13:44:09,$ 3278.69,100
3796,13:43:41,$ 3279.74,100
3797,13:42:51,$ 3280.00,100
3798,13:42:48,$ 3280.469,839
3799,13:42:26,$ 3280.05,100
3800,13:42:26,$ 3280.00,100
3801,13:42:26,$ 3280.00,136
3802,13:42:26,$ 3280.00,435
3803,13:42:16,$ 3281.405,500
3804,13:42:12,$ 3282.3174,199
3805,13:42:11,$ 3280.59,100
3806,13:42:05,$ 3281.12,100
3807,13:41:59,$ 3282.45,100
3808,13:41:40,$ 3282.505,400
3809,13:41:33,$ 3282.133,499
3810,13:41:30,$ 3281.855,101
3811,13:41:05,$ 3281.19,100
3812,13:41:05,$ 3281.19,100
3813,13:41:05,$ 3280.41,300
3814,13:41:05,$ 3280.79,200
3816,13:41:05,$ 3281.19,100
3817,13:41:05,$ 3281.19,100
3818,13:41:05,$ 3280.59,100
3819,13:40:01,$ 3278.1198,749
3820,13:39:35,$ 3278.09,500
3821,13:39:05,$ 3278.24,299
3822,13:39:00,$ 3277.50,100
3823,13:39:00,$ 3277.50,100
3824,13:39:00,$ 3277.50,100
3825,13:38:58,$ 3278.2905,100
3826,13:38:58,$ 3278.26,100
3827,13:38:58,$ 3278.28,100
3828,13:38:55,$ 3278.4215,349
3829,13:38:34,$ 3278.00,597
3830,13:38:34,$ 3277.44,100
3831,13:38:34,$ 3278.01,100
3832,13:38:34,$ 3278.01,100
3833,13:37:45,$ 3281.27,100
3834,13:37:45,$ 3281.24,100
3835,13:37:36,$ 3280.26,200
3837,13:37:27,$ 3280.44,100
3838,13:35:08,$ 3280.63,300
3839,13:35:04,$ 3280.9632,304
3840,13:35:04,$ 3280.83,103
3841,13:35:04,$ 3280.9632,418
3842,13:35:04,$ 3279.50,100
3843,13:35:04,$ 3279.49,100
3844,13:35:04,$ 3278.75,100
3845,13:35:04,$ 3279.489,300
3846,13:34:18,$ 3279.33,100
3847,13:33:35,$ 3279.4793,107
3848,13:33:21,$ 3279.725,150
3849,13:33:17,$ 3280.21,100
3850,13:33:17,$ 3279.30,100
3851,13:32:37,$ 3278.59,100
3852,13:32:13,$ 3279.615,150
3853,13:32:04,$ 3279.87,100
3854,13:32:02,$ 3279.92,100
3855,13:32:02,$ 3279.98,100
3856,13:31:49,$ 3279.01,100
3858,13:31:01,$ 3280.77,100
