,NLS Time (ET),NLS Price,NLS Share Volume
1,09:59:56,$ 3350.80,100
2,09:59:56,$ 3350.80,100
3,09:59:56,$ 3350.115,150
4,09:59:51,$ 3349.71,250
5,09:59:44,$ 3350.18,200
6,09:59:44,$ 3350.20,100
7,09:59:36,$ 3349.38,100
8,09:59:36,$ 3349.38,100
9,09:59:36,$ 3350.71,400
10,09:59:32,$ 3349.37,101
11,09:59:28,$ 3350.00,100
12,09:59:28,$ 3349.76,100
13,09:59:26,$ 3349.22,100
14,09:59:23,$ 3348.96,100
15,09:59:23,$ 3348.87,100
16,09:59:18,$ 3349.33,100
17,09:59:18,$ 3349.41,100
18,09:59:18,$ 3349.36,148
19,09:59:13,$ 3348.30,100
20,09:59:13,$ 3348.30,100
22,09:59:09,$ 3348.9538,100
23,09:59:08,$ 3348.04,100
24,09:59:06,$ 3348.04,160
25,09:59:06,$ 3348.75,150
26,09:59:04,$ 3348.63,100
27,09:59:04,$ 3348.64,100
28,09:59:04,$ 3348.64,100
29,09:59:02,$ 3348.255,100
30,09:59:02,$ 3348.255,100
31,09:59:02,$ 3348.41,200
32,09:59:02,$ 3347.88,100
33,09:58:56,$ 3348.61,146
34,09:58:53,$ 3347.814,300
35,09:58:46,$ 3346.86,100
36,09:58:46,$ 3345.79,100
37,09:58:46,$ 3345.56,100
38,09:58:44,$ 3346.88,100
39,09:58:44,$ 3346.846,100
40,09:58:43,$ 3346.61,100
41,09:58:42,$ 3346.33,100
43,09:58:40,$ 3345.95,100
44,09:58:40,$ 3346.03,100
45,09:58:39,$ 3345.105,100
46,09:58:39,$ 3345.18,100
47,09:58:39,$ 3345.00,100
48,09:58:39,$ 3345.005,100
49,09:58:39,$ 3345.29,100
50,09:58:33,$ 3346.00,100
51,09:58:28,$ 3346.7096,160
52,09:58:27,$ 3346.89,100
53,09:58:20,$ 3347.50,300
54,09:58:15,$ 3347.40,100
55,09:58:13,$ 3348.175,125
56,09:58:12,$ 3347.40,100
57,09:58:10,$ 3349.31,100
58,09:58:04,$ 3348.835,100
59,09:58:02,$ 3348.44,100
60,09:57:51,$ 3348.29,100
61,09:57:50,$ 3348.8479,100
62,09:57:46,$ 3348.45,100
64,09:57:46,$ 3348.34,100
65,09:57:46,$ 3348.43,166
66,09:57:46,$ 3348.44,142
67,09:57:46,$ 3347.99,132
68,09:57:33,$ 3347.5931,100
69,09:57:31,$ 3345.79,100
70,09:57:31,$ 3347.365,200
71,09:57:28,$ 3347.2909,400
72,09:57:25,$ 3348.39,390
73,09:57:25,$ 3348.39,100
74,09:57:24,$ 3349.30,100
75,09:57:20,$ 3349.38,100
76,09:57:20,$ 3349.39,100
77,09:57:13,$ 3348.7876,160
78,09:57:12,$ 3348.58,100
79,09:57:10,$ 3348.58,100
80,09:57:07,$ 3347.815,160
81,09:57:03,$ 3346.83,100
82,09:57:03,$ 3346.54,200
83,09:57:03,$ 3346.56,338
85,09:57:03,$ 3346.81,100
86,09:57:03,$ 3346.81,100
87,09:57:01,$ 3347.07,200
88,09:56:47,$ 3346.54,100
89,09:56:44,$ 3345.58,180
90,09:56:41,$ 3345.48,100
91,09:56:39,$ 3346.14,100
92,09:56:38,$ 3345.42,100
93,09:56:33,$ 3346.60,100
94,09:56:33,$ 3345.93,100
95,09:56:29,$ 3345.59,479
96,09:56:26,$ 3344.4034,160
97,09:56:14,$ 3344.76,100
98,09:56:14,$ 3344.76,850
99,09:56:14,$ 3344.76,140
100,09:56:07,$ 3344.01,100
101,09:56:07,$ 3344.06,100
102,09:56:05,$ 3343.67,125
103,09:56:04,$ 3342.45,100
104,09:56:04,$ 3342.10,100
106,09:56:03,$ 3341.215,200
107,09:56:03,$ 3341.33,100
108,09:56:02,$ 3341.29,100
109,09:55:48,$ 3342.13,123
110,09:55:42,$ 3342.34,200
111,09:55:42,$ 3341.56,100
112,09:55:42,$ 3342.00,100
113,09:55:40,$ 3341.12,100
114,09:55:38,$ 3340.485,100
115,09:55:38,$ 3340.56,151
116,09:55:38,$ 3340.00,100
117,09:55:37,$ 3341.575,100
118,09:55:37,$ 3341.575,100
119,09:55:32,$ 3341.583,259
120,09:55:32,$ 3341.583,222
121,09:55:29,$ 3342.00,100
122,09:55:29,$ 3341.22,100
123,09:55:29,$ 3341.17,100
124,09:55:29,$ 3341.17,300
125,09:55:28,$ 3341.99,"1,000"
127,09:55:26,$ 3341.10,100
128,09:55:23,$ 3340.21,100
129,09:55:23,$ 3340.00,123
130,09:55:23,$ 3340.00,100
131,09:55:23,$ 3340.00,100
132,09:55:16,$ 3341.626,100
133,09:55:16,$ 3340.63,100
134,09:55:15,$ 3341.59,200
135,09:55:12,$ 3341.00,100
136,09:55:11,$ 3341.13,100
137,09:55:11,$ 3341.845,160
138,09:55:11,$ 3341.40,100
139,09:55:11,$ 3341.56,100
140,09:55:06,$ 3342.53,160
141,09:55:06,$ 3342.195,100
142,09:55:04,$ 3342.01,149
143,09:55:02,$ 3343.75,100
144,09:55:02,$ 3343.42,182
145,09:55:02,$ 3342.87,200
146,09:54:58,$ 3343.46,100
148,09:54:57,$ 3343.2542,100
149,09:54:51,$ 3343.5583,100
150,09:54:50,$ 3344.7599,100
151,09:54:42,$ 3343.9338,105
152,09:54:37,$ 3344.03,160
153,09:54:36,$ 3343.75,100
154,09:54:30,$ 3343.68,100
155,09:54:30,$ 3343.35,100
156,09:54:30,$ 3343.35,100
157,09:54:30,$ 3343.368,100
158,09:54:29,$ 3343.75,100
159,09:54:22,$ 3343.422,100
160,09:54:22,$ 3342.90,100
161,09:54:22,$ 3342.58,100
162,09:54:22,$ 3342.59,100
163,09:54:22,$ 3342.52,100
164,09:54:22,$ 3342.07,100
165,09:54:22,$ 3341.90,100
166,09:54:22,$ 3341.84,100
167,09:54:22,$ 3341.705,100
169,09:54:22,$ 3341.62,100
170,09:54:22,$ 3341.84,100
171,09:54:22,$ 3341.69,100
172,09:54:21,$ 3341.69,100
173,09:54:19,$ 3341.28,140
174,09:54:19,$ 3340.82,152
175,09:54:18,$ 3340.855,100
176,09:54:18,$ 3341.345,100
177,09:54:15,$ 3341.20,100
178,09:54:15,$ 3340.51,100
179,09:54:14,$ 3342.50,500
180,09:54:12,$ 3340.525,100
181,09:54:12,$ 3340.48,100
182,09:54:10,$ 3341.1678,"1,000"
183,09:54:09,$ 3341.69,100
184,09:54:09,$ 3341.71,100
185,09:54:09,$ 3342.05,100
186,09:54:08,$ 3341.01,100
187,09:54:08,$ 3341.00,100
188,09:54:08,$ 3341.01,100
190,09:54:08,$ 3340.53,100
191,09:54:08,$ 3341.54,100
192,09:54:08,$ 3341.51,100
193,09:54:08,$ 3341.22,100
194,09:54:08,$ 3341.03,100
195,09:54:08,$ 3341.02,100
196,09:54:08,$ 3341.00,100
197,09:54:07,$ 3341.38,100
198,09:54:07,$ 3342.52,100
199,09:54:07,$ 3342.52,100
200,09:54:07,$ 3342.53,128
201,09:54:07,$ 3343.1883,160
202,09:54:04,$ 3342.145,100
203,09:54:04,$ 3343.01,300
204,09:54:04,$ 3343.01,100
205,09:54:01,$ 3343.22,190
206,09:54:00,$ 3343.81,100
207,09:54:00,$ 3343.81,100
208,09:53:56,$ 3344.76,100
209,09:53:56,$ 3344.76,200
211,09:53:52,$ 3343.98,100
212,09:53:50,$ 3344.75,160
213,09:53:50,$ 3344.66,100
214,09:53:48,$ 3344.00,100
215,09:53:45,$ 3344.52,100
216,09:53:44,$ 3344.545,100
217,09:53:44,$ 3345.50,100
218,09:53:38,$ 3347.01,100
219,09:53:34,$ 3347.34,100
220,09:53:32,$ 3346.835,142
221,09:53:27,$ 3346.9801,200
222,09:53:18,$ 3345.22,114
223,09:53:10,$ 3349.39,100
224,09:53:06,$ 3348.65,100
225,09:53:06,$ 3348.92,100
226,09:53:02,$ 3347.47,100
227,09:52:59,$ 3347.90,100
228,09:52:59,$ 3348.10,100
229,09:52:56,$ 3346.68,100
230,09:52:56,$ 3346.68,100
232,09:52:47,$ 3349.27,100
233,09:52:47,$ 3349.435,169
234,09:52:45,$ 3350.2043,831
235,09:52:36,$ 3347.74,100
236,09:52:36,$ 3347.715,100
237,09:52:36,$ 3347.715,100
238,09:52:36,$ 3348.40,100
239,09:52:33,$ 3348.14,100
240,09:52:32,$ 3348.765,100
241,09:52:31,$ 3347.305,100
242,09:52:27,$ 3346.35,160
243,09:52:27,$ 3346.97,100
244,09:52:25,$ 3345.0301,100
245,09:52:25,$ 3346.57,200
246,09:52:25,$ 3346.58,100
247,09:52:25,$ 3346.34,100
248,09:52:24,$ 3344.765,100
249,09:52:24,$ 3344.94,105
250,09:52:24,$ 3345.185,300
251,09:52:24,$ 3344.94,100
253,09:52:24,$ 3344.94,100
254,09:52:24,$ 3344.94,100
255,09:52:20,$ 3344.92,100
256,09:52:17,$ 3345.22,100
257,09:52:17,$ 3345.33,100
258,09:52:14,$ 3343.42,100
259,09:52:14,$ 3344.30,189
260,09:52:14,$ 3344.28,100
261,09:52:13,$ 3343.6871,195
262,09:52:13,$ 3343.6871,547
263,09:52:11,$ 3343.854,126
264,09:52:09,$ 3343.32,100
265,09:52:08,$ 3343.16,100
266,09:52:05,$ 3344.90,100
267,09:52:04,$ 3344.51,100
268,09:52:04,$ 3345.7099,100
269,09:52:03,$ 3344.635,100
270,09:51:59,$ 3345.325,100
271,09:51:57,$ 3346.00,100
272,09:51:57,$ 3344.11,100
274,09:51:57,$ 3344.065,100
275,09:51:57,$ 3345.10,160
276,09:51:56,$ 3345.92,400
277,09:51:55,$ 3345.00,100
278,09:51:54,$ 3345.19,100
279,09:51:53,$ 3345.73,100
280,09:51:51,$ 3345.60,100
281,09:51:51,$ 3345.53,100
282,09:51:51,$ 3345.56,100
283,09:51:51,$ 3346.4755,100
284,09:51:50,$ 3346.095,100
285,09:51:50,$ 3345.8459,500
286,09:51:49,$ 3346.47,100
287,09:51:49,$ 3346.51,100
288,09:51:48,$ 3345.575,100
289,09:51:47,$ 3345.85,100
290,09:51:45,$ 3346.6284,300
291,09:51:45,$ 3346.55,200
292,09:51:44,$ 3346.5224,160
293,09:51:42,$ 3346.62,200
295,09:51:42,$ 3346.54,235
296,09:51:42,$ 3346.54,100
297,09:51:42,$ 3346.54,100
298,09:51:42,$ 3346.955,200
299,09:51:42,$ 3346.955,100
300,09:51:42,$ 3347.37,100
301,09:51:41,$ 3347.27,100
302,09:51:31,$ 3347.02,100
303,09:51:30,$ 3347.04,100
304,09:51:22,$ 3348.985,300
305,09:51:22,$ 3348.985,200
306,09:51:15,$ 3349.29,100
307,09:51:13,$ 3348.75,100
308,09:51:12,$ 3348.15,100
309,09:51:09,$ 3348.75,177
310,09:51:07,$ 3348.25,100
311,09:51:07,$ 3348.74,100
312,09:51:06,$ 3348.496,100
313,09:51:06,$ 3348.496,100
314,09:51:05,$ 3348.51,100
316,09:51:04,$ 3347.45,500
317,09:51:04,$ 3347.23,117
318,09:51:04,$ 3347.11,100
319,09:51:01,$ 3346.42,100
320,09:51:01,$ 3346.47,100
321,09:51:01,$ 3346.85,162
322,09:51:01,$ 3346.87,100
323,09:50:55,$ 3347.00,200
324,09:50:55,$ 3347.00,100
325,09:50:55,$ 3347.00,103
326,09:50:53,$ 3346.01,100
327,09:50:53,$ 3346.05,100
328,09:50:53,$ 3347.00,100
329,09:50:53,$ 3346.78,100
330,09:50:53,$ 3347.00,110
331,09:50:52,$ 3347.77,100
332,09:50:46,$ 3349.1599,160
333,09:50:43,$ 3349.12,100
334,09:50:43,$ 3349.605,100
335,09:50:38,$ 3350.00,300
337,09:50:38,$ 3348.8417,300
338,09:50:36,$ 3348.38,100
339,09:50:35,$ 3349.01,100
340,09:50:35,$ 3349.00,100
341,09:50:35,$ 3349.70,100
342,09:50:35,$ 3349.95,100
343,09:50:35,$ 3350.39,100
344,09:50:35,$ 3350.11,100
345,09:50:35,$ 3350.01,100
346,09:50:35,$ 3349.94,100
347,09:50:24,$ 3351.24,300
348,09:50:18,$ 3350.98,100
349,09:50:18,$ 3350.99,180
350,09:50:14,$ 3350.93,370
351,09:50:13,$ 3350.95,100
352,09:50:13,$ 3351.5562,160
353,09:50:12,$ 3351.575,160
354,09:50:10,$ 3351.29,100
355,09:50:09,$ 3350.425,100
356,09:50:06,$ 3349.04,100
358,09:50:06,$ 3349.09,100
359,09:50:03,$ 3351.17,100
360,09:50:01,$ 3351.915,160
361,09:50:00,$ 3351.22,100
362,09:50:00,$ 3351.23,100
363,09:50:00,$ 3351.12,100
364,09:50:00,$ 3351.85,100
365,09:49:58,$ 3352.66,100
366,09:49:51,$ 3351.70,100
367,09:49:50,$ 3352.97,100
368,09:49:50,$ 3353.01,155
369,09:49:41,$ 3353.02,180
370,09:49:41,$ 3353.02,100
371,09:49:38,$ 3354.3699,300
372,09:49:36,$ 3353.08,100
373,09:49:36,$ 3353.05,100
374,09:49:36,$ 3354.14,100
375,09:49:34,$ 3354.81,124
376,09:49:30,$ 3354.50,100
377,09:49:30,$ 3354.98,100
379,09:49:30,$ 3356.155,200
380,09:49:30,$ 3356.84,100
381,09:49:17,$ 3355.85,100
382,09:49:17,$ 3356.00,100
383,09:49:17,$ 3356.00,100
384,09:49:15,$ 3356.77,100
385,09:49:13,$ 3357.00,100
386,09:49:13,$ 3357.00,100
387,09:49:11,$ 3357.05,300
388,09:49:05,$ 3357.06,300
389,09:49:00,$ 3358.155,100
390,09:48:59,$ 3358.59,100
391,09:48:59,$ 3358.78,197
392,09:48:58,$ 3359.65,100
393,09:48:58,$ 3359.65,100
394,09:48:58,$ 3359.65,100
395,09:48:57,$ 3359.7867,100
396,09:48:55,$ 3359.64,200
397,09:48:55,$ 3360.28,100
398,09:48:55,$ 3360.25,100
400,09:48:55,$ 3360.00,100
401,09:48:55,$ 3358.79,135
402,09:48:53,$ 3359.6499,100
403,09:48:50,$ 3359.99,100
404,09:48:49,$ 3359.08,100
405,09:48:48,$ 3357.295,200
406,09:48:48,$ 3357.295,200
407,09:48:48,$ 3357.84,100
408,09:48:48,$ 3357.96,200
409,09:48:48,$ 3357.97,100
410,09:48:47,$ 3357.04,100
411,09:48:44,$ 3356.09,100
412,09:48:25,$ 3356.09,100
413,09:48:18,$ 3356.05,100
414,09:48:18,$ 3356.50,134
415,09:48:14,$ 3356.98,100
416,09:48:14,$ 3356.21,100
417,09:48:14,$ 3356.11,100
418,09:48:09,$ 3356.0301,100
419,09:48:08,$ 3356.79,185
421,09:48:08,$ 3356.395,100
422,09:48:04,$ 3355.00,114
423,09:48:03,$ 3354.9775,100
424,09:48:03,$ 3354.55,100
425,09:48:00,$ 3354.35,100
426,09:48:00,$ 3355.57,300
427,09:48:00,$ 3355.57,100
428,09:47:58,$ 3355.57,200
429,09:47:58,$ 3355.64,100
430,09:47:50,$ 3356.00,100
431,09:47:46,$ 3356.275,105
432,09:47:45,$ 3357.12,100
433,09:47:40,$ 3357.44,100
434,09:47:39,$ 3358.00,100
435,09:47:39,$ 3356.85,100
436,09:47:34,$ 3356.85,100
437,09:47:27,$ 3355.23,100
438,09:47:16,$ 3354.52,200
439,09:47:11,$ 3354.73,100
440,09:47:11,$ 3354.73,100
442,09:47:09,$ 3354.405,100
443,09:47:08,$ 3355.0001,150
444,09:47:02,$ 3355.00,100
445,09:47:02,$ 3355.00,100
446,09:47:02,$ 3355.00,300
447,09:47:00,$ 3355.50,100
448,09:46:58,$ 3355.45,100
449,09:46:58,$ 3355.50,100
450,09:46:58,$ 3355.45,100
451,09:46:58,$ 3356.18,100
452,09:46:58,$ 3356.04,100
453,09:46:58,$ 3355.99,100
454,09:46:55,$ 3356.865,100
455,09:46:50,$ 3356.92,100
456,09:46:50,$ 3356.99,100
457,09:46:50,$ 3356.94,100
458,09:46:50,$ 3356.92,100
459,09:46:50,$ 3356.92,100
460,09:46:50,$ 3356.87,100
461,09:46:49,$ 3358.76,100
463,09:46:48,$ 3357.10,100
464,09:46:44,$ 3358.638,100
465,09:46:38,$ 3357.79,300
466,09:46:34,$ 3354.6572,149
467,09:46:32,$ 3356.0999,125
468,09:46:26,$ 3353.75,100
469,09:46:26,$ 3353.65,100
470,09:46:26,$ 3353.60,100
471,09:46:26,$ 3353.60,100
472,09:46:23,$ 3355.42,125
473,09:46:22,$ 3354.53,100
474,09:46:20,$ 3355.02,100
475,09:46:16,$ 3354.5401,120
476,09:46:11,$ 3353.10,100
477,09:46:00,$ 3350.95,100
478,09:46:00,$ 3350.96,100
479,09:46:00,$ 3350.8619,100
480,09:45:54,$ 3351.0649,100
481,09:45:54,$ 3350.72,100
482,09:45:54,$ 3350.72,100
484,09:45:54,$ 3350.72,100
485,09:45:51,$ 3352.25,100
486,09:45:41,$ 3354.68,100
487,09:45:39,$ 3353.15,100
488,09:45:37,$ 3353.56,294
489,09:45:31,$ 3352.2575,400
490,09:45:31,$ 3352.25,100
491,09:45:30,$ 3352.26,100
492,09:45:29,$ 3352.5911,159
493,09:45:16,$ 3350.3053,200
494,09:45:14,$ 3351.02,160
495,09:45:08,$ 3346.38,100
496,09:45:08,$ 3346.38,100
497,09:45:08,$ 3346.22,100
498,09:45:08,$ 3347.84,100
499,09:45:08,$ 3347.795,500
500,09:45:07,$ 3346.21,100
501,09:45:06,$ 3348.59,100
502,09:45:03,$ 3349.86,100
503,09:45:03,$ 3349.87,159
505,09:45:02,$ 3349.595,100
506,09:45:02,$ 3349.6356,160
507,09:45:02,$ 3349.0001,139
508,09:45:00,$ 3349.52,100
509,09:45:00,$ 3350.00,100
510,09:45:00,$ 3350.00,100
511,09:44:58,$ 3350.0001,160
512,09:44:58,$ 3351.678,100
513,09:44:58,$ 3350.8715,100
514,09:44:57,$ 3351.01,100
515,09:44:57,$ 3351.25,100
516,09:44:57,$ 3352.00,100
517,09:44:57,$ 3352.05,100
518,09:44:57,$ 3352.00,100
519,09:44:57,$ 3352.00,100
520,09:44:49,$ 3354.51,100
521,09:44:49,$ 3354.51,114
522,09:44:49,$ 3354.52,100
523,09:44:47,$ 3353.79,100
524,09:44:43,$ 3353.98,100
526,09:44:43,$ 3354.22,100
527,09:44:39,$ 3354.3302,115
528,09:44:27,$ 3353.425,100
529,09:44:27,$ 3353.36,400
530,09:44:27,$ 3354.235,100
531,09:44:27,$ 3353.36,100
532,09:44:27,$ 3354.14,100
533,09:44:27,$ 3354.13,100
534,09:44:21,$ 3353.365,200
535,09:44:21,$ 3354.265,100
536,09:44:21,$ 3353.37,100
537,09:44:20,$ 3354.51,800
538,09:44:12,$ 3353.935,100
539,09:44:03,$ 3353.46,100
540,09:44:02,$ 3352.41,100
541,09:44:02,$ 3352.41,100
542,09:43:58,$ 3352.21,100
543,09:43:55,$ 3353.195,200
544,09:43:55,$ 3353.96,100
545,09:43:53,$ 3352.53,100
547,09:43:53,$ 3352.53,100
548,09:43:53,$ 3352.53,100
549,09:43:50,$ 3352.8176,"1,100"
550,09:43:50,$ 3353.25,100
551,09:43:50,$ 3353.16,100
552,09:43:50,$ 3353.15,100
553,09:43:42,$ 3354.92,100
554,09:43:42,$ 3354.92,100
555,09:43:42,$ 3354.48,100
556,09:43:33,$ 3355.04,100
557,09:43:26,$ 3355.32,100
558,09:43:18,$ 3355.76,100
559,09:43:12,$ 3355.2486,100
560,09:43:04,$ 3354.92,100
561,09:43:04,$ 3354.31,100
562,09:43:00,$ 3354.46,100
563,09:42:51,$ 3356.04,170
564,09:42:51,$ 3356.04,160
565,09:42:49,$ 3356.15,100
566,09:42:41,$ 3356.15,100
568,09:42:41,$ 3355.30,100
569,09:42:39,$ 3353.72,200
570,09:42:31,$ 3353.72,100
571,09:42:27,$ 3353.465,200
572,09:42:26,$ 3354.00,300
573,09:42:24,$ 3354.35,100
574,09:42:24,$ 3353.39,100
575,09:42:20,$ 3352.1125,200
576,09:42:19,$ 3351.12,100
577,09:42:17,$ 3349.905,110
578,09:42:14,$ 3350.00,100
579,09:42:14,$ 3350.00,100
580,09:42:14,$ 3350.00,100
581,09:42:14,$ 3350.22,100
582,09:42:14,$ 3350.22,100
583,09:42:04,$ 3352.37,100
584,09:42:03,$ 3351.8273,100
585,09:42:03,$ 3352.02,100
586,09:42:01,$ 3352.10,400
587,09:41:56,$ 3350.05,100
589,09:41:56,$ 3350.00,100
590,09:41:55,$ 3350.00,125
591,09:41:55,$ 3350.05,100
592,09:41:55,$ 3350.00,100
593,09:41:55,$ 3350.00,100
594,09:41:55,$ 3350.00,100
595,09:41:55,$ 3350.00,100
596,09:41:55,$ 3350.00,218
597,09:41:55,$ 3350.00,100
598,09:41:55,$ 3350.00,100
599,09:41:55,$ 3350.05,100
600,09:41:52,$ 3351.03,100
601,09:41:51,$ 3351.10,100
602,09:41:51,$ 3351.11,100
603,09:41:51,$ 3351.915,100
604,09:41:50,$ 3351.18,100
605,09:41:50,$ 3351.125,100
606,09:41:50,$ 3351.7912,160
607,09:41:46,$ 3352.0001,100
608,09:41:43,$ 3352.69,100
610,09:41:43,$ 3352.69,100
611,09:41:43,$ 3353.00,100
612,09:41:43,$ 3353.05,100
613,09:41:43,$ 3354.115,100
614,09:41:42,$ 3354.12,100
615,09:41:40,$ 3353.72,100
616,09:41:36,$ 3355.15,114
617,09:41:33,$ 3356.56,100
618,09:41:29,$ 3355.14,100
619,09:41:29,$ 3360.81,100
620,09:41:29,$ 3359.07,100
621,09:41:29,$ 3359.05,100
622,09:41:29,$ 3359.02,100
623,09:41:28,$ 3360.36,100
624,09:41:27,$ 3359.91,160
625,09:41:23,$ 3359.68,100
626,09:41:23,$ 3359.68,100
627,09:41:20,$ 3360.31,300
628,09:41:19,$ 3358.025,100
629,09:41:18,$ 3360.82,100
631,09:41:18,$ 3360.82,100
632,09:41:18,$ 3360.82,100
633,09:41:18,$ 3360.82,100
634,09:41:18,$ 3360.80,100
635,09:41:18,$ 3359.24,100
636,09:41:17,$ 3358.24,100
637,09:41:09,$ 3355.00,510
638,09:41:09,$ 3355.00,100
639,09:41:05,$ 3355.04,100
640,09:41:04,$ 3355.45,100
641,09:41:04,$ 3355.40,100
642,09:41:03,$ 3358.18,400
643,09:41:01,$ 3357.275,160
644,09:41:00,$ 3358.00,198
645,09:41:00,$ 3357.79,120
646,09:40:52,$ 3356.32,160
647,09:40:51,$ 3355.04,100
648,09:40:49,$ 3355.84,100
649,09:40:48,$ 3354.975,100
650,09:40:43,$ 3354.36,100
652,09:40:43,$ 3355.90,500
653,09:40:40,$ 3355.92,200
654,09:40:36,$ 3355.06,100
655,09:40:36,$ 3355.01,106
656,09:40:31,$ 3354.222,100
657,09:40:27,$ 3354.42,200
658,09:40:24,$ 3355.25,160
659,09:40:24,$ 3354.86,100
660,09:40:20,$ 3356.41,100
661,09:40:20,$ 3356.41,100
662,09:40:20,$ 3356.41,100
663,09:40:20,$ 3356.41,100
664,09:40:20,$ 3356.41,100
665,09:40:18,$ 3355.62,100
666,09:40:18,$ 3355.105,160
667,09:40:17,$ 3356.3499,100
668,09:40:16,$ 3354.69,100
669,09:40:14,$ 3353.9508,300
670,09:40:11,$ 3352.83,160
671,09:40:06,$ 3354.22,100
673,09:40:06,$ 3353.0788,160
674,09:40:03,$ 3354.06,100
675,09:40:02,$ 3354.45,100
676,09:39:56,$ 3355.36,102
677,09:39:56,$ 3355.89,100
678,09:39:56,$ 3355.30,100
679,09:39:51,$ 3354.0875,100
680,09:39:51,$ 3354.60,100
681,09:39:50,$ 3354.60,100
682,09:39:49,$ 3356.30,160
683,09:39:47,$ 3356.225,100
684,09:39:47,$ 3356.23,100
685,09:39:47,$ 3356.22,100
686,09:39:47,$ 3356.03,100
687,09:39:47,$ 3355.99,100
688,09:39:47,$ 3355.98,430
689,09:39:43,$ 3356.1748,473
690,09:39:43,$ 3354.354,100
691,09:39:40,$ 3353.9599,100
692,09:39:38,$ 3353.535,100
694,09:39:35,$ 3353.545,100
695,09:39:31,$ 3352.71,100
696,09:39:26,$ 3351.05,100
697,09:39:22,$ 3351.9699,100
698,09:39:21,$ 3350.935,100
699,09:39:16,$ 3351.05,100
700,09:39:16,$ 3351.04,100
701,09:39:12,$ 3349.48,100
702,09:39:12,$ 3350.50,100
703,09:39:12,$ 3349.13,100
704,09:39:12,$ 3349.86,100
705,09:39:12,$ 3349.00,100
706,09:39:12,$ 3349.66,100
707,09:39:12,$ 3350.54,100
708,09:39:09,$ 3350.535,100
709,09:39:07,$ 3351.01,100
710,09:39:06,$ 3350.615,100
711,09:39:05,$ 3350.59,207
712,09:39:05,$ 3350.59,193
713,09:39:01,$ 3352.18,100
715,09:38:57,$ 3351.60,100
716,09:38:54,$ 3352.40,100
717,09:38:54,$ 3352.075,100
718,09:38:54,$ 3352.80,100
719,09:38:54,$ 3352.06,100
720,09:38:54,$ 3352.06,100
721,09:38:54,$ 3352.06,200
722,09:38:53,$ 3353.00,100
723,09:38:53,$ 3352.95,100
724,09:38:51,$ 3353.095,100
725,09:38:51,$ 3353.10,100
726,09:38:50,$ 3355.00,100
727,09:38:50,$ 3354.67,112
728,09:38:48,$ 3355.40,100
729,09:38:47,$ 3355.40,100
730,09:38:47,$ 3353.0701,160
731,09:38:47,$ 3355.01,200
732,09:38:43,$ 3353.0701,104
733,09:38:38,$ 3354.57,100
734,09:38:38,$ 3354.56,100
736,09:38:37,$ 3355.495,160
737,09:38:32,$ 3352.97,100
738,09:38:30,$ 3354.10,100
739,09:38:27,$ 3354.22,100
740,09:38:26,$ 3354.6967,160
741,09:38:25,$ 3352.97,100
742,09:38:25,$ 3353.02,100
743,09:38:22,$ 3354.93,100
744,09:38:22,$ 3354.79,100
745,09:38:22,$ 3354.73,100
746,09:38:22,$ 3354.44,100
747,09:38:22,$ 3354.41,100
748,09:38:19,$ 3357.3756,160
749,09:38:18,$ 3357.115,100
750,09:38:18,$ 3356.95,100
751,09:38:17,$ 3355.02,100
752,09:38:16,$ 3353.16,100
753,09:38:16,$ 3353.17,160
754,09:38:15,$ 3353.428,100
755,09:38:15,$ 3352.99,100
757,09:38:10,$ 3353.215,500
758,09:38:10,$ 3352.34,100
759,09:38:10,$ 3352.65,100
760,09:38:10,$ 3352.81,100
761,09:38:10,$ 3352.33,100
762,09:38:10,$ 3352.45,100
763,09:38:10,$ 3352.39,100
764,09:38:10,$ 3352.38,100
765,09:38:09,$ 3353.75,100
766,09:38:09,$ 3353.75,100
767,09:38:09,$ 3351.84,500
768,09:38:09,$ 3352.31,100
769,09:38:09,$ 3352.92,100
770,09:38:06,$ 3350.525,100
771,09:38:06,$ 3352.23,100
772,09:38:06,$ 3351.42,100
773,09:38:06,$ 3350.81,100
774,09:38:06,$ 3350.566,100
775,09:38:06,$ 3350.534,100
776,09:38:06,$ 3351.413,500
778,09:38:05,$ 3351.26,100
779,09:38:05,$ 3351.25,100
780,09:38:04,$ 3351.69,100
781,09:38:04,$ 3351.69,100
782,09:38:03,$ 3351.73,255
783,09:38:03,$ 3352.67,100
784,09:38:02,$ 3352.84,100
785,09:38:01,$ 3353.18,100
786,09:38:01,$ 3353.62,100
787,09:38:01,$ 3352.59,100
788,09:38:01,$ 3353.61,100
789,09:38:01,$ 3353.61,100
790,09:38:01,$ 3352.905,100
791,09:38:01,$ 3352.905,100
792,09:38:01,$ 3352.81,100
793,09:38:00,$ 3353.00,100
794,09:38:00,$ 3352.905,100
795,09:38:00,$ 3353.01,100
796,09:38:00,$ 3353.35,191
797,09:38:00,$ 3353.24,100
799,09:38:00,$ 3353.13,100
800,09:38:00,$ 3353.00,100
801,09:38:00,$ 3353.03,100
802,09:37:59,$ 3353.00,100
803,09:37:59,$ 3352.8575,100
804,09:37:59,$ 3353.08,100
805,09:37:59,$ 3353.11,100
806,09:37:58,$ 3354.80,100
807,09:37:58,$ 3354.97,100
808,09:37:58,$ 3354.97,100
809,09:37:58,$ 3354.97,100
810,09:37:58,$ 3354.97,100
811,09:37:57,$ 3353.87,100
812,09:37:56,$ 3353.46,100
813,09:37:56,$ 3353.50,100
814,09:37:53,$ 3353.64,100
815,09:37:51,$ 3353.55,100
816,09:37:51,$ 3353.69,100
817,09:37:49,$ 3354.54,100
818,09:37:46,$ 3355.925,120
820,09:37:44,$ 3356.31,100
821,09:37:43,$ 3357.00,100
822,09:37:39,$ 3353.50,100
823,09:37:39,$ 3353.36,100
824,09:37:39,$ 3353.50,100
825,09:37:39,$ 3353.46,100
826,09:37:31,$ 3351.68,100
827,09:37:31,$ 3351.68,100
828,09:37:30,$ 3352.80,100
829,09:37:30,$ 3352.80,300
830,09:37:25,$ 3352.69,387
831,09:37:25,$ 3352.27,408
832,09:37:21,$ 3353.13,100
833,09:37:18,$ 3350.95,100
834,09:37:18,$ 3351.00,100
835,09:37:12,$ 3351.44,100
836,09:37:09,$ 3351.30,100
837,09:37:04,$ 3350.905,100
838,09:37:04,$ 3350.905,100
839,09:37:04,$ 3350.905,100
841,09:37:04,$ 3350.905,100
842,09:37:04,$ 3350.905,100
843,09:37:04,$ 3350.93,100
844,09:37:04,$ 3350.905,100
845,09:37:04,$ 3350.905,100
846,09:37:04,$ 3350.905,100
847,09:37:04,$ 3350.905,100
848,09:37:04,$ 3350.905,100
849,09:37:04,$ 3350.905,100
850,09:37:04,$ 3350.825,100
851,09:37:03,$ 3350.875,100
852,09:37:03,$ 3350.84,100
853,09:37:03,$ 3350.93,100
854,09:37:03,$ 3350.925,100
855,09:37:03,$ 3350.92,100
856,09:37:02,$ 3352.00,100
857,09:37:00,$ 3353.04,100
858,09:37:00,$ 3353.03,100
859,09:36:55,$ 3351.83,263
860,09:36:54,$ 3350.71,100
862,09:36:54,$ 3351.01,100
863,09:36:54,$ 3351.01,100
864,09:36:54,$ 3350.71,100
865,09:36:54,$ 3350.92,100
866,09:36:54,$ 3351.01,100
867,09:36:54,$ 3351.00,100
868,09:36:54,$ 3351.415,100
869,09:36:53,$ 3351.01,100
870,09:36:53,$ 3351.415,100
871,09:36:53,$ 3351.47,100
872,09:36:51,$ 3351.74,100
873,09:36:51,$ 3351.42,100
874,09:36:51,$ 3352.01,100
875,09:36:51,$ 3351.88,200
876,09:36:51,$ 3351.88,100
877,09:36:51,$ 3351.88,100
878,09:36:51,$ 3351.88,100
879,09:36:51,$ 3352.33,100
880,09:36:51,$ 3353.24,300
881,09:36:49,$ 3353.2301,100
883,09:36:45,$ 3354.23,300
884,09:36:44,$ 3353.79,200
885,09:36:44,$ 3354.08,100
886,09:36:41,$ 3356.23,100
887,09:36:37,$ 3356.0887,191
888,09:36:30,$ 3357.445,100
889,09:36:29,$ 3357.445,100
890,09:36:28,$ 3356.53,100
891,09:36:28,$ 3356.53,100
892,09:36:27,$ 3357.88,100
893,09:36:25,$ 3355.405,100
894,09:36:24,$ 3356.62,100
895,09:36:24,$ 3357.00,100
896,09:36:24,$ 3357.00,100
897,09:36:24,$ 3355.75,100
898,09:36:23,$ 3356.70,100
899,09:36:23,$ 3355.77,100
900,09:36:21,$ 3355.215,100
901,09:36:18,$ 3354.635,200
902,09:36:18,$ 3355.712,100
904,09:36:18,$ 3355.598,100
905,09:36:16,$ 3351.60,100
906,09:36:15,$ 3350.94,100
907,09:36:10,$ 3350.20,100
908,09:36:10,$ 3350.21,140
909,09:36:06,$ 3350.1062,100
910,09:36:04,$ 3349.00,100
911,09:36:04,$ 3349.00,100
912,09:36:04,$ 3349.04,100
913,09:36:04,$ 3350.00,445
914,09:36:04,$ 3350.29,100
915,09:36:04,$ 3350.29,100
916,09:36:04,$ 3350.29,100
917,09:36:04,$ 3350.00,110
918,09:36:04,$ 3350.00,100
919,09:36:04,$ 3350.00,100
920,09:36:04,$ 3350.00,100
921,09:36:04,$ 3350.00,200
922,09:36:04,$ 3350.00,100
923,09:36:04,$ 3350.09,100
925,09:36:04,$ 3350.05,100
926,09:36:03,$ 3350.7139,100
927,09:36:02,$ 3351.4975,100
928,09:36:00,$ 3350.26,100
929,09:36:00,$ 3350.93,100
930,09:35:59,$ 3350.93,146
931,09:35:57,$ 3350.31,175
932,09:35:57,$ 3351.01,288
933,09:35:56,$ 3350.86,100
934,09:35:56,$ 3351.405,100
935,09:35:56,$ 3351.155,100
936,09:35:53,$ 3351.01,100
937,09:35:51,$ 3352.14,100
938,09:35:51,$ 3353.025,100
939,09:35:51,$ 3353.00,100
940,09:35:51,$ 3353.00,128
941,09:35:51,$ 3353.00,100
942,09:35:51,$ 3353.87,100
943,09:35:50,$ 3353.08,100
944,09:35:49,$ 3353.87,100
946,09:35:49,$ 3353.72,197
947,09:35:46,$ 3354.76,100
948,09:35:46,$ 3354.94,100
949,09:35:46,$ 3354.74,100
950,09:35:46,$ 3354.74,100
951,09:35:40,$ 3352.11,100
952,09:35:40,$ 3352.16,100
953,09:35:40,$ 3352.12,100
954,09:35:40,$ 3354.11,300
955,09:35:40,$ 3354.12,100
956,09:35:38,$ 3354.895,100
957,09:35:38,$ 3353.305,100
958,09:35:38,$ 3353.28,100
959,09:35:38,$ 3353.46,100
960,09:35:38,$ 3353.375,100
961,09:35:37,$ 3353.95,154
962,09:35:36,$ 3353.28,100
963,09:35:36,$ 3353.51,100
964,09:35:36,$ 3353.51,280
965,09:35:35,$ 3352.90,100
967,09:35:27,$ 3352.95,100
968,09:35:26,$ 3352.975,100
969,09:35:26,$ 3352.96,100
970,09:35:25,$ 3352.97,100
971,09:35:25,$ 3353.28,100
972,09:35:24,$ 3352.20,100
973,09:35:23,$ 3352.64,100
974,09:35:22,$ 3352.36,100
975,09:35:22,$ 3352.36,100
976,09:35:22,$ 3352.36,100
977,09:35:22,$ 3352.10,100
978,09:35:20,$ 3352.36,100
979,09:35:19,$ 3352.8587,100
980,09:35:17,$ 3352.035,100
981,09:35:17,$ 3352.035,100
982,09:35:16,$ 3352.015,100
983,09:35:15,$ 3352.015,100
984,09:35:14,$ 3351.49,101
985,09:35:14,$ 3351.41,100
986,09:35:13,$ 3350.37,102
988,09:35:13,$ 3351.01,160
989,09:35:13,$ 3351.01,100
990,09:35:09,$ 3351.98,100
991,09:35:09,$ 3351.61,100
992,09:35:09,$ 3351.60,300
993,09:35:09,$ 3351.98,160
994,09:35:08,$ 3352.80,100
995,09:35:08,$ 3351.97,100
996,09:35:08,$ 3351.97,100
997,09:35:07,$ 3352.81,110
998,09:35:07,$ 3353.14,100
999,09:35:06,$ 3353.865,500
1000,09:35:05,$ 3353.48,100
1001,09:35:04,$ 3353.48,100
1002,09:35:04,$ 3353.965,200
1003,09:35:03,$ 3353.00,100
1004,09:35:03,$ 3353.25,100
1005,09:35:02,$ 3353.42,100
1006,09:35:02,$ 3353.905,100
1007,09:35:01,$ 3354.00,100
1009,09:35:01,$ 3354.19,100
1010,09:35:01,$ 3354.18,100
1011,09:35:01,$ 3354.03,100
1012,09:35:01,$ 3354.00,100
1013,09:35:01,$ 3354.19,100
1014,09:35:00,$ 3353.12,100
1015,09:35:00,$ 3355.00,100
1016,09:35:00,$ 3355.00,438
1017,09:35:00,$ 3355.00,100
1018,09:35:00,$ 3355.00,100
1019,09:35:00,$ 3355.01,100
1020,09:34:59,$ 3355.01,100
1021,09:34:59,$ 3355.01,100
1022,09:34:59,$ 3355.51,100
1023,09:34:59,$ 3355.36,100
1024,09:34:59,$ 3355.995,100
1025,09:34:59,$ 3356.14,100
1026,09:34:59,$ 3355.00,100
1027,09:34:59,$ 3354.66,100
1028,09:34:59,$ 3354.80,100
1030,09:34:59,$ 3354.915,100
1031,09:34:59,$ 3354.95,100
1032,09:34:59,$ 3354.795,100
1033,09:34:59,$ 3354.53,100
1034,09:34:59,$ 3353.87,100
1035,09:34:59,$ 3353.87,463
1036,09:34:59,$ 3353.87,100
1037,09:34:59,$ 3353.87,100
1038,09:34:59,$ 3353.00,100
1039,09:34:58,$ 3353.86,100
1040,09:34:58,$ 3353.78,100
1041,09:34:58,$ 3353.779,300
1042,09:34:57,$ 3352.795,100
1043,09:34:56,$ 3352.555,100
1044,09:34:56,$ 3353.14,100
1045,09:34:56,$ 3353.16,100
1046,09:34:52,$ 3352.2288,150
1047,09:34:51,$ 3352.74,100
1048,09:34:49,$ 3352.79,100
1049,09:34:47,$ 3352.73,200
1051,09:34:45,$ 3354.19,100
1052,09:34:44,$ 3353.947,500
1053,09:34:41,$ 3353.9785,400
1054,09:34:41,$ 3353.53,100
1055,09:34:39,$ 3354.715,100
1056,09:34:39,$ 3354.02,100
1057,09:34:39,$ 3354.715,100
1058,09:34:39,$ 3354.715,100
1059,09:34:38,$ 3354.02,100
1060,09:34:37,$ 3353.93,100
1061,09:34:37,$ 3354.30,100
1062,09:34:37,$ 3354.185,100
1063,09:34:37,$ 3354.29,100
1064,09:34:37,$ 3354.29,100
1065,09:34:37,$ 3354.29,100
1066,09:34:37,$ 3354.38,100
1067,09:34:36,$ 3354.85,100
1068,09:34:36,$ 3354.851,"1,000"
1069,09:34:36,$ 3353.511,135
1070,09:34:35,$ 3354.5414,200
1072,09:34:33,$ 3354.72,100
1073,09:34:33,$ 3355.2163,100
1074,09:34:32,$ 3354.73,100
1075,09:34:30,$ 3354.36,100
1076,09:34:30,$ 3354.00,100
1077,09:34:30,$ 3354.45,200
1078,09:34:30,$ 3354.45,200
1079,09:34:30,$ 3354.22,100
1080,09:34:30,$ 3354.705,200
1081,09:34:30,$ 3354.715,100
1082,09:34:28,$ 3354.885,100
1083,09:34:28,$ 3355.77,100
1084,09:34:25,$ 3354.889,114
1085,09:34:24,$ 3354.40,100
1086,09:34:23,$ 3354.16,100
1087,09:34:22,$ 3354.01,100
1088,09:34:22,$ 3354.21,100
1089,09:34:22,$ 3354.24,100
1090,09:34:22,$ 3355.21,135
1091,09:34:22,$ 3354.18,100
1093,09:34:22,$ 3354.15,207
1094,09:34:21,$ 3355.11,100
1095,09:34:20,$ 3355.58,100
1096,09:34:20,$ 3355.51,100
1097,09:34:19,$ 3355.48,100
1098,09:34:12,$ 3355.63,100
1099,09:34:10,$ 3355.93,100
1100,09:34:10,$ 3355.52,100
1101,09:34:10,$ 3356.003,214
1102,09:34:10,$ 3355.93,100
1103,09:34:08,$ 3356.82,100
1104,09:34:07,$ 3356.50,100
1105,09:34:06,$ 3356.50,100
1106,09:34:05,$ 3357.01,300
1107,09:34:05,$ 3356.82,102
1108,09:34:05,$ 3357.07,100
1109,09:34:05,$ 3357.00,100
1110,09:34:05,$ 3357.00,100
1111,09:34:05,$ 3357.24,100
1112,09:34:04,$ 3357.703,384
1114,09:34:04,$ 3357.34,100
1115,09:34:04,$ 3357.705,400
1116,09:34:04,$ 3357.87,500
1117,09:34:02,$ 3357.89,300
1118,09:34:00,$ 3358.89,100
1119,09:33:58,$ 3358.81,400
1120,09:33:58,$ 3358.81,253
1121,09:33:55,$ 3359.0001,100
1122,09:33:54,$ 3359.025,100
1123,09:33:50,$ 3360.01,100
1124,09:33:50,$ 3360.025,100
1125,09:33:50,$ 3360.69,100
1126,09:33:50,$ 3361.36,100
1127,09:33:50,$ 3361.36,500
1128,09:33:50,$ 3361.36,300
1129,09:33:50,$ 3360.01,100
1130,09:33:49,$ 3360.01,100
1131,09:33:46,$ 3358.37,100
1132,09:33:40,$ 3359.21,100
1133,09:33:40,$ 3359.045,100
1135,09:33:37,$ 3359.645,100
1136,09:33:37,$ 3359.62,100
1137,09:33:37,$ 3359.645,100
1138,09:33:37,$ 3359.62,100
1139,09:33:37,$ 3359.79,130
1140,09:33:36,$ 3360.55,100
1141,09:33:35,$ 3359.84,100
1142,09:33:35,$ 3361.685,200
1143,09:33:34,$ 3359.845,100
1144,09:33:33,$ 3360.12,100
1145,09:33:33,$ 3362.39,100
1146,09:33:33,$ 3362.35,100
1147,09:33:33,$ 3362.48,100
1148,09:33:33,$ 3362.60,100
1149,09:33:33,$ 3362.60,100
1150,09:33:32,$ 3361.07,100
1151,09:33:31,$ 3362.9849,140
1152,09:33:29,$ 3362.33,100
1153,09:33:25,$ 3360.96,100
1154,09:33:25,$ 3361.44,100
1156,09:33:25,$ 3361.44,100
1157,09:33:25,$ 3361.44,100
1158,09:33:25,$ 3360.31,100
1159,09:33:25,$ 3360.90,100
1160,09:33:25,$ 3361.33,100
1161,09:33:25,$ 3361.44,100
1162,09:33:21,$ 3361.70,100
1163,09:33:21,$ 3362.29,150
1164,09:33:21,$ 3362.22,100
1165,09:33:21,$ 3361.72,100
1166,09:33:21,$ 3361.71,100
1167,09:33:21,$ 3361.67,100
1168,09:33:21,$ 3361.63,100
1169,09:33:20,$ 3362.40,100
1170,09:33:19,$ 3360.33,300
1171,09:33:19,$ 3360.33,200
1172,09:33:19,$ 3360.63,100
1173,09:33:19,$ 3365.04,500
1174,09:33:19,$ 3365.21,100
1175,09:33:19,$ 3364.40,100
1177,09:33:19,$ 3365.45,100
1178,09:33:19,$ 3362.86,100
1179,09:33:19,$ 3362.119,200
1180,09:33:19,$ 3362.149,300
1181,09:33:19,$ 3362.15,100
1182,09:33:19,$ 3361.515,100
1183,09:33:19,$ 3359.97,173
1184,09:33:18,$ 3358.62,100
1185,09:33:17,$ 3362.1499,100
1186,09:33:17,$ 3359.05,100
1187,09:33:17,$ 3358.67,100
1188,09:33:17,$ 3360.11,100
1189,09:33:17,$ 3360.10,100
1190,09:33:17,$ 3360.31,200
1191,09:33:17,$ 3360.25,100
1192,09:33:13,$ 3360.9674,390
1193,09:33:07,$ 3358.99,100
1194,09:33:07,$ 3359.00,100
1195,09:33:06,$ 3359.36,200
1196,09:33:04,$ 3356.83,300
1198,09:33:04,$ 3357.49,100
1199,09:33:04,$ 3357.905,100
1200,09:33:03,$ 3357.99,500
1201,09:33:03,$ 3356.85,100
1202,09:33:03,$ 3356.73,100
1203,09:33:01,$ 3357.19,100
1204,09:33:01,$ 3359.226,100
1205,09:33:00,$ 3358.065,100
1206,09:33:00,$ 3358.44,100
1207,09:33:00,$ 3359.23,100
1208,09:33:00,$ 3359.31,406
1209,09:33:00,$ 3359.32,100
1210,09:33:00,$ 3359.32,100
1211,09:33:00,$ 3359.32,100
1212,09:32:59,$ 3358.42,100
1213,09:32:59,$ 3357.53,100
1214,09:32:57,$ 3358.00,100
1215,09:32:57,$ 3358.975,200
1216,09:32:57,$ 3359.05,224
1217,09:32:57,$ 3359.05,500
1219,09:32:56,$ 3358.14,100
1220,09:32:56,$ 3358.20,100
1221,09:32:56,$ 3359.97,100
1222,09:32:56,$ 3359.06,100
1223,09:32:56,$ 3359.05,100
1224,09:32:55,$ 3360.14,200
1225,09:32:55,$ 3360.14,100
1226,09:32:55,$ 3360.1517,270
1227,09:32:55,$ 3360.16,100
1228,09:32:55,$ 3360.19,100
1229,09:32:55,$ 3360.725,100
1230,09:32:53,$ 3360.20,100
1231,09:32:53,$ 3360.745,100
1232,09:32:52,$ 3361.05,100
1233,09:32:51,$ 3361.26,100
1234,09:32:51,$ 3361.1288,200
1235,09:32:51,$ 3360.20,100
1236,09:32:51,$ 3361.01,100
1237,09:32:50,$ 3361.00,128
1238,09:32:50,$ 3362.04,180
1240,09:32:50,$ 3361.71,100
1241,09:32:50,$ 3361.21,200
1242,09:32:49,$ 3362.13,400
1243,09:32:48,$ 3361.04,100
1244,09:32:47,$ 3362.585,100
1245,09:32:47,$ 3363.32,100
1246,09:32:47,$ 3362.12,100
1247,09:32:47,$ 3362.615,100
1248,09:32:47,$ 3362.75,100
1249,09:32:47,$ 3363.71,150
1250,09:32:47,$ 3364.23,100
1251,09:32:46,$ 3362.17,100
1252,09:32:46,$ 3363.93,100
1253,09:32:46,$ 3363.92,100
1254,09:32:46,$ 3363.93,100
1255,09:32:46,$ 3363.94,100
1256,09:32:46,$ 3365.2967,200
1257,09:32:45,$ 3364.74,112
1258,09:32:45,$ 3365.00,100
1259,09:32:45,$ 3364.34,100
1261,09:32:45,$ 3365.26,200
1262,09:32:45,$ 3365.00,869
1263,09:32:45,$ 3365.00,100
1264,09:32:45,$ 3365.00,102
1265,09:32:45,$ 3365.00,300
1266,09:32:45,$ 3365.00,100
1267,09:32:45,$ 3365.00,"1,466"
1268,09:32:45,$ 3365.26,100
1269,09:32:45,$ 3365.26,100
1270,09:32:45,$ 3365.29,200
1271,09:32:45,$ 3365.25,100
1272,09:32:45,$ 3367.01,232
1273,09:32:44,$ 3367.01,100
1274,09:32:44,$ 3367.00,100
1275,09:32:44,$ 3368.245,100
1276,09:32:44,$ 3368.22,100
1277,09:32:44,$ 3367.22,156
1278,09:32:44,$ 3368.22,100
1279,09:32:44,$ 3368.00,207
1280,09:32:44,$ 3368.00,100
1282,09:32:43,$ 3368.34,100
1283,09:32:42,$ 3368.30,100
1284,09:32:41,$ 3369.2654,100
1285,09:32:41,$ 3368.09,100
1286,09:32:39,$ 3368.04,126
1287,09:32:39,$ 3369.02,274
1288,09:32:39,$ 3368.99,100
1289,09:32:38,$ 3369.02,100
1290,09:32:38,$ 3369.195,200
1291,09:32:35,$ 3368.12,100
1292,09:32:34,$ 3368.40,100
1293,09:32:33,$ 3369.90,300
1294,09:32:33,$ 3369.09,100
1295,09:32:33,$ 3370.52,300
1296,09:32:30,$ 3369.565,100
1297,09:32:30,$ 3371.12,100
1298,09:32:30,$ 3371.13,100
1299,09:32:30,$ 3371.13,100
1300,09:32:30,$ 3370.56,100
1301,09:32:27,$ 3370.31,100
1303,09:32:27,$ 3370.26,100
1304,09:32:27,$ 3370.26,284
1305,09:32:27,$ 3370.00,100
1306,09:32:23,$ 3371.00,100
1307,09:32:22,$ 3370.21,100
1308,09:32:21,$ 3368.01,100
1309,09:32:21,$ 3370.99,100
1310,09:32:21,$ 3370.00,900
1311,09:32:21,$ 3370.00,100
1312,09:32:20,$ 3370.03,100
1313,09:32:19,$ 3371.88,200
1314,09:32:19,$ 3371.88,200
1315,09:32:19,$ 3371.88,100
1316,09:32:19,$ 3372.09,100
1317,09:32:12,$ 3375.15,100
1318,09:32:11,$ 3375.115,268
1319,09:32:11,$ 3375.60,100
1320,09:32:11,$ 3375.60,100
1321,09:32:11,$ 3377.24,192
1322,09:32:11,$ 3374.81,100
1324,09:32:11,$ 3374.80,100
1325,09:32:11,$ 3375.22,100
1326,09:32:11,$ 3374.94,100
1327,09:32:11,$ 3375.42,100
1328,09:32:11,$ 3375.93,100
1329,09:32:11,$ 3376.35,100
1330,09:32:11,$ 3377.82,200
1331,09:32:11,$ 3377.82,264
1332,09:32:11,$ 3375.41,100
1333,09:32:11,$ 3373.04,100
1334,09:32:11,$ 3373.00,100
1335,09:32:11,$ 3373.48,100
1336,09:32:11,$ 3373.15,100
1337,09:32:10,$ 3375.33,100
1338,09:32:10,$ 3374.00,100
1339,09:32:10,$ 3375.00,140
1340,09:32:10,$ 3375.00,285
1341,09:32:09,$ 3376.7611,100
1342,09:32:05,$ 3378.0639,100
1343,09:32:05,$ 3377.83,165
1345,09:32:05,$ 3376.11,100
1346,09:32:05,$ 3376.73,100
1347,09:32:05,$ 3378.87,100
1348,09:32:05,$ 3378.78,100
1349,09:32:05,$ 3378.72,100
1350,09:32:05,$ 3378.87,100
1351,09:32:05,$ 3378.78,100
1352,09:32:05,$ 3378.73,200
1353,09:32:05,$ 3378.73,300
1354,09:32:05,$ 3378.77,100
1355,09:32:03,$ 3378.73,400
1356,09:32:03,$ 3378.73,400
1357,09:32:03,$ 3378.73,400
1358,09:32:03,$ 3378.73,400
1359,09:32:03,$ 3380.02,400
1360,09:32:02,$ 3381.5599,100
1361,09:32:02,$ 3379.815,150
1362,09:32:01,$ 3379.825,100
1363,09:31:58,$ 3380.99,100
1364,09:31:58,$ 3380.99,103
1366,09:31:58,$ 3380.99,200
1367,09:31:58,$ 3380.99,193
1368,09:31:58,$ 3379.275,100
1369,09:31:56,$ 3379.665,100
1370,09:31:55,$ 3378.76,100
1371,09:31:55,$ 3378.76,100
1372,09:31:55,$ 3378.76,100
1373,09:31:54,$ 3379.07,100
1374,09:31:54,$ 3379.06,100
1375,09:31:50,$ 3378.54,100
1376,09:31:49,$ 3380.00,500
1377,09:31:46,$ 3379.0251,144
1378,09:31:45,$ 3378.975,120
1379,09:31:45,$ 3378.68,100
1380,09:31:45,$ 3378.65,100
1381,09:31:44,$ 3379.83,100
1382,09:31:42,$ 3379.10,100
1383,09:31:39,$ 3377.78,100
1384,09:31:39,$ 3377.67,100
1385,09:31:38,$ 3378.07,300
1387,09:31:38,$ 3378.08,100
1388,09:31:36,$ 3377.94,100
1389,09:31:31,$ 3375.68,100
1390,09:31:25,$ 3379.94,110
1391,09:31:25,$ 3379.41,100
1392,09:31:25,$ 3378.97,100
1393,09:31:24,$ 3375.17,100
1394,09:31:23,$ 3376.00,100
1395,09:31:21,$ 3379.99,100
1396,09:31:20,$ 3376.04,100
1397,09:31:20,$ 3376.04,100
1398,09:31:15,$ 3375.54,100
1399,09:31:13,$ 3376.52,100
1400,09:31:13,$ 3375.64,100
1401,09:31:13,$ 3375.65,100
1402,09:31:12,$ 3376.43,100
1403,09:31:10,$ 3378.55,100
1404,09:31:09,$ 3379.255,250
1405,09:31:08,$ 3378.88,100
1406,09:31:07,$ 3379.71,100
1408,09:31:07,$ 3380.09,149
1409,09:31:04,$ 3379.34,100
1410,09:31:02,$ 3380.00,395
1411,09:31:02,$ 3380.00,200
1412,09:31:02,$ 3380.00,100
1413,09:31:02,$ 3380.00,100
1414,09:31:02,$ 3380.00,100
1415,09:31:02,$ 3380.00,200
1416,09:31:02,$ 3380.00,100
1417,09:31:02,$ 3380.00,100
1418,09:31:02,$ 3380.00,136
1419,09:31:02,$ 3379.86,100
1420,09:31:02,$ 3378.27,100
1421,09:31:02,$ 3378.27,100
1422,09:31:02,$ 3378.68,100
1423,09:31:02,$ 3378.68,100
1424,09:31:02,$ 3378.68,100
1425,09:31:02,$ 3378.68,100
1426,09:31:02,$ 3378.91,100
1427,09:31:01,$ 3378.28,100
1429,09:31:01,$ 3376.76,100
1430,09:31:00,$ 3375.67,100
1431,09:31:00,$ 3375.68,100
1432,09:30:59,$ 3376.14,100
1433,09:30:58,$ 3376.12,100
1434,09:30:58,$ 3376.135,100
1435,09:30:58,$ 3377.495,100
1436,09:30:57,$ 3377.49,100
1437,09:30:57,$ 3377.4903,150
1438,09:30:54,$ 3377.245,100
1439,09:30:52,$ 3376.595,100
1440,09:30:52,$ 3376.99,130
1441,09:30:52,$ 3376.99,100
1442,09:30:52,$ 3376.99,100
1443,09:30:52,$ 3376.82,100
1444,09:30:52,$ 3376.20,100
1445,09:30:52,$ 3376.20,100
1446,09:30:50,$ 3375.83,100
1447,09:30:49,$ 3375.81,110
1448,09:30:49,$ 3375.52,100
1450,09:30:49,$ 3375.75,100
1451,09:30:49,$ 3375.87,100
1452,09:30:48,$ 3376.68,150
1453,09:30:48,$ 3376.68,100
1454,09:30:47,$ 3376.68,200
1455,09:30:45,$ 3377.305,150
1456,09:30:44,$ 3377.67,228
1457,09:30:42,$ 3375.04,100
1458,09:30:42,$ 3379.99,196
1459,09:30:42,$ 3379.78,100
1460,09:30:42,$ 3377.999,100
1461,09:30:42,$ 3378.00,100
1462,09:30:42,$ 3377.40,100
1463,09:30:41,$ 3376.38,100
1464,09:30:40,$ 3374.99,100
1465,09:30:40,$ 3374.99,100
1466,09:30:39,$ 3374.09,100
1467,09:30:35,$ 3372.45,100
1468,09:30:35,$ 3373.11,400
1469,09:30:35,$ 3373.13,100
1471,09:30:33,$ 3374.86,207
1472,09:30:33,$ 3374.775,104
1473,09:30:33,$ 3374.775,296
1474,09:30:30,$ 3375.52,100
1475,09:30:29,$ 3374.50,100
1476,09:30:27,$ 3374.58,100
1477,09:30:26,$ 3374.06,100
1478,09:30:26,$ 3369.30,100
1479,09:30:26,$ 3373.04,100
1480,09:30:26,$ 3373.04,100
1481,09:30:26,$ 3373.04,100
1482,09:30:26,$ 3373.04,100
1483,09:30:26,$ 3371.81,100
1484,09:30:26,$ 3371.62,100
1485,09:30:26,$ 3371.79,100
1486,09:30:26,$ 3371.80,100
1487,09:30:25,$ 3369.61,100
1488,09:30:25,$ 3369.09,100
1489,09:30:25,$ 3368.0001,100
1490,09:30:23,$ 3370.165,148
1492,09:30:23,$ 3370.165,248
1493,09:30:22,$ 3373.04,100
1494,09:30:22,$ 3373.04,100
1495,09:30:22,$ 3373.04,100
1496,09:30:22,$ 3370.59,100
1497,09:30:22,$ 3370.82,100
1498,09:30:18,$ 3369.79,100
1499,09:30:18,$ 3369.70,100
1500,09:30:18,$ 3370.62,100
1501,09:30:18,$ 3370.29,100
1502,09:30:18,$ 3369.78,100
1503,09:30:17,$ 3369.79,100
1504,09:30:17,$ 3369.79,112
1505,09:30:17,$ 3369.78,100
1506,09:30:17,$ 3369.78,100
1507,09:30:16,$ 3369.78,100
1508,09:30:16,$ 3368.75,100
1509,09:30:16,$ 3368.01,100
1510,09:30:16,$ 3368.00,100
1511,09:30:15,$ 3368.29,100
1513,09:30:15,$ 3368.29,100
1514,09:30:15,$ 3368.29,100
1515,09:30:11,$ 3369.81,100
1516,09:30:06,$ 3368.75,100
1517,09:30:06,$ 3368.62,100
1518,09:30:06,$ 3368.57,100
1519,09:30:06,$ 3370.3987,157
1520,09:30:05,$ 3368.74,100
1521,09:30:05,$ 3370.02,100
1522,09:30:05,$ 3370.00,140
1523,09:30:05,$ 3370.00,499
1524,09:30:05,$ 3370.00,100
1525,09:30:05,$ 3370.00,348
1526,09:30:05,$ 3370.00,100
1527,09:30:05,$ 3369.27,100
1528,09:30:05,$ 3370.56,100
1529,09:30:05,$ 3371.53,476
1530,09:30:05,$ 3371.00,217
1531,09:30:05,$ 3371.00,100
1532,09:30:05,$ 3371.00,100
1534,09:30:05,$ 3371.99,100
1535,09:30:05,$ 3372.87,100
1536,09:30:04,$ 3372.50,669
1537,09:30:04,$ 3371.20,100
1538,09:30:04,$ 3373.822,175
1539,09:30:04,$ 3372.15,100
1540,09:30:03,$ 3372.15,100
1541,09:30:03,$ 3371.50,145
1542,09:30:02,$ 3372.54,100
1543,09:30:02,$ 3374.09,100
1544,09:30:01,$ 3375.04,100
1545,09:30:01,$ 3374.545,100
1546,09:30:00,$ 3374.7514,228
1547,09:30:00,$ 3375.00,100
1548,09:30:00,$ 3375.00,368
1549,09:30:00,$ 3375.00,100
1550,09:30:00,$ 3375.00,683
1551,09:30:00,$ 3374.87,100
1552,09:30:00,$ 3375.00,300
1553,09:30:00,$ 3373.87,100
1555,09:30:00,$ 3373.95,100
1556,09:30:00,$ 3374.16,100
1557,09:30:00,$ 3372.30,100
1558,09:30:00,$ 3373.001,200
1559,09:30:00,$ 3373.00,100
1560,09:30:00,$ 3371.50,1
1561,09:30:00,$ 3371.50,1
1562,09:30:00,$ 3371.50,1
1563,09:30:00,$ 3371.50,1
1564,09:30:00,$ 3371.50,1
1565,09:30:00,$ 3371.50,1
1566,09:30:00,$ 3371.50,1
1567,09:30:00,$ 3371.50,1
1568,09:30:00,$ 3371.50,1
1569,09:30:00,$ 3371.50,1
1570,09:30:00,$ 3371.50,1
1571,09:30:00,$ 3371.50,1
1572,09:30:00,$ 3371.50,1
1573,09:30:00,$ 3371.50,1
1574,09:30:00,$ 3371.50,1
1576,09:30:00,$ 3371.50,1
1577,09:30:00,$ 3371.50,1
1578,09:30:00,$ 3371.50,1
1579,09:30:00,$ 3371.50,1
1580,09:30:00,$ 3371.50,1
1581,09:30:00,$ 3371.50,1
1582,09:30:00,$ 3371.50,1
1583,09:30:00,$ 3371.50,1
1584,09:30:00,$ 3371.50,1
1585,09:30:00,$ 3371.50,1
1586,09:30:00,$ 3371.50,1
1587,09:30:00,$ 3371.50,1
1588,09:30:00,$ 3371.50,1
1589,09:30:00,$ 3371.50,1
1590,09:30:00,$ 3371.50,1
1591,09:30:00,$ 3371.50,1
1592,09:30:00,$ 3371.50,1
1593,09:30:00,$ 3371.50,1
1594,09:30:00,$ 3371.50,1
1595,09:30:00,$ 3371.50,1
1597,09:30:00,$ 3371.50,1
1598,09:30:00,$ 3371.50,1
1599,09:30:00,$ 3371.50,1
1600,09:30:00,$ 3371.50,1
1601,09:30:00,$ 3371.50,1
1602,09:30:00,$ 3371.50,1
1603,09:30:00,$ 3371.50,1
1604,09:30:00,$ 3371.50,1
1605,09:30:00,$ 3371.50,1
1606,09:30:00,$ 3371.50,1
1607,09:30:00,$ 3371.50,1
1608,09:30:00,$ 3371.50,1
1609,09:30:00,$ 3371.50,1
1610,09:30:00,$ 3371.50,1
1611,09:30:00,$ 3371.50,10
1612,09:30:00,$ 3371.50,7
1613,09:30:00,$ 3371.50,1
1614,09:30:00,$ 3371.50,1
1615,09:30:00,$ 3371.50,1
1616,09:30:00,$ 3371.50,1
1618,09:30:00,$ 3371.50,1
1619,09:30:00,$ 3371.50,1
1620,09:30:00,$ 3371.50,1
1621,09:30:00,$ 3371.50,1
1622,09:30:00,$ 3371.50,1
1623,09:30:00,$ 3371.50,1
1624,09:30:00,$ 3371.50,1
1625,09:30:00,$ 3371.50,1
1626,09:30:00,$ 3371.50,1
1627,09:30:00,$ 3371.50,1
1628,09:30:00,$ 3371.50,1
1629,09:30:00,$ 3371.50,1
1630,09:30:00,$ 3371.50,1
1631,09:30:00,$ 3371.50,1
1632,09:30:00,$ 3371.50,1
1633,09:30:00,$ 3371.50,1
1634,09:30:00,$ 3371.50,3
1635,09:30:00,$ 3371.50,1
1636,09:30:00,$ 3371.50,1
1637,09:30:00,$ 3371.50,1
1639,09:30:00,$ 3371.50,1
1640,09:30:00,$ 3371.50,1
1641,09:30:00,$ 3371.50,1
1642,09:30:00,$ 3371.50,1
1643,09:30:00,$ 3371.50,1
1644,09:30:00,$ 3371.50,13
1645,09:30:00,$ 3371.50,2
1646,09:30:00,$ 3371.50,59
1647,09:30:00,$ 3371.50,5
1648,09:30:00,$ 3371.50,10
1649,09:30:00,$ 3371.50,10
1650,09:30:00,$ 3371.50,44
1651,09:30:00,$ 3371.50,12
1652,09:30:00,$ 3371.50,1
1653,09:30:00,$ 3371.50,7
1654,09:30:00,$ 3371.50,1
1655,09:30:00,$ 3371.50,1
1656,09:30:00,$ 3371.50,60
1657,09:30:00,$ 3371.50,1
1658,09:30:00,$ 3371.50,1
1660,09:30:00,$ 3371.50,1
1661,09:30:00,$ 3371.50,1
1662,09:30:00,$ 3371.50,1
1663,09:30:00,$ 3371.50,2
1664,09:30:00,$ 3371.50,2
1665,09:30:00,$ 3371.50,1
1666,09:30:00,$ 3371.50,1
1667,09:30:00,$ 3371.50,1
1668,09:30:00,$ 3371.50,8
1669,09:30:00,$ 3371.50,3
1670,09:30:00,$ 3371.50,50
1671,09:30:00,$ 3371.50,14
1672,09:30:00,$ 3371.50,17
1673,09:30:00,$ 3371.50,4
1674,09:30:00,$ 3371.50,1
1675,09:30:00,$ 3371.50,2
1676,09:30:00,$ 3371.50,24
1677,09:30:00,$ 3371.50,68
1678,09:30:00,$ 3371.50,3
1679,09:30:00,$ 3371.50,1
1681,09:30:00,$ 3371.50,103
1682,09:30:00,$ 3371.50,2
1683,09:30:00,$ 3371.50,1
1684,09:30:00,$ 3371.50,1
1685,09:30:00,$ 3371.50,2
1686,09:30:00,$ 3371.50,2
1687,09:30:00,$ 3371.50,1
1688,09:30:00,$ 3371.50,1
1689,09:30:00,$ 3371.50,1
1690,09:30:00,$ 3371.50,44
1691,09:30:00,$ 3371.50,3
1692,09:30:00,$ 3371.50,2
1693,09:30:00,$ 3371.50,3
1694,09:30:00,$ 3371.50,10
1695,09:30:00,$ 3371.50,4
1696,09:30:00,$ 3371.50,2
1697,09:30:00,$ 3371.50,4
1698,09:30:00,$ 3371.50,2
1699,09:30:00,$ 3371.50,14
1700,09:30:00,$ 3371.50,1
1702,09:30:00,$ 3371.50,5
1703,09:30:00,$ 3371.50,1
1704,09:30:00,$ 3371.50,1
1705,09:30:00,$ 3371.50,1
1706,09:30:00,$ 3371.50,1
1707,09:30:00,$ 3371.50,1
1708,09:30:00,$ 3371.50,1
1709,09:30:00,$ 3371.50,1
1710,09:30:00,$ 3371.50,2
1711,09:30:00,$ 3371.50,3
1712,09:30:00,$ 3371.50,5
1713,09:30:00,$ 3371.50,1
1714,09:30:00,$ 3371.50,10
1715,09:30:00,$ 3371.50,1
1716,09:30:00,$ 3371.50,3
1717,09:30:00,$ 3371.50,1
1718,09:30:00,$ 3371.50,1
1719,09:30:00,$ 3371.50,3
1720,09:30:00,$ 3371.50,3
1721,09:30:00,$ 3371.50,1
1723,09:30:00,$ 3371.50,3
1724,09:30:00,$ 3371.50,3
1725,09:30:00,$ 3371.50,30
1726,09:30:00,$ 3371.50,1
1727,09:30:00,$ 3371.50,20
1728,09:30:00,$ 3371.50,2
1729,09:30:00,$ 3371.50,36
1730,09:30:00,$ 3371.50,58
1731,09:30:00,$ 3371.50,100
1732,09:30:00,$ 3371.50,7
1733,09:30:00,$ 3371.50,2
1734,09:30:00,$ 3371.50,1
1735,09:30:00,$ 3371.50,4
1736,09:30:00,$ 3371.50,2
1737,09:30:00,$ 3371.50,2
1738,09:30:00,$ 3371.50,1
1739,09:30:00,$ 3371.50,1
1740,09:30:00,$ 3371.50,1
1741,09:30:00,$ 3371.50,12
1742,09:30:00,$ 3371.50,3
1744,09:30:00,$ 3371.50,1
1745,09:30:00,$ 3371.50,13
1746,09:30:00,$ 3371.50,6
1747,09:30:00,$ 3371.50,1
1748,09:30:00,$ 3371.50,3
1749,09:30:00,$ 3371.50,2
1750,09:30:00,$ 3371.50,1
1751,09:30:00,$ 3371.50,10
1752,09:30:00,$ 3371.50,5
1753,09:30:00,$ 3371.50,8
1754,09:30:00,$ 3371.50,7
1755,09:30:00,$ 3371.50,5
1756,09:30:00,$ 3371.50,2
1757,09:30:00,$ 3371.50,7
1758,09:30:00,$ 3371.50,1
1759,09:30:00,$ 3371.50,80
1760,09:30:00,$ 3371.50,24
1761,09:30:00,$ 3371.50,1
1762,09:30:00,$ 3371.50,1
1763,09:30:00,$ 3371.50,10
1765,09:30:00,$ 3371.50,14
1766,09:30:00,$ 3371.50,40
1767,09:30:00,$ 3371.50,30
1768,09:30:00,$ 3371.50,20
1769,09:30:00,$ 3371.50,15
1770,09:30:00,$ 3371.50,5
1771,09:30:00,$ 3371.50,2
1772,09:30:00,$ 3371.50,1
1773,09:30:00,$ 3371.50,2
1774,09:30:00,$ 3371.50,13
1775,09:30:00,$ 3371.50,33
1776,09:30:00,$ 3371.50,12
1777,09:30:00,$ 3371.50,3
1778,09:30:00,$ 3371.50,3
1779,09:30:00,$ 3371.50,1
1780,09:30:00,$ 3371.50,1
1781,09:30:00,$ 3371.50,2
1782,09:30:00,$ 3371.50,2
1783,09:30:00,$ 3371.50,4
1784,09:30:00,$ 3371.50,2
1786,09:30:00,$ 3371.50,1
1787,09:30:00,$ 3371.50,2
1788,09:30:00,$ 3371.50,3
1789,09:30:00,$ 3371.50,1
1790,09:30:00,$ 3371.50,5
1791,09:30:00,$ 3371.50,2
1792,09:30:00,$ 3371.50,14
1793,09:30:00,$ 3371.50,1
1794,09:30:00,$ 3371.50,1
1795,09:30:00,$ 3371.50,3
1796,09:30:00,$ 3371.50,1
1797,09:30:00,$ 3371.50,2
1798,09:30:00,$ 3371.50,1
1799,09:30:00,$ 3371.50,1
1800,09:30:00,$ 3371.50,1
1801,09:30:00,$ 3371.50,1
1802,09:30:00,$ 3371.50,3
1803,09:30:00,$ 3371.50,2
1804,09:30:00,$ 3371.50,2
1805,09:30:00,$ 3371.50,1
1807,09:30:00,$ 3371.50,1
1808,09:30:00,$ 3371.50,2
1809,09:30:00,$ 3371.50,1
1810,09:30:00,$ 3371.50,1
1811,09:30:00,$ 3371.50,1
1812,09:30:00,$ 3371.50,1
1813,09:30:00,$ 3371.50,1
1814,09:30:00,$ 3371.50,4
1815,09:30:00,$ 3371.50,2
1816,09:30:00,$ 3371.50,15
1817,09:30:00,$ 3371.50,1
1818,09:30:00,$ 3371.50,1
1819,09:30:00,$ 3371.50,2
1820,09:30:00,$ 3371.50,1
1821,09:30:00,$ 3371.50,3
1822,09:30:00,$ 3371.50,1
1823,09:30:00,$ 3371.50,1
1824,09:30:00,$ 3371.50,1
1825,09:30:00,$ 3371.50,5
1826,09:30:00,$ 3371.50,4
1828,09:30:00,$ 3371.50,6
1829,09:30:00,$ 3371.50,4
1830,09:30:00,$ 3371.50,8
1831,09:30:00,$ 3371.50,60
1832,09:30:00,$ 3371.50,10
1833,09:30:00,$ 3371.50,21
1834,09:30:00,$ 3371.50,6
1835,09:30:00,$ 3371.50,10
1836,09:30:00,$ 3371.50,3
1837,09:30:00,$ 3371.50,1
1838,09:30:00,$ 3371.50,30
1839,09:30:00,$ 3371.50,24
1840,09:30:00,$ 3371.50,5
1841,09:30:00,$ 3371.50,8
1842,09:30:00,$ 3371.50,2
1843,09:30:00,$ 3371.50,1
1844,09:30:00,$ 3371.50,10
1845,09:30:00,$ 3371.50,1
1846,09:30:00,$ 3371.50,1
1847,09:30:00,$ 3371.50,1
1849,09:30:00,$ 3371.50,1
1850,09:30:00,$ 3371.50,1
1851,09:30:00,$ 3371.50,1
1852,09:30:00,$ 3371.50,1
1853,09:30:00,$ 3371.50,1
1854,09:30:00,$ 3371.50,1
1855,09:30:00,$ 3371.50,1
1856,09:30:00,$ 3371.50,1
1857,09:30:00,$ 3371.50,1
1858,09:30:00,$ 3371.50,1
1859,09:30:00,$ 3371.50,1
1860,09:30:00,$ 3371.50,1
1861,09:30:00,$ 3371.50,1
1862,09:30:00,$ 3371.50,1
1863,09:30:00,$ 3371.50,1
1864,09:30:00,$ 3371.50,1
1865,09:30:00,$ 3371.50,1
1866,09:30:00,$ 3371.50,1
1867,09:30:00,$ 3371.50,1
1868,09:30:00,$ 3371.50,1
1870,09:30:00,$ 3371.50,2
1871,09:30:00,$ 3371.50,1
1872,09:30:00,$ 3371.50,1
1873,09:30:00,$ 3371.50,1
1874,09:30:00,$ 3371.50,1
1875,09:30:00,$ 3371.50,1
1876,09:30:00,$ 3371.50,1
1877,09:30:00,$ 3371.50,1
1878,09:30:00,$ 3371.50,1
1879,09:30:00,$ 3371.50,1
1880,09:30:00,$ 3371.50,1
1881,09:30:00,$ 3371.50,1
1882,09:30:00,$ 3371.50,1
1883,09:30:00,$ 3371.50,1
1884,09:30:00,$ 3371.50,1
1885,09:30:00,$ 3371.50,1
1886,09:30:00,$ 3371.50,1
1887,09:30:00,$ 3371.50,1
1888,09:30:00,$ 3371.50,1
1889,09:30:00,$ 3371.50,1
1891,09:30:00,$ 3371.50,1
1892,09:30:00,$ 3371.50,1
1893,09:30:00,$ 3371.50,1
1894,09:30:00,$ 3371.50,1
1895,09:30:00,$ 3371.50,1
1896,09:30:00,$ 3371.50,1
1897,09:30:00,$ 3371.50,1
1898,09:30:00,$ 3371.50,1
1899,09:30:00,$ 3371.50,1
1900,09:30:00,$ 3371.50,1
1901,09:30:00,$ 3371.50,1
1902,09:30:00,$ 3371.50,1
1903,09:30:00,$ 3371.50,1
1904,09:30:00,$ 3371.50,1
1905,09:30:00,$ 3371.50,1
1906,09:30:00,$ 3371.50,1
1907,09:30:00,$ 3371.50,1
1908,09:30:00,$ 3371.50,1
1909,09:30:00,$ 3371.50,1
1910,09:30:00,$ 3371.50,1
1912,09:30:00,$ 3371.50,1
1913,09:30:00,$ 3371.50,1
1914,09:30:00,$ 3371.50,1
1915,09:30:00,$ 3371.50,1
1916,09:30:00,$ 3371.50,1
1917,09:30:00,$ 3371.50,1
1918,09:30:00,$ 3371.50,1
1919,09:30:00,$ 3371.50,1
1920,09:30:00,$ 3371.50,1
1921,09:30:00,$ 3371.50,1
1922,09:30:00,$ 3371.50,1
1923,09:30:00,$ 3371.50,3
1924,09:30:00,$ 3371.50,1
1925,09:30:00,$ 3371.50,1
1926,09:30:00,$ 3371.50,1
1927,09:30:00,$ 3371.50,1
1928,09:30:00,$ 3371.50,1
1929,09:30:00,$ 3371.50,1
1930,09:30:00,$ 3371.50,1
1931,09:30:00,$ 3371.50,1
1933,09:30:00,$ 3371.50,1
1934,09:30:00,$ 3371.50,1
1935,09:30:00,$ 3371.50,1
1936,09:30:00,$ 3371.50,1
1937,09:30:00,$ 3371.50,1
1938,09:30:00,$ 3371.50,1
1939,09:30:00,$ 3371.50,1
1940,09:30:00,$ 3371.50,1
1941,09:30:00,$ 3371.50,1
1942,09:30:00,$ 3371.50,1
1943,09:30:00,$ 3371.50,1
1944,09:30:00,$ 3371.50,1
1945,09:30:00,$ 3371.50,1
1946,09:30:00,$ 3371.50,1
1947,09:30:00,$ 3371.50,1
1948,09:30:00,$ 3371.50,1
1949,09:30:00,$ 3371.50,1
1950,09:30:00,$ 3371.50,1
1951,09:30:00,$ 3371.50,1
1952,09:30:00,$ 3371.50,1
1954,09:30:00,$ 3371.50,1
1955,09:30:00,$ 3371.50,1
1956,09:30:00,$ 3371.50,1
1957,09:30:00,$ 3371.50,1
1958,09:30:00,$ 3371.50,1
1959,09:30:00,$ 3371.50,1
1960,09:30:00,$ 3371.50,1
1961,09:30:00,$ 3371.50,1
1962,09:30:00,$ 3371.50,1
1963,09:30:00,$ 3371.50,1
1964,09:30:00,$ 3371.50,1
1965,09:30:00,$ 3371.50,1
1966,09:30:00,$ 3371.50,1
1967,09:30:00,$ 3371.50,1
1968,09:30:00,$ 3371.50,1
1969,09:30:00,$ 3371.50,1
1970,09:30:00,$ 3371.50,1
1971,09:30:00,$ 3371.50,1
1972,09:30:00,$ 3371.50,1
1973,09:30:00,$ 3371.50,1
1975,09:30:00,$ 3371.50,1
1976,09:30:00,$ 3371.50,1
1977,09:30:00,$ 3371.50,1
1978,09:30:00,$ 3371.50,1
1979,09:30:00,$ 3371.50,1
1980,09:30:00,$ 3371.50,1
1981,09:30:00,$ 3371.50,1
1982,09:30:00,$ 3371.50,1
1983,09:30:00,$ 3371.50,1
1984,09:30:00,$ 3371.50,1
1985,09:30:00,$ 3371.50,1
1986,09:30:00,$ 3371.50,1
1987,09:30:00,$ 3371.50,1
1988,09:30:00,$ 3371.50,1
1989,09:30:00,$ 3371.50,1
1990,09:30:00,$ 3371.50,1
1991,09:30:00,$ 3371.50,1
1992,09:30:00,$ 3371.50,1
1993,09:30:00,$ 3371.50,1
1994,09:30:00,$ 3371.50,1
1996,09:30:00,$ 3371.50,1
1997,09:30:00,$ 3371.50,1
1998,09:30:00,$ 3371.50,1
1999,09:30:00,$ 3371.50,1
2000,09:30:00,$ 3371.50,1
2001,09:30:00,$ 3371.50,1
2002,09:30:00,$ 3371.50,1
2003,09:30:00,$ 3371.50,1
2004,09:30:00,$ 3371.50,1
2005,09:30:00,$ 3371.50,1
2006,09:30:00,$ 3371.50,1
2007,09:30:00,$ 3371.50,1
2008,09:30:00,$ 3371.50,1
2009,09:30:00,$ 3371.50,1
2010,09:30:00,$ 3371.50,1
2011,09:30:00,$ 3371.50,1
2012,09:30:00,$ 3371.50,1
2013,09:30:00,$ 3371.50,1
2014,09:30:00,$ 3371.50,1
2015,09:30:00,$ 3371.50,1
2017,09:30:00,$ 3371.50,1
2018,09:30:00,$ 3371.50,1
2019,09:30:00,$ 3371.50,1
2020,09:30:00,$ 3371.50,1
2021,09:30:00,$ 3371.50,1
2022,09:30:00,$ 3371.50,1
2023,09:30:00,$ 3371.50,1
2024,09:30:00,$ 3371.50,1
2025,09:30:00,$ 3371.50,1
2026,09:30:00,$ 3371.50,1
2027,09:30:00,$ 3371.50,1
2028,09:30:00,$ 3371.50,1
2029,09:30:00,$ 3371.50,1
2030,09:30:00,$ 3371.50,1
2031,09:30:00,$ 3371.50,1
2032,09:30:00,$ 3371.50,1
2033,09:30:00,$ 3371.50,1
2034,09:30:00,$ 3371.50,1
2035,09:30:00,$ 3371.50,1
2036,09:30:00,$ 3371.50,1
2038,09:30:00,$ 3371.50,1
2039,09:30:00,$ 3371.50,1
2040,09:30:00,$ 3371.50,1
2041,09:30:00,$ 3371.50,1
2042,09:30:00,$ 3371.50,1
2043,09:30:00,$ 3371.50,1
2044,09:30:00,$ 3371.50,1
2045,09:30:00,$ 3371.50,1
2046,09:30:00,$ 3371.50,1
2047,09:30:00,$ 3371.50,1
2048,09:30:00,$ 3371.50,1
2049,09:30:00,$ 3371.50,1
2050,09:30:00,$ 3371.50,1
2051,09:30:00,$ 3371.50,1
2052,09:30:00,$ 3371.50,1
2053,09:30:00,$ 3371.50,1
2054,09:30:00,$ 3371.50,1
2055,09:30:00,$ 3371.50,1
2056,09:30:00,$ 3371.50,1
2057,09:30:00,$ 3371.50,1
2059,09:30:00,$ 3371.50,1
2060,09:30:00,$ 3371.50,1
2061,09:30:00,$ 3371.50,1
2062,09:30:00,$ 3371.50,1
2063,09:30:00,$ 3371.50,1
2064,09:30:00,$ 3371.50,1
2065,09:30:00,$ 3371.50,1
2066,09:30:00,$ 3371.50,1
2067,09:30:00,$ 3371.50,1
2068,09:30:00,$ 3371.50,1
2069,09:30:00,$ 3371.50,1
2070,09:30:00,$ 3371.50,1
2071,09:30:00,$ 3371.50,1
2072,09:30:00,$ 3371.50,1
2073,09:30:00,$ 3371.50,1
2074,09:30:00,$ 3371.50,1
2075,09:30:00,$ 3371.50,1
2076,09:30:00,$ 3371.50,1
2077,09:30:00,$ 3371.50,1
2078,09:30:00,$ 3371.50,1
2080,09:30:00,$ 3371.50,1
2081,09:30:00,$ 3371.50,1
2082,09:30:00,$ 3371.50,1
2083,09:30:00,$ 3371.50,1
2084,09:30:00,$ 3371.50,1
2085,09:30:00,$ 3371.50,1
2086,09:30:00,$ 3371.50,1
2087,09:30:00,$ 3371.50,1
2088,09:30:00,$ 3371.50,1
2089,09:30:00,$ 3371.50,1
2090,09:30:00,$ 3371.50,1
2091,09:30:00,$ 3371.50,1
2092,09:30:00,$ 3371.50,1
2093,09:30:00,$ 3371.50,1
2094,09:30:00,$ 3371.50,1
2095,09:30:00,$ 3371.50,1
2096,09:30:00,$ 3371.50,1
2097,09:30:00,$ 3371.50,1
2098,09:30:00,$ 3371.50,1
2099,09:30:00,$ 3371.50,1
2101,09:30:00,$ 3371.50,1
2102,09:30:00,$ 3371.50,1
2103,09:30:00,$ 3371.50,1
2104,09:30:00,$ 3371.50,1
2105,09:30:00,$ 3371.50,1
2106,09:30:00,$ 3371.50,1
2107,09:30:00,$ 3371.50,1
2108,09:30:00,$ 3371.50,1
2109,09:30:00,$ 3371.50,1
2110,09:30:00,$ 3371.50,1
2111,09:30:00,$ 3371.50,1
2112,09:30:00,$ 3371.50,1
2113,09:30:00,$ 3371.50,1
2114,09:30:00,$ 3371.50,1
2115,09:30:00,$ 3371.50,1
2116,09:30:00,$ 3371.50,1
2117,09:30:00,$ 3371.50,6
2118,09:30:00,$ 3371.50,1
2119,09:30:00,$ 3371.50,1
2120,09:30:00,$ 3371.50,5
2122,09:30:00,$ 3371.50,1
2123,09:30:00,$ 3371.50,1
2124,09:30:00,$ 3371.50,1
2125,09:30:00,$ 3371.50,1
2126,09:30:00,$ 3371.50,1
2127,09:30:00,$ 3371.50,2
2128,09:30:00,$ 3371.50,1
2129,09:30:00,$ 3371.50,2
2130,09:30:00,$ 3371.50,2
2131,09:30:00,$ 3371.50,1
2132,09:30:00,$ 3371.50,6
2133,09:30:00,$ 3371.50,8
2134,09:30:00,$ 3371.50,2
2135,09:30:00,$ 3371.50,1
2136,09:30:00,$ 3371.50,1
2137,09:30:00,$ 3371.50,10
2138,09:30:00,$ 3371.50,3
2139,09:30:00,$ 3371.50,1
2140,09:30:00,$ 3371.50,1
2141,09:30:00,$ 3371.50,1
2143,09:30:00,$ 3371.50,1
2144,09:30:00,$ 3371.50,3
2145,09:30:00,$ 3371.50,4
2146,09:30:00,$ 3371.50,2
2147,09:30:00,$ 3371.50,1
2148,09:30:00,$ 3371.50,1
2149,09:30:00,$ 3371.50,2
2150,09:30:00,$ 3371.50,1
2151,09:30:00,$ 3371.50,5
2152,09:30:00,$ 3371.50,4
2153,09:30:00,$ 3371.50,3
2154,09:30:00,$ 3371.50,1
2155,09:30:00,$ 3371.50,1
2156,09:30:00,$ 3371.50,5
2157,09:30:00,$ 3371.50,1
2158,09:30:00,$ 3371.50,1
2159,09:30:00,$ 3371.50,1
2160,09:30:00,$ 3371.50,1
2161,09:30:00,$ 3371.50,1
2162,09:30:00,$ 3371.50,1
2164,09:30:00,$ 3371.50,2
2165,09:30:00,$ 3371.50,1
2166,09:30:00,$ 3371.50,10
2167,09:30:00,$ 3371.50,1
2168,09:30:00,$ 3371.50,6
2169,09:30:00,$ 3371.50,10
2170,09:30:00,$ 3371.50,1
2171,09:30:00,$ 3371.50,1
2172,09:30:00,$ 3371.50,1
2173,09:30:00,$ 3371.50,1
2174,09:30:00,$ 3371.50,1
2175,09:30:00,$ 3371.50,1
2176,09:30:00,$ 3371.50,1
2177,09:30:00,$ 3371.50,1
2178,09:30:00,$ 3371.50,1
2179,09:30:00,$ 3371.50,1
2180,09:30:00,$ 3371.50,1
2181,09:30:00,$ 3371.50,1
2182,09:30:00,$ 3371.50,1
2183,09:30:00,$ 3371.50,1
2185,09:30:00,$ 3371.50,1
2186,09:30:00,$ 3371.50,1
2187,09:30:00,$ 3371.50,1
2188,09:30:00,$ 3371.50,1
2189,09:30:00,$ 3371.50,1
2190,09:30:00,$ 3371.50,1
2191,09:30:00,$ 3371.50,1
2192,09:30:00,$ 3371.50,1
2193,09:30:00,$ 3371.50,1
2194,09:30:00,$ 3371.50,1
2195,09:30:00,$ 3371.50,1
2196,09:30:00,$ 3371.50,1
2197,09:30:00,$ 3371.50,1
2198,09:30:00,$ 3371.50,1
2199,09:30:00,$ 3371.50,1
2200,09:30:00,$ 3371.50,1
2201,09:30:00,$ 3371.50,1
2202,09:30:00,$ 3371.50,1
2203,09:30:00,$ 3371.50,1
2204,09:30:00,$ 3371.50,1
2206,09:30:00,$ 3371.50,1
2207,09:30:00,$ 3371.50,1
2208,09:30:00,$ 3371.50,1
2209,09:30:00,$ 3371.50,1
2210,09:30:00,$ 3371.50,1
2211,09:30:00,$ 3371.50,1
2212,09:30:00,$ 3371.50,1
2213,09:30:00,$ 3371.50,1
2214,09:30:00,$ 3371.50,1
2215,09:30:00,$ 3371.50,1
2216,09:30:00,$ 3371.50,1
2217,09:30:00,$ 3371.50,1
2218,09:30:00,$ 3371.50,1
2219,09:30:00,$ 3371.50,1
2220,09:30:00,$ 3371.50,1
2221,09:30:00,$ 3371.50,1
2222,09:30:00,$ 3371.50,1
2223,09:30:00,$ 3371.50,1
2224,09:30:00,$ 3371.50,1
2225,09:30:00,$ 3371.50,1
2227,09:30:00,$ 3371.50,1
2228,09:30:00,$ 3371.50,1
2229,09:30:00,$ 3371.50,1
2230,09:30:00,$ 3371.50,1
2231,09:30:00,$ 3371.50,1
2232,09:30:00,$ 3371.50,1
2233,09:30:00,$ 3371.50,1
2234,09:30:00,$ 3371.50,3
2235,09:30:00,$ 3371.50,1
2236,09:30:00,$ 3371.50,1
2237,09:30:00,$ 3371.50,1
2238,09:30:00,$ 3371.50,1
2239,09:30:00,$ 3371.50,1
2240,09:30:00,$ 3371.50,1
2241,09:30:00,$ 3371.50,1
2242,09:30:00,$ 3371.50,1
2243,09:30:00,$ 3371.50,1
2244,09:30:00,$ 3371.50,1
2245,09:30:00,$ 3371.50,1
2246,09:30:00,$ 3371.50,1
2248,09:30:00,$ 3371.50,1
2249,09:30:00,$ 3371.50,1
2250,09:30:00,$ 3371.50,1
2251,09:30:00,$ 3371.50,1
2252,09:30:00,$ 3371.50,1
2253,09:30:00,$ 3371.50,1
2254,09:30:00,$ 3371.50,1
2255,09:30:00,$ 3371.50,1
2256,09:30:00,$ 3371.50,1
2257,09:30:00,$ 3371.50,1
2258,09:30:00,$ 3371.50,1
2259,09:30:00,$ 3371.50,1
2260,09:30:00,$ 3371.50,1
2261,09:30:00,$ 3371.50,1
2262,09:30:00,$ 3371.50,1
2263,09:30:00,$ 3371.50,1
2264,09:30:00,$ 3371.50,1
2265,09:30:00,$ 3371.50,1
2266,09:30:00,$ 3371.50,1
2267,09:30:00,$ 3371.50,1
2269,09:30:00,$ 3371.50,1
2270,09:30:00,$ 3371.50,1
2271,09:30:00,$ 3371.50,1
2272,09:30:00,$ 3371.50,1
2273,09:30:00,$ 3371.50,1
2274,09:30:00,$ 3371.50,1
2275,09:30:00,$ 3371.50,1
2276,09:30:00,$ 3371.50,1
2277,09:30:00,$ 3371.50,1
2278,09:30:00,$ 3371.50,1
2279,09:30:00,$ 3371.50,1
2280,09:30:00,$ 3371.50,1
2281,09:30:00,$ 3371.50,1
2282,09:30:00,$ 3371.50,1
2283,09:30:00,$ 3371.50,10
2284,09:30:00,$ 3371.50,1
2285,09:30:00,$ 3371.50,1
2286,09:30:00,$ 3371.50,1
2287,09:30:00,$ 3371.50,1
2288,09:30:00,$ 3371.50,1
2290,09:30:00,$ 3371.50,1
2291,09:30:00,$ 3371.50,1
2292,09:30:00,$ 3371.50,1
2293,09:30:00,$ 3371.50,1
2294,09:30:00,$ 3371.50,1
2295,09:30:00,$ 3371.50,1
2296,09:30:00,$ 3371.50,1
2297,09:30:00,$ 3371.50,1
2298,09:30:00,$ 3371.50,1
2299,09:30:00,$ 3371.50,1
2300,09:30:00,$ 3371.50,1
2301,09:30:00,$ 3371.50,1
2302,09:30:00,$ 3371.50,1
2303,09:30:00,$ 3371.50,1
2304,09:30:00,$ 3371.50,1
2305,09:30:00,$ 3371.50,1
2306,09:30:00,$ 3371.50,1
2307,09:30:00,$ 3371.50,1
2308,09:30:00,$ 3371.50,1
2309,09:30:00,$ 3371.50,1
2311,09:30:00,$ 3371.50,1
2312,09:30:00,$ 3371.50,1
2313,09:30:00,$ 3371.50,1
2314,09:30:00,$ 3371.50,1
2315,09:30:00,$ 3371.50,1
2316,09:30:00,$ 3371.50,1
2317,09:30:00,$ 3371.50,1
2318,09:30:00,$ 3371.50,1
2319,09:30:00,$ 3371.50,1
2320,09:30:00,$ 3371.50,1
2321,09:30:00,$ 3371.50,1
2322,09:30:00,$ 3371.50,1
2323,09:30:00,$ 3371.50,1
2324,09:30:00,$ 3371.50,1
2325,09:30:00,$ 3371.50,1
2326,09:30:00,$ 3371.50,1
2327,09:30:00,$ 3371.50,1
2328,09:30:00,$ 3371.50,1
2329,09:30:00,$ 3371.50,1
2330,09:30:00,$ 3371.50,1
2332,09:30:00,$ 3371.50,1
2333,09:30:00,$ 3371.50,1
2334,09:30:00,$ 3371.50,1
2335,09:30:00,$ 3371.50,2
2336,09:30:00,$ 3371.50,1
2337,09:30:00,$ 3371.50,1
2338,09:30:00,$ 3371.50,1
2339,09:30:00,$ 3371.50,1
2340,09:30:00,$ 3371.50,5
2341,09:30:00,$ 3371.50,1
2342,09:30:00,$ 3371.50,1
2343,09:30:00,$ 3371.50,1
2344,09:30:00,$ 3371.50,5
2345,09:30:00,$ 3371.50,1
2346,09:30:00,$ 3371.50,1
2347,09:30:00,$ 3371.50,1
2348,09:30:00,$ 3371.50,9
2349,09:30:00,$ 3371.50,1
2350,09:30:00,$ 3371.50,2
2351,09:30:00,$ 3371.50,1
2353,09:30:00,$ 3371.50,1
2354,09:30:00,$ 3371.50,1
2355,09:30:00,$ 3371.50,1
2356,09:30:00,$ 3371.50,1
2357,09:30:00,$ 3371.50,1
2358,09:30:00,$ 3371.50,5
2359,09:30:00,$ 3371.50,1
2360,09:30:00,$ 3371.50,1
2361,09:30:00,$ 3371.50,1
2362,09:30:00,$ 3371.50,1
2363,09:30:00,$ 3371.50,1
2364,09:30:00,$ 3371.50,1
2365,09:30:00,$ 3371.50,1
2366,09:30:00,$ 3371.50,1
2367,09:30:00,$ 3371.50,1
2368,09:30:00,$ 3371.50,1
2369,09:30:00,$ 3371.50,1
2370,09:30:00,$ 3371.50,11
2371,09:30:00,$ 3371.50,1
2372,09:30:00,$ 3371.50,2
2374,09:30:00,$ 3371.50,50
2375,09:30:00,$ 3371.50,3
2376,09:30:00,$ 3371.50,6
2377,09:30:00,$ 3371.50,1
2378,09:30:00,$ 3371.50,1
2379,09:30:00,$ 3371.50,2
2380,09:30:00,$ 3371.50,2
2381,09:30:00,$ 3371.50,1
2382,09:30:00,$ 3371.50,1
2383,09:30:00,$ 3371.50,1
2384,09:30:00,$ 3371.50,1
2385,09:30:00,$ 3371.50,1
2386,09:30:00,$ 3371.50,2
2387,09:30:00,$ 3371.50,1
2388,09:30:00,$ 3371.50,2
2389,09:30:00,$ 3371.50,1
2390,09:30:00,$ 3371.50,1
2391,09:30:00,$ 3371.50,1
2392,09:30:00,$ 3371.50,1
2393,09:30:00,$ 3371.50,1
2395,09:30:00,$ 3371.50,1
2396,09:30:00,$ 3371.50,15
2397,09:30:00,$ 3371.50,1
2398,09:30:00,$ 3371.50,2
2399,09:30:00,$ 3371.50,20
2400,09:30:00,$ 3371.50,1
2401,09:30:00,$ 3371.50,1
2402,09:30:00,$ 3371.50,6
2403,09:30:00,$ 3371.50,1
2404,09:30:00,$ 3371.50,1
2405,09:30:00,$ 3371.50,1
2406,09:30:00,$ 3371.50,3
2407,09:30:00,$ 3371.50,1
2408,09:30:00,$ 3371.50,1
2409,09:30:00,$ 3371.50,1
2410,09:30:00,$ 3371.50,2
2411,09:30:00,$ 3371.50,1
2412,09:30:00,$ 3371.50,1
2413,09:30:00,$ 3371.50,1
2414,09:30:00,$ 3371.50,3
2416,09:30:00,$ 3371.50,1
2417,09:30:00,$ 3371.50,10
2418,09:30:00,$ 3371.50,1
2419,09:30:00,$ 3371.50,1
2420,09:30:00,$ 3371.50,1
2421,09:30:00,$ 3371.50,1
2422,09:30:00,$ 3371.50,1
2423,09:30:00,$ 3371.50,3
2424,09:30:00,$ 3371.50,10
2425,09:30:00,$ 3371.50,50
2426,09:30:00,$ 3371.50,4
2427,09:30:00,$ 3371.50,9
2428,09:30:00,$ 3371.50,1
2429,09:30:00,$ 3371.50,27
2430,09:30:00,$ 3371.50,3
2431,09:30:00,$ 3371.50,5
2432,09:30:00,$ 3371.50,2
2433,09:30:00,$ 3371.50,1
2434,09:30:00,$ 3371.50,25
2435,09:30:00,$ 3371.50,3
2437,09:30:00,$ 3371.50,1
2438,09:30:00,$ 3371.50,8
2439,09:30:00,$ 3371.50,2
2440,09:30:00,$ 3371.50,154
2441,09:30:00,$ 3371.50,1
2442,09:30:00,$ 3371.50,25
2443,09:30:00,$ 3371.50,2
2444,09:30:00,$ 3371.50,1
2445,09:30:00,$ 3371.50,107
2446,09:30:00,$ 3371.50,2
2447,09:30:00,$ 3371.50,15
2448,09:30:00,$ 3371.50,50
2449,09:30:00,$ 3371.50,1
2450,09:30:00,$ 3371.50,1
2451,09:30:00,$ 3371.50,14
2452,09:30:00,$ 3371.50,1
2453,09:30:00,$ 3371.50,3
2454,09:30:00,$ 3371.50,1
2455,09:30:00,$ 3371.50,1
2456,09:30:00,$ 3371.50,1
2458,09:30:00,$ 3371.50,1
2459,09:30:00,$ 3371.50,1
2460,09:30:00,$ 3371.50,1
2461,09:30:00,$ 3371.50,2
2462,09:30:00,$ 3371.50,4
2463,09:30:00,$ 3371.50,6
2464,09:30:00,$ 3371.50,5
2465,09:30:00,$ 3371.50,5
2466,09:30:00,$ 3371.50,2
2467,09:30:00,$ 3371.50,4
2468,09:30:00,$ 3371.50,3
2469,09:30:00,$ 3371.50,1
2470,09:30:00,$ 3371.50,1
2471,09:30:00,$ 3371.50,1
2472,09:30:00,$ 3371.50,1
2473,09:30:00,$ 3371.50,1
2474,09:30:00,$ 3371.50,1
2475,09:30:00,$ 3371.50,3
2476,09:30:00,$ 3371.50,6
2477,09:30:00,$ 3371.50,2
2479,09:30:00,$ 3371.50,3
2480,09:30:00,$ 3371.50,1
2481,09:30:00,$ 3371.50,3
2482,09:30:00,$ 3371.50,1
2483,09:30:00,$ 3371.50,15
2484,09:30:00,$ 3371.50,2
2485,09:30:00,$ 3371.50,1
2486,09:30:00,$ 3371.50,3
2487,09:30:00,$ 3371.50,1
2488,09:30:00,$ 3371.50,2
2489,09:30:00,$ 3371.50,10
2490,09:30:00,$ 3371.50,3
2491,09:30:00,$ 3371.50,1
2492,09:30:00,$ 3371.50,1
2493,09:30:00,$ 3371.50,1
2494,09:30:00,$ 3371.50,1
2495,09:30:00,$ 3371.50,10
2496,09:30:00,$ 3371.50,2
2497,09:30:00,$ 3371.50,6
2498,09:30:00,$ 3371.50,2
2500,09:30:00,$ 3371.50,2
2501,09:30:00,$ 3371.50,1
2502,09:30:00,$ 3371.50,1
2503,09:30:00,$ 3371.50,1
2504,09:30:00,$ 3371.50,1
2505,09:30:00,$ 3371.50,2
2506,09:30:00,$ 3371.50,1
2507,09:30:00,$ 3371.50,1
2508,09:30:00,$ 3371.50,382
2509,09:30:00,$ 3371.50,2
2510,09:30:00,$ 3371.50,1
2511,09:30:00,$ 3371.50,7
2512,09:30:00,$ 3371.50,4
2513,09:30:00,$ 3371.50,1
2514,09:30:00,$ 3371.50,6
2515,09:30:00,$ 3371.50,98
2516,09:30:00,$ 3371.50,11
2517,09:30:00,$ 3371.50,20
2518,09:30:00,$ 3371.50,2
2519,09:30:00,$ 3371.50,2
2521,09:30:00,$ 3371.50,20
2522,09:30:00,$ 3371.50,16
2523,09:30:00,$ 3371.50,1
2524,09:30:00,$ 3371.50,1
2525,09:30:00,$ 3371.50,100
2526,09:30:00,$ 3371.50,1
2527,09:30:00,$ 3371.50,31
2528,09:30:00,$ 3371.50,1
2529,09:30:00,$ 3371.50,2
2530,09:30:00,$ 3371.50,1
2531,09:30:00,$ 3371.50,3
2532,09:30:00,$ 3371.50,18
2533,09:30:00,$ 3371.50,14
2534,09:30:00,$ 3371.50,7
2535,09:30:00,$ 3371.50,16
2536,09:30:00,$ 3371.50,5
2537,09:30:00,$ 3371.50,1
2538,09:30:00,$ 3371.50,5
2539,09:30:00,$ 3371.50,15
2540,09:30:00,$ 3371.50,10
2542,09:30:00,$ 3371.50,35
2543,09:30:00,$ 3371.50,4
2544,09:30:00,$ 3371.50,1
2545,09:30:00,$ 3371.50,5
2546,09:30:00,$ 3371.50,3
2547,09:30:00,$ 3371.50,17
2548,09:30:00,$ 3371.50,1
2549,09:30:00,$ 3371.50,3
2550,09:30:00,$ 3371.50,2
2551,09:30:00,$ 3371.50,4
2552,09:30:00,$ 3371.50,3
2553,09:30:00,$ 3371.50,4
2554,09:30:00,$ 3371.50,3
2555,09:30:00,$ 3371.50,1
2556,09:30:00,$ 3371.50,1
2557,09:30:00,$ 3371.50,8
2558,09:30:00,$ 3371.50,40
2559,09:30:00,$ 3371.50,3
2560,09:30:00,$ 3371.50,3
2561,09:30:00,$ 3371.50,4
2563,09:30:00,$ 3371.50,5
2564,09:30:00,$ 3371.50,1
2565,09:30:00,$ 3371.50,8
2566,09:30:00,$ 3371.50,20
2567,09:30:00,$ 3371.50,13
2568,09:30:00,$ 3371.50,1
2569,09:30:00,$ 3371.50,2
2570,09:30:00,$ 3371.50,1
2571,09:30:00,$ 3371.50,1
2572,09:30:00,$ 3371.50,1
2573,09:30:00,$ 3371.50,1
2574,09:30:00,$ 3371.50,1
2575,09:30:00,$ 3371.50,1
2576,09:30:00,$ 3371.50,5
2577,09:30:00,$ 3371.50,1
2578,09:30:00,$ 3371.50,1
2579,09:30:00,$ 3371.50,1
2580,09:30:00,$ 3371.50,2
2581,09:30:00,$ 3371.50,3
2582,09:30:00,$ 3371.50,1
2584,09:30:00,$ 3371.50,11
2585,09:30:00,$ 3371.50,1
2586,09:30:00,$ 3371.50,1
2587,09:30:00,$ 3371.50,1
2588,09:30:00,$ 3371.50,1
2589,09:30:00,$ 3371.50,1
2590,09:30:00,$ 3371.50,5
2591,09:30:00,$ 3371.50,3
2592,09:30:00,$ 3371.50,1
2593,09:30:00,$ 3371.50,1
2594,09:30:00,$ 3371.50,2
2595,09:30:00,$ 3371.50,1
2596,09:30:00,$ 3371.50,4
2597,09:30:00,$ 3371.50,1
2598,09:30:00,$ 3371.50,7
2599,09:30:00,$ 3371.50,10
2600,09:30:00,$ 3371.50,10
2601,09:30:00,$ 3371.50,1
2602,09:30:00,$ 3371.50,50
2603,09:30:00,$ 3371.50,1
2605,09:30:00,$ 3371.50,1
2606,09:30:00,$ 3371.50,10
2607,09:30:00,$ 3371.50,2
2608,09:30:00,$ 3371.50,3
2609,09:30:00,$ 3371.50,1
2610,09:30:00,$ 3371.50,2
2611,09:30:00,$ 3371.50,3
2612,09:30:00,$ 3371.50,2
2613,09:30:00,$ 3371.50,1
2614,09:30:00,$ 3371.50,10
2615,09:30:00,$ 3371.50,1
2616,09:30:00,$ 3371.50,3
2617,09:30:00,$ 3371.50,2
2618,09:30:00,$ 3371.50,14
2619,09:30:00,$ 3371.50,1
2620,09:30:00,$ 3371.50,1
2621,09:30:00,$ 3371.50,1
2622,09:30:00,$ 3371.50,1
2623,09:30:00,$ 3371.50,2
2624,09:30:00,$ 3371.50,1
2626,09:30:00,$ 3371.50,1
2627,09:30:00,$ 3371.50,1
2628,09:30:00,$ 3371.50,5
2629,09:30:00,$ 3371.50,15
2630,09:30:00,$ 3371.50,1
2631,09:30:00,$ 3371.50,18
2632,09:30:00,$ 3371.50,1
2633,09:30:00,$ 3371.50,5
2634,09:30:00,$ 3371.50,3
2635,09:30:00,$ 3371.50,15
2636,09:30:00,$ 3371.50,9
2637,09:30:00,$ 3371.50,3
2638,09:30:00,$ 3371.50,7
2639,09:30:00,$ 3371.50,8
2640,09:30:00,$ 3371.50,331
2641,09:30:00,$ 3371.50,38
2642,09:30:00,$ 3371.50,4
2643,09:30:00,$ 3371.50,2
2644,09:30:00,$ 3371.50,45
2645,09:30:00,$ 3371.50,12
2647,09:30:00,$ 3371.50,"2,000"
2648,09:30:00,$ 3371.50,2
2649,09:30:00,$ 3371.50,2
2650,09:30:00,$ 3371.50,3
2651,09:30:00,$ 3371.50,4
2652,09:30:00,$ 3371.50,4
2653,09:30:00,$ 3371.50,2
2654,09:30:00,$ 3371.50,1
2655,09:30:00,$ 3371.50,42
2656,09:30:00,$ 3371.50,1
2657,09:30:00,$ 3371.50,1
2658,09:30:00,$ 3371.50,3
2659,09:30:00,$ 3371.50,2
2660,09:30:00,$ 3371.50,2
2661,09:30:00,$ 3371.50,6
2662,09:30:00,$ 3371.50,2
2663,09:30:00,$ 3371.50,1
2664,09:30:00,$ 3371.50,2
2665,09:30:00,$ 3371.50,1
2666,09:30:00,$ 3371.50,2
2668,09:30:00,$ 3371.50,1
2669,09:30:00,$ 3371.50,3
2670,09:30:00,$ 3371.50,10
2671,09:30:00,$ 3371.50,1
2672,09:30:00,$ 3371.50,3
2673,09:30:00,$ 3371.50,2
2674,09:30:00,$ 3371.50,1
2675,09:30:00,$ 3371.50,3
2676,09:30:00,$ 3371.50,5
2677,09:30:00,$ 3371.50,5
2678,09:30:00,$ 3371.50,1
2679,09:30:00,$ 3371.50,2
2680,09:30:00,$ 3371.50,2
2681,09:30:00,$ 3371.50,1
2682,09:30:00,$ 3371.50,1
2683,09:30:00,$ 3371.50,1
2684,09:30:00,$ 3371.50,2
2685,09:30:00,$ 3371.50,3
2686,09:30:00,$ 3371.50,2
2687,09:30:00,$ 3371.50,6
2689,09:30:00,$ 3371.50,5
2690,09:30:00,$ 3371.50,1
2691,09:30:00,$ 3371.50,6
2692,09:30:00,$ 3371.50,1
2693,09:30:00,$ 3371.50,1
2694,09:30:00,$ 3371.50,1
2695,09:30:00,$ 3371.50,1
2696,09:30:00,$ 3371.50,55
2697,09:30:00,$ 3371.50,152
2698,09:30:00,$ 3371.50,8
2699,09:30:00,$ 3371.50,24
2700,09:30:00,$ 3371.50,25
2701,09:30:00,$ 3371.50,1
2702,09:30:00,$ 3371.50,1
2703,09:30:00,$ 3371.50,2
2704,09:30:00,$ 3371.50,2
2705,09:30:00,$ 3371.50,1
2706,09:30:00,$ 3371.50,2
2707,09:30:00,$ 3371.50,5
2708,09:30:00,$ 3371.50,1
2710,09:30:00,$ 3371.50,1
2711,09:30:00,$ 3371.50,1
2712,09:30:00,$ 3371.50,5
2713,09:30:00,$ 3371.50,43
2714,09:30:00,$ 3371.50,1
2715,09:30:00,$ 3371.50,1
2716,09:30:00,$ 3371.50,1
2717,09:30:00,$ 3371.50,1
2718,09:30:00,$ 3371.50,9
2719,09:30:00,$ 3371.50,15
2720,09:30:00,$ 3371.50,2
2721,09:30:00,$ 3371.50,1
2722,09:30:00,$ 3371.50,12
2723,09:30:00,$ 3371.50,3
2724,09:30:00,$ 3371.50,126
2725,09:30:00,$ 3371.50,5
2726,09:30:00,$ 3371.50,1
2727,09:30:00,$ 3371.50,2
2728,09:30:00,$ 3371.50,3
2729,09:30:00,$ 3371.50,1
2731,09:30:00,$ 3371.50,1
2732,09:30:00,$ 3371.50,1
2733,09:30:00,$ 3371.50,3
2734,09:30:00,$ 3371.50,2
2735,09:30:00,$ 3371.50,10
2736,09:30:00,$ 3371.50,1
2737,09:30:00,$ 3371.50,1
2738,09:30:00,$ 3371.50,1
2739,09:30:00,$ 3371.50,5
2740,09:30:00,$ 3371.50,2
2741,09:30:00,$ 3371.50,10
2742,09:30:00,$ 3371.50,2
2743,09:30:00,$ 3371.50,1
2744,09:30:00,$ 3371.50,21
2745,09:30:00,$ 3371.50,1
2746,09:30:00,$ 3371.50,2
2747,09:30:00,$ 3371.50,3
2748,09:30:00,$ 3371.50,2
2749,09:30:00,$ 3371.50,2
2750,09:30:00,$ 3371.50,1
2752,09:30:00,$ 3371.50,4
2753,09:30:00,$ 3371.50,1
2754,09:30:00,$ 3371.50,1
2755,09:30:00,$ 3371.50,10
2756,09:30:00,$ 3371.50,16
2757,09:30:00,$ 3371.50,3
2758,09:30:00,$ 3371.50,2
2759,09:30:00,$ 3371.50,3
2760,09:30:00,$ 3371.50,5
2761,09:30:00,$ 3371.50,1
2762,09:30:00,$ 3371.50,1
2763,09:30:00,$ 3371.50,1
2764,09:30:00,$ 3371.50,1
2765,09:30:00,$ 3371.50,2
2766,09:30:00,$ 3371.50,10
2767,09:30:00,$ 3371.50,1
2768,09:30:00,$ 3371.50,1
2769,09:30:00,$ 3371.50,4
2770,09:30:00,$ 3371.50,6
2771,09:30:00,$ 3371.50,1
2773,09:30:00,$ 3371.50,1
2774,09:30:00,$ 3371.50,10
2775,09:30:00,$ 3371.50,7
2776,09:30:00,$ 3371.50,3
2777,09:30:00,$ 3371.50,1
2778,09:30:00,$ 3371.50,9
2779,09:30:00,$ 3371.50,73
2780,09:30:00,$ 3371.50,1
2781,09:30:00,$ 3371.50,2
2782,09:30:00,$ 3371.50,1
2783,09:30:00,$ 3371.50,1
2784,09:30:00,$ 3371.50,2
2785,09:30:00,$ 3371.50,1
2786,09:30:00,$ 3371.50,4
2787,09:30:00,$ 3371.50,10
2788,09:30:00,$ 3371.50,1
2789,09:30:00,$ 3371.50,2
2790,09:30:00,$ 3371.50,1
2791,09:30:00,$ 3371.50,15
2792,09:30:00,$ 3371.50,5
2794,09:30:00,$ 3371.50,2
2795,09:30:00,$ 3371.50,1
2796,09:30:00,$ 3371.50,5
2797,09:30:00,$ 3371.50,2
2798,09:30:00,$ 3371.50,100
2799,09:30:00,$ 3371.50,10
2800,09:30:00,$ 3371.50,10
2801,09:30:00,$ 3371.50,1
2802,09:30:00,$ 3371.50,28
2803,09:30:00,$ 3371.50,6
2804,09:30:00,$ 3371.50,3
2805,09:30:00,$ 3371.50,2
2806,09:30:00,$ 3371.50,1
2807,09:30:00,$ 3371.50,1
2808,09:30:00,$ 3371.50,1
2809,09:30:00,$ 3371.50,1
2810,09:30:00,$ 3371.50,1
2811,09:30:00,$ 3371.50,1
2812,09:30:00,$ 3371.50,1
2813,09:30:00,$ 3371.50,1
2815,09:30:00,$ 3371.50,1
2816,09:30:00,$ 3371.50,1
2817,09:30:00,$ 3371.50,1
2818,09:30:00,$ 3371.50,1
2819,09:30:00,$ 3371.50,1
2820,09:30:00,$ 3371.50,3
2821,09:30:00,$ 3371.50,1
2822,09:30:00,$ 3371.50,1
2823,09:30:00,$ 3371.50,1
2824,09:30:00,$ 3371.50,1
2825,09:30:00,$ 3371.50,1
2826,09:30:00,$ 3371.50,1
2827,09:30:00,$ 3371.50,1
2828,09:30:00,$ 3371.50,1
2829,09:30:00,$ 3371.50,1
2830,09:30:00,$ 3371.50,1
2831,09:30:00,$ 3371.50,1
2832,09:30:00,$ 3371.50,75
2833,09:30:00,$ 3371.50,10
2834,09:30:00,$ 3371.50,30
2836,09:30:00,$ 3371.50,1
2837,09:30:00,$ 3371.50,3
2838,09:30:00,$ 3371.50,3
2839,09:30:00,$ 3371.50,2
2840,09:30:00,$ 3371.50,1
2841,09:30:00,$ 3371.50,1
2842,09:30:00,$ 3371.50,1
2843,09:30:00,$ 3371.50,2
2844,09:30:00,$ 3371.50,5
2845,09:30:00,$ 3371.50,7
2846,09:30:00,$ 3371.50,1
2847,09:30:00,$ 3371.50,1
2848,09:30:00,$ 3371.50,1
2849,09:30:00,$ 3371.50,59
2850,09:30:00,$ 3371.50,2
2851,09:30:00,$ 3371.50,25
2852,09:30:00,$ 3371.50,610
2853,09:30:00,$ 3371.50,31
2854,09:30:00,$ 3371.50,134
2855,09:30:00,$ 3371.50,30
2857,09:30:00,$ 3371.50,10
2858,09:30:00,$ 3371.50,27
2859,09:30:00,$ 3371.50,4
2860,09:30:00,$ 3371.50,6
2861,09:30:00,$ 3371.50,2
2862,09:30:00,$ 3371.50,8
2863,09:30:00,$ 3371.50,34
2864,09:30:00,$ 3371.50,34
2865,09:30:00,$ 3371.50,34
2866,09:30:00,$ 3371.50,28
2867,09:30:00,$ 3371.50,918
2868,09:30:00,$ 3371.50,20
2869,09:30:00,$ 3371.50,1
2870,09:30:00,$ 3371.50,10
2871,09:30:00,$ 3371.50,3
2872,09:30:00,$ 3371.50,2
2873,09:30:00,$ 3371.50,2
2874,09:30:00,$ 3371.50,1
2875,09:30:00,$ 3371.50,14
2876,09:30:00,$ 3371.50,1
2878,09:30:00,$ 3371.50,1
2879,09:30:00,$ 3371.50,6
2880,09:30:00,$ 3371.50,10
2881,09:30:00,$ 3371.50,1
2882,09:30:00,$ 3371.50,1
2883,09:30:00,$ 3371.50,1
2884,09:30:00,$ 3371.50,3
2885,09:30:00,$ 3371.50,1
2886,09:30:00,$ 3371.50,12
2887,09:30:00,$ 3371.50,1
2888,09:30:00,$ 3371.50,1
2889,09:30:00,$ 3371.50,1
2890,09:30:00,$ 3371.50,22
2891,09:30:00,$ 3371.50,2
2892,09:30:00,$ 3371.50,3
2893,09:30:00,$ 3371.50,5
2894,09:30:00,$ 3371.50,1
2895,09:30:00,$ 3371.50,6
2896,09:30:00,$ 3371.50,1
2897,09:30:00,$ 3371.50,3
2899,09:30:00,$ 3371.50,7
2900,09:30:00,$ 3371.50,2
2901,09:30:00,$ 3371.50,4
2902,09:30:00,$ 3371.50,2
2903,09:30:00,$ 3371.50,1
2904,09:30:00,$ 3371.50,2
2905,09:30:00,$ 3371.50,1
2906,09:30:00,$ 3371.50,1
2907,09:30:00,$ 3371.50,1
2908,09:30:00,$ 3371.50,1
2909,09:30:00,$ 3371.50,1
2910,09:30:00,$ 3371.50,1
2911,09:30:00,$ 3371.50,1
2912,09:30:00,$ 3371.50,1
2913,09:30:00,$ 3371.50,2
2914,09:30:00,$ 3371.50,1
2915,09:30:00,$ 3371.50,1
2916,09:30:00,$ 3371.50,2
2917,09:30:00,$ 3371.50,4
2918,09:30:00,$ 3371.50,1
2920,09:30:00,$ 3371.50,1
2921,09:30:00,$ 3371.50,1
2922,09:30:00,$ 3371.50,1
2923,09:30:00,$ 3371.50,6
2924,09:30:00,$ 3371.50,1
2925,09:30:00,$ 3371.50,1
2926,09:30:00,$ 3371.50,1
2927,09:30:00,$ 3371.50,1
2928,09:30:00,$ 3371.50,2
2929,09:30:00,$ 3371.50,1
2930,09:30:00,$ 3371.50,1
2931,09:30:00,$ 3371.50,1
2932,09:30:00,$ 3371.50,1
2933,09:30:00,$ 3371.50,5
2934,09:30:00,$ 3371.50,2
2935,09:30:00,$ 3371.50,1
2936,09:30:00,$ 3371.50,1
2937,09:30:00,$ 3371.50,1
2938,09:30:00,$ 3371.50,1
2939,09:30:00,$ 3371.50,1
2941,09:30:00,$ 3371.50,1
2942,09:30:00,$ 3371.50,2
2943,09:30:00,$ 3371.50,1
2944,09:30:00,$ 3371.50,5
2945,09:30:00,$ 3371.50,1
2946,09:30:00,$ 3371.50,2
2947,09:30:00,$ 3371.50,4
2948,09:30:00,$ 3371.50,4
2949,09:30:00,$ 3371.50,1
2950,09:30:00,$ 3371.50,1
2951,09:30:00,$ 3371.50,1
2952,09:30:00,$ 3371.50,6
2953,09:30:00,$ 3371.50,1
2954,09:30:00,$ 3371.50,1
2955,09:30:00,$ 3371.50,60
2956,09:30:00,$ 3371.50,2
2957,09:30:00,$ 3371.50,17
2958,09:30:00,$ 3371.50,1
2959,09:30:00,$ 3371.50,9
2960,09:30:00,$ 3371.50,1
2962,09:30:00,$ 3371.50,1
2963,09:30:00,$ 3371.50,11
2964,09:30:00,$ 3371.50,1
2965,09:30:00,$ 3371.50,4
2966,09:30:00,$ 3371.50,1
2967,09:30:00,$ 3371.50,3
2968,09:30:00,$ 3371.50,1
2969,09:30:00,$ 3371.50,2
2970,09:30:00,$ 3371.50,2
2971,09:30:00,$ 3371.50,2
2972,09:30:00,$ 3371.50,1
2973,09:30:00,$ 3371.50,1
2974,09:30:00,$ 3371.50,1
2975,09:30:00,$ 3371.50,1
2976,09:30:00,$ 3371.50,1
2977,09:30:00,$ 3371.50,12
2978,09:30:00,$ 3371.50,8
2979,09:30:00,$ 3371.50,1
2980,09:30:00,$ 3371.50,2
2981,09:30:00,$ 3371.50,3
2983,09:30:00,$ 3371.50,1
2984,09:30:00,$ 3371.50,4
2985,09:30:00,$ 3371.50,1
2986,09:30:00,$ 3371.50,1
2987,09:30:00,$ 3371.50,1
2988,09:30:00,$ 3371.50,2
2989,09:30:00,$ 3371.50,3
2990,09:30:00,$ 3371.50,3
2991,09:30:00,$ 3371.50,1
2992,09:30:00,$ 3371.50,1
2993,09:30:00,$ 3371.50,2
2994,09:30:00,$ 3371.50,1
2995,09:30:00,$ 3371.50,2
2996,09:30:00,$ 3371.50,2
2997,09:30:00,$ 3371.50,120
2998,09:30:00,$ 3371.50,58
2999,09:30:00,$ 3371.50,9
3000,09:30:00,$ 3371.50,186
3001,09:30:00,$ 3371.50,11
3002,09:30:00,$ 3371.50,7
3004,09:30:00,$ 3371.50,41
3005,09:30:00,$ 3371.50,281
3006,09:30:00,$ 3371.50,19
3007,09:30:00,$ 3371.50,15
3008,09:30:00,$ 3371.50,30
3009,09:30:00,$ 3371.50,1
3010,09:30:00,$ 3371.50,400
3011,09:30:00,$ 3371.50,11
3012,09:30:00,$ 3371.50,200
3013,09:30:00,$ 3371.50,1
3014,09:30:00,$ 3371.50,12
3015,09:30:00,$ 3371.50,348
3016,09:30:00,$ 3371.50,8
3017,09:30:00,$ 3371.50,1
3018,09:30:00,$ 3371.50,9
3019,09:30:00,$ 3371.50,52
3020,09:30:00,$ 3371.50,1
3021,09:30:00,$ 3371.50,43
3022,09:30:00,$ 3371.50,5
3023,09:30:00,$ 3371.50,2
3025,09:30:00,$ 3371.50,100
3026,09:30:00,$ 3371.50,20
3027,09:30:00,$ 3371.50,157
3028,09:30:00,$ 3371.50,2
3029,09:30:00,$ 3371.50,3
3030,09:30:00,$ 3371.50,1
3031,09:30:00,$ 3371.50,3
3032,09:30:00,$ 3371.50,243
3033,09:30:00,$ 3371.50,7
3034,09:30:00,$ 3371.50,12
3035,09:30:00,$ 3371.50,7
3036,09:30:00,$ 3371.50,14
3037,09:30:00,$ 3371.50,3
3038,09:30:00,$ 3371.50,5
3039,09:30:00,$ 3371.50,3
3040,09:30:00,$ 3371.50,3
3041,09:30:00,$ 3371.50,4
3042,09:30:00,$ 3371.50,1
3043,09:30:00,$ 3371.50,4
3044,09:30:00,$ 3371.50,218
3046,09:30:00,$ 3371.50,109
3047,09:30:00,$ 3371.50,1
3048,09:30:00,$ 3371.50,3
3049,09:30:00,$ 3371.50,8
3050,09:30:00,$ 3371.50,1
3051,09:30:00,$ 3371.50,14
3052,09:30:00,$ 3371.50,1
3053,09:30:00,$ 3371.50,5
3054,09:30:00,$ 3371.50,8
3055,09:30:00,$ 3371.50,1
3056,09:30:00,$ 3371.50,60
3057,09:30:00,$ 3371.50,1
3058,09:30:00,$ 3371.50,8
3059,09:30:00,$ 3371.50,23
3060,09:30:00,$ 3371.50,5
3061,09:30:00,$ 3371.50,88
3062,09:30:00,$ 3371.50,5
3063,09:30:00,$ 3371.50,1
3064,09:30:00,$ 3371.50,18
3065,09:30:00,$ 3371.50,8
3067,09:30:00,$ 3371.50,100
3068,09:30:00,$ 3371.50,11
3069,09:30:00,$ 3371.50,3
3070,09:30:00,$ 3371.50,13
3071,09:30:00,$ 3371.50,10
3072,09:30:00,$ 3371.50,5
3073,09:30:00,$ 3371.50,2
3074,09:30:00,$ 3371.50,1
3075,09:30:00,$ 3371.50,1
3076,09:30:00,$ 3371.50,5
3077,09:30:00,$ 3371.50,53
3078,09:30:00,$ 3371.50,8
3079,09:30:00,$ 3371.50,22
3080,09:30:00,$ 3371.50,899
3081,09:30:00,$ 3371.50,7
3082,09:30:00,$ 3371.50,4
3083,09:30:00,$ 3371.50,1
3084,09:30:00,$ 3371.50,3
3085,09:30:00,$ 3371.50,1
3086,09:30:00,$ 3371.50,1
3088,09:30:00,$ 3371.50,7
3089,09:30:00,$ 3371.50,1
3090,09:30:00,$ 3371.50,70
3091,09:30:00,$ 3371.50,2
3092,09:30:00,$ 3371.50,200
3093,09:30:00,$ 3371.50,2
3094,09:30:00,$ 3371.50,400
3095,09:30:00,$ 3371.50,10
3096,09:30:00,$ 3371.50,1
3097,09:30:00,$ 3371.50,1
3098,09:30:00,$ 3371.50,2
3099,09:30:00,$ 3371.50,8
3100,09:30:00,$ 3371.50,2
3101,09:30:00,$ 3371.50,3
3102,09:30:00,$ 3371.50,3
3103,09:30:00,$ 3371.50,1
3104,09:30:00,$ 3371.50,1
3105,09:30:00,$ 3371.50,1
3106,09:30:00,$ 3371.50,5
3107,09:30:00,$ 3371.50,3
3109,09:30:00,$ 3371.50,30
3110,09:30:00,$ 3371.50,23
3111,09:30:00,$ 3371.50,19
3112,09:30:00,$ 3371.50,32
3113,09:30:00,$ 3371.50,8
3114,09:30:00,$ 3371.50,84
3115,09:30:00,$ 3371.50,2
3116,09:30:00,$ 3371.50,1
3117,09:30:00,$ 3371.50,4
3118,09:30:00,$ 3371.50,2
3119,09:30:00,$ 3371.50,103
3120,09:30:00,$ 3371.50,1
3121,09:30:00,$ 3371.50,5
3122,09:30:00,$ 3371.50,31
3123,09:30:00,$ 3371.50,1
3124,09:30:00,$ 3371.50,1
3125,09:30:00,$ 3371.50,6
3126,09:30:00,$ 3371.50,14
3127,09:30:00,$ 3371.50,1
3128,09:30:00,$ 3371.50,1
3130,09:30:00,$ 3371.50,1
3131,09:30:00,$ 3371.50,1
3132,09:30:00,$ 3371.50,2
3133,09:30:00,$ 3371.50,149
3134,09:30:00,$ 3371.50,1
3135,09:30:00,$ 3371.50,1
3136,09:30:00,$ 3371.50,19
3137,09:30:00,$ 3371.50,1
3138,09:30:00,$ 3371.50,55
3139,09:30:00,$ 3371.50,16
3140,09:30:00,$ 3371.50,6
3141,09:30:00,$ 3371.50,2
3142,09:30:00,$ 3371.50,1
3143,09:30:00,$ 3371.50,3
3144,09:30:00,$ 3371.50,204
3145,09:30:00,$ 3371.50,8
3146,09:30:00,$ 3371.50,3
3147,09:30:00,$ 3371.50,2
3148,09:30:00,$ 3371.50,25
3149,09:30:00,$ 3371.50,3
3151,09:30:00,$ 3371.50,3
3152,09:30:00,$ 3371.50,15
3153,09:30:00,$ 3371.50,11
3154,09:30:00,$ 3371.50,5
3155,09:30:00,$ 3371.50,5
3156,09:30:00,$ 3371.50,192
3157,09:30:00,$ 3371.50,3
3158,09:30:00,$ 3371.50,3
3159,09:30:00,$ 3371.50,3
3160,09:30:00,$ 3371.50,1
3161,09:30:00,$ 3371.50,2
3162,09:30:00,$ 3371.50,1
3163,09:30:00,$ 3371.50,1
3164,09:30:00,$ 3371.50,1
3165,09:30:00,$ 3371.50,1
3166,09:30:00,$ 3371.50,22
3167,09:30:00,$ 3371.50,1
3168,09:30:00,$ 3371.50,2
3169,09:30:00,$ 3371.50,2
3170,09:30:00,$ 3371.50,93
3172,09:30:00,$ 3371.50,1
3173,09:30:00,$ 3371.50,1
3174,09:30:00,$ 3371.50,2
3175,09:30:00,$ 3371.50,7
3176,09:30:00,$ 3371.50,2
3177,09:30:00,$ 3371.50,1
3178,09:30:00,$ 3371.50,2
3179,09:30:00,$ 3371.50,30
3180,09:30:00,$ 3371.50,2
3181,09:30:00,$ 3371.50,2
3182,09:30:00,$ 3371.50,1
3183,09:30:00,$ 3371.50,2
3184,09:30:00,$ 3371.50,55
3185,09:30:00,$ 3371.50,5
3186,09:30:00,$ 3371.50,50
3187,09:30:00,$ 3371.50,4
3188,09:30:00,$ 3371.50,3
3189,09:30:00,$ 3371.50,1
3190,09:30:00,$ 3371.50,1
3191,09:30:00,$ 3371.50,1
3193,09:30:00,$ 3371.50,1
3194,09:30:00,$ 3371.50,118
3195,09:30:00,$ 3371.50,1
3196,09:30:00,$ 3371.50,2
3197,09:30:00,$ 3371.50,3
3198,09:30:00,$ 3371.50,2
3199,09:30:00,$ 3371.50,1
3200,09:30:00,$ 3371.50,1
3201,09:30:00,$ 3371.50,1
3202,09:30:00,$ 3371.50,1
3203,09:30:00,$ 3371.50,1
3204,09:30:00,$ 3371.50,2
3205,09:30:00,$ 3371.50,1
3206,09:30:00,$ 3371.50,2
3207,09:30:00,$ 3371.50,5
3208,09:30:00,$ 3371.50,8
3209,09:30:00,$ 3371.50,1
3210,09:30:00,$ 3371.50,1
3211,09:30:00,$ 3371.50,2
3212,09:30:00,$ 3371.50,1
3214,09:30:00,$ 3371.50,1
3215,09:30:00,$ 3371.50,8
3216,09:30:00,$ 3371.50,41
3217,09:30:00,$ 3371.50,1
3218,09:30:00,$ 3371.50,1
3219,09:30:00,$ 3371.50,4
3220,09:30:00,$ 3371.50,2
3221,09:30:00,$ 3371.50,1
3222,09:30:00,$ 3371.50,1
3223,09:30:00,$ 3371.50,7
3224,09:30:00,$ 3371.50,2
3225,09:30:00,$ 3371.50,1
3226,09:30:00,$ 3371.50,2
3227,09:30:00,$ 3371.50,1
3228,09:30:00,$ 3371.50,5
3229,09:30:00,$ 3371.50,8
3230,09:30:00,$ 3371.50,1
3231,09:30:00,$ 3371.50,4
3232,09:30:00,$ 3371.50,2
3233,09:30:00,$ 3371.50,15
3235,09:30:00,$ 3371.50,1
3236,09:30:00,$ 3371.50,2
3237,09:30:00,$ 3371.50,1
3238,09:30:00,$ 3371.50,34
3239,09:30:00,$ 3371.50,1
3240,09:30:00,$ 3371.50,1
3241,09:30:00,$ 3371.50,1
3242,09:30:00,$ 3371.50,26
3243,09:30:00,$ 3371.50,1
3244,09:30:00,$ 3371.50,5
3245,09:30:00,$ 3371.50,2
3246,09:30:00,$ 3371.50,15
3247,09:30:00,$ 3371.50,1
3248,09:30:00,$ 3371.50,10
3249,09:30:00,$ 3371.50,2
3250,09:30:00,$ 3371.50,3
3251,09:30:00,$ 3371.50,2
3252,09:30:00,$ 3371.50,1
3253,09:30:00,$ 3371.50,1
3254,09:30:00,$ 3371.50,2
3256,09:30:00,$ 3371.50,5
3257,09:30:00,$ 3371.50,2
3258,09:30:00,$ 3371.50,2
3259,09:30:00,$ 3371.50,10
3260,09:30:00,$ 3371.50,2
3261,09:30:00,$ 3371.50,21
3262,09:30:00,$ 3371.50,5
3263,09:30:00,$ 3371.50,3
3264,09:30:00,$ 3371.50,1
3265,09:30:00,$ 3371.50,3
3266,09:30:00,$ 3371.50,10
3267,09:30:00,$ 3371.50,1
3268,09:30:00,$ 3371.50,1
3269,09:30:00,$ 3371.50,3
3270,09:30:00,$ 3371.50,2
3271,09:30:00,$ 3371.50,10
3272,09:30:00,$ 3371.50,5
3273,09:30:00,$ 3371.50,1
3274,09:30:00,$ 3371.50,5
3275,09:30:00,$ 3371.50,1
3277,09:30:00,$ 3371.50,1
3278,09:30:00,$ 3371.50,5
3279,09:30:00,$ 3371.50,3
3280,09:30:00,$ 3371.50,6
3281,09:30:00,$ 3371.50,1
3282,09:30:00,$ 3371.50,1
3283,09:30:00,$ 3371.50,1
3284,09:30:00,$ 3371.50,1
3285,09:30:00,$ 3371.50,3
3286,09:30:00,$ 3371.50,1
3287,09:30:00,$ 3371.50,2
3288,09:30:00,$ 3371.50,1
3289,09:30:00,$ 3371.50,3
3290,09:30:00,$ 3371.50,10
3291,09:30:00,$ 3371.50,1
3292,09:30:00,$ 3371.50,6
3293,09:30:00,$ 3371.50,1
3294,09:30:00,$ 3371.50,120
3295,09:30:00,$ 3371.50,5
3296,09:30:00,$ 3371.50,1
3298,09:30:00,$ 3371.50,56
3299,09:30:00,$ 3371.50,44
3300,09:30:00,$ 3371.50,38
3301,09:30:00,$ 3371.50,29
3302,09:30:00,$ 3371.50,33
3303,09:30:00,$ 3371.50,100
3304,09:30:00,$ 3371.50,22
3305,09:30:00,$ 3371.50,33
3306,09:30:00,$ 3371.50,3
3307,09:30:00,$ 3371.50,1
3308,09:30:00,$ 3371.50,1
3309,09:30:00,$ 3371.50,2
3310,09:30:00,$ 3371.50,5
3311,09:30:00,$ 3371.50,2
3312,09:30:00,$ 3371.50,1
3313,09:30:00,$ 3371.50,500
3314,09:30:00,$ 3371.50,1
3315,09:30:00,$ 3371.50,1
3316,09:30:00,$ 3371.50,9
3317,09:30:00,$ 3371.50,1
3319,09:30:00,$ 3371.50,2
3320,09:30:00,$ 3371.50,1
3321,09:30:00,$ 3371.50,1
3322,09:30:00,$ 3371.50,5
3323,09:30:00,$ 3371.50,5
3324,09:30:00,$ 3371.50,5
3325,09:30:00,$ 3371.50,2
3326,09:30:00,$ 3371.50,1
3327,09:30:00,$ 3371.50,2
3328,09:30:00,$ 3371.50,1
3329,09:30:00,$ 3371.50,1
3330,09:30:00,$ 3371.50,2
3331,09:30:00,$ 3371.50,30
3332,09:30:00,$ 3371.50,1
3333,09:30:00,$ 3371.50,1
3334,09:30:00,$ 3371.50,2
3335,09:30:00,$ 3371.50,5
3336,09:30:00,$ 3371.50,1
3337,09:30:00,$ 3371.50,10
3338,09:30:00,$ 3371.50,2
3340,09:30:00,$ 3371.50,6
3341,09:30:00,$ 3371.50,10
3342,09:30:00,$ 3371.50,6
3343,09:30:00,$ 3371.50,8
3344,09:30:00,$ 3371.50,1
3345,09:30:00,$ 3371.50,1
3346,09:30:00,$ 3371.50,1
3347,09:30:00,$ 3371.50,100
3348,09:30:00,$ 3371.50,2
3349,09:30:00,$ 3371.50,10
3350,09:30:00,$ 3371.50,1
3351,09:30:00,$ 3371.50,5
3352,09:30:00,$ 3371.50,22
3353,09:30:00,$ 3371.50,1
3354,09:30:00,$ 3371.50,1
3355,09:30:00,$ 3371.50,1
3356,09:30:00,$ 3371.50,1
3357,09:30:00,$ 3371.50,2
3358,09:30:00,$ 3371.50,4
3359,09:30:00,$ 3371.50,2
3361,09:30:00,$ 3371.50,3
3362,09:30:00,$ 3371.50,1
3363,09:30:00,$ 3371.50,2
3364,09:30:00,$ 3371.50,5
3365,09:30:00,$ 3371.50,5
3366,09:30:00,$ 3371.50,1
3367,09:30:00,$ 3371.50,2
3368,09:30:00,$ 3371.50,1
3369,09:30:00,$ 3371.50,1
3370,09:30:00,$ 3371.50,8
3371,09:30:00,$ 3371.50,1
3372,09:30:00,$ 3371.50,3
3373,09:30:00,$ 3371.50,5
3374,09:30:00,$ 3371.50,3
3375,09:30:00,$ 3371.50,1
3376,09:30:00,$ 3371.50,1
3377,09:30:00,$ 3371.50,13
3378,09:30:00,$ 3371.50,8
3379,09:30:00,$ 3371.50,8
3380,09:30:00,$ 3371.50,8
3382,09:30:00,$ 3371.50,18
3383,09:30:00,$ 3371.50,18
3384,09:30:00,$ 3371.50,18
3385,09:30:00,$ 3371.50,18
3386,09:30:00,$ 3371.50,14
3387,09:30:00,$ 3371.50,22
3388,09:30:00,$ 3371.50,22
3389,09:30:00,$ 3371.50,22
3390,09:30:00,$ 3371.50,171
3391,09:30:00,$ 3371.50,2
3392,09:30:00,$ 3371.50,2
3393,09:30:00,$ 3371.50,1
3394,09:30:00,$ 3371.50,1
3395,09:30:00,$ 3371.50,1
3396,09:30:00,$ 3371.50,2
3397,09:30:00,$ 3371.50,2
3398,09:30:00,$ 3371.50,4
3399,09:30:00,$ 3371.50,4
3400,09:30:00,$ 3371.50,29
3401,09:30:00,$ 3371.50,1
3403,09:30:00,$ 3371.50,3
3404,09:30:00,$ 3371.50,1
3405,09:30:00,$ 3371.50,1
3406,09:30:00,$ 3371.50,1
3407,09:30:00,$ 3371.50,1
3408,09:30:00,$ 3371.50,1
3409,09:30:00,$ 3371.50,1
3410,09:30:00,$ 3371.50,1
3411,09:30:00,$ 3371.50,4
3412,09:30:00,$ 3371.50,20
3413,09:30:00,$ 3371.50,3
3414,09:30:00,$ 3371.50,5
3415,09:30:00,$ 3371.50,3
3416,09:30:00,$ 3371.50,1
3417,09:30:00,$ 3371.50,1
3418,09:30:00,$ 3371.50,1
3419,09:30:00,$ 3371.50,1
3420,09:30:00,$ 3371.50,11
3421,09:30:00,$ 3371.50,1
3422,09:30:00,$ 3371.50,1
3424,09:30:00,$ 3371.50,5
3425,09:30:00,$ 3371.50,1
3426,09:30:00,$ 3371.50,1
3427,09:30:00,$ 3371.50,2
3428,09:30:00,$ 3371.50,1
3429,09:30:00,$ 3371.50,1
3430,09:30:00,$ 3371.50,10
3431,09:30:00,$ 3371.50,3
3432,09:30:00,$ 3371.50,2
3433,09:30:00,$ 3371.50,1
3434,09:30:00,$ 3371.50,1
3435,09:30:00,$ 3371.50,5
3436,09:30:00,$ 3371.50,1
3437,09:30:00,$ 3371.50,1
3438,09:30:00,$ 3371.50,1
3439,09:30:00,$ 3371.50,1
3440,09:30:00,$ 3371.50,2
3441,09:30:00,$ 3371.50,1
3442,09:30:00,$ 3371.50,4
3443,09:30:00,$ 3371.50,15
3445,09:30:00,$ 3371.50,3
3446,09:30:00,$ 3371.50,36
3447,09:30:00,$ 3371.50,1
3448,09:30:00,$ 3371.50,1
3449,09:30:00,$ 3371.50,1
3450,09:30:00,$ 3371.50,1
3451,09:30:00,$ 3371.50,1
3452,09:30:00,$ 3371.50,2
3453,09:30:00,$ 3371.50,1
3454,09:30:00,$ 3371.50,1
3455,09:30:00,$ 3371.50,1
3456,09:30:00,$ 3371.50,40
3457,09:30:00,$ 3371.50,80
3458,09:30:00,$ 3371.50,50
3459,09:30:00,$ 3371.50,2
3460,09:30:00,$ 3371.50,3
3461,09:30:00,$ 3371.50,1
3462,09:30:00,$ 3371.50,1
3463,09:30:00,$ 3371.50,1
3464,09:30:00,$ 3371.50,1
3466,09:30:00,$ 3371.50,1
3467,09:30:00,$ 3371.50,1
3468,09:30:00,$ 3371.50,2
3469,09:30:00,$ 3371.50,1
3470,09:30:00,$ 3371.50,5
3471,09:30:00,$ 3371.50,10
3472,09:30:00,$ 3371.50,1
3473,09:30:00,$ 3371.50,5
3474,09:30:00,$ 3371.50,10
3475,09:30:00,$ 3371.50,1
3476,09:30:00,$ 3371.50,2
3477,09:30:00,$ 3371.50,1
3478,09:30:00,$ 3371.50,6
3479,09:30:00,$ 3371.50,1
3480,09:30:00,$ 3371.50,5
3481,09:30:00,$ 3371.50,1
3482,09:30:00,$ 3371.50,1
3483,09:30:00,$ 3371.50,1
3484,09:30:00,$ 3371.50,1
3485,09:30:00,$ 3371.50,1
3487,09:30:00,$ 3371.50,2
3488,09:30:00,$ 3371.50,1
3489,09:30:00,$ 3371.50,3
3490,09:30:00,$ 3371.50,1
3491,09:30:00,$ 3371.50,5
3492,09:30:00,$ 3371.50,100
3493,09:30:00,$ 3371.50,1
3494,09:30:00,$ 3371.50,30
3495,09:30:00,$ 3371.50,1
3496,09:30:00,$ 3371.50,3
3497,09:30:00,$ 3371.50,3
3498,09:30:00,$ 3371.50,5
3499,09:30:00,$ 3371.50,1
3500,09:30:00,$ 3371.50,1
3501,09:30:00,$ 3371.50,29
3502,09:30:00,$ 3371.50,2
3503,09:30:00,$ 3371.50,200
3504,09:30:00,$ 3371.50,5
3505,09:30:00,$ 3371.50,2
3506,09:30:00,$ 3371.50,1
3508,09:30:00,$ 3371.50,30
3509,09:30:00,$ 3371.50,3
3510,09:30:00,$ 3371.50,1
3511,09:30:00,$ 3371.50,1
3512,09:30:00,$ 3371.50,1
3513,09:30:00,$ 3371.50,3
3514,09:30:00,$ 3371.50,15
3515,09:30:00,$ 3371.50,29
3516,09:30:00,$ 3371.50,4
3517,09:30:00,$ 3371.50,8
3518,09:30:00,$ 3371.50,4
3519,09:30:00,$ 3371.50,1
3520,09:30:00,$ 3371.50,66
3521,09:30:00,$ 3371.50,6
3522,09:30:00,$ 3371.50,20
3523,09:30:00,$ 3371.50,10
3524,09:30:00,$ 3371.50,1
3525,09:30:00,$ 3371.50,5
3526,09:30:00,$ 3371.50,100
3527,09:30:00,$ 3371.50,2
3529,09:30:00,$ 3371.50,2
3530,09:30:00,$ 3371.50,2
3531,09:30:00,$ 3371.50,5
3532,09:30:00,$ 3371.50,1
3533,09:30:00,$ 3371.50,1
3534,09:30:00,$ 3371.50,100
3535,09:30:00,$ 3371.50,543
3536,09:30:00,$ 3371.50,1
3537,09:30:00,$ 3371.50,51
3538,09:30:00,$ 3371.50,3
3539,09:30:00,$ 3371.50,20
3540,09:30:00,$ 3371.50,1
3541,09:30:00,$ 3371.50,1
3542,09:30:00,$ 3371.50,1
3543,09:30:00,$ 3371.50,1
3544,09:30:00,$ 3371.50,30
3545,09:30:00,$ 3371.50,10
3546,09:30:00,$ 3371.50,1
3547,09:30:00,$ 3371.50,1
3548,09:30:00,$ 3371.50,100
3550,09:30:00,$ 3371.50,30
3551,09:30:00,$ 3371.50,446
3552,09:30:00,$ 3371.50,30
3553,09:30:00,$ 3371.50,32
3554,09:30:00,$ 3371.50,32
3555,09:30:00,$ 3371.50,1
3556,09:30:00,$ 3371.50,500
3557,09:30:00,$ 3371.50,2
3558,09:30:00,$ 3371.50,1
3559,09:30:00,$ 3371.50,1
3560,09:30:00,$ 3371.50,1
3561,09:30:00,$ 3371.50,30
3562,09:30:00,$ 3371.50,31
3563,09:30:00,$ 3371.50,5
3564,09:30:00,$ 3371.50,1
3565,09:30:00,$ 3371.50,1
3566,09:30:00,$ 3371.50,2
3567,09:30:00,$ 3371.50,31
3568,09:30:00,$ 3371.50,13
3569,09:30:00,$ 3371.50,5
3571,09:30:00,$ 3371.50,1
3572,09:30:00,$ 3371.50,2
3573,09:30:00,$ 3371.50,20
3574,09:30:00,$ 3371.50,1
3575,09:30:00,$ 3371.50,100
3576,09:30:00,$ 3371.50,1
3577,09:30:00,$ 3371.50,2
3578,09:30:00,$ 3371.50,1
3579,09:30:00,$ 3371.50,2
3580,09:30:00,$ 3371.50,1
3581,09:30:00,$ 3371.50,3
3582,09:30:00,$ 3371.50,1
3583,09:30:00,$ 3371.50,33
3584,09:30:00,$ 3371.50,31
3585,09:30:00,$ 3371.50,1
3586,09:30:00,$ 3371.50,1
3587,09:30:00,$ 3371.50,31
3588,09:30:00,$ 3371.50,1
3589,09:30:00,$ 3371.50,33
3590,09:30:00,$ 3371.50,32
3592,09:30:00,$ 3371.50,1
3593,09:30:00,$ 3371.50,15
3594,09:30:00,$ 3371.50,3
3595,09:30:00,$ 3371.50,10
3596,09:30:00,$ 3371.50,1
3597,09:30:00,$ 3371.50,1
3598,09:30:00,$ 3371.50,1
3599,09:30:00,$ 3371.50,17
3600,09:30:00,$ 3371.50,23
3601,09:30:00,$ 3371.50,1
3602,09:30:00,$ 3371.50,1
3603,09:30:00,$ 3371.50,10
3604,09:30:00,$ 3371.50,50
3605,09:30:00,$ 3371.50,4
3606,09:30:00,$ 3371.50,1
3607,09:30:00,$ 3371.50,5
3608,09:30:00,$ 3371.50,1
3609,09:30:00,$ 3371.50,2
3610,09:30:00,$ 3371.50,5
3611,09:30:00,$ 3371.50,4
3613,09:30:00,$ 3371.50,2
3614,09:30:00,$ 3371.50,2
3615,09:30:00,$ 3371.50,32
3616,09:30:00,$ 3371.50,11
3617,09:30:00,$ 3371.50,1
3618,09:30:00,$ 3371.50,1
3619,09:30:00,$ 3371.50,1
3620,09:30:00,$ 3371.50,33
3621,09:30:00,$ 3371.50,80
3622,09:30:00,$ 3371.50,2
3623,09:30:00,$ 3371.50,2
3624,09:30:00,$ 3371.50,1
3625,09:30:00,$ 3371.50,10
3626,09:30:00,$ 3371.50,1
3627,09:30:00,$ 3371.50,8
3628,09:30:00,$ 3371.50,15
3629,09:30:00,$ 3371.50,1
3630,09:30:00,$ 3371.50,26
3631,09:30:00,$ 3371.50,10
3632,09:30:00,$ 3371.50,25
3634,09:30:00,$ 3371.50,5
3635,09:30:00,$ 3371.50,1
3636,09:30:00,$ 3371.50,1
3637,09:30:00,$ 3371.50,1
3638,09:30:00,$ 3371.50,25
3639,09:30:00,$ 3371.50,10
3640,09:30:00,$ 3371.50,295
3641,09:30:00,$ 3371.50,1
3642,09:30:00,$ 3371.50,1
3643,09:30:00,$ 3371.50,1
3644,09:30:00,$ 3371.50,1
3645,09:30:00,$ 3371.50,5
3646,09:30:00,$ 3371.50,3
3647,09:30:00,$ 3371.50,1
3648,09:30:00,$ 3371.50,1
3649,09:30:00,$ 3371.50,9
3650,09:30:00,$ 3371.50,5
3651,09:30:00,$ 3371.50,1
3652,09:30:00,$ 3371.50,1
3653,09:30:00,$ 3371.50,1
3655,09:30:00,$ 3371.50,2
3656,09:30:00,$ 3371.50,3
3657,09:30:00,$ 3371.50,1
3658,09:30:00,$ 3371.50,5
3659,09:30:00,$ 3371.50,15
3660,09:30:00,$ 3371.50,1
3661,09:30:00,$ 3371.50,1
3662,09:30:00,$ 3371.50,5
3663,09:30:00,$ 3371.50,1
3664,09:30:00,$ 3371.50,5
3665,09:30:00,$ 3371.50,1
3666,09:30:00,$ 3371.50,1
3667,09:30:00,$ 3371.50,2
3668,09:30:00,$ 3371.50,3
3669,09:30:00,$ 3371.50,1
3670,09:30:00,$ 3371.50,5
3671,09:30:00,$ 3371.50,1
3672,09:30:00,$ 3371.50,1
3673,09:30:00,$ 3371.50,1
3674,09:30:00,$ 3371.50,1
3676,09:30:00,$ 3371.50,1
3677,09:30:00,$ 3371.50,1
3678,09:30:00,$ 3371.50,3
3679,09:30:00,$ 3371.50,8
3680,09:30:00,$ 3371.50,20
3681,09:30:00,$ 3371.50,1
3682,09:30:00,$ 3371.50,1
3683,09:30:00,$ 3371.50,1
3684,09:30:00,$ 3371.50,6
3685,09:30:00,$ 3371.50,5
3686,09:30:00,$ 3371.50,3
3687,09:30:00,$ 3371.50,1
3688,09:30:00,$ 3371.50,1
3689,09:30:00,$ 3371.50,1
3690,09:30:00,$ 3371.50,1
3691,09:30:00,$ 3371.50,1
3692,09:30:00,$ 3371.50,3
3693,09:30:00,$ 3371.50,2
3694,09:30:00,$ 3371.50,1
3695,09:30:00,$ 3371.50,1
3697,09:30:00,$ 3371.50,25
3698,09:30:00,$ 3371.50,2
3699,09:30:00,$ 3371.50,7
3700,09:30:00,$ 3371.50,5
3701,09:30:00,$ 3371.50,10
3702,09:30:00,$ 3371.50,1
3703,09:30:00,$ 3371.50,3
3704,09:30:00,$ 3371.50,2
3705,09:30:00,$ 3371.50,1
3706,09:30:00,$ 3371.50,3
3707,09:30:00,$ 3371.50,1
3708,09:30:00,$ 3371.50,4
3709,09:30:00,$ 3371.50,10
3710,09:30:00,$ 3371.50,4
3711,09:30:00,$ 3371.50,3
3712,09:30:00,$ 3371.50,2
3713,09:30:00,$ 3371.50,25
3714,09:30:00,$ 3371.50,1
3715,09:30:00,$ 3371.50,1
3716,09:30:00,$ 3371.50,1
3718,09:30:00,$ 3371.50,33
3719,09:30:00,$ 3371.50,1
3720,09:30:00,$ 3371.50,1
3721,09:30:00,$ 3371.50,1
3722,09:30:00,$ 3371.50,1
3723,09:30:00,$ 3371.50,2
3724,09:30:00,$ 3371.50,1
3725,09:30:00,$ 3371.50,20
3726,09:30:00,$ 3371.50,1
3727,09:30:00,$ 3371.50,1
3728,09:30:00,$ 3371.50,2
3729,09:30:00,$ 3371.50,2
3730,09:30:00,$ 3371.50,1
3731,09:30:00,$ 3371.50,1
3732,09:30:00,$ 3371.50,12
3733,09:30:00,$ 3371.50,34
3734,09:30:00,$ 3371.50,5
3735,09:30:00,$ 3371.50,5
3736,09:30:00,$ 3371.50,1
3737,09:30:00,$ 3371.50,1
3739,09:30:00,$ 3371.50,1
3740,09:30:00,$ 3371.50,50
3741,09:30:00,$ 3371.50,1
3742,09:30:00,$ 3371.50,3
3743,09:30:00,$ 3371.50,1
3744,09:30:00,$ 3371.50,500
3745,09:30:00,$ 3371.50,1
3746,09:30:00,$ 3371.50,8
3747,09:30:00,$ 3371.50,2
3748,09:30:00,$ 3371.50,50
3749,09:30:00,$ 3371.50,50
3750,09:30:00,$ 3371.50,2
3751,09:30:00,$ 3371.50,500
3752,09:30:00,$ 3371.50,27
3753,09:30:00,$ 3371.50,10
3754,09:30:00,$ 3371.50,100
3755,09:30:00,$ 3371.50,2
3756,09:30:00,$ 3371.50,50
3757,09:30:00,$ 3371.50,28
3758,09:30:00,$ 3371.50,1
3760,09:30:00,$ 3371.50,2
3761,09:30:00,$ 3371.50,1
3762,09:30:00,$ 3371.50,3
3763,09:30:00,$ 3371.50,56
3764,09:30:00,$ 3371.50,4
3765,09:30:00,$ 3371.50,1
3766,09:30:00,$ 3371.50,1
3767,09:30:00,$ 3371.50,10
3768,09:30:00,$ 3371.50,2
3769,09:30:00,$ 3371.50,1
3770,09:30:00,$ 3371.50,28
3771,09:30:00,$ 3371.50,1
3772,09:30:00,$ 3371.50,5
3773,09:30:00,$ 3371.50,1
3774,09:30:00,$ 3371.50,5
3775,09:30:00,$ 3371.50,1
3776,09:30:00,$ 3371.50,1
3777,09:30:00,$ 3371.50,25
3778,09:30:00,$ 3371.50,1
3779,09:30:00,$ 3371.50,5
3781,09:30:00,$ 3371.50,1
3782,09:30:00,$ 3371.50,1
3783,09:30:00,$ 3371.50,10
3784,09:30:00,$ 3371.50,1
3785,09:30:00,$ 3371.50,5
3786,09:30:00,$ 3371.50,15
3787,09:30:00,$ 3371.50,5
3788,09:30:00,$ 3371.50,1
3789,09:30:00,$ 3371.50,1
3790,09:30:00,$ 3371.50,2
3791,09:30:00,$ 3371.50,5
3792,09:30:00,$ 3371.50,1
3793,09:30:00,$ 3371.50,10
3794,09:30:00,$ 3371.50,1
3795,09:30:00,$ 3371.50,10
3796,09:30:00,$ 3371.50,2
3797,09:30:00,$ 3371.50,10
3798,09:30:00,$ 3371.50,1
3799,09:30:00,$ 3371.50,3
3800,09:30:00,$ 3371.50,20
3802,09:30:00,$ 3371.50,4
3803,09:30:00,$ 3371.50,1
3804,09:30:00,$ 3371.50,2
3805,09:30:00,$ 3371.50,2
3806,09:30:00,$ 3371.50,1
3807,09:30:00,$ 3371.50,19
3808,09:30:00,$ 3371.50,1
3809,09:30:00,$ 3371.50,2
3810,09:30:00,$ 3371.50,2
3811,09:30:00,$ 3371.50,50
3812,09:30:00,$ 3371.50,100
3813,09:30:00,$ 3371.50,10
3814,09:30:00,$ 3371.50,1
3815,09:30:00,$ 3371.50,10
3816,09:30:00,$ 3371.50,1
3817,09:30:00,$ 3371.50,1
3818,09:30:00,$ 3371.50,2
3819,09:30:00,$ 3371.50,1
3820,09:30:00,$ 3371.50,1
3821,09:30:00,$ 3371.50,10
3823,09:30:00,$ 3371.50,25
3824,09:30:00,$ 3371.50,4
3825,09:30:00,$ 3371.50,5
3826,09:30:00,$ 3371.50,2
3827,09:30:00,$ 3371.50,3
3828,09:30:00,$ 3371.50,5
3829,09:30:00,$ 3371.50,3
3830,09:30:00,$ 3371.50,2
3831,09:30:00,$ 3371.50,5
3832,09:30:00,$ 3371.50,1
3833,09:30:00,$ 3371.50,3
3834,09:30:00,$ 3371.50,1
3835,09:30:00,$ 3371.50,4
3836,09:30:00,$ 3371.50,1
3837,09:30:00,$ 3371.50,1
3838,09:30:00,$ 3371.50,10
3839,09:30:00,$ 3371.50,8
3840,09:30:00,$ 3371.50,5
3841,09:30:00,$ 3371.50,1
3842,09:30:00,$ 3371.50,9
3844,09:30:00,$ 3371.50,2
3845,09:30:00,$ 3371.50,1
3846,09:30:00,$ 3371.50,1
3847,09:30:00,$ 3371.50,4
3848,09:30:00,$ 3371.50,4
3849,09:30:00,$ 3371.50,20
3850,09:30:00,$ 3371.50,10
3851,09:30:00,$ 3371.50,1
3852,09:30:00,$ 3371.50,1
3853,09:30:00,$ 3371.50,1
3854,09:30:00,$ 3371.50,1
3855,09:30:00,$ 3371.50,10
3856,09:30:00,$ 3371.50,2
3857,09:30:00,$ 3371.50,30
3858,09:30:00,$ 3371.50,9
3859,09:30:00,$ 3371.50,1
3860,09:30:00,$ 3371.50,5
3861,09:30:00,$ 3371.50,2
3862,09:30:00,$ 3371.50,2
3863,09:30:00,$ 3371.50,1
3865,09:30:00,$ 3371.50,1
3866,09:30:00,$ 3371.50,1
3867,09:30:00,$ 3371.50,10
3868,09:30:00,$ 3371.50,1
3869,09:30:00,$ 3371.50,100
3870,09:30:00,$ 3371.50,5
3871,09:30:00,$ 3371.50,10
3872,09:30:00,$ 3371.50,1
3873,09:30:00,$ 3371.50,25
3874,09:30:00,$ 3371.50,1
3875,09:30:00,$ 3371.50,1
3876,09:30:00,$ 3371.50,2
3877,09:30:00,$ 3371.50,1
3878,09:30:00,$ 3371.50,1
3879,09:30:00,$ 3371.50,1
3880,09:30:00,$ 3371.50,10
3881,09:30:00,$ 3371.50,5
3882,09:30:00,$ 3371.50,7
3883,09:30:00,$ 3371.50,1
3884,09:30:00,$ 3371.50,2
3886,09:30:00,$ 3371.50,10
3887,09:30:00,$ 3371.50,2
3888,09:30:00,$ 3371.50,1
3889,09:30:00,$ 3371.50,1
3890,09:30:00,$ 3371.50,5
3891,09:30:00,$ 3371.50,1
3892,09:30:00,$ 3371.50,1
3893,09:30:00,$ 3371.50,50
3894,09:30:00,$ 3371.50,2
3895,09:30:00,$ 3371.50,1
3896,09:30:00,$ 3371.50,7
3897,09:30:00,$ 3371.50,1
3898,09:30:00,$ 3371.50,2
3899,09:30:00,$ 3371.50,10
3900,09:30:00,$ 3371.50,1
3901,09:30:00,$ 3371.50,5
3902,09:30:00,$ 3371.50,13
3903,09:30:00,$ 3371.50,294
3904,09:30:00,$ 3371.50,1
3905,09:30:00,$ 3371.50,2
3907,09:30:00,$ 3371.50,3
3908,09:30:00,$ 3371.50,1
3909,09:30:00,$ 3371.50,1
3910,09:30:00,$ 3371.50,2
3911,09:30:00,$ 3371.50,1
3912,09:30:00,$ 3371.50,5
3913,09:30:00,$ 3371.50,1
3914,09:30:00,$ 3371.50,1
3915,09:30:00,$ 3371.50,1
3916,09:30:00,$ 3371.50,2
3917,09:30:00,$ 3371.50,34
3918,09:30:00,$ 3371.50,15
3919,09:30:00,$ 3371.50,2
3920,09:30:00,$ 3371.50,1
3921,09:30:00,$ 3371.50,5
3922,09:30:00,$ 3371.50,30
3923,09:30:00,$ 3371.50,1
3924,09:30:00,$ 3371.50,30
3925,09:30:00,$ 3371.50,10
