,NLS Time (ET),NLS Price,NLS Share Volume
1,09:59:58,$ 3374.01,100
2,09:59:58,$ 3374.00,100
3,09:59:41,$ 3372.23,100
4,09:59:41,$ 3371.57,100
5,09:59:28,$ 3373.56,100
6,09:59:28,$ 3373.56,100
7,09:59:26,$ 3373.56,100
8,09:59:02,$ 3375.53,100
9,09:58:54,$ 3376.00,100
10,09:58:54,$ 3375.8825,500
11,09:58:51,$ 3375.00,100
12,09:58:51,$ 3375.00,100
13,09:58:46,$ 3375.95,100
14,09:58:31,$ 3375.04,100
15,09:58:31,$ 3375.25,100
16,09:58:11,$ 3376.1884,100
17,09:58:00,$ 3376.46,100
18,09:58:00,$ 3376.39,100
19,09:57:58,$ 3376.00,900
20,09:57:58,$ 3376.00,200
22,09:57:55,$ 3375.50,100
23,09:57:55,$ 3375.50,100
24,09:57:55,$ 3375.50,100
25,09:57:55,$ 3375.00,198
26,09:57:54,$ 3374.315,100
27,09:57:49,$ 3373.7823,500
28,09:57:42,$ 3375.01,100
29,09:57:37,$ 3373.85,100
30,09:57:37,$ 3374.01,100
31,09:57:37,$ 3374.00,240
32,09:57:37,$ 3374.00,100
33,09:57:19,$ 3374.285,300
34,09:57:06,$ 3373.565,100
35,09:56:58,$ 3374.85,200
36,09:56:55,$ 3375.50,100
37,09:56:55,$ 3375.50,100
38,09:56:55,$ 3375.53,100
39,09:56:50,$ 3376.00,111
40,09:56:44,$ 3376.00,100
41,09:56:44,$ 3376.00,100
43,09:56:44,$ 3376.00,100
44,09:56:44,$ 3376.00,100
45,09:56:44,$ 3376.00,100
46,09:56:44,$ 3376.00,218
47,09:56:44,$ 3376.00,100
48,09:56:41,$ 3374.95,100
49,09:56:41,$ 3375.00,150
50,09:56:39,$ 3373.38,200
51,09:56:31,$ 3373.90,100
52,09:56:31,$ 3373.99,100
53,09:56:31,$ 3374.00,100
54,09:56:31,$ 3373.925,100
55,09:56:31,$ 3373.98,100
56,09:56:31,$ 3373.09,"1,000"
57,09:56:31,$ 3372.63,100
58,09:56:22,$ 3372.6882,100
59,09:56:21,$ 3372.66,100
60,09:56:21,$ 3372.66,100
61,09:56:20,$ 3372.66,100
62,09:56:20,$ 3372.9999,400
64,09:56:20,$ 3372.66,100
65,09:56:20,$ 3372.66,100
66,09:56:18,$ 3372.66,100
67,09:56:18,$ 3372.66,100
68,09:56:18,$ 3372.66,100
69,09:56:17,$ 3372.17,100
70,09:56:17,$ 3372.66,100
71,09:56:10,$ 3371.6301,100
72,09:56:10,$ 3371.888,100
73,09:56:06,$ 3371.89,180
74,09:56:05,$ 3372.49,100
75,09:56:03,$ 3371.498,200
76,09:55:52,$ 3370.38,100
77,09:55:48,$ 3370.9898,382
78,09:55:40,$ 3370.82,100
79,09:55:40,$ 3370.77,100
80,09:55:25,$ 3371.025,100
81,09:55:17,$ 3370.00,100
82,09:55:17,$ 3370.00,100
83,09:55:17,$ 3370.00,100
85,09:55:17,$ 3369.45,100
86,09:55:14,$ 3369.20,100
87,09:55:09,$ 3368.5096,100
88,09:54:53,$ 3369.7382,100
89,09:54:51,$ 3369.50,100
90,09:54:49,$ 3369.7283,525
91,09:54:49,$ 3369.32,100
92,09:54:42,$ 3367.66,200
93,09:54:42,$ 3368.804,100
94,09:54:42,$ 3368.82,100
95,09:54:40,$ 3367.91,100
96,09:54:31,$ 3368.08,100
97,09:54:31,$ 3368.22,100
98,09:54:26,$ 3368.00,115
99,09:54:21,$ 3366.17,100
100,09:54:19,$ 3365.19,200
101,09:54:16,$ 3364.215,100
102,09:54:16,$ 3365.15,100
103,09:54:16,$ 3365.17,100
104,09:54:11,$ 3365.16,100
106,09:54:09,$ 3364.69,200
107,09:54:09,$ 3364.99,361
108,09:54:05,$ 3364.58,100
109,09:54:05,$ 3364.01,200
110,09:54:04,$ 3363.3503,208
111,09:54:04,$ 3363.3503,377
112,09:54:04,$ 3363.21,200
113,09:54:03,$ 3363.21,130
114,09:54:02,$ 3364.00,100
115,09:54:02,$ 3363.51,100
116,09:54:01,$ 3362.78,200
117,09:54:01,$ 3363.51,240
118,09:54:01,$ 3363.02,100
119,09:54:01,$ 3362.94,200
120,09:54:01,$ 3363.16,400
121,09:54:01,$ 3363.23,100
122,09:54:01,$ 3363.64,200
123,09:54:00,$ 3364.16,500
124,09:54:00,$ 3363.7564,100
125,09:53:58,$ 3363.63,200
127,09:53:55,$ 3363.766,100
128,09:53:54,$ 3364.31,400
129,09:53:52,$ 3364.245,400
130,09:53:52,$ 3364.24,100
131,09:53:52,$ 3364.095,200
132,09:53:50,$ 3364.01,200
133,09:53:46,$ 3364.69,100
134,09:53:46,$ 3364.72,100
135,09:53:46,$ 3364.72,147
136,09:53:42,$ 3365.5981,100
137,09:53:42,$ 3365.00,142
138,09:53:38,$ 3366.65,100
139,09:53:37,$ 3366.20,170
140,09:53:32,$ 3366.155,120
141,09:53:29,$ 3365.4983,100
142,09:53:28,$ 3365.40,100
143,09:53:28,$ 3365.44,100
144,09:53:28,$ 3365.58,100
145,09:53:28,$ 3365.4035,100
146,09:53:28,$ 3365.40,100
148,09:53:27,$ 3367.24,100
149,09:53:27,$ 3366.83,100
150,09:53:27,$ 3366.81,100
151,09:53:27,$ 3366.83,100
152,09:53:27,$ 3367.57,100
153,09:53:25,$ 3366.97,100
154,09:53:20,$ 3367.00,150
155,09:53:20,$ 3366.89,100
156,09:53:20,$ 3366.90,104
157,09:53:19,$ 3365.595,149
158,09:53:13,$ 3365.31,100
159,09:53:13,$ 3365.32,100
160,09:53:13,$ 3365.58,100
161,09:53:13,$ 3365.31,100
162,09:53:13,$ 3365.32,100
163,09:53:13,$ 3365.31,100
164,09:53:13,$ 3365.41,100
165,09:53:13,$ 3365.295,100
166,09:53:13,$ 3365.2935,100
167,09:53:11,$ 3366.09,200
169,09:53:08,$ 3366.095,115
170,09:53:07,$ 3366.16,100
171,09:53:07,$ 3365.466,100
172,09:53:07,$ 3366.45,100
173,09:53:07,$ 3366.05,270
174,09:53:07,$ 3367.19,100
175,09:53:07,$ 3367.15,100
176,09:53:07,$ 3367.03,100
177,09:53:07,$ 3366.82,100
178,09:53:02,$ 3366.8364,100
179,09:53:00,$ 3367.765,100
180,09:52:58,$ 3367.715,100
181,09:52:58,$ 3367.705,100
182,09:52:56,$ 3369.22,300
183,09:52:52,$ 3368.316,100
184,09:52:51,$ 3368.43,100
185,09:52:50,$ 3368.02,100
186,09:52:50,$ 3368.00,238
187,09:52:42,$ 3368.36,100
188,09:52:37,$ 3369.40,100
190,09:52:37,$ 3369.48,100
191,09:52:37,$ 3369.52,100
192,09:52:37,$ 3369.72,100
193,09:52:36,$ 3369.40,100
194,09:52:36,$ 3369.40,100
195,09:52:36,$ 3369.58,100
196,09:52:36,$ 3369.72,266
197,09:52:34,$ 3369.99,100
198,09:52:34,$ 3370.00,582
199,09:52:34,$ 3370.00,298
200,09:52:34,$ 3370.23,100
201,09:52:34,$ 3369.72,106
202,09:52:29,$ 3369.40,100
203,09:52:28,$ 3369.40,100
204,09:52:19,$ 3370.12,100
205,09:52:15,$ 3370.84,100
206,09:52:15,$ 3370.52,200
207,09:52:14,$ 3369.60,"2,400"
208,09:52:14,$ 3370.05,100
209,09:51:59,$ 3371.11,100
211,09:51:54,$ 3372.00,100
212,09:51:54,$ 3372.875,100
213,09:51:54,$ 3372.61,100
214,09:51:54,$ 3372.61,100
215,09:51:51,$ 3371.475,100
216,09:51:45,$ 3372.755,100
217,09:51:41,$ 3372.79,600
218,09:51:40,$ 3372.38,100
219,09:51:40,$ 3372.40,100
220,09:51:29,$ 3373.19,100
221,09:51:28,$ 3373.35,"1,000"
222,09:51:25,$ 3372.13,100
223,09:51:24,$ 3372.41,100
224,09:51:14,$ 3372.56,100
225,09:51:14,$ 3372.56,100
226,09:51:10,$ 3372.87,100
227,09:51:09,$ 3373.083,200
228,09:51:07,$ 3374.7399,100
229,09:51:02,$ 3373.83,200
230,09:50:58,$ 3371.915,100
232,09:50:57,$ 3372.055,100
233,09:50:56,$ 3372.56,100
234,09:50:53,$ 3372.385,100
235,09:50:47,$ 3373.945,300
236,09:50:46,$ 3373.43,100
237,09:50:46,$ 3373.42,100
238,09:50:45,$ 3374.34,100
239,09:50:44,$ 3374.862,125
240,09:50:43,$ 3375.00,100
241,09:50:42,$ 3375.00,287
242,09:50:42,$ 3375.00,192
243,09:50:36,$ 3374.995,100
244,09:50:33,$ 3375.97,100
245,09:50:32,$ 3375.97,100
246,09:50:32,$ 3374.98,100
247,09:50:31,$ 3374.51,118
248,09:50:22,$ 3374.20,100
249,09:50:22,$ 3374.037,200
250,09:50:10,$ 3374.65,100
251,09:50:07,$ 3375.01,100
253,09:50:07,$ 3375.00,135
254,09:50:07,$ 3375.00,"1,000"
255,09:50:07,$ 3375.00,100
256,09:50:07,$ 3374.99,100
257,09:50:07,$ 3374.586,200
258,09:50:07,$ 3374.44,100
259,09:50:07,$ 3374.48,100
260,09:50:06,$ 3373.80,100
261,09:50:06,$ 3374.00,200
262,09:50:03,$ 3373.215,100
263,09:50:03,$ 3373.85,100
264,09:50:03,$ 3373.97,100
265,09:50:03,$ 3373.97,100
266,09:50:03,$ 3373.75,100
267,09:50:03,$ 3373.8362,100
268,09:50:03,$ 3373.85,100
269,09:50:03,$ 3373.83,100
270,09:49:54,$ 3372.26,700
271,09:49:54,$ 3372.26,100
272,09:49:54,$ 3372.93,100
274,09:49:54,$ 3372.93,100
275,09:49:54,$ 3372.93,100
276,09:49:53,$ 3372.866,329
277,09:49:53,$ 3373.05,554
278,09:49:47,$ 3372.0601,250
279,09:49:38,$ 3370.93,100
280,09:49:35,$ 3370.218,100
281,09:49:31,$ 3370.52,100
282,09:49:29,$ 3370.5001,377
283,09:49:29,$ 3370.5001,296
284,09:49:29,$ 3370.5001,176
285,09:49:16,$ 3371.61,100
286,09:49:16,$ 3371.03,100
287,09:49:15,$ 3371.61,150
288,09:49:11,$ 3372.1999,100
289,09:49:09,$ 3371.99,100
290,09:49:09,$ 3371.99,157
291,09:49:09,$ 3371.99,175
292,09:49:09,$ 3371.99,100
293,09:49:06,$ 3373.00,100
295,09:49:06,$ 3373.00,100
296,09:48:58,$ 3371.98,226
297,09:48:57,$ 3372.4599,300
298,09:48:56,$ 3371.905,100
299,09:48:55,$ 3372.17,250
300,09:48:52,$ 3372.00,100
301,09:48:52,$ 3372.26,100
302,09:48:50,$ 3371.85,100
303,09:48:50,$ 3372.00,327
304,09:48:50,$ 3372.00,236
305,09:48:49,$ 3372.00,133
306,09:48:42,$ 3372.74,100
307,09:48:40,$ 3371.96,230
308,09:48:34,$ 3372.045,100
309,09:48:33,$ 3371.23,100
310,09:48:33,$ 3371.23,100
311,09:48:33,$ 3371.08,100
312,09:48:32,$ 3372.37,100
313,09:48:31,$ 3371.955,100
314,09:48:30,$ 3370.62,300
316,09:48:30,$ 3370.87,100
317,09:48:30,$ 3370.96,100
318,09:48:30,$ 3370.62,100
319,09:48:24,$ 3370.00,112
320,09:48:23,$ 3370.215,100
321,09:48:09,$ 3369.96,100
322,09:48:09,$ 3369.60,100
323,09:48:09,$ 3370.02,100
324,09:48:02,$ 3369.20,100
325,09:48:02,$ 3369.20,100
326,09:48:02,$ 3369.20,100
327,09:48:01,$ 3369.20,100
328,09:48:00,$ 3369.67,240
329,09:48:00,$ 3369.67,100
330,09:47:55,$ 3369.02,151
331,09:47:55,$ 3369.02,109
332,09:47:40,$ 3369.5099,300
333,09:47:36,$ 3368.37,100
334,09:47:31,$ 3368.745,100
335,09:47:26,$ 3369.29,100
337,09:47:24,$ 3369.85,175
338,09:47:12,$ 3370.92,100
339,09:47:12,$ 3370.54,400
340,09:47:11,$ 3369.56,100
341,09:47:11,$ 3369.37,100
342,09:47:06,$ 3370.91,100
343,09:47:06,$ 3370.79,100
344,09:47:06,$ 3370.10,200
345,09:47:06,$ 3369.56,100
346,09:47:04,$ 3369.45,100
347,09:47:02,$ 3368.93,100
348,09:46:55,$ 3367.36,100
349,09:46:54,$ 3368.47,100
350,09:46:52,$ 3368.85,252
351,09:46:48,$ 3368.515,100
352,09:46:48,$ 3368.74,100
353,09:46:48,$ 3367.75,100
354,09:46:46,$ 3367.69,100
355,09:46:43,$ 3367.75,230
356,09:46:40,$ 3367.68,100
358,09:46:40,$ 3367.22,100
359,09:46:38,$ 3366.4352,100
360,09:46:26,$ 3367.035,100
361,09:46:21,$ 3367.76,100
362,09:46:17,$ 3367.74,100
363,09:46:17,$ 3367.40,100
364,09:46:11,$ 3367.40,100
365,09:46:11,$ 3367.74,100
366,09:46:11,$ 3367.24,100
367,09:46:11,$ 3366.98,100
368,09:46:11,$ 3366.2999,100
369,09:46:11,$ 3366.29,100
370,09:46:08,$ 3366.00,100
371,09:46:02,$ 3365.00,200
372,09:45:37,$ 3363.35,100
373,09:45:35,$ 3363.6454,100
374,09:45:31,$ 3363.38,100
375,09:45:24,$ 3364.81,100
376,09:45:24,$ 3364.19,"1,000"
377,09:45:21,$ 3364.8397,200
379,09:45:13,$ 3362.84,100
380,09:45:02,$ 3364.61,249
381,09:44:58,$ 3362.49,200
382,09:44:57,$ 3364.1499,150
383,09:44:55,$ 3362.58,100
384,09:44:45,$ 3363.731,100
385,09:44:43,$ 3363.01,100
386,09:44:43,$ 3363.10,100
387,09:44:42,$ 3363.88,100
388,09:44:42,$ 3364.4792,100
389,09:44:42,$ 3364.09,100
390,09:44:42,$ 3364.08,100
391,09:44:42,$ 3365.24,100
392,09:44:42,$ 3364.685,100
393,09:44:40,$ 3364.202,100
394,09:44:34,$ 3364.79,297
395,09:44:32,$ 3365.37,100
396,09:44:32,$ 3365.41,100
397,09:44:30,$ 3363.7302,483
398,09:44:29,$ 3364.22,100
400,09:44:26,$ 3364.24,100
401,09:44:23,$ 3365.56,100
402,09:44:23,$ 3365.15,200
403,09:44:23,$ 3365.62,384
404,09:44:23,$ 3365.62,112
405,09:44:20,$ 3365.825,100
406,09:44:20,$ 3364.53,100
407,09:44:16,$ 3365.825,100
408,09:44:14,$ 3365.61,100
409,09:44:09,$ 3365.035,136
410,09:44:09,$ 3365.03,100
411,09:44:03,$ 3364.045,100
412,09:43:59,$ 3363.86,100
413,09:43:59,$ 3363.73,637
414,09:43:58,$ 3363.087,100
415,09:43:57,$ 3363.50,100
416,09:43:57,$ 3362.4689,310
417,09:43:57,$ 3363.3678,100
418,09:43:52,$ 3363.62,100
419,09:43:52,$ 3363.42,534
421,09:43:41,$ 3362.18,100
422,09:43:41,$ 3361.89,100
423,09:43:39,$ 3360.9347,300
424,09:43:36,$ 3362.60,100
425,09:43:36,$ 3362.50,100
426,09:43:36,$ 3362.00,220
427,09:43:30,$ 3362.27,100
428,09:43:30,$ 3362.27,100
429,09:43:30,$ 3361.91,200
430,09:43:30,$ 3361.92,100
431,09:43:24,$ 3361.28,144
432,09:43:12,$ 3361.56,100
433,09:43:12,$ 3361.195,196
434,09:43:11,$ 3361.5583,121
435,09:43:11,$ 3360.76,100
436,09:43:06,$ 3359.385,100
437,09:43:05,$ 3360.24,100
438,09:43:02,$ 3360.21,100
439,09:43:01,$ 3359.83,100
440,09:43:01,$ 3358.694,100
442,09:43:01,$ 3358.20,150
443,09:42:41,$ 3359.455,100
444,09:42:41,$ 3359.80,500
445,09:42:38,$ 3360.255,100
446,09:42:34,$ 3360.75,100
447,09:42:31,$ 3359.95,100
448,09:42:18,$ 3360.6737,100
449,09:42:17,$ 3360.77,100
450,09:42:17,$ 3360.666,100
451,09:42:17,$ 3360.666,100
452,09:42:16,$ 3360.00,100
453,09:42:16,$ 3360.00,100
454,09:42:16,$ 3360.03,100
455,09:42:16,$ 3360.00,100
456,09:42:15,$ 3359.8789,100
457,09:42:06,$ 3359.56,100
458,09:42:05,$ 3359.55,257
459,09:42:03,$ 3358.54,100
460,09:42:02,$ 3358.95,100
461,09:42:02,$ 3358.00,900
463,09:42:02,$ 3357.56,100
464,09:42:02,$ 3357.56,100
465,09:42:02,$ 3357.83,100
466,09:42:02,$ 3358.00,100
467,09:42:02,$ 3358.00,100
468,09:42:00,$ 3357.00,100
469,09:41:54,$ 3357.235,100
470,09:41:49,$ 3356.00,238
471,09:41:49,$ 3356.00,269
472,09:41:49,$ 3356.00,205
473,09:41:45,$ 3356.04,200
474,09:41:45,$ 3356.00,100
475,09:41:33,$ 3355.8618,750
476,09:41:28,$ 3355.90,100
477,09:41:28,$ 3355.0001,500
478,09:41:25,$ 3356.00,150
479,09:41:22,$ 3357.19,100
480,09:41:21,$ 3356.77,100
481,09:41:17,$ 3356.2906,100
482,09:41:15,$ 3356.61,200
484,09:41:13,$ 3356.77,100
485,09:41:12,$ 3356.77,100
486,09:41:10,$ 3355.5401,100
487,09:41:01,$ 3355.53,150
488,09:40:59,$ 3357.5076,200
489,09:40:55,$ 3357.005,100
490,09:40:52,$ 3357.1959,100
491,09:40:39,$ 3356.765,100
492,09:40:38,$ 3356.765,100
493,09:40:38,$ 3356.41,100
494,09:40:38,$ 3356.41,100
495,09:40:38,$ 3356.41,100
496,09:40:38,$ 3355.53,"1,000"
497,09:40:37,$ 3356.415,100
498,09:40:37,$ 3356.01,100
499,09:40:37,$ 3356.01,100
500,09:40:35,$ 3355.505,100
501,09:40:35,$ 3355.00,100
502,09:40:32,$ 3355.00,100
503,09:40:31,$ 3355.33,100
505,09:40:30,$ 3355.33,100
506,09:40:28,$ 3355.18,100
507,09:40:28,$ 3355.8452,150
508,09:40:27,$ 3355.51,100
509,09:40:26,$ 3355.00,100
510,09:40:26,$ 3355.515,100
511,09:40:26,$ 3355.25,100
512,09:40:23,$ 3356.00,100
513,09:40:23,$ 3356.935,100
514,09:40:23,$ 3356.935,100
515,09:40:22,$ 3356.03,100
516,09:40:22,$ 3356.935,100
517,09:40:22,$ 3356.935,100
518,09:40:21,$ 3356.03,100
519,09:40:21,$ 3356.935,100
520,09:40:21,$ 3357.00,100
521,09:40:19,$ 3357.60,100
522,09:40:14,$ 3357.28,100
523,09:40:14,$ 3356.64,100
524,09:40:13,$ 3357.3418,100
526,09:40:12,$ 3357.24,100
527,09:40:12,$ 3356.64,100
528,09:40:12,$ 3357.465,200
529,09:40:12,$ 3357.465,100
530,09:40:12,$ 3357.465,100
531,09:40:12,$ 3357.25,131
532,09:40:12,$ 3357.25,200
533,09:40:12,$ 3357.25,100
534,09:40:12,$ 3357.25,300
535,09:40:11,$ 3356.64,100
536,09:40:10,$ 3357.155,100
537,09:40:09,$ 3356.99,100
538,09:40:07,$ 3357.205,100
539,09:40:06,$ 3356.575,100
540,09:40:05,$ 3356.52,100
541,09:40:05,$ 3357.205,100
542,09:40:04,$ 3356.48,100
543,09:40:02,$ 3356.995,100
544,09:40:02,$ 3356.05,100
545,09:40:00,$ 3357.01,100
547,09:40:00,$ 3357.01,100
548,09:39:47,$ 3356.821,250
549,09:39:44,$ 3356.8954,100
550,09:39:38,$ 3357.55,100
551,09:39:36,$ 3356.3176,140
552,09:39:35,$ 3357.15,200
553,09:39:35,$ 3357.22,100
554,09:39:34,$ 3356.21,100
555,09:39:33,$ 3355.60,100
556,09:39:33,$ 3356.02,100
557,09:39:33,$ 3355.50,100
558,09:39:33,$ 3355.97,100
559,09:39:33,$ 3356.00,100
560,09:39:32,$ 3355.55,100
561,09:39:32,$ 3355.52,100
562,09:39:32,$ 3355.25,100
563,09:39:32,$ 3355.52,100
564,09:39:32,$ 3355.52,100
565,09:39:32,$ 3355.00,100
566,09:39:32,$ 3355.14,100
568,09:39:32,$ 3355.52,100
569,09:39:28,$ 3354.52,100
570,09:39:20,$ 3355.48,100
571,09:39:20,$ 3354.895,"1,400"
572,09:39:15,$ 3355.17,107
573,09:39:13,$ 3355.44,100
574,09:39:12,$ 3355.3384,100
575,09:39:11,$ 3354.40,100
576,09:39:09,$ 3355.315,100
577,09:39:09,$ 3355.315,100
578,09:39:03,$ 3355.61,100
579,09:38:56,$ 3355.535,100
580,09:38:54,$ 3355.095,100
581,09:38:54,$ 3355.00,220
582,09:38:52,$ 3354.00,100
583,09:38:49,$ 3353.405,100
584,09:38:46,$ 3353.9899,400
585,09:38:42,$ 3352.995,100
586,09:38:37,$ 3354.00,250
587,09:38:37,$ 3354.02,100
589,09:38:36,$ 3354.02,100
590,09:38:32,$ 3353.54,100
591,09:38:30,$ 3352.5901,500
592,09:38:25,$ 3353.51,100
593,09:38:20,$ 3351.89,100
594,09:38:17,$ 3351.12,100
595,09:38:15,$ 3351.41,200
596,09:38:11,$ 3352.7999,100
597,09:38:10,$ 3351.8273,"1,000"
598,09:38:09,$ 3352.739,100
599,09:38:07,$ 3351.745,100
600,09:38:01,$ 3353.14,100
601,09:38:00,$ 3351.95,100
602,09:38:00,$ 3351.99,100
603,09:38:00,$ 3352.00,100
604,09:38:00,$ 3351.98,100
605,09:38:00,$ 3352.00,100
606,09:37:59,$ 3351.995,100
607,09:37:59,$ 3351.99,100
608,09:37:59,$ 3351.00,200
610,09:37:58,$ 3350.00,100
611,09:37:58,$ 3350.00,105
612,09:37:57,$ 3350.00,100
613,09:37:52,$ 3350.00,100
614,09:37:52,$ 3350.00,100
615,09:37:51,$ 3349.3142,140
616,09:37:51,$ 3350.00,100
617,09:37:50,$ 3350.00,100
618,09:37:50,$ 3350.00,270
619,09:37:49,$ 3349.84,100
620,09:37:48,$ 3350.00,100
621,09:37:47,$ 3350.00,100
622,09:37:47,$ 3350.00,544
623,09:37:46,$ 3349.905,100
624,09:37:45,$ 3348.98,100
625,09:37:38,$ 3348.765,100
626,09:37:37,$ 3348.50,144
627,09:37:37,$ 3348.91,100
628,09:37:37,$ 3348.75,100
629,09:37:37,$ 3348.00,100
631,09:37:35,$ 3347.6279,"1,000"
632,09:37:24,$ 3346.25,100
633,09:37:23,$ 3347.1277,250
634,09:37:18,$ 3345.95,100
635,09:37:11,$ 3344.095,304
636,09:37:07,$ 3344.678,500
637,09:37:05,$ 3343.91,500
638,09:37:02,$ 3344.46,100
639,09:36:52,$ 3344.105,100
640,09:36:43,$ 3343.8935,600
641,09:36:35,$ 3344.125,200
642,09:36:35,$ 3343.40,100
643,09:36:28,$ 3342.54,100
644,09:36:26,$ 3342.64,100
645,09:36:26,$ 3342.78,100
646,09:36:26,$ 3342.85,100
647,09:36:23,$ 3342.775,100
648,09:36:22,$ 3342.00,204
649,09:36:17,$ 3341.26,"1,000"
650,09:36:15,$ 3342.76,100
652,09:36:11,$ 3343.865,100
653,09:36:02,$ 3342.545,100
654,09:36:00,$ 3343.9899,100
655,09:36:00,$ 3342.3833,600
656,09:35:58,$ 3343.2909,"1,000"
657,09:35:56,$ 3342.52,100
658,09:35:54,$ 3341.59,100
659,09:35:53,$ 3341.6234,100
660,09:35:52,$ 3341.49,100
661,09:35:52,$ 3341.33,100
662,09:35:52,$ 3341.32,100
663,09:35:50,$ 3341.09,100
664,09:35:50,$ 3340.09,200
665,09:35:44,$ 3341.04,448
666,09:35:40,$ 3340.6259,856
667,09:35:31,$ 3340.44,100
668,09:35:18,$ 3340.85,100
669,09:35:18,$ 3340.64,100
670,09:35:18,$ 3340.6921,200
671,09:35:08,$ 3341.00,100
673,09:35:08,$ 3340.00,226
674,09:35:08,$ 3339.97,107
675,09:34:52,$ 3339.00,600
676,09:34:52,$ 3341.00,100
677,09:34:52,$ 3341.0027,150
678,09:34:52,$ 3341.01,100
679,09:34:52,$ 3341.21,100
680,09:34:52,$ 3341.32,100
681,09:34:35,$ 3340.23,375
682,09:34:29,$ 3339.24,100
683,09:34:29,$ 3339.49,200
684,09:34:25,$ 3340.76,100
685,09:34:25,$ 3340.59,100
686,09:34:16,$ 3339.925,100
687,09:34:04,$ 3339.955,100
688,09:34:03,$ 3340.00,200
689,09:34:03,$ 3340.02,100
690,09:34:03,$ 3341.0485,500
691,09:33:54,$ 3341.78,100
692,09:33:51,$ 3341.83,100
694,09:33:39,$ 3341.485,100
695,09:33:38,$ 3341.485,100
696,09:33:37,$ 3342.40,100
697,09:33:37,$ 3342.29,100
698,09:33:36,$ 3343.14,100
699,09:33:33,$ 3342.255,100
700,09:33:32,$ 3342.87,128
701,09:33:32,$ 3342.55,100
702,09:33:29,$ 3342.321,100
703,09:33:27,$ 3342.175,100
704,09:33:24,$ 3342.145,100
705,09:33:24,$ 3342.37,100
706,09:33:24,$ 3342.145,100
707,09:33:23,$ 3342.47,100
708,09:33:23,$ 3342.36,100
709,09:33:19,$ 3342.0332,200
710,09:33:15,$ 3339.00,240
711,09:33:09,$ 3344.9162,100
712,09:33:09,$ 3342.83,100
713,09:33:09,$ 3344.915,100
715,09:33:09,$ 3339.50,100
716,09:33:09,$ 3340.285,100
717,09:33:09,$ 3340.99,100
718,09:33:09,$ 3341.15,100
719,09:33:09,$ 3341.17,100
720,09:33:09,$ 3341.70,100
721,09:33:09,$ 3342.03,100
722,09:33:06,$ 3338.9677,140
723,09:33:01,$ 3341.585,250
724,09:32:58,$ 3341.0875,200
725,09:32:57,$ 3341.14,111
726,09:32:54,$ 3341.11,100
727,09:32:54,$ 3340.73,100
728,09:32:53,$ 3341.12,100
729,09:32:53,$ 3339.61,100
730,09:32:50,$ 3341.08,100
731,09:32:46,$ 3343.17,100
732,09:32:46,$ 3340.00,100
733,09:32:46,$ 3339.93,100
734,09:32:29,$ 3338.89,100
736,09:32:29,$ 3338.88,100
737,09:32:29,$ 3340.58,100
738,09:32:29,$ 3338.85,100
739,09:32:29,$ 3338.80,100
740,09:32:26,$ 3338.89,100
741,09:32:26,$ 3338.20,100
742,09:32:26,$ 3337.85,100
743,09:32:26,$ 3337.275,100
744,09:32:24,$ 3336.77,100
745,09:32:24,$ 3336.87,100
746,09:32:22,$ 3337.48,100
747,09:32:14,$ 3335.50,100
748,09:32:13,$ 3336.00,300
749,09:32:13,$ 3336.00,100
750,09:32:07,$ 3337.465,100
751,09:32:05,$ 3337.545,100
752,09:31:59,$ 3337.93,100
753,09:31:59,$ 3337.30,100
754,09:31:55,$ 3342.96,400
755,09:31:55,$ 3339.88,100
757,09:31:55,$ 3339.245,100
758,09:31:55,$ 3339.245,100
759,09:31:55,$ 3339.245,100
760,09:31:55,$ 3337.80,100
761,09:31:54,$ 3336.24,100
762,09:31:54,$ 3336.22,100
763,09:31:54,$ 3337.10,100
764,09:31:53,$ 3337.985,100
765,09:31:53,$ 3337.00,100
766,09:31:53,$ 3337.005,100
767,09:31:53,$ 3337.00,100
768,09:31:48,$ 3336.04,150
769,09:31:47,$ 3339.0599,300
770,09:31:41,$ 3335.69,100
771,09:31:41,$ 3339.12,100
772,09:31:40,$ 3340.045,"1,000"
773,09:31:39,$ 3339.25,100
774,09:31:36,$ 3339.50,100
775,09:31:36,$ 3335.67,100
776,09:31:33,$ 3335.53,100
778,09:31:33,$ 3337.53,100
779,09:31:32,$ 3337.50,100
780,09:31:32,$ 3338.40,100
781,09:31:32,$ 3338.26,100
782,09:31:32,$ 3335.50,100
783,09:31:28,$ 3341.00,119
784,09:31:28,$ 3341.00,100
785,09:31:28,$ 3340.05,200
786,09:31:25,$ 3342.48,100
787,09:31:15,$ 3341.73,100
788,09:31:12,$ 3341.65,100
789,09:31:12,$ 3343.255,100
790,09:31:09,$ 3341.76,100
791,09:31:08,$ 3342.4205,"2,000"
792,09:31:07,$ 3341.795,100
793,09:31:07,$ 3341.90,100
794,09:31:07,$ 3341.905,100
795,09:31:07,$ 3341.42,100
796,09:31:07,$ 3341.94,100
797,09:31:07,$ 3341.80,100
799,09:31:07,$ 3341.80,100
800,09:31:02,$ 3343.48,100
801,09:31:02,$ 3343.86,100
802,09:31:02,$ 3343.91,100
803,09:31:02,$ 3343.91,100
804,09:31:02,$ 3343.175,100
805,09:31:00,$ 3342.45,100
806,09:30:51,$ 3344.72,100
807,09:30:51,$ 3345.10,100
808,09:30:51,$ 3345.22,100
809,09:30:51,$ 3343.86,100
810,09:30:51,$ 3343.86,100
811,09:30:50,$ 3343.99,100
812,09:30:41,$ 3344.087,100
813,09:30:30,$ 3343.54,100
814,09:30:29,$ 3345.9999,200
815,09:30:27,$ 3345.5851,"2,000"
816,09:30:25,$ 3344.29,100
817,09:30:24,$ 3344.46,100
818,09:30:17,$ 3344.50,300
820,09:30:13,$ 3344.07,100
821,09:30:13,$ 3344.12,100
822,09:30:10,$ 3345.00,552
823,09:30:08,$ 3346.03,100
824,09:30:07,$ 3346.10,100
825,09:30:03,$ 3346.50,100
826,09:30:03,$ 3346.49,100
827,09:30:02,$ 3346.49,6
828,09:30:02,$ 3346.49,2
829,09:30:02,$ 3346.49,1
830,09:30:02,$ 3346.49,1
831,09:30:02,$ 3346.49,1
832,09:30:02,$ 3346.49,5
833,09:30:02,$ 3346.49,9
834,09:30:02,$ 3346.49,2
835,09:30:02,$ 3346.49,2
836,09:30:02,$ 3346.49,5
837,09:30:02,$ 3346.49,1
838,09:30:02,$ 3346.49,5
839,09:30:02,$ 3346.49,3
841,09:30:02,$ 3346.49,50
842,09:30:02,$ 3346.49,10
843,09:30:02,$ 3346.49,1
844,09:30:02,$ 3346.49,2
845,09:30:02,$ 3346.49,2
846,09:30:02,$ 3346.49,1
847,09:30:02,$ 3346.49,1
848,09:30:02,$ 3346.49,1
849,09:30:02,$ 3346.49,1
850,09:30:02,$ 3346.49,1
851,09:30:02,$ 3346.49,2
852,09:30:02,$ 3346.49,1
853,09:30:02,$ 3346.49,50
854,09:30:02,$ 3346.49,3
855,09:30:02,$ 3346.49,1
856,09:30:02,$ 3346.49,5
857,09:30:02,$ 3346.49,1
858,09:30:02,$ 3346.49,1
859,09:30:02,$ 3346.49,1
860,09:30:02,$ 3346.49,1
862,09:30:02,$ 3346.49,5
863,09:30:02,$ 3346.49,1
864,09:30:02,$ 3346.49,1
865,09:30:02,$ 3346.49,2
866,09:30:02,$ 3346.49,1
867,09:30:02,$ 3346.49,10
868,09:30:02,$ 3346.49,2
869,09:30:02,$ 3346.49,7
870,09:30:02,$ 3346.49,5
871,09:30:02,$ 3346.49,5
872,09:30:02,$ 3346.49,1
873,09:30:02,$ 3346.49,2
874,09:30:02,$ 3346.49,1
875,09:30:02,$ 3346.49,1
876,09:30:02,$ 3346.49,1
877,09:30:02,$ 3346.49,1
878,09:30:02,$ 3346.49,2
879,09:30:02,$ 3346.49,1
880,09:30:02,$ 3346.49,1
881,09:30:02,$ 3346.49,1
883,09:30:02,$ 3346.49,1
884,09:30:02,$ 3346.49,5
885,09:30:02,$ 3346.49,1
886,09:30:02,$ 3346.49,100
887,09:30:02,$ 3346.49,1
888,09:30:02,$ 3346.49,1
889,09:30:02,$ 3346.49,110
890,09:30:02,$ 3346.49,1
891,09:30:02,$ 3346.49,2
892,09:30:02,$ 3346.49,1
893,09:30:02,$ 3346.49,4
894,09:30:02,$ 3346.49,1
895,09:30:02,$ 3346.49,100
896,09:30:02,$ 3346.49,1
897,09:30:02,$ 3346.49,1
898,09:30:02,$ 3346.49,1
899,09:30:02,$ 3346.49,1
900,09:30:02,$ 3346.49,7
901,09:30:02,$ 3346.49,1
902,09:30:02,$ 3346.49,6
904,09:30:02,$ 3346.49,5
905,09:30:02,$ 3346.49,3
906,09:30:02,$ 3346.49,1
907,09:30:02,$ 3346.49,1
908,09:30:02,$ 3346.49,1
909,09:30:02,$ 3346.49,1
910,09:30:02,$ 3346.49,20
911,09:30:02,$ 3346.49,1
912,09:30:02,$ 3346.49,3
913,09:30:02,$ 3346.49,4
914,09:30:02,$ 3346.49,3
915,09:30:02,$ 3346.49,1
916,09:30:02,$ 3346.49,16
917,09:30:02,$ 3346.49,10
918,09:30:02,$ 3346.49,1
919,09:30:02,$ 3346.49,11
920,09:30:02,$ 3346.49,3
921,09:30:02,$ 3346.49,4
922,09:30:02,$ 3346.49,1
923,09:30:02,$ 3346.49,5
925,09:30:02,$ 3346.49,3
926,09:30:02,$ 3346.49,3
927,09:30:02,$ 3346.49,10
928,09:30:02,$ 3346.49,2
929,09:30:02,$ 3346.49,4
930,09:30:02,$ 3346.49,1
931,09:30:02,$ 3346.49,1
932,09:30:02,$ 3346.49,3
933,09:30:02,$ 3346.49,1
934,09:30:02,$ 3346.49,1
935,09:30:02,$ 3346.49,1
936,09:30:02,$ 3346.49,2
937,09:30:02,$ 3346.49,5
938,09:30:02,$ 3346.49,2
939,09:30:02,$ 3346.49,1
940,09:30:02,$ 3346.49,1
941,09:30:02,$ 3346.49,1
942,09:30:02,$ 3346.49,1
943,09:30:02,$ 3346.49,8
944,09:30:02,$ 3346.49,1
946,09:30:02,$ 3346.49,1
947,09:30:02,$ 3346.49,1
948,09:30:02,$ 3346.49,5
949,09:30:02,$ 3346.49,10
950,09:30:02,$ 3346.49,8
951,09:30:02,$ 3346.49,5
952,09:30:02,$ 3346.49,3
953,09:30:02,$ 3346.49,2
954,09:30:02,$ 3346.49,1
955,09:30:02,$ 3346.49,1
956,09:30:02,$ 3346.49,1
957,09:30:02,$ 3346.49,50
958,09:30:02,$ 3346.49,7
959,09:30:02,$ 3346.49,2
960,09:30:02,$ 3346.49,5
961,09:30:02,$ 3346.49,5
962,09:30:02,$ 3346.49,2
963,09:30:02,$ 3346.49,2
964,09:30:02,$ 3346.49,2
965,09:30:02,$ 3346.49,1
967,09:30:02,$ 3346.49,3
968,09:30:02,$ 3346.49,4
969,09:30:02,$ 3346.49,3
970,09:30:02,$ 3346.49,2
971,09:30:02,$ 3346.49,2
972,09:30:02,$ 3346.49,1
973,09:30:02,$ 3346.49,1
974,09:30:02,$ 3346.49,1
975,09:30:02,$ 3346.49,1
976,09:30:02,$ 3346.49,1
977,09:30:02,$ 3346.49,8
978,09:30:02,$ 3346.49,1
979,09:30:02,$ 3346.49,1
980,09:30:02,$ 3346.49,3
981,09:30:02,$ 3346.49,11
982,09:30:02,$ 3346.49,14
983,09:30:02,$ 3346.49,1
984,09:30:02,$ 3346.49,22
985,09:30:02,$ 3346.49,1
986,09:30:02,$ 3346.49,2
988,09:30:02,$ 3346.49,1
989,09:30:02,$ 3346.49,1
990,09:30:02,$ 3346.49,1
991,09:30:02,$ 3346.49,3
992,09:30:02,$ 3346.49,2
993,09:30:02,$ 3346.49,6
994,09:30:02,$ 3346.49,7
995,09:30:02,$ 3346.49,4
996,09:30:02,$ 3346.49,1
997,09:30:02,$ 3346.49,1
998,09:30:02,$ 3346.49,2
999,09:30:02,$ 3346.49,1
1000,09:30:02,$ 3346.49,6
1001,09:30:02,$ 3346.49,16
1002,09:30:02,$ 3346.49,31
1003,09:30:02,$ 3346.49,2
1004,09:30:02,$ 3346.49,2
1005,09:30:02,$ 3346.49,3
1006,09:30:02,$ 3346.49,1
1007,09:30:02,$ 3346.49,2
1009,09:30:02,$ 3346.49,4
1010,09:30:02,$ 3346.49,1
1011,09:30:02,$ 3346.49,1
1012,09:30:02,$ 3346.49,6
1013,09:30:02,$ 3346.49,3
1014,09:30:02,$ 3346.49,7
1015,09:30:02,$ 3346.49,100
1016,09:30:02,$ 3346.49,4
1017,09:30:02,$ 3346.49,10
1018,09:30:02,$ 3346.49,2
1019,09:30:02,$ 3346.49,4
1020,09:30:02,$ 3346.49,3
1021,09:30:02,$ 3346.49,1
1022,09:30:02,$ 3346.49,5
1023,09:30:02,$ 3346.49,2
1024,09:30:02,$ 3346.49,1
1025,09:30:02,$ 3346.49,1
1026,09:30:02,$ 3346.49,5
1027,09:30:02,$ 3346.49,10
1028,09:30:02,$ 3346.49,3
1030,09:30:02,$ 3346.49,70
1031,09:30:02,$ 3346.49,1
1032,09:30:02,$ 3346.49,3
1033,09:30:02,$ 3346.49,2
1034,09:30:02,$ 3346.49,1
1035,09:30:02,$ 3346.49,6
1036,09:30:02,$ 3346.49,1
1037,09:30:02,$ 3346.49,1
1038,09:30:02,$ 3346.49,10
1039,09:30:02,$ 3346.49,1
1040,09:30:02,$ 3346.49,10
1041,09:30:02,$ 3346.49,3
1042,09:30:02,$ 3346.49,10
1043,09:30:02,$ 3346.49,1
1044,09:30:02,$ 3346.49,3
1045,09:30:02,$ 3346.49,2
1046,09:30:02,$ 3346.49,4
1047,09:30:02,$ 3346.49,2
1048,09:30:02,$ 3346.49,21
1049,09:30:02,$ 3346.49,3
1051,09:30:02,$ 3346.49,5
1052,09:30:02,$ 3346.49,1
1053,09:30:02,$ 3346.49,6
1054,09:30:02,$ 3346.49,100
1055,09:30:02,$ 3346.49,9
1056,09:30:02,$ 3346.49,1
1057,09:30:02,$ 3346.49,8
1058,09:30:02,$ 3346.49,1
1059,09:30:02,$ 3346.49,3
1060,09:30:02,$ 3346.49,5
1061,09:30:02,$ 3346.49,2
1062,09:30:02,$ 3346.49,1
1063,09:30:02,$ 3346.49,3
1064,09:30:02,$ 3346.49,2
1065,09:30:02,$ 3346.49,5
1066,09:30:02,$ 3346.49,5
1067,09:30:02,$ 3346.49,1
1068,09:30:02,$ 3346.49,1
1069,09:30:02,$ 3346.49,197
1070,09:30:02,$ 3346.49,3
1072,09:30:02,$ 3346.49,19
1073,09:30:02,$ 3346.49,3
1074,09:30:02,$ 3346.49,1
1075,09:30:02,$ 3346.49,4
1076,09:30:02,$ 3346.49,1
1077,09:30:02,$ 3346.49,1
1078,09:30:02,$ 3346.49,1
1079,09:30:02,$ 3346.49,1
1080,09:30:02,$ 3346.49,5
1081,09:30:02,$ 3346.49,7
1082,09:30:02,$ 3346.49,2
1083,09:30:02,$ 3346.49,1
1084,09:30:02,$ 3346.49,3
1085,09:30:02,$ 3346.49,10
1086,09:30:02,$ 3346.49,2
1087,09:30:02,$ 3346.49,3
1088,09:30:02,$ 3346.49,1
1089,09:30:02,$ 3346.49,3
1090,09:30:02,$ 3346.49,1
1091,09:30:02,$ 3346.49,1
1093,09:30:02,$ 3346.49,10
1094,09:30:02,$ 3346.49,1
1095,09:30:02,$ 3346.49,1
1096,09:30:02,$ 3346.49,1
1097,09:30:02,$ 3346.49,5
1098,09:30:02,$ 3346.49,1
1099,09:30:02,$ 3346.49,1
1100,09:30:02,$ 3346.49,4
1101,09:30:02,$ 3346.49,5
1102,09:30:02,$ 3346.49,10
1103,09:30:02,$ 3346.49,3
1104,09:30:02,$ 3346.49,2
1105,09:30:02,$ 3346.49,1
1106,09:30:02,$ 3346.49,5
1107,09:30:02,$ 3346.49,5
1108,09:30:02,$ 3346.49,1
1109,09:30:02,$ 3346.49,2
1110,09:30:02,$ 3346.49,1
1111,09:30:02,$ 3346.49,1
1112,09:30:02,$ 3346.49,2
1114,09:30:02,$ 3346.49,1
1115,09:30:02,$ 3346.49,5
1116,09:30:02,$ 3346.49,1
1117,09:30:02,$ 3346.49,3
1118,09:30:02,$ 3346.49,1
1119,09:30:02,$ 3346.49,1
1120,09:30:02,$ 3346.49,1
1121,09:30:02,$ 3346.49,1
1122,09:30:02,$ 3346.49,1
1123,09:30:02,$ 3346.49,20
1124,09:30:02,$ 3346.49,2
1125,09:30:02,$ 3346.49,1
1126,09:30:02,$ 3346.49,18
1127,09:30:02,$ 3346.49,1
1128,09:30:02,$ 3346.49,8
1129,09:30:02,$ 3346.49,1
1130,09:30:02,$ 3346.49,10
1131,09:30:02,$ 3346.49,1
1132,09:30:02,$ 3346.49,35
1133,09:30:02,$ 3346.49,1
1135,09:30:02,$ 3346.49,1
1136,09:30:02,$ 3346.49,5
1137,09:30:02,$ 3346.49,1
1138,09:30:02,$ 3346.49,4
1139,09:30:02,$ 3346.49,1
1140,09:30:02,$ 3346.49,1
1141,09:30:02,$ 3346.49,1
1142,09:30:02,$ 3346.49,1
1143,09:30:02,$ 3346.49,1
1144,09:30:02,$ 3346.49,1
1145,09:30:02,$ 3346.49,2
1146,09:30:02,$ 3346.49,3
1147,09:30:02,$ 3346.49,1
1148,09:30:02,$ 3346.49,6
1149,09:30:02,$ 3346.49,20
1150,09:30:02,$ 3346.49,10
1151,09:30:02,$ 3346.49,1
1152,09:30:02,$ 3346.49,1
1153,09:30:02,$ 3346.49,3
1154,09:30:02,$ 3346.49,1
1156,09:30:02,$ 3346.49,1
1157,09:30:02,$ 3346.49,2
1158,09:30:02,$ 3346.49,6
1159,09:30:02,$ 3346.49,1
1160,09:30:02,$ 3346.49,3
1161,09:30:02,$ 3346.49,1
1162,09:30:02,$ 3346.49,1
1163,09:30:02,$ 3346.49,1
1164,09:30:02,$ 3346.49,1
1165,09:30:02,$ 3346.49,1
1166,09:30:02,$ 3346.49,1
1167,09:30:02,$ 3346.49,4
1168,09:30:02,$ 3346.49,3
1169,09:30:02,$ 3346.49,25
1170,09:30:02,$ 3346.49,5
1171,09:30:02,$ 3346.49,2
1172,09:30:02,$ 3346.49,2
1173,09:30:02,$ 3346.49,1
1174,09:30:02,$ 3346.49,1
1175,09:30:02,$ 3346.49,1
1177,09:30:02,$ 3346.49,8
1178,09:30:02,$ 3346.49,10
1179,09:30:02,$ 3346.49,4
1180,09:30:02,$ 3346.49,3
1181,09:30:02,$ 3346.49,2
1182,09:30:02,$ 3346.49,4
1183,09:30:02,$ 3346.49,2
1184,09:30:02,$ 3346.49,13
1185,09:30:02,$ 3346.49,3
1186,09:30:02,$ 3346.49,2
1187,09:30:02,$ 3346.49,9
1188,09:30:02,$ 3346.49,1
1189,09:30:02,$ 3346.49,3
1190,09:30:02,$ 3346.49,1
1191,09:30:02,$ 3346.49,7
1192,09:30:02,$ 3346.49,5
1193,09:30:02,$ 3346.49,6
1194,09:30:02,$ 3346.49,7
1195,09:30:02,$ 3346.49,2
1196,09:30:02,$ 3346.49,10
1198,09:30:02,$ 3346.49,10
1199,09:30:02,$ 3346.49,200
1200,09:30:02,$ 3346.49,50
1201,09:30:02,$ 3346.49,7
1202,09:30:02,$ 3346.49,16
1203,09:30:02,$ 3346.49,8
1204,09:30:02,$ 3346.49,1
1205,09:30:02,$ 3346.49,7
1206,09:30:02,$ 3346.49,9
1207,09:30:02,$ 3346.49,1
1208,09:30:02,$ 3346.49,7
1209,09:30:02,$ 3346.49,8
1210,09:30:02,$ 3346.49,10
1211,09:30:02,$ 3346.49,50
1212,09:30:02,$ 3346.49,29
1213,09:30:02,$ 3346.49,9
1214,09:30:02,$ 3346.49,35
1215,09:30:02,$ 3346.49,90
1216,09:30:02,$ 3346.49,9
1217,09:30:02,$ 3346.49,2
1219,09:30:02,$ 3346.49,10
1220,09:30:02,$ 3346.49,8
1221,09:30:02,$ 3346.49,3
1222,09:30:02,$ 3346.49,1
1223,09:30:02,$ 3346.49,4
1224,09:30:02,$ 3346.49,29
1225,09:30:02,$ 3346.49,1
1226,09:30:02,$ 3346.49,"2,000"
1227,09:30:02,$ 3346.49,18
1228,09:30:02,$ 3346.49,7
1229,09:30:02,$ 3346.49,37
1230,09:30:02,$ 3346.49,23
1231,09:30:02,$ 3346.49,1
1232,09:30:02,$ 3346.49,23
1233,09:30:02,$ 3346.49,1
1234,09:30:02,$ 3346.49,24
1235,09:30:02,$ 3346.49,39
1236,09:30:02,$ 3346.49,1
1237,09:30:02,$ 3346.49,14
1238,09:30:02,$ 3346.49,1
1240,09:30:02,$ 3346.49,3
1241,09:30:02,$ 3346.49,1
1242,09:30:02,$ 3346.49,3
1243,09:30:02,$ 3346.49,1
1244,09:30:02,$ 3346.49,1
1245,09:30:02,$ 3346.49,1
1246,09:30:02,$ 3346.49,1
1247,09:30:02,$ 3346.49,1
1248,09:30:02,$ 3346.49,2
1249,09:30:02,$ 3346.49,1
1250,09:30:02,$ 3346.49,1
1251,09:30:02,$ 3346.49,3
1252,09:30:02,$ 3346.49,2
1253,09:30:02,$ 3346.49,3
1254,09:30:02,$ 3346.49,5
1255,09:30:02,$ 3346.49,10
1256,09:30:02,$ 3346.49,1
1257,09:30:02,$ 3346.49,5
1258,09:30:02,$ 3346.49,3
1259,09:30:02,$ 3346.49,9
1261,09:30:02,$ 3346.49,5
1262,09:30:02,$ 3346.49,8
1263,09:30:02,$ 3346.49,11
1264,09:30:02,$ 3346.49,2
1265,09:30:02,$ 3346.49,8
1266,09:30:02,$ 3346.49,1
1267,09:30:02,$ 3346.49,3
1268,09:30:02,$ 3346.49,2
1269,09:30:02,$ 3346.49,1
1270,09:30:02,$ 3346.49,1
1271,09:30:02,$ 3346.49,4
1272,09:30:02,$ 3346.49,1
1273,09:30:02,$ 3346.49,43
1274,09:30:02,$ 3346.49,1
1275,09:30:02,$ 3346.49,4
1276,09:30:02,$ 3346.49,7
1277,09:30:02,$ 3346.49,4
1278,09:30:02,$ 3346.49,2
1279,09:30:02,$ 3346.49,2
1280,09:30:02,$ 3346.49,4
1282,09:30:02,$ 3346.49,3
1283,09:30:02,$ 3346.49,2
1284,09:30:02,$ 3346.49,1
1285,09:30:02,$ 3346.49,1
1286,09:30:02,$ 3346.49,3
1287,09:30:02,$ 3346.49,5
1288,09:30:02,$ 3346.49,13
1289,09:30:02,$ 3346.49,4
1290,09:30:02,$ 3346.49,1
1291,09:30:02,$ 3346.49,1
1292,09:30:02,$ 3346.49,1
1293,09:30:02,$ 3346.49,1
1294,09:30:02,$ 3346.49,20
1295,09:30:02,$ 3346.49,121
1296,09:30:02,$ 3346.49,1
1297,09:30:02,$ 3346.49,15
1298,09:30:02,$ 3346.49,1
1299,09:30:02,$ 3346.49,1
1300,09:30:02,$ 3346.49,1
1301,09:30:02,$ 3346.49,1
1303,09:30:02,$ 3346.49,6
1304,09:30:02,$ 3346.49,3
1305,09:30:02,$ 3346.49,20
1306,09:30:02,$ 3346.49,1
1307,09:30:02,$ 3346.49,1
1308,09:30:02,$ 3346.49,1
1309,09:30:02,$ 3346.49,1
1310,09:30:02,$ 3346.49,1
1311,09:30:02,$ 3346.49,6
1312,09:30:02,$ 3346.49,1
1313,09:30:02,$ 3346.49,7
1314,09:30:02,$ 3346.49,29
1315,09:30:02,$ 3346.49,2
1316,09:30:02,$ 3346.49,2
1317,09:30:02,$ 3346.49,2
1318,09:30:02,$ 3346.49,1
1319,09:30:02,$ 3346.49,2
1320,09:30:02,$ 3346.49,1
1321,09:30:02,$ 3346.49,1
1322,09:30:02,$ 3346.49,10
1324,09:30:02,$ 3346.49,1
1325,09:30:02,$ 3346.49,3
1326,09:30:02,$ 3346.49,1
1327,09:30:02,$ 3346.49,1
1328,09:30:02,$ 3346.49,2
1329,09:30:02,$ 3346.49,7
1330,09:30:02,$ 3346.49,100
1331,09:30:02,$ 3346.49,200
1332,09:30:02,$ 3346.49,110
1333,09:30:02,$ 3346.49,4
1334,09:30:02,$ 3346.49,4
1335,09:30:02,$ 3346.49,1
1336,09:30:02,$ 3346.49,1
1337,09:30:02,$ 3346.49,1
1338,09:30:02,$ 3346.49,3
1339,09:30:02,$ 3346.49,10
1340,09:30:02,$ 3346.49,1
1341,09:30:02,$ 3346.49,2
1342,09:30:02,$ 3346.49,55
1343,09:30:02,$ 3346.49,50
1345,09:30:02,$ 3346.49,1
1346,09:30:02,$ 3346.49,2
1347,09:30:02,$ 3346.49,1
1348,09:30:02,$ 3346.49,2
1349,09:30:02,$ 3346.49,301
1350,09:30:02,$ 3346.49,1
1351,09:30:02,$ 3346.49,2
1352,09:30:02,$ 3346.49,2
1353,09:30:02,$ 3346.49,109
1354,09:30:02,$ 3346.49,2
1355,09:30:02,$ 3346.49,17
1356,09:30:02,$ 3346.49,1
1357,09:30:02,$ 3346.49,12
1358,09:30:02,$ 3346.49,21
1359,09:30:02,$ 3346.49,18
1360,09:30:02,$ 3346.49,1
1361,09:30:02,$ 3346.49,1
1362,09:30:02,$ 3346.49,1
1363,09:30:02,$ 3346.49,1
1364,09:30:02,$ 3346.49,5
1366,09:30:02,$ 3346.49,1
1367,09:30:02,$ 3346.49,17
1368,09:30:02,$ 3346.49,1
1369,09:30:02,$ 3346.49,5
1370,09:30:02,$ 3346.49,2
1371,09:30:02,$ 3346.49,2
1372,09:30:02,$ 3346.49,35
1373,09:30:02,$ 3346.49,5
1374,09:30:02,$ 3346.49,2
1375,09:30:02,$ 3346.49,35
1376,09:30:02,$ 3346.49,45
1377,09:30:02,$ 3346.49,55
1378,09:30:02,$ 3346.49,35
1379,09:30:02,$ 3346.49,46
1380,09:30:02,$ 3346.49,1
1381,09:30:02,$ 3346.49,20
1382,09:30:02,$ 3346.49,172
1383,09:30:02,$ 3346.49,3
1384,09:30:02,$ 3346.49,27
1385,09:30:02,$ 3346.49,3
1387,09:30:02,$ 3346.49,1
1388,09:30:02,$ 3346.49,3
1389,09:30:02,$ 3346.49,12
1390,09:30:02,$ 3346.49,2
1391,09:30:02,$ 3346.49,2
1392,09:30:02,$ 3346.49,45
1393,09:30:02,$ 3346.49,28
1394,09:30:02,$ 3346.49,129
1395,09:30:02,$ 3346.49,2
1396,09:30:02,$ 3346.49,5
1397,09:30:02,$ 3346.49,2
1398,09:30:02,$ 3346.49,2
1399,09:30:02,$ 3346.49,1
1400,09:30:02,$ 3346.49,1
1401,09:30:02,$ 3346.49,1
1402,09:30:02,$ 3346.49,5
1403,09:30:02,$ 3346.49,1
1404,09:30:02,$ 3346.49,6
1405,09:30:02,$ 3346.49,1
1406,09:30:02,$ 3346.49,3
1408,09:30:02,$ 3346.49,7
1409,09:30:02,$ 3346.49,10
1410,09:30:02,$ 3346.49,12
1411,09:30:02,$ 3346.49,2
1412,09:30:02,$ 3346.49,3
1413,09:30:02,$ 3346.49,2
1414,09:30:02,$ 3346.49,8
1415,09:30:02,$ 3346.49,7
1416,09:30:02,$ 3346.49,2
1417,09:30:02,$ 3346.49,124
1418,09:30:02,$ 3346.49,735
1419,09:30:02,$ 3346.49,20
1420,09:30:02,$ 3346.49,1
1421,09:30:02,$ 3346.49,15
1422,09:30:02,$ 3346.49,3
1423,09:30:02,$ 3346.49,2
1424,09:30:02,$ 3346.49,60
1425,09:30:02,$ 3346.49,23
1426,09:30:02,$ 3346.49,3
1427,09:30:02,$ 3346.49,2
1429,09:30:02,$ 3346.49,2
1430,09:30:02,$ 3346.49,1
1431,09:30:02,$ 3346.49,8
1432,09:30:02,$ 3346.49,16
1433,09:30:02,$ 3346.49,2
1434,09:30:02,$ 3346.49,2
1435,09:30:02,$ 3346.49,11
1436,09:30:02,$ 3346.49,1
1437,09:30:02,$ 3346.49,3
1438,09:30:02,$ 3346.49,1
1439,09:30:02,$ 3346.49,1
1440,09:30:02,$ 3346.49,3
1441,09:30:02,$ 3346.49,2
1442,09:30:02,$ 3346.49,10
1443,09:30:02,$ 3346.49,3
1444,09:30:02,$ 3346.49,15
1445,09:30:02,$ 3346.49,3
1446,09:30:02,$ 3346.49,3
1447,09:30:02,$ 3346.49,4
1448,09:30:02,$ 3346.49,29
1450,09:30:02,$ 3346.49,2
1451,09:30:02,$ 3346.49,4
1452,09:30:02,$ 3346.49,19
1453,09:30:02,$ 3346.49,1
1454,09:30:02,$ 3346.49,4
1455,09:30:02,$ 3346.49,2
1456,09:30:02,$ 3346.49,2
1457,09:30:02,$ 3346.49,2
1458,09:30:02,$ 3346.49,5
1459,09:30:02,$ 3346.49,3
1460,09:30:02,$ 3346.49,5
1461,09:30:02,$ 3346.49,1
1462,09:30:02,$ 3346.49,4
1463,09:30:02,$ 3346.49,2
1464,09:30:02,$ 3346.49,1
1465,09:30:02,$ 3346.49,1
1466,09:30:02,$ 3346.49,65
1467,09:30:02,$ 3346.49,4
1468,09:30:02,$ 3346.49,2
1469,09:30:02,$ 3346.49,1
1471,09:30:02,$ 3346.49,1
1472,09:30:02,$ 3346.49,1
1473,09:30:02,$ 3346.49,1
1474,09:30:02,$ 3346.49,125
1475,09:30:02,$ 3346.49,10
1476,09:30:02,$ 3346.49,3
1477,09:30:02,$ 3346.49,2
1478,09:30:02,$ 3346.49,1
1479,09:30:02,$ 3346.49,5
1480,09:30:02,$ 3346.49,2
1481,09:30:02,$ 3346.49,50
1482,09:30:02,$ 3346.49,154
1483,09:30:02,$ 3346.49,5
1484,09:30:02,$ 3346.49,10
1485,09:30:02,$ 3346.49,20
1486,09:30:02,$ 3346.49,1
1487,09:30:02,$ 3346.49,5
1488,09:30:02,$ 3346.49,5
1489,09:30:02,$ 3346.49,4
1490,09:30:02,$ 3346.49,3
1492,09:30:02,$ 3346.49,1
1493,09:30:02,$ 3346.49,1
1494,09:30:02,$ 3346.49,10
1495,09:30:02,$ 3346.49,16
1496,09:30:02,$ 3346.49,2
1497,09:30:02,$ 3346.49,1
1498,09:30:02,$ 3346.49,1
1499,09:30:02,$ 3346.49,146
1500,09:30:02,$ 3346.49,1
1501,09:30:02,$ 3346.49,2
1502,09:30:02,$ 3346.49,3
1503,09:30:02,$ 3346.49,10
1504,09:30:02,$ 3346.49,5
1505,09:30:02,$ 3346.49,10
1506,09:30:02,$ 3346.49,1
1507,09:30:02,$ 3346.49,1
1508,09:30:02,$ 3346.49,5
1509,09:30:02,$ 3346.49,8
1510,09:30:02,$ 3346.49,4
1511,09:30:02,$ 3346.49,10
1513,09:30:02,$ 3346.49,1
1514,09:30:02,$ 3346.49,2
1515,09:30:02,$ 3346.49,2
1516,09:30:02,$ 3346.49,2
1517,09:30:02,$ 3346.49,20
1518,09:30:02,$ 3346.49,2
1519,09:30:02,$ 3346.49,2
1520,09:30:02,$ 3346.49,10
1521,09:30:02,$ 3346.49,7
1522,09:30:02,$ 3346.49,10
1523,09:30:02,$ 3346.49,2
1524,09:30:02,$ 3346.49,3
1525,09:30:02,$ 3346.49,15
1526,09:30:02,$ 3346.49,1
1527,09:30:02,$ 3346.49,6
1528,09:30:02,$ 3346.49,6
1529,09:30:02,$ 3346.49,100
1530,09:30:02,$ 3346.49,6
1531,09:30:02,$ 3346.49,10
1532,09:30:02,$ 3346.49,1
1534,09:30:02,$ 3346.49,5
1535,09:30:02,$ 3346.49,1
1536,09:30:02,$ 3346.49,5
1537,09:30:02,$ 3346.49,5
1538,09:30:02,$ 3346.49,3
1539,09:30:02,$ 3346.49,1
1540,09:30:02,$ 3346.49,6
1541,09:30:02,$ 3346.49,2
1542,09:30:02,$ 3346.49,1
1543,09:30:02,$ 3346.49,"2,000"
1544,09:30:02,$ 3346.49,1
1545,09:30:02,$ 3346.49,2
1546,09:30:02,$ 3346.49,1
1547,09:30:02,$ 3346.49,1
1548,09:30:02,$ 3346.49,2
1549,09:30:02,$ 3346.49,1
1550,09:30:02,$ 3346.49,15
1551,09:30:02,$ 3346.49,5
1552,09:30:02,$ 3346.49,1
1553,09:30:02,$ 3346.49,1
1555,09:30:02,$ 3346.49,1
1556,09:30:02,$ 3346.49,1
1557,09:30:02,$ 3346.49,20
1558,09:30:02,$ 3346.49,4
1559,09:30:02,$ 3346.49,3
1560,09:30:02,$ 3346.49,1
1561,09:30:02,$ 3346.49,1
1562,09:30:02,$ 3346.49,1
1563,09:30:02,$ 3346.49,2
1564,09:30:02,$ 3346.49,2
1565,09:30:02,$ 3346.49,1
1566,09:30:02,$ 3346.49,7
1567,09:30:02,$ 3346.49,2
1568,09:30:02,$ 3346.49,1
1569,09:30:02,$ 3346.49,1
1570,09:30:02,$ 3346.49,1
1571,09:30:02,$ 3346.49,1
1572,09:30:02,$ 3346.49,1
1573,09:30:02,$ 3346.49,15
1574,09:30:02,$ 3346.49,2
1576,09:30:02,$ 3346.49,7
1577,09:30:02,$ 3346.49,3
1578,09:30:02,$ 3346.49,1
1579,09:30:02,$ 3346.49,1
1580,09:30:02,$ 3346.49,1
1581,09:30:02,$ 3346.49,200
1582,09:30:02,$ 3346.49,1
1583,09:30:02,$ 3346.49,1
1584,09:30:02,$ 3346.49,1
1585,09:30:02,$ 3346.49,1
1586,09:30:02,$ 3346.49,1
1587,09:30:02,$ 3346.49,5
1588,09:30:02,$ 3346.49,1
1589,09:30:02,$ 3346.49,2
1590,09:30:02,$ 3346.49,6
1591,09:30:02,$ 3346.49,1
1592,09:30:02,$ 3346.49,1
1593,09:30:02,$ 3346.49,2
1594,09:30:02,$ 3346.49,1
1595,09:30:02,$ 3346.49,1
1597,09:30:02,$ 3346.49,1
1598,09:30:02,$ 3346.49,1
1599,09:30:02,$ 3346.49,1
1600,09:30:02,$ 3346.49,10
1601,09:30:02,$ 3346.49,1
1602,09:30:02,$ 3346.49,30
1603,09:30:02,$ 3346.49,4
1604,09:30:02,$ 3346.49,2
1605,09:30:02,$ 3346.49,6
1606,09:30:02,$ 3346.49,10
1607,09:30:02,$ 3346.49,7
1608,09:30:02,$ 3346.49,3
1609,09:30:02,$ 3346.49,50
1610,09:30:02,$ 3346.49,5
1611,09:30:02,$ 3346.49,3
1612,09:30:02,$ 3346.49,2
1613,09:30:02,$ 3346.49,25
1614,09:30:02,$ 3346.49,441
1615,09:30:02,$ 3346.49,122
1616,09:30:02,$ 3346.49,122
1618,09:30:02,$ 3346.49,440
1619,09:30:02,$ 3346.49,8
1620,09:30:02,$ 3346.49,2
1621,09:30:02,$ 3346.49,25
1622,09:30:02,$ 3346.49,1
1623,09:30:02,$ 3346.49,1
1624,09:30:02,$ 3346.49,1
1625,09:30:02,$ 3346.49,8
1626,09:30:02,$ 3346.49,7
1627,09:30:02,$ 3346.49,5
1628,09:30:02,$ 3346.49,8
1629,09:30:02,$ 3346.49,9
1630,09:30:02,$ 3346.49,4
1631,09:30:02,$ 3346.49,15
1632,09:30:02,$ 3346.49,10
1633,09:30:02,$ 3346.49,2
1634,09:30:02,$ 3346.49,3
1635,09:30:02,$ 3346.49,43
1636,09:30:02,$ 3346.49,4
1637,09:30:02,$ 3346.49,3
1639,09:30:02,$ 3346.49,5
1640,09:30:02,$ 3346.49,5
1641,09:30:02,$ 3346.49,10
1642,09:30:02,$ 3346.49,5
1643,09:30:02,$ 3346.49,25
1644,09:30:02,$ 3346.49,3
1645,09:30:02,$ 3346.49,5
1646,09:30:02,$ 3346.49,4
1647,09:30:02,$ 3346.49,2
1648,09:30:02,$ 3346.49,4
1649,09:30:02,$ 3346.49,4
1650,09:30:02,$ 3346.49,3
1651,09:30:02,$ 3346.49,2
1652,09:30:02,$ 3346.49,100
1653,09:30:02,$ 3346.49,1
1654,09:30:02,$ 3346.49,3
1655,09:30:02,$ 3346.49,90
1656,09:30:02,$ 3346.49,15
1657,09:30:02,$ 3346.49,1
1658,09:30:02,$ 3346.49,5
1660,09:30:02,$ 3346.49,1
1661,09:30:02,$ 3346.49,2
1662,09:30:02,$ 3346.49,30
1663,09:30:02,$ 3346.49,1
1664,09:30:02,$ 3346.49,3
1665,09:30:02,$ 3346.49,1
1666,09:30:02,$ 3346.49,1
1667,09:30:02,$ 3346.49,2
1668,09:30:02,$ 3346.49,1
1669,09:30:02,$ 3346.49,1
1670,09:30:02,$ 3346.49,1
1671,09:30:02,$ 3346.49,1
1672,09:30:02,$ 3346.49,9
1673,09:30:02,$ 3346.49,1
1674,09:30:02,$ 3346.49,3
1675,09:30:02,$ 3346.49,1
1676,09:30:02,$ 3346.49,1
1677,09:30:02,$ 3346.49,1
1678,09:30:02,$ 3346.49,19
1679,09:30:02,$ 3346.49,1
1681,09:30:02,$ 3346.49,5
1682,09:30:02,$ 3346.49,2
1683,09:30:02,$ 3346.49,34
1684,09:30:02,$ 3346.49,2
1685,09:30:02,$ 3346.49,2
1686,09:30:02,$ 3346.49,1
1687,09:30:02,$ 3346.49,5
1688,09:30:02,$ 3346.49,2
1689,09:30:02,$ 3346.49,2
1690,09:30:02,$ 3346.49,1
1691,09:30:02,$ 3346.49,10
1692,09:30:02,$ 3346.49,1
1693,09:30:02,$ 3346.49,1
1694,09:30:02,$ 3346.49,1
1695,09:30:02,$ 3346.49,5
1696,09:30:02,$ 3346.49,1
1697,09:30:02,$ 3346.49,1
1698,09:30:02,$ 3346.49,15
1699,09:30:02,$ 3346.49,3
1700,09:30:02,$ 3346.49,4
1702,09:30:02,$ 3346.49,20
1703,09:30:02,$ 3346.49,1
1704,09:30:02,$ 3346.49,2
1705,09:30:02,$ 3346.49,2
1706,09:30:02,$ 3346.49,4
1707,09:30:02,$ 3346.49,10
1708,09:30:02,$ 3346.49,1
1709,09:30:02,$ 3346.49,1
1710,09:30:02,$ 3346.49,3
1711,09:30:02,$ 3346.49,1
1712,09:30:02,$ 3346.49,15
1713,09:30:02,$ 3346.49,2
1714,09:30:02,$ 3346.49,1
1715,09:30:02,$ 3346.49,2
1716,09:30:02,$ 3346.49,2
1717,09:30:02,$ 3346.49,1
1718,09:30:02,$ 3346.49,1
1719,09:30:02,$ 3346.49,4
1720,09:30:02,$ 3346.49,2
1721,09:30:02,$ 3346.49,1
1723,09:30:02,$ 3346.49,1
1724,09:30:02,$ 3346.49,3
1725,09:30:02,$ 3346.49,4
1726,09:30:02,$ 3346.49,1
1727,09:30:02,$ 3346.49,1
1728,09:30:02,$ 3346.49,5
1729,09:30:02,$ 3346.49,1
1730,09:30:02,$ 3346.49,35
1731,09:30:02,$ 3346.49,1
1732,09:30:02,$ 3346.49,2
1733,09:30:02,$ 3346.49,1
1734,09:30:02,$ 3346.49,3
1735,09:30:02,$ 3346.49,1
1736,09:30:02,$ 3346.49,2
1737,09:30:02,$ 3346.49,3
1738,09:30:02,$ 3346.49,1
1739,09:30:02,$ 3346.49,3
1740,09:30:02,$ 3346.49,14
1741,09:30:02,$ 3346.49,20
1742,09:30:02,$ 3346.49,23
1744,09:30:02,$ 3346.49,10
1745,09:30:02,$ 3346.49,2
1746,09:30:02,$ 3346.49,5
1747,09:30:02,$ 3346.49,25
1748,09:30:02,$ 3346.49,4
1749,09:30:02,$ 3346.49,73
1750,09:30:02,$ 3346.49,2
1751,09:30:02,$ 3346.49,7
1752,09:30:02,$ 3346.49,1
1753,09:30:02,$ 3346.49,1
1754,09:30:02,$ 3346.49,15
1755,09:30:02,$ 3346.49,3
1756,09:30:02,$ 3346.49,5
1757,09:30:02,$ 3346.49,1
1758,09:30:02,$ 3346.49,3
1759,09:30:02,$ 3346.49,5
1760,09:30:02,$ 3346.49,1
1761,09:30:02,$ 3346.49,3
1762,09:30:02,$ 3346.49,6
1763,09:30:02,$ 3346.49,3
1765,09:30:02,$ 3346.49,20
1766,09:30:02,$ 3346.49,6
1767,09:30:02,$ 3346.49,127
1768,09:30:02,$ 3346.49,20
1769,09:30:02,$ 3346.49,2
1770,09:30:02,$ 3346.49,5
1771,09:30:02,$ 3346.49,8
1772,09:30:02,$ 3346.49,3
1773,09:30:02,$ 3346.49,9
1774,09:30:02,$ 3346.49,10
1775,09:30:02,$ 3346.49,1
1776,09:30:02,$ 3346.49,4
1777,09:30:02,$ 3346.49,15
1778,09:30:02,$ 3346.49,1
1779,09:30:02,$ 3346.49,1
1780,09:30:02,$ 3346.49,1
1781,09:30:02,$ 3346.49,1
1782,09:30:02,$ 3346.49,3
1783,09:30:02,$ 3346.49,1
1784,09:30:02,$ 3346.49,1
1786,09:30:02,$ 3346.49,3
1787,09:30:02,$ 3346.49,1
1788,09:30:02,$ 3346.49,3
1789,09:30:02,$ 3346.49,2
1790,09:30:02,$ 3346.49,2
1791,09:30:02,$ 3346.49,1
1792,09:30:02,$ 3346.49,1
1793,09:30:02,$ 3346.49,2
1794,09:30:02,$ 3346.49,1
1795,09:30:02,$ 3346.49,18
1796,09:30:02,$ 3346.49,1
1797,09:30:02,$ 3346.49,1
1798,09:30:02,$ 3346.49,8
1799,09:30:02,$ 3346.49,3
1800,09:30:02,$ 3346.49,3
1801,09:30:02,$ 3346.49,1
1802,09:30:02,$ 3346.49,4
1803,09:30:02,$ 3346.49,2
1804,09:30:02,$ 3346.49,1
1805,09:30:02,$ 3346.49,1
1807,09:30:02,$ 3346.49,2
1808,09:30:02,$ 3346.49,2
1809,09:30:02,$ 3346.49,3
1810,09:30:02,$ 3346.49,1
1811,09:30:02,$ 3346.49,3
1812,09:30:02,$ 3346.49,1
1813,09:30:02,$ 3346.49,1
1814,09:30:02,$ 3346.49,13
1815,09:30:02,$ 3346.49,1
1816,09:30:02,$ 3346.49,2
1817,09:30:02,$ 3346.49,1
1818,09:30:02,$ 3346.49,2
1819,09:30:02,$ 3346.49,4
1820,09:30:02,$ 3346.49,2
1821,09:30:02,$ 3346.49,3
1822,09:30:02,$ 3346.49,1
1823,09:30:02,$ 3346.49,1
1824,09:30:02,$ 3346.49,1
1825,09:30:02,$ 3346.49,5
1826,09:30:02,$ 3346.49,1
1828,09:30:02,$ 3346.49,6
1829,09:30:02,$ 3346.49,40
1830,09:30:02,$ 3346.49,1
1831,09:30:02,$ 3346.49,1
1832,09:30:02,$ 3346.49,5
1833,09:30:02,$ 3346.49,5
1834,09:30:02,$ 3346.49,1
1835,09:30:02,$ 3346.49,30
1836,09:30:02,$ 3346.49,5
1837,09:30:02,$ 3346.49,1
1838,09:30:02,$ 3346.49,1
1839,09:30:02,$ 3346.49,1
1840,09:30:02,$ 3346.49,1
1841,09:30:02,$ 3346.49,1
1842,09:30:02,$ 3346.49,4
1843,09:30:02,$ 3346.49,1
1844,09:30:02,$ 3346.49,1
1845,09:30:02,$ 3346.49,1
1846,09:30:02,$ 3346.49,1
1847,09:30:02,$ 3346.49,3
1849,09:30:02,$ 3346.49,1
1850,09:30:02,$ 3346.49,1
1851,09:30:02,$ 3346.49,3
1852,09:30:02,$ 3346.49,1
1853,09:30:02,$ 3346.49,2
1854,09:30:02,$ 3346.49,5
1855,09:30:02,$ 3346.49,10
1856,09:30:02,$ 3346.49,1
1857,09:30:02,$ 3346.49,5
1858,09:30:02,$ 3346.49,1
1859,09:30:02,$ 3346.49,1
1860,09:30:02,$ 3346.49,1
1861,09:30:02,$ 3346.49,75
1862,09:30:02,$ 3346.49,17
1863,09:30:02,$ 3346.49,5
1864,09:30:02,$ 3346.49,5
1865,09:30:02,$ 3346.49,2
1866,09:30:02,$ 3346.49,15
1867,09:30:02,$ 3346.49,1
1868,09:30:02,$ 3346.49,1
1870,09:30:02,$ 3346.49,7
1871,09:30:02,$ 3346.49,40
1872,09:30:02,$ 3346.49,6
1873,09:30:02,$ 3346.49,1
1874,09:30:02,$ 3346.49,10
1875,09:30:02,$ 3346.49,200
1876,09:30:02,$ 3346.49,1
1877,09:30:02,$ 3346.49,2
1878,09:30:02,$ 3346.49,7
1879,09:30:02,$ 3346.49,100
1880,09:30:02,$ 3346.49,2
1881,09:30:02,$ 3346.49,1
1882,09:30:02,$ 3346.49,3
1883,09:30:02,$ 3346.49,1
1884,09:30:02,$ 3346.49,1
1885,09:30:02,$ 3346.49,1
1886,09:30:02,$ 3346.49,1
1887,09:30:02,$ 3346.49,10
1888,09:30:02,$ 3346.49,23
1889,09:30:02,$ 3346.49,5
1891,09:30:02,$ 3346.49,10
1892,09:30:02,$ 3346.49,8
1893,09:30:02,$ 3346.49,11
1894,09:30:02,$ 3346.49,2
1895,09:30:02,$ 3346.49,5
1896,09:30:02,$ 3346.49,6
1897,09:30:02,$ 3346.49,3
1898,09:30:02,$ 3346.49,2
1899,09:30:02,$ 3346.49,1
1900,09:30:02,$ 3346.49,15
1901,09:30:02,$ 3346.49,3
1902,09:30:02,$ 3346.49,3
1903,09:30:02,$ 3346.49,6
1904,09:30:02,$ 3346.49,4
1905,09:30:02,$ 3346.49,5
1906,09:30:02,$ 3346.49,8
1907,09:30:02,$ 3346.49,3
1908,09:30:02,$ 3346.49,5
1909,09:30:02,$ 3346.49,1
1910,09:30:02,$ 3346.49,4
1912,09:30:02,$ 3346.49,1
1913,09:30:02,$ 3346.49,7
1914,09:30:02,$ 3346.49,75
1915,09:30:02,$ 3346.49,2
1916,09:30:02,$ 3346.49,2
1917,09:30:02,$ 3346.49,91
1918,09:30:02,$ 3346.49,3
1919,09:30:02,$ 3346.49,8
1920,09:30:02,$ 3346.49,3
1921,09:30:02,$ 3346.49,10
1922,09:30:02,$ 3346.49,194
1923,09:30:02,$ 3346.49,1
1924,09:30:02,$ 3346.49,1
1925,09:30:02,$ 3346.49,3
1926,09:30:02,$ 3346.49,3
1927,09:30:02,$ 3346.49,1
1928,09:30:02,$ 3346.49,3
1929,09:30:02,$ 3346.49,2
1930,09:30:02,$ 3346.49,1
1931,09:30:02,$ 3346.49,5
1933,09:30:02,$ 3346.49,3
1934,09:30:02,$ 3346.49,20
1935,09:30:02,$ 3346.49,6
1936,09:30:02,$ 3346.49,1
1937,09:30:02,$ 3346.49,5
1938,09:30:02,$ 3346.49,1
1939,09:30:02,$ 3346.49,1
1940,09:30:02,$ 3346.49,7
1941,09:30:02,$ 3346.49,5
1942,09:30:02,$ 3346.49,8
1943,09:30:02,$ 3346.49,10
1944,09:30:02,$ 3346.49,3
1945,09:30:02,$ 3346.49,1
1946,09:30:02,$ 3346.49,1
1947,09:30:02,$ 3346.49,2
1948,09:30:02,$ 3346.49,2
1949,09:30:02,$ 3346.49,3
1950,09:30:02,$ 3346.49,1
1951,09:30:02,$ 3346.49,5
1952,09:30:02,$ 3346.49,5
1954,09:30:02,$ 3346.49,1
1955,09:30:02,$ 3346.49,2
1956,09:30:02,$ 3346.49,5
1957,09:30:02,$ 3346.49,1
1958,09:30:02,$ 3346.49,2
1959,09:30:02,$ 3346.49,2
1960,09:30:02,$ 3346.49,4
1961,09:30:02,$ 3346.49,64
1962,09:30:02,$ 3346.49,200
1963,09:30:02,$ 3346.49,8
1964,09:30:02,$ 3346.49,1
1965,09:30:02,$ 3346.49,8
1966,09:30:02,$ 3346.49,1
1967,09:30:02,$ 3346.49,8
1968,09:30:02,$ 3346.49,3
1969,09:30:02,$ 3346.49,2
1970,09:30:02,$ 3346.49,1
1971,09:30:02,$ 3346.49,1
1972,09:30:02,$ 3346.49,1
1973,09:30:02,$ 3346.49,2
1975,09:30:02,$ 3346.49,1
1976,09:30:02,$ 3346.49,1
1977,09:30:02,$ 3346.49,2
1978,09:30:02,$ 3346.49,1
1979,09:30:02,$ 3346.49,3
1980,09:30:02,$ 3346.49,1
1981,09:30:02,$ 3346.49,3
1982,09:30:02,$ 3346.49,8
1983,09:30:02,$ 3346.49,5
1984,09:30:02,$ 3346.49,24
1985,09:30:02,$ 3346.49,1
1986,09:30:02,$ 3346.49,2
1987,09:30:02,$ 3346.49,1
1988,09:30:02,$ 3346.49,1
1989,09:30:02,$ 3346.49,8
1990,09:30:02,$ 3346.49,2
1991,09:30:02,$ 3346.49,15
1992,09:30:02,$ 3346.49,1
1993,09:30:02,$ 3346.49,3
1994,09:30:02,$ 3346.49,20
1996,09:30:02,$ 3346.49,2
1997,09:30:02,$ 3346.49,1
1998,09:30:02,$ 3346.49,1
1999,09:30:02,$ 3346.49,3
2000,09:30:02,$ 3346.49,2
2001,09:30:02,$ 3346.49,1
2002,09:30:02,$ 3346.49,1
2003,09:30:02,$ 3346.49,1
2004,09:30:02,$ 3346.49,1
2005,09:30:02,$ 3346.49,26
2006,09:30:02,$ 3346.49,7
2007,09:30:02,$ 3346.49,4
2008,09:30:02,$ 3346.49,12
2009,09:30:02,$ 3346.49,1
2010,09:30:02,$ 3346.49,2
2011,09:30:02,$ 3346.49,36
2012,09:30:02,$ 3346.49,2
2013,09:30:02,$ 3346.49,3
2014,09:30:02,$ 3346.49,"1,250"
2015,09:30:02,$ 3346.49,2
2017,09:30:02,$ 3346.49,12
2018,09:30:02,$ 3346.49,1
2019,09:30:02,$ 3346.49,6
2020,09:30:02,$ 3346.49,5
2021,09:30:02,$ 3346.49,392
2022,09:30:02,$ 3346.49,14
2023,09:30:02,$ 3346.49,9
2024,09:30:02,$ 3346.49,5
2025,09:30:02,$ 3346.49,1
2026,09:30:02,$ 3346.49,37
2027,09:30:02,$ 3346.49,1
2028,09:30:02,$ 3346.49,6
2029,09:30:02,$ 3346.49,5
2030,09:30:02,$ 3346.49,100
2031,09:30:02,$ 3346.49,20
2032,09:30:02,$ 3346.49,5
2033,09:30:02,$ 3346.49,1
2034,09:30:02,$ 3346.49,1
2035,09:30:02,$ 3346.49,10
2036,09:30:02,$ 3346.49,1
2038,09:30:02,$ 3346.49,3
2039,09:30:02,$ 3346.49,4
2040,09:30:02,$ 3346.49,1
2041,09:30:02,$ 3346.49,10
2042,09:30:02,$ 3346.49,4
2043,09:30:02,$ 3346.49,2
2044,09:30:02,$ 3346.49,2
2045,09:30:02,$ 3346.49,1
2046,09:30:02,$ 3346.49,1
2047,09:30:02,$ 3346.49,1
2048,09:30:02,$ 3346.49,1
2049,09:30:02,$ 3346.49,1
2050,09:30:02,$ 3346.49,25
2051,09:30:02,$ 3346.49,11
2052,09:30:02,$ 3346.49,1
2053,09:30:02,$ 3346.49,6
2054,09:30:02,$ 3346.49,3
2055,09:30:02,$ 3346.49,1
2056,09:30:02,$ 3346.49,12
2057,09:30:02,$ 3346.49,3
2059,09:30:02,$ 3346.49,3
2060,09:30:02,$ 3346.49,3
2061,09:30:02,$ 3346.49,1
2062,09:30:02,$ 3346.49,2
2063,09:30:02,$ 3346.49,1
2064,09:30:02,$ 3346.49,2
2065,09:30:02,$ 3346.49,2
2066,09:30:02,$ 3346.49,1
2067,09:30:02,$ 3346.49,5
2068,09:30:02,$ 3346.49,1
2069,09:30:02,$ 3346.49,3
2070,09:30:02,$ 3346.49,2
2071,09:30:02,$ 3346.49,1
2072,09:30:02,$ 3346.49,1
2073,09:30:02,$ 3346.49,1
2074,09:30:02,$ 3346.49,1
2075,09:30:02,$ 3346.49,25
2076,09:30:02,$ 3346.49,5
2077,09:30:02,$ 3346.49,1
2078,09:30:02,$ 3346.49,2
2080,09:30:02,$ 3346.49,100
2081,09:30:02,$ 3346.49,1
2082,09:30:02,$ 3346.49,1
2083,09:30:02,$ 3346.49,14
2084,09:30:02,$ 3346.49,69
2085,09:30:02,$ 3346.49,400
2086,09:30:02,$ 3346.49,14
2087,09:30:02,$ 3346.49,124
2088,09:30:02,$ 3346.49,1
2089,09:30:02,$ 3346.49,1
2090,09:30:02,$ 3346.49,10
2091,09:30:02,$ 3346.49,29
2092,09:30:02,$ 3346.49,149
2093,09:30:02,$ 3346.49,14
2094,09:30:02,$ 3346.49,205
2095,09:30:02,$ 3346.49,64
2096,09:30:02,$ 3346.49,1
2097,09:30:02,$ 3346.49,1
2098,09:30:02,$ 3346.49,2
2099,09:30:02,$ 3346.49,1
2101,09:30:02,$ 3346.49,2
2102,09:30:02,$ 3346.49,1
2103,09:30:02,$ 3346.49,8
2104,09:30:02,$ 3346.49,1
2105,09:30:02,$ 3346.49,2
2106,09:30:02,$ 3346.49,1
2107,09:30:02,$ 3346.49,1
2108,09:30:02,$ 3346.49,1
2109,09:30:02,$ 3346.49,1
2110,09:30:02,$ 3346.49,2
2111,09:30:02,$ 3346.49,2
2112,09:30:02,$ 3346.49,2
2113,09:30:02,$ 3346.49,1
2114,09:30:02,$ 3346.49,3
2115,09:30:02,$ 3346.49,1
2116,09:30:02,$ 3346.49,5
2117,09:30:02,$ 3346.49,1
2118,09:30:02,$ 3346.49,20
2119,09:30:02,$ 3346.49,1
2120,09:30:02,$ 3346.49,1
2122,09:30:02,$ 3346.49,5
2123,09:30:02,$ 3346.49,3
2124,09:30:02,$ 3346.49,1
2125,09:30:02,$ 3346.49,1
2126,09:30:02,$ 3346.49,5
2127,09:30:02,$ 3346.49,5
2128,09:30:02,$ 3346.49,2
2129,09:30:02,$ 3346.49,1
2130,09:30:02,$ 3346.49,17
2131,09:30:02,$ 3346.49,2
2132,09:30:02,$ 3346.49,1
2133,09:30:02,$ 3346.49,4
2134,09:30:02,$ 3346.49,2
2135,09:30:02,$ 3346.49,1
2136,09:30:02,$ 3346.49,2
2137,09:30:02,$ 3346.49,2
2138,09:30:02,$ 3346.49,2
2139,09:30:02,$ 3346.49,3
2140,09:30:02,$ 3346.49,65
2141,09:30:02,$ 3346.49,2
2143,09:30:02,$ 3346.49,1
2144,09:30:02,$ 3346.49,2
2145,09:30:02,$ 3346.49,2
2146,09:30:02,$ 3346.49,2
2147,09:30:02,$ 3346.49,5
2148,09:30:02,$ 3346.49,1
2149,09:30:02,$ 3346.49,15
2150,09:30:02,$ 3346.49,25
2151,09:30:02,$ 3346.49,1
2152,09:30:02,$ 3346.49,4
2153,09:30:02,$ 3346.49,30
2154,09:30:02,$ 3346.49,5
2155,09:30:02,$ 3346.49,4
2156,09:30:02,$ 3346.49,1
2157,09:30:02,$ 3346.49,1
2158,09:30:02,$ 3346.49,1
2159,09:30:02,$ 3346.49,1
2160,09:30:02,$ 3346.49,1
2161,09:30:02,$ 3346.49,1
2162,09:30:02,$ 3346.49,2
2164,09:30:02,$ 3346.49,2
2165,09:30:02,$ 3346.49,1
2166,09:30:02,$ 3346.49,1
2167,09:30:02,$ 3346.49,2
2168,09:30:02,$ 3346.49,20
2169,09:30:02,$ 3346.49,1
2170,09:30:02,$ 3346.49,1
2171,09:30:02,$ 3346.49,1
2172,09:30:02,$ 3346.49,1
2173,09:30:02,$ 3346.49,3
2174,09:30:02,$ 3346.49,5
2175,09:30:02,$ 3346.49,10
2176,09:30:02,$ 3346.49,1
2177,09:30:02,$ 3346.49,1
2178,09:30:02,$ 3346.49,1
2179,09:30:02,$ 3346.49,1
2180,09:30:02,$ 3346.49,1
2181,09:30:02,$ 3346.49,1
2182,09:30:02,$ 3346.49,1
2183,09:30:02,$ 3346.49,1
2185,09:30:02,$ 3346.49,2
2186,09:30:02,$ 3346.49,1
2187,09:30:02,$ 3346.49,33
2188,09:30:02,$ 3346.49,64
2189,09:30:02,$ 3346.49,65
2190,09:30:02,$ 3346.49,3
2191,09:30:02,$ 3346.49,1
2192,09:30:02,$ 3346.49,64
2193,09:30:02,$ 3346.49,1
2194,09:30:02,$ 3346.49,5
2195,09:30:02,$ 3346.49,65
2196,09:30:02,$ 3346.49,1
2197,09:30:02,$ 3346.49,64
2198,09:30:02,$ 3346.49,25
2199,09:30:02,$ 3346.49,1
2200,09:30:02,$ 3346.49,1
2201,09:30:02,$ 3346.49,8
2202,09:30:02,$ 3346.49,1
2203,09:30:02,$ 3346.49,1
2204,09:30:02,$ 3346.49,10
2206,09:30:02,$ 3346.49,1
2207,09:30:02,$ 3346.49,16
2208,09:30:02,$ 3346.49,2
2209,09:30:02,$ 3346.49,1
2210,09:30:02,$ 3346.49,64
2211,09:30:02,$ 3346.49,1
2212,09:30:02,$ 3346.49,11
2213,09:30:02,$ 3346.49,65
2214,09:30:02,$ 3346.49,1
2215,09:30:02,$ 3346.49,64
2216,09:30:02,$ 3346.49,65
2217,09:30:02,$ 3346.49,1
2218,09:30:02,$ 3346.49,11
2219,09:30:02,$ 3346.49,2
2220,09:30:02,$ 3346.49,10
2221,09:30:02,$ 3346.49,10
2222,09:30:02,$ 3346.49,8
2223,09:30:02,$ 3346.49,64
2224,09:30:02,$ 3346.49,65
2225,09:30:02,$ 3346.49,64
2227,09:30:02,$ 3346.49,100
2228,09:30:02,$ 3346.49,1
2229,09:30:02,$ 3346.49,2
2230,09:30:02,$ 3346.49,1
2231,09:30:02,$ 3346.49,1
2232,09:30:02,$ 3346.49,65
2233,09:30:02,$ 3346.49,64
2234,09:30:02,$ 3346.49,1
2235,09:30:02,$ 3346.49,10
2236,09:30:02,$ 3346.49,30
2237,09:30:02,$ 3346.49,1
2238,09:30:02,$ 3346.49,2
2239,09:30:02,$ 3346.49,4
2240,09:30:02,$ 3346.49,2
2241,09:30:02,$ 3346.49,1
2242,09:30:02,$ 3346.49,1
2243,09:30:02,$ 3346.49,6
2244,09:30:02,$ 3346.49,1
2245,09:30:02,$ 3346.49,1
2246,09:30:02,$ 3346.49,1
2248,09:30:02,$ 3346.49,1
2249,09:30:02,$ 3346.49,1
2250,09:30:02,$ 3346.49,1
2251,09:30:02,$ 3346.49,2
2252,09:30:02,$ 3346.49,3
2253,09:30:02,$ 3346.49,5
2254,09:30:02,$ 3346.49,8
2255,09:30:02,$ 3346.49,2
2256,09:30:02,$ 3346.49,210
2257,09:30:02,$ 3346.49,1
2258,09:30:02,$ 3346.49,10
2259,09:30:02,$ 3346.49,1
2260,09:30:02,$ 3346.49,1
2261,09:30:02,$ 3346.49,1
2262,09:30:02,$ 3346.49,1
2263,09:30:02,$ 3346.49,1
2264,09:30:02,$ 3346.49,10
2265,09:30:02,$ 3346.49,1
2266,09:30:02,$ 3346.49,5
2267,09:30:02,$ 3346.49,10
2269,09:30:02,$ 3346.49,1
2270,09:30:02,$ 3346.49,1
2271,09:30:02,$ 3346.49,2
2272,09:30:02,$ 3346.49,1
2273,09:30:02,$ 3346.49,1
2274,09:30:02,$ 3346.49,2
2275,09:30:02,$ 3346.49,5
2276,09:30:02,$ 3346.49,1
2277,09:30:02,$ 3346.49,3
2278,09:30:02,$ 3346.49,4
2279,09:30:02,$ 3346.49,1
2280,09:30:02,$ 3346.49,2
2281,09:30:02,$ 3346.49,4
2282,09:30:02,$ 3346.49,2
2283,09:30:02,$ 3346.49,1
2284,09:30:02,$ 3346.49,7
2285,09:30:02,$ 3346.49,2
2286,09:30:02,$ 3346.49,65
2287,09:30:02,$ 3346.49,2
2288,09:30:02,$ 3346.49,64
2290,09:30:02,$ 3346.49,64
2291,09:30:02,$ 3346.49,65
2292,09:30:02,$ 3346.49,64
2293,09:30:02,$ 3346.49,1
2294,09:30:02,$ 3346.49,1
2295,09:30:02,$ 3346.49,1
2296,09:30:02,$ 3346.49,65
2297,09:30:02,$ 3346.49,32
2298,09:30:02,$ 3346.49,32
2299,09:30:02,$ 3346.49,30
2300,09:30:02,$ 3346.49,32
2301,09:30:02,$ 3346.49,33
2302,09:30:02,$ 3346.49,1
2303,09:30:02,$ 3346.49,32
2304,09:30:02,$ 3346.49,32
2305,09:30:02,$ 3346.49,6
2306,09:30:02,$ 3346.49,32
2307,09:30:02,$ 3346.49,33
2308,09:30:02,$ 3346.49,1
2309,09:30:02,$ 3346.49,32
2311,09:30:02,$ 3346.49,32
2312,09:30:02,$ 3346.49,1
2313,09:30:02,$ 3346.49,22
2314,09:30:02,$ 3346.49,2
2315,09:30:02,$ 3346.49,178
2316,09:30:02,$ 3346.49,193
2317,09:30:02,$ 3346.49,1
2318,09:30:02,$ 3346.49,1
2319,09:30:02,$ 3346.49,12
2320,09:30:02,$ 3346.49,2
2321,09:30:02,$ 3346.49,32
2322,09:30:02,$ 3346.49,1
2323,09:30:02,$ 3346.49,1
2324,09:30:02,$ 3346.49,49
2325,09:30:02,$ 3346.49,1
2326,09:30:02,$ 3346.49,2
2327,09:30:02,$ 3346.49,1
2328,09:30:02,$ 3346.49,2
2329,09:30:02,$ 3346.49,1
2330,09:30:02,$ 3346.49,1
2332,09:30:02,$ 3346.49,1
2333,09:30:02,$ 3346.49,1
2334,09:30:02,$ 3346.49,1
2335,09:30:02,$ 3346.49,2
2336,09:30:02,$ 3346.49,400
2337,09:30:02,$ 3346.49,2
2338,09:30:02,$ 3346.49,1
2339,09:30:02,$ 3346.49,1
2340,09:30:02,$ 3346.49,45
2341,09:30:02,$ 3346.49,7
2342,09:30:02,$ 3346.49,2
2343,09:30:02,$ 3346.49,2
2344,09:30:02,$ 3346.49,9
2345,09:30:02,$ 3346.49,1
2346,09:30:02,$ 3346.49,1
2347,09:30:02,$ 3346.49,578
2348,09:30:02,$ 3346.49,1
2349,09:30:02,$ 3346.49,1
2350,09:30:02,$ 3346.49,3
2351,09:30:02,$ 3346.49,3
2353,09:30:02,$ 3346.49,9
2354,09:30:02,$ 3346.49,7
2355,09:30:02,$ 3346.49,3
2356,09:30:02,$ 3346.49,1
2357,09:30:02,$ 3346.49,5
2358,09:30:02,$ 3346.49,10
2359,09:30:02,$ 3346.49,3
2360,09:30:02,$ 3346.49,1
2361,09:30:02,$ 3346.49,2
2362,09:30:02,$ 3346.49,13
2363,09:30:02,$ 3346.49,14
2364,09:30:02,$ 3346.49,22
2365,09:30:02,$ 3346.49,9
2366,09:30:02,$ 3346.49,1
2367,09:30:02,$ 3346.49,2
2368,09:30:02,$ 3346.49,1
2369,09:30:02,$ 3346.49,2
2370,09:30:02,$ 3346.49,2
2371,09:30:02,$ 3346.49,1
2372,09:30:02,$ 3346.49,45
2374,09:30:02,$ 3346.49,5
2375,09:30:02,$ 3346.49,1
2376,09:30:02,$ 3346.49,1
2377,09:30:02,$ 3346.49,5
2378,09:30:02,$ 3346.49,5
2379,09:30:02,$ 3346.49,5
2380,09:30:02,$ 3346.49,1
2381,09:30:02,$ 3346.49,7
2382,09:30:02,$ 3346.49,1
2383,09:30:02,$ 3346.49,241
2384,09:30:02,$ 3346.49,3
2385,09:30:02,$ 3346.49,13
2386,09:30:02,$ 3346.49,4
2387,09:30:02,$ 3346.49,34
2388,09:30:02,$ 3346.49,1
2389,09:30:02,$ 3346.49,1
2390,09:30:02,$ 3346.49,1
2391,09:30:02,$ 3346.49,1
2392,09:30:02,$ 3346.49,1
2393,09:30:02,$ 3346.49,1
2395,09:30:02,$ 3346.49,2
2396,09:30:02,$ 3346.49,1
2397,09:30:02,$ 3346.49,3
2398,09:30:02,$ 3346.49,4
2399,09:30:02,$ 3346.49,4
2400,09:30:02,$ 3346.49,2
2401,09:30:02,$ 3346.49,3
2402,09:30:02,$ 3346.49,2
2403,09:30:02,$ 3346.49,1
2404,09:30:02,$ 3346.49,1
2405,09:30:02,$ 3346.49,1
2406,09:30:02,$ 3346.49,1
2407,09:30:02,$ 3346.49,1
2408,09:30:02,$ 3346.49,1
2409,09:30:02,$ 3346.49,5
2410,09:30:02,$ 3346.49,2
2411,09:30:02,$ 3346.49,1
2412,09:30:02,$ 3346.49,1
2413,09:30:02,$ 3346.49,1
2414,09:30:02,$ 3346.49,1
2416,09:30:02,$ 3346.49,1
2417,09:30:02,$ 3346.49,1
2418,09:30:02,$ 3346.49,1
2419,09:30:02,$ 3346.49,1
2420,09:30:02,$ 3346.49,2
2421,09:30:02,$ 3346.49,1
2422,09:30:02,$ 3346.49,1
2423,09:30:02,$ 3346.49,1
2424,09:30:02,$ 3346.49,3
2425,09:30:02,$ 3346.49,1
2426,09:30:02,$ 3346.49,1
2427,09:30:02,$ 3346.49,2
2428,09:30:02,$ 3346.49,1
2429,09:30:02,$ 3346.49,3
2430,09:30:02,$ 3346.49,3
2431,09:30:02,$ 3346.49,1
2432,09:30:02,$ 3346.49,2
2433,09:30:02,$ 3346.49,1
2434,09:30:02,$ 3346.49,1
2435,09:30:02,$ 3346.49,1
2437,09:30:02,$ 3346.49,2
2438,09:30:02,$ 3346.49,2
2439,09:30:02,$ 3346.49,1
2440,09:30:02,$ 3346.49,1
2441,09:30:02,$ 3346.49,4
2442,09:30:02,$ 3346.49,2
2443,09:30:02,$ 3346.49,4
2444,09:30:02,$ 3346.49,1
2445,09:30:02,$ 3346.49,1
2446,09:30:02,$ 3346.49,5
2447,09:30:02,$ 3346.49,1
2448,09:30:02,$ 3346.49,1
2449,09:30:02,$ 3346.49,1
2450,09:30:02,$ 3346.49,10
2451,09:30:02,$ 3346.49,1
2452,09:30:02,$ 3346.49,1
2453,09:30:02,$ 3346.49,1
2454,09:30:02,$ 3346.49,1
2455,09:30:02,$ 3346.49,2
2456,09:30:02,$ 3346.49,8
2458,09:30:02,$ 3346.49,2
2459,09:30:02,$ 3346.49,1
2460,09:30:02,$ 3346.49,2
2461,09:30:02,$ 3346.49,1
2462,09:30:02,$ 3346.49,5
2463,09:30:02,$ 3346.49,2
2464,09:30:02,$ 3346.49,2
2465,09:30:02,$ 3346.49,1
2466,09:30:02,$ 3346.49,3
2467,09:30:02,$ 3346.49,1
2468,09:30:02,$ 3346.49,3
2469,09:30:02,$ 3346.49,1
2470,09:30:02,$ 3346.49,2
2471,09:30:02,$ 3346.49,1
2472,09:30:02,$ 3346.49,5
2473,09:30:02,$ 3346.49,10
2474,09:30:02,$ 3346.49,2
2475,09:30:02,$ 3346.49,5
2476,09:30:02,$ 3346.49,5
2477,09:30:02,$ 3346.49,1
2479,09:30:02,$ 3346.49,2
2480,09:30:02,$ 3346.49,3
2481,09:30:02,$ 3346.49,2
2482,09:30:02,$ 3346.49,1
2483,09:30:02,$ 3346.49,3
2484,09:30:02,$ 3346.49,2
2485,09:30:02,$ 3346.49,1
2486,09:30:02,$ 3346.49,2
2487,09:30:02,$ 3346.49,2
2488,09:30:02,$ 3346.49,4
2489,09:30:02,$ 3346.49,1
2490,09:30:02,$ 3346.49,1
2491,09:30:02,$ 3346.49,15
2492,09:30:02,$ 3346.49,1
2493,09:30:02,$ 3346.49,1
2494,09:30:02,$ 3346.49,10
2495,09:30:02,$ 3346.49,2
2496,09:30:02,$ 3346.49,5
2497,09:30:02,$ 3346.49,4
2498,09:30:02,$ 3346.49,2
2500,09:30:02,$ 3346.49,2
2501,09:30:02,$ 3346.49,1
2502,09:30:02,$ 3346.49,6
2503,09:30:02,$ 3346.49,100
2504,09:30:02,$ 3346.49,11
2505,09:30:02,$ 3346.49,1
2506,09:30:02,$ 3346.49,9
2507,09:30:02,$ 3346.49,60
2508,09:30:02,$ 3346.49,9
2509,09:30:02,$ 3346.49,8
2510,09:30:02,$ 3346.49,8
2511,09:30:02,$ 3346.49,103
2512,09:30:02,$ 3346.49,14
2513,09:30:02,$ 3346.49,184
2514,09:30:02,$ 3346.49,5
2515,09:30:02,$ 3346.49,10
2516,09:30:02,$ 3346.49,4
2517,09:30:02,$ 3346.49,1
2518,09:30:02,$ 3346.49,24
2519,09:30:02,$ 3346.49,148
2521,09:30:02,$ 3346.49,5
2522,09:30:02,$ 3346.49,1
2523,09:30:02,$ 3346.49,1
2524,09:30:02,$ 3346.49,10
2525,09:30:02,$ 3346.49,2
2526,09:30:02,$ 3346.49,2
2527,09:30:02,$ 3346.49,1
2528,09:30:02,$ 3346.49,16
2529,09:30:02,$ 3346.49,5
2530,09:30:02,$ 3346.49,5
2531,09:30:02,$ 3346.49,1
2532,09:30:02,$ 3346.49,1
2533,09:30:02,$ 3346.49,24
2534,09:30:02,$ 3346.49,100
2535,09:30:02,$ 3346.49,1
2536,09:30:02,$ 3346.49,9
2537,09:30:02,$ 3346.49,1
2538,09:30:02,$ 3346.49,3
2539,09:30:02,$ 3346.49,3
2540,09:30:02,$ 3346.49,1
2542,09:30:02,$ 3346.49,1
2543,09:30:02,$ 3346.49,200
2544,09:30:02,$ 3346.49,38
2545,09:30:02,$ 3346.49,37
2546,09:30:02,$ 3346.49,1
2547,09:30:02,$ 3346.49,1
2548,09:30:02,$ 3346.49,2
2549,09:30:02,$ 3346.49,58
2550,09:30:02,$ 3346.49,100
2551,09:30:02,$ 3346.49,262
2552,09:30:02,$ 3346.49,1
2553,09:30:02,$ 3346.49,6
2554,09:30:02,$ 3346.49,3
2555,09:30:02,$ 3346.49,1
2556,09:30:02,$ 3346.49,1
2557,09:30:02,$ 3346.49,10
2558,09:30:02,$ 3346.49,2
2559,09:30:02,$ 3346.49,1
2560,09:30:02,$ 3346.49,100
2561,09:30:02,$ 3346.49,4
2563,09:30:02,$ 3346.49,124
2564,09:30:02,$ 3346.49,249
2565,09:30:02,$ 3346.49,1
2566,09:30:02,$ 3346.49,5
2567,09:30:02,$ 3346.49,3
2568,09:30:02,$ 3346.49,22
2569,09:30:02,$ 3346.49,3
2570,09:30:02,$ 3346.49,38
2571,09:30:02,$ 3346.49,2
2572,09:30:02,$ 3346.49,22
2573,09:30:02,$ 3346.49,5
2574,09:30:02,$ 3346.49,9
2575,09:30:02,$ 3346.49,5
2576,09:30:02,$ 3346.49,15
2577,09:30:02,$ 3346.49,1
2578,09:30:02,$ 3346.49,50
2579,09:30:02,$ 3346.49,50
2580,09:30:02,$ 3346.49,29
2581,09:30:02,$ 3346.49,14
2582,09:30:02,$ 3346.49,16
2584,09:30:02,$ 3346.49,3
2585,09:30:02,$ 3346.49,18
2586,09:30:02,$ 3346.49,30
2587,09:30:02,$ 3346.49,4
2588,09:30:02,$ 3346.49,5
2589,09:30:00,$ 3346.54,100
2590,09:30:00,$ 3346.8585,306
2591,09:30:00,$ 3346.49,30
2592,09:30:00,$ 3346.49,101
2593,09:30:00,$ 3346.49,146
2595,10:29:46,$ 3363.855,180
2596,10:29:13,$ 3363.93,100
2597,10:29:06,$ 3364.16,100
2598,10:27:56,$ 3363.60,100
2599,10:27:43,$ 3363.48,100
2600,10:27:38,$ 3362.6168,152
2601,10:27:27,$ 3362.25,100
2602,10:26:48,$ 3362.65,100
2603,10:26:48,$ 3362.68,100
2604,10:26:48,$ 3362.68,280
2605,10:26:38,$ 3362.85,100
2606,10:26:27,$ 3362.0001,200
2607,10:26:16,$ 3364.37,100
2608,10:26:00,$ 3364.7255,100
2609,10:25:42,$ 3364.4683,300
2610,10:25:36,$ 3364.82,100
2611,10:25:14,$ 3364.03,100
2612,10:25:13,$ 3364.79,100
2613,10:25:02,$ 3363.6101,100
2614,10:24:59,$ 3363.87,100
2616,10:24:54,$ 3363.0983,100
2617,10:24:35,$ 3362.92,100
2618,10:24:35,$ 3362.5001,100
2619,10:24:21,$ 3363.56,125
2620,10:24:17,$ 3363.02,100
2621,10:24:10,$ 3363.00,100
2622,10:23:40,$ 3365.78,100
2623,10:23:26,$ 3365.53,100
2624,10:23:26,$ 3365.48,100
2625,10:23:01,$ 3365.53,100
2626,10:23:00,$ 3365.00,100
2627,10:22:34,$ 3364.31,102
2628,10:22:10,$ 3364.70,100
2629,10:22:08,$ 3365.0401,297
2630,10:22:02,$ 3364.295,100
2631,10:22:00,$ 3364.27,100
2632,10:21:55,$ 3365.38,100
2633,10:21:54,$ 3366.01,100
2634,10:21:38,$ 3367.04,100
2635,10:21:28,$ 3366.29,100
2637,10:21:26,$ 3365.68,100
2638,10:21:25,$ 3365.51,100
2639,10:21:25,$ 3365.50,100
2640,10:21:24,$ 3366.00,100
2641,10:21:11,$ 3367.94,100
2642,10:21:11,$ 3367.92,100
2643,10:21:04,$ 3368.36,100
2644,10:21:03,$ 3368.32,100
2645,10:20:34,$ 3367.15,100
2646,10:20:34,$ 3367.63,100
2647,10:20:29,$ 3368.30,100
2648,10:20:01,$ 3367.06,100
2649,10:20:01,$ 3367.00,366
2650,10:20:01,$ 3367.00,191
2651,10:19:41,$ 3365.66,100
2652,10:19:39,$ 3365.67,100
2653,10:19:39,$ 3365.67,100
2654,10:19:39,$ 3365.68,100
2655,10:19:39,$ 3365.67,100
2656,10:19:39,$ 3365.86,100
2658,10:19:39,$ 3365.67,100
2659,10:19:39,$ 3365.6627,200
2660,10:19:18,$ 3366.13,100
2661,10:19:12,$ 3366.02,200
2662,10:19:12,$ 3366.865,200
2663,10:18:55,$ 3368.01,100
2664,10:18:55,$ 3368.00,138
2665,10:18:55,$ 3368.00,100
2666,10:18:55,$ 3368.11,100
2667,10:18:55,$ 3368.01,100
2668,10:18:55,$ 3368.01,100
2669,10:18:52,$ 3368.74,100
2670,10:18:45,$ 3368.75,100
2671,10:18:41,$ 3368.76,100
2672,10:18:17,$ 3369.14,100
2673,10:17:49,$ 3369.02,100
2674,10:17:49,$ 3368.18,100
2675,10:17:45,$ 3369.115,100
2676,10:17:23,$ 3370.715,100
2677,10:17:20,$ 3371.0491,200
2679,10:17:19,$ 3370.22,100
2680,10:17:19,$ 3371.07,123
2681,10:17:19,$ 3371.0601,400
2682,10:17:16,$ 3371.12,101
2683,10:17:08,$ 3371.23,100
2684,10:16:57,$ 3370.00,100
2685,10:16:51,$ 3369.9999,100
2686,10:16:39,$ 3369.48,100
2687,10:16:39,$ 3369.46,100
2688,10:16:39,$ 3369.45,100
2689,10:16:39,$ 3369.46,100
2690,10:16:39,$ 3369.4773,200
2691,10:16:39,$ 3369.45,100
2692,10:16:39,$ 3369.45,100
2693,10:16:26,$ 3369.48,100
2694,10:16:26,$ 3369.445,100
2695,10:16:26,$ 3369.455,100
2696,10:16:24,$ 3369.00,756
2697,10:16:12,$ 3369.80,100
2698,10:16:12,$ 3369.80,100
2700,10:16:08,$ 3369.68,100
2701,10:16:07,$ 3370.31,200
2702,10:15:49,$ 3370.55,100
2703,10:15:35,$ 3370.43,200
2704,10:15:18,$ 3369.38,100
2705,10:14:56,$ 3367.87,100
2706,10:14:34,$ 3368.06,100
2707,10:14:33,$ 3368.395,100
2708,10:14:33,$ 3368.93,100
2709,10:14:32,$ 3368.98,100
2710,10:14:32,$ 3368.982,100
2711,10:14:32,$ 3368.958,100
2712,10:14:32,$ 3368.958,100
2713,10:14:32,$ 3368.896,100
2714,10:14:32,$ 3368.80,100
2715,10:14:31,$ 3368.30,100
2716,10:14:30,$ 3368.81,100
2717,10:14:30,$ 3367.71,100
2718,10:14:26,$ 3368.325,100
2719,10:14:25,$ 3368.73,100
2721,10:14:16,$ 3368.9999,115
2722,10:14:15,$ 3368.00,100
2723,10:14:10,$ 3367.82,100
2724,10:14:10,$ 3367.83,100
2725,10:13:56,$ 3367.00,199
2726,10:13:46,$ 3365.50,100
2727,10:13:45,$ 3365.50,100
2728,10:13:43,$ 3365.00,348
2729,10:13:43,$ 3365.00,136
2730,10:13:43,$ 3365.00,100
2731,10:13:43,$ 3365.00,100
2732,10:13:33,$ 3362.65,500
2733,10:13:31,$ 3362.64,102
2734,10:13:19,$ 3363.44,100
2735,10:13:19,$ 3363.45,100
2736,10:13:12,$ 3364.145,100
2737,10:13:12,$ 3363.4639,100
2738,10:13:11,$ 3363.4661,100
2739,10:13:08,$ 3364.25,100
2740,10:13:08,$ 3364.30,100
2742,10:13:01,$ 3364.27,100
2743,10:12:57,$ 3364.26,100
2744,10:12:44,$ 3364.00,400
2745,10:12:29,$ 3364.88,100
2746,10:12:09,$ 3365.8867,100
2747,10:11:32,$ 3367.21,100
2748,10:11:22,$ 3365.72,100
2749,10:11:22,$ 3365.0001,300
2750,10:11:08,$ 3366.0608,300
2751,10:10:51,$ 3366.5675,100
2752,10:10:50,$ 3366.29,100
2753,10:10:42,$ 3365.37,100
2754,10:10:26,$ 3365.40,100
2755,10:09:57,$ 3364.50,100
2756,10:09:56,$ 3364.51,148
2757,10:09:56,$ 3364.51,165
2758,10:09:56,$ 3364.67,100
2759,10:09:44,$ 3365.745,118
2760,10:09:20,$ 3366.105,100
2761,10:09:15,$ 3366.72,100
2763,10:09:06,$ 3365.71,100
2764,10:08:56,$ 3365.63,100
2765,10:08:55,$ 3366.80,150
2766,10:08:38,$ 3366.66,100
2767,10:08:29,$ 3366.0431,400
2768,10:08:10,$ 3366.17,100
2769,10:07:44,$ 3367.265,300
2770,10:07:43,$ 3367.26,150
2771,10:07:39,$ 3367.19,100
2772,10:07:39,$ 3366.87,100
2773,10:07:28,$ 3365.41,100
2774,10:07:28,$ 3365.40,100
2775,10:07:28,$ 3365.64,100
2776,10:07:28,$ 3365.57,100
2777,10:07:27,$ 3365.69,150
2778,10:07:22,$ 3365.08,100
2779,10:07:22,$ 3365.32,100
2780,10:07:15,$ 3364.7814,135
2781,10:07:15,$ 3365.071,250
2782,10:07:09,$ 3365.51,100
2784,10:07:00,$ 3365.48,100
2785,10:07:00,$ 3365.48,100
2786,10:07:00,$ 3365.155,100
2787,10:07:00,$ 3364.7373,215
2788,10:06:56,$ 3365.3185,150
2789,10:06:55,$ 3365.09,100
2790,10:06:54,$ 3364.47,100
2791,10:06:53,$ 3364.23,100
2792,10:06:41,$ 3363.70,100
2793,10:06:41,$ 3363.82,100
2794,10:06:35,$ 3364.265,100
2795,10:06:34,$ 3364.63,100
2796,10:06:34,$ 3364.15,200
2797,10:06:30,$ 3363.61,100
2798,10:06:15,$ 3363.50,100
2799,10:06:15,$ 3363.041,118
2800,10:06:15,$ 3363.041,195
2801,10:06:15,$ 3363.041,687
2802,10:06:06,$ 3364.00,100
2803,10:06:06,$ 3364.69,100
2805,10:06:06,$ 3364.15,100
2806,10:06:03,$ 3364.4867,296
2807,10:06:02,$ 3364.95,100
2808,10:06:02,$ 3364.61,100
2809,10:05:59,$ 3365.04,100
2810,10:05:57,$ 3365.08,100
2811,10:05:56,$ 3365.09,100
2812,10:05:54,$ 3364.99,100
2813,10:05:54,$ 3364.685,600
2814,10:05:50,$ 3364.94,100
2815,10:05:50,$ 3365.53,100
2816,10:05:47,$ 3366.8071,184
2817,10:05:40,$ 3367.26,100
2818,10:05:35,$ 3367.07,100
2819,10:05:24,$ 3367.335,100
2820,10:05:22,$ 3367.59,100
2821,10:05:11,$ 3368.05,100
2822,10:05:11,$ 3368.05,200
2823,10:05:00,$ 3368.73,100
2824,10:05:00,$ 3368.235,300
2826,10:04:58,$ 3366.90,100
2827,10:04:47,$ 3366.11,100
2828,10:04:47,$ 3367.20,553
2829,10:04:46,$ 3367.61,100
2830,10:04:39,$ 3368.13,100
2831,10:04:36,$ 3367.847,500
2832,10:04:35,$ 3367.7525,100
2833,10:04:34,$ 3367.28,100
2834,10:04:34,$ 3367.20,250
2835,10:04:34,$ 3367.20,100
2836,10:04:34,$ 3367.36,100
2837,10:04:34,$ 3368.00,100
2838,10:04:15,$ 3371.74,100
2839,10:04:09,$ 3371.525,164
2840,10:04:00,$ 3371.85,100
2841,10:04:00,$ 3370.8881,100
2842,10:03:52,$ 3371.27,100
2843,10:03:52,$ 3370.45,100
2844,10:03:52,$ 3370.45,361
2845,10:03:52,$ 3370.45,100
2847,10:03:52,$ 3370.45,100
2848,10:03:52,$ 3370.45,100
2849,10:03:42,$ 3370.55,193
2850,10:03:39,$ 3371.22,177
2851,10:03:39,$ 3369.84,133
2852,10:03:16,$ 3369.59,100
2853,10:03:06,$ 3369.57,100
2854,10:03:06,$ 3369.15,100
2855,10:03:06,$ 3369.21,100
2856,10:03:04,$ 3368.97,100
2857,10:03:04,$ 3368.57,100
2858,10:03:04,$ 3368.53,100
2859,10:03:04,$ 3369.00,100
2860,10:02:57,$ 3369.135,100
2861,10:02:57,$ 3368.31,100
2862,10:02:57,$ 3368.31,100
2863,10:02:56,$ 3369.00,100
2864,10:02:53,$ 3369.21,100
2865,10:02:52,$ 3370.025,100
2866,10:02:49,$ 3369.20,100
2868,10:02:42,$ 3370.025,100
2869,10:02:42,$ 3369.38,100
2870,10:02:42,$ 3369.40,100
2871,10:02:41,$ 3369.92,100
2872,10:02:36,$ 3368.96,100
2873,10:02:35,$ 3367.78,100
2874,10:02:34,$ 3367.87,100
2875,10:02:33,$ 3368.04,100
2876,10:02:32,$ 3370.22,100
2877,10:02:32,$ 3368.04,100
2878,10:02:31,$ 3369.94,100
2879,10:02:29,$ 3368.615,200
2880,10:02:29,$ 3368.26,100
2881,10:02:29,$ 3369.37,100
2882,10:02:27,$ 3370.00,105
2883,10:02:27,$ 3370.08,100
2884,10:02:27,$ 3370.595,100
2885,10:02:22,$ 3370.985,100
2886,10:02:17,$ 3371.59,100
2887,10:02:13,$ 3372.83,100
2889,10:02:09,$ 3373.05,100
2890,10:02:09,$ 3373.74,100
2891,10:02:09,$ 3374.20,100
2892,10:02:06,$ 3373.675,100
2893,10:01:56,$ 3373.61,100
2894,10:01:54,$ 3373.90,100
2895,10:01:47,$ 3373.62,100
2896,10:01:42,$ 3373.1938,100
2897,10:01:40,$ 3373.62,100
2898,10:01:33,$ 3374.03,100
2899,10:01:32,$ 3374.595,199
2900,10:01:31,$ 3375.01,100
2901,10:01:31,$ 3375.06,100
2902,10:01:30,$ 3375.88,100
2903,10:01:25,$ 3375.415,100
2904,10:01:20,$ 3375.535,200
2905,10:01:18,$ 3376.00,200
2906,10:01:03,$ 3374.6211,500
2907,10:01:00,$ 3375.44,100
2908,10:00:59,$ 3374.939,100
2910,10:00:52,$ 3375.50,100
2911,10:00:47,$ 3375.35,100
2912,10:00:47,$ 3376.005,100
2913,10:00:38,$ 3376.25,100
2914,10:00:24,$ 3375.905,116
2915,10:00:21,$ 3376.23,100
2916,10:00:18,$ 3376.02,100
2917,10:00:18,$ 3376.09,100
2918,10:00:18,$ 3376.01,100
2919,10:00:18,$ 3376.09,100
2920,10:00:18,$ 3376.00,100
2921,10:00:18,$ 3376.01,100
2922,10:00:18,$ 3376.01,100
2923,10:00:13,$ 3377.05,150
2924,10:00:10,$ 3377.0478,405
2925,10:00:09,$ 3377.00,250
2926,10:00:09,$ 3376.15,100
2927,10:00:08,$ 3376.11,100
2928,10:00:02,$ 3376.00,129
2929,10:00:02,$ 3375.672,115
2931,10:59:59,$ 3366.87,100
2932,10:59:59,$ 3366.87,100
2933,10:59:59,$ 3367.00,100
2934,10:59:59,$ 3366.87,200
2935,10:59:58,$ 3367.81,100
2936,10:59:58,$ 3367.65,100
2937,10:59:58,$ 3367.67,100
2938,10:59:40,$ 3366.9622,100
2939,10:59:33,$ 3367.24,100
2940,10:59:19,$ 3366.735,250
2941,10:58:57,$ 3366.065,100
2942,10:58:57,$ 3366.32,100
2943,10:58:46,$ 3366.00,100
2944,10:58:32,$ 3365.925,100
2945,10:58:25,$ 3365.335,100
2946,10:58:24,$ 3365.335,100
2947,10:58:22,$ 3365.42,100
2948,10:58:22,$ 3365.42,100
2949,10:58:16,$ 3364.5749,200
2950,10:58:06,$ 3365.03,100
2952,10:58:01,$ 3365.036,100
2953,10:57:52,$ 3364.20,100
2954,10:57:48,$ 3363.92,150
2955,10:57:37,$ 3364.2075,100
2956,10:57:17,$ 3364.10,100
2957,10:57:10,$ 3363.4087,377
2958,10:57:10,$ 3363.31,100
2959,10:57:10,$ 3363.35,100
2960,10:57:10,$ 3363.43,100
2961,10:57:04,$ 3363.37,100
2962,10:56:57,$ 3363.8495,100
2963,10:56:34,$ 3363.51,100
2964,10:56:33,$ 3363.61,100
2965,10:56:09,$ 3363.99,100
2966,10:56:09,$ 3364.00,100
2967,10:56:05,$ 3363.7533,150
2968,10:56:03,$ 3363.6596,200
2969,10:55:34,$ 3363.9555,165
2970,10:55:29,$ 3364.1999,300
2971,10:55:24,$ 3364.12,125
2973,10:55:24,$ 3363.6981,208
2974,10:55:24,$ 3364.00,100
2975,10:55:24,$ 3363.99,100
2976,10:55:24,$ 3363.09,100
2977,10:55:09,$ 3364.00,352
2978,10:55:09,$ 3363.80,100
2979,10:55:04,$ 3364.325,200
2980,10:54:55,$ 3364.58,100
2981,10:54:55,$ 3364.65,100
2982,10:54:55,$ 3364.815,100
2983,10:54:55,$ 3365.00,100
2984,10:54:52,$ 3364.37,100
2985,10:54:52,$ 3364.37,100
2986,10:54:52,$ 3364.37,100
2987,10:54:52,$ 3364.37,100
2988,10:54:52,$ 3364.37,150
2989,10:54:52,$ 3364.37,100
2990,10:54:52,$ 3363.64,100
2991,10:54:52,$ 3363.695,100
2992,10:54:52,$ 3363.98,100
2994,10:54:52,$ 3363.62,100
2995,10:54:52,$ 3363.67,100
2996,10:54:42,$ 3363.826,480
2997,10:54:42,$ 3363.826,516
2998,10:54:39,$ 3364.35,100
2999,10:54:39,$ 3364.65,100
3000,10:54:39,$ 3364.00,110
3001,10:54:36,$ 3363.6099,100
3002,10:54:32,$ 3363.00,205
3003,10:54:32,$ 3363.01,135
3004,10:54:32,$ 3363.01,121
3005,10:54:31,$ 3362.90,100
3006,10:54:17,$ 3362.005,100
3007,10:54:13,$ 3361.46,100
3008,10:54:03,$ 3361.535,100
3009,10:53:36,$ 3360.72,124
3010,10:53:36,$ 3360.35,100
3011,10:53:27,$ 3360.50,101
3012,10:53:23,$ 3360.00,100
3013,10:53:17,$ 3359.6832,100
3015,10:53:05,$ 3360.33,100
3016,10:53:01,$ 3358.51,100
3017,10:53:01,$ 3358.52,200
3018,10:53:01,$ 3358.505,222
3019,10:52:46,$ 3357.87,500
3020,10:52:30,$ 3357.9499,100
3021,10:52:02,$ 3357.4048,540
3022,10:51:47,$ 3357.1217,150
3023,10:51:34,$ 3356.50,200
3024,10:51:06,$ 3356.355,150
3025,10:50:57,$ 3355.97,100
3026,10:50:39,$ 3355.99,100
3027,10:50:21,$ 3356.31,100
3028,10:50:09,$ 3356.105,100
3029,10:49:34,$ 3356.975,100
3030,10:49:05,$ 3356.735,100
3031,10:49:05,$ 3356.74,100
3032,10:48:58,$ 3355.4922,100
3033,10:48:47,$ 3355.1274,153
3034,10:48:18,$ 3355.38,234
3036,10:48:18,$ 3355.39,100
3037,10:48:18,$ 3355.39,100
3038,10:48:18,$ 3355.05,100
3039,10:48:16,$ 3353.71,100
3040,10:48:16,$ 3353.80,100
3041,10:48:13,$ 3353.94,100
3042,10:48:00,$ 3355.95,100
3043,10:48:00,$ 3355.95,100
3044,10:47:36,$ 3355.86,150
3045,10:47:23,$ 3356.67,125
3046,10:47:17,$ 3356.29,100
3047,10:47:14,$ 3356.40,100
3048,10:47:14,$ 3356.40,100
3049,10:47:14,$ 3357.09,100
3050,10:47:14,$ 3357.012,200
3051,10:47:11,$ 3357.46,100
3052,10:46:30,$ 3358.045,100
3053,10:46:30,$ 3358.13,100
3054,10:46:22,$ 3357.69,250
3055,10:46:07,$ 3356.01,100
3057,10:46:07,$ 3356.01,100
3058,10:46:07,$ 3356.00,200
3059,10:46:07,$ 3356.00,100
3060,10:46:07,$ 3356.51,100
3061,10:46:03,$ 3357.60,100
3062,10:45:46,$ 3357.50,100
3063,10:45:32,$ 3358.5459,110
3064,10:45:12,$ 3357.75,493
3065,10:45:12,$ 3357.75,100
3066,10:45:02,$ 3358.56,100
3067,10:45:01,$ 3359.26,140
3068,10:44:58,$ 3359.00,400
3069,10:44:47,$ 3357.97,100
3070,10:44:28,$ 3358.625,100
3071,10:44:17,$ 3358.55,100
3072,10:44:01,$ 3358.38,100
3073,10:43:50,$ 3358.23,100
3074,10:43:33,$ 3358.98,100
3075,10:43:27,$ 3358.90,100
3076,10:43:17,$ 3358.4016,278
3078,10:42:28,$ 3359.45,100
3079,10:41:15,$ 3360.425,100
3080,10:41:00,$ 3360.58,200
3081,10:41:00,$ 3360.81,100
3082,10:40:56,$ 3361.73,100
3083,10:40:45,$ 3361.8575,100
3084,10:40:27,$ 3361.71,100
3085,10:40:27,$ 3361.71,100
3086,10:40:17,$ 3361.884,100
3087,10:40:15,$ 3361.655,100
3088,10:40:14,$ 3361.18,100
3089,10:40:11,$ 3361.55,100
3090,10:40:11,$ 3361.485,100
3091,10:40:06,$ 3361.485,100
3092,10:40:03,$ 3360.88,100
3093,10:39:47,$ 3360.99,200
3094,10:39:32,$ 3360.74,100
3095,10:39:32,$ 3360.99,100
3096,10:39:32,$ 3360.71,100
3097,10:39:32,$ 3360.75,100
3099,10:39:25,$ 3360.665,600
3100,10:39:05,$ 3361.17,100
3101,10:38:56,$ 3360.51,100
3102,10:38:50,$ 3360.225,100
3103,10:38:49,$ 3360.24,100
3104,10:38:49,$ 3360.10,100
3105,10:38:49,$ 3359.92,100
3106,10:38:49,$ 3359.59,100
3107,10:38:49,$ 3359.59,100
3108,10:38:46,$ 3359.90,100
3109,10:38:35,$ 3359.44,100
3110,10:38:35,$ 3359.26,100
3111,10:38:27,$ 3359.33,100
3112,10:38:26,$ 3358.53,100
3113,10:38:08,$ 3358.17,100
3114,10:38:02,$ 3359.8562,102
3115,10:38:00,$ 3358.55,100
3116,10:37:59,$ 3357.935,100
3117,10:37:56,$ 3358.22,100
3118,10:37:52,$ 3358.17,100
3120,10:37:44,$ 3357.745,150
3121,10:37:41,$ 3357.75,100
3122,10:37:41,$ 3357.90,100
3123,10:37:38,$ 3357.99,300
3124,10:37:35,$ 3357.01,100
3125,10:37:33,$ 3357.97,100
3126,10:37:32,$ 3357.75,123
3127,10:37:21,$ 3357.25,100
3128,10:37:17,$ 3358.04,100
3129,10:37:17,$ 3358.16,200
3130,10:37:17,$ 3358.04,100
3131,10:37:15,$ 3358.87,100
3132,10:37:07,$ 3358.00,159
3133,10:36:58,$ 3359.44,100
3134,10:36:58,$ 3359.44,100
3135,10:36:58,$ 3359.49,100
3136,10:36:58,$ 3359.45,100
3137,10:36:56,$ 3360.3769,104
3138,10:36:26,$ 3360.27,100
3139,10:36:26,$ 3360.28,100
3141,10:36:26,$ 3360.44,100
3142,10:36:24,$ 3360.00,100
3143,10:36:19,$ 3359.28,100
3144,10:36:12,$ 3359.27,100
3145,10:36:12,$ 3359.33,100
3146,10:36:04,$ 3360.505,100
3147,10:36:04,$ 3359.84,100
3148,10:36:04,$ 3359.89,100
3149,10:36:04,$ 3360.00,100
3150,10:36:04,$ 3360.00,116
3151,10:35:53,$ 3360.14,100
3152,10:35:38,$ 3361.00,124
3153,10:35:37,$ 3361.47,100
3154,10:35:29,$ 3362.32,132
3155,10:35:22,$ 3361.745,100
3156,10:35:17,$ 3361.675,500
3157,10:35:05,$ 3361.55,100
3158,10:35:05,$ 3361.58,100
3159,10:35:05,$ 3361.59,100
3160,10:35:04,$ 3362.355,100
3162,10:34:58,$ 3362.39,100
3163,10:34:51,$ 3362.17,100
3164,10:34:51,$ 3362.05,100
3165,10:33:20,$ 3364.00,100
3166,10:32:53,$ 3365.07,100
3167,10:32:49,$ 3365.00,100
3168,10:32:49,$ 3365.10,100
3169,10:32:42,$ 3365.335,100
3170,10:32:35,$ 3365.00,200
3171,10:32:29,$ 3365.11,100
3172,10:32:24,$ 3365.269,250
3173,10:32:23,$ 3365.495,100
3174,10:32:23,$ 3365.495,100
3175,10:32:23,$ 3365.495,100
3176,10:32:23,$ 3365.495,100
3177,10:32:23,$ 3365.495,100
3178,10:32:23,$ 3365.495,100
3179,10:32:23,$ 3365.59,100
3180,10:32:20,$ 3365.24,100
3181,10:32:20,$ 3365.24,100
3183,10:32:14,$ 3366.525,200
3184,10:32:11,$ 3367.12,100
3185,10:32:11,$ 3367.11,100
3186,10:32:10,$ 3367.02,100
3187,10:32:10,$ 3367.02,100
3188,10:32:10,$ 3367.625,100
3189,10:32:10,$ 3367.69,100
3190,10:31:55,$ 3367.63,100
3191,10:31:35,$ 3366.81,100
3192,10:31:07,$ 3366.40,100
3193,10:31:03,$ 3366.37,100
3194,10:30:50,$ 3366.755,150
3195,10:30:47,$ 3364.78,100
3196,10:30:43,$ 3364.11,100
3197,10:30:43,$ 3364.76,100
3198,10:30:43,$ 3364.50,891
3199,10:30:43,$ 3364.49,100
3200,10:30:16,$ 3364.37,100
3201,10:30:15,$ 3364.40,100
3202,10:30:12,$ 3364.835,150
3204,10:30:11,$ 3364.50,100
3205,10:30:11,$ 3364.50,100
3206,10:30:11,$ 3364.51,107
3208,11:29:18,$ 3365.5087,100
3209,11:28:47,$ 3365.09,100
3210,11:28:39,$ 3365.185,100
3211,11:28:39,$ 3365.12,100
3212,11:28:18,$ 3365.73,100
3213,11:27:44,$ 3365.265,100
3214,11:27:09,$ 3363.8879,100
3215,11:26:58,$ 3363.63,100
3216,11:26:24,$ 3363.62,100
3217,11:26:10,$ 3363.0201,100
3218,11:25:56,$ 3363.505,100
3219,11:25:38,$ 3363.75,100
3220,11:25:24,$ 3363.72,100
3221,11:25:11,$ 3364.2577,123
3222,11:25:06,$ 3363.81,100
3223,11:23:21,$ 3364.48,100
3224,11:22:51,$ 3365.58,100
3225,11:22:24,$ 3364.54,100
3226,11:21:55,$ 3366.335,100
3227,11:21:55,$ 3365.68,188
3229,11:21:30,$ 3365.96,100
3230,11:21:30,$ 3365.96,100
3231,11:21:30,$ 3365.9699,100
3232,11:21:05,$ 3366.10,100
3233,11:20:46,$ 3367.33,100
3234,11:20:43,$ 3366.7091,100
3235,11:20:21,$ 3366.40,100
3236,11:20:12,$ 3365.95,100
3237,11:19:27,$ 3366.00,100
3238,11:18:53,$ 3366.00,100
3239,11:18:12,$ 3367.11,100
3240,11:17:40,$ 3367.45,100
3241,11:17:21,$ 3367.45,100
3242,11:17:19,$ 3367.29,125
3243,11:17:19,$ 3367.27,100
3244,11:17:19,$ 3367.24,100
3245,11:17:17,$ 3366.64,100
3246,11:17:15,$ 3366.66,100
3247,11:15:00,$ 3365.00,207
3248,11:14:08,$ 3363.685,100
3250,11:12:48,$ 3364.33,100
3251,11:12:32,$ 3363.10,100
3252,11:11:28,$ 3360.1459,100
3253,11:11:27,$ 3360.51,100
3254,11:10:44,$ 3360.61,100
3255,11:10:07,$ 3359.77,100
3256,11:09:06,$ 3360.10,"1,300"
3257,11:08:01,$ 3362.10,390
3258,11:07:32,$ 3361.9501,100
3259,11:07:25,$ 3362.51,100
3260,11:07:18,$ 3363.11,100
3261,11:06:05,$ 3362.78,100
3262,11:06:05,$ 3363.085,100
3263,11:05:50,$ 3362.3579,175
3264,11:05:44,$ 3361.76,100
3265,11:05:35,$ 3361.47,100
3266,11:05:13,$ 3362.25,100
3267,11:05:07,$ 3361.6825,115
3268,11:04:57,$ 3362.98,100
3269,11:04:57,$ 3362.51,100
3271,11:04:57,$ 3362.51,100
3272,11:04:51,$ 3362.67,200
3273,11:04:31,$ 3363.96,100
3274,11:04:14,$ 3363.69,150
3275,11:04:08,$ 3363.88,100
3276,11:04:08,$ 3364.02,100
3277,11:03:41,$ 3364.846,109
3278,11:03:40,$ 3365.36,100
3279,11:03:37,$ 3364.97,100
3280,11:03:29,$ 3365.51,200
3281,11:03:29,$ 3365.99,178
3282,11:02:59,$ 3365.9983,150
3283,11:02:40,$ 3365.8199,100
3284,11:02:34,$ 3365.67,100
3285,11:02:20,$ 3365.625,100
3286,11:02:14,$ 3364.5236,141
3287,11:02:14,$ 3364.5236,251
3288,11:02:14,$ 3365.101,100
3289,11:02:08,$ 3365.525,200
3290,11:02:08,$ 3365.5263,800
3292,11:02:06,$ 3365.09,100
3293,11:02:05,$ 3365.4575,100
3294,11:02:02,$ 3365.43,100
3295,11:02:02,$ 3365.00,800
3296,11:01:48,$ 3366.23,100
3297,11:01:47,$ 3366.33,100
3298,11:01:13,$ 3366.86,100
3299,11:01:13,$ 3366.86,100
3300,11:01:01,$ 3367.46,100
3301,11:00:53,$ 3366.54,100
3302,11:00:53,$ 3366.54,100
3303,11:00:36,$ 3367.2589,400
3304,11:00:32,$ 3367.431,100
3305,11:00:19,$ 3367.03,134
3306,11:00:02,$ 3367.49,100
3307,11:00:02,$ 3367.50,125
3308,11:00:02,$ 3367.50,100
3309,11:00:02,$ 3367.48,100
3310,11:00:01,$ 3366.99,100
3312,11:58:34,$ 3368.87,100
3313,11:58:31,$ 3368.95,180
3314,11:57:56,$ 3367.86,100
3315,11:57:53,$ 3368.425,100
3316,11:57:13,$ 3369.07,100
3317,11:56:28,$ 3369.10,100
3318,11:55:41,$ 3368.9817,296
3319,11:55:41,$ 3368.9817,234
3320,11:55:41,$ 3368.98,100
3321,11:55:22,$ 3369.05,100
3322,11:55:13,$ 3370.00,172
3323,11:55:08,$ 3370.03,100
3324,11:54:42,$ 3370.00,210
3325,11:54:23,$ 3370.00,170
3326,11:53:44,$ 3369.565,100
3327,11:53:25,$ 3369.7984,101
3328,11:53:15,$ 3369.53,300
3329,11:53:15,$ 3369.80,100
3330,11:53:04,$ 3369.235,100
3331,11:53:04,$ 3369.50,100
3333,11:52:06,$ 3368.56,100
3334,11:52:06,$ 3368.59,100
3335,11:51:54,$ 3369.0376,150
3336,11:51:47,$ 3367.82,100
3337,11:51:22,$ 3367.77,100
3338,11:50:49,$ 3367.24,100
3339,11:50:27,$ 3367.68,100
3340,11:50:24,$ 3367.24,100
3341,11:50:12,$ 3368.17,100
3342,11:50:05,$ 3368.60,100
3343,11:50:02,$ 3368.62,162
3344,11:50:00,$ 3368.13,100
3345,11:50:00,$ 3367.82,100
3346,11:49:51,$ 3367.90,100
3347,11:49:45,$ 3368.235,100
3348,11:49:45,$ 3368.235,100
3349,11:49:41,$ 3368.96,100
3350,11:49:41,$ 3368.975,100
3351,11:49:41,$ 3368.93,100
3352,11:49:40,$ 3368.00,100
3354,11:49:36,$ 3368.04,100
3355,11:49:36,$ 3368.04,100
3356,11:49:34,$ 3369.004,100
3357,11:49:23,$ 3368.57,100
3358,11:49:23,$ 3368.00,100
3359,11:49:23,$ 3368.00,100
3360,11:49:23,$ 3368.00,100
3361,11:49:21,$ 3367.80,100
3362,11:49:21,$ 3367.76,100
3363,11:49:21,$ 3367.57,100
3364,11:49:21,$ 3367.00,894
3365,11:49:17,$ 3366.635,100
3366,11:49:17,$ 3366.635,100
3367,11:48:57,$ 3365.99,100
3368,11:48:31,$ 3365.90,100
3369,11:47:59,$ 3365.14,100
3370,11:47:58,$ 3364.18,100
3371,11:47:51,$ 3365.155,100
3372,11:47:48,$ 3364.90,100
3373,11:47:30,$ 3365.02,100
3375,11:47:26,$ 3364.18,100
3376,11:46:53,$ 3365.04,100
3377,11:46:38,$ 3364.18,100
3378,11:45:37,$ 3364.03,100
3379,11:45:21,$ 3364.37,100
3380,11:45:21,$ 3364.70,100
3381,11:45:21,$ 3365.025,100
3382,11:45:01,$ 3364.55,100
3383,11:45:00,$ 3364.785,100
3384,11:45:00,$ 3365.45,100
3385,11:44:17,$ 3364.91,100
3386,11:44:06,$ 3364.36,100
3387,11:43:28,$ 3364.48,100
3388,11:43:26,$ 3363.80,100
3389,11:42:58,$ 3363.61,100
3390,11:42:19,$ 3363.99,100
3391,11:42:19,$ 3363.91,100
3392,11:42:19,$ 3363.51,100
3393,11:42:12,$ 3362.59,100
3394,11:41:45,$ 3362.04,100
3396,11:41:21,$ 3363.335,100
3397,11:40:50,$ 3363.265,100
3398,11:40:37,$ 3362.07,100
3399,11:40:21,$ 3364.5359,101
3400,11:39:46,$ 3363.92,100
3401,11:39:03,$ 3364.44,100
3402,11:39:00,$ 3363.49,100
3403,11:38:48,$ 3362.90,100
3404,11:38:34,$ 3363.50,100
3405,11:38:00,$ 3363.30,100
3406,11:37:56,$ 3362.5917,400
3407,11:37:46,$ 3362.775,100
3408,11:37:39,$ 3362.3301,100
3409,11:37:38,$ 3362.668,100
3410,11:37:38,$ 3363.16,100
3411,11:37:38,$ 3362.328,100
3412,11:37:38,$ 3362.73,100
3413,11:37:21,$ 3363.00,131
3414,11:37:21,$ 3363.07,100
3415,11:37:21,$ 3363.05,100
3417,11:37:21,$ 3363.04,100
3418,11:37:21,$ 3363.03,100
3419,11:36:36,$ 3363.75,184
3420,11:36:33,$ 3364.25,100
3421,11:36:22,$ 3364.30,400
3422,11:36:10,$ 3364.50,100
3423,11:36:10,$ 3364.50,100
3424,11:35:17,$ 3367.00,100
3425,11:35:09,$ 3366.8555,221
3426,11:35:07,$ 3366.87,100
3427,11:35:07,$ 3366.87,100
3428,11:35:07,$ 3366.27,100
3429,11:35:00,$ 3364.80,100
3430,11:34:56,$ 3364.53,100
3431,11:34:01,$ 3366.16,122
3432,11:34:01,$ 3365.99,100
3433,11:34:01,$ 3365.972,100
3434,11:34:01,$ 3365.98,285
3435,11:33:27,$ 3366.39,100
3436,11:32:47,$ 3365.50,100
3438,11:31:34,$ 3365.13,100
3439,11:31:24,$ 3365.31,100
3440,11:31:19,$ 3364.50,100
3442,12:29:42,$ 3367.74,100
3443,12:29:37,$ 3367.745,100
3444,12:29:31,$ 3367.75,100
3445,12:29:31,$ 3367.745,100
3446,12:29:30,$ 3367.72,100
3447,12:29:25,$ 3367.7225,100
3448,12:29:21,$ 3367.1175,100
3449,12:29:15,$ 3367.80,100
3450,12:29:13,$ 3367.75,100
3451,12:29:13,$ 3367.78,200
3452,12:29:13,$ 3367.81,100
3453,12:29:13,$ 3367.70,100
3454,12:29:13,$ 3367.74,100
3455,12:29:13,$ 3367.76,100
3456,12:29:01,$ 3367.93,100
3457,12:28:59,$ 3367.77,100
3458,12:28:59,$ 3367.77,100
3459,12:28:59,$ 3367.70,100
3460,12:28:33,$ 3367.70,100
3461,12:27:50,$ 3368.295,100
3463,12:27:29,$ 3368.37,130
3464,12:27:28,$ 3368.825,100
3465,12:26:37,$ 3368.2675,100
3466,12:26:26,$ 3368.64,100
3467,12:26:12,$ 3367.22,100
3468,12:25:42,$ 3367.09,100
3469,12:25:41,$ 3366.54,100
3470,12:25:30,$ 3366.2725,150
3471,12:24:58,$ 3366.54,260
3472,12:24:56,$ 3365.48,100
3473,12:24:56,$ 3365.48,100
3474,12:24:56,$ 3365.66,100
3475,12:24:56,$ 3365.67,100
3476,12:24:56,$ 3365.67,100
3477,12:24:56,$ 3366.02,100
3478,12:24:56,$ 3366.02,100
3479,12:24:50,$ 3365.45,100
3480,12:24:49,$ 3366.54,140
3481,12:24:38,$ 3366.42,100
3482,12:24:25,$ 3365.45,100
3484,12:23:51,$ 3366.11,100
3485,12:23:46,$ 3366.59,196
3486,12:23:22,$ 3366.04,100
3487,12:22:09,$ 3367.5249,300
3488,12:20:59,$ 3366.706,100
3489,12:20:59,$ 3366.682,100
3490,12:20:59,$ 3367.1194,255
3491,12:20:50,$ 3366.58,100
3492,12:20:47,$ 3366.57,100
3493,12:20:47,$ 3366.565,100
3494,12:20:47,$ 3365.77,100
3495,12:20:46,$ 3366.81,100
3496,12:20:46,$ 3366.81,100
3497,12:20:40,$ 3367.50,121
3498,12:20:20,$ 3367.02,600
3499,12:20:18,$ 3367.24,100
3500,12:19:54,$ 3367.91,100
3501,12:19:41,$ 3367.52,100
3502,12:19:18,$ 3367.00,100
3503,12:19:18,$ 3366.9999,100
3505,12:18:14,$ 3365.69,100
3506,12:18:09,$ 3367.23,100
3507,12:18:00,$ 3367.39,100
3508,12:17:40,$ 3367.7264,114
3509,12:17:39,$ 3367.62,100
3510,12:17:16,$ 3366.8952,100
3511,12:17:15,$ 3367.20,100
3512,12:17:08,$ 3367.575,100
3513,12:17:06,$ 3367.46,100
3514,12:17:02,$ 3367.43,100
3515,12:17:02,$ 3367.20,100
3516,12:17:02,$ 3366.01,200
3517,12:17:01,$ 3367.32,100
3518,12:17:01,$ 3367.24,100
3519,12:17:00,$ 3367.25,100
3520,12:17:00,$ 3367.20,100
3521,12:16:55,$ 3367.1989,100
3522,12:16:55,$ 3367.614,288
3523,12:16:55,$ 3367.20,100
3524,12:16:53,$ 3367.06,100
3526,12:15:49,$ 3365.65,100
3527,12:15:48,$ 3365.64,100
3528,12:15:45,$ 3366.00,900
3529,12:15:27,$ 3366.675,100
3530,12:15:16,$ 3366.78,125
3531,12:15:08,$ 3367.53,100
3532,12:15:08,$ 3366.958,100
3533,12:15:04,$ 3367.12,100
3534,12:15:04,$ 3367.39,120
3535,12:15:03,$ 3367.20,100
3536,12:15:03,$ 3367.21,100
3537,12:15:03,$ 3367.20,100
3538,12:15:01,$ 3367.58,120
3539,12:15:01,$ 3367.21,200
3540,12:14:45,$ 3366.85,100
3541,12:14:40,$ 3367.205,100
3542,12:14:38,$ 3367.4384,100
3543,12:14:14,$ 3366.75,100
3544,12:13:17,$ 3367.04,100
3545,12:12:55,$ 3367.1901,100
3547,12:12:41,$ 3367.22,100
3548,12:12:11,$ 3367.32,100
3549,12:10:56,$ 3367.005,100
3550,12:10:51,$ 3366.62,100
3551,12:10:29,$ 3368.32,100
3552,12:10:29,$ 3368.36,100
3553,12:10:20,$ 3368.435,100
3554,12:10:04,$ 3368.15,100
3555,12:09:44,$ 3370.29,100
3556,12:09:37,$ 3369.645,100
3557,12:09:14,$ 3369.73,180
3558,12:09:06,$ 3368.67,100
3559,12:08:49,$ 3368.405,100
3560,12:08:32,$ 3367.935,100
3561,12:08:32,$ 3368.18,100
3562,12:08:32,$ 3368.01,100
3563,12:08:32,$ 3368.32,100
3564,12:08:28,$ 3368.32,100
3565,12:08:22,$ 3368.32,100
3566,12:08:20,$ 3368.32,100
3568,12:07:28,$ 3368.73,100
3569,12:07:15,$ 3368.75,100
3570,12:07:14,$ 3368.78,200
3571,12:07:00,$ 3368.78,100
3572,12:06:58,$ 3368.85,100
3573,12:06:58,$ 3368.86,102
3574,12:06:58,$ 3368.86,100
3575,12:05:49,$ 3367.2737,100
3576,12:05:43,$ 3366.3494,100
3577,12:05:39,$ 3367.03,100
3578,12:05:31,$ 3368.01,163
3579,12:05:31,$ 3368.24,100
3580,12:05:31,$ 3367.93,100
3581,12:05:31,$ 3367.94,100
3582,12:05:02,$ 3368.17,100
3583,12:04:50,$ 3368.14,100
3584,12:04:44,$ 3368.8233,100
3585,12:04:31,$ 3367.7169,100
3586,12:04:13,$ 3368.285,100
3587,12:04:06,$ 3368.87,100
3589,12:03:34,$ 3366.7699,500
3590,12:03:34,$ 3366.7699,100
3591,12:03:26,$ 3366.28,100
3592,12:03:06,$ 3365.94,100
3593,12:02:50,$ 3366.64,100
3594,12:02:50,$ 3367.07,100
3595,12:02:31,$ 3367.165,100
3596,12:02:23,$ 3367.60,100
3597,12:01:59,$ 3367.795,100
3599,12:59:14,$ 3366.31,100
3600,12:59:08,$ 3365.84,100
3601,12:58:08,$ 3365.99,100
3602,12:56:41,$ 3367.305,100
3603,12:56:04,$ 3367.04,"1,000"
3604,12:56:01,$ 3366.72,100
3605,12:56:01,$ 3366.71,100
3606,12:56:01,$ 3366.65,100
3607,12:55:18,$ 3366.5975,100
3608,12:55:17,$ 3366.605,100
3609,12:53:39,$ 3365.9857,250
3610,12:53:29,$ 3366.7337,100
3611,12:53:22,$ 3366.96,100
3612,12:53:00,$ 3366.59,200
3613,12:53:00,$ 3366.65,100
3614,12:52:59,$ 3364.7301,100
3615,12:52:43,$ 3367.00,800
3616,12:52:43,$ 3366.72,100
3617,12:52:43,$ 3366.83,100
3618,12:52:43,$ 3366.59,100
3620,12:52:43,$ 3366.59,100
3621,12:52:43,$ 3366.655,100
3622,12:52:43,$ 3366.59,100
3623,12:52:43,$ 3366.95,148
3624,12:52:23,$ 3366.47,100
3625,12:51:59,$ 3366.47,100
3626,12:50:45,$ 3365.925,100
3627,12:50:11,$ 3365.72,200
3628,12:49:11,$ 3365.36,100
3629,12:48:28,$ 3366.4767,123
3630,12:48:03,$ 3365.55,100
3631,12:47:34,$ 3365.34,100
3632,12:47:34,$ 3364.38,100
3633,12:47:26,$ 3364.12,100
3634,12:47:26,$ 3364.13,100
3635,12:47:26,$ 3364.13,100
3636,12:47:26,$ 3364.30,100
3637,12:47:26,$ 3365.00,100
3638,12:47:26,$ 3365.00,100
3639,12:47:10,$ 3365.975,100
3641,12:47:08,$ 3365.975,100
3642,12:46:29,$ 3366.44,100
3643,12:46:18,$ 3366.38,100
3644,12:44:16,$ 3366.87,100
3645,12:43:58,$ 3366.36,100
3646,12:42:24,$ 3366.96,100
3647,12:40:42,$ 3366.63,100
3648,12:39:58,$ 3366.00,100
3649,12:39:57,$ 3367.09,100
3650,12:39:56,$ 3367.155,100
3651,12:39:56,$ 3366.95,100
3652,12:39:56,$ 3366.97,100
3653,12:39:56,$ 3366.495,100
3654,12:39:38,$ 3366.57,100
3655,12:39:32,$ 3366.00,100
3656,12:39:26,$ 3366.625,100
3657,12:39:08,$ 3366.60,100
3658,12:39:04,$ 3367.10,100
3659,12:38:56,$ 3367.425,100
3660,12:38:56,$ 3367.83,100
3662,12:38:21,$ 3367.37,100
3663,12:38:21,$ 3367.50,100
3664,12:37:08,$ 3367.58,100
3665,12:37:07,$ 3367.60,100
3666,12:37:07,$ 3367.61,100
3667,12:36:47,$ 3368.19,100
3668,12:36:47,$ 3368.20,100
3669,12:36:42,$ 3367.62,174
3670,12:36:09,$ 3367.44,100
3671,12:35:39,$ 3368.22,100
3672,12:35:13,$ 3367.57,100
3673,12:34:51,$ 3367.755,100
3674,12:34:49,$ 3368.53,100
3675,12:34:48,$ 3368.54,100
3676,12:34:38,$ 3368.54,100
3677,12:33:14,$ 3366.80,100
3678,12:33:03,$ 3366.80,100
3679,12:32:51,$ 3367.00,100
3680,12:32:39,$ 3367.00,100
3681,12:32:12,$ 3366.00,100
3683,12:32:02,$ 3367.72,100
3684,12:31:53,$ 3366.90,100
3685,12:31:53,$ 3366.99,100
3686,12:31:52,$ 3366.93,100
3687,12:31:46,$ 3366.755,100
3688,12:31:46,$ 3366.86,100
3689,12:31:46,$ 3366.91,100
3690,12:31:46,$ 3366.91,100
3691,12:31:46,$ 3366.91,100
3692,12:31:46,$ 3366.91,100
3693,12:31:46,$ 3366.91,100
3694,12:31:46,$ 3366.91,100
3695,12:31:46,$ 3366.91,100
3696,12:31:46,$ 3366.91,100
3697,12:31:46,$ 3366.60,100
3698,12:31:46,$ 3366.80,100
3699,12:31:46,$ 3366.62,100
3700,12:31:46,$ 3366.765,100
3701,12:31:30,$ 3366.275,100
3702,12:31:28,$ 3365.92,100
3704,12:30:43,$ 3366.45,100
3706,13:29:46,$ 3362.99,100
3707,13:29:24,$ 3363.02,100
3708,13:29:14,$ 3364.16,100
3709,13:29:10,$ 3363.80,100
3710,13:28:51,$ 3363.84,100
3711,13:28:42,$ 3362.93,100
3712,13:28:11,$ 3362.095,100
3713,13:27:12,$ 3363.33,100
3714,13:26:57,$ 3364.09,100
3715,13:26:53,$ 3364.4928,200
3716,13:25:48,$ 3363.205,100
3717,13:25:46,$ 3362.70,100
3718,13:22:58,$ 3363.00,634
3719,13:22:57,$ 3363.00,109
3720,13:22:56,$ 3363.02,100
3721,13:22:16,$ 3363.64,100
3722,13:21:17,$ 3363.29,100
3723,13:21:17,$ 3362.80,100
3724,13:21:15,$ 3362.52,100
3725,13:21:00,$ 3362.46,100
3727,13:20:41,$ 3361.55,100
3728,13:20:40,$ 3361.58,100
3729,13:20:40,$ 3361.58,100
3730,13:20:40,$ 3361.5505,200
3731,13:20:40,$ 3361.7804,400
3732,13:20:40,$ 3361.5538,100
3733,13:20:40,$ 3361.60,100
3734,13:20:40,$ 3361.58,100
3735,13:20:40,$ 3361.69,100
3736,13:20:40,$ 3361.58,100
3737,13:20:40,$ 3361.58,100
3738,13:20:00,$ 3362.00,100
3739,13:18:22,$ 3363.355,100
3740,13:18:22,$ 3363.14,100
3741,13:17:25,$ 3362.69,200
3742,13:17:13,$ 3362.75,112
3743,13:16:54,$ 3363.37,100
3744,13:16:48,$ 3363.225,100
3745,13:16:31,$ 3363.77,100
3746,13:16:30,$ 3364.00,100
3748,13:16:29,$ 3364.10,100
3749,13:16:28,$ 3364.4582,100
3750,13:16:21,$ 3364.88,100
3751,13:16:21,$ 3364.99,188
3752,13:16:06,$ 3365.04,100
3753,13:14:37,$ 3365.2199,100
3754,13:14:23,$ 3364.95,100
3755,13:14:22,$ 3365.20,100
3756,13:14:04,$ 3365.91,100
3757,13:13:54,$ 3365.685,100
3758,13:13:31,$ 3365.8427,147
3759,13:12:49,$ 3365.68,100
3760,13:11:54,$ 3365.85,100
3761,13:11:20,$ 3366.07,100
3762,13:11:13,$ 3366.225,100
3763,13:10:57,$ 3365.695,100
3764,13:10:56,$ 3365.645,100
3765,13:09:31,$ 3365.72,100
3766,13:09:04,$ 3366.0325,100
3767,13:08:15,$ 3366.33,100
3769,13:08:15,$ 3366.33,100
3770,13:08:01,$ 3366.11,100
3771,13:08:01,$ 3366.68,100
3772,13:08:01,$ 3366.085,100
3773,13:08:01,$ 3366.00,100
3774,13:07:04,$ 3366.00,100
3775,13:07:00,$ 3366.00,100
3776,13:06:35,$ 3365.53,100
3777,13:06:33,$ 3365.54,100
3778,13:06:26,$ 3366.24,100
3779,13:06:18,$ 3366.37,100
3780,13:06:16,$ 3366.37,100
3781,13:06:05,$ 3366.48,100
3782,13:05:57,$ 3366.47,100
3783,13:04:53,$ 3365.44,100
3784,13:04:13,$ 3366.00,117
3785,13:04:13,$ 3366.12,100
3786,13:03:58,$ 3366.13,100
3787,13:03:58,$ 3368.20,100
3788,13:03:58,$ 3367.85,100
3790,13:03:58,$ 3367.85,100
3791,13:03:58,$ 3367.67,100
3792,13:03:58,$ 3367.66,100
3793,13:03:58,$ 3367.65,100
3794,13:03:26,$ 3368.38,100
3795,13:03:15,$ 3368.35,100
3796,13:02:20,$ 3367.4315,172
3797,13:02:16,$ 3368.00,100
3798,13:01:36,$ 3366.59,100
3799,13:01:35,$ 3367.42,100
3800,13:01:03,$ 3366.23,100
3802,13:59:30,$ 3366.83,100
3803,13:59:22,$ 3367.415,100
3804,13:58:25,$ 3367.20,100
3805,13:57:27,$ 3365.465,200
3806,13:57:20,$ 3365.27,200
3807,13:57:20,$ 3365.03,100
3808,13:57:20,$ 3365.03,100
3809,13:57:20,$ 3365.48,100
3810,13:57:20,$ 3365.25,200
3811,13:57:20,$ 3365.21,100
3812,13:56:02,$ 3366.55,121
3813,13:55:55,$ 3366.00,100
3814,13:53:37,$ 3366.62,100
3815,13:53:16,$ 3366.94,100
3816,13:53:15,$ 3367.51,100
3817,13:52:24,$ 3366.52,100
3818,13:52:00,$ 3366.84,100
3819,13:52:00,$ 3366.845,100
3820,13:51:41,$ 3367.40,100
3821,13:51:40,$ 3367.41,100
3823,13:51:40,$ 3367.41,100
3824,13:51:39,$ 3367.62,100
3825,13:51:39,$ 3367.95,100
3826,13:51:31,$ 3367.855,100
3827,13:51:31,$ 3367.855,100
3828,13:51:29,$ 3367.855,100
3829,13:51:28,$ 3368.58,"1,000"
3830,13:51:27,$ 3368.505,100
3831,13:51:26,$ 3368.49,100
3832,13:50:38,$ 3368.71,100
3833,13:50:15,$ 3368.96,100
3834,13:49:17,$ 3368.37,100
3835,13:48:51,$ 3368.755,"1,000"
3836,13:48:44,$ 3368.88,100
3837,13:48:39,$ 3369.15,100
3838,13:48:16,$ 3368.5136,500
3839,13:48:14,$ 3368.055,100
3840,13:48:10,$ 3368.00,200
3841,13:47:35,$ 3368.00,234
3842,13:46:47,$ 3367.26,100
3844,13:46:47,$ 3366.57,100
3845,13:45:55,$ 3365.2501,100
3846,13:45:01,$ 3365.43,100
3847,13:45:00,$ 3365.38,100
3848,13:44:14,$ 3365.98,100
3849,13:44:13,$ 3365.8217,162
3850,13:43:41,$ 3365.62,100
3851,13:43:41,$ 3366.085,100
3852,13:42:37,$ 3365.5404,100
3853,13:42:32,$ 3365.93,100
3854,13:38:18,$ 3365.21,100
3855,13:38:13,$ 3365.20,225
3856,13:37:49,$ 3364.67,100
3857,13:37:32,$ 3364.35,100
3858,13:36:59,$ 3364.305,100
3859,13:34:43,$ 3364.70,100
3860,13:34:42,$ 3364.52,301
3861,13:34:24,$ 3363.91,100
3862,13:32:57,$ 3363.84,100
3863,13:31:52,$ 3363.59,100
3865,13:30:41,$ 3364.00,135
3867,14:29:39,$ 3363.025,100
3868,14:29:39,$ 3363.045,100
3869,14:29:32,$ 3363.73,100
3870,14:29:32,$ 3363.00,100
3871,14:29:31,$ 3363.191,100
3872,14:29:31,$ 3363.0035,100
3873,14:29:31,$ 3362.335,100
3874,14:29:31,$ 3362.26,100
