,NLS Time (ET),NLS Price,NLS Share Volume
1,09:59:58,$ 3362.9999,200
2,09:59:56,$ 3361.45,100
3,09:59:53,$ 3362.00,100
4,09:59:49,$ 3362.4146,192
5,09:59:48,$ 3362.41,100
6,09:59:28,$ 3363.005,100
7,09:59:26,$ 3363.25,231
8,09:59:18,$ 3365.00,200
9,09:59:16,$ 3362.09,100
10,09:59:15,$ 3363.98,200
11,09:59:14,$ 3363.12,100
12,09:59:12,$ 3363.00,240
13,09:59:12,$ 3363.03,100
14,09:59:12,$ 3362.98,100
15,09:59:12,$ 3362.75,100
16,09:59:12,$ 3362.75,100
17,09:58:49,$ 3361.95,100
18,09:58:40,$ 3361.39,100
19,09:58:36,$ 3360.7601,100
20,09:58:23,$ 3362.14,100
22,09:58:21,$ 3363.07,100
23,09:58:17,$ 3363.0357,295
24,09:58:14,$ 3362.5952,200
25,09:58:13,$ 3362.1025,100
26,09:57:54,$ 3362.00,100
27,09:57:29,$ 3363.975,200
28,09:57:20,$ 3365.06,100
29,09:56:53,$ 3363.875,200
30,09:56:46,$ 3364.31,100
31,09:56:39,$ 3364.08,100
32,09:56:32,$ 3364.38,100
33,09:56:32,$ 3364.40,100
34,09:56:32,$ 3364.95,100
35,09:56:28,$ 3364.80,100
36,09:56:24,$ 3364.79,100
37,09:56:16,$ 3364.94,100
38,09:56:16,$ 3365.3729,100
39,09:56:16,$ 3363.83,100
40,09:56:08,$ 3361.08,109
41,09:56:05,$ 3363.8825,100
43,09:56:03,$ 3364.32,100
44,09:56:03,$ 3364.02,100
45,09:56:02,$ 3363.97,100
46,09:55:56,$ 3364.01,110
47,09:55:56,$ 3363.52,100
48,09:55:54,$ 3363.958,100
49,09:55:54,$ 3364.0125,200
50,09:55:52,$ 3362.67,100
51,09:55:36,$ 3360.99,348
52,09:55:35,$ 3360.79,100
53,09:55:26,$ 3358.3773,100
54,09:55:23,$ 3359.00,105
55,09:55:11,$ 3360.50,100
56,09:55:11,$ 3360.50,150
57,09:55:11,$ 3360.50,111
58,09:55:10,$ 3361.13,100
59,09:55:08,$ 3361.68,100
60,09:55:08,$ 3363.1575,100
61,09:55:08,$ 3363.1225,100
62,09:55:03,$ 3360.9097,106
64,09:55:03,$ 3361.88,100
65,09:55:03,$ 3361.875,100
66,09:54:57,$ 3360.21,100
67,09:54:51,$ 3360.10,100
68,09:54:46,$ 3359.51,100
69,09:54:46,$ 3359.99,100
70,09:54:42,$ 3360.20,100
71,09:54:34,$ 3358.75,100
72,09:54:34,$ 3358.75,100
73,09:54:31,$ 3360.60,100
74,09:54:31,$ 3360.60,104
75,09:54:29,$ 3358.725,100
76,09:54:28,$ 3358.725,100
77,09:54:26,$ 3361.05,100
78,09:54:26,$ 3361.00,113
79,09:54:26,$ 3361.30,100
80,09:54:22,$ 3361.20,100
81,09:54:18,$ 3362.97,100
82,09:54:17,$ 3364.6906,199
83,09:54:17,$ 3362.98,100
85,09:54:17,$ 3362.87,100
86,09:54:17,$ 3362.68,100
87,09:54:17,$ 3362.68,100
88,09:54:15,$ 3362.58,188
89,09:54:13,$ 3362.94,100
90,09:54:09,$ 3361.525,100
91,09:54:07,$ 3362.70,100
92,09:54:01,$ 3361.17,100
93,09:54:01,$ 3360.13,100
94,09:54:00,$ 3361.00,100
95,09:53:59,$ 3361.37,100
96,09:53:52,$ 3362.08,240
97,09:53:47,$ 3361.0801,500
98,09:53:46,$ 3361.31,100
99,09:53:41,$ 3362.225,100
100,09:53:41,$ 3362.89,100
101,09:53:40,$ 3362.02,100
102,09:53:37,$ 3361.11,100
103,09:53:36,$ 3361.13,100
104,09:53:34,$ 3362.6992,289
106,09:53:34,$ 3362.6992,860
107,09:53:34,$ 3361.73,100
108,09:53:34,$ 3360.15,100
109,09:53:29,$ 3361.145,100
110,09:53:22,$ 3362.17,100
111,09:53:18,$ 3363.04,234
112,09:53:17,$ 3362.19,100
113,09:53:17,$ 3363.4186,100
114,09:53:14,$ 3362.98,200
115,09:53:12,$ 3361.57,100
116,09:53:11,$ 3361.02,100
117,09:53:04,$ 3362.43,100
118,09:52:48,$ 3363.315,100
119,09:52:43,$ 3364.49,100
120,09:52:42,$ 3362.4675,100
121,09:52:42,$ 3363.315,100
122,09:52:42,$ 3362.4798,150
123,09:52:36,$ 3363.29,100
124,09:52:33,$ 3362.03,100
125,09:52:32,$ 3362.285,100
127,09:52:31,$ 3362.645,137
128,09:52:31,$ 3362.258,100
129,09:52:29,$ 3362.02,100
130,09:52:29,$ 3362.00,100
131,09:52:25,$ 3363.46,100
132,09:52:23,$ 3364.06,100
133,09:52:13,$ 3364.93,107
134,09:52:07,$ 3363.02,100
135,09:52:06,$ 3363.565,100
136,09:52:06,$ 3365.275,100
137,09:52:06,$ 3365.00,100
138,09:52:06,$ 3365.00,100
139,09:52:06,$ 3365.31,100
140,09:52:06,$ 3365.30,100
141,09:52:00,$ 3367.75,140
142,09:51:58,$ 3365.3501,100
143,09:51:57,$ 3367.235,100
144,09:51:56,$ 3366.00,100
145,09:51:55,$ 3366.365,100
146,09:51:51,$ 3365.1157,100
148,09:51:51,$ 3365.51,100
149,09:51:36,$ 3368.00,100
150,09:51:25,$ 3369.77,100
151,09:51:21,$ 3369.55,100
152,09:51:09,$ 3371.635,100
153,09:50:41,$ 3371.405,100
154,09:50:39,$ 3370.41,100
155,09:50:36,$ 3370.926,100
156,09:50:30,$ 3371.71,700
157,09:50:25,$ 3374.02,100
158,09:50:15,$ 3375.364,100
159,09:50:14,$ 3375.00,100
160,09:49:43,$ 3373.61,100
161,09:49:43,$ 3373.40,100
162,09:49:43,$ 3373.38,100
163,09:49:37,$ 3372.03,300
164,09:49:37,$ 3372.03,100
165,09:49:37,$ 3372.02,100
166,09:49:30,$ 3372.79,100
167,09:49:17,$ 3370.00,137
169,09:49:17,$ 3370.00,100
170,09:49:14,$ 3370.00,100
171,09:49:14,$ 3370.05,100
172,09:49:14,$ 3371.345,100
173,09:49:08,$ 3373.755,200
174,09:49:01,$ 3373.73,100
175,09:48:47,$ 3374.52,100
176,09:48:42,$ 3376.35,100
177,09:48:41,$ 3376.33,100
178,09:48:41,$ 3376.00,150
179,09:48:41,$ 3375.47,100
180,09:48:41,$ 3374.7693,100
181,09:48:36,$ 3374.62,100
182,09:48:23,$ 3373.00,217
183,09:48:23,$ 3373.00,125
184,09:48:23,$ 3371.95,100
185,09:48:14,$ 3370.54,100
186,09:48:14,$ 3371.05,100
187,09:48:08,$ 3371.515,100
188,09:48:08,$ 3371.55,100
190,09:48:06,$ 3371.66,100
191,09:48:02,$ 3370.825,100
192,09:48:02,$ 3370.95,100
193,09:48:00,$ 3372.94,150
194,09:47:54,$ 3371.75,100
195,09:47:52,$ 3371.22,100
196,09:47:52,$ 3371.17,100
197,09:47:38,$ 3370.50,100
198,09:47:38,$ 3371.11,100
199,09:47:27,$ 3371.35,100
200,09:47:27,$ 3372.345,100
201,09:47:23,$ 3372.49,171
202,09:47:21,$ 3372.49,100
203,09:47:19,$ 3372.91,100
204,09:47:01,$ 3375.13,100
205,09:46:50,$ 3375.70,200
206,09:46:49,$ 3375.33,100
207,09:46:49,$ 3375.65,100
208,09:46:42,$ 3373.80,100
209,09:46:38,$ 3373.95,100
211,09:46:38,$ 3374.23,100
212,09:46:38,$ 3374.21,100
213,09:46:26,$ 3373.05,100
214,09:46:26,$ 3373.37,100
215,09:46:12,$ 3373.155,100
216,09:46:12,$ 3373.38,100
217,09:46:10,$ 3374.19,100
218,09:46:08,$ 3373.3801,100
219,09:45:47,$ 3371.76,100
220,09:45:30,$ 3371.72,100
221,09:45:28,$ 3372.35,100
222,09:45:28,$ 3372.00,100
223,09:45:22,$ 3370.16,100
224,09:45:00,$ 3369.53,400
225,09:45:00,$ 3369.53,400
226,09:45:00,$ 3370.00,100
227,09:44:54,$ 3369.04,100
228,09:44:54,$ 3369.04,100
229,09:44:45,$ 3370.2577,250
230,09:44:43,$ 3369.79,100
232,09:44:41,$ 3370.01,100
233,09:44:41,$ 3369.92,100
234,09:44:38,$ 3369.58,400
235,09:44:38,$ 3370.00,100
236,09:44:38,$ 3370.08,100
237,09:44:37,$ 3370.975,180
238,09:44:34,$ 3370.97,100
239,09:44:34,$ 3371.94,706
240,09:44:30,$ 3370.02,100
241,09:44:29,$ 3370.715,100
242,09:44:27,$ 3369.17,100
243,09:44:27,$ 3369.17,100
244,09:44:24,$ 3368.295,100
245,09:44:23,$ 3370.66,100
246,09:44:20,$ 3371.825,100
247,09:44:20,$ 3371.78,100
248,09:44:19,$ 3370.61,100
249,09:44:14,$ 3370.02,113
250,09:44:14,$ 3367.88,100
251,09:44:14,$ 3368.255,100
253,09:44:14,$ 3368.255,100
254,09:44:14,$ 3368.26,100
255,09:44:14,$ 3368.255,100
256,09:44:10,$ 3370.27,100
257,09:44:08,$ 3370.9698,100
258,09:44:08,$ 3370.96,100
259,09:44:08,$ 3370.97,100
260,09:44:05,$ 3367.93,100
261,09:43:56,$ 3368.7376,100
262,09:43:55,$ 3368.245,100
263,09:43:48,$ 3369.25,100
264,09:43:44,$ 3368.48,100
265,09:43:40,$ 3367.05,100
266,09:43:35,$ 3368.275,250
267,09:43:33,$ 3367.765,100
268,09:43:29,$ 3369.24,400
269,09:43:29,$ 3369.14,100
270,09:43:24,$ 3369.96,100
271,09:43:24,$ 3371.00,121
272,09:43:24,$ 3371.00,204
274,09:43:19,$ 3372.825,"1,000"
275,09:43:18,$ 3371.31,100
276,09:43:18,$ 3371.045,100
277,09:43:18,$ 3371.2441,200
278,09:43:15,$ 3371.05,100
279,09:43:14,$ 3371.5735,100
280,09:43:09,$ 3369.78,100
281,09:43:08,$ 3370.35,149
282,09:43:07,$ 3369.3213,100
283,09:43:07,$ 3369.62,100
284,09:43:07,$ 3369.80,118
285,09:43:03,$ 3368.12,100
286,09:42:57,$ 3367.7979,100
287,09:42:51,$ 3366.525,100
288,09:42:48,$ 3365.14,100
289,09:42:48,$ 3365.32,100
290,09:42:47,$ 3366.00,200
291,09:42:47,$ 3366.00,100
292,09:42:47,$ 3366.00,100
293,09:42:47,$ 3366.24,100
295,09:42:47,$ 3366.24,150
296,09:42:46,$ 3366.61,100
297,09:42:44,$ 3367.81,129
298,09:42:43,$ 3367.68,100
299,09:42:35,$ 3368.6899,100
300,09:42:33,$ 3367.11,100
301,09:42:33,$ 3366.265,100
302,09:42:33,$ 3366.40,100
303,09:42:33,$ 3367.845,100
304,09:42:33,$ 3366.24,162
305,09:42:33,$ 3366.34,100
306,09:42:29,$ 3367.39,100
307,09:42:28,$ 3367.4365,200
308,09:42:24,$ 3368.43,100
309,09:42:23,$ 3368.19,100
310,09:42:23,$ 3370.00,400
311,09:42:23,$ 3370.00,100
312,09:42:23,$ 3370.00,100
313,09:42:22,$ 3370.20,100
314,09:42:21,$ 3371.09,100
316,09:42:21,$ 3371.09,100
317,09:42:21,$ 3371.44,100
318,09:42:16,$ 3371.06,100
319,09:42:15,$ 3371.155,100
320,09:42:06,$ 3370.96,100
321,09:42:00,$ 3370.75,100
322,09:41:56,$ 3371.00,100
323,09:41:47,$ 3371.00,200
324,09:41:47,$ 3371.9391,120
325,09:41:36,$ 3375.69,100
326,09:41:33,$ 3376.00,100
327,09:41:12,$ 3377.17,100
328,09:41:09,$ 3378.9299,100
329,09:41:02,$ 3378.27,250
330,09:41:00,$ 3377.06,100
331,09:40:59,$ 3378.00,100
332,09:40:59,$ 3379.12,100
333,09:40:44,$ 3380.66,100
334,09:40:41,$ 3379.99,100
335,09:40:40,$ 3379.38,100
337,09:40:28,$ 3379.155,100
338,09:40:09,$ 3381.02,100
339,09:40:06,$ 3379.60,100
340,09:40:05,$ 3379.60,100
341,09:40:04,$ 3379.15,100
342,09:39:59,$ 3380.75,100
343,09:39:58,$ 3381.42,100
344,09:39:58,$ 3380.51,100
345,09:39:58,$ 3380.08,100
346,09:39:53,$ 3379.92,100
347,09:39:47,$ 3380.00,100
348,09:39:41,$ 3381.00,100
349,09:39:38,$ 3380.57,100
350,09:39:38,$ 3380.56,100
351,09:39:38,$ 3380.555,100
352,09:39:38,$ 3380.57,100
353,09:39:38,$ 3380.76,100
354,09:39:35,$ 3379.9101,234
355,09:39:34,$ 3382.88,100
356,09:39:34,$ 3382.87,100
358,09:39:29,$ 3382.855,100
359,09:39:28,$ 3383.00,100
360,09:39:23,$ 3383.5585,100
361,09:39:08,$ 3383.415,100
362,09:39:08,$ 3383.415,100
363,09:39:08,$ 3383.63,100
364,09:39:08,$ 3385.45,100
365,09:39:06,$ 3385.49,100
366,09:39:06,$ 3385.89,100
367,09:39:04,$ 3386.51,100
368,09:39:02,$ 3385.26,100
369,09:39:01,$ 3384.00,100
370,09:39:01,$ 3384.00,100
371,09:39:01,$ 3383.08,100
372,09:39:01,$ 3382.4226,150
373,09:38:52,$ 3383.60,100
374,09:38:51,$ 3385.35,100
375,09:38:46,$ 3385.3501,200
376,09:38:43,$ 3385.46,100
377,09:38:43,$ 3385.00,100
379,09:38:43,$ 3383.79,100
380,09:38:35,$ 3383.44,100
381,09:38:35,$ 3383.47,100
382,09:38:35,$ 3383.49,100
383,09:38:35,$ 3384.02,100
384,09:38:35,$ 3384.24,100
385,09:38:35,$ 3384.24,100
386,09:38:35,$ 3384.50,100
387,09:38:35,$ 3384.50,114
388,09:38:35,$ 3382.52,100
389,09:38:32,$ 3382.03,194
390,09:38:31,$ 3381.11,100
391,09:38:27,$ 3381.09,200
392,09:38:21,$ 3382.91,100
393,09:38:21,$ 3383.88,100
394,09:38:21,$ 3384.89,100
395,09:38:21,$ 3384.50,100
396,09:38:21,$ 3384.40,100
397,09:38:15,$ 3383.98,100
398,09:38:15,$ 3384.43,100
400,09:38:14,$ 3384.47,100
401,09:38:14,$ 3383.80,100
402,09:38:14,$ 3384.43,100
403,09:38:14,$ 3384.49,100
404,09:38:13,$ 3382.72,100
405,09:38:10,$ 3384.89,103
406,09:38:10,$ 3383.14,100
407,09:38:07,$ 3383.77,100
408,09:38:07,$ 3383.775,100
409,09:38:06,$ 3384.50,250
410,09:38:03,$ 3383.8525,100
411,09:38:02,$ 3383.3635,119
412,09:37:53,$ 3382.475,100
413,09:37:50,$ 3383.38,100
414,09:37:49,$ 3383.475,100
415,09:37:47,$ 3382.46,100
416,09:37:36,$ 3382.07,100
417,09:37:35,$ 3383.265,100
418,09:37:26,$ 3380.17,100
419,09:37:24,$ 3378.90,100
421,09:37:24,$ 3379.04,100
422,09:37:24,$ 3377.30,100
423,09:37:15,$ 3376.60,100
424,09:37:07,$ 3375.65,100
425,09:37:07,$ 3375.65,100
426,09:37:00,$ 3374.755,100
427,09:36:54,$ 3375.79,100
428,09:36:54,$ 3376.29,100
429,09:36:54,$ 3377.00,565
430,09:36:54,$ 3377.00,100
431,09:36:54,$ 3377.00,100
432,09:36:50,$ 3376.315,100
433,09:36:50,$ 3377.135,200
434,09:36:45,$ 3376.61,100
435,09:36:45,$ 3376.25,100
436,09:36:40,$ 3375.54,500
437,09:36:40,$ 3375.54,700
438,09:36:38,$ 3375.38,500
439,09:36:34,$ 3374.645,100
440,09:36:34,$ 3375.39,100
442,09:36:22,$ 3376.11,100
443,09:36:22,$ 3376.60,100
444,09:36:19,$ 3375.8218,112
445,09:36:13,$ 3375.10,100
446,09:36:10,$ 3377.41,863
447,09:36:06,$ 3375.835,222
448,09:36:05,$ 3375.42,100
449,09:35:49,$ 3376.94,100
450,09:35:46,$ 3377.29,100
451,09:35:46,$ 3377.29,100
452,09:35:46,$ 3377.37,100
453,09:35:45,$ 3378.42,100
454,09:35:31,$ 3372.80,100
455,09:35:30,$ 3371.47,100
456,09:35:28,$ 3370.975,100
457,09:35:28,$ 3370.975,100
458,09:35:16,$ 3371.7729,100
459,09:35:16,$ 3372.32,100
460,09:35:16,$ 3372.34,100
461,09:35:15,$ 3370.4633,100
463,09:35:12,$ 3374.81,100
464,09:35:12,$ 3375.00,100
465,09:35:12,$ 3376.29,100
466,09:35:10,$ 3376.46,100
467,09:35:07,$ 3376.10,100
468,09:35:07,$ 3376.10,100
469,09:35:04,$ 3377.9561,100
470,09:34:59,$ 3377.0973,265
471,09:34:59,$ 3378.435,548
472,09:34:54,$ 3379.50,100
473,09:34:47,$ 3381.30,100
474,09:34:40,$ 3382.03,100
475,09:34:40,$ 3382.2967,180
476,09:34:40,$ 3382.25,100
477,09:34:38,$ 3383.4875,100
478,09:34:37,$ 3383.07,100
479,09:34:21,$ 3384.40,100
480,09:34:17,$ 3383.3851,100
481,09:34:17,$ 3382.8238,295
482,09:34:17,$ 3382.8238,132
484,09:34:16,$ 3385.00,100
485,09:34:12,$ 3387.0125,100
486,09:34:10,$ 3385.55,100
487,09:34:09,$ 3385.0001,200
488,09:34:04,$ 3387.32,100
489,09:34:04,$ 3386.82,100
490,09:34:03,$ 3388.88,200
491,09:34:01,$ 3388.0497,200
492,09:34:01,$ 3388.05,100
493,09:34:01,$ 3388.05,100
494,09:34:01,$ 3388.04,100
495,09:34:01,$ 3387.99,"3,218"
496,09:34:01,$ 3388.0497,100
497,09:34:01,$ 3388.05,200
498,09:34:01,$ 3388.05,100
499,09:34:01,$ 3388.05,100
500,09:34:01,$ 3388.05,100
501,09:34:01,$ 3387.92,100
502,09:34:01,$ 3386.7294,500
503,09:34:01,$ 3385.735,100
505,09:34:01,$ 3385.74,100
506,09:34:00,$ 3384.6961,150
507,09:33:57,$ 3387.87,100
508,09:33:57,$ 3386.70,100
509,09:33:57,$ 3385.00,110
510,09:33:57,$ 3385.00,248
511,09:33:57,$ 3385.00,100
512,09:33:57,$ 3385.00,220
513,09:33:53,$ 3383.50,200
514,09:33:50,$ 3382.64,100
515,09:33:50,$ 3383.20,100
516,09:33:47,$ 3383.99,100
517,09:33:46,$ 3384.00,100
518,09:33:43,$ 3382.6735,200
519,09:33:42,$ 3382.79,100
520,09:33:41,$ 3382.00,300
521,09:33:41,$ 3381.00,100
522,09:33:37,$ 3379.8233,500
523,09:33:37,$ 3379.67,200
524,09:33:32,$ 3378.765,100
526,09:33:32,$ 3378.99,100
527,09:33:30,$ 3378.045,100
528,09:33:24,$ 3375.9884,100
529,09:33:18,$ 3375.98,100
530,09:33:13,$ 3377.38,100
531,09:33:09,$ 3377.93,100
532,09:33:07,$ 3377.86,100
533,09:33:06,$ 3378.81,100
534,09:33:05,$ 3377.36,100
535,09:33:04,$ 3378.415,100
536,09:33:04,$ 3378.415,100
537,09:33:04,$ 3378.28,100
538,09:33:04,$ 3378.28,100
539,09:33:03,$ 3378.00,885
540,09:33:02,$ 3376.515,200
541,09:33:00,$ 3377.99,100
542,09:32:45,$ 3376.79,100
543,09:32:45,$ 3376.77,100
544,09:32:32,$ 3374.64,100
545,09:32:29,$ 3374.665,100
547,09:32:28,$ 3376.47,100
548,09:32:28,$ 3376.47,100
549,09:32:26,$ 3374.44,100
550,09:32:18,$ 3375.29,100
551,09:32:14,$ 3375.42,100
552,09:32:14,$ 3374.60,100
553,09:32:14,$ 3374.60,100
554,09:32:12,$ 3375.77,100
555,09:32:12,$ 3376.26,100
556,09:32:07,$ 3376.49,100
557,09:32:06,$ 3376.74,100
558,09:32:00,$ 3377.145,200
559,09:31:57,$ 3376.0101,100
560,09:31:55,$ 3378.28,100
561,09:31:40,$ 3374.9212,150
562,09:31:33,$ 3375.95,100
563,09:31:33,$ 3375.56,100
564,09:31:31,$ 3375.6074,100
565,09:31:28,$ 3372.045,100
566,09:31:11,$ 3367.81,100
568,09:31:09,$ 3367.02,100
569,09:31:09,$ 3367.37,100
570,09:31:08,$ 3367.0001,100
571,09:31:05,$ 3368.61,100
572,09:31:05,$ 3367.76,100
573,09:31:05,$ 3367.81,100
574,09:31:05,$ 3367.76,182
575,09:31:05,$ 3367.76,342
576,09:31:05,$ 3367.75,100
577,09:31:05,$ 3367.76,142
578,09:31:03,$ 3368.79,100
579,09:31:03,$ 3368.80,100
580,09:31:02,$ 3367.88,100
581,09:30:59,$ 3370.00,100
582,09:30:59,$ 3370.00,100
583,09:30:59,$ 3370.00,191
584,09:30:59,$ 3370.00,150
585,09:30:58,$ 3370.50,100
586,09:30:58,$ 3370.79,100
587,09:30:58,$ 3370.88,100
589,09:30:58,$ 3371.18,100
590,09:30:58,$ 3371.17,100
591,09:30:58,$ 3371.11,100
592,09:30:56,$ 3371.6725,200
593,09:30:51,$ 3373.67,619
594,09:30:51,$ 3373.67,239
595,09:30:50,$ 3372.84,200
596,09:30:49,$ 3373.73,100
597,09:30:49,$ 3374.44,100
598,09:30:47,$ 3375.10,164
599,09:30:47,$ 3375.10,100
600,09:30:42,$ 3375.16,100
601,09:30:42,$ 3375.22,100
602,09:30:42,$ 3375.1601,100
603,09:30:41,$ 3377.82,100
604,09:30:38,$ 3378.1003,200
605,09:30:36,$ 3376.50,100
606,09:30:36,$ 3376.82,100
607,09:30:16,$ 3377.70,100
608,09:30:13,$ 3373.69,100
610,09:30:13,$ 3374.545,100
611,09:30:13,$ 3374.53,100
612,09:30:13,$ 3375.22,100
613,09:30:13,$ 3375.00,121
614,09:30:13,$ 3375.00,100
615,09:30:13,$ 3375.40,200
616,09:30:13,$ 3375.40,100
617,09:30:11,$ 3377.0638,148
618,09:30:11,$ 3376.705,500
619,09:30:09,$ 3377.70,250
620,09:30:06,$ 3377.70,100
621,09:30:06,$ 3376.58,200
622,09:30:06,$ 3376.58,200
623,09:30:05,$ 3376.06,100
624,09:30:04,$ 3376.58,100
625,09:30:03,$ 3376.395,100
626,09:30:02,$ 3376.61,100
627,09:30:02,$ 3375.75,100
628,09:30:01,$ 3377.48,146
629,09:30:01,$ 3377.48,148
631,09:30:01,$ 3377.48,100
632,09:30:01,$ 3379.35,3
633,09:30:01,$ 3379.35,15
634,09:30:01,$ 3379.35,3
635,09:30:01,$ 3379.35,4
636,09:30:01,$ 3379.35,3
637,09:30:01,$ 3379.35,3
638,09:30:01,$ 3379.35,4
639,09:30:01,$ 3379.35,3
640,09:30:01,$ 3379.35,3
641,09:30:01,$ 3379.35,4
642,09:30:01,$ 3379.35,2
643,09:30:01,$ 3379.35,5
644,09:30:01,$ 3379.35,6
645,09:30:01,$ 3379.35,2
646,09:30:01,$ 3379.35,15
647,09:30:01,$ 3379.35,5
648,09:30:01,$ 3379.35,5
649,09:30:01,$ 3379.35,10
650,09:30:01,$ 3379.35,20
652,09:30:01,$ 3379.35,42
653,09:30:01,$ 3379.35,60
654,09:30:01,$ 3379.35,150
655,09:30:01,$ 3379.35,30
656,09:30:01,$ 3379.35,15
657,09:30:01,$ 3379.35,75
658,09:30:01,$ 3379.35,1
659,09:30:01,$ 3379.35,6
660,09:30:01,$ 3379.35,20
661,09:30:01,$ 3379.35,9
662,09:30:01,$ 3379.35,2
663,09:30:01,$ 3379.35,3
664,09:30:01,$ 3379.35,9
665,09:30:01,$ 3379.35,60
666,09:30:01,$ 3379.35,15
667,09:30:01,$ 3379.35,2
668,09:30:01,$ 3379.35,7
669,09:30:01,$ 3379.35,3
670,09:30:01,$ 3379.35,27
671,09:30:01,$ 3379.35,2
673,09:30:01,$ 3379.35,5
674,09:30:01,$ 3379.35,30
675,09:30:01,$ 3379.35,2
676,09:30:01,$ 3379.35,2
677,09:30:01,$ 3379.35,3
678,09:30:01,$ 3379.35,2
679,09:30:01,$ 3379.35,3
680,09:30:01,$ 3379.35,30
681,09:30:01,$ 3379.35,6
682,09:30:01,$ 3379.35,50
683,09:30:01,$ 3379.35,15
684,09:30:01,$ 3379.35,28
685,09:30:01,$ 3379.35,12
686,09:30:01,$ 3379.35,1
687,09:30:01,$ 3379.35,1
688,09:30:01,$ 3379.35,300
689,09:30:01,$ 3379.35,10
690,09:30:01,$ 3379.35,30
691,09:30:01,$ 3379.35,3
692,09:30:01,$ 3379.35,1
694,09:30:01,$ 3379.35,20
695,09:30:01,$ 3379.35,5
696,09:30:01,$ 3379.35,1
697,09:30:01,$ 3379.35,1
698,09:30:01,$ 3379.35,3
699,09:30:01,$ 3379.35,6
700,09:30:01,$ 3379.35,2
701,09:30:01,$ 3379.35,1
702,09:30:01,$ 3379.35,1
703,09:30:01,$ 3379.35,3
704,09:30:01,$ 3379.35,27
705,09:30:01,$ 3379.35,26
706,09:30:01,$ 3379.35,5
707,09:30:01,$ 3379.35,32
708,09:30:01,$ 3379.35,1
709,09:30:01,$ 3379.35,20
710,09:30:01,$ 3379.35,30
711,09:30:01,$ 3379.35,15
712,09:30:01,$ 3379.35,60
713,09:30:01,$ 3379.35,60
715,09:30:01,$ 3379.35,10
716,09:30:01,$ 3379.35,1
717,09:30:01,$ 3379.35,30
718,09:30:01,$ 3379.35,19
719,09:30:01,$ 3379.35,1
720,09:30:01,$ 3379.35,15
721,09:30:01,$ 3379.35,18
722,09:30:01,$ 3379.35,15
723,09:30:01,$ 3379.35,13
724,09:30:01,$ 3379.35,3
725,09:30:01,$ 3379.35,1
726,09:30:01,$ 3379.35,18
727,09:30:01,$ 3379.35,3
728,09:30:01,$ 3379.35,300
729,09:30:01,$ 3379.35,83
730,09:30:01,$ 3379.35,21
731,09:30:01,$ 3379.35,20
732,09:30:01,$ 3379.35,9
733,09:30:01,$ 3379.35,90
734,09:30:01,$ 3379.35,32
736,09:30:01,$ 3379.35,6
737,09:30:01,$ 3379.35,1
738,09:30:01,$ 3379.35,4
739,09:30:01,$ 3379.35,30
740,09:30:01,$ 3379.35,3
741,09:30:01,$ 3379.35,4
742,09:30:01,$ 3379.35,7
743,09:30:01,$ 3379.35,34
744,09:30:01,$ 3379.35,3
745,09:30:01,$ 3379.35,1
746,09:30:01,$ 3379.35,4
747,09:30:01,$ 3379.35,13
748,09:30:01,$ 3379.35,20
749,09:30:01,$ 3379.35,1
750,09:30:01,$ 3379.35,13
751,09:30:01,$ 3379.35,10
752,09:30:01,$ 3379.35,30
753,09:30:01,$ 3379.35,1
754,09:30:01,$ 3379.35,1
755,09:30:01,$ 3379.35,14
757,09:30:01,$ 3379.35,10
758,09:30:01,$ 3379.35,1
759,09:30:01,$ 3379.35,10
760,09:30:01,$ 3379.35,5
761,09:30:01,$ 3379.35,25
762,09:30:01,$ 3379.35,129
763,09:30:01,$ 3379.35,78
764,09:30:01,$ 3379.35,15
765,09:30:01,$ 3379.35,3
766,09:30:01,$ 3379.35,17
767,09:30:01,$ 3379.35,6
768,09:30:01,$ 3379.35,3
769,09:30:01,$ 3379.35,10
770,09:30:01,$ 3379.35,71
771,09:30:01,$ 3379.35,3
772,09:30:01,$ 3379.35,5
773,09:30:01,$ 3379.35,23
774,09:30:01,$ 3379.35,10
775,09:30:01,$ 3379.35,9
776,09:30:01,$ 3379.35,13
778,09:30:01,$ 3379.35,2
779,09:30:01,$ 3379.35,10
780,09:30:01,$ 3379.35,2
781,09:30:01,$ 3379.35,1
782,09:30:01,$ 3379.35,50
783,09:30:01,$ 3379.35,4
784,09:30:01,$ 3379.35,2
785,09:30:01,$ 3379.35,2
786,09:30:01,$ 3379.35,45
787,09:30:01,$ 3379.35,20
788,09:30:01,$ 3379.35,3
789,09:30:01,$ 3379.35,4
790,09:30:01,$ 3379.35,6
791,09:30:01,$ 3379.35,9
792,09:30:01,$ 3379.35,9
793,09:30:01,$ 3379.35,22
794,09:30:01,$ 3379.35,4
795,09:30:01,$ 3379.35,23
796,09:30:01,$ 3379.35,1
797,09:30:01,$ 3379.35,1
799,09:30:01,$ 3379.35,30
800,09:30:01,$ 3379.35,2
801,09:30:01,$ 3379.35,1
802,09:30:01,$ 3379.35,1
803,09:30:01,$ 3379.35,2
804,09:30:01,$ 3379.35,50
805,09:30:01,$ 3379.35,1
806,09:30:01,$ 3379.35,1
807,09:30:01,$ 3379.35,3
808,09:30:01,$ 3379.35,3
809,09:30:01,$ 3379.35,30
810,09:30:01,$ 3379.35,1
811,09:30:01,$ 3379.35,30
812,09:30:01,$ 3379.35,3
813,09:30:01,$ 3379.35,1
814,09:30:01,$ 3379.35,1
815,09:30:01,$ 3379.35,1
816,09:30:01,$ 3379.35,3
817,09:30:01,$ 3379.35,1
818,09:30:01,$ 3379.35,1
820,09:30:01,$ 3379.35,1
821,09:30:01,$ 3379.35,1
822,09:30:01,$ 3379.35,1
823,09:30:01,$ 3379.35,1
824,09:30:01,$ 3379.35,1
825,09:30:01,$ 3379.35,3
826,09:30:01,$ 3379.35,35
827,09:30:01,$ 3379.35,4
828,09:30:01,$ 3379.35,1
829,09:30:01,$ 3379.35,2
830,09:30:01,$ 3379.35,2
831,09:30:01,$ 3379.35,2
832,09:30:01,$ 3379.35,5
833,09:30:01,$ 3379.35,2
834,09:30:01,$ 3379.35,1
835,09:30:01,$ 3379.35,1
836,09:30:01,$ 3379.35,1
837,09:30:01,$ 3379.35,3
838,09:30:01,$ 3379.35,2
839,09:30:01,$ 3379.35,1
841,09:30:01,$ 3379.35,2
842,09:30:01,$ 3379.35,1
843,09:30:01,$ 3379.35,1
844,09:30:01,$ 3379.35,1
845,09:30:01,$ 3379.35,1
846,09:30:01,$ 3379.35,1
847,09:30:01,$ 3379.35,1
848,09:30:01,$ 3379.35,2
849,09:30:01,$ 3379.35,1
850,09:30:01,$ 3379.35,1
851,09:30:01,$ 3379.35,15
852,09:30:01,$ 3379.35,2
853,09:30:01,$ 3379.35,1
854,09:30:01,$ 3379.35,2
855,09:30:01,$ 3379.35,2
856,09:30:01,$ 3379.35,1
857,09:30:01,$ 3379.35,1
858,09:30:01,$ 3379.35,3
859,09:30:01,$ 3379.35,5
860,09:30:01,$ 3379.35,7
862,09:30:01,$ 3379.35,5
863,09:30:01,$ 3379.35,3
864,09:30:01,$ 3379.35,2
865,09:30:01,$ 3379.35,12
866,09:30:01,$ 3379.35,5
867,09:30:01,$ 3379.35,10
868,09:30:01,$ 3379.35,10
869,09:30:01,$ 3379.35,11
870,09:30:01,$ 3379.35,1
871,09:30:01,$ 3379.35,2
872,09:30:01,$ 3379.35,8
873,09:30:01,$ 3379.35,1
874,09:30:01,$ 3379.35,10
875,09:30:01,$ 3379.35,10
876,09:30:01,$ 3379.35,2
877,09:30:01,$ 3379.35,12
878,09:30:01,$ 3379.35,5
879,09:30:01,$ 3379.35,3
880,09:30:01,$ 3379.35,3
881,09:30:01,$ 3379.35,5
883,09:30:01,$ 3379.35,3
884,09:30:01,$ 3379.35,2
885,09:30:01,$ 3379.35,8
886,09:30:01,$ 3379.35,3
887,09:30:01,$ 3379.35,2
888,09:30:01,$ 3379.35,2
889,09:30:01,$ 3379.35,14
890,09:30:01,$ 3379.35,10
891,09:30:01,$ 3379.35,11
892,09:30:01,$ 3379.35,1
893,09:30:01,$ 3379.35,10
894,09:30:01,$ 3379.35,5
895,09:30:01,$ 3379.35,2
896,09:30:01,$ 3379.35,45
897,09:30:01,$ 3379.35,6
898,09:30:01,$ 3379.35,4
899,09:30:01,$ 3379.35,5
900,09:30:01,$ 3379.35,1
901,09:30:01,$ 3379.35,1
902,09:30:01,$ 3379.35,1
904,09:30:01,$ 3379.35,1
905,09:30:01,$ 3379.35,2
906,09:30:01,$ 3379.35,1
907,09:30:01,$ 3379.35,1
908,09:30:01,$ 3379.35,8
909,09:30:01,$ 3379.35,1
910,09:30:01,$ 3379.35,1
911,09:30:01,$ 3379.35,1
912,09:30:01,$ 3379.35,3
913,09:30:01,$ 3379.35,22
914,09:30:01,$ 3379.35,5
915,09:30:01,$ 3379.35,3
916,09:30:01,$ 3379.35,3
917,09:30:01,$ 3379.35,1
918,09:30:01,$ 3379.35,10
919,09:30:01,$ 3379.35,15
920,09:30:01,$ 3379.35,2
921,09:30:01,$ 3379.35,13
922,09:30:01,$ 3379.35,30
923,09:30:01,$ 3379.35,9
925,09:30:01,$ 3379.35,1
926,09:30:01,$ 3379.35,1
927,09:30:01,$ 3379.35,5
928,09:30:01,$ 3379.35,1
929,09:30:01,$ 3379.35,15
930,09:30:01,$ 3379.35,5
931,09:30:01,$ 3379.35,24
932,09:30:01,$ 3379.35,1
933,09:30:01,$ 3379.35,3
934,09:30:01,$ 3379.35,3
935,09:30:01,$ 3379.35,1
936,09:30:01,$ 3379.35,4
937,09:30:01,$ 3379.35,3
938,09:30:01,$ 3379.35,148
939,09:30:01,$ 3379.35,1
940,09:30:01,$ 3379.35,3
941,09:30:01,$ 3379.35,3
942,09:30:01,$ 3379.35,13
943,09:30:01,$ 3379.35,2
944,09:30:01,$ 3379.35,1
946,09:30:01,$ 3379.35,150
947,09:30:01,$ 3379.35,8
948,09:30:01,$ 3379.35,3
949,09:30:01,$ 3379.35,4
950,09:30:01,$ 3379.35,4
951,09:30:01,$ 3379.35,30
952,09:30:01,$ 3379.35,10
953,09:30:01,$ 3379.35,1
954,09:30:01,$ 3379.35,1
955,09:30:01,$ 3379.35,1
956,09:30:01,$ 3379.35,10
957,09:30:01,$ 3379.35,253
958,09:30:01,$ 3379.35,2
959,09:30:01,$ 3379.35,30
960,09:30:01,$ 3379.35,4
961,09:30:01,$ 3379.35,15
962,09:30:01,$ 3379.35,30
963,09:30:01,$ 3379.35,10
964,09:30:01,$ 3379.35,1
965,09:30:01,$ 3379.35,3
967,09:30:01,$ 3379.35,15
968,09:30:01,$ 3379.35,5
969,09:30:01,$ 3379.35,3
970,09:30:01,$ 3379.35,2
971,09:30:01,$ 3379.35,1
972,09:30:01,$ 3379.35,4
973,09:30:01,$ 3379.35,35
974,09:30:01,$ 3379.35,6
975,09:30:01,$ 3379.35,3
976,09:30:01,$ 3379.35,22
977,09:30:01,$ 3379.35,15
978,09:30:01,$ 3379.35,3
979,09:30:01,$ 3379.35,3
980,09:30:01,$ 3379.35,11
981,09:30:01,$ 3379.35,15
982,09:30:01,$ 3379.35,1
983,09:30:01,$ 3379.35,1
984,09:30:01,$ 3379.35,15
985,09:30:01,$ 3379.35,2
986,09:30:01,$ 3379.35,6
988,09:30:01,$ 3379.35,3
989,09:30:01,$ 3379.35,12
990,09:30:01,$ 3379.35,5
991,09:30:01,$ 3379.35,11
992,09:30:01,$ 3379.35,2
993,09:30:01,$ 3379.35,10
994,09:30:01,$ 3379.35,1
995,09:30:01,$ 3379.35,10
996,09:30:01,$ 3379.35,5
997,09:30:01,$ 3379.35,1
998,09:30:01,$ 3379.35,1
999,09:30:01,$ 3379.35,2
1000,09:30:01,$ 3379.35,1
1001,09:30:01,$ 3379.35,1
1002,09:30:01,$ 3379.35,1
1003,09:30:01,$ 3379.35,10
1004,09:30:01,$ 3379.35,1
1005,09:30:01,$ 3379.35,3
1006,09:30:01,$ 3379.35,1
1007,09:30:01,$ 3379.35,3
1009,09:30:01,$ 3379.35,10
1010,09:30:01,$ 3379.35,2
1011,09:30:01,$ 3379.35,15
1012,09:30:01,$ 3379.35,1
1013,09:30:01,$ 3379.35,1
1014,09:30:01,$ 3379.35,2
1015,09:30:01,$ 3379.35,6
1016,09:30:01,$ 3379.35,2
1017,09:30:01,$ 3379.35,11
1018,09:30:01,$ 3379.35,1
1019,09:30:01,$ 3379.35,2
1020,09:30:01,$ 3379.35,1
1021,09:30:01,$ 3379.35,2
1022,09:30:01,$ 3379.35,1
1023,09:30:01,$ 3379.35,1
1024,09:30:01,$ 3379.35,8
1025,09:30:01,$ 3379.35,1
1026,09:30:01,$ 3379.35,3
1027,09:30:01,$ 3379.35,8
1028,09:30:01,$ 3379.35,1
1030,09:30:01,$ 3379.35,1
1031,09:30:01,$ 3379.35,1
1032,09:30:01,$ 3379.35,2
1033,09:30:01,$ 3379.35,1
1034,09:30:01,$ 3379.35,1
1035,09:30:01,$ 3379.35,2
1036,09:30:01,$ 3379.35,2
1037,09:30:01,$ 3379.35,8
1038,09:30:01,$ 3379.35,1
1039,09:30:01,$ 3379.35,3
1040,09:30:01,$ 3379.35,1
1041,09:30:01,$ 3379.35,10
1042,09:30:01,$ 3379.35,1
1043,09:30:01,$ 3379.35,1
1044,09:30:01,$ 3379.35,1
1045,09:30:01,$ 3379.35,1
1046,09:30:01,$ 3379.35,1
1047,09:30:01,$ 3379.35,5
1048,09:30:01,$ 3379.35,1
1049,09:30:01,$ 3379.35,1
1051,09:30:01,$ 3379.35,2
1052,09:30:01,$ 3379.35,1
1053,09:30:01,$ 3379.35,2
1054,09:30:01,$ 3379.35,2
1055,09:30:01,$ 3379.35,5
1056,09:30:01,$ 3379.35,2
1057,09:30:01,$ 3379.35,1
1058,09:30:01,$ 3379.35,3
1059,09:30:01,$ 3379.35,15
1060,09:30:01,$ 3379.35,6
1061,09:30:01,$ 3379.35,30
1062,09:30:01,$ 3379.35,1
1063,09:30:01,$ 3379.35,1
1064,09:30:01,$ 3379.35,1
1065,09:30:01,$ 3379.35,1
1066,09:30:01,$ 3379.35,4
1067,09:30:01,$ 3379.35,5
1068,09:30:01,$ 3379.35,4
1069,09:30:01,$ 3379.35,1
1070,09:30:01,$ 3379.35,1
1072,09:30:01,$ 3379.35,1
1073,09:30:01,$ 3379.35,1
1074,09:30:01,$ 3379.35,1
1075,09:30:01,$ 3379.35,1
1076,09:30:01,$ 3379.35,1
1077,09:30:01,$ 3379.35,1
1078,09:30:01,$ 3379.35,1
1079,09:30:01,$ 3379.35,1
1080,09:30:01,$ 3379.35,1
1081,09:30:01,$ 3379.35,1
1082,09:30:01,$ 3379.35,1
1083,09:30:01,$ 3379.35,1
1084,09:30:01,$ 3379.35,1
1085,09:30:01,$ 3379.35,1
1086,09:30:01,$ 3379.35,1
1087,09:30:01,$ 3379.35,1
1088,09:30:01,$ 3379.35,1
1089,09:30:01,$ 3379.35,1
1090,09:30:01,$ 3379.35,1
1091,09:30:01,$ 3379.35,1
1093,09:30:01,$ 3379.35,1
1094,09:30:01,$ 3379.35,1
1095,09:30:01,$ 3379.35,1
1096,09:30:01,$ 3379.35,1
1097,09:30:01,$ 3379.35,1
1098,09:30:01,$ 3379.35,1
1099,09:30:01,$ 3379.35,1
1100,09:30:01,$ 3379.35,1
1101,09:30:01,$ 3379.35,1
1102,09:30:01,$ 3379.35,1
1103,09:30:01,$ 3379.35,1
1104,09:30:01,$ 3379.35,1
1105,09:30:01,$ 3379.35,1
1106,09:30:01,$ 3379.35,7
1107,09:30:01,$ 3379.35,1
1108,09:30:01,$ 3379.35,15
1109,09:30:01,$ 3379.35,1
1110,09:30:01,$ 3379.35,1
1111,09:30:01,$ 3379.35,2
1112,09:30:01,$ 3379.35,1
1114,09:30:01,$ 3379.35,1
1115,09:30:01,$ 3379.35,1
1116,09:30:01,$ 3379.35,1
1117,09:30:01,$ 3379.35,10
1118,09:30:01,$ 3379.35,1
1119,09:30:01,$ 3379.35,1
1120,09:30:01,$ 3379.35,1
1121,09:30:01,$ 3379.35,1
1122,09:30:01,$ 3379.35,1
1123,09:30:01,$ 3379.35,1
1124,09:30:01,$ 3379.35,1
1125,09:30:01,$ 3379.35,1
1126,09:30:01,$ 3379.35,1
1127,09:30:01,$ 3379.35,1
1128,09:30:01,$ 3379.35,1
1129,09:30:01,$ 3379.35,1
1130,09:30:01,$ 3379.35,5
1131,09:30:01,$ 3379.35,1
1132,09:30:01,$ 3379.35,1
1133,09:30:01,$ 3379.35,29
1135,09:30:01,$ 3379.35,1
1136,09:30:01,$ 3379.35,2
1137,09:30:01,$ 3379.35,5
1138,09:30:01,$ 3379.35,1
1139,09:30:01,$ 3379.35,1
1140,09:30:01,$ 3379.35,4
1141,09:30:01,$ 3379.35,2
1142,09:30:01,$ 3379.35,2
1143,09:30:01,$ 3379.35,1
1144,09:30:01,$ 3379.35,2
1145,09:30:01,$ 3379.35,10
1146,09:30:01,$ 3379.35,22
1147,09:30:01,$ 3379.35,2
1148,09:30:01,$ 3379.35,1
1149,09:30:01,$ 3379.35,30
1150,09:30:01,$ 3379.35,1
1151,09:30:01,$ 3379.35,3
1152,09:30:01,$ 3379.35,1
1153,09:30:01,$ 3379.35,1
1154,09:30:01,$ 3379.35,10
1156,09:30:01,$ 3379.35,5
1157,09:30:01,$ 3379.35,1
1158,09:30:01,$ 3379.35,4
1159,09:30:01,$ 3379.35,7
1160,09:30:01,$ 3379.35,1
1161,09:30:01,$ 3379.35,6
1162,09:30:01,$ 3379.35,2
1163,09:30:01,$ 3379.35,3
1164,09:30:01,$ 3379.35,6
1165,09:30:01,$ 3379.35,1
1166,09:30:01,$ 3379.35,1
1167,09:30:01,$ 3379.35,1
1168,09:30:01,$ 3379.35,1
1169,09:30:01,$ 3379.35,1
1170,09:30:01,$ 3379.35,1
1171,09:30:01,$ 3379.35,2
1172,09:30:01,$ 3379.35,2
1173,09:30:01,$ 3379.35,3
1174,09:30:01,$ 3379.35,5
1175,09:30:01,$ 3379.35,2
1177,09:30:01,$ 3379.35,1
1178,09:30:01,$ 3379.35,1
1179,09:30:01,$ 3379.35,100
1180,09:30:01,$ 3379.35,18
1181,09:30:01,$ 3379.35,1
1182,09:30:01,$ 3379.35,2
1183,09:30:01,$ 3379.35,4
1184,09:30:01,$ 3379.35,1
1185,09:30:01,$ 3379.35,10
1186,09:30:01,$ 3379.35,2
1187,09:30:01,$ 3379.35,10
1188,09:30:01,$ 3379.35,2
1189,09:30:01,$ 3379.35,9
1190,09:30:01,$ 3379.35,4
1191,09:30:01,$ 3379.35,2
1192,09:30:01,$ 3379.35,2
1193,09:30:01,$ 3379.35,3
1194,09:30:01,$ 3379.35,2
1195,09:30:01,$ 3379.35,4
1196,09:30:01,$ 3379.35,2
1198,09:30:01,$ 3379.35,1
1199,09:30:01,$ 3379.35,6
1200,09:30:01,$ 3379.35,5
1201,09:30:01,$ 3379.35,2
1202,09:30:01,$ 3379.35,1
1203,09:30:01,$ 3379.35,25
1204,09:30:01,$ 3379.35,2
1205,09:30:01,$ 3379.35,2
1206,09:30:01,$ 3379.35,2
1207,09:30:01,$ 3379.35,3
1208,09:30:01,$ 3379.35,1
1209,09:30:01,$ 3379.35,1
1210,09:30:01,$ 3379.35,2
1211,09:30:01,$ 3379.35,1
1212,09:30:01,$ 3379.35,1
1213,09:30:01,$ 3379.35,1
1214,09:30:01,$ 3379.35,1
1215,09:30:01,$ 3379.35,13
1216,09:30:01,$ 3379.35,3
1217,09:30:01,$ 3379.35,1
1219,09:30:01,$ 3379.35,2
1220,09:30:01,$ 3379.35,30
1221,09:30:01,$ 3379.35,2
1222,09:30:01,$ 3379.35,1
1223,09:30:01,$ 3379.35,1
1224,09:30:01,$ 3379.35,5
1225,09:30:01,$ 3379.35,3
1226,09:30:01,$ 3379.35,3
1227,09:30:01,$ 3379.35,3
1228,09:30:01,$ 3379.35,1
1229,09:30:01,$ 3379.35,5
1230,09:30:01,$ 3379.35,6
1231,09:30:01,$ 3379.35,10
1232,09:30:01,$ 3379.35,19
1233,09:30:01,$ 3379.35,2
1234,09:30:01,$ 3379.35,4
1235,09:30:01,$ 3379.35,5
1236,09:30:01,$ 3379.35,2
1237,09:30:01,$ 3379.35,2
1238,09:30:01,$ 3379.35,1
1240,09:30:01,$ 3379.35,4
1241,09:30:01,$ 3379.35,4
1242,09:30:01,$ 3379.35,1
1243,09:30:01,$ 3379.35,3
1244,09:30:01,$ 3379.35,1
1245,09:30:01,$ 3379.35,1
1246,09:30:01,$ 3379.35,6
1247,09:30:01,$ 3379.35,3
1248,09:30:01,$ 3379.35,1
1249,09:30:01,$ 3379.35,1
1250,09:30:01,$ 3379.35,1
1251,09:30:01,$ 3379.35,1
1252,09:30:01,$ 3379.35,1
1253,09:30:01,$ 3379.35,1
1254,09:30:01,$ 3379.35,1
1255,09:30:01,$ 3379.35,1
1256,09:30:01,$ 3379.35,1
1257,09:30:01,$ 3379.35,1
1258,09:30:01,$ 3379.35,1
1259,09:30:01,$ 3379.35,1
1261,09:30:01,$ 3379.35,1
1262,09:30:01,$ 3379.35,1
1263,09:30:01,$ 3379.35,1
1264,09:30:01,$ 3379.35,1
1265,09:30:01,$ 3379.35,1
1266,09:30:01,$ 3379.35,2
1267,09:30:01,$ 3379.35,1
1268,09:30:01,$ 3379.35,1
1269,09:30:01,$ 3379.35,1
1270,09:30:01,$ 3379.35,1
1271,09:30:01,$ 3379.35,1
1272,09:30:01,$ 3379.35,1
1273,09:30:01,$ 3379.35,1
1274,09:30:01,$ 3379.35,1
1275,09:30:01,$ 3379.35,1
1276,09:30:01,$ 3379.35,1
1277,09:30:01,$ 3379.35,1
1278,09:30:01,$ 3379.35,1
1279,09:30:01,$ 3379.35,1
1280,09:30:01,$ 3379.35,1
1282,09:30:01,$ 3379.35,1
1283,09:30:01,$ 3379.35,1
1284,09:30:01,$ 3379.35,1
1285,09:30:01,$ 3379.35,1
1286,09:30:01,$ 3379.35,1
1287,09:30:01,$ 3379.35,1
1288,09:30:01,$ 3379.35,1
1289,09:30:01,$ 3379.35,1
1290,09:30:01,$ 3379.35,1
1291,09:30:01,$ 3379.35,1
1292,09:30:01,$ 3379.35,1
1293,09:30:01,$ 3379.35,1
1294,09:30:01,$ 3379.35,1
1295,09:30:01,$ 3379.35,1
1296,09:30:01,$ 3379.35,1
1297,09:30:01,$ 3379.35,1
1298,09:30:01,$ 3379.35,1
1299,09:30:01,$ 3379.35,2
1300,09:30:01,$ 3379.35,1
1301,09:30:01,$ 3379.35,1
1303,09:30:01,$ 3379.35,1
1304,09:30:01,$ 3379.35,1
1305,09:30:01,$ 3379.35,1
1306,09:30:01,$ 3379.35,1
1307,09:30:01,$ 3379.35,1
1308,09:30:01,$ 3379.35,2
1309,09:30:01,$ 3379.35,1
1310,09:30:01,$ 3379.35,1
1311,09:30:01,$ 3379.35,1
1312,09:30:01,$ 3379.35,1
1313,09:30:01,$ 3379.35,1
1314,09:30:01,$ 3379.35,1
1315,09:30:01,$ 3379.35,1
1316,09:30:01,$ 3379.35,1
1317,09:30:01,$ 3379.35,1
1318,09:30:01,$ 3379.35,1
1319,09:30:01,$ 3379.35,1
1320,09:30:01,$ 3379.35,1
1321,09:30:01,$ 3379.35,1
1322,09:30:01,$ 3379.35,1
1324,09:30:01,$ 3379.35,1
1325,09:30:01,$ 3379.35,1
1326,09:30:01,$ 3379.35,1
1327,09:30:01,$ 3379.35,1
1328,09:30:01,$ 3379.35,1
1329,09:30:01,$ 3379.35,1
1330,09:30:01,$ 3379.35,1
1331,09:30:01,$ 3379.35,1
1332,09:30:01,$ 3379.35,1
1333,09:30:01,$ 3379.35,1
1334,09:30:01,$ 3379.35,1
1335,09:30:01,$ 3379.35,1
1336,09:30:01,$ 3379.35,1
1337,09:30:01,$ 3379.35,1
1338,09:30:01,$ 3379.35,1
1339,09:30:01,$ 3379.35,1
1340,09:30:01,$ 3379.35,1
1341,09:30:01,$ 3379.35,1
1342,09:30:01,$ 3379.35,1
1343,09:30:01,$ 3379.35,1
1345,09:30:01,$ 3379.35,1
1346,09:30:01,$ 3379.35,1
1347,09:30:01,$ 3379.35,1
1348,09:30:01,$ 3379.35,1
1349,09:30:01,$ 3379.35,1
1350,09:30:01,$ 3379.35,1
1351,09:30:01,$ 3379.35,1
1352,09:30:01,$ 3379.35,2
1353,09:30:01,$ 3379.35,1
1354,09:30:01,$ 3379.35,1
1355,09:30:01,$ 3379.35,1
1356,09:30:01,$ 3379.35,1
1357,09:30:01,$ 3379.35,1
1358,09:30:01,$ 3379.35,1
1359,09:30:01,$ 3379.35,5
1360,09:30:01,$ 3379.35,1
1361,09:30:01,$ 3379.35,2
1362,09:30:01,$ 3379.35,1
1363,09:30:01,$ 3379.35,53
1364,09:30:01,$ 3379.35,3
1366,09:30:01,$ 3379.35,8
1367,09:30:01,$ 3379.35,1
1368,09:30:01,$ 3379.35,1
1369,09:30:01,$ 3379.35,4
1370,09:30:01,$ 3379.35,3
1371,09:30:01,$ 3379.35,5
1372,09:30:01,$ 3379.35,1
1373,09:30:01,$ 3379.35,200
1374,09:30:01,$ 3379.35,2
1375,09:30:01,$ 3379.35,1
1376,09:30:01,$ 3379.35,177
1377,09:30:01,$ 3379.35,2
1378,09:30:01,$ 3379.35,1
1379,09:30:01,$ 3379.35,199
1380,09:30:01,$ 3379.35,1
1381,09:30:01,$ 3379.35,1
1382,09:30:01,$ 3379.35,1
1383,09:30:01,$ 3379.35,115
1384,09:30:01,$ 3379.35,1
1385,09:30:01,$ 3379.35,1
1387,09:30:01,$ 3379.35,1
1388,09:30:01,$ 3379.35,1
1389,09:30:01,$ 3379.35,1
1390,09:30:01,$ 3379.35,10
1391,09:30:01,$ 3379.35,1
1392,09:30:01,$ 3379.35,3
1393,09:30:01,$ 3379.35,6
1394,09:30:01,$ 3379.35,5
1395,09:30:01,$ 3379.35,1
1396,09:30:01,$ 3379.35,1
1397,09:30:01,$ 3379.35,15
1398,09:30:01,$ 3379.35,8
1399,09:30:01,$ 3379.35,4
1400,09:30:01,$ 3379.35,15
1401,09:30:01,$ 3379.35,1
1402,09:30:01,$ 3379.35,20
1403,09:30:01,$ 3379.35,1
1404,09:30:01,$ 3379.35,7
1405,09:30:01,$ 3379.35,3
1406,09:30:01,$ 3379.35,1
1408,09:30:01,$ 3379.35,2
1409,09:30:01,$ 3379.35,3
1410,09:30:01,$ 3379.35,1
1411,09:30:01,$ 3379.35,1
1412,09:30:01,$ 3379.35,2
1413,09:30:01,$ 3379.35,2
1414,09:30:01,$ 3379.35,1
1415,09:30:01,$ 3379.35,2
1416,09:30:01,$ 3379.35,3
1417,09:30:01,$ 3379.35,10
1418,09:30:01,$ 3379.35,5
1419,09:30:01,$ 3379.35,1
1420,09:30:01,$ 3379.35,5
1421,09:30:01,$ 3379.35,10
1422,09:30:01,$ 3379.35,1
1423,09:30:01,$ 3379.35,1
1424,09:30:01,$ 3379.35,1
1425,09:30:01,$ 3379.35,3
1426,09:30:01,$ 3379.35,1
1427,09:30:01,$ 3379.35,1
1429,09:30:01,$ 3379.35,17
1430,09:30:01,$ 3379.35,5
1431,09:30:01,$ 3379.35,15
1432,09:30:01,$ 3379.35,3
1433,09:30:01,$ 3379.35,5
1434,09:30:01,$ 3379.35,15
1435,09:30:01,$ 3379.35,2
1436,09:30:01,$ 3379.35,10
1437,09:30:01,$ 3379.35,1
1438,09:30:01,$ 3379.35,4
1439,09:30:01,$ 3379.35,1
1440,09:30:01,$ 3379.35,2
1441,09:30:01,$ 3379.35,1
1442,09:30:01,$ 3379.35,15
1443,09:30:01,$ 3379.35,2
1444,09:30:01,$ 3379.35,25
1445,09:30:01,$ 3379.35,1
1446,09:30:01,$ 3379.35,2
1447,09:30:01,$ 3379.35,2
1448,09:30:01,$ 3379.35,3
1450,09:30:01,$ 3379.35,1
1451,09:30:01,$ 3379.35,1
1452,09:30:01,$ 3379.35,10
1453,09:30:01,$ 3379.35,1
1454,09:30:01,$ 3379.35,1
1455,09:30:01,$ 3379.35,2
1456,09:30:01,$ 3379.35,25
1457,09:30:01,$ 3379.35,12
1458,09:30:01,$ 3379.35,1
1459,09:30:01,$ 3379.35,6
1460,09:30:01,$ 3379.35,2
1461,09:30:01,$ 3379.35,1
1462,09:30:01,$ 3379.35,6
1463,09:30:01,$ 3379.35,1
1464,09:30:01,$ 3379.35,1
1465,09:30:01,$ 3379.35,2
1466,09:30:01,$ 3379.35,9
1467,09:30:01,$ 3379.35,10
1468,09:30:01,$ 3379.35,14
1469,09:30:01,$ 3379.35,4
1471,09:30:01,$ 3379.35,15
1472,09:30:01,$ 3379.35,1
1473,09:30:01,$ 3379.35,30
1474,09:30:01,$ 3379.35,1
1475,09:30:01,$ 3379.35,1
1476,09:30:01,$ 3379.35,1
1477,09:30:01,$ 3379.35,1
1478,09:30:01,$ 3379.35,2
1479,09:30:01,$ 3379.35,30
1480,09:30:01,$ 3379.35,4
1481,09:30:01,$ 3379.35,1
1482,09:30:01,$ 3379.35,5
1483,09:30:01,$ 3379.35,1
1484,09:30:01,$ 3379.35,1
1485,09:30:01,$ 3379.35,1
1486,09:30:01,$ 3379.35,2
1487,09:30:01,$ 3379.35,10
1488,09:30:01,$ 3379.35,1
1489,09:30:01,$ 3379.35,1
1490,09:30:01,$ 3379.35,1
1492,09:30:01,$ 3379.35,1
1493,09:30:01,$ 3379.35,1
1494,09:30:01,$ 3379.35,2
1495,09:30:01,$ 3379.35,3
1496,09:30:01,$ 3379.35,1
1497,09:30:01,$ 3379.35,1
1498,09:30:01,$ 3379.35,1
1499,09:30:01,$ 3379.35,1
1500,09:30:01,$ 3379.35,1
1501,09:30:01,$ 3379.35,1
1502,09:30:01,$ 3379.35,2
1503,09:30:01,$ 3379.35,3
1504,09:30:01,$ 3379.35,25
1505,09:30:01,$ 3379.35,1
1506,09:30:01,$ 3379.35,1
1507,09:30:01,$ 3379.35,2
1508,09:30:01,$ 3379.35,1
1509,09:30:01,$ 3379.35,1
1510,09:30:01,$ 3379.35,1
1511,09:30:01,$ 3379.35,3
1513,09:30:01,$ 3379.35,3
1514,09:30:01,$ 3379.35,1
1515,09:30:01,$ 3379.35,1
1516,09:30:01,$ 3379.35,1
1517,09:30:01,$ 3379.35,11
1518,09:30:01,$ 3379.35,1
1519,09:30:01,$ 3379.35,1
1520,09:30:01,$ 3379.35,3
1521,09:30:01,$ 3379.35,1
1522,09:30:01,$ 3379.35,1
1523,09:30:01,$ 3379.35,2
1524,09:30:01,$ 3379.35,2
1525,09:30:01,$ 3379.35,1
1526,09:30:01,$ 3379.35,1
1527,09:30:01,$ 3379.35,1
1528,09:30:01,$ 3379.35,3
1529,09:30:01,$ 3379.35,1
1530,09:30:01,$ 3379.35,2
1531,09:30:01,$ 3379.35,1
1532,09:30:01,$ 3379.35,1
1534,09:30:01,$ 3379.35,1
1535,09:30:01,$ 3379.35,1
1536,09:30:01,$ 3379.35,10
1537,09:30:01,$ 3379.35,8
1538,09:30:01,$ 3379.35,1
1539,09:30:01,$ 3379.35,1
1540,09:30:01,$ 3379.35,2
1541,09:30:01,$ 3379.35,10
1542,09:30:01,$ 3379.35,1
1543,09:30:01,$ 3379.35,3
1544,09:30:01,$ 3379.35,5
1545,09:30:01,$ 3379.35,1
1546,09:30:01,$ 3379.35,1
1547,09:30:01,$ 3379.35,30
1548,09:30:01,$ 3379.35,2
1549,09:30:01,$ 3379.35,1
1550,09:30:01,$ 3379.35,1
1551,09:30:01,$ 3379.35,10
1552,09:30:01,$ 3379.35,1
1553,09:30:01,$ 3379.35,1
1555,09:30:01,$ 3379.35,1
1556,09:30:01,$ 3379.35,1
1557,09:30:01,$ 3379.35,2
1558,09:30:01,$ 3379.35,30
1559,09:30:01,$ 3379.35,5
1560,09:30:01,$ 3379.35,1
1561,09:30:01,$ 3379.35,2
1562,09:30:01,$ 3379.35,1
1563,09:30:01,$ 3379.35,2
1564,09:30:01,$ 3379.35,1
1565,09:30:01,$ 3379.35,1
1566,09:30:01,$ 3379.35,25
1567,09:30:01,$ 3379.35,7
1568,09:30:01,$ 3379.35,44
1569,09:30:01,$ 3379.35,1
1570,09:30:01,$ 3379.35,2
1571,09:30:01,$ 3379.35,50
1572,09:30:01,$ 3379.35,5
1573,09:30:01,$ 3379.35,5
1574,09:30:01,$ 3379.35,5
1576,09:30:01,$ 3379.35,5
1577,09:30:01,$ 3379.35,1
1578,09:30:01,$ 3379.35,1
1579,09:30:01,$ 3379.35,1
1580,09:30:01,$ 3379.35,1
1581,09:30:01,$ 3379.35,1
1582,09:30:01,$ 3379.35,12
1583,09:30:01,$ 3379.35,2
1584,09:30:01,$ 3379.35,1
1585,09:30:01,$ 3379.35,1
1586,09:30:01,$ 3379.35,1
1587,09:30:01,$ 3379.35,1
1588,09:30:01,$ 3379.35,3
1589,09:30:01,$ 3379.35,3
1590,09:30:01,$ 3379.35,3
1591,09:30:01,$ 3379.35,30
1592,09:30:01,$ 3379.35,3
1593,09:30:01,$ 3379.35,3
1594,09:30:01,$ 3379.35,3
1595,09:30:01,$ 3379.35,1
1597,09:30:01,$ 3379.35,5
1598,09:30:01,$ 3379.35,1
1599,09:30:01,$ 3379.35,10
1600,09:30:01,$ 3379.35,1
1601,09:30:01,$ 3379.35,1
1602,09:30:01,$ 3379.35,1
1603,09:30:01,$ 3379.35,10
1604,09:30:01,$ 3379.35,1
1605,09:30:01,$ 3379.35,1
1606,09:30:01,$ 3379.35,2
1607,09:30:01,$ 3379.35,30
1608,09:30:01,$ 3379.35,3
1609,09:30:01,$ 3379.35,6
1610,09:30:01,$ 3379.35,3
1611,09:30:01,$ 3379.35,6
1612,09:30:01,$ 3379.35,7
1613,09:30:01,$ 3379.35,1
1614,09:30:01,$ 3379.35,10
1615,09:30:01,$ 3379.35,4
1616,09:30:01,$ 3379.35,8
1618,09:30:01,$ 3379.35,15
1619,09:30:01,$ 3379.35,1
1620,09:30:01,$ 3379.35,45
1621,09:30:01,$ 3379.35,5
1622,09:30:01,$ 3379.35,10
1623,09:30:01,$ 3379.35,1
1624,09:30:01,$ 3379.35,3
1625,09:30:01,$ 3379.35,7
1626,09:30:01,$ 3379.35,2
1627,09:30:01,$ 3379.35,1
1628,09:30:01,$ 3379.35,3
1629,09:30:01,$ 3379.35,3
1630,09:30:01,$ 3379.35,3
1631,09:30:01,$ 3379.35,5
1632,09:30:01,$ 3379.35,43
1633,09:30:01,$ 3379.35,20
1634,09:30:01,$ 3379.35,7
1635,09:30:01,$ 3379.35,12
1636,09:30:01,$ 3379.35,35
1637,09:30:01,$ 3379.35,176
1639,09:30:01,$ 3379.35,3
1640,09:30:01,$ 3379.35,100
1641,09:30:01,$ 3379.35,683
1642,09:30:01,$ 3379.35,5
1643,09:30:01,$ 3379.35,6
1644,09:30:01,$ 3379.35,2
1645,09:30:01,$ 3379.35,1
1646,09:30:01,$ 3379.35,4
1647,09:30:01,$ 3379.35,1
1648,09:30:01,$ 3379.35,60
1649,09:30:01,$ 3379.35,8
1650,09:30:01,$ 3379.35,25
1651,09:30:01,$ 3379.35,1
1652,09:30:01,$ 3379.35,1
1653,09:30:01,$ 3379.35,1
1654,09:30:01,$ 3379.35,1
1655,09:30:01,$ 3379.35,1
1656,09:30:01,$ 3379.35,1
1657,09:30:01,$ 3379.35,2
1658,09:30:01,$ 3379.35,1
1660,09:30:01,$ 3379.35,1
1661,09:30:01,$ 3379.35,1
1662,09:30:01,$ 3379.35,3
1663,09:30:01,$ 3379.35,1
1664,09:30:01,$ 3379.35,1
1665,09:30:01,$ 3379.35,1
1666,09:30:01,$ 3379.35,8
1667,09:30:01,$ 3379.35,20
1668,09:30:01,$ 3379.35,1
1669,09:30:01,$ 3379.35,1
1670,09:30:01,$ 3379.35,1
1671,09:30:01,$ 3379.35,20
1672,09:30:01,$ 3379.35,1
1673,09:30:01,$ 3379.35,6
1674,09:30:01,$ 3379.35,8
1675,09:30:01,$ 3379.35,12
1676,09:30:01,$ 3379.35,1
1677,09:30:01,$ 3379.35,12
1678,09:30:01,$ 3379.35,3
1679,09:30:01,$ 3379.35,2
1681,09:30:01,$ 3379.35,2
1682,09:30:01,$ 3379.35,10
1683,09:30:01,$ 3379.35,4
1684,09:30:01,$ 3379.35,10
1685,09:30:01,$ 3379.35,1
1686,09:30:01,$ 3379.35,1
1687,09:30:01,$ 3379.35,1
1688,09:30:01,$ 3379.35,146
1689,09:30:01,$ 3379.35,1
1690,09:30:01,$ 3379.35,1
1691,09:30:01,$ 3379.35,12
1692,09:30:01,$ 3379.35,2
1693,09:30:01,$ 3379.35,4
1694,09:30:01,$ 3379.35,16
1695,09:30:01,$ 3379.35,3
1696,09:30:01,$ 3379.35,1
1697,09:30:01,$ 3379.35,2
1698,09:30:01,$ 3379.35,15
1699,09:30:01,$ 3379.35,5
1700,09:30:01,$ 3379.35,4
1702,09:30:01,$ 3379.35,68
1703,09:30:01,$ 3379.35,1
1704,09:30:01,$ 3379.35,5
1705,09:30:01,$ 3379.35,2
1706,09:30:01,$ 3379.35,1
1707,09:30:01,$ 3379.35,5
1708,09:30:01,$ 3379.35,1
1709,09:30:01,$ 3379.35,1
1710,09:30:01,$ 3379.35,1
1711,09:30:01,$ 3379.35,1
1712,09:30:01,$ 3379.35,1
1713,09:30:01,$ 3379.35,2
1714,09:30:01,$ 3379.35,3
1715,09:30:01,$ 3379.35,1
1716,09:30:01,$ 3379.35,5
1717,09:30:01,$ 3379.35,5
1718,09:30:01,$ 3379.35,1
1719,09:30:01,$ 3379.35,1
1720,09:30:01,$ 3379.35,20
1721,09:30:01,$ 3379.35,1
1723,09:30:01,$ 3379.35,9
1724,09:30:01,$ 3379.35,1
1725,09:30:01,$ 3379.35,2
1726,09:30:01,$ 3379.35,1
1727,09:30:01,$ 3379.35,1
1728,09:30:01,$ 3379.35,3
1729,09:30:01,$ 3379.35,3
1730,09:30:01,$ 3379.35,2
1731,09:30:01,$ 3379.35,200
1732,09:30:01,$ 3379.35,30
1733,09:30:01,$ 3379.35,1
1734,09:30:01,$ 3379.35,1
1735,09:30:01,$ 3379.35,1
1736,09:30:01,$ 3379.35,1
1737,09:30:01,$ 3379.35,15
1738,09:30:01,$ 3379.35,2
1739,09:30:01,$ 3379.35,2
1740,09:30:01,$ 3379.35,2
1741,09:30:01,$ 3379.35,4
1742,09:30:01,$ 3379.35,3
1744,09:30:01,$ 3379.35,3
1745,09:30:01,$ 3379.35,1
1746,09:30:01,$ 3379.35,1
1747,09:30:01,$ 3379.35,7
1748,09:30:01,$ 3379.35,2
1749,09:30:01,$ 3379.35,6
1750,09:30:01,$ 3379.35,5
1751,09:30:01,$ 3379.35,1
1752,09:30:01,$ 3379.35,1
1753,09:30:01,$ 3379.35,3
1754,09:30:01,$ 3379.35,10
1755,09:30:01,$ 3379.35,1
1756,09:30:01,$ 3379.35,4
1757,09:30:01,$ 3379.35,3
1758,09:30:01,$ 3379.35,7
1759,09:30:01,$ 3379.35,2
1760,09:30:01,$ 3379.35,1
1761,09:30:01,$ 3379.35,2
1762,09:30:01,$ 3379.35,5
1763,09:30:01,$ 3379.35,1
1765,09:30:01,$ 3379.35,8
1766,09:30:01,$ 3379.35,1
1767,09:30:01,$ 3379.35,1
1768,09:30:01,$ 3379.35,15
1769,09:30:01,$ 3379.35,5
1770,09:30:01,$ 3379.35,6
1771,09:30:01,$ 3379.35,50
1772,09:30:01,$ 3379.35,6
1773,09:30:01,$ 3379.35,3
1774,09:30:01,$ 3379.35,2
1775,09:30:01,$ 3379.35,1
1776,09:30:01,$ 3379.35,1
1777,09:30:01,$ 3379.35,2
1778,09:30:01,$ 3379.35,3
1779,09:30:01,$ 3379.35,5
1780,09:30:01,$ 3379.35,6
1781,09:30:01,$ 3379.35,6
1782,09:30:01,$ 3379.35,8
1783,09:30:01,$ 3379.35,9
1784,09:30:01,$ 3379.35,16
1786,09:30:01,$ 3379.35,16
1787,09:30:01,$ 3379.35,17
1788,09:30:01,$ 3379.35,20
1789,09:30:01,$ 3379.35,22
1790,09:30:01,$ 3379.35,22
1791,09:30:01,$ 3379.35,61
1792,09:30:01,$ 3379.35,8
1793,09:30:01,$ 3379.35,10
1794,09:30:01,$ 3379.35,7
1795,09:30:01,$ 3379.35,12
1796,09:30:01,$ 3379.35,8
1797,09:30:01,$ 3379.35,56
1798,09:30:01,$ 3379.35,1
1799,09:30:01,$ 3379.35,1
1800,09:30:01,$ 3379.35,89
1801,09:30:01,$ 3379.35,1
1802,09:30:01,$ 3379.35,107
1803,09:30:01,$ 3379.35,5
1804,09:30:01,$ 3379.35,41
1805,09:30:01,$ 3379.35,13
1807,09:30:01,$ 3379.35,2
1808,09:30:01,$ 3379.35,4
1809,09:30:01,$ 3379.35,5
1810,09:30:01,$ 3379.35,194
1811,09:30:01,$ 3379.35,3
1812,09:30:01,$ 3379.35,5
1813,09:30:01,$ 3379.35,3
1814,09:30:01,$ 3379.35,2
1815,09:30:01,$ 3379.35,4
1816,09:30:01,$ 3379.35,9
1817,09:30:01,$ 3379.35,1
1818,09:30:01,$ 3379.35,23
1819,09:30:01,$ 3379.35,21
1820,09:30:01,$ 3379.35,34
1821,09:30:01,$ 3379.35,2
1822,09:30:01,$ 3379.35,10
1823,09:30:01,$ 3379.35,5
1824,09:30:01,$ 3379.35,1
1825,09:30:01,$ 3379.35,1
1826,09:30:01,$ 3379.35,1
1828,09:30:01,$ 3379.35,5
1829,09:30:01,$ 3379.35,"1,900"
1830,09:30:01,$ 3379.35,1
1831,09:30:01,$ 3379.35,4
1832,09:30:01,$ 3379.35,2
1833,09:30:01,$ 3379.35,10
1834,09:30:01,$ 3379.35,2
1835,09:30:01,$ 3379.35,6
1836,09:30:01,$ 3379.35,3
1837,09:30:01,$ 3379.35,1
1838,09:30:01,$ 3379.35,168
1839,09:30:01,$ 3379.35,168
1840,09:30:01,$ 3379.35,168
1841,09:30:01,$ 3379.35,168
1842,09:30:01,$ 3379.35,1
1843,09:30:01,$ 3379.35,15
1844,09:30:01,$ 3379.35,16
1845,09:30:01,$ 3379.35,1
1846,09:30:01,$ 3379.35,2
1847,09:30:01,$ 3379.35,7
1849,09:30:01,$ 3379.35,1
1850,09:30:01,$ 3379.35,18
1851,09:30:01,$ 3379.35,8
1852,09:30:01,$ 3379.35,8
1853,09:30:01,$ 3379.35,8
1854,09:30:01,$ 3379.35,2
1855,09:30:01,$ 3379.35,2
1856,09:30:01,$ 3379.35,6
1857,09:30:01,$ 3379.35,6
1858,09:30:01,$ 3379.35,15
1859,09:30:01,$ 3379.35,36
1860,09:30:01,$ 3379.35,15
1861,09:30:01,$ 3379.35,6
1862,09:30:01,$ 3379.35,15
1863,09:30:01,$ 3379.35,2
1864,09:30:01,$ 3379.35,8
1865,09:30:01,$ 3379.35,6
1866,09:30:01,$ 3379.35,40
1867,09:30:01,$ 3379.35,1
1868,09:30:01,$ 3379.35,5
1870,09:30:01,$ 3379.35,25
1871,09:30:01,$ 3379.35,23
1872,09:30:01,$ 3379.35,4
1873,09:30:01,$ 3379.35,1
1874,09:30:01,$ 3379.35,3
1875,09:30:01,$ 3379.35,1
1876,09:30:01,$ 3379.35,2
1877,09:30:01,$ 3379.35,2
1878,09:30:01,$ 3379.35,15
1879,09:30:01,$ 3379.35,20
1880,09:30:01,$ 3379.35,15
1881,09:30:01,$ 3379.35,12
1882,09:30:01,$ 3379.35,11
1883,09:30:01,$ 3379.35,2
1884,09:30:01,$ 3379.35,15
1885,09:30:01,$ 3379.35,8
1886,09:30:01,$ 3379.35,3
1887,09:30:01,$ 3379.35,1
1888,09:30:01,$ 3379.35,10
1889,09:30:01,$ 3379.35,5
1891,09:30:01,$ 3379.35,11
1892,09:30:01,$ 3379.35,30
1893,09:30:01,$ 3379.35,6
1894,09:30:01,$ 3379.35,3
1895,09:30:01,$ 3379.35,30
1896,09:30:01,$ 3379.35,1
1897,09:30:01,$ 3379.35,30
1898,09:30:01,$ 3379.35,20
1899,09:30:01,$ 3379.35,7
1900,09:30:01,$ 3379.35,2
1901,09:30:01,$ 3379.35,5
1902,09:30:01,$ 3379.35,7
1903,09:30:01,$ 3379.35,3
1904,09:30:01,$ 3379.35,3
1905,09:30:01,$ 3379.35,100
1906,09:30:01,$ 3379.35,20
1907,09:30:01,$ 3379.35,1
1908,09:30:01,$ 3379.35,1
1909,09:30:01,$ 3379.35,9
1910,09:30:01,$ 3379.35,5
1912,09:30:01,$ 3379.35,31
1913,09:30:01,$ 3379.35,11
1914,09:30:01,$ 3379.35,5
1915,09:30:01,$ 3379.35,44
1916,09:30:01,$ 3379.35,5
1917,09:30:01,$ 3379.35,6
1918,09:30:01,$ 3379.35,8
1919,09:30:01,$ 3379.35,1
1920,09:30:01,$ 3379.35,4
1921,09:30:01,$ 3379.35,1
1922,09:30:01,$ 3379.35,2
1923,09:30:01,$ 3379.35,1
1924,09:30:01,$ 3379.35,1
1925,09:30:01,$ 3379.35,1
1926,09:30:01,$ 3379.35,1
1927,09:30:01,$ 3379.35,1
1928,09:30:01,$ 3379.35,1
1929,09:30:01,$ 3379.35,1
1930,09:30:01,$ 3379.35,1
1931,09:30:01,$ 3379.35,1
1933,09:30:01,$ 3379.35,3
1934,09:30:01,$ 3379.35,1
1935,09:30:01,$ 3379.35,1
1936,09:30:01,$ 3379.35,1
1937,09:30:01,$ 3379.35,1
1938,09:30:01,$ 3379.35,1
1939,09:30:01,$ 3379.35,1
1940,09:30:01,$ 3379.35,3
1941,09:30:01,$ 3379.35,5
1942,09:30:01,$ 3379.35,5
1943,09:30:01,$ 3379.35,1
1944,09:30:01,$ 3379.35,2
1945,09:30:01,$ 3379.35,4
1946,09:30:01,$ 3379.35,230
1947,09:30:01,$ 3379.35,119
1948,09:30:01,$ 3379.35,145
1949,09:30:01,$ 3379.35,142
1950,09:30:01,$ 3379.35,1
1951,09:30:01,$ 3379.35,1
1952,09:30:01,$ 3379.35,1
1954,09:30:01,$ 3379.35,13
1955,09:30:01,$ 3379.35,5
1956,09:30:01,$ 3379.35,1
1957,09:30:01,$ 3379.35,1
1958,09:30:01,$ 3379.35,8
1959,09:30:01,$ 3379.35,1
1960,09:30:01,$ 3379.35,3
1961,09:30:01,$ 3379.35,6
1962,09:30:01,$ 3379.35,5
1963,09:30:01,$ 3379.35,13
1964,09:30:01,$ 3379.35,1
1965,09:30:01,$ 3379.35,1
1966,09:30:01,$ 3379.35,1
1967,09:30:01,$ 3379.35,1
1968,09:30:01,$ 3379.35,1
1969,09:30:01,$ 3379.35,10
1970,09:30:01,$ 3379.35,1
1971,09:30:01,$ 3379.35,3
1972,09:30:01,$ 3379.35,5
1973,09:30:01,$ 3379.35,2
1975,09:30:01,$ 3379.35,1
1976,09:30:01,$ 3379.35,1
1977,09:30:01,$ 3379.35,1
1978,09:30:01,$ 3379.35,5
1979,09:30:01,$ 3379.35,1
1980,09:30:01,$ 3379.35,2
1981,09:30:01,$ 3379.35,1
1982,09:30:01,$ 3379.35,20
1983,09:30:01,$ 3379.35,5
1984,09:30:01,$ 3379.35,1
1985,09:30:01,$ 3379.35,1
1986,09:30:01,$ 3379.35,2
1987,09:30:01,$ 3379.35,2
1988,09:30:01,$ 3379.35,18
1989,09:30:01,$ 3379.35,2
1990,09:30:01,$ 3379.35,2
1991,09:30:01,$ 3379.35,10
1992,09:30:01,$ 3379.35,12
1993,09:30:01,$ 3379.35,10
1994,09:30:01,$ 3379.35,3
1996,09:30:01,$ 3379.35,5
1997,09:30:01,$ 3379.35,10
1998,09:30:01,$ 3379.35,5
1999,09:30:01,$ 3379.35,1
2000,09:30:01,$ 3379.35,5
2001,09:30:01,$ 3379.35,4
2002,09:30:01,$ 3379.35,1
2003,09:30:01,$ 3379.35,4
2004,09:30:01,$ 3379.35,48
2005,09:30:01,$ 3379.35,1
2006,09:30:01,$ 3379.35,1
2007,09:30:01,$ 3379.35,5
2008,09:30:01,$ 3379.35,2
2009,09:30:01,$ 3379.35,125
2010,09:30:01,$ 3379.35,30
2011,09:30:01,$ 3379.35,3
2012,09:30:01,$ 3379.35,416
2013,09:30:01,$ 3379.35,1
2014,09:30:01,$ 3379.35,5
2015,09:30:01,$ 3379.35,2
2017,09:30:01,$ 3379.35,2
2018,09:30:01,$ 3379.35,2
2019,09:30:01,$ 3379.35,1
2020,09:30:01,$ 3379.35,1
2021,09:30:01,$ 3379.35,10
2022,09:30:01,$ 3379.35,103
2023,09:30:01,$ 3379.35,2
2024,09:30:01,$ 3379.35,5
2025,09:30:01,$ 3379.35,15
2026,09:30:01,$ 3379.35,1
2027,09:30:01,$ 3379.35,4
2028,09:30:01,$ 3379.35,1
2029,09:30:01,$ 3379.35,8
2030,09:30:01,$ 3379.35,3
2031,09:30:01,$ 3379.35,100
2032,09:30:01,$ 3379.35,1
2033,09:30:01,$ 3379.35,5
2034,09:30:01,$ 3379.35,2
2035,09:30:01,$ 3379.35,1
2036,09:30:01,$ 3379.35,2
2038,09:30:01,$ 3379.35,10
2039,09:30:01,$ 3379.35,100
2040,09:30:01,$ 3379.35,1
2041,09:30:01,$ 3379.35,1
2042,09:30:01,$ 3379.35,1
2043,09:30:01,$ 3379.35,1
2044,09:30:01,$ 3379.35,1
2045,09:30:01,$ 3379.35,3
2046,09:30:01,$ 3379.35,10
2047,09:30:01,$ 3379.35,3
2048,09:30:01,$ 3379.35,27
2049,09:30:01,$ 3379.35,5
2050,09:30:01,$ 3379.35,1
2051,09:30:01,$ 3379.35,49
2052,09:30:01,$ 3379.35,108
2053,09:30:01,$ 3379.35,1
2054,09:30:01,$ 3379.35,28
2055,09:30:01,$ 3379.35,15
2056,09:30:01,$ 3379.35,15
2057,09:30:01,$ 3379.35,1
2059,09:30:01,$ 3379.35,4
2060,09:30:01,$ 3379.35,2
2061,09:30:01,$ 3379.35,2
2062,09:30:01,$ 3379.35,5
2063,09:30:01,$ 3379.35,6
2064,09:30:01,$ 3379.35,100
2065,09:30:01,$ 3379.35,12
2066,09:30:01,$ 3379.35,1
2067,09:30:01,$ 3379.35,3
2068,09:30:01,$ 3379.35,1
2069,09:30:01,$ 3379.35,1
2070,09:30:01,$ 3379.35,1
2071,09:30:01,$ 3379.35,2
2072,09:30:01,$ 3379.35,3
2073,09:30:01,$ 3379.35,1
2074,09:30:01,$ 3379.35,4
2075,09:30:01,$ 3379.35,2
2076,09:30:01,$ 3379.35,1
2077,09:30:01,$ 3379.35,12
2078,09:30:01,$ 3379.35,10
2080,09:30:01,$ 3379.35,1
2081,09:30:01,$ 3379.35,1
2082,09:30:01,$ 3379.35,1
2083,09:30:01,$ 3379.35,1
2084,09:30:01,$ 3379.35,5
2085,09:30:01,$ 3379.35,1
2086,09:30:01,$ 3379.35,15
2087,09:30:01,$ 3379.35,3
2088,09:30:01,$ 3379.35,216
2089,09:30:01,$ 3379.35,12
2090,09:30:01,$ 3379.35,3
2091,09:30:01,$ 3379.35,3
2092,09:30:01,$ 3379.35,1
2093,09:30:01,$ 3379.35,1
2094,09:30:01,$ 3379.35,1
2095,09:30:01,$ 3379.35,1
2096,09:30:01,$ 3379.35,2
2097,09:30:01,$ 3379.35,3
2098,09:30:01,$ 3379.35,1
2099,09:30:01,$ 3379.35,1
2101,09:30:01,$ 3379.35,2
2102,09:30:01,$ 3379.35,1
2103,09:30:01,$ 3379.35,1
2104,09:30:01,$ 3379.35,1
2105,09:30:01,$ 3379.35,2
2106,09:30:01,$ 3379.35,1
2107,09:30:01,$ 3379.35,3
2108,09:30:01,$ 3379.35,1
2109,09:30:01,$ 3379.35,3
2110,09:30:01,$ 3379.35,5
2111,09:30:01,$ 3379.35,3
2112,09:30:01,$ 3379.35,3
2113,09:30:01,$ 3379.35,1
2114,09:30:01,$ 3379.35,1
2115,09:30:01,$ 3379.35,2
2116,09:30:01,$ 3379.35,1
2117,09:30:01,$ 3379.35,1
2118,09:30:01,$ 3379.35,1
2119,09:30:01,$ 3379.35,1
2120,09:30:01,$ 3379.35,1
2122,09:30:01,$ 3379.35,2
2123,09:30:01,$ 3379.35,2
2124,09:30:01,$ 3379.35,1
2125,09:30:01,$ 3379.35,2
2126,09:30:01,$ 3379.35,1
2127,09:30:01,$ 3379.35,4
2128,09:30:01,$ 3379.35,1
2129,09:30:01,$ 3379.35,2
2130,09:30:01,$ 3379.35,3
2131,09:30:01,$ 3379.35,5
2132,09:30:01,$ 3379.35,1
2133,09:30:01,$ 3379.35,1
2134,09:30:01,$ 3379.35,1
2135,09:30:01,$ 3379.35,3
2136,09:30:01,$ 3379.35,1
2137,09:30:01,$ 3379.35,1
2138,09:30:01,$ 3379.35,3
2139,09:30:01,$ 3379.35,2
2140,09:30:01,$ 3379.35,1
2141,09:30:01,$ 3379.35,2
2143,09:30:01,$ 3379.35,1
2144,09:30:01,$ 3379.35,1
2145,09:30:01,$ 3379.35,12
2146,09:30:01,$ 3379.35,5
2147,09:30:01,$ 3379.35,5
2148,09:30:01,$ 3379.35,2
2149,09:30:01,$ 3379.35,3
2150,09:30:01,$ 3379.35,1
2151,09:30:01,$ 3379.35,1
2152,09:30:01,$ 3379.35,1
2153,09:30:01,$ 3379.35,3
2154,09:30:01,$ 3379.35,2
2155,09:30:01,$ 3379.35,1
2156,09:30:01,$ 3379.35,2
2157,09:30:01,$ 3379.35,3
2158,09:30:01,$ 3379.35,1
2159,09:30:01,$ 3379.35,3
2160,09:30:01,$ 3379.35,1
2161,09:30:01,$ 3379.35,2
2162,09:30:01,$ 3379.35,3
2164,09:30:01,$ 3379.35,1
2165,09:30:01,$ 3379.35,3
2166,09:30:01,$ 3379.35,1
2167,09:30:01,$ 3379.35,2
2168,09:30:01,$ 3379.35,10
2169,09:30:01,$ 3379.35,5
2170,09:30:01,$ 3379.35,10
2171,09:30:01,$ 3379.35,1
2172,09:30:01,$ 3379.35,1
2173,09:30:01,$ 3379.35,1
2174,09:30:01,$ 3379.35,2
2175,09:30:01,$ 3379.35,3
2176,09:30:01,$ 3379.35,1
2177,09:30:01,$ 3379.35,14
2178,09:30:01,$ 3379.35,22
2179,09:30:01,$ 3379.35,1
2180,09:30:01,$ 3379.35,10
2181,09:30:01,$ 3379.35,1
2182,09:30:01,$ 3379.35,1
2183,09:30:01,$ 3379.35,2
2185,09:30:01,$ 3379.35,10
2186,09:30:01,$ 3379.35,1
2187,09:30:01,$ 3379.35,23
2188,09:30:01,$ 3379.35,20
2189,09:30:01,$ 3379.35,1
2190,09:30:01,$ 3379.35,5
2191,09:30:01,$ 3379.35,2
2192,09:30:01,$ 3379.35,2
2193,09:30:01,$ 3379.35,1
2194,09:30:01,$ 3379.35,2
2195,09:30:01,$ 3379.35,4
2196,09:30:01,$ 3379.35,30
2197,09:30:01,$ 3379.35,2
2198,09:30:01,$ 3379.35,10
2199,09:30:01,$ 3379.35,5
2200,09:30:01,$ 3379.35,10
2201,09:30:01,$ 3379.35,2
2202,09:30:01,$ 3379.35,3
2203,09:30:01,$ 3379.35,1
2204,09:30:01,$ 3379.35,1
2206,09:30:01,$ 3379.35,1
2207,09:30:01,$ 3379.35,5
2208,09:30:01,$ 3379.35,4
2209,09:30:01,$ 3379.35,2
2210,09:30:01,$ 3379.35,15
2211,09:30:01,$ 3379.35,1
2212,09:30:01,$ 3379.35,2
2213,09:30:01,$ 3379.35,5
2214,09:30:01,$ 3379.35,22
2215,09:30:01,$ 3379.35,8
2216,09:30:01,$ 3379.35,6
2217,09:30:01,$ 3379.35,1
2218,09:30:01,$ 3379.35,1
2219,09:30:01,$ 3379.35,2
2220,09:30:01,$ 3379.35,1
2221,09:30:01,$ 3379.35,1
2222,09:30:01,$ 3379.35,1
2223,09:30:01,$ 3379.35,10
2224,09:30:01,$ 3379.35,3
2225,09:30:01,$ 3379.35,1
2227,09:30:01,$ 3379.35,2
2228,09:30:01,$ 3379.35,15
2229,09:30:01,$ 3379.35,46
2230,09:30:01,$ 3379.35,1
2231,09:30:01,$ 3379.35,25
2232,09:30:01,$ 3379.35,15
2233,09:30:01,$ 3379.35,33
2234,09:30:01,$ 3379.35,2
2235,09:30:01,$ 3379.35,30
2236,09:30:01,$ 3379.35,10
2237,09:30:01,$ 3379.35,6
2238,09:30:01,$ 3379.35,10
2239,09:30:01,$ 3379.35,1
2240,09:30:01,$ 3379.35,2
2241,09:30:01,$ 3379.35,1
2242,09:30:01,$ 3379.35,2
2243,09:30:01,$ 3379.35,1
2244,09:30:01,$ 3379.35,1
2245,09:30:01,$ 3379.35,14
2246,09:30:01,$ 3379.35,1
2248,09:30:01,$ 3379.35,11
2249,09:30:01,$ 3379.35,3
2250,09:30:01,$ 3379.35,20
2251,09:30:01,$ 3379.35,1
2252,09:30:01,$ 3379.35,1
2253,09:30:01,$ 3379.35,1
2254,09:30:01,$ 3379.35,5
2255,09:30:01,$ 3379.35,2
2256,09:30:01,$ 3379.35,3
2257,09:30:01,$ 3379.35,15
2258,09:30:01,$ 3379.35,3
2259,09:30:01,$ 3379.35,5
2260,09:30:01,$ 3379.35,2
2261,09:30:01,$ 3379.35,4
2262,09:30:01,$ 3379.35,1
2263,09:30:01,$ 3379.35,22
2264,09:30:01,$ 3379.35,2
2265,09:30:01,$ 3379.35,82
2266,09:30:01,$ 3379.35,1
2267,09:30:01,$ 3379.35,1
2269,09:30:01,$ 3379.35,1
2270,09:30:01,$ 3379.35,374
2271,09:30:01,$ 3379.35,1
2272,09:30:01,$ 3379.35,4
2273,09:30:01,$ 3379.35,1
2274,09:30:01,$ 3379.35,50
2275,09:30:01,$ 3379.35,1
2276,09:30:01,$ 3379.35,5
2277,09:30:01,$ 3379.35,15
2278,09:30:01,$ 3379.35,1
2279,09:30:01,$ 3379.35,2
2280,09:30:01,$ 3379.35,1
2281,09:30:01,$ 3379.35,1
2282,09:30:01,$ 3379.35,3
2283,09:30:01,$ 3379.35,1
2284,09:30:01,$ 3379.35,1
2285,09:30:01,$ 3379.35,1
2286,09:30:01,$ 3379.35,1
2287,09:30:01,$ 3379.35,2
2288,09:30:01,$ 3379.35,1
2290,09:30:01,$ 3379.35,1
2291,09:30:01,$ 3379.35,1
2292,09:30:01,$ 3379.35,1
2293,09:30:01,$ 3379.35,1
2294,09:30:01,$ 3379.35,1
2295,09:30:01,$ 3379.35,1
2296,09:30:01,$ 3379.35,3
2297,09:30:01,$ 3379.35,1
2298,09:30:01,$ 3379.35,2
2299,09:30:01,$ 3379.35,1
2300,09:30:01,$ 3379.35,12
2301,09:30:01,$ 3379.35,15
2302,09:30:01,$ 3379.35,6
2303,09:30:01,$ 3379.35,9
2304,09:30:01,$ 3379.35,48
2305,09:30:01,$ 3379.35,14
2306,09:30:01,$ 3379.35,11
2307,09:30:01,$ 3379.35,15
2308,09:30:01,$ 3379.35,3
2309,09:30:01,$ 3379.35,1
2311,09:30:01,$ 3379.35,1
2312,09:30:01,$ 3379.35,30
2313,09:30:01,$ 3379.35,1
2314,09:30:01,$ 3379.35,6
2315,09:30:01,$ 3379.35,1
2316,09:30:01,$ 3379.35,3
2317,09:30:01,$ 3379.35,50
2318,09:30:01,$ 3379.35,1
2319,09:30:01,$ 3379.35,1
2320,09:30:01,$ 3379.35,6
2321,09:30:01,$ 3379.35,6
2322,09:30:01,$ 3379.35,100
2323,09:30:01,$ 3379.35,6
2324,09:30:01,$ 3379.35,15
2325,09:30:01,$ 3379.35,4
2326,09:30:01,$ 3379.35,10
2327,09:30:01,$ 3379.35,16
2328,09:30:01,$ 3379.35,2
2329,09:30:01,$ 3379.35,106
2330,09:30:01,$ 3379.35,6
2332,09:30:01,$ 3379.35,11
2333,09:30:01,$ 3379.35,1
2334,09:30:01,$ 3379.35,1
2335,09:30:01,$ 3379.35,7
2336,09:30:01,$ 3379.35,6
2337,09:30:01,$ 3379.35,1
2338,09:30:01,$ 3379.35,17
2339,09:30:01,$ 3379.35,1
2340,09:30:01,$ 3379.35,1
2341,09:30:01,$ 3379.35,1
2342,09:30:01,$ 3379.35,2
2343,09:30:01,$ 3379.35,1
2344,09:30:01,$ 3379.35,1
2345,09:30:01,$ 3379.35,2
2346,09:30:01,$ 3379.35,1
2347,09:30:01,$ 3379.35,9
2348,09:30:01,$ 3379.35,100
2349,09:30:01,$ 3379.35,15
2350,09:30:01,$ 3379.35,65
2351,09:30:01,$ 3379.35,3
2353,09:30:01,$ 3379.35,3
2354,09:30:01,$ 3379.35,14
2355,09:30:01,$ 3379.35,5
2356,09:30:01,$ 3379.35,13
2357,09:30:01,$ 3379.35,3
2358,09:30:01,$ 3379.35,5
2359,09:30:01,$ 3379.35,8
2360,09:30:01,$ 3379.35,27
2361,09:30:01,$ 3379.35,1
2362,09:30:01,$ 3379.35,1
2363,09:30:01,$ 3379.35,1
2364,09:30:01,$ 3379.35,1
2365,09:30:01,$ 3379.35,200
2366,09:30:01,$ 3379.35,5
2367,09:30:01,$ 3379.35,6
2368,09:30:01,$ 3379.35,1
2369,09:30:01,$ 3379.35,27
2370,09:30:01,$ 3379.35,11
2371,09:30:01,$ 3379.35,295
2372,09:30:01,$ 3379.35,4
2374,09:30:01,$ 3379.35,9
2375,09:30:01,$ 3379.35,11
2376,09:30:01,$ 3379.35,3
2377,09:30:01,$ 3379.35,10
2378,09:30:01,$ 3379.35,7
2379,09:30:01,$ 3379.35,4
2380,09:30:01,$ 3379.35,12
2381,09:30:01,$ 3379.35,30
2382,09:30:01,$ 3379.35,17
2383,09:30:01,$ 3379.35,17
2384,09:30:01,$ 3379.35,164
2385,09:30:01,$ 3379.35,16
2386,09:30:01,$ 3379.35,6
2387,09:30:01,$ 3379.35,1
2388,09:30:01,$ 3379.35,6
2389,09:30:01,$ 3379.35,2
2390,09:30:01,$ 3379.35,1
2391,09:30:01,$ 3379.35,5
2392,09:30:01,$ 3379.35,1
2393,09:30:01,$ 3379.35,5
2395,09:30:01,$ 3379.35,2
2396,09:30:01,$ 3379.35,1
2397,09:30:01,$ 3379.35,1
2398,09:30:01,$ 3379.35,5
2399,09:30:01,$ 3379.35,2
2400,09:30:01,$ 3379.35,7
2401,09:30:01,$ 3379.35,144
2402,09:30:01,$ 3379.35,1
2403,09:30:01,$ 3379.35,1
2404,09:30:01,$ 3379.35,1
2405,09:30:01,$ 3379.35,2
2406,09:30:01,$ 3379.35,1
2407,09:30:01,$ 3379.35,4
2408,09:30:01,$ 3379.35,3
2409,09:30:01,$ 3379.35,1
2410,09:30:01,$ 3379.35,3
2411,09:30:01,$ 3379.35,1
2412,09:30:01,$ 3379.35,1
2413,09:30:01,$ 3379.35,5
2414,09:30:01,$ 3379.35,1
2416,09:30:01,$ 3379.35,1
2417,09:30:01,$ 3379.35,5
2418,09:30:01,$ 3379.35,5
2419,09:30:01,$ 3379.35,1
2420,09:30:01,$ 3379.35,2
2421,09:30:01,$ 3379.35,1
2422,09:30:01,$ 3379.35,1
2423,09:30:01,$ 3379.35,2
2424,09:30:01,$ 3379.35,2
2425,09:30:01,$ 3379.35,1
2426,09:30:01,$ 3379.35,1
2427,09:30:01,$ 3379.35,3
2428,09:30:01,$ 3379.35,1
2429,09:30:01,$ 3379.35,1
2430,09:30:01,$ 3379.35,5
2431,09:30:01,$ 3379.35,10
2432,09:30:01,$ 3379.35,1
2433,09:30:01,$ 3379.35,1
2434,09:30:01,$ 3379.35,1
2435,09:30:01,$ 3379.35,1
2437,09:30:01,$ 3379.35,2
2438,09:30:01,$ 3379.35,1
2439,09:30:01,$ 3379.35,9
2440,09:30:01,$ 3379.35,1
2441,09:30:01,$ 3379.35,1
2442,09:30:01,$ 3379.35,1
2443,09:30:01,$ 3379.35,3
2444,09:30:01,$ 3379.35,1
2445,09:30:01,$ 3379.35,2
2446,09:30:01,$ 3379.35,1
2447,09:30:01,$ 3379.35,1
2448,09:30:01,$ 3379.35,1
2449,09:30:01,$ 3379.35,1
2450,09:30:01,$ 3379.35,1
2451,09:30:01,$ 3379.35,1
2452,09:30:01,$ 3379.35,1
2453,09:30:01,$ 3379.35,1
2454,09:30:01,$ 3379.35,1
2455,09:30:01,$ 3379.35,5
2456,09:30:01,$ 3379.35,1
2458,09:30:01,$ 3379.35,1
2459,09:30:01,$ 3379.35,9
2460,09:30:01,$ 3379.35,1
2461,09:30:01,$ 3379.35,1
2462,09:30:01,$ 3379.35,1
2463,09:30:01,$ 3379.35,9
2464,09:30:01,$ 3379.35,2
2465,09:30:01,$ 3379.35,1
2466,09:30:01,$ 3379.35,3
2467,09:30:01,$ 3379.35,4
2468,09:30:01,$ 3379.35,1
2469,09:30:01,$ 3379.35,5
2470,09:30:01,$ 3379.35,3
2471,09:30:01,$ 3379.35,1
2472,09:30:01,$ 3379.35,2
2473,09:30:01,$ 3379.35,1
2474,09:30:01,$ 3379.35,3
2475,09:30:01,$ 3379.35,1
2476,09:30:01,$ 3379.35,2
2477,09:30:01,$ 3379.35,1
2479,09:30:01,$ 3379.35,3
2480,09:30:01,$ 3379.35,2
2481,09:30:01,$ 3379.35,8
2482,09:30:01,$ 3379.35,1
2483,09:30:01,$ 3379.35,3
2484,09:30:01,$ 3379.35,10
2485,09:30:01,$ 3379.35,3
2486,09:30:01,$ 3379.35,144
2487,09:30:01,$ 3379.35,2
2488,09:30:01,$ 3379.35,8
2489,09:30:01,$ 3379.35,1
2490,09:30:01,$ 3379.35,1
2491,09:30:01,$ 3379.35,1
2492,09:30:01,$ 3379.35,5
2493,09:30:01,$ 3379.35,4
2494,09:30:01,$ 3379.35,1
2495,09:30:01,$ 3379.35,1
2496,09:30:01,$ 3379.35,5
2497,09:30:01,$ 3379.35,1
2498,09:30:01,$ 3379.35,1
2500,09:30:01,$ 3379.35,1
2501,09:30:01,$ 3379.35,15
2502,09:30:01,$ 3379.35,1
2503,09:30:01,$ 3379.35,3
2504,09:30:01,$ 3379.35,1
2505,09:30:01,$ 3379.35,2
2506,09:30:01,$ 3379.35,1
2507,09:30:01,$ 3379.35,2
2508,09:30:01,$ 3379.35,2
2509,09:30:01,$ 3379.35,2
2510,09:30:01,$ 3379.35,6
2511,09:30:01,$ 3379.35,50
2512,09:30:01,$ 3379.35,1
2513,09:30:01,$ 3379.35,3
2514,09:30:01,$ 3379.35,5
2515,09:30:01,$ 3379.35,1
2516,09:30:01,$ 3379.35,3
2517,09:30:01,$ 3379.35,1
2518,09:30:01,$ 3379.35,1
2519,09:30:01,$ 3379.35,1
2521,09:30:01,$ 3379.35,10
2522,09:30:01,$ 3379.35,1
2523,09:30:01,$ 3379.35,3
2524,09:30:01,$ 3379.35,2
2525,09:30:01,$ 3379.35,2
2526,09:30:01,$ 3379.35,5
2527,09:30:01,$ 3379.35,1
2528,09:30:01,$ 3379.35,4
2529,09:30:01,$ 3379.35,2
2530,09:30:01,$ 3379.35,3
2531,09:30:01,$ 3379.35,2
2532,09:30:01,$ 3379.35,2
2533,09:30:01,$ 3379.35,2
2534,09:30:01,$ 3379.35,35
2535,09:30:01,$ 3379.35,5
2536,09:30:01,$ 3379.35,1
2537,09:30:01,$ 3379.35,1
2538,09:30:01,$ 3379.35,1
2539,09:30:01,$ 3379.35,1
2540,09:30:01,$ 3379.35,6
2542,09:30:01,$ 3379.35,1
2543,09:30:01,$ 3379.35,5
2544,09:30:01,$ 3379.35,1
2545,09:30:01,$ 3379.35,15
2546,09:30:01,$ 3379.35,1
2547,09:30:01,$ 3379.35,1
2548,09:30:01,$ 3379.35,1
2549,09:30:01,$ 3379.35,1
2550,09:30:01,$ 3379.35,1
2551,09:30:01,$ 3379.35,4
2552,09:30:01,$ 3379.35,691
2553,09:30:01,$ 3379.35,200
2554,09:30:01,$ 3379.35,10
2555,09:30:01,$ 3379.35,81
2556,09:30:01,$ 3379.35,6
2557,09:30:01,$ 3379.35,1
2558,09:30:01,$ 3379.35,10
2559,09:30:01,$ 3379.35,4
2560,09:30:01,$ 3379.35,3
2561,09:30:01,$ 3379.35,2
2563,09:30:01,$ 3379.35,6
2564,09:30:01,$ 3379.35,1
2565,09:30:01,$ 3379.35,11
2566,09:30:01,$ 3379.35,5
2567,09:30:01,$ 3379.35,300
2568,09:30:01,$ 3379.35,100
2569,09:30:01,$ 3379.35,100
2570,09:30:01,$ 3379.35,40
2571,09:30:01,$ 3379.35,90
2572,09:30:01,$ 3379.35,20
2573,09:30:01,$ 3379.35,24
2574,09:30:01,$ 3379.35,1
2575,09:30:01,$ 3379.35,8
2576,09:30:01,$ 3379.35,2
2577,09:30:01,$ 3379.35,100
2578,09:30:01,$ 3379.35,1
2579,09:30:01,$ 3379.35,10
2580,09:30:01,$ 3379.35,50
2581,09:30:01,$ 3379.35,8
2582,09:30:01,$ 3379.35,4
2584,09:30:01,$ 3379.35,9
2585,09:30:01,$ 3379.35,4
2586,09:30:01,$ 3379.35,42
2587,09:30:01,$ 3379.35,1
2588,09:30:01,$ 3379.35,84
2589,09:30:01,$ 3379.35,14
2590,09:30:01,$ 3379.35,20
2591,09:30:01,$ 3379.35,1
2592,09:30:01,$ 3379.35,5
2593,09:30:01,$ 3379.35,27
2594,09:30:01,$ 3379.35,20
2595,09:30:01,$ 3379.35,2
2596,09:30:01,$ 3379.35,80
2597,09:30:01,$ 3379.35,6
2598,09:30:01,$ 3379.35,2
2599,09:30:01,$ 3379.35,10
2600,09:30:01,$ 3379.35,1
2601,09:30:01,$ 3379.35,3
2602,09:30:01,$ 3379.35,1
2603,09:30:01,$ 3379.35,4
2605,09:30:01,$ 3379.35,20
2606,09:30:01,$ 3379.35,2
2607,09:30:01,$ 3379.35,1
2608,09:30:01,$ 3379.35,1
2609,09:30:01,$ 3379.35,2
2610,09:30:01,$ 3379.35,3
2611,09:30:01,$ 3379.35,1
2612,09:30:01,$ 3379.35,2
2613,09:30:01,$ 3379.35,4
2614,09:30:01,$ 3379.35,1
2615,09:30:01,$ 3379.35,6
2616,09:30:01,$ 3379.35,2
2617,09:30:01,$ 3379.35,1
2618,09:30:01,$ 3379.35,1
2619,09:30:01,$ 3379.35,23
2620,09:30:01,$ 3379.35,20
2621,09:30:01,$ 3379.35,13
2622,09:30:01,$ 3379.35,11
2623,09:30:01,$ 3379.35,9
2624,09:30:01,$ 3379.35,20
2626,09:30:01,$ 3379.35,1
2627,09:30:01,$ 3379.35,18
2628,09:30:01,$ 3379.35,20
2629,09:30:01,$ 3379.35,10
2630,09:30:01,$ 3379.35,1
2631,09:30:01,$ 3379.35,3
2632,09:30:01,$ 3379.35,108
2633,09:30:01,$ 3379.35,12
2634,09:30:01,$ 3379.35,3
2635,09:30:01,$ 3379.35,1
2636,09:30:01,$ 3379.35,13
2637,09:30:01,$ 3379.35,300
2638,09:30:01,$ 3379.35,50
2639,09:30:01,$ 3379.35,10
2640,09:30:01,$ 3379.35,15
2641,09:30:01,$ 3379.35,5
2642,09:30:01,$ 3379.35,30
2643,09:30:01,$ 3379.35,4
2644,09:30:01,$ 3379.35,11
2645,09:30:01,$ 3379.35,20
2647,09:30:01,$ 3379.35,4
2648,09:30:01,$ 3379.35,4
2649,09:30:01,$ 3379.35,16
2650,09:30:01,$ 3379.35,11
2651,09:30:01,$ 3379.35,10
2652,09:30:01,$ 3379.35,15
2653,09:30:01,$ 3379.35,1
2654,09:30:01,$ 3379.35,10
2655,09:30:01,$ 3379.35,15
2656,09:30:01,$ 3379.35,15
2657,09:30:01,$ 3379.35,4
2658,09:30:01,$ 3379.35,4
2659,09:30:01,$ 3379.35,3
2660,09:30:01,$ 3379.35,20
2661,09:30:01,$ 3379.35,1
2662,09:30:01,$ 3379.35,10
2663,09:30:01,$ 3379.35,11
2664,09:30:01,$ 3379.35,14
2665,09:30:01,$ 3379.35,8
2666,09:30:01,$ 3379.35,10
2668,09:30:01,$ 3379.35,9
2669,09:30:01,$ 3379.35,5
2670,09:30:01,$ 3379.35,6
2671,09:30:01,$ 3379.35,1
2672,09:30:01,$ 3379.35,3
2673,09:30:01,$ 3379.35,1
2674,09:30:01,$ 3379.35,1
2675,09:30:01,$ 3379.35,1
2676,09:30:01,$ 3379.35,77
2677,09:30:01,$ 3379.35,100
2678,09:30:01,$ 3379.35,30
2679,09:30:01,$ 3379.35,6
2680,09:30:01,$ 3379.35,5
2681,09:30:01,$ 3379.35,1
2682,09:30:01,$ 3379.35,25
2683,09:30:01,$ 3379.35,11
2684,09:30:01,$ 3379.35,71
2685,09:30:01,$ 3379.35,200
2686,09:30:01,$ 3379.35,20
2687,09:30:01,$ 3379.35,1
2689,09:30:01,$ 3379.35,15
2690,09:30:01,$ 3379.35,1
2691,09:30:01,$ 3379.35,10
2692,09:30:01,$ 3379.35,3
2693,09:30:01,$ 3379.35,1
2694,09:30:01,$ 3379.35,12
2695,09:30:01,$ 3379.35,1
2696,09:30:01,$ 3379.35,2
2697,09:30:01,$ 3379.35,55
2698,09:30:01,$ 3379.35,10
2699,09:30:01,$ 3379.35,426
2700,09:30:01,$ 3379.35,6
2701,09:30:01,$ 3379.35,214
2702,09:30:01,$ 3379.35,8
2703,09:30:01,$ 3379.35,1
2704,09:30:01,$ 3379.35,1
2705,09:30:01,$ 3379.35,1
2706,09:30:01,$ 3379.35,10
2707,09:30:01,$ 3379.35,3
2708,09:30:01,$ 3379.35,10
2710,09:30:01,$ 3379.35,10
2711,09:30:01,$ 3379.35,44
2712,09:30:01,$ 3379.35,2
2713,09:30:01,$ 3379.35,1
2714,09:30:01,$ 3379.35,1
2715,09:30:01,$ 3379.35,1
2716,09:30:01,$ 3379.35,4
2717,09:30:01,$ 3379.35,2
2718,09:30:01,$ 3379.35,1
2719,09:30:01,$ 3379.35,1
2720,09:30:01,$ 3379.35,8
2721,09:30:01,$ 3379.35,98
2722,09:30:01,$ 3379.35,92
2723,09:30:01,$ 3379.35,2
2724,09:30:01,$ 3379.35,5
2725,09:30:01,$ 3379.35,14
2726,09:30:01,$ 3379.35,1
2727,09:30:01,$ 3379.35,7
2728,09:30:01,$ 3379.35,35
2729,09:30:01,$ 3379.35,183
2731,09:30:01,$ 3379.35,3
2732,09:30:01,$ 3379.35,1
2733,09:30:01,$ 3379.35,7
2734,09:30:01,$ 3379.35,1
2735,09:30:01,$ 3379.35,33
2736,09:30:01,$ 3379.35,34
2737,09:30:01,$ 3379.35,30
2738,09:30:01,$ 3379.35,6
2739,09:30:01,$ 3379.35,3
2740,09:30:01,$ 3379.35,500
2741,09:30:01,$ 3379.35,1
2742,09:30:01,$ 3379.35,14
2743,09:30:01,$ 3379.35,3
2744,09:30:01,$ 3379.35,4
2745,09:30:01,$ 3379.35,3
2746,09:30:01,$ 3379.35,9
2747,09:30:01,$ 3379.35,5
2748,09:30:01,$ 3379.35,94
2749,09:30:01,$ 3379.35,1
2750,09:30:01,$ 3379.35,"1,000"
2752,09:30:01,$ 3379.35,20
2753,09:30:01,$ 3379.35,1
2754,09:30:01,$ 3379.35,1
2755,09:30:01,$ 3379.35,1
2756,09:30:01,$ 3379.35,7
2757,09:30:01,$ 3379.35,4
2758,09:30:01,$ 3379.35,28
2759,09:30:01,$ 3379.35,29
2760,09:30:01,$ 3379.35,1
2761,09:30:01,$ 3379.35,1
2762,09:30:01,$ 3379.35,1
2763,09:30:01,$ 3379.35,5
2764,09:30:01,$ 3379.35,10
2765,09:30:01,$ 3379.35,3
2766,09:30:01,$ 3379.35,1
2767,09:30:01,$ 3379.35,3
2768,09:30:01,$ 3379.35,30
2769,09:30:01,$ 3379.35,3
2770,09:30:01,$ 3379.35,3
2771,09:30:01,$ 3379.35,5
2773,09:30:01,$ 3379.35,1
2774,09:30:01,$ 3379.35,5
2775,09:30:01,$ 3379.35,7
2776,09:30:01,$ 3379.35,15
2777,09:30:01,$ 3379.35,6
2778,09:30:01,$ 3379.35,1
2779,09:30:01,$ 3379.35,1
2780,09:30:01,$ 3379.35,2
2781,09:30:01,$ 3379.35,139
2782,09:30:01,$ 3379.35,9
2783,09:30:01,$ 3379.35,5
2784,09:30:01,$ 3379.35,10
2785,09:30:01,$ 3379.35,11
2786,09:30:01,$ 3379.35,1
2787,09:30:01,$ 3379.35,3
2788,09:30:01,$ 3379.35,1
2789,09:30:01,$ 3379.35,9
2790,09:30:01,$ 3379.35,3
2791,09:30:01,$ 3379.35,"3,100"
2792,09:30:01,$ 3379.35,2
2794,09:30:01,$ 3379.35,3
2795,09:30:01,$ 3379.35,5
2796,09:30:01,$ 3379.35,1
2797,09:30:01,$ 3379.35,8
2798,09:30:01,$ 3379.35,1
2799,09:30:01,$ 3379.35,1
2800,09:30:01,$ 3379.35,300
2801,09:30:01,$ 3379.35,1
2802,09:30:01,$ 3379.35,1
2803,09:30:01,$ 3379.35,1
2804,09:30:01,$ 3379.35,1
2805,09:30:01,$ 3379.35,1
2806,09:30:01,$ 3379.35,5
2807,09:30:01,$ 3379.35,5
2808,09:30:01,$ 3379.35,2
2809,09:30:01,$ 3379.35,8
2810,09:30:01,$ 3379.35,21
2811,09:30:01,$ 3379.35,4
2812,09:30:01,$ 3379.35,1
2813,09:30:01,$ 3379.35,1
2815,09:30:01,$ 3379.35,3
2816,09:30:01,$ 3379.35,212
2817,09:30:01,$ 3379.35,2
2818,09:30:01,$ 3379.35,4
2819,09:30:01,$ 3379.35,1
2820,09:30:01,$ 3379.35,3
2821,09:30:01,$ 3379.35,4
2822,09:30:01,$ 3379.35,6
2823,09:30:01,$ 3379.35,24
2824,09:30:01,$ 3379.35,1
2825,09:30:01,$ 3379.35,135
2826,09:30:01,$ 3379.35,1
2827,09:30:01,$ 3379.35,10
2828,09:30:01,$ 3379.35,2
2829,09:30:01,$ 3379.35,2
2830,09:30:01,$ 3379.35,1
2831,09:30:01,$ 3379.35,5
2832,09:30:01,$ 3379.35,20
2833,09:30:01,$ 3379.35,1
2834,09:30:01,$ 3379.35,7
2836,09:30:01,$ 3379.35,2
2837,09:30:01,$ 3379.35,1
2838,09:30:01,$ 3379.35,1
2839,09:30:01,$ 3379.35,110
2840,09:30:01,$ 3379.35,23
2841,09:30:01,$ 3379.35,68
2842,09:30:01,$ 3379.35,842
2843,09:30:01,$ 3379.35,2
2844,09:30:01,$ 3379.35,1
2845,09:30:01,$ 3379.35,"1,290"
2846,09:30:01,$ 3379.35,3
2847,09:30:01,$ 3379.35,10
2848,09:30:01,$ 3379.35,1
2849,09:30:01,$ 3379.35,2
2850,09:30:01,$ 3379.35,3
2851,09:30:01,$ 3379.35,4
2852,09:30:01,$ 3379.35,1
2853,09:30:01,$ 3379.35,179
2854,09:30:01,$ 3379.35,10
2855,09:30:01,$ 3379.35,50
2857,09:30:01,$ 3379.35,5
2858,09:30:01,$ 3379.35,1
2859,09:30:01,$ 3379.35,7
2860,09:30:01,$ 3379.35,5
2861,09:30:01,$ 3379.35,5
2862,09:30:01,$ 3379.35,1
2863,09:30:01,$ 3379.35,2
2864,09:30:01,$ 3379.35,1
2865,09:30:01,$ 3379.35,6
2866,09:30:01,$ 3379.35,14
2867,09:30:01,$ 3379.35,1
2868,09:30:01,$ 3379.35,1
2869,09:30:01,$ 3379.35,1
2870,09:30:01,$ 3379.35,5
2871,09:30:01,$ 3379.35,1
2872,09:30:01,$ 3379.35,2
2873,09:30:01,$ 3379.35,1
2874,09:30:01,$ 3379.35,1
2875,09:30:01,$ 3379.35,2
2876,09:30:01,$ 3379.35,1
2878,09:30:01,$ 3379.35,30
2879,09:30:01,$ 3379.35,5
2880,09:30:01,$ 3379.35,"1,000"
2881,09:30:01,$ 3379.35,12
2882,09:30:01,$ 3379.35,1
2883,09:30:01,$ 3379.35,5
2884,09:30:01,$ 3379.35,1
2885,09:30:01,$ 3379.35,9
2886,09:30:01,$ 3379.35,3
2887,09:30:01,$ 3379.35,5
2888,09:30:01,$ 3379.35,1
2889,09:30:01,$ 3379.35,3
2890,09:30:01,$ 3379.35,4
2891,09:30:01,$ 3379.35,1
2892,09:30:01,$ 3379.35,1
2893,09:30:01,$ 3379.35,3
2894,09:30:01,$ 3379.35,1
2895,09:30:01,$ 3379.35,58
2896,09:30:01,$ 3379.35,3
2897,09:30:01,$ 3379.35,8
2899,09:30:01,$ 3379.35,59
2900,09:30:01,$ 3379.35,1
2901,09:30:01,$ 3379.35,2
2902,09:30:01,$ 3379.35,10
2903,09:30:01,$ 3379.35,3
2904,09:30:01,$ 3379.35,1
2905,09:30:01,$ 3379.35,60
2906,09:30:01,$ 3379.35,13
2907,09:30:01,$ 3379.35,10
2908,09:30:01,$ 3379.35,3
2909,09:30:01,$ 3379.35,1
2910,09:30:01,$ 3379.35,17
2911,09:30:01,$ 3379.35,1
2912,09:30:01,$ 3379.35,5
2913,09:30:01,$ 3379.35,1
2914,09:30:01,$ 3379.35,4
2915,09:30:01,$ 3379.35,3
2916,09:30:01,$ 3379.35,1
2917,09:30:01,$ 3379.35,10
2918,09:30:01,$ 3379.35,3
2920,09:30:01,$ 3379.35,7
2921,09:30:01,$ 3379.35,1
2922,09:30:01,$ 3379.35,5
2923,09:30:01,$ 3379.35,26
2924,09:30:01,$ 3379.35,15
2925,09:30:01,$ 3379.35,1
2926,09:30:01,$ 3379.35,15
2927,09:30:01,$ 3379.35,1
2928,09:30:01,$ 3379.35,45
2929,09:30:01,$ 3379.35,20
2930,09:30:01,$ 3379.35,2
2931,09:30:01,$ 3379.35,2
2932,09:30:01,$ 3379.35,42
2933,09:30:01,$ 3379.35,4
2934,09:30:01,$ 3379.35,4
2935,09:30:01,$ 3379.35,3
2936,09:30:01,$ 3379.35,10
2937,09:30:01,$ 3379.35,3
2938,09:30:01,$ 3379.35,1
2939,09:30:01,$ 3379.35,1
2941,09:30:01,$ 3379.35,1
2942,09:30:01,$ 3379.35,3
2943,09:30:01,$ 3379.35,74
2944,09:30:01,$ 3379.35,1
2945,09:30:01,$ 3379.35,12
2946,09:30:01,$ 3379.35,6
2947,09:30:01,$ 3379.35,30
2948,09:30:01,$ 3379.35,37
2949,09:30:01,$ 3379.35,10
2950,09:30:01,$ 3379.35,20
2951,09:30:01,$ 3379.35,1
2952,09:30:01,$ 3379.35,1
2953,09:30:01,$ 3379.35,50
2954,09:30:01,$ 3379.35,9
2955,09:30:01,$ 3379.35,20
2956,09:30:01,$ 3379.35,25
2957,09:30:01,$ 3379.35,2
2958,09:30:01,$ 3379.35,20
2959,09:30:01,$ 3379.35,1
2960,09:30:01,$ 3379.35,5
2962,09:30:01,$ 3379.35,1
2963,09:30:01,$ 3379.35,177
2964,09:30:01,$ 3379.35,2
2965,09:30:01,$ 3379.35,4
2966,09:30:01,$ 3379.35,1
2967,09:30:01,$ 3379.35,30
2968,09:30:01,$ 3379.35,"4,000"
2969,09:30:01,$ 3379.35,3
2970,09:30:01,$ 3379.35,3
2971,09:30:01,$ 3379.35,192
2972,09:30:01,$ 3379.35,3
2973,09:30:01,$ 3379.35,2
2974,09:30:01,$ 3379.35,16
2975,09:30:01,$ 3379.35,2
2976,09:30:01,$ 3379.35,30
2977,09:30:01,$ 3379.35,6
2978,09:30:01,$ 3379.35,22
2979,09:30:01,$ 3379.35,43
2980,09:30:01,$ 3379.35,4
2981,09:30:00,$ 3376.49,100
2983,09:30:00,$ 3375.75,240
2985,10:29:57,$ 3357.76,100
2986,10:29:57,$ 3357.13,100
2987,10:29:27,$ 3358.175,100
2988,10:29:23,$ 3358.50,100
2989,10:29:23,$ 3358.43,100
2990,10:29:22,$ 3357.31,100
2991,10:29:22,$ 3357.74,100
2992,10:29:22,$ 3357.33,100
2993,10:29:22,$ 3357.33,100
2994,10:29:21,$ 3357.16,100
2995,10:29:20,$ 3356.89,100
2996,10:29:16,$ 3357.06,100
2997,10:29:08,$ 3357.81,121
2998,10:28:54,$ 3357.02,100
2999,10:28:52,$ 3357.015,100
3000,10:28:52,$ 3356.3031,200
3001,10:28:39,$ 3355.075,100
3002,10:28:26,$ 3357.29,100
3003,10:28:18,$ 3354.65,100
3004,10:28:14,$ 3355.00,107
3006,10:28:13,$ 3353.145,100
3007,10:28:06,$ 3353.23,165
3008,10:28:06,$ 3353.328,100
3009,10:28:06,$ 3353.238,100
3010,10:28:06,$ 3353.82,100
3011,10:28:06,$ 3353.68,100
3012,10:28:06,$ 3353.68,100
3013,10:28:03,$ 3354.65,100
3014,10:27:59,$ 3356.13,100
3015,10:27:59,$ 3356.10,107
3016,10:27:54,$ 3356.93,100
3017,10:27:53,$ 3355.74,100
3018,10:27:53,$ 3356.00,100
3019,10:27:52,$ 3356.88,112
3020,10:27:38,$ 3355.92,100
3021,10:27:34,$ 3356.49,100
3022,10:27:30,$ 3356.77,100
3023,10:27:27,$ 3356.08,100
3024,10:27:23,$ 3356.1466,132
3025,10:27:20,$ 3355.585,100
3027,10:27:15,$ 3356.06,100
3028,10:27:06,$ 3354.81,100
3029,10:27:06,$ 3355.21,100
3030,10:27:06,$ 3354.80,100
3031,10:27:06,$ 3355.13,100
3032,10:27:06,$ 3355.10,100
3033,10:27:06,$ 3355.08,100
3034,10:27:05,$ 3355.85,179
3035,10:27:04,$ 3355.485,100
3036,10:26:45,$ 3355.345,100
3037,10:26:45,$ 3354.66,300
3038,10:26:45,$ 3355.724,100
3039,10:26:45,$ 3355.722,100
3040,10:26:44,$ 3356.1725,100
3041,10:26:35,$ 3355.71,100
3042,10:26:33,$ 3355.335,100
3043,10:26:33,$ 3356.00,100
3044,10:26:26,$ 3355.01,100
3045,10:26:10,$ 3354.075,100
3046,10:26:10,$ 3354.46,100
3048,10:26:09,$ 3354.28,100
3049,10:26:09,$ 3354.46,100
3050,10:26:09,$ 3354.39,100
3051,10:26:09,$ 3354.39,100
3052,10:26:09,$ 3354.445,100
3053,10:26:01,$ 3353.4616,200
3054,10:26:00,$ 3354.0825,100
3055,10:26:00,$ 3354.86,100
3056,10:25:47,$ 3354.0995,100
3057,10:25:46,$ 3354.5139,400
3058,10:25:38,$ 3353.4975,100
3059,10:25:33,$ 3353.37,100
3060,10:25:33,$ 3353.90,100
3061,10:25:30,$ 3353.8999,100
3062,10:25:15,$ 3351.7205,100
3063,10:25:12,$ 3352.67,100
3064,10:25:10,$ 3352.17,123
3065,10:25:04,$ 3352.07,100
3066,10:24:59,$ 3352.2464,298
3067,10:24:59,$ 3352.42,100
3069,10:24:59,$ 3352.895,100
3070,10:24:42,$ 3352.09,100
3071,10:24:16,$ 3350.845,100
3072,10:24:14,$ 3351.46,200
3073,10:24:11,$ 3352.00,100
3074,10:24:08,$ 3350.6999,100
3075,10:23:58,$ 3350.53,100
3076,10:23:34,$ 3350.71,100
3077,10:23:32,$ 3351.06,100
3078,10:23:10,$ 3350.314,200
3079,10:23:01,$ 3350.53,100
3080,10:22:48,$ 3351.43,161
3081,10:22:48,$ 3351.42,100
3082,10:22:46,$ 3351.98,"1,000"
3083,10:22:45,$ 3351.47,100
3084,10:22:45,$ 3351.98,150
3085,10:22:45,$ 3352.0726,"1,000"
3086,10:22:24,$ 3351.995,500
3087,10:22:23,$ 3351.3346,388
3088,10:22:21,$ 3351.005,100
3090,10:22:21,$ 3350.755,500
3091,10:22:20,$ 3350.655,100
3092,10:22:05,$ 3349.56,100
3093,10:22:05,$ 3349.525,100
3094,10:22:05,$ 3349.50,100
3095,10:22:05,$ 3349.60,100
3096,10:21:55,$ 3349.405,100
3097,10:21:55,$ 3349.46,100
3098,10:21:50,$ 3349.44,100
3099,10:21:50,$ 3349.51,100
3100,10:21:50,$ 3349.485,100
3101,10:21:45,$ 3350.125,500
3102,10:21:43,$ 3349.26,100
3103,10:21:41,$ 3350.26,100
3104,10:21:39,$ 3350.33,100
3105,10:21:36,$ 3350.205,340
3106,10:21:36,$ 3350.395,100
3107,10:21:23,$ 3350.68,100
3108,10:20:57,$ 3351.46,100
3109,10:20:44,$ 3350.85,100
3111,10:20:42,$ 3350.60,100
3112,10:20:42,$ 3350.51,100
3113,10:20:42,$ 3350.50,100
3114,10:20:41,$ 3351.7299,100
3115,10:20:25,$ 3350.97,100
3116,10:20:08,$ 3351.97,100
3117,10:20:06,$ 3353.00,100
3118,10:20:05,$ 3353.88,100
3119,10:20:03,$ 3353.175,100
3120,10:19:58,$ 3353.88,100
3121,10:19:53,$ 3353.00,130
3122,10:19:53,$ 3353.00,100
3123,10:19:53,$ 3353.02,100
3124,10:19:44,$ 3353.50,100
3125,10:19:32,$ 3351.9347,184
3126,10:19:07,$ 3352.1028,100
3127,10:18:50,$ 3353.01,100
3128,10:18:48,$ 3351.71,100
3129,10:18:25,$ 3349.484,400
3130,10:18:17,$ 3350.00,100
3132,10:18:17,$ 3350.362,500
3133,10:18:15,$ 3350.75,100
3134,10:18:14,$ 3350.375,100
3135,10:18:11,$ 3350.65,100
3136,10:18:09,$ 3351.03,100
3137,10:18:07,$ 3350.00,100
3138,10:18:05,$ 3350.59,100
3139,10:18:05,$ 3350.60,100
3140,10:17:59,$ 3351.80,262
3141,10:17:56,$ 3351.745,100
3142,10:17:35,$ 3351.595,100
3143,10:17:20,$ 3352.62,100
3144,10:17:20,$ 3352.40,100
3145,10:17:19,$ 3350.795,100
3146,10:17:19,$ 3351.92,100
3147,10:17:19,$ 3351.90,100
3148,10:17:19,$ 3351.86,100
3149,10:17:19,$ 3351.84,100
3150,10:17:17,$ 3352.5799,300
3151,10:17:08,$ 3350.57,100
3153,10:17:08,$ 3351.48,100
3154,10:16:56,$ 3349.1301,390
3155,10:16:52,$ 3350.675,100
3156,10:16:52,$ 3350.96,100
3157,10:16:48,$ 3349.3233,100
3158,10:16:44,$ 3350.055,100
3159,10:16:42,$ 3349.48,100
3160,10:16:41,$ 3348.945,100
3161,10:16:41,$ 3350.01,100
3162,10:16:41,$ 3350.00,100
3163,10:16:41,$ 3350.00,100
3164,10:16:41,$ 3350.00,100
3165,10:16:41,$ 3350.00,100
3166,10:16:41,$ 3350.00,100
3167,10:16:41,$ 3350.00,125
3168,10:16:41,$ 3350.00,150
3169,10:16:41,$ 3350.00,100
3170,10:16:41,$ 3350.00,100
3171,10:16:41,$ 3350.00,100
3172,10:16:41,$ 3350.00,125
3174,10:16:41,$ 3350.00,150
3175,10:16:41,$ 3350.00,100
3176,10:16:41,$ 3350.00,100
3177,10:16:39,$ 3350.1001,100
3178,10:16:36,$ 3350.8025,298
3179,10:16:32,$ 3351.00,100
3180,10:16:29,$ 3351.29,100
3181,10:16:26,$ 3351.69,100
3182,10:16:23,$ 3351.13,100
3183,10:16:23,$ 3351.66,200
3184,10:16:23,$ 3352.00,150
3185,10:16:22,$ 3352.50,150
3186,10:15:57,$ 3354.36,100
3187,10:15:55,$ 3354.19,100
3188,10:15:43,$ 3355.9423,100
3189,10:15:39,$ 3355.0625,100
3190,10:15:38,$ 3354.01,100
3191,10:15:35,$ 3354.33,100
3192,10:15:28,$ 3354.025,100
3193,10:15:28,$ 3355.36,100
3195,10:15:24,$ 3355.653,100
3196,10:15:23,$ 3353.7156,500
3197,10:15:08,$ 3355.33,100
3198,10:15:06,$ 3354.235,100
3199,10:15:00,$ 3356.08,100
3200,10:14:26,$ 3354.78,244
3201,10:14:24,$ 3353.24,100
3202,10:14:17,$ 3352.30,100
3203,10:14:17,$ 3352.30,100
3204,10:14:15,$ 3353.01,100
3205,10:14:13,$ 3353.01,100
3206,10:14:13,$ 3353.11,100
3207,10:14:13,$ 3353.11,100
3208,10:14:13,$ 3353.11,100
3209,10:14:13,$ 3353.11,100
3210,10:14:13,$ 3353.11,100
3211,10:14:13,$ 3353.11,100
3212,10:14:13,$ 3353.11,100
3213,10:14:13,$ 3353.15,100
3214,10:13:57,$ 3354.885,100
3216,10:13:55,$ 3354.58,100
3217,10:13:55,$ 3353.01,100
3218,10:13:54,$ 3354.46,100
3219,10:13:54,$ 3355.12,100
3220,10:13:45,$ 3355.616,272
3221,10:13:40,$ 3354.69,100
3222,10:13:32,$ 3355.00,120
3223,10:12:57,$ 3356.19,100
3224,10:12:50,$ 3353.45,100
3225,10:12:40,$ 3353.00,100
3226,10:12:35,$ 3353.6874,100
3227,10:12:20,$ 3354.27,100
3228,10:12:13,$ 3356.53,100
3229,10:12:08,$ 3355.23,100
3230,10:12:08,$ 3355.24,100
3231,10:11:49,$ 3356.525,113
3232,10:11:42,$ 3356.00,100
3233,10:11:29,$ 3356.535,100
3234,10:11:29,$ 3356.22,100
3235,10:11:16,$ 3355.6273,100
3237,10:11:16,$ 3355.69,100
3238,10:10:59,$ 3356.97,100
3239,10:10:53,$ 3356.70,100
3240,10:10:50,$ 3357.00,100
3241,10:10:50,$ 3357.09,127
3242,10:10:50,$ 3357.76,100
3243,10:10:41,$ 3358.795,100
3244,10:10:38,$ 3358.76,100
3245,10:10:36,$ 3357.36,123
3246,10:10:33,$ 3357.95,100
3247,10:10:25,$ 3358.62,100
3248,10:10:25,$ 3358.96,100
3249,10:10:25,$ 3358.13,100
3250,10:10:25,$ 3358.29,100
3251,10:10:19,$ 3359.375,100
3252,10:10:15,$ 3358.375,297
3253,10:10:15,$ 3358.79,100
3254,10:10:12,$ 3358.7899,100
3255,10:09:45,$ 3356.4568,100
3256,10:09:45,$ 3357.04,200
3258,10:09:32,$ 3356.485,100
3259,10:09:11,$ 3357.7499,100
3260,10:08:26,$ 3354.30,100
3261,10:08:17,$ 3354.4925,100
3262,10:08:07,$ 3353.995,100
3263,10:07:44,$ 3354.13,300
3264,10:07:33,$ 3354.875,100
3265,10:07:29,$ 3355.46,100
3266,10:07:28,$ 3355.30,159
3267,10:07:14,$ 3355.69,100
3268,10:07:08,$ 3354.00,100
3269,10:07:02,$ 3354.00,112
3270,10:07:02,$ 3354.52,100
3271,10:06:59,$ 3355.00,100
3272,10:06:59,$ 3355.00,100
3273,10:06:47,$ 3356.5299,200
3274,10:06:44,$ 3356.17,100
3275,10:06:23,$ 3355.99,100
3276,10:06:12,$ 3356.27,100
3277,10:06:12,$ 3356.29,115
3279,10:05:43,$ 3355.50,100
3280,10:05:43,$ 3357.7439,140
3281,10:05:40,$ 3356.54,227
3282,10:05:32,$ 3354.8926,100
3283,10:05:31,$ 3354.42,100
3284,10:05:31,$ 3354.38,100
3285,10:05:31,$ 3354.38,100
3286,10:05:21,$ 3354.36,100
3287,10:05:12,$ 3355.66,100
3288,10:05:11,$ 3356.04,100
3289,10:05:11,$ 3355.72,100
3290,10:05:11,$ 3355.70,100
3291,10:05:02,$ 3357.455,100
3292,10:05:00,$ 3357.06,100
3293,10:04:55,$ 3357.15,100
3294,10:04:40,$ 3355.99,100
3295,10:04:38,$ 3355.09,100
3296,10:04:38,$ 3355.57,100
3297,10:04:38,$ 3355.60,100
3298,10:04:37,$ 3357.0797,100
3300,10:04:37,$ 3357.08,100
3301,10:04:37,$ 3356.30,100
3302,10:04:23,$ 3356.97,100
3303,10:04:23,$ 3357.28,100
3304,10:04:23,$ 3357.06,100
3305,10:04:17,$ 3356.0375,100
3306,10:04:17,$ 3355.64,100
3307,10:03:52,$ 3353.14,100
3308,10:03:52,$ 3352.85,100
3309,10:03:52,$ 3353.35,100
3310,10:03:47,$ 3353.91,100
3311,10:03:45,$ 3355.2499,100
3312,10:03:37,$ 3356.00,100
3313,10:03:27,$ 3354.21,130
3314,10:03:26,$ 3354.37,100
3315,10:03:26,$ 3354.32,100
3316,10:03:26,$ 3355.02,100
3317,10:03:26,$ 3355.10,100
3318,10:03:22,$ 3355.98,100
3319,10:03:17,$ 3357.00,100
3321,10:03:16,$ 3356.2061,100
3322,10:03:15,$ 3355.8018,110
3323,10:03:04,$ 3355.855,100
3324,10:03:04,$ 3356.1534,100
3325,10:02:59,$ 3357.11,139
3326,10:02:49,$ 3358.02,238
3327,10:02:49,$ 3358.59,100
3328,10:02:46,$ 3359.405,100
3329,10:02:04,$ 3358.26,100
3330,10:02:00,$ 3359.90,100
3331,10:01:56,$ 3358.7089,100
3332,10:01:45,$ 3358.5501,100
3333,10:01:43,$ 3359.26,100
3334,10:01:33,$ 3358.54,100
3335,10:01:27,$ 3360.47,100
3336,10:01:27,$ 3360.47,100
3337,10:01:27,$ 3360.47,100
3338,10:01:27,$ 3360.46,100
3339,10:01:26,$ 3361.00,130
3340,10:01:23,$ 3361.02,100
3342,10:01:13,$ 3361.63,100
3343,10:01:13,$ 3361.63,100
3344,10:00:43,$ 3360.00,120
3345,10:00:30,$ 3360.935,100
3346,10:00:26,$ 3360.02,100
3347,10:00:25,$ 3360.50,100
3348,10:00:16,$ 3362.685,100
3349,10:00:01,$ 3363.37,100
3351,10:59:38,$ 3353.11,100
3352,10:59:20,$ 3354.25,100
3353,10:59:17,$ 3353.59,150
3354,10:59:12,$ 3354.26,100
3355,10:59:11,$ 3354.19,100
3356,10:58:56,$ 3353.83,100
3357,10:58:56,$ 3354.18,100
3358,10:58:40,$ 3352.14,100
3359,10:58:40,$ 3352.65,100
3360,10:58:40,$ 3353.93,100
3361,10:58:29,$ 3353.70,100
3362,10:58:18,$ 3354.46,285
3363,10:57:18,$ 3353.03,100
3364,10:55:58,$ 3354.08,138
3365,10:55:51,$ 3353.785,100
3366,10:55:23,$ 3354.00,100
3367,10:55:22,$ 3354.43,100
3368,10:55:22,$ 3353.41,100
3369,10:55:14,$ 3354.07,100
3370,10:55:14,$ 3353.35,100
3372,10:55:13,$ 3353.77,100
3373,10:55:07,$ 3354.34,100
3374,10:55:07,$ 3354.16,100
3375,10:55:00,$ 3353.00,100
3376,10:54:44,$ 3353.14,100
3377,10:54:44,$ 3354.03,100
3378,10:54:44,$ 3354.45,100
3379,10:54:40,$ 3355.92,100
3380,10:54:34,$ 3354.05,100
3381,10:54:24,$ 3354.305,100
3382,10:54:24,$ 3354.53,893
3383,10:54:05,$ 3353.92,100
3384,10:53:47,$ 3352.32,100
3385,10:53:26,$ 3352.32,100
3386,10:53:26,$ 3352.895,100
3387,10:53:04,$ 3353.83,100
3388,10:53:03,$ 3353.06,100
3389,10:52:43,$ 3352.98,100
3390,10:52:38,$ 3353.52,100
3391,10:52:38,$ 3354.00,100
3393,10:52:23,$ 3355.545,100
3394,10:52:23,$ 3355.545,200
3395,10:52:23,$ 3355.545,200
3396,10:52:23,$ 3355.545,100
3397,10:52:22,$ 3355.545,100
3398,10:52:18,$ 3355.885,100
3399,10:52:15,$ 3355.73,100
3400,10:52:15,$ 3355.94,100
3401,10:51:40,$ 3356.08,100
3402,10:51:33,$ 3355.83,100
3403,10:51:13,$ 3355.75,100
3404,10:50:38,$ 3354.155,100
3405,10:50:38,$ 3354.975,100
3406,10:50:38,$ 3355.02,400
3407,10:50:26,$ 3354.90,100
3408,10:50:26,$ 3355.00,100
3409,10:50:26,$ 3355.1298,104
3410,10:50:21,$ 3355.6122,400
3411,10:50:14,$ 3355.0701,200
3412,10:50:07,$ 3357.47,196
3414,10:49:47,$ 3357.32,100
3415,10:49:43,$ 3359.48,120
3416,10:49:43,$ 3357.00,100
3417,10:49:43,$ 3357.80,100
3418,10:49:17,$ 3360.40,100
3419,10:49:16,$ 3360.1425,100
3420,10:49:14,$ 3360.85,100
3421,10:49:14,$ 3360.90,100
3422,10:48:41,$ 3359.3875,100
3423,10:48:25,$ 3358.69,180
3424,10:48:24,$ 3358.69,250
3425,10:48:18,$ 3359.38,100
3426,10:47:32,$ 3357.81,100
3427,10:47:32,$ 3359.0249,110
3428,10:47:32,$ 3359.0249,379
3429,10:47:15,$ 3359.25,500
3430,10:47:12,$ 3360.40,125
3431,10:47:10,$ 3359.97,100
3432,10:47:10,$ 3359.97,100
3433,10:47:09,$ 3359.84,100
3435,10:47:03,$ 3359.825,100
3436,10:47:01,$ 3359.9582,100
3437,10:46:47,$ 3358.90,100
3438,10:46:17,$ 3360.105,100
3439,10:46:16,$ 3360.89,100
3440,10:46:16,$ 3359.98,100
3441,10:46:16,$ 3360.43,100
3442,10:46:09,$ 3359.31,100
3443,10:46:09,$ 3359.54,490
3444,10:45:53,$ 3357.32,100
3445,10:45:53,$ 3356.6119,500
3446,10:45:32,$ 3358.08,110
3447,10:45:15,$ 3357.4697,100
3448,10:45:11,$ 3356.36,100
3449,10:45:10,$ 3356.36,100
3450,10:45:09,$ 3357.00,100
3451,10:44:49,$ 3357.00,100
3452,10:44:22,$ 3359.165,100
3453,10:44:19,$ 3359.7499,100
3454,10:44:12,$ 3358.12,100
3456,10:44:09,$ 3358.115,100
3457,10:43:53,$ 3358.265,100
3458,10:43:53,$ 3359.8199,200
3459,10:43:34,$ 3359.12,100
3460,10:43:25,$ 3358.76,100
3461,10:43:20,$ 3358.76,100
3462,10:43:07,$ 3361.55,100
3463,10:43:01,$ 3360.10,100
3464,10:42:51,$ 3361.17,100
3465,10:42:45,$ 3362.00,100
3466,10:42:38,$ 3362.00,100
3467,10:42:37,$ 3362.50,100
3468,10:42:36,$ 3362.00,100
3469,10:42:27,$ 3362.47,100
3470,10:42:27,$ 3361.86,100
3471,10:42:25,$ 3361.86,100
3472,10:42:25,$ 3362.08,500
3473,10:42:21,$ 3363.00,100
3474,10:42:21,$ 3363.00,100
3475,10:42:21,$ 3363.00,100
3477,10:42:15,$ 3362.33,100
3478,10:42:15,$ 3361.2768,100
3479,10:42:14,$ 3362.1062,122
3480,10:42:00,$ 3360.64,100
3481,10:42:00,$ 3362.0246,100
3482,10:41:40,$ 3359.10,100
3483,10:40:53,$ 3358.06,100
3484,10:40:41,$ 3358.00,100
3485,10:40:30,$ 3357.2748,100
3486,10:40:27,$ 3357.8599,200
3487,10:40:26,$ 3356.68,100
3488,10:39:58,$ 3357.8725,100
3489,10:39:58,$ 3357.8825,100
3490,10:39:58,$ 3357.10,100
3491,10:39:55,$ 3356.44,100
3492,10:39:49,$ 3356.27,100
3493,10:39:38,$ 3358.39,100
3494,10:39:11,$ 3358.645,244
3495,10:39:10,$ 3359.05,100
3496,10:38:57,$ 3359.93,100
3498,10:38:57,$ 3359.925,100
3499,10:38:57,$ 3360.14,100
3500,10:38:33,$ 3361.495,100
3501,10:38:26,$ 3361.08,100
3502,10:38:19,$ 3361.995,100
3503,10:38:05,$ 3361.64,100
3504,10:38:05,$ 3361.65,100
3505,10:38:01,$ 3359.935,100
3506,10:38:01,$ 3361.09,100
3507,10:37:50,$ 3361.09,200
3508,10:37:40,$ 3360.67,100
3509,10:37:38,$ 3360.545,200
3510,10:37:36,$ 3360.545,100
3511,10:37:34,$ 3360.87,100
3512,10:36:32,$ 3362.69,100
3513,10:36:18,$ 3364.28,100
3514,10:35:51,$ 3364.36,100
3515,10:35:37,$ 3364.5425,100
3516,10:35:37,$ 3365.00,100
3517,10:35:33,$ 3364.345,200
3519,10:35:24,$ 3364.3432,172
3520,10:35:22,$ 3363.95,200
3521,10:35:18,$ 3364.2216,363
3522,10:34:58,$ 3363.8499,129
3523,10:34:57,$ 3362.715,500
3524,10:34:57,$ 3362.9325,100
3525,10:34:56,$ 3362.285,100
3526,10:34:39,$ 3362.15,100
3527,10:34:39,$ 3362.415,100
3528,10:34:35,$ 3361.4101,100
3529,10:34:32,$ 3362.75,100
3530,10:34:27,$ 3364.24,100
3531,10:34:26,$ 3363.93,100
3532,10:34:22,$ 3364.765,400
3533,10:34:18,$ 3364.775,100
3534,10:34:15,$ 3365.42,100
3535,10:34:09,$ 3364.8097,129
3536,10:34:06,$ 3363.74,100
3537,10:34:02,$ 3364.10,100
3538,10:34:02,$ 3364.9999,100
3540,10:33:54,$ 3363.42,100
3541,10:33:51,$ 3363.5925,100
3542,10:33:46,$ 3362.73,100
3543,10:33:46,$ 3363.00,331
3544,10:33:46,$ 3363.00,100
3545,10:33:46,$ 3363.00,122
3546,10:33:46,$ 3363.00,100
3547,10:33:46,$ 3363.00,100
3548,10:33:38,$ 3361.18,100
3549,10:33:32,$ 3361.0025,100
3550,10:33:32,$ 3360.9275,100
3551,10:33:32,$ 3361.035,100
3552,10:33:32,$ 3360.9825,100
3553,10:33:17,$ 3360.27,100
3554,10:33:03,$ 3359.50,100
3555,10:33:01,$ 3358.49,100
3556,10:33:01,$ 3359.00,100
3557,10:32:27,$ 3357.72,100
3558,10:32:23,$ 3357.4731,150
3559,10:32:22,$ 3358.21,100
3561,10:32:22,$ 3358.28,100
3562,10:32:21,$ 3358.375,100
3563,10:32:21,$ 3358.1325,100
3564,10:32:15,$ 3358.4852,400
3565,10:32:12,$ 3359.0625,100
3566,10:32:11,$ 3359.14,100
3567,10:32:10,$ 3357.95,100
3568,10:31:58,$ 3359.92,100
3569,10:31:58,$ 3360.00,100
3570,10:31:53,$ 3359.77,100
3571,10:31:50,$ 3359.275,100
3572,10:31:46,$ 3358.40,100
3573,10:31:46,$ 3358.46,100
3574,10:31:46,$ 3359.08,100
3575,10:31:46,$ 3358.40,100
3576,10:31:46,$ 3358.40,100
3577,10:31:46,$ 3358.40,100
3578,10:31:46,$ 3358.46,200
3579,10:31:45,$ 3358.84,100
3580,10:31:45,$ 3359.48,100
3582,10:31:45,$ 3359.48,100
3583,10:31:45,$ 3359.00,100
3584,10:31:16,$ 3357.14,100
3585,10:31:16,$ 3357.965,100
3586,10:31:16,$ 3358.13,100
3587,10:31:16,$ 3357.90,100
3588,10:31:15,$ 3357.4901,100
3589,10:31:05,$ 3357.48,100
3590,10:30:42,$ 3356.79,100
3591,10:30:42,$ 3357.03,100
3592,10:30:37,$ 3355.51,100
3593,10:30:32,$ 3357.48,100
3594,10:30:32,$ 3357.55,100
3595,10:30:32,$ 3357.4925,100
3596,10:30:24,$ 3357.635,100
3597,10:30:02,$ 3357.12,100
3598,10:30:02,$ 3357.75,100
3599,10:30:02,$ 3357.75,100
3600,10:30:02,$ 3357.30,100
3602,11:29:58,$ 3350.67,100
3603,11:29:58,$ 3350.7168,"1,000"
3604,11:29:51,$ 3350.68,100
3605,11:29:47,$ 3351.18,100
3606,11:29:44,$ 3350.578,197
3607,11:29:33,$ 3350.33,100
3608,11:29:33,$ 3350.49,100
3609,11:29:33,$ 3350.48,100
3610,11:28:37,$ 3350.60,176
3611,11:27:54,$ 3349.00,320
3612,11:27:50,$ 3349.87,100
3613,11:27:50,$ 3349.87,100
3614,11:27:45,$ 3350.765,300
3615,11:27:45,$ 3350.1673,100
3616,11:27:41,$ 3349.96,100
3617,11:27:20,$ 3350.15,100
3618,11:27:02,$ 3348.38,100
3619,11:27:02,$ 3348.785,400
3620,11:27:01,$ 3348.00,100
3621,11:26:59,$ 3347.2933,100
3623,11:26:55,$ 3347.495,200
3624,11:26:48,$ 3346.76,100
3625,11:26:18,$ 3346.67,100
3626,11:26:12,$ 3345.56,100
3627,11:26:06,$ 3346.00,100
3628,11:25:44,$ 3347.41,100
3629,11:25:36,$ 3347.00,100
3630,11:25:26,$ 3347.515,100
3631,11:25:18,$ 3347.644,250
3632,11:25:14,$ 3348.37,100
3633,11:25:00,$ 3347.28,100
3634,11:25:00,$ 3347.32,100
3635,11:24:58,$ 3347.8625,100
3636,11:24:28,$ 3347.03,100
3637,11:24:20,$ 3347.54,100
3638,11:24:09,$ 3347.1875,109
3639,11:23:36,$ 3347.155,200
3640,11:22:45,$ 3346.69,259
3641,11:22:45,$ 3346.69,200
3642,11:22:40,$ 3346.87,200
3644,11:22:27,$ 3346.615,100
3645,11:22:21,$ 3347.00,144
3646,11:22:16,$ 3347.50,100
3647,11:21:33,$ 3346.93,100
3648,11:21:22,$ 3347.06,100
3649,11:21:06,$ 3348.0968,200
3650,11:21:01,$ 3346.03,100
3651,11:21:01,$ 3346.60,100
3652,11:21:01,$ 3346.52,100
3653,11:21:01,$ 3346.05,150
3654,11:21:01,$ 3346.715,100
3655,11:21:01,$ 3346.00,100
3656,11:21:01,$ 3347.50,100
3657,11:21:00,$ 3348.315,137
3658,11:21:00,$ 3348.01,100
3659,11:20:36,$ 3349.81,100
3660,11:20:31,$ 3349.465,100
3661,11:20:31,$ 3350.6199,100
3662,11:20:16,$ 3349.57,100
3663,11:20:11,$ 3349.57,100
3665,11:20:08,$ 3349.00,169
3666,11:20:03,$ 3349.72,300
3667,11:19:32,$ 3350.00,100
3668,11:18:46,$ 3349.845,100
3669,11:18:31,$ 3349.73,100
3670,11:18:26,$ 3349.48,100
3671,11:18:26,$ 3350.375,100
3672,11:18:17,$ 3350.645,150
3673,11:18:10,$ 3349.6585,"1,000"
3674,11:18:05,$ 3350.00,217
3675,11:18:05,$ 3350.35,100
3676,11:18:05,$ 3350.18,100
3677,11:18:05,$ 3350.00,100
3678,11:18:05,$ 3350.00,100
3679,11:18:05,$ 3350.00,200
3680,11:18:05,$ 3350.00,100
3681,11:18:05,$ 3350.67,100
3682,11:18:05,$ 3350.82,100
3683,11:18:04,$ 3351.42,100
3684,11:18:04,$ 3351.21,100
3686,11:18:04,$ 3351.21,100
3687,11:18:04,$ 3351.48,100
3688,11:17:27,$ 3352.3794,130
3689,11:17:19,$ 3352.1181,200
3690,11:17:02,$ 3352.00,132
3691,11:16:40,$ 3352.70,150
3692,11:16:37,$ 3352.7955,183
3693,11:16:34,$ 3352.2326,100
3694,11:16:31,$ 3353.2233,"1,000"
3695,11:16:19,$ 3352.42,100
3696,11:15:56,$ 3351.8801,100
3697,11:15:29,$ 3351.64,151
3698,11:14:17,$ 3353.405,150
3699,11:14:17,$ 3354.00,100
3700,11:14:13,$ 3354.28,100
3701,11:13:29,$ 3354.75,200
3702,11:12:21,$ 3354.00,100
3703,11:12:17,$ 3353.30,100
3704,11:12:17,$ 3353.45,300
3705,11:12:17,$ 3353.46,100
3707,11:12:14,$ 3354.6093,300
3708,11:11:16,$ 3352.62,100
3709,11:11:16,$ 3352.52,100
3710,11:11:09,$ 3352.685,100
3711,11:11:09,$ 3354.00,100
3712,11:11:09,$ 3354.00,100
3713,11:11:09,$ 3353.85,100
3714,11:10:50,$ 3355.30,100
3715,11:10:44,$ 3356.19,100
3716,11:09:43,$ 3356.07,177
3717,11:09:41,$ 3355.06,100
3718,11:09:41,$ 3355.00,300
3719,11:09:39,$ 3355.30,100
3720,11:09:38,$ 3355.57,100
3721,11:08:50,$ 3355.02,100
3722,11:08:48,$ 3355.32,100
3723,11:08:48,$ 3355.31,100
3724,11:08:41,$ 3356.00,100
3725,11:08:27,$ 3357.665,200
3726,11:08:16,$ 3356.76,100
3728,11:08:13,$ 3357.07,100
3729,11:08:13,$ 3357.48,100
3730,11:07:36,$ 3358.741,110
3731,11:07:09,$ 3357.3147,150
3732,11:06:31,$ 3357.51,100
3733,11:06:31,$ 3357.9175,400
3734,11:06:30,$ 3357.10,400
3735,11:06:26,$ 3357.38,100
3736,11:06:26,$ 3357.905,300
3737,11:06:00,$ 3358.33,100
3738,11:05:52,$ 3357.92,"1,000"
3739,11:05:35,$ 3359.3335,291
3740,11:05:27,$ 3356.87,100
3741,11:05:18,$ 3356.42,100
3742,11:05:10,$ 3356.335,200
3743,11:05:04,$ 3356.285,100
3744,11:04:52,$ 3356.70,100
3745,11:04:51,$ 3356.57,100
3746,11:04:51,$ 3356.01,100
3747,11:04:51,$ 3356.57,100
3749,11:04:51,$ 3356.50,100
3750,11:04:51,$ 3356.23,100
3751,11:04:45,$ 3356.06,100
3752,11:04:16,$ 3356.12,200
3753,11:04:09,$ 3355.4601,100
3754,11:04:06,$ 3356.5129,150
3755,11:03:56,$ 3356.045,100
3756,11:03:56,$ 3356.045,100
3757,11:03:56,$ 3356.045,100
3758,11:03:54,$ 3356.045,100
3759,11:03:39,$ 3356.57,100
3760,11:03:38,$ 3355.90,100
3761,11:03:05,$ 3356.22,100
3762,11:03:02,$ 3356.13,100
3763,11:03:02,$ 3356.215,200
3764,11:01:38,$ 3356.08,100
3765,11:01:32,$ 3356.30,100
3766,11:01:32,$ 3356.28,354
3767,11:01:32,$ 3356.78,190
3768,11:01:32,$ 3356.78,100
3770,11:01:32,$ 3356.78,100
3771,11:01:32,$ 3356.796,100
3772,11:01:29,$ 3357.10,100
3773,11:01:25,$ 3358.6176,100
3774,11:00:55,$ 3356.78,100
3775,11:00:44,$ 3354.35,100
3776,11:00:38,$ 3353.98,374
3777,11:00:34,$ 3354.81,100
3778,11:00:24,$ 3353.86,100
3779,11:00:19,$ 3354.80,100
3780,11:00:19,$ 3354.58,100
3782,11:59:22,$ 3361.56,100
3783,11:59:18,$ 3361.99,250
3784,11:59:02,$ 3361.6338,200
3785,11:58:51,$ 3362.488,100
3786,11:58:51,$ 3362.50,100
3787,11:58:51,$ 3361.54,100
3788,11:58:25,$ 3362.00,100
3789,11:58:19,$ 3361.705,100
3790,11:58:19,$ 3361.96,100
3791,11:58:19,$ 3361.89,100
3792,11:58:12,$ 3361.475,100
3793,11:58:11,$ 3361.475,100
3794,11:58:11,$ 3361.27,100
3795,11:57:28,$ 3361.415,100
3796,11:57:12,$ 3361.73,100
3797,11:57:12,$ 3361.86,100
3798,11:57:08,$ 3361.245,100
3799,11:57:08,$ 3361.86,199
3800,11:57:07,$ 3361.19,100
3801,11:56:58,$ 3361.18,201
3803,11:56:45,$ 3361.9999,100
3804,11:56:36,$ 3360.3101,100
3805,11:56:36,$ 3361.15,100
3806,11:56:22,$ 3360.065,100
3807,11:56:18,$ 3360.065,200
3808,11:56:05,$ 3360.335,100
3809,11:56:05,$ 3360.50,246
3810,11:56:05,$ 3360.50,130
3811,11:55:57,$ 3359.5743,108
3812,11:55:45,$ 3359.25,100
3813,11:55:26,$ 3359.83,100
3814,11:55:26,$ 3359.83,100
3815,11:55:11,$ 3359.7999,420
3816,11:55:10,$ 3359.08,100
3817,11:55:01,$ 3358.93,100
3818,11:55:01,$ 3359.05,100
3819,11:55:01,$ 3359.10,174
3820,11:54:57,$ 3358.00,100
3821,11:54:56,$ 3358.34,100
3822,11:54:55,$ 3358.35,100
3824,11:54:52,$ 3358.27,100
3825,11:54:50,$ 3358.34,100
3826,11:54:50,$ 3358.34,100
3827,11:54:50,$ 3357.49,100
3828,11:54:50,$ 3358.25,100
3829,11:54:50,$ 3358.00,100
3830,11:54:39,$ 3357.00,100
3831,11:54:39,$ 3357.00,100
3832,11:54:39,$ 3357.00,100
3833,11:54:39,$ 3357.00,100
3834,11:54:11,$ 3357.87,100
3835,11:53:58,$ 3357.55,100
3836,11:53:58,$ 3358.27,300
3837,11:53:43,$ 3359.02,100
3838,11:53:39,$ 3358.3601,100
3839,11:53:01,$ 3359.13,400
3840,11:53:00,$ 3358.825,100
3841,11:52:52,$ 3359.9999,100
3842,11:52:43,$ 3359.99,200
3843,11:52:29,$ 3359.3601,"1,000"
3845,11:52:15,$ 3359.70,121
3846,11:52:10,$ 3358.53,100
3847,11:52:09,$ 3359.50,100
3848,11:52:08,$ 3359.20,100
3849,11:52:08,$ 3359.02,100
3850,11:52:03,$ 3357.86,100
3851,11:52:03,$ 3358.19,100
3852,11:51:24,$ 3357.8121,100
3853,11:51:15,$ 3357.775,100
3854,11:49:53,$ 3358.25,100
3855,11:49:46,$ 3358.00,100
3856,11:49:46,$ 3358.081,200
3857,11:49:40,$ 3358.855,191
3858,11:49:40,$ 3358.52,100
3859,11:49:40,$ 3358.37,100
3860,11:49:40,$ 3358.86,400
3861,11:49:39,$ 3358.86,200
3862,11:49:38,$ 3358.86,100
3863,11:49:37,$ 3358.86,200
3864,11:49:37,$ 3358.86,100
3866,11:49:37,$ 3358.86,100
3867,11:49:24,$ 3358.925,200
3868,11:49:24,$ 3358.925,100
3869,11:49:22,$ 3359.00,100
3870,11:49:14,$ 3358.50,200
3871,11:49:13,$ 3358.50,100
3872,11:48:55,$ 3358.00,100
3873,11:48:55,$ 3357.77,100
3874,11:48:55,$ 3358.08,100
3875,11:48:52,$ 3357.38,100
3876,11:48:51,$ 3357.38,100
3877,11:48:47,$ 3357.38,250
3878,11:48:39,$ 3357.51,100
3879,11:48:29,$ 3356.68,100
3880,11:48:29,$ 3356.72,100
3881,11:48:28,$ 3356.07,100
3882,11:48:28,$ 3356.605,100
3883,11:48:22,$ 3355.765,100
3884,11:48:22,$ 3355.765,242
3885,11:48:22,$ 3355.765,305
3887,11:48:17,$ 3356.08,100
3888,11:48:11,$ 3356.0225,100
3889,11:48:11,$ 3356.65,100
3890,11:48:11,$ 3356.69,121
3891,11:48:11,$ 3356.69,123
3892,11:48:11,$ 3355.90,100
3893,11:48:10,$ 3355.45,200
3894,11:48:04,$ 3354.67,100
3895,11:48:04,$ 3354.50,100
3896,11:48:04,$ 3354.495,127
3897,11:48:03,$ 3354.495,100
3898,11:48:03,$ 3354.97,100
3899,11:48:03,$ 3354.8425,100
3900,11:48:02,$ 3354.42,100
3901,11:47:42,$ 3353.825,100
3902,11:47:40,$ 3353.575,100
3903,11:47:20,$ 3353.415,100
3904,11:47:19,$ 3353.84,100
3905,11:47:06,$ 3352.49,100
3906,11:47:05,$ 3352.665,100
3908,11:47:05,$ 3352.6475,100
3909,11:46:46,$ 3352.49,100
3910,11:46:32,$ 3352.46,100
3911,11:46:32,$ 3352.425,100
