,NLS Time (ET),NLS Price,NLS Share Volume
1,09:59:47,$ 3277.04,100
2,09:59:46,$ 3277.00,100
3,09:59:46,$ 3277.7902,500
4,09:59:06,$ 3277.02,"1,000"
5,09:58:46,$ 3279.4299,100
6,09:58:45,$ 3278.46,100
7,09:58:26,$ 3276.47,100
8,09:58:26,$ 3276.48,100
9,09:58:20,$ 3275.40,100
10,09:58:19,$ 3275.9897,100
11,09:58:19,$ 3275.99,100
12,09:58:19,$ 3275.98,375
13,09:58:14,$ 3275.45,100
14,09:58:07,$ 3275.44,100
15,09:58:05,$ 3276.21,100
16,09:58:05,$ 3276.21,100
17,09:58:05,$ 3275.01,100
18,09:58:05,$ 3276.19,100
19,09:58:05,$ 3276.17,100
20,09:58:05,$ 3276.04,100
22,09:58:02,$ 3275.37,100
23,09:58:01,$ 3273.9999,198
24,09:58:01,$ 3274.00,198
25,09:57:46,$ 3273.55,100
26,09:57:43,$ 3274.34,100
27,09:57:43,$ 3274.71,100
28,09:57:17,$ 3274.45,100
29,09:57:14,$ 3274.36,100
30,09:57:14,$ 3274.42,100
31,09:57:02,$ 3273.02,100
32,09:56:41,$ 3274.585,100
33,09:56:41,$ 3274.585,200
34,09:56:40,$ 3273.3543,119
35,09:56:30,$ 3274.4354,100
36,09:56:22,$ 3274.30,100
37,09:56:22,$ 3273.84,100
38,09:56:21,$ 3273.45,100
39,09:56:21,$ 3273.48,115
40,09:56:18,$ 3273.45,100
41,09:56:18,$ 3273.42,100
43,09:56:03,$ 3273.00,551
44,09:56:00,$ 3273.02,100
45,09:56:00,$ 3273.09,100
46,09:56:00,$ 3273.07,100
47,09:55:53,$ 3273.00,100
48,09:55:50,$ 3273.57,100
49,09:55:45,$ 3274.7706,100
50,09:55:44,$ 3274.65,100
51,09:55:42,$ 3274.30,100
52,09:55:41,$ 3275.17,100
53,09:55:34,$ 3274.01,100
54,09:55:32,$ 3273.985,750
55,09:55:14,$ 3273.00,100
56,09:55:05,$ 3272.53,100
57,09:55:05,$ 3272.48,100
58,09:55:00,$ 3271.78,100
59,09:54:57,$ 3272.29,100
60,09:54:55,$ 3272.28,100
61,09:54:55,$ 3272.35,100
62,09:54:49,$ 3272.442,100
64,09:54:47,$ 3272.975,150
65,09:54:43,$ 3273.74,100
66,09:54:43,$ 3273.74,177
67,09:54:34,$ 3273.94,100
68,09:54:33,$ 3274.00,100
69,09:54:27,$ 3274.64,100
70,09:54:27,$ 3274.21,100
71,09:54:27,$ 3274.22,100
72,09:54:27,$ 3275.00,100
73,09:54:27,$ 3274.98,100
74,09:54:25,$ 3275.00,200
75,09:54:22,$ 3275.27,100
76,09:54:11,$ 3274.75,400
77,09:54:11,$ 3274.75,100
78,09:54:03,$ 3275.97,100
79,09:54:03,$ 3275.97,100
80,09:54:03,$ 3276.38,100
81,09:54:03,$ 3275.5394,400
82,09:53:48,$ 3276.06,100
83,09:53:48,$ 3275.63,100
85,09:53:42,$ 3275.57,100
86,09:53:27,$ 3276.12,100
87,09:53:27,$ 3276.19,100
88,09:53:20,$ 3276.00,100
89,09:53:07,$ 3275.59,100
90,09:53:07,$ 3275.58,100
91,09:53:07,$ 3275.2304,100
92,09:53:05,$ 3275.1882,150
93,09:53:03,$ 3275.58,100
94,09:53:03,$ 3275.58,100
95,09:53:02,$ 3275.00,206
96,09:53:02,$ 3275.70,100
97,09:52:55,$ 3277.25,225
98,09:52:53,$ 3277.33,100
99,09:52:44,$ 3276.22,100
100,09:52:37,$ 3275.78,100
101,09:52:20,$ 3278.47,100
102,09:52:16,$ 3278.4699,100
103,09:52:16,$ 3278.4696,100
104,09:52:02,$ 3278.3563,100
106,09:51:47,$ 3279.65,100
107,09:51:40,$ 3279.58,100
108,09:51:40,$ 3279.59,100
109,09:51:35,$ 3279.15,100
110,09:51:35,$ 3279.12,100
111,09:51:35,$ 3279.12,100
112,09:51:24,$ 3280.47,100
113,09:51:19,$ 3280.93,100
114,09:51:15,$ 3280.93,100
115,09:51:05,$ 3278.99,100
116,09:50:24,$ 3279.1025,100
117,09:50:22,$ 3279.0883,300
118,09:50:21,$ 3277.0403,152
119,09:50:17,$ 3278.96,100
120,09:50:17,$ 3278.98,100
121,09:50:17,$ 3279.00,299
122,09:50:17,$ 3279.41,100
123,09:50:04,$ 3279.21,162
124,09:49:47,$ 3279.72,100
125,09:49:47,$ 3279.73,109
127,09:49:47,$ 3279.009,200
128,09:49:46,$ 3278.4358,300
129,09:49:45,$ 3279.67,100
130,09:49:45,$ 3279.76,100
131,09:49:30,$ 3280.77,100
132,09:49:21,$ 3280.30,100
133,09:49:21,$ 3280.06,300
134,09:49:18,$ 3280.00,100
135,09:49:17,$ 3278.15,100
136,09:49:14,$ 3277.749,100
137,09:49:08,$ 3277.7771,100
138,09:48:56,$ 3276.693,549
139,09:48:48,$ 3278.45,100
140,09:48:48,$ 3278.50,100
141,09:48:48,$ 3278.65,100
142,09:48:47,$ 3278.77,100
143,09:48:47,$ 3278.76,100
144,09:48:47,$ 3278.76,100
145,09:48:46,$ 3278.48,100
146,09:48:45,$ 3278.44,100
148,09:48:45,$ 3278.00,100
149,09:48:45,$ 3279.08,200
150,09:48:39,$ 3279.15,100
151,09:48:39,$ 3279.24,100
152,09:48:39,$ 3279.22,100
153,09:48:38,$ 3280.03,100
154,09:48:28,$ 3279.52,100
155,09:48:26,$ 3279.9254,100
156,09:48:21,$ 3279.505,100
157,09:48:20,$ 3280.00,100
158,09:48:20,$ 3280.00,100
159,09:48:10,$ 3279.61,100
160,09:48:10,$ 3279.61,100
161,09:48:07,$ 3278.69,100
162,09:48:07,$ 3277.80,100
163,09:48:05,$ 3277.40,100
164,09:48:04,$ 3277.00,"1,100"
165,09:48:04,$ 3277.00,100
166,09:48:04,$ 3277.00,200
167,09:47:59,$ 3275.935,100
169,09:47:41,$ 3276.15,100
170,09:47:41,$ 3276.34,100
171,09:47:33,$ 3274.74,200
172,09:47:29,$ 3274.8001,150
173,09:47:25,$ 3276.414,100
174,09:47:24,$ 3275.745,100
175,09:47:17,$ 3273.985,100
176,09:47:15,$ 3274.005,100
177,09:47:15,$ 3275.00,200
178,09:47:14,$ 3275.50,100
179,09:47:10,$ 3276.65,100
180,09:47:10,$ 3276.65,100
181,09:47:07,$ 3276.155,100
182,09:47:06,$ 3276.145,100
183,09:47:04,$ 3277.21,100
184,09:47:04,$ 3274.56,200
185,09:47:04,$ 3277.45,100
186,09:47:04,$ 3277.72,100
187,09:47:03,$ 3278.00,300
188,09:47:03,$ 3277.405,"1,100"
190,09:47:03,$ 3277.62,100
191,09:47:03,$ 3276.90,100
192,09:47:03,$ 3276.91,100
193,09:47:03,$ 3276.91,100
194,09:47:03,$ 3275.708,100
195,09:47:03,$ 3275.712,100
196,09:47:03,$ 3275.16,100
197,09:46:56,$ 3274.00,179
198,09:46:56,$ 3274.00,171
199,09:46:56,$ 3274.46,200
200,09:46:56,$ 3273.62,100
201,09:46:55,$ 3272.875,100
202,09:46:55,$ 3272.88,100
203,09:46:55,$ 3272.88,100
204,09:46:55,$ 3272.88,100
205,09:46:55,$ 3272.72,100
206,09:46:55,$ 3272.79,100
207,09:46:45,$ 3272.86,100
208,09:46:41,$ 3272.765,100
209,09:46:38,$ 3272.88,100
211,09:46:38,$ 3272.29,100
212,09:46:38,$ 3273.398,100
213,09:46:38,$ 3273.386,100
214,09:46:38,$ 3272.00,100
215,09:46:38,$ 3271.41,100
216,09:46:38,$ 3272.00,180
217,09:46:19,$ 3271.5331,450
218,09:46:13,$ 3271.78,100
219,09:46:13,$ 3271.79,100
220,09:46:13,$ 3271.80,100
221,09:46:13,$ 3271.51,100
222,09:46:13,$ 3270.435,100
223,09:46:13,$ 3270.43,100
224,09:46:13,$ 3270.39,100
225,09:46:13,$ 3270.40,100
226,09:46:13,$ 3271.075,350
227,09:46:12,$ 3271.075,100
228,09:46:11,$ 3271.00,300
229,09:46:06,$ 3270.4917,305
230,09:46:05,$ 3271.16,100
232,09:46:05,$ 3271.20,100
233,09:46:01,$ 3270.45,100
234,09:45:49,$ 3271.58,100
235,09:45:38,$ 3271.11,100
236,09:45:37,$ 3271.00,200
237,09:45:37,$ 3271.20,100
238,09:45:37,$ 3271.065,100
239,09:45:37,$ 3271.00,100
240,09:45:37,$ 3271.065,100
241,09:45:37,$ 3271.42,100
242,09:45:37,$ 3271.42,100
243,09:45:37,$ 3271.21,100
244,09:45:37,$ 3272.00,180
245,09:45:37,$ 3272.00,100
246,09:45:36,$ 3271.50,152
247,09:45:28,$ 3271.162,200
248,09:45:15,$ 3271.59,100
249,09:45:14,$ 3271.38,100
250,09:45:14,$ 3271.41,100
251,09:45:12,$ 3270.51,100
253,09:45:12,$ 3271.00,500
254,09:45:12,$ 3271.14,100
255,09:45:08,$ 3272.06,100
256,09:45:08,$ 3271.95,100
257,09:45:08,$ 3271.97,100
258,09:45:06,$ 3272.145,100
259,09:45:04,$ 3272.382,250
260,09:45:03,$ 3273.26,117
261,09:45:01,$ 3273.78,100
262,09:45:00,$ 3274.68,100
263,09:45:00,$ 3274.17,100
264,09:45:00,$ 3274.23,100
265,09:45:00,$ 3273.61,100
266,09:45:00,$ 3274.82,400
267,09:45:00,$ 3275.00,400
268,09:45:00,$ 3274.87,400
269,09:45:00,$ 3274.55,100
270,09:44:56,$ 3275.73,200
271,09:44:55,$ 3274.885,100
272,09:44:51,$ 3274.49,100
274,09:44:51,$ 3275.14,100
275,09:44:48,$ 3275.0169,286
276,09:44:44,$ 3276.26,100
277,09:44:44,$ 3276.33,100
278,09:44:44,$ 3276.27,100
279,09:44:39,$ 3276.0217,125
280,09:44:31,$ 3277.5184,100
281,09:44:29,$ 3277.88,100
282,09:44:28,$ 3277.69,100
283,09:44:28,$ 3277.72,100
284,09:44:28,$ 3277.67,100
285,09:44:26,$ 3276.43,100
286,09:44:23,$ 3276.34,100
287,09:44:23,$ 3276.69,100
288,09:44:17,$ 3276.72,120
289,09:44:06,$ 3275.98,100
290,09:44:05,$ 3275.43,200
291,09:44:04,$ 3274.935,100
292,09:44:04,$ 3274.96,100
293,09:44:00,$ 3274.972,100
295,09:43:59,$ 3275.00,100
296,09:43:58,$ 3274.44,100
297,09:43:58,$ 3275.00,100
298,09:43:58,$ 3274.98,100
299,09:43:57,$ 3274.67,100
300,09:43:56,$ 3274.67,100
301,09:43:56,$ 3274.67,100
302,09:43:56,$ 3274.67,100
303,09:43:56,$ 3274.67,100
304,09:43:56,$ 3273.76,100
305,09:43:56,$ 3274.60,100
306,09:43:56,$ 3274.10,100
307,09:43:56,$ 3274.18,100
308,09:43:56,$ 3274.09,100
309,09:43:56,$ 3275.00,108
310,09:43:56,$ 3275.00,100
311,09:43:56,$ 3274.09,100
312,09:43:56,$ 3275.00,100
313,09:43:56,$ 3275.00,100
314,09:43:56,$ 3275.00,101
316,09:43:56,$ 3275.00,116
317,09:43:56,$ 3275.00,406
318,09:43:56,$ 3275.00,127
319,09:43:56,$ 3275.02,100
320,09:43:55,$ 3275.08,100
321,09:43:52,$ 3275.77,100
322,09:43:52,$ 3275.02,200
323,09:43:47,$ 3276.50,123
324,09:43:45,$ 3278.42,500
325,09:43:36,$ 3277.00,100
326,09:43:35,$ 3277.70,100
327,09:43:23,$ 3278.6378,330
328,09:43:05,$ 3277.53,100
329,09:43:03,$ 3278.02,100
330,09:42:58,$ 3277.75,100
331,09:42:52,$ 3277.55,100
332,09:42:49,$ 3278.0125,100
333,09:42:47,$ 3277.52,100
334,09:42:37,$ 3277.58,100
335,09:42:34,$ 3278.23,100
337,09:42:11,$ 3278.45,100
338,09:42:07,$ 3278.47,100
339,09:41:46,$ 3278.14,100
340,09:41:44,$ 3277.57,100
341,09:41:44,$ 3277.57,100
342,09:41:21,$ 3277.51,100
343,09:41:21,$ 3277.51,183
344,09:41:19,$ 3278.72,100
345,09:41:09,$ 3278.15,100
346,09:41:08,$ 3278.92,100
347,09:41:05,$ 3278.34,100
348,09:41:02,$ 3279.84,100
349,09:40:59,$ 3278.975,100
350,09:40:56,$ 3278.12,100
351,09:40:48,$ 3277.61,100
352,09:40:48,$ 3277.60,100
353,09:40:48,$ 3277.60,100
354,09:40:40,$ 3279.59,250
355,09:40:39,$ 3279.91,100
356,09:40:33,$ 3279.35,200
358,09:40:31,$ 3277.755,100
359,09:40:20,$ 3279.01,100
360,09:40:11,$ 3279.81,100
361,09:40:05,$ 3280.635,100
362,09:40:04,$ 3280.74,100
363,09:40:04,$ 3280.15,100
364,09:40:04,$ 3280.67,100
365,09:40:04,$ 3280.90,100
366,09:40:04,$ 3281.00,100
367,09:40:02,$ 3282.38,100
368,09:39:57,$ 3282.00,100
369,09:39:57,$ 3282.10,100
370,09:39:56,$ 3282.99,100
371,09:39:55,$ 3282.12,100
372,09:39:55,$ 3282.12,100
373,09:39:52,$ 3282.00,100
374,09:39:52,$ 3281.95,100
375,09:39:52,$ 3281.64,100
376,09:39:52,$ 3281.67,100
377,09:39:52,$ 3281.68,100
379,09:39:52,$ 3281.80,100
380,09:39:52,$ 3281.90,100
381,09:39:48,$ 3281.36,100
382,09:39:48,$ 3280.945,100
383,09:39:44,$ 3280.95,100
384,09:39:44,$ 3280.95,100
385,09:39:29,$ 3280.3101,100
386,09:39:17,$ 3280.23,100
387,09:39:14,$ 3280.88,100
388,09:39:14,$ 3280.87,100
389,09:39:13,$ 3279.6152,353
390,09:39:13,$ 3279.97,100
391,09:39:07,$ 3279.965,200
392,09:39:07,$ 3279.07,100
393,09:39:07,$ 3279.41,100
394,09:39:07,$ 3279.08,100
395,09:39:07,$ 3279.54,100
396,09:39:07,$ 3279.51,100
397,09:39:04,$ 3280.44,100
398,09:39:02,$ 3279.65,478
400,09:39:02,$ 3280.20,100
401,09:39:01,$ 3279.39,100
402,09:39:01,$ 3279.44,100
403,09:39:00,$ 3278.345,100
404,09:39:00,$ 3278.57,100
405,09:39:00,$ 3278.57,100
406,09:39:00,$ 3278.20,100
407,09:39:00,$ 3278.14,100
408,09:39:00,$ 3278.43,100
409,09:39:00,$ 3278.43,100
410,09:39:00,$ 3278.43,100
411,09:38:42,$ 3279.5226,400
412,09:38:38,$ 3279.585,100
413,09:38:34,$ 3278.87,100
414,09:38:27,$ 3279.44,100
415,09:38:26,$ 3278.72,100
416,09:38:25,$ 3280.575,100
417,09:38:23,$ 3279.8134,150
418,09:38:19,$ 3279.80,100
419,09:38:10,$ 3279.54,100
421,09:38:04,$ 3280.00,100
422,09:38:03,$ 3279.26,200
423,09:38:02,$ 3278.385,100
424,09:38:01,$ 3278.43,100
425,09:37:57,$ 3278.515,100
426,09:37:56,$ 3278.43,100
427,09:37:54,$ 3278.43,100
428,09:37:53,$ 3278.43,100
429,09:37:53,$ 3278.43,100
430,09:37:53,$ 3278.72,100
431,09:37:51,$ 3278.00,400
432,09:37:50,$ 3278.69,100
433,09:37:49,$ 3277.94,100
434,09:37:45,$ 3278.59,100
435,09:37:43,$ 3278.61,100
436,09:37:42,$ 3277.585,100
437,09:37:42,$ 3277.585,100
438,09:37:41,$ 3279.54,100
439,09:37:38,$ 3278.065,100
440,09:37:37,$ 3278.055,200
442,09:37:32,$ 3278.10,100
443,09:37:27,$ 3276.785,100
444,09:37:23,$ 3277.53,100
445,09:37:23,$ 3277.18,100
446,09:37:23,$ 3276.845,100
447,09:37:10,$ 3275.79,100
448,09:37:10,$ 3275.79,100
449,09:37:08,$ 3275.77,100
450,09:37:04,$ 3275.70,120
451,09:36:58,$ 3275.8954,249
452,09:36:58,$ 3275.8954,131
453,09:36:58,$ 3275.8954,305
454,09:36:58,$ 3275.80,100
455,09:36:58,$ 3276.01,400
456,09:36:58,$ 3276.97,100
457,09:36:58,$ 3276.90,100
458,09:36:55,$ 3277.85,100
459,09:36:54,$ 3276.59,100
460,09:36:54,$ 3277.04,100
461,09:36:51,$ 3277.25,100
463,09:36:51,$ 3277.25,100
464,09:36:50,$ 3277.39,100
465,09:36:48,$ 3277.33,100
466,09:36:48,$ 3277.55,100
467,09:36:48,$ 3277.89,100
468,09:36:48,$ 3277.53,100
469,09:36:48,$ 3277.53,100
470,09:36:47,$ 3277.93,100
471,09:36:45,$ 3278.03,100
472,09:36:45,$ 3278.01,100
473,09:36:43,$ 3278.68,242
474,09:36:41,$ 3279.50,400
475,09:36:41,$ 3278.68,100
476,09:36:40,$ 3279.645,100
477,09:36:40,$ 3279.64,100
478,09:36:23,$ 3280.47,100
479,09:36:16,$ 3280.945,100
480,09:36:11,$ 3281.17,100
481,09:36:11,$ 3281.32,100
482,09:35:57,$ 3283.92,100
484,09:35:56,$ 3283.68,100
485,09:35:52,$ 3282.35,100
486,09:35:51,$ 3283.59,100
487,09:35:48,$ 3282.4609,100
488,09:35:45,$ 3283.69,100
489,09:35:43,$ 3282.8402,100
490,09:35:43,$ 3282.955,100
491,09:35:35,$ 3283.00,147
492,09:35:33,$ 3283.3249,100
493,09:35:32,$ 3283.9599,300
494,09:35:32,$ 3282.54,100
495,09:35:26,$ 3283.03,100
496,09:35:10,$ 3286.06,100
497,09:35:10,$ 3286.02,100
498,09:35:10,$ 3285.97,100
499,09:35:08,$ 3285.14,100
500,09:35:04,$ 3284.88,100
501,09:35:04,$ 3284.88,105
502,09:35:01,$ 3284.15,100
503,09:35:01,$ 3284.11,100
505,09:35:00,$ 3285.41,100
506,09:35:00,$ 3285.32,100
507,09:35:00,$ 3286.01,100
508,09:35:00,$ 3286.695,100
509,09:34:48,$ 3286.71,100
510,09:34:36,$ 3285.255,100
511,09:34:31,$ 3286.21,100
512,09:34:31,$ 3285.755,200
513,09:34:31,$ 3286.32,100
514,09:34:25,$ 3285.23,100
515,09:34:25,$ 3285.22,100
516,09:34:12,$ 3284.19,100
517,09:34:03,$ 3284.89,100
518,09:34:03,$ 3284.86,100
519,09:34:01,$ 3284.75,100
520,09:34:01,$ 3285.50,100
521,09:34:01,$ 3285.50,100
522,09:33:59,$ 3284.54,100
523,09:33:53,$ 3284.035,100
524,09:33:25,$ 3285.1201,300
526,09:33:20,$ 3285.5978,100
527,09:33:18,$ 3284.8387,300
528,09:33:15,$ 3285.65,200
529,09:33:11,$ 3286.00,100
530,09:33:11,$ 3285.51,100
531,09:33:10,$ 3285.45,100
532,09:33:09,$ 3284.91,100
533,09:32:54,$ 3284.49,100
534,09:32:38,$ 3282.1926,100
535,09:32:37,$ 3286.9999,100
536,09:32:35,$ 3281.6701,100
537,09:32:34,$ 3281.79,100
538,09:32:34,$ 3281.70,100
539,09:32:30,$ 3280.14,290
540,09:32:23,$ 3279.86,100
541,09:32:23,$ 3279.60,100
542,09:32:23,$ 3279.64,100
543,09:32:23,$ 3280.91,100
544,09:32:20,$ 3280.00,180
545,09:32:09,$ 3284.15,200
547,09:32:06,$ 3285.00,100
548,09:32:04,$ 3282.70,100
549,09:32:03,$ 3282.00,124
550,09:32:03,$ 3282.71,100
551,09:32:01,$ 3282.62,153
552,09:32:01,$ 3282.63,100
553,09:31:47,$ 3285.62,100
554,09:31:47,$ 3285.60,100
555,09:31:44,$ 3284.673,100
556,09:31:40,$ 3283.75,100
557,09:31:40,$ 3285.00,116
558,09:31:37,$ 3285.40,100
559,09:31:31,$ 3284.20,100
560,09:31:31,$ 3284.21,100
561,09:31:26,$ 3286.17,137
562,09:31:26,$ 3287.00,100
563,09:31:14,$ 3288.21,100
564,09:31:14,$ 3288.21,100
565,09:31:13,$ 3290.72,150
566,09:31:00,$ 3290.62,100
568,09:30:58,$ 3290.00,200
569,09:30:52,$ 3290.01,100
570,09:30:46,$ 3286.18,100
571,09:30:43,$ 3293.35,101
572,09:30:29,$ 3288.40,100
573,09:30:27,$ 3288.12,100
574,09:30:27,$ 3289.91,100
575,09:30:26,$ 3290.00,300
576,09:30:26,$ 3290.00,165
577,09:30:26,$ 3290.00,100
578,09:30:26,$ 3290.00,100
579,09:30:22,$ 3290.94,100
580,09:30:21,$ 3292.145,100
581,09:30:15,$ 3292.05,100
582,09:30:14,$ 3292.655,100
583,09:30:14,$ 3292.48,100
584,09:30:06,$ 3292.10,100
585,09:30:05,$ 3292.10,100
586,09:30:02,$ 3290.30,100
587,09:30:02,$ 3291.50,1
589,09:30:02,$ 3291.50,3
590,09:30:02,$ 3291.50,1
591,09:30:02,$ 3291.50,1
592,09:30:02,$ 3291.50,1
593,09:30:02,$ 3291.50,1
594,09:30:02,$ 3291.50,27
595,09:30:02,$ 3291.50,1
596,09:30:02,$ 3291.50,10
597,09:30:02,$ 3291.50,1
598,09:30:02,$ 3291.50,1
599,09:30:02,$ 3291.50,1
600,09:30:02,$ 3291.50,1
601,09:30:02,$ 3291.50,5
602,09:30:02,$ 3291.50,10
603,09:30:02,$ 3291.50,1
604,09:30:02,$ 3291.50,1
605,09:30:02,$ 3291.50,1
606,09:30:02,$ 3291.50,5
607,09:30:02,$ 3291.50,2
608,09:30:02,$ 3291.50,10
610,09:30:02,$ 3291.50,10
611,09:30:02,$ 3291.50,1
612,09:30:02,$ 3291.50,10
613,09:30:02,$ 3291.50,1
614,09:30:02,$ 3291.50,11
615,09:30:02,$ 3291.50,2
616,09:30:02,$ 3291.50,10
617,09:30:02,$ 3291.50,1
618,09:30:02,$ 3291.50,3
619,09:30:02,$ 3291.50,2
620,09:30:02,$ 3291.50,5
621,09:30:02,$ 3291.50,2
622,09:30:02,$ 3291.50,2
623,09:30:02,$ 3291.50,6
624,09:30:02,$ 3291.50,15
625,09:30:02,$ 3291.50,81
626,09:30:02,$ 3291.50,5
627,09:30:02,$ 3291.50,1
628,09:30:02,$ 3291.50,1
629,09:30:02,$ 3291.50,3
631,09:30:02,$ 3291.50,1
632,09:30:02,$ 3291.50,5
633,09:30:02,$ 3291.50,3
634,09:30:02,$ 3291.50,1
635,09:30:02,$ 3291.50,1
636,09:30:02,$ 3291.50,2
637,09:30:02,$ 3291.50,1
638,09:30:02,$ 3291.50,2
639,09:30:02,$ 3291.50,1
640,09:30:02,$ 3291.50,100
641,09:30:02,$ 3291.50,2
642,09:30:02,$ 3291.50,1
643,09:30:02,$ 3291.50,1
644,09:30:02,$ 3291.50,75
645,09:30:02,$ 3291.50,1
646,09:30:02,$ 3291.50,4
647,09:30:02,$ 3291.50,2
648,09:30:02,$ 3291.50,1
649,09:30:02,$ 3291.50,10
650,09:30:02,$ 3291.50,2
652,09:30:02,$ 3291.50,15
653,09:30:02,$ 3291.50,9
654,09:30:02,$ 3291.50,1
655,09:30:02,$ 3291.50,2
656,09:30:02,$ 3291.50,2
657,09:30:02,$ 3291.50,3
658,09:30:02,$ 3291.50,3
659,09:30:02,$ 3291.50,2
660,09:30:02,$ 3291.50,2
661,09:30:02,$ 3291.50,3
662,09:30:02,$ 3291.50,3
663,09:30:02,$ 3291.50,3
664,09:30:02,$ 3291.50,2
665,09:30:02,$ 3291.50,2
666,09:30:02,$ 3291.50,5
667,09:30:02,$ 3291.50,3
668,09:30:02,$ 3291.50,3
669,09:30:02,$ 3291.50,3
670,09:30:02,$ 3291.50,2
671,09:30:02,$ 3291.50,2
673,09:30:02,$ 3291.50,11
674,09:30:02,$ 3291.50,1
675,09:30:02,$ 3291.50,25
676,09:30:02,$ 3291.50,1
677,09:30:02,$ 3291.50,2
678,09:30:02,$ 3291.50,1
679,09:30:02,$ 3291.50,5
680,09:30:02,$ 3291.50,9
681,09:30:02,$ 3291.50,30
682,09:30:02,$ 3291.50,12
683,09:30:02,$ 3291.50,15
684,09:30:02,$ 3291.50,2
685,09:30:02,$ 3291.50,3
686,09:30:02,$ 3291.50,7
687,09:30:02,$ 3291.50,10
688,09:30:02,$ 3291.50,2
689,09:30:02,$ 3291.50,150
690,09:30:02,$ 3291.50,5
691,09:30:02,$ 3291.50,5
692,09:30:02,$ 3291.50,30
694,09:30:02,$ 3291.50,8
695,09:30:02,$ 3291.50,110
696,09:30:02,$ 3291.50,150
697,09:30:02,$ 3291.50,2
698,09:30:02,$ 3291.50,7
699,09:30:02,$ 3291.50,1
700,09:30:02,$ 3291.50,27
701,09:30:02,$ 3291.50,13
702,09:30:02,$ 3291.50,75
703,09:30:02,$ 3291.50,10
704,09:30:02,$ 3291.50,1
705,09:30:02,$ 3291.50,50
706,09:30:02,$ 3291.50,3
707,09:30:02,$ 3291.50,10
708,09:30:02,$ 3291.50,30
709,09:30:02,$ 3291.50,8
710,09:30:02,$ 3291.50,1
711,09:30:02,$ 3291.50,15
712,09:30:02,$ 3291.50,1
713,09:30:02,$ 3291.50,5
715,09:30:02,$ 3291.50,2
716,09:30:02,$ 3291.50,10
717,09:30:02,$ 3291.50,85
718,09:30:02,$ 3291.50,4
719,09:30:02,$ 3291.50,1
720,09:30:02,$ 3291.50,6
721,09:30:02,$ 3291.50,3
722,09:30:02,$ 3291.50,14
723,09:30:02,$ 3291.50,2
724,09:30:02,$ 3291.50,4
725,09:30:02,$ 3291.50,12
726,09:30:02,$ 3291.50,74
727,09:30:02,$ 3291.50,1
728,09:30:02,$ 3291.50,1
729,09:30:02,$ 3291.50,10
730,09:30:02,$ 3291.50,89
731,09:30:02,$ 3291.50,2
732,09:30:02,$ 3291.50,4
733,09:30:02,$ 3291.50,60
734,09:30:02,$ 3291.50,75
736,09:30:02,$ 3291.50,75
737,09:30:02,$ 3291.50,1
738,09:30:02,$ 3291.50,2
739,09:30:02,$ 3291.50,2
740,09:30:02,$ 3291.50,1
741,09:30:02,$ 3291.50,9
742,09:30:02,$ 3291.50,9
743,09:30:02,$ 3291.50,5
744,09:30:02,$ 3291.50,4
745,09:30:02,$ 3291.50,2
746,09:30:02,$ 3291.50,1
747,09:30:02,$ 3291.50,1
748,09:30:02,$ 3291.50,2
749,09:30:02,$ 3291.50,15
750,09:30:02,$ 3291.50,9
751,09:30:02,$ 3291.50,21
752,09:30:02,$ 3291.50,4
753,09:30:02,$ 3291.50,8
754,09:30:02,$ 3291.50,2
755,09:30:02,$ 3291.50,2
757,09:30:02,$ 3291.50,1
758,09:30:02,$ 3291.50,5
759,09:30:02,$ 3291.50,1
760,09:30:02,$ 3291.50,2
761,09:30:02,$ 3291.50,4
762,09:30:02,$ 3291.50,2
763,09:30:02,$ 3291.50,3
764,09:30:02,$ 3291.50,4
765,09:30:02,$ 3291.50,42
766,09:30:02,$ 3291.50,1
767,09:30:02,$ 3291.50,4
768,09:30:02,$ 3291.50,1
769,09:30:02,$ 3291.50,15
770,09:30:02,$ 3291.50,5
771,09:30:02,$ 3291.50,2
772,09:30:02,$ 3291.50,3
773,09:30:02,$ 3291.50,100
774,09:30:02,$ 3291.50,16
775,09:30:02,$ 3291.50,1
776,09:30:02,$ 3291.50,1
778,09:30:02,$ 3291.50,1
779,09:30:02,$ 3291.50,1
780,09:30:02,$ 3291.50,1
781,09:30:02,$ 3291.50,1
782,09:30:02,$ 3291.50,2
783,09:30:02,$ 3291.50,1
784,09:30:02,$ 3291.50,2
785,09:30:02,$ 3291.50,9
786,09:30:02,$ 3291.50,4
787,09:30:02,$ 3291.50,4
788,09:30:02,$ 3291.50,2
789,09:30:02,$ 3291.50,4
790,09:30:02,$ 3291.50,1
791,09:30:02,$ 3291.50,1
792,09:30:02,$ 3291.50,1
793,09:30:02,$ 3291.50,1
794,09:30:02,$ 3291.50,1
795,09:30:02,$ 3291.50,2
796,09:30:02,$ 3291.50,1
797,09:30:02,$ 3291.50,1
799,09:30:02,$ 3291.50,1
800,09:30:02,$ 3291.50,6
801,09:30:02,$ 3291.50,6
802,09:30:02,$ 3291.50,3
803,09:30:02,$ 3291.50,10
804,09:30:02,$ 3291.50,1
805,09:30:02,$ 3291.50,1
806,09:30:02,$ 3291.50,10
807,09:30:02,$ 3291.50,1
808,09:30:02,$ 3291.50,5
809,09:30:02,$ 3291.50,5
810,09:30:02,$ 3291.50,2
811,09:30:02,$ 3291.50,1
812,09:30:02,$ 3291.50,1
813,09:30:02,$ 3291.50,10
814,09:30:02,$ 3291.50,1
815,09:30:02,$ 3291.50,1
816,09:30:02,$ 3291.50,3
817,09:30:02,$ 3291.50,2
818,09:30:02,$ 3291.50,1
820,09:30:02,$ 3291.50,10
821,09:30:02,$ 3291.50,2
822,09:30:02,$ 3291.50,1
823,09:30:02,$ 3291.50,1
824,09:30:02,$ 3291.50,8
825,09:30:02,$ 3291.50,1
826,09:30:02,$ 3291.50,8
827,09:30:02,$ 3291.50,2
828,09:30:02,$ 3291.50,3
829,09:30:02,$ 3291.50,1
830,09:30:02,$ 3291.50,4
831,09:30:02,$ 3291.50,30
832,09:30:02,$ 3291.50,1
833,09:30:02,$ 3291.50,10
834,09:30:02,$ 3291.50,1
835,09:30:02,$ 3291.50,1
836,09:30:02,$ 3291.50,2
837,09:30:02,$ 3291.50,115
838,09:30:02,$ 3291.50,2
839,09:30:02,$ 3291.50,7
841,09:30:02,$ 3291.50,1
842,09:30:02,$ 3291.50,2
843,09:30:02,$ 3291.50,2
844,09:30:02,$ 3291.50,11
845,09:30:02,$ 3291.50,29
846,09:30:02,$ 3291.50,4
847,09:30:02,$ 3291.50,7
848,09:30:02,$ 3291.50,10
849,09:30:02,$ 3291.50,3
850,09:30:02,$ 3291.50,3
851,09:30:02,$ 3291.50,10
852,09:30:02,$ 3291.50,3
853,09:30:02,$ 3291.50,1
854,09:30:02,$ 3291.50,1
855,09:30:02,$ 3291.50,38
856,09:30:02,$ 3291.50,2
857,09:30:02,$ 3291.50,20
858,09:30:02,$ 3291.50,1
859,09:30:02,$ 3291.50,10
860,09:30:02,$ 3291.50,5
862,09:30:02,$ 3291.50,30
863,09:30:02,$ 3291.50,14
864,09:30:02,$ 3291.50,5
865,09:30:02,$ 3291.50,7
866,09:30:02,$ 3291.50,8
867,09:30:02,$ 3291.50,12
868,09:30:02,$ 3291.50,20
869,09:30:02,$ 3291.50,10
870,09:30:02,$ 3291.50,20
871,09:30:02,$ 3291.50,10
872,09:30:02,$ 3291.50,1
873,09:30:02,$ 3291.50,150
874,09:30:02,$ 3291.50,1
875,09:30:02,$ 3291.50,9
876,09:30:02,$ 3291.50,2
877,09:30:02,$ 3291.50,8
878,09:30:02,$ 3291.50,10
879,09:30:02,$ 3291.50,6
880,09:30:02,$ 3291.50,15
881,09:30:02,$ 3291.50,2
883,09:30:02,$ 3291.50,1
884,09:30:02,$ 3291.50,45
885,09:30:02,$ 3291.50,80
886,09:30:02,$ 3291.50,15
887,09:30:02,$ 3291.50,5
888,09:30:02,$ 3291.50,11
889,09:30:02,$ 3291.50,10
890,09:30:02,$ 3291.50,10
891,09:30:02,$ 3291.50,1
892,09:30:02,$ 3291.50,1
893,09:30:02,$ 3291.50,1
894,09:30:02,$ 3291.50,1
895,09:30:02,$ 3291.50,4
896,09:30:02,$ 3291.50,4
897,09:30:02,$ 3291.50,6
898,09:30:02,$ 3291.50,1
899,09:30:02,$ 3291.50,1
900,09:30:02,$ 3291.50,1
901,09:30:02,$ 3291.50,1
902,09:30:02,$ 3291.50,173
904,09:30:02,$ 3291.50,1
905,09:30:02,$ 3291.50,2
906,09:30:02,$ 3291.50,1
907,09:30:02,$ 3291.50,12
908,09:30:02,$ 3291.50,1
909,09:30:02,$ 3291.50,2
910,09:30:02,$ 3291.50,1
911,09:30:02,$ 3291.50,1
912,09:30:02,$ 3291.50,1
913,09:30:02,$ 3291.50,1
914,09:30:02,$ 3291.50,1
915,09:30:02,$ 3291.50,3
916,09:30:02,$ 3291.50,1
917,09:30:02,$ 3291.50,1
918,09:30:02,$ 3291.50,1
919,09:30:02,$ 3291.50,1
920,09:30:02,$ 3291.50,2
921,09:30:02,$ 3291.50,1
922,09:30:02,$ 3291.50,4
923,09:30:02,$ 3291.50,1
925,09:30:02,$ 3291.50,1
926,09:30:02,$ 3291.50,9
927,09:30:02,$ 3291.50,3
928,09:30:02,$ 3291.50,6
929,09:30:02,$ 3291.50,6
930,09:30:02,$ 3291.50,13
931,09:30:02,$ 3291.50,10
932,09:30:02,$ 3291.50,10
933,09:30:02,$ 3291.50,30
934,09:30:02,$ 3291.50,1
935,09:30:02,$ 3291.50,8
936,09:30:02,$ 3291.50,1
937,09:30:02,$ 3291.50,5
938,09:30:02,$ 3291.50,3
939,09:30:02,$ 3291.50,1
940,09:30:02,$ 3291.50,1
941,09:30:02,$ 3291.50,2
942,09:30:02,$ 3291.50,36
943,09:30:02,$ 3291.50,1
944,09:30:02,$ 3291.50,25
946,09:30:02,$ 3291.50,5
947,09:30:02,$ 3291.50,1
948,09:30:02,$ 3291.50,1
949,09:30:02,$ 3291.50,1
950,09:30:02,$ 3291.50,4
951,09:30:02,$ 3291.50,1
952,09:30:02,$ 3291.50,1
953,09:30:02,$ 3291.50,2
954,09:30:02,$ 3291.50,1
955,09:30:02,$ 3291.50,47
956,09:30:02,$ 3291.50,1
957,09:30:02,$ 3291.50,5
958,09:30:02,$ 3291.50,15
959,09:30:02,$ 3291.50,1
960,09:30:02,$ 3291.50,1
961,09:30:02,$ 3291.50,1
962,09:30:02,$ 3291.50,1
963,09:30:02,$ 3291.50,1
964,09:30:02,$ 3291.50,5
965,09:30:02,$ 3291.50,1
967,09:30:02,$ 3291.50,3
968,09:30:02,$ 3291.50,60
969,09:30:02,$ 3291.50,6
970,09:30:02,$ 3291.50,1
971,09:30:02,$ 3291.50,30
972,09:30:02,$ 3291.50,1
973,09:30:02,$ 3291.50,1
974,09:30:02,$ 3291.50,31
975,09:30:02,$ 3291.50,4
976,09:30:02,$ 3291.50,44
977,09:30:02,$ 3291.50,1
978,09:30:02,$ 3291.50,115
979,09:30:02,$ 3291.50,15
980,09:30:02,$ 3291.50,38
981,09:30:02,$ 3291.50,1
982,09:30:02,$ 3291.50,8
983,09:30:02,$ 3291.50,1
984,09:30:02,$ 3291.50,10
985,09:30:02,$ 3291.50,1
986,09:30:02,$ 3291.50,10
988,09:30:02,$ 3291.50,18
989,09:30:02,$ 3291.50,2
990,09:30:02,$ 3291.50,6
991,09:30:02,$ 3291.50,1
992,09:30:02,$ 3291.50,3
993,09:30:02,$ 3291.50,3
994,09:30:02,$ 3291.50,1
995,09:30:02,$ 3291.50,10
996,09:30:02,$ 3291.50,3
997,09:30:02,$ 3291.50,1
998,09:30:02,$ 3291.50,2
999,09:30:02,$ 3291.50,1
1000,09:30:02,$ 3291.50,3
1001,09:30:02,$ 3291.50,1
1002,09:30:02,$ 3291.50,1
1003,09:30:02,$ 3291.50,1
1004,09:30:02,$ 3291.50,1
1005,09:30:02,$ 3291.50,30
1006,09:30:02,$ 3291.50,1
1007,09:30:02,$ 3291.50,1
1009,09:30:02,$ 3291.50,100
1010,09:30:02,$ 3291.50,1
1011,09:30:02,$ 3291.50,3
1012,09:30:02,$ 3291.50,2
1013,09:30:02,$ 3291.50,1
1014,09:30:02,$ 3291.50,1
1015,09:30:02,$ 3291.50,1
1016,09:30:02,$ 3291.50,1
1017,09:30:02,$ 3291.50,5
1018,09:30:02,$ 3291.50,3
1019,09:30:02,$ 3291.50,5
1020,09:30:02,$ 3291.50,1
1021,09:30:02,$ 3291.50,10
1022,09:30:02,$ 3291.50,2
1023,09:30:02,$ 3291.50,3
1024,09:30:02,$ 3291.50,1
1025,09:30:02,$ 3291.50,1
1026,09:30:02,$ 3291.50,10
1027,09:30:02,$ 3291.50,2
1028,09:30:02,$ 3291.50,1
1030,09:30:02,$ 3291.50,2
1031,09:30:02,$ 3291.50,1
1032,09:30:02,$ 3291.50,1
1033,09:30:02,$ 3291.50,3
1034,09:30:02,$ 3291.50,5
1035,09:30:02,$ 3291.50,1
1036,09:30:02,$ 3291.50,3
1037,09:30:02,$ 3291.50,2
1038,09:30:02,$ 3291.50,4
1039,09:30:02,$ 3291.50,1
1040,09:30:02,$ 3291.50,1
1041,09:30:02,$ 3291.50,6
1042,09:30:02,$ 3291.50,1
1043,09:30:02,$ 3291.50,3
1044,09:30:02,$ 3291.50,4
1045,09:30:02,$ 3291.50,1
1046,09:30:02,$ 3291.50,2
1047,09:30:02,$ 3291.50,3
1048,09:30:02,$ 3291.50,2
1049,09:30:02,$ 3291.50,1
1051,09:30:02,$ 3291.50,1
1052,09:30:02,$ 3291.50,5
1053,09:30:02,$ 3291.50,3
1054,09:30:02,$ 3291.50,6
1055,09:30:02,$ 3291.50,4
1056,09:30:02,$ 3291.50,1
1057,09:30:02,$ 3291.50,1
1058,09:30:02,$ 3291.50,3
1059,09:30:02,$ 3291.50,1
1060,09:30:02,$ 3291.50,3
1061,09:30:02,$ 3291.50,2
1062,09:30:02,$ 3291.50,3
1063,09:30:02,$ 3291.50,1
1064,09:30:02,$ 3291.50,5
1065,09:30:02,$ 3291.50,7
1066,09:30:02,$ 3291.50,3
1067,09:30:02,$ 3291.50,1
1068,09:30:02,$ 3291.50,1
1069,09:30:02,$ 3291.50,7
1070,09:30:02,$ 3291.50,5
1072,09:30:02,$ 3291.50,10
1073,09:30:02,$ 3291.50,1
1074,09:30:02,$ 3291.50,1
1075,09:30:02,$ 3291.50,1
1076,09:30:02,$ 3291.50,3
1077,09:30:02,$ 3291.50,3
1078,09:30:02,$ 3291.50,1
1079,09:30:02,$ 3291.50,2
1080,09:30:02,$ 3291.50,5
1081,09:30:02,$ 3291.50,2
1082,09:30:02,$ 3291.50,1
1083,09:30:02,$ 3291.50,1
1084,09:30:02,$ 3291.50,10
1085,09:30:02,$ 3291.50,3
1086,09:30:02,$ 3291.50,1
1087,09:30:02,$ 3291.50,2
1088,09:30:02,$ 3291.50,1
1089,09:30:02,$ 3291.50,5
1090,09:30:02,$ 3291.50,75
1091,09:30:02,$ 3291.50,1
1093,09:30:02,$ 3291.50,1
1094,09:30:02,$ 3291.50,3
1095,09:30:02,$ 3291.50,10
1096,09:30:02,$ 3291.50,1
1097,09:30:02,$ 3291.50,1
1098,09:30:02,$ 3291.50,4
1099,09:30:02,$ 3291.50,1
1100,09:30:02,$ 3291.50,2
1101,09:30:02,$ 3291.50,2
1102,09:30:02,$ 3291.50,1
1103,09:30:02,$ 3291.50,1
1104,09:30:02,$ 3291.50,1
1105,09:30:02,$ 3291.50,3
1106,09:30:02,$ 3291.50,1
1107,09:30:02,$ 3291.50,1
1108,09:30:02,$ 3291.50,1
1109,09:30:02,$ 3291.50,1
1110,09:30:02,$ 3291.50,2
1111,09:30:02,$ 3291.50,1
1112,09:30:02,$ 3291.50,1
1114,09:30:02,$ 3291.50,1
1115,09:30:02,$ 3291.50,1
1116,09:30:02,$ 3291.50,169
1117,09:30:02,$ 3291.50,5
1118,09:30:02,$ 3291.50,1
1119,09:30:02,$ 3291.50,11
1120,09:30:02,$ 3291.50,40
1121,09:30:02,$ 3291.50,1
1122,09:30:02,$ 3291.50,5
1123,09:30:02,$ 3291.50,1
1124,09:30:02,$ 3291.50,1
1125,09:30:02,$ 3291.50,55
1126,09:30:02,$ 3291.50,10
1127,09:30:02,$ 3291.50,1
1128,09:30:02,$ 3291.50,4
1129,09:30:02,$ 3291.50,1
1130,09:30:02,$ 3291.50,4
1131,09:30:02,$ 3291.50,1
1132,09:30:02,$ 3291.50,1
1133,09:30:02,$ 3291.50,1
1135,09:30:02,$ 3291.50,2
1136,09:30:02,$ 3291.50,2
1137,09:30:02,$ 3291.50,3
1138,09:30:02,$ 3291.50,1
1139,09:30:02,$ 3291.50,1
1140,09:30:02,$ 3291.50,1
1141,09:30:02,$ 3291.50,5
1142,09:30:02,$ 3291.50,1
1143,09:30:02,$ 3291.50,2
1144,09:30:02,$ 3291.50,2
1145,09:30:02,$ 3291.50,1
1146,09:30:02,$ 3291.50,1
1147,09:30:02,$ 3291.50,3
1148,09:30:02,$ 3291.50,2
1149,09:30:02,$ 3291.50,1
1150,09:30:02,$ 3291.50,2
1151,09:30:02,$ 3291.50,10
1152,09:30:02,$ 3291.50,1
1153,09:30:02,$ 3291.50,1
1154,09:30:02,$ 3291.50,2
1156,09:30:02,$ 3291.50,2
1157,09:30:02,$ 3291.50,2
1158,09:30:02,$ 3291.50,3
1159,09:30:02,$ 3291.50,2
1160,09:30:02,$ 3291.50,15
1161,09:30:02,$ 3291.50,3
1162,09:30:02,$ 3291.50,1
1163,09:30:02,$ 3291.50,1
1164,09:30:02,$ 3291.50,3
1165,09:30:02,$ 3291.50,20
1166,09:30:02,$ 3291.50,1
1167,09:30:02,$ 3291.50,8
1168,09:30:02,$ 3291.50,5
1169,09:30:02,$ 3291.50,1
1170,09:30:02,$ 3291.50,3
1171,09:30:02,$ 3291.50,1
1172,09:30:02,$ 3291.50,3
1173,09:30:02,$ 3291.50,1
1174,09:30:02,$ 3291.50,1
1175,09:30:02,$ 3291.50,20
1177,09:30:02,$ 3291.50,1
1178,09:30:02,$ 3291.50,1
1179,09:30:02,$ 3291.50,10
1180,09:30:02,$ 3291.50,1
1181,09:30:02,$ 3291.50,1
1182,09:30:02,$ 3291.50,3
1183,09:30:02,$ 3291.50,5
1184,09:30:02,$ 3291.50,25
1185,09:30:02,$ 3291.50,6
1186,09:30:02,$ 3291.50,1
1187,09:30:02,$ 3291.50,10
1188,09:30:02,$ 3291.50,35
1189,09:30:02,$ 3291.50,40
1190,09:30:02,$ 3291.50,64
1191,09:30:02,$ 3291.50,3
1192,09:30:02,$ 3291.50,2
1193,09:30:02,$ 3291.50,1
1194,09:30:02,$ 3291.50,24
1195,09:30:02,$ 3291.50,4
1196,09:30:02,$ 3291.50,1
1198,09:30:02,$ 3291.50,5
1199,09:30:02,$ 3291.50,1
1200,09:30:02,$ 3291.50,2
1201,09:30:02,$ 3291.50,3
1202,09:30:02,$ 3291.50,10
1203,09:30:02,$ 3291.50,4
1204,09:30:02,$ 3291.50,1
1205,09:30:02,$ 3291.50,1
1206,09:30:02,$ 3291.50,1
1207,09:30:02,$ 3291.50,4
1208,09:30:02,$ 3291.50,9
1209,09:30:02,$ 3291.50,10
1210,09:30:02,$ 3291.50,7
1211,09:30:02,$ 3291.50,9
1212,09:30:02,$ 3291.50,3
1213,09:30:02,$ 3291.50,9
1214,09:30:02,$ 3291.50,3
1215,09:30:02,$ 3291.50,1
1216,09:30:02,$ 3291.50,92
1217,09:30:02,$ 3291.50,1
1219,09:30:02,$ 3291.50,3
1220,09:30:02,$ 3291.50,1
1221,09:30:02,$ 3291.50,1
1222,09:30:02,$ 3291.50,5
1223,09:30:02,$ 3291.50,1
1224,09:30:02,$ 3291.50,10
1225,09:30:02,$ 3291.50,1
1226,09:30:02,$ 3291.50,21
1227,09:30:02,$ 3291.50,1
1228,09:30:02,$ 3291.50,2
1229,09:30:02,$ 3291.50,1
1230,09:30:02,$ 3291.50,7
1231,09:30:02,$ 3291.50,7
1232,09:30:02,$ 3291.50,4
1233,09:30:02,$ 3291.50,1
1234,09:30:02,$ 3291.50,5
1235,09:30:02,$ 3291.50,1
1236,09:30:02,$ 3291.50,1
1237,09:30:02,$ 3291.50,5
1238,09:30:02,$ 3291.50,150
1240,09:30:02,$ 3291.50,20
1241,09:30:02,$ 3291.50,10
1242,09:30:02,$ 3291.50,2
1243,09:30:02,$ 3291.50,2
1244,09:30:02,$ 3291.50,1
1245,09:30:02,$ 3291.50,1
1246,09:30:02,$ 3291.50,1
1247,09:30:02,$ 3291.50,4
1248,09:30:02,$ 3291.50,90
1249,09:30:02,$ 3291.50,46
1250,09:30:02,$ 3291.50,8
1251,09:30:02,$ 3291.50,1
1252,09:30:02,$ 3291.50,2
1253,09:30:02,$ 3291.50,1
1254,09:30:02,$ 3291.50,5
1255,09:30:02,$ 3291.50,3
1256,09:30:02,$ 3291.50,1
1257,09:30:02,$ 3291.50,9
1258,09:30:02,$ 3291.50,4
1259,09:30:02,$ 3291.50,2
1261,09:30:02,$ 3291.50,5
1262,09:30:02,$ 3291.50,30
1263,09:30:02,$ 3291.50,2
1264,09:30:02,$ 3291.50,1
1265,09:30:02,$ 3291.50,10
1266,09:30:02,$ 3291.50,7
1267,09:30:02,$ 3291.50,5
1268,09:30:02,$ 3291.50,2
1269,09:30:02,$ 3291.50,4
1270,09:30:02,$ 3291.50,3
1271,09:30:02,$ 3291.50,4
1272,09:30:02,$ 3291.50,3
1273,09:30:02,$ 3291.50,1
1274,09:30:02,$ 3291.50,3
1275,09:30:02,$ 3291.50,4
1276,09:30:02,$ 3291.50,3
1277,09:30:02,$ 3291.50,2
1278,09:30:02,$ 3291.50,36
1279,09:30:02,$ 3291.50,3
1280,09:30:02,$ 3291.50,2
1282,09:30:02,$ 3291.50,2
1283,09:30:02,$ 3291.50,1
1284,09:30:02,$ 3291.50,3
1285,09:30:02,$ 3291.50,6
1286,09:30:02,$ 3291.50,10
1287,09:30:02,$ 3291.50,1
1288,09:30:02,$ 3291.50,1
1289,09:30:02,$ 3291.50,1
1290,09:30:02,$ 3291.50,7
1291,09:30:02,$ 3291.50,1
1292,09:30:02,$ 3291.50,1
1293,09:30:02,$ 3291.50,1
1294,09:30:02,$ 3291.50,1
1295,09:30:02,$ 3291.50,4
1296,09:30:02,$ 3291.50,8
1297,09:30:02,$ 3291.50,2
1298,09:30:02,$ 3291.50,20
1299,09:30:02,$ 3291.50,2
1300,09:30:02,$ 3291.50,1
1301,09:30:02,$ 3291.50,10
1303,09:30:02,$ 3291.50,12
1304,09:30:02,$ 3291.50,3
1305,09:30:02,$ 3291.50,1
1306,09:30:02,$ 3291.50,2
1307,09:30:02,$ 3291.50,1
1308,09:30:02,$ 3291.50,1
1309,09:30:02,$ 3291.50,2
1310,09:30:02,$ 3291.50,1
1311,09:30:02,$ 3291.50,3
1312,09:30:02,$ 3291.50,1
1313,09:30:02,$ 3291.50,2
1314,09:30:02,$ 3291.50,5
1315,09:30:02,$ 3291.50,100
1316,09:30:02,$ 3291.50,5
1317,09:30:02,$ 3291.50,1
1318,09:30:02,$ 3291.50,15
1319,09:30:02,$ 3291.50,5
1320,09:30:02,$ 3291.50,1
1321,09:30:02,$ 3291.50,1
1322,09:30:02,$ 3291.50,3
1324,09:30:02,$ 3291.50,2
1325,09:30:02,$ 3291.50,1
1326,09:30:02,$ 3291.50,1
1327,09:30:02,$ 3291.50,3
1328,09:30:02,$ 3291.50,1
1329,09:30:02,$ 3291.50,3
1330,09:30:02,$ 3291.50,1
1331,09:30:02,$ 3291.50,1
1332,09:30:02,$ 3291.50,6
1333,09:30:02,$ 3291.50,1
1334,09:30:02,$ 3291.50,5
1335,09:30:02,$ 3291.50,1
1336,09:30:02,$ 3291.50,10
1337,09:30:02,$ 3291.50,2
1338,09:30:02,$ 3291.50,3
1339,09:30:02,$ 3291.50,1
1340,09:30:02,$ 3291.50,5
1341,09:30:02,$ 3291.50,1
1342,09:30:02,$ 3291.50,4
1343,09:30:02,$ 3291.50,1
1345,09:30:02,$ 3291.50,228
1346,09:30:02,$ 3291.50,1
1347,09:30:02,$ 3291.50,1
1348,09:30:02,$ 3291.50,1
1349,09:30:02,$ 3291.50,1
1350,09:30:02,$ 3291.50,1
1351,09:30:02,$ 3291.50,1
1352,09:30:02,$ 3291.50,1
1353,09:30:02,$ 3291.50,1
1354,09:30:02,$ 3291.50,1
1355,09:30:02,$ 3291.50,1
1356,09:30:02,$ 3291.50,1
1357,09:30:02,$ 3291.50,1
1358,09:30:02,$ 3291.50,1
1359,09:30:02,$ 3291.50,1
1360,09:30:02,$ 3291.50,1
1361,09:30:02,$ 3291.50,1
1362,09:30:02,$ 3291.50,1
1363,09:30:02,$ 3291.50,1
1364,09:30:02,$ 3291.50,1
1366,09:30:02,$ 3291.50,1
1367,09:30:02,$ 3291.50,5
1368,09:30:02,$ 3291.50,1
1369,09:30:02,$ 3291.50,1
1370,09:30:02,$ 3291.50,1
1371,09:30:02,$ 3291.50,1
1372,09:30:02,$ 3291.50,1
1373,09:30:02,$ 3291.50,1
1374,09:30:02,$ 3291.50,1
1375,09:30:02,$ 3291.50,1
1376,09:30:02,$ 3291.50,34
1377,09:30:02,$ 3291.50,2
1378,09:30:02,$ 3291.50,8
1379,09:30:02,$ 3291.50,7
1380,09:30:02,$ 3291.50,7
1381,09:30:02,$ 3291.50,2
1382,09:30:02,$ 3291.50,1
1383,09:30:02,$ 3291.50,4
1384,09:30:02,$ 3291.50,1
1385,09:30:02,$ 3291.50,1
1387,09:30:02,$ 3291.50,3
1388,09:30:02,$ 3291.50,5
1389,09:30:02,$ 3291.50,1
1390,09:30:02,$ 3291.50,3
1391,09:30:02,$ 3291.50,3
1392,09:30:02,$ 3291.50,3
1393,09:30:02,$ 3291.50,5
1394,09:30:02,$ 3291.50,1
1395,09:30:02,$ 3291.50,1
1396,09:30:02,$ 3291.50,1
1397,09:30:02,$ 3291.50,3
1398,09:30:02,$ 3291.50,3
1399,09:30:02,$ 3291.50,2
1400,09:30:02,$ 3291.50,1
1401,09:30:02,$ 3291.50,2
1402,09:30:02,$ 3291.50,15
1403,09:30:02,$ 3291.50,4
1404,09:30:02,$ 3291.50,1
1405,09:30:02,$ 3291.50,1
1406,09:30:02,$ 3291.50,1
1408,09:30:02,$ 3291.50,1
1409,09:30:02,$ 3291.50,10
1410,09:30:02,$ 3291.50,1
1411,09:30:02,$ 3291.50,1
1412,09:30:02,$ 3291.50,1
1413,09:30:02,$ 3291.50,3
1414,09:30:02,$ 3291.50,6
1415,09:30:02,$ 3291.50,10
1416,09:30:02,$ 3291.50,7
1417,09:30:02,$ 3291.50,1
1418,09:30:02,$ 3291.50,1
1419,09:30:02,$ 3291.50,2
1420,09:30:02,$ 3291.50,1
1421,09:30:02,$ 3291.50,1
1422,09:30:02,$ 3291.50,1
1423,09:30:02,$ 3291.50,1
1424,09:30:02,$ 3291.50,1
1425,09:30:02,$ 3291.50,3
1426,09:30:02,$ 3291.50,6
1427,09:30:02,$ 3291.50,3
1429,09:30:02,$ 3291.50,25
1430,09:30:02,$ 3291.50,4
1431,09:30:02,$ 3291.50,2
1432,09:30:02,$ 3291.50,1
1433,09:30:02,$ 3291.50,5
1434,09:30:02,$ 3291.50,5
1435,09:30:02,$ 3291.50,1
1436,09:30:02,$ 3291.50,1
1437,09:30:02,$ 3291.50,1
1438,09:30:02,$ 3291.50,1
1439,09:30:02,$ 3291.50,1
1440,09:30:02,$ 3291.50,2
1441,09:30:02,$ 3291.50,5
1442,09:30:02,$ 3291.50,2
1443,09:30:02,$ 3291.50,1
1444,09:30:02,$ 3291.50,5
1445,09:30:02,$ 3291.50,3
1446,09:30:02,$ 3291.50,1
1447,09:30:02,$ 3291.50,2
1448,09:30:02,$ 3291.50,9
1450,09:30:02,$ 3291.50,1
1451,09:30:02,$ 3291.50,1
1452,09:30:02,$ 3291.50,1
1453,09:30:02,$ 3291.50,1
1454,09:30:02,$ 3291.50,1
1455,09:30:02,$ 3291.50,1
1456,09:30:02,$ 3291.50,1
1457,09:30:02,$ 3291.50,1
1458,09:30:02,$ 3291.50,1
1459,09:30:02,$ 3291.50,1
1460,09:30:02,$ 3291.50,1
1461,09:30:02,$ 3291.50,1
1462,09:30:02,$ 3291.50,1
1463,09:30:02,$ 3291.50,1
1464,09:30:02,$ 3291.50,1
1465,09:30:02,$ 3291.50,1
1466,09:30:02,$ 3291.50,1
1467,09:30:02,$ 3291.50,1
1468,09:30:02,$ 3291.50,1
1469,09:30:02,$ 3291.50,1
1471,09:30:02,$ 3291.50,1
1472,09:30:02,$ 3291.50,1
1473,09:30:02,$ 3291.50,1
1474,09:30:02,$ 3291.50,1
1475,09:30:02,$ 3291.50,1
1476,09:30:02,$ 3291.50,1
1477,09:30:02,$ 3291.50,1
1478,09:30:02,$ 3291.50,1
1479,09:30:02,$ 3291.50,1
1480,09:30:02,$ 3291.50,1
1481,09:30:02,$ 3291.50,1
1482,09:30:02,$ 3291.50,1
1483,09:30:02,$ 3291.50,1
1484,09:30:02,$ 3291.50,1
1485,09:30:02,$ 3291.50,1
1486,09:30:02,$ 3291.50,1
1487,09:30:02,$ 3291.50,1
1488,09:30:02,$ 3291.50,1
1489,09:30:02,$ 3291.50,1
1490,09:30:02,$ 3291.50,1
1492,09:30:02,$ 3291.50,1
1493,09:30:02,$ 3291.50,1
1494,09:30:02,$ 3291.50,1
1495,09:30:02,$ 3291.50,1
1496,09:30:02,$ 3291.50,1
1497,09:30:02,$ 3291.50,1
1498,09:30:02,$ 3291.50,1
1499,09:30:02,$ 3291.50,1
1500,09:30:02,$ 3291.50,7
1501,09:30:02,$ 3291.50,15
1502,09:30:02,$ 3291.50,15
1503,09:30:02,$ 3291.50,1
1504,09:30:02,$ 3291.50,1
1505,09:30:02,$ 3291.50,1
1506,09:30:02,$ 3291.50,1
1507,09:30:02,$ 3291.50,1
1508,09:30:02,$ 3291.50,1
1509,09:30:02,$ 3291.50,1
1510,09:30:02,$ 3291.50,1
1511,09:30:02,$ 3291.50,1
1513,09:30:02,$ 3291.50,1
1514,09:30:02,$ 3291.50,1
1515,09:30:02,$ 3291.50,1
1516,09:30:02,$ 3291.50,1
1517,09:30:02,$ 3291.50,1
1518,09:30:02,$ 3291.50,1
1519,09:30:02,$ 3291.50,3
1520,09:30:02,$ 3291.50,1
1521,09:30:02,$ 3291.50,3
1522,09:30:02,$ 3291.50,1
1523,09:30:02,$ 3291.50,5
1524,09:30:02,$ 3291.50,29
1525,09:30:02,$ 3291.50,11
1526,09:30:02,$ 3291.50,4
1527,09:30:02,$ 3291.50,7
1528,09:30:02,$ 3291.50,450
1529,09:30:02,$ 3291.50,13
1530,09:30:02,$ 3291.50,6
1531,09:30:02,$ 3291.50,10
1532,09:30:02,$ 3291.50,12
1534,09:30:02,$ 3291.50,44
1535,09:30:02,$ 3291.50,60
1536,09:30:02,$ 3291.50,30
1537,09:30:02,$ 3291.50,15
1538,09:30:02,$ 3291.50,8
1539,09:30:02,$ 3291.50,2
1540,09:30:02,$ 3291.50,1
1541,09:30:02,$ 3291.50,1
1542,09:30:02,$ 3291.50,1
1543,09:30:02,$ 3291.50,2
1544,09:30:02,$ 3291.50,10
1545,09:30:02,$ 3291.50,2
1546,09:30:02,$ 3291.50,50
1547,09:30:02,$ 3291.50,5
1548,09:30:02,$ 3291.50,2
1549,09:30:02,$ 3291.50,1
1550,09:30:02,$ 3291.50,10
1551,09:30:02,$ 3291.50,1
1552,09:30:02,$ 3291.50,1
1553,09:30:02,$ 3291.50,15
1555,09:30:02,$ 3291.50,1
1556,09:30:02,$ 3291.50,3
1557,09:30:02,$ 3291.50,1
1558,09:30:02,$ 3291.50,1
1559,09:30:02,$ 3291.50,1
1560,09:30:02,$ 3291.50,1
1561,09:30:02,$ 3291.50,1
1562,09:30:02,$ 3291.50,30
1563,09:30:02,$ 3291.50,12
1564,09:30:02,$ 3291.50,20
1565,09:30:02,$ 3291.50,1
1566,09:30:02,$ 3291.50,12
1567,09:30:02,$ 3291.50,3
1568,09:30:02,$ 3291.50,1
1569,09:30:02,$ 3291.50,1
1570,09:30:02,$ 3291.50,1
1571,09:30:02,$ 3291.50,1
1572,09:30:02,$ 3291.50,1
1573,09:30:02,$ 3291.50,1
1574,09:30:02,$ 3291.50,1
1576,09:30:02,$ 3291.50,1
1577,09:30:02,$ 3291.50,1
1578,09:30:02,$ 3291.50,1
1579,09:30:02,$ 3291.50,1
1580,09:30:02,$ 3291.50,5
1581,09:30:02,$ 3291.50,5
1582,09:30:02,$ 3291.50,4
1583,09:30:02,$ 3291.50,20
1584,09:30:02,$ 3291.50,5
1585,09:30:02,$ 3291.50,50
1586,09:30:02,$ 3291.50,4
1587,09:30:02,$ 3291.50,30
1588,09:30:02,$ 3291.50,1
1589,09:30:02,$ 3291.50,5
1590,09:30:02,$ 3291.50,1
1591,09:30:02,$ 3291.50,15
1592,09:30:02,$ 3291.50,5
1593,09:30:02,$ 3291.50,3
1594,09:30:02,$ 3291.50,4
1595,09:30:02,$ 3291.50,1
1597,09:30:02,$ 3291.50,6
1598,09:30:02,$ 3291.50,93
1599,09:30:02,$ 3291.50,3
1600,09:30:02,$ 3291.50,2
1601,09:30:02,$ 3291.50,2
1602,09:30:02,$ 3291.50,5
1603,09:30:02,$ 3291.50,1
1604,09:30:02,$ 3291.50,1
1605,09:30:02,$ 3291.50,1
1606,09:30:02,$ 3291.50,4
1607,09:30:02,$ 3291.50,4
1608,09:30:02,$ 3291.50,1
1609,09:30:02,$ 3291.50,5
1610,09:30:02,$ 3291.50,3
1611,09:30:02,$ 3291.50,1
1612,09:30:02,$ 3291.50,1
1613,09:30:02,$ 3291.50,1
1614,09:30:02,$ 3291.50,10
1615,09:30:02,$ 3291.50,3
1616,09:30:02,$ 3291.50,1
1618,09:30:02,$ 3291.50,1
1619,09:30:02,$ 3291.50,28
1620,09:30:02,$ 3291.50,1
1621,09:30:02,$ 3291.50,1
1622,09:30:02,$ 3291.50,3
1623,09:30:02,$ 3291.50,1
1624,09:30:02,$ 3291.50,10
1625,09:30:02,$ 3291.50,1
1626,09:30:02,$ 3291.50,1
1627,09:30:02,$ 3291.50,3
1628,09:30:02,$ 3291.50,1
1629,09:30:02,$ 3291.50,2
1630,09:30:02,$ 3291.50,2
1631,09:30:02,$ 3291.50,10
1632,09:30:02,$ 3291.50,1
1633,09:30:02,$ 3291.50,5
1634,09:30:02,$ 3291.50,14
1635,09:30:02,$ 3291.50,1
1636,09:30:02,$ 3291.50,1
1637,09:30:02,$ 3291.50,1
1639,09:30:02,$ 3291.50,1
1640,09:30:02,$ 3291.50,2
1641,09:30:02,$ 3291.50,10
1642,09:30:02,$ 3291.50,1
1643,09:30:02,$ 3291.50,3
1644,09:30:02,$ 3291.50,2
1645,09:30:02,$ 3291.50,150
1646,09:30:02,$ 3291.50,3
1647,09:30:02,$ 3291.50,1
1648,09:30:02,$ 3291.50,2
1649,09:30:02,$ 3291.50,5
1650,09:30:02,$ 3291.50,100
1651,09:30:02,$ 3291.50,30
1652,09:30:02,$ 3291.50,6
1653,09:30:02,$ 3291.50,1
1654,09:30:02,$ 3291.50,1
1655,09:30:02,$ 3291.50,100
1656,09:30:02,$ 3291.50,3
1657,09:30:02,$ 3291.50,7
1658,09:30:02,$ 3291.50,1
1660,09:30:02,$ 3291.50,2
1661,09:30:02,$ 3291.50,10
1662,09:30:02,$ 3291.50,1
1663,09:30:02,$ 3291.50,1
1664,09:30:02,$ 3291.50,9
1665,09:30:02,$ 3291.50,24
1666,09:30:02,$ 3291.50,11
1667,09:30:02,$ 3291.50,1
1668,09:30:02,$ 3291.50,4
1669,09:30:02,$ 3291.50,1
1670,09:30:02,$ 3291.50,1
1671,09:30:02,$ 3291.50,1
1672,09:30:02,$ 3291.50,8
1673,09:30:02,$ 3291.50,1
1674,09:30:02,$ 3291.50,3
1675,09:30:02,$ 3291.50,1
1676,09:30:02,$ 3291.50,2
1677,09:30:02,$ 3291.50,80
1678,09:30:02,$ 3291.50,1
1679,09:30:02,$ 3291.50,3
1681,09:30:02,$ 3291.50,3
1682,09:30:02,$ 3291.50,10
1683,09:30:02,$ 3291.50,1
1684,09:30:02,$ 3291.50,3
1685,09:30:02,$ 3291.50,114
1686,09:30:02,$ 3291.50,1
1687,09:30:02,$ 3291.50,23
1688,09:30:02,$ 3291.50,501
1689,09:30:02,$ 3291.50,1
1690,09:30:02,$ 3291.50,1
1691,09:30:02,$ 3291.50,1
1692,09:30:02,$ 3291.50,1
1693,09:30:02,$ 3291.50,8
1694,09:30:02,$ 3291.50,6
1695,09:30:02,$ 3291.50,13
1696,09:30:02,$ 3291.50,3
1697,09:30:02,$ 3291.50,3
1698,09:30:02,$ 3291.50,1
1699,09:30:02,$ 3291.50,2
1700,09:30:02,$ 3291.50,10
1702,09:30:02,$ 3291.50,1
1703,09:30:02,$ 3291.50,19
1704,09:30:02,$ 3291.50,4
1705,09:30:02,$ 3291.50,3
1706,09:30:02,$ 3291.50,2
1707,09:30:02,$ 3291.50,29
1708,09:30:02,$ 3291.50,73
1709,09:30:02,$ 3291.50,2
1710,09:30:02,$ 3291.50,3
1711,09:30:02,$ 3291.50,1
1712,09:30:02,$ 3291.50,4
1713,09:30:02,$ 3291.50,2
1714,09:30:02,$ 3291.50,1
1715,09:30:02,$ 3291.50,1
1716,09:30:02,$ 3291.50,1
1717,09:30:02,$ 3291.50,1
1718,09:30:02,$ 3291.50,1
1719,09:30:02,$ 3291.50,1
1720,09:30:02,$ 3291.50,1
1721,09:30:02,$ 3291.50,10
1723,09:30:02,$ 3291.50,1
1724,09:30:02,$ 3291.50,1
1725,09:30:02,$ 3291.50,5
1726,09:30:02,$ 3291.50,1
1727,09:30:02,$ 3291.50,4
1728,09:30:02,$ 3291.50,4
1729,09:30:02,$ 3291.50,1
1730,09:30:02,$ 3291.50,2
1731,09:30:02,$ 3291.50,2
1732,09:30:02,$ 3291.50,7
1733,09:30:02,$ 3291.50,1
1734,09:30:02,$ 3291.50,1
1735,09:30:02,$ 3291.50,5
1736,09:30:02,$ 3291.50,1
1737,09:30:02,$ 3291.50,2
1738,09:30:02,$ 3291.50,10
1739,09:30:02,$ 3291.50,1
1740,09:30:02,$ 3291.50,1
1741,09:30:02,$ 3291.50,1
1742,09:30:02,$ 3291.50,1
1744,09:30:02,$ 3291.50,2
1745,09:30:02,$ 3291.50,1
1746,09:30:02,$ 3291.50,1
1747,09:30:02,$ 3291.50,1
1748,09:30:02,$ 3291.50,1
1749,09:30:02,$ 3291.50,1
1750,09:30:02,$ 3291.50,1
1751,09:30:02,$ 3291.50,5
1752,09:30:02,$ 3291.50,3
1753,09:30:02,$ 3291.50,2
1754,09:30:02,$ 3291.50,1
1755,09:30:02,$ 3291.50,1
1756,09:30:02,$ 3291.50,1
1757,09:30:02,$ 3291.50,2
1758,09:30:02,$ 3291.50,1
1759,09:30:02,$ 3291.50,1
1760,09:30:02,$ 3291.50,1
1761,09:30:02,$ 3291.50,2
1762,09:30:02,$ 3291.50,3
1763,09:30:02,$ 3291.50,1
1765,09:30:02,$ 3291.50,1
1766,09:30:02,$ 3291.50,1
1767,09:30:02,$ 3291.50,5
1768,09:30:02,$ 3291.50,1
1769,09:30:02,$ 3291.50,5
1770,09:30:02,$ 3291.50,20
1771,09:30:02,$ 3291.50,1
1772,09:30:02,$ 3291.50,1
1773,09:30:02,$ 3291.50,1
1774,09:30:02,$ 3291.50,1
1775,09:30:02,$ 3291.50,1
1776,09:30:02,$ 3291.50,1
1777,09:30:02,$ 3291.50,1
1778,09:30:02,$ 3291.50,1
1779,09:30:02,$ 3291.50,2
1780,09:30:02,$ 3291.50,2
1781,09:30:02,$ 3291.50,1
1782,09:30:02,$ 3291.50,1
1783,09:30:02,$ 3291.50,1
1784,09:30:02,$ 3291.50,1
1786,09:30:02,$ 3291.50,10
1787,09:30:02,$ 3291.50,6
1788,09:30:02,$ 3291.50,1
1789,09:30:02,$ 3291.50,1
1790,09:30:02,$ 3291.50,1
1791,09:30:02,$ 3291.50,1
1792,09:30:02,$ 3291.50,1
1793,09:30:02,$ 3291.50,1
1794,09:30:02,$ 3291.50,4
1795,09:30:02,$ 3291.50,1
1796,09:30:02,$ 3291.50,7
1797,09:30:02,$ 3291.50,25
1798,09:30:02,$ 3291.50,1
1799,09:30:02,$ 3291.50,1
1800,09:30:02,$ 3291.50,7
1801,09:30:02,$ 3291.50,11
1802,09:30:02,$ 3291.50,17
1803,09:30:02,$ 3291.50,1
1804,09:30:02,$ 3291.50,2
1805,09:30:02,$ 3291.50,1
1807,09:30:02,$ 3291.50,2
1808,09:30:02,$ 3291.50,1
1809,09:30:02,$ 3291.50,5
1810,09:30:02,$ 3291.50,3
1811,09:30:02,$ 3291.50,3
1812,09:30:02,$ 3291.50,3
1813,09:30:02,$ 3291.50,4
1814,09:30:02,$ 3291.50,2
1815,09:30:02,$ 3291.50,3
1816,09:30:02,$ 3291.50,1
1817,09:30:02,$ 3291.50,1
1818,09:30:02,$ 3291.50,1
1819,09:30:02,$ 3291.50,2
1820,09:30:02,$ 3291.50,3
1821,09:30:02,$ 3291.50,1
1822,09:30:02,$ 3291.50,3
1823,09:30:02,$ 3291.50,2
1824,09:30:02,$ 3291.50,1
1825,09:30:02,$ 3291.50,1
1826,09:30:02,$ 3291.50,15
1828,09:30:02,$ 3291.50,1
1829,09:30:02,$ 3291.50,7
1830,09:30:02,$ 3291.50,2
1831,09:30:02,$ 3291.50,2
1832,09:30:02,$ 3291.50,6
1833,09:30:02,$ 3291.50,4
1834,09:30:02,$ 3291.50,4
1835,09:30:02,$ 3291.50,1
1836,09:30:02,$ 3291.50,1
1837,09:30:02,$ 3291.50,46
1838,09:30:02,$ 3291.50,1
1839,09:30:02,$ 3291.50,1
1840,09:30:02,$ 3291.50,1
1841,09:30:02,$ 3291.50,1
1842,09:30:02,$ 3291.50,3
1843,09:30:02,$ 3291.50,7
1844,09:30:02,$ 3291.50,1
1845,09:30:02,$ 3291.50,3
1846,09:30:02,$ 3291.50,5
1847,09:30:02,$ 3291.50,1
1849,09:30:02,$ 3291.50,5
1850,09:30:02,$ 3291.50,11
1851,09:30:02,$ 3291.50,1
1852,09:30:02,$ 3291.50,10
1853,09:30:02,$ 3291.50,20
1854,09:30:02,$ 3291.50,183
1855,09:30:02,$ 3291.50,324
1856,09:30:02,$ 3291.50,100
1857,09:30:02,$ 3291.50,4
1858,09:30:02,$ 3291.50,292
1859,09:30:02,$ 3291.50,110
1860,09:30:02,$ 3291.50,129
1861,09:30:02,$ 3291.50,500
1862,09:30:02,$ 3291.50,70
1863,09:30:02,$ 3291.50,1
1864,09:30:02,$ 3291.50,1
1865,09:30:02,$ 3291.50,100
1866,09:30:02,$ 3291.50,100
1867,09:30:02,$ 3291.50,10
1868,09:30:02,$ 3291.50,1
1870,09:30:02,$ 3291.50,393
1871,09:30:02,$ 3291.50,4
1872,09:30:02,$ 3291.50,78
1873,09:30:02,$ 3291.50,19
1874,09:30:02,$ 3291.50,25
1875,09:30:02,$ 3291.50,14
1876,09:30:02,$ 3291.50,3
1877,09:30:02,$ 3291.50,1
1878,09:30:02,$ 3291.50,14
1879,09:30:02,$ 3291.50,1
1880,09:30:02,$ 3291.50,3
1881,09:30:02,$ 3291.50,15
1882,09:30:02,$ 3291.50,1
1883,09:30:02,$ 3291.50,2
1884,09:30:02,$ 3291.50,1
1885,09:30:02,$ 3291.50,4
1886,09:30:02,$ 3291.50,266
1887,09:30:02,$ 3291.50,100
1888,09:30:02,$ 3291.50,1
1889,09:30:02,$ 3291.50,1
1891,09:30:02,$ 3291.50,4
1892,09:30:02,$ 3291.50,50
1893,09:30:02,$ 3291.50,5
1894,09:30:02,$ 3291.50,30
1895,09:30:02,$ 3291.50,319
1896,09:30:02,$ 3291.50,5
1897,09:30:02,$ 3291.50,3
1898,09:30:02,$ 3291.50,2
1899,09:30:02,$ 3291.50,125
1900,09:30:02,$ 3291.50,62
1901,09:30:02,$ 3291.50,1
1902,09:30:02,$ 3291.50,19
1903,09:30:02,$ 3291.50,7
1904,09:30:02,$ 3291.50,6
1905,09:30:02,$ 3291.50,1
1906,09:30:02,$ 3291.50,4
1907,09:30:02,$ 3291.50,15
1908,09:30:02,$ 3291.50,10
1909,09:30:02,$ 3291.50,10
1910,09:30:02,$ 3291.50,16
1912,09:30:02,$ 3291.50,7
1913,09:30:02,$ 3291.50,4
1914,09:30:02,$ 3291.50,3
1915,09:30:02,$ 3291.50,30
1916,09:30:02,$ 3291.50,6
1917,09:30:02,$ 3291.50,10
1918,09:30:02,$ 3291.50,5
1919,09:30:02,$ 3291.50,15
1920,09:30:02,$ 3291.50,1
1921,09:30:02,$ 3291.50,2
1922,09:30:02,$ 3291.50,1
1923,09:30:02,$ 3291.50,1
1924,09:30:02,$ 3291.50,5
1925,09:30:02,$ 3291.50,22
1926,09:30:02,$ 3291.50,2
1927,09:30:02,$ 3291.50,4
1928,09:30:02,$ 3291.50,10
1929,09:30:02,$ 3291.50,117
1930,09:30:02,$ 3291.50,49
1931,09:30:02,$ 3291.50,2
1933,09:30:02,$ 3291.50,30
1934,09:30:02,$ 3291.50,107
1935,09:30:02,$ 3291.50,6
1936,09:30:02,$ 3291.50,1
1937,09:30:02,$ 3291.50,10
1938,09:30:02,$ 3291.50,1
1939,09:30:02,$ 3291.50,97
1940,09:30:02,$ 3291.50,1
1941,09:30:02,$ 3291.50,1
1942,09:30:02,$ 3291.50,10
1943,09:30:02,$ 3291.50,100
1944,09:30:02,$ 3291.50,100
1945,09:30:02,$ 3291.50,89
1946,09:30:02,$ 3291.50,12
1947,09:30:02,$ 3291.50,5
1948,09:30:02,$ 3291.50,3
1949,09:30:02,$ 3291.50,1
1950,09:30:02,$ 3291.50,2
1951,09:30:02,$ 3291.50,293
1952,09:30:02,$ 3291.50,18
1954,09:30:02,$ 3291.50,15
1955,09:30:02,$ 3291.50,8
1956,09:30:02,$ 3291.50,33
1957,09:30:02,$ 3291.50,2
1958,09:30:02,$ 3291.50,2
1959,09:30:02,$ 3291.50,1
1960,09:30:02,$ 3291.50,5
1961,09:30:02,$ 3291.50,1
1962,09:30:02,$ 3291.50,55
1963,09:30:02,$ 3291.50,41
1964,09:30:02,$ 3291.50,28
1965,09:30:02,$ 3291.50,37
1966,09:30:02,$ 3291.50,40
1967,09:30:02,$ 3291.50,42
1968,09:30:02,$ 3291.50,3
1969,09:30:02,$ 3291.50,27
1970,09:30:02,$ 3291.50,2
1971,09:30:02,$ 3291.50,15
1972,09:30:02,$ 3291.50,10
1973,09:30:02,$ 3291.50,1
1975,09:30:02,$ 3291.50,150
1976,09:30:02,$ 3291.50,1
1977,09:30:02,$ 3291.50,1
1978,09:30:02,$ 3291.50,4
1979,09:30:02,$ 3291.50,60
1980,09:30:02,$ 3291.50,5
1981,09:30:02,$ 3291.50,1
1982,09:30:02,$ 3291.50,1
1983,09:30:02,$ 3291.50,1
1984,09:30:02,$ 3291.50,2
1985,09:30:02,$ 3291.50,1
1986,09:30:02,$ 3291.50,1
1987,09:30:02,$ 3291.50,179
1988,09:30:02,$ 3291.50,10
1989,09:30:02,$ 3291.50,1
1990,09:30:02,$ 3291.50,23
1991,09:30:02,$ 3291.50,40
1992,09:30:02,$ 3291.50,6
1993,09:30:02,$ 3291.50,3
1994,09:30:02,$ 3291.50,120
1996,09:30:02,$ 3291.50,10
1997,09:30:02,$ 3291.50,10
1998,09:30:02,$ 3291.50,2
1999,09:30:02,$ 3291.50,5
2000,09:30:02,$ 3291.50,13
2001,09:30:02,$ 3291.50,2
2002,09:30:02,$ 3291.50,12
2003,09:30:02,$ 3291.50,24
2004,09:30:02,$ 3291.50,3
2005,09:30:02,$ 3291.50,1
2006,09:30:02,$ 3291.50,1
2007,09:30:02,$ 3291.50,6
2008,09:30:02,$ 3291.50,30
2009,09:30:02,$ 3291.50,2
2010,09:30:02,$ 3291.50,47
2011,09:30:02,$ 3291.50,325
2012,09:30:02,$ 3291.50,1
2013,09:30:02,$ 3291.50,1
2014,09:30:02,$ 3291.50,200
2015,09:30:02,$ 3291.50,1
2017,09:30:02,$ 3291.50,356
2018,09:30:02,$ 3291.50,179
2019,09:30:02,$ 3291.50,423
2020,09:30:02,$ 3291.50,1
2021,09:30:02,$ 3291.50,230
2022,09:30:02,$ 3291.50,20
2023,09:30:02,$ 3291.50,"2,000"
2024,09:30:02,$ 3291.50,20
2025,09:30:02,$ 3291.50,2
2026,09:30:02,$ 3291.50,1
2027,09:30:02,$ 3291.50,10
2028,09:30:02,$ 3291.50,1
2029,09:30:02,$ 3291.50,1
2030,09:30:02,$ 3291.50,1
2031,09:30:02,$ 3291.50,18
2032,09:30:02,$ 3291.50,61
2033,09:30:02,$ 3291.50,5
2034,09:30:02,$ 3291.50,1
2035,09:30:02,$ 3291.50,3
2036,09:30:02,$ 3291.50,1
2038,09:30:02,$ 3291.50,1
2039,09:30:02,$ 3291.50,4
2040,09:30:02,$ 3291.50,1
2041,09:30:02,$ 3291.50,3
2042,09:30:02,$ 3291.50,4
2043,09:30:02,$ 3291.50,1
2044,09:30:02,$ 3291.50,3
2045,09:30:02,$ 3291.50,25
2046,09:30:02,$ 3291.50,149
2047,09:30:02,$ 3291.50,2
2048,09:30:02,$ 3291.50,11
2049,09:30:02,$ 3291.50,1
2050,09:30:02,$ 3291.50,1
2051,09:30:02,$ 3291.50,1
2052,09:30:02,$ 3291.50,1
2053,09:30:02,$ 3291.50,1
2054,09:30:02,$ 3291.50,3
2055,09:30:02,$ 3291.50,15
2056,09:30:02,$ 3291.50,1
2057,09:30:02,$ 3291.50,1
2059,09:30:02,$ 3291.50,1
2060,09:30:02,$ 3291.50,10
2061,09:30:02,$ 3291.50,30
2062,09:30:02,$ 3291.50,1
2063,09:30:02,$ 3291.50,2
2064,09:30:02,$ 3291.50,4
2065,09:30:02,$ 3291.50,1
2066,09:30:02,$ 3291.50,1
2067,09:30:02,$ 3291.50,324
2068,09:30:02,$ 3291.50,1
2069,09:30:02,$ 3291.50,1
2070,09:30:02,$ 3291.50,1
2071,09:30:02,$ 3291.50,10
2072,09:30:02,$ 3291.50,15
2073,09:30:02,$ 3291.50,65
2074,09:30:02,$ 3291.50,1
2075,09:30:02,$ 3291.50,10
2076,09:30:02,$ 3291.50,28
2077,09:30:02,$ 3291.50,13
2078,09:30:02,$ 3291.50,65
2080,09:30:02,$ 3291.50,1
2081,09:30:02,$ 3291.50,30
2082,09:30:02,$ 3291.50,1
2083,09:30:02,$ 3291.50,1
2084,09:30:02,$ 3291.50,9
2085,09:30:02,$ 3291.50,2
2086,09:30:02,$ 3291.50,1
2087,09:30:02,$ 3291.50,2
2088,09:30:02,$ 3291.50,3
2089,09:30:02,$ 3291.50,3
2090,09:30:02,$ 3291.50,3
2091,09:30:02,$ 3291.50,5
2092,09:30:02,$ 3291.50,7
2093,09:30:02,$ 3291.50,8
2094,09:30:02,$ 3291.50,15
2095,09:30:02,$ 3291.50,17
2096,09:30:02,$ 3291.50,22
2097,09:30:02,$ 3291.50,32
2098,09:30:02,$ 3291.50,1
2099,09:30:02,$ 3291.50,1
2101,09:30:02,$ 3291.50,10
2102,09:30:02,$ 3291.50,80
2103,09:30:02,$ 3291.50,20
2104,09:30:02,$ 3291.50,15
2105,09:30:02,$ 3291.50,30
2106,09:30:02,$ 3291.50,15
2107,09:30:02,$ 3291.50,12
2108,09:30:02,$ 3291.50,2
2109,09:30:02,$ 3291.50,1
2110,09:30:02,$ 3291.50,396
2111,09:30:02,$ 3291.50,3
2112,09:30:02,$ 3291.50,1
2113,09:30:02,$ 3291.50,2
2114,09:30:02,$ 3291.50,1
2115,09:30:02,$ 3291.50,73
2116,09:30:02,$ 3291.50,2
2117,09:30:02,$ 3291.50,15
2118,09:30:02,$ 3291.50,10
2119,09:30:02,$ 3291.50,1
2120,09:30:02,$ 3291.50,49
2122,09:30:02,$ 3291.50,8
2123,09:30:02,$ 3291.50,56
2124,09:30:02,$ 3291.50,10
2125,09:30:02,$ 3291.50,32
2126,09:30:02,$ 3291.50,115
2127,09:30:02,$ 3291.50,1
2128,09:30:02,$ 3291.50,150
2129,09:30:02,$ 3291.50,7
2130,09:30:02,$ 3291.50,1
2131,09:30:02,$ 3291.50,15
2132,09:30:02,$ 3291.50,35
2133,09:30:02,$ 3291.50,150
2134,09:30:02,$ 3291.50,1
2135,09:30:02,$ 3291.50,7
2136,09:30:02,$ 3291.50,1
2137,09:30:02,$ 3291.50,38
2138,09:30:02,$ 3291.50,10
2139,09:30:02,$ 3291.50,2
2140,09:30:02,$ 3291.50,2
2141,09:30:02,$ 3291.50,3
2143,09:30:02,$ 3291.50,18
2144,09:30:02,$ 3291.50,1
2145,09:30:02,$ 3291.50,1
2146,09:30:02,$ 3291.50,3
2147,09:30:02,$ 3291.50,4
2148,09:30:02,$ 3291.50,1
2149,09:30:02,$ 3291.50,3
2150,09:30:02,$ 3291.50,2
2151,09:30:02,$ 3291.50,1
2152,09:30:02,$ 3291.50,1
2153,09:30:02,$ 3291.50,5
2154,09:30:02,$ 3291.50,2
2155,09:30:02,$ 3291.50,6
2156,09:30:02,$ 3291.50,1
2157,09:30:02,$ 3291.50,27
2158,09:30:02,$ 3291.50,1
2159,09:30:02,$ 3291.50,15
2160,09:30:02,$ 3291.50,5
2161,09:30:02,$ 3291.50,4
2162,09:30:02,$ 3291.50,1
2164,09:30:02,$ 3291.50,4
2165,09:30:02,$ 3291.50,32
2166,09:30:02,$ 3291.50,1
2167,09:30:02,$ 3291.50,20
2168,09:30:02,$ 3291.50,11
2169,09:30:02,$ 3291.50,1
2170,09:30:02,$ 3291.50,1
2171,09:30:02,$ 3291.50,10
2172,09:30:02,$ 3291.50,2
2173,09:30:02,$ 3291.50,4
2174,09:30:02,$ 3291.50,1
2175,09:30:02,$ 3291.50,1
2176,09:30:02,$ 3291.50,3
2177,09:30:02,$ 3291.50,1
2178,09:30:02,$ 3291.50,1
2179,09:30:02,$ 3291.50,1
2180,09:30:02,$ 3291.50,1
2181,09:30:02,$ 3291.50,1
2182,09:30:02,$ 3291.50,3
2183,09:30:02,$ 3291.50,1
2185,09:30:02,$ 3291.50,182
2186,09:30:02,$ 3291.50,1
2187,09:30:02,$ 3291.50,1
2188,09:30:02,$ 3291.50,2
2189,09:30:02,$ 3291.50,4
2190,09:30:02,$ 3291.50,1
2191,09:30:02,$ 3291.50,4
2192,09:30:02,$ 3291.50,1
2193,09:30:02,$ 3291.50,12
2194,09:30:02,$ 3291.50,30
2195,09:30:02,$ 3291.50,1
2196,09:30:02,$ 3291.50,7
2197,09:30:02,$ 3291.50,1
2198,09:30:02,$ 3291.50,8
2199,09:30:02,$ 3291.50,50
2200,09:30:02,$ 3291.50,1
2201,09:30:02,$ 3291.50,8
2202,09:30:02,$ 3291.50,1
2203,09:30:02,$ 3291.50,1
2204,09:30:02,$ 3291.50,2
2206,09:30:02,$ 3291.50,10
2207,09:30:02,$ 3291.50,2
2208,09:30:02,$ 3291.50,3
2209,09:30:02,$ 3291.50,1
2210,09:30:02,$ 3291.50,1
2211,09:30:02,$ 3291.50,1
2212,09:30:02,$ 3291.50,1
2213,09:30:02,$ 3291.50,2
2214,09:30:02,$ 3291.50,25
2215,09:30:02,$ 3291.50,5
2216,09:30:02,$ 3291.50,15
2217,09:30:02,$ 3291.50,5
2218,09:30:02,$ 3291.50,1
2219,09:30:02,$ 3291.50,1
2220,09:30:02,$ 3291.50,3
2221,09:30:02,$ 3291.50,1
2222,09:30:02,$ 3291.50,1
2223,09:30:02,$ 3291.50,4
2224,09:30:02,$ 3291.50,3
2225,09:30:02,$ 3291.50,5
2227,09:30:02,$ 3291.50,2
2228,09:30:02,$ 3291.50,1
2229,09:30:02,$ 3291.50,1
2230,09:30:02,$ 3291.50,5
2231,09:30:02,$ 3291.50,1
2232,09:30:02,$ 3291.50,8
2233,09:30:02,$ 3291.50,3
2234,09:30:02,$ 3291.50,10
2235,09:30:02,$ 3291.50,1
2236,09:30:02,$ 3291.50,3
2237,09:30:02,$ 3291.50,1
2238,09:30:02,$ 3291.50,50
2239,09:30:02,$ 3291.50,15
2240,09:30:02,$ 3291.50,25
2241,09:30:02,$ 3291.50,1
2242,09:30:02,$ 3291.50,100
2243,09:30:02,$ 3291.50,1
2244,09:30:02,$ 3291.50,15
2245,09:30:02,$ 3291.50,2
2246,09:30:02,$ 3291.50,1
2248,09:30:02,$ 3291.50,1
2249,09:30:02,$ 3291.50,1
2250,09:30:02,$ 3291.50,10
2251,09:30:02,$ 3291.50,1
2252,09:30:02,$ 3291.50,1
2253,09:30:02,$ 3291.50,11
2254,09:30:02,$ 3291.50,2
2255,09:30:02,$ 3291.50,1
2256,09:30:02,$ 3291.50,3
2257,09:30:02,$ 3291.50,1
2258,09:30:02,$ 3291.50,1
2259,09:30:02,$ 3291.50,4
2260,09:30:02,$ 3291.50,298
2261,09:30:02,$ 3291.50,9
2262,09:30:02,$ 3291.50,1
2263,09:30:02,$ 3291.50,17
2264,09:30:02,$ 3291.50,37
2265,09:30:02,$ 3291.50,1
2266,09:30:02,$ 3291.50,1
2267,09:30:02,$ 3291.50,1
2269,09:30:02,$ 3291.50,1
2270,09:30:02,$ 3291.50,45
2271,09:30:02,$ 3291.50,1
2272,09:30:02,$ 3291.50,90
2273,09:30:02,$ 3291.50,2
2274,09:30:02,$ 3291.50,1
2275,09:30:02,$ 3291.50,1
2276,09:30:02,$ 3291.50,20
2277,09:30:02,$ 3291.50,3
2278,09:30:02,$ 3291.50,1
2279,09:30:02,$ 3291.50,4
2280,09:30:02,$ 3291.50,80
2281,09:30:02,$ 3291.50,2
2282,09:30:02,$ 3291.50,5
2283,09:30:02,$ 3291.50,20
2284,09:30:02,$ 3291.50,13
2285,09:30:02,$ 3291.50,8
2286,09:30:02,$ 3291.50,10
2287,09:30:02,$ 3291.50,2
2288,09:30:02,$ 3291.50,2
2290,09:30:02,$ 3291.50,1
2291,09:30:02,$ 3291.50,1
2292,09:30:02,$ 3291.50,1
2293,09:30:02,$ 3291.50,10
2294,09:30:02,$ 3291.50,1
2295,09:30:02,$ 3291.50,4
2296,09:30:02,$ 3291.50,1
2297,09:30:02,$ 3291.50,1
2298,09:30:02,$ 3291.50,2
2299,09:30:02,$ 3291.50,1
2300,09:30:02,$ 3291.50,6
2301,09:30:02,$ 3291.50,1
2302,09:30:02,$ 3291.50,2
2303,09:30:02,$ 3291.50,3
2304,09:30:02,$ 3291.50,10
2305,09:30:02,$ 3291.50,1
2306,09:30:02,$ 3291.50,1
2307,09:30:02,$ 3291.50,3
2308,09:30:02,$ 3291.50,5
2309,09:30:02,$ 3291.50,10
2311,09:30:02,$ 3291.50,5
2312,09:30:02,$ 3291.50,1
2313,09:30:02,$ 3291.50,30
2314,09:30:02,$ 3291.50,1
2315,09:30:02,$ 3291.50,1
2316,09:30:02,$ 3291.50,1
2317,09:30:02,$ 3291.50,25
2318,09:30:02,$ 3291.50,1
2319,09:30:02,$ 3291.50,4
2320,09:30:02,$ 3291.50,14
2321,09:30:02,$ 3291.50,1
2322,09:30:02,$ 3291.50,39
2323,09:30:02,$ 3291.50,1
2324,09:30:02,$ 3291.50,5
2325,09:30:02,$ 3291.50,6
2326,09:30:02,$ 3291.50,1
2327,09:30:02,$ 3291.50,2
2328,09:30:02,$ 3291.50,2
2329,09:30:02,$ 3291.50,1
2330,09:30:02,$ 3291.50,1
2332,09:30:02,$ 3291.50,1
2333,09:30:02,$ 3291.50,1
2334,09:30:02,$ 3291.50,1
2335,09:30:02,$ 3291.50,1
2336,09:30:02,$ 3291.50,1
2337,09:30:02,$ 3291.50,5
2338,09:30:02,$ 3291.50,4
2339,09:30:02,$ 3291.50,2
2340,09:30:02,$ 3291.50,3
2341,09:30:02,$ 3291.50,2
2342,09:30:02,$ 3291.50,6
2343,09:30:02,$ 3291.50,2
2344,09:30:02,$ 3291.50,24
2345,09:30:02,$ 3291.50,4
2346,09:30:02,$ 3291.50,1
2347,09:30:02,$ 3291.50,1
2348,09:30:02,$ 3291.50,1
2349,09:30:02,$ 3291.50,1
2350,09:30:02,$ 3291.50,1
2351,09:30:02,$ 3291.50,1
2353,09:30:02,$ 3291.50,1
2354,09:30:02,$ 3291.50,6
2355,09:30:02,$ 3291.50,4
2356,09:30:02,$ 3291.50,1
2357,09:30:02,$ 3291.50,2
2358,09:30:02,$ 3291.50,1
2359,09:30:02,$ 3291.50,4
2360,09:30:02,$ 3291.50,5
2361,09:30:02,$ 3291.50,3
2362,09:30:02,$ 3291.50,2
2363,09:30:02,$ 3291.50,10
2364,09:30:02,$ 3291.50,10
2365,09:30:02,$ 3291.50,1
2366,09:30:02,$ 3291.50,1
2367,09:30:02,$ 3291.50,10
2368,09:30:02,$ 3291.50,15
2369,09:30:02,$ 3291.50,15
2370,09:30:02,$ 3291.50,15
2371,09:30:02,$ 3291.50,4
2372,09:30:02,$ 3291.50,7
2374,09:30:02,$ 3291.50,13
2375,09:30:02,$ 3291.50,1
2376,09:30:02,$ 3291.50,27
2377,09:30:02,$ 3291.50,1
2378,09:30:02,$ 3291.50,1
2379,09:30:02,$ 3291.50,2
2380,09:30:02,$ 3291.50,63
2381,09:30:02,$ 3291.50,56
2382,09:30:02,$ 3291.50,2
2383,09:30:02,$ 3291.50,1
2384,09:30:02,$ 3291.50,"2,600"
2385,09:30:02,$ 3291.50,12
2386,09:30:02,$ 3291.50,3
2387,09:30:02,$ 3291.50,1
2388,09:30:02,$ 3291.50,1
2389,09:30:02,$ 3291.50,4
2390,09:30:02,$ 3291.50,4
2391,09:30:02,$ 3291.50,2
2392,09:30:02,$ 3291.50,4
2393,09:30:02,$ 3291.50,5
2395,09:30:02,$ 3291.50,3
2396,09:30:02,$ 3291.50,10
2397,09:30:02,$ 3291.50,1
2398,09:30:02,$ 3291.50,1
2399,09:30:02,$ 3291.50,1
2400,09:30:02,$ 3291.50,1
2401,09:30:02,$ 3291.50,1
2402,09:30:02,$ 3291.50,1
2403,09:30:02,$ 3291.50,1
2404,09:30:02,$ 3291.50,1
2405,09:30:02,$ 3291.50,1
2406,09:30:02,$ 3291.50,1
2407,09:30:02,$ 3291.50,15
2408,09:30:02,$ 3291.50,1
2409,09:30:02,$ 3291.50,2
2410,09:30:02,$ 3291.50,1
2411,09:30:02,$ 3291.50,2
2412,09:30:02,$ 3291.50,1
2413,09:30:02,$ 3291.50,1
2414,09:30:02,$ 3291.50,1
2416,09:30:02,$ 3291.50,1
2417,09:30:02,$ 3291.50,3
2418,09:30:02,$ 3291.50,2
2419,09:30:02,$ 3291.50,2
2420,09:30:02,$ 3291.50,1
2421,09:30:02,$ 3291.50,15
2422,09:30:02,$ 3291.50,1
2423,09:30:02,$ 3291.50,1
2424,09:30:02,$ 3291.50,9
2425,09:30:02,$ 3291.50,1
2426,09:30:02,$ 3291.50,6
2427,09:30:02,$ 3291.50,4
2428,09:30:02,$ 3291.50,1
2429,09:30:02,$ 3291.50,2
2430,09:30:02,$ 3291.50,2
2431,09:30:02,$ 3291.50,4
2432,09:30:02,$ 3291.50,3
2433,09:30:02,$ 3291.50,8
2434,09:30:02,$ 3291.50,4
2435,09:30:02,$ 3291.50,3
2437,09:30:02,$ 3291.50,6
2438,09:30:02,$ 3291.50,3
2439,09:30:02,$ 3291.50,2
2440,09:30:02,$ 3291.50,20
2441,09:30:02,$ 3291.50,3
2442,09:30:02,$ 3291.50,1
2443,09:30:02,$ 3291.50,1
2444,09:30:02,$ 3291.50,1
2445,09:30:02,$ 3291.50,1
2446,09:30:02,$ 3291.50,1
2447,09:30:02,$ 3291.50,1
2448,09:30:02,$ 3291.50,1
2449,09:30:02,$ 3291.50,3
2450,09:30:02,$ 3291.50,10
2451,09:30:02,$ 3291.50,1
2452,09:30:02,$ 3291.50,13
2453,09:30:02,$ 3291.50,7
2454,09:30:02,$ 3291.50,2
2455,09:30:02,$ 3291.50,10
2456,09:30:02,$ 3291.50,1
2458,09:30:02,$ 3291.50,2
2459,09:30:02,$ 3291.50,2
2460,09:30:02,$ 3291.50,121
2461,09:30:02,$ 3291.50,2
2462,09:30:02,$ 3291.50,1
2463,09:30:02,$ 3291.50,1
2464,09:30:02,$ 3291.50,1
2465,09:30:02,$ 3291.50,1
2466,09:30:02,$ 3291.50,2
2467,09:30:02,$ 3291.50,100
2468,09:30:02,$ 3291.50,100
2469,09:30:02,$ 3291.50,6
2470,09:30:02,$ 3291.50,181
2471,09:30:02,$ 3291.50,1
2472,09:30:02,$ 3291.50,1
2473,09:30:02,$ 3291.50,2
2474,09:30:02,$ 3291.50,1
2475,09:30:02,$ 3291.50,1
2476,09:30:02,$ 3291.50,1
2477,09:30:02,$ 3291.50,10
2479,09:30:02,$ 3291.50,10
2480,09:30:02,$ 3291.50,1
2481,09:30:02,$ 3291.50,1
2482,09:30:02,$ 3291.50,1
2483,09:30:02,$ 3291.50,15
2484,09:30:02,$ 3291.50,2
2485,09:30:02,$ 3291.50,16
2486,09:30:02,$ 3291.50,10
2487,09:30:02,$ 3291.50,1
2488,09:30:02,$ 3291.50,1
2489,09:30:02,$ 3291.50,2
2490,09:30:02,$ 3291.50,15
2491,09:30:02,$ 3291.50,3
2492,09:30:02,$ 3291.50,4
2493,09:30:02,$ 3291.50,2
2494,09:30:02,$ 3291.50,50
2495,09:30:02,$ 3291.50,1
2496,09:30:02,$ 3291.50,1
2497,09:30:02,$ 3291.50,1
2498,09:30:02,$ 3291.50,1
2500,09:30:02,$ 3291.50,1
2501,09:30:02,$ 3291.50,1
2502,09:30:02,$ 3291.50,2
2503,09:30:02,$ 3291.50,1
2504,09:30:02,$ 3291.50,1
2505,09:30:02,$ 3291.50,1
2506,09:30:02,$ 3291.50,1
2507,09:30:02,$ 3291.50,1
2508,09:30:02,$ 3291.50,1
2509,09:30:02,$ 3291.50,1
2510,09:30:02,$ 3291.50,3
2511,09:30:02,$ 3291.50,1
2512,09:30:02,$ 3291.50,1
2513,09:30:02,$ 3291.50,1
2514,09:30:02,$ 3291.50,2
2515,09:30:02,$ 3291.50,2
2516,09:30:02,$ 3291.50,2
2517,09:30:02,$ 3291.50,1
2518,09:30:02,$ 3291.50,1
2519,09:30:02,$ 3291.50,1
2521,09:30:02,$ 3291.50,4
2522,09:30:02,$ 3291.50,1
2523,09:30:02,$ 3291.50,1
2524,09:30:02,$ 3291.50,3
2525,09:30:02,$ 3291.50,1
2526,09:30:02,$ 3291.50,1
2527,09:30:02,$ 3291.50,1
2528,09:30:02,$ 3291.50,25
2529,09:30:02,$ 3291.50,13
2530,09:30:02,$ 3291.50,20
2531,09:30:02,$ 3291.50,1
2532,09:30:02,$ 3291.50,1
2533,09:30:02,$ 3291.50,30
2534,09:30:02,$ 3291.50,15
2535,09:30:02,$ 3291.50,3
2536,09:30:02,$ 3291.50,1
2537,09:30:02,$ 3291.50,1
2538,09:30:02,$ 3291.50,15
2539,09:30:02,$ 3291.50,5
2540,09:30:02,$ 3291.50,1
2542,09:30:02,$ 3291.50,2
2543,09:30:02,$ 3291.50,2
2544,09:30:02,$ 3291.50,35
2545,09:30:02,$ 3291.50,3
2546,09:30:02,$ 3291.50,2
2547,09:30:02,$ 3291.50,2
2548,09:30:02,$ 3291.50,50
2549,09:30:02,$ 3291.50,1
2550,09:30:02,$ 3291.50,10
2551,09:30:02,$ 3291.50,1
2552,09:30:02,$ 3291.50,1
2553,09:30:02,$ 3291.50,1
2554,09:30:02,$ 3291.50,1
2555,09:30:02,$ 3291.50,3
2556,09:30:02,$ 3291.50,7
2557,09:30:02,$ 3291.50,1
2558,09:30:02,$ 3291.50,3
2559,09:30:02,$ 3291.50,55
2560,09:30:02,$ 3291.50,2
2561,09:30:02,$ 3291.50,1
2563,09:30:02,$ 3291.50,1
2564,09:30:02,$ 3291.50,10
2565,09:30:02,$ 3291.50,10
2566,09:30:02,$ 3291.50,197
2567,09:30:02,$ 3291.50,1
2568,09:30:02,$ 3291.50,1
2569,09:30:02,$ 3291.50,5
2570,09:30:02,$ 3291.50,2
2571,09:30:02,$ 3291.50,4
2572,09:30:02,$ 3291.50,1
2573,09:30:02,$ 3291.50,1
2574,09:30:02,$ 3291.50,3
2575,09:30:02,$ 3291.50,2
2576,09:30:02,$ 3291.50,3
2577,09:30:02,$ 3291.50,1
2578,09:30:02,$ 3291.50,1
2579,09:30:02,$ 3291.50,1
2580,09:30:02,$ 3291.50,2
2581,09:30:02,$ 3291.50,31
2582,09:30:02,$ 3291.50,10
2584,09:30:02,$ 3291.50,2
2585,09:30:02,$ 3291.50,2
2586,09:30:02,$ 3291.50,1
2587,09:30:02,$ 3291.50,1
2588,09:30:02,$ 3291.50,15
2589,09:30:02,$ 3291.50,5
2590,09:30:02,$ 3291.50,1
2591,09:30:02,$ 3291.50,1
2592,09:30:02,$ 3291.50,1
2593,09:30:02,$ 3291.50,5
2594,09:30:02,$ 3291.50,1
2595,09:30:02,$ 3291.50,1
2596,09:30:02,$ 3291.50,1
2597,09:30:02,$ 3291.50,1
2598,09:30:02,$ 3291.50,4
2599,09:30:02,$ 3291.50,3
2600,09:30:02,$ 3291.50,1
2601,09:30:02,$ 3291.50,1
2602,09:30:02,$ 3291.50,2
2603,09:30:02,$ 3291.50,5
2605,09:30:02,$ 3291.50,2
2606,09:30:02,$ 3291.50,1
2607,09:30:02,$ 3291.50,5
2608,09:30:02,$ 3291.50,1
2609,09:30:02,$ 3291.50,1
2610,09:30:02,$ 3291.50,2
2611,09:30:02,$ 3291.50,4
2612,09:30:02,$ 3291.50,1
2613,09:30:02,$ 3291.50,1
2614,09:30:02,$ 3291.50,5
2615,09:30:02,$ 3291.50,15
2616,09:30:02,$ 3291.50,1
2617,09:30:02,$ 3291.50,1
2618,09:30:02,$ 3291.50,1
2619,09:30:02,$ 3291.50,1
2620,09:30:02,$ 3291.50,50
2621,09:30:02,$ 3291.50,5
2622,09:30:02,$ 3291.50,15
2623,09:30:02,$ 3291.50,1
2624,09:30:02,$ 3291.50,1
2626,09:30:02,$ 3291.50,1
2627,09:30:02,$ 3291.50,1
2628,09:30:02,$ 3291.50,3
2629,09:30:02,$ 3291.50,4
2630,09:30:02,$ 3291.50,1
2631,09:30:02,$ 3291.50,4
2632,09:30:02,$ 3291.50,30
2633,09:30:02,$ 3291.50,5
2634,09:30:02,$ 3291.50,2
2635,09:30:02,$ 3291.50,1
2636,09:30:02,$ 3291.50,3
2637,09:30:02,$ 3291.50,1
2638,09:30:02,$ 3291.50,1
2639,09:30:02,$ 3291.50,4
2640,09:30:02,$ 3291.50,1
2641,09:30:02,$ 3291.50,1
2642,09:30:02,$ 3291.50,1
2643,09:30:02,$ 3291.50,2
2644,09:30:02,$ 3291.50,1
2645,09:30:02,$ 3291.50,9
2647,09:30:02,$ 3291.50,60
2648,09:30:02,$ 3291.50,5
2649,09:30:02,$ 3291.50,4
2650,09:30:02,$ 3291.50,2
2651,09:30:02,$ 3291.50,25
2652,09:30:02,$ 3291.50,2
2653,09:30:02,$ 3291.50,1
2654,09:30:02,$ 3291.50,10
2655,09:30:02,$ 3291.50,1
2656,09:30:02,$ 3291.50,1
2657,09:30:02,$ 3291.50,2
2658,09:30:02,$ 3291.50,1
2659,09:30:02,$ 3291.50,14
2660,09:30:02,$ 3291.50,7
2661,09:30:02,$ 3291.50,2
2662,09:30:02,$ 3291.50,4
2663,09:30:02,$ 3291.50,10
2664,09:30:02,$ 3291.50,1
2665,09:30:02,$ 3291.50,1
2666,09:30:02,$ 3291.50,1
2668,09:30:02,$ 3291.50,6
2669,09:30:02,$ 3291.50,1
2670,09:30:02,$ 3291.50,7
2671,09:30:02,$ 3291.50,5
2672,09:30:02,$ 3291.50,32
2673,09:30:02,$ 3291.50,2
2674,09:30:02,$ 3291.50,4
2675,09:30:02,$ 3291.50,5
2676,09:30:02,$ 3291.50,1
2677,09:30:02,$ 3291.50,14
2678,09:30:02,$ 3291.50,10
2679,09:30:02,$ 3291.50,1
2680,09:30:02,$ 3291.50,1
2681,09:30:02,$ 3291.50,2
2682,09:30:02,$ 3291.50,1
2683,09:30:02,$ 3291.50,1
2684,09:30:02,$ 3291.50,6
2685,09:30:02,$ 3291.50,1
2686,09:30:02,$ 3291.50,1
2687,09:30:02,$ 3291.50,20
2689,09:30:02,$ 3291.50,7
2690,09:30:02,$ 3291.50,1
2691,09:30:02,$ 3291.50,10
2692,09:30:02,$ 3291.50,10
2693,09:30:02,$ 3291.50,30
2694,09:30:02,$ 3291.50,2
2695,09:30:02,$ 3291.50,3
2696,09:30:02,$ 3291.50,40
2697,09:30:02,$ 3291.50,10
2698,09:30:02,$ 3291.50,2
2699,09:30:02,$ 3291.50,1
2700,09:30:02,$ 3291.50,1
2701,09:30:02,$ 3291.50,3
2702,09:30:02,$ 3291.50,1
2703,09:30:02,$ 3291.50,3
2704,09:30:02,$ 3291.50,1
2705,09:30:02,$ 3291.50,10
2706,09:30:02,$ 3291.50,10
2707,09:30:02,$ 3291.50,10
2708,09:30:02,$ 3291.50,10
2710,09:30:02,$ 3291.50,2
2711,09:30:02,$ 3291.50,4
2712,09:30:02,$ 3291.50,4
2713,09:30:02,$ 3291.50,16
2714,09:30:02,$ 3291.50,25
2715,09:30:02,$ 3291.50,13
2716,09:30:02,$ 3291.50,1
2717,09:30:02,$ 3291.50,3
2718,09:30:02,$ 3291.50,2
2719,09:30:02,$ 3291.50,3
2720,09:30:02,$ 3291.50,14
2721,09:30:02,$ 3291.50,4
2722,09:30:02,$ 3291.50,124
2723,09:30:02,$ 3291.50,16
2724,09:30:02,$ 3291.50,5
2725,09:30:02,$ 3291.50,1
2726,09:30:02,$ 3291.50,1
2727,09:30:02,$ 3291.50,3
2728,09:30:02,$ 3291.50,1
2729,09:30:02,$ 3291.50,1
2731,09:30:02,$ 3291.50,2
2732,09:30:02,$ 3291.50,2
2733,09:30:02,$ 3291.50,1
2734,09:30:02,$ 3291.50,1
2735,09:30:02,$ 3291.50,1
2736,09:30:02,$ 3291.50,3
2737,09:30:02,$ 3291.50,4
2738,09:30:02,$ 3291.50,4
2739,09:30:02,$ 3291.50,1
2740,09:30:02,$ 3291.50,15
2741,09:30:02,$ 3291.50,1
2742,09:30:02,$ 3291.50,1
2743,09:30:02,$ 3291.50,10
2744,09:30:02,$ 3291.50,7
2745,09:30:02,$ 3291.50,1
2746,09:30:02,$ 3291.50,1
2747,09:30:02,$ 3291.50,2
2748,09:30:02,$ 3291.50,2
2749,09:30:02,$ 3291.50,1
2750,09:30:02,$ 3291.50,3
2752,09:30:02,$ 3291.50,5
2753,09:30:02,$ 3291.50,2
2754,09:30:02,$ 3291.50,1
2755,09:30:02,$ 3291.50,1
2756,09:30:02,$ 3291.50,1
2757,09:30:02,$ 3291.1825,100
2758,09:30:02,$ 3291.88,100
2759,09:30:01,$ 3290.13,100
2760,09:30:00,$ 3291.84,100
2761,09:30:00,$ 3291.84,100
2763,10:29:56,$ 3290.30,100
2764,10:29:56,$ 3290.30,100
2765,10:29:56,$ 3290.30,100
2766,10:29:56,$ 3290.30,100
2767,10:29:49,$ 3290.30,100
2768,10:29:49,$ 3290.30,100
2769,10:29:49,$ 3290.50,100
2770,10:29:46,$ 3290.50,100
2771,10:29:38,$ 3290.88,100
2772,10:29:33,$ 3291.03,100
2773,10:29:32,$ 3290.885,100
2774,10:29:32,$ 3290.885,100
2775,10:29:27,$ 3291.0325,100
2776,10:29:27,$ 3291.395,100
2777,10:29:27,$ 3291.44,100
2778,10:29:26,$ 3290.565,100
2779,10:29:18,$ 3290.225,100
2780,10:29:17,$ 3290.43,100
2781,10:29:17,$ 3290.43,100
2782,10:29:16,$ 3290.43,300
2784,10:29:13,$ 3290.43,295
2785,10:29:10,$ 3290.06,100
2786,10:29:09,$ 3289.80,100
2787,10:29:09,$ 3289.27,100
2788,10:29:09,$ 3289.44,100
2789,10:28:57,$ 3288.81,100
2790,10:28:40,$ 3289.835,180
2791,10:28:33,$ 3289.99,390
2792,10:28:33,$ 3289.99,100
2793,10:28:33,$ 3290.00,100
2794,10:28:33,$ 3290.00,100
2795,10:28:33,$ 3289.99,100
2796,10:28:33,$ 3289.83,100
2797,10:28:33,$ 3289.83,100
2798,10:28:32,$ 3289.82,100
2799,10:28:10,$ 3289.00,100
2800,10:28:05,$ 3288.545,100
2801,10:27:50,$ 3288.70,100
2802,10:27:49,$ 3288.18,100
2803,10:27:40,$ 3288.87,100
2805,10:27:40,$ 3289.12,100
2806,10:27:40,$ 3288.93,100
2807,10:27:39,$ 3288.25,"1,400"
2808,10:27:27,$ 3288.43,100
2809,10:27:27,$ 3288.47,100
2810,10:27:24,$ 3288.47,100
2811,10:27:17,$ 3287.57,100
2812,10:27:06,$ 3288.00,100
2813,10:26:44,$ 3289.00,100
2814,10:26:42,$ 3290.4189,152
2815,10:26:19,$ 3290.10,100
2816,10:26:19,$ 3290.09,100
2817,10:26:19,$ 3290.08,149
2818,10:26:12,$ 3291.02,100
2819,10:26:11,$ 3290.515,100
2820,10:26:00,$ 3290.95,100
2821,10:25:57,$ 3290.51,150
2822,10:25:44,$ 3289.7447,200
2823,10:25:33,$ 3291.095,100
2824,10:25:33,$ 3290.735,200
2826,10:25:33,$ 3290.84,300
2827,10:25:29,$ 3290.44,100
2828,10:25:29,$ 3290.44,100
2829,10:25:29,$ 3290.43,100
2830,10:25:29,$ 3290.905,100
2831,10:25:28,$ 3290.51,100
2832,10:25:28,$ 3290.74,100
2833,10:25:28,$ 3290.34,100
2834,10:25:28,$ 3290.43,116
2835,10:25:28,$ 3290.43,100
2836,10:25:28,$ 3290.61,100
2837,10:25:28,$ 3290.69,100
2838,10:25:28,$ 3290.345,217
2839,10:25:19,$ 3290.79,100
2840,10:25:15,$ 3290.10,400
2841,10:25:13,$ 3291.1353,100
2842,10:24:57,$ 3290.73,100
2843,10:24:47,$ 3290.695,250
2844,10:24:43,$ 3290.54,100
2845,10:24:41,$ 3290.97,100
2847,10:24:39,$ 3290.77,100
2848,10:24:37,$ 3290.765,100
2849,10:24:33,$ 3290.24,100
2850,10:24:32,$ 3290.49,100
2851,10:24:32,$ 3290.485,100
2852,10:24:32,$ 3290.485,100
2853,10:24:32,$ 3290.485,100
2854,10:24:32,$ 3290.98,100
2855,10:24:32,$ 3290.5325,100
2856,10:24:32,$ 3290.5325,100
2857,10:24:32,$ 3290.51,100
2858,10:24:32,$ 3290.485,100
2859,10:24:32,$ 3290.485,100
2860,10:24:32,$ 3290.485,100
2861,10:24:32,$ 3290.485,100
2862,10:24:23,$ 3290.68,100
2863,10:24:23,$ 3290.68,200
2864,10:24:12,$ 3289.35,100
2865,10:24:12,$ 3289.36,100
2866,10:24:12,$ 3289.355,100
2868,10:24:12,$ 3289.33,100
2869,10:24:08,$ 3289.26,100
2870,10:24:06,$ 3288.82,100
2871,10:23:55,$ 3288.645,230
2872,10:23:53,$ 3288.735,100
2873,10:23:53,$ 3288.885,100
2874,10:23:53,$ 3288.795,100
2875,10:23:53,$ 3288.80,100
2876,10:23:53,$ 3288.88,100
2877,10:23:53,$ 3288.69,100
2878,10:23:53,$ 3288.69,100
2879,10:23:53,$ 3289.38,100
2880,10:23:50,$ 3290.00,100
2881,10:23:46,$ 3290.3799,100
2882,10:23:31,$ 3288.19,100
2883,10:23:31,$ 3288.19,100
2884,10:23:31,$ 3288.19,100
2885,10:23:25,$ 3287.645,136
2886,10:23:25,$ 3287.66,100
2887,10:23:25,$ 3287.70,100
2889,10:23:25,$ 3287.66,100
2890,10:23:25,$ 3287.66,100
2891,10:23:25,$ 3287.66,100
2892,10:23:25,$ 3287.66,501
2893,10:23:25,$ 3287.66,100
2894,10:23:23,$ 3288.13,100
2895,10:23:20,$ 3287.66,100
2896,10:23:20,$ 3287.66,100
2897,10:23:08,$ 3288.92,100
2898,10:23:08,$ 3288.03,200
2899,10:23:08,$ 3288.37,100
2900,10:23:08,$ 3288.3601,400
2901,10:23:00,$ 3289.85,100
2902,10:22:56,$ 3290.4275,100
2903,10:22:55,$ 3290.47,100
2904,10:22:55,$ 3290.39,100
2905,10:22:53,$ 3290.425,200
2906,10:22:53,$ 3290.425,100
2907,10:22:53,$ 3291.345,100
2908,10:22:53,$ 3290.44,100
2910,10:22:53,$ 3290.57,100
2911,10:22:53,$ 3291.87,100
2912,10:22:53,$ 3290.82,100
2913,10:22:53,$ 3290.59,100
2914,10:22:53,$ 3290.82,119
2915,10:22:53,$ 3290.82,218
2916,10:22:53,$ 3291.87,100
2917,10:22:53,$ 3290.82,100
2918,10:22:53,$ 3290.82,146
2919,10:22:53,$ 3291.36,100
2920,10:22:50,$ 3290.90,139
2921,10:22:48,$ 3291.45,100
2922,10:22:48,$ 3291.45,100
2923,10:22:39,$ 3291.315,100
2924,10:22:24,$ 3291.395,150
2925,10:22:23,$ 3291.045,100
2926,10:22:23,$ 3291.09,100
2927,10:22:16,$ 3291.355,100
2928,10:22:16,$ 3291.94,100
2929,10:22:16,$ 3292.00,100
2931,10:22:15,$ 3291.385,100
2932,10:22:14,$ 3291.43,100
2933,10:22:14,$ 3291.44,100
2934,10:22:14,$ 3291.33,100
2935,10:22:13,$ 3291.38,100
2936,10:22:12,$ 3291.37,100
2937,10:22:03,$ 3291.415,320
2938,10:22:03,$ 3291.49,100
2939,10:22:03,$ 3291.49,100
2940,10:21:55,$ 3291.34,200
2941,10:21:44,$ 3290.1247,132
2942,10:21:44,$ 3291.255,100
2943,10:21:43,$ 3291.255,100
2944,10:21:42,$ 3291.50,100
2945,10:21:39,$ 3290.6617,150
2946,10:21:33,$ 3290.65,100
2947,10:21:33,$ 3290.66,100
2948,10:21:31,$ 3290.25,100
2949,10:21:28,$ 3290.13,100
2950,10:21:26,$ 3290.04,100
2952,10:21:26,$ 3289.80,100
2953,10:21:26,$ 3289.80,100
2954,10:21:19,$ 3291.11,100
2955,10:21:08,$ 3292.10,100
2956,10:21:03,$ 3292.19,300
2957,10:20:57,$ 3292.78,200
2958,10:20:56,$ 3292.3167,200
2959,10:20:51,$ 3292.61,100
2960,10:20:51,$ 3292.59,100
2961,10:20:49,$ 3292.0201,100
2962,10:20:37,$ 3293.50,100
2963,10:20:37,$ 3293.11,100
2964,10:20:37,$ 3293.635,200
2965,10:20:36,$ 3293.90,304
2966,10:20:35,$ 3294.1799,100
2967,10:20:24,$ 3292.51,100
2968,10:20:22,$ 3292.81,100
2969,10:20:16,$ 3291.8101,200
2970,10:20:16,$ 3291.94,100
2971,10:20:16,$ 3292.42,100
2973,10:20:14,$ 3292.55,100
2974,10:20:14,$ 3292.51,100
2975,10:20:13,$ 3292.47,100
2976,10:20:13,$ 3292.53,100
2977,10:20:13,$ 3292.11,100
2978,10:20:00,$ 3288.4999,100
2979,10:19:59,$ 3289.695,200
2980,10:19:59,$ 3289.695,100
2981,10:19:57,$ 3289.94,100
2982,10:19:55,$ 3288.9901,100
2983,10:19:53,$ 3289.4652,100
2984,10:19:51,$ 3289.2514,100
2985,10:19:51,$ 3289.48,100
2986,10:19:50,$ 3288.9801,100
2987,10:19:50,$ 3290.00,100
2988,10:19:50,$ 3290.00,100
2989,10:19:49,$ 3289.9157,100
2990,10:19:49,$ 3289.73,100
2991,10:19:47,$ 3289.35,100
2992,10:19:45,$ 3288.66,150
2994,10:19:44,$ 3288.65,100
2995,10:19:44,$ 3288.65,100
2996,10:19:44,$ 3288.64,100
2997,10:19:44,$ 3288.65,100
2998,10:19:44,$ 3288.65,100
2999,10:19:42,$ 3288.36,100
3000,10:19:41,$ 3287.41,100
3001,10:19:41,$ 3287.49,100
3002,10:19:40,$ 3287.4209,"1,000"
3003,10:19:31,$ 3287.10,100
3004,10:19:29,$ 3287.23,100
3005,10:19:29,$ 3287.41,100
3006,10:19:29,$ 3286.79,100
3007,10:19:29,$ 3287.32,100
3008,10:19:29,$ 3287.23,100
3009,10:19:29,$ 3286.79,100
3010,10:19:29,$ 3287.29,100
3011,10:19:29,$ 3287.17,100
3012,10:19:28,$ 3287.09,100
3013,10:19:28,$ 3286.975,100
3015,10:19:28,$ 3287.28,100
3016,10:19:28,$ 3286.79,100
3017,10:19:28,$ 3287.31,100
3018,10:19:23,$ 3286.9188,100
3019,10:19:22,$ 3287.53,100
3020,10:19:20,$ 3287.3321,189
3021,10:19:05,$ 3287.29,100
3022,10:19:04,$ 3287.555,100
3023,10:19:03,$ 3286.53,175
3024,10:19:01,$ 3286.28,100
3025,10:18:58,$ 3285.8808,100
3026,10:18:51,$ 3285.99,100
3027,10:18:37,$ 3286.00,109
3028,10:18:37,$ 3285.70,100
3029,10:18:32,$ 3285.655,100
3030,10:18:30,$ 3285.89,100
3031,10:18:25,$ 3284.721,100
3032,10:18:19,$ 3285.235,250
3033,10:18:16,$ 3285.63,100
3034,10:18:14,$ 3285.55,100
3036,10:18:14,$ 3285.435,100
3037,10:18:12,$ 3284.43,100
3038,10:18:12,$ 3284.45,100
3039,10:17:58,$ 3282.35,134
3040,10:17:55,$ 3282.33,100
3041,10:17:55,$ 3282.16,100
3042,10:17:55,$ 3282.17,100
3043,10:17:55,$ 3282.17,142
3044,10:17:54,$ 3281.635,130
3045,10:17:43,$ 3281.335,100
3046,10:17:43,$ 3281.50,100
3047,10:17:39,$ 3282.765,196
3048,10:17:31,$ 3281.63,100
3049,10:17:31,$ 3281.43,144
3050,10:17:22,$ 3281.8399,100
3051,10:17:18,$ 3281.72,100
3052,10:17:17,$ 3280.86,100
3053,10:17:14,$ 3281.415,200
3054,10:17:10,$ 3281.6522,100
3055,10:17:07,$ 3281.24,100
3057,10:17:06,$ 3281.99,166
3058,10:17:02,$ 3281.42,100
3059,10:16:59,$ 3281.46,100
3060,10:16:56,$ 3282.4499,100
3061,10:16:54,$ 3282.825,100
3062,10:16:54,$ 3283.00,100
3063,10:16:54,$ 3282.99,100
3064,10:16:54,$ 3282.98,100
3065,10:16:53,$ 3283.00,100
3066,10:16:52,$ 3282.835,100
3067,10:16:52,$ 3282.795,100
3068,10:16:48,$ 3282.395,100
3069,10:16:37,$ 3282.89,100
3070,10:16:37,$ 3282.00,100
3071,10:16:35,$ 3281.68,100
3072,10:16:23,$ 3281.065,100
3073,10:16:22,$ 3281.685,100
3074,10:16:22,$ 3281.75,100
3075,10:16:03,$ 3280.72,100
3076,10:15:51,$ 3281.695,100
3078,10:15:49,$ 3281.88,100
3079,10:15:49,$ 3281.28,100
3080,10:15:48,$ 3281.975,100
3081,10:15:42,$ 3282.17,100
3082,10:15:34,$ 3281.94,200
3083,10:15:34,$ 3281.94,100
3084,10:15:26,$ 3282.435,100
3085,10:15:25,$ 3282.095,100
3086,10:15:25,$ 3282.095,100
3087,10:15:16,$ 3282.47,100
3088,10:15:16,$ 3282.53,100
3089,10:15:10,$ 3281.72,100
3090,10:15:10,$ 3281.84,100
3091,10:15:08,$ 3281.46,100
3092,10:15:08,$ 3281.48,200
3093,10:15:03,$ 3281.53,100
3094,10:14:56,$ 3281.675,100
3095,10:14:50,$ 3281.58,100
3096,10:14:50,$ 3281.58,857
3097,10:14:50,$ 3281.58,100
3099,10:14:50,$ 3281.58,143
3100,10:14:50,$ 3281.58,400
3101,10:14:50,$ 3281.58,100
3102,10:14:50,$ 3281.58,100
3103,10:14:50,$ 3281.58,100
3104,10:14:45,$ 3281.58,100
3105,10:14:44,$ 3281.575,100
3106,10:14:44,$ 3281.575,100
3107,10:14:44,$ 3281.575,100
3108,10:14:39,$ 3281.06,100
3109,10:14:39,$ 3281.32,100
3110,10:14:32,$ 3282.12,190
3111,10:14:26,$ 3282.575,100
3112,10:14:26,$ 3282.5275,100
3113,10:14:23,$ 3282.00,200
3114,10:14:21,$ 3281.56,100
3115,10:14:18,$ 3281.26,100
3116,10:14:13,$ 3280.00,100
3117,10:14:07,$ 3280.00,100
3118,10:13:59,$ 3279.94,200
3120,10:13:53,$ 3280.00,212
3121,10:13:53,$ 3279.99,200
3122,10:13:53,$ 3280.00,300
3123,10:13:53,$ 3280.00,100
3124,10:13:48,$ 3280.0133,100
3125,10:13:47,$ 3279.865,100
3126,10:13:46,$ 3279.648,304
3127,10:13:46,$ 3280.00,100
3128,10:13:46,$ 3279.65,100
3129,10:13:43,$ 3279.12,100
3130,10:13:43,$ 3279.12,100
3131,10:13:41,$ 3279.12,100
3132,10:13:41,$ 3279.00,100
3133,10:13:34,$ 3278.455,100
3134,10:13:34,$ 3278.45,100
3135,10:13:21,$ 3277.915,100
3136,10:13:13,$ 3278.50,140
3137,10:13:13,$ 3278.50,116
3138,10:12:59,$ 3277.6491,150
3139,10:12:45,$ 3278.00,100
3141,10:12:27,$ 3278.185,100
3142,10:12:25,$ 3277.995,"2,350"
3143,10:12:25,$ 3277.995,250
3144,10:12:25,$ 3277.995,400
3145,10:12:25,$ 3277.995,400
3146,10:12:19,$ 3278.79,100
3147,10:12:19,$ 3278.185,100
3148,10:12:19,$ 3278.185,100
3149,10:12:09,$ 3278.95,600
3150,10:12:09,$ 3277.52,100
3151,10:12:01,$ 3277.95,100
3152,10:11:38,$ 3276.81,100
3153,10:11:33,$ 3277.325,200
3154,10:11:30,$ 3276.405,126
3155,10:11:16,$ 3278.255,100
3156,10:11:14,$ 3277.61,100
3157,10:11:06,$ 3277.80,100
3158,10:11:06,$ 3278.335,100
3159,10:11:06,$ 3278.40,100
3160,10:11:04,$ 3278.98,100
3162,10:11:04,$ 3277.075,100
3163,10:11:04,$ 3277.3307,"1,159"
3164,10:10:55,$ 3277.00,100
3165,10:10:47,$ 3276.66,100
3166,10:10:46,$ 3276.3575,400
3167,10:10:41,$ 3275.55,100
3168,10:10:36,$ 3274.99,400
3169,10:10:19,$ 3275.32,400
3170,10:10:19,$ 3274.2036,100
3171,10:10:12,$ 3275.00,100
3172,10:10:05,$ 3275.32,400
3173,10:10:00,$ 3274.70,100
3174,10:09:52,$ 3273.705,100
3175,10:09:41,$ 3272.21,100
3176,10:09:40,$ 3272.21,352
3177,10:09:30,$ 3274.15,100
3178,10:09:29,$ 3274.955,100
3179,10:09:29,$ 3274.955,100
3180,10:09:23,$ 3273.385,100
3181,10:09:21,$ 3273.20,100
3183,10:09:21,$ 3273.18,100
3184,10:09:20,$ 3273.18,100
3185,10:09:20,$ 3273.19,100
3186,10:09:14,$ 3273.665,100
3187,10:09:14,$ 3273.56,100
3188,10:09:05,$ 3273.61,100
3189,10:09:05,$ 3273.97,100
3190,10:08:53,$ 3272.11,100
3191,10:08:52,$ 3271.422,120
3192,10:08:48,$ 3271.00,385
3193,10:08:47,$ 3271.30,100
3194,10:08:47,$ 3271.623,100
3195,10:08:41,$ 3271.875,100
3196,10:08:39,$ 3271.80,317
3197,10:08:36,$ 3272.265,100
3198,10:08:36,$ 3272.225,100
3199,10:08:36,$ 3273.075,100
3200,10:08:27,$ 3272.06,100
3201,10:08:27,$ 3272.06,100
3202,10:08:27,$ 3271.80,100
3204,10:08:24,$ 3271.515,100
3205,10:08:23,$ 3271.515,400
3206,10:08:20,$ 3271.40,163
3207,10:08:10,$ 3271.07,100
3208,10:08:00,$ 3271.095,100
3209,10:07:56,$ 3271.00,100
3210,10:07:56,$ 3271.00,100
3211,10:07:54,$ 3270.99,100
3212,10:07:53,$ 3270.05,100
3213,10:07:52,$ 3270.34,100
3214,10:07:48,$ 3270.275,130
3215,10:07:43,$ 3269.69,100
3216,10:07:43,$ 3269.745,100
3217,10:07:41,$ 3269.67,150
3218,10:07:41,$ 3270.00,150
3219,10:07:41,$ 3270.02,100
3220,10:07:41,$ 3270.01,100
3221,10:07:41,$ 3270.00,100
3222,10:07:41,$ 3270.00,100
3223,10:07:41,$ 3270.00,100
3225,10:07:37,$ 3270.46,100
3226,10:07:26,$ 3270.1757,200
3227,10:07:25,$ 3270.3333,151
3228,10:07:25,$ 3270.40,100
3229,10:07:24,$ 3270.79,100
3230,10:07:21,$ 3270.80,100
3231,10:07:13,$ 3270.76,100
3232,10:07:13,$ 3270.80,100
3233,10:07:01,$ 3270.20,100
3234,10:06:50,$ 3271.00,"1,000"
3235,10:06:38,$ 3271.61,100
3236,10:06:34,$ 3271.88,250
3237,10:06:33,$ 3272.2124,100
3238,10:06:31,$ 3272.06,108
3239,10:06:28,$ 3271.50,100
3240,10:06:28,$ 3271.50,100
3241,10:06:24,$ 3273.58,100
3242,10:06:20,$ 3273.585,100
3243,10:06:18,$ 3273.585,100
3244,10:06:15,$ 3272.83,100
3246,10:06:15,$ 3273.04,100
3247,10:06:15,$ 3273.31,100
3248,10:06:00,$ 3273.5195,103
3249,10:05:48,$ 3273.98,100
3250,10:05:48,$ 3273.30,100
3251,10:05:48,$ 3273.16,100
3252,10:05:45,$ 3272.94,680
3253,10:05:43,$ 3272.75,100
3254,10:05:43,$ 3273.05,100
3255,10:05:30,$ 3273.75,100
3256,10:05:29,$ 3273.597,500
3257,10:05:24,$ 3273.44,100
3258,10:05:13,$ 3274.73,100
3259,10:04:58,$ 3276.10,100
3260,10:04:58,$ 3276.80,100
3261,10:04:10,$ 3276.8066,531
3262,10:04:04,$ 3275.645,"1,000"
3263,10:04:02,$ 3275.9896,150
3264,10:03:56,$ 3275.88,100
3265,10:03:42,$ 3274.775,100
3267,10:03:42,$ 3274.74,100
3268,10:03:37,$ 3274.62,100
3269,10:03:21,$ 3275.17,100
3270,10:03:10,$ 3277.04,100
3271,10:03:08,$ 3277.93,100
3272,10:03:07,$ 3278.06,100
3273,10:03:06,$ 3277.6956,404
3274,10:02:56,$ 3279.48,100
3275,10:02:54,$ 3279.07,100
3276,10:02:39,$ 3279.2328,100
3277,10:02:38,$ 3280.07,100
3278,10:02:38,$ 3280.06,100
3279,10:02:35,$ 3281.33,869
3280,10:02:23,$ 3280.6921,100
3281,10:02:23,$ 3280.82,100
3282,10:02:17,$ 3282.25,100
3283,10:02:17,$ 3281.665,600
3284,10:02:17,$ 3281.665,100
3285,10:02:08,$ 3281.229,250
3286,10:02:08,$ 3281.50,100
3288,10:02:07,$ 3281.545,400
3289,10:02:07,$ 3281.545,100
3290,10:02:07,$ 3281.65,100
3291,10:02:07,$ 3281.545,100
3292,10:02:07,$ 3281.545,300
3293,10:02:05,$ 3282.23,100
3294,10:01:53,$ 3281.46,100
3295,10:01:52,$ 3283.075,100
3296,10:01:51,$ 3283.075,100
3297,10:01:51,$ 3283.075,200
3298,10:01:45,$ 3283.90,100
3299,10:01:41,$ 3284.26,100
3300,10:01:35,$ 3284.71,100
3301,10:01:35,$ 3284.28,100
3302,10:01:34,$ 3283.53,100
3303,10:01:34,$ 3283.63,100
3304,10:01:34,$ 3283.53,100
3305,10:01:33,$ 3282.99,188
3306,10:01:26,$ 3281.91,100
3307,10:01:25,$ 3281.91,100
3309,10:01:22,$ 3281.91,100
3310,10:01:21,$ 3281.90,100
3311,10:01:21,$ 3281.81,100
3312,10:01:17,$ 3281.85,100
3313,10:01:17,$ 3281.355,100
3314,10:01:17,$ 3281.355,100
3315,10:01:15,$ 3282.70,100
3316,10:01:09,$ 3281.88,100
3317,10:01:02,$ 3280.73,100
3318,10:01:01,$ 3280.98,100
3319,10:00:53,$ 3281.00,100
3320,10:00:53,$ 3280.94,100
3321,10:00:49,$ 3279.555,100
3322,10:00:48,$ 3278.8301,100
3323,10:00:35,$ 3277.00,236
3324,10:00:35,$ 3277.00,713
3325,10:00:34,$ 3276.6769,100
3326,10:00:28,$ 3277.09,100
3327,10:00:18,$ 3278.05,100
3328,10:00:13,$ 3279.83,100
3330,10:00:11,$ 3277.09,100
3331,10:00:06,$ 3278.0499,100
3332,10:00:05,$ 3276.42,100
3333,10:00:05,$ 3276.625,100
3334,10:00:05,$ 3276.45,100
3335,10:00:02,$ 3277.42,100
3337,10:59:59,$ 3302.00,100
3338,10:59:57,$ 3301.92,100
3339,10:59:56,$ 3301.15,100
3340,10:59:56,$ 3301.15,100
3341,10:59:56,$ 3301.23,100
3342,10:59:56,$ 3301.29,108
3343,10:59:56,$ 3301.29,200
3344,10:59:56,$ 3301.29,108
3345,10:59:56,$ 3301.29,140
3346,10:59:56,$ 3301.29,162
3347,10:59:56,$ 3301.29,200
3348,10:59:56,$ 3301.29,199
3349,10:59:43,$ 3301.27,100
3350,10:59:42,$ 3301.25,100
3351,10:59:42,$ 3301.32,100
3352,10:59:42,$ 3301.21,100
3353,10:59:42,$ 3301.21,100
3354,10:59:42,$ 3301.21,100
3355,10:59:40,$ 3301.24,100
3356,10:59:36,$ 3300.7137,160
3358,10:59:31,$ 3300.70,200
3359,10:59:19,$ 3300.84,200
3360,10:59:13,$ 3300.00,100
3361,10:59:13,$ 3300.00,339
3362,10:59:13,$ 3300.00,123
3363,10:59:13,$ 3300.00,144
3364,10:59:10,$ 3299.9999,100
3365,10:59:09,$ 3299.20,155
3366,10:59:09,$ 3299.01,100
3367,10:59:04,$ 3298.85,100
3368,10:59:01,$ 3298.775,200
3369,10:59:00,$ 3299.00,100
3370,10:58:58,$ 3298.128,100
3371,10:58:58,$ 3298.6239,185
3372,10:58:52,$ 3298.3593,230
3373,10:58:43,$ 3298.00,100
3374,10:58:43,$ 3297.97,100
3375,10:58:43,$ 3298.00,100
3376,10:58:33,$ 3297.43,100
3377,10:58:23,$ 3297.00,100
3379,10:58:12,$ 3296.87,100
3380,10:58:12,$ 3296.93,100
3381,10:58:05,$ 3296.465,100
3382,10:57:43,$ 3296.37,100
3383,10:57:28,$ 3295.90,100
3384,10:57:28,$ 3295.93,100
3385,10:57:28,$ 3296.00,100
3386,10:57:28,$ 3295.90,100
3387,10:57:28,$ 3295.89,100
3388,10:57:28,$ 3295.89,100
3389,10:57:27,$ 3295.4402,160
3390,10:57:26,$ 3295.83,100
3391,10:57:19,$ 3295.67,100
3392,10:57:07,$ 3295.48,100
3393,10:57:04,$ 3295.56,100
3394,10:57:04,$ 3295.48,100
3395,10:57:04,$ 3295.48,100
3396,10:57:04,$ 3295.65,100
3397,10:57:04,$ 3295.61,100
3398,10:56:48,$ 3295.34,100
3400,10:56:05,$ 3296.74,300
3401,10:55:22,$ 3296.7078,200
3402,10:55:15,$ 3296.14,100
3403,10:55:15,$ 3297.11,100
3404,10:55:06,$ 3297.395,100
3405,10:55:06,$ 3297.37,100
3406,10:55:04,$ 3298.00,100
3407,10:55:04,$ 3297.705,100
3408,10:54:57,$ 3296.97,100
3409,10:54:55,$ 3296.615,100
3410,10:54:53,$ 3296.505,100
3411,10:54:52,$ 3296.56,100
3412,10:54:42,$ 3296.145,100
3413,10:54:42,$ 3296.00,200
3414,10:54:42,$ 3296.00,100
3415,10:54:14,$ 3294.88,100
3416,10:54:01,$ 3294.6068,200
3417,10:53:48,$ 3294.72,100
3418,10:53:04,$ 3293.81,100
3419,10:53:04,$ 3293.90,100
3421,10:53:00,$ 3293.875,200
3422,10:52:43,$ 3293.85,200
3423,10:52:40,$ 3294.125,100
3424,10:52:38,$ 3294.61,100
3425,10:52:27,$ 3295.88,100
3426,10:52:13,$ 3295.395,100
3427,10:52:12,$ 3295.395,125
3428,10:52:12,$ 3295.395,100
3429,10:51:23,$ 3293.585,100
3430,10:50:57,$ 3294.165,100
3431,10:50:52,$ 3294.155,100
3432,10:50:46,$ 3294.1134,200
3433,10:50:45,$ 3294.50,100
3434,10:50:43,$ 3293.085,161
3435,10:50:41,$ 3293.43,100
3436,10:50:41,$ 3293.42,100
3437,10:50:41,$ 3292.938,295
3438,10:50:41,$ 3293.39,100
3439,10:50:32,$ 3292.59,100
3440,10:50:30,$ 3292.735,100
3442,10:50:15,$ 3290.88,100
3443,10:50:15,$ 3290.89,100
3444,10:50:08,$ 3289.72,100
3445,10:50:06,$ 3290.87,100
3446,10:49:58,$ 3288.97,100
3447,10:49:40,$ 3289.695,100
3448,10:49:40,$ 3289.99,100
3449,10:49:21,$ 3288.4534,200
3450,10:49:03,$ 3289.02,100
3451,10:49:01,$ 3289.00,100
3452,10:49:01,$ 3289.09,100
3453,10:49:00,$ 3289.00,120
3454,10:48:27,$ 3289.009,100
3455,10:48:27,$ 3289.0188,130
3456,10:48:23,$ 3290.6873,100
3457,10:48:11,$ 3289.09,100
3458,10:47:52,$ 3290.425,100
3459,10:47:49,$ 3290.90,100
3460,10:47:37,$ 3290.29,100
3461,10:47:36,$ 3289.86,100
3463,10:46:43,$ 3289.7901,200
3464,10:46:41,$ 3290.26,105
3465,10:46:41,$ 3289.99,100
3466,10:46:41,$ 3289.535,100
3467,10:46:34,$ 3289.19,100
3468,10:46:34,$ 3289.19,100
3469,10:46:28,$ 3289.63,500
3470,10:46:26,$ 3289.62,200
3471,10:46:22,$ 3289.625,200
3472,10:45:55,$ 3290.335,200
3473,10:45:30,$ 3290.26,100
3474,10:45:30,$ 3290.215,100
3475,10:45:28,$ 3290.2701,100
3476,10:45:28,$ 3290.26,100
3477,10:45:22,$ 3290.20,100
3478,10:45:22,$ 3290.25,100
3479,10:44:53,$ 3288.68,200
3480,10:44:53,$ 3288.67,300
3481,10:44:53,$ 3288.64,100
3482,10:44:53,$ 3288.68,100
3484,10:44:51,$ 3288.65,100
3485,10:44:33,$ 3288.51,150
3486,10:44:30,$ 3288.2601,500
3487,10:44:03,$ 3287.5101,100
3488,10:43:39,$ 3288.90,100
3489,10:43:21,$ 3290.00,100
3490,10:43:21,$ 3289.86,100
3491,10:43:19,$ 3290.1221,100
3492,10:43:05,$ 3290.605,100
3493,10:42:26,$ 3290.534,100
3494,10:42:07,$ 3291.49,200
3495,10:42:05,$ 3291.26,594
3496,10:42:05,$ 3290.89,100
3497,10:42:05,$ 3290.70,100
3498,10:42:05,$ 3290.52,100
3499,10:41:29,$ 3291.0998,100
3500,10:41:26,$ 3292.22,177
3501,10:41:25,$ 3291.18,100
3502,10:41:00,$ 3290.57,100
3503,10:41:00,$ 3290.57,100
3505,10:40:50,$ 3289.365,100
3506,10:40:26,$ 3291.5018,100
3507,10:40:14,$ 3291.80,100
3508,10:40:14,$ 3291.74,100
3509,10:40:12,$ 3291.705,100
3510,10:40:12,$ 3290.37,100
3511,10:40:11,$ 3290.05,100
3512,10:40:11,$ 3290.35,180
3513,10:40:07,$ 3288.76,100
3514,10:39:44,$ 3288.06,100
3515,10:39:39,$ 3288.0601,400
3516,10:39:36,$ 3288.88,100
3517,10:39:31,$ 3289.00,100
3518,10:39:23,$ 3288.15,100
3519,10:39:18,$ 3290.00,220
3520,10:39:18,$ 3290.00,100
3521,10:39:18,$ 3290.00,100
3522,10:39:18,$ 3290.1379,500
3523,10:39:17,$ 3290.09,100
3524,10:39:13,$ 3290.3974,100
3526,10:39:11,$ 3290.65,100
3527,10:39:03,$ 3290.23,100
3528,10:39:02,$ 3291.20,100
3529,10:39:02,$ 3291.20,100
3530,10:38:48,$ 3292.03,100
3531,10:38:48,$ 3292.01,100
3532,10:38:48,$ 3292.34,100
3533,10:38:48,$ 3292.21,100
3534,10:38:48,$ 3292.06,100
3535,10:38:48,$ 3292.01,100
3536,10:38:01,$ 3293.435,100
3537,10:37:52,$ 3292.017,100
3538,10:37:48,$ 3292.74,100
3539,10:37:48,$ 3292.55,192
3540,10:37:48,$ 3292.48,100
3541,10:37:35,$ 3292.46,100
3542,10:37:33,$ 3292.2282,168
3543,10:37:18,$ 3292.48,100
3544,10:37:11,$ 3292.1581,100
3545,10:37:07,$ 3292.23,200
3547,10:36:42,$ 3293.10,100
3548,10:36:39,$ 3291.38,100
3549,10:36:30,$ 3293.6325,100
3550,10:36:00,$ 3295.17,100
3551,10:35:56,$ 3294.54,100
3552,10:35:48,$ 3295.34,100
3553,10:35:48,$ 3295.21,100
3554,10:35:15,$ 3295.865,100
3555,10:35:14,$ 3295.2157,100
3556,10:35:12,$ 3295.34,100
3557,10:35:12,$ 3295.95,100
3558,10:35:12,$ 3295.975,100
3559,10:35:01,$ 3295.00,100
3560,10:34:48,$ 3295.025,100
3561,10:34:20,$ 3295.00,100
3562,10:34:19,$ 3295.03,100
3563,10:34:19,$ 3295.005,100
3564,10:34:19,$ 3295.01,100
3565,10:34:19,$ 3295.00,100
3566,10:34:19,$ 3295.00,100
3568,10:34:19,$ 3295.00,100
3569,10:33:56,$ 3293.41,116
3570,10:33:44,$ 3293.19,100
3571,10:33:38,$ 3293.59,100
3572,10:33:30,$ 3293.84,100
3573,10:33:27,$ 3294.22,166
3574,10:33:27,$ 3295.0401,100
3575,10:33:23,$ 3295.94,100
3576,10:33:23,$ 3295.95,100
3577,10:33:21,$ 3295.156,174
3578,10:33:15,$ 3295.00,100
3579,10:33:15,$ 3294.95,100
3580,10:33:04,$ 3294.21,100
3581,10:33:04,$ 3294.06,100
3582,10:32:46,$ 3294.8231,100
3583,10:32:46,$ 3293.88,100
3584,10:32:37,$ 3294.622,197
3585,10:32:37,$ 3294.25,100
3586,10:32:37,$ 3294.21,100
3587,10:32:37,$ 3294.75,100
3589,10:32:14,$ 3293.56,100
3590,10:32:13,$ 3292.81,100
3591,10:32:13,$ 3292.82,100
3592,10:31:53,$ 3293.10,139
3593,10:31:40,$ 3294.68,100
3594,10:31:33,$ 3293.86,100
3595,10:31:33,$ 3293.67,100
3596,10:31:33,$ 3293.86,100
3597,10:31:33,$ 3293.86,100
3598,10:31:33,$ 3293.81,300
3599,10:31:25,$ 3292.72,100
3600,10:31:22,$ 3293.57,119
3601,10:31:22,$ 3293.887,303
3602,10:31:21,$ 3293.8884,150
3603,10:31:20,$ 3293.82,100
3604,10:31:14,$ 3294.035,125
3605,10:31:14,$ 3294.175,100
3606,10:31:13,$ 3294.185,100
3607,10:31:05,$ 3295.52,100
3608,10:31:05,$ 3295.39,100
3610,10:31:05,$ 3295.39,100
3611,10:31:05,$ 3295.52,100
3612,10:31:05,$ 3295.325,100
3613,10:31:03,$ 3294.05,100
3614,10:31:02,$ 3295.00,100
3615,10:31:00,$ 3294.885,100
3616,10:31:00,$ 3294.885,100
3617,10:31:00,$ 3294.885,100
3618,10:31:00,$ 3295.00,300
3619,10:31:00,$ 3294.40,100
3620,10:31:00,$ 3294.29,100
3621,10:31:00,$ 3294.02,100
3622,10:30:59,$ 3294.02,100
3623,10:30:59,$ 3294.02,100
3624,10:30:59,$ 3294.02,100
3625,10:30:58,$ 3294.02,200
3626,10:30:57,$ 3294.02,100
3627,10:30:57,$ 3294.02,100
3628,10:30:57,$ 3294.02,100
3629,10:30:57,$ 3294.02,100
3631,10:30:57,$ 3294.02,100
3632,10:30:54,$ 3294.38,100
3633,10:30:49,$ 3294.27,100
3634,10:30:48,$ 3293.1001,300
3635,10:30:47,$ 3293.60,100
3636,10:30:34,$ 3292.962,100
3637,10:30:25,$ 3293.63,100
3638,10:30:12,$ 3292.8685,250
3639,10:30:11,$ 3291.585,100
3640,10:30:11,$ 3292.1438,100
3641,10:30:07,$ 3291.46,100
3642,10:30:04,$ 3290.97,100
3643,10:30:03,$ 3291.075,100
3644,10:30:02,$ 3290.88,100
3645,10:30:01,$ 3290.6901,500
3647,11:29:21,$ 3298.10,100
3648,11:29:18,$ 3299.2006,123
3649,11:29:15,$ 3299.46,100
3650,11:28:36,$ 3298.39,100
3651,11:28:32,$ 3298.63,100
3652,11:28:16,$ 3299.09,100
3653,11:28:10,$ 3299.5262,100
3654,11:27:47,$ 3299.31,100
3655,11:27:43,$ 3299.31,250
3656,11:27:35,$ 3300.00,100
3657,11:27:35,$ 3300.00,203
3658,11:27:35,$ 3300.00,100
3659,11:27:35,$ 3300.08,100
3660,11:27:16,$ 3300.62,100
3661,11:27:07,$ 3300.73,100
3662,11:27:07,$ 3300.64,100
3663,11:27:07,$ 3300.77,100
3664,11:26:41,$ 3300.585,100
3665,11:26:14,$ 3301.00,100
3666,11:26:11,$ 3300.8941,336
3668,11:25:58,$ 3301.7619,"1,995"
3669,11:25:48,$ 3302.55,100
3670,11:25:28,$ 3301.435,100
3671,11:25:12,$ 3301.9648,100
3672,11:25:09,$ 3302.185,100
3673,11:25:00,$ 3302.165,100
3674,11:24:57,$ 3301.53,100
3675,11:24:22,$ 3300.488,100
3676,11:23:58,$ 3300.52,100
3677,11:23:50,$ 3300.45,250
3678,11:23:40,$ 3300.70,100
3679,11:23:40,$ 3300.70,100
3680,11:23:39,$ 3300.49,100
3681,11:23:35,$ 3300.0862,100
3682,11:23:23,$ 3300.345,191
3683,11:23:23,$ 3300.70,136
3684,11:23:15,$ 3300.215,100
3685,11:23:02,$ 3300.385,100
3686,11:22:53,$ 3301.3744,100
3687,11:22:38,$ 3300.73,100
3689,11:22:36,$ 3300.7231,100
3690,11:22:26,$ 3300.72,100
3691,11:22:14,$ 3300.73,100
3692,11:22:14,$ 3300.47,100
3693,11:22:01,$ 3300.68,100
3694,11:21:24,$ 3300.73,100
3695,11:21:20,$ 3300.83,100
3696,11:20:53,$ 3299.945,100
3697,11:20:52,$ 3299.94,100
3698,11:20:48,$ 3299.82,100
3699,11:20:44,$ 3299.53,100
3700,11:20:42,$ 3299.315,100
3701,11:20:38,$ 3297.965,100
3702,11:20:31,$ 3297.6048,100
3703,11:20:31,$ 3297.97,200
3704,11:20:21,$ 3297.845,100
3705,11:20:18,$ 3297.83,100
3706,11:20:14,$ 3297.81,100
3707,11:20:04,$ 3298.00,100
3708,11:19:57,$ 3297.57,100
3710,11:19:52,$ 3298.145,100
3711,11:19:51,$ 3298.24,100
3712,11:19:48,$ 3299.155,100
3713,11:19:47,$ 3299.155,100
3714,11:19:46,$ 3299.155,100
3715,11:19:24,$ 3299.795,100
3716,11:19:24,$ 3299.795,100
3717,11:19:24,$ 3299.795,100
3718,11:19:18,$ 3299.75,100
3719,11:19:16,$ 3300.35,100
3720,11:19:11,$ 3299.50,100
3721,11:19:05,$ 3300.15,200
3722,11:19:04,$ 3299.92,100
3723,11:19:04,$ 3300.00,323
3724,11:19:00,$ 3300.265,200
3725,11:18:56,$ 3300.01,100
3726,11:18:47,$ 3300.05,132
3727,11:18:43,$ 3299.24,100
3728,11:18:43,$ 3300.01,100
3729,11:18:43,$ 3300.00,100
3731,11:18:43,$ 3300.00,100
3732,11:18:43,$ 3300.00,100
3733,11:18:43,$ 3300.00,100
3734,11:18:38,$ 3300.30,195
3735,11:18:25,$ 3300.895,100
3736,11:17:02,$ 3302.74,100
3737,11:17:02,$ 3302.76,100
3738,11:16:33,$ 3302.30,100
3739,11:16:33,$ 3302.31,100
3740,11:16:31,$ 3301.635,100
3741,11:16:02,$ 3301.32,100
3742,11:16:02,$ 3301.3199,100
3743,11:16:02,$ 3301.309,194
3744,11:15:43,$ 3301.3299,100
3745,11:15:14,$ 3301.39,100
3746,11:15:07,$ 3301.06,599
3747,11:15:03,$ 3301.555,100
3748,11:14:52,$ 3302.59,100
3749,11:14:38,$ 3302.46,100
3750,11:14:26,$ 3303.11,100
3752,11:14:14,$ 3304.12,100
3753,11:14:10,$ 3304.08,100
3754,11:13:52,$ 3304.71,100
3755,11:13:32,$ 3303.50,200
3756,11:13:22,$ 3303.0101,100
3757,11:13:06,$ 3303.575,100
3758,11:13:03,$ 3303.98,100
3759,11:13:03,$ 3303.99,100
3760,11:12:46,$ 3303.9899,212
3761,11:12:20,$ 3303.445,100
3762,11:12:13,$ 3303.3474,100
3763,11:12:10,$ 3303.3401,100
3764,11:12:09,$ 3304.40,100
3765,11:12:09,$ 3304.40,100
3766,11:11:35,$ 3304.25,100
3767,11:11:32,$ 3304.41,250
3768,11:11:11,$ 3304.465,100
3769,11:11:10,$ 3304.59,108
3770,11:11:04,$ 3304.26,100
3771,11:11:00,$ 3304.31,100
3773,11:10:58,$ 3304.29,100
3774,11:10:58,$ 3304.299,200
3775,11:10:58,$ 3304.28,100
3776,11:10:58,$ 3304.299,200
3777,11:10:58,$ 3304.25,100
3778,11:10:58,$ 3304.309,200
3779,11:10:58,$ 3304.292,100
3780,11:10:58,$ 3304.29,100
3781,11:10:58,$ 3304.278,100
3782,11:10:58,$ 3303.912,100
3783,11:10:58,$ 3303.43,100
3784,11:10:48,$ 3302.43,100
3785,11:10:37,$ 3302.3132,100
3786,11:10:13,$ 3302.4314,115
3787,11:10:09,$ 3301.93,100
3788,11:10:09,$ 3301.90,100
3789,11:10:07,$ 3301.0601,100
3790,11:10:06,$ 3301.8566,300
3791,11:10:03,$ 3301.75,100
3792,11:09:46,$ 3301.40,116
3794,11:09:46,$ 3301.35,100
3795,11:09:43,$ 3300.35,350
3796,11:09:39,$ 3301.17,250
3797,11:09:39,$ 3301.1373,200
3798,11:09:36,$ 3301.975,129
3799,11:09:33,$ 3302.08,100
3800,11:09:31,$ 3301.56,200
3801,11:09:26,$ 3301.905,100
3802,11:09:21,$ 3301.86,122
3803,11:09:21,$ 3301.40,100
3804,11:09:20,$ 3301.96,100
3805,11:09:19,$ 3302.41,100
3806,11:09:19,$ 3302.58,100
3807,11:09:18,$ 3301.70,100
3808,11:09:18,$ 3301.70,100
3809,11:09:18,$ 3301.70,100
3810,11:09:18,$ 3301.70,100
3811,11:09:18,$ 3301.70,100
3812,11:09:18,$ 3301.70,100
3813,11:09:18,$ 3301.70,100
3815,11:09:18,$ 3302.41,100
3816,11:09:18,$ 3301.86,100
3817,11:09:18,$ 3301.855,100
3818,11:09:18,$ 3302.68,100
3819,11:09:18,$ 3303.97,100
3820,11:09:15,$ 3304.43,100
3821,11:09:10,$ 3304.94,100
3822,11:09:09,$ 3304.0522,100
3823,11:09:04,$ 3304.01,100
3824,11:09:04,$ 3304.12,100
3825,11:09:04,$ 3304.00,100
3826,11:09:01,$ 3304.785,100
3827,11:08:58,$ 3305.00,111
3828,11:08:55,$ 3305.06,100
3829,11:08:41,$ 3304.66,110
3830,11:07:22,$ 3307.00,100
3831,11:07:10,$ 3306.4201,200
3832,11:06:53,$ 3306.775,100
3833,11:06:53,$ 3307.1484,300
3834,11:06:48,$ 3306.21,100
3836,11:06:48,$ 3306.09,158
3837,11:06:44,$ 3305.00,100
3838,11:06:43,$ 3304.80,100
3839,11:06:24,$ 3304.085,100
3840,11:06:21,$ 3303.7788,100
3841,11:06:21,$ 3303.75,100
3842,11:05:58,$ 3303.34,100
3843,11:05:58,$ 3303.34,100
3844,11:05:58,$ 3303.51,100
3845,11:05:57,$ 3303.82,300
3846,11:05:47,$ 3304.0992,174
3847,11:05:33,$ 3303.2789,100
3848,11:05:32,$ 3303.475,100
3849,11:05:15,$ 3303.90,100
3850,11:05:15,$ 3303.86,100
3851,11:05:08,$ 3303.52,100
3852,11:04:54,$ 3303.9005,100
3853,11:04:32,$ 3305.97,100
3854,11:04:07,$ 3304.72,100
3855,11:04:03,$ 3304.17,100
3857,11:04:00,$ 3303.105,200
3858,11:04:00,$ 3303.105,100
3859,11:04:00,$ 3303.155,100
3860,11:04:00,$ 3303.16,200
3861,11:03:59,$ 3303.165,100
3862,11:03:58,$ 3303.175,100
3863,11:03:58,$ 3303.335,100
3864,11:03:58,$ 3303.395,100
3865,11:03:58,$ 3303.395,100
3866,11:03:58,$ 3303.25,100
3867,11:03:58,$ 3303.25,100
3868,11:03:58,$ 3303.59,190
3869,11:03:58,$ 3303.395,100
3870,11:03:58,$ 3303.395,100
3871,11:03:58,$ 3303.395,100
3872,11:03:58,$ 3303.395,100
3873,11:03:58,$ 3303.24,100
3874,11:03:58,$ 3303.24,100
3875,11:03:58,$ 3303.91,100
3876,11:03:58,$ 3304.545,100
3878,11:03:58,$ 3305.12,100
3879,11:03:58,$ 3305.03,100
3880,11:03:58,$ 3305.88,100
3881,11:03:58,$ 3305.86,100
3882,11:03:50,$ 3305.8575,100
3883,11:03:50,$ 3306.42,100
3884,11:03:48,$ 3306.585,100
3885,11:03:43,$ 3306.50,100
3886,11:03:43,$ 3306.51,100
3887,11:03:35,$ 3306.93,100
3888,11:03:10,$ 3305.92,100
3889,11:03:08,$ 3305.78,100
3890,11:03:04,$ 3305.19,100
3891,11:03:04,$ 3305.11,100
3892,11:03:04,$ 3305.16,100
3893,11:02:46,$ 3306.70,100
3894,11:02:43,$ 3306.91,100
3895,11:02:43,$ 3307.00,115
3896,11:02:43,$ 3307.00,100
3897,11:02:43,$ 3307.345,100
3899,11:02:32,$ 3307.915,100
3900,11:02:29,$ 3307.76,100
3901,11:02:29,$ 3307.769,200
