,NLS Time (ET),NLS Price,NLS Share Volume
1,09:59:59,$ 3192.58,100
2,09:59:54,$ 3192.554,100
3,09:59:54,$ 3191.663,100
4,09:59:53,$ 3193.22,144
5,09:59:34,$ 3191.5459,113
6,09:59:33,$ 3190.86,200
7,09:59:32,$ 3190.875,100
8,09:59:31,$ 3190.01,100
9,09:59:31,$ 3190.01,100
10,09:59:31,$ 3190.00,100
11,09:59:31,$ 3190.00,100
12,09:59:31,$ 3190.12,427
13,09:59:13,$ 3192.165,100
14,09:59:00,$ 3193.00,100
15,09:58:54,$ 3192.53,100
16,09:58:44,$ 3192.77,100
17,09:58:42,$ 3192.37,"1,000"
18,09:58:41,$ 3193.285,"1,000"
19,09:58:40,$ 3192.0769,"1,000"
20,09:58:01,$ 3193.2775,100
22,09:58:01,$ 3193.54,100
23,09:58:01,$ 3193.47,100
24,09:58:01,$ 3193.82,100
25,09:57:58,$ 3195.84,100
26,09:57:54,$ 3191.91,468
27,09:57:54,$ 3195.24,100
28,09:57:54,$ 3194.74,100
29,09:57:53,$ 3194.43,"1,000"
30,09:57:52,$ 3194.7662,"1,000"
31,09:57:49,$ 3193.89,100
32,09:57:49,$ 3191.40,100
33,09:57:44,$ 3191.01,167
34,09:57:44,$ 3191.625,298
35,09:57:36,$ 3192.63,100
36,09:57:21,$ 3194.205,100
37,09:57:19,$ 3192.21,100
38,09:57:19,$ 3192.21,100
39,09:57:19,$ 3192.22,100
40,09:57:19,$ 3192.22,100
41,09:57:15,$ 3192.64,100
43,09:57:15,$ 3194.23,100
44,09:57:13,$ 3193.17,100
45,09:57:02,$ 3192.00,100
46,09:56:39,$ 3194.66,195
47,09:56:28,$ 3195.2535,100
48,09:55:55,$ 3195.33,100
49,09:55:52,$ 3194.34,100
50,09:55:38,$ 3193.60,100
51,09:55:34,$ 3194.03,100
52,09:55:34,$ 3194.08,100
53,09:55:29,$ 3195.00,100
54,09:55:23,$ 3193.49,100
55,09:55:23,$ 3193.48,100
56,09:55:23,$ 3193.57,100
57,09:55:20,$ 3193.8692,500
58,09:55:14,$ 3193.39,100
59,09:55:01,$ 3192.07,100
60,09:54:50,$ 3194.69,100
61,09:54:47,$ 3194.00,100
62,09:54:44,$ 3193.03,123
64,09:54:44,$ 3193.03,100
65,09:54:42,$ 3191.56,100
66,09:54:41,$ 3191.56,100
67,09:54:40,$ 3193.54,100
68,09:54:40,$ 3192.78,100
69,09:54:39,$ 3192.00,598
70,09:54:36,$ 3193.13,100
71,09:54:35,$ 3193.58,100
72,09:54:35,$ 3194.00,100
73,09:54:35,$ 3194.00,100
74,09:54:35,$ 3194.00,100
75,09:54:24,$ 3196.5858,196
76,09:54:24,$ 3196.1857,295
77,09:54:10,$ 3196.00,288
78,09:54:05,$ 3197.00,100
79,09:54:05,$ 3197.011,100
80,09:53:53,$ 3198.02,100
81,09:53:46,$ 3200.99,251
82,09:53:45,$ 3198.99,100
83,09:53:45,$ 3198.99,100
85,09:53:45,$ 3198.99,100
86,09:53:45,$ 3199.00,100
87,09:53:44,$ 3199.53,100
88,09:53:44,$ 3199.53,100
89,09:53:44,$ 3199.53,100
90,09:53:37,$ 3198.00,100
91,09:53:36,$ 3198.1385,116
92,09:53:28,$ 3196.71,100
93,09:53:28,$ 3198.24,100
94,09:53:28,$ 3198.29,100
95,09:53:28,$ 3198.30,100
96,09:53:23,$ 3197.7617,100
97,09:53:07,$ 3194.84,105
98,09:53:07,$ 3194.865,312
99,09:53:07,$ 3194.85,285
100,09:53:07,$ 3195.00,110
101,09:53:07,$ 3196.22,100
102,09:53:00,$ 3198.5201,200
103,09:52:39,$ 3202.6205,100
104,09:52:21,$ 3204.24,100
106,09:52:21,$ 3204.29,100
107,09:52:18,$ 3205.3767,140
108,09:52:16,$ 3205.585,300
109,09:52:16,$ 3205.96,100
110,09:52:13,$ 3203.58,100
111,09:52:03,$ 3205.00,100
112,09:52:03,$ 3205.00,100
113,09:52:01,$ 3204.3243,100
114,09:52:00,$ 3203.505,"1,000"
115,09:51:58,$ 3203.50,101
116,09:51:56,$ 3202.5529,131
117,09:51:50,$ 3203.60,500
118,09:51:46,$ 3202.54,100
119,09:51:44,$ 3200.5736,128
120,09:51:41,$ 3201.63,125
121,09:51:40,$ 3201.135,100
122,09:51:35,$ 3201.8475,100
123,09:51:33,$ 3201.91,100
124,09:51:20,$ 3199.36,100
125,09:51:03,$ 3201.6315,100
127,09:50:59,$ 3201.41,100
128,09:50:57,$ 3199.20,181
129,09:50:49,$ 3201.405,100
130,09:50:47,$ 3199.7077,100
131,09:50:43,$ 3198.25,100
132,09:50:42,$ 3199.4385,300
133,09:50:31,$ 3197.95,100
134,09:50:30,$ 3197.13,100
135,09:50:29,$ 3197.63,100
136,09:50:24,$ 3198.11,499
137,09:50:22,$ 3199.51,100
138,09:50:22,$ 3200.27,100
139,09:50:18,$ 3201.45,100
140,09:50:16,$ 3200.04,143
141,09:50:13,$ 3200.39,100
142,09:50:13,$ 3203.31,100
143,09:50:12,$ 3203.94,100
144,09:50:12,$ 3201.57,100
145,09:50:12,$ 3201.61,100
146,09:50:12,$ 3201.13,100
148,09:50:12,$ 3201.06,100
149,09:50:12,$ 3201.295,100
150,09:50:12,$ 3200.56,100
151,09:50:04,$ 3204.07,100
152,09:50:04,$ 3204.967,125
153,09:49:57,$ 3203.4519,100
154,09:49:56,$ 3203.49,100
155,09:49:51,$ 3200.9201,"1,000"
156,09:49:48,$ 3203.55,100
157,09:49:41,$ 3205.32,100
158,09:49:41,$ 3204.80,100
159,09:49:41,$ 3205.30,100
160,09:49:38,$ 3205.07,100
161,09:49:38,$ 3204.32,100
162,09:49:38,$ 3204.20,100
163,09:49:31,$ 3204.42,100
164,09:49:31,$ 3204.98,100
165,09:49:31,$ 3204.97,100
166,09:49:30,$ 3203.44,100
167,09:49:30,$ 3203.47,100
169,09:49:25,$ 3203.157,500
170,09:49:12,$ 3205.23,200
171,09:49:12,$ 3202.96,100
172,09:49:12,$ 3202.97,100
173,09:49:08,$ 3203.53,100
174,09:49:07,$ 3206.84,100
175,09:49:06,$ 3204.27,107
176,09:48:56,$ 3205.885,100
177,09:48:53,$ 3205.73,100
178,09:48:49,$ 3207.94,156
179,09:48:45,$ 3206.7465,100
180,09:48:45,$ 3207.7794,100
181,09:48:40,$ 3206.45,100
182,09:48:40,$ 3206.97,100
183,09:48:40,$ 3206.50,333
184,09:48:40,$ 3206.50,100
185,09:48:23,$ 3204.90,127
186,09:48:23,$ 3204.90,100
187,09:48:21,$ 3206.0655,200
188,09:48:18,$ 3206.92,100
190,09:48:18,$ 3205.915,100
191,09:48:10,$ 3205.7279,100
192,09:48:03,$ 3203.79,100
193,09:48:02,$ 3202.92,100
194,09:48:02,$ 3204.00,100
195,09:48:02,$ 3201.56,100
196,09:48:02,$ 3202.37,100
197,09:48:02,$ 3204.25,100
198,09:48:02,$ 3205.16,100
199,09:48:02,$ 3203.82,100
200,09:47:52,$ 3204.48,100
201,09:47:45,$ 3205.89,100
202,09:47:45,$ 3205.89,200
203,09:47:45,$ 3204.83,100
204,09:47:36,$ 3206.99,300
205,09:47:36,$ 3206.94,100
206,09:47:28,$ 3204.825,100
207,09:47:24,$ 3203.625,300
208,09:47:24,$ 3202.2008,"1,000"
209,09:47:21,$ 3205.75,"5,900"
211,09:47:19,$ 3206.00,100
212,09:47:19,$ 3206.00,100
213,09:47:19,$ 3206.01,100
214,09:47:18,$ 3207.005,"1,000"
215,09:47:18,$ 3206.709,"1,000"
216,09:47:14,$ 3206.95,100
217,09:47:14,$ 3207.00,100
218,09:47:14,$ 3207.00,100
219,09:47:14,$ 3206.95,100
220,09:47:12,$ 3206.00,100
221,09:47:12,$ 3206.36,100
222,09:47:12,$ 3206.00,100
223,09:47:10,$ 3203.335,100
224,09:47:10,$ 3204.06,108
225,09:47:09,$ 3204.06,100
226,09:47:09,$ 3203.2811,"1,000"
227,09:47:07,$ 3202.75,100
228,09:47:06,$ 3203.19,100
229,09:47:05,$ 3202.775,100
230,09:47:04,$ 3201.23,100
232,09:46:56,$ 3205.35,100
233,09:46:45,$ 3203.40,100
234,09:46:45,$ 3205.32,250
235,09:46:45,$ 3203.015,"1,000"
236,09:46:41,$ 3203.7143,600
237,09:46:40,$ 3201.68,400
238,09:46:37,$ 3202.20,500
239,09:46:37,$ 3202.00,100
240,09:46:33,$ 3205.00,100
241,09:46:33,$ 3204.715,250
242,09:46:29,$ 3204.70,500
243,09:46:28,$ 3204.705,100
244,09:46:27,$ 3205.9999,100
245,09:46:23,$ 3205.00,100
246,09:46:21,$ 3203.99,100
247,09:46:21,$ 3203.755,100
248,09:46:21,$ 3204.23,100
249,09:46:21,$ 3203.00,100
250,09:46:20,$ 3204.00,100
251,09:46:10,$ 3203.00,100
253,09:46:10,$ 3201.46,100
254,09:46:10,$ 3201.45,100
255,09:46:10,$ 3201.95,100
256,09:46:10,$ 3201.11,100
257,09:46:10,$ 3201.36,100
258,09:46:10,$ 3201.86,100
259,09:46:10,$ 3201.005,400
260,09:46:09,$ 3200.70,100
261,09:46:08,$ 3201.00,100
262,09:46:00,$ 3201.6435,120
263,09:45:53,$ 3201.4425,168
264,09:45:50,$ 3199.23,100
265,09:45:50,$ 3199.53,100
266,09:45:49,$ 3201.045,150
267,09:45:44,$ 3202.2386,500
268,09:45:41,$ 3199.07,100
269,09:45:39,$ 3201.4299,150
270,09:45:36,$ 3200.9453,125
271,09:45:36,$ 3199.90,100
272,09:45:36,$ 3200.00,200
274,09:45:36,$ 3200.00,101
275,09:45:36,$ 3200.00,224
276,09:45:36,$ 3200.00,123
277,09:45:36,$ 3200.00,117
278,09:45:36,$ 3200.00,227
279,09:45:36,$ 3200.00,100
280,09:45:36,$ 3200.00,123
281,09:45:36,$ 3200.00,123
282,09:45:34,$ 3199.99,100
283,09:45:34,$ 3199.99,150
284,09:45:33,$ 3200.00,100
285,09:45:33,$ 3196.7119,100
286,09:45:32,$ 3198.1775,100
287,09:45:31,$ 3196.235,300
288,09:45:31,$ 3197.87,100
289,09:45:27,$ 3195.19,100
290,09:45:27,$ 3194.52,118
291,09:45:27,$ 3197.35,100
292,09:45:22,$ 3198.54,100
293,09:45:22,$ 3198.33,100
295,09:45:21,$ 3195.31,100
296,09:45:21,$ 3195.00,241
297,09:45:21,$ 3195.00,112
298,09:45:21,$ 3194.67,100
299,09:45:21,$ 3195.00,117
300,09:45:21,$ 3194.71,100
301,09:45:21,$ 3195.00,100
302,09:45:21,$ 3194.71,100
303,09:45:21,$ 3195.00,100
304,09:45:21,$ 3195.00,101
305,09:45:21,$ 3195.00,100
306,09:45:21,$ 3194.71,100
307,09:45:15,$ 3190.85,100
308,09:45:15,$ 3190.93,100
309,09:45:14,$ 3191.72,150
310,09:45:12,$ 3190.63,100
311,09:45:12,$ 3190.98,100
312,09:45:08,$ 3193.2515,300
313,09:45:07,$ 3190.00,100
314,09:45:01,$ 3186.03,100
316,09:44:57,$ 3186.715,115
317,09:44:44,$ 3186.32,100
318,09:44:41,$ 3187.45,160
319,09:44:39,$ 3185.03,100
320,09:44:35,$ 3186.12,100
321,09:44:27,$ 3189.1352,130
322,09:44:26,$ 3187.80,300
323,09:44:26,$ 3188.35,100
324,09:44:17,$ 3190.845,100
325,09:44:15,$ 3191.46,100
326,09:43:58,$ 3190.10,100
327,09:43:58,$ 3190.00,100
328,09:43:42,$ 3191.26,100
329,09:43:40,$ 3191.27,100
330,09:43:37,$ 3192.57,100
331,09:43:34,$ 3193.90,"1,000"
332,09:43:28,$ 3190.2811,200
333,09:43:25,$ 3187.8101,200
334,09:43:07,$ 3190.50,123
335,09:43:07,$ 3190.50,123
337,09:43:07,$ 3190.50,100
338,09:43:07,$ 3190.50,127
339,09:43:03,$ 3190.50,110
340,09:43:03,$ 3190.50,234
341,09:43:03,$ 3190.50,100
342,09:43:03,$ 3190.50,134
343,09:43:01,$ 3189.9799,100
344,09:43:00,$ 3188.765,200
345,09:42:58,$ 3187.40,100
346,09:42:46,$ 3187.44,100
347,09:42:42,$ 3190.4799,100
348,09:42:38,$ 3189.085,100
349,09:42:38,$ 3189.15,100
350,09:42:38,$ 3187.69,100
351,09:42:37,$ 3189.9622,100
352,09:42:36,$ 3189.085,"1,000"
353,09:42:33,$ 3190.13,100
354,09:42:33,$ 3191.08,100
355,09:42:33,$ 3191.08,100
356,09:42:33,$ 3191.39,100
358,09:42:32,$ 3193.11,100
359,09:42:31,$ 3193.15,100
360,09:42:31,$ 3193.60,100
361,09:42:31,$ 3193.80,100
362,09:42:31,$ 3194.10,174
363,09:42:31,$ 3193.7439,115
364,09:42:30,$ 3195.645,100
365,09:42:28,$ 3195.425,100
366,09:42:27,$ 3195.415,100
367,09:42:27,$ 3195.415,100
368,09:42:27,$ 3195.375,100
369,09:42:26,$ 3196.87,200
370,09:42:26,$ 3197.076,100
371,09:42:26,$ 3195.37,500
372,09:42:26,$ 3195.415,100
373,09:42:26,$ 3196.73,300
374,09:42:26,$ 3195.37,100
375,09:42:26,$ 3196.385,"1,000"
376,09:42:26,$ 3196.86,100
377,09:42:26,$ 3195.375,100
379,09:42:25,$ 3194.08,100
380,09:42:25,$ 3195.8562,"1,000"
381,09:42:17,$ 3192.555,115
382,09:42:01,$ 3190.6664,100
383,09:41:59,$ 3191.7598,500
384,09:41:45,$ 3190.5142,388
385,09:41:45,$ 3195.56,100
386,09:41:43,$ 3194.00,100
387,09:41:43,$ 3194.535,100
388,09:41:43,$ 3195.38,100
389,09:41:40,$ 3194.00,100
390,09:41:40,$ 3195.38,100
391,09:41:40,$ 3194.04,100
392,09:41:40,$ 3194.22,100
393,09:41:40,$ 3194.4054,100
394,09:41:39,$ 3194.86,148
395,09:41:31,$ 3195.33,100
396,09:41:26,$ 3191.6883,"1,000"
397,09:41:25,$ 3189.78,109
398,09:41:25,$ 3187.7791,"1,000"
400,09:41:24,$ 3188.90,"1,000"
401,09:41:19,$ 3194.00,100
402,09:41:15,$ 3194.90,100
403,09:41:07,$ 3197.85,100
404,09:40:56,$ 3194.10,100
405,09:40:45,$ 3194.183,300
406,09:40:42,$ 3192.77,100
407,09:40:29,$ 3189.36,300
408,09:40:29,$ 3190.00,100
409,09:40:29,$ 3191.05,100
410,09:40:29,$ 3191.00,100
411,09:40:29,$ 3191.01,100
412,09:40:29,$ 3193.00,100
413,09:40:23,$ 3196.00,110
414,09:40:10,$ 3192.66,100
415,09:40:10,$ 3194.12,"1,000"
416,09:40:09,$ 3193.01,100
417,09:40:09,$ 3193.01,100
418,09:40:04,$ 3196.6112,125
419,09:40:04,$ 3197.14,100
421,09:40:04,$ 3197.15,100
422,09:39:52,$ 3199.9911,750
423,09:39:44,$ 3198.50,100
424,09:39:44,$ 3199.00,240
425,09:39:44,$ 3199.00,100
426,09:39:41,$ 3200.9399,100
427,09:39:39,$ 3200.41,100
428,09:39:37,$ 3200.03,100
429,09:39:36,$ 3202.01,100
430,09:39:36,$ 3201.62,100
431,09:39:36,$ 3202.00,100
432,09:39:32,$ 3199.45,400
433,09:39:32,$ 3201.195,"1,000"
434,09:39:29,$ 3202.59,175
435,09:39:26,$ 3201.33,100
436,09:39:24,$ 3201.09,"1,000"
437,09:39:24,$ 3201.09,"1,000"
438,09:39:21,$ 3199.32,100
439,09:39:21,$ 3199.52,100
440,09:39:17,$ 3202.07,100
442,09:39:17,$ 3202.07,100
443,09:39:17,$ 3202.07,100
444,09:39:17,$ 3202.07,100
445,09:39:16,$ 3200.02,100
446,09:39:16,$ 3199.98,100
447,09:39:16,$ 3201.04,100
448,09:39:16,$ 3200.75,100
449,09:39:16,$ 3200.61,100
450,09:39:16,$ 3201.61,100
451,09:39:16,$ 3199.54,100
452,09:39:16,$ 3199.03,100
453,09:39:16,$ 3199.03,100
454,09:39:13,$ 3198.9999,200
455,09:39:13,$ 3198.26,100
456,09:39:12,$ 3198.25,100
457,09:39:12,$ 3198.125,100
458,09:39:07,$ 3200.74,100
459,09:39:06,$ 3201.2066,809
460,09:39:05,$ 3200.00,100
461,09:39:05,$ 3200.081,100
463,09:39:05,$ 3200.081,100
464,09:39:05,$ 3200.08,300
465,09:39:05,$ 3200.35,100
466,09:39:04,$ 3200.45,100
467,09:39:04,$ 3200.66,810
468,09:39:01,$ 3197.9171,103
469,09:39:00,$ 3198.00,100
470,09:38:57,$ 3199.885,300
471,09:38:57,$ 3200.00,100
472,09:38:57,$ 3200.00,100
473,09:38:57,$ 3200.00,100
474,09:38:56,$ 3201.03,"1,000"
475,09:38:55,$ 3201.6881,200
476,09:38:51,$ 3201.22,100
477,09:38:50,$ 3202.615,100
478,09:38:47,$ 3203.1517,100
479,09:38:46,$ 3201.46,100
480,09:38:46,$ 3202.80,100
481,09:38:45,$ 3204.6016,100
482,09:38:44,$ 3203.34,177
484,09:38:44,$ 3203.32,170
485,09:38:44,$ 3203.32,430
486,09:38:44,$ 3203.45,100
487,09:38:40,$ 3205.09,100
488,09:38:40,$ 3205.73,100
489,09:38:37,$ 3204.19,100
490,09:38:37,$ 3204.175,100
491,09:38:36,$ 3204.32,100
492,09:38:35,$ 3205.1796,100
493,09:38:35,$ 3204.4533,100
494,09:38:35,$ 3205.0479,100
495,09:38:34,$ 3206.00,100
496,09:38:28,$ 3201.4765,115
497,09:38:28,$ 3200.7864,200
498,09:38:27,$ 3202.67,150
499,09:38:24,$ 3201.685,100
500,09:38:23,$ 3202.92,100
501,09:38:19,$ 3199.99,100
502,09:38:17,$ 3198.20,100
503,09:38:17,$ 3198.20,100
505,09:38:17,$ 3198.20,200
506,09:38:16,$ 3199.67,100
507,09:38:14,$ 3199.00,100
508,09:38:14,$ 3197.9989,100
509,09:38:10,$ 3199.6599,100
510,09:38:09,$ 3195.3853,181
511,09:38:09,$ 3196.64,100
512,09:38:05,$ 3195.01,100
513,09:38:05,$ 3194.89,100
514,09:37:59,$ 3199.05,100
515,09:37:59,$ 3198.10,100
516,09:37:59,$ 3199.37,100
517,09:37:55,$ 3198.12,100
518,09:37:55,$ 3197.85,100
519,09:37:53,$ 3196.77,100
520,09:37:47,$ 3199.0228,100
521,09:37:44,$ 3201.465,100
522,09:37:43,$ 3201.9905,100
523,09:37:43,$ 3203.01,100
524,09:37:40,$ 3203.84,100
526,09:37:39,$ 3201.858,100
527,09:37:39,$ 3201.99,200
528,09:37:38,$ 3201.87,100
529,09:37:37,$ 3201.00,100
530,09:37:36,$ 3201.00,100
531,09:37:36,$ 3200.12,100
532,09:37:36,$ 3200.00,117
533,09:37:36,$ 3200.00,123
534,09:37:36,$ 3200.00,100
535,09:37:36,$ 3200.00,100
536,09:37:36,$ 3200.00,100
537,09:37:36,$ 3200.00,123
538,09:37:36,$ 3200.00,100
539,09:37:36,$ 3200.00,253
540,09:37:36,$ 3200.00,100
541,09:37:36,$ 3200.00,117
542,09:37:36,$ 3200.00,100
543,09:37:36,$ 3200.00,123
544,09:37:36,$ 3200.00,100
545,09:37:36,$ 3200.00,100
547,09:37:36,$ 3200.00,100
548,09:37:36,$ 3200.00,100
549,09:37:36,$ 3200.00,100
550,09:37:36,$ 3200.00,519
551,09:37:36,$ 3200.00,100
552,09:37:36,$ 3200.00,100
553,09:37:36,$ 3200.37,100
554,09:37:36,$ 3200.00,123
555,09:37:34,$ 3198.48,230
556,09:37:33,$ 3198.48,400
557,09:37:33,$ 3198.6675,100
558,09:37:33,$ 3199.99,100
559,09:37:33,$ 3198.77,100
560,09:37:33,$ 3198.78,100
561,09:37:33,$ 3198.47,100
562,09:37:33,$ 3198.70,100
563,09:37:32,$ 3196.61,100
564,09:37:32,$ 3196.61,100
565,09:37:32,$ 3196.61,100
566,09:37:32,$ 3196.61,100
568,09:37:31,$ 3197.43,100
569,09:37:30,$ 3196.09,100
570,09:37:30,$ 3195.08,100
571,09:37:29,$ 3196.58,100
572,09:37:27,$ 3193.23,100
573,09:37:22,$ 3192.99,100
574,09:37:10,$ 3192.63,100
575,09:37:10,$ 3193.2141,100
576,09:37:06,$ 3192.36,100
577,09:37:06,$ 3192.29,100
578,09:37:06,$ 3193.14,115
579,09:37:05,$ 3193.29,100
580,09:36:52,$ 3194.0658,"1,000"
581,09:36:51,$ 3192.885,"1,000"
582,09:36:48,$ 3192.98,100
583,09:36:47,$ 3193.25,300
584,09:36:46,$ 3189.4601,100
585,09:36:41,$ 3188.81,100
586,09:36:39,$ 3188.8199,115
587,09:36:39,$ 3188.29,100
589,09:36:36,$ 3187.00,100
590,09:36:34,$ 3184.485,100
591,09:36:33,$ 3185.35,204
592,09:36:28,$ 3183.5058,200
593,09:36:26,$ 3183.18,100
594,09:36:26,$ 3185.98,100
595,09:36:26,$ 3184.58,100
596,09:36:26,$ 3184.545,100
597,09:36:26,$ 3184.545,100
598,09:36:26,$ 3184.545,100
599,09:36:26,$ 3184.545,100
600,09:36:25,$ 3182.00,124
601,09:36:24,$ 3184.20,100
602,09:36:19,$ 3185.00,100
603,09:36:19,$ 3185.28,100
604,09:36:19,$ 3185.35,130
605,09:36:18,$ 3187.65,100
606,09:36:17,$ 3187.205,100
607,09:36:09,$ 3185.0001,100
608,09:36:08,$ 3186.04,115
610,09:36:05,$ 3186.50,100
611,09:36:05,$ 3186.50,100
612,09:36:05,$ 3186.50,100
613,09:36:02,$ 3189.66,100
614,09:36:00,$ 3190.37,100
615,09:36:00,$ 3189.93,100
616,09:36:00,$ 3190.00,100
617,09:36:00,$ 3188.155,100
618,09:35:58,$ 3188.815,200
619,09:35:57,$ 3188.815,"1,000"
620,09:35:56,$ 3188.002,100
621,09:35:56,$ 3188.04,100
622,09:35:56,$ 3188.03,100
623,09:35:56,$ 3189.17,100
624,09:35:56,$ 3190.27,100
625,09:35:55,$ 3191.56,"1,000"
626,09:35:49,$ 3191.96,100
627,09:35:45,$ 3191.01,100
628,09:35:45,$ 3192.21,100
629,09:35:45,$ 3192.70,100
631,09:35:35,$ 3194.37,100
632,09:35:34,$ 3195.59,100
633,09:35:29,$ 3193.43,300
634,09:35:22,$ 3193.875,100
635,09:35:16,$ 3194.33,100
636,09:35:16,$ 3193.90,100
637,09:35:09,$ 3192.51,100
638,09:35:08,$ 3192.185,100
639,09:35:06,$ 3190.8937,"1,000"
640,09:35:05,$ 3191.805,"1,000"
641,09:35:05,$ 3190.00,196
642,09:35:05,$ 3190.80,100
643,09:35:05,$ 3190.7496,"1,000"
644,09:35:05,$ 3190.075,100
645,09:35:05,$ 3190.025,100
646,09:35:05,$ 3192.21,400
647,09:35:05,$ 3191.94,320
648,09:35:05,$ 3190.245,100
649,09:34:55,$ 3194.86,100
650,09:34:55,$ 3195.10,100
652,09:34:49,$ 3195.00,100
653,09:34:49,$ 3195.09,100
654,09:34:43,$ 3195.085,100
655,09:34:42,$ 3195.09,100
656,09:34:42,$ 3194.41,100
657,09:34:39,$ 3196.40,100
658,09:34:38,$ 3196.42,100
659,09:34:38,$ 3196.42,100
660,09:34:38,$ 3196.42,100
661,09:34:38,$ 3196.42,100
662,09:34:38,$ 3195.00,100
663,09:34:38,$ 3195.00,100
664,09:34:38,$ 3195.05,100
665,09:34:38,$ 3196.42,100
666,09:34:37,$ 3197.00,100
667,09:34:36,$ 3197.40,100
668,09:34:36,$ 3195.565,250
669,09:34:31,$ 3199.04,100
670,09:34:30,$ 3199.28,100
671,09:34:29,$ 3195.17,256
673,09:34:29,$ 3197.63,100
674,09:34:29,$ 3197.68,100
675,09:34:29,$ 3197.68,100
676,09:34:29,$ 3197.08,100
677,09:34:29,$ 3197.02,100
678,09:34:29,$ 3194.905,115
679,09:34:22,$ 3194.4125,100
680,09:34:21,$ 3193.63,100
681,09:34:21,$ 3193.39,300
682,09:34:20,$ 3195.255,200
683,09:34:20,$ 3195.6592,200
684,09:34:19,$ 3196.76,238
685,09:34:19,$ 3197.86,100
686,09:34:17,$ 3196.615,100
687,09:34:15,$ 3197.23,100
688,09:34:15,$ 3197.18,100
689,09:34:11,$ 3198.78,100
690,09:34:08,$ 3197.39,100
691,09:34:08,$ 3197.36,100
692,09:34:05,$ 3195.585,100
694,09:34:05,$ 3195.65,100
695,09:34:04,$ 3197.00,109
696,09:34:04,$ 3196.99,100
697,09:34:04,$ 3197.00,180
698,09:34:04,$ 3196.95,100
699,09:34:04,$ 3195.88,100
700,09:34:04,$ 3195.88,100
701,09:34:04,$ 3195.87,100
702,09:34:04,$ 3195.87,100
703,09:34:04,$ 3195.87,100
704,09:34:04,$ 3195.83,100
705,09:34:04,$ 3195.82,100
706,09:34:04,$ 3195.85,100
707,09:34:01,$ 3191.7211,115
708,09:34:01,$ 3193.4097,104
709,09:33:59,$ 3193.58,100
710,09:33:59,$ 3193.58,100
711,09:33:59,$ 3193.58,100
712,09:33:59,$ 3192.92,100
713,09:33:57,$ 3195.00,198
715,09:33:56,$ 3196.98,120
716,09:33:56,$ 3196.48,100
717,09:33:56,$ 3196.98,100
718,09:33:56,$ 3196.48,120
719,09:33:56,$ 3196.47,100
720,09:33:56,$ 3196.97,100
721,09:33:56,$ 3196.02,100
722,09:33:56,$ 3195.68,100
723,09:33:56,$ 3195.68,100
724,09:33:56,$ 3196.36,100
725,09:33:56,$ 3195.86,100
726,09:33:56,$ 3196.18,100
727,09:33:55,$ 3196.99,100
728,09:33:55,$ 3195.00,"1,000"
729,09:33:55,$ 3193.45,516
730,09:33:55,$ 3193.36,100
731,09:33:55,$ 3193.34,100
732,09:33:55,$ 3193.17,100
733,09:33:55,$ 3193.36,100
734,09:33:55,$ 3193.86,100
736,09:33:55,$ 3193.87,100
737,09:33:55,$ 3193.67,100
738,09:33:55,$ 3193.86,100
739,09:33:54,$ 3193.196,536
740,09:33:46,$ 3192.0792,115
741,09:33:45,$ 3191.825,100
742,09:33:45,$ 3193.94,100
743,09:33:45,$ 3193.94,100
744,09:33:45,$ 3191.00,100
745,09:33:45,$ 3193.16,100
746,09:33:38,$ 3192.47,100
747,09:33:35,$ 3192.07,100
748,09:33:35,$ 3192.09,100
749,09:33:31,$ 3193.5938,500
750,09:33:27,$ 3194.41,100
751,09:33:20,$ 3197.224,100
752,09:33:20,$ 3193.955,100
753,09:33:20,$ 3196.06,100
754,09:33:20,$ 3196.08,100
755,09:33:20,$ 3197.77,100
757,09:33:20,$ 3199.00,100
758,09:33:20,$ 3199.00,360
759,09:33:20,$ 3198.84,100
760,09:33:19,$ 3197.6529,100
761,09:33:15,$ 3197.48,100
762,09:33:15,$ 3194.95,100
763,09:33:15,$ 3195.00,100
764,09:33:15,$ 3194.89,200
765,09:33:15,$ 3194.90,100
766,09:33:15,$ 3194.79,100
767,09:33:14,$ 3193.88,100
768,09:33:11,$ 3193.30,100
769,09:33:11,$ 3193.32,100
770,09:33:07,$ 3189.6127,400
771,09:33:05,$ 3194.0639,285
772,09:33:05,$ 3193.22,100
773,09:33:05,$ 3191.33,100
774,09:33:05,$ 3193.52,100
775,09:33:05,$ 3193.93,100
776,09:33:05,$ 3191.70,100
778,09:33:05,$ 3192.80,100
779,09:33:05,$ 3191.33,150
780,09:33:05,$ 3192.0778,117
781,09:33:05,$ 3191.94,100
782,09:33:04,$ 3192.00,100
783,09:33:00,$ 3193.95,100
784,09:32:55,$ 3191.42,120
785,09:32:55,$ 3194.0807,382
786,09:32:55,$ 3193.99,155
787,09:32:55,$ 3193.48,100
788,09:32:55,$ 3193.95,100
789,09:32:55,$ 3193.36,100
790,09:32:55,$ 3193.86,100
791,09:32:55,$ 3193.45,100
792,09:32:55,$ 3193.98,100
793,09:32:55,$ 3193.21,100
794,09:32:55,$ 3193.21,875
795,09:32:55,$ 3193.21,100
796,09:32:54,$ 3193.21,"1,000"
797,09:32:51,$ 3190.95,100
799,09:32:51,$ 3190.29,169
800,09:32:50,$ 3188.65,141
801,09:32:50,$ 3188.40,100
802,09:32:47,$ 3185.94,100
803,09:32:47,$ 3186.00,443
804,09:32:47,$ 3185.99,154
805,09:32:47,$ 3186.00,100
806,09:32:47,$ 3186.00,100
807,09:32:47,$ 3186.00,107
808,09:32:47,$ 3185.70,100
809,09:32:43,$ 3184.995,100
810,09:32:41,$ 3186.50,100
811,09:32:41,$ 3186.51,100
812,09:32:41,$ 3186.51,254
813,09:32:40,$ 3187.53,120
814,09:32:36,$ 3188.645,100
815,09:32:29,$ 3189.95,100
816,09:32:28,$ 3189.66,100
817,09:32:28,$ 3189.71,154
818,09:32:25,$ 3187.85,100
820,09:32:25,$ 3187.845,100
821,09:32:25,$ 3187.845,100
822,09:32:25,$ 3187.85,100
823,09:32:25,$ 3187.85,100
824,09:32:13,$ 3189.85,100
825,09:32:12,$ 3189.00,100
826,09:32:10,$ 3186.6622,400
827,09:32:08,$ 3191.9999,100
828,09:32:08,$ 3186.00,500
829,09:32:08,$ 3187.36,103
830,09:32:07,$ 3189.4488,"1,000"
831,09:32:06,$ 3190.1428,113
832,09:32:06,$ 3190.385,"1,000"
833,09:32:06,$ 3189.38,100
834,09:32:03,$ 3189.475,100
835,09:32:03,$ 3189.48,"1,000"
836,09:32:03,$ 3187.73,100
837,09:32:03,$ 3186.89,100
838,09:32:02,$ 3186.895,"1,000"
839,09:32:02,$ 3187.78,100
841,09:32:02,$ 3187.25,100
842,09:32:01,$ 3187.255,"1,000"
843,09:32:01,$ 3187.255,100
844,09:32:00,$ 3190.285,100
845,09:31:59,$ 3192.00,100
846,09:31:57,$ 3192.53,100
847,09:31:56,$ 3193.00,100
848,09:31:56,$ 3193.00,100
849,09:31:54,$ 3193.13,172
850,09:31:51,$ 3189.93,100
851,09:31:50,$ 3190.01,100
852,09:31:50,$ 3190.68,100
853,09:31:50,$ 3191.67,100
854,09:31:50,$ 3190.68,100
855,09:31:50,$ 3190.6701,"1,000"
856,09:31:50,$ 3192.55,100
857,09:31:49,$ 3191.48,100
858,09:31:43,$ 3190.915,"1,000"
859,09:31:42,$ 3191.3875,100
860,09:31:38,$ 3191.48,100
862,09:31:37,$ 3193.26,100
863,09:31:36,$ 3193.265,200
864,09:31:36,$ 3193.8108,163
865,09:31:36,$ 3193.8108,232
866,09:31:36,$ 3193.95,102
867,09:31:36,$ 3193.45,102
868,09:31:36,$ 3193.95,100
869,09:31:36,$ 3193.45,100
870,09:31:36,$ 3193.81,100
871,09:31:36,$ 3193.45,100
872,09:31:36,$ 3193.95,100
873,09:31:36,$ 3194.31,100
874,09:31:35,$ 3194.9999,113
875,09:31:34,$ 3193.79,100
876,09:31:32,$ 3193.20,100
877,09:31:30,$ 3193.09,100
878,09:31:30,$ 3194.695,100
879,09:31:30,$ 3193.95,100
880,09:31:30,$ 3195.46,100
881,09:31:30,$ 3195.46,100
883,09:31:30,$ 3195.46,200
884,09:31:30,$ 3195.46,500
885,09:31:30,$ 3195.46,444
886,09:31:30,$ 3195.80,100
887,09:31:28,$ 3196.475,100
888,09:31:27,$ 3196.2461,100
889,09:31:27,$ 3196.73,100
890,09:31:26,$ 3195.50,100
891,09:31:24,$ 3195.50,100
892,09:31:24,$ 3197.05,100
893,09:31:20,$ 3196.45,100
894,09:31:20,$ 3196.47,100
895,09:31:17,$ 3196.22,"1,000"
896,09:31:17,$ 3193.4401,200
897,09:31:17,$ 3197.9392,827
898,09:31:17,$ 3197.9392,106
899,09:31:16,$ 3197.9392,"1,000"
900,09:31:16,$ 3196.00,123
901,09:31:16,$ 3196.00,177
902,09:31:16,$ 3195.8345,100
904,09:31:15,$ 3196.91,100
905,09:31:15,$ 3196.00,100
906,09:31:15,$ 3195.08,100
907,09:31:15,$ 3195.50,100
908,09:31:15,$ 3194.90,100
909,09:31:11,$ 3196.00,116
910,09:31:11,$ 3196.00,116
911,09:31:11,$ 3196.00,123
912,09:31:11,$ 3195.43,100
913,09:31:11,$ 3196.00,123
914,09:31:09,$ 3196.715,100
915,09:31:08,$ 3196.48,100
916,09:31:08,$ 3196.78,100
917,09:31:08,$ 3196.05,100
918,09:31:07,$ 3193.9901,115
919,09:31:07,$ 3196.395,100
920,09:31:05,$ 3196.78,100
921,09:31:04,$ 3197.78,100
922,09:31:01,$ 3194.8383,200
923,09:31:00,$ 3195.00,200
925,09:31:00,$ 3195.00,100
926,09:31:00,$ 3193.99,100
927,09:31:00,$ 3193.99,100
928,09:31:00,$ 3193.99,100
929,09:31:00,$ 3192.81,200
930,09:31:00,$ 3192.81,100
931,09:31:00,$ 3192.80,100
932,09:31:00,$ 3192.82,100
933,09:30:59,$ 3190.985,100
934,09:30:59,$ 3191.01,100
935,09:30:58,$ 3192.22,100
936,09:30:58,$ 3191.50,300
937,09:30:57,$ 3192.60,115
938,09:30:57,$ 3192.61,100
939,09:30:54,$ 3191.26,100
940,09:30:54,$ 3191.22,100
941,09:30:54,$ 3191.16,100
942,09:30:52,$ 3189.02,100
943,09:30:51,$ 3189.08,100
944,09:30:51,$ 3188.59,100
946,09:30:50,$ 3189.97,100
947,09:30:50,$ 3188.84,100
948,09:30:50,$ 3188.87,100
949,09:30:50,$ 3188.045,100
950,09:30:48,$ 3188.3425,100
951,09:30:48,$ 3188.495,100
952,09:30:47,$ 3188.01,100
953,09:30:47,$ 3189.58,100
954,09:30:39,$ 3191.00,100
955,09:30:39,$ 3190.93,100
956,09:30:39,$ 3191.00,100
957,09:30:39,$ 3191.00,100
958,09:30:39,$ 3191.00,100
959,09:30:39,$ 3190.82,100
960,09:30:39,$ 3190.22,100
961,09:30:39,$ 3191.56,100
962,09:30:37,$ 3189.87,100
963,09:30:36,$ 3191.20,100
964,09:30:36,$ 3188.97,100
965,09:30:36,$ 3191.1075,100
967,09:30:36,$ 3188.81,100
968,09:30:36,$ 3191.205,100
969,09:30:36,$ 3189.53,100
970,09:30:36,$ 3189.025,100
971,09:30:35,$ 3191.42,100
972,09:30:35,$ 3191.00,100
973,09:30:35,$ 3190.50,153
974,09:30:35,$ 3191.19,100
975,09:30:35,$ 3191.205,100
976,09:30:35,$ 3191.67,100
977,09:30:35,$ 3191.205,"1,000"
978,09:30:35,$ 3191.67,100
979,09:30:35,$ 3191.455,100
980,09:30:33,$ 3191.20,100
981,09:30:33,$ 3191.20,"1,000"
982,09:30:33,$ 3191.21,100
983,09:30:33,$ 3191.215,100
984,09:30:24,$ 3194.43,100
985,09:30:24,$ 3191.215,100
986,09:30:23,$ 3189.94,100
988,09:30:23,$ 3189.94,100
989,09:30:23,$ 3190.57,100
990,09:30:21,$ 3191.93,100
991,09:30:20,$ 3194.4199,100
992,09:30:20,$ 3190.57,100
993,09:30:19,$ 3191.215,100
994,09:30:19,$ 3191.215,100
995,09:30:18,$ 3191.21,100
996,09:30:18,$ 3191.21,200
997,09:30:18,$ 3191.21,100
998,09:30:14,$ 3189.905,100
999,09:30:14,$ 3189.915,100
1000,09:30:14,$ 3189.34,100
1001,09:30:11,$ 3189.99,100
1002,09:30:11,$ 3189.815,100
1003,09:30:09,$ 3192.56,100
1004,09:30:09,$ 3192.63,119
1005,09:30:09,$ 3192.62,100
1006,09:30:07,$ 3192.60,100
1007,09:30:07,$ 3192.60,100
1009,09:30:06,$ 3190.00,792
1010,09:30:06,$ 3189.95,100
1011,09:30:06,$ 3189.09,100
1012,09:30:05,$ 3185.665,100
1013,09:30:05,$ 3190.00,100
1014,09:30:02,$ 3185.97,100
1015,09:30:02,$ 3185.00,3
1016,09:30:02,$ 3185.00,2
1017,09:30:02,$ 3185.00,1
1018,09:30:02,$ 3185.00,2
1019,09:30:02,$ 3185.00,1
1020,09:30:02,$ 3185.00,37
1021,09:30:02,$ 3185.00,2
1022,09:30:02,$ 3185.00,1
1023,09:30:02,$ 3185.00,8
1024,09:30:02,$ 3185.00,289
1025,09:30:02,$ 3185.00,68
1026,09:30:02,$ 3185.00,3
1027,09:30:02,$ 3185.00,74
1028,09:30:02,$ 3185.00,16
1030,09:30:02,$ 3185.00,23
1031,09:30:02,$ 3185.00,10
1032,09:30:02,$ 3185.00,6
1033,09:30:02,$ 3185.00,600
1034,09:30:02,$ 3185.00,4
1035,09:30:02,$ 3185.00,17
1036,09:30:02,$ 3185.00,1
1037,09:30:02,$ 3185.00,236
1038,09:30:02,$ 3185.00,1
1039,09:30:02,$ 3185.00,3
1040,09:30:02,$ 3185.00,313
1041,09:30:02,$ 3185.00,1
1042,09:30:02,$ 3185.00,354
1043,09:30:02,$ 3185.00,1
1044,09:30:02,$ 3185.00,16
1045,09:30:02,$ 3185.00,1
1046,09:30:02,$ 3185.00,22
1047,09:30:02,$ 3185.00,1
1048,09:30:02,$ 3185.00,1
1049,09:30:02,$ 3185.00,2
1051,09:30:02,$ 3185.00,1
1052,09:30:02,$ 3185.00,11
1053,09:30:02,$ 3185.00,103
1054,09:30:02,$ 3185.00,2
1055,09:30:02,$ 3185.00,1
1056,09:30:02,$ 3185.00,1
1057,09:30:02,$ 3185.00,2
1058,09:30:02,$ 3185.00,2
1059,09:30:02,$ 3185.00,37
1060,09:30:02,$ 3185.00,7
1061,09:30:02,$ 3185.00,2
1062,09:30:02,$ 3185.00,10
1063,09:30:02,$ 3185.00,2
1064,09:30:02,$ 3185.00,9
1065,09:30:02,$ 3185.00,138
1066,09:30:02,$ 3185.00,1
1067,09:30:02,$ 3185.00,18
1068,09:30:02,$ 3185.00,1
1069,09:30:02,$ 3185.00,4
1070,09:30:02,$ 3185.00,8
1072,09:30:02,$ 3185.00,104
1073,09:30:02,$ 3185.00,6
1074,09:30:02,$ 3185.00,5
1075,09:30:02,$ 3185.00,1
1076,09:30:02,$ 3185.00,4
1077,09:30:02,$ 3185.00,1
1078,09:30:02,$ 3185.00,3
1079,09:30:02,$ 3185.00,4
1080,09:30:02,$ 3185.00,4
1081,09:30:02,$ 3185.00,4
1082,09:30:02,$ 3185.00,1
1083,09:30:02,$ 3185.00,3
1084,09:30:02,$ 3185.00,1
1085,09:30:02,$ 3185.00,1
1086,09:30:02,$ 3185.00,1
1087,09:30:02,$ 3185.00,4
1088,09:30:02,$ 3185.00,16
1089,09:30:02,$ 3185.00,15
1090,09:30:02,$ 3185.00,331
1091,09:30:02,$ 3185.00,10
1093,09:30:02,$ 3185.00,59
1094,09:30:02,$ 3185.00,1
1095,09:30:02,$ 3185.00,7
1096,09:30:02,$ 3185.00,3
1097,09:30:02,$ 3185.00,19
1098,09:30:02,$ 3185.00,3
1099,09:30:02,$ 3185.00,1
1100,09:30:02,$ 3185.00,70
1101,09:30:02,$ 3185.00,10
1102,09:30:02,$ 3185.00,5
1103,09:30:02,$ 3185.00,2
1104,09:30:02,$ 3185.00,2
1105,09:30:02,$ 3185.00,"2,000"
1106,09:30:02,$ 3185.00,2
1107,09:30:02,$ 3185.00,5
1108,09:30:02,$ 3185.00,1
1109,09:30:02,$ 3185.00,1
1110,09:30:02,$ 3185.00,1
1111,09:30:02,$ 3185.00,1
1112,09:30:02,$ 3185.00,4
1114,09:30:02,$ 3185.00,1
1115,09:30:02,$ 3185.00,194
1116,09:30:02,$ 3185.00,49
1117,09:30:02,$ 3185.00,5
1118,09:30:02,$ 3185.00,1
1119,09:30:02,$ 3185.00,11
1120,09:30:02,$ 3185.00,100
1121,09:30:02,$ 3185.00,49
1122,09:30:02,$ 3185.00,27
1123,09:30:02,$ 3185.00,2
1124,09:30:02,$ 3185.00,50
1125,09:30:02,$ 3185.00,10
1126,09:30:02,$ 3185.00,1
1127,09:30:02,$ 3185.00,4
1128,09:30:02,$ 3185.00,1
1129,09:30:02,$ 3185.00,2
1130,09:30:02,$ 3185.00,740
1131,09:30:02,$ 3185.00,13
1132,09:30:02,$ 3185.00,1
1133,09:30:02,$ 3185.00,2
1135,09:30:02,$ 3185.00,4
1136,09:30:02,$ 3185.00,1
1137,09:30:02,$ 3185.00,3
1138,09:30:02,$ 3185.00,3
1139,09:30:02,$ 3185.00,1
1140,09:30:02,$ 3185.00,2
1141,09:30:02,$ 3185.00,2
1142,09:30:02,$ 3185.00,5
1143,09:30:02,$ 3185.00,1
1144,09:30:02,$ 3185.00,3
1145,09:30:02,$ 3185.00,2
1146,09:30:02,$ 3185.00,3
1147,09:30:02,$ 3185.00,1
1148,09:30:02,$ 3185.00,1
1149,09:30:02,$ 3185.00,1
1150,09:30:02,$ 3185.00,2
1151,09:30:02,$ 3185.00,2
1152,09:30:02,$ 3185.00,3
1153,09:30:02,$ 3185.00,4
1154,09:30:02,$ 3185.00,4
1156,09:30:02,$ 3185.00,2
1157,09:30:02,$ 3185.00,1
1158,09:30:02,$ 3185.00,1
1159,09:30:02,$ 3185.00,15
1160,09:30:02,$ 3185.00,3
1161,09:30:02,$ 3185.00,4
1162,09:30:02,$ 3185.00,100
1163,09:30:02,$ 3185.00,1
1164,09:30:02,$ 3185.00,1
1165,09:30:02,$ 3185.00,1
1166,09:30:02,$ 3185.00,2
1167,09:30:02,$ 3185.00,1
1168,09:30:02,$ 3185.00,1
1169,09:30:02,$ 3185.00,6
1170,09:30:02,$ 3185.00,1
1171,09:30:02,$ 3185.00,1
1172,09:30:02,$ 3185.00,1
1173,09:30:02,$ 3185.00,2
1174,09:30:02,$ 3185.00,2
1175,09:30:02,$ 3185.00,1
1177,09:30:02,$ 3185.00,1
1178,09:30:02,$ 3185.00,4
1179,09:30:02,$ 3185.00,1
1180,09:30:02,$ 3185.00,3
1181,09:30:02,$ 3185.00,2
1182,09:30:02,$ 3185.00,10
1183,09:30:02,$ 3185.00,1
1184,09:30:02,$ 3185.00,8
1185,09:30:02,$ 3185.00,10
1186,09:30:02,$ 3185.00,8
1187,09:30:02,$ 3185.00,3
1188,09:30:02,$ 3185.00,5
1189,09:30:02,$ 3185.00,100
1190,09:30:02,$ 3185.00,3
1191,09:30:02,$ 3185.00,60
1192,09:30:02,$ 3185.00,8
1193,09:30:02,$ 3185.00,1
1194,09:30:02,$ 3185.00,3
1195,09:30:02,$ 3185.00,35
1196,09:30:02,$ 3185.00,2
1198,09:30:02,$ 3185.00,2
1199,09:30:02,$ 3185.00,5
1200,09:30:02,$ 3185.00,1
1201,09:30:02,$ 3185.00,8
1202,09:30:02,$ 3185.00,14
1203,09:30:02,$ 3185.00,20
1204,09:30:02,$ 3185.00,15
1205,09:30:02,$ 3185.00,2
1206,09:30:02,$ 3185.00,5
1207,09:30:02,$ 3185.00,3
1208,09:30:02,$ 3185.00,4
1209,09:30:02,$ 3185.00,10
1210,09:30:02,$ 3185.00,4
1211,09:30:02,$ 3185.00,5
1212,09:30:02,$ 3185.00,36
1213,09:30:02,$ 3185.00,1
1214,09:30:02,$ 3185.00,30
1215,09:30:02,$ 3185.00,9
1216,09:30:02,$ 3185.00,4
1217,09:30:02,$ 3185.00,3
1219,09:30:02,$ 3185.00,2
1220,09:30:02,$ 3185.00,2
1221,09:30:02,$ 3185.00,12
1222,09:30:02,$ 3185.00,2
1223,09:30:02,$ 3185.00,5
1224,09:30:02,$ 3185.00,4
1225,09:30:02,$ 3185.00,12
1226,09:30:02,$ 3185.00,1
1227,09:30:02,$ 3185.00,1
1228,09:30:02,$ 3185.00,1
1229,09:30:02,$ 3185.00,36
1230,09:30:02,$ 3185.00,60
1231,09:30:02,$ 3185.00,1
1232,09:30:02,$ 3185.00,1
1233,09:30:02,$ 3185.00,89
1234,09:30:02,$ 3185.00,1
1235,09:30:02,$ 3185.00,1
1236,09:30:02,$ 3185.00,1
1237,09:30:02,$ 3185.00,1
1238,09:30:02,$ 3185.00,1
1240,09:30:02,$ 3185.00,37
1241,09:30:02,$ 3185.00,3
1242,09:30:02,$ 3185.00,38
1243,09:30:02,$ 3185.00,32
1244,09:30:02,$ 3185.00,2
1245,09:30:02,$ 3185.00,4
1246,09:30:02,$ 3185.00,13
1247,09:30:02,$ 3185.00,11
1248,09:30:02,$ 3185.00,6
1249,09:30:02,$ 3185.00,1
1250,09:30:02,$ 3185.00,49
1251,09:30:02,$ 3185.00,10
1252,09:30:02,$ 3185.00,1
1253,09:30:02,$ 3185.00,3
1254,09:30:02,$ 3185.00,1
1255,09:30:02,$ 3185.00,7
1256,09:30:02,$ 3185.00,3
1257,09:30:02,$ 3185.00,4
1258,09:30:02,$ 3185.00,4
1259,09:30:02,$ 3185.00,4
1261,09:30:02,$ 3185.00,3
1262,09:30:02,$ 3185.00,2
1263,09:30:02,$ 3185.00,1
1264,09:30:02,$ 3185.00,4
1265,09:30:02,$ 3185.00,2
1266,09:30:02,$ 3185.00,1
1267,09:30:02,$ 3185.00,1
1268,09:30:02,$ 3185.00,16
1269,09:30:02,$ 3185.00,1
1270,09:30:02,$ 3185.00,5
1271,09:30:02,$ 3185.00,4
1272,09:30:02,$ 3185.00,1
1273,09:30:02,$ 3185.00,22
1274,09:30:02,$ 3185.00,2
1275,09:30:02,$ 3185.00,1
1276,09:30:02,$ 3185.00,1
1277,09:30:02,$ 3185.00,1
1278,09:30:02,$ 3185.00,1
1279,09:30:02,$ 3185.00,1
1280,09:30:02,$ 3185.00,1
1282,09:30:02,$ 3185.00,2
1283,09:30:02,$ 3185.00,1
1284,09:30:02,$ 3185.00,1
1285,09:30:02,$ 3185.00,1
1286,09:30:02,$ 3185.00,21
1287,09:30:02,$ 3185.00,1
1288,09:30:02,$ 3185.00,2
1289,09:30:02,$ 3185.00,2
1290,09:30:02,$ 3185.00,2
1291,09:30:02,$ 3185.00,2
1292,09:30:02,$ 3185.00,1
1293,09:30:02,$ 3185.00,3
1294,09:30:02,$ 3185.00,1
1295,09:30:02,$ 3185.00,10
1296,09:30:02,$ 3185.00,15
1297,09:30:02,$ 3185.00,93
1298,09:30:02,$ 3185.00,58
1299,09:30:02,$ 3185.00,5
1300,09:30:02,$ 3185.00,15
1301,09:30:02,$ 3185.00,1
1303,09:30:02,$ 3185.00,5
1304,09:30:02,$ 3185.00,3
1305,09:30:02,$ 3185.00,2
1306,09:30:02,$ 3185.00,37
1307,09:30:02,$ 3185.00,6
1308,09:30:02,$ 3185.00,2
1309,09:30:02,$ 3185.00,37
1310,09:30:02,$ 3185.00,3
1311,09:30:02,$ 3185.00,2
1312,09:30:02,$ 3185.00,1
1313,09:30:02,$ 3185.00,2
1314,09:30:02,$ 3185.00,1
1315,09:30:02,$ 3185.00,1
1316,09:30:02,$ 3185.00,2
1317,09:30:02,$ 3185.00,5
1318,09:30:02,$ 3185.00,1
1319,09:30:02,$ 3185.00,2
1320,09:30:02,$ 3185.00,2
1321,09:30:02,$ 3185.00,1
1322,09:30:02,$ 3185.00,2
1324,09:30:02,$ 3185.00,1
1325,09:30:02,$ 3185.00,1
1326,09:30:02,$ 3185.00,2
1327,09:30:02,$ 3185.00,1
1328,09:30:02,$ 3185.00,2
1329,09:30:02,$ 3185.00,1
1330,09:30:02,$ 3185.00,2
1331,09:30:02,$ 3185.00,1
1332,09:30:02,$ 3185.00,3
1333,09:30:02,$ 3185.00,3
1334,09:30:02,$ 3185.00,1
1335,09:30:02,$ 3185.00,3
1336,09:30:02,$ 3185.00,1
1337,09:30:02,$ 3185.00,3
1338,09:30:02,$ 3185.00,1
1339,09:30:02,$ 3185.00,2
1340,09:30:02,$ 3185.00,1
1341,09:30:02,$ 3185.00,1
1342,09:30:02,$ 3185.00,1
1343,09:30:02,$ 3185.00,1
1345,09:30:02,$ 3185.00,10
1346,09:30:02,$ 3185.00,1
1347,09:30:02,$ 3185.00,2
1348,09:30:02,$ 3185.00,2
1349,09:30:02,$ 3185.00,2
1350,09:30:02,$ 3185.00,2
1351,09:30:02,$ 3185.00,5
1352,09:30:02,$ 3185.00,5
1353,09:30:02,$ 3185.00,1
1354,09:30:02,$ 3185.00,3
1355,09:30:02,$ 3185.00,1
1356,09:30:02,$ 3185.00,2
1357,09:30:02,$ 3185.00,4
1358,09:30:02,$ 3185.00,1
1359,09:30:02,$ 3185.00,1
1360,09:30:02,$ 3185.00,2
1361,09:30:02,$ 3185.00,3
1362,09:30:02,$ 3185.00,4
1363,09:30:02,$ 3185.00,2
1364,09:30:02,$ 3185.00,1
1366,09:30:02,$ 3185.00,2
1367,09:30:02,$ 3185.00,7
1368,09:30:02,$ 3185.00,1
1369,09:30:02,$ 3185.00,1
1370,09:30:02,$ 3185.00,1
1371,09:30:02,$ 3185.00,2
1372,09:30:02,$ 3185.00,1
1373,09:30:02,$ 3185.00,1
1374,09:30:02,$ 3185.00,2
1375,09:30:02,$ 3185.00,7
1376,09:30:02,$ 3185.00,2
1377,09:30:02,$ 3185.00,11
1378,09:30:02,$ 3185.00,4
1379,09:30:02,$ 3185.00,1
1380,09:30:02,$ 3185.00,1
1381,09:30:02,$ 3185.00,6
1382,09:30:02,$ 3185.00,1
1383,09:30:02,$ 3185.00,8
1384,09:30:02,$ 3185.00,4
1385,09:30:02,$ 3185.00,5
1387,09:30:02,$ 3185.00,2
1388,09:30:02,$ 3185.00,3
1389,09:30:02,$ 3185.00,1
1390,09:30:02,$ 3185.00,200
1391,09:30:02,$ 3185.00,1
1392,09:30:02,$ 3185.00,2
1393,09:30:02,$ 3185.00,15
1394,09:30:02,$ 3185.00,23
1395,09:30:02,$ 3185.00,1
1396,09:30:02,$ 3185.00,2
1397,09:30:02,$ 3185.00,1
1398,09:30:02,$ 3185.00,1
1399,09:30:02,$ 3185.00,6
1400,09:30:02,$ 3185.00,1
1401,09:30:02,$ 3185.00,5
1402,09:30:02,$ 3185.00,1
1403,09:30:02,$ 3185.00,12
1404,09:30:02,$ 3185.00,78
1405,09:30:02,$ 3185.00,10
1406,09:30:02,$ 3185.00,1
1408,09:30:02,$ 3185.00,1
1409,09:30:02,$ 3185.00,1
1410,09:30:02,$ 3185.00,1
1411,09:30:02,$ 3185.00,2
1412,09:30:02,$ 3185.00,2
1413,09:30:02,$ 3185.00,5
1414,09:30:02,$ 3185.00,3
1415,09:30:02,$ 3185.00,1
1416,09:30:02,$ 3185.00,1
1417,09:30:02,$ 3185.00,19
1418,09:30:02,$ 3185.00,3
1419,09:30:02,$ 3185.00,6
1420,09:30:02,$ 3185.00,2
1421,09:30:02,$ 3185.00,14
1422,09:30:02,$ 3185.00,1
1423,09:30:02,$ 3185.00,3
1424,09:30:02,$ 3185.00,1
1425,09:30:02,$ 3185.00,1
1426,09:30:02,$ 3185.00,3
1427,09:30:02,$ 3185.00,5
1429,09:30:02,$ 3185.00,38
1430,09:30:02,$ 3185.00,3
1431,09:30:02,$ 3185.00,7
1432,09:30:02,$ 3185.00,279
1433,09:30:02,$ 3185.00,10
1434,09:30:02,$ 3185.00,4
1435,09:30:02,$ 3185.00,12
1436,09:30:02,$ 3185.00,20
1437,09:30:02,$ 3185.00,3
1438,09:30:02,$ 3185.00,5
1439,09:30:02,$ 3185.00,103
1440,09:30:02,$ 3185.00,4
1441,09:30:02,$ 3185.00,4
1442,09:30:02,$ 3185.00,3
1443,09:30:02,$ 3185.00,12
1444,09:30:02,$ 3185.00,11
1445,09:30:02,$ 3185.00,4
1446,09:30:02,$ 3185.00,6
1447,09:30:02,$ 3185.00,1
1448,09:30:02,$ 3185.00,5
1450,09:30:02,$ 3185.00,1
1451,09:30:02,$ 3185.00,8
1452,09:30:02,$ 3185.00,2
1453,09:30:02,$ 3185.00,2
1454,09:30:02,$ 3185.00,2
1455,09:30:02,$ 3185.00,1
1456,09:30:02,$ 3185.00,2
1457,09:30:02,$ 3185.00,1
1458,09:30:02,$ 3185.00,2
1459,09:30:02,$ 3185.00,2
1460,09:30:02,$ 3185.00,8
1461,09:30:02,$ 3185.00,6
1462,09:30:02,$ 3185.00,2
1463,09:30:02,$ 3185.00,1
1464,09:30:02,$ 3185.00,4
1465,09:30:02,$ 3185.00,83
1466,09:30:02,$ 3185.00,5
1467,09:30:02,$ 3185.00,90
1468,09:30:02,$ 3185.00,2
1469,09:30:02,$ 3185.00,2
1471,09:30:02,$ 3185.00,4
1472,09:30:02,$ 3185.00,68
1473,09:30:02,$ 3185.00,10
1474,09:30:02,$ 3185.00,5
1475,09:30:02,$ 3185.00,81
1476,09:30:02,$ 3185.00,32
1477,09:30:02,$ 3185.00,7
1478,09:30:02,$ 3185.00,2
1479,09:30:02,$ 3185.00,2
1480,09:30:02,$ 3185.00,2
1481,09:30:02,$ 3185.00,6
1482,09:30:02,$ 3185.00,4
1483,09:30:02,$ 3185.00,5
1484,09:30:02,$ 3185.00,22
1485,09:30:02,$ 3185.00,2
1486,09:30:02,$ 3185.00,3
1487,09:30:02,$ 3185.00,1
1488,09:30:02,$ 3185.00,66
1489,09:30:02,$ 3185.00,5
1490,09:30:02,$ 3185.00,1
1492,09:30:02,$ 3185.00,1
1493,09:30:02,$ 3185.00,3
1494,09:30:02,$ 3185.00,1
1495,09:30:02,$ 3185.00,7
1496,09:30:02,$ 3185.00,1
1497,09:30:02,$ 3185.00,2
1498,09:30:02,$ 3185.00,1
1499,09:30:02,$ 3185.00,4
1500,09:30:02,$ 3185.00,1
1501,09:30:02,$ 3185.00,1
1502,09:30:02,$ 3185.00,1
1503,09:30:02,$ 3185.00,5
1504,09:30:02,$ 3185.00,1
1505,09:30:02,$ 3185.00,1
1506,09:30:02,$ 3185.00,1
1507,09:30:02,$ 3185.00,3
1508,09:30:02,$ 3185.00,18
1509,09:30:02,$ 3185.00,1
1510,09:30:02,$ 3185.00,9
1511,09:30:02,$ 3185.00,1
1513,09:30:02,$ 3185.00,1
1514,09:30:02,$ 3185.00,1
1515,09:30:02,$ 3185.00,6
1516,09:30:02,$ 3185.00,1
1517,09:30:02,$ 3185.00,1
1518,09:30:02,$ 3185.00,3
1519,09:30:02,$ 3185.00,10
1520,09:30:02,$ 3185.00,1
1521,09:30:02,$ 3185.00,3
1522,09:30:02,$ 3185.00,16
1523,09:30:02,$ 3185.00,5
1524,09:30:02,$ 3185.00,4
1525,09:30:02,$ 3185.00,1
1526,09:30:02,$ 3185.00,1
1527,09:30:02,$ 3185.00,2
1528,09:30:02,$ 3185.00,2
1529,09:30:02,$ 3185.00,31
1530,09:30:02,$ 3185.00,1
1531,09:30:02,$ 3185.00,3
1532,09:30:02,$ 3185.00,2
1534,09:30:02,$ 3185.00,20
1535,09:30:02,$ 3185.00,6
1536,09:30:02,$ 3185.00,1
1537,09:30:02,$ 3185.00,8
1538,09:30:02,$ 3185.00,10
1539,09:30:02,$ 3185.00,3
1540,09:30:02,$ 3185.00,1
1541,09:30:02,$ 3185.00,1
1542,09:30:02,$ 3185.00,1
1543,09:30:02,$ 3185.00,2
1544,09:30:02,$ 3185.00,2
1545,09:30:02,$ 3185.00,10
1546,09:30:02,$ 3185.00,2
1547,09:30:02,$ 3185.00,3
1548,09:30:02,$ 3185.00,7
1549,09:30:02,$ 3185.00,10
1550,09:30:02,$ 3185.00,1
1551,09:30:02,$ 3185.00,1
1552,09:30:02,$ 3185.00,9
1553,09:30:02,$ 3185.00,2
1555,09:30:02,$ 3185.00,10
1556,09:30:02,$ 3185.00,1
1557,09:30:02,$ 3185.00,1
1558,09:30:02,$ 3185.00,15
1559,09:30:02,$ 3185.00,1
1560,09:30:02,$ 3185.00,1
1561,09:30:02,$ 3185.00,10
1562,09:30:02,$ 3185.00,4
1563,09:30:02,$ 3185.00,2
1564,09:30:02,$ 3185.00,4
1565,09:30:02,$ 3185.00,1
1566,09:30:02,$ 3185.00,2
1567,09:30:02,$ 3185.00,2
1568,09:30:02,$ 3185.00,3
1569,09:30:02,$ 3185.00,1
1570,09:30:02,$ 3185.00,2
1571,09:30:02,$ 3185.00,1
1572,09:30:02,$ 3185.00,51
1573,09:30:02,$ 3185.00,14
1574,09:30:02,$ 3185.00,2
1576,09:30:02,$ 3185.00,1
1577,09:30:02,$ 3185.00,6
1578,09:30:02,$ 3185.00,2
1579,09:30:02,$ 3185.00,4
1580,09:30:02,$ 3185.00,4
1581,09:30:02,$ 3185.00,1
1582,09:30:02,$ 3185.00,1
1583,09:30:02,$ 3185.00,1
1584,09:30:02,$ 3185.00,1
1585,09:30:02,$ 3185.00,12
1586,09:30:02,$ 3185.00,3
1587,09:30:02,$ 3185.00,1
1588,09:30:02,$ 3185.00,1
1589,09:30:02,$ 3185.00,8
1590,09:30:02,$ 3185.00,19
1591,09:30:02,$ 3185.00,25
1592,09:30:02,$ 3185.00,176
1593,09:30:02,$ 3185.00,1
1594,09:30:02,$ 3185.00,35
1595,09:30:02,$ 3185.00,45
1597,09:30:02,$ 3185.00,5
1598,09:30:02,$ 3185.00,75
1599,09:30:02,$ 3185.00,1
1600,09:30:02,$ 3185.00,40
1601,09:30:02,$ 3185.00,1
1602,09:30:02,$ 3185.00,17
1603,09:30:02,$ 3185.00,2
1604,09:30:02,$ 3185.00,4
1605,09:30:02,$ 3185.00,3
1606,09:30:02,$ 3185.00,1
1607,09:30:02,$ 3185.00,7
1608,09:30:02,$ 3185.00,1
1609,09:30:02,$ 3185.00,1
1610,09:30:02,$ 3185.00,1
1611,09:30:02,$ 3185.00,1
1612,09:30:02,$ 3185.00,5
1613,09:30:02,$ 3185.00,1
1614,09:30:02,$ 3185.00,1
1615,09:30:02,$ 3185.00,1
1616,09:30:02,$ 3185.00,3
1618,09:30:02,$ 3185.00,1
1619,09:30:02,$ 3185.00,3
1620,09:30:02,$ 3185.00,1
1621,09:30:02,$ 3185.00,15
1622,09:30:02,$ 3185.00,63
1623,09:30:02,$ 3185.00,12
1624,09:30:02,$ 3185.00,10
1625,09:30:02,$ 3185.00,24
1626,09:30:02,$ 3185.00,30
1627,09:30:02,$ 3185.00,45
1628,09:30:02,$ 3185.00,5
1629,09:30:02,$ 3185.00,1
1630,09:30:02,$ 3185.00,7
1631,09:30:02,$ 3185.00,5
1632,09:30:02,$ 3185.00,10
1633,09:30:02,$ 3185.00,3
1634,09:30:02,$ 3185.00,3
1635,09:30:02,$ 3185.00,2
1636,09:30:02,$ 3185.00,1
1637,09:30:02,$ 3185.00,1
1639,09:30:02,$ 3185.00,1
1640,09:30:02,$ 3185.00,1
1641,09:30:02,$ 3185.00,4
1642,09:30:02,$ 3185.00,1
1643,09:30:02,$ 3185.00,5
1644,09:30:02,$ 3185.00,20
1645,09:30:02,$ 3185.00,1
1646,09:30:02,$ 3185.00,1
1647,09:30:02,$ 3185.00,20
1648,09:30:02,$ 3185.00,5
1649,09:30:02,$ 3185.00,1
1650,09:30:02,$ 3185.00,1
1651,09:30:02,$ 3185.00,3
1652,09:30:02,$ 3185.00,1
1653,09:30:02,$ 3185.00,2
1654,09:30:02,$ 3185.00,2
1655,09:30:02,$ 3185.00,1
1656,09:30:02,$ 3185.00,3
1657,09:30:02,$ 3185.00,1
1658,09:30:02,$ 3185.00,2
1660,09:30:02,$ 3185.00,1
1661,09:30:02,$ 3185.00,4
1662,09:30:02,$ 3185.00,4
1663,09:30:02,$ 3185.00,2
1664,09:30:02,$ 3185.00,18
1665,09:30:02,$ 3185.00,3
1666,09:30:02,$ 3185.00,26
1667,09:30:02,$ 3185.00,1
1668,09:30:02,$ 3185.00,13
1669,09:30:02,$ 3185.00,2
1670,09:30:02,$ 3185.00,1
1671,09:30:02,$ 3185.00,5
1672,09:30:02,$ 3185.00,1
1673,09:30:02,$ 3185.00,4
1674,09:30:02,$ 3185.00,5
1675,09:30:02,$ 3185.00,1
1676,09:30:02,$ 3185.00,1
1677,09:30:02,$ 3185.00,4
1678,09:30:02,$ 3185.00,147
1679,09:30:02,$ 3185.00,2
1681,09:30:02,$ 3185.00,37
1682,09:30:02,$ 3185.00,1
1683,09:30:02,$ 3185.00,1
1684,09:30:02,$ 3185.00,1
1685,09:30:02,$ 3185.00,8
1686,09:30:02,$ 3185.00,2
1687,09:30:02,$ 3185.00,1
1688,09:30:02,$ 3185.00,1
1689,09:30:02,$ 3185.00,1
1690,09:30:02,$ 3185.00,1
1691,09:30:02,$ 3185.00,10
1692,09:30:02,$ 3185.00,1
1693,09:30:02,$ 3185.00,50
1694,09:30:02,$ 3185.00,2
1695,09:30:02,$ 3185.00,1
1696,09:30:02,$ 3185.00,3
1697,09:30:02,$ 3185.00,1
1698,09:30:02,$ 3185.00,1
1699,09:30:02,$ 3185.00,1
1700,09:30:02,$ 3185.00,2
1702,09:30:02,$ 3185.00,10
1703,09:30:02,$ 3185.00,1
1704,09:30:02,$ 3185.00,1
1705,09:30:02,$ 3185.00,1
1706,09:30:02,$ 3185.00,3
1707,09:30:02,$ 3185.00,1
1708,09:30:02,$ 3185.00,2
1709,09:30:02,$ 3185.00,5
1710,09:30:02,$ 3185.00,1
1711,09:30:02,$ 3185.00,5
1712,09:30:02,$ 3185.00,16
1713,09:30:02,$ 3185.00,5
1714,09:30:02,$ 3185.00,4
1715,09:30:02,$ 3185.00,1
1716,09:30:02,$ 3185.00,10
1717,09:30:02,$ 3185.00,1
1718,09:30:02,$ 3185.00,1
1719,09:30:02,$ 3185.00,2
1720,09:30:02,$ 3185.00,2
1721,09:30:02,$ 3185.00,1
1723,09:30:02,$ 3185.00,5
1724,09:30:02,$ 3185.00,1
1725,09:30:02,$ 3185.00,1
1726,09:30:02,$ 3185.00,3
1727,09:30:02,$ 3185.00,1
1728,09:30:02,$ 3185.00,17
1729,09:30:02,$ 3185.00,3
1730,09:30:02,$ 3185.00,1
1731,09:30:02,$ 3185.00,1
1732,09:30:02,$ 3185.00,1
1733,09:30:02,$ 3185.00,1
1734,09:30:02,$ 3185.00,5
1735,09:30:02,$ 3185.00,10
1736,09:30:02,$ 3185.00,43
1737,09:30:02,$ 3185.00,5
1738,09:30:02,$ 3185.00,1
1739,09:30:02,$ 3185.00,1
1740,09:30:02,$ 3185.00,1
1741,09:30:02,$ 3185.00,2
1742,09:30:02,$ 3185.00,2
1744,09:30:02,$ 3185.00,3
1745,09:30:02,$ 3185.00,3
1746,09:30:02,$ 3185.00,1
1747,09:30:02,$ 3185.00,2
1748,09:30:02,$ 3185.00,15
1749,09:30:02,$ 3185.00,1
1750,09:30:02,$ 3185.00,5
1751,09:30:02,$ 3185.00,1
1752,09:30:02,$ 3185.00,2
1753,09:30:02,$ 3185.00,1
1754,09:30:02,$ 3185.00,1
1755,09:30:02,$ 3185.00,1
1756,09:30:02,$ 3185.00,3
1757,09:30:02,$ 3185.00,7
1758,09:30:02,$ 3185.00,1
1759,09:30:02,$ 3185.00,1
1760,09:30:02,$ 3185.00,1
1761,09:30:02,$ 3185.00,1
1762,09:30:02,$ 3185.00,1
1763,09:30:02,$ 3185.00,1
1765,09:30:02,$ 3185.00,1
1766,09:30:02,$ 3185.00,3
1767,09:30:02,$ 3185.00,1
1768,09:30:02,$ 3185.00,1
1769,09:30:02,$ 3185.00,4
1770,09:30:02,$ 3185.00,25
1771,09:30:02,$ 3185.00,16
1772,09:30:02,$ 3185.00,2
1773,09:30:02,$ 3185.00,2
1774,09:30:02,$ 3185.00,20
1775,09:30:02,$ 3185.00,50
1776,09:30:02,$ 3185.00,10
1777,09:30:02,$ 3185.00,35
1778,09:30:02,$ 3185.00,4
1779,09:30:02,$ 3185.00,25
1780,09:30:02,$ 3185.00,4
1781,09:30:02,$ 3185.00,13
1782,09:30:02,$ 3185.00,2
1783,09:30:02,$ 3185.00,11
1784,09:30:02,$ 3185.00,46
1786,09:30:02,$ 3185.00,50
1787,09:30:02,$ 3185.00,12
1788,09:30:02,$ 3185.00,17
1789,09:30:02,$ 3185.00,6
1790,09:30:02,$ 3185.00,14
1791,09:30:02,$ 3185.00,10
1792,09:30:02,$ 3185.00,3
1793,09:30:02,$ 3185.00,1
1794,09:30:02,$ 3185.00,68
1795,09:30:02,$ 3185.00,8
1796,09:30:02,$ 3185.00,2
1797,09:30:02,$ 3185.00,6
1798,09:30:02,$ 3185.00,1
1799,09:30:02,$ 3185.00,5
1800,09:30:02,$ 3185.00,12
1801,09:30:02,$ 3185.00,1
1802,09:30:02,$ 3185.00,12
1803,09:30:02,$ 3185.00,3
1804,09:30:02,$ 3185.00,1
1805,09:30:02,$ 3185.00,1
1807,09:30:02,$ 3185.00,509
1808,09:30:02,$ 3185.00,2
1809,09:30:02,$ 3185.00,24
1810,09:30:02,$ 3185.00,2
1811,09:30:02,$ 3185.00,1
1812,09:30:02,$ 3185.00,5
1813,09:30:02,$ 3185.00,26
1814,09:30:02,$ 3185.00,1
1815,09:30:02,$ 3185.00,1
1816,09:30:02,$ 3185.00,1
1817,09:30:02,$ 3185.00,2
1818,09:30:02,$ 3185.00,8
1819,09:30:02,$ 3185.00,80
1820,09:30:02,$ 3185.00,6
1821,09:30:02,$ 3185.00,1
1822,09:30:02,$ 3185.00,12
1823,09:30:02,$ 3185.00,1
1824,09:30:02,$ 3185.00,50
1825,09:30:02,$ 3185.00,100
1826,09:30:02,$ 3185.00,25
1828,09:30:02,$ 3185.00,20
1829,09:30:02,$ 3185.00,10
1830,09:30:02,$ 3185.00,1
1831,09:30:02,$ 3185.00,5
1832,09:30:02,$ 3185.00,1
1833,09:30:02,$ 3185.00,3
1834,09:30:02,$ 3185.00,5
1835,09:30:02,$ 3185.00,6
1836,09:30:02,$ 3185.00,1
1837,09:30:02,$ 3185.00,1
1838,09:30:02,$ 3185.00,6
1839,09:30:02,$ 3185.00,1
1840,09:30:02,$ 3185.00,2
1841,09:30:02,$ 3185.00,2
1842,09:30:02,$ 3185.00,2
1843,09:30:02,$ 3185.00,10
1844,09:30:02,$ 3185.00,32
1845,09:30:02,$ 3185.00,3
1846,09:30:02,$ 3185.00,1
1847,09:30:02,$ 3185.00,23
1849,09:30:02,$ 3185.00,25
1850,09:30:02,$ 3185.00,1
1851,09:30:02,$ 3185.00,2
1852,09:30:02,$ 3185.00,4
1853,09:30:02,$ 3185.00,2
1854,09:30:02,$ 3185.00,10
1855,09:30:02,$ 3185.00,3
1856,09:30:02,$ 3185.00,2
1857,09:30:02,$ 3185.00,4
1858,09:30:02,$ 3185.00,22
1859,09:30:02,$ 3185.00,1
1860,09:30:02,$ 3185.00,1
1861,09:30:02,$ 3185.00,1
1862,09:30:02,$ 3185.00,4
1863,09:30:02,$ 3185.00,1
1864,09:30:02,$ 3185.00,109
1865,09:30:02,$ 3185.00,10
1866,09:30:02,$ 3185.00,2
1867,09:30:02,$ 3185.00,5
1868,09:30:02,$ 3185.00,4
1870,09:30:02,$ 3185.00,2
1871,09:30:02,$ 3185.00,3
1872,09:30:02,$ 3185.00,6
1873,09:30:02,$ 3185.00,3
1874,09:30:02,$ 3185.00,10
1875,09:30:02,$ 3185.00,1
1876,09:30:02,$ 3185.00,1
1877,09:30:02,$ 3185.00,3
1878,09:30:02,$ 3185.00,5
1879,09:30:02,$ 3185.00,2
1880,09:30:02,$ 3185.00,25
1881,09:30:02,$ 3185.00,1
1882,09:30:02,$ 3185.00,6
1883,09:30:02,$ 3185.00,3
1884,09:30:02,$ 3185.00,1
1885,09:30:02,$ 3185.00,25
1886,09:30:02,$ 3185.00,1
1887,09:30:02,$ 3185.00,31
1888,09:30:02,$ 3185.00,2
1889,09:30:02,$ 3185.00,1
1891,09:30:02,$ 3185.00,3
1892,09:30:02,$ 3185.00,3
1893,09:30:02,$ 3185.00,1
1894,09:30:02,$ 3185.00,2
1895,09:30:02,$ 3185.00,2
1896,09:30:02,$ 3185.00,10
1897,09:30:02,$ 3185.00,20
1898,09:30:02,$ 3185.00,3
1899,09:30:02,$ 3185.00,8
1900,09:30:02,$ 3185.00,15
1901,09:30:02,$ 3185.00,30
1902,09:30:02,$ 3185.00,5
1903,09:30:02,$ 3185.00,2
1904,09:30:02,$ 3185.00,3
1905,09:30:02,$ 3185.00,4
1906,09:30:02,$ 3185.00,1
1907,09:30:02,$ 3185.00,1
1908,09:30:02,$ 3185.00,7
1909,09:30:02,$ 3185.00,4
1910,09:30:02,$ 3185.00,7
1912,09:30:02,$ 3185.00,10
1913,09:30:02,$ 3185.00,5
1914,09:30:02,$ 3185.00,1
1915,09:30:02,$ 3185.00,1
1916,09:30:02,$ 3185.00,1
1917,09:30:02,$ 3185.00,1
1918,09:30:02,$ 3185.00,1
1919,09:30:02,$ 3185.00,1
1920,09:30:02,$ 3185.00,1
1921,09:30:02,$ 3185.00,23
1922,09:30:02,$ 3185.00,1
1923,09:30:02,$ 3185.00,1
1924,09:30:02,$ 3185.00,5
1925,09:30:02,$ 3185.00,1
1926,09:30:02,$ 3185.00,1
1927,09:30:02,$ 3185.00,9
1928,09:30:02,$ 3185.00,1
1929,09:30:02,$ 3185.00,6
1930,09:30:02,$ 3185.00,10
1931,09:30:02,$ 3185.00,15
1933,09:30:02,$ 3185.00,2
1934,09:30:02,$ 3185.00,15
1935,09:30:02,$ 3185.00,1
1936,09:30:02,$ 3185.00,1
1937,09:30:02,$ 3185.00,2
1938,09:30:02,$ 3185.00,1
1939,09:30:02,$ 3185.00,14
1940,09:30:02,$ 3185.00,1
1941,09:30:02,$ 3185.00,1
1942,09:30:02,$ 3185.00,1
1943,09:30:02,$ 3185.00,3
1944,09:30:02,$ 3185.00,4
1945,09:30:02,$ 3185.00,2
1946,09:30:02,$ 3185.00,2
1947,09:30:02,$ 3185.00,1
1948,09:30:02,$ 3185.00,1
1949,09:30:02,$ 3185.00,5
1950,09:30:02,$ 3185.00,1
1951,09:30:02,$ 3185.00,2
1952,09:30:02,$ 3185.00,1
1954,09:30:02,$ 3185.00,3
1955,09:30:02,$ 3185.00,3
1956,09:30:02,$ 3185.00,1
1957,09:30:02,$ 3185.00,9
1958,09:30:02,$ 3185.00,1
1959,09:30:02,$ 3185.00,5
1960,09:30:02,$ 3185.00,1
1961,09:30:02,$ 3185.00,10
1962,09:30:02,$ 3185.00,1
1963,09:30:02,$ 3185.00,3
1964,09:30:02,$ 3185.00,1
1965,09:30:02,$ 3185.00,1
1966,09:30:02,$ 3185.00,5
1967,09:30:02,$ 3185.00,1
1968,09:30:02,$ 3185.00,7
1969,09:30:02,$ 3185.00,3
1970,09:30:02,$ 3185.00,3
1971,09:30:02,$ 3185.00,1
1972,09:30:02,$ 3185.00,4
1973,09:30:02,$ 3185.00,16
1975,09:30:02,$ 3185.00,1
1976,09:30:02,$ 3185.00,2
1977,09:30:02,$ 3185.00,1
1978,09:30:02,$ 3185.00,20
1979,09:30:02,$ 3185.00,5
1980,09:30:02,$ 3185.00,10
1981,09:30:02,$ 3185.00,40
1982,09:30:02,$ 3185.00,2
1983,09:30:02,$ 3185.00,2
1984,09:30:02,$ 3185.00,1
1985,09:30:02,$ 3185.00,5
1986,09:30:02,$ 3185.00,1
1987,09:30:02,$ 3185.00,1
1988,09:30:02,$ 3185.00,1
1989,09:30:02,$ 3185.00,25
1990,09:30:02,$ 3185.00,1
1991,09:30:02,$ 3185.00,30
1992,09:30:02,$ 3185.00,5
1993,09:30:02,$ 3185.00,1
1994,09:30:02,$ 3185.00,8
1996,09:30:02,$ 3185.00,1
1997,09:30:02,$ 3185.00,80
1998,09:30:02,$ 3185.00,1
1999,09:30:02,$ 3185.00,68
2000,09:30:02,$ 3185.00,2
2001,09:30:02,$ 3185.00,16
2002,09:30:02,$ 3185.00,1
2003,09:30:02,$ 3185.00,5
2004,09:30:02,$ 3185.00,1
2005,09:30:02,$ 3185.00,5
2006,09:30:02,$ 3185.00,5
2007,09:30:02,$ 3185.00,1
2008,09:30:02,$ 3185.00,1
2009,09:30:02,$ 3185.00,1
2010,09:30:02,$ 3185.00,10
2011,09:30:02,$ 3185.00,1
2012,09:30:02,$ 3185.00,5
2013,09:30:02,$ 3185.00,10
2014,09:30:02,$ 3185.00,5
2015,09:30:02,$ 3185.00,1
2017,09:30:02,$ 3185.00,3
2018,09:30:02,$ 3185.00,4
2019,09:30:02,$ 3185.00,10
2020,09:30:02,$ 3185.00,10
2021,09:30:02,$ 3185.00,150
2022,09:30:02,$ 3185.00,1
2023,09:30:02,$ 3185.00,5
2024,09:30:02,$ 3185.00,10
2025,09:30:02,$ 3185.00,5
2026,09:30:02,$ 3185.00,30
2027,09:30:02,$ 3185.00,10
2028,09:30:02,$ 3185.00,7
2029,09:30:02,$ 3185.00,1
2030,09:30:02,$ 3185.00,3
2031,09:30:02,$ 3185.00,1
2032,09:30:02,$ 3185.00,1
2033,09:30:02,$ 3185.00,1
2034,09:30:02,$ 3185.00,1
2035,09:30:02,$ 3185.00,3
2036,09:30:02,$ 3185.00,1
2038,09:30:02,$ 3185.00,9
2039,09:30:02,$ 3185.00,1
2040,09:30:02,$ 3185.00,4
2041,09:30:02,$ 3185.00,10
2042,09:30:02,$ 3185.00,4
2043,09:30:02,$ 3185.00,1
2044,09:30:02,$ 3185.00,1
2045,09:30:02,$ 3185.00,10
2046,09:30:02,$ 3185.00,1
2047,09:30:02,$ 3185.00,20
2048,09:30:02,$ 3185.00,2
2049,09:30:02,$ 3185.00,1
2050,09:30:02,$ 3185.00,4
2051,09:30:02,$ 3185.00,5
2052,09:30:02,$ 3185.00,2
2053,09:30:02,$ 3185.00,200
2054,09:30:02,$ 3185.00,2
2055,09:30:02,$ 3185.00,2
2056,09:30:02,$ 3185.00,5
2057,09:30:02,$ 3185.00,4
2059,09:30:02,$ 3185.00,1
2060,09:30:02,$ 3185.00,1
2061,09:30:02,$ 3185.00,6
2062,09:30:02,$ 3185.00,1
2063,09:30:02,$ 3185.00,2
2064,09:30:02,$ 3185.00,2
2065,09:30:02,$ 3185.00,50
2066,09:30:02,$ 3185.00,2
2067,09:30:02,$ 3185.00,1
2068,09:30:02,$ 3185.00,8
2069,09:30:02,$ 3185.00,2
2070,09:30:02,$ 3185.00,1
2071,09:30:02,$ 3185.00,1
2072,09:30:02,$ 3185.00,1
2073,09:30:02,$ 3185.00,5
2074,09:30:02,$ 3185.00,1
2075,09:30:02,$ 3185.00,3
2076,09:30:02,$ 3185.00,6
2077,09:30:02,$ 3185.00,2
2078,09:30:02,$ 3185.00,1
2080,09:30:02,$ 3185.00,16
2081,09:30:02,$ 3185.00,1
2082,09:30:02,$ 3185.00,2
2083,09:30:02,$ 3185.00,1
2084,09:30:02,$ 3185.00,5
2085,09:30:02,$ 3185.00,3
2086,09:30:02,$ 3185.00,2
2087,09:30:02,$ 3185.00,11
2088,09:30:02,$ 3185.00,4
2089,09:30:02,$ 3185.00,10
2090,09:30:02,$ 3185.00,4
2091,09:30:02,$ 3185.00,10
2092,09:30:02,$ 3185.00,3
2093,09:30:02,$ 3185.00,1
2094,09:30:02,$ 3185.00,37
2095,09:30:02,$ 3185.00,2
2096,09:30:02,$ 3185.00,1
2097,09:30:02,$ 3185.00,1
2098,09:30:02,$ 3185.00,9
2099,09:30:02,$ 3185.00,3
2101,09:30:02,$ 3185.00,52
2102,09:30:02,$ 3185.00,313
2103,09:30:02,$ 3185.00,2
2104,09:30:02,$ 3185.00,25
2105,09:30:02,$ 3185.00,1
2106,09:30:02,$ 3185.00,1
2107,09:30:02,$ 3185.00,1
2108,09:30:02,$ 3185.00,1
2109,09:30:02,$ 3185.00,1
2110,09:30:02,$ 3185.00,2
2111,09:30:02,$ 3185.00,1
2112,09:30:02,$ 3185.00,10
2113,09:30:02,$ 3185.00,2
2114,09:30:02,$ 3185.00,1
2115,09:30:02,$ 3185.00,2
2116,09:30:02,$ 3185.00,4
2117,09:30:02,$ 3185.00,1
2118,09:30:02,$ 3185.00,1
2119,09:30:02,$ 3185.00,1
2120,09:30:02,$ 3185.00,2
2122,09:30:02,$ 3185.00,1
2123,09:30:02,$ 3185.00,3
2124,09:30:02,$ 3185.00,5
2125,09:30:02,$ 3185.00,10
2126,09:30:02,$ 3185.00,1
2127,09:30:02,$ 3185.00,1
2128,09:30:02,$ 3185.00,5
2129,09:30:02,$ 3185.00,2
2130,09:30:02,$ 3185.00,1
2131,09:30:02,$ 3185.00,1
2132,09:30:02,$ 3185.00,20
2133,09:30:02,$ 3185.00,20
2134,09:30:02,$ 3185.00,1
2135,09:30:02,$ 3185.00,5
2136,09:30:02,$ 3185.00,15
2137,09:30:02,$ 3185.00,2
2138,09:30:02,$ 3185.00,3
2139,09:30:02,$ 3185.00,1
2140,09:30:02,$ 3185.00,1
2141,09:30:02,$ 3185.00,1
2143,09:30:02,$ 3185.00,1
2144,09:30:02,$ 3185.00,1
2145,09:30:02,$ 3185.00,1
2146,09:30:02,$ 3185.00,13
2147,09:30:02,$ 3185.00,22
2148,09:30:02,$ 3185.00,1
2149,09:30:02,$ 3185.00,3
2150,09:30:02,$ 3185.00,3
2151,09:30:02,$ 3185.00,1
2152,09:30:02,$ 3185.00,8
2153,09:30:02,$ 3185.00,4
2154,09:30:02,$ 3185.00,10
2155,09:30:02,$ 3185.00,1
2156,09:30:02,$ 3185.00,3
2157,09:30:02,$ 3185.00,1
2158,09:30:02,$ 3185.00,2
2159,09:30:02,$ 3185.00,2
2160,09:30:02,$ 3185.00,5
2161,09:30:02,$ 3185.00,1
2162,09:30:02,$ 3185.00,6
2164,09:30:02,$ 3185.00,4
2165,09:30:02,$ 3185.00,1
2166,09:30:02,$ 3185.00,2
2167,09:30:02,$ 3185.00,8
2168,09:30:02,$ 3185.00,1
2169,09:30:02,$ 3185.00,5
2170,09:30:02,$ 3185.00,100
2171,09:30:02,$ 3185.00,9
2172,09:30:02,$ 3185.00,30
2173,09:30:02,$ 3185.00,10
2174,09:30:02,$ 3185.00,2
2175,09:30:02,$ 3185.00,2
2176,09:30:02,$ 3185.00,3
2177,09:30:02,$ 3185.00,8
2178,09:30:02,$ 3185.00,3
2179,09:30:02,$ 3185.00,5
2180,09:30:02,$ 3185.00,1
2181,09:30:02,$ 3185.00,2
2182,09:30:02,$ 3185.00,1
2183,09:30:02,$ 3185.00,1
2185,09:30:02,$ 3185.00,4
2186,09:30:02,$ 3185.00,1
2187,09:30:02,$ 3185.00,3
2188,09:30:02,$ 3185.00,1
2189,09:30:02,$ 3185.00,2
2190,09:30:02,$ 3185.00,1
2191,09:30:02,$ 3185.00,1
2192,09:30:02,$ 3185.00,1
2193,09:30:02,$ 3185.00,1
2194,09:30:02,$ 3185.00,1
2195,09:30:02,$ 3185.00,5
2196,09:30:02,$ 3185.00,3
2197,09:30:02,$ 3185.00,1
2198,09:30:02,$ 3185.00,5
2199,09:30:02,$ 3185.00,1
2200,09:30:02,$ 3185.00,10
2201,09:30:02,$ 3185.00,1
2202,09:30:02,$ 3185.00,5
2203,09:30:02,$ 3185.00,3
2204,09:30:02,$ 3185.00,3
2206,09:30:02,$ 3185.00,10
2207,09:30:02,$ 3185.00,2
2208,09:30:02,$ 3185.00,3
2209,09:30:02,$ 3185.00,9
2210,09:30:02,$ 3185.00,2
2211,09:30:02,$ 3185.00,1
2212,09:30:02,$ 3185.00,1
2213,09:30:02,$ 3185.00,1
2214,09:30:02,$ 3185.00,3
2215,09:30:02,$ 3185.00,1
2216,09:30:02,$ 3185.00,1
2217,09:30:02,$ 3185.00,2
2218,09:30:02,$ 3185.00,5
2219,09:30:02,$ 3185.00,1
2220,09:30:02,$ 3185.00,2
2221,09:30:02,$ 3185.00,10
2222,09:30:02,$ 3185.00,1
2223,09:30:02,$ 3185.00,1
2224,09:30:02,$ 3185.00,6
2225,09:30:02,$ 3185.00,50
2227,09:30:02,$ 3185.00,31
2228,09:30:02,$ 3185.00,1
2229,09:30:02,$ 3185.00,1
2230,09:30:02,$ 3185.00,7
2231,09:30:02,$ 3185.00,1
2232,09:30:02,$ 3185.00,3
2233,09:30:02,$ 3185.00,1
2234,09:30:02,$ 3185.00,3
2235,09:30:02,$ 3185.00,14
2236,09:30:02,$ 3185.00,5
2237,09:30:02,$ 3185.00,2
2238,09:30:02,$ 3185.00,1
2239,09:30:02,$ 3185.00,1
2240,09:30:02,$ 3185.00,2
2241,09:30:02,$ 3185.00,1
2242,09:30:02,$ 3185.00,1
2243,09:30:02,$ 3185.00,3
2244,09:30:02,$ 3185.00,1
2245,09:30:02,$ 3185.00,1
2246,09:30:02,$ 3185.00,100
2248,09:30:02,$ 3185.00,9
2249,09:30:02,$ 3185.00,9
2250,09:30:02,$ 3185.00,15
2251,09:30:02,$ 3185.00,2
2252,09:30:02,$ 3185.00,2
2253,09:30:02,$ 3185.00,3
2254,09:30:02,$ 3185.00,19
2255,09:30:02,$ 3185.00,10
2256,09:30:02,$ 3185.00,4
2257,09:30:02,$ 3185.00,100
2258,09:30:02,$ 3185.00,6
2259,09:30:02,$ 3185.00,2
2260,09:30:02,$ 3185.00,1
2261,09:30:02,$ 3185.00,2
2262,09:30:02,$ 3185.00,2
2263,09:30:02,$ 3185.00,25
2264,09:30:02,$ 3185.00,1
2265,09:30:02,$ 3185.00,24
2266,09:30:02,$ 3185.00,1
2267,09:30:02,$ 3185.00,2
2269,09:30:02,$ 3185.00,2
2270,09:30:02,$ 3185.00,1
2271,09:30:02,$ 3185.00,1
2272,09:30:02,$ 3185.00,2
2273,09:30:02,$ 3185.00,1
2274,09:30:02,$ 3185.00,3
2275,09:30:02,$ 3185.00,3
2276,09:30:02,$ 3185.00,1
2277,09:30:02,$ 3185.00,5
2278,09:30:02,$ 3185.00,1
2279,09:30:02,$ 3185.00,1
2280,09:30:02,$ 3185.00,29
2281,09:30:02,$ 3185.00,1
2282,09:30:02,$ 3185.00,3
2283,09:30:02,$ 3185.00,3
2284,09:30:02,$ 3185.00,1
2285,09:30:02,$ 3185.00,1
2286,09:30:02,$ 3185.00,27
2287,09:30:02,$ 3185.00,1
2288,09:30:02,$ 3185.00,3
2290,09:30:02,$ 3185.00,1
2291,09:30:02,$ 3185.00,6
2292,09:30:02,$ 3185.00,10
2293,09:30:02,$ 3185.00,1
2294,09:30:02,$ 3185.00,1
2295,09:30:02,$ 3185.00,1
2296,09:30:02,$ 3185.00,25
2297,09:30:02,$ 3185.00,1
2298,09:30:02,$ 3185.00,1
2299,09:30:02,$ 3185.00,1
2300,09:30:02,$ 3185.00,1
2301,09:30:02,$ 3185.00,40
2302,09:30:02,$ 3185.00,14
2303,09:30:02,$ 3185.00,1
2304,09:30:02,$ 3185.00,8
2305,09:30:02,$ 3185.00,2
2306,09:30:02,$ 3185.00,15
2307,09:30:02,$ 3185.00,9
2308,09:30:02,$ 3185.00,2
2309,09:30:02,$ 3185.00,2
2311,09:30:02,$ 3185.00,1
2312,09:30:02,$ 3185.00,2
2313,09:30:02,$ 3185.00,2
2314,09:30:02,$ 3185.00,1
2315,09:30:02,$ 3185.00,1
2316,09:30:02,$ 3185.00,2
2317,09:30:02,$ 3185.00,2
2318,09:30:02,$ 3185.00,5
2319,09:30:02,$ 3185.00,1
2320,09:30:02,$ 3185.00,8
2321,09:30:02,$ 3185.00,1
2322,09:30:02,$ 3185.00,6
2323,09:30:02,$ 3185.00,2
2324,09:30:02,$ 3185.00,8
2325,09:30:02,$ 3185.00,8
2326,09:30:02,$ 3185.00,2
2327,09:30:02,$ 3185.00,104
2328,09:30:02,$ 3185.00,214
2329,09:30:02,$ 3185.00,12
2330,09:30:02,$ 3185.00,15
2332,09:30:02,$ 3185.00,1
2333,09:30:02,$ 3185.00,15
2334,09:30:02,$ 3185.00,2
2335,09:30:02,$ 3185.00,5
2336,09:30:02,$ 3185.00,50
2337,09:30:02,$ 3185.00,5
2338,09:30:02,$ 3185.00,1
2339,09:30:02,$ 3185.00,7
2340,09:30:02,$ 3185.00,3
2341,09:30:02,$ 3185.00,2
2342,09:30:02,$ 3185.00,7
2343,09:30:02,$ 3185.00,5
2344,09:30:02,$ 3185.00,1
2345,09:30:02,$ 3185.00,1
2346,09:30:02,$ 3185.00,4
2347,09:30:02,$ 3185.00,5
2348,09:30:02,$ 3185.00,5
2349,09:30:02,$ 3185.00,2
2350,09:30:02,$ 3185.00,6
2351,09:30:02,$ 3185.00,18
2353,09:30:02,$ 3185.00,1
2354,09:30:02,$ 3185.00,300
2355,09:30:02,$ 3185.00,"2,400"
2356,09:30:02,$ 3185.00,164
2357,09:30:02,$ 3185.00,190
2358,09:30:02,$ 3185.00,6
2359,09:30:02,$ 3185.00,2
2360,09:30:02,$ 3185.00,1
2361,09:30:02,$ 3185.00,3
2362,09:30:02,$ 3185.00,3
2363,09:30:02,$ 3185.00,200
2364,09:30:02,$ 3185.00,50
2365,09:30:02,$ 3185.00,4
2366,09:30:02,$ 3185.00,165
2367,09:30:02,$ 3185.00,125
2368,09:30:02,$ 3185.00,1
2369,09:30:02,$ 3185.00,15
2370,09:30:02,$ 3185.00,100
2371,09:30:02,$ 3185.00,1
2372,09:30:02,$ 3185.00,11
2374,09:30:02,$ 3185.00,30
2375,09:30:02,$ 3185.00,1
2376,09:30:02,$ 3185.00,10
2377,09:30:02,$ 3185.00,4
2378,09:30:02,$ 3185.00,27
2379,09:30:02,$ 3185.00,"2,000"
2380,09:30:02,$ 3185.00,9
2381,09:30:02,$ 3185.00,191
2382,09:30:02,$ 3185.00,4
2383,09:30:02,$ 3185.00,1
2384,09:30:02,$ 3185.00,15
2385,09:30:02,$ 3185.00,4
2386,09:30:02,$ 3185.00,18
2387,09:30:02,$ 3185.00,1
2388,09:30:02,$ 3185.00,1
2389,09:30:02,$ 3185.00,1
2390,09:30:02,$ 3185.00,1
2391,09:30:02,$ 3185.00,32
2392,09:30:02,$ 3185.00,1
2393,09:30:02,$ 3185.00,133
2395,09:30:02,$ 3185.00,5
2396,09:30:02,$ 3185.00,2
2397,09:30:02,$ 3185.00,1
2398,09:30:02,$ 3185.00,15
2399,09:30:02,$ 3185.00,2
2400,09:30:02,$ 3185.00,1
2401,09:30:02,$ 3185.00,37
2402,09:30:02,$ 3185.00,2
2403,09:30:02,$ 3185.00,14
2404,09:30:02,$ 3185.00,4
2405,09:30:02,$ 3185.00,2
2406,09:30:02,$ 3185.00,4
2407,09:30:02,$ 3185.00,1
2408,09:30:02,$ 3185.00,10
2409,09:30:02,$ 3185.00,1
2410,09:30:02,$ 3185.00,1
2411,09:30:02,$ 3185.00,3
2412,09:30:02,$ 3185.00,1
2413,09:30:02,$ 3185.00,3
2414,09:30:02,$ 3185.00,2
2416,09:30:02,$ 3185.00,4
2417,09:30:02,$ 3185.00,1
2418,09:30:02,$ 3185.00,1
2419,09:30:02,$ 3185.00,1
2420,09:30:02,$ 3185.00,6
2421,09:30:02,$ 3185.00,1
2422,09:30:02,$ 3185.00,2
2423,09:30:02,$ 3185.00,17
2424,09:30:02,$ 3185.00,3
2425,09:30:02,$ 3185.00,1
2426,09:30:02,$ 3185.00,10
2427,09:30:02,$ 3185.00,1
2428,09:30:02,$ 3185.00,1
2429,09:30:02,$ 3185.00,2
2430,09:30:02,$ 3185.00,3
2431,09:30:02,$ 3185.00,10
2432,09:30:02,$ 3185.00,1
2433,09:30:02,$ 3185.00,20
2434,09:30:02,$ 3185.00,100
2435,09:30:02,$ 3185.00,2
2437,09:30:02,$ 3185.00,5
2438,09:30:02,$ 3185.00,20
2439,09:30:02,$ 3185.00,1
2440,09:30:02,$ 3185.00,1
2441,09:30:02,$ 3185.00,4
2442,09:30:02,$ 3185.00,6
2443,09:30:02,$ 3185.00,5
2444,09:30:02,$ 3185.00,1
2445,09:30:02,$ 3185.00,1
2446,09:30:02,$ 3185.00,1
2447,09:30:02,$ 3185.00,2
2448,09:30:02,$ 3185.00,7
2449,09:30:02,$ 3185.00,1
2450,09:30:02,$ 3185.00,2
2451,09:30:02,$ 3185.00,1
2452,09:30:02,$ 3185.00,1
2453,09:30:02,$ 3185.00,1
2454,09:30:02,$ 3185.00,1
2455,09:30:02,$ 3185.00,1
2456,09:30:02,$ 3185.00,1
2458,09:30:02,$ 3185.00,1
2459,09:30:02,$ 3185.00,1
2460,09:30:02,$ 3185.00,10
2461,09:30:02,$ 3185.00,4
2462,09:30:02,$ 3185.00,1
2463,09:30:02,$ 3185.00,160
2464,09:30:02,$ 3185.00,9
2465,09:30:02,$ 3185.00,1
2466,09:30:02,$ 3185.00,2
2467,09:30:02,$ 3185.00,4
2468,09:30:02,$ 3185.00,2
2469,09:30:02,$ 3185.00,4
2470,09:30:02,$ 3185.00,1
2471,09:30:02,$ 3185.00,1
2472,09:30:02,$ 3185.00,1
2473,09:30:02,$ 3185.00,3
2474,09:30:02,$ 3185.00,3
2475,09:30:02,$ 3185.00,1
2476,09:30:02,$ 3185.00,2
2477,09:30:02,$ 3185.00,1
2479,09:30:02,$ 3185.00,1
2480,09:30:02,$ 3185.00,2
2481,09:30:02,$ 3185.00,1
2482,09:30:02,$ 3185.00,1
2483,09:30:02,$ 3185.00,5
2484,09:30:02,$ 3185.00,1
2485,09:30:02,$ 3185.00,2
2486,09:30:02,$ 3185.00,1
2487,09:30:02,$ 3185.00,1
2488,09:30:02,$ 3185.00,1
2489,09:30:02,$ 3185.00,1
2490,09:30:02,$ 3185.00,1
2491,09:30:02,$ 3185.00,10
2492,09:30:02,$ 3185.00,10
2493,09:30:02,$ 3185.00,1
2494,09:30:02,$ 3185.00,1
2495,09:30:02,$ 3185.00,3
2496,09:30:02,$ 3185.00,8
2497,09:30:02,$ 3185.00,3
2498,09:30:02,$ 3185.00,4
2500,09:30:02,$ 3185.00,10
2501,09:30:02,$ 3185.00,25
2502,09:30:02,$ 3185.00,20
2503,09:30:02,$ 3185.00,18
2504,09:30:02,$ 3185.00,10
2505,09:30:02,$ 3185.00,15
2506,09:30:02,$ 3185.00,4
2507,09:30:02,$ 3185.00,1
2508,09:30:02,$ 3185.00,1
2509,09:30:02,$ 3185.00,6
2510,09:30:02,$ 3185.00,5
2511,09:30:02,$ 3185.00,1
2512,09:30:02,$ 3185.00,1
2513,09:30:02,$ 3185.00,1
2514,09:30:02,$ 3185.00,2
2515,09:30:02,$ 3185.00,1
2516,09:30:02,$ 3185.00,1
2517,09:30:02,$ 3185.00,1
2518,09:30:02,$ 3185.00,"1,000"
2519,09:30:02,$ 3185.00,20
2521,09:30:02,$ 3185.00,2
2522,09:30:02,$ 3185.00,10
2523,09:30:02,$ 3185.00,15
2524,09:30:02,$ 3185.00,3
2525,09:30:02,$ 3185.00,3
2526,09:30:02,$ 3185.00,3
2527,09:30:02,$ 3185.00,1
2528,09:30:02,$ 3185.00,1
2529,09:30:02,$ 3185.00,1
2530,09:30:02,$ 3185.00,1
2531,09:30:02,$ 3185.00,3
2532,09:30:02,$ 3185.00,10
2533,09:30:02,$ 3185.00,20
2534,09:30:02,$ 3185.00,1
2535,09:30:02,$ 3185.00,97
2536,09:30:02,$ 3185.00,1
2537,09:30:02,$ 3185.00,20
2538,09:30:02,$ 3185.00,1
2539,09:30:02,$ 3185.00,1
2540,09:30:02,$ 3185.00,1
2542,09:30:02,$ 3185.00,3
2543,09:30:02,$ 3185.00,3
2544,09:30:02,$ 3185.00,92
2545,09:30:02,$ 3185.00,15
2546,09:30:02,$ 3185.00,46
2547,09:30:02,$ 3185.00,6
2548,09:30:02,$ 3185.00,7
2549,09:30:02,$ 3185.00,1
2550,09:30:02,$ 3185.00,4
2551,09:30:02,$ 3185.00,4
2552,09:30:02,$ 3185.00,2
2553,09:30:02,$ 3185.00,1
2554,09:30:02,$ 3185.00,1
2555,09:30:02,$ 3185.00,1
2556,09:30:02,$ 3185.00,5
2557,09:30:02,$ 3185.00,10
2558,09:30:02,$ 3185.00,10
2559,09:30:02,$ 3185.00,3
2560,09:30:02,$ 3185.00,2
2561,09:30:02,$ 3185.00,3
2563,09:30:02,$ 3185.00,5
2564,09:30:02,$ 3185.00,1
2565,09:30:02,$ 3185.00,1
2566,09:30:02,$ 3185.00,1
2567,09:30:02,$ 3185.00,1
2568,09:30:02,$ 3185.00,1
2569,09:30:02,$ 3185.00,1
2570,09:30:02,$ 3185.00,1
2571,09:30:02,$ 3185.00,1
2572,09:30:02,$ 3185.00,2
2573,09:30:02,$ 3185.00,1
2574,09:30:02,$ 3185.00,1
2575,09:30:02,$ 3185.00,10
2576,09:30:02,$ 3185.00,1
2577,09:30:02,$ 3185.00,1
2578,09:30:02,$ 3185.00,3
2579,09:30:02,$ 3185.00,454
2580,09:30:02,$ 3185.00,12
2581,09:30:02,$ 3185.00,5
2582,09:30:02,$ 3185.00,2
2584,09:30:02,$ 3185.00,1
2585,09:30:02,$ 3185.00,4
2586,09:30:02,$ 3185.00,2
2587,09:30:02,$ 3185.00,1
2588,09:30:02,$ 3185.00,1
2589,09:30:02,$ 3185.00,1
2590,09:30:02,$ 3185.00,1
2591,09:30:02,$ 3185.00,1
2592,09:30:02,$ 3185.00,3
2593,09:30:02,$ 3185.00,3
2594,09:30:02,$ 3185.00,2
2595,09:30:02,$ 3185.00,1
2596,09:30:02,$ 3185.00,1
2597,09:30:02,$ 3185.00,1
2598,09:30:02,$ 3185.00,3
2599,09:30:02,$ 3185.00,2
2600,09:30:02,$ 3185.00,3
2601,09:30:02,$ 3185.00,1
2602,09:30:02,$ 3185.00,8
2603,09:30:02,$ 3185.00,9
2605,09:30:02,$ 3185.00,3
2606,09:30:02,$ 3185.00,7
2607,09:30:02,$ 3185.00,5
2608,09:30:02,$ 3185.00,5
2609,09:30:02,$ 3185.00,7
2610,09:30:02,$ 3185.00,5
2611,09:30:02,$ 3185.00,61
2612,09:30:02,$ 3185.00,4
2613,09:30:02,$ 3185.00,5
2614,09:30:02,$ 3185.00,123
2615,09:30:02,$ 3185.00,77
2616,09:30:02,$ 3185.00,5
2617,09:30:02,$ 3185.00,3
2618,09:30:02,$ 3185.00,3
2619,09:30:02,$ 3185.00,2
2620,09:30:02,$ 3185.00,3
2621,09:30:02,$ 3185.00,33
2622,09:30:02,$ 3185.00,4
2623,09:30:02,$ 3185.00,1
2624,09:30:02,$ 3185.00,59
2626,09:30:02,$ 3185.00,15
2627,09:30:02,$ 3185.00,73
2628,09:30:02,$ 3185.00,1
2629,09:30:02,$ 3185.00,1
2630,09:30:02,$ 3185.00,40
2631,09:30:02,$ 3185.00,1
2632,09:30:02,$ 3185.00,44
2633,09:30:02,$ 3185.00,2
2634,09:30:02,$ 3185.00,25
2635,09:30:02,$ 3185.00,8
2636,09:30:02,$ 3185.00,146
2637,09:30:02,$ 3185.00,2
2638,09:30:02,$ 3185.00,2
2639,09:30:02,$ 3185.00,147
2640,09:30:02,$ 3185.00,2
2641,09:30:02,$ 3185.00,8
2642,09:30:02,$ 3185.00,9
2643,09:30:02,$ 3185.00,50
2644,09:30:02,$ 3185.00,24
2645,09:30:02,$ 3185.00,1
2647,09:30:02,$ 3185.00,11
2648,09:30:02,$ 3185.00,1
2649,09:30:02,$ 3185.00,70
2650,09:30:02,$ 3185.00,2
2651,09:30:02,$ 3185.00,66
2652,09:30:02,$ 3185.00,10
2653,09:30:02,$ 3185.00,2
2654,09:30:02,$ 3185.00,5
2655,09:30:02,$ 3185.00,1
2656,09:30:02,$ 3185.00,2
2657,09:30:02,$ 3185.00,1
2658,09:30:02,$ 3185.00,300
2659,09:30:02,$ 3185.00,3
2660,09:30:02,$ 3185.00,40
2661,09:30:02,$ 3185.00,10
2662,09:30:02,$ 3185.00,4
2663,09:30:02,$ 3185.00,5
2664,09:30:02,$ 3185.00,2
2665,09:30:02,$ 3185.00,35
2666,09:30:02,$ 3185.00,1
2668,09:30:02,$ 3185.00,8
2669,09:30:02,$ 3185.00,1
2670,09:30:02,$ 3185.00,7
2671,09:30:02,$ 3185.00,500
2672,09:30:02,$ 3185.00,8
2673,09:30:02,$ 3185.00,2
2674,09:30:02,$ 3185.00,2
2675,09:30:02,$ 3185.00,100
2676,09:30:02,$ 3185.00,50
2677,09:30:02,$ 3185.00,40
2678,09:30:02,$ 3185.00,1
2679,09:30:02,$ 3185.00,33
2680,09:30:02,$ 3185.00,2
2681,09:30:02,$ 3185.00,1
2682,09:30:02,$ 3185.00,1
2683,09:30:02,$ 3185.00,61
2684,09:30:02,$ 3185.00,2
2685,09:30:02,$ 3185.00,62
2686,09:30:02,$ 3185.00,2
2687,09:30:02,$ 3185.00,1
2689,09:30:02,$ 3185.00,93
2690,09:30:02,$ 3185.00,7
2691,09:30:02,$ 3185.00,50
2692,09:30:02,$ 3185.00,10
2693,09:30:02,$ 3185.00,7
2694,09:30:02,$ 3185.00,1
2695,09:30:02,$ 3185.00,7
2696,09:30:02,$ 3185.00,5
2697,09:30:02,$ 3185.00,6
2698,09:30:02,$ 3185.00,3
2699,09:30:02,$ 3185.00,1
2700,09:30:02,$ 3185.00,1
2701,09:30:02,$ 3185.00,1
2702,09:30:02,$ 3185.00,1
2703,09:30:02,$ 3185.00,100
2704,09:30:02,$ 3185.00,1
2705,09:30:02,$ 3185.00,132
2706,09:30:02,$ 3185.00,1
2707,09:30:02,$ 3185.00,19
2708,09:30:02,$ 3185.00,132
2710,09:30:02,$ 3185.00,132
2711,09:30:02,$ 3185.00,10
2712,09:30:02,$ 3185.00,200
2713,09:30:02,$ 3185.00,133
2714,09:30:02,$ 3185.00,1
2715,09:30:02,$ 3185.00,1
2716,09:30:02,$ 3185.00,10
2717,09:30:02,$ 3185.00,431
2718,09:30:02,$ 3185.00,50
2719,09:30:02,$ 3185.00,203
2720,09:30:02,$ 3185.00,133
2721,09:30:02,$ 3185.00,1
2722,09:30:02,$ 3185.00,2
2723,09:30:02,$ 3185.00,132
2724,09:30:02,$ 3185.00,105
2725,09:30:02,$ 3185.00,5
2726,09:30:02,$ 3185.00,100
2727,09:30:02,$ 3185.00,25
2728,09:30:02,$ 3185.00,1
2729,09:30:02,$ 3185.00,1
2731,09:30:02,$ 3185.00,3
2732,09:30:02,$ 3185.00,1
2733,09:30:02,$ 3185.00,2
2734,09:30:02,$ 3185.00,2
2735,09:30:02,$ 3185.00,2
2736,09:30:02,$ 3185.00,25
2737,09:30:02,$ 3185.00,1
2738,09:30:02,$ 3185.00,2
2739,09:30:02,$ 3185.00,4
2740,09:30:02,$ 3185.00,1
2741,09:30:02,$ 3185.00,1
2742,09:30:02,$ 3185.00,100
2743,09:30:02,$ 3185.00,2
2744,09:30:02,$ 3185.00,66
2745,09:30:02,$ 3185.00,10
2746,09:30:02,$ 3185.00,66
2747,09:30:02,$ 3185.00,100
2748,09:30:02,$ 3185.00,3
2749,09:30:02,$ 3185.00,5
2750,09:30:02,$ 3185.00,4
2752,09:30:02,$ 3185.00,20
2753,09:30:02,$ 3185.00,1
2754,09:30:02,$ 3185.00,1
2755,09:30:02,$ 3185.00,4
2756,09:30:02,$ 3185.00,10
2757,09:30:02,$ 3185.00,1
2758,09:30:02,$ 3185.00,1
2759,09:30:02,$ 3185.00,1
2760,09:30:02,$ 3185.00,1
2761,09:30:02,$ 3185.00,100
2762,09:30:02,$ 3185.00,1
2763,09:30:02,$ 3185.00,66
2764,09:30:02,$ 3185.00,200
2765,09:30:02,$ 3185.00,1
2766,09:30:02,$ 3185.00,1
2767,09:30:02,$ 3185.00,5
2768,09:30:02,$ 3185.00,16
2769,09:30:02,$ 3185.00,6
2770,09:30:02,$ 3185.00,1
2771,09:30:02,$ 3185.00,5
2773,09:30:02,$ 3185.00,1
2774,09:30:02,$ 3185.00,1
2775,09:30:02,$ 3185.00,4
2776,09:30:02,$ 3185.00,2
2777,09:30:02,$ 3185.00,1
2778,09:30:02,$ 3185.00,10
2779,09:30:02,$ 3185.00,2
2780,09:30:02,$ 3185.00,60
2781,09:30:02,$ 3185.00,187
2782,09:30:02,$ 3185.00,2
2783,09:30:02,$ 3185.00,74
2784,09:30:02,$ 3185.00,3
2785,09:30:02,$ 3185.00,10
2786,09:30:02,$ 3185.00,1
2787,09:30:02,$ 3185.00,3
2788,09:30:02,$ 3185.00,132
2789,09:30:02,$ 3185.00,1
2790,09:30:02,$ 3185.00,1
2791,09:30:02,$ 3185.00,1
2792,09:30:02,$ 3185.00,2
2794,09:30:02,$ 3185.00,1
2795,09:30:02,$ 3185.00,1
2796,09:30:02,$ 3185.00,1
2797,09:30:02,$ 3185.00,1
2798,09:30:02,$ 3185.00,15
2799,09:30:02,$ 3185.00,3
2800,09:30:02,$ 3185.00,2
2801,09:30:02,$ 3185.00,1
2802,09:30:02,$ 3185.00,1
2803,09:30:02,$ 3185.00,1
2804,09:30:02,$ 3185.00,9
2805,09:30:02,$ 3185.00,31
2806,09:30:02,$ 3185.00,1
2807,09:30:02,$ 3185.00,66
2808,09:30:02,$ 3185.00,1
2809,09:30:02,$ 3185.00,1
2810,09:30:02,$ 3185.00,66
2811,09:30:02,$ 3185.00,100
2812,09:30:02,$ 3185.00,66
2813,09:30:02,$ 3185.00,67
2815,09:30:02,$ 3185.00,66
2816,09:30:02,$ 3185.00,1
2817,09:30:02,$ 3185.00,119
2818,09:30:02,$ 3185.00,1
2819,09:30:02,$ 3185.00,3
2820,09:30:02,$ 3185.00,77
2821,09:30:02,$ 3185.00,1
2822,09:30:02,$ 3185.00,4
2823,09:30:02,$ 3185.00,1
2824,09:30:02,$ 3185.00,1
2825,09:30:02,$ 3185.00,25
2826,09:30:02,$ 3185.00,1
2827,09:30:02,$ 3185.00,7
2828,09:30:02,$ 3185.00,1
2829,09:30:02,$ 3185.00,1
2830,09:30:02,$ 3185.00,20
2831,09:30:02,$ 3185.00,1
2832,09:30:02,$ 3185.00,1
2833,09:30:02,$ 3185.00,4
2834,09:30:02,$ 3185.00,132
2836,09:30:02,$ 3185.00,200
2837,09:30:02,$ 3185.00,100
2838,09:30:02,$ 3185.00,133
2839,09:30:02,$ 3185.00,1
2840,09:30:02,$ 3185.00,3
2841,09:30:02,$ 3185.00,132
2842,09:30:02,$ 3185.00,8
2843,09:30:02,$ 3185.00,1
2844,09:30:02,$ 3185.00,10
2845,09:30:02,$ 3185.00,132
2846,09:30:02,$ 3185.00,1
2847,09:30:02,$ 3185.00,2
2848,09:30:02,$ 3185.00,600
2849,09:30:02,$ 3185.00,1
2850,09:30:02,$ 3185.00,132
2851,09:30:02,$ 3185.00,132
2852,09:30:02,$ 3185.00,5
2853,09:30:02,$ 3185.00,1
2854,09:30:02,$ 3185.00,1
2855,09:30:02,$ 3185.00,3
2857,09:30:02,$ 3185.00,133
2858,09:30:02,$ 3185.00,1
2859,09:30:02,$ 3185.00,225
2860,09:30:02,$ 3185.00,1
2861,09:30:02,$ 3185.00,3
2862,09:30:02,$ 3185.00,1
2863,09:30:02,$ 3185.00,4
2864,09:30:02,$ 3185.00,5
2865,09:30:02,$ 3185.00,15
2866,09:30:02,$ 3185.00,1
2867,09:30:02,$ 3185.00,2
2868,09:30:02,$ 3185.00,10
2869,09:30:02,$ 3185.00,250
2870,09:30:02,$ 3185.00,2
2871,09:30:02,$ 3185.00,5
2872,09:30:02,$ 3185.00,2
2873,09:30:02,$ 3185.00,1
2874,09:30:02,$ 3185.00,5
2875,09:30:02,$ 3185.00,1
2876,09:30:02,$ 3185.00,5
2878,09:30:02,$ 3185.00,2
2879,09:30:02,$ 3185.00,1
2880,09:30:02,$ 3185.00,66
2881,09:30:02,$ 3185.00,66
2882,09:30:02,$ 3185.00,100
2883,09:30:02,$ 3185.00,2
2884,09:30:02,$ 3185.00,1
2885,09:30:02,$ 3185.00,1
2886,09:30:02,$ 3185.00,2
2887,09:30:02,$ 3185.00,5
2888,09:30:02,$ 3185.00,3
2889,09:30:02,$ 3185.00,15
2890,09:30:02,$ 3185.00,1
2891,09:30:02,$ 3185.00,11
2892,09:30:02,$ 3185.00,1
2893,09:30:02,$ 3185.00,1
2894,09:30:02,$ 3185.00,5
2895,09:30:02,$ 3186.01,100
2896,09:30:02,$ 3185.00,100
2897,09:30:02,$ 3181.00,112
2899,10:29:57,$ 3185.1854,500
2900,10:29:38,$ 3185.62,100
2901,10:29:38,$ 3185.00,101
2902,10:29:20,$ 3189.07,200
2903,10:29:17,$ 3188.63,100
2904,10:29:12,$ 3190.4703,450
2905,10:29:12,$ 3192.641,100
2906,10:29:00,$ 3189.785,298
2907,10:28:59,$ 3190.00,100
2908,10:28:59,$ 3190.00,100
2909,10:28:59,$ 3190.00,100
2910,10:28:50,$ 3191.00,100
2911,10:28:48,$ 3194.10,159
2912,10:28:35,$ 3192.67,100
2913,10:28:35,$ 3192.4168,200
2914,10:28:34,$ 3192.65,100
2915,10:28:34,$ 3191.48,100
2916,10:28:31,$ 3190.71,100
2917,10:28:04,$ 3188.82,100
2918,10:28:03,$ 3187.8761,500
2920,10:27:56,$ 3188.2161,151
2921,10:27:50,$ 3191.43,100
2922,10:27:49,$ 3191.2367,100
2923,10:27:41,$ 3189.615,100
2924,10:27:34,$ 3190.04,100
2925,10:27:30,$ 3188.64,100
2926,10:27:30,$ 3191.155,100
2927,10:27:30,$ 3191.045,100
2928,10:27:30,$ 3191.095,100
2929,10:27:24,$ 3189.08,100
2930,10:27:22,$ 3187.96,100
2931,10:27:21,$ 3185.9145,100
2932,10:27:19,$ 3186.77,100
2933,10:27:19,$ 3185.60,100
2934,10:26:53,$ 3185.0141,562
2935,10:26:40,$ 3186.64,100
2936,10:26:37,$ 3187.84,100
2937,10:26:35,$ 3187.22,200
2938,10:26:35,$ 3187.22,100
2939,10:26:35,$ 3187.22,190
2941,10:26:28,$ 3188.00,100
2942,10:26:28,$ 3187.245,100
2943,10:26:28,$ 3187.435,100
2944,10:26:28,$ 3187.41,200
2945,10:26:20,$ 3187.71,100
2946,10:26:07,$ 3186.32,100
2947,10:26:07,$ 3186.31,100
2948,10:26:03,$ 3185.00,100
2949,10:26:03,$ 3185.805,200
2950,10:26:02,$ 3185.00,100
2951,10:25:50,$ 3188.00,100
2952,10:25:44,$ 3184.925,100
2953,10:25:32,$ 3186.78,100
2954,10:25:26,$ 3183.45,100
2955,10:25:19,$ 3184.40,800
2956,10:25:14,$ 3185.00,108
2957,10:25:06,$ 3184.02,250
2958,10:25:03,$ 3185.00,229
2959,10:25:03,$ 3185.00,100
2960,10:25:03,$ 3185.00,135
2962,10:25:01,$ 3186.44,100
2963,10:25:00,$ 3186.62,200
2964,10:24:55,$ 3187.385,100
2965,10:24:53,$ 3187.335,100
2966,10:24:53,$ 3185.9716,500
2967,10:24:52,$ 3185.85,100
2968,10:24:50,$ 3186.16,100
2969,10:24:42,$ 3186.655,100
2970,10:24:41,$ 3185.92,100
2971,10:24:41,$ 3185.365,100
2972,10:24:36,$ 3184.26,200
2973,10:24:34,$ 3184.60,200
2974,10:24:30,$ 3184.665,100
2975,10:24:25,$ 3187.14,200
2976,10:24:25,$ 3186.3159,300
2977,10:24:07,$ 3186.10,100
2978,10:24:06,$ 3186.51,100
2979,10:24:05,$ 3186.1462,200
2980,10:23:59,$ 3188.10,100
2981,10:23:56,$ 3188.00,500
2983,10:23:48,$ 3186.56,100
2984,10:23:23,$ 3188.265,100
2985,10:23:23,$ 3188.91,100
2986,10:23:21,$ 3188.275,100
2987,10:23:14,$ 3188.59,100
2988,10:23:14,$ 3188.60,100
2989,10:23:14,$ 3188.60,100
2990,10:23:12,$ 3189.345,400
2991,10:23:10,$ 3188.895,100
2992,10:23:10,$ 3189.20,200
2993,10:23:09,$ 3188.74,100
2994,10:23:08,$ 3189.01,100
2995,10:23:08,$ 3189.00,200
2996,10:23:08,$ 3190.05,100
2997,10:23:06,$ 3190.025,100
2998,10:23:00,$ 3189.86,100
2999,10:22:45,$ 3188.30,100
3000,10:22:40,$ 3190.00,100
3001,10:22:29,$ 3191.0684,100
3002,10:22:26,$ 3191.25,100
3004,10:22:17,$ 3190.49,100
3005,10:22:14,$ 3191.69,100
3006,10:22:13,$ 3191.53,100
3007,10:22:03,$ 3192.00,100
3008,10:22:00,$ 3192.06,100
3009,10:22:00,$ 3192.06,100
3010,10:21:56,$ 3191.75,100
3011,10:21:55,$ 3192.59,100
3012,10:21:55,$ 3193.70,500
3013,10:21:40,$ 3192.00,100
3014,10:21:40,$ 3192.00,100
3015,10:21:30,$ 3188.952,100
3016,10:21:30,$ 3188.975,100
3017,10:21:30,$ 3188.86,100
3018,10:21:20,$ 3190.2799,300
3019,10:21:14,$ 3190.00,100
3020,10:21:14,$ 3190.00,100
3021,10:21:14,$ 3190.00,100
3022,10:21:11,$ 3189.70,162
3023,10:21:03,$ 3192.00,100
3025,10:21:03,$ 3192.00,298
3026,10:21:02,$ 3192.00,100
3027,10:21:02,$ 3192.00,100
3028,10:21:02,$ 3192.00,100
3029,10:21:02,$ 3192.00,145
3030,10:20:59,$ 3190.00,100
3031,10:20:54,$ 3188.34,100
3032,10:20:52,$ 3188.40,119
3033,10:20:51,$ 3187.695,100
3034,10:20:51,$ 3187.73,100
3035,10:20:44,$ 3187.01,100
3036,10:20:42,$ 3186.01,100
3037,10:20:38,$ 3184.52,100
3038,10:20:29,$ 3186.13,100
3039,10:20:25,$ 3184.84,100
3040,10:20:25,$ 3185.49,100
3041,10:20:25,$ 3185.21,100
3042,10:20:25,$ 3186.11,117
3043,10:20:20,$ 3183.5839,100
3044,10:20:17,$ 3186.0053,124
3046,10:20:15,$ 3185.50,100
3047,10:20:14,$ 3184.58,100
3048,10:20:13,$ 3183.77,340
3049,10:19:54,$ 3184.5112,500
3050,10:19:53,$ 3183.60,100
3051,10:19:51,$ 3183.765,200
3052,10:19:51,$ 3184.085,200
3053,10:19:51,$ 3184.085,200
3054,10:19:50,$ 3184.08,175
3055,10:19:44,$ 3183.4342,100
3056,10:19:37,$ 3181.05,100
3057,10:19:31,$ 3183.90,100
3058,10:19:28,$ 3183.985,200
3059,10:19:28,$ 3184.64,100
3060,10:19:28,$ 3184.00,470
3061,10:19:28,$ 3183.20,200
3062,10:19:27,$ 3182.19,100
3063,10:19:27,$ 3182.195,100
3064,10:19:27,$ 3183.37,100
3065,10:19:27,$ 3182.40,100
3067,10:19:21,$ 3182.19,100
3068,10:19:20,$ 3182.465,100
3069,10:19:16,$ 3182.03,146
3070,10:19:16,$ 3183.50,274
3071,10:19:16,$ 3182.1209,"1,000"
3072,10:19:14,$ 3182.04,100
3073,10:19:14,$ 3182.04,100
3074,10:19:14,$ 3182.04,100
3075,10:19:03,$ 3183.08,100
3076,10:19:03,$ 3183.365,100
3077,10:19:00,$ 3182.96,100
3078,10:18:58,$ 3181.2277,100
3079,10:18:49,$ 3183.00,100
3080,10:18:49,$ 3182.98,100
3081,10:18:48,$ 3182.225,300
3082,10:18:48,$ 3182.225,100
3083,10:18:48,$ 3182.71,100
3084,10:18:46,$ 3182.1502,"1,000"
3085,10:18:42,$ 3181.78,100
3086,10:18:38,$ 3181.47,500
3088,10:18:36,$ 3179.65,200
3089,10:18:28,$ 3181.245,200
3090,10:18:26,$ 3180.50,100
3091,10:18:23,$ 3182.5095,250
3092,10:18:22,$ 3181.82,100
3093,10:18:14,$ 3178.99,100
3094,10:18:11,$ 3178.01,100
3095,10:17:56,$ 3178.96,300
3096,10:17:47,$ 3179.9892,250
3097,10:17:33,$ 3181.11,100
3098,10:17:24,$ 3181.8673,250
3099,10:17:08,$ 3178.8947,250
3100,10:17:06,$ 3180.66,100
3101,10:17:06,$ 3180.68,100
3102,10:17:02,$ 3182.2714,100
3103,10:17:01,$ 3179.98,120
3104,10:16:54,$ 3179.9899,100
3105,10:16:44,$ 3178.40,100
3106,10:16:43,$ 3176.58,100
3107,10:16:39,$ 3177.41,100
3109,10:16:33,$ 3178.58,100
3110,10:16:31,$ 3177.50,150
3111,10:16:31,$ 3177.53,100
3112,10:16:30,$ 3178.245,200
3113,10:15:55,$ 3180.6199,100
3114,10:15:50,$ 3180.00,100
3115,10:15:36,$ 3182.00,100
3116,10:15:15,$ 3182.6306,350
3117,10:15:13,$ 3183.18,600
3118,10:14:56,$ 3183.68,153
3119,10:14:17,$ 3185.04,100
3120,10:14:17,$ 3185.01,100
3121,10:14:17,$ 3185.38,100
3122,10:14:09,$ 3186.33,200
3123,10:14:09,$ 3186.46,100
3124,10:14:03,$ 3187.848,100
3125,10:14:03,$ 3187.17,100
3126,10:14:03,$ 3187.33,100
3127,10:14:00,$ 3185.91,100
3128,10:13:55,$ 3183.56,100
3130,10:13:48,$ 3183.79,100
3131,10:13:48,$ 3183.79,100
3132,10:13:46,$ 3184.92,100
3133,10:13:42,$ 3184.9275,400
3134,10:13:35,$ 3183.2701,100
3135,10:13:33,$ 3184.40,100
3136,10:13:33,$ 3183.975,278
3137,10:13:30,$ 3184.035,100
3138,10:13:21,$ 3182.92,100
3139,10:13:21,$ 3182.92,100
3140,10:13:21,$ 3182.92,100
3141,10:13:10,$ 3183.50,100
3142,10:13:08,$ 3182.40,100
3143,10:13:07,$ 3182.00,100
3144,10:13:05,$ 3181.17,300
3145,10:13:04,$ 3180.34,100
3146,10:13:02,$ 3180.67,100
3147,10:13:02,$ 3180.67,100
3148,10:12:43,$ 3182.71,100
3149,10:12:28,$ 3183.63,100
3151,10:12:28,$ 3183.63,100
3152,10:12:28,$ 3183.61,200
3153,10:12:20,$ 3181.4312,234
3154,10:12:20,$ 3181.4312,204
3155,10:12:18,$ 3182.60,100
3156,10:12:12,$ 3180.543,100
3157,10:12:11,$ 3181.54,100
3158,10:12:05,$ 3181.59,100
3159,10:12:00,$ 3182.01,100
3160,10:11:59,$ 3182.01,100
3161,10:11:56,$ 3183.59,100
3162,10:11:55,$ 3183.95,100
3163,10:11:54,$ 3183.31,100
3164,10:11:53,$ 3183.08,100
3165,10:11:52,$ 3183.30,123
3166,10:11:50,$ 3183.38,213
3167,10:11:49,$ 3183.18,100
3168,10:11:49,$ 3183.18,100
3169,10:11:49,$ 3183.18,100
3170,10:11:38,$ 3185.40,100
3172,10:11:35,$ 3186.65,119
3173,10:11:34,$ 3185.79,100
3174,10:11:31,$ 3185.25,100
3175,10:11:30,$ 3184.78,100
3176,10:11:30,$ 3184.60,100
3177,10:11:29,$ 3183.583,100
3178,10:11:29,$ 3184.555,100
3179,10:11:29,$ 3184.555,100
3180,10:11:29,$ 3185.06,100
3181,10:11:28,$ 3183.80,100
3182,10:11:28,$ 3183.82,116
3183,10:11:22,$ 3182.50,100
3184,10:11:22,$ 3184.00,100
3185,10:11:22,$ 3183.97,100
3186,10:11:21,$ 3183.19,100
3187,10:11:21,$ 3183.31,100
3188,10:11:21,$ 3183.03,100
3189,10:11:18,$ 3183.31,100
3190,10:11:18,$ 3183.51,100
3191,10:11:18,$ 3183.51,100
3193,10:11:17,$ 3184.83,101
3194,10:11:17,$ 3184.98,100
3195,10:11:14,$ 3183.39,500
3196,10:11:11,$ 3186.74,100
3197,10:11:10,$ 3187.85,100
3198,10:11:10,$ 3187.72,100
3199,10:11:10,$ 3187.53,100
3200,10:11:01,$ 3188.01,100
3201,10:10:52,$ 3190.85,119
3202,10:10:47,$ 3189.994,215
3203,10:10:44,$ 3189.76,100
3204,10:10:40,$ 3189.3829,200
3205,10:10:28,$ 3188.19,100
3206,10:10:20,$ 3186.98,100
3207,10:10:06,$ 3188.96,100
3208,10:09:57,$ 3190.52,100
3209,10:09:57,$ 3190.19,100
3210,10:09:57,$ 3190.19,100
3211,10:09:57,$ 3189.00,100
3212,10:09:57,$ 3189.115,100
3214,10:09:56,$ 3189.3888,200
3215,10:09:52,$ 3189.59,100
3216,10:09:37,$ 3187.1201,100
3217,10:09:27,$ 3186.9458,500
3218,10:09:23,$ 3187.76,100
3219,10:09:14,$ 3190.00,135
3220,10:09:01,$ 3188.75,235
3221,10:09:01,$ 3188.765,100
3222,10:09:00,$ 3187.64,100
3223,10:09:00,$ 3187.90,100
3224,10:09:00,$ 3188.03,100
3225,10:09:00,$ 3187.65,100
3226,10:09:00,$ 3188.08,200
3227,10:09:00,$ 3187.6201,200
3228,10:09:00,$ 3189.39,100
3229,10:09:00,$ 3189.78,300
3230,10:09:00,$ 3189.375,100
3231,10:09:00,$ 3189.3727,100
3232,10:09:00,$ 3189.39,100
3233,10:08:58,$ 3190.00,100
3235,10:08:57,$ 3188.97,100
3236,10:08:57,$ 3188.86,293
3237,10:08:56,$ 3187.97,100
3238,10:08:55,$ 3186.1701,100
3239,10:08:44,$ 3186.99,100
3240,10:08:43,$ 3186.21,100
3241,10:08:42,$ 3186.58,100
3242,10:08:16,$ 3188.53,100
3243,10:08:03,$ 3186.69,100
3244,10:07:58,$ 3186.05,100
3245,10:07:58,$ 3186.00,100
3246,10:07:54,$ 3187.1478,250
3247,10:07:52,$ 3187.39,100
3248,10:07:52,$ 3189.96,100
3249,10:07:48,$ 3188.25,183
3250,10:07:47,$ 3189.18,100
3251,10:07:47,$ 3189.18,100
3252,10:07:25,$ 3188.98,100
3253,10:07:18,$ 3190.47,100
3254,10:07:18,$ 3189.74,100
3256,10:07:13,$ 3190.45,100
3257,10:07:12,$ 3188.2291,100
3258,10:06:56,$ 3189.18,100
3259,10:06:56,$ 3188.49,500
3260,10:06:56,$ 3188.495,200
3261,10:06:55,$ 3189.50,100
3262,10:06:54,$ 3189.39,100
3263,10:06:53,$ 3188.13,100
3264,10:06:53,$ 3187.71,100
3265,10:06:40,$ 3186.55,100
3266,10:06:40,$ 3185.79,119
3267,10:06:40,$ 3185.79,100
3268,10:06:37,$ 3185.52,100
3269,10:06:37,$ 3185.79,100
3270,10:06:37,$ 3185.53,100
3271,10:06:37,$ 3186.16,100
3272,10:06:37,$ 3186.29,100
3273,10:06:37,$ 3186.49,100
3274,10:06:37,$ 3186.17,100
3275,10:06:37,$ 3186.165,100
3277,10:06:37,$ 3186.21,100
3278,10:06:37,$ 3186.21,100
3279,10:06:37,$ 3186.165,100
3280,10:06:37,$ 3186.29,100
3281,10:06:37,$ 3186.49,100
3282,10:06:37,$ 3186.41,100
3283,10:06:37,$ 3186.21,100
3284,10:06:34,$ 3187.46,100
3285,10:06:34,$ 3187.619,500
3286,10:06:16,$ 3186.73,100
3287,10:06:12,$ 3185.65,100
3288,10:06:11,$ 3182.8367,"1,000"
3289,10:06:11,$ 3184.37,100
3290,10:06:10,$ 3185.01,100
3291,10:06:10,$ 3185.66,100
3292,10:06:10,$ 3185.01,100
3293,10:06:10,$ 3185.28,100
3294,10:06:09,$ 3185.39,100
3295,10:05:53,$ 3186.1899,500
3296,10:05:52,$ 3185.81,100
3298,10:05:50,$ 3186.64,100
3299,10:05:47,$ 3187.555,100
3300,10:05:47,$ 3186.97,100
3301,10:05:45,$ 3188.09,100
3302,10:05:45,$ 3188.09,100
3303,10:05:45,$ 3188.45,100
3304,10:05:45,$ 3188.59,100
3305,10:05:45,$ 3188.99,100
3306,10:05:43,$ 3189.295,100
3307,10:05:43,$ 3188.60,100
3308,10:05:43,$ 3188.61,100
3309,10:05:43,$ 3188.60,108
3310,10:05:38,$ 3189.98,100
3311,10:05:38,$ 3188.8165,100
3312,10:05:38,$ 3189.295,100
3313,10:05:38,$ 3189.295,300
3314,10:05:33,$ 3187.6492,100
3315,10:05:32,$ 3188.405,100
3316,10:05:32,$ 3187.00,209
3317,10:05:32,$ 3187.00,116
3319,10:05:32,$ 3187.00,100
3320,10:05:28,$ 3185.165,100
3321,10:05:24,$ 3185.51,100
3322,10:05:24,$ 3185.00,100
3323,10:05:21,$ 3183.1761,120
3324,10:05:19,$ 3184.47,100
3325,10:05:19,$ 3183.3709,100
3326,10:05:18,$ 3182.493,100
3327,10:05:05,$ 3183.07,100
3328,10:05:04,$ 3184.00,100
3329,10:05:04,$ 3184.07,100
3330,10:05:04,$ 3185.00,100
3331,10:04:50,$ 3184.98,100
3332,10:04:41,$ 3183.30,100
3333,10:04:38,$ 3183.65,100
3334,10:04:38,$ 3183.01,100
3335,10:04:38,$ 3184.99,100
3336,10:04:38,$ 3183.00,100
3337,10:04:20,$ 3184.42,100
3338,10:04:20,$ 3183.535,"1,000"
3340,10:04:15,$ 3184.9899,500
3341,10:04:14,$ 3182.89,100
3342,10:04:09,$ 3183.00,100
3343,10:03:53,$ 3180.65,250
3344,10:03:49,$ 3181.62,100
3345,10:03:45,$ 3180.00,100
3346,10:03:45,$ 3180.00,100
3347,10:03:43,$ 3180.00,100
3348,10:03:38,$ 3179.01,100
3349,10:03:37,$ 3180.00,100
3350,10:03:37,$ 3180.00,100
3351,10:03:35,$ 3179.8532,100
3352,10:03:34,$ 3179.8725,100
3353,10:03:34,$ 3180.00,100
3354,10:03:34,$ 3179.50,116
3355,10:03:34,$ 3180.00,100
3356,10:03:29,$ 3180.00,100
3357,10:03:16,$ 3180.35,100
3358,10:03:08,$ 3181.5499,100
3359,10:03:06,$ 3179.495,100
3361,10:03:06,$ 3180.15,100
3362,10:03:06,$ 3180.14,100
3363,10:03:05,$ 3178.861,100
3364,10:02:55,$ 3178.94,300
3365,10:02:53,$ 3181.3191,200
3366,10:02:53,$ 3180.00,100
3367,10:02:50,$ 3180.5699,100
3368,10:02:50,$ 3179.54,100
3369,10:02:49,$ 3179.9243,150
3370,10:02:49,$ 3179.715,100
3371,10:02:49,$ 3179.67,100
3372,10:02:47,$ 3179.67,100
3373,10:02:47,$ 3179.66,100
3374,10:02:45,$ 3180.7001,500
3375,10:02:38,$ 3180.44,100
3376,10:02:30,$ 3177.2528,200
3377,10:02:29,$ 3177.00,100
3378,10:02:27,$ 3178.67,100
3379,10:02:27,$ 3178.005,100
3380,10:02:25,$ 3178.01,100
3382,10:02:25,$ 3178.00,100
3383,10:02:25,$ 3180.00,100
3384,10:02:25,$ 3180.00,100
3385,10:02:24,$ 3179.00,100
3386,10:02:22,$ 3181.00,100
3387,10:02:22,$ 3181.00,276
3388,10:02:22,$ 3181.00,583
3389,10:02:21,$ 3181.84,100
3390,10:02:12,$ 3183.33,100
3391,10:02:11,$ 3183.31,100
3392,10:02:10,$ 3183.29,100
3393,10:02:10,$ 3183.32,100
3394,10:02:10,$ 3183.31,100
3395,10:02:08,$ 3184.39,100
3396,10:02:07,$ 3184.39,100
3397,10:02:07,$ 3185.49,800
3398,10:02:07,$ 3183.31,100
3399,10:01:52,$ 3185.49,100
3400,10:01:51,$ 3186.4989,300
3401,10:01:48,$ 3185.435,100
3403,10:01:31,$ 3185.11,100
3404,10:01:22,$ 3183.4407,500
3405,10:01:19,$ 3182.00,100
3406,10:01:13,$ 3182.1206,790
3407,10:01:11,$ 3183.56,140
3408,10:01:02,$ 3185.16,100
3409,10:00:41,$ 3186.59,100
3410,10:00:38,$ 3187.1852,108
3411,10:00:34,$ 3187.095,100
3412,10:00:33,$ 3188.56,100
3413,10:00:32,$ 3188.7193,100
3414,10:00:30,$ 3187.2716,500
3415,10:00:23,$ 3188.31,100
3416,10:00:16,$ 3188.83,100
3417,10:00:14,$ 3189.24,100
3418,10:00:14,$ 3189.10,100
3419,10:00:10,$ 3189.73,171
3420,10:00:07,$ 3189.395,100
3421,10:00:05,$ 3189.14,100
3422,10:00:01,$ 3191.00,139
3424,10:00:01,$ 3191.02,100
3426,10:59:59,$ 3163.425,100
3427,10:59:56,$ 3162.4967,200
3428,10:59:52,$ 3162.8705,174
3429,10:59:50,$ 3162.14,100
3430,10:59:48,$ 3160.82,100
3431,10:59:45,$ 3161.9795,125
3432,10:59:42,$ 3161.3901,"1,000"
3433,10:59:40,$ 3162.70,100
3434,10:59:40,$ 3162.67,100
3435,10:59:40,$ 3162.81,161
3436,10:59:39,$ 3162.62,100
3437,10:59:39,$ 3162.91,100
3438,10:59:39,$ 3162.60,100
3439,10:59:39,$ 3162.00,100
3440,10:59:37,$ 3160.67,100
3441,10:59:32,$ 3159.357,250
3442,10:59:27,$ 3160.53,100
3443,10:59:20,$ 3159.215,100
3444,10:59:20,$ 3160.2268,125
3445,10:59:20,$ 3159.215,100
3447,10:59:19,$ 3160.54,100
3448,10:59:17,$ 3160.53,100
3449,10:59:15,$ 3159.165,100
3450,10:59:14,$ 3159.83,100
3451,10:59:12,$ 3160.1299,"1,000"
3452,10:59:07,$ 3158.63,100
3453,10:59:07,$ 3158.63,100
3454,10:59:07,$ 3158.63,100
3455,10:59:07,$ 3158.63,100
3456,10:59:07,$ 3158.63,100
3457,10:59:01,$ 3158.14,100
3458,10:58:54,$ 3159.00,100
3459,10:58:54,$ 3159.45,100
3460,10:58:50,$ 3158.056,125
3461,10:58:46,$ 3158.36,275
3462,10:58:34,$ 3160.848,190
3463,10:58:15,$ 3162.355,250
3464,10:58:12,$ 3161.67,100
3465,10:58:11,$ 3160.24,100
3466,10:58:08,$ 3160.63,100
3468,10:58:04,$ 3159.55,170
3469,10:58:03,$ 3159.60,100
3470,10:58:03,$ 3159.87,100
3471,10:58:02,$ 3159.8654,200
3472,10:58:01,$ 3162.40,100
3473,10:58:01,$ 3162.59,100
3474,10:58:01,$ 3162.61,100
3475,10:58:01,$ 3162.61,100
3476,10:58:01,$ 3162.63,132
3477,10:58:01,$ 3162.63,100
3478,10:58:01,$ 3162.58,100
3479,10:57:59,$ 3162.29,100
3480,10:57:59,$ 3162.19,100
3481,10:57:59,$ 3162.24,100
3482,10:57:56,$ 3161.72,100
3483,10:57:55,$ 3161.41,100
3484,10:57:55,$ 3161.405,100
3485,10:57:55,$ 3161.87,100
3486,10:57:55,$ 3161.39,100
3487,10:57:55,$ 3160.99,100
3489,10:57:50,$ 3159.76,100
3490,10:57:50,$ 3160.15,100
3491,10:57:48,$ 3159.51,100
3492,10:57:44,$ 3159.09,100
3493,10:57:43,$ 3159.02,100
3494,10:57:43,$ 3159.20,100
3495,10:57:43,$ 3159.37,300
3496,10:57:43,$ 3159.43,100
3497,10:57:43,$ 3159.03,100
3498,10:57:43,$ 3159.39,300
3499,10:57:43,$ 3160.00,100
3500,10:57:43,$ 3160.00,100
3501,10:57:34,$ 3160.66,100
3502,10:57:03,$ 3162.51,100
3503,10:57:03,$ 3163.35,200
3504,10:56:55,$ 3163.05,100
3505,10:56:44,$ 3162.09,100
3506,10:56:42,$ 3161.05,100
3507,10:56:39,$ 3161.94,100
3508,10:56:18,$ 3161.1874,100
3510,10:56:09,$ 3162.32,100
3511,10:56:06,$ 3162.5779,100
3512,10:56:02,$ 3161.84,100
3513,10:56:02,$ 3163.00,100
3514,10:56:02,$ 3161.97,100
3515,10:55:59,$ 3161.50,100
3516,10:55:34,$ 3161.50,100
3517,10:55:08,$ 3161.885,200
3518,10:55:07,$ 3160.6532,200
3519,10:55:02,$ 3160.98,100
3520,10:55:01,$ 3161.01,100
3521,10:55:00,$ 3161.63,100
3522,10:55:00,$ 3161.80,100
3523,10:54:58,$ 3160.77,100
3524,10:54:56,$ 3160.80,149
3525,10:54:52,$ 3161.67,100
3526,10:54:44,$ 3160.8007,185
3527,10:54:36,$ 3162.50,100
3528,10:54:36,$ 3161.49,100
3529,10:54:36,$ 3161.55,100
3531,10:54:29,$ 3162.71,100
3532,10:54:02,$ 3162.71,100
3533,10:54:02,$ 3162.97,100
3534,10:54:02,$ 3162.97,100
3535,10:54:00,$ 3161.91,100
3536,10:53:52,$ 3162.835,100
3537,10:53:37,$ 3163.809,250
3538,10:53:28,$ 3163.925,100
3539,10:53:16,$ 3164.5734,100
3540,10:53:14,$ 3163.77,100
3541,10:53:14,$ 3164.27,100
3542,10:53:14,$ 3164.37,100
3543,10:53:14,$ 3164.37,100
3544,10:53:13,$ 3163.54,100
3545,10:52:52,$ 3162.823,125
3546,10:52:42,$ 3161.8062,160
3547,10:52:38,$ 3162.53,100
3548,10:52:20,$ 3163.326,250
3549,10:51:58,$ 3162.92,100
3550,10:51:53,$ 3162.62,100
3552,10:51:51,$ 3162.6275,894
3553,10:51:44,$ 3164.309,180
3554,10:51:30,$ 3165.1351,250
3555,10:51:24,$ 3163.97,100
3556,10:51:19,$ 3162.5501,300
3557,10:51:18,$ 3164.827,125
3558,10:51:06,$ 3163.00,100
3559,10:51:06,$ 3163.015,100
3560,10:51:03,$ 3161.795,100
3561,10:51:02,$ 3161.09,100
3562,10:51:02,$ 3161.58,100
3563,10:51:01,$ 3162.52,100
3564,10:51:01,$ 3162.264,100
3565,10:50:45,$ 3163.20,100
3566,10:50:23,$ 3164.752,200
3567,10:50:23,$ 3165.36,100
3568,10:50:19,$ 3167.99,100
3569,10:50:16,$ 3166.70,100
3570,10:50:14,$ 3165.865,100
3571,10:50:13,$ 3165.135,100
3573,10:50:11,$ 3164.49,100
3574,10:50:09,$ 3164.27,100
3575,10:49:56,$ 3164.00,100
3576,10:49:56,$ 3164.005,385
3577,10:49:51,$ 3162.75,166
3578,10:49:45,$ 3162.735,100
3579,10:49:44,$ 3163.3337,250
3580,10:49:43,$ 3162.985,100
3581,10:49:41,$ 3162.8634,100
3582,10:49:41,$ 3163.29,100
3583,10:49:40,$ 3163.33,100
3584,10:49:33,$ 3164.01,100
3585,10:49:32,$ 3164.15,100
3586,10:49:32,$ 3165.17,500
3587,10:49:27,$ 3164.71,100
3588,10:49:25,$ 3165.83,100
3589,10:49:20,$ 3167.24,387
3590,10:49:15,$ 3167.73,100
3591,10:49:15,$ 3167.39,100
3592,10:49:14,$ 3167.41,250
3594,10:49:11,$ 3166.89,100
3595,10:49:10,$ 3166.125,100
3596,10:48:29,$ 3166.60,100
3597,10:48:24,$ 3165.3946,100
3598,10:48:13,$ 3166.0235,100
3599,10:48:09,$ 3167.07,150
3600,10:48:07,$ 3167.42,100
3601,10:48:05,$ 3168.262,100
3602,10:47:57,$ 3169.00,100
3603,10:47:53,$ 3169.4257,100
3604,10:47:46,$ 3170.54,100
3605,10:47:39,$ 3170.12,100
3606,10:47:37,$ 3169.33,100
3607,10:47:36,$ 3169.05,147
3608,10:47:32,$ 3168.7124,200
3609,10:47:29,$ 3167.585,100
3610,10:47:29,$ 3168.51,100
3611,10:47:29,$ 3167.765,100
3612,10:47:09,$ 3169.115,100
3613,10:47:09,$ 3169.19,100
3615,10:47:04,$ 3169.09,100
3616,10:46:56,$ 3170.13,100
3617,10:46:55,$ 3170.07,100
3618,10:46:34,$ 3169.1631,100
3619,10:46:30,$ 3169.54,100
3620,10:46:26,$ 3170.69,200
3621,10:46:11,$ 3169.52,100
3622,10:46:11,$ 3169.51,100
3623,10:46:07,$ 3169.39,100
3624,10:46:07,$ 3169.44,100
3625,10:46:07,$ 3169.32,100
3626,10:46:07,$ 3169.18,100
3627,10:46:07,$ 3169.40,100
3628,10:45:50,$ 3170.9899,300
3629,10:45:49,$ 3168.21,500
3630,10:45:43,$ 3169.9575,100
3631,10:45:43,$ 3169.92,100
3632,10:45:38,$ 3170.66,100
3633,10:45:28,$ 3170.00,100
3634,10:45:21,$ 3168.27,107
3636,10:45:21,$ 3168.48,100
3637,10:45:10,$ 3167.6325,400
3638,10:45:08,$ 3167.52,100
3639,10:45:03,$ 3168.11,100
3640,10:44:58,$ 3170.1124,250
3641,10:44:48,$ 3170.43,100
3642,10:44:45,$ 3168.53,100
3643,10:44:44,$ 3169.02,100
3644,10:44:44,$ 3169.63,100
3645,10:44:41,$ 3169.33,100
3646,10:44:41,$ 3169.93,100
3647,10:44:41,$ 3169.74,100
3648,10:44:37,$ 3168.84,100
3649,10:44:37,$ 3168.76,100
3650,10:44:37,$ 3168.70,100
3651,10:44:28,$ 3168.65,100
3652,10:44:28,$ 3168.5166,150
3653,10:44:26,$ 3168.40,100
3654,10:44:26,$ 3168.00,700
3655,10:44:22,$ 3168.7101,100
3657,10:44:18,$ 3169.185,100
3658,10:44:17,$ 3169.335,100
3659,10:44:16,$ 3169.71,100
3660,10:44:11,$ 3167.66,100
3661,10:44:08,$ 3169.365,100
3662,10:44:07,$ 3169.6387,270
3663,10:44:04,$ 3170.3148,300
3664,10:44:04,$ 3169.63,200
3665,10:44:02,$ 3169.00,117
3666,10:44:02,$ 3168.0886,100
3667,10:44:00,$ 3167.74,100
3668,10:44:00,$ 3167.77,100
3669,10:44:00,$ 3168.59,100
3670,10:44:00,$ 3168.56,100
3671,10:44:00,$ 3167.935,100
3672,10:44:00,$ 3167.95,100
3673,10:43:58,$ 3167.61,100
3674,10:43:58,$ 3168.075,100
3675,10:43:57,$ 3168.64,100
3676,10:43:54,$ 3168.08,200
3678,10:43:54,$ 3167.9515,300
3679,10:43:52,$ 3168.40,100
3680,10:43:50,$ 3167.1919,100
3681,10:43:47,$ 3169.85,100
3682,10:43:47,$ 3169.31,100
3683,10:43:46,$ 3169.56,100
3684,10:43:46,$ 3169.54,100
3685,10:43:46,$ 3169.00,100
3686,10:43:46,$ 3169.00,116
3687,10:43:46,$ 3169.00,117
3688,10:43:46,$ 3168.99,100
3689,10:43:44,$ 3168.43,100
3690,10:43:41,$ 3168.6452,240
3691,10:43:39,$ 3167.4397,100
3692,10:43:37,$ 3168.96,100
3693,10:43:36,$ 3169.00,148
3694,10:43:35,$ 3169.09,100
3695,10:43:35,$ 3168.81,100
3696,10:43:35,$ 3169.14,100
3697,10:43:35,$ 3168.81,100
3699,10:43:35,$ 3168.81,100
3700,10:43:34,$ 3169.8977,500
3701,10:43:34,$ 3169.00,100
3702,10:43:33,$ 3169.46,100
3703,10:43:32,$ 3169.635,200
3704,10:43:27,$ 3169.11,100
3705,10:43:24,$ 3169.405,100
3706,10:43:24,$ 3169.41,100
3707,10:43:24,$ 3170.00,100
3708,10:43:24,$ 3169.8925,100
3709,10:43:24,$ 3170.01,100
3710,10:43:24,$ 3170.00,100
3711,10:43:24,$ 3170.00,300
3712,10:43:24,$ 3170.00,200
3713,10:43:24,$ 3170.00,100
3714,10:43:24,$ 3170.73,100
3715,10:43:23,$ 3171.195,100
3716,10:43:22,$ 3171.34,100
3717,10:43:22,$ 3171.25,100
3718,10:43:19,$ 3172.02,100
3720,10:43:17,$ 3172.13,100
3721,10:43:17,$ 3172.13,200
3722,10:43:17,$ 3172.13,100
3723,10:43:17,$ 3172.22,100
3724,10:43:14,$ 3172.16,100
3725,10:43:14,$ 3172.00,100
3726,10:43:14,$ 3172.645,100
3727,10:43:11,$ 3173.0976,250
3728,10:43:06,$ 3172.23,200
3729,10:43:06,$ 3172.23,200
3730,10:42:50,$ 3174.07,100
3731,10:42:50,$ 3173.25,100
3732,10:42:50,$ 3173.25,100
3733,10:42:50,$ 3172.69,100
3734,10:42:50,$ 3173.345,100
3735,10:42:48,$ 3173.63,100
3736,10:42:48,$ 3174.78,100
3737,10:42:48,$ 3174.78,100
3738,10:42:48,$ 3174.78,100
3739,10:42:38,$ 3174.677,500
3741,10:42:12,$ 3176.86,100
3742,10:41:58,$ 3173.40,100
3743,10:41:57,$ 3174.08,100
3744,10:41:55,$ 3175.00,100
3745,10:41:55,$ 3175.195,100
3746,10:41:53,$ 3174.725,100
3747,10:41:46,$ 3174.285,100
3748,10:41:41,$ 3174.54,100
3749,10:41:40,$ 3173.85,100
3750,10:41:35,$ 3175.85,200
3751,10:41:33,$ 3175.87,100
3752,10:41:33,$ 3175.86,100
3753,10:41:33,$ 3175.85,100
3754,10:41:33,$ 3176.11,100
3755,10:41:33,$ 3175.87,100
3756,10:41:33,$ 3175.89,100
3757,10:41:33,$ 3176.29,100
3758,10:41:18,$ 3175.55,100
3759,10:41:15,$ 3175.0399,200
3760,10:41:12,$ 3174.30,100
3762,10:41:12,$ 3175.14,200
3763,10:41:12,$ 3175.73,100
3764,10:41:12,$ 3176.175,400
3765,10:41:10,$ 3177.05,100
3766,10:41:09,$ 3177.225,100
3767,10:41:08,$ 3176.155,100
3768,10:41:08,$ 3176.135,100
3769,10:41:03,$ 3178.2199,200
3770,10:40:50,$ 3177.64,100
3771,10:40:49,$ 3178.22,200
3772,10:40:47,$ 3179.10,103
3773,10:40:42,$ 3178.05,190
3774,10:40:32,$ 3178.74,200
3775,10:40:18,$ 3181.80,100
3776,10:40:15,$ 3182.08,"1,000"
3777,10:40:05,$ 3181.9299,"1,000"
3778,10:40:05,$ 3180.55,100
3779,10:40:00,$ 3182.05,100
3780,10:40:00,$ 3182.05,100
3781,10:39:58,$ 3182.12,"1,000"
3783,10:39:56,$ 3181.83,100
3784,10:39:56,$ 3182.24,100
3785,10:39:52,$ 3181.95,366
3786,10:39:51,$ 3181.40,100
3787,10:39:51,$ 3181.95,100
3788,10:39:51,$ 3181.27,100
3789,10:39:51,$ 3181.42,100
3790,10:39:43,$ 3181.80,100
3791,10:39:43,$ 3181.835,100
3792,10:39:37,$ 3179.625,100
3793,10:39:33,$ 3178.1093,100
3794,10:39:12,$ 3179.28,100
3795,10:39:12,$ 3179.1188,100
3796,10:39:12,$ 3178.64,100
3797,10:39:05,$ 3179.56,100
3798,10:38:51,$ 3180.827,109
3799,10:38:48,$ 3182.585,100
3800,10:38:27,$ 3183.00,100
3801,10:38:18,$ 3182.87,100
3802,10:38:18,$ 3182.87,100
3804,10:38:16,$ 3183.595,100
3805,10:38:15,$ 3183.595,100
3806,10:38:14,$ 3183.18,100
3807,10:38:14,$ 3183.00,100
3808,10:38:14,$ 3182.68,100
3809,10:38:10,$ 3181.85,100
3810,10:38:09,$ 3181.63,100
3811,10:37:58,$ 3179.22,457
3812,10:37:58,$ 3178.655,247
3813,10:37:53,$ 3178.575,100
3814,10:37:53,$ 3178.575,100
3815,10:37:53,$ 3178.575,108
3816,10:37:53,$ 3178.09,100
3817,10:37:48,$ 3178.575,100
3818,10:37:46,$ 3178.535,100
3819,10:37:45,$ 3178.60,100
3820,10:37:45,$ 3178.60,100
3821,10:37:43,$ 3179.19,100
3822,10:37:39,$ 3178.46,100
3823,10:37:38,$ 3179.64,100
3825,10:37:38,$ 3179.23,100
3826,10:37:23,$ 3174.19,700
3827,10:37:16,$ 3173.99,100
3828,10:37:14,$ 3173.325,100
3829,10:37:07,$ 3173.32,200
3830,10:37:06,$ 3172.98,100
3831,10:37:05,$ 3173.02,100
3832,10:37:05,$ 3172.66,300
3833,10:37:05,$ 3172.99,100
3834,10:37:05,$ 3173.18,100
3835,10:37:02,$ 3173.325,100
3836,10:36:57,$ 3174.945,100
3837,10:36:57,$ 3175.00,100
3838,10:36:57,$ 3175.00,100
3839,10:36:57,$ 3175.00,100
3840,10:36:57,$ 3175.00,100
3841,10:36:57,$ 3175.00,100
3842,10:36:57,$ 3175.00,100
3843,10:36:57,$ 3175.10,100
3844,10:36:53,$ 3175.265,100
3846,10:36:45,$ 3175.86,100
3847,10:36:34,$ 3176.4429,167
3848,10:36:34,$ 3175.87,100
3849,10:36:31,$ 3175.78,100
3850,10:36:30,$ 3176.355,200
3851,10:36:16,$ 3175.34,100
3852,10:36:13,$ 3176.1742,100
3853,10:36:12,$ 3175.64,100
3854,10:36:11,$ 3175.29,100
3855,10:35:58,$ 3177.79,100
3856,10:35:58,$ 3178.00,164
3857,10:35:56,$ 3177.33,100
3858,10:35:54,$ 3177.9925,100
3859,10:35:27,$ 3178.16,100
3860,10:35:24,$ 3178.60,100
3861,10:35:24,$ 3178.5253,500
3862,10:35:23,$ 3177.36,100
3863,10:35:20,$ 3177.32,100
3864,10:35:20,$ 3177.32,100
3865,10:35:20,$ 3177.32,100
3867,10:35:19,$ 3176.6725,100
3868,10:35:08,$ 3176.615,100
3869,10:35:06,$ 3177.31,100
