,NLS Time (ET),NLS Price,NLS Share Volume
1,09:59:34,$ 3397.695,100
2,09:59:34,$ 3397.695,100
3,09:59:30,$ 3397.34,100
4,09:59:30,$ 3397.34,100
5,09:59:30,$ 3397.58,100
6,09:59:27,$ 3398.7797,100
7,09:59:17,$ 3398.00,100
8,09:59:16,$ 3398.17,100
9,09:59:16,$ 3398.17,100
10,09:59:15,$ 3398.09,100
11,09:59:15,$ 3398.17,100
12,09:59:12,$ 3398.74,100
13,09:59:09,$ 3398.74,100
14,09:59:09,$ 3398.55,100
15,09:59:06,$ 3397.50,100
16,09:59:06,$ 3397.93,300
17,09:59:05,$ 3396.83,100
18,09:59:03,$ 3395.607,165
19,09:58:47,$ 3395.61,100
20,09:58:47,$ 3395.54,100
22,09:58:32,$ 3395.38,100
23,09:58:32,$ 3395.33,100
24,09:58:30,$ 3396.46,100
25,09:58:30,$ 3396.46,100
26,09:58:28,$ 3397.68,100
27,09:58:28,$ 3397.04,100
28,09:58:27,$ 3397.04,100
29,09:58:26,$ 3396.93,124
30,09:58:26,$ 3396.93,124
31,09:58:26,$ 3396.566,100
32,09:58:25,$ 3396.145,100
33,09:58:20,$ 3396.16,100
34,09:58:02,$ 3395.90,200
35,09:58:01,$ 3395.90,100
36,09:57:55,$ 3395.63,100
37,09:57:54,$ 3396.88,125
38,09:57:43,$ 3395.275,100
39,09:57:42,$ 3394.55,100
40,09:57:42,$ 3395.00,266
41,09:57:42,$ 3395.00,318
43,09:57:39,$ 3394.98,100
44,09:57:38,$ 3394.9899,100
45,09:57:36,$ 3394.035,150
46,09:57:32,$ 3394.66,100
47,09:57:30,$ 3393.2876,200
48,09:57:28,$ 3394.86,143
49,09:57:28,$ 3395.00,100
50,09:57:28,$ 3394.73,100
51,09:57:19,$ 3396.98,100
52,09:57:17,$ 3397.56,100
53,09:57:17,$ 3397.43,100
54,09:57:14,$ 3396.92,100
55,09:57:14,$ 3396.50,100
56,09:57:12,$ 3396.00,500
57,09:57:12,$ 3395.22,100
58,09:57:10,$ 3395.00,187
59,09:57:10,$ 3395.00,282
60,09:57:05,$ 3395.66,100
61,09:57:05,$ 3395.66,100
62,09:57:04,$ 3394.735,100
64,09:57:04,$ 3394.945,100
65,09:56:55,$ 3394.50,100
66,09:56:51,$ 3391.91,100
67,09:56:51,$ 3391.91,100
68,09:56:51,$ 3392.32,100
69,09:56:51,$ 3392.00,100
70,09:56:42,$ 3393.4477,100
71,09:56:26,$ 3392.495,100
72,09:56:25,$ 3393.08,100
73,09:56:25,$ 3393.09,100
74,09:56:22,$ 3392.50,100
75,09:56:09,$ 3393.2545,100
76,09:56:03,$ 3394.35,100
77,09:56:03,$ 3394.37,100
78,09:56:01,$ 3394.85,100
79,09:56:01,$ 3394.85,100
80,09:56:01,$ 3394.61,100
81,09:56:01,$ 3394.61,100
82,09:56:01,$ 3394.61,100
83,09:56:01,$ 3394.6135,100
85,09:56:01,$ 3394.62,360
86,09:55:50,$ 3394.5666,150
87,09:55:46,$ 3395.44,100
88,09:55:46,$ 3395.44,100
89,09:55:46,$ 3395.44,200
90,09:55:32,$ 3394.475,100
91,09:55:16,$ 3393.3801,100
92,09:55:13,$ 3394.315,100
93,09:55:03,$ 3395.53,100
94,09:55:02,$ 3396.68,100
95,09:54:57,$ 3395.95,100
96,09:54:57,$ 3395.97,100
97,09:54:55,$ 3393.97,100
98,09:54:52,$ 3392.4752,300
99,09:54:49,$ 3393.59,100
100,09:54:44,$ 3392.35,100
101,09:54:44,$ 3392.22,100
102,09:54:44,$ 3394.00,100
103,09:54:44,$ 3392.926,101
104,09:54:28,$ 3392.55,116
106,09:54:20,$ 3393.32,179
107,09:53:57,$ 3390.415,100
108,09:53:56,$ 3393.00,100
109,09:53:47,$ 3393.2875,145
110,09:53:37,$ 3392.55,100
111,09:53:37,$ 3392.52,100
112,09:53:31,$ 3391.65,100
113,09:53:30,$ 3391.62,100
114,09:53:23,$ 3389.99,100
115,09:53:22,$ 3388.605,100
116,09:53:21,$ 3389.50,170
117,09:53:21,$ 3389.50,100
118,09:53:21,$ 3389.50,190
119,09:53:17,$ 3389.52,119
120,09:53:13,$ 3388.00,135
121,09:53:13,$ 3388.03,100
122,09:53:13,$ 3388.45,100
123,09:53:13,$ 3388.44,100
124,09:53:11,$ 3389.365,100
125,09:53:09,$ 3388.715,100
127,09:53:02,$ 3388.60,100
128,09:53:02,$ 3388.60,100
129,09:53:02,$ 3388.60,100
130,09:52:43,$ 3390.17,100
131,09:52:38,$ 3392.2548,100
132,09:52:32,$ 3391.226,100
133,09:52:32,$ 3391.49,100
134,09:52:24,$ 3390.44,150
135,09:52:24,$ 3390.26,100
136,09:52:22,$ 3391.44,100
137,09:52:22,$ 3391.38,100
138,09:52:22,$ 3391.33,100
139,09:52:22,$ 3391.32,100
140,09:52:17,$ 3390.95,100
141,09:52:15,$ 3391.475,200
142,09:52:11,$ 3390.17,116
143,09:52:11,$ 3390.00,100
144,09:52:06,$ 3390.50,100
145,09:51:49,$ 3390.7401,100
146,09:51:48,$ 3392.13,100
148,09:51:48,$ 3393.48,100
149,09:51:48,$ 3392.53,100
150,09:51:41,$ 3392.88,629
151,09:51:41,$ 3392.89,100
152,09:51:41,$ 3392.889,100
153,09:51:41,$ 3392.89,100
154,09:51:41,$ 3391.9453,100
155,09:51:36,$ 3391.23,100
156,09:51:35,$ 3391.87,100
157,09:51:32,$ 3391.9899,100
158,09:51:26,$ 3391.00,200
159,09:51:26,$ 3391.00,100
160,09:51:19,$ 3391.23,100
161,09:51:19,$ 3391.23,100
162,09:51:19,$ 3391.23,100
163,09:51:18,$ 3391.875,183
164,09:51:12,$ 3390.41,100
165,09:51:09,$ 3390.07,100
166,09:51:09,$ 3390.62,100
167,09:51:05,$ 3389.98,100
169,09:51:05,$ 3388.87,100
170,09:50:48,$ 3388.2451,100
171,09:50:40,$ 3388.60,100
172,09:50:40,$ 3388.49,100
173,09:50:40,$ 3388.55,100
174,09:50:38,$ 3387.6498,100
175,09:50:38,$ 3387.65,100
176,09:50:38,$ 3386.41,200
177,09:50:38,$ 3386.00,100
178,09:50:38,$ 3386.00,100
179,09:50:37,$ 3387.00,100
180,09:50:37,$ 3387.03,100
181,09:50:34,$ 3387.02,100
182,09:50:33,$ 3389.00,100
183,09:50:28,$ 3390.00,100
184,09:50:28,$ 3390.00,100
185,09:50:19,$ 3390.495,100
186,09:50:19,$ 3390.99,100
187,09:50:17,$ 3391.01,100
188,09:50:16,$ 3391.62,100
190,09:50:16,$ 3391.01,100
191,09:50:16,$ 3391.01,100
192,09:50:07,$ 3391.4799,100
193,09:50:06,$ 3391.00,100
194,09:50:05,$ 3392.00,100
195,09:50:04,$ 3393.11,200
196,09:50:01,$ 3393.74,100
197,09:50:01,$ 3393.75,100
198,09:49:48,$ 3394.00,100
199,09:49:48,$ 3394.00,311
200,09:49:48,$ 3394.00,100
201,09:49:48,$ 3393.92,100
202,09:49:48,$ 3394.00,189
203,09:49:48,$ 3394.00,100
204,09:49:48,$ 3394.055,100
205,09:49:48,$ 3394.05,100
206,09:49:48,$ 3394.04,100
207,09:49:48,$ 3394.05,100
208,09:49:34,$ 3395.99,100
209,09:49:33,$ 3396.84,100
211,09:49:31,$ 3397.9899,100
212,09:49:30,$ 3397.98,100
213,09:49:27,$ 3395.69,100
214,09:49:27,$ 3395.80,100
215,09:49:25,$ 3394.79,100
216,09:49:21,$ 3394.679,250
217,09:49:16,$ 3395.51,100
218,09:49:16,$ 3396.00,485
219,09:49:03,$ 3397.65,100
220,09:49:03,$ 3397.65,100
221,09:48:54,$ 3397.845,100
222,09:48:53,$ 3398.3225,100
223,09:48:53,$ 3398.775,200
224,09:48:52,$ 3399.00,300
225,09:48:52,$ 3399.00,100
226,09:48:52,$ 3400.00,100
227,09:48:52,$ 3400.53,100
228,09:48:44,$ 3401.00,100
229,09:48:30,$ 3402.36,108
230,09:48:19,$ 3401.18,100
232,09:48:10,$ 3401.12,110
233,09:48:10,$ 3401.115,100
234,09:48:08,$ 3401.125,100
235,09:48:07,$ 3402.5599,500
236,09:48:03,$ 3401.70,100
237,09:48:02,$ 3403.03,100
238,09:48:02,$ 3403.00,100
239,09:48:02,$ 3403.12,100
240,09:48:02,$ 3403.10,100
241,09:48:02,$ 3403.05,100
242,09:48:02,$ 3403.05,100
243,09:47:50,$ 3402.59,100
244,09:47:45,$ 3402.39,100
245,09:47:45,$ 3402.37,100
246,09:47:45,$ 3402.97,100
247,09:47:44,$ 3404.06,100
248,09:47:44,$ 3404.06,100
249,09:47:44,$ 3404.06,181
250,09:47:40,$ 3404.905,100
251,09:47:40,$ 3404.895,100
253,09:47:38,$ 3405.67,100
254,09:47:38,$ 3405.71,100
255,09:47:38,$ 3404.895,100
256,09:47:37,$ 3405.21,100
257,09:47:37,$ 3404.74,100
258,09:47:37,$ 3404.74,100
259,09:47:37,$ 3405.5656,100
260,09:47:37,$ 3405.63,200
261,09:47:37,$ 3404.74,100
262,09:47:37,$ 3404.74,100
263,09:47:36,$ 3403.7295,100
264,09:47:36,$ 3402.97,100
265,09:47:36,$ 3404.77,100
266,09:47:36,$ 3404.77,200
267,09:47:36,$ 3402.79,100
268,09:47:36,$ 3402.00,100
269,09:47:36,$ 3401.94,100
270,09:47:36,$ 3401.99,100
271,09:47:36,$ 3401.37,100
272,09:47:36,$ 3400.64,100
274,09:47:36,$ 3400.64,100
275,09:47:33,$ 3400.3818,100
276,09:47:29,$ 3400.43,100
277,09:47:29,$ 3400.485,100
278,09:47:23,$ 3400.99,100
279,09:47:22,$ 3399.88,100
280,09:47:21,$ 3399.73,100
281,09:47:18,$ 3400.305,100
282,09:47:18,$ 3400.305,125
283,09:47:15,$ 3400.495,100
284,09:47:15,$ 3400.06,100
285,09:47:15,$ 3399.83,100
286,09:46:44,$ 3397.28,100
287,09:46:34,$ 3398.13,100
288,09:46:28,$ 3398.05,100
289,09:46:21,$ 3398.05,100
290,09:46:21,$ 3398.05,100
291,09:46:21,$ 3398.05,100
292,09:46:21,$ 3397.55,100
293,09:46:13,$ 3397.06,100
295,09:46:09,$ 3398.00,100
296,09:46:04,$ 3398.99,120
297,09:45:49,$ 3399.0537,300
298,09:45:49,$ 3398.805,500
299,09:45:46,$ 3397.76,100
300,09:45:46,$ 3398.22,100
301,09:45:46,$ 3398.48,100
302,09:45:46,$ 3398.47,100
303,09:45:45,$ 3399.50,100
304,09:45:43,$ 3399.84,100
305,09:45:35,$ 3398.93,100
306,09:45:35,$ 3399.43,100
307,09:45:35,$ 3399.43,100
308,09:45:32,$ 3399.43,100
309,09:45:28,$ 3398.00,239
310,09:45:12,$ 3396.34,100
311,09:45:11,$ 3396.83,100
312,09:45:11,$ 3396.83,100
313,09:45:10,$ 3396.83,100
314,09:45:09,$ 3396.83,100
316,09:45:08,$ 3396.84,121
317,09:45:08,$ 3396.84,100
318,09:45:08,$ 3396.96,100
319,09:45:08,$ 3396.90,100
320,09:45:08,$ 3397.02,100
321,09:45:08,$ 3397.15,100
322,09:45:03,$ 3395.32,100
323,09:44:57,$ 3393.41,100
324,09:44:56,$ 3393.56,100
325,09:44:54,$ 3393.76,104
326,09:44:54,$ 3393.75,100
327,09:44:50,$ 3394.23,100
328,09:44:40,$ 3392.235,100
329,09:44:40,$ 3392.235,100
330,09:44:26,$ 3392.11,100
331,09:44:12,$ 3392.6352,100
332,09:44:09,$ 3392.08,100
333,09:44:09,$ 3392.80,200
334,09:44:09,$ 3393.03,100
335,09:44:09,$ 3393.03,100
337,09:44:09,$ 3393.085,100
338,09:44:02,$ 3394.00,100
339,09:43:53,$ 3394.604,100
340,09:43:52,$ 3395.00,100
341,09:43:51,$ 3394.95,100
342,09:43:45,$ 3395.2491,200
343,09:43:39,$ 3395.66,100
344,09:43:34,$ 3394.34,200
345,09:43:30,$ 3394.68,100
346,09:43:28,$ 3394.49,100
347,09:43:28,$ 3394.49,100
348,09:43:28,$ 3394.49,100
349,09:43:19,$ 3395.23,100
350,09:43:19,$ 3395.19,100
351,09:43:19,$ 3395.18,100
352,09:43:19,$ 3395.09,100
353,09:43:19,$ 3395.07,100
354,09:43:17,$ 3395.84,100
355,09:43:13,$ 3394.88,100
356,09:43:10,$ 3394.5252,100
358,09:43:08,$ 3393.725,289
359,09:43:08,$ 3394.435,100
360,09:43:05,$ 3392.055,100
361,09:43:04,$ 3392.52,100
362,09:43:04,$ 3390.905,100
363,09:43:02,$ 3391.15,100
364,09:43:02,$ 3391.15,100
365,09:43:02,$ 3391.15,281
366,09:43:02,$ 3391.15,100
367,09:43:01,$ 3391.15,100
368,09:43:01,$ 3391.15,100
369,09:43:01,$ 3391.83,100
370,09:43:01,$ 3391.37,100
371,09:43:00,$ 3391.4925,101
372,09:42:59,$ 3391.28,100
373,09:42:55,$ 3392.455,100
374,09:42:55,$ 3391.29,100
375,09:42:51,$ 3391.50,100
376,09:42:51,$ 3392.95,200
377,09:42:49,$ 3393.29,100
379,09:42:49,$ 3393.26,100
380,09:42:41,$ 3392.09,100
381,09:42:41,$ 3392.175,100
382,09:42:37,$ 3393.24,151
383,09:42:33,$ 3390.0548,100
384,09:42:32,$ 3391.755,100
385,09:42:30,$ 3391.565,100
386,09:42:27,$ 3392.11,100
387,09:42:21,$ 3391.90,100
388,09:42:21,$ 3391.90,100
389,09:42:21,$ 3391.90,100
390,09:42:21,$ 3391.90,100
391,09:42:17,$ 3391.4301,200
392,09:42:16,$ 3391.695,100
393,09:42:13,$ 3391.31,100
394,09:42:13,$ 3391.31,100
395,09:42:12,$ 3390.65,100
396,09:42:07,$ 3390.55,100
397,09:42:06,$ 3388.1482,100
398,09:42:05,$ 3389.03,100
400,09:42:05,$ 3388.54,100
401,09:41:57,$ 3386.45,100
402,09:41:57,$ 3386.46,200
403,09:41:57,$ 3386.95,100
404,09:41:57,$ 3386.95,100
405,09:41:57,$ 3386.95,100
406,09:41:56,$ 3387.33,100
407,09:41:56,$ 3387.26,100
408,09:41:54,$ 3387.00,100
409,09:41:52,$ 3388.51,100
410,09:41:52,$ 3388.51,100
411,09:41:52,$ 3387.90,100
412,09:41:52,$ 3387.74,100
413,09:41:52,$ 3387.49,100
414,09:41:52,$ 3388.50,200
415,09:41:52,$ 3388.50,320
416,09:41:50,$ 3389.41,100
417,09:41:50,$ 3389.57,100
418,09:41:50,$ 3390.2405,200
419,09:41:48,$ 3390.625,100
421,09:41:48,$ 3390.05,100
422,09:41:47,$ 3390.48,100
423,09:41:46,$ 3390.315,200
424,09:41:45,$ 3390.2673,100
425,09:41:45,$ 3390.00,100
426,09:41:45,$ 3390.00,100
427,09:41:44,$ 3391.425,100
428,09:41:44,$ 3391.425,100
429,09:41:31,$ 3392.50,100
430,09:41:31,$ 3392.56,100
431,09:41:31,$ 3392.56,100
432,09:41:30,$ 3393.11,100
433,09:41:18,$ 3393.28,100
434,09:41:18,$ 3393.34,100
435,09:41:18,$ 3393.28,100
436,09:41:18,$ 3393.28,100
437,09:41:17,$ 3394.10,100
438,09:41:09,$ 3393.275,100
439,09:41:08,$ 3393.03,114
440,09:41:08,$ 3393.936,188
442,09:41:08,$ 3393.03,100
443,09:41:08,$ 3393.03,100
444,09:41:08,$ 3393.86,100
445,09:41:08,$ 3393.03,100
446,09:41:08,$ 3393.94,100
447,09:41:08,$ 3392.576,100
448,09:41:08,$ 3392.576,100
449,09:41:08,$ 3393.04,100
450,09:41:07,$ 3392.85,100
451,09:41:02,$ 3393.0217,100
452,09:41:00,$ 3393.18,100
453,09:40:56,$ 3393.00,100
454,09:40:56,$ 3393.01,131
455,09:40:56,$ 3393.00,100
456,09:40:56,$ 3393.20,100
457,09:40:49,$ 3394.62,100
458,09:40:48,$ 3395.31,100
459,09:40:48,$ 3394.8069,200
460,09:40:48,$ 3395.7856,100
461,09:40:44,$ 3394.82,100
463,09:40:39,$ 3395.175,100
464,09:40:36,$ 3394.00,100
465,09:40:30,$ 3395.41,100
466,09:40:30,$ 3395.40,100
467,09:40:24,$ 3397.44,100
468,09:40:24,$ 3396.43,100
469,09:40:23,$ 3397.048,100
470,09:40:23,$ 3395.7017,150
471,09:40:18,$ 3396.9584,200
472,09:40:11,$ 3393.58,100
473,09:40:11,$ 3393.85,100
474,09:40:08,$ 3395.58,100
475,09:40:04,$ 3394.8099,100
476,09:40:01,$ 3394.02,100
477,09:40:01,$ 3393.74,578
478,09:40:01,$ 3391.8675,100
479,09:40:01,$ 3392.075,100
480,09:40:00,$ 3389.37,100
481,09:40:00,$ 3392.13,199
482,09:39:48,$ 3392.39,100
484,09:39:48,$ 3392.34,100
485,09:39:48,$ 3392.21,100
486,09:39:48,$ 3392.15,100
487,09:39:47,$ 3393.45,100
488,09:39:31,$ 3393.42,100
489,09:39:28,$ 3391.51,100
490,09:39:28,$ 3391.50,100
491,09:39:28,$ 3391.51,100
492,09:39:27,$ 3390.895,100
493,09:39:22,$ 3390.67,474
494,09:39:22,$ 3389.9997,100
495,09:39:22,$ 3389.985,100
496,09:39:22,$ 3389.95,100
497,09:39:20,$ 3389.50,100
498,09:39:15,$ 3390.24,100
499,09:39:12,$ 3389.34,300
500,09:39:11,$ 3389.50,100
501,09:39:11,$ 3389.51,100
502,09:39:11,$ 3389.51,100
503,09:39:08,$ 3390.5992,150
505,09:39:06,$ 3390.50,100
506,09:39:02,$ 3390.13,100
507,09:39:02,$ 3390.31,100
508,09:39:00,$ 3389.28,100
509,09:39:00,$ 3389.4198,800
510,09:38:57,$ 3390.06,100
511,09:38:57,$ 3390.02,117
512,09:38:57,$ 3390.00,100
513,09:38:51,$ 3391.745,100
514,09:38:49,$ 3391.265,100
515,09:38:49,$ 3391.265,100
516,09:38:49,$ 3392.27,100
517,09:38:48,$ 3390.135,100
518,09:38:48,$ 3390.215,100
519,09:38:40,$ 3391.2032,200
520,09:38:37,$ 3390.74,100
521,09:38:30,$ 3390.50,100
522,09:38:30,$ 3390.50,100
523,09:38:29,$ 3389.04,100
524,09:38:29,$ 3389.04,100
526,09:38:29,$ 3389.20,100
527,09:38:24,$ 3390.50,100
528,09:38:14,$ 3392.00,100
529,09:38:14,$ 3392.295,144
530,09:38:09,$ 3391.80,100
531,09:38:09,$ 3391.79,100
532,09:38:09,$ 3392.00,100
533,09:38:09,$ 3391.80,100
534,09:38:04,$ 3391.1001,100
535,09:38:01,$ 3391.78,100
536,09:38:01,$ 3391.79,710
537,09:38:01,$ 3391.79,150
538,09:38:00,$ 3390.00,100
539,09:37:52,$ 3391.785,200
540,09:37:49,$ 3392.01,100
541,09:37:48,$ 3392.565,100
542,09:37:46,$ 3392.06,100
543,09:37:42,$ 3392.16,100
544,09:37:40,$ 3392.50,100
545,09:37:37,$ 3392.5125,100
547,09:37:31,$ 3391.03,100
548,09:37:29,$ 3390.1872,100
549,09:37:27,$ 3391.00,500
550,09:37:17,$ 3389.65,150
551,09:37:14,$ 3389.65,100
552,09:37:12,$ 3390.15,274
553,09:37:12,$ 3390.15,126
554,09:37:12,$ 3390.01,109
555,09:37:12,$ 3390.15,100
556,09:37:08,$ 3390.9585,100
557,09:37:08,$ 3391.00,100
558,09:36:59,$ 3390.26,164
559,09:36:58,$ 3389.40,200
560,09:36:58,$ 3389.255,100
561,09:36:57,$ 3389.2423,600
562,09:36:55,$ 3388.74,100
563,09:36:55,$ 3388.43,100
564,09:36:55,$ 3388.70,100
565,09:36:55,$ 3388.43,100
566,09:36:55,$ 3388.82,100
568,09:36:49,$ 3389.1288,766
569,09:36:47,$ 3389.98,100
570,09:36:47,$ 3388.61,100
571,09:36:47,$ 3388.74,100
572,09:36:44,$ 3390.00,200
573,09:36:40,$ 3386.70,100
574,09:36:38,$ 3386.415,100
575,09:36:36,$ 3387.24,100
576,09:36:36,$ 3387.15,100
577,09:36:36,$ 3387.07,100
578,09:36:36,$ 3387.13,120
579,09:36:36,$ 3387.13,100
580,09:36:36,$ 3387.13,120
581,09:36:36,$ 3387.16,100
582,09:36:34,$ 3388.33,100
583,09:36:31,$ 3389.5499,200
584,09:36:29,$ 3388.90,100
585,09:36:27,$ 3388.19,190
586,09:36:27,$ 3388.00,144
587,09:36:26,$ 3388.00,100
589,09:36:14,$ 3391.36,100
590,09:36:13,$ 3391.70,141
591,09:36:13,$ 3391.70,100
592,09:36:09,$ 3393.30,100
593,09:36:09,$ 3393.39,100
594,09:36:08,$ 3392.53,100
595,09:36:08,$ 3392.60,100
596,09:36:08,$ 3393.855,100
597,09:36:07,$ 3392.9259,100
598,09:36:07,$ 3394.345,100
599,09:36:06,$ 3392.50,180
600,09:36:06,$ 3392.62,100
601,09:36:06,$ 3392.61,100
602,09:36:06,$ 3392.50,100
603,09:36:06,$ 3392.50,100
604,09:36:06,$ 3392.50,100
605,09:36:06,$ 3392.50,100
606,09:36:06,$ 3392.62,100
607,09:36:02,$ 3392.84,100
608,09:35:59,$ 3392.49,324
610,09:35:58,$ 3393.18,100
611,09:35:53,$ 3392.8351,200
612,09:35:53,$ 3393.50,139
613,09:35:53,$ 3393.50,154
614,09:35:50,$ 3395.00,100
615,09:35:46,$ 3397.075,100
616,09:35:44,$ 3396.59,150
617,09:35:36,$ 3397.50,100
618,09:35:36,$ 3397.64,100
619,09:35:32,$ 3398.3204,100
620,09:35:32,$ 3398.80,100
621,09:35:25,$ 3399.88,100
622,09:35:25,$ 3400.28,100
623,09:35:06,$ 3402.47,100
624,09:35:05,$ 3401.36,100
625,09:34:57,$ 3399.8828,140
626,09:34:54,$ 3399.52,200
627,09:34:42,$ 3400.01,100
628,09:34:37,$ 3401.85,100
629,09:34:15,$ 3401.83,100
631,09:34:15,$ 3401.72,100
632,09:34:11,$ 3402.37,100
633,09:34:11,$ 3402.91,100
634,09:34:11,$ 3402.92,100
635,09:34:11,$ 3403.925,100
636,09:34:06,$ 3403.07,100
637,09:34:06,$ 3403.97,100
638,09:34:06,$ 3404.00,120
639,09:33:58,$ 3406.32,100
640,09:33:48,$ 3404.39,100
641,09:33:47,$ 3403.335,100
642,09:33:41,$ 3402.3199,150
643,09:33:39,$ 3398.55,500
644,09:33:30,$ 3401.87,400
645,09:33:29,$ 3399.145,100
646,09:33:24,$ 3400.00,100
647,09:33:22,$ 3402.59,100
648,09:33:22,$ 3401.90,100
649,09:33:14,$ 3400.50,100
650,09:33:10,$ 3400.51,100
652,09:33:09,$ 3402.45,100
653,09:33:08,$ 3402.43,100
654,09:33:04,$ 3403.52,200
655,09:33:01,$ 3404.0723,100
656,09:33:00,$ 3404.00,100
657,09:32:50,$ 3407.38,100
658,09:32:50,$ 3406.21,100
659,09:32:50,$ 3406.09,100
660,09:32:43,$ 3407.00,100
661,09:32:36,$ 3408.506,100
662,09:32:33,$ 3408.00,395
663,09:32:19,$ 3408.99,300
664,09:32:18,$ 3407.97,100
665,09:32:18,$ 3407.97,100
666,09:32:18,$ 3407.97,156
667,09:32:16,$ 3405.985,100
668,09:32:10,$ 3406.704,100
669,09:32:10,$ 3407.18,100
670,09:32:04,$ 3407.99,100
671,09:32:03,$ 3406.99,100
673,09:31:58,$ 3402.871,600
674,09:31:56,$ 3406.235,100
675,09:31:56,$ 3406.35,100
676,09:31:49,$ 3406.35,100
677,09:31:49,$ 3406.225,100
678,09:31:47,$ 3405.465,100
679,09:31:47,$ 3406.26,100
680,09:31:47,$ 3404.36,100
681,09:31:47,$ 3406.28,100
682,09:31:45,$ 3404.7842,100
683,09:31:43,$ 3405.145,100
684,09:31:43,$ 3405.145,100
685,09:31:43,$ 3405.145,100
686,09:31:37,$ 3405.50,100
687,09:31:36,$ 3404.805,100
688,09:31:21,$ 3402.89,100
689,09:31:18,$ 3402.26,100
690,09:31:18,$ 3403.88,100
691,09:31:18,$ 3404.00,100
692,09:31:18,$ 3403.41,100
694,09:31:18,$ 3403.40,100
695,09:31:18,$ 3402.50,100
696,09:31:18,$ 3402.50,100
697,09:31:11,$ 3401.85,100
698,09:31:11,$ 3401.80,100
699,09:31:10,$ 3401.80,100
700,09:31:10,$ 3401.42,100
701,09:31:10,$ 3400.02,100
702,09:31:10,$ 3400.07,100
703,09:31:10,$ 3400.02,125
704,09:31:10,$ 3400.02,100
705,09:31:03,$ 3401.875,100
706,09:31:03,$ 3402.95,100
707,09:31:02,$ 3404.88,100
708,09:31:01,$ 3404.89,100
709,09:31:01,$ 3403.30,100
710,09:31:01,$ 3404.12,100
711,09:31:01,$ 3404.18,100
712,09:31:01,$ 3404.53,100
713,09:31:01,$ 3404.85,100
715,09:31:01,$ 3402.455,100
716,09:30:58,$ 3401.86,100
717,09:30:56,$ 3401.322,"1,000"
718,09:30:54,$ 3401.735,100
719,09:30:54,$ 3401.49,100
720,09:30:52,$ 3402.72,100
721,09:30:52,$ 3403.24,100
722,09:30:48,$ 3404.555,100
723,09:30:48,$ 3404.55,100
724,09:30:45,$ 3404.595,150
725,09:30:44,$ 3405.6676,100
726,09:30:39,$ 3405.675,100
727,09:30:37,$ 3407.05,200
728,09:30:37,$ 3407.05,100
729,09:30:35,$ 3407.466,100
730,09:30:34,$ 3407.21,142
731,09:30:31,$ 3405.89,100
732,09:30:30,$ 3405.97,100
733,09:30:30,$ 3405.60,150
734,09:30:30,$ 3406.05,100
736,09:30:30,$ 3406.00,147
737,09:30:30,$ 3406.00,100
738,09:30:26,$ 3406.61,100
739,09:30:19,$ 3405.68,100
740,09:30:19,$ 3405.885,100
741,09:30:17,$ 3405.875,"1,347"
742,09:30:17,$ 3405.62,100
743,09:30:15,$ 3405.03,100
744,09:30:15,$ 3404.99,100
745,09:30:08,$ 3402.70,"1,100"
746,09:30:08,$ 3402.60,120
747,09:30:04,$ 3402.60,108
748,09:30:03,$ 3403.02,100
749,09:30:02,$ 3400.00,1
750,09:30:02,$ 3400.00,2
751,09:30:02,$ 3400.00,3
752,09:30:02,$ 3400.00,2
753,09:30:02,$ 3400.00,15
754,09:30:02,$ 3400.00,5
755,09:30:02,$ 3400.00,28
757,09:30:02,$ 3400.00,9
758,09:30:02,$ 3400.00,2
759,09:30:02,$ 3400.00,3
760,09:30:02,$ 3400.00,4
761,09:30:02,$ 3400.00,2
762,09:30:02,$ 3400.00,30
763,09:30:02,$ 3400.00,26
764,09:30:02,$ 3400.00,4
765,09:30:02,$ 3400.00,1
766,09:30:02,$ 3400.00,5
767,09:30:02,$ 3400.00,2
768,09:30:02,$ 3400.00,4
769,09:30:02,$ 3400.00,3
770,09:30:02,$ 3400.00,5
771,09:30:02,$ 3400.00,2
772,09:30:02,$ 3400.00,8
773,09:30:02,$ 3400.00,3
774,09:30:02,$ 3400.00,4
775,09:30:02,$ 3400.00,59
776,09:30:02,$ 3400.00,5
778,09:30:02,$ 3400.00,3
779,09:30:02,$ 3400.00,2
780,09:30:02,$ 3400.00,3
781,09:30:02,$ 3400.00,3
782,09:30:02,$ 3400.00,3
783,09:30:02,$ 3400.00,2
784,09:30:02,$ 3400.00,4
785,09:30:02,$ 3400.00,4
786,09:30:02,$ 3400.00,3
787,09:30:02,$ 3400.00,2
788,09:30:02,$ 3400.00,3
789,09:30:02,$ 3400.00,1
790,09:30:02,$ 3400.00,21
791,09:30:02,$ 3400.00,6
792,09:30:02,$ 3400.00,28
793,09:30:02,$ 3400.00,10
794,09:30:02,$ 3400.00,30
795,09:30:02,$ 3400.00,5
796,09:30:02,$ 3400.00,41
797,09:30:02,$ 3400.00,5
799,09:30:02,$ 3400.00,5
800,09:30:02,$ 3400.00,5
801,09:30:02,$ 3400.00,10
802,09:30:02,$ 3400.00,1
803,09:30:02,$ 3400.00,27
804,09:30:02,$ 3400.00,3
805,09:30:02,$ 3400.00,30
806,09:30:02,$ 3400.00,2
807,09:30:02,$ 3400.00,35
808,09:30:02,$ 3400.00,20
809,09:30:02,$ 3400.00,35
810,09:30:02,$ 3400.00,2
811,09:30:02,$ 3400.00,2
812,09:30:02,$ 3400.00,1
813,09:30:02,$ 3400.00,5
814,09:30:02,$ 3400.00,1
815,09:30:02,$ 3400.00,5
816,09:30:02,$ 3400.00,1
817,09:30:02,$ 3400.00,30
818,09:30:02,$ 3400.00,3
820,09:30:02,$ 3400.00,10
821,09:30:02,$ 3400.00,4
822,09:30:02,$ 3400.00,1
823,09:30:02,$ 3400.00,1
824,09:30:02,$ 3400.00,6
825,09:30:02,$ 3400.00,1
826,09:30:02,$ 3400.00,5
827,09:30:02,$ 3400.00,23
828,09:30:02,$ 3400.00,10
829,09:30:02,$ 3400.00,3
830,09:30:02,$ 3400.00,6
831,09:30:02,$ 3400.00,48
832,09:30:02,$ 3400.00,4
833,09:30:02,$ 3400.00,1
834,09:30:02,$ 3400.00,9
835,09:30:02,$ 3400.00,1
836,09:30:02,$ 3400.00,2
837,09:30:02,$ 3400.00,30
838,09:30:02,$ 3400.00,60
839,09:30:02,$ 3400.00,7
841,09:30:02,$ 3400.00,100
842,09:30:02,$ 3400.00,8
843,09:30:02,$ 3400.00,44
844,09:30:02,$ 3400.00,1
845,09:30:02,$ 3400.00,4
846,09:30:02,$ 3400.00,3
847,09:30:02,$ 3400.00,3
848,09:30:02,$ 3400.00,10
849,09:30:02,$ 3400.00,3
850,09:30:02,$ 3400.00,7
851,09:30:02,$ 3400.00,1
852,09:30:02,$ 3400.00,5
853,09:30:02,$ 3400.00,8
854,09:30:02,$ 3400.00,1
855,09:30:02,$ 3400.00,2
856,09:30:02,$ 3400.00,3
857,09:30:02,$ 3400.00,2
858,09:30:02,$ 3400.00,24
859,09:30:02,$ 3400.00,2
860,09:30:02,$ 3400.00,1
862,09:30:02,$ 3400.00,3
863,09:30:02,$ 3400.00,2
864,09:30:02,$ 3400.00,3
865,09:30:02,$ 3400.00,6
866,09:30:02,$ 3400.00,6
867,09:30:02,$ 3400.00,2
868,09:30:02,$ 3400.00,4
869,09:30:02,$ 3400.00,1
870,09:30:02,$ 3400.00,1
871,09:30:02,$ 3400.00,2
872,09:30:02,$ 3400.00,13
873,09:30:02,$ 3400.00,6
874,09:30:02,$ 3400.00,1
875,09:30:02,$ 3400.00,1
876,09:30:02,$ 3400.00,1
877,09:30:02,$ 3400.00,3
878,09:30:02,$ 3400.00,300
879,09:30:02,$ 3400.00,1
880,09:30:02,$ 3400.00,3
881,09:30:02,$ 3400.00,1
883,09:30:02,$ 3400.00,3
884,09:30:02,$ 3400.00,1
885,09:30:02,$ 3400.00,2
886,09:30:02,$ 3400.00,12
887,09:30:02,$ 3400.00,1
888,09:30:02,$ 3400.00,2
889,09:30:02,$ 3400.00,3
890,09:30:02,$ 3400.00,1
891,09:30:02,$ 3400.00,1
892,09:30:02,$ 3400.00,1
893,09:30:02,$ 3400.00,3
894,09:30:02,$ 3400.00,30
895,09:30:02,$ 3400.00,1
896,09:30:02,$ 3400.00,30
897,09:30:02,$ 3400.00,1
898,09:30:02,$ 3400.00,43
899,09:30:02,$ 3400.00,27
900,09:30:02,$ 3400.00,28
901,09:30:02,$ 3400.00,5
902,09:30:02,$ 3400.00,3
904,09:30:02,$ 3400.00,1
905,09:30:02,$ 3400.00,3
906,09:30:02,$ 3400.00,10
907,09:30:02,$ 3400.00,3
908,09:30:02,$ 3400.00,4
909,09:30:02,$ 3400.00,2
910,09:30:02,$ 3400.00,30
911,09:30:02,$ 3400.00,5
912,09:30:02,$ 3400.00,2
913,09:30:02,$ 3400.00,10
914,09:30:02,$ 3400.00,1
915,09:30:02,$ 3400.00,1
916,09:30:02,$ 3400.00,1
917,09:30:02,$ 3400.00,1
918,09:30:02,$ 3400.00,1
919,09:30:02,$ 3400.00,2
920,09:30:02,$ 3400.00,1
921,09:30:02,$ 3400.00,1
922,09:30:02,$ 3400.00,3
923,09:30:02,$ 3400.00,1
925,09:30:02,$ 3400.00,1
926,09:30:02,$ 3400.00,1
927,09:30:02,$ 3400.00,1
928,09:30:02,$ 3400.00,13
929,09:30:02,$ 3400.00,1
930,09:30:02,$ 3400.00,"2,000"
931,09:30:02,$ 3400.00,2
932,09:30:02,$ 3400.00,4
933,09:30:02,$ 3400.00,10
934,09:30:02,$ 3400.00,1
935,09:30:02,$ 3400.00,1
936,09:30:02,$ 3400.00,1
937,09:30:02,$ 3400.00,60
938,09:30:02,$ 3400.00,2
939,09:30:02,$ 3400.00,3
940,09:30:02,$ 3400.00,4
941,09:30:02,$ 3400.00,3
942,09:30:02,$ 3400.00,10
943,09:30:02,$ 3400.00,10
944,09:30:02,$ 3400.00,1
946,09:30:02,$ 3400.00,29
947,09:30:02,$ 3400.00,1
948,09:30:02,$ 3400.00,2
949,09:30:02,$ 3400.00,1
950,09:30:02,$ 3400.00,1
951,09:30:02,$ 3400.00,1
952,09:30:02,$ 3400.00,3
953,09:30:02,$ 3400.00,2
954,09:30:02,$ 3400.00,1
955,09:30:02,$ 3400.00,50
956,09:30:02,$ 3400.00,1
957,09:30:02,$ 3400.00,6
958,09:30:02,$ 3400.00,1
959,09:30:02,$ 3400.00,5
960,09:30:02,$ 3400.00,15
961,09:30:02,$ 3400.00,1
962,09:30:02,$ 3400.00,5
963,09:30:02,$ 3400.00,1
964,09:30:02,$ 3400.00,1
965,09:30:02,$ 3400.00,1
967,09:30:02,$ 3400.00,8
968,09:30:02,$ 3400.00,30
969,09:30:02,$ 3400.00,5
970,09:30:02,$ 3400.00,1
971,09:30:02,$ 3400.00,20
972,09:30:02,$ 3400.00,18
973,09:30:02,$ 3400.00,1
974,09:30:02,$ 3400.00,7
975,09:30:02,$ 3400.00,3
976,09:30:02,$ 3400.00,5
977,09:30:02,$ 3400.00,5
978,09:30:02,$ 3400.00,1
979,09:30:02,$ 3400.00,4
980,09:30:02,$ 3400.00,3
981,09:30:02,$ 3400.00,2
982,09:30:02,$ 3400.00,11
983,09:30:02,$ 3400.00,10
984,09:30:02,$ 3400.00,3
985,09:30:02,$ 3400.00,3
986,09:30:02,$ 3400.00,44
988,09:30:02,$ 3400.00,4
989,09:30:02,$ 3400.00,15
990,09:30:02,$ 3400.00,30
991,09:30:02,$ 3400.00,1
992,09:30:02,$ 3400.00,30
993,09:30:02,$ 3400.00,1
994,09:30:02,$ 3400.00,2
995,09:30:02,$ 3400.00,13
996,09:30:02,$ 3400.00,1
997,09:30:02,$ 3400.00,10
998,09:30:02,$ 3400.00,2
999,09:30:02,$ 3400.00,2
1000,09:30:02,$ 3400.00,1
1001,09:30:02,$ 3400.00,925
1002,09:30:02,$ 3400.00,10
1003,09:30:02,$ 3400.00,1
1004,09:30:02,$ 3400.00,2
1005,09:30:02,$ 3400.00,1
1006,09:30:02,$ 3400.00,10
1007,09:30:02,$ 3400.00,1
1009,09:30:02,$ 3400.00,1
1010,09:30:02,$ 3400.00,1
1011,09:30:02,$ 3400.00,1
1012,09:30:02,$ 3400.00,2
1013,09:30:02,$ 3400.00,2
1014,09:30:02,$ 3400.00,2
1015,09:30:02,$ 3400.00,2
1016,09:30:02,$ 3400.00,3
1017,09:30:02,$ 3400.00,7
1018,09:30:02,$ 3400.00,3
1019,09:30:02,$ 3400.00,1
1020,09:30:02,$ 3400.00,1
1021,09:30:02,$ 3400.00,4
1022,09:30:02,$ 3400.00,1
1023,09:30:02,$ 3400.00,5
1024,09:30:02,$ 3400.00,2
1025,09:30:02,$ 3400.00,1
1026,09:30:02,$ 3400.00,8
1027,09:30:02,$ 3400.00,1
1028,09:30:02,$ 3400.00,2
1030,09:30:02,$ 3400.00,5
1031,09:30:02,$ 3400.00,1
1032,09:30:02,$ 3400.00,1
1033,09:30:02,$ 3400.00,1
1034,09:30:02,$ 3400.00,3
1035,09:30:02,$ 3400.00,2
1036,09:30:02,$ 3400.00,1
1037,09:30:02,$ 3400.00,1
1038,09:30:02,$ 3400.00,1
1039,09:30:02,$ 3400.00,3
1040,09:30:02,$ 3400.00,1
1041,09:30:02,$ 3400.00,1
1042,09:30:02,$ 3400.00,2
1043,09:30:02,$ 3400.00,1
1044,09:30:02,$ 3400.00,21
1045,09:30:02,$ 3400.00,2
1046,09:30:02,$ 3400.00,1
1047,09:30:02,$ 3400.00,1
1048,09:30:02,$ 3400.00,5
1049,09:30:02,$ 3400.00,3
1051,09:30:02,$ 3400.00,3
1052,09:30:02,$ 3400.00,4
1053,09:30:02,$ 3400.00,1
1054,09:30:02,$ 3400.00,1
1055,09:30:02,$ 3400.00,2
1056,09:30:02,$ 3400.00,1
1057,09:30:02,$ 3400.00,2
1058,09:30:02,$ 3400.00,1
1059,09:30:02,$ 3400.00,5
1060,09:30:02,$ 3400.00,12
1061,09:30:02,$ 3400.00,2
1062,09:30:02,$ 3400.00,2
1063,09:30:02,$ 3400.00,5
1064,09:30:02,$ 3400.00,7
1065,09:30:02,$ 3400.00,100
1066,09:30:02,$ 3400.00,5
1067,09:30:02,$ 3400.00,3
1068,09:30:02,$ 3400.00,4
1069,09:30:02,$ 3400.00,40
1070,09:30:02,$ 3400.00,2
1072,09:30:02,$ 3400.00,15
1073,09:30:02,$ 3400.00,2
1074,09:30:02,$ 3400.00,1
1075,09:30:02,$ 3400.00,1
1076,09:30:02,$ 3400.00,1
1077,09:30:02,$ 3400.00,8
1078,09:30:02,$ 3400.00,3
1079,09:30:02,$ 3400.00,1
1080,09:30:02,$ 3400.00,1
1081,09:30:02,$ 3400.00,3
1082,09:30:02,$ 3400.00,16
1083,09:30:02,$ 3400.00,8
1084,09:30:02,$ 3400.00,3
1085,09:30:02,$ 3400.00,1
1086,09:30:02,$ 3400.00,11
1087,09:30:02,$ 3400.00,1
1088,09:30:02,$ 3400.00,1
1089,09:30:02,$ 3400.00,2
1090,09:30:02,$ 3400.00,2
1091,09:30:02,$ 3400.00,10
1093,09:30:02,$ 3400.00,1
1094,09:30:02,$ 3400.00,14
1095,09:30:02,$ 3400.00,5
1096,09:30:02,$ 3400.00,1
1097,09:30:02,$ 3400.00,1
1098,09:30:02,$ 3400.00,3
1099,09:30:02,$ 3400.00,6
1100,09:30:02,$ 3400.00,5
1101,09:30:02,$ 3400.00,32
1102,09:30:02,$ 3400.00,2
1103,09:30:02,$ 3400.00,100
1104,09:30:02,$ 3400.00,1
1105,09:30:02,$ 3400.00,1
1106,09:30:02,$ 3400.00,2
1107,09:30:02,$ 3400.00,1
1108,09:30:02,$ 3400.00,10
1109,09:30:02,$ 3400.00,50
1110,09:30:02,$ 3400.00,1
1111,09:30:02,$ 3400.00,4
1112,09:30:02,$ 3400.00,3
1114,09:30:02,$ 3400.00,10
1115,09:30:02,$ 3400.00,5
1116,09:30:02,$ 3400.00,1
1117,09:30:02,$ 3400.00,1
1118,09:30:02,$ 3400.00,4
1119,09:30:02,$ 3400.00,2
1120,09:30:02,$ 3400.00,5
1121,09:30:02,$ 3400.00,1
1122,09:30:02,$ 3400.00,1
1123,09:30:02,$ 3400.00,1
1124,09:30:02,$ 3400.00,5
1125,09:30:02,$ 3400.00,1
1126,09:30:02,$ 3400.00,116
1127,09:30:02,$ 3400.00,1
1128,09:30:02,$ 3400.00,1
1129,09:30:02,$ 3400.00,1
1130,09:30:02,$ 3400.00,3
1131,09:30:02,$ 3400.00,1
1132,09:30:02,$ 3400.00,1
1133,09:30:02,$ 3400.00,7
1135,09:30:02,$ 3400.00,6
1136,09:30:02,$ 3400.00,14
1137,09:30:02,$ 3400.00,5
1138,09:30:02,$ 3400.00,1
1139,09:30:02,$ 3400.00,5
1140,09:30:02,$ 3400.00,14
1141,09:30:02,$ 3400.00,3
1142,09:30:02,$ 3400.00,3
1143,09:30:02,$ 3400.00,15
1144,09:30:02,$ 3400.00,2
1145,09:30:02,$ 3400.00,25
1146,09:30:02,$ 3400.00,1
1147,09:30:02,$ 3400.00,3
1148,09:30:02,$ 3400.00,1
1149,09:30:02,$ 3400.00,2
1150,09:30:02,$ 3400.00,1
1151,09:30:02,$ 3400.00,10
1152,09:30:02,$ 3400.00,2
1153,09:30:02,$ 3400.00,5
1154,09:30:02,$ 3400.00,4
1156,09:30:02,$ 3400.00,6
1157,09:30:02,$ 3400.00,5
1158,09:30:02,$ 3400.00,11
1159,09:30:02,$ 3400.00,10
1160,09:30:02,$ 3400.00,1
1161,09:30:02,$ 3400.00,4
1162,09:30:02,$ 3400.00,1
1163,09:30:02,$ 3400.00,2
1164,09:30:02,$ 3400.00,1
1165,09:30:02,$ 3400.00,1
1166,09:30:02,$ 3400.00,5
1167,09:30:02,$ 3400.00,1
1168,09:30:02,$ 3400.00,2
1169,09:30:02,$ 3400.00,5
1170,09:30:02,$ 3400.00,1
1171,09:30:02,$ 3400.00,10
1172,09:30:02,$ 3400.00,1
1173,09:30:02,$ 3400.00,2
1174,09:30:02,$ 3400.00,50
1175,09:30:02,$ 3400.00,5
1177,09:30:02,$ 3400.00,1
1178,09:30:02,$ 3400.00,20
1179,09:30:02,$ 3400.00,1
1180,09:30:02,$ 3400.00,1
1181,09:30:02,$ 3400.00,50
1182,09:30:02,$ 3400.00,155
1183,09:30:02,$ 3400.00,25
1184,09:30:02,$ 3400.00,1
1185,09:30:02,$ 3400.00,288
1186,09:30:02,$ 3400.00,1
1187,09:30:02,$ 3400.00,3
1188,09:30:02,$ 3400.00,1
1189,09:30:02,$ 3400.00,2
1190,09:30:02,$ 3400.00,1
1191,09:30:02,$ 3400.00,2
1192,09:30:02,$ 3400.00,25
1193,09:30:02,$ 3400.00,2
1194,09:30:02,$ 3400.00,4
1195,09:30:02,$ 3400.00,8
1196,09:30:02,$ 3400.00,8
1198,09:30:02,$ 3400.00,79
1199,09:30:02,$ 3400.00,8
1200,09:30:02,$ 3400.00,6
1201,09:30:02,$ 3400.00,9
1202,09:30:02,$ 3400.00,7
1203,09:30:02,$ 3400.00,54
1204,09:30:02,$ 3400.00,1
1205,09:30:02,$ 3400.00,18
1206,09:30:02,$ 3400.00,3
1207,09:30:02,$ 3400.00,2
1208,09:30:02,$ 3400.00,2
1209,09:30:02,$ 3400.00,4
1210,09:30:02,$ 3400.00,24
1211,09:30:02,$ 3400.00,8
1212,09:30:02,$ 3400.00,2
1213,09:30:02,$ 3400.00,7
1214,09:30:02,$ 3400.00,3
1215,09:30:02,$ 3400.00,1
1216,09:30:02,$ 3400.00,2
1217,09:30:02,$ 3400.00,20
1219,09:30:02,$ 3400.00,25
1220,09:30:02,$ 3400.00,2
1221,09:30:02,$ 3400.00,1
1222,09:30:02,$ 3400.00,1
1223,09:30:02,$ 3400.00,1
1224,09:30:02,$ 3400.00,1
1225,09:30:02,$ 3400.00,1
1226,09:30:02,$ 3400.00,1
1227,09:30:02,$ 3400.00,1
1228,09:30:02,$ 3400.00,1
1229,09:30:02,$ 3400.00,1
1230,09:30:02,$ 3400.00,1
1231,09:30:02,$ 3400.00,1
1232,09:30:02,$ 3400.00,1
1233,09:30:02,$ 3400.00,1
1234,09:30:02,$ 3400.00,1
1235,09:30:02,$ 3400.00,1
1236,09:30:02,$ 3400.00,1
1237,09:30:02,$ 3400.00,1
1238,09:30:02,$ 3400.00,1
1240,09:30:02,$ 3400.00,1
1241,09:30:02,$ 3400.00,1
1242,09:30:02,$ 3400.00,1
1243,09:30:02,$ 3400.00,1
1244,09:30:02,$ 3400.00,1
1245,09:30:02,$ 3400.00,1
1246,09:30:02,$ 3400.00,1
1247,09:30:02,$ 3400.00,1
1248,09:30:02,$ 3400.00,1
1249,09:30:02,$ 3400.00,1
1250,09:30:02,$ 3400.00,1
1251,09:30:02,$ 3400.00,1
1252,09:30:02,$ 3400.00,1
1253,09:30:02,$ 3400.00,1
1254,09:30:02,$ 3400.00,1
1255,09:30:02,$ 3400.00,1
1256,09:30:02,$ 3400.00,1
1257,09:30:02,$ 3400.00,1
1258,09:30:02,$ 3400.00,1
1259,09:30:02,$ 3400.00,1
1261,09:30:02,$ 3400.00,1
1262,09:30:02,$ 3400.00,1
1263,09:30:02,$ 3400.00,1
1264,09:30:02,$ 3400.00,1
1265,09:30:02,$ 3400.00,1
1266,09:30:02,$ 3400.00,1
1267,09:30:02,$ 3400.00,100
1268,09:30:02,$ 3400.00,1
1269,09:30:02,$ 3400.00,5
1270,09:30:02,$ 3400.00,3
1271,09:30:02,$ 3400.00,2
1272,09:30:02,$ 3400.00,6
1273,09:30:02,$ 3400.00,1
1274,09:30:02,$ 3400.00,1
1275,09:30:02,$ 3400.00,5
1276,09:30:02,$ 3400.00,1
1277,09:30:02,$ 3400.00,100
1278,09:30:02,$ 3400.00,1
1279,09:30:02,$ 3400.00,14
1280,09:30:02,$ 3400.00,25
1282,09:30:02,$ 3400.00,1
1283,09:30:02,$ 3400.00,1
1284,09:30:02,$ 3400.00,1
1285,09:30:02,$ 3400.00,1
1286,09:30:02,$ 3400.00,1
1287,09:30:02,$ 3400.00,1
1288,09:30:02,$ 3400.00,3
1289,09:30:02,$ 3400.00,1
1290,09:30:02,$ 3400.00,1
1291,09:30:02,$ 3400.00,1
1292,09:30:02,$ 3400.00,15
1293,09:30:02,$ 3400.00,1
1294,09:30:02,$ 3400.00,1
1295,09:30:02,$ 3400.00,1
1296,09:30:02,$ 3400.00,1
1297,09:30:02,$ 3400.00,1
1298,09:30:02,$ 3400.00,30
1299,09:30:02,$ 3400.00,1
1300,09:30:02,$ 3400.00,2
1301,09:30:02,$ 3400.00,1
1303,09:30:02,$ 3400.00,10
1304,09:30:02,$ 3400.00,3
1305,09:30:02,$ 3400.00,1
1306,09:30:02,$ 3400.00,3
1307,09:30:02,$ 3400.00,5
1308,09:30:02,$ 3400.00,3
1309,09:30:02,$ 3400.00,1
1310,09:30:02,$ 3400.00,2
1311,09:30:02,$ 3400.00,3
1312,09:30:02,$ 3400.00,1
1313,09:30:02,$ 3400.00,1
1314,09:30:02,$ 3400.00,1
1315,09:30:02,$ 3400.00,1
1316,09:30:02,$ 3400.00,1
1317,09:30:02,$ 3400.00,1
1318,09:30:02,$ 3400.00,5
1319,09:30:02,$ 3400.00,5
1320,09:30:02,$ 3400.00,1
1321,09:30:02,$ 3400.00,1
1322,09:30:02,$ 3400.00,5
1324,09:30:02,$ 3400.00,1
1325,09:30:02,$ 3400.00,1
1326,09:30:02,$ 3400.00,3
1327,09:30:02,$ 3400.00,1
1328,09:30:02,$ 3400.00,1
1329,09:30:02,$ 3400.00,1
1330,09:30:02,$ 3400.00,1
1331,09:30:02,$ 3400.00,1
1332,09:30:02,$ 3400.00,1
1333,09:30:02,$ 3400.00,1
1334,09:30:02,$ 3400.00,1
1335,09:30:02,$ 3400.00,1
1336,09:30:02,$ 3400.00,1
1337,09:30:02,$ 3400.00,1
1338,09:30:02,$ 3400.00,1
1339,09:30:02,$ 3400.00,1
1340,09:30:02,$ 3400.00,1
1341,09:30:02,$ 3400.00,1
1342,09:30:02,$ 3400.00,1
1343,09:30:02,$ 3400.00,1
1345,09:30:02,$ 3400.00,1
1346,09:30:02,$ 3400.00,1
1347,09:30:02,$ 3400.00,1
1348,09:30:02,$ 3400.00,1
1349,09:30:02,$ 3400.00,1
1350,09:30:02,$ 3400.00,1
1351,09:30:02,$ 3400.00,1
1352,09:30:02,$ 3400.00,1
1353,09:30:02,$ 3400.00,1
1354,09:30:02,$ 3400.00,1
1355,09:30:02,$ 3400.00,1
1356,09:30:02,$ 3400.00,1
1357,09:30:02,$ 3400.00,1
1358,09:30:02,$ 3400.00,1
1359,09:30:02,$ 3400.00,1
1360,09:30:02,$ 3400.00,1
1361,09:30:02,$ 3400.00,1
1362,09:30:02,$ 3400.00,1
1363,09:30:02,$ 3400.00,1
1364,09:30:02,$ 3400.00,1
1366,09:30:02,$ 3400.00,1
1367,09:30:02,$ 3400.00,1
1368,09:30:02,$ 3400.00,1
1369,09:30:02,$ 3400.00,1
1370,09:30:02,$ 3400.00,1
1371,09:30:02,$ 3400.00,1
1372,09:30:02,$ 3400.00,1
1373,09:30:02,$ 3400.00,1
1374,09:30:02,$ 3400.00,1
1375,09:30:02,$ 3400.00,1
1376,09:30:02,$ 3400.00,10
1377,09:30:02,$ 3400.00,1
1378,09:30:02,$ 3400.00,1
1379,09:30:02,$ 3400.00,1
1380,09:30:02,$ 3400.00,1
1381,09:30:02,$ 3400.00,1
1382,09:30:02,$ 3400.00,1
1383,09:30:02,$ 3400.00,1
1384,09:30:02,$ 3400.00,1
1385,09:30:02,$ 3400.00,1
1387,09:30:02,$ 3400.00,1
1388,09:30:02,$ 3400.00,1
1389,09:30:02,$ 3400.00,1
1390,09:30:02,$ 3400.00,1
1391,09:30:02,$ 3400.00,3
1392,09:30:02,$ 3400.00,1
1393,09:30:02,$ 3400.00,1
1394,09:30:02,$ 3400.00,1
1395,09:30:02,$ 3400.00,1
1396,09:30:02,$ 3400.00,1
1397,09:30:02,$ 3400.00,1
1398,09:30:02,$ 3400.00,1
1399,09:30:02,$ 3400.00,1
1400,09:30:02,$ 3400.00,1
1401,09:30:02,$ 3400.00,1
1402,09:30:02,$ 3400.00,1
1403,09:30:02,$ 3400.00,1
1404,09:30:02,$ 3400.00,1
1405,09:30:02,$ 3400.00,1
1406,09:30:02,$ 3400.00,1
1408,09:30:02,$ 3400.00,1
1409,09:30:02,$ 3400.00,1
1410,09:30:02,$ 3400.00,1
1411,09:30:02,$ 3400.00,1
1412,09:30:02,$ 3400.00,1
1413,09:30:02,$ 3400.00,1
1414,09:30:02,$ 3400.00,1
1415,09:30:02,$ 3400.00,1
1416,09:30:02,$ 3400.00,1
1417,09:30:02,$ 3400.00,1
1418,09:30:02,$ 3400.00,1
1419,09:30:02,$ 3400.00,1
1420,09:30:02,$ 3400.00,1
1421,09:30:02,$ 3400.00,1
1422,09:30:02,$ 3400.00,1
1423,09:30:02,$ 3400.00,1
1424,09:30:02,$ 3400.00,1
1425,09:30:02,$ 3400.00,1
1426,09:30:02,$ 3400.00,1
1427,09:30:02,$ 3400.00,1
1429,09:30:02,$ 3400.00,1
1430,09:30:02,$ 3400.00,1
1431,09:30:02,$ 3400.00,1
1432,09:30:02,$ 3400.00,77
1433,09:30:02,$ 3400.00,1
1434,09:30:02,$ 3400.00,1
1435,09:30:02,$ 3400.00,1
1436,09:30:02,$ 3400.00,1
1437,09:30:02,$ 3400.00,1
1438,09:30:02,$ 3400.00,1
1439,09:30:02,$ 3400.00,1
1440,09:30:02,$ 3400.00,1
1441,09:30:02,$ 3400.00,1
1442,09:30:02,$ 3400.00,1
1443,09:30:02,$ 3400.00,1
1444,09:30:02,$ 3400.00,1
1445,09:30:02,$ 3400.00,1
1446,09:30:02,$ 3400.00,1
1447,09:30:02,$ 3400.00,1
1448,09:30:02,$ 3400.00,1
1450,09:30:02,$ 3400.00,1
1451,09:30:02,$ 3400.00,1
1452,09:30:02,$ 3400.00,1
1453,09:30:02,$ 3400.00,1
1454,09:30:02,$ 3400.00,1
1455,09:30:02,$ 3400.00,1
1456,09:30:02,$ 3400.00,1
1457,09:30:02,$ 3400.00,1
1458,09:30:02,$ 3400.00,1
1459,09:30:02,$ 3400.00,1
1460,09:30:02,$ 3400.00,1
1461,09:30:02,$ 3400.00,1
1462,09:30:02,$ 3400.00,1
1463,09:30:02,$ 3400.00,1
1464,09:30:02,$ 3400.00,1
1465,09:30:02,$ 3400.00,1
1466,09:30:02,$ 3400.00,1
1467,09:30:02,$ 3400.00,1
1468,09:30:02,$ 3400.00,1
1469,09:30:02,$ 3400.00,1
1471,09:30:02,$ 3400.00,1
1472,09:30:02,$ 3400.00,1
1473,09:30:02,$ 3400.00,1
1474,09:30:02,$ 3400.00,1
1475,09:30:02,$ 3400.00,1
1476,09:30:02,$ 3400.00,1
1477,09:30:02,$ 3400.00,1
1478,09:30:02,$ 3400.00,1
1479,09:30:02,$ 3400.00,1
1480,09:30:02,$ 3400.00,1
1481,09:30:02,$ 3400.00,1
1482,09:30:02,$ 3400.00,1
1483,09:30:02,$ 3400.00,1
1484,09:30:02,$ 3400.00,1
1485,09:30:02,$ 3400.00,1
1486,09:30:02,$ 3400.00,1
1487,09:30:02,$ 3400.00,1
1488,09:30:02,$ 3400.00,1
1489,09:30:02,$ 3400.00,1
1490,09:30:02,$ 3400.00,1
1492,09:30:02,$ 3400.00,1
1493,09:30:02,$ 3400.00,1
1494,09:30:02,$ 3400.00,1
1495,09:30:02,$ 3400.00,1
1496,09:30:02,$ 3400.00,1
1497,09:30:02,$ 3400.00,1
1498,09:30:02,$ 3400.00,1
1499,09:30:02,$ 3400.00,1
1500,09:30:02,$ 3400.00,3
1501,09:30:02,$ 3400.00,1
1502,09:30:02,$ 3400.00,3
1503,09:30:02,$ 3400.00,1
1504,09:30:02,$ 3400.00,10
1505,09:30:02,$ 3400.00,1
1506,09:30:02,$ 3400.00,10
1507,09:30:02,$ 3400.00,3
1508,09:30:02,$ 3400.00,1
1509,09:30:02,$ 3400.00,3
1510,09:30:02,$ 3400.00,27
1511,09:30:02,$ 3400.00,1
1513,09:30:02,$ 3400.00,1
1514,09:30:02,$ 3400.00,1
1515,09:30:02,$ 3400.00,1
1516,09:30:02,$ 3400.00,2
1517,09:30:02,$ 3400.00,1
1518,09:30:02,$ 3400.00,1
1519,09:30:02,$ 3400.00,4
1520,09:30:02,$ 3400.00,25
1521,09:30:02,$ 3400.00,1
1522,09:30:02,$ 3400.00,2
1523,09:30:02,$ 3400.00,1
1524,09:30:02,$ 3400.00,5
1525,09:30:02,$ 3400.00,2
1526,09:30:02,$ 3400.00,2
1527,09:30:02,$ 3400.00,10
1528,09:30:02,$ 3400.00,1
1529,09:30:02,$ 3400.00,1
1530,09:30:02,$ 3400.00,1
1531,09:30:02,$ 3400.00,1
1532,09:30:02,$ 3400.00,10
1534,09:30:02,$ 3400.00,1
1535,09:30:02,$ 3400.00,7
1536,09:30:02,$ 3400.00,1
1537,09:30:02,$ 3400.00,10
1538,09:30:02,$ 3400.00,5
1539,09:30:02,$ 3400.00,11
1540,09:30:02,$ 3400.00,1
1541,09:30:02,$ 3400.00,1
1542,09:30:02,$ 3400.00,2
1543,09:30:02,$ 3400.00,15
1544,09:30:02,$ 3400.00,10
1545,09:30:02,$ 3400.00,5
1546,09:30:02,$ 3400.00,10
1547,09:30:02,$ 3400.00,10
1548,09:30:02,$ 3400.00,1
1549,09:30:02,$ 3400.00,1
1550,09:30:02,$ 3400.00,2
1551,09:30:02,$ 3400.00,44
1552,09:30:02,$ 3400.00,2
1553,09:30:02,$ 3400.00,1
1555,09:30:02,$ 3400.00,1
1556,09:30:02,$ 3400.00,1
1557,09:30:02,$ 3400.00,75
1558,09:30:02,$ 3400.00,3
1559,09:30:02,$ 3400.00,1
1560,09:30:02,$ 3400.00,6
1561,09:30:02,$ 3400.00,1
1562,09:30:02,$ 3400.00,3
1563,09:30:02,$ 3400.00,5
1564,09:30:02,$ 3400.00,5
1565,09:30:02,$ 3400.00,1
1566,09:30:02,$ 3400.00,1
1567,09:30:02,$ 3400.00,2
1568,09:30:02,$ 3400.00,1
1569,09:30:02,$ 3400.00,1
1570,09:30:02,$ 3400.00,2
1571,09:30:02,$ 3400.00,2
1572,09:30:02,$ 3400.00,1
1573,09:30:02,$ 3400.00,1
1574,09:30:02,$ 3400.00,1
1576,09:30:02,$ 3400.00,4
1577,09:30:02,$ 3400.00,1
1578,09:30:02,$ 3400.00,4
1579,09:30:02,$ 3400.00,5
1580,09:30:02,$ 3400.00,52
1581,09:30:02,$ 3400.00,1
1582,09:30:02,$ 3400.00,20
1583,09:30:02,$ 3400.00,2
1584,09:30:02,$ 3400.00,17
1585,09:30:02,$ 3400.00,1
1586,09:30:02,$ 3400.00,1
1587,09:30:02,$ 3400.00,1
1588,09:30:02,$ 3400.00,1
1589,09:30:02,$ 3400.00,1
1590,09:30:02,$ 3400.00,1
1591,09:30:02,$ 3400.00,1
1592,09:30:02,$ 3400.00,1
1593,09:30:02,$ 3400.00,1
1594,09:30:02,$ 3400.00,1
1595,09:30:02,$ 3400.00,1
1597,09:30:02,$ 3400.00,1
1598,09:30:02,$ 3400.00,1
1599,09:30:02,$ 3400.00,1
1600,09:30:02,$ 3400.00,1
1601,09:30:02,$ 3400.00,1
1602,09:30:02,$ 3400.00,15
1603,09:30:02,$ 3400.00,14
1604,09:30:02,$ 3400.00,4
1605,09:30:02,$ 3400.00,30
1606,09:30:02,$ 3400.00,5
1607,09:30:02,$ 3400.00,7
1608,09:30:02,$ 3400.00,7
1609,09:30:02,$ 3400.00,1
1610,09:30:02,$ 3400.00,1
1611,09:30:02,$ 3400.00,1
1612,09:30:02,$ 3400.00,1
1613,09:30:02,$ 3400.00,1
1614,09:30:02,$ 3400.00,1
1615,09:30:02,$ 3400.00,1
1616,09:30:02,$ 3400.00,1
1618,09:30:02,$ 3400.00,1
1619,09:30:02,$ 3400.00,1
1620,09:30:02,$ 3400.00,1
1621,09:30:02,$ 3400.00,1
1622,09:30:02,$ 3400.00,1
1623,09:30:02,$ 3400.00,1
1624,09:30:02,$ 3400.00,1
1625,09:30:02,$ 3400.00,1
1626,09:30:02,$ 3400.00,1
1627,09:30:02,$ 3400.00,1
1628,09:30:02,$ 3400.00,1
1629,09:30:02,$ 3400.00,1
1630,09:30:02,$ 3400.00,1
1631,09:30:02,$ 3400.00,1
1632,09:30:02,$ 3400.00,1
1633,09:30:02,$ 3400.00,1
1634,09:30:02,$ 3400.00,1
1635,09:30:02,$ 3400.00,1
1636,09:30:02,$ 3400.00,1
1637,09:30:02,$ 3400.00,1
1639,09:30:02,$ 3400.00,1
1640,09:30:02,$ 3400.00,1
1641,09:30:02,$ 3400.00,1
1642,09:30:02,$ 3400.00,10
1643,09:30:02,$ 3400.00,1
1644,09:30:02,$ 3400.00,1
1645,09:30:02,$ 3400.00,1
1646,09:30:02,$ 3400.00,1
1647,09:30:02,$ 3400.00,1
1648,09:30:02,$ 3400.00,1
1649,09:30:02,$ 3400.00,1
1650,09:30:02,$ 3400.00,1
1651,09:30:02,$ 3400.00,1
1652,09:30:02,$ 3400.00,1
1653,09:30:02,$ 3400.00,1
1654,09:30:02,$ 3400.00,1
1655,09:30:02,$ 3400.00,1
1656,09:30:02,$ 3400.00,1
1657,09:30:02,$ 3400.00,1
1658,09:30:02,$ 3400.00,1
1660,09:30:02,$ 3400.00,1
1661,09:30:02,$ 3400.00,1
1662,09:30:02,$ 3400.00,1
1663,09:30:02,$ 3400.00,1
1664,09:30:02,$ 3400.00,1
1665,09:30:02,$ 3400.00,1
1666,09:30:02,$ 3400.00,1
1667,09:30:02,$ 3400.00,1
1668,09:30:02,$ 3400.00,1
1669,09:30:02,$ 3400.00,1
1670,09:30:02,$ 3400.00,1
1671,09:30:02,$ 3400.00,1
1672,09:30:02,$ 3400.00,1
1673,09:30:02,$ 3400.00,1
1674,09:30:02,$ 3400.00,1
1675,09:30:02,$ 3400.00,1
1676,09:30:02,$ 3400.00,1
1677,09:30:02,$ 3400.00,1
1678,09:30:02,$ 3400.00,1
1679,09:30:02,$ 3400.00,1
1681,09:30:02,$ 3400.00,1
1682,09:30:02,$ 3400.00,1
1683,09:30:02,$ 3400.00,1
1684,09:30:02,$ 3400.00,1
1685,09:30:02,$ 3400.00,1
1686,09:30:02,$ 3400.00,1
1687,09:30:02,$ 3400.00,1
1688,09:30:02,$ 3400.00,1
1689,09:30:02,$ 3400.00,1
1690,09:30:02,$ 3400.00,1
1691,09:30:02,$ 3400.00,1
1692,09:30:02,$ 3400.00,1
1693,09:30:02,$ 3400.00,1
1694,09:30:02,$ 3400.00,5
1695,09:30:02,$ 3400.00,8
1696,09:30:02,$ 3400.00,160
1697,09:30:02,$ 3400.00,6
1698,09:30:02,$ 3400.00,2
1699,09:30:02,$ 3400.00,7
1700,09:30:02,$ 3400.00,10
1702,09:30:02,$ 3400.00,28
1703,09:30:02,$ 3400.00,132
1704,09:30:02,$ 3400.00,120
1705,09:30:02,$ 3400.00,41
1706,09:30:02,$ 3400.00,6
1707,09:30:02,$ 3400.00,1
1708,09:30:02,$ 3400.00,1
1709,09:30:02,$ 3400.00,3
1710,09:30:02,$ 3400.00,75
1711,09:30:02,$ 3400.00,33
1712,09:30:02,$ 3400.00,2
1713,09:30:02,$ 3400.00,2
1714,09:30:02,$ 3400.00,25
1715,09:30:02,$ 3400.00,1
1716,09:30:02,$ 3400.00,3
1717,09:30:02,$ 3400.00,6
1718,09:30:02,$ 3400.00,2
1719,09:30:02,$ 3400.00,1
1720,09:30:02,$ 3400.00,1
1721,09:30:02,$ 3400.00,1
1723,09:30:02,$ 3400.00,1
1724,09:30:02,$ 3400.00,6
1725,09:30:02,$ 3400.00,1
1726,09:30:02,$ 3400.00,25
1727,09:30:02,$ 3400.00,10
1728,09:30:02,$ 3400.00,10
1729,09:30:02,$ 3400.00,1
1730,09:30:02,$ 3400.00,2
1731,09:30:02,$ 3400.00,1
1732,09:30:02,$ 3400.00,1
1733,09:30:02,$ 3400.00,10
1734,09:30:02,$ 3400.00,1
1735,09:30:02,$ 3400.00,3
1736,09:30:02,$ 3400.00,1
1737,09:30:02,$ 3400.00,1
1738,09:30:02,$ 3400.00,1
1739,09:30:02,$ 3400.00,1
1740,09:30:02,$ 3400.00,1
1741,09:30:02,$ 3400.00,10
1742,09:30:02,$ 3400.00,4
1744,09:30:02,$ 3400.00,11
1745,09:30:02,$ 3400.00,5
1746,09:30:02,$ 3400.00,3
1747,09:30:02,$ 3400.00,4
1748,09:30:02,$ 3400.00,14
1749,09:30:02,$ 3400.00,2
1750,09:30:02,$ 3400.00,2
1751,09:30:02,$ 3400.00,2
1752,09:30:02,$ 3400.00,1
1753,09:30:02,$ 3400.00,2
1754,09:30:02,$ 3400.00,15
1755,09:30:02,$ 3400.00,2
1756,09:30:02,$ 3400.00,40
1757,09:30:02,$ 3400.00,17
1758,09:30:02,$ 3400.00,8
1759,09:30:02,$ 3400.00,3
1760,09:30:02,$ 3400.00,1
1761,09:30:02,$ 3400.00,50
1762,09:30:02,$ 3400.00,10
1763,09:30:02,$ 3400.00,3
1765,09:30:02,$ 3400.00,1
1766,09:30:02,$ 3400.00,1
1767,09:30:02,$ 3400.00,1
1768,09:30:02,$ 3400.00,6
1769,09:30:02,$ 3400.00,2
1770,09:30:02,$ 3400.00,19
1771,09:30:02,$ 3400.00,1
1772,09:30:02,$ 3400.00,2
1773,09:30:02,$ 3400.00,1
1774,09:30:02,$ 3400.00,2
1775,09:30:02,$ 3400.00,1
1776,09:30:02,$ 3400.00,30
1777,09:30:02,$ 3400.00,9
1778,09:30:02,$ 3400.00,1
1779,09:30:02,$ 3400.00,2
1780,09:30:02,$ 3400.00,1
1781,09:30:02,$ 3400.00,200
1782,09:30:02,$ 3400.00,3
1783,09:30:02,$ 3400.00,25
1784,09:30:02,$ 3400.00,10
1786,09:30:02,$ 3400.00,126
1787,09:30:02,$ 3400.00,10
1788,09:30:02,$ 3400.00,120
1789,09:30:02,$ 3400.00,137
1790,09:30:02,$ 3400.00,1
1791,09:30:02,$ 3400.00,1
1792,09:30:02,$ 3400.00,14
1793,09:30:02,$ 3400.00,4
1794,09:30:02,$ 3400.00,2
1795,09:30:02,$ 3400.00,2
1796,09:30:02,$ 3400.00,1
1797,09:30:02,$ 3400.00,10
1798,09:30:02,$ 3400.00,12
1799,09:30:02,$ 3400.00,1
1800,09:30:02,$ 3400.00,1
1801,09:30:02,$ 3400.00,1
1802,09:30:02,$ 3400.00,1
1803,09:30:02,$ 3400.00,1
1804,09:30:02,$ 3400.00,1
1805,09:30:02,$ 3400.00,2
1807,09:30:02,$ 3400.00,1
1808,09:30:02,$ 3400.00,1
1809,09:30:02,$ 3400.00,2
1810,09:30:02,$ 3400.00,5
1811,09:30:02,$ 3400.00,1
1812,09:30:02,$ 3400.00,2
1813,09:30:02,$ 3400.00,1
1814,09:30:02,$ 3400.00,2
1815,09:30:02,$ 3400.00,1
1816,09:30:02,$ 3400.00,1
1817,09:30:02,$ 3400.00,1
1818,09:30:02,$ 3400.00,1
1819,09:30:02,$ 3400.00,1
1820,09:30:02,$ 3400.00,4
1821,09:30:02,$ 3400.00,5
1822,09:30:02,$ 3400.00,1
1823,09:30:02,$ 3400.00,1
1824,09:30:02,$ 3400.00,4
1825,09:30:02,$ 3400.00,1
1826,09:30:02,$ 3400.00,15
1828,09:30:02,$ 3400.00,60
1829,09:30:02,$ 3400.00,5
1830,09:30:02,$ 3400.00,63
1831,09:30:02,$ 3400.00,1
1832,09:30:02,$ 3400.00,8
1833,09:30:02,$ 3400.00,9
1834,09:30:02,$ 3400.00,5
1835,09:30:02,$ 3400.00,1
1836,09:30:02,$ 3400.00,36
1837,09:30:02,$ 3400.00,6
1838,09:30:02,$ 3400.00,2
1839,09:30:02,$ 3400.00,3
1840,09:30:02,$ 3400.00,40
1841,09:30:02,$ 3400.00,11
1842,09:30:02,$ 3400.00,2
1843,09:30:02,$ 3400.00,5
1844,09:30:02,$ 3400.00,3
1845,09:30:02,$ 3400.00,2
1846,09:30:02,$ 3400.00,10
1847,09:30:02,$ 3400.00,30
1849,09:30:02,$ 3400.00,5
1850,09:30:02,$ 3400.00,6
1851,09:30:02,$ 3400.00,3
1852,09:30:02,$ 3400.00,1
1853,09:30:02,$ 3400.00,100
1854,09:30:02,$ 3400.00,1
1855,09:30:02,$ 3400.00,2
1856,09:30:02,$ 3400.00,10
1857,09:30:02,$ 3400.00,3
1858,09:30:02,$ 3400.00,4
1859,09:30:02,$ 3400.00,2
1860,09:30:02,$ 3400.00,1
1861,09:30:02,$ 3400.00,1
1862,09:30:02,$ 3400.00,1
1863,09:30:02,$ 3400.00,1
1864,09:30:02,$ 3400.00,9
1865,09:30:02,$ 3400.00,3
1866,09:30:02,$ 3400.00,1
1867,09:30:02,$ 3400.00,1
1868,09:30:02,$ 3400.00,1
1870,09:30:02,$ 3400.00,30
1871,09:30:02,$ 3400.00,2
1872,09:30:02,$ 3400.00,10
1873,09:30:02,$ 3400.00,15
1874,09:30:02,$ 3400.00,2
1875,09:30:02,$ 3400.00,30
1876,09:30:02,$ 3400.00,2
1877,09:30:02,$ 3400.00,4
1878,09:30:02,$ 3400.00,13
1879,09:30:02,$ 3400.00,7
1880,09:30:02,$ 3400.00,10
1881,09:30:02,$ 3400.00,125
1882,09:30:02,$ 3400.00,130
1883,09:30:02,$ 3400.00,190
1884,09:30:02,$ 3400.00,10
1885,09:30:02,$ 3400.00,33
1886,09:30:02,$ 3400.00,2
1887,09:30:02,$ 3400.00,13
1888,09:30:02,$ 3400.00,23
1889,09:30:02,$ 3400.00,63
1891,09:30:02,$ 3400.00,4
1892,09:30:02,$ 3400.00,47
1893,09:30:02,$ 3400.00,1
1894,09:30:02,$ 3400.00,2
1895,09:30:02,$ 3400.00,1
1896,09:30:02,$ 3400.00,1
1897,09:30:02,$ 3400.00,2
1898,09:30:02,$ 3400.00,5
1899,09:30:02,$ 3400.00,1
1900,09:30:02,$ 3400.00,2
1901,09:30:02,$ 3400.00,7
1902,09:30:02,$ 3400.00,3
1903,09:30:02,$ 3400.00,6
1904,09:30:02,$ 3400.00,1
1905,09:30:02,$ 3400.00,3
1906,09:30:02,$ 3400.00,4
1907,09:30:02,$ 3400.00,4
1908,09:30:02,$ 3400.00,1
1909,09:30:02,$ 3400.00,2
1910,09:30:02,$ 3400.00,10
1912,09:30:02,$ 3400.00,1
1913,09:30:02,$ 3400.00,1
1914,09:30:02,$ 3400.00,1
1915,09:30:02,$ 3400.00,10
1916,09:30:02,$ 3400.00,18
1917,09:30:02,$ 3400.00,183
1918,09:30:02,$ 3400.00,2
1919,09:30:02,$ 3400.00,233
1920,09:30:02,$ 3400.00,28
1921,09:30:02,$ 3400.00,29
1922,09:30:02,$ 3400.00,1
1923,09:30:02,$ 3400.00,2
1924,09:30:02,$ 3400.00,1
1925,09:30:02,$ 3400.00,2
1926,09:30:02,$ 3400.00,2
1927,09:30:02,$ 3400.00,2
1928,09:30:02,$ 3400.00,2
1929,09:30:02,$ 3400.00,2
1930,09:30:02,$ 3400.00,1
1931,09:30:02,$ 3400.00,1
1933,09:30:02,$ 3400.00,1
1934,09:30:02,$ 3400.00,10
1935,09:30:02,$ 3400.00,1
1936,09:30:02,$ 3400.00,1
1937,09:30:02,$ 3400.00,1
1938,09:30:02,$ 3400.00,2
1939,09:30:02,$ 3400.00,1
1940,09:30:02,$ 3400.00,1
1941,09:30:02,$ 3400.00,4
1942,09:30:02,$ 3400.00,1
1943,09:30:02,$ 3400.00,1
1944,09:30:02,$ 3400.00,1
1945,09:30:02,$ 3400.00,1
1946,09:30:02,$ 3400.00,2
1947,09:30:02,$ 3400.00,7
1948,09:30:02,$ 3400.00,5
1949,09:30:02,$ 3400.00,4
1950,09:30:02,$ 3400.00,1
1951,09:30:02,$ 3400.00,1
1952,09:30:02,$ 3400.00,2
1954,09:30:02,$ 3400.00,1
1955,09:30:02,$ 3400.00,1
1956,09:30:02,$ 3400.00,47
1957,09:30:02,$ 3400.00,1
1958,09:30:02,$ 3400.00,1
1959,09:30:02,$ 3400.00,1
1960,09:30:02,$ 3400.00,1
1961,09:30:02,$ 3400.00,1
1962,09:30:02,$ 3400.00,1
1963,09:30:02,$ 3400.00,1
1964,09:30:02,$ 3400.00,1
1965,09:30:02,$ 3400.00,1
1966,09:30:02,$ 3400.00,11
1967,09:30:02,$ 3400.00,17
1968,09:30:02,$ 3400.00,84
1969,09:30:02,$ 3400.00,16
1970,09:30:02,$ 3400.00,20
1971,09:30:02,$ 3400.00,1
1972,09:30:02,$ 3400.00,2
1973,09:30:02,$ 3400.00,5
1975,09:30:02,$ 3400.00,21
1976,09:30:02,$ 3400.00,1
1977,09:30:02,$ 3400.00,7
1978,09:30:02,$ 3400.00,3
1979,09:30:02,$ 3400.00,4
1980,09:30:02,$ 3400.00,7
1981,09:30:02,$ 3400.00,9
1982,09:30:02,$ 3400.00,2
1983,09:30:02,$ 3400.00,14
1984,09:30:02,$ 3400.00,4
1985,09:30:02,$ 3400.00,1
1986,09:30:02,$ 3400.00,2
1987,09:30:02,$ 3400.00,9
1988,09:30:02,$ 3400.00,2
1989,09:30:02,$ 3400.00,2
1990,09:30:02,$ 3400.00,1
1991,09:30:02,$ 3400.00,11
1992,09:30:02,$ 3400.00,11
1993,09:30:02,$ 3400.00,1
1994,09:30:02,$ 3400.00,210
1996,09:30:02,$ 3400.00,1
1997,09:30:02,$ 3400.00,1
1998,09:30:02,$ 3400.00,3
1999,09:30:02,$ 3400.00,1
2000,09:30:02,$ 3400.00,4
2001,09:30:02,$ 3400.00,3
2002,09:30:02,$ 3400.00,1
2003,09:30:02,$ 3400.00,1
2004,09:30:02,$ 3400.00,35
2005,09:30:02,$ 3400.00,1
2006,09:30:02,$ 3400.00,1
2007,09:30:02,$ 3400.00,1
2008,09:30:02,$ 3400.00,1
2009,09:30:02,$ 3400.00,1
2010,09:30:02,$ 3400.00,3
2011,09:30:02,$ 3400.00,3
2012,09:30:02,$ 3400.00,1
2013,09:30:02,$ 3400.00,4
2014,09:30:02,$ 3400.00,1
2015,09:30:02,$ 3400.00,1
2017,09:30:02,$ 3400.00,1
2018,09:30:02,$ 3400.00,10
2019,09:30:02,$ 3400.00,35
2020,09:30:02,$ 3400.00,1
2021,09:30:02,$ 3400.00,1
2022,09:30:02,$ 3400.00,4
2023,09:30:02,$ 3400.00,2
2024,09:30:02,$ 3400.00,1
2025,09:30:02,$ 3400.00,4
2026,09:30:02,$ 3400.00,4
2027,09:30:02,$ 3400.00,2
2028,09:30:02,$ 3400.00,6
2029,09:30:02,$ 3400.00,4
2030,09:30:02,$ 3400.00,3
2031,09:30:02,$ 3400.00,4
2032,09:30:02,$ 3400.00,6
2033,09:30:02,$ 3400.00,4
2034,09:30:02,$ 3400.00,4
2035,09:30:02,$ 3400.00,5
2036,09:30:02,$ 3400.00,2
2038,09:30:02,$ 3400.00,2
2039,09:30:02,$ 3400.00,1
2040,09:30:02,$ 3400.00,2
2041,09:30:02,$ 3400.00,7
2042,09:30:02,$ 3400.00,1
2043,09:30:02,$ 3400.00,1
2044,09:30:02,$ 3400.00,1
2045,09:30:02,$ 3400.00,14
2046,09:30:02,$ 3400.00,15
2047,09:30:02,$ 3400.00,4
2048,09:30:02,$ 3400.00,1
2049,09:30:02,$ 3400.00,7
2050,09:30:02,$ 3400.00,4
2051,09:30:02,$ 3400.00,1
2052,09:30:02,$ 3400.00,1
2053,09:30:02,$ 3400.00,1
2054,09:30:02,$ 3400.00,4
2055,09:30:02,$ 3400.00,5
2056,09:30:02,$ 3400.00,1
2057,09:30:02,$ 3400.00,6
2059,09:30:02,$ 3400.00,2
2060,09:30:02,$ 3400.00,50
2061,09:30:02,$ 3400.00,10
2062,09:30:02,$ 3400.00,100
2063,09:30:02,$ 3400.00,9
2064,09:30:02,$ 3400.00,50
2065,09:30:02,$ 3400.00,15
2066,09:30:02,$ 3400.00,100
2067,09:30:02,$ 3400.00,16
2068,09:30:02,$ 3400.00,14
2069,09:30:02,$ 3400.00,29
2070,09:30:02,$ 3400.00,900
2071,09:30:02,$ 3400.00,19
2072,09:30:02,$ 3400.00,13
2073,09:30:02,$ 3400.00,19
2074,09:30:02,$ 3400.00,47
2075,09:30:02,$ 3400.00,47
2076,09:30:02,$ 3400.00,167
2077,09:30:02,$ 3400.00,67
2078,09:30:02,$ 3400.00,47
2080,09:30:02,$ 3400.00,19
2081,09:30:02,$ 3400.00,47
2082,09:30:02,$ 3400.00,47
2083,09:30:02,$ 3400.00,19
2084,09:30:02,$ 3400.00,47
2085,09:30:02,$ 3400.00,19
2086,09:30:02,$ 3400.00,47
2087,09:30:02,$ 3400.00,134
2088,09:30:02,$ 3400.00,19
2089,09:30:02,$ 3400.00,19
2090,09:30:02,$ 3400.00,64
2091,09:30:02,$ 3400.00,100
2092,09:30:02,$ 3400.00,36
2093,09:30:02,$ 3400.00,300
2094,09:30:02,$ 3400.00,5
2095,09:30:02,$ 3400.00,403
2096,09:30:02,$ 3400.00,146
2097,09:30:02,$ 3400.00,7
2098,09:30:02,$ 3400.00,200
2099,09:30:02,$ 3400.00,10
2101,09:30:02,$ 3400.00,2
2102,09:30:02,$ 3400.00,9
2103,09:30:02,$ 3400.00,17
2104,09:30:02,$ 3400.00,12
2105,09:30:02,$ 3400.00,100
2106,09:30:02,$ 3400.00,2
2107,09:30:02,$ 3400.00,82
2108,09:30:02,$ 3400.00,42
2109,09:30:02,$ 3400.00,280
2110,09:30:02,$ 3400.00,9
2111,09:30:02,$ 3400.00,1
2112,09:30:02,$ 3400.00,10
2113,09:30:02,$ 3400.00,10
2114,09:30:02,$ 3400.00,1
2115,09:30:02,$ 3400.00,796
2116,09:30:02,$ 3400.00,398
2117,09:30:02,$ 3400.00,159
2118,09:30:02,$ 3400.00,5
2119,09:30:02,$ 3400.00,900
2120,09:30:02,$ 3400.00,25
2122,09:30:02,$ 3400.00,1
2123,09:30:02,$ 3400.00,1
2124,09:30:02,$ 3400.00,1
2125,09:30:02,$ 3400.00,10
2126,09:30:02,$ 3400.00,1
2127,09:30:02,$ 3400.00,1
2128,09:30:02,$ 3400.00,35
2129,09:30:02,$ 3400.00,2
2130,09:30:02,$ 3400.00,1
2131,09:30:02,$ 3400.00,5
2132,09:30:02,$ 3400.00,5
2133,09:30:02,$ 3400.00,1
2134,09:30:02,$ 3400.00,8
2135,09:30:02,$ 3400.00,8
2136,09:30:02,$ 3400.00,8
2137,09:30:02,$ 3400.00,2
2138,09:30:02,$ 3400.00,1
2139,09:30:02,$ 3400.00,5
2140,09:30:02,$ 3400.00,5
2141,09:30:02,$ 3400.00,2
2143,09:30:02,$ 3400.00,4
2144,09:30:02,$ 3400.00,3
2145,09:30:02,$ 3400.00,2
2146,09:30:02,$ 3400.00,8
2147,09:30:02,$ 3400.00,"1,860"
2148,09:30:02,$ 3400.00,5
2149,09:30:02,$ 3400.00,76
2150,09:30:02,$ 3400.00,2
2151,09:30:02,$ 3400.00,5
2152,09:30:02,$ 3400.00,10
2153,09:30:02,$ 3400.00,6
2154,09:30:02,$ 3400.00,17
2155,09:30:02,$ 3400.00,3
2156,09:30:02,$ 3400.00,7
2157,09:30:02,$ 3400.00,6
2158,09:30:02,$ 3400.00,1
2159,09:30:02,$ 3400.00,8
2160,09:30:02,$ 3400.00,4
2161,09:30:02,$ 3400.00,1
2162,09:30:02,$ 3400.00,47
2164,09:30:02,$ 3400.00,22
2165,09:30:02,$ 3400.00,5
2166,09:30:02,$ 3400.00,85
2167,09:30:02,$ 3400.00,3
2168,09:30:02,$ 3400.00,1
2169,09:30:02,$ 3400.00,32
2170,09:30:02,$ 3400.00,41
2171,09:30:02,$ 3400.00,1
2172,09:30:02,$ 3400.00,3
2173,09:30:02,$ 3400.00,2
2174,09:30:02,$ 3400.00,1
2175,09:30:02,$ 3400.00,2
2176,09:30:02,$ 3400.00,100
2177,09:30:02,$ 3400.00,7
2178,09:30:02,$ 3400.00,32
2179,09:30:02,$ 3400.00,10
2180,09:30:02,$ 3400.00,42
2181,09:30:02,$ 3400.00,2
2182,09:30:02,$ 3400.00,1
2183,09:30:02,$ 3400.00,1
2185,09:30:02,$ 3400.00,10
2186,09:30:02,$ 3400.00,1
2187,09:30:02,$ 3400.00,3
2188,09:30:02,$ 3400.00,1
2189,09:30:02,$ 3400.00,3
2190,09:30:02,$ 3400.00,4
2191,09:30:02,$ 3400.00,13
2192,09:30:02,$ 3400.00,1
2193,09:30:02,$ 3400.00,20
2194,09:30:02,$ 3400.00,1
2195,09:30:02,$ 3400.00,10
2196,09:30:02,$ 3400.00,66
2197,09:30:02,$ 3400.00,1
2198,09:30:02,$ 3400.00,1
2199,09:30:02,$ 3400.00,1
2200,09:30:02,$ 3400.00,1
2201,09:30:02,$ 3400.00,1
2202,09:30:02,$ 3400.00,3
2203,09:30:02,$ 3400.00,6
2204,09:30:02,$ 3400.00,2
2206,09:30:02,$ 3400.00,29
2207,09:30:02,$ 3400.00,1
2208,09:30:02,$ 3400.00,1
2209,09:30:02,$ 3400.00,17
2210,09:30:02,$ 3400.00,26
2211,09:30:02,$ 3400.00,2
2212,09:30:02,$ 3400.00,34
2213,09:30:02,$ 3400.00,22
2214,09:30:02,$ 3400.00,3
2215,09:30:02,$ 3400.00,9
2216,09:30:02,$ 3400.00,8
2217,09:30:02,$ 3400.00,2
2218,09:30:02,$ 3400.00,4
2219,09:30:02,$ 3400.00,10
2220,09:30:02,$ 3400.00,18
2221,09:30:02,$ 3400.00,918
2222,09:30:02,$ 3400.00,10
2223,09:30:02,$ 3400.00,49
2224,09:30:02,$ 3400.00,1
2225,09:30:02,$ 3400.00,1
2227,09:30:02,$ 3400.00,8
2228,09:30:02,$ 3400.00,136
2229,09:30:02,$ 3400.00,1
2230,09:30:02,$ 3400.00,2
2231,09:30:02,$ 3400.00,1
2232,09:30:02,$ 3400.00,1
2233,09:30:02,$ 3400.00,1
2234,09:30:02,$ 3400.00,20
2235,09:30:02,$ 3400.00,2
2236,09:30:02,$ 3400.00,1
2237,09:30:02,$ 3400.00,2
2238,09:30:02,$ 3400.00,5
2239,09:30:02,$ 3400.00,1
2240,09:30:02,$ 3400.00,1
2241,09:30:02,$ 3400.00,11
2242,09:30:02,$ 3400.00,50
2243,09:30:02,$ 3400.00,1
2244,09:30:02,$ 3400.00,1
2245,09:30:02,$ 3400.00,1
2246,09:30:02,$ 3400.00,1
2248,09:30:02,$ 3400.00,1
2249,09:30:02,$ 3400.00,1
2250,09:30:02,$ 3400.00,4
2251,09:30:02,$ 3400.00,1
2252,09:30:02,$ 3400.00,3
2253,09:30:02,$ 3400.00,65
2254,09:30:02,$ 3400.00,14
2255,09:30:02,$ 3400.00,1
2256,09:30:02,$ 3400.00,117
2257,09:30:02,$ 3400.00,160
2258,09:30:02,$ 3400.00,4
2259,09:30:02,$ 3400.00,1
2260,09:30:02,$ 3400.00,2
2261,09:30:02,$ 3400.00,11
2262,09:30:02,$ 3400.00,20
2263,09:30:02,$ 3400.00,6
2264,09:30:02,$ 3400.00,2
2265,09:30:02,$ 3400.00,3
2266,09:30:02,$ 3400.00,3
2267,09:30:02,$ 3400.00,1
2269,09:30:02,$ 3400.00,2
2270,09:30:02,$ 3400.00,1
2271,09:30:02,$ 3400.00,1
2272,09:30:02,$ 3400.00,5
2273,09:30:02,$ 3400.00,1
2274,09:30:02,$ 3400.00,4
2275,09:30:02,$ 3400.00,2
2276,09:30:02,$ 3400.00,5
2277,09:30:02,$ 3400.00,3
2278,09:30:02,$ 3400.00,1
2279,09:30:02,$ 3400.00,3
2280,09:30:02,$ 3400.00,1
2281,09:30:02,$ 3400.00,5
2282,09:30:02,$ 3400.00,51
2283,09:30:02,$ 3400.00,1
2284,09:30:02,$ 3400.00,6
2285,09:30:02,$ 3400.00,6
2286,09:30:02,$ 3400.00,150
2287,09:30:02,$ 3400.00,1
2288,09:30:02,$ 3400.00,28
2290,09:30:02,$ 3400.00,4
2291,09:30:02,$ 3400.00,1
2292,09:30:02,$ 3400.00,2
2293,09:30:02,$ 3400.00,3
2294,09:30:02,$ 3400.00,3
2295,09:30:02,$ 3400.00,1
2296,09:30:02,$ 3400.00,5
2297,09:30:02,$ 3400.00,40
2298,09:30:02,$ 3400.00,1
2299,09:30:02,$ 3400.00,1
2300,09:30:02,$ 3400.00,1
2301,09:30:02,$ 3400.00,1
2302,09:30:02,$ 3400.00,1
2303,09:30:02,$ 3400.00,100
2304,09:30:02,$ 3400.00,4
2305,09:30:02,$ 3400.00,1
2306,09:30:02,$ 3400.00,1
2307,09:30:02,$ 3400.00,7
2308,09:30:02,$ 3400.00,1
2309,09:30:02,$ 3400.00,1
2311,09:30:02,$ 3400.00,6
2312,09:30:02,$ 3400.00,7
2313,09:30:02,$ 3400.00,5
2314,09:30:02,$ 3400.00,1
2315,09:30:02,$ 3400.00,1
2316,09:30:02,$ 3400.00,1
2317,09:30:02,$ 3400.00,11
2318,09:30:02,$ 3400.00,20
2319,09:30:02,$ 3400.00,1
2320,09:30:02,$ 3400.00,3
2321,09:30:02,$ 3400.00,590
2322,09:30:02,$ 3400.00,1
2323,09:30:02,$ 3400.00,2
2324,09:30:02,$ 3400.00,1
2325,09:30:02,$ 3400.00,1
2326,09:30:02,$ 3400.00,1
2327,09:30:02,$ 3400.00,1
2328,09:30:02,$ 3400.00,3
2329,09:30:02,$ 3400.00,1
2330,09:30:02,$ 3400.00,1
2332,09:30:02,$ 3400.00,1
2333,09:30:02,$ 3400.00,1
2334,09:30:02,$ 3400.00,1
2335,09:30:02,$ 3400.00,1
2336,09:30:02,$ 3400.00,1
2337,09:30:02,$ 3400.00,1
2338,09:30:02,$ 3400.00,1
2339,09:30:02,$ 3400.00,1
2340,09:30:02,$ 3400.00,1
2341,09:30:02,$ 3400.00,1
2342,09:30:02,$ 3400.00,1
2343,09:30:02,$ 3400.00,1
2344,09:30:02,$ 3400.00,2
2345,09:30:02,$ 3400.00,1
2346,09:30:02,$ 3400.00,5
2347,09:30:02,$ 3400.00,1
2348,09:30:02,$ 3400.00,2
2349,09:30:02,$ 3400.00,5
2350,09:30:02,$ 3400.00,20
2351,09:30:02,$ 3400.00,1
2353,09:30:02,$ 3400.00,3
2354,09:30:02,$ 3400.00,1
2355,09:30:02,$ 3400.00,2
2356,09:30:02,$ 3400.00,1
2357,09:30:02,$ 3400.00,1
2358,09:30:02,$ 3400.00,1
2359,09:30:02,$ 3400.00,1
2360,09:30:02,$ 3400.00,4
2361,09:30:02,$ 3400.00,6
2362,09:30:02,$ 3400.00,5
2363,09:30:02,$ 3400.00,2
2364,09:30:02,$ 3400.00,4
2365,09:30:02,$ 3400.00,3
2366,09:30:02,$ 3400.00,1
2367,09:30:02,$ 3400.00,108
2368,09:30:02,$ 3400.00,10
2369,09:30:02,$ 3400.00,2
2370,09:30:02,$ 3400.00,4
2371,09:30:02,$ 3400.00,6
2372,09:30:02,$ 3400.00,5
2374,09:30:02,$ 3400.00,3
2375,09:30:02,$ 3400.00,1
2376,09:30:02,$ 3400.00,5
2377,09:30:02,$ 3400.00,1
2378,09:30:02,$ 3400.00,3
2379,09:30:02,$ 3400.00,7
2380,09:30:02,$ 3400.00,1
2381,09:30:02,$ 3400.00,1
2382,09:30:02,$ 3400.00,2
2383,09:30:02,$ 3400.00,2
2384,09:30:02,$ 3400.00,13
2385,09:30:02,$ 3400.00,1
2386,09:30:02,$ 3400.00,2
2387,09:30:02,$ 3400.00,1
2388,09:30:02,$ 3400.00,5
2389,09:30:02,$ 3400.00,2
2390,09:30:02,$ 3400.00,1
2391,09:30:02,$ 3400.00,2
2392,09:30:02,$ 3400.00,1
2393,09:30:02,$ 3400.00,198
2395,09:30:02,$ 3400.00,15
2396,09:30:02,$ 3400.00,100
2397,09:30:02,$ 3400.00,5
2398,09:30:02,$ 3400.00,1
2399,09:30:02,$ 3400.00,3
2400,09:30:02,$ 3400.00,2
2401,09:30:02,$ 3400.00,20
2402,09:30:02,$ 3400.00,1
2403,09:30:02,$ 3400.00,50
2404,09:30:02,$ 3400.00,5
2405,09:30:02,$ 3400.00,1
2406,09:30:02,$ 3400.00,1
2407,09:30:02,$ 3400.00,1
2408,09:30:02,$ 3400.00,1
2409,09:30:02,$ 3400.00,3
2410,09:30:02,$ 3400.00,5
2411,09:30:02,$ 3400.00,7
2412,09:30:02,$ 3400.00,1
2413,09:30:02,$ 3400.00,10
2414,09:30:02,$ 3400.00,3
2416,09:30:02,$ 3400.00,40
2417,09:30:02,$ 3400.00,2
2418,09:30:02,$ 3400.00,1
2419,09:30:02,$ 3400.00,25
2420,09:30:02,$ 3400.00,25
2421,09:30:02,$ 3400.00,2
2422,09:30:02,$ 3400.00,1
2423,09:30:02,$ 3400.00,75
2424,09:30:02,$ 3400.00,5
2425,09:30:02,$ 3400.00,2
2426,09:30:02,$ 3400.00,1
2427,09:30:02,$ 3400.00,1
2428,09:30:02,$ 3400.00,4
2429,09:30:02,$ 3400.00,4
2430,09:30:02,$ 3400.00,10
2431,09:30:02,$ 3400.00,10
2432,09:30:02,$ 3400.00,1
2433,09:30:02,$ 3400.00,1
2434,09:30:02,$ 3400.00,1
2435,09:30:02,$ 3400.00,50
2437,09:30:02,$ 3400.00,10
2438,09:30:02,$ 3400.00,20
2439,09:30:02,$ 3400.00,1
2440,09:30:02,$ 3400.00,2
2441,09:30:02,$ 3400.00,1
2442,09:30:02,$ 3400.00,15
2443,09:30:02,$ 3400.00,2
2444,09:30:02,$ 3400.00,2
2445,09:30:02,$ 3400.00,3
2446,09:30:02,$ 3400.00,7
2447,09:30:02,$ 3400.00,5
2448,09:30:02,$ 3400.00,1
2449,09:30:02,$ 3400.00,1
2450,09:30:02,$ 3400.00,4
2451,09:30:02,$ 3400.00,1
2452,09:30:02,$ 3400.00,10
2453,09:30:02,$ 3400.00,2
2454,09:30:02,$ 3400.00,294
2455,09:30:02,$ 3400.00,3
2456,09:30:02,$ 3400.00,5
2458,09:30:02,$ 3400.00,2
2459,09:30:02,$ 3400.00,1
2460,09:30:02,$ 3400.00,5
2461,09:30:02,$ 3400.00,1
2462,09:30:02,$ 3400.00,2
2463,09:30:02,$ 3400.00,7
2464,09:30:02,$ 3400.00,10
2465,09:30:02,$ 3400.00,12
2466,09:30:02,$ 3400.00,20
2467,09:30:02,$ 3400.00,1
2468,09:30:02,$ 3400.00,1
2469,09:30:02,$ 3400.00,5
2470,09:30:02,$ 3400.00,3
2471,09:30:02,$ 3400.00,1
2472,09:30:02,$ 3400.00,1
2473,09:30:02,$ 3400.00,1
2474,09:30:02,$ 3400.00,15
2475,09:30:02,$ 3400.00,4
2476,09:30:02,$ 3400.00,5
2477,09:30:02,$ 3400.00,5
2479,09:30:02,$ 3400.00,30
2480,09:30:02,$ 3400.00,1
2481,09:30:02,$ 3400.00,25
2482,09:30:02,$ 3400.00,15
2483,09:30:02,$ 3400.00,1
2484,09:30:02,$ 3400.00,1
2485,09:30:02,$ 3400.00,78
2486,09:30:02,$ 3400.00,1
2487,09:30:02,$ 3400.00,4
2488,09:30:02,$ 3400.00,1
2489,09:30:02,$ 3400.00,5
2490,09:30:02,$ 3400.00,2
2491,09:30:02,$ 3400.00,3
2492,09:30:02,$ 3400.00,1
2493,09:30:02,$ 3400.00,1
2494,09:30:02,$ 3400.00,2
2495,09:30:02,$ 3400.00,1
2496,09:30:02,$ 3400.00,1
2497,09:30:02,$ 3400.00,1
2498,09:30:02,$ 3400.00,3
2500,09:30:02,$ 3400.00,1
2501,09:30:02,$ 3400.00,25
2502,09:30:02,$ 3400.00,3
2503,09:30:02,$ 3400.00,1
2504,09:30:02,$ 3400.00,2
2505,09:30:02,$ 3400.00,5
2506,09:30:02,$ 3400.00,1
2507,09:30:02,$ 3400.00,1
2508,09:30:02,$ 3400.00,1
2509,09:30:02,$ 3400.00,2
2510,09:30:02,$ 3400.00,1
2511,09:30:02,$ 3400.00,1
2512,09:30:02,$ 3400.00,1
2513,09:30:02,$ 3400.00,7
2514,09:30:02,$ 3400.00,3
2515,09:30:02,$ 3400.00,2
2516,09:30:02,$ 3400.00,10
2517,09:30:02,$ 3400.00,1
2518,09:30:02,$ 3400.00,10
2519,09:30:02,$ 3400.00,4
2521,09:30:02,$ 3400.00,3
2522,09:30:02,$ 3400.00,8
2523,09:30:02,$ 3400.00,110
2524,09:30:02,$ 3400.00,25
2525,09:30:02,$ 3400.00,3
2526,09:30:02,$ 3400.00,20
2527,09:30:02,$ 3400.00,6
2528,09:30:02,$ 3400.00,8
2529,09:30:02,$ 3400.00,46
2530,09:30:02,$ 3400.00,10
2531,09:30:02,$ 3400.00,7
2532,09:30:02,$ 3400.00,32
2533,09:30:02,$ 3400.00,135
2534,09:30:02,$ 3400.00,5
2535,09:30:02,$ 3400.00,4
2536,09:30:02,$ 3400.00,5
2537,09:30:02,$ 3400.00,22
2538,09:30:02,$ 3400.00,2
2539,09:30:02,$ 3400.00,3
2540,09:30:02,$ 3400.00,5
2542,09:30:02,$ 3400.00,30
2543,09:30:02,$ 3400.00,5
2544,09:30:02,$ 3400.00,2
2545,09:30:02,$ 3400.00,18
2546,09:30:02,$ 3400.00,3
2547,09:30:02,$ 3400.00,4
2548,09:30:02,$ 3400.00,23
2549,09:30:02,$ 3400.00,1
2550,09:30:02,$ 3400.00,4
2551,09:30:02,$ 3400.00,12
2552,09:30:02,$ 3400.00,27
2553,09:30:02,$ 3400.00,30
2554,09:30:02,$ 3400.00,2
2555,09:30:02,$ 3400.00,1
2556,09:30:02,$ 3400.00,5
2557,09:30:02,$ 3400.00,6
2558,09:30:02,$ 3400.00,30
2559,09:30:02,$ 3400.00,9
2560,09:30:02,$ 3400.00,1
2561,09:30:02,$ 3400.00,15
2563,09:30:02,$ 3400.00,1
2564,09:30:02,$ 3400.00,2
2565,09:30:02,$ 3400.00,2
2566,09:30:02,$ 3400.00,13
2567,09:30:02,$ 3400.00,1
2568,09:30:02,$ 3400.00,5
2569,09:30:02,$ 3400.00,1
2570,09:30:02,$ 3400.00,1
2571,09:30:02,$ 3400.00,70
2572,09:30:02,$ 3400.00,100
2573,09:30:02,$ 3400.00,1
2574,09:30:02,$ 3400.00,1
2575,09:30:02,$ 3400.00,5
2576,09:30:02,$ 3400.00,1
2577,09:30:02,$ 3400.00,12
2578,09:30:02,$ 3400.00,10
2579,09:30:02,$ 3400.00,6
2580,09:30:02,$ 3400.00,1
2581,09:30:02,$ 3400.00,5
2582,09:30:02,$ 3400.00,75
2584,09:30:02,$ 3400.00,4
2585,09:30:02,$ 3400.00,4
2586,09:30:02,$ 3400.00,3
2587,09:30:02,$ 3400.00,2
2588,09:30:02,$ 3400.00,10
2589,09:30:02,$ 3400.00,5
2590,09:30:02,$ 3400.00,1
2591,09:30:02,$ 3400.00,5
2592,09:30:02,$ 3400.00,1
2593,09:30:02,$ 3400.00,5
2594,09:30:02,$ 3400.00,1
2595,09:30:02,$ 3400.00,8
2596,09:30:02,$ 3400.00,5
2597,09:30:02,$ 3400.00,3
2598,09:30:02,$ 3400.00,5
2599,09:30:02,$ 3400.00,5
2600,09:30:02,$ 3400.00,3
2601,09:30:02,$ 3400.00,3
2602,09:30:02,$ 3400.00,3
2603,09:30:02,$ 3400.00,3
2605,09:30:02,$ 3400.00,3
2606,09:30:02,$ 3400.00,3
2607,09:30:02,$ 3400.00,6
2608,09:30:02,$ 3400.00,3
2609,09:30:02,$ 3400.00,3
2610,09:30:02,$ 3400.00,2
2611,09:30:02,$ 3400.00,2
2612,09:30:02,$ 3400.00,3
2613,09:30:02,$ 3400.00,5
2614,09:30:02,$ 3400.00,4
2615,09:30:02,$ 3400.00,8
2616,09:30:02,$ 3400.00,8
2617,09:30:02,$ 3400.00,2
2618,09:30:02,$ 3400.00,5
2619,09:30:02,$ 3400.00,1
2620,09:30:02,$ 3400.00,10
2621,09:30:02,$ 3400.00,5
2622,09:30:02,$ 3400.00,1
2623,09:30:02,$ 3400.00,7
2624,09:30:02,$ 3400.00,1
2626,09:30:02,$ 3400.00,2
2627,09:30:02,$ 3400.00,1
2628,09:30:02,$ 3400.00,1
2629,09:30:02,$ 3400.00,1
2630,09:30:02,$ 3400.00,1
2631,09:30:02,$ 3400.00,1
2632,09:30:02,$ 3400.00,2
2633,09:30:02,$ 3400.00,1
2634,09:30:02,$ 3400.00,2
2635,09:30:02,$ 3400.00,8
2636,09:30:02,$ 3400.00,5
2637,09:30:02,$ 3400.00,12
2638,09:30:02,$ 3400.00,5
2639,09:30:02,$ 3400.00,1
2640,09:30:02,$ 3400.00,336
2641,09:30:02,$ 3400.00,10
2642,09:30:02,$ 3400.00,10
2643,09:30:02,$ 3400.00,10
2644,09:30:02,$ 3400.00,1
2645,09:30:02,$ 3400.00,1
2647,09:30:02,$ 3400.00,2
2648,09:30:02,$ 3400.00,5
2649,09:30:02,$ 3400.00,10
2650,09:30:02,$ 3400.00,7
2651,09:30:02,$ 3400.00,100
2652,09:30:02,$ 3400.00,3
2653,09:30:02,$ 3400.00,1
2654,09:30:02,$ 3400.00,1
2655,09:30:02,$ 3400.00,2
2656,09:30:02,$ 3400.00,1
2657,09:30:02,$ 3400.00,1
2658,09:30:02,$ 3400.00,10
2659,09:30:02,$ 3400.00,5
2660,09:30:02,$ 3400.00,1
2661,09:30:02,$ 3400.00,10
2662,09:30:02,$ 3400.00,87
2663,09:30:02,$ 3400.00,3
2664,09:30:02,$ 3400.00,10
2665,09:30:02,$ 3400.00,1
2666,09:30:02,$ 3400.00,15
2668,09:30:02,$ 3400.00,1
2669,09:30:02,$ 3400.00,2
2670,09:30:02,$ 3400.00,1
2671,09:30:02,$ 3400.00,1
2672,09:30:02,$ 3400.00,12
2673,09:30:02,$ 3400.00,20
2674,09:30:02,$ 3400.00,3
2675,09:30:02,$ 3400.00,1
2676,09:30:02,$ 3400.00,6
2677,09:30:02,$ 3400.00,10
2678,09:30:02,$ 3400.00,6
2679,09:30:02,$ 3400.00,10
2680,09:30:02,$ 3400.00,10
2681,09:30:02,$ 3400.00,1
2682,09:30:02,$ 3400.00,5
2683,09:30:02,$ 3400.00,1
2684,09:30:02,$ 3400.00,2
2685,09:30:02,$ 3400.00,30
2686,09:30:02,$ 3400.00,1
2687,09:30:02,$ 3400.00,7
2689,09:30:02,$ 3400.00,1
2690,09:30:02,$ 3400.00,1
2691,09:30:02,$ 3400.00,20
2692,09:30:02,$ 3400.00,10
2693,09:30:02,$ 3400.00,7
2694,09:30:02,$ 3400.00,20
2695,09:30:02,$ 3400.00,1
2696,09:30:02,$ 3400.00,1
2697,09:30:02,$ 3400.00,1
2698,09:30:02,$ 3400.00,1
2699,09:30:02,$ 3400.00,10
2700,09:30:02,$ 3400.00,2
2701,09:30:02,$ 3400.00,2
2702,09:30:02,$ 3400.00,7
2703,09:30:02,$ 3400.00,1
2704,09:30:02,$ 3400.00,5
2705,09:30:02,$ 3400.00,2
2706,09:30:02,$ 3400.00,5
2707,09:30:02,$ 3400.00,100
2708,09:30:02,$ 3400.00,29
2710,09:30:02,$ 3400.00,21
2711,09:30:02,$ 3400.00,147
2712,09:30:02,$ 3400.00,2
2713,09:30:02,$ 3400.00,7
2714,09:30:02,$ 3400.00,5
2715,09:30:02,$ 3400.00,1
2716,09:30:02,$ 3400.00,100
2717,09:30:02,$ 3400.00,2
2718,09:30:02,$ 3400.00,1
2719,09:30:02,$ 3400.00,120
2720,09:30:02,$ 3400.00,21
2721,09:30:02,$ 3400.00,226
2722,09:30:02,$ 3400.00,53
2723,09:30:02,$ 3400.00,399
2724,09:30:02,$ 3400.00,202
2725,09:30:02,$ 3400.00,136
2726,09:30:02,$ 3400.00,99
2727,09:30:02,$ 3400.00,11
2728,09:30:02,$ 3400.00,26
2729,09:30:02,$ 3400.00,10
2731,09:30:02,$ 3400.00,25
2732,09:30:02,$ 3400.00,1
2733,09:30:02,$ 3400.00,100
2734,09:30:02,$ 3400.00,1
2735,09:30:02,$ 3400.00,1
2736,09:30:02,$ 3400.00,105
2737,09:30:02,$ 3400.00,38
2738,09:30:02,$ 3400.00,204
2739,09:30:02,$ 3400.00,3
2740,09:30:02,$ 3400.00,30
2741,09:30:02,$ 3400.00,1
2742,09:30:02,$ 3400.00,36
2743,09:30:02,$ 3400.00,4
2744,09:30:02,$ 3400.00,1
2745,09:30:02,$ 3400.00,48
2746,09:30:02,$ 3400.00,5
2747,09:30:02,$ 3400.00,2
2748,09:30:02,$ 3400.00,1
2749,09:30:02,$ 3400.00,2
2750,09:30:02,$ 3400.00,1
2752,09:30:02,$ 3400.00,1
2753,09:30:02,$ 3400.00,3
2754,09:30:02,$ 3400.00,1
2755,09:30:02,$ 3400.00,4
2756,09:30:02,$ 3400.00,1
2757,09:30:02,$ 3400.00,1
2758,09:30:02,$ 3400.00,2
2759,09:30:02,$ 3400.00,1
2760,09:30:02,$ 3400.00,14
2761,09:30:02,$ 3400.00,1
2762,09:30:02,$ 3400.00,20
2763,09:30:02,$ 3400.00,3
2764,09:30:02,$ 3400.00,5
2765,09:30:02,$ 3400.00,5
2766,09:30:02,$ 3400.00,5
2767,09:30:02,$ 3400.00,1
2768,09:30:02,$ 3400.00,14
2769,09:30:02,$ 3400.00,1
2770,09:30:02,$ 3400.00,10
2771,09:30:02,$ 3400.00,2
2773,09:30:02,$ 3400.00,3
2774,09:30:02,$ 3400.00,5
2775,09:30:02,$ 3400.00,90
2776,09:30:02,$ 3400.00,6
2777,09:30:02,$ 3400.00,100
2778,09:30:02,$ 3400.00,10
2779,09:30:02,$ 3400.00,3
2780,09:30:02,$ 3400.00,50
2781,09:30:02,$ 3400.00,400
2782,09:30:02,$ 3400.00,800
2783,09:30:02,$ 3400.00,1
2784,09:30:02,$ 3400.00,1
2785,09:30:02,$ 3400.00,2
2786,09:30:02,$ 3400.00,5
2787,09:30:02,$ 3400.00,2
2788,09:30:02,$ 3400.00,1
2789,09:30:02,$ 3400.00,20
2790,09:30:02,$ 3400.00,10
2791,09:30:02,$ 3400.00,1
2792,09:30:02,$ 3400.00,100
2794,09:30:02,$ 3400.00,3
2795,09:30:02,$ 3400.00,900
2796,09:30:02,$ 3400.00,4
2797,09:30:02,$ 3400.00,1
2798,09:30:02,$ 3400.00,5
2799,09:30:02,$ 3400.00,10
2800,09:30:02,$ 3400.00,59
2801,09:30:02,$ 3400.00,1
2802,09:30:02,$ 3400.00,20
2803,09:30:02,$ 3400.00,4
2804,09:30:02,$ 3400.00,1
2805,09:30:02,$ 3400.00,10
2806,09:30:02,$ 3400.00,2
2807,09:30:02,$ 3400.00,1
2808,09:30:02,$ 3400.00,34
2809,09:30:02,$ 3400.00,11
2810,09:30:02,$ 3400.00,1
2811,09:30:02,$ 3400.00,5
2812,09:30:02,$ 3400.00,2
2813,09:30:02,$ 3400.00,3
2815,09:30:02,$ 3400.00,6
2816,09:30:02,$ 3400.00,20
2817,09:30:02,$ 3400.00,20
2818,09:30:02,$ 3400.00,100
2819,09:30:02,$ 3400.00,2
2820,09:30:02,$ 3400.00,2
2821,09:30:02,$ 3400.00,2
2822,09:30:02,$ 3400.00,10
2823,09:30:02,$ 3400.00,10
2824,09:30:02,$ 3400.00,2
2825,09:30:02,$ 3400.00,1
2826,09:30:02,$ 3400.00,1
2827,09:30:02,$ 3400.00,4
2828,09:30:02,$ 3400.00,5
2829,09:30:02,$ 3400.00,1
2830,09:30:02,$ 3400.00,100
2831,09:30:02,$ 3400.00,1
2832,09:30:02,$ 3400.00,1
2833,09:30:02,$ 3400.00,3
2834,09:30:02,$ 3400.00,2
2836,09:30:02,$ 3400.00,2
2837,09:30:02,$ 3400.00,1
2838,09:30:02,$ 3400.00,15
2839,09:30:02,$ 3400.00,2
2840,09:30:02,$ 3400.00,3
2841,09:30:02,$ 3400.00,9
2842,09:30:02,$ 3400.00,8
2843,09:30:02,$ 3400.00,26
2844,09:30:02,$ 3400.00,1
2845,09:30:02,$ 3400.00,5
2846,09:30:02,$ 3400.00,8
2847,09:30:02,$ 3400.00,25
2848,09:30:02,$ 3400.00,100
2849,09:30:02,$ 3400.00,10
2850,09:30:02,$ 3400.00,1
2851,09:30:02,$ 3400.00,1
2852,09:30:02,$ 3400.00,5
2853,09:30:02,$ 3400.00,1
2854,09:30:02,$ 3400.00,1
2855,09:30:02,$ 3400.00,1
2857,09:30:02,$ 3400.00,2
2858,09:30:02,$ 3400.00,4
2859,09:30:02,$ 3400.00,2
2860,09:30:02,$ 3400.00,1
2861,09:30:02,$ 3400.00,3
2862,09:30:02,$ 3400.00,8
2863,09:30:02,$ 3400.00,2
2864,09:30:02,$ 3400.00,1
2865,09:30:02,$ 3400.00,7
2866,09:30:02,$ 3400.00,1
2867,09:30:02,$ 3400.00,4
2868,09:30:02,$ 3400.00,4
2869,09:30:02,$ 3400.00,1
2870,09:30:02,$ 3400.00,2
2871,09:30:02,$ 3400.00,1
2872,09:30:02,$ 3400.00,1
2873,09:30:02,$ 3400.00,50
2874,09:30:02,$ 3400.00,3
2875,09:30:02,$ 3400.00,2
2876,09:30:02,$ 3400.00,5
2878,09:30:02,$ 3400.00,2
2879,09:30:02,$ 3400.00,2
2880,09:30:02,$ 3400.00,29
2881,09:30:02,$ 3400.00,25
2882,09:30:02,$ 3400.00,1
2883,09:30:02,$ 3400.00,2
2884,09:30:02,$ 3400.00,1
2885,09:30:02,$ 3400.00,1
2886,09:30:02,$ 3400.00,4
2887,09:30:02,$ 3400.00,2
2888,09:30:02,$ 3400.00,23
2889,09:30:02,$ 3400.00,5
2890,09:30:02,$ 3400.00,1
2891,09:30:02,$ 3400.00,1
2892,09:30:02,$ 3400.00,1
2893,09:30:02,$ 3400.00,5
2894,09:30:02,$ 3400.00,5
2895,09:30:02,$ 3400.00,5
2896,09:30:02,$ 3400.00,1
2897,09:30:02,$ 3400.00,5
2899,09:30:02,$ 3400.00,30
2900,09:30:02,$ 3400.00,1
2901,09:30:02,$ 3400.00,1
2902,09:30:02,$ 3400.00,2
2903,09:30:02,$ 3400.00,6
2904,09:30:02,$ 3400.00,20
2905,09:30:02,$ 3400.00,3
2906,09:30:02,$ 3400.00,12
2907,09:30:02,$ 3400.00,1
2908,09:30:02,$ 3400.00,2
2909,09:30:02,$ 3400.00,3
2910,09:30:02,$ 3400.00,5
2911,09:30:02,$ 3400.00,5
2912,09:30:02,$ 3400.00,1
2913,09:30:02,$ 3400.00,114
2914,09:30:02,$ 3400.00,25
2915,09:30:02,$ 3400.00,3
2916,09:30:02,$ 3400.00,17
2917,09:30:02,$ 3400.00,3
2918,09:30:02,$ 3400.00,5
2920,09:30:02,$ 3400.00,10
2921,09:30:02,$ 3400.00,1
2922,09:30:02,$ 3400.00,12
2923,09:30:02,$ 3400.00,10
2924,09:30:02,$ 3400.00,10
2925,09:30:01,$ 3400.00,174
2926,09:30:01,$ 3400.00,10
2927,09:30:01,$ 3400.00,85
2928,09:30:01,$ 3400.00,100
2930,10:29:59,$ 3422.908,150
2931,10:29:50,$ 3422.49,100
2932,10:29:50,$ 3421.555,100
2933,10:29:50,$ 3421.555,100
2934,10:29:49,$ 3421.555,500
2935,10:29:46,$ 3422.00,292
2936,10:29:43,$ 3422.355,100
2937,10:29:38,$ 3422.20,150
2938,10:29:38,$ 3422.20,112
2939,10:29:35,$ 3421.67,116
2940,10:29:35,$ 3421.67,184
2941,10:29:35,$ 3421.64,100
2942,10:29:35,$ 3421.72,100
2943,10:29:34,$ 3422.79,100
2944,10:29:27,$ 3421.9999,353
2945,10:29:27,$ 3421.9999,500
2946,10:29:27,$ 3422.00,353
2947,10:29:27,$ 3422.13,202
2948,10:29:27,$ 3422.13,686
2949,10:29:27,$ 3421.68,100
2951,10:29:27,$ 3421.26,187
2952,10:29:27,$ 3421.26,813
2953,10:29:26,$ 3420.5926,100
2954,10:29:18,$ 3420.33,100
2955,10:29:17,$ 3420.5541,100
2956,10:29:17,$ 3419.77,100
2957,10:29:17,$ 3420.34,100
2958,10:29:12,$ 3419.555,100
2959,10:29:11,$ 3419.27,100
2960,10:29:08,$ 3419.135,100
2961,10:28:45,$ 3419.3469,"1,000"
2962,10:28:26,$ 3418.15,100
2963,10:28:26,$ 3418.216,100
2964,10:28:26,$ 3418.2598,100
2965,10:28:26,$ 3418.25,191
2966,10:28:26,$ 3418.26,100
2967,10:28:11,$ 3417.90,146
2968,10:28:04,$ 3417.90,100
2969,10:28:03,$ 3417.14,100
2970,10:28:03,$ 3417.37,100
2972,10:27:53,$ 3416.6881,900
2973,10:27:51,$ 3416.705,100
2974,10:27:34,$ 3416.87,200
2975,10:27:16,$ 3416.75,100
2976,10:27:00,$ 3417.2405,100
2977,10:26:53,$ 3418.06,100
2978,10:26:53,$ 3417.69,200
2979,10:26:49,$ 3418.06,100
2980,10:26:49,$ 3417.90,100
2981,10:26:48,$ 3418.0588,200
2982,10:26:46,$ 3418.98,100
2983,10:26:44,$ 3419.92,100
2984,10:26:40,$ 3419.29,100
2985,10:26:40,$ 3419.46,100
2986,10:26:38,$ 3420.5685,"1,200"
2987,10:26:35,$ 3420.00,300
2988,10:26:35,$ 3420.00,200
2989,10:26:35,$ 3420.00,100
2990,10:26:35,$ 3420.00,108
2991,10:26:35,$ 3419.66,100
2993,10:26:35,$ 3419.67,107
2994,10:26:35,$ 3419.67,393
2995,10:26:35,$ 3418.973,337
2996,10:26:35,$ 3419.67,112
2997,10:26:26,$ 3419.21,100
2998,10:26:26,$ 3419.2797,137
2999,10:26:26,$ 3419.2797,162
3000,10:26:24,$ 3417.2601,100
3001,10:26:24,$ 3418.00,100
3002,10:26:24,$ 3418.00,200
3003,10:26:24,$ 3417.97,100
3004,10:26:23,$ 3417.025,100
3005,10:26:23,$ 3417.00,163
3006,10:26:19,$ 3416.76,200
3007,10:26:15,$ 3415.91,100
3008,10:26:06,$ 3415.16,100
3009,10:26:06,$ 3415.15,140
3010,10:26:04,$ 3415.37,100
3011,10:26:04,$ 3415.26,100
3012,10:26:00,$ 3415.10,100
3014,10:26:00,$ 3415.00,249
3015,10:26:00,$ 3414.38,100
3016,10:26:00,$ 3414.38,100
3017,10:26:00,$ 3414.81,100
3018,10:26:00,$ 3414.44,100
3019,10:26:00,$ 3414.46,100
3020,10:26:00,$ 3414.44,100
3021,10:25:52,$ 3413.755,150
3022,10:25:43,$ 3412.655,100
3023,10:25:43,$ 3413.00,176
3024,10:25:43,$ 3413.00,100
3025,10:25:39,$ 3412.36,100
3026,10:25:31,$ 3411.5097,100
3027,10:25:02,$ 3412.70,100
3028,10:25:02,$ 3412.70,100
3029,10:24:53,$ 3412.71,100
3030,10:24:47,$ 3413.045,900
3031,10:24:45,$ 3412.99,100
3032,10:24:41,$ 3412.74,100
3033,10:24:36,$ 3412.27,100
3035,10:24:25,$ 3411.79,100
3036,10:24:19,$ 3411.87,100
3037,10:24:19,$ 3411.98,100
3038,10:24:11,$ 3411.17,100
3039,10:24:11,$ 3411.4384,887
3040,10:24:08,$ 3411.86,100
3041,10:23:52,$ 3413.25,200
3042,10:23:48,$ 3413.89,100
3043,10:23:46,$ 3413.60,100
3044,10:23:45,$ 3413.60,100
3045,10:23:43,$ 3413.715,100
3046,10:23:41,$ 3414.06,100
3047,10:23:28,$ 3414.99,100
3048,10:23:22,$ 3414.02,175
3049,10:23:20,$ 3414.0025,100
3050,10:23:19,$ 3412.8156,200
3051,10:23:19,$ 3413.60,100
3052,10:23:17,$ 3414.07,100
3053,10:23:10,$ 3414.06,100
3054,10:23:10,$ 3413.285,900
3056,10:23:07,$ 3412.94,100
3057,10:23:05,$ 3412.4639,900
3058,10:23:03,$ 3412.43,100
3059,10:23:03,$ 3412.875,100
3060,10:22:59,$ 3412.94,100
3061,10:22:41,$ 3411.97,100
3062,10:22:40,$ 3411.96,100
3063,10:22:40,$ 3410.56,100
3064,10:22:35,$ 3411.42,100
3065,10:22:29,$ 3410.15,100
3066,10:22:25,$ 3410.51,100
3067,10:22:23,$ 3410.785,100
3068,10:22:21,$ 3410.00,100
3069,10:22:05,$ 3409.16,100
3070,10:21:43,$ 3408.415,100
3071,10:21:28,$ 3406.34,100
3072,10:21:28,$ 3407.20,100
3073,10:21:28,$ 3407.765,100
3074,10:21:28,$ 3407.765,200
3075,10:21:20,$ 3408.50,100
3077,10:21:17,$ 3409.3412,100
3078,10:21:02,$ 3407.875,100
3079,10:21:01,$ 3406.475,100
3080,10:20:59,$ 3408.79,300
3081,10:20:59,$ 3408.84,100
3082,10:20:59,$ 3408.83,100
3083,10:20:59,$ 3409.03,100
3084,10:20:59,$ 3409.00,178
3085,10:20:54,$ 3409.06,100
3086,10:20:54,$ 3409.07,100
3087,10:20:54,$ 3409.44,200
3088,10:20:54,$ 3409.44,300
3089,10:20:54,$ 3409.49,100
3090,10:20:54,$ 3409.13,100
3091,10:20:54,$ 3410.00,100
3092,10:20:54,$ 3410.00,100
3093,10:20:53,$ 3410.50,200
3094,10:20:41,$ 3410.02,120
3095,10:20:41,$ 3410.02,100
3096,10:20:34,$ 3410.5084,150
3098,10:20:14,$ 3409.845,100
3099,10:19:59,$ 3410.065,100
3100,10:19:51,$ 3410.63,100
3101,10:19:50,$ 3410.30,100
3102,10:19:47,$ 3410.00,100
3103,10:19:44,$ 3409.97,100
3104,10:19:35,$ 3408.58,100
3105,10:19:21,$ 3409.98,100
3106,10:19:20,$ 3409.89,100
3107,10:19:05,$ 3409.025,100
3108,10:19:04,$ 3408.86,100
3109,10:18:56,$ 3408.535,100
3110,10:18:50,$ 3408.51,100
3111,10:18:39,$ 3408.31,100
3112,10:18:24,$ 3407.26,100
3113,10:17:59,$ 3405.78,100
3114,10:17:58,$ 3405.815,100
3115,10:17:56,$ 3406.5899,200
3116,10:17:08,$ 3409.05,100
3117,10:17:08,$ 3409.06,100
3119,10:17:02,$ 3408.00,300
3120,10:16:59,$ 3408.40,100
3121,10:16:56,$ 3407.44,100
3122,10:16:39,$ 3407.99,100
3123,10:16:32,$ 3407.415,100
3124,10:16:31,$ 3407.11,100
3125,10:16:30,$ 3406.80,100
3126,10:16:30,$ 3407.01,100
3127,10:16:08,$ 3405.66,403
3128,10:15:54,$ 3406.76,100
3129,10:15:54,$ 3406.20,100
3130,10:15:45,$ 3405.085,100
3131,10:15:42,$ 3406.01,100
3132,10:15:36,$ 3406.635,100
3133,10:15:31,$ 3406.085,100
3134,10:15:31,$ 3406.44,100
3135,10:15:31,$ 3406.02,100
3136,10:15:31,$ 3406.01,100
3137,10:15:31,$ 3406.44,100
3138,10:15:28,$ 3407.43,100
3140,10:15:04,$ 3408.54,100
3141,10:15:04,$ 3408.49,100
3142,10:15:04,$ 3408.49,100
3143,10:14:46,$ 3408.68,100
3144,10:14:44,$ 3409.35,100
3145,10:14:44,$ 3408.685,275
3146,10:14:43,$ 3409.34,100
3147,10:14:36,$ 3408.86,225
3148,10:14:31,$ 3408.60,100
3149,10:14:31,$ 3408.60,100
3150,10:14:29,$ 3409.61,300
3151,10:14:24,$ 3409.00,117
3152,10:14:23,$ 3408.99,150
3153,10:14:13,$ 3409.525,100
3154,10:14:12,$ 3409.51,100
3155,10:14:08,$ 3409.64,100
3156,10:14:08,$ 3409.77,100
3157,10:14:08,$ 3409.00,100
3158,10:13:58,$ 3408.68,100
3159,10:13:57,$ 3407.845,200
3161,10:13:54,$ 3407.855,100
3162,10:13:51,$ 3406.9159,200
3163,10:13:48,$ 3406.281,100
3164,10:13:33,$ 3407.00,200
3165,10:13:13,$ 3404.75,100
3166,10:12:47,$ 3406.87,100
3167,10:12:47,$ 3406.84,100
3168,10:12:47,$ 3406.81,100
3169,10:12:47,$ 3406.76,100
3170,10:12:47,$ 3406.76,100
3171,10:12:47,$ 3406.76,100
3172,10:12:47,$ 3407.36,375
3173,10:12:46,$ 3407.365,100
3174,10:12:46,$ 3408.32,100
3175,10:12:41,$ 3406.5913,100
3176,10:12:40,$ 3407.33,100
3177,10:12:37,$ 3406.305,100
3178,10:12:35,$ 3407.8399,109
3179,10:12:35,$ 3406.65,100
3180,10:12:22,$ 3405.69,100
3182,10:12:22,$ 3405.69,100
3183,10:12:21,$ 3406.69,100
3184,10:12:19,$ 3406.80,300
3185,10:12:16,$ 3406.785,100
3186,10:12:15,$ 3407.30,100
3187,10:12:11,$ 3408.21,100
3188,10:12:11,$ 3408.15,100
3189,10:12:09,$ 3408.21,100
3190,10:12:07,$ 3408.845,200
3191,10:12:06,$ 3409.28,100
3192,10:11:53,$ 3408.39,116
3193,10:11:48,$ 3409.44,100
3194,10:11:47,$ 3410.10,100
3195,10:11:47,$ 3410.00,400
3196,10:11:42,$ 3409.66,500
3197,10:11:37,$ 3409.37,100
3198,10:11:26,$ 3408.9847,300
3199,10:11:24,$ 3408.86,200
3200,10:11:23,$ 3408.10,100
3201,10:11:18,$ 3409.6961,193
3203,10:11:02,$ 3409.17,100
3204,10:11:00,$ 3409.44,100
3205,10:10:58,$ 3409.00,100
3206,10:10:55,$ 3408.08,300
3207,10:10:53,$ 3408.93,100
3208,10:10:53,$ 3407.99,100
3209,10:10:53,$ 3408.00,100
3210,10:10:52,$ 3406.5456,180
3211,10:10:42,$ 3408.0856,100
3212,10:10:36,$ 3408.78,100
3213,10:10:36,$ 3408.78,100
3214,10:10:30,$ 3409.87,100
3215,10:10:30,$ 3409.39,100
3216,10:10:26,$ 3409.45,182
3217,10:10:24,$ 3409.78,100
3218,10:10:10,$ 3408.74,100
3219,10:10:05,$ 3406.60,100
3220,10:10:03,$ 3409.45,100
3221,10:09:56,$ 3410.97,100
3222,10:09:56,$ 3410.99,100
3224,10:09:56,$ 3410.69,100
3225,10:09:56,$ 3410.69,100
3226,10:09:56,$ 3410.915,100
3227,10:09:53,$ 3411.89,100
3228,10:09:53,$ 3411.89,100
3229,10:09:38,$ 3413.49,250
3230,10:09:37,$ 3412.12,100
3231,10:09:34,$ 3413.035,100
3232,10:09:25,$ 3413.55,100
3233,10:09:25,$ 3413.545,100
3234,10:09:25,$ 3413.595,100
3235,10:09:25,$ 3413.545,100
3236,10:09:25,$ 3413.56,100
3237,10:09:16,$ 3413.86,100
3238,10:09:16,$ 3413.844,100
3239,10:09:16,$ 3413.834,100
3240,10:09:16,$ 3413.25,100
3241,10:09:10,$ 3413.57,100
3242,10:09:06,$ 3413.725,300
3243,10:09:05,$ 3413.56,100
3245,10:08:56,$ 3414.08,100
3246,10:08:55,$ 3413.7736,150
3247,10:08:51,$ 3413.78,100
3248,10:08:42,$ 3412.6974,100
3249,10:08:37,$ 3411.195,100
3250,10:08:34,$ 3412.23,100
3251,10:08:12,$ 3414.00,100
3252,10:08:12,$ 3414.00,100
3253,10:08:12,$ 3413.91,100
3254,10:08:12,$ 3414.00,100
3255,10:08:03,$ 3413.0686,200
3256,10:07:57,$ 3412.72,100
3257,10:07:57,$ 3412.69,100
3258,10:07:55,$ 3413.18,100
3259,10:07:55,$ 3412.82,100
3260,10:07:52,$ 3412.77,100
3261,10:07:48,$ 3412.44,100
3262,10:07:47,$ 3410.96,100
3263,10:07:39,$ 3410.69,100
3264,10:07:30,$ 3410.00,200
3266,10:07:30,$ 3410.13,100
3267,10:07:30,$ 3410.00,100
3268,10:07:30,$ 3410.00,100
3269,10:07:22,$ 3407.695,100
3270,10:07:21,$ 3407.64,100
3271,10:07:21,$ 3407.60,100
3272,10:07:21,$ 3407.42,100
3273,10:07:21,$ 3407.41,100
3274,10:07:21,$ 3407.34,173
3275,10:07:21,$ 3407.33,100
3276,10:07:18,$ 3407.398,100
3277,10:07:08,$ 3404.97,100
3278,10:07:08,$ 3405.03,100
3279,10:07:01,$ 3404.96,100
3280,10:06:55,$ 3403.63,100
3281,10:06:53,$ 3403.60,100
3282,10:06:48,$ 3404.29,100
3283,10:06:47,$ 3404.45,125
3284,10:06:47,$ 3404.45,125
3285,10:06:07,$ 3404.31,100
3287,10:06:00,$ 3404.22,200
3288,10:06:00,$ 3403.57,100
3289,10:06:00,$ 3404.13,100
3290,10:06:00,$ 3404.08,100
3291,10:06:00,$ 3404.06,100
3292,10:06:00,$ 3406.01,100
3293,10:06:00,$ 3404.19,100
3294,10:06:00,$ 3404.19,100
3295,10:06:00,$ 3404.82,100
3296,10:06:00,$ 3406.69,100
3297,10:06:00,$ 3406.73,200
3298,10:06:00,$ 3406.94,100
3299,10:06:00,$ 3406.96,100
3300,10:06:00,$ 3404.21,100
3301,10:06:00,$ 3404.19,100
3302,10:06:00,$ 3403.86,100
3303,10:06:00,$ 3404.39,100
3304,10:06:00,$ 3404.41,100
3305,10:06:00,$ 3404.03,100
3306,10:06:00,$ 3404.46,100
3308,10:06:00,$ 3404.21,100
3309,10:06:00,$ 3404.26,100
3310,10:06:00,$ 3404.01,100
3311,10:06:00,$ 3404.95,100
3312,10:06:00,$ 3405.17,100
3313,10:06:00,$ 3405.61,100
3314,10:06:00,$ 3406.05,100
3315,10:06:00,$ 3406.07,100
3316,10:06:00,$ 3404.22,100
3317,10:05:57,$ 3403.07,100
3318,10:05:54,$ 3404.08,100
3319,10:05:54,$ 3404.05,100
3320,10:05:54,$ 3404.07,100
3321,10:05:54,$ 3404.61,100
3322,10:05:54,$ 3405.02,200
3323,10:05:50,$ 3406.1381,100
3324,10:05:48,$ 3406.05,100
3325,10:05:48,$ 3405.675,100
3326,10:05:48,$ 3405.675,100
3327,10:05:48,$ 3405.675,100
3329,10:05:41,$ 3405.53,100
3330,10:05:41,$ 3405.51,101
3331,10:05:34,$ 3404.99,100
3332,10:05:24,$ 3402.3588,600
3333,10:05:21,$ 3404.715,100
3334,10:05:19,$ 3404.51,100
3335,10:05:19,$ 3404.51,100
3336,10:05:15,$ 3405.49,139
3337,10:05:14,$ 3406.54,100
3338,10:05:14,$ 3406.54,100
3339,10:05:14,$ 3406.54,100
3340,10:05:14,$ 3406.26,100
3341,10:05:14,$ 3406.0564,100
3342,10:05:13,$ 3406.8175,100
3343,10:05:06,$ 3405.90,147
3344,10:04:50,$ 3404.50,200
3345,10:04:30,$ 3403.78,100
3346,10:04:23,$ 3402.64,100
3347,10:04:20,$ 3401.9999,100
3348,10:04:15,$ 3400.11,100
3350,10:04:11,$ 3401.075,100
3351,10:04:08,$ 3399.98,100
3352,10:04:03,$ 3399.92,100
3353,10:03:41,$ 3399.53,100
3354,10:03:30,$ 3400.15,100
3355,10:03:30,$ 3400.01,100
3356,10:03:30,$ 3400.01,100
3357,10:03:23,$ 3400.58,100
3358,10:03:18,$ 3400.64,100
3359,10:03:18,$ 3400.66,100
3360,10:03:11,$ 3400.195,100
3361,10:03:10,$ 3400.77,100
3362,10:03:04,$ 3400.30,100
3363,10:02:57,$ 3399.4171,105
3364,10:02:55,$ 3400.57,100
3365,10:02:50,$ 3401.33,100
3366,10:02:49,$ 3399.84,100
3367,10:02:48,$ 3400.61,100
3368,10:02:48,$ 3400.61,100
3369,10:02:45,$ 3399.0101,100
3371,10:02:40,$ 3399.735,100
3372,10:02:39,$ 3399.0001,100
3373,10:02:30,$ 3401.82,100
3374,10:02:30,$ 3403.23,100
3375,10:02:25,$ 3402.65,100
3376,10:02:25,$ 3402.65,200
3377,10:02:22,$ 3403.42,200
3378,10:02:17,$ 3403.035,100
3379,10:02:14,$ 3402.00,100
3380,10:02:01,$ 3400.26,100
3381,10:01:54,$ 3399.20,100
3382,10:01:54,$ 3399.04,100
3383,10:01:54,$ 3399.07,100
3384,10:01:52,$ 3399.71,100
3385,10:01:41,$ 3400.15,100
3386,10:01:33,$ 3401.185,100
3387,10:01:32,$ 3401.62,137
3388,10:01:31,$ 3400.815,100
3389,10:01:30,$ 3400.80,100
3390,10:01:30,$ 3400.56,100
3392,10:01:28,$ 3399.715,100
3393,10:01:06,$ 3398.095,100
3394,10:01:06,$ 3398.12,100
3395,10:01:06,$ 3399.015,100
3396,10:00:49,$ 3398.30,100
3397,10:00:45,$ 3399.8399,100
3398,10:00:40,$ 3399.00,100
3399,10:00:40,$ 3398.53,100
3400,10:00:39,$ 3398.53,200
3401,10:00:33,$ 3397.425,100
3402,10:00:33,$ 3397.00,100
3403,10:00:33,$ 3396.87,100
3404,10:00:30,$ 3398.58,100
3405,10:00:26,$ 3398.87,100
3406,10:00:26,$ 3399.555,100
3407,10:00:23,$ 3400.71,150
3408,10:00:11,$ 3400.45,100
3409,10:00:11,$ 3400.605,100
3410,10:00:11,$ 3400.46,100
3411,10:00:10,$ 3400.8825,100
3413,10:00:07,$ 3399.29,100
3414,10:00:01,$ 3399.39,100
3416,10:59:51,$ 3434.75,100
3417,10:59:49,$ 3435.56,100
3418,10:59:49,$ 3435.22,100
3419,10:59:49,$ 3435.02,100
3420,10:59:49,$ 3435.02,100
3421,10:59:49,$ 3435.01,100
3422,10:59:49,$ 3435.00,100
3423,10:59:29,$ 3437.045,100
3424,10:59:29,$ 3436.74,100
3425,10:59:29,$ 3436.75,160
3426,10:59:18,$ 3436.17,200
3427,10:59:15,$ 3436.875,100
3428,10:59:15,$ 3436.23,100
3429,10:58:50,$ 3436.40,100
3430,10:58:50,$ 3436.24,100
3431,10:58:50,$ 3437.00,150
3432,10:58:49,$ 3437.70,100
3433,10:58:48,$ 3437.74,100
3434,10:58:48,$ 3437.365,100
3435,10:58:43,$ 3437.6292,500
3437,10:58:42,$ 3437.55,500
3438,10:58:40,$ 3437.26,200
3439,10:58:38,$ 3438.00,100
3440,10:58:35,$ 3436.9898,100
3441,10:58:35,$ 3436.75,100
3442,10:58:35,$ 3436.99,100
3443,10:58:35,$ 3436.37,100
3444,10:58:32,$ 3435.75,100
3445,10:58:29,$ 3436.61,100
3446,10:58:26,$ 3435.95,100
3447,10:58:26,$ 3435.95,100
3448,10:58:26,$ 3435.575,100
3449,10:58:26,$ 3435.89,100
3450,10:58:26,$ 3435.82,100
3451,10:58:26,$ 3435.39,100
3452,10:58:20,$ 3435.275,110
3453,10:58:19,$ 3434.80,100
3454,10:58:19,$ 3434.80,100
3455,10:58:17,$ 3434.77,100
3456,10:58:14,$ 3433.78,100
3458,10:58:11,$ 3434.00,100
3459,10:58:11,$ 3434.925,"1,000"
3460,10:58:06,$ 3434.82,600
3461,10:58:05,$ 3434.57,100
3462,10:58:02,$ 3435.74,200
3463,10:57:54,$ 3434.83,100
3464,10:57:52,$ 3434.75,120
3465,10:57:50,$ 3434.42,100
3466,10:57:50,$ 3434.42,100
3467,10:57:50,$ 3434.43,100
3468,10:57:48,$ 3434.075,100
3469,10:57:45,$ 3433.37,147
3470,10:57:44,$ 3433.02,100
3471,10:57:42,$ 3432.39,100
3472,10:57:42,$ 3432.71,100
3473,10:57:40,$ 3434.53,100
3474,10:57:40,$ 3434.01,100
3475,10:57:40,$ 3434.01,100
3476,10:57:40,$ 3434.9802,100
3477,10:57:33,$ 3435.54,100
3479,10:57:32,$ 3435.17,100
3480,10:57:31,$ 3436.0138,100
3481,10:57:26,$ 3435.86,100
3482,10:57:22,$ 3435.85,100
3483,10:57:19,$ 3435.79,100
3484,10:57:15,$ 3435.56,100
3485,10:57:12,$ 3436.1542,100
3486,10:57:11,$ 3436.595,200
3487,10:57:11,$ 3437.09,100
3488,10:57:11,$ 3437.08,186
3489,10:57:10,$ 3437.565,100
3490,10:56:48,$ 3438.34,100
3491,10:56:48,$ 3438.36,100
3492,10:56:48,$ 3439.02,100
3493,10:56:48,$ 3438.62,100
3494,10:56:48,$ 3438.52,100
3495,10:56:48,$ 3438.44,100
3496,10:56:48,$ 3438.61,100
3497,10:56:41,$ 3440.97,100
3498,10:56:41,$ 3441.00,100
3500,10:56:41,$ 3441.00,100
3501,10:56:41,$ 3440.02,100
3502,10:56:41,$ 3440.51,100
3503,10:56:36,$ 3441.56,100
3504,10:56:34,$ 3441.53,100
3505,10:56:33,$ 3441.47,100
3506,10:56:33,$ 3441.56,100
3507,10:56:33,$ 3441.56,100
3508,10:56:33,$ 3441.56,100
3509,10:56:33,$ 3441.51,100
3510,10:56:33,$ 3441.56,100
3511,10:56:32,$ 3440.935,100
3512,10:56:19,$ 3441.53,100
3513,10:56:19,$ 3441.52,100
3514,10:56:17,$ 3441.33,100
3515,10:56:17,$ 3441.39,100
3516,10:56:16,$ 3441.31,100
3517,10:56:16,$ 3440.805,100
3518,10:56:12,$ 3440.97,100
3519,10:56:07,$ 3440.345,170
3521,10:56:06,$ 3440.00,100
3522,10:56:06,$ 3440.00,100
3523,10:56:05,$ 3440.00,100
3524,10:56:05,$ 3440.00,100
3525,10:56:05,$ 3439.99,100
3526,10:56:01,$ 3438.51,100
3527,10:55:54,$ 3438.9399,100
3528,10:55:53,$ 3437.00,100
3529,10:55:53,$ 3437.0001,400
3530,10:55:52,$ 3439.26,100
3531,10:55:52,$ 3440.00,100
3532,10:55:52,$ 3439.11,100
3533,10:55:52,$ 3439.26,100
3534,10:55:51,$ 3440.29,100
3535,10:55:51,$ 3440.29,100
3536,10:55:51,$ 3441.005,100
3537,10:55:47,$ 3441.005,100
3538,10:55:45,$ 3441.4899,100
3539,10:55:41,$ 3441.34,100
3540,10:55:30,$ 3441.34,100
3542,10:55:26,$ 3442.19,100
3543,10:55:26,$ 3442.545,100
3544,10:55:26,$ 3442.00,100
3545,10:55:25,$ 3441.34,110
3546,10:55:21,$ 3442.565,100
3547,10:55:15,$ 3439.745,100
3548,10:55:14,$ 3439.8045,162
3549,10:55:14,$ 3440.72,100
3550,10:55:14,$ 3440.76,126
3551,10:55:12,$ 3442.52,100
3552,10:55:12,$ 3443.70,100
3553,10:55:10,$ 3444.28,100
3554,10:55:10,$ 3444.28,100
3555,10:55:05,$ 3445.13,100
3556,10:54:59,$ 3444.63,100
3557,10:54:56,$ 3444.82,200
3558,10:54:52,$ 3445.12,100
3559,10:54:51,$ 3445.1201,100
3560,10:54:51,$ 3445.12,100
3561,10:54:51,$ 3445.17,100
3563,10:54:51,$ 3445.39,100
3564,10:54:50,$ 3444.86,100
3565,10:54:47,$ 3445.105,100
3566,10:54:36,$ 3444.64,100
3567,10:54:32,$ 3445.171,"1,000"
3568,10:54:32,$ 3445.00,310
3569,10:54:32,$ 3445.00,500
3570,10:54:31,$ 3445.00,100
3571,10:54:31,$ 3445.00,100
3572,10:54:30,$ 3444.99,100
3573,10:54:29,$ 3444.49,200
3574,10:54:29,$ 3444.50,100
3575,10:54:29,$ 3444.605,100
3576,10:54:29,$ 3444.21,100
3577,10:54:21,$ 3444.67,100
3578,10:54:11,$ 3444.54,107
3579,10:54:07,$ 3444.155,100
3580,10:54:05,$ 3443.99,100
3581,10:54:05,$ 3443.99,300
3582,10:54:03,$ 3443.615,200
3584,10:53:56,$ 3443.97,100
3585,10:53:56,$ 3443.97,100
3586,10:53:56,$ 3443.91,100
3587,10:53:50,$ 3443.85,100
3588,10:53:50,$ 3444.00,100
3589,10:53:48,$ 3443.43,200
3590,10:53:47,$ 3443.42,100
3591,10:53:45,$ 3443.60,100
3592,10:53:25,$ 3444.04,161
3593,10:53:25,$ 3443.64,100
3594,10:53:06,$ 3442.875,100
3595,10:53:00,$ 3442.54,500
3596,10:52:58,$ 3443.02,100
3597,10:52:58,$ 3443.24,100
3598,10:52:54,$ 3443.46,100
3599,10:52:54,$ 3443.77,100
3600,10:52:51,$ 3444.70,100
3601,10:52:45,$ 3443.75,100
3602,10:52:44,$ 3443.69,100
3603,10:52:39,$ 3444.345,100
3605,10:52:38,$ 3444.74,100
3606,10:52:34,$ 3444.63,100
3607,10:52:34,$ 3444.39,100
3608,10:52:33,$ 3444.97,102
3609,10:52:33,$ 3445.03,100
3610,10:52:33,$ 3445.03,100
3611,10:52:33,$ 3444.75,100
3612,10:52:30,$ 3445.045,100
3613,10:52:29,$ 3445.06,100
3614,10:52:29,$ 3445.31,120
3615,10:52:29,$ 3445.50,220
3616,10:52:27,$ 3445.50,500
3617,10:52:25,$ 3445.81,100
3618,10:52:19,$ 3445.29,100
3619,10:52:15,$ 3444.44,146
3620,10:52:15,$ 3444.44,183
3621,10:52:15,$ 3444.44,100
3622,10:52:13,$ 3444.42,100
3623,10:52:13,$ 3443.98,100
3624,10:52:13,$ 3443.98,100
3626,10:52:06,$ 3444.00,100
3627,10:52:06,$ 3444.00,100
3628,10:52:06,$ 3443.89,100
3629,10:52:05,$ 3443.8764,103
3630,10:52:05,$ 3443.78,100
3631,10:52:00,$ 3442.75,100
3632,10:52:00,$ 3442.80,100
3633,10:51:48,$ 3442.00,200
3634,10:51:48,$ 3442.00,100
3635,10:51:40,$ 3440.94,200
3636,10:51:38,$ 3440.45,100
3637,10:51:38,$ 3440.455,100
3638,10:51:30,$ 3440.24,100
3639,10:51:30,$ 3440.315,100
3640,10:51:21,$ 3440.505,100
3641,10:51:10,$ 3441.185,100
3642,10:50:52,$ 3441.505,100
3643,10:50:48,$ 3441.355,188
3644,10:50:48,$ 3440.99,100
3645,10:50:48,$ 3440.99,100
3647,10:50:48,$ 3441.00,121
3648,10:50:48,$ 3440.99,100
3649,10:50:47,$ 3440.435,100
3650,10:50:39,$ 3439.88,100
3651,10:50:39,$ 3439.96,100
3652,10:50:37,$ 3440.03,100
3653,10:50:24,$ 3440.97,100
3654,10:50:24,$ 3440.315,200
3655,10:50:18,$ 3440.36,127
3656,10:50:18,$ 3440.59,100
3657,10:50:14,$ 3440.185,100
3658,10:50:10,$ 3440.00,100
3659,10:50:10,$ 3440.01,150
3660,10:50:07,$ 3439.9013,100
3661,10:50:06,$ 3439.66,100
3662,10:50:06,$ 3439.835,100
3663,10:50:06,$ 3439.835,100
3664,10:50:06,$ 3439.98,100
3665,10:50:06,$ 3439.98,100
3666,10:50:06,$ 3439.66,100
3668,10:50:06,$ 3439.95,100
3669,10:50:06,$ 3439.45,100
3670,10:50:06,$ 3440.00,129
3671,10:50:06,$ 3440.00,100
3672,10:49:52,$ 3439.43,724
3673,10:49:47,$ 3439.96,100
3674,10:49:45,$ 3439.99,100
3675,10:49:45,$ 3439.94,100
3676,10:49:40,$ 3439.99,100
3677,10:49:38,$ 3440.02,100
3678,10:49:37,$ 3439.99,200
3679,10:49:37,$ 3440.045,100
3680,10:49:36,$ 3440.19,100
3681,10:49:36,$ 3439.76,100
3682,10:49:31,$ 3440.38,100
3683,10:49:27,$ 3439.31,100
3684,10:49:23,$ 3439.00,200
3685,10:49:20,$ 3439.695,100
3686,10:49:17,$ 3440.1157,200
3687,10:49:14,$ 3440.84,100
3689,10:49:14,$ 3440.84,100
3690,10:49:13,$ 3440.00,100
3691,10:49:10,$ 3440.455,500
3692,10:49:08,$ 3440.75,100
3693,10:49:08,$ 3440.75,100
3694,10:49:08,$ 3440.75,100
3695,10:49:05,$ 3441.70,100
3696,10:49:03,$ 3441.78,100
3697,10:49:00,$ 3440.97,100
3698,10:48:50,$ 3441.635,100
3699,10:48:50,$ 3441.63,100
3700,10:48:50,$ 3441.685,100
3701,10:48:50,$ 3441.69,100
3702,10:48:50,$ 3441.615,100
3703,10:48:50,$ 3441.665,100
3704,10:48:49,$ 3441.57,100
3705,10:48:47,$ 3440.00,100
3706,10:48:47,$ 3440.355,100
3707,10:48:44,$ 3440.99,100
3708,10:48:44,$ 3440.99,100
3710,10:48:38,$ 3440.995,100
3711,10:48:35,$ 3441.335,100
3712,10:48:34,$ 3440.66,100
3713,10:48:34,$ 3440.82,100
3714,10:48:34,$ 3441.235,100
3715,10:48:30,$ 3442.295,100
3716,10:48:30,$ 3442.295,100
3717,10:48:30,$ 3441.19,100
3718,10:48:30,$ 3440.81,100
3719,10:48:29,$ 3440.81,100
3720,10:48:28,$ 3440.81,100
3721,10:48:27,$ 3441.17,100
3722,10:48:27,$ 3441.065,100
3723,10:48:24,$ 3441.75,100
3724,10:48:24,$ 3441.61,100
3725,10:48:24,$ 3441.60,100
3726,10:48:12,$ 3442.325,500
3727,10:48:10,$ 3443.435,200
3728,10:48:09,$ 3441.415,100
3729,10:48:09,$ 3442.05,100
3731,10:48:09,$ 3442.46,100
3732,10:48:07,$ 3443.61,100
3733,10:48:06,$ 3443.26,148
3734,10:48:05,$ 3443.999,118
3735,10:48:00,$ 3443.00,100
3736,10:48:00,$ 3443.00,100
3737,10:47:55,$ 3442.36,100
3738,10:47:55,$ 3442.8389,108
3739,10:47:52,$ 3442.25,100
3740,10:47:52,$ 3442.25,100
3741,10:47:43,$ 3441.05,100
3742,10:47:38,$ 3442.27,100
3743,10:47:32,$ 3440.61,100
3744,10:47:30,$ 3438.25,500
3745,10:47:28,$ 3440.7292,110
3746,10:47:23,$ 3441.9104,100
3747,10:47:20,$ 3442.43,100
3748,10:47:20,$ 3442.455,100
3749,10:47:20,$ 3441.93,100
3750,10:47:20,$ 3441.93,100
3752,10:47:07,$ 3442.2137,800
3753,10:47:07,$ 3442.26,100
3754,10:47:04,$ 3442.31,461
3755,10:47:04,$ 3442.31,100
3756,10:47:02,$ 3441.76,100
3757,10:46:58,$ 3441.70,100
3758,10:46:54,$ 3441.395,100
3759,10:46:52,$ 3441.03,100
3760,10:46:52,$ 3441.265,200
3761,10:46:51,$ 3441.00,100
3762,10:46:51,$ 3441.00,100
3763,10:46:44,$ 3440.06,100
3764,10:46:44,$ 3440.225,100
3765,10:46:44,$ 3440.10,100
3766,10:46:44,$ 3440.07,100
3767,10:46:30,$ 3439.0201,135
3768,10:46:30,$ 3439.0201,525
3769,10:46:30,$ 3439.69,100
3770,10:46:30,$ 3439.69,100
3771,10:46:30,$ 3439.69,100
3773,10:46:25,$ 3439.8607,119
3774,10:46:20,$ 3439.94,100
3775,10:46:20,$ 3439.76,100
3776,10:46:20,$ 3439.849,200
3777,10:46:20,$ 3439.96,100
3778,10:46:18,$ 3438.8576,100
3779,10:46:17,$ 3439.005,100
3780,10:46:13,$ 3437.99,100
3781,10:46:09,$ 3438.02,100
3782,10:46:09,$ 3438.02,100
3783,10:46:09,$ 3437.95,100
3784,10:46:09,$ 3437.855,100
3785,10:45:59,$ 3439.4901,100
3786,10:45:59,$ 3439.49,100
3787,10:45:52,$ 3439.85,100
3788,10:45:50,$ 3439.91,100
3789,10:45:48,$ 3441.02,100
3790,10:45:43,$ 3442.0506,100
3791,10:45:43,$ 3442.20,100
3792,10:45:41,$ 3442.305,100
3794,10:45:41,$ 3442.06,100
3795,10:45:41,$ 3441.98,100
3796,10:45:40,$ 3442.275,200
3797,10:45:39,$ 3441.805,100
3798,10:45:37,$ 3442.01,400
3799,10:45:37,$ 3442.51,100
3800,10:45:36,$ 3441.2459,100
3801,10:45:34,$ 3441.015,100
3802,10:45:30,$ 3440.2075,147
3803,10:45:30,$ 3440.2075,213
3804,10:45:30,$ 3439.77,100
3805,10:45:29,$ 3440.65,100
3806,10:45:28,$ 3439.99,100
3807,10:45:28,$ 3439.46,100
3808,10:45:28,$ 3440.00,190
3809,10:45:28,$ 3439.96,100
3810,10:45:28,$ 3440.00,100
3811,10:45:28,$ 3440.00,105
3812,10:45:28,$ 3440.00,100
3813,10:45:28,$ 3440.00,100
3815,10:45:28,$ 3439.58,100
3816,10:45:27,$ 3439.99,100
3817,10:45:26,$ 3440.00,100
3818,10:45:25,$ 3438.27,100
3819,10:45:25,$ 3438.55,150
3820,10:45:23,$ 3438.44,100
3821,10:45:22,$ 3438.02,100
3822,10:45:22,$ 3438.01,100
3823,10:45:20,$ 3438.50,100
3824,10:45:19,$ 3438.22,100
3825,10:45:19,$ 3437.53,200
3826,10:45:18,$ 3438.50,100
3827,10:45:17,$ 3437.0601,300
3828,10:45:16,$ 3438.00,100
3829,10:45:16,$ 3437.99,308
3830,10:45:12,$ 3437.255,100
3831,10:45:12,$ 3437.115,100
3832,10:45:08,$ 3437.47,100
3833,10:45:03,$ 3436.175,100
3834,10:45:01,$ 3435.45,100
3836,10:44:58,$ 3436.00,100
3837,10:44:50,$ 3435.07,100
3838,10:44:50,$ 3434.76,100
3839,10:44:47,$ 3434.72,100
3840,10:44:47,$ 3434.00,100
3841,10:44:45,$ 3434.15,100
3842,10:44:45,$ 3434.15,138
3843,10:44:45,$ 3434.34,100
3844,10:44:45,$ 3434.33,100
3845,10:44:45,$ 3434.33,100
3846,10:44:45,$ 3434.45,100
3847,10:44:43,$ 3434.675,125
3848,10:44:42,$ 3435.18,100
3849,10:44:41,$ 3435.18,100
3850,10:44:39,$ 3434.59,100
3851,10:44:38,$ 3435.20,100
3852,10:44:38,$ 3435.15,100
3853,10:44:38,$ 3435.005,100
3854,10:44:38,$ 3435.00,100
3855,10:44:38,$ 3435.00,100
3857,10:44:38,$ 3435.00,100
3858,10:44:35,$ 3434.50,100
3859,10:44:32,$ 3434.97,100
3860,10:44:32,$ 3434.13,300
3861,10:44:23,$ 3433.99,100
3862,10:44:22,$ 3433.45,100
3863,10:44:21,$ 3434.5406,500
3864,10:44:20,$ 3433.45,100
3865,10:44:18,$ 3434.27,100
3866,10:44:18,$ 3433.42,100
3867,10:44:18,$ 3433.72,100
3868,10:44:17,$ 3433.88,100
3869,10:44:17,$ 3433.78,100
3870,10:44:17,$ 3434.28,100
3871,10:44:17,$ 3433.79,100
3872,10:44:17,$ 3433.79,100
3873,10:44:17,$ 3434.47,100
3874,10:44:17,$ 3434.27,100
3875,10:44:17,$ 3434.65,100
3876,10:44:17,$ 3434.69,100
3878,10:44:17,$ 3433.805,100
3879,10:44:15,$ 3432.8775,100
3880,10:44:08,$ 3434.00,100
3881,10:44:07,$ 3433.29,100
3882,10:44:07,$ 3433.43,100
3883,10:44:07,$ 3433.50,100
3884,10:44:07,$ 3432.89,100
3885,10:44:06,$ 3433.40,100
3886,10:44:06,$ 3433.225,380
3887,10:44:06,$ 3433.50,372
3888,10:44:06,$ 3433.50,100
3889,10:44:05,$ 3432.83,100
3890,10:44:01,$ 3432.73,100
3891,10:44:01,$ 3432.685,100
3892,10:44:00,$ 3433.31,100
3893,10:44:00,$ 3433.32,100
3894,10:44:00,$ 3433.63,100
3895,10:44:00,$ 3433.52,100
3896,10:44:00,$ 3433.31,100
3897,10:43:58,$ 3434.52,100
3899,10:43:57,$ 3434.52,100
3900,10:43:56,$ 3434.42,100
3901,10:43:56,$ 3434.13,100
3902,10:43:56,$ 3434.70,100
3903,10:43:56,$ 3434.42,100
3904,10:43:56,$ 3434.32,100
