,NLS Time (ET),NLS Price,NLS Share Volume
1,09:59:58,$ 3566.11,100
2,09:59:58,$ 3567.035,169
3,09:59:49,$ 3567.05,100
4,09:59:49,$ 3567.05,100
5,09:59:49,$ 3567.05,100
6,09:59:46,$ 3567.37,100
7,09:59:46,$ 3568.495,100
8,09:59:40,$ 3566.77,100
9,09:59:40,$ 3568.51,131
10,09:59:36,$ 3569.72,100
11,09:59:34,$ 3569.64,100
12,09:59:34,$ 3570.00,447
13,09:59:28,$ 3569.58,100
14,09:59:28,$ 3571.9504,500
15,09:59:28,$ 3570.67,100
16,09:59:15,$ 3570.00,100
17,09:59:11,$ 3569.00,124
18,09:59:11,$ 3569.00,146
19,09:58:59,$ 3568.86,100
20,09:58:59,$ 3568.48,100
22,09:58:56,$ 3568.47,100
23,09:58:54,$ 3567.88,100
24,09:58:47,$ 3566.6307,100
25,09:58:47,$ 3567.1606,223
26,09:58:47,$ 3567.01,100
27,09:58:47,$ 3567.02,120
28,09:58:47,$ 3566.97,100
29,09:58:47,$ 3565.99,100
30,09:58:41,$ 3565.50,114
31,09:58:35,$ 3564.744,100
32,09:58:35,$ 3564.46,100
33,09:58:21,$ 3564.25,100
34,09:58:21,$ 3564.20,100
35,09:58:21,$ 3564.40,100
36,09:58:21,$ 3564.40,100
37,09:58:20,$ 3564.40,100
38,09:58:20,$ 3564.40,100
39,09:58:20,$ 3564.625,100
40,09:58:20,$ 3564.40,100
41,09:58:19,$ 3564.40,100
43,09:58:18,$ 3564.41,100
44,09:58:04,$ 3565.00,100
45,09:58:04,$ 3565.16,100
46,09:58:04,$ 3565.07,100
47,09:58:04,$ 3566.2091,300
48,09:57:57,$ 3565.45,100
49,09:57:57,$ 3565.02,100
50,09:57:56,$ 3565.24,100
51,09:57:56,$ 3565.24,100
52,09:57:56,$ 3565.24,100
53,09:57:56,$ 3565.24,100
54,09:57:51,$ 3564.97,100
55,09:57:43,$ 3564.19,100
56,09:57:41,$ 3566.55,100
57,09:57:37,$ 3565.14,100
58,09:57:37,$ 3565.03,100
59,09:57:16,$ 3564.16,100
60,09:57:00,$ 3564.16,500
61,09:56:56,$ 3564.00,100
62,09:56:55,$ 3563.21,100
64,09:56:53,$ 3563.58,100
65,09:56:50,$ 3563.0001,200
66,09:56:41,$ 3564.265,100
67,09:56:41,$ 3564.265,100
68,09:56:40,$ 3564.275,100
69,09:56:34,$ 3564.33,100
70,09:56:31,$ 3564.43,100
71,09:56:31,$ 3564.15,100
72,09:56:31,$ 3563.6055,100
73,09:56:28,$ 3564.14,100
74,09:56:20,$ 3564.92,100
75,09:56:19,$ 3566.20,100
76,09:56:07,$ 3565.12,100
77,09:55:58,$ 3565.16,100
78,09:55:57,$ 3565.77,100
79,09:55:55,$ 3566.6795,186
80,09:55:55,$ 3565.935,100
81,09:55:52,$ 3565.965,100
82,09:55:46,$ 3567.00,100
83,09:55:35,$ 3566.5375,100
85,09:55:30,$ 3567.40,100
86,09:55:28,$ 3565.76,100
87,09:55:20,$ 3566.64,100
88,09:55:19,$ 3566.39,100
89,09:55:17,$ 3566.355,100
90,09:55:17,$ 3566.37,100
91,09:55:17,$ 3565.115,100
92,09:55:16,$ 3565.455,100
93,09:54:54,$ 3564.30,100
94,09:54:51,$ 3563.735,100
95,09:54:51,$ 3563.05,100
96,09:54:42,$ 3564.0065,714
97,09:54:40,$ 3563.90,100
98,09:54:40,$ 3564.05,100
99,09:54:39,$ 3564.01,200
100,09:54:39,$ 3564.01,100
101,09:54:39,$ 3564.03,100
102,09:54:39,$ 3564.03,100
103,09:54:39,$ 3564.20,100
104,09:54:39,$ 3564.015,100
106,09:54:39,$ 3564.01,100
107,09:54:39,$ 3564.0138,100
108,09:54:39,$ 3564.52,100
109,09:54:04,$ 3566.13,200
110,09:53:57,$ 3568.0699,100
111,09:53:57,$ 3566.82,100
112,09:53:56,$ 3566.685,100
113,09:53:51,$ 3565.02,100
114,09:53:48,$ 3564.715,100
115,09:53:25,$ 3567.14,100
116,09:53:25,$ 3568.63,100
117,09:53:25,$ 3567.74,100
118,09:53:16,$ 3568.70,100
119,09:52:58,$ 3568.73,100
120,09:52:57,$ 3568.67,100
121,09:52:51,$ 3568.625,100
122,09:52:44,$ 3568.80,100
123,09:52:40,$ 3568.80,100
124,09:52:39,$ 3568.35,100
125,09:52:39,$ 3568.69,100
127,09:52:39,$ 3568.35,100
128,09:52:39,$ 3568.69,100
129,09:52:39,$ 3568.69,100
130,09:52:39,$ 3568.69,100
131,09:52:29,$ 3567.67,200
132,09:52:15,$ 3566.43,100
133,09:52:13,$ 3566.44,100
134,09:52:11,$ 3566.43,100
135,09:52:07,$ 3566.44,100
136,09:52:01,$ 3566.44,100
137,09:51:09,$ 3565.71,100
138,09:51:09,$ 3566.04,100
139,09:51:05,$ 3564.67,100
140,09:50:51,$ 3564.565,186
141,09:50:50,$ 3564.01,100
142,09:50:42,$ 3564.26,100
143,09:50:38,$ 3564.26,100
144,09:50:37,$ 3565.34,100
145,09:50:21,$ 3567.97,100
146,09:50:18,$ 3567.00,100
148,09:50:18,$ 3567.00,100
149,09:50:18,$ 3567.00,100
150,09:49:58,$ 3566.6338,166
151,09:49:54,$ 3567.18,100
152,09:49:53,$ 3566.00,100
153,09:49:18,$ 3565.55,100
154,09:49:16,$ 3565.46,100
155,09:49:16,$ 3565.46,100
156,09:49:16,$ 3565.92,100
157,09:49:11,$ 3564.9082,100
158,09:49:08,$ 3563.91,100
159,09:49:06,$ 3563.74,100
160,09:49:06,$ 3563.76,100
161,09:49:02,$ 3564.60,100
162,09:49:01,$ 3565.5329,155
163,09:49:01,$ 3564.14,100
164,09:48:57,$ 3564.71,100
165,09:48:53,$ 3564.7377,169
166,09:48:52,$ 3565.5157,100
167,09:48:50,$ 3565.02,100
169,09:48:50,$ 3565.00,100
170,09:48:47,$ 3565.52,100
171,09:48:44,$ 3565.01,100
172,09:48:42,$ 3565.065,100
173,09:48:40,$ 3565.12,100
174,09:48:27,$ 3566.1999,100
175,09:48:23,$ 3564.69,100
176,09:48:09,$ 3566.04,100
177,09:48:09,$ 3566.03,100
178,09:48:08,$ 3567.63,100
179,09:48:08,$ 3568.145,100
180,09:48:04,$ 3567.7966,150
181,09:48:02,$ 3566.64,100
182,09:48:00,$ 3568.68,100
183,09:47:57,$ 3568.0233,113
184,09:47:56,$ 3568.56,100
185,09:47:56,$ 3568.65,100
186,09:47:51,$ 3568.65,100
187,09:47:51,$ 3568.65,100
188,09:47:51,$ 3568.34,100
190,09:47:51,$ 3568.40,100
191,09:47:51,$ 3568.58,100
192,09:47:46,$ 3567.84,100
193,09:47:42,$ 3567.44,100
194,09:47:39,$ 3568.36,191
195,09:47:38,$ 3568.36,100
196,09:47:38,$ 3569.405,100
197,09:47:37,$ 3568.62,100
198,09:47:37,$ 3568.62,100
199,09:47:37,$ 3568.62,100
200,09:47:34,$ 3568.43,100
201,09:47:34,$ 3568.64,100
202,09:47:34,$ 3568.72,100
203,09:47:30,$ 3568.66,100
204,09:47:13,$ 3567.25,100
205,09:47:12,$ 3566.82,100
206,09:47:12,$ 3566.86,100
207,09:47:08,$ 3567.67,139
208,09:47:02,$ 3566.78,100
209,09:47:02,$ 3566.78,100
211,09:47:02,$ 3566.9617,250
212,09:46:59,$ 3568.11,263
213,09:46:56,$ 3568.64,100
214,09:46:56,$ 3568.00,100
215,09:46:56,$ 3568.57,100
216,09:46:56,$ 3567.68,100
217,09:46:56,$ 3568.00,100
218,09:46:54,$ 3567.71,100
219,09:46:49,$ 3567.705,100
220,09:46:45,$ 3565.025,100
221,09:46:45,$ 3568.01,100
222,09:46:45,$ 3568.02,100
223,09:46:45,$ 3567.41,100
224,09:46:45,$ 3569.26,100
225,09:46:45,$ 3570.00,900
226,09:46:45,$ 3570.02,100
227,09:46:45,$ 3570.00,202
228,09:46:45,$ 3570.00,235
229,09:46:45,$ 3570.00,117
230,09:46:45,$ 3570.00,100
232,09:46:45,$ 3570.31,100
233,09:46:45,$ 3571.12,137
234,09:46:44,$ 3572.18,100
235,09:46:44,$ 3572.02,100
236,09:46:44,$ 3572.04,100
237,09:46:44,$ 3571.93,100
238,09:46:44,$ 3571.92,100
239,09:46:44,$ 3571.92,100
240,09:46:44,$ 3571.90,100
241,09:46:42,$ 3572.74,100
242,09:46:42,$ 3572.44,200
243,09:46:40,$ 3572.00,100
244,09:46:40,$ 3572.11,100
245,09:46:40,$ 3572.145,100
246,09:46:40,$ 3572.62,100
247,09:46:40,$ 3572.64,100
248,09:46:32,$ 3573.6941,100
249,09:46:30,$ 3572.55,100
250,09:46:25,$ 3573.92,100
251,09:46:21,$ 3574.41,100
253,09:46:18,$ 3574.305,200
254,09:46:16,$ 3574.06,100
255,09:46:16,$ 3574.00,100
256,09:46:16,$ 3574.00,300
257,09:46:08,$ 3576.1111,279
258,09:46:08,$ 3576.1111,133
259,09:46:05,$ 3577.56,200
260,09:45:41,$ 3578.62,100
261,09:45:41,$ 3578.63,100
262,09:45:38,$ 3578.64,250
263,09:45:36,$ 3579.3164,954
264,09:45:35,$ 3579.58,"1,000"
265,09:45:09,$ 3581.585,200
266,09:45:09,$ 3579.99,100
267,09:45:09,$ 3579.5899,100
268,09:45:09,$ 3579.59,100
269,09:45:07,$ 3578.725,"1,000"
270,09:45:04,$ 3578.61,100
271,09:45:00,$ 3576.82,100
272,09:45:00,$ 3576.82,200
274,09:44:57,$ 3577.835,100
275,09:44:37,$ 3577.46,200
276,09:44:36,$ 3577.08,100
277,09:44:30,$ 3577.77,100
278,09:44:23,$ 3578.11,117
279,09:44:16,$ 3576.10,100
280,09:44:02,$ 3576.95,100
281,09:43:43,$ 3574.07,100
282,09:43:24,$ 3576.29,144
283,09:43:17,$ 3576.27,100
284,09:43:15,$ 3574.645,100
285,09:43:15,$ 3575.78,100
286,09:43:15,$ 3575.78,100
287,09:43:11,$ 3575.39,100
288,09:43:11,$ 3575.38,100
289,09:43:11,$ 3575.38,100
290,09:43:04,$ 3576.05,300
291,09:43:01,$ 3575.355,100
292,09:42:59,$ 3574.38,100
293,09:42:59,$ 3575.00,488
295,09:42:49,$ 3575.75,250
296,09:42:49,$ 3576.515,300
297,09:42:47,$ 3576.415,100
298,09:42:32,$ 3575.72,100
299,09:42:27,$ 3575.675,100
300,09:42:24,$ 3575.86,204
301,09:42:24,$ 3575.85,100
302,09:42:14,$ 3576.1742,100
303,09:42:10,$ 3577.8127,"1,000"
304,09:42:06,$ 3575.22,100
305,09:42:02,$ 3576.52,100
306,09:41:57,$ 3576.74,100
307,09:41:49,$ 3575.87,100
308,09:41:46,$ 3576.925,100
309,09:41:39,$ 3576.77,100
310,09:41:36,$ 3576.75,100
311,09:41:29,$ 3576.00,100
312,09:41:22,$ 3574.26,100
313,09:41:21,$ 3573.97,100
314,09:41:14,$ 3573.45,100
316,09:41:12,$ 3572.54,100
317,09:41:11,$ 3573.03,100
318,09:41:08,$ 3573.04,100
319,09:41:04,$ 3573.58,100
320,09:41:02,$ 3573.92,162
321,09:41:02,$ 3573.88,100
322,09:41:01,$ 3573.61,100
323,09:41:00,$ 3574.29,100
324,09:40:59,$ 3574.885,111
325,09:40:57,$ 3575.09,100
326,09:40:41,$ 3575.56,100
327,09:40:41,$ 3575.57,100
328,09:40:41,$ 3576.01,100
329,09:40:41,$ 3576.01,100
330,09:40:40,$ 3576.46,400
331,09:40:32,$ 3576.43,100
332,09:40:31,$ 3576.22,100
333,09:40:31,$ 3576.22,216
334,09:40:31,$ 3576.22,101
335,09:40:31,$ 3576.23,100
337,09:40:31,$ 3576.25,100
338,09:40:26,$ 3575.42,100
339,09:40:26,$ 3575.34,100
340,09:40:26,$ 3575.32,100
341,09:40:26,$ 3575.32,616
342,09:40:23,$ 3575.32,100
343,09:40:17,$ 3576.52,100
344,09:40:13,$ 3576.55,100
345,09:40:13,$ 3576.55,100
346,09:40:11,$ 3577.78,129
347,09:40:09,$ 3578.46,100
348,09:40:09,$ 3579.16,100
349,09:40:09,$ 3579.43,100
350,09:40:09,$ 3579.96,100
351,09:40:09,$ 3580.93,118
352,09:40:09,$ 3581.64,100
353,09:40:03,$ 3582.99,114
354,09:39:59,$ 3584.00,100
355,09:39:50,$ 3580.15,100
356,09:39:28,$ 3579.978,212
358,09:39:28,$ 3579.68,100
359,09:39:20,$ 3580.14,100
360,09:39:10,$ 3579.15,300
361,09:39:10,$ 3579.52,100
362,09:39:10,$ 3579.51,100
363,09:39:10,$ 3580.38,300
364,09:39:10,$ 3580.51,100
365,09:39:00,$ 3581.39,100
366,09:38:53,$ 3582.43,100
367,09:38:53,$ 3583.63,100
368,09:38:48,$ 3583.335,100
369,09:38:45,$ 3582.79,500
370,09:38:31,$ 3583.5886,500
371,09:38:14,$ 3585.9599,500
372,09:38:06,$ 3582.20,100
373,09:38:04,$ 3582.71,200
374,09:37:55,$ 3581.055,100
375,09:37:48,$ 3581.005,100
376,09:37:35,$ 3580.32,657
377,09:37:35,$ 3582.10,100
379,09:37:35,$ 3582.19,100
380,09:37:35,$ 3580.62,100
381,09:37:35,$ 3580.619,100
382,09:37:35,$ 3579.988,100
383,09:37:35,$ 3579.98,100
384,09:37:35,$ 3579.98,100
385,09:37:35,$ 3579.91,100
386,09:37:28,$ 3578.7701,300
387,09:37:16,$ 3580.035,100
388,09:37:15,$ 3581.05,100
389,09:37:15,$ 3581.00,100
390,09:37:11,$ 3581.41,100
391,09:37:01,$ 3578.54,100
392,09:36:46,$ 3578.30,100
393,09:36:39,$ 3578.48,100
394,09:36:39,$ 3580.00,100
395,09:36:39,$ 3580.00,100
396,09:36:35,$ 3581.445,100
397,09:36:34,$ 3583.96,100
398,09:36:05,$ 3584.68,100
400,09:35:59,$ 3582.44,100
401,09:35:49,$ 3584.539,100
402,09:35:49,$ 3584.52,100
403,09:35:38,$ 3583.8006,100
404,09:35:38,$ 3583.76,100
405,09:35:32,$ 3585.12,100
406,09:35:32,$ 3584.475,100
407,09:35:29,$ 3584.415,100
408,09:35:28,$ 3584.265,100
409,09:35:27,$ 3583.79,100
410,09:35:27,$ 3583.79,100
411,09:35:26,$ 3583.7784,150
412,09:35:15,$ 3580.45,100
413,09:35:15,$ 3580.00,100
414,09:35:06,$ 3578.25,100
415,09:35:04,$ 3577.64,100
416,09:35:04,$ 3578.00,548
417,09:35:04,$ 3578.00,100
418,09:35:01,$ 3575.00,338
419,09:35:01,$ 3575.00,100
421,09:35:00,$ 3573.2157,140
422,09:34:53,$ 3573.52,100
423,09:34:46,$ 3575.00,100
424,09:34:43,$ 3573.46,100
425,09:34:41,$ 3572.765,100
426,09:34:37,$ 3572.65,100
427,09:34:37,$ 3573.42,100
428,09:34:37,$ 3573.48,100
429,09:34:37,$ 3574.86,100
430,09:34:30,$ 3572.4901,250
431,09:34:28,$ 3573.00,100
432,09:34:28,$ 3573.05,100
433,09:34:28,$ 3573.84,100
434,09:34:11,$ 3575.39,100
435,09:34:08,$ 3573.65,100
436,09:34:06,$ 3573.68,100
437,09:34:05,$ 3575.7599,200
438,09:33:51,$ 3573.39,102
439,09:33:46,$ 3578.00,100
440,09:33:39,$ 3574.8425,100
442,09:33:31,$ 3576.125,100
443,09:33:30,$ 3575.00,116
444,09:33:24,$ 3574.50,149
445,09:33:12,$ 3578.4809,200
446,09:33:08,$ 3574.47,100
447,09:33:07,$ 3574.10,100
448,09:33:04,$ 3574.445,173
449,09:33:04,$ 3578.27,100
450,09:33:03,$ 3574.8225,100
451,09:32:54,$ 3573.40,100
452,09:32:52,$ 3574.69,111
453,09:32:35,$ 3571.94,305
454,09:32:32,$ 3574.41,100
455,09:32:27,$ 3575.01,100
456,09:32:27,$ 3576.23,100
457,09:32:19,$ 3578.77,100
458,09:32:19,$ 3578.715,100
459,09:32:19,$ 3578.585,100
460,09:32:10,$ 3577.80,100
461,09:32:09,$ 3578.68,100
463,09:32:08,$ 3578.75,100
464,09:32:08,$ 3578.735,100
465,09:32:08,$ 3578.49,100
466,09:32:08,$ 3578.75,100
467,09:32:06,$ 3573.50,100
468,09:32:02,$ 3577.80,100
469,09:32:00,$ 3574.5416,156
470,09:32:00,$ 3576.915,100
471,09:31:59,$ 3575.00,100
472,09:31:59,$ 3574.99,100
473,09:31:56,$ 3575.00,100
474,09:31:54,$ 3574.96,100
475,09:31:53,$ 3574.865,100
476,09:31:50,$ 3574.865,100
477,09:31:49,$ 3574.76,100
478,09:31:48,$ 3572.62,100
479,09:31:48,$ 3572.88,100
480,09:31:48,$ 3572.88,100
481,09:31:48,$ 3572.70,100
482,09:31:29,$ 3572.875,212
484,09:31:28,$ 3572.875,184
485,09:31:28,$ 3569.61,100
486,09:31:27,$ 3577.5828,279
487,09:31:27,$ 3577.5828,"1,066"
488,09:31:27,$ 3573.78,100
489,09:31:27,$ 3572.68,100
490,09:31:27,$ 3571.845,200
491,09:31:27,$ 3570.90,100
492,09:31:27,$ 3570.90,100
493,09:31:27,$ 3570.82,100
494,09:31:27,$ 3570.20,100
495,09:31:27,$ 3570.21,100
496,09:31:27,$ 3569.61,180
497,09:31:27,$ 3569.61,100
498,09:31:27,$ 3569.592,100
499,09:31:27,$ 3569.609,100
500,09:31:27,$ 3569.56,100
501,09:31:27,$ 3569.57,100
502,09:31:27,$ 3568.81,100
503,09:31:18,$ 3568.20,100
505,09:31:16,$ 3565.11,200
506,09:30:59,$ 3570.105,100
507,09:30:58,$ 3568.66,100
508,09:30:58,$ 3568.67,100
509,09:30:58,$ 3568.67,100
510,09:30:58,$ 3568.67,100
511,09:30:51,$ 3561.40,100
512,09:30:46,$ 3568.00,499
513,09:30:46,$ 3569.06,150
514,09:30:43,$ 3569.515,100
515,09:30:43,$ 3570.10,100
516,09:30:43,$ 3570.00,100
517,09:30:43,$ 3570.00,200
518,09:30:43,$ 3570.00,100
519,09:30:43,$ 3570.10,100
520,09:30:43,$ 3570.12,100
521,09:30:43,$ 3572.00,103
522,09:30:43,$ 3572.00,107
523,09:30:41,$ 3573.40,100
524,09:30:41,$ 3573.43,100
526,09:30:41,$ 3573.40,100
527,09:30:41,$ 3573.45,100
528,09:30:36,$ 3575.55,100
529,09:30:36,$ 3575.64,100
530,09:30:36,$ 3575.58,100
531,09:30:36,$ 3575.63,500
532,09:30:36,$ 3575.08,100
533,09:30:36,$ 3575.57,100
534,09:30:36,$ 3575.62,548
535,09:30:36,$ 3575.62,344
536,09:30:36,$ 3575.06,100
537,09:30:33,$ 3575.1342,714
538,09:30:31,$ 3575.76,100
539,09:30:31,$ 3575.64,100
540,09:30:28,$ 3572.09,100
541,09:30:27,$ 3575.21,100
542,09:30:27,$ 3575.72,100
543,09:30:27,$ 3573.89,100
544,09:30:21,$ 3574.5088,300
545,09:30:19,$ 3575.02,100
547,09:30:09,$ 3575.25,100
548,09:30:01,$ 3576.5475,100
549,09:30:01,$ 3576.375,100
550,09:30:01,$ 3576.375,100
551,09:30:01,$ 3575.00,10
552,09:30:01,$ 3575.00,1
553,09:30:01,$ 3575.00,2
554,09:30:01,$ 3575.00,22
555,09:30:01,$ 3575.00,10
556,09:30:01,$ 3575.00,20
557,09:30:01,$ 3575.00,1
558,09:30:01,$ 3575.00,2
559,09:30:01,$ 3575.00,10
560,09:30:01,$ 3575.00,1
561,09:30:01,$ 3575.00,16
562,09:30:01,$ 3575.00,6
563,09:30:01,$ 3575.00,1
564,09:30:01,$ 3575.00,1
565,09:30:01,$ 3575.00,1
566,09:30:01,$ 3575.00,1
568,09:30:01,$ 3575.00,4
569,09:30:01,$ 3575.00,2
570,09:30:01,$ 3575.00,1
571,09:30:01,$ 3575.00,1
572,09:30:01,$ 3575.00,2
573,09:30:01,$ 3575.00,1
574,09:30:01,$ 3575.00,14
575,09:30:01,$ 3575.00,1
576,09:30:01,$ 3575.00,1
577,09:30:01,$ 3575.00,1
578,09:30:01,$ 3575.00,2
579,09:30:01,$ 3575.00,27
580,09:30:01,$ 3575.00,1
581,09:30:01,$ 3575.00,1
582,09:30:01,$ 3575.00,2
583,09:30:01,$ 3575.00,1
584,09:30:01,$ 3575.00,2
585,09:30:01,$ 3575.00,1
586,09:30:01,$ 3575.00,2
587,09:30:01,$ 3575.00,1
589,09:30:01,$ 3575.00,1
590,09:30:01,$ 3575.00,16
591,09:30:01,$ 3575.00,8
592,09:30:01,$ 3575.00,1
593,09:30:01,$ 3575.00,1
594,09:30:01,$ 3575.00,3
595,09:30:01,$ 3575.00,1
596,09:30:01,$ 3575.00,15
597,09:30:01,$ 3575.00,8
598,09:30:01,$ 3575.00,5
599,09:30:01,$ 3575.00,3
600,09:30:01,$ 3575.00,6
601,09:30:01,$ 3575.00,5
602,09:30:01,$ 3575.00,1
603,09:30:01,$ 3575.00,1
604,09:30:01,$ 3575.00,2
605,09:30:01,$ 3575.00,5
606,09:30:01,$ 3575.00,4
607,09:30:01,$ 3575.00,2
608,09:30:01,$ 3575.00,1
610,09:30:01,$ 3575.00,1
611,09:30:01,$ 3575.00,5
612,09:30:01,$ 3575.00,4
613,09:30:01,$ 3575.00,1
614,09:30:01,$ 3575.00,1
615,09:30:01,$ 3575.00,5
616,09:30:01,$ 3575.00,9
617,09:30:01,$ 3575.00,2
618,09:30:01,$ 3575.00,2
619,09:30:01,$ 3575.00,4
620,09:30:01,$ 3575.00,2
621,09:30:01,$ 3575.00,2
622,09:30:01,$ 3575.00,2
623,09:30:01,$ 3575.00,1
624,09:30:01,$ 3575.00,1
625,09:30:01,$ 3575.00,6
626,09:30:01,$ 3575.00,2
627,09:30:01,$ 3575.00,2
628,09:30:01,$ 3575.00,2
629,09:30:01,$ 3575.00,3
631,09:30:01,$ 3575.00,1
632,09:30:01,$ 3575.00,2
633,09:30:01,$ 3575.00,6
634,09:30:01,$ 3575.00,2
635,09:30:01,$ 3575.00,1
636,09:30:01,$ 3575.00,1
637,09:30:01,$ 3575.00,10
638,09:30:01,$ 3575.00,4
639,09:30:01,$ 3575.00,1
640,09:30:01,$ 3575.00,1
641,09:30:01,$ 3575.00,10
642,09:30:01,$ 3575.00,1
643,09:30:01,$ 3575.00,2
644,09:30:01,$ 3575.00,1
645,09:30:01,$ 3575.00,5
646,09:30:01,$ 3575.00,1
647,09:30:01,$ 3575.00,9
648,09:30:01,$ 3575.00,1
649,09:30:01,$ 3575.00,4
650,09:30:01,$ 3575.00,4
652,09:30:01,$ 3575.00,1
653,09:30:01,$ 3575.00,1
654,09:30:01,$ 3575.00,2
655,09:30:01,$ 3575.00,1
656,09:30:01,$ 3575.00,5
657,09:30:01,$ 3575.00,2
658,09:30:01,$ 3575.00,1
659,09:30:01,$ 3575.00,10
660,09:30:01,$ 3575.00,10
661,09:30:01,$ 3575.00,10
662,09:30:01,$ 3575.00,1
663,09:30:01,$ 3575.00,10
664,09:30:01,$ 3575.00,1
665,09:30:01,$ 3575.00,3
666,09:30:01,$ 3575.00,10
667,09:30:01,$ 3575.00,2
668,09:30:01,$ 3575.00,4
669,09:30:01,$ 3575.00,4
670,09:30:01,$ 3575.00,1
671,09:30:01,$ 3575.00,1
673,09:30:01,$ 3575.00,1
674,09:30:01,$ 3575.00,1
675,09:30:01,$ 3575.00,1
676,09:30:01,$ 3575.00,1
677,09:30:01,$ 3575.00,1
678,09:30:01,$ 3575.00,1
679,09:30:01,$ 3575.00,1
680,09:30:01,$ 3575.00,1
681,09:30:01,$ 3575.00,1
682,09:30:01,$ 3575.00,1
683,09:30:01,$ 3575.00,1
684,09:30:01,$ 3575.00,1
685,09:30:01,$ 3575.00,1
686,09:30:01,$ 3575.00,1
687,09:30:01,$ 3575.00,1
688,09:30:01,$ 3575.00,1
689,09:30:01,$ 3575.00,1
690,09:30:01,$ 3575.00,1
691,09:30:01,$ 3575.00,1
692,09:30:01,$ 3575.00,1
694,09:30:01,$ 3575.00,1
695,09:30:01,$ 3575.00,1
696,09:30:01,$ 3575.00,1
697,09:30:01,$ 3575.00,1
698,09:30:01,$ 3575.00,1
699,09:30:01,$ 3575.00,1
700,09:30:01,$ 3575.00,1
701,09:30:01,$ 3575.00,1
702,09:30:01,$ 3575.00,7
703,09:30:01,$ 3575.00,1
704,09:30:01,$ 3575.00,1
705,09:30:01,$ 3575.00,1
706,09:30:01,$ 3575.00,1
707,09:30:01,$ 3575.00,1
708,09:30:01,$ 3575.00,1
709,09:30:01,$ 3575.00,1
710,09:30:01,$ 3575.00,1
711,09:30:01,$ 3575.00,2
712,09:30:01,$ 3575.00,1
713,09:30:01,$ 3575.00,1
715,09:30:01,$ 3575.00,1
716,09:30:01,$ 3575.00,1
717,09:30:01,$ 3575.00,1
718,09:30:01,$ 3575.00,1
719,09:30:01,$ 3575.00,1
720,09:30:01,$ 3575.00,1
721,09:30:01,$ 3575.00,1
722,09:30:01,$ 3575.00,1
723,09:30:01,$ 3575.00,1
724,09:30:01,$ 3575.00,1
725,09:30:01,$ 3575.00,1
726,09:30:01,$ 3575.00,1
727,09:30:01,$ 3575.00,2
728,09:30:01,$ 3575.00,2
729,09:30:01,$ 3575.00,3
730,09:30:01,$ 3575.00,4
731,09:30:01,$ 3575.00,7
732,09:30:01,$ 3575.00,10
733,09:30:01,$ 3575.00,4
734,09:30:01,$ 3575.00,1
736,09:30:01,$ 3575.00,12
737,09:30:01,$ 3575.00,8
738,09:30:01,$ 3575.00,2
739,09:30:01,$ 3575.00,4
740,09:30:01,$ 3575.00,3
741,09:30:01,$ 3575.00,1
742,09:30:01,$ 3575.00,2
743,09:30:01,$ 3575.00,1
744,09:30:01,$ 3575.00,1
745,09:30:01,$ 3575.00,7
746,09:30:01,$ 3575.00,1
747,09:30:01,$ 3575.00,4
748,09:30:01,$ 3575.00,1
749,09:30:01,$ 3575.00,1
750,09:30:01,$ 3575.00,10
751,09:30:01,$ 3575.00,1
752,09:30:01,$ 3575.00,1
753,09:30:01,$ 3575.00,2
754,09:30:01,$ 3575.00,27
755,09:30:01,$ 3575.00,1
757,09:30:01,$ 3575.00,1
758,09:30:01,$ 3575.00,1
759,09:30:01,$ 3575.00,4
760,09:30:01,$ 3575.00,3
761,09:30:01,$ 3575.00,3
762,09:30:01,$ 3575.00,4
763,09:30:01,$ 3575.00,1
764,09:30:01,$ 3575.00,2
765,09:30:01,$ 3575.00,2
766,09:30:01,$ 3575.00,2
767,09:30:01,$ 3575.00,2
768,09:30:01,$ 3575.00,1
769,09:30:01,$ 3575.00,1
770,09:30:01,$ 3575.00,2
771,09:30:01,$ 3575.00,2
772,09:30:01,$ 3575.00,10
773,09:30:01,$ 3575.00,4
774,09:30:01,$ 3575.00,2
775,09:30:01,$ 3575.00,1
776,09:30:01,$ 3575.00,1
778,09:30:01,$ 3575.00,1
779,09:30:01,$ 3575.00,10
780,09:30:01,$ 3575.00,3
781,09:30:01,$ 3575.00,2
782,09:30:01,$ 3575.00,1
783,09:30:01,$ 3575.00,1
784,09:30:01,$ 3575.00,20
785,09:30:01,$ 3575.00,1
786,09:30:01,$ 3575.00,5
787,09:30:01,$ 3575.00,100
788,09:30:01,$ 3575.00,15
789,09:30:01,$ 3575.00,3
790,09:30:01,$ 3575.00,1
791,09:30:01,$ 3575.00,3
792,09:30:01,$ 3575.00,1
793,09:30:01,$ 3575.00,1
794,09:30:01,$ 3575.00,1
795,09:30:01,$ 3575.00,1
796,09:30:01,$ 3575.00,6
797,09:30:01,$ 3575.00,1
799,09:30:01,$ 3575.00,1
800,09:30:01,$ 3575.00,1
801,09:30:01,$ 3575.00,1
802,09:30:01,$ 3575.00,1
803,09:30:01,$ 3575.00,1
804,09:30:01,$ 3575.00,4
805,09:30:01,$ 3575.00,3
806,09:30:01,$ 3575.00,5
807,09:30:01,$ 3575.00,4
808,09:30:01,$ 3575.00,1
809,09:30:01,$ 3575.00,1
810,09:30:01,$ 3575.00,1
811,09:30:01,$ 3575.00,1
812,09:30:01,$ 3575.00,1
813,09:30:01,$ 3575.00,1
814,09:30:01,$ 3575.00,1
815,09:30:01,$ 3575.00,1
816,09:30:01,$ 3575.00,1
817,09:30:01,$ 3575.00,1
818,09:30:01,$ 3575.00,1
820,09:30:01,$ 3575.00,1
821,09:30:01,$ 3575.00,1
822,09:30:01,$ 3575.00,1
823,09:30:01,$ 3575.00,1
824,09:30:01,$ 3575.00,1
825,09:30:01,$ 3575.00,1
826,09:30:01,$ 3575.00,1
827,09:30:01,$ 3575.00,1
828,09:30:01,$ 3575.00,1
829,09:30:01,$ 3575.00,1
830,09:30:01,$ 3575.00,1
831,09:30:01,$ 3575.00,1
832,09:30:01,$ 3575.00,1
833,09:30:01,$ 3575.00,1
834,09:30:01,$ 3575.00,1
835,09:30:01,$ 3575.00,1
836,09:30:01,$ 3575.00,1
837,09:30:01,$ 3575.00,1
838,09:30:01,$ 3575.00,1
839,09:30:01,$ 3575.00,1
841,09:30:01,$ 3575.00,1
842,09:30:01,$ 3575.00,1
843,09:30:01,$ 3575.00,1
844,09:30:01,$ 3575.00,1
845,09:30:01,$ 3575.00,2
846,09:30:01,$ 3575.00,1
847,09:30:01,$ 3575.00,1
848,09:30:01,$ 3575.00,1
849,09:30:01,$ 3575.00,1
850,09:30:01,$ 3575.00,1
851,09:30:01,$ 3575.00,1
852,09:30:01,$ 3575.00,1
853,09:30:01,$ 3575.00,1
854,09:30:01,$ 3575.00,1
855,09:30:01,$ 3575.00,3
856,09:30:01,$ 3575.00,1
857,09:30:01,$ 3575.00,1
858,09:30:01,$ 3575.00,1
859,09:30:01,$ 3575.00,1
860,09:30:01,$ 3575.00,1
862,09:30:01,$ 3575.00,1
863,09:30:01,$ 3575.00,1
864,09:30:01,$ 3575.00,1
865,09:30:01,$ 3575.00,1
866,09:30:01,$ 3575.00,1
867,09:30:01,$ 3575.00,1
868,09:30:01,$ 3575.00,1
869,09:30:01,$ 3575.00,1
870,09:30:01,$ 3575.00,1
871,09:30:01,$ 3575.00,1
872,09:30:01,$ 3575.00,1
873,09:30:01,$ 3575.00,1
874,09:30:01,$ 3575.00,1
875,09:30:01,$ 3575.00,1
876,09:30:01,$ 3575.00,1
877,09:30:01,$ 3575.00,1
878,09:30:01,$ 3575.00,1
879,09:30:01,$ 3575.00,1
880,09:30:01,$ 3575.00,1
881,09:30:01,$ 3575.00,1
883,09:30:01,$ 3575.00,1
884,09:30:01,$ 3575.00,1
885,09:30:01,$ 3575.00,1
886,09:30:01,$ 3575.00,1
887,09:30:01,$ 3575.00,1
888,09:30:01,$ 3575.00,1
889,09:30:01,$ 3575.00,1
890,09:30:01,$ 3575.00,1
891,09:30:01,$ 3575.00,1
892,09:30:01,$ 3575.00,1
893,09:30:01,$ 3575.00,1
894,09:30:01,$ 3575.00,1
895,09:30:01,$ 3575.00,1
896,09:30:01,$ 3575.00,1
897,09:30:01,$ 3575.00,1
898,09:30:01,$ 3575.00,1
899,09:30:01,$ 3575.00,1
900,09:30:01,$ 3575.00,1
901,09:30:01,$ 3575.00,1
902,09:30:01,$ 3575.00,1
904,09:30:01,$ 3575.00,1
905,09:30:01,$ 3575.00,1
906,09:30:01,$ 3575.00,1
907,09:30:01,$ 3575.00,1
908,09:30:01,$ 3575.00,6
909,09:30:01,$ 3575.00,2
910,09:30:01,$ 3575.00,2
911,09:30:01,$ 3575.00,1
912,09:30:01,$ 3575.00,1
913,09:30:01,$ 3575.00,1
914,09:30:01,$ 3575.00,3
915,09:30:01,$ 3575.00,1
916,09:30:01,$ 3575.00,2
917,09:30:01,$ 3575.00,1
918,09:30:01,$ 3575.00,1
919,09:30:01,$ 3575.00,1
920,09:30:01,$ 3575.00,1
921,09:30:01,$ 3575.00,2
922,09:30:01,$ 3575.00,15
923,09:30:01,$ 3575.00,3
925,09:30:01,$ 3575.00,20
926,09:30:01,$ 3575.00,3
927,09:30:01,$ 3575.00,11
928,09:30:01,$ 3575.00,5
929,09:30:01,$ 3575.00,1
930,09:30:01,$ 3575.00,6
931,09:30:01,$ 3575.00,1
932,09:30:01,$ 3575.00,1
933,09:30:01,$ 3575.00,1
934,09:30:01,$ 3575.00,2
935,09:30:01,$ 3575.00,3
936,09:30:01,$ 3575.00,5
937,09:30:01,$ 3575.00,1
938,09:30:01,$ 3575.00,1
939,09:30:01,$ 3575.00,1
940,09:30:01,$ 3575.00,2
941,09:30:01,$ 3575.00,28
942,09:30:01,$ 3575.00,2
943,09:30:01,$ 3575.00,8
944,09:30:01,$ 3575.00,57
946,09:30:01,$ 3575.00,1
947,09:30:01,$ 3575.00,2
948,09:30:01,$ 3575.00,15
949,09:30:01,$ 3575.00,14
950,09:30:01,$ 3575.00,1
951,09:30:01,$ 3575.00,3
952,09:30:01,$ 3575.00,3
953,09:30:01,$ 3575.00,1
954,09:30:01,$ 3575.00,1
955,09:30:01,$ 3575.00,2
956,09:30:01,$ 3575.00,5
957,09:30:01,$ 3575.00,1
958,09:30:01,$ 3575.00,1
959,09:30:01,$ 3575.00,2
960,09:30:01,$ 3575.00,1
961,09:30:01,$ 3575.00,2
962,09:30:01,$ 3575.00,15
963,09:30:01,$ 3575.00,2
964,09:30:01,$ 3575.00,1
965,09:30:01,$ 3575.00,2
967,09:30:01,$ 3575.00,15
968,09:30:01,$ 3575.00,4
969,09:30:01,$ 3575.00,94
970,09:30:01,$ 3575.00,1
971,09:30:01,$ 3575.00,2
972,09:30:01,$ 3575.00,1
973,09:30:01,$ 3575.00,2
974,09:30:01,$ 3575.00,2
975,09:30:01,$ 3575.00,50
976,09:30:01,$ 3575.00,3
977,09:30:01,$ 3575.00,2
978,09:30:01,$ 3575.00,1
979,09:30:01,$ 3575.00,1
980,09:30:01,$ 3575.00,1
981,09:30:01,$ 3575.00,2
982,09:30:01,$ 3575.00,1
983,09:30:01,$ 3575.00,25
984,09:30:01,$ 3575.00,1
985,09:30:01,$ 3575.00,1
986,09:30:01,$ 3575.00,3
988,09:30:01,$ 3575.00,2
989,09:30:01,$ 3575.00,1
990,09:30:01,$ 3575.00,1
991,09:30:01,$ 3575.00,1
992,09:30:01,$ 3575.00,1
993,09:30:01,$ 3575.00,1
994,09:30:01,$ 3575.00,1
995,09:30:01,$ 3575.00,60
996,09:30:01,$ 3575.00,2
997,09:30:01,$ 3575.00,3
998,09:30:01,$ 3575.00,3
999,09:30:01,$ 3575.00,1
1000,09:30:01,$ 3575.00,1
1001,09:30:01,$ 3575.00,1
1002,09:30:01,$ 3575.00,1
1003,09:30:01,$ 3575.00,1
1004,09:30:01,$ 3575.00,3
1005,09:30:01,$ 3575.00,3
1006,09:30:01,$ 3575.00,1
1007,09:30:01,$ 3575.00,5
1009,09:30:01,$ 3575.00,6
1010,09:30:01,$ 3575.00,1
1011,09:30:01,$ 3575.00,1
1012,09:30:01,$ 3575.00,1
1013,09:30:01,$ 3575.00,2
1014,09:30:01,$ 3575.00,1
1015,09:30:01,$ 3575.00,1
1016,09:30:01,$ 3575.00,1
1017,09:30:01,$ 3575.00,1
1018,09:30:01,$ 3575.00,10
1019,09:30:01,$ 3575.00,14
1020,09:30:01,$ 3575.00,2
1021,09:30:01,$ 3575.00,1
1022,09:30:01,$ 3575.00,3
1023,09:30:01,$ 3575.00,1
1024,09:30:01,$ 3575.00,3
1025,09:30:01,$ 3575.00,1
1026,09:30:01,$ 3575.00,1
1027,09:30:01,$ 3575.00,2
1028,09:30:01,$ 3575.00,2
1030,09:30:01,$ 3575.00,1
1031,09:30:01,$ 3575.00,2
1032,09:30:01,$ 3575.00,1
1033,09:30:01,$ 3575.00,1
1034,09:30:01,$ 3575.00,1
1035,09:30:01,$ 3575.00,1
1036,09:30:01,$ 3575.00,2
1037,09:30:01,$ 3575.00,3
1038,09:30:01,$ 3575.00,3
1039,09:30:01,$ 3575.00,1
1040,09:30:01,$ 3575.00,20
1041,09:30:01,$ 3575.00,3
1042,09:30:01,$ 3575.00,73
1043,09:30:01,$ 3575.00,3
1044,09:30:01,$ 3575.00,4
1045,09:30:01,$ 3575.00,64
1046,09:30:01,$ 3575.00,12
1047,09:30:01,$ 3575.00,6
1048,09:30:01,$ 3575.00,9
1049,09:30:01,$ 3575.00,5
1051,09:30:01,$ 3575.00,3
1052,09:30:01,$ 3575.00,7
1053,09:30:01,$ 3575.00,2
1054,09:30:01,$ 3575.00,11
1055,09:30:01,$ 3575.00,2
1056,09:30:01,$ 3575.00,2
1057,09:30:01,$ 3575.00,12
1058,09:30:01,$ 3575.00,2
1059,09:30:01,$ 3575.00,1
1060,09:30:01,$ 3575.00,3
1061,09:30:01,$ 3575.00,1
1062,09:30:01,$ 3575.00,1
1063,09:30:01,$ 3575.00,1
1064,09:30:01,$ 3575.00,1
1065,09:30:01,$ 3575.00,2
1066,09:30:01,$ 3575.00,4
1067,09:30:01,$ 3575.00,11
1068,09:30:01,$ 3575.00,3
1069,09:30:01,$ 3575.00,3
1070,09:30:01,$ 3575.00,126
1072,09:30:01,$ 3575.00,31
1073,09:30:01,$ 3575.00,1
1074,09:30:01,$ 3575.00,1
1075,09:30:01,$ 3575.00,8
1076,09:30:01,$ 3575.00,3
1077,09:30:01,$ 3575.00,70
1078,09:30:01,$ 3575.00,4
1079,09:30:01,$ 3575.00,2
1080,09:30:01,$ 3575.00,10
1081,09:30:01,$ 3575.00,4
1082,09:30:01,$ 3575.00,3
1083,09:30:01,$ 3575.00,4
1084,09:30:01,$ 3575.00,1
1085,09:30:01,$ 3575.00,3
1086,09:30:01,$ 3575.00,16
1087,09:30:01,$ 3575.00,2
1088,09:30:01,$ 3575.00,1
1089,09:30:01,$ 3575.00,1
1090,09:30:01,$ 3575.00,50
1091,09:30:01,$ 3575.00,2
1093,09:30:01,$ 3575.00,4
1094,09:30:01,$ 3575.00,12
1095,09:30:01,$ 3575.00,4
1096,09:30:01,$ 3575.00,150
1097,09:30:01,$ 3575.00,2
1098,09:30:01,$ 3575.00,1
1099,09:30:01,$ 3575.00,1
1100,09:30:01,$ 3575.00,3
1101,09:30:01,$ 3575.00,10
1102,09:30:01,$ 3575.00,3
1103,09:30:01,$ 3575.00,3
1104,09:30:01,$ 3575.00,3
1105,09:30:01,$ 3575.00,100
1106,09:30:01,$ 3575.00,3
1107,09:30:01,$ 3575.00,10
1108,09:30:01,$ 3575.00,1
1109,09:30:01,$ 3575.00,2
1110,09:30:01,$ 3575.00,1
1111,09:30:01,$ 3575.00,2
1112,09:30:01,$ 3575.00,500
1114,09:30:01,$ 3575.00,1
1115,09:30:01,$ 3575.00,1
1116,09:30:01,$ 3575.00,18
1117,09:30:01,$ 3575.00,1
1118,09:30:01,$ 3575.00,1
1119,09:30:01,$ 3575.00,1
1120,09:30:01,$ 3575.00,1
1121,09:30:01,$ 3575.00,2
1122,09:30:01,$ 3575.00,1
1123,09:30:01,$ 3575.00,1
1124,09:30:01,$ 3575.00,2
1125,09:30:01,$ 3575.00,12
1126,09:30:01,$ 3575.00,1
1127,09:30:01,$ 3575.00,97
1128,09:30:01,$ 3575.00,3
1129,09:30:01,$ 3575.00,3
1130,09:30:01,$ 3575.00,5
1131,09:30:01,$ 3575.00,1
1132,09:30:01,$ 3575.00,4
1133,09:30:01,$ 3575.00,1
1135,09:30:01,$ 3575.00,8
1136,09:30:01,$ 3575.00,1
1137,09:30:01,$ 3575.00,6
1138,09:30:01,$ 3575.00,1
1139,09:30:01,$ 3575.00,10
1140,09:30:01,$ 3575.00,1
1141,09:30:01,$ 3575.00,10
1142,09:30:01,$ 3575.00,1
1143,09:30:01,$ 3575.00,1
1144,09:30:01,$ 3575.00,4
1145,09:30:01,$ 3575.00,3
1146,09:30:01,$ 3575.00,1
1147,09:30:01,$ 3575.00,1
1148,09:30:01,$ 3575.00,5
1149,09:30:01,$ 3575.00,3
1150,09:30:01,$ 3575.00,3
1151,09:30:01,$ 3575.00,2
1152,09:30:01,$ 3575.00,5
1153,09:30:01,$ 3575.00,6
1154,09:30:01,$ 3575.00,3
1156,09:30:01,$ 3575.00,5
1157,09:30:01,$ 3575.00,10
1158,09:30:01,$ 3575.00,2
1159,09:30:01,$ 3575.00,4
1160,09:30:01,$ 3575.00,1
1161,09:30:01,$ 3575.00,1
1162,09:30:01,$ 3575.00,1
1163,09:30:01,$ 3575.00,1
1164,09:30:01,$ 3575.00,2
1165,09:30:01,$ 3575.00,1
1166,09:30:01,$ 3575.00,8
1167,09:30:01,$ 3575.00,2
1168,09:30:01,$ 3575.00,1
1169,09:30:01,$ 3575.00,50
1170,09:30:01,$ 3575.00,1
1171,09:30:01,$ 3575.00,1
1172,09:30:01,$ 3575.00,1
1173,09:30:01,$ 3575.00,1
1174,09:30:01,$ 3575.00,6
1175,09:30:01,$ 3575.00,11
1177,09:30:01,$ 3575.00,17
1178,09:30:01,$ 3575.00,10
1179,09:30:01,$ 3575.00,9
1180,09:30:01,$ 3575.00,3
1181,09:30:01,$ 3575.00,12
1182,09:30:01,$ 3575.00,33
1183,09:30:01,$ 3575.00,1
1184,09:30:01,$ 3575.00,4
1185,09:30:01,$ 3575.00,5
1186,09:30:01,$ 3575.00,1
1187,09:30:01,$ 3575.00,1
1188,09:30:01,$ 3575.00,6
1189,09:30:01,$ 3575.00,65
1190,09:30:01,$ 3575.00,1
1191,09:30:01,$ 3575.00,15
1192,09:30:01,$ 3575.00,1
1193,09:30:01,$ 3575.00,1
1194,09:30:01,$ 3575.00,2
1195,09:30:01,$ 3575.00,6
1196,09:30:01,$ 3575.00,2
1198,09:30:01,$ 3575.00,2
1199,09:30:01,$ 3575.00,1
1200,09:30:01,$ 3575.00,6
1201,09:30:01,$ 3575.00,1
1202,09:30:01,$ 3575.00,2
1203,09:30:01,$ 3575.00,5
1204,09:30:01,$ 3575.00,1
1205,09:30:01,$ 3575.00,5
1206,09:30:01,$ 3575.00,5
1207,09:30:01,$ 3575.00,1
1208,09:30:01,$ 3575.00,1
1209,09:30:01,$ 3575.00,8
1210,09:30:01,$ 3575.00,2
1211,09:30:01,$ 3575.00,2
1212,09:30:01,$ 3575.00,3
1213,09:30:01,$ 3575.00,1
1214,09:30:01,$ 3575.00,1
1215,09:30:01,$ 3575.00,1
1216,09:30:01,$ 3575.00,1
1217,09:30:01,$ 3575.00,8
1219,09:30:01,$ 3575.00,1
1220,09:30:01,$ 3575.00,4
1221,09:30:01,$ 3575.00,2
1222,09:30:01,$ 3575.00,10
1223,09:30:01,$ 3575.00,2
1224,09:30:01,$ 3575.00,1
1225,09:30:01,$ 3575.00,10
1226,09:30:01,$ 3575.00,1
1227,09:30:01,$ 3575.00,1
1228,09:30:01,$ 3575.00,1
1229,09:30:01,$ 3575.00,1
1230,09:30:01,$ 3575.00,21
1231,09:30:01,$ 3575.00,1
1232,09:30:01,$ 3575.00,2
1233,09:30:01,$ 3575.00,4
1234,09:30:01,$ 3575.00,1
1235,09:30:01,$ 3575.00,1
1236,09:30:01,$ 3575.00,1
1237,09:30:01,$ 3575.00,6
1238,09:30:01,$ 3575.00,3
1240,09:30:01,$ 3575.00,11
1241,09:30:01,$ 3575.00,34
1242,09:30:01,$ 3575.00,15
1243,09:30:01,$ 3575.00,100
1244,09:30:01,$ 3575.00,3
1245,09:30:01,$ 3575.00,2
1246,09:30:01,$ 3575.00,3
1247,09:30:01,$ 3575.00,10
1248,09:30:01,$ 3575.00,2
1249,09:30:01,$ 3575.00,2
1250,09:30:01,$ 3575.00,1
1251,09:30:01,$ 3575.00,20
1252,09:30:01,$ 3575.00,7
1253,09:30:01,$ 3575.00,7
1254,09:30:01,$ 3575.00,75
1255,09:30:01,$ 3575.00,5
1256,09:30:01,$ 3575.00,1
1257,09:30:01,$ 3575.00,3
1258,09:30:01,$ 3575.00,1
1259,09:30:01,$ 3575.00,14
1261,09:30:01,$ 3575.00,1
1262,09:30:01,$ 3575.00,10
1263,09:30:01,$ 3575.00,12
1264,09:30:01,$ 3575.00,1
1265,09:30:01,$ 3575.00,5
1266,09:30:01,$ 3575.00,118
1267,09:30:01,$ 3575.00,9
1268,09:30:01,$ 3575.00,1
1269,09:30:01,$ 3575.00,1
1270,09:30:01,$ 3575.00,15
1271,09:30:01,$ 3575.00,1
1272,09:30:01,$ 3575.00,2
1273,09:30:01,$ 3575.00,1
1274,09:30:01,$ 3575.00,100
1275,09:30:01,$ 3575.00,10
1276,09:30:01,$ 3575.00,10
1277,09:30:01,$ 3575.00,1
1278,09:30:01,$ 3575.00,12
1279,09:30:01,$ 3575.00,1
1280,09:30:01,$ 3575.00,4
1282,09:30:01,$ 3575.00,8
1283,09:30:01,$ 3575.00,2
1284,09:30:01,$ 3575.00,1
1285,09:30:01,$ 3575.00,3
1286,09:30:01,$ 3575.00,18
1287,09:30:01,$ 3575.00,4
1288,09:30:01,$ 3575.00,2
1289,09:30:01,$ 3575.00,14
1290,09:30:01,$ 3575.00,28
1291,09:30:01,$ 3575.00,6
1292,09:30:01,$ 3575.00,3
1293,09:30:01,$ 3575.00,11
1294,09:30:01,$ 3575.00,3
1295,09:30:01,$ 3575.00,3
1296,09:30:01,$ 3575.00,3
1297,09:30:01,$ 3575.00,7
1298,09:30:01,$ 3575.00,2
1299,09:30:01,$ 3575.00,2
1300,09:30:01,$ 3575.00,84
1301,09:30:01,$ 3575.00,2
1303,09:30:01,$ 3575.00,2
1304,09:30:01,$ 3575.00,12
1305,09:30:01,$ 3575.00,46
1306,09:30:01,$ 3575.00,2
1307,09:30:01,$ 3575.00,2
1308,09:30:01,$ 3575.00,10
1309,09:30:01,$ 3575.00,4
1310,09:30:01,$ 3575.00,5
1311,09:30:01,$ 3575.00,1
1312,09:30:01,$ 3575.00,23
1313,09:30:01,$ 3575.00,3
1314,09:30:01,$ 3575.00,1
1315,09:30:01,$ 3575.00,1
1316,09:30:01,$ 3575.00,1
1317,09:30:01,$ 3575.00,1
1318,09:30:01,$ 3575.00,1
1319,09:30:01,$ 3575.00,1
1320,09:30:01,$ 3575.00,1
1321,09:30:01,$ 3575.00,9
1322,09:30:01,$ 3575.00,1
1324,09:30:01,$ 3575.00,1
1325,09:30:01,$ 3575.00,2
1326,09:30:01,$ 3575.00,1
1327,09:30:01,$ 3575.00,2
1328,09:30:01,$ 3575.00,2
1329,09:30:01,$ 3575.00,2
1330,09:30:01,$ 3575.00,1
1331,09:30:01,$ 3575.00,1
1332,09:30:01,$ 3575.00,1
1333,09:30:01,$ 3575.00,1
1334,09:30:01,$ 3575.00,4
1335,09:30:01,$ 3575.00,3
1336,09:30:01,$ 3575.00,1
1337,09:30:01,$ 3575.00,1
1338,09:30:01,$ 3575.00,1
1339,09:30:01,$ 3575.00,289
1340,09:30:01,$ 3575.00,2
1341,09:30:01,$ 3575.00,20
1342,09:30:01,$ 3575.00,13
1343,09:30:01,$ 3575.00,1
1345,09:30:01,$ 3575.00,1
1346,09:30:01,$ 3575.00,8
1347,09:30:01,$ 3575.00,15
1348,09:30:01,$ 3575.00,4
1349,09:30:01,$ 3575.00,2
1350,09:30:01,$ 3575.00,4
1351,09:30:01,$ 3575.00,1
1352,09:30:01,$ 3575.00,1
1353,09:30:01,$ 3575.00,1
1354,09:30:01,$ 3575.00,1
1355,09:30:01,$ 3575.00,1
1356,09:30:01,$ 3575.00,2
1357,09:30:01,$ 3575.00,3
1358,09:30:01,$ 3575.00,2
1359,09:30:01,$ 3575.00,1
1360,09:30:01,$ 3575.00,1
1361,09:30:01,$ 3575.00,1
1362,09:30:01,$ 3575.00,1
1363,09:30:01,$ 3575.00,2
1364,09:30:01,$ 3575.00,20
1366,09:30:01,$ 3575.00,3
1367,09:30:01,$ 3575.00,7
1368,09:30:01,$ 3575.00,1
1369,09:30:01,$ 3575.00,1
1370,09:30:01,$ 3575.00,2
1371,09:30:01,$ 3575.00,3
1372,09:30:01,$ 3575.00,18
1373,09:30:01,$ 3575.00,1
1374,09:30:01,$ 3575.00,5
1375,09:30:01,$ 3575.00,1
1376,09:30:01,$ 3575.00,1
1377,09:30:01,$ 3575.00,1
1378,09:30:01,$ 3575.00,3
1379,09:30:01,$ 3575.00,1
1380,09:30:01,$ 3575.00,1
1381,09:30:01,$ 3575.00,10
1382,09:30:01,$ 3575.00,3
1383,09:30:01,$ 3575.00,1
1384,09:30:01,$ 3575.00,1
1385,09:30:01,$ 3575.00,1
1387,09:30:01,$ 3575.00,2
1388,09:30:01,$ 3575.00,1
1389,09:30:01,$ 3575.00,56
1390,09:30:01,$ 3575.00,1
1391,09:30:01,$ 3575.00,5
1392,09:30:01,$ 3575.00,6
1393,09:30:01,$ 3575.00,2
1394,09:30:01,$ 3575.00,1
1395,09:30:01,$ 3575.00,4
1396,09:30:01,$ 3575.00,1
1397,09:30:01,$ 3575.00,1
1398,09:30:01,$ 3575.00,32
1399,09:30:01,$ 3575.00,1
1400,09:30:01,$ 3575.00,6
1401,09:30:01,$ 3575.00,3
1402,09:30:01,$ 3575.00,5
1403,09:30:01,$ 3575.00,5
1404,09:30:01,$ 3575.00,18
1405,09:30:01,$ 3575.00,18
1406,09:30:01,$ 3575.00,20
1408,09:30:01,$ 3575.00,21
1409,09:30:01,$ 3575.00,22
1410,09:30:01,$ 3575.00,25
1411,09:30:01,$ 3575.00,28
1412,09:30:01,$ 3575.00,30
1413,09:30:01,$ 3575.00,39
1414,09:30:01,$ 3575.00,54
1415,09:30:01,$ 3575.00,"2,000"
1416,09:30:01,$ 3575.00,1
1417,09:30:01,$ 3575.00,3
1418,09:30:01,$ 3575.00,20
1419,09:30:01,$ 3575.00,5
1420,09:30:01,$ 3575.00,4
1421,09:30:01,$ 3575.00,1
1422,09:30:01,$ 3575.00,2
1423,09:30:01,$ 3575.00,2
1424,09:30:01,$ 3575.00,5
1425,09:30:01,$ 3575.00,5
1426,09:30:01,$ 3575.00,5
1427,09:30:01,$ 3575.00,8
1429,09:30:01,$ 3575.00,8
1430,09:30:01,$ 3575.00,9
1431,09:30:01,$ 3575.00,10
1432,09:30:01,$ 3575.00,12
1433,09:30:01,$ 3575.00,12
1434,09:30:01,$ 3575.00,13
1435,09:30:01,$ 3575.00,13
1436,09:30:01,$ 3575.00,14
1437,09:30:01,$ 3575.00,14
1438,09:30:01,$ 3575.00,34
1439,09:30:01,$ 3575.00,20
1440,09:30:01,$ 3575.00,2
1441,09:30:01,$ 3575.00,5
1442,09:30:01,$ 3575.00,20
1443,09:30:01,$ 3575.00,6
1444,09:30:01,$ 3575.00,1
1445,09:30:01,$ 3575.00,5
1446,09:30:01,$ 3575.00,1
1447,09:30:01,$ 3575.00,2
1448,09:30:01,$ 3575.00,1
1450,09:30:01,$ 3575.00,3
1451,09:30:01,$ 3575.00,2
1452,09:30:01,$ 3575.00,10
1453,09:30:01,$ 3575.00,1
1454,09:30:01,$ 3575.00,2
1455,09:30:01,$ 3575.00,1
1456,09:30:01,$ 3575.00,1
1457,09:30:01,$ 3575.00,1
1458,09:30:01,$ 3575.00,3
1459,09:30:01,$ 3575.00,2
1460,09:30:01,$ 3575.00,1
1461,09:30:01,$ 3575.00,4
1462,09:30:01,$ 3575.00,5
1463,09:30:01,$ 3575.00,2
1464,09:30:01,$ 3575.00,3
1465,09:30:01,$ 3575.00,6
1466,09:30:01,$ 3575.00,2
1467,09:30:01,$ 3575.00,5
1468,09:30:01,$ 3575.00,1
1469,09:30:01,$ 3575.00,1
1471,09:30:01,$ 3575.00,2
1472,09:30:01,$ 3575.00,15
1473,09:30:01,$ 3575.00,2
1474,09:30:01,$ 3575.00,3
1475,09:30:01,$ 3575.00,2
1476,09:30:01,$ 3575.00,1
1477,09:30:01,$ 3575.00,2
1478,09:30:01,$ 3575.00,1
1479,09:30:01,$ 3575.00,1
1480,09:30:01,$ 3575.00,1
1481,09:30:01,$ 3575.00,1
1482,09:30:01,$ 3575.00,3
1483,09:30:01,$ 3575.00,1
1484,09:30:01,$ 3575.00,2
1485,09:30:01,$ 3575.00,1
1486,09:30:01,$ 3575.00,6
1487,09:30:01,$ 3575.00,3
1488,09:30:01,$ 3575.00,1
1489,09:30:01,$ 3575.00,1
1490,09:30:01,$ 3575.00,5
1492,09:30:01,$ 3575.00,5
1493,09:30:01,$ 3575.00,3
1494,09:30:01,$ 3575.00,2
1495,09:30:01,$ 3575.00,1
1496,09:30:01,$ 3575.00,3
1497,09:30:01,$ 3575.00,1
1498,09:30:01,$ 3575.00,1
1499,09:30:01,$ 3575.00,1
1500,09:30:01,$ 3575.00,4
1501,09:30:01,$ 3575.00,1
1502,09:30:01,$ 3575.00,3
1503,09:30:01,$ 3575.00,3
1504,09:30:01,$ 3575.00,3
1505,09:30:01,$ 3575.00,6
1506,09:30:01,$ 3575.00,5
1507,09:30:01,$ 3575.00,1
1508,09:30:01,$ 3575.00,1
1509,09:30:01,$ 3575.00,7
1510,09:30:01,$ 3575.00,35
1511,09:30:01,$ 3575.00,1
1513,09:30:01,$ 3575.00,4
1514,09:30:01,$ 3575.00,3
1515,09:30:01,$ 3575.00,1
1516,09:30:01,$ 3575.00,1
1517,09:30:01,$ 3575.00,2
1518,09:30:01,$ 3575.00,1
1519,09:30:01,$ 3575.00,5
1520,09:30:01,$ 3575.00,1
1521,09:30:01,$ 3575.00,2
1522,09:30:01,$ 3575.00,8
1523,09:30:01,$ 3575.00,1
1524,09:30:01,$ 3575.00,2
1525,09:30:01,$ 3575.00,1
1526,09:30:01,$ 3575.00,5
1527,09:30:01,$ 3575.00,3
1528,09:30:01,$ 3575.00,5
1529,09:30:01,$ 3575.00,3
1530,09:30:01,$ 3575.00,1
1531,09:30:01,$ 3575.00,1
1532,09:30:01,$ 3575.00,32
1534,09:30:01,$ 3575.00,1
1535,09:30:01,$ 3575.00,4
1536,09:30:01,$ 3575.00,10
1537,09:30:01,$ 3575.00,2
1538,09:30:01,$ 3575.00,1
1539,09:30:01,$ 3575.00,9
1540,09:30:01,$ 3575.00,10
1541,09:30:01,$ 3575.00,1
1542,09:30:01,$ 3575.00,2
1543,09:30:01,$ 3575.00,1
1544,09:30:01,$ 3575.00,1
1545,09:30:01,$ 3575.00,4
1546,09:30:01,$ 3575.00,1
1547,09:30:01,$ 3575.00,800
1548,09:30:01,$ 3575.00,3
1549,09:30:01,$ 3575.00,1
1550,09:30:01,$ 3575.00,2
1551,09:30:01,$ 3575.00,17
1552,09:30:01,$ 3575.00,16
1553,09:30:01,$ 3575.00,10
1555,09:30:01,$ 3575.00,4
1556,09:30:01,$ 3575.00,1
1557,09:30:01,$ 3575.00,5
1558,09:30:01,$ 3575.00,5
1559,09:30:01,$ 3575.00,1
1560,09:30:01,$ 3575.00,8
1561,09:30:01,$ 3575.00,3
1562,09:30:01,$ 3575.00,1
1563,09:30:01,$ 3575.00,2
1564,09:30:01,$ 3575.00,1
1565,09:30:01,$ 3575.00,2
1566,09:30:01,$ 3575.00,12
1567,09:30:01,$ 3575.00,7
1568,09:30:01,$ 3575.00,1
1569,09:30:01,$ 3575.00,1
1570,09:30:01,$ 3575.00,2
1571,09:30:01,$ 3575.00,2
1572,09:30:01,$ 3575.00,1
1573,09:30:01,$ 3575.00,80
1574,09:30:01,$ 3575.00,5
1576,09:30:01,$ 3575.00,2
1577,09:30:01,$ 3575.00,1
1578,09:30:01,$ 3575.00,1
1579,09:30:01,$ 3575.00,2
1580,09:30:01,$ 3575.00,1
1581,09:30:01,$ 3575.00,15
1582,09:30:01,$ 3575.00,3
1583,09:30:01,$ 3575.00,5
1584,09:30:01,$ 3575.00,1
1585,09:30:01,$ 3575.00,10
1586,09:30:01,$ 3575.00,15
1587,09:30:01,$ 3575.00,5
1588,09:30:01,$ 3575.00,10
1589,09:30:01,$ 3575.00,28
1590,09:30:01,$ 3575.00,10
1591,09:30:01,$ 3575.00,3
1592,09:30:01,$ 3575.00,2
1593,09:30:01,$ 3575.00,10
1594,09:30:01,$ 3575.00,10
1595,09:30:01,$ 3575.00,2
1597,09:30:01,$ 3575.00,2
1598,09:30:01,$ 3575.00,1
1599,09:30:01,$ 3575.00,70
1600,09:30:01,$ 3575.00,1
1601,09:30:01,$ 3575.00,7
1602,09:30:01,$ 3575.00,1
1603,09:30:01,$ 3575.00,1
1604,09:30:01,$ 3575.00,2
1605,09:30:01,$ 3575.00,2
1606,09:30:01,$ 3575.00,50
1607,09:30:01,$ 3575.00,1
1608,09:30:01,$ 3575.00,1
1609,09:30:01,$ 3575.00,25
1610,09:30:01,$ 3575.00,25
1611,09:30:01,$ 3575.00,2
1612,09:30:01,$ 3575.00,4
1613,09:30:01,$ 3575.00,3
1614,09:30:01,$ 3575.00,1
1615,09:30:01,$ 3575.00,1
1616,09:30:01,$ 3575.00,1
1618,09:30:01,$ 3575.00,4
1619,09:30:01,$ 3575.00,4
1620,09:30:01,$ 3575.00,16
1621,09:30:01,$ 3575.00,3
1622,09:30:01,$ 3575.00,2
1623,09:30:01,$ 3575.00,2
1624,09:30:01,$ 3575.00,1
1625,09:30:01,$ 3575.00,2
1626,09:30:01,$ 3575.00,1
1627,09:30:01,$ 3575.00,15
1628,09:30:01,$ 3575.00,1
1629,09:30:01,$ 3575.00,8
1630,09:30:01,$ 3575.00,4
1631,09:30:01,$ 3575.00,2
1632,09:30:01,$ 3575.00,7
1633,09:30:01,$ 3575.00,3
1634,09:30:01,$ 3575.00,80
1635,09:30:01,$ 3575.00,1
1636,09:30:01,$ 3575.00,10
1637,09:30:01,$ 3575.00,3
1639,09:30:01,$ 3575.00,1
1640,09:30:01,$ 3575.00,1
1641,09:30:01,$ 3575.00,1
1642,09:30:01,$ 3575.00,1
1643,09:30:01,$ 3575.00,1
1644,09:30:01,$ 3575.00,2
1645,09:30:01,$ 3575.00,5
1646,09:30:01,$ 3575.00,7
1647,09:30:01,$ 3575.00,39
1648,09:30:01,$ 3575.00,3
1649,09:30:01,$ 3575.00,98
1650,09:30:01,$ 3575.00,20
1651,09:30:01,$ 3575.00,2
1652,09:30:01,$ 3575.00,2
1653,09:30:01,$ 3575.00,1
1654,09:30:01,$ 3575.00,4
1655,09:30:01,$ 3575.00,10
1656,09:30:01,$ 3575.00,5
1657,09:30:01,$ 3575.00,15
1658,09:30:01,$ 3575.00,2
1660,09:30:01,$ 3575.00,10
1661,09:30:01,$ 3575.00,1
1662,09:30:01,$ 3575.00,66
1663,09:30:01,$ 3575.00,100
1664,09:30:01,$ 3575.00,1
1665,09:30:01,$ 3575.00,10
1666,09:30:01,$ 3575.00,5
1667,09:30:01,$ 3575.00,1
1668,09:30:01,$ 3575.00,1
1669,09:30:01,$ 3575.00,2
1670,09:30:01,$ 3575.00,2
1671,09:30:01,$ 3575.00,1
1672,09:30:01,$ 3575.00,1
1673,09:30:01,$ 3575.00,5
1674,09:30:01,$ 3575.00,1
1675,09:30:01,$ 3575.00,2
1676,09:30:01,$ 3575.00,1
1677,09:30:01,$ 3575.00,1
1678,09:30:01,$ 3575.00,6
1679,09:30:01,$ 3575.00,1
1681,09:30:01,$ 3575.00,1
1682,09:30:01,$ 3575.00,1
1683,09:30:01,$ 3575.00,3
1684,09:30:01,$ 3575.00,7
1685,09:30:01,$ 3575.00,1
1686,09:30:01,$ 3575.00,60
1687,09:30:01,$ 3575.00,1
1688,09:30:01,$ 3575.00,1
1689,09:30:01,$ 3575.00,2
1690,09:30:01,$ 3575.00,1
1691,09:30:01,$ 3575.00,1
1692,09:30:01,$ 3575.00,18
1693,09:30:01,$ 3575.00,2
1694,09:30:01,$ 3575.00,1
1695,09:30:01,$ 3575.00,300
1696,09:30:01,$ 3575.00,500
1697,09:30:01,$ 3575.00,500
1698,09:30:01,$ 3575.00,2
1699,09:30:01,$ 3575.00,100
1700,09:30:01,$ 3575.00,100
1702,09:30:01,$ 3575.00,27
1703,09:30:01,$ 3575.00,19
1704,09:30:01,$ 3575.00,13
1705,09:30:01,$ 3575.00,27
1706,09:30:01,$ 3575.00,97
1707,09:30:01,$ 3575.00,947
1708,09:30:01,$ 3575.00,167
1709,09:30:01,$ 3575.00,5
1710,09:30:01,$ 3575.00,6
1711,09:30:01,$ 3575.00,4
1712,09:30:01,$ 3575.00,1
1713,09:30:01,$ 3575.00,1
1714,09:30:01,$ 3575.00,181
1715,09:30:01,$ 3575.00,1
1716,09:30:01,$ 3575.00,10
1717,09:30:01,$ 3575.00,1
1718,09:30:01,$ 3575.00,1
1719,09:30:01,$ 3575.00,1
1720,09:30:01,$ 3575.00,1
1721,09:30:01,$ 3575.00,4
1723,09:30:01,$ 3575.00,1
1724,09:30:01,$ 3575.00,3
1725,09:30:01,$ 3575.00,1
1726,09:30:01,$ 3575.00,1
1727,09:30:01,$ 3575.00,200
1728,09:30:01,$ 3575.00,1
1729,09:30:01,$ 3575.00,1
1730,09:30:01,$ 3575.00,5
1731,09:30:01,$ 3575.00,2
1732,09:30:01,$ 3575.00,2
1733,09:30:01,$ 3575.00,1
1734,09:30:01,$ 3575.00,2
1735,09:30:01,$ 3575.00,3
1736,09:30:01,$ 3575.00,1
1737,09:30:01,$ 3575.00,1
1738,09:30:01,$ 3575.00,2
1739,09:30:01,$ 3575.00,1
1740,09:30:01,$ 3575.00,24
1741,09:30:01,$ 3575.00,1
1742,09:30:01,$ 3575.00,10
1744,09:30:01,$ 3575.00,3
1745,09:30:01,$ 3575.00,1
1746,09:30:01,$ 3575.00,1
1747,09:30:01,$ 3575.00,1
1748,09:30:01,$ 3575.00,1
1749,09:30:01,$ 3575.00,1
1750,09:30:01,$ 3575.00,1
1751,09:30:01,$ 3575.00,1
1752,09:30:01,$ 3575.00,1
1753,09:30:01,$ 3575.00,8
1754,09:30:01,$ 3575.00,1
1755,09:30:01,$ 3575.00,7
1756,09:30:01,$ 3575.00,5
1757,09:30:01,$ 3575.00,1
1758,09:30:01,$ 3575.00,100
1759,09:30:01,$ 3575.00,1
1760,09:30:01,$ 3575.00,1
1761,09:30:01,$ 3575.00,5
1762,09:30:01,$ 3575.00,1
1763,09:30:01,$ 3575.00,1
1765,09:30:01,$ 3575.00,3
1766,09:30:01,$ 3575.00,1
1767,09:30:01,$ 3575.00,5
1768,09:30:01,$ 3575.00,1
1769,09:30:01,$ 3575.00,2
1770,09:30:01,$ 3575.00,11
1771,09:30:01,$ 3575.00,2
1772,09:30:01,$ 3575.00,1
1773,09:30:01,$ 3575.00,35
1774,09:30:01,$ 3575.00,1
1775,09:30:01,$ 3575.00,1
1776,09:30:01,$ 3575.00,3
1777,09:30:01,$ 3575.00,1
1778,09:30:01,$ 3575.00,4
1779,09:30:01,$ 3575.00,8
1780,09:30:01,$ 3575.00,1
1781,09:30:01,$ 3575.00,7
1782,09:30:01,$ 3575.00,2
1783,09:30:01,$ 3575.00,40
1784,09:30:01,$ 3575.00,1
1786,09:30:01,$ 3575.00,3
1787,09:30:01,$ 3575.00,6
1788,09:30:01,$ 3575.00,1
1789,09:30:01,$ 3575.00,1
1790,09:30:01,$ 3575.00,1
1791,09:30:01,$ 3575.00,3
1792,09:30:01,$ 3575.00,2
1793,09:30:01,$ 3575.00,1
1794,09:30:01,$ 3575.00,1
1795,09:30:01,$ 3575.00,9
1796,09:30:01,$ 3575.00,2
1797,09:30:01,$ 3575.00,2
1798,09:30:01,$ 3575.00,1
1799,09:30:01,$ 3575.00,2
1800,09:30:01,$ 3575.00,2
1801,09:30:01,$ 3575.00,1
1802,09:30:01,$ 3575.00,2
1803,09:30:01,$ 3575.00,25
1804,09:30:01,$ 3575.00,4
1805,09:30:01,$ 3575.00,8
1807,09:30:01,$ 3575.00,8
1808,09:30:01,$ 3575.00,2
1809,09:30:01,$ 3575.00,8
1810,09:30:01,$ 3575.00,18
1811,09:30:01,$ 3575.00,2
1812,09:30:01,$ 3575.00,1
1813,09:30:01,$ 3575.00,1
1814,09:30:01,$ 3575.00,60
1815,09:30:01,$ 3575.00,1
1816,09:30:01,$ 3575.00,2
1817,09:30:01,$ 3575.00,11
1818,09:30:01,$ 3575.00,2
1819,09:30:01,$ 3575.00,2
1820,09:30:01,$ 3575.00,1
1821,09:30:01,$ 3575.00,1
1822,09:30:01,$ 3575.00,24
1823,09:30:01,$ 3575.00,1
1824,09:30:01,$ 3575.00,1
1825,09:30:01,$ 3575.00,1
1826,09:30:01,$ 3575.00,5
1828,09:30:01,$ 3575.00,1
1829,09:30:01,$ 3575.00,1
1830,09:30:01,$ 3575.00,1
1831,09:30:01,$ 3575.00,50
1832,09:30:01,$ 3575.00,1
1833,09:30:01,$ 3575.00,1
1834,09:30:01,$ 3575.00,2
1835,09:30:01,$ 3575.00,5
1836,09:30:01,$ 3575.00,2
1837,09:30:01,$ 3575.00,1
1838,09:30:01,$ 3575.00,41
1839,09:30:01,$ 3575.00,12
1840,09:30:01,$ 3575.00,12
1841,09:30:01,$ 3575.00,1
1842,09:30:01,$ 3575.00,1
1843,09:30:01,$ 3575.00,3
1844,09:30:01,$ 3575.00,2
1845,09:30:01,$ 3575.00,1
1846,09:30:01,$ 3575.00,2
1847,09:30:01,$ 3575.00,1
1849,09:30:01,$ 3575.00,2
1850,09:30:01,$ 3575.00,12
1851,09:30:01,$ 3575.00,3
1852,09:30:01,$ 3575.00,100
1853,09:30:01,$ 3575.00,3
1854,09:30:01,$ 3575.00,10
1855,09:30:01,$ 3575.00,34
1856,09:30:01,$ 3575.00,28
1857,09:30:01,$ 3575.00,7
1858,09:30:01,$ 3575.00,15
1859,09:30:01,$ 3575.00,2
1860,09:30:01,$ 3575.00,5
1861,09:30:01,$ 3575.00,7
1862,09:30:01,$ 3575.00,4
1863,09:30:01,$ 3575.00,2
1864,09:30:01,$ 3575.00,1
1865,09:30:01,$ 3575.00,1
1866,09:30:01,$ 3575.00,1
1867,09:30:01,$ 3575.00,3
1868,09:30:01,$ 3575.00,100
1870,09:30:01,$ 3575.00,18
1871,09:30:01,$ 3575.00,6
1872,09:30:01,$ 3575.00,4
1873,09:30:01,$ 3575.00,1
1874,09:30:01,$ 3575.00,2
1875,09:30:01,$ 3575.00,2
1876,09:30:01,$ 3575.00,1
1877,09:30:01,$ 3575.00,1
1878,09:30:01,$ 3575.00,1
1879,09:30:01,$ 3575.00,1
1880,09:30:01,$ 3575.00,1
1881,09:30:01,$ 3575.00,2
1882,09:30:01,$ 3575.00,2
1883,09:30:01,$ 3575.00,6
1884,09:30:01,$ 3575.00,1
1885,09:30:01,$ 3575.00,1
1886,09:30:01,$ 3575.00,1
1887,09:30:01,$ 3575.00,1
1888,09:30:01,$ 3575.00,1
1889,09:30:01,$ 3575.00,1
1891,09:30:01,$ 3575.00,2
1892,09:30:01,$ 3575.00,1
1893,09:30:01,$ 3575.00,1
1894,09:30:01,$ 3575.00,1
1895,09:30:01,$ 3575.00,1
1896,09:30:01,$ 3575.00,2
1897,09:30:01,$ 3575.00,1
1898,09:30:01,$ 3575.00,1
1899,09:30:01,$ 3575.00,1
1900,09:30:01,$ 3575.00,2
1901,09:30:01,$ 3575.00,10
1902,09:30:01,$ 3575.00,1
1903,09:30:01,$ 3575.00,1
1904,09:30:01,$ 3575.00,1
1905,09:30:01,$ 3575.00,1
1906,09:30:01,$ 3575.00,1
1907,09:30:01,$ 3575.00,4
1908,09:30:01,$ 3575.00,5
1909,09:30:01,$ 3575.00,1
1910,09:30:01,$ 3575.00,2
1912,09:30:01,$ 3575.00,1
1913,09:30:01,$ 3575.00,3
1914,09:30:01,$ 3575.00,68
1915,09:30:01,$ 3575.00,1
1916,09:30:01,$ 3575.00,677
1917,09:30:01,$ 3575.00,1
1918,09:30:01,$ 3575.00,3
1919,09:30:01,$ 3575.00,5
1920,09:30:01,$ 3575.00,1
1921,09:30:01,$ 3575.00,5
1922,09:30:01,$ 3575.00,3
1923,09:30:01,$ 3575.00,18
1924,09:30:01,$ 3575.00,1
1925,09:30:01,$ 3575.00,9
1926,09:30:01,$ 3575.00,2
1927,09:30:01,$ 3575.00,2
1928,09:30:01,$ 3575.00,2
1929,09:30:01,$ 3575.00,5
1930,09:30:01,$ 3575.00,2
1931,09:30:01,$ 3575.00,5
1933,09:30:01,$ 3575.00,1
1934,09:30:01,$ 3575.00,1
1935,09:30:01,$ 3575.00,3
1936,09:30:01,$ 3575.00,2
1937,09:30:01,$ 3575.00,1
1938,09:30:01,$ 3575.00,1
1939,09:30:01,$ 3575.00,5
1940,09:30:01,$ 3575.00,3
1941,09:30:01,$ 3575.00,2
1942,09:30:01,$ 3575.00,1
1943,09:30:01,$ 3575.00,28
1944,09:30:01,$ 3575.00,3
1945,09:30:01,$ 3575.00,2
1946,09:30:01,$ 3575.00,1
1947,09:30:01,$ 3575.00,4
1948,09:30:01,$ 3575.00,1
1949,09:30:01,$ 3575.00,4
1950,09:30:01,$ 3575.00,7
1951,09:30:01,$ 3575.00,19
1952,09:30:01,$ 3575.00,1
1954,09:30:01,$ 3575.00,2
1955,09:30:01,$ 3575.00,12
1956,09:30:01,$ 3575.00,3
1957,09:30:01,$ 3575.00,2
1958,09:30:01,$ 3575.00,1
1959,09:30:01,$ 3575.00,1
1960,09:30:01,$ 3575.00,2
1961,09:30:01,$ 3575.00,2
1962,09:30:01,$ 3575.00,1
1963,09:30:01,$ 3575.00,4
1964,09:30:01,$ 3575.00,28
1965,09:30:01,$ 3575.00,4
1966,09:30:01,$ 3575.00,100
1967,09:30:01,$ 3575.00,1
1968,09:30:01,$ 3575.00,1
1969,09:30:01,$ 3575.00,5
1970,09:30:01,$ 3575.00,167
1971,09:30:01,$ 3575.00,25
1972,09:30:01,$ 3575.00,140
1973,09:30:01,$ 3575.00,"1,008"
1975,09:30:01,$ 3575.00,28
1976,09:30:01,$ 3575.00,100
1977,09:30:01,$ 3575.00,127
1978,09:30:01,$ 3575.00,10
1979,09:30:01,$ 3575.00,2
1980,09:30:01,$ 3575.00,1
1981,09:30:01,$ 3575.00,305
1982,09:30:01,$ 3575.00,49
1983,09:30:01,$ 3575.00,9
1984,09:30:01,$ 3575.00,2
1985,09:30:01,$ 3575.00,1
1986,09:30:01,$ 3575.00,4
1987,09:30:01,$ 3575.00,3
1988,09:30:01,$ 3575.00,6
1989,09:30:01,$ 3575.00,1
1990,09:30:01,$ 3575.00,98
1991,09:30:01,$ 3575.00,26
1992,09:30:01,$ 3575.00,5
1993,09:30:01,$ 3575.00,326
1994,09:30:01,$ 3575.00,1
1996,09:30:01,$ 3575.00,5
1997,09:30:01,$ 3575.00,10
1998,09:30:01,$ 3575.00,4
1999,09:30:01,$ 3575.00,1
2000,09:30:01,$ 3575.00,40
2001,09:30:01,$ 3575.00,1
2002,09:30:01,$ 3575.00,1
2003,09:30:01,$ 3575.00,1
2004,09:30:01,$ 3575.00,5
2005,09:30:01,$ 3575.00,44
2006,09:30:01,$ 3575.00,4
2007,09:30:01,$ 3575.00,53
2008,09:30:01,$ 3575.00,26
2009,09:30:01,$ 3575.00,10
2010,09:30:01,$ 3575.00,2
2011,09:30:01,$ 3575.00,20
2012,09:30:01,$ 3575.00,1
2013,09:30:01,$ 3575.00,6
2014,09:30:01,$ 3575.00,5
2015,09:30:01,$ 3575.00,1
2017,09:30:01,$ 3575.00,1
2018,09:30:01,$ 3575.00,2
2019,09:30:01,$ 3575.00,10
2020,09:30:01,$ 3575.00,50
2021,09:30:01,$ 3575.00,1
2022,09:30:01,$ 3575.00,10
2023,09:30:01,$ 3575.00,15
2024,09:30:01,$ 3575.00,2
2025,09:30:01,$ 3575.00,27
2026,09:30:01,$ 3575.00,250
2027,09:30:01,$ 3575.00,4
2028,09:30:01,$ 3575.00,5
2029,09:30:01,$ 3575.00,7
2030,09:30:01,$ 3575.00,20
2031,09:30:01,$ 3575.00,8
2032,09:30:01,$ 3575.00,3
2033,09:30:01,$ 3575.00,58
2034,09:30:01,$ 3575.00,100
2035,09:30:01,$ 3575.00,5
2036,09:30:01,$ 3575.00,11
2038,09:30:01,$ 3575.00,10
2039,09:30:01,$ 3575.00,8
2040,09:30:01,$ 3575.00,7
2041,09:30:01,$ 3575.00,14
2042,09:30:01,$ 3575.00,6
2043,09:30:01,$ 3575.00,60
2044,09:30:01,$ 3575.00,2
2045,09:30:01,$ 3575.00,7
2046,09:30:01,$ 3575.00,27
2047,09:30:01,$ 3575.00,12
2048,09:30:01,$ 3575.00,2
2049,09:30:01,$ 3575.00,3
2050,09:30:01,$ 3575.00,6
2051,09:30:01,$ 3575.00,10
2052,09:30:01,$ 3575.00,14
2053,09:30:01,$ 3575.00,1
2054,09:30:01,$ 3575.00,10
2055,09:30:01,$ 3575.00,239
2056,09:30:01,$ 3575.00,111
2057,09:30:01,$ 3575.00,"6,400"
2059,09:30:01,$ 3575.00,50
2060,09:30:01,$ 3575.00,1
2061,09:30:01,$ 3575.00,4
2062,09:30:01,$ 3575.00,1
2063,09:30:01,$ 3575.00,6
2064,09:30:01,$ 3575.00,8
2065,09:30:01,$ 3575.00,1
2066,09:30:01,$ 3575.00,1
2067,09:30:01,$ 3575.00,1
2068,09:30:01,$ 3575.00,15
2069,09:30:01,$ 3575.00,7
2070,09:30:01,$ 3575.00,1
2071,09:30:01,$ 3575.00,165
2072,09:30:01,$ 3575.00,11
2073,09:30:01,$ 3575.00,8
2074,09:30:01,$ 3575.00,4
2075,09:30:01,$ 3575.00,1
2076,09:30:01,$ 3575.00,77
2077,09:30:01,$ 3575.00,7
2078,09:30:01,$ 3575.00,30
2080,09:30:01,$ 3575.00,5
2081,09:30:01,$ 3575.00,160
2082,09:30:01,$ 3575.00,2
2083,09:30:01,$ 3575.00,1
2084,09:30:01,$ 3575.00,1
2085,09:30:01,$ 3575.00,2
2086,09:30:01,$ 3575.00,1
2087,09:30:01,$ 3575.00,5
2088,09:30:01,$ 3575.00,3
2089,09:30:01,$ 3575.00,"3,000"
2090,09:30:01,$ 3575.00,1
2091,09:30:01,$ 3575.00,4
2092,09:30:01,$ 3575.00,500
2093,09:30:01,$ 3575.00,20
2094,09:30:01,$ 3575.00,22
2095,09:30:01,$ 3575.00,31
2096,09:30:01,$ 3575.00,27
2097,09:30:01,$ 3575.00,3
2098,09:30:01,$ 3575.00,11
2099,09:30:01,$ 3575.00,23
2101,09:30:01,$ 3575.00,1
2102,09:30:01,$ 3575.00,10
2103,09:30:01,$ 3575.00,2
2104,09:30:01,$ 3575.00,28
2105,09:30:01,$ 3575.00,69
2106,09:30:01,$ 3575.00,"1,115"
2107,09:30:01,$ 3575.00,3
2108,09:30:01,$ 3575.00,2
2109,09:30:01,$ 3575.00,1
2110,09:30:01,$ 3575.00,5
2111,09:30:01,$ 3575.00,3
2112,09:30:01,$ 3575.00,41
2113,09:30:01,$ 3575.00,27
2114,09:30:01,$ 3575.00,1
2115,09:30:01,$ 3575.00,3
2116,09:30:01,$ 3575.00,2
2117,09:30:01,$ 3575.00,9
2118,09:30:01,$ 3575.00,1
2119,09:30:01,$ 3575.00,1
2120,09:30:01,$ 3575.00,3
2122,09:30:01,$ 3575.00,8
2123,09:30:01,$ 3575.00,7
2124,09:30:01,$ 3575.00,10
2125,09:30:01,$ 3575.00,7
2126,09:30:01,$ 3575.00,1
2127,09:30:01,$ 3575.00,1
2128,09:30:01,$ 3575.00,10
2129,09:30:01,$ 3575.00,4
2130,09:30:01,$ 3575.00,1
2131,09:30:01,$ 3575.00,1
2132,09:30:01,$ 3575.00,9
2133,09:30:01,$ 3575.00,2
2134,09:30:01,$ 3575.00,37
2135,09:30:01,$ 3575.00,2
2136,09:30:01,$ 3575.00,8
2137,09:30:01,$ 3575.00,4
2138,09:30:01,$ 3575.00,1
2139,09:30:01,$ 3575.00,1
2140,09:30:01,$ 3575.00,1
2141,09:30:01,$ 3575.00,2
2143,09:30:01,$ 3575.00,15
2144,09:30:01,$ 3575.00,1
2145,09:30:01,$ 3575.00,2
2146,09:30:01,$ 3575.00,2
2147,09:30:01,$ 3575.00,31
2148,09:30:01,$ 3575.00,1
2149,09:30:01,$ 3575.00,1
2150,09:30:01,$ 3575.00,2
2151,09:30:01,$ 3575.00,1
2152,09:30:01,$ 3575.00,1
2153,09:30:01,$ 3575.00,2
2154,09:30:01,$ 3575.00,30
2155,09:30:01,$ 3575.00,1
2156,09:30:01,$ 3575.00,2
2157,09:30:01,$ 3575.00,2
2158,09:30:01,$ 3575.00,300
2159,09:30:01,$ 3575.00,1
2160,09:30:01,$ 3575.00,52
2161,09:30:01,$ 3575.00,329
2162,09:30:01,$ 3575.00,6
2164,09:30:01,$ 3575.00,69
2165,09:30:01,$ 3575.00,5
2166,09:30:01,$ 3575.00,1
2167,09:30:01,$ 3575.00,1
2168,09:30:01,$ 3575.00,46
2169,09:30:01,$ 3575.00,227
2170,09:30:01,$ 3575.00,3
2171,09:30:01,$ 3575.00,11
2172,09:30:01,$ 3575.00,1
2173,09:30:01,$ 3575.00,100
2174,09:30:01,$ 3575.00,1
2175,09:30:01,$ 3575.00,1
2176,09:30:01,$ 3575.00,1
2177,09:30:01,$ 3575.00,723
2178,09:30:01,$ 3575.00,10
2179,09:30:01,$ 3575.00,3
2180,09:30:01,$ 3575.00,2
2181,09:30:01,$ 3575.00,4
2182,09:30:01,$ 3575.00,1
2183,09:30:01,$ 3575.00,2
2185,09:30:01,$ 3575.00,1
2186,09:30:01,$ 3575.00,1
2187,09:30:01,$ 3575.00,1
2188,09:30:01,$ 3575.00,182
2189,09:30:01,$ 3575.00,8
2190,09:30:01,$ 3575.00,20
2191,09:30:01,$ 3575.00,30
2192,09:30:01,$ 3575.00,1
2193,09:30:01,$ 3575.00,30
2194,09:30:01,$ 3575.00,4
2195,09:30:01,$ 3575.00,5
2196,09:30:01,$ 3575.00,2
2197,09:30:01,$ 3575.00,1
2198,09:30:01,$ 3575.00,17
2199,09:30:01,$ 3575.00,1
2200,09:30:01,$ 3576.375,100
2201,09:30:00,$ 3575.04,100
2202,09:30:00,$ 3575.05,100
2203,09:30:00,$ 3575.53,100
2204,09:30:00,$ 3576.02,100
2206,09:30:00,$ 3576.00,100
2207,09:30:00,$ 3575.57,100
2208,09:30:00,$ 3575.77,101
2209,09:30:00,$ 3575.77,336
2210,09:30:00,$ 3575.00,28
2211,09:30:00,$ 3575.00,10
2212,09:30:00,$ 3575.00,15
2213,09:30:00,$ 3575.00,100
2214,09:30:00,$ 3575.00,300
2215,09:30:00,$ 3575.00,34
2216,09:30:00,$ 3575.00,10
2217,09:30:00,$ 3575.00,1
2218,09:30:00,$ 3575.00,10
2219,09:30:00,$ 3575.00,3
2220,09:30:00,$ 3575.00,50
2221,09:30:00,$ 3575.00,66
2222,09:30:00,$ 3575.00,100
2223,09:30:00,$ 3575.00,460
2225,10:29:53,$ 3570.3321,100
2226,10:29:34,$ 3571.39,102
2227,10:29:34,$ 3571.40,100
2228,10:29:33,$ 3571.96,100
2229,10:29:23,$ 3573.925,100
2230,10:29:06,$ 3574.00,100
2231,10:29:06,$ 3575.0182,123
2232,10:29:00,$ 3575.20,100
2233,10:28:58,$ 3575.4165,200
2234,10:28:17,$ 3575.64,100
2235,10:28:17,$ 3575.64,100
2236,10:28:07,$ 3575.78,100
2237,10:28:00,$ 3576.7999,100
2238,10:27:59,$ 3575.57,100
2239,10:27:47,$ 3575.61,100
2240,10:27:46,$ 3575.438,200
2241,10:27:43,$ 3576.00,100
2242,10:27:39,$ 3575.62,100
2243,10:27:39,$ 3575.50,129
2244,10:27:38,$ 3574.771,200
2246,10:27:35,$ 3575.0544,100
2247,10:27:28,$ 3576.18,100
2248,10:27:25,$ 3576.27,100
2249,10:27:17,$ 3575.50,100
2250,10:27:15,$ 3576.80,100
2251,10:27:15,$ 3576.80,100
2252,10:27:14,$ 3576.237,100
2253,10:27:13,$ 3576.73,100
2254,10:27:13,$ 3576.68,100
2255,10:27:13,$ 3576.32,100
2256,10:27:04,$ 3574.865,100
2257,10:26:57,$ 3573.65,400
2258,10:26:55,$ 3573.65,100
2259,10:26:55,$ 3573.50,150
2260,10:26:52,$ 3574.19,100
2261,10:26:43,$ 3573.6583,121
2262,10:26:37,$ 3572.82,100
2263,10:26:35,$ 3573.72,175
2264,10:26:33,$ 3572.57,500
2265,10:26:31,$ 3574.20,142
2267,10:26:31,$ 3574.19,100
2268,10:26:31,$ 3574.19,100
2269,10:26:31,$ 3574.20,100
2270,10:26:26,$ 3573.47,100
2271,10:26:22,$ 3573.2433,100
2272,10:26:04,$ 3571.7211,100
2273,10:25:35,$ 3571.73,100
2274,10:25:35,$ 3571.63,100
2275,10:25:35,$ 3571.63,100
2276,10:25:32,$ 3571.38,100
2277,10:25:31,$ 3571.74,100
2278,10:25:31,$ 3571.34,100
2279,10:25:31,$ 3571.00,100
2280,10:25:31,$ 3571.02,100
2281,10:25:31,$ 3571.69,100
2282,10:25:31,$ 3571.72,100
2283,10:25:31,$ 3571.73,100
2284,10:25:31,$ 3570.00,100
2285,10:25:24,$ 3571.00,100
2286,10:25:14,$ 3571.44,100
2288,10:25:14,$ 3571.43,100
2289,10:25:11,$ 3571.45,100
2290,10:25:07,$ 3572.00,100
2291,10:25:03,$ 3571.715,100
2292,10:25:02,$ 3572.00,100
2293,10:25:02,$ 3572.00,100
2294,10:25:01,$ 3571.55,100
2295,10:24:52,$ 3571.7572,100
2296,10:24:50,$ 3571.315,100
2297,10:24:43,$ 3571.88,100
2298,10:24:41,$ 3571.00,100
2299,10:24:39,$ 3570.05,100
2300,10:23:27,$ 3569.71,100
2301,10:23:22,$ 3570.30,100
2302,10:23:21,$ 3570.79,100
2303,10:23:20,$ 3570.795,100
2304,10:23:01,$ 3570.8125,100
2305,10:23:01,$ 3570.695,100
2306,10:23:01,$ 3570.695,100
2307,10:22:59,$ 3570.77,100
2309,10:22:57,$ 3570.21,100
2310,10:22:57,$ 3570.795,100
2311,10:22:54,$ 3570.36,100
2312,10:22:53,$ 3571.4164,100
2313,10:22:42,$ 3571.88,400
2314,10:22:42,$ 3571.87,100
2315,10:22:42,$ 3570.44,100
2316,10:22:41,$ 3569.00,"1,899"
2317,10:22:40,$ 3570.4399,100
2318,10:22:30,$ 3570.02,100
2319,10:22:25,$ 3570.00,100
2320,10:22:25,$ 3570.00,100
2321,10:22:25,$ 3570.00,100
2322,10:21:51,$ 3566.69,100
2323,10:21:31,$ 3567.4101,496
2324,10:21:22,$ 3566.08,100
2325,10:20:54,$ 3567.81,100
2326,10:20:41,$ 3567.225,100
2327,10:20:08,$ 3568.27,485
2328,10:20:07,$ 3569.6966,400
2330,10:19:55,$ 3566.4901,100
2331,10:19:47,$ 3567.00,100
2332,10:19:47,$ 3566.99,100
2333,10:19:36,$ 3565.03,100
2334,10:19:34,$ 3566.70,100
2335,10:19:27,$ 3566.66,300
2336,10:19:22,$ 3566.66,100
2337,10:19:22,$ 3566.65,100
2338,10:19:22,$ 3566.66,100
2339,10:19:22,$ 3566.10,100
2340,10:19:22,$ 3566.435,100
2341,10:19:21,$ 3565.98,100
2342,10:19:21,$ 3566.65,100
2343,10:19:21,$ 3566.20,100
2344,10:19:21,$ 3565.95,100
2345,10:19:21,$ 3566.22,100
2346,10:19:21,$ 3566.445,100
2347,10:19:15,$ 3564.99,200
2348,10:19:15,$ 3565.00,242
2349,10:19:14,$ 3563.62,100
2351,10:18:46,$ 3561.9001,100
2352,10:18:39,$ 3562.30,100
2353,10:18:27,$ 3562.305,100
2354,10:18:25,$ 3562.9999,100
2355,10:18:19,$ 3562.2211,"1,000"
2356,10:18:11,$ 3563.495,100
2357,10:18:07,$ 3562.45,100
2358,10:18:07,$ 3562.45,100
2359,10:18:01,$ 3563.67,200
2360,10:18:00,$ 3563.9535,103
2361,10:18:00,$ 3564.07,100
2362,10:18:00,$ 3564.7239,100
2363,10:17:56,$ 3564.2381,100
2364,10:17:55,$ 3563.9535,100
2365,10:17:51,$ 3563.87,100
2366,10:17:46,$ 3563.67,100
2367,10:17:46,$ 3563.67,100
2368,10:17:46,$ 3563.67,100
2369,10:17:44,$ 3564.36,100
2370,10:17:44,$ 3564.36,100
2372,10:17:44,$ 3564.34,100
2373,10:17:36,$ 3565.9027,100
2374,10:17:36,$ 3565.9027,100
2375,10:17:36,$ 3564.43,100
2376,10:17:36,$ 3564.25,100
2377,10:17:36,$ 3564.22,100
2378,10:17:36,$ 3564.12,100
2379,10:17:29,$ 3563.22,100
2380,10:17:27,$ 3563.455,200
2381,10:17:27,$ 3563.16,100
2382,10:16:39,$ 3563.18,100
2383,10:16:34,$ 3563.42,100
2384,10:16:34,$ 3563.44,100
2385,10:16:33,$ 3562.53,100
2386,10:16:21,$ 3563.18,100
2387,10:16:16,$ 3562.0601,100
2388,10:16:15,$ 3563.0838,200
2389,10:16:08,$ 3562.0601,100
2390,10:15:59,$ 3563.10,100
2391,10:15:57,$ 3562.62,100
2393,10:15:56,$ 3562.95,100
2394,10:15:44,$ 3561.9803,100
2395,10:15:38,$ 3562.00,100
2396,10:15:37,$ 3561.40,100
2397,10:15:34,$ 3560.745,100
2398,10:15:27,$ 3559.45,100
2399,10:15:27,$ 3558.64,100
2400,10:15:27,$ 3558.64,100
2401,10:15:27,$ 3558.65,100
2402,10:15:21,$ 3557.64,100
2403,10:15:15,$ 3557.64,100
2404,10:15:03,$ 3557.855,"1,000"
2405,10:14:44,$ 3557.65,100
2406,10:14:22,$ 3556.7498,200
2407,10:14:19,$ 3558.83,100
2408,10:14:12,$ 3559.00,100
2409,10:14:07,$ 3559.23,100
2410,10:14:00,$ 3558.0401,100
2411,10:13:57,$ 3560.00,104
2412,10:13:56,$ 3561.13,100
2414,10:13:54,$ 3561.1299,160
2415,10:13:52,$ 3561.475,100
2416,10:13:48,$ 3561.0001,125
2417,10:13:45,$ 3562.09,100
2418,10:13:44,$ 3561.1844,200
2419,10:13:29,$ 3562.38,100
2420,10:13:28,$ 3561.6249,100
2421,10:13:27,$ 3562.555,120
2422,10:13:26,$ 3562.60,100
2423,10:13:26,$ 3562.70,100
2424,10:13:26,$ 3562.57,100
2425,10:13:24,$ 3561.69,100
2426,10:13:23,$ 3562.98,100
2427,10:13:22,$ 3562.93,100
2428,10:13:20,$ 3563.015,187
2429,10:13:20,$ 3562.94,100
2430,10:13:18,$ 3563.69,100
2431,10:13:18,$ 3563.69,100
2432,10:13:15,$ 3563.00,100
2433,10:13:14,$ 3563.69,100
2435,10:13:14,$ 3563.65,100
2436,10:13:11,$ 3563.64,100
2437,10:13:10,$ 3563.68,400
2438,10:13:10,$ 3563.57,100
2439,10:13:05,$ 3563.69,100
2440,10:13:00,$ 3563.9092,100
2441,10:12:56,$ 3562.3408,100
2442,10:12:53,$ 3561.255,100
2443,10:12:49,$ 3560.26,100
2444,10:12:45,$ 3560.62,100
2445,10:12:43,$ 3560.00,100
2446,10:12:36,$ 3560.0175,100
2447,10:12:36,$ 3558.86,100
2448,10:12:25,$ 3557.96,100
2449,10:12:14,$ 3557.82,100
2450,10:12:14,$ 3557.52,100
2451,10:12:12,$ 3558.205,100
2452,10:12:10,$ 3557.906,100
2453,10:11:59,$ 3559.5815,100
2454,10:11:48,$ 3558.677,100
2456,10:11:40,$ 3559.125,400
2457,10:11:32,$ 3557.9267,100
2458,10:11:29,$ 3558.77,100
2459,10:11:25,$ 3556.4301,100
2460,10:11:17,$ 3556.88,100
2461,10:11:17,$ 3556.00,150
2462,10:11:17,$ 3555.91,100
2463,10:11:06,$ 3554.94,100
2464,10:10:34,$ 3555.28,117
2465,10:10:34,$ 3554.99,527
2466,10:10:34,$ 3554.99,500
2467,10:10:34,$ 3555.00,100
2468,10:10:34,$ 3555.00,100
2469,10:10:32,$ 3554.16,100
2470,10:10:32,$ 3554.52,100
2471,10:10:32,$ 3554.52,100
2472,10:10:32,$ 3554.62,100
2473,10:10:32,$ 3554.81,100
2474,10:10:32,$ 3554.98,100
2475,10:10:32,$ 3554.98,100
2477,10:10:32,$ 3555.00,100
2478,10:10:32,$ 3555.00,200
2479,10:10:26,$ 3553.63,205
2480,10:10:20,$ 3552.59,100
2481,10:10:20,$ 3552.62,100
2482,10:10:09,$ 3552.99,100
2483,10:10:09,$ 3551.93,100
2484,10:10:09,$ 3552.02,100
2485,10:09:54,$ 3553.63,100
2486,10:09:54,$ 3553.63,100
2487,10:09:53,$ 3553.63,100
2488,10:09:41,$ 3553.36,100
2489,10:09:41,$ 3553.39,100
2490,10:09:40,$ 3553.55,100
2491,10:09:40,$ 3553.55,100
2492,10:09:40,$ 3553.24,100
2493,10:09:38,$ 3553.44,100
2494,10:09:38,$ 3553.44,100
2495,10:09:28,$ 3554.5552,150
2496,10:09:26,$ 3552.32,100
2498,10:09:11,$ 3553.52,100
2499,10:09:07,$ 3554.31,"1,000"
2500,10:09:01,$ 3553.69,100
2501,10:09:01,$ 3553.34,100
2502,10:09:01,$ 3552.1408,226
2503,10:09:01,$ 3553.36,100
2504,10:08:49,$ 3553.995,100
2505,10:08:44,$ 3554.93,100
2506,10:08:44,$ 3554.93,326
2507,10:08:40,$ 3554.70,100
2508,10:08:40,$ 3554.70,100
2509,10:08:37,$ 3554.00,200
2510,10:08:34,$ 3553.79,130
2511,10:08:14,$ 3554.93,100
2512,10:08:01,$ 3554.5773,104
2513,10:07:53,$ 3553.00,250
2514,10:07:41,$ 3553.36,100
2515,10:07:41,$ 3553.36,100
2516,10:07:41,$ 3553.10,100
2517,10:07:41,$ 3553.00,100
2519,10:07:39,$ 3553.0027,100
2520,10:07:39,$ 3553.005,100
2521,10:07:37,$ 3553.20,100
2522,10:07:37,$ 3553.96,100
2523,10:07:37,$ 3553.00,100
2524,10:07:36,$ 3553.015,100
2525,10:07:35,$ 3554.02,100
2526,10:07:35,$ 3554.07,100
2527,10:07:35,$ 3553.965,100
2528,10:07:32,$ 3554.465,120
2529,10:07:30,$ 3554.92,100
2530,10:07:30,$ 3554.93,100
2531,10:07:25,$ 3554.95,100
2532,10:07:25,$ 3554.95,100
2533,10:07:25,$ 3554.99,100
2534,10:07:25,$ 3555.02,100
2535,10:07:25,$ 3554.97,100
2536,10:07:25,$ 3555.18,200
2537,10:07:07,$ 3555.09,100
2538,10:06:59,$ 3554.75,100
2540,10:06:58,$ 3555.6399,100
2541,10:06:53,$ 3555.245,100
2542,10:06:42,$ 3556.22,100
2543,10:06:42,$ 3555.764,100
2544,10:06:42,$ 3555.706,200
2545,10:06:42,$ 3554.72,100
2546,10:06:33,$ 3553.51,100
2547,10:06:33,$ 3553.51,100
2548,10:06:33,$ 3553.53,196
2549,10:06:31,$ 3553.00,400
2550,10:06:26,$ 3552.75,100
2551,10:06:26,$ 3552.75,100
2552,10:06:25,$ 3553.16,100
2553,10:06:25,$ 3552.98,100
2554,10:06:25,$ 3552.06,100
2555,10:06:25,$ 3552.0435,100
2556,10:06:25,$ 3552.045,100
2557,10:06:25,$ 3552.41,100
2558,10:06:25,$ 3552.06,100
2559,10:05:59,$ 3552.88,400
2561,10:05:59,$ 3552.88,300
2562,10:05:58,$ 3552.635,100
2563,10:05:56,$ 3552.04,100
2564,10:05:55,$ 3552.08,100
2565,10:05:55,$ 3551.1559,200
2566,10:05:54,$ 3551.01,100
2567,10:05:54,$ 3552.01,100
2568,10:05:54,$ 3551.64,146
2569,10:05:54,$ 3552.00,200
2570,10:05:51,$ 3553.10,100
2571,10:05:51,$ 3553.04,100
2572,10:05:48,$ 3555.24,100
2573,10:05:45,$ 3555.24,100
2574,10:05:41,$ 3555.24,100
2575,10:05:39,$ 3555.49,200
2576,10:05:39,$ 3555.49,100
2577,10:05:39,$ 3555.50,100
2578,10:05:39,$ 3555.70,100
2579,10:05:39,$ 3556.005,300
2580,10:05:39,$ 3555.66,100
2582,10:05:33,$ 3555.99,252
2583,10:05:33,$ 3555.94,100
2584,10:05:33,$ 3555.96,100
2585,10:05:30,$ 3555.53,100
2586,10:05:23,$ 3556.445,300
2587,10:05:23,$ 3556.445,300
2588,10:05:23,$ 3556.445,300
2589,10:05:23,$ 3556.445,300
2590,10:05:23,$ 3556.445,300
2591,10:05:23,$ 3556.445,300
2592,10:05:23,$ 3556.445,300
2593,10:05:19,$ 3555.43,100
2594,10:05:10,$ 3556.83,100
2595,10:05:03,$ 3556.06,100
2596,10:05:00,$ 3555.52,100
2597,10:04:53,$ 3555.41,100
2598,10:04:53,$ 3555.24,100
2599,10:04:53,$ 3555.24,100
2600,10:04:53,$ 3555.24,100
2601,10:04:53,$ 3554.39,100
2603,10:04:53,$ 3555.24,100
2604,10:04:53,$ 3555.38,100
2605,10:04:48,$ 3553.93,300
2606,10:04:45,$ 3554.28,100
2607,10:04:37,$ 3553.50,100
2608,10:04:37,$ 3553.545,100
2609,10:04:37,$ 3553.49,100
2610,10:04:34,$ 3553.39,100
2611,10:04:34,$ 3553.59,100
2612,10:04:33,$ 3555.35,100
2613,10:04:33,$ 3556.04,100
2614,10:04:24,$ 3555.7155,100
2615,10:04:23,$ 3556.18,100
2616,10:04:12,$ 3556.03,100
2617,10:04:12,$ 3556.00,136
2618,10:04:12,$ 3556.00,325
2619,10:04:12,$ 3556.51,100
2620,10:04:11,$ 3557.325,100
2621,10:04:10,$ 3557.32,100
2622,10:04:10,$ 3557.325,100
2624,10:03:54,$ 3557.325,100
2625,10:03:54,$ 3558.94,100
2626,10:03:53,$ 3559.83,100
2627,10:03:53,$ 3559.83,100
2628,10:03:53,$ 3559.84,100
2629,10:03:44,$ 3557.905,100
2630,10:03:44,$ 3558.64,100
2631,10:03:44,$ 3558.64,100
2632,10:03:24,$ 3558.00,100
2633,10:03:19,$ 3557.61,100
2634,10:03:19,$ 3558.20,100
2635,10:03:13,$ 3558.24,100
2636,10:03:13,$ 3558.25,100
2637,10:02:59,$ 3558.72,100
2638,10:02:52,$ 3558.92,100
2639,10:02:52,$ 3558.74,100
2640,10:02:51,$ 3558.42,100
2641,10:02:28,$ 3558.48,100
2642,10:02:14,$ 3559.99,100
2643,10:01:47,$ 3558.795,150
2645,10:01:40,$ 3558.795,100
2646,10:01:38,$ 3558.31,100
2647,10:01:35,$ 3557.165,102
2648,10:01:32,$ 3556.6479,100
2649,10:01:28,$ 3557.24,136
2650,10:01:28,$ 3556.95,100
2651,10:01:28,$ 3556.53,100
2652,10:01:28,$ 3556.34,100
2653,10:01:28,$ 3556.20,100
2654,10:01:23,$ 3556.06,100
2655,10:01:22,$ 3555.1201,100
2656,10:01:19,$ 3555.845,100
2657,10:01:18,$ 3555.08,100
2658,10:01:16,$ 3555.0046,221
2659,10:01:16,$ 3555.32,280
2660,10:01:15,$ 3556.275,101
2661,10:01:13,$ 3557.10,100
2662,10:01:10,$ 3558.0099,100
2663,10:01:08,$ 3557.00,106
2664,10:01:00,$ 3556.27,100
2666,10:01:00,$ 3556.85,100
2667,10:01:00,$ 3556.89,100
2668,10:00:59,$ 3557.0099,100
2669,10:00:59,$ 3555.83,100
2670,10:00:59,$ 3556.72,100
2671,10:00:59,$ 3556.72,100
2672,10:00:56,$ 3557.01,194
2673,10:00:55,$ 3555.55,100
2674,10:00:54,$ 3555.66,100
2675,10:00:53,$ 3556.19,100
2676,10:00:53,$ 3556.11,100
2677,10:00:52,$ 3558.01,100
2678,10:00:52,$ 3558.00,100
2679,10:00:52,$ 3558.98,101
2680,10:00:50,$ 3558.095,100
2681,10:00:49,$ 3558.03,100
2682,10:00:49,$ 3558.39,200
2683,10:00:49,$ 3558.03,100
2684,10:00:48,$ 3558.99,100
2685,10:00:44,$ 3558.55,100
2687,10:00:44,$ 3558.62,100
2688,10:00:44,$ 3558.62,100
2689,10:00:44,$ 3558.62,100
2690,10:00:44,$ 3558.51,100
2691,10:00:44,$ 3559.00,100
2692,10:00:44,$ 3559.00,100
2693,10:00:44,$ 3559.00,140
2694,10:00:44,$ 3559.07,100
2695,10:00:44,$ 3559.00,225
2696,10:00:39,$ 3559.83,100
2697,10:00:39,$ 3560.14,100
2698,10:00:39,$ 3559.36,100
2699,10:00:38,$ 3560.00,100
2700,10:00:38,$ 3561.01,100
2701,10:00:38,$ 3561.00,106
2702,10:00:38,$ 3561.00,144
2703,10:00:38,$ 3561.31,280
2704,10:00:38,$ 3561.01,315
2705,10:00:38,$ 3561.61,100
2706,10:00:29,$ 3563.1325,100
2708,10:00:29,$ 3563.1325,100
2709,10:00:24,$ 3562.4368,100
2710,10:00:21,$ 3563.00,100
2711,10:00:14,$ 3564.23,100
2712,10:00:11,$ 3564.10,498
2713,10:00:05,$ 3565.84,100
2714,10:00:02,$ 3566.77,100
2716,10:59:07,$ 3565.21,100
2717,10:59:01,$ 3564.82,100
2718,10:59:01,$ 3565.70,100
2719,10:59:00,$ 3566.10,100
2720,10:58:09,$ 3563.6101,300
2721,10:57:38,$ 3566.405,200
2722,10:57:37,$ 3566.761,100
2723,10:57:37,$ 3566.74,100
2724,10:57:37,$ 3566.75,100
2725,10:56:46,$ 3566.8999,100
2726,10:56:27,$ 3564.66,100
2727,10:56:27,$ 3567.48,109
2728,10:56:27,$ 3567.01,100
2729,10:56:27,$ 3567.66,100
2730,10:56:27,$ 3569.32,100
2731,10:56:09,$ 3568.845,300
2732,10:55:32,$ 3565.955,150
2733,10:55:20,$ 3564.75,100
2734,10:55:16,$ 3564.93,100
2735,10:55:12,$ 3565.00,100
2737,10:55:05,$ 3564.50,189
2738,10:55:01,$ 3564.10,478
2739,10:55:01,$ 3564.27,100
2740,10:55:01,$ 3564.26,100
2741,10:54:59,$ 3565.47,100
2742,10:54:59,$ 3565.40,100
2743,10:54:59,$ 3565.22,100
2744,10:54:59,$ 3565.16,100
2745,10:54:57,$ 3566.64,100
2746,10:54:57,$ 3567.14,100
2747,10:54:57,$ 3567.12,100
2748,10:54:47,$ 3568.44,100
2749,10:54:47,$ 3568.53,100
2750,10:54:47,$ 3568.34,100
2751,10:54:37,$ 3567.91,100
2752,10:54:27,$ 3567.70,100
2753,10:54:19,$ 3567.90,100
2754,10:54:16,$ 3567.69,100
2755,10:54:14,$ 3567.64,100
2756,10:54:09,$ 3567.065,100
2758,10:54:07,$ 3568.00,100
2759,10:54:01,$ 3567.08,100
2760,10:53:57,$ 3565.7445,300
2761,10:53:51,$ 3565.47,100
2762,10:53:51,$ 3565.47,100
2763,10:53:50,$ 3565.85,100
2764,10:53:50,$ 3565.84,100
2765,10:53:49,$ 3566.01,100
2766,10:53:49,$ 3567.01,100
2767,10:53:49,$ 3566.99,189
2768,10:53:49,$ 3567.21,100
2769,10:53:49,$ 3567.21,100
2770,10:53:49,$ 3567.22,100
2771,10:53:49,$ 3567.43,100
2772,10:53:49,$ 3567.60,100
2773,10:53:49,$ 3567.61,100
2774,10:53:49,$ 3567.86,100
2775,10:53:49,$ 3567.87,100
2776,10:53:49,$ 3568.10,100
2777,10:53:49,$ 3569.01,105
2779,10:53:43,$ 3569.65,100
2780,10:53:05,$ 3571.07,100
2781,10:53:01,$ 3571.8168,100
2782,10:52:41,$ 3570.77,100
2783,10:52:22,$ 3570.8161,109
2784,10:51:29,$ 3568.00,"1,595"
2785,10:51:28,$ 3568.86,100
2786,10:51:24,$ 3570.0899,100
2787,10:51:12,$ 3568.6576,100
2788,10:51:10,$ 3569.17,100
2789,10:51:10,$ 3569.17,100
2790,10:51:09,$ 3569.17,141
2791,10:51:08,$ 3569.18,100
2792,10:51:07,$ 3569.18,106
2793,10:51:07,$ 3569.18,106
2794,10:51:07,$ 3569.18,106
2795,10:51:07,$ 3569.18,106
2796,10:51:07,$ 3569.18,106
2797,10:51:05,$ 3569.18,106
2798,10:51:04,$ 3568.43,100
2800,10:51:04,$ 3568.43,194
2801,10:51:04,$ 3569.13,100
2802,10:51:04,$ 3569.19,100
2803,10:51:04,$ 3569.19,100
2804,10:51:04,$ 3569.52,100
2805,10:51:02,$ 3570.63,100
2806,10:51:02,$ 3571.58,100
2807,10:50:36,$ 3571.2569,100
2808,10:50:35,$ 3570.79,100
2809,10:50:28,$ 3571.20,100
2810,10:50:28,$ 3571.22,100
2811,10:50:24,$ 3571.07,100
2812,10:50:20,$ 3571.025,120
2813,10:50:20,$ 3570.00,100
2814,10:50:20,$ 3571.56,100
2815,10:50:11,$ 3573.08,100
2816,10:50:11,$ 3573.90,100
2817,10:50:11,$ 3573.94,100
2818,10:49:59,$ 3574.20,100
2819,10:49:59,$ 3574.76,101
2821,10:49:59,$ 3574.77,100
2822,10:49:59,$ 3575.24,100
2823,10:49:59,$ 3575.14,100
2824,10:49:59,$ 3575.36,101
2825,10:49:59,$ 3575.60,100
2826,10:49:59,$ 3575.60,100
2827,10:49:59,$ 3575.56,100
2828,10:49:59,$ 3575.55,100
2829,10:49:59,$ 3576.49,100
2830,10:49:40,$ 3579.09,100
2831,10:49:25,$ 3577.99,100
2832,10:49:05,$ 3577.40,100
2833,10:49:00,$ 3576.68,200
2834,10:48:54,$ 3577.45,100
2835,10:48:46,$ 3578.00,100
2836,10:48:26,$ 3577.01,100
2837,10:48:20,$ 3577.46,100
2838,10:47:57,$ 3575.90,100
2839,10:47:19,$ 3575.09,100
2840,10:47:14,$ 3575.06,100
2842,10:47:01,$ 3574.44,100
2843,10:46:50,$ 3575.33,100
2844,10:46:50,$ 3575.17,100
2845,10:45:24,$ 3574.6551,368
2846,10:45:21,$ 3574.22,257
2847,10:45:17,$ 3575.48,100
2848,10:44:58,$ 3574.00,100
2849,10:44:58,$ 3574.00,100
2850,10:44:58,$ 3574.00,124
2851,10:44:37,$ 3575.035,100
2852,10:44:32,$ 3573.7674,100
2853,10:44:25,$ 3575.00,143
2854,10:44:25,$ 3575.00,100
2855,10:44:25,$ 3575.0301,100
2856,10:44:23,$ 3576.00,100
2857,10:44:16,$ 3576.01,100
2858,10:44:04,$ 3577.757,250
2859,10:43:44,$ 3578.44,100
2860,10:43:44,$ 3578.63,200
2861,10:43:06,$ 3580.00,150
2863,10:43:00,$ 3580.05,100
2864,10:42:41,$ 3581.44,100
2865,10:42:27,$ 3581.485,100
2866,10:41:28,$ 3582.34,100
2867,10:41:28,$ 3582.34,100
2868,10:41:28,$ 3582.34,100
2869,10:41:28,$ 3582.26,100
2870,10:41:09,$ 3580.33,100
2871,10:41:08,$ 3580.0001,150
2872,10:40:35,$ 3580.37,100
2873,10:40:35,$ 3581.02,100
2874,10:39:37,$ 3579.50,100
2875,10:39:12,$ 3578.65,100
2876,10:39:11,$ 3577.6329,100
2877,10:39:04,$ 3578.4112,100
2878,10:38:50,$ 3578.405,100
2879,10:38:46,$ 3577.72,100
2880,10:37:53,$ 3580.00,100
2881,10:37:41,$ 3580.2464,100
2882,10:37:35,$ 3580.0001,150
2884,10:37:10,$ 3579.965,109
2885,10:36:58,$ 3580.5924,120
2886,10:36:51,$ 3579.052,279
2887,10:36:51,$ 3579.35,162
2888,10:36:50,$ 3579.55,100
2889,10:36:50,$ 3580.02,100
2890,10:36:50,$ 3580.00,100
2891,10:36:50,$ 3580.00,103
2892,10:36:21,$ 3582.88,130
2893,10:36:20,$ 3581.41,100
2894,10:35:59,$ 3581.83,200
2895,10:35:57,$ 3580.7297,"1,214"
2896,10:35:57,$ 3582.011,200
2897,10:35:26,$ 3582.715,100
2898,10:35:26,$ 3582.5169,350
2899,10:35:22,$ 3580.29,100
2900,10:35:18,$ 3580.80,100
2901,10:35:18,$ 3580.74,100
2902,10:35:17,$ 3581.265,500
2903,10:35:16,$ 3581.735,100
2905,10:35:13,$ 3580.985,500
2906,10:35:12,$ 3581.62,100
2907,10:35:12,$ 3580.765,100
2908,10:35:08,$ 3580.00,299
2909,10:35:03,$ 3579.00,100
2910,10:34:57,$ 3579.625,154
2911,10:34:55,$ 3580.42,100
2912,10:34:43,$ 3579.91,100
2913,10:34:39,$ 3579.99,100
2914,10:34:26,$ 3578.01,100
2915,10:34:26,$ 3578.52,100
2916,10:34:25,$ 3578.00,100
2917,10:34:25,$ 3577.185,109
2918,10:34:19,$ 3577.99,100
2919,10:34:19,$ 3577.94,100
2920,10:34:00,$ 3576.43,100
2921,10:34:00,$ 3576.74,100
2922,10:33:42,$ 3577.92,100
2923,10:33:42,$ 3578.02,198
2924,10:33:42,$ 3577.22,106
2926,10:33:42,$ 3577.22,100
2927,10:33:42,$ 3577.23,120
2928,10:33:38,$ 3577.22,194
2929,10:33:35,$ 3577.9173,100
2930,10:33:26,$ 3576.4301,100
2931,10:33:22,$ 3577.125,100
2932,10:32:59,$ 3578.315,100
2933,10:32:43,$ 3578.5001,175
2934,10:32:35,$ 3579.2402,110
2935,10:32:25,$ 3579.635,100
2936,10:32:24,$ 3579.03,100
2937,10:32:18,$ 3579.1241,205
2938,10:32:13,$ 3580.01,100
2939,10:32:05,$ 3580.545,109
2940,10:32:04,$ 3579.995,100
2941,10:32:01,$ 3579.5262,310
2942,10:31:57,$ 3579.995,100
2943,10:31:54,$ 3580.6199,480
2944,10:31:45,$ 3579.585,840
2945,10:31:41,$ 3580.21,200
2947,10:31:38,$ 3579.945,100
2948,10:31:38,$ 3579.89,100
2949,10:31:35,$ 3578.9999,100
2950,10:31:33,$ 3579.14,100
2951,10:31:33,$ 3579.19,100
2952,10:31:33,$ 3578.71,100
2953,10:31:33,$ 3578.93,100
2954,10:31:14,$ 3575.47,100
2955,10:31:11,$ 3577.4499,200
2956,10:31:10,$ 3576.48,100
2957,10:31:06,$ 3574.85,100
2958,10:30:09,$ 3571.42,100
2959,10:30:02,$ 3570.715,100
2961,11:29:36,$ 3560.45,156
2962,11:29:36,$ 3560.45,100
2963,11:29:36,$ 3560.45,100
2964,11:29:36,$ 3560.48,100
2965,11:28:20,$ 3562.07,100
2966,11:28:18,$ 3562.50,100
2967,11:27:44,$ 3561.64,100
2968,11:27:26,$ 3560.97,100
2969,11:27:20,$ 3560.57,269
2970,11:26:56,$ 3561.3075,100
2971,11:26:54,$ 3561.85,100
2972,11:26:54,$ 3561.85,100
2973,11:26:54,$ 3561.85,100
2974,11:26:50,$ 3562.1282,100
2975,11:26:43,$ 3561.81,100
2976,11:26:43,$ 3562.54,100
2977,11:26:27,$ 3562.1642,199
2978,11:25:50,$ 3562.52,100
2979,11:25:45,$ 3563.12,100
2980,11:25:44,$ 3562.45,100
2982,11:25:44,$ 3562.47,100
2983,11:25:32,$ 3561.58,100
2984,11:25:32,$ 3561.54,100
2985,11:25:17,$ 3560.00,100
2986,11:25:17,$ 3560.45,100
2987,11:25:17,$ 3560.45,100
2988,11:25:17,$ 3560.865,100
2989,11:25:15,$ 3561.01,100
2990,11:25:14,$ 3561.40,400
2991,11:25:14,$ 3561.72,100
2992,11:25:11,$ 3562.32,100
2993,11:24:56,$ 3562.9999,100
2994,11:23:34,$ 3561.40,100
2995,11:23:33,$ 3561.38,100
2996,11:23:31,$ 3560.45,100
2997,11:23:30,$ 3560.7048,103
2998,11:22:44,$ 3559.83,100
2999,11:22:38,$ 3558.17,100
3000,11:22:21,$ 3559.22,100
3001,11:22:21,$ 3559.58,100
3003,11:22:15,$ 3559.70,100
3004,11:22:14,$ 3561.00,100
3005,11:22:14,$ 3561.00,100
3006,11:22:14,$ 3560.99,100
3007,11:22:11,$ 3560.18,108
3008,11:22:11,$ 3561.03,100
3009,11:21:58,$ 3561.54,100
3010,11:21:52,$ 3563.00,100
3011,11:21:52,$ 3563.00,100
3012,11:21:51,$ 3563.00,100
3013,11:21:51,$ 3563.00,100
3014,11:21:47,$ 3563.05,100
3015,11:21:47,$ 3563.00,110
3016,11:21:46,$ 3562.75,100
3017,11:21:46,$ 3563.01,100
3018,11:21:46,$ 3563.01,100
3019,11:21:40,$ 3563.00,200
3020,11:21:40,$ 3563.00,100
3021,11:21:40,$ 3563.00,100
3022,11:21:35,$ 3564.13,100
3024,11:21:34,$ 3563.17,100
3025,11:21:34,$ 3563.17,200
3026,11:21:34,$ 3563.17,100
3027,11:21:33,$ 3563.18,100
3028,11:21:32,$ 3563.92,100
3029,11:21:18,$ 3566.32,100
3030,11:21:04,$ 3566.22,100
3031,11:20:52,$ 3568.25,100
3032,11:20:52,$ 3568.03,100
3033,11:20:52,$ 3568.02,100
3034,11:20:46,$ 3569.63,110
3035,11:20:46,$ 3569.42,100
3036,11:20:46,$ 3569.69,100
3037,11:20:46,$ 3569.63,100
3038,11:20:46,$ 3569.40,100
3039,11:20:41,$ 3571.27,100
3040,11:20:40,$ 3571.59,100
3041,11:20:40,$ 3571.59,100
3042,11:20:40,$ 3571.13,100
3043,11:20:40,$ 3571.13,100
3045,11:20:13,$ 3571.00,100
3046,11:20:12,$ 3571.09,100
3047,11:20:05,$ 3572.09,100
3048,11:19:58,$ 3571.80,100
3049,11:19:58,$ 3571.70,100
3050,11:19:55,$ 3572.35,100
3051,11:19:55,$ 3571.34,100
3052,11:19:55,$ 3570.45,100
3053,11:19:55,$ 3571.24,100
3054,11:19:55,$ 3569.82,101
3055,11:19:55,$ 3569.82,100
3056,11:19:55,$ 3569.81,100
3057,11:19:55,$ 3568.99,100
3058,11:19:55,$ 3568.98,100
3059,11:19:46,$ 3567.64,102
3060,11:18:27,$ 3566.52,100
3061,11:17:17,$ 3565.97,100
3062,11:17:08,$ 3567.29,873
3063,11:16:50,$ 3567.00,565
3064,11:16:45,$ 3567.85,"2,284"
3066,11:16:31,$ 3567.32,100
3067,11:16:28,$ 3567.00,100
3068,11:16:27,$ 3566.94,100
3069,11:16:08,$ 3566.9899,100
3070,11:14:27,$ 3565.98,100
3071,11:14:27,$ 3565.89,100
3072,11:13:28,$ 3564.52,100
3073,11:13:26,$ 3563.675,100
3074,11:13:21,$ 3564.89,100
3075,11:13:21,$ 3566.55,100
3076,11:13:21,$ 3567.51,100
3077,11:12:39,$ 3568.24,100
3078,11:12:32,$ 3568.045,100
3079,11:12:28,$ 3568.73,100
3080,11:12:25,$ 3567.13,192
3081,11:12:20,$ 3568.855,145
3082,11:12:18,$ 3569.0591,173
3083,11:12:18,$ 3569.0591,229
3084,11:11:50,$ 3571.1914,100
3085,11:11:42,$ 3570.37,100
3087,11:11:34,$ 3569.99,"1,500"
3088,11:11:24,$ 3569.57,100
3089,11:10:47,$ 3569.00,100
3090,11:09:58,$ 3569.46,100
3091,11:09:56,$ 3568.4373,180
3092,11:09:50,$ 3569.56,100
3093,11:09:20,$ 3569.67,100
3094,11:08:44,$ 3567.48,100
3095,11:08:44,$ 3567.56,100
3096,11:08:35,$ 3567.52,100
3097,11:08:31,$ 3569.06,100
3098,11:08:22,$ 3568.7968,200
3099,11:08:17,$ 3569.215,100
3100,11:08:17,$ 3569.7699,300
3101,11:08:15,$ 3567.11,100
3102,11:08:07,$ 3565.99,100
3103,11:06:54,$ 3563.80,100
3104,11:06:54,$ 3563.71,100
3105,11:06:54,$ 3563.66,100
3106,11:06:41,$ 3565.3312,100
3108,11:06:31,$ 3563.6201,200
3109,11:06:30,$ 3563.43,100
3110,11:06:30,$ 3564.16,100
3111,11:06:29,$ 3563.96,100
3112,11:06:19,$ 3564.00,300
3113,11:06:00,$ 3565.135,300
3114,11:05:34,$ 3566.4799,500
3115,11:05:12,$ 3565.9608,138
3116,11:05:06,$ 3565.54,100
3117,11:04:53,$ 3566.505,100
3118,11:04:50,$ 3565.53,100
3119,11:03:46,$ 3566.03,100
3120,11:03:11,$ 3567.8028,"1,000"
3121,11:03:03,$ 3568.28,110
3122,11:03:03,$ 3569.00,122
3123,11:02:16,$ 3569.00,100
3124,11:02:10,$ 3569.11,100
3125,11:02:05,$ 3569.075,186
3126,11:01:56,$ 3568.01,100
3127,11:01:50,$ 3568.41,132
3129,11:01:14,$ 3566.99,100
3130,11:01:14,$ 3567.00,190
3131,11:01:13,$ 3567.50,123
3132,11:01:13,$ 3567.50,197
3133,11:01:04,$ 3568.24,200
3134,11:01:03,$ 3568.50,184
3135,11:01:03,$ 3568.325,100
3136,11:01:00,$ 3567.25,100
3137,11:00:20,$ 3564.79,100
3138,11:00:14,$ 3566.07,100
3139,11:00:06,$ 3566.55,100
3141,11:59:59,$ 3563.7334,100
3142,11:58:36,$ 3562.70,100
3143,11:58:32,$ 3562.575,200
3144,11:58:29,$ 3562.4733,300
3145,11:58:20,$ 3562.0001,100
3146,11:58:01,$ 3562.37,100
3147,11:58:01,$ 3561.9786,843
3148,11:58:01,$ 3561.93,100
3149,11:58:01,$ 3562.52,100
3150,11:58:01,$ 3562.48,100
3151,11:57:49,$ 3562.815,111
3152,11:57:31,$ 3563.01,149
3153,11:57:29,$ 3562.61,274
3154,11:57:26,$ 3561.8388,100
3155,11:57:17,$ 3561.8824,195
3156,11:56:30,$ 3560.00,"1,000"
3157,11:56:02,$ 3559.53,100
3158,11:55:56,$ 3560.00,322
3159,11:55:53,$ 3560.465,100
3160,11:55:34,$ 3559.17,100
3162,11:55:34,$ 3559.17,118
3163,11:55:34,$ 3559.17,100
3164,11:55:34,$ 3558.00,100
3165,11:55:31,$ 3557.1325,249
3166,11:55:31,$ 3557.128,652
3167,11:54:54,$ 3557.01,100
3168,11:54:43,$ 3557.3822,125
3169,11:54:33,$ 3557.46,100
3170,11:54:19,$ 3557.74,200
3171,11:53:50,$ 3558.85,100
3172,11:53:19,$ 3556.71,100
3173,11:52:57,$ 3557.65,100
3174,11:52:56,$ 3557.36,100
3175,11:52:35,$ 3556.23,100
3176,11:52:29,$ 3556.35,100
3177,11:52:17,$ 3557.37,133
3178,11:52:00,$ 3556.84,113
3179,11:51:59,$ 3556.84,100
3180,11:51:39,$ 3556.80,200
3181,11:51:28,$ 3557.39,100
3183,11:51:27,$ 3557.46,100
3184,11:51:23,$ 3558.14,150
3185,11:49:02,$ 3558.54,100
3186,11:48:54,$ 3558.6899,100
3187,11:48:50,$ 3557.99,100
3188,11:48:50,$ 3557.953,182
3189,11:48:50,$ 3557.96,200
3190,11:48:50,$ 3557.44,100
3191,11:48:27,$ 3556.11,100
3192,11:48:27,$ 3556.10,137
3193,11:48:27,$ 3556.10,765
3194,11:48:20,$ 3556.63,100
3195,11:48:07,$ 3556.19,100
3196,11:48:02,$ 3556.20,100
3197,11:48:02,$ 3556.27,100
3198,11:48:02,$ 3556.26,100
3199,11:47:59,$ 3556.96,100
3200,11:47:41,$ 3558.38,100
3201,11:47:13,$ 3557.01,100
3202,11:47:02,$ 3558.07,100
3204,11:45:20,$ 3559.00,200
3205,11:45:20,$ 3558.71,100
3206,11:45:20,$ 3558.50,113
3207,11:44:31,$ 3559.2223,200
3208,11:44:30,$ 3558.53,100
3209,11:44:22,$ 3558.2679,100
3210,11:44:21,$ 3558.155,100
3211,11:44:20,$ 3558.93,100
3212,11:44:03,$ 3560.5499,100
3213,11:44:00,$ 3558.15,100
3214,11:43:56,$ 3558.56,100
3215,11:43:53,$ 3559.346,108
3216,11:43:52,$ 3560.16,100
3217,11:42:56,$ 3561.59,100
3218,11:42:15,$ 3562.32,100
3219,11:42:15,$ 3562.49,100
3220,11:41:49,$ 3561.165,132
3221,11:41:42,$ 3559.77,100
3222,11:40:52,$ 3561.81,100
3223,11:40:21,$ 3562.58,100
3225,11:39:20,$ 3562.04,100
3226,11:38:49,$ 3563.208,300
3227,11:38:27,$ 3563.50,100
3228,11:38:27,$ 3563.50,100
3229,11:38:27,$ 3563.51,100
3230,11:38:15,$ 3562.98,150
3231,11:37:49,$ 3564.34,100
3232,11:35:28,$ 3563.57,100
3233,11:35:06,$ 3561.89,100
3234,11:35:06,$ 3561.88,100
3235,11:34:54,$ 3561.97,100
3236,11:34:54,$ 3561.97,100
3237,11:34:54,$ 3561.97,100
3238,11:34:36,$ 3561.81,100
3239,11:33:45,$ 3560.406,200
3240,11:33:36,$ 3561.42,200
3241,11:33:33,$ 3561.9228,100
3242,11:33:07,$ 3561.42,130
3243,11:32:19,$ 3561.39,100
3244,11:32:15,$ 3561.3412,100
3246,11:32:10,$ 3562.07,100
3247,11:31:47,$ 3562.00,100
3248,11:31:43,$ 3561.97,100
3249,11:31:38,$ 3561.99,186
3250,11:31:32,$ 3560.52,100
3251,11:31:11,$ 3558.685,100
3252,11:31:11,$ 3559.32,100
3253,11:31:11,$ 3559.33,100
3254,11:31:11,$ 3559.46,333
3255,11:31:11,$ 3559.41,100
3257,12:29:45,$ 3557.5703,100
3258,12:29:36,$ 3555.9824,100
3259,12:29:10,$ 3556.3923,100
3260,12:29:05,$ 3556.16,600
3261,12:28:56,$ 3555.93,100
3262,12:28:47,$ 3555.54,107
3263,12:27:49,$ 3556.53,112
3264,12:27:47,$ 3555.94,200
3265,12:27:38,$ 3555.49,100
3266,12:27:27,$ 3556.34,100
3267,12:27:27,$ 3556.34,250
3268,12:26:12,$ 3557.72,100
3269,12:25:37,$ 3558.00,100
3270,12:25:29,$ 3557.55,100
3271,12:25:28,$ 3557.33,100
3272,12:24:02,$ 3558.85,100
3273,12:23:15,$ 3557.50,100
3274,12:23:11,$ 3558.15,112
3275,12:22:43,$ 3558.245,130
3276,12:22:12,$ 3557.46,100
3278,12:21:39,$ 3555.27,100
3279,12:21:09,$ 3555.8449,146
3280,12:21:06,$ 3555.45,100
3281,12:20:50,$ 3557.59,100
3282,12:20:42,$ 3558.06,100
3283,12:20:42,$ 3557.81,100
3284,12:20:37,$ 3557.655,100
3285,12:20:29,$ 3557.6866,134
3286,12:20:28,$ 3557.81,100
3287,12:19:51,$ 3559.49,200
3288,12:19:45,$ 3558.00,200
3289,12:19:41,$ 3558.37,100
3290,12:19:10,$ 3558.945,100
3291,12:17:49,$ 3559.61,100
3292,12:17:01,$ 3559.815,"2,000"
3293,12:15:58,$ 3557.04,100
3294,12:15:56,$ 3557.06,100
3295,12:15:35,$ 3558.24,100
3296,12:15:34,$ 3559.60,200
3297,12:15:32,$ 3558.83,100
3299,12:15:18,$ 3558.04,100
3300,12:15:18,$ 3558.50,400
3301,12:15:04,$ 3557.50,100
3302,12:15:04,$ 3557.985,100
3303,12:13:02,$ 3559.0001,100
3304,12:12:26,$ 3560.42,100
3305,12:12:26,$ 3560.56,100
3306,12:12:26,$ 3560.465,100
3307,12:11:41,$ 3562.1099,100
3308,12:10:29,$ 3563.9899,200
3309,12:10:04,$ 3561.6308,250
3310,12:09:52,$ 3562.90,100
3311,12:08:59,$ 3561.50,345
3312,12:07:10,$ 3561.50,100
3313,12:06:37,$ 3563.00,100
3314,12:02:54,$ 3560.965,200
3315,12:02:53,$ 3561.00,100
3316,12:01:43,$ 3561.465,100
3317,12:01:30,$ 3561.68,100
3319,12:59:57,$ 3548.97,"1,000"
3320,12:59:27,$ 3548.04,500
3321,12:59:26,$ 3548.00,100
3322,12:59:02,$ 3547.00,150
3323,12:58:58,$ 3545.4801,500
3324,12:58:47,$ 3546.332,102
3325,12:58:47,$ 3546.99,102
3326,12:58:47,$ 3546.332,100
3327,12:58:40,$ 3546.21,100
3328,12:58:36,$ 3546.41,500
3329,12:58:33,$ 3547.8247,718
3330,12:58:32,$ 3546.94,200
3331,12:57:55,$ 3546.73,100
3332,12:57:30,$ 3545.4264,100
3333,12:57:23,$ 3545.40,100
3334,12:57:19,$ 3545.05,100
3335,12:57:19,$ 3546.00,100
3336,12:57:19,$ 3546.00,100
3337,12:57:19,$ 3546.00,100
3338,12:57:17,$ 3547.0799,100
3340,12:57:17,$ 3546.025,100
3341,12:57:15,$ 3546.18,100
3342,12:57:14,$ 3546.835,100
3343,12:57:09,$ 3547.24,100
3344,12:56:59,$ 3547.23,100
3345,12:56:59,$ 3547.256,100
3346,12:56:46,$ 3547.26,100
3347,12:56:46,$ 3547.30,113
3348,12:56:21,$ 3548.7099,306
3349,12:56:00,$ 3548.99,100
3350,12:55:54,$ 3548.33,897
3351,12:55:40,$ 3548.789,200
3352,12:55:32,$ 3550.685,100
3353,12:55:22,$ 3550.7801,100
3354,12:55:19,$ 3550.97,100
3355,12:55:06,$ 3551.795,100
3356,12:55:06,$ 3551.72,100
3357,12:55:06,$ 3550.7901,200
3358,12:54:49,$ 3552.775,100
3359,12:54:33,$ 3553.50,100
3361,12:54:02,$ 3552.7301,500
3362,12:54:01,$ 3553.87,100
3363,12:52:13,$ 3554.5299,100
3364,12:52:04,$ 3553.09,100
3365,12:51:33,$ 3553.4099,500
3366,12:51:04,$ 3551.44,500
3367,12:50:16,$ 3551.955,200
3368,12:50:11,$ 3552.22,100
3369,12:50:00,$ 3552.8699,100
3370,12:49:48,$ 3552.1467,847
3371,12:49:48,$ 3552.1467,110
3372,12:49:48,$ 3551.76,100
3373,12:49:48,$ 3551.74,100
3374,12:49:33,$ 3551.745,100
3375,12:49:22,$ 3551.66,100
3376,12:49:21,$ 3551.66,100
3377,12:49:18,$ 3552.20,100
3378,12:49:18,$ 3552.22,100
3379,12:49:18,$ 3552.39,100
3380,12:49:18,$ 3551.66,100
3382,12:49:17,$ 3551.66,100
3383,12:49:04,$ 3551.655,100
3384,12:49:01,$ 3552.155,100
3385,12:49:01,$ 3552.24,188
3386,12:49:01,$ 3552.22,100
3387,12:48:46,$ 3552.37,100
3388,12:47:35,$ 3552.37,100
3389,12:47:35,$ 3552.58,100
3390,12:47:25,$ 3552.465,100
3391,12:47:23,$ 3552.63,100
3392,12:47:23,$ 3552.63,100
3393,12:47:00,$ 3553.7612,100
3394,12:46:51,$ 3554.37,100
3395,12:46:14,$ 3554.055,100
3396,12:45:55,$ 3553.995,100
3397,12:45:55,$ 3553.55,100
3398,12:45:50,$ 3554.14,100
3399,12:45:44,$ 3554.89,500
3400,12:45:32,$ 3554.51,100
3401,12:45:32,$ 3554.64,100
3403,12:45:32,$ 3554.64,100
3404,12:45:20,$ 3554.885,100
3405,12:45:20,$ 3554.885,100
3406,12:45:05,$ 3555.43,123
3407,12:45:00,$ 3555.6195,200
3408,12:44:49,$ 3555.315,500
3409,12:44:48,$ 3556.27,250
3410,12:44:42,$ 3556.195,100
3411,12:44:25,$ 3556.1501,110
3412,12:44:20,$ 3557.19,100
3413,12:44:04,$ 3556.05,100
3414,12:44:04,$ 3556.04,100
3415,12:43:58,$ 3556.00,100
3416,12:43:58,$ 3556.00,117
3417,12:43:58,$ 3556.02,100
3418,12:43:49,$ 3556.075,100
3419,12:43:45,$ 3555.32,100
3420,12:43:30,$ 3555.25,259
3421,12:43:23,$ 3555.2333,"1,038"
3422,12:43:23,$ 3554.995,100
3424,12:43:17,$ 3554.4103,100
3425,12:43:12,$ 3554.77,500
3426,12:43:10,$ 3554.9999,100
3427,12:42:44,$ 3554.2567,150
3428,12:42:15,$ 3553.50,100
3429,12:42:14,$ 3553.97,100
3430,12:42:13,$ 3553.8982,110
3431,12:42:13,$ 3553.60,100
3432,12:42:00,$ 3553.99,187
3433,12:41:48,$ 3552.52,100
3434,12:41:48,$ 3553.0001,200
3435,12:41:48,$ 3552.96,100
3436,12:41:08,$ 3552.96,100
3437,12:41:04,$ 3553.5599,500
3438,12:40:54,$ 3552.415,500
3439,12:40:37,$ 3551.74,100
3440,12:40:32,$ 3552.00,197
3441,12:40:14,$ 3551.125,300
3442,12:40:13,$ 3550.28,100
3443,12:40:13,$ 3551.00,100
3445,12:40:13,$ 3550.98,100
3446,12:40:12,$ 3549.5501,600
3447,12:40:11,$ 3549.55,235
3448,12:40:11,$ 3550.275,100
3449,12:40:03,$ 3549.75,100
3450,12:40:03,$ 3549.65,100
3451,12:39:59,$ 3550.00,300
3452,12:39:59,$ 3550.00,100
3453,12:39:59,$ 3550.01,100
3454,12:39:59,$ 3550.01,100
3455,12:39:57,$ 3550.5101,100
3456,12:39:57,$ 3550.51,100
3457,12:39:53,$ 3550.51,200
3458,12:39:51,$ 3551.055,100
3459,12:39:40,$ 3551.00,100
3460,12:39:40,$ 3550.79,100
3461,12:39:40,$ 3551.03,100
3462,12:39:34,$ 3551.40,300
3463,12:39:21,$ 3551.51,500
3464,12:38:57,$ 3552.53,100
3466,12:38:46,$ 3550.845,200
3467,12:38:40,$ 3550.35,250
3468,12:38:32,$ 3550.125,100
3469,12:38:32,$ 3550.145,200
3470,12:38:31,$ 3550.90,100
3471,12:38:28,$ 3551.9399,189
3472,12:38:28,$ 3551.94,100
3473,12:38:28,$ 3550.90,100
3474,12:38:28,$ 3551.00,100
3475,12:38:28,$ 3550.89,100
3476,12:38:28,$ 3551.025,100
3477,12:38:25,$ 3550.5201,718
3478,12:38:12,$ 3551.535,100
3479,12:38:04,$ 3551.24,100
3480,12:38:02,$ 3551.50,110
3481,12:38:02,$ 3551.50,100
3482,12:38:01,$ 3551.68,100
3483,12:38:01,$ 3551.6701,100
3484,12:37:43,$ 3552.00,100
3485,12:37:38,$ 3552.22,100
3487,12:37:38,$ 3552.05,100
3488,12:37:38,$ 3552.22,100
3489,12:37:38,$ 3552.24,100
3490,12:37:37,$ 3552.22,100
3491,12:37:37,$ 3552.22,100
3492,12:37:37,$ 3552.24,100
3493,12:37:37,$ 3552.22,100
3494,12:37:37,$ 3552.22,100
3495,12:37:13,$ 3553.28,100
3496,12:37:09,$ 3554.0999,200
3497,12:37:08,$ 3553.65,200
3498,12:36:24,$ 3554.07,100
3499,12:36:23,$ 3554.01,100
3500,12:36:23,$ 3554.07,100
3501,12:36:23,$ 3554.09,100
3502,12:36:23,$ 3554.09,100
3503,12:36:23,$ 3554.00,100
3504,12:36:23,$ 3554.00,100
3505,12:36:23,$ 3554.01,100
3506,12:36:23,$ 3554.02,100
3508,12:36:23,$ 3554.01,100
3509,12:36:13,$ 3555.02,100
3510,12:35:41,$ 3553.905,300
3511,12:33:53,$ 3554.00,100
3512,12:33:53,$ 3554.00,100
3513,12:33:43,$ 3554.5907,200
3514,12:33:43,$ 3555.0875,100
3515,12:33:42,$ 3554.605,100
3516,12:33:39,$ 3554.05,149
3517,12:33:36,$ 3554.0101,100
3518,12:33:29,$ 3554.05,100
3519,12:33:27,$ 3555.00,100
3520,12:33:27,$ 3555.00,200
3521,12:33:27,$ 3555.00,125
3522,12:33:27,$ 3555.00,139
3523,12:33:27,$ 3555.18,100
3524,12:33:27,$ 3555.3781,115
3525,12:33:17,$ 3555.88,100
3526,12:32:46,$ 3556.365,100
3527,12:32:34,$ 3555.56,100
3529,12:32:24,$ 3556.0799,100
3530,12:31:48,$ 3557.115,100
3531,12:31:42,$ 3557.7364,100
3532,12:31:28,$ 3558.9399,480
3533,12:31:18,$ 3557.29,100
3534,12:31:14,$ 3557.8127,100
3536,13:28:55,$ 3559.08,100
3537,13:28:55,$ 3559.52,100
3538,13:28:55,$ 3560.318,279
3539,13:28:55,$ 3560.318,100
3540,13:28:42,$ 3559.08,100
3541,13:28:33,$ 3560.00,913
3542,13:28:16,$ 3559.357,279
3543,13:28:16,$ 3558.88,100
3544,13:26:54,$ 3557.9601,100
3545,13:26:48,$ 3558.99,100
3546,13:26:47,$ 3558.73,100
3547,13:26:46,$ 3557.7652,358
3548,13:26:08,$ 3560.2075,100
3549,13:25:53,$ 3560.515,100
3550,13:25:53,$ 3560.515,100
3551,13:25:53,$ 3560.515,100
3552,13:25:52,$ 3559.725,100
3553,13:25:37,$ 3559.77,100
3554,13:25:30,$ 3559.24,100
3555,13:25:30,$ 3560.78,100
3557,13:25:21,$ 3561.38,100
3558,13:25:19,$ 3560.4263,150
3559,13:24:49,$ 3561.3899,100
3560,13:24:49,$ 3561.3899,900
3561,13:24:46,$ 3560.65,500
3562,13:24:39,$ 3559.32,100
3563,13:24:15,$ 3561.2999,282
3564,13:24:14,$ 3559.96,100
3565,13:24:12,$ 3560.51,"1,800"
3566,13:24:12,$ 3560.51,100
3567,13:24:12,$ 3560.51,100
3568,13:23:52,$ 3559.62,100
3569,13:23:14,$ 3560.245,100
3570,13:23:05,$ 3558.77,100
3571,13:22:58,$ 3561.22,100
3572,13:22:31,$ 3559.275,500
3573,13:22:16,$ 3559.3918,200
3574,13:22:02,$ 3558.61,100
3575,13:22:02,$ 3558.65,100
3576,13:22:02,$ 3558.60,100
3578,13:21:57,$ 3557.035,100
3579,13:21:27,$ 3557.945,500
3580,13:21:13,$ 3557.50,100
3581,13:21:13,$ 3557.50,124
3582,13:21:13,$ 3557.50,100
3583,13:21:05,$ 3557.98,100
3584,13:21:00,$ 3558.00,565
3585,13:21:00,$ 3558.06,100
3586,13:20:51,$ 3558.98,100
3587,13:20:45,$ 3558.97,100
3588,13:20:04,$ 3555.535,200
3589,13:20:02,$ 3555.85,100
3590,13:20:02,$ 3556.62,100
3591,13:20:02,$ 3556.62,100
3592,13:20:02,$ 3555.72,100
3593,13:19:37,$ 3554.9856,500
3594,13:19:14,$ 3555.84,100
3595,13:19:07,$ 3555.91,100
3596,13:18:57,$ 3556.075,500
3597,13:18:55,$ 3555.99,100
3599,13:17:28,$ 3554.9311,400
3600,13:16:35,$ 3553.77,100
3601,13:16:09,$ 3554.77,100
3602,13:16:06,$ 3554.55,100
3603,13:16:00,$ 3553.79,100
3604,13:15:57,$ 3554.9327,251
3605,13:15:24,$ 3555.00,230
3606,13:14:41,$ 3555.62,100
3607,13:13:29,$ 3554.87,100
3608,13:13:29,$ 3555.00,100
3609,13:13:23,$ 3554.1668,100
3610,13:13:20,$ 3553.9867,161
3611,13:12:51,$ 3555.66,100
3612,13:12:51,$ 3556.31,100
3613,13:12:51,$ 3556.29,100
3614,13:12:35,$ 3556.99,100
3615,13:12:32,$ 3556.235,100
3616,13:12:32,$ 3556.579,145
3617,13:12:31,$ 3555.97,100
3618,13:12:31,$ 3555.96,100
3620,13:12:31,$ 3555.97,100
3621,13:12:21,$ 3553.485,100
3622,13:11:46,$ 3553.3077,300
3623,13:11:31,$ 3553.39,100
3624,13:11:12,$ 3553.01,100
3625,13:11:12,$ 3552.9899,100
3626,13:11:12,$ 3552.99,100
3627,13:10:32,$ 3552.378,500
3628,13:09:53,$ 3552.7101,100
3629,13:09:52,$ 3552.03,100
3630,13:09:50,$ 3552.8473,100
3631,13:09:50,$ 3553.13,100
3632,13:09:38,$ 3553.39,100
3633,13:09:04,$ 3552.05,100
3634,13:08:57,$ 3552.9999,100
3635,13:08:50,$ 3552.9999,200
3636,13:08:22,$ 3552.94,100
3637,13:08:22,$ 3552.99,100
3638,13:08:22,$ 3552.80,100
3639,13:08:20,$ 3551.7394,500
3641,13:08:16,$ 3552.00,200
3642,13:08:05,$ 3553.015,300
3643,13:08:04,$ 3552.2553,100
3644,13:08:04,$ 3553.02,362
3645,13:07:52,$ 3553.02,300
3646,13:07:52,$ 3552.71,100
3647,13:07:32,$ 3551.1693,100
3648,13:07:29,$ 3551.6699,500
3649,13:07:08,$ 3550.835,500
3650,13:06:52,$ 3550.08,500
3651,13:06:47,$ 3549.63,100
3652,13:06:47,$ 3549.61,100
3653,13:06:02,$ 3548.3365,300
3654,13:05:53,$ 3548.56,190
3655,13:05:36,$ 3548.00,147
3656,13:05:04,$ 3547.555,200
3657,13:05:02,$ 3547.7785,300
3658,13:04:34,$ 3547.0367,100
3659,13:03:44,$ 3545.4522,150
3660,13:03:08,$ 3544.695,500
3662,13:02:58,$ 3544.35,100
3663,13:02:41,$ 3544.95,100
3664,13:02:41,$ 3543.6415,176
3665,13:02:41,$ 3544.00,100
3666,13:02:40,$ 3544.00,100
3667,13:02:40,$ 3544.00,189
3668,13:02:40,$ 3544.00,100
3669,13:02:40,$ 3545.00,500
3670,13:02:27,$ 3545.51,100
3671,13:02:27,$ 3545.46,300
3672,13:02:27,$ 3545.585,100
3673,13:02:27,$ 3545.43,100
3674,13:02:27,$ 3545.43,100
3675,13:02:27,$ 3545.42,132
3676,13:02:25,$ 3546.025,100
3677,13:02:25,$ 3546.01,100
3678,13:02:10,$ 3548.00,100
3679,13:02:09,$ 3547.69,100
3680,13:02:09,$ 3548.00,100
3681,13:02:09,$ 3548.50,100
3683,13:02:09,$ 3548.50,128
3684,13:02:09,$ 3548.51,100
3685,13:01:26,$ 3549.18,100
3686,13:01:10,$ 3548.48,100
3687,13:00:46,$ 3548.62,500
3688,13:00:45,$ 3549.19,100
3689,13:00:29,$ 3549.61,100
3690,13:00:14,$ 3549.125,100
3692,13:59:25,$ 3561.2001,267
3693,13:59:05,$ 3561.29,123
3694,13:59:05,$ 3561.79,100
3695,13:58:43,$ 3562.58,100
3696,13:58:03,$ 3562.6436,100
3697,13:57:55,$ 3562.70,100
3698,13:57:54,$ 3562.55,100
3699,13:57:47,$ 3562.5058,500
3700,13:57:13,$ 3561.895,100
3701,13:56:57,$ 3561.10,100
3702,13:56:57,$ 3561.57,100
3703,13:56:03,$ 3562.55,100
3704,13:56:03,$ 3562.56,100
3705,13:56:02,$ 3562.1016,200
3706,13:55:34,$ 3561.5101,100
3707,13:55:33,$ 3562.245,300
3708,13:54:51,$ 3562.255,200
3709,13:54:19,$ 3562.10,100
3710,13:53:43,$ 3561.3301,100
3711,13:53:00,$ 3562.695,100
3713,13:52:57,$ 3563.3299,300
3714,13:52:55,$ 3561.77,100
3715,13:52:55,$ 3562.5991,150
3716,13:52:54,$ 3563.50,500
3717,13:52:42,$ 3561.7001,100
3718,13:52:34,$ 3564.4699,267
3719,13:52:13,$ 3564.5988,260
3720,13:52:04,$ 3564.00,100
3721,13:52:04,$ 3564.001,280
3722,13:52:04,$ 3564.01,116
3723,13:52:02,$ 3564.7263,137
3724,13:51:45,$ 3565.5748,100
3725,13:51:41,$ 3565.60,100
3726,13:51:27,$ 3565.395,100
3727,13:51:27,$ 3565.00,106
3728,13:51:27,$ 3565.00,118
3729,13:51:14,$ 3565.6117,139
3730,13:51:03,$ 3565.99,100
3731,13:50:54,$ 3565.38,100
3732,13:50:35,$ 3565.00,582
3734,13:50:35,$ 3565.00,100
3735,13:50:35,$ 3565.00,300
3736,13:50:31,$ 3564.98,100
3737,13:49:50,$ 3563.8892,100
3738,13:49:44,$ 3563.6801,500
3739,13:49:32,$ 3563.82,100
3740,13:49:22,$ 3562.67,100
3741,13:49:22,$ 3562.69,100
3742,13:49:00,$ 3562.765,100
3743,13:48:53,$ 3562.22,100
3744,13:48:21,$ 3563.64,100
3745,13:46:47,$ 3562.825,100
3746,13:46:27,$ 3562.2801,200
3747,13:46:09,$ 3562.8425,100
3748,13:46:08,$ 3562.845,100
3749,13:45:23,$ 3563.15,100
3750,13:45:18,$ 3562.2672,110
3751,13:44:59,$ 3563.00,100
3752,13:44:51,$ 3562.26,100
3753,13:44:34,$ 3562.825,500
3755,13:44:31,$ 3563.6139,501
3756,13:44:25,$ 3562.50,100
3757,13:44:15,$ 3563.5378,300
3758,13:44:12,$ 3563.04,100
3759,13:43:51,$ 3562.72,100
3760,13:43:49,$ 3562.853,141
3761,13:43:42,$ 3562.955,167
3762,13:43:34,$ 3562.315,100
3763,13:43:19,$ 3561.82,100
3764,13:43:18,$ 3562.00,100
3765,13:43:18,$ 3561.95,100
3766,13:43:16,$ 3561.23,300
3767,13:43:15,$ 3561.50,143
3768,13:43:15,$ 3561.49,100
3769,13:42:37,$ 3560.96,500
3770,13:42:36,$ 3561.4999,100
3771,13:42:24,$ 3561.4999,100
3772,13:42:23,$ 3561.3754,100
3773,13:42:22,$ 3560.96,500
3774,13:42:10,$ 3560.00,"1,800"
3776,13:42:10,$ 3559.98,100
3777,13:42:10,$ 3559.985,100
3778,13:41:27,$ 3558.90,100
3779,13:40:59,$ 3558.4339,100
3780,13:40:48,$ 3558.18,100
3781,13:40:29,$ 3558.735,100
3782,13:40:27,$ 3558.33,100
3783,13:39:49,$ 3559.3994,100
3784,13:39:26,$ 3559.38,100
3785,13:38:45,$ 3559.435,100
3786,13:38:15,$ 3558.45,100
3787,13:37:50,$ 3558.85,100
3788,13:37:24,$ 3559.00,"1,871"
3789,13:37:24,$ 3559.00,129
3790,13:36:46,$ 3557.69,100
3791,13:36:27,$ 3559.66,100
3792,13:35:50,$ 3558.855,100
3793,13:35:06,$ 3558.4378,100
3794,13:35:03,$ 3558.50,100
3795,13:34:49,$ 3559.24,183
3797,13:34:49,$ 3559.23,200
3798,13:33:23,$ 3560.385,100
3799,13:32:44,$ 3559.52,100
3800,13:32:17,$ 3559.835,100
3801,13:32:14,$ 3560.0923,100
3802,13:31:56,$ 3559.7197,100
3803,13:30:48,$ 3560.28,100
3804,13:30:43,$ 3560.605,500
3805,13:30:26,$ 3560.3511,199
3806,13:30:26,$ 3560.12,200
3808,14:29:10,$ 3561.1675,100
3809,14:28:54,$ 3560.73,100
3810,14:28:45,$ 3560.88,100
3811,14:27:31,$ 3560.9499,100
3812,14:27:23,$ 3558.88,200
3813,14:27:18,$ 3559.30,100
3814,14:27:07,$ 3559.74,100
3815,14:27:04,$ 3559.6801,100
3816,14:26:58,$ 3559.68,200
3817,14:26:54,$ 3560.10,100
3818,14:26:44,$ 3560.87,100
3819,14:26:28,$ 3560.67,200
3820,14:25:59,$ 3561.15,100
3821,14:25:59,$ 3561.13,100
3822,14:25:59,$ 3560.96,100
3823,14:24:05,$ 3560.70,100
3824,14:23:43,$ 3561.32,100
3825,14:23:43,$ 3561.32,100
3826,14:23:41,$ 3560.90,100
3827,14:23:41,$ 3561.17,100
3829,14:23:38,$ 3561.884,168
3830,14:23:00,$ 3559.88,200
3831,14:22:42,$ 3560.17,100
3832,14:22:36,$ 3559.645,100
3833,14:22:28,$ 3560.17,100
3834,14:22:24,$ 3560.17,122
3835,14:21:44,$ 3560.44,100
3836,14:21:34,$ 3560.61,100
3837,14:20:37,$ 3559.84,500
3838,14:20:26,$ 3559.74,100
3839,14:20:26,$ 3559.78,100
3840,14:20:26,$ 3559.79,100
3841,14:20:04,$ 3558.85,100
3842,14:19:52,$ 3558.57,250
3843,14:19:51,$ 3558.441,200
3844,14:19:47,$ 3559.40,100
3845,14:19:15,$ 3560.72,100
3846,14:18:29,$ 3562.02,100
3847,14:17:31,$ 3562.975,100
3848,14:17:25,$ 3562.975,100
3850,14:17:25,$ 3562.975,100
3851,14:17:19,$ 3563.63,100
3852,14:17:08,$ 3563.2301,100
3853,14:17:01,$ 3563.805,100
3854,14:16:10,$ 3564.00,100
3855,14:15:11,$ 3564.68,100
3856,14:15:05,$ 3565.225,100
3857,14:13:54,$ 3566.55,100
3858,14:13:30,$ 3565.50,100
3859,14:13:07,$ 3564.32,100
3860,14:12:50,$ 3565.5256,246
3861,14:12:50,$ 3564.895,100
3862,14:12:11,$ 3565.015,110
