,NLS Time (ET),NLS Price,NLS Share Volume
1,09:59:57,$ 3523.67,100
2,09:59:56,$ 3524.0433,500
3,09:59:54,$ 3524.4742,112
4,09:59:53,$ 3524.28,200
5,09:59:53,$ 3524.9196,100
6,09:59:53,$ 3524.28,100
7,09:59:53,$ 3524.28,100
8,09:59:41,$ 3523.7645,220
9,09:59:25,$ 3523.11,400
10,09:59:22,$ 3523.00,100
11,09:59:22,$ 3523.00,100
12,09:59:21,$ 3522.94,100
13,09:59:21,$ 3523.76,100
14,09:59:21,$ 3523.78,100
15,09:59:21,$ 3522.9944,100
16,09:59:19,$ 3523.7799,300
17,09:59:17,$ 3522.32,100
18,09:59:17,$ 3522.52,100
19,09:59:15,$ 3523.21,129
20,09:59:15,$ 3522.25,100
22,09:59:15,$ 3522.255,100
23,09:59:15,$ 3523.53,100
24,09:59:13,$ 3524.135,100
25,09:59:13,$ 3524.135,100
26,09:59:13,$ 3524.135,100
27,09:59:12,$ 3524.26,100
28,09:59:12,$ 3524.245,100
29,09:59:11,$ 3523.54,100
30,09:59:07,$ 3524.185,100
31,09:59:06,$ 3523.84,100
32,09:59:06,$ 3523.84,100
33,09:59:06,$ 3523.84,100
34,09:59:06,$ 3523.84,100
35,09:59:06,$ 3523.84,100
36,09:59:06,$ 3523.84,100
37,09:59:05,$ 3524.844,100
38,09:59:03,$ 3523.265,100
39,09:59:03,$ 3523.045,100
40,09:59:03,$ 3523.045,100
41,09:59:03,$ 3523.045,100
43,09:59:03,$ 3523.045,100
44,09:59:03,$ 3523.045,100
45,09:59:00,$ 3522.905,100
46,09:59:00,$ 3522.905,100
47,09:59:00,$ 3522.835,100
48,09:59:00,$ 3522.835,100
49,09:59:00,$ 3522.835,100
50,09:59:00,$ 3522.835,100
51,09:59:00,$ 3522.835,100
52,09:58:59,$ 3522.40,100
53,09:58:59,$ 3522.42,100
54,09:58:56,$ 3522.995,100
55,09:58:56,$ 3522.995,100
56,09:58:56,$ 3522.995,100
57,09:58:56,$ 3522.995,100
58,09:58:56,$ 3522.995,100
59,09:58:56,$ 3522.995,100
60,09:58:53,$ 3522.985,100
61,09:58:53,$ 3522.985,100
62,09:58:53,$ 3522.985,100
64,09:58:53,$ 3522.985,100
65,09:58:53,$ 3522.87,100
66,09:58:53,$ 3522.855,100
67,09:58:52,$ 3523.5399,200
68,09:58:51,$ 3523.32,100
69,09:58:51,$ 3523.51,100
70,09:58:51,$ 3523.44,100
71,09:58:51,$ 3523.22,200
72,09:58:45,$ 3523.3763,150
73,09:58:44,$ 3522.23,100
74,09:58:31,$ 3522.19,100
75,09:58:24,$ 3522.33,285
76,09:58:21,$ 3523.3516,250
77,09:58:05,$ 3522.1005,250
78,09:58:03,$ 3522.84,100
79,09:58:01,$ 3520.9875,100
80,09:58:01,$ 3521.88,100
81,09:58:00,$ 3520.96,150
82,09:57:53,$ 3520.235,100
83,09:57:47,$ 3518.795,100
85,09:57:44,$ 3518.74,100
86,09:57:43,$ 3519.22,100
87,09:57:42,$ 3519.22,150
88,09:57:34,$ 3520.06,100
89,09:57:34,$ 3520.07,100
90,09:57:32,$ 3519.1785,200
91,09:57:28,$ 3520.31,200
92,09:57:26,$ 3520.6619,100
93,09:57:24,$ 3520.46,100
94,09:57:24,$ 3520.67,100
95,09:57:24,$ 3520.68,200
96,09:57:24,$ 3520.72,203
97,09:57:16,$ 3519.54,230
98,09:57:16,$ 3520.27,200
99,09:57:09,$ 3518.745,100
100,09:57:03,$ 3517.86,100
101,09:57:03,$ 3517.88,100
102,09:57:03,$ 3517.83,200
103,09:57:03,$ 3517.83,100
104,09:57:02,$ 3518.23,100
106,09:57:01,$ 3518.78,100
107,09:57:01,$ 3518.77,100
108,09:57:01,$ 3518.77,100
109,09:57:01,$ 3518.775,100
110,09:57:01,$ 3519.50,100
111,09:57:01,$ 3519.96,100
112,09:57:01,$ 3519.96,100
113,09:57:01,$ 3519.96,100
114,09:56:59,$ 3520.26,200
115,09:56:53,$ 3521.15,100
116,09:56:51,$ 3522.7583,100
117,09:56:50,$ 3522.21,300
118,09:56:50,$ 3522.31,100
119,09:56:43,$ 3522.3472,100
120,09:56:40,$ 3522.58,100
121,09:56:27,$ 3521.8225,100
122,09:56:27,$ 3522.315,100
123,09:56:27,$ 3522.42,100
124,09:56:27,$ 3522.315,100
125,09:56:27,$ 3522.315,100
127,09:56:27,$ 3522.315,100
128,09:56:27,$ 3521.52,100
129,09:56:27,$ 3522.95,100
130,09:56:27,$ 3521.5375,100
131,09:56:27,$ 3521.5275,100
132,09:56:27,$ 3521.58,100
133,09:56:27,$ 3521.5525,100
134,09:56:25,$ 3522.80,100
135,09:56:25,$ 3522.90,100
136,09:56:25,$ 3522.22,100
137,09:56:25,$ 3521.3376,100
138,09:56:23,$ 3521.425,100
139,09:56:21,$ 3522.69,100
140,09:56:20,$ 3522.75,100
141,09:56:01,$ 3523.8776,350
142,09:55:58,$ 3523.68,100
143,09:55:46,$ 3525.36,243
144,09:55:36,$ 3524.09,100
145,09:55:35,$ 3524.036,100
146,09:55:35,$ 3524.092,100
148,09:55:34,$ 3524.83,100
149,09:55:34,$ 3524.94,100
150,09:55:23,$ 3522.00,100
151,09:55:23,$ 3521.85,100
152,09:55:19,$ 3521.3974,100
153,09:55:17,$ 3520.9054,300
154,09:55:07,$ 3518.95,100
155,09:55:06,$ 3519.86,100
156,09:55:06,$ 3519.0391,100
157,09:55:06,$ 3519.0488,100
158,09:55:06,$ 3519.1185,100
159,09:55:06,$ 3519.41,100
160,09:55:06,$ 3519.36,100
161,09:55:06,$ 3519.10,100
162,09:55:05,$ 3520.15,100
163,09:55:05,$ 3520.19,100
164,09:55:05,$ 3520.21,100
165,09:55:04,$ 3520.94,400
166,09:55:04,$ 3520.27,100
167,09:55:04,$ 3520.27,100
169,09:55:01,$ 3520.235,100
170,09:54:53,$ 3520.6001,300
171,09:54:51,$ 3520.97,200
172,09:54:48,$ 3521.0648,100
173,09:54:45,$ 3522.1016,100
174,09:54:42,$ 3522.2474,135
175,09:54:35,$ 3521.71,100
176,09:54:35,$ 3521.60,100
177,09:54:34,$ 3521.09,100
178,09:54:34,$ 3521.075,100
179,09:54:34,$ 3521.15,100
180,09:54:34,$ 3522.29,100
181,09:54:17,$ 3522.745,100
182,09:54:06,$ 3523.135,300
183,09:53:50,$ 3523.1963,161
184,09:53:47,$ 3523.21,500
185,09:53:45,$ 3523.59,100
186,09:53:30,$ 3522.75,100
187,09:53:30,$ 3523.95,100
188,09:53:30,$ 3523.94,100
190,09:53:20,$ 3524.1565,129
191,09:53:20,$ 3524.1565,283
192,09:53:16,$ 3521.5601,100
193,09:53:09,$ 3521.23,100
194,09:53:07,$ 3521.4694,139
195,09:53:07,$ 3521.072,100
196,09:53:07,$ 3521.81,100
197,09:53:07,$ 3521.072,100
198,09:53:07,$ 3521.81,100
199,09:53:07,$ 3521.072,100
200,09:53:02,$ 3521.56,100
201,09:53:02,$ 3521.24,100
202,09:53:02,$ 3521.24,100
203,09:53:00,$ 3521.2999,100
204,09:52:55,$ 3521.405,100
205,09:52:54,$ 3520.405,200
206,09:52:45,$ 3521.63,100
207,09:52:45,$ 3522.595,100
208,09:52:43,$ 3522.975,400
209,09:52:39,$ 3522.76,100
211,09:52:38,$ 3522.76,100
212,09:52:32,$ 3522.56,100
213,09:52:32,$ 3522.58,100
214,09:52:28,$ 3521.0639,100
215,09:52:20,$ 3521.91,173
216,09:52:16,$ 3521.135,125
217,09:52:09,$ 3521.35,100
218,09:52:06,$ 3521.345,100
219,09:52:03,$ 3520.04,100
220,09:51:56,$ 3521.16,100
221,09:51:55,$ 3520.913,500
222,09:51:54,$ 3520.565,200
223,09:51:51,$ 3521.07,190
224,09:51:44,$ 3519.68,160
225,09:51:43,$ 3519.68,384
226,09:51:39,$ 3519.525,100
227,09:51:38,$ 3519.95,100
228,09:51:38,$ 3519.95,100
229,09:51:38,$ 3520.00,100
230,09:51:38,$ 3520.018,100
232,09:51:38,$ 3520.05,100
233,09:51:38,$ 3520.00,125
234,09:51:38,$ 3520.00,100
235,09:51:38,$ 3520.00,424
236,09:51:38,$ 3520.00,100
237,09:51:38,$ 3520.00,100
238,09:51:38,$ 3519.465,200
239,09:51:37,$ 3519.39,100
240,09:51:37,$ 3519.22,190
241,09:51:36,$ 3519.67,100
242,09:51:36,$ 3519.68,100
243,09:51:36,$ 3519.665,189
244,09:51:35,$ 3518.6776,100
245,09:51:34,$ 3518.72,178
246,09:51:34,$ 3518.71,100
247,09:51:32,$ 3518.13,196
248,09:51:30,$ 3518.73,200
249,09:51:25,$ 3517.865,100
250,09:51:25,$ 3517.98,100
251,09:51:23,$ 3518.00,400
253,09:51:23,$ 3518.00,784
254,09:51:23,$ 3518.00,100
255,09:51:23,$ 3518.00,185
256,09:51:23,$ 3518.00,100
257,09:51:23,$ 3518.00,100
258,09:51:23,$ 3518.00,376
259,09:51:23,$ 3517.81,100
260,09:51:17,$ 3516.58,100
261,09:51:17,$ 3516.67,100
262,09:51:17,$ 3516.68,100
263,09:51:17,$ 3516.68,100
264,09:51:16,$ 3515.85,100
265,09:51:11,$ 3516.37,100
266,09:51:01,$ 3517.17,125
267,09:51:01,$ 3517.17,100
268,09:51:01,$ 3516.81,100
269,09:51:01,$ 3516.81,100
270,09:51:00,$ 3516.79,100
271,09:50:58,$ 3516.45,100
272,09:50:47,$ 3514.5901,100
274,09:50:38,$ 3516.34,100
275,09:50:37,$ 3515.57,100
276,09:50:35,$ 3515.13,371
277,09:50:33,$ 3514.925,100
278,09:50:33,$ 3514.945,100
279,09:50:14,$ 3514.0705,185
280,09:50:12,$ 3514.025,100
281,09:49:58,$ 3514.33,100
282,09:49:52,$ 3514.1987,500
283,09:49:51,$ 3514.62,100
284,09:49:48,$ 3515.10,100
285,09:49:44,$ 3514.515,100
286,09:49:43,$ 3515.585,100
287,09:49:43,$ 3517.00,100
288,09:49:39,$ 3516.2153,200
289,09:49:33,$ 3516.9454,138
290,09:49:31,$ 3517.085,100
291,09:49:29,$ 3517.27,100
292,09:49:18,$ 3517.3697,100
293,09:49:14,$ 3516.8101,100
295,09:49:13,$ 3517.97,100
296,09:49:12,$ 3516.95,100
297,09:49:12,$ 3517.39,100
298,09:49:08,$ 3516.8938,200
299,09:49:06,$ 3516.915,100
300,09:49:03,$ 3516.69,100
301,09:49:02,$ 3516.68,100
302,09:48:59,$ 3516.6259,100
303,09:48:55,$ 3516.50,100
304,09:48:53,$ 3517.9599,100
305,09:48:50,$ 3516.01,100
306,09:48:48,$ 3516.74,430
307,09:48:48,$ 3515.28,100
308,09:48:42,$ 3515.00,100
309,09:48:42,$ 3514.48,100
310,09:48:41,$ 3513.26,100
311,09:48:39,$ 3514.29,100
312,09:48:39,$ 3514.215,100
313,09:48:39,$ 3514.195,100
314,09:48:38,$ 3513.5424,500
316,09:48:36,$ 3512.88,100
317,09:48:36,$ 3513.00,100
318,09:48:17,$ 3510.90,100
319,09:48:12,$ 3511.04,676
320,09:48:03,$ 3511.40,200
321,09:48:03,$ 3510.70,300
322,09:47:59,$ 3511.2893,100
323,09:47:53,$ 3510.92,100
324,09:47:49,$ 3511.25,100
325,09:47:36,$ 3512.44,270
326,09:47:34,$ 3511.989,118
327,09:47:16,$ 3511.46,100
328,09:47:12,$ 3510.215,100
329,09:47:06,$ 3509.92,100
330,09:47:00,$ 3510.43,100
331,09:46:59,$ 3510.74,100
332,09:46:59,$ 3511.06,199
333,09:46:59,$ 3511.02,100
334,09:46:57,$ 3511.2769,100
335,09:46:57,$ 3511.86,100
337,09:46:56,$ 3511.51,100
338,09:46:54,$ 3512.88,100
339,09:46:54,$ 3512.88,100
340,09:46:54,$ 3512.5666,107
341,09:46:54,$ 3512.5666,"1,792"
342,09:46:54,$ 3512.5666,101
343,09:46:50,$ 3512.00,100
344,09:46:48,$ 3511.508,500
345,09:46:45,$ 3511.62,100
346,09:46:43,$ 3511.00,100
347,09:46:41,$ 3510.46,100
348,09:46:32,$ 3510.00,214
349,09:46:31,$ 3509.44,100
350,09:46:30,$ 3508.505,100
351,09:46:30,$ 3508.505,100
352,09:46:26,$ 3508.65,200
353,09:46:25,$ 3508.40,326
354,09:46:23,$ 3507.9133,"1,600"
355,09:46:22,$ 3507.92,100
356,09:46:21,$ 3507.525,100
358,09:46:11,$ 3506.16,100
359,09:46:11,$ 3506.402,200
360,09:45:51,$ 3508.40,100
361,09:45:51,$ 3508.37,100
362,09:45:48,$ 3509.375,100
363,09:45:48,$ 3509.365,100
364,09:45:46,$ 3507.935,100
365,09:45:46,$ 3507.99,100
366,09:45:46,$ 3508.00,100
367,09:45:46,$ 3508.23,100
368,09:45:44,$ 3506.49,204
369,09:45:42,$ 3506.0248,539
370,09:45:31,$ 3504.34,100
371,09:45:19,$ 3503.261,100
372,09:45:17,$ 3503.13,100
373,09:45:16,$ 3503.47,100
374,09:45:05,$ 3501.40,100
375,09:45:02,$ 3501.36,100
376,09:45:02,$ 3501.51,100
377,09:44:59,$ 3501.08,154
379,09:44:59,$ 3501.29,100
380,09:44:57,$ 3501.82,135
381,09:44:51,$ 3501.81,100
382,09:44:37,$ 3501.50,100
383,09:44:35,$ 3502.42,100
384,09:43:58,$ 3502.33,100
385,09:43:56,$ 3503.45,100
386,09:43:51,$ 3502.49,100
387,09:43:38,$ 3501.47,100
388,09:43:38,$ 3501.52,100
389,09:43:32,$ 3502.50,100
390,09:43:20,$ 3502.63,100
391,09:43:19,$ 3504.05,150
392,09:42:54,$ 3505.665,113
393,09:42:54,$ 3506.29,200
394,09:42:48,$ 3504.92,100
395,09:42:48,$ 3504.98,100
396,09:42:45,$ 3503.515,100
397,09:42:44,$ 3503.66,100
398,09:42:34,$ 3502.59,100
400,09:42:30,$ 3502.255,100
401,09:42:17,$ 3503.22,100
402,09:42:16,$ 3503.68,100
403,09:42:09,$ 3502.745,100
404,09:41:49,$ 3503.57,100
405,09:41:49,$ 3502.5313,160
406,09:41:48,$ 3502.54,100
407,09:41:44,$ 3502.3424,500
408,09:41:37,$ 3502.04,100
409,09:41:37,$ 3502.04,100
410,09:41:29,$ 3501.925,100
411,09:41:25,$ 3500.725,100
412,09:41:25,$ 3501.75,100
413,09:41:25,$ 3501.75,100
414,09:41:22,$ 3501.4381,100
415,09:41:20,$ 3500.22,100
416,09:41:20,$ 3499.875,100
417,09:41:20,$ 3499.84,200
418,09:41:20,$ 3500.08,100
419,09:41:20,$ 3500.30,100
421,09:41:20,$ 3499.985,200
422,09:41:20,$ 3500.31,100
423,09:41:20,$ 3500.31,100
424,09:41:20,$ 3500.215,100
425,09:41:20,$ 3499.60,100
426,09:41:09,$ 3500.00,150
427,09:41:09,$ 3500.90,100
428,09:40:48,$ 3502.3422,100
429,09:40:47,$ 3501.36,100
430,09:40:42,$ 3502.535,100
431,09:40:41,$ 3502.55,100
432,09:40:41,$ 3502.52,100
433,09:40:39,$ 3502.265,100
434,09:40:33,$ 3503.35,100
435,09:40:23,$ 3504.34,100
436,09:40:13,$ 3504.49,100
437,09:40:12,$ 3504.17,100
438,09:40:12,$ 3504.17,100
439,09:40:12,$ 3505.59,184
440,09:40:12,$ 3505.59,100
442,09:40:12,$ 3505.59,100
443,09:40:10,$ 3504.57,200
444,09:40:03,$ 3504.4025,100
445,09:40:03,$ 3504.403,100
446,09:40:02,$ 3505.94,100
447,09:40:02,$ 3505.01,100
448,09:40:02,$ 3505.505,100
449,09:40:02,$ 3505.94,100
450,09:39:59,$ 3505.94,100
451,09:39:49,$ 3506.715,100
452,09:39:48,$ 3506.725,100
453,09:39:44,$ 3506.25,100
454,09:39:43,$ 3505.8706,100
455,09:39:38,$ 3507.23,100
456,09:39:34,$ 3508.17,100
457,09:39:34,$ 3507.635,100
458,09:39:31,$ 3507.615,500
459,09:39:31,$ 3507.21,180
460,09:39:23,$ 3509.005,100
461,09:39:21,$ 3507.92,100
463,09:39:21,$ 3508.44,100
464,09:39:21,$ 3507.92,100
465,09:39:20,$ 3509.74,100
466,09:39:20,$ 3509.574,100
467,09:39:20,$ 3508.85,167
468,09:39:20,$ 3508.64,100
469,09:39:14,$ 3508.53,100
470,09:39:07,$ 3507.4162,100
471,09:39:04,$ 3508.24,100
472,09:39:03,$ 3508.80,100
473,09:39:03,$ 3508.50,100
474,09:39:01,$ 3508.80,100
475,09:39:00,$ 3508.80,200
476,09:39:00,$ 3508.60,100
477,09:38:59,$ 3509.125,100
478,09:38:56,$ 3510.00,100
479,09:38:56,$ 3510.00,104
480,09:38:56,$ 3510.00,100
481,09:38:56,$ 3510.00,100
482,09:38:56,$ 3510.00,169
484,09:38:55,$ 3508.845,100
485,09:38:54,$ 3509.58,150
486,09:38:50,$ 3509.00,100
487,09:38:50,$ 3507.88,100
488,09:38:50,$ 3508.84,100
489,09:38:48,$ 3507.53,100
490,09:38:48,$ 3506.59,200
491,09:38:46,$ 3506.95,100
492,09:38:46,$ 3507.015,100
493,09:38:46,$ 3507.02,100
494,09:38:46,$ 3506.985,100
495,09:38:45,$ 3507.57,285
496,09:38:45,$ 3507.51,100
497,09:38:45,$ 3505.037,150
498,09:38:40,$ 3507.53,100
499,09:38:36,$ 3506.997,100
500,09:38:33,$ 3505.915,100
501,09:38:30,$ 3505.855,100
502,09:38:27,$ 3505.00,100
503,09:38:27,$ 3505.995,100
505,09:38:20,$ 3505.965,150
506,09:38:15,$ 3504.9834,104
507,09:38:14,$ 3503.91,300
508,09:38:11,$ 3504.3333,285
509,09:38:11,$ 3504.3333,104
510,09:38:11,$ 3504.95,100
511,09:38:06,$ 3502.62,100
512,09:38:04,$ 3501.33,100
513,09:38:04,$ 3501.39,100
514,09:38:03,$ 3502.00,100
515,09:38:03,$ 3501.35,100
516,09:38:03,$ 3501.92,100
517,09:38:02,$ 3502.345,100
518,09:37:57,$ 3503.10,100
519,09:37:54,$ 3502.275,166
520,09:37:50,$ 3502.00,100
521,09:37:48,$ 3501.935,100
522,09:37:43,$ 3502.71,100
523,09:37:43,$ 3501.8438,200
524,09:37:42,$ 3501.945,100
526,09:37:42,$ 3502.6933,817
527,09:37:42,$ 3501.54,100
528,09:37:39,$ 3499.5197,100
529,09:37:39,$ 3500.30,100
530,09:37:34,$ 3498.765,200
531,09:37:34,$ 3498.765,100
532,09:37:33,$ 3498.29,100
533,09:37:33,$ 3498.745,100
534,09:37:32,$ 3498.745,200
535,09:37:32,$ 3498.68,100
536,09:37:32,$ 3498.7125,100
537,09:37:28,$ 3497.96,100
538,09:37:18,$ 3498.81,500
539,09:37:17,$ 3498.105,100
540,09:37:16,$ 3499.645,100
541,09:37:11,$ 3501.90,275
542,09:37:11,$ 3501.102,100
543,09:37:11,$ 3501.81,100
544,09:37:11,$ 3501.102,100
545,09:37:04,$ 3500.60,500
547,09:37:03,$ 3500.59,100
548,09:37:03,$ 3501.215,100
549,09:37:02,$ 3501.225,100
550,09:37:02,$ 3502.08,100
551,09:36:57,$ 3501.645,100
552,09:36:57,$ 3501.645,100
553,09:36:38,$ 3500.47,100
554,09:36:29,$ 3499.25,500
555,09:36:25,$ 3498.2478,140
556,09:36:25,$ 3498.7768,100
557,09:36:25,$ 3498.2758,100
558,09:36:18,$ 3496.47,100
559,09:36:16,$ 3496.8467,152
560,09:36:12,$ 3497.15,100
561,09:36:08,$ 3497.005,115
562,09:36:08,$ 3496.7088,285
563,09:36:06,$ 3496.79,100
564,09:36:06,$ 3496.42,100
565,09:36:05,$ 3496.11,100
566,09:36:04,$ 3496.445,100
568,09:36:03,$ 3496.465,300
569,09:36:02,$ 3496.63,100
570,09:36:01,$ 3497.795,100
571,09:36:00,$ 3498.005,100
572,09:35:58,$ 3498.46,100
573,09:35:55,$ 3497.58,100
574,09:35:54,$ 3497.82,500
575,09:35:53,$ 3497.86,100
576,09:35:46,$ 3499.00,100
577,09:35:27,$ 3499.56,100
578,09:35:24,$ 3499.555,100
579,09:35:21,$ 3499.98,100
580,09:35:21,$ 3499.98,100
581,09:35:21,$ 3499.98,100
582,09:35:18,$ 3499.52,100
583,09:35:07,$ 3498.32,"4,566"
584,09:35:03,$ 3497.59,100
585,09:35:02,$ 3497.755,500
586,09:35:02,$ 3498.02,100
587,09:35:02,$ 3498.02,100
589,09:35:01,$ 3498.99,500
590,09:35:01,$ 3499.255,100
591,09:35:01,$ 3499.28,100
592,09:35:01,$ 3499.288,200
593,09:35:01,$ 3499.288,100
594,09:34:55,$ 3501.01,100
595,09:34:47,$ 3500.94,130
596,09:34:38,$ 3501.73,300
597,09:34:28,$ 3500.82,100
598,09:34:28,$ 3500.88,100
599,09:34:28,$ 3500.88,100
600,09:34:28,$ 3499.98,100
601,09:34:23,$ 3500.04,111
602,09:34:22,$ 3500.00,100
603,09:34:17,$ 3498.83,100
604,09:34:14,$ 3499.0198,100
605,09:34:12,$ 3501.00,100
606,09:34:12,$ 3501.01,100
607,09:34:12,$ 3501.93,100
608,09:34:12,$ 3501.93,100
610,09:33:58,$ 3504.185,100
611,09:33:58,$ 3504.35,100
612,09:33:58,$ 3504.35,100
613,09:33:58,$ 3504.79,100
614,09:33:58,$ 3505.28,100
615,09:33:58,$ 3505.205,100
616,09:33:57,$ 3505.215,100
617,09:33:44,$ 3505.55,100
618,09:33:44,$ 3506.085,100
619,09:33:44,$ 3505.39,100
620,09:33:44,$ 3506.08,100
621,09:33:39,$ 3505.5087,100
622,09:33:37,$ 3505.965,100
623,09:33:37,$ 3505.965,100
624,09:33:37,$ 3505.955,100
625,09:33:36,$ 3505.02,100
626,09:33:35,$ 3505.955,100
627,09:33:35,$ 3505.955,100
628,09:33:35,$ 3505.955,500
629,09:33:35,$ 3504.93,100
631,09:33:35,$ 3505.955,100
632,09:33:35,$ 3505.955,100
633,09:33:35,$ 3505.955,100
634,09:33:30,$ 3505.37,100
635,09:33:29,$ 3506.01,100
636,09:33:26,$ 3503.01,100
637,09:33:26,$ 3503.01,100
638,09:33:26,$ 3503.01,100
639,09:33:22,$ 3502.83,200
640,09:33:11,$ 3503.575,100
641,09:33:08,$ 3504.00,100
642,09:33:06,$ 3504.07,100
643,09:33:06,$ 3504.38,100
644,09:33:05,$ 3503.13,100
645,09:33:03,$ 3505.85,100
646,09:33:03,$ 3502.44,500
647,09:33:00,$ 3506.00,100
648,09:32:51,$ 3509.00,100
649,09:32:51,$ 3509.645,100
650,09:32:45,$ 3510.48,500
652,09:32:45,$ 3509.44,100
653,09:32:45,$ 3509.44,100
654,09:32:45,$ 3509.408,100
655,09:32:42,$ 3507.00,100
656,09:32:42,$ 3507.0375,100
657,09:32:42,$ 3507.035,100
658,09:32:29,$ 3506.00,100
659,09:32:23,$ 3506.37,100
660,09:32:19,$ 3506.36,100
661,09:32:19,$ 3505.515,100
662,09:32:15,$ 3507.1927,140
663,09:32:15,$ 3507.58,100
664,09:32:13,$ 3505.00,100
665,09:32:01,$ 3503.87,100
666,09:32:01,$ 3503.99,100
667,09:31:51,$ 3501.19,100
668,09:31:50,$ 3502.265,100
669,09:31:50,$ 3501.865,100
670,09:31:50,$ 3506.5485,148
671,09:31:50,$ 3506.42,100
673,09:31:50,$ 3506.49,100
674,09:31:50,$ 3506.01,100
675,09:31:50,$ 3506.02,100
676,09:31:50,$ 3506.06,100
677,09:31:50,$ 3506.06,100
678,09:31:50,$ 3506.06,500
679,09:31:50,$ 3506.05,400
680,09:31:50,$ 3506.05,200
681,09:31:50,$ 3505.88,100
682,09:31:50,$ 3504.885,100
683,09:31:50,$ 3503.80,100
684,09:31:50,$ 3504.75,100
685,09:31:50,$ 3503.16,100
686,09:31:50,$ 3503.40,100
687,09:31:50,$ 3503.03,100
688,09:31:50,$ 3503.11,100
689,09:31:50,$ 3502.32,100
690,09:31:50,$ 3502.33,100
691,09:31:50,$ 3502.20,100
692,09:31:50,$ 3501.91,100
694,09:31:50,$ 3501.42,100
695,09:31:50,$ 3502.22,100
696,09:31:50,$ 3501.875,100
697,09:31:50,$ 3502.27,100
698,09:31:50,$ 3502.08,100
699,09:31:50,$ 3501.61,100
700,09:31:50,$ 3502.01,100
701,09:31:46,$ 3501.195,100
702,09:31:40,$ 3503.17,100
703,09:31:37,$ 3502.095,200
704,09:31:34,$ 3502.91,100
705,09:31:31,$ 3501.00,100
706,09:31:31,$ 3501.00,100
707,09:31:29,$ 3501.80,100
708,09:31:29,$ 3501.80,100
709,09:31:28,$ 3503.00,400
710,09:31:28,$ 3501.685,100
711,09:31:28,$ 3503.00,197
712,09:31:28,$ 3503.00,308
713,09:31:28,$ 3503.00,100
715,09:31:28,$ 3503.00,100
716,09:31:28,$ 3503.00,100
717,09:31:26,$ 3503.68,100
718,09:31:26,$ 3503.04,160
719,09:31:23,$ 3504.40,100
720,09:31:23,$ 3504.41,100
721,09:31:21,$ 3504.03,100
722,09:31:20,$ 3504.3961,900
723,09:31:14,$ 3503.06,200
724,09:31:10,$ 3503.00,279
725,09:31:10,$ 3503.00,121
726,09:31:07,$ 3500.115,100
727,09:31:07,$ 3501.58,100
728,09:31:07,$ 3501.53,100
729,09:31:04,$ 3505.9609,140
730,09:30:52,$ 3505.50,100
731,09:30:52,$ 3505.395,100
732,09:30:51,$ 3505.28,138
733,09:30:49,$ 3505.52,133
734,09:30:49,$ 3505.46,100
736,09:30:44,$ 3503.60,100
737,09:30:42,$ 3502.25,100
738,09:30:42,$ 3500.72,100
739,09:30:42,$ 3500.81,100
740,09:30:42,$ 3498.84,100
741,09:30:42,$ 3498.80,100
742,09:30:42,$ 3498.86,100
743,09:30:42,$ 3498.815,100
744,09:30:42,$ 3499.52,100
745,09:30:41,$ 3498.52,100
746,09:30:41,$ 3498.77,100
747,09:30:41,$ 3498.80,100
748,09:30:39,$ 3497.68,100
749,09:30:39,$ 3498.025,100
750,09:30:39,$ 3497.74,100
751,09:30:38,$ 3497.21,187
752,09:30:38,$ 3498.00,100
753,09:30:38,$ 3497.69,100
754,09:30:38,$ 3497.69,111
755,09:30:38,$ 3497.86,100
757,09:30:38,$ 3497.77,100
758,09:30:38,$ 3498.91,100
759,09:30:38,$ 3500.00,"1,371"
760,09:30:38,$ 3500.00,895
761,09:30:38,$ 3500.00,100
762,09:30:38,$ 3500.00,100
763,09:30:38,$ 3500.01,100
764,09:30:38,$ 3500.00,100
765,09:30:38,$ 3500.00,231
766,09:30:38,$ 3500.00,100
767,09:30:38,$ 3500.00,100
768,09:30:38,$ 3500.00,100
769,09:30:38,$ 3500.11,100
770,09:30:38,$ 3500.00,342
771,09:30:38,$ 3500.63,100
772,09:30:37,$ 3500.40,100
773,09:30:36,$ 3503.00,100
774,09:30:36,$ 3503.01,100
775,09:30:36,$ 3503.01,100
776,09:30:36,$ 3503.36,100
778,09:30:36,$ 3503.56,100
779,09:30:36,$ 3505.00,100
780,09:30:36,$ 3505.00,154
781,09:30:36,$ 3505.00,"1,033"
782,09:30:36,$ 3505.00,257
783,09:30:36,$ 3505.00,100
784,09:30:36,$ 3505.00,270
785,09:30:30,$ 3507.07,500
786,09:30:27,$ 3508.25,275
787,09:30:20,$ 3510.05,114
788,09:30:20,$ 3510.28,200
789,09:30:20,$ 3510.28,100
790,09:30:20,$ 3510.28,100
791,09:30:18,$ 3509.38,100
792,09:30:17,$ 3509.82,100
793,09:30:17,$ 3509.83,150
794,09:30:12,$ 3510.695,100
795,09:30:11,$ 3510.29,100
796,09:30:11,$ 3510.28,100
797,09:30:11,$ 3510.32,100
799,09:30:11,$ 3510.33,132
800,09:30:09,$ 3510.29,100
801,09:30:07,$ 3510.4099,250
802,09:30:03,$ 3510.01,100
803,09:30:02,$ 3510.60,100
804,09:30:01,$ 3510.60,100
805,09:30:01,$ 3510.94,100
806,09:30:00,$ 3510.03,200
807,09:30:00,$ 3510.09,100
808,09:30:00,$ 3510.03,239
809,09:30:00,$ 3510.9159,100
810,09:30:00,$ 3510.9159,100
811,09:30:00,$ 3511.65,14
812,09:30:00,$ 3511.65,28
813,09:30:00,$ 3511.65,235
814,09:30:00,$ 3511.65,2
815,09:30:00,$ 3511.65,179
816,09:30:00,$ 3511.65,112
817,09:30:00,$ 3511.65,228
818,09:30:00,$ 3511.65,56
820,09:30:00,$ 3511.65,18
821,09:30:00,$ 3511.65,1
822,09:30:00,$ 3511.65,1
823,09:30:00,$ 3511.65,1
824,09:30:00,$ 3511.65,5
825,09:30:00,$ 3511.65,1
826,09:30:00,$ 3511.65,1
827,09:30:00,$ 3511.65,100
828,09:30:00,$ 3511.65,1
829,09:30:00,$ 3511.65,24
830,09:30:00,$ 3511.65,5
831,09:30:00,$ 3511.65,8
832,09:30:00,$ 3511.65,1
833,09:30:00,$ 3511.65,1
834,09:30:00,$ 3511.65,2
835,09:30:00,$ 3511.65,1
836,09:30:00,$ 3511.65,1
837,09:30:00,$ 3511.65,5
838,09:30:00,$ 3511.65,1
839,09:30:00,$ 3511.65,10
841,09:30:00,$ 3511.65,5
842,09:30:00,$ 3511.65,1
843,09:30:00,$ 3511.65,3
844,09:30:00,$ 3511.65,4
845,09:30:00,$ 3511.65,6
846,09:30:00,$ 3511.65,3
847,09:30:00,$ 3511.65,100
848,09:30:00,$ 3511.65,6
849,09:30:00,$ 3511.65,4
850,09:30:00,$ 3511.65,2
851,09:30:00,$ 3511.65,1
852,09:30:00,$ 3511.65,10
853,09:30:00,$ 3511.65,1
854,09:30:00,$ 3511.65,7
855,09:30:00,$ 3511.65,1
856,09:30:00,$ 3511.65,1
857,09:30:00,$ 3511.65,1
858,09:30:00,$ 3511.65,2
859,09:30:00,$ 3511.65,20
860,09:30:00,$ 3511.65,2
862,09:30:00,$ 3511.65,3
863,09:30:00,$ 3511.65,45
864,09:30:00,$ 3511.65,5
865,09:30:00,$ 3511.65,2
866,09:30:00,$ 3511.65,1
867,09:30:00,$ 3511.65,2
868,09:30:00,$ 3511.65,1
869,09:30:00,$ 3511.65,2
870,09:30:00,$ 3511.65,2
871,09:30:00,$ 3511.65,2
872,09:30:00,$ 3511.65,1
873,09:30:00,$ 3511.65,3
874,09:30:00,$ 3511.65,2
875,09:30:00,$ 3511.65,1
876,09:30:00,$ 3511.65,1
877,09:30:00,$ 3511.65,5
878,09:30:00,$ 3511.65,1
879,09:30:00,$ 3511.65,284
880,09:30:00,$ 3511.65,2
881,09:30:00,$ 3511.65,1
883,09:30:00,$ 3511.65,20
884,09:30:00,$ 3511.65,3
885,09:30:00,$ 3511.65,7
886,09:30:00,$ 3511.65,3
887,09:30:00,$ 3511.65,1
888,09:30:00,$ 3511.65,1
889,09:30:00,$ 3511.65,1
890,09:30:00,$ 3511.65,4
891,09:30:00,$ 3511.65,6
892,09:30:00,$ 3511.65,2
893,09:30:00,$ 3511.65,1
894,09:30:00,$ 3511.65,4
895,09:30:00,$ 3511.65,5
896,09:30:00,$ 3511.65,1
897,09:30:00,$ 3511.65,105
898,09:30:00,$ 3511.65,6
899,09:30:00,$ 3511.65,2
900,09:30:00,$ 3511.65,5
901,09:30:00,$ 3511.65,1
902,09:30:00,$ 3511.65,1
904,09:30:00,$ 3511.65,1
905,09:30:00,$ 3511.65,1
906,09:30:00,$ 3511.65,12
907,09:30:00,$ 3511.65,4
908,09:30:00,$ 3511.65,2
909,09:30:00,$ 3511.65,3
910,09:30:00,$ 3511.65,1
911,09:30:00,$ 3511.65,32
912,09:30:00,$ 3511.65,8
913,09:30:00,$ 3511.65,5
914,09:30:00,$ 3511.65,15
915,09:30:00,$ 3511.65,57
916,09:30:00,$ 3511.65,33
917,09:30:00,$ 3511.65,4
918,09:30:00,$ 3511.65,2
919,09:30:00,$ 3511.65,7
920,09:30:00,$ 3511.65,1
921,09:30:00,$ 3511.65,23
922,09:30:00,$ 3511.65,1
923,09:30:00,$ 3511.65,4
925,09:30:00,$ 3511.65,157
926,09:30:00,$ 3511.65,2
927,09:30:00,$ 3511.65,6
928,09:30:00,$ 3511.65,1
929,09:30:00,$ 3511.65,80
930,09:30:00,$ 3511.65,3
931,09:30:00,$ 3511.65,10
932,09:30:00,$ 3511.65,1
933,09:30:00,$ 3511.65,10
934,09:30:00,$ 3511.65,27
935,09:30:00,$ 3511.65,15
936,09:30:00,$ 3511.65,5
937,09:30:00,$ 3511.65,1
938,09:30:00,$ 3511.65,9
939,09:30:00,$ 3511.65,3
940,09:30:00,$ 3511.65,3
941,09:30:00,$ 3511.65,1
942,09:30:00,$ 3511.65,3
943,09:30:00,$ 3511.65,2
944,09:30:00,$ 3511.65,1
946,09:30:00,$ 3511.65,2
947,09:30:00,$ 3511.65,15
948,09:30:00,$ 3511.65,75
949,09:30:00,$ 3511.65,3
950,09:30:00,$ 3511.65,49
951,09:30:00,$ 3511.65,20
952,09:30:00,$ 3511.65,1
953,09:30:00,$ 3511.65,10
954,09:30:00,$ 3511.65,8
955,09:30:00,$ 3511.65,3
956,09:30:00,$ 3511.65,260
957,09:30:00,$ 3511.65,274
958,09:30:00,$ 3511.65,1
959,09:30:00,$ 3511.65,1
960,09:30:00,$ 3511.65,115
961,09:30:00,$ 3511.65,1
962,09:30:00,$ 3511.65,2
963,09:30:00,$ 3511.65,2
964,09:30:00,$ 3511.65,1
965,09:30:00,$ 3511.65,2
967,09:30:00,$ 3511.65,2
968,09:30:00,$ 3511.65,1
969,09:30:00,$ 3511.65,2
970,09:30:00,$ 3511.65,2
971,09:30:00,$ 3511.65,1
972,09:30:00,$ 3511.65,3
973,09:30:00,$ 3511.65,1
974,09:30:00,$ 3511.65,2
975,09:30:00,$ 3511.65,1
976,09:30:00,$ 3511.65,4
977,09:30:00,$ 3511.65,19
978,09:30:00,$ 3511.65,34
979,09:30:00,$ 3511.65,4
980,09:30:00,$ 3511.65,2
981,09:30:00,$ 3511.65,2
982,09:30:00,$ 3511.65,1
983,09:30:00,$ 3511.65,1
984,09:30:00,$ 3511.65,1
985,09:30:00,$ 3511.65,1
986,09:30:00,$ 3511.65,1
988,09:30:00,$ 3511.65,1
989,09:30:00,$ 3511.65,21
990,09:30:00,$ 3511.65,1
991,09:30:00,$ 3511.65,1
992,09:30:00,$ 3511.65,1
993,09:30:00,$ 3511.65,2
994,09:30:00,$ 3511.65,2
995,09:30:00,$ 3511.65,1
996,09:30:00,$ 3511.65,1
997,09:30:00,$ 3511.65,15
998,09:30:00,$ 3511.65,1
999,09:30:00,$ 3511.65,1
1000,09:30:00,$ 3511.65,1
1001,09:30:00,$ 3511.65,2
1002,09:30:00,$ 3511.65,20
1003,09:30:00,$ 3511.65,1
1004,09:30:00,$ 3511.65,1
1005,09:30:00,$ 3511.65,1
1006,09:30:00,$ 3511.65,4
1007,09:30:00,$ 3511.65,1
1009,09:30:00,$ 3511.65,1
1010,09:30:00,$ 3511.65,60
1011,09:30:00,$ 3511.65,2
1012,09:30:00,$ 3511.65,1
1013,09:30:00,$ 3511.65,4
1014,09:30:00,$ 3511.65,20
1015,09:30:00,$ 3511.65,2
1016,09:30:00,$ 3511.65,1
1017,09:30:00,$ 3511.65,10
1018,09:30:00,$ 3511.65,29
1019,09:30:00,$ 3511.65,4
1020,09:30:00,$ 3511.65,20
1021,09:30:00,$ 3511.65,2
1022,09:30:00,$ 3511.65,1
1023,09:30:00,$ 3511.65,72
1024,09:30:00,$ 3511.65,1
1025,09:30:00,$ 3511.65,1
1026,09:30:00,$ 3511.65,2
1027,09:30:00,$ 3511.65,2
1028,09:30:00,$ 3511.65,1
1030,09:30:00,$ 3511.65,3
1031,09:30:00,$ 3511.65,3
1032,09:30:00,$ 3511.65,4
1033,09:30:00,$ 3511.65,8
1034,09:30:00,$ 3511.65,1
1035,09:30:00,$ 3511.65,19
1036,09:30:00,$ 3511.65,1
1037,09:30:00,$ 3511.65,7
1038,09:30:00,$ 3511.65,5
1039,09:30:00,$ 3511.65,1
1040,09:30:00,$ 3511.65,6
1041,09:30:00,$ 3511.65,1
1042,09:30:00,$ 3511.65,5
1043,09:30:00,$ 3511.65,2
1044,09:30:00,$ 3511.65,10
1045,09:30:00,$ 3511.65,4
1046,09:30:00,$ 3511.65,5
1047,09:30:00,$ 3511.65,2
1048,09:30:00,$ 3511.65,56
1049,09:30:00,$ 3511.65,5
1051,09:30:00,$ 3511.65,14
1052,09:30:00,$ 3511.65,1
1053,09:30:00,$ 3511.65,2
1054,09:30:00,$ 3511.65,25
1055,09:30:00,$ 3511.65,1
1056,09:30:00,$ 3511.65,10
1057,09:30:00,$ 3511.65,5
1058,09:30:00,$ 3511.65,13
1059,09:30:00,$ 3511.65,6
1060,09:30:00,$ 3511.65,6
1061,09:30:00,$ 3511.65,3
1062,09:30:00,$ 3511.65,1
1063,09:30:00,$ 3511.65,1
1064,09:30:00,$ 3511.65,1
1065,09:30:00,$ 3511.65,1
1066,09:30:00,$ 3511.65,3
1067,09:30:00,$ 3511.65,4
1068,09:30:00,$ 3511.65,2
1069,09:30:00,$ 3511.65,2
1070,09:30:00,$ 3511.65,2
1072,09:30:00,$ 3511.65,1
1073,09:30:00,$ 3511.65,1
1074,09:30:00,$ 3511.65,2
1075,09:30:00,$ 3511.65,1
1076,09:30:00,$ 3511.65,1
1077,09:30:00,$ 3511.65,4
1078,09:30:00,$ 3511.65,10
1079,09:30:00,$ 3511.65,2
1080,09:30:00,$ 3511.65,1
1081,09:30:00,$ 3511.65,2
1082,09:30:00,$ 3511.65,1
1083,09:30:00,$ 3511.65,1
1084,09:30:00,$ 3511.65,1
1085,09:30:00,$ 3511.65,5
1086,09:30:00,$ 3511.65,1
1087,09:30:00,$ 3511.65,1
1088,09:30:00,$ 3511.65,3
1089,09:30:00,$ 3511.65,1
1090,09:30:00,$ 3511.65,1
1091,09:30:00,$ 3511.65,3
1093,09:30:00,$ 3511.65,3
1094,09:30:00,$ 3511.65,1
1095,09:30:00,$ 3511.65,3
1096,09:30:00,$ 3511.65,4
1097,09:30:00,$ 3511.65,2
1098,09:30:00,$ 3511.65,1
1099,09:30:00,$ 3511.65,2
1100,09:30:00,$ 3511.65,2
1101,09:30:00,$ 3511.65,3
1102,09:30:00,$ 3511.65,10
1103,09:30:00,$ 3511.65,6
1104,09:30:00,$ 3511.65,7
1105,09:30:00,$ 3511.65,1
1106,09:30:00,$ 3511.65,5
1107,09:30:00,$ 3511.65,6
1108,09:30:00,$ 3511.65,1
1109,09:30:00,$ 3511.65,1
1110,09:30:00,$ 3511.65,2
1111,09:30:00,$ 3511.65,3
1112,09:30:00,$ 3511.65,1
1114,09:30:00,$ 3511.65,2
1115,09:30:00,$ 3511.65,5
1116,09:30:00,$ 3511.65,2
1117,09:30:00,$ 3511.65,21
1118,09:30:00,$ 3511.65,1
1119,09:30:00,$ 3511.65,1
1120,09:30:00,$ 3511.65,1
1121,09:30:00,$ 3511.65,1
1122,09:30:00,$ 3511.65,1
1123,09:30:00,$ 3511.65,1
1124,09:30:00,$ 3511.65,1
1125,09:30:00,$ 3511.65,1
1126,09:30:00,$ 3511.65,1
1127,09:30:00,$ 3511.65,1
1128,09:30:00,$ 3511.65,1
1129,09:30:00,$ 3511.65,1
1130,09:30:00,$ 3511.65,1
1131,09:30:00,$ 3511.65,1
1132,09:30:00,$ 3511.65,1
1133,09:30:00,$ 3511.65,1
1135,09:30:00,$ 3511.65,1
1136,09:30:00,$ 3511.65,1
1137,09:30:00,$ 3511.65,1
1138,09:30:00,$ 3511.65,1
1139,09:30:00,$ 3511.65,1
1140,09:30:00,$ 3511.65,1
1141,09:30:00,$ 3511.65,1
1142,09:30:00,$ 3511.65,1
1143,09:30:00,$ 3511.65,1
1144,09:30:00,$ 3511.65,1
1145,09:30:00,$ 3511.65,1
1146,09:30:00,$ 3511.65,1
1147,09:30:00,$ 3511.65,1
1148,09:30:00,$ 3511.65,1
1149,09:30:00,$ 3511.65,1
1150,09:30:00,$ 3511.65,1
1151,09:30:00,$ 3511.65,1
1152,09:30:00,$ 3511.65,1
1153,09:30:00,$ 3511.65,1
1154,09:30:00,$ 3511.65,1
1156,09:30:00,$ 3511.65,1
1157,09:30:00,$ 3511.65,1
1158,09:30:00,$ 3511.65,1
1159,09:30:00,$ 3511.65,1
1160,09:30:00,$ 3511.65,1
1161,09:30:00,$ 3511.65,1
1162,09:30:00,$ 3511.65,1
1163,09:30:00,$ 3511.65,1
1164,09:30:00,$ 3511.65,1
1165,09:30:00,$ 3511.65,1
1166,09:30:00,$ 3511.65,1
1167,09:30:00,$ 3511.65,1
1168,09:30:00,$ 3511.65,1
1169,09:30:00,$ 3511.65,1
1170,09:30:00,$ 3511.65,1
1171,09:30:00,$ 3511.65,1
1172,09:30:00,$ 3511.65,1
1173,09:30:00,$ 3511.65,1
1174,09:30:00,$ 3511.65,1
1175,09:30:00,$ 3511.65,1
1177,09:30:00,$ 3511.65,1
1178,09:30:00,$ 3511.65,1
1179,09:30:00,$ 3511.65,1
1180,09:30:00,$ 3511.65,1
1181,09:30:00,$ 3511.65,1
1182,09:30:00,$ 3511.65,1
1183,09:30:00,$ 3511.65,1
1184,09:30:00,$ 3511.65,1
1185,09:30:00,$ 3511.65,1
1186,09:30:00,$ 3511.65,1
1187,09:30:00,$ 3511.65,1
1188,09:30:00,$ 3511.65,1
1189,09:30:00,$ 3511.65,1
1190,09:30:00,$ 3511.65,1
1191,09:30:00,$ 3511.65,1
1192,09:30:00,$ 3511.65,1
1193,09:30:00,$ 3511.65,1
1194,09:30:00,$ 3511.65,1
1195,09:30:00,$ 3511.65,1
1196,09:30:00,$ 3511.65,1
1198,09:30:00,$ 3511.65,1
1199,09:30:00,$ 3511.65,1
1200,09:30:00,$ 3511.65,1
1201,09:30:00,$ 3511.65,3
1202,09:30:00,$ 3511.65,1
1203,09:30:00,$ 3511.65,1
1204,09:30:00,$ 3511.65,1
1205,09:30:00,$ 3511.65,1
1206,09:30:00,$ 3511.65,6
1207,09:30:00,$ 3511.65,1
1208,09:30:00,$ 3511.65,2
1209,09:30:00,$ 3511.65,1
1210,09:30:00,$ 3511.65,4
1211,09:30:00,$ 3511.65,6
1212,09:30:00,$ 3511.65,1
1213,09:30:00,$ 3511.65,1
1214,09:30:00,$ 3511.65,1
1215,09:30:00,$ 3511.65,1
1216,09:30:00,$ 3511.65,6
1217,09:30:00,$ 3511.65,2
1219,09:30:00,$ 3511.65,12
1220,09:30:00,$ 3511.65,3
1221,09:30:00,$ 3511.65,2
1222,09:30:00,$ 3511.65,1
1223,09:30:00,$ 3511.65,1
1224,09:30:00,$ 3511.65,2
1225,09:30:00,$ 3511.65,3
1226,09:30:00,$ 3511.65,6
1227,09:30:00,$ 3511.65,5
1228,09:30:00,$ 3511.65,5
1229,09:30:00,$ 3511.65,10
1230,09:30:00,$ 3511.65,1
1231,09:30:00,$ 3511.65,1
1232,09:30:00,$ 3511.65,200
1233,09:30:00,$ 3511.65,4
1234,09:30:00,$ 3511.65,5
1235,09:30:00,$ 3511.65,1
1236,09:30:00,$ 3511.65,5
1237,09:30:00,$ 3511.65,2
1238,09:30:00,$ 3511.65,1
1240,09:30:00,$ 3511.65,3
1241,09:30:00,$ 3511.65,1
1242,09:30:00,$ 3511.65,1
1243,09:30:00,$ 3511.65,3
1244,09:30:00,$ 3511.65,2
1245,09:30:00,$ 3511.65,14
1246,09:30:00,$ 3511.65,3
1247,09:30:00,$ 3511.65,1
1248,09:30:00,$ 3511.65,1
1249,09:30:00,$ 3511.65,40
1250,09:30:00,$ 3511.65,16
1251,09:30:00,$ 3511.65,1
1252,09:30:00,$ 3511.65,10
1253,09:30:00,$ 3511.65,3
1254,09:30:00,$ 3511.65,5
1255,09:30:00,$ 3511.65,1
1256,09:30:00,$ 3511.65,1
1257,09:30:00,$ 3511.65,1
1258,09:30:00,$ 3511.65,1
1259,09:30:00,$ 3511.65,1
1261,09:30:00,$ 3511.65,1
1262,09:30:00,$ 3511.65,1
1263,09:30:00,$ 3511.65,1
1264,09:30:00,$ 3511.65,1
1265,09:30:00,$ 3511.65,1
1266,09:30:00,$ 3511.65,1
1267,09:30:00,$ 3511.65,1
1268,09:30:00,$ 3511.65,1
1269,09:30:00,$ 3511.65,1
1270,09:30:00,$ 3511.65,1
1271,09:30:00,$ 3511.65,1
1272,09:30:00,$ 3511.65,1
1273,09:30:00,$ 3511.65,1
1274,09:30:00,$ 3511.65,1
1275,09:30:00,$ 3511.65,1
1276,09:30:00,$ 3511.65,1
1277,09:30:00,$ 3511.65,1
1278,09:30:00,$ 3511.65,1
1279,09:30:00,$ 3511.65,1
1280,09:30:00,$ 3511.65,1
1282,09:30:00,$ 3511.65,1
1283,09:30:00,$ 3511.65,1
1284,09:30:00,$ 3511.65,1
1285,09:30:00,$ 3511.65,1
1286,09:30:00,$ 3511.65,1
1287,09:30:00,$ 3511.65,1
1288,09:30:00,$ 3511.65,1
1289,09:30:00,$ 3511.65,1
1290,09:30:00,$ 3511.65,1
1291,09:30:00,$ 3511.65,1
1292,09:30:00,$ 3511.65,20
1293,09:30:00,$ 3511.65,1
1294,09:30:00,$ 3511.65,1
1295,09:30:00,$ 3511.65,1
1296,09:30:00,$ 3511.65,1
1297,09:30:00,$ 3511.65,1
1298,09:30:00,$ 3511.65,1
1299,09:30:00,$ 3511.65,1
1300,09:30:00,$ 3511.65,1
1301,09:30:00,$ 3511.65,1
1303,09:30:00,$ 3511.65,1
1304,09:30:00,$ 3511.65,1
1305,09:30:00,$ 3511.65,1
1306,09:30:00,$ 3511.65,1
1307,09:30:00,$ 3511.65,1
1308,09:30:00,$ 3511.65,1
1309,09:30:00,$ 3511.65,1
1310,09:30:00,$ 3511.65,1
1311,09:30:00,$ 3511.65,1
1312,09:30:00,$ 3511.65,1
1313,09:30:00,$ 3511.65,1
1314,09:30:00,$ 3511.65,1
1315,09:30:00,$ 3511.65,1
1316,09:30:00,$ 3511.65,1
1317,09:30:00,$ 3511.65,1
1318,09:30:00,$ 3511.65,1
1319,09:30:00,$ 3511.65,1
1320,09:30:00,$ 3511.65,1
1321,09:30:00,$ 3511.65,1
1322,09:30:00,$ 3511.65,1
1324,09:30:00,$ 3511.65,1
1325,09:30:00,$ 3511.65,1
1326,09:30:00,$ 3511.65,1
1327,09:30:00,$ 3511.65,1
1328,09:30:00,$ 3511.65,1
1329,09:30:00,$ 3511.65,1
1330,09:30:00,$ 3511.65,1
1331,09:30:00,$ 3511.65,1
1332,09:30:00,$ 3511.65,1
1333,09:30:00,$ 3511.65,1
1334,09:30:00,$ 3511.65,1
1335,09:30:00,$ 3511.65,1
1336,09:30:00,$ 3511.65,1
1337,09:30:00,$ 3511.65,1
1338,09:30:00,$ 3511.65,1
1339,09:30:00,$ 3511.65,1
1340,09:30:00,$ 3511.65,1
1341,09:30:00,$ 3511.65,1
1342,09:30:00,$ 3511.65,1
1343,09:30:00,$ 3511.65,1
1345,09:30:00,$ 3511.65,1
1346,09:30:00,$ 3511.65,1
1347,09:30:00,$ 3511.65,1
1348,09:30:00,$ 3511.65,5
1349,09:30:00,$ 3511.65,14
1350,09:30:00,$ 3511.65,14
1351,09:30:00,$ 3511.65,8
1352,09:30:00,$ 3511.65,15
1353,09:30:00,$ 3511.65,1
1354,09:30:00,$ 3511.65,1
1355,09:30:00,$ 3511.65,1
1356,09:30:00,$ 3511.65,1
1357,09:30:00,$ 3511.65,1
1358,09:30:00,$ 3511.65,1
1359,09:30:00,$ 3511.65,1
1360,09:30:00,$ 3511.65,1
1361,09:30:00,$ 3511.65,1
1362,09:30:00,$ 3511.65,1
1363,09:30:00,$ 3511.65,1
1364,09:30:00,$ 3511.65,1
1366,09:30:00,$ 3511.65,1
1367,09:30:00,$ 3511.65,1
1368,09:30:00,$ 3511.65,1
1369,09:30:00,$ 3511.65,13
1370,09:30:00,$ 3511.65,10
1371,09:30:00,$ 3511.65,5
1372,09:30:00,$ 3511.65,1
1373,09:30:00,$ 3511.65,68
1374,09:30:00,$ 3511.65,4
1375,09:30:00,$ 3511.65,66
1376,09:30:00,$ 3511.65,237
1377,09:30:00,$ 3511.65,1
1378,09:30:00,$ 3511.65,219
1379,09:30:00,$ 3511.65,1
1380,09:30:00,$ 3511.65,1
1381,09:30:00,$ 3511.65,1
1382,09:30:00,$ 3511.65,4
1383,09:30:00,$ 3511.65,1
1384,09:30:00,$ 3511.65,1
1385,09:30:00,$ 3511.65,20
1387,09:30:00,$ 3511.65,2
1388,09:30:00,$ 3511.65,2
1389,09:30:00,$ 3511.65,1
1390,09:30:00,$ 3511.65,2
1391,09:30:00,$ 3511.65,2
1392,09:30:00,$ 3511.65,1
1393,09:30:00,$ 3511.65,9
1394,09:30:00,$ 3511.65,10
1395,09:30:00,$ 3511.65,20
1396,09:30:00,$ 3511.65,2
1397,09:30:00,$ 3511.65,5
1398,09:30:00,$ 3511.65,3
1399,09:30:00,$ 3511.65,4
1400,09:30:00,$ 3511.65,2
1401,09:30:00,$ 3511.65,30
1402,09:30:00,$ 3511.65,2
1403,09:30:00,$ 3511.65,8
1404,09:30:00,$ 3511.65,10
1405,09:30:00,$ 3511.65,8
1406,09:30:00,$ 3511.65,7
1408,09:30:00,$ 3511.65,4
1409,09:30:00,$ 3511.65,10
1410,09:30:00,$ 3511.65,10
1411,09:30:00,$ 3511.65,27
1412,09:30:00,$ 3511.65,1
1413,09:30:00,$ 3511.65,40
1414,09:30:00,$ 3511.65,2
1415,09:30:00,$ 3511.65,4
1416,09:30:00,$ 3511.65,6
1417,09:30:00,$ 3511.65,8
1418,09:30:00,$ 3511.65,2
1419,09:30:00,$ 3511.65,7
1420,09:30:00,$ 3511.65,2
1421,09:30:00,$ 3511.65,10
1422,09:30:00,$ 3511.65,10
1423,09:30:00,$ 3511.65,1
1424,09:30:00,$ 3511.65,14
1425,09:30:00,$ 3511.65,1
1426,09:30:00,$ 3511.65,6
1427,09:30:00,$ 3511.65,1
1429,09:30:00,$ 3511.65,1
1430,09:30:00,$ 3511.65,7
1431,09:30:00,$ 3511.65,1
1432,09:30:00,$ 3511.65,15
1433,09:30:00,$ 3511.65,10
1434,09:30:00,$ 3511.65,7
1435,09:30:00,$ 3511.65,1
1436,09:30:00,$ 3511.65,1
1437,09:30:00,$ 3511.65,1
1438,09:30:00,$ 3511.65,1
1439,09:30:00,$ 3511.65,1
1440,09:30:00,$ 3511.65,1
1441,09:30:00,$ 3511.65,1
1442,09:30:00,$ 3511.65,1
1443,09:30:00,$ 3511.65,5
1444,09:30:00,$ 3511.65,1
1445,09:30:00,$ 3511.65,1
1446,09:30:00,$ 3511.65,1
1447,09:30:00,$ 3511.65,1
1448,09:30:00,$ 3511.65,1
1450,09:30:00,$ 3511.65,1
1451,09:30:00,$ 3511.65,1
1452,09:30:00,$ 3511.65,2
1453,09:30:00,$ 3511.65,50
1454,09:30:00,$ 3511.65,5
1455,09:30:00,$ 3511.65,10
1456,09:30:00,$ 3511.65,1
1457,09:30:00,$ 3511.65,1
1458,09:30:00,$ 3511.65,3
1459,09:30:00,$ 3511.65,1
1460,09:30:00,$ 3511.65,24
1461,09:30:00,$ 3511.65,5
1462,09:30:00,$ 3511.65,1
1463,09:30:00,$ 3511.65,6
1464,09:30:00,$ 3511.65,2
1465,09:30:00,$ 3511.65,2
1466,09:30:00,$ 3511.65,2
1467,09:30:00,$ 3511.65,1
1468,09:30:00,$ 3511.65,2
1469,09:30:00,$ 3511.65,1
1471,09:30:00,$ 3511.65,1
1472,09:30:00,$ 3511.65,1
1473,09:30:00,$ 3511.65,2
1474,09:30:00,$ 3511.65,2
1475,09:30:00,$ 3511.65,59
1476,09:30:00,$ 3511.65,1
1477,09:30:00,$ 3511.65,1
1478,09:30:00,$ 3511.65,13
1479,09:30:00,$ 3511.65,1
1480,09:30:00,$ 3511.65,10
1481,09:30:00,$ 3511.65,1
1482,09:30:00,$ 3511.65,1
1483,09:30:00,$ 3511.65,1
1484,09:30:00,$ 3511.65,1
1485,09:30:00,$ 3511.65,1
1486,09:30:00,$ 3511.65,5
1487,09:30:00,$ 3511.65,1
1488,09:30:00,$ 3511.65,1
1489,09:30:00,$ 3511.65,1
1490,09:30:00,$ 3511.65,1
1492,09:30:00,$ 3511.65,1
1493,09:30:00,$ 3511.65,3
1494,09:30:00,$ 3511.65,1
1495,09:30:00,$ 3511.65,1
1496,09:30:00,$ 3511.65,1
1497,09:30:00,$ 3511.65,3
1498,09:30:00,$ 3511.65,10
1499,09:30:00,$ 3511.65,4
1500,09:30:00,$ 3511.65,10
1501,09:30:00,$ 3511.65,10
1502,09:30:00,$ 3511.65,10
1503,09:30:00,$ 3511.65,2
1504,09:30:00,$ 3511.65,10
1505,09:30:00,$ 3511.65,1
1506,09:30:00,$ 3511.65,2
1507,09:30:00,$ 3511.65,2
1508,09:30:00,$ 3511.65,2
1509,09:30:00,$ 3511.65,2
1510,09:30:00,$ 3511.65,3
1511,09:30:00,$ 3511.65,5
1513,09:30:00,$ 3511.65,1
1514,09:30:00,$ 3511.65,1
1515,09:30:00,$ 3511.65,1
1516,09:30:00,$ 3511.65,4
1517,09:30:00,$ 3511.65,4
1518,09:30:00,$ 3511.65,4
1519,09:30:00,$ 3511.65,2
1520,09:30:00,$ 3511.65,5
1521,09:30:00,$ 3511.65,1
1522,09:30:00,$ 3511.65,4
1523,09:30:00,$ 3511.65,3
1524,09:30:00,$ 3511.65,1
1525,09:30:00,$ 3511.65,1
1526,09:30:00,$ 3511.65,1
1527,09:30:00,$ 3511.65,4
1528,09:30:00,$ 3511.65,1
1529,09:30:00,$ 3511.65,1
1530,09:30:00,$ 3511.65,2
1531,09:30:00,$ 3511.65,2
1532,09:30:00,$ 3511.65,2
1534,09:30:00,$ 3511.65,18
1535,09:30:00,$ 3511.65,1
1536,09:30:00,$ 3511.65,1
1537,09:30:00,$ 3511.65,5
1538,09:30:00,$ 3511.65,2
1539,09:30:00,$ 3511.65,2
1540,09:30:00,$ 3511.65,4
1541,09:30:00,$ 3511.65,3
1542,09:30:00,$ 3511.65,5
1543,09:30:00,$ 3511.65,8
1544,09:30:00,$ 3511.65,2
1545,09:30:00,$ 3511.65,1
1546,09:30:00,$ 3511.65,2
1547,09:30:00,$ 3511.65,1
1548,09:30:00,$ 3511.65,1
1549,09:30:00,$ 3511.65,2
1550,09:30:00,$ 3511.65,5
1551,09:30:00,$ 3511.65,4
1552,09:30:00,$ 3511.65,1
1553,09:30:00,$ 3511.65,100
1555,09:30:00,$ 3511.65,10
1556,09:30:00,$ 3511.65,2
1557,09:30:00,$ 3511.65,15
1558,09:30:00,$ 3511.65,1
1559,09:30:00,$ 3511.65,2
1560,09:30:00,$ 3511.65,4
1561,09:30:00,$ 3511.65,5
1562,09:30:00,$ 3511.65,2
1563,09:30:00,$ 3511.65,1
1564,09:30:00,$ 3511.65,1
1565,09:30:00,$ 3511.65,3
1566,09:30:00,$ 3511.65,1
1567,09:30:00,$ 3511.65,1
1568,09:30:00,$ 3511.65,5
1569,09:30:00,$ 3511.65,2
1570,09:30:00,$ 3511.65,1
1571,09:30:00,$ 3511.65,57
1572,09:30:00,$ 3511.65,2
1573,09:30:00,$ 3511.65,4
1574,09:30:00,$ 3511.65,3
1576,09:30:00,$ 3511.65,1
1577,09:30:00,$ 3511.65,5
1578,09:30:00,$ 3511.65,14
1579,09:30:00,$ 3511.65,160
1580,09:30:00,$ 3511.65,7
1581,09:30:00,$ 3511.65,1
1582,09:30:00,$ 3511.65,1
1583,09:30:00,$ 3511.65,1
1584,09:30:00,$ 3511.65,1
1585,09:30:00,$ 3511.65,1
1586,09:30:00,$ 3511.65,1
1587,09:30:00,$ 3511.65,2
1588,09:30:00,$ 3511.65,3
1589,09:30:00,$ 3511.65,1
1590,09:30:00,$ 3511.65,2
1591,09:30:00,$ 3511.65,5
1592,09:30:00,$ 3511.65,14
1593,09:30:00,$ 3511.65,1
1594,09:30:00,$ 3511.65,2
1595,09:30:00,$ 3511.65,4
1597,09:30:00,$ 3511.65,1
1598,09:30:00,$ 3511.65,6
1599,09:30:00,$ 3511.65,1
1600,09:30:00,$ 3511.65,1
1601,09:30:00,$ 3511.65,72
1602,09:30:00,$ 3511.65,3
1603,09:30:00,$ 3511.65,40
1604,09:30:00,$ 3511.65,1
1605,09:30:00,$ 3511.65,1
1606,09:30:00,$ 3511.65,1
1607,09:30:00,$ 3511.65,1
1608,09:30:00,$ 3511.65,2
1609,09:30:00,$ 3511.65,1
1610,09:30:00,$ 3511.65,2
1611,09:30:00,$ 3511.65,1
1612,09:30:00,$ 3511.65,1
1613,09:30:00,$ 3511.65,10
1614,09:30:00,$ 3511.65,3
1615,09:30:00,$ 3511.65,2
1616,09:30:00,$ 3511.65,2
1618,09:30:00,$ 3511.65,2
1619,09:30:00,$ 3511.65,1
1620,09:30:00,$ 3511.65,3
1621,09:30:00,$ 3511.65,1
1622,09:30:00,$ 3511.65,2
1623,09:30:00,$ 3511.65,8
1624,09:30:00,$ 3511.65,25
1625,09:30:00,$ 3511.65,1
1626,09:30:00,$ 3511.65,1
1627,09:30:00,$ 3511.65,2
1628,09:30:00,$ 3511.65,1
1629,09:30:00,$ 3511.65,1
1630,09:30:00,$ 3511.65,1
1631,09:30:00,$ 3511.65,3
1632,09:30:00,$ 3511.65,1
1633,09:30:00,$ 3511.65,4
1634,09:30:00,$ 3511.65,1
1635,09:30:00,$ 3511.65,2
1636,09:30:00,$ 3511.65,1
1637,09:30:00,$ 3511.65,19
1639,09:30:00,$ 3511.65,5
1640,09:30:00,$ 3511.65,17
1641,09:30:00,$ 3511.65,1
1642,09:30:00,$ 3511.65,7
1643,09:30:00,$ 3511.65,10
1644,09:30:00,$ 3511.65,144
1645,09:30:00,$ 3511.65,2
1646,09:30:00,$ 3511.65,1
1647,09:30:00,$ 3511.65,1
1648,09:30:00,$ 3511.65,2
1649,09:30:00,$ 3511.65,4
1650,09:30:00,$ 3511.65,4
1651,09:30:00,$ 3511.65,1
1652,09:30:00,$ 3511.65,1
1653,09:30:00,$ 3511.65,4
1654,09:30:00,$ 3511.65,1
1655,09:30:00,$ 3511.65,1
1656,09:30:00,$ 3511.65,1
1657,09:30:00,$ 3511.65,1
1658,09:30:00,$ 3511.65,14
1660,09:30:00,$ 3511.65,1
1661,09:30:00,$ 3511.65,18
1662,09:30:00,$ 3511.65,1
1663,09:30:00,$ 3511.65,1
1664,09:30:00,$ 3511.65,2
1665,09:30:00,$ 3511.65,6
1666,09:30:00,$ 3511.65,13
1667,09:30:00,$ 3511.65,1
1668,09:30:00,$ 3511.65,1
1669,09:30:00,$ 3511.65,10
1670,09:30:00,$ 3511.65,4
1671,09:30:00,$ 3511.65,1
1672,09:30:00,$ 3511.65,1
1673,09:30:00,$ 3511.65,3
1674,09:30:00,$ 3511.65,1
1675,09:30:00,$ 3511.65,1
1676,09:30:00,$ 3511.65,1
1677,09:30:00,$ 3511.65,52
1678,09:30:00,$ 3511.65,255
1679,09:30:00,$ 3511.65,1
1681,09:30:00,$ 3511.65,1
1682,09:30:00,$ 3511.65,20
1683,09:30:00,$ 3511.65,1
1684,09:30:00,$ 3511.65,1
1685,09:30:00,$ 3511.65,3
1686,09:30:00,$ 3511.65,15
1687,09:30:00,$ 3511.65,"2,000"
1688,09:30:00,$ 3511.65,3
1689,09:30:00,$ 3511.65,10
1690,09:30:00,$ 3511.65,1
1691,09:30:00,$ 3511.65,15
1692,09:30:00,$ 3511.65,1
1693,09:30:00,$ 3511.65,18
1694,09:30:00,$ 3511.65,86
1695,09:30:00,$ 3511.65,5
1696,09:30:00,$ 3511.65,4
1697,09:30:00,$ 3511.65,12
1698,09:30:00,$ 3511.65,2
1699,09:30:00,$ 3511.65,1
1700,09:30:00,$ 3511.65,7
1702,09:30:00,$ 3511.65,2
1703,09:30:00,$ 3511.65,1
1704,09:30:00,$ 3511.65,1
1705,09:30:00,$ 3511.65,1
1706,09:30:00,$ 3511.65,1
1707,09:30:00,$ 3511.65,2
1708,09:30:00,$ 3511.65,25
1709,09:30:00,$ 3511.65,26
1710,09:30:00,$ 3511.65,1
1711,09:30:00,$ 3511.65,2
1712,09:30:00,$ 3511.65,3
1713,09:30:00,$ 3511.65,1
1714,09:30:00,$ 3511.65,3
1715,09:30:00,$ 3511.65,1
1716,09:30:00,$ 3511.65,1
1717,09:30:00,$ 3511.65,1
1718,09:30:00,$ 3511.65,4
1719,09:30:00,$ 3511.65,10
1720,09:30:00,$ 3511.65,1
1721,09:30:00,$ 3511.65,1
1723,09:30:00,$ 3511.65,2
1724,09:30:00,$ 3511.65,2
1725,09:30:00,$ 3511.65,7
1726,09:30:00,$ 3511.65,1
1727,09:30:00,$ 3511.65,50
1728,09:30:00,$ 3511.65,3
1729,09:30:00,$ 3511.65,7
1730,09:30:00,$ 3511.65,5
1731,09:30:00,$ 3511.65,1
1732,09:30:00,$ 3511.65,2
1733,09:30:00,$ 3511.65,5
1734,09:30:00,$ 3511.65,1
1735,09:30:00,$ 3511.65,1
1736,09:30:00,$ 3511.65,1
1737,09:30:00,$ 3511.65,5
1738,09:30:00,$ 3511.65,7
1739,09:30:00,$ 3511.65,10
1740,09:30:00,$ 3511.65,6
1741,09:30:00,$ 3511.65,1
1742,09:30:00,$ 3511.65,2
1744,09:30:00,$ 3511.65,1
1745,09:30:00,$ 3511.65,1
1746,09:30:00,$ 3511.65,2
1747,09:30:00,$ 3511.65,10
1748,09:30:00,$ 3511.65,1
1749,09:30:00,$ 3511.65,1
1750,09:30:00,$ 3511.65,14
1751,09:30:00,$ 3511.65,147
1752,09:30:00,$ 3511.65,3
1753,09:30:00,$ 3511.65,5
1754,09:30:00,$ 3511.65,3
1755,09:30:00,$ 3511.65,1
1756,09:30:00,$ 3511.65,2
1757,09:30:00,$ 3511.65,15
1758,09:30:00,$ 3511.65,24
1759,09:30:00,$ 3511.65,5
1760,09:30:00,$ 3511.65,95
1761,09:30:00,$ 3511.65,5
1762,09:30:00,$ 3511.65,1
1763,09:30:00,$ 3511.65,1
1765,09:30:00,$ 3511.65,70
1766,09:30:00,$ 3511.65,1
1767,09:30:00,$ 3511.65,1
1768,09:30:00,$ 3511.65,1
1769,09:30:00,$ 3511.65,1
1770,09:30:00,$ 3511.65,1
1771,09:30:00,$ 3511.65,8
1772,09:30:00,$ 3511.65,9
1773,09:30:00,$ 3511.65,9
1774,09:30:00,$ 3511.65,13
1775,09:30:00,$ 3511.65,1
1776,09:30:00,$ 3511.65,50
1777,09:30:00,$ 3511.65,1
1778,09:30:00,$ 3511.65,1
1779,09:30:00,$ 3511.65,1
1780,09:30:00,$ 3511.65,2
1781,09:30:00,$ 3511.65,168
1782,09:30:00,$ 3511.65,16
1783,09:30:00,$ 3511.65,11
1784,09:30:00,$ 3511.65,6
1786,09:30:00,$ 3511.65,3
1787,09:30:00,$ 3511.65,4
1788,09:30:00,$ 3511.65,93
1789,09:30:00,$ 3511.65,517
1790,09:30:00,$ 3511.65,1
1791,09:30:00,$ 3511.65,20
1792,09:30:00,$ 3511.65,14
1793,09:30:00,$ 3511.65,138
1794,09:30:00,$ 3511.65,1
1795,09:30:00,$ 3511.65,1
1796,09:30:00,$ 3511.65,31
1797,09:30:00,$ 3511.65,1
1798,09:30:00,$ 3511.65,2
1799,09:30:00,$ 3511.65,1
1800,09:30:00,$ 3511.65,1
1801,09:30:00,$ 3511.65,12
1802,09:30:00,$ 3511.65,1
1803,09:30:00,$ 3511.65,1
1804,09:30:00,$ 3511.65,2
1805,09:30:00,$ 3511.65,1
1807,09:30:00,$ 3511.65,30
1808,09:30:00,$ 3511.65,5
1809,09:30:00,$ 3511.65,1
1810,09:30:00,$ 3511.65,1
1811,09:30:00,$ 3511.65,1
1812,09:30:00,$ 3511.65,1
1813,09:30:00,$ 3511.65,1
1814,09:30:00,$ 3511.65,1
1815,09:30:00,$ 3511.65,1
1816,09:30:00,$ 3511.65,156
1817,09:30:00,$ 3511.65,36
1818,09:30:00,$ 3511.65,1
1819,09:30:00,$ 3511.65,168
1820,09:30:00,$ 3511.65,4
1821,09:30:00,$ 3511.65,5
1822,09:30:00,$ 3511.65,3
1823,09:30:00,$ 3511.65,1
1824,09:30:00,$ 3511.65,5
1825,09:30:00,$ 3511.65,1
1826,09:30:00,$ 3511.65,1
1828,09:30:00,$ 3511.65,5
1829,09:30:00,$ 3511.65,2
1830,09:30:00,$ 3511.65,3
1831,09:30:00,$ 3511.65,2
1832,09:30:00,$ 3511.65,6
1833,09:30:00,$ 3511.65,10
1834,09:30:00,$ 3511.65,14
1835,09:30:00,$ 3511.65,6
1836,09:30:00,$ 3511.65,8
1837,09:30:00,$ 3511.65,3
1838,09:30:00,$ 3511.65,1
1839,09:30:00,$ 3511.65,2
1840,09:30:00,$ 3511.65,35
1841,09:30:00,$ 3511.65,1
1842,09:30:00,$ 3511.65,1
1843,09:30:00,$ 3511.65,1
1844,09:30:00,$ 3511.65,4
1845,09:30:00,$ 3511.65,100
1846,09:30:00,$ 3511.65,2
1847,09:30:00,$ 3511.65,30
1849,09:30:00,$ 3511.65,3
1850,09:30:00,$ 3511.65,35
1851,09:30:00,$ 3511.65,1
1852,09:30:00,$ 3511.65,2
1853,09:30:00,$ 3511.65,1
1854,09:30:00,$ 3511.65,39
1855,09:30:00,$ 3511.65,3
1856,09:30:00,$ 3511.65,30
1857,09:30:00,$ 3511.65,5
1858,09:30:00,$ 3511.65,288
1859,09:30:00,$ 3511.65,50
1860,09:30:00,$ 3511.65,8
1861,09:30:00,$ 3511.65,2
1862,09:30:00,$ 3511.65,27
1863,09:30:00,$ 3511.65,222
1864,09:30:00,$ 3511.65,1
1865,09:30:00,$ 3511.65,8
1866,09:30:00,$ 3511.65,56
1867,09:30:00,$ 3511.65,28
1868,09:30:00,$ 3511.65,4
1870,09:30:00,$ 3511.65,1
1871,09:30:00,$ 3511.65,5
1872,09:30:00,$ 3511.65,5
1873,09:30:00,$ 3511.65,17
1874,09:30:00,$ 3511.65,3
1875,09:30:00,$ 3511.65,3
1876,09:30:00,$ 3511.65,1
1877,09:30:00,$ 3511.65,2
1878,09:30:00,$ 3511.65,1
1879,09:30:00,$ 3511.65,5
1880,09:30:00,$ 3511.65,1
1881,09:30:00,$ 3511.65,10
1882,09:30:00,$ 3511.65,3
1883,09:30:00,$ 3511.65,112
1884,09:30:00,$ 3511.65,10
1885,09:30:00,$ 3511.65,30
1886,09:30:00,$ 3511.65,1
1887,09:30:00,$ 3511.65,7
1888,09:30:00,$ 3511.65,2
1889,09:30:00,$ 3511.65,4
1891,09:30:00,$ 3511.65,250
1892,09:30:00,$ 3511.65,1
1893,09:30:00,$ 3511.65,2
1894,09:30:00,$ 3511.65,4
1895,09:30:00,$ 3511.65,10
1896,09:30:00,$ 3511.65,20
1897,09:30:00,$ 3511.65,1
1898,09:30:00,$ 3511.65,3
1899,09:30:00,$ 3511.65,3
1900,09:30:00,$ 3511.65,1
1901,09:30:00,$ 3511.65,3
1902,09:30:00,$ 3511.65,5
1903,09:30:00,$ 3511.65,1
1904,09:30:00,$ 3511.65,2
1905,09:30:00,$ 3511.65,1
1906,09:30:00,$ 3511.65,1
1907,09:30:00,$ 3511.65,100
1908,09:30:00,$ 3511.65,2
1909,09:30:00,$ 3511.65,1
1910,09:30:00,$ 3511.65,1
1912,09:30:00,$ 3511.65,1
1913,09:30:00,$ 3511.65,1
1914,09:30:00,$ 3511.65,4
1915,09:30:00,$ 3511.65,2
1916,09:30:00,$ 3511.65,1
1917,09:30:00,$ 3511.65,3
1918,09:30:00,$ 3511.65,2
1919,09:30:00,$ 3511.65,1
1920,09:30:00,$ 3511.65,1
1921,09:30:00,$ 3511.65,1
1922,09:30:00,$ 3511.65,5
1923,09:30:00,$ 3511.65,1
1924,09:30:00,$ 3511.65,1
1925,09:30:00,$ 3511.65,1
1926,09:30:00,$ 3511.65,1
1927,09:30:00,$ 3511.65,1
1928,09:30:00,$ 3511.65,1
1929,09:30:00,$ 3511.65,1
1930,09:30:00,$ 3511.65,5
1931,09:30:00,$ 3511.65,1
1933,09:30:00,$ 3511.65,1
1934,09:30:00,$ 3511.65,2
1935,09:30:00,$ 3511.65,1
1936,09:30:00,$ 3511.65,2
1937,09:30:00,$ 3511.65,1
1938,09:30:00,$ 3511.65,5
1939,09:30:00,$ 3511.65,50
1940,09:30:00,$ 3511.65,3
1941,09:30:00,$ 3511.65,1
1942,09:30:00,$ 3511.65,5
1943,09:30:00,$ 3511.65,81
1944,09:30:00,$ 3511.65,100
1945,09:30:00,$ 3511.65,2
1946,09:30:00,$ 3511.65,35
1947,09:30:00,$ 3511.65,267
1948,09:30:00,$ 3511.65,1
1949,09:30:00,$ 3511.65,100
1950,09:30:00,$ 3511.65,10
1951,09:30:00,$ 3511.65,2
1952,09:30:00,$ 3511.65,1
1954,09:30:00,$ 3511.65,10
1955,09:30:00,$ 3511.65,100
1956,09:30:00,$ 3511.65,2
1957,09:30:00,$ 3511.65,10
1958,09:30:00,$ 3511.65,15
1959,09:30:00,$ 3511.65,700
1960,09:30:00,$ 3511.65,1
1961,09:30:00,$ 3511.65,1
1962,09:30:00,$ 3511.65,3
1963,09:30:00,$ 3511.65,21
1964,09:30:00,$ 3511.65,3
1965,09:30:00,$ 3511.65,5
1966,09:30:00,$ 3511.65,3
1967,09:30:00,$ 3511.65,8
1968,09:30:00,$ 3511.65,12
1969,09:30:00,$ 3511.65,3
1970,09:30:00,$ 3511.65,3
1971,09:30:00,$ 3511.65,60
1972,09:30:00,$ 3511.65,1
1973,09:30:00,$ 3511.65,8
1975,09:30:00,$ 3511.65,6
1976,09:30:00,$ 3511.65,3
1977,09:30:00,$ 3511.65,100
1978,09:30:00,$ 3511.65,1
1979,09:30:00,$ 3511.65,64
1980,09:30:00,$ 3511.65,19
1981,09:30:00,$ 3511.65,50
1982,09:30:00,$ 3511.65,8
1983,09:30:00,$ 3511.65,5
1984,09:30:00,$ 3511.65,7
1985,09:30:00,$ 3511.65,100
1986,09:30:00,$ 3511.65,10
1987,09:30:00,$ 3511.65,5
1988,09:30:00,$ 3511.65,4
1989,09:30:00,$ 3511.65,1
1990,09:30:00,$ 3511.65,5
1991,09:30:00,$ 3511.65,2
1992,09:30:00,$ 3511.65,28
1993,09:30:00,$ 3511.65,4
1994,09:30:00,$ 3511.65,100
1996,09:30:00,$ 3511.65,3
1997,09:30:00,$ 3511.65,3
1998,09:30:00,$ 3511.65,2
1999,09:30:00,$ 3511.65,23
2000,09:30:00,$ 3511.65,28
2001,09:30:00,$ 3511.65,28
2002,09:30:00,$ 3511.65,28
2003,09:30:00,$ 3511.65,2
2004,09:30:00,$ 3511.65,1
2005,09:30:00,$ 3511.65,10
2006,09:30:00,$ 3511.65,1
2007,09:30:00,$ 3511.65,1
2008,09:30:00,$ 3511.65,2
2009,09:30:00,$ 3511.65,220
2010,09:30:00,$ 3511.65,1
2011,09:30:00,$ 3511.65,4
2012,09:30:00,$ 3511.65,7
2013,09:30:00,$ 3511.65,5
2014,09:30:00,$ 3511.65,26
2015,09:30:00,$ 3511.65,5
2017,09:30:00,$ 3511.65,1
2018,09:30:00,$ 3511.65,200
2019,09:30:00,$ 3511.65,1
2020,09:30:00,$ 3511.65,1
2021,09:30:00,$ 3511.65,107
2022,09:30:00,$ 3511.65,213
2023,09:30:00,$ 3511.65,5
2024,09:30:00,$ 3511.65,40
2025,09:30:00,$ 3511.65,3
2026,09:30:00,$ 3511.65,1
2027,09:30:00,$ 3511.65,3
2028,09:30:00,$ 3511.65,14
2029,09:30:00,$ 3511.65,3
2030,09:30:00,$ 3511.65,8
2031,09:30:00,$ 3511.65,14
2032,09:30:00,$ 3511.65,113
2033,09:30:00,$ 3511.65,2
2034,09:30:00,$ 3511.65,4
2035,09:30:00,$ 3511.65,1
2036,09:30:00,$ 3511.65,1
2038,09:30:00,$ 3511.65,1
2039,09:30:00,$ 3511.65,3
2040,09:30:00,$ 3511.65,4
2041,09:30:00,$ 3511.65,4
2042,09:30:00,$ 3511.65,100
2043,09:30:00,$ 3511.65,1
2044,09:30:00,$ 3511.65,7
2045,09:30:00,$ 3511.65,3
2046,09:30:00,$ 3511.65,1
2047,09:30:00,$ 3511.65,4
2048,09:30:00,$ 3511.65,2
2049,09:30:00,$ 3511.65,1
2050,09:30:00,$ 3511.65,5
2051,09:30:00,$ 3511.65,2
2052,09:30:00,$ 3511.65,5
2053,09:30:00,$ 3511.65,1
2054,09:30:00,$ 3511.65,3
2055,09:30:00,$ 3511.65,3
2056,09:30:00,$ 3511.65,2
2057,09:30:00,$ 3511.65,140
2059,09:30:00,$ 3511.65,1
2060,09:30:00,$ 3511.65,10
2061,09:30:00,$ 3511.65,140
2062,09:30:00,$ 3511.65,2
2063,09:30:00,$ 3511.65,20
2064,09:30:00,$ 3511.65,30
2065,09:30:00,$ 3511.65,1
2066,09:30:00,$ 3511.65,3
2067,09:30:00,$ 3511.65,1
2068,09:30:00,$ 3511.65,6
2069,09:30:00,$ 3511.65,3
2070,09:30:00,$ 3511.65,1
2071,09:30:00,$ 3511.65,2
2072,09:30:00,$ 3511.65,8
2073,09:30:00,$ 3511.65,28
2074,09:30:00,$ 3511.65,14
2075,09:30:00,$ 3511.65,3
2076,09:30:00,$ 3511.65,1
2077,09:30:00,$ 3511.65,1
2078,09:30:00,$ 3511.65,30
2080,09:30:00,$ 3511.65,2
2081,09:30:00,$ 3511.65,2
2082,09:30:00,$ 3511.65,2
2083,09:30:00,$ 3511.65,7
2084,09:30:00,$ 3511.65,4
2085,09:30:00,$ 3511.65,14
2086,09:30:00,$ 3511.65,3
2087,09:30:00,$ 3511.65,5
2088,09:30:00,$ 3511.65,4
2089,09:30:00,$ 3511.65,1
2090,09:30:00,$ 3511.65,12
2091,09:30:00,$ 3511.65,12
2092,09:30:00,$ 3511.65,5
2093,09:30:00,$ 3511.65,40
2094,09:30:00,$ 3511.65,1
2095,09:30:00,$ 3511.65,1
2096,09:30:00,$ 3511.65,1
2097,09:30:00,$ 3511.65,4
2098,09:30:00,$ 3511.65,1
2099,09:30:00,$ 3511.65,4
2101,09:30:00,$ 3511.65,48
2102,09:30:00,$ 3511.65,2
2103,09:30:00,$ 3511.65,10
2104,09:30:00,$ 3511.65,7
2105,09:30:00,$ 3511.65,2
2106,09:30:00,$ 3511.65,5
2107,09:30:00,$ 3511.65,56
2108,09:30:00,$ 3511.65,2
2109,09:30:00,$ 3511.65,6
2110,09:30:00,$ 3511.65,13
2111,09:30:00,$ 3511.65,1
2112,09:30:00,$ 3511.65,20
2113,09:30:00,$ 3511.65,9
2114,09:30:00,$ 3511.65,5
2115,09:30:00,$ 3511.65,34
2116,09:30:00,$ 3511.65,2
2117,09:30:00,$ 3511.65,1
2118,09:30:00,$ 3511.65,1
2119,09:30:00,$ 3511.65,2
2120,09:30:00,$ 3511.65,2
2122,09:30:00,$ 3511.65,2
2123,09:30:00,$ 3511.65,1
2124,09:30:00,$ 3511.65,42
2125,09:30:00,$ 3511.65,10
2126,09:30:00,$ 3511.65,4
2127,09:30:00,$ 3511.65,119
2128,09:30:00,$ 3511.65,2
2129,09:30:00,$ 3511.65,3
2130,09:30:00,$ 3511.65,1
2131,09:30:00,$ 3511.65,1
2132,09:30:00,$ 3511.65,2
2133,09:30:00,$ 3511.65,4
2134,09:30:00,$ 3511.65,1
2135,09:30:00,$ 3511.65,11
2136,09:30:00,$ 3511.65,2
2137,09:30:00,$ 3511.65,4
2138,09:30:00,$ 3511.65,1
2139,09:30:00,$ 3511.65,1
2140,09:30:00,$ 3511.65,1
2141,09:30:00,$ 3511.65,1
2143,09:30:00,$ 3511.65,1
2144,09:30:00,$ 3511.65,1
2145,09:30:00,$ 3511.65,1
2146,09:30:00,$ 3511.65,1
2147,09:30:00,$ 3511.65,2
2148,09:30:00,$ 3511.65,1
2149,09:30:00,$ 3511.65,1
2150,09:30:00,$ 3511.65,1
2151,09:30:00,$ 3511.65,2
2152,09:30:00,$ 3511.65,1
2153,09:30:00,$ 3511.65,1
2154,09:30:00,$ 3511.65,1
2155,09:30:00,$ 3511.65,2
2156,09:30:00,$ 3511.65,2
2157,09:30:00,$ 3511.65,2
2158,09:30:00,$ 3511.65,1
2159,09:30:00,$ 3511.65,2
2160,09:30:00,$ 3511.65,2
2161,09:30:00,$ 3511.65,1
2162,09:30:00,$ 3511.65,2
2164,09:30:00,$ 3511.65,2
2165,09:30:00,$ 3511.65,1
2166,09:30:00,$ 3511.65,1
2167,09:30:00,$ 3511.65,1
2168,09:30:00,$ 3511.65,1
2169,09:30:00,$ 3511.65,1
2170,09:30:00,$ 3511.65,1
2171,09:30:00,$ 3511.65,1
2172,09:30:00,$ 3511.65,1
2173,09:30:00,$ 3511.65,1
2174,09:30:00,$ 3511.65,1
2175,09:30:00,$ 3511.65,1
2176,09:30:00,$ 3511.65,1
2177,09:30:00,$ 3511.65,1
2178,09:30:00,$ 3511.65,1
2179,09:30:00,$ 3511.65,1
2180,09:30:00,$ 3511.65,1
2181,09:30:00,$ 3511.65,1
2182,09:30:00,$ 3511.65,1
2183,09:30:00,$ 3511.65,1
2185,09:30:00,$ 3511.65,16
2186,09:30:00,$ 3511.65,1
2187,09:30:00,$ 3511.65,1
2188,09:30:00,$ 3511.65,3
2189,09:30:00,$ 3511.65,1
2190,09:30:00,$ 3511.65,1
2191,09:30:00,$ 3511.65,1
2192,09:30:00,$ 3511.65,5
2193,09:30:00,$ 3511.65,1
2194,09:30:00,$ 3511.65,1
2195,09:30:00,$ 3511.65,1
2196,09:30:00,$ 3511.65,3
2197,09:30:00,$ 3511.65,18
2198,09:30:00,$ 3511.65,3
2199,09:30:00,$ 3511.65,1
2200,09:30:00,$ 3511.65,1
2201,09:30:00,$ 3511.65,1
2202,09:30:00,$ 3511.65,9
2203,09:30:00,$ 3511.65,2
2204,09:30:00,$ 3511.65,10
2206,09:30:00,$ 3511.65,1
2207,09:30:00,$ 3511.65,33
2208,09:30:00,$ 3511.65,3
2209,09:30:00,$ 3511.65,2
2210,09:30:00,$ 3511.65,1
2211,09:30:00,$ 3511.65,2
2212,09:30:00,$ 3511.65,100
2213,09:30:00,$ 3511.65,170
2214,09:30:00,$ 3511.65,1
2215,09:30:00,$ 3511.65,1
2216,09:30:00,$ 3511.65,1
2217,09:30:00,$ 3511.65,1
2218,09:30:00,$ 3511.65,2
2219,09:30:00,$ 3511.65,1
2220,09:30:00,$ 3511.65,9
2221,09:30:00,$ 3511.65,21
2222,09:30:00,$ 3511.65,2
2223,09:30:00,$ 3511.65,185
2224,09:30:00,$ 3511.65,1
2225,09:30:00,$ 3511.65,2
2227,09:30:00,$ 3511.65,3
2228,09:30:00,$ 3511.65,7
2229,09:30:00,$ 3511.65,2
2230,09:30:00,$ 3511.65,1
2231,09:30:00,$ 3511.65,4
2232,09:30:00,$ 3511.65,1
2233,09:30:00,$ 3511.65,10
2234,09:30:00,$ 3511.65,113
2235,09:30:00,$ 3511.65,1
2236,09:30:00,$ 3511.65,1
2237,09:30:00,$ 3511.65,2
2238,09:30:00,$ 3511.65,4
2239,09:30:00,$ 3511.65,1
2240,09:30:00,$ 3511.65,128
2241,09:30:00,$ 3511.65,5
2242,09:30:00,$ 3511.65,12
2243,09:30:00,$ 3511.65,3
2244,09:30:00,$ 3511.65,2
2245,09:30:00,$ 3511.65,10
2246,09:30:00,$ 3511.65,1
2248,09:30:00,$ 3511.65,371
2249,09:30:00,$ 3511.65,10
2250,09:30:00,$ 3511.65,1
2251,09:30:00,$ 3511.65,3
2252,09:30:00,$ 3511.65,3
2253,09:30:00,$ 3511.65,20
2255,10:29:59,$ 3534.32,100
2256,10:29:59,$ 3533.98,100
2257,10:29:59,$ 3533.92,100
2258,10:29:59,$ 3533.91,100
2259,10:29:59,$ 3534.5941,171
2260,10:29:49,$ 3534.36,115
2261,10:29:46,$ 3534.10,100
2262,10:29:46,$ 3534.15,100
2263,10:29:44,$ 3534.9066,100
2264,10:29:44,$ 3534.8711,500
2265,10:29:38,$ 3534.62,100
2266,10:29:30,$ 3534.81,100
2267,10:29:29,$ 3534.7606,150
2268,10:29:19,$ 3534.15,178
2269,10:29:19,$ 3534.26,100
2270,10:29:13,$ 3534.15,300
2271,10:29:12,$ 3534.82,100
2272,10:29:07,$ 3534.11,100
2273,10:29:04,$ 3533.49,100
2274,10:29:04,$ 3533.44,100
2276,10:29:04,$ 3533.3375,200
2277,10:29:03,$ 3532.42,100
2278,10:29:02,$ 3532.22,100
2279,10:29:01,$ 3533.37,100
2280,10:29:00,$ 3533.8456,402
2281,10:28:55,$ 3534.10,253
2282,10:28:54,$ 3534.14,200
2283,10:28:52,$ 3534.30,100
2284,10:28:41,$ 3534.215,500
2285,10:28:34,$ 3534.85,150
2286,10:28:32,$ 3535.656,500
2287,10:28:22,$ 3534.10,100
2288,10:28:22,$ 3534.10,100
2289,10:28:22,$ 3534.10,100
2290,10:28:20,$ 3535.00,500
2291,10:28:03,$ 3534.966,100
2292,10:27:55,$ 3534.53,100
2293,10:27:53,$ 3535.00,100
2294,10:27:51,$ 3535.3001,100
2295,10:27:48,$ 3535.65,100
2297,10:27:47,$ 3534.625,100
2298,10:27:47,$ 3534.64,100
2299,10:27:47,$ 3535.225,100
2300,10:27:39,$ 3536.26,100
2301,10:27:37,$ 3535.06,300
2302,10:27:35,$ 3535.00,100
2303,10:27:35,$ 3535.04,100
2304,10:27:35,$ 3534.43,130
2305,10:27:35,$ 3536.01,100
2306,10:27:35,$ 3536.07,100
2307,10:27:35,$ 3536.88,100
2308,10:27:28,$ 3538.37,100
2309,10:27:28,$ 3538.37,100
2310,10:27:26,$ 3538.18,100
2311,10:27:25,$ 3538.53,100
2312,10:27:19,$ 3538.5099,100
2313,10:27:13,$ 3538.79,100
2314,10:27:13,$ 3538.79,100
2315,10:27:13,$ 3538.30,100
2316,10:27:13,$ 3538.30,100
2318,10:27:13,$ 3538.8842,100
2319,10:27:13,$ 3538.31,100
2320,10:26:44,$ 3539.19,100
2321,10:26:42,$ 3540.08,100
2322,10:26:42,$ 3540.08,100
2323,10:26:28,$ 3540.00,295
2324,10:26:26,$ 3541.4001,200
2325,10:26:20,$ 3540.575,500
2326,10:26:19,$ 3541.58,100
2327,10:26:16,$ 3542.01,200
2328,10:26:14,$ 3542.025,500
2329,10:26:12,$ 3541.89,190
2330,10:26:12,$ 3541.89,211
2331,10:26:12,$ 3541.89,100
2332,10:26:12,$ 3541.89,134
2333,10:26:09,$ 3541.60,116
2334,10:26:08,$ 3541.84,100
2335,10:26:08,$ 3541.88,100
2336,10:26:08,$ 3541.82,200
2337,10:26:08,$ 3541.80,110
2339,10:26:03,$ 3541.82,100
2340,10:25:46,$ 3542.0598,450
2341,10:25:45,$ 3542.53,100
2342,10:25:42,$ 3542.08,500
2343,10:25:41,$ 3542.435,100
2344,10:25:38,$ 3542.26,100
2345,10:25:37,$ 3541.58,100
2346,10:25:33,$ 3539.47,200
2347,10:25:33,$ 3539.47,200
2348,10:25:33,$ 3538.839,200
2349,10:25:31,$ 3539.71,100
2350,10:25:29,$ 3539.12,100
2351,10:25:24,$ 3538.20,100
2352,10:25:21,$ 3538.07,100
2353,10:25:12,$ 3538.92,100
2354,10:25:10,$ 3538.7133,300
2355,10:25:10,$ 3538.72,100
2356,10:25:06,$ 3538.8688,100
2357,10:24:57,$ 3538.60,100
2358,10:24:48,$ 3539.05,100
2360,10:24:48,$ 3539.035,100
2361,10:24:46,$ 3539.8567,300
2362,10:24:27,$ 3540.30,100
2363,10:24:27,$ 3540.30,169
2364,10:24:27,$ 3540.29,100
2365,10:24:13,$ 3540.90,198
2366,10:24:11,$ 3541.79,100
2367,10:24:02,$ 3539.57,100
2368,10:23:58,$ 3538.50,174
2369,10:23:58,$ 3539.2177,100
2370,10:23:51,$ 3540.3799,100
2371,10:23:51,$ 3540.04,300
2372,10:23:40,$ 3540.07,100
2373,10:23:37,$ 3540.23,100
2374,10:23:34,$ 3540.42,300
2375,10:23:31,$ 3539.985,100
2376,10:23:02,$ 3541.46,100
2377,10:23:02,$ 3541.43,100
2378,10:23:02,$ 3541.41,100
2379,10:23:02,$ 3541.43,200
2381,10:22:54,$ 3541.94,100
2382,10:22:42,$ 3542.47,500
2383,10:22:41,$ 3542.61,100
2384,10:22:41,$ 3542.50,200
2385,10:22:38,$ 3542.92,100
2386,10:22:38,$ 3542.92,100
2387,10:22:38,$ 3542.91,177
2388,10:22:33,$ 3542.675,200
2389,10:22:33,$ 3543.355,100
2390,10:22:30,$ 3541.98,100
2391,10:22:26,$ 3541.97,100
2392,10:22:26,$ 3541.935,100
2393,10:22:26,$ 3541.21,100
2394,10:22:24,$ 3541.155,100
2395,10:22:21,$ 3541.15,100
2396,10:22:21,$ 3541.135,100
2397,10:22:18,$ 3541.47,100
2398,10:22:18,$ 3540.918,200
2399,10:22:18,$ 3541.43,100
2400,10:22:18,$ 3540.75,100
2402,10:22:18,$ 3540.39,195
2403,10:22:16,$ 3540.84,100
2404,10:22:08,$ 3540.315,100
2405,10:22:05,$ 3538.51,300
2406,10:22:05,$ 3538.51,200
2407,10:21:57,$ 3537.70,168
2408,10:21:53,$ 3537.71,100
2409,10:21:51,$ 3537.70,185
2410,10:21:51,$ 3537.92,100
2411,10:21:51,$ 3537.92,100
2412,10:21:46,$ 3537.24,100
2413,10:21:37,$ 3538.49,250
2414,10:21:23,$ 3539.165,100
2415,10:21:18,$ 3539.00,100
2416,10:21:13,$ 3537.57,100
2417,10:21:13,$ 3536.80,299
2418,10:21:11,$ 3537.37,100
2419,10:21:11,$ 3537.48,115
2420,10:21:05,$ 3539.73,100
2421,10:21:04,$ 3539.4221,150
2423,10:21:03,$ 3539.00,100
2424,10:20:59,$ 3539.67,100
2425,10:20:59,$ 3539.67,100
2426,10:20:59,$ 3540.05,100
2427,10:20:52,$ 3541.6186,200
2428,10:20:48,$ 3542.3199,300
2429,10:20:45,$ 3543.3003,100
2430,10:20:45,$ 3543.31,100
2431,10:20:44,$ 3543.925,100
2432,10:20:43,$ 3544.33,111
2433,10:20:43,$ 3544.31,100
2434,10:20:43,$ 3544.30,100
2435,10:20:43,$ 3544.45,100
2436,10:20:43,$ 3544.41,100
2437,10:20:43,$ 3544.65,100
2438,10:20:43,$ 3544.62,100
2439,10:20:43,$ 3544.58,205
2440,10:20:38,$ 3544.74,100
2441,10:20:38,$ 3544.74,100
2442,10:20:35,$ 3545.605,100
2444,10:20:35,$ 3545.63,100
2445,10:20:32,$ 3545.305,100
2446,10:20:28,$ 3545.43,100
2447,10:20:27,$ 3545.00,100
2448,10:20:25,$ 3544.95,100
2449,10:20:25,$ 3544.91,100
2450,10:20:24,$ 3543.2389,100
2451,10:20:22,$ 3544.14,100
2452,10:20:19,$ 3543.82,100
2453,10:20:18,$ 3544.00,100
2454,10:20:18,$ 3543.115,110
2455,10:20:12,$ 3542.88,100
2456,10:20:12,$ 3542.86,100
2457,10:20:11,$ 3543.475,500
2458,10:20:08,$ 3542.52,300
2459,10:20:07,$ 3543.06,200
2460,10:20:07,$ 3542.3828,400
2461,10:20:07,$ 3542.49,100
2462,10:20:02,$ 3542.90,100
2463,10:20:02,$ 3542.90,100
2465,10:20:02,$ 3542.91,135
2466,10:19:57,$ 3542.66,100
2467,10:19:57,$ 3542.625,100
2468,10:19:57,$ 3542.67,100
2469,10:19:57,$ 3542.595,100
2470,10:19:57,$ 3541.99,110
2471,10:19:57,$ 3541.99,100
2472,10:19:56,$ 3541.51,100
2473,10:19:52,$ 3541.58,100
2474,10:19:51,$ 3541.59,106
2475,10:19:49,$ 3541.6654,100
2476,10:19:49,$ 3542.16,100
2477,10:19:47,$ 3541.6569,100
2478,10:19:46,$ 3542.195,100
2479,10:19:46,$ 3542.16,100
2480,10:19:45,$ 3541.40,110
2481,10:19:42,$ 3541.56,100
2482,10:19:41,$ 3541.07,200
2483,10:19:39,$ 3539.93,100
2484,10:19:39,$ 3540.28,100
2486,10:19:37,$ 3539.3265,200
2487,10:19:36,$ 3540.205,100
2488,10:19:36,$ 3539.63,100
2489,10:19:35,$ 3539.65,100
2490,10:19:35,$ 3538.93,100
2491,10:19:34,$ 3538.24,100
2492,10:19:34,$ 3537.87,100
2493,10:19:34,$ 3537.97,100
2494,10:19:34,$ 3536.89,100
2495,10:19:32,$ 3537.94,100
2496,10:19:32,$ 3537.44,100
2497,10:19:29,$ 3536.8201,100
2498,10:19:29,$ 3537.235,500
2499,10:19:28,$ 3537.29,100
2500,10:19:22,$ 3536.88,100
2501,10:19:21,$ 3536.4446,120
2502,10:19:21,$ 3536.88,100
2503,10:19:21,$ 3536.88,100
2504,10:19:21,$ 3536.78,100
2505,10:19:20,$ 3536.5549,200
2507,10:19:19,$ 3536.773,154
2508,10:19:18,$ 3536.7531,100
2509,10:19:16,$ 3536.88,100
2510,10:19:16,$ 3536.88,100
2511,10:19:11,$ 3536.405,100
2512,10:19:09,$ 3535.75,100
2513,10:19:03,$ 3536.255,100
2514,10:18:50,$ 3536.01,200
2515,10:18:49,$ 3536.36,104
2516,10:18:49,$ 3536.36,105
2517,10:18:28,$ 3538.5229,100
2518,10:18:23,$ 3539.023,500
2519,10:18:22,$ 3539.31,100
2520,10:18:22,$ 3538.48,100
2521,10:18:11,$ 3538.6274,100
2522,10:18:08,$ 3538.42,100
2523,10:18:08,$ 3538.43,100
2524,10:18:08,$ 3538.46,100
2525,10:18:06,$ 3538.40,100
2526,10:18:02,$ 3536.90,100
2528,10:17:55,$ 3537.20,100
2529,10:17:55,$ 3537.20,100
2530,10:17:55,$ 3537.20,100
2531,10:17:48,$ 3537.90,100
2532,10:17:45,$ 3537.92,500
2533,10:17:44,$ 3537.36,100
2534,10:17:43,$ 3537.42,100
2535,10:17:43,$ 3537.69,110
2536,10:17:40,$ 3537.96,100
2537,10:17:40,$ 3537.96,100
2538,10:17:33,$ 3538.58,125
2539,10:17:33,$ 3538.58,100
2540,10:17:33,$ 3538.58,125
2541,10:17:32,$ 3538.5899,100
2542,10:17:30,$ 3537.5084,199
2543,10:17:29,$ 3538.80,200
2544,10:17:29,$ 3537.975,100
2545,10:17:29,$ 3537.46,100
2546,10:17:29,$ 3538.08,100
2547,10:17:28,$ 3536.8401,100
2549,10:17:26,$ 3537.07,100
2550,10:17:22,$ 3535.845,100
2551,10:17:21,$ 3537.27,100
2552,10:17:20,$ 3537.11,100
2553,10:17:19,$ 3537.00,100
2554,10:17:18,$ 3539.20,100
2555,10:17:18,$ 3538.00,100
2556,10:17:18,$ 3539.13,100
2557,10:17:18,$ 3539.12,100
2558,10:17:18,$ 3538.24,100
2559,10:16:50,$ 3539.89,100
2560,10:16:19,$ 3538.76,275
2561,10:16:19,$ 3539.02,100
2562,10:16:19,$ 3539.00,100
2563,10:16:17,$ 3539.7172,500
2564,10:16:15,$ 3540.28,100
2565,10:16:13,$ 3540.2701,116
2566,10:16:13,$ 3540.355,100
2567,10:16:10,$ 3540.3907,200
2568,10:16:05,$ 3540.25,200
2570,10:16:04,$ 3541.9699,500
2571,10:16:02,$ 3540.86,100
2572,10:15:54,$ 3539.94,200
2573,10:15:51,$ 3541.17,100
2574,10:15:50,$ 3541.48,100
2575,10:15:47,$ 3541.9599,"1,093"
2576,10:15:42,$ 3541.005,200
2577,10:15:41,$ 3540.95,499
2578,10:15:40,$ 3540.99,100
2579,10:15:40,$ 3540.53,100
2580,10:15:40,$ 3540.64,100
2581,10:15:40,$ 3540.69,100
2582,10:15:34,$ 3541.635,400
2583,10:15:29,$ 3542.44,120
2584,10:15:28,$ 3542.01,100
2585,10:15:28,$ 3542.07,100
2586,10:15:28,$ 3542.7988,100
2587,10:15:27,$ 3542.71,100
2588,10:15:12,$ 3543.27,100
2589,10:15:11,$ 3543.99,100
2591,10:15:11,$ 3544.32,100
2592,10:15:11,$ 3544.175,100
2593,10:15:09,$ 3543.789,173
2594,10:15:09,$ 3543.34,100
2595,10:15:07,$ 3542.7332,246
2596,10:15:02,$ 3542.6129,282
2597,10:14:59,$ 3541.502,500
2598,10:14:51,$ 3541.0097,180
2599,10:14:50,$ 3540.83,100
2600,10:14:41,$ 3541.08,100
2601,10:14:40,$ 3540.90,100
2602,10:14:39,$ 3540.67,100
2603,10:14:39,$ 3540.67,100
2604,10:14:37,$ 3540.255,100
2605,10:14:37,$ 3540.7699,200
2606,10:14:18,$ 3539.00,100
2607,10:14:15,$ 3538.80,200
2608,10:14:13,$ 3538.82,100
2609,10:14:13,$ 3539.08,100
2610,10:14:11,$ 3539.757,500
2612,10:14:01,$ 3539.5799,300
2613,10:14:01,$ 3538.873,167
2614,10:14:01,$ 3538.18,100
2615,10:14:01,$ 3538.873,100
2616,10:14:00,$ 3538.67,100
2617,10:13:56,$ 3539.1164,100
2618,10:13:52,$ 3539.08,100
2619,10:13:48,$ 3538.965,100
2620,10:13:48,$ 3538.965,100
2621,10:13:47,$ 3539.7453,300
2622,10:13:46,$ 3540.00,184
2623,10:13:46,$ 3540.00,100
2624,10:13:43,$ 3539.10,100
2625,10:13:43,$ 3539.10,100
2626,10:13:43,$ 3539.10,100
2627,10:13:38,$ 3538.77,100
2628,10:13:36,$ 3538.8916,150
2629,10:13:35,$ 3539.56,100
2630,10:13:35,$ 3539.208,282
2631,10:13:35,$ 3539.45,100
2633,10:13:35,$ 3539.21,100
2634,10:13:31,$ 3538.49,100
2635,10:13:31,$ 3538.665,100
2636,10:13:31,$ 3538.505,100
2637,10:13:31,$ 3538.665,100
2638,10:13:23,$ 3538.4401,100
2639,10:13:19,$ 3540.455,190
2640,10:13:15,$ 3540.20,100
2641,10:13:15,$ 3540.07,300
2642,10:13:15,$ 3540.62,100
2643,10:13:13,$ 3539.92,100
2644,10:13:13,$ 3539.92,100
2645,10:13:11,$ 3540.12,100
2646,10:13:10,$ 3540.07,100
2647,10:13:10,$ 3539.77,100
2648,10:13:10,$ 3539.76,100
2649,10:13:10,$ 3540.425,100
2650,10:13:10,$ 3541.005,100
2651,10:13:10,$ 3540.12,"1,909"
2652,10:13:10,$ 3540.00,100
2654,10:13:07,$ 3539.88,100
2655,10:13:03,$ 3539.175,100
2656,10:13:03,$ 3539.52,100
2657,10:13:02,$ 3539.12,100
2658,10:13:02,$ 3539.12,100
2659,10:13:02,$ 3539.61,100
2660,10:13:01,$ 3539.60,100
2661,10:13:01,$ 3539.21,100
2662,10:12:56,$ 3538.609,149
2663,10:12:52,$ 3538.91,175
2664,10:12:44,$ 3539.535,500
2665,10:12:28,$ 3538.00,100
2666,10:12:09,$ 3538.91,100
2667,10:12:09,$ 3538.88,100
2668,10:12:09,$ 3538.60,200
2669,10:12:09,$ 3538.88,100
2670,10:12:08,$ 3537.0472,100
2671,10:12:01,$ 3538.00,105
2672,10:11:51,$ 3538.4403,100
2673,10:11:50,$ 3538.40,100
2675,10:11:49,$ 3538.8994,274
2676,10:11:44,$ 3538.9996,100
2677,10:11:44,$ 3539.125,100
2678,10:11:37,$ 3539.00,100
2679,10:11:37,$ 3539.00,164
2680,10:11:24,$ 3538.80,100
2681,10:11:22,$ 3537.84,100
2682,10:11:16,$ 3537.7426,100
2683,10:11:13,$ 3539.26,100
2684,10:11:09,$ 3538.80,100
2685,10:11:06,$ 3538.81,500
2686,10:11:05,$ 3539.3147,100
2687,10:11:01,$ 3538.302,300
2688,10:11:01,$ 3538.88,195
2689,10:11:01,$ 3538.88,300
2690,10:10:57,$ 3537.86,100
2691,10:10:53,$ 3537.473,100
2692,10:10:52,$ 3537.19,500
2693,10:10:52,$ 3537.00,100
2694,10:10:51,$ 3537.70,119
2696,10:10:51,$ 3537.70,576
2697,10:10:51,$ 3537.70,234
2698,10:10:38,$ 3539.3335,199
2699,10:10:38,$ 3538.0501,100
2700,10:10:37,$ 3538.89,200
2701,10:10:34,$ 3538.955,100
2702,10:10:33,$ 3538.9013,100
2703,10:10:31,$ 3538.45,500
2704,10:10:31,$ 3538.50,100
2705,10:10:30,$ 3538.4469,100
2706,10:10:29,$ 3538.0291,800
2707,10:10:26,$ 3538.30,100
2708,10:10:25,$ 3538.045,100
2709,10:10:25,$ 3537.92,100
2710,10:10:25,$ 3537.92,100
2711,10:10:24,$ 3537.9201,100
2712,10:10:22,$ 3538.9623,282
2713,10:10:22,$ 3538.52,113
2714,10:10:22,$ 3538.52,100
2715,10:10:21,$ 3538.087,100
2717,10:10:17,$ 3537.31,100
2718,10:10:16,$ 3537.7142,100
2719,10:10:14,$ 3537.03,100
2720,10:10:13,$ 3537.2025,100
2721,10:10:10,$ 3536.52,100
2722,10:10:10,$ 3536.54,100
2723,10:10:09,$ 3536.4933,300
2724,10:10:08,$ 3536.47,500
2725,10:10:03,$ 3535.00,100
2726,10:10:03,$ 3535.00,100
2727,10:10:03,$ 3534.97,100
2728,10:10:03,$ 3534.97,100
2729,10:09:48,$ 3534.468,500
2730,10:09:47,$ 3533.34,200
2731,10:09:47,$ 3534.00,100
2732,10:09:44,$ 3535.39,100
2733,10:09:43,$ 3535.00,100
2734,10:09:38,$ 3535.3698,300
2735,10:09:33,$ 3535.0575,100
2736,10:09:33,$ 3535.0575,100
2738,10:09:33,$ 3535.03,100
2739,10:09:33,$ 3535.26,100
2740,10:09:33,$ 3535.03,100
2741,10:09:33,$ 3535.03,100
2742,10:09:31,$ 3535.0325,100
2743,10:09:31,$ 3535.025,100
2744,10:09:27,$ 3535.7499,500
2745,10:09:06,$ 3533.27,100
2746,10:09:05,$ 3533.42,100
2747,10:09:02,$ 3532.81,100
2748,10:08:59,$ 3532.55,100
2749,10:08:49,$ 3533.41,100
2750,10:08:49,$ 3534.0799,200
2751,10:08:48,$ 3534.26,100
2752,10:08:39,$ 3534.49,500
2753,10:08:33,$ 3535.0901,100
2754,10:08:25,$ 3535.86,100
2755,10:08:24,$ 3535.35,100
2756,10:08:22,$ 3534.98,100
2757,10:08:22,$ 3534.48,226
2759,10:08:16,$ 3533.43,100
2760,10:08:15,$ 3533.91,100
2761,10:08:15,$ 3533.91,100
2762,10:08:15,$ 3533.91,100
2763,10:08:15,$ 3533.66,359
2764,10:08:10,$ 3534.10,100
2765,10:08:10,$ 3535.0101,100
2766,10:08:02,$ 3535.74,100
2767,10:08:02,$ 3535.74,107
2768,10:08:01,$ 3535.00,200
2769,10:08:00,$ 3535.34,108
2770,10:07:57,$ 3535.34,100
2771,10:07:57,$ 3535.34,100
2772,10:07:54,$ 3535.73,100
2773,10:07:50,$ 3535.00,300
2774,10:07:48,$ 3535.03,200
2775,10:07:47,$ 3535.205,100
2776,10:07:45,$ 3535.5499,100
2777,10:07:41,$ 3535.67,100
2778,10:07:40,$ 3535.695,100
2780,10:07:39,$ 3535.73,100
2781,10:07:34,$ 3535.51,100
2782,10:07:32,$ 3535.00,100
2783,10:07:31,$ 3535.57,100
2784,10:07:31,$ 3536.76,100
2785,10:07:30,$ 3536.23,100
2786,10:07:30,$ 3535.3322,190
2787,10:07:27,$ 3535.97,200
2788,10:07:27,$ 3535.07,100
2789,10:07:26,$ 3535.00,100
2790,10:07:26,$ 3534.48,100
2791,10:07:21,$ 3534.48,110
2792,10:07:21,$ 3533.705,282
2793,10:07:18,$ 3534.4499,131
2794,10:07:18,$ 3534.45,100
2795,10:07:18,$ 3534.4224,"1,500"
2796,10:07:17,$ 3534.17,200
2797,10:07:14,$ 3533.59,100
2798,10:07:13,$ 3533.38,100
2799,10:07:12,$ 3533.78,100
2801,10:07:12,$ 3533.77,100
2802,10:07:06,$ 3534.19,100
2803,10:07:05,$ 3534.00,189
2804,10:07:05,$ 3533.99,100
2805,10:07:02,$ 3533.29,100
2806,10:07:02,$ 3532.575,100
2807,10:07:01,$ 3531.61,100
2808,10:06:50,$ 3531.44,100
2809,10:06:48,$ 3531.08,100
2810,10:06:47,$ 3531.4799,100
2811,10:06:47,$ 3531.03,100
2812,10:06:47,$ 3531.5167,100
2813,10:06:47,$ 3531.02,100
2814,10:06:40,$ 3532.69,378
2815,10:06:39,$ 3531.98,112
2816,10:06:39,$ 3531.31,100
2817,10:06:39,$ 3531.38,100
2818,10:06:26,$ 3533.29,100
2819,10:06:22,$ 3532.2638,100
2820,10:06:12,$ 3532.84,100
2822,10:06:12,$ 3532.72,190
2823,10:06:11,$ 3533.4699,300
2824,10:06:05,$ 3533.00,100
2825,10:06:03,$ 3532.97,100
2826,10:06:01,$ 3532.061,500
2827,10:06:00,$ 3531.79,100
2828,10:05:55,$ 3531.99,100
2829,10:05:54,$ 3532.9199,500
2830,10:05:53,$ 3531.50,200
2831,10:05:51,$ 3531.543,500
2832,10:05:46,$ 3531.2601,200
2833,10:05:46,$ 3532.5347,283
2834,10:05:46,$ 3532.49,115
2835,10:05:46,$ 3532.47,100
2836,10:05:44,$ 3531.27,100
2837,10:05:41,$ 3531.97,100
2838,10:05:40,$ 3531.675,100
2839,10:05:40,$ 3531.00,100
2840,10:05:39,$ 3530.9701,500
2841,10:05:39,$ 3532.31,100
2843,10:05:39,$ 3531.52,100
2844,10:05:38,$ 3531.5199,100
2845,10:05:38,$ 3531.83,100
2846,10:05:36,$ 3532.44,200
2847,10:05:33,$ 3532.02,100
2848,10:05:32,$ 3531.71,192
2849,10:05:28,$ 3531.92,100
2850,10:05:28,$ 3531.95,100
2851,10:05:27,$ 3531.27,100
2852,10:05:24,$ 3530.05,100
2853,10:05:24,$ 3530.00,100
2854,10:05:24,$ 3530.00,100
2855,10:05:24,$ 3530.00,200
2856,10:05:24,$ 3530.00,110
2857,10:05:24,$ 3530.00,100
2858,10:05:23,$ 3528.6701,300
2859,10:05:22,$ 3529.45,100
2860,10:05:17,$ 3527.94,100
2861,10:05:17,$ 3528.00,100
2862,10:05:17,$ 3528.00,667
2864,10:05:17,$ 3528.00,306
2865,10:05:17,$ 3527.69,100
2866,10:05:06,$ 3526.04,100
2867,10:05:06,$ 3526.43,100
2868,10:05:03,$ 3526.14,100
2869,10:05:02,$ 3526.21,100
2870,10:04:47,$ 3526.12,100
2871,10:04:47,$ 3526.72,100
2872,10:04:47,$ 3526.61,100
2873,10:04:44,$ 3527.295,100
2874,10:04:44,$ 3527.82,100
2875,10:04:43,$ 3527.28,189
2876,10:04:43,$ 3527.28,134
2877,10:04:43,$ 3527.28,100
2878,10:04:39,$ 3527.265,200
2879,10:04:29,$ 3527.278,100
2880,10:04:18,$ 3527.1572,500
2881,10:04:15,$ 3528.16,400
2882,10:04:06,$ 3528.88,100
2883,10:04:05,$ 3528.95,100
2885,10:03:59,$ 3528.665,100
2886,10:03:59,$ 3528.13,100
2887,10:03:57,$ 3529.3395,100
2888,10:03:56,$ 3528.1001,500
2889,10:03:56,$ 3528.82,100
2890,10:03:53,$ 3529.19,100
2891,10:03:49,$ 3529.59,200
2892,10:03:46,$ 3529.50,140
2893,10:03:40,$ 3528.58,100
2894,10:03:36,$ 3528.01,190
2895,10:03:32,$ 3528.50,100
2896,10:03:32,$ 3528.98,100
2897,10:03:31,$ 3527.90,100
2898,10:03:30,$ 3528.91,100
2899,10:03:30,$ 3528.65,200
2900,10:03:30,$ 3528.79,100
2901,10:03:28,$ 3527.77,200
2902,10:03:20,$ 3526.8001,150
2903,10:03:15,$ 3526.98,100
2904,10:03:15,$ 3527.00,100
2906,10:03:15,$ 3526.99,200
2907,10:03:15,$ 3527.95,100
2908,10:03:14,$ 3528.00,364
2909,10:03:14,$ 3528.00,299
2910,10:03:14,$ 3528.00,166
2911,10:03:14,$ 3527.52,100
2912,10:03:09,$ 3526.73,157
2913,10:03:09,$ 3526.70,400
2914,10:03:09,$ 3526.75,100
2915,10:03:07,$ 3526.00,100
2916,10:03:07,$ 3526.00,100
2917,10:03:07,$ 3526.00,100
2918,10:03:07,$ 3525.51,100
2919,10:03:06,$ 3525.0675,500
2920,10:03:04,$ 3524.20,100
2921,10:02:50,$ 3520.81,100
2922,10:02:48,$ 3520.79,100
2923,10:02:48,$ 3520.79,200
2924,10:02:48,$ 3521.375,200
2925,10:02:48,$ 3520.75,100
2927,10:02:48,$ 3521.445,100
2928,10:02:43,$ 3520.00,100
2929,10:02:43,$ 3520.00,100
2930,10:02:43,$ 3520.00,100
2931,10:02:41,$ 3520.33,100
2932,10:02:40,$ 3520.19,100
2933,10:02:40,$ 3520.33,100
2934,10:02:40,$ 3521.00,219
2935,10:02:36,$ 3520.12,100
2936,10:02:36,$ 3520.56,105
2937,10:02:34,$ 3520.1101,200
2938,10:02:29,$ 3520.265,100
2939,10:02:29,$ 3520.265,100
2940,10:02:28,$ 3520.075,100
2941,10:02:27,$ 3520.53,200
2942,10:02:26,$ 3520.025,100
2943,10:02:23,$ 3519.4101,100
2944,10:02:17,$ 3520.1798,284
2945,10:02:17,$ 3520.1798,100
2946,10:02:17,$ 3519.985,100
2948,10:02:17,$ 3519.98,100
2949,10:02:12,$ 3519.2101,100
2950,10:02:08,$ 3519.4002,100
2951,10:02:07,$ 3519.79,200
2952,10:02:06,$ 3519.705,200
2953,10:01:57,$ 3520.003,100
2954,10:01:41,$ 3522.32,100
2955,10:01:41,$ 3522.285,100
2956,10:01:36,$ 3524.04,100
2957,10:01:36,$ 3524.01,100
2958,10:01:32,$ 3524.46,300
2959,10:01:26,$ 3524.20,100
2960,10:01:24,$ 3524.15,100
2961,10:01:21,$ 3525.1633,600
2962,10:01:20,$ 3524.00,150
2963,10:01:20,$ 3524.00,106
2964,10:01:12,$ 3523.38,100
2965,10:01:11,$ 3524.42,300
2966,10:01:03,$ 3524.865,100
2967,10:00:59,$ 3525.37,100
2969,10:00:59,$ 3524.86,169
2970,10:00:58,$ 3525.25,185
2971,10:00:58,$ 3524.99,100
2972,10:00:39,$ 3523.765,100
2973,10:00:35,$ 3524.05,100
2974,10:00:34,$ 3523.785,100
2975,10:00:30,$ 3524.302,100
2976,10:00:28,$ 3522.30,100
2977,10:00:28,$ 3522.285,100
2978,10:00:09,$ 3523.1626,100
2979,10:00:07,$ 3524.805,100
2980,10:00:07,$ 3524.445,100
2981,10:00:07,$ 3522.681,400
2982,10:00:07,$ 3523.31,100
2983,10:00:07,$ 3523.20,100
2984,10:00:07,$ 3523.78,100
2985,10:00:05,$ 3524.10,100
2986,10:00:04,$ 3523.86,100
2987,10:00:03,$ 3523.88,100
2989,10:59:56,$ 3514.00,100
2990,10:59:38,$ 3514.17,100
2991,10:59:13,$ 3513.6289,250
2992,10:59:10,$ 3514.5199,500
2993,10:59:01,$ 3513.103,500
2994,10:59:01,$ 3512.1883,100
2995,10:58:57,$ 3512.93,100
2996,10:58:36,$ 3513.12,100
2997,10:58:33,$ 3513.7201,100
2998,10:58:07,$ 3515.725,100
2999,10:58:05,$ 3514.31,127
3000,10:58:02,$ 3515.2061,300
3001,10:58:00,$ 3515.85,100
3002,10:58:00,$ 3515.515,100
3003,10:58:00,$ 3515.84,100
3004,10:57:58,$ 3515.7105,400
3005,10:57:51,$ 3514.395,500
3006,10:57:49,$ 3513.952,100
3007,10:57:47,$ 3514.745,100
3008,10:57:46,$ 3512.7757,100
3010,10:57:27,$ 3511.8201,500
3011,10:57:21,$ 3512.6932,100
3012,10:57:19,$ 3512.59,100
3013,10:57:18,$ 3512.92,100
3014,10:57:18,$ 3512.25,100
3015,10:57:04,$ 3513.73,100
3016,10:57:04,$ 3513.7301,200
3017,10:57:01,$ 3514.27,500
3018,10:56:56,$ 3512.78,100
3019,10:56:56,$ 3513.96,181
3020,10:56:56,$ 3513.66,100
3021,10:56:48,$ 3514.00,100
3022,10:56:47,$ 3513.8516,400
3023,10:56:45,$ 3513.65,100
3024,10:56:40,$ 3513.03,100
3025,10:56:36,$ 3512.8112,311
3026,10:56:33,$ 3513.00,100
3027,10:56:33,$ 3511.98,100
3028,10:56:32,$ 3511.8856,400
3029,10:56:30,$ 3511.95,100
3031,10:56:23,$ 3511.99,100
3032,10:56:22,$ 3510.93,100
3033,10:56:17,$ 3511.325,100
3034,10:56:11,$ 3513.7299,500
3035,10:56:07,$ 3510.00,100
3036,10:56:06,$ 3509.64,500
3037,10:56:03,$ 3510.455,100
3038,10:56:00,$ 3510.87,135
3039,10:56:00,$ 3511.02,500
3040,10:55:33,$ 3510.00,100
3041,10:55:30,$ 3510.76,100
3042,10:55:11,$ 3511.45,100
3043,10:55:11,$ 3511.46,185
3044,10:55:03,$ 3510.00,100
3045,10:55:02,$ 3510.34,"1,000"
3046,10:54:56,$ 3510.3303,100
3047,10:54:56,$ 3510.33,100
3048,10:54:56,$ 3511.06,100
3049,10:54:54,$ 3511.97,100
3050,10:54:51,$ 3511.5149,500
3052,10:54:47,$ 3510.53,100
3053,10:54:45,$ 3510.00,100
3054,10:54:41,$ 3509.945,100
3055,10:54:41,$ 3509.855,100
3056,10:54:41,$ 3509.975,100
3057,10:54:41,$ 3509.975,100
3058,10:54:41,$ 3509.97,100
3059,10:54:36,$ 3509.94,100
3060,10:54:35,$ 3509.605,400
3061,10:54:35,$ 3509.90,100
3062,10:54:32,$ 3509.90,100
3063,10:54:32,$ 3509.805,100
3064,10:54:31,$ 3509.805,100
3065,10:54:30,$ 3509.52,236
3066,10:54:29,$ 3509.6975,100
3067,10:54:27,$ 3509.11,590
3068,10:54:23,$ 3510.2966,400
3069,10:54:23,$ 3510.2306,224
3070,10:54:23,$ 3510.00,200
3071,10:54:23,$ 3510.16,100
3073,10:54:23,$ 3510.12,100
3074,10:54:18,$ 3509.5925,100
3075,10:54:17,$ 3509.605,100
3076,10:54:17,$ 3509.66,100
3077,10:54:17,$ 3509.37,200
3078,10:54:17,$ 3510.4613,200
3079,10:54:16,$ 3510.01,100
3080,10:54:16,$ 3510.02,100
3081,10:54:14,$ 3511.2175,400
3082,10:54:11,$ 3511.195,184
3083,10:54:08,$ 3512.67,100
3084,10:54:05,$ 3512.20,147
3085,10:53:59,$ 3512.16,100
3086,10:53:59,$ 3512.13,100
3087,10:53:54,$ 3512.775,100
3088,10:53:53,$ 3512.48,100
3089,10:53:53,$ 3512.47,100
3090,10:53:53,$ 3512.74,100
3091,10:53:53,$ 3512.40,200
3092,10:53:53,$ 3512.11,100
3094,10:53:52,$ 3512.74,100
3095,10:53:52,$ 3512.48,100
3096,10:53:47,$ 3512.4201,100
3097,10:53:45,$ 3513.67,100
3098,10:53:41,$ 3513.00,100
3099,10:53:41,$ 3512.505,100
3100,10:53:41,$ 3512.78,100
3101,10:53:40,$ 3513.28,100
3102,10:53:38,$ 3513.52,200
3103,10:53:38,$ 3513.35,100
3104,10:53:38,$ 3513.52,100
3105,10:53:37,$ 3513.0361,131
3106,10:53:34,$ 3513.73,100
3107,10:53:33,$ 3512.285,100
3108,10:53:33,$ 3512.645,100
3109,10:53:33,$ 3512.36,100
3110,10:53:21,$ 3514.08,100
3111,10:53:21,$ 3514.7416,100
3112,10:53:15,$ 3515.10,214
3113,10:53:15,$ 3515.10,258
3115,10:53:11,$ 3515.87,100
3116,10:53:08,$ 3516.16,200
3117,10:53:08,$ 3516.01,500
3118,10:53:07,$ 3516.155,500
3119,10:53:03,$ 3517.50,100
3120,10:52:51,$ 3518.45,100
3121,10:52:51,$ 3519.28,100
3122,10:52:42,$ 3520.95,100
3123,10:52:36,$ 3520.5592,176
3124,10:52:31,$ 3521.09,100
3125,10:52:19,$ 3520.5003,100
3126,10:52:17,$ 3520.805,100
3127,10:52:03,$ 3521.00,100
3128,10:52:03,$ 3521.00,100
3129,10:52:03,$ 3521.36,900
3130,10:51:59,$ 3521.64,100
3131,10:51:59,$ 3521.64,100
3132,10:51:55,$ 3522.21,100
3133,10:51:53,$ 3522.29,100
3134,10:51:53,$ 3522.29,100
3136,10:51:53,$ 3522.18,100
3137,10:51:52,$ 3522.61,113
3138,10:51:52,$ 3523.05,100
3139,10:51:52,$ 3523.00,100
3140,10:51:38,$ 3524.445,100
3141,10:51:38,$ 3524.0081,100
3142,10:51:35,$ 3524.565,100
3143,10:51:35,$ 3523.955,100
3144,10:51:35,$ 3523.97,100
3145,10:51:32,$ 3523.97,100
3146,10:51:32,$ 3523.96,100
3147,10:51:32,$ 3524.62,100
3148,10:51:24,$ 3525.21,100
3149,10:51:16,$ 3524.6201,100
3150,10:51:14,$ 3525.015,100
3151,10:51:14,$ 3525.17,100
3152,10:51:12,$ 3525.02,100
3153,10:51:11,$ 3525.62,100
3154,10:51:10,$ 3525.605,100
3155,10:51:10,$ 3525.70,100
3157,10:51:10,$ 3525.70,100
3158,10:51:09,$ 3526.095,100
3159,10:51:09,$ 3526.48,100
3160,10:50:36,$ 3524.8841,300
3161,10:50:33,$ 3525.09,100
3162,10:50:31,$ 3525.06,100
3163,10:49:51,$ 3524.75,100
3164,10:49:51,$ 3525.00,100
3165,10:49:50,$ 3525.01,200
3166,10:49:49,$ 3525.33,100
3167,10:49:44,$ 3524.82,100
3168,10:49:41,$ 3525.38,100
3169,10:49:39,$ 3525.74,100
3170,10:49:35,$ 3525.43,100
3171,10:49:35,$ 3525.845,250
3172,10:49:14,$ 3525.44,100
3173,10:49:11,$ 3525.998,100
3174,10:49:11,$ 3526.06,100
3175,10:49:10,$ 3525.91,100
3176,10:49:07,$ 3525.91,100
3178,10:49:07,$ 3525.91,100
3179,10:49:04,$ 3525.875,905
3180,10:49:04,$ 3525.63,112
3181,10:49:03,$ 3525.6861,300
3182,10:48:57,$ 3525.985,200
3183,10:48:46,$ 3525.477,329
3184,10:48:39,$ 3525.49,100
3185,10:48:39,$ 3525.49,100
3186,10:48:39,$ 3525.12,100
3187,10:48:35,$ 3524.515,300
3188,10:48:31,$ 3524.5854,500
3189,10:48:30,$ 3524.3844,500
3190,10:48:24,$ 3524.35,100
3191,10:48:24,$ 3524.42,100
3192,10:48:17,$ 3523.83,200
3193,10:48:17,$ 3523.5733,100
3194,10:48:10,$ 3523.40,110
3195,10:48:02,$ 3523.90,100
3196,10:47:57,$ 3523.875,100
3197,10:47:57,$ 3523.865,100
3199,10:47:51,$ 3523.08,250
3200,10:47:46,$ 3523.23,100
3201,10:47:44,$ 3522.99,200
3202,10:47:44,$ 3522.99,190
3203,10:47:42,$ 3522.7742,100
3204,10:47:41,$ 3522.2601,100
3205,10:47:32,$ 3522.55,100
3206,10:47:22,$ 3522.37,100
3207,10:47:17,$ 3522.032,500
3208,10:47:16,$ 3521.74,100
3209,10:47:14,$ 3521.57,100
3210,10:47:11,$ 3521.57,100
3211,10:47:10,$ 3521.58,100
3212,10:47:09,$ 3521.65,100
3213,10:47:05,$ 3521.32,100
3214,10:47:00,$ 3519.7625,100
3215,10:47:00,$ 3519.75,100
3216,10:47:00,$ 3519.96,100
3217,10:47:00,$ 3519.865,100
3218,10:47:00,$ 3520.10,100
3220,10:47:00,$ 3519.81,100
3221,10:47:00,$ 3519.895,100
3222,10:47:00,$ 3519.7025,100
3223,10:47:00,$ 3519.7525,100
3224,10:47:00,$ 3519.99,100
3225,10:47:00,$ 3519.60,100
3226,10:46:51,$ 3520.12,100
3227,10:46:42,$ 3520.00,100
3228,10:46:42,$ 3520.00,280
3229,10:46:42,$ 3519.595,600
3230,10:46:42,$ 3519.595,400
3231,10:46:34,$ 3519.4753,400
3232,10:46:24,$ 3519.545,100
3233,10:46:19,$ 3519.58,100
3234,10:46:19,$ 3519.58,100
3235,10:46:16,$ 3519.935,400
3236,10:46:16,$ 3520.03,100
3237,10:46:15,$ 3520.37,100
3238,10:46:14,$ 3521.07,100
3239,10:46:14,$ 3521.06,100
3241,10:46:13,$ 3521.00,100
3242,10:46:09,$ 3521.58,136
3243,10:46:09,$ 3521.965,100
3244,10:46:09,$ 3521.52,100
3245,10:46:00,$ 3520.93,100
3246,10:45:56,$ 3521.35,100
3247,10:45:44,$ 3522.53,100
3248,10:45:43,$ 3524.99,100
3249,10:45:43,$ 3523.39,100
3250,10:45:39,$ 3524.47,100
3251,10:45:39,$ 3523.1596,100
3252,10:45:39,$ 3523.11,100
3253,10:45:23,$ 3522.01,100
3254,10:45:22,$ 3523.86,100
3255,10:45:21,$ 3522.5133,100
3256,10:45:20,$ 3522.58,100
3257,10:45:20,$ 3522.51,100
3258,10:45:15,$ 3522.945,100
3259,10:45:15,$ 3523.09,100
3260,10:45:09,$ 3523.1062,500
3262,10:45:07,$ 3523.21,100
3263,10:44:55,$ 3524.012,300
3264,10:44:53,$ 3523.9534,229
3265,10:44:43,$ 3525.3699,300
3266,10:44:38,$ 3523.38,100
3267,10:44:31,$ 3523.74,400
3268,10:44:31,$ 3524.50,200
3269,10:44:30,$ 3524.3956,300
3270,10:44:28,$ 3523.5421,100
3271,10:44:25,$ 3523.99,100
3272,10:44:25,$ 3523.99,100
3273,10:44:25,$ 3523.99,100
3274,10:44:25,$ 3523.9899,300
3275,10:44:25,$ 3523.47,100
3276,10:44:24,$ 3523.41,100
3277,10:44:24,$ 3523.41,100
3278,10:44:24,$ 3523.41,100
3279,10:44:24,$ 3523.43,100
3280,10:44:24,$ 3523.5325,100
3281,10:44:22,$ 3523.4001,100
3283,10:44:15,$ 3524.20,115
3284,10:44:15,$ 3524.665,100
3285,10:44:12,$ 3524.52,100
3286,10:44:10,$ 3524.2506,100
3287,10:44:09,$ 3524.74,100
3288,10:44:09,$ 3525.53,100
3289,10:44:09,$ 3525.00,100
3290,10:44:08,$ 3524.88,100
3291,10:44:05,$ 3524.45,100
3292,10:44:04,$ 3524.45,100
3293,10:43:54,$ 3524.20,100
3294,10:43:52,$ 3523.41,161
3295,10:43:48,$ 3523.78,180
3296,10:43:42,$ 3523.96,100
3297,10:43:41,$ 3523.7519,100
3298,10:43:36,$ 3524.00,100
3299,10:43:35,$ 3523.9192,200
3300,10:43:31,$ 3523.68,200
3301,10:43:30,$ 3524.20,100
3302,10:43:29,$ 3524.0025,100
3304,10:43:23,$ 3524.15,100
3305,10:43:22,$ 3523.88,100
3306,10:43:22,$ 3523.88,100
3307,10:43:22,$ 3524.205,100
3308,10:43:21,$ 3524.13,100
3309,10:43:20,$ 3523.4749,100
3310,10:43:18,$ 3524.21,200
3311,10:43:15,$ 3524.06,200
3312,10:43:15,$ 3524.06,100
3313,10:43:15,$ 3524.06,100
3314,10:43:10,$ 3524.8499,100
3315,10:43:08,$ 3524.13,100
3316,10:43:07,$ 3524.135,100
3317,10:42:49,$ 3523.255,100
3318,10:42:42,$ 3523.753,200
3319,10:42:30,$ 3522.235,100
3320,10:42:14,$ 3522.49,100
3321,10:42:11,$ 3522.00,100
3322,10:42:11,$ 3521.44,250
3323,10:42:09,$ 3521.985,100
3325,10:42:06,$ 3522.20,200
3326,10:42:06,$ 3522.20,100
3327,10:41:47,$ 3522.15,200
3328,10:41:44,$ 3521.21,100
3329,10:41:34,$ 3521.325,100
3330,10:41:31,$ 3521.34,100
3331,10:41:30,$ 3521.2366,500
3332,10:41:30,$ 3520.83,150
3333,10:41:25,$ 3522.35,100
3334,10:41:25,$ 3522.065,100
3335,10:41:25,$ 3522.385,100
3336,10:41:25,$ 3522.25,100
3337,10:41:25,$ 3521.60,100
3338,10:41:25,$ 3521.60,100
3339,10:41:22,$ 3521.3211,100
3340,10:41:20,$ 3522.49,100
3341,10:41:20,$ 3522.49,100
3342,10:41:20,$ 3522.465,100
3343,10:41:16,$ 3522.70,100
3344,10:41:15,$ 3522.66,108
3346,10:41:14,$ 3521.66,100
3347,10:41:14,$ 3521.66,100
3348,10:41:05,$ 3522.00,100
3349,10:40:58,$ 3521.89,200
3350,10:40:54,$ 3522.42,100
3351,10:40:53,$ 3522.1801,100
3352,10:40:49,$ 3522.49,100
3353,10:40:41,$ 3522.49,100
3354,10:40:41,$ 3522.49,100
3355,10:40:35,$ 3521.405,100
3356,10:40:29,$ 3522.5604,183
3357,10:40:27,$ 3523.00,500
3358,10:40:26,$ 3522.69,160
3359,10:40:23,$ 3521.575,100
3360,10:40:20,$ 3521.37,100
3361,10:40:12,$ 3521.165,500
3362,10:40:11,$ 3520.91,100
3363,10:40:11,$ 3521.3366,100
3364,10:40:05,$ 3520.83,149
3365,10:40:03,$ 3521.04,100
3367,10:40:03,$ 3521.515,100
3368,10:39:58,$ 3522.01,100
3369,10:39:55,$ 3521.555,283
3370,10:39:55,$ 3521.505,100
3371,10:39:55,$ 3521.505,100
3372,10:39:51,$ 3521.495,100
3373,10:39:50,$ 3521.6667,114
3374,10:39:50,$ 3521.21,100
3375,10:39:50,$ 3521.20,100
3376,10:39:43,$ 3521.43,100
3377,10:39:41,$ 3521.98,100
3378,10:39:38,$ 3521.73,100
3379,10:39:38,$ 3521.725,300
3380,10:39:37,$ 3522.48,100
3381,10:39:37,$ 3522.46,100
3382,10:39:32,$ 3521.83,500
3383,10:39:31,$ 3521.41,100
3384,10:39:30,$ 3521.03,117
3385,10:39:30,$ 3521.03,100
3386,10:39:28,$ 3521.03,200
3388,10:39:26,$ 3520.5662,750
3389,10:39:12,$ 3521.31,100
3390,10:39:08,$ 3520.6876,500
3391,10:39:06,$ 3520.39,100
3392,10:39:01,$ 3519.795,100
3393,10:39:00,$ 3519.93,100
3394,10:38:56,$ 3519.915,100
3395,10:38:47,$ 3519.82,300
3396,10:38:46,$ 3519.88,100
3397,10:38:46,$ 3519.91,100
3398,10:38:39,$ 3518.6461,108
3399,10:38:34,$ 3519.70,344
3400,10:38:07,$ 3519.05,500
3401,10:38:03,$ 3519.78,100
3402,10:38:00,$ 3519.99,100
3403,10:37:51,$ 3520.00,100
3404,10:37:51,$ 3520.805,200
3405,10:37:50,$ 3520.315,500
3406,10:37:50,$ 3520.8571,100
3407,10:37:46,$ 3520.46,100
3409,10:37:44,$ 3520.14,100
3410,10:37:42,$ 3519.31,100
3411,10:37:42,$ 3519.645,100
3412,10:37:36,$ 3519.61,200
3413,10:37:33,$ 3519.02,100
3414,10:37:32,$ 3520.0599,100
3415,10:37:32,$ 3519.03,100
3416,10:37:31,$ 3519.665,200
3417,10:37:28,$ 3519.86,340
3418,10:37:28,$ 3519.63,100
3419,10:37:26,$ 3518.88,100
3420,10:37:25,$ 3519.70,320
3421,10:37:25,$ 3519.705,100
3422,10:37:25,$ 3519.70,100
3423,10:37:19,$ 3519.7799,100
3424,10:37:16,$ 3519.11,100
3425,10:37:15,$ 3519.47,400
3426,10:37:14,$ 3519.05,400
3427,10:37:14,$ 3518.49,100
3428,10:37:12,$ 3519.34,100
3430,10:37:12,$ 3519.34,320
3431,10:37:08,$ 3519.045,200
3432,10:37:08,$ 3519.49,100
3433,10:37:08,$ 3519.49,100
3434,10:37:08,$ 3519.49,100
3435,10:37:06,$ 3519.14,100
3436,10:37:02,$ 3519.1301,150
3437,10:37:00,$ 3519.4275,100
3438,10:37:00,$ 3519.725,100
3439,10:37:00,$ 3519.995,380
3440,10:36:52,$ 3518.82,100
3441,10:36:52,$ 3519.78,100
3442,10:36:51,$ 3519.47,100
3443,10:36:48,$ 3519.98,100
3444,10:36:46,$ 3519.07,250
3445,10:36:35,$ 3519.935,400
3446,10:36:35,$ 3519.8625,100
3447,10:36:35,$ 3519.2454,100
3448,10:36:35,$ 3519.45,400
3449,10:36:35,$ 3519.03,374
3451,10:36:35,$ 3519.63,100
3452,10:36:35,$ 3519.60,100
3453,10:36:27,$ 3519.69,100
3454,10:36:27,$ 3520.00,100
3455,10:36:27,$ 3520.00,100
3456,10:36:27,$ 3520.00,100
3457,10:36:27,$ 3520.00,100
3458,10:36:27,$ 3520.00,100
3459,10:36:27,$ 3519.46,100
3460,10:36:22,$ 3519.62,100
3461,10:36:22,$ 3519.62,179
3462,10:36:22,$ 3520.00,200
3463,10:36:22,$ 3519.65,200
3464,10:36:14,$ 3520.72,104
3465,10:36:14,$ 3520.72,100
3466,10:36:10,$ 3521.37,100
3467,10:36:09,$ 3520.195,112
3468,10:36:06,$ 3520.8099,100
3469,10:36:06,$ 3519.6352,100
3470,10:36:06,$ 3520.155,100
3472,10:36:00,$ 3519.50,100
3473,10:35:56,$ 3520.405,100
3474,10:35:54,$ 3520.6874,160
3475,10:35:54,$ 3521.01,100
3476,10:35:54,$ 3521.01,100
3477,10:35:47,$ 3520.48,100
3478,10:35:46,$ 3520.0967,120
3479,10:35:46,$ 3520.02,195
3480,10:35:40,$ 3520.155,100
3481,10:35:39,$ 3519.46,200
3482,10:35:39,$ 3519.46,100
3483,10:35:39,$ 3520.16,100
3484,10:35:38,$ 3520.77,100
3485,10:35:34,$ 3521.10,100
3486,10:35:34,$ 3521.09,100
3487,10:35:33,$ 3520.53,100
3488,10:35:33,$ 3521.205,200
3489,10:35:33,$ 3521.14,100
3490,10:35:28,$ 3521.31,100
3491,10:35:23,$ 3522.03,100
3493,10:35:22,$ 3522.82,100
3494,10:35:17,$ 3521.82,100
3495,10:35:14,$ 3521.895,100
3496,10:35:10,$ 3521.65,100
3497,10:35:10,$ 3522.44,100
3498,10:35:10,$ 3522.03,100
3499,10:35:04,$ 3522.46,100
3500,10:35:04,$ 3522.49,100
3501,10:35:04,$ 3523.42,100
3502,10:35:01,$ 3522.93,200
3503,10:35:01,$ 3523.285,100
3504,10:35:00,$ 3523.5814,150
3505,10:34:59,$ 3523.13,100
3506,10:34:59,$ 3523.13,100
3507,10:34:53,$ 3523.02,100
3508,10:34:51,$ 3523.18,100
3509,10:34:51,$ 3523.05,100
3510,10:34:51,$ 3522.95,200
3511,10:34:51,$ 3523.12,200
3512,10:34:51,$ 3523.06,100
3514,10:34:48,$ 3522.93,100
3515,10:34:45,$ 3523.36,100
3516,10:34:44,$ 3523.44,100
3517,10:34:42,$ 3522.44,300
3518,10:34:42,$ 3523.07,"1,000"
3519,10:34:31,$ 3522.68,100
3520,10:34:31,$ 3522.67,100
3521,10:34:23,$ 3523.52,100
3522,10:34:19,$ 3522.69,300
3523,10:34:15,$ 3523.1865,500
3524,10:34:15,$ 3523.375,100
3525,10:34:12,$ 3522.80,100
3526,10:34:12,$ 3522.325,100
3527,10:34:02,$ 3522.4105,200
3528,10:34:01,$ 3522.4583,300
3529,10:33:46,$ 3523.715,100
3530,10:33:44,$ 3523.44,100
3531,10:33:39,$ 3522.975,100
3532,10:33:37,$ 3522.91,100
3533,10:33:37,$ 3522.91,100
3535,10:33:36,$ 3522.665,100
3536,10:33:34,$ 3522.26,100
3537,10:33:34,$ 3521.816,107
3538,10:33:34,$ 3521.6887,292
3539,10:33:34,$ 3522.02,100
3540,10:33:32,$ 3522.11,100
3541,10:33:32,$ 3522.06,100
3542,10:33:31,$ 3522.28,100
3543,10:33:31,$ 3522.27,100
3544,10:33:27,$ 3523.51,100
3545,10:33:27,$ 3523.5925,100
3546,10:33:27,$ 3524.58,200
3547,10:33:27,$ 3524.48,200
3548,10:33:27,$ 3524.50,100
3549,10:33:22,$ 3525.04,100
3550,10:33:22,$ 3526.0918,100
3551,10:33:20,$ 3525.0201,135
3552,10:33:19,$ 3525.71,100
3553,10:33:16,$ 3525.165,100
3554,10:33:15,$ 3525.775,400
3556,10:33:14,$ 3525.41,100
3557,10:33:14,$ 3525.5196,100
3558,10:33:14,$ 3525.3927,100
3559,10:33:14,$ 3525.50,100
3560,10:33:14,$ 3525.39,100
3561,10:33:14,$ 3525.59,200
3562,10:33:12,$ 3525.72,100
3563,10:33:12,$ 3525.165,200
3564,10:33:12,$ 3525.72,100
3565,10:33:12,$ 3525.66,100
3566,10:33:09,$ 3525.60,100
3567,10:33:09,$ 3525.61,100
3568,10:33:02,$ 3525.84,200
3569,10:33:02,$ 3525.9868,100
3570,10:33:02,$ 3525.85,100
3571,10:33:00,$ 3526.28,"2,000"
3572,10:32:54,$ 3526.9026,100
3573,10:32:49,$ 3526.24,200
3574,10:32:49,$ 3526.06,100
3575,10:32:49,$ 3526.37,100
3577,10:32:48,$ 3527.285,100
3578,10:32:48,$ 3527.28,100
3579,10:32:48,$ 3527.25,100
3580,10:32:48,$ 3527.2538,100
3581,10:32:48,$ 3527.30,100
3582,10:32:43,$ 3528.00,100
3583,10:32:41,$ 3527.86,100
3584,10:32:41,$ 3527.85,100
3585,10:32:41,$ 3528.34,100
3586,10:32:39,$ 3528.715,400
3587,10:32:38,$ 3528.66,100
3588,10:32:38,$ 3528.65,100
3589,10:32:35,$ 3528.705,100
3590,10:32:19,$ 3529.265,100
3591,10:32:18,$ 3529.215,100
3592,10:32:17,$ 3528.92,100
3593,10:32:17,$ 3528.92,100
3594,10:32:16,$ 3528.25,140
3595,10:32:16,$ 3528.25,100
3596,10:32:14,$ 3529.1325,100
3598,10:32:14,$ 3529.115,100
3599,10:32:14,$ 3529.8183,300
3600,10:32:14,$ 3529.1325,100
3601,10:32:13,$ 3529.445,100
3602,10:32:13,$ 3529.05,100
3603,10:32:13,$ 3529.04,205
3604,10:32:13,$ 3529.05,100
3605,10:32:10,$ 3529.43,157
3606,10:32:10,$ 3529.08,133
3607,10:32:07,$ 3528.92,100
3608,10:32:07,$ 3528.98,100
3609,10:32:07,$ 3529.3468,200
3610,10:32:03,$ 3529.23,100
3611,10:31:59,$ 3530.305,100
3612,10:31:52,$ 3530.46,100
3613,10:31:46,$ 3529.975,100
3614,10:31:43,$ 3529.52,100
3615,10:31:39,$ 3529.75,139
3616,10:31:39,$ 3530.40,200
3617,10:31:37,$ 3531.1817,113
3619,10:31:35,$ 3530.249,100
3620,10:31:29,$ 3531.05,100
3621,10:31:29,$ 3531.09,100
3622,10:31:29,$ 3531.00,129
3623,10:31:29,$ 3530.55,100
3624,10:31:21,$ 3531.19,110
3625,10:31:20,$ 3531.2679,140
3626,10:31:20,$ 3531.51,100
3627,10:31:20,$ 3532.20,100
3628,10:31:20,$ 3532.20,100
3629,10:31:19,$ 3532.73,100
3630,10:31:13,$ 3533.23,100
3631,10:30:59,$ 3533.64,103
3632,10:30:58,$ 3534.435,100
3633,10:30:57,$ 3534.3805,500
3634,10:30:56,$ 3534.75,100
3635,10:30:56,$ 3535.01,200
3636,10:30:49,$ 3536.29,100
3637,10:30:49,$ 3536.2899,100
3638,10:30:48,$ 3536.385,100
3640,10:30:48,$ 3536.35,100
3641,10:30:37,$ 3535.2288,200
3642,10:30:36,$ 3535.26,100
3643,10:30:26,$ 3535.86,100
3644,10:30:17,$ 3534.7101,400
3645,10:30:16,$ 3535.285,900
3646,10:30:15,$ 3535.4582,464
3647,10:30:07,$ 3535.13,210
3648,10:30:06,$ 3534.795,100
3649,10:30:01,$ 3534.2129,100
3651,11:29:14,$ 3515.1901,100
3652,11:29:11,$ 3516.26,100
3653,11:29:11,$ 3516.15,124
3654,11:28:51,$ 3516.3749,500
3655,11:28:46,$ 3517.00,100
3656,11:28:43,$ 3515.65,100
3657,11:28:36,$ 3516.625,100
3658,11:28:31,$ 3517.34,100
3659,11:28:31,$ 3517.34,100
3660,11:28:26,$ 3517.80,100
3661,11:28:25,$ 3517.80,233
3662,11:28:24,$ 3518.00,100
3663,11:28:23,$ 3517.80,100
3664,11:28:18,$ 3517.00,100
3665,11:28:15,$ 3516.7699,300
3666,11:28:02,$ 3515.89,100
3667,11:28:02,$ 3515.84,100
3668,11:28:02,$ 3515.87,100
3669,11:27:25,$ 3515.11,100
3670,11:27:25,$ 3515.00,984
3672,11:27:18,$ 3514.545,100
3673,11:27:18,$ 3514.52,100
3674,11:27:00,$ 3513.71,100
3675,11:26:41,$ 3514.16,100
3676,11:26:27,$ 3514.635,179
3677,11:26:27,$ 3514.615,100
3678,11:26:26,$ 3514.0501,100
3679,11:26:23,$ 3514.735,100
3680,11:26:18,$ 3514.745,100
3681,11:26:15,$ 3513.7749,100
3682,11:26:12,$ 3513.82,100
3683,11:26:12,$ 3513.82,100
3684,11:26:10,$ 3513.905,100
3685,11:26:10,$ 3513.06,100
3686,11:26:10,$ 3513.06,100
3687,11:26:10,$ 3513.06,100
3688,11:25:59,$ 3512.22,200
3689,11:25:52,$ 3512.57,100
3690,11:25:52,$ 3512.57,100
3691,11:25:52,$ 3512.57,100
3693,11:25:47,$ 3512.57,100
3694,11:25:47,$ 3512.57,100
3695,11:25:45,$ 3513.0895,100
3696,11:25:27,$ 3513.52,100
3697,11:24:27,$ 3513.50,141
3698,11:24:20,$ 3513.93,100
3699,11:24:20,$ 3513.95,100
3700,11:24:20,$ 3514.00,100
3701,11:24:04,$ 3514.00,100
3702,11:23:54,$ 3514.64,100
3703,11:23:42,$ 3514.96,289
3704,11:23:21,$ 3514.82,100
3705,11:23:21,$ 3514.82,195
3706,11:23:18,$ 3514.9999,301
3707,11:22:52,$ 3514.3775,100
3708,11:22:52,$ 3514.74,100
3709,11:22:52,$ 3514.375,100
3710,11:22:46,$ 3513.34,100
3711,11:22:38,$ 3514.535,100
3712,11:22:33,$ 3514.92,300
3714,11:22:24,$ 3514.80,100
3715,11:21:57,$ 3512.957,284
3716,11:21:26,$ 3512.44,150
3717,11:21:25,$ 3511.75,100
3718,11:21:23,$ 3511.56,100
3719,11:21:23,$ 3511.75,100
3720,11:21:22,$ 3510.92,100
3721,11:21:22,$ 3510.96,100
3722,11:21:22,$ 3510.97,100
3723,11:21:21,$ 3510.00,100
3724,11:21:14,$ 3509.915,100
3725,11:21:10,$ 3509.555,100
3726,11:21:03,$ 3509.4233,300
3727,11:21:00,$ 3509.30,123
3728,11:20:54,$ 3508.76,100
3729,11:20:51,$ 3516.1104,250
3730,11:20:51,$ 3516.1104,250
3731,11:20:51,$ 3516.1104,600
3732,11:20:51,$ 3516.1104,"1,100"
3733,11:20:51,$ 3516.1104,"1,100"
3735,11:20:44,$ 3507.625,100
3736,11:20:44,$ 3507.67,100
3737,11:20:42,$ 3509.125,100
3738,11:20:42,$ 3509.18,100
3739,11:20:42,$ 3507.7801,120
3740,11:20:41,$ 3509.18,100
3741,11:20:40,$ 3509.125,100
3742,11:20:40,$ 3509.245,100
3743,11:20:40,$ 3509.245,100
3744,11:20:40,$ 3509.11,100
3745,11:20:37,$ 3507.6801,100
3746,11:20:37,$ 3508.445,100
3747,11:20:37,$ 3509.345,100
3748,11:20:37,$ 3509.345,100
3749,11:20:37,$ 3508.1001,100
3750,11:20:37,$ 3508.655,100
3751,11:20:37,$ 3509.12,100
3752,11:20:36,$ 3509.50,100
3753,11:20:36,$ 3509.50,100
3754,11:20:36,$ 3509.50,100
3756,11:20:36,$ 3509.50,100
3757,11:20:36,$ 3509.50,100
3758,11:20:36,$ 3509.50,100
3759,11:20:36,$ 3509.50,100
3760,11:20:36,$ 3509.50,100
3761,11:20:35,$ 3508.47,200
3762,11:20:30,$ 3508.445,100
3763,11:20:29,$ 3508.62,100
3764,11:20:29,$ 3508.252,149
3765,11:20:29,$ 3508.252,100
3766,11:20:29,$ 3507.997,291
3767,11:20:29,$ 3508.502,100
3768,11:20:29,$ 3508.502,149
3769,11:20:29,$ 3508.62,464
3770,11:20:29,$ 3508.8425,134
3771,11:20:29,$ 3508.62,100
3772,11:20:29,$ 3508.8425,100
3773,11:20:29,$ 3508.8425,200
3774,11:20:29,$ 3508.8425,400
3775,11:20:29,$ 3508.62,400
3777,11:20:29,$ 3508.8425,464
3778,11:20:29,$ 3508.8425,100
3779,11:20:27,$ 3509.15,100
3780,11:20:23,$ 3508.575,100
3781,11:20:19,$ 3508.67,100
3782,11:20:19,$ 3508.83,125
3783,11:20:18,$ 3508.67,100
3784,11:20:18,$ 3508.67,100
3785,11:20:18,$ 3508.97,200
3786,11:20:18,$ 3508.95,100
3787,11:20:16,$ 3509.2248,266
3788,11:20:16,$ 3509.68,100
3789,11:20:11,$ 3509.96,247
3790,11:20:11,$ 3510.02,100
3791,11:20:11,$ 3510.00,100
3792,11:20:10,$ 3510.58,100
3793,11:20:05,$ 3510.87,100
3794,11:20:04,$ 3511.33,200
3795,11:20:01,$ 3512.7003,160
3796,11:19:59,$ 3512.65,100
3798,11:19:54,$ 3513.045,100
3799,11:19:51,$ 3512.37,100
3800,11:19:51,$ 3512.37,100
3801,11:19:41,$ 3514.50,100
3802,11:19:40,$ 3514.07,100
3803,11:19:23,$ 3514.07,100
3804,11:19:08,$ 3514.5403,146
3805,11:19:07,$ 3513.58,100
3806,11:18:59,$ 3512.745,100
3807,11:18:56,$ 3512.1101,100
3808,11:18:45,$ 3512.54,100
3809,11:18:45,$ 3512.55,100
3810,11:18:44,$ 3512.12,100
3811,11:18:16,$ 3513.84,100
3812,11:18:16,$ 3513.43,100
3813,11:18:07,$ 3512.94,400
3814,11:18:03,$ 3512.79,200
3815,11:18:01,$ 3513.0457,162
3816,11:18:01,$ 3513.118,100
3817,11:18:01,$ 3512.50,127
3819,11:18:01,$ 3513.118,127
3820,11:17:55,$ 3513.895,100
3821,11:17:54,$ 3514.10,352
3822,11:17:54,$ 3514.10,100
3823,11:17:46,$ 3514.375,100
3824,11:17:42,$ 3515.33,200
3825,11:17:30,$ 3515.425,100
3826,11:17:26,$ 3515.5324,100
3827,11:17:21,$ 3515.51,100
3828,11:17:21,$ 3515.51,100
3829,11:16:30,$ 3517.345,100
3830,11:16:28,$ 3516.2901,500
3831,11:15:52,$ 3518.34,100
3832,11:15:48,$ 3518.24,100
3833,11:15:48,$ 3518.23,100
3834,11:15:48,$ 3517.64,100
3835,11:15:48,$ 3517.65,100
3836,11:15:48,$ 3517.57,100
3837,11:15:48,$ 3517.585,100
3838,11:15:48,$ 3517.50,100
