,NLS Time (ET),NLS Price,NLS Share Volume
1,09:59:22,$ 3335.43,300
2,09:59:19,$ 3335.97,100
3,09:59:19,$ 3335.97,100
4,09:59:19,$ 3334.3901,100
5,09:59:04,$ 3335.25,100
6,09:58:53,$ 3334.99,100
7,09:58:37,$ 3334.8654,100
8,09:58:33,$ 3334.97,140
9,09:58:25,$ 3334.33,100
10,09:58:21,$ 3334.99,100
11,09:58:01,$ 3335.0299,100
12,09:57:54,$ 3334.18,100
13,09:57:53,$ 3333.9343,105
14,09:57:52,$ 3333.51,150
15,09:57:39,$ 3335.47,100
16,09:57:37,$ 3335.985,100
17,09:57:32,$ 3336.3401,100
18,09:57:31,$ 3336.62,100
19,09:57:31,$ 3336.82,177
20,09:57:31,$ 3336.49,115
22,09:57:31,$ 3336.72,100
23,09:57:31,$ 3336.82,100
24,09:57:31,$ 3336.84,100
25,09:57:06,$ 3338.29,100
26,09:57:01,$ 3337.83,100
27,09:56:58,$ 3338.00,300
28,09:56:58,$ 3337.80,100
29,09:56:56,$ 3337.46,100
30,09:56:55,$ 3337.865,100
31,09:56:46,$ 3337.3038,100
32,09:56:41,$ 3338.1238,100
33,09:56:23,$ 3338.41,100
34,09:56:23,$ 3338.40,100
35,09:56:07,$ 3337.55,100
36,09:56:05,$ 3337.61,100
37,09:56:03,$ 3337.0301,100
38,09:55:46,$ 3338.00,113
39,09:55:34,$ 3339.60,100
40,09:55:30,$ 3339.17,100
41,09:55:30,$ 3339.13,100
43,09:55:30,$ 3339.12,100
44,09:55:28,$ 3339.23,100
45,09:55:25,$ 3339.23,100
46,09:55:08,$ 3339.84,100
47,09:55:06,$ 3339.84,100
48,09:54:56,$ 3339.04,100
49,09:54:51,$ 3338.80,100
50,09:54:38,$ 3340.30,100
51,09:54:35,$ 3340.92,100
52,09:54:22,$ 3339.92,100
53,09:54:22,$ 3340.02,100
54,09:54:22,$ 3339.97,100
55,09:54:22,$ 3339.96,100
56,09:54:02,$ 3341.00,100
57,09:54:02,$ 3340.79,100
58,09:53:31,$ 3339.23,100
59,09:53:31,$ 3339.19,100
60,09:53:25,$ 3340.82,100
61,09:53:25,$ 3340.66,100
62,09:53:25,$ 3340.66,154
64,09:53:18,$ 3341.74,149
65,09:53:18,$ 3341.70,100
66,09:53:18,$ 3341.71,100
67,09:53:15,$ 3339.84,100
68,09:53:06,$ 3340.00,100
69,09:53:04,$ 3339.50,200
70,09:52:34,$ 3338.7396,100
71,09:52:20,$ 3338.85,100
72,09:52:17,$ 3337.68,100
73,09:52:06,$ 3338.58,100
74,09:51:57,$ 3337.82,100
75,09:51:48,$ 3337.82,100
76,09:51:48,$ 3337.78,100
77,09:51:38,$ 3338.23,100
78,09:51:38,$ 3338.23,100
79,09:51:33,$ 3337.53,100
80,09:51:30,$ 3337.72,100
81,09:51:30,$ 3337.72,100
82,09:51:23,$ 3337.74,100
83,09:51:23,$ 3337.74,104
85,09:51:23,$ 3337.79,100
86,09:51:21,$ 3337.165,116
87,09:51:12,$ 3336.7011,100
88,09:51:06,$ 3337.49,100
89,09:51:06,$ 3337.47,100
90,09:50:59,$ 3338.285,150
91,09:50:35,$ 3339.8542,100
92,09:50:33,$ 3340.86,100
93,09:50:26,$ 3339.76,100
94,09:50:25,$ 3340.71,100
95,09:50:16,$ 3340.91,100
96,09:50:16,$ 3340.20,100
97,09:50:06,$ 3340.375,100
98,09:50:04,$ 3340.00,100
99,09:49:46,$ 3338.90,100
100,09:49:44,$ 3338.895,100
101,09:49:43,$ 3339.10,100
102,09:49:43,$ 3339.09,100
103,09:49:43,$ 3339.09,100
104,09:49:43,$ 3339.08,100
106,09:49:24,$ 3338.09,100
107,09:49:22,$ 3337.29,100
108,09:49:22,$ 3337.25,100
109,09:49:22,$ 3337.49,100
110,09:49:22,$ 3337.44,100
111,09:49:09,$ 3339.4684,100
112,09:49:00,$ 3339.05,100
113,09:48:58,$ 3338.15,100
114,09:48:42,$ 3339.57,100
115,09:48:42,$ 3339.54,100
116,09:48:42,$ 3340.07,100
117,09:48:41,$ 3340.215,100
118,09:48:34,$ 3340.7384,300
119,09:48:29,$ 3340.765,100
120,09:48:26,$ 3340.06,200
121,09:48:21,$ 3340.11,100
122,09:48:21,$ 3340.12,100
123,09:48:19,$ 3340.28,100
124,09:48:13,$ 3341.04,100
125,09:48:00,$ 3339.745,100
127,09:47:43,$ 3339.41,100
128,09:47:34,$ 3339.435,100
129,09:47:33,$ 3339.95,100
130,09:47:27,$ 3337.24,100
131,09:47:27,$ 3337.24,100
132,09:47:25,$ 3336.7796,100
133,09:47:17,$ 3336.71,100
134,09:47:14,$ 3337.02,100
135,09:47:14,$ 3337.01,100
136,09:47:14,$ 3337.01,100
137,09:47:14,$ 3337.00,100
138,09:47:11,$ 3337.27,100
139,09:47:11,$ 3337.27,100
140,09:47:05,$ 3337.73,100
141,09:46:55,$ 3337.7699,100
142,09:46:55,$ 3336.93,100
143,09:46:55,$ 3337.49,100
144,09:46:55,$ 3337.48,100
145,09:46:55,$ 3337.37,100
146,09:46:53,$ 3337.93,250
148,09:46:53,$ 3337.54,100
149,09:46:45,$ 3337.50,200
150,09:46:42,$ 3338.15,100
151,09:46:39,$ 3338.779,140
152,09:46:38,$ 3337.3701,100
153,09:46:32,$ 3338.44,100
154,09:46:23,$ 3337.27,100
155,09:46:21,$ 3338.3566,300
156,09:46:21,$ 3336.7249,"1,250"
157,09:46:14,$ 3337.805,100
158,09:46:12,$ 3337.98,102
159,09:46:12,$ 3337.96,100
160,09:46:08,$ 3336.31,200
161,09:46:04,$ 3336.15,"1,100"
162,09:46:03,$ 3335.538,"1,250"
163,09:46:02,$ 3334.7628,240
164,09:45:58,$ 3335.00,100
165,09:45:56,$ 3335.315,100
166,09:45:55,$ 3334.735,111
167,09:45:55,$ 3335.8415,115
169,09:45:52,$ 3334.35,100
170,09:45:43,$ 3332.84,100
171,09:45:20,$ 3332.22,100
172,09:45:20,$ 3332.23,112
173,09:45:09,$ 3332.13,100
174,09:45:08,$ 3333.6836,140
175,09:45:03,$ 3333.63,100
176,09:45:03,$ 3334.21,100
177,09:45:03,$ 3334.21,100
178,09:45:03,$ 3334.16,100
179,09:45:03,$ 3334.15,100
180,09:45:02,$ 3334.975,100
181,09:45:00,$ 3334.97,100
182,09:44:59,$ 3334.96,160
183,09:44:41,$ 3332.41,100
184,09:44:41,$ 3331.87,100
185,09:44:41,$ 3332.38,100
186,09:44:38,$ 3330.925,100
187,09:44:26,$ 3330.20,100
188,09:44:23,$ 3329.64,100
190,09:44:22,$ 3329.63,100
191,09:44:18,$ 3329.50,100
192,09:44:18,$ 3329.49,100
193,09:44:16,$ 3331.10,100
194,09:44:05,$ 3330.06,100
195,09:44:05,$ 3330.39,100
196,09:44:05,$ 3330.39,100
197,09:44:05,$ 3330.38,100
198,09:43:46,$ 3330.7125,100
199,09:43:41,$ 3330.00,125
200,09:43:36,$ 3330.41,100
201,09:43:22,$ 3330.2905,100
202,09:43:16,$ 3330.015,100
203,09:43:10,$ 3330.00,458
204,09:43:10,$ 3330.00,137
205,09:43:10,$ 3330.00,147
206,09:43:10,$ 3330.00,100
207,09:43:10,$ 3330.60,100
208,09:43:03,$ 3331.4963,100
209,09:43:03,$ 3331.42,100
211,09:42:52,$ 3331.99,100
212,09:42:37,$ 3332.45,100
213,09:42:26,$ 3332.00,100
214,09:42:26,$ 3333.15,100
215,09:42:26,$ 3333.11,100
216,09:42:23,$ 3333.605,100
217,09:42:14,$ 3334.01,100
218,09:42:08,$ 3334.455,126
219,09:42:08,$ 3333.81,100
220,09:42:03,$ 3334.57,100
221,09:42:01,$ 3334.575,100
222,09:41:58,$ 3335.00,100
223,09:41:58,$ 3335.00,100
224,09:41:56,$ 3334.22,100
225,09:41:53,$ 3333.38,100
226,09:41:53,$ 3333.38,100
227,09:41:44,$ 3333.01,100
228,09:41:44,$ 3333.00,260
229,09:41:42,$ 3333.38,100
230,09:41:42,$ 3333.2834,100
232,09:41:41,$ 3333.51,100
233,09:41:36,$ 3334.8599,100
234,09:41:35,$ 3334.67,100
235,09:41:34,$ 3333.85,100
236,09:41:34,$ 3334.21,100
237,09:41:30,$ 3334.20,100
238,09:41:26,$ 3333.65,100
239,09:41:05,$ 3333.3609,100
240,09:40:55,$ 3332.46,100
241,09:40:55,$ 3332.47,100
242,09:40:48,$ 3331.50,100
243,09:40:48,$ 3332.04,100
244,09:40:48,$ 3332.00,130
245,09:40:48,$ 3332.00,137
246,09:40:35,$ 3332.85,100
247,09:40:34,$ 3333.93,100
248,09:40:34,$ 3333.43,100
249,09:40:34,$ 3333.43,100
250,09:40:31,$ 3333.50,675
251,09:40:31,$ 3333.50,100
253,09:40:31,$ 3333.47,100
254,09:40:04,$ 3328.52,100
255,09:40:04,$ 3328.67,100
256,09:40:01,$ 3329.61,100
257,09:40:01,$ 3329.21,100
258,09:39:54,$ 3330.30,100
259,09:39:42,$ 3330.96,100
260,09:39:38,$ 3329.48,100
261,09:39:38,$ 3329.47,100
262,09:39:37,$ 3328.845,100
263,09:39:37,$ 3328.68,100
264,09:39:37,$ 3328.87,100
265,09:39:36,$ 3329.46,100
266,09:39:35,$ 3329.05,100
267,09:39:35,$ 3329.81,100
268,09:39:34,$ 3329.81,100
269,09:39:25,$ 3329.21,100
270,09:39:19,$ 3329.835,100
271,09:39:19,$ 3329.835,100
272,09:39:19,$ 3329.83,100
274,09:39:19,$ 3330.22,100
275,09:39:18,$ 3331.205,100
276,09:39:13,$ 3332.00,100
277,09:39:07,$ 3332.53,100
278,09:39:06,$ 3331.92,100
279,09:39:06,$ 3331.96,100
280,09:39:06,$ 3331.77,100
281,09:39:06,$ 3332.77,100
282,09:39:06,$ 3331.77,100
283,09:39:06,$ 3331.77,100
284,09:39:06,$ 3331.41,100
285,09:39:03,$ 3332.06,100
286,09:39:03,$ 3332.13,100
287,09:39:03,$ 3332.00,100
288,09:39:03,$ 3332.20,100
289,09:39:03,$ 3332.19,100
290,09:39:03,$ 3332.15,100
291,09:38:52,$ 3332.9775,100
292,09:38:49,$ 3332.785,100
293,09:38:49,$ 3332.74,100
295,09:38:47,$ 3332.32,100
296,09:38:44,$ 3332.64,100
297,09:38:44,$ 3333.40,166
298,09:38:43,$ 3333.325,100
299,09:38:43,$ 3333.55,100
300,09:38:38,$ 3333.72,100
301,09:38:26,$ 3332.56,100
302,09:38:20,$ 3332.49,100
303,09:38:14,$ 3331.4633,300
304,09:38:12,$ 3331.52,145
305,09:38:11,$ 3331.52,225
306,09:38:11,$ 3332.07,100
307,09:38:10,$ 3331.01,100
308,09:38:10,$ 3331.00,200
309,09:38:10,$ 3331.00,200
310,09:38:10,$ 3331.48,100
311,09:37:54,$ 3332.505,100
312,09:37:53,$ 3331.5984,160
313,09:37:51,$ 3332.17,100
314,09:37:37,$ 3332.36,100
316,09:37:37,$ 3332.36,100
317,09:37:37,$ 3332.34,100
318,09:37:37,$ 3332.34,100
319,09:37:37,$ 3332.32,100
320,09:37:37,$ 3332.00,"1,250"
321,09:37:35,$ 3331.11,100
322,09:37:35,$ 3331.20,100
323,09:37:35,$ 3331.22,100
324,09:37:35,$ 3330.90,100
325,09:37:35,$ 3330.02,100
326,09:37:35,$ 3330.00,100
327,09:37:35,$ 3330.21,100
328,09:37:32,$ 3332.25,100
329,09:37:24,$ 3332.07,125
330,09:37:22,$ 3331.62,100
331,09:37:22,$ 3332.12,100
332,09:37:22,$ 3332.11,100
333,09:37:11,$ 3331.865,100
334,09:37:11,$ 3331.43,100
335,09:37:10,$ 3332.64,300
337,09:37:06,$ 3331.22,100
338,09:37:01,$ 3332.08,100
339,09:37:01,$ 3332.18,100
340,09:37:01,$ 3331.50,100
341,09:37:00,$ 3330.82,200
342,09:37:00,$ 3331.05,100
343,09:37:00,$ 3331.12,100
344,09:36:55,$ 3332.68,100
345,09:36:54,$ 3332.59,100
346,09:36:54,$ 3331.97,500
347,09:36:52,$ 3331.585,100
348,09:36:52,$ 3331.69,500
349,09:36:51,$ 3330.56,100
350,09:36:51,$ 3330.53,100
351,09:36:51,$ 3329.945,500
352,09:36:51,$ 3330.56,100
353,09:36:51,$ 3330.45,100
354,09:36:51,$ 3329.945,100
355,09:36:50,$ 3329.945,500
356,09:36:41,$ 3329.99,100
358,09:36:41,$ 3329.33,100
359,09:36:32,$ 3328.85,100
360,09:36:31,$ 3328.84,100
361,09:36:31,$ 3328.877,100
362,09:36:31,$ 3328.83,100
363,09:36:31,$ 3329.14,100
364,09:36:31,$ 3329.06,100
365,09:36:31,$ 3330.00,100
366,09:36:31,$ 3330.00,100
367,09:36:31,$ 3330.00,100
368,09:36:31,$ 3330.74,100
369,09:36:31,$ 3330.74,100
370,09:36:24,$ 3330.88,100
371,09:36:24,$ 3330.84,100
372,09:36:24,$ 3330.79,102
373,09:36:14,$ 3332.46,120
374,09:36:14,$ 3332.72,100
375,09:36:14,$ 3332.7201,100
376,09:36:14,$ 3332.721,100
377,09:36:12,$ 3333.20,100
379,09:36:09,$ 3331.71,102
380,09:36:09,$ 3331.71,100
381,09:36:06,$ 3331.4426,100
382,09:36:00,$ 3332.00,100
383,09:36:00,$ 3332.87,100
384,09:36:00,$ 3333.00,100
385,09:36:00,$ 3333.20,100
386,09:35:49,$ 3334.35,100
387,09:35:49,$ 3334.24,100
388,09:35:49,$ 3334.76,100
389,09:35:44,$ 3335.00,207
390,09:35:39,$ 3335.61,100
391,09:35:27,$ 3334.3532,100
392,09:35:24,$ 3333.8592,100
393,09:35:13,$ 3334.79,300
394,09:35:11,$ 3334.435,200
395,09:35:10,$ 3333.98,100
396,09:35:10,$ 3334.77,100
397,09:35:08,$ 3333.11,100
398,09:35:08,$ 3333.16,100
400,09:35:02,$ 3333.938,150
401,09:34:56,$ 3332.765,100
402,09:34:56,$ 3332.76,100
403,09:34:52,$ 3333.285,100
404,09:34:52,$ 3333.285,100
405,09:34:52,$ 3333.285,400
406,09:34:52,$ 3333.285,100
407,09:34:52,$ 3333.285,200
408,09:34:50,$ 3332.52,100
409,09:34:49,$ 3332.87,400
410,09:34:48,$ 3333.04,200
411,09:34:48,$ 3333.01,100
412,09:34:48,$ 3333.34,100
413,09:34:47,$ 3334.375,100
414,09:34:46,$ 3334.56,100
415,09:34:43,$ 3335.015,100
416,09:34:43,$ 3335.01,100
417,09:34:43,$ 3335.48,100
418,09:34:43,$ 3335.245,100
419,09:34:43,$ 3335.48,100
421,09:34:43,$ 3336.1675,100
422,09:34:43,$ 3335.78,100
423,09:34:43,$ 3336.55,100
424,09:34:37,$ 3335.42,100
425,09:34:34,$ 3335.87,100
426,09:34:34,$ 3335.87,100
427,09:34:33,$ 3336.73,100
428,09:34:32,$ 3335.895,100
429,09:34:31,$ 3335.3271,100
430,09:34:27,$ 3335.42,456
431,09:34:26,$ 3335.42,256
432,09:34:25,$ 3337.40,100
433,09:34:25,$ 3337.40,100
434,09:34:25,$ 3337.31,100
435,09:34:25,$ 3337.95,100
436,09:34:25,$ 3338.03,100
437,09:34:17,$ 3335.46,100
438,09:34:17,$ 3335.05,100
439,09:34:17,$ 3335.17,100
440,09:34:15,$ 3337.94,100
442,09:34:05,$ 3339.55,106
443,09:34:05,$ 3339.55,115
444,09:34:04,$ 3340.00,190
445,09:34:03,$ 3340.00,100
446,09:34:03,$ 3340.575,100
447,09:34:03,$ 3340.6575,100
448,09:34:03,$ 3340.575,100
449,09:34:01,$ 3339.01,100
450,09:34:01,$ 3339.011,100
451,09:34:01,$ 3340.00,100
452,09:34:01,$ 3340.69,100
453,09:34:00,$ 3341.98,100
454,09:33:54,$ 3341.94,100
455,09:33:54,$ 3340.97,100
456,09:33:54,$ 3341.94,100
457,09:33:54,$ 3341.93,100
458,09:33:53,$ 3340.07,100
459,09:33:49,$ 3340.5045,"1,010"
460,09:33:43,$ 3341.03,100
461,09:33:43,$ 3341.031,100
463,09:33:43,$ 3341.88,100
464,09:33:36,$ 3344.01,100
465,09:33:36,$ 3344.01,100
466,09:33:36,$ 3344.01,100
467,09:33:36,$ 3344.01,100
468,09:33:36,$ 3344.01,100
469,09:33:36,$ 3344.01,100
470,09:33:36,$ 3343.005,100
471,09:33:36,$ 3343.70,100
472,09:33:36,$ 3344.00,100
473,09:33:36,$ 3344.01,105
474,09:33:36,$ 3344.01,100
475,09:33:33,$ 3342.548,100
476,09:33:19,$ 3346.885,100
477,09:33:16,$ 3346.89,100
478,09:33:12,$ 3346.0589,100
479,09:33:09,$ 3346.29,100
480,09:33:09,$ 3347.9575,100
481,09:33:09,$ 3347.905,100
482,09:33:07,$ 3348.8808,100
484,09:33:05,$ 3348.85,100
485,09:33:05,$ 3348.3125,174
486,09:33:05,$ 3349.08,100
487,09:33:04,$ 3349.67,100
488,09:33:04,$ 3349.73,100
489,09:33:04,$ 3349.075,100
490,09:33:03,$ 3349.08,100
491,09:33:02,$ 3349.00,100
492,09:33:02,$ 3349.22,100
493,09:33:00,$ 3349.00,100
494,09:32:49,$ 3349.665,100
495,09:32:48,$ 3348.50,100
496,09:32:48,$ 3349.4065,100
497,09:32:29,$ 3350.98,100
498,09:32:27,$ 3351.06,100
499,09:32:26,$ 3351.06,100
500,09:32:24,$ 3352.9699,100
501,09:32:20,$ 3352.035,100
502,09:32:20,$ 3352.035,100
503,09:32:19,$ 3352.03,200
505,09:32:17,$ 3352.00,233
506,09:32:17,$ 3350.50,200
507,09:32:17,$ 3350.52,100
508,09:32:17,$ 3351.00,300
509,09:32:16,$ 3349.75,100
510,09:32:16,$ 3350.39,100
511,09:32:16,$ 3350.51,102
512,09:32:15,$ 3349.755,100
513,09:32:13,$ 3350.00,100
514,09:32:08,$ 3348.985,100
515,09:32:08,$ 3348.58,100
516,09:31:54,$ 3348.95,100
517,09:31:49,$ 3347.99,100
518,09:31:45,$ 3349.27,100
519,09:31:45,$ 3349.52,100
520,09:31:45,$ 3349.60,100
521,09:31:40,$ 3351.28,100
522,09:31:37,$ 3351.11,100
523,09:31:33,$ 3351.59,100
524,09:31:33,$ 3352.00,400
526,09:31:33,$ 3352.00,100
527,09:31:33,$ 3351.46,100
528,09:31:33,$ 3351.46,100
529,09:31:33,$ 3351.45,100
530,09:31:33,$ 3351.46,100
531,09:31:31,$ 3350.415,100
532,09:31:30,$ 3351.05,100
533,09:31:30,$ 3351.4565,100
534,09:31:30,$ 3351.28,100
535,09:31:30,$ 3351.08,200
536,09:31:30,$ 3350.485,100
537,09:31:29,$ 3351.49,100
538,09:31:24,$ 3350.51,100
539,09:31:23,$ 3351.18,100
540,09:31:17,$ 3351.99,100
541,09:31:16,$ 3350.84,100
542,09:31:16,$ 3350.92,100
543,09:31:16,$ 3350.90,100
544,09:31:12,$ 3351.95,100
545,09:31:12,$ 3351.11,100
547,09:31:12,$ 3351.98,100
548,09:31:08,$ 3352.07,100
549,09:31:05,$ 3350.65,100
550,09:31:05,$ 3350.52,100
551,09:31:05,$ 3350.65,100
552,09:31:04,$ 3349.42,100
553,09:31:03,$ 3349.42,100
554,09:31:02,$ 3349.3475,100
555,09:31:02,$ 3350.00,200
556,09:31:02,$ 3349.375,100
557,09:31:02,$ 3349.3575,100
558,09:31:01,$ 3349.375,100
559,09:30:57,$ 3349.825,150
560,09:30:56,$ 3349.80,100
561,09:30:56,$ 3349.85,100
562,09:30:56,$ 3349.85,100
563,09:30:56,$ 3349.85,100
564,09:30:53,$ 3352.19,100
565,09:30:49,$ 3349.48,100
566,09:30:46,$ 3349.665,100
568,09:30:45,$ 3350.54,100
569,09:30:45,$ 3350.8075,100
570,09:30:45,$ 3350.5575,100
571,09:30:44,$ 3350.8692,100
572,09:30:44,$ 3352.50,200
573,09:30:44,$ 3352.50,200
574,09:30:44,$ 3352.50,360
575,09:30:41,$ 3349.7437,100
576,09:30:36,$ 3349.93,100
577,09:30:36,$ 3349.93,100
578,09:30:34,$ 3349.00,386
579,09:30:32,$ 3348.40,100
580,09:30:30,$ 3346.365,100
581,09:30:30,$ 3346.33,100
582,09:30:30,$ 3346.805,100
583,09:30:30,$ 3347.595,"2,500"
584,09:30:21,$ 3347.41,100
585,09:30:20,$ 3346.79,100
586,09:30:15,$ 3345.89,100
587,09:30:13,$ 3346.25,100
589,09:30:11,$ 3346.0925,100
590,09:30:11,$ 3345.98,100
591,09:30:07,$ 3344.95,175
592,09:30:07,$ 3344.99,100
593,09:30:07,$ 3345.00,118
594,09:30:07,$ 3345.00,113
595,09:30:07,$ 3345.00,115
596,09:30:07,$ 3345.00,115
597,09:30:07,$ 3345.00,115
598,09:30:07,$ 3345.00,113
599,09:30:07,$ 3345.00,113
600,09:30:07,$ 3345.00,198
601,09:30:07,$ 3345.00,100
602,09:30:07,$ 3345.00,200
603,09:30:05,$ 3344.26,100
604,09:30:04,$ 3344.90,100
605,09:30:03,$ 3343.99,115
606,09:30:03,$ 3343.99,113
607,09:30:02,$ 3343.61,5
608,09:30:02,$ 3343.61,2
610,09:30:02,$ 3343.61,10
611,09:30:02,$ 3343.61,1
612,09:30:02,$ 3343.61,6
613,09:30:02,$ 3343.61,2
614,09:30:02,$ 3343.61,2
615,09:30:02,$ 3343.61,2
616,09:30:02,$ 3343.61,35
617,09:30:02,$ 3343.61,230
618,09:30:02,$ 3343.61,10
619,09:30:02,$ 3343.61,1
620,09:30:02,$ 3343.61,15
621,09:30:02,$ 3343.61,60
622,09:30:02,$ 3343.61,10
623,09:30:02,$ 3343.61,3
624,09:30:02,$ 3343.61,300
625,09:30:02,$ 3343.61,1
626,09:30:02,$ 3343.61,10
627,09:30:02,$ 3343.61,10
628,09:30:02,$ 3343.61,3
629,09:30:02,$ 3343.61,1
631,09:30:02,$ 3343.61,2
632,09:30:02,$ 3343.61,5
633,09:30:02,$ 3343.61,5
634,09:30:02,$ 3343.61,6
635,09:30:02,$ 3343.61,30
636,09:30:02,$ 3343.61,5
637,09:30:02,$ 3343.61,3
638,09:30:02,$ 3343.61,15
639,09:30:02,$ 3343.61,2
640,09:30:02,$ 3343.61,1
641,09:30:02,$ 3343.61,5
642,09:30:02,$ 3343.61,20
643,09:30:02,$ 3343.61,5
644,09:30:02,$ 3343.61,3
645,09:30:02,$ 3343.61,24
646,09:30:02,$ 3343.61,2
647,09:30:02,$ 3343.61,1
648,09:30:02,$ 3343.61,18
649,09:30:02,$ 3343.61,1
650,09:30:02,$ 3343.61,18
652,09:30:02,$ 3343.61,1
653,09:30:02,$ 3343.61,3
654,09:30:02,$ 3343.61,1
655,09:30:02,$ 3343.61,1
656,09:30:02,$ 3343.61,1
657,09:30:02,$ 3343.61,63
658,09:30:02,$ 3343.61,5
659,09:30:02,$ 3343.61,8
660,09:30:02,$ 3343.61,1
661,09:30:02,$ 3343.61,10
662,09:30:02,$ 3343.61,2
663,09:30:02,$ 3343.61,1
664,09:30:02,$ 3343.61,4
665,09:30:02,$ 3343.61,3
666,09:30:02,$ 3343.61,6
667,09:30:02,$ 3343.61,6
668,09:30:02,$ 3343.61,2
669,09:30:02,$ 3343.61,2
670,09:30:02,$ 3343.61,7
671,09:30:02,$ 3343.61,8
673,09:30:02,$ 3343.61,2
674,09:30:02,$ 3343.61,2
675,09:30:02,$ 3343.61,7
676,09:30:02,$ 3343.61,3
677,09:30:02,$ 3343.61,2
678,09:30:02,$ 3343.61,1
679,09:30:02,$ 3343.61,4
680,09:30:02,$ 3343.61,1
681,09:30:02,$ 3343.61,3
682,09:30:02,$ 3343.61,2
683,09:30:02,$ 3343.61,8
684,09:30:02,$ 3343.61,1
685,09:30:02,$ 3343.61,4
686,09:30:02,$ 3343.61,5
687,09:30:02,$ 3343.61,2
688,09:30:02,$ 3343.61,7
689,09:30:02,$ 3343.61,15
690,09:30:02,$ 3343.61,10
691,09:30:02,$ 3343.61,1
692,09:30:02,$ 3343.61,2
694,09:30:02,$ 3343.61,1
695,09:30:02,$ 3343.61,1
696,09:30:02,$ 3343.61,1
697,09:30:02,$ 3343.61,3
698,09:30:02,$ 3343.61,1
699,09:30:02,$ 3343.61,1
700,09:30:02,$ 3343.61,1
701,09:30:02,$ 3343.61,1
702,09:30:02,$ 3343.61,9
703,09:30:02,$ 3343.61,2
704,09:30:02,$ 3343.61,1
705,09:30:02,$ 3343.61,3
706,09:30:02,$ 3343.61,2
707,09:30:02,$ 3343.61,1
708,09:30:02,$ 3343.61,1
709,09:30:02,$ 3343.61,1
710,09:30:02,$ 3343.61,1
711,09:30:02,$ 3343.61,1
712,09:30:02,$ 3343.61,2
713,09:30:02,$ 3343.61,1
715,09:30:02,$ 3343.61,1
716,09:30:02,$ 3343.61,2
717,09:30:02,$ 3343.61,2
718,09:30:02,$ 3343.61,4
719,09:30:02,$ 3343.61,3
720,09:30:02,$ 3343.61,1
721,09:30:02,$ 3343.61,1
722,09:30:02,$ 3343.61,7
723,09:30:02,$ 3343.61,2
724,09:30:02,$ 3343.61,5
725,09:30:02,$ 3343.61,1
726,09:30:02,$ 3343.61,8
727,09:30:02,$ 3343.61,30
728,09:30:02,$ 3343.61,10
729,09:30:02,$ 3343.61,2
730,09:30:02,$ 3343.61,1
731,09:30:02,$ 3343.61,1
732,09:30:02,$ 3343.61,3
733,09:30:02,$ 3343.61,2
734,09:30:02,$ 3343.61,5
736,09:30:02,$ 3343.61,1
737,09:30:02,$ 3343.61,1
738,09:30:02,$ 3343.61,2
739,09:30:02,$ 3343.61,1
740,09:30:02,$ 3343.61,7
741,09:30:02,$ 3343.61,4
742,09:30:02,$ 3343.61,1
743,09:30:02,$ 3343.61,2
744,09:30:02,$ 3343.61,1
745,09:30:02,$ 3343.61,1
746,09:30:02,$ 3343.61,10
747,09:30:02,$ 3343.61,2
748,09:30:02,$ 3343.61,2
749,09:30:02,$ 3343.61,1
750,09:30:02,$ 3343.61,5
751,09:30:02,$ 3343.61,296
752,09:30:02,$ 3343.61,2
753,09:30:02,$ 3343.61,2
754,09:30:02,$ 3343.61,1
755,09:30:02,$ 3343.61,8
757,09:30:02,$ 3343.61,1
758,09:30:02,$ 3343.61,1
759,09:30:02,$ 3343.61,1
760,09:30:02,$ 3343.61,20
761,09:30:02,$ 3343.61,1
762,09:30:02,$ 3343.61,1
763,09:30:02,$ 3343.61,2
764,09:30:02,$ 3343.61,2
765,09:30:02,$ 3343.61,7
766,09:30:02,$ 3343.61,1
767,09:30:02,$ 3343.61,2
768,09:30:02,$ 3343.61,1
769,09:30:02,$ 3343.61,1
770,09:30:02,$ 3343.61,1
771,09:30:02,$ 3343.61,4
772,09:30:02,$ 3343.61,3
773,09:30:02,$ 3343.61,200
774,09:30:02,$ 3343.61,3
775,09:30:02,$ 3343.61,100
776,09:30:02,$ 3343.61,1
778,09:30:02,$ 3343.61,1
779,09:30:02,$ 3343.61,1
780,09:30:02,$ 3343.61,1
781,09:30:02,$ 3343.61,1
782,09:30:02,$ 3343.61,1
783,09:30:02,$ 3343.61,1
784,09:30:02,$ 3343.61,2
785,09:30:02,$ 3343.61,1
786,09:30:02,$ 3343.61,1
787,09:30:02,$ 3343.61,1
788,09:30:02,$ 3343.61,1
789,09:30:02,$ 3343.61,1
790,09:30:02,$ 3343.61,2
791,09:30:02,$ 3343.61,1
792,09:30:02,$ 3343.61,1
793,09:30:02,$ 3343.61,1
794,09:30:02,$ 3343.61,1
795,09:30:02,$ 3343.61,1
796,09:30:02,$ 3343.61,1
797,09:30:02,$ 3343.61,1
799,09:30:02,$ 3343.61,1
800,09:30:02,$ 3343.61,1
801,09:30:02,$ 3343.61,1
802,09:30:02,$ 3343.61,1
803,09:30:02,$ 3343.61,1
804,09:30:02,$ 3343.61,1
805,09:30:02,$ 3343.61,1
806,09:30:02,$ 3343.61,1
807,09:30:02,$ 3343.61,1
808,09:30:02,$ 3343.61,1
809,09:30:02,$ 3343.61,1
810,09:30:02,$ 3343.61,1
811,09:30:02,$ 3343.61,1
812,09:30:02,$ 3343.61,1
813,09:30:02,$ 3343.61,1
814,09:30:02,$ 3343.61,1
815,09:30:02,$ 3343.61,1
816,09:30:02,$ 3343.61,1
817,09:30:02,$ 3343.61,1
818,09:30:02,$ 3343.61,1
820,09:30:02,$ 3343.61,1
821,09:30:02,$ 3343.61,1
822,09:30:02,$ 3343.61,1
823,09:30:02,$ 3343.61,3
824,09:30:02,$ 3343.61,1
825,09:30:02,$ 3343.61,1
826,09:30:02,$ 3343.61,100
827,09:30:02,$ 3343.61,1
828,09:30:02,$ 3343.61,1
829,09:30:02,$ 3343.61,2
830,09:30:02,$ 3343.61,2
831,09:30:02,$ 3343.61,1
832,09:30:02,$ 3343.61,2
833,09:30:02,$ 3343.61,1
834,09:30:02,$ 3343.61,1
835,09:30:02,$ 3343.61,1
836,09:30:02,$ 3343.61,1
837,09:30:02,$ 3343.61,1
838,09:30:02,$ 3343.61,1
839,09:30:02,$ 3343.61,1
841,09:30:02,$ 3343.61,2
842,09:30:02,$ 3343.61,2
843,09:30:02,$ 3343.61,20
844,09:30:02,$ 3343.61,1
845,09:30:02,$ 3343.61,1
846,09:30:02,$ 3343.61,1
847,09:30:02,$ 3343.61,1
848,09:30:02,$ 3343.61,1
849,09:30:02,$ 3343.61,1
850,09:30:02,$ 3343.61,2
851,09:30:02,$ 3343.61,3
852,09:30:02,$ 3343.61,1
853,09:30:02,$ 3343.61,1
854,09:30:02,$ 3343.61,5
855,09:30:02,$ 3343.61,3
856,09:30:02,$ 3343.61,1
857,09:30:02,$ 3343.61,2
858,09:30:02,$ 3343.61,5
859,09:30:02,$ 3343.61,15
860,09:30:02,$ 3343.61,1
862,09:30:02,$ 3343.61,1
863,09:30:02,$ 3343.61,15
864,09:30:02,$ 3343.61,8
865,09:30:02,$ 3343.61,1
866,09:30:02,$ 3343.61,5
867,09:30:02,$ 3343.61,2
868,09:30:02,$ 3343.61,3
869,09:30:02,$ 3343.61,1
870,09:30:02,$ 3343.61,1
871,09:30:02,$ 3343.61,1
872,09:30:02,$ 3343.61,7
873,09:30:02,$ 3343.61,1
874,09:30:02,$ 3343.61,1
875,09:30:02,$ 3343.61,1
876,09:30:02,$ 3343.61,1
877,09:30:02,$ 3343.61,1
878,09:30:02,$ 3343.61,1
879,09:30:02,$ 3343.61,5
880,09:30:02,$ 3343.61,1
881,09:30:02,$ 3343.61,1
883,09:30:02,$ 3343.61,3
884,09:30:02,$ 3343.61,6
885,09:30:02,$ 3343.61,12
886,09:30:02,$ 3343.61,15
887,09:30:02,$ 3343.61,3
888,09:30:02,$ 3343.61,1
889,09:30:02,$ 3343.61,1
890,09:30:02,$ 3343.61,6
891,09:30:02,$ 3343.61,3
892,09:30:02,$ 3343.61,1
893,09:30:02,$ 3343.61,2
894,09:30:02,$ 3343.61,1
895,09:30:02,$ 3343.61,1
896,09:30:02,$ 3343.61,2
897,09:30:02,$ 3343.61,1
898,09:30:02,$ 3343.61,29
899,09:30:02,$ 3343.61,3
900,09:30:02,$ 3343.61,9
901,09:30:02,$ 3343.61,1
902,09:30:02,$ 3343.61,3
904,09:30:02,$ 3343.61,1
905,09:30:02,$ 3343.61,1
906,09:30:02,$ 3343.61,2
907,09:30:02,$ 3343.61,1
908,09:30:02,$ 3343.61,10
909,09:30:02,$ 3343.61,1
910,09:30:02,$ 3343.61,2
911,09:30:02,$ 3343.61,1
912,09:30:02,$ 3343.61,1
913,09:30:02,$ 3343.61,6
914,09:30:02,$ 3343.61,2
915,09:30:02,$ 3343.61,1
916,09:30:02,$ 3343.61,1
917,09:30:02,$ 3343.61,1
918,09:30:02,$ 3343.61,1
919,09:30:02,$ 3343.61,3
920,09:30:02,$ 3343.61,1
921,09:30:02,$ 3343.61,3
922,09:30:02,$ 3343.61,5
923,09:30:02,$ 3343.61,5
925,09:30:02,$ 3343.61,11
926,09:30:02,$ 3343.61,1
927,09:30:02,$ 3343.61,2
928,09:30:02,$ 3343.61,2
929,09:30:02,$ 3343.61,2
930,09:30:02,$ 3343.61,1
931,09:30:02,$ 3343.61,1
932,09:30:02,$ 3343.61,1
933,09:30:02,$ 3343.61,1
934,09:30:02,$ 3343.61,1
935,09:30:02,$ 3343.61,1
936,09:30:02,$ 3343.61,1
937,09:30:02,$ 3343.61,1
938,09:30:02,$ 3343.61,1
939,09:30:02,$ 3343.61,1
940,09:30:02,$ 3343.61,1
941,09:30:02,$ 3343.61,1
942,09:30:02,$ 3343.61,1
943,09:30:02,$ 3343.61,1
944,09:30:02,$ 3343.61,1
946,09:30:02,$ 3343.61,1
947,09:30:02,$ 3343.61,1
948,09:30:02,$ 3343.61,1
949,09:30:02,$ 3343.61,1
950,09:30:02,$ 3343.61,1
951,09:30:02,$ 3343.61,1
952,09:30:02,$ 3343.61,1
953,09:30:02,$ 3343.61,1
954,09:30:02,$ 3343.61,1
955,09:30:02,$ 3343.61,1
956,09:30:02,$ 3343.61,1
957,09:30:02,$ 3343.61,1
958,09:30:02,$ 3343.61,1
959,09:30:02,$ 3343.61,1
960,09:30:02,$ 3343.61,1
961,09:30:02,$ 3343.61,1
962,09:30:02,$ 3343.61,1
963,09:30:02,$ 3343.61,1
964,09:30:02,$ 3343.61,1
965,09:30:02,$ 3343.61,1
967,09:30:02,$ 3343.61,1
968,09:30:02,$ 3343.61,1
969,09:30:02,$ 3343.61,1
970,09:30:02,$ 3343.61,1
971,09:30:02,$ 3343.61,1
972,09:30:02,$ 3343.61,1
973,09:30:02,$ 3343.61,1
974,09:30:02,$ 3343.61,1
975,09:30:02,$ 3343.61,1
976,09:30:02,$ 3343.61,1
977,09:30:02,$ 3343.61,1
978,09:30:02,$ 3343.61,1
979,09:30:02,$ 3343.61,2
980,09:30:02,$ 3343.61,1
981,09:30:02,$ 3343.61,1
982,09:30:02,$ 3343.61,1
983,09:30:02,$ 3343.61,1
984,09:30:02,$ 3343.61,1
985,09:30:02,$ 3343.61,1
986,09:30:02,$ 3343.61,1
988,09:30:02,$ 3343.61,1
989,09:30:02,$ 3343.61,1
990,09:30:02,$ 3343.61,1
991,09:30:02,$ 3343.61,1
992,09:30:02,$ 3343.61,1
993,09:30:02,$ 3343.61,1
994,09:30:02,$ 3343.61,1
995,09:30:02,$ 3343.61,1
996,09:30:02,$ 3343.61,1
997,09:30:02,$ 3343.61,1
998,09:30:02,$ 3343.61,1
999,09:30:02,$ 3343.61,1
1000,09:30:02,$ 3343.61,1
1001,09:30:02,$ 3343.61,1
1002,09:30:02,$ 3343.61,1
1003,09:30:02,$ 3343.61,1
1004,09:30:02,$ 3343.61,1
1005,09:30:02,$ 3343.61,1
1006,09:30:02,$ 3343.61,1
1007,09:30:02,$ 3343.61,1
1009,09:30:02,$ 3343.61,1
1010,09:30:02,$ 3343.61,1
1011,09:30:02,$ 3343.61,1
1012,09:30:02,$ 3343.61,1
1013,09:30:02,$ 3343.61,1
1014,09:30:02,$ 3343.61,1
1015,09:30:02,$ 3343.61,1
1016,09:30:02,$ 3343.61,1
1017,09:30:02,$ 3343.61,1
1018,09:30:02,$ 3343.61,1
1019,09:30:02,$ 3343.61,1
1020,09:30:02,$ 3343.61,1
1021,09:30:02,$ 3343.61,1
1022,09:30:02,$ 3343.61,1
1023,09:30:02,$ 3343.61,1
1024,09:30:02,$ 3343.61,1
1025,09:30:02,$ 3343.61,1
1026,09:30:02,$ 3343.61,1
1027,09:30:02,$ 3343.61,1
1028,09:30:02,$ 3343.61,1
1030,09:30:02,$ 3343.61,1
1031,09:30:02,$ 3343.61,1
1032,09:30:02,$ 3343.61,1
1033,09:30:02,$ 3343.61,1
1034,09:30:02,$ 3343.61,1
1035,09:30:02,$ 3343.61,1
1036,09:30:02,$ 3343.61,1
1037,09:30:02,$ 3343.61,1
1038,09:30:02,$ 3343.61,1
1039,09:30:02,$ 3343.61,1
1040,09:30:02,$ 3343.61,1
1041,09:30:02,$ 3343.61,1
1042,09:30:02,$ 3343.61,1
1043,09:30:02,$ 3343.61,1
1044,09:30:02,$ 3343.61,1
1045,09:30:02,$ 3343.61,1
1046,09:30:02,$ 3343.61,1
1047,09:30:02,$ 3343.61,1
1048,09:30:02,$ 3343.61,1
1049,09:30:02,$ 3343.61,1
1051,09:30:02,$ 3343.61,1
1052,09:30:02,$ 3343.61,1
1053,09:30:02,$ 3343.61,1
1054,09:30:02,$ 3343.61,1
1055,09:30:02,$ 3343.61,1
1056,09:30:02,$ 3343.61,1
1057,09:30:02,$ 3343.61,1
1058,09:30:02,$ 3343.61,1
1059,09:30:02,$ 3343.61,1
1060,09:30:02,$ 3343.61,1
1061,09:30:02,$ 3343.61,1
1062,09:30:02,$ 3343.61,1
1063,09:30:02,$ 3343.61,1
1064,09:30:02,$ 3343.61,1
1065,09:30:02,$ 3343.61,1
1066,09:30:02,$ 3343.61,1
1067,09:30:02,$ 3343.61,1
1068,09:30:02,$ 3343.61,1
1069,09:30:02,$ 3343.61,1
1070,09:30:02,$ 3343.61,1
1072,09:30:02,$ 3343.61,1
1073,09:30:02,$ 3343.61,1
1074,09:30:02,$ 3343.61,3
1075,09:30:02,$ 3343.61,4
1076,09:30:02,$ 3343.61,1
1077,09:30:02,$ 3343.61,3
1078,09:30:02,$ 3343.61,1
1079,09:30:02,$ 3343.61,1
1080,09:30:02,$ 3343.61,2
1081,09:30:02,$ 3343.61,1
1082,09:30:02,$ 3343.61,2
1083,09:30:02,$ 3343.61,3
1084,09:30:02,$ 3343.61,1
1085,09:30:02,$ 3343.61,1
1086,09:30:02,$ 3343.61,29
1087,09:30:02,$ 3343.61,10
1088,09:30:02,$ 3343.61,4
1089,09:30:02,$ 3343.61,1
1090,09:30:02,$ 3343.61,1
1091,09:30:02,$ 3343.61,1
1093,09:30:02,$ 3343.61,3
1094,09:30:02,$ 3343.61,6
1095,09:30:02,$ 3343.61,3
1096,09:30:02,$ 3343.61,1
1097,09:30:02,$ 3343.61,3
1098,09:30:02,$ 3343.61,1
1099,09:30:02,$ 3343.61,1
1100,09:30:02,$ 3343.61,3
1101,09:30:02,$ 3343.61,2
1102,09:30:02,$ 3343.61,1
1103,09:30:02,$ 3343.61,3
1104,09:30:02,$ 3343.61,1
1105,09:30:02,$ 3343.61,3
1106,09:30:02,$ 3343.61,2
1107,09:30:02,$ 3343.61,1
1108,09:30:02,$ 3343.61,2
1109,09:30:02,$ 3343.61,1
1110,09:30:02,$ 3343.61,1
1111,09:30:02,$ 3343.61,1
1112,09:30:02,$ 3343.61,3
1114,09:30:02,$ 3343.61,10
1115,09:30:02,$ 3343.61,1
1116,09:30:02,$ 3343.61,1
1117,09:30:02,$ 3343.61,5
1118,09:30:02,$ 3343.61,1
1119,09:30:02,$ 3343.61,1
1120,09:30:02,$ 3343.61,6
1121,09:30:02,$ 3343.61,100
1122,09:30:02,$ 3343.61,3
1123,09:30:02,$ 3343.61,1
1124,09:30:02,$ 3343.61,10
1125,09:30:02,$ 3343.61,29
1126,09:30:02,$ 3343.61,1
1127,09:30:02,$ 3343.61,1
1128,09:30:02,$ 3343.61,12
1129,09:30:02,$ 3343.61,1
1130,09:30:02,$ 3343.61,3
1131,09:30:02,$ 3343.61,4
1132,09:30:02,$ 3343.61,1
1133,09:30:02,$ 3343.61,2
1135,09:30:02,$ 3343.61,2
1136,09:30:02,$ 3343.61,1
1137,09:30:02,$ 3343.61,1
1138,09:30:02,$ 3343.61,1
1139,09:30:02,$ 3343.61,2
1140,09:30:02,$ 3343.61,2
1141,09:30:02,$ 3343.61,2
1142,09:30:02,$ 3343.61,4
1143,09:30:02,$ 3343.61,3
1144,09:30:02,$ 3343.61,2
1145,09:30:02,$ 3343.61,9
1146,09:30:02,$ 3343.61,1
1147,09:30:02,$ 3343.61,1
1148,09:30:02,$ 3343.61,6
1149,09:30:02,$ 3343.61,4
1150,09:30:02,$ 3343.61,5
1151,09:30:02,$ 3343.61,12
1152,09:30:02,$ 3343.61,2
1153,09:30:02,$ 3343.61,1
1154,09:30:02,$ 3343.61,5
1156,09:30:02,$ 3343.61,2
1157,09:30:02,$ 3343.61,10
1158,09:30:02,$ 3343.61,1
1159,09:30:02,$ 3343.61,5
1160,09:30:02,$ 3343.61,2
1161,09:30:02,$ 3343.61,3
1162,09:30:02,$ 3343.61,1
1163,09:30:02,$ 3343.61,3
1164,09:30:02,$ 3343.61,10
1165,09:30:02,$ 3343.61,1
1166,09:30:02,$ 3343.61,3
1167,09:30:02,$ 3343.61,2
1168,09:30:02,$ 3343.61,2
1169,09:30:02,$ 3343.61,2
1170,09:30:02,$ 3343.61,6
1171,09:30:02,$ 3343.61,2
1172,09:30:02,$ 3343.61,1
1173,09:30:02,$ 3343.61,1
1174,09:30:02,$ 3343.61,1
1175,09:30:02,$ 3343.61,2
1177,09:30:02,$ 3343.61,2
1178,09:30:02,$ 3343.61,4
1179,09:30:02,$ 3343.61,6
1180,09:30:02,$ 3343.61,30
1181,09:30:02,$ 3343.61,10
1182,09:30:02,$ 3343.61,3
1183,09:30:02,$ 3343.61,1
1184,09:30:02,$ 3343.61,2
1185,09:30:02,$ 3343.61,2
1186,09:30:02,$ 3343.61,3
1187,09:30:02,$ 3343.61,5
1188,09:30:02,$ 3343.61,1
1189,09:30:02,$ 3343.61,5
1190,09:30:02,$ 3343.61,1
1191,09:30:02,$ 3343.61,1
1192,09:30:02,$ 3343.61,1
1193,09:30:02,$ 3343.61,1
1194,09:30:02,$ 3343.61,1
1195,09:30:02,$ 3343.61,1
1196,09:30:02,$ 3343.61,1
1198,09:30:02,$ 3343.61,1
1199,09:30:02,$ 3343.61,1
1200,09:30:02,$ 3343.61,1
1201,09:30:02,$ 3343.61,1
1202,09:30:02,$ 3343.61,1
1203,09:30:02,$ 3343.61,1
1204,09:30:02,$ 3343.61,1
1205,09:30:02,$ 3343.61,1
1206,09:30:02,$ 3343.61,1
1207,09:30:02,$ 3343.61,1
1208,09:30:02,$ 3343.61,1
1209,09:30:02,$ 3343.61,1
1210,09:30:02,$ 3343.61,1
1211,09:30:02,$ 3343.61,1
1212,09:30:02,$ 3343.61,1
1213,09:30:02,$ 3343.61,1
1214,09:30:02,$ 3343.61,1
1215,09:30:02,$ 3343.61,1
1216,09:30:02,$ 3343.61,1
1217,09:30:02,$ 3343.61,1
1219,09:30:02,$ 3343.61,1
1220,09:30:02,$ 3343.61,1
1221,09:30:02,$ 3343.61,1
1222,09:30:02,$ 3343.61,1
1223,09:30:02,$ 3343.61,1
1224,09:30:02,$ 3343.61,1
1225,09:30:02,$ 3343.61,1
1226,09:30:02,$ 3343.61,1
1227,09:30:02,$ 3343.61,1
1228,09:30:02,$ 3343.61,1
1229,09:30:02,$ 3343.61,1
1230,09:30:02,$ 3343.61,1
1231,09:30:02,$ 3343.61,1
1232,09:30:02,$ 3343.61,1
1233,09:30:02,$ 3343.61,1
1234,09:30:02,$ 3343.61,1
1235,09:30:02,$ 3343.61,1
1236,09:30:02,$ 3343.61,1
1237,09:30:02,$ 3343.61,1
1238,09:30:02,$ 3343.61,1
1240,09:30:02,$ 3343.61,1
1241,09:30:02,$ 3343.61,1
1242,09:30:02,$ 3343.61,1
1243,09:30:02,$ 3343.61,1
1244,09:30:02,$ 3343.61,1
1245,09:30:02,$ 3343.61,1
1246,09:30:02,$ 3343.61,1
1247,09:30:02,$ 3343.61,1
1248,09:30:02,$ 3343.61,1
1249,09:30:02,$ 3343.61,1
1250,09:30:02,$ 3343.61,1
1251,09:30:02,$ 3343.61,1
1252,09:30:02,$ 3343.61,1
1253,09:30:02,$ 3343.61,5
1254,09:30:02,$ 3343.61,6
1255,09:30:02,$ 3343.61,1
1256,09:30:02,$ 3343.61,1
1257,09:30:02,$ 3343.61,1
1258,09:30:02,$ 3343.61,2
1259,09:30:02,$ 3343.61,1
1261,09:30:02,$ 3343.61,1
1262,09:30:02,$ 3343.61,1
1263,09:30:02,$ 3343.61,1
1264,09:30:02,$ 3343.61,1
1265,09:30:02,$ 3343.61,1
1266,09:30:02,$ 3343.61,1
1267,09:30:02,$ 3343.61,1
1268,09:30:02,$ 3343.61,50
1269,09:30:02,$ 3343.61,1
1270,09:30:02,$ 3343.61,2
1271,09:30:02,$ 3343.61,8
1272,09:30:02,$ 3343.61,1
1273,09:30:02,$ 3343.61,1
1274,09:30:02,$ 3343.61,1
1275,09:30:02,$ 3343.61,3
1276,09:30:02,$ 3343.61,6
1277,09:30:02,$ 3343.61,1
1278,09:30:02,$ 3343.61,40
1279,09:30:02,$ 3343.61,2
1280,09:30:02,$ 3343.61,5
1282,09:30:02,$ 3343.61,1
1283,09:30:02,$ 3343.61,1
1284,09:30:02,$ 3343.61,3
1285,09:30:02,$ 3343.61,5
1286,09:30:02,$ 3343.61,3
1287,09:30:02,$ 3343.61,1
1288,09:30:02,$ 3343.61,2
1289,09:30:02,$ 3343.61,3
1290,09:30:02,$ 3343.61,2
1291,09:30:02,$ 3343.61,4
1292,09:30:02,$ 3343.61,2
1293,09:30:02,$ 3343.61,1
1294,09:30:02,$ 3343.61,2
1295,09:30:02,$ 3343.61,3
1296,09:30:02,$ 3343.61,1
1297,09:30:02,$ 3343.61,2
1298,09:30:02,$ 3343.61,1
1299,09:30:02,$ 3343.61,2
1300,09:30:02,$ 3343.61,3
1301,09:30:02,$ 3343.61,4
1303,09:30:02,$ 3343.61,1
1304,09:30:02,$ 3343.61,1
1305,09:30:02,$ 3343.61,1
1306,09:30:02,$ 3343.61,3
1307,09:30:02,$ 3343.61,1
1308,09:30:02,$ 3343.61,1
1309,09:30:02,$ 3343.61,1
1310,09:30:02,$ 3343.61,1
1311,09:30:02,$ 3343.61,1
1312,09:30:02,$ 3343.61,1
1313,09:30:02,$ 3343.61,1
1314,09:30:02,$ 3343.61,1
1315,09:30:02,$ 3343.61,2
1316,09:30:02,$ 3343.61,5
1317,09:30:02,$ 3343.61,2
1318,09:30:02,$ 3343.61,2
1319,09:30:02,$ 3343.61,4
1320,09:30:02,$ 3343.61,1
1321,09:30:02,$ 3343.61,10
1322,09:30:02,$ 3343.61,9
1324,09:30:02,$ 3343.61,10
1325,09:30:02,$ 3343.61,1
1326,09:30:02,$ 3343.61,1
1327,09:30:02,$ 3343.61,1
1328,09:30:02,$ 3343.61,7
1329,09:30:02,$ 3343.61,1
1330,09:30:02,$ 3343.61,8
1331,09:30:02,$ 3343.61,1
1332,09:30:02,$ 3343.61,10
1333,09:30:02,$ 3343.61,1
1334,09:30:02,$ 3343.61,4
1335,09:30:02,$ 3343.61,2
1336,09:30:02,$ 3343.61,1
1337,09:30:02,$ 3343.61,20
1338,09:30:02,$ 3343.61,2
1339,09:30:02,$ 3343.61,1
1340,09:30:02,$ 3343.61,1
1341,09:30:02,$ 3343.61,2
1342,09:30:02,$ 3343.61,5
1343,09:30:02,$ 3343.61,3
1345,09:30:02,$ 3343.61,3
1346,09:30:02,$ 3343.61,5
1347,09:30:02,$ 3343.61,2
1348,09:30:02,$ 3343.61,6
1349,09:30:02,$ 3343.61,1
1350,09:30:02,$ 3343.61,1
1351,09:30:02,$ 3343.61,2
1352,09:30:02,$ 3343.61,1
1353,09:30:02,$ 3343.61,1
1354,09:30:02,$ 3343.61,1
1355,09:30:02,$ 3343.61,1
1356,09:30:02,$ 3343.61,2
1357,09:30:02,$ 3343.61,1
1358,09:30:02,$ 3343.61,1
1359,09:30:02,$ 3343.61,1
1360,09:30:02,$ 3343.61,1
1361,09:30:02,$ 3343.61,1
1362,09:30:02,$ 3343.61,1
1363,09:30:02,$ 3343.61,6
1364,09:30:02,$ 3343.61,33
1366,09:30:02,$ 3343.61,1
1367,09:30:02,$ 3343.61,1
1368,09:30:02,$ 3343.61,1
1369,09:30:02,$ 3343.61,2
1370,09:30:02,$ 3343.61,2
1371,09:30:02,$ 3343.61,1
1372,09:30:02,$ 3343.61,1
1373,09:30:02,$ 3343.61,2
1374,09:30:02,$ 3343.61,1
1375,09:30:02,$ 3343.61,1
1376,09:30:02,$ 3343.61,1
1377,09:30:02,$ 3343.61,1
1378,09:30:02,$ 3343.61,3
1379,09:30:02,$ 3343.61,1
1380,09:30:02,$ 3343.61,14
1381,09:30:02,$ 3343.61,1
1382,09:30:02,$ 3343.61,7
1383,09:30:02,$ 3343.61,1
1384,09:30:02,$ 3343.61,1
1385,09:30:02,$ 3343.61,1
1387,09:30:02,$ 3343.61,14
1388,09:30:02,$ 3343.61,1
1389,09:30:02,$ 3343.61,9
1390,09:30:02,$ 3343.61,4
1391,09:30:02,$ 3343.61,2
1392,09:30:02,$ 3343.61,4
1393,09:30:02,$ 3343.61,1
1394,09:30:02,$ 3343.61,20
1395,09:30:02,$ 3343.61,1
1396,09:30:02,$ 3343.61,1
1397,09:30:02,$ 3343.61,2
1398,09:30:02,$ 3343.61,5
1399,09:30:02,$ 3343.61,1
1400,09:30:02,$ 3343.61,1
1401,09:30:02,$ 3343.61,2
1402,09:30:02,$ 3343.61,1
1403,09:30:02,$ 3343.61,5
1404,09:30:02,$ 3343.61,5
1405,09:30:02,$ 3343.61,1
1406,09:30:02,$ 3343.61,2
1408,09:30:02,$ 3343.61,2
1409,09:30:02,$ 3343.61,3
1410,09:30:02,$ 3343.61,1
1411,09:30:02,$ 3343.61,6
1412,09:30:02,$ 3343.61,1
1413,09:30:02,$ 3343.61,5
1414,09:30:02,$ 3343.61,30
1415,09:30:02,$ 3343.61,1
1416,09:30:02,$ 3343.61,2
1417,09:30:02,$ 3343.61,1
1418,09:30:02,$ 3343.61,1
1419,09:30:02,$ 3343.61,4
1420,09:30:02,$ 3343.61,1
1421,09:30:02,$ 3343.61,1
1422,09:30:02,$ 3343.61,1
1423,09:30:02,$ 3343.61,2
1424,09:30:02,$ 3343.61,1
1425,09:30:02,$ 3343.61,1
1426,09:30:02,$ 3343.61,1
1427,09:30:02,$ 3343.61,58
1429,09:30:02,$ 3343.61,5
1430,09:30:02,$ 3343.61,1
1431,09:30:02,$ 3343.61,3
1432,09:30:02,$ 3343.61,1
1433,09:30:02,$ 3343.61,1
1434,09:30:02,$ 3343.61,10
1435,09:30:02,$ 3343.61,7
1436,09:30:02,$ 3343.61,1
1437,09:30:02,$ 3343.61,5
1438,09:30:02,$ 3343.61,3
1439,09:30:02,$ 3343.61,2
1440,09:30:02,$ 3343.61,8
1441,09:30:02,$ 3343.61,5
1442,09:30:02,$ 3343.61,1
1443,09:30:02,$ 3343.61,1
1444,09:30:02,$ 3343.61,24
1445,09:30:02,$ 3343.61,7
1446,09:30:02,$ 3343.61,3
1447,09:30:02,$ 3343.61,1
1448,09:30:02,$ 3343.61,10
1450,09:30:02,$ 3343.61,1
1451,09:30:02,$ 3343.61,10
1452,09:30:02,$ 3343.61,1
1453,09:30:02,$ 3343.61,1
1454,09:30:02,$ 3343.61,1
1455,09:30:02,$ 3343.61,1
1456,09:30:02,$ 3343.61,1
1457,09:30:02,$ 3343.61,1
1458,09:30:02,$ 3343.61,4
1459,09:30:02,$ 3343.61,2
1460,09:30:02,$ 3343.61,3
1461,09:30:02,$ 3343.61,1
1462,09:30:02,$ 3343.61,1
1463,09:30:02,$ 3343.61,5
1464,09:30:02,$ 3343.61,1
1465,09:30:02,$ 3343.61,1
1466,09:30:02,$ 3343.61,1
1467,09:30:02,$ 3343.61,4
1468,09:30:02,$ 3343.61,17
1469,09:30:02,$ 3343.61,2
1471,09:30:02,$ 3343.61,50
1472,09:30:02,$ 3343.61,30
1473,09:30:02,$ 3343.61,3
1474,09:30:02,$ 3343.61,1
1475,09:30:02,$ 3343.61,3
1476,09:30:02,$ 3343.61,3
1477,09:30:02,$ 3343.61,3
1478,09:30:02,$ 3343.61,2
1479,09:30:02,$ 3343.61,1
1480,09:30:02,$ 3343.61,3
1481,09:30:02,$ 3343.61,2
1482,09:30:02,$ 3343.61,4
1483,09:30:02,$ 3343.61,3
1484,09:30:02,$ 3343.61,2
1485,09:30:02,$ 3343.61,1
1486,09:30:02,$ 3343.61,2
1487,09:30:02,$ 3343.61,6
1488,09:30:02,$ 3343.61,1
1489,09:30:02,$ 3343.61,2
1490,09:30:02,$ 3343.61,2
1492,09:30:02,$ 3343.61,4
1493,09:30:02,$ 3343.61,3
1494,09:30:02,$ 3343.61,3
1495,09:30:02,$ 3343.61,1
1496,09:30:02,$ 3343.61,4
1497,09:30:02,$ 3343.61,2
1498,09:30:02,$ 3343.61,3
1499,09:30:02,$ 3343.61,2
1500,09:30:02,$ 3343.61,2
1501,09:30:02,$ 3343.61,3
1502,09:30:02,$ 3343.61,2
1503,09:30:02,$ 3343.61,3
1504,09:30:02,$ 3343.61,2
1505,09:30:02,$ 3343.61,2
1506,09:30:02,$ 3343.61,4
1507,09:30:02,$ 3343.61,2
1508,09:30:02,$ 3343.61,2
1509,09:30:02,$ 3343.61,2
1510,09:30:02,$ 3343.61,1
1511,09:30:02,$ 3343.61,3
1513,09:30:02,$ 3343.61,3
1514,09:30:02,$ 3343.61,2
1515,09:30:02,$ 3343.61,5
1516,09:30:02,$ 3343.61,2
1517,09:30:02,$ 3343.61,2
1518,09:30:02,$ 3343.61,2
1519,09:30:02,$ 3343.61,391
1520,09:30:02,$ 3343.61,3
1521,09:30:02,$ 3343.61,9
1522,09:30:02,$ 3343.61,10
1523,09:30:02,$ 3343.61,1
1524,09:30:02,$ 3343.61,20
1525,09:30:02,$ 3343.61,3
1526,09:30:02,$ 3343.61,5
1527,09:30:02,$ 3343.61,7
1528,09:30:02,$ 3343.61,3
1529,09:30:02,$ 3343.61,3
1530,09:30:02,$ 3343.61,10
1531,09:30:02,$ 3343.61,20
1532,09:30:02,$ 3343.61,1
1534,09:30:02,$ 3343.61,3
1535,09:30:02,$ 3343.61,1
1536,09:30:02,$ 3343.61,1
1537,09:30:02,$ 3343.61,105
1538,09:30:02,$ 3343.61,1
1539,09:30:02,$ 3343.61,60
1540,09:30:02,$ 3343.61,3
1541,09:30:02,$ 3343.61,2
1542,09:30:02,$ 3343.61,8
1543,09:30:02,$ 3343.61,30
1544,09:30:02,$ 3343.61,3
1545,09:30:02,$ 3343.61,20
1546,09:30:02,$ 3343.61,60
1547,09:30:02,$ 3343.61,9
1548,09:30:02,$ 3343.61,1
1549,09:30:02,$ 3343.61,3
1550,09:30:02,$ 3343.61,105
1551,09:30:02,$ 3343.61,2
1552,09:30:02,$ 3343.61,3
1553,09:30:02,$ 3343.61,1
1555,09:30:02,$ 3343.61,4
1556,09:30:02,$ 3343.61,"2,000"
1557,09:30:02,$ 3343.61,42
1558,09:30:02,$ 3343.61,4
1559,09:30:02,$ 3343.61,8
1560,09:30:02,$ 3343.61,1
1561,09:30:02,$ 3343.61,1
1562,09:30:02,$ 3343.61,150
1563,09:30:02,$ 3343.61,1
1564,09:30:02,$ 3343.61,56
1565,09:30:02,$ 3343.61,1
1566,09:30:02,$ 3343.61,60
1567,09:30:02,$ 3343.61,49
1568,09:30:02,$ 3343.61,66
1569,09:30:02,$ 3343.61,52
1570,09:30:02,$ 3343.61,3
1571,09:30:02,$ 3343.61,43
1572,09:30:02,$ 3343.61,119
1573,09:30:02,$ 3343.61,2
1574,09:30:02,$ 3343.61,17
1576,09:30:02,$ 3343.61,5
1577,09:30:02,$ 3343.61,2
1578,09:30:02,$ 3343.61,1
1579,09:30:02,$ 3343.61,8
1580,09:30:02,$ 3343.61,5
1581,09:30:02,$ 3343.61,1
1582,09:30:02,$ 3343.61,32
1583,09:30:02,$ 3343.61,6
1584,09:30:02,$ 3343.61,1
1585,09:30:02,$ 3343.61,1
1586,09:30:02,$ 3343.61,29
1587,09:30:02,$ 3343.61,1
1588,09:30:02,$ 3343.61,1
1589,09:30:02,$ 3343.61,6
1590,09:30:02,$ 3343.61,498
1591,09:30:02,$ 3343.61,6
1592,09:30:02,$ 3343.61,12
1593,09:30:02,$ 3343.61,12
1594,09:30:02,$ 3343.61,1
1595,09:30:02,$ 3343.61,15
1597,09:30:02,$ 3343.61,3
1598,09:30:02,$ 3343.61,1
1599,09:30:02,$ 3343.61,30
1600,09:30:02,$ 3343.61,3
1601,09:30:02,$ 3343.61,2
1602,09:30:02,$ 3343.61,14
1603,09:30:02,$ 3343.61,3
1604,09:30:02,$ 3343.61,3
1605,09:30:02,$ 3343.61,1
1606,09:30:02,$ 3343.61,1
1607,09:30:02,$ 3343.61,1
1608,09:30:02,$ 3343.61,1
1609,09:30:02,$ 3343.61,1
1610,09:30:02,$ 3343.61,1
1611,09:30:02,$ 3343.61,1
1612,09:30:02,$ 3343.61,5
1613,09:30:02,$ 3343.61,1
1614,09:30:02,$ 3343.61,9
1615,09:30:02,$ 3343.61,80
1616,09:30:02,$ 3343.61,1
1618,09:30:02,$ 3343.61,531
1619,09:30:02,$ 3343.61,10
1620,09:30:02,$ 3343.61,1
1621,09:30:02,$ 3343.61,1
1622,09:30:02,$ 3343.61,8
1623,09:30:02,$ 3343.61,29
1624,09:30:02,$ 3343.61,1
1625,09:30:02,$ 3343.61,2
1626,09:30:02,$ 3343.61,1
1627,09:30:02,$ 3343.61,2
1628,09:30:02,$ 3343.61,1
1629,09:30:02,$ 3343.61,1
1630,09:30:02,$ 3343.61,2
1631,09:30:02,$ 3343.61,1
1632,09:30:02,$ 3343.61,14
1633,09:30:02,$ 3343.61,5
1634,09:30:02,$ 3343.61,20
1635,09:30:02,$ 3343.61,2
1636,09:30:02,$ 3343.61,18
1637,09:30:02,$ 3343.61,1
1639,09:30:02,$ 3343.61,2
1640,09:30:02,$ 3343.61,1
1641,09:30:02,$ 3343.61,1
1642,09:30:02,$ 3343.61,3
1643,09:30:02,$ 3343.61,7
1644,09:30:02,$ 3343.61,2
1645,09:30:02,$ 3343.61,1
1646,09:30:02,$ 3343.61,5
1647,09:30:02,$ 3343.61,20
1648,09:30:02,$ 3343.61,2
1649,09:30:02,$ 3343.61,1
1650,09:30:02,$ 3343.61,4
1651,09:30:02,$ 3343.61,5
1652,09:30:02,$ 3343.61,1
1653,09:30:02,$ 3343.61,1
1654,09:30:02,$ 3343.61,4
1655,09:30:02,$ 3343.61,2
1656,09:30:02,$ 3343.61,2
1657,09:30:02,$ 3343.61,3
1658,09:30:02,$ 3343.61,5
1660,09:30:02,$ 3343.61,4
1661,09:30:02,$ 3343.61,2
1662,09:30:02,$ 3343.61,2
1663,09:30:02,$ 3343.61,1
1664,09:30:02,$ 3343.61,8
1665,09:30:02,$ 3343.61,2
1666,09:30:02,$ 3343.61,3
1667,09:30:02,$ 3343.61,1
1668,09:30:02,$ 3343.61,1
1669,09:30:02,$ 3343.61,5
1670,09:30:02,$ 3343.61,1
1671,09:30:02,$ 3343.61,2
1672,09:30:02,$ 3343.61,2
1673,09:30:02,$ 3343.61,30
1674,09:30:02,$ 3343.61,1
1675,09:30:02,$ 3343.61,10
1676,09:30:02,$ 3343.61,3
1677,09:30:02,$ 3343.61,9
1678,09:30:02,$ 3343.61,5
1679,09:30:02,$ 3343.61,2
1681,09:30:02,$ 3343.61,24
1682,09:30:02,$ 3343.61,2
1683,09:30:02,$ 3343.61,3
1684,09:30:02,$ 3343.61,3
1685,09:30:02,$ 3343.61,1
1686,09:30:02,$ 3343.61,1
1687,09:30:02,$ 3343.61,2
1688,09:30:02,$ 3343.61,2
1689,09:30:02,$ 3343.61,1
1690,09:30:02,$ 3343.61,7
1691,09:30:02,$ 3343.61,1
1692,09:30:02,$ 3343.61,3
1693,09:30:02,$ 3343.61,7
1694,09:30:02,$ 3343.61,2
1695,09:30:02,$ 3343.61,3
1696,09:30:02,$ 3343.61,1
1697,09:30:02,$ 3343.61,1
1698,09:30:02,$ 3343.61,1
1699,09:30:02,$ 3343.61,3
1700,09:30:02,$ 3343.61,1
1702,09:30:02,$ 3343.61,2
1703,09:30:02,$ 3343.61,1
1704,09:30:02,$ 3343.61,5
1705,09:30:02,$ 3343.61,2
1706,09:30:02,$ 3343.61,4
1707,09:30:02,$ 3343.61,3
1708,09:30:02,$ 3343.61,1
1709,09:30:02,$ 3343.61,3
1710,09:30:02,$ 3343.61,7
1711,09:30:02,$ 3343.61,1
1712,09:30:02,$ 3343.61,46
1713,09:30:02,$ 3343.61,1
1714,09:30:02,$ 3343.61,8
1715,09:30:02,$ 3343.61,4
1716,09:30:02,$ 3343.61,1
1717,09:30:02,$ 3343.61,10
1718,09:30:02,$ 3343.61,50
1719,09:30:02,$ 3343.61,"2,000"
1720,09:30:02,$ 3343.61,5
1721,09:30:02,$ 3343.61,5
1723,09:30:02,$ 3343.61,10
1724,09:30:02,$ 3343.61,23
1725,09:30:02,$ 3343.61,19
1726,09:30:02,$ 3343.61,50
1727,09:30:02,$ 3343.61,2
1728,09:30:02,$ 3343.61,1
1729,09:30:02,$ 3343.61,1
1730,09:30:02,$ 3343.61,4
1731,09:30:02,$ 3343.61,2
1732,09:30:02,$ 3343.61,9
1733,09:30:02,$ 3343.61,10
1734,09:30:02,$ 3343.61,10
1735,09:30:02,$ 3343.61,3
1736,09:30:02,$ 3343.61,10
1737,09:30:02,$ 3343.61,10
1738,09:30:02,$ 3343.61,5
1739,09:30:02,$ 3343.61,10
1740,09:30:02,$ 3343.61,3
1741,09:30:02,$ 3343.61,5
1742,09:30:02,$ 3343.61,4
1744,09:30:02,$ 3343.61,3
1745,09:30:02,$ 3343.61,5
1746,09:30:02,$ 3343.61,5
1747,09:30:02,$ 3343.61,5
1748,09:30:02,$ 3343.61,3
1749,09:30:02,$ 3343.61,3
1750,09:30:02,$ 3343.61,3
1751,09:30:02,$ 3343.61,3
1752,09:30:02,$ 3343.61,14
1753,09:30:02,$ 3343.61,8
1754,09:30:02,$ 3343.61,1
1755,09:30:02,$ 3343.61,2
1756,09:30:02,$ 3343.61,7
1757,09:30:02,$ 3343.61,5
1758,09:30:02,$ 3343.61,1
1759,09:30:02,$ 3343.61,26
1760,09:30:02,$ 3343.61,1
1761,09:30:02,$ 3343.61,3
1762,09:30:02,$ 3343.61,2
1763,09:30:02,$ 3343.61,1
1765,09:30:02,$ 3343.61,15
1766,09:30:02,$ 3343.61,47
1767,09:30:02,$ 3343.61,10
1768,09:30:02,$ 3343.61,17
1769,09:30:02,$ 3343.61,10
1770,09:30:02,$ 3343.61,1
1771,09:30:02,$ 3343.61,1
1772,09:30:02,$ 3343.61,5
1773,09:30:02,$ 3343.61,3
1774,09:30:02,$ 3343.61,1
1775,09:30:02,$ 3343.61,10
1776,09:30:02,$ 3343.61,1
1777,09:30:02,$ 3343.61,1
1778,09:30:02,$ 3343.61,6
1779,09:30:02,$ 3343.61,15
1780,09:30:02,$ 3343.61,4
1781,09:30:02,$ 3343.61,1
1782,09:30:02,$ 3343.61,1
1783,09:30:02,$ 3343.61,1
1784,09:30:02,$ 3343.61,17
1786,09:30:02,$ 3343.61,7
1787,09:30:02,$ 3343.61,3
1788,09:30:02,$ 3343.61,3
1789,09:30:02,$ 3343.61,15
1790,09:30:02,$ 3343.61,5
1791,09:30:02,$ 3343.61,1
1792,09:30:02,$ 3343.61,40
1793,09:30:02,$ 3343.61,61
1794,09:30:02,$ 3343.61,3
1795,09:30:02,$ 3343.61,2
1796,09:30:02,$ 3343.61,1
1797,09:30:02,$ 3343.61,15
1798,09:30:02,$ 3343.61,1
1799,09:30:02,$ 3343.61,1
1800,09:30:02,$ 3343.61,1
1801,09:30:02,$ 3343.61,3
1802,09:30:02,$ 3343.61,2
1803,09:30:02,$ 3343.61,2
1804,09:30:02,$ 3343.61,1
1805,09:30:02,$ 3343.61,1
1807,09:30:02,$ 3343.61,1
1808,09:30:02,$ 3343.61,1
1809,09:30:02,$ 3343.61,1
1810,09:30:02,$ 3343.61,1
1811,09:30:02,$ 3343.61,1
1812,09:30:02,$ 3343.61,9
1813,09:30:02,$ 3343.61,50
1814,09:30:02,$ 3343.61,1
1815,09:30:02,$ 3343.61,2
1816,09:30:02,$ 3343.61,25
1817,09:30:02,$ 3343.61,2
1818,09:30:02,$ 3343.61,2
1819,09:30:02,$ 3343.61,2
1820,09:30:02,$ 3343.61,10
1821,09:30:02,$ 3343.61,2
1822,09:30:02,$ 3343.61,1
1823,09:30:02,$ 3343.61,1
1824,09:30:02,$ 3343.61,1
1825,09:30:02,$ 3343.61,1
1826,09:30:02,$ 3343.61,1
1828,09:30:02,$ 3343.61,10
1829,09:30:02,$ 3343.61,10
1830,09:30:02,$ 3343.61,4
1831,09:30:02,$ 3343.61,1
1832,09:30:02,$ 3343.61,3
1833,09:30:02,$ 3343.61,10
1834,09:30:02,$ 3343.61,1
1835,09:30:02,$ 3343.61,1
1836,09:30:02,$ 3343.61,15
1837,09:30:02,$ 3343.61,1
1838,09:30:02,$ 3343.61,28
1839,09:30:02,$ 3343.61,1
1840,09:30:02,$ 3343.61,4
1841,09:30:02,$ 3343.61,2
1842,09:30:02,$ 3343.61,1
1843,09:30:02,$ 3343.61,2
1844,09:30:02,$ 3343.61,2
1845,09:30:02,$ 3343.61,3
1846,09:30:02,$ 3343.61,20
1847,09:30:02,$ 3343.61,30
1849,09:30:02,$ 3343.61,2
1850,09:30:02,$ 3343.61,1
1851,09:30:02,$ 3343.61,3
1852,09:30:02,$ 3343.61,1
1853,09:30:02,$ 3343.61,1
1854,09:30:02,$ 3343.61,2
1855,09:30:02,$ 3343.61,1
1856,09:30:02,$ 3343.61,1
1857,09:30:02,$ 3343.61,1
1858,09:30:02,$ 3343.61,1
1859,09:30:02,$ 3343.61,2
1860,09:30:02,$ 3343.61,1
1861,09:30:02,$ 3343.61,12
1862,09:30:02,$ 3343.61,2
1863,09:30:02,$ 3343.61,10
1864,09:30:02,$ 3343.61,1
1865,09:30:02,$ 3343.61,16
1866,09:30:02,$ 3343.61,1
1867,09:30:02,$ 3343.61,1
1868,09:30:02,$ 3343.61,11
1870,09:30:02,$ 3343.61,1
1871,09:30:02,$ 3343.61,10
1872,09:30:02,$ 3343.61,6
1873,09:30:02,$ 3343.61,1
1874,09:30:02,$ 3343.61,6
1875,09:30:02,$ 3343.61,10
1876,09:30:02,$ 3343.61,15
1877,09:30:02,$ 3343.61,1
1878,09:30:02,$ 3343.61,1
1879,09:30:02,$ 3343.61,2
1880,09:30:02,$ 3343.61,2
1881,09:30:02,$ 3343.61,1
1882,09:30:02,$ 3343.61,1
1883,09:30:02,$ 3343.61,3
1884,09:30:02,$ 3343.61,1
1885,09:30:02,$ 3343.61,2
1886,09:30:02,$ 3343.61,3
1887,09:30:02,$ 3343.61,3
1888,09:30:02,$ 3343.61,2
1889,09:30:02,$ 3343.61,30
1891,09:30:02,$ 3343.61,1
1892,09:30:02,$ 3343.61,1
1893,09:30:02,$ 3343.61,1
1894,09:30:02,$ 3343.61,5
1895,09:30:02,$ 3343.61,8
1896,09:30:02,$ 3343.61,3
1897,09:30:02,$ 3343.61,1
1898,09:30:02,$ 3343.61,2
1899,09:30:02,$ 3343.61,3
1900,09:30:02,$ 3343.61,5
1901,09:30:02,$ 3343.61,6
1902,09:30:02,$ 3343.61,20
1903,09:30:02,$ 3343.61,10
1904,09:30:02,$ 3343.61,35
1905,09:30:02,$ 3343.61,22
1906,09:30:02,$ 3343.61,1
1907,09:30:02,$ 3343.61,6
1908,09:30:02,$ 3343.61,1
1909,09:30:02,$ 3343.61,31
1910,09:30:02,$ 3343.61,6
1912,09:30:02,$ 3343.61,10
1913,09:30:02,$ 3343.61,10
1914,09:30:02,$ 3343.61,1
1915,09:30:02,$ 3343.61,19
1916,09:30:02,$ 3343.61,78
1917,09:30:02,$ 3343.61,1
1918,09:30:02,$ 3343.61,4
1919,09:30:02,$ 3343.61,80
1920,09:30:02,$ 3343.61,15
1921,09:30:02,$ 3343.61,7
1922,09:30:02,$ 3343.61,1
1923,09:30:02,$ 3343.61,10
1924,09:30:02,$ 3343.61,1
1925,09:30:02,$ 3343.61,15
1926,09:30:02,$ 3343.61,2
1927,09:30:02,$ 3343.61,6
1928,09:30:02,$ 3343.61,3
1929,09:30:02,$ 3343.61,1
1930,09:30:02,$ 3343.61,3
1931,09:30:02,$ 3343.61,4
1933,09:30:02,$ 3343.61,4
1934,09:30:02,$ 3343.61,4
1935,09:30:02,$ 3343.61,5
1936,09:30:02,$ 3343.61,2
1937,09:30:02,$ 3343.61,1
1938,09:30:02,$ 3343.61,1
1939,09:30:02,$ 3343.61,1
1940,09:30:02,$ 3343.61,1
1941,09:30:02,$ 3343.61,5
1942,09:30:02,$ 3343.61,100
1943,09:30:02,$ 3343.61,1
1944,09:30:02,$ 3343.61,1
1945,09:30:02,$ 3343.61,1
1946,09:30:02,$ 3343.61,3
1947,09:30:02,$ 3343.61,1
1948,09:30:02,$ 3343.61,1
1949,09:30:02,$ 3343.61,1
1950,09:30:02,$ 3343.61,3
1951,09:30:02,$ 3343.61,1
1952,09:30:02,$ 3343.61,3
1954,09:30:02,$ 3343.61,1
1955,09:30:02,$ 3343.61,1
1956,09:30:02,$ 3343.61,1
1957,09:30:02,$ 3343.61,2
1958,09:30:02,$ 3343.61,1
1959,09:30:02,$ 3343.61,1
1960,09:30:02,$ 3343.61,1
1961,09:30:02,$ 3343.61,3
1962,09:30:02,$ 3343.61,2
1963,09:30:02,$ 3343.61,2
1964,09:30:02,$ 3343.61,1
1965,09:30:02,$ 3343.61,1
1966,09:30:02,$ 3343.61,1
1967,09:30:02,$ 3343.61,3
1968,09:30:02,$ 3343.61,1
1969,09:30:02,$ 3343.61,1
1970,09:30:02,$ 3343.61,1
1971,09:30:02,$ 3343.61,4
1972,09:30:02,$ 3343.61,1
1973,09:30:02,$ 3343.61,1
1975,09:30:02,$ 3343.61,1
1976,09:30:02,$ 3343.61,1
1977,09:30:02,$ 3343.61,1
1978,09:30:02,$ 3343.61,1
1979,09:30:02,$ 3343.61,6
1980,09:30:02,$ 3343.61,1
1981,09:30:02,$ 3343.61,1
1982,09:30:02,$ 3343.61,3
1983,09:30:02,$ 3343.61,1
1984,09:30:02,$ 3343.61,1
1985,09:30:02,$ 3343.61,2
1986,09:30:02,$ 3343.61,1
1987,09:30:02,$ 3343.61,1
1988,09:30:02,$ 3343.61,1
1989,09:30:02,$ 3343.61,47
1990,09:30:02,$ 3343.61,1
1991,09:30:02,$ 3343.61,1
1992,09:30:02,$ 3343.61,2
1993,09:30:02,$ 3343.61,1
1994,09:30:02,$ 3343.61,1
1996,09:30:02,$ 3343.61,12
1997,09:30:02,$ 3343.61,1
1998,09:30:02,$ 3343.61,2
1999,09:30:02,$ 3343.61,1
2000,09:30:02,$ 3343.61,1
2001,09:30:02,$ 3343.61,11
2002,09:30:02,$ 3343.61,3
2003,09:30:02,$ 3343.61,5
2004,09:30:02,$ 3343.61,2
2005,09:30:02,$ 3343.61,10
2006,09:30:02,$ 3343.61,5
2007,09:30:02,$ 3343.61,1
2008,09:30:02,$ 3343.61,10
2009,09:30:02,$ 3343.61,2
2010,09:30:02,$ 3343.61,2
2011,09:30:02,$ 3343.61,1
2012,09:30:02,$ 3343.61,1
2013,09:30:02,$ 3343.61,2
2014,09:30:02,$ 3343.61,1
2015,09:30:02,$ 3343.61,2
2017,09:30:02,$ 3343.61,1
2018,09:30:02,$ 3343.61,3
2019,09:30:02,$ 3343.61,7
2020,09:30:02,$ 3343.61,2
2021,09:30:02,$ 3343.61,2
2022,09:30:02,$ 3343.61,1
2023,09:30:02,$ 3343.61,6
2024,09:30:02,$ 3343.61,1
2025,09:30:02,$ 3343.61,5
2026,09:30:02,$ 3343.61,1
2027,09:30:02,$ 3343.61,7
2028,09:30:02,$ 3343.61,1
2029,09:30:02,$ 3343.61,1
2030,09:30:02,$ 3343.61,3
2031,09:30:02,$ 3343.61,1
2032,09:30:02,$ 3343.61,1
2033,09:30:02,$ 3343.61,25
2034,09:30:02,$ 3343.61,2
2035,09:30:02,$ 3343.61,1
2036,09:30:02,$ 3343.61,1
2038,09:30:02,$ 3343.61,1
2039,09:30:02,$ 3343.61,1
2040,09:30:02,$ 3343.61,1
2041,09:30:02,$ 3343.61,1
2042,09:30:02,$ 3343.61,59
2043,09:30:02,$ 3343.61,1
2044,09:30:02,$ 3343.61,2
2045,09:30:02,$ 3343.61,5
2046,09:30:02,$ 3343.61,1
2047,09:30:02,$ 3343.61,1
2048,09:30:02,$ 3343.61,1
2049,09:30:02,$ 3343.61,8
2050,09:30:02,$ 3343.61,5
2051,09:30:02,$ 3343.61,1
2052,09:30:02,$ 3343.61,1
2053,09:30:02,$ 3343.61,1
2054,09:30:02,$ 3343.61,1
2055,09:30:02,$ 3343.61,1
2056,09:30:02,$ 3343.61,1
2057,09:30:02,$ 3343.61,1
2059,09:30:02,$ 3343.61,1
2060,09:30:02,$ 3343.61,2
2061,09:30:02,$ 3343.61,2
2062,09:30:02,$ 3343.61,4
2063,09:30:02,$ 3343.61,2
2064,09:30:02,$ 3343.61,8
2065,09:30:02,$ 3343.61,94
2066,09:30:02,$ 3343.61,8
2067,09:30:02,$ 3343.61,2
2068,09:30:02,$ 3343.61,402
2069,09:30:02,$ 3343.61,7
2070,09:30:02,$ 3343.61,5
2071,09:30:02,$ 3343.61,3
2072,09:30:02,$ 3343.61,10
2073,09:30:02,$ 3343.61,1
2074,09:30:02,$ 3343.61,50
2075,09:30:02,$ 3343.61,1
2076,09:30:02,$ 3343.61,1
2077,09:30:02,$ 3343.61,3
2078,09:30:02,$ 3343.61,2
2080,09:30:02,$ 3343.61,3
2081,09:30:02,$ 3343.61,1
2082,09:30:02,$ 3343.61,1
2083,09:30:02,$ 3343.61,1
2084,09:30:02,$ 3343.61,10
2085,09:30:02,$ 3343.61,5
2086,09:30:02,$ 3343.61,5
2087,09:30:02,$ 3343.61,13
2088,09:30:02,$ 3343.61,1
2089,09:30:02,$ 3343.61,1
2090,09:30:02,$ 3343.61,1
2091,09:30:02,$ 3343.61,1
2092,09:30:02,$ 3343.61,1
2093,09:30:02,$ 3343.61,1
2094,09:30:02,$ 3343.61,7
2095,09:30:02,$ 3343.61,7
2096,09:30:02,$ 3343.61,6
2097,09:30:02,$ 3343.61,3
2098,09:30:02,$ 3343.61,1
2099,09:30:02,$ 3343.61,1
2101,09:30:02,$ 3343.61,1
2102,09:30:02,$ 3343.61,1
2103,09:30:02,$ 3343.61,5
2104,09:30:02,$ 3343.61,5
2105,09:30:02,$ 3343.61,1
2106,09:30:02,$ 3343.61,1
2107,09:30:02,$ 3343.61,10
2108,09:30:02,$ 3343.61,2
2109,09:30:02,$ 3343.61,1
2110,09:30:02,$ 3343.61,1
2111,09:30:02,$ 3343.61,1
2112,09:30:02,$ 3343.61,1
2113,09:30:02,$ 3343.61,3
2114,09:30:02,$ 3343.61,4
2115,09:30:02,$ 3343.61,2
2116,09:30:02,$ 3343.61,3
2117,09:30:02,$ 3343.61,6
2118,09:30:02,$ 3343.61,1
2119,09:30:02,$ 3343.61,3
2120,09:30:02,$ 3343.61,3
2122,09:30:02,$ 3343.61,1
2123,09:30:02,$ 3343.61,1
2124,09:30:02,$ 3343.61,1
2125,09:30:02,$ 3343.61,1
2126,09:30:02,$ 3343.61,3
2127,09:30:02,$ 3343.61,3
2128,09:30:02,$ 3343.61,20
2129,09:30:02,$ 3343.61,1
2130,09:30:02,$ 3343.61,1
2131,09:30:02,$ 3343.61,1
2132,09:30:02,$ 3343.61,1
2133,09:30:02,$ 3343.61,1
2134,09:30:02,$ 3343.61,1
2135,09:30:02,$ 3343.61,4
2136,09:30:02,$ 3343.61,1
2137,09:30:02,$ 3343.61,1
2138,09:30:02,$ 3343.61,3
2139,09:30:02,$ 3343.61,1
2140,09:30:02,$ 3343.61,2
2141,09:30:02,$ 3343.61,10
2143,09:30:02,$ 3343.61,2
2144,09:30:02,$ 3343.61,7
2145,09:30:02,$ 3343.61,1
2146,09:30:02,$ 3343.61,1
2147,09:30:02,$ 3343.61,1
2148,09:30:02,$ 3343.61,2
2149,09:30:02,$ 3343.61,3
2150,09:30:02,$ 3343.61,3
2151,09:30:02,$ 3343.61,1
2152,09:30:02,$ 3343.61,5
2153,09:30:02,$ 3343.61,1
2154,09:30:02,$ 3343.61,2
2155,09:30:02,$ 3343.61,29
2156,09:30:02,$ 3343.61,10
2157,09:30:02,$ 3343.61,1
2158,09:30:02,$ 3343.61,1
2159,09:30:02,$ 3343.61,1
2160,09:30:02,$ 3343.61,17
2161,09:30:02,$ 3343.61,3
2162,09:30:02,$ 3343.61,1
2164,09:30:02,$ 3343.61,1
2165,09:30:02,$ 3343.61,1
2166,09:30:02,$ 3343.61,1
2167,09:30:02,$ 3343.61,4
2168,09:30:02,$ 3343.61,1
2169,09:30:02,$ 3343.61,1
2170,09:30:02,$ 3343.61,8
2171,09:30:02,$ 3343.61,4
2172,09:30:02,$ 3343.61,2
2173,09:30:02,$ 3343.61,1
2174,09:30:02,$ 3343.61,3
2175,09:30:02,$ 3343.61,15
2176,09:30:02,$ 3343.61,6
2177,09:30:02,$ 3343.61,10
2178,09:30:02,$ 3343.61,18
2179,09:30:02,$ 3343.61,3
2180,09:30:02,$ 3343.61,1
2181,09:30:02,$ 3343.61,6
2182,09:30:02,$ 3343.61,8
2183,09:30:02,$ 3343.61,2
2185,09:30:02,$ 3343.61,6
2186,09:30:02,$ 3343.61,1
2187,09:30:02,$ 3343.61,3
2188,09:30:02,$ 3343.61,1
2189,09:30:02,$ 3343.61,5
2190,09:30:02,$ 3343.61,2
2191,09:30:02,$ 3343.61,1
2192,09:30:02,$ 3343.61,6
2193,09:30:02,$ 3343.61,1
2194,09:30:02,$ 3343.61,30
2195,09:30:02,$ 3343.61,1
2196,09:30:02,$ 3343.61,1
2197,09:30:02,$ 3343.61,2
2198,09:30:02,$ 3343.61,2
2199,09:30:02,$ 3343.61,2
2200,09:30:02,$ 3343.61,1
2201,09:30:02,$ 3343.61,3
2202,09:30:02,$ 3343.61,3
2203,09:30:02,$ 3343.61,2
2204,09:30:02,$ 3343.61,9
2206,09:30:02,$ 3343.61,2
2207,09:30:02,$ 3343.61,1
2208,09:30:02,$ 3343.61,1
2209,09:30:02,$ 3343.61,2
2210,09:30:02,$ 3343.61,6
2211,09:30:02,$ 3343.61,3
2212,09:30:02,$ 3343.61,2
2213,09:30:02,$ 3343.61,1
2214,09:30:02,$ 3343.61,11
2215,09:30:02,$ 3343.61,2
2216,09:30:02,$ 3343.61,1
2217,09:30:02,$ 3343.61,2
2218,09:30:02,$ 3343.61,2
2219,09:30:02,$ 3343.61,1
2220,09:30:02,$ 3343.61,1
2221,09:30:02,$ 3343.61,1
2222,09:30:02,$ 3343.61,3
2223,09:30:02,$ 3343.61,1
2224,09:30:02,$ 3343.61,1
2225,09:30:02,$ 3343.61,2
2227,09:30:02,$ 3343.61,2
2228,09:30:02,$ 3343.61,3
2229,09:30:02,$ 3343.61,5
2230,09:30:02,$ 3343.61,4
2231,09:30:02,$ 3343.61,1
2232,09:30:02,$ 3343.61,2
2233,09:30:02,$ 3343.61,1
2234,09:30:02,$ 3343.61,2
2235,09:30:02,$ 3343.61,1
2236,09:30:02,$ 3343.61,30
2237,09:30:02,$ 3343.61,1
2238,09:30:02,$ 3343.61,2
2239,09:30:02,$ 3343.61,15
2240,09:30:02,$ 3343.61,10
2241,09:30:02,$ 3343.61,20
2242,09:30:02,$ 3343.61,2
2243,09:30:02,$ 3343.61,6
2244,09:30:02,$ 3343.61,5
2245,09:30:02,$ 3343.61,10
2246,09:30:02,$ 3343.61,3
2248,09:30:02,$ 3343.61,10
2249,09:30:02,$ 3343.61,3
2250,09:30:02,$ 3343.61,5
2251,09:30:02,$ 3343.61,2
2252,09:30:02,$ 3343.61,1
2253,09:30:02,$ 3343.61,12
2254,09:30:02,$ 3343.61,5
2255,09:30:02,$ 3343.61,5
2256,09:30:02,$ 3343.61,4
2257,09:30:02,$ 3343.61,4
2258,09:30:02,$ 3343.61,2
2259,09:30:02,$ 3343.61,5
2260,09:30:02,$ 3343.61,13
2261,09:30:02,$ 3343.61,3
2262,09:30:02,$ 3343.61,2
2263,09:30:02,$ 3343.61,1
2264,09:30:02,$ 3343.61,1
2265,09:30:02,$ 3343.61,3
2266,09:30:02,$ 3343.61,5
2267,09:30:02,$ 3343.61,30
2269,09:30:02,$ 3343.61,1
2270,09:30:02,$ 3343.61,3
2271,09:30:02,$ 3343.61,7
2272,09:30:02,$ 3343.61,3
2273,09:30:02,$ 3343.61,4
2274,09:30:02,$ 3343.61,1
2275,09:30:02,$ 3343.61,3
2276,09:30:02,$ 3343.61,3
2277,09:30:02,$ 3343.61,5
2278,09:30:02,$ 3343.61,1
2279,09:30:02,$ 3343.61,1
2280,09:30:02,$ 3343.61,3
2281,09:30:02,$ 3343.61,1
2282,09:30:02,$ 3343.61,3
2283,09:30:02,$ 3343.61,4
2284,09:30:02,$ 3343.61,6
2285,09:30:02,$ 3343.61,8
2286,09:30:02,$ 3343.61,2
2287,09:30:02,$ 3343.61,7
2288,09:30:02,$ 3343.61,1
2290,09:30:02,$ 3343.61,2
2291,09:30:02,$ 3343.61,1
2292,09:30:02,$ 3343.61,4
2293,09:30:02,$ 3343.61,2
2294,09:30:02,$ 3343.61,1
2295,09:30:02,$ 3343.61,1
2296,09:30:02,$ 3343.61,10
2297,09:30:02,$ 3343.61,1
2298,09:30:02,$ 3343.61,100
2299,09:30:02,$ 3343.61,1
2300,09:30:02,$ 3343.61,1
2301,09:30:02,$ 3343.61,1
2302,09:30:02,$ 3343.61,5
2303,09:30:02,$ 3343.61,15
2304,09:30:02,$ 3343.61,1
2305,09:30:02,$ 3343.61,3
2306,09:30:02,$ 3343.61,3
2307,09:30:02,$ 3343.61,3
2308,09:30:02,$ 3343.61,13
2309,09:30:02,$ 3343.61,1
2311,09:30:02,$ 3343.61,1
2312,09:30:02,$ 3343.61,1
2313,09:30:02,$ 3343.61,1
2314,09:30:02,$ 3343.61,3
2315,09:30:02,$ 3343.61,4
2316,09:30:02,$ 3343.61,1
2317,09:30:02,$ 3343.61,10
2318,09:30:02,$ 3343.61,2
2319,09:30:02,$ 3343.61,3
2320,09:30:02,$ 3343.61,6
2321,09:30:02,$ 3343.61,1
2322,09:30:02,$ 3343.61,2
2323,09:30:02,$ 3343.61,1
2324,09:30:02,$ 3343.61,1
2325,09:30:02,$ 3343.61,1
2326,09:30:02,$ 3343.61,1
2327,09:30:02,$ 3343.61,5
2328,09:30:02,$ 3343.61,5
2329,09:30:02,$ 3343.61,9
2330,09:30:02,$ 3343.61,42
2332,09:30:02,$ 3343.61,1
2333,09:30:02,$ 3343.61,2
2334,09:30:02,$ 3343.61,1
2335,09:30:02,$ 3343.61,2
2336,09:30:02,$ 3343.61,1
2337,09:30:02,$ 3343.61,6
2338,09:30:02,$ 3343.61,1
2339,09:30:02,$ 3343.61,3
2340,09:30:02,$ 3343.61,1
2341,09:30:02,$ 3343.61,178
2342,09:30:02,$ 3343.61,3
2343,09:30:02,$ 3343.61,1
2344,09:30:02,$ 3343.61,1
2345,09:30:02,$ 3343.61,25
2346,09:30:02,$ 3343.61,3
2347,09:30:02,$ 3343.61,1
2348,09:30:02,$ 3343.61,1
2349,09:30:02,$ 3343.61,13
2350,09:30:02,$ 3343.61,1
2351,09:30:02,$ 3343.61,2
2353,09:30:02,$ 3343.61,1
2354,09:30:02,$ 3343.61,1
2355,09:30:02,$ 3343.61,2
2356,09:30:02,$ 3343.61,2
2357,09:30:02,$ 3343.61,3
2358,09:30:02,$ 3343.61,1
2359,09:30:02,$ 3343.61,2
2360,09:30:02,$ 3343.61,1
2361,09:30:02,$ 3343.61,2
2362,09:30:02,$ 3343.61,2
2363,09:30:02,$ 3343.61,10
2364,09:30:02,$ 3343.61,1
2365,09:30:02,$ 3343.61,1
2366,09:30:02,$ 3343.61,1
2367,09:30:02,$ 3343.61,2
2368,09:30:02,$ 3343.61,1
2369,09:30:02,$ 3343.61,5
2370,09:30:02,$ 3343.61,5
2371,09:30:02,$ 3343.61,3
2372,09:30:02,$ 3343.61,2
2374,09:30:02,$ 3343.61,5
2375,09:30:02,$ 3343.61,194
2376,09:30:02,$ 3343.61,5
2377,09:30:02,$ 3343.61,1
2378,09:30:02,$ 3343.61,3
2379,09:30:02,$ 3343.61,1
2380,09:30:02,$ 3343.61,5
2381,09:30:02,$ 3343.61,2
2382,09:30:02,$ 3343.61,2
2383,09:30:02,$ 3343.61,3
2384,09:30:02,$ 3343.61,10
2385,09:30:02,$ 3343.61,1
2386,09:30:02,$ 3343.61,1
2387,09:30:02,$ 3343.61,1
2388,09:30:02,$ 3343.61,5
2389,09:30:02,$ 3343.61,2
2390,09:30:02,$ 3343.61,1
2391,09:30:02,$ 3343.61,1
2392,09:30:02,$ 3343.61,2
2393,09:30:02,$ 3343.61,1
2395,09:30:02,$ 3343.61,5
2396,09:30:02,$ 3343.61,1
2397,09:30:02,$ 3343.61,5
2398,09:30:02,$ 3343.61,5
2399,09:30:02,$ 3343.61,5
2400,09:30:02,$ 3343.61,5
2401,09:30:02,$ 3343.61,2
2402,09:30:02,$ 3343.61,1
2403,09:30:02,$ 3343.61,10
2404,09:30:02,$ 3343.61,14
2405,09:30:02,$ 3343.61,9
2406,09:30:02,$ 3343.61,1
2407,09:30:02,$ 3343.61,1
2408,09:30:02,$ 3343.61,1
2409,09:30:02,$ 3343.61,5
2410,09:30:02,$ 3343.61,3
2411,09:30:02,$ 3343.61,1
2412,09:30:02,$ 3343.61,1
2413,09:30:02,$ 3343.61,2
2414,09:30:02,$ 3343.61,1
2416,09:30:02,$ 3343.61,1
2417,09:30:02,$ 3343.61,1
2418,09:30:02,$ 3343.61,1
2419,09:30:02,$ 3343.61,1
2420,09:30:02,$ 3343.61,2
2421,09:30:02,$ 3343.61,1
2422,09:30:02,$ 3343.61,5
2423,09:30:02,$ 3343.61,2
2424,09:30:02,$ 3343.61,2
2425,09:30:02,$ 3343.61,2
2426,09:30:02,$ 3343.61,1
2427,09:30:02,$ 3343.61,3
2428,09:30:02,$ 3343.61,1
2429,09:30:02,$ 3343.61,1
2430,09:30:02,$ 3343.61,1
2431,09:30:02,$ 3343.61,1
2432,09:30:02,$ 3343.61,1
2433,09:30:02,$ 3343.61,1
2434,09:30:02,$ 3343.61,1
2435,09:30:02,$ 3343.61,1
2437,09:30:02,$ 3343.61,1
2438,09:30:02,$ 3343.61,1
2439,09:30:02,$ 3343.61,1
2440,09:30:02,$ 3343.61,1
2441,09:30:02,$ 3343.61,1
2442,09:30:02,$ 3343.61,2
2443,09:30:02,$ 3343.61,30
2444,09:30:02,$ 3343.61,1
2445,09:30:02,$ 3343.61,1
2446,09:30:02,$ 3343.61,4
2447,09:30:02,$ 3343.61,1
2448,09:30:02,$ 3343.61,2
2449,09:30:02,$ 3343.61,1
2450,09:30:02,$ 3343.61,8
2451,09:30:02,$ 3343.61,1
2452,09:30:02,$ 3343.61,1
2453,09:30:02,$ 3343.61,1
2454,09:30:02,$ 3343.61,3
2455,09:30:02,$ 3343.61,2
2456,09:30:02,$ 3343.61,5
2458,09:30:02,$ 3343.61,10
2459,09:30:02,$ 3343.61,8
2460,09:30:02,$ 3343.61,9
2461,09:30:02,$ 3343.61,1
2462,09:30:02,$ 3343.61,20
2463,09:30:02,$ 3343.61,1
2464,09:30:02,$ 3343.61,99
2465,09:30:02,$ 3343.61,1
2466,09:30:02,$ 3343.61,2
2467,09:30:02,$ 3343.61,1
2468,09:30:02,$ 3343.61,9
2469,09:30:02,$ 3343.61,10
2470,09:30:02,$ 3343.61,2
2471,09:30:02,$ 3343.61,1
2472,09:30:02,$ 3343.61,1
2473,09:30:02,$ 3343.61,1
2474,09:30:02,$ 3343.61,1
2475,09:30:02,$ 3343.61,1
2476,09:30:02,$ 3343.61,1
2477,09:30:02,$ 3343.61,1
2479,09:30:02,$ 3343.61,2
2480,09:30:02,$ 3343.61,2
2481,09:30:02,$ 3343.61,2
2482,09:30:02,$ 3343.61,2
2483,09:30:02,$ 3343.61,3
2484,09:30:02,$ 3343.61,3
2485,09:30:02,$ 3343.61,1
2486,09:30:02,$ 3343.61,2
2487,09:30:02,$ 3343.61,2
2488,09:30:02,$ 3343.61,3
2489,09:30:02,$ 3343.61,2
2490,09:30:02,$ 3343.61,3
2491,09:30:02,$ 3343.61,1
2492,09:30:02,$ 3343.61,1
2493,09:30:02,$ 3343.61,3
2494,09:30:02,$ 3343.61,1
2495,09:30:02,$ 3343.61,50
2496,09:30:02,$ 3343.61,100
2497,09:30:02,$ 3343.61,4
2498,09:30:02,$ 3343.61,1
2500,09:30:02,$ 3343.61,1
2501,09:30:02,$ 3343.61,1
2502,09:30:02,$ 3343.61,10
2503,09:30:02,$ 3343.61,1
2504,09:30:02,$ 3343.61,2
2505,09:30:02,$ 3343.61,4
2506,09:30:02,$ 3343.61,3
2507,09:30:02,$ 3343.61,1
2508,09:30:02,$ 3343.61,2
2509,09:30:02,$ 3343.61,1
2510,09:30:02,$ 3343.61,5
2511,09:30:02,$ 3343.61,1
2512,09:30:02,$ 3343.61,1
2513,09:30:02,$ 3343.61,3
2514,09:30:02,$ 3343.61,15
2515,09:30:02,$ 3343.61,1
2516,09:30:02,$ 3343.61,1
2517,09:30:02,$ 3343.61,1
2518,09:30:02,$ 3343.61,1
2519,09:30:02,$ 3343.61,2
2521,09:30:02,$ 3343.61,1
2522,09:30:02,$ 3343.61,1
2523,09:30:02,$ 3343.61,2
2524,09:30:02,$ 3343.61,1
2525,09:30:02,$ 3343.61,1
2526,09:30:02,$ 3343.61,1
2527,09:30:02,$ 3343.61,2
2528,09:30:02,$ 3343.61,1
2529,09:30:02,$ 3343.61,2
2530,09:30:02,$ 3343.61,1
2531,09:30:02,$ 3343.61,1
2532,09:30:02,$ 3343.61,1
2533,09:30:02,$ 3343.61,8
2534,09:30:02,$ 3343.61,10
2535,09:30:02,$ 3343.61,3
2536,09:30:02,$ 3343.61,2
2537,09:30:02,$ 3343.61,1
2538,09:30:02,$ 3343.61,1
2539,09:30:02,$ 3343.61,3
2540,09:30:02,$ 3343.61,60
2542,09:30:02,$ 3343.61,1
2543,09:30:02,$ 3343.61,2
2544,09:30:02,$ 3343.61,1
2545,09:30:02,$ 3343.61,1
2546,09:30:02,$ 3343.61,1
2547,09:30:02,$ 3343.61,2
2548,09:30:02,$ 3343.61,1
2549,09:30:02,$ 3343.61,100
2550,09:30:02,$ 3343.61,1
2551,09:30:02,$ 3343.61,107
2552,09:30:02,$ 3343.61,4
2553,09:30:02,$ 3343.61,2
2554,09:30:02,$ 3343.61,1
2555,09:30:02,$ 3343.61,1
2556,09:30:02,$ 3343.61,1
2557,09:30:02,$ 3343.61,1
2558,09:30:02,$ 3343.61,1
2559,09:30:02,$ 3343.61,1
2560,09:30:02,$ 3343.61,11
2561,09:30:02,$ 3343.61,5
2563,09:30:02,$ 3343.61,1
2564,09:30:02,$ 3343.61,1
2565,09:30:02,$ 3343.61,1
2566,09:30:02,$ 3343.61,1
2567,09:30:02,$ 3343.61,2
2568,09:30:02,$ 3343.61,13
2569,09:30:02,$ 3343.61,1
2570,09:30:02,$ 3343.61,1
2571,09:30:02,$ 3343.61,1
2572,09:30:02,$ 3343.61,1
2573,09:30:02,$ 3343.61,3
2574,09:30:02,$ 3343.61,1
2575,09:30:02,$ 3343.61,4
2576,09:30:02,$ 3343.61,1
2577,09:30:02,$ 3343.61,8
2578,09:30:02,$ 3343.61,2
2579,09:30:02,$ 3343.61,10
2580,09:30:02,$ 3343.61,1
2581,09:30:02,$ 3343.61,5
2582,09:30:02,$ 3343.61,2
2584,09:30:02,$ 3343.61,12
2585,09:30:02,$ 3343.61,1
2586,09:30:02,$ 3343.61,3
2587,09:30:02,$ 3343.61,6
2588,09:30:02,$ 3343.61,1
2589,09:30:02,$ 3343.61,1
2590,09:30:02,$ 3343.61,1
2591,09:30:02,$ 3343.61,1
2592,09:30:02,$ 3343.61,5
2593,09:30:02,$ 3343.61,1
2594,09:30:02,$ 3343.61,1
2595,09:30:02,$ 3343.61,4
2596,09:30:02,$ 3343.61,1
2597,09:30:02,$ 3343.61,1
2598,09:30:02,$ 3343.61,1
2599,09:30:02,$ 3343.61,1
2600,09:30:02,$ 3343.61,1
2601,09:30:02,$ 3343.61,5
2602,09:30:02,$ 3343.61,5
2603,09:30:02,$ 3343.61,1
2605,09:30:02,$ 3343.61,1
2606,09:30:02,$ 3343.61,10
2607,09:30:02,$ 3343.61,1
2608,09:30:02,$ 3343.61,1
2609,09:30:02,$ 3343.61,3
2610,09:30:02,$ 3343.61,2
2611,09:30:02,$ 3343.61,1
2612,09:30:02,$ 3343.61,25
2613,09:30:02,$ 3343.61,4
2614,09:30:02,$ 3343.61,1
2615,09:30:02,$ 3343.61,1
2616,09:30:02,$ 3343.61,3
2617,09:30:02,$ 3343.61,1
2618,09:30:02,$ 3343.61,1
2619,09:30:02,$ 3343.61,2
2620,09:30:02,$ 3343.61,1
2621,09:30:02,$ 3343.61,1
2622,09:30:02,$ 3343.61,1
2623,09:30:02,$ 3343.61,1
2624,09:30:02,$ 3343.61,1
2626,09:30:02,$ 3343.61,1
2627,09:30:02,$ 3343.61,1
2628,09:30:02,$ 3343.61,1
2629,09:30:02,$ 3343.61,1
2630,09:30:02,$ 3343.61,1
2631,09:30:02,$ 3343.61,10
2632,09:30:02,$ 3343.61,2
2633,09:30:02,$ 3343.61,3
2634,09:30:02,$ 3343.61,1
2635,09:30:02,$ 3343.61,1
2636,09:30:02,$ 3343.61,1
2637,09:30:02,$ 3343.61,7
2638,09:30:02,$ 3343.61,1
2639,09:30:02,$ 3343.61,3
2640,09:30:02,$ 3343.61,1
2641,09:30:02,$ 3343.61,1
2642,09:30:02,$ 3343.61,2
2643,09:30:02,$ 3343.61,2
2644,09:30:02,$ 3343.61,1
2645,09:30:02,$ 3343.61,1
2647,09:30:02,$ 3343.61,1
2648,09:30:02,$ 3343.61,10
2649,09:30:02,$ 3343.61,3
2650,09:30:02,$ 3343.61,5
2651,09:30:02,$ 3343.61,1
2652,09:30:02,$ 3343.61,3
2653,09:30:02,$ 3343.61,4
2654,09:30:02,$ 3343.61,1
2655,09:30:02,$ 3343.61,1
2656,09:30:02,$ 3343.61,1
2657,09:30:02,$ 3343.61,1
2658,09:30:02,$ 3343.61,1
2659,09:30:02,$ 3343.61,1
2660,09:30:02,$ 3343.61,2
2661,09:30:02,$ 3343.61,1
2662,09:30:02,$ 3343.61,2
2663,09:30:02,$ 3343.61,1
2664,09:30:02,$ 3343.61,2
2665,09:30:02,$ 3343.61,1
2666,09:30:02,$ 3343.61,1
2668,09:30:02,$ 3343.61,2
2669,09:30:02,$ 3343.61,2
2670,09:30:02,$ 3343.61,3
2671,09:30:02,$ 3343.61,30
2672,09:30:02,$ 3343.61,3
2673,09:30:02,$ 3343.61,3
2674,09:30:02,$ 3343.61,3
2675,09:30:02,$ 3343.61,2
2676,09:30:02,$ 3343.61,1
2677,09:30:02,$ 3343.61,5
2678,09:30:02,$ 3343.61,1
2679,09:30:02,$ 3343.61,1
2680,09:30:02,$ 3343.61,3
2681,09:30:02,$ 3343.61,10
2682,09:30:02,$ 3343.61,3
2683,09:30:02,$ 3343.61,29
2684,09:30:02,$ 3343.61,2
2685,09:30:02,$ 3343.61,3
2686,09:30:02,$ 3343.61,1
2687,09:30:02,$ 3343.61,7
2689,09:30:02,$ 3343.61,8
2690,09:30:02,$ 3343.61,2
2691,09:30:02,$ 3343.61,1
2692,09:30:02,$ 3343.61,5
2693,09:30:02,$ 3343.61,1
2694,09:30:02,$ 3343.61,1
2695,09:30:02,$ 3343.61,30
2696,09:30:02,$ 3343.61,4
2697,09:30:02,$ 3343.61,7
2698,09:30:02,$ 3343.61,4
2699,09:30:02,$ 3343.61,10
2700,09:30:02,$ 3343.61,150
2701,09:30:02,$ 3343.61,2
2702,09:30:02,$ 3343.61,2
2703,09:30:02,$ 3343.61,4
2704,09:30:02,$ 3343.61,1
2705,09:30:02,$ 3343.61,100
2706,09:30:02,$ 3343.61,3
2707,09:30:02,$ 3343.61,3
2708,09:30:02,$ 3343.61,5
2710,09:30:02,$ 3343.61,11
2711,09:30:02,$ 3343.61,10
2712,09:30:02,$ 3343.61,1
2713,09:30:02,$ 3343.61,1
2714,09:30:02,$ 3343.61,1
2715,09:30:02,$ 3343.61,1
2716,09:30:02,$ 3343.61,1
2717,09:30:02,$ 3343.61,1
2718,09:30:02,$ 3343.61,3
2719,09:30:02,$ 3343.61,2
2720,09:30:02,$ 3343.61,5
2721,09:30:02,$ 3343.61,6
2722,09:30:02,$ 3343.61,46
2723,09:30:02,$ 3343.61,2
2724,09:30:02,$ 3343.61,2
2725,09:30:02,$ 3343.61,27
2726,09:30:02,$ 3343.61,5
2727,09:30:02,$ 3343.61,3
2728,09:30:02,$ 3343.61,2
2729,09:30:02,$ 3343.61,1
2731,09:30:02,$ 3343.61,1
2732,09:30:02,$ 3343.61,1
2733,09:30:02,$ 3343.61,1
2734,09:30:02,$ 3343.61,1
2735,09:30:02,$ 3343.61,1
2736,09:30:02,$ 3343.61,2
2737,09:30:02,$ 3343.61,124
2738,09:30:02,$ 3343.61,2
2739,09:30:02,$ 3343.61,2
2740,09:30:02,$ 3343.61,5
2741,09:30:02,$ 3343.61,1
2742,09:30:02,$ 3343.61,1
2743,09:30:02,$ 3343.61,1
2744,09:30:02,$ 3343.61,1
2745,09:30:02,$ 3343.61,1
2746,09:30:02,$ 3343.61,5
2747,09:30:02,$ 3343.61,5
2748,09:30:02,$ 3343.61,5
2749,09:30:02,$ 3343.61,4
2750,09:30:02,$ 3343.61,5
2752,09:30:02,$ 3343.61,1
2753,09:30:02,$ 3343.61,3
2754,09:30:02,$ 3343.61,1
2755,09:30:02,$ 3343.61,1
2756,09:30:02,$ 3343.61,1
2757,09:30:02,$ 3343.61,1
2758,09:30:02,$ 3343.61,1
2759,09:30:02,$ 3343.61,1
2760,09:30:02,$ 3343.61,1
2761,09:30:02,$ 3343.61,1
2762,09:30:02,$ 3343.61,1
2763,09:30:02,$ 3343.61,2
2764,09:30:02,$ 3343.61,1
2765,09:30:02,$ 3343.61,1
2766,09:30:02,$ 3343.61,10
2767,09:30:02,$ 3343.61,1
2768,09:30:02,$ 3343.61,1
2769,09:30:02,$ 3343.61,1
2770,09:30:02,$ 3343.61,1
2771,09:30:02,$ 3343.61,1
2773,09:30:02,$ 3343.61,1
2774,09:30:02,$ 3343.61,2
2775,09:30:02,$ 3343.61,1
2776,09:30:02,$ 3343.61,10
2777,09:30:02,$ 3343.61,2
2778,09:30:02,$ 3343.61,1
2779,09:30:02,$ 3343.61,1
2780,09:30:02,$ 3343.61,1
2781,09:30:02,$ 3343.61,1
2782,09:30:02,$ 3343.61,1
2783,09:30:02,$ 3343.61,1
2784,09:30:02,$ 3343.61,1
2785,09:30:02,$ 3343.61,10
2786,09:30:02,$ 3343.61,8
2787,09:30:02,$ 3343.61,1
2788,09:30:02,$ 3343.61,1
2789,09:30:02,$ 3343.61,1
2790,09:30:02,$ 3343.61,3
2791,09:30:02,$ 3343.61,1
2792,09:30:02,$ 3343.61,6
2794,09:30:02,$ 3343.61,1
2795,09:30:02,$ 3343.61,1
2796,09:30:02,$ 3343.61,2
2797,09:30:02,$ 3343.61,2
2798,09:30:02,$ 3343.61,2
2799,09:30:02,$ 3343.61,1
2800,09:30:02,$ 3343.61,2
2801,09:30:02,$ 3343.61,1
2802,09:30:02,$ 3343.61,1
2803,09:30:02,$ 3343.61,4
2804,09:30:02,$ 3343.61,3
2805,09:30:02,$ 3343.61,2
2806,09:30:02,$ 3343.61,1
2807,09:30:02,$ 3343.61,5
2808,09:30:02,$ 3343.61,1
2809,09:30:02,$ 3343.61,1
2810,09:30:02,$ 3343.61,1
2811,09:30:02,$ 3343.61,1
2812,09:30:02,$ 3343.61,1
2813,09:30:02,$ 3343.61,1
2815,09:30:02,$ 3343.61,1
2816,09:30:02,$ 3343.61,1
2817,09:30:02,$ 3343.61,2
2818,09:30:02,$ 3343.61,1
2819,09:30:02,$ 3343.61,1
2820,09:30:02,$ 3343.61,1
2821,09:30:02,$ 3343.61,1
2822,09:30:02,$ 3343.61,1
2823,09:30:02,$ 3343.61,1
2824,09:30:02,$ 3343.61,1
2825,09:30:02,$ 3343.61,1
2826,09:30:02,$ 3343.61,1
2827,09:30:02,$ 3343.61,5
2828,09:30:02,$ 3343.61,5
2829,09:30:02,$ 3343.61,3
2830,09:30:02,$ 3343.61,1
2831,09:30:02,$ 3343.61,1
2832,09:30:02,$ 3343.61,5
2833,09:30:02,$ 3343.61,583
2834,09:30:02,$ 3343.61,261
2836,09:30:02,$ 3343.61,51
2837,09:30:02,$ 3343.61,1
2838,09:30:02,$ 3343.61,1
2839,09:30:02,$ 3343.61,1
2840,09:30:02,$ 3343.61,220
2841,09:30:02,$ 3343.61,9
2842,09:30:02,$ 3343.61,1
2843,09:30:02,$ 3343.61,2
2844,09:30:02,$ 3343.61,4
2845,09:30:02,$ 3343.61,3
2846,09:30:02,$ 3343.61,1
2847,09:30:02,$ 3343.61,1
2848,09:30:02,$ 3343.61,2
2849,09:30:02,$ 3343.61,1
2850,09:30:02,$ 3343.61,1
2851,09:30:02,$ 3343.61,1
2852,09:30:02,$ 3343.61,3
2853,09:30:02,$ 3343.61,2
2854,09:30:02,$ 3343.61,2
2855,09:30:02,$ 3343.61,1
2857,09:30:02,$ 3343.61,3
2858,09:30:02,$ 3343.61,2
2859,09:30:02,$ 3343.61,1
2860,09:30:02,$ 3343.61,3
2861,09:30:02,$ 3343.61,1
2862,09:30:02,$ 3343.61,1
2863,09:30:02,$ 3343.61,1
2864,09:30:02,$ 3343.61,1
2865,09:30:02,$ 3343.61,1
2866,09:30:02,$ 3343.61,1
2867,09:30:02,$ 3343.61,1
2868,09:30:02,$ 3343.61,1
2869,09:30:02,$ 3343.61,2
2870,09:30:02,$ 3343.61,14
2871,09:30:02,$ 3343.61,1
2872,09:30:02,$ 3343.61,2
2873,09:30:02,$ 3343.61,2
2874,09:30:02,$ 3343.61,1
2875,09:30:02,$ 3343.61,1
2876,09:30:02,$ 3343.61,2
2878,09:30:02,$ 3343.61,2
2879,09:30:02,$ 3343.61,1
2880,09:30:02,$ 3343.61,1
2881,09:30:02,$ 3343.61,3
2882,09:30:02,$ 3343.61,1
2883,09:30:02,$ 3343.61,2
2884,09:30:02,$ 3343.61,1
2885,09:30:02,$ 3343.61,1
2886,09:30:02,$ 3343.61,1
2887,09:30:02,$ 3343.61,2
2888,09:30:02,$ 3343.61,1
2889,09:30:02,$ 3343.61,1
2890,09:30:02,$ 3343.61,2
2891,09:30:02,$ 3343.61,2
2892,09:30:02,$ 3343.61,2
2893,09:30:02,$ 3343.61,6
2894,09:30:02,$ 3343.61,3
2895,09:30:02,$ 3343.61,4
2896,09:30:02,$ 3343.61,2
2897,09:30:02,$ 3343.61,3
2899,09:30:02,$ 3343.61,9
2900,09:30:02,$ 3343.61,1
2901,09:30:02,$ 3343.61,1
2902,09:30:02,$ 3343.61,1
2903,09:30:02,$ 3343.61,1
2904,09:30:02,$ 3343.61,2
2905,09:30:02,$ 3343.61,1
2906,09:30:02,$ 3343.61,1
2907,09:30:02,$ 3343.61,2
2908,09:30:02,$ 3343.61,1
2909,09:30:02,$ 3343.61,1
2910,09:30:02,$ 3343.61,2
2911,09:30:02,$ 3343.61,1
2912,09:30:02,$ 3343.61,3
2913,09:30:02,$ 3343.61,1
2914,09:30:02,$ 3343.61,400
2915,09:30:02,$ 3343.61,59
2916,09:30:02,$ 3343.61,18
2917,09:30:02,$ 3343.61,116
2918,09:30:02,$ 3343.61,10
2920,09:30:02,$ 3343.61,5
2921,09:30:02,$ 3343.61,1
2922,09:30:02,$ 3343.61,1
2923,09:30:02,$ 3343.61,12
2924,09:30:02,$ 3343.61,13
2925,09:30:02,$ 3343.61,1
2926,09:30:02,$ 3343.61,33
2927,09:30:02,$ 3343.61,500
2928,09:30:02,$ 3343.61,400
2929,09:30:02,$ 3343.61,166
2930,09:30:02,$ 3343.61,6
2931,09:30:02,$ 3343.61,41
2932,09:30:02,$ 3343.61,8
2933,09:30:02,$ 3343.61,139
2934,09:30:02,$ 3343.61,200
2935,09:30:02,$ 3343.61,159
2936,09:30:02,$ 3343.61,21
2937,09:30:02,$ 3343.61,56
2938,09:30:02,$ 3343.61,1
2939,09:30:02,$ 3343.61,4
2941,09:30:02,$ 3343.61,19
2942,09:30:02,$ 3343.61,31
2943,09:30:02,$ 3343.61,31
2944,09:30:02,$ 3343.61,30
2945,09:30:02,$ 3343.61,30
2946,09:30:02,$ 3343.61,30
2947,09:30:02,$ 3343.61,30
2948,09:30:02,$ 3343.61,3
2949,09:30:02,$ 3343.61,1
2950,09:30:02,$ 3343.61,1
2951,09:30:02,$ 3343.61,10
2952,09:30:02,$ 3343.61,10
2953,09:30:02,$ 3343.61,1
2954,09:30:02,$ 3343.61,110
2955,09:30:02,$ 3343.61,4
2956,09:30:02,$ 3343.61,1
2957,09:30:02,$ 3343.61,11
2958,09:30:02,$ 3343.61,5
2959,09:30:02,$ 3343.61,8
2960,09:30:02,$ 3343.61,3
2962,09:30:02,$ 3343.61,17
2963,09:30:02,$ 3343.61,1
2964,09:30:02,$ 3343.61,3
2965,09:30:02,$ 3343.61,9
2966,09:30:02,$ 3343.61,1
2967,09:30:02,$ 3343.61,1
2968,09:30:02,$ 3343.61,2
2969,09:30:02,$ 3343.61,150
2970,09:30:02,$ 3343.61,5
2971,09:30:02,$ 3343.61,15
2972,09:30:02,$ 3343.61,600
2973,09:30:02,$ 3343.61,6
2974,09:30:02,$ 3343.61,16
2975,09:30:02,$ 3343.61,10
2976,09:30:02,$ 3343.61,1
2977,09:30:02,$ 3343.61,3
2978,09:30:02,$ 3343.61,8
2979,09:30:02,$ 3343.61,50
2980,09:30:02,$ 3343.61,2
2981,09:30:02,$ 3343.61,5
2983,09:30:02,$ 3343.61,2
2984,09:30:02,$ 3343.61,7
2985,09:30:02,$ 3343.90,100
2987,10:29:57,$ 3343.75,100
2988,10:29:57,$ 3344.52,100
2989,10:29:52,$ 3345.62,100
2990,10:29:52,$ 3345.59,100
2991,10:29:52,$ 3345.59,100
2992,10:29:28,$ 3345.786,100
2993,10:29:14,$ 3344.3012,500
2994,10:29:11,$ 3344.71,106
2995,10:29:09,$ 3344.14,100
2996,10:28:46,$ 3343.655,100
2997,10:28:36,$ 3344.23,100
2998,10:28:36,$ 3343.96,100
2999,10:28:36,$ 3344.00,114
3000,10:28:36,$ 3344.00,388
3001,10:28:36,$ 3344.00,100
3002,10:28:29,$ 3343.95,100
3003,10:28:29,$ 3343.01,100
3004,10:28:28,$ 3343.91,100
3005,10:28:28,$ 3344.00,100
3006,10:28:28,$ 3344.00,100
3008,10:28:28,$ 3343.92,100
3009,10:28:28,$ 3343.95,100
3010,10:28:28,$ 3344.00,343
3011,10:28:27,$ 3343.8263,200
3012,10:28:26,$ 3342.80,100
3013,10:28:24,$ 3342.97,100
3014,10:28:24,$ 3342.45,100
3015,10:28:24,$ 3342.42,112
3016,10:28:24,$ 3342.44,100
3017,10:28:19,$ 3342.9227,336
3018,10:28:19,$ 3342.9227,789
3019,10:28:18,$ 3343.335,"1,250"
3020,10:28:09,$ 3343.39,400
3021,10:27:50,$ 3341.46,100
3022,10:27:39,$ 3341.98,400
3023,10:27:32,$ 3342.00,247
3024,10:27:31,$ 3341.30,100
3025,10:27:31,$ 3340.86,360
3026,10:27:29,$ 3340.86,320
3027,10:27:29,$ 3340.965,100
3029,10:27:29,$ 3341.055,100
3030,10:27:29,$ 3340.00,100
3031,10:27:25,$ 3341.9299,200
3032,10:27:22,$ 3341.8037,100
3033,10:27:22,$ 3340.955,500
3034,10:27:21,$ 3341.55,100
3035,10:27:21,$ 3340.69,500
3036,10:27:20,$ 3340.69,500
3037,10:27:12,$ 3340.35,100
3038,10:27:12,$ 3340.60,380
3039,10:26:55,$ 3339.545,100
3040,10:26:46,$ 3337.75,200
3041,10:26:29,$ 3337.93,100
3042,10:26:29,$ 3337.95,100
3043,10:26:29,$ 3337.91,100
3044,10:26:20,$ 3336.54,100
3045,10:25:56,$ 3337.005,100
3046,10:25:54,$ 3337.00,100
3047,10:25:54,$ 3336.91,100
3048,10:25:42,$ 3336.2007,100
3050,10:25:37,$ 3335.92,200
3051,10:25:37,$ 3335.70,100
3052,10:25:37,$ 3335.70,100
3053,10:25:23,$ 3336.00,120
3054,10:24:56,$ 3333.775,200
3055,10:24:43,$ 3335.23,120
3056,10:24:21,$ 3334.00,100
3057,10:24:21,$ 3334.00,100
3058,10:24:14,$ 3334.40,100
3059,10:24:03,$ 3333.31,100
3060,10:24:03,$ 3333.30,100
3061,10:24:03,$ 3333.00,100
3062,10:24:03,$ 3333.00,100
3063,10:24:03,$ 3333.00,100
3064,10:24:03,$ 3333.00,149
3065,10:24:02,$ 3333.22,100
3066,10:24:00,$ 3333.22,100
3067,10:24:00,$ 3333.20,100
3068,10:24:00,$ 3333.37,100
3069,10:23:51,$ 3334.42,100
3071,10:23:42,$ 3334.3907,150
3072,10:23:21,$ 3334.01,100
3073,10:23:05,$ 3334.25,100
3074,10:22:44,$ 3334.5509,113
3075,10:22:37,$ 3333.36,100
3076,10:22:37,$ 3333.33,100
3077,10:22:37,$ 3333.33,100
3078,10:22:37,$ 3334.09,100
3079,10:22:37,$ 3334.06,100
3080,10:22:37,$ 3334.00,100
3081,10:22:36,$ 3334.53,100
3082,10:22:35,$ 3334.53,100
3083,10:22:12,$ 3334.08,100
3084,10:22:12,$ 3334.08,100
3085,10:22:12,$ 3334.51,100
3086,10:22:12,$ 3334.50,100
3087,10:22:12,$ 3335.60,100
3088,10:21:58,$ 3336.20,100
3089,10:21:46,$ 3336.68,100
3090,10:21:25,$ 3334.07,100
3092,10:21:25,$ 3334.47,100
3093,10:21:25,$ 3334.47,100
3094,10:20:51,$ 3335.83,100
3095,10:20:49,$ 3336.39,100
3096,10:20:49,$ 3336.37,100
3097,10:20:49,$ 3336.37,100
3098,10:20:49,$ 3336.63,100
3099,10:20:49,$ 3336.39,100
3100,10:20:49,$ 3337.03,100
3101,10:20:49,$ 3336.63,200
3102,10:20:49,$ 3336.40,100
3103,10:20:37,$ 3337.11,100
3104,10:20:37,$ 3336.68,100
3105,10:20:37,$ 3336.68,200
3106,10:20:37,$ 3336.68,100
3107,10:20:37,$ 3336.80,100
3108,10:20:28,$ 3336.1177,100
3109,10:19:59,$ 3335.175,100
3110,10:19:36,$ 3335.80,100
3111,10:19:27,$ 3335.69,100
3113,10:19:25,$ 3335.69,100
3114,10:19:25,$ 3335.69,100
3115,10:19:21,$ 3334.48,100
3116,10:19:00,$ 3334.912,500
3117,10:18:51,$ 3334.94,100
3118,10:18:47,$ 3333.78,100
3119,10:18:47,$ 3334.30,100
3120,10:18:47,$ 3334.29,100
3121,10:18:47,$ 3334.65,100
3122,10:18:45,$ 3334.66,100
3123,10:18:45,$ 3335.28,100
3124,10:18:45,$ 3336.05,100
3125,10:18:29,$ 3336.50,100
3126,10:18:29,$ 3336.50,200
3127,10:18:26,$ 3337.38,100
3128,10:18:26,$ 3337.37,100
3129,10:18:26,$ 3337.38,100
3130,10:18:26,$ 3337.38,200
3131,10:17:54,$ 3337.33,100
3132,10:17:47,$ 3337.12,100
3134,10:17:47,$ 3337.10,100
3135,10:17:41,$ 3336.25,100
3136,10:17:15,$ 3335.60,100
3137,10:17:15,$ 3335.75,100
3138,10:17:15,$ 3335.90,100
3139,10:17:13,$ 3336.51,100
3140,10:17:03,$ 3337.54,100
3141,10:16:23,$ 3337.22,100
3142,10:16:22,$ 3336.59,189
3143,10:16:14,$ 3337.00,382
3144,10:16:11,$ 3336.33,121
3145,10:16:10,$ 3337.01,100
3146,10:16:10,$ 3337.00,187
3147,10:16:08,$ 3337.02,100
3148,10:16:07,$ 3337.48,100
3149,10:16:07,$ 3337.48,100
3150,10:15:44,$ 3337.4696,200
3151,10:15:33,$ 3337.08,100
3152,10:15:13,$ 3336.2232,172
3153,10:15:09,$ 3339.00,100
3155,10:15:07,$ 3338.32,100
3156,10:14:52,$ 3339.34,100
3157,10:14:52,$ 3339.63,100
3158,10:14:52,$ 3339.62,100
3159,10:14:52,$ 3339.53,100
3160,10:14:52,$ 3339.50,100
3161,10:14:37,$ 3339.6243,447
3162,10:14:21,$ 3340.37,100
3163,10:14:08,$ 3340.00,100
3164,10:13:56,$ 3340.68,100
3165,10:13:56,$ 3340.93,100
3166,10:13:52,$ 3340.25,100
3167,10:13:31,$ 3341.47,100
3168,10:13:31,$ 3341.47,161
3169,10:13:31,$ 3341.47,100
3170,10:13:31,$ 3340.96,100
3171,10:12:59,$ 3340.70,100
3172,10:12:55,$ 3339.23,100
3173,10:12:55,$ 3339.29,100
3174,10:12:55,$ 3338.44,100
3176,10:12:55,$ 3338.45,100
3177,10:12:52,$ 3337.79,100
3178,10:12:40,$ 3339.07,194
3179,10:12:30,$ 3339.09,100
3180,10:12:15,$ 3340.015,100
3181,10:12:13,$ 3340.01,250
3182,10:12:11,$ 3340.69,100
3183,10:12:11,$ 3339.8631,100
3184,10:12:04,$ 3339.7099,100
3185,10:12:01,$ 3338.51,100
3186,10:12:01,$ 3338.77,100
3187,10:11:43,$ 3340.00,100
3188,10:11:39,$ 3338.95,100
3189,10:11:39,$ 3339.00,100
3190,10:11:39,$ 3339.00,200
3191,10:11:38,$ 3337.485,100
3192,10:11:38,$ 3337.90,100
3193,10:11:27,$ 3337.00,100
3194,10:10:52,$ 3333.985,100
3195,10:10:41,$ 3335.00,100
3197,10:10:37,$ 3335.3384,300
3198,10:10:13,$ 3333.82,100
3199,10:10:10,$ 3333.435,100
3200,10:10:10,$ 3333.44,100
3201,10:10:10,$ 3334.00,100
3202,10:10:10,$ 3334.00,120
3203,10:10:02,$ 3334.04,100
3204,10:10:01,$ 3334.0375,400
3205,10:10:00,$ 3334.14,100
3206,10:09:50,$ 3333.605,100
3207,10:09:50,$ 3333.95,233
3208,10:08:47,$ 3331.12,115
3209,10:08:47,$ 3331.12,100
3210,10:08:33,$ 3332.19,100
3211,10:08:31,$ 3332.88,100
3212,10:08:31,$ 3333.12,100
3213,10:08:26,$ 3333.915,100
3214,10:07:56,$ 3333.98,100
3215,10:07:55,$ 3333.64,100
3216,10:07:48,$ 3333.89,100
3218,10:07:47,$ 3333.50,200
3219,10:07:46,$ 3333.26,100
3220,10:07:44,$ 3333.64,100
3221,10:07:23,$ 3333.845,200
3222,10:07:16,$ 3333.335,100
3223,10:07:16,$ 3333.3316,300
3224,10:07:11,$ 3333.84,120
3225,10:06:44,$ 3332.41,100
3226,10:06:44,$ 3332.47,100
3227,10:06:44,$ 3332.42,100
3228,10:06:32,$ 3332.925,"1,250"
3229,10:06:31,$ 3332.32,100
3230,10:06:30,$ 3331.25,100
3231,10:06:26,$ 3331.2141,250
3232,10:06:24,$ 3330.83,100
3233,10:06:04,$ 3330.50,100
3234,10:06:04,$ 3330.50,750
3235,10:06:03,$ 3332.00,100
3236,10:06:03,$ 3331.0561,"1,250"
3237,10:05:45,$ 3329.71,100
3239,10:05:37,$ 3329.75,100
3240,10:05:21,$ 3329.265,300
3241,10:05:19,$ 3329.00,100
3242,10:05:19,$ 3329.00,100
3243,10:05:16,$ 3329.9999,100
3244,10:05:08,$ 3330.01,100
3245,10:04:41,$ 3330.55,100
3246,10:04:36,$ 3329.365,100
3247,10:04:36,$ 3329.68,100
3248,10:04:36,$ 3329.68,100
3249,10:04:36,$ 3329.68,114
3250,10:04:19,$ 3330.00,100
3251,10:04:19,$ 3330.00,100
3252,10:04:19,$ 3330.00,150
3253,10:04:19,$ 3330.00,100
3254,10:04:19,$ 3331.00,100
3255,10:03:54,$ 3331.00,100
3256,10:03:53,$ 3331.00,100
3257,10:03:53,$ 3331.00,100
3258,10:03:53,$ 3331.00,100
3260,10:03:17,$ 3331.05,100
3261,10:03:17,$ 3331.02,100
3262,10:03:17,$ 3331.49,100
3263,10:03:16,$ 3331.60,100
3264,10:03:13,$ 3333.93,100
3265,10:03:02,$ 3333.40,100
3266,10:03:02,$ 3333.25,141
3267,10:03:02,$ 3333.25,122
3268,10:02:43,$ 3332.65,100
3269,10:02:43,$ 3332.82,100
3270,10:02:04,$ 3334.405,100
3271,10:01:43,$ 3331.41,100
3272,10:01:36,$ 3331.895,100
3273,10:01:36,$ 3332.325,100
3274,10:01:36,$ 3333.09,100
3275,10:01:36,$ 3332.27,100
3276,10:01:36,$ 3332.27,100
3277,10:01:36,$ 3332.28,100
3278,10:01:36,$ 3332.58,100
3279,10:01:36,$ 3332.58,100
3281,10:01:11,$ 3332.125,100
3282,10:01:03,$ 3332.655,100
3283,10:01:03,$ 3332.037,100
3284,10:01:03,$ 3332.00,200
3285,10:01:03,$ 3332.01,200
3286,10:01:03,$ 3332.03,100
3287,10:01:03,$ 3332.0035,100
3288,10:01:03,$ 3332.26,100
3289,10:01:00,$ 3332.63,100
3290,10:01:00,$ 3333.00,100
3291,10:01:00,$ 3333.00,100
3292,10:00:53,$ 3334.32,100
3293,10:00:53,$ 3334.31,100
3294,10:00:53,$ 3334.32,100
3295,10:00:53,$ 3334.32,100
3296,10:00:43,$ 3334.67,122
3297,10:00:41,$ 3334.61,100
3298,10:00:41,$ 3334.61,100
3300,10:59:13,$ 3340.82,100
3301,10:58:59,$ 3340.16,200
3302,10:58:56,$ 3339.5879,254
3303,10:58:56,$ 3340.00,112
3304,10:58:56,$ 3340.00,100
3305,10:58:56,$ 3340.02,100
3306,10:58:49,$ 3340.44,100
3307,10:58:40,$ 3341.655,100
3308,10:57:35,$ 3342.65,100
3309,10:57:35,$ 3343.00,100
3310,10:57:35,$ 3343.58,400
3311,10:57:27,$ 3344.00,536
3312,10:57:27,$ 3344.00,100
3313,10:57:27,$ 3344.00,191
3314,10:57:24,$ 3344.05,100
3315,10:57:24,$ 3344.05,100
3316,10:57:24,$ 3344.01,100
3317,10:57:24,$ 3344.06,100
3318,10:57:24,$ 3344.01,100
3319,10:57:13,$ 3344.01,100
3321,10:57:13,$ 3344.00,400
3322,10:57:12,$ 3344.13,100
3323,10:57:11,$ 3345.06,100
3324,10:57:11,$ 3345.00,100
3325,10:57:11,$ 3345.00,100
3326,10:57:05,$ 3345.36,100
3327,10:56:48,$ 3345.725,"1,250"
3328,10:56:27,$ 3345.55,100
3329,10:56:25,$ 3345.44,100
3330,10:56:19,$ 3346.425,100
3331,10:56:19,$ 3346.98,200
3332,10:56:19,$ 3346.53,100
3333,10:56:19,$ 3346.90,100
3334,10:55:59,$ 3346.29,100
3335,10:55:59,$ 3345.91,100
3336,10:55:57,$ 3345.94,100
3337,10:55:57,$ 3345.9202,100
3338,10:55:57,$ 3345.92,100
3339,10:55:57,$ 3346.00,420
3340,10:55:57,$ 3345.92,100
3342,10:55:56,$ 3346.3758,"1,250"
3343,10:55:45,$ 3347.8699,150
3344,10:55:39,$ 3346.7915,400
3345,10:55:36,$ 3346.35,100
3346,10:55:21,$ 3346.01,200
3347,10:54:45,$ 3345.615,"1,250"
3348,10:54:08,$ 3344.545,100
3349,10:54:08,$ 3345.09,100
3350,10:54:08,$ 3345.04,100
3351,10:54:03,$ 3344.0003,100
3352,10:54:03,$ 3344.62,100
3353,10:54:00,$ 3345.62,100
3354,10:53:47,$ 3344.59,"1,000"
3355,10:53:45,$ 3345.90,100
3356,10:53:17,$ 3344.00,100
3357,10:53:17,$ 3344.00,100
3358,10:53:17,$ 3344.00,109
3359,10:53:17,$ 3344.00,130
3360,10:53:17,$ 3344.00,200
3361,10:53:14,$ 3344.525,100
3363,10:53:12,$ 3345.075,100
3364,10:53:03,$ 3344.985,"1,250"
3365,10:53:01,$ 3344.00,100
3366,10:53:01,$ 3344.00,100
3367,10:52:54,$ 3343.955,100
3368,10:52:47,$ 3341.71,100
3369,10:52:46,$ 3343.21,259
3370,10:52:46,$ 3343.00,100
3371,10:52:46,$ 3342.57,100
3372,10:52:46,$ 3342.58,100
3373,10:52:45,$ 3342.405,100
3374,10:52:41,$ 3342.1875,"1,250"
3375,10:52:39,$ 3341.68,100
3376,10:52:34,$ 3341.58,200
3377,10:52:23,$ 3341.00,100
3378,10:52:09,$ 3341.00,100
3379,10:52:06,$ 3341.6179,205
3380,10:52:06,$ 3342.01,100
3381,10:52:06,$ 3341.61,100
3382,10:52:06,$ 3342.02,100
3384,10:52:06,$ 3342.12,100
3385,10:52:06,$ 3342.09,100
3386,10:52:06,$ 3342.2242,100
3387,10:52:06,$ 3341.88,100
3388,10:52:06,$ 3341.72,100
3389,10:52:06,$ 3341.69,100
3390,10:52:05,$ 3342.345,"1,250"
3391,10:52:02,$ 3342.21,100
3392,10:51:56,$ 3343.3398,100
3393,10:51:52,$ 3343.61,100
3394,10:51:30,$ 3341.3823,299
3395,10:51:30,$ 3341.50,109
3396,10:51:30,$ 3341.3823,285
3397,10:51:23,$ 3341.92,400
3398,10:51:20,$ 3341.78,100
3399,10:51:18,$ 3341.84,100
3400,10:51:14,$ 3342.63,100
3401,10:50:40,$ 3343.46,100
3402,10:50:26,$ 3342.03,100
3403,10:50:20,$ 3343.405,100
3405,10:50:19,$ 3342.655,"1,250"
3406,10:49:42,$ 3342.75,100
3407,10:49:34,$ 3342.74,250
3408,10:49:31,$ 3344.12,100
3409,10:49:27,$ 3345.845,100
3410,10:49:22,$ 3345.31,100
3411,10:49:04,$ 3344.825,"1,250"
3412,10:49:03,$ 3344.70,112
3413,10:49:03,$ 3344.30,112
3414,10:49:03,$ 3345.21,100
3415,10:49:03,$ 3345.21,100
3416,10:49:03,$ 3344.75,100
3417,10:49:03,$ 3345.38,100
3418,10:49:03,$ 3345.55,100
3419,10:49:03,$ 3345.55,100
3420,10:49:03,$ 3345.55,100
3421,10:49:03,$ 3345.62,100
3422,10:49:03,$ 3345.06,100
3423,10:49:03,$ 3345.01,100
3424,10:49:03,$ 3344.97,100
3426,10:49:03,$ 3345.19,100
3427,10:49:03,$ 3345.18,100
3428,10:48:52,$ 3344.305,"1,250"
3429,10:48:36,$ 3344.04,336
3430,10:48:36,$ 3344.04,799
3431,10:48:35,$ 3344.225,"1,250"
3432,10:48:33,$ 3344.24,100
3433,10:48:06,$ 3345.00,135
3434,10:48:06,$ 3343.8534,189
3435,10:48:06,$ 3344.99,100
3436,10:48:06,$ 3344.99,120
3437,10:48:06,$ 3344.62,100
3438,10:48:06,$ 3344.77,100
3439,10:47:51,$ 3342.95,100
3440,10:47:47,$ 3344.55,"1,250"
3441,10:47:46,$ 3344.205,100
3442,10:47:42,$ 3344.99,100
3443,10:47:42,$ 3344.99,100
3444,10:47:42,$ 3344.99,100
3445,10:47:12,$ 3345.01,100
3447,10:47:12,$ 3345.09,100
3448,10:47:10,$ 3345.29,100
3449,10:47:08,$ 3346.05,100
3450,10:47:03,$ 3345.0001,100
3451,10:46:49,$ 3346.665,100
3452,10:46:48,$ 3347.1148,100
3453,10:46:30,$ 3346.66,244
3454,10:46:26,$ 3346.48,100
3455,10:46:18,$ 3347.13,"1,250"
3456,10:46:17,$ 3347.13,244
3457,10:46:14,$ 3346.685,100
3458,10:46:14,$ 3348.26,100
3459,10:46:12,$ 3348.50,100
3460,10:46:01,$ 3348.70,250
3461,10:45:52,$ 3349.11,100
3462,10:45:46,$ 3349.22,100
3463,10:45:34,$ 3349.39,100
3464,10:45:34,$ 3349.39,100
3465,10:45:30,$ 3350.17,114
3466,10:45:21,$ 3350.01,100
3468,10:45:14,$ 3350.01,100
3469,10:45:00,$ 3350.12,100
3470,10:44:59,$ 3351.26,"1,250"
3471,10:44:58,$ 3351.09,100
3472,10:44:58,$ 3351.05,100
3473,10:44:58,$ 3350.69,100
3474,10:44:58,$ 3350.65,100
3475,10:44:58,$ 3351.8292,100
3476,10:44:58,$ 3351.78,100
3477,10:44:58,$ 3351.70,100
3478,10:44:58,$ 3351.8292,100
3479,10:44:58,$ 3351.52,100
3480,10:44:58,$ 3351.47,100
3481,10:44:58,$ 3351.38,100
3482,10:44:58,$ 3351.27,100
3483,10:44:53,$ 3351.83,"1,250"
3484,10:44:52,$ 3351.6962,"1,250"
3485,10:44:47,$ 3351.5185,140
3486,10:44:39,$ 3352.59,100
3487,10:44:37,$ 3353.25,100
3489,10:44:32,$ 3352.265,100
3490,10:44:31,$ 3353.00,250
3491,10:44:31,$ 3353.00,100
3492,10:44:25,$ 3351.96,175
3493,10:44:25,$ 3352.02,100
3494,10:44:25,$ 3351.76,227
3495,10:44:22,$ 3350.585,100
3496,10:44:15,$ 3351.015,100
3497,10:44:01,$ 3350.90,"1,250"
3498,10:43:59,$ 3350.895,"1,250"
3499,10:43:58,$ 3351.2433,"1,164"
3500,10:43:27,$ 3350.715,"1,250"
3501,10:43:04,$ 3351.74,100
3502,10:43:04,$ 3351.73,100
3503,10:42:28,$ 3351.70,100
3504,10:42:22,$ 3350.64,100
3505,10:42:11,$ 3351.0034,298
3506,10:42:11,$ 3350.995,100
3507,10:42:05,$ 3351.005,200
3508,10:42:04,$ 3350.08,100
3510,10:42:02,$ 3350.24,100
3511,10:41:55,$ 3351.08,100
3512,10:41:40,$ 3352.11,100
3513,10:41:35,$ 3351.25,100
3514,10:41:29,$ 3351.27,100
3515,10:41:17,$ 3351.865,100
3516,10:40:54,$ 3352.53,244
3517,10:40:41,$ 3353.00,400
3518,10:40:41,$ 3352.55,100
3519,10:40:40,$ 3352.535,240
3520,10:40:28,$ 3352.32,100
3521,10:40:28,$ 3352.00,113
3522,10:40:22,$ 3351.00,100
3523,10:40:11,$ 3351.48,100
3524,10:40:11,$ 3351.56,100
3525,10:40:11,$ 3351.64,100
3526,10:40:05,$ 3351.53,250
3527,10:40:04,$ 3351.2448,100
3528,10:39:51,$ 3350.42,100
3529,10:39:51,$ 3350.41,100
3531,10:39:30,$ 3350.88,500
3532,10:39:21,$ 3350.875,100
3533,10:39:05,$ 3351.00,297
3534,10:39:03,$ 3350.01,100
3535,10:39:03,$ 3350.00,100
3536,10:38:53,$ 3350.37,100
3537,10:38:50,$ 3350.00,100
3538,10:38:50,$ 3350.01,100
3539,10:38:50,$ 3350.01,100
3540,10:38:50,$ 3350.00,100
3541,10:38:50,$ 3350.00,100
3542,10:38:49,$ 3350.12,100
3543,10:38:49,$ 3350.00,100
3544,10:38:49,$ 3350.00,102
3545,10:38:33,$ 3350.00,100
3546,10:38:33,$ 3350.00,100
3547,10:38:28,$ 3350.89,600
3548,10:38:26,$ 3351.69,500
3549,10:38:25,$ 3351.5725,100
3550,10:38:25,$ 3351.64,100
3552,10:38:25,$ 3351.72,129
3553,10:38:25,$ 3351.58,100
3554,10:38:25,$ 3351.64,100
3555,10:38:25,$ 3351.58,100
3556,10:38:15,$ 3351.10,250
3557,10:38:08,$ 3351.75,100
3558,10:37:58,$ 3352.30,200
3559,10:37:49,$ 3352.46,100
3560,10:37:49,$ 3351.87,500
3561,10:37:43,$ 3351.62,100
3562,10:37:43,$ 3351.42,100
3563,10:37:43,$ 3351.13,100
3564,10:37:43,$ 3351.18,100
3565,10:37:32,$ 3350.42,150
3566,10:37:32,$ 3350.43,"1,250"
3567,10:37:31,$ 3350.0892,"1,250"
3568,10:37:10,$ 3351.41,100
3569,10:37:08,$ 3351.19,100
3570,10:37:06,$ 3350.51,"1,250"
3571,10:37:05,$ 3351.23,336
3573,10:37:05,$ 3351.23,298
3574,10:37:05,$ 3350.72,100
3575,10:37:05,$ 3351.10,100
3576,10:37:05,$ 3350.70,100
3577,10:37:05,$ 3351.12,100
3578,10:37:04,$ 3350.51,100
3579,10:37:01,$ 3350.425,"1,250"
3580,10:36:58,$ 3351.33,"1,000"
3581,10:36:58,$ 3351.62,100
3582,10:36:58,$ 3351.62,100
3583,10:36:57,$ 3351.67,100
3584,10:36:47,$ 3352.8274,114
3585,10:36:47,$ 3352.863,146
3586,10:36:36,$ 3353.30,100
3587,10:36:36,$ 3353.30,100
3588,10:36:36,$ 3353.33,100
3589,10:36:36,$ 3353.33,100
3590,10:36:36,$ 3353.28,100
3591,10:36:36,$ 3353.28,100
3592,10:36:36,$ 3353.30,200
3594,10:36:34,$ 3353.55,100
3595,10:36:30,$ 3353.69,"1,000"
3596,10:36:29,$ 3352.46,"1,250"
3597,10:36:28,$ 3353.16,750
3598,10:36:28,$ 3353.37,100
3599,10:36:26,$ 3354.225,100
3600,10:36:25,$ 3354.88,100
3601,10:36:25,$ 3354.81,100
3602,10:36:24,$ 3354.31,100
3603,10:36:24,$ 3354.155,"1,250"
3604,10:36:21,$ 3353.99,400
3605,10:36:21,$ 3353.225,150
3606,10:36:20,$ 3353.155,268
3607,10:36:20,$ 3353.155,100
3608,10:36:19,$ 3353.15,400
3609,10:36:19,$ 3353.00,119
3610,10:36:13,$ 3351.99,150
3611,10:36:12,$ 3352.475,298
3612,10:36:12,$ 3351.99,164
3613,10:36:12,$ 3351.59,164
3615,10:36:12,$ 3352.475,336
3616,10:36:12,$ 3351.49,100
3617,10:36:12,$ 3351.89,100
3618,10:36:12,$ 3351.28,100
3619,10:36:11,$ 3351.00,200
3620,10:36:11,$ 3350.99,100
3621,10:36:10,$ 3350.115,"1,250"
3622,10:36:09,$ 3350.5868,336
3623,10:36:09,$ 3350.5868,298
3624,10:36:09,$ 3350.5868,502
3625,10:35:54,$ 3349.145,"1,250"
3626,10:35:49,$ 3349.98,100
3627,10:35:25,$ 3350.2489,300
3628,10:35:19,$ 3349.34,100
3629,10:35:11,$ 3348.865,200
3630,10:34:55,$ 3349.8678,140
3631,10:34:53,$ 3349.0101,175
3632,10:34:53,$ 3349.06,100
3633,10:34:53,$ 3349.56,100
3634,10:34:53,$ 3349.51,100
3636,10:34:44,$ 3350.71,100
3637,10:34:44,$ 3350.78,100
3638,10:34:42,$ 3350.86,100
3639,10:34:34,$ 3351.54,200
3640,10:34:31,$ 3351.89,100
3641,10:34:31,$ 3351.89,100
3642,10:34:30,$ 3351.89,100
3643,10:34:30,$ 3351.87,100
3644,10:34:25,$ 3350.50,100
3645,10:34:22,$ 3349.9608,"1,250"
3646,10:34:03,$ 3348.8629,100
3647,10:34:02,$ 3350.00,100
3648,10:34:02,$ 3349.21,100
3649,10:33:50,$ 3349.28,100
3650,10:33:50,$ 3348.69,100
3651,10:33:44,$ 3348.54,500
3652,10:33:42,$ 3347.22,300
3653,10:33:27,$ 3348.15,"1,250"
3654,10:33:26,$ 3348.6755,"1,250"
3655,10:32:44,$ 3348.16,100
3657,10:32:25,$ 3350.00,100
3658,10:32:25,$ 3349.99,400
3659,10:32:25,$ 3349.80,100
3660,10:32:25,$ 3349.64,100
3661,10:32:25,$ 3349.64,100
3662,10:32:25,$ 3349.00,100
3663,10:32:25,$ 3348.78,100
3664,10:32:21,$ 3348.26,240
3665,10:32:09,$ 3347.60,100
3666,10:31:50,$ 3347.15,"1,050"
3667,10:31:50,$ 3347.15,200
3668,10:31:49,$ 3347.16,"1,250"
3669,10:31:49,$ 3346.6527,200
3670,10:31:32,$ 3347.46,"1,250"
3671,10:31:25,$ 3348.51,100
3672,10:31:23,$ 3348.0575,400
3673,10:31:21,$ 3348.13,100
3674,10:31:20,$ 3348.555,"1,250"
3675,10:31:06,$ 3348.01,100
3676,10:30:56,$ 3347.1801,100
3678,10:30:51,$ 3348.54,100
3679,10:30:51,$ 3348.54,100
3680,10:30:50,$ 3347.47,100
3681,10:30:49,$ 3347.4511,336
3682,10:30:49,$ 3347.4511,125
3683,10:30:48,$ 3347.99,100
3684,10:30:47,$ 3347.8086,120
3685,10:30:47,$ 3347.8086,"1,130"
3686,10:30:46,$ 3348.51,100
3687,10:30:46,$ 3347.875,"1,250"
3688,10:30:41,$ 3347.8775,400
3689,10:30:40,$ 3348.36,375
3690,10:30:38,$ 3347.62,100
3691,10:30:38,$ 3347.57,131
3692,10:30:31,$ 3347.5501,200
3693,10:30:07,$ 3345.6092,200
3695,11:29:54,$ 3343.025,100
3696,11:29:03,$ 3343.505,100
3697,11:28:56,$ 3344.4442,336
3698,11:28:56,$ 3344.4442,220
3699,11:28:44,$ 3343.00,100
3700,11:28:40,$ 3342.37,100
3701,11:28:19,$ 3341.34,100
3702,11:28:19,$ 3341.35,100
3703,11:28:19,$ 3341.35,100
3704,11:28:17,$ 3340.92,100
3705,11:28:05,$ 3341.37,100
3706,11:28:04,$ 3341.6825,100
3707,11:27:44,$ 3342.1539,200
3708,11:27:42,$ 3341.70,100
3709,11:27:36,$ 3340.95,100
3710,11:26:57,$ 3340.83,100
3711,11:26:45,$ 3340.1901,100
3712,11:25:57,$ 3339.53,100
3713,11:25:52,$ 3339.00,100
3714,11:25:40,$ 3338.48,100
3716,11:25:35,$ 3337.94,200
3717,11:25:16,$ 3338.50,100
3718,11:24:58,$ 3339.00,100
3719,11:24:57,$ 3338.74,100
3720,11:24:57,$ 3338.40,100
3721,11:24:57,$ 3338.74,100
3722,11:24:54,$ 3338.34,100
3723,11:23:50,$ 3338.7381,264
3724,11:23:49,$ 3338.02,100
3725,11:23:19,$ 3338.02,100
3726,11:23:01,$ 3338.23,100
3727,11:23:01,$ 3338.24,100
3728,11:22:46,$ 3338.89,100
3729,11:22:31,$ 3339.2256,100
3730,11:22:29,$ 3339.71,100
3731,11:22:18,$ 3339.00,100
3732,11:22:00,$ 3339.0627,150
3733,11:21:53,$ 3338.96,100
3734,11:21:43,$ 3336.64,100
3735,11:21:09,$ 3339.00,100
3737,11:20:39,$ 3340.265,100
3738,11:20:34,$ 3340.00,100
3739,11:20:34,$ 3340.00,100
3740,11:20:31,$ 3338.8014,100
3741,11:19:53,$ 3338.8283,100
3742,11:19:48,$ 3338.50,100
3743,11:19:26,$ 3339.88,100
3744,11:19:19,$ 3339.83,100
3745,11:19:12,$ 3339.56,100
3746,11:19:07,$ 3340.03,291
3747,11:19:02,$ 3340.88,100
3748,11:18:57,$ 3340.94,100
3749,11:18:53,$ 3340.26,229
3750,11:18:44,$ 3340.225,100
3751,11:18:02,$ 3340.00,100
3752,11:18:02,$ 3339.72,100
3753,11:17:54,$ 3339.7139,100
3754,11:17:34,$ 3338.87,100
3755,11:17:26,$ 3339.44,275
3756,11:17:25,$ 3339.8699,100
3758,11:17:15,$ 3339.7687,100
3759,11:16:52,$ 3339.91,100
3760,11:16:26,$ 3339.28,100
3761,11:16:17,$ 3338.50,100
3762,11:16:02,$ 3337.94,100
3763,11:15:28,$ 3337.49,100
3764,11:15:28,$ 3337.49,100
3765,11:15:27,$ 3337.2828,100
3766,11:15:10,$ 3337.49,229
3767,11:15:02,$ 3337.4081,100
3768,11:14:44,$ 3338.00,100
3769,11:14:33,$ 3339.065,100
3770,11:14:16,$ 3338.4214,100
3771,11:14:14,$ 3339.41,100
3772,11:13:53,$ 3339.925,100
3773,11:13:46,$ 3339.00,102
3774,11:13:46,$ 3339.00,194
3775,11:13:41,$ 3339.01,100
3776,11:13:41,$ 3339.38,100
3777,11:13:13,$ 3340.0767,100
3779,11:13:04,$ 3341.00,100
3780,11:12:05,$ 3341.51,100
3781,11:11:52,$ 3340.605,150
3782,11:11:00,$ 3342.08,100
3783,11:11:00,$ 3341.99,100
3784,11:10:47,$ 3342.98,100
3785,11:10:23,$ 3343.0343,100
3786,11:10:12,$ 3343.62,250
3787,11:09:54,$ 3343.58,100
3788,11:09:36,$ 3341.66,100
3789,11:09:36,$ 3341.66,100
3790,11:08:47,$ 3341.00,115
3791,11:08:47,$ 3341.12,100
3792,11:08:37,$ 3341.00,100
3793,11:08:37,$ 3341.00,155
3794,11:08:37,$ 3341.00,100
3795,11:08:29,$ 3341.00,144
3796,11:08:29,$ 3341.00,178
3797,11:08:28,$ 3341.33,100
3798,11:08:28,$ 3341.33,100
3800,11:07:40,$ 3340.94,100
3801,11:06:28,$ 3340.13,100
3802,11:06:28,$ 3340.00,568
3803,11:06:25,$ 3340.195,100
3804,11:06:15,$ 3339.91,100
3805,11:05:56,$ 3339.01,100
3806,11:05:56,$ 3339.48,200
3807,11:05:28,$ 3341.17,100
3808,11:05:25,$ 3342.20,300
3809,11:05:22,$ 3343.16,100
3810,11:05:06,$ 3342.87,100
3811,11:05:06,$ 3342.98,100
3812,11:04:08,$ 3341.77,100
3813,11:04:07,$ 3342.4581,100
3814,11:03:23,$ 3345.385,150
3815,11:03:21,$ 3345.72,100
3816,11:03:10,$ 3346.625,150
3817,11:03:09,$ 3347.25,100
3818,11:02:47,$ 3344.38,100
3819,11:01:26,$ 3342.1158,300
3821,11:01:10,$ 3342.52,100
3822,11:00:42,$ 3343.245,150
3823,11:00:31,$ 3342.515,106
3825,11:59:29,$ 3341.43,100
3826,11:59:24,$ 3341.16,100
3827,11:58:59,$ 3341.68,100
3828,11:58:59,$ 3341.46,100
3829,11:58:36,$ 3341.50,100
3830,11:58:28,$ 3341.335,100
3831,11:58:22,$ 3341.51,100
3832,11:58:16,$ 3341.33,100
3833,11:58:15,$ 3341.7865,100
3834,11:58:02,$ 3341.4999,100
3835,11:57:47,$ 3340.93,100
3836,11:57:45,$ 3340.2578,100
3837,11:57:34,$ 3340.6749,240
3838,11:57:25,$ 3340.93,100
3839,11:56:16,$ 3340.38,100
3840,11:56:16,$ 3339.84,100
3841,11:56:05,$ 3339.57,700
3842,11:55:28,$ 3339.31,798
3843,11:55:28,$ 3339.40,100
3844,11:55:21,$ 3338.5201,150
3846,11:54:21,$ 3339.56,100
3847,11:52:49,$ 3338.23,100
3848,11:52:48,$ 3338.37,100
3849,11:52:19,$ 3339.78,100
3850,11:51:59,$ 3339.2599,100
3851,11:51:59,$ 3339.26,100
3852,11:51:57,$ 3338.70,100
3853,11:51:57,$ 3338.70,100
3854,11:51:57,$ 3338.72,100
3855,11:51:20,$ 3338.82,100
3856,11:50:59,$ 3338.21,100
3857,11:50:16,$ 3337.58,100
3858,11:49:57,$ 3338.00,191
3859,11:49:12,$ 3339.17,100
3860,11:49:12,$ 3339.16,100
3861,11:48:49,$ 3339.50,100
3862,11:48:22,$ 3337.93,100
3863,11:46:52,$ 3338.27,100
3864,11:46:39,$ 3338.24,100
3865,11:45:39,$ 3339.02,100
3867,11:45:27,$ 3340.00,100
3868,11:45:25,$ 3340.42,100
3869,11:44:18,$ 3337.48,119
3870,11:44:18,$ 3337.48,100
3871,11:43:41,$ 3336.06,100
3872,11:43:38,$ 3336.77,109
3873,11:43:19,$ 3337.48,100
3874,11:43:17,$ 3337.48,124
3875,11:43:17,$ 3337.48,200
3876,11:43:17,$ 3337.48,162
3877,11:43:17,$ 3337.48,100
3878,11:43:07,$ 3337.68,100
3879,11:43:07,$ 3336.80,100
3880,11:42:45,$ 3338.05,100
3881,11:42:38,$ 3338.94,100
3882,11:42:38,$ 3339.0538,802
3883,11:42:29,$ 3338.08,100
3884,11:42:04,$ 3338.20,100
3885,11:42:04,$ 3338.20,100
3886,11:41:49,$ 3337.40,100
3888,11:41:49,$ 3337.51,100
3889,11:41:04,$ 3337.87,100
3890,11:41:01,$ 3337.65,100
3891,11:41:01,$ 3337.71,100
3892,11:41:00,$ 3337.6501,100
3893,11:40:59,$ 3338.44,100
3894,11:40:45,$ 3338.79,175
3895,11:40:26,$ 3338.49,119
3896,11:40:15,$ 3339.35,100
3897,11:40:15,$ 3339.18,323
3898,11:40:15,$ 3339.18,102
3899,11:40:15,$ 3339.22,100
3900,11:40:15,$ 3339.35,100
3901,11:40:15,$ 3339.35,100
3902,11:39:46,$ 3339.24,100
3903,11:39:43,$ 3339.00,100
3904,11:39:35,$ 3339.00,120
3905,11:39:10,$ 3339.6212,100
3906,11:38:59,$ 3340.485,100
3907,11:38:55,$ 3340.50,100
3909,11:38:50,$ 3341.1309,100
3910,11:37:39,$ 3340.46,100
3911,11:37:31,$ 3340.38,100
3912,11:37:31,$ 3341.36,100
3913,11:36:53,$ 3341.01,100
3914,11:36:01,$ 3341.18,100
3915,11:35:53,$ 3341.0829,240
3916,11:35:50,$ 3341.63,100
3917,11:35:32,$ 3342.7164,240
3918,11:35:31,$ 3343.711,100
3919,11:35:15,$ 3343.10,100
3920,11:35:15,$ 3342.30,100
3921,11:35:15,$ 3342.28,100
3922,11:34:54,$ 3342.42,100
