,NLS Time (ET),NLS Price,NLS Share Volume
1,09:59:52,$ 3514.94,132
2,09:59:51,$ 3515.89,100
3,09:59:49,$ 3515.455,100
4,09:59:40,$ 3515.52,100
5,09:59:32,$ 3514.99,100
6,09:59:27,$ 3515.38,100
7,09:59:22,$ 3515.14,100
8,09:59:22,$ 3515.01,100
9,09:59:22,$ 3515.01,100
10,09:59:22,$ 3514.96,100
11,09:59:21,$ 3515.48,800
12,09:59:19,$ 3515.455,200
13,09:59:19,$ 3515.99,100
14,09:59:18,$ 3515.3775,100
15,09:59:18,$ 3515.325,100
16,09:59:18,$ 3515.3625,100
17,09:59:12,$ 3515.65,100
18,09:59:11,$ 3515.785,100
19,09:59:09,$ 3515.73,100
20,09:59:07,$ 3514.89,100
22,09:58:58,$ 3514.76,200
23,09:58:58,$ 3514.765,200
24,09:58:58,$ 3514.76,100
25,09:58:58,$ 3514.76,100
26,09:58:57,$ 3515.435,300
27,09:58:57,$ 3515.44,200
28,09:58:53,$ 3515.24,100
29,09:58:52,$ 3516.06,100
30,09:58:50,$ 3515.91,100
31,09:58:50,$ 3515.86,100
32,09:58:49,$ 3516.00,199
33,09:58:49,$ 3516.00,100
34,09:58:49,$ 3516.00,280
35,09:58:49,$ 3516.00,101
36,09:58:47,$ 3514.775,100
37,09:58:43,$ 3514.71,100
38,09:58:43,$ 3514.80,100
39,09:58:40,$ 3513.79,100
40,09:58:40,$ 3514.445,100
41,09:58:35,$ 3513.48,100
43,09:58:26,$ 3514.72,100
44,09:58:26,$ 3514.72,100
45,09:58:25,$ 3514.40,100
46,09:58:22,$ 3514.24,100
47,09:58:22,$ 3514.00,100
48,09:58:22,$ 3513.85,100
49,09:58:22,$ 3513.89,157
50,09:58:21,$ 3513.58,100
51,09:58:21,$ 3513.58,100
52,09:58:21,$ 3513.58,100
53,09:58:20,$ 3513.035,100
54,09:58:19,$ 3513.58,100
55,09:58:19,$ 3513.57,400
56,09:58:19,$ 3513.43,400
57,09:58:19,$ 3513.43,200
58,09:58:19,$ 3513.42,100
59,09:58:19,$ 3513.43,200
60,09:58:19,$ 3513.42,399
61,09:58:09,$ 3513.58,100
62,09:58:09,$ 3513.63,124
64,09:57:54,$ 3512.80,100
65,09:57:54,$ 3513.21,100
66,09:57:51,$ 3512.81,100
67,09:57:23,$ 3514.00,185
68,09:57:23,$ 3514.00,100
69,09:57:21,$ 3514.00,100
70,09:57:20,$ 3513.59,100
71,09:57:17,$ 3513.07,100
72,09:57:12,$ 3513.59,100
73,09:57:08,$ 3512.74,100
74,09:57:06,$ 3513.23,100
75,09:57:05,$ 3512.74,100
76,09:56:58,$ 3512.78,100
77,09:56:51,$ 3512.77,100
78,09:56:51,$ 3512.77,100
79,09:56:51,$ 3512.75,100
80,09:56:51,$ 3512.73,100
81,09:56:49,$ 3512.41,100
82,09:56:49,$ 3511.97,100
83,09:56:46,$ 3512.75,100
85,09:56:45,$ 3512.77,100
86,09:56:45,$ 3512.61,100
87,09:56:45,$ 3512.00,200
88,09:56:45,$ 3512.00,100
89,09:56:45,$ 3512.00,100
90,09:56:45,$ 3512.00,100
91,09:56:45,$ 3512.00,100
92,09:56:45,$ 3511.98,110
93,09:56:45,$ 3512.00,100
94,09:56:45,$ 3512.00,101
95,09:56:44,$ 3511.96,100
96,09:56:44,$ 3511.87,100
97,09:56:36,$ 3511.74,100
98,09:56:33,$ 3512.32,200
99,09:56:33,$ 3511.92,100
100,09:56:26,$ 3512.00,200
101,09:56:26,$ 3511.56,100
102,09:56:25,$ 3510.85,100
103,09:56:18,$ 3510.97,100
104,09:56:18,$ 3510.83,100
106,09:56:14,$ 3511.14,100
107,09:56:12,$ 3510.79,"1,000"
108,09:56:12,$ 3511.006,100
109,09:56:08,$ 3510.90,100
110,09:56:03,$ 3510.3845,300
111,09:56:03,$ 3510.255,100
112,09:56:01,$ 3510.49,100
113,09:55:59,$ 3510.00,100
114,09:55:59,$ 3510.00,124
115,09:55:57,$ 3509.99,100
116,09:55:57,$ 3508.70,100
117,09:55:57,$ 3509.06,100
118,09:55:57,$ 3509.06,100
119,09:55:57,$ 3508.98,100
120,09:55:57,$ 3508.94,100
121,09:55:57,$ 3508.97,100
122,09:55:57,$ 3508.61,100
123,09:55:57,$ 3508.64,191
124,09:55:55,$ 3507.31,100
125,09:55:49,$ 3507.825,"1,000"
127,09:55:44,$ 3507.78,100
128,09:55:42,$ 3507.60,100
129,09:55:37,$ 3506.60,100
130,09:55:36,$ 3506.675,100
131,09:55:35,$ 3506.675,100
132,09:55:34,$ 3506.425,100
133,09:55:33,$ 3506.15,100
134,09:55:31,$ 3506.15,100
135,09:55:28,$ 3505.30,100
136,09:55:27,$ 3505.69,200
137,09:55:26,$ 3505.38,100
138,09:55:26,$ 3505.50,100
139,09:55:26,$ 3505.56,207
140,09:55:24,$ 3506.655,100
141,09:55:18,$ 3507.07,100
142,09:55:18,$ 3507.07,100
143,09:55:16,$ 3506.00,400
144,09:55:11,$ 3505.55,100
145,09:55:10,$ 3506.34,100
146,09:55:09,$ 3506.33,100
148,09:55:02,$ 3506.24,100
149,09:55:02,$ 3506.23,100
150,09:55:02,$ 3506.80,100
151,09:55:02,$ 3506.80,100
152,09:55:02,$ 3506.82,131
153,09:55:02,$ 3506.83,115
154,09:55:02,$ 3506.68,100
155,09:54:53,$ 3505.47,100
156,09:54:53,$ 3505.405,100
157,09:54:52,$ 3505.38,100
158,09:54:51,$ 3505.67,157
159,09:54:50,$ 3505.77,100
160,09:54:50,$ 3505.77,120
161,09:54:50,$ 3505.80,100
162,09:54:50,$ 3505.77,100
163,09:54:49,$ 3506.43,100
164,09:54:49,$ 3506.43,200
165,09:54:49,$ 3506.33,100
166,09:54:49,$ 3506.15,100
167,09:54:49,$ 3506.13,100
169,09:54:49,$ 3507.54,100
170,09:54:48,$ 3506.865,100
171,09:54:45,$ 3507.08,100
172,09:54:42,$ 3507.27,100
173,09:54:38,$ 3507.78,500
174,09:54:25,$ 3508.00,100
175,09:54:25,$ 3508.00,100
176,09:54:25,$ 3508.00,100
177,09:54:25,$ 3508.00,100
178,09:54:25,$ 3508.00,100
179,09:54:25,$ 3508.00,120
180,09:54:25,$ 3508.00,100
181,09:54:25,$ 3507.93,100
182,09:54:23,$ 3507.61,100
183,09:54:21,$ 3507.12,100
184,09:54:21,$ 3507.165,100
185,09:54:21,$ 3507.33,100
186,09:54:20,$ 3507.70,100
187,09:54:18,$ 3508.00,100
188,09:54:15,$ 3508.59,100
190,09:54:15,$ 3508.64,100
191,09:54:15,$ 3509.05,100
192,09:54:13,$ 3509.00,100
193,09:54:13,$ 3508.60,100
194,09:54:13,$ 3509.00,100
195,09:54:13,$ 3509.00,100
196,09:54:13,$ 3509.01,100
197,09:54:13,$ 3509.00,100
198,09:54:05,$ 3509.855,100
199,09:54:02,$ 3511.40,100
200,09:53:54,$ 3511.5489,100
201,09:53:52,$ 3511.00,245
202,09:53:52,$ 3510.02,100
203,09:53:52,$ 3510.31,100
204,09:53:52,$ 3509.84,100
205,09:53:52,$ 3510.40,100
206,09:53:52,$ 3509.98,100
207,09:53:50,$ 3509.21,100
208,09:53:50,$ 3509.265,100
209,09:53:48,$ 3510.01,100
211,09:53:45,$ 3510.46,100
212,09:53:45,$ 3510.35,100
213,09:53:44,$ 3510.00,100
214,09:53:44,$ 3510.10,100
215,09:53:40,$ 3511.31,100
216,09:53:38,$ 3510.84,100
217,09:53:37,$ 3511.36,100
218,09:53:37,$ 3511.00,200
219,09:53:37,$ 3511.30,100
220,09:53:37,$ 3511.36,100
221,09:53:15,$ 3512.335,100
222,09:53:07,$ 3515.865,100
223,09:53:04,$ 3515.00,100
224,09:52:56,$ 3514.53,100
225,09:52:54,$ 3514.52,100
226,09:52:37,$ 3512.635,100
227,09:52:30,$ 3514.325,100
228,09:52:08,$ 3515.64,100
229,09:52:06,$ 3515.77,100
230,09:52:00,$ 3515.72,104
232,09:51:58,$ 3515.532,100
233,09:51:50,$ 3514.29,100
234,09:51:49,$ 3514.97,100
235,09:51:49,$ 3514.97,100
236,09:51:49,$ 3514.60,100
237,09:51:49,$ 3514.97,100
238,09:51:43,$ 3514.66,100
239,09:51:43,$ 3515.03,100
240,09:51:43,$ 3514.66,100
241,09:51:42,$ 3514.946,100
242,09:51:39,$ 3514.51,100
243,09:51:39,$ 3514.52,100
244,09:51:33,$ 3514.84,100
245,09:51:32,$ 3515.50,300
246,09:51:18,$ 3514.97,100
247,09:51:14,$ 3515.89,100
248,09:51:14,$ 3515.92,100
249,09:51:14,$ 3516.00,100
250,09:51:09,$ 3515.58,100
251,09:51:02,$ 3516.00,100
253,09:51:02,$ 3516.00,100
254,09:51:01,$ 3515.00,198
255,09:51:01,$ 3513.92,100
256,09:51:01,$ 3513.92,100
257,09:51:01,$ 3514.24,100
258,09:50:43,$ 3513.77,100
259,09:50:39,$ 3513.04,100
260,09:50:28,$ 3512.59,100
261,09:50:28,$ 3512.70,100
262,09:50:28,$ 3512.70,100
263,09:50:28,$ 3512.70,100
264,09:50:25,$ 3511.49,100
265,09:50:23,$ 3511.98,100
266,09:50:20,$ 3512.53,100
267,09:50:14,$ 3512.41,189
268,09:50:10,$ 3512.98,100
269,09:50:03,$ 3512.89,100
270,09:49:54,$ 3514.04,100
271,09:49:40,$ 3515.37,222
272,09:49:39,$ 3514.32,100
274,09:49:39,$ 3514.76,100
275,09:49:36,$ 3513.76,129
276,09:49:36,$ 3514.75,400
277,09:49:31,$ 3514.44,100
278,09:49:25,$ 3513.7765,200
279,09:49:23,$ 3513.11,100
280,09:49:23,$ 3514.40,100
281,09:49:23,$ 3514.00,100
282,09:49:23,$ 3514.00,108
283,09:49:13,$ 3513.97,100
284,09:49:12,$ 3513.27,100
285,09:49:09,$ 3514.18,100
286,09:49:08,$ 3514.31,100
287,09:49:08,$ 3514.00,100
288,09:49:08,$ 3514.15,100
289,09:49:03,$ 3513.02,100
290,09:49:00,$ 3512.17,100
291,09:49:00,$ 3512.17,100
292,09:48:58,$ 3511.6698,100
293,09:48:58,$ 3511.67,100
295,09:48:58,$ 3511.65,100
296,09:48:57,$ 3511.04,100
297,09:48:55,$ 3511.165,100
298,09:48:55,$ 3511.45,100
299,09:48:54,$ 3510.35,150
300,09:48:53,$ 3510.68,100
301,09:48:53,$ 3510.72,100
302,09:48:53,$ 3510.67,100
303,09:48:52,$ 3510.42,100
304,09:48:47,$ 3510.00,300
305,09:48:39,$ 3510.24,100
306,09:48:37,$ 3509.86,119
307,09:48:35,$ 3510.01,100
308,09:48:35,$ 3510.12,100
309,09:48:35,$ 3510.71,100
310,09:48:34,$ 3510.74,100
311,09:48:34,$ 3510.74,100
312,09:48:34,$ 3510.73,100
313,09:48:27,$ 3511.22,191
314,09:48:24,$ 3510.00,100
316,09:48:24,$ 3510.095,100
317,09:48:22,$ 3509.90,200
318,09:48:22,$ 3510.02,100
319,09:48:18,$ 3510.02,100
320,09:48:11,$ 3510.00,100
321,09:48:04,$ 3509.84,100
322,09:48:04,$ 3510.00,100
323,09:48:04,$ 3509.91,100
324,09:48:04,$ 3509.92,100
325,09:48:04,$ 3509.99,100
326,09:47:59,$ 3508.7225,100
327,09:47:52,$ 3507.815,250
328,09:47:50,$ 3507.68,100
329,09:47:50,$ 3507.68,100
330,09:47:48,$ 3508.3399,100
331,09:47:43,$ 3507.025,100
332,09:47:43,$ 3507.46,100
333,09:47:43,$ 3507.36,100
334,09:47:43,$ 3507.35,282
335,09:47:41,$ 3506.085,100
337,09:47:37,$ 3506.50,100
338,09:47:36,$ 3506.565,100
339,09:47:36,$ 3507.41,100
340,09:47:34,$ 3507.14,100
341,09:47:34,$ 3507.16,100
342,09:47:33,$ 3505.635,100
343,09:47:25,$ 3505.86,100
344,09:47:23,$ 3506.95,100
345,09:47:22,$ 3507.065,100
346,09:47:22,$ 3507.27,100
347,09:47:22,$ 3507.3375,100
348,09:47:22,$ 3507.00,100
349,09:47:21,$ 3507.3375,100
350,09:47:20,$ 3507.34,100
351,09:47:19,$ 3507.68,100
352,09:47:19,$ 3508.3499,500
353,09:47:19,$ 3507.96,100
354,09:47:19,$ 3507.675,100
355,09:47:19,$ 3507.75,100
356,09:47:18,$ 3509.3999,"1,000"
358,09:47:17,$ 3509.1939,140
359,09:47:12,$ 3508.00,100
360,09:47:12,$ 3509.40,100
361,09:47:12,$ 3508.70,100
362,09:47:11,$ 3508.335,100
363,09:47:11,$ 3509.44,100
364,09:47:10,$ 3509.695,100
365,09:47:10,$ 3510.04,100
366,09:47:10,$ 3510.13,100
367,09:47:09,$ 3510.10,100
368,09:47:09,$ 3509.86,100
369,09:47:09,$ 3510.45,100
370,09:47:00,$ 3510.525,100
371,09:46:57,$ 3510.72,100
372,09:46:55,$ 3511.91,222
373,09:46:54,$ 3510.58,100
374,09:46:54,$ 3511.12,100
375,09:46:44,$ 3510.00,105
376,09:46:44,$ 3510.10,100
377,09:46:44,$ 3510.00,205
379,09:46:41,$ 3511.33,100
380,09:46:38,$ 3511.2192,100
381,09:46:36,$ 3510.2001,100
382,09:46:11,$ 3511.17,100
383,09:46:11,$ 3511.20,100
384,09:46:11,$ 3511.00,100
385,09:46:10,$ 3511.36,100
386,09:46:07,$ 3511.70,380
387,09:45:44,$ 3512.485,124
388,09:45:44,$ 3513.47,124
389,09:45:42,$ 3512.3818,258
390,09:45:36,$ 3513.8871,106
391,09:45:28,$ 3511.69,100
392,09:45:28,$ 3511.46,100
393,09:45:28,$ 3512.15,100
394,09:45:28,$ 3512.10,100
395,09:45:26,$ 3512.54,100
396,09:45:26,$ 3512.82,111
397,09:45:13,$ 3512.82,100
398,09:45:09,$ 3514.79,100
400,09:45:06,$ 3514.505,100
401,09:45:01,$ 3515.50,300
402,09:45:01,$ 3515.62,100
403,09:45:01,$ 3515.48,100
404,09:45:01,$ 3515.48,100
405,09:45:01,$ 3515.47,399
406,09:44:51,$ 3514.41,100
407,09:44:51,$ 3514.51,100
408,09:44:46,$ 3515.4805,100
409,09:44:46,$ 3514.805,200
410,09:44:46,$ 3515.49,100
411,09:44:43,$ 3514.80,100
412,09:44:43,$ 3515.00,100
413,09:44:42,$ 3514.475,200
414,09:44:41,$ 3514.135,100
415,09:44:39,$ 3514.10,100
416,09:44:39,$ 3514.10,100
417,09:44:38,$ 3513.95,100
418,09:44:35,$ 3513.60,100
419,09:44:35,$ 3513.89,100
421,09:44:34,$ 3513.95,131
422,09:44:33,$ 3513.70,100
423,09:44:33,$ 3512.975,100
424,09:44:33,$ 3512.975,100
425,09:44:33,$ 3513.70,100
426,09:44:33,$ 3513.55,100
427,09:44:25,$ 3514.8699,200
428,09:44:17,$ 3514.16,100
429,09:44:17,$ 3513.65,200
430,09:44:17,$ 3513.65,100
431,09:44:16,$ 3514.45,"1,088"
432,09:44:03,$ 3512.125,100
433,09:44:03,$ 3512.4475,100
434,09:44:03,$ 3512.20,100
435,09:44:03,$ 3512.69,199
436,09:44:03,$ 3512.69,100
437,09:43:47,$ 3511.74,100
438,09:43:47,$ 3511.87,100
439,09:43:47,$ 3510.835,100
440,09:43:40,$ 3511.715,100
442,09:43:40,$ 3511.59,100
443,09:43:34,$ 3511.64,100
444,09:43:31,$ 3512.1712,150
445,09:43:30,$ 3512.105,100
446,09:43:27,$ 3512.30,100
447,09:43:27,$ 3512.24,100
448,09:43:24,$ 3513.39,150
449,09:43:23,$ 3512.4425,100
450,09:43:23,$ 3512.98,100
451,09:43:23,$ 3512.315,300
452,09:43:15,$ 3511.52,100
453,09:43:11,$ 3510.8125,100
454,09:43:01,$ 3511.00,100
455,09:42:50,$ 3511.25,100
456,09:42:45,$ 3511.10,100
457,09:42:42,$ 3510.705,100
458,09:42:42,$ 3510.705,100
459,09:42:36,$ 3512.045,122
460,09:42:33,$ 3511.0901,200
461,09:42:30,$ 3512.49,185
463,09:42:27,$ 3512.22,100
464,09:42:27,$ 3512.22,100
465,09:42:27,$ 3512.134,100
466,09:42:27,$ 3512.216,100
467,09:42:27,$ 3512.20,100
468,09:42:27,$ 3511.275,230
469,09:42:27,$ 3512.00,100
470,09:42:25,$ 3511.42,100
471,09:42:19,$ 3510.66,100
472,09:42:19,$ 3510.66,100
473,09:42:19,$ 3510.655,100
474,09:42:19,$ 3511.33,200
475,09:42:18,$ 3511.28,100
476,09:42:18,$ 3511.10,108
477,09:42:17,$ 3510.31,100
478,09:42:16,$ 3509.645,100
479,09:42:12,$ 3510.00,100
480,09:42:12,$ 3509.54,100
481,09:42:07,$ 3510.48,100
482,09:42:07,$ 3510.34,127
484,09:42:07,$ 3510.515,100
485,09:42:07,$ 3510.515,100
486,09:42:04,$ 3509.975,100
487,09:42:04,$ 3509.965,100
488,09:42:03,$ 3511.05,100
489,09:42:02,$ 3510.54,100
490,09:42:02,$ 3510.54,200
491,09:42:00,$ 3510.00,100
492,09:42:00,$ 3510.00,100
493,09:42:00,$ 3510.10,100
494,09:41:57,$ 3510.91,100
495,09:41:57,$ 3511.055,100
496,09:41:57,$ 3511.16,100
497,09:41:57,$ 3511.16,100
498,09:41:54,$ 3511.00,100
499,09:41:54,$ 3511.00,100
500,09:41:54,$ 3511.20,100
501,09:41:54,$ 3511.23,100
502,09:41:54,$ 3511.26,100
503,09:41:46,$ 3512.15,100
505,09:41:45,$ 3511.85,300
506,09:41:45,$ 3512.24,100
507,09:41:43,$ 3512.15,100
508,09:41:30,$ 3511.40,100
509,09:41:30,$ 3512.01,100
510,09:41:27,$ 3511.29,100
511,09:41:24,$ 3511.70,100
512,09:41:22,$ 3511.34,200
513,09:41:20,$ 3511.59,108
514,09:41:20,$ 3511.59,100
515,09:41:20,$ 3511.345,100
516,09:41:12,$ 3510.935,200
517,09:41:12,$ 3510.935,200
518,09:41:07,$ 3510.765,100
519,09:41:07,$ 3510.645,200
520,09:41:07,$ 3510.645,300
521,09:41:07,$ 3511.14,100
522,09:41:07,$ 3511.14,100
523,09:41:07,$ 3510.80,100
524,09:41:06,$ 3511.32,124
526,09:41:05,$ 3510.51,100
527,09:41:05,$ 3510.01,163
528,09:41:05,$ 3510.645,100
529,09:41:01,$ 3510.21,100
530,09:40:58,$ 3511.3499,100
531,09:40:57,$ 3511.00,100
532,09:40:53,$ 3510.645,100
533,09:40:50,$ 3510.65,800
534,09:40:49,$ 3510.645,100
535,09:40:49,$ 3510.91,100
536,09:40:49,$ 3510.96,100
537,09:40:47,$ 3509.22,100
538,09:40:47,$ 3510.7629,100
539,09:40:46,$ 3508.5518,800
540,09:40:44,$ 3507.73,100
541,09:40:44,$ 3507.72,100
542,09:40:44,$ 3508.385,100
543,09:40:44,$ 3507.735,100
544,09:40:44,$ 3507.71,100
545,09:40:44,$ 3509.05,100
547,09:40:42,$ 3510.18,100
548,09:40:41,$ 3510.14,100
549,09:40:41,$ 3510.14,100
550,09:40:41,$ 3510.14,100
551,09:40:40,$ 3510.16,100
552,09:40:40,$ 3510.195,100
553,09:40:36,$ 3511.00,200
554,09:40:30,$ 3510.67,100
555,09:40:29,$ 3512.04,100
556,09:40:28,$ 3511.525,100
557,09:40:27,$ 3512.71,100
558,09:40:23,$ 3512.64,100
559,09:40:22,$ 3512.69,100
560,09:40:18,$ 3513.205,100
561,09:40:06,$ 3513.195,100
562,09:40:00,$ 3513.50,100
563,09:40:00,$ 3513.50,500
564,09:40:00,$ 3513.50,100
565,09:40:00,$ 3513.88,150
566,09:40:00,$ 3514.00,100
568,09:39:56,$ 3515.56,100
569,09:39:56,$ 3515.56,100
570,09:39:44,$ 3516.7993,200
571,09:39:39,$ 3516.265,100
572,09:39:36,$ 3515.49,100
573,09:39:33,$ 3515.475,100
574,09:39:33,$ 3515.47,100
575,09:39:33,$ 3515.48,100
576,09:39:33,$ 3515.42,100
577,09:39:28,$ 3514.645,100
578,09:39:28,$ 3514.645,100
579,09:39:19,$ 3512.89,142
580,09:39:18,$ 3512.86,100
581,09:39:17,$ 3512.54,100
582,09:39:16,$ 3512.48,109
583,09:39:16,$ 3512.49,100
584,09:39:16,$ 3511.76,100
585,09:39:16,$ 3511.96,100
586,09:39:16,$ 3512.02,100
587,09:39:14,$ 3512.2313,243
589,09:39:11,$ 3512.4899,200
590,09:39:11,$ 3510.78,100
591,09:39:11,$ 3510.78,222
592,09:39:11,$ 3510.78,220
593,09:39:11,$ 3510.78,110
594,09:39:11,$ 3510.78,335
595,09:38:56,$ 3512.02,100
596,09:38:54,$ 3511.90,100
597,09:38:54,$ 3511.99,100
598,09:38:54,$ 3512.02,100
599,09:38:53,$ 3510.86,100
600,09:38:53,$ 3510.985,100
601,09:38:50,$ 3511.8207,190
602,09:38:49,$ 3511.956,100
603,09:38:49,$ 3511.105,400
604,09:38:49,$ 3511.938,100
605,09:38:49,$ 3511.751,150
606,09:38:49,$ 3511.105,100
607,09:38:49,$ 3510.984,100
608,09:38:49,$ 3511.105,100
610,09:38:49,$ 3510.45,100
611,09:38:45,$ 3510.02,100
612,09:38:45,$ 3510.23,100
613,09:38:44,$ 3510.025,100
614,09:38:44,$ 3510.01,100
615,09:38:44,$ 3510.25,100
616,09:38:44,$ 3511.62,100
617,09:38:44,$ 3511.795,100
618,09:38:44,$ 3511.00,152
619,09:38:44,$ 3511.00,148
620,09:38:44,$ 3512.02,100
621,09:38:44,$ 3511.62,100
622,09:38:40,$ 3512.15,100
623,09:38:37,$ 3512.175,100
624,09:38:37,$ 3512.34,100
625,09:38:31,$ 3512.25,100
626,09:38:17,$ 3513.33,100
627,09:38:14,$ 3513.425,100
628,09:38:12,$ 3513.595,100
629,09:38:09,$ 3512.535,100
631,09:38:09,$ 3512.9447,100
632,09:38:09,$ 3512.88,100
633,09:38:09,$ 3514.00,100
634,09:38:09,$ 3514.00,100
635,09:38:09,$ 3514.15,100
636,09:38:09,$ 3514.10,100
637,09:38:04,$ 3514.79,250
638,09:37:55,$ 3515.00,100
639,09:37:55,$ 3515.00,165
640,09:37:55,$ 3515.0101,200
641,09:37:53,$ 3515.665,100
642,09:37:52,$ 3516.32,222
643,09:37:52,$ 3516.01,100
644,09:37:51,$ 3517.00,100
645,09:37:46,$ 3517.45,100
646,09:37:42,$ 3516.74,100
647,09:37:40,$ 3517.33,100
648,09:37:36,$ 3515.86,100
649,09:37:34,$ 3516.67,"1,000"
650,09:37:32,$ 3516.07,100
652,09:37:29,$ 3517.00,100
653,09:37:28,$ 3516.19,100
654,09:37:25,$ 3516.705,300
655,09:37:23,$ 3517.63,100
656,09:37:23,$ 3517.96,100
657,09:37:23,$ 3517.95,100
658,09:37:21,$ 3516.91,100
659,09:37:21,$ 3516.965,100
660,09:37:21,$ 3516.475,100
661,09:37:15,$ 3517.705,100
662,09:37:15,$ 3517.725,100
663,09:37:14,$ 3517.74,184
664,09:37:14,$ 3516.875,100
665,09:37:09,$ 3516.045,100
666,09:37:09,$ 3516.015,100
667,09:37:08,$ 3517.41,100
668,09:37:06,$ 3517.385,100
669,09:37:06,$ 3517.415,100
670,09:37:06,$ 3517.60,100
671,09:37:05,$ 3517.978,100
673,09:37:05,$ 3518.00,109
674,09:37:05,$ 3517.989,104
675,09:37:05,$ 3517.07,100
676,09:37:03,$ 3515.84,100
677,09:37:03,$ 3515.43,100
678,09:37:02,$ 3514.43,100
679,09:37:00,$ 3515.14,100
680,09:37:00,$ 3515.22,100
681,09:37:00,$ 3515.22,100
682,09:37:00,$ 3514.41,100
683,09:37:00,$ 3514.39,100
684,09:36:58,$ 3513.215,100
685,09:36:55,$ 3515.4199,500
686,09:36:54,$ 3513.835,100
687,09:36:54,$ 3513.835,100
688,09:36:49,$ 3513.5001,100
689,09:36:49,$ 3515.06,100
690,09:36:47,$ 3515.50,100
691,09:36:47,$ 3516.595,100
692,09:36:47,$ 3516.00,200
694,09:36:43,$ 3516.825,100
695,09:36:39,$ 3517.7142,106
696,09:36:39,$ 3517.52,100
697,09:36:37,$ 3518.14,100
698,09:36:31,$ 3518.27,100
699,09:36:31,$ 3518.27,100
700,09:36:27,$ 3519.8215,100
701,09:36:24,$ 3519.265,100
702,09:36:19,$ 3518.55,100
703,09:36:19,$ 3519.61,100
704,09:36:19,$ 3519.61,100
705,09:36:09,$ 3519.00,100
706,09:36:06,$ 3519.58,100
707,09:36:05,$ 3520.00,100
708,09:36:03,$ 3519.77,100
709,09:36:03,$ 3519.34,100
710,09:36:03,$ 3519.34,100
711,09:36:03,$ 3519.34,100
712,09:36:03,$ 3519.34,100
713,09:36:01,$ 3519.655,100
715,09:36:01,$ 3520.005,100
716,09:36:01,$ 3520.00,100
717,09:36:01,$ 3520.00,"1,998"
718,09:36:01,$ 3520.00,100
719,09:36:01,$ 3520.00,100
720,09:36:01,$ 3520.00,400
721,09:36:01,$ 3520.00,100
722,09:36:01,$ 3520.00,200
723,09:36:01,$ 3520.00,100
724,09:36:01,$ 3520.00,150
725,09:36:01,$ 3520.00,100
726,09:36:01,$ 3520.00,"1,000"
727,09:36:01,$ 3520.00,100
728,09:36:01,$ 3520.00,100
729,09:36:01,$ 3520.00,100
730,09:36:01,$ 3519.44,100
731,09:36:01,$ 3519.44,100
732,09:36:00,$ 3519.05,100
733,09:36:00,$ 3519.00,100
734,09:35:59,$ 3518.4995,371
736,09:35:59,$ 3518.4995,119
737,09:35:59,$ 3518.4995,110
738,09:35:54,$ 3517.615,100
739,09:35:54,$ 3518.185,150
740,09:35:54,$ 3518.435,100
741,09:35:54,$ 3518.185,100
742,09:35:47,$ 3517.725,100
743,09:35:44,$ 3518.00,100
744,09:35:37,$ 3518.085,100
745,09:35:37,$ 3519.05,100
746,09:35:37,$ 3519.00,100
747,09:35:37,$ 3519.00,100
748,09:35:37,$ 3518.55,100
749,09:35:37,$ 3518.3596,"1,000"
750,09:35:34,$ 3518.0645,250
751,09:35:30,$ 3518.545,100
752,09:35:30,$ 3518.00,100
753,09:35:30,$ 3518.00,100
754,09:35:30,$ 3518.535,100
755,09:35:27,$ 3518.995,500
757,09:35:27,$ 3518.795,100
758,09:35:27,$ 3518.09,143
759,09:35:27,$ 3518.797,284
760,09:35:27,$ 3519.40,100
761,09:35:25,$ 3519.00,100
762,09:35:25,$ 3519.00,100
763,09:35:25,$ 3518.83,100
764,09:35:23,$ 3518.35,100
765,09:35:22,$ 3517.49,100
766,09:35:22,$ 3517.49,100
767,09:35:22,$ 3517.44,100
768,09:35:22,$ 3517.44,100
769,09:35:16,$ 3516.875,100
770,09:35:15,$ 3516.6342,257
771,09:35:12,$ 3517.1547,100
772,09:35:10,$ 3517.44,100
773,09:35:09,$ 3516.975,100
774,09:35:08,$ 3516.945,100
775,09:35:08,$ 3517.245,100
776,09:35:08,$ 3517.155,100
778,09:35:08,$ 3517.451,250
779,09:35:07,$ 3517.97,100
780,09:35:03,$ 3516.88,100
781,09:35:01,$ 3516.1611,480
782,09:34:58,$ 3516.235,100
783,09:34:58,$ 3516.88,100
784,09:34:58,$ 3516.69,100
785,09:34:58,$ 3516.235,100
786,09:34:48,$ 3515.58,100
787,09:34:48,$ 3516.1084,300
788,09:34:43,$ 3515.7861,300
789,09:34:42,$ 3516.89,100
790,09:34:41,$ 3517.1075,100
791,09:34:40,$ 3517.45,100
792,09:34:38,$ 3517.00,176
793,09:34:38,$ 3516.65,100
794,09:34:38,$ 3516.97,100
795,09:34:38,$ 3516.98,100
796,09:34:38,$ 3516.98,100
797,09:34:36,$ 3516.50,100
799,09:34:36,$ 3515.52,100
800,09:34:36,$ 3514.78,100
801,09:34:36,$ 3514.91,500
802,09:34:36,$ 3515.00,267
803,09:34:35,$ 3514.70,100
804,09:34:33,$ 3514.78,100
805,09:34:31,$ 3512.7689,500
806,09:34:26,$ 3512.94,200
807,09:34:24,$ 3512.93,100
808,09:34:24,$ 3512.94,182
809,09:34:23,$ 3511.955,100
810,09:34:23,$ 3511.2525,100
811,09:34:23,$ 3512.59,100
812,09:34:23,$ 3512.28,100
813,09:34:22,$ 3511.385,100
814,09:34:22,$ 3511.145,100
815,09:34:22,$ 3512.26,100
816,09:34:22,$ 3511.76,100
817,09:34:22,$ 3512.28,100
818,09:34:21,$ 3513.49,100
820,09:34:21,$ 3512.575,100
821,09:34:21,$ 3512.415,100
822,09:34:20,$ 3512.595,100
823,09:34:20,$ 3512.3072,428
824,09:34:20,$ 3513.64,100
825,09:34:18,$ 3512.62,100
826,09:34:17,$ 3514.9999,100
827,09:34:16,$ 3514.5481,100
828,09:34:13,$ 3512.45,100
829,09:34:11,$ 3514.43,100
830,09:34:10,$ 3514.00,100
831,09:34:10,$ 3514.00,100
832,09:34:10,$ 3513.995,100
833,09:34:10,$ 3513.56,100
834,09:34:06,$ 3511.76,100
835,09:34:04,$ 3511.75,100
836,09:34:01,$ 3511.75,100
837,09:33:55,$ 3513.42,100
838,09:33:48,$ 3513.5425,100
839,09:33:48,$ 3513.72,100
841,09:33:48,$ 3513.485,100
842,09:33:48,$ 3515.70,100
843,09:33:48,$ 3515.70,100
844,09:33:48,$ 3515.00,116
845,09:33:44,$ 3512.98,100
846,09:33:44,$ 3513.00,100
847,09:33:43,$ 3512.98,100
848,09:33:27,$ 3511.01,100
849,09:33:25,$ 3511.01,100
850,09:33:25,$ 3511.01,100
851,09:33:25,$ 3511.02,100
852,09:33:25,$ 3511.26,100
853,09:33:23,$ 3510.22,100
854,09:33:19,$ 3511.0233,300
855,09:33:18,$ 3510.375,100
856,09:33:17,$ 3510.38,100
857,09:33:13,$ 3510.6975,100
858,09:33:13,$ 3511.80,100
859,09:33:13,$ 3510.395,100
860,09:33:13,$ 3511.60,100
862,09:33:13,$ 3511.86,100
863,09:33:13,$ 3511.75,100
864,09:33:12,$ 3510.01,100
865,09:33:06,$ 3509.08,100
866,09:33:04,$ 3510.00,100
867,09:33:04,$ 3510.00,100
868,09:32:59,$ 3510.545,100
869,09:32:56,$ 3509.713,195
870,09:32:56,$ 3508.5667,100
871,09:32:56,$ 3508.335,100
872,09:32:56,$ 3509.10,100
873,09:32:54,$ 3507.99,100
874,09:32:54,$ 3507.99,400
875,09:32:53,$ 3507.83,100
876,09:32:52,$ 3507.425,100
877,09:32:52,$ 3507.425,100
878,09:32:49,$ 3506.885,100
879,09:32:49,$ 3507.51,100
880,09:32:49,$ 3507.49,400
881,09:32:49,$ 3507.50,100
883,09:32:49,$ 3506.25,148
884,09:32:46,$ 3506.00,100
885,09:32:40,$ 3505.76,100
886,09:32:40,$ 3506.80,100
887,09:32:40,$ 3506.03,100
888,09:32:40,$ 3506.035,100
889,09:32:40,$ 3506.61,100
890,09:32:37,$ 3508.60,100
891,09:32:37,$ 3510.00,100
892,09:32:37,$ 3510.04,100
893,09:32:35,$ 3512.54,100
894,09:32:33,$ 3512.78,100
895,09:32:33,$ 3512.805,100
896,09:32:27,$ 3516.22,227
897,09:32:26,$ 3513.79,100
898,09:32:25,$ 3513.145,100
899,09:32:25,$ 3513.145,100
900,09:32:23,$ 3511.39,100
901,09:32:22,$ 3515.75,425
902,09:32:22,$ 3516.00,100
904,09:32:22,$ 3516.00,100
905,09:32:22,$ 3515.80,188
906,09:32:22,$ 3514.32,100
907,09:32:22,$ 3513.80,100
908,09:32:22,$ 3513.34,100
909,09:32:14,$ 3515.30,100
910,09:32:13,$ 3515.98,113
911,09:32:13,$ 3515.98,187
912,09:32:13,$ 3514.885,100
913,09:32:11,$ 3514.055,100
914,09:32:10,$ 3514.74,139
915,09:32:08,$ 3515.267,100
916,09:32:08,$ 3514.111,172
917,09:32:06,$ 3514.24,100
918,09:32:03,$ 3516.00,136
919,09:32:03,$ 3515.51,100
920,09:32:03,$ 3515.80,100
921,09:32:03,$ 3515.42,100
922,09:32:03,$ 3515.60,100
923,09:32:03,$ 3515.86,100
925,09:32:03,$ 3515.92,100
926,09:32:03,$ 3513.50,100
927,09:32:03,$ 3514.63,100
928,09:32:02,$ 3516.00,100
929,09:32:02,$ 3516.01,100
930,09:32:00,$ 3515.6884,200
931,09:32:00,$ 3516.24,100
932,09:32:00,$ 3516.25,100
933,09:31:57,$ 3516.25,100
934,09:31:57,$ 3516.25,129
935,09:31:57,$ 3516.25,300
936,09:31:57,$ 3516.25,100
937,09:31:56,$ 3515.43,100
938,09:31:49,$ 3516.24,100
939,09:31:47,$ 3516.00,100
940,09:31:47,$ 3516.00,100
941,09:31:43,$ 3516.00,100
942,09:31:43,$ 3515.98,100
943,09:31:43,$ 3515.99,100
944,09:31:41,$ 3516.81,100
946,09:31:36,$ 3515.41,100
947,09:31:35,$ 3516.25,200
948,09:31:34,$ 3514.63,100
949,09:31:34,$ 3514.735,100
950,09:31:34,$ 3514.6101,"1,100"
951,09:31:34,$ 3514.64,100
952,09:31:34,$ 3515.81,200
953,09:31:34,$ 3515.81,100
954,09:31:32,$ 3514.63,100
955,09:31:32,$ 3514.61,100
956,09:31:32,$ 3516.25,100
957,09:31:31,$ 3516.00,100
958,09:31:31,$ 3515.96,100
959,09:31:25,$ 3514.50,100
960,09:31:25,$ 3514.24,195
961,09:31:25,$ 3514.00,182
962,09:31:25,$ 3513.24,156
963,09:31:25,$ 3513.23,100
964,09:31:25,$ 3513.016,100
965,09:31:19,$ 3512.74,305
967,09:31:18,$ 3512.00,100
968,09:31:18,$ 3511.85,100
969,09:31:18,$ 3511.60,100
970,09:31:17,$ 3509.44,100
971,09:31:17,$ 3509.44,300
972,09:31:17,$ 3508.77,100
973,09:31:17,$ 3509.44,100
974,09:31:14,$ 3510.99,100
975,09:31:14,$ 3511.00,100
976,09:31:11,$ 3507.7125,100
977,09:31:02,$ 3509.445,100
978,09:31:02,$ 3510.40,100
979,09:31:02,$ 3510.36,100
980,09:31:02,$ 3510.35,150
981,09:30:59,$ 3512.00,200
982,09:30:59,$ 3513.9393,100
983,09:30:58,$ 3512.84,100
984,09:30:58,$ 3511.98,100
985,09:30:58,$ 3512.00,100
986,09:30:58,$ 3512.00,232
988,09:30:58,$ 3512.00,268
989,09:30:58,$ 3511.28,100
990,09:30:56,$ 3510.68,110
991,09:30:56,$ 3510.70,100
992,09:30:56,$ 3510.00,200
993,09:30:56,$ 3510.00,400
994,09:30:56,$ 3509.15,100
995,09:30:54,$ 3508.9686,"2,080"
996,09:30:54,$ 3508.9686,425
997,09:30:54,$ 3508.78,100
998,09:30:54,$ 3507.94,100
999,09:30:54,$ 3507.0036,190
1000,09:30:52,$ 3507.2724,100
1001,09:30:50,$ 3505.60,100
1002,09:30:48,$ 3505.495,800
1003,09:30:46,$ 3505.29,100
1004,09:30:43,$ 3504.6467,100
1005,09:30:40,$ 3504.2475,100
1006,09:30:21,$ 3507.53,100
1007,09:30:20,$ 3507.53,100
1009,09:30:17,$ 3509.00,100
1010,09:30:17,$ 3508.99,100
1011,09:30:17,$ 3509.00,217
1012,09:30:17,$ 3508.65,100
1013,09:30:17,$ 3508.99,100
1014,09:30:17,$ 3509.00,100
1015,09:30:16,$ 3508.99,130
1016,09:30:16,$ 3508.99,100
1017,09:30:14,$ 3508.00,100
1018,09:30:13,$ 3506.59,100
1019,09:30:13,$ 3507.00,166
1020,09:30:13,$ 3507.00,172
1021,09:30:12,$ 3505.00,100
1022,09:30:11,$ 3505.08,231
1023,09:30:11,$ 3505.07,100
1024,09:30:11,$ 3505.08,130
1025,09:30:11,$ 3504.77,100
1026,09:30:10,$ 3503.66,100
1027,09:30:10,$ 3503.595,100
1028,09:30:10,$ 3503.33,100
1030,09:30:10,$ 3503.52,100
1031,09:30:10,$ 3503.69,100
1032,09:30:10,$ 3503.64,100
1033,09:30:09,$ 3504.26,100
1034,09:30:05,$ 3504.48,100
1035,09:30:05,$ 3504.675,300
1036,09:30:05,$ 3504.675,"1,100"
1037,09:30:03,$ 3503.57,100
1038,09:30:03,$ 3504.08,100
1039,09:30:02,$ 3504.26,100
1040,09:30:02,$ 3505.00,1
1041,09:30:02,$ 3505.00,2
1042,09:30:02,$ 3505.00,6
1043,09:30:02,$ 3505.00,15
1044,09:30:02,$ 3505.00,5
1045,09:30:02,$ 3505.00,90
1046,09:30:02,$ 3505.00,8
1047,09:30:02,$ 3505.00,330
1048,09:30:02,$ 3505.00,30
1049,09:30:02,$ 3505.00,25
1051,09:30:02,$ 3505.00,1
1052,09:30:02,$ 3505.00,1
1053,09:30:02,$ 3505.00,10
1054,09:30:02,$ 3505.00,83
1055,09:30:02,$ 3505.00,5
1056,09:30:02,$ 3505.00,1
1057,09:30:02,$ 3505.00,1
1058,09:30:02,$ 3505.00,1
1059,09:30:02,$ 3505.00,1
1060,09:30:02,$ 3505.00,1
1061,09:30:02,$ 3505.00,5
1062,09:30:02,$ 3505.00,1
1063,09:30:02,$ 3505.00,3
1064,09:30:02,$ 3505.00,4
1065,09:30:02,$ 3505.00,1
1066,09:30:02,$ 3505.00,15
1067,09:30:02,$ 3505.00,4
1068,09:30:02,$ 3505.00,10
1069,09:30:02,$ 3505.00,4
1070,09:30:02,$ 3505.00,10
1072,09:30:02,$ 3505.00,1
1073,09:30:02,$ 3505.00,5
1074,09:30:02,$ 3505.00,1
1075,09:30:02,$ 3505.00,10
1076,09:30:02,$ 3505.00,7
1077,09:30:02,$ 3505.00,20
1078,09:30:02,$ 3505.00,3
1079,09:30:02,$ 3505.00,1
1080,09:30:02,$ 3505.00,19
1081,09:30:02,$ 3505.00,1
1082,09:30:02,$ 3505.00,8
1083,09:30:02,$ 3505.00,10
1084,09:30:02,$ 3505.00,2
1085,09:30:02,$ 3505.00,10
1086,09:30:02,$ 3505.00,2
1087,09:30:02,$ 3505.00,7
1088,09:30:02,$ 3505.00,1
1089,09:30:02,$ 3505.00,4
1090,09:30:02,$ 3505.00,3
1091,09:30:02,$ 3505.00,5
1093,09:30:02,$ 3505.00,2
1094,09:30:02,$ 3505.00,5
1095,09:30:02,$ 3505.00,7
1096,09:30:02,$ 3505.00,1
1097,09:30:02,$ 3505.00,1
1098,09:30:02,$ 3505.00,20
1099,09:30:02,$ 3505.00,5
1100,09:30:02,$ 3505.00,2
1101,09:30:02,$ 3505.00,2
1102,09:30:02,$ 3505.00,3
1103,09:30:02,$ 3505.00,10
1104,09:30:02,$ 3505.00,6
1105,09:30:02,$ 3505.00,5
1106,09:30:02,$ 3505.00,20
1107,09:30:02,$ 3505.00,1
1108,09:30:02,$ 3505.00,1
1109,09:30:02,$ 3505.00,12
1110,09:30:02,$ 3505.00,10
1111,09:30:02,$ 3505.00,1
1112,09:30:02,$ 3505.00,8
1114,09:30:02,$ 3505.00,1
1115,09:30:02,$ 3505.00,6
1116,09:30:02,$ 3505.00,5
1117,09:30:02,$ 3505.00,22
1118,09:30:02,$ 3505.00,1
1119,09:30:02,$ 3505.00,41
1120,09:30:02,$ 3505.00,1
1121,09:30:02,$ 3505.00,2
1122,09:30:02,$ 3505.00,1
1123,09:30:02,$ 3505.00,3
1124,09:30:02,$ 3505.00,324
1125,09:30:02,$ 3505.00,1
1126,09:30:02,$ 3505.00,3
1127,09:30:02,$ 3505.00,2
1128,09:30:02,$ 3505.00,5
1129,09:30:02,$ 3505.00,2
1130,09:30:02,$ 3505.00,50
1131,09:30:02,$ 3505.00,2
1132,09:30:02,$ 3505.00,7
1133,09:30:02,$ 3505.00,10
1135,09:30:02,$ 3505.00,20
1136,09:30:02,$ 3505.00,5
1137,09:30:02,$ 3505.00,2
1138,09:30:02,$ 3505.00,10
1139,09:30:02,$ 3505.00,10
1140,09:30:02,$ 3505.00,7
1141,09:30:02,$ 3505.00,10
1142,09:30:02,$ 3505.00,2
1143,09:30:02,$ 3505.00,5
1144,09:30:02,$ 3505.00,10
1145,09:30:02,$ 3505.00,7
1146,09:30:02,$ 3505.00,4
1147,09:30:02,$ 3505.00,5
1148,09:30:02,$ 3505.00,2
1149,09:30:02,$ 3505.00,1
1150,09:30:02,$ 3505.00,1
1151,09:30:02,$ 3505.00,1
1152,09:30:02,$ 3505.00,2
1153,09:30:02,$ 3505.00,1
1154,09:30:02,$ 3505.00,1
1156,09:30:02,$ 3505.00,1
1157,09:30:02,$ 3505.00,1
1158,09:30:02,$ 3505.00,2
1159,09:30:02,$ 3505.00,2
1160,09:30:02,$ 3505.00,3
1161,09:30:02,$ 3505.00,1
1162,09:30:02,$ 3505.00,5
1163,09:30:02,$ 3505.00,1
1164,09:30:02,$ 3505.00,3
1165,09:30:02,$ 3505.00,7
1166,09:30:02,$ 3505.00,8
1167,09:30:02,$ 3505.00,3
1168,09:30:02,$ 3505.00,9
1169,09:30:02,$ 3505.00,1
1170,09:30:02,$ 3505.00,1
1171,09:30:02,$ 3505.00,3
1172,09:30:02,$ 3505.00,1
1173,09:30:02,$ 3505.00,1
1174,09:30:02,$ 3505.00,3
1175,09:30:02,$ 3505.00,1
1177,09:30:02,$ 3505.00,2
1178,09:30:02,$ 3505.00,1
1179,09:30:02,$ 3505.00,2
1180,09:30:02,$ 3505.00,1
1181,09:30:02,$ 3505.00,1
1182,09:30:02,$ 3505.00,1
1183,09:30:02,$ 3505.00,2
1184,09:30:02,$ 3505.00,1
1185,09:30:02,$ 3505.00,2
1186,09:30:02,$ 3505.00,1
1187,09:30:02,$ 3505.00,3
1188,09:30:02,$ 3505.00,8
1189,09:30:02,$ 3505.00,2
1190,09:30:02,$ 3505.00,3
1191,09:30:02,$ 3505.00,5
1192,09:30:02,$ 3505.00,2
1193,09:30:02,$ 3505.00,2
1194,09:30:02,$ 3505.00,1
1195,09:30:02,$ 3505.00,3
1196,09:30:02,$ 3505.00,1
1198,09:30:02,$ 3505.00,3
1199,09:30:02,$ 3505.00,4
1200,09:30:02,$ 3505.00,3
1201,09:30:02,$ 3505.00,4
1202,09:30:02,$ 3505.00,1
1203,09:30:02,$ 3505.00,5
1204,09:30:02,$ 3505.00,3
1205,09:30:02,$ 3505.00,6
1206,09:30:02,$ 3505.00,1
1207,09:30:02,$ 3505.00,2
1208,09:30:02,$ 3505.00,1
1209,09:30:02,$ 3505.00,2
1210,09:30:02,$ 3505.00,2
1211,09:30:02,$ 3505.00,100
1212,09:30:02,$ 3505.00,2
1213,09:30:02,$ 3505.00,3
1214,09:30:02,$ 3505.00,1
1215,09:30:02,$ 3505.00,1
1216,09:30:02,$ 3505.00,10
1217,09:30:02,$ 3505.00,10
1219,09:30:02,$ 3505.00,3
1220,09:30:02,$ 3505.00,2
1221,09:30:02,$ 3505.00,10
1222,09:30:02,$ 3505.00,2
1223,09:30:02,$ 3505.00,1
1224,09:30:02,$ 3505.00,1
1225,09:30:02,$ 3505.00,3
1226,09:30:02,$ 3505.00,4
1227,09:30:02,$ 3505.00,1
1228,09:30:02,$ 3505.00,10
1229,09:30:02,$ 3505.00,1
1230,09:30:02,$ 3505.00,25
1231,09:30:02,$ 3505.00,1
1232,09:30:02,$ 3505.00,6
1233,09:30:02,$ 3505.00,7
1234,09:30:02,$ 3505.00,1
1235,09:30:02,$ 3505.00,6
1236,09:30:02,$ 3505.00,2
1237,09:30:02,$ 3505.00,5
1238,09:30:02,$ 3505.00,2
1240,09:30:02,$ 3505.00,1
1241,09:30:02,$ 3505.00,8
1242,09:30:02,$ 3505.00,20
1243,09:30:02,$ 3505.00,1
1244,09:30:02,$ 3505.00,1
1245,09:30:02,$ 3505.00,6
1246,09:30:02,$ 3505.00,11
1247,09:30:02,$ 3505.00,13
1248,09:30:02,$ 3505.00,2
1249,09:30:02,$ 3505.00,1
1250,09:30:02,$ 3505.00,5
1251,09:30:02,$ 3505.00,4
1252,09:30:02,$ 3505.00,3
1253,09:30:02,$ 3505.00,4
1254,09:30:02,$ 3505.00,1
1255,09:30:02,$ 3505.00,1
1256,09:30:02,$ 3505.00,25
1257,09:30:02,$ 3505.00,1
1258,09:30:02,$ 3505.00,1
1259,09:30:02,$ 3505.00,3
1261,09:30:02,$ 3505.00,1
1262,09:30:02,$ 3505.00,5
1263,09:30:02,$ 3505.00,2
1264,09:30:02,$ 3505.00,1
1265,09:30:02,$ 3505.00,1
1266,09:30:02,$ 3505.00,10
1267,09:30:02,$ 3505.00,1
1268,09:30:02,$ 3505.00,3
1269,09:30:02,$ 3505.00,2
1270,09:30:02,$ 3505.00,1
1271,09:30:02,$ 3505.00,1
1272,09:30:02,$ 3505.00,1
1273,09:30:02,$ 3505.00,1
1274,09:30:02,$ 3505.00,2
1275,09:30:02,$ 3505.00,2
1276,09:30:02,$ 3505.00,1
1277,09:30:02,$ 3505.00,2
1278,09:30:02,$ 3505.00,2
1279,09:30:02,$ 3505.00,1
1280,09:30:02,$ 3505.00,1
1282,09:30:02,$ 3505.00,1
1283,09:30:02,$ 3505.00,10
1284,09:30:02,$ 3505.00,1
1285,09:30:02,$ 3505.00,5
1286,09:30:02,$ 3505.00,10
1287,09:30:02,$ 3505.00,10
1288,09:30:02,$ 3505.00,1
1289,09:30:02,$ 3505.00,5
1290,09:30:02,$ 3505.00,3
1291,09:30:02,$ 3505.00,5
1292,09:30:02,$ 3505.00,7
1293,09:30:02,$ 3505.00,10
1294,09:30:02,$ 3505.00,20
1295,09:30:02,$ 3505.00,7
1296,09:30:02,$ 3505.00,10
1297,09:30:02,$ 3505.00,2
1298,09:30:02,$ 3505.00,1
1299,09:30:02,$ 3505.00,6
1300,09:30:02,$ 3505.00,1
1301,09:30:02,$ 3505.00,1
1303,09:30:02,$ 3505.00,3
1304,09:30:02,$ 3505.00,3
1305,09:30:02,$ 3505.00,1
1306,09:30:02,$ 3505.00,1
1307,09:30:02,$ 3505.00,2
1308,09:30:02,$ 3505.00,2
1309,09:30:02,$ 3505.00,3
1310,09:30:02,$ 3505.00,1
1311,09:30:02,$ 3505.00,7
1312,09:30:02,$ 3505.00,1
1313,09:30:02,$ 3505.00,1
1314,09:30:02,$ 3505.00,20
1315,09:30:02,$ 3505.00,1
1316,09:30:02,$ 3505.00,1
1317,09:30:02,$ 3505.00,1
1318,09:30:02,$ 3505.00,50
1319,09:30:02,$ 3505.00,2
1320,09:30:02,$ 3505.00,20
1321,09:30:02,$ 3505.00,1
1322,09:30:02,$ 3505.00,4
1324,09:30:02,$ 3505.00,3
1325,09:30:02,$ 3505.00,100
1326,09:30:02,$ 3505.00,2
1327,09:30:02,$ 3505.00,10
1328,09:30:02,$ 3505.00,1
1329,09:30:02,$ 3505.00,3
1330,09:30:02,$ 3505.00,11
1331,09:30:02,$ 3505.00,2
1332,09:30:02,$ 3505.00,3
1333,09:30:02,$ 3505.00,10
1334,09:30:02,$ 3505.00,15
1335,09:30:02,$ 3505.00,3
1336,09:30:02,$ 3505.00,3
1337,09:30:02,$ 3505.00,3
1338,09:30:02,$ 3505.00,6
1339,09:30:02,$ 3505.00,5
1340,09:30:02,$ 3505.00,1
1341,09:30:02,$ 3505.00,1
1342,09:30:02,$ 3505.00,1
1343,09:30:02,$ 3505.00,4
1345,09:30:02,$ 3505.00,7
1346,09:30:02,$ 3505.00,2
1347,09:30:02,$ 3505.00,1
1348,09:30:02,$ 3505.00,5
1349,09:30:02,$ 3505.00,1
1350,09:30:02,$ 3505.00,1
1351,09:30:02,$ 3505.00,1
1352,09:30:02,$ 3505.00,22
1353,09:30:02,$ 3505.00,1
1354,09:30:02,$ 3505.00,3
1355,09:30:02,$ 3505.00,3
1356,09:30:02,$ 3505.00,1
1357,09:30:02,$ 3505.00,1
1358,09:30:02,$ 3505.00,3
1359,09:30:02,$ 3505.00,1
1360,09:30:02,$ 3505.00,3
1361,09:30:02,$ 3505.00,6
1362,09:30:02,$ 3505.00,3
1363,09:30:02,$ 3505.00,2
1364,09:30:02,$ 3505.00,5
1366,09:30:02,$ 3505.00,2
1367,09:30:02,$ 3505.00,3
1368,09:30:02,$ 3505.00,22
1369,09:30:02,$ 3505.00,100
1370,09:30:02,$ 3505.00,4
1371,09:30:02,$ 3505.00,1
1372,09:30:02,$ 3505.00,28
1373,09:30:02,$ 3505.00,6
1374,09:30:02,$ 3505.00,8
1375,09:30:02,$ 3505.00,5
1376,09:30:02,$ 3505.00,1
1377,09:30:02,$ 3505.00,1
1378,09:30:02,$ 3505.00,2
1379,09:30:02,$ 3505.00,1
1380,09:30:02,$ 3505.00,10
1381,09:30:02,$ 3505.00,300
1382,09:30:02,$ 3505.00,25
1383,09:30:02,$ 3505.00,1
1384,09:30:02,$ 3505.00,1
1385,09:30:02,$ 3505.00,2
1387,09:30:02,$ 3505.00,1
1388,09:30:02,$ 3505.00,1
1389,09:30:02,$ 3505.00,5
1390,09:30:02,$ 3505.00,3
1391,09:30:02,$ 3505.00,1
1392,09:30:02,$ 3505.00,1
1393,09:30:02,$ 3505.00,50
1394,09:30:02,$ 3505.00,1
1395,09:30:02,$ 3505.00,1
1396,09:30:02,$ 3505.00,1
1397,09:30:02,$ 3505.00,10
1398,09:30:02,$ 3505.00,3
1399,09:30:02,$ 3505.00,15
1400,09:30:02,$ 3505.00,4
1401,09:30:02,$ 3505.00,5
1402,09:30:02,$ 3505.00,5
1403,09:30:02,$ 3505.00,100
1404,09:30:02,$ 3505.00,3
1405,09:30:02,$ 3505.00,10
1406,09:30:02,$ 3505.00,4
1408,09:30:02,$ 3505.00,5
1409,09:30:02,$ 3505.00,1
1410,09:30:02,$ 3505.00,300
1411,09:30:02,$ 3505.00,1
1412,09:30:02,$ 3505.00,2
1413,09:30:02,$ 3505.00,7
1414,09:30:02,$ 3505.00,5
1415,09:30:02,$ 3505.00,10
1416,09:30:02,$ 3505.00,30
1417,09:30:02,$ 3505.00,1
1418,09:30:02,$ 3505.00,5
1419,09:30:02,$ 3505.00,4
1420,09:30:02,$ 3505.00,1
1421,09:30:02,$ 3505.00,3
1422,09:30:02,$ 3505.00,1
1423,09:30:02,$ 3505.00,1
1424,09:30:02,$ 3505.00,1
1425,09:30:02,$ 3505.00,4
1426,09:30:02,$ 3505.00,3
1427,09:30:02,$ 3505.00,2
1429,09:30:02,$ 3505.00,1
1430,09:30:02,$ 3505.00,2
1431,09:30:02,$ 3505.00,2
1432,09:30:02,$ 3505.00,1
1433,09:30:02,$ 3505.00,1
1434,09:30:02,$ 3505.00,3
1435,09:30:02,$ 3505.00,1
1436,09:30:02,$ 3505.00,2
1437,09:30:02,$ 3505.00,4
1438,09:30:02,$ 3505.00,9
1439,09:30:02,$ 3505.00,1
1440,09:30:02,$ 3505.00,3
1441,09:30:02,$ 3505.00,5
1442,09:30:02,$ 3505.00,2
1443,09:30:02,$ 3505.00,1
1444,09:30:02,$ 3505.00,2
1445,09:30:02,$ 3505.00,1
1446,09:30:02,$ 3505.00,1
1447,09:30:02,$ 3505.00,3
1448,09:30:02,$ 3505.00,1
1450,09:30:02,$ 3505.00,6
1451,09:30:02,$ 3505.00,2
1452,09:30:02,$ 3505.00,1
1453,09:30:02,$ 3505.00,7
1454,09:30:02,$ 3505.00,1
1455,09:30:02,$ 3505.00,2
1456,09:30:02,$ 3505.00,3
1457,09:30:02,$ 3505.00,2
1458,09:30:02,$ 3505.00,1
1459,09:30:02,$ 3505.00,1
1460,09:30:02,$ 3505.00,3
1461,09:30:02,$ 3505.00,15
1462,09:30:02,$ 3505.00,3
1463,09:30:02,$ 3505.00,5
1464,09:30:02,$ 3505.00,2
1465,09:30:02,$ 3505.00,3
1466,09:30:02,$ 3505.00,1
1467,09:30:02,$ 3505.00,1
1468,09:30:02,$ 3505.00,20
1469,09:30:02,$ 3505.00,8
1471,09:30:02,$ 3505.00,8
1472,09:30:02,$ 3505.00,8
1473,09:30:02,$ 3505.00,2
1474,09:30:02,$ 3505.00,4
1475,09:30:02,$ 3505.00,2
1476,09:30:02,$ 3505.00,10
1477,09:30:02,$ 3505.00,6
1478,09:30:02,$ 3505.00,1
1479,09:30:02,$ 3505.00,2
1480,09:30:02,$ 3505.00,1
1481,09:30:02,$ 3505.00,100
1482,09:30:02,$ 3505.00,5
1483,09:30:02,$ 3505.00,5
1484,09:30:02,$ 3505.00,15
1485,09:30:02,$ 3505.00,10
1486,09:30:02,$ 3505.00,100
1487,09:30:02,$ 3505.00,1
1488,09:30:02,$ 3505.00,1
1489,09:30:02,$ 3505.00,8
1490,09:30:02,$ 3505.00,1
1492,09:30:02,$ 3505.00,1
1493,09:30:02,$ 3505.00,7
1494,09:30:02,$ 3505.00,1
1495,09:30:02,$ 3505.00,10
1496,09:30:02,$ 3505.00,5
1497,09:30:02,$ 3505.00,3
1498,09:30:02,$ 3505.00,10
1499,09:30:02,$ 3505.00,2
1500,09:30:02,$ 3505.00,3
1501,09:30:02,$ 3505.00,6
1502,09:30:02,$ 3505.00,2
1503,09:30:02,$ 3505.00,3
1504,09:30:02,$ 3505.00,1
1505,09:30:02,$ 3505.00,1
1506,09:30:02,$ 3505.00,1
1507,09:30:02,$ 3505.00,1
1508,09:30:02,$ 3505.00,1
1509,09:30:02,$ 3505.00,1
1510,09:30:02,$ 3505.00,1
1511,09:30:02,$ 3505.00,5
1513,09:30:02,$ 3505.00,2
1514,09:30:02,$ 3505.00,2
1515,09:30:02,$ 3505.00,5
1516,09:30:02,$ 3505.00,1
1517,09:30:02,$ 3505.00,1
1518,09:30:02,$ 3505.00,8
1519,09:30:02,$ 3505.00,5
1520,09:30:02,$ 3505.00,2
1521,09:30:02,$ 3505.00,7
1522,09:30:02,$ 3505.00,3
1523,09:30:02,$ 3505.00,1
1524,09:30:02,$ 3505.00,4
1525,09:30:02,$ 3505.00,1
1526,09:30:02,$ 3505.00,15
1527,09:30:02,$ 3505.00,10
1528,09:30:02,$ 3505.00,1
1529,09:30:02,$ 3505.00,1
1530,09:30:02,$ 3505.00,148
1531,09:30:02,$ 3505.00,4
1532,09:30:02,$ 3505.00,1
1534,09:30:02,$ 3505.00,1
1535,09:30:02,$ 3505.00,12
1536,09:30:02,$ 3505.00,2
1537,09:30:02,$ 3505.00,22
1538,09:30:02,$ 3505.00,2
1539,09:30:02,$ 3505.00,63
1540,09:30:02,$ 3505.00,24
1541,09:30:02,$ 3505.00,2
1542,09:30:02,$ 3505.00,1
1543,09:30:02,$ 3505.00,2
1544,09:30:02,$ 3505.00,19
1545,09:30:02,$ 3505.00,"3,000"
1546,09:30:02,$ 3505.00,34
1547,09:30:02,$ 3505.00,22
1548,09:30:02,$ 3505.00,1
1549,09:30:02,$ 3505.00,2
1550,09:30:02,$ 3505.00,6
1551,09:30:02,$ 3505.00,11
1552,09:30:02,$ 3505.00,5
1553,09:30:02,$ 3505.00,15
1555,09:30:02,$ 3505.00,3
1556,09:30:02,$ 3505.00,1
1557,09:30:02,$ 3505.00,18
1558,09:30:02,$ 3505.00,200
1559,09:30:02,$ 3505.00,3
1560,09:30:02,$ 3505.00,45
1561,09:30:02,$ 3505.00,150
1562,09:30:02,$ 3505.00,5
1563,09:30:02,$ 3505.00,1
1564,09:30:02,$ 3505.00,1
1565,09:30:02,$ 3505.00,10
1566,09:30:02,$ 3505.00,1
1567,09:30:02,$ 3505.00,10
1568,09:30:02,$ 3505.00,3
1569,09:30:02,$ 3505.00,4
1570,09:30:02,$ 3505.00,9
1571,09:30:02,$ 3505.00,5
1572,09:30:02,$ 3505.00,10
1573,09:30:02,$ 3505.00,1
1574,09:30:02,$ 3505.00,5
1576,09:30:02,$ 3505.00,2
1577,09:30:02,$ 3505.00,1
1578,09:30:02,$ 3505.00,5
1579,09:30:02,$ 3505.00,10
1580,09:30:02,$ 3505.00,3
1581,09:30:02,$ 3505.00,10
1582,09:30:02,$ 3505.00,6
1583,09:30:02,$ 3505.00,1
1584,09:30:02,$ 3505.00,1
1585,09:30:02,$ 3505.00,3
1586,09:30:02,$ 3505.00,3
1587,09:30:02,$ 3505.00,1
1588,09:30:02,$ 3505.00,3
1589,09:30:02,$ 3505.00,3
1590,09:30:02,$ 3505.00,5
1591,09:30:02,$ 3505.00,20
1592,09:30:02,$ 3505.00,6
1593,09:30:02,$ 3505.00,1
1594,09:30:02,$ 3505.00,1
1595,09:30:02,$ 3505.00,1
1597,09:30:02,$ 3505.00,10
1598,09:30:02,$ 3505.00,2
1599,09:30:02,$ 3505.00,1
1600,09:30:02,$ 3505.00,1
1601,09:30:02,$ 3505.00,5
1602,09:30:02,$ 3505.00,2
1603,09:30:02,$ 3505.00,1
1604,09:30:02,$ 3505.00,2
1605,09:30:02,$ 3505.00,4
1606,09:30:02,$ 3505.00,1
1607,09:30:02,$ 3505.00,17
1608,09:30:02,$ 3505.00,10
1609,09:30:02,$ 3505.00,10
1610,09:30:02,$ 3505.00,9
1611,09:30:02,$ 3505.00,2
1612,09:30:02,$ 3505.00,10
1613,09:30:02,$ 3505.00,1
1614,09:30:02,$ 3505.00,2
1615,09:30:02,$ 3505.00,1
1616,09:30:02,$ 3505.00,3
1618,09:30:02,$ 3505.00,2
1619,09:30:02,$ 3505.00,1
1620,09:30:02,$ 3505.00,2
1621,09:30:02,$ 3505.00,1
1622,09:30:02,$ 3505.00,8
1623,09:30:02,$ 3505.00,10
1624,09:30:02,$ 3505.00,3
1625,09:30:02,$ 3505.00,2
1626,09:30:02,$ 3505.00,2
1627,09:30:02,$ 3505.00,3
1628,09:30:02,$ 3505.00,10
1629,09:30:02,$ 3505.00,2
1630,09:30:02,$ 3505.00,2
1631,09:30:02,$ 3505.00,1
1632,09:30:02,$ 3505.00,13
1633,09:30:02,$ 3505.00,1
1634,09:30:02,$ 3505.00,1
1635,09:30:02,$ 3505.00,1
1636,09:30:02,$ 3505.00,3
1637,09:30:02,$ 3505.00,15
1639,09:30:02,$ 3505.00,5
1640,09:30:02,$ 3505.00,1
1641,09:30:02,$ 3505.00,5
1642,09:30:02,$ 3505.00,1
1643,09:30:02,$ 3505.00,1
1644,09:30:02,$ 3505.00,1
1645,09:30:02,$ 3505.00,1
1646,09:30:02,$ 3505.00,1
1647,09:30:02,$ 3505.00,4
1648,09:30:02,$ 3505.00,4
1649,09:30:02,$ 3505.00,1
1650,09:30:02,$ 3505.00,2
1651,09:30:02,$ 3505.00,1
1652,09:30:02,$ 3505.00,3
1653,09:30:02,$ 3505.00,9
1654,09:30:02,$ 3505.00,1
1655,09:30:02,$ 3505.00,5
1656,09:30:02,$ 3505.00,1
1657,09:30:02,$ 3505.00,1
1658,09:30:02,$ 3505.00,1
1660,09:30:02,$ 3505.00,22
1661,09:30:02,$ 3505.00,1
1662,09:30:02,$ 3505.00,1
1663,09:30:02,$ 3505.00,1
1664,09:30:02,$ 3505.00,1
1665,09:30:02,$ 3505.00,1
1666,09:30:02,$ 3505.00,2
1667,09:30:02,$ 3505.00,2
1668,09:30:02,$ 3505.00,2
1669,09:30:02,$ 3505.00,1
1670,09:30:02,$ 3505.00,1
1671,09:30:02,$ 3505.00,1
1672,09:30:02,$ 3505.00,5
1673,09:30:02,$ 3505.00,10
1674,09:30:02,$ 3505.00,1
1675,09:30:02,$ 3505.00,1
1676,09:30:02,$ 3505.00,8
1677,09:30:02,$ 3505.00,15
1678,09:30:02,$ 3505.00,1
1679,09:30:02,$ 3505.00,1
1681,09:30:02,$ 3505.00,10
1682,09:30:02,$ 3505.00,10
1683,09:30:02,$ 3505.00,1
1684,09:30:02,$ 3505.00,10
1685,09:30:02,$ 3505.00,10
1686,09:30:02,$ 3505.00,1
1687,09:30:02,$ 3505.00,30
1688,09:30:02,$ 3505.00,1
1689,09:30:02,$ 3505.00,15
1690,09:30:02,$ 3505.00,10
1691,09:30:02,$ 3505.00,1
1692,09:30:02,$ 3505.00,1
1693,09:30:02,$ 3505.00,10
1694,09:30:02,$ 3505.00,1
1695,09:30:02,$ 3505.00,1
1696,09:30:02,$ 3505.00,1
1697,09:30:02,$ 3505.00,5
1698,09:30:02,$ 3505.00,48
1699,09:30:02,$ 3505.00,43
1700,09:30:02,$ 3505.00,14
1702,09:30:02,$ 3505.00,5
1703,09:30:02,$ 3505.00,4
1704,09:30:02,$ 3505.00,40
1705,09:30:02,$ 3505.00,2
1706,09:30:02,$ 3505.00,6
1707,09:30:02,$ 3505.00,115
1708,09:30:02,$ 3505.00,83
1709,09:30:02,$ 3505.00,17
1710,09:30:02,$ 3505.00,1
1711,09:30:02,$ 3505.00,20
1712,09:30:02,$ 3505.00,10
1713,09:30:02,$ 3505.00,1
1714,09:30:02,$ 3505.00,1
1715,09:30:02,$ 3505.00,13
1716,09:30:02,$ 3505.00,2
1717,09:30:02,$ 3505.00,1
1718,09:30:02,$ 3505.00,39
1719,09:30:02,$ 3505.00,3
1720,09:30:02,$ 3505.00,1
1721,09:30:02,$ 3505.00,20
1723,09:30:02,$ 3505.00,8
1724,09:30:02,$ 3505.00,3
1725,09:30:02,$ 3505.00,10
1726,09:30:02,$ 3505.00,1
1727,09:30:02,$ 3505.00,15
1728,09:30:02,$ 3505.00,315
1729,09:30:02,$ 3505.00,3
1730,09:30:02,$ 3505.00,4
1731,09:30:02,$ 3505.00,41
1732,09:30:02,$ 3505.00,1
1733,09:30:02,$ 3505.00,15
1734,09:30:02,$ 3505.00,6
1735,09:30:02,$ 3505.00,3
1736,09:30:02,$ 3505.00,10
1737,09:30:02,$ 3505.00,2
1738,09:30:02,$ 3505.00,3
1739,09:30:02,$ 3505.00,3
1740,09:30:02,$ 3505.00,1
1741,09:30:02,$ 3505.00,1
1742,09:30:02,$ 3505.00,2
1744,09:30:02,$ 3505.00,2
1745,09:30:02,$ 3505.00,2
1746,09:30:02,$ 3505.00,8
1747,09:30:02,$ 3505.00,14
1748,09:30:02,$ 3505.00,77
1749,09:30:02,$ 3505.00,2
1750,09:30:02,$ 3505.00,8
1751,09:30:02,$ 3505.00,10
1752,09:30:02,$ 3505.00,6
1753,09:30:02,$ 3505.00,6
1754,09:30:02,$ 3505.00,9
1755,09:30:02,$ 3505.00,12
1756,09:30:02,$ 3505.00,15
1757,09:30:02,$ 3505.00,4
1758,09:30:02,$ 3505.00,2
1759,09:30:02,$ 3505.00,1
1760,09:30:02,$ 3505.00,10
1761,09:30:02,$ 3505.00,1
1762,09:30:02,$ 3505.00,10
1763,09:30:02,$ 3505.00,1
1765,09:30:02,$ 3505.00,1
1766,09:30:02,$ 3505.00,2
1767,09:30:02,$ 3505.00,1
1768,09:30:02,$ 3505.00,100
1769,09:30:02,$ 3505.00,10
1770,09:30:02,$ 3505.00,3
1771,09:30:02,$ 3505.00,2
1772,09:30:02,$ 3505.00,1
1773,09:30:02,$ 3505.00,2
1774,09:30:02,$ 3505.00,2
1775,09:30:02,$ 3505.00,2
1776,09:30:02,$ 3505.00,5
1777,09:30:02,$ 3505.00,4
1778,09:30:02,$ 3505.00,2
1779,09:30:02,$ 3505.00,4
1780,09:30:02,$ 3505.00,1
1781,09:30:02,$ 3505.00,3
1782,09:30:02,$ 3505.00,1
1783,09:30:02,$ 3505.00,3
1784,09:30:02,$ 3505.00,3
1786,09:30:02,$ 3505.00,1
1787,09:30:02,$ 3505.00,1
1788,09:30:02,$ 3505.00,1
1789,09:30:02,$ 3505.00,1
1790,09:30:02,$ 3505.00,3
1791,09:30:02,$ 3505.00,1
1792,09:30:02,$ 3505.00,2
1793,09:30:02,$ 3505.00,4
1794,09:30:02,$ 3505.00,1
1795,09:30:02,$ 3505.00,1
1796,09:30:02,$ 3505.00,2
1797,09:30:02,$ 3505.00,1
1798,09:30:02,$ 3505.00,1
1799,09:30:02,$ 3505.00,2
1800,09:30:02,$ 3505.00,1
1801,09:30:02,$ 3505.00,2
1802,09:30:02,$ 3505.00,3
1803,09:30:02,$ 3505.00,1
1804,09:30:02,$ 3505.00,2
1805,09:30:02,$ 3505.00,1
1807,09:30:02,$ 3505.00,1
1808,09:30:02,$ 3505.00,1
1809,09:30:02,$ 3505.00,1
1810,09:30:02,$ 3505.00,1
1811,09:30:02,$ 3505.00,1
1812,09:30:02,$ 3505.00,3
1813,09:30:02,$ 3505.00,1
1814,09:30:02,$ 3505.00,2
1815,09:30:02,$ 3505.00,2
1816,09:30:02,$ 3505.00,2
1817,09:30:02,$ 3505.00,5
1818,09:30:02,$ 3505.00,1
1819,09:30:02,$ 3505.00,1
1820,09:30:02,$ 3505.00,1
1821,09:30:02,$ 3505.00,5
1822,09:30:02,$ 3505.00,1
1823,09:30:02,$ 3505.00,1
1824,09:30:02,$ 3505.00,1
1825,09:30:02,$ 3505.00,1
1826,09:30:02,$ 3505.00,1
1828,09:30:02,$ 3505.00,2
1829,09:30:02,$ 3505.00,1
1830,09:30:02,$ 3505.00,2
1831,09:30:02,$ 3505.00,2
1832,09:30:02,$ 3505.00,3
1833,09:30:02,$ 3505.00,7
1834,09:30:02,$ 3505.00,1
1835,09:30:02,$ 3505.00,10
1836,09:30:02,$ 3505.00,4
1837,09:30:02,$ 3505.00,2
1838,09:30:02,$ 3505.00,1
1839,09:30:02,$ 3505.00,1
1840,09:30:02,$ 3505.00,2
1841,09:30:02,$ 3505.00,1
1842,09:30:02,$ 3505.00,1
1843,09:30:02,$ 3505.00,5
1844,09:30:02,$ 3505.00,1
1845,09:30:02,$ 3505.00,7
1846,09:30:02,$ 3505.00,1
1847,09:30:02,$ 3505.00,2
1849,09:30:02,$ 3505.00,17
1850,09:30:02,$ 3505.00,5
1851,09:30:02,$ 3505.00,80
1852,09:30:02,$ 3505.00,2
1853,09:30:02,$ 3505.00,8
1854,09:30:02,$ 3505.00,3
1855,09:30:02,$ 3505.00,2
1856,09:30:02,$ 3505.00,44
1857,09:30:02,$ 3505.00,2
1858,09:30:02,$ 3505.00,2
1859,09:30:02,$ 3505.00,1
1860,09:30:02,$ 3505.00,25
1861,09:30:02,$ 3505.00,16
1862,09:30:02,$ 3505.00,1
1863,09:30:02,$ 3505.00,1
1864,09:30:02,$ 3505.00,1
1865,09:30:02,$ 3505.00,85
1866,09:30:02,$ 3505.00,8
1867,09:30:02,$ 3505.00,8
1868,09:30:02,$ 3505.00,8
1870,09:30:02,$ 3505.00,2
1871,09:30:02,$ 3505.00,28
1872,09:30:02,$ 3505.00,14
1873,09:30:02,$ 3505.00,17
1874,09:30:02,$ 3505.00,26
1875,09:30:02,$ 3505.00,3
1876,09:30:02,$ 3505.00,7
1877,09:30:02,$ 3505.00,1
1878,09:30:02,$ 3505.00,11
1879,09:30:02,$ 3505.00,3
1880,09:30:02,$ 3505.00,1
1881,09:30:02,$ 3505.00,11
1882,09:30:02,$ 3505.00,4
1883,09:30:02,$ 3505.00,1
1884,09:30:02,$ 3505.00,2
1885,09:30:02,$ 3505.00,1
1886,09:30:02,$ 3505.00,4
1887,09:30:02,$ 3505.00,2
1888,09:30:02,$ 3505.00,4
1889,09:30:02,$ 3505.00,3
1891,09:30:02,$ 3505.00,3
1892,09:30:02,$ 3505.00,10
1893,09:30:02,$ 3505.00,5
1894,09:30:02,$ 3505.00,5
1895,09:30:02,$ 3505.00,4
1896,09:30:02,$ 3505.00,51
1897,09:30:02,$ 3505.00,1
1898,09:30:02,$ 3505.00,1
1899,09:30:02,$ 3505.00,1
1900,09:30:02,$ 3505.00,2
1901,09:30:02,$ 3505.00,2
1902,09:30:02,$ 3505.00,1
1903,09:30:02,$ 3505.00,4
1904,09:30:02,$ 3505.00,2
1905,09:30:02,$ 3505.00,100
1906,09:30:02,$ 3505.00,3
1907,09:30:02,$ 3505.00,20
1908,09:30:02,$ 3505.00,3
1909,09:30:02,$ 3505.00,3
1910,09:30:02,$ 3505.00,1
1912,09:30:02,$ 3505.00,2
1913,09:30:02,$ 3505.00,3
1914,09:30:02,$ 3505.00,3
1915,09:30:02,$ 3505.00,1
1916,09:30:02,$ 3505.00,1
1917,09:30:02,$ 3505.00,2
1918,09:30:02,$ 3505.00,1
1919,09:30:02,$ 3505.00,2
1920,09:30:02,$ 3505.00,812
1921,09:30:02,$ 3505.00,1
1922,09:30:02,$ 3505.00,2
1923,09:30:02,$ 3505.00,4
1924,09:30:02,$ 3505.00,4
1925,09:30:02,$ 3505.00,27
1926,09:30:02,$ 3505.00,2
1927,09:30:02,$ 3505.00,1
1928,09:30:02,$ 3505.00,7
1929,09:30:02,$ 3505.00,2
1930,09:30:02,$ 3505.00,5
1931,09:30:02,$ 3505.00,3
1933,09:30:02,$ 3505.00,2
1934,09:30:02,$ 3505.00,1
1935,09:30:02,$ 3505.00,1
1936,09:30:02,$ 3505.00,525
1937,09:30:02,$ 3505.00,10
1938,09:30:02,$ 3505.00,1
1939,09:30:02,$ 3505.00,2
1940,09:30:02,$ 3505.00,4
1941,09:30:02,$ 3505.00,2
1942,09:30:02,$ 3505.00,10
1943,09:30:02,$ 3505.00,3
1944,09:30:02,$ 3505.00,3
1945,09:30:02,$ 3505.00,2
1946,09:30:02,$ 3505.00,1
1947,09:30:02,$ 3505.00,1
1948,09:30:02,$ 3505.00,1
1949,09:30:02,$ 3505.00,1
1950,09:30:02,$ 3505.00,1
1951,09:30:02,$ 3505.00,10
1952,09:30:02,$ 3505.00,10
1954,09:30:02,$ 3505.00,1
1955,09:30:02,$ 3505.00,3
1956,09:30:02,$ 3505.00,2
1957,09:30:02,$ 3505.00,3
1958,09:30:02,$ 3505.00,33
1959,09:30:02,$ 3505.00,5
1960,09:30:02,$ 3505.00,1
1961,09:30:02,$ 3505.00,1
1962,09:30:02,$ 3505.00,3
1963,09:30:02,$ 3505.00,1
1964,09:30:02,$ 3505.00,1
1965,09:30:02,$ 3505.00,1
1966,09:30:02,$ 3505.00,3
1967,09:30:02,$ 3505.00,2
1968,09:30:02,$ 3505.00,3
1969,09:30:02,$ 3505.00,1
1970,09:30:02,$ 3505.00,1
1971,09:30:02,$ 3505.00,1
1972,09:30:02,$ 3505.00,1
1973,09:30:02,$ 3505.00,1
1975,09:30:02,$ 3505.00,1
1976,09:30:02,$ 3505.00,1
1977,09:30:02,$ 3505.00,1
1978,09:30:02,$ 3505.00,5
1979,09:30:02,$ 3505.00,2
1980,09:30:02,$ 3505.00,2
1981,09:30:02,$ 3505.00,1
1982,09:30:02,$ 3505.00,14
1983,09:30:02,$ 3505.00,2
1984,09:30:02,$ 3505.00,2
1985,09:30:02,$ 3505.00,1
1986,09:30:02,$ 3505.00,1
1987,09:30:02,$ 3505.00,10
1988,09:30:02,$ 3505.00,3
1989,09:30:02,$ 3505.00,1
1990,09:30:02,$ 3505.00,2
1991,09:30:02,$ 3505.00,2
1992,09:30:02,$ 3505.00,1
1993,09:30:02,$ 3505.00,1
1994,09:30:02,$ 3505.00,1
1996,09:30:02,$ 3505.00,1
1997,09:30:02,$ 3505.00,2
1998,09:30:02,$ 3505.00,1
1999,09:30:02,$ 3505.00,1
2000,09:30:02,$ 3505.00,2
2001,09:30:02,$ 3505.00,1
2002,09:30:02,$ 3505.00,1
2003,09:30:02,$ 3505.00,1
2004,09:30:02,$ 3505.00,10
2005,09:30:02,$ 3505.00,2
2006,09:30:02,$ 3505.00,1
2007,09:30:02,$ 3505.00,3
2008,09:30:02,$ 3505.00,2
2009,09:30:02,$ 3505.00,1
2010,09:30:02,$ 3505.00,190
2011,09:30:02,$ 3505.00,7
2012,09:30:02,$ 3505.00,10
2013,09:30:02,$ 3505.00,1
2014,09:30:02,$ 3505.00,100
2015,09:30:02,$ 3505.00,3
2017,09:30:02,$ 3505.00,1
2018,09:30:02,$ 3505.00,6
2019,09:30:02,$ 3505.00,2
2020,09:30:02,$ 3505.00,10
2021,09:30:02,$ 3505.00,1
2022,09:30:02,$ 3505.00,1
2023,09:30:02,$ 3505.00,9
2024,09:30:02,$ 3505.00,18
2025,09:30:02,$ 3505.00,2
2026,09:30:02,$ 3505.00,1
2027,09:30:02,$ 3505.00,1
2028,09:30:02,$ 3505.00,2
2029,09:30:02,$ 3505.00,1
2030,09:30:02,$ 3505.00,2
2031,09:30:02,$ 3505.00,1
2032,09:30:02,$ 3505.00,5
2033,09:30:02,$ 3505.00,1
2034,09:30:02,$ 3505.00,1
2035,09:30:02,$ 3505.00,2
2036,09:30:02,$ 3505.00,18
2038,09:30:02,$ 3505.00,1
2039,09:30:02,$ 3505.00,1
2040,09:30:02,$ 3505.00,18
2041,09:30:02,$ 3505.00,2
2042,09:30:02,$ 3505.00,2
2043,09:30:02,$ 3505.00,2
2044,09:30:02,$ 3505.00,3
2045,09:30:02,$ 3505.00,7
2046,09:30:02,$ 3505.00,1
2047,09:30:02,$ 3505.00,1
2048,09:30:02,$ 3505.00,9
2049,09:30:02,$ 3505.00,1
2050,09:30:02,$ 3505.00,8
2051,09:30:02,$ 3505.00,2
2052,09:30:02,$ 3505.00,2
2053,09:30:02,$ 3505.00,2
2054,09:30:02,$ 3505.00,6
2055,09:30:02,$ 3505.00,200
2056,09:30:02,$ 3505.00,175
2057,09:30:02,$ 3505.00,9
2059,09:30:02,$ 3505.00,101
2060,09:30:02,$ 3505.00,25
2061,09:30:02,$ 3505.00,10
2062,09:30:02,$ 3505.00,361
2063,09:30:02,$ 3505.00,2
2064,09:30:02,$ 3505.00,1
2065,09:30:02,$ 3505.00,10
2066,09:30:02,$ 3505.00,"1,500"
2067,09:30:02,$ 3505.00,"1,653"
2068,09:30:02,$ 3505.00,30
2069,09:30:02,$ 3505.00,25
2070,09:30:02,$ 3505.00,1
2071,09:30:02,$ 3505.00,80
2072,09:30:02,$ 3505.00,1
2073,09:30:02,$ 3505.00,20
2074,09:30:02,$ 3505.00,5
2075,09:30:02,$ 3505.00,188
2076,09:30:02,$ 3505.00,1
2077,09:30:02,$ 3505.00,100
2078,09:30:02,$ 3505.00,100
2080,09:30:02,$ 3505.00,938
2081,09:30:02,$ 3505.00,29
2082,09:30:02,$ 3505.00,2
2083,09:30:02,$ 3505.00,93
2084,09:30:02,$ 3505.00,1
2085,09:30:02,$ 3505.00,2
2086,09:30:02,$ 3505.00,5
2087,09:30:02,$ 3505.00,82
2088,09:30:02,$ 3505.00,60
2089,09:30:02,$ 3505.00,2
2090,09:30:02,$ 3505.00,20
2091,09:30:02,$ 3505.00,7
2092,09:30:02,$ 3505.00,29
2093,09:30:02,$ 3505.00,9
2094,09:30:02,$ 3505.00,29
2095,09:30:02,$ 3505.00,17
2096,09:30:02,$ 3505.00,6
2097,09:30:02,$ 3505.00,4
2098,09:30:02,$ 3505.00,6
2099,09:30:02,$ 3505.00,4
2101,09:30:02,$ 3505.00,2
2102,09:30:02,$ 3505.00,10
2103,09:30:02,$ 3505.00,2
2104,09:30:02,$ 3505.00,1
2105,09:30:02,$ 3505.00,1
2106,09:30:02,$ 3505.00,1
2107,09:30:02,$ 3505.00,1
2108,09:30:02,$ 3505.00,200
2109,09:30:02,$ 3505.00,3
2110,09:30:02,$ 3505.00,2
2111,09:30:02,$ 3505.00,12
2112,09:30:02,$ 3505.00,3
2113,09:30:02,$ 3505.00,8
2114,09:30:02,$ 3505.00,1
2115,09:30:02,$ 3505.00,2
2116,09:30:02,$ 3505.00,2
2117,09:30:02,$ 3505.00,3
2118,09:30:02,$ 3505.00,36
2119,09:30:02,$ 3505.00,18
2120,09:30:02,$ 3505.00,3
2122,09:30:02,$ 3505.00,22
2123,09:30:02,$ 3505.00,10
2124,09:30:02,$ 3505.00,1
2125,09:30:02,$ 3505.00,4
2126,09:30:02,$ 3505.00,8
2127,09:30:02,$ 3505.00,4
2128,09:30:02,$ 3505.00,3
2129,09:30:02,$ 3505.00,1
2130,09:30:02,$ 3505.00,7
2131,09:30:02,$ 3505.00,28
2132,09:30:02,$ 3505.00,33
2133,09:30:02,$ 3505.00,5
2134,09:30:02,$ 3505.00,30
2135,09:30:02,$ 3505.00,6
2136,09:30:02,$ 3505.00,5
2137,09:30:02,$ 3505.00,3
2138,09:30:02,$ 3505.00,11
2139,09:30:02,$ 3505.00,4
2140,09:30:02,$ 3505.00,15
2141,09:30:02,$ 3505.00,50
2143,09:30:02,$ 3505.00,1
2144,09:30:02,$ 3505.00,10
2145,09:30:02,$ 3505.00,48
2146,09:30:02,$ 3505.00,5
2147,09:30:02,$ 3505.00,500
2148,09:30:02,$ 3505.00,1
2149,09:30:02,$ 3505.00,5
2150,09:30:02,$ 3505.00,1
2151,09:30:02,$ 3505.00,1
2152,09:30:02,$ 3505.00,1
2153,09:30:02,$ 3505.00,1
2154,09:30:02,$ 3505.00,5
2155,09:30:02,$ 3505.00,1
2156,09:30:02,$ 3505.00,2
2157,09:30:02,$ 3505.00,5
2158,09:30:02,$ 3505.00,19
2159,09:30:02,$ 3505.00,164
2160,09:30:02,$ 3505.00,36
2161,09:30:02,$ 3505.00,9
2162,09:30:02,$ 3505.00,1
2164,09:30:02,$ 3505.00,24
2165,09:30:02,$ 3505.00,1
2166,09:30:02,$ 3505.00,3
2167,09:30:02,$ 3505.00,10
2168,09:30:02,$ 3505.00,1
2169,09:30:02,$ 3505.00,3
2170,09:30:02,$ 3505.00,4
2171,09:30:02,$ 3505.00,10
2172,09:30:02,$ 3505.00,6
2173,09:30:02,$ 3505.00,1
2174,09:30:02,$ 3505.00,1
2175,09:30:02,$ 3505.00,29
2176,09:30:02,$ 3505.00,1
2177,09:30:02,$ 3505.00,10
2178,09:30:02,$ 3505.00,100
2179,09:30:02,$ 3505.00,259
2180,09:30:02,$ 3505.00,4
2181,09:30:02,$ 3505.00,53
2182,09:30:02,$ 3505.00,37
2183,09:30:02,$ 3505.00,41
2185,09:30:02,$ 3505.00,33
2186,09:30:02,$ 3505.00,30
2187,09:30:02,$ 3505.00,25
2188,09:30:02,$ 3505.00,11
2189,09:30:02,$ 3505.00,3
2190,09:30:02,$ 3505.00,2
2191,09:30:02,$ 3505.00,4
2192,09:30:02,$ 3505.00,1
2193,09:30:02,$ 3505.00,1
2194,09:30:02,$ 3505.00,10
2195,09:30:02,$ 3505.00,1
2196,09:30:02,$ 3505.00,1
2197,09:30:02,$ 3505.00,24
2198,09:30:02,$ 3505.00,2
2199,09:30:02,$ 3505.00,1
2200,09:30:02,$ 3505.00,29
2201,09:30:02,$ 3505.00,2
2202,09:30:02,$ 3505.00,6
2203,09:30:02,$ 3505.00,3
2204,09:30:02,$ 3505.00,9
2206,09:30:02,$ 3505.00,1
2207,09:30:02,$ 3505.00,1
2208,09:30:02,$ 3505.00,2
2209,09:30:02,$ 3505.00,30
2210,09:30:02,$ 3505.00,39
2211,09:30:02,$ 3505.00,1
2212,09:30:02,$ 3505.00,3
2213,09:30:02,$ 3505.00,2
2214,09:30:02,$ 3505.00,30
2215,09:30:02,$ 3505.00,1
2216,09:30:02,$ 3505.00,40
2217,09:30:02,$ 3505.00,2
2218,09:30:02,$ 3505.00,3
2219,09:30:02,$ 3505.00,425
2220,09:30:02,$ 3505.00,2
2221,09:30:02,$ 3505.00,156
2222,09:30:02,$ 3505.00,10
2223,09:30:02,$ 3505.00,1
2224,09:30:02,$ 3505.00,5
2225,09:30:02,$ 3505.00,3
2227,09:30:02,$ 3505.00,6
2228,09:30:02,$ 3505.00,2
2229,09:30:02,$ 3505.00,3
2230,09:30:02,$ 3505.00,3
2231,09:30:02,$ 3505.00,2
2232,09:30:02,$ 3505.00,10
2233,09:30:02,$ 3505.00,8
2234,09:30:02,$ 3505.00,20
2235,09:30:02,$ 3505.00,3
2236,09:30:02,$ 3505.00,1
2237,09:30:02,$ 3505.00,24
2238,09:30:02,$ 3505.00,9
2239,09:30:02,$ 3505.00,1
2240,09:30:02,$ 3505.00,8
2241,09:30:02,$ 3505.00,4
2242,09:30:02,$ 3505.00,30
2243,09:30:02,$ 3505.00,1
2244,09:30:02,$ 3505.00,10
2245,09:30:02,$ 3505.00,1
2246,09:30:02,$ 3505.00,1
2248,09:30:02,$ 3505.00,10
2249,09:30:02,$ 3505.00,10
2250,09:30:02,$ 3505.00,19
2251,09:30:02,$ 3505.00,1
2252,09:30:02,$ 3505.00,37
2253,09:30:02,$ 3505.00,26
2254,09:30:02,$ 3505.00,1
2255,09:30:02,$ 3505.00,18
2256,09:30:02,$ 3505.00,1
2257,09:30:02,$ 3505.00,53
2258,09:30:02,$ 3505.00,2
2259,09:30:02,$ 3505.00,4
2260,09:30:02,$ 3505.00,4
2261,09:30:02,$ 3505.00,5
2262,09:30:02,$ 3505.00,3
2263,09:30:02,$ 3505.00,6
2264,09:30:02,$ 3505.00,5
2265,09:30:02,$ 3505.00,1
2266,09:30:02,$ 3505.00,1
2267,09:30:02,$ 3505.00,50
2269,09:30:02,$ 3505.00,1
2270,09:30:02,$ 3505.00,1
2271,09:30:02,$ 3505.00,5
2272,09:30:02,$ 3505.00,9
2273,09:30:02,$ 3505.00,398
2274,09:30:02,$ 3505.00,1
2275,09:30:02,$ 3505.00,20
2276,09:30:02,$ 3505.00,300
2277,09:30:02,$ 3505.00,10
2278,09:30:02,$ 3505.00,8
2279,09:30:02,$ 3505.00,4
2280,09:30:02,$ 3505.00,1
2281,09:30:02,$ 3505.00,3
2282,09:30:02,$ 3505.00,1
2283,09:30:02,$ 3505.00,1
2284,09:30:02,$ 3505.00,1
2285,09:30:02,$ 3505.00,2
2286,09:30:02,$ 3505.00,2
2287,09:30:02,$ 3505.00,1
2288,09:30:02,$ 3505.00,1
2290,09:30:02,$ 3505.00,10
2291,09:30:02,$ 3505.00,3
2292,09:30:02,$ 3505.00,2
2293,09:30:02,$ 3505.00,1
2294,09:30:02,$ 3505.00,1
2295,09:30:02,$ 3505.00,1
2296,09:30:02,$ 3505.00,1
2297,09:30:02,$ 3505.00,5
2298,09:30:02,$ 3505.00,1
2299,09:30:02,$ 3505.00,3
2300,09:30:02,$ 3505.00,1
2301,09:30:02,$ 3505.00,5
2302,09:30:02,$ 3505.00,5
2303,09:30:02,$ 3505.00,1
2304,09:30:02,$ 3505.00,2
2305,09:30:02,$ 3505.00,9
2306,09:30:02,$ 3505.00,1
2307,09:30:02,$ 3505.00,1
2308,09:30:02,$ 3505.00,69
2309,09:30:02,$ 3505.00,10
2311,09:30:02,$ 3505.00,5
2312,09:30:02,$ 3505.00,1
2313,09:30:02,$ 3505.00,100
2314,09:30:02,$ 3505.00,151
2315,09:30:02,$ 3505.00,15
2316,09:30:02,$ 3505.00,6
2317,09:30:02,$ 3505.00,50
2318,09:30:02,$ 3505.00,1
2319,09:30:02,$ 3505.00,5
2320,09:30:02,$ 3505.00,2
2321,09:30:02,$ 3505.00,2
2322,09:30:02,$ 3505.00,9
2323,09:30:02,$ 3505.00,1
2324,09:30:02,$ 3505.00,1
2325,09:30:02,$ 3505.00,16
2326,09:30:02,$ 3505.00,3
2327,09:30:02,$ 3505.00,29
2328,09:30:02,$ 3505.00,5
2329,09:30:02,$ 3505.00,10
2330,09:30:02,$ 3505.00,3
2332,09:30:02,$ 3505.00,5
2333,09:30:02,$ 3505.00,1
2334,09:30:02,$ 3505.00,2
2335,09:30:02,$ 3505.00,25
2336,09:30:02,$ 3505.00,9
2337,09:30:02,$ 3505.00,158
2338,09:30:02,$ 3505.00,32
2339,09:30:02,$ 3505.00,2
2340,09:30:02,$ 3505.00,2
2341,09:30:02,$ 3505.00,119
2342,09:30:02,$ 3505.00,5
2343,09:30:02,$ 3505.00,31
2344,09:30:02,$ 3505.00,5
2345,09:30:02,$ 3505.00,1
2346,09:30:02,$ 3505.00,2
2347,09:30:02,$ 3505.00,12
2348,09:30:02,$ 3505.00,120
2349,09:30:02,$ 3505.00,63
2350,09:30:02,$ 3505.00,11
2351,09:30:02,$ 3505.00,14
2353,09:30:02,$ 3505.00,30
2354,09:30:02,$ 3505.00,2
2355,09:30:02,$ 3505.00,3
2356,09:30:02,$ 3505.00,5
2357,09:30:02,$ 3505.00,2
2358,09:30:02,$ 3505.00,20
2359,09:30:02,$ 3505.00,22
2360,09:30:02,$ 3505.00,1
2361,09:30:02,$ 3505.00,5
2362,09:30:02,$ 3505.00,3
2363,09:30:02,$ 3505.00,5
2364,09:30:02,$ 3505.00,1
2365,09:30:02,$ 3505.00,3
2366,09:30:02,$ 3505.00,9
2367,09:30:02,$ 3505.00,1
2368,09:30:02,$ 3505.00,1
2369,09:30:02,$ 3505.00,2
2370,09:30:02,$ 3505.00,6
2371,09:30:02,$ 3505.00,15
2372,09:30:02,$ 3505.00,1
2374,09:30:02,$ 3505.00,2
2375,09:30:02,$ 3505.00,3
2376,09:30:02,$ 3505.00,60
2377,09:30:02,$ 3505.00,3
2378,09:30:02,$ 3505.00,1
2379,09:30:02,$ 3505.00,2
2380,09:30:02,$ 3505.00,1
2381,09:30:02,$ 3505.00,1
2382,09:30:02,$ 3505.00,"1,000"
2383,09:30:02,$ 3505.00,3
2384,09:30:02,$ 3505.00,43
2385,09:30:02,$ 3505.00,2
2386,09:30:02,$ 3505.00,237
2387,09:30:02,$ 3505.00,50
2388,09:30:02,$ 3505.00,1
2389,09:30:02,$ 3505.00,3
2390,09:30:02,$ 3505.00,3
2391,09:30:02,$ 3505.00,1
2392,09:30:02,$ 3505.00,1
2393,09:30:02,$ 3505.00,3
2395,09:30:02,$ 3505.00,6
2396,09:30:02,$ 3505.00,7
2397,09:30:02,$ 3505.00,589
2398,09:30:02,$ 3505.00,1
2399,09:30:02,$ 3505.00,10
2400,09:30:02,$ 3505.00,50
2401,09:30:02,$ 3505.00,10
2402,09:30:02,$ 3505.00,2
2403,09:30:02,$ 3505.00,1
2404,09:30:02,$ 3505.00,1
2405,09:30:02,$ 3505.00,2
2406,09:30:02,$ 3505.00,4
2407,09:30:02,$ 3505.00,17
2408,09:30:02,$ 3505.00,1
2409,09:30:02,$ 3505.00,1
2410,09:30:02,$ 3505.00,35
2411,09:30:02,$ 3505.00,6
2412,09:30:02,$ 3505.00,100
2413,09:30:02,$ 3505.00,"2,000"
2414,09:30:02,$ 3505.00,18
2416,09:30:02,$ 3505.00,251
2417,09:30:02,$ 3505.00,55
2418,09:30:02,$ 3505.00,3
2419,09:30:02,$ 3505.00,5
2420,09:30:02,$ 3505.00,10
2421,09:30:02,$ 3505.00,1
2422,09:30:02,$ 3505.00,1
2423,09:30:02,$ 3505.00,1
2424,09:30:02,$ 3505.00,3
2425,09:30:02,$ 3505.00,1
2426,09:30:02,$ 3505.00,20
2427,09:30:02,$ 3505.00,2
2428,09:30:02,$ 3505.00,20
2429,09:30:02,$ 3505.00,10
2430,09:30:02,$ 3505.00,5
2431,09:30:02,$ 3505.00,3
2432,09:30:02,$ 3505.00,23
2433,09:30:02,$ 3505.00,27
2434,09:30:02,$ 3505.00,34
2435,09:30:02,$ 3505.00,40
2437,09:30:02,$ 3505.00,48
2438,09:30:02,$ 3505.00,6
2439,09:30:02,$ 3505.00,3
2440,09:30:02,$ 3505.00,40
2441,09:30:02,$ 3505.00,5
2442,09:30:02,$ 3505.00,10
2443,09:30:02,$ 3505.00,8
2444,09:30:02,$ 3505.00,1
2445,09:30:02,$ 3505.00,8
2446,09:30:02,$ 3505.00,10
2447,09:30:02,$ 3505.00,5
2448,09:30:02,$ 3505.00,2
2449,09:30:02,$ 3505.00,1
2450,09:30:02,$ 3505.00,1
2451,09:30:02,$ 3505.00,1
2452,09:30:02,$ 3505.00,5
2453,09:30:02,$ 3505.00,1
2454,09:30:02,$ 3505.00,1
2455,09:30:02,$ 3505.00,1
2456,09:30:02,$ 3505.00,1
2458,09:30:02,$ 3505.00,1
2459,09:30:02,$ 3505.00,2
2460,09:30:02,$ 3505.00,4
2461,09:30:02,$ 3505.00,2
2462,09:30:02,$ 3505.00,3
2463,09:30:02,$ 3505.00,10
2464,09:30:02,$ 3505.00,7
2465,09:30:02,$ 3505.00,40
2466,09:30:02,$ 3505.00,2
2467,09:30:02,$ 3505.00,1
2468,09:30:02,$ 3505.00,2
2469,09:30:02,$ 3505.00,4
2470,09:30:02,$ 3505.00,3
2471,09:30:02,$ 3505.00,3
2472,09:30:02,$ 3505.00,4
2473,09:30:02,$ 3505.00,2
2474,09:30:02,$ 3505.00,2
2475,09:30:02,$ 3505.00,4
2476,09:30:02,$ 3505.00,1
2477,09:30:02,$ 3505.00,5
2479,09:30:02,$ 3505.00,2
2480,09:30:02,$ 3505.00,1
2481,09:30:02,$ 3505.00,2
2482,09:30:02,$ 3505.00,9
2483,09:30:02,$ 3505.00,2
2484,09:30:02,$ 3505.00,1
2485,09:30:02,$ 3505.00,2
2486,09:30:02,$ 3505.00,2
2487,09:30:02,$ 3505.00,3
2488,09:30:02,$ 3505.00,2
2489,09:30:02,$ 3505.00,5
2490,09:30:02,$ 3505.00,2
2491,09:30:02,$ 3505.00,1
2492,09:30:02,$ 3505.00,2
2493,09:30:02,$ 3505.00,3
2494,09:30:02,$ 3505.00,1
2495,09:30:02,$ 3505.00,2
2496,09:30:02,$ 3505.00,1
2497,09:30:02,$ 3505.00,28
2498,09:30:02,$ 3505.00,3
2500,09:30:02,$ 3505.00,155
2501,09:30:02,$ 3505.00,1
2502,09:30:02,$ 3505.00,1
2503,09:30:02,$ 3505.00,2
2504,09:30:02,$ 3505.00,278
2505,09:30:02,$ 3505.00,13
2506,09:30:02,$ 3505.00,9
2507,09:30:02,$ 3505.00,2
2508,09:30:02,$ 3505.00,1
2509,09:30:02,$ 3505.00,1
2510,09:30:02,$ 3505.00,1
2511,09:30:02,$ 3505.00,14
2512,09:30:02,$ 3505.00,29
2513,09:30:02,$ 3505.00,1
2514,09:30:02,$ 3505.00,3
2515,09:30:02,$ 3505.00,3
2516,09:30:02,$ 3505.00,2
2517,09:30:02,$ 3505.00,1
2518,09:30:02,$ 3505.00,1
2519,09:30:02,$ 3505.00,3
2521,09:30:02,$ 3505.00,1
2522,09:30:02,$ 3505.00,46
2523,09:30:02,$ 3505.00,1
2524,09:30:02,$ 3505.00,30
2525,09:30:02,$ 3505.00,6
2526,09:30:02,$ 3505.00,25
2527,09:30:02,$ 3505.00,5
2528,09:30:02,$ 3505.00,12
2529,09:30:02,$ 3505.00,3
2530,09:30:02,$ 3505.00,2
2531,09:30:02,$ 3505.00,5
2532,09:30:02,$ 3505.00,3
2533,09:30:02,$ 3505.00,3
2534,09:30:02,$ 3505.00,1
2535,09:30:02,$ 3505.00,1
2536,09:30:02,$ 3505.00,100
2537,09:30:02,$ 3505.00,1
2538,09:30:02,$ 3505.00,7
2539,09:30:02,$ 3505.00,3
2540,09:30:02,$ 3505.00,15
2542,09:30:02,$ 3505.00,5
2543,09:30:02,$ 3505.00,17
2544,09:30:02,$ 3505.00,1
2545,09:30:02,$ 3505.00,2
2546,09:30:02,$ 3505.00,30
2547,09:30:02,$ 3505.00,2
2548,09:30:02,$ 3505.00,1
2549,09:30:02,$ 3505.00,4
2550,09:30:02,$ 3505.00,2
2551,09:30:02,$ 3505.00,39
2552,09:30:02,$ 3505.00,5
2553,09:30:02,$ 3505.00,1
2554,09:30:02,$ 3505.00,16
2555,09:30:02,$ 3505.00,16
2556,09:30:02,$ 3505.00,6
2557,09:30:02,$ 3505.00,8
2558,09:30:02,$ 3505.00,5
2559,09:30:02,$ 3505.00,10
2560,09:30:02,$ 3505.00,48
2561,09:30:02,$ 3505.00,1
2563,09:30:02,$ 3505.00,1
2564,09:30:02,$ 3505.00,5
2565,09:30:02,$ 3505.00,2
2566,09:30:02,$ 3505.00,6
2567,09:30:02,$ 3505.00,11
2568,09:30:02,$ 3505.00,3
2569,09:30:02,$ 3505.00,12
2570,09:30:02,$ 3505.00,55
2571,09:30:02,$ 3505.00,20
2572,09:30:02,$ 3505.00,10
2573,09:30:02,$ 3505.00,10
2574,09:30:02,$ 3505.00,2
2575,09:30:02,$ 3505.00,75
2576,09:30:02,$ 3505.00,10
2577,09:30:02,$ 3505.00,1
2578,09:30:02,$ 3505.00,1
2579,09:30:02,$ 3505.00,10
2580,09:30:02,$ 3505.00,2
2581,09:30:02,$ 3505.00,1
2582,09:30:02,$ 3505.00,1
2584,09:30:02,$ 3505.00,1
2585,09:30:02,$ 3505.00,3
2586,09:30:02,$ 3505.00,1
2587,09:30:02,$ 3505.00,1
2588,09:30:02,$ 3505.00,4
2589,09:30:02,$ 3505.00,2
2590,09:30:02,$ 3505.00,1
2591,09:30:02,$ 3505.00,2
2592,09:30:02,$ 3505.00,1
2593,09:30:02,$ 3505.00,1
2594,09:30:02,$ 3505.00,1
2595,09:30:02,$ 3505.00,1
2596,09:30:02,$ 3505.00,6
2597,09:30:02,$ 3505.00,1
2598,09:30:02,$ 3505.00,1
2599,09:30:02,$ 3505.00,11
2600,09:30:02,$ 3505.00,10
2601,09:30:02,$ 3505.00,"3,895"
2602,09:30:02,$ 3505.00,1
2603,09:30:02,$ 3505.00,1
2605,09:30:02,$ 3505.00,1
2606,09:30:02,$ 3505.00,1
2607,09:30:02,$ 3505.00,2
2608,09:30:02,$ 3505.00,1
2609,09:30:02,$ 3505.00,1
2610,09:30:02,$ 3505.00,1
2611,09:30:02,$ 3505.00,5
2612,09:30:02,$ 3505.00,1
2613,09:30:02,$ 3505.00,1
2614,09:30:02,$ 3505.00,1
2615,09:30:02,$ 3505.00,1
2616,09:30:02,$ 3505.00,1
2617,09:30:02,$ 3505.00,1
2618,09:30:02,$ 3505.00,1
2619,09:30:02,$ 3505.00,1
2620,09:30:02,$ 3505.00,5
2621,09:30:02,$ 3505.00,8
2622,09:30:02,$ 3505.00,1
2623,09:30:02,$ 3505.00,3
2624,09:30:02,$ 3505.00,1
2626,09:30:02,$ 3505.00,8
2627,09:30:02,$ 3505.00,2
2628,09:30:02,$ 3505.00,8
2629,09:30:02,$ 3505.00,1
2630,09:30:02,$ 3505.00,4
2631,09:30:02,$ 3505.00,9
2632,09:30:02,$ 3505.00,1
2633,09:30:02,$ 3505.00,3
2634,09:30:02,$ 3505.00,1
2635,09:30:02,$ 3505.00,20
2636,09:30:02,$ 3505.00,10
2637,09:30:02,$ 3505.00,4
2638,09:30:02,$ 3505.00,1
2639,09:30:02,$ 3505.00,4
2640,09:30:02,$ 3505.00,5
2641,09:30:02,$ 3505.00,1
2642,09:30:02,$ 3505.00,3
2643,09:30:02,$ 3505.00,5
2644,09:30:02,$ 3505.00,2
2645,09:30:02,$ 3505.00,5
2647,09:30:02,$ 3505.00,5
2648,09:30:02,$ 3505.00,108
2649,09:30:02,$ 3505.00,2
2650,09:30:02,$ 3505.00,30
2651,09:30:02,$ 3505.00,5
2652,09:30:02,$ 3505.00,10
2653,09:30:02,$ 3505.00,20
2654,09:30:02,$ 3505.00,3
2655,09:30:02,$ 3505.00,10
2656,09:30:02,$ 3505.00,4
2657,09:30:02,$ 3505.00,5
2658,09:30:02,$ 3505.00,4
2659,09:30:02,$ 3505.00,2
2660,09:30:02,$ 3505.00,1
2661,09:30:02,$ 3505.00,9
2662,09:30:02,$ 3505.00,1
2663,09:30:02,$ 3505.00,100
2664,09:30:02,$ 3505.00,5
2665,09:30:02,$ 3505.00,3
2666,09:30:02,$ 3505.00,1
2668,09:30:02,$ 3505.00,1
2669,09:30:02,$ 3505.00,7
2670,09:30:02,$ 3505.00,1
2671,09:30:02,$ 3505.00,1
2672,09:30:02,$ 3505.00,5
2673,09:30:02,$ 3505.00,1
2674,09:30:02,$ 3505.00,1
2675,09:30:02,$ 3505.00,8
2676,09:30:02,$ 3505.00,2
2677,09:30:02,$ 3505.00,3
2678,09:30:02,$ 3505.00,1
2679,09:30:02,$ 3505.00,3
2680,09:30:02,$ 3505.00,10
2681,09:30:02,$ 3505.00,1
2682,09:30:02,$ 3505.00,4
2683,09:30:02,$ 3505.00,1
2684,09:30:02,$ 3505.00,3
2685,09:30:02,$ 3505.00,1
2686,09:30:02,$ 3505.00,20
2687,09:30:02,$ 3505.00,2
2689,09:30:02,$ 3505.00,21
2690,09:30:02,$ 3505.00,16
2691,09:30:02,$ 3505.00,42
2692,09:30:02,$ 3505.00,7
2693,09:30:02,$ 3505.00,3
2694,09:30:02,$ 3505.00,2
2695,09:30:02,$ 3505.00,1
2696,09:30:02,$ 3505.00,15
2697,09:30:02,$ 3505.00,1
2698,09:30:02,$ 3505.00,1
2699,09:30:02,$ 3505.00,2
2700,09:30:02,$ 3505.00,8
2701,09:30:02,$ 3505.00,2
2702,09:30:02,$ 3505.00,2
2703,09:30:02,$ 3505.00,1
2704,09:30:02,$ 3505.00,1
2705,09:30:02,$ 3505.00,28
2706,09:30:02,$ 3505.00,8
2707,09:30:02,$ 3505.00,5
2708,09:30:02,$ 3505.00,1
2710,09:30:02,$ 3505.00,1
2711,09:30:02,$ 3505.00,1
2712,09:30:02,$ 3505.00,4
2713,09:30:02,$ 3505.00,2
2714,09:30:02,$ 3505.00,1
2715,09:30:02,$ 3505.00,1
2716,09:30:02,$ 3505.00,1
2717,09:30:02,$ 3505.00,14
2718,09:30:02,$ 3505.00,1
2719,09:30:02,$ 3505.00,2
2720,09:30:02,$ 3505.00,1
2721,09:30:02,$ 3505.00,76
2722,09:30:02,$ 3505.00,100
2723,09:30:02,$ 3505.00,20
2724,09:30:02,$ 3505.00,10
2725,09:30:02,$ 3505.00,34
2726,09:30:02,$ 3505.00,15
2727,09:30:02,$ 3505.00,1
2728,09:30:02,$ 3505.00,3
2729,09:30:02,$ 3505.00,1
2731,09:30:02,$ 3505.00,1
2732,09:30:02,$ 3505.00,1
2733,09:30:02,$ 3505.00,1
2734,09:30:02,$ 3505.00,15
2735,09:30:02,$ 3505.00,4
2736,09:30:02,$ 3505.00,15
2737,09:30:02,$ 3505.00,2
2738,09:30:02,$ 3505.00,2
2739,09:30:02,$ 3505.00,10
2740,09:30:02,$ 3505.00,1
2741,09:30:02,$ 3505.00,1
2742,09:30:02,$ 3505.00,92
2743,09:30:02,$ 3505.00,1
2744,09:30:02,$ 3505.00,1
2745,09:30:02,$ 3505.00,1
2746,09:30:02,$ 3505.00,1
2747,09:30:02,$ 3505.00,3
2748,09:30:02,$ 3505.00,2
2749,09:30:02,$ 3505.00,1
2750,09:30:02,$ 3505.00,10
2752,09:30:02,$ 3505.00,1
2753,09:30:02,$ 3505.00,1
2754,09:30:02,$ 3505.00,1
2755,09:30:02,$ 3505.00,1
2756,09:30:02,$ 3505.00,1
2757,09:30:02,$ 3505.00,3
2758,09:30:02,$ 3505.00,2
2759,09:30:02,$ 3505.00,1
2760,09:30:02,$ 3505.00,7
2761,09:30:02,$ 3505.00,1
2762,09:30:02,$ 3505.00,1
2763,09:30:02,$ 3505.00,29
2764,09:30:02,$ 3505.00,1
2765,09:30:02,$ 3505.00,10
2766,09:30:02,$ 3505.00,2
2767,09:30:02,$ 3505.00,5
2768,09:30:02,$ 3505.00,1
2769,09:30:02,$ 3505.00,900
2770,09:30:02,$ 3505.00,1
2771,09:30:02,$ 3505.00,170
2773,09:30:02,$ 3505.00,185
2774,09:30:02,$ 3505.00,1
2775,09:30:02,$ 3505.00,2
2776,09:30:02,$ 3505.00,1
2777,09:30:02,$ 3505.00,1
2778,09:30:02,$ 3505.00,1
2779,09:30:02,$ 3505.00,6
2780,09:30:02,$ 3505.00,2
2781,09:30:02,$ 3505.00,5
2782,09:30:02,$ 3505.00,1
2783,09:30:02,$ 3505.00,1
2784,09:30:02,$ 3505.00,4
2785,09:30:02,$ 3505.00,1
2786,09:30:02,$ 3505.00,1
2787,09:30:02,$ 3505.00,3
2788,09:30:02,$ 3505.00,3
2789,09:30:02,$ 3505.00,5
2790,09:30:02,$ 3505.00,10
2791,09:30:02,$ 3505.00,1
2792,09:30:02,$ 3505.00,100
2794,09:30:02,$ 3505.00,1
2795,09:30:02,$ 3505.00,1
2796,09:30:02,$ 3505.00,24
2797,09:30:02,$ 3505.00,1
2798,09:30:02,$ 3505.00,3
2799,09:30:02,$ 3505.00,5
2800,09:30:02,$ 3505.00,100
2801,09:30:02,$ 3505.00,1
2802,09:30:02,$ 3505.00,50
2803,09:30:02,$ 3505.00,2
2804,09:30:02,$ 3505.00,3
2805,09:30:02,$ 3505.00,10
2806,09:30:02,$ 3505.00,1
2807,09:30:02,$ 3505.00,3
2808,09:30:02,$ 3505.00,1
2809,09:30:02,$ 3505.00,2
2810,09:30:02,$ 3505.00,1
2811,09:30:02,$ 3505.00,1
2812,09:30:02,$ 3505.00,5
2813,09:30:02,$ 3505.00,3
2815,09:30:02,$ 3505.00,12
2816,09:30:02,$ 3505.00,4
2817,09:30:02,$ 3505.00,1
2818,09:30:02,$ 3505.00,10
2819,09:30:02,$ 3505.00,1
2820,09:30:02,$ 3505.00,100
2821,09:30:02,$ 3505.00,3
2822,09:30:02,$ 3505.00,1
2823,09:30:02,$ 3505.00,1
2824,09:30:02,$ 3505.00,1
2825,09:30:02,$ 3505.00,1
2826,09:30:02,$ 3505.00,1
2827,09:30:02,$ 3505.00,5
2828,09:30:02,$ 3505.00,1
2829,09:30:02,$ 3505.00,6
2830,09:30:02,$ 3505.00,15
2831,09:30:02,$ 3505.00,10
2832,09:30:02,$ 3505.00,2
2833,09:30:02,$ 3505.00,1
2834,09:30:02,$ 3505.00,2
2836,09:30:02,$ 3505.00,5
2837,09:30:02,$ 3505.00,15
2838,09:30:02,$ 3505.00,1
2839,09:30:02,$ 3505.00,25
2840,09:30:02,$ 3505.00,1
2841,09:30:02,$ 3505.00,5
2842,09:30:02,$ 3505.00,13
2843,09:30:02,$ 3505.00,1
2844,09:30:02,$ 3505.00,14
2845,09:30:02,$ 3505.00,1
2846,09:30:02,$ 3505.00,3
2847,09:30:02,$ 3505.00,5
2848,09:30:02,$ 3505.00,4
2849,09:30:02,$ 3505.00,6
2850,09:30:02,$ 3505.00,2
2851,09:30:02,$ 3505.00,1
2852,09:30:02,$ 3505.00,2
2853,09:30:02,$ 3505.00,2
2854,09:30:02,$ 3505.00,1
2855,09:30:02,$ 3505.00,6
2857,09:30:02,$ 3505.00,2
2858,09:30:02,$ 3505.00,1
2859,09:30:02,$ 3505.00,8
2860,09:30:02,$ 3505.00,2
2861,09:30:02,$ 3505.00,1
2862,09:30:02,$ 3505.00,20
2863,09:30:02,$ 3505.00,1
2864,09:30:02,$ 3505.00,3
2865,09:30:02,$ 3505.00,1
2866,09:30:02,$ 3505.00,3
2867,09:30:02,$ 3505.00,1
2868,09:30:02,$ 3505.00,2
2869,09:30:02,$ 3505.00,2
2870,09:30:02,$ 3505.00,1
2871,09:30:02,$ 3505.00,1
2872,09:30:02,$ 3505.00,1
2873,09:30:02,$ 3505.00,10
2874,09:30:02,$ 3505.00,5
2875,09:30:02,$ 3505.00,5
2876,09:30:02,$ 3505.00,1
2878,09:30:02,$ 3505.00,4
2879,09:30:02,$ 3505.00,5
2880,09:30:02,$ 3505.00,1
2881,09:30:02,$ 3505.00,1
2882,09:30:02,$ 3505.00,20
2883,09:30:02,$ 3505.00,3
2884,09:30:02,$ 3505.00,1
2885,09:30:02,$ 3505.00,10
2886,09:30:02,$ 3505.00,5
2887,09:30:02,$ 3505.00,1
2888,09:30:02,$ 3505.00,5
2889,09:30:02,$ 3505.00,30
2890,09:30:02,$ 3505.00,1
2891,09:30:02,$ 3505.00,1
2892,09:30:02,$ 3505.00,1
2893,09:30:02,$ 3505.00,1
2894,09:30:02,$ 3505.00,1
2895,09:30:02,$ 3505.00,1
2896,09:30:02,$ 3505.00,10
2897,09:30:02,$ 3505.00,50
2899,09:30:02,$ 3505.00,10
2900,09:30:02,$ 3505.00,1
2901,09:30:02,$ 3505.00,11
2902,09:30:02,$ 3505.00,1
2903,09:30:02,$ 3505.00,1
2904,09:30:02,$ 3505.00,2
2905,09:30:02,$ 3505.00,5
2906,09:30:02,$ 3505.00,1
2907,09:30:02,$ 3505.00,1
2908,09:30:02,$ 3505.00,1
2909,09:30:02,$ 3505.00,1
2910,09:30:02,$ 3505.00,3
2911,09:30:02,$ 3505.00,1
2912,09:30:02,$ 3505.00,30
2913,09:30:02,$ 3505.00,1
2914,09:30:02,$ 3505.00,1
2915,09:30:02,$ 3505.00,6
2916,09:30:02,$ 3505.00,1
2917,09:30:02,$ 3505.00,50
2918,09:30:02,$ 3505.00,2
2920,09:30:02,$ 3505.00,3
2921,09:30:02,$ 3505.00,2
2922,09:30:02,$ 3505.00,2
2923,09:30:02,$ 3505.00,5
2924,09:30:02,$ 3505.00,1
2925,09:30:02,$ 3505.00,1
2926,09:30:02,$ 3505.00,5
2927,09:30:02,$ 3505.00,30
2928,09:30:02,$ 3505.00,30
2929,09:30:02,$ 3505.00,1
2930,09:30:02,$ 3505.00,6
2931,09:30:02,$ 3505.00,2
2932,09:30:02,$ 3505.00,1
2933,09:30:02,$ 3504.99,100
2934,09:30:02,$ 3503.67,100
2935,09:30:01,$ 3504.99,107
2936,09:30:01,$ 3504.99,100
2937,09:30:01,$ 3505.00,121
2939,10:29:52,$ 3501.00,100
2940,10:29:26,$ 3500.21,100
2941,10:29:00,$ 3499.05,100
2942,10:28:58,$ 3500.20,100
2943,10:28:55,$ 3500.775,100
2944,10:28:32,$ 3500.21,185
2945,10:28:26,$ 3499.53,100
2946,10:28:25,$ 3499.86,100
2947,10:28:24,$ 3499.535,200
2948,10:28:23,$ 3499.775,900
2949,10:28:23,$ 3499.97,100
2950,10:28:23,$ 3500.09,100
2951,10:28:23,$ 3499.877,195
2952,10:28:22,$ 3499.27,100
2953,10:28:16,$ 3499.23,100
2954,10:28:12,$ 3499.95,100
2955,10:28:12,$ 3499.95,100
2956,10:28:12,$ 3499.94,100
2957,10:28:12,$ 3499.95,100
2958,10:28:12,$ 3499.94,100
2960,10:28:10,$ 3499.02,100
2961,10:27:56,$ 3499.97,100
2962,10:27:56,$ 3499.995,100
2963,10:27:48,$ 3499.00,100
2964,10:27:48,$ 3498.99,100
2965,10:27:42,$ 3500.735,100
2966,10:27:41,$ 3500.17,100
2967,10:27:41,$ 3500.084,100
2968,10:27:41,$ 3500.69,681
2969,10:27:41,$ 3500.04,100
2970,10:27:41,$ 3500.17,100
2971,10:27:41,$ 3500.1697,100
2972,10:27:41,$ 3500.17,100
2973,10:27:41,$ 3500.12,100
2974,10:27:41,$ 3500.18,100
2975,10:27:41,$ 3500.21,100
2976,10:27:34,$ 3499.835,100
2977,10:27:07,$ 3500.83,100
2978,10:27:02,$ 3500.04,100
2979,10:27:01,$ 3500.0093,100
2981,10:26:54,$ 3499.725,100
2982,10:26:48,$ 3499.17,100
2983,10:26:42,$ 3500.24,100
2984,10:26:39,$ 3499.295,100
2985,10:26:28,$ 3499.53,100
2986,10:26:26,$ 3499.74,150
2987,10:26:25,$ 3499.7401,100
2988,10:26:20,$ 3499.805,100
2989,10:26:18,$ 3499.75,100
2990,10:26:11,$ 3498.34,100
2991,10:26:11,$ 3500.01,100
2992,10:26:10,$ 3501.00,200
2993,10:25:56,$ 3501.19,217
2994,10:25:56,$ 3501.19,105
2995,10:25:48,$ 3501.465,100
2996,10:25:48,$ 3501.47,100
2997,10:25:37,$ 3502.71,100
2998,10:25:37,$ 3502.71,100
2999,10:25:28,$ 3502.59,100
3000,10:25:22,$ 3503.26,100
3002,10:25:19,$ 3501.07,100
3003,10:25:03,$ 3504.06,100
3004,10:25:00,$ 3503.22,100
3005,10:25:00,$ 3503.22,142
3006,10:25:00,$ 3503.37,110
3007,10:24:28,$ 3502.00,200
3008,10:24:20,$ 3502.76,100
3009,10:24:16,$ 3502.59,100
3010,10:24:13,$ 3503.26,100
3011,10:24:10,$ 3503.57,100
3012,10:24:09,$ 3503.25,178
3013,10:24:02,$ 3503.58,100
3014,10:23:46,$ 3504.07,100
3015,10:23:41,$ 3504.00,100
3016,10:23:41,$ 3504.00,168
3017,10:23:33,$ 3504.00,100
3018,10:23:32,$ 3504.10,100
3019,10:23:20,$ 3504.251,100
3020,10:23:11,$ 3506.00,100
3021,10:23:02,$ 3505.37,100
3023,10:22:57,$ 3505.00,100
3024,10:22:48,$ 3504.7848,190
3025,10:22:40,$ 3504.00,116
3026,10:22:40,$ 3504.15,100
3027,10:22:40,$ 3504.30,100
3028,10:22:20,$ 3505.5181,100
3029,10:22:05,$ 3505.43,100
3030,10:21:35,$ 3505.4299,100
3031,10:21:26,$ 3504.99,200
3032,10:21:24,$ 3504.325,100
3033,10:21:20,$ 3505.00,100
3034,10:21:15,$ 3504.2582,100
3035,10:21:13,$ 3505.505,800
3036,10:21:04,$ 3506.1099,100
3037,10:20:57,$ 3505.95,103
3038,10:20:57,$ 3505.98,127
3039,10:20:57,$ 3506.00,100
3040,10:20:57,$ 3505.57,100
3041,10:20:57,$ 3505.62,107
3042,10:20:46,$ 3504.12,190
3044,10:20:41,$ 3504.495,500
3045,10:20:28,$ 3503.64,100
3046,10:20:26,$ 3504.37,100
3047,10:20:18,$ 3503.63,100
3048,10:20:18,$ 3504.56,100
3049,10:20:18,$ 3504.61,100
3050,10:20:18,$ 3504.56,100
3051,10:20:05,$ 3503.785,100
3052,10:19:33,$ 3504.60,100
3053,10:19:30,$ 3504.6201,200
3054,10:19:21,$ 3504.02,100
3055,10:19:21,$ 3504.72,100
3056,10:19:21,$ 3504.73,101
3057,10:19:19,$ 3503.95,100
3058,10:19:10,$ 3503.87,100
3059,10:19:09,$ 3504.24,157
3060,10:18:59,$ 3505.06,100
3061,10:18:50,$ 3505.30,155
3062,10:18:43,$ 3504.93,100
3063,10:18:38,$ 3506.43,100
3065,10:18:33,$ 3506.40,100
3066,10:18:24,$ 3505.87,100
3067,10:18:24,$ 3505.87,100
3068,10:18:16,$ 3505.51,100
3069,10:18:01,$ 3506.405,100
3070,10:17:59,$ 3506.32,133
3071,10:17:54,$ 3506.5007,191
3072,10:17:54,$ 3506.5007,285
3073,10:17:54,$ 3506.26,100
3074,10:17:46,$ 3506.00,470
3075,10:17:44,$ 3505.57,200
3076,10:17:38,$ 3505.445,190
3077,10:17:36,$ 3503.905,100
3078,10:17:35,$ 3506.00,100
3079,10:17:35,$ 3506.10,100
3080,10:17:35,$ 3505.89,100
3081,10:17:35,$ 3505.86,100
3082,10:17:35,$ 3506.62,100
3083,10:17:35,$ 3506.08,100
3084,10:17:35,$ 3506.05,100
3086,10:17:31,$ 3505.98,100
3087,10:17:22,$ 3505.71,100
3088,10:17:18,$ 3505.175,100
3089,10:17:13,$ 3505.125,100
3090,10:17:08,$ 3505.68,100
3091,10:17:07,$ 3505.00,100
3092,10:17:06,$ 3504.50,100
3093,10:16:59,$ 3504.14,100
3094,10:16:59,$ 3503.982,100
3095,10:16:53,$ 3502.97,100
3096,10:16:51,$ 3502.655,100
3097,10:16:51,$ 3502.18,100
3098,10:16:47,$ 3503.25,100
3099,10:16:19,$ 3502.69,100
3100,10:16:17,$ 3503.01,100
3101,10:16:17,$ 3503.345,200
3102,10:16:05,$ 3502.61,100
3103,10:16:05,$ 3502.67,199
3104,10:16:04,$ 3501.85,100
3105,10:16:02,$ 3502.15,100
3107,10:16:02,$ 3502.32,100
3108,10:16:02,$ 3502.35,100
3109,10:16:00,$ 3502.145,262
3110,10:15:57,$ 3501.225,100
3111,10:15:55,$ 3501.105,100
3112,10:15:55,$ 3501.85,100
3113,10:15:52,$ 3502.29,100
3114,10:15:43,$ 3504.0999,100
3115,10:15:43,$ 3503.195,200
3116,10:15:30,$ 3501.00,101
3117,10:15:24,$ 3501.3858,171
3118,10:15:19,$ 3501.414,600
3119,10:15:13,$ 3501.00,100
3120,10:15:13,$ 3500.67,100
3121,10:15:13,$ 3500.84,100
3122,10:15:11,$ 3500.175,100
3123,10:15:07,$ 3500.175,100
3124,10:15:05,$ 3500.18,100
3125,10:15:04,$ 3500.59,100
3126,10:15:04,$ 3500.3785,"1,010"
3128,10:15:04,$ 3500.065,200
3129,10:15:04,$ 3500.32,100
3130,10:15:04,$ 3500.48,100
3131,10:14:59,$ 3500.29,108
3132,10:14:59,$ 3500.34,100
3133,10:14:59,$ 3500.34,100
3134,10:14:52,$ 3499.575,100
3135,10:14:49,$ 3499.932,480
3136,10:14:48,$ 3498.75,100
3137,10:14:46,$ 3499.71,100
3138,10:14:42,$ 3499.89,200
3139,10:14:42,$ 3499.8572,300
3140,10:14:38,$ 3499.73,100
3141,10:14:38,$ 3499.74,100
3142,10:14:36,$ 3499.71,100
3143,10:14:31,$ 3500.5442,500
3144,10:14:27,$ 3499.71,100
3145,10:14:27,$ 3499.71,100
3146,10:14:24,$ 3500.84,100
3147,10:14:21,$ 3500.285,100
3149,10:14:19,$ 3501.06,100
3150,10:14:19,$ 3501.02,100
3151,10:14:14,$ 3501.7371,480
3152,10:14:07,$ 3502.26,242
3153,10:14:07,$ 3501.78,100
3154,10:14:07,$ 3501.83,100
3155,10:14:07,$ 3501.169,100
3156,10:13:54,$ 3500.50,100
3157,10:13:50,$ 3500.84,100
3158,10:13:48,$ 3500.11,300
3159,10:13:42,$ 3499.90,100
3160,10:13:42,$ 3499.93,100
3161,10:13:35,$ 3499.41,119
3162,10:13:31,$ 3498.50,100
3163,10:13:27,$ 3498.90,100
3164,10:13:27,$ 3498.90,100
3165,10:13:27,$ 3498.90,100
3166,10:13:27,$ 3498.90,100
3167,10:13:27,$ 3498.90,100
3168,10:13:27,$ 3498.90,100
3170,10:13:27,$ 3498.90,100
3171,10:13:27,$ 3498.90,100
3172,10:13:27,$ 3498.90,100
3173,10:13:27,$ 3498.90,100
3174,10:13:27,$ 3498.90,100
3175,10:13:27,$ 3498.90,100
3176,10:13:27,$ 3498.90,100
3177,10:13:27,$ 3498.90,100
3178,10:13:27,$ 3498.90,100
3179,10:13:27,$ 3498.90,100
3180,10:13:27,$ 3498.90,100
3181,10:13:27,$ 3498.90,100
3182,10:13:27,$ 3498.90,100
3183,10:13:27,$ 3498.90,100
3184,10:13:27,$ 3498.90,100
3185,10:13:27,$ 3498.90,100
3186,10:13:27,$ 3498.90,100
3187,10:13:27,$ 3498.80,100
3188,10:13:24,$ 3498.5001,100
3189,10:13:22,$ 3499.045,300
3191,10:13:22,$ 3499.045,200
3192,10:13:18,$ 3499.10,300
3193,10:13:18,$ 3498.90,200
3194,10:13:17,$ 3499.45,100
3195,10:13:16,$ 3499.44,100
3196,10:13:15,$ 3499.45,100
3197,10:13:14,$ 3499.43,110
3198,10:13:07,$ 3499.585,200
3199,10:13:07,$ 3499.5785,152
3200,10:13:06,$ 3499.58,110
3201,10:13:04,$ 3499.585,100
3202,10:13:02,$ 3499.66,331
3203,10:13:01,$ 3499.685,100
3204,10:12:56,$ 3499.70,100
3205,10:12:51,$ 3499.80,100
3206,10:12:43,$ 3499.80,100
3207,10:12:43,$ 3500.00,100
3208,10:12:40,$ 3500.31,100
3209,10:12:34,$ 3500.14,100
3210,10:12:34,$ 3500.08,100
3212,10:12:31,$ 3500.095,100
3213,10:12:30,$ 3501.11,100
3214,10:12:29,$ 3500.97,100
3215,10:12:27,$ 3500.836,114
3216,10:12:23,$ 3500.405,100
3217,10:12:22,$ 3500.99,300
3218,10:12:18,$ 3500.27,100
3219,10:12:18,$ 3500.33,100
3220,10:12:18,$ 3500.30,100
3221,10:12:16,$ 3500.14,100
3222,10:12:14,$ 3500.03,100
3223,10:12:14,$ 3501.27,100
3224,10:12:13,$ 3502.605,200
3225,10:12:12,$ 3502.78,750
3226,10:12:11,$ 3503.1932,692
3227,10:12:11,$ 3502.17,100
3228,10:12:11,$ 3502.22,100
3229,10:12:11,$ 3502.20,100
3230,10:12:11,$ 3502.12,100
3231,10:12:11,$ 3502.21,100
3233,10:12:11,$ 3500.21,100
3234,10:12:11,$ 3500.35,100
3235,10:12:07,$ 3499.64,100
3236,10:12:06,$ 3500.228,244
3237,10:12:06,$ 3500.228,172
3238,10:12:01,$ 3500.00,100
3239,10:12:01,$ 3499.82,100
3240,10:11:59,$ 3499.62,100
3241,10:11:58,$ 3499.835,100
3242,10:11:54,$ 3499.50,300
3243,10:11:51,$ 3499.925,100
3244,10:11:50,$ 3499.64,100
3245,10:11:45,$ 3499.31,100
3246,10:11:39,$ 3499.795,100
3247,10:11:35,$ 3499.00,100
3248,10:11:32,$ 3499.00,300
3249,10:11:26,$ 3499.045,100
3250,10:11:25,$ 3498.955,100
3251,10:11:22,$ 3499.8617,120
3252,10:11:22,$ 3499.8617,380
3254,10:11:21,$ 3499.3822,100
3255,10:11:21,$ 3499.89,100
3256,10:11:21,$ 3499.99,100
3257,10:11:20,$ 3499.34,100
3258,10:11:19,$ 3498.895,100
3259,10:11:18,$ 3498.845,100
3260,10:11:18,$ 3498.5009,122
3261,10:11:17,$ 3498.88,300
3262,10:11:15,$ 3498.8087,441
3263,10:11:15,$ 3498.8087,285
3264,10:11:12,$ 3498.40,120
3265,10:11:12,$ 3498.40,306
3266,10:11:10,$ 3498.36,102
3267,10:11:10,$ 3498.108,100
3268,10:11:10,$ 3498.27,100
3269,10:11:10,$ 3498.15,100
3270,10:11:10,$ 3498.12,100
3271,10:11:10,$ 3498.12,350
3272,10:11:08,$ 3495.90,100
3273,10:11:05,$ 3497.00,100
3275,10:11:05,$ 3498.15,100
3276,10:11:04,$ 3497.57,200
3277,10:11:04,$ 3497.60,100
3278,10:11:04,$ 3496.915,100
3279,10:11:03,$ 3497.44,100
3280,10:11:03,$ 3497.44,100
3281,10:11:03,$ 3497.44,100
3282,10:11:02,$ 3496.96,100
3283,10:11:01,$ 3496.7023,100
3284,10:11:00,$ 3497.015,400
3285,10:11:00,$ 3498.14,100
3286,10:10:59,$ 3497.0175,400
3287,10:10:57,$ 3498.00,100
3288,10:10:56,$ 3498.10,100
3289,10:10:56,$ 3498.12,100
3290,10:10:56,$ 3498.01,100
3291,10:10:56,$ 3498.10,100
3292,10:10:54,$ 3498.85,100
3293,10:10:51,$ 3498.175,100
3294,10:10:51,$ 3498.10,195
3296,10:10:51,$ 3498.185,100
3297,10:10:51,$ 3498.165,100
3298,10:10:51,$ 3498.57,100
3299,10:10:51,$ 3498.92,200
3300,10:10:50,$ 3498.92,100
3301,10:10:50,$ 3498.453,100
3302,10:10:50,$ 3499.21,100
3303,10:10:50,$ 3500.00,100
3304,10:10:50,$ 3500.00,186
3305,10:10:50,$ 3500.00,100
3306,10:10:50,$ 3500.635,100
3307,10:10:50,$ 3500.635,100
3308,10:10:50,$ 3501.625,100
3309,10:10:50,$ 3501.00,400
3310,10:10:50,$ 3501.00,100
3311,10:10:50,$ 3501.00,100
3312,10:10:50,$ 3501.00,100
3313,10:10:50,$ 3501.00,100
3314,10:10:48,$ 3501.6235,502
3315,10:10:48,$ 3501.70,100
3317,10:10:48,$ 3501.39,159
3318,10:10:47,$ 3501.00,100
3319,10:10:46,$ 3501.3711,200
3320,10:10:45,$ 3501.00,100
3321,10:10:45,$ 3501.00,100
3322,10:10:45,$ 3501.39,100
3323,10:10:45,$ 3501.40,100
3324,10:10:45,$ 3501.39,100
3325,10:10:44,$ 3502.114,100
3326,10:10:42,$ 3501.39,100
3327,10:10:40,$ 3501.625,100
3328,10:10:39,$ 3502.20,100
3329,10:10:37,$ 3502.005,100
3330,10:10:36,$ 3501.735,100
3331,10:10:36,$ 3502.20,800
3332,10:10:36,$ 3502.204,250
3333,10:10:36,$ 3502.695,130
3334,10:10:35,$ 3502.695,600
3335,10:10:35,$ 3502.69,100
3336,10:10:35,$ 3502.69,100
3338,10:10:35,$ 3502.69,100
3339,10:10:35,$ 3502.17,100
3340,10:10:35,$ 3502.56,100
3341,10:10:35,$ 3502.695,100
3342,10:10:33,$ 3501.445,100
3343,10:10:33,$ 3501.80,100
3344,10:10:33,$ 3503.12,100
3345,10:10:32,$ 3502.00,100
3346,10:10:32,$ 3502.10,100
3347,10:10:32,$ 3503.00,167
3348,10:10:32,$ 3503.00,100
3349,10:10:32,$ 3503.00,100
3350,10:10:32,$ 3503.00,111
3351,10:10:32,$ 3503.00,500
3352,10:10:31,$ 3503.37,100
3353,10:10:29,$ 3503.755,100
3354,10:10:29,$ 3504.00,100
3355,10:10:28,$ 3504.445,179
3356,10:10:18,$ 3504.56,100
3357,10:10:18,$ 3504.56,200
3359,10:10:18,$ 3504.56,200
3360,10:10:17,$ 3504.33,100
3361,10:10:17,$ 3505.00,100
3362,10:10:17,$ 3505.00,255
3363,10:10:08,$ 3505.38,100
3364,10:10:08,$ 3505.14,100
3365,10:10:08,$ 3505.32,100
3366,10:10:08,$ 3505.38,200
3367,10:10:08,$ 3505.14,100
3368,10:10:08,$ 3505.14,100
3369,10:10:08,$ 3505.12,100
3370,10:10:08,$ 3505.12,100
3371,10:10:08,$ 3505.35,100
3372,10:09:50,$ 3505.64,100
3373,10:09:50,$ 3505.89,111
3374,10:09:50,$ 3505.89,289
3375,10:09:50,$ 3506.00,150
3376,10:09:29,$ 3506.00,100
3377,10:09:29,$ 3506.42,100
3378,10:09:29,$ 3506.77,170
3380,10:09:28,$ 3506.39,100
3381,10:09:21,$ 3506.705,100
3382,10:09:17,$ 3507.00,100
3383,10:09:16,$ 3507.00,100
3384,10:09:16,$ 3507.02,100
3385,10:09:16,$ 3507.00,100
3386,10:09:16,$ 3507.00,100
3387,10:09:10,$ 3508.50,148
3388,10:09:08,$ 3508.80,100
3389,10:09:04,$ 3509.005,100
3390,10:08:30,$ 3509.10,100
3391,10:08:27,$ 3509.09,100
3392,10:08:16,$ 3508.70,384
3393,10:08:11,$ 3508.55,100
3394,10:08:10,$ 3508.11,100
3395,10:08:03,$ 3509.015,100
3396,10:08:00,$ 3508.10,100
3397,10:07:39,$ 3509.63,200
3398,10:07:31,$ 3509.9299,190
3399,10:07:26,$ 3510.00,320
3401,10:07:12,$ 3510.55,100
3402,10:06:43,$ 3510.33,100
3403,10:06:34,$ 3509.85,126
3404,10:06:30,$ 3510.405,100
3405,10:06:29,$ 3509.948,250
3406,10:06:25,$ 3510.98,100
3407,10:06:25,$ 3510.972,100
3408,10:06:25,$ 3510.97,100
3409,10:06:25,$ 3510.762,100
3410,10:06:25,$ 3510.772,100
3411,10:06:25,$ 3510.97,100
3412,10:06:21,$ 3510.00,200
3413,10:06:11,$ 3509.955,200
3414,10:06:03,$ 3510.00,100
3415,10:06:03,$ 3509.98,120
3416,10:06:03,$ 3509.99,100
3417,10:06:03,$ 3509.99,200
3418,10:05:50,$ 3509.00,100
3419,10:05:39,$ 3508.15,947
3420,10:05:39,$ 3507.8398,100
3422,10:05:39,$ 3507.83,100
3423,10:05:39,$ 3507.84,200
3424,10:05:39,$ 3507.84,100
3425,10:05:39,$ 3507.784,100
3426,10:05:35,$ 3506.995,100
3427,10:05:31,$ 3507.01,100
3428,10:05:29,$ 3507.844,100
3429,10:05:29,$ 3507.868,100
3430,10:05:25,$ 3508.02,100
3431,10:05:24,$ 3507.24,100
3432,10:05:16,$ 3508.10,100
3433,10:05:16,$ 3508.15,100
3434,10:05:10,$ 3507.695,100
3435,10:05:02,$ 3507.25,100
3436,10:05:02,$ 3507.28,100
3437,10:04:59,$ 3507.55,100
3438,10:04:57,$ 3507.32,100
3439,10:04:57,$ 3507.32,100
3440,10:04:50,$ 3508.10,100
3441,10:04:50,$ 3508.02,100
3443,10:04:50,$ 3508.00,100
3444,10:04:27,$ 3509.1725,100
3445,10:04:27,$ 3508.49,100
3446,10:04:27,$ 3508.045,100
3447,10:04:07,$ 3508.74,100
3448,10:04:02,$ 3508.01,100
3449,10:03:58,$ 3508.13,100
3450,10:03:35,$ 3508.00,100
3451,10:03:33,$ 3507.69,100
3452,10:03:28,$ 3508.62,100
3453,10:03:24,$ 3508.24,100
3454,10:03:13,$ 3510.00,100
3455,10:03:11,$ 3508.54,100
3456,10:03:11,$ 3508.60,100
3457,10:03:11,$ 3508.426,100
3458,10:03:11,$ 3508.41,100
3459,10:03:11,$ 3508.31,100
3460,10:03:05,$ 3507.934,100
3461,10:03:05,$ 3508.17,101
3462,10:03:05,$ 3507.49,100
3464,10:03:05,$ 3507.47,100
3465,10:03:04,$ 3508.00,100
3466,10:03:04,$ 3508.00,200
3467,10:03:04,$ 3508.00,140
3468,10:03:04,$ 3508.00,100
3469,10:03:00,$ 3508.80,100
3470,10:02:57,$ 3509.585,100
3471,10:02:35,$ 3510.68,100
3472,10:02:35,$ 3510.69,100
3473,10:02:12,$ 3509.41,100
3474,10:02:03,$ 3508.79,100
3475,10:01:50,$ 3510.64,100
3476,10:01:46,$ 3510.00,100
3477,10:01:35,$ 3509.505,100
3478,10:01:34,$ 3509.65,100
3479,10:01:34,$ 3509.98,140
3480,10:01:33,$ 3509.595,300
3481,10:01:28,$ 3509.38,178
3482,10:01:25,$ 3509.13,100
3483,10:01:23,$ 3509.99,100
3485,10:01:20,$ 3509.89,100
3486,10:01:17,$ 3510.49,158
3487,10:01:17,$ 3510.00,212
3488,10:01:14,$ 3510.04,100
3489,10:01:14,$ 3510.00,100
3490,10:01:14,$ 3510.66,129
3491,10:01:13,$ 3511.00,100
3492,10:01:13,$ 3511.00,163
3493,10:01:10,$ 3511.66,108
3494,10:01:03,$ 3511.04,100
3495,10:01:00,$ 3511.705,100
3496,10:00:59,$ 3511.15,100
3497,10:00:47,$ 3512.61,100
3498,10:00:47,$ 3513.00,100
3499,10:00:47,$ 3513.0725,100
3500,10:00:47,$ 3513.00,100
3501,10:00:47,$ 3513.00,103
3502,10:00:34,$ 3513.03,100
3503,10:00:34,$ 3513.04,100
3504,10:00:34,$ 3513.10,100
3506,10:00:34,$ 3514.56,100
3507,10:00:24,$ 3514.75,100
3508,10:00:19,$ 3515.28,100
3509,10:00:16,$ 3514.22,100
3510,10:00:15,$ 3513.615,100
3511,10:00:10,$ 3513.00,100
3512,10:00:10,$ 3513.01,168
3513,10:00:10,$ 3513.00,100
3514,10:00:06,$ 3513.20,100
3515,10:00:04,$ 3513.135,100
3517,10:59:56,$ 3491.47,100
3518,10:59:53,$ 3490.955,100
3519,10:59:47,$ 3491.69,100
3520,10:59:46,$ 3491.03,100
3521,10:59:46,$ 3490.92,100
3522,10:59:44,$ 3490.27,100
3523,10:59:44,$ 3490.28,124
3524,10:59:44,$ 3489.895,100
3525,10:59:41,$ 3490.07,100
3526,10:59:32,$ 3489.42,100
3527,10:59:32,$ 3489.49,100
3528,10:59:28,$ 3490.13,100
3529,10:59:28,$ 3490.02,100
3530,10:59:28,$ 3490.00,100
3531,10:59:28,$ 3490.49,100
3532,10:59:27,$ 3490.70,100
3533,10:59:27,$ 3490.46,100
3534,10:59:27,$ 3490.55,100
3535,10:59:27,$ 3490.60,100
3536,10:59:27,$ 3490.60,100
3538,10:59:15,$ 3488.86,100
3539,10:59:15,$ 3489.615,100
3540,10:59:14,$ 3490.39,100
3541,10:59:08,$ 3489.75,100
3542,10:59:06,$ 3490.02,100
3543,10:59:03,$ 3490.00,102
3544,10:58:54,$ 3490.9534,300
3545,10:58:53,$ 3490.73,100
3546,10:58:35,$ 3491.0166,203
3547,10:58:30,$ 3491.21,100
3548,10:58:30,$ 3490.73,100
3549,10:58:30,$ 3491.00,100
3550,10:58:18,$ 3490.7801,100
3551,10:58:05,$ 3490.73,100
3552,10:58:03,$ 3491.12,100
3553,10:57:53,$ 3490.95,100
3554,10:57:53,$ 3489.58,100
3555,10:57:53,$ 3489.12,100
3556,10:57:53,$ 3489.12,100
3557,10:57:52,$ 3489.17,100
3559,10:57:52,$ 3488.66,100
3560,10:57:45,$ 3488.8384,300
3561,10:57:44,$ 3489.00,186
3562,10:57:41,$ 3488.10,100
3563,10:57:27,$ 3488.88,130
3564,10:57:27,$ 3489.41,100
3565,10:57:19,$ 3489.7946,150
3566,10:57:17,$ 3489.5391,105
3567,10:57:03,$ 3490.00,259
3568,10:57:03,$ 3490.00,100
3569,10:57:03,$ 3490.00,100
3570,10:57:03,$ 3490.00,101
3571,10:57:03,$ 3489.89,100
3572,10:57:03,$ 3490.00,256
3573,10:56:26,$ 3491.47,100
3574,10:56:26,$ 3491.26,199
3575,10:56:24,$ 3491.2699,100
3576,10:56:06,$ 3491.67,200
3577,10:56:06,$ 3491.175,400
3578,10:56:02,$ 3492.10,100
3580,10:56:02,$ 3492.10,100
3581,10:56:01,$ 3492.17,100
3582,10:55:36,$ 3493.79,100
3583,10:55:07,$ 3494.15,100
3584,10:55:04,$ 3494.3475,286
3585,10:54:57,$ 3494.28,100
3586,10:54:55,$ 3494.98,294
3587,10:54:53,$ 3494.35,100
3588,10:54:48,$ 3494.695,100
3589,10:54:45,$ 3494.695,300
3590,10:54:38,$ 3494.252,100
3591,10:54:36,$ 3494.83,300
3592,10:54:15,$ 3493.72,200
3593,10:54:14,$ 3493.115,100
3594,10:54:00,$ 3492.825,100
3595,10:53:55,$ 3493.62,100
3596,10:53:54,$ 3493.6201,423
3597,10:53:53,$ 3493.81,100
3598,10:53:50,$ 3492.815,100
3599,10:53:50,$ 3492.9994,125
3601,10:53:39,$ 3492.606,100
3602,10:53:39,$ 3492.628,100
3603,10:53:39,$ 3492.658,100
3604,10:53:39,$ 3492.64,100
3605,10:53:37,$ 3492.985,100
3606,10:53:35,$ 3493.00,100
3607,10:53:17,$ 3491.738,200
3608,10:53:11,$ 3492.24,100
3609,10:53:03,$ 3491.42,100
3610,10:52:48,$ 3492.17,100
3611,10:52:47,$ 3491.975,100
3612,10:52:34,$ 3490.74,100
3613,10:52:32,$ 3491.20,100
3614,10:52:32,$ 3491.17,100
3615,10:52:31,$ 3491.40,100
3616,10:52:31,$ 3491.42,100
3617,10:52:30,$ 3491.74,300
3618,10:52:30,$ 3492.34,100
3619,10:52:30,$ 3492.46,100
3620,10:52:30,$ 3492.30,101
3622,10:52:30,$ 3491.822,100
3623,10:52:30,$ 3491.87,100
3624,10:52:30,$ 3491.87,100
3625,10:52:30,$ 3490.89,100
3626,10:52:30,$ 3489.63,100
3627,10:52:30,$ 3489.47,100
3628,10:52:30,$ 3489.38,100
3629,10:52:30,$ 3489.31,180
3630,10:52:30,$ 3489.27,100
3631,10:52:30,$ 3489.22,100
3632,10:52:30,$ 3488.61,100
3633,10:52:13,$ 3488.615,100
3634,10:52:02,$ 3488.82,100
3635,10:51:53,$ 3489.8799,100
3636,10:51:34,$ 3489.57,108
3637,10:51:34,$ 3488.58,100
3638,10:51:29,$ 3488.61,200
3639,10:51:29,$ 3489.42,286
3640,10:51:29,$ 3489.10,100
3641,10:51:22,$ 3487.495,100
3643,10:51:22,$ 3487.505,100
3644,10:51:21,$ 3487.01,100
3645,10:51:21,$ 3486.882,100
3646,10:51:21,$ 3486.884,100
3647,10:51:21,$ 3486.85,100
3648,10:51:20,$ 3486.80,100
3649,10:51:18,$ 3487.01,100
3650,10:51:17,$ 3487.505,100
3651,10:51:17,$ 3487.505,100
3652,10:51:17,$ 3487.505,100
3653,10:51:17,$ 3487.5063,504
3654,10:51:17,$ 3487.5063,110
3655,10:51:13,$ 3487.19,100
3656,10:51:13,$ 3487.76,100
3657,10:51:12,$ 3488.0999,100
3658,10:51:12,$ 3488.00,100
3659,10:51:12,$ 3488.20,100
3660,10:51:12,$ 3488.20,100
3661,10:51:11,$ 3488.01,100
3662,10:51:11,$ 3488.01,100
3664,10:51:11,$ 3488.00,100
3665,10:51:11,$ 3488.01,100
3666,10:51:11,$ 3488.14,100
3667,10:51:11,$ 3488.03,100
3668,10:51:11,$ 3488.31,100
3669,10:51:07,$ 3489.3102,137
3670,10:51:02,$ 3489.265,100
3671,10:51:02,$ 3489.2475,100
3672,10:50:57,$ 3489.52,100
3673,10:50:57,$ 3489.54,100
3674,10:50:56,$ 3489.739,250
3675,10:50:54,$ 3489.735,100
3676,10:50:47,$ 3489.8223,200
3677,10:50:24,$ 3490.1366,300
3678,10:50:13,$ 3491.165,150
3679,10:50:12,$ 3490.84,100
3680,10:50:09,$ 3490.90,100
3681,10:50:09,$ 3490.675,100
3682,10:50:03,$ 3490.60,100
3683,10:49:35,$ 3490.25,100
3685,10:49:25,$ 3489.94,100
3686,10:49:25,$ 3489.96,200
3687,10:49:15,$ 3489.375,100
3688,10:49:13,$ 3489.375,100
3689,10:49:12,$ 3489.47,100
3690,10:49:12,$ 3489.34,100
3691,10:49:12,$ 3489.34,100
3692,10:49:02,$ 3489.685,100
3693,10:48:59,$ 3490.205,100
3694,10:48:50,$ 3490.14,100
3695,10:48:44,$ 3489.77,100
3696,10:48:44,$ 3489.82,100
3697,10:48:44,$ 3489.77,100
3698,10:48:43,$ 3489.755,100
3699,10:48:36,$ 3489.34,100
3700,10:48:18,$ 3490.62,100
3701,10:48:10,$ 3491.835,200
3702,10:48:10,$ 3491.43,200
3703,10:48:10,$ 3491.77,100
3704,10:48:10,$ 3491.45,100
3706,10:48:10,$ 3491.43,107
3707,10:48:10,$ 3491.7068,200
3708,10:48:10,$ 3491.4305,185
3709,10:48:10,$ 3491.71,200
3710,10:48:10,$ 3491.71,200
3711,10:48:10,$ 3491.45,100
3712,10:48:10,$ 3491.435,100
3713,10:48:10,$ 3491.4335,200
3714,10:48:10,$ 3491.45,100
3715,10:48:09,$ 3491.75,100
3716,10:48:06,$ 3490.86,100
3717,10:47:55,$ 3490.7958,440
3718,10:47:46,$ 3490.75,100
3719,10:47:44,$ 3491.02,100
3720,10:47:42,$ 3490.86,400
3721,10:47:35,$ 3490.30,100
3722,10:47:35,$ 3491.0345,"1,000"
3723,10:47:29,$ 3491.15,112
3724,10:47:29,$ 3491.15,188
3725,10:47:24,$ 3491.37,100
3727,10:47:24,$ 3491.6875,400
3728,10:47:17,$ 3491.71,100
3729,10:47:16,$ 3492.125,100
3730,10:47:07,$ 3492.15,100
3731,10:47:07,$ 3492.83,100
3732,10:47:07,$ 3492.6775,100
3733,10:47:07,$ 3492.52,100
3734,10:47:07,$ 3492.7425,100
3735,10:47:04,$ 3492.02,100
3736,10:47:04,$ 3492.48,100
3737,10:47:00,$ 3493.375,100
3738,10:46:51,$ 3493.16,100
3739,10:46:45,$ 3492.86,100
3740,10:46:45,$ 3493.735,100
3741,10:46:39,$ 3494.13,100
3742,10:46:38,$ 3494.685,100
3743,10:46:32,$ 3494.761,250
3744,10:46:30,$ 3494.72,100
3745,10:46:29,$ 3494.75,100
3746,10:46:27,$ 3494.56,100
3748,10:46:27,$ 3495.3025,409
3749,10:46:22,$ 3494.90,100
3750,10:46:18,$ 3495.835,100
3751,10:46:09,$ 3495.53,100
3752,10:46:09,$ 3495.53,100
3753,10:46:09,$ 3495.59,100
3754,10:46:09,$ 3496.03,100
3755,10:46:03,$ 3496.38,100
3756,10:46:03,$ 3495.96,100
3757,10:46:03,$ 3495.88,191
3758,10:46:01,$ 3495.07,100
3759,10:46:01,$ 3495.0701,125
3760,10:45:50,$ 3495.04,100
3761,10:45:50,$ 3495.04,100
3762,10:45:50,$ 3495.4489,209
3763,10:45:50,$ 3495.4489,567
3764,10:45:50,$ 3495.45,100
3765,10:45:47,$ 3495.53,100
3766,10:45:31,$ 3494.96,100
3767,10:45:31,$ 3495.31,100
3769,10:45:29,$ 3495.45,100
3770,10:45:19,$ 3496.48,100
3771,10:45:18,$ 3495.355,100
3772,10:45:18,$ 3495.43,100
3773,10:45:18,$ 3495.83,100
3774,10:45:17,$ 3495.985,100
3775,10:45:13,$ 3495.765,200
3776,10:45:07,$ 3495.49,100
3777,10:45:07,$ 3495.905,644
3778,10:45:07,$ 3496.08,100
3779,10:45:07,$ 3495.7799,100
3780,10:45:07,$ 3495.766,100
3781,10:45:07,$ 3495.44,100
3782,10:45:04,$ 3494.52,100
3783,10:45:01,$ 3494.79,100
3784,10:44:54,$ 3495.48,400
3785,10:44:48,$ 3495.18,219
3786,10:44:38,$ 3494.565,100
3787,10:44:38,$ 3494.68,100
3788,10:44:38,$ 3494.66,100
3790,10:44:38,$ 3494.66,200
3791,10:44:31,$ 3494.5113,200
3792,10:44:17,$ 3494.65,100
3793,10:44:17,$ 3494.69,100
3794,10:44:14,$ 3494.01,110
3795,10:44:00,$ 3494.185,100
3796,10:43:51,$ 3494.175,100
3797,10:43:35,$ 3494.07,248
3798,10:43:26,$ 3494.53,400
3799,10:43:21,$ 3494.35,100
3800,10:43:12,$ 3494.1796,300
3801,10:43:09,$ 3494.73,100
3802,10:43:09,$ 3494.70,100
3803,10:43:09,$ 3494.66,100
3804,10:43:09,$ 3495.00,100
3805,10:43:09,$ 3494.70,100
3806,10:43:08,$ 3494.72,100
3807,10:43:08,$ 3494.73,100
3808,10:43:03,$ 3491.8701,125
3809,10:43:00,$ 3492.86,190
3811,10:43:00,$ 3492.86,100
3812,10:43:00,$ 3492.86,100
3813,10:42:53,$ 3492.77,110
3814,10:42:48,$ 3492.49,134
3815,10:42:47,$ 3492.00,109
3816,10:42:41,$ 3491.17,100
3817,10:42:21,$ 3491.165,100
3818,10:42:10,$ 3492.38,200
3819,10:42:03,$ 3492.385,100
3820,10:41:57,$ 3492.29,100
3821,10:41:52,$ 3493.3228,125
3822,10:41:49,$ 3493.20,174
3823,10:41:49,$ 3493.00,100
3824,10:41:49,$ 3492.989,200
3825,10:41:48,$ 3492.415,200
3826,10:41:36,$ 3491.275,100
3827,10:41:34,$ 3491.2725,264
3828,10:41:34,$ 3491.2725,136
3829,10:41:31,$ 3491.58,100
3830,10:41:31,$ 3490.435,100
3832,10:41:29,$ 3490.44,100
3833,10:41:27,$ 3490.455,100
3834,10:41:27,$ 3491.58,100
3835,10:41:13,$ 3489.87,111
3836,10:41:08,$ 3489.00,113
3837,10:41:01,$ 3488.8316,145
3838,10:40:54,$ 3489.54,100
3839,10:40:44,$ 3488.70,100
3840,10:40:44,$ 3488.70,100
3841,10:40:44,$ 3488.425,100
3842,10:40:38,$ 3488.975,400
3843,10:40:38,$ 3488.975,100
3844,10:40:29,$ 3488.75,100
3845,10:40:26,$ 3488.4825,400
3846,10:40:24,$ 3488.90,100
3847,10:40:19,$ 3488.49,100
3848,10:40:09,$ 3487.715,100
3849,10:40:06,$ 3488.0199,300
3850,10:40:05,$ 3487.54,148
3851,10:39:57,$ 3487.05,111
3853,10:39:57,$ 3486.87,156
3854,10:39:41,$ 3486.9234,100
3855,10:39:38,$ 3486.73,100
3856,10:39:36,$ 3486.48,100
3857,10:39:35,$ 3486.475,400
3858,10:39:30,$ 3486.49,100
3859,10:39:27,$ 3485.88,100
3860,10:39:25,$ 3487.00,100
3861,10:39:25,$ 3487.32,121
3862,10:39:24,$ 3487.52,100
3863,10:39:24,$ 3488.465,186
3864,10:39:24,$ 3488.36,100
3865,10:39:21,$ 3487.71,100
3866,10:39:21,$ 3488.50,100
3867,10:39:21,$ 3488.50,100
3868,10:39:19,$ 3488.5899,100
3869,10:39:17,$ 3487.645,100
3870,10:39:04,$ 3488.15,100
3871,10:38:58,$ 3487.59,100
3872,10:38:57,$ 3487.675,100
3874,10:38:57,$ 3488.2499,125
3875,10:38:53,$ 3488.21,100
3876,10:38:53,$ 3487.63,100
3877,10:38:48,$ 3487.63,100
3878,10:38:43,$ 3488.2799,110
3879,10:38:42,$ 3487.93,100
