,NLS Time (ET),NLS Price,NLS Share Volume
1,09:59:56,$ 3403.3101,500
2,09:59:47,$ 3406.00,100
3,09:59:41,$ 3406.18,100
4,09:59:34,$ 3406.15,100
5,09:59:30,$ 3406.00,100
6,09:59:30,$ 3405.18,100
7,09:59:21,$ 3405.20,160
8,09:59:10,$ 3404.27,100
9,09:58:52,$ 3402.00,270
10,09:58:52,$ 3401.99,100
11,09:58:47,$ 3401.97,100
12,09:58:43,$ 3401.54,100
13,09:58:42,$ 3400.41,100
14,09:58:41,$ 3399.62,100
15,09:58:08,$ 3401.015,160
16,09:57:56,$ 3398.50,150
17,09:57:51,$ 3400.01,160
18,09:57:43,$ 3400.00,100
19,09:57:43,$ 3400.00,150
20,09:57:43,$ 3400.00,241
22,09:57:43,$ 3400.02,100
23,09:57:41,$ 3400.70,100
24,09:57:36,$ 3401.53,100
25,09:57:36,$ 3401.85,100
26,09:57:36,$ 3401.85,100
27,09:57:19,$ 3401.13,258
28,09:57:11,$ 3400.925,100
29,09:57:01,$ 3400.7933,160
30,09:56:58,$ 3400.49,100
31,09:56:58,$ 3400.97,100
32,09:56:58,$ 3401.00,100
33,09:56:58,$ 3400.97,100
34,09:56:58,$ 3400.97,100
35,09:56:58,$ 3400.97,100
36,09:56:58,$ 3400.97,100
37,09:56:58,$ 3400.96,100
38,09:56:58,$ 3400.80,100
39,09:56:32,$ 3399.4299,100
40,09:56:28,$ 3398.76,100
41,09:56:27,$ 3399.505,100
43,09:56:21,$ 3400.0884,100
44,09:56:11,$ 3399.62,100
45,09:56:10,$ 3398.34,200
46,09:56:10,$ 3399.47,100
47,09:56:10,$ 3398.48,100
48,09:56:10,$ 3398.38,100
49,09:56:10,$ 3399.48,100
50,09:56:10,$ 3398.91,143
51,09:56:09,$ 3398.3761,200
52,09:55:54,$ 3399.3485,100
53,09:55:53,$ 3399.535,100
54,09:55:51,$ 3399.675,100
55,09:55:34,$ 3400.44,100
56,09:55:32,$ 3400.436,250
57,09:55:31,$ 3400.515,100
58,09:55:22,$ 3400.025,100
59,09:55:20,$ 3400.83,100
60,09:55:12,$ 3401.695,100
61,09:55:08,$ 3402.36,100
62,09:55:05,$ 3401.60,180
64,09:55:05,$ 3401.60,100
65,09:55:03,$ 3401.60,100
66,09:55:02,$ 3401.60,100
67,09:55:02,$ 3402.37,100
68,09:54:54,$ 3401.32,100
69,09:54:52,$ 3401.5708,100
70,09:54:50,$ 3403.16,100
71,09:54:37,$ 3403.02,100
72,09:54:28,$ 3402.55,100
73,09:54:14,$ 3401.28,100
74,09:54:10,$ 3400.905,100
75,09:54:10,$ 3400.34,100
76,09:53:51,$ 3401.69,100
77,09:53:45,$ 3402.00,100
78,09:53:35,$ 3402.395,300
79,09:53:24,$ 3402.95,100
80,09:53:13,$ 3404.01,100
81,09:53:11,$ 3403.06,100
82,09:53:09,$ 3403.835,100
83,09:53:08,$ 3403.37,100
85,09:53:06,$ 3402.60,100
86,09:53:05,$ 3402.60,100
87,09:53:01,$ 3402.435,100
88,09:52:54,$ 3402.2416,300
89,09:52:54,$ 3402.78,250
90,09:52:51,$ 3402.415,228
91,09:52:47,$ 3401.99,100
92,09:52:47,$ 3401.98,100
93,09:52:42,$ 3402.52,100
94,09:52:42,$ 3402.315,200
95,09:52:00,$ 3400.30,100
96,09:52:00,$ 3400.44,100
97,09:52:00,$ 3400.44,100
98,09:52:00,$ 3400.35,100
99,09:52:00,$ 3400.31,100
100,09:52:00,$ 3400.31,100
101,09:52:00,$ 3400.30,100
102,09:52:00,$ 3400.29,100
103,09:51:46,$ 3400.86,100
104,09:51:40,$ 3401.45,100
106,09:51:35,$ 3400.16,100
107,09:51:27,$ 3400.765,100
108,09:51:21,$ 3399.78,100
109,09:51:17,$ 3400.35,100
110,09:51:07,$ 3398.99,100
111,09:51:07,$ 3398.525,128
112,09:50:39,$ 3399.2238,160
113,09:50:39,$ 3399.8256,500
114,09:50:36,$ 3399.14,100
115,09:50:34,$ 3399.435,160
116,09:50:28,$ 3399.41,100
117,09:50:18,$ 3399.97,100
118,09:50:18,$ 3400.2138,100
119,09:50:15,$ 3400.26,100
120,09:50:00,$ 3400.42,100
121,09:49:51,$ 3399.8594,150
122,09:49:50,$ 3400.00,100
123,09:49:45,$ 3400.00,100
124,09:49:43,$ 3400.125,160
125,09:49:40,$ 3400.085,400
127,09:49:35,$ 3400.08,100
128,09:49:35,$ 3400.39,100
129,09:49:32,$ 3399.41,100
130,09:49:26,$ 3400.23,100
131,09:49:25,$ 3400.5999,160
132,09:49:21,$ 3400.01,100
133,09:49:17,$ 3400.00,300
134,09:49:17,$ 3400.00,100
135,09:49:17,$ 3400.00,100
136,09:49:17,$ 3400.10,100
137,09:49:15,$ 3400.28,145
138,09:49:03,$ 3402.035,150
139,09:48:58,$ 3402.18,100
140,09:48:48,$ 3401.96,100
141,09:48:42,$ 3402.62,100
142,09:48:38,$ 3401.145,100
143,09:48:38,$ 3401.19,100
144,09:48:36,$ 3401.27,200
145,09:48:35,$ 3400.3001,160
146,09:48:35,$ 3400.35,100
148,09:48:30,$ 3401.26,160
149,09:48:26,$ 3401.29,100
150,09:48:24,$ 3400.91,100
151,09:48:24,$ 3400.91,150
152,09:48:24,$ 3400.90,100
153,09:48:24,$ 3400.91,100
154,09:48:24,$ 3400.92,100
155,09:48:12,$ 3400.4187,100
156,09:48:10,$ 3400.125,100
157,09:48:06,$ 3400.8936,100
158,09:47:46,$ 3402.245,100
159,09:47:46,$ 3402.005,100
160,09:47:46,$ 3401.98,100
161,09:47:46,$ 3402.06,100
162,09:47:46,$ 3403.54,100
163,09:47:35,$ 3404.22,160
164,09:46:59,$ 3404.8095,100
165,09:46:56,$ 3403.28,100
166,09:46:48,$ 3403.497,100
167,09:46:48,$ 3403.23,100
169,09:46:44,$ 3404.54,100
170,09:46:22,$ 3403.265,100
171,09:46:18,$ 3403.02,116
172,09:46:15,$ 3404.00,100
173,09:46:11,$ 3405.00,100
174,09:45:36,$ 3403.23,150
175,09:45:36,$ 3403.23,109
176,09:45:36,$ 3403.28,100
177,09:45:33,$ 3405.46,100
178,09:45:33,$ 3405.81,100
179,09:45:27,$ 3405.16,100
180,09:45:16,$ 3405.07,160
181,09:45:15,$ 3404.97,300
182,09:45:15,$ 3405.10,100
183,09:45:15,$ 3405.09,200
184,09:45:10,$ 3405.69,100
185,09:45:10,$ 3405.955,100
186,09:45:10,$ 3405.69,100
187,09:45:10,$ 3405.865,100
188,09:45:07,$ 3406.60,100
190,09:45:05,$ 3407.405,100
191,09:45:05,$ 3407.43,100
192,09:45:00,$ 3407.50,100
193,09:44:55,$ 3406.52,100
194,09:44:36,$ 3408.325,100
195,09:44:29,$ 3408.72,100
196,09:44:29,$ 3408.96,100
197,09:44:23,$ 3407.96,100
198,09:44:21,$ 3409.00,100
199,09:44:21,$ 3407.976,168
200,09:44:21,$ 3406.99,100
201,09:44:21,$ 3406.97,100
202,09:44:14,$ 3406.7833,100
203,09:44:12,$ 3406.48,100
204,09:44:05,$ 3406.1301,100
205,09:44:05,$ 3406.53,100
206,09:44:04,$ 3407.15,100
207,09:43:42,$ 3405.90,100
208,09:43:33,$ 3405.52,100
209,09:43:32,$ 3404.80,100
211,09:43:24,$ 3405.55,160
212,09:43:23,$ 3405.82,100
213,09:43:23,$ 3405.9418,100
214,09:43:22,$ 3406.02,100
215,09:43:14,$ 3403.85,100
216,09:43:13,$ 3404.40,100
217,09:43:12,$ 3404.27,100
218,09:42:59,$ 3405.46,100
219,09:42:58,$ 3404.74,100
220,09:42:57,$ 3404.9683,250
221,09:42:52,$ 3404.92,200
222,09:42:52,$ 3405.02,400
223,09:42:52,$ 3404.72,100
224,09:42:52,$ 3404.81,100
225,09:42:52,$ 3405.50,100
226,09:42:52,$ 3405.36,100
227,09:42:52,$ 3405.02,100
228,09:42:52,$ 3405.90,100
229,09:42:52,$ 3405.83,100
230,09:42:39,$ 3405.96,100
232,09:42:38,$ 3405.97,100
233,09:42:33,$ 3406.64,100
234,09:42:21,$ 3405.7888,250
235,09:42:19,$ 3405.62,100
236,09:42:19,$ 3405.63,100
237,09:42:16,$ 3405.2701,100
238,09:42:15,$ 3406.66,160
239,09:42:14,$ 3406.09,100
240,09:42:13,$ 3406.32,100
241,09:41:59,$ 3407.10,100
242,09:41:50,$ 3407.5709,100
243,09:41:46,$ 3406.78,100
244,09:41:46,$ 3406.75,100
245,09:41:43,$ 3407.65,100
246,09:41:41,$ 3407.74,100
247,09:41:36,$ 3406.54,100
248,09:41:34,$ 3406.00,100
249,09:41:17,$ 3406.43,100
250,09:41:08,$ 3405.53,100
251,09:41:02,$ 3407.4112,152
253,09:41:01,$ 3408.05,100
254,09:41:00,$ 3407.385,160
255,09:40:59,$ 3406.97,100
256,09:40:57,$ 3406.64,100
257,09:40:54,$ 3407.50,100
258,09:40:54,$ 3407.43,100
259,09:40:54,$ 3407.43,100
260,09:40:54,$ 3407.82,100
261,09:40:52,$ 3408.10,100
262,09:40:51,$ 3408.78,100
263,09:40:51,$ 3408.70,100
264,09:40:49,$ 3408.00,100
265,09:40:43,$ 3407.6073,160
266,09:40:38,$ 3407.0879,100
267,09:40:31,$ 3406.035,100
268,09:40:29,$ 3404.8351,160
269,09:40:25,$ 3404.7983,100
270,09:40:24,$ 3405.29,100
271,09:40:23,$ 3404.67,100
272,09:40:11,$ 3406.6599,100
274,09:40:09,$ 3406.67,100
275,09:40:08,$ 3406.6799,100
276,09:40:06,$ 3405.9969,159
277,09:40:03,$ 3405.2201,160
278,09:40:03,$ 3405.22,239
279,09:40:00,$ 3405.2101,100
280,09:39:56,$ 3405.99,100
281,09:39:55,$ 3406.05,100
282,09:39:55,$ 3406.995,160
283,09:39:49,$ 3403.95,100
284,09:39:49,$ 3403.98,100
285,09:39:43,$ 3403.96,100
286,09:39:41,$ 3404.38,100
287,09:39:41,$ 3404.315,100
288,09:39:41,$ 3403.98,100
289,09:39:36,$ 3406.045,100
290,09:39:36,$ 3405.285,100
291,09:39:33,$ 3404.40,100
292,09:39:32,$ 3405.065,100
293,09:39:28,$ 3405.105,160
295,09:39:28,$ 3406.1599,100
296,09:39:15,$ 3405.67,100
297,09:39:12,$ 3404.38,100
298,09:38:59,$ 3404.41,100
299,09:38:20,$ 3402.98,100
300,09:38:18,$ 3402.80,100
301,09:38:13,$ 3403.13,100
302,09:38:13,$ 3403.26,100
303,09:38:09,$ 3404.475,100
304,09:38:09,$ 3405.3145,150
305,09:38:09,$ 3404.38,100
306,09:38:07,$ 3405.30,100
307,09:38:03,$ 3405.7335,241
308,09:38:01,$ 3406.50,500
309,09:38:00,$ 3406.6172,184
310,09:38:00,$ 3406.00,100
311,09:37:56,$ 3406.0001,100
312,09:37:53,$ 3406.69,100
313,09:37:53,$ 3406.69,100
314,09:37:50,$ 3406.26,100
316,09:37:50,$ 3407.22,100
317,09:37:50,$ 3407.22,100
318,09:37:50,$ 3407.22,100
319,09:37:50,$ 3406.50,100
320,09:37:42,$ 3406.11,160
321,09:37:36,$ 3405.05,100
322,09:37:36,$ 3405.24,100
323,09:37:35,$ 3405.915,100
324,09:37:34,$ 3405.915,150
325,09:37:32,$ 3404.855,103
326,09:37:32,$ 3405.25,100
327,09:37:31,$ 3404.20,103
328,09:37:24,$ 3403.595,150
329,09:37:18,$ 3404.00,100
330,09:37:18,$ 3403.56,700
331,09:37:16,$ 3403.30,100
332,09:37:13,$ 3402.61,100
333,09:37:12,$ 3402.7085,140
334,09:37:11,$ 3403.10,100
335,09:37:11,$ 3403.89,100
337,09:37:11,$ 3403.67,100
338,09:37:06,$ 3403.66,100
339,09:37:06,$ 3403.66,100
340,09:37:01,$ 3403.25,100
341,09:36:53,$ 3400.38,100
342,09:36:50,$ 3401.73,100
343,09:36:50,$ 3401.65,100
344,09:36:41,$ 3403.02,100
345,09:36:40,$ 3403.20,100
346,09:36:39,$ 3402.4484,160
347,09:36:39,$ 3402.70,100
348,09:36:39,$ 3402.63,100
349,09:36:39,$ 3402.63,100
350,09:36:39,$ 3402.26,100
351,09:36:35,$ 3402.0075,150
352,09:36:33,$ 3404.02,100
353,09:36:32,$ 3403.00,149
354,09:36:32,$ 3402.75,100
355,09:36:28,$ 3401.9558,160
356,09:36:25,$ 3400.67,100
358,09:36:25,$ 3399.89,100
359,09:36:24,$ 3400.3138,150
360,09:36:23,$ 3399.00,100
361,09:36:19,$ 3399.0985,104
362,09:36:18,$ 3400.00,300
363,09:36:18,$ 3400.00,100
364,09:36:18,$ 3400.00,100
365,09:36:18,$ 3400.00,166
366,09:36:18,$ 3400.00,149
367,09:36:18,$ 3400.00,112
368,09:36:18,$ 3399.76,100
369,09:36:18,$ 3399.75,100
370,09:36:18,$ 3399.80,100
371,09:36:13,$ 3399.2501,160
372,09:36:11,$ 3399.34,100
373,09:36:11,$ 3399.29,100
374,09:36:11,$ 3399.25,638
375,09:36:07,$ 3399.5631,160
376,09:36:05,$ 3399.31,100
377,09:36:02,$ 3399.45,160
379,09:36:00,$ 3399.44,100
380,09:36:00,$ 3399.44,100
381,09:35:57,$ 3398.2107,150
382,09:35:57,$ 3397.98,100
383,09:35:56,$ 3397.6071,100
384,09:35:51,$ 3400.06,100
385,09:35:43,$ 3401.72,100
386,09:35:43,$ 3401.72,100
387,09:35:43,$ 3401.72,100
388,09:35:43,$ 3401.72,100
389,09:35:43,$ 3401.72,100
390,09:35:43,$ 3401.74,100
391,09:35:41,$ 3400.94,100
392,09:35:31,$ 3401.1951,130
393,09:35:21,$ 3400.00,100
394,09:35:14,$ 3399.915,100
395,09:35:09,$ 3401.3399,500
396,09:35:07,$ 3400.38,100
397,09:34:58,$ 3402.30,100
398,09:34:58,$ 3402.30,100
400,09:34:58,$ 3402.30,100
401,09:34:48,$ 3401.1101,100
402,09:34:41,$ 3400.00,100
403,09:34:41,$ 3400.00,100
404,09:34:32,$ 3399.00,100
405,09:34:32,$ 3398.71,100
406,09:34:32,$ 3398.75,100
407,09:34:31,$ 3397.505,100
408,09:34:27,$ 3397.8454,100
409,09:34:23,$ 3396.20,100
410,09:34:18,$ 3398.00,120
411,09:34:18,$ 3396.17,100
412,09:34:16,$ 3398.36,100
413,09:34:13,$ 3396.24,100
414,09:34:12,$ 3397.745,100
415,09:34:12,$ 3397.61,100
416,09:34:08,$ 3396.99,100
417,09:34:08,$ 3396.07,100
418,09:34:08,$ 3396.045,500
419,09:34:07,$ 3395.99,100
421,09:34:07,$ 3395.76,100
422,09:34:06,$ 3396.70,100
423,09:34:05,$ 3395.952,100
424,09:33:59,$ 3396.69,100
425,09:33:59,$ 3396.70,100
426,09:33:57,$ 3397.57,100
427,09:33:57,$ 3396.70,100
428,09:33:53,$ 3394.58,100
429,09:33:53,$ 3395.00,451
430,09:33:53,$ 3395.00,110
431,09:33:41,$ 3396.7132,100
432,09:33:35,$ 3397.235,100
433,09:33:23,$ 3396.69,100
434,09:33:22,$ 3398.53,100
435,09:33:21,$ 3397.6237,189
436,09:33:17,$ 3399.795,100
437,09:33:16,$ 3399.705,100
438,09:33:14,$ 3399.125,300
439,09:33:08,$ 3397.985,100
440,09:33:08,$ 3397.985,100
442,09:33:08,$ 3398.155,100
443,09:33:07,$ 3396.49,100
444,09:33:02,$ 3397.94,100
445,09:33:02,$ 3397.82,100
446,09:32:58,$ 3396.00,100
447,09:32:58,$ 3396.04,100
448,09:32:53,$ 3395.98,100
449,09:32:51,$ 3396.09,100
450,09:32:49,$ 3397.62,100
451,09:32:49,$ 3397.31,100
452,09:32:49,$ 3397.28,100
453,09:32:49,$ 3397.26,749
454,09:32:49,$ 3397.26,185
455,09:32:49,$ 3397.60,100
456,09:32:43,$ 3397.95,100
457,09:32:38,$ 3398.1875,140
458,09:32:32,$ 3397.44,100
459,09:32:32,$ 3397.26,100
460,09:32:32,$ 3397.27,100
461,09:32:28,$ 3397.26,100
463,09:32:28,$ 3397.26,100
464,09:32:28,$ 3397.50,100
465,09:32:17,$ 3400.0085,100
466,09:32:11,$ 3401.72,100
467,09:32:11,$ 3401.72,100
468,09:32:11,$ 3400.495,100
469,09:32:09,$ 3401.145,100
470,09:32:09,$ 3401.73,100
471,09:32:06,$ 3399.98,100
472,09:32:00,$ 3400.00,100
473,09:31:46,$ 3401.43,100
474,09:31:46,$ 3401.34,100
475,09:31:46,$ 3401.42,100
476,09:31:46,$ 3401.06,100
477,09:31:45,$ 3400.8605,"1,000"
478,09:31:45,$ 3399.79,100
479,09:31:45,$ 3401.29,100
480,09:31:44,$ 3401.8674,100
481,09:31:40,$ 3401.29,250
482,09:31:40,$ 3402.25,100
484,09:31:39,$ 3400.895,100
485,09:31:32,$ 3401.78,100
486,09:31:31,$ 3400.895,100
487,09:31:31,$ 3400.45,100
488,09:31:31,$ 3400.50,100
489,09:31:29,$ 3397.91,100
490,09:31:24,$ 3398.97,100
491,09:31:24,$ 3397.95,100
492,09:31:24,$ 3397.27,100
493,09:31:24,$ 3397.27,100
494,09:31:24,$ 3397.27,100
495,09:31:10,$ 3395.79,100
496,09:31:10,$ 3395.84,100
497,09:31:10,$ 3395.85,100
498,09:31:03,$ 3395.12,100
499,09:31:03,$ 3396.01,100
500,09:31:03,$ 3396.02,100
501,09:30:56,$ 3394.99,100
502,09:30:56,$ 3396.10,100
503,09:30:56,$ 3393.5701,120
505,09:30:56,$ 3393.40,100
506,09:30:56,$ 3395.00,100
507,09:30:56,$ 3396.00,104
508,09:30:55,$ 3395.50,150
509,09:30:55,$ 3396.00,100
510,09:30:55,$ 3399.1799,100
511,09:30:50,$ 3397.13,"1,000"
512,09:30:48,$ 3397.54,100
513,09:30:48,$ 3397.53,100
514,09:30:43,$ 3398.3892,100
515,09:30:43,$ 3399.81,100
516,09:30:43,$ 3399.45,169
517,09:30:43,$ 3399.52,100
518,09:30:43,$ 3399.75,100
519,09:30:43,$ 3399.45,100
520,09:30:38,$ 3397.71,100
521,09:30:38,$ 3396.93,100
522,09:30:31,$ 3398.3582,100
523,09:30:23,$ 3397.88,100
524,09:30:22,$ 3397.24,192
526,09:30:17,$ 3400.50,100
527,09:30:17,$ 3400.16,100
528,09:30:16,$ 3403.01,100
529,09:30:16,$ 3402.80,100
530,09:30:14,$ 3401.11,100
531,09:30:08,$ 3398.80,100
532,09:30:08,$ 3400.00,100
533,09:30:06,$ 3398.00,200
534,09:30:06,$ 3398.60,100
535,09:30:04,$ 3398.42,100
536,09:30:04,$ 3399.94,100
537,09:30:04,$ 3400.00,150
538,09:30:04,$ 3400.00,100
539,09:30:04,$ 3399.95,100
540,09:30:02,$ 3402.01,3
541,09:30:02,$ 3402.01,5
542,09:30:02,$ 3402.01,24
543,09:30:02,$ 3402.01,5
544,09:30:02,$ 3402.01,21
545,09:30:02,$ 3402.01,1
547,09:30:02,$ 3402.01,2
548,09:30:02,$ 3402.01,1
549,09:30:02,$ 3402.01,6
550,09:30:02,$ 3402.01,6
551,09:30:02,$ 3402.01,5
552,09:30:02,$ 3402.01,20
553,09:30:02,$ 3402.01,6
554,09:30:02,$ 3402.01,3
555,09:30:02,$ 3402.01,1
556,09:30:02,$ 3402.01,2
557,09:30:02,$ 3402.01,1
558,09:30:02,$ 3402.01,1
559,09:30:02,$ 3402.01,1
560,09:30:02,$ 3402.01,1
561,09:30:02,$ 3402.01,4
562,09:30:02,$ 3402.01,8
563,09:30:02,$ 3402.01,1
564,09:30:02,$ 3402.01,1
565,09:30:02,$ 3402.01,1
566,09:30:02,$ 3402.01,1
568,09:30:02,$ 3402.01,1
569,09:30:02,$ 3402.01,1
570,09:30:02,$ 3402.01,35
571,09:30:02,$ 3402.01,3
572,09:30:02,$ 3402.01,1
573,09:30:02,$ 3402.01,2
574,09:30:02,$ 3402.01,2
575,09:30:02,$ 3402.01,1
576,09:30:02,$ 3402.01,2
577,09:30:02,$ 3402.01,2
578,09:30:02,$ 3402.01,4
579,09:30:02,$ 3402.01,1
580,09:30:02,$ 3402.01,1
581,09:30:02,$ 3402.01,2
582,09:30:02,$ 3402.01,1
583,09:30:02,$ 3402.01,1
584,09:30:02,$ 3402.01,2
585,09:30:02,$ 3402.01,2
586,09:30:02,$ 3402.01,1
587,09:30:02,$ 3402.01,3
589,09:30:02,$ 3402.01,1
590,09:30:02,$ 3402.01,1
591,09:30:02,$ 3402.01,1
592,09:30:02,$ 3402.01,10
593,09:30:02,$ 3402.01,2
594,09:30:02,$ 3402.01,1
595,09:30:02,$ 3402.01,2
596,09:30:02,$ 3402.01,20
597,09:30:02,$ 3402.01,5
598,09:30:02,$ 3402.01,1
599,09:30:02,$ 3402.01,4
600,09:30:02,$ 3402.01,1
601,09:30:02,$ 3402.01,1
602,09:30:02,$ 3402.01,1
603,09:30:02,$ 3402.01,1
604,09:30:02,$ 3402.01,4
605,09:30:02,$ 3402.01,1
606,09:30:02,$ 3402.01,5
607,09:30:02,$ 3402.01,1
608,09:30:02,$ 3402.01,1
610,09:30:02,$ 3402.01,1
611,09:30:02,$ 3402.01,1
612,09:30:02,$ 3402.01,1
613,09:30:02,$ 3402.01,11
614,09:30:02,$ 3402.01,85
615,09:30:02,$ 3402.01,4
616,09:30:02,$ 3402.01,12
617,09:30:02,$ 3402.01,1
618,09:30:02,$ 3402.01,7
619,09:30:02,$ 3402.01,1
620,09:30:02,$ 3402.01,6
621,09:30:02,$ 3402.01,1
622,09:30:02,$ 3402.01,3
623,09:30:02,$ 3402.01,2
624,09:30:02,$ 3402.01,1
625,09:30:02,$ 3402.01,94
626,09:30:02,$ 3402.01,3
627,09:30:02,$ 3402.01,2
628,09:30:02,$ 3402.01,11
629,09:30:02,$ 3402.01,1
631,09:30:02,$ 3402.01,3
632,09:30:02,$ 3402.01,3
633,09:30:02,$ 3402.01,1
634,09:30:02,$ 3402.01,3
635,09:30:02,$ 3402.01,1
636,09:30:02,$ 3402.01,1
637,09:30:02,$ 3402.01,2
638,09:30:02,$ 3402.01,1
639,09:30:02,$ 3402.01,4
640,09:30:02,$ 3402.01,1
641,09:30:02,$ 3402.01,1
642,09:30:02,$ 3402.01,3
643,09:30:02,$ 3402.01,3
644,09:30:02,$ 3402.01,4
645,09:30:02,$ 3402.01,1
646,09:30:02,$ 3402.01,1
647,09:30:02,$ 3402.01,2
648,09:30:02,$ 3402.01,8
649,09:30:02,$ 3402.01,14
650,09:30:02,$ 3402.01,1
652,09:30:02,$ 3402.01,3
653,09:30:02,$ 3402.01,3
654,09:30:02,$ 3402.01,1
655,09:30:02,$ 3402.01,1
656,09:30:02,$ 3402.01,2
657,09:30:02,$ 3402.01,1
658,09:30:02,$ 3402.01,10
659,09:30:02,$ 3402.01,3
660,09:30:02,$ 3402.01,1
661,09:30:02,$ 3402.01,3
662,09:30:02,$ 3402.01,1
663,09:30:02,$ 3402.01,2
664,09:30:02,$ 3402.01,1
665,09:30:02,$ 3402.01,1
666,09:30:02,$ 3402.01,3
667,09:30:02,$ 3402.01,2
668,09:30:02,$ 3402.01,1
669,09:30:02,$ 3402.01,3
670,09:30:02,$ 3402.01,19
671,09:30:02,$ 3402.01,14
673,09:30:02,$ 3402.01,2
674,09:30:02,$ 3402.01,1
675,09:30:02,$ 3402.01,2
676,09:30:02,$ 3402.01,10
677,09:30:02,$ 3402.01,1
678,09:30:02,$ 3402.01,1
679,09:30:02,$ 3402.01,1
680,09:30:02,$ 3402.01,1
681,09:30:02,$ 3402.01,10
682,09:30:02,$ 3402.01,1
683,09:30:02,$ 3402.01,1
684,09:30:02,$ 3402.01,1
685,09:30:02,$ 3402.01,1
686,09:30:02,$ 3402.01,8
687,09:30:02,$ 3402.01,1
688,09:30:02,$ 3402.01,49
689,09:30:02,$ 3402.01,1
690,09:30:02,$ 3402.01,1
691,09:30:02,$ 3402.01,2
692,09:30:02,$ 3402.01,1
694,09:30:02,$ 3402.01,3
695,09:30:02,$ 3402.01,1
696,09:30:02,$ 3402.01,1
697,09:30:02,$ 3402.01,1
698,09:30:02,$ 3402.01,2
699,09:30:02,$ 3402.01,10
700,09:30:02,$ 3402.01,5
701,09:30:02,$ 3402.01,1
702,09:30:02,$ 3402.01,2
703,09:30:02,$ 3402.01,1
704,09:30:02,$ 3402.01,3
705,09:30:02,$ 3402.01,1
706,09:30:02,$ 3402.01,2
707,09:30:02,$ 3402.01,10
708,09:30:02,$ 3402.01,3
709,09:30:02,$ 3402.01,1
710,09:30:02,$ 3402.01,1
711,09:30:02,$ 3402.01,2
712,09:30:02,$ 3402.01,6
713,09:30:02,$ 3402.01,10
715,09:30:02,$ 3402.01,20
716,09:30:02,$ 3402.01,1
717,09:30:02,$ 3402.01,1
718,09:30:02,$ 3402.01,5
719,09:30:02,$ 3402.01,20
720,09:30:02,$ 3402.01,15
721,09:30:02,$ 3402.01,2
722,09:30:02,$ 3402.01,9
723,09:30:02,$ 3402.01,178
724,09:30:02,$ 3402.01,8
725,09:30:02,$ 3402.01,5
726,09:30:02,$ 3402.01,31
727,09:30:02,$ 3402.01,25
728,09:30:02,$ 3402.01,15
729,09:30:02,$ 3402.01,3
730,09:30:02,$ 3402.01,1
731,09:30:02,$ 3402.01,1
732,09:30:02,$ 3402.01,1
733,09:30:02,$ 3402.01,3
734,09:30:02,$ 3402.01,1
736,09:30:02,$ 3402.01,2
737,09:30:02,$ 3402.01,14
738,09:30:02,$ 3402.01,1
739,09:30:02,$ 3402.01,11
740,09:30:02,$ 3402.01,1
741,09:30:02,$ 3402.01,3
742,09:30:02,$ 3402.01,2
743,09:30:02,$ 3402.01,5
744,09:30:02,$ 3402.01,1
745,09:30:02,$ 3402.01,2
746,09:30:02,$ 3402.01,8
747,09:30:02,$ 3402.01,1
748,09:30:02,$ 3402.01,1
749,09:30:02,$ 3402.01,1
750,09:30:02,$ 3402.01,3
751,09:30:02,$ 3402.01,1
752,09:30:02,$ 3402.01,1
753,09:30:02,$ 3402.01,1
754,09:30:02,$ 3402.01,1
755,09:30:02,$ 3402.01,1
757,09:30:02,$ 3402.01,2
758,09:30:02,$ 3402.01,2
759,09:30:02,$ 3402.01,2
760,09:30:02,$ 3402.01,1
761,09:30:02,$ 3402.01,25
762,09:30:02,$ 3402.01,1
763,09:30:02,$ 3402.01,1
764,09:30:02,$ 3402.01,10
765,09:30:02,$ 3402.01,5
766,09:30:02,$ 3402.01,5
767,09:30:02,$ 3402.01,3
768,09:30:02,$ 3402.01,2
769,09:30:02,$ 3402.01,1
770,09:30:02,$ 3402.01,10
771,09:30:02,$ 3402.01,2
772,09:30:02,$ 3402.01,3
773,09:30:02,$ 3402.01,9
774,09:30:02,$ 3402.01,6
775,09:30:02,$ 3402.01,2
776,09:30:02,$ 3402.01,2
778,09:30:02,$ 3402.01,1
779,09:30:02,$ 3402.01,227
780,09:30:02,$ 3402.01,79
781,09:30:02,$ 3402.01,3
782,09:30:02,$ 3402.01,20
783,09:30:02,$ 3402.01,3
784,09:30:02,$ 3402.01,3
785,09:30:02,$ 3402.01,1
786,09:30:02,$ 3402.01,1
787,09:30:02,$ 3402.01,1
788,09:30:02,$ 3402.01,10
789,09:30:02,$ 3402.01,12
790,09:30:02,$ 3402.01,1
791,09:30:02,$ 3402.01,2
792,09:30:02,$ 3402.01,1
793,09:30:02,$ 3402.01,1
794,09:30:02,$ 3402.01,2
795,09:30:02,$ 3402.01,15
796,09:30:02,$ 3402.01,1
797,09:30:02,$ 3402.01,4
799,09:30:02,$ 3402.01,3
800,09:30:02,$ 3402.01,1
801,09:30:02,$ 3402.01,1
802,09:30:02,$ 3402.01,2
803,09:30:02,$ 3402.01,1
804,09:30:02,$ 3402.01,1
805,09:30:02,$ 3402.01,10
806,09:30:02,$ 3402.01,1
807,09:30:02,$ 3402.01,1
808,09:30:02,$ 3402.01,1
809,09:30:02,$ 3402.01,3
810,09:30:02,$ 3402.01,1
811,09:30:02,$ 3402.01,1
812,09:30:02,$ 3402.01,5
813,09:30:02,$ 3402.01,1
814,09:30:02,$ 3402.01,1
815,09:30:02,$ 3402.01,1
816,09:30:02,$ 3402.01,1
817,09:30:02,$ 3402.01,1
818,09:30:02,$ 3402.01,1
820,09:30:02,$ 3402.01,1
821,09:30:02,$ 3402.01,1
822,09:30:02,$ 3402.01,1
823,09:30:02,$ 3402.01,1
824,09:30:02,$ 3402.01,1
825,09:30:02,$ 3402.01,1
826,09:30:02,$ 3402.01,1
827,09:30:02,$ 3402.01,1
828,09:30:02,$ 3402.01,1
829,09:30:02,$ 3402.01,1
830,09:30:02,$ 3402.01,1
831,09:30:02,$ 3402.01,1
832,09:30:02,$ 3402.01,1
833,09:30:02,$ 3402.01,1
834,09:30:02,$ 3402.01,1
835,09:30:02,$ 3402.01,1
836,09:30:02,$ 3402.01,1
837,09:30:02,$ 3402.01,1
838,09:30:02,$ 3402.01,1
839,09:30:02,$ 3402.01,1
841,09:30:02,$ 3402.01,1
842,09:30:02,$ 3402.01,2
843,09:30:02,$ 3402.01,1
844,09:30:02,$ 3402.01,1
845,09:30:02,$ 3402.01,1
846,09:30:02,$ 3402.01,1
847,09:30:02,$ 3402.01,1
848,09:30:02,$ 3402.01,1
849,09:30:02,$ 3402.01,1
850,09:30:02,$ 3402.01,1
851,09:30:02,$ 3402.01,1
852,09:30:02,$ 3402.01,1
853,09:30:02,$ 3402.01,1
854,09:30:02,$ 3402.01,1
855,09:30:02,$ 3402.01,1
856,09:30:02,$ 3402.01,1
857,09:30:02,$ 3402.01,1
858,09:30:02,$ 3402.01,1
859,09:30:02,$ 3402.01,1
860,09:30:02,$ 3402.01,1
862,09:30:02,$ 3402.01,1
863,09:30:02,$ 3402.01,1
864,09:30:02,$ 3402.01,1
865,09:30:02,$ 3402.01,1
866,09:30:02,$ 3402.01,1
867,09:30:02,$ 3402.01,1
868,09:30:02,$ 3402.01,1
869,09:30:02,$ 3402.01,1
870,09:30:02,$ 3402.01,1
871,09:30:02,$ 3402.01,1
872,09:30:02,$ 3402.01,1
873,09:30:02,$ 3402.01,1
874,09:30:02,$ 3402.01,1
875,09:30:02,$ 3402.01,1
876,09:30:02,$ 3402.01,1
877,09:30:02,$ 3402.01,1
878,09:30:02,$ 3402.01,1
879,09:30:02,$ 3402.01,1
880,09:30:02,$ 3402.01,1
881,09:30:02,$ 3402.01,1
883,09:30:02,$ 3402.01,1
884,09:30:02,$ 3402.01,1
885,09:30:02,$ 3402.01,1
886,09:30:02,$ 3402.01,1
887,09:30:02,$ 3402.01,1
888,09:30:02,$ 3402.01,1
889,09:30:02,$ 3402.01,1
890,09:30:02,$ 3402.01,1
891,09:30:02,$ 3402.01,1
892,09:30:02,$ 3402.01,14
893,09:30:02,$ 3402.01,3
894,09:30:02,$ 3402.01,5
895,09:30:02,$ 3402.01,1
896,09:30:02,$ 3402.01,5
897,09:30:02,$ 3402.01,30
898,09:30:02,$ 3402.01,10
899,09:30:02,$ 3402.01,1
900,09:30:02,$ 3402.01,3
901,09:30:02,$ 3402.01,1
902,09:30:02,$ 3402.01,4
904,09:30:02,$ 3402.01,1
905,09:30:02,$ 3402.01,1
906,09:30:02,$ 3402.01,1
907,09:30:02,$ 3402.01,1
908,09:30:02,$ 3402.01,4
909,09:30:02,$ 3402.01,30
910,09:30:02,$ 3402.01,1
911,09:30:02,$ 3402.01,2
912,09:30:02,$ 3402.01,12
913,09:30:02,$ 3402.01,1
914,09:30:02,$ 3402.01,1
915,09:30:02,$ 3402.01,1
916,09:30:02,$ 3402.01,10
917,09:30:02,$ 3402.01,5
918,09:30:02,$ 3402.01,10
919,09:30:02,$ 3402.01,10
920,09:30:02,$ 3402.01,2
921,09:30:02,$ 3402.01,2
922,09:30:02,$ 3402.01,1
923,09:30:02,$ 3402.01,5
925,09:30:02,$ 3402.01,10
926,09:30:02,$ 3402.01,1
927,09:30:02,$ 3402.01,5
928,09:30:02,$ 3402.01,1
929,09:30:02,$ 3402.01,2
930,09:30:02,$ 3402.01,1
931,09:30:02,$ 3402.01,1
932,09:30:02,$ 3402.01,1
933,09:30:02,$ 3402.01,1
934,09:30:02,$ 3402.01,1
935,09:30:02,$ 3402.01,1
936,09:30:02,$ 3402.01,1
937,09:30:02,$ 3402.01,1
938,09:30:02,$ 3402.01,1
939,09:30:02,$ 3402.01,1
940,09:30:02,$ 3402.01,1
941,09:30:02,$ 3402.01,1
942,09:30:02,$ 3402.01,1
943,09:30:02,$ 3402.01,1
944,09:30:02,$ 3402.01,1
946,09:30:02,$ 3402.01,1
947,09:30:02,$ 3402.01,1
948,09:30:02,$ 3402.01,1
949,09:30:02,$ 3402.01,1
950,09:30:02,$ 3402.01,1
951,09:30:02,$ 3402.01,1
952,09:30:02,$ 3402.01,1
953,09:30:02,$ 3402.01,1
954,09:30:02,$ 3402.01,1
955,09:30:02,$ 3402.01,1
956,09:30:02,$ 3402.01,1
957,09:30:02,$ 3402.01,1
958,09:30:02,$ 3402.01,1
959,09:30:02,$ 3402.01,1
960,09:30:02,$ 3402.01,47
961,09:30:02,$ 3402.01,1
962,09:30:02,$ 3402.01,1
963,09:30:02,$ 3402.01,1
964,09:30:02,$ 3402.01,1
965,09:30:02,$ 3402.01,1
967,09:30:02,$ 3402.01,1
968,09:30:02,$ 3402.01,1
969,09:30:02,$ 3402.01,1
970,09:30:02,$ 3402.01,1
971,09:30:02,$ 3402.01,1
972,09:30:02,$ 3402.01,1
973,09:30:02,$ 3402.01,1
974,09:30:02,$ 3402.01,1
975,09:30:02,$ 3402.01,1
976,09:30:02,$ 3402.01,1
977,09:30:02,$ 3402.01,1
978,09:30:02,$ 3402.01,1
979,09:30:02,$ 3402.01,1
980,09:30:02,$ 3402.01,1
981,09:30:02,$ 3402.01,1
982,09:30:02,$ 3402.01,1
983,09:30:02,$ 3402.01,1
984,09:30:02,$ 3402.01,1
985,09:30:02,$ 3402.01,1
986,09:30:02,$ 3402.01,1
988,09:30:02,$ 3402.01,1
989,09:30:02,$ 3402.01,1
990,09:30:02,$ 3402.01,1
991,09:30:02,$ 3402.01,1
992,09:30:02,$ 3402.01,1
993,09:30:02,$ 3402.01,1
994,09:30:02,$ 3402.01,1
995,09:30:02,$ 3402.01,1
996,09:30:02,$ 3402.01,1
997,09:30:02,$ 3402.01,1
998,09:30:02,$ 3402.01,1
999,09:30:02,$ 3402.01,1
1000,09:30:02,$ 3402.01,1
1001,09:30:02,$ 3402.01,1
1002,09:30:02,$ 3402.01,1
1003,09:30:02,$ 3402.01,1
1004,09:30:02,$ 3402.01,1
1005,09:30:02,$ 3402.01,1
1006,09:30:02,$ 3402.01,1
1007,09:30:02,$ 3402.01,1
1009,09:30:02,$ 3402.01,1
1010,09:30:02,$ 3402.01,1
1011,09:30:02,$ 3402.01,1
1012,09:30:02,$ 3402.01,1
1013,09:30:02,$ 3402.01,1
1014,09:30:02,$ 3402.01,1
1015,09:30:02,$ 3402.01,1
1016,09:30:02,$ 3402.01,1
1017,09:30:02,$ 3402.01,1
1018,09:30:02,$ 3402.01,1
1019,09:30:02,$ 3402.01,1
1020,09:30:02,$ 3402.01,1
1021,09:30:02,$ 3402.01,1
1022,09:30:02,$ 3402.01,1
1023,09:30:02,$ 3402.01,1
1024,09:30:02,$ 3402.01,1
1025,09:30:02,$ 3402.01,1
1026,09:30:02,$ 3402.01,1
1027,09:30:02,$ 3402.01,1
1028,09:30:02,$ 3402.01,1
1030,09:30:02,$ 3402.01,1
1031,09:30:02,$ 3402.01,1
1032,09:30:02,$ 3402.01,1
1033,09:30:02,$ 3402.01,1
1034,09:30:02,$ 3402.01,1
1035,09:30:02,$ 3402.01,1
1036,09:30:02,$ 3402.01,34
1037,09:30:02,$ 3402.01,140
1038,09:30:02,$ 3402.01,1
1039,09:30:02,$ 3402.01,161
1040,09:30:02,$ 3402.01,21
1041,09:30:02,$ 3402.01,6
1042,09:30:02,$ 3402.01,58
1043,09:30:02,$ 3402.01,41
1044,09:30:02,$ 3402.01,12
1045,09:30:02,$ 3402.01,5
1046,09:30:02,$ 3402.01,9
1047,09:30:02,$ 3402.01,13
1048,09:30:02,$ 3402.01,4
1049,09:30:02,$ 3402.01,1
1051,09:30:02,$ 3402.01,3
1052,09:30:02,$ 3402.01,129
1053,09:30:02,$ 3402.01,5
1054,09:30:02,$ 3402.01,10
1055,09:30:02,$ 3402.01,50
1056,09:30:02,$ 3402.01,4
1057,09:30:02,$ 3402.01,100
1058,09:30:02,$ 3402.01,24
1059,09:30:02,$ 3402.01,1
1060,09:30:02,$ 3402.01,1
1061,09:30:02,$ 3402.01,3
1062,09:30:02,$ 3402.01,2
1063,09:30:02,$ 3402.01,1
1064,09:30:02,$ 3402.01,2
1065,09:30:02,$ 3402.01,1
1066,09:30:02,$ 3402.01,2
1067,09:30:02,$ 3402.01,2
1068,09:30:02,$ 3402.01,1
1069,09:30:02,$ 3402.01,1
1070,09:30:02,$ 3402.01,2
1072,09:30:02,$ 3402.01,1
1073,09:30:02,$ 3402.01,37
1074,09:30:02,$ 3402.01,3
1075,09:30:02,$ 3402.01,1
1076,09:30:02,$ 3402.01,3
1077,09:30:02,$ 3402.01,1
1078,09:30:02,$ 3402.01,1
1079,09:30:02,$ 3402.01,1
1080,09:30:02,$ 3402.01,2
1081,09:30:02,$ 3402.01,5
1082,09:30:02,$ 3402.01,4
1083,09:30:02,$ 3402.01,6
1084,09:30:02,$ 3402.01,1
1085,09:30:02,$ 3402.01,96
1086,09:30:02,$ 3402.01,1
1087,09:30:02,$ 3402.01,3
1088,09:30:02,$ 3402.01,2
1089,09:30:02,$ 3402.01,1
1090,09:30:02,$ 3402.01,18
1091,09:30:02,$ 3402.01,9
1093,09:30:02,$ 3402.01,3
1094,09:30:02,$ 3402.01,3
1095,09:30:02,$ 3402.01,6
1096,09:30:02,$ 3402.01,7
1097,09:30:02,$ 3402.01,2
1098,09:30:02,$ 3402.01,7
1099,09:30:02,$ 3402.01,5
1100,09:30:02,$ 3402.01,3
1101,09:30:02,$ 3402.01,1
1102,09:30:02,$ 3402.01,27
1103,09:30:02,$ 3402.01,2
1104,09:30:02,$ 3402.01,4
1105,09:30:02,$ 3402.01,6
1106,09:30:02,$ 3402.01,2
1107,09:30:02,$ 3402.01,10
1108,09:30:02,$ 3402.01,2
1109,09:30:02,$ 3402.01,3
1110,09:30:02,$ 3402.01,15
1111,09:30:02,$ 3402.01,4
1112,09:30:02,$ 3402.01,5
1114,09:30:02,$ 3402.01,2
1115,09:30:02,$ 3402.01,7
1116,09:30:02,$ 3402.01,2
1117,09:30:02,$ 3402.01,25
1118,09:30:02,$ 3402.01,4
1119,09:30:02,$ 3402.01,70
1120,09:30:02,$ 3402.01,6
1121,09:30:02,$ 3402.01,32
1122,09:30:02,$ 3402.01,2
1123,09:30:02,$ 3402.01,4
1124,09:30:02,$ 3402.01,53
1125,09:30:02,$ 3402.01,2
1126,09:30:02,$ 3402.01,4
1127,09:30:02,$ 3402.01,1
1128,09:30:02,$ 3402.01,5
1129,09:30:02,$ 3402.01,15
1130,09:30:02,$ 3402.01,3
1131,09:30:02,$ 3402.01,6
1132,09:30:02,$ 3402.01,4
1133,09:30:02,$ 3402.01,92
1135,09:30:02,$ 3402.01,13
1136,09:30:02,$ 3402.01,2
1137,09:30:02,$ 3402.01,1
1138,09:30:02,$ 3402.01,1
1139,09:30:02,$ 3402.01,1
1140,09:30:02,$ 3402.01,1
1141,09:30:02,$ 3402.01,1
1142,09:30:02,$ 3402.01,2
1143,09:30:02,$ 3402.01,1
1144,09:30:02,$ 3402.01,1
1145,09:30:02,$ 3402.01,1
1146,09:30:02,$ 3402.01,2
1147,09:30:02,$ 3402.01,1
1148,09:30:02,$ 3402.01,1
1149,09:30:02,$ 3402.01,3
1150,09:30:02,$ 3402.01,1
1151,09:30:02,$ 3402.01,4
1152,09:30:02,$ 3402.01,1
1153,09:30:02,$ 3402.01,25
1154,09:30:02,$ 3402.01,1
1156,09:30:02,$ 3402.01,1
1157,09:30:02,$ 3402.01,1
1158,09:30:02,$ 3402.01,1
1159,09:30:02,$ 3402.01,1
1160,09:30:02,$ 3402.01,2
1161,09:30:02,$ 3402.01,6
1162,09:30:02,$ 3402.01,5
1163,09:30:02,$ 3402.01,3
1164,09:30:02,$ 3402.01,5
1165,09:30:02,$ 3402.01,2
1166,09:30:02,$ 3402.01,3
1167,09:30:02,$ 3402.01,2
1168,09:30:02,$ 3402.01,6
1169,09:30:02,$ 3402.01,2
1170,09:30:02,$ 3402.01,50
1171,09:30:02,$ 3402.01,4
1172,09:30:02,$ 3402.01,1
1173,09:30:02,$ 3402.01,1
1174,09:30:02,$ 3402.01,5
1175,09:30:02,$ 3402.01,180
1177,09:30:02,$ 3402.01,87
1178,09:30:02,$ 3402.01,86
1179,09:30:02,$ 3402.01,86
1180,09:30:02,$ 3402.01,86
1181,09:30:02,$ 3402.01,2
1182,09:30:02,$ 3402.01,191
1183,09:30:02,$ 3402.01,86
1184,09:30:02,$ 3402.01,87
1185,09:30:02,$ 3402.01,1
1186,09:30:02,$ 3402.01,86
1187,09:30:02,$ 3402.01,1
1188,09:30:02,$ 3402.01,1
1189,09:30:02,$ 3402.01,2
1190,09:30:02,$ 3402.01,1
1191,09:30:02,$ 3402.01,86
1192,09:30:02,$ 3402.01,86
1193,09:30:02,$ 3402.01,87
1194,09:30:02,$ 3402.01,86
1195,09:30:02,$ 3402.01,1
1196,09:30:02,$ 3402.01,3
1198,09:30:02,$ 3402.01,1
1199,09:30:02,$ 3402.01,5
1200,09:30:02,$ 3402.01,1
1201,09:30:02,$ 3402.01,86
1202,09:30:02,$ 3402.01,86
1203,09:30:02,$ 3402.01,86
1204,09:30:02,$ 3402.01,87
1205,09:30:02,$ 3402.01,1
1206,09:30:02,$ 3402.01,86
1207,09:30:02,$ 3402.01,1
1208,09:30:02,$ 3402.01,86
1209,09:30:02,$ 3402.01,86
1210,09:30:02,$ 3402.01,87
1211,09:30:02,$ 3402.01,86
1212,09:30:02,$ 3402.01,86
1213,09:30:02,$ 3402.01,1
1214,09:30:02,$ 3402.01,86
1215,09:30:02,$ 3402.01,5
1216,09:30:02,$ 3402.01,1
1217,09:30:02,$ 3402.01,86
1219,09:30:02,$ 3402.01,87
1220,09:30:02,$ 3402.01,86
1221,09:30:02,$ 3402.01,43
1222,09:30:02,$ 3402.01,43
1223,09:30:02,$ 3402.01,43
1224,09:30:02,$ 3402.01,43
1225,09:30:02,$ 3402.01,2
1226,09:30:02,$ 3402.01,43
1227,09:30:02,$ 3402.01,44
1228,09:30:02,$ 3402.01,43
1229,09:30:02,$ 3402.01,43
1230,09:30:02,$ 3402.01,1
1231,09:30:02,$ 3402.01,2
1232,09:30:02,$ 3402.01,1
1233,09:30:02,$ 3402.01,1
1234,09:30:02,$ 3402.01,1
1235,09:30:02,$ 3402.01,10
1236,09:30:02,$ 3402.01,2
1237,09:30:02,$ 3402.01,5
1238,09:30:02,$ 3402.01,1
1240,09:30:02,$ 3402.01,5
1241,09:30:02,$ 3402.01,50
1242,09:30:02,$ 3402.01,1
1243,09:30:02,$ 3402.01,43
1244,09:30:02,$ 3402.01,43
1245,09:30:02,$ 3402.01,3
1246,09:30:02,$ 3402.01,6
1247,09:30:02,$ 3402.01,4
1248,09:30:02,$ 3402.01,1
1249,09:30:02,$ 3402.01,3
1250,09:30:02,$ 3402.01,9
1251,09:30:02,$ 3402.01,1
1252,09:30:02,$ 3402.01,2
1253,09:30:02,$ 3402.01,1
1254,09:30:02,$ 3402.01,3
1255,09:30:02,$ 3402.01,2
1256,09:30:02,$ 3402.01,1
1257,09:30:02,$ 3402.01,15
1258,09:30:02,$ 3402.01,1
1259,09:30:02,$ 3402.01,2
1261,09:30:02,$ 3402.01,1
1262,09:30:02,$ 3402.01,7
1263,09:30:02,$ 3402.01,2
1264,09:30:02,$ 3402.01,5
1265,09:30:02,$ 3402.01,10
1266,09:30:02,$ 3402.01,2
1267,09:30:02,$ 3402.01,37
1268,09:30:02,$ 3402.01,1
1269,09:30:02,$ 3402.01,2
1270,09:30:02,$ 3402.01,6
1271,09:30:02,$ 3402.01,2
1272,09:30:02,$ 3402.01,13
1273,09:30:02,$ 3402.01,1
1274,09:30:02,$ 3402.01,1
1275,09:30:02,$ 3402.01,4
1276,09:30:02,$ 3402.01,2
1277,09:30:02,$ 3402.01,1
1278,09:30:02,$ 3402.01,1
1279,09:30:02,$ 3402.01,6
1280,09:30:02,$ 3402.01,11
1282,09:30:02,$ 3402.01,2
1283,09:30:02,$ 3402.01,7
1284,09:30:02,$ 3402.01,2
1285,09:30:02,$ 3402.01,1
1286,09:30:02,$ 3402.01,8
1287,09:30:02,$ 3402.01,17
1288,09:30:02,$ 3402.01,5
1289,09:30:02,$ 3402.01,10
1290,09:30:02,$ 3402.01,2
1291,09:30:02,$ 3402.01,1
1292,09:30:02,$ 3402.01,1
1293,09:30:02,$ 3402.01,10
1294,09:30:02,$ 3402.01,31
1295,09:30:02,$ 3402.01,1
1296,09:30:02,$ 3402.01,2
1297,09:30:02,$ 3402.01,4
1298,09:30:02,$ 3402.01,2
1299,09:30:02,$ 3402.01,5
1300,09:30:02,$ 3402.01,1
1301,09:30:02,$ 3402.01,10
1303,09:30:02,$ 3402.01,8
1304,09:30:02,$ 3402.01,1
1305,09:30:02,$ 3402.01,2
1306,09:30:02,$ 3402.01,3
1307,09:30:02,$ 3402.01,3
1308,09:30:02,$ 3402.01,9
1309,09:30:02,$ 3402.01,10
1310,09:30:02,$ 3402.01,14
1311,09:30:02,$ 3402.01,1
1312,09:30:02,$ 3402.01,1
1313,09:30:02,$ 3402.01,9
1314,09:30:02,$ 3402.01,1
1315,09:30:02,$ 3402.01,1
1316,09:30:02,$ 3402.01,14
1317,09:30:02,$ 3402.01,4
1318,09:30:02,$ 3402.01,1
1319,09:30:02,$ 3402.01,1
1320,09:30:02,$ 3402.01,3
1321,09:30:02,$ 3402.01,1
1322,09:30:02,$ 3402.01,10
1324,09:30:02,$ 3402.01,1
1325,09:30:02,$ 3402.01,10
1326,09:30:02,$ 3402.01,10
1327,09:30:02,$ 3402.01,3
1328,09:30:02,$ 3402.01,1
1329,09:30:02,$ 3402.01,2
1330,09:30:02,$ 3402.01,1
1331,09:30:02,$ 3402.01,2
1332,09:30:02,$ 3402.01,5
1333,09:30:02,$ 3402.01,1
1334,09:30:02,$ 3402.01,1
1335,09:30:02,$ 3402.01,100
1336,09:30:02,$ 3402.01,1
1337,09:30:02,$ 3402.01,10
1338,09:30:02,$ 3402.01,1
1339,09:30:02,$ 3402.01,100
1340,09:30:02,$ 3402.01,1
1341,09:30:02,$ 3402.01,1
1342,09:30:02,$ 3402.01,1
1343,09:30:02,$ 3402.01,5
1345,09:30:02,$ 3402.01,1
1346,09:30:02,$ 3402.01,8
1347,09:30:02,$ 3402.01,1
1348,09:30:02,$ 3402.01,4
1349,09:30:02,$ 3402.01,1
1350,09:30:02,$ 3402.01,46
1351,09:30:02,$ 3402.01,2
1352,09:30:02,$ 3402.01,1
1353,09:30:02,$ 3402.01,2
1354,09:30:02,$ 3402.01,1
1355,09:30:02,$ 3402.01,2
1356,09:30:02,$ 3402.01,2
1357,09:30:02,$ 3402.01,1
1358,09:30:02,$ 3402.01,2
1359,09:30:02,$ 3402.01,1
1360,09:30:02,$ 3402.01,2
1361,09:30:02,$ 3402.01,1
1362,09:30:02,$ 3402.01,30
1363,09:30:02,$ 3402.01,8
1364,09:30:02,$ 3402.01,3
1366,09:30:02,$ 3402.01,5
1367,09:30:02,$ 3402.01,3
1368,09:30:02,$ 3402.01,3
1369,09:30:02,$ 3402.01,1
1370,09:30:02,$ 3402.01,1
1371,09:30:02,$ 3402.01,2
1372,09:30:02,$ 3402.01,15
1373,09:30:02,$ 3402.01,1
1374,09:30:02,$ 3402.01,2
1375,09:30:02,$ 3402.01,1
1376,09:30:02,$ 3402.01,4
1377,09:30:02,$ 3402.01,16
1378,09:30:02,$ 3402.01,2
1379,09:30:02,$ 3402.01,11
1380,09:30:02,$ 3402.01,36
1381,09:30:02,$ 3402.01,1
1382,09:30:02,$ 3402.01,1
1383,09:30:02,$ 3402.01,2
1384,09:30:02,$ 3402.01,1
1385,09:30:02,$ 3402.01,1
1387,09:30:02,$ 3402.01,10
1388,09:30:02,$ 3402.01,4
1389,09:30:02,$ 3402.01,2
1390,09:30:02,$ 3402.01,5
1391,09:30:02,$ 3402.01,2
1392,09:30:02,$ 3402.01,8
1393,09:30:02,$ 3402.01,1
1394,09:30:02,$ 3402.01,1
1395,09:30:02,$ 3402.01,1
1396,09:30:02,$ 3402.01,3
1397,09:30:02,$ 3402.01,3
1398,09:30:02,$ 3402.01,3
1399,09:30:02,$ 3402.01,4
1400,09:30:02,$ 3402.01,2
1401,09:30:02,$ 3402.01,2
1402,09:30:02,$ 3402.01,1
1403,09:30:02,$ 3402.01,5
1404,09:30:02,$ 3402.01,100
1405,09:30:02,$ 3402.01,18
1406,09:30:02,$ 3402.01,1
1408,09:30:02,$ 3402.01,1
1409,09:30:02,$ 3402.01,108
1410,09:30:02,$ 3402.01,2
1411,09:30:02,$ 3402.01,2
1412,09:30:02,$ 3402.01,2
1413,09:30:02,$ 3402.01,1
1414,09:30:02,$ 3402.01,4
1415,09:30:02,$ 3402.01,1
1416,09:30:02,$ 3402.01,1
1417,09:30:02,$ 3402.01,2
1418,09:30:02,$ 3402.01,25
1419,09:30:02,$ 3402.01,12
1420,09:30:02,$ 3402.01,3
1421,09:30:02,$ 3402.01,1
1422,09:30:02,$ 3402.01,1
1423,09:30:02,$ 3402.01,126
1424,09:30:02,$ 3402.01,1
1425,09:30:02,$ 3402.01,1
1426,09:30:02,$ 3402.01,1
1427,09:30:02,$ 3402.01,1
1429,09:30:02,$ 3402.01,1
1430,09:30:02,$ 3402.01,1
1431,09:30:02,$ 3402.01,3
1432,09:30:02,$ 3402.01,10
1433,09:30:02,$ 3402.01,1
1434,09:30:02,$ 3402.01,1
1435,09:30:02,$ 3402.01,1
1436,09:30:02,$ 3402.01,1
1437,09:30:02,$ 3402.01,1
1438,09:30:02,$ 3402.01,1
1439,09:30:02,$ 3402.01,1
1440,09:30:02,$ 3402.01,1
1441,09:30:02,$ 3402.01,2
1442,09:30:02,$ 3402.01,1
1443,09:30:02,$ 3402.01,1
1444,09:30:02,$ 3402.01,1
1445,09:30:02,$ 3402.01,2
1446,09:30:02,$ 3402.01,1
1447,09:30:02,$ 3402.01,1
1448,09:30:02,$ 3402.01,1
1450,09:30:02,$ 3402.01,1
1451,09:30:02,$ 3402.01,1
1452,09:30:02,$ 3402.01,5
1453,09:30:02,$ 3402.01,1
1454,09:30:02,$ 3402.01,1
1455,09:30:02,$ 3402.01,2
1456,09:30:02,$ 3402.01,1
1457,09:30:02,$ 3402.01,3
1458,09:30:02,$ 3402.01,2
1459,09:30:02,$ 3402.01,1
1460,09:30:02,$ 3402.01,1
1461,09:30:02,$ 3402.01,5
1462,09:30:02,$ 3402.01,1
1463,09:30:02,$ 3402.01,1
1464,09:30:02,$ 3402.01,3
1465,09:30:02,$ 3402.01,1
1466,09:30:02,$ 3402.01,1
1467,09:30:02,$ 3402.01,1
1468,09:30:02,$ 3402.01,295
1469,09:30:02,$ 3402.01,1
1471,09:30:02,$ 3402.01,1
1472,09:30:02,$ 3402.01,693
1473,09:30:02,$ 3402.01,1
1474,09:30:02,$ 3402.01,1
1475,09:30:02,$ 3402.01,4
1476,09:30:02,$ 3402.01,9
1477,09:30:02,$ 3402.01,1
1478,09:30:02,$ 3402.01,2
1479,09:30:02,$ 3402.01,1
1480,09:30:02,$ 3402.01,3
1481,09:30:02,$ 3402.01,1
1482,09:30:02,$ 3402.01,2
1483,09:30:02,$ 3402.01,1
1484,09:30:02,$ 3402.01,3
1485,09:30:02,$ 3402.01,1
1486,09:30:02,$ 3402.01,2
1487,09:30:02,$ 3402.01,21
1488,09:30:02,$ 3402.01,1
1489,09:30:02,$ 3402.01,3
1490,09:30:02,$ 3402.01,1
1492,09:30:02,$ 3402.01,3
1493,09:30:02,$ 3402.01,1
1494,09:30:02,$ 3402.01,4
1495,09:30:02,$ 3402.01,3
1496,09:30:02,$ 3402.01,2
1497,09:30:02,$ 3402.01,3
1498,09:30:02,$ 3402.01,2
1499,09:30:02,$ 3402.01,19
1500,09:30:02,$ 3402.01,1
1501,09:30:02,$ 3402.01,5
1502,09:30:02,$ 3402.01,3
1503,09:30:02,$ 3402.01,2
1504,09:30:02,$ 3402.01,1
1505,09:30:02,$ 3402.01,7
1506,09:30:02,$ 3402.01,2
1507,09:30:02,$ 3402.01,2
1508,09:30:02,$ 3402.01,1
1509,09:30:02,$ 3402.01,2
1510,09:30:02,$ 3402.01,2
1511,09:30:02,$ 3402.01,5
1513,09:30:02,$ 3402.01,10
1514,09:30:02,$ 3402.01,1
1515,09:30:02,$ 3402.01,291
1516,09:30:02,$ 3402.01,62
1517,09:30:02,$ 3402.01,2
1518,09:30:02,$ 3402.01,6
1519,09:30:02,$ 3402.01,270
1520,09:30:02,$ 3402.01,1
1521,09:30:02,$ 3402.01,1
1522,09:30:02,$ 3402.01,3
1523,09:30:02,$ 3402.01,100
1524,09:30:02,$ 3402.01,10
1525,09:30:02,$ 3402.01,19
1526,09:30:02,$ 3402.01,800
1527,09:30:02,$ 3402.01,500
1528,09:30:02,$ 3402.01,30
1529,09:30:02,$ 3402.01,1
1530,09:30:02,$ 3402.01,1
1531,09:30:02,$ 3402.01,300
1532,09:30:02,$ 3402.01,23
1534,09:30:02,$ 3402.01,2
1535,09:30:02,$ 3402.01,2
1536,09:30:02,$ 3402.01,2
1537,09:30:02,$ 3402.01,4
1538,09:30:02,$ 3402.01,5
1539,09:30:02,$ 3402.01,51
1540,09:30:02,$ 3402.01,12
1541,09:30:02,$ 3402.01,2
1542,09:30:02,$ 3402.01,70
1543,09:30:02,$ 3402.01,15
1544,09:30:02,$ 3402.01,2
1545,09:30:02,$ 3402.01,3
1546,09:30:02,$ 3402.01,1
1547,09:30:02,$ 3402.01,4
1548,09:30:02,$ 3402.01,1
1549,09:30:02,$ 3402.01,1
1550,09:30:02,$ 3402.01,11
1551,09:30:02,$ 3402.01,1
1552,09:30:02,$ 3402.01,5
1553,09:30:02,$ 3402.01,1
1555,09:30:02,$ 3402.01,1
1556,09:30:02,$ 3402.01,91
1557,09:30:02,$ 3402.01,36
1558,09:30:02,$ 3402.01,71
1559,09:30:02,$ 3402.01,124
1560,09:30:02,$ 3402.01,2
1561,09:30:02,$ 3402.01,1
1562,09:30:02,$ 3402.01,2
1563,09:30:02,$ 3402.01,2
1564,09:30:02,$ 3402.01,6
1565,09:30:02,$ 3402.01,10
1566,09:30:02,$ 3402.01,33
1567,09:30:02,$ 3402.01,17
1568,09:30:02,$ 3402.01,7
1569,09:30:02,$ 3402.01,6
1570,09:30:02,$ 3402.01,7
1571,09:30:02,$ 3402.01,310
1572,09:30:02,$ 3402.01,4
1573,09:30:02,$ 3402.01,2
1574,09:30:02,$ 3402.01,5
1576,09:30:02,$ 3402.01,7
1577,09:30:02,$ 3402.01,1
1578,09:30:02,$ 3402.01,16
1579,09:30:02,$ 3402.01,4
1580,09:30:02,$ 3402.01,2
1581,09:30:02,$ 3402.01,1
1582,09:30:02,$ 3402.01,30
1583,09:30:02,$ 3402.01,35
1584,09:30:02,$ 3402.01,14
1585,09:30:02,$ 3402.01,12
1586,09:30:02,$ 3402.01,153
1587,09:30:02,$ 3402.01,204
1588,09:30:02,$ 3402.01,1
1589,09:30:02,$ 3402.01,1
1590,09:30:02,$ 3402.01,2
1591,09:30:02,$ 3402.01,1
1592,09:30:02,$ 3402.01,3
1593,09:30:02,$ 3402.01,2
1594,09:30:02,$ 3402.01,1
1595,09:30:02,$ 3402.01,300
1597,09:30:02,$ 3402.01,1
1598,09:30:02,$ 3402.01,55
1599,09:30:02,$ 3402.01,2
1600,09:30:02,$ 3402.01,200
1601,09:30:02,$ 3402.01,1
1602,09:30:02,$ 3402.01,2
1603,09:30:02,$ 3402.01,2
1604,09:30:02,$ 3402.01,50
1605,09:30:02,$ 3402.01,54
1606,09:30:02,$ 3402.01,1
1607,09:30:02,$ 3402.01,1
1608,09:30:02,$ 3402.01,309
1609,09:30:02,$ 3402.01,6
1610,09:30:02,$ 3402.01,10
1611,09:30:02,$ 3402.01,88
1612,09:30:02,$ 3402.01,147
1613,09:30:02,$ 3402.01,1
1614,09:30:02,$ 3402.01,5
1615,09:30:02,$ 3402.01,5
1616,09:30:02,$ 3402.01,9
1618,09:30:02,$ 3402.01,15
1619,09:30:02,$ 3402.01,11
1620,09:30:02,$ 3402.01,9
1621,09:30:02,$ 3402.01,8
1622,09:30:02,$ 3402.01,1
1623,09:30:02,$ 3402.01,44
1624,09:30:02,$ 3402.01,217
1625,09:30:02,$ 3402.01,1
1626,09:30:02,$ 3402.01,5
1627,09:30:02,$ 3402.01,1
1628,09:30:02,$ 3402.01,3
1629,09:30:02,$ 3402.01,500
1630,09:30:02,$ 3402.01,18
1631,09:30:02,$ 3402.01,1
1632,09:30:02,$ 3402.01,9
1633,09:30:02,$ 3402.01,100
1634,09:30:02,$ 3402.01,10
1635,09:30:02,$ 3402.01,"1,000"
1636,09:30:02,$ 3402.01,1
1637,09:30:02,$ 3402.01,11
1639,09:30:02,$ 3402.01,1
1640,09:30:02,$ 3402.01,15
1641,09:30:02,$ 3402.01,1
1642,09:30:02,$ 3402.01,15
1643,09:30:02,$ 3402.01,10
1644,09:30:02,$ 3402.01,1
1645,09:30:02,$ 3402.01,3
1646,09:30:02,$ 3402.01,1
1647,09:30:02,$ 3402.01,50
1648,09:30:02,$ 3402.01,2
1649,09:30:02,$ 3402.01,5
1650,09:30:02,$ 3402.01,4
1651,09:30:02,$ 3402.01,31
1652,09:30:02,$ 3402.01,225
1653,09:30:02,$ 3402.01,3
1654,09:30:02,$ 3402.01,69
1655,09:30:02,$ 3402.01,2
1656,09:30:02,$ 3402.01,44
1657,09:30:02,$ 3402.01,1
1658,09:30:02,$ 3402.01,1
1660,09:30:02,$ 3402.01,1
1661,09:30:02,$ 3402.01,1
1662,09:30:02,$ 3402.01,1
1663,09:30:02,$ 3402.01,200
1664,09:30:02,$ 3402.01,1
1665,09:30:02,$ 3402.01,9
1666,09:30:02,$ 3402.01,1
1667,09:30:02,$ 3402.01,1
1668,09:30:02,$ 3402.01,1
1669,09:30:02,$ 3402.01,1
1670,09:30:02,$ 3402.01,9
1671,09:30:02,$ 3402.01,1
1672,09:30:02,$ 3402.01,1
1673,09:30:02,$ 3402.01,4
1674,09:30:02,$ 3402.01,1
1675,09:30:02,$ 3402.01,25
1676,09:30:02,$ 3402.01,4
1677,09:30:02,$ 3402.01,3
1678,09:30:02,$ 3402.01,15
1679,09:30:02,$ 3402.01,7
1681,09:30:02,$ 3402.01,3
1682,09:30:02,$ 3402.01,85
1683,09:30:02,$ 3402.01,5
1684,09:30:02,$ 3402.01,25
1685,09:30:02,$ 3402.01,3
1686,09:30:02,$ 3402.01,11
1687,09:30:02,$ 3402.01,1
1688,09:30:02,$ 3402.01,3
1689,09:30:02,$ 3402.01,347
1690,09:30:02,$ 3402.01,404
1691,09:30:02,$ 3402.01,25
1692,09:30:02,$ 3402.01,1
1693,09:30:02,$ 3402.01,4
1694,09:30:02,$ 3402.01,2
1695,09:30:02,$ 3402.01,38
1696,09:30:02,$ 3402.01,3
1697,09:30:02,$ 3402.01,1
1698,09:30:02,$ 3402.01,1
1699,09:30:02,$ 3402.01,283
1700,09:30:02,$ 3402.01,1
1702,09:30:02,$ 3402.01,576
1703,09:30:02,$ 3402.01,1
1704,09:30:02,$ 3402.01,1
1705,09:30:02,$ 3402.01,1
1706,09:30:02,$ 3402.01,1
1707,09:30:02,$ 3402.01,36
1708,09:30:02,$ 3402.01,6
1709,09:30:02,$ 3402.01,1
1710,09:30:02,$ 3402.01,1
1711,09:30:02,$ 3402.01,7
1712,09:30:02,$ 3402.01,123
1713,09:30:02,$ 3402.01,1
1714,09:30:02,$ 3402.01,1
1715,09:30:02,$ 3402.01,129
1716,09:30:02,$ 3402.01,4
1717,09:30:02,$ 3402.01,159
1718,09:30:02,$ 3402.01,1
1719,09:30:02,$ 3402.01,3
1720,09:30:02,$ 3402.01,9
1721,09:30:02,$ 3402.01,1
1723,09:30:02,$ 3402.01,1
1724,09:30:02,$ 3402.01,7
1725,09:30:02,$ 3402.01,11
1726,09:30:02,$ 3402.01,1
1727,09:30:02,$ 3402.01,1
1728,09:30:02,$ 3402.01,1
1729,09:30:02,$ 3402.01,2
1730,09:30:02,$ 3402.01,19
1731,09:30:02,$ 3402.01,1
1732,09:30:02,$ 3402.01,1
1733,09:30:02,$ 3402.01,1
1734,09:30:02,$ 3402.01,25
1735,09:30:02,$ 3402.01,2
1736,09:30:02,$ 3402.01,17
1737,09:30:02,$ 3402.01,1
1738,09:30:02,$ 3402.01,11
1739,09:30:02,$ 3402.01,5
1740,09:30:02,$ 3402.01,1
1741,09:30:02,$ 3402.01,1
1742,09:30:02,$ 3402.01,1
1744,09:30:02,$ 3402.01,1
1745,09:30:02,$ 3402.01,1
1746,09:30:02,$ 3402.01,26
1747,09:30:02,$ 3402.01,2
1748,09:30:02,$ 3402.01,113
1749,09:30:02,$ 3402.01,13
1750,09:30:02,$ 3402.01,2
1751,09:30:02,$ 3402.01,6
1752,09:30:02,$ 3402.01,1
1753,09:30:02,$ 3402.01,1
1754,09:30:02,$ 3402.01,4
1755,09:30:02,$ 3402.01,68
1756,09:30:02,$ 3402.01,1
1757,09:30:02,$ 3402.01,1
1758,09:30:02,$ 3402.01,6
1759,09:30:02,$ 3402.01,2
1760,09:30:02,$ 3402.01,1
1761,09:30:02,$ 3402.01,1
1762,09:30:02,$ 3402.01,25
1763,09:30:02,$ 3402.01,9
1765,09:30:02,$ 3402.01,5
1766,09:30:02,$ 3402.01,10
1767,09:30:02,$ 3402.01,10
1768,09:30:02,$ 3402.01,1
1769,09:30:02,$ 3402.01,2
1770,09:30:02,$ 3402.01,1
1771,09:30:02,$ 3402.01,15
1772,09:30:02,$ 3402.01,2
1773,09:30:02,$ 3402.01,2
1774,09:30:02,$ 3402.01,10
1775,09:30:02,$ 3402.01,10
1776,09:30:02,$ 3402.01,9
1777,09:30:02,$ 3402.01,2
1778,09:30:02,$ 3402.01,2
1779,09:30:02,$ 3402.01,2
1780,09:30:02,$ 3402.01,1
1781,09:30:02,$ 3402.01,4
1782,09:30:02,$ 3402.01,1
1783,09:30:02,$ 3402.01,2
1784,09:30:02,$ 3402.01,1
1786,09:30:02,$ 3402.01,1
1787,09:30:02,$ 3402.01,1
1788,09:30:02,$ 3402.01,1
1789,09:30:02,$ 3402.01,5
1790,09:30:02,$ 3402.01,1
1791,09:30:02,$ 3402.01,1
1792,09:30:02,$ 3402.01,1
1793,09:30:02,$ 3402.01,9
1794,09:30:02,$ 3402.01,20
1795,09:30:02,$ 3402.01,11
1796,09:30:02,$ 3402.01,1
1797,09:30:02,$ 3402.01,1
1798,09:30:02,$ 3402.01,8
1799,09:30:02,$ 3402.01,5
1800,09:30:02,$ 3402.01,1
1801,09:30:02,$ 3402.01,1
1802,09:30:02,$ 3402.01,5
1803,09:30:02,$ 3402.01,1
1804,09:30:02,$ 3402.01,10
1805,09:30:02,$ 3402.01,1
1807,09:30:02,$ 3402.01,10
1808,09:30:02,$ 3402.01,4
1809,09:30:02,$ 3402.01,3
1810,09:30:02,$ 3402.01,5
1811,09:30:02,$ 3402.01,10
1812,09:30:02,$ 3402.01,2
1813,09:30:02,$ 3402.01,10
1814,09:30:02,$ 3402.01,4
1815,09:30:02,$ 3402.01,1
1816,09:30:02,$ 3402.01,1
1817,09:30:02,$ 3402.01,1
1818,09:30:02,$ 3402.01,3
1819,09:30:02,$ 3402.01,2
1820,09:30:02,$ 3402.01,50
1821,09:30:02,$ 3402.01,5
1822,09:30:02,$ 3402.01,1
1823,09:30:02,$ 3402.01,25
1824,09:30:02,$ 3402.01,1
1825,09:30:02,$ 3402.01,55
1826,09:30:02,$ 3402.01,22
1828,09:30:02,$ 3402.01,3
1829,09:30:02,$ 3402.01,9
1830,09:30:02,$ 3402.01,7
1831,09:30:02,$ 3402.01,30
1832,09:30:02,$ 3402.01,30
1833,09:30:02,$ 3402.01,30
1834,09:30:02,$ 3402.41,100
1836,10:29:53,$ 3403.287,200
1837,10:29:39,$ 3404.12,100
1838,10:29:10,$ 3405.215,100
1839,10:28:14,$ 3405.64,100
1840,10:27:50,$ 3405.61,100
1841,10:27:05,$ 3406.83,100
1842,10:26:58,$ 3405.94,100
1843,10:26:57,$ 3406.27,100
1844,10:26:07,$ 3405.565,100
1845,10:26:01,$ 3405.705,160
1846,10:25:49,$ 3406.04,160
1847,10:25:47,$ 3406.97,100
1848,10:25:47,$ 3406.97,100
1849,10:25:32,$ 3406.21,100
1850,10:25:06,$ 3406.56,500
1851,10:25:02,$ 3406.84,160
1852,10:24:41,$ 3406.5111,100
1853,10:24:34,$ 3406.99,160
1854,10:23:39,$ 3406.715,100
1855,10:23:39,$ 3407.12,100
1857,10:23:38,$ 3406.03,100
1858,10:23:38,$ 3406.025,100
1859,10:23:29,$ 3408.00,100
1860,10:23:29,$ 3407.95,100
1861,10:23:29,$ 3407.47,100
1862,10:23:29,$ 3407.52,100
1863,10:23:25,$ 3406.83,100
1864,10:23:25,$ 3407.22,100
1865,10:23:11,$ 3405.48,100
1866,10:23:02,$ 3405.485,100
1867,10:23:00,$ 3405.22,100
1868,10:21:57,$ 3402.525,320
1869,10:21:55,$ 3402.9483,100
1870,10:21:48,$ 3403.19,100
1871,10:21:26,$ 3402.855,100
1872,10:21:05,$ 3403.50,100
1873,10:21:02,$ 3402.78,100
1874,10:20:57,$ 3402.64,320
1875,10:20:50,$ 3402.00,148
1876,10:20:48,$ 3402.00,139
1878,10:20:48,$ 3402.01,100
1879,10:20:48,$ 3402.00,150
1880,10:20:48,$ 3402.00,150
1881,10:20:48,$ 3402.00,160
1882,10:20:44,$ 3402.71,100
1883,10:20:24,$ 3401.985,160
1884,10:19:53,$ 3402.57,100
1885,10:19:46,$ 3403.08,160
1886,10:19:38,$ 3404.00,100
1887,10:19:38,$ 3404.00,149
1888,10:19:38,$ 3403.365,160
1889,10:19:29,$ 3401.69,100
1890,10:19:15,$ 3401.2802,"1,000"
1891,10:19:12,$ 3403.00,100
1892,10:19:12,$ 3403.12,100
1893,10:19:12,$ 3403.00,441
1894,10:19:12,$ 3403.00,104
1895,10:18:56,$ 3403.33,100
1896,10:18:56,$ 3403.05,100
1897,10:18:25,$ 3403.2838,100
1899,10:18:04,$ 3401.4548,160
1900,10:17:44,$ 3400.72,150
1901,10:17:41,$ 3401.965,100
1902,10:17:31,$ 3401.03,100
1903,10:17:31,$ 3401.20,100
1904,10:17:23,$ 3402.58,100
1905,10:17:23,$ 3402.14,100
1906,10:17:23,$ 3402.22,100
1907,10:17:17,$ 3402.075,100
1908,10:17:15,$ 3402.75,100
1909,10:17:03,$ 3403.15,100
1910,10:17:02,$ 3403.425,500
1911,10:16:41,$ 3402.815,160
1912,10:16:38,$ 3402.91,100
1913,10:16:34,$ 3403.70,100
1914,10:16:33,$ 3401.64,100
1915,10:16:33,$ 3401.685,100
1916,10:16:25,$ 3402.30,100
1917,10:16:25,$ 3402.30,100
1918,10:16:25,$ 3402.30,119
1920,10:16:25,$ 3402.05,100
1921,10:16:25,$ 3402.30,100
1922,10:16:19,$ 3403.30,100
1923,10:16:12,$ 3403.255,160
1924,10:16:08,$ 3404.44,100
1925,10:16:03,$ 3404.7535,118
1926,10:15:56,$ 3404.7282,100
1927,10:15:42,$ 3405.00,100
1928,10:15:42,$ 3405.00,100
1929,10:15:42,$ 3404.235,160
1930,10:15:41,$ 3404.86,100
1931,10:15:39,$ 3404.49,100
1932,10:15:39,$ 3404.49,100
1933,10:15:26,$ 3403.52,100
1934,10:15:20,$ 3402.84,100
1935,10:15:10,$ 3401.4588,140
1936,10:15:08,$ 3400.88,100
1937,10:15:07,$ 3401.755,229
1938,10:15:03,$ 3401.245,160
1939,10:14:58,$ 3401.17,114
1941,10:14:52,$ 3401.48,150
1942,10:14:50,$ 3402.00,343
1943,10:14:50,$ 3402.00,247
1944,10:14:50,$ 3402.00,300
1945,10:14:43,$ 3402.7141,135
1946,10:14:43,$ 3402.01,100
1947,10:14:43,$ 3401.86,100
1948,10:14:43,$ 3402.1588,100
1949,10:14:41,$ 3401.66,100
1950,10:14:38,$ 3401.76,100
1951,10:14:38,$ 3401.80,100
1952,10:14:38,$ 3401.815,100
1953,10:14:38,$ 3401.72,100
1954,10:14:36,$ 3402.6523,200
1955,10:14:22,$ 3402.02,100
1956,10:14:10,$ 3401.63,100
1957,10:14:10,$ 3401.97,100
1958,10:14:10,$ 3402.335,100
1959,10:14:07,$ 3402.03,100
1960,10:14:07,$ 3402.615,100
1962,10:14:07,$ 3402.03,100
1963,10:14:06,$ 3402.1361,530
1964,10:14:05,$ 3402.80,100
1965,10:14:05,$ 3402.80,100
1966,10:14:05,$ 3402.80,100
1967,10:13:58,$ 3402.01,100
1968,10:13:55,$ 3401.5085,250
1969,10:13:48,$ 3401.31,100
1970,10:13:48,$ 3401.105,100
1971,10:13:48,$ 3401.11,100
1972,10:13:36,$ 3401.39,100
1973,10:13:22,$ 3401.50,100
1974,10:13:16,$ 3401.53,100
1975,10:13:16,$ 3401.335,200
1976,10:13:16,$ 3401.59,100
1977,10:13:16,$ 3401.63,100
1978,10:13:13,$ 3401.8399,150
1979,10:13:10,$ 3401.15,100
1980,10:13:01,$ 3401.47,160
1981,10:12:47,$ 3401.52,115
1983,10:12:43,$ 3402.285,100
1984,10:12:40,$ 3402.55,134
1985,10:12:18,$ 3403.9671,100
1986,10:12:18,$ 3404.03,100
1987,10:11:48,$ 3403.77,399
1988,10:11:43,$ 3403.825,175
1989,10:11:40,$ 3403.7822,135
1990,10:11:40,$ 3403.7822,234
1991,10:11:22,$ 3403.45,100
1992,10:11:02,$ 3404.68,100
1993,10:11:00,$ 3405.58,100
1994,10:10:55,$ 3405.635,100
1995,10:10:54,$ 3405.96,100
1996,10:10:51,$ 3406.17,100
1997,10:10:51,$ 3406.01,100
1998,10:10:51,$ 3406.07,100
1999,10:10:51,$ 3406.04,100
2000,10:10:13,$ 3408.35,100
2001,10:09:49,$ 3409.1554,399
2002,10:09:49,$ 3409.1554,587
2004,10:09:42,$ 3409.155,160
2005,10:09:28,$ 3407.75,100
2006,10:09:19,$ 3409.19,100
2007,10:09:13,$ 3409.33,100
2008,10:09:10,$ 3410.12,100
2009,10:09:10,$ 3410.3087,116
2010,10:09:09,$ 3410.23,160
2011,10:09:01,$ 3410.20,100
2012,10:09:00,$ 3409.27,100
2013,10:09:00,$ 3409.29,100
2014,10:09:00,$ 3409.61,100
2015,10:09:00,$ 3409.62,100
2016,10:08:47,$ 3408.91,100
2017,10:08:46,$ 3407.68,100
2018,10:08:43,$ 3406.96,100
2019,10:08:43,$ 3407.63,100
2020,10:08:42,$ 3407.37,100
2021,10:08:29,$ 3407.2322,160
2022,10:08:03,$ 3407.445,160
2023,10:07:41,$ 3407.0633,160
2025,10:07:19,$ 3407.76,160
2026,10:07:13,$ 3406.195,100
2027,10:07:00,$ 3408.00,100
2028,10:06:50,$ 3407.0814,200
2029,10:06:47,$ 3408.3601,160
2030,10:06:43,$ 3407.96,100
2031,10:06:43,$ 3407.99,100
2032,10:06:32,$ 3406.855,160
2033,10:06:31,$ 3406.92,100
2034,10:06:29,$ 3406.04,"1,000"
2035,10:06:29,$ 3406.286,100
2036,10:06:20,$ 3407.28,100
2037,10:06:18,$ 3406.605,100
2038,10:06:10,$ 3407.96,100
2039,10:06:01,$ 3407.95,147
2040,10:05:56,$ 3407.00,100
2041,10:05:55,$ 3407.08,200
2042,10:05:55,$ 3408.26,100
2043,10:05:55,$ 3408.22,100
2044,10:05:55,$ 3408.02,100
2046,10:05:55,$ 3407.99,100
2047,10:05:55,$ 3407.98,100
2048,10:05:55,$ 3407.94,180
2049,10:05:55,$ 3407.94,198
2050,10:05:55,$ 3408.12,100
2051,10:05:55,$ 3408.92,500
2052,10:05:45,$ 3409.72,100
2053,10:05:44,$ 3409.725,160
2054,10:05:43,$ 3409.93,110
2055,10:05:37,$ 3410.57,100
2056,10:05:34,$ 3410.61,100
2057,10:05:34,$ 3410.61,100
2058,10:05:27,$ 3411.80,150
2059,10:05:27,$ 3411.80,280
2060,10:05:23,$ 3411.9701,100
2061,10:05:21,$ 3411.63,100
2062,10:05:18,$ 3409.91,100
2063,10:05:18,$ 3409.87,100
2064,10:05:11,$ 3409.511,100
2065,10:05:09,$ 3410.3779,200
2067,10:05:03,$ 3411.56,100
2068,10:05:03,$ 3411.48,100
2069,10:05:03,$ 3411.11,100
2070,10:05:03,$ 3411.19,100
2071,10:05:03,$ 3411.23,100
2072,10:05:02,$ 3411.18,100
2073,10:05:02,$ 3410.21,100
2074,10:04:57,$ 3411.095,100
2075,10:04:30,$ 3411.36,100
2076,10:04:19,$ 3410.25,149
2077,10:04:12,$ 3409.5052,399
2078,10:04:10,$ 3411.00,100
2079,10:04:08,$ 3410.1964,160
2080,10:04:07,$ 3410.11,350
2081,10:04:05,$ 3409.6987,184
2082,10:04:02,$ 3411.00,"1,400"
2083,10:03:56,$ 3410.00,100
2084,10:03:52,$ 3409.2308,100
2085,10:03:38,$ 3408.985,160
2086,10:03:38,$ 3409.28,100
2088,10:03:37,$ 3409.28,100
2089,10:03:37,$ 3409.35,100
2090,10:03:37,$ 3409.35,100
2091,10:03:37,$ 3409.35,100
2092,10:03:37,$ 3410.9999,100
2093,10:03:37,$ 3409.88,100
2094,10:03:37,$ 3410.00,100
2095,10:03:37,$ 3410.00,452
2096,10:03:37,$ 3410.00,148
2097,10:03:37,$ 3409.95,100
2098,10:03:37,$ 3409.82,100
2099,10:03:37,$ 3407.56,100
2100,10:03:37,$ 3407.51,100
2101,10:03:37,$ 3407.00,100
2102,10:03:36,$ 3406.57,164
2103,10:03:36,$ 3406.63,100
2104,10:03:36,$ 3406.65,124
2105,10:03:36,$ 3405.80,100
2106,10:03:36,$ 3405.66,100
2107,10:03:36,$ 3405.64,100
2109,10:03:34,$ 3405.22,100
2110,10:03:29,$ 3405.06,100
2111,10:03:19,$ 3406.20,100
2112,10:02:57,$ 3405.12,500
2113,10:02:51,$ 3404.95,160
2114,10:02:50,$ 3405.07,100
2115,10:02:45,$ 3405.30,100
2116,10:02:38,$ 3405.83,100
2117,10:02:37,$ 3406.72,100
2118,10:02:31,$ 3406.29,160
2119,10:02:20,$ 3405.02,100
2120,10:02:16,$ 3405.70,500
2121,10:01:57,$ 3405.1249,179
2122,10:01:45,$ 3405.135,160
2123,10:01:31,$ 3406.03,160
2124,10:01:26,$ 3406.535,100
2125,10:01:26,$ 3406.57,100
2126,10:01:26,$ 3406.24,100
2127,10:01:23,$ 3406.075,500
2128,10:01:21,$ 3406.575,160
2130,10:01:20,$ 3407.31,100
2131,10:01:05,$ 3407.61,100
2132,10:01:05,$ 3407.60,100
2133,10:01:05,$ 3407.55,100
2134,10:01:01,$ 3407.82,100
2135,10:00:49,$ 3407.205,100
2136,10:00:49,$ 3407.26,100
2137,10:00:48,$ 3407.215,100
2138,10:00:47,$ 3408.045,100
2139,10:00:47,$ 3408.045,100
2140,10:00:47,$ 3408.20,100
2141,10:00:47,$ 3408.28,100
2142,10:00:46,$ 3408.02,100
2143,10:00:46,$ 3408.02,100
2144,10:00:46,$ 3407.335,100
2145,10:00:46,$ 3407.335,100
2146,10:00:45,$ 3407.60,100
2147,10:00:45,$ 3407.45,100
2148,10:00:45,$ 3406.685,100
2149,10:00:38,$ 3407.09,100
2151,10:00:38,$ 3407.10,100
2152,10:00:38,$ 3407.05,100
2153,10:00:33,$ 3406.96,100
2154,10:00:31,$ 3406.9662,100
2155,10:00:31,$ 3407.99,100
2156,10:00:30,$ 3407.69,100
2157,10:00:30,$ 3407.69,100
2158,10:00:30,$ 3408.00,100
2159,10:00:30,$ 3408.00,100
2160,10:00:28,$ 3407.51,100
2161,10:00:25,$ 3406.84,100
2162,10:00:05,$ 3407.6827,101
2163,10:00:05,$ 3407.6827,399
2164,10:00:02,$ 3406.65,100
2165,10:00:02,$ 3406.43,100
2166,10:00:01,$ 3405.40,160
2167,10:00:01,$ 3405.49,100
2169,10:59:58,$ 3395.36,100
2170,10:59:58,$ 3395.155,160
2171,10:59:57,$ 3395.3205,392
2172,10:59:55,$ 3394.96,100
2173,10:59:55,$ 3394.95,104
2174,10:59:41,$ 3395.28,100
2175,10:59:41,$ 3394.67,110
2176,10:59:18,$ 3394.355,160
2177,10:59:11,$ 3394.5659,101
2178,10:59:07,$ 3394.0101,100
2179,10:58:40,$ 3394.505,100
2180,10:58:31,$ 3395.09,100
2181,10:58:19,$ 3394.985,100
2182,10:58:16,$ 3394.66,100
2183,10:57:51,$ 3395.63,100
2184,10:57:33,$ 3395.82,100
2185,10:57:12,$ 3394.9762,100
2186,10:57:12,$ 3395.77,100
2187,10:56:56,$ 3394.655,106
2188,10:56:52,$ 3394.00,148
2190,10:56:47,$ 3395.36,148
2191,10:56:47,$ 3394.845,100
2192,10:56:47,$ 3394.845,100
2193,10:56:35,$ 3394.03,100
2194,10:56:35,$ 3394.09,100
2195,10:56:35,$ 3394.06,100
2196,10:56:35,$ 3394.03,100
2197,10:56:35,$ 3394.715,160
2198,10:56:29,$ 3394.30,100
2199,10:56:29,$ 3394.80,125
2200,10:56:28,$ 3395.61,100
2201,10:56:24,$ 3394.79,190
2202,10:56:22,$ 3394.79,110
2203,10:55:55,$ 3394.9138,160
2204,10:55:54,$ 3394.82,100
2205,10:55:50,$ 3396.07,100
2206,10:55:49,$ 3395.83,200
2207,10:55:49,$ 3395.83,250
2208,10:55:11,$ 3395.27,100
2209,10:55:11,$ 3394.64,100
2211,10:55:11,$ 3394.845,100
2212,10:55:11,$ 3395.67,100
2213,10:54:34,$ 3395.59,100
2214,10:54:34,$ 3395.04,100
2215,10:54:23,$ 3396.265,160
2216,10:54:19,$ 3396.06,100
2217,10:54:15,$ 3396.00,400
2218,10:54:09,$ 3394.36,100
2219,10:54:06,$ 3394.05,100
2220,10:53:58,$ 3394.565,100
2221,10:53:56,$ 3394.56,200
2222,10:53:55,$ 3394.12,180
2223,10:53:55,$ 3394.12,100
2224,10:53:55,$ 3394.12,100
2225,10:53:54,$ 3394.56,400
2226,10:53:53,$ 3394.46,100
2227,10:53:52,$ 3394.66,100
2228,10:53:50,$ 3395.9364,471
2229,10:53:44,$ 3396.44,100
2230,10:53:00,$ 3397.51,100
2232,10:52:47,$ 3398.31,100
2233,10:52:37,$ 3398.27,100
2234,10:52:37,$ 3398.27,100
2235,10:52:37,$ 3398.23,100
2236,10:52:32,$ 3397.665,100
2237,10:52:32,$ 3397.70,100
2238,10:52:22,$ 3397.685,100
2239,10:52:21,$ 3396.72,100
2240,10:52:07,$ 3397.71,400
2241,10:52:06,$ 3397.8442,500
2242,10:52:04,$ 3397.6415,100
2243,10:51:39,$ 3398.80,100
2244,10:51:39,$ 3398.78,100
2245,10:51:39,$ 3398.80,100
2246,10:51:39,$ 3399.06,100
2247,10:51:39,$ 3399.06,100
2248,10:51:39,$ 3399.06,150
2249,10:51:39,$ 3399.06,100
2250,10:51:39,$ 3399.01,100
2251,10:51:19,$ 3399.0817,135
2253,10:51:15,$ 3399.00,168
2254,10:51:15,$ 3399.00,204
2255,10:51:15,$ 3399.00,150
2256,10:50:40,$ 3397.43,100
2257,10:50:32,$ 3397.77,160
2258,10:50:25,$ 3398.5653,160
2259,10:50:15,$ 3397.905,160
2260,10:50:14,$ 3397.71,100
2261,10:50:00,$ 3397.74,269
2262,10:49:37,$ 3397.71,225
2263,10:49:34,$ 3398.14,100
2264,10:49:29,$ 3397.71,100
2265,10:49:11,$ 3398.32,160
2266,10:49:08,$ 3398.045,100
2267,10:48:49,$ 3397.105,160
2268,10:48:15,$ 3397.0116,100
2269,10:47:27,$ 3397.411,100
2270,10:47:23,$ 3397.895,100
2271,10:47:03,$ 3399.56,100
2272,10:47:03,$ 3399.50,100
2274,10:47:03,$ 3399.134,100
2275,10:47:03,$ 3399.164,100
2276,10:47:03,$ 3399.164,100
2277,10:47:03,$ 3399.14,100
2278,10:46:42,$ 3398.87,100
2279,10:46:20,$ 3396.77,100
2280,10:46:20,$ 3397.07,100
2281,10:46:11,$ 3395.165,400
2282,10:46:10,$ 3395.00,100
2283,10:46:10,$ 3395.00,100
2284,10:46:10,$ 3395.19,100
2285,10:46:10,$ 3395.30,559
2286,10:46:10,$ 3395.32,100
2287,10:46:10,$ 3395.30,152
2288,10:46:10,$ 3395.30,282
2289,10:46:10,$ 3395.95,100
2290,10:46:10,$ 3395.95,100
2291,10:46:10,$ 3395.96,100
2292,10:46:10,$ 3395.95,100
2293,10:46:10,$ 3395.95,100
2295,10:46:10,$ 3395.95,100
2296,10:45:58,$ 3396.8636,111
2297,10:45:58,$ 3396.45,100
2298,10:45:53,$ 3397.09,100
2299,10:45:53,$ 3397.09,100
2300,10:45:52,$ 3398.235,100
2301,10:45:52,$ 3397.5701,120
2302,10:45:51,$ 3397.57,100
2303,10:45:51,$ 3397.57,100
2304,10:45:44,$ 3398.35,"1,000"
2305,10:45:39,$ 3397.98,100
2306,10:45:35,$ 3397.22,100
2307,10:45:23,$ 3398.85,100
2308,10:45:20,$ 3399.01,100
2309,10:45:11,$ 3399.95,278
2310,10:45:11,$ 3399.95,206
2311,10:45:11,$ 3400.25,100
2312,10:45:10,$ 3400.32,100
2313,10:45:10,$ 3400.32,100
2314,10:45:10,$ 3400.32,100
2316,10:45:10,$ 3400.32,100
2317,10:45:10,$ 3400.44,100
2318,10:45:00,$ 3401.38,100
2319,10:44:46,$ 3400.955,100
2320,10:44:43,$ 3400.9794,100
2321,10:44:40,$ 3401.01,100
2322,10:44:40,$ 3401.09,100
2323,10:44:40,$ 3401.01,100
2324,10:44:40,$ 3400.82,100
2325,10:43:48,$ 3402.795,100
2326,10:43:26,$ 3403.00,100
2327,10:43:24,$ 3402.58,100
2328,10:43:10,$ 3403.06,100
2329,10:43:04,$ 3403.07,100
2330,10:43:04,$ 3403.06,100
2331,10:43:04,$ 3403.06,199
2332,10:43:04,$ 3403.06,100
2333,10:43:02,$ 3403.13,100
2334,10:42:50,$ 3403.79,100
2335,10:42:48,$ 3404.895,100
2337,10:42:48,$ 3404.765,100
2338,10:42:47,$ 3404.245,100
2339,10:42:34,$ 3404.25,100
2340,10:42:22,$ 3404.92,100
2341,10:42:15,$ 3403.295,100
2342,10:42:14,$ 3405.1723,100
2343,10:42:11,$ 3404.4769,400
2344,10:42:04,$ 3403.03,100
2345,10:42:01,$ 3403.03,100
2346,10:41:53,$ 3403.95,100
2347,10:41:53,$ 3403.95,175
2348,10:41:44,$ 3402.635,100
2349,10:41:32,$ 3403.0105,400
2350,10:41:31,$ 3402.68,100
2351,10:41:06,$ 3402.15,100
2352,10:40:59,$ 3402.92,100
2353,10:40:30,$ 3402.88,100
2354,10:40:26,$ 3402.73,100
2355,10:40:03,$ 3402.93,100
2356,10:39:25,$ 3402.78,100
2358,10:39:23,$ 3403.60,100
2359,10:39:09,$ 3402.875,200
2360,10:38:58,$ 3403.00,146
2361,10:38:44,$ 3403.12,100
2362,10:38:40,$ 3404.225,100
2363,10:38:12,$ 3402.39,100
2364,10:37:59,$ 3401.51,100
2365,10:37:59,$ 3401.50,100
2366,10:37:49,$ 3401.31,100
2367,10:37:37,$ 3401.3525,108
2368,10:37:15,$ 3401.47,100
2369,10:36:20,$ 3402.91,100
2370,10:36:17,$ 3403.175,100
2371,10:35:19,$ 3402.38,160
2372,10:35:17,$ 3401.592,440
2373,10:35:11,$ 3400.53,160
2374,10:34:41,$ 3401.3243,211
2375,10:34:35,$ 3401.68,160
2376,10:34:32,$ 3401.75,100
2377,10:34:24,$ 3401.00,387
2379,10:34:24,$ 3401.00,100
2380,10:34:24,$ 3401.00,100
2381,10:34:21,$ 3401.1412,100
2382,10:32:31,$ 3405.25,100
2383,10:32:31,$ 3403.9174,160
2384,10:32:29,$ 3404.81,100
2385,10:32:22,$ 3403.045,100
2386,10:32:21,$ 3403.045,100
2387,10:32:16,$ 3403.57,100
2388,10:32:16,$ 3403.57,100
2389,10:32:12,$ 3402.375,160
2390,10:32:10,$ 3401.5087,399
2391,10:32:08,$ 3402.11,100
2392,10:32:05,$ 3403.01,100
2393,10:32:05,$ 3403.08,100
2394,10:32:05,$ 3403.01,100
2395,10:32:05,$ 3403.01,100
2396,10:32:05,$ 3402.43,100
2397,10:32:05,$ 3402.46,100
2398,10:32:03,$ 3402.0705,160
2400,10:31:44,$ 3403.415,160
2401,10:31:43,$ 3402.8735,100
2402,10:31:42,$ 3403.72,100
2403,10:31:32,$ 3403.43,100
2404,10:31:32,$ 3403.42,100
2405,10:31:28,$ 3404.368,160
2406,10:31:20,$ 3403.476,383
2407,10:31:20,$ 3403.845,100
2408,10:31:01,$ 3403.64,160
2409,10:30:58,$ 3403.64,300
2410,10:30:57,$ 3403.04,100
2411,10:30:38,$ 3403.00,900
2412,10:30:38,$ 3403.00,100
2413,10:30:20,$ 3403.935,160
2414,10:30:16,$ 3403.935,160
2415,10:30:11,$ 3404.19,100
2416,10:30:11,$ 3404.19,100
2417,10:30:01,$ 3403.60,160
2419,11:29:58,$ 3394.74,100
2420,11:29:58,$ 3394.75,100
2421,11:29:44,$ 3395.225,160
2422,11:29:04,$ 3394.52,100
2423,11:28:39,$ 3394.65,125
2424,11:28:34,$ 3395.3907,144
2425,11:28:34,$ 3395.4466,847
2426,11:28:20,$ 3394.64,100
2427,11:28:13,$ 3395.71,156
2428,11:27:51,$ 3395.135,150
2429,11:27:48,$ 3394.73,100
2430,11:27:40,$ 3394.375,100
2431,11:27:32,$ 3394.375,100
2432,11:27:24,$ 3394.405,100
2433,11:27:23,$ 3395.155,160
2434,11:27:18,$ 3395.15,100
2435,11:27:17,$ 3394.93,100
2436,11:27:17,$ 3394.855,100
2437,11:27:03,$ 3394.46,100
2438,11:26:36,$ 3394.91,100
2440,11:26:02,$ 3394.71,100
2441,11:26:01,$ 3394.64,100
2442,11:26:01,$ 3394.65,100
2443,11:25:53,$ 3395.2609,125
2444,11:25:49,$ 3394.915,100
2445,11:25:49,$ 3394.78,100
2446,11:25:49,$ 3394.46,100
2447,11:25:45,$ 3394.46,100
2448,11:25:45,$ 3394.46,100
2449,11:25:45,$ 3394.48,100
2450,11:25:45,$ 3394.4427,100
2451,11:25:45,$ 3394.47,100
2452,11:25:45,$ 3394.48,100
2453,11:25:31,$ 3394.45,100
2454,11:25:31,$ 3394.61,100
2455,11:25:31,$ 3394.42,100
2456,11:25:30,$ 3395.037,100
2457,11:25:30,$ 3395.00,100
2458,11:25:30,$ 3395.11,100
2459,11:25:19,$ 3396.65,100
2461,11:24:56,$ 3397.30,100
2462,11:24:56,$ 3397.30,100
2463,11:24:56,$ 3397.30,100
2464,11:24:56,$ 3397.30,100
2465,11:24:29,$ 3399.38,100
2466,11:24:19,$ 3400.7222,215
2467,11:23:34,$ 3400.625,100
2468,11:23:26,$ 3400.0001,100
2469,11:22:53,$ 3400.905,100
2470,11:22:33,$ 3400.83,100
2471,11:22:00,$ 3400.605,100
2472,11:21:28,$ 3400.46,100
2473,11:21:14,$ 3400.90,100
2474,11:21:03,$ 3400.815,100
2475,11:21:03,$ 3400.16,100
2476,11:21:03,$ 3400.17,100
2477,11:20:12,$ 3400.975,100
2478,11:19:55,$ 3401.06,100
2479,11:19:55,$ 3401.06,100
2480,11:19:54,$ 3401.16,100
2482,11:19:53,$ 3400.91,100
2483,11:19:53,$ 3400.61,100
2484,11:19:48,$ 3401.16,100
2485,11:19:48,$ 3401.07,100
2486,11:19:48,$ 3400.95,100
2487,11:18:45,$ 3399.12,100
2488,11:16:16,$ 3398.285,160
2489,11:16:06,$ 3398.55,160
2490,11:16:04,$ 3398.41,100
2491,11:16:03,$ 3398.28,100
2492,11:15:40,$ 3397.98,100
2493,11:15:34,$ 3398.12,100
2494,11:14:35,$ 3399.605,100
2495,11:13:39,$ 3398.93,100
2496,11:13:32,$ 3398.5828,135
2497,11:13:06,$ 3399.39,100
2498,11:13:02,$ 3400.21,160
2499,11:12:57,$ 3399.62,100
2500,11:12:57,$ 3399.61,100
2501,11:12:56,$ 3400.325,150
2503,11:12:55,$ 3399.6654,100
2504,11:12:42,$ 3400.31,100
2505,11:12:30,$ 3399.74,100
2506,11:12:11,$ 3399.19,100
2507,11:12:11,$ 3399.22,100
2508,11:12:09,$ 3398.685,100
2509,11:11:57,$ 3398.0001,100
2510,11:11:57,$ 3399.03,100
2511,11:11:57,$ 3399.03,100
2512,11:11:33,$ 3398.805,100
2513,11:11:18,$ 3399.03,100
2514,11:11:18,$ 3399.02,100
2515,11:11:01,$ 3399.05,100
2516,11:10:47,$ 3399.20,100
2517,11:10:47,$ 3399.23,100
2518,11:10:47,$ 3399.22,100
2519,11:10:44,$ 3399.75,100
2520,11:10:35,$ 3400.47,100
2521,11:10:13,$ 3400.35,100
2522,11:10:06,$ 3400.27,400
2524,11:09:55,$ 3400.175,100
2525,11:09:54,$ 3400.12,200
2526,11:09:54,$ 3400.23,100
2527,11:09:54,$ 3400.22,100
2528,11:08:35,$ 3399.55,100
2529,11:08:35,$ 3400.045,100
2530,11:08:30,$ 3399.68,100
2531,11:08:29,$ 3399.9001,100
2532,11:08:15,$ 3400.415,100
2533,11:08:15,$ 3399.94,100
2534,11:08:11,$ 3400.42,100
2535,11:08:11,$ 3399.92,100
2536,11:08:08,$ 3399.84,100
2537,11:07:47,$ 3400.82,100
2538,11:07:00,$ 3399.87,100
2539,11:07:00,$ 3399.87,100
2540,11:07:00,$ 3399.88,100
2541,11:06:24,$ 3400.52,200
2542,11:06:17,$ 3400.8144,179
2543,11:06:14,$ 3400.75,100
2545,11:06:14,$ 3400.71,156
2546,11:06:14,$ 3400.71,100
2547,11:06:14,$ 3400.71,121
2548,11:06:14,$ 3400.71,100
2549,11:06:14,$ 3400.71,100
2550,11:06:14,$ 3400.71,100
2551,11:06:14,$ 3400.71,100
2552,11:06:14,$ 3401.04,100
2553,11:06:14,$ 3400.90,100
2554,11:06:03,$ 3401.68,100
2555,11:06:03,$ 3401.22,100
2556,11:06:03,$ 3401.0425,138
2557,11:06:03,$ 3401.0425,228
2558,11:06:02,$ 3401.28,200
2559,11:06:02,$ 3401.37,300
2560,11:05:58,$ 3401.30,100
2561,11:05:45,$ 3400.84,100
2562,11:05:45,$ 3400.99,100
2563,11:05:37,$ 3400.54,100
2564,11:05:33,$ 3400.00,100
2566,11:05:26,$ 3399.60,100
2567,11:05:26,$ 3399.595,100
2568,11:05:19,$ 3399.645,160
2569,11:05:13,$ 3400.00,100
2570,11:05:06,$ 3399.65,100
2571,11:04:54,$ 3400.17,100
2572,11:04:54,$ 3400.27,139
2573,11:04:50,$ 3400.27,285
2574,11:04:46,$ 3399.81,100
2575,11:04:42,$ 3399.29,100
2576,11:04:41,$ 3398.5901,200
2577,11:04:11,$ 3399.77,100
2578,11:04:11,$ 3399.77,100
2579,11:04:08,$ 3397.8856,150
2580,11:04:05,$ 3398.3583,100
2581,11:03:37,$ 3397.46,100
2582,11:03:30,$ 3397.62,391
2583,11:03:10,$ 3396.595,100
2584,11:02:56,$ 3397.38,100
2585,11:01:59,$ 3397.00,100
2587,11:01:56,$ 3397.02,253
2588,11:01:42,$ 3396.74,100
2589,11:01:25,$ 3395.80,100
2590,11:01:06,$ 3395.12,160
2591,11:01:00,$ 3394.82,100
2592,11:01:00,$ 3394.82,100
2593,11:00:46,$ 3396.325,100
2594,11:00:35,$ 3395.83,120
2595,11:00:35,$ 3395.71,100
2596,11:00:35,$ 3395.83,108
2597,11:00:28,$ 3396.00,100
2598,11:00:23,$ 3394.845,160
2599,11:00:20,$ 3395.025,100
2600,11:00:18,$ 3394.55,100
2601,11:00:15,$ 3395.22,100
2602,11:00:14,$ 3394.21,160
2603,11:00:04,$ 3394.51,150
2605,11:59:47,$ 3403.96,100
2606,11:59:42,$ 3403.665,100
2607,11:59:30,$ 3403.91,100
2608,11:59:30,$ 3403.94,100
2609,11:58:33,$ 3403.46,100
2610,11:56:50,$ 3404.70,200
2611,11:56:46,$ 3404.585,100
2612,11:56:30,$ 3403.18,100
2613,11:56:05,$ 3403.19,100
2614,11:55:40,$ 3404.00,100
2615,11:55:40,$ 3403.94,100
2616,11:55:28,$ 3404.715,300
2617,11:55:17,$ 3404.89,150
2618,11:55:00,$ 3405.18,100
2619,11:54:02,$ 3404.99,100
2620,11:53:51,$ 3404.71,100
2621,11:53:50,$ 3404.20,100
2622,11:53:50,$ 3404.31,100
2623,11:53:50,$ 3404.30,100
2624,11:53:41,$ 3404.99,200
2626,11:53:23,$ 3405.61,100
2627,11:53:01,$ 3403.85,100
2628,11:53:01,$ 3403.75,100
2629,11:53:01,$ 3403.74,100
2630,11:53:01,$ 3403.75,100
2631,11:52:59,$ 3403.75,100
2632,11:52:53,$ 3403.07,100
2633,11:52:47,$ 3403.225,100
2634,11:52:47,$ 3403.21,100
2635,11:52:45,$ 3402.12,373
2636,11:52:45,$ 3402.12,399
2637,11:52:45,$ 3402.46,100
2638,11:52:33,$ 3402.695,100
2639,11:51:57,$ 3401.80,135
2640,11:51:57,$ 3401.31,100
2641,11:51:57,$ 3401.31,100
2642,11:51:50,$ 3401.11,210
2643,11:51:49,$ 3401.55,100
2644,11:51:41,$ 3401.4374,120
2645,11:51:08,$ 3400.99,100
2647,11:50:51,$ 3400.93,363
2648,11:50:51,$ 3400.93,150
2649,11:50:51,$ 3400.93,100
2650,11:50:37,$ 3401.00,290
2651,11:50:37,$ 3401.00,370
2652,11:49:54,$ 3399.6901,100
2653,11:49:42,$ 3400.495,100
2654,11:49:37,$ 3400.79,100
2655,11:49:37,$ 3400.795,100
2656,11:49:14,$ 3399.47,149
2657,11:49:14,$ 3399.47,330
2658,11:49:14,$ 3399.47,148
2659,11:49:14,$ 3399.47,212
2660,11:48:32,$ 3398.425,100
2661,11:48:01,$ 3397.38,100
2662,11:48:01,$ 3397.38,100
2663,11:48:01,$ 3397.38,100
2664,11:48:00,$ 3397.38,100
2665,11:48:00,$ 3397.38,100
2666,11:47:42,$ 3397.58,100
2668,11:47:06,$ 3397.86,100
2669,11:45:09,$ 3397.75,100
2670,11:45:07,$ 3397.47,100
2671,11:42:37,$ 3399.13,100
2672,11:42:30,$ 3398.77,100
2673,11:42:30,$ 3398.72,100
2674,11:41:43,$ 3399.69,100
2675,11:41:03,$ 3400.00,100
2676,11:41:03,$ 3400.10,100
2677,11:41:00,$ 3399.43,100
2678,11:40:58,$ 3400.10,100
2679,11:40:54,$ 3400.07,100
2680,11:40:54,$ 3400.07,100
2681,11:40:54,$ 3400.07,100
2682,11:40:54,$ 3400.07,100
2683,11:40:45,$ 3400.10,100
2684,11:40:20,$ 3400.00,545
2685,11:40:20,$ 3400.00,300
2686,11:40:19,$ 3400.00,100
2687,11:40:19,$ 3399.99,100
2689,11:40:19,$ 3399.90,100
2690,11:40:03,$ 3398.69,127
2691,11:40:02,$ 3398.67,100
2692,11:40:02,$ 3398.65,100
2693,11:40:02,$ 3398.60,100
2694,11:39:56,$ 3398.45,100
2695,11:39:53,$ 3398.00,100
2696,11:39:52,$ 3398.19,100
2697,11:39:34,$ 3398.70,100
2698,11:39:34,$ 3398.65,100
2699,11:39:26,$ 3398.72,100
2700,11:39:26,$ 3398.81,100
2701,11:39:26,$ 3398.805,100
2702,11:39:26,$ 3398.81,100
2703,11:39:26,$ 3398.805,100
2704,11:39:22,$ 3398.73,"1,000"
2705,11:39:21,$ 3399.11,100
2706,11:39:21,$ 3398.745,100
2707,11:39:21,$ 3398.745,100
2708,11:39:21,$ 3398.81,100
2710,11:39:21,$ 3399.03,200
2711,11:38:45,$ 3398.81,100
2712,11:38:45,$ 3398.50,500
2713,11:38:45,$ 3398.515,150
2714,11:38:41,$ 3397.60,100
2715,11:37:54,$ 3395.99,100
2716,11:37:45,$ 3396.00,100
2717,11:37:45,$ 3395.70,100
2718,11:37:39,$ 3395.295,100
2719,11:37:30,$ 3395.68,100
2720,11:37:24,$ 3395.48,100
2721,11:37:17,$ 3395.44,100
2722,11:36:47,$ 3394.605,100
2723,11:36:46,$ 3394.6262,160
2724,11:36:06,$ 3394.60,100
2725,11:36:01,$ 3394.66,100
2726,11:35:43,$ 3393.71,100
2727,11:35:43,$ 3393.75,100
2728,11:35:43,$ 3393.73,100
2729,11:35:42,$ 3393.89,100
2731,11:35:36,$ 3394.00,500
2732,11:35:36,$ 3394.00,100
2733,11:35:36,$ 3394.10,100
2734,11:35:36,$ 3394.09,100
2735,11:35:36,$ 3394.265,100
2736,11:35:36,$ 3394.04,100
2737,11:35:28,$ 3394.50,100
2738,11:33:58,$ 3394.8821,150
2739,11:33:49,$ 3395.00,100
2740,11:33:49,$ 3395.00,100
2741,11:33:49,$ 3395.00,100
2742,11:33:39,$ 3394.74,162
2743,11:33:34,$ 3395.65,100
2744,11:33:11,$ 3395.0253,100
2745,11:32:56,$ 3395.4968,100
2746,11:32:56,$ 3396.10,100
2747,11:32:31,$ 3396.03,100
2748,11:32:06,$ 3396.695,100
2749,11:32:02,$ 3395.915,100
2750,11:32:00,$ 3396.715,100
2752,11:31:57,$ 3396.36,100
2753,11:31:57,$ 3396.975,100
2754,11:31:57,$ 3396.35,100
2755,11:31:46,$ 3396.945,200
2756,11:31:42,$ 3397.57,100
2757,11:31:35,$ 3396.1881,100
2758,11:31:29,$ 3395.80,500
2759,11:31:29,$ 3396.00,100
2760,11:31:27,$ 3397.285,100
2761,11:31:27,$ 3397.23,199
2763,12:29:59,$ 3410.3438,160
2764,12:29:55,$ 3410.485,160
2765,12:29:46,$ 3410.8927,100
2766,12:29:37,$ 3410.655,100
2767,12:29:05,$ 3410.0401,160
2768,12:28:59,$ 3410.95,100
2769,12:28:59,$ 3411.5688,100
2770,12:28:59,$ 3411.25,200
2771,12:28:59,$ 3411.27,100
2772,12:28:54,$ 3410.945,100
2773,12:28:52,$ 3410.71,100
2774,12:28:51,$ 3410.74,100
2775,12:28:51,$ 3410.97,160
2776,12:28:35,$ 3410.725,100
2777,12:28:08,$ 3410.53,100
2778,12:27:42,$ 3410.90,100
2779,12:27:41,$ 3410.90,100
2780,12:27:40,$ 3410.885,100
2781,12:27:39,$ 3410.988,100
2782,12:27:39,$ 3410.95,100
2784,12:27:39,$ 3410.97,100
2785,12:27:39,$ 3410.75,100
2786,12:27:39,$ 3410.97,100
2787,12:27:39,$ 3410.75,200
2788,12:27:39,$ 3410.9865,100
2789,12:27:18,$ 3409.775,100
2790,12:27:02,$ 3409.78,100
2791,12:26:52,$ 3409.335,100
2792,12:26:46,$ 3409.4488,150
2793,12:26:19,$ 3410.48,160
2794,12:26:18,$ 3410.48,100
2795,12:26:15,$ 3411.001,399
2796,12:26:15,$ 3411.001,293
2797,12:26:15,$ 3411.00,100
2798,12:26:15,$ 3411.00,100
2799,12:25:50,$ 3410.70,100
2800,12:25:50,$ 3411.26,100
2801,12:25:30,$ 3411.00,100
2802,12:25:30,$ 3410.90,100
2803,12:25:30,$ 3410.73,197
2805,12:25:25,$ 3410.88,160
2806,12:25:18,$ 3410.57,300
2807,12:25:18,$ 3410.44,199
2808,12:25:17,$ 3409.78,100
2809,12:25:13,$ 3410.105,100
2810,12:25:03,$ 3410.125,100
2811,12:24:57,$ 3409.99,100
2812,12:24:29,$ 3409.86,100
2813,12:24:00,$ 3410.24,100
2814,12:23:59,$ 3409.3865,100
2815,12:23:50,$ 3410.215,100
2816,12:23:45,$ 3410.00,100
2817,12:23:34,$ 3409.645,100
2818,12:22:53,$ 3409.12,100
2819,12:22:41,$ 3410.18,100
2820,12:22:41,$ 3410.20,100
2821,12:22:34,$ 3409.36,159
2822,12:22:31,$ 3408.6684,303
2823,12:22:05,$ 3409.00,100
2824,12:22:05,$ 3409.00,100
2826,12:22:01,$ 3409.49,100
2827,12:22:01,$ 3409.50,100
2828,12:21:43,$ 3409.8775,100
2829,12:21:30,$ 3409.588,100
2830,12:21:30,$ 3409.60,100
2831,12:21:25,$ 3409.58,100
2832,12:21:09,$ 3410.00,100
2833,12:21:05,$ 3410.715,160
2834,12:20:42,$ 3411.17,100
2835,12:19:55,$ 3410.255,200
2836,12:19:49,$ 3410.45,142
2837,12:19:19,$ 3410.03,160
2838,12:19:09,$ 3410.37,100
2839,12:19:08,$ 3409.768,100
2840,12:19:04,$ 3410.00,100
2841,12:18:52,$ 3409.5601,100
2842,12:18:38,$ 3410.28,100
2843,12:18:30,$ 3409.56,100
2844,12:18:30,$ 3410.00,100
2845,12:17:45,$ 3408.945,160
2847,12:17:45,$ 3409.195,100
2848,12:17:43,$ 3408.3801,120
2849,12:17:30,$ 3408.58,100
2850,12:17:12,$ 3409.21,100
2851,12:16:39,$ 3408.975,100
2852,12:16:39,$ 3408.975,140
2853,12:16:30,$ 3408.9948,100
2854,12:16:28,$ 3408.9138,160
2855,12:16:23,$ 3408.89,100
2856,12:16:03,$ 3407.525,100
2857,12:15:58,$ 3406.61,100
2858,12:15:58,$ 3406.97,100
2859,12:15:58,$ 3407.00,100
2860,12:15:55,$ 3406.565,100
2861,12:15:53,$ 3406.5712,160
2862,12:15:51,$ 3406.19,100
2863,12:15:48,$ 3406.82,100
2864,12:15:48,$ 3406.90,100
2865,12:15:41,$ 3406.90,160
2866,12:15:40,$ 3406.85,100
2868,12:15:34,$ 3407.325,100
2869,12:15:30,$ 3407.73,100
2870,12:15:26,$ 3407.795,100
2871,12:15:26,$ 3408.03,100
2872,12:15:26,$ 3407.98,100
2873,12:15:26,$ 3408.02,100
2874,12:15:24,$ 3407.80,100
2875,12:15:23,$ 3408.02,100
2876,12:15:06,$ 3407.5781,113
2877,12:15:06,$ 3407.5781,302
2878,12:14:59,$ 3407.49,100
2879,12:14:49,$ 3408.085,130
2880,12:14:48,$ 3408.465,100
2881,12:14:47,$ 3409.08,100
2882,12:14:43,$ 3409.16,127
2883,12:14:43,$ 3409.16,150
2884,12:14:43,$ 3409.16,434
2885,12:14:43,$ 3409.16,117
2886,12:14:40,$ 3409.35,100
2887,12:14:29,$ 3409.00,100
2889,12:14:26,$ 3409.005,160
2890,12:14:25,$ 3409.005,200
2891,12:14:21,$ 3408.63,100
2892,12:14:16,$ 3409.305,100
2893,12:14:10,$ 3409.00,100
2894,12:13:48,$ 3408.24,100
2895,12:13:39,$ 3408.69,160
2896,12:13:36,$ 3408.71,100
2897,12:13:36,$ 3408.405,160
2898,12:13:32,$ 3408.145,160
2899,12:13:30,$ 3408.7199,100
2900,12:13:25,$ 3408.25,100
2901,12:13:24,$ 3407.915,100
2902,12:13:24,$ 3408.14,100
2903,12:13:09,$ 3408.11,100
2904,12:13:09,$ 3408.02,100
2905,12:13:07,$ 3408.11,100
2906,12:13:07,$ 3408.11,100
2907,12:12:44,$ 3407.43,100
2908,12:12:44,$ 3407.11,100
2910,12:12:36,$ 3407.645,100
2911,12:12:27,$ 3407.58,319
2912,12:12:17,$ 3407.555,160
2913,12:12:16,$ 3407.80,100
2914,12:12:14,$ 3407.61,100
2915,12:12:12,$ 3407.16,100
2916,12:11:46,$ 3407.6375,100
2917,12:11:46,$ 3407.67,100
2918,12:11:41,$ 3407.68,100
2919,12:11:41,$ 3407.44,100
2920,12:11:41,$ 3407.79,100
2921,12:11:41,$ 3407.60,100
2922,12:11:41,$ 3407.44,100
2923,12:11:41,$ 3407.42,100
2924,12:11:41,$ 3407.46,100
2925,12:11:41,$ 3407.41,100
2926,12:11:38,$ 3407.688,"1,101"
2927,12:11:28,$ 3407.60,100
2928,12:11:28,$ 3407.56,100
2929,12:11:19,$ 3407.91,100
2931,12:11:14,$ 3408.29,353
2932,12:11:13,$ 3408.02,100
2933,12:11:13,$ 3407.51,531
2934,12:11:10,$ 3408.00,100
2935,12:11:06,$ 3407.83,100
2936,12:10:59,$ 3407.5016,293
2937,12:10:47,$ 3407.26,100
2938,12:10:46,$ 3407.04,100
2939,12:10:46,$ 3407.04,100
2940,12:10:37,$ 3407.00,100
2941,12:10:37,$ 3407.00,174
2942,12:10:37,$ 3407.00,430
2943,12:10:37,$ 3407.00,100
2944,12:10:37,$ 3407.00,144
2945,12:10:23,$ 3406.02,100
2946,12:10:23,$ 3405.86,100
2947,12:10:23,$ 3406.14,100
2948,12:09:46,$ 3406.545,100
2949,12:09:11,$ 3406.46,100
2950,12:09:11,$ 3406.57,100
2952,12:08:34,$ 3406.00,120
2953,12:08:27,$ 3405.56,100
2954,12:08:17,$ 3405.00,995
2955,12:08:17,$ 3404.99,100
2956,12:08:09,$ 3404.69,160
2957,12:07:57,$ 3405.06,160
2958,12:07:27,$ 3405.04,100
2959,12:07:21,$ 3405.0886,160
2960,12:07:09,$ 3405.25,100
2961,12:07:09,$ 3405.25,100
2962,12:07:05,$ 3405.7623,160
2963,12:07:04,$ 3405.89,100
2964,12:07:01,$ 3405.44,100
2965,12:06:56,$ 3404.6096,200
2966,12:06:44,$ 3405.0068,129
2967,12:05:54,$ 3405.89,100
2968,12:05:36,$ 3405.36,100
2969,12:05:24,$ 3404.5023,293
2970,12:04:23,$ 3404.95,100
2971,12:04:09,$ 3404.22,100
2973,12:03:00,$ 3402.995,100
2974,12:02:53,$ 3403.55,100
2975,12:02:23,$ 3403.92,100
2976,12:01:37,$ 3405.00,100
2977,12:01:37,$ 3405.00,100
2978,12:01:37,$ 3404.92,100
2979,12:01:30,$ 3404.7994,100
2980,12:01:27,$ 3404.81,190
2981,12:01:27,$ 3404.81,200
2982,12:01:27,$ 3404.79,100
2983,12:01:27,$ 3404.66,100
2984,12:01:27,$ 3404.22,100
2985,12:01:27,$ 3404.21,100
2986,12:01:05,$ 3404.51,100
2987,12:00:03,$ 3404.765,100
2989,12:59:16,$ 3414.11,100
2990,12:58:26,$ 3415.00,100
2991,12:58:24,$ 3415.33,100
2992,12:57:43,$ 3414.98,200
2993,12:57:43,$ 3414.98,151
2994,12:57:36,$ 3414.24,100
2995,12:57:28,$ 3414.805,100
2996,12:57:25,$ 3414.36,200
2997,12:57:25,$ 3414.44,100
2998,12:57:20,$ 3415.9999,100
2999,12:57:16,$ 3415.215,100
3000,12:56:55,$ 3416.56,100
3001,12:56:42,$ 3415.4381,300
3002,12:56:31,$ 3416.43,100
3003,12:56:31,$ 3416.26,100
3004,12:56:10,$ 3415.505,100
3005,12:56:10,$ 3415.0001,100
3006,12:55:10,$ 3415.735,150
3007,12:54:23,$ 3415.81,100
3008,12:54:23,$ 3415.81,100
3010,12:54:22,$ 3416.438,200
3011,12:54:10,$ 3416.6585,100
3012,12:53:27,$ 3415.52,100
3013,12:53:27,$ 3415.49,100
3014,12:53:27,$ 3415.53,100
3015,12:53:26,$ 3415.85,100
3016,12:53:24,$ 3415.52,100
3017,12:52:35,$ 3416.54,100
3018,12:52:34,$ 3416.39,100
3019,12:51:56,$ 3416.36,256
3020,12:51:38,$ 3416.52,100
3021,12:51:36,$ 3416.3195,100
3022,12:51:19,$ 3416.83,100
3023,12:51:05,$ 3416.635,100
3024,12:51:02,$ 3416.615,100
3025,12:50:56,$ 3416.0612,100
3026,12:50:49,$ 3416.30,100
3027,12:50:44,$ 3416.92,100
3028,12:50:44,$ 3416.965,100
3029,12:50:44,$ 3416.935,100
3031,12:50:42,$ 3415.91,100
3032,12:50:38,$ 3417.53,100
3033,12:50:35,$ 3417.00,100
3034,12:50:34,$ 3417.20,100
3035,12:50:33,$ 3417.415,100
3036,12:50:29,$ 3416.825,100
3037,12:50:27,$ 3416.385,120
3038,12:50:26,$ 3417.07,100
3039,12:50:10,$ 3417.5069,100
3040,12:50:10,$ 3417.13,100
3041,12:50:10,$ 3417.28,100
3042,12:50:10,$ 3417.28,100
3043,12:50:08,$ 3417.375,100
3044,12:50:07,$ 3417.14,100
3045,12:50:04,$ 3417.62,100
3046,12:49:51,$ 3417.62,200
3047,12:49:46,$ 3417.93,100
3048,12:49:42,$ 3417.42,100
3049,12:49:39,$ 3417.26,100
3050,12:49:38,$ 3416.905,100
3052,12:49:31,$ 3416.865,100
3053,12:49:19,$ 3417.0046,665
3054,12:49:14,$ 3416.055,100
3055,12:49:12,$ 3417.045,100
3056,12:49:04,$ 3416.205,100
3057,12:49:04,$ 3416.185,100
3058,12:49:04,$ 3416.155,100
3059,12:49:02,$ 3416.12,100
3060,12:49:00,$ 3415.99,100
3061,12:49:00,$ 3415.98,100
3062,12:49:00,$ 3415.94,100
3063,12:48:55,$ 3415.41,100
3064,12:48:52,$ 3415.71,100
3065,12:48:52,$ 3415.95,100
3066,12:48:24,$ 3414.9814,100
3067,12:48:22,$ 3415.005,100
3068,12:48:15,$ 3414.945,100
3069,12:48:07,$ 3415.00,100
3070,12:48:04,$ 3414.78,100
3071,12:47:59,$ 3414.95,100
3073,12:47:59,$ 3415.00,100
3074,12:47:45,$ 3414.50,100
3075,12:47:45,$ 3414.60,100
3076,12:47:13,$ 3413.85,100
3077,12:47:03,$ 3413.79,100
3078,12:46:30,$ 3413.83,100
3079,12:46:28,$ 3413.9096,222
3080,12:46:25,$ 3413.54,100
3081,12:46:20,$ 3413.905,"1,000"
3082,12:46:15,$ 3413.65,100
3083,12:46:06,$ 3413.735,120
3084,12:45:59,$ 3414.00,100
3085,12:45:50,$ 3412.20,100
3086,12:45:49,$ 3413.265,100
3087,12:45:48,$ 3412.74,100
3088,12:45:45,$ 3412.95,100
3089,12:45:45,$ 3412.99,100
3090,12:45:34,$ 3412.055,100
3091,12:45:24,$ 3413.1191,100
3092,12:45:20,$ 3413.905,100
3094,12:45:19,$ 3413.69,254
3095,12:45:19,$ 3413.41,100
3096,12:45:19,$ 3412.56,100
3097,12:45:19,$ 3412.56,100
3098,12:45:19,$ 3412.58,200
3099,12:45:19,$ 3412.84,100
3100,12:45:17,$ 3412.045,100
3101,12:45:17,$ 3411.84,100
3102,12:45:17,$ 3411.86,100
3103,12:45:17,$ 3412.01,100
3104,12:45:14,$ 3411.45,100
3105,12:45:10,$ 3411.28,100
3106,12:45:10,$ 3411.03,100
3107,12:45:07,$ 3411.6839,100
3108,12:44:56,$ 3411.10,100
3109,12:44:48,$ 3410.405,100
3110,12:44:19,$ 3410.8662,100
3111,12:44:11,$ 3411.295,100
3112,12:43:47,$ 3410.51,100
3113,12:43:02,$ 3410.97,100
3115,12:43:02,$ 3411.02,100
3116,12:43:02,$ 3410.95,100
3117,12:43:01,$ 3410.77,100
3118,12:42:41,$ 3410.165,100
3119,12:42:25,$ 3410.50,150
3120,12:41:49,$ 3411.47,100
3121,12:41:45,$ 3410.42,100
3122,12:41:45,$ 3410.51,107
3123,12:41:14,$ 3411.23,100
3124,12:40:53,$ 3409.71,100
3125,12:40:50,$ 3409.115,100
3126,12:40:37,$ 3410.00,200
3127,12:40:20,$ 3408.85,100
3128,12:40:08,$ 3408.47,100
3129,12:40:08,$ 3408.075,100
3130,12:39:48,$ 3407.9218,100
3131,12:39:38,$ 3407.32,100
3132,12:39:05,$ 3407.9173,100
3133,12:39:02,$ 3408.55,100
3134,12:39:02,$ 3408.505,100
3136,12:39:01,$ 3408.535,100
3137,12:38:51,$ 3407.2624,100
3138,12:38:48,$ 3407.535,100
3139,12:38:35,$ 3407.61,"1,000"
3140,12:38:08,$ 3409.04,100
3141,12:38:04,$ 3409.00,100
3142,12:37:54,$ 3408.51,100
3143,12:37:36,$ 3409.1742,100
3144,12:37:27,$ 3409.60,100
3145,12:37:26,$ 3408.72,100
3146,12:37:14,$ 3407.57,110
3147,12:36:55,$ 3408.20,154
3148,12:36:55,$ 3408.20,100
3149,12:36:38,$ 3408.12,100
3150,12:36:38,$ 3408.02,100
3151,12:36:30,$ 3408.1199,100
3152,12:36:30,$ 3408.07,100
3153,12:36:13,$ 3406.7283,100
3154,12:36:13,$ 3407.70,100
3155,12:35:33,$ 3408.48,291
3157,12:35:16,$ 3408.635,100
3158,12:35:16,$ 3408.69,100
3159,12:35:05,$ 3409.83,100
3160,12:34:58,$ 3409.42,100
3161,12:34:58,$ 3409.43,100
3162,12:34:45,$ 3408.73,181
3163,12:34:45,$ 3408.70,181
3164,12:34:45,$ 3408.66,100
3165,12:34:40,$ 3408.70,100
3166,12:34:40,$ 3408.46,100
3167,12:34:40,$ 3408.46,141
3168,12:34:40,$ 3409.01,100
3169,12:34:40,$ 3409.01,100
3170,12:34:40,$ 3408.90,150
3171,12:34:35,$ 3410.10,100
3172,12:33:41,$ 3410.215,100
3173,12:33:34,$ 3410.80,160
3174,12:33:29,$ 3410.01,100
3175,12:33:29,$ 3410.06,100
3176,12:33:17,$ 3410.77,100
3178,12:32:51,$ 3410.96,160
3179,12:32:30,$ 3410.77,100
3180,12:31:40,$ 3410.5645,180
3181,12:30:24,$ 3411.50,100
3182,12:30:09,$ 3410.99,160
3183,12:30:08,$ 3410.995,160
3184,12:30:07,$ 3410.99,100
3186,13:29:43,$ 3412.88,100
3187,13:29:43,$ 3412.89,100
3188,13:29:30,$ 3412.62,100
3189,13:27:34,$ 3413.07,100
3190,13:26:59,$ 3412.56,100
3191,13:26:52,$ 3413.4301,150
3192,13:26:24,$ 3413.03,100
3193,13:26:24,$ 3413.03,100
3194,13:26:24,$ 3413.03,100
3195,13:26:13,$ 3413.03,100
3196,13:26:01,$ 3412.93,100
3197,13:25:37,$ 3412.74,448
3198,13:25:26,$ 3411.58,100
3199,13:25:25,$ 3411.495,100
3200,13:23:42,$ 3410.35,100
3201,13:23:36,$ 3410.60,100
3202,13:23:05,$ 3410.79,100
3203,13:23:03,$ 3410.18,100
3204,13:22:56,$ 3410.195,100
3205,13:22:56,$ 3410.19,100
3207,13:22:56,$ 3410.19,100
3208,13:22:56,$ 3410.77,100
3209,13:22:56,$ 3410.76,100
3210,13:22:56,$ 3411.17,100
3211,13:22:56,$ 3411.22,100
3212,13:22:51,$ 3410.5901,300
3213,13:22:12,$ 3410.55,100
3214,13:22:12,$ 3410.56,100
3215,13:22:12,$ 3410.56,100
3216,13:22:12,$ 3410.56,100
3217,13:22:12,$ 3410.56,100
3218,13:22:12,$ 3410.60,100
3219,13:22:12,$ 3410.74,100
3220,13:22:12,$ 3410.78,100
3221,13:21:16,$ 3411.0574,100
3222,13:19:20,$ 3411.56,100
3223,13:15:32,$ 3412.43,100
3224,13:15:23,$ 3412.31,100
3225,13:14:50,$ 3412.89,100
3226,13:14:36,$ 3413.50,100
3228,13:14:36,$ 3413.58,100
3229,13:14:36,$ 3413.58,275
3230,13:14:29,$ 3413.63,100
3231,13:13:59,$ 3414.22,100
3232,13:13:53,$ 3413.83,100
3233,13:13:48,$ 3413.78,100
3234,13:13:44,$ 3414.58,100
3235,13:13:41,$ 3413.988,100
3236,13:13:41,$ 3413.97,100
3237,13:13:04,$ 3412.34,100
3238,13:13:02,$ 3411.735,100
3239,13:13:02,$ 3411.735,100
3240,13:11:47,$ 3412.01,100
3241,13:11:44,$ 3412.0501,100
3242,13:11:36,$ 3412.03,100
3243,13:11:23,$ 3412.14,100
3244,13:11:23,$ 3412.14,100
3245,13:11:23,$ 3412.05,100
3246,13:11:23,$ 3411.60,100
3247,13:11:23,$ 3411.20,100
3249,13:10:55,$ 3410.78,100
3250,13:10:52,$ 3411.49,100
3251,13:10:49,$ 3410.77,100
3252,13:10:31,$ 3411.29,100
3253,13:10:25,$ 3412.06,100
3254,13:10:04,$ 3412.61,100
3255,13:10:02,$ 3412.645,100
3256,13:09:57,$ 3411.9201,300
3257,13:09:34,$ 3412.565,100
3258,13:09:32,$ 3411.88,100
3259,13:09:14,$ 3412.51,100
3260,13:09:13,$ 3411.81,100
3261,13:08:58,$ 3411.11,100
3262,13:08:57,$ 3411.43,100
3263,13:08:44,$ 3411.425,100
3264,13:08:42,$ 3411.35,100
3265,13:08:34,$ 3411.65,100
3266,13:08:34,$ 3411.64,100
3267,13:08:34,$ 3411.64,100
3268,13:08:34,$ 3411.65,100
3270,13:08:32,$ 3411.63,200
3271,13:07:55,$ 3412.84,100
3272,13:07:29,$ 3412.72,100
3273,13:07:28,$ 3412.985,150
3274,13:07:24,$ 3411.63,100
3275,13:07:19,$ 3412.45,100
3276,13:07:07,$ 3411.49,100
3277,13:07:03,$ 3410.3322,200
3278,13:06:36,$ 3412.07,100
3279,13:06:36,$ 3411.83,100
3280,13:06:20,$ 3412.1943,100
3281,13:06:20,$ 3411.83,100
3282,13:06:05,$ 3412.60,100
3283,13:06:05,$ 3412.71,100
3284,13:06:02,$ 3412.5759,157
3285,13:05:53,$ 3412.71,100
3286,13:05:37,$ 3413.00,225
3287,13:05:37,$ 3413.00,292
3288,13:05:37,$ 3413.11,100
3289,13:05:33,$ 3412.6578,100
3291,13:05:16,$ 3412.225,100
3292,13:05:04,$ 3411.99,100
3293,13:05:04,$ 3412.00,175
3294,13:05:04,$ 3412.00,191
3295,13:05:04,$ 3412.00,100
3296,13:05:04,$ 3412.00,100
3297,13:05:02,$ 3412.03,100
3298,13:05:02,$ 3412.03,100
3299,13:05:02,$ 3412.03,100
3300,13:05:01,$ 3411.75,100
3301,13:05:00,$ 3412.20,100
3302,13:04:38,$ 3412.31,169
3303,13:04:25,$ 3413.9429,107
3304,13:04:25,$ 3414.03,100
3305,13:02:24,$ 3412.97,100
3306,13:02:15,$ 3413.34,200
3307,13:01:33,$ 3412.95,100
3308,13:01:27,$ 3412.90,100
3309,13:01:15,$ 3413.17,100
3310,13:01:15,$ 3413.16,100
3312,13:00:57,$ 3413.125,100
3313,13:00:46,$ 3413.69,100
3314,13:00:38,$ 3414.36,100
3316,13:59:58,$ 3400.50,100
3317,13:59:57,$ 3400.50,100
3318,13:59:56,$ 3400.50,100
3319,13:59:56,$ 3400.55,100
3320,13:59:56,$ 3400.51,100
3321,13:59:51,$ 3400.885,500
3322,13:58:25,$ 3400.66,100
3323,13:58:01,$ 3400.02,300
3324,13:57:52,$ 3400.75,100
3325,13:57:51,$ 3400.34,100
3326,13:57:42,$ 3400.67,100
3327,13:57:42,$ 3400.75,100
3328,13:57:42,$ 3400.92,100
3329,13:57:40,$ 3400.86,100
3330,13:57:40,$ 3400.88,100
3331,13:57:40,$ 3400.87,100
3332,13:57:25,$ 3401.51,100
3333,13:57:22,$ 3402.00,100
3334,13:57:20,$ 3401.93,100
3335,13:57:15,$ 3402.685,100
3337,13:56:16,$ 3402.87,100
3338,13:56:02,$ 3402.80,150
3339,13:56:00,$ 3402.39,100
3340,13:55:24,$ 3401.825,200
3341,13:55:21,$ 3401.40,100
3342,13:55:15,$ 3401.22,100
3343,13:55:15,$ 3401.22,100
3344,13:55:15,$ 3401.445,200
3345,13:55:15,$ 3401.20,100
3346,13:55:15,$ 3401.73,100
3347,13:55:15,$ 3401.82,100
3348,13:54:54,$ 3402.56,100
3349,13:54:50,$ 3402.54,100
3350,13:54:23,$ 3402.66,100
3351,13:54:08,$ 3403.00,100
3352,13:54:01,$ 3403.10,100
3353,13:54:00,$ 3403.56,100
3354,13:54:00,$ 3403.43,100
3355,13:54:00,$ 3403.43,100
3356,13:53:37,$ 3403.60,100
3358,13:53:15,$ 3402.89,100
3359,13:53:13,$ 3402.95,100
3360,13:52:57,$ 3403.36,100
3361,13:52:20,$ 3404.09,100
3362,13:51:56,$ 3404.115,100
3363,13:51:53,$ 3404.45,100
3364,13:51:53,$ 3404.47,100
3365,13:51:53,$ 3404.47,100
3366,13:50:52,$ 3403.7514,408
3367,13:50:50,$ 3403.865,100
3368,13:50:50,$ 3403.33,100
3369,13:50:49,$ 3403.5947,300
3370,13:50:49,$ 3404.15,200
3371,13:50:42,$ 3404.51,100
3372,13:50:39,$ 3404.79,100
3373,13:50:34,$ 3405.365,125
3374,13:50:29,$ 3405.87,100
3375,13:50:28,$ 3405.3801,124
3376,13:50:15,$ 3405.6757,250
3377,13:50:06,$ 3405.6181,100
3379,13:49:47,$ 3406.155,100
3380,13:49:44,$ 3405.955,150
3381,13:49:05,$ 3407.00,100
3382,13:49:03,$ 3406.35,125
3383,13:48:18,$ 3407.25,100
3384,13:48:05,$ 3407.775,100
3385,13:47:52,$ 3407.88,125
3386,13:47:34,$ 3407.735,100
3387,13:47:02,$ 3408.205,100
3388,13:47:00,$ 3408.2063,115
3389,13:45:58,$ 3408.25,100
3390,13:45:53,$ 3408.00,900
3391,13:45:44,$ 3408.24,100
3392,13:45:44,$ 3407.81,100
3393,13:45:43,$ 3408.29,100
3394,13:45:43,$ 3408.28,100
3395,13:45:40,$ 3407.82,100
3396,13:45:15,$ 3407.84,100
3397,13:45:03,$ 3408.51,100
3398,13:44:21,$ 3408.28,100
3400,13:44:18,$ 3408.28,100
3401,13:43:28,$ 3407.1296,259
3402,13:43:07,$ 3407.01,163
3403,13:42:55,$ 3407.22,100
3404,13:42:38,$ 3407.2697,200
3405,13:41:20,$ 3406.28,500
3406,13:40:52,$ 3406.22,100
3407,13:40:41,$ 3406.54,100
3408,13:40:41,$ 3405.75,150
3409,13:40:37,$ 3405.75,100
3410,13:40:36,$ 3406.59,100
3411,13:40:36,$ 3406.57,100
3412,13:40:36,$ 3406.54,100
3413,13:40:18,$ 3407.165,100
3414,13:40:17,$ 3407.32,100
3415,13:40:03,$ 3407.75,100
3416,13:39:54,$ 3407.73,100
3417,13:39:32,$ 3407.08,150
3418,13:37:19,$ 3403.93,200
3419,13:37:11,$ 3404.00,100
3421,13:37:11,$ 3404.03,100
3422,13:36:54,$ 3402.996,100
3423,13:36:54,$ 3404.03,100
3424,13:36:54,$ 3404.15,100
3425,13:36:39,$ 3406.00,227
3426,13:36:29,$ 3405.63,100
3427,13:35:59,$ 3406.14,100
3428,13:35:58,$ 3406.00,100
3429,13:35:57,$ 3406.00,100
3430,13:35:57,$ 3406.14,100
3431,13:35:57,$ 3406.15,100
3432,13:35:56,$ 3406.00,100
3433,13:35:56,$ 3406.00,100
3434,13:35:54,$ 3406.28,386
3435,13:35:54,$ 3406.36,100
3436,13:35:14,$ 3407.37,100
3437,13:35:11,$ 3408.00,253
3438,13:34:56,$ 3408.60,100
3439,13:34:56,$ 3408.56,100
3440,13:34:38,$ 3409.46,100
3442,13:34:37,$ 3409.925,100
3443,13:34:14,$ 3410.215,100
3444,13:33:41,$ 3409.89,100
3445,13:33:41,$ 3409.89,100
3446,13:33:05,$ 3410.275,"1,000"
3447,13:32:59,$ 3410.10,455
3448,13:32:59,$ 3410.10,354
3449,13:30:15,$ 3412.60,100
3450,13:30:15,$ 3413.61,100
3452,14:29:53,$ 3404.00,150
3453,14:29:53,$ 3404.185,100
3454,14:29:14,$ 3403.95,100
3455,14:29:01,$ 3403.58,149
3456,14:28:55,$ 3403.13,179
3457,14:28:17,$ 3403.42,100
3458,14:28:06,$ 3403.77,100
3459,14:28:00,$ 3403.405,100
3460,14:27:59,$ 3403.38,100
3461,14:27:59,$ 3403.32,100
3462,14:27:59,$ 3403.5718,300
3463,14:27:59,$ 3404.05,100
3464,14:27:28,$ 3403.00,659
3465,14:27:28,$ 3403.27,100
3466,14:27:20,$ 3402.49,100
3467,14:27:20,$ 3402.49,100
3468,14:27:01,$ 3403.35,150
3469,14:26:23,$ 3403.7384,192
3470,14:26:20,$ 3403.735,100
3471,14:26:09,$ 3403.41,100
3473,14:26:09,$ 3403.40,100
3474,14:26:09,$ 3404.05,100
3475,14:26:09,$ 3403.84,100
3476,14:26:09,$ 3404.03,100
3477,14:26:09,$ 3403.83,100
3478,14:26:09,$ 3404.42,100
3479,14:26:09,$ 3403.43,100
3480,14:26:09,$ 3403.43,190
3481,14:26:09,$ 3403.45,100
3482,14:26:09,$ 3403.46,100
3483,14:26:09,$ 3403.43,100
3484,14:26:09,$ 3403.43,100
3485,14:26:09,$ 3403.45,100
3486,14:26:09,$ 3403.50,100
3487,14:26:09,$ 3404.14,100
3488,14:26:09,$ 3404.14,100
3489,14:26:09,$ 3404.14,100
3490,14:26:09,$ 3404.46,100
3491,14:26:09,$ 3404.45,100
3492,14:25:58,$ 3404.305,100
3494,14:25:54,$ 3404.87,100
3495,14:25:46,$ 3404.97,100
3496,14:25:46,$ 3405.01,100
3497,14:25:41,$ 3404.76,100
3498,14:25:39,$ 3405.07,100
3499,14:25:19,$ 3405.15,100
3500,14:25:19,$ 3404.31,100
3501,14:25:12,$ 3404.06,100
3502,14:24:33,$ 3404.48,100
3503,14:23:28,$ 3403.50,100
3504,14:22:48,$ 3403.70,100
3505,14:22:36,$ 3405.015,100
3506,14:21:29,$ 3405.81,100
3507,14:21:29,$ 3405.77,100
3508,14:21:29,$ 3406.175,100
3509,14:21:07,$ 3405.91,200
3510,14:21:07,$ 3405.86,100
3511,14:20:26,$ 3405.4833,125
3512,14:19:47,$ 3405.73,100
3513,14:19:25,$ 3405.0777,200
3515,14:18:56,$ 3405.91,200
3516,14:18:04,$ 3407.00,900
3517,14:18:04,$ 3407.00,100
3518,14:18:04,$ 3406.56,100
3519,14:17:53,$ 3406.01,100
3520,14:17:45,$ 3405.98,100
3521,14:17:43,$ 3405.72,100
3522,14:17:32,$ 3405.95,100
3523,14:17:24,$ 3405.30,100
3524,14:16:23,$ 3403.78,100
3525,14:16:17,$ 3404.31,100
3526,14:14:52,$ 3403.68,100
3527,14:13:00,$ 3404.6157,100
3528,14:12:50,$ 3403.99,100
3529,14:12:19,$ 3405.025,100
3530,14:12:05,$ 3405.07,100
3531,14:11:58,$ 3405.05,100
3532,14:11:58,$ 3405.00,100
3533,14:11:58,$ 3404.84,100
3534,14:11:28,$ 3404.3299,100
3536,14:11:25,$ 3403.83,100
3537,14:10:36,$ 3404.73,100
3538,14:10:25,$ 3404.77,100
3539,14:10:15,$ 3404.62,100
3540,14:10:01,$ 3403.78,100
3541,14:09:55,$ 3403.93,100
3542,14:08:05,$ 3404.98,100
3543,14:08:05,$ 3405.14,100
3544,14:08:05,$ 3404.75,100
3545,14:08:05,$ 3404.79,100
3546,14:08:05,$ 3404.97,100
3547,14:08:05,$ 3404.98,100
3548,14:08:05,$ 3405.00,118
3549,14:08:02,$ 3403.82,100
3550,14:08:02,$ 3403.86,100
3551,14:08:02,$ 3404.02,100
3552,14:08:02,$ 3403.945,100
3553,14:08:01,$ 3403.02,143
3554,14:08:01,$ 3403.02,100
3555,14:07:43,$ 3404.1756,100
3557,14:07:41,$ 3403.67,100
3558,14:07:28,$ 3403.25,100
3559,14:07:05,$ 3404.895,100
3560,14:06:57,$ 3404.361,100
3561,14:06:33,$ 3404.535,100
3562,14:06:32,$ 3404.38,100
3563,14:06:32,$ 3404.38,100
3564,14:06:32,$ 3404.66,100
3565,14:06:22,$ 3404.89,100
3566,14:06:17,$ 3404.59,100
3567,14:06:13,$ 3404.60,100
3568,14:06:13,$ 3404.47,100
3569,14:06:13,$ 3404.45,100
3570,14:05:38,$ 3404.46,100
3571,14:05:38,$ 3404.46,100
3572,14:05:38,$ 3404.46,100
3573,14:05:29,$ 3404.54,100
3574,14:05:29,$ 3404.29,100
3575,14:05:04,$ 3403.919,100
3576,14:04:02,$ 3403.1472,399
3578,14:04:02,$ 3403.1259,412
3579,14:04:02,$ 3403.19,100
3580,14:03:44,$ 3403.00,100
3581,14:03:24,$ 3402.33,100
3582,14:03:19,$ 3402.66,100
3583,14:03:17,$ 3402.1967,"1,000"
3584,14:02:50,$ 3401.77,161
3585,14:02:30,$ 3401.965,396
3586,14:02:09,$ 3401.885,100
3587,14:02:09,$ 3402.31,100
3588,14:02:09,$ 3401.80,100
3589,14:02:09,$ 3401.69,100
3590,14:01:56,$ 3401.075,100
3591,14:01:29,$ 3401.94,100
3592,14:01:29,$ 3401.85,100
3593,14:01:22,$ 3402.07,100
3594,14:01:22,$ 3401.97,100
3595,14:01:18,$ 3401.0401,100
3596,14:00:44,$ 3400.48,275
3597,14:00:42,$ 3400.7891,200
3599,14:00:27,$ 3400.2601,200
3600,14:00:06,$ 3400.49,100
3601,14:00:05,$ 3400.725,100
3602,14:00:04,$ 3400.59,100
3604,14:59:14,$ 3407.46,100
3605,14:59:14,$ 3406.9495,150
3606,14:58:37,$ 3406.20,200
3607,14:58:32,$ 3405.28,100
3608,14:58:32,$ 3405.28,100
3609,14:58:32,$ 3405.30,100
3610,14:58:14,$ 3405.47,100
3611,14:58:14,$ 3405.47,100
3612,14:57:37,$ 3404.965,100
3613,14:57:23,$ 3404.6459,100
3614,14:57:03,$ 3404.75,182
3615,14:57:03,$ 3404.88,100
3616,14:56:05,$ 3403.50,100
3617,14:54:44,$ 3403.7386,100
3618,14:54:44,$ 3404.00,196
3619,14:53:32,$ 3403.00,900
3620,14:53:32,$ 3402.96,100
3621,14:53:32,$ 3402.92,100
3622,14:53:32,$ 3402.93,100
3623,14:53:09,$ 3402.461,100
3625,14:53:06,$ 3402.37,100
3626,14:53:06,$ 3402.24,100
3627,14:52:59,$ 3402.52,100
3628,14:52:34,$ 3402.00,283
3629,14:52:07,$ 3400.99,100
3630,14:52:07,$ 3400.84,100
3631,14:52:07,$ 3400.95,100
3632,14:52:07,$ 3400.96,100
3633,14:52:07,$ 3400.98,100
3634,14:51:17,$ 3400.00,200
3635,14:51:17,$ 3400.00,100
3636,14:51:14,$ 3400.125,100
3637,14:50:31,$ 3400.45,100
3638,14:50:30,$ 3399.29,100
3639,14:50:23,$ 3399.80,100
3640,14:50:21,$ 3399.00,100
3641,14:50:21,$ 3398.98,100
3642,14:50:14,$ 3398.59,100
3643,14:49:45,$ 3398.04,100
3644,14:48:50,$ 3397.1843,100
3646,14:48:29,$ 3397.69,100
3647,14:48:19,$ 3398.7605,100
3648,14:48:13,$ 3398.925,100
3649,14:46:23,$ 3399.23,100
3650,14:46:14,$ 3399.10,100
3651,14:46:08,$ 3398.935,100
3652,14:46:04,$ 3398.85,100
3653,14:45:46,$ 3398.4531,399
3654,14:45:40,$ 3397.73,100
3655,14:45:32,$ 3398.00,100
3656,14:45:32,$ 3398.00,207
3657,14:45:32,$ 3398.227,100
3658,14:45:32,$ 3398.00,100
3659,14:45:32,$ 3398.04,100
3660,14:45:32,$ 3398.535,100
3661,14:45:32,$ 3398.02,100
3662,14:45:32,$ 3398.58,100
3663,14:45:32,$ 3399.02,100
3664,14:45:32,$ 3399.07,200
3665,14:45:28,$ 3399.21,100
3667,14:45:18,$ 3399.50,100
3668,14:45:17,$ 3399.48,100
3669,14:45:10,$ 3399.31,100
3670,14:45:10,$ 3399.31,100
3671,14:45:06,$ 3399.21,100
3672,14:45:06,$ 3399.20,100
3673,14:44:45,$ 3399.21,100
3674,14:44:45,$ 3399.31,100
3675,14:44:43,$ 3399.518,100
3676,14:44:42,$ 3399.99,100
3677,14:44:42,$ 3399.99,100
3678,14:44:41,$ 3400.1927,100
3679,14:44:41,$ 3400.00,100
3680,14:44:41,$ 3400.085,100
3681,14:44:41,$ 3400.00,900
3682,14:44:41,$ 3400.02,100
3683,14:44:41,$ 3399.80,100
3684,14:44:41,$ 3400.02,100
3685,14:44:41,$ 3400.00,100
3686,14:44:41,$ 3400.00,100
3688,14:44:40,$ 3400.30,100
3689,14:44:40,$ 3400.36,100
3690,14:44:40,$ 3400.46,100
3691,14:44:40,$ 3401.10,100
3692,14:44:40,$ 3401.19,100
3693,14:42:45,$ 3401.56,100
3694,14:42:42,$ 3401.56,100
3695,14:40:34,$ 3401.9916,149
3696,14:40:34,$ 3401.36,100
3697,14:40:34,$ 3401.37,500
3698,14:40:34,$ 3401.37,100
3699,14:40:30,$ 3401.09,138
3700,14:40:30,$ 3401.09,200
3701,14:40:30,$ 3401.04,100
3702,14:40:30,$ 3401.05,100
3703,14:40:29,$ 3401.0645,100
3704,14:40:23,$ 3400.96,100
3705,14:40:23,$ 3400.98,100
3706,14:40:23,$ 3401.07,100
3707,14:40:23,$ 3401.35,100
3709,14:40:19,$ 3402.00,100
3710,14:40:19,$ 3402.3799,250
3711,14:40:17,$ 3403.19,100
3712,14:40:13,$ 3403.68,100
3713,14:40:13,$ 3403.67,100
3714,14:40:13,$ 3403.36,100
3715,14:40:13,$ 3403.17,131
3716,14:40:10,$ 3403.679,100
3717,14:40:10,$ 3403.67,181
3718,14:40:07,$ 3403.88,100
3719,14:40:07,$ 3404.575,100
3720,14:39:51,$ 3404.64,100
3721,14:39:48,$ 3404.975,100
3722,14:39:48,$ 3404.58,100
3723,14:39:48,$ 3404.99,251
3724,14:39:32,$ 3405.00,117
3725,14:39:16,$ 3405.09,116
3726,14:39:16,$ 3405.10,100
3727,14:39:15,$ 3405.43,100
3728,14:39:14,$ 3405.254,270
3730,14:39:14,$ 3405.38,100
3731,14:39:05,$ 3405.36,100
3732,14:39:05,$ 3405.36,100
3733,14:39:02,$ 3405.39,100
3734,14:38:59,$ 3405.34,150
3735,14:38:38,$ 3405.29,100
3736,14:38:29,$ 3405.35,190
3737,14:38:23,$ 3405.35,144
3738,14:38:04,$ 3405.37,200
3739,14:37:30,$ 3405.49,100
3740,14:37:18,$ 3405.21,100
3741,14:37:10,$ 3405.26,179
3742,14:37:01,$ 3405.26,137
3743,14:35:06,$ 3404.84,100
3744,14:34:42,$ 3404.46,100
3745,14:34:40,$ 3404.35,100
3746,14:34:25,$ 3404.2001,116
3747,14:33:26,$ 3404.1814,597
3748,14:31:44,$ 3403.9999,100
3749,14:31:21,$ 3403.07,100
3751,14:31:20,$ 3403.06,100
3752,14:31:16,$ 3402.8866,"1,000"
3753,14:31:06,$ 3403.19,100
3754,14:30:58,$ 3402.98,100
3755,14:30:58,$ 3403.05,100
3756,14:30:57,$ 3403.19,100
3757,14:30:57,$ 3403.08,100
3758,14:30:56,$ 3402.98,100
3759,14:30:55,$ 3402.95,100
3760,14:30:55,$ 3402.95,100
3761,14:30:55,$ 3402.95,100
3762,14:30:55,$ 3402.94,100
3763,14:30:54,$ 3403.12,100
3764,14:30:46,$ 3402.95,100
3765,14:30:46,$ 3402.96,100
3766,14:30:42,$ 3403.08,100
3767,14:30:42,$ 3403.07,100
3768,14:30:42,$ 3403.45,100
3769,14:30:39,$ 3404.33,100
3770,14:30:39,$ 3404.40,100
3772,14:30:34,$ 3403.81,100
3773,14:30:33,$ 3403.86,100
3774,14:30:26,$ 3403.35,100
3775,14:30:26,$ 3403.56,100
3776,14:30:26,$ 3403.75,100
3777,14:30:26,$ 3403.97,100
3778,14:30:26,$ 3403.97,100
3779,14:30:26,$ 3403.97,100
3780,14:30:26,$ 3403.97,100
3781,14:30:26,$ 3403.97,100
3783,15:29:54,$ 3408.61,200
3784,15:29:37,$ 3408.48,150
3785,15:29:24,$ 3408.62,100
3786,15:28:54,$ 3408.37,100
3787,15:28:53,$ 3408.29,200
3788,15:28:53,$ 3408.27,100
3789,15:28:09,$ 3407.49,100
3790,15:28:08,$ 3407.53,100
3791,15:28:08,$ 3407.47,100
3792,15:28:02,$ 3407.47,118
3793,15:28:00,$ 3407.10,100
3794,15:28:00,$ 3407.10,100
3795,15:27:59,$ 3407.19,100
3796,15:27:59,$ 3408.06,100
3797,15:27:58,$ 3407.53,100
3798,15:27:58,$ 3407.53,100
3799,15:27:58,$ 3407.51,100
3800,15:27:58,$ 3406.81,100
3801,15:27:58,$ 3407.88,100
3802,15:27:56,$ 3408.00,988
3804,15:27:55,$ 3408.49,100
3805,15:27:54,$ 3408.49,100
3806,15:27:54,$ 3408.57,100
3807,15:27:54,$ 3408.59,100
3808,15:27:49,$ 3409.07,100
3809,15:27:45,$ 3408.9799,100
3810,15:27:45,$ 3408.90,200
3811,15:27:35,$ 3408.89,100
3812,15:27:35,$ 3408.95,100
3813,15:27:18,$ 3408.43,100
3814,15:27:11,$ 3409.52,100
3815,15:26:37,$ 3409.8598,100
3816,15:26:37,$ 3409.82,100
3817,15:26:29,$ 3409.54,100
3818,15:26:20,$ 3409.38,100
3819,15:26:01,$ 3410.10,700
3820,15:25:59,$ 3410.095,101
3821,15:25:58,$ 3410.20,100
3822,15:25:50,$ 3410.70,100
3823,15:25:50,$ 3410.61,100
3825,15:25:49,$ 3410.3786,105
3826,15:25:49,$ 3410.3786,570
3827,15:25:25,$ 3410.5307,100
3828,15:25:15,$ 3410.00,100
3829,15:25:15,$ 3410.00,100
3830,15:25:08,$ 3410.305,100
3831,15:25:00,$ 3410.3045,293
3832,15:25:00,$ 3410.3045,399
3833,15:24:51,$ 3409.98,100
3834,15:24:51,$ 3409.98,100
3835,15:24:50,$ 3410.13,100
3836,15:24:50,$ 3410.08,100
3837,15:24:49,$ 3410.43,100
3838,15:24:48,$ 3409.88,100
3839,15:24:46,$ 3409.96,100
3840,15:24:23,$ 3409.88,100
