,NLS Time (ET),NLS Price,NLS Share Volume
1,09:59:59,$ 3233.42,100
2,09:59:58,$ 3234.97,100
3,09:59:58,$ 3234.97,100
4,09:59:58,$ 3234.97,100
5,09:59:58,$ 3234.77,100
6,09:59:57,$ 3234.385,200
7,09:59:52,$ 3234.085,100
8,09:59:46,$ 3233.81,100
9,09:59:42,$ 3234.5299,100
10,09:59:37,$ 3233.985,100
11,09:59:37,$ 3234.51,100
12,09:59:37,$ 3233.75,121
13,09:59:37,$ 3233.95,100
14,09:59:25,$ 3233.345,100
15,09:59:13,$ 3233.58,100
16,09:59:08,$ 3232.87,100
17,09:59:02,$ 3234.11,300
18,09:59:01,$ 3233.763,117
19,09:58:51,$ 3233.84,100
20,09:58:42,$ 3232.66,100
22,09:58:42,$ 3233.18,100
23,09:58:41,$ 3234.095,200
24,09:58:39,$ 3233.99,138
25,09:58:37,$ 3234.97,100
26,09:58:32,$ 3234.91,100
27,09:58:31,$ 3235.75,100
28,09:58:28,$ 3235.51,100
29,09:58:26,$ 3235.20,100
30,09:58:26,$ 3235.02,100
31,09:58:26,$ 3235.125,100
32,09:58:22,$ 3234.885,100
33,09:58:22,$ 3235.18,100
34,09:58:19,$ 3234.14,100
35,09:58:12,$ 3233.74,100
36,09:58:12,$ 3233.71,100
37,09:58:04,$ 3232.23,100
38,09:58:04,$ 3232.23,168
39,09:58:04,$ 3232.33,100
40,09:58:00,$ 3234.09,100
41,09:57:54,$ 3234.42,100
43,09:57:53,$ 3234.42,100
44,09:57:53,$ 3233.61,100
45,09:57:51,$ 3233.65,100
46,09:57:51,$ 3232.56,100
47,09:57:45,$ 3232.4578,200
48,09:57:39,$ 3232.035,100
49,09:57:39,$ 3232.035,100
50,09:57:35,$ 3231.42,100
51,09:57:29,$ 3230.815,100
52,09:56:54,$ 3228.92,100
53,09:56:54,$ 3228.3668,100
54,09:56:36,$ 3227.78,100
55,09:56:15,$ 3229.02,100
56,09:56:14,$ 3229.33,100
57,09:56:12,$ 3229.81,500
58,09:56:11,$ 3228.02,100
59,09:56:11,$ 3227.93,100
60,09:56:10,$ 3227.80,100
61,09:56:00,$ 3226.13,100
62,09:55:51,$ 3226.47,200
64,09:55:49,$ 3227.01,100
65,09:55:46,$ 3227.92,100
66,09:55:41,$ 3228.42,100
67,09:55:31,$ 3229.22,100
68,09:55:29,$ 3228.76,400
69,09:55:29,$ 3228.55,100
70,09:55:29,$ 3228.59,100
71,09:55:24,$ 3227.80,100
72,09:55:21,$ 3228.268,500
73,09:55:19,$ 3229.65,100
74,09:55:19,$ 3228.67,100
75,09:55:19,$ 3228.67,100
76,09:55:19,$ 3228.15,100
77,09:55:16,$ 3228.5378,150
78,09:55:15,$ 3227.7648,125
79,09:55:09,$ 3227.00,100
80,09:55:01,$ 3226.49,116
81,09:54:59,$ 3227.35,100
82,09:54:58,$ 3227.45,100
83,09:54:58,$ 3227.38,100
85,09:54:58,$ 3227.38,100
86,09:54:58,$ 3227.40,100
87,09:54:58,$ 3227.60,100
88,09:54:43,$ 3229.94,100
89,09:54:29,$ 3229.42,100
90,09:54:29,$ 3229.39,103
91,09:54:29,$ 3229.3899,100
92,09:54:29,$ 3229.3899,100
93,09:54:29,$ 3229.3899,100
94,09:54:29,$ 3229.39,100
95,09:54:29,$ 3229.39,100
96,09:54:29,$ 3229.39,100
97,09:54:29,$ 3228.865,100
98,09:54:28,$ 3229.38,100
99,09:54:28,$ 3229.3693,110
100,09:54:28,$ 3229.3693,126
101,09:54:28,$ 3228.63,300
102,09:54:28,$ 3228.54,100
103,09:54:19,$ 3227.66,100
104,09:54:16,$ 3228.43,100
106,09:54:13,$ 3228.13,100
107,09:54:08,$ 3228.14,121
108,09:54:08,$ 3228.87,126
109,09:54:08,$ 3228.17,100
110,09:54:08,$ 3228.24,100
111,09:54:08,$ 3228.14,227
112,09:54:08,$ 3228.53,100
113,09:54:08,$ 3228.97,100
114,09:54:07,$ 3229.85,149
115,09:54:07,$ 3229.75,500
116,09:53:58,$ 3231.49,100
117,09:53:55,$ 3231.142,500
118,09:53:51,$ 3230.7495,100
119,09:53:49,$ 3229.7013,300
120,09:53:47,$ 3229.56,100
121,09:53:47,$ 3229.56,100
122,09:53:47,$ 3229.56,100
123,09:53:43,$ 3230.00,100
124,09:53:43,$ 3230.60,100
125,09:53:36,$ 3232.03,100
127,09:53:15,$ 3232.60,100
128,09:53:09,$ 3231.45,100
129,09:53:04,$ 3231.2816,149
130,09:53:03,$ 3230.6101,500
131,09:53:03,$ 3231.27,100
132,09:53:03,$ 3231.27,100
133,09:53:02,$ 3231.27,100
134,09:53:02,$ 3231.8601,100
135,09:53:02,$ 3232.395,100
136,09:53:00,$ 3232.89,100
137,09:52:48,$ 3232.417,200
138,09:52:35,$ 3234.00,100
139,09:52:29,$ 3235.00,100
140,09:52:29,$ 3235.00,100
141,09:52:25,$ 3234.48,100
142,09:52:21,$ 3233.6371,"1,727"
143,09:52:19,$ 3234.26,200
144,09:52:19,$ 3233.5601,100
145,09:52:19,$ 3234.8142,223
146,09:52:18,$ 3234.45,100
148,09:52:16,$ 3233.745,500
149,09:52:16,$ 3234.2651,118
150,09:52:14,$ 3233.62,100
151,09:52:13,$ 3233.5599,100
152,09:52:12,$ 3232.77,311
153,09:52:09,$ 3233.07,100
154,09:52:08,$ 3230.595,100
155,09:52:06,$ 3231.1479,200
156,09:52:05,$ 3230.43,100
157,09:52:04,$ 3230.43,100
158,09:52:02,$ 3230.9286,100
159,09:52:02,$ 3230.40,100
160,09:51:57,$ 3231.42,100
161,09:51:53,$ 3231.24,100
162,09:51:52,$ 3231.52,300
163,09:51:52,$ 3231.22,100
164,09:51:52,$ 3231.57,100
165,09:51:48,$ 3230.62,100
166,09:51:39,$ 3232.56,100
167,09:51:39,$ 3232.37,100
169,09:51:24,$ 3229.75,100
170,09:51:23,$ 3229.75,100
171,09:51:20,$ 3230.435,250
172,09:51:17,$ 3231.25,100
173,09:51:12,$ 3231.83,100
174,09:51:10,$ 3232.83,150
175,09:51:04,$ 3232.45,100
176,09:50:53,$ 3229.7503,100
177,09:50:51,$ 3229.45,100
178,09:50:49,$ 3229.03,100
179,09:50:46,$ 3229.765,100
180,09:50:45,$ 3229.1736,125
181,09:50:41,$ 3230.01,100
182,09:50:40,$ 3230.01,100
183,09:50:40,$ 3230.01,100
184,09:50:40,$ 3230.01,100
185,09:50:40,$ 3230.03,100
186,09:50:35,$ 3228.91,100
187,09:50:29,$ 3227.6294,500
188,09:50:28,$ 3227.43,198
190,09:50:23,$ 3226.803,500
191,09:50:21,$ 3227.36,100
192,09:50:18,$ 3227.85,100
193,09:50:18,$ 3228.06,100
194,09:50:09,$ 3227.02,100
195,09:50:09,$ 3226.24,200
196,09:50:09,$ 3226.38,199
197,09:50:09,$ 3226.54,100
198,09:50:09,$ 3226.54,100
199,09:50:09,$ 3226.54,100
200,09:50:09,$ 3226.54,100
201,09:50:05,$ 3225.825,300
202,09:50:02,$ 3225.29,100
203,09:49:57,$ 3225.97,500
204,09:49:56,$ 3225.92,100
205,09:49:54,$ 3225.647,150
206,09:49:52,$ 3225.00,100
207,09:49:52,$ 3225.00,100
208,09:49:52,$ 3225.00,100
209,09:49:48,$ 3225.12,100
211,09:49:45,$ 3225.343,500
212,09:49:40,$ 3225.45,100
213,09:49:40,$ 3225.45,100
214,09:49:38,$ 3227.0742,100
215,09:49:35,$ 3227.11,100
216,09:49:35,$ 3227.27,100
217,09:49:34,$ 3226.755,100
218,09:49:33,$ 3227.00,100
219,09:49:32,$ 3227.6635,100
220,09:49:30,$ 3227.95,500
221,09:49:29,$ 3228.265,100
222,09:49:24,$ 3228.10,100
223,09:49:21,$ 3228.56,100
224,09:49:21,$ 3228.56,100
225,09:49:19,$ 3229.35,200
226,09:49:19,$ 3229.35,104
227,09:49:19,$ 3229.35,104
228,09:49:17,$ 3229.35,100
229,09:49:17,$ 3229.355,100
230,09:49:17,$ 3229.355,100
232,09:49:17,$ 3229.355,100
233,09:49:17,$ 3229.35,100
234,09:49:17,$ 3229.35,232
235,09:49:17,$ 3229.35,200
236,09:49:17,$ 3229.35,100
237,09:49:16,$ 3229.44,100
238,09:49:16,$ 3229.45,100
239,09:49:16,$ 3228.55,100
240,09:49:13,$ 3228.28,100
241,09:49:08,$ 3228.11,100
242,09:49:08,$ 3228.84,164
243,09:49:08,$ 3228.82,100
244,09:49:08,$ 3228.82,100
245,09:49:08,$ 3228.60,100
246,09:49:08,$ 3228.62,100
247,09:49:08,$ 3228.75,100
248,09:49:08,$ 3228.82,100
249,09:49:08,$ 3228.82,100
250,09:49:06,$ 3228.40,100
251,09:49:06,$ 3228.09,100
253,09:49:06,$ 3228.25,100
254,09:49:06,$ 3228.405,100
255,09:49:06,$ 3228.405,100
256,09:49:06,$ 3228.405,100
257,09:49:06,$ 3228.405,100
258,09:49:06,$ 3228.405,100
259,09:49:06,$ 3228.405,100
260,09:49:06,$ 3228.40,100
261,09:49:06,$ 3228.40,100
262,09:49:06,$ 3228.40,100
263,09:49:06,$ 3228.40,100
264,09:49:04,$ 3227.65,100
265,09:49:03,$ 3228.315,100
266,09:49:03,$ 3227.39,100
267,09:49:03,$ 3227.89,100
268,09:49:03,$ 3228.17,100
269,09:49:03,$ 3227.36,100
270,09:49:03,$ 3227.36,100
271,09:49:03,$ 3227.3599,100
272,09:49:02,$ 3226.79,100
274,09:49:02,$ 3226.7799,100
275,09:49:02,$ 3226.7799,100
276,09:49:02,$ 3226.7799,100
277,09:49:02,$ 3226.78,100
278,09:49:02,$ 3226.7799,100
279,09:49:02,$ 3226.78,100
280,09:49:00,$ 3225.485,100
281,09:49:00,$ 3225.485,100
282,09:48:59,$ 3225.2101,100
283,09:48:53,$ 3225.1925,500
284,09:48:51,$ 3226.21,146
285,09:48:48,$ 3227.41,136
286,09:48:46,$ 3226.15,100
287,09:48:43,$ 3224.275,100
288,09:48:43,$ 3223.9301,107
289,09:48:43,$ 3224.982,100
290,09:48:43,$ 3224.90,100
291,09:48:43,$ 3224.94,100
292,09:48:43,$ 3225.00,150
293,09:48:43,$ 3225.00,100
295,09:48:43,$ 3225.67,100
296,09:48:43,$ 3225.20,100
297,09:48:43,$ 3225.49,100
298,09:48:29,$ 3226.73,500
299,09:48:25,$ 3227.9108,101
300,09:48:23,$ 3228.12,100
301,09:48:22,$ 3229.27,100
302,09:48:20,$ 3229.00,100
303,09:48:17,$ 3228.4319,250
304,09:48:14,$ 3228.31,200
305,09:48:13,$ 3227.63,500
306,09:48:08,$ 3227.07,100
307,09:48:07,$ 3227.315,100
308,09:48:07,$ 3227.10,120
309,09:48:07,$ 3227.2834,364
310,09:47:52,$ 3228.20,100
311,09:47:51,$ 3228.06,100
312,09:47:50,$ 3227.7332,100
313,09:47:44,$ 3228.78,300
314,09:47:42,$ 3228.99,100
316,09:47:42,$ 3228.3201,110
317,09:47:41,$ 3229.07,100
318,09:47:41,$ 3229.07,100
319,09:47:41,$ 3228.78,100
320,09:47:37,$ 3228.29,100
321,09:47:36,$ 3228.165,100
322,09:47:35,$ 3227.84,132
323,09:47:35,$ 3227.84,197
324,09:47:35,$ 3227.98,100
325,09:47:35,$ 3228.00,200
326,09:47:35,$ 3227.83,100
327,09:47:35,$ 3227.69,100
328,09:47:35,$ 3227.47,100
329,09:47:35,$ 3227.205,195
330,09:47:32,$ 3226.03,100
331,09:47:30,$ 3228.00,100
332,09:47:30,$ 3228.00,100
333,09:47:30,$ 3228.00,104
334,09:47:30,$ 3228.00,100
335,09:47:30,$ 3228.00,100
337,09:47:30,$ 3228.545,244
338,09:47:29,$ 3228.555,100
339,09:47:28,$ 3229.00,100
340,09:47:26,$ 3229.24,100
341,09:47:24,$ 3229.94,264
342,09:47:24,$ 3229.01,100
343,09:47:24,$ 3229.56,100
344,09:47:24,$ 3230.40,100
345,09:47:21,$ 3231.9999,100
346,09:47:19,$ 3231.54,100
347,09:47:17,$ 3231.93,291
348,09:47:15,$ 3231.745,100
349,09:47:14,$ 3232.30,100
350,09:47:13,$ 3232.00,147
351,09:47:12,$ 3232.50,500
352,09:47:08,$ 3235.42,100
353,09:47:05,$ 3235.37,100
354,09:47:05,$ 3235.42,100
355,09:47:04,$ 3234.985,100
356,09:47:03,$ 3234.55,100
358,09:47:01,$ 3235.37,100
359,09:47:00,$ 3234.815,215
360,09:46:59,$ 3234.68,150
361,09:46:56,$ 3234.03,100
362,09:46:52,$ 3235.30,170
363,09:46:52,$ 3235.29,100
364,09:46:29,$ 3236.6714,500
365,09:46:22,$ 3235.2001,900
366,09:46:18,$ 3235.015,100
367,09:46:17,$ 3234.318,100
368,09:46:17,$ 3234.31,100
369,09:46:17,$ 3234.30,100
370,09:46:17,$ 3234.30,100
371,09:46:17,$ 3234.54,100
372,09:46:17,$ 3234.30,100
373,09:46:17,$ 3234.30,100
374,09:46:17,$ 3234.30,100
375,09:46:03,$ 3235.03,500
376,09:45:55,$ 3235.895,200
377,09:45:42,$ 3235.57,185
379,09:45:29,$ 3235.50,100
380,09:45:29,$ 3235.60,100
381,09:45:29,$ 3235.75,100
382,09:45:29,$ 3236.00,100
383,09:45:15,$ 3237.64,"1,500"
384,09:45:11,$ 3237.76,100
385,09:45:09,$ 3237.90,100
386,09:45:06,$ 3239.77,100
387,09:45:06,$ 3239.81,100
388,09:45:06,$ 3239.81,100
389,09:45:06,$ 3239.23,500
390,09:45:05,$ 3238.28,100
391,09:45:04,$ 3238.00,100
392,09:45:00,$ 3236.87,100
393,09:44:47,$ 3237.38,100
394,09:44:46,$ 3238.095,100
395,09:44:40,$ 3235.75,100
396,09:44:38,$ 3236.25,100
397,09:44:38,$ 3236.11,100
398,09:44:25,$ 3237.45,100
400,09:44:17,$ 3237.00,100
401,09:44:14,$ 3237.695,100
402,09:44:11,$ 3236.9509,"1,000"
403,09:44:10,$ 3235.95,100
404,09:44:10,$ 3236.02,100
405,09:44:06,$ 3235.09,100
406,09:44:05,$ 3234.2431,228
407,09:44:01,$ 3235.41,500
408,09:44:00,$ 3234.082,100
409,09:44:00,$ 3234.04,100
410,09:43:57,$ 3235.01,100
411,09:43:51,$ 3235.60,240
412,09:43:45,$ 3235.095,500
413,09:43:45,$ 3234.795,100
414,09:43:42,$ 3234.60,213
415,09:43:42,$ 3234.60,100
416,09:43:41,$ 3234.948,500
417,09:43:40,$ 3234.36,200
418,09:43:35,$ 3236.09,100
419,09:43:34,$ 3235.55,100
421,09:43:31,$ 3235.9768,100
422,09:43:29,$ 3236.12,100
423,09:43:29,$ 3236.00,180
424,09:43:29,$ 3236.38,100
425,09:43:29,$ 3236.26,100
426,09:43:28,$ 3236.0901,900
427,09:43:27,$ 3236.08,100
428,09:43:23,$ 3237.00,100
429,09:43:23,$ 3237.502,500
430,09:43:22,$ 3237.3726,225
431,09:43:16,$ 3237.37,500
432,09:43:15,$ 3236.765,100
433,09:43:11,$ 3237.96,100
434,09:43:09,$ 3237.315,100
435,09:43:06,$ 3236.9159,115
436,09:43:06,$ 3238.03,100
437,09:43:06,$ 3238.01,100
438,09:43:06,$ 3238.80,100
439,09:43:06,$ 3238.40,100
440,09:43:06,$ 3238.80,100
442,09:43:06,$ 3238.80,100
443,09:43:06,$ 3238.80,100
444,09:43:06,$ 3238.80,100
445,09:43:04,$ 3238.80,100
446,09:43:04,$ 3238.80,100
447,09:43:04,$ 3238.70,100
448,09:42:58,$ 3240.01,100
449,09:42:57,$ 3240.1899,100
450,09:42:56,$ 3239.94,200
451,09:42:56,$ 3239.17,100
452,09:42:56,$ 3239.69,100
453,09:42:56,$ 3239.63,100
454,09:42:56,$ 3239.39,100
455,09:42:56,$ 3239.39,100
456,09:42:55,$ 3240.00,100
457,09:42:54,$ 3240.00,500
458,09:42:54,$ 3240.01,363
459,09:42:54,$ 3240.02,100
460,09:42:51,$ 3241.04,100
461,09:42:49,$ 3240.025,500
463,09:42:45,$ 3241.48,500
464,09:42:44,$ 3240.00,100
465,09:42:42,$ 3240.92,100
466,09:42:31,$ 3241.25,100
467,09:42:30,$ 3241.72,100
468,09:42:25,$ 3241.715,500
469,09:42:24,$ 3242.33,100
470,09:42:24,$ 3242.33,100
471,09:42:24,$ 3242.34,100
472,09:42:22,$ 3241.51,400
473,09:42:11,$ 3240.96,100
474,09:42:11,$ 3241.635,200
475,09:42:08,$ 3240.47,100
476,09:42:07,$ 3240.99,100
477,09:42:03,$ 3240.12,100
478,09:42:03,$ 3240.00,100
479,09:42:03,$ 3240.12,100
480,09:41:57,$ 3240.545,100
481,09:41:54,$ 3241.4225,100
482,09:41:52,$ 3242.23,100
484,09:41:52,$ 3242.12,100
485,09:41:52,$ 3241.60,100
486,09:41:48,$ 3241.95,100
487,09:41:45,$ 3242.025,100
488,09:41:45,$ 3242.06,100
489,09:41:44,$ 3243.30,500
490,09:41:44,$ 3242.635,100
491,09:41:35,$ 3241.08,500
492,09:41:34,$ 3241.35,100
493,09:41:33,$ 3241.43,100
494,09:41:28,$ 3241.20,100
495,09:41:28,$ 3241.57,500
496,09:41:20,$ 3243.73,100
497,09:41:14,$ 3243.14,102
498,09:41:14,$ 3242.32,100
499,09:41:14,$ 3243.14,100
500,09:41:09,$ 3242.45,100
501,09:41:08,$ 3242.865,100
502,09:41:07,$ 3243.7089,210
503,09:41:07,$ 3243.07,100
505,09:41:07,$ 3243.29,100
506,09:41:06,$ 3242.9776,100
507,09:40:58,$ 3242.5929,163
508,09:40:50,$ 3243.41,150
509,09:40:50,$ 3243.22,100
510,09:40:50,$ 3243.00,100
511,09:40:46,$ 3243.47,100
512,09:40:46,$ 3243.47,100
513,09:40:30,$ 3245.1525,500
514,09:40:30,$ 3245.97,100
515,09:40:30,$ 3245.975,100
516,09:40:29,$ 3246.4766,499
517,09:40:21,$ 3246.83,100
518,09:40:18,$ 3246.885,100
519,09:40:14,$ 3246.04,100
520,09:40:11,$ 3247.70,100
521,09:40:11,$ 3247.70,200
522,09:40:11,$ 3247.70,200
523,09:40:07,$ 3245.15,100
524,09:40:01,$ 3244.45,500
526,09:40:00,$ 3244.79,100
527,09:40:00,$ 3244.90,100
528,09:40:00,$ 3245.00,100
529,09:39:49,$ 3247.52,100
530,09:39:49,$ 3247.64,100
531,09:39:49,$ 3247.64,100
532,09:39:49,$ 3247.93,100
533,09:39:46,$ 3248.99,500
534,09:39:45,$ 3248.9748,300
535,09:39:44,$ 3248.00,100
536,09:39:42,$ 3247.3307,100
537,09:39:32,$ 3245.645,500
538,09:39:30,$ 3245.00,100
539,09:39:30,$ 3245.00,100
540,09:39:30,$ 3246.00,100
541,09:39:28,$ 3246.2323,500
542,09:39:27,$ 3246.00,100
543,09:39:24,$ 3246.84,200
544,09:39:22,$ 3248.23,100
545,09:39:21,$ 3247.345,200
547,09:39:13,$ 3247.02,300
548,09:39:13,$ 3247.02,200
549,09:39:13,$ 3247.02,353
550,09:39:12,$ 3247.02,400
551,09:39:12,$ 3247.02,500
552,09:39:10,$ 3246.7859,100
553,09:39:05,$ 3246.97,100
554,09:38:57,$ 3248.34,100
555,09:38:53,$ 3248.25,100
556,09:38:51,$ 3248.01,200
557,09:38:41,$ 3246.795,120
558,09:38:35,$ 3248.04,100
559,09:38:33,$ 3246.77,100
560,09:38:30,$ 3245.50,129
561,09:38:28,$ 3245.75,100
562,09:38:28,$ 3245.28,100
563,09:38:24,$ 3245.40,100
564,09:38:21,$ 3245.56,100
565,09:38:21,$ 3245.91,100
566,09:38:20,$ 3244.44,100
568,09:38:16,$ 3245.33,100
569,09:38:16,$ 3246.08,500
570,09:38:14,$ 3245.38,200
571,09:38:11,$ 3243.4556,100
572,09:38:10,$ 3245.0739,100
573,09:38:10,$ 3244.12,100
574,09:38:10,$ 3243.84,292
575,09:38:09,$ 3243.84,200
576,09:38:05,$ 3243.161,100
577,09:38:03,$ 3244.83,100
578,09:38:03,$ 3244.4245,100
579,09:38:03,$ 3245.50,900
580,09:38:03,$ 3245.00,100
581,09:38:03,$ 3245.00,100
582,09:38:03,$ 3245.00,100
583,09:38:03,$ 3245.00,144
584,09:38:00,$ 3246.3801,500
585,09:37:59,$ 3248.019,586
586,09:37:59,$ 3246.45,100
587,09:37:59,$ 3246.80,100
589,09:37:53,$ 3249.006,100
590,09:37:52,$ 3249.0116,500
591,09:37:52,$ 3248.62,100
592,09:37:51,$ 3250.8569,100
593,09:37:46,$ 3249.14,100
594,09:37:45,$ 3248.51,100
595,09:37:44,$ 3247.755,500
596,09:37:43,$ 3247.021,100
597,09:37:43,$ 3248.49,100
598,09:37:43,$ 3248.00,296
599,09:37:43,$ 3248.22,100
600,09:37:39,$ 3250.315,200
601,09:37:38,$ 3250.38,100
602,09:37:36,$ 3249.78,100
603,09:37:36,$ 3250.99,100
604,09:37:28,$ 3248.6579,100
605,09:37:26,$ 3248.035,750
606,09:37:26,$ 3248.714,150
607,09:37:26,$ 3249.05,100
608,09:37:26,$ 3248.5546,500
610,09:37:26,$ 3248.47,197
611,09:37:25,$ 3248.00,100
612,09:37:22,$ 3247.57,100
613,09:37:19,$ 3247.64,300
614,09:37:15,$ 3247.545,100
615,09:37:09,$ 3247.405,100
616,09:37:09,$ 3248.00,100
617,09:37:09,$ 3248.15,100
618,09:37:08,$ 3249.065,103
619,09:37:08,$ 3249.065,100
620,09:37:05,$ 3248.4553,100
621,09:37:00,$ 3249.73,100
622,09:36:59,$ 3249.00,194
623,09:36:59,$ 3249.04,100
624,09:36:59,$ 3249.26,100
625,09:36:59,$ 3249.25,200
626,09:36:52,$ 3249.895,"1,000"
627,09:36:49,$ 3250.0463,100
628,09:36:49,$ 3250.30,100
629,09:36:47,$ 3250.02,100
631,09:36:47,$ 3250.00,100
632,09:36:47,$ 3249.70,100
633,09:36:46,$ 3248.89,100
634,09:36:45,$ 3248.77,100
635,09:36:45,$ 3248.67,500
636,09:36:44,$ 3249.31,100
637,09:36:44,$ 3249.33,100
638,09:36:43,$ 3249.99,100
639,09:36:43,$ 3249.425,100
640,09:36:43,$ 3248.93,145
641,09:36:43,$ 3249.14,100
642,09:36:42,$ 3248.93,100
643,09:36:42,$ 3248.985,100
644,09:36:42,$ 3249.20,100
645,09:36:42,$ 3249.6423,144
646,09:36:41,$ 3250.6879,307
647,09:36:41,$ 3249.401,156
648,09:36:41,$ 3249.418,100
649,09:36:41,$ 3250.285,100
650,09:36:41,$ 3250.02,100
652,09:36:41,$ 3249.52,100
653,09:36:41,$ 3249.50,100
654,09:36:41,$ 3250.00,100
655,09:36:41,$ 3250.00,200
656,09:36:41,$ 3250.00,100
657,09:36:41,$ 3250.00,100
658,09:36:41,$ 3250.00,100
659,09:36:41,$ 3250.00,100
660,09:36:41,$ 3250.00,100
661,09:36:41,$ 3250.03,100
662,09:36:41,$ 3250.05,100
663,09:36:41,$ 3251.00,100
664,09:36:41,$ 3251.00,100
665,09:36:41,$ 3251.54,100
666,09:36:41,$ 3251.79,200
667,09:36:41,$ 3251.54,100
668,09:36:40,$ 3253.245,100
669,09:36:38,$ 3252.7233,100
670,09:36:37,$ 3253.3007,100
671,09:36:36,$ 3252.00,100
673,09:36:36,$ 3252.11,100
674,09:36:36,$ 3252.35,100
675,09:36:33,$ 3253.135,105
676,09:36:23,$ 3254.39,100
677,09:36:23,$ 3254.29,100
678,09:36:23,$ 3254.23,100
679,09:36:19,$ 3256.02,150
680,09:36:18,$ 3256.085,200
681,09:36:14,$ 3255.305,500
682,09:36:12,$ 3254.76,110
683,09:36:12,$ 3253.48,100
684,09:36:11,$ 3253.41,100
685,09:36:10,$ 3252.64,100
686,09:36:05,$ 3254.22,100
687,09:36:03,$ 3254.22,100
688,09:36:00,$ 3255.73,100
689,09:35:54,$ 3256.3631,200
690,09:35:54,$ 3255.94,200
691,09:35:49,$ 3254.3961,300
692,09:35:46,$ 3256.17,500
694,09:35:38,$ 3256.78,100
695,09:35:34,$ 3259.005,300
696,09:35:33,$ 3259.9999,100
697,09:35:25,$ 3259.01,500
698,09:35:25,$ 3259.015,200
699,09:35:21,$ 3259.37,200
700,09:35:21,$ 3259.37,200
701,09:35:21,$ 3259.37,700
702,09:35:21,$ 3259.37,700
703,09:35:18,$ 3255.54,100
704,09:35:17,$ 3257.16,100
705,09:35:16,$ 3255.915,200
706,09:35:15,$ 3255.63,100
707,09:35:15,$ 3255.91,100
708,09:35:15,$ 3255.91,254
709,09:35:15,$ 3255.91,100
710,09:35:15,$ 3255.53,100
711,09:35:15,$ 3255.63,100
712,09:35:15,$ 3255.64,100
713,09:35:15,$ 3255.46,100
715,09:35:15,$ 3255.64,100
716,09:35:15,$ 3255.46,100
717,09:35:15,$ 3255.46,100
718,09:35:15,$ 3255.46,100
719,09:35:15,$ 3255.46,100
720,09:35:15,$ 3254.67,100
721,09:35:15,$ 3254.92,100
722,09:35:14,$ 3255.465,100
723,09:35:14,$ 3255.465,100
724,09:35:13,$ 3256.3116,100
725,09:35:12,$ 3255.085,100
726,09:35:12,$ 3255.085,100
727,09:35:12,$ 3255.085,100
728,09:35:12,$ 3255.085,100
729,09:35:11,$ 3255.58,100
730,09:35:11,$ 3255.65,100
731,09:35:11,$ 3255.6405,500
732,09:35:10,$ 3256.75,100
733,09:35:10,$ 3255.00,100
734,09:35:10,$ 3255.00,100
736,09:35:10,$ 3255.00,112
737,09:35:10,$ 3255.00,138
738,09:35:10,$ 3255.40,100
739,09:35:10,$ 3256.03,100
740,09:35:10,$ 3255.8975,100
741,09:35:10,$ 3256.1999,100
742,09:35:10,$ 3255.60,100
743,09:35:10,$ 3255.50,100
744,09:35:09,$ 3255.53,100
745,09:35:09,$ 3255.51,100
746,09:35:09,$ 3255.51,100
747,09:35:09,$ 3255.53,100
748,09:35:08,$ 3255.9054,100
749,09:35:06,$ 3256.225,100
750,09:35:05,$ 3256.05,100
751,09:35:02,$ 3257.88,500
752,09:35:02,$ 3257.88,150
753,09:35:00,$ 3257.04,100
754,09:34:58,$ 3258.961,100
755,09:34:47,$ 3258.905,100
757,09:34:47,$ 3258.905,200
758,09:34:45,$ 3260.00,500
759,09:34:45,$ 3260.345,152
760,09:34:43,$ 3260.355,100
761,09:34:43,$ 3261.00,150
762,09:34:41,$ 3259.43,100
763,09:34:37,$ 3259.3799,100
764,09:34:26,$ 3258.00,100
765,09:34:25,$ 3258.81,400
766,09:34:24,$ 3258.79,100
767,09:34:19,$ 3259.00,100
768,09:34:19,$ 3259.75,100
769,09:34:18,$ 3259.225,100
770,09:34:13,$ 3258.93,100
771,09:34:11,$ 3258.5229,166
772,09:34:11,$ 3258.5229,276
773,09:34:10,$ 3257.6019,100
774,09:34:08,$ 3256.71,100
775,09:34:07,$ 3257.9749,100
776,09:34:07,$ 3257.16,100
778,09:34:05,$ 3257.58,100
779,09:34:05,$ 3258.01,100
780,09:34:00,$ 3259.8156,100
781,09:33:58,$ 3259.693,100
782,09:33:56,$ 3260.435,145
783,09:33:56,$ 3260.435,100
784,09:33:56,$ 3260.435,100
785,09:33:51,$ 3258.58,300
786,09:33:46,$ 3259.2348,291
787,09:33:46,$ 3259.2348,595
788,09:33:41,$ 3258.51,100
789,09:33:39,$ 3259.7975,100
790,09:33:39,$ 3259.7975,100
791,09:33:39,$ 3259.775,100
792,09:33:39,$ 3259.775,100
793,09:33:31,$ 3260.4675,100
794,09:33:30,$ 3260.365,100
795,09:33:30,$ 3260.38,300
796,09:33:29,$ 3261.375,100
797,09:33:29,$ 3261.375,100
799,09:33:27,$ 3261.90,100
800,09:33:27,$ 3261.905,102
801,09:33:15,$ 3258.9875,100
802,09:33:15,$ 3258.9725,100
803,09:33:15,$ 3259.30,100
804,09:33:15,$ 3259.245,100
805,09:33:10,$ 3259.55,100
806,09:33:09,$ 3260.64,100
807,09:33:09,$ 3260.64,100
808,09:33:09,$ 3259.80,100
809,09:33:05,$ 3259.7302,100
810,09:33:04,$ 3260.00,400
811,09:33:03,$ 3259.845,398
812,09:33:03,$ 3260.20,100
813,09:33:03,$ 3260.96,102
814,09:32:44,$ 3265.465,100
815,09:32:44,$ 3264.99,100
816,09:32:32,$ 3262.00,100
817,09:32:32,$ 3262.00,100
818,09:32:31,$ 3262.00,100
820,09:32:20,$ 3265.66,100
821,09:32:11,$ 3267.2822,200
822,09:32:05,$ 3265.51,100
823,09:32:05,$ 3264.30,100
824,09:32:05,$ 3265.4599,100
825,09:32:03,$ 3265.00,100
826,09:31:59,$ 3267.315,100
827,09:31:51,$ 3267.25,107
828,09:31:48,$ 3268.51,146
829,09:31:48,$ 3268.395,100
830,09:31:45,$ 3268.0785,100
831,09:31:44,$ 3267.2169,106
832,09:31:39,$ 3266.00,"1,248"
833,09:31:33,$ 3271.8999,100
834,09:31:25,$ 3271.32,100
835,09:31:25,$ 3271.585,100
836,09:31:25,$ 3271.265,200
837,09:31:25,$ 3272.73,100
838,09:31:24,$ 3272.0125,100
839,09:31:24,$ 3271.96,100
841,09:31:24,$ 3271.945,100
842,09:31:18,$ 3271.51,100
843,09:31:16,$ 3267.1601,113
844,09:31:16,$ 3268.758,477
845,09:31:15,$ 3268.64,100
846,09:31:15,$ 3268.525,100
847,09:31:12,$ 3270.00,420
848,09:31:12,$ 3270.00,190
849,09:31:12,$ 3270.00,255
850,09:31:12,$ 3270.00,100
851,09:31:12,$ 3270.00,299
852,09:31:11,$ 3270.645,200
853,09:31:10,$ 3272.02,100
854,09:31:09,$ 3272.594,100
855,09:31:09,$ 3272.594,152
856,09:31:09,$ 3272.594,100
857,09:31:09,$ 3272.6119,100
858,09:31:09,$ 3272.04,100
859,09:31:09,$ 3272.04,100
860,09:31:09,$ 3272.03,100
862,09:31:09,$ 3272.02,152
863,09:30:55,$ 3272.08,200
864,09:30:55,$ 3273.11,100
865,09:30:55,$ 3273.02,100
866,09:30:42,$ 3273.575,"5,000"
867,09:30:42,$ 3273.7125,100
868,09:30:35,$ 3274.49,100
869,09:30:35,$ 3274.48,100
870,09:30:35,$ 3275.35,109
871,09:30:24,$ 3275.00,245
872,09:30:24,$ 3275.00,"2,609"
873,09:30:24,$ 3275.00,440
874,09:30:24,$ 3275.00,100
875,09:30:24,$ 3275.00,100
876,09:30:24,$ 3275.00,558
877,09:30:24,$ 3275.00,100
878,09:30:24,$ 3275.00,100
879,09:30:24,$ 3275.00,100
880,09:30:24,$ 3275.00,100
881,09:30:14,$ 3276.67,687
883,09:30:12,$ 3277.8309,100
884,09:30:06,$ 3278.735,400
885,09:30:03,$ 3278.17,100
886,09:30:02,$ 3279.39,1
887,09:30:02,$ 3279.39,3
888,09:30:02,$ 3279.39,30
889,09:30:02,$ 3279.39,9
890,09:30:02,$ 3279.39,1
891,09:30:02,$ 3279.39,3
892,09:30:02,$ 3279.39,18
893,09:30:02,$ 3279.39,14
894,09:30:02,$ 3279.39,2
895,09:30:02,$ 3279.39,1
896,09:30:02,$ 3279.39,1
897,09:30:02,$ 3279.39,1
898,09:30:02,$ 3279.39,1
899,09:30:02,$ 3279.39,10
900,09:30:02,$ 3279.39,12
901,09:30:02,$ 3279.39,1
902,09:30:02,$ 3279.39,3
904,09:30:02,$ 3279.39,2
905,09:30:02,$ 3279.39,5
906,09:30:02,$ 3279.39,11
907,09:30:02,$ 3279.39,4
908,09:30:02,$ 3279.39,4
909,09:30:02,$ 3279.39,200
910,09:30:02,$ 3279.39,1
911,09:30:02,$ 3279.39,1
912,09:30:02,$ 3279.39,1
913,09:30:02,$ 3279.39,1
914,09:30:02,$ 3279.39,1
915,09:30:02,$ 3279.39,3
916,09:30:02,$ 3279.39,1
917,09:30:02,$ 3279.39,5
918,09:30:02,$ 3279.39,1
919,09:30:02,$ 3279.39,2
920,09:30:02,$ 3279.39,2
921,09:30:02,$ 3279.39,1
922,09:30:02,$ 3279.39,1
923,09:30:02,$ 3279.39,1
925,09:30:02,$ 3279.39,2
926,09:30:02,$ 3279.39,1
927,09:30:02,$ 3279.39,1
928,09:30:02,$ 3279.39,2
929,09:30:02,$ 3279.39,5
930,09:30:02,$ 3279.39,1
931,09:30:02,$ 3279.39,5
932,09:30:02,$ 3279.39,3
933,09:30:02,$ 3279.39,5
934,09:30:02,$ 3279.39,2
935,09:30:02,$ 3279.39,2
936,09:30:02,$ 3279.39,1
937,09:30:02,$ 3279.39,5
938,09:30:02,$ 3279.39,83
939,09:30:02,$ 3279.39,63
940,09:30:02,$ 3279.39,1
941,09:30:02,$ 3279.39,1
942,09:30:02,$ 3279.39,5
943,09:30:02,$ 3279.39,1
944,09:30:02,$ 3279.39,1
946,09:30:02,$ 3279.39,1
947,09:30:02,$ 3279.39,1
948,09:30:02,$ 3279.39,1
949,09:30:02,$ 3279.39,1
950,09:30:02,$ 3279.39,1
951,09:30:02,$ 3279.39,7
952,09:30:02,$ 3279.39,1
953,09:30:02,$ 3279.39,2
954,09:30:02,$ 3279.39,3
955,09:30:02,$ 3279.39,4
956,09:30:02,$ 3279.39,5
957,09:30:02,$ 3279.39,5
958,09:30:02,$ 3279.39,1
959,09:30:02,$ 3279.39,1
960,09:30:02,$ 3279.39,1
961,09:30:02,$ 3279.39,1
962,09:30:02,$ 3279.39,2
963,09:30:02,$ 3279.39,12
964,09:30:02,$ 3279.39,1
965,09:30:02,$ 3279.39,8
967,09:30:02,$ 3279.39,20
968,09:30:02,$ 3279.39,4
969,09:30:02,$ 3279.39,8
970,09:30:02,$ 3279.39,1
971,09:30:02,$ 3279.39,5
972,09:30:02,$ 3279.39,4
973,09:30:02,$ 3279.39,1
974,09:30:02,$ 3279.39,1
975,09:30:02,$ 3279.39,1
976,09:30:02,$ 3279.39,9
977,09:30:02,$ 3279.39,1
978,09:30:02,$ 3279.39,15
979,09:30:02,$ 3279.39,4
980,09:30:02,$ 3279.39,1
981,09:30:02,$ 3279.39,1
982,09:30:02,$ 3279.39,100
983,09:30:02,$ 3279.39,8
984,09:30:02,$ 3279.39,1
985,09:30:02,$ 3279.39,1
986,09:30:02,$ 3279.39,1
988,09:30:02,$ 3279.39,10
989,09:30:02,$ 3279.39,2
990,09:30:02,$ 3279.39,9
991,09:30:02,$ 3279.39,1
992,09:30:02,$ 3279.39,2
993,09:30:02,$ 3279.39,3
994,09:30:02,$ 3279.39,1
995,09:30:02,$ 3279.39,1
996,09:30:02,$ 3279.39,1
997,09:30:02,$ 3279.39,1
998,09:30:02,$ 3279.39,1
999,09:30:02,$ 3279.39,1
1000,09:30:02,$ 3279.39,1
1001,09:30:02,$ 3279.39,1
1002,09:30:02,$ 3279.39,1
1003,09:30:02,$ 3279.39,1
1004,09:30:02,$ 3279.39,1
1005,09:30:02,$ 3279.39,1
1006,09:30:02,$ 3279.39,1
1007,09:30:02,$ 3279.39,1
1009,09:30:02,$ 3279.39,1
1010,09:30:02,$ 3279.39,1
1011,09:30:02,$ 3279.39,1
1012,09:30:02,$ 3279.39,2
1013,09:30:02,$ 3279.39,1
1014,09:30:02,$ 3279.39,1
1015,09:30:02,$ 3279.39,1
1016,09:30:02,$ 3279.39,1
1017,09:30:02,$ 3279.39,1
1018,09:30:02,$ 3279.39,1
1019,09:30:02,$ 3279.39,1
1020,09:30:02,$ 3279.39,1
1021,09:30:02,$ 3279.39,1
1022,09:30:02,$ 3279.39,1
1023,09:30:02,$ 3279.39,1
1024,09:30:02,$ 3279.39,1
1025,09:30:02,$ 3279.39,1
1026,09:30:02,$ 3279.39,1
1027,09:30:02,$ 3279.39,1
1028,09:30:02,$ 3279.39,1
1030,09:30:02,$ 3279.39,1
1031,09:30:02,$ 3279.39,1
1032,09:30:02,$ 3279.39,6
1033,09:30:02,$ 3279.39,1
1034,09:30:02,$ 3279.39,1
1035,09:30:02,$ 3279.39,1
1036,09:30:02,$ 3279.39,1
1037,09:30:02,$ 3279.39,1
1038,09:30:02,$ 3279.39,1
1039,09:30:02,$ 3279.39,1
1040,09:30:02,$ 3279.39,1
1041,09:30:02,$ 3279.39,1
1042,09:30:02,$ 3279.39,1
1043,09:30:02,$ 3279.39,1
1044,09:30:02,$ 3279.39,1
1045,09:30:02,$ 3279.39,1
1046,09:30:02,$ 3279.39,1
1047,09:30:02,$ 3279.39,1
1048,09:30:02,$ 3279.39,1
1049,09:30:02,$ 3279.39,1
1051,09:30:02,$ 3279.39,1
1052,09:30:02,$ 3279.39,1
1053,09:30:02,$ 3279.39,1
1054,09:30:02,$ 3279.39,1
1055,09:30:02,$ 3279.39,1
1056,09:30:02,$ 3279.39,1
1057,09:30:02,$ 3279.39,1
1058,09:30:02,$ 3279.39,1
1059,09:30:02,$ 3279.39,1
1060,09:30:02,$ 3279.39,1
1061,09:30:02,$ 3279.39,1
1062,09:30:02,$ 3279.39,2
1063,09:30:02,$ 3279.39,2
1064,09:30:02,$ 3279.39,13
1065,09:30:02,$ 3279.39,1
1066,09:30:02,$ 3279.39,1
1067,09:30:02,$ 3279.39,1
1068,09:30:02,$ 3279.39,1
1069,09:30:02,$ 3279.39,1
1070,09:30:02,$ 3279.39,1
1072,09:30:02,$ 3279.39,1
1073,09:30:02,$ 3279.39,1
1074,09:30:02,$ 3279.39,1
1075,09:30:02,$ 3279.39,1
1076,09:30:02,$ 3279.39,1
1077,09:30:02,$ 3279.39,1
1078,09:30:02,$ 3279.39,1
1079,09:30:02,$ 3279.39,1
1080,09:30:02,$ 3279.39,1
1081,09:30:02,$ 3279.39,1
1082,09:30:02,$ 3279.39,1
1083,09:30:02,$ 3279.39,1
1084,09:30:02,$ 3279.39,1
1085,09:30:02,$ 3279.39,1
1086,09:30:02,$ 3279.39,1
1087,09:30:02,$ 3279.39,1
1088,09:30:02,$ 3279.39,1
1089,09:30:02,$ 3279.39,1
1090,09:30:02,$ 3279.39,1
1091,09:30:02,$ 3279.39,1
1093,09:30:02,$ 3279.39,1
1094,09:30:02,$ 3279.39,1
1095,09:30:02,$ 3279.39,1
1096,09:30:02,$ 3279.39,1
1097,09:30:02,$ 3279.39,1
1098,09:30:02,$ 3279.39,1
1099,09:30:02,$ 3279.39,1
1100,09:30:02,$ 3279.39,1
1101,09:30:02,$ 3279.39,1
1102,09:30:02,$ 3279.39,1
1103,09:30:02,$ 3279.39,1
1104,09:30:02,$ 3279.39,1
1105,09:30:02,$ 3279.39,1
1106,09:30:02,$ 3279.39,1
1107,09:30:02,$ 3279.39,1
1108,09:30:02,$ 3279.39,1
1109,09:30:02,$ 3279.39,1
1110,09:30:02,$ 3279.39,1
1111,09:30:02,$ 3279.39,1
1112,09:30:02,$ 3279.39,1
1114,09:30:02,$ 3279.39,1
1115,09:30:02,$ 3279.39,1
1116,09:30:02,$ 3279.39,1
1117,09:30:02,$ 3279.39,1
1118,09:30:02,$ 3279.39,1
1119,09:30:02,$ 3279.39,1
1120,09:30:02,$ 3279.39,1
1121,09:30:02,$ 3279.39,1
1122,09:30:02,$ 3279.39,1
1123,09:30:02,$ 3279.39,1
1124,09:30:02,$ 3279.39,1
1125,09:30:02,$ 3279.39,1
1126,09:30:02,$ 3279.39,1
1127,09:30:02,$ 3279.39,1
1128,09:30:02,$ 3279.39,1
1129,09:30:02,$ 3279.39,1
1130,09:30:02,$ 3279.39,1
1131,09:30:02,$ 3279.39,1
1132,09:30:02,$ 3279.39,1
1133,09:30:02,$ 3279.39,1
1135,09:30:02,$ 3279.39,1
1136,09:30:02,$ 3279.39,1
1137,09:30:02,$ 3279.39,1
1138,09:30:02,$ 3279.39,1
1139,09:30:02,$ 3279.39,1
1140,09:30:02,$ 3279.39,1
1141,09:30:02,$ 3279.39,1
1142,09:30:02,$ 3279.39,1
1143,09:30:02,$ 3279.39,1
1144,09:30:02,$ 3279.39,1
1145,09:30:02,$ 3279.39,1
1146,09:30:02,$ 3279.39,1
1147,09:30:02,$ 3279.39,1
1148,09:30:02,$ 3279.39,1
1149,09:30:02,$ 3279.39,1
1150,09:30:02,$ 3279.39,1
1151,09:30:02,$ 3279.39,1
1152,09:30:02,$ 3279.39,1
1153,09:30:02,$ 3279.39,1
1154,09:30:02,$ 3279.39,1
1156,09:30:02,$ 3279.39,1
1157,09:30:02,$ 3279.39,1
1158,09:30:02,$ 3279.39,1
1159,09:30:02,$ 3279.39,1
1160,09:30:02,$ 3279.39,1
1161,09:30:02,$ 3279.39,1
1162,09:30:02,$ 3279.39,1
1163,09:30:02,$ 3279.39,1
1164,09:30:02,$ 3279.39,1
1165,09:30:02,$ 3279.39,1
1166,09:30:02,$ 3279.39,1
1167,09:30:02,$ 3279.39,1
1168,09:30:02,$ 3279.39,1
1169,09:30:02,$ 3279.39,1
1170,09:30:02,$ 3279.39,1
1171,09:30:02,$ 3279.39,1
1172,09:30:02,$ 3279.39,1
1173,09:30:02,$ 3279.39,1
1174,09:30:02,$ 3279.39,1
1175,09:30:02,$ 3279.39,1
1177,09:30:02,$ 3279.39,1
1178,09:30:02,$ 3279.39,1
1179,09:30:02,$ 3279.39,1
1180,09:30:02,$ 3279.39,1
1181,09:30:02,$ 3279.39,1
1182,09:30:02,$ 3279.39,1
1183,09:30:02,$ 3279.39,1
1184,09:30:02,$ 3279.39,1
1185,09:30:02,$ 3279.39,1
1186,09:30:02,$ 3279.39,2
1187,09:30:02,$ 3279.39,1
1188,09:30:02,$ 3279.39,1
1189,09:30:02,$ 3279.39,3
1190,09:30:02,$ 3279.39,3
1191,09:30:02,$ 3279.39,3
1192,09:30:02,$ 3279.39,10
1193,09:30:02,$ 3279.39,3
1194,09:30:02,$ 3279.39,26
1195,09:30:02,$ 3279.39,1
1196,09:30:02,$ 3279.39,5
1198,09:30:02,$ 3279.39,1
1199,09:30:02,$ 3279.39,1
1200,09:30:02,$ 3279.39,3
1201,09:30:02,$ 3279.39,6
1202,09:30:02,$ 3279.39,1
1203,09:30:02,$ 3279.39,3
1204,09:30:02,$ 3279.39,10
1205,09:30:02,$ 3279.39,1
1206,09:30:02,$ 3279.39,2
1207,09:30:02,$ 3279.39,1
1208,09:30:02,$ 3279.39,1
1209,09:30:02,$ 3279.39,1
1210,09:30:02,$ 3279.39,1
1211,09:30:02,$ 3279.39,10
1212,09:30:02,$ 3279.39,1
1213,09:30:02,$ 3279.39,1
1214,09:30:02,$ 3279.39,1
1215,09:30:02,$ 3279.39,2
1216,09:30:02,$ 3279.39,1
1217,09:30:02,$ 3279.39,1
1219,09:30:02,$ 3279.39,1
1220,09:30:02,$ 3279.39,1
1221,09:30:02,$ 3279.39,2
1222,09:30:02,$ 3279.39,1
1223,09:30:02,$ 3279.39,1
1224,09:30:02,$ 3279.39,15
1225,09:30:02,$ 3279.39,1
1226,09:30:02,$ 3279.39,1
1227,09:30:02,$ 3279.39,2
1228,09:30:02,$ 3279.39,1
1229,09:30:02,$ 3279.39,1
1230,09:30:02,$ 3279.39,2
1231,09:30:02,$ 3279.39,1
1232,09:30:02,$ 3279.39,1
1233,09:30:02,$ 3279.39,6
1234,09:30:02,$ 3279.39,5
1235,09:30:02,$ 3279.39,2
1236,09:30:02,$ 3279.39,6
1237,09:30:02,$ 3279.39,1
1238,09:30:02,$ 3279.39,44
1240,09:30:02,$ 3279.39,1
1241,09:30:02,$ 3279.39,3
1242,09:30:02,$ 3279.39,5
1243,09:30:02,$ 3279.39,3
1244,09:30:02,$ 3279.39,1
1245,09:30:02,$ 3279.39,3
1246,09:30:02,$ 3279.39,1
1247,09:30:02,$ 3279.39,2
1248,09:30:02,$ 3279.39,1
1249,09:30:02,$ 3279.39,6
1250,09:30:02,$ 3279.39,1
1251,09:30:02,$ 3279.39,2
1252,09:30:02,$ 3279.39,3
1253,09:30:02,$ 3279.39,1
1254,09:30:02,$ 3279.39,1
1255,09:30:02,$ 3279.39,1
1256,09:30:02,$ 3279.39,1
1257,09:30:02,$ 3279.39,1
1258,09:30:02,$ 3279.39,1
1259,09:30:02,$ 3279.39,1
1261,09:30:02,$ 3279.39,1
1262,09:30:02,$ 3279.39,1
1263,09:30:02,$ 3279.39,1
1264,09:30:02,$ 3279.39,1
1265,09:30:02,$ 3279.39,1
1266,09:30:02,$ 3279.39,1
1267,09:30:02,$ 3279.39,1
1268,09:30:02,$ 3279.39,1
1269,09:30:02,$ 3279.39,1
1270,09:30:02,$ 3279.39,1
1271,09:30:02,$ 3279.39,1
1272,09:30:02,$ 3279.39,1
1273,09:30:02,$ 3279.39,1
1274,09:30:02,$ 3279.39,1
1275,09:30:02,$ 3279.39,1
1276,09:30:02,$ 3279.39,1
1277,09:30:02,$ 3279.39,1
1278,09:30:02,$ 3279.39,1
1279,09:30:02,$ 3279.39,1
1280,09:30:02,$ 3279.39,1
1282,09:30:02,$ 3279.39,1
1283,09:30:02,$ 3279.39,1
1284,09:30:02,$ 3279.39,1
1285,09:30:02,$ 3279.39,1
1286,09:30:02,$ 3279.39,1
1287,09:30:02,$ 3279.39,1
1288,09:30:02,$ 3279.39,1
1289,09:30:02,$ 3279.39,1
1290,09:30:02,$ 3279.39,1
1291,09:30:02,$ 3279.39,1
1292,09:30:02,$ 3279.39,1
1293,09:30:02,$ 3279.39,1
1294,09:30:02,$ 3279.39,1
1295,09:30:02,$ 3279.39,1
1296,09:30:02,$ 3279.39,1
1297,09:30:02,$ 3279.39,1
1298,09:30:02,$ 3279.39,1
1299,09:30:02,$ 3279.39,1
1300,09:30:02,$ 3279.39,1
1301,09:30:02,$ 3279.39,1
1303,09:30:02,$ 3279.39,1
1304,09:30:02,$ 3279.39,1
1305,09:30:02,$ 3279.39,1
1306,09:30:02,$ 3279.39,1
1307,09:30:02,$ 3279.39,1
1308,09:30:02,$ 3279.39,1
1309,09:30:02,$ 3279.39,1
1310,09:30:02,$ 3279.39,1
1311,09:30:02,$ 3279.39,1
1312,09:30:02,$ 3279.39,7
1313,09:30:02,$ 3279.39,1
1314,09:30:02,$ 3279.39,1
1315,09:30:02,$ 3279.39,1
1316,09:30:02,$ 3279.39,1
1317,09:30:02,$ 3279.39,1
1318,09:30:02,$ 3279.39,1
1319,09:30:02,$ 3279.39,1
1320,09:30:02,$ 3279.39,1
1321,09:30:02,$ 3279.39,2
1322,09:30:02,$ 3279.39,1
1324,09:30:02,$ 3279.39,1
1325,09:30:02,$ 3279.39,1
1326,09:30:02,$ 3279.39,1
1327,09:30:02,$ 3279.39,1
1328,09:30:02,$ 3279.39,1
1329,09:30:02,$ 3279.39,1
1330,09:30:02,$ 3279.39,1
1331,09:30:02,$ 3279.39,1
1332,09:30:02,$ 3279.39,1
1333,09:30:02,$ 3279.39,1
1334,09:30:02,$ 3279.39,1
1335,09:30:02,$ 3279.39,1
1336,09:30:02,$ 3279.39,1
1337,09:30:02,$ 3279.39,1
1338,09:30:02,$ 3279.39,1
1339,09:30:02,$ 3279.39,1
1340,09:30:02,$ 3279.39,1
1341,09:30:02,$ 3279.39,1
1342,09:30:02,$ 3279.39,1
1343,09:30:02,$ 3279.39,1
1345,09:30:02,$ 3279.39,1
1346,09:30:02,$ 3279.39,1
1347,09:30:02,$ 3279.39,1
1348,09:30:02,$ 3279.39,1
1349,09:30:02,$ 3279.39,1
1350,09:30:02,$ 3279.39,1
1351,09:30:02,$ 3279.39,1
1352,09:30:02,$ 3279.39,1
1353,09:30:02,$ 3279.39,1
1354,09:30:02,$ 3279.39,1
1355,09:30:02,$ 3279.39,1
1356,09:30:02,$ 3279.39,1
1357,09:30:02,$ 3279.39,1
1358,09:30:02,$ 3279.39,1
1359,09:30:02,$ 3279.39,1
1360,09:30:02,$ 3279.39,1
1361,09:30:02,$ 3279.39,1
1362,09:30:02,$ 3279.39,1
1363,09:30:02,$ 3279.39,1
1364,09:30:02,$ 3279.39,1
1366,09:30:02,$ 3279.39,1
1367,09:30:02,$ 3279.39,5
1368,09:30:02,$ 3279.39,1
1369,09:30:02,$ 3279.39,5
1370,09:30:02,$ 3279.39,5
1371,09:30:02,$ 3279.39,1
1372,09:30:02,$ 3279.39,1
1373,09:30:02,$ 3279.39,2
1374,09:30:02,$ 3279.39,3
1375,09:30:02,$ 3279.39,4
1376,09:30:02,$ 3279.39,1
1377,09:30:02,$ 3279.39,9
1378,09:30:02,$ 3279.39,5
1379,09:30:02,$ 3279.39,6
1380,09:30:02,$ 3279.39,5
1381,09:30:02,$ 3279.39,2
1382,09:30:02,$ 3279.39,4
1383,09:30:02,$ 3279.39,2
1384,09:30:02,$ 3279.39,4
1385,09:30:02,$ 3279.39,2
1387,09:30:02,$ 3279.39,2
1388,09:30:02,$ 3279.39,1
1389,09:30:02,$ 3279.39,1
1390,09:30:02,$ 3279.39,1
1391,09:30:02,$ 3279.39,8
1392,09:30:02,$ 3279.39,1
1393,09:30:02,$ 3279.39,15
1394,09:30:02,$ 3279.39,1
1395,09:30:02,$ 3279.39,5
1396,09:30:02,$ 3279.39,3
1397,09:30:02,$ 3279.39,1
1398,09:30:02,$ 3279.39,1
1399,09:30:02,$ 3279.39,2
1400,09:30:02,$ 3279.39,1
1401,09:30:02,$ 3279.39,7
1402,09:30:02,$ 3279.39,1
1403,09:30:02,$ 3279.39,1
1404,09:30:02,$ 3279.39,2
1405,09:30:02,$ 3279.39,1
1406,09:30:02,$ 3279.39,3
1408,09:30:02,$ 3279.39,2
1409,09:30:02,$ 3279.39,1
1410,09:30:02,$ 3279.39,1
1411,09:30:02,$ 3279.39,1
1412,09:30:02,$ 3279.39,6
1413,09:30:02,$ 3279.39,2
1414,09:30:02,$ 3279.39,4
1415,09:30:02,$ 3279.39,3
1416,09:30:02,$ 3279.39,1
1417,09:30:02,$ 3279.39,1
1418,09:30:02,$ 3279.39,3
1419,09:30:02,$ 3279.39,5
1420,09:30:02,$ 3279.39,2
1421,09:30:02,$ 3279.39,1
1422,09:30:02,$ 3279.39,3
1423,09:30:02,$ 3279.39,5
1424,09:30:02,$ 3279.39,6
1425,09:30:02,$ 3279.39,10
1426,09:30:02,$ 3279.39,1
1427,09:30:02,$ 3279.39,1
1429,09:30:02,$ 3279.39,1
1430,09:30:02,$ 3279.39,25
1431,09:30:02,$ 3279.39,1
1432,09:30:02,$ 3279.39,2
1433,09:30:02,$ 3279.39,2
1434,09:30:02,$ 3279.39,4
1435,09:30:02,$ 3279.39,3
1436,09:30:02,$ 3279.39,2
1437,09:30:02,$ 3279.39,2
1438,09:30:02,$ 3279.39,1
1439,09:30:02,$ 3279.39,1
1440,09:30:02,$ 3279.39,1
1441,09:30:02,$ 3279.39,1
1442,09:30:02,$ 3279.39,1
1443,09:30:02,$ 3279.39,1
1444,09:30:02,$ 3279.39,1
1445,09:30:02,$ 3279.39,1
1446,09:30:02,$ 3279.39,1
1447,09:30:02,$ 3279.39,1
1448,09:30:02,$ 3279.39,1
1450,09:30:02,$ 3279.39,184
1451,09:30:02,$ 3279.39,1
1452,09:30:02,$ 3279.39,1
1453,09:30:02,$ 3279.39,1
1454,09:30:02,$ 3279.39,1
1455,09:30:02,$ 3279.39,1
1456,09:30:02,$ 3279.39,1
1457,09:30:02,$ 3279.39,1
1458,09:30:02,$ 3279.39,1
1459,09:30:02,$ 3279.39,1
1460,09:30:02,$ 3279.39,1
1461,09:30:02,$ 3279.39,1
1462,09:30:02,$ 3279.39,1
1463,09:30:02,$ 3279.39,1
1464,09:30:02,$ 3279.39,1
1465,09:30:02,$ 3279.39,1
1466,09:30:02,$ 3279.39,1
1467,09:30:02,$ 3279.39,1
1468,09:30:02,$ 3279.39,1
1469,09:30:02,$ 3279.39,1
1471,09:30:02,$ 3279.39,1
1472,09:30:02,$ 3279.39,1
1473,09:30:02,$ 3279.39,1
1474,09:30:02,$ 3279.39,1
1475,09:30:02,$ 3279.39,1
1476,09:30:02,$ 3279.39,1
1477,09:30:02,$ 3279.39,1
1478,09:30:02,$ 3279.39,1
1479,09:30:02,$ 3279.39,1
1480,09:30:02,$ 3279.39,1
1481,09:30:02,$ 3279.39,1
1482,09:30:02,$ 3279.39,1
1483,09:30:02,$ 3279.39,1
1484,09:30:02,$ 3279.39,1
1485,09:30:02,$ 3279.39,1
1486,09:30:02,$ 3279.39,1
1487,09:30:02,$ 3279.39,3
1488,09:30:02,$ 3279.39,1
1489,09:30:02,$ 3279.39,1
1490,09:30:02,$ 3279.39,1
1492,09:30:02,$ 3279.39,1
1493,09:30:02,$ 3279.39,1
1494,09:30:02,$ 3279.39,1
1495,09:30:02,$ 3279.39,1
1496,09:30:02,$ 3279.39,1
1497,09:30:02,$ 3279.39,1
1498,09:30:02,$ 3279.39,1
1499,09:30:02,$ 3279.39,1
1500,09:30:02,$ 3279.39,1
1501,09:30:02,$ 3279.39,1
1502,09:30:02,$ 3279.39,1
1503,09:30:02,$ 3279.39,1
1504,09:30:02,$ 3279.39,1
1505,09:30:02,$ 3279.39,1
1506,09:30:02,$ 3279.39,1
1507,09:30:02,$ 3279.39,2
1508,09:30:02,$ 3279.39,1
1509,09:30:02,$ 3279.39,1
1510,09:30:02,$ 3279.39,1
1511,09:30:02,$ 3279.39,22
1513,09:30:02,$ 3279.39,1
1514,09:30:02,$ 3279.39,8
1515,09:30:02,$ 3279.39,3
1516,09:30:02,$ 3279.39,12
1517,09:30:02,$ 3279.39,10
1518,09:30:02,$ 3279.39,3
1519,09:30:02,$ 3279.39,29
1520,09:30:02,$ 3279.39,7
1521,09:30:02,$ 3279.39,1
1522,09:30:02,$ 3279.39,6
1523,09:30:02,$ 3279.39,2
1524,09:30:02,$ 3279.39,1
1525,09:30:02,$ 3279.39,1
1526,09:30:02,$ 3279.39,4
1527,09:30:02,$ 3279.39,1
1528,09:30:02,$ 3279.39,2
1529,09:30:02,$ 3279.39,3
1530,09:30:02,$ 3279.39,1
1531,09:30:02,$ 3279.39,5
1532,09:30:02,$ 3279.39,6
1534,09:30:02,$ 3279.39,1
1535,09:30:02,$ 3279.39,26
1536,09:30:02,$ 3279.39,1
1537,09:30:02,$ 3279.39,1
1538,09:30:02,$ 3279.39,1
1539,09:30:02,$ 3279.39,1
1540,09:30:02,$ 3279.39,1
1541,09:30:02,$ 3279.39,1
1542,09:30:02,$ 3279.39,1
1543,09:30:02,$ 3279.39,134
1544,09:30:02,$ 3279.39,1
1545,09:30:02,$ 3279.39,31
1546,09:30:02,$ 3279.39,4
1547,09:30:02,$ 3279.39,4
1548,09:30:02,$ 3279.39,2
1549,09:30:02,$ 3279.39,1
1550,09:30:02,$ 3279.39,1
1551,09:30:02,$ 3279.39,1
1552,09:30:02,$ 3279.39,2
1553,09:30:02,$ 3279.39,1
1555,09:30:02,$ 3279.39,50
1556,09:30:02,$ 3279.39,1
1557,09:30:02,$ 3279.39,10
1558,09:30:02,$ 3279.39,47
1559,09:30:02,$ 3279.39,5
1560,09:30:02,$ 3279.39,9
1561,09:30:02,$ 3279.39,2
1562,09:30:02,$ 3279.39,1
1563,09:30:02,$ 3279.39,5
1564,09:30:02,$ 3279.39,1
1565,09:30:02,$ 3279.39,1
1566,09:30:02,$ 3279.39,1
1567,09:30:02,$ 3279.39,1
1568,09:30:02,$ 3279.39,4
1569,09:30:02,$ 3279.39,2
1570,09:30:02,$ 3279.39,1
1571,09:30:02,$ 3279.39,2
1572,09:30:02,$ 3279.39,1
1573,09:30:02,$ 3279.39,2
1574,09:30:02,$ 3279.39,1
1576,09:30:02,$ 3279.39,1
1577,09:30:02,$ 3279.39,4
1578,09:30:02,$ 3279.39,1
1579,09:30:02,$ 3279.39,2
1580,09:30:02,$ 3279.39,1
1581,09:30:02,$ 3279.39,1
1582,09:30:02,$ 3279.39,1
1583,09:30:02,$ 3279.39,1
1584,09:30:02,$ 3279.39,1
1585,09:30:02,$ 3279.39,2
1586,09:30:02,$ 3279.39,12
1587,09:30:02,$ 3279.39,27
1588,09:30:02,$ 3279.39,1
1589,09:30:02,$ 3279.39,40
1590,09:30:02,$ 3279.39,50
1591,09:30:02,$ 3279.39,1
1592,09:30:02,$ 3279.39,4
1593,09:30:02,$ 3279.39,1
1594,09:30:02,$ 3279.39,1
1595,09:30:02,$ 3279.39,1
1597,09:30:02,$ 3279.39,1
1598,09:30:02,$ 3279.39,4
1599,09:30:02,$ 3279.39,1
1600,09:30:02,$ 3279.39,2
1601,09:30:02,$ 3279.39,1
1602,09:30:02,$ 3279.39,1
1603,09:30:02,$ 3279.39,3
1604,09:30:02,$ 3279.39,10
1605,09:30:02,$ 3279.39,5
1606,09:30:02,$ 3279.39,3
1607,09:30:02,$ 3279.39,1
1608,09:30:02,$ 3279.39,1
1609,09:30:02,$ 3279.39,1
1610,09:30:02,$ 3279.39,3
1611,09:30:02,$ 3279.39,4
1612,09:30:02,$ 3279.39,5
1613,09:30:02,$ 3279.39,2
1614,09:30:02,$ 3279.39,2
1615,09:30:02,$ 3279.39,2
1616,09:30:02,$ 3279.39,3
1618,09:30:02,$ 3279.39,3
1619,09:30:02,$ 3279.39,3
1620,09:30:02,$ 3279.39,3
1621,09:30:02,$ 3279.39,2
1622,09:30:02,$ 3279.39,1
1623,09:30:02,$ 3279.39,4
1624,09:30:02,$ 3279.39,2
1625,09:30:02,$ 3279.39,3
1626,09:30:02,$ 3279.39,5
1627,09:30:02,$ 3279.39,2
1628,09:30:02,$ 3279.39,2
1629,09:30:02,$ 3279.39,2
1630,09:30:02,$ 3279.39,3
1631,09:30:02,$ 3279.39,2
1632,09:30:02,$ 3279.39,2
1633,09:30:02,$ 3279.39,3
1634,09:30:02,$ 3279.39,2
1635,09:30:02,$ 3279.39,6
1636,09:30:02,$ 3279.39,50
1637,09:30:02,$ 3279.39,2
1639,09:30:02,$ 3279.39,18
1640,09:30:02,$ 3279.39,2
1641,09:30:02,$ 3279.39,4
1642,09:30:02,$ 3279.39,15
1643,09:30:02,$ 3279.39,2
1644,09:30:02,$ 3279.39,29
1645,09:30:02,$ 3279.39,6
1646,09:30:02,$ 3279.39,5
1647,09:30:02,$ 3279.39,3
1648,09:30:02,$ 3279.39,2
1649,09:30:02,$ 3279.39,1
1650,09:30:02,$ 3279.39,4
1651,09:30:02,$ 3279.39,5
1652,09:30:02,$ 3279.39,2
1653,09:30:02,$ 3279.39,6
1654,09:30:02,$ 3279.39,22
1655,09:30:02,$ 3279.39,1
1656,09:30:02,$ 3279.39,29
1657,09:30:02,$ 3279.39,4
1658,09:30:02,$ 3279.39,5
1660,09:30:02,$ 3279.39,7
1661,09:30:02,$ 3279.39,3
1662,09:30:02,$ 3279.39,1
1663,09:30:02,$ 3279.39,6
1664,09:30:02,$ 3279.39,1
1665,09:30:02,$ 3279.39,32
1666,09:30:02,$ 3279.39,1
1667,09:30:02,$ 3279.39,2
1668,09:30:02,$ 3279.39,1
1669,09:30:02,$ 3279.39,1
1670,09:30:02,$ 3279.39,3
1671,09:30:02,$ 3279.39,13
1672,09:30:02,$ 3279.39,750
1673,09:30:02,$ 3279.39,2
1674,09:30:02,$ 3279.39,1
1675,09:30:02,$ 3279.39,27
1676,09:30:02,$ 3279.39,1
1677,09:30:02,$ 3279.39,4
1678,09:30:02,$ 3279.39,5
1679,09:30:02,$ 3279.39,1
1681,09:30:02,$ 3279.39,2
1682,09:30:02,$ 3279.39,1
1683,09:30:02,$ 3279.39,1
1684,09:30:02,$ 3279.39,3
1685,09:30:02,$ 3279.39,5
1686,09:30:02,$ 3279.39,10
1687,09:30:02,$ 3279.39,35
1688,09:30:02,$ 3279.39,1
1689,09:30:02,$ 3279.39,1
1690,09:30:02,$ 3279.39,1
1691,09:30:02,$ 3279.39,4
1692,09:30:02,$ 3279.39,1
1693,09:30:02,$ 3279.39,1
1694,09:30:02,$ 3279.39,1
1695,09:30:02,$ 3279.39,1
1696,09:30:02,$ 3279.39,3
1697,09:30:02,$ 3279.39,4
1698,09:30:02,$ 3279.39,1
1699,09:30:02,$ 3279.39,1
1700,09:30:02,$ 3279.39,1
1702,09:30:02,$ 3279.39,10
1703,09:30:02,$ 3279.39,3
1704,09:30:02,$ 3279.39,1
1705,09:30:02,$ 3279.39,1
1706,09:30:02,$ 3279.39,1
1707,09:30:02,$ 3279.39,1
1708,09:30:02,$ 3279.39,2
1709,09:30:02,$ 3279.39,2
1710,09:30:02,$ 3279.39,1
1711,09:30:02,$ 3279.39,1
1712,09:30:02,$ 3279.39,10
1713,09:30:02,$ 3279.39,3
1714,09:30:02,$ 3279.39,2
1715,09:30:02,$ 3279.39,2
1716,09:30:02,$ 3279.39,8
1717,09:30:02,$ 3279.39,15
1718,09:30:02,$ 3279.39,2
1719,09:30:02,$ 3279.39,2
1720,09:30:02,$ 3279.39,7
1721,09:30:02,$ 3279.39,1
1723,09:30:02,$ 3279.39,10
1724,09:30:02,$ 3279.39,30
1725,09:30:02,$ 3279.39,2
1726,09:30:02,$ 3279.39,8
1727,09:30:02,$ 3279.39,1
1728,09:30:02,$ 3279.39,5
1729,09:30:02,$ 3279.39,1
1730,09:30:02,$ 3279.39,7
1731,09:30:02,$ 3279.39,6
1732,09:30:02,$ 3279.39,2
1733,09:30:02,$ 3279.39,1
1734,09:30:02,$ 3279.39,1
1735,09:30:02,$ 3279.39,1
1736,09:30:02,$ 3279.39,2
1737,09:30:02,$ 3279.39,7
1738,09:30:02,$ 3279.39,5
1739,09:30:02,$ 3279.39,23
1740,09:30:02,$ 3279.39,134
1741,09:30:02,$ 3279.39,103
1742,09:30:02,$ 3279.39,3
1744,09:30:02,$ 3279.39,3
1745,09:30:02,$ 3279.39,1
1746,09:30:02,$ 3279.39,1
1747,09:30:02,$ 3279.39,3
1748,09:30:02,$ 3279.39,4
1749,09:30:02,$ 3279.39,1
1750,09:30:02,$ 3279.39,6
1751,09:30:02,$ 3279.39,3
1752,09:30:02,$ 3279.39,89
1753,09:30:02,$ 3279.39,16
1754,09:30:02,$ 3279.39,5
1755,09:30:02,$ 3279.39,4
1756,09:30:02,$ 3279.39,10
1757,09:30:02,$ 3279.39,7
1758,09:30:02,$ 3279.39,2
1759,09:30:02,$ 3279.39,6
1760,09:30:02,$ 3279.39,3
1761,09:30:02,$ 3279.39,1
1762,09:30:02,$ 3279.39,7
1763,09:30:02,$ 3279.39,1
1765,09:30:02,$ 3279.39,6
1766,09:30:02,$ 3279.39,30
1767,09:30:02,$ 3279.39,2
1768,09:30:02,$ 3279.39,15
1769,09:30:02,$ 3279.39,1
1770,09:30:02,$ 3279.39,3
1771,09:30:02,$ 3279.39,1
1772,09:30:02,$ 3279.39,1
1773,09:30:02,$ 3279.39,1
1774,09:30:02,$ 3279.39,1
1775,09:30:02,$ 3279.39,1
1776,09:30:02,$ 3279.39,1
1777,09:30:02,$ 3279.39,1
1778,09:30:02,$ 3279.39,2
1779,09:30:02,$ 3279.39,1
1780,09:30:02,$ 3279.39,2
1781,09:30:02,$ 3279.39,2
1782,09:30:02,$ 3279.39,1
1783,09:30:02,$ 3279.39,1
1784,09:30:02,$ 3279.39,3
1786,09:30:02,$ 3279.39,3
1787,09:30:02,$ 3279.39,1
1788,09:30:02,$ 3279.39,2
1789,09:30:02,$ 3279.39,1
1790,09:30:02,$ 3279.39,1
1791,09:30:02,$ 3279.39,10
1792,09:30:02,$ 3279.39,1
1793,09:30:02,$ 3279.39,3
1794,09:30:02,$ 3279.39,3
1795,09:30:02,$ 3279.39,1
1796,09:30:02,$ 3279.39,1
1797,09:30:02,$ 3279.39,1
1798,09:30:02,$ 3279.39,1
1799,09:30:02,$ 3279.39,2
1800,09:30:02,$ 3279.39,1
1801,09:30:02,$ 3279.39,5
1802,09:30:02,$ 3279.39,1
1803,09:30:02,$ 3279.39,1
1804,09:30:02,$ 3279.39,1
1805,09:30:02,$ 3279.39,10
1807,09:30:02,$ 3279.39,1
1808,09:30:02,$ 3279.39,1
1809,09:30:02,$ 3279.39,1
1810,09:30:02,$ 3279.39,5
1811,09:30:02,$ 3279.39,2
1812,09:30:02,$ 3279.39,1
1813,09:30:02,$ 3279.39,4
1814,09:30:02,$ 3279.39,1
1815,09:30:02,$ 3279.39,1
1816,09:30:02,$ 3279.39,1
1817,09:30:02,$ 3279.39,6
1818,09:30:02,$ 3279.39,2
1819,09:30:02,$ 3279.39,2
1820,09:30:02,$ 3279.39,1
1821,09:30:02,$ 3279.39,1
1822,09:30:02,$ 3279.39,9
1823,09:30:02,$ 3279.39,1
1824,09:30:02,$ 3279.39,1
1825,09:30:02,$ 3279.39,1
1826,09:30:02,$ 3279.39,1
1828,09:30:02,$ 3279.39,3
1829,09:30:02,$ 3279.39,1
1830,09:30:02,$ 3279.39,4
1831,09:30:02,$ 3279.39,3
1832,09:30:02,$ 3279.39,3
1833,09:30:02,$ 3279.39,3
1834,09:30:02,$ 3279.39,2
1835,09:30:02,$ 3279.39,1
1836,09:30:02,$ 3279.39,3
1837,09:30:02,$ 3279.39,31
1838,09:30:02,$ 3279.39,2
1839,09:30:02,$ 3279.39,1
1840,09:30:02,$ 3279.39,1
1841,09:30:02,$ 3279.39,1
1842,09:30:02,$ 3279.39,5
1843,09:30:02,$ 3279.39,5
1844,09:30:02,$ 3279.39,1
1845,09:30:02,$ 3279.39,27
1846,09:30:02,$ 3279.39,5
1847,09:30:02,$ 3279.39,1
1849,09:30:02,$ 3279.39,2
1850,09:30:02,$ 3279.39,3
1851,09:30:02,$ 3279.39,2
1852,09:30:02,$ 3279.39,1
1853,09:30:02,$ 3279.39,1
1854,09:30:02,$ 3279.39,1
1855,09:30:02,$ 3279.39,1
1856,09:30:02,$ 3279.39,5
1857,09:30:02,$ 3279.39,1
1858,09:30:02,$ 3279.39,1
1859,09:30:02,$ 3279.39,1
1860,09:30:02,$ 3279.39,4
1861,09:30:02,$ 3279.39,"2,000"
1862,09:30:02,$ 3279.39,1
1863,09:30:02,$ 3279.39,1
1864,09:30:02,$ 3279.39,3
1865,09:30:02,$ 3279.39,2
1866,09:30:02,$ 3279.39,1
1867,09:30:02,$ 3279.39,1
1868,09:30:02,$ 3279.39,3
1870,09:30:02,$ 3279.39,3
1871,09:30:02,$ 3279.39,2
1872,09:30:02,$ 3279.39,1
1873,09:30:02,$ 3279.39,1
1874,09:30:02,$ 3279.39,3
1875,09:30:02,$ 3279.39,3
1876,09:30:02,$ 3279.39,1
1877,09:30:02,$ 3279.39,1
1878,09:30:02,$ 3279.39,1
1879,09:30:02,$ 3279.39,1
1880,09:30:02,$ 3279.39,1
1881,09:30:02,$ 3279.39,1
1882,09:30:02,$ 3279.39,1
1883,09:30:02,$ 3279.39,1
1884,09:30:02,$ 3279.39,1
1885,09:30:02,$ 3279.39,1
1886,09:30:02,$ 3279.39,1
1887,09:30:02,$ 3279.39,1
1888,09:30:02,$ 3279.39,1
1889,09:30:02,$ 3279.39,3
1891,09:30:02,$ 3279.39,1
1892,09:30:02,$ 3279.39,1
1893,09:30:02,$ 3279.39,1
1894,09:30:02,$ 3279.39,3
1895,09:30:02,$ 3279.39,4
1896,09:30:02,$ 3279.39,1
1897,09:30:02,$ 3279.39,1
1898,09:30:02,$ 3279.39,3
1899,09:30:02,$ 3279.39,3
1900,09:30:02,$ 3279.39,11
1901,09:30:02,$ 3279.39,1
1902,09:30:02,$ 3279.39,1
1903,09:30:02,$ 3279.39,2
1904,09:30:02,$ 3279.39,1
1905,09:30:02,$ 3279.39,1
1906,09:30:02,$ 3279.39,2
1907,09:30:02,$ 3279.39,13
1908,09:30:02,$ 3279.39,297
1909,09:30:02,$ 3279.39,1
1910,09:30:02,$ 3279.39,22
1912,09:30:02,$ 3279.39,4
1913,09:30:02,$ 3279.39,10
1914,09:30:02,$ 3279.39,"1,267"
1915,09:30:02,$ 3279.39,1
1916,09:30:02,$ 3279.39,100
1917,09:30:02,$ 3279.39,800
1918,09:30:02,$ 3279.39,100
1919,09:30:02,$ 3279.39,10
1920,09:30:02,$ 3279.39,50
1921,09:30:02,$ 3279.39,26
1922,09:30:02,$ 3279.39,5
1923,09:30:02,$ 3279.39,11
1924,09:30:02,$ 3279.39,7
1925,09:30:02,$ 3279.39,6
1926,09:30:02,$ 3279.39,1
1927,09:30:02,$ 3279.39,6
1928,09:30:02,$ 3279.39,4
1929,09:30:02,$ 3279.39,1
1930,09:30:02,$ 3279.39,230
1931,09:30:02,$ 3279.39,121
1933,09:30:02,$ 3279.39,1
1934,09:30:02,$ 3279.39,13
1935,09:30:02,$ 3279.39,67
1936,09:30:02,$ 3279.39,1
1937,09:30:02,$ 3279.39,1
1938,09:30:02,$ 3279.39,3
1939,09:30:02,$ 3279.39,12
1940,09:30:02,$ 3279.39,2
1941,09:30:02,$ 3279.39,6
1942,09:30:02,$ 3279.39,2
1943,09:30:02,$ 3279.39,73
1944,09:30:02,$ 3279.39,1
1945,09:30:02,$ 3279.39,10
1946,09:30:02,$ 3279.39,1
1947,09:30:02,$ 3279.39,18
1948,09:30:02,$ 3279.39,119
1949,09:30:02,$ 3279.39,5
1950,09:30:02,$ 3279.39,2
1951,09:30:02,$ 3279.39,500
1952,09:30:02,$ 3279.39,3
1954,09:30:02,$ 3279.39,1
1955,09:30:02,$ 3279.39,12
1956,09:30:02,$ 3279.39,6
1957,09:30:02,$ 3279.39,34
1958,09:30:02,$ 3279.39,1
1959,09:30:02,$ 3279.39,1
1960,09:30:02,$ 3279.39,500
1961,09:30:02,$ 3279.39,1
1962,09:30:02,$ 3279.39,25
1963,09:30:02,$ 3279.39,1
1964,09:30:02,$ 3279.39,6
1965,09:30:02,$ 3279.39,1
1966,09:30:02,$ 3279.39,10
1967,09:30:02,$ 3279.39,1
1968,09:30:02,$ 3279.39,2
1969,09:30:02,$ 3279.39,8
1970,09:30:02,$ 3279.39,1
1971,09:30:02,$ 3279.39,1
1972,09:30:02,$ 3279.39,36
1973,09:30:02,$ 3279.39,60
1975,09:30:02,$ 3279.39,2
1976,09:30:02,$ 3279.39,6
1977,09:30:02,$ 3279.39,200
1978,09:30:02,$ 3279.39,12
1979,09:30:02,$ 3279.39,50
1980,09:30:02,$ 3279.39,1
1981,09:30:02,$ 3279.39,30
1982,09:30:02,$ 3279.39,2
1983,09:30:02,$ 3279.39,1
1984,09:30:02,$ 3279.39,2
1985,09:30:02,$ 3279.39,2
1986,09:30:02,$ 3279.39,1
1987,09:30:02,$ 3279.39,151
1988,09:30:02,$ 3279.39,28
1989,09:30:02,$ 3279.39,5
1990,09:30:02,$ 3279.39,10
1991,09:30:02,$ 3279.39,241
1992,09:30:02,$ 3279.39,76
1993,09:30:02,$ 3279.39,1
1994,09:30:02,$ 3279.39,3
1996,09:30:02,$ 3279.39,1
1997,09:30:02,$ 3279.39,25
1998,09:30:02,$ 3279.39,1
1999,09:30:02,$ 3279.39,200
2000,09:30:02,$ 3279.39,1
2001,09:30:02,$ 3279.39,6
2002,09:30:02,$ 3279.39,400
2003,09:30:02,$ 3279.39,1
2004,09:30:02,$ 3279.39,1
2005,09:30:02,$ 3279.39,2
2006,09:30:02,$ 3279.39,4
2007,09:30:02,$ 3279.39,73
2008,09:30:02,$ 3279.39,10
2009,09:30:02,$ 3279.39,36
2010,09:30:02,$ 3279.39,40
2011,09:30:02,$ 3279.39,32
2012,09:30:02,$ 3279.39,59
2013,09:30:02,$ 3279.39,21
2014,09:30:02,$ 3279.39,1
2015,09:30:02,$ 3279.39,616
2017,09:30:02,$ 3279.39,2
2018,09:30:02,$ 3279.39,7
2019,09:30:02,$ 3279.39,5
2020,09:30:02,$ 3279.39,3
2021,09:30:02,$ 3279.39,120
2022,09:30:02,$ 3279.39,1
2023,09:30:02,$ 3279.39,12
2024,09:30:02,$ 3279.39,5
2025,09:30:02,$ 3279.39,400
2026,09:30:02,$ 3279.39,1
2027,09:30:02,$ 3279.39,103
2028,09:30:02,$ 3279.39,800
2029,09:30:02,$ 3279.39,10
2030,09:30:02,$ 3279.39,3
2031,09:30:02,$ 3279.39,9
2032,09:30:02,$ 3279.39,5
2033,09:30:02,$ 3279.39,16
2034,09:30:02,$ 3279.39,10
2035,09:30:02,$ 3279.39,4
2036,09:30:02,$ 3279.39,85
2038,09:30:02,$ 3279.39,67
2039,09:30:02,$ 3279.39,2
2040,09:30:02,$ 3279.39,1
2041,09:30:02,$ 3279.39,1
2042,09:30:02,$ 3279.39,10
2043,09:30:02,$ 3279.39,2
2044,09:30:02,$ 3279.39,1
2045,09:30:02,$ 3279.39,30
2046,09:30:02,$ 3279.39,1
2047,09:30:02,$ 3279.39,1
2048,09:30:02,$ 3279.39,2
2049,09:30:02,$ 3279.39,1
2050,09:30:02,$ 3279.39,4
2051,09:30:02,$ 3279.39,1
2052,09:30:02,$ 3279.39,1
2053,09:30:02,$ 3279.39,5
2054,09:30:02,$ 3279.39,6
2055,09:30:02,$ 3279.39,1
2056,09:30:02,$ 3279.39,1
2057,09:30:02,$ 3279.39,12
2059,09:30:02,$ 3279.39,1
2060,09:30:02,$ 3279.39,3
2061,09:30:02,$ 3279.39,11
2062,09:30:02,$ 3279.39,2
2063,09:30:02,$ 3279.39,4
2064,09:30:02,$ 3279.39,101
2065,09:30:02,$ 3279.39,25
2066,09:30:02,$ 3279.39,100
2067,09:30:02,$ 3279.39,3
2068,09:30:02,$ 3279.39,76
2069,09:30:02,$ 3279.39,2
2070,09:30:02,$ 3279.39,1
2071,09:30:02,$ 3279.39,108
2072,09:30:02,$ 3279.39,26
2073,09:30:02,$ 3279.39,20
2074,09:30:02,$ 3279.39,50
2075,09:30:02,$ 3279.39,1
2076,09:30:02,$ 3279.39,6
2077,09:30:02,$ 3279.39,1
2078,09:30:02,$ 3279.39,1
2080,09:30:02,$ 3279.39,44
2081,09:30:02,$ 3279.39,5
2082,09:30:02,$ 3279.39,1
2083,09:30:02,$ 3279.39,9
2084,09:30:02,$ 3279.39,1
2085,09:30:02,$ 3279.39,1
2086,09:30:02,$ 3279.39,10
2087,09:30:02,$ 3279.39,3
2088,09:30:02,$ 3279.39,1
2089,09:30:02,$ 3279.39,2
2090,09:30:02,$ 3279.39,1
2091,09:30:02,$ 3279.39,1
2092,09:30:02,$ 3279.39,3
2093,09:30:02,$ 3279.39,1
2094,09:30:02,$ 3279.39,5
2095,09:30:02,$ 3279.39,1
2096,09:30:02,$ 3279.39,1
2097,09:30:02,$ 3279.39,1
2098,09:30:02,$ 3279.39,1
2099,09:30:02,$ 3279.39,5
2101,09:30:02,$ 3279.39,21
2102,09:30:02,$ 3279.39,1
2103,09:30:02,$ 3279.39,1
2104,09:30:02,$ 3279.39,3
2105,09:30:02,$ 3279.39,30
2106,09:30:02,$ 3279.39,1
2107,09:30:02,$ 3279.39,17
2108,09:30:02,$ 3279.39,1
2109,09:30:02,$ 3279.39,2
2110,09:30:02,$ 3279.39,2
2111,09:30:02,$ 3279.39,12
2112,09:30:02,$ 3279.39,1
2113,09:30:02,$ 3279.39,1
2114,09:30:02,$ 3279.39,15
2115,09:30:02,$ 3279.39,30
2116,09:30:02,$ 3279.39,1
2117,09:30:02,$ 3279.39,1
2118,09:30:02,$ 3279.39,6
2119,09:30:02,$ 3279.39,3
2120,09:30:02,$ 3279.39,20
2122,09:30:02,$ 3279.39,1
2123,09:30:02,$ 3279.39,1
2124,09:30:02,$ 3279.39,20
2125,09:30:02,$ 3279.39,3
2126,09:30:02,$ 3279.39,1
2127,09:30:02,$ 3279.39,1
2128,09:30:02,$ 3279.39,2
2129,09:30:02,$ 3279.39,2
2130,09:30:02,$ 3279.39,4
2131,09:30:02,$ 3279.39,20
2132,09:30:02,$ 3279.39,1
2133,09:30:02,$ 3279.39,2
2134,09:30:02,$ 3279.39,5
2135,09:30:02,$ 3279.39,3
2136,09:30:02,$ 3279.39,1
2137,09:30:02,$ 3279.39,1
2138,09:30:02,$ 3279.39,1
2139,09:30:02,$ 3279.39,1
2140,09:30:02,$ 3279.39,1
2141,09:30:02,$ 3279.39,1
2143,09:30:02,$ 3279.39,10
2144,09:30:02,$ 3279.39,1
2145,09:30:02,$ 3279.39,3
2146,09:30:02,$ 3279.39,4
2147,09:30:02,$ 3279.39,4
2148,09:30:02,$ 3279.39,15
2149,09:30:02,$ 3279.39,3
2150,09:30:02,$ 3279.39,1
2151,09:30:02,$ 3279.39,5
2152,09:30:02,$ 3279.39,5
2153,09:30:02,$ 3279.39,1
2154,09:30:02,$ 3279.39,5
2155,09:30:02,$ 3279.39,1
2156,09:30:02,$ 3279.39,1
2157,09:30:02,$ 3279.39,5
2158,09:30:02,$ 3279.39,1
2159,09:30:02,$ 3279.39,3
2160,09:30:02,$ 3279.39,3
2161,09:30:02,$ 3279.39,1
2162,09:30:02,$ 3279.39,10
2164,09:30:02,$ 3279.39,2
2165,09:30:02,$ 3279.39,1
2166,09:30:02,$ 3279.39,10
2167,09:30:02,$ 3279.39,6
2168,09:30:02,$ 3279.39,3
2169,09:30:02,$ 3279.39,4
2170,09:30:02,$ 3279.39,20
2171,09:30:02,$ 3279.39,1
2172,09:30:02,$ 3279.39,1
2173,09:30:02,$ 3279.39,1
2174,09:30:02,$ 3279.39,1
2175,09:30:02,$ 3279.39,1
2176,09:30:02,$ 3279.39,2
2177,09:30:02,$ 3279.39,1
2178,09:30:02,$ 3279.39,2
2179,09:30:02,$ 3279.39,1
2180,09:30:02,$ 3279.39,1
2181,09:30:02,$ 3279.39,1
2182,09:30:02,$ 3279.39,4
2183,09:30:02,$ 3279.39,5
2185,09:30:02,$ 3279.39,10
2186,09:30:02,$ 3279.39,3
2187,09:30:02,$ 3279.39,2
2188,09:30:02,$ 3279.39,5
2189,09:30:02,$ 3279.39,2
2190,09:30:02,$ 3279.39,1
2191,09:30:02,$ 3279.39,3
2192,09:30:02,$ 3279.39,1
2193,09:30:02,$ 3279.39,1
2194,09:30:02,$ 3279.39,2
2195,09:30:02,$ 3279.39,20
2196,09:30:02,$ 3279.39,1
2197,09:30:02,$ 3279.39,2
2198,09:30:02,$ 3279.39,4
2199,09:30:02,$ 3279.39,1
2200,09:30:02,$ 3279.39,11
2201,09:30:02,$ 3279.39,1
2202,09:30:02,$ 3279.39,1
2203,09:30:02,$ 3279.39,1
2204,09:30:02,$ 3279.39,1
2206,09:30:02,$ 3279.39,1
2207,09:30:02,$ 3279.39,3
2208,09:30:02,$ 3279.39,5
2209,09:30:02,$ 3279.39,6
2210,09:30:02,$ 3279.39,3
2211,09:30:02,$ 3279.39,1
2212,09:30:02,$ 3279.39,2
2213,09:30:02,$ 3279.39,12
2214,09:30:02,$ 3279.39,40
2215,09:30:02,$ 3279.39,22
2216,09:30:02,$ 3279.39,22
2217,09:30:02,$ 3279.39,1
2218,09:30:02,$ 3279.39,1
2219,09:30:02,$ 3279.39,1
2220,09:30:02,$ 3279.39,11
2221,09:30:02,$ 3279.39,3
2222,09:30:02,$ 3279.39,1
2223,09:30:02,$ 3279.39,1
2224,09:30:02,$ 3279.39,35
2225,09:30:02,$ 3279.39,1
2227,09:30:02,$ 3279.39,1
2228,09:30:02,$ 3279.39,1
2229,09:30:02,$ 3279.39,1
2230,09:30:02,$ 3279.39,1
2231,09:30:02,$ 3279.39,45
2232,09:30:02,$ 3279.39,91
2233,09:30:02,$ 3279.39,1
2234,09:30:02,$ 3279.39,1
2235,09:30:02,$ 3279.39,20
2236,09:30:02,$ 3279.39,1
2237,09:30:02,$ 3279.39,1
2238,09:30:02,$ 3279.39,38
2239,09:30:02,$ 3279.39,1
2240,09:30:02,$ 3279.39,1
2241,09:30:02,$ 3279.39,3
2242,09:30:02,$ 3279.39,1
2243,09:30:02,$ 3279.39,1
2244,09:30:02,$ 3279.39,1
2245,09:30:02,$ 3279.39,1
2246,09:30:02,$ 3279.39,3
2248,09:30:02,$ 3279.39,3
2249,09:30:02,$ 3279.39,1
2250,09:30:02,$ 3279.39,5
2251,09:30:02,$ 3279.39,1
2252,09:30:02,$ 3279.39,4
2253,09:30:02,$ 3279.39,25
2254,09:30:02,$ 3279.39,8
2255,09:30:02,$ 3279.39,13
2256,09:30:02,$ 3279.39,10
2257,09:30:02,$ 3279.39,2
2258,09:30:02,$ 3279.39,4
2259,09:30:02,$ 3279.39,3
2260,09:30:02,$ 3279.39,6
2261,09:30:02,$ 3279.39,1
2262,09:30:02,$ 3279.39,3
2263,09:30:02,$ 3279.39,3
2264,09:30:02,$ 3279.39,1
2265,09:30:02,$ 3279.39,1
2266,09:30:02,$ 3279.39,3
2267,09:30:02,$ 3279.39,4
2269,09:30:02,$ 3279.39,1
2270,09:30:02,$ 3279.39,3
2271,09:30:02,$ 3279.39,3
2272,09:30:02,$ 3279.39,1
2273,09:30:02,$ 3279.39,1
2274,09:30:02,$ 3279.39,1
2275,09:30:02,$ 3279.39,1
2276,09:30:02,$ 3279.39,1
2277,09:30:02,$ 3279.39,4
2278,09:30:02,$ 3279.39,1
2279,09:30:02,$ 3279.39,2
2280,09:30:02,$ 3279.39,2
2281,09:30:02,$ 3279.39,16
2282,09:30:02,$ 3279.39,1
2283,09:30:02,$ 3279.39,1
2284,09:30:02,$ 3279.39,2
2285,09:30:02,$ 3279.39,3
2286,09:30:02,$ 3279.39,1
2287,09:30:02,$ 3279.39,6
2288,09:30:02,$ 3279.39,67
2290,09:30:02,$ 3279.39,6
2291,09:30:02,$ 3279.39,2
2292,09:30:02,$ 3279.39,1
2293,09:30:02,$ 3279.39,2
2294,09:30:02,$ 3279.39,1
2295,09:30:02,$ 3279.39,5
2296,09:30:02,$ 3279.39,3
2297,09:30:02,$ 3279.39,5
2298,09:30:02,$ 3279.39,30
2299,09:30:02,$ 3279.39,3
2300,09:30:02,$ 3279.39,4
2301,09:30:02,$ 3279.39,3
2302,09:30:02,$ 3279.39,3
2303,09:30:02,$ 3279.39,3
2304,09:30:02,$ 3279.39,2
2305,09:30:02,$ 3279.39,1
2306,09:30:02,$ 3279.39,14
2307,09:30:02,$ 3279.39,1
2308,09:30:02,$ 3279.39,1
2309,09:30:02,$ 3279.39,1
2311,09:30:02,$ 3279.39,1
2312,09:30:02,$ 3279.39,4
2313,09:30:02,$ 3279.39,5
2314,09:30:02,$ 3279.39,2
2315,09:30:02,$ 3279.39,1
2316,09:30:02,$ 3279.39,8
2317,09:30:02,$ 3279.39,3
2318,09:30:02,$ 3279.39,1
2319,09:30:02,$ 3279.39,2
2320,09:30:02,$ 3279.39,3
2321,09:30:02,$ 3279.39,6
2322,09:30:02,$ 3279.39,1
2323,09:30:02,$ 3279.39,3
2324,09:30:02,$ 3279.39,1
2325,09:30:02,$ 3279.39,22
2326,09:30:02,$ 3279.39,5
2327,09:30:02,$ 3279.39,1
2328,09:30:02,$ 3279.39,2
2329,09:30:02,$ 3279.39,2
2330,09:30:02,$ 3279.39,1
2332,09:30:02,$ 3279.39,1
2333,09:30:02,$ 3279.39,1
2334,09:30:02,$ 3279.39,1
2335,09:30:02,$ 3279.39,15
2336,09:30:02,$ 3279.39,1
2337,09:30:02,$ 3279.39,1
2338,09:30:02,$ 3279.39,1
2339,09:30:02,$ 3279.39,1
2340,09:30:02,$ 3279.39,1
2341,09:30:02,$ 3279.39,1
2342,09:30:02,$ 3279.39,18
2343,09:30:02,$ 3279.39,12
2344,09:30:02,$ 3279.39,1
2345,09:30:02,$ 3279.39,12
2346,09:30:02,$ 3279.39,2
2347,09:30:02,$ 3279.39,1
2348,09:30:02,$ 3279.39,3
2349,09:30:02,$ 3279.39,1
2350,09:30:02,$ 3279.39,1
2351,09:30:02,$ 3279.39,1
2353,09:30:02,$ 3279.39,1
2354,09:30:02,$ 3279.39,1
2355,09:30:02,$ 3279.39,1
2356,09:30:02,$ 3279.39,1
2357,09:30:02,$ 3279.39,1
2358,09:30:02,$ 3279.39,1
2359,09:30:02,$ 3279.39,1
2360,09:30:02,$ 3279.39,10
2361,09:30:02,$ 3279.39,1
2362,09:30:02,$ 3279.39,1
2363,09:30:02,$ 3279.39,1
2364,09:30:02,$ 3279.39,1
2365,09:30:02,$ 3279.39,10
2366,09:30:02,$ 3279.39,1
2367,09:30:02,$ 3279.39,1
2368,09:30:02,$ 3279.39,6
2369,09:30:02,$ 3279.39,1
2370,09:30:02,$ 3279.39,1
2371,09:30:02,$ 3279.39,1
2372,09:30:02,$ 3279.39,16
2374,09:30:02,$ 3279.39,15
2375,09:30:02,$ 3279.39,10
2376,09:30:02,$ 3279.39,1
2377,09:30:02,$ 3279.39,7
2378,09:30:02,$ 3279.39,1
2379,09:30:02,$ 3279.39,220
2380,09:30:02,$ 3279.39,5
2381,09:30:02,$ 3279.39,1
2382,09:30:02,$ 3279.39,2
2383,09:30:02,$ 3279.39,1
2384,09:30:02,$ 3279.39,4
2385,09:30:02,$ 3279.39,15
2386,09:30:02,$ 3279.39,11
2387,09:30:02,$ 3279.39,21
2388,09:30:02,$ 3279.39,1
2389,09:30:02,$ 3279.39,1
2390,09:30:02,$ 3279.39,4
2391,09:30:02,$ 3279.39,4
2392,09:30:02,$ 3279.39,7
2393,09:30:02,$ 3279.39,10
2395,09:30:02,$ 3279.39,155
2396,09:30:02,$ 3279.39,1
2397,09:30:02,$ 3279.39,189
2398,09:30:02,$ 3279.39,5
2399,09:30:02,$ 3279.39,1
2400,09:30:02,$ 3279.39,1
2401,09:30:02,$ 3279.39,1
2402,09:30:02,$ 3279.39,1
2403,09:30:02,$ 3279.39,6
2404,09:30:02,$ 3279.39,10
2405,09:30:02,$ 3279.39,1
2406,09:30:02,$ 3279.39,2
2407,09:30:02,$ 3279.39,5
2408,09:30:02,$ 3279.39,2
2409,09:30:02,$ 3279.39,1
2410,09:30:02,$ 3279.39,2
2411,09:30:02,$ 3279.39,1
2412,09:30:02,$ 3279.39,1
2413,09:30:02,$ 3279.39,2
2414,09:30:02,$ 3279.39,2
2416,09:30:02,$ 3279.39,1
2417,09:30:02,$ 3279.39,1
2418,09:30:02,$ 3279.39,2
2419,09:30:02,$ 3279.39,1
2420,09:30:02,$ 3279.39,1
2421,09:30:02,$ 3279.39,4
2422,09:30:02,$ 3279.39,2
2423,09:30:02,$ 3279.39,2
2424,09:30:02,$ 3279.39,1
2425,09:30:02,$ 3279.39,2
2426,09:30:02,$ 3279.39,5
2427,09:30:02,$ 3279.39,1
2428,09:30:02,$ 3279.39,1
2429,09:30:02,$ 3279.39,2
2430,09:30:02,$ 3279.39,3
2431,09:30:02,$ 3279.39,1
2432,09:30:02,$ 3279.39,3
2433,09:30:02,$ 3279.39,1
2434,09:30:02,$ 3279.39,1
2435,09:30:02,$ 3279.39,4
2437,09:30:02,$ 3279.39,1
2438,09:30:02,$ 3279.39,1
2439,09:30:02,$ 3279.39,1
2440,09:30:02,$ 3279.39,1
2441,09:30:02,$ 3279.39,5
2442,09:30:02,$ 3279.39,5
2443,09:30:02,$ 3279.39,1
2444,09:30:02,$ 3279.39,3
2445,09:30:02,$ 3279.39,1
2446,09:30:02,$ 3279.39,5
2447,09:30:02,$ 3279.39,2
2448,09:30:02,$ 3279.39,1
2449,09:30:02,$ 3279.39,10
2450,09:30:02,$ 3279.39,1
2451,09:30:02,$ 3279.39,2
2452,09:30:02,$ 3279.39,2
2453,09:30:02,$ 3279.39,1
2454,09:30:02,$ 3279.39,4
2455,09:30:02,$ 3279.39,3
2456,09:30:02,$ 3279.39,5
2458,09:30:02,$ 3279.39,1
2459,09:30:02,$ 3279.39,9
2460,09:30:02,$ 3279.39,1
2461,09:30:02,$ 3279.39,1
2462,09:30:02,$ 3279.39,6
2463,09:30:02,$ 3279.39,1
2464,09:30:02,$ 3279.39,2
2465,09:30:02,$ 3279.39,4
2466,09:30:02,$ 3279.39,1
2467,09:30:02,$ 3279.39,1
2468,09:30:02,$ 3279.39,2
2469,09:30:02,$ 3279.39,30
2470,09:30:02,$ 3279.39,1
2471,09:30:02,$ 3279.39,1
2472,09:30:02,$ 3279.39,3
2473,09:30:02,$ 3279.39,2
2474,09:30:02,$ 3279.39,1
2475,09:30:02,$ 3279.39,10
2476,09:30:02,$ 3279.39,3
2477,09:30:02,$ 3279.39,5
2479,09:30:02,$ 3279.39,2
2480,09:30:02,$ 3279.39,1
2481,09:30:02,$ 3279.39,3
2482,09:30:02,$ 3279.39,4
2483,09:30:02,$ 3279.39,3
2484,09:30:02,$ 3279.39,1
2485,09:30:02,$ 3279.39,1
2486,09:30:02,$ 3279.39,1
2487,09:30:02,$ 3279.39,1
2488,09:30:02,$ 3279.39,69
2489,09:30:02,$ 3279.39,1
2490,09:30:02,$ 3279.39,3
2491,09:30:02,$ 3279.39,68
2492,09:30:02,$ 3279.39,200
2493,09:30:02,$ 3279.39,1
2494,09:30:02,$ 3279.39,9
2495,09:30:02,$ 3279.39,1
2496,09:30:02,$ 3279.39,10
2497,09:30:02,$ 3279.39,1
2498,09:30:02,$ 3279.39,1
2500,09:30:02,$ 3279.39,5
2501,09:30:02,$ 3279.39,1
2502,09:30:02,$ 3279.39,5
2503,09:30:02,$ 3279.39,5
2504,09:30:02,$ 3279.39,1
2505,09:30:02,$ 3279.39,1
2506,09:30:02,$ 3279.39,5
2507,09:30:02,$ 3279.39,10
2508,09:30:02,$ 3279.39,1
2509,09:30:02,$ 3279.39,1
2510,09:30:02,$ 3279.39,5
2511,09:30:02,$ 3279.39,3
2512,09:30:02,$ 3279.39,5
2513,09:30:02,$ 3279.39,2
2514,09:30:02,$ 3279.39,1
2515,09:30:02,$ 3279.39,1
2516,09:30:02,$ 3279.39,2
2517,09:30:02,$ 3279.39,4
2518,09:30:02,$ 3279.39,40
2519,09:30:02,$ 3279.39,3
2521,09:30:02,$ 3279.39,3
2522,09:30:02,$ 3279.39,9
2523,09:30:02,$ 3279.39,44
2524,09:30:02,$ 3279.39,3
2525,09:30:02,$ 3279.39,1
2526,09:30:02,$ 3279.39,1
2527,09:30:02,$ 3279.39,6
2528,09:30:02,$ 3279.39,40
2529,09:30:02,$ 3279.39,2
2530,09:30:02,$ 3279.39,35
2531,09:30:02,$ 3279.39,1
2532,09:30:02,$ 3279.39,1
2533,09:30:02,$ 3279.39,6
2534,09:30:02,$ 3279.39,1
2535,09:30:02,$ 3279.39,1
2536,09:30:02,$ 3279.39,1
2537,09:30:02,$ 3279.39,11
2538,09:30:02,$ 3279.39,1
2539,09:30:02,$ 3279.39,1
2540,09:30:02,$ 3279.39,1
2542,09:30:02,$ 3279.39,1
2543,09:30:02,$ 3279.39,2
2544,09:30:02,$ 3279.39,33
2545,09:30:02,$ 3279.39,2
2546,09:30:02,$ 3279.39,1
2547,09:30:02,$ 3279.39,4
2548,09:30:02,$ 3279.39,1
2549,09:30:02,$ 3279.39,1
2550,09:30:02,$ 3279.39,1
2551,09:30:02,$ 3279.39,1
2552,09:30:02,$ 3279.39,1
2553,09:30:02,$ 3279.39,3
2554,09:30:02,$ 3279.39,3
2555,09:30:02,$ 3279.39,10
2556,09:30:02,$ 3279.39,3
2557,09:30:02,$ 3279.39,10
2558,09:30:02,$ 3279.39,1
2559,09:30:02,$ 3279.39,1
2560,09:30:02,$ 3279.39,60
2561,09:30:02,$ 3279.39,2
2563,09:30:02,$ 3279.39,5
2564,09:30:02,$ 3279.39,1
2565,09:30:02,$ 3279.39,1
2566,09:30:02,$ 3279.39,1
2567,09:30:02,$ 3279.39,3
2568,09:30:02,$ 3279.39,68
2569,09:30:02,$ 3279.39,1
2570,09:30:02,$ 3279.39,5
2571,09:30:02,$ 3279.39,5
2572,09:30:02,$ 3279.39,69
2573,09:30:02,$ 3279.39,1
2574,09:30:02,$ 3279.39,1
2575,09:30:02,$ 3279.39,200
2576,09:30:02,$ 3279.39,34
2577,09:30:02,$ 3279.39,34
2578,09:30:02,$ 3279.39,2
2579,09:30:02,$ 3279.39,3
2580,09:30:02,$ 3279.39,1
2581,09:30:02,$ 3279.39,3
2582,09:30:02,$ 3279.39,1
2584,09:30:02,$ 3279.39,31
2585,09:30:02,$ 3279.39,3
2586,09:30:02,$ 3279.39,1
2587,09:30:02,$ 3279.39,4
2588,09:30:02,$ 3279.39,1
2589,09:30:02,$ 3279.39,5
2590,09:30:02,$ 3279.39,1
2591,09:30:02,$ 3279.39,1
2592,09:30:02,$ 3279.39,5
2593,09:30:02,$ 3279.39,5
2594,09:30:02,$ 3279.39,1
2595,09:30:02,$ 3279.39,2
2596,09:30:02,$ 3279.39,5
2597,09:30:02,$ 3279.39,2
2598,09:30:02,$ 3279.39,1
2599,09:30:02,$ 3279.39,1
2600,09:30:02,$ 3279.39,1
2601,09:30:02,$ 3279.39,3
2602,09:30:02,$ 3279.39,1
2603,09:30:02,$ 3279.39,1
2605,09:30:02,$ 3279.39,2
2606,09:30:02,$ 3279.39,1
2607,09:30:02,$ 3279.39,4
2608,09:30:02,$ 3279.39,1
2609,09:30:02,$ 3279.39,1
2610,09:30:02,$ 3279.39,4
2611,09:30:02,$ 3279.39,1
2612,09:30:02,$ 3279.39,1
2613,09:30:02,$ 3279.39,25
2614,09:30:02,$ 3279.39,1
2615,09:30:02,$ 3279.39,1
2616,09:30:02,$ 3279.39,6
2617,09:30:02,$ 3279.39,3
2618,09:30:02,$ 3279.39,1
2619,09:30:02,$ 3279.39,5
2620,09:30:02,$ 3279.39,1
2621,09:30:02,$ 3279.39,1
2622,09:30:02,$ 3279.39,1
2623,09:30:02,$ 3279.39,2
2624,09:30:02,$ 3279.39,1
2626,09:30:02,$ 3279.39,5
2627,09:30:02,$ 3279.39,6
2628,09:30:02,$ 3279.39,22
2629,09:30:02,$ 3279.39,1
2630,09:30:02,$ 3279.39,1
2631,09:30:02,$ 3279.39,1
2632,09:30:02,$ 3279.39,100
2633,09:30:02,$ 3279.39,1
2634,09:30:02,$ 3279.39,15
2635,09:30:02,$ 3279.39,34
2636,09:30:02,$ 3279.39,1
2637,09:30:02,$ 3279.39,50
2638,09:30:02,$ 3279.39,34
2639,09:30:02,$ 3279.39,4
2640,09:30:02,$ 3279.39,34
2641,09:30:02,$ 3279.39,30
2642,09:30:02,$ 3279.39,3
2643,09:30:02,$ 3279.39,1
2644,09:30:02,$ 3279.39,34
2645,09:30:02,$ 3279.39,2
2647,09:30:02,$ 3279.39,35
2648,09:30:02,$ 3279.39,34
2649,09:30:02,$ 3279.39,"1,000"
2650,09:30:02,$ 3279.39,15
2651,09:30:02,$ 3279.39,2
2652,09:30:02,$ 3279.39,1
2653,09:30:02,$ 3279.39,2
2654,09:30:02,$ 3279.39,5
2655,09:30:02,$ 3279.39,15
2656,09:30:02,$ 3279.39,34
2657,09:30:02,$ 3279.39,2
2658,09:30:02,$ 3279.39,3
2659,09:30:02,$ 3279.39,34
2660,09:30:02,$ 3279.39,1
2661,09:30:02,$ 3279.39,1
2662,09:30:02,$ 3279.39,1
2663,09:30:02,$ 3279.39,2
2664,09:30:02,$ 3279.39,10
2665,09:30:02,$ 3279.39,1
2666,09:30:02,$ 3279.39,40
2668,09:30:02,$ 3279.39,1
2669,09:30:02,$ 3279.39,2
2670,09:30:02,$ 3279.39,1
2671,09:30:02,$ 3279.39,3
2672,09:30:02,$ 3279.39,1
2673,09:30:02,$ 3279.39,2
2674,09:30:02,$ 3279.39,2
2675,09:30:02,$ 3279.39,1
2676,09:30:02,$ 3279.39,1
2677,09:30:02,$ 3279.39,3
2678,09:30:02,$ 3279.39,1
2679,09:30:02,$ 3279.39,1
2680,09:30:02,$ 3279.39,3
2681,09:30:02,$ 3279.39,1
2682,09:30:02,$ 3279.39,1
2683,09:30:02,$ 3279.39,2
2684,09:30:02,$ 3279.39,1
2685,09:30:02,$ 3279.39,1
2686,09:30:02,$ 3279.39,1
2687,09:30:02,$ 3279.39,1
2689,09:30:02,$ 3279.39,1
2690,09:30:02,$ 3279.39,1
2691,09:30:02,$ 3279.39,40
2692,09:30:02,$ 3279.39,1
2693,09:30:02,$ 3279.39,17
2694,09:30:02,$ 3279.39,1
2695,09:30:02,$ 3279.39,1
2696,09:30:02,$ 3279.39,2
2697,09:30:02,$ 3279.39,1
2698,09:30:02,$ 3279.39,1
2699,09:30:02,$ 3279.39,1
2700,09:30:02,$ 3279.39,1
2701,09:30:02,$ 3279.39,1
2702,09:30:02,$ 3279.39,1
2703,09:30:02,$ 3279.39,1
2704,09:30:02,$ 3279.39,1
2705,09:30:02,$ 3279.39,1
2706,09:30:02,$ 3279.39,1
2707,09:30:02,$ 3279.39,1
2708,09:30:02,$ 3279.39,1
2710,09:30:02,$ 3279.39,1
2711,09:30:02,$ 3279.39,5
2712,09:30:02,$ 3279.39,1
2713,09:30:02,$ 3279.39,4
2714,09:30:02,$ 3279.39,1
2715,09:30:02,$ 3279.39,1
2716,09:30:02,$ 3279.39,1
2717,09:30:02,$ 3279.39,1
2718,09:30:02,$ 3279.39,1
2719,09:30:02,$ 3279.39,1
2720,09:30:02,$ 3279.39,5
2721,09:30:02,$ 3279.39,45
2722,09:30:02,$ 3279.39,18
2723,09:30:02,$ 3279.39,1
2724,09:30:02,$ 3279.39,5
2725,09:30:02,$ 3279.39,18
2726,09:30:02,$ 3279.39,1
2727,09:30:02,$ 3279.39,3
2728,09:30:02,$ 3279.39,5
2729,09:30:02,$ 3279.39,2
2731,09:30:02,$ 3279.39,1
2732,09:30:02,$ 3279.39,1
2733,09:30:02,$ 3279.39,4
2734,09:30:02,$ 3279.39,4
2735,09:30:02,$ 3279.39,1
2736,09:30:02,$ 3279.39,1
2737,09:30:02,$ 3279.39,5
2738,09:30:02,$ 3279.39,3
2739,09:30:02,$ 3279.39,7
2740,09:30:02,$ 3279.39,5
2741,09:30:02,$ 3279.39,1
2742,09:30:02,$ 3279.39,2
2743,09:30:02,$ 3279.39,18
2744,09:30:02,$ 3279.39,1
2745,09:30:02,$ 3279.39,2
2746,09:30:02,$ 3279.39,4
2747,09:30:02,$ 3279.39,4
2748,09:30:02,$ 3279.39,3
2749,09:30:02,$ 3279.39,1
2750,09:30:02,$ 3279.39,2
2752,09:30:02,$ 3279.39,1
2753,09:30:02,$ 3279.39,1
2754,09:30:02,$ 3279.39,1
2755,09:30:02,$ 3279.39,1
2756,09:30:02,$ 3279.39,1
2757,09:30:02,$ 3279.39,10
2758,09:30:02,$ 3279.39,1
2759,09:30:02,$ 3279.39,25
2760,09:30:02,$ 3279.39,1
2761,09:30:02,$ 3279.39,1
2762,09:30:02,$ 3279.39,7
2763,09:30:02,$ 3279.39,1
2764,09:30:02,$ 3279.39,2
2765,09:30:02,$ 3279.39,1
2766,09:30:02,$ 3279.39,1
2767,09:30:02,$ 3279.39,1
2768,09:30:02,$ 3279.39,30
2769,09:30:02,$ 3279.39,30
2770,09:30:02,$ 3279.39,30
2771,09:30:02,$ 3279.39,30
2773,09:30:02,$ 3279.39,3
2774,09:30:02,$ 3279.39,31
2775,09:30:02,$ 3279.39,31
2776,09:30:02,$ 3279.39,31
2777,09:30:02,$ 3279.39,1
2778,09:30:02,$ 3279.39,31
2779,09:30:02,$ 3279.39,27
2780,09:30:02,$ 3279.39,1
2781,09:30:02,$ 3279.39,100
2782,09:30:02,$ 3279.39,1
2783,09:30:02,$ 3279.39,2
2784,09:30:02,$ 3279.39,1
2785,09:30:02,$ 3279.39,2
2786,09:30:02,$ 3279.39,1
2787,09:30:02,$ 3279.39,5
2788,09:30:02,$ 3279.39,3
2789,09:30:02,$ 3279.39,1
2790,09:30:02,$ 3279.39,2
2791,09:30:02,$ 3279.39,20
2792,09:30:02,$ 3279.39,4
2794,09:30:02,$ 3279.39,10
2795,09:30:02,$ 3279.39,1
2796,09:30:02,$ 3279.39,6
2797,09:30:02,$ 3279.39,1
2798,09:30:02,$ 3279.39,1
2799,09:30:02,$ 3279.39,10
2800,09:30:02,$ 3279.39,1
2801,09:30:02,$ 3279.39,2
2802,09:30:02,$ 3279.39,1
2803,09:30:02,$ 3279.39,2
2804,09:30:02,$ 3279.39,100
2805,09:30:02,$ 3279.39,2
2806,09:30:02,$ 3279.39,1
2807,09:30:02,$ 3279.39,1
2808,09:30:02,$ 3279.39,3
2809,09:30:02,$ 3279.39,2
2810,09:30:02,$ 3279.39,10
2811,09:30:02,$ 3279.39,6
2812,09:30:02,$ 3279.39,2
2813,09:30:02,$ 3279.39,5
2815,09:30:02,$ 3279.39,15
2816,09:30:02,$ 3279.39,1
2817,09:30:01,$ 3276.48,128
2818,09:30:01,$ 3276.685,100
2820,10:29:56,$ 3210.62,500
2821,10:29:55,$ 3210.40,400
2822,10:29:42,$ 3209.845,100
2823,10:29:41,$ 3210.12,100
2824,10:29:37,$ 3211.28,182
2825,10:29:37,$ 3210.6584,200
2826,10:29:33,$ 3210.475,100
2827,10:29:33,$ 3210.255,100
2828,10:29:33,$ 3210.61,100
2829,10:29:26,$ 3209.05,100
2830,10:29:25,$ 3208.78,200
2831,10:29:23,$ 3209.47,100
2832,10:29:21,$ 3209.31,395
2833,10:29:20,$ 3209.89,100
2834,10:29:18,$ 3209.90,100
2835,10:29:16,$ 3209.555,100
2836,10:29:11,$ 3209.89,100
2837,10:29:09,$ 3209.88,100
2838,10:29:08,$ 3209.38,200
2839,10:29:05,$ 3208.61,100
2841,10:29:04,$ 3208.795,200
2842,10:29:02,$ 3208.945,100
2843,10:28:59,$ 3208.98,100
2844,10:28:56,$ 3208.93,500
2845,10:28:52,$ 3208.705,100
2846,10:28:48,$ 3209.41,100
2847,10:28:47,$ 3209.40,106
2848,10:28:44,$ 3209.00,200
2849,10:28:34,$ 3208.44,100
2850,10:28:31,$ 3208.01,104
2851,10:28:22,$ 3209.61,100
2852,10:28:22,$ 3208.88,400
2853,10:28:21,$ 3208.366,100
2854,10:28:21,$ 3208.37,100
2855,10:28:21,$ 3208.09,100
2856,10:28:14,$ 3207.27,100
2857,10:28:14,$ 3207.26,100
2858,10:28:14,$ 3206.84,100
2859,10:28:13,$ 3207.193,400
2860,10:28:00,$ 3205.97,100
2862,10:27:59,$ 3205.9307,500
2863,10:27:58,$ 3205.565,100
2864,10:27:58,$ 3206.02,100
2865,10:27:50,$ 3205.84,112
2866,10:27:50,$ 3205.94,300
2867,10:27:43,$ 3206.68,100
2868,10:27:43,$ 3206.68,100
2869,10:27:40,$ 3205.605,219
2870,10:27:36,$ 3205.63,150
2871,10:27:35,$ 3206.17,100
2872,10:27:29,$ 3205.60,236
2873,10:27:27,$ 3206.239,500
2874,10:27:25,$ 3206.0011,300
2875,10:27:17,$ 3205.41,100
2876,10:27:12,$ 3205.813,200
2877,10:27:12,$ 3206.03,177
2878,10:27:10,$ 3204.94,100
2879,10:27:09,$ 3205.585,200
2880,10:26:57,$ 3205.135,100
2881,10:26:56,$ 3205.74,100
2883,10:26:50,$ 3204.595,150
2884,10:26:36,$ 3205.83,100
2885,10:26:34,$ 3206.45,100
2886,10:26:31,$ 3206.87,100
2887,10:26:29,$ 3207.77,100
2888,10:26:18,$ 3207.2205,150
2889,10:26:16,$ 3207.305,400
2890,10:26:16,$ 3207.15,100
2891,10:26:14,$ 3207.36,100
2892,10:26:07,$ 3204.7679,100
2893,10:26:07,$ 3204.982,150
2894,10:26:04,$ 3205.17,100
2895,10:26:01,$ 3204.6362,500
2896,10:25:19,$ 3206.3716,107
2897,10:25:16,$ 3206.02,100
2898,10:25:16,$ 3206.50,100
2899,10:25:16,$ 3206.9084,170
2900,10:25:16,$ 3206.46,100
2901,10:25:13,$ 3205.76,100
2902,10:25:12,$ 3205.17,100
2904,10:25:12,$ 3205.22,100
2905,10:24:57,$ 3204.84,500
2906,10:24:55,$ 3205.245,100
2907,10:24:54,$ 3204.7077,100
2908,10:24:51,$ 3205.44,100
2909,10:24:36,$ 3205.42,100
2910,10:24:36,$ 3205.63,100
2911,10:24:36,$ 3205.3849,300
2912,10:24:22,$ 3206.9278,"1,000"
2913,10:24:22,$ 3205.89,100
2914,10:24:21,$ 3206.48,100
2915,10:24:16,$ 3206.1432,100
2916,10:24:15,$ 3206.49,100
2917,10:24:09,$ 3206.56,100
2918,10:24:09,$ 3206.27,500
2919,10:24:09,$ 3206.46,100
2920,10:24:09,$ 3206.46,100
2921,10:24:09,$ 3206.46,100
2922,10:24:03,$ 3206.46,100
2923,10:23:54,$ 3206.377,500
2925,10:23:54,$ 3206.55,100
2926,10:23:49,$ 3206.02,100
2927,10:23:48,$ 3205.87,127
2928,10:23:48,$ 3205.868,480
2929,10:23:42,$ 3206.96,100
2930,10:23:38,$ 3206.9899,100
2931,10:23:32,$ 3206.05,100
2932,10:23:31,$ 3205.935,100
2933,10:23:30,$ 3205.8775,100
2934,10:23:25,$ 3206.06,105
2935,10:23:22,$ 3205.02,100
2936,10:23:22,$ 3205.18,100
2937,10:23:22,$ 3204.99,100
2938,10:23:20,$ 3204.26,100
2939,10:23:20,$ 3204.79,100
2940,10:23:13,$ 3204.122,500
2941,10:23:11,$ 3205.00,120
2942,10:23:11,$ 3204.91,100
2943,10:23:11,$ 3204.94,100
2944,10:23:02,$ 3204.93,100
2946,10:23:01,$ 3204.133,500
2947,10:23:00,$ 3204.00,147
2948,10:23:00,$ 3204.00,191
2949,10:22:59,$ 3204.8789,100
2950,10:22:52,$ 3205.40,100
2951,10:22:52,$ 3205.03,100
2952,10:22:52,$ 3205.53,100
2953,10:22:50,$ 3205.81,100
2954,10:22:50,$ 3206.15,399
2955,10:22:50,$ 3206.15,101
2956,10:22:43,$ 3205.10,100
2957,10:22:42,$ 3204.76,100
2958,10:22:30,$ 3203.55,100
2959,10:22:30,$ 3203.19,100
2960,10:22:24,$ 3202.55,300
2961,10:22:24,$ 3203.39,100
2962,10:22:22,$ 3202.70,100
2963,10:22:18,$ 3201.7685,250
2964,10:22:10,$ 3202.38,100
2965,10:22:09,$ 3203.64,100
2967,10:22:08,$ 3203.08,100
2968,10:22:03,$ 3203.58,100
2969,10:21:57,$ 3203.84,500
2970,10:21:47,$ 3204.505,100
2971,10:21:46,$ 3204.05,500
2972,10:21:44,$ 3205.36,100
2973,10:21:44,$ 3204.76,100
2974,10:21:43,$ 3204.32,100
2975,10:21:41,$ 3204.80,198
2976,10:21:32,$ 3205.02,100
2977,10:21:24,$ 3204.315,300
2978,10:21:23,$ 3204.315,500
2979,10:21:11,$ 3204.03,100
2980,10:21:08,$ 3204.00,100
2981,10:21:02,$ 3204.20,100
2982,10:21:00,$ 3204.97,118
2983,10:21:00,$ 3204.03,100
2984,10:21:00,$ 3204.21,100
2985,10:21:00,$ 3204.26,100
2986,10:21:00,$ 3204.31,100
2988,10:20:57,$ 3203.77,100
2989,10:20:48,$ 3204.1239,100
2990,10:20:45,$ 3203.25,100
2991,10:20:32,$ 3202.30,100
2992,10:20:29,$ 3202.62,100
2993,10:20:26,$ 3202.6301,800
2994,10:20:24,$ 3203.22,100
2995,10:20:24,$ 3203.22,100
2996,10:20:24,$ 3203.77,100
2997,10:20:24,$ 3203.78,100
2998,10:20:23,$ 3202.26,100
2999,10:20:21,$ 3201.20,100
3000,10:20:21,$ 3201.1512,200
3001,10:20:17,$ 3201.40,100
3002,10:20:09,$ 3202.387,500
3003,10:20:09,$ 3202.65,100
3004,10:20:06,$ 3201.74,101
3005,10:20:06,$ 3202.49,100
3006,10:20:05,$ 3202.03,100
3007,10:20:04,$ 3201.4601,200
3009,10:20:04,$ 3201.99,100
3010,10:20:03,$ 3201.80,100
3011,10:20:03,$ 3201.80,100
3012,10:20:03,$ 3201.80,100
3013,10:20:02,$ 3201.02,100
3014,10:20:01,$ 3201.42,100
3015,10:20:01,$ 3201.81,100
3016,10:19:57,$ 3201.4362,136
3017,10:19:57,$ 3201.2952,364
3018,10:19:49,$ 3200.69,162
3019,10:19:48,$ 3201.10,100
3020,10:19:45,$ 3201.625,500
3021,10:19:44,$ 3201.95,100
3022,10:19:44,$ 3201.89,100
3023,10:19:44,$ 3201.905,100
3024,10:19:34,$ 3201.95,100
3025,10:19:30,$ 3201.8917,300
3026,10:19:26,$ 3202.17,100
3027,10:19:24,$ 3202.3623,250
3028,10:19:23,$ 3202.91,100
3030,10:19:19,$ 3203.24,100
3031,10:19:18,$ 3203.25,100
3032,10:19:12,$ 3202.24,100
3033,10:19:11,$ 3202.00,100
3034,10:19:08,$ 3202.3239,200
3035,10:19:05,$ 3202.23,100
3036,10:19:05,$ 3203.28,100
3037,10:19:04,$ 3203.625,390
3038,10:19:00,$ 3203.4047,110
3039,10:18:59,$ 3204.01,100
3040,10:18:58,$ 3204.04,100
3041,10:18:57,$ 3204.4979,500
3042,10:18:52,$ 3205.55,100
3043,10:18:50,$ 3205.275,750
3044,10:18:49,$ 3205.6934,500
3045,10:18:45,$ 3205.82,100
3046,10:18:45,$ 3205.35,100
3047,10:18:42,$ 3205.538,120
3048,10:18:39,$ 3204.78,100
3049,10:18:35,$ 3205.692,500
3051,10:18:35,$ 3206.20,545
3052,10:18:33,$ 3205.40,100
3053,10:18:31,$ 3206.03,100
3054,10:18:20,$ 3207.18,100
3055,10:18:10,$ 3207.5788,100
3056,10:18:04,$ 3208.165,100
3057,10:17:54,$ 3208.39,500
3058,10:17:48,$ 3209.91,100
3059,10:17:45,$ 3209.60,100
3060,10:17:43,$ 3210.3654,200
3061,10:17:39,$ 3210.39,100
3062,10:17:39,$ 3210.85,200
3063,10:17:39,$ 3210.76,100
3064,10:17:38,$ 3210.398,500
3065,10:17:37,$ 3210.76,150
3066,10:17:37,$ 3209.91,100
3067,10:17:36,$ 3209.3993,194
3068,10:17:31,$ 3210.23,150
3069,10:17:30,$ 3210.1855,100
3070,10:17:29,$ 3209.13,100
3072,10:17:22,$ 3208.38,100
3073,10:17:08,$ 3208.97,500
3074,10:17:08,$ 3209.0205,100
3075,10:17:06,$ 3209.035,100
3076,10:17:03,$ 3208.775,500
3077,10:17:00,$ 3209.07,100
3078,10:16:58,$ 3209.26,100
3079,10:16:52,$ 3208.2592,100
3080,10:16:44,$ 3208.05,100
3081,10:16:42,$ 3208.83,100
3082,10:16:42,$ 3208.085,100
3083,10:16:42,$ 3207.6164,250
3084,10:16:39,$ 3207.43,100
3085,10:16:29,$ 3206.735,100
3086,10:16:24,$ 3206.68,500
3087,10:16:21,$ 3207.09,100
3088,10:16:21,$ 3207.57,100
3089,10:16:18,$ 3207.48,100
3090,10:16:17,$ 3206.74,100
3091,10:16:15,$ 3207.5254,364
3093,10:16:15,$ 3207.5254,136
3094,10:16:11,$ 3206.59,100
3095,10:16:10,$ 3206.705,100
3096,10:16:06,$ 3206.5199,311
3097,10:15:58,$ 3206.24,100
3098,10:15:55,$ 3206.01,100
3099,10:15:53,$ 3207.82,100
3100,10:15:49,$ 3207.23,100
3101,10:15:44,$ 3206.485,100
3102,10:15:44,$ 3207.13,100
3103,10:15:40,$ 3205.93,100
3104,10:15:39,$ 3206.33,100
3105,10:15:38,$ 3206.46,100
3106,10:15:38,$ 3206.07,100
3107,10:15:29,$ 3206.00,157
3108,10:15:29,$ 3206.184,100
3109,10:15:28,$ 3206.10,100
3110,10:15:28,$ 3206.18,100
3111,10:15:28,$ 3206.18,100
3112,10:15:27,$ 3207.00,500
3114,10:15:24,$ 3208.264,"1,000"
3115,10:15:16,$ 3208.495,100
3116,10:15:16,$ 3208.495,100
3117,10:15:12,$ 3207.88,200
3118,10:15:12,$ 3208.29,145
3119,10:15:10,$ 3208.75,500
3120,10:15:10,$ 3209.06,100
3121,10:15:10,$ 3208.75,100
3122,10:15:07,$ 3208.455,100
3123,10:15:06,$ 3208.02,200
3124,10:15:06,$ 3208.02,100
3125,10:15:03,$ 3208.815,100
3126,10:15:01,$ 3208.77,100
3127,10:14:54,$ 3209.453,364
3128,10:14:54,$ 3209.453,111
3129,10:14:52,$ 3209.14,100
3130,10:14:38,$ 3211.32,100
3131,10:14:30,$ 3210.64,100
3132,10:14:25,$ 3210.86,100
3133,10:14:17,$ 3210.073,500
3135,10:14:00,$ 3209.7492,200
3136,10:13:57,$ 3212.135,100
3137,10:13:56,$ 3212.725,252
3138,10:13:55,$ 3211.05,100
3139,10:13:45,$ 3210.07,100
3140,10:13:42,$ 3210.43,100
3141,10:13:36,$ 3211.12,100
3142,10:13:36,$ 3210.96,100
3143,10:13:21,$ 3210.71,100
3144,10:13:21,$ 3210.73,100
3145,10:13:16,$ 3209.733,120
3146,10:13:16,$ 3209.733,146
3147,10:13:16,$ 3209.733,234
3148,10:13:09,$ 3210.70,100
3149,10:13:08,$ 3210.60,100
3150,10:13:08,$ 3209.78,100
3151,10:13:08,$ 3209.905,100
3152,10:13:08,$ 3210.98,200
3153,10:13:07,$ 3209.5198,200
3154,10:13:07,$ 3209.85,100
3156,10:13:07,$ 3210.80,100
3157,10:13:05,$ 3210.79,100
3158,10:12:56,$ 3212.08,100
3159,10:12:52,$ 3210.70,100
3160,10:12:46,$ 3212.1599,150
3161,10:12:43,$ 3211.285,100
3162,10:12:41,$ 3211.14,100
3163,10:12:41,$ 3211.36,100
3164,10:12:35,$ 3209.5001,100
3165,10:12:30,$ 3210.34,553
3166,10:12:26,$ 3210.58,100
3167,10:12:23,$ 3209.99,100
3168,10:12:23,$ 3210.62,100
3169,10:12:23,$ 3209.78,100
3170,10:12:22,$ 3209.81,100
3171,10:12:17,$ 3209.81,100
3172,10:12:15,$ 3209.02,100
3173,10:12:15,$ 3209.942,100
3174,10:12:15,$ 3209.96,100
3175,10:12:14,$ 3210.11,100
3177,10:12:12,$ 3209.707,500
3178,10:12:05,$ 3209.8749,100
3179,10:12:05,$ 3209.43,100
3180,10:12:05,$ 3209.43,137
3181,10:12:03,$ 3209.249,200
3182,10:12:02,$ 3209.52,100
3183,10:12:00,$ 3209.33,100
3184,10:11:59,$ 3209.33,100
3185,10:11:58,$ 3209.33,120
3186,10:11:58,$ 3209.33,100
3187,10:11:58,$ 3209.765,100
3188,10:11:57,$ 3209.67,100
3189,10:11:52,$ 3209.81,400
3190,10:11:52,$ 3209.645,100
3191,10:11:52,$ 3210.15,100
3192,10:11:40,$ 3209.29,100
3193,10:11:36,$ 3209.515,200
3194,10:11:33,$ 3210.90,100
3195,10:11:33,$ 3210.90,241
3196,10:11:26,$ 3210.45,100
3198,10:11:22,$ 3209.41,100
3199,10:11:22,$ 3210.00,100
3200,10:11:22,$ 3210.00,100
3201,10:11:22,$ 3210.10,100
3202,10:11:17,$ 3211.50,100
3203,10:11:17,$ 3211.56,100
3204,10:11:16,$ 3211.74,500
3205,10:11:16,$ 3211.36,100
3206,10:11:16,$ 3211.50,218
3207,10:11:15,$ 3211.745,100
3208,10:11:11,$ 3212.36,100
3209,10:11:10,$ 3212.73,102
3210,10:11:08,$ 3212.13,100
3211,10:11:06,$ 3212.057,364
3212,10:11:05,$ 3211.53,100
3213,10:11:01,$ 3212.00,500
3214,10:11:00,$ 3212.00,120
3215,10:10:55,$ 3212.67,100
3216,10:10:51,$ 3211.857,500
3217,10:10:41,$ 3211.56,100
3219,10:10:41,$ 3211.56,100
3220,10:10:39,$ 3211.03,"1,000"
3221,10:10:35,$ 3212.00,100
3222,10:10:32,$ 3212.005,300
3223,10:10:32,$ 3211.6091,263
3224,10:10:30,$ 3212.25,100
3225,10:10:22,$ 3213.19,100
3226,10:10:22,$ 3213.24,100
3227,10:10:19,$ 3213.44,150
3228,10:10:19,$ 3213.44,187
3229,10:10:14,$ 3213.95,100
3230,10:10:13,$ 3213.27,500
3231,10:10:13,$ 3213.96,300
3232,10:10:12,$ 3213.71,100
3233,10:10:10,$ 3214.00,100
3234,10:10:08,$ 3214.375,100
3235,10:10:04,$ 3214.80,100
3236,10:09:51,$ 3215.06,100
3237,10:09:49,$ 3214.823,500
3238,10:09:44,$ 3215.95,"1,000"
3240,10:09:44,$ 3216.43,150
3241,10:09:44,$ 3216.27,100
3242,10:09:31,$ 3215.87,100
3243,10:09:31,$ 3216.375,467
3244,10:09:30,$ 3216.4416,100
3245,10:09:29,$ 3215.8582,100
3246,10:09:25,$ 3214.79,100
3247,10:09:18,$ 3215.385,138
3248,10:09:13,$ 3214.69,150
3249,10:09:07,$ 3214.32,500
3250,10:09:03,$ 3214.38,532
3251,10:08:58,$ 3215.06,100
3252,10:08:57,$ 3214.05,120
3253,10:08:57,$ 3214.05,200
3254,10:08:57,$ 3214.525,100
3255,10:08:55,$ 3214.93,100
3256,10:08:51,$ 3215.00,100
3257,10:08:51,$ 3215.00,521
3258,10:08:51,$ 3215.00,118
3259,10:08:51,$ 3214.88,100
3261,10:08:51,$ 3214.81,100
3262,10:08:51,$ 3215.00,100
3263,10:08:49,$ 3215.545,120
3264,10:08:49,$ 3215.43,100
3265,10:08:41,$ 3214.645,100
3266,10:08:34,$ 3214.64,180
3267,10:08:34,$ 3214.655,100
3268,10:08:33,$ 3214.2384,100
3269,10:08:31,$ 3213.93,100
3270,10:08:31,$ 3213.78,100
3271,10:08:31,$ 3213.77,100
3272,10:08:31,$ 3213.77,100
3273,10:08:31,$ 3213.77,100
3274,10:08:31,$ 3213.77,100
3275,10:08:31,$ 3213.26,100
3276,10:08:30,$ 3213.09,100
3277,10:08:25,$ 3212.9378,200
3278,10:08:21,$ 3212.235,200
3279,10:08:21,$ 3212.42,500
3280,10:08:17,$ 3213.755,500
3282,10:08:16,$ 3213.73,100
3283,10:08:11,$ 3213.63,100
3284,10:08:10,$ 3213.44,200
3285,10:08:09,$ 3212.8429,100
3286,10:08:05,$ 3214.38,432
3287,10:08:04,$ 3213.78,107
3288,10:07:40,$ 3215.00,100
3289,10:07:40,$ 3215.00,100
3290,10:07:38,$ 3215.7162,100
3291,10:07:37,$ 3215.998,500
3292,10:07:23,$ 3216.20,277
3293,10:07:23,$ 3216.20,100
3294,10:07:04,$ 3217.2799,100
3295,10:07:02,$ 3216.365,100
3296,10:06:58,$ 3217.76,100
3297,10:06:58,$ 3217.76,100
3298,10:06:58,$ 3217.75,160
3299,10:06:58,$ 3217.61,100
3300,10:06:56,$ 3217.41,100
3301,10:06:54,$ 3216.75,100
3303,10:06:51,$ 3216.67,500
3304,10:06:38,$ 3217.765,200
3305,10:06:38,$ 3217.84,100
3306,10:06:37,$ 3218.14,100
3307,10:06:37,$ 3218.14,100
3308,10:06:30,$ 3217.45,100
3309,10:06:22,$ 3218.3023,100
3310,10:06:22,$ 3218.1199,200
3311,10:06:08,$ 3217.785,500
3312,10:06:06,$ 3218.73,100
3313,10:06:01,$ 3217.70,100
3314,10:05:57,$ 3219.36,112
3315,10:05:47,$ 3216.8422,250
3316,10:05:45,$ 3216.832,500
3317,10:05:44,$ 3217.3103,210
3318,10:05:42,$ 3216.94,100
3319,10:05:34,$ 3216.4192,100
3320,10:05:29,$ 3216.55,100
3321,10:05:28,$ 3216.41,100
3322,10:05:26,$ 3216.40,100
3324,10:05:26,$ 3216.40,100
3325,10:05:25,$ 3216.185,100
3326,10:05:25,$ 3216.85,100
3327,10:05:18,$ 3216.9213,425
3328,10:05:18,$ 3217.1216,100
3329,10:05:17,$ 3218.2428,500
3330,10:05:14,$ 3218.96,100
3331,10:05:14,$ 3218.96,100
3332,10:05:13,$ 3219.56,800
3333,10:05:06,$ 3217.925,100
3334,10:05:05,$ 3217.375,100
3335,10:05:05,$ 3217.375,100
3336,10:05:03,$ 3217.55,100
3337,10:05:03,$ 3217.62,100
3338,10:04:58,$ 3216.295,100
3339,10:04:58,$ 3216.295,100
3340,10:04:58,$ 3216.26,100
3341,10:04:58,$ 3216.245,100
3342,10:04:54,$ 3216.09,100
3343,10:04:51,$ 3215.01,100
3345,10:04:50,$ 3215.65,470
3346,10:04:47,$ 3215.925,100
3347,10:04:47,$ 3215.6469,135
3348,10:04:42,$ 3216.065,100
3349,10:04:40,$ 3215.8658,200
3350,10:04:34,$ 3217.202,100
3351,10:04:33,$ 3215.4673,100
3352,10:04:29,$ 3214.72,100
3353,10:04:28,$ 3214.135,100
3354,10:04:28,$ 3214.52,110
3355,10:04:28,$ 3213.82,100
3356,10:04:28,$ 3214.145,100
3357,10:04:28,$ 3213.81,100
3358,10:04:24,$ 3214.3932,100
3359,10:04:19,$ 3214.19,100
3360,10:04:17,$ 3214.28,100
3361,10:04:16,$ 3213.65,100
3362,10:04:16,$ 3213.59,100
3363,10:04:12,$ 3211.58,100
3364,10:04:12,$ 3211.96,100
3366,10:04:11,$ 3212.0675,100
3367,10:04:08,$ 3212.80,100
3368,10:04:07,$ 3212.85,100
3369,10:04:07,$ 3212.90,100
3370,10:04:05,$ 3213.3133,200
3371,10:04:04,$ 3213.72,200
3372,10:04:03,$ 3213.87,500
3373,10:04:03,$ 3213.86,100
3374,10:04:02,$ 3213.26,100
3375,10:04:02,$ 3213.31,100
3376,10:04:02,$ 3213.68,100
3377,10:04:02,$ 3213.68,141
3378,10:04:01,$ 3214.355,100
3379,10:04:00,$ 3213.98,100
3380,10:04:00,$ 3213.31,150
3381,10:03:57,$ 3213.27,100
3382,10:03:57,$ 3213.18,100
3383,10:03:56,$ 3212.00,100
3384,10:03:53,$ 3212.635,500
3385,10:03:52,$ 3213.54,100
3387,10:03:48,$ 3211.495,100
3388,10:03:46,$ 3212.80,100
3389,10:03:46,$ 3212.80,100
3390,10:03:46,$ 3212.75,100
3391,10:03:38,$ 3211.955,100
3392,10:03:36,$ 3212.6902,500
3393,10:03:35,$ 3211.60,140
3394,10:03:34,$ 3211.0899,110
3395,10:03:34,$ 3211.0899,"1,836"
3396,10:03:29,$ 3211.60,100
3397,10:03:29,$ 3211.55,100
3398,10:03:29,$ 3211.84,100
3399,10:03:28,$ 3212.02,100
3400,10:03:27,$ 3211.00,100
3401,10:03:25,$ 3211.895,"1,000"
3402,10:03:25,$ 3211.37,100
3403,10:03:25,$ 3212.0254,100
3404,10:03:23,$ 3213.1142,222
3405,10:03:23,$ 3212.875,100
3406,10:03:23,$ 3212.18,100
3408,10:03:21,$ 3213.00,150
3409,10:03:20,$ 3213.645,500
3410,10:03:19,$ 3213.13,100
3411,10:03:19,$ 3213.40,100
3412,10:03:19,$ 3213.40,135
3413,10:03:19,$ 3213.40,100
3414,10:03:19,$ 3213.40,100
3415,10:03:19,$ 3213.40,100
3416,10:03:19,$ 3213.40,100
3417,10:03:19,$ 3213.40,100
3418,10:03:19,$ 3213.40,133
3419,10:03:19,$ 3213.42,100
3420,10:03:13,$ 3213.90,100
3421,10:03:13,$ 3214.18,100
3422,10:03:12,$ 3215.08,100
3423,10:03:12,$ 3214.98,100
3424,10:03:12,$ 3214.82,100
3425,10:03:12,$ 3215.79,100
3426,10:03:11,$ 3214.36,100
3427,10:03:11,$ 3214.61,100
3429,10:03:11,$ 3214.98,100
3430,10:03:11,$ 3214.44,100
3431,10:03:11,$ 3214.49,100
3432,10:03:09,$ 3213.30,121
3433,10:03:07,$ 3214.2981,500
3434,10:03:05,$ 3213.50,450
3435,10:03:03,$ 3212.91,100
3436,10:03:02,$ 3213.00,100
3437,10:03:02,$ 3212.82,100
3438,10:02:59,$ 3212.81,198
3439,10:02:58,$ 3213.12,100
3440,10:02:55,$ 3214.09,100
3441,10:02:55,$ 3213.14,248
3442,10:02:55,$ 3213.24,200
3443,10:02:55,$ 3213.34,100
3444,10:02:53,$ 3214.99,180
3445,10:02:53,$ 3215.56,100
3446,10:02:52,$ 3215.37,100
3447,10:02:52,$ 3215.37,100
3448,10:02:52,$ 3215.37,100
3450,10:02:52,$ 3216.515,100
3451,10:02:51,$ 3215.44,100
3452,10:02:49,$ 3215.54,115
3453,10:02:48,$ 3216.36,100
3454,10:02:48,$ 3215.93,100
3455,10:02:48,$ 3215.92,300
3456,10:02:48,$ 3216.17,100
3457,10:02:46,$ 3217.14,100
3458,10:02:45,$ 3216.66,140
3459,10:02:45,$ 3217.59,100
3460,10:02:43,$ 3217.50,200
3461,10:02:43,$ 3217.53,122
3462,10:02:43,$ 3218.46,100
3463,10:02:42,$ 3218.90,100
3464,10:02:41,$ 3218.0506,248
3465,10:02:41,$ 3218.0698,109
3466,10:02:41,$ 3218.0699,143
3467,10:02:39,$ 3217.87,130
3468,10:02:39,$ 3218.03,100
3469,10:02:36,$ 3217.535,150
3471,10:02:34,$ 3218.155,100
3472,10:02:34,$ 3218.14,100
3473,10:02:34,$ 3218.19,100
3474,10:02:31,$ 3217.515,100
3475,10:02:31,$ 3217.0378,300
3476,10:02:29,$ 3217.885,200
3477,10:02:29,$ 3217.885,100
3478,10:02:29,$ 3218.85,100
3479,10:02:22,$ 3218.54,302
3480,10:02:22,$ 3218.54,309
3481,10:02:22,$ 3218.54,310
3482,10:02:21,$ 3219.06,100
3483,10:02:18,$ 3219.34,100
3484,10:02:18,$ 3219.00,100
3485,10:02:15,$ 3221.2205,100
3486,10:02:12,$ 3219.715,128
3487,10:02:12,$ 3219.2239,100
3488,10:02:11,$ 3220.00,100
3489,10:02:11,$ 3219.89,100
3490,10:02:09,$ 3220.97,120
3492,10:02:02,$ 3223.00,155
3493,10:02:02,$ 3223.65,100
3494,10:02:02,$ 3223.65,100
3495,10:02:02,$ 3223.19,184
3496,10:02:02,$ 3223.65,100
3497,10:02:02,$ 3223.65,100
3498,10:02:00,$ 3223.65,100
3499,10:01:59,$ 3223.65,100
3500,10:01:57,$ 3222.86,100
3501,10:01:53,$ 3223.795,100
3502,10:01:51,$ 3223.80,600
3503,10:01:45,$ 3223.91,218
3504,10:01:38,$ 3223.95,100
3505,10:01:28,$ 3225.23,100
3506,10:01:27,$ 3224.755,288
3507,10:01:27,$ 3225.14,100
3508,10:01:26,$ 3224.52,100
3509,10:01:26,$ 3224.52,100
3510,10:01:23,$ 3224.305,100
3511,10:01:22,$ 3224.17,500
3513,10:01:18,$ 3224.45,500
3514,10:01:16,$ 3224.09,100
3515,10:01:16,$ 3224.14,100
3516,10:01:10,$ 3223.7942,138
3517,10:01:10,$ 3223.09,100
3518,10:01:09,$ 3222.22,100
3519,10:01:09,$ 3222.3464,383
3520,10:01:09,$ 3222.84,100
3521,10:01:05,$ 3225.40,100
3522,10:01:05,$ 3225.00,100
3523,10:01:04,$ 3225.50,100
3524,10:01:04,$ 3226.3089,309
3525,10:01:01,$ 3225.68,100
3526,10:01:01,$ 3226.00,100
3527,10:00:57,$ 3227.6187,100
3528,10:00:51,$ 3227.895,100
3529,10:00:51,$ 3228.00,157
3530,10:00:51,$ 3228.42,100
3531,10:00:48,$ 3230.08,100
3532,10:00:40,$ 3231.57,100
3534,10:00:33,$ 3231.685,100
3535,10:00:24,$ 3232.53,100
3536,10:00:24,$ 3231.90,200
3537,10:00:21,$ 3231.22,804
3538,10:00:15,$ 3231.47,100
3539,10:00:08,$ 3229.262,100
3540,10:00:08,$ 3230.76,100
3541,10:00:04,$ 3231.615,100
3542,10:00:04,$ 3231.80,100
3543,10:00:03,$ 3230.00,100
3544,10:00:02,$ 3230.63,100
3546,10:59:47,$ 3199.315,100
3547,10:59:46,$ 3199.40,100
3548,10:59:46,$ 3199.03,100
3549,10:59:42,$ 3198.60,200
3550,10:59:42,$ 3198.60,500
3551,10:59:42,$ 3198.60,100
3552,10:59:38,$ 3198.60,100
3553,10:59:36,$ 3198.59,100
3554,10:59:31,$ 3197.8017,100
3555,10:59:30,$ 3198.48,100
3556,10:59:28,$ 3197.7101,200
3557,10:59:26,$ 3198.62,100
3558,10:59:26,$ 3198.62,100
3559,10:59:25,$ 3198.62,100
3560,10:59:25,$ 3198.95,100
3561,10:59:24,$ 3197.54,210
3562,10:59:24,$ 3197.53,100
3563,10:59:24,$ 3197.83,200
3564,10:59:22,$ 3197.93,100
3565,10:59:21,$ 3198.2477,100
3567,10:59:21,$ 3197.38,100
3568,10:59:13,$ 3196.65,100
3569,10:59:08,$ 3195.11,100
3570,10:58:59,$ 3194.72,108
3571,10:58:59,$ 3194.72,108
3572,10:58:59,$ 3194.72,100
3573,10:58:59,$ 3194.63,100
3574,10:58:58,$ 3195.065,364
3575,10:58:56,$ 3195.6541,364
3576,10:58:56,$ 3195.6541,312
3577,10:58:56,$ 3195.13,100
3578,10:58:56,$ 3194.61,103
3579,10:58:56,$ 3194.61,200
3580,10:58:56,$ 3194.61,100
3581,10:58:55,$ 3195.21,100
3582,10:58:55,$ 3195.569,100
3583,10:58:54,$ 3195.20,100
3584,10:58:53,$ 3193.70,100
3585,10:58:48,$ 3193.27,100
3586,10:58:44,$ 3191.83,101
3588,10:58:41,$ 3192.43,145
3589,10:58:29,$ 3192.62,100
3590,10:58:26,$ 3192.2609,250
3591,10:58:25,$ 3192.78,100
3592,10:58:24,$ 3192.75,100
3593,10:58:24,$ 3192.81,100
3594,10:58:24,$ 3192.815,100
3595,10:58:24,$ 3193.22,100
3596,10:58:18,$ 3193.63,100
3597,10:58:18,$ 3193.50,100
3598,10:58:16,$ 3191.62,250
3599,10:58:14,$ 3192.795,100
3600,10:58:12,$ 3193.07,128
3601,10:58:08,$ 3193.331,100
3602,10:58:04,$ 3193.3301,100
3603,10:58:04,$ 3193.645,100
3604,10:57:56,$ 3193.331,100
3605,10:57:56,$ 3193.33,100
3606,10:57:55,$ 3193.78,100
3607,10:57:55,$ 3193.64,100
3609,10:57:55,$ 3193.64,100
3610,10:57:55,$ 3193.78,260
3611,10:57:51,$ 3193.62,100
3612,10:57:51,$ 3194.00,108
3613,10:57:51,$ 3193.73,100
3614,10:57:51,$ 3193.71,150
3615,10:57:50,$ 3193.28,100
3616,10:57:50,$ 3193.19,200
3617,10:57:46,$ 3193.33,200
3618,10:57:46,$ 3193.60,100
3619,10:57:46,$ 3193.60,100
3620,10:57:46,$ 3192.90,300
3621,10:57:46,$ 3193.18,100
3622,10:57:45,$ 3193.19,100
3623,10:57:45,$ 3192.80,100
3624,10:57:38,$ 3192.33,100
3625,10:57:38,$ 3192.33,830
3626,10:57:35,$ 3191.58,100
3627,10:57:34,$ 3191.77,100
3628,10:57:34,$ 3191.77,100
3630,10:57:34,$ 3190.8725,100
3631,10:57:33,$ 3191.58,100
3632,10:57:33,$ 3190.875,100
3633,10:57:30,$ 3191.955,100
3634,10:57:28,$ 3190.99,100
3635,10:57:28,$ 3190.525,100
3636,10:57:26,$ 3191.4662,450
3637,10:57:24,$ 3191.265,100
3638,10:57:24,$ 3191.31,100
3639,10:57:24,$ 3192.00,100
3640,10:57:24,$ 3191.80,100
3641,10:57:24,$ 3191.19,100
3642,10:57:22,$ 3190.54,100
3643,10:57:22,$ 3190.04,300
3644,10:57:22,$ 3190.27,100
3645,10:57:22,$ 3190.26,100
3646,10:57:22,$ 3190.25,100
3647,10:57:20,$ 3189.59,500
3648,10:57:20,$ 3189.76,100
3649,10:57:18,$ 3190.15,100
3651,10:57:18,$ 3190.15,100
3652,10:57:14,$ 3190.89,100
3653,10:57:12,$ 3190.00,100
3654,10:57:08,$ 3189.83,100
3655,10:57:03,$ 3190.22,100
3656,10:57:00,$ 3190.39,500
3657,10:56:57,$ 3190.77,100
3658,10:56:50,$ 3191.8625,131
3659,10:56:50,$ 3191.8625,334
3660,10:56:47,$ 3191.80,100
3661,10:56:47,$ 3191.80,100
3662,10:56:47,$ 3191.80,100
3663,10:56:47,$ 3191.80,100
3664,10:56:46,$ 3190.88,100
3665,10:56:46,$ 3190.88,283
3666,10:56:46,$ 3191.04,210
3667,10:56:36,$ 3190.8467,150
3668,10:56:21,$ 3189.27,100
3669,10:56:18,$ 3189.64,100
3670,10:56:14,$ 3190.04,115
3672,10:56:11,$ 3190.73,100
3673,10:56:11,$ 3190.14,500
3674,10:56:08,$ 3189.048,500
3675,10:56:08,$ 3189.055,500
3676,10:55:59,$ 3187.50,200
3677,10:55:58,$ 3187.2601,120
3678,10:55:56,$ 3188.28,100
3679,10:55:51,$ 3188.27,100
3680,10:55:35,$ 3189.02,100
3681,10:55:35,$ 3189.02,100
3682,10:55:34,$ 3189.02,100
3683,10:55:33,$ 3189.02,100
3684,10:55:33,$ 3189.02,100
3685,10:55:33,$ 3189.02,100
3686,10:55:32,$ 3189.99,100
3687,10:55:31,$ 3189.0214,313
3688,10:55:30,$ 3189.54,100
3689,10:55:21,$ 3189.02,100
3690,10:55:21,$ 3189.02,100
3691,10:55:21,$ 3188.08,128
3693,10:55:21,$ 3188.00,200
3694,10:55:21,$ 3187.61,100
3695,10:55:20,$ 3186.34,100
3696,10:55:17,$ 3185.29,100
3697,10:55:17,$ 3186.005,100
3698,10:55:11,$ 3184.07,100
3699,10:55:02,$ 3182.6154,100
3700,10:54:58,$ 3181.51,100
3701,10:54:57,$ 3182.08,132
3702,10:54:47,$ 3184.09,100
3703,10:54:45,$ 3184.63,100
3704,10:54:45,$ 3183.74,100
3705,10:54:35,$ 3183.58,120
3706,10:54:31,$ 3182.26,500
3707,10:54:26,$ 3182.7613,100
3708,10:54:22,$ 3182.31,100
3709,10:54:20,$ 3182.51,250
3710,10:54:20,$ 3182.51,167
3711,10:54:19,$ 3182.02,100
3712,10:54:14,$ 3181.645,100
3714,10:54:12,$ 3182.00,100
3715,10:54:11,$ 3180.624,100
3716,10:54:10,$ 3181.00,100
3717,10:54:10,$ 3181.02,100
3718,10:54:10,$ 3181.34,100
3719,10:54:09,$ 3181.21,100
3720,10:54:07,$ 3181.835,100
3721,10:54:06,$ 3181.52,100
3722,10:54:01,$ 3183.00,100
3723,10:53:58,$ 3183.70,100
3724,10:53:54,$ 3183.01,500
3725,10:53:44,$ 3185.69,100
3726,10:53:44,$ 3185.69,100
3727,10:53:37,$ 3184.81,100
3728,10:53:33,$ 3186.19,100
3729,10:53:33,$ 3186.29,100
3730,10:53:33,$ 3186.19,100
3731,10:53:33,$ 3186.205,100
3732,10:53:31,$ 3186.43,100
3733,10:53:31,$ 3186.43,100
3735,10:53:31,$ 3186.43,100
3736,10:53:31,$ 3186.43,167
3737,10:53:30,$ 3186.5176,131
3738,10:53:30,$ 3186.52,180
3739,10:53:25,$ 3186.6894,200
3740,10:53:21,$ 3187.555,100
3741,10:53:17,$ 3186.74,500
3742,10:53:17,$ 3187.03,320
3743,10:53:16,$ 3186.905,100
3744,10:53:12,$ 3188.00,100
3745,10:53:10,$ 3187.64,153
3746,10:53:03,$ 3186.53,100
3747,10:53:03,$ 3186.53,100
3748,10:52:53,$ 3186.422,500
3749,10:52:33,$ 3185.105,500
3750,10:52:22,$ 3185.3079,200
3751,10:52:18,$ 3184.871,100
3752,10:52:18,$ 3185.56,100
3753,10:52:17,$ 3186.155,500
3754,10:52:16,$ 3185.9566,150
3756,10:52:10,$ 3185.10,500
3757,10:52:09,$ 3185.05,100
3758,10:52:04,$ 3186.165,100
3759,10:51:57,$ 3185.7525,100
3760,10:51:50,$ 3185.705,100
3761,10:51:49,$ 3186.215,100
3762,10:51:44,$ 3186.18,117
3763,10:51:35,$ 3187.00,100
3764,10:51:35,$ 3187.00,100
3765,10:51:35,$ 3187.00,100
3766,10:51:34,$ 3187.00,200
3767,10:51:33,$ 3186.74,100
3768,10:51:33,$ 3187.00,152
3769,10:51:33,$ 3186.62,100
3770,10:51:33,$ 3186.67,100
3771,10:51:33,$ 3187.00,209
3772,10:51:33,$ 3186.165,250
3773,10:51:33,$ 3186.125,100
3774,10:51:31,$ 3185.53,100
3775,10:51:29,$ 3184.52,100
3777,10:51:21,$ 3184.07,100
3778,10:51:20,$ 3183.80,100
3779,10:51:19,$ 3184.4978,500
3780,10:51:18,$ 3184.597,104
3781,10:51:18,$ 3184.597,293
3782,10:51:17,$ 3184.00,100
3783,10:51:16,$ 3183.47,100
3784,10:51:16,$ 3183.51,100
3785,10:51:15,$ 3184.00,100
3786,10:51:15,$ 3183.96,100
3787,10:51:15,$ 3183.54,100
3788,10:51:15,$ 3183.54,100
3789,10:51:15,$ 3183.54,100
3790,10:51:15,$ 3183.49,291
3791,10:51:15,$ 3183.54,100
3792,10:51:14,$ 3183.60,100
3793,10:51:14,$ 3183.54,250
3794,10:51:14,$ 3183.54,100
3795,10:51:13,$ 3184.08,100
3796,10:51:09,$ 3184.72,100
3798,10:51:08,$ 3184.43,100
3799,10:51:08,$ 3184.00,900
3800,10:51:08,$ 3184.781,100
3801,10:51:04,$ 3184.91,100
3802,10:51:04,$ 3184.10,100
3803,10:51:04,$ 3184.09,100
3804,10:51:04,$ 3184.81,100
3805,10:51:03,$ 3185.4455,375
3806,10:51:03,$ 3184.735,100
3807,10:51:00,$ 3184.2146,120
3808,10:50:55,$ 3184.92,100
3809,10:50:52,$ 3184.485,500
3810,10:50:51,$ 3184.52,100
3811,10:50:48,$ 3185.9168,500
3812,10:50:39,$ 3185.02,100
3813,10:50:32,$ 3186.00,189
3814,10:50:31,$ 3186.00,107
3815,10:50:16,$ 3186.01,100
3816,10:50:16,$ 3186.01,100
3817,10:49:58,$ 3186.84,100
3819,10:49:56,$ 3187.055,296
3820,10:49:56,$ 3187.06,100
3821,10:49:45,$ 3187.19,100
3822,10:49:43,$ 3188.00,119
3823,10:49:43,$ 3188.00,100
3824,10:49:43,$ 3187.80,100
3825,10:49:43,$ 3187.69,100
3826,10:49:36,$ 3186.83,375
3827,10:49:36,$ 3186.32,100
3828,10:49:34,$ 3186.495,130
3829,10:49:33,$ 3185.70,100
3830,10:49:33,$ 3185.257,100
3831,10:49:33,$ 3185.257,100
3832,10:49:33,$ 3185.257,100
3833,10:49:33,$ 3185.00,100
3834,10:49:32,$ 3186.67,100
3835,10:49:28,$ 3187.00,100
3836,10:49:21,$ 3187.1413,100
3837,10:49:18,$ 3187.14,100
3838,10:49:18,$ 3187.34,100
3840,10:49:16,$ 3186.8469,127
3841,10:49:15,$ 3186.2601,100
3842,10:49:13,$ 3186.25,100
3843,10:49:05,$ 3186.17,100
3844,10:49:05,$ 3186.08,100
3845,10:49:05,$ 3185.94,100
3846,10:49:03,$ 3185.94,100
3847,10:49:03,$ 3185.94,100
3848,10:49:02,$ 3185.67,100
3849,10:49:02,$ 3185.51,100
3850,10:49:02,$ 3185.68,100
3851,10:49:02,$ 3185.23,500
3852,10:48:57,$ 3184.5042,600
3853,10:48:56,$ 3184.27,157
3854,10:48:56,$ 3185.00,100
3855,10:48:55,$ 3185.40,100
3856,10:48:54,$ 3185.01,300
3857,10:48:54,$ 3185.50,100
3858,10:48:50,$ 3185.51,100
3859,10:48:50,$ 3185.67,100
3861,10:48:49,$ 3186.21,100
3862,10:48:49,$ 3186.14,100
3863,10:48:49,$ 3186.04,100
3864,10:48:49,$ 3186.6496,500
3865,10:48:46,$ 3186.00,100
3866,10:48:44,$ 3186.435,100
3867,10:48:43,$ 3186.43,100
3868,10:48:43,$ 3186.53,100
3869,10:48:42,$ 3186.6149,100
3870,10:48:40,$ 3187.00,100
3871,10:48:40,$ 3187.06,100
3872,10:48:40,$ 3187.07,100
3873,10:48:39,$ 3187.01,500
3874,10:48:25,$ 3186.87,100
3875,10:48:24,$ 3187.00,100
3876,10:48:18,$ 3187.49,"1,000"
3877,10:48:14,$ 3188.2762,100
3878,10:48:10,$ 3188.54,100
3879,10:48:07,$ 3189.645,100
3880,10:48:06,$ 3189.76,100
3882,10:48:03,$ 3190.16,100
3883,10:47:54,$ 3189.32,200
3884,10:47:27,$ 3188.54,100
3885,10:47:27,$ 3189.03,100
