,NLS Time (ET),NLS Price,NLS Share Volume
1,09:59:53,$ 3386.07,150
2,09:59:52,$ 3385.45,100
3,09:59:52,$ 3385.47,100
4,09:59:52,$ 3385.47,100
5,09:59:52,$ 3385.47,100
6,09:59:52,$ 3386.14,100
7,09:59:43,$ 3386.10,155
8,09:59:42,$ 3385.895,100
9,09:59:41,$ 3385.00,100
10,09:59:35,$ 3384.155,100
11,09:59:21,$ 3384.14,100
12,09:59:01,$ 3383.12,100
13,09:58:55,$ 3384.6333,150
14,09:58:37,$ 3385.515,150
15,09:58:35,$ 3385.34,200
16,09:58:35,$ 3385.34,212
17,09:58:35,$ 3385.34,200
18,09:58:28,$ 3386.1676,200
19,09:58:27,$ 3384.895,200
20,09:58:25,$ 3384.38,100
22,09:58:25,$ 3383.83,100
23,09:58:25,$ 3383.83,100
24,09:58:25,$ 3384.38,200
25,09:58:24,$ 3383.8299,164
26,09:58:24,$ 3383.025,100
27,09:58:23,$ 3383.0316,150
28,09:58:19,$ 3382.54,241
29,09:58:17,$ 3380.36,100
30,09:58:16,$ 3381.12,100
31,09:58:14,$ 3381.26,100
32,09:58:14,$ 3381.25,100
33,09:58:14,$ 3381.36,100
34,09:58:13,$ 3382.29,100
35,09:58:10,$ 3380.6501,100
36,09:58:08,$ 3381.32,100
37,09:58:08,$ 3381.60,100
38,09:58:08,$ 3381.52,100
39,09:58:08,$ 3382.065,100
40,09:58:08,$ 3381.56,100
41,09:58:07,$ 3381.61,100
43,09:58:02,$ 3383.335,300
44,09:58:01,$ 3384.00,241
45,09:58:01,$ 3383.56,100
46,09:58:00,$ 3383.88,100
47,09:58:00,$ 3383.88,100
48,09:58:00,$ 3383.88,100
49,09:57:55,$ 3383.195,100
50,09:57:55,$ 3383.01,100
51,09:57:53,$ 3383.07,400
52,09:57:51,$ 3383.08,100
53,09:57:47,$ 3384.62,100
54,09:57:43,$ 3384.60,100
55,09:57:43,$ 3384.70,100
56,09:57:43,$ 3384.72,100
57,09:57:43,$ 3384.73,100
58,09:57:43,$ 3384.95,100
59,09:57:43,$ 3384.98,100
60,09:57:43,$ 3384.99,100
61,09:57:43,$ 3385.00,100
62,09:57:42,$ 3384.12,100
64,09:57:42,$ 3384.11,100
65,09:57:40,$ 3384.90,200
66,09:57:36,$ 3385.13,100
67,09:57:35,$ 3384.725,100
68,09:57:35,$ 3385.34,100
69,09:57:27,$ 3385.00,100
70,09:57:27,$ 3385.00,100
71,09:57:27,$ 3385.00,100
72,09:57:27,$ 3385.58,100
73,09:57:27,$ 3385.50,100
74,09:57:25,$ 3385.85,100
75,09:57:14,$ 3386.54,100
76,09:57:11,$ 3388.002,100
77,09:57:11,$ 3387.97,100
78,09:57:11,$ 3387.99,100
79,09:57:11,$ 3387.81,100
80,09:57:11,$ 3387.045,100
81,09:57:11,$ 3387.06,100
82,09:57:11,$ 3386.405,100
83,09:57:11,$ 3386.89,100
85,09:57:11,$ 3386.80,100
86,09:57:11,$ 3386.32,200
87,09:57:02,$ 3387.41,100
88,09:57:02,$ 3387.05,100
89,09:57:00,$ 3386.77,100
90,09:56:54,$ 3386.9567,150
91,09:56:51,$ 3387.13,100
92,09:56:50,$ 3387.30,100
93,09:56:49,$ 3387.615,800
94,09:56:48,$ 3388.09,200
95,09:56:44,$ 3387.11,100
96,09:56:43,$ 3388.10,100
97,09:56:43,$ 3388.00,158
98,09:56:31,$ 3389.08,100
99,09:56:31,$ 3389.035,100
100,09:56:30,$ 3389.26,200
101,09:56:25,$ 3389.265,100
102,09:56:25,$ 3389.24,100
103,09:56:24,$ 3389.325,100
104,09:56:24,$ 3389.315,100
106,09:56:23,$ 3390.66,100
107,09:56:20,$ 3389.345,100
108,09:56:20,$ 3390.04,100
109,09:56:17,$ 3391.00,100
110,09:56:14,$ 3390.265,100
111,09:55:56,$ 3391.97,100
112,09:55:45,$ 3390.89,100
113,09:55:42,$ 3390.10,100
114,09:55:33,$ 3392.00,100
115,09:55:33,$ 3391.51,200
116,09:55:29,$ 3391.794,100
117,09:55:29,$ 3391.00,882
118,09:55:29,$ 3391.00,100
119,09:55:29,$ 3391.1901,300
120,09:55:24,$ 3392.30,100
121,09:55:22,$ 3393.95,100
122,09:55:17,$ 3391.9662,300
123,09:55:13,$ 3392.652,100
124,09:55:12,$ 3393.4294,150
125,09:55:10,$ 3391.7089,100
127,09:55:08,$ 3391.8895,"2,000"
128,09:55:02,$ 3391.13,100
129,09:55:02,$ 3391.13,100
130,09:55:02,$ 3391.12,100
131,09:54:41,$ 3392.85,100
132,09:54:34,$ 3392.92,100
133,09:54:34,$ 3392.92,100
134,09:54:31,$ 3392.1366,129
135,09:54:30,$ 3391.786,100
136,09:54:30,$ 3391.80,100
137,09:54:30,$ 3391.80,100
138,09:54:30,$ 3391.80,100
139,09:54:24,$ 3391.6486,100
140,09:54:13,$ 3392.935,100
141,09:54:13,$ 3392.00,100
142,09:54:13,$ 3392.935,100
143,09:54:05,$ 3392.0187,120
144,09:54:03,$ 3393.39,100
145,09:54:03,$ 3393.00,167
146,09:53:45,$ 3392.00,100
148,09:53:44,$ 3392.24,100
149,09:53:36,$ 3394.20,100
150,09:53:36,$ 3393.13,100
151,09:53:28,$ 3394.4699,500
152,09:53:23,$ 3394.495,100
153,09:53:23,$ 3394.00,884
154,09:53:23,$ 3394.40,100
155,09:53:23,$ 3394.49,100
156,09:53:23,$ 3394.00,200
157,09:53:23,$ 3394.00,142
158,09:53:23,$ 3394.15,100
159,09:53:19,$ 3392.8579,100
160,09:53:14,$ 3392.81,100
161,09:53:07,$ 3392.00,120
162,09:52:59,$ 3390.00,600
163,09:52:57,$ 3390.15,100
164,09:52:57,$ 3390.05,100
165,09:52:57,$ 3390.00,100
166,09:52:57,$ 3390.33,100
167,09:52:52,$ 3391.34,100
169,09:52:50,$ 3390.23,500
170,09:52:44,$ 3390.28,300
171,09:52:38,$ 3391.1814,100
172,09:52:30,$ 3390.14,100
173,09:52:30,$ 3390.14,100
174,09:52:19,$ 3390.135,100
175,09:52:15,$ 3388.995,300
176,09:52:14,$ 3389.94,100
177,09:52:12,$ 3389.00,150
178,09:52:08,$ 3388.19,100
179,09:52:02,$ 3388.24,100
180,09:52:02,$ 3388.145,100
181,09:52:00,$ 3388.35,100
182,09:52:00,$ 3388.15,100
183,09:52:00,$ 3388.15,100
184,09:51:48,$ 3389.00,194
185,09:51:29,$ 3389.86,100
186,09:51:27,$ 3390.00,100
187,09:51:27,$ 3390.00,200
188,09:51:27,$ 3389.63,100
190,09:51:27,$ 3389.97,100
191,09:51:19,$ 3390.63,100
192,09:51:11,$ 3389.095,100
193,09:51:11,$ 3389.05,100
194,09:51:10,$ 3389.1389,500
195,09:51:03,$ 3390.00,100
196,09:50:56,$ 3391.8009,100
197,09:50:51,$ 3391.68,100
198,09:50:29,$ 3390.8101,100
199,09:50:24,$ 3390.855,100
200,09:50:24,$ 3390.82,100
201,09:50:23,$ 3392.43,216
202,09:50:19,$ 3392.00,176
203,09:50:19,$ 3392.41,100
204,09:50:13,$ 3392.6474,"1,000"
205,09:50:11,$ 3393.3701,100
206,09:50:09,$ 3394.16,100
207,09:50:07,$ 3394.625,100
208,09:50:04,$ 3394.805,100
209,09:50:04,$ 3394.365,100
211,09:50:01,$ 3395.54,100
212,09:50:01,$ 3395.66,100
213,09:50:01,$ 3395.58,100
214,09:50:01,$ 3393.67,100
215,09:50:01,$ 3394.16,100
216,09:49:55,$ 3393.73,100
217,09:49:55,$ 3394.70,100
218,09:49:55,$ 3394.68,176
219,09:49:55,$ 3395.69,260
220,09:49:55,$ 3395.67,114
221,09:49:55,$ 3395.69,237
222,09:49:54,$ 3396.02,100
223,09:49:48,$ 3396.78,100
224,09:49:46,$ 3396.78,100
225,09:49:45,$ 3396.52,100
226,09:49:38,$ 3396.058,200
227,09:49:38,$ 3396.66,196
228,09:49:38,$ 3395.9999,100
229,09:49:38,$ 3395.98,100
230,09:49:38,$ 3395.9999,100
232,09:49:38,$ 3396.00,100
233,09:49:38,$ 3396.00,100
234,09:49:38,$ 3396.00,100
235,09:49:38,$ 3396.00,100
236,09:49:38,$ 3395.945,100
237,09:49:37,$ 3395.70,100
238,09:49:35,$ 3395.66,100
239,09:49:35,$ 3395.125,100
240,09:49:35,$ 3395.56,100
241,09:49:32,$ 3395.93,100
242,09:49:32,$ 3395.93,100
243,09:49:30,$ 3395.27,100
244,09:49:29,$ 3395.92,100
245,09:49:29,$ 3395.49,100
246,09:49:28,$ 3395.61,100
247,09:49:26,$ 3395.90,100
248,09:49:26,$ 3395.90,100
249,09:49:25,$ 3394.4974,500
250,09:49:23,$ 3395.02,100
251,09:49:23,$ 3395.48,100
253,09:49:23,$ 3395.00,100
254,09:49:22,$ 3395.50,100
255,09:49:22,$ 3395.00,126
256,09:49:20,$ 3394.99,100
257,09:49:20,$ 3394.955,100
258,09:49:20,$ 3394.17,100
259,09:49:20,$ 3394.535,100
260,09:49:20,$ 3395.00,100
261,09:49:20,$ 3395.00,400
262,09:49:20,$ 3395.00,100
263,09:49:20,$ 3395.00,156
264,09:49:20,$ 3394.95,100
265,09:49:19,$ 3394.54,100
266,09:49:19,$ 3394.53,100
267,09:49:18,$ 3394.7176,311
268,09:49:17,$ 3395.00,100
269,09:49:15,$ 3394.975,100
270,09:49:14,$ 3394.24,100
271,09:49:12,$ 3393.418,100
272,09:49:10,$ 3394.03,100
274,09:49:10,$ 3392.8612,400
275,09:49:10,$ 3394.00,178
276,09:49:07,$ 3393.945,100
277,09:49:04,$ 3393.59,100
278,09:49:00,$ 3393.14,100
279,09:48:56,$ 3393.04,100
280,09:48:55,$ 3392.64,100
281,09:48:54,$ 3393.07,100
282,09:48:53,$ 3391.94,300
283,09:48:53,$ 3391.94,100
284,09:48:48,$ 3392.92,100
285,09:48:47,$ 3391.5501,100
286,09:48:43,$ 3392.94,100
287,09:48:39,$ 3392.925,100
288,09:48:38,$ 3393.00,100
289,09:48:33,$ 3392.47,100
290,09:48:32,$ 3392.195,100
291,09:48:31,$ 3392.80,100
292,09:48:31,$ 3392.50,150
293,09:48:28,$ 3392.2475,100
295,09:48:28,$ 3391.6569,100
296,09:48:27,$ 3392.09,100
297,09:48:27,$ 3392.02,100
298,09:48:24,$ 3390.80,100
299,09:48:24,$ 3391.00,211
300,09:48:24,$ 3391.00,100
301,09:48:24,$ 3390.815,100
302,09:48:20,$ 3390.78,100
303,09:48:20,$ 3390.56,100
304,09:48:17,$ 3389.43,300
305,09:48:17,$ 3389.94,200
306,09:48:17,$ 3389.48,100
307,09:48:17,$ 3389.44,100
308,09:48:17,$ 3390.015,200
309,09:48:17,$ 3389.898,290
310,09:48:08,$ 3390.139,250
311,09:48:07,$ 3390.7686,100
312,09:48:07,$ 3390.215,200
313,09:48:07,$ 3389.9699,100
314,09:48:05,$ 3388.86,100
316,09:48:05,$ 3387.94,100
317,09:48:03,$ 3386.10,100
318,09:48:01,$ 3386.55,100
319,09:48:01,$ 3386.55,100
320,09:48:01,$ 3387.00,200
321,09:47:59,$ 3385.775,100
322,09:47:59,$ 3385.94,100
323,09:47:53,$ 3385.91,141
324,09:47:52,$ 3386.59,200
325,09:47:50,$ 3386.1561,100
326,09:47:38,$ 3386.33,100
327,09:47:38,$ 3386.38,100
328,09:47:38,$ 3385.97,100
329,09:47:38,$ 3387.0001,100
330,09:47:38,$ 3387.00,100
331,09:47:30,$ 3388.89,200
332,09:47:28,$ 3388.28,100
333,09:47:26,$ 3388.29,200
334,09:47:25,$ 3388.33,100
335,09:47:24,$ 3388.87,100
337,09:47:21,$ 3388.43,100
338,09:47:19,$ 3389.125,119
339,09:47:14,$ 3390.075,300
340,09:47:11,$ 3390.53,100
341,09:47:01,$ 3390.835,100
342,09:46:54,$ 3389.84,100
343,09:46:54,$ 3389.95,200
344,09:46:48,$ 3390.39,150
345,09:46:47,$ 3389.9501,153
346,09:46:45,$ 3389.56,250
347,09:46:40,$ 3390.12,155
348,09:46:40,$ 3390.42,100
349,09:46:40,$ 3390.15,100
350,09:46:39,$ 3390.81,100
351,09:46:36,$ 3390.785,100
352,09:46:36,$ 3391.21,600
353,09:46:33,$ 3389.0882,100
354,09:46:31,$ 3390.23,100
355,09:46:20,$ 3390.59,100
356,09:46:14,$ 3390.75,100
358,09:46:14,$ 3390.7618,200
359,09:46:13,$ 3390.8008,158
360,09:46:09,$ 3390.97,100
361,09:46:09,$ 3391.00,100
362,09:46:06,$ 3391.05,100
363,09:46:06,$ 3391.065,100
364,09:46:05,$ 3391.11,100
365,09:46:04,$ 3391.535,100
366,09:46:02,$ 3392.40,200
367,09:46:02,$ 3392.00,128
368,09:46:02,$ 3392.10,100
369,09:46:01,$ 3392.93,200
370,09:46:01,$ 3393.50,100
371,09:46:00,$ 3393.29,200
372,09:45:59,$ 3393.515,100
373,09:45:59,$ 3393.515,100
374,09:45:57,$ 3393.61,100
375,09:45:55,$ 3393.495,100
376,09:45:55,$ 3393.335,100
377,09:45:55,$ 3393.38,100
379,09:45:50,$ 3393.20,100
380,09:45:50,$ 3393.17,100
381,09:45:50,$ 3393.08,100
382,09:45:50,$ 3393.11,100
383,09:45:44,$ 3392.435,100
384,09:45:44,$ 3392.455,100
385,09:45:44,$ 3392.74,100
386,09:45:42,$ 3392.5071,100
387,09:45:41,$ 3393.125,100
388,09:45:40,$ 3393.04,100
389,09:45:38,$ 3393.31,100
390,09:45:38,$ 3393.25,100
391,09:45:38,$ 3393.20,100
392,09:45:38,$ 3393.28,200
393,09:45:38,$ 3393.56,100
394,09:45:36,$ 3393.56,100
395,09:45:36,$ 3393.91,100
396,09:45:33,$ 3393.996,100
397,09:45:33,$ 3394.00,700
398,09:45:33,$ 3394.00,100
400,09:45:33,$ 3394.00,281
401,09:45:33,$ 3394.00,101
402,09:45:33,$ 3393.99,100
403,09:45:33,$ 3393.92,100
404,09:45:31,$ 3393.20,250
405,09:45:31,$ 3393.58,100
406,09:45:23,$ 3392.62,100
407,09:45:18,$ 3393.69,100
408,09:45:18,$ 3393.105,100
409,09:45:08,$ 3393.1777,100
410,09:45:07,$ 3392.95,100
411,09:45:07,$ 3392.9478,100
412,09:45:06,$ 3392.7944,100
413,09:45:06,$ 3392.945,100
414,09:45:04,$ 3392.789,200
415,09:45:04,$ 3392.80,100
416,09:45:04,$ 3392.36,100
417,09:45:04,$ 3392.38,100
418,09:45:04,$ 3392.42,100
419,09:45:03,$ 3392.095,100
421,09:45:03,$ 3392.20,100
422,09:45:03,$ 3392.09,100
423,09:45:03,$ 3391.3301,100
424,09:45:03,$ 3391.3612,100
425,09:45:02,$ 3391.50,100
426,09:45:00,$ 3390.53,100
427,09:45:00,$ 3390.67,100
428,09:44:59,$ 3390.67,150
429,09:44:59,$ 3390.67,100
430,09:44:58,$ 3390.95,100
431,09:44:58,$ 3391.01,100
432,09:44:58,$ 3390.96,137
433,09:44:57,$ 3391.9896,100
434,09:44:57,$ 3391.98,100
435,09:44:56,$ 3391.48,100
436,09:44:53,$ 3391.2429,100
437,09:44:51,$ 3391.1631,150
438,09:44:47,$ 3391.7889,100
439,09:44:42,$ 3390.99,100
440,09:44:42,$ 3390.20,100
442,09:44:41,$ 3390.50,100
443,09:44:41,$ 3390.50,100
444,09:44:40,$ 3390.50,100
445,09:44:34,$ 3391.00,100
446,09:44:34,$ 3391.00,100
447,09:44:34,$ 3390.505,100
448,09:44:32,$ 3390.8423,100
449,09:44:32,$ 3390.45,100
450,09:44:31,$ 3390.29,100
451,09:44:30,$ 3390.00,100
452,09:44:29,$ 3389.57,"1,000"
453,09:44:29,$ 3389.57,250
454,09:44:29,$ 3389.55,100
455,09:44:27,$ 3389.4815,164
456,09:44:26,$ 3389.39,400
457,09:44:26,$ 3389.385,300
458,09:44:24,$ 3389.99,200
459,09:44:22,$ 3389.175,100
460,09:44:22,$ 3389.35,100
461,09:44:22,$ 3389.18,100
463,09:44:15,$ 3388.11,100
464,09:44:14,$ 3388.48,100
465,09:44:13,$ 3387.665,100
466,09:44:13,$ 3387.665,100
467,09:44:12,$ 3388.13,190
468,09:44:12,$ 3388.12,100
469,09:44:12,$ 3388.00,100
470,09:44:12,$ 3388.98,100
471,09:44:11,$ 3388.45,100
472,09:44:08,$ 3388.538,100
473,09:44:08,$ 3388.538,400
474,09:44:08,$ 3389.34,100
475,09:44:08,$ 3389.55,100
476,09:44:08,$ 3390.76,131
477,09:44:08,$ 3390.9846,294
478,09:44:08,$ 3390.26,100
479,09:44:08,$ 3390.32,100
480,09:44:08,$ 3390.32,100
481,09:44:08,$ 3390.32,100
482,09:44:07,$ 3390.32,100
484,09:44:07,$ 3390.00,311
485,09:44:07,$ 3390.00,100
486,09:44:07,$ 3390.00,100
487,09:44:07,$ 3390.00,200
488,09:44:07,$ 3390.00,375
489,09:44:07,$ 3390.00,100
490,09:44:07,$ 3389.67,400
491,09:44:07,$ 3389.68,100
492,09:44:07,$ 3389.67,300
493,09:44:07,$ 3389.72,100
494,09:44:07,$ 3389.155,100
495,09:44:05,$ 3388.97,100
496,09:44:04,$ 3388.99,662
497,09:44:04,$ 3388.38,100
498,09:44:03,$ 3387.8799,478
499,09:43:58,$ 3387.34,100
500,09:43:56,$ 3386.15,100
501,09:43:54,$ 3387.85,100
502,09:43:53,$ 3386.115,100
503,09:43:53,$ 3386.11,500
505,09:43:50,$ 3386.4093,150
506,09:43:48,$ 3387.3132,120
507,09:43:47,$ 3384.25,"1,000"
508,09:43:47,$ 3387.7399,100
509,09:43:46,$ 3386.97,100
510,09:43:45,$ 3387.46,100
511,09:43:44,$ 3387.76,150
512,09:43:42,$ 3388.56,991
513,09:43:42,$ 3388.53,100
514,09:43:41,$ 3386.88,100
515,09:43:41,$ 3387.41,100
516,09:43:34,$ 3386.14,100
517,09:43:34,$ 3386.82,100
518,09:43:33,$ 3386.11,100
519,09:43:33,$ 3386.23,100
520,09:43:31,$ 3387.95,148
521,09:43:31,$ 3388.00,100
522,09:43:31,$ 3387.94,100
523,09:43:29,$ 3388.52,100
524,09:43:29,$ 3388.88,100
526,09:43:29,$ 3388.84,100
527,09:43:28,$ 3388.84,100
528,09:43:28,$ 3388.57,100
529,09:43:28,$ 3388.80,145
530,09:43:25,$ 3387.88,100
531,09:43:25,$ 3387.845,100
532,09:43:24,$ 3387.43,100
533,09:43:23,$ 3387.31,"1,000"
534,09:43:20,$ 3387.0761,100
535,09:43:19,$ 3386.875,100
536,09:43:18,$ 3385.99,100
537,09:43:18,$ 3385.63,100
538,09:43:18,$ 3385.63,100
539,09:43:17,$ 3385.2601,100
540,09:43:14,$ 3386.14,100
541,09:43:13,$ 3385.63,100
542,09:43:13,$ 3385.67,200
543,09:43:13,$ 3385.00,776
544,09:43:12,$ 3384.33,100
545,09:43:12,$ 3384.32,100
547,09:43:11,$ 3383.68,100
548,09:43:11,$ 3383.96,100
549,09:43:07,$ 3383.123,203
550,09:43:05,$ 3383.465,100
551,09:42:58,$ 3383.77,100
552,09:42:56,$ 3384.225,100
553,09:42:53,$ 3383.17,100
554,09:42:51,$ 3383.88,100
555,09:42:49,$ 3384.0269,100
556,09:42:47,$ 3383.995,100
557,09:42:47,$ 3384.448,100
558,09:42:46,$ 3385.00,110
559,09:42:46,$ 3385.00,145
560,09:42:46,$ 3385.00,162
561,09:42:46,$ 3384.334,100
562,09:42:46,$ 3383.87,100
563,09:42:46,$ 3383.87,100
564,09:42:46,$ 3383.87,198
565,09:42:45,$ 3382.985,100
566,09:42:44,$ 3382.747,110
568,09:42:43,$ 3382.92,100
569,09:42:43,$ 3382.92,100
570,09:42:43,$ 3382.97,100
571,09:42:42,$ 3382.96,100
572,09:42:41,$ 3383.7038,100
573,09:42:40,$ 3383.175,100
574,09:42:39,$ 3382.73,100
575,09:42:38,$ 3382.26,300
576,09:42:35,$ 3381.60,100
577,09:42:34,$ 3381.585,100
578,09:42:28,$ 3380.88,200
579,09:42:28,$ 3380.58,100
580,09:42:25,$ 3381.19,100
581,09:42:23,$ 3381.20,100
582,09:42:23,$ 3381.98,100
583,09:42:22,$ 3381.055,100
584,09:42:22,$ 3381.7948,500
585,09:42:18,$ 3380.34,100
586,09:42:16,$ 3379.25,100
587,09:42:16,$ 3379.5751,100
589,09:42:09,$ 3379.9898,100
590,09:42:08,$ 3378.585,100
591,09:42:08,$ 3378.61,100
592,09:42:08,$ 3378.155,100
593,09:42:08,$ 3378.51,100
594,09:42:02,$ 3376.575,100
595,09:41:50,$ 3376.935,100
596,09:41:49,$ 3376.57,100
597,09:41:48,$ 3375.82,100
598,09:41:29,$ 3374.75,100
599,09:41:26,$ 3374.72,100
600,09:41:26,$ 3374.70,100
601,09:41:26,$ 3375.00,100
602,09:41:26,$ 3375.00,100
603,09:41:26,$ 3375.00,100
604,09:41:07,$ 3373.33,100
605,09:41:06,$ 3373.76,100
606,09:41:01,$ 3374.01,100
607,09:41:00,$ 3373.46,100
608,09:41:00,$ 3372.7189,175
610,09:40:59,$ 3372.01,170
611,09:40:59,$ 3372.735,100
612,09:40:58,$ 3372.08,100
613,09:40:54,$ 3373.00,114
614,09:40:54,$ 3373.65,100
615,09:40:54,$ 3373.65,100
616,09:40:51,$ 3374.50,100
617,09:40:51,$ 3374.50,100
618,09:40:46,$ 3374.50,100
619,09:40:42,$ 3374.02,100
620,09:40:42,$ 3374.02,100
621,09:40:36,$ 3374.80,100
622,09:40:36,$ 3374.84,100
623,09:40:30,$ 3375.8015,225
624,09:40:27,$ 3375.235,100
625,09:40:24,$ 3374.62,100
626,09:40:22,$ 3375.62,100
627,09:40:22,$ 3375.00,100
628,09:40:22,$ 3375.00,100
629,09:40:22,$ 3375.00,112
631,09:40:12,$ 3372.9723,200
632,09:40:10,$ 3373.625,100
633,09:40:09,$ 3374.0321,100
634,09:40:09,$ 3373.6866,145
635,09:40:09,$ 3374.545,100
636,09:40:09,$ 3374.44,100
637,09:40:08,$ 3372.69,100
638,09:40:08,$ 3372.75,100
639,09:40:08,$ 3373.98,300
640,09:40:08,$ 3373.90,300
641,09:40:06,$ 3373.26,100
642,09:40:06,$ 3373.26,100
643,09:40:05,$ 3372.32,100
644,09:40:05,$ 3372.32,100
645,09:40:05,$ 3372.88,100
646,09:39:59,$ 3373.91,127
647,09:39:58,$ 3374.74,100
648,09:39:46,$ 3373.28,100
649,09:39:46,$ 3374.07,100
650,09:39:45,$ 3373.99,100
652,09:39:45,$ 3373.51,100
653,09:39:45,$ 3373.15,100
654,09:39:45,$ 3373.145,100
655,09:39:45,$ 3373.76,100
656,09:39:35,$ 3373.08,100
657,09:39:33,$ 3373.75,200
658,09:39:33,$ 3373.045,100
659,09:39:33,$ 3373.07,100
660,09:39:29,$ 3373.07,200
661,09:39:26,$ 3372.525,100
662,09:39:24,$ 3371.83,100
663,09:39:24,$ 3372.32,100
664,09:39:24,$ 3372.045,100
665,09:39:11,$ 3374.09,100
666,09:39:09,$ 3373.995,100
667,09:39:08,$ 3374.48,100
668,09:39:08,$ 3374.48,100
669,09:39:08,$ 3374.48,100
670,09:39:08,$ 3374.23,100
671,09:39:08,$ 3374.23,100
673,09:39:06,$ 3374.025,100
674,09:39:04,$ 3374.33,100
675,09:39:04,$ 3374.42,100
676,09:39:00,$ 3375.9936,100
677,09:39:00,$ 3376.00,100
678,09:39:00,$ 3376.00,104
679,09:39:00,$ 3376.00,100
680,09:39:00,$ 3376.00,100
681,09:39:00,$ 3376.00,113
682,09:39:00,$ 3375.71,100
683,09:38:59,$ 3374.705,100
684,09:38:55,$ 3375.06,100
685,09:38:53,$ 3374.00,100
686,09:38:53,$ 3374.09,100
687,09:38:53,$ 3374.00,704
688,09:38:52,$ 3374.00,100
689,09:38:52,$ 3374.00,100
690,09:38:51,$ 3374.67,100
691,09:38:50,$ 3374.5048,700
692,09:38:48,$ 3374.71,100
694,09:38:48,$ 3374.50,100
695,09:38:48,$ 3375.00,100
696,09:38:46,$ 3374.50,100
697,09:38:45,$ 3374.205,100
698,09:38:41,$ 3373.64,100
699,09:38:41,$ 3374.81,100
700,09:38:41,$ 3374.895,100
701,09:38:41,$ 3373.64,100
702,09:38:40,$ 3373.5575,100
703,09:38:40,$ 3373.60,100
704,09:38:40,$ 3373.465,100
705,09:38:39,$ 3374.10,100
706,09:38:36,$ 3373.71,100
707,09:38:36,$ 3373.71,100
708,09:38:32,$ 3372.5925,100
709,09:38:27,$ 3372.05,100
710,09:38:25,$ 3373.37,100
711,09:38:21,$ 3373.175,100
712,09:38:19,$ 3371.28,100
713,09:38:18,$ 3372.00,100
715,09:38:18,$ 3371.88,100
716,09:38:18,$ 3371.28,200
717,09:38:18,$ 3370.18,100
718,09:38:17,$ 3370.6794,750
719,09:38:13,$ 3370.63,100
720,09:38:10,$ 3369.5001,400
721,09:38:07,$ 3369.97,100
722,09:38:06,$ 3369.92,100
723,09:38:06,$ 3369.93,100
724,09:38:06,$ 3369.94,100
725,09:38:06,$ 3369.74,100
726,09:38:06,$ 3369.85,100
727,09:38:01,$ 3368.61,100
728,09:37:51,$ 3368.5501,400
729,09:37:49,$ 3368.54,100
730,09:37:48,$ 3370.4391,500
731,09:37:45,$ 3369.555,400
732,09:37:45,$ 3369.6275,100
733,09:37:45,$ 3369.56,100
734,09:37:44,$ 3369.255,100
736,09:37:43,$ 3369.255,100
737,09:37:43,$ 3368.54,213
738,09:37:43,$ 3369.80,100
739,09:37:43,$ 3369.64,100
740,09:37:43,$ 3369.70,100
741,09:37:43,$ 3369.80,100
742,09:37:43,$ 3369.93,100
743,09:37:41,$ 3369.26,100
744,09:37:39,$ 3371.18,100
745,09:37:36,$ 3371.17,100
746,09:37:34,$ 3370.3301,400
747,09:37:31,$ 3372.00,"1,000"
748,09:37:30,$ 3370.8671,250
749,09:37:29,$ 3369.93,100
750,09:37:29,$ 3370.00,701
751,09:37:29,$ 3370.00,199
752,09:37:29,$ 3368.65,100
753,09:37:28,$ 3368.53,100
754,09:37:27,$ 3367.2736,100
755,09:37:21,$ 3367.07,100
757,09:37:21,$ 3367.07,100
758,09:37:20,$ 3367.115,100
759,09:37:13,$ 3367.70,100
760,09:37:12,$ 3367.6899,100
761,09:37:11,$ 3367.69,"1,000"
762,09:37:10,$ 3366.88,100
763,09:37:02,$ 3367.34,100
764,09:37:02,$ 3367.00,100
765,09:37:01,$ 3368.465,100
766,09:36:59,$ 3369.21,100
767,09:36:59,$ 3369.16,100
768,09:36:59,$ 3369.07,100
769,09:36:59,$ 3369.00,131
770,09:36:59,$ 3369.00,100
771,09:36:51,$ 3372.495,250
772,09:36:45,$ 3372.80,100
773,09:36:42,$ 3372.80,191
774,09:36:42,$ 3372.80,100
775,09:36:33,$ 3372.89,200
776,09:36:26,$ 3373.47,100
778,09:36:26,$ 3373.00,100
779,09:36:20,$ 3372.47,100
780,09:36:20,$ 3372.23,100
781,09:36:15,$ 3371.68,100
782,09:36:08,$ 3372.52,100
783,09:36:07,$ 3373.06,100
784,09:36:06,$ 3374.24,100
785,09:36:06,$ 3373.90,100
786,09:36:06,$ 3374.17,100
787,09:36:02,$ 3375.12,100
788,09:36:02,$ 3375.00,100
789,09:36:02,$ 3375.05,100
790,09:35:59,$ 3375.00,100
791,09:35:59,$ 3375.04,100
792,09:35:59,$ 3375.07,100
793,09:35:57,$ 3374.39,100
794,09:35:57,$ 3374.39,100
795,09:35:57,$ 3374.39,100
796,09:35:53,$ 3375.00,100
797,09:35:53,$ 3374.97,100
799,09:35:48,$ 3373.3201,100
800,09:35:45,$ 3374.305,100
801,09:35:43,$ 3374.322,100
802,09:35:39,$ 3376.05,100
803,09:35:39,$ 3376.00,190
804,09:35:39,$ 3376.00,100
805,09:35:39,$ 3376.05,100
806,09:35:34,$ 3375.34,100
807,09:35:31,$ 3376.3799,100
808,09:35:27,$ 3376.62,250
809,09:35:27,$ 3376.79,100
810,09:35:27,$ 3377.0297,100
811,09:35:25,$ 3378.00,150
812,09:35:24,$ 3377.76,100
813,09:35:24,$ 3376.9856,300
814,09:35:19,$ 3376.86,100
815,09:35:19,$ 3377.405,100
816,09:35:19,$ 3377.405,100
817,09:35:19,$ 3377.405,200
818,09:35:17,$ 3376.86,700
820,09:35:17,$ 3376.57,119
821,09:35:15,$ 3377.40,100
822,09:35:14,$ 3375.00,156
823,09:35:13,$ 3374.92,100
824,09:35:12,$ 3373.97,100
825,09:35:12,$ 3373.83,100
826,09:35:11,$ 3373.84,100
827,09:35:11,$ 3372.98,300
828,09:35:05,$ 3372.65,100
829,09:35:04,$ 3373.34,100
830,09:35:03,$ 3373.81,100
831,09:35:02,$ 3372.97,100
832,09:35:02,$ 3373.11,100
833,09:35:00,$ 3373.33,100
834,09:35:00,$ 3372.23,100
835,09:34:59,$ 3371.375,500
836,09:34:59,$ 3371.38,100
837,09:34:59,$ 3371.92,100
838,09:34:59,$ 3371.865,100
839,09:34:58,$ 3370.58,100
841,09:34:55,$ 3370.03,100
842,09:34:46,$ 3368.51,100
843,09:34:46,$ 3368.57,100
844,09:34:46,$ 3368.30,100
845,09:34:39,$ 3367.73,100
846,09:34:36,$ 3367.00,100
847,09:34:36,$ 3367.45,200
848,09:34:36,$ 3367.53,100
849,09:34:35,$ 3369.07,100
850,09:34:35,$ 3369.12,100
851,09:34:35,$ 3369.07,100
852,09:34:35,$ 3369.075,100
853,09:34:34,$ 3369.10,100
854,09:34:33,$ 3368.115,100
855,09:34:30,$ 3368.50,100
856,09:34:27,$ 3369.07,100
857,09:34:25,$ 3368.56,100
858,09:34:25,$ 3368.52,100
859,09:34:25,$ 3368.52,100
860,09:34:25,$ 3368.68,100
862,09:34:25,$ 3369.00,185
863,09:34:25,$ 3369.00,100
864,09:34:25,$ 3369.00,100
865,09:34:25,$ 3369.00,100
866,09:34:25,$ 3369.00,100
867,09:34:24,$ 3368.52,100
868,09:34:24,$ 3368.52,700
869,09:34:18,$ 3368.35,100
870,09:34:08,$ 3369.04,100
871,09:34:05,$ 3368.94,100
872,09:34:05,$ 3368.94,100
873,09:34:02,$ 3369.26,100
874,09:34:02,$ 3369.26,100
875,09:34:02,$ 3369.26,100
876,09:34:01,$ 3369.4292,385
877,09:34:01,$ 3369.60,100
878,09:34:01,$ 3369.60,100
879,09:33:58,$ 3368.2438,100
880,09:33:57,$ 3368.94,200
881,09:33:55,$ 3370.51,243
883,09:33:54,$ 3370.20,200
884,09:33:53,$ 3370.37,200
885,09:33:52,$ 3370.74,500
886,09:33:48,$ 3371.00,200
887,09:33:48,$ 3371.00,300
888,09:33:48,$ 3371.2101,100
889,09:33:42,$ 3372.00,100
890,09:33:30,$ 3372.00,165
891,09:33:28,$ 3371.84,100
892,09:33:26,$ 3371.00,100
893,09:33:26,$ 3371.45,100
894,09:33:26,$ 3371.45,100
895,09:33:11,$ 3372.4138,250
896,09:33:04,$ 3371.91,100
897,09:33:04,$ 3372.55,100
898,09:33:01,$ 3371.8798,100
899,09:32:58,$ 3371.85,100
900,09:32:57,$ 3371.76,250
901,09:32:57,$ 3372.38,100
902,09:32:57,$ 3372.37,100
904,09:32:48,$ 3374.145,100
905,09:32:46,$ 3371.82,500
906,09:32:46,$ 3373.44,150
907,09:32:46,$ 3371.8101,200
908,09:32:44,$ 3371.77,100
909,09:32:44,$ 3372.09,100
910,09:32:44,$ 3374.06,100
911,09:32:43,$ 3374.065,100
912,09:32:40,$ 3371.955,100
913,09:32:39,$ 3371.84,100
914,09:32:39,$ 3370.795,200
915,09:32:35,$ 3371.13,100
916,09:32:35,$ 3371.1699,100
917,09:32:35,$ 3371.17,377
918,09:32:30,$ 3371.505,100
919,09:32:30,$ 3371.505,200
920,09:32:30,$ 3371.71,100
921,09:32:29,$ 3371.77,100
922,09:32:29,$ 3371.915,100
923,09:32:29,$ 3372.41,"1,700"
925,09:32:29,$ 3371.715,100
926,09:32:29,$ 3371.715,150
927,09:32:29,$ 3371.77,100
928,09:32:29,$ 3371.56,100
929,09:32:27,$ 3371.8031,100
930,09:32:21,$ 3373.2926,265
931,09:32:19,$ 3372.53,250
932,09:32:10,$ 3372.75,100
933,09:32:10,$ 3372.49,100
934,09:32:10,$ 3372.50,100
935,09:32:10,$ 3372.61,100
936,09:32:10,$ 3372.66,100
937,09:32:10,$ 3372.71,100
938,09:32:10,$ 3372.76,100
939,09:32:09,$ 3372.11,100
940,09:32:09,$ 3371.08,100
941,09:32:09,$ 3371.11,100
942,09:32:08,$ 3372.0999,300
943,09:32:07,$ 3372.11,250
944,09:32:07,$ 3371.13,100
946,09:32:06,$ 3372.12,200
947,09:32:06,$ 3373.00,200
948,09:32:06,$ 3373.22,100
949,09:32:02,$ 3373.55,134
950,09:32:01,$ 3374.07,100
951,09:32:01,$ 3374.00,100
952,09:32:01,$ 3374.00,100
953,09:32:01,$ 3374.00,100
954,09:32:00,$ 3374.31,100
955,09:32:00,$ 3374.526,100
956,09:32:00,$ 3374.32,100
957,09:32:00,$ 3374.31,100
958,09:32:00,$ 3374.375,100
959,09:32:00,$ 3374.63,100
960,09:31:57,$ 3374.31,100
961,09:31:57,$ 3375.0977,500
962,09:31:55,$ 3374.2101,100
963,09:31:54,$ 3375.325,100
964,09:31:53,$ 3375.45,800
965,09:31:52,$ 3376.57,100
967,09:31:51,$ 3374.93,100
968,09:31:51,$ 3374.95,100
969,09:31:51,$ 3375.15,100
970,09:31:51,$ 3374.93,100
971,09:31:51,$ 3374.97,100
972,09:31:51,$ 3374.98,100
973,09:31:51,$ 3374.98,100
974,09:31:51,$ 3374.98,100
975,09:31:51,$ 3374.98,100
976,09:31:51,$ 3374.98,100
977,09:31:51,$ 3374.99,100
978,09:31:51,$ 3375.00,130
979,09:31:48,$ 3373.82,100
980,09:31:48,$ 3373.82,100
981,09:31:45,$ 3373.86,100
982,09:31:43,$ 3374.295,100
983,09:31:43,$ 3373.55,100
984,09:31:40,$ 3374.345,100
985,09:31:38,$ 3374.52,100
986,09:31:38,$ 3374.57,100
988,09:31:38,$ 3374.57,100
989,09:31:38,$ 3374.57,100
990,09:31:38,$ 3374.58,100
991,09:31:37,$ 3373.00,100
992,09:31:37,$ 3374.59,100
993,09:31:37,$ 3374.60,100
994,09:31:36,$ 3374.59,"1,000"
995,09:31:35,$ 3373.89,100
996,09:31:35,$ 3373.83,100
997,09:31:34,$ 3375.2217,150
998,09:31:31,$ 3374.755,160
999,09:31:30,$ 3373.82,100
1000,09:31:30,$ 3373.885,100
1001,09:31:30,$ 3372.80,105
1002,09:31:30,$ 3373.55,100
1003,09:31:26,$ 3372.98,100
1004,09:31:19,$ 3373.11,100
1005,09:31:08,$ 3375.06,100
1006,09:31:06,$ 3374.93,300
1007,09:31:02,$ 3374.68,100
1009,09:31:02,$ 3374.59,100
1010,09:31:00,$ 3374.495,100
1011,09:31:00,$ 3372.80,100
1012,09:31:00,$ 3373.50,100
1013,09:31:00,$ 3374.6425,100
1014,09:31:00,$ 3373.82,100
1015,09:30:56,$ 3373.19,100
1016,09:30:55,$ 3375.19,200
1017,09:30:55,$ 3375.19,200
1018,09:30:52,$ 3375.00,100
1019,09:30:52,$ 3375.005,100
1020,09:30:52,$ 3375.0038,300
1021,09:30:48,$ 3375.695,400
1022,09:30:47,$ 3375.25,100
1023,09:30:47,$ 3375.11,100
1024,09:30:42,$ 3375.005,100
1025,09:30:42,$ 3376.68,100
1026,09:30:36,$ 3378.625,100
1027,09:30:36,$ 3378.25,100
1028,09:30:36,$ 3378.25,100
1030,09:30:32,$ 3380.615,"1,300"
1031,09:30:32,$ 3380.615,300
1032,09:30:24,$ 3380.59,100
1033,09:30:23,$ 3379.32,134
1034,09:30:21,$ 3379.41,100
1035,09:30:21,$ 3379.675,100
1036,09:30:18,$ 3379.73,"2,000"
1037,09:30:18,$ 3377.65,100
1038,09:30:18,$ 3377.65,100
1039,09:30:16,$ 3379.72,100
1040,09:30:16,$ 3380.40,100
1041,09:30:16,$ 3380.64,100
1042,09:30:16,$ 3380.52,100
1043,09:30:16,$ 3380.12,100
1044,09:30:16,$ 3380.20,100
1045,09:30:16,$ 3380.28,100
1046,09:30:16,$ 3380.42,189
1047,09:30:16,$ 3380.42,100
1048,09:30:16,$ 3381.155,100
1049,09:30:16,$ 3381.785,100
1051,09:30:15,$ 3381.22,100
1052,09:30:15,$ 3381.825,200
1053,09:30:11,$ 3380.56,100
1054,09:30:11,$ 3380.99,200
1055,09:30:10,$ 3381.86,100
1056,09:30:10,$ 3381.86,100
1057,09:30:10,$ 3381.86,100
1058,09:30:10,$ 3383.2025,100
1059,09:30:06,$ 3382.71,100
1060,09:30:05,$ 3383.00,100
1061,09:30:05,$ 3382.96,100
1062,09:30:05,$ 3383.52,100
1063,09:30:05,$ 3383.42,100
1064,09:30:05,$ 3383.80,100
1065,09:30:05,$ 3383.88,100
1066,09:30:05,$ 3383.88,100
1067,09:30:05,$ 3383.88,100
1068,09:30:03,$ 3383.00,100
1069,09:30:02,$ 3383.87,1
1070,09:30:02,$ 3383.87,10
1072,09:30:02,$ 3383.87,1
1073,09:30:02,$ 3383.87,1
1074,09:30:02,$ 3383.87,5
1075,09:30:02,$ 3383.87,2
1076,09:30:02,$ 3383.87,1
1077,09:30:02,$ 3383.87,1
1078,09:30:02,$ 3383.87,1
1079,09:30:02,$ 3383.87,1
1080,09:30:02,$ 3383.87,1
1081,09:30:02,$ 3383.87,1
1082,09:30:02,$ 3383.87,1
1083,09:30:02,$ 3383.87,8
1084,09:30:02,$ 3383.87,21
1085,09:30:02,$ 3383.87,5
1086,09:30:02,$ 3383.87,25
1087,09:30:02,$ 3383.87,2
1088,09:30:02,$ 3383.87,1
1089,09:30:02,$ 3383.87,940
1090,09:30:02,$ 3383.87,5
1091,09:30:02,$ 3383.87,1
1093,09:30:02,$ 3383.87,8
1094,09:30:02,$ 3383.87,3
1095,09:30:02,$ 3383.87,10
1096,09:30:02,$ 3383.87,1
1097,09:30:02,$ 3383.87,1
1098,09:30:02,$ 3383.87,2
1099,09:30:02,$ 3383.87,20
1100,09:30:02,$ 3383.87,4
1101,09:30:02,$ 3383.87,7
1102,09:30:02,$ 3383.87,2
1103,09:30:02,$ 3383.87,1
1104,09:30:02,$ 3383.87,1
1105,09:30:02,$ 3383.87,2
1106,09:30:02,$ 3383.87,1
1107,09:30:02,$ 3383.87,5
1108,09:30:02,$ 3383.87,2
1109,09:30:02,$ 3383.87,1
1110,09:30:02,$ 3383.87,1
1111,09:30:02,$ 3383.87,4
1112,09:30:02,$ 3383.87,4
1114,09:30:02,$ 3383.87,4
1115,09:30:02,$ 3383.87,10
1116,09:30:02,$ 3383.87,1
1117,09:30:02,$ 3383.87,5
1118,09:30:02,$ 3383.87,2
1119,09:30:02,$ 3383.87,4
1120,09:30:02,$ 3383.87,12
1121,09:30:02,$ 3383.87,6
1122,09:30:02,$ 3383.87,2
1123,09:30:02,$ 3383.87,20
1124,09:30:02,$ 3383.87,1
1125,09:30:02,$ 3383.87,7
1126,09:30:02,$ 3383.87,3
1127,09:30:02,$ 3383.87,191
1128,09:30:02,$ 3383.87,100
1129,09:30:02,$ 3383.87,3
1130,09:30:02,$ 3383.87,1
1131,09:30:02,$ 3383.87,1
1132,09:30:02,$ 3383.87,2
1133,09:30:02,$ 3383.87,1
1135,09:30:02,$ 3383.87,2
1136,09:30:02,$ 3383.87,2
1137,09:30:02,$ 3383.87,5
1138,09:30:02,$ 3383.87,4
1139,09:30:02,$ 3383.87,2
1140,09:30:02,$ 3383.87,1
1141,09:30:02,$ 3383.87,5
1142,09:30:02,$ 3383.87,1
1143,09:30:02,$ 3383.87,4
1144,09:30:02,$ 3383.87,1
1145,09:30:02,$ 3383.87,1
1146,09:30:02,$ 3383.87,5
1147,09:30:02,$ 3383.87,1
1148,09:30:02,$ 3383.87,5
1149,09:30:02,$ 3383.87,1
1150,09:30:02,$ 3383.87,2
1151,09:30:02,$ 3383.87,1
1152,09:30:02,$ 3383.87,2
1153,09:30:02,$ 3383.87,1
1154,09:30:02,$ 3383.87,4
1156,09:30:02,$ 3383.87,1
1157,09:30:02,$ 3383.87,1
1158,09:30:02,$ 3383.87,1
1159,09:30:02,$ 3383.87,10
1160,09:30:02,$ 3383.87,2
1161,09:30:02,$ 3383.87,6
1162,09:30:02,$ 3383.87,3
1163,09:30:02,$ 3383.87,1
1164,09:30:02,$ 3383.87,5
1165,09:30:02,$ 3383.87,3
1166,09:30:02,$ 3383.87,1
1167,09:30:02,$ 3383.87,1
1168,09:30:02,$ 3383.87,1
1169,09:30:02,$ 3383.87,1
1170,09:30:02,$ 3383.87,1
1171,09:30:02,$ 3383.87,1
1172,09:30:02,$ 3383.87,2
1173,09:30:02,$ 3383.87,2
1174,09:30:02,$ 3383.87,3
1175,09:30:02,$ 3383.87,5
1177,09:30:02,$ 3383.87,20
1178,09:30:02,$ 3383.87,1
1179,09:30:02,$ 3383.87,5
1180,09:30:02,$ 3383.87,7
1181,09:30:02,$ 3383.87,1
1182,09:30:02,$ 3383.87,1
1183,09:30:02,$ 3383.87,10
1184,09:30:02,$ 3383.87,10
1185,09:30:02,$ 3383.87,9
1186,09:30:02,$ 3383.87,1
1187,09:30:02,$ 3383.87,9
1188,09:30:02,$ 3383.87,1
1189,09:30:02,$ 3383.87,3
1190,09:30:02,$ 3383.87,4
1191,09:30:02,$ 3383.87,60
1192,09:30:02,$ 3383.87,1
1193,09:30:02,$ 3383.87,18
1194,09:30:02,$ 3383.87,1
1195,09:30:02,$ 3383.87,1
1196,09:30:02,$ 3383.87,1
1198,09:30:02,$ 3383.87,2
1199,09:30:02,$ 3383.87,1
1200,09:30:02,$ 3383.87,1
1201,09:30:02,$ 3383.87,2
1202,09:30:02,$ 3383.87,4
1203,09:30:02,$ 3383.87,9
1204,09:30:02,$ 3383.87,5
1205,09:30:02,$ 3383.87,29
1206,09:30:02,$ 3383.87,4
1207,09:30:02,$ 3383.87,5
1208,09:30:02,$ 3383.87,1
1209,09:30:02,$ 3383.87,1
1210,09:30:02,$ 3383.87,3
1211,09:30:02,$ 3383.87,1
1212,09:30:02,$ 3383.87,1
1213,09:30:02,$ 3383.87,2
1214,09:30:02,$ 3383.87,2
1215,09:30:02,$ 3383.87,1
1216,09:30:02,$ 3383.87,5
1217,09:30:02,$ 3383.87,2
1219,09:30:02,$ 3383.87,10
1220,09:30:02,$ 3383.87,30
1221,09:30:02,$ 3383.87,1
1222,09:30:02,$ 3383.87,10
1223,09:30:02,$ 3383.87,2
1224,09:30:02,$ 3383.87,1
1225,09:30:02,$ 3383.87,1
1226,09:30:02,$ 3383.87,5
1227,09:30:02,$ 3383.87,4
1228,09:30:02,$ 3383.87,4
1229,09:30:02,$ 3383.87,1
1230,09:30:02,$ 3383.87,1
1231,09:30:02,$ 3383.87,2
1232,09:30:02,$ 3383.87,3
1233,09:30:02,$ 3383.87,2
1234,09:30:02,$ 3383.87,3
1235,09:30:02,$ 3383.87,1
1236,09:30:02,$ 3383.87,1
1237,09:30:02,$ 3383.87,3
1238,09:30:02,$ 3383.87,6
1240,09:30:02,$ 3383.87,2
1241,09:30:02,$ 3383.87,5
1242,09:30:02,$ 3383.87,5
1243,09:30:02,$ 3383.87,2
1244,09:30:02,$ 3383.87,3
1245,09:30:02,$ 3383.87,3
1246,09:30:02,$ 3383.87,2
1247,09:30:02,$ 3383.87,27
1248,09:30:02,$ 3383.87,1
1249,09:30:02,$ 3383.87,1
1250,09:30:02,$ 3383.87,2
1251,09:30:02,$ 3383.87,1
1252,09:30:02,$ 3383.87,1
1253,09:30:02,$ 3383.87,1
1254,09:30:02,$ 3383.87,11
1255,09:30:02,$ 3383.87,3
1256,09:30:02,$ 3383.87,5
1257,09:30:02,$ 3383.87,10
1258,09:30:02,$ 3383.87,8
1259,09:30:02,$ 3383.87,5
1261,09:30:02,$ 3383.87,14
1262,09:30:02,$ 3383.87,1
1263,09:30:02,$ 3383.87,1
1264,09:30:02,$ 3383.87,1
1265,09:30:02,$ 3383.87,1
1266,09:30:02,$ 3383.87,14
1267,09:30:02,$ 3383.87,5
1268,09:30:02,$ 3383.87,1
1269,09:30:02,$ 3383.87,2
1270,09:30:02,$ 3383.87,1
1271,09:30:02,$ 3383.87,11
1272,09:30:02,$ 3383.87,7
1273,09:30:02,$ 3383.87,7
1274,09:30:02,$ 3383.87,55
1275,09:30:02,$ 3383.87,4
1276,09:30:02,$ 3383.87,6
1277,09:30:02,$ 3383.87,14
1278,09:30:02,$ 3383.87,18
1279,09:30:02,$ 3383.87,20
1280,09:30:02,$ 3383.87,8
1282,09:30:02,$ 3383.87,2
1283,09:30:02,$ 3383.87,1
1284,09:30:02,$ 3383.87,1
1285,09:30:02,$ 3383.87,2
1286,09:30:02,$ 3383.87,2
1287,09:30:02,$ 3383.87,3
1288,09:30:02,$ 3383.87,3
1289,09:30:02,$ 3383.87,4
1290,09:30:02,$ 3383.87,1
1291,09:30:02,$ 3383.87,1
1292,09:30:02,$ 3383.87,1
1293,09:30:02,$ 3383.87,10
1294,09:30:02,$ 3383.87,1
1295,09:30:02,$ 3383.87,2
1296,09:30:02,$ 3383.87,4
1297,09:30:02,$ 3383.87,2
1298,09:30:02,$ 3383.87,500
1299,09:30:02,$ 3383.87,1
1300,09:30:02,$ 3383.87,1
1301,09:30:02,$ 3383.87,1
1303,09:30:02,$ 3383.87,1
1304,09:30:02,$ 3383.87,1
1305,09:30:02,$ 3383.87,12
1306,09:30:02,$ 3383.87,1
1307,09:30:02,$ 3383.87,1
1308,09:30:02,$ 3383.87,1
1309,09:30:02,$ 3383.87,3
1310,09:30:02,$ 3383.87,2
1311,09:30:02,$ 3383.87,1
1312,09:30:02,$ 3383.87,27
1313,09:30:02,$ 3383.87,3
1314,09:30:02,$ 3383.87,1
1315,09:30:02,$ 3383.87,2
1316,09:30:02,$ 3383.87,1
1317,09:30:02,$ 3383.87,1
1318,09:30:02,$ 3383.87,10
1319,09:30:02,$ 3383.87,1
1320,09:30:02,$ 3383.87,2
1321,09:30:02,$ 3383.87,1
1322,09:30:02,$ 3383.87,1
1324,09:30:02,$ 3383.87,3
1325,09:30:02,$ 3383.87,2
1326,09:30:02,$ 3383.87,3
1327,09:30:02,$ 3383.87,2
1328,09:30:02,$ 3383.87,8
1329,09:30:02,$ 3383.87,5
1330,09:30:02,$ 3383.87,5
1331,09:30:02,$ 3383.87,799
1332,09:30:02,$ 3383.87,1
1333,09:30:02,$ 3383.87,2
1334,09:30:02,$ 3383.87,3
1335,09:30:02,$ 3383.87,1
1336,09:30:02,$ 3383.87,7
1337,09:30:02,$ 3383.87,5
1338,09:30:02,$ 3383.87,1
1339,09:30:02,$ 3383.87,1
1340,09:30:02,$ 3383.87,2
1341,09:30:02,$ 3383.87,1
1342,09:30:02,$ 3383.87,2
1343,09:30:02,$ 3383.87,1
1345,09:30:02,$ 3383.87,1
1346,09:30:02,$ 3383.87,10
1347,09:30:02,$ 3383.87,1
1348,09:30:02,$ 3383.87,3
1349,09:30:02,$ 3383.87,5
1350,09:30:02,$ 3383.87,1
1351,09:30:02,$ 3383.87,2
1352,09:30:02,$ 3383.87,1
1353,09:30:02,$ 3383.87,5
1354,09:30:02,$ 3383.87,3
1355,09:30:02,$ 3383.87,1
1356,09:30:02,$ 3383.87,1
1357,09:30:02,$ 3383.87,50
1358,09:30:02,$ 3383.87,1
1359,09:30:02,$ 3383.87,4
1360,09:30:02,$ 3383.87,2
1361,09:30:02,$ 3383.87,2
1362,09:30:02,$ 3383.87,1
1363,09:30:02,$ 3383.87,4
1364,09:30:02,$ 3383.87,1
1366,09:30:02,$ 3383.87,10
1367,09:30:02,$ 3383.87,2
1368,09:30:02,$ 3383.87,1
1369,09:30:02,$ 3383.87,2
1370,09:30:02,$ 3383.87,10
1371,09:30:02,$ 3383.87,2
1372,09:30:02,$ 3383.87,5
1373,09:30:02,$ 3383.87,20
1374,09:30:02,$ 3383.87,10
1375,09:30:02,$ 3383.87,15
1376,09:30:02,$ 3383.87,10
1377,09:30:02,$ 3383.87,5
1378,09:30:02,$ 3383.87,1
1379,09:30:02,$ 3383.87,15
1380,09:30:02,$ 3383.87,3
1381,09:30:02,$ 3383.87,25
1382,09:30:02,$ 3383.87,25
1383,09:30:02,$ 3383.87,1
1384,09:30:02,$ 3383.87,1
1385,09:30:02,$ 3383.87,3
1387,09:30:02,$ 3383.87,18
1388,09:30:02,$ 3383.87,1
1389,09:30:02,$ 3383.87,20
1390,09:30:02,$ 3383.87,2
1391,09:30:02,$ 3383.87,1
1392,09:30:02,$ 3383.87,3
1393,09:30:02,$ 3383.87,5
1394,09:30:02,$ 3383.87,3
1395,09:30:02,$ 3383.87,1
1396,09:30:02,$ 3383.87,2
1397,09:30:02,$ 3383.87,1
1398,09:30:02,$ 3383.87,1
1399,09:30:02,$ 3383.87,4
1400,09:30:02,$ 3383.87,4
1401,09:30:02,$ 3383.87,2
1402,09:30:02,$ 3383.87,19
1403,09:30:02,$ 3383.87,3
1404,09:30:02,$ 3383.87,510
1405,09:30:02,$ 3383.87,15
1406,09:30:02,$ 3383.87,1
1408,09:30:02,$ 3383.87,15
1409,09:30:02,$ 3383.87,3
1410,09:30:02,$ 3383.87,2
1411,09:30:02,$ 3383.87,21
1412,09:30:02,$ 3383.87,190
1413,09:30:02,$ 3383.87,30
1414,09:30:02,$ 3383.87,61
1415,09:30:02,$ 3383.87,3
1416,09:30:02,$ 3383.87,1
1417,09:30:02,$ 3383.87,2
1418,09:30:02,$ 3383.87,1
1419,09:30:02,$ 3383.87,1
1420,09:30:02,$ 3383.87,3
1421,09:30:02,$ 3383.87,1
1422,09:30:02,$ 3383.87,5
1423,09:30:02,$ 3383.87,50
1424,09:30:02,$ 3383.87,11
1425,09:30:02,$ 3383.87,7
1426,09:30:02,$ 3383.87,1
1427,09:30:02,$ 3383.87,1
1429,09:30:02,$ 3383.87,10
1430,09:30:02,$ 3383.87,34
1431,09:30:02,$ 3383.87,7
1432,09:30:02,$ 3383.87,44
1433,09:30:02,$ 3383.87,22
1434,09:30:02,$ 3383.87,34
1435,09:30:02,$ 3383.87,10
1436,09:30:02,$ 3383.87,10
1437,09:30:02,$ 3383.87,5
1438,09:30:02,$ 3383.87,2
1439,09:30:02,$ 3383.87,6
1440,09:30:02,$ 3383.87,2
1441,09:30:02,$ 3383.87,8
1442,09:30:02,$ 3383.87,1
1443,09:30:02,$ 3383.87,1
1444,09:30:02,$ 3383.87,10
1445,09:30:02,$ 3383.87,6
1446,09:30:02,$ 3383.87,50
1447,09:30:02,$ 3383.87,123
1448,09:30:02,$ 3383.87,7
1450,09:30:02,$ 3383.87,27
1451,09:30:02,$ 3383.87,5
1452,09:30:02,$ 3383.87,10
1453,09:30:02,$ 3383.87,6
1454,09:30:02,$ 3383.87,5
1455,09:30:02,$ 3383.87,2
1456,09:30:02,$ 3383.87,12
1457,09:30:02,$ 3383.87,5
1458,09:30:02,$ 3383.87,1
1459,09:30:02,$ 3383.87,2
1460,09:30:02,$ 3383.87,1
1461,09:30:02,$ 3383.87,3
1462,09:30:02,$ 3383.87,1
1463,09:30:02,$ 3383.87,8
1464,09:30:02,$ 3383.87,1
1465,09:30:02,$ 3383.87,2
1466,09:30:02,$ 3383.87,3
1467,09:30:02,$ 3383.87,3
1468,09:30:02,$ 3383.87,1
1469,09:30:02,$ 3383.87,5
1471,09:30:02,$ 3383.87,30
1472,09:30:02,$ 3383.87,36
1473,09:30:02,$ 3383.87,4
1474,09:30:02,$ 3383.87,3
1475,09:30:02,$ 3383.87,71
1476,09:30:02,$ 3383.87,20
1477,09:30:02,$ 3383.87,2
1478,09:30:02,$ 3383.87,7
1479,09:30:02,$ 3383.87,1
1480,09:30:02,$ 3383.87,1
1481,09:30:02,$ 3383.87,1
1482,09:30:02,$ 3383.87,1
1483,09:30:02,$ 3383.87,5
1484,09:30:02,$ 3383.87,10
1485,09:30:02,$ 3383.87,5
1486,09:30:02,$ 3383.87,5
1487,09:30:02,$ 3383.87,4
1488,09:30:02,$ 3383.87,1
1489,09:30:02,$ 3383.87,3
1490,09:30:02,$ 3383.87,2
1492,09:30:02,$ 3383.87,4
1493,09:30:02,$ 3383.87,2
1494,09:30:02,$ 3383.87,1
1495,09:30:02,$ 3383.87,1
1496,09:30:02,$ 3383.87,48
1497,09:30:02,$ 3383.87,25
1498,09:30:02,$ 3383.87,1
1499,09:30:02,$ 3383.87,1
1500,09:30:02,$ 3383.87,7
1501,09:30:02,$ 3383.87,25
1502,09:30:02,$ 3383.87,53
1503,09:30:02,$ 3383.87,1
1504,09:30:02,$ 3383.87,1
1505,09:30:02,$ 3383.87,2
1506,09:30:02,$ 3383.87,1
1507,09:30:02,$ 3383.87,1
1508,09:30:02,$ 3383.87,2
1509,09:30:02,$ 3383.87,30
1510,09:30:02,$ 3383.87,3
1511,09:30:02,$ 3383.87,3
1513,09:30:02,$ 3383.87,2
1514,09:30:02,$ 3383.87,3
1515,09:30:02,$ 3383.87,10
1516,09:30:02,$ 3383.87,1
1517,09:30:02,$ 3383.87,1
1518,09:30:02,$ 3383.87,15
1519,09:30:02,$ 3383.87,1
1520,09:30:02,$ 3383.87,7
1521,09:30:02,$ 3383.87,1
1522,09:30:02,$ 3383.87,5
1523,09:30:02,$ 3383.87,1
1524,09:30:02,$ 3383.87,1
1525,09:30:02,$ 3383.87,3
1526,09:30:02,$ 3383.87,1
1527,09:30:02,$ 3383.87,10
1528,09:30:02,$ 3383.87,3
1529,09:30:02,$ 3383.87,1
1530,09:30:02,$ 3383.87,2
1531,09:30:02,$ 3383.87,2
1532,09:30:02,$ 3383.87,19
1534,09:30:02,$ 3383.87,11
1535,09:30:02,$ 3383.87,4
1536,09:30:02,$ 3383.87,32
1537,09:30:02,$ 3383.87,2
1538,09:30:02,$ 3383.87,12
1539,09:30:02,$ 3383.87,5
1540,09:30:02,$ 3383.87,1
1541,09:30:02,$ 3383.87,6
1542,09:30:02,$ 3383.87,16
1543,09:30:02,$ 3383.87,13
1544,09:30:02,$ 3383.87,11
1545,09:30:02,$ 3383.87,2
1546,09:30:02,$ 3383.87,2
1547,09:30:02,$ 3383.87,19
1548,09:30:02,$ 3383.87,10
1549,09:30:02,$ 3383.87,2
1550,09:30:02,$ 3383.87,1
1551,09:30:02,$ 3383.87,2
1552,09:30:02,$ 3383.87,6
1553,09:30:02,$ 3383.87,5
1555,09:30:02,$ 3383.87,67
1556,09:30:02,$ 3383.87,1
1557,09:30:02,$ 3383.87,1
1558,09:30:02,$ 3383.87,1
1559,09:30:02,$ 3383.87,1
1560,09:30:02,$ 3383.87,1
1561,09:30:02,$ 3383.87,1
1562,09:30:02,$ 3383.87,1
1563,09:30:02,$ 3383.87,1
1564,09:30:02,$ 3383.87,2
1565,09:30:02,$ 3383.87,17
1566,09:30:02,$ 3383.87,5
1567,09:30:02,$ 3383.87,5
1568,09:30:02,$ 3383.87,1
1569,09:30:02,$ 3383.87,1
1570,09:30:02,$ 3383.87,5
1571,09:30:02,$ 3383.87,1
1572,09:30:02,$ 3383.87,1
1573,09:30:02,$ 3383.87,1
1574,09:30:02,$ 3383.87,1
1576,09:30:02,$ 3383.87,2
1577,09:30:02,$ 3383.87,1
1578,09:30:02,$ 3383.87,15
1579,09:30:02,$ 3383.87,1
1580,09:30:02,$ 3383.87,4
1581,09:30:02,$ 3383.87,1
1582,09:30:02,$ 3383.87,2
1583,09:30:02,$ 3383.87,66
1584,09:30:02,$ 3383.87,67
1585,09:30:02,$ 3383.87,5
1586,09:30:02,$ 3383.87,67
1587,09:30:02,$ 3383.87,66
1588,09:30:02,$ 3383.87,2
1589,09:30:02,$ 3383.87,67
1590,09:30:02,$ 3383.87,10
1591,09:30:02,$ 3383.87,2
1592,09:30:02,$ 3383.87,1
1593,09:30:02,$ 3383.87,67
1594,09:30:02,$ 3383.87,67
1595,09:30:02,$ 3383.87,66
1597,09:30:02,$ 3383.87,1
1598,09:30:02,$ 3383.87,1
1599,09:30:02,$ 3383.87,67
1600,09:30:02,$ 3383.87,1
1601,09:30:02,$ 3383.87,67
1602,09:30:02,$ 3383.87,100
1603,09:30:02,$ 3383.87,66
1604,09:30:02,$ 3383.87,33
1605,09:30:02,$ 3383.87,33
1606,09:30:02,$ 3383.87,33
1607,09:30:02,$ 3383.87,33
1608,09:30:02,$ 3383.87,10
1609,09:30:02,$ 3383.87,33
1610,09:30:02,$ 3383.87,33
1611,09:30:02,$ 3383.87,32
1612,09:30:02,$ 3383.87,33
1613,09:30:02,$ 3383.87,33
1614,09:30:02,$ 3383.87,33
1615,09:30:02,$ 3383.87,13
1616,09:30:02,$ 3383.87,70
1618,09:30:02,$ 3383.87,1
1619,09:30:02,$ 3383.87,2
1620,09:30:02,$ 3383.87,8
1621,09:30:02,$ 3383.87,1
1622,09:30:02,$ 3383.87,1
1623,09:30:02,$ 3383.87,1
1624,09:30:02,$ 3383.87,1
1625,09:30:02,$ 3383.87,37
1626,09:30:02,$ 3383.87,2
1627,09:30:02,$ 3383.87,1
1628,09:30:02,$ 3383.87,2
1629,09:30:02,$ 3383.87,2
1630,09:30:02,$ 3383.87,2
1631,09:30:02,$ 3383.87,1
1632,09:30:02,$ 3383.87,1
1633,09:30:02,$ 3383.87,5
1634,09:30:02,$ 3383.87,1
1635,09:30:02,$ 3383.87,1
1636,09:30:02,$ 3383.87,10
1637,09:30:02,$ 3383.87,1
1639,09:30:02,$ 3383.87,1
1640,09:30:02,$ 3383.87,3
1641,09:30:02,$ 3383.87,1
1642,09:30:02,$ 3383.87,1
1643,09:30:02,$ 3383.87,1
1644,09:30:02,$ 3383.87,30
1645,09:30:02,$ 3383.87,27
1646,09:30:02,$ 3383.87,6
1647,09:30:02,$ 3383.87,1
1648,09:30:02,$ 3383.87,5
1649,09:30:02,$ 3383.87,1
1650,09:30:02,$ 3383.87,10
1651,09:30:02,$ 3383.87,1
1652,09:30:02,$ 3383.87,1
1653,09:30:02,$ 3383.87,9
1654,09:30:02,$ 3383.87,1
1655,09:30:02,$ 3383.87,5
1656,09:30:02,$ 3383.87,6
1657,09:30:02,$ 3383.87,1
1658,09:30:02,$ 3383.87,60
1660,09:30:02,$ 3383.87,65
1661,09:30:02,$ 3383.87,7
1662,09:30:02,$ 3383.87,5
1663,09:30:02,$ 3383.87,8
1664,09:30:02,$ 3383.87,5
1665,09:30:02,$ 3383.87,2
1666,09:30:02,$ 3383.87,1
1667,09:30:02,$ 3383.87,10
1668,09:30:02,$ 3383.87,2
1669,09:30:02,$ 3383.87,4
1670,09:30:02,$ 3383.87,2
1671,09:30:02,$ 3383.87,1
1672,09:30:02,$ 3383.87,295
1673,09:30:02,$ 3383.87,2
1674,09:30:02,$ 3383.87,1
1675,09:30:02,$ 3383.87,10
1676,09:30:02,$ 3383.87,1
1677,09:30:02,$ 3383.87,1
1678,09:30:02,$ 3383.87,3
1679,09:30:02,$ 3383.87,2
1681,09:30:02,$ 3383.87,7
1682,09:30:02,$ 3383.87,698
1683,09:30:02,$ 3383.87,2
1684,09:30:02,$ 3383.87,460
1685,09:30:02,$ 3383.87,3
1686,09:30:02,$ 3383.87,2
1687,09:30:02,$ 3383.87,1
1688,09:30:02,$ 3383.87,1
1689,09:30:02,$ 3383.87,1
1690,09:30:02,$ 3383.87,2
1691,09:30:02,$ 3383.87,1
1692,09:30:02,$ 3383.87,1
1693,09:30:02,$ 3383.87,1
1694,09:30:02,$ 3383.87,1
1695,09:30:02,$ 3383.87,1
1696,09:30:02,$ 3383.87,5
1697,09:30:02,$ 3383.87,30
1698,09:30:02,$ 3383.87,2
1699,09:30:02,$ 3383.87,1
1700,09:30:02,$ 3383.87,1
1702,09:30:02,$ 3383.87,1
1703,09:30:02,$ 3383.87,1
1704,09:30:02,$ 3383.87,1
1705,09:30:02,$ 3383.87,4
1706,09:30:02,$ 3383.87,1
1707,09:30:02,$ 3383.87,2
1708,09:30:02,$ 3383.87,2
1709,09:30:02,$ 3383.87,1
1710,09:30:02,$ 3383.87,1
1711,09:30:02,$ 3383.87,2
1712,09:30:02,$ 3383.87,1
1713,09:30:02,$ 3383.87,1
1714,09:30:02,$ 3383.87,1
1715,09:30:02,$ 3383.87,1
1716,09:30:02,$ 3383.87,1
1717,09:30:02,$ 3383.87,1
1718,09:30:02,$ 3383.87,1
1719,09:30:02,$ 3383.87,1
1720,09:30:02,$ 3383.87,3
1721,09:30:02,$ 3383.87,10
1723,09:30:02,$ 3383.87,1
1724,09:30:02,$ 3383.87,1
1725,09:30:02,$ 3383.87,1
1726,09:30:02,$ 3383.87,1
1727,09:30:02,$ 3383.87,2
1728,09:30:02,$ 3383.87,1
1729,09:30:02,$ 3383.87,1
1730,09:30:02,$ 3383.87,1
1731,09:30:02,$ 3383.87,2
1732,09:30:02,$ 3383.87,1
1733,09:30:02,$ 3383.87,3
1734,09:30:02,$ 3383.87,20
1735,09:30:02,$ 3383.87,10
1736,09:30:02,$ 3383.87,8
1737,09:30:02,$ 3383.87,84
1738,09:30:02,$ 3383.87,11
1739,09:30:02,$ 3383.87,4
1740,09:30:02,$ 3383.87,5
1741,09:30:02,$ 3383.87,5
1742,09:30:02,$ 3383.87,2
1744,09:30:02,$ 3383.87,2
1745,09:30:02,$ 3383.87,7
1746,09:30:02,$ 3383.87,10
1747,09:30:02,$ 3383.87,10
1748,09:30:02,$ 3383.87,1
1749,09:30:02,$ 3383.87,1
1750,09:30:02,$ 3383.87,3
1751,09:30:02,$ 3383.87,5
1752,09:30:02,$ 3383.87,1
1753,09:30:02,$ 3383.87,1
1754,09:30:02,$ 3383.87,4
1755,09:30:02,$ 3383.87,4
1756,09:30:02,$ 3383.87,5
1757,09:30:02,$ 3383.87,4
1758,09:30:02,$ 3383.87,25
1759,09:30:02,$ 3383.87,4
1760,09:30:02,$ 3383.87,5
1761,09:30:02,$ 3383.87,6
1762,09:30:02,$ 3383.87,1
1763,09:30:02,$ 3383.87,1
1765,09:30:02,$ 3383.87,1
1766,09:30:02,$ 3383.87,2
1767,09:30:02,$ 3383.87,1
1768,09:30:02,$ 3383.87,50
1769,09:30:02,$ 3383.87,1
1770,09:30:02,$ 3383.87,2
1771,09:30:02,$ 3383.87,1
1772,09:30:02,$ 3383.87,2
1773,09:30:02,$ 3383.87,6
1774,09:30:02,$ 3383.87,6
1775,09:30:02,$ 3383.87,100
1776,09:30:02,$ 3383.87,2
1777,09:30:02,$ 3383.87,1
1778,09:30:02,$ 3383.87,"2,953"
1779,09:30:02,$ 3383.87,107
1780,09:30:02,$ 3383.87,100
1781,09:30:02,$ 3383.87,2
1782,09:30:02,$ 3383.87,723
1783,09:30:02,$ 3383.87,7
1784,09:30:02,$ 3383.87,10
1786,09:30:02,$ 3383.87,63
1787,09:30:02,$ 3383.87,10
1788,09:30:02,$ 3383.87,321
1789,09:30:02,$ 3383.87,1
1790,09:30:02,$ 3383.87,6
1791,09:30:02,$ 3383.87,32
1792,09:30:02,$ 3383.87,100
1793,09:30:02,$ 3383.87,4
1794,09:30:02,$ 3383.87,3
1795,09:30:02,$ 3383.87,2
1796,09:30:02,$ 3383.87,16
1797,09:30:02,$ 3383.87,100
1798,09:30:02,$ 3383.87,1
1799,09:30:02,$ 3383.87,1
1800,09:30:02,$ 3383.87,5
1801,09:30:02,$ 3383.87,83
1802,09:30:02,$ 3383.87,1
1803,09:30:02,$ 3383.87,6
1804,09:30:02,$ 3383.87,53
1805,09:30:02,$ 3383.87,7
1807,09:30:02,$ 3383.87,12
1808,09:30:02,$ 3383.87,5
1809,09:30:02,$ 3383.87,15
1810,09:30:02,$ 3383.87,2
1811,09:30:02,$ 3383.87,6
1812,09:30:02,$ 3383.87,7
1813,09:30:02,$ 3383.87,8
1814,09:30:02,$ 3383.87,3
1815,09:30:02,$ 3383.87,75
1816,09:30:02,$ 3383.87,13
1817,09:30:02,$ 3383.87,4
1818,09:30:02,$ 3383.87,1
1819,09:30:02,$ 3383.87,4
1820,09:30:02,$ 3383.87,159
1821,09:30:02,$ 3383.87,352
1822,09:30:02,$ 3383.87,50
1823,09:30:02,$ 3383.87,1
1824,09:30:02,$ 3383.87,7
1825,09:30:02,$ 3383.87,1
1826,09:30:02,$ 3383.87,1
1828,09:30:02,$ 3383.87,1
1829,09:30:02,$ 3383.87,1
1830,09:30:02,$ 3383.87,9
1831,09:30:02,$ 3383.87,10
1832,09:30:02,$ 3383.87,196
1833,09:30:02,$ 3383.87,1
1834,09:30:02,$ 3383.87,1
1835,09:30:02,$ 3383.87,1
1836,09:30:02,$ 3383.87,30
1837,09:30:02,$ 3383.87,1
1838,09:30:02,$ 3383.87,1
1839,09:30:02,$ 3383.87,1
1840,09:30:02,$ 3383.87,15
1841,09:30:02,$ 3383.87,1
1842,09:30:02,$ 3383.87,1
1843,09:30:02,$ 3383.87,3
1844,09:30:02,$ 3383.87,3
1845,09:30:02,$ 3383.87,3
1846,09:30:02,$ 3383.87,1
1847,09:30:02,$ 3383.87,2
1849,09:30:02,$ 3383.87,50
1850,09:30:02,$ 3383.87,5
1851,09:30:02,$ 3383.87,282
1852,09:30:02,$ 3383.87,1
1853,09:30:02,$ 3383.87,655
1854,09:30:02,$ 3383.87,1
1855,09:30:02,$ 3383.87,6
1856,09:30:02,$ 3383.87,1
1857,09:30:02,$ 3383.87,3
1858,09:30:02,$ 3383.87,15
1859,09:30:02,$ 3383.87,2
1860,09:30:02,$ 3383.87,1
1861,09:30:02,$ 3383.87,1
1862,09:30:02,$ 3383.87,246
1863,09:30:02,$ 3383.87,123
1864,09:30:02,$ 3383.87,66
1865,09:30:02,$ 3383.87,30
1866,09:30:02,$ 3383.87,1
1867,09:30:02,$ 3383.87,1
1868,09:30:02,$ 3383.87,100
1870,09:30:02,$ 3383.87,2
1871,09:30:02,$ 3383.87,1
1872,09:30:02,$ 3383.87,5
1873,09:30:02,$ 3383.87,1
1874,09:30:02,$ 3383.87,1
1875,09:30:02,$ 3383.87,4
1876,09:30:02,$ 3383.87,5
1877,09:30:02,$ 3383.87,50
1878,09:30:02,$ 3383.87,55
1879,09:30:02,$ 3383.87,1
1880,09:30:02,$ 3383.87,49
1881,09:30:02,$ 3383.87,9
1882,09:30:02,$ 3383.87,4
1883,09:30:02,$ 3383.87,1
1884,09:30:02,$ 3383.87,3
1885,09:30:02,$ 3383.87,25
1886,09:30:02,$ 3383.87,49
1887,09:30:02,$ 3383.87,1
1888,09:30:02,$ 3383.87,1
1889,09:30:02,$ 3383.87,25
1891,09:30:02,$ 3383.87,13
1892,09:30:02,$ 3383.87,10
1893,09:30:02,$ 3383.87,"1,000"
1894,09:30:02,$ 3383.87,19
1895,09:30:02,$ 3383.87,14
1896,09:30:02,$ 3383.87,5
1897,09:30:02,$ 3383.87,10
1898,09:30:02,$ 3383.87,3
1899,09:30:02,$ 3383.87,116
1900,09:30:02,$ 3383.87,1
1901,09:30:02,$ 3383.87,5
1902,09:30:02,$ 3383.87,1
1903,09:30:02,$ 3383.87,268
1904,09:30:02,$ 3383.87,1
1905,09:30:02,$ 3383.87,6
1906,09:30:02,$ 3383.87,100
1907,09:30:02,$ 3383.87,300
1908,09:30:02,$ 3383.87,"2,200"
1909,09:30:02,$ 3383.87,5
1910,09:30:02,$ 3383.87,1
1912,09:30:02,$ 3383.87,2
1913,09:30:02,$ 3383.87,113
1914,09:30:02,$ 3383.87,1
1915,09:30:02,$ 3383.87,1
1916,09:30:02,$ 3383.87,10
1917,09:30:02,$ 3383.87,85
1918,09:30:02,$ 3383.87,2
1919,09:30:02,$ 3383.87,10
1920,09:30:02,$ 3383.87,5
1921,09:30:02,$ 3383.87,11
1922,09:30:02,$ 3383.87,64
1923,09:30:02,$ 3383.87,281
1924,09:30:02,$ 3383.87,1
1925,09:30:02,$ 3383.87,2
1926,09:30:02,$ 3383.87,1
1927,09:30:02,$ 3383.87,3
1928,09:30:02,$ 3383.87,7
1929,09:30:02,$ 3383.87,1
1930,09:30:02,$ 3383.87,1
1931,09:30:02,$ 3383.87,1
1933,09:30:02,$ 3383.87,1
1934,09:30:02,$ 3383.87,4
1935,09:30:02,$ 3383.87,4
1936,09:30:02,$ 3383.87,1
1937,09:30:02,$ 3383.87,1
1938,09:30:02,$ 3383.87,2
1939,09:30:02,$ 3383.87,2
1940,09:30:02,$ 3383.87,9
1941,09:30:02,$ 3383.87,1
1942,09:30:02,$ 3383.87,27
1943,09:30:02,$ 3383.87,19
1944,09:30:02,$ 3383.87,36
1945,09:30:02,$ 3383.87,28
1946,09:30:02,$ 3383.87,17
1947,09:30:02,$ 3383.87,3
1948,09:30:02,$ 3383.87,230
1949,09:30:02,$ 3383.87,3
1950,09:30:02,$ 3383.87,2
1951,09:30:02,$ 3383.87,2
1952,09:30:02,$ 3383.87,10
1954,09:30:02,$ 3383.87,190
1955,09:30:02,$ 3383.87,4
1956,09:30:02,$ 3383.87,30
1957,09:30:02,$ 3383.87,1
1958,09:30:02,$ 3383.87,1
1959,09:30:02,$ 3383.87,2
1960,09:30:02,$ 3383.87,3
1961,09:30:02,$ 3383.87,18
1962,09:30:02,$ 3383.87,1
1963,09:30:02,$ 3383.87,2
1964,09:30:02,$ 3383.87,1
1965,09:30:02,$ 3383.87,1
1966,09:30:02,$ 3383.87,1
1967,09:30:02,$ 3383.87,4
1968,09:30:02,$ 3383.87,2
1969,09:30:02,$ 3383.87,2
1970,09:30:02,$ 3383.87,5
1971,09:30:02,$ 3383.87,1
1972,09:30:02,$ 3383.87,1
1973,09:30:02,$ 3383.87,5
1975,09:30:02,$ 3383.87,1
1976,09:30:02,$ 3383.87,73
1977,09:30:02,$ 3383.87,1
1978,09:30:02,$ 3383.87,7
1979,09:30:02,$ 3383.87,8
1980,09:30:02,$ 3383.87,19
1981,09:30:02,$ 3383.87,23
1982,09:30:02,$ 3383.87,3
1983,09:30:02,$ 3383.87,141
1984,09:30:02,$ 3383.87,4
1985,09:30:02,$ 3383.87,26
1986,09:30:02,$ 3383.87,2
1987,09:30:02,$ 3383.87,4
1988,09:30:02,$ 3383.87,2
1989,09:30:02,$ 3383.87,4
1990,09:30:02,$ 3383.87,79
1991,09:30:02,$ 3383.87,2
1992,09:30:02,$ 3383.87,2
1993,09:30:02,$ 3383.87,2
1994,09:30:02,$ 3383.87,5
1996,09:30:02,$ 3383.87,10
1997,09:30:02,$ 3383.87,1
1998,09:30:02,$ 3383.87,10
1999,09:30:02,$ 3383.87,15
2000,09:30:02,$ 3383.87,16
2001,09:30:02,$ 3383.87,1
2002,09:30:02,$ 3383.87,1
2003,09:30:02,$ 3383.87,5
2004,09:30:02,$ 3383.87,4
2005,09:30:02,$ 3383.87,2
2006,09:30:02,$ 3383.87,1
2007,09:30:02,$ 3383.87,17
2008,09:30:02,$ 3383.87,8
2009,09:30:02,$ 3383.87,2
2010,09:30:02,$ 3383.87,1
2011,09:30:02,$ 3383.87,1
2012,09:30:02,$ 3383.87,1
2013,09:30:02,$ 3383.87,8
2014,09:30:02,$ 3383.87,5
2015,09:30:02,$ 3383.87,1
2017,09:30:02,$ 3383.87,1
2018,09:30:02,$ 3383.87,10
2019,09:30:02,$ 3383.87,208
2020,09:30:02,$ 3383.87,1
2021,09:30:02,$ 3383.87,101
2022,09:30:02,$ 3383.87,1
2023,09:30:02,$ 3383.87,1
2024,09:30:02,$ 3383.87,1
2025,09:30:02,$ 3383.87,166
2026,09:30:02,$ 3383.87,6
2027,09:30:02,$ 3383.87,2
2028,09:30:02,$ 3383.87,3
2029,09:30:02,$ 3383.87,28
2030,09:30:02,$ 3383.87,7
2031,09:30:02,$ 3383.87,1
2032,09:30:02,$ 3383.87,2
2033,09:30:02,$ 3383.87,100
2034,09:30:02,$ 3383.87,2
2035,09:30:02,$ 3383.87,8
2036,09:30:02,$ 3383.87,3
2038,09:30:02,$ 3383.87,5
2039,09:30:02,$ 3383.87,5
2040,09:30:02,$ 3383.87,1
2041,09:30:02,$ 3383.87,5
2042,09:30:02,$ 3383.87,1
2043,09:30:02,$ 3383.87,7
2044,09:30:02,$ 3383.87,55
2045,09:30:02,$ 3383.87,40
2046,09:30:02,$ 3383.87,4
2047,09:30:02,$ 3383.87,1
2048,09:30:02,$ 3383.87,3
2049,09:30:02,$ 3383.87,3
2050,09:30:02,$ 3383.87,1
2051,09:30:02,$ 3383.87,3
2052,09:30:02,$ 3383.87,5
2053,09:30:02,$ 3383.87,3
2054,09:30:02,$ 3383.87,12
2055,09:30:02,$ 3383.87,2
2056,09:30:02,$ 3383.87,3
2057,09:30:02,$ 3383.87,1
2059,09:30:02,$ 3383.87,30
2060,09:30:02,$ 3383.87,142
2061,09:30:02,$ 3383.87,29
2062,09:30:02,$ 3383.87,1
2063,09:30:02,$ 3383.87,4
2064,09:30:02,$ 3383.87,22
2065,09:30:02,$ 3383.87,1
2066,09:30:02,$ 3383.87,12
2067,09:30:02,$ 3383.87,15
2068,09:30:02,$ 3383.87,30
2069,09:30:02,$ 3383.87,1
2070,09:30:02,$ 3383.87,1
2071,09:30:02,$ 3383.87,7
2072,09:30:02,$ 3383.87,3
2073,09:30:02,$ 3383.87,11
2074,09:30:02,$ 3383.87,1
2075,09:30:02,$ 3383.87,1
2076,09:30:02,$ 3383.87,8
2077,09:30:02,$ 3383.87,1
2078,09:30:02,$ 3383.87,11
2080,09:30:02,$ 3383.87,193
2081,09:30:02,$ 3383.87,1
2082,09:30:02,$ 3383.87,1
2083,09:30:02,$ 3383.87,2
2084,09:30:02,$ 3383.87,4
2085,09:30:02,$ 3383.87,3
2086,09:30:02,$ 3383.87,6
2087,09:30:02,$ 3383.87,1
2088,09:30:02,$ 3383.87,2
2089,09:30:02,$ 3383.87,2
2090,09:30:02,$ 3383.87,2
2091,09:30:02,$ 3383.87,25
2092,09:30:02,$ 3383.87,1
2093,09:30:02,$ 3383.87,2
2094,09:30:02,$ 3383.87,5
2095,09:30:02,$ 3383.87,1
2096,09:30:02,$ 3383.87,4
2097,09:30:02,$ 3383.87,1
2098,09:30:02,$ 3383.87,58
2099,09:30:02,$ 3383.87,1
2101,09:30:02,$ 3383.87,125
2102,09:30:02,$ 3383.87,5
2103,09:30:02,$ 3383.87,1
2104,09:30:02,$ 3383.87,5
2105,09:30:02,$ 3383.87,1
2106,09:30:02,$ 3383.87,1
2107,09:30:02,$ 3383.87,2
2108,09:30:02,$ 3383.87,10
2109,09:30:02,$ 3383.87,5
2110,09:30:02,$ 3383.87,3
2111,09:30:02,$ 3383.87,15
2112,09:30:02,$ 3383.87,2
2113,09:30:02,$ 3383.87,15
2114,09:30:02,$ 3383.87,2
2115,09:30:02,$ 3383.87,1
2116,09:30:02,$ 3383.87,5
2117,09:30:02,$ 3383.87,1
2118,09:30:02,$ 3383.87,1
2119,09:30:02,$ 3383.87,2
2120,09:30:02,$ 3383.87,15
2122,09:30:02,$ 3383.87,1
2123,09:30:02,$ 3383.87,2
2124,09:30:02,$ 3383.87,1
2125,09:30:02,$ 3383.87,1
2126,09:30:02,$ 3383.87,3
2127,09:30:02,$ 3383.87,10
2128,09:30:02,$ 3383.87,6
2129,09:30:02,$ 3383.87,5
2130,09:30:02,$ 3383.87,6
2131,09:30:02,$ 3383.87,1
2132,09:30:02,$ 3383.87,1
2133,09:30:02,$ 3383.87,1
2134,09:30:02,$ 3383.87,1
2135,09:30:02,$ 3383.87,3
2136,09:30:02,$ 3383.87,2
2137,09:30:02,$ 3383.87,5
2138,09:30:02,$ 3383.87,5
2139,09:30:02,$ 3383.87,48
2140,09:30:02,$ 3383.87,28
2141,09:30:02,$ 3383.87,10
2143,09:30:02,$ 3383.87,"2,000"
2144,09:30:02,$ 3383.87,2
2145,09:30:02,$ 3383.87,1
2146,09:30:02,$ 3383.87,1
2147,09:30:02,$ 3383.87,4
2148,09:30:02,$ 3383.87,5
2149,09:30:02,$ 3383.87,6
2150,09:30:02,$ 3383.87,5
2151,09:30:02,$ 3383.87,170
2152,09:30:02,$ 3383.87,1
2153,09:30:02,$ 3383.87,1
2154,09:30:02,$ 3383.87,45
2155,09:30:02,$ 3383.87,1
2156,09:30:02,$ 3383.87,2
2157,09:30:02,$ 3383.87,1
2158,09:30:02,$ 3383.87,1
2159,09:30:02,$ 3383.87,4
2160,09:30:02,$ 3383.87,6
2161,09:30:02,$ 3383.87,1
2162,09:30:02,$ 3383.87,15
2164,09:30:02,$ 3383.87,1
2165,09:30:02,$ 3383.87,1
2166,09:30:02,$ 3383.87,5
2167,09:30:02,$ 3383.87,15
2168,09:30:02,$ 3383.87,4
2169,09:30:02,$ 3383.87,1
2170,09:30:02,$ 3383.87,12
2171,09:30:02,$ 3383.87,30
2172,09:30:02,$ 3383.87,7
2173,09:30:02,$ 3383.87,33
2174,09:30:02,$ 3383.87,5
2175,09:30:02,$ 3383.87,8
2176,09:30:02,$ 3383.87,3
2177,09:30:02,$ 3383.87,3
2178,09:30:02,$ 3383.87,5
2179,09:30:02,$ 3383.87,8
2180,09:30:02,$ 3383.87,4
2181,09:30:02,$ 3383.87,6
2182,09:30:02,$ 3383.87,5
2183,09:30:02,$ 3383.87,20
2185,09:30:02,$ 3383.87,10
2186,09:30:02,$ 3383.87,1
2187,09:30:02,$ 3383.87,2
2188,09:30:02,$ 3383.87,1
2189,09:30:02,$ 3383.87,2
2190,09:30:02,$ 3383.87,15
2191,09:30:02,$ 3383.87,4
2192,09:30:02,$ 3383.87,8
2193,09:30:02,$ 3383.87,30
2194,09:30:02,$ 3383.87,6
2195,09:30:02,$ 3383.87,8
2196,09:30:02,$ 3383.87,2
2197,09:30:02,$ 3383.87,3
2198,09:30:02,$ 3383.87,1
2199,09:30:02,$ 3383.87,5
2200,09:30:02,$ 3383.87,2
2201,09:30:02,$ 3383.87,1
2202,09:30:02,$ 3383.87,50
2203,09:30:02,$ 3383.87,2
2204,09:30:02,$ 3383.87,5
2206,09:30:02,$ 3383.87,4
2207,09:30:02,$ 3383.87,1
2208,09:30:02,$ 3383.87,1
2209,09:30:02,$ 3383.87,1
2210,09:30:02,$ 3383.87,1
2211,09:30:02,$ 3383.87,4
2212,09:30:02,$ 3383.87,2
2213,09:30:02,$ 3383.87,1
2214,09:30:02,$ 3383.87,1
2215,09:30:02,$ 3383.87,1
2216,09:30:02,$ 3383.87,1
2217,09:30:02,$ 3383.87,14
2218,09:30:02,$ 3383.87,17
2219,09:30:02,$ 3383.87,13
2220,09:30:02,$ 3383.87,12
2221,09:30:02,$ 3383.87,1
2222,09:30:02,$ 3383.87,1
2223,09:30:02,$ 3383.87,1
2224,09:30:02,$ 3383.87,1
2225,09:30:02,$ 3383.87,1
2227,09:30:02,$ 3383.87,5
2228,09:30:02,$ 3383.87,1
2229,09:30:02,$ 3383.87,5
2230,09:30:02,$ 3383.87,2
2231,09:30:02,$ 3383.87,1
2232,09:30:02,$ 3383.87,3
2233,09:30:02,$ 3383.87,1
2234,09:30:02,$ 3383.87,10
2235,09:30:02,$ 3383.87,1
2236,09:30:02,$ 3383.87,1
2237,09:30:02,$ 3383.87,15
2238,09:30:02,$ 3383.87,10
2239,09:30:02,$ 3383.87,5
2240,09:30:02,$ 3383.87,3
2241,09:30:02,$ 3383.87,2
2242,09:30:02,$ 3383.87,4
2243,09:30:02,$ 3383.87,20
2244,09:30:02,$ 3383.87,1
2245,09:30:02,$ 3383.87,3
2246,09:30:02,$ 3383.87,5
2248,09:30:02,$ 3383.87,1
2249,09:30:02,$ 3383.87,1
2250,09:30:02,$ 3383.87,15
2251,09:30:02,$ 3383.87,3
2252,09:30:02,$ 3383.87,1
2253,09:30:02,$ 3383.87,5
2254,09:30:02,$ 3383.87,1
2255,09:30:02,$ 3383.87,5
2256,09:30:02,$ 3383.87,1
2257,09:30:02,$ 3383.87,1
2258,09:30:02,$ 3383.87,15
2259,09:30:02,$ 3383.87,25
2260,09:30:02,$ 3383.87,50
2261,09:30:02,$ 3383.87,3
2262,09:30:02,$ 3383.87,3
2263,09:30:02,$ 3383.87,1
2264,09:30:02,$ 3383.87,9
2265,09:30:02,$ 3383.87,3
2266,09:30:02,$ 3383.87,4
2267,09:30:02,$ 3383.87,1
2269,09:30:02,$ 3383.87,1
2270,09:30:02,$ 3383.87,3
2271,09:30:02,$ 3383.87,3
2272,09:30:02,$ 3383.87,2
2273,09:30:02,$ 3383.87,5
2274,09:30:02,$ 3383.87,8
2275,09:30:02,$ 3383.87,2
2276,09:30:02,$ 3383.87,10
2277,09:30:02,$ 3383.87,15
2278,09:30:02,$ 3383.87,51
2279,09:30:02,$ 3383.87,10
2280,09:30:02,$ 3383.87,10
2281,09:30:02,$ 3383.87,3
2282,09:30:02,$ 3383.87,100
2283,09:30:02,$ 3383.87,1
2284,09:30:02,$ 3383.87,1
2285,09:30:02,$ 3383.87,12
2286,09:30:02,$ 3383.87,11
2287,09:30:02,$ 3383.87,1
2288,09:30:02,$ 3383.87,3
2290,09:30:02,$ 3383.87,245
2291,09:30:02,$ 3383.87,1
2292,09:30:02,$ 3383.87,2
2293,09:30:02,$ 3383.87,4
2294,09:30:02,$ 3383.87,30
2295,09:30:02,$ 3383.87,2
2296,09:30:02,$ 3383.87,5
2297,09:30:02,$ 3383.87,100
2298,09:30:02,$ 3383.87,168
2299,09:30:02,$ 3383.87,132
2300,09:30:02,$ 3383.87,2
2301,09:30:02,$ 3383.87,20
2302,09:30:02,$ 3383.87,2
2303,09:30:02,$ 3383.87,5
2304,09:30:02,$ 3383.87,1
2305,09:30:02,$ 3383.87,1
2306,09:30:02,$ 3383.87,4
2307,09:30:02,$ 3383.87,1
2308,09:30:02,$ 3383.87,2
2309,09:30:02,$ 3383.87,20
2311,09:30:02,$ 3383.87,30
2312,09:30:02,$ 3383.87,3
2313,09:30:02,$ 3383.87,1
2314,09:30:02,$ 3383.87,1
2315,09:30:02,$ 3383.87,3
2316,09:30:02,$ 3383.87,8
2317,09:30:02,$ 3383.87,1
2318,09:30:02,$ 3383.87,1
2319,09:30:02,$ 3383.87,1
2320,09:30:02,$ 3383.87,5
2321,09:30:02,$ 3383.87,5
2322,09:30:02,$ 3383.87,1
2323,09:30:02,$ 3383.87,2
2324,09:30:02,$ 3383.87,1
2325,09:30:02,$ 3383.87,1
2326,09:30:02,$ 3383.87,2
2327,09:30:02,$ 3383.87,1
2328,09:30:02,$ 3383.87,1
2329,09:30:02,$ 3383.87,4
2330,09:30:02,$ 3383.87,2
2332,09:30:02,$ 3383.87,10
2333,09:30:02,$ 3383.87,1
2334,09:30:02,$ 3383.87,4
2335,09:30:02,$ 3383.87,1
2336,09:30:02,$ 3383.87,5
2337,09:30:02,$ 3383.87,1
2338,09:30:02,$ 3383.87,6
2339,09:30:02,$ 3383.87,2
2340,09:30:02,$ 3383.87,3
2341,09:30:02,$ 3383.87,2
2342,09:30:02,$ 3383.87,3
2343,09:30:02,$ 3383.87,1
2344,09:30:02,$ 3383.87,2
2345,09:30:02,$ 3383.87,2
2346,09:30:02,$ 3383.87,7
2347,09:30:02,$ 3383.87,1
2348,09:30:02,$ 3383.87,1
2349,09:30:02,$ 3383.87,1
2350,09:30:02,$ 3383.87,3
2351,09:30:02,$ 3383.87,5
2353,09:30:02,$ 3383.87,5
2354,09:30:02,$ 3383.87,2
2355,09:30:02,$ 3383.87,2
2356,09:30:02,$ 3383.87,1
2357,09:30:02,$ 3383.87,3
2358,09:30:02,$ 3383.87,1
2359,09:30:02,$ 3383.87,3
2360,09:30:02,$ 3383.87,2
2361,09:30:02,$ 3383.87,2
2362,09:30:02,$ 3383.87,2
2363,09:30:02,$ 3383.87,12
2364,09:30:02,$ 3383.87,5
2365,09:30:02,$ 3383.87,1
2366,09:30:02,$ 3383.87,20
2367,09:30:02,$ 3383.87,5
2368,09:30:02,$ 3383.87,1
2369,09:30:02,$ 3383.87,5
2370,09:30:02,$ 3383.87,1
2371,09:30:02,$ 3383.87,2
2372,09:30:02,$ 3383.87,3
2374,09:30:02,$ 3383.87,1
2375,09:30:02,$ 3383.87,1
2376,09:30:02,$ 3383.87,1
2377,09:30:02,$ 3383.87,1
2378,09:30:02,$ 3383.87,1
2379,09:30:02,$ 3383.87,5
2380,09:30:02,$ 3383.87,1
2381,09:30:02,$ 3383.87,3
2382,09:30:02,$ 3383.87,1
2383,09:30:02,$ 3383.87,2
2384,09:30:02,$ 3383.87,15
2385,09:30:02,$ 3383.87,1
2386,09:30:02,$ 3383.87,2
2387,09:30:02,$ 3383.87,5
2388,09:30:02,$ 3383.87,5
2389,09:30:02,$ 3383.87,2
2390,09:30:02,$ 3383.87,1
2391,09:30:02,$ 3383.87,1
2392,09:30:02,$ 3383.87,1
2393,09:30:02,$ 3383.87,5
2395,09:30:02,$ 3383.87,1
2396,09:30:02,$ 3383.87,30
2397,09:30:02,$ 3383.87,5
2398,09:30:02,$ 3383.87,9
2399,09:30:02,$ 3383.87,3
2400,09:30:02,$ 3383.87,1
2401,09:30:02,$ 3383.87,1
2402,09:30:02,$ 3383.87,1
2403,09:30:02,$ 3383.87,166
2404,09:30:02,$ 3383.87,2
2405,09:30:02,$ 3383.87,1
2406,09:30:02,$ 3383.87,1
2407,09:30:02,$ 3383.87,1
2408,09:30:02,$ 3383.87,4
2409,09:30:02,$ 3383.87,1
2410,09:30:02,$ 3383.87,4
2411,09:30:02,$ 3383.87,400
2412,09:30:02,$ 3383.87,1
2413,09:30:02,$ 3383.87,2
2414,09:30:02,$ 3383.87,5
2416,09:30:02,$ 3383.87,1
2417,09:30:02,$ 3383.87,7
2418,09:30:02,$ 3383.87,1
2419,09:30:02,$ 3383.87,2
2420,09:30:02,$ 3383.87,2
2421,09:30:02,$ 3383.87,10
2422,09:30:02,$ 3383.87,1
2423,09:30:02,$ 3383.87,2
2424,09:30:02,$ 3383.87,1
2425,09:30:02,$ 3383.87,6
2426,09:30:02,$ 3383.87,4
2427,09:30:02,$ 3383.87,10
2428,09:30:02,$ 3383.87,1
2429,09:30:02,$ 3383.87,14
2430,09:30:02,$ 3383.87,1
2431,09:30:02,$ 3383.87,"2,000"
2432,09:30:02,$ 3383.87,1
2433,09:30:02,$ 3383.87,1
2434,09:30:02,$ 3383.87,2
2435,09:30:02,$ 3383.87,1
2437,09:30:02,$ 3383.87,1
2438,09:30:02,$ 3383.87,28
2439,09:30:02,$ 3383.87,1
2440,09:30:02,$ 3383.87,5
2441,09:30:02,$ 3383.87,1
2442,09:30:02,$ 3383.87,2
2443,09:30:02,$ 3383.87,1
2444,09:30:02,$ 3383.87,5
2445,09:30:02,$ 3383.87,1
2446,09:30:02,$ 3383.87,1
2447,09:30:02,$ 3383.87,4
2448,09:30:02,$ 3383.87,18
2449,09:30:02,$ 3383.87,1
2450,09:30:02,$ 3383.87,3
2451,09:30:02,$ 3383.87,5
2452,09:30:02,$ 3383.87,1
2453,09:30:02,$ 3383.87,3
2454,09:30:02,$ 3383.87,1
2455,09:30:02,$ 3383.87,5
2456,09:30:02,$ 3383.87,3
2458,09:30:02,$ 3383.87,1
2459,09:30:02,$ 3383.87,18
2460,09:30:02,$ 3383.87,10
2461,09:30:02,$ 3383.87,6
2462,09:30:02,$ 3383.87,1
2463,09:30:02,$ 3383.87,1
2464,09:30:02,$ 3383.87,1
2465,09:30:02,$ 3383.87,2
2466,09:30:02,$ 3383.87,1
2467,09:30:02,$ 3383.87,67
2468,09:30:02,$ 3383.87,9
2469,09:30:02,$ 3383.87,16
2470,09:30:02,$ 3383.87,2
2471,09:30:02,$ 3383.87,1
2472,09:30:02,$ 3383.87,1
2473,09:30:02,$ 3383.87,1
2474,09:30:02,$ 3383.87,1
2475,09:30:02,$ 3383.87,5
2476,09:30:02,$ 3383.87,4
2477,09:30:02,$ 3383.87,15
2479,09:30:02,$ 3383.87,5
2480,09:30:02,$ 3383.87,1
2481,09:30:02,$ 3383.87,1
2482,09:30:02,$ 3383.87,7
2483,09:30:02,$ 3383.87,1
2484,09:30:02,$ 3383.87,3
2485,09:30:02,$ 3383.87,14
2486,09:30:02,$ 3383.87,2
2487,09:30:02,$ 3383.87,5
2488,09:30:02,$ 3383.87,1
2489,09:30:02,$ 3383.87,2
2490,09:30:02,$ 3383.87,1
2491,09:30:02,$ 3383.87,1
2492,09:30:02,$ 3383.87,156
2493,09:30:02,$ 3383.87,4
2494,09:30:02,$ 3383.87,66
2495,09:30:02,$ 3383.87,67
2496,09:30:02,$ 3383.87,67
2497,09:30:02,$ 3383.87,1
2499,10:29:49,$ 3375.74,100
2500,10:29:49,$ 3375.69,100
2501,10:29:48,$ 3376.39,100
2502,10:29:47,$ 3376.46,100
2503,10:29:46,$ 3375.60,100
2504,10:29:43,$ 3376.0088,129
2505,10:29:37,$ 3375.755,100
2506,10:29:19,$ 3374.80,100
2507,10:29:19,$ 3375.13,100
2508,10:29:19,$ 3375.01,100
2509,10:29:12,$ 3374.93,100
2510,10:29:12,$ 3374.98,100
2511,10:29:12,$ 3374.94,100
2512,10:29:08,$ 3374.34,100
2513,10:29:06,$ 3373.315,100
2514,10:29:06,$ 3373.775,100
2515,10:29:06,$ 3373.775,100
2516,10:29:06,$ 3373.775,100
2517,10:29:06,$ 3373.09,105
2518,10:29:06,$ 3373.33,112
2520,10:29:06,$ 3373.03,100
2521,10:29:06,$ 3373.70,206
2522,10:29:05,$ 3374.00,100
2523,10:29:05,$ 3374.16,100
2524,10:29:05,$ 3374.73,100
2525,10:29:05,$ 3374.73,100
2526,10:29:05,$ 3374.885,100
2527,10:29:01,$ 3374.74,100
2528,10:29:01,$ 3374.92,100
2529,10:29:01,$ 3374.74,100
2530,10:29:01,$ 3374.74,100
2531,10:29:01,$ 3374.74,100
2532,10:29:01,$ 3374.74,100
2533,10:29:01,$ 3374.74,120
2534,10:28:56,$ 3375.01,100
2535,10:28:36,$ 3376.13,100
2536,10:28:16,$ 3375.425,100
2537,10:28:15,$ 3375.05,103
2538,10:28:15,$ 3375.05,100
2539,10:28:09,$ 3375.05,100
2541,10:28:09,$ 3375.22,100
2542,10:27:55,$ 3374.70,100
2543,10:27:55,$ 3374.73,100
2544,10:27:55,$ 3374.70,100
2545,10:27:40,$ 3374.76,100
2546,10:27:33,$ 3375.32,100
2547,10:27:30,$ 3375.15,100
2548,10:27:27,$ 3374.70,100
2549,10:27:27,$ 3374.76,100
2550,10:27:26,$ 3375.025,100
2551,10:27:06,$ 3375.3234,300
2552,10:27:01,$ 3375.01,100
2553,10:27:01,$ 3375.01,100
2554,10:26:42,$ 3375.07,100
2555,10:26:42,$ 3375.02,100
2556,10:26:38,$ 3375.03,100
2557,10:26:35,$ 3375.01,100
2558,10:26:34,$ 3374.7661,255
2559,10:26:27,$ 3374.55,100
2560,10:26:27,$ 3374.75,100
2562,10:26:17,$ 3375.1925,100
2563,10:26:12,$ 3374.85,100
2564,10:26:11,$ 3374.84,100
2565,10:26:04,$ 3374.52,100
2566,10:25:52,$ 3375.675,100
2567,10:25:49,$ 3375.2401,300
2568,10:25:43,$ 3377.06,100
2569,10:25:30,$ 3378.24,100
2570,10:25:08,$ 3378.115,100
2571,10:25:03,$ 3378.13,100
2572,10:24:39,$ 3377.565,100
2573,10:24:19,$ 3377.48,100
2574,10:24:18,$ 3377.1245,100
2575,10:24:18,$ 3377.39,100
2576,10:24:11,$ 3376.44,100
2577,10:24:07,$ 3376.91,100
2578,10:24:07,$ 3376.84,100
2579,10:23:37,$ 3379.3701,200
2580,10:23:23,$ 3380.23,100
2581,10:23:23,$ 3380.38,123
2583,10:23:23,$ 3380.56,100
2584,10:23:23,$ 3380.56,100
2585,10:23:12,$ 3380.42,100
2586,10:23:00,$ 3381.66,298
2587,10:22:58,$ 3382.245,100
2588,10:22:56,$ 3381.22,100
2589,10:22:56,$ 3381.755,100
2590,10:22:56,$ 3381.49,100
2591,10:22:56,$ 3381.22,100
2592,10:22:56,$ 3381.23,100
2593,10:22:53,$ 3382.59,100
2594,10:22:53,$ 3382.59,100
2595,10:22:53,$ 3382.52,100
2596,10:22:43,$ 3383.415,100
2597,10:22:43,$ 3383.72,100
2598,10:22:42,$ 3383.87,100
2599,10:22:42,$ 3383.88,116
2600,10:22:41,$ 3383.88,200
2601,10:22:41,$ 3383.87,100
2602,10:22:41,$ 3383.87,100
2604,10:22:41,$ 3383.87,104
2605,10:22:12,$ 3382.29,100
2606,10:22:12,$ 3382.44,100
2607,10:22:11,$ 3382.74,100
2608,10:22:11,$ 3382.5899,100
2609,10:22:11,$ 3382.59,100
2610,10:22:06,$ 3382.12,100
2611,10:22:06,$ 3381.89,100
2612,10:21:57,$ 3381.89,100
2613,10:21:52,$ 3380.80,100
2614,10:21:52,$ 3380.80,100
2615,10:21:52,$ 3380.79,100
2616,10:21:52,$ 3381.255,100
2617,10:21:52,$ 3381.16,100
2618,10:21:52,$ 3380.89,100
2619,10:21:39,$ 3380.885,100
2620,10:21:39,$ 3381.20,100
2621,10:21:39,$ 3380.30,100
2622,10:21:39,$ 3380.30,371
2623,10:21:39,$ 3380.30,100
2625,10:21:39,$ 3380.30,100
2626,10:21:39,$ 3380.30,100
2627,10:21:39,$ 3380.30,100
2628,10:21:39,$ 3380.29,100
2629,10:21:38,$ 3380.76,100
2630,10:21:33,$ 3381.975,100
2631,10:21:33,$ 3381.32,100
2632,10:21:30,$ 3381.17,100
2633,10:21:30,$ 3380.49,100
2634,10:21:30,$ 3380.49,100
2635,10:21:18,$ 3380.459,154
2636,10:21:18,$ 3379.98,100
2637,10:21:17,$ 3378.99,100
2638,10:21:13,$ 3378.99,100
2639,10:21:12,$ 3378.53,200
2640,10:21:12,$ 3378.53,200
2641,10:21:01,$ 3378.33,100
2642,10:20:32,$ 3378.62,100
2643,10:20:30,$ 3378.43,100
2644,10:20:30,$ 3377.39,100
2646,10:20:30,$ 3377.41,100
2647,10:20:30,$ 3377.93,100
2648,10:20:30,$ 3377.81,100
2649,10:20:30,$ 3377.45,100
2650,10:20:30,$ 3377.45,100
2651,10:20:28,$ 3377.52,100
2652,10:20:15,$ 3377.1383,346
2653,10:20:13,$ 3376.305,100
2654,10:20:10,$ 3376.30,100
2655,10:20:09,$ 3376.30,100
2656,10:20:08,$ 3376.30,900
2657,10:20:08,$ 3376.24,100
2658,10:19:52,$ 3375.01,100
2659,10:19:48,$ 3374.2194,150
2660,10:19:45,$ 3374.36,100
2661,10:19:45,$ 3375.00,100
2662,10:19:42,$ 3375.348,100
2663,10:19:42,$ 3375.37,100
2664,10:19:42,$ 3375.35,110
2665,10:19:42,$ 3376.09,100
2667,10:19:40,$ 3375.31,100
2668,10:19:20,$ 3376.03,100
2669,10:19:05,$ 3376.7181,205
2670,10:19:00,$ 3376.69,100
2671,10:18:39,$ 3377.55,100
2672,10:18:39,$ 3377.55,100
2673,10:18:38,$ 3377.46,100
2674,10:18:38,$ 3377.59,100
2675,10:18:30,$ 3377.685,100
2676,10:18:30,$ 3377.685,100
2677,10:18:30,$ 3377.685,100
2678,10:18:30,$ 3377.685,100
2679,10:18:30,$ 3377.685,100
2680,10:18:30,$ 3377.68,100
2681,10:18:19,$ 3377.875,100
2682,10:18:18,$ 3377.875,100
2683,10:18:17,$ 3377.68,100
2684,10:18:17,$ 3377.68,100
2685,10:18:17,$ 3377.68,100
2686,10:17:43,$ 3378.06,395
2688,10:17:41,$ 3377.2107,380
2689,10:17:23,$ 3378.80,100
2690,10:16:56,$ 3377.30,100
2691,10:16:51,$ 3377.89,100
2692,10:16:48,$ 3378.25,100
2693,10:16:39,$ 3378.40,100
2694,10:16:37,$ 3378.22,100
2695,10:16:33,$ 3377.9242,100
2696,10:16:26,$ 3378.4397,200
2697,10:16:25,$ 3378.3404,196
2698,10:16:24,$ 3378.7799,250
2699,10:16:19,$ 3377.04,200
2700,10:16:13,$ 3375.96,100
2701,10:16:07,$ 3376.8386,250
2702,10:15:52,$ 3377.075,250
2703,10:15:49,$ 3377.67,"1,000"
2704,10:15:37,$ 3377.9833,250
2705,10:15:22,$ 3375.985,100
2706,10:15:22,$ 3376.34,100
2707,10:15:15,$ 3376.085,400
2709,10:15:05,$ 3375.62,100
2710,10:15:05,$ 3375.59,100
2711,10:14:33,$ 3377.13,150
2712,10:14:32,$ 3376.425,100
2713,10:14:30,$ 3376.96,100
2714,10:14:16,$ 3377.45,100
2715,10:14:16,$ 3377.45,100
2716,10:14:08,$ 3375.31,100
2717,10:14:08,$ 3375.37,100
2718,10:13:43,$ 3375.2701,400
2719,10:13:25,$ 3379.81,100
2720,10:13:25,$ 3379.69,100
2721,10:13:25,$ 3379.76,100
2722,10:13:08,$ 3378.27,122
2723,10:13:07,$ 3377.0424,150
2724,10:13:00,$ 3377.97,100
2725,10:13:00,$ 3377.96,100
2726,10:13:00,$ 3378.3485,100
2727,10:13:00,$ 3378.13,100
2728,10:12:42,$ 3379.81,100
2730,10:12:42,$ 3379.94,100
2731,10:12:41,$ 3379.0001,500
2732,10:12:39,$ 3379.0001,249
2733,10:12:19,$ 3379.99,100
2734,10:12:19,$ 3380.00,850
2735,10:12:10,$ 3380.071,250
2736,10:11:57,$ 3380.255,100
2737,10:11:57,$ 3380.33,100
2738,10:11:57,$ 3380.33,100
2739,10:11:57,$ 3380.61,100
2740,10:11:57,$ 3380.57,100
2741,10:11:57,$ 3380.16,100
2742,10:11:57,$ 3380.58,100
2743,10:11:57,$ 3380.58,100
2744,10:11:54,$ 3380.00,100
2745,10:11:54,$ 3380.00,100
2746,10:11:54,$ 3380.00,100
2747,10:11:54,$ 3380.06,100
2748,10:11:54,$ 3379.905,100
2749,10:11:53,$ 3379.50,200
2751,10:11:43,$ 3379.735,100
2752,10:11:41,$ 3378.85,237
2753,10:10:55,$ 3380.615,100
2754,10:10:55,$ 3380.72,100
2755,10:10:55,$ 3380.61,100
2756,10:10:55,$ 3380.71,100
2757,10:10:55,$ 3380.84,100
2758,10:10:55,$ 3380.75,100
2759,10:10:54,$ 3381.31,100
2760,10:10:54,$ 3381.41,100
2761,10:10:52,$ 3381.15,100
2762,10:10:42,$ 3381.9999,144
2763,10:10:41,$ 3381.145,100
2764,10:10:35,$ 3381.9999,100
2765,10:10:34,$ 3381.26,100
2766,10:10:33,$ 3382.2099,100
2767,10:10:21,$ 3381.598,100
2768,10:10:17,$ 3381.645,100
2769,10:10:10,$ 3381.26,100
2770,10:10:10,$ 3381.49,100
2772,10:10:10,$ 3380.54,109
2773,10:10:08,$ 3380.115,100
2774,10:10:08,$ 3379.69,100
2775,10:10:08,$ 3379.69,100
2776,10:10:03,$ 3379.665,100
2777,10:10:03,$ 3379.31,100
2778,10:10:03,$ 3379.00,147
2779,10:10:02,$ 3379.665,100
2780,10:10:02,$ 3379.665,100
2781,10:10:02,$ 3379.665,100
2782,10:10:02,$ 3379.65,100
2783,10:10:01,$ 3379.664,167
2784,10:09:54,$ 3379.47,100
2785,10:09:54,$ 3379.47,100
2786,10:09:54,$ 3379.47,100
2787,10:09:54,$ 3379.475,100
2788,10:09:51,$ 3379.54,100
2789,10:09:42,$ 3379.91,100
2790,10:09:20,$ 3379.10,190
2791,10:09:20,$ 3379.55,100
2793,10:09:02,$ 3378.78,100
2794,10:08:58,$ 3379.02,100
2795,10:08:58,$ 3378.91,100
2796,10:08:58,$ 3378.99,100
2797,10:08:58,$ 3379.11,100
2798,10:08:58,$ 3378.92,100
2799,10:08:58,$ 3379.09,100
2800,10:08:57,$ 3380.88,100
2801,10:08:55,$ 3379.43,100
2802,10:08:55,$ 3379.32,100
2803,10:08:53,$ 3379.11,100
2804,10:08:53,$ 3379.12,150
2805,10:08:51,$ 3378.8833,300
2806,10:08:49,$ 3379.75,100
2807,10:08:49,$ 3379.765,100
2808,10:08:46,$ 3378.83,100
2809,10:08:43,$ 3378.25,100
2810,10:08:43,$ 3378.27,200
2811,10:08:43,$ 3378.19,100
2812,10:08:43,$ 3378.26,100
2814,10:08:41,$ 3377.345,100
2815,10:08:41,$ 3376.2675,100
2816,10:08:40,$ 3375.35,100
2817,10:08:40,$ 3375.35,100
2818,10:08:40,$ 3375.36,100
2819,10:08:39,$ 3375.36,200
2820,10:08:36,$ 3374.69,100
2821,10:08:36,$ 3374.69,100
2822,10:08:32,$ 3374.69,100
2823,10:08:31,$ 3374.685,200
2824,10:08:21,$ 3375.38,100
2825,10:08:19,$ 3375.20,100
2826,10:08:18,$ 3375.50,100
2827,10:08:14,$ 3376.1527,200
2828,10:08:00,$ 3374.9992,300
2829,10:07:55,$ 3375.765,100
2830,10:07:54,$ 3375.4204,100
2831,10:07:47,$ 3375.69,100
2832,10:07:46,$ 3375.80,300
2833,10:07:45,$ 3375.9185,144
2835,10:07:39,$ 3376.16,100
2836,10:07:39,$ 3375.8123,400
2837,10:07:33,$ 3375.895,"1,000"
2838,10:07:27,$ 3375.325,100
2839,10:07:27,$ 3375.35,100
2840,10:07:26,$ 3376.00,100
2841,10:07:21,$ 3375.54,100
2842,10:07:21,$ 3375.53,100
2843,10:07:06,$ 3376.0008,100
2844,10:07:04,$ 3376.38,175
2845,10:07:04,$ 3376.38,100
2846,10:07:03,$ 3376.36,100
2847,10:07:03,$ 3376.35,100
2848,10:07:02,$ 3376.38,200
2849,10:07:02,$ 3375.78,100
2850,10:07:02,$ 3375.78,100
2851,10:07:02,$ 3375.78,100
2852,10:07:02,$ 3376.34,100
2853,10:07:02,$ 3376.33,100
2854,10:06:51,$ 3376.828,100
2856,10:06:51,$ 3376.791,168
2857,10:06:47,$ 3376.88,100
2858,10:06:47,$ 3377.03,100
2859,10:06:45,$ 3376.70,100
2860,10:06:45,$ 3376.54,100
2861,10:06:45,$ 3376.61,100
2862,10:06:45,$ 3377.48,100
2863,10:06:42,$ 3377.80,100
2864,10:06:42,$ 3377.93,100
2865,10:06:18,$ 3379.22,371
2866,10:06:18,$ 3379.30,100
2867,10:06:18,$ 3379.45,100
2868,10:06:10,$ 3378.7977,428
2869,10:06:10,$ 3378.7977,294
2870,10:05:54,$ 3377.6133,300
2871,10:05:40,$ 3379.35,"1,000"
2872,10:05:36,$ 3378.68,100
2873,10:05:36,$ 3377.85,500
2874,10:05:32,$ 3378.75,100
2875,10:05:32,$ 3377.99,100
2877,10:05:32,$ 3377.38,100
2878,10:05:23,$ 3377.545,100
2879,10:05:23,$ 3377.53,100
2880,10:05:23,$ 3377.04,100
2881,10:05:23,$ 3377.31,100
2882,10:05:20,$ 3378.25,400
2883,10:05:20,$ 3377.46,100
2884,10:05:20,$ 3377.74,400
2885,10:05:20,$ 3378.01,100
2886,10:05:20,$ 3377.54,100
2887,10:05:20,$ 3377.46,100
2888,10:05:20,$ 3377.46,100
2889,10:05:16,$ 3378.44,100
2890,10:05:16,$ 3378.1464,300
2891,10:05:14,$ 3378.30,129
2892,10:05:14,$ 3378.30,129
2893,10:05:14,$ 3378.30,129
2894,10:05:13,$ 3378.31,100
2895,10:05:12,$ 3377.31,175
2896,10:05:12,$ 3378.00,314
2898,10:05:12,$ 3378.38,400
2899,10:05:12,$ 3377.56,100
2900,10:05:12,$ 3378.00,100
2901,10:05:11,$ 3378.73,100
2902,10:04:59,$ 3379.395,100
2903,10:04:56,$ 3379.47,100
2904,10:04:56,$ 3379.47,100
2905,10:04:56,$ 3379.475,100
2906,10:04:28,$ 3380.0554,250
2907,10:04:22,$ 3380.425,100
2908,10:04:22,$ 3379.55,100
2909,10:04:22,$ 3380.29,400
2910,10:04:22,$ 3379.925,400
2911,10:04:22,$ 3379.69,100
2912,10:04:22,$ 3379.69,100
2913,10:04:20,$ 3378.695,100
2914,10:04:15,$ 3379.54,400
2915,10:04:15,$ 3379.54,400
2916,10:04:07,$ 3379.7155,100
2917,10:03:42,$ 3379.11,100
2919,10:03:18,$ 3378.64,188
2920,10:03:05,$ 3378.64,100
2921,10:03:02,$ 3378.64,241
2922,10:02:59,$ 3378.7853,100
2923,10:02:54,$ 3379.3716,100
2924,10:02:48,$ 3379.09,100
2925,10:02:46,$ 3378.48,200
2926,10:02:26,$ 3378.20,100
2927,10:02:26,$ 3378.1503,150
2928,10:02:25,$ 3377.90,100
2929,10:02:23,$ 3378.98,200
2930,10:02:23,$ 3378.255,100
2931,10:02:17,$ 3377.57,100
2932,10:02:11,$ 3378.08,120
2933,10:02:11,$ 3378.145,100
2934,10:02:10,$ 3378.105,100
2935,10:01:59,$ 3380.42,100
2936,10:01:59,$ 3380.37,100
2937,10:01:59,$ 3380.27,100
2938,10:01:52,$ 3380.9812,100
2940,10:01:51,$ 3379.516,100
2941,10:01:51,$ 3379.5501,400
2942,10:01:49,$ 3378.81,100
2943,10:01:49,$ 3378.96,100
2944,10:01:45,$ 3379.18,100
2945,10:01:44,$ 3379.255,100
2946,10:01:31,$ 3380.64,120
2947,10:01:30,$ 3380.56,200
2948,10:01:27,$ 3378.695,164
2949,10:01:27,$ 3379.205,100
2950,10:01:27,$ 3379.00,100
2951,10:01:26,$ 3379.1641,200
2952,10:01:20,$ 3380.17,100
2953,10:01:19,$ 3381.51,100
2954,10:01:19,$ 3381.39,100
2955,10:01:19,$ 3381.52,100
2956,10:01:19,$ 3381.55,100
2957,10:01:14,$ 3382.43,200
2958,10:01:12,$ 3381.765,100
2959,10:01:12,$ 3381.78,100
2961,10:01:12,$ 3382.15,100
2962,10:01:12,$ 3382.15,100
2963,10:01:04,$ 3382.15,100
2964,10:01:03,$ 3383.348,150
2965,10:00:58,$ 3382.94,100
2966,10:00:42,$ 3382.6856,120
2967,10:00:40,$ 3382.68,100
2968,10:00:38,$ 3383.498,100
2969,10:00:35,$ 3382.67,100
2970,10:00:31,$ 3382.94,100
2971,10:00:31,$ 3384.295,100
2972,10:00:29,$ 3384.055,100
2973,10:00:24,$ 3383.995,100
2974,10:00:24,$ 3384.01,100
2975,10:00:23,$ 3384.01,100
2976,10:00:23,$ 3384.01,100
2977,10:00:23,$ 3384.38,100
2978,10:00:23,$ 3384.4625,100
2979,10:00:22,$ 3384.83,100
2980,10:00:22,$ 3384.61,100
2982,10:00:18,$ 3386.46,100
2983,10:00:18,$ 3386.43,100
2984,10:00:18,$ 3386.50,281
2985,10:00:10,$ 3386.46,100
2986,10:00:10,$ 3386.46,100
2987,10:00:09,$ 3386.465,100
2988,10:00:06,$ 3387.03,200
2989,10:00:03,$ 3386.70,100
2990,10:00:02,$ 3386.09,100
2991,10:00:02,$ 3386.04,110
2993,10:59:47,$ 3374.5862,"1,000"
2994,10:59:45,$ 3374.665,"1,000"
2995,10:59:38,$ 3374.07,100
2996,10:59:36,$ 3374.4883,114
2997,10:59:36,$ 3374.4883,135
2998,10:59:36,$ 3374.006,100
2999,10:59:36,$ 3374.006,100
3000,10:59:36,$ 3374.006,100
3001,10:59:36,$ 3374.006,100
3002,10:59:36,$ 3374.35,100
3003,10:59:36,$ 3374.36,100
3004,10:59:36,$ 3374.40,100
3005,10:59:36,$ 3374.46,100
3006,10:59:35,$ 3373.89,"1,000"
3007,10:59:34,$ 3374.018,"1,000"
3008,10:59:30,$ 3373.875,100
3009,10:59:28,$ 3374.28,100
3010,10:59:28,$ 3373.43,100
3011,10:59:28,$ 3373.48,100
3012,10:59:24,$ 3372.90,100
3014,10:59:24,$ 3372.905,100
3015,10:59:04,$ 3373.1436,118
3016,10:59:04,$ 3373.1436,194
3017,10:59:04,$ 3373.1436,688
3018,10:58:51,$ 3373.70,100
3019,10:57:38,$ 3373.665,100
3020,10:57:38,$ 3373.765,100
3021,10:57:38,$ 3373.71,100
3022,10:57:19,$ 3373.59,100
3023,10:56:29,$ 3373.66,100
3024,10:56:06,$ 3374.22,100
3025,10:55:39,$ 3373.195,"1,000"
3026,10:55:38,$ 3374.176,"1,000"
3027,10:55:27,$ 3374.905,100
3028,10:55:23,$ 3374.30,100
3029,10:55:22,$ 3374.92,"1,000"
3030,10:55:20,$ 3375.8572,"1,000"
3031,10:55:19,$ 3375.985,"1,000"
3032,10:55:11,$ 3375.565,100
3033,10:55:10,$ 3375.565,100
3035,10:55:10,$ 3375.43,100
3036,10:55:09,$ 3375.055,100
3037,10:54:57,$ 3374.46,100
3038,10:54:19,$ 3373.14,100
3039,10:53:44,$ 3373.5569,100
3040,10:53:34,$ 3372.86,100
3041,10:53:21,$ 3373.555,100
3042,10:53:21,$ 3373.535,100
3043,10:53:21,$ 3373.505,100
3044,10:53:20,$ 3372.66,100
3045,10:53:07,$ 3371.99,100
3046,10:52:45,$ 3372.13,100
3047,10:52:24,$ 3372.30,100
3048,10:52:07,$ 3372.00,100
3049,10:51:53,$ 3371.553,150
3050,10:51:52,$ 3371.92,100
3051,10:51:12,$ 3373.32,100
3052,10:51:10,$ 3373.63,100
3053,10:50:42,$ 3373.00,100
3054,10:50:40,$ 3371.77,100
3056,10:50:39,$ 3371.63,100
3057,10:50:34,$ 3371.48,100
3058,10:50:26,$ 3371.49,100
3059,10:50:20,$ 3370.745,200
3060,10:50:07,$ 3371.32,100
3061,10:50:03,$ 3371.07,100
3062,10:49:44,$ 3372.09,100
3063,10:49:40,$ 3370.935,100
3064,10:49:31,$ 3371.61,"1,000"
3065,10:49:30,$ 3371.5513,"1,000"
3066,10:49:17,$ 3371.63,244
3067,10:49:13,$ 3371.39,956
3068,10:49:01,$ 3371.24,100
3069,10:48:55,$ 3371.22,100
3070,10:48:42,$ 3370.87,100
3071,10:48:42,$ 3371.20,100
3072,10:48:39,$ 3371.21,100
3073,10:48:39,$ 3371.2047,191
3074,10:48:39,$ 3370.8143,100
3075,10:48:15,$ 3371.49,100
3077,10:48:05,$ 3370.65,287
3078,10:48:05,$ 3370.93,100
3079,10:48:01,$ 3370.349,200
3080,10:48:00,$ 3369.89,100
3081,10:47:56,$ 3369.0001,100
3082,10:47:28,$ 3369.95,100
3083,10:47:18,$ 3369.00,100
3084,10:47:18,$ 3369.2526,100
3085,10:47:07,$ 3369.83,100
3086,10:46:47,$ 3370.38,100
3087,10:46:47,$ 3370.65,100
3088,10:46:40,$ 3370.50,100
3089,10:46:40,$ 3370.50,100
3090,10:46:39,$ 3370.53,100
3091,10:46:39,$ 3370.50,100
3092,10:46:34,$ 3370.1901,200
3093,10:46:33,$ 3371.17,100
3094,10:46:32,$ 3370.55,100
3095,10:46:32,$ 3370.53,100
3096,10:46:28,$ 3370.20,100
3098,10:46:24,$ 3369.81,100
3099,10:46:21,$ 3369.03,100
3100,10:46:21,$ 3369.03,100
3101,10:46:02,$ 3369.74,100
3102,10:45:14,$ 3369.64,100
3103,10:45:01,$ 3370.01,100
3104,10:44:43,$ 3369.74,100
3105,10:44:43,$ 3369.80,100
3106,10:44:12,$ 3367.6875,100
3107,10:44:04,$ 3368.00,100
3108,10:44:04,$ 3368.10,100
3109,10:43:49,$ 3369.00,400
3110,10:43:30,$ 3369.865,500
3111,10:42:56,$ 3369.99,200
3112,10:42:54,$ 3369.74,100
3113,10:42:54,$ 3369.74,100
3114,10:42:48,$ 3368.80,100
3115,10:42:48,$ 3369.27,300
3116,10:42:42,$ 3370.00,100
3117,10:42:42,$ 3370.00,100
3119,10:42:42,$ 3370.00,100
3120,10:42:35,$ 3370.45,100
3121,10:42:33,$ 3370.3954,100
3122,10:42:31,$ 3370.26,300
3123,10:42:31,$ 3370.26,100
3124,10:42:26,$ 3370.56,100
3125,10:42:26,$ 3370.84,100
3126,10:42:15,$ 3371.50,100
3127,10:42:05,$ 3371.49,100
3128,10:42:03,$ 3371.10,100
3129,10:41:49,$ 3371.20,100
3130,10:41:49,$ 3371.11,100
3131,10:41:49,$ 3371.49,100
3132,10:41:49,$ 3371.24,100
3133,10:41:27,$ 3371.2201,300
3134,10:41:22,$ 3372.5501,200
3135,10:41:13,$ 3372.455,100
3136,10:41:13,$ 3372.35,100
3137,10:40:33,$ 3373.76,200
3138,10:40:31,$ 3373.765,300
3140,10:39:49,$ 3373.90,100
3141,10:39:22,$ 3374.22,100
3142,10:39:22,$ 3374.00,100
3143,10:39:22,$ 3374.21,100
3144,10:39:21,$ 3373.44,100
3145,10:39:19,$ 3372.44,100
3146,10:39:13,$ 3373.102,100
3147,10:38:53,$ 3372.44,154
3148,10:38:42,$ 3373.001,123
3149,10:38:29,$ 3371.7501,100
3150,10:38:15,$ 3373.54,100
3151,10:38:07,$ 3373.1068,202
3152,10:38:01,$ 3372.27,100
3153,10:38:01,$ 3372.32,100
3154,10:37:31,$ 3372.00,272
3155,10:37:31,$ 3371.97,100
3156,10:37:26,$ 3372.0276,205
3157,10:37:21,$ 3372.06,100
3158,10:37:01,$ 3373.1575,362
3159,10:36:55,$ 3372.31,100
3161,10:36:30,$ 3372.5171,170
3162,10:36:26,$ 3372.8141,100
3163,10:36:17,$ 3372.73,100
3164,10:36:10,$ 3373.82,100
3165,10:36:10,$ 3373.84,100
3166,10:36:04,$ 3373.00,100
3167,10:35:53,$ 3372.80,100
3168,10:35:35,$ 3373.9929,250
3169,10:35:25,$ 3374.00,100
3170,10:35:25,$ 3374.00,100
3171,10:35:10,$ 3372.51,300
3172,10:35:06,$ 3373.445,300
3173,10:34:46,$ 3373.74,100
3174,10:34:37,$ 3375.25,119
3175,10:34:25,$ 3376.1995,280
3176,10:34:20,$ 3376.3046,250
3177,10:34:18,$ 3376.40,100
3178,10:34:12,$ 3376.155,150
3179,10:33:57,$ 3376.2325,100
3180,10:33:55,$ 3376.90,100
3182,10:33:43,$ 3377.47,100
3183,10:33:26,$ 3375.7987,100
3184,10:33:08,$ 3374.59,100
3185,10:32:55,$ 3374.78,100
3186,10:32:55,$ 3374.4725,100
3187,10:32:55,$ 3374.125,100
3188,10:32:55,$ 3374.51,100
3189,10:32:55,$ 3374.51,100
3190,10:32:47,$ 3374.4925,100
3191,10:32:47,$ 3374.625,100
3192,10:32:47,$ 3374.565,100
3193,10:32:44,$ 3375.25,100
3194,10:32:35,$ 3375.78,100
3195,10:32:21,$ 3375.70,100
3196,10:32:21,$ 3375.70,100
3197,10:32:11,$ 3375.3287,250
3198,10:31:56,$ 3376.7624,250
3199,10:31:56,$ 3376.095,500
3200,10:31:45,$ 3376.82,100
3201,10:31:30,$ 3376.72,117
3203,10:31:30,$ 3377.23,100
3204,10:31:26,$ 3377.23,100
3205,10:31:26,$ 3377.28,100
3206,10:31:20,$ 3377.80,100
3207,10:30:57,$ 3377.6801,100
3208,10:30:52,$ 3377.66,100
3209,10:30:52,$ 3377.74,100
3210,10:30:40,$ 3375.79,100
3211,10:30:40,$ 3375.79,100
3212,10:30:36,$ 3374.93,100
3213,10:30:32,$ 3375.00,100
3214,10:30:32,$ 3375.00,100
3215,10:30:27,$ 3375.0001,200
3216,10:30:20,$ 3375.4814,254
3217,10:30:20,$ 3375.481,100
3218,10:30:04,$ 3376.00,100
3219,10:30:04,$ 3376.25,100
3220,10:30:04,$ 3375.97,100
3221,10:30:04,$ 3376.30,100
3222,10:30:04,$ 3376.25,160
3224,10:30:04,$ 3376.22,100
3225,10:30:04,$ 3376.25,100
3226,10:30:04,$ 3375.6973,100
3228,11:29:59,$ 3367.20,100
3229,11:29:48,$ 3367.54,100
3230,11:29:48,$ 3367.28,143
3231,11:29:36,$ 3368.00,100
3232,11:29:36,$ 3368.00,100
3233,11:29:36,$ 3368.02,100
3234,11:29:35,$ 3368.02,100
3235,11:29:34,$ 3368.05,100
3236,11:29:34,$ 3368.08,100
3237,11:29:34,$ 3368.03,100
3238,11:29:34,$ 3368.04,100
3239,11:29:33,$ 3368.02,100
3240,11:29:33,$ 3368.83,150
3241,11:29:32,$ 3368.04,100
3242,11:29:28,$ 3368.79,100
3243,11:29:25,$ 3368.02,100
3244,11:29:24,$ 3368.02,100
3245,11:29:24,$ 3368.115,100
3246,11:28:59,$ 3366.93,100
3247,11:28:54,$ 3366.8745,200
3249,11:28:52,$ 3367.285,100
3250,11:28:51,$ 3366.8649,100
3251,11:28:48,$ 3367.17,"1,000"
3252,11:28:46,$ 3367.34,157
3253,11:28:46,$ 3367.34,603
3254,11:28:46,$ 3367.34,118
3255,11:28:46,$ 3367.22,100
3256,11:28:43,$ 3367.88,174
3257,11:28:42,$ 3367.00,140
3258,11:28:42,$ 3367.10,100
3259,11:28:40,$ 3367.19,100
3260,11:28:34,$ 3367.02,377
3261,11:28:25,$ 3368.26,100
3262,11:28:09,$ 3367.43,100
3263,11:28:08,$ 3368.64,100
3264,11:28:04,$ 3368.18,100
3265,11:28:00,$ 3368.68,165
3266,11:27:55,$ 3369.2499,100
3267,11:27:46,$ 3368.755,"1,000"
3268,11:27:46,$ 3369.23,100
3270,11:27:46,$ 3369.23,100
3271,11:27:46,$ 3368.76,100
3272,11:27:46,$ 3368.698,200
3273,11:27:46,$ 3368.57,100
3274,11:27:45,$ 3368.234,164
3275,11:27:44,$ 3368.735,"1,000"
3276,11:27:39,$ 3369.16,100
3277,11:26:18,$ 3370.545,125
3278,11:26:07,$ 3368.621,"1,000"
3279,11:26:06,$ 3369.03,100
3280,11:26:05,$ 3368.62,100
3281,11:25:48,$ 3369.08,"1,000"
3282,11:25:47,$ 3369.084,293
3283,11:25:47,$ 3369.234,100
3284,11:25:47,$ 3369.234,100
3285,11:25:47,$ 3369.234,100
3286,11:25:47,$ 3368.93,100
3287,11:25:47,$ 3369.234,100
3288,11:25:47,$ 3368.92,100
3289,11:25:32,$ 3369.27,"1,000"
3291,11:25:30,$ 3369.28,"1,000"
3292,11:25:16,$ 3369.8362,132
3293,11:25:16,$ 3370.59,100
3294,11:25:16,$ 3370.60,100
3295,11:25:16,$ 3370.769,100
3296,11:25:16,$ 3370.10,100
3297,11:25:16,$ 3370.769,100
3298,11:25:16,$ 3370.32,100
3299,11:25:12,$ 3370.42,100
3300,11:25:10,$ 3370.775,"1,000"
3301,11:25:09,$ 3370.774,"1,000"
3302,11:24:53,$ 3370.35,100
3303,11:24:26,$ 3370.05,100
3304,11:24:13,$ 3370.175,100
3305,11:24:13,$ 3371.2383,376
3306,11:24:13,$ 3370.609,100
3307,11:23:19,$ 3369.585,200
3308,11:23:13,$ 3369.33,100
3309,11:23:05,$ 3369.33,100
3310,11:22:56,$ 3370.00,100
3312,11:22:29,$ 3369.985,"1,000"
3313,11:22:26,$ 3370.1907,"1,000"
3314,11:22:12,$ 3370.975,"1,000"
3315,11:22:09,$ 3370.78,"1,000"
3316,11:21:55,$ 3370.54,100
3317,11:21:55,$ 3370.39,100
3318,11:21:53,$ 3370.30,100
3319,11:21:49,$ 3369.59,200
3320,11:21:20,$ 3369.4275,100
3321,11:21:12,$ 3370.2042,200
3322,11:21:00,$ 3369.589,107
3323,11:21:00,$ 3369.589,268
3324,11:21:00,$ 3370.295,100
3325,11:21:00,$ 3369.77,174
3326,11:21:00,$ 3369.77,225
3327,11:20:59,$ 3369.815,"1,000"
3328,11:20:57,$ 3369.1161,"1,000"
3329,11:20:38,$ 3368.89,"1,000"
3330,11:20:35,$ 3369.01,100
3331,11:20:35,$ 3369.00,900
3333,11:20:35,$ 3369.00,100
3334,11:20:35,$ 3369.00,100
3335,11:20:35,$ 3369.00,147
3336,11:20:23,$ 3369.75,100
3337,11:20:23,$ 3369.88,100
3338,11:20:22,$ 3369.9193,100
3339,11:20:22,$ 3370.508,"1,000"
3340,11:20:19,$ 3370.00,100
3341,11:20:10,$ 3370.8801,187
3342,11:20:01,$ 3371.155,100
3343,11:19:45,$ 3372.13,100
3344,11:19:34,$ 3372.31,"1,000"
3345,11:19:31,$ 3372.235,"1,000"
3346,11:19:28,$ 3372.8185,129
3347,11:19:28,$ 3373.179,100
3348,11:19:28,$ 3373.179,100
3349,11:19:28,$ 3372.74,100
3350,11:19:28,$ 3374.07,208
3351,11:19:27,$ 3374.065,"1,000"
3352,11:19:26,$ 3375.104,100
3354,11:19:26,$ 3375.104,100
3355,11:19:26,$ 3375.104,100
3356,11:19:26,$ 3375.104,100
3357,11:19:26,$ 3374.68,100
3358,11:19:26,$ 3374.66,100
3359,11:18:42,$ 3374.36,100
3360,11:17:28,$ 3374.23,100
3361,11:17:23,$ 3374.22,100
3362,11:17:14,$ 3373.1416,"1,000"
3363,11:17:13,$ 3373.255,"1,000"
3364,11:16:19,$ 3372.5363,100
3365,11:16:18,$ 3373.103,102
3366,11:16:18,$ 3373.05,100
3367,11:16:18,$ 3372.75,100
3368,11:16:18,$ 3373.25,100
3369,11:16:18,$ 3372.022,100
3370,11:16:18,$ 3372.022,100
3371,11:16:18,$ 3372.37,100
3372,11:16:17,$ 3371.93,100
3373,11:16:17,$ 3371.93,"1,000"
3375,11:16:16,$ 3372.028,100
3376,11:16:16,$ 3372.028,100
3377,11:16:16,$ 3372.028,100
3378,11:16:16,$ 3372.20,100
3379,11:16:16,$ 3372.23,100
3380,11:16:16,$ 3372.20,100
3381,11:16:09,$ 3372.385,"1,000"
3382,11:16:07,$ 3372.18,100
3383,11:16:07,$ 3372.38,"1,000"
3384,11:16:00,$ 3372.72,100
3385,11:15:47,$ 3372.61,100
3386,11:15:45,$ 3373.06,100
3387,11:15:45,$ 3373.24,100
3388,11:15:45,$ 3373.537,744
3389,11:15:42,$ 3373.245,"1,000"
3390,11:15:33,$ 3373.505,100
3391,11:15:30,$ 3373.185,100
3392,11:15:30,$ 3373.21,100
3393,11:15:30,$ 3373.59,100
3394,11:15:22,$ 3374.37,100
3396,11:14:34,$ 3374.169,"1,000"
3397,11:14:33,$ 3374.17,"1,000"
3398,11:14:20,$ 3374.8052,890
3399,11:14:17,$ 3374.31,100
3400,11:14:17,$ 3374.42,100
3401,11:14:12,$ 3373.7601,100
3402,11:14:10,$ 3374.75,"1,000"
3403,11:13:56,$ 3374.29,100
3404,11:13:56,$ 3374.15,800
3405,11:13:56,$ 3374.29,200
3406,11:13:56,$ 3374.29,100
3407,11:13:45,$ 3375.17,115
3408,11:13:41,$ 3375.79,100
3409,11:13:41,$ 3375.73,100
3410,11:13:41,$ 3375.80,100
3411,11:13:29,$ 3376.44,100
3412,11:13:27,$ 3376.9199,200
3413,11:12:07,$ 3377.30,100
3414,11:12:02,$ 3376.98,100
3415,11:12:01,$ 3376.13,100
3417,11:11:47,$ 3375.81,100
3418,11:11:42,$ 3375.90,100
3419,11:11:42,$ 3375.98,103
3420,11:11:34,$ 3375.505,100
3421,11:11:33,$ 3375.9899,300
3422,11:10:20,$ 3375.20,100
3423,11:10:18,$ 3375.17,120
3424,11:09:04,$ 3377.24,100
3425,11:09:04,$ 3377.30,100
3426,11:08:39,$ 3377.37,100
3427,11:08:31,$ 3377.52,100
3428,11:07:43,$ 3376.535,100
3429,11:07:32,$ 3376.76,100
3430,11:07:30,$ 3376.6545,100
3431,11:07:14,$ 3376.2129,260
3432,11:07:06,$ 3376.355,100
3433,11:06:31,$ 3376.99,100
3434,11:06:21,$ 3377.405,125
3435,11:06:16,$ 3377.66,200
3436,11:05:58,$ 3377.10,200
3438,11:05:37,$ 3377.43,180
3439,11:05:32,$ 3378.00,109
3440,11:05:30,$ 3377.04,174
3441,11:05:26,$ 3376.56,100
3442,11:05:24,$ 3376.48,100
3443,11:04:50,$ 3376.015,100
3444,11:04:35,$ 3376.09,100
3445,11:04:24,$ 3374.49,100
3446,11:04:10,$ 3374.705,100
3447,11:02:37,$ 3375.42,100
3448,11:02:37,$ 3375.40,888
3449,11:02:36,$ 3375.23,100
3450,11:02:35,$ 3374.805,100
3451,11:02:33,$ 3375.17,100
3452,11:02:13,$ 3375.37,100
3453,11:01:37,$ 3375.22,100
3454,11:01:31,$ 3374.90,120
3455,11:01:30,$ 3375.2199,100
3456,11:01:11,$ 3375.03,100
3457,11:01:08,$ 3375.03,100
3459,11:00:49,$ 3375.22,100
3460,11:00:48,$ 3375.22,100
3461,11:00:29,$ 3375.245,100
3462,11:00:12,$ 3374.1201,400
3464,11:59:32,$ 3371.29,200
3465,11:59:03,$ 3370.90,100
3466,11:58:14,$ 3371.7132,100
3467,11:57:48,$ 3371.80,100
3468,11:56:44,$ 3372.40,100
3469,11:56:39,$ 3372.08,100
3470,11:56:33,$ 3372.50,100
3471,11:55:48,$ 3372.392,100
3472,11:55:48,$ 3372.035,298
3473,11:55:46,$ 3372.15,"1,000"
3474,11:55:45,$ 3371.9131,"1,000"
3475,11:55:40,$ 3372.05,300
3476,11:55:40,$ 3371.37,100
3477,11:55:40,$ 3371.23,100
3478,11:55:39,$ 3371.1688,"1,000"
3479,11:55:38,$ 3370.85,"1,000"
3480,11:55:32,$ 3370.48,100
3481,11:55:30,$ 3371.21,100
3482,11:55:04,$ 3370.2329,100
3483,11:55:01,$ 3369.24,100
3485,11:54:37,$ 3369.58,100
3486,11:54:37,$ 3369.63,100
3487,11:54:32,$ 3368.33,"1,000"
3488,11:54:31,$ 3368.95,"1,000"
3489,11:54:30,$ 3368.8969,"1,000"
3490,11:54:24,$ 3369.33,101
3491,11:54:24,$ 3369.19,100
3492,11:54:24,$ 3368.72,100
3493,11:54:17,$ 3368.28,"1,000"
3494,11:54:16,$ 3368.591,296
3495,11:54:16,$ 3368.591,100
3496,11:54:16,$ 3368.591,215
3497,11:54:16,$ 3368.82,215
3498,11:54:13,$ 3368.895,100
3499,11:54:11,$ 3368.45,100
3500,11:54:11,$ 3368.51,100
3501,11:54:11,$ 3368.91,100
3502,11:54:11,$ 3368.95,100
3503,11:54:04,$ 3369.69,100
3504,11:53:53,$ 3369.47,500
3506,11:53:42,$ 3370.11,100
3507,11:53:36,$ 3370.4488,100
3508,11:53:12,$ 3371.11,100
3509,11:52:49,$ 3371.64,100
3510,11:51:26,$ 3371.33,100
3511,11:51:26,$ 3371.20,100
3512,11:51:14,$ 3371.03,"1,000"
3513,11:51:13,$ 3371.026,"1,000"
3514,11:51:12,$ 3371.025,"1,000"
3515,11:50:48,$ 3371.995,"1,000"
3516,11:50:47,$ 3371.989,100
3517,11:50:47,$ 3371.90,288
3518,11:50:47,$ 3371.60,100
3519,11:50:43,$ 3371.83,100
3520,11:50:33,$ 3371.125,"1,000"
3521,11:50:15,$ 3371.0012,144
3522,11:50:11,$ 3370.709,"1,000"
3523,11:50:10,$ 3370.71,"1,000"
3524,11:50:02,$ 3370.521,375
3525,11:50:02,$ 3371.102,100
3527,11:49:32,$ 3370.41,100
3528,11:49:18,$ 3369.55,100
3529,11:49:18,$ 3369.9405,102
3530,11:49:18,$ 3369.384,100
3531,11:49:18,$ 3369.384,100
3532,11:49:18,$ 3369.53,100
3533,11:49:18,$ 3369.384,100
3534,11:49:18,$ 3369.384,100
3535,11:49:18,$ 3369.64,100
3536,11:49:18,$ 3369.56,100
3537,11:49:18,$ 3369.60,100
3538,11:49:17,$ 3369.32,"1,000"
3539,11:49:16,$ 3369.0281,"1,000"
3540,11:48:59,$ 3369.795,"1,000"
3541,11:48:57,$ 3369.8044,288
3542,11:48:57,$ 3369.8044,300
3543,11:48:57,$ 3369.859,100
3544,11:48:57,$ 3369.859,100
3545,11:48:57,$ 3369.77,100
3546,11:48:57,$ 3369.859,100
3548,11:48:57,$ 3369.75,100
3549,11:48:57,$ 3369.57,100
3550,11:48:45,$ 3369.605,100
3551,11:48:45,$ 3369.7168,100
3552,11:48:42,$ 3370.02,100
3553,11:48:37,$ 3369.485,100
3554,11:48:20,$ 3369.41,100
3555,11:47:20,$ 3369.20,100
3556,11:46:41,$ 3368.6755,200
3557,11:45:54,$ 3368.95,100
3558,11:45:49,$ 3368.95,100
3559,11:45:49,$ 3368.94,100
3560,11:45:48,$ 3369.0101,206
3561,11:45:42,$ 3369.425,160
3562,11:45:26,$ 3368.805,100
3563,11:45:13,$ 3368.67,100
3564,11:45:13,$ 3368.67,100
3565,11:44:57,$ 3368.60,100
3566,11:44:46,$ 3368.42,150
3567,11:44:46,$ 3368.17,100
3569,11:44:44,$ 3368.28,100
3570,11:44:44,$ 3368.52,100
3571,11:44:28,$ 3368.02,100
3572,11:43:56,$ 3368.025,100
3573,11:43:56,$ 3368.03,100
3574,11:43:54,$ 3368.025,100
3575,11:43:53,$ 3368.19,100
3576,11:43:53,$ 3368.035,100
3577,11:43:49,$ 3367.60,140
3578,11:43:49,$ 3367.45,100
3579,11:43:49,$ 3367.65,100
3580,11:43:27,$ 3367.625,100
3581,11:43:25,$ 3367.7401,100
3582,11:43:24,$ 3367.35,100
3583,11:43:24,$ 3367.40,100
3584,11:43:24,$ 3367.47,100
3585,11:43:24,$ 3367.47,100
3586,11:43:24,$ 3367.48,100
3587,11:43:24,$ 3367.49,100
3588,11:43:24,$ 3367.49,100
3590,11:43:21,$ 3366.56,100
3591,11:43:21,$ 3366.51,100
3592,11:43:08,$ 3366.73,300
3593,11:42:33,$ 3367.085,100
3594,11:41:33,$ 3366.635,100
3595,11:41:00,$ 3366.835,100
3596,11:40:45,$ 3366.35,100
3597,11:40:32,$ 3365.415,"1,000"
3598,11:40:30,$ 3365.31,100
3599,11:40:30,$ 3365.125,"1,000"
3600,11:40:17,$ 3364.20,100
3601,11:40:16,$ 3365.125,100
3602,11:39:59,$ 3365.545,100
3603,11:39:59,$ 3365.53,100
3604,11:39:58,$ 3365.532,100
3605,11:39:58,$ 3365.635,200
3606,11:39:58,$ 3365.635,200
3607,11:39:57,$ 3365.69,"1,000"
3608,11:39:56,$ 3365.5527,"1,000"
3609,11:39:54,$ 3366.14,100
3611,11:39:52,$ 3364.93,100
3612,11:39:52,$ 3365.58,100
3613,11:39:34,$ 3364.16,100
3614,11:39:33,$ 3364.0096,100
3615,11:39:30,$ 3364.1725,100
3616,11:39:28,$ 3364.01,100
3617,11:39:09,$ 3364.16,100
3618,11:39:09,$ 3364.735,100
3619,11:39:09,$ 3364.06,100
3620,11:39:09,$ 3364.735,300
3621,11:39:06,$ 3364.735,100
3622,11:39:06,$ 3364.825,100
3623,11:38:34,$ 3365.0001,100
3624,11:38:30,$ 3365.53,100
3625,11:37:56,$ 3365.82,100
3626,11:37:56,$ 3365.55,100
3627,11:37:39,$ 3366.8799,100
3628,11:37:30,$ 3366.43,"1,000"
3629,11:37:26,$ 3367.015,100
3630,11:37:24,$ 3366.068,100
3632,11:37:24,$ 3366.068,100
3633,11:37:24,$ 3366.1119,100
3634,11:37:24,$ 3365.835,100
3635,11:37:24,$ 3365.131,100
3636,11:37:24,$ 3365.1783,100
3637,11:37:24,$ 3365.57,100
3638,11:37:23,$ 3365.59,100
3639,11:37:23,$ 3365.44,100
3640,11:37:23,$ 3364.889,200
3641,11:37:23,$ 3364.90,100
3642,11:37:23,$ 3364.90,100
3643,11:37:23,$ 3364.90,100
3644,11:37:01,$ 3364.705,300
3645,11:36:52,$ 3363.82,100
3646,11:36:40,$ 3365.8843,"1,615"
3647,11:36:22,$ 3363.75,100
3648,11:36:16,$ 3363.9195,125
3649,11:36:15,$ 3364.37,300
3650,11:35:58,$ 3364.2294,111
3651,11:35:24,$ 3365.095,100
3653,11:35:06,$ 3365.8129,137
3654,11:34:54,$ 3365.96,100
3655,11:34:51,$ 3365.68,100
3656,11:34:49,$ 3365.19,"1,000"
3657,11:34:48,$ 3365.1561,"1,000"
3658,11:34:43,$ 3365.39,100
3659,11:34:38,$ 3364.965,"1,000"
3660,11:34:37,$ 3364.15,133
3661,11:34:37,$ 3364.8894,297
3662,11:34:37,$ 3364.68,100
3663,11:34:37,$ 3364.60,100
3664,11:34:37,$ 3365.10,100
3665,11:34:35,$ 3364.07,100
3666,11:34:09,$ 3364.705,100
3667,11:33:25,$ 3364.768,100
3668,11:33:24,$ 3364.501,"1,000"
3669,11:33:15,$ 3365.00,100
3670,11:33:15,$ 3364.11,100
3671,11:33:15,$ 3364.715,100
3672,11:33:13,$ 3365.34,100
3674,11:33:06,$ 3365.61,100
3675,11:33:00,$ 3365.74,100
3676,11:33:00,$ 3365.69,100
3677,11:32:43,$ 3365.795,200
3678,11:32:43,$ 3365.83,125
3679,11:32:43,$ 3365.84,100
3680,11:32:43,$ 3365.925,100
3681,11:32:40,$ 3366.40,"1,000"
3682,11:32:39,$ 3365.65,200
3683,11:32:39,$ 3365.41,100
3684,11:32:39,$ 3366.489,"1,000"
3685,11:32:39,$ 3366.00,100
3686,11:32:29,$ 3367.235,"1,000"
3687,11:32:28,$ 3367.3133,"1,000"
3688,11:32:06,$ 3367.90,100
3689,11:31:24,$ 3367.45,"1,000"
3690,11:31:20,$ 3366.7199,200
3691,11:31:05,$ 3366.549,118
3692,11:31:05,$ 3366.549,377
3693,11:31:05,$ 3366.549,318
3695,11:31:05,$ 3366.55,187
3696,11:31:04,$ 3366.58,200
3697,11:31:04,$ 3366.905,192
3698,11:31:04,$ 3367.0001,100
3700,12:29:55,$ 3374.79,100
3701,12:29:37,$ 3374.4025,100
3702,12:29:37,$ 3374.405,100
3703,12:29:30,$ 3373.465,200
3704,12:29:15,$ 3373.11,100
3705,12:29:14,$ 3373.15,100
3706,12:29:11,$ 3373.56,164
3707,12:28:28,$ 3373.12,100
3708,12:28:19,$ 3373.38,100
3709,12:28:19,$ 3373.12,100
3710,12:27:32,$ 3371.70,100
3711,12:26:53,$ 3371.45,100
3712,12:25:09,$ 3373.615,200
3713,12:25:07,$ 3373.19,100
3714,12:24:35,$ 3372.15,100
3715,12:24:10,$ 3373.14,100
3716,12:23:36,$ 3373.13,100
3717,12:23:02,$ 3373.04,100
3718,12:22:32,$ 3373.72,100
3719,12:22:09,$ 3372.37,100
3721,12:22:07,$ 3373.58,102
3722,12:22:06,$ 3373.81,100
3723,12:22:05,$ 3373.63,211
3724,12:21:51,$ 3373.63,100
3725,12:21:35,$ 3372.73,100
3726,12:21:35,$ 3372.74,100
3727,12:21:00,$ 3373.269,"1,100"
3728,12:20:56,$ 3373.7027,"1,100"
3729,12:20:05,$ 3373.00,100
3730,12:20:01,$ 3373.6025,100
3731,12:19:40,$ 3373.25,100
3732,12:19:39,$ 3373.105,100
3733,12:19:25,$ 3372.86,331
3734,12:19:22,$ 3372.30,500
3735,12:19:03,$ 3372.1468,100
3736,12:18:59,$ 3372.43,200
3737,12:18:59,$ 3372.744,100
3738,12:18:39,$ 3371.68,100
3739,12:18:35,$ 3371.465,100
3740,12:17:56,$ 3371.55,100
3742,12:17:38,$ 3371.00,100
3743,12:17:24,$ 3371.01,100
3744,12:16:40,$ 3372.31,127
3745,12:16:40,$ 3372.19,100
3746,12:16:33,$ 3371.92,100
3747,12:15:11,$ 3373.405,100
3748,12:15:07,$ 3373.405,101
3749,12:14:29,$ 3373.27,100
3750,12:13:54,$ 3373.04,461
3751,12:13:54,$ 3373.62,100
3752,12:13:54,$ 3373.62,100
3753,12:13:54,$ 3373.87,100
3754,12:13:45,$ 3374.62,132
3755,12:13:30,$ 3374.62,280
3756,12:11:50,$ 3373.674,100
3757,12:11:50,$ 3372.63,100
3758,12:11:50,$ 3372.57,100
3759,12:11:49,$ 3372.57,100
3760,12:10:55,$ 3372.71,100
3761,12:10:55,$ 3372.73,100
3763,12:09:00,$ 3371.49,100
3764,12:08:30,$ 3371.00,100
3765,12:08:20,$ 3370.75,100
3766,12:08:08,$ 3370.75,100
3767,12:07:58,$ 3371.45,153
3768,12:07:55,$ 3371.1392,150
3769,12:07:48,$ 3370.854,100
3770,12:07:35,$ 3371.34,100
3771,12:06:44,$ 3372.00,300
3772,12:06:37,$ 3372.00,100
3773,12:06:06,$ 3372.11,100
3774,12:05:43,$ 3373.21,420
3775,12:05:27,$ 3373.50,100
3776,12:05:22,$ 3373.78,100
3777,12:05:11,$ 3374.24,200
3778,12:04:05,$ 3374.15,400
3779,12:03:47,$ 3374.27,100
3780,12:03:37,$ 3374.00,204
3781,12:00:58,$ 3372.69,100
3782,12:00:53,$ 3372.685,100
3784,12:00:39,$ 3371.23,200
3785,12:00:28,$ 3372.86,100
3786,12:00:28,$ 3372.80,100
3787,12:00:28,$ 3372.80,100
3788,12:00:28,$ 3372.95,200
3790,12:59:42,$ 3370.53,100
3791,12:59:31,$ 3370.798,103
3792,12:59:31,$ 3370.798,128
3793,12:59:31,$ 3371.13,100
3794,12:59:19,$ 3371.2599,100
3795,12:58:56,$ 3370.5556,250
3796,12:58:54,$ 3370.31,242
3797,12:58:32,$ 3369.915,100
3798,12:58:25,$ 3370.0255,100
3799,12:58:19,$ 3369.78,100
3800,12:58:14,$ 3369.20,100
3801,12:58:10,$ 3368.652,206
3802,12:58:08,$ 3368.85,100
3803,12:57:36,$ 3369.20,100
3804,12:57:25,$ 3370.255,100
3805,12:57:21,$ 3370.00,100
3806,12:57:16,$ 3370.0118,109
3807,12:57:16,$ 3370.14,100
3808,12:57:08,$ 3370.19,100
3809,12:56:24,$ 3370.1175,400
3811,12:56:16,$ 3370.10,100
3812,12:56:07,$ 3370.94,100
3813,12:55:59,$ 3370.90,100
3814,12:55:42,$ 3371.50,100
3815,12:55:23,$ 3371.4801,478
3816,12:55:10,$ 3371.51,100
3817,12:55:10,$ 3371.52,100
3818,12:55:00,$ 3370.34,100
3819,12:55:00,$ 3370.34,100
3820,12:55:00,$ 3371.05,100
3821,12:54:59,$ 3371.17,100
3822,12:54:02,$ 3372.7988,100
3823,12:53:48,$ 3372.43,100
3824,12:53:44,$ 3373.14,100
3825,12:53:36,$ 3372.49,200
3826,12:53:09,$ 3372.8466,176
3827,12:53:05,$ 3372.39,100
3828,12:52:59,$ 3372.00,100
3829,12:52:39,$ 3372.4217,250
3830,12:52:24,$ 3372.52,250
