,NLS Time (ET),NLS Price,NLS Share Volume
1,09:59:59,$ 3359.71,100
2,09:59:54,$ 3359.665,400
3,09:59:54,$ 3359.64,100
4,09:59:46,$ 3360.00,190
5,09:59:44,$ 3361.37,100
6,09:59:43,$ 3361.76,100
7,09:59:42,$ 3362.5069,100
8,09:59:41,$ 3361.9101,100
9,09:59:39,$ 3362.79,100
10,09:59:30,$ 3361.96,100
11,09:59:30,$ 3361.94,100
12,09:59:27,$ 3361.925,100
13,09:59:27,$ 3361.35,100
14,09:59:18,$ 3360.775,100
15,09:59:16,$ 3360.00,120
16,09:59:16,$ 3360.00,100
17,09:59:16,$ 3359.55,100
18,09:59:16,$ 3359.60,100
19,09:59:12,$ 3358.915,200
20,09:59:12,$ 3358.92,200
22,09:59:02,$ 3358.95,300
23,09:58:55,$ 3358.96,257
24,09:58:54,$ 3359.15,100
25,09:58:54,$ 3358.62,100
26,09:58:50,$ 3358.00,124
27,09:58:50,$ 3358.00,119
28,09:58:50,$ 3358.22,100
29,09:58:50,$ 3357.75,100
30,09:58:49,$ 3357.75,100
31,09:58:49,$ 3357.75,100
32,09:58:49,$ 3357.75,100
33,09:58:47,$ 3357.515,200
34,09:58:46,$ 3357.51,100
35,09:58:46,$ 3357.515,100
36,09:58:44,$ 3357.515,129
37,09:58:37,$ 3357.515,128
38,09:58:35,$ 3357.515,200
39,09:58:34,$ 3357.365,100
40,09:58:14,$ 3353.715,100
41,09:58:14,$ 3354.24,100
43,09:58:14,$ 3353.52,100
44,09:58:14,$ 3353.68,100
45,09:58:05,$ 3352.885,100
46,09:58:03,$ 3352.84,200
47,09:57:58,$ 3352.88,100
48,09:57:41,$ 3352.215,100
49,09:57:31,$ 3352.7425,100
50,09:57:24,$ 3352.76,200
51,09:57:24,$ 3352.765,200
52,09:57:12,$ 3352.00,100
53,09:57:12,$ 3352.30,100
54,09:57:04,$ 3354.6876,205
55,09:56:56,$ 3353.00,250
56,09:56:49,$ 3353.01,100
57,09:56:49,$ 3353.955,100
58,09:56:45,$ 3353.5125,100
59,09:56:36,$ 3354.945,100
60,09:56:34,$ 3353.87,250
61,09:56:25,$ 3354.55,100
62,09:56:25,$ 3354.55,100
64,09:56:25,$ 3354.55,250
65,09:56:15,$ 3354.55,250
66,09:56:08,$ 3356.35,100
67,09:55:58,$ 3356.35,250
68,09:55:50,$ 3358.31,100
69,09:55:41,$ 3357.3012,200
70,09:55:40,$ 3357.96,100
71,09:55:39,$ 3358.00,100
72,09:55:25,$ 3356.77,893
73,09:55:18,$ 3357.16,100
74,09:55:14,$ 3356.93,100
75,09:55:11,$ 3356.155,100
76,09:55:11,$ 3356.33,100
77,09:55:08,$ 3356.78,100
78,09:54:59,$ 3356.06,100
79,09:54:54,$ 3355.31,100
80,09:54:31,$ 3355.04,100
81,09:54:28,$ 3355.02,100
82,09:54:21,$ 3356.57,100
83,09:53:42,$ 3357.82,100
85,09:53:41,$ 3358.565,100
86,09:53:35,$ 3358.71,100
87,09:53:10,$ 3359.55,100
88,09:53:09,$ 3358.84,100
89,09:52:53,$ 3357.44,100
90,09:52:53,$ 3357.27,299
91,09:52:53,$ 3357.27,100
92,09:52:49,$ 3356.78,100
93,09:52:46,$ 3356.48,100
94,09:52:46,$ 3356.27,120
95,09:52:44,$ 3354.71,100
96,09:52:41,$ 3355.29,100
97,09:52:27,$ 3355.80,200
98,09:52:13,$ 3355.88,100
99,09:52:00,$ 3356.48,100
100,09:51:58,$ 3356.12,100
101,09:51:58,$ 3356.19,200
102,09:51:57,$ 3356.48,100
103,09:51:57,$ 3356.05,100
104,09:51:48,$ 3357.64,100
106,09:51:45,$ 3358.27,100
107,09:51:38,$ 3356.61,100
108,09:51:33,$ 3357.02,100
109,09:51:09,$ 3357.52,100
110,09:51:06,$ 3358.74,100
111,09:51:05,$ 3356.33,100
112,09:51:05,$ 3356.34,100
113,09:51:00,$ 3355.305,100
114,09:50:55,$ 3354.34,100
115,09:50:54,$ 3352.46,"1,000"
116,09:50:51,$ 3355.695,100
117,09:50:51,$ 3356.47,100
118,09:50:51,$ 3356.07,100
119,09:50:50,$ 3355.235,100
120,09:50:40,$ 3357.66,100
121,09:50:40,$ 3357.67,196
122,09:50:40,$ 3357.52,100
123,09:50:30,$ 3357.71,100
124,09:50:29,$ 3358.01,100
125,09:50:29,$ 3358.00,100
127,09:50:29,$ 3358.94,100
128,09:50:29,$ 3358.94,100
129,09:50:29,$ 3358.94,100
130,09:50:29,$ 3358.95,100
131,09:50:29,$ 3358.94,100
132,09:50:29,$ 3358.96,100
133,09:50:29,$ 3358.96,100
134,09:50:28,$ 3358.31,100
135,09:50:28,$ 3359.04,100
136,09:50:28,$ 3359.72,100
137,09:50:28,$ 3360.00,100
138,09:50:28,$ 3362.38,100
139,09:50:28,$ 3360.92,100
140,09:50:28,$ 3360.17,100
141,09:50:28,$ 3360.23,100
142,09:50:28,$ 3360.17,100
143,09:50:28,$ 3360.01,100
144,09:50:28,$ 3360.00,100
145,09:50:28,$ 3361.37,100
146,09:50:28,$ 3361.37,100
148,09:50:28,$ 3361.10,100
149,09:50:24,$ 3361.91,100
150,09:50:24,$ 3361.91,100
151,09:50:21,$ 3361.89,100
152,09:50:21,$ 3361.90,100
153,09:50:21,$ 3361.91,100
154,09:50:08,$ 3362.24,100
155,09:50:07,$ 3362.0533,149
156,09:50:05,$ 3362.625,100
157,09:50:01,$ 3362.79,100
158,09:50:01,$ 3362.79,100
159,09:50:00,$ 3361.84,100
160,09:49:49,$ 3362.015,100
161,09:49:48,$ 3362.85,100
162,09:49:40,$ 3362.125,100
163,09:49:36,$ 3363.115,100
164,09:49:35,$ 3361.89,100
165,09:49:35,$ 3362.16,100
166,09:49:34,$ 3362.68,500
167,09:49:08,$ 3363.09,100
169,09:49:08,$ 3363.07,100
170,09:49:03,$ 3363.51,100
171,09:49:03,$ 3363.24,100
172,09:49:01,$ 3363.5099,100
173,09:48:59,$ 3363.51,100
174,09:48:59,$ 3363.51,100
175,09:48:59,$ 3363.23,100
176,09:48:58,$ 3362.77,200
177,09:48:54,$ 3363.53,200
178,09:48:49,$ 3363.54,100
179,09:48:47,$ 3363.46,100
180,09:48:47,$ 3363.78,100
181,09:48:43,$ 3364.355,100
182,09:48:31,$ 3364.90,120
183,09:48:31,$ 3364.90,382
184,09:48:31,$ 3364.495,194
185,09:48:28,$ 3364.90,100
186,09:48:28,$ 3365.66,100
187,09:48:25,$ 3365.50,600
188,09:48:20,$ 3365.70,100
190,09:48:16,$ 3365.98,100
191,09:48:16,$ 3366.00,100
192,09:48:03,$ 3364.13,100
193,09:48:03,$ 3363.58,150
194,09:47:59,$ 3362.86,100
195,09:47:57,$ 3363.47,100
196,09:47:57,$ 3363.23,100
197,09:47:57,$ 3363.42,100
198,09:47:57,$ 3363.82,124
199,09:47:57,$ 3363.82,121
200,09:47:56,$ 3365.05,200
201,09:47:51,$ 3365.06,200
202,09:47:46,$ 3365.075,400
203,09:47:44,$ 3366.00,200
204,09:47:44,$ 3365.70,100
205,09:47:43,$ 3364.69,100
206,09:47:43,$ 3365.00,600
207,09:47:43,$ 3365.00,700
208,09:47:42,$ 3364.53,121
209,09:47:42,$ 3364.53,104
211,09:47:40,$ 3363.43,100
212,09:47:39,$ 3363.43,100
213,09:47:39,$ 3363.43,100
214,09:47:39,$ 3363.43,100
215,09:47:39,$ 3363.52,100
216,09:47:38,$ 3364.04,100
217,09:47:38,$ 3364.50,100
218,09:47:38,$ 3363.56,100
219,09:47:38,$ 3363.50,100
220,09:47:36,$ 3364.19,100
221,09:47:36,$ 3364.19,100
222,09:47:36,$ 3362.999,100
223,09:47:35,$ 3362.98,100
224,09:47:32,$ 3361.851,245
225,09:47:27,$ 3361.425,100
226,09:47:21,$ 3362.07,100
227,09:47:17,$ 3361.4414,219
228,09:47:17,$ 3361.095,150
229,09:47:13,$ 3360.0701,100
230,09:46:58,$ 3357.75,100
232,09:46:48,$ 3358.64,100
233,09:46:48,$ 3358.57,100
234,09:46:45,$ 3359.77,100
235,09:46:45,$ 3359.2206,490
236,09:46:42,$ 3357.34,149
237,09:46:40,$ 3355.99,100
238,09:46:29,$ 3355.08,100
239,09:46:29,$ 3355.53,100
240,09:46:29,$ 3355.5288,298
241,09:46:19,$ 3354.03,100
242,09:45:57,$ 3354.42,100
243,09:45:53,$ 3352.555,200
244,09:45:39,$ 3352.9414,100
245,09:45:25,$ 3350.23,100
246,09:45:25,$ 3349.69,100
247,09:45:25,$ 3348.3295,100
248,09:45:19,$ 3348.13,100
249,09:45:16,$ 3349.04,100
250,09:45:14,$ 3349.1316,300
251,09:45:09,$ 3347.53,100
253,09:45:09,$ 3347.55,100
254,09:45:09,$ 3347.74,100
255,09:45:09,$ 3348.94,100
256,09:45:09,$ 3348.94,100
257,09:44:53,$ 3348.96,100
258,09:44:43,$ 3349.1317,300
259,09:44:36,$ 3349.325,250
260,09:44:26,$ 3350.53,100
261,09:44:18,$ 3349.6499,100
262,09:44:16,$ 3350.58,100
263,09:44:14,$ 3350.60,100
264,09:44:06,$ 3349.95,100
265,09:44:06,$ 3349.95,100
266,09:44:03,$ 3349.23,100
267,09:43:54,$ 3349.9499,100
268,09:43:50,$ 3349.89,100
269,09:43:50,$ 3349.51,100
270,09:43:40,$ 3350.8202,200
271,09:43:35,$ 3350.7389,500
272,09:43:28,$ 3351.27,100
274,09:43:16,$ 3349.10,100
275,09:43:04,$ 3348.365,200
276,09:43:04,$ 3348.375,100
277,09:43:04,$ 3348.25,100
278,09:43:04,$ 3348.25,100
279,09:43:02,$ 3349.115,100
280,09:42:59,$ 3349.6634,100
281,09:42:57,$ 3348.41,100
282,09:42:51,$ 3349.18,100
283,09:42:51,$ 3349.18,100
284,09:42:50,$ 3347.51,100
285,09:42:49,$ 3347.08,100
286,09:42:49,$ 3346.9573,100
287,09:42:49,$ 3347.10,100
288,09:42:49,$ 3347.10,100
289,09:42:49,$ 3347.10,100
290,09:42:47,$ 3345.7721,100
291,09:42:39,$ 3345.17,100
292,09:42:39,$ 3344.07,100
293,09:42:31,$ 3343.43,250
295,09:42:28,$ 3343.7269,100
296,09:42:26,$ 3343.09,149
297,09:42:26,$ 3343.09,100
298,09:42:26,$ 3343.09,100
299,09:42:21,$ 3341.2756,250
300,09:42:10,$ 3340.92,100
301,09:42:09,$ 3341.038,115
302,09:42:09,$ 3341.398,100
303,09:42:09,$ 3341.878,100
304,09:42:03,$ 3341.83,100
305,09:42:03,$ 3342.00,100
306,09:41:56,$ 3343.095,100
307,09:41:45,$ 3343.24,100
308,09:41:35,$ 3343.04,100
309,09:41:35,$ 3343.07,100
310,09:41:33,$ 3344.01,100
311,09:41:29,$ 3343.13,100
312,09:41:28,$ 3344.08,100
313,09:41:24,$ 3343.545,200
314,09:41:09,$ 3343.51,100
316,09:41:01,$ 3344.2355,100
317,09:40:53,$ 3343.50,100
318,09:40:49,$ 3344.42,100
319,09:40:44,$ 3343.80,100
320,09:40:36,$ 3343.7562,100
321,09:40:30,$ 3343.54,100
322,09:40:30,$ 3344.75,100
323,09:40:26,$ 3346.1697,182
324,09:40:25,$ 3343.83,100
325,09:40:21,$ 3342.09,100
326,09:40:21,$ 3342.76,100
327,09:40:11,$ 3342.75,100
328,09:40:10,$ 3342.13,100
329,09:40:07,$ 3343.05,100
330,09:40:03,$ 3343.79,100
331,09:40:03,$ 3344.02,100
332,09:40:01,$ 3344.08,400
333,09:39:52,$ 3343.39,142
334,09:39:52,$ 3344.0135,100
335,09:39:52,$ 3344.015,100
337,09:39:52,$ 3344.02,100
338,09:39:52,$ 3345.00,135
339,09:39:49,$ 3346.05,100
340,09:39:49,$ 3346.20,191
341,09:39:49,$ 3346.20,310
342,09:39:49,$ 3346.20,157
343,09:39:48,$ 3346.74,100
344,09:39:45,$ 3347.61,100
345,09:39:45,$ 3347.82,100
346,09:39:38,$ 3347.005,100
347,09:39:37,$ 3346.62,100
348,09:39:35,$ 3347.00,100
349,09:39:22,$ 3348.24,100
350,09:39:07,$ 3348.88,100
351,09:39:00,$ 3347.3245,149
352,09:38:55,$ 3347.70,100
353,09:38:40,$ 3347.45,100
354,09:38:40,$ 3347.48,100
355,09:38:40,$ 3347.46,100
356,09:38:26,$ 3346.31,100
358,09:38:26,$ 3347.08,100
359,09:38:16,$ 3348.29,100
360,09:38:14,$ 3347.10,100
361,09:38:14,$ 3347.39,100
362,09:37:57,$ 3348.585,100
363,09:37:57,$ 3349.175,200
364,09:37:53,$ 3348.97,100
365,09:37:47,$ 3349.36,100
366,09:37:40,$ 3350.13,100
367,09:37:34,$ 3349.35,100
368,09:37:31,$ 3349.58,100
369,09:37:30,$ 3349.50,100
370,09:37:09,$ 3348.63,100
371,09:37:09,$ 3348.44,100
372,09:37:07,$ 3349.34,100
373,09:37:03,$ 3350.58,100
374,09:37:03,$ 3350.60,100
375,09:36:58,$ 3349.46,100
376,09:36:57,$ 3349.945,100
377,09:36:54,$ 3349.60,100
379,09:36:51,$ 3350.6515,167
380,09:36:47,$ 3349.87,100
381,09:36:46,$ 3350.00,100
382,09:36:44,$ 3349.0801,165
383,09:36:34,$ 3349.625,100
384,09:36:34,$ 3350.00,100
385,09:36:34,$ 3350.09,100
386,09:36:27,$ 3351.20,100
387,09:36:21,$ 3351.80,200
388,09:36:14,$ 3352.56,100
389,09:36:09,$ 3353.275,230
390,09:36:06,$ 3353.58,100
391,09:36:05,$ 3353.28,100
392,09:36:00,$ 3350.60,100
393,09:35:59,$ 3351.26,100
394,09:35:59,$ 3352.92,100
395,09:35:56,$ 3352.66,100
396,09:35:45,$ 3352.67,100
397,09:35:44,$ 3352.985,100
398,09:35:44,$ 3353.05,100
400,09:35:44,$ 3353.00,100
401,09:35:44,$ 3353.00,100
402,09:35:44,$ 3353.095,100
403,09:35:33,$ 3352.965,100
404,09:35:14,$ 3353.31,100
405,09:35:14,$ 3353.31,100
406,09:35:13,$ 3353.00,432
407,09:35:13,$ 3353.13,100
408,09:35:12,$ 3354.14,100
409,09:35:03,$ 3355.63,100
410,09:34:57,$ 3356.3334,150
411,09:34:56,$ 3353.90,100
412,09:34:54,$ 3354.53,100
413,09:34:41,$ 3354.30,100
414,09:34:34,$ 3353.20,100
415,09:34:23,$ 3354.13,100
416,09:34:21,$ 3357.9499,100
417,09:34:16,$ 3354.22,100
418,09:34:07,$ 3355.00,100
419,09:34:07,$ 3355.00,100
421,09:34:05,$ 3354.59,100
422,09:33:48,$ 3352.70,100
423,09:33:48,$ 3352.78,100
424,09:33:38,$ 3351.40,100
425,09:33:37,$ 3352.0294,100
426,09:33:31,$ 3351.39,200
427,09:33:28,$ 3351.83,159
428,09:33:25,$ 3351.84,100
429,09:33:25,$ 3351.18,100
430,09:33:17,$ 3354.72,100
431,09:33:11,$ 3351.8422,100
432,09:32:56,$ 3351.07,100
433,09:32:56,$ 3351.07,100
434,09:32:55,$ 3350.115,100
435,09:32:50,$ 3350.00,100
436,09:32:42,$ 3350.00,100
437,09:32:39,$ 3352.0499,100
438,09:32:36,$ 3350.00,100
439,09:32:35,$ 3349.57,100
440,09:32:35,$ 3349.09,100
442,09:32:35,$ 3349.21,100
443,09:32:33,$ 3349.76,100
444,09:32:31,$ 3350.00,100
445,09:32:31,$ 3350.00,196
446,09:32:31,$ 3350.00,105
447,09:32:31,$ 3350.00,138
448,09:32:31,$ 3350.00,119
449,09:32:31,$ 3350.00,100
450,09:32:30,$ 3350.04,100
451,09:32:29,$ 3350.00,100
452,09:32:29,$ 3350.10,144
453,09:32:29,$ 3350.30,100
454,09:32:29,$ 3350.30,100
455,09:32:29,$ 3350.30,100
456,09:32:29,$ 3350.73,100
457,09:32:20,$ 3351.41,100
458,09:32:18,$ 3351.52,100
459,09:32:18,$ 3351.51,100
460,09:32:16,$ 3352.11,100
461,09:32:15,$ 3352.11,100
463,09:32:15,$ 3354.0657,235
464,09:32:01,$ 3353.07,100
465,09:32:00,$ 3353.49,100
466,09:31:42,$ 3356.03,100
467,09:31:42,$ 3357.061,250
468,09:31:40,$ 3356.16,100
469,09:31:25,$ 3356.56,100
470,09:31:14,$ 3356.36,100
471,09:31:10,$ 3356.2682,115
472,09:31:06,$ 3355.54,100
473,09:31:06,$ 3355.54,100
474,09:31:05,$ 3355.54,100
475,09:31:05,$ 3356.20,107
476,09:31:00,$ 3356.24,100
477,09:31:00,$ 3356.20,100
478,09:31:00,$ 3357.14,100
479,09:31:00,$ 3356.37,100
480,09:31:00,$ 3356.24,100
481,09:30:52,$ 3357.64,100
482,09:30:52,$ 3359.00,100
484,09:30:52,$ 3359.015,200
485,09:30:51,$ 3357.72,100
486,09:30:51,$ 3357.82,100
487,09:30:49,$ 3359.235,150
488,09:30:45,$ 3361.9799,100
489,09:30:41,$ 3362.08,381
490,09:30:37,$ 3360.41,150
491,09:30:18,$ 3360.00,100
492,09:30:17,$ 3360.00,200
493,09:30:17,$ 3360.00,793
494,09:30:17,$ 3360.01,100
495,09:30:16,$ 3359.99,100
496,09:30:16,$ 3359.99,127
497,09:30:16,$ 3359.94,100
498,09:30:10,$ 3358.695,100
499,09:30:06,$ 3357.64,100
500,09:30:05,$ 3357.885,100
501,09:30:00,$ 3356.22,1
502,09:30:00,$ 3356.22,14
503,09:30:00,$ 3356.22,1
505,09:30:00,$ 3356.22,8
506,09:30:00,$ 3356.22,26
507,09:30:00,$ 3356.22,2
508,09:30:00,$ 3356.22,2
509,09:30:00,$ 3356.22,8
510,09:30:00,$ 3356.22,3
511,09:30:00,$ 3356.22,2
512,09:30:00,$ 3356.22,3
513,09:30:00,$ 3356.22,15
514,09:30:00,$ 3356.22,1
515,09:30:00,$ 3356.22,81
516,09:30:00,$ 3356.22,5
517,09:30:00,$ 3356.22,15
518,09:30:00,$ 3356.22,4
519,09:30:00,$ 3356.22,50
520,09:30:00,$ 3356.22,2
521,09:30:00,$ 3356.22,1
522,09:30:00,$ 3356.22,2
523,09:30:00,$ 3356.22,2
524,09:30:00,$ 3356.22,2
526,09:30:00,$ 3356.22,6
527,09:30:00,$ 3356.22,1
528,09:30:00,$ 3356.22,2
529,09:30:00,$ 3356.22,1
530,09:30:00,$ 3356.22,2
531,09:30:00,$ 3356.22,1
532,09:30:00,$ 3356.22,3
533,09:30:00,$ 3356.22,30
534,09:30:00,$ 3356.22,117
535,09:30:00,$ 3356.22,1
536,09:30:00,$ 3356.22,50
537,09:30:00,$ 3356.22,1
538,09:30:00,$ 3356.22,1
539,09:30:00,$ 3356.22,2
540,09:30:00,$ 3356.22,6
541,09:30:00,$ 3356.22,1
542,09:30:00,$ 3356.22,1
543,09:30:00,$ 3356.22,5
544,09:30:00,$ 3356.22,3
545,09:30:00,$ 3356.22,1
547,09:30:00,$ 3356.22,1
548,09:30:00,$ 3356.22,3
549,09:30:00,$ 3356.22,6
550,09:30:00,$ 3356.22,3
551,09:30:00,$ 3356.22,14
552,09:30:00,$ 3356.22,1
553,09:30:00,$ 3356.22,2
554,09:30:00,$ 3356.22,19
555,09:30:00,$ 3356.22,5
556,09:30:00,$ 3356.22,3
557,09:30:00,$ 3356.22,1
558,09:30:00,$ 3356.22,3
559,09:30:00,$ 3356.22,1
560,09:30:00,$ 3356.22,1
561,09:30:00,$ 3356.22,2
562,09:30:00,$ 3356.22,1
563,09:30:00,$ 3356.22,1
564,09:30:00,$ 3356.22,15
565,09:30:00,$ 3356.22,2
566,09:30:00,$ 3356.22,15
568,09:30:00,$ 3356.22,8
569,09:30:00,$ 3356.22,1
570,09:30:00,$ 3356.22,1
571,09:30:00,$ 3356.22,2
572,09:30:00,$ 3356.22,6
573,09:30:00,$ 3356.22,2
574,09:30:00,$ 3356.22,2
575,09:30:00,$ 3356.22,2
576,09:30:00,$ 3356.22,2
577,09:30:00,$ 3356.22,1
578,09:30:00,$ 3356.22,2
579,09:30:00,$ 3356.22,3
580,09:30:00,$ 3356.22,2
581,09:30:00,$ 3356.22,2
582,09:30:00,$ 3356.22,2
583,09:30:00,$ 3356.22,5
584,09:30:00,$ 3356.22,2
585,09:30:00,$ 3356.22,1
586,09:30:00,$ 3356.22,3
587,09:30:00,$ 3356.22,1
589,09:30:00,$ 3356.22,1
590,09:30:00,$ 3356.22,1
591,09:30:00,$ 3356.22,40
592,09:30:00,$ 3356.22,30
593,09:30:00,$ 3356.22,1
594,09:30:00,$ 3356.22,1
595,09:30:00,$ 3356.22,30
596,09:30:00,$ 3356.22,2
597,09:30:00,$ 3356.22,1
598,09:30:00,$ 3356.22,1
599,09:30:00,$ 3356.22,6
600,09:30:00,$ 3356.22,6
601,09:30:00,$ 3356.22,1
602,09:30:00,$ 3356.22,6
603,09:30:00,$ 3356.22,4
604,09:30:00,$ 3356.22,1
605,09:30:00,$ 3356.22,4
606,09:30:00,$ 3356.22,2
607,09:30:00,$ 3356.22,3
608,09:30:00,$ 3356.22,3
610,09:30:00,$ 3356.22,6
611,09:30:00,$ 3356.22,4
612,09:30:00,$ 3356.22,2
613,09:30:00,$ 3356.22,6
614,09:30:00,$ 3356.22,3
615,09:30:00,$ 3356.22,1
616,09:30:00,$ 3356.22,1
617,09:30:00,$ 3356.22,1
618,09:30:00,$ 3356.22,5
619,09:30:00,$ 3356.22,2
620,09:30:00,$ 3356.22,4
621,09:30:00,$ 3356.22,7
622,09:30:00,$ 3356.22,2
623,09:30:00,$ 3356.22,2
624,09:30:00,$ 3356.22,2
625,09:30:00,$ 3356.22,6
626,09:30:00,$ 3356.22,1
627,09:30:00,$ 3356.22,300
628,09:30:00,$ 3356.22,4
629,09:30:00,$ 3356.22,1
631,09:30:00,$ 3356.22,5
632,09:30:00,$ 3356.22,10
633,09:30:00,$ 3356.22,5
634,09:30:00,$ 3356.22,7
635,09:30:00,$ 3356.22,2
636,09:30:00,$ 3356.22,2
637,09:30:00,$ 3356.22,2
638,09:30:00,$ 3356.22,8
639,09:30:00,$ 3356.22,30
640,09:30:00,$ 3356.22,10
641,09:30:00,$ 3356.22,9
642,09:30:00,$ 3356.22,4
643,09:30:00,$ 3356.22,2
644,09:30:00,$ 3356.22,11
645,09:30:00,$ 3356.22,2
646,09:30:00,$ 3356.22,53
647,09:30:00,$ 3356.22,153
648,09:30:00,$ 3356.22,1
649,09:30:00,$ 3356.22,10
650,09:30:00,$ 3356.22,2
652,09:30:00,$ 3356.22,6
653,09:30:00,$ 3356.22,2
654,09:30:00,$ 3356.22,7
655,09:30:00,$ 3356.22,1
656,09:30:00,$ 3356.22,2
657,09:30:00,$ 3356.22,6
658,09:30:00,$ 3356.22,35
659,09:30:00,$ 3356.22,9
660,09:30:00,$ 3356.22,1
661,09:30:00,$ 3356.22,15
662,09:30:00,$ 3356.22,2
663,09:30:00,$ 3356.22,7
664,09:30:00,$ 3356.22,4
665,09:30:00,$ 3356.22,4
666,09:30:00,$ 3356.22,36
667,09:30:00,$ 3356.22,29
668,09:30:00,$ 3356.22,1
669,09:30:00,$ 3356.22,10
670,09:30:00,$ 3356.22,20
671,09:30:00,$ 3356.22,59
673,09:30:00,$ 3356.22,3
674,09:30:00,$ 3356.22,20
675,09:30:00,$ 3356.22,37
676,09:30:00,$ 3356.22,2
677,09:30:00,$ 3356.22,2
678,09:30:00,$ 3356.22,8
679,09:30:00,$ 3356.22,15
680,09:30:00,$ 3356.22,30
681,09:30:00,$ 3356.22,5
682,09:30:00,$ 3356.22,4
683,09:30:00,$ 3356.22,108
684,09:30:00,$ 3356.22,5
685,09:30:00,$ 3356.22,5
686,09:30:00,$ 3356.22,25
687,09:30:00,$ 3356.22,12
688,09:30:00,$ 3356.22,60
689,09:30:00,$ 3356.22,2
690,09:30:00,$ 3356.22,3
691,09:30:00,$ 3356.22,2
692,09:30:00,$ 3356.22,3
694,09:30:00,$ 3356.22,4
695,09:30:00,$ 3356.22,2
696,09:30:00,$ 3356.22,1
697,09:30:00,$ 3356.22,3
698,09:30:00,$ 3356.22,3
699,09:30:00,$ 3356.22,9
700,09:30:00,$ 3356.22,4
701,09:30:00,$ 3356.22,90
702,09:30:00,$ 3356.22,2
703,09:30:00,$ 3356.22,10
704,09:30:00,$ 3356.22,10
705,09:30:00,$ 3356.22,9
706,09:30:00,$ 3356.22,2
707,09:30:00,$ 3356.22,1
708,09:30:00,$ 3356.22,"1,000"
709,09:30:00,$ 3356.22,10
710,09:30:00,$ 3356.22,2
711,09:30:00,$ 3356.22,4
712,09:30:00,$ 3356.22,28
713,09:30:00,$ 3356.22,6
715,09:30:00,$ 3356.22,10
716,09:30:00,$ 3356.22,3
717,09:30:00,$ 3356.22,4
718,09:30:00,$ 3356.22,3
719,09:30:00,$ 3356.22,1
720,09:30:00,$ 3356.22,118
721,09:30:00,$ 3356.22,3
722,09:30:00,$ 3356.22,2
723,09:30:00,$ 3356.22,4
724,09:30:00,$ 3356.22,2
725,09:30:00,$ 3356.22,2
726,09:30:00,$ 3356.22,3
727,09:30:00,$ 3356.22,3
728,09:30:00,$ 3356.22,2
729,09:30:00,$ 3356.22,3
730,09:30:00,$ 3356.22,2
731,09:30:00,$ 3356.22,6
732,09:30:00,$ 3356.22,3
733,09:30:00,$ 3356.22,4
734,09:30:00,$ 3356.22,3
736,09:30:00,$ 3356.22,4
737,09:30:00,$ 3356.22,2
738,09:30:00,$ 3356.22,5
739,09:30:00,$ 3356.22,2
740,09:30:00,$ 3356.22,3
741,09:30:00,$ 3356.22,17
742,09:30:00,$ 3356.22,1
743,09:30:00,$ 3356.22,3
744,09:30:00,$ 3356.22,3
745,09:30:00,$ 3356.22,4
746,09:30:00,$ 3356.22,2
747,09:30:00,$ 3356.22,4
748,09:30:00,$ 3356.22,3
749,09:30:00,$ 3356.22,3
750,09:30:00,$ 3356.22,4
751,09:30:00,$ 3356.22,1
752,09:30:00,$ 3356.22,1
753,09:30:00,$ 3356.22,5
754,09:30:00,$ 3356.22,1
755,09:30:00,$ 3356.22,1
757,09:30:00,$ 3356.22,1
758,09:30:00,$ 3356.22,4
759,09:30:00,$ 3356.22,2
760,09:30:00,$ 3356.22,5
761,09:30:00,$ 3356.22,10
762,09:30:00,$ 3356.22,1
763,09:30:00,$ 3356.22,5
764,09:30:00,$ 3356.22,1
765,09:30:00,$ 3356.22,25
766,09:30:00,$ 3356.22,1
767,09:30:00,$ 3356.22,2
768,09:30:00,$ 3356.22,13
769,09:30:00,$ 3356.22,1
770,09:30:00,$ 3356.22,10
771,09:30:00,$ 3356.22,1
772,09:30:00,$ 3356.22,2
773,09:30:00,$ 3356.22,25
774,09:30:00,$ 3356.22,3
775,09:30:00,$ 3356.22,10
776,09:30:00,$ 3356.22,12
778,09:30:00,$ 3356.22,5
779,09:30:00,$ 3356.22,10
780,09:30:00,$ 3356.22,10
781,09:30:00,$ 3356.22,15
782,09:30:00,$ 3356.22,1
783,09:30:00,$ 3356.22,4
784,09:30:00,$ 3356.22,3
785,09:30:00,$ 3356.22,1
786,09:30:00,$ 3356.22,1
787,09:30:00,$ 3356.22,7
788,09:30:00,$ 3356.22,2
789,09:30:00,$ 3356.22,1
790,09:30:00,$ 3356.22,10
791,09:30:00,$ 3356.22,1
792,09:30:00,$ 3356.22,1
793,09:30:00,$ 3356.22,1
794,09:30:00,$ 3356.22,1
795,09:30:00,$ 3356.22,1
796,09:30:00,$ 3356.22,1
797,09:30:00,$ 3356.22,60
799,09:30:00,$ 3356.22,10
800,09:30:00,$ 3356.22,1
801,09:30:00,$ 3356.22,2
802,09:30:00,$ 3356.22,1
803,09:30:00,$ 3356.22,3
804,09:30:00,$ 3356.22,1
805,09:30:00,$ 3356.22,3
806,09:30:00,$ 3356.22,1
807,09:30:00,$ 3356.22,3
808,09:30:00,$ 3356.22,1
809,09:30:00,$ 3356.22,1
810,09:30:00,$ 3356.22,1
811,09:30:00,$ 3356.22,4
812,09:30:00,$ 3356.22,1
813,09:30:00,$ 3356.22,18
814,09:30:00,$ 3356.22,1
815,09:30:00,$ 3356.22,3
816,09:30:00,$ 3356.22,1
817,09:30:00,$ 3356.22,1
818,09:30:00,$ 3356.22,2
820,09:30:00,$ 3356.22,3
821,09:30:00,$ 3356.22,2
822,09:30:00,$ 3356.22,10
823,09:30:00,$ 3356.22,1
824,09:30:00,$ 3356.22,3
825,09:30:00,$ 3356.22,1
826,09:30:00,$ 3356.22,5
827,09:30:00,$ 3356.22,2
828,09:30:00,$ 3356.22,10
829,09:30:00,$ 3356.22,15
830,09:30:00,$ 3356.22,1
831,09:30:00,$ 3356.22,6
832,09:30:00,$ 3356.22,10
833,09:30:00,$ 3356.22,1
834,09:30:00,$ 3356.22,3
835,09:30:00,$ 3356.22,7
836,09:30:00,$ 3356.22,8
837,09:30:00,$ 3356.22,2
838,09:30:00,$ 3356.22,1
839,09:30:00,$ 3356.22,3
841,09:30:00,$ 3356.22,1
842,09:30:00,$ 3356.22,1
843,09:30:00,$ 3356.22,3
844,09:30:00,$ 3356.22,7
845,09:30:00,$ 3356.22,1
846,09:30:00,$ 3356.22,1
847,09:30:00,$ 3356.22,2
848,09:30:00,$ 3356.22,1
849,09:30:00,$ 3356.22,1
850,09:30:00,$ 3356.22,1
851,09:30:00,$ 3356.22,2
852,09:30:00,$ 3356.22,2
853,09:30:00,$ 3356.22,20
854,09:30:00,$ 3356.22,3
855,09:30:00,$ 3356.22,10
856,09:30:00,$ 3356.22,9
857,09:30:00,$ 3356.22,1
858,09:30:00,$ 3356.22,3
859,09:30:00,$ 3356.22,2
860,09:30:00,$ 3356.22,1
862,09:30:00,$ 3356.22,8
863,09:30:00,$ 3356.22,2
864,09:30:00,$ 3356.22,4
865,09:30:00,$ 3356.22,1
866,09:30:00,$ 3356.22,2
867,09:30:00,$ 3356.22,75
868,09:30:00,$ 3356.22,5
869,09:30:00,$ 3356.22,1
870,09:30:00,$ 3356.22,1
871,09:30:00,$ 3356.22,3
872,09:30:00,$ 3356.22,2
873,09:30:00,$ 3356.22,1
874,09:30:00,$ 3356.22,5
875,09:30:00,$ 3356.22,4
876,09:30:00,$ 3356.22,2
877,09:30:00,$ 3356.22,5
878,09:30:00,$ 3356.22,3
879,09:30:00,$ 3356.22,1
880,09:30:00,$ 3356.22,2
881,09:30:00,$ 3356.22,1
883,09:30:00,$ 3356.22,1
884,09:30:00,$ 3356.22,1
885,09:30:00,$ 3356.22,1
886,09:30:00,$ 3356.22,1
887,09:30:00,$ 3356.22,1
888,09:30:00,$ 3356.22,1
889,09:30:00,$ 3356.22,1
890,09:30:00,$ 3356.22,1
891,09:30:00,$ 3356.22,1
892,09:30:00,$ 3356.22,5
893,09:30:00,$ 3356.22,2
894,09:30:00,$ 3356.22,40
895,09:30:00,$ 3356.22,4
896,09:30:00,$ 3356.22,24
897,09:30:00,$ 3356.22,4
898,09:30:00,$ 3356.22,7
899,09:30:00,$ 3356.22,2
900,09:30:00,$ 3356.22,3
901,09:30:00,$ 3356.22,15
902,09:30:00,$ 3356.22,35
904,09:30:00,$ 3356.22,4
905,09:30:00,$ 3356.22,10
906,09:30:00,$ 3356.22,2
907,09:30:00,$ 3356.22,2
908,09:30:00,$ 3356.22,2
909,09:30:00,$ 3356.22,30
910,09:30:00,$ 3356.22,1
911,09:30:00,$ 3356.22,1
912,09:30:00,$ 3356.22,1
913,09:30:00,$ 3356.22,1
914,09:30:00,$ 3356.22,1
915,09:30:00,$ 3356.22,1
916,09:30:00,$ 3356.22,2
917,09:30:00,$ 3356.22,1
918,09:30:00,$ 3356.22,1
919,09:30:00,$ 3356.22,1
920,09:30:00,$ 3356.22,1
921,09:30:00,$ 3356.22,1
922,09:30:00,$ 3356.22,1
923,09:30:00,$ 3356.22,1
925,09:30:00,$ 3356.22,1
926,09:30:00,$ 3356.22,100
927,09:30:00,$ 3356.22,1
928,09:30:00,$ 3356.22,1
929,09:30:00,$ 3356.22,1
930,09:30:00,$ 3356.22,1
931,09:30:00,$ 3356.22,1
932,09:30:00,$ 3356.22,1
933,09:30:00,$ 3356.22,1
934,09:30:00,$ 3356.22,1
935,09:30:00,$ 3356.22,1
936,09:30:00,$ 3356.22,1
937,09:30:00,$ 3356.22,1
938,09:30:00,$ 3356.22,1
939,09:30:00,$ 3356.22,1
940,09:30:00,$ 3356.22,1
941,09:30:00,$ 3356.22,1
942,09:30:00,$ 3356.22,1
943,09:30:00,$ 3356.22,1
944,09:30:00,$ 3356.22,1
946,09:30:00,$ 3356.22,1
947,09:30:00,$ 3356.22,15
948,09:30:00,$ 3356.22,1
949,09:30:00,$ 3356.22,1
950,09:30:00,$ 3356.22,1
951,09:30:00,$ 3356.22,1
952,09:30:00,$ 3356.22,1
953,09:30:00,$ 3356.22,1
954,09:30:00,$ 3356.22,1
955,09:30:00,$ 3356.22,2
956,09:30:00,$ 3356.22,3
957,09:30:00,$ 3356.22,1
958,09:30:00,$ 3356.22,5
959,09:30:00,$ 3356.22,30
960,09:30:00,$ 3356.22,3
961,09:30:00,$ 3356.22,1
962,09:30:00,$ 3356.22,2
963,09:30:00,$ 3356.22,1
964,09:30:00,$ 3356.22,1
965,09:30:00,$ 3356.22,1
967,09:30:00,$ 3356.22,1
968,09:30:00,$ 3356.22,2
969,09:30:00,$ 3356.22,1
970,09:30:00,$ 3356.22,1
971,09:30:00,$ 3356.22,1
972,09:30:00,$ 3356.22,1
973,09:30:00,$ 3356.22,2
974,09:30:00,$ 3356.22,1
975,09:30:00,$ 3356.22,1
976,09:30:00,$ 3356.22,8
977,09:30:00,$ 3356.22,10
978,09:30:00,$ 3356.22,1
979,09:30:00,$ 3356.22,1
980,09:30:00,$ 3356.22,2
981,09:30:00,$ 3356.22,9
982,09:30:00,$ 3356.22,5
983,09:30:00,$ 3356.22,5
984,09:30:00,$ 3356.22,3
985,09:30:00,$ 3356.22,5
986,09:30:00,$ 3356.22,2
988,09:30:00,$ 3356.22,10
989,09:30:00,$ 3356.22,1
990,09:30:00,$ 3356.22,50
991,09:30:00,$ 3356.22,10
992,09:30:00,$ 3356.22,5
993,09:30:00,$ 3356.22,1
994,09:30:00,$ 3356.22,5
995,09:30:00,$ 3356.22,1
996,09:30:00,$ 3356.22,1
997,09:30:00,$ 3356.22,1
998,09:30:00,$ 3356.22,7
999,09:30:00,$ 3356.22,1
1000,09:30:00,$ 3356.22,1
1001,09:30:00,$ 3356.22,1
1002,09:30:00,$ 3356.22,100
1003,09:30:00,$ 3356.22,3
1004,09:30:00,$ 3356.22,5
1005,09:30:00,$ 3356.22,10
1006,09:30:00,$ 3356.22,1
1007,09:30:00,$ 3356.22,2
1009,09:30:00,$ 3356.22,1
1010,09:30:00,$ 3356.22,9
1011,09:30:00,$ 3356.22,2
1012,09:30:00,$ 3356.22,4
1013,09:30:00,$ 3356.22,7
1014,09:30:00,$ 3356.22,1
1015,09:30:00,$ 3356.22,10
1016,09:30:00,$ 3356.22,2
1017,09:30:00,$ 3356.22,1
1018,09:30:00,$ 3356.22,2
1019,09:30:00,$ 3356.22,1
1020,09:30:00,$ 3356.22,10
1021,09:30:00,$ 3356.22,1
1022,09:30:00,$ 3356.22,22
1023,09:30:00,$ 3356.22,5
1024,09:30:00,$ 3356.22,1
1025,09:30:00,$ 3356.22,2
1026,09:30:00,$ 3356.22,9
1027,09:30:00,$ 3356.22,5
1028,09:30:00,$ 3356.22,10
1030,09:30:00,$ 3356.22,8
1031,09:30:00,$ 3356.22,3
1032,09:30:00,$ 3356.22,1
1033,09:30:00,$ 3356.22,5
1034,09:30:00,$ 3356.22,1
1035,09:30:00,$ 3356.22,14
1036,09:30:00,$ 3356.22,1
1037,09:30:00,$ 3356.22,1
1038,09:30:00,$ 3356.22,3
1039,09:30:00,$ 3356.22,1
1040,09:30:00,$ 3356.22,22
1041,09:30:00,$ 3356.22,7
1042,09:30:00,$ 3356.22,1
1043,09:30:00,$ 3356.22,3
1044,09:30:00,$ 3356.22,5
1045,09:30:00,$ 3356.22,1
1046,09:30:00,$ 3356.22,6
1047,09:30:00,$ 3356.22,1
1048,09:30:00,$ 3356.22,1
1049,09:30:00,$ 3356.22,1
1051,09:30:00,$ 3356.22,1
1052,09:30:00,$ 3356.22,1
1053,09:30:00,$ 3356.22,1
1054,09:30:00,$ 3356.22,1
1055,09:30:00,$ 3356.22,1
1056,09:30:00,$ 3356.22,1
1057,09:30:00,$ 3356.22,1
1058,09:30:00,$ 3356.22,1
1059,09:30:00,$ 3356.22,1
1060,09:30:00,$ 3356.22,1
1061,09:30:00,$ 3356.22,1
1062,09:30:00,$ 3356.22,1
1063,09:30:00,$ 3356.22,1
1064,09:30:00,$ 3356.22,1
1065,09:30:00,$ 3356.22,3
1066,09:30:00,$ 3356.22,1
1067,09:30:00,$ 3356.22,1
1068,09:30:00,$ 3356.22,2
1069,09:30:00,$ 3356.22,7
1070,09:30:00,$ 3356.22,5
1072,09:30:00,$ 3356.22,1
1073,09:30:00,$ 3356.22,3
1074,09:30:00,$ 3356.22,2
1075,09:30:00,$ 3356.22,11
1076,09:30:00,$ 3356.22,2
1077,09:30:00,$ 3356.22,1
1078,09:30:00,$ 3356.22,2
1079,09:30:00,$ 3356.22,10
1080,09:30:00,$ 3356.22,2
1081,09:30:00,$ 3356.22,67
1082,09:30:00,$ 3356.22,9
1083,09:30:00,$ 3356.22,1
1084,09:30:00,$ 3356.22,1
1085,09:30:00,$ 3356.22,1
1086,09:30:00,$ 3356.22,1
1087,09:30:00,$ 3356.22,1
1088,09:30:00,$ 3356.22,1
1089,09:30:00,$ 3356.22,1
1090,09:30:00,$ 3356.22,1
1091,09:30:00,$ 3356.22,1
1093,09:30:00,$ 3356.22,1
1094,09:30:00,$ 3356.22,1
1095,09:30:00,$ 3356.22,1
1096,09:30:00,$ 3356.22,1
1097,09:30:00,$ 3356.22,1
1098,09:30:00,$ 3356.22,1
1099,09:30:00,$ 3356.22,10
1100,09:30:00,$ 3356.22,1
1101,09:30:00,$ 3356.22,1
1102,09:30:00,$ 3356.22,1
1103,09:30:00,$ 3356.22,1
1104,09:30:00,$ 3356.22,2
1105,09:30:00,$ 3356.22,1
1106,09:30:00,$ 3356.22,5
1107,09:30:00,$ 3356.22,3
1108,09:30:00,$ 3356.22,1
1109,09:30:00,$ 3356.22,1
1110,09:30:00,$ 3356.22,2
1111,09:30:00,$ 3356.22,2
1112,09:30:00,$ 3356.22,1
1114,09:30:00,$ 3356.22,2
1115,09:30:00,$ 3356.22,4
1116,09:30:00,$ 3356.22,3
1117,09:30:00,$ 3356.22,1
1118,09:30:00,$ 3356.22,1
1119,09:30:00,$ 3356.22,1
1120,09:30:00,$ 3356.22,4
1121,09:30:00,$ 3356.22,1
1122,09:30:00,$ 3356.22,3
1123,09:30:00,$ 3356.22,1
1124,09:30:00,$ 3356.22,3
1125,09:30:00,$ 3356.22,5
1126,09:30:00,$ 3356.22,1
1127,09:30:00,$ 3356.22,1
1128,09:30:00,$ 3356.22,2
1129,09:30:00,$ 3356.22,5
1130,09:30:00,$ 3356.22,2
1131,09:30:00,$ 3356.22,1
1132,09:30:00,$ 3356.22,3
1133,09:30:00,$ 3356.22,5
1135,09:30:00,$ 3356.22,7
1136,09:30:00,$ 3356.22,1
1137,09:30:00,$ 3356.22,1
1138,09:30:00,$ 3356.22,2
1139,09:30:00,$ 3356.22,2
1140,09:30:00,$ 3356.22,1
1141,09:30:00,$ 3356.22,6
1142,09:30:00,$ 3356.22,2
1143,09:30:00,$ 3356.22,5
1144,09:30:00,$ 3356.22,327
1145,09:30:00,$ 3356.22,2
1146,09:30:00,$ 3356.22,2
1147,09:30:00,$ 3356.22,3
1148,09:30:00,$ 3356.22,2
1149,09:30:00,$ 3356.22,35
1150,09:30:00,$ 3356.22,5
1151,09:30:00,$ 3356.22,30
1152,09:30:00,$ 3356.22,5
1153,09:30:00,$ 3356.22,1
1154,09:30:00,$ 3356.22,2
1156,09:30:00,$ 3356.22,24
1157,09:30:00,$ 3356.22,23
1158,09:30:00,$ 3356.22,10
1159,09:30:00,$ 3356.22,6
1160,09:30:00,$ 3356.22,60
1161,09:30:00,$ 3356.22,2
1162,09:30:00,$ 3356.22,5
1163,09:30:00,$ 3356.22,3
1164,09:30:00,$ 3356.22,10
1165,09:30:00,$ 3356.22,5
1166,09:30:00,$ 3356.22,3
1167,09:30:00,$ 3356.22,1
1168,09:30:00,$ 3356.22,1
1169,09:30:00,$ 3356.22,5
1170,09:30:00,$ 3356.22,2
1171,09:30:00,$ 3356.22,1
1172,09:30:00,$ 3356.22,1
1173,09:30:00,$ 3356.22,1
1174,09:30:00,$ 3356.22,1
1175,09:30:00,$ 3356.22,1
1177,09:30:00,$ 3356.22,2
1178,09:30:00,$ 3356.22,3
1179,09:30:00,$ 3356.22,3
1180,09:30:00,$ 3356.22,3
1181,09:30:00,$ 3356.22,1
1182,09:30:00,$ 3356.22,2
1183,09:30:00,$ 3356.22,10
1184,09:30:00,$ 3356.22,60
1185,09:30:00,$ 3356.22,3
1186,09:30:00,$ 3356.22,1
1187,09:30:00,$ 3356.22,2
1188,09:30:00,$ 3356.22,1
1189,09:30:00,$ 3356.22,1
1190,09:30:00,$ 3356.22,3
1191,09:30:00,$ 3356.22,1
1192,09:30:00,$ 3356.22,2
1193,09:30:00,$ 3356.22,3
1194,09:30:00,$ 3356.22,1
1195,09:30:00,$ 3356.22,1
1196,09:30:00,$ 3356.22,2
1198,09:30:00,$ 3356.22,1
1199,09:30:00,$ 3356.22,2
1200,09:30:00,$ 3356.22,1
1201,09:30:00,$ 3356.22,5
1202,09:30:00,$ 3356.22,4
1203,09:30:00,$ 3356.22,10
1204,09:30:00,$ 3356.22,1
1205,09:30:00,$ 3356.22,3
1206,09:30:00,$ 3356.22,3
1207,09:30:00,$ 3356.22,3
1208,09:30:00,$ 3356.22,14
1209,09:30:00,$ 3356.22,10
1210,09:30:00,$ 3356.22,13
1211,09:30:00,$ 3356.22,10
1212,09:30:00,$ 3356.22,3
1213,09:30:00,$ 3356.22,2
1214,09:30:00,$ 3356.22,2
1215,09:30:00,$ 3356.22,2
1216,09:30:00,$ 3356.22,2
1217,09:30:00,$ 3356.22,15
1219,09:30:00,$ 3356.22,15
1220,09:30:00,$ 3356.22,10
1221,09:30:00,$ 3356.22,2
1222,09:30:00,$ 3356.22,1
1223,09:30:00,$ 3356.22,2
1224,09:30:00,$ 3356.22,1
1225,09:30:00,$ 3356.22,48
1226,09:30:00,$ 3356.22,12
1227,09:30:00,$ 3356.22,5
1228,09:30:00,$ 3356.22,25
1229,09:30:00,$ 3356.22,1
1230,09:30:00,$ 3356.22,5
1231,09:30:00,$ 3356.22,1
1232,09:30:00,$ 3356.22,2
1233,09:30:00,$ 3356.22,3
1234,09:30:00,$ 3356.22,10
1235,09:30:00,$ 3356.22,2
1236,09:30:00,$ 3356.22,2
1237,09:30:00,$ 3356.22,1
1238,09:30:00,$ 3356.22,5
1240,09:30:00,$ 3356.22,30
1241,09:30:00,$ 3356.22,1
1242,09:30:00,$ 3356.22,15
1243,09:30:00,$ 3356.22,17
1244,09:30:00,$ 3356.22,15
1245,09:30:00,$ 3356.22,1
1246,09:30:00,$ 3356.22,3
1247,09:30:00,$ 3356.22,2
1248,09:30:00,$ 3356.22,1
1249,09:30:00,$ 3356.22,5
1250,09:30:00,$ 3356.22,1
1251,09:30:00,$ 3356.22,86
1252,09:30:00,$ 3356.22,1
1253,09:30:00,$ 3356.22,1
1254,09:30:00,$ 3356.22,24
1255,09:30:00,$ 3356.22,24
1256,09:30:00,$ 3356.22,1
1257,09:30:00,$ 3356.22,5
1258,09:30:00,$ 3356.22,2
1259,09:30:00,$ 3356.22,25
1261,09:30:00,$ 3356.22,20
1262,09:30:00,$ 3356.22,21
1263,09:30:00,$ 3356.22,30
1264,09:30:00,$ 3356.22,1
1265,09:30:00,$ 3356.22,14
1266,09:30:00,$ 3356.22,3
1267,09:30:00,$ 3356.22,5
1268,09:30:00,$ 3356.22,13
1269,09:30:00,$ 3356.22,1
1270,09:30:00,$ 3356.22,22
1271,09:30:00,$ 3356.22,1
1272,09:30:00,$ 3356.22,5
1273,09:30:00,$ 3356.22,1
1274,09:30:00,$ 3356.22,20
1275,09:30:00,$ 3356.22,2
1276,09:30:00,$ 3356.22,1
1277,09:30:00,$ 3356.22,7
1278,09:30:00,$ 3356.22,1
1279,09:30:00,$ 3356.22,3
1280,09:30:00,$ 3356.22,3
1282,09:30:00,$ 3356.22,15
1283,09:30:00,$ 3356.22,1
1284,09:30:00,$ 3356.22,3
1285,09:30:00,$ 3356.22,1
1286,09:30:00,$ 3356.22,3
1287,09:30:00,$ 3356.22,11
1288,09:30:00,$ 3356.22,2
1289,09:30:00,$ 3356.22,2
1290,09:30:00,$ 3356.22,1
1291,09:30:00,$ 3356.22,1
1292,09:30:00,$ 3356.22,15
1293,09:30:00,$ 3356.22,2
1294,09:30:00,$ 3356.22,10
1295,09:30:00,$ 3356.22,2
1296,09:30:00,$ 3356.22,3
1297,09:30:00,$ 3356.22,4
1298,09:30:00,$ 3356.22,15
1299,09:30:00,$ 3356.22,1
1300,09:30:00,$ 3356.22,10
1301,09:30:00,$ 3356.22,50
1303,09:30:00,$ 3356.22,2
1304,09:30:00,$ 3356.22,3
1305,09:30:00,$ 3356.22,1
1306,09:30:00,$ 3356.22,4
1307,09:30:00,$ 3356.22,9
1308,09:30:00,$ 3356.22,3
1309,09:30:00,$ 3356.22,1
1310,09:30:00,$ 3356.22,2
1311,09:30:00,$ 3356.22,1
1312,09:30:00,$ 3356.22,10
1313,09:30:00,$ 3356.22,10
1314,09:30:00,$ 3356.22,10
1315,09:30:00,$ 3356.22,1
1316,09:30:00,$ 3356.22,5
1317,09:30:00,$ 3356.22,1
1318,09:30:00,$ 3356.22,3
1319,09:30:00,$ 3356.22,1
1320,09:30:00,$ 3356.22,3
1321,09:30:00,$ 3356.22,18
1322,09:30:00,$ 3356.22,10
1324,09:30:00,$ 3356.22,20
1325,09:30:00,$ 3356.22,5
1326,09:30:00,$ 3356.22,107
1327,09:30:00,$ 3356.22,145
1328,09:30:00,$ 3356.22,15
1329,09:30:00,$ 3356.22,237
1330,09:30:00,$ 3356.22,2
1331,09:30:00,$ 3356.22,1
1332,09:30:00,$ 3356.22,11
1333,09:30:00,$ 3356.22,1
1334,09:30:00,$ 3356.22,2
1335,09:30:00,$ 3356.22,4
1336,09:30:00,$ 3356.22,2
1337,09:30:00,$ 3356.22,1
1338,09:30:00,$ 3356.22,2
1339,09:30:00,$ 3356.22,4
1340,09:30:00,$ 3356.22,10
1341,09:30:00,$ 3356.22,1
1342,09:30:00,$ 3356.22,1
1343,09:30:00,$ 3356.22,5
1345,09:30:00,$ 3356.22,4
1346,09:30:00,$ 3356.22,3
1347,09:30:00,$ 3356.22,2
1348,09:30:00,$ 3356.22,1
1349,09:30:00,$ 3356.22,1
1350,09:30:00,$ 3356.22,3
1351,09:30:00,$ 3356.22,10
1352,09:30:00,$ 3356.22,5
1353,09:30:00,$ 3356.22,1
1354,09:30:00,$ 3356.22,1
1355,09:30:00,$ 3356.22,1
1356,09:30:00,$ 3356.22,3
1357,09:30:00,$ 3356.22,2
1358,09:30:00,$ 3356.22,1
1359,09:30:00,$ 3356.22,5
1360,09:30:00,$ 3356.22,3
1361,09:30:00,$ 3356.22,1
1362,09:30:00,$ 3356.22,2
1363,09:30:00,$ 3356.22,4
1364,09:30:00,$ 3356.22,3
1366,09:30:00,$ 3356.22,2
1367,09:30:00,$ 3356.22,3
1368,09:30:00,$ 3356.22,1
1369,09:30:00,$ 3356.22,1
1370,09:30:00,$ 3356.22,1
1371,09:30:00,$ 3356.22,1
1372,09:30:00,$ 3356.22,1
1373,09:30:00,$ 3356.22,1
1374,09:30:00,$ 3356.22,1
1375,09:30:00,$ 3356.22,1
1376,09:30:00,$ 3356.22,10
1377,09:30:00,$ 3356.22,2
1378,09:30:00,$ 3356.22,1
1379,09:30:00,$ 3356.22,2
1380,09:30:00,$ 3356.22,1
1381,09:30:00,$ 3356.22,3
1382,09:30:00,$ 3356.22,1
1383,09:30:00,$ 3356.22,3
1384,09:30:00,$ 3356.22,1
1385,09:30:00,$ 3356.22,10
1387,09:30:00,$ 3356.22,1
1388,09:30:00,$ 3356.22,1
1389,09:30:00,$ 3356.22,3
1390,09:30:00,$ 3356.22,2
1391,09:30:00,$ 3356.22,3
1392,09:30:00,$ 3356.22,3
1393,09:30:00,$ 3356.22,6
1394,09:30:00,$ 3356.22,5
1395,09:30:00,$ 3356.22,6
1396,09:30:00,$ 3356.22,1
1397,09:30:00,$ 3356.22,1
1398,09:30:00,$ 3356.22,1
1399,09:30:00,$ 3356.22,3
1400,09:30:00,$ 3356.22,1
1401,09:30:00,$ 3356.22,5
1402,09:30:00,$ 3356.22,1
1403,09:30:00,$ 3356.22,1
1404,09:30:00,$ 3356.22,5
1405,09:30:00,$ 3356.22,2
1406,09:30:00,$ 3356.22,1
1408,09:30:00,$ 3356.22,1
1409,09:30:00,$ 3356.22,4
1410,09:30:00,$ 3356.22,2
1411,09:30:00,$ 3356.22,10
1412,09:30:00,$ 3356.22,1
1413,09:30:00,$ 3356.22,1
1414,09:30:00,$ 3356.22,2
1415,09:30:00,$ 3356.22,1
1416,09:30:00,$ 3356.22,3
1417,09:30:00,$ 3356.22,2
1418,09:30:00,$ 3356.22,4
1419,09:30:00,$ 3356.22,1
1420,09:30:00,$ 3356.22,3
1421,09:30:00,$ 3356.22,1
1422,09:30:00,$ 3356.22,1
1423,09:30:00,$ 3356.22,1
1424,09:30:00,$ 3356.22,2
1425,09:30:00,$ 3356.22,1
1426,09:30:00,$ 3356.22,1
1427,09:30:00,$ 3356.22,1
1429,09:30:00,$ 3356.22,1
1430,09:30:00,$ 3356.22,24
1431,09:30:00,$ 3356.22,1
1432,09:30:00,$ 3356.22,3
1433,09:30:00,$ 3356.22,2
1434,09:30:00,$ 3356.22,4
1435,09:30:00,$ 3356.22,10
1436,09:30:00,$ 3356.22,3
1437,09:30:00,$ 3356.22,5
1438,09:30:00,$ 3356.22,3
1439,09:30:00,$ 3356.22,2
1440,09:30:00,$ 3356.22,1
1441,09:30:00,$ 3356.22,1
1442,09:30:00,$ 3356.22,2
1443,09:30:00,$ 3356.22,1
1444,09:30:00,$ 3356.22,4
1445,09:30:00,$ 3356.22,3
1446,09:30:00,$ 3356.22,1
1447,09:30:00,$ 3356.22,1
1448,09:30:00,$ 3356.22,6
1450,09:30:00,$ 3356.22,1
1451,09:30:00,$ 3356.22,1
1452,09:30:00,$ 3356.22,14
1453,09:30:00,$ 3356.22,7
1454,09:30:00,$ 3356.22,1
1455,09:30:00,$ 3356.22,10
1456,09:30:00,$ 3356.22,5
1457,09:30:00,$ 3356.22,3
1458,09:30:00,$ 3356.22,11
1459,09:30:00,$ 3356.22,2
1460,09:30:00,$ 3356.22,1
1461,09:30:00,$ 3356.22,1
1462,09:30:00,$ 3356.22,19
1463,09:30:00,$ 3356.22,1
1464,09:30:00,$ 3356.22,1
1465,09:30:00,$ 3356.22,1
1466,09:30:00,$ 3356.22,1
1467,09:30:00,$ 3356.22,1
1468,09:30:00,$ 3356.22,2
1469,09:30:00,$ 3356.22,1
1471,09:30:00,$ 3356.22,1
1472,09:30:00,$ 3356.22,4
1473,09:30:00,$ 3356.22,2
1474,09:30:00,$ 3356.22,1
1475,09:30:00,$ 3356.22,50
1476,09:30:00,$ 3356.22,1
1477,09:30:00,$ 3356.22,5
1478,09:30:00,$ 3356.22,2
1479,09:30:00,$ 3356.22,5
1480,09:30:00,$ 3356.22,33
1481,09:30:00,$ 3356.22,161
1482,09:30:00,$ 3356.22,166
1483,09:30:00,$ 3356.22,6
1484,09:30:00,$ 3356.22,5
1485,09:30:00,$ 3356.22,2
1486,09:30:00,$ 3356.22,2
1487,09:30:00,$ 3356.22,93
1488,09:30:00,$ 3356.22,11
1489,09:30:00,$ 3356.22,11
1490,09:30:00,$ 3356.22,1
1492,09:30:00,$ 3356.22,9
1493,09:30:00,$ 3356.22,1
1494,09:30:00,$ 3356.22,4
1495,09:30:00,$ 3356.22,10
1496,09:30:00,$ 3356.22,2
1497,09:30:00,$ 3356.22,1
1498,09:30:00,$ 3356.22,2
1499,09:30:00,$ 3356.22,1
1500,09:30:00,$ 3356.22,1
1501,09:30:00,$ 3356.22,1
1502,09:30:00,$ 3356.22,1
1503,09:30:00,$ 3356.22,4
1504,09:30:00,$ 3356.22,3
1505,09:30:00,$ 3356.22,1
1506,09:30:00,$ 3356.22,54
1507,09:30:00,$ 3356.22,1
1508,09:30:00,$ 3356.22,5
1509,09:30:00,$ 3356.22,132
1510,09:30:00,$ 3356.22,4
1511,09:30:00,$ 3356.22,1
1513,09:30:00,$ 3356.22,3
1514,09:30:00,$ 3356.22,20
1515,09:30:00,$ 3356.22,2
1516,09:30:00,$ 3356.22,33
1517,09:30:00,$ 3356.22,10
1518,09:30:00,$ 3356.22,1
1519,09:30:00,$ 3356.22,5
1520,09:30:00,$ 3356.22,15
1521,09:30:00,$ 3356.22,3
1522,09:30:00,$ 3356.22,2
1523,09:30:00,$ 3356.22,6
1524,09:30:00,$ 3356.22,3
1525,09:30:00,$ 3356.22,1
1526,09:30:00,$ 3356.22,1
1527,09:30:00,$ 3356.22,1
1528,09:30:00,$ 3356.22,1
1529,09:30:00,$ 3356.22,1
1530,09:30:00,$ 3356.22,3
1531,09:30:00,$ 3356.22,1
1532,09:30:00,$ 3356.22,1
1534,09:30:00,$ 3356.22,2
1535,09:30:00,$ 3356.22,1
1536,09:30:00,$ 3356.22,1
1537,09:30:00,$ 3356.22,1
1538,09:30:00,$ 3356.22,1
1539,09:30:00,$ 3356.22,4
1540,09:30:00,$ 3356.22,1
1541,09:30:00,$ 3356.22,2
1542,09:30:00,$ 3356.22,1
1543,09:30:00,$ 3356.22,1
1544,09:30:00,$ 3356.22,1
1545,09:30:00,$ 3356.22,1
1546,09:30:00,$ 3356.22,10
1547,09:30:00,$ 3356.22,1
1548,09:30:00,$ 3356.22,2
1549,09:30:00,$ 3356.22,1
1550,09:30:00,$ 3356.22,1
1551,09:30:00,$ 3356.22,1
1552,09:30:00,$ 3356.22,2
1553,09:30:00,$ 3356.22,5
1555,09:30:00,$ 3356.22,1
1556,09:30:00,$ 3356.22,6
1557,09:30:00,$ 3356.22,1
1558,09:30:00,$ 3356.22,2
1559,09:30:00,$ 3356.22,2
1560,09:30:00,$ 3356.22,1
1561,09:30:00,$ 3356.22,1
1562,09:30:00,$ 3356.22,3
1563,09:30:00,$ 3356.22,5
1564,09:30:00,$ 3356.22,1
1565,09:30:00,$ 3356.22,2
1566,09:30:00,$ 3356.22,1
1567,09:30:00,$ 3356.22,1
1568,09:30:00,$ 3356.22,10
1569,09:30:00,$ 3356.22,2
1570,09:30:00,$ 3356.22,1
1571,09:30:00,$ 3356.22,4
1572,09:30:00,$ 3356.22,2
1573,09:30:00,$ 3356.22,10
1574,09:30:00,$ 3356.22,3
1576,09:30:00,$ 3356.22,6
1577,09:30:00,$ 3356.22,7
1578,09:30:00,$ 3356.22,1
1579,09:30:00,$ 3356.22,1
1580,09:30:00,$ 3356.22,3
1581,09:30:00,$ 3356.22,1
1582,09:30:00,$ 3356.22,2
1583,09:30:00,$ 3356.22,20
1584,09:30:00,$ 3356.22,15
1585,09:30:00,$ 3356.22,1
1586,09:30:00,$ 3356.22,3
1587,09:30:00,$ 3356.22,6
1588,09:30:00,$ 3356.22,1
1589,09:30:00,$ 3356.22,5
1590,09:30:00,$ 3356.22,1
1591,09:30:00,$ 3356.22,1
1592,09:30:00,$ 3356.22,3
1593,09:30:00,$ 3356.22,1
1594,09:30:00,$ 3356.22,2
1595,09:30:00,$ 3356.22,4
1597,09:30:00,$ 3356.22,3
1598,09:30:00,$ 3356.22,2
1599,09:30:00,$ 3356.22,4
1600,09:30:00,$ 3356.22,4
1601,09:30:00,$ 3356.22,4
1602,09:30:00,$ 3356.22,2
1603,09:30:00,$ 3356.22,2
1604,09:30:00,$ 3356.22,6
1605,09:30:00,$ 3356.22,1
1606,09:30:00,$ 3356.22,2
1607,09:30:00,$ 3356.22,2
1608,09:30:00,$ 3356.22,2
1609,09:30:00,$ 3356.22,1
1610,09:30:00,$ 3356.22,1
1611,09:30:00,$ 3356.22,2
1612,09:30:00,$ 3356.22,40
1613,09:30:00,$ 3356.22,2
1614,09:30:00,$ 3356.22,5
1615,09:30:00,$ 3356.22,2
1616,09:30:00,$ 3356.22,3
1618,09:30:00,$ 3356.22,15
1619,09:30:00,$ 3356.22,25
1620,09:30:00,$ 3356.22,7
1621,09:30:00,$ 3356.22,3
1622,09:30:00,$ 3356.22,2
1623,09:30:00,$ 3356.22,11
1624,09:30:00,$ 3356.22,12
1625,09:30:00,$ 3356.22,5
1626,09:30:00,$ 3356.22,1
1627,09:30:00,$ 3356.22,1
1628,09:30:00,$ 3356.22,15
1629,09:30:00,$ 3356.22,1
1630,09:30:00,$ 3356.22,1
1631,09:30:00,$ 3356.22,5
1632,09:30:00,$ 3356.22,30
1633,09:30:00,$ 3356.22,50
1634,09:30:00,$ 3356.22,8
1635,09:30:00,$ 3356.22,60
1636,09:30:00,$ 3356.22,90
1637,09:30:00,$ 3356.22,2
1639,09:30:00,$ 3356.22,14
1640,09:30:00,$ 3356.22,2
1641,09:30:00,$ 3356.22,1
1642,09:30:00,$ 3356.22,1
1643,09:30:00,$ 3356.22,1
1644,09:30:00,$ 3356.22,7
1645,09:30:00,$ 3356.22,1
1646,09:30:00,$ 3356.22,1
1647,09:30:00,$ 3356.22,3
1648,09:30:00,$ 3356.22,10
1649,09:30:00,$ 3356.22,2
1650,09:30:00,$ 3356.22,1
1651,09:30:00,$ 3356.22,2
1652,09:30:00,$ 3356.22,1
1653,09:30:00,$ 3356.22,1
1654,09:30:00,$ 3356.22,12
1655,09:30:00,$ 3356.22,1
1656,09:30:00,$ 3356.22,13
1657,09:30:00,$ 3356.22,1
1658,09:30:00,$ 3356.22,3
1660,09:30:00,$ 3356.22,1
1661,09:30:00,$ 3356.22,1
1662,09:30:00,$ 3356.22,2
1663,09:30:00,$ 3356.22,1
1664,09:30:00,$ 3356.22,2
1665,09:30:00,$ 3356.22,2
1666,09:30:00,$ 3356.22,1
1667,09:30:00,$ 3356.22,1
1668,09:30:00,$ 3356.22,131
1669,09:30:00,$ 3356.22,3
1670,09:30:00,$ 3356.22,1
1671,09:30:00,$ 3356.22,1
1672,09:30:00,$ 3356.22,32
1673,09:30:00,$ 3356.22,3
1674,09:30:00,$ 3356.22,1
1675,09:30:00,$ 3356.22,1
1676,09:30:00,$ 3356.22,1
1677,09:30:00,$ 3356.22,1
1678,09:30:00,$ 3356.22,1
1679,09:30:00,$ 3356.22,3
1681,09:30:00,$ 3356.22,2
1682,09:30:00,$ 3356.22,2
1683,09:30:00,$ 3356.22,1
1684,09:30:00,$ 3356.22,1
1685,09:30:00,$ 3356.22,1
1686,09:30:00,$ 3356.22,3
1687,09:30:00,$ 3356.22,2
1688,09:30:00,$ 3356.22,4
1689,09:30:00,$ 3356.22,1
1690,09:30:00,$ 3356.22,50
1691,09:30:00,$ 3356.22,1
1692,09:30:00,$ 3356.22,5
1693,09:30:00,$ 3356.22,5
1694,09:30:00,$ 3356.22,1
1695,09:30:00,$ 3356.22,132
1696,09:30:00,$ 3356.22,1
1697,09:30:00,$ 3356.22,14
1698,09:30:00,$ 3356.22,1
1699,09:30:00,$ 3356.22,25
1700,09:30:00,$ 3356.22,2
1702,09:30:00,$ 3356.22,5
1703,09:30:00,$ 3356.22,5
1704,09:30:00,$ 3356.22,5
1705,09:30:00,$ 3356.22,1
1706,09:30:00,$ 3356.22,1
1707,09:30:00,$ 3356.22,1
1708,09:30:00,$ 3356.22,2
1709,09:30:00,$ 3356.22,1
1710,09:30:00,$ 3356.22,2
1711,09:30:00,$ 3356.22,1
1712,09:30:00,$ 3356.22,1
1713,09:30:00,$ 3356.22,1
1714,09:30:00,$ 3356.22,189
1715,09:30:00,$ 3356.22,5
1716,09:30:00,$ 3356.22,65
1717,09:30:00,$ 3356.22,96
1718,09:30:00,$ 3356.22,5
1719,09:30:00,$ 3356.22,5
1720,09:30:00,$ 3356.22,6
1721,09:30:00,$ 3356.22,123
1723,09:30:00,$ 3356.22,1
1724,09:30:00,$ 3356.22,1
1725,09:30:00,$ 3356.22,3
1726,09:30:00,$ 3356.22,20
1727,09:30:00,$ 3356.22,1
1728,09:30:00,$ 3356.22,2
1729,09:30:00,$ 3356.22,100
1730,09:30:00,$ 3356.22,1
1731,09:30:00,$ 3356.22,1
1732,09:30:00,$ 3356.22,10
1733,09:30:00,$ 3356.22,1
1734,09:30:00,$ 3356.22,10
1735,09:30:00,$ 3356.22,1
1736,09:30:00,$ 3356.22,5
1737,09:30:00,$ 3356.22,8
1738,09:30:00,$ 3356.22,1
1739,09:30:00,$ 3356.22,12
1740,09:30:00,$ 3356.22,4
1741,09:30:00,$ 3356.22,6
1742,09:30:00,$ 3356.22,4
1744,09:30:00,$ 3356.22,1
1745,09:30:00,$ 3356.22,1
1746,09:30:00,$ 3356.22,2
1747,09:30:00,$ 3356.22,1
1748,09:30:00,$ 3356.22,5
1749,09:30:00,$ 3356.22,5
1750,09:30:00,$ 3356.22,12
1751,09:30:00,$ 3356.22,22
1752,09:30:00,$ 3356.22,1
1753,09:30:00,$ 3356.22,60
1754,09:30:00,$ 3356.22,10
1755,09:30:00,$ 3356.22,8
1756,09:30:00,$ 3356.22,1
1757,09:30:00,$ 3356.22,19
1758,09:30:00,$ 3356.22,30
1759,09:30:00,$ 3356.22,6
1760,09:30:00,$ 3356.22,2
1761,09:30:00,$ 3356.22,1
1762,09:30:00,$ 3356.22,25
1763,09:30:00,$ 3356.22,1
1765,09:30:00,$ 3356.22,4
1766,09:30:00,$ 3356.22,5
1767,09:30:00,$ 3356.22,2
1768,09:30:00,$ 3356.22,4
1769,09:30:00,$ 3356.22,1
1770,09:30:00,$ 3356.22,100
1771,09:30:00,$ 3356.22,11
1772,09:30:00,$ 3356.22,5
1773,09:30:00,$ 3356.22,6
1774,09:30:00,$ 3356.22,6
1775,09:30:00,$ 3356.22,26
1776,09:30:00,$ 3356.22,35
1777,09:30:00,$ 3356.22,1
1778,09:30:00,$ 3356.22,7
1779,09:30:00,$ 3356.22,2
1780,09:30:00,$ 3356.22,3
1781,09:30:00,$ 3356.22,2
1782,09:30:00,$ 3356.22,5
1783,09:30:00,$ 3356.22,5
1784,09:30:00,$ 3356.22,9
1786,09:30:00,$ 3356.22,9
1787,09:30:00,$ 3356.22,35
1788,09:30:00,$ 3356.22,6
1789,09:30:00,$ 3356.22,3
1790,09:30:00,$ 3356.22,3
1791,09:30:00,$ 3356.22,3
1792,09:30:00,$ 3356.22,5
1793,09:30:00,$ 3356.22,5
1794,09:30:00,$ 3356.22,10
1795,09:30:00,$ 3356.22,9
1796,09:30:00,$ 3356.22,2
1797,09:30:00,$ 3356.22,10
1798,09:30:00,$ 3356.22,1
1799,09:30:00,$ 3356.22,2
1800,09:30:00,$ 3356.22,10
1801,09:30:00,$ 3356.22,3
1802,09:30:00,$ 3356.22,4
1803,09:30:00,$ 3356.22,5
1804,09:30:00,$ 3356.22,1
1805,09:30:00,$ 3356.22,1
1807,09:30:00,$ 3356.22,2
1808,09:30:00,$ 3356.22,6
1809,09:30:00,$ 3356.22,1
1810,09:30:00,$ 3356.22,11
1811,09:30:00,$ 3356.22,1
1812,09:30:00,$ 3356.22,1
1813,09:30:00,$ 3356.22,7
1814,09:30:00,$ 3356.22,4
1815,09:30:00,$ 3356.22,2
1816,09:30:00,$ 3356.22,11
1817,09:30:00,$ 3356.22,1
1818,09:30:00,$ 3356.22,2
1819,09:30:00,$ 3356.22,9
1820,09:30:00,$ 3356.22,5
1821,09:30:00,$ 3356.22,1
1822,09:30:00,$ 3356.22,1
1823,09:30:00,$ 3356.22,1
1824,09:30:00,$ 3356.22,1
1825,09:30:00,$ 3356.22,10
1826,09:30:00,$ 3356.22,1
1828,09:30:00,$ 3356.22,1
1829,09:30:00,$ 3356.22,1
1830,09:30:00,$ 3356.22,15
1831,09:30:00,$ 3356.22,5
1832,09:30:00,$ 3356.22,1
1833,09:30:00,$ 3356.22,3
1834,09:30:00,$ 3356.22,28
1835,09:30:00,$ 3356.22,1
1836,09:30:00,$ 3356.22,1
1837,09:30:00,$ 3356.22,1
1838,09:30:00,$ 3356.22,1
1839,09:30:00,$ 3356.22,2
1840,09:30:00,$ 3356.22,1
1841,09:30:00,$ 3356.22,1
1842,09:30:00,$ 3356.22,10
1843,09:30:00,$ 3356.22,1
1844,09:30:00,$ 3356.22,70
1845,09:30:00,$ 3356.22,5
1846,09:30:00,$ 3356.22,4
1847,09:30:00,$ 3356.22,9
1849,09:30:00,$ 3356.22,14
1850,09:30:00,$ 3356.22,15
1851,09:30:00,$ 3356.22,15
1852,09:30:00,$ 3356.22,30
1853,09:30:00,$ 3356.22,3
1854,09:30:00,$ 3356.22,6
1855,09:30:00,$ 3356.22,2
1856,09:30:00,$ 3356.22,1
1857,09:30:00,$ 3356.22,6
1858,09:30:00,$ 3356.22,13
1859,09:30:00,$ 3356.22,71
1860,09:30:00,$ 3356.22,78
1861,09:30:00,$ 3356.22,80
1862,09:30:00,$ 3356.22,100
1863,09:30:00,$ 3356.22,2
1864,09:30:00,$ 3356.22,2
1865,09:30:00,$ 3356.22,10
1866,09:30:00,$ 3356.22,5
1867,09:30:00,$ 3356.22,170
1868,09:30:00,$ 3356.22,1
1870,09:30:00,$ 3356.22,"2,000"
1871,09:30:00,$ 3356.22,10
1872,09:30:00,$ 3356.22,7
1873,09:30:00,$ 3356.22,3
1874,09:30:00,$ 3356.22,20
1875,09:30:00,$ 3356.22,3
1876,09:30:00,$ 3356.22,5
1877,09:30:00,$ 3356.22,8
1878,09:30:00,$ 3356.22,28
1879,09:30:00,$ 3356.22,10
1880,09:30:00,$ 3356.22,7
1881,09:30:00,$ 3356.22,6
1882,09:30:00,$ 3356.22,3
1883,09:30:00,$ 3356.22,54
1884,09:30:00,$ 3356.22,7
1885,09:30:00,$ 3356.22,66
1886,09:30:00,$ 3356.22,10
1887,09:30:00,$ 3356.22,5
1888,09:30:00,$ 3356.22,227
1889,09:30:00,$ 3356.22,1
1891,09:30:00,$ 3356.22,13
1892,09:30:00,$ 3356.22,1
1893,09:30:00,$ 3356.22,1
1894,09:30:00,$ 3356.22,1
1895,09:30:00,$ 3356.22,2
1896,09:30:00,$ 3356.22,1
1897,09:30:00,$ 3356.22,1
1898,09:30:00,$ 3356.22,1
1899,09:30:00,$ 3356.22,3
1900,09:30:00,$ 3356.22,2
1901,09:30:00,$ 3356.22,287
1902,09:30:00,$ 3356.22,7
1903,09:30:00,$ 3356.22,4
1904,09:30:00,$ 3356.22,18
1905,09:30:00,$ 3356.22,108
1906,09:30:00,$ 3356.22,41
1907,09:30:00,$ 3356.22,1
1908,09:30:00,$ 3356.22,22
1909,09:30:00,$ 3356.22,349
1910,09:30:00,$ 3356.22,43
1912,09:30:00,$ 3356.22,1
1913,09:30:00,$ 3356.22,4
1914,09:30:00,$ 3356.22,1
1915,09:30:00,$ 3356.22,10
1916,09:30:00,$ 3356.22,5
1917,09:30:00,$ 3356.22,1
1918,09:30:00,$ 3356.22,5
1919,09:30:00,$ 3356.22,1
1920,09:30:00,$ 3356.22,15
1921,09:30:00,$ 3356.22,1
1922,09:30:00,$ 3356.22,1
1923,09:30:00,$ 3356.22,2
1924,09:30:00,$ 3356.22,4
1925,09:30:00,$ 3356.22,20
1926,09:30:00,$ 3356.22,16
1927,09:30:00,$ 3356.22,1
1928,09:30:00,$ 3356.22,5
1929,09:30:00,$ 3356.22,9
1930,09:30:00,$ 3356.22,5
1931,09:30:00,$ 3356.22,25
1933,09:30:00,$ 3356.22,17
1934,09:30:00,$ 3356.22,10
1935,09:30:00,$ 3356.22,2
1936,09:30:00,$ 3356.22,3
1937,09:30:00,$ 3356.22,2
1938,09:30:00,$ 3356.22,28
1939,09:30:00,$ 3356.22,1
1940,09:30:00,$ 3356.22,2
1941,09:30:00,$ 3356.22,5
1942,09:30:00,$ 3356.22,5
1943,09:30:00,$ 3356.22,1
1944,09:30:00,$ 3356.22,10
1945,09:30:00,$ 3356.22,1
1946,09:30:00,$ 3356.22,1
1947,09:30:00,$ 3356.22,7
1948,09:30:00,$ 3356.22,1
1949,09:30:00,$ 3356.22,1
1950,09:30:00,$ 3356.22,4
1951,09:30:00,$ 3356.22,7
1952,09:30:00,$ 3356.22,1
1954,09:30:00,$ 3356.22,2
1955,09:30:00,$ 3356.22,7
1956,09:30:00,$ 3356.22,1
1957,09:30:00,$ 3356.22,1
1958,09:30:00,$ 3356.22,7
1959,09:30:00,$ 3356.22,4
1960,09:30:00,$ 3356.22,1
1961,09:30:00,$ 3356.22,1
1962,09:30:00,$ 3356.22,1
1963,09:30:00,$ 3356.22,1
1964,09:30:00,$ 3356.22,1
1965,09:30:00,$ 3356.22,4
1966,09:30:00,$ 3356.22,1
1967,09:30:00,$ 3356.22,19
1968,09:30:00,$ 3356.22,10
1969,09:30:00,$ 3356.22,300
1970,09:30:00,$ 3356.22,11
1971,09:30:00,$ 3356.22,121
1972,09:30:00,$ 3356.22,2
1973,09:30:00,$ 3356.22,5
1975,09:30:00,$ 3356.22,2
1976,09:30:00,$ 3356.22,3
1977,09:30:00,$ 3356.22,100
1978,09:30:00,$ 3356.22,6
1979,09:30:00,$ 3356.22,300
1980,09:30:00,$ 3356.22,5
1981,09:30:00,$ 3356.22,1
1982,09:30:00,$ 3356.22,"1,100"
1983,09:30:00,$ 3356.22,172
1984,09:30:00,$ 3356.22,1
1985,09:30:00,$ 3356.22,627
1986,09:30:00,$ 3356.22,22
1987,09:30:00,$ 3356.22,20
1988,09:30:00,$ 3356.22,110
1989,09:30:00,$ 3356.22,10
1990,09:30:00,$ 3356.22,200
1991,09:30:00,$ 3356.22,17
1992,09:30:00,$ 3356.22,19
1993,09:30:00,$ 3356.22,6
1994,09:30:00,$ 3356.22,56
1996,09:30:00,$ 3356.22,5
1997,09:30:00,$ 3356.22,8
1998,09:30:00,$ 3356.22,89
1999,09:30:00,$ 3356.22,10
2000,09:30:00,$ 3356.22,10
2001,09:30:00,$ 3356.22,2
2002,09:30:00,$ 3356.22,9
2003,09:30:00,$ 3356.22,1
2004,09:30:00,$ 3356.22,4
2005,09:30:00,$ 3356.22,50
2006,09:30:00,$ 3356.22,67
2007,09:30:00,$ 3356.22,33
2008,09:30:00,$ 3356.22,32
2009,09:30:00,$ 3356.22,21
2010,09:30:00,$ 3356.22,200
2011,09:30:00,$ 3356.22,2
2012,09:30:00,$ 3356.22,1
2013,09:30:00,$ 3356.22,8
2014,09:30:00,$ 3356.22,25
2015,09:30:00,$ 3356.22,10
2017,09:30:00,$ 3356.22,5
2018,09:30:00,$ 3356.22,1
2019,09:30:00,$ 3356.22,3
2020,09:30:00,$ 3356.22,3
2021,09:30:00,$ 3356.22,25
2022,09:30:00,$ 3356.22,10
2023,09:30:00,$ 3356.22,12
2024,09:30:00,$ 3356.22,1
2025,09:30:00,$ 3356.22,1
2026,09:30:00,$ 3356.22,1
2027,09:30:00,$ 3356.22,42
2028,09:30:00,$ 3356.22,20
2029,09:30:00,$ 3356.22,4
2030,09:30:00,$ 3356.22,6
2031,09:30:00,$ 3356.22,3
2032,09:30:00,$ 3356.22,12
2033,09:30:00,$ 3356.22,30
2034,09:30:00,$ 3356.22,75
2035,09:30:00,$ 3356.22,5
2036,09:30:00,$ 3356.22,1
2038,09:30:00,$ 3356.22,600
2039,09:30:00,$ 3356.22,1
2040,09:30:00,$ 3356.22,25
2041,09:30:00,$ 3356.22,100
2042,09:30:00,$ 3356.22,15
2043,09:30:00,$ 3356.22,10
2044,09:30:00,$ 3356.22,100
2045,09:30:00,$ 3356.22,7
2046,09:30:00,$ 3356.22,1
2047,09:30:00,$ 3356.22,5
2048,09:30:00,$ 3356.22,4
2049,09:30:00,$ 3356.22,11
2050,09:30:00,$ 3356.22,1
2051,09:30:00,$ 3356.22,3
2052,09:30:00,$ 3356.22,48
2053,09:30:00,$ 3356.22,6
2054,09:30:00,$ 3356.22,10
2055,09:30:00,$ 3356.22,75
2056,09:30:00,$ 3356.22,12
2057,09:30:00,$ 3356.22,100
2059,09:30:00,$ 3356.22,5
2060,09:30:00,$ 3356.22,10
2061,09:30:00,$ 3356.22,90
2062,09:30:00,$ 3356.22,100
2063,09:30:00,$ 3356.22,3
2064,09:30:00,$ 3356.22,12
2065,09:30:00,$ 3356.22,1
2066,09:30:00,$ 3356.22,67
2067,09:30:00,$ 3356.22,6
2068,09:30:00,$ 3356.22,9
2069,09:30:00,$ 3356.22,3
2070,09:30:00,$ 3356.22,7
2071,09:30:00,$ 3356.22,1
2072,09:30:00,$ 3356.22,15
2073,09:30:00,$ 3356.22,3
2074,09:30:00,$ 3356.22,30
2075,09:30:00,$ 3356.22,30
2076,09:30:00,$ 3356.22,2
2077,09:30:00,$ 3356.22,1
2078,09:30:00,$ 3356.22,5
2080,09:30:00,$ 3356.22,1
2081,09:30:00,$ 3356.22,1
2082,09:30:00,$ 3356.22,1
2083,09:30:00,$ 3356.22,9
2084,09:30:00,$ 3356.22,3
2085,09:30:00,$ 3356.22,3
2086,09:30:00,$ 3356.22,6
2087,09:30:00,$ 3356.22,1
2088,09:30:00,$ 3356.22,1
2089,09:30:00,$ 3356.22,1
2090,09:30:00,$ 3356.22,11
2091,09:30:00,$ 3356.22,1
2092,09:30:00,$ 3356.22,59
2093,09:30:00,$ 3356.22,3
2094,09:30:00,$ 3356.22,1
2095,09:30:00,$ 3356.22,50
2096,09:30:00,$ 3356.22,10
2097,09:30:00,$ 3356.22,139
2098,09:30:00,$ 3356.22,5
2099,09:30:00,$ 3356.22,1
2101,09:30:00,$ 3356.22,1
2102,09:30:00,$ 3356.22,18
2103,09:30:00,$ 3356.22,10
2104,09:30:00,$ 3356.22,44
2105,09:30:00,$ 3356.22,1
2106,09:30:00,$ 3356.22,14
2107,09:30:00,$ 3356.22,2
2108,09:30:00,$ 3356.22,3
2109,09:30:00,$ 3356.22,2
2110,09:30:00,$ 3356.22,3
2111,09:30:00,$ 3356.22,2
2112,09:30:00,$ 3356.22,5
2113,09:30:00,$ 3356.22,2
2114,09:30:00,$ 3356.22,37
2115,09:30:00,$ 3356.22,56
2116,09:30:00,$ 3356.22,84
2117,09:30:00,$ 3356.22,5
2118,09:30:00,$ 3356.22,297
2119,09:30:00,$ 3356.22,37
2120,09:30:00,$ 3356.22,1
2122,09:30:00,$ 3356.22,4
2123,09:30:00,$ 3356.22,3
2124,09:30:00,$ 3356.22,5
2125,09:30:00,$ 3356.22,10
2126,09:30:00,$ 3356.22,1
2127,09:30:00,$ 3356.22,29
2128,09:30:00,$ 3356.22,150
2129,09:30:00,$ 3356.22,2
2130,09:30:00,$ 3356.22,1
2131,09:30:00,$ 3356.22,1
2132,09:30:00,$ 3356.22,25
2133,09:30:00,$ 3356.22,3
2134,09:30:00,$ 3356.22,14
2135,09:30:00,$ 3356.22,6
2136,09:30:00,$ 3356.22,1
2137,09:30:00,$ 3356.22,103
2138,09:30:00,$ 3356.22,424
2139,09:30:00,$ 3356.22,4
2140,09:30:00,$ 3356.22,10
2141,09:30:00,$ 3356.22,5
2143,09:30:00,$ 3356.22,5
2144,09:30:00,$ 3356.22,8
2145,09:30:00,$ 3356.22,2
2146,09:30:00,$ 3356.22,1
2147,09:30:00,$ 3356.22,3
2148,09:30:00,$ 3356.22,1
2149,09:30:00,$ 3356.22,1
2150,09:30:00,$ 3356.22,1
2151,09:30:00,$ 3356.22,1
2152,09:30:00,$ 3356.22,1
2153,09:30:00,$ 3356.22,1
2154,09:30:00,$ 3356.22,1
2155,09:30:00,$ 3356.22,2
2156,09:30:00,$ 3356.22,1
2157,09:30:00,$ 3356.22,1
2158,09:30:00,$ 3356.22,1
2159,09:30:00,$ 3356.22,1
2160,09:30:00,$ 3356.22,1
2161,09:30:00,$ 3356.22,1
2162,09:30:00,$ 3356.22,1
2164,09:30:00,$ 3356.22,3
2165,09:30:00,$ 3356.22,3
2166,09:30:00,$ 3356.22,1
2167,09:30:00,$ 3356.22,1
2168,09:30:00,$ 3356.22,1
2169,09:30:00,$ 3356.22,1
2170,09:30:00,$ 3356.22,1
2171,09:30:00,$ 3356.22,1
2172,09:30:00,$ 3356.22,5
2173,09:30:00,$ 3356.22,1
2174,09:30:00,$ 3356.22,1
2175,09:30:00,$ 3356.22,2
2176,09:30:00,$ 3356.22,1
2177,09:30:00,$ 3356.22,1
2178,09:30:00,$ 3356.22,1
2179,09:30:00,$ 3356.22,1
2180,09:30:00,$ 3356.22,1
2181,09:30:00,$ 3356.22,20
2182,09:30:00,$ 3356.22,1
2183,09:30:00,$ 3356.22,2
2185,09:30:00,$ 3356.22,2
2186,09:30:00,$ 3356.22,2
2187,09:30:00,$ 3356.22,5
2188,09:30:00,$ 3356.22,4
2189,09:30:00,$ 3356.22,2
2190,09:30:00,$ 3356.22,1
2191,09:30:00,$ 3356.22,1
2192,09:30:00,$ 3356.22,1
2193,09:30:00,$ 3356.22,1
2194,09:30:00,$ 3356.22,1
2195,09:30:00,$ 3356.22,9
2196,09:30:00,$ 3356.22,2
2197,09:30:00,$ 3356.22,3
2198,09:30:00,$ 3356.22,1
2199,09:30:00,$ 3356.22,1
2200,09:30:00,$ 3356.22,1
2201,09:30:00,$ 3356.22,12
2202,09:30:00,$ 3356.22,2
2203,09:30:00,$ 3356.22,1
2204,09:30:00,$ 3356.22,2
2206,09:30:00,$ 3356.22,1
2207,09:30:00,$ 3356.22,10
2208,09:30:00,$ 3356.22,2
2209,09:30:00,$ 3356.22,11
2210,09:30:00,$ 3356.22,1
2211,09:30:00,$ 3356.22,5
2212,09:30:00,$ 3356.22,10
2213,09:30:00,$ 3356.22,15
2214,09:30:00,$ 3356.22,236
2215,09:30:00,$ 3356.22,2
2216,09:30:00,$ 3356.22,8
2217,09:30:00,$ 3356.22,3
2218,09:30:00,$ 3356.22,"1,000"
2219,09:30:00,$ 3356.22,1
2220,09:30:00,$ 3356.22,1
2221,09:30:00,$ 3356.22,1
2222,09:30:00,$ 3356.22,1
2223,09:30:00,$ 3356.22,1
2224,09:30:00,$ 3356.22,9
2225,09:30:00,$ 3356.22,1
2227,09:30:00,$ 3356.22,2
2228,09:30:00,$ 3356.22,3
2229,09:30:00,$ 3356.22,1
2230,09:30:00,$ 3356.22,2
2231,09:30:00,$ 3356.22,1
2232,09:30:00,$ 3356.22,1
2233,09:30:00,$ 3356.22,1
2234,09:30:00,$ 3356.22,1
2235,09:30:00,$ 3356.22,2
2236,09:30:00,$ 3356.22,7
2237,09:30:00,$ 3356.22,2
2238,09:30:00,$ 3356.22,1
2239,09:30:00,$ 3356.22,1
2240,09:30:00,$ 3356.22,1
2241,09:30:00,$ 3356.22,1
2242,09:30:00,$ 3356.22,7
2243,09:30:00,$ 3356.22,4
2244,09:30:00,$ 3356.22,3
2245,09:30:00,$ 3356.22,2
2246,09:30:00,$ 3356.22,1
2248,09:30:00,$ 3356.22,1
2249,09:30:00,$ 3356.22,30
2250,09:30:00,$ 3356.22,7
2251,09:30:00,$ 3356.22,83
2252,09:30:00,$ 3356.22,1
2253,09:30:00,$ 3356.22,2
2254,09:30:00,$ 3356.22,10
2255,09:30:00,$ 3356.22,1
2256,09:30:00,$ 3356.22,1
2257,09:30:00,$ 3356.22,1
2258,09:30:00,$ 3356.22,3
2259,09:30:00,$ 3356.22,1
2260,09:30:00,$ 3356.22,1
2261,09:30:00,$ 3356.22,114
2262,09:30:00,$ 3356.22,1
2263,09:30:00,$ 3356.22,1
2264,09:30:00,$ 3356.22,1
2265,09:30:00,$ 3356.22,5
2266,09:30:00,$ 3356.22,35
2267,09:30:00,$ 3356.22,2
2269,09:30:00,$ 3356.22,5
2270,09:30:00,$ 3356.22,13
2271,09:30:00,$ 3356.22,12
2272,09:30:00,$ 3356.22,2
2273,09:30:00,$ 3356.22,1
2274,09:30:00,$ 3356.22,18
2275,09:30:00,$ 3356.22,15
2276,09:30:00,$ 3356.22,5
2277,09:30:00,$ 3356.22,9
2278,09:30:00,$ 3356.22,98
2279,09:30:00,$ 3356.22,30
2280,09:30:00,$ 3356.22,1
2281,09:30:00,$ 3356.22,2
2282,09:30:00,$ 3356.22,1
2283,09:30:00,$ 3356.22,1
2284,09:30:00,$ 3356.22,20
2285,09:30:00,$ 3356.22,5
2286,09:30:00,$ 3356.22,4
2287,09:30:00,$ 3356.22,5
2288,09:30:00,$ 3356.22,3
2290,09:30:00,$ 3356.22,16
2291,09:30:00,$ 3356.22,2
2292,09:30:00,$ 3356.22,2
2293,09:30:00,$ 3356.22,2
2294,09:30:00,$ 3356.22,5
2295,09:30:00,$ 3356.22,1
2296,09:30:00,$ 3356.22,9
2297,09:30:00,$ 3356.22,10
2298,09:30:00,$ 3356.22,1
2299,09:30:00,$ 3356.22,1
2300,09:30:00,$ 3356.22,5
2301,09:30:00,$ 3356.22,10
2302,09:30:00,$ 3356.22,5
2303,09:30:00,$ 3356.22,11
2304,09:30:00,$ 3356.22,1
2305,09:30:00,$ 3356.22,5
2306,09:30:00,$ 3356.22,1
2307,09:30:00,$ 3356.22,20
2308,09:30:00,$ 3356.22,5
2309,09:30:00,$ 3356.22,2
2311,09:30:00,$ 3356.22,2
2312,09:30:00,$ 3356.22,5
2313,09:30:00,$ 3356.22,1
2314,09:30:00,$ 3356.22,1
2315,09:30:00,$ 3356.22,1
2316,09:30:00,$ 3356.22,6
2317,09:30:00,$ 3356.22,1
2318,09:30:00,$ 3356.22,1
2319,09:30:00,$ 3356.22,3
2320,09:30:00,$ 3356.22,2
2321,09:30:00,$ 3356.22,3
2322,09:30:00,$ 3356.22,3
2323,09:30:00,$ 3356.22,1
2324,09:30:00,$ 3356.22,1
2325,09:30:00,$ 3356.22,1
2326,09:30:00,$ 3356.22,3
2327,09:30:00,$ 3356.22,2
2328,09:30:00,$ 3356.22,7
2329,09:30:00,$ 3356.22,7
2330,09:30:00,$ 3356.22,10
2332,09:30:00,$ 3356.22,10
2333,09:30:00,$ 3356.22,5
2334,09:30:00,$ 3356.22,5
2335,09:30:00,$ 3356.22,8
2336,09:30:00,$ 3356.22,4
2337,09:30:00,$ 3356.22,11
2338,09:30:00,$ 3356.22,5
2339,09:30:00,$ 3356.22,3
2340,09:30:00,$ 3356.22,1
2341,09:30:00,$ 3356.22,25
2342,09:30:00,$ 3356.22,3
2343,09:30:00,$ 3356.22,1
2344,09:30:00,$ 3356.22,1
2345,09:30:00,$ 3356.22,1
2346,09:30:00,$ 3356.22,6
2347,09:30:00,$ 3356.22,1
2348,09:30:00,$ 3356.22,1
2349,09:30:00,$ 3356.22,7
2350,09:30:00,$ 3356.22,8
2351,09:30:00,$ 3356.22,1
2353,09:30:00,$ 3356.22,2
2354,09:30:00,$ 3356.22,14
2355,09:30:00,$ 3356.22,71
2356,09:30:00,$ 3356.22,2
2357,09:30:00,$ 3356.22,1
2358,09:30:00,$ 3356.22,445
2359,09:30:00,$ 3356.22,13
2360,09:30:00,$ 3356.22,3
2361,09:30:00,$ 3356.22,2
2362,09:30:00,$ 3356.22,102
2363,09:30:00,$ 3356.22,7
2364,09:30:00,$ 3356.22,5
2365,09:30:00,$ 3356.22,8
2366,09:30:00,$ 3356.22,3
2367,09:30:00,$ 3356.22,1
2368,09:30:00,$ 3356.22,3
2369,09:30:00,$ 3356.22,3
2370,09:30:00,$ 3356.22,2
2371,09:30:00,$ 3356.22,1
2372,09:30:00,$ 3356.22,1
2374,09:30:00,$ 3356.22,4
2375,09:30:00,$ 3356.22,1
2376,09:30:00,$ 3356.22,1
2377,09:30:00,$ 3356.22,1
2378,09:30:00,$ 3356.22,1
2379,09:30:00,$ 3356.22,1
2380,09:30:00,$ 3356.22,1
2381,09:30:00,$ 3356.22,9
2382,09:30:00,$ 3356.22,1
2383,09:30:00,$ 3356.22,6
2384,09:30:00,$ 3356.22,9
2385,09:30:00,$ 3356.22,2
2386,09:30:00,$ 3356.22,1
2387,09:30:00,$ 3356.22,3
2388,09:30:00,$ 3356.22,1
2389,09:30:00,$ 3356.22,1
2390,09:30:00,$ 3356.22,1
2391,09:30:00,$ 3356.22,10
2392,09:30:00,$ 3356.22,1
2393,09:30:00,$ 3356.22,10
2395,09:30:00,$ 3356.22,177
2396,09:30:00,$ 3356.22,193
2397,09:30:00,$ 3356.22,7
2398,09:30:00,$ 3356.22,2
2399,09:30:00,$ 3356.22,1
2400,09:30:00,$ 3356.22,1
2401,09:30:00,$ 3356.22,200
2402,09:30:00,$ 3356.22,5
2403,09:30:00,$ 3356.22,1
2404,09:30:00,$ 3356.22,1
2405,09:30:00,$ 3356.22,1
2406,09:30:00,$ 3356.22,2
2407,09:30:00,$ 3356.22,1
2408,09:30:00,$ 3356.22,2
2409,09:30:00,$ 3356.22,3
2410,09:30:00,$ 3356.22,2
2411,09:30:00,$ 3356.22,5
2412,09:30:00,$ 3356.22,1
2413,09:30:00,$ 3356.22,40
2414,09:30:00,$ 3356.22,5
2416,09:30:00,$ 3356.22,42
2417,09:30:00,$ 3356.22,25
2418,09:30:00,$ 3356.22,1
2419,09:30:00,$ 3356.22,2
2420,09:30:00,$ 3356.22,41
2421,09:30:00,$ 3356.22,130
2422,09:30:00,$ 3356.22,1
2423,09:30:00,$ 3356.22,1
2424,09:30:00,$ 3356.22,38
2425,09:30:00,$ 3356.22,1
2426,09:30:00,$ 3356.22,59
2427,09:30:00,$ 3356.22,1
2428,09:30:00,$ 3356.22,1
2429,09:30:00,$ 3356.22,50
2430,09:30:00,$ 3356.22,4
2431,09:30:00,$ 3356.22,2
2432,09:30:00,$ 3356.22,1
2433,09:30:00,$ 3356.22,2
2434,09:30:00,$ 3356.22,1
2435,09:30:00,$ 3356.22,2
2437,09:30:00,$ 3356.22,1
2438,09:30:00,$ 3356.22,1
2439,09:30:00,$ 3356.22,2
2440,09:30:00,$ 3356.22,2
2441,09:30:00,$ 3356.22,15
2442,09:30:00,$ 3356.22,2
2443,09:30:00,$ 3356.22,3
2444,09:30:00,$ 3356.22,2
2445,09:30:00,$ 3356.22,10
2446,09:30:00,$ 3356.22,4
2447,09:30:00,$ 3356.22,3
2448,09:30:00,$ 3356.22,4
2449,09:30:00,$ 3356.22,9
2450,09:30:00,$ 3356.22,3
2451,09:30:00,$ 3356.22,6
2452,09:30:00,$ 3356.22,26
2453,09:30:00,$ 3356.22,27
2454,09:30:00,$ 3356.22,5
2455,09:30:00,$ 3356.22,2
2456,09:30:00,$ 3356.22,11
2458,09:30:00,$ 3356.22,3
2459,09:30:00,$ 3356.22,8
2460,09:30:00,$ 3356.22,10
2461,09:30:00,$ 3356.22,4
2462,09:30:00,$ 3356.22,7
2463,09:30:00,$ 3356.22,22
2464,09:30:00,$ 3356.22,1
2465,09:30:00,$ 3356.22,7
2466,09:30:00,$ 3356.22,2
2467,09:30:00,$ 3356.22,1
2468,09:30:00,$ 3356.22,7
2469,09:30:00,$ 3356.22,1
2470,09:30:00,$ 3356.22,10
2471,09:30:00,$ 3356.22,2
2472,09:30:00,$ 3356.22,1
2473,09:30:00,$ 3356.22,3
2474,09:30:00,$ 3356.22,1
2475,09:30:00,$ 3356.22,1
2476,09:30:00,$ 3356.22,1
2477,09:30:00,$ 3356.22,5
2479,09:30:00,$ 3356.22,15
2480,09:30:00,$ 3356.22,100
2481,09:30:00,$ 3356.22,3
2482,09:30:00,$ 3356.22,2
2483,09:30:00,$ 3356.22,4
2484,09:30:00,$ 3356.22,1
2485,09:30:00,$ 3356.22,9
2486,09:30:00,$ 3356.22,1
2487,09:30:00,$ 3356.22,1
2488,09:30:00,$ 3356.22,20
2489,09:30:00,$ 3356.22,28
2490,09:30:00,$ 3356.22,2
2491,09:30:00,$ 3356.22,1
2492,09:30:00,$ 3356.22,1
2493,09:30:00,$ 3356.22,8
2494,09:30:00,$ 3356.22,1
2495,09:30:00,$ 3356.22,2
2496,09:30:00,$ 3356.22,1
2497,09:30:00,$ 3356.22,1
2498,09:30:00,$ 3356.22,1
2500,09:30:00,$ 3356.22,1
2501,09:30:00,$ 3356.22,30
2502,09:30:00,$ 3356.22,45
2503,09:30:00,$ 3356.22,10
2504,09:30:00,$ 3356.22,25
2505,09:30:00,$ 3356.22,8
2506,09:30:00,$ 3356.22,2
2507,09:30:00,$ 3356.22,1
2508,09:30:00,$ 3356.22,15
2509,09:30:00,$ 3356.22,9
2510,09:30:00,$ 3356.22,2
2511,09:30:00,$ 3356.22,1
2512,09:30:00,$ 3356.22,3
2513,09:30:00,$ 3356.22,80
2514,09:30:00,$ 3356.22,3
2515,09:30:00,$ 3356.22,100
2516,09:30:00,$ 3356.22,100
2517,09:30:00,$ 3356.22,2
2518,09:30:00,$ 3356.22,98
2519,09:30:00,$ 3356.22,5
2521,09:30:00,$ 3356.22,100
2522,09:30:00,$ 3356.22,2
2523,09:30:00,$ 3356.22,29
2524,09:30:00,$ 3356.22,89
2525,09:30:00,$ 3356.22,14
2526,09:30:00,$ 3356.22,49
2527,09:30:00,$ 3356.22,19
2528,09:30:00,$ 3356.22,3
2529,09:30:00,$ 3356.22,18
2530,09:30:00,$ 3356.22,5
2531,09:30:00,$ 3356.22,2
2532,09:30:00,$ 3356.22,2
2533,09:30:00,$ 3356.22,2
2534,09:30:00,$ 3356.22,13
2535,09:30:00,$ 3356.22,1
2536,09:30:00,$ 3356.22,2
2537,09:30:00,$ 3356.22,8
2538,09:30:00,$ 3356.22,2
2539,09:30:00,$ 3356.22,39
2540,09:30:00,$ 3356.22,6
2542,09:30:00,$ 3356.22,3
2543,09:30:00,$ 3356.22,1
2544,09:30:00,$ 3356.22,1
2545,09:30:00,$ 3356.22,1
2546,09:30:00,$ 3356.22,3
2547,09:30:00,$ 3356.22,1
2548,09:30:00,$ 3356.22,1
2549,09:30:00,$ 3356.22,4
2550,09:30:00,$ 3356.22,3
2551,09:30:00,$ 3356.22,5
2552,09:30:00,$ 3356.22,3
2553,09:30:00,$ 3356.22,50
2554,09:30:00,$ 3356.22,1
2555,09:30:00,$ 3356.22,10
2556,09:30:00,$ 3356.22,1
2557,09:30:00,$ 3356.22,1
2558,09:30:00,$ 3356.22,5
2559,09:30:00,$ 3356.22,5
2560,09:30:00,$ 3356.22,1
2561,09:30:00,$ 3356.22,1
2563,09:30:00,$ 3356.22,4
2564,09:30:00,$ 3356.22,1
2565,09:30:00,$ 3356.22,2
2566,09:30:00,$ 3356.22,3
2567,09:30:00,$ 3356.22,1
2568,09:30:00,$ 3356.22,1
2569,09:30:00,$ 3356.22,3
2570,09:30:00,$ 3356.22,3
2571,09:30:00,$ 3356.22,1
2572,09:30:00,$ 3356.22,1
2573,09:30:00,$ 3356.22,11
2574,09:30:00,$ 3356.22,1
2575,09:30:00,$ 3356.22,2
2576,09:30:00,$ 3356.22,3
2577,09:30:00,$ 3356.22,1
2578,09:30:00,$ 3356.22,10
2579,09:30:00,$ 3356.22,3
2580,09:30:00,$ 3356.22,2
2581,09:30:00,$ 3356.22,2
2582,09:30:00,$ 3356.22,1
2584,09:30:00,$ 3356.22,1
2585,09:30:00,$ 3356.22,2
2586,09:30:00,$ 3356.22,1
2587,09:30:00,$ 3356.22,1
2588,09:30:00,$ 3356.22,147
2589,09:30:00,$ 3356.22,1
2590,09:30:00,$ 3356.22,1
2591,09:30:00,$ 3356.22,1
2592,09:30:00,$ 3356.22,1
2593,09:30:00,$ 3356.22,1
2594,09:30:00,$ 3356.622,250
2595,09:30:00,$ 3356.22,1
2596,09:30:00,$ 3356.22,8
2597,09:30:00,$ 3356.22,1
2598,09:30:00,$ 3356.22,10
2599,09:30:00,$ 3356.22,25
2600,09:30:00,$ 3356.22,1
2601,09:30:00,$ 3356.22,14
2602,09:30:00,$ 3356.22,100
2603,09:30:00,$ 3356.22,10
2605,09:30:00,$ 3356.22,10
2607,10:29:58,$ 3378.50,100
2608,10:29:58,$ 3378.52,100
2609,10:29:57,$ 3378.75,100
2610,10:29:51,$ 3376.6001,100
2611,10:29:48,$ 3378.525,100
2612,10:29:22,$ 3376.08,100
2613,10:29:12,$ 3378.82,100
2614,10:29:04,$ 3378.75,100
2615,10:29:04,$ 3378.71,100
2616,10:29:04,$ 3378.70,100
2617,10:29:04,$ 3378.60,100
2618,10:29:01,$ 3379.45,100
2619,10:28:57,$ 3379.05,100
2620,10:28:52,$ 3378.39,100
2621,10:28:52,$ 3378.92,100
2622,10:28:51,$ 3378.4518,100
2623,10:28:48,$ 3377.77,100
2624,10:28:30,$ 3377.15,100
2625,10:28:30,$ 3377.13,100
2626,10:28:21,$ 3376.475,100
2628,10:28:18,$ 3375.78,100
2629,10:28:18,$ 3375.73,100
2630,10:28:13,$ 3375.58,100
2631,10:28:02,$ 3375.01,100
2632,10:28:01,$ 3374.12,100
2633,10:27:53,$ 3373.565,100
2634,10:27:52,$ 3372.9477,150
2635,10:27:51,$ 3373.19,100
2636,10:27:45,$ 3373.59,100
2637,10:27:44,$ 3373.835,200
2638,10:27:40,$ 3375.00,100
2639,10:27:34,$ 3372.30,100
2640,10:27:24,$ 3371.93,100
2641,10:27:19,$ 3370.82,100
2642,10:27:14,$ 3369.64,100
2643,10:27:08,$ 3370.385,100
2644,10:27:08,$ 3370.385,100
2645,10:27:06,$ 3368.2636,243
2646,10:27:06,$ 3370.00,167
2647,10:27:06,$ 3370.00,100
2649,10:27:06,$ 3370.00,100
2650,10:27:06,$ 3370.12,100
2651,10:27:06,$ 3370.01,100
2652,10:27:06,$ 3370.15,100
2653,10:26:33,$ 3371.104,100
2654,10:26:27,$ 3373.17,100
2655,10:26:27,$ 3373.14,100
2656,10:26:27,$ 3373.14,100
2657,10:26:27,$ 3372.99,100
2658,10:26:23,$ 3374.283,100
2659,10:26:06,$ 3373.96,100
2660,10:26:00,$ 3373.09,100
2661,10:25:54,$ 3372.53,100
2662,10:25:54,$ 3372.58,100
2663,10:25:51,$ 3370.945,100
2664,10:25:36,$ 3372.10,100
2665,10:25:36,$ 3372.22,100
2666,10:25:32,$ 3372.785,100
2667,10:25:09,$ 3373.45,100
2668,10:24:57,$ 3373.01,100
2670,10:24:39,$ 3370.51,100
2671,10:24:39,$ 3370.64,100
2672,10:24:37,$ 3370.6693,100
2673,10:24:37,$ 3371.73,100
2674,10:24:23,$ 3371.175,100
2675,10:24:04,$ 3370.20,200
2676,10:24:02,$ 3372.04,100
2677,10:23:41,$ 3373.695,100
2678,10:23:32,$ 3374.51,131
2679,10:23:10,$ 3373.84,500
2680,10:23:07,$ 3374.79,100
2681,10:22:55,$ 3374.81,100
2682,10:22:54,$ 3375.82,100
2683,10:22:54,$ 3376.00,100
2684,10:22:54,$ 3376.37,100
2685,10:22:54,$ 3377.15,100
2686,10:22:46,$ 3377.145,100
2687,10:22:42,$ 3377.23,200
2688,10:22:22,$ 3376.57,100
2689,10:22:18,$ 3376.51,100
2691,10:22:10,$ 3376.95,100
2692,10:22:01,$ 3376.00,144
2693,10:22:01,$ 3376.00,100
2694,10:21:39,$ 3374.81,146
2695,10:21:39,$ 3374.82,100
2696,10:21:31,$ 3376.16,100
2697,10:21:31,$ 3376.16,100
2698,10:21:30,$ 3376.16,180
2699,10:21:28,$ 3376.82,100
2700,10:21:20,$ 3377.51,100
2701,10:21:15,$ 3377.76,100
2702,10:21:15,$ 3377.76,100
2703,10:21:12,$ 3378.25,500
2704,10:21:10,$ 3376.99,100
2705,10:21:08,$ 3375.36,100
2706,10:21:06,$ 3375.79,168
2707,10:20:57,$ 3374.94,100
2708,10:20:37,$ 3374.00,568
2709,10:20:36,$ 3374.255,500
2710,10:20:35,$ 3374.53,100
2712,10:20:35,$ 3374.50,121
2713,10:20:32,$ 3375.00,201
2714,10:20:32,$ 3375.00,266
2715,10:20:32,$ 3375.00,133
2716,10:20:22,$ 3374.865,100
2717,10:20:15,$ 3374.10,102
2718,10:20:09,$ 3375.9299,300
2719,10:20:09,$ 3373.965,100
2720,10:20:07,$ 3373.70,100
2721,10:20:06,$ 3373.67,120
2722,10:20:06,$ 3374.545,100
2723,10:20:06,$ 3372.00,100
2724,10:20:06,$ 3375.00,212
2725,10:20:06,$ 3375.00,125
2726,10:20:05,$ 3376.215,100
2727,10:19:59,$ 3375.45,100
2728,10:19:58,$ 3376.80,100
2729,10:19:55,$ 3376.00,100
2730,10:19:53,$ 3375.85,100
2731,10:19:47,$ 3377.355,100
2733,10:19:47,$ 3376.21,100
2734,10:19:47,$ 3377.355,100
2735,10:19:43,$ 3376.13,100
2736,10:19:40,$ 3376.545,100
2737,10:19:40,$ 3376.56,100
2738,10:19:36,$ 3375.8985,100
2739,10:19:32,$ 3375.86,100
2740,10:19:16,$ 3376.535,100
2741,10:19:15,$ 3376.56,100
2742,10:19:15,$ 3376.54,100
2743,10:19:15,$ 3376.535,100
2744,10:19:15,$ 3376.74,100
2745,10:19:13,$ 3377.12,165
2746,10:19:12,$ 3378.49,227
2747,10:19:09,$ 3378.39,100
2748,10:19:03,$ 3378.49,100
2749,10:18:56,$ 3378.2789,100
2750,10:18:42,$ 3377.0915,100
2751,10:18:42,$ 3377.00,100
2752,10:18:42,$ 3377.0915,100
2754,10:18:42,$ 3377.00,200
2755,10:18:38,$ 3378.5103,"1,318"
2756,10:18:38,$ 3378.5103,118
2757,10:18:38,$ 3378.52,100
2758,10:18:38,$ 3378.86,100
2759,10:18:38,$ 3378.5301,700
2760,10:18:31,$ 3379.23,100
2761,10:18:29,$ 3379.8872,126
2762,10:18:26,$ 3379.99,100
2763,10:18:21,$ 3380.3351,200
2764,10:18:19,$ 3380.62,100
2765,10:18:19,$ 3381.13,100
2766,10:18:06,$ 3382.01,100
2767,10:18:06,$ 3381.89,100
2768,10:18:01,$ 3382.34,100
2769,10:18:01,$ 3382.85,100
2770,10:18:01,$ 3382.275,100
2771,10:18:01,$ 3382.57,100
2772,10:17:59,$ 3382.4625,100
2773,10:17:47,$ 3381.7929,100
2775,10:17:46,$ 3382.00,700
2776,10:17:46,$ 3382.00,100
2777,10:17:33,$ 3381.50,100
2778,10:17:25,$ 3379.77,100
2779,10:17:24,$ 3379.1644,200
2780,10:17:12,$ 3381.27,100
2781,10:17:07,$ 3380.00,100
2782,10:16:40,$ 3381.8999,607
2783,10:16:40,$ 3381.8999,500
2784,10:16:37,$ 3380.85,100
2785,10:16:37,$ 3380.84,100
2786,10:16:34,$ 3381.50,100
2787,10:16:34,$ 3381.28,100
2788,10:16:34,$ 3381.50,100
2789,10:16:34,$ 3381.50,100
2790,10:16:30,$ 3381.8609,122
2791,10:16:26,$ 3381.64,100
2792,10:16:26,$ 3381.90,100
2793,10:16:26,$ 3381.90,100
2794,10:16:26,$ 3381.61,100
2796,10:16:26,$ 3381.91,100
2797,10:16:26,$ 3381.89,100
2798,10:16:26,$ 3381.22,150
2799,10:16:25,$ 3380.5704,180
2800,10:16:21,$ 3380.80,100
2801,10:16:16,$ 3380.23,163
2802,10:16:11,$ 3380.00,100
2803,10:16:11,$ 3379.86,100
2804,10:16:06,$ 3379.03,100
2805,10:15:55,$ 3378.69,100
2806,10:15:41,$ 3377.97,100
2807,10:15:40,$ 3378.49,100
2808,10:15:06,$ 3378.65,"1,000"
2809,10:15:05,$ 3379.4599,100
2810,10:14:50,$ 3377.94,200
2811,10:14:35,$ 3377.35,157
2812,10:14:25,$ 3377.30,130
2813,10:14:21,$ 3376.85,100
2814,10:14:16,$ 3376.07,100
2815,10:14:16,$ 3376.71,100
2817,10:14:13,$ 3377.19,100
2818,10:13:56,$ 3377.69,100
2819,10:13:48,$ 3377.99,100
2820,10:13:46,$ 3377.07,100
2821,10:13:45,$ 3377.75,100
2822,10:13:40,$ 3376.7705,150
2823,10:13:38,$ 3378.00,200
2824,10:13:37,$ 3377.315,100
2825,10:13:25,$ 3378.00,236
2826,10:13:23,$ 3376.49,100
2827,10:13:03,$ 3376.05,100
2828,10:13:03,$ 3376.00,100
2829,10:13:02,$ 3376.52,100
2830,10:12:46,$ 3377.3975,500
2831,10:12:40,$ 3377.12,100
2832,10:12:40,$ 3377.12,100
2833,10:12:40,$ 3377.12,100
2834,10:12:40,$ 3377.12,100
2835,10:12:15,$ 3376.56,100
2836,10:12:05,$ 3375.87,100
2838,10:11:59,$ 3376.28,100
2839,10:11:49,$ 3375.17,100
2840,10:11:47,$ 3375.89,100
2841,10:11:36,$ 3375.00,100
2842,10:11:33,$ 3375.29,100
2843,10:11:24,$ 3375.29,152
2844,10:11:18,$ 3376.84,100
2845,10:11:18,$ 3376.84,100
2846,10:11:18,$ 3376.32,100
2847,10:11:17,$ 3376.55,100
2848,10:11:17,$ 3376.55,200
2849,10:11:05,$ 3376.005,100
2850,10:10:57,$ 3375.3964,500
2851,10:10:56,$ 3377.06,100
2852,10:10:56,$ 3377.40,100
2853,10:10:55,$ 3377.75,100
2854,10:10:55,$ 3377.12,100
2855,10:10:53,$ 3378.00,100
2856,10:10:47,$ 3377.8055,500
2857,10:10:46,$ 3378.355,200
2859,10:10:43,$ 3378.32,100
2860,10:10:36,$ 3378.68,140
2861,10:10:35,$ 3379.2522,240
2862,10:10:33,$ 3379.20,100
2863,10:10:29,$ 3378.655,200
2864,10:10:19,$ 3379.00,200
2865,10:10:16,$ 3380.00,200
2866,10:10:16,$ 3380.00,100
2867,10:10:16,$ 3380.00,100
2868,10:09:59,$ 3379.19,100
2869,10:09:51,$ 3378.0101,100
2870,10:09:44,$ 3378.5199,100
2871,10:09:38,$ 3378.2288,100
2872,10:09:36,$ 3377.89,100
2873,10:09:29,$ 3377.77,100
2874,10:09:19,$ 3376.74,100
2875,10:09:17,$ 3377.7472,100
2876,10:09:17,$ 3377.94,100
2877,10:09:14,$ 3377.0827,100
2878,10:09:08,$ 3378.00,100
2880,10:09:08,$ 3378.71,100
2881,10:09:08,$ 3378.69,100
2882,10:08:59,$ 3378.68,100
2883,10:08:56,$ 3379.99,100
2884,10:08:56,$ 3379.34,500
2885,10:08:55,$ 3379.29,200
2886,10:08:54,$ 3379.255,100
2887,10:08:52,$ 3377.61,140
2888,10:08:49,$ 3377.735,180
2889,10:08:48,$ 3377.945,162
2890,10:08:48,$ 3377.945,100
2891,10:08:48,$ 3377.945,113
2892,10:08:47,$ 3378.24,100
2893,10:08:46,$ 3378.27,100
2894,10:08:45,$ 3378.25,100
2895,10:08:45,$ 3378.29,100
2896,10:08:45,$ 3378.07,100
2897,10:08:44,$ 3377.7023,300
2898,10:08:40,$ 3377.33,100
2899,10:08:40,$ 3377.01,100
2901,10:08:38,$ 3376.535,100
2902,10:08:38,$ 3376.66,200
2903,10:08:38,$ 3374.27,240
2904,10:08:35,$ 3375.50,100
2905,10:08:35,$ 3375.45,100
2906,10:08:33,$ 3374.51,100
2907,10:08:30,$ 3374.99,100
2908,10:08:30,$ 3374.00,100
2909,10:08:26,$ 3372.86,100
2910,10:08:24,$ 3371.74,250
2911,10:08:21,$ 3372.20,100
2912,10:08:21,$ 3372.00,496
2913,10:08:21,$ 3371.78,100
2914,10:08:18,$ 3371.335,100
2915,10:08:13,$ 3370.82,250
2916,10:08:10,$ 3371.89,100
2917,10:08:10,$ 3371.8281,400
2918,10:08:08,$ 3371.36,100
2919,10:08:08,$ 3371.521,200
2920,10:08:08,$ 3372.085,200
2922,10:08:00,$ 3371.4135,100
2923,10:07:59,$ 3371.43,100
2924,10:07:59,$ 3371.46,100
2925,10:07:59,$ 3371.15,100
2926,10:07:59,$ 3371.15,100
2927,10:07:59,$ 3369.99,100
2928,10:07:59,$ 3370.00,400
2929,10:07:51,$ 3369.11,100
2930,10:07:47,$ 3368.66,100
2931,10:07:43,$ 3369.95,100
2932,10:07:43,$ 3369.99,100
2933,10:07:43,$ 3368.58,100
2934,10:07:39,$ 3367.36,500
2935,10:07:39,$ 3367.44,100
2936,10:07:39,$ 3367.00,200
2937,10:07:39,$ 3366.91,100
2938,10:07:39,$ 3367.20,100
2939,10:07:29,$ 3367.3826,"1,996"
2940,10:07:27,$ 3367.57,100
2941,10:07:22,$ 3367.60,100
2943,10:07:22,$ 3367.60,100
2944,10:07:21,$ 3368.40,100
2945,10:07:19,$ 3368.00,100
2946,10:07:15,$ 3365.99,100
2947,10:07:15,$ 3366.00,148
2948,10:07:15,$ 3366.00,271
2949,10:07:15,$ 3366.00,480
2950,10:07:05,$ 3364.5334,100
2951,10:06:48,$ 3364.70,100
2952,10:06:47,$ 3365.3126,100
2953,10:06:38,$ 3365.30,100
2954,10:06:37,$ 3365.67,100
2955,10:06:37,$ 3366.03,100
2956,10:06:37,$ 3365.85,100
2957,10:06:28,$ 3366.00,100
2958,10:06:18,$ 3366.12,100
2959,10:06:16,$ 3366.125,100
2960,10:06:10,$ 3365.4823,188
2961,10:05:57,$ 3366.00,200
2962,10:05:52,$ 3366.04,100
2964,10:05:47,$ 3365.4598,100
2965,10:05:36,$ 3367.11,100
2966,10:05:35,$ 3367.9999,100
2967,10:05:35,$ 3366.00,100
2968,10:05:30,$ 3365.255,100
2969,10:05:23,$ 3364.74,100
2970,10:05:22,$ 3363.90,100
2971,10:05:22,$ 3363.87,100
2972,10:04:41,$ 3363.12,100
2973,10:04:22,$ 3363.325,100
2974,10:04:18,$ 3363.07,100
2975,10:04:09,$ 3363.55,100
2976,10:04:09,$ 3363.55,100
2977,10:03:49,$ 3364.22,100
2978,10:03:49,$ 3363.98,100
2979,10:03:49,$ 3363.97,100
2980,10:03:38,$ 3365.515,100
2981,10:03:35,$ 3365.00,100
2982,10:03:33,$ 3364.06,100
2983,10:03:33,$ 3363.81,100
2985,10:03:33,$ 3364.00,180
2986,10:03:02,$ 3361.4139,200
2987,10:02:49,$ 3359.3635,100
2988,10:02:46,$ 3360.15,100
2989,10:02:46,$ 3360.15,100
2990,10:02:46,$ 3360.00,100
2991,10:02:25,$ 3360.15,100
2992,10:02:16,$ 3359.41,100
2993,10:02:09,$ 3358.90,100
2994,10:01:45,$ 3358.28,100
2995,10:01:40,$ 3358.115,100
2996,10:01:37,$ 3358.24,200
2997,10:01:26,$ 3359.13,100
2998,10:01:26,$ 3358.98,100
2999,10:01:22,$ 3359.57,255
3000,10:01:22,$ 3358.99,100
3001,10:01:20,$ 3358.98,100
3002,10:01:20,$ 3358.25,100
3003,10:01:19,$ 3358.97,100
3004,10:01:19,$ 3358.87,100
3006,10:00:59,$ 3360.00,154
3007,10:00:47,$ 3363.00,100
3008,10:00:47,$ 3362.99,100
3009,10:00:46,$ 3362.27,100
3010,10:00:46,$ 3362.27,190
3011,10:00:36,$ 3361.825,250
3012,10:00:28,$ 3361.77,100
3013,10:00:07,$ 3361.38,100
3014,10:00:07,$ 3361.38,100
3016,10:59:55,$ 3376.18,100
3017,10:59:55,$ 3376.15,100
3018,10:59:55,$ 3376.12,100
3019,10:59:42,$ 3376.38,500
3020,10:59:38,$ 3376.435,100
3021,10:59:26,$ 3376.04,100
3022,10:59:26,$ 3376.10,100
3023,10:59:26,$ 3377.00,100
3024,10:59:26,$ 3377.061,200
3025,10:59:26,$ 3377.56,100
3026,10:59:22,$ 3378.37,100
3027,10:59:18,$ 3378.90,100
3028,10:59:18,$ 3378.95,100
3029,10:59:17,$ 3378.00,100
3030,10:59:16,$ 3378.46,100
3031,10:58:03,$ 3377.50,148
3032,10:57:59,$ 3377.00,100
3033,10:57:56,$ 3376.96,100
3034,10:57:56,$ 3376.40,600
3035,10:57:56,$ 3376.73,100
3037,10:57:56,$ 3377.01,100
3038,10:57:56,$ 3377.01,100
3039,10:57:56,$ 3378.41,100
3040,10:57:56,$ 3378.22,100
3041,10:57:45,$ 3379.91,100
3042,10:57:44,$ 3380.05,100
3043,10:57:42,$ 3380.70,100
3044,10:57:40,$ 3380.61,100
3045,10:57:40,$ 3380.61,100
3046,10:57:40,$ 3380.70,100
3047,10:57:40,$ 3380.69,100
3048,10:57:37,$ 3381.86,100
3049,10:57:33,$ 3381.86,100
3050,10:57:33,$ 3381.74,100
3051,10:57:31,$ 3382.78,100
3052,10:57:30,$ 3383.47,100
3053,10:57:30,$ 3383.46,100
3054,10:57:30,$ 3383.47,100
3055,10:57:29,$ 3383.43,100
3056,10:57:28,$ 3383.46,100
3058,10:57:28,$ 3383.46,100
3059,10:57:28,$ 3383.42,100
3060,10:57:27,$ 3383.42,100
3061,10:57:27,$ 3383.42,100
3062,10:57:27,$ 3383.41,200
3063,10:57:27,$ 3383.42,100
3064,10:57:24,$ 3383.11,100
3065,10:57:24,$ 3383.42,100
3066,10:57:23,$ 3383.42,100
3067,10:57:23,$ 3383.42,100
3068,10:57:23,$ 3383.42,100
3069,10:57:23,$ 3383.42,100
3070,10:57:23,$ 3383.42,100
3071,10:57:23,$ 3383.47,100
3072,10:57:23,$ 3383.45,100
3073,10:57:23,$ 3383.45,100
3074,10:57:18,$ 3385.2525,100
3075,10:57:18,$ 3385.38,100
3076,10:57:18,$ 3385.48,100
3077,10:57:18,$ 3385.43,100
3079,10:57:18,$ 3386.56,100
3080,10:57:18,$ 3386.57,300
3081,10:57:18,$ 3386.385,100
3082,10:57:18,$ 3386.47,100
3083,10:57:18,$ 3386.385,100
3084,10:57:18,$ 3386.11,100
3085,10:57:18,$ 3386.385,100
3086,10:57:18,$ 3385.90,100
3087,10:57:18,$ 3386.00,100
3088,10:57:18,$ 3386.51,100
3089,10:57:18,$ 3385.97,124
3090,10:57:18,$ 3385.97,100
3091,10:57:18,$ 3385.90,119
3092,10:57:18,$ 3385.97,100
3093,10:56:50,$ 3387.23,244
3094,10:56:48,$ 3387.24,100
3095,10:56:14,$ 3388.05,100
3096,10:56:00,$ 3389.00,200
3097,10:56:00,$ 3388.83,100
3098,10:55:51,$ 3387.285,100
3100,10:55:51,$ 3388.00,250
3101,10:55:46,$ 3387.05,210
3102,10:55:43,$ 3386.64,100
3103,10:55:43,$ 3387.03,154
3104,10:55:43,$ 3387.03,100
3105,10:55:22,$ 3386.15,100
3106,10:55:10,$ 3386.2045,200
3107,10:55:09,$ 3386.285,100
3108,10:55:09,$ 3386.31,100
3109,10:55:09,$ 3386.31,100
3110,10:55:09,$ 3386.31,100
3111,10:55:09,$ 3386.31,100
3112,10:55:09,$ 3387.04,100
3113,10:55:09,$ 3386.31,100
3114,10:55:09,$ 3386.31,100
3115,10:55:09,$ 3387.04,100
3116,10:55:09,$ 3386.31,100
3117,10:55:09,$ 3386.31,100
3118,10:55:09,$ 3387.04,100
3119,10:55:09,$ 3386.31,100
3121,10:55:08,$ 3387.05,100
3122,10:55:08,$ 3387.05,100
3123,10:55:08,$ 3387.03,100
3124,10:55:08,$ 3386.60,100
3125,10:55:08,$ 3387.05,100
3126,10:55:08,$ 3387.03,100
3127,10:55:08,$ 3387.02,100
3128,10:55:08,$ 3387.02,100
3129,10:55:08,$ 3387.02,100
3130,10:55:08,$ 3387.04,100
3131,10:55:08,$ 3386.96,100
3132,10:55:05,$ 3386.60,100
3133,10:54:45,$ 3387.02,100
3134,10:54:38,$ 3387.635,500
3135,10:54:36,$ 3387.3847,100
3136,10:54:31,$ 3387.23,100
3137,10:54:19,$ 3388.13,150
3138,10:54:12,$ 3387.22,100
3139,10:54:04,$ 3388.61,154
3140,10:53:39,$ 3387.9999,398
3142,10:53:28,$ 3388.08,100
3143,10:53:17,$ 3388.73,200
3144,10:53:15,$ 3387.82,200
3145,10:53:14,$ 3388.74,144
3146,10:53:14,$ 3388.335,100
3147,10:53:14,$ 3387.685,100
3148,10:53:11,$ 3388.8925,"1,890"
3149,10:53:09,$ 3387.59,100
3150,10:52:58,$ 3388.1949,100
3151,10:52:55,$ 3387.99,100
3152,10:52:54,$ 3388.78,118
3153,10:52:54,$ 3388.78,137
3154,10:52:54,$ 3388.56,118
3155,10:52:54,$ 3388.56,100
3156,10:52:54,$ 3388.51,100
3157,10:52:54,$ 3388.4257,900
3158,10:52:52,$ 3387.95,200
3159,10:52:52,$ 3388.00,100
3160,10:52:52,$ 3388.00,100
3161,10:52:51,$ 3387.74,100
3163,10:52:47,$ 3387.33,200
3164,10:52:47,$ 3387.33,100
3165,10:52:44,$ 3386.615,100
3166,10:52:39,$ 3386.40,100
3167,10:52:37,$ 3386.40,100
3168,10:52:37,$ 3386.40,100
3169,10:52:31,$ 3385.74,100
3170,10:52:31,$ 3385.74,100
3171,10:52:31,$ 3385.23,100
3172,10:52:31,$ 3385.23,100
3173,10:52:27,$ 3385.705,100
3174,10:52:27,$ 3385.705,100
3175,10:52:18,$ 3385.56,100
3176,10:52:18,$ 3385.56,100
3177,10:52:12,$ 3384.23,100
3178,10:52:09,$ 3386.00,330
3179,10:52:09,$ 3386.00,100
3180,10:52:04,$ 3386.00,"1,128"
3181,10:52:04,$ 3384.9375,100
3182,10:52:04,$ 3385.00,100
3184,10:52:01,$ 3384.76,100
3185,10:52:01,$ 3384.76,100
3186,10:52:01,$ 3384.50,100
3187,10:52:01,$ 3384.76,100
3188,10:52:01,$ 3384.52,100
3189,10:52:01,$ 3384.58,100
3190,10:52:01,$ 3384.71,100
3191,10:52:01,$ 3384.76,400
3192,10:52:01,$ 3384.65,100
3193,10:52:01,$ 3384.76,200
3194,10:52:01,$ 3384.715,100
3195,10:51:57,$ 3383.86,100
3196,10:51:57,$ 3384.03,100
3197,10:51:54,$ 3383.495,200
3198,10:51:49,$ 3383.5823,169
3199,10:51:46,$ 3383.495,100
3200,10:51:32,$ 3382.78,100
3201,10:51:32,$ 3383.67,100
3202,10:51:20,$ 3383.67,100
3203,10:51:20,$ 3383.055,110
3205,10:51:15,$ 3383.7752,100
3206,10:51:09,$ 3382.2001,158
3207,10:50:56,$ 3381.10,100
3208,10:50:53,$ 3381.00,100
3209,10:50:17,$ 3379.70,100
3210,10:50:08,$ 3380.99,100
3211,10:49:59,$ 3380.31,100
3212,10:49:26,$ 3380.01,100
3213,10:49:14,$ 3379.00,288
3214,10:49:11,$ 3379.00,129
3215,10:49:08,$ 3379.00,100
3216,10:48:58,$ 3378.676,179
3217,10:48:57,$ 3379.105,100
3218,10:48:47,$ 3378.9576,200
3219,10:48:46,$ 3379.00,100
3220,10:48:46,$ 3379.73,100
3221,10:48:42,$ 3379.75,100
3222,10:48:42,$ 3379.45,100
3223,10:48:37,$ 3380.49,100
3224,10:48:37,$ 3380.955,100
3226,10:48:33,$ 3380.99,100
3227,10:48:20,$ 3378.65,100
3228,10:48:06,$ 3381.565,100
3229,10:47:59,$ 3381.46,100
3230,10:47:55,$ 3381.42,147
3231,10:47:54,$ 3381.01,100
3232,10:47:10,$ 3381.00,100
3233,10:47:02,$ 3380.29,100
3234,10:47:02,$ 3380.35,100
3235,10:46:57,$ 3379.87,700
3236,10:46:56,$ 3379.705,100
3237,10:46:53,$ 3379.00,100
3238,10:46:45,$ 3379.56,150
3239,10:46:31,$ 3378.70,100
3240,10:46:31,$ 3378.72,100
3241,10:46:25,$ 3380.00,116
3242,10:45:54,$ 3380.85,100
3243,10:45:38,$ 3379.6476,100
3244,10:45:38,$ 3379.67,100
3245,10:45:33,$ 3381.238,124
3247,10:45:15,$ 3378.98,100
3248,10:45:15,$ 3378.50,120
3249,10:44:53,$ 3380.9407,100
3250,10:44:53,$ 3380.4456,100
3251,10:44:53,$ 3380.87,100
3252,10:44:53,$ 3380.38,100
3253,10:44:53,$ 3379.87,100
3254,10:44:53,$ 3379.87,100
3255,10:44:53,$ 3380.37,100
3256,10:44:53,$ 3380.38,100
3257,10:44:53,$ 3380.61,100
3258,10:44:53,$ 3380.365,100
3259,10:44:53,$ 3380.54,100
3260,10:44:38,$ 3380.5201,100
3261,10:44:37,$ 3381.15,100
3262,10:44:28,$ 3381.60,100
3263,10:44:27,$ 3381.61,100
3264,10:44:21,$ 3382.8252,460
3265,10:43:35,$ 3380.8977,170
3266,10:43:27,$ 3380.50,100
3268,10:43:24,$ 3379.815,115
3269,10:42:31,$ 3380.74,100
3270,10:42:31,$ 3380.67,100
3271,10:42:31,$ 3380.65,100
3272,10:42:23,$ 3380.00,100
3273,10:42:22,$ 3380.39,100
3274,10:42:12,$ 3379.32,100
3275,10:41:58,$ 3378.50,120
3276,10:41:51,$ 3377.71,100
3277,10:41:51,$ 3377.73,100
3278,10:41:49,$ 3378.50,100
3279,10:41:49,$ 3378.50,100
3280,10:41:48,$ 3378.50,108
3281,10:41:47,$ 3378.66,100
3282,10:41:35,$ 3380.01,100
3283,10:41:35,$ 3380.01,100
3284,10:41:33,$ 3380.7357,200
3285,10:41:21,$ 3379.00,100
3286,10:41:20,$ 3379.02,100
3287,10:41:06,$ 3380.00,100
3289,10:40:43,$ 3378.76,100
3290,10:40:19,$ 3378.49,100
3291,10:40:12,$ 3377.345,100
3292,10:40:11,$ 3377.81,200
3293,10:40:11,$ 3377.799,101
3294,10:40:11,$ 3377.10,100
3295,10:40:11,$ 3377.1525,100
3296,10:40:05,$ 3377.00,162
3297,10:40:05,$ 3377.00,193
3298,10:39:40,$ 3376.61,100
3299,10:39:40,$ 3376.61,100
3300,10:39:39,$ 3377.515,100
3301,10:39:28,$ 3377.26,100
3302,10:39:15,$ 3375.2914,400
3303,10:39:04,$ 3375.42,100
3304,10:39:04,$ 3375.65,100
3305,10:38:58,$ 3376.18,100
3306,10:38:36,$ 3377.1603,100
3307,10:38:32,$ 3376.96,100
3308,10:38:25,$ 3377.52,100
3310,10:38:20,$ 3378.08,100
3311,10:38:19,$ 3378.09,100
3312,10:38:18,$ 3378.51,100
3313,10:38:14,$ 3378.99,100
3314,10:38:14,$ 3378.92,100
3315,10:38:12,$ 3379.50,100
3316,10:38:12,$ 3379.50,227
3317,10:38:12,$ 3379.50,235
3318,10:37:58,$ 3379.18,250
3319,10:37:28,$ 3378.00,100
3320,10:37:25,$ 3378.0283,250
3321,10:37:25,$ 3378.87,100
3322,10:37:24,$ 3382.00,300
3323,10:37:04,$ 3382.24,100
3324,10:36:47,$ 3381.94,100
3325,10:36:47,$ 3381.89,100
3326,10:36:21,$ 3383.00,100
3327,10:36:19,$ 3383.765,100
3328,10:36:16,$ 3384.495,100
3329,10:36:14,$ 3384.48,100
3331,10:36:06,$ 3382.93,100
3332,10:36:03,$ 3382.03,100
3333,10:36:02,$ 3383.13,300
3334,10:36:00,$ 3383.11,100
3335,10:35:53,$ 3384.24,100
3336,10:35:47,$ 3385.05,139
3337,10:35:45,$ 3384.845,100
3338,10:35:36,$ 3384.775,100
3339,10:35:35,$ 3384.14,100
3340,10:35:35,$ 3384.43,100
3341,10:35:31,$ 3385.74,100
3342,10:35:31,$ 3386.00,100
3343,10:35:31,$ 3385.98,100
3344,10:35:31,$ 3386.00,200
3345,10:35:24,$ 3386.145,100
3346,10:35:24,$ 3386.145,160
3347,10:35:22,$ 3386.48,100
3348,10:35:20,$ 3385.25,100
3349,10:35:20,$ 3385.50,100
3350,10:35:19,$ 3386.00,120
3352,10:35:13,$ 3385.36,170
3353,10:35:13,$ 3385.35,100
3354,10:35:11,$ 3385.6783,126
3355,10:35:10,$ 3385.905,175
3356,10:35:10,$ 3385.98,100
3357,10:35:10,$ 3385.97,100
3358,10:35:10,$ 3385.97,100
3359,10:35:10,$ 3385.99,100
3360,10:35:09,$ 3385.736,328
3361,10:35:09,$ 3385.67,100
3362,10:35:07,$ 3385.42,100
3363,10:35:07,$ 3386.67,100
3364,10:35:07,$ 3386.67,100
3365,10:35:07,$ 3386.67,100
3366,10:35:07,$ 3386.74,100
3367,10:35:07,$ 3386.67,100
3368,10:35:07,$ 3386.50,100
3369,10:35:07,$ 3386.67,100
3370,10:35:07,$ 3385.35,154
3371,10:34:57,$ 3386.11,100
3373,10:34:57,$ 3385.90,124
3374,10:34:57,$ 3386.00,100
3375,10:34:56,$ 3385.36,194
3376,10:34:56,$ 3385.35,100
3377,10:34:55,$ 3384.98,100
3378,10:34:55,$ 3385.00,428
3379,10:34:55,$ 3385.00,326
3380,10:34:55,$ 3384.30,100
3381,10:34:53,$ 3383.775,100
3382,10:34:52,$ 3384.29,150
3383,10:34:52,$ 3383.77,100
3384,10:34:45,$ 3383.7524,130
3385,10:34:42,$ 3383.42,100
3386,10:34:39,$ 3384.875,100
3387,10:34:20,$ 3382.96,100
3388,10:33:49,$ 3383.21,100
3389,10:33:49,$ 3382.33,200
3390,10:33:48,$ 3383.49,100
3391,10:33:47,$ 3382.48,108
3392,10:33:47,$ 3382.48,224
3394,10:33:47,$ 3382.47,100
3395,10:33:47,$ 3382.47,100
3396,10:33:44,$ 3383.90,100
3397,10:33:37,$ 3383.11,100
3398,10:33:37,$ 3384.00,100
3399,10:33:27,$ 3384.00,206
3400,10:33:07,$ 3385.83,284
3401,10:33:05,$ 3384.96,100
3402,10:33:04,$ 3384.41,100
3403,10:33:03,$ 3383.845,250
3404,10:33:02,$ 3383.845,500
3405,10:32:59,$ 3384.51,100
3406,10:32:56,$ 3383.38,100
3407,10:32:53,$ 3382.785,100
3408,10:32:53,$ 3382.20,100
3409,10:32:45,$ 3382.20,100
3410,10:32:35,$ 3383.71,100
3411,10:32:34,$ 3383.78,125
3412,10:32:32,$ 3382.75,100
3413,10:32:12,$ 3383.99,100
3415,10:32:07,$ 3383.36,100
3416,10:31:55,$ 3383.00,100
3417,10:31:55,$ 3383.02,100
3418,10:31:55,$ 3383.02,100
3419,10:31:55,$ 3383.00,100
3420,10:31:55,$ 3383.05,100
3421,10:31:53,$ 3382.1201,120
3422,10:31:50,$ 3383.3594,100
3423,10:31:49,$ 3383.36,600
3424,10:31:42,$ 3381.77,100
3425,10:31:39,$ 3381.176,250
3426,10:31:10,$ 3382.79,100
3427,10:31:10,$ 3382.86,100
3428,10:31:09,$ 3382.31,149
3429,10:31:09,$ 3382.81,249
3430,10:31:09,$ 3384.44,100
3431,10:31:09,$ 3384.44,100
3432,10:31:09,$ 3384.44,100
3433,10:31:09,$ 3384.29,100
3434,10:31:09,$ 3384.44,100
3436,10:31:07,$ 3385.13,126
3437,10:31:05,$ 3385.89,100
3438,10:31:02,$ 3385.00,100
3439,10:31:00,$ 3385.29,100
3440,10:30:59,$ 3385.27,100
3441,10:30:54,$ 3385.29,923
3442,10:30:52,$ 3385.00,100
3443,10:30:51,$ 3384.99,200
3444,10:30:51,$ 3384.99,200
3445,10:30:51,$ 3384.97,100
3446,10:30:49,$ 3385.00,100
3447,10:30:49,$ 3385.00,100
3448,10:30:49,$ 3385.00,100
3449,10:30:49,$ 3384.50,200
3450,10:30:49,$ 3384.00,120
3451,10:30:43,$ 3383.43,100
3452,10:30:42,$ 3382.99,100
3453,10:30:39,$ 3382.86,100
3454,10:30:38,$ 3382.50,176
3455,10:30:38,$ 3381.502,100
3457,10:30:38,$ 3381.7493,163
3458,10:30:38,$ 3382.48,100
3459,10:30:37,$ 3381.00,100
3460,10:30:35,$ 3382.00,100
3461,10:30:35,$ 3382.00,100
3462,10:30:32,$ 3381.19,200
3463,10:30:31,$ 3381.19,800
3464,10:30:29,$ 3381.19,100
3465,10:30:23,$ 3380.3801,100
3466,10:30:14,$ 3380.35,100
3467,10:30:14,$ 3380.00,124
3468,10:30:12,$ 3379.815,100
3469,10:30:07,$ 3379.63,100
3470,10:30:05,$ 3378.83,100
3472,11:29:57,$ 3374.146,500
3473,11:29:35,$ 3374.52,100
3474,11:29:33,$ 3375.305,100
3475,11:29:33,$ 3375.48,100
3476,11:29:15,$ 3376.12,100
3477,11:28:58,$ 3376.10,100
3478,11:28:55,$ 3375.525,100
3479,11:28:51,$ 3375.85,100
3480,11:28:37,$ 3375.675,100
3481,11:28:37,$ 3375.08,100
3482,11:28:32,$ 3374.52,100
3483,11:28:30,$ 3374.67,100
3484,11:28:30,$ 3374.66,100
3485,11:28:17,$ 3375.09,100
3486,11:28:00,$ 3375.7699,100
3487,11:27:55,$ 3375.10,100
3488,11:27:38,$ 3376.00,774
3489,11:27:38,$ 3376.63,100
3490,11:27:38,$ 3376.62,157
3491,11:27:30,$ 3376.63,100
3493,11:27:05,$ 3377.00,100
3494,11:26:41,$ 3377.90,100
3495,11:26:37,$ 3377.90,500
3496,11:26:30,$ 3377.90,200
3497,11:26:22,$ 3377.1707,230
3498,11:26:21,$ 3376.7425,100
3499,11:26:07,$ 3376.315,100
3500,11:25:45,$ 3375.8153,"1,000"
3501,11:25:33,$ 3375.68,100
3502,11:25:31,$ 3375.87,100
3503,11:25:19,$ 3376.4608,500
3504,11:25:12,$ 3376.42,100
3505,11:25:10,$ 3376.78,200
3506,11:25:06,$ 3376.61,100
3507,11:25:06,$ 3376.47,100
3508,11:25:06,$ 3376.42,100
3509,11:25:06,$ 3376.85,100
3510,11:25:06,$ 3377.01,100
3511,11:25:06,$ 3377.46,100
3512,11:25:06,$ 3377.69,100
3514,11:24:50,$ 3378.30,100
3515,11:24:41,$ 3379.61,100
3516,11:24:18,$ 3379.79,100
3517,11:23:46,$ 3378.31,100
3518,11:23:26,$ 3377.1275,100
3519,11:23:23,$ 3376.97,100
3520,11:23:23,$ 3378.21,300
3521,11:23:07,$ 3376.85,300
3522,11:23:04,$ 3377.74,100
3523,11:23:02,$ 3378.00,100
3524,11:22:58,$ 3376.36,100
3525,11:22:58,$ 3376.36,100
3526,11:22:57,$ 3376.00,115
3527,11:22:22,$ 3376.2094,150
3528,11:22:09,$ 3376.1457,125
3529,11:22:00,$ 3376.695,200
3530,11:21:58,$ 3377.399,100
3531,11:21:56,$ 3376.94,100
3532,11:21:56,$ 3377.12,100
3533,11:21:51,$ 3377.715,100
3535,11:21:37,$ 3377.725,225
3536,11:20:20,$ 3376.31,100
3537,11:20:20,$ 3376.40,100
3538,11:20:00,$ 3376.305,100
3539,11:19:57,$ 3375.80,100
3540,11:19:45,$ 3375.22,100
3541,11:19:41,$ 3374.49,100
3542,11:19:24,$ 3374.00,100
3543,11:19:24,$ 3374.00,100
3544,11:19:24,$ 3374.00,297
3545,11:19:23,$ 3374.49,100
3546,11:19:20,$ 3374.69,100
3547,11:19:03,$ 3375.00,100
3548,11:19:03,$ 3375.09,100
3549,11:19:00,$ 3375.18,100
3550,11:18:56,$ 3374.35,131
3551,11:18:54,$ 3375.00,100
3552,11:18:54,$ 3375.00,240
3553,11:18:54,$ 3375.00,100
3554,11:18:48,$ 3374.815,100
3556,11:18:43,$ 3375.33,100
3557,11:18:43,$ 3375.28,100
3558,11:18:40,$ 3374.66,100
3559,11:18:38,$ 3374.50,100
3560,11:18:38,$ 3374.79,100
3561,11:18:17,$ 3375.09,100
3562,11:18:17,$ 3375.00,100
3563,11:18:17,$ 3375.00,100
3564,11:18:15,$ 3375.34,100
3565,11:18:15,$ 3375.18,100
3566,11:18:02,$ 3376.465,100
3567,11:16:52,$ 3378.875,100
3568,11:16:44,$ 3377.81,100
3569,11:16:23,$ 3377.75,100
3570,11:16:08,$ 3378.3522,239
3571,11:16:04,$ 3378.945,100
3572,11:15:59,$ 3378.69,100
3573,11:15:43,$ 3377.8927,100
3574,11:15:00,$ 3378.33,100
3575,11:14:47,$ 3378.715,100
3577,11:14:47,$ 3378.05,100
3578,11:14:29,$ 3378.715,100
3579,11:14:22,$ 3379.6492,100
3580,11:13:41,$ 3376.6875,100
3581,11:13:41,$ 3376.87,100
3582,11:13:41,$ 3376.89,100
3583,11:13:41,$ 3376.94,100
3584,11:13:00,$ 3376.53,100
3585,11:12:58,$ 3376.50,100
3586,11:12:58,$ 3376.54,100
3587,11:12:51,$ 3377.00,100
3588,11:12:37,$ 3377.23,100
3589,11:12:36,$ 3377.15,100
3590,11:12:27,$ 3377.2083,100
3591,11:12:00,$ 3377.765,100
3592,11:12:00,$ 3376.595,100
3593,11:12:00,$ 3377.06,100
3594,11:12:00,$ 3377.19,100
3595,11:11:54,$ 3376.67,100
3596,11:11:36,$ 3375.4801,400
3598,11:11:32,$ 3375.77,200
3599,11:11:30,$ 3375.22,153
3600,11:11:30,$ 3375.22,112
3601,11:11:30,$ 3375.844,120
3602,11:11:26,$ 3375.00,100
3603,11:11:26,$ 3374.53,100
3604,11:11:26,$ 3375.00,167
3605,11:11:26,$ 3375.00,100
3606,11:11:20,$ 3372.82,100
3607,11:11:20,$ 3374.26,120
3608,11:11:20,$ 3374.26,100
3609,11:11:07,$ 3375.25,100
3610,11:10:54,$ 3375.51,100
3611,11:10:54,$ 3375.86,100
3612,11:10:54,$ 3376.30,100
3613,11:10:51,$ 3375.86,100
3614,11:10:48,$ 3376.23,100
3615,11:10:48,$ 3376.40,100
3616,11:10:43,$ 3376.87,100
3617,11:10:37,$ 3376.26,100
3619,11:10:32,$ 3376.50,100
3620,11:10:32,$ 3376.50,236
3621,11:10:32,$ 3376.50,245
3622,11:10:24,$ 3376.9552,131
3623,11:10:23,$ 3376.89,100
3624,11:10:22,$ 3376.55,100
3625,11:10:22,$ 3376.50,200
3626,11:10:22,$ 3377.3505,396
3627,11:10:19,$ 3376.905,122
3628,11:10:19,$ 3377.55,100
3629,11:10:19,$ 3377.58,100
3630,11:10:19,$ 3377.52,100
3631,11:10:16,$ 3378.10,100
3632,11:10:11,$ 3378.32,200
3633,11:10:06,$ 3377.81,100
3634,11:10:06,$ 3377.97,100
3635,11:10:04,$ 3378.11,100
3636,11:10:04,$ 3378.70,100
3637,11:10:04,$ 3379.00,100
3638,11:10:03,$ 3379.42,100
3640,11:10:01,$ 3379.37,138
3641,11:10:00,$ 3379.0838,250
3642,11:09:59,$ 3379.605,300
3643,11:09:51,$ 3380.28,100
3644,11:09:27,$ 3380.35,100
3645,11:09:27,$ 3380.59,100
3646,11:09:27,$ 3380.57,200
3647,11:09:26,$ 3380.31,100
3648,11:09:26,$ 3380.31,100
3649,11:09:23,$ 3381.77,100
3650,11:09:23,$ 3381.87,100
3651,11:09:23,$ 3381.87,100
3652,11:09:13,$ 3382.515,100
3653,11:08:34,$ 3382.795,100
3654,11:08:29,$ 3382.705,100
3655,11:07:37,$ 3383.69,190
3656,11:07:05,$ 3382.84,115
3657,11:06:56,$ 3382.7701,100
3658,11:06:50,$ 3383.0717,100
3659,11:06:46,$ 3384.31,100
3661,11:06:46,$ 3383.30,100
3662,11:05:46,$ 3384.619,100
3663,11:05:46,$ 3383.56,100
3664,11:05:15,$ 3384.00,100
3665,11:05:00,$ 3384.4999,100
3666,11:04:41,$ 3382.83,100
3667,11:04:40,$ 3381.66,100
3668,11:04:38,$ 3382.015,100
3669,11:04:38,$ 3382.6812,120
3670,11:04:37,$ 3382.015,400
3671,11:04:18,$ 3383.09,100
3672,11:04:17,$ 3383.96,100
3673,11:04:05,$ 3384.06,500
3674,11:04:05,$ 3384.06,100
3675,11:04:04,$ 3384.59,200
3676,11:04:04,$ 3384.89,100
3677,11:04:04,$ 3384.74,100
3678,11:04:04,$ 3384.77,100
3679,11:04:04,$ 3384.59,200
3680,11:04:04,$ 3384.87,100
3682,11:04:04,$ 3384.8965,100
3683,11:04:04,$ 3384.57,100
3684,11:03:51,$ 3384.77,122
3685,11:03:28,$ 3384.225,100
3686,11:03:28,$ 3384.23,100
3687,11:03:14,$ 3384.44,100
3688,11:03:11,$ 3383.22,100
3689,11:02:41,$ 3383.605,100
3690,11:02:41,$ 3383.605,100
3691,11:02:41,$ 3383.605,100
3692,11:02:31,$ 3383.61,200
3693,11:02:13,$ 3383.00,100
3694,11:02:13,$ 3382.89,100
3695,11:02:07,$ 3382.545,100
3696,11:01:09,$ 3379.15,100
3697,11:00:56,$ 3378.60,100
3698,11:00:55,$ 3377.18,100
3699,11:00:55,$ 3378.62,100
3700,11:00:52,$ 3378.52,100
3701,11:00:15,$ 3375.24,121
3703,11:00:15,$ 3375.24,100
3704,11:00:15,$ 3375.24,100
3705,11:00:15,$ 3375.93,100
3706,11:00:15,$ 3375.88,100
3707,11:00:15,$ 3377.18,100
3709,11:59:53,$ 3377.82,100
3710,11:59:49,$ 3379.00,100
3711,11:59:47,$ 3377.68,100
3712,11:59:47,$ 3378.2125,100
3713,11:59:47,$ 3378.11,100
3714,11:59:47,$ 3378.095,100
3715,11:59:47,$ 3378.05,100
3716,11:59:47,$ 3378.05,100
3717,11:59:29,$ 3378.02,100
3718,11:58:30,$ 3376.79,100
3719,11:58:20,$ 3377.3975,100
3720,11:58:10,$ 3377.22,100
3721,11:58:00,$ 3377.61,100
3722,11:57:17,$ 3376.78,100
3723,11:57:13,$ 3377.00,500
3724,11:56:43,$ 3377.505,100
3725,11:56:40,$ 3377.01,100
3726,11:56:27,$ 3377.36,100
3727,11:56:27,$ 3377.2149,100
3728,11:56:15,$ 3376.8042,100
3730,11:55:44,$ 3376.01,380
3731,11:55:27,$ 3376.01,100
3732,11:55:27,$ 3376.01,125
3733,11:55:20,$ 3376.24,100
3734,11:55:10,$ 3376.80,100
3735,11:55:05,$ 3377.49,200
3736,11:54:44,$ 3378.02,100
3737,11:54:24,$ 3377.57,520
3738,11:54:11,$ 3378.565,100
3739,11:54:11,$ 3378.565,100
3740,11:54:11,$ 3378.99,100
3741,11:54:07,$ 3378.165,100
3742,11:54:07,$ 3378.00,100
3743,11:54:03,$ 3377.58,100
3744,11:54:00,$ 3378.03,100
3745,11:54:00,$ 3377.92,100
3746,11:54:00,$ 3377.98,100
3747,11:54:00,$ 3377.99,100
3748,11:53:51,$ 3377.775,200
3749,11:53:27,$ 3377.48,100
3751,11:53:27,$ 3377.58,200
3752,11:53:19,$ 3377.67,200
3753,11:53:19,$ 3377.67,100
3754,11:53:12,$ 3377.66,100
3755,11:53:07,$ 3378.385,100
3756,11:53:05,$ 3377.90,100
3757,11:53:00,$ 3378.03,300
3758,11:52:49,$ 3377.55,200
3759,11:52:48,$ 3377.825,200
3760,11:52:48,$ 3377.55,200
3761,11:52:40,$ 3377.92,147
3762,11:52:33,$ 3376.85,100
3763,11:52:05,$ 3375.666,185
3764,11:51:55,$ 3375.025,100
3765,11:51:48,$ 3375.035,100
3766,11:51:30,$ 3375.02,100
3767,11:51:30,$ 3375.01,100
3768,11:51:30,$ 3375.03,100
3769,11:51:30,$ 3375.42,100
3770,11:51:30,$ 3376.04,100
3772,11:51:27,$ 3377.625,143
3773,11:51:19,$ 3377.645,100
3774,11:50:20,$ 3377.705,100
3775,11:49:52,$ 3378.10,100
3776,11:49:50,$ 3377.92,100
3777,11:48:25,$ 3378.37,100
3778,11:48:24,$ 3378.12,122
3779,11:48:24,$ 3378.25,100
3780,11:48:24,$ 3378.12,100
3781,11:48:16,$ 3378.625,100
3782,11:48:08,$ 3378.73,100
3783,11:47:48,$ 3378.86,100
3784,11:47:37,$ 3378.6597,100
3785,11:47:30,$ 3378.495,200
3786,11:47:09,$ 3378.76,100
3787,11:46:54,$ 3378.895,100
3788,11:46:49,$ 3378.1201,900
3789,11:46:39,$ 3378.8043,244
3790,11:46:37,$ 3377.70,100
3791,11:46:09,$ 3377.20,100
3793,11:45:44,$ 3376.32,800
3794,11:44:46,$ 3375.49,100
3795,11:44:19,$ 3374.75,200
3796,11:44:14,$ 3375.11,100
3797,11:44:14,$ 3375.11,100
3798,11:43:48,$ 3374.41,400
3799,11:43:11,$ 3375.115,100
3800,11:43:00,$ 3374.76,100
3801,11:42:15,$ 3376.37,100
3802,11:41:55,$ 3377.68,133
3803,11:41:54,$ 3378.09,100
3804,11:41:44,$ 3378.0801,200
3805,11:41:34,$ 3378.435,100
3806,11:41:30,$ 3377.66,100
3807,11:41:21,$ 3376.00,100
3808,11:41:21,$ 3376.03,349
3809,11:41:17,$ 3374.94,100
3810,11:41:03,$ 3374.86,100
3811,11:40:37,$ 3375.36,100
3812,11:40:17,$ 3375.00,100
3814,11:40:17,$ 3375.00,100
3815,11:40:03,$ 3375.54,100
3816,11:39:57,$ 3376.0918,100
3817,11:39:57,$ 3375.46,100
3818,11:39:30,$ 3376.00,200
3819,11:39:30,$ 3376.22,100
3820,11:39:27,$ 3376.845,100
3821,11:38:54,$ 3377.00,100
3822,11:38:54,$ 3377.00,100
3823,11:38:46,$ 3376.2447,100
3824,11:38:21,$ 3375.8092,500
3825,11:37:58,$ 3375.65,100
3826,11:37:58,$ 3375.53,100
3827,11:37:58,$ 3375.65,100
3828,11:37:56,$ 3375.8369,100
3829,11:37:39,$ 3376.79,100
3830,11:36:41,$ 3374.72,100
3831,11:35:44,$ 3374.43,100
3832,11:35:36,$ 3375.0622,100
3833,11:35:17,$ 3375.12,200
3835,11:35:06,$ 3375.00,100
3836,11:35:06,$ 3374.81,100
3837,11:35:06,$ 3375.00,100
3838,11:35:04,$ 3375.0144,325
3839,11:35:04,$ 3375.0144,212
3840,11:35:04,$ 3375.43,100
3841,11:34:53,$ 3375.56,200
3842,11:34:53,$ 3375.565,141
3843,11:34:44,$ 3375.4276,190
3844,11:34:40,$ 3375.679,100
3845,11:34:11,$ 3374.835,100
3846,11:33:56,$ 3375.02,100
3847,11:33:12,$ 3375.3137,325
3848,11:33:02,$ 3375.15,100
3849,11:32:24,$ 3374.754,100
3850,11:32:24,$ 3375.50,100
3851,11:32:11,$ 3375.70,100
3852,11:32:10,$ 3376.20,250
3853,11:32:10,$ 3376.20,100
3854,11:32:07,$ 3376.80,100
3856,11:31:58,$ 3376.305,100
3857,11:31:43,$ 3377.00,100
3858,11:31:35,$ 3376.60,100
3859,11:31:31,$ 3376.6549,150
3860,11:31:26,$ 3376.225,100
3861,11:31:20,$ 3375.62,100
3862,11:31:01,$ 3375.78,100
3864,12:29:12,$ 3374.205,100
3865,12:29:12,$ 3373.83,100
3866,12:28:55,$ 3373.50,100
3867,12:28:48,$ 3373.31,100
3868,12:28:44,$ 3372.83,100
3869,12:28:17,$ 3372.66,100
3870,12:27:42,$ 3372.825,100
3871,12:27:18,$ 3373.0299,200
3872,12:26:49,$ 3373.00,100
3873,12:26:46,$ 3372.47,100
3874,12:26:40,$ 3372.18,100
3875,12:26:40,$ 3372.32,100
3876,12:26:37,$ 3372.78,100
3877,12:26:15,$ 3373.64,100
3878,12:25:49,$ 3373.00,100
3879,12:25:49,$ 3373.04,100
3880,12:25:32,$ 3373.69,100
3881,12:24:52,$ 3374.04,100
3882,12:24:18,$ 3373.588,551
3883,12:24:18,$ 3374.63,100
3885,12:21:46,$ 3373.50,107
3886,12:21:44,$ 3373.24,100
3887,12:21:34,$ 3373.11,100
3888,12:21:34,$ 3373.12,100
3889,12:21:34,$ 3373.12,100
3890,12:21:32,$ 3373.58,100
3891,12:21:32,$ 3373.55,100
3892,12:21:32,$ 3373.50,100
3893,12:21:26,$ 3373.91,100
3894,12:21:19,$ 3374.01,100
3895,12:21:19,$ 3374.27,100
3896,12:20:55,$ 3374.45,100
3897,12:20:03,$ 3373.87,100
3898,12:19:59,$ 3373.48,100
3899,12:19:38,$ 3374.95,100
3900,12:19:38,$ 3375.04,100
3901,12:19:38,$ 3375.03,100
