,NLS Time (ET),NLS Price,NLS Share Volume
1,09:59:39,$ 3310.08,100
2,09:59:36,$ 3310.99,100
3,09:59:33,$ 3310.63,100
4,09:59:31,$ 3310.22,100
5,09:59:06,$ 3310.00,100
6,09:59:06,$ 3310.00,100
7,09:58:28,$ 3309.24,100
8,09:58:15,$ 3309.30,365
9,09:58:15,$ 3309.30,100
10,09:58:14,$ 3309.31,100
11,09:58:10,$ 3310.27,600
12,09:58:10,$ 3310.00,100
13,09:58:06,$ 3310.02,100
14,09:58:04,$ 3310.615,200
15,09:57:58,$ 3310.99,100
16,09:57:57,$ 3310.82,100
17,09:57:57,$ 3310.73,100
18,09:57:57,$ 3310.90,100
19,09:57:57,$ 3310.99,100
20,09:57:54,$ 3309.79,100
22,09:57:49,$ 3309.85,100
23,09:57:40,$ 3309.905,100
24,09:57:40,$ 3309.7925,100
25,09:57:35,$ 3309.775,100
26,09:57:34,$ 3309.02,149
27,09:57:34,$ 3309.14,100
28,09:57:19,$ 3309.695,600
29,09:57:15,$ 3309.45,100
30,09:57:15,$ 3309.45,100
31,09:57:13,$ 3310.0592,144
32,09:57:12,$ 3310.78,100
33,09:57:12,$ 3310.81,100
34,09:57:12,$ 3310.89,100
35,09:57:12,$ 3310.90,100
36,09:57:12,$ 3310.92,151
37,09:57:12,$ 3310.92,100
38,09:57:08,$ 3310.57,100
39,09:56:21,$ 3309.60,150
40,09:56:11,$ 3308.82,100
41,09:55:29,$ 3307.96,100
43,09:55:18,$ 3307.49,100
44,09:55:15,$ 3307.60,100
45,09:55:15,$ 3307.60,100
46,09:55:02,$ 3308.76,500
47,09:54:55,$ 3308.76,100
48,09:54:49,$ 3308.18,100
49,09:54:41,$ 3308.02,100
50,09:54:20,$ 3308.55,100
51,09:54:08,$ 3309.28,100
52,09:54:03,$ 3308.80,200
53,09:54:02,$ 3308.80,800
54,09:54:00,$ 3308.78,100
55,09:53:57,$ 3308.48,100
56,09:53:29,$ 3308.3591,112
57,09:53:29,$ 3309.315,142
58,09:53:19,$ 3307.86,200
59,09:53:10,$ 3308.43,100
60,09:53:03,$ 3309.07,100
61,09:53:00,$ 3309.25,100
62,09:52:55,$ 3309.44,100
64,09:51:47,$ 3309.73,100
65,09:51:37,$ 3309.56,100
66,09:51:24,$ 3310.01,100
67,09:51:19,$ 3310.5526,706
68,09:51:19,$ 3310.5504,114
69,09:51:19,$ 3310.46,100
70,09:51:14,$ 3310.42,200
71,09:51:01,$ 3310.01,100
72,09:51:01,$ 3309.01,100
73,09:50:50,$ 3309.53,100
74,09:50:50,$ 3309.75,100
75,09:50:26,$ 3310.64,100
76,09:50:23,$ 3310.54,100
77,09:50:18,$ 3310.10,100
78,09:50:18,$ 3310.70,100
79,09:50:18,$ 3310.42,100
80,09:50:18,$ 3310.00,100
81,09:50:10,$ 3308.3653,122
82,09:50:09,$ 3309.04,111
83,09:50:09,$ 3309.04,112
85,09:49:51,$ 3307.76,100
86,09:49:49,$ 3307.40,100
87,09:49:43,$ 3307.81,100
88,09:49:14,$ 3309.49,100
89,09:49:14,$ 3309.49,200
90,09:49:12,$ 3309.245,100
91,09:48:50,$ 3308.465,100
92,09:48:48,$ 3307.86,100
93,09:48:37,$ 3308.11,300
94,09:48:37,$ 3308.12,100
95,09:48:17,$ 3308.17,146
96,09:48:17,$ 3307.87,100
97,09:48:17,$ 3307.92,100
98,09:48:11,$ 3308.68,100
99,09:48:07,$ 3308.87,100
100,09:47:55,$ 3309.02,100
101,09:47:53,$ 3309.32,100
102,09:47:53,$ 3309.37,100
103,09:47:53,$ 3309.37,100
104,09:47:45,$ 3309.27,112
106,09:49:51,$ 3307.76,100
107,09:49:49,$ 3307.40,100
108,09:49:43,$ 3307.81,100
109,09:49:14,$ 3309.49,100
110,09:49:14,$ 3309.49,200
111,09:49:12,$ 3309.245,100
112,09:48:50,$ 3308.465,100
113,09:48:48,$ 3307.86,100
114,09:48:37,$ 3308.11,300
115,09:48:37,$ 3308.12,100
116,09:48:17,$ 3308.17,146
117,09:48:17,$ 3307.87,100
118,09:48:17,$ 3307.92,100
119,09:48:11,$ 3308.68,100
120,09:48:07,$ 3308.87,100
121,09:47:55,$ 3309.02,100
122,09:47:53,$ 3309.32,100
123,09:47:53,$ 3309.37,100
124,09:47:53,$ 3309.37,100
125,09:47:45,$ 3309.27,112
127,09:46:11,$ 3307.64,100
128,09:46:11,$ 3307.64,100
129,09:46:11,$ 3306.90,100
130,09:46:03,$ 3306.32,100
131,09:45:56,$ 3307.56,100
132,09:45:56,$ 3307.77,100
133,09:45:50,$ 3308.44,100
134,09:45:32,$ 3308.01,100
135,09:45:19,$ 3308.91,100
136,09:45:14,$ 3308.10,100
137,09:44:42,$ 3307.47,100
138,09:44:41,$ 3306.36,250
139,09:44:30,$ 3306.29,100
140,09:44:21,$ 3307.56,100
141,09:44:12,$ 3307.6798,100
142,09:44:12,$ 3308.62,100
143,09:44:12,$ 3308.53,100
144,09:44:12,$ 3308.53,100
145,09:44:12,$ 3308.00,100
146,09:44:12,$ 3308.00,100
148,09:44:12,$ 3307.40,200
149,09:44:12,$ 3307.36,100
150,09:43:59,$ 3307.00,130
151,09:43:54,$ 3306.2731,250
152,09:43:51,$ 3306.89,100
153,09:43:43,$ 3306.75,100
154,09:43:29,$ 3307.57,100
155,09:43:06,$ 3306.81,100
156,09:42:48,$ 3307.61,100
157,09:42:46,$ 3307.21,350
158,09:42:44,$ 3306.897,700
159,09:42:33,$ 3307.835,100
160,09:42:33,$ 3308.02,100
161,09:42:29,$ 3308.657,500
162,09:42:27,$ 3308.235,100
163,09:42:23,$ 3308.33,100
164,09:42:15,$ 3308.14,100
165,09:42:12,$ 3307.975,500
166,09:42:03,$ 3308.08,100
167,09:41:57,$ 3309.29,500
169,09:41:48,$ 3309.645,100
170,09:41:44,$ 3309.475,100
171,09:41:44,$ 3309.79,100
172,09:41:44,$ 3309.99,110
173,09:41:44,$ 3310.00,100
174,09:41:44,$ 3309.97,100
175,09:41:44,$ 3309.915,100
176,09:41:44,$ 3309.69,100
177,09:41:41,$ 3308.99,100
178,09:41:32,$ 3309.025,160
179,09:41:31,$ 3308.38,100
180,09:41:30,$ 3309.01,100
181,09:41:30,$ 3309.01,100
182,09:41:15,$ 3308.995,100
183,09:41:13,$ 3308.51,100
184,09:41:13,$ 3308.55,100
185,09:41:13,$ 3308.72,100
186,09:41:13,$ 3308.60,100
187,09:41:13,$ 3308.51,100
188,09:41:07,$ 3309.65,248
190,09:41:06,$ 3310.18,100
191,09:41:05,$ 3309.53,100
192,09:41:03,$ 3311.00,100
193,09:41:03,$ 3311.415,400
194,09:41:02,$ 3311.39,100
195,09:40:55,$ 3310.71,160
196,09:40:49,$ 3310.325,100
197,09:40:45,$ 3310.66,100
198,09:40:38,$ 3309.43,100
199,09:40:26,$ 3309.735,100
200,09:40:03,$ 3309.76,300
201,09:40:03,$ 3309.79,100
202,09:40:03,$ 3309.76,100
203,09:40:01,$ 3310.995,100
204,09:39:59,$ 3310.49,100
205,09:39:59,$ 3310.02,100
206,09:39:54,$ 3309.20,100
207,09:39:53,$ 3308.05,100
208,09:39:40,$ 3308.96,100
209,09:39:40,$ 3308.96,100
211,09:39:25,$ 3310.25,100
212,09:39:25,$ 3310.255,129
213,09:39:25,$ 3310.13,100
214,09:39:22,$ 3310.1954,100
215,09:39:10,$ 3309.99,100
216,09:39:06,$ 3309.7743,130
217,09:38:59,$ 3309.17,100
218,09:38:49,$ 3308.05,100
219,09:38:48,$ 3308.29,100
220,09:38:48,$ 3308.29,100
221,09:38:48,$ 3308.9386,150
222,09:38:47,$ 3308.58,100
223,09:38:47,$ 3308.59,100
224,09:38:45,$ 3309.37,942
225,09:38:39,$ 3309.65,100
226,09:38:34,$ 3308.545,150
227,09:38:34,$ 3309.78,100
228,09:38:34,$ 3309.97,100
229,09:38:34,$ 3309.92,100
230,09:38:34,$ 3309.99,100
232,09:38:34,$ 3309.92,100
233,09:38:34,$ 3309.83,100
234,09:38:34,$ 3309.80,100
235,09:38:34,$ 3309.72,100
236,09:38:21,$ 3310.36,100
237,09:38:17,$ 3310.1954,160
238,09:38:17,$ 3310.73,100
239,09:38:08,$ 3309.88,100
240,09:38:08,$ 3309.88,100
241,09:38:08,$ 3309.88,105
242,09:38:08,$ 3309.88,100
243,09:37:59,$ 3309.33,120
244,09:37:59,$ 3309.33,128
245,09:37:59,$ 3309.33,131
246,09:37:40,$ 3307.76,100
247,09:37:38,$ 3309.46,100
248,09:37:29,$ 3308.458,500
249,09:37:07,$ 3308.9899,100
250,09:36:55,$ 3309.3576,100
251,09:36:53,$ 3308.37,100
253,09:36:48,$ 3308.15,100
254,09:36:18,$ 3308.185,100
255,09:36:05,$ 3308.80,100
256,09:36:05,$ 3308.80,151
257,09:36:05,$ 3308.80,132
258,09:36:05,$ 3308.80,100
259,09:36:05,$ 3307.91,100
260,09:36:05,$ 3308.20,100
261,09:36:05,$ 3308.62,100
262,09:36:04,$ 3307.70,100
263,09:35:25,$ 3306.61,100
264,09:35:23,$ 3307.98,240
265,09:35:22,$ 3308.0945,500
266,09:35:09,$ 3306.045,100
267,09:35:08,$ 3306.8225,100
268,09:35:00,$ 3309.50,100
269,09:35:00,$ 3308.66,100
270,09:34:48,$ 3307.92,120
271,09:34:34,$ 3305.38,100
272,09:34:34,$ 3305.01,100
274,09:34:27,$ 3304.97,100
275,09:34:26,$ 3304.60,100
276,09:34:19,$ 3305.016,100
277,09:34:13,$ 3306.65,100
278,09:34:08,$ 3306.0501,200
279,09:34:04,$ 3307.368,500
280,09:34:02,$ 3307.42,100
281,09:33:03,$ 3306.3217,200
282,09:33:03,$ 3308.00,100
283,09:32:26,$ 3309.45,100
284,09:32:13,$ 3309.54,100
285,09:32:07,$ 3307.77,100
286,09:32:07,$ 3308.53,100
287,09:32:02,$ 3307.14,100
288,09:31:57,$ 3307.69,100
289,09:31:48,$ 3306.0601,100
290,09:31:36,$ 3307.88,100
291,09:31:36,$ 3307.44,100
292,09:31:16,$ 3307.435,879
293,09:31:16,$ 3305.00,100
295,09:31:01,$ 3307.60,105
296,09:31:01,$ 3307.68,100
297,09:31:01,$ 3307.73,100
298,09:31:01,$ 3307.88,100
299,09:31:01,$ 3307.58,100
300,09:31:01,$ 3307.605,100
301,09:30:59,$ 3310.01,100
302,09:30:59,$ 3308.06,100
303,09:30:59,$ 3307.80,100
304,09:30:59,$ 3307.64,100
305,09:30:59,$ 3307.50,271
306,09:30:59,$ 3307.50,100
307,09:30:59,$ 3307.50,194
308,09:30:59,$ 3307.50,221
309,09:30:59,$ 3307.50,135
310,09:30:53,$ 3307.45,100
311,09:30:48,$ 3305.17,100
312,09:30:48,$ 3304.67,100
313,09:30:48,$ 3304.47,100
314,09:30:48,$ 3304.94,100
316,09:30:48,$ 3305.11,100
317,09:30:48,$ 3305.12,100
318,09:30:48,$ 3305.16,270
319,09:30:48,$ 3305.17,100
320,09:30:48,$ 3305.17,132
321,09:30:41,$ 3304.00,100
322,09:30:40,$ 3305.00,100
323,09:30:34,$ 3309.09,281
324,09:30:24,$ 3308.80,100
325,09:30:21,$ 3309.00,100
326,09:30:21,$ 3309.35,100
327,09:30:07,$ 3310.00,100
328,09:30:05,$ 3310.00,100
329,09:30:05,$ 3312.7672,"1,595"
330,09:30:05,$ 3311.90,100
331,09:30:05,$ 3311.28,100
332,09:30:05,$ 3311.39,100
333,09:30:05,$ 3311.50,100
334,09:30:04,$ 3310.85,100
335,09:30:03,$ 3311.87,100
337,09:30:03,$ 3311.45,100
338,09:30:03,$ 3312.18,100
339,09:30:03,$ 3312.245,100
340,09:30:03,$ 3311.51,198
341,09:30:03,$ 3311.51,302
342,09:30:03,$ 3311.00,100
343,09:30:02,$ 3311.42,1
344,09:30:02,$ 3311.42,1
345,09:30:02,$ 3311.42,5
346,09:30:02,$ 3311.42,1
347,09:30:02,$ 3311.42,3
348,09:30:02,$ 3311.42,2
349,09:30:02,$ 3311.42,2
350,09:30:02,$ 3311.42,1
351,09:30:02,$ 3311.42,3
352,09:30:02,$ 3311.42,1
353,09:30:02,$ 3311.42,5
354,09:30:02,$ 3311.42,3
355,09:30:02,$ 3311.42,1
356,09:30:02,$ 3311.42,2
358,09:30:02,$ 3311.42,15
359,09:30:02,$ 3311.42,5
360,09:30:02,$ 3311.42,1
361,09:30:02,$ 3311.42,5
362,09:30:02,$ 3311.42,2
363,09:30:02,$ 3311.42,3
364,09:30:02,$ 3311.42,1
365,09:30:02,$ 3311.42,7
366,09:30:02,$ 3311.42,3
367,09:30:02,$ 3311.42,8
368,09:30:02,$ 3311.42,1
369,09:30:02,$ 3311.42,15
370,09:30:02,$ 3311.42,1
371,09:30:02,$ 3311.42,30
372,09:30:02,$ 3311.42,578
373,09:30:02,$ 3311.42,1
374,09:30:02,$ 3311.42,1
375,09:30:02,$ 3311.42,1
376,09:30:02,$ 3311.42,5
377,09:30:02,$ 3311.42,100
379,09:30:02,$ 3311.42,2
380,09:30:02,$ 3311.42,15
381,09:30:02,$ 3311.42,3
382,09:30:02,$ 3311.42,2
383,09:30:02,$ 3311.42,2
384,09:30:02,$ 3311.42,1
385,09:30:02,$ 3311.42,1
386,09:30:02,$ 3311.42,1
387,09:30:02,$ 3311.42,1
388,09:30:02,$ 3311.42,6
389,09:30:02,$ 3311.42,3
390,09:30:02,$ 3311.42,1
391,09:30:02,$ 3311.42,2
392,09:30:02,$ 3311.42,1
393,09:30:02,$ 3311.42,2
394,09:30:02,$ 3311.42,5
395,09:30:02,$ 3311.42,2
396,09:30:02,$ 3311.42,5
397,09:30:02,$ 3311.42,4
398,09:30:02,$ 3311.42,5
400,09:30:02,$ 3311.42,1
401,09:30:02,$ 3311.42,2
402,09:30:02,$ 3311.42,10
403,09:30:02,$ 3311.42,1
404,09:30:02,$ 3311.42,30
405,09:30:02,$ 3311.42,1
406,09:30:02,$ 3311.42,"2,000"
407,09:30:02,$ 3311.42,1
408,09:30:02,$ 3311.42,30
409,09:30:02,$ 3311.42,5
410,09:30:02,$ 3311.42,1
411,09:30:02,$ 3311.42,1
412,09:30:02,$ 3311.42,3
413,09:30:02,$ 3311.42,15
414,09:30:02,$ 3311.42,10
415,09:30:02,$ 3311.42,18
416,09:30:02,$ 3311.42,4
417,09:30:02,$ 3311.42,1
418,09:30:02,$ 3311.42,1
419,09:30:02,$ 3311.42,1
421,09:30:02,$ 3311.42,1
422,09:30:02,$ 3311.42,1
423,09:30:02,$ 3311.42,2
424,09:30:02,$ 3311.42,10
425,09:30:02,$ 3311.42,2
426,09:30:02,$ 3311.42,21
427,09:30:02,$ 3311.42,4
428,09:30:02,$ 3311.42,25
429,09:30:02,$ 3311.42,100
430,09:30:02,$ 3311.42,30
431,09:30:02,$ 3311.42,1
432,09:30:02,$ 3311.42,3
433,09:30:02,$ 3311.42,23
434,09:30:02,$ 3311.42,5
435,09:30:02,$ 3311.42,4
436,09:30:02,$ 3311.42,3
437,09:30:02,$ 3311.42,2
438,09:30:02,$ 3311.42,3
439,09:30:02,$ 3311.42,3
440,09:30:02,$ 3311.42,15
442,09:30:02,$ 3311.42,9
443,09:30:02,$ 3311.42,7
444,09:30:02,$ 3311.42,4
445,09:30:02,$ 3311.42,3
446,09:30:02,$ 3311.42,1
447,09:30:02,$ 3311.42,13
448,09:30:02,$ 3311.42,5
449,09:30:02,$ 3311.42,13
450,09:30:02,$ 3311.42,1
451,09:30:02,$ 3311.42,20
452,09:30:02,$ 3311.42,10
453,09:30:02,$ 3311.42,10
454,09:30:02,$ 3311.42,1
455,09:30:02,$ 3311.42,2
456,09:30:02,$ 3311.42,8
457,09:30:02,$ 3311.42,5
458,09:30:02,$ 3311.42,5
459,09:30:02,$ 3311.42,3
460,09:30:02,$ 3311.42,2
461,09:30:02,$ 3311.42,2
463,09:30:02,$ 3311.42,1
464,09:30:02,$ 3311.42,1
465,09:30:02,$ 3311.42,2
466,09:30:02,$ 3311.42,1
467,09:30:02,$ 3311.42,6
468,09:30:02,$ 3311.42,5
469,09:30:02,$ 3311.42,2
470,09:30:02,$ 3311.42,2
471,09:30:02,$ 3311.42,1
472,09:30:02,$ 3311.42,1
473,09:30:02,$ 3311.42,15
474,09:30:02,$ 3311.42,1
475,09:30:02,$ 3311.42,1
476,09:30:02,$ 3311.42,1
477,09:30:02,$ 3311.42,2
478,09:30:02,$ 3311.42,1
479,09:30:02,$ 3311.42,15
480,09:30:02,$ 3311.42,1
481,09:30:02,$ 3311.42,1
482,09:30:02,$ 3311.42,2
484,09:30:02,$ 3311.42,1
485,09:30:02,$ 3311.42,2
486,09:30:02,$ 3311.42,70
487,09:30:02,$ 3311.42,1
488,09:30:02,$ 3311.42,1
489,09:30:02,$ 3311.42,2
490,09:30:02,$ 3311.42,3
491,09:30:02,$ 3311.42,2
492,09:30:02,$ 3311.42,2
493,09:30:02,$ 3311.42,2
494,09:30:02,$ 3311.42,5
495,09:30:02,$ 3311.42,52
496,09:30:02,$ 3311.42,3
497,09:30:02,$ 3311.42,1
498,09:30:02,$ 3311.42,1
499,09:30:02,$ 3311.42,4
500,09:30:02,$ 3311.42,15
501,09:30:02,$ 3311.42,20
502,09:30:02,$ 3311.42,7
503,09:30:02,$ 3311.42,101
505,09:30:02,$ 3311.42,20
506,09:30:02,$ 3311.42,2
507,09:30:02,$ 3311.42,11
508,09:30:02,$ 3311.42,5
509,09:30:02,$ 3311.42,3
510,09:30:02,$ 3311.42,5
511,09:30:02,$ 3311.42,1
512,09:30:02,$ 3311.42,2
513,09:30:02,$ 3311.42,1
514,09:30:02,$ 3311.42,1
515,09:30:02,$ 3311.42,1
516,09:30:02,$ 3311.42,5
517,09:30:02,$ 3311.42,2
518,09:30:02,$ 3311.42,5
519,09:30:02,$ 3311.42,1
520,09:30:02,$ 3311.42,2
521,09:30:02,$ 3311.42,3
522,09:30:02,$ 3311.42,20
523,09:30:02,$ 3311.42,6
524,09:30:02,$ 3311.42,6
526,09:30:02,$ 3311.42,2
527,09:30:02,$ 3311.42,1
528,09:30:02,$ 3311.42,2
529,09:30:02,$ 3311.42,1
530,09:30:02,$ 3311.42,2
531,09:30:02,$ 3311.42,4
532,09:30:02,$ 3311.42,1
533,09:30:02,$ 3311.42,10
534,09:30:02,$ 3311.42,9
535,09:30:02,$ 3311.42,33
536,09:30:02,$ 3311.42,1
537,09:30:02,$ 3311.42,1
538,09:30:02,$ 3311.42,1
539,09:30:02,$ 3311.42,1
540,09:30:02,$ 3311.42,1
541,09:30:02,$ 3311.42,1
542,09:30:02,$ 3311.42,1
543,09:30:02,$ 3311.42,1
544,09:30:02,$ 3311.42,1
545,09:30:02,$ 3311.42,1
547,09:30:02,$ 3311.42,1
548,09:30:02,$ 3311.42,1
549,09:30:02,$ 3311.42,1
550,09:30:02,$ 3311.42,1
551,09:30:02,$ 3311.42,1
552,09:30:02,$ 3311.42,1
553,09:30:02,$ 3311.42,8
554,09:30:02,$ 3311.42,1
555,09:30:02,$ 3311.42,1
556,09:30:02,$ 3311.42,1
557,09:30:02,$ 3311.42,1
558,09:30:02,$ 3311.42,1
559,09:30:02,$ 3311.42,1
560,09:30:02,$ 3311.42,1
561,09:30:02,$ 3311.42,1
562,09:30:02,$ 3311.42,1
563,09:30:02,$ 3311.42,1
564,09:30:02,$ 3311.42,1
565,09:30:02,$ 3311.42,1
566,09:30:02,$ 3311.42,1
568,09:30:02,$ 3311.42,1
569,09:30:02,$ 3311.42,1
570,09:30:02,$ 3311.42,1
571,09:30:02,$ 3311.42,1
572,09:30:02,$ 3311.42,1
573,09:30:02,$ 3311.42,1
574,09:30:02,$ 3311.42,1
575,09:30:02,$ 3311.42,1
576,09:30:02,$ 3311.42,1
577,09:30:02,$ 3311.42,1
578,09:30:02,$ 3311.42,1
579,09:30:02,$ 3311.42,1
580,09:30:02,$ 3311.42,1
581,09:30:02,$ 3311.42,1
582,09:30:02,$ 3311.42,1
583,09:30:02,$ 3311.42,1
584,09:30:02,$ 3311.42,1
585,09:30:02,$ 3311.42,1
586,09:30:02,$ 3311.42,1
587,09:30:02,$ 3311.42,1
589,09:30:02,$ 3311.42,1
590,09:30:02,$ 3311.42,1
591,09:30:02,$ 3311.42,1
592,09:30:02,$ 3311.42,1
593,09:30:02,$ 3311.42,1
594,09:30:02,$ 3311.42,1
595,09:30:02,$ 3311.42,1
596,09:30:02,$ 3311.42,1
597,09:30:02,$ 3311.42,1
598,09:30:02,$ 3311.42,1
599,09:30:02,$ 3311.42,1
600,09:30:02,$ 3311.42,1
601,09:30:02,$ 3311.42,1
602,09:30:02,$ 3311.42,1
603,09:30:02,$ 3311.42,1
604,09:30:02,$ 3311.42,1
605,09:30:02,$ 3311.42,1
606,09:30:02,$ 3311.42,1
607,09:30:02,$ 3311.42,1
608,09:30:02,$ 3311.42,1
610,09:30:02,$ 3311.42,1
611,09:30:02,$ 3311.42,1
612,09:30:02,$ 3311.42,1
613,09:30:02,$ 3311.42,1
614,09:30:02,$ 3311.42,1
615,09:30:02,$ 3311.42,1
616,09:30:02,$ 3311.42,1
617,09:30:02,$ 3311.42,1
618,09:30:02,$ 3311.42,1
619,09:30:02,$ 3311.42,1
620,09:30:02,$ 3311.42,1
621,09:30:02,$ 3311.42,1
622,09:30:02,$ 3311.42,1
623,09:30:02,$ 3311.42,3
624,09:30:02,$ 3311.42,1
625,09:30:02,$ 3311.42,4
626,09:30:02,$ 3311.42,20
627,09:30:02,$ 3311.42,3
628,09:30:02,$ 3311.42,10
629,09:30:02,$ 3311.42,8
631,09:30:02,$ 3311.42,10
632,09:30:02,$ 3311.42,3
633,09:30:02,$ 3311.42,5
634,09:30:02,$ 3311.42,9
635,09:30:02,$ 3311.42,1
636,09:30:02,$ 3311.42,2
637,09:30:02,$ 3311.42,5
638,09:30:02,$ 3311.42,1
639,09:30:02,$ 3311.42,5
640,09:30:02,$ 3311.42,2
641,09:30:02,$ 3311.42,5
642,09:30:02,$ 3311.42,1
643,09:30:02,$ 3311.42,9
644,09:30:02,$ 3311.42,1
645,09:30:02,$ 3311.42,7
646,09:30:02,$ 3311.42,10
647,09:30:02,$ 3311.42,2
648,09:30:02,$ 3311.42,4
649,09:30:02,$ 3311.42,1
650,09:30:02,$ 3311.42,5
652,09:30:02,$ 3311.42,1
653,09:30:02,$ 3311.42,1
654,09:30:02,$ 3311.42,2
655,09:30:02,$ 3311.42,1
656,09:30:02,$ 3311.42,2
657,09:30:02,$ 3311.42,1
658,09:30:02,$ 3311.42,2
659,09:30:02,$ 3311.42,1
660,09:30:02,$ 3311.42,1
661,09:30:02,$ 3311.42,1
662,09:30:02,$ 3311.42,1
663,09:30:02,$ 3311.42,10
664,09:30:02,$ 3311.42,3
665,09:30:02,$ 3311.42,1
666,09:30:02,$ 3311.42,2
667,09:30:02,$ 3311.42,1
668,09:30:02,$ 3311.42,7
669,09:30:02,$ 3311.42,2
670,09:30:02,$ 3311.42,1
671,09:30:02,$ 3311.42,1
673,09:30:02,$ 3311.42,1
674,09:30:02,$ 3311.42,1
675,09:30:02,$ 3311.42,1
676,09:30:02,$ 3311.42,1
677,09:30:02,$ 3311.42,1
678,09:30:02,$ 3311.42,1
679,09:30:02,$ 3311.42,1
680,09:30:02,$ 3311.42,1
681,09:30:02,$ 3311.42,1
682,09:30:02,$ 3311.42,1
683,09:30:02,$ 3311.42,1
684,09:30:02,$ 3311.42,1
685,09:30:02,$ 3311.42,1
686,09:30:02,$ 3311.42,1
687,09:30:02,$ 3311.42,1
688,09:30:02,$ 3311.42,1
689,09:30:02,$ 3311.42,1
690,09:30:02,$ 3311.42,1
691,09:30:02,$ 3311.42,1
692,09:30:02,$ 3311.42,1
694,09:30:02,$ 3311.42,1
695,09:30:02,$ 3311.42,1
696,09:30:02,$ 3311.42,1
697,09:30:02,$ 3311.42,1
698,09:30:02,$ 3311.42,1
699,09:30:02,$ 3311.42,1
700,09:30:02,$ 3311.42,1
701,09:30:02,$ 3311.42,1
702,09:30:02,$ 3311.42,1
703,09:30:02,$ 3311.42,1
704,09:30:02,$ 3311.42,1
705,09:30:02,$ 3311.42,1
706,09:30:02,$ 3311.42,1
707,09:30:02,$ 3311.42,1
708,09:30:02,$ 3311.42,1
709,09:30:02,$ 3311.42,1
710,09:30:02,$ 3311.42,1
711,09:30:02,$ 3311.42,1
712,09:30:02,$ 3311.42,1
713,09:30:02,$ 3311.42,1
715,09:30:02,$ 3311.42,1
716,09:30:02,$ 3311.42,1
717,09:30:02,$ 3311.42,1
718,09:30:02,$ 3311.42,1
719,09:30:02,$ 3311.42,1
720,09:30:02,$ 3311.42,1
721,09:30:02,$ 3311.42,1
722,09:30:02,$ 3311.42,1
723,09:30:02,$ 3311.42,1
724,09:30:02,$ 3311.42,1
725,09:30:02,$ 3311.42,1
726,09:30:02,$ 3311.42,1
727,09:30:02,$ 3311.42,1
728,09:30:02,$ 3311.42,1
729,09:30:02,$ 3311.42,1
730,09:30:02,$ 3311.42,1
731,09:30:02,$ 3311.42,1
732,09:30:02,$ 3311.42,1
733,09:30:02,$ 3311.42,1
734,09:30:02,$ 3311.42,1
736,09:30:02,$ 3311.42,1
737,09:30:02,$ 3311.42,1
738,09:30:02,$ 3311.42,1
739,09:30:02,$ 3311.42,1
740,09:30:02,$ 3311.42,1
741,09:30:02,$ 3311.42,1
742,09:30:02,$ 3311.42,1
743,09:30:02,$ 3311.42,1
744,09:30:02,$ 3311.42,1
745,09:30:02,$ 3311.42,1
746,09:30:02,$ 3311.42,1
747,09:30:02,$ 3311.42,1
748,09:30:02,$ 3311.42,1
749,09:30:02,$ 3311.42,1
750,09:30:02,$ 3311.42,1
751,09:30:02,$ 3311.42,1
752,09:30:02,$ 3311.42,5
753,09:30:02,$ 3311.42,1
754,09:30:02,$ 3311.42,1
755,09:30:02,$ 3311.42,10
757,09:30:02,$ 3311.42,14
758,09:30:02,$ 3311.42,5
759,09:30:02,$ 3311.42,1
760,09:30:02,$ 3311.42,3
761,09:30:02,$ 3311.42,16
762,09:30:02,$ 3311.42,10
763,09:30:02,$ 3311.42,2
764,09:30:02,$ 3311.42,30
765,09:30:02,$ 3311.42,115
766,09:30:02,$ 3311.42,10
767,09:30:02,$ 3311.42,40
768,09:30:02,$ 3311.42,"27,464"
769,09:30:02,$ 3311.42,6
770,09:30:02,$ 3311.42,1
771,09:30:02,$ 3311.42,92
772,09:30:02,$ 3311.42,1
773,09:30:02,$ 3311.42,1
774,09:30:02,$ 3311.42,2
775,09:30:02,$ 3311.42,1
776,09:30:02,$ 3311.42,2
778,09:30:02,$ 3311.42,1
779,09:30:02,$ 3311.42,1
780,09:30:02,$ 3311.42,1
781,09:30:02,$ 3311.42,1
782,09:30:02,$ 3311.42,1
783,09:30:02,$ 3311.42,1
784,09:30:02,$ 3311.42,1
785,09:30:02,$ 3311.42,1
786,09:30:02,$ 3311.42,1
787,09:30:02,$ 3311.42,1
788,09:30:02,$ 3311.42,1
789,09:30:02,$ 3311.42,1
790,09:30:02,$ 3311.42,1
791,09:30:02,$ 3311.42,5
792,09:30:02,$ 3311.42,4
793,09:30:02,$ 3311.42,10
794,09:30:02,$ 3311.42,5
795,09:30:02,$ 3311.42,1
796,09:30:02,$ 3311.42,1
797,09:30:02,$ 3311.42,1
799,09:30:02,$ 3311.42,25
800,09:30:02,$ 3311.42,2
801,09:30:02,$ 3311.42,5
802,09:30:02,$ 3311.42,2
803,09:30:02,$ 3311.42,1
804,09:30:02,$ 3311.42,1
805,09:30:02,$ 3311.42,2
806,09:30:02,$ 3311.42,1
807,09:30:02,$ 3311.42,3
808,09:30:02,$ 3311.42,3
809,09:30:02,$ 3311.42,2
810,09:30:02,$ 3311.42,1
811,09:30:02,$ 3311.42,2
812,09:30:02,$ 3311.42,3
813,09:30:02,$ 3311.42,18
814,09:30:02,$ 3311.42,2
815,09:30:02,$ 3311.42,5
816,09:30:02,$ 3311.42,1
817,09:30:02,$ 3311.42,2
818,09:30:02,$ 3311.42,2
820,09:30:02,$ 3311.42,3
821,09:30:02,$ 3311.42,1
822,09:30:02,$ 3311.42,4
823,09:30:02,$ 3311.42,1
824,09:30:02,$ 3311.42,1
825,09:30:02,$ 3311.42,2
826,09:30:02,$ 3311.42,3
827,09:30:02,$ 3311.42,15
828,09:30:02,$ 3311.42,3
829,09:30:02,$ 3311.42,1
830,09:30:02,$ 3311.42,1
831,09:30:02,$ 3311.42,4
832,09:30:02,$ 3311.42,1
833,09:30:02,$ 3311.42,1
834,09:30:02,$ 3311.42,5
835,09:30:02,$ 3311.42,4
836,09:30:02,$ 3311.42,3
837,09:30:02,$ 3311.42,3
838,09:30:02,$ 3311.42,15
839,09:30:02,$ 3311.42,1
841,09:30:02,$ 3311.42,3
842,09:30:02,$ 3311.42,5
843,09:30:02,$ 3311.42,10
844,09:30:02,$ 3311.42,1
845,09:30:02,$ 3311.42,33
846,09:30:02,$ 3311.42,2
847,09:30:02,$ 3311.42,38
848,09:30:02,$ 3311.42,2
849,09:30:02,$ 3311.42,4
850,09:30:02,$ 3311.42,8
851,09:30:02,$ 3311.42,4
852,09:30:02,$ 3311.42,5
853,09:30:02,$ 3311.42,10
854,09:30:02,$ 3311.42,2
855,09:30:02,$ 3311.42,6
856,09:30:02,$ 3311.42,9
857,09:30:02,$ 3311.42,13
858,09:30:02,$ 3311.42,9
859,09:30:02,$ 3311.42,4
860,09:30:02,$ 3311.42,2
862,09:30:02,$ 3311.42,4
863,09:30:02,$ 3311.42,15
864,09:30:02,$ 3311.42,3
865,09:30:02,$ 3311.42,15
866,09:30:02,$ 3311.42,1
867,09:30:02,$ 3311.42,6
868,09:30:02,$ 3311.42,17
869,09:30:02,$ 3311.42,3
870,09:30:02,$ 3311.42,25
871,09:30:02,$ 3311.42,5
872,09:30:02,$ 3311.42,1
873,09:30:02,$ 3311.42,1
874,09:30:02,$ 3311.42,46
875,09:30:02,$ 3311.42,9
876,09:30:02,$ 3311.42,4
877,09:30:02,$ 3311.42,1
878,09:30:02,$ 3311.42,4
879,09:30:02,$ 3311.42,1
880,09:30:02,$ 3311.42,9
881,09:30:02,$ 3311.42,8
883,09:30:02,$ 3311.42,5
884,09:30:02,$ 3311.42,8
885,09:30:02,$ 3311.42,1
886,09:30:02,$ 3311.42,10
887,09:30:02,$ 3311.42,30
888,09:30:02,$ 3311.42,100
889,09:30:02,$ 3311.42,25
890,09:30:02,$ 3311.42,2
891,09:30:02,$ 3311.42,1
892,09:30:02,$ 3311.42,2
893,09:30:02,$ 3311.42,14
894,09:30:02,$ 3311.42,11
895,09:30:02,$ 3311.42,5
896,09:30:02,$ 3311.42,1
897,09:30:02,$ 3311.42,1
898,09:30:02,$ 3311.42,2
899,09:30:02,$ 3311.42,19
900,09:30:02,$ 3311.42,23
901,09:30:02,$ 3311.42,6
902,09:30:02,$ 3311.42,2
904,09:30:02,$ 3311.42,1
905,09:30:02,$ 3311.42,2
906,09:30:02,$ 3311.42,1
907,09:30:02,$ 3311.42,6
908,09:30:02,$ 3311.42,6
909,09:30:02,$ 3311.42,35
910,09:30:02,$ 3311.42,2
911,09:30:02,$ 3311.42,5
912,09:30:02,$ 3311.42,1
913,09:30:02,$ 3311.42,5
914,09:30:02,$ 3311.42,2
915,09:30:02,$ 3311.42,2
916,09:30:02,$ 3311.42,1
917,09:30:02,$ 3311.42,2
918,09:30:02,$ 3311.42,4
919,09:30:02,$ 3311.42,2
920,09:30:02,$ 3311.42,3
921,09:30:02,$ 3311.42,2
922,09:30:02,$ 3311.42,1
923,09:30:02,$ 3311.42,3
925,09:30:02,$ 3311.42,2
926,09:30:02,$ 3311.42,1
927,09:30:02,$ 3311.42,1
928,09:30:02,$ 3311.42,15
929,09:30:02,$ 3311.42,1
930,09:30:02,$ 3311.42,3
931,09:30:02,$ 3311.42,1
932,09:30:02,$ 3311.42,1
933,09:30:02,$ 3311.42,1
934,09:30:02,$ 3311.42,1
935,09:30:02,$ 3311.42,1
936,09:30:02,$ 3311.42,1
937,09:30:02,$ 3311.42,3
938,09:30:02,$ 3311.42,4
939,09:30:02,$ 3311.42,1
940,09:30:02,$ 3311.42,28
941,09:30:02,$ 3311.42,17
942,09:30:02,$ 3311.42,12
943,09:30:02,$ 3311.42,1
944,09:30:02,$ 3311.42,2
946,09:30:02,$ 3311.42,1
947,09:30:02,$ 3311.42,3
948,09:30:02,$ 3311.42,1
949,09:30:02,$ 3311.42,4
950,09:30:02,$ 3311.42,1
951,09:30:02,$ 3311.42,2
952,09:30:02,$ 3311.42,5
953,09:30:02,$ 3311.42,5
954,09:30:02,$ 3311.42,1
955,09:30:02,$ 3311.42,1
956,09:30:02,$ 3311.42,2
957,09:30:02,$ 3311.42,1
958,09:30:02,$ 3311.42,1
959,09:30:02,$ 3311.42,2
960,09:30:02,$ 3311.42,1
961,09:30:02,$ 3311.42,3
962,09:30:02,$ 3311.42,2
963,09:30:02,$ 3311.42,3
964,09:30:02,$ 3311.42,1
965,09:30:02,$ 3311.42,5
967,09:30:02,$ 3311.42,4
968,09:30:02,$ 3311.42,9
969,09:30:02,$ 3311.42,6
970,09:30:02,$ 3311.42,2
971,09:30:02,$ 3311.42,6
972,09:30:02,$ 3311.42,18
973,09:30:02,$ 3311.42,1
974,09:30:02,$ 3311.42,2
975,09:30:02,$ 3311.42,2
976,09:30:02,$ 3311.42,1
977,09:30:02,$ 3311.42,4
978,09:30:02,$ 3311.42,4
979,09:30:02,$ 3311.42,23
980,09:30:02,$ 3311.42,1
981,09:30:02,$ 3311.42,1
982,09:30:02,$ 3311.42,5
983,09:30:02,$ 3311.42,1
984,09:30:02,$ 3311.42,1
985,09:30:02,$ 3311.42,13
986,09:30:02,$ 3311.42,100
988,09:30:02,$ 3311.42,13
989,09:30:02,$ 3311.42,3
990,09:30:02,$ 3311.42,1
991,09:30:02,$ 3311.42,4
992,09:30:02,$ 3311.42,15
993,09:30:02,$ 3311.42,10
994,09:30:02,$ 3311.42,1
995,09:30:02,$ 3311.42,4
996,09:30:02,$ 3311.42,5
997,09:30:02,$ 3311.42,2
998,09:30:02,$ 3311.42,1
999,09:30:02,$ 3311.42,1
1000,09:30:02,$ 3311.42,6
1001,09:30:02,$ 3311.42,1
1002,09:30:02,$ 3311.42,2
1003,09:30:02,$ 3311.42,"3,157"
1004,09:30:02,$ 3311.42,"3,157"
1005,09:30:02,$ 3311.42,5
1006,09:30:02,$ 3311.42,1
1007,09:30:02,$ 3311.42,1
1009,09:30:02,$ 3311.42,4
1010,09:30:02,$ 3311.42,1
1011,09:30:02,$ 3311.42,5
1012,09:30:02,$ 3311.42,5
1013,09:30:02,$ 3311.42,3
1014,09:30:02,$ 3311.42,7
1015,09:30:02,$ 3311.42,1
1016,09:30:02,$ 3311.42,2
1017,09:30:02,$ 3311.42,1
1018,09:30:02,$ 3311.42,2
1019,09:30:02,$ 3311.42,5
1020,09:30:02,$ 3311.42,1
1021,09:30:02,$ 3311.42,1
1022,09:30:02,$ 3311.42,1
1023,09:30:02,$ 3311.42,1
1024,09:30:02,$ 3311.42,9
1025,09:30:02,$ 3311.42,2
1026,09:30:02,$ 3311.42,5
1027,09:30:02,$ 3311.42,1
1028,09:30:02,$ 3311.42,1
1030,09:30:02,$ 3311.42,3
1031,09:30:02,$ 3311.42,1
1032,09:30:02,$ 3311.42,1
1033,09:30:02,$ 3311.42,2
1034,09:30:02,$ 3311.42,1
1035,09:30:02,$ 3311.42,5
1036,09:30:02,$ 3311.42,2
1037,09:30:02,$ 3311.42,2
1038,09:30:02,$ 3311.42,8
1039,09:30:02,$ 3311.42,6
1040,09:30:02,$ 3311.42,3
1041,09:30:02,$ 3311.42,3
1042,09:30:02,$ 3311.42,3
1043,09:30:02,$ 3311.42,5
1044,09:30:02,$ 3311.42,4
1045,09:30:02,$ 3311.42,1
1046,09:30:02,$ 3311.42,2
1047,09:30:02,$ 3311.42,12
1048,09:30:02,$ 3311.42,2
1049,09:30:02,$ 3311.42,1
1051,09:30:02,$ 3311.42,2
1052,09:30:02,$ 3311.42,2
1053,09:30:02,$ 3311.42,1
1054,09:30:02,$ 3311.42,15
1055,09:30:02,$ 3311.42,1
1056,09:30:02,$ 3311.42,3
1057,09:30:02,$ 3311.42,1
1058,09:30:02,$ 3311.42,1
1059,09:30:02,$ 3311.42,2
1060,09:30:02,$ 3311.42,2
1061,09:30:02,$ 3311.42,5
1062,09:30:02,$ 3311.42,7
1063,09:30:02,$ 3311.42,1
1064,09:30:02,$ 3311.42,3
1065,09:30:02,$ 3311.42,2
1066,09:30:02,$ 3311.42,23
1067,09:30:02,$ 3311.42,74
1068,09:30:02,$ 3311.42,334
1069,09:30:02,$ 3311.42,30
1070,09:30:02,$ 3311.42,1
1072,09:30:02,$ 3311.42,3
1073,09:30:02,$ 3311.42,1
1074,09:30:02,$ 3311.42,10
1075,09:30:02,$ 3311.42,100
1076,09:30:02,$ 3311.42,100
1077,09:30:02,$ 3311.42,149
1078,09:30:02,$ 3311.42,2
1079,09:30:02,$ 3311.42,100
1080,09:30:02,$ 3311.42,1
1081,09:30:02,$ 3311.42,800
1082,09:30:02,$ 3311.42,69
1083,09:30:02,$ 3311.42,2
1084,09:30:02,$ 3311.42,"1,006"
1085,09:30:02,$ 3311.42,3
1086,09:30:02,$ 3311.42,1
1087,09:30:02,$ 3311.42,3
1088,09:30:02,$ 3311.42,1
1089,09:30:02,$ 3311.42,29
1090,09:30:02,$ 3311.42,210
1091,09:30:02,$ 3311.42,"5,557"
1093,09:30:02,$ 3311.42,79
1094,09:30:02,$ 3311.42,81
1095,09:30:02,$ 3311.42,5
1096,09:30:02,$ 3311.42,3
1097,09:30:02,$ 3311.42,1
1098,09:30:02,$ 3311.42,2
1099,09:30:02,$ 3311.42,1
1100,09:30:02,$ 3311.42,24
1101,09:30:02,$ 3311.42,2
1102,09:30:02,$ 3311.42,98
1103,09:30:02,$ 3311.42,25
1104,09:30:02,$ 3311.42,100
1105,09:30:02,$ 3311.42,4
1106,09:30:02,$ 3311.42,3
1107,09:30:02,$ 3311.42,6
1108,09:30:02,$ 3311.42,98
1109,09:30:02,$ 3311.42,3
1110,09:30:02,$ 3311.42,2
1111,09:30:02,$ 3311.42,10
1112,09:30:02,$ 3311.42,22
1114,09:30:02,$ 3311.42,20
1115,09:30:02,$ 3311.42,5
1116,09:30:02,$ 3311.42,1
1117,09:30:02,$ 3311.42,101
1118,09:30:02,$ 3311.42,2
1119,09:30:02,$ 3311.42,1
1120,09:30:02,$ 3311.42,3
1121,09:30:02,$ 3311.42,"3,990"
1122,09:30:02,$ 3311.42,"3,503"
1123,09:30:02,$ 3311.42,2
1124,09:30:02,$ 3311.42,22
1125,09:30:02,$ 3311.42,20
1126,09:30:02,$ 3311.42,106
1127,09:30:02,$ 3311.42,50
1128,09:30:02,$ 3311.42,2
1129,09:30:02,$ 3311.42,1
1130,09:30:02,$ 3311.42,3
1131,09:30:02,$ 3311.42,3
1132,09:30:02,$ 3311.42,1
1133,09:30:02,$ 3311.42,1
1135,09:30:02,$ 3311.42,"1,810"
1136,09:30:02,$ 3311.42,1
1137,09:30:02,$ 3311.42,1
1138,09:30:02,$ 3311.42,1
1139,09:30:02,$ 3311.42,5
1140,09:30:02,$ 3311.42,2
1141,09:30:02,$ 3311.42,5
1142,09:30:02,$ 3311.42,2
1143,09:30:02,$ 3311.42,8
1144,09:30:02,$ 3311.42,3
1145,09:30:02,$ 3311.42,50
1146,09:30:02,$ 3311.42,3
1147,09:30:02,$ 3311.42,50
1148,09:30:02,$ 3311.42,58
1149,09:30:02,$ 3311.42,117
1150,09:30:02,$ 3311.42,2
1151,09:30:02,$ 3311.42,2
1152,09:30:02,$ 3311.42,1
1153,09:30:02,$ 3311.42,1
1154,09:30:02,$ 3311.42,2
1156,09:30:02,$ 3311.42,2
1157,09:30:02,$ 3311.42,10
1158,09:30:02,$ 3311.42,15
1159,09:30:02,$ 3311.42,581
1160,09:30:02,$ 3311.42,2
1161,09:30:02,$ 3311.42,3
1162,09:30:02,$ 3311.42,9
1163,09:30:02,$ 3311.42,60
1164,09:30:02,$ 3311.42,664
1165,09:30:02,$ 3311.42,25
1166,09:30:02,$ 3311.42,20
1167,09:30:02,$ 3311.42,1
1168,09:30:02,$ 3311.42,7
1169,09:30:02,$ 3311.42,1
1170,09:30:02,$ 3311.42,1
1171,09:30:02,$ 3311.42,42
1172,09:30:02,$ 3311.42,6
1173,09:30:02,$ 3311.42,10
1174,09:30:02,$ 3311.42,3
1175,09:30:02,$ 3311.42,2
1177,09:30:02,$ 3311.42,1
1178,09:30:02,$ 3311.42,2
1179,09:30:02,$ 3311.42,1
1180,09:30:02,$ 3311.42,12
1181,09:30:02,$ 3311.42,28
1182,09:30:02,$ 3311.42,2
1183,09:30:02,$ 3311.42,4
1184,09:30:02,$ 3311.42,62
1185,09:30:02,$ 3311.42,1
1186,09:30:02,$ 3311.42,1
1187,09:30:02,$ 3311.42,20
1188,09:30:02,$ 3311.42,108
1189,09:30:02,$ 3311.42,1
1190,09:30:02,$ 3311.42,9
1191,09:30:02,$ 3311.42,13
1192,09:30:02,$ 3311.42,4
1193,09:30:02,$ 3311.42,1
1194,09:30:02,$ 3311.42,5
1195,09:30:02,$ 3311.42,1
1196,09:30:02,$ 3311.42,6
1198,09:30:02,$ 3311.42,5
1199,09:30:02,$ 3311.42,8
1200,09:30:02,$ 3311.42,25
1201,09:30:02,$ 3311.42,163
1202,09:30:02,$ 3311.42,1
1203,09:30:02,$ 3311.42,1
1204,09:30:02,$ 3311.42,10
1205,09:30:02,$ 3311.42,1
1206,09:30:02,$ 3311.42,1
1207,09:30:02,$ 3311.42,494
1208,09:30:02,$ 3311.42,1
1209,09:30:02,$ 3311.42,234
1210,09:30:02,$ 3311.42,4
1211,09:30:02,$ 3311.42,1
1212,09:30:02,$ 3311.42,98
1213,09:30:02,$ 3311.42,2
1214,09:30:02,$ 3311.42,1
1215,09:30:02,$ 3311.42,75
1216,09:30:02,$ 3311.42,1
1217,09:30:02,$ 3311.42,1
1219,09:30:02,$ 3311.42,1
1220,09:30:02,$ 3311.42,75
1221,09:30:02,$ 3311.42,603
1222,09:30:02,$ 3311.42,2
1223,09:30:02,$ 3311.42,1
1224,09:30:02,$ 3311.42,3
1225,09:30:02,$ 3311.42,22
1226,09:30:02,$ 3311.42,1
1227,09:30:02,$ 3311.42,1
1228,09:30:02,$ 3311.42,4
1229,09:30:02,$ 3311.42,1
1230,09:30:02,$ 3311.42,28
1231,09:30:02,$ 3311.42,20
1232,09:30:02,$ 3311.42,16
1233,09:30:02,$ 3311.42,24
1234,09:30:02,$ 3311.42,25
1235,09:30:02,$ 3311.42,2
1236,09:30:02,$ 3311.42,217
1237,09:30:02,$ 3311.42,14
1238,09:30:02,$ 3311.42,1
1240,09:30:02,$ 3311.42,83
1241,09:30:02,$ 3311.42,4
1242,09:30:02,$ 3311.42,33
1243,09:30:02,$ 3311.42,100
1244,09:30:02,$ 3311.42,2
1245,09:30:02,$ 3311.42,1
1246,09:30:02,$ 3311.42,1
1247,09:30:02,$ 3311.42,5
1248,09:30:02,$ 3311.42,1
1249,09:30:02,$ 3311.42,1
1250,09:30:02,$ 3311.42,1
1251,09:30:02,$ 3311.42,1
1252,09:30:02,$ 3311.42,3
1253,09:30:02,$ 3311.42,2
1254,09:30:02,$ 3311.42,65
1255,09:30:02,$ 3311.42,2
1256,09:30:02,$ 3311.42,1
1257,09:30:02,$ 3311.42,100
1258,09:30:02,$ 3311.42,9
1259,09:30:02,$ 3311.42,1
1261,09:30:02,$ 3311.42,2
1262,09:30:02,$ 3311.42,50
1263,09:30:02,$ 3311.42,"1,206"
1264,09:30:02,$ 3311.42,2
1265,09:30:02,$ 3311.42,1
1266,09:30:02,$ 3311.42,160
1267,09:30:02,$ 3311.42,15
1268,09:30:02,$ 3311.42,10
1269,09:30:02,$ 3311.42,5
1270,09:30:02,$ 3311.42,5
1271,09:30:02,$ 3311.42,254
1272,09:30:02,$ 3311.42,8
1273,09:30:02,$ 3311.42,1
1274,09:30:02,$ 3311.42,111
1275,09:30:02,$ 3311.42,3
1276,09:30:02,$ 3311.42,"1,280"
1277,09:30:02,$ 3311.42,1
1278,09:30:02,$ 3311.42,1
1279,09:30:02,$ 3311.42,1
1280,09:30:02,$ 3311.42,2
1282,09:30:02,$ 3311.42,1
1283,09:30:02,$ 3311.42,600
1284,09:30:02,$ 3311.42,6
1285,09:30:02,$ 3311.42,1
1286,09:30:02,$ 3311.42,5
1287,09:30:02,$ 3311.42,5
1288,09:30:02,$ 3311.42,1
1289,09:30:02,$ 3311.42,2
1290,09:30:02,$ 3311.42,4
1291,09:30:02,$ 3311.42,1
1292,09:30:02,$ 3311.42,2
1293,09:30:02,$ 3311.42,1
1294,09:30:02,$ 3311.42,3
1295,09:30:02,$ 3311.42,4
1296,09:30:02,$ 3311.42,10
1297,09:30:02,$ 3311.42,2
1298,09:30:02,$ 3311.42,16
1299,09:30:02,$ 3311.42,1
1300,09:30:02,$ 3311.42,19
1301,09:30:02,$ 3311.42,16
1303,09:30:02,$ 3311.42,256
1304,09:30:02,$ 3311.42,1
1305,09:30:02,$ 3311.42,1
1306,09:30:02,$ 3311.42,15
1307,09:30:02,$ 3311.42,1
1308,09:30:02,$ 3311.42,1
1309,09:30:02,$ 3311.42,1
1310,09:30:02,$ 3311.42,25
1311,09:30:02,$ 3311.42,1
1312,09:30:02,$ 3311.42,10
1313,09:30:02,$ 3311.42,15
1314,09:30:02,$ 3311.42,"1,206"
1315,09:30:02,$ 3311.42,2
1316,09:30:02,$ 3311.42,2
1317,09:30:02,$ 3311.42,1
1318,09:30:02,$ 3311.42,1
1319,09:30:02,$ 3311.42,"2,500"
1320,09:30:02,$ 3311.42,1
1321,09:30:02,$ 3311.42,1
1322,09:30:02,$ 3311.42,5
1324,09:30:02,$ 3311.42,1
1325,09:30:02,$ 3311.42,2
1326,09:30:02,$ 3311.42,6
1327,09:30:02,$ 3311.42,1
1328,09:30:02,$ 3311.42,15
1329,09:30:02,$ 3311.42,4
1330,09:30:02,$ 3311.42,5
1331,09:30:02,$ 3311.42,72
1332,09:30:02,$ 3311.42,1
1333,09:30:02,$ 3311.42,1
1334,09:30:02,$ 3311.42,1
1335,09:30:02,$ 3311.42,10
1336,09:30:02,$ 3311.42,9
1337,09:30:02,$ 3311.42,1
1338,09:30:02,$ 3311.42,1
1339,09:30:02,$ 3311.42,7
1340,09:30:02,$ 3311.42,14
1341,09:30:02,$ 3311.42,4
1342,09:30:02,$ 3311.42,"1,809"
1343,09:30:02,$ 3311.42,10
1345,09:30:02,$ 3311.42,19
1346,09:30:02,$ 3311.42,1
1347,09:30:02,$ 3311.42,1
1348,09:30:02,$ 3311.42,2
1349,09:30:02,$ 3311.42,7
1350,09:30:02,$ 3311.42,3
1351,09:30:02,$ 3311.42,9
1352,09:30:02,$ 3311.42,2
1353,09:30:02,$ 3311.42,16
1354,09:30:02,$ 3311.42,64
1355,09:30:02,$ 3311.42,5
1356,09:30:02,$ 3311.42,1
1357,09:30:02,$ 3311.42,15
1358,09:30:02,$ 3311.42,10
1359,09:30:02,$ 3311.42,"2,141"
1360,09:30:02,$ 3311.42,1
1361,09:30:02,$ 3311.42,1
1362,09:30:02,$ 3311.42,34
1363,09:30:02,$ 3311.42,14
1364,09:30:02,$ 3311.42,5
1366,09:30:02,$ 3311.42,1
1367,09:30:02,$ 3311.42,1
1368,09:30:02,$ 3311.42,1
1369,09:30:02,$ 3311.42,6
1370,09:30:02,$ 3311.42,136
1371,09:30:02,$ 3311.42,20
1372,09:30:02,$ 3311.42,5
1373,09:30:02,$ 3311.42,1
1374,09:30:02,$ 3311.42,1
1375,09:30:02,$ 3311.42,7
1376,09:30:02,$ 3311.42,5
1377,09:30:02,$ 3311.42,"4,270"
1378,09:30:02,$ 3311.42,1
1379,09:30:02,$ 3311.42,1
1380,09:30:02,$ 3311.42,4
1381,09:30:02,$ 3311.42,22
1382,09:30:02,$ 3311.42,11
1383,09:30:02,$ 3311.42,1
1384,09:30:02,$ 3311.42,7
1385,09:30:02,$ 3311.42,1
1387,09:30:02,$ 3311.42,6
1388,09:30:02,$ 3311.42,1
1389,09:30:02,$ 3311.42,1
1390,09:30:02,$ 3311.42,1
1391,09:30:02,$ 3311.42,1
1392,09:30:02,$ 3311.42,1
1393,09:30:02,$ 3311.42,1
1394,09:30:02,$ 3311.42,1
1395,09:30:02,$ 3311.42,3
1396,09:30:02,$ 3311.42,1
1397,09:30:02,$ 3311.42,1
1398,09:30:02,$ 3311.42,3
1399,09:30:02,$ 3311.42,10
1400,09:30:02,$ 3311.42,7
1401,09:30:02,$ 3311.42,30
1402,09:30:02,$ 3311.42,1
1403,09:30:02,$ 3311.42,1
1404,09:30:02,$ 3311.42,1
1405,09:30:02,$ 3311.42,1
1406,09:30:02,$ 3311.42,2
1408,09:30:02,$ 3311.42,1
1409,09:30:02,$ 3311.42,3
1410,09:30:02,$ 3311.42,1
1411,09:30:02,$ 3311.42,28
1412,09:30:02,$ 3311.42,3
1413,09:30:02,$ 3311.42,9
1414,09:30:02,$ 3311.42,4
1415,09:30:02,$ 3311.42,11
1416,09:30:02,$ 3311.42,852
1417,09:30:02,$ 3311.42,20
1418,09:30:02,$ 3311.42,1
1419,09:30:02,$ 3311.42,1
1420,09:30:02,$ 3311.42,3
1421,09:30:02,$ 3311.42,1
1422,09:30:02,$ 3311.42,1
1423,09:30:02,$ 3311.42,29
1424,09:30:02,$ 3311.42,2
1425,09:30:02,$ 3311.42,2
1426,09:30:02,$ 3311.42,20
1427,09:30:02,$ 3311.42,1
1429,09:30:02,$ 3311.42,2
1430,09:30:02,$ 3311.42,3
1431,09:30:02,$ 3311.42,137
1432,09:30:02,$ 3311.42,1
1433,09:30:02,$ 3311.42,1
1434,09:30:02,$ 3311.42,1
1435,09:30:02,$ 3311.42,3
1436,09:30:02,$ 3311.42,1
1437,09:30:02,$ 3311.42,2
1438,09:30:02,$ 3311.42,50
1439,09:30:02,$ 3311.42,6
1440,09:30:02,$ 3311.42,1
1441,09:30:02,$ 3311.42,1
1442,09:30:02,$ 3311.42,1
1443,09:30:02,$ 3311.42,1
1444,09:30:02,$ 3311.42,7
1445,09:30:02,$ 3311.42,3
1446,09:30:02,$ 3311.42,1
1447,09:30:02,$ 3311.42,5
1448,09:30:02,$ 3311.42,1
1450,09:30:02,$ 3311.42,1
1451,09:30:02,$ 3311.42,1
1452,09:30:02,$ 3311.42,1
1453,09:30:02,$ 3311.42,1
1454,09:30:02,$ 3311.42,5
1455,09:30:02,$ 3311.42,8
1456,09:30:02,$ 3311.42,2
1457,09:30:02,$ 3311.42,3
1458,09:30:02,$ 3311.42,"2,135"
1459,09:30:02,$ 3311.42,1
1460,09:30:02,$ 3311.42,2
1461,09:30:02,$ 3311.42,9
1462,09:30:02,$ 3311.42,1
1463,09:30:02,$ 3311.42,1
1464,09:30:02,$ 3311.42,1
1465,09:30:02,$ 3311.42,1
1466,09:30:02,$ 3311.42,2
1467,09:30:02,$ 3311.42,8
1468,09:30:02,$ 3311.42,30
1469,09:30:02,$ 3311.42,5
1471,09:30:02,$ 3311.42,"6,400"
1472,09:30:02,$ 3311.42,1
1473,09:30:02,$ 3311.42,2
1474,09:30:02,$ 3311.42,1
1475,09:30:02,$ 3311.42,1
1476,09:30:02,$ 3311.42,5
1477,09:30:02,$ 3311.42,15
1478,09:30:02,$ 3311.42,1
1479,09:30:02,$ 3311.42,3
1480,09:30:02,$ 3311.42,5
1481,09:30:02,$ 3311.42,2
1482,09:30:02,$ 3311.42,2
1483,09:30:02,$ 3311.42,1
1484,09:30:02,$ 3311.42,62
1485,09:30:02,$ 3311.42,1
1486,09:30:02,$ 3311.42,15
1487,09:30:02,$ 3311.42,9
1488,09:30:02,$ 3311.42,1
1489,09:30:02,$ 3311.42,5
1490,09:30:02,$ 3311.42,10
1492,09:30:02,$ 3311.42,1
1493,09:30:02,$ 3311.42,10
1494,09:30:02,$ 3311.42,2
1495,09:30:02,$ 3311.42,30
1496,09:30:02,$ 3311.42,1
1497,09:30:02,$ 3311.42,1
1498,09:30:02,$ 3311.42,25
1499,09:30:02,$ 3311.42,20
1500,09:30:02,$ 3311.42,2
1501,09:30:02,$ 3311.42,1
1502,09:30:02,$ 3311.42,2
1503,09:30:02,$ 3311.42,1
1504,09:30:02,$ 3311.42,2
1505,09:30:02,$ 3311.42,1
1506,09:30:02,$ 3311.42,1
1507,09:30:02,$ 3311.42,8
1508,09:30:02,$ 3311.42,1
1509,09:30:02,$ 3311.42,2
1510,09:30:02,$ 3311.42,9
1511,09:30:02,$ 3311.42,3
1513,09:30:02,$ 3311.42,1
1514,09:30:02,$ 3311.42,1
1515,09:30:02,$ 3311.42,1
1516,09:30:02,$ 3311.42,1
1517,09:30:02,$ 3311.42,1
1518,09:30:02,$ 3311.42,5
1519,09:30:02,$ 3311.42,2
1520,09:30:02,$ 3311.42,2
1521,09:30:02,$ 3311.42,1
1522,09:30:02,$ 3311.42,9
1523,09:30:02,$ 3311.42,10
1524,09:30:02,$ 3311.42,2
1525,09:30:02,$ 3311.42,3
1526,09:30:02,$ 3311.42,15
1527,09:30:02,$ 3311.42,32
1528,09:30:02,$ 3311.42,1
1529,09:30:02,$ 3311.42,9
1530,09:30:02,$ 3311.42,1
1531,09:30:02,$ 3311.42,5
1532,09:30:02,$ 3311.42,1
1534,09:30:02,$ 3311.42,2
1535,09:30:02,$ 3311.42,2
1536,09:30:02,$ 3311.42,36
1537,09:30:02,$ 3311.42,3
1538,09:30:02,$ 3311.42,1
1539,09:30:02,$ 3311.42,"1,495"
1540,09:30:02,$ 3311.42,3
1541,09:30:02,$ 3311.42,8
1542,09:30:02,$ 3311.42,2
1543,09:30:02,$ 3311.42,16
1544,09:30:02,$ 3311.42,10
1545,09:30:02,$ 3311.42,1
1546,09:30:02,$ 3311.42,51
1547,09:30:02,$ 3311.42,1
1548,09:30:02,$ 3311.42,3
1549,09:30:02,$ 3311.42,4
1550,09:30:02,$ 3311.42,40
1551,09:30:02,$ 3311.42,5
1552,09:30:02,$ 3311.42,6
1553,09:30:02,$ 3311.42,1
1555,09:30:02,$ 3311.42,15
1556,09:30:02,$ 3311.42,1
1557,09:30:02,$ 3311.42,1
1558,09:30:02,$ 3311.42,3
1559,09:30:02,$ 3311.42,6
1560,09:30:02,$ 3311.42,5
1561,09:30:02,$ 3311.42,2
1562,09:30:02,$ 3311.42,8
1563,09:30:02,$ 3311.42,4
1564,09:30:02,$ 3311.42,14
1565,09:30:02,$ 3311.42,18
1566,09:30:02,$ 3311.42,15
1567,09:30:02,$ 3311.42,3
1568,09:30:02,$ 3311.42,5
1569,09:30:02,$ 3311.42,30
1570,09:30:02,$ 3311.42,18
1571,09:30:02,$ 3311.42,6
1572,09:30:02,$ 3311.42,2
1573,09:30:02,$ 3311.42,250
1574,09:30:02,$ 3311.42,3
1576,09:30:02,$ 3311.42,5
1577,09:30:02,$ 3311.42,5
1578,09:30:02,$ 3311.42,29
1579,09:30:02,$ 3311.42,19
1580,09:30:02,$ 3311.42,10
1581,09:30:02,$ 3311.42,2
1582,09:30:02,$ 3311.42,1
1583,09:30:02,$ 3311.42,10
1584,09:30:02,$ 3311.42,10
1585,09:30:02,$ 3311.42,5
1586,09:30:02,$ 3311.42,6
1587,09:30:02,$ 3311.42,50
1588,09:30:02,$ 3311.42,4
1589,09:30:02,$ 3311.42,2
1590,09:30:02,$ 3311.42,5
1591,09:30:02,$ 3311.42,1
1592,09:30:02,$ 3311.42,9
1593,09:30:02,$ 3311.42,125
1594,09:30:02,$ 3311.42,2
1595,09:30:02,$ 3311.42,22
1597,09:30:02,$ 3311.42,1
1598,09:30:02,$ 3311.42,3
1599,09:30:02,$ 3311.42,8
1600,09:30:02,$ 3311.42,1
1601,09:30:02,$ 3311.42,5
1602,09:30:02,$ 3311.42,1
1603,09:30:02,$ 3311.42,24
1604,09:30:02,$ 3311.42,1
1605,09:30:02,$ 3311.42,1
1606,09:30:02,$ 3311.42,3
1607,09:30:02,$ 3311.42,1
1608,09:30:02,$ 3311.42,1
1609,09:30:02,$ 3311.42,1
1610,09:30:02,$ 3311.42,1
1611,09:30:02,$ 3311.42,5
1612,09:30:02,$ 3311.42,1
1613,09:30:02,$ 3311.42,1
1614,09:30:02,$ 3311.42,6
1615,09:30:02,$ 3311.42,1
1616,09:30:02,$ 3311.42,7
1618,09:30:02,$ 3311.42,3
1619,09:30:02,$ 3311.42,1
1620,09:30:02,$ 3311.42,3
1621,09:30:02,$ 3311.42,1
1622,09:30:02,$ 3311.42,3
1623,09:30:02,$ 3311.42,2
1624,09:30:02,$ 3311.42,1
1625,09:30:02,$ 3311.42,1
1626,09:30:02,$ 3311.42,1
1627,09:30:02,$ 3311.42,1
1628,09:30:02,$ 3311.42,3
1629,09:30:02,$ 3311.42,1
1630,09:30:02,$ 3311.42,5
1631,09:30:02,$ 3311.42,1
1632,09:30:02,$ 3311.42,10
1633,09:30:02,$ 3311.42,2
1634,09:30:02,$ 3311.42,8
1635,09:30:02,$ 3311.42,1
1636,09:30:02,$ 3311.42,1
1637,09:30:02,$ 3311.42,18
1639,09:30:02,$ 3311.42,2
1640,09:30:02,$ 3311.42,10
1641,09:30:02,$ 3311.42,1
1642,09:30:02,$ 3311.42,1
1643,09:30:02,$ 3311.42,1
1644,09:30:02,$ 3311.42,10
1645,09:30:02,$ 3311.42,1
1646,09:30:02,$ 3311.42,1
1647,09:30:02,$ 3311.42,1
1648,09:30:02,$ 3311.42,1
1649,09:30:02,$ 3311.42,1
1650,09:30:02,$ 3311.42,1
1651,09:30:02,$ 3311.42,2
1652,09:30:02,$ 3311.42,10
1653,09:30:02,$ 3311.42,1
1654,09:30:02,$ 3311.42,1
1655,09:30:02,$ 3311.42,1
1656,09:30:02,$ 3311.42,1
1657,09:30:02,$ 3311.42,1
1658,09:30:02,$ 3311.42,1
1660,09:30:02,$ 3311.42,3
1661,09:30:02,$ 3311.42,5
1662,09:30:02,$ 3311.42,1
1663,09:30:02,$ 3311.42,2
1664,09:30:02,$ 3311.42,1
1665,09:30:02,$ 3311.42,2
1666,09:30:02,$ 3311.42,1
1667,09:30:02,$ 3311.42,1
1668,09:30:02,$ 3311.42,1
1669,09:30:02,$ 3311.42,79
1670,09:30:02,$ 3311.42,7
1671,09:30:02,$ 3311.42,1
1672,09:30:02,$ 3311.42,10
1673,09:30:02,$ 3311.42,1
1674,09:30:02,$ 3311.42,5
1675,09:30:02,$ 3311.42,2
1676,09:30:02,$ 3311.42,20
1677,09:30:02,$ 3311.42,1
1678,09:30:02,$ 3311.42,1
1679,09:30:02,$ 3311.42,1
1681,09:30:02,$ 3311.42,2
1682,09:30:02,$ 3311.42,1
1683,09:30:02,$ 3311.42,3
1684,09:30:02,$ 3311.42,5
1685,09:30:02,$ 3311.42,3
1686,09:30:02,$ 3311.42,3
1687,09:30:02,$ 3311.42,6
1688,09:30:02,$ 3311.42,1
1689,09:30:02,$ 3311.42,18
1690,09:30:02,$ 3311.42,2
1691,09:30:02,$ 3311.42,15
1692,09:30:02,$ 3311.42,3
1693,09:30:02,$ 3311.42,3
1694,09:30:02,$ 3311.42,15
1695,09:30:02,$ 3311.42,5
1696,09:30:02,$ 3311.42,1
1697,09:30:02,$ 3311.42,8
1698,09:30:02,$ 3311.42,5
1699,09:30:02,$ 3311.42,1
1700,09:30:02,$ 3311.42,1
1702,09:30:02,$ 3311.42,2
1703,09:30:02,$ 3311.42,1
1704,09:30:02,$ 3311.42,1
1705,09:30:02,$ 3311.42,3
1706,09:30:02,$ 3311.42,1
1707,09:30:02,$ 3311.42,3
1708,09:30:02,$ 3311.42,20
1709,09:30:02,$ 3311.42,15
1710,09:30:02,$ 3311.42,2
1711,09:30:02,$ 3311.42,1
1712,09:30:02,$ 3311.42,1
1713,09:30:02,$ 3311.42,50
1714,09:30:02,$ 3311.42,16
1715,09:30:02,$ 3311.42,1
1716,09:30:02,$ 3311.42,10
1717,09:30:02,$ 3311.42,5
1718,09:30:02,$ 3311.42,20
1719,09:30:02,$ 3311.42,100
1720,09:30:02,$ 3311.42,5
1721,09:30:02,$ 3311.42,3
1723,09:30:02,$ 3311.42,1
1724,09:30:02,$ 3311.42,"1,612"
1725,09:30:02,$ 3311.42,1
1726,09:30:02,$ 3311.42,2
1727,09:30:02,$ 3311.42,1
1728,09:30:02,$ 3311.42,5
1729,09:30:02,$ 3311.42,1
1730,09:30:02,$ 3311.42,1
1731,09:30:02,$ 3311.42,2
1732,09:30:02,$ 3311.42,1
1733,09:30:02,$ 3311.42,1
1734,09:30:02,$ 3311.42,2
1735,09:30:02,$ 3311.42,1
1736,09:30:02,$ 3311.42,22
1737,09:30:02,$ 3311.42,1
1738,09:30:02,$ 3311.42,2
1739,09:30:02,$ 3311.42,2
1740,09:30:02,$ 3311.42,3
1741,09:30:02,$ 3311.42,3
1742,09:30:02,$ 3311.42,1
1744,09:30:02,$ 3311.42,10
1745,09:30:02,$ 3311.42,1
1746,09:30:02,$ 3311.42,4
1747,09:30:02,$ 3311.42,1
1748,09:30:02,$ 3311.42,4
1749,09:30:02,$ 3311.42,1
1750,09:30:02,$ 3311.42,1
1751,09:30:02,$ 3311.42,2
1752,09:30:02,$ 3311.42,1
1753,09:30:02,$ 3311.42,3
1754,09:30:02,$ 3311.42,1
1755,09:30:02,$ 3311.42,4
1756,09:30:02,$ 3311.42,2
1757,09:30:02,$ 3311.42,3
1758,09:30:02,$ 3311.42,1
1759,09:30:02,$ 3311.42,2
1760,09:30:02,$ 3311.42,3
1761,09:30:02,$ 3311.42,1
1762,09:30:02,$ 3311.42,1
1763,09:30:02,$ 3311.42,1
1765,09:30:02,$ 3311.42,1
1766,09:30:02,$ 3311.42,5
1767,09:30:02,$ 3311.42,4
1768,09:30:02,$ 3311.42,5
1769,09:30:02,$ 3311.42,2
1770,09:30:02,$ 3311.42,1
1771,09:30:02,$ 3311.42,200
1772,09:30:02,$ 3311.42,1
1773,09:30:02,$ 3311.42,60
1774,09:30:02,$ 3311.42,7
1775,09:30:02,$ 3311.42,10
1776,09:30:02,$ 3311.42,1
1777,09:30:02,$ 3311.42,200
1778,09:30:02,$ 3311.42,1
1779,09:30:02,$ 3311.42,1
1780,09:30:02,$ 3311.42,1
1781,09:30:02,$ 3311.42,8
1782,09:30:02,$ 3311.42,3
1783,09:30:02,$ 3311.42,1
1784,09:30:02,$ 3311.42,3
1786,09:30:02,$ 3311.42,3
1787,09:30:02,$ 3311.42,1
1788,09:30:02,$ 3311.42,1
1789,09:30:02,$ 3311.42,15
1790,09:30:02,$ 3311.42,12
1791,09:30:02,$ 3311.42,1
1792,09:30:02,$ 3311.42,3
1793,09:30:02,$ 3311.42,6
1794,09:30:02,$ 3311.42,250
1795,09:30:02,$ 3311.42,200
1796,09:30:02,$ 3311.42,50
1797,09:30:02,$ 3311.42,1
1798,09:30:02,$ 3311.42,7
1799,09:30:02,$ 3311.42,5
1800,09:30:02,$ 3311.42,1
1801,09:30:02,$ 3311.42,1
1802,09:30:02,$ 3311.42,1
1803,09:30:02,$ 3311.42,8
1804,09:30:02,$ 3311.42,1
1805,09:30:02,$ 3311.42,1
1807,09:30:02,$ 3311.42,2
1808,09:30:02,$ 3311.42,3
1809,09:30:02,$ 3311.42,1
1810,09:30:02,$ 3311.42,100
1811,09:30:02,$ 3311.42,1
1812,09:30:02,$ 3311.42,1
1813,09:30:02,$ 3311.42,1
1814,09:30:02,$ 3311.42,1
1815,09:30:02,$ 3311.42,"1,200"
1816,09:30:02,$ 3311.42,1
1817,09:30:02,$ 3311.42,3
1818,09:30:02,$ 3311.42,12
1819,09:30:02,$ 3311.42,7
1820,09:30:02,$ 3311.42,5
1821,09:30:02,$ 3311.42,5
1822,09:30:02,$ 3311.42,1
1823,09:30:02,$ 3311.42,12
1824,09:30:02,$ 3311.42,2
1825,09:30:02,$ 3311.42,5
1826,09:30:02,$ 3311.42,1
1828,09:30:02,$ 3311.42,22
1829,09:30:02,$ 3311.42,2
1830,09:30:02,$ 3311.42,55
1831,09:30:02,$ 3311.42,1
1832,09:30:02,$ 3311.42,20
1833,09:30:02,$ 3311.42,6
1834,09:30:02,$ 3311.42,10
1835,09:30:02,$ 3311.42,5
1836,09:30:02,$ 3311.42,2
1837,09:30:02,$ 3311.42,2
1838,09:30:02,$ 3311.42,644
1839,09:30:02,$ 3311.42,1
1840,09:30:02,$ 3311.42,2
1841,09:30:02,$ 3311.42,2
1842,09:30:02,$ 3311.42,13
1843,09:30:02,$ 3311.42,44
1844,09:30:02,$ 3311.42,1
1845,09:30:02,$ 3311.42,1
1846,09:30:02,$ 3311.42,1
1847,09:30:02,$ 3311.42,3
1849,09:30:02,$ 3311.42,3
1850,09:30:02,$ 3311.42,1
1851,09:30:02,$ 3311.42,2
1852,09:30:02,$ 3311.42,1
1853,09:30:02,$ 3311.42,2
1854,09:30:02,$ 3311.42,1
1855,09:30:02,$ 3311.42,3
1856,09:30:02,$ 3311.42,1
1857,09:30:02,$ 3311.42,1
1858,09:30:02,$ 3311.42,1
1859,09:30:02,$ 3311.42,2
1860,09:30:02,$ 3311.42,14
1861,09:30:02,$ 3311.42,6
1862,09:30:02,$ 3311.42,1
1863,09:30:02,$ 3311.42,1
1864,09:30:02,$ 3311.42,1
1865,09:30:02,$ 3311.42,1
1866,09:30:02,$ 3311.42,3
1867,09:30:02,$ 3311.42,1
1868,09:30:02,$ 3311.42,2
1870,09:30:02,$ 3311.42,1
1871,09:30:02,$ 3311.42,3
1872,09:30:02,$ 3311.42,1
1874,10:29:58,$ 3318.45,100
1875,10:29:58,$ 3318.66,100
1876,10:29:58,$ 3318.29,100
1877,10:29:58,$ 3318.5099,100
1878,10:29:54,$ 3318.12,100
1879,10:29:54,$ 3318.55,100
1880,10:29:53,$ 3318.57,100
1881,10:29:52,$ 3319.02,100
1882,10:29:52,$ 3319.02,100
1883,10:29:52,$ 3318.61,100
1884,10:29:52,$ 3318.56,100
1885,10:29:52,$ 3318.56,100
1886,10:29:50,$ 3319.22,100
1887,10:29:50,$ 3319.24,100
1888,10:29:49,$ 3318.84,100
1889,10:29:40,$ 3319.52,100
1890,10:29:39,$ 3319.01,100
1891,10:29:27,$ 3319.0701,100
1892,10:29:26,$ 3319.58,100
1893,10:29:26,$ 3319.57,100
1895,10:29:25,$ 3319.60,100
1896,10:29:21,$ 3319.32,100
1897,10:29:21,$ 3319.82,100
1898,10:29:21,$ 3320.21,100
1899,10:29:21,$ 3320.21,100
1900,10:29:21,$ 3320.21,100
1901,10:29:21,$ 3319.95,100
1902,10:29:21,$ 3319.96,100
1903,10:29:20,$ 3319.56,100
1904,10:29:15,$ 3318.95,100
1905,10:29:13,$ 3318.54,100
1906,10:29:08,$ 3318.495,100
1907,10:29:08,$ 3318.31,100
1908,10:29:07,$ 3318.37,100
1909,10:29:07,$ 3318.28,111
1910,10:29:07,$ 3318.28,100
1911,10:29:07,$ 3318.99,100
1912,10:29:06,$ 3319.01,100
1913,10:29:06,$ 3319.035,100
1914,10:29:06,$ 3319.08,100
1916,10:29:06,$ 3319.34,100
1917,10:29:06,$ 3319.125,100
1918,10:29:01,$ 3317.28,100
1919,10:29:01,$ 3317.27,100
1920,10:29:01,$ 3317.26,100
1921,10:29:01,$ 3317.84,100
1922,10:28:44,$ 3317.80,100
1923,10:28:44,$ 3317.73,293
1924,10:28:44,$ 3317.78,100
1925,10:28:44,$ 3317.77,100
1926,10:28:44,$ 3317.75,100
1927,10:28:44,$ 3318.00,100
1928,10:28:44,$ 3319.03,100
1929,10:28:42,$ 3320.21,100
1930,10:28:42,$ 3320.21,100
1931,10:28:32,$ 3320.51,100
1932,10:28:31,$ 3320.87,100
1933,10:28:23,$ 3321.19,100
1934,10:28:23,$ 3321.14,100
1935,10:28:23,$ 3321.39,100
1937,10:28:23,$ 3321.38,100
1938,10:28:23,$ 3321.24,100
1939,10:28:22,$ 3322.145,100
1940,10:28:20,$ 3322.07,200
1941,10:28:20,$ 3322.07,100
1942,10:28:18,$ 3322.14,100
1943,10:28:17,$ 3322.52,300
1944,10:28:17,$ 3322.56,100
1945,10:28:16,$ 3322.15,100
1946,10:28:14,$ 3322.63,100
1947,10:28:13,$ 3322.65,100
1948,10:28:13,$ 3322.50,100
1949,10:28:12,$ 3322.92,100
1950,10:28:12,$ 3322.675,200
1951,10:28:10,$ 3322.85,100
1952,10:28:10,$ 3322.94,100
1953,10:28:05,$ 3323.31,100
1954,10:28:04,$ 3322.89,100
1955,10:28:03,$ 3322.39,100
1956,10:28:03,$ 3322.39,100
1958,10:28:03,$ 3321.6943,100
1959,10:28:01,$ 3322.39,100
1960,10:28:00,$ 3321.84,100
1961,10:28:00,$ 3321.85,167
1962,10:28:00,$ 3321.85,100
1963,10:28:00,$ 3321.85,100
1964,10:28:00,$ 3322.29,100
1965,10:27:59,$ 3321.975,100
1966,10:27:59,$ 3319.9125,100
1967,10:27:59,$ 3322.27,100
1968,10:27:59,$ 3322.00,130
1969,10:27:59,$ 3322.00,510
1970,10:27:59,$ 3321.70,100
1971,10:27:59,$ 3320.95,100
1972,10:27:59,$ 3321.00,443
1973,10:27:59,$ 3320.85,100
1974,10:27:59,$ 3320.63,100
1975,10:27:59,$ 3320.00,100
1976,10:27:59,$ 3319.95,100
1977,10:27:59,$ 3320.00,100
1979,10:27:59,$ 3320.00,138
1980,10:27:58,$ 3319.89,100
1981,10:27:58,$ 3319.795,100
1982,10:27:58,$ 3319.90,100
1983,10:27:58,$ 3319.81,100
1984,10:27:58,$ 3319.81,100
1985,10:27:58,$ 3319.75,100
1986,10:27:58,$ 3319.81,100
1987,10:27:58,$ 3319.66,100
1988,10:27:58,$ 3319.66,100
1989,10:27:58,$ 3318.99,100
1990,10:27:58,$ 3319.00,471
1991,10:27:58,$ 3318.86,100
1992,10:27:58,$ 3318.58,100
1993,10:27:58,$ 3318.52,100
1994,10:27:58,$ 3317.97,120
1995,10:27:58,$ 3317.9154,232
1996,10:27:57,$ 3317.765,100
1997,10:27:57,$ 3317.765,100
1998,10:27:57,$ 3317.765,100
2000,10:27:57,$ 3317.765,100
2001,10:27:57,$ 3317.765,100
2002,10:27:52,$ 3318.3891,200
2003,10:27:52,$ 3318.01,100
2004,10:27:52,$ 3318.166,104
2005,10:27:45,$ 3318.36,188
2006,10:27:45,$ 3318.25,100
2007,10:27:45,$ 3318.28,100
2008,10:27:43,$ 3317.87,100
2009,10:27:42,$ 3318.06,100
2010,10:27:37,$ 3317.85,100
2011,10:27:37,$ 3317.86,100
2012,10:27:36,$ 3318.302,100
2013,10:27:36,$ 3317.85,464
2014,10:27:36,$ 3317.86,100
2015,10:27:36,$ 3318.00,100
2016,10:27:36,$ 3317.98,100
2017,10:27:36,$ 3317.97,100
2018,10:27:36,$ 3317.95,100
2019,10:27:36,$ 3317.92,100
2021,10:27:36,$ 3317.90,100
2022,10:27:33,$ 3318.19,100
2023,10:27:32,$ 3317.90,100
2024,10:27:28,$ 3318.01,100
2025,10:27:23,$ 3318.00,260
2026,10:27:14,$ 3317.57,100
2027,10:27:14,$ 3317.57,100
2028,10:27:10,$ 3318.04,100
2029,10:27:10,$ 3318.00,400
2030,10:27:10,$ 3318.00,100
2031,10:27:08,$ 3317.5786,100
2032,10:27:08,$ 3317.5786,100
2033,10:27:08,$ 3317.5786,100
2034,10:26:58,$ 3317.00,100
2035,10:26:58,$ 3317.00,176
2036,10:26:58,$ 3317.00,175
2037,10:26:57,$ 3316.69,100
2038,10:26:54,$ 3316.34,100
2039,10:26:54,$ 3316.33,100
2040,10:26:52,$ 3316.31,100
2042,10:26:52,$ 3316.32,100
2043,10:26:48,$ 3316.2039,100
2044,10:26:45,$ 3316.35,121
2045,10:26:45,$ 3316.35,100
2046,10:26:27,$ 3316.66,100
2047,10:26:27,$ 3316.69,100
2048,10:26:14,$ 3316.04,100
2049,10:26:13,$ 3316.015,100
2050,10:26:09,$ 3315.91,100
2051,10:26:09,$ 3315.78,100
2052,10:26:09,$ 3315.73,100
2053,10:26:00,$ 3315.7775,200
2054,10:25:28,$ 3315.64,100
2055,10:25:28,$ 3315.66,100
2056,10:25:22,$ 3316.09,100
2057,10:25:22,$ 3315.98,100
2058,10:25:12,$ 3316.2601,340
2059,10:25:10,$ 3316.855,100
2060,10:25:09,$ 3316.78,100
2061,10:25:07,$ 3315.91,100
2063,10:24:58,$ 3316.30,100
2064,10:24:54,$ 3316.28,100
2065,10:24:54,$ 3316.26,100
2066,10:24:53,$ 3316.345,"1,000"
2067,10:24:50,$ 3316.35,100
2068,10:24:46,$ 3316.33,100
2069,10:24:41,$ 3316.4966,230
2070,10:24:39,$ 3316.56,100
2071,10:24:32,$ 3316.13,100
2072,10:24:32,$ 3316.49,163
2073,10:24:32,$ 3316.43,400
2074,10:24:32,$ 3316.45,100
2075,10:24:32,$ 3316.49,100
2076,10:24:32,$ 3316.45,100
2077,10:24:32,$ 3316.45,100
2078,10:24:32,$ 3316.45,100
2079,10:24:32,$ 3316.45,400
2080,10:24:32,$ 3316.45,100
2081,10:24:26,$ 3316.29,100
2082,10:24:26,$ 3316.0796,100
2084,10:24:26,$ 3315.9299,100
2085,10:24:26,$ 3315.93,100
2086,10:24:26,$ 3315.82,100
2087,10:24:22,$ 3315.74,100
2088,10:24:20,$ 3315.9595,100
2089,10:24:16,$ 3315.82,100
2090,10:24:16,$ 3315.23,100
2091,10:24:16,$ 3315.46,100
2092,10:24:16,$ 3315.43,100
2093,10:24:16,$ 3315.32,100
2094,10:24:13,$ 3315.215,100
2095,10:24:13,$ 3315.495,100
2096,10:24:13,$ 3315.49,100
2097,10:24:13,$ 3315.85,100
2098,10:24:12,$ 3315.99,100
2099,10:24:12,$ 3315.63,174
2100,10:24:12,$ 3315.63,"3,398"
2101,10:24:12,$ 3315.51,100
2102,10:24:12,$ 3315.54,100
2103,10:24:11,$ 3315.27,100
2105,10:24:11,$ 3315.58,100
2106,10:24:11,$ 3315.53,100
2107,10:24:11,$ 3315.27,100
2108,10:24:11,$ 3315.00,100
2109,10:24:11,$ 3315.00,100
2110,10:24:11,$ 3315.00,100
2111,10:24:11,$ 3315.00,100
2112,10:24:09,$ 3314.95,100
2113,10:24:08,$ 3314.79,100
2114,10:24:07,$ 3314.76,100
2115,10:24:05,$ 3314.47,100
2116,10:24:01,$ 3314.50,"1,000"
2117,10:23:56,$ 3314.00,240
2118,10:23:56,$ 3313.97,100
2119,10:23:56,$ 3314.00,176
2120,10:23:56,$ 3313.8281,100
2121,10:23:53,$ 3313.54,100
2122,10:23:48,$ 3313.15,100
2123,10:23:47,$ 3313.16,100
2124,10:23:47,$ 3313.20,100
2126,10:23:47,$ 3313.24,100
2127,10:23:47,$ 3313.27,100
2128,10:23:45,$ 3313.345,500
2129,10:23:45,$ 3313.345,100
2130,10:23:45,$ 3313.31,100
2131,10:23:45,$ 3313.31,100
2132,10:23:45,$ 3313.19,100
2133,10:23:45,$ 3313.20,100
2134,10:23:45,$ 3313.39,100
2135,10:23:45,$ 3313.36,100
2136,10:23:45,$ 3313.99,100
2137,10:23:45,$ 3313.99,100
2138,10:23:45,$ 3313.98,100
2139,10:23:45,$ 3313.99,100
2140,10:23:45,$ 3313.99,200
2141,10:23:45,$ 3313.77,100
2142,10:23:45,$ 3313.95,100
2143,10:23:45,$ 3313.99,149
2144,10:23:45,$ 3313.99,100
2145,10:23:45,$ 3313.975,100
2147,10:23:45,$ 3313.57,100
2148,10:23:45,$ 3313.00,200
2149,10:23:45,$ 3313.00,100
2150,10:23:45,$ 3312.97,100
2151,10:23:45,$ 3312.5825,100
2152,10:23:45,$ 3312.565,100
2153,10:23:44,$ 3312.565,500
2154,10:23:42,$ 3312.03,100
2155,10:23:41,$ 3312.07,100
2156,10:23:41,$ 3312.00,124
2157,10:23:41,$ 3312.00,112
2158,10:23:39,$ 3312.01,182
2159,10:23:39,$ 3312.10,100
2160,10:23:39,$ 3312.14,100
2161,10:23:39,$ 3312.05,100
2162,10:23:39,$ 3312.05,100
2163,10:23:39,$ 3312.03,100
2164,10:23:39,$ 3312.02,100
2165,10:23:39,$ 3312.01,100
2166,10:23:32,$ 3311.61,100
2168,10:23:30,$ 3311.81,100
2169,10:23:30,$ 3311.66,100
2170,10:23:30,$ 3311.91,100
2171,10:23:28,$ 3311.55,100
2172,10:23:26,$ 3311.8125,100
2173,10:23:13,$ 3312.04,109
2174,10:23:12,$ 3311.68,100
2175,10:23:12,$ 3311.90,100
2176,10:23:07,$ 3311.81,100
2177,10:23:07,$ 3311.3829,801
2178,10:23:07,$ 3311.3829,115
2179,10:23:03,$ 3312.00,100
2180,10:23:03,$ 3312.00,200
2181,10:23:00,$ 3311.79,100
2182,10:22:56,$ 3311.53,100
2183,10:22:56,$ 3311.50,100
2184,10:22:56,$ 3311.39,125
2185,10:22:56,$ 3311.8898,179
2186,10:22:56,$ 3311.69,200
2187,10:22:52,$ 3311.52,106
2189,10:22:51,$ 3311.37,100
2190,10:22:50,$ 3311.33,100
2191,10:22:50,$ 3311.39,100
2192,10:22:50,$ 3311.39,100
2193,10:22:50,$ 3311.39,100
2194,10:22:50,$ 3311.39,100
2195,10:22:50,$ 3311.50,304
2196,10:22:48,$ 3311.095,100
2197,10:22:47,$ 3311.09,100
2198,10:22:47,$ 3311.17,100
2199,10:22:46,$ 3311.30,100
2200,10:22:46,$ 3311.27,100
2201,10:22:40,$ 3311.23,100
2202,10:22:36,$ 3311.37,100
2203,10:22:24,$ 3311.075,"1,000"
2204,10:22:18,$ 3311.25,100
2205,10:22:13,$ 3310.935,"1,000"
2206,10:22:10,$ 3310.75,100
2207,10:22:09,$ 3310.585,100
2208,10:22:08,$ 3310.5475,100
2210,10:22:08,$ 3311.245,230
2211,10:22:08,$ 3310.5225,100
2212,10:22:08,$ 3311.06,100
2213,10:22:08,$ 3310.85,100
2214,10:21:57,$ 3310.61,170
2215,10:21:44,$ 3310.30,100
2216,10:21:44,$ 3310.31,100
2217,10:21:44,$ 3310.32,100
2218,10:21:43,$ 3310.305,100
2219,10:21:34,$ 3310.225,100
2220,10:21:34,$ 3310.16,100
2221,10:21:23,$ 3310.00,305
2222,10:21:23,$ 3310.14,100
2223,10:21:18,$ 3310.26,100
2224,10:21:17,$ 3310.325,100
2225,10:21:17,$ 3310.0975,100
2226,10:21:13,$ 3310.04,100
2227,10:21:09,$ 3310.29,100
2228,10:21:09,$ 3309.94,100
2229,10:21:09,$ 3310.00,153
2231,10:21:09,$ 3309.78,100
2232,10:21:09,$ 3309.67,100
2233,10:21:08,$ 3308.78,100
2234,10:21:01,$ 3308.31,100
2235,10:21:01,$ 3308.27,100
2236,10:21:00,$ 3308.00,100
2237,10:21:00,$ 3307.75,100
2238,10:21:00,$ 3307.71,100
2239,10:20:16,$ 3306.23,100
2240,10:20:16,$ 3306.24,100
2241,10:20:16,$ 3306.22,100
2242,10:20:16,$ 3306.37,100
2243,10:20:06,$ 3306.69,100
2244,10:20:06,$ 3306.69,100
2245,10:19:58,$ 3307.0848,100
2246,10:18:59,$ 3307.57,100
2247,10:18:48,$ 3308.0206,100
2248,10:18:42,$ 3308.23,100
2249,10:18:39,$ 3307.77,100
2250,10:18:37,$ 3307.00,100
2252,10:18:37,$ 3307.00,200
2253,10:18:37,$ 3307.00,100
2254,10:18:37,$ 3307.00,100
2255,10:18:37,$ 3307.00,100
2256,10:18:11,$ 3307.6372,100
2257,10:18:06,$ 3307.39,100
2258,10:18:06,$ 3307.39,100
2259,10:18:05,$ 3307.70,100
2260,10:18:05,$ 3307.74,100
2261,10:18:05,$ 3307.71,100
2262,10:18:00,$ 3307.42,100
2263,10:17:46,$ 3307.12,100
2264,10:17:43,$ 3307.33,100
2265,10:17:43,$ 3307.33,161
2266,10:17:43,$ 3307.24,100
2267,10:17:43,$ 3307.29,125
2268,10:17:43,$ 3306.9575,100
2269,10:17:43,$ 3306.955,154
2270,10:17:41,$ 3306.97,100
2271,10:17:41,$ 3306.94,100
2273,10:17:41,$ 3306.97,224
2274,10:17:41,$ 3306.97,100
2275,10:17:38,$ 3306.99,100
2276,10:17:17,$ 3307.39,100
2277,10:17:16,$ 3307.43,100
2278,10:17:00,$ 3307.53,100
2279,10:17:00,$ 3307.50,200
2280,10:16:55,$ 3307.56,100
2281,10:16:55,$ 3307.70,100
2282,10:16:55,$ 3307.61,100
2283,10:16:50,$ 3308.02,100
2284,10:16:50,$ 3308.02,100
2285,10:16:50,$ 3308.28,100
2286,10:16:30,$ 3308.4575,100
2287,10:16:30,$ 3308.4875,100
2288,10:16:30,$ 3308.4325,100
2289,10:16:17,$ 3308.56,100
2290,10:16:17,$ 3308.56,100
2291,10:16:17,$ 3308.495,100
2292,10:16:17,$ 3308.56,100
2294,10:16:14,$ 3308.00,401
2295,10:16:09,$ 3308.67,100
2296,10:15:53,$ 3309.26,100
2297,10:15:26,$ 3309.97,100
2298,10:15:05,$ 3309.16,100
2299,10:15:05,$ 3309.29,395
2300,10:14:56,$ 3309.0925,100
2301,10:14:55,$ 3309.60,100
2302,10:14:55,$ 3309.59,100
2303,10:14:44,$ 3309.10,100
2304,10:14:40,$ 3308.82,100
2305,10:14:19,$ 3310.02,100
2306,10:14:19,$ 3310.025,100
2307,10:13:56,$ 3309.8575,100
2308,10:13:50,$ 3310.07,100
2309,10:13:12,$ 3309.88,100
2310,10:13:12,$ 3310.03,100
2311,10:13:10,$ 3309.825,100
2312,10:13:09,$ 3310.14,100
2313,10:12:48,$ 3309.43,100
2315,10:12:45,$ 3309.2275,100
2316,10:12:45,$ 3309.33,100
2317,10:12:42,$ 3309.0875,100
2318,10:12:40,$ 3308.70,100
2319,10:12:34,$ 3309.14,100
2320,10:12:18,$ 3309.665,100
2321,10:12:17,$ 3309.405,100
2322,10:12:16,$ 3309.50,100
2323,10:12:13,$ 3309.67,100
2324,10:12:12,$ 3309.5551,150
2325,10:12:02,$ 3309.83,100
2326,10:12:02,$ 3309.825,100
2327,10:12:01,$ 3309.79,100
2328,10:11:53,$ 3309.88,100
2329,10:11:53,$ 3309.88,100
2330,10:11:50,$ 3309.88,100
2331,10:11:50,$ 3309.707,100
2332,10:11:42,$ 3309.65,100
2333,10:11:36,$ 3309.85,100
2334,10:11:35,$ 3309.9975,100
2336,10:11:35,$ 3310.10,153
2337,10:11:33,$ 3309.81,100
2338,10:11:33,$ 3309.81,100
2339,10:11:27,$ 3309.75,100
2340,10:11:17,$ 3309.825,100
2341,10:11:13,$ 3309.60,100
2342,10:11:10,$ 3309.5981,300
2343,10:11:09,$ 3309.74,156
2344,10:11:05,$ 3309.84,100
2345,10:11:04,$ 3310.4063,100
2346,10:10:56,$ 3310.47,100
2347,10:10:47,$ 3310.13,100
2348,10:10:46,$ 3310.195,100
2349,10:10:46,$ 3310.35,100
2350,10:10:46,$ 3310.22,100
2351,10:10:46,$ 3310.36,100
2352,10:10:42,$ 3310.0175,100
2353,10:10:38,$ 3309.61,100
2354,10:10:10,$ 3309.77,100
2355,10:10:10,$ 3309.78,121
2357,10:10:10,$ 3309.78,100
2358,10:10:10,$ 3309.78,100
2359,10:09:50,$ 3309.98,100
2360,10:09:50,$ 3310.14,100
2361,10:09:17,$ 3310.135,100
2362,10:09:16,$ 3310.13,100
2363,10:09:08,$ 3310.25,100
2364,10:08:56,$ 3310.70,100
2365,10:08:56,$ 3310.585,100
2366,10:08:56,$ 3310.46,100
2367,10:08:56,$ 3310.46,100
2368,10:08:56,$ 3310.46,100
2369,10:08:56,$ 3310.46,100
2370,10:08:56,$ 3310.46,100
2371,10:08:56,$ 3310.9325,100
2372,10:08:56,$ 3310.905,100
2373,10:08:56,$ 3311.10,100
2374,10:08:56,$ 3311.09,100
2375,10:08:56,$ 3310.65,100
2376,10:08:56,$ 3310.515,100
2378,10:08:45,$ 3310.62,100
2379,10:08:45,$ 3310.65,100
2380,10:08:43,$ 3310.9299,100
2381,10:08:41,$ 3310.15,100
2382,10:08:41,$ 3310.27,100
2383,10:08:41,$ 3310.24,100
2384,10:08:17,$ 3310.95,100
2385,10:08:12,$ 3310.56,100
2386,10:08:00,$ 3309.5601,230
2387,10:07:55,$ 3310.3025,100
2388,10:07:55,$ 3310.055,100
2389,10:07:53,$ 3310.05,100
2390,10:07:42,$ 3310.1692,118
2391,10:07:37,$ 3310.55,100
2392,10:07:36,$ 3310.195,100
2393,10:07:29,$ 3310.50,100
2394,10:07:01,$ 3309.55,100
2395,10:06:55,$ 3309.445,100
2396,10:06:52,$ 3309.65,100
2397,10:06:43,$ 3309.7975,126
2399,10:06:43,$ 3309.4925,100
2400,10:06:43,$ 3309.4925,100
2401,10:06:43,$ 3309.5025,100
2402,10:06:43,$ 3309.39,100
2403,10:06:43,$ 3309.4725,100
2404,10:06:43,$ 3309.60,100
2405,10:06:43,$ 3309.70,100
2406,10:06:43,$ 3309.68,100
2407,10:06:41,$ 3309.70,100
2408,10:06:40,$ 3309.11,100
2409,10:06:39,$ 3308.6919,140
2410,10:06:37,$ 3309.33,100
2411,10:06:29,$ 3309.18,100
2412,10:05:44,$ 3308.35,100
2413,10:05:31,$ 3308.115,100
2414,10:05:31,$ 3308.11,100
2415,10:05:27,$ 3308.56,100
2416,10:05:16,$ 3308.01,100
2417,10:05:14,$ 3308.12,100
2418,10:05:11,$ 3307.84,100
2420,10:05:11,$ 3308.05,100
2421,10:04:52,$ 3308.91,100
2422,10:04:52,$ 3308.92,100
2423,10:04:46,$ 3309.50,100
2424,10:04:40,$ 3308.9489,214
2425,10:04:33,$ 3309.91,100
2426,10:04:22,$ 3309.78,100
2427,10:04:12,$ 3308.92,100
2428,10:04:12,$ 3308.86,100
2429,10:03:49,$ 3308.9495,241
2430,10:03:44,$ 3309.03,100
2431,10:03:39,$ 3309.93,100
2432,10:03:15,$ 3310.005,106
2433,10:03:12,$ 3309.73,100
2434,10:03:09,$ 3310.08,100
2435,10:03:08,$ 3310.54,100
2436,10:03:08,$ 3310.495,100
2437,10:03:08,$ 3310.52,100
2438,10:03:04,$ 3310.08,100
2439,10:02:41,$ 3310.395,100
2441,10:02:28,$ 3310.92,200
2442,10:02:28,$ 3310.93,100
2443,10:02:28,$ 3310.81,100
2444,10:02:26,$ 3310.11,100
2445,10:02:08,$ 3310.2085,100
2446,10:02:02,$ 3311.00,675
2447,10:02:02,$ 3310.44,100
2448,10:02:02,$ 3310.45,100
2449,10:02:00,$ 3309.75,100
2450,10:01:49,$ 3310.45,100
2451,10:01:39,$ 3310.82,100
2452,10:01:37,$ 3310.82,100
2453,10:01:28,$ 3310.40,100
2454,10:00:52,$ 3309.79,100
2455,10:00:45,$ 3309.88,100
2456,10:00:39,$ 3310.01,100
2457,10:00:39,$ 3310.01,100
2458,10:00:38,$ 3310.2725,"1,000"
2459,10:00:31,$ 3310.13,100
2460,10:00:17,$ 3310.65,100
2462,10:00:17,$ 3310.66,100
2463,10:00:08,$ 3309.6101,100
2464,10:00:04,$ 3309.62,100
2465,10:00:04,$ 3309.62,105
2466,10:00:04,$ 3309.79,100
2467,10:00:04,$ 3310.08,100
2468,10:00:04,$ 3309.94,100
2469,10:00:04,$ 3310.08,100
2470,10:00:04,$ 3309.62,100
2471,10:00:04,$ 3309.62,100
2472,10:00:04,$ 3309.62,100
2473,10:00:03,$ 3309.62,100
2474,10:00:03,$ 3309.79,100
2475,10:00:03,$ 3309.62,100
2476,10:00:03,$ 3309.62,100
2477,10:00:03,$ 3309.62,101
2478,10:00:03,$ 3309.66,100
2480,10:59:57,$ 3369.16,100
2481,10:59:57,$ 3369.35,100
2482,10:59:57,$ 3369.35,100
2483,10:59:57,$ 3368.995,100
2484,10:59:57,$ 3369.18,100
2485,10:59:50,$ 3369.3424,100
2486,10:59:42,$ 3368.19,100
2487,10:59:42,$ 3368.59,105
2488,10:59:42,$ 3369.37,100
2489,10:59:42,$ 3369.07,100
2490,10:59:40,$ 3369.065,100
2491,10:59:40,$ 3369.34,100
2492,10:59:40,$ 3369.22,100
2493,10:59:39,$ 3368.65,102
2494,10:59:39,$ 3369.00,100
2495,10:59:38,$ 3369.24,100
2496,10:59:38,$ 3369.2315,149
2497,10:59:36,$ 3369.0875,100
2498,10:59:35,$ 3368.94,100
2499,10:59:35,$ 3369.34,100
2501,10:59:34,$ 3369.30,200
2502,10:59:34,$ 3369.65,200
2503,10:59:34,$ 3369.70,100
2504,10:59:34,$ 3369.675,100
2505,10:59:33,$ 3369.285,100
2506,10:59:33,$ 3369.285,100
2507,10:59:33,$ 3368.95,100
2508,10:59:32,$ 3368.92,100
2509,10:59:31,$ 3369.00,100
2510,10:59:31,$ 3369.15,360
2511,10:59:31,$ 3369.12,100
2512,10:59:31,$ 3368.99,100
2513,10:59:31,$ 3368.245,100
2514,10:59:30,$ 3368.615,100
2515,10:59:30,$ 3367.7901,100
2516,10:59:30,$ 3368.22,200
2517,10:59:29,$ 3368.57,100
2518,10:59:29,$ 3368.58,100
2519,10:59:29,$ 3368.57,100
2520,10:59:29,$ 3368.58,100
2522,10:59:29,$ 3368.57,100
2523,10:59:28,$ 3368.17,124
2524,10:59:28,$ 3368.2028,100
2525,10:59:20,$ 3367.3548,100
2526,10:59:19,$ 3367.91,112
2527,10:59:15,$ 3366.89,100
2528,10:59:14,$ 3367.49,100
2529,10:59:14,$ 3367.44,100
2530,10:59:14,$ 3367.45,100
2531,10:59:12,$ 3367.524,100
2532,10:59:12,$ 3367.97,100
2533,10:59:11,$ 3366.93,100
2534,10:59:10,$ 3366.866,168
2535,10:59:10,$ 3367.73,393
2536,10:59:10,$ 3367.73,213
2537,10:59:10,$ 3367.16,100
2538,10:59:10,$ 3366.99,100
2539,10:59:07,$ 3366.65,100
2540,10:59:07,$ 3366.675,100
2541,10:59:07,$ 3366.64,100
2543,10:59:07,$ 3366.98,100
2544,10:59:06,$ 3366.31,100
2545,10:59:06,$ 3366.31,157
2546,10:59:00,$ 3366.19,100
2547,10:59:00,$ 3366.19,100
2548,10:58:57,$ 3366.23,100
2549,10:58:57,$ 3366.23,100
2550,10:58:50,$ 3366.51,100
2551,10:58:50,$ 3366.605,100
2552,10:58:47,$ 3365.48,100
2553,10:58:47,$ 3366.90,100
2554,10:58:47,$ 3366.19,100
2555,10:58:46,$ 3366.82,100
2556,10:58:46,$ 3366.77,100
2557,10:58:46,$ 3366.69,100
2558,10:58:46,$ 3366.57,100
2559,10:58:46,$ 3366.74,100
2560,10:58:45,$ 3366.76,100
2561,10:58:45,$ 3366.885,100
2562,10:58:45,$ 3366.885,100
2564,10:58:45,$ 3366.88,100
2565,10:58:45,$ 3366.88,100
2566,10:58:45,$ 3366.77,162
2567,10:58:43,$ 3366.775,100
2568,10:58:43,$ 3366.68,100
2569,10:58:43,$ 3366.68,100
2570,10:58:43,$ 3366.68,100
2571,10:58:42,$ 3366.6334,100
2572,10:58:42,$ 3366.70,100
2573,10:58:42,$ 3366.69,150
2574,10:58:41,$ 3366.68,100
2575,10:58:41,$ 3366.39,100
2576,10:58:41,$ 3366.5499,100
2577,10:58:41,$ 3366.42,100
2578,10:58:41,$ 3366.55,100
2579,10:58:40,$ 3366.35,100
2580,10:58:40,$ 3366.35,100
2581,10:58:40,$ 3366.35,100
2582,10:58:40,$ 3366.3996,100
2583,10:58:40,$ 3366.39,100
2585,10:58:40,$ 3366.40,296
2586,10:58:40,$ 3365.90,500
2587,10:58:35,$ 3365.8331,100
2588,10:58:33,$ 3366.38,100
2589,10:58:33,$ 3366.38,100
2590,10:58:33,$ 3366.30,100
2591,10:58:32,$ 3366.11,100
2592,10:58:32,$ 3366.12,100
2593,10:58:30,$ 3366.22,100
2594,10:58:29,$ 3366.3659,100
2595,10:58:29,$ 3365.8899,500
2596,10:58:28,$ 3366.42,100
2597,10:58:28,$ 3365.955,100
2598,10:58:27,$ 3365.31,153
2599,10:58:27,$ 3365.648,297
2600,10:58:25,$ 3365.67,400
2601,10:58:24,$ 3366.42,100
2602,10:58:21,$ 3366.10,100
2603,10:58:20,$ 3365.745,100
2604,10:58:20,$ 3365.37,100
2606,10:58:18,$ 3366.21,100
2607,10:58:18,$ 3366.20,100
2608,10:58:16,$ 3365.84,100
2609,10:58:14,$ 3366.47,200
2610,10:58:14,$ 3366.53,200
2611,10:58:14,$ 3366.57,100
2612,10:58:12,$ 3365.85,148
2613,10:58:12,$ 3365.85,112
2614,10:58:12,$ 3365.84,100
2615,10:58:11,$ 3365.87,100
2616,10:58:11,$ 3366.06,100
2617,10:58:11,$ 3366.00,100
2618,10:58:09,$ 3366.3746,200
2619,10:58:06,$ 3365.99,100
2620,10:58:04,$ 3365.88,100
2621,10:58:03,$ 3365.84,100
2622,10:58:03,$ 3365.9999,100
2623,10:58:02,$ 3367.00,100
2624,10:58:02,$ 3366.72,100
2625,10:58:01,$ 3366.35,100
2627,10:57:59,$ 3365.86,100
2628,10:57:56,$ 3365.3201,100
2629,10:57:55,$ 3365.30,100
2630,10:57:55,$ 3366.006,200
2631,10:57:55,$ 3366.15,100
2632,10:57:55,$ 3366.52,100
2633,10:57:52,$ 3366.114,100
2634,10:57:52,$ 3366.59,100
2635,10:57:52,$ 3366.66,200
2636,10:57:52,$ 3366.59,100
2637,10:57:50,$ 3366.8138,120
2638,10:57:50,$ 3366.59,100
2639,10:57:48,$ 3366.43,200
2640,10:57:40,$ 3365.81,200
2641,10:57:40,$ 3365.81,200
2642,10:57:40,$ 3365.79,100
2643,10:57:36,$ 3365.66,100
2644,10:57:35,$ 3365.78,100
2645,10:57:31,$ 3365.51,100
2646,10:57:31,$ 3365.50,100
2648,10:57:31,$ 3365.77,100
2649,10:57:28,$ 3365.50,100
2650,10:57:27,$ 3365.015,100
2651,10:57:27,$ 3365.00,100
2652,10:57:26,$ 3364.53,100
2653,10:57:26,$ 3364.79,100
2654,10:57:26,$ 3364.84,100
2655,10:57:26,$ 3365.06,100
2656,10:57:26,$ 3365.01,100
2657,10:57:26,$ 3365.00,100
2658,10:57:26,$ 3365.00,200
2659,10:57:25,$ 3366.19,100
2660,10:57:24,$ 3365.7475,100
2661,10:57:22,$ 3366.25,165
2662,10:57:19,$ 3365.326,200
2663,10:57:19,$ 3365.53,100
2664,10:57:19,$ 3366.20,147
2665,10:57:17,$ 3366.00,510
2666,10:57:14,$ 3365.53,150
2667,10:57:14,$ 3365.53,100
2669,10:57:12,$ 3365.53,155
2670,10:57:12,$ 3365.00,"1,298"
2671,10:57:12,$ 3365.00,182
2672,10:57:12,$ 3364.98,100
2673,10:57:11,$ 3364.50,100
2674,10:57:06,$ 3364.55,100
2675,10:57:01,$ 3364.33,100
2676,10:57:00,$ 3364.31,100
2677,10:57:00,$ 3364.20,100
2678,10:56:59,$ 3364.11,100
2679,10:56:57,$ 3363.66,100
2680,10:56:57,$ 3363.63,200
2681,10:56:54,$ 3363.635,100
2682,10:56:54,$ 3363.99,100
2683,10:56:52,$ 3363.68,100
2684,10:56:52,$ 3363.4666,300
2685,10:56:52,$ 3363.27,100
2686,10:56:51,$ 3363.4678,130
2687,10:56:49,$ 3363.0505,300
2688,10:56:47,$ 3363.57,100
2690,10:56:46,$ 3363.57,100
2691,10:56:46,$ 3363.27,100
2692,10:56:46,$ 3363.18,100
2693,10:56:45,$ 3363.26,100
2694,10:56:43,$ 3363.30,100
2695,10:56:42,$ 3363.07,100
2696,10:56:40,$ 3363.22,100
2697,10:56:40,$ 3363.00,100
2698,10:56:40,$ 3363.01,100
2699,10:56:40,$ 3362.73,100
2700,10:56:40,$ 3362.48,100
2701,10:56:38,$ 3363.22,100
2702,10:56:37,$ 3363.15,100
2703,10:56:36,$ 3362.97,100
2704,10:56:35,$ 3362.94,341
2705,10:56:34,$ 3362.725,100
2706,10:56:32,$ 3362.72,100
2707,10:56:32,$ 3362.95,100
2708,10:56:31,$ 3362.57,200
2709,10:56:30,$ 3362.86,100
2711,10:56:30,$ 3362.7596,100
2712,10:56:30,$ 3362.76,212
2713,10:56:29,$ 3362.12,100
2714,10:56:29,$ 3362.11,100
2715,10:56:28,$ 3361.67,250
2716,10:56:27,$ 3361.98,100
2717,10:56:27,$ 3362.00,100
2718,10:56:26,$ 3361.565,100
2719,10:56:18,$ 3361.00,100
2720,10:56:17,$ 3360.91,100
2721,10:56:12,$ 3361.01,100
2722,10:56:11,$ 3360.875,100
2723,10:56:10,$ 3360.5674,144
2724,10:56:09,$ 3361.1325,400
2725,10:56:08,$ 3361.41,100
2726,10:56:07,$ 3361.26,100
2727,10:56:07,$ 3361.26,100
2728,10:56:05,$ 3361.12,100
2729,10:56:04,$ 3361.13,100
2730,10:56:04,$ 3361.08,100
2732,10:56:04,$ 3361.08,100
2733,10:56:04,$ 3360.04,100
2734,10:56:03,$ 3360.85,100
2735,10:56:03,$ 3360.135,100
2736,10:56:03,$ 3360.46,100
2737,10:56:03,$ 3360.135,100
2738,10:56:03,$ 3360.69,500
2739,10:56:03,$ 3360.24,100
2740,10:56:03,$ 3360.24,100
2741,10:56:03,$ 3360.00,100
2742,10:56:03,$ 3360.00,100
2743,10:56:03,$ 3360.00,184
2744,10:56:01,$ 3359.02,250
2745,10:55:53,$ 3359.01,100
2746,10:55:53,$ 3358.76,100
2747,10:55:52,$ 3358.835,100
2748,10:55:49,$ 3358.975,100
2749,10:55:47,$ 3358.54,100
2750,10:55:47,$ 3358.43,100
2751,10:55:46,$ 3358.625,100
2753,10:55:45,$ 3358.71,100
2754,10:55:45,$ 3358.81,100
2755,10:55:44,$ 3358.92,100
2756,10:55:38,$ 3358.70,100
2757,10:55:38,$ 3358.70,100
2758,10:55:38,$ 3358.74,200
2759,10:55:38,$ 3359.52,100
2760,10:55:38,$ 3359.50,100
2761,10:55:38,$ 3359.49,100
2762,10:55:37,$ 3359.19,100
2763,10:55:37,$ 3359.17,100
2764,10:55:34,$ 3359.4324,100
2765,10:55:34,$ 3359.35,100
2766,10:55:28,$ 3358.50,100
2767,10:55:27,$ 3357.985,100
2768,10:55:24,$ 3357.76,100
2769,10:55:24,$ 3357.80,100
2770,10:55:24,$ 3357.93,100
2771,10:55:24,$ 3357.7475,100
2772,10:55:20,$ 3357.79,100
2774,10:55:19,$ 3357.4328,500
2775,10:55:19,$ 3357.2018,500
2776,10:55:19,$ 3357.18,250
2777,10:55:17,$ 3357.44,100
2778,10:55:17,$ 3357.44,100
2779,10:55:16,$ 3357.00,100
2780,10:55:15,$ 3356.535,100
2781,10:55:15,$ 3356.535,100
2782,10:55:14,$ 3356.07,100
2783,10:55:14,$ 3356.10,100
2784,10:55:14,$ 3356.73,100
2785,10:55:12,$ 3356.855,100
2786,10:55:03,$ 3355.75,100
2787,10:55:03,$ 3355.72,100
2788,10:55:03,$ 3355.695,100
2789,10:55:02,$ 3356.335,100
2790,10:55:02,$ 3356.00,272
2791,10:55:02,$ 3356.405,100
2792,10:55:01,$ 3356.39,100
2793,10:55:01,$ 3356.39,100
2795,10:55:01,$ 3356.415,100
2796,10:55:00,$ 3356.00,100
2797,10:55:00,$ 3356.00,100
2798,10:55:00,$ 3356.00,100
2799,10:54:59,$ 3356.00,216
2800,10:54:59,$ 3356.185,100
2801,10:54:58,$ 3356.195,100
2802,10:54:58,$ 3356.38,100
2803,10:54:57,$ 3356.2283,107
2804,10:54:57,$ 3356.38,107
2805,10:54:43,$ 3355.61,100
2806,10:54:42,$ 3355.70,100
2807,10:54:38,$ 3355.14,100
2808,10:54:38,$ 3355.1374,300
2809,10:54:33,$ 3355.55,100
2810,10:54:32,$ 3355.92,200
2811,10:54:32,$ 3355.96,100
2812,10:54:32,$ 3355.83,200
2813,10:54:32,$ 3355.55,100
2814,10:54:29,$ 3355.7258,201
2816,10:54:25,$ 3355.25,100
2817,10:54:24,$ 3355.60,100
2818,10:54:18,$ 3355.53,100
2819,10:54:14,$ 3356.19,100
2820,10:54:13,$ 3355.855,100
2821,10:54:03,$ 3356.03,400
2822,10:54:00,$ 3356.33,100
2823,10:53:54,$ 3356.34,100
2824,10:53:53,$ 3354.97,100
2825,10:53:52,$ 3355.27,700
2826,10:53:52,$ 3355.2724,100
2827,10:53:50,$ 3355.5775,105
2828,10:53:50,$ 3355.5775,100
2829,10:53:50,$ 3356.29,100
2830,10:53:49,$ 3355.51,100
2831,10:53:49,$ 3355.55,100
2832,10:53:49,$ 3355.76,100
2833,10:53:49,$ 3355.764,100
2834,10:53:49,$ 3355.76,100
2835,10:53:47,$ 3355.92,100
2837,10:53:44,$ 3355.885,100
2838,10:53:43,$ 3355.48,100
2839,10:53:40,$ 3356.1898,100
2840,10:53:38,$ 3355.82,100
2841,10:53:38,$ 3356.33,100
2842,10:53:37,$ 3355.685,100
2843,10:53:33,$ 3355.685,100
2844,10:53:32,$ 3355.85,100
2845,10:53:29,$ 3355.96,100
2846,10:53:29,$ 3355.96,100
2847,10:53:25,$ 3355.75,100
2848,10:53:25,$ 3355.75,100
2849,10:53:25,$ 3355.38,100
2850,10:53:25,$ 3355.35,100
2851,10:53:23,$ 3355.845,100
2852,10:53:23,$ 3355.91,100
2853,10:53:23,$ 3355.96,100
2854,10:53:23,$ 3356.00,100
2855,10:53:23,$ 3356.00,"1,561"
2856,10:53:23,$ 3355.36,100
2858,10:53:22,$ 3355.35,100
2859,10:53:22,$ 3355.4476,125
2860,10:53:21,$ 3355.41,100
2861,10:53:20,$ 3355.845,100
2862,10:53:18,$ 3355.62,100
2863,10:53:18,$ 3355.38,900
2864,10:53:18,$ 3355.49,100
2865,10:53:18,$ 3355.19,100
2866,10:53:18,$ 3355.15,100
2867,10:53:18,$ 3355.04,100
2868,10:53:18,$ 3354.97,100
2869,10:53:18,$ 3354.97,100
2870,10:53:18,$ 3354.85,100
2871,10:53:18,$ 3354.98,100
2872,10:53:14,$ 3353.7001,100
2873,10:53:14,$ 3354.55,100
2874,10:53:11,$ 3353.69,100
2875,10:53:02,$ 3353.15,100
2876,10:53:02,$ 3353.34,200
2877,10:53:02,$ 3353.34,200
2879,10:53:02,$ 3353.35,100
2880,10:53:01,$ 3352.49,100
2881,10:53:01,$ 3353.10,100
2882,10:53:00,$ 3353.0186,100
2883,10:53:00,$ 3352.71,100
2884,10:52:58,$ 3352.75,100
2885,10:52:58,$ 3352.9499,200
2886,10:52:57,$ 3352.66,200
2887,10:52:57,$ 3352.66,100
2888,10:52:57,$ 3353.0466,300
2889,10:52:56,$ 3352.94,100
2890,10:52:56,$ 3352.9004,100
2891,10:52:56,$ 3352.74,100
2892,10:52:54,$ 3352.90,100
2893,10:52:54,$ 3352.76,200
2894,10:52:54,$ 3352.88,100
2895,10:52:52,$ 3352.2761,650
2896,10:52:47,$ 3352.5399,100
2897,10:52:47,$ 3351.5101,100
2898,10:52:42,$ 3351.97,100
2900,10:52:40,$ 3352.74,126
2901,10:52:40,$ 3352.68,100
2902,10:52:40,$ 3352.70,100
2903,10:52:40,$ 3352.35,100
2904,10:52:40,$ 3352.02,100
2905,10:52:37,$ 3351.14,100
2906,10:52:37,$ 3351.51,100
2907,10:52:36,$ 3351.77,100
2908,10:52:36,$ 3351.54,100
2909,10:52:36,$ 3352.24,138
2910,10:52:35,$ 3352.34,102
2911,10:52:35,$ 3350.92,135
2912,10:52:35,$ 3350.92,187
2913,10:52:29,$ 3350.5515,100
2914,10:52:24,$ 3350.03,100
2915,10:52:22,$ 3350.55,100
2916,10:52:20,$ 3350.515,300
2917,10:52:19,$ 3350.5742,100
2918,10:52:18,$ 3350.51,500
2919,10:52:17,$ 3350.285,100
2921,10:52:17,$ 3349.89,100
2922,10:52:17,$ 3349.99,100
2923,10:52:17,$ 3349.3701,430
2924,10:52:16,$ 3349.68,100
2925,10:52:15,$ 3350.00,100
2926,10:52:14,$ 3349.27,181
2927,10:52:12,$ 3349.56,100
2928,10:52:11,$ 3350.06,100
2929,10:52:11,$ 3351.03,100
2930,10:52:11,$ 3351.06,100
2931,10:52:11,$ 3350.98,100
2932,10:52:11,$ 3351.00,100
2933,10:52:11,$ 3350.81,100
2934,10:52:10,$ 3350.00,297
2935,10:52:10,$ 3350.00,700
2936,10:52:10,$ 3350.00,500
2937,10:52:10,$ 3350.00,100
2938,10:52:10,$ 3350.00,140
2939,10:52:10,$ 3350.00,100
2940,10:52:10,$ 3350.00,100
2942,10:52:10,$ 3349.95,100
2943,10:52:10,$ 3349.96,100
2944,10:52:10,$ 3349.97,100
2945,10:52:10,$ 3349.25,100
2946,10:52:10,$ 3349.20,100
2947,10:52:06,$ 3346.39,100
2948,10:52:00,$ 3346.36,100
2949,10:52:00,$ 3346.36,100
2950,10:51:59,$ 3346.728,100
2951,10:51:58,$ 3346.63,100
2952,10:51:58,$ 3346.70,100
2953,10:51:54,$ 3346.67,100
2954,10:51:47,$ 3347.10,100
2955,10:51:46,$ 3347.09,100
2956,10:51:45,$ 3347.32,149
2957,10:51:42,$ 3347.61,500
2958,10:51:42,$ 3347.10,123
2959,10:51:41,$ 3347.56,100
2960,10:51:41,$ 3348.15,100
2961,10:51:34,$ 3348.73,130
2963,10:51:34,$ 3348.73,100
2964,10:51:34,$ 3348.42,100
2965,10:51:34,$ 3348.275,100
2966,10:51:28,$ 3348.465,100
2967,10:51:23,$ 3348.00,100
2968,10:51:14,$ 3348.55,100
2969,10:51:14,$ 3348.60,100
2970,10:51:14,$ 3348.59,111
2971,10:51:14,$ 3348.59,111
2972,10:51:14,$ 3348.59,224
2973,10:51:14,$ 3348.59,112
2974,10:51:14,$ 3348.56,100
2975,10:51:14,$ 3348.56,131
2976,10:51:11,$ 3348.60,100
2977,10:51:11,$ 3349.00,100
2978,10:51:01,$ 3348.745,500
2979,10:51:00,$ 3348.97,100
2980,10:50:52,$ 3348.99,200
2981,10:50:52,$ 3348.98,138
2982,10:50:52,$ 3348.99,100
2984,10:50:51,$ 3348.14,300
2985,10:50:50,$ 3348.04,100
2986,10:50:50,$ 3348.05,100
2987,10:50:50,$ 3348.14,500
2988,10:50:49,$ 3347.29,100
2989,10:50:49,$ 3347.30,200
2990,10:50:49,$ 3347.48,100
2991,10:50:48,$ 3347.805,100
2992,10:50:48,$ 3347.692,200
2993,10:50:48,$ 3347.79,100
2994,10:50:48,$ 3348.17,100
2995,10:50:42,$ 3348.45,100
2996,10:50:41,$ 3348.64,100
2997,10:50:36,$ 3348.17,106
2998,10:50:34,$ 3348.525,"1,985"
2999,10:50:32,$ 3348.56,106
3000,10:50:32,$ 3348.56,115
3001,10:50:30,$ 3348.68,100
3002,10:50:29,$ 3348.43,100
3003,10:50:28,$ 3348.10,100
3005,10:50:28,$ 3348.02,100
3006,10:50:28,$ 3348.06,100
3007,10:50:23,$ 3347.555,100
3008,10:50:20,$ 3347.28,100
3009,10:50:20,$ 3347.38,100
3010,10:50:20,$ 3347.38,100
3011,10:50:19,$ 3347.28,100
3012,10:50:19,$ 3347.42,100
3013,10:50:13,$ 3347.085,500
3014,10:50:12,$ 3347.25,112
3015,10:50:12,$ 3347.25,112
3016,10:50:10,$ 3346.77,100
3017,10:50:09,$ 3347.08,100
3018,10:50:09,$ 3347.00,100
3019,10:50:09,$ 3346.63,100
3020,10:50:06,$ 3346.65,100
3021,10:49:59,$ 3346.37,100
3022,10:49:52,$ 3346.605,300
3023,10:49:49,$ 3346.3304,100
3024,10:49:48,$ 3346.80,100
3026,10:49:32,$ 3347.07,100
3027,10:49:32,$ 3347.4904,100
3028,10:49:28,$ 3347.50,100
3029,10:49:26,$ 3348.09,100
3030,10:49:22,$ 3347.23,118
3031,10:49:20,$ 3347.8704,100
3032,10:49:19,$ 3347.87,112
3033,10:49:17,$ 3347.79,100
3034,10:49:15,$ 3347.67,237
3035,10:49:15,$ 3347.67,129
3036,10:49:13,$ 3347.65,112
3037,10:49:11,$ 3347.73,100
3038,10:49:07,$ 3348.00,100
3039,10:49:03,$ 3348.00,100
3040,10:49:03,$ 3347.91,100
3041,10:49:02,$ 3347.5413,500
3042,10:49:02,$ 3347.23,100
3043,10:49:01,$ 3347.58,100
3044,10:49:00,$ 3347.58,100
3045,10:49:00,$ 3348.02,100
3047,10:49:00,$ 3347.6827,100
3048,10:48:56,$ 3347.855,100
3049,10:48:55,$ 3347.855,500
3050,10:48:54,$ 3347.58,100
3051,10:48:54,$ 3347.98,100
3052,10:48:53,$ 3347.98,100
3053,10:48:48,$ 3347.70,292
3054,10:48:46,$ 3347.855,100
3055,10:48:44,$ 3347.72,100
3056,10:48:44,$ 3347.56,100
3057,10:48:41,$ 3347.96,144
3058,10:48:35,$ 3348.35,100
3059,10:48:27,$ 3348.74,200
3060,10:48:24,$ 3348.175,100
3061,10:48:23,$ 3347.83,142
3062,10:48:20,$ 3348.20,100
3063,10:48:15,$ 3348.09,120
3064,10:48:14,$ 3347.71,100
3065,10:48:10,$ 3347.41,100
3066,10:48:04,$ 3348.02,100
3068,10:48:03,$ 3348.35,100
3069,10:48:03,$ 3348.33,100
3070,10:48:03,$ 3348.26,200
3071,10:48:03,$ 3347.93,100
3072,10:47:58,$ 3348.86,100
3073,10:47:53,$ 3348.54,100
3074,10:47:48,$ 3348.26,200
3075,10:47:37,$ 3349.24,200
3076,10:47:37,$ 3349.20,100
3077,10:47:37,$ 3348.36,412
3078,10:47:37,$ 3348.8111,119
3079,10:47:37,$ 3348.8111,100
3080,10:47:37,$ 3348.98,119
3081,10:47:36,$ 3349.2499,100
3082,10:47:34,$ 3349.15,100
3083,10:47:33,$ 3349.1499,100
3084,10:47:25,$ 3348.56,100
3085,10:47:23,$ 3348.0801,100
3086,10:47:22,$ 3348.55,112
3087,10:47:22,$ 3348.68,100
3089,10:47:22,$ 3348.58,100
3090,10:47:16,$ 3349.3893,100
3091,10:47:15,$ 3348.9649,100
3092,10:47:03,$ 3348.55,100
3093,10:47:03,$ 3348.55,100
3094,10:47:03,$ 3348.55,600
3095,10:47:02,$ 3349.085,100
3096,10:47:02,$ 3349.07,100
3097,10:47:01,$ 3348.0201,100
3098,10:46:55,$ 3347.93,100
3099,10:46:55,$ 3347.94,235
3100,10:46:49,$ 3348.5629,100
3101,10:46:46,$ 3348.19,100
3102,10:46:46,$ 3348.20,100
3103,10:46:41,$ 3348.925,650
3104,10:46:41,$ 3348.93,100
3105,10:46:41,$ 3348.80,100
3106,10:46:39,$ 3348.69,100
3107,10:46:36,$ 3349.30,200
3108,10:46:36,$ 3349.085,100
3110,10:46:36,$ 3349.37,100
3111,10:46:36,$ 3349.18,100
3112,10:46:36,$ 3348.76,100
3113,10:46:35,$ 3348.2598,200
3114,10:46:33,$ 3348.095,900
3115,10:46:33,$ 3348.41,100
3116,10:46:32,$ 3347.89,100
3117,10:46:32,$ 3348.04,100
3118,10:46:32,$ 3347.76,100
3119,10:46:26,$ 3347.32,300
3120,10:46:24,$ 3347.47,100
3121,10:46:24,$ 3347.48,100
3122,10:46:24,$ 3347.53,100
3123,10:46:24,$ 3346.93,100
3124,10:46:22,$ 3346.98,125
3125,10:46:22,$ 3347.43,100
3126,10:46:21,$ 3346.79,150
3127,10:46:16,$ 3346.535,100
3128,10:46:16,$ 3347.00,100
3129,10:46:15,$ 3347.4408,100
3131,10:46:13,$ 3346.855,100
3132,10:46:11,$ 3346.35,100
3133,10:46:11,$ 3346.39,100
3134,10:46:11,$ 3346.83,100
3135,10:46:02,$ 3346.37,100
3136,10:45:58,$ 3346.53,100
3137,10:45:54,$ 3346.735,300
3138,10:45:47,$ 3347.20,100
3139,10:45:47,$ 3347.82,100
3140,10:45:47,$ 3347.47,100
3141,10:45:47,$ 3346.62,100
3142,10:45:47,$ 3346.43,100
3143,10:45:47,$ 3346.57,100
3144,10:45:47,$ 3346.59,100
3145,10:45:46,$ 3345.64,100
3146,10:45:44,$ 3346.25,100
3147,10:45:44,$ 3346.25,100
3148,10:45:44,$ 3346.24,100
3149,10:45:39,$ 3346.72,100
3150,10:45:39,$ 3346.94,100
3152,10:45:39,$ 3346.98,100
3153,10:45:39,$ 3346.91,100
3154,10:45:39,$ 3346.88,100
3155,10:45:39,$ 3345.04,100
3156,10:45:39,$ 3345.00,100
3157,10:45:39,$ 3345.00,100
3158,10:45:39,$ 3345.00,100
3159,10:45:39,$ 3344.93,100
3160,10:45:39,$ 3344.91,100
3161,10:45:39,$ 3344.92,100
3162,10:45:37,$ 3344.0114,145
3163,10:45:27,$ 3343.75,100
3164,10:45:26,$ 3343.80,100
3165,10:45:26,$ 3343.98,310
3166,10:45:26,$ 3344.05,114
3167,10:45:24,$ 3344.6567,100
3168,10:45:19,$ 3344.37,100
3169,10:45:19,$ 3344.25,100
3170,10:45:16,$ 3344.29,100
3171,10:45:05,$ 3343.62,100
3173,10:45:05,$ 3343.30,300
3174,10:45:04,$ 3343.32,300
3175,10:44:59,$ 3343.36,100
3176,10:44:57,$ 3343.37,100
3177,10:44:56,$ 3343.665,100
3178,10:44:56,$ 3343.36,100
3179,10:44:56,$ 3343.5135,100
3180,10:44:56,$ 3343.37,100
3181,10:44:56,$ 3343.5135,100
3182,10:44:56,$ 3343.37,100
3183,10:44:54,$ 3343.46,100
3184,10:44:45,$ 3343.36,500
3185,10:44:40,$ 3343.25,100
3186,10:44:40,$ 3343.40,100
3187,10:44:40,$ 3343.40,100
3188,10:44:32,$ 3343.09,100
3189,10:44:32,$ 3343.27,100
3190,10:44:30,$ 3343.27,100
3191,10:44:30,$ 3343.27,100
3192,10:44:23,$ 3343.5208,200
3194,10:44:14,$ 3343.62,500
3195,10:44:11,$ 3343.93,400
3196,10:44:08,$ 3343.4998,150
3197,10:44:01,$ 3344.01,100
3198,10:44:01,$ 3344.01,100
3199,10:43:58,$ 3344.30,100
3200,10:43:58,$ 3344.17,110
3201,10:43:57,$ 3344.49,305
3202,10:43:57,$ 3344.3588,305
3203,10:43:57,$ 3344.2144,100
3204,10:43:52,$ 3344.215,100
3205,10:43:50,$ 3344.215,400
3206,10:43:50,$ 3344.215,400
3207,10:43:49,$ 3344.45,100
3208,10:43:47,$ 3343.98,100
3209,10:43:47,$ 3343.98,100
3210,10:43:47,$ 3343.85,100
3211,10:43:47,$ 3343.85,100
3212,10:43:47,$ 3343.85,300
3213,10:43:45,$ 3344.29,100
3215,10:43:45,$ 3344.28,100
3216,10:43:43,$ 3344.205,100
3217,10:43:41,$ 3343.88,500
3218,10:43:41,$ 3344.22,100
3219,10:43:41,$ 3344.07,100
3220,10:43:41,$ 3344.03,179
3221,10:43:40,$ 3344.07,100
3222,10:43:33,$ 3344.40,100
3223,10:43:29,$ 3344.03,149
3224,10:43:28,$ 3344.0304,100
3225,10:43:28,$ 3344.45,100
3226,10:43:26,$ 3344.845,100
3227,10:43:25,$ 3344.87,100
3228,10:43:22,$ 3344.41,100
3229,10:43:21,$ 3344.1425,100
3230,10:43:20,$ 3343.88,101
3231,10:43:20,$ 3343.70,100
3232,10:43:20,$ 3343.69,152
3233,10:43:17,$ 3343.63,400
3234,10:43:16,$ 3343.55,100
3236,10:43:15,$ 3343.1825,100
3237,10:43:14,$ 3343.035,100
3238,10:43:13,$ 3343.50,100
3239,10:43:13,$ 3343.19,400
3240,10:43:12,$ 3343.53,100
3241,10:43:11,$ 3343.56,200
3242,10:43:11,$ 3343.56,130
3243,10:43:11,$ 3343.3295,299
3244,10:43:11,$ 3343.33,100
3245,10:43:09,$ 3343.30,100
3246,10:43:08,$ 3343.00,600
3247,10:43:06,$ 3342.60,850
3248,10:43:06,$ 3342.97,250
3249,10:43:06,$ 3342.69,100
3250,10:43:04,$ 3342.46,100
3251,10:43:04,$ 3342.50,100
3252,10:43:03,$ 3342.005,100
3253,10:43:01,$ 3342.33,100
3254,10:43:01,$ 3341.98,100
3255,10:42:58,$ 3341.70,200
3257,10:42:53,$ 3341.63,100
3258,10:42:47,$ 3341.267,470
3259,10:42:45,$ 3341.14,100
3260,10:42:44,$ 3340.974,200
3261,10:42:36,$ 3340.54,600
3262,10:42:36,$ 3340.54,100
3263,10:42:35,$ 3340.37,100
3264,10:42:27,$ 3341.49,500
3265,10:42:26,$ 3341.13,150
3266,10:42:19,$ 3341.425,100
3267,10:42:16,$ 3342.325,100
3268,10:42:10,$ 3341.9099,400
3269,10:42:08,$ 3341.345,100
3270,10:42:07,$ 3341.33,300
3271,10:42:05,$ 3341.40,100
3272,10:42:05,$ 3341.19,100
3273,10:42:05,$ 3341.19,200
3274,10:41:52,$ 3341.295,500
3275,10:41:49,$ 3341.25,100
3276,10:41:46,$ 3341.03,100
3278,10:41:46,$ 3341.04,102
3279,10:41:44,$ 3341.50,310
3280,10:41:40,$ 3341.92,100
3281,10:41:39,$ 3341.305,100
3282,10:41:37,$ 3340.64,100
3283,10:41:37,$ 3340.575,100
3284,10:41:36,$ 3340.375,100
3285,10:41:26,$ 3340.63,100
3286,10:41:25,$ 3339.59,200
3287,10:41:25,$ 3340.17,100
3288,10:41:25,$ 3339.59,460
3289,10:41:24,$ 3340.19,100
3290,10:41:22,$ 3340.09,100
3291,10:41:22,$ 3339.61,100
3292,10:41:22,$ 3339.88,100
3293,10:41:22,$ 3339.90,100
3294,10:41:22,$ 3339.90,254
3295,10:41:22,$ 3339.90,107
3296,10:41:22,$ 3339.55,100
3297,10:41:22,$ 3339.67,100
3299,10:41:22,$ 3339.73,100
3300,10:41:22,$ 3339.77,100
3301,10:41:15,$ 3339.58,100
3302,10:41:15,$ 3339.335,100
3303,10:41:14,$ 3338.7501,100
3304,10:41:05,$ 3339.35,200
3305,10:41:03,$ 3339.35,100
3306,10:41:01,$ 3339.445,100
3307,10:41:00,$ 3340.365,100
3308,10:41:00,$ 3339.00,100
3309,10:41:00,$ 3339.03,100
3310,10:41:00,$ 3339.03,100
3311,10:41:00,$ 3339.03,100
3312,10:41:00,$ 3339.03,100
3313,10:41:00,$ 3339.70,100
3314,10:41:00,$ 3339.96,100
3315,10:40:59,$ 3340.36,150
3316,10:40:56,$ 3340.82,100
3317,10:40:56,$ 3340.81,100
3318,10:40:56,$ 3340.80,100
3320,10:40:56,$ 3340.80,107
3321,10:40:56,$ 3341.285,200
3322,10:40:53,$ 3341.31,100
3323,10:40:49,$ 3341.31,149
3324,10:40:48,$ 3341.31,100
3325,10:40:37,$ 3341.83,100
3326,10:40:34,$ 3342.32,100
3327,10:40:19,$ 3343.48,100
3328,10:40:19,$ 3342.64,106
3329,10:40:15,$ 3342.51,100
3330,10:40:15,$ 3342.2935,273
3331,10:40:14,$ 3342.635,100
3332,10:40:11,$ 3342.635,500
3333,10:40:10,$ 3342.62,100
3334,10:40:09,$ 3343.00,220
3335,10:40:09,$ 3343.025,100
3336,10:40:07,$ 3342.5401,200
3337,10:40:07,$ 3343.07,100
3338,10:40:04,$ 3343.135,100
3339,10:40:04,$ 3343.77,100
3341,10:40:02,$ 3343.01,100
3342,10:40:02,$ 3343.04,100
3343,10:40:00,$ 3342.37,100
3344,10:39:59,$ 3341.82,500
3345,10:39:58,$ 3343.5199,100
3346,10:39:57,$ 3343.45,100
3347,10:39:56,$ 3343.2183,150
3348,10:39:55,$ 3343.44,100
3349,10:39:53,$ 3343.45,100
3350,10:39:50,$ 3343.215,100
3351,10:39:50,$ 3342.92,100
3352,10:39:49,$ 3342.9808,100
3353,10:39:49,$ 3343.14,100
3354,10:39:49,$ 3343.31,100
3355,10:39:49,$ 3342.96,500
3356,10:39:48,$ 3342.61,100
3357,10:39:45,$ 3343.33,100
3358,10:39:45,$ 3343.32,150
3359,10:39:45,$ 3343.23,100
3360,10:39:39,$ 3343.44,100
3362,10:39:39,$ 3343.45,100
3363,10:39:37,$ 3343.05,100
3364,10:39:37,$ 3343.53,250
3365,10:39:35,$ 3343.5499,100
3366,10:39:33,$ 3343.1117,100
3367,10:39:31,$ 3343.33,100
3368,10:39:31,$ 3343.32,100
3369,10:39:31,$ 3342.00,124
3370,10:39:27,$ 3341.45,100
3371,10:39:25,$ 3341.751,100
3372,10:39:23,$ 3342.56,100
3373,10:39:22,$ 3341.50,100
3374,10:39:18,$ 3342.4423,100
3375,10:39:16,$ 3341.96,195
3376,10:39:12,$ 3342.61,100
3377,10:39:11,$ 3342.00,100
3378,10:39:06,$ 3341.4286,225
3379,10:39:02,$ 3341.2756,100
3380,10:39:00,$ 3341.00,100
3381,10:38:59,$ 3340.78,100
3383,10:38:59,$ 3340.68,150
3384,10:38:59,$ 3340.68,350
3385,10:38:59,$ 3340.6899,225
3386,10:38:55,$ 3340.08,100
3387,10:38:54,$ 3340.42,100
3388,10:38:52,$ 3340.00,"1,100"
3389,10:38:47,$ 3340.13,150
3390,10:38:45,$ 3339.855,100
3391,10:38:43,$ 3340.27,500
3392,10:38:43,$ 3339.99,400
3393,10:38:43,$ 3340.00,228
3394,10:38:43,$ 3339.99,100
3395,10:38:43,$ 3339.99,100
3396,10:38:42,$ 3339.93,100
3397,10:38:42,$ 3339.95,100
3398,10:38:42,$ 3339.39,100
3399,10:38:41,$ 3339.39,100
3400,10:38:33,$ 3339.01,124
3401,10:38:33,$ 3339.09,100
3402,10:38:33,$ 3338.86,100
3404,10:38:32,$ 3339.49,400
3405,10:38:31,$ 3339.475,100
3406,10:38:30,$ 3339.71,100
3407,10:38:29,$ 3339.75,100
3408,10:38:28,$ 3339.49,100
3409,10:38:28,$ 3339.3202,200
3410,10:38:28,$ 3339.87,100
3411,10:38:28,$ 3339.99,100
3412,10:38:28,$ 3339.42,100
3413,10:38:28,$ 3339.42,100
3414,10:38:27,$ 3339.11,100
3415,10:38:27,$ 3339.20,400
3416,10:38:27,$ 3339.21,121
3417,10:38:27,$ 3339.21,100
3418,10:38:26,$ 3339.09,100
3419,10:38:20,$ 3339.09,100
3420,10:38:19,$ 3339.1409,"1,100"
3421,10:38:19,$ 3339.00,100
3422,10:38:19,$ 3339.00,101
3423,10:38:18,$ 3338.24,100
3425,10:38:18,$ 3338.24,100
3426,10:38:18,$ 3338.92,100
3427,10:38:17,$ 3338.48,200
3428,10:38:17,$ 3338.48,100
3429,10:38:17,$ 3338.43,100
3430,10:38:17,$ 3338.50,100
3431,10:38:17,$ 3338.36,100
3432,10:38:17,$ 3338.47,100
3433,10:38:17,$ 3338.47,100
3434,10:38:15,$ 3338.07,100
3435,10:38:12,$ 3337.87,100
3436,10:38:12,$ 3337.8283,100
3437,10:38:09,$ 3337.81,100
3438,10:38:07,$ 3337.49,101
3439,10:38:06,$ 3336.885,250
3440,10:38:04,$ 3337.49,100
3441,10:38:04,$ 3336.89,100
3442,10:38:01,$ 3337.50,100
3443,10:38:00,$ 3337.00,100
3444,10:38:00,$ 3336.97,100
3446,10:38:00,$ 3336.97,100
3447,10:38:00,$ 3336.97,100
3448,10:38:00,$ 3337.00,100
3449,10:37:51,$ 3336.585,500
3450,10:37:50,$ 3336.47,100
3451,10:37:31,$ 3335.69,100
3452,10:37:18,$ 3334.98,100
3453,10:37:13,$ 3335.05,100
3454,10:37:13,$ 3335.01,100
3455,10:37:13,$ 3335.15,100
3456,10:37:06,$ 3335.53,100
3457,10:37:05,$ 3335.07,208
3458,10:37:05,$ 3335.07,167
3459,10:37:05,$ 3335.38,100
3460,10:37:05,$ 3335.35,100
3461,10:37:03,$ 3335.60,100
3462,10:37:03,$ 3335.60,100
3463,10:36:59,$ 3336.535,100
3464,10:36:52,$ 3334.72,100
3465,10:36:52,$ 3334.74,100
3467,10:36:52,$ 3334.75,360
3468,10:36:52,$ 3334.75,100
3469,10:36:52,$ 3334.75,200
3470,10:36:49,$ 3334.42,100
3471,10:36:49,$ 3334.66,100
3472,10:36:49,$ 3334.71,100
3473,10:36:49,$ 3334.79,100
3474,10:36:46,$ 3335.15,400
3475,10:36:46,$ 3335.15,400
3476,10:36:46,$ 3335.16,100
3477,10:36:42,$ 3335.51,100
3478,10:36:42,$ 3334.94,100
3479,10:36:42,$ 3334.98,100
3480,10:36:41,$ 3334.97,100
3481,10:36:41,$ 3335.01,100
3482,10:36:36,$ 3334.35,100
3483,10:36:34,$ 3335.40,100
3484,10:36:34,$ 3335.686,150
3485,10:36:33,$ 3335.86,100
3486,10:36:32,$ 3334.8939,100
3488,10:36:31,$ 3335.3652,100
3489,10:36:31,$ 3335.3275,100
3490,10:36:30,$ 3334.88,100
3491,10:36:30,$ 3335.56,100
3492,10:36:30,$ 3335.56,100
3493,10:36:30,$ 3335.20,100
3494,10:36:30,$ 3335.09,100
3495,10:36:30,$ 3336.28,100
3496,10:36:30,$ 3336.26,100
3497,10:36:29,$ 3335.89,100
3498,10:36:27,$ 3336.10,100
3499,10:36:26,$ 3336.245,100
3500,10:36:18,$ 3336.07,100
3501,10:36:17,$ 3336.53,100
3502,10:36:17,$ 3336.0613,299
3503,10:36:17,$ 3336.061,100
3504,10:36:17,$ 3336.19,100
3505,10:36:17,$ 3336.08,100
3506,10:36:16,$ 3336.58,119
3507,10:36:16,$ 3336.21,100
3509,10:36:16,$ 3336.21,100
3510,10:36:16,$ 3336.51,100
3511,10:36:16,$ 3336.75,100
3512,10:36:13,$ 3337.19,176
3513,10:36:12,$ 3337.79,100
3514,10:36:12,$ 3337.77,100
3515,10:36:09,$ 3337.8097,100
3516,10:36:04,$ 3337.84,400
3517,10:36:04,$ 3338.7285,100
3518,10:35:59,$ 3338.62,100
3519,10:35:58,$ 3337.86,300
3520,10:35:53,$ 3339.20,100
3521,10:35:53,$ 3338.01,249
3522,10:35:52,$ 3338.86,100
3523,10:35:52,$ 3339.59,100
3524,10:35:50,$ 3339.20,100
3525,10:35:49,$ 3339.4783,100
3526,10:35:47,$ 3339.59,100
3527,10:35:47,$ 3339.98,100
3528,10:35:47,$ 3339.93,100
3530,10:35:47,$ 3339.78,100
3531,10:35:47,$ 3339.78,100
3532,10:35:47,$ 3339.02,102
3533,10:35:47,$ 3339.08,100
3534,10:35:47,$ 3339.15,112
3535,10:35:44,$ 3339.91,100
3536,10:35:43,$ 3339.35,100
3537,10:35:43,$ 3339.24,100
3538,10:35:43,$ 3339.25,100
3539,10:35:42,$ 3339.00,200
3540,10:35:42,$ 3339.00,100
3541,10:35:42,$ 3338.65,100
3542,10:35:41,$ 3338.38,133
3543,10:35:39,$ 3337.75,100
3544,10:35:38,$ 3337.475,100
3545,10:35:38,$ 3337.37,100
3546,10:35:38,$ 3337.645,100
3547,10:35:38,$ 3337.64,400
3548,10:35:38,$ 3337.70,"1,000"
3549,10:35:37,$ 3337.53,100
3551,10:35:37,$ 3337.48,100
3552,10:35:37,$ 3337.43,100
3553,10:35:35,$ 3337.67,100
3554,10:35:35,$ 3337.64,100
3555,10:35:32,$ 3337.62,100
3556,10:35:30,$ 3337.2025,100
3557,10:35:27,$ 3337.16,100
3558,10:35:27,$ 3337.10,100
3559,10:35:24,$ 3337.57,100
3560,10:35:23,$ 3337.63,100
3561,10:35:23,$ 3337.63,196
3562,10:35:23,$ 3337.60,100
3563,10:35:23,$ 3337.63,100
3564,10:35:21,$ 3336.91,100
3565,10:35:21,$ 3337.11,200
3566,10:35:21,$ 3336.76,100
3567,10:35:20,$ 3336.78,109
3568,10:35:20,$ 3336.76,100
3569,10:35:20,$ 3335.25,100
3570,10:35:19,$ 3336.76,100
3572,10:35:19,$ 3336.77,100
3573,10:35:17,$ 3335.3522,360
3574,10:35:17,$ 3335.7083,100
3575,10:35:17,$ 3335.7083,160
3576,10:35:17,$ 3336.03,100
3577,10:35:17,$ 3336.27,160
3578,10:35:16,$ 3335.92,100
3579,10:35:16,$ 3336.19,100
3580,10:35:16,$ 3336.21,100
3581,10:35:16,$ 3336.28,100
3582,10:35:16,$ 3336.23,100
3583,10:35:16,$ 3336.28,100
3584,10:35:13,$ 3336.40,100
3585,10:35:12,$ 3336.75,100
3586,10:35:12,$ 3336.505,100
3587,10:35:09,$ 3336.06,300
3588,10:35:09,$ 3335.98,100
3589,10:35:07,$ 3335.815,"1,500"
3590,10:35:07,$ 3335.825,100
3591,10:35:06,$ 3336.20,100
3593,10:35:06,$ 3336.20,300
3594,10:35:04,$ 3335.14,100
3595,10:35:03,$ 3335.54,165
3596,10:35:02,$ 3335.51,100
3597,10:35:02,$ 3335.43,100
3598,10:35:02,$ 3335.51,100
3599,10:35:02,$ 3335.51,100
3600,10:35:02,$ 3335.31,100
3601,10:35:02,$ 3335.38,200
3602,10:35:02,$ 3334.94,100
3603,10:35:01,$ 3335.00,100
3604,10:35:01,$ 3334.91,100
3605,10:35:01,$ 3335.00,100
3606,10:35:00,$ 3334.778,100
3607,10:35:00,$ 3334.73,100
3608,10:35:00,$ 3334.73,100
3609,10:35:00,$ 3334.75,100
3610,10:35:00,$ 3334.75,100
3611,10:35:00,$ 3334.90,100
3612,10:35:00,$ 3334.31,205
3614,10:34:59,$ 3334.685,100
3615,10:34:59,$ 3334.54,100
3616,10:34:58,$ 3334.47,100
3617,10:34:56,$ 3334.1813,400
3618,10:34:53,$ 3332.94,100
3619,10:34:53,$ 3333.31,100
3620,10:34:52,$ 3332.92,100
3621,10:34:52,$ 3332.84,100
3622,10:34:49,$ 3332.53,400
3623,10:34:46,$ 3332.15,114
3624,10:34:46,$ 3332.71,100
3625,10:34:40,$ 3332.79,100
3626,10:34:40,$ 3332.81,100
3627,10:34:36,$ 3332.17,100
3628,10:34:36,$ 3332.17,111
3629,10:34:35,$ 3331.77,100
3630,10:34:32,$ 3332.14,100
3631,10:34:32,$ 3332.1699,100
3632,10:34:30,$ 3331.61,100
3633,10:34:30,$ 3331.68,100
3635,10:34:30,$ 3331.94,100
3636,10:34:29,$ 3331.7382,100
3637,10:34:29,$ 3332.00,100
3638,10:34:27,$ 3331.755,300
3639,10:34:26,$ 3331.62,100
3640,10:34:26,$ 3331.5204,100
3641,10:34:26,$ 3331.53,115
3642,10:34:26,$ 3331.555,100
3643,10:34:25,$ 3331.88,100
3644,10:34:25,$ 3331.53,100
3645,10:34:23,$ 3331.52,272
3646,10:34:23,$ 3331.52,148
3647,10:34:23,$ 3331.25,100
3648,10:34:23,$ 3331.86,100
3649,10:34:22,$ 3331.44,100
3650,10:34:15,$ 3330.81,100
3651,10:34:15,$ 3330.53,100
3652,10:34:15,$ 3330.61,100
3653,10:34:14,$ 3330.35,100
3654,10:34:14,$ 3330.00,100
3656,10:34:12,$ 3329.575,100
3657,10:34:12,$ 3329.58,100
3658,10:34:12,$ 3329.58,100
3659,10:34:10,$ 3329.43,100
3660,10:34:09,$ 3329.85,100
3661,10:34:08,$ 3329.37,100
3662,10:34:08,$ 3329.37,380
3663,10:34:08,$ 3329.37,113
3664,10:34:08,$ 3329.56,100
3665,10:34:08,$ 3329.43,100
3666,10:34:08,$ 3329.50,245
3667,10:34:08,$ 3329.43,100
3668,10:34:05,$ 3329.415,100
3669,10:34:05,$ 3329.37,100
3670,10:34:03,$ 3329.12,100
3671,10:34:02,$ 3328.91,100
3672,10:33:54,$ 3328.86,100
3673,10:33:53,$ 3328.9999,100
3674,10:33:53,$ 3328.56,100
3675,10:33:51,$ 3328.81,100
3677,10:33:50,$ 3328.59,187
3678,10:33:50,$ 3328.86,100
3679,10:33:49,$ 3328.69,136
3680,10:33:48,$ 3328.69,100
3681,10:33:47,$ 3328.2774,264
3682,10:33:47,$ 3327.975,200
3683,10:33:43,$ 3327.7261,100
3684,10:33:41,$ 3327.73,100
3685,10:33:40,$ 3327.99,100
3686,10:33:40,$ 3327.99,100
3687,10:33:38,$ 3328.13,112
3688,10:33:38,$ 3328.13,163
3689,10:33:38,$ 3328.13,100
3690,10:33:37,$ 3328.304,100
3691,10:33:37,$ 3328.30,100
3692,10:33:37,$ 3328.01,100
3693,10:33:37,$ 3328.38,100
3694,10:33:31,$ 3327.99,100
3695,10:33:30,$ 3327.575,500
3696,10:33:28,$ 3327.32,100
3698,10:33:25,$ 3327.36,100
3699,10:33:24,$ 3327.41,100
3700,10:33:20,$ 3326.90,100
3701,10:33:20,$ 3326.65,100
3702,10:33:17,$ 3326.81,100
3703,10:33:17,$ 3326.6499,100
3704,10:33:15,$ 3327.02,100
3705,10:33:15,$ 3326.84,100
3706,10:33:14,$ 3327.51,100
3707,10:33:13,$ 3326.91,100
3708,10:33:12,$ 3327.50,100
3709,10:33:11,$ 3326.93,100
3710,10:33:11,$ 3327.02,100
3711,10:33:11,$ 3327.01,150
3712,10:33:11,$ 3327.01,100
3713,10:33:11,$ 3327.41,100
3714,10:33:10,$ 3327.15,100
3715,10:33:09,$ 3327.00,455
3716,10:33:02,$ 3326.57,100
3717,10:33:02,$ 3326.19,196
3719,10:33:01,$ 3326.175,100
3720,10:33:01,$ 3325.965,100
3721,10:33:00,$ 3326.215,100
3722,10:32:59,$ 3326.155,100
3723,10:32:58,$ 3326.41,100
3724,10:32:58,$ 3326.44,102
3725,10:32:58,$ 3326.50,100
3726,10:32:58,$ 3325.68,100
3727,10:32:57,$ 3325.00,245
3728,10:32:56,$ 3324.565,160
3729,10:32:56,$ 3324.48,100
3730,10:32:47,$ 3324.19,100
3731,10:32:42,$ 3323.58,100
3732,10:32:41,$ 3323.79,100
3733,10:32:41,$ 3323.84,100
3734,10:32:38,$ 3323.97,100
3735,10:32:38,$ 3324.03,100
3736,10:32:32,$ 3323.60,100
3737,10:32:32,$ 3323.60,100
3738,10:32:32,$ 3323.64,100
3740,10:32:30,$ 3324.12,100
3741,10:32:30,$ 3324.01,100
3742,10:32:28,$ 3323.63,100
3743,10:32:28,$ 3323.63,100
3744,10:32:26,$ 3323.605,100
3745,10:32:22,$ 3323.78,100
3746,10:32:21,$ 3323.85,100
3747,10:32:10,$ 3324.01,100
3748,10:32:10,$ 3323.81,100
3749,10:32:02,$ 3323.62,100
3750,10:31:59,$ 3323.58,100
3751,10:31:47,$ 3323.38,200
3752,10:31:46,$ 3323.29,100
3753,10:31:46,$ 3323.28,100
3754,10:31:46,$ 3323.37,100
3755,10:31:45,$ 3323.43,100
3756,10:31:43,$ 3323.58,100
3757,10:31:37,$ 3323.97,100
3758,10:31:27,$ 3323.96,100
3759,10:31:26,$ 3324.03,100
3761,10:31:25,$ 3323.94,100
3762,10:31:20,$ 3323.91,100
3763,10:31:19,$ 3323.92,100
3764,10:31:17,$ 3323.63,100
3765,10:31:10,$ 3323.66,100
3766,10:31:10,$ 3323.54,100
3767,10:31:05,$ 3322.82,100
3768,10:31:04,$ 3322.48,100
3769,10:31:02,$ 3323.33,100
3770,10:31:01,$ 3323.005,100
3771,10:30:59,$ 3322.85,100
3772,10:30:52,$ 3323.185,100
3773,10:30:52,$ 3323.17,162
3774,10:30:52,$ 3323.24,100
3775,10:30:52,$ 3323.17,100
3776,10:30:52,$ 3323.18,100
3777,10:30:50,$ 3323.50,100
3778,10:30:44,$ 3323.39,100
3779,10:30:43,$ 3324.44,100
3780,10:30:42,$ 3323.2171,250
3782,10:30:37,$ 3322.97,100
3783,10:30:30,$ 3322.17,100
3784,10:30:30,$ 3322.20,100
3785,10:30:26,$ 3322.62,120
3786,10:30:23,$ 3322.64,100
3787,10:30:18,$ 3321.62,100
3788,10:30:15,$ 3321.1206,100
3789,10:30:11,$ 3320.47,100
3790,10:30:11,$ 3320.50,100
3791,10:30:06,$ 3320.195,100
3792,10:30:01,$ 3319.78,100
3794,11:29:58,$ 3377.87,125
3795,11:29:57,$ 3377.8701,200
3796,11:29:48,$ 3378.2504,125
3797,11:29:46,$ 3377.775,100
3798,11:29:46,$ 3377.6059,125
3799,11:29:38,$ 3377.29,100
3800,11:29:38,$ 3377.93,100
3801,11:29:37,$ 3378.4174,100
3802,11:29:36,$ 3377.95,100
3803,11:29:35,$ 3378.14,100
3804,11:29:13,$ 3378.22,100
3805,11:29:01,$ 3377.87,100
3806,11:29:01,$ 3377.87,100
3807,11:29:01,$ 3377.8387,100
3808,11:29:00,$ 3377.75,100
3809,11:29:00,$ 3377.74,100
3810,11:29:00,$ 3377.22,100
3811,11:29:00,$ 3377.42,100
3812,11:29:00,$ 3378.00,100
3813,11:28:54,$ 3377.47,100
3815,11:28:50,$ 3377.4601,200
3816,11:28:49,$ 3378.01,100
3817,11:28:43,$ 3378.40,100
3818,11:28:34,$ 3378.00,153
3819,11:28:25,$ 3378.59,100
3820,11:28:24,$ 3379.1596,100
3821,11:28:21,$ 3379.00,212
3822,11:28:21,$ 3379.00,112
3823,11:28:21,$ 3379.00,112
3824,11:28:21,$ 3378.88,100
3825,11:28:21,$ 3378.87,100
3826,11:28:21,$ 3378.8775,100
3827,11:28:21,$ 3378.83,100
3828,11:28:20,$ 3378.43,100
3829,11:28:19,$ 3378.83,100
3830,11:28:18,$ 3378.88,100
3831,11:28:06,$ 3378.03,100
3832,11:28:05,$ 3378.57,100
3833,11:28:05,$ 3378.67,100
3834,11:27:58,$ 3379.23,100
3836,11:27:54,$ 3378.70,100
3837,11:27:54,$ 3378.75,100
3838,11:27:54,$ 3378.74,100
3839,11:27:54,$ 3378.72,100
3840,11:27:54,$ 3379.54,100
3841,11:27:54,$ 3379.53,100
3842,11:27:38,$ 3379.97,100
3843,11:27:38,$ 3379.97,100
3844,11:27:38,$ 3379.75,100
3845,11:27:38,$ 3379.97,100
3846,11:27:38,$ 3379.98,100
3847,11:27:36,$ 3379.76,100
3848,11:27:36,$ 3380.05,100
3849,11:27:36,$ 3380.02,100
3850,11:27:36,$ 3380.00,120
3851,11:27:16,$ 3379.7101,125
3852,11:27:11,$ 3380.64,100
3853,11:27:03,$ 3381.60,100
3854,11:26:57,$ 3381.445,100
3855,11:26:50,$ 3381.80,100
3857,11:26:50,$ 3381.80,457
