,NLS Time (ET),NLS Price,NLS Share Volume
1,09:59:59,$ 3362.40,100
2,09:59:54,$ 3362.26,100
3,09:59:54,$ 3362.00,100
4,09:59:49,$ 3362.745,500
5,09:59:42,$ 3361.2288,700
6,09:59:41,$ 3361.72,500
7,09:59:40,$ 3362.31,100
8,09:59:39,$ 3362.32,100
9,09:58:59,$ 3363.09,100
10,09:58:48,$ 3363.30,500
11,09:58:43,$ 3364.12,100
12,09:58:42,$ 3363.29,100
13,09:58:42,$ 3364.06,100
14,09:58:41,$ 3364.51,100
15,09:58:41,$ 3364.50,100
16,09:58:41,$ 3364.50,100
17,09:58:40,$ 3365.5096,100
18,09:58:39,$ 3364.8599,100
19,09:58:32,$ 3364.7124,500
20,09:58:15,$ 3363.81,100
22,09:58:14,$ 3364.00,100
23,09:58:13,$ 3365.00,100
24,09:58:13,$ 3365.07,100
25,09:58:12,$ 3365.06,100
26,09:58:09,$ 3366.26,100
27,09:58:08,$ 3366.105,100
28,09:58:05,$ 3366.52,100
29,09:58:05,$ 3366.81,100
30,09:58:05,$ 3366.92,100
31,09:58:05,$ 3367.42,100
32,09:58:05,$ 3367.42,100
33,09:58:00,$ 3365.70,100
34,09:58:00,$ 3365.92,100
35,09:58:00,$ 3365.92,100
36,09:58:00,$ 3366.00,200
37,09:58:00,$ 3366.00,100
38,09:58:00,$ 3366.00,100
39,09:57:59,$ 3365.05,100
40,09:57:45,$ 3367.48,100
41,09:57:30,$ 3365.84,100
43,09:57:29,$ 3366.51,100
44,09:57:29,$ 3367.25,100
45,09:57:25,$ 3366.81,100
46,09:57:25,$ 3367.00,200
47,09:57:22,$ 3367.14,100
48,09:57:22,$ 3368.0433,100
49,09:57:20,$ 3368.16,100
50,09:57:19,$ 3367.09,100
51,09:57:19,$ 3368.91,500
52,09:57:11,$ 3369.27,500
53,09:57:06,$ 3370.19,100
54,09:56:48,$ 3371.27,100
55,09:56:48,$ 3371.27,100
56,09:56:48,$ 3371.28,100
57,09:56:36,$ 3372.6321,100
58,09:56:34,$ 3373.26,100
59,09:56:34,$ 3373.26,100
60,09:56:34,$ 3373.29,100
61,09:56:29,$ 3374.54,100
62,09:56:02,$ 3372.4817,300
64,09:55:58,$ 3371.50,100
65,09:55:55,$ 3371.76,100
66,09:55:55,$ 3371.50,200
67,09:55:52,$ 3371.00,100
68,09:55:52,$ 3371.01,100
69,09:55:49,$ 3371.80,100
70,09:55:43,$ 3370.75,125
71,09:55:41,$ 3369.46,100
72,09:55:40,$ 3372.02,100
73,09:55:35,$ 3373.22,100
74,09:55:26,$ 3372.0201,120
75,09:55:24,$ 3372.7446,100
76,09:55:22,$ 3373.01,100
77,09:55:18,$ 3372.60,100
78,09:55:14,$ 3371.1158,100
79,09:55:13,$ 3371.00,100
80,09:55:08,$ 3370.01,100
81,09:55:02,$ 3371.23,100
82,09:55:01,$ 3370.32,100
83,09:55:00,$ 3370.335,100
85,09:54:56,$ 3369.66,100
86,09:54:56,$ 3369.64,100
87,09:54:51,$ 3372.5699,118
88,09:54:39,$ 3371.78,100
89,09:54:32,$ 3371.97,100
90,09:54:25,$ 3371.50,100
91,09:54:25,$ 3370.41,100
92,09:54:24,$ 3371.08,100
93,09:54:24,$ 3370.8844,100
94,09:54:17,$ 3370.21,100
95,09:54:16,$ 3370.725,100
96,09:54:16,$ 3371.4899,500
97,09:54:16,$ 3369.95,100
98,09:54:13,$ 3370.00,100
99,09:54:13,$ 3370.00,100
100,09:54:13,$ 3371.82,100
101,09:54:13,$ 3372.71,100
102,09:54:12,$ 3372.60,100
103,09:54:03,$ 3372.89,100
104,09:53:59,$ 3374.00,100
106,09:53:46,$ 3373.00,100
107,09:53:39,$ 3373.9099,100
108,09:53:38,$ 3373.235,100
109,09:53:35,$ 3373.81,100
110,09:53:32,$ 3373.965,100
111,09:53:32,$ 3373.49,100
112,09:53:32,$ 3373.49,100
113,09:53:19,$ 3373.49,100
114,09:53:17,$ 3372.80,100
115,09:53:17,$ 3372.00,100
116,09:53:17,$ 3372.00,100
117,09:53:16,$ 3372.98,100
118,09:53:16,$ 3372.99,181
119,09:53:16,$ 3372.99,100
120,09:53:06,$ 3374.12,100
121,09:53:01,$ 3374.125,100
122,09:52:53,$ 3375.047,100
123,09:52:51,$ 3375.245,100
124,09:52:49,$ 3375.285,100
125,09:52:47,$ 3375.00,100
127,09:52:46,$ 3376.055,100
128,09:52:45,$ 3376.54,100
129,09:52:43,$ 3376.09,100
130,09:52:38,$ 3376.70,100
131,09:52:37,$ 3375.46,200
132,09:52:36,$ 3376.61,100
133,09:52:35,$ 3376.00,100
134,09:52:34,$ 3375.00,100
135,09:52:32,$ 3375.00,100
136,09:52:30,$ 3374.0411,100
137,09:52:29,$ 3375.00,100
138,09:52:26,$ 3374.91,100
139,09:52:25,$ 3374.57,100
140,09:52:24,$ 3373.36,100
141,09:52:24,$ 3373.75,100
142,09:52:20,$ 3372.4552,100
143,09:52:20,$ 3373.28,100
144,09:52:09,$ 3373.00,100
145,09:52:08,$ 3372.28,100
146,09:52:08,$ 3371.96,100
148,09:52:08,$ 3371.99,100
149,09:52:02,$ 3371.405,118
150,09:51:59,$ 3371.5856,450
151,09:51:53,$ 3371.51,100
152,09:51:53,$ 3371.82,100
153,09:51:49,$ 3371.01,100
154,09:51:49,$ 3371.01,100
155,09:51:32,$ 3371.05,100
156,09:51:32,$ 3371.05,100
157,09:51:32,$ 3371.05,186
158,09:51:32,$ 3371.06,100
159,09:51:11,$ 3370.00,129
160,09:51:08,$ 3370.00,100
161,09:51:06,$ 3369.99,187
162,09:51:06,$ 3369.355,100
163,09:51:04,$ 3369.3901,100
164,09:50:49,$ 3371.675,100
165,09:50:48,$ 3371.49,100
166,09:50:48,$ 3371.185,100
167,09:50:48,$ 3371.185,100
169,09:50:47,$ 3371.545,100
170,09:50:47,$ 3371.605,100
171,09:50:47,$ 3371.65,100
172,09:50:47,$ 3372.255,100
173,09:50:46,$ 3372.25,100
174,09:50:43,$ 3372.255,100
175,09:50:41,$ 3372.98,100
176,09:50:38,$ 3372.235,100
177,09:50:38,$ 3371.6507,150
178,09:50:28,$ 3371.49,197
179,09:50:28,$ 3371.16,100
180,09:50:26,$ 3370.905,100
181,09:50:14,$ 3372.37,100
182,09:50:14,$ 3372.37,143
183,09:50:14,$ 3372.37,100
184,09:50:14,$ 3372.37,100
185,09:50:14,$ 3372.37,100
186,09:50:05,$ 3372.32,100
187,09:50:00,$ 3370.705,100
188,09:50:00,$ 3370.705,100
190,09:49:53,$ 3370.54,131
191,09:49:52,$ 3371.06,100
192,09:49:47,$ 3370.58,100
193,09:49:47,$ 3370.55,100
194,09:49:46,$ 3370.585,100
195,09:49:46,$ 3370.575,100
196,09:49:41,$ 3371.71,125
197,09:49:39,$ 3370.56,100
198,09:49:38,$ 3370.92,100
199,09:49:38,$ 3370.34,100
200,09:49:38,$ 3371.01,100
201,09:49:38,$ 3370.92,100
202,09:49:37,$ 3370.9201,100
203,09:49:34,$ 3370.92,191
204,09:49:33,$ 3370.70,100
205,09:49:15,$ 3372.02,100
206,09:49:15,$ 3372.02,100
207,09:49:14,$ 3371.82,100
208,09:49:14,$ 3372.34,100
209,09:49:07,$ 3371.87,172
211,09:49:03,$ 3372.34,100
212,09:49:03,$ 3370.995,100
213,09:49:03,$ 3370.97,100
214,09:49:01,$ 3372.37,100
215,09:48:59,$ 3371.0856,100
216,09:48:57,$ 3372.121,250
217,09:48:49,$ 3373.48,100
218,09:48:49,$ 3373.48,100
219,09:48:33,$ 3372.89,105
220,09:48:32,$ 3374.0671,100
221,09:48:24,$ 3374.625,100
222,09:48:24,$ 3374.00,228
223,09:48:24,$ 3374.00,253
224,09:48:22,$ 3375.1364,100
225,09:48:14,$ 3373.99,100
226,09:48:09,$ 3373.99,100
227,09:48:09,$ 3372.66,100
228,09:48:09,$ 3372.69,100
229,09:48:09,$ 3372.69,107
230,09:48:05,$ 3371.7258,100
232,09:47:55,$ 3371.93,155
233,09:47:49,$ 3372.30,100
234,09:47:46,$ 3371.62,100
235,09:47:46,$ 3373.68,300
236,09:47:45,$ 3372.71,100
237,09:47:38,$ 3374.925,100
238,09:47:38,$ 3374.44,100
239,09:47:33,$ 3375.22,200
240,09:47:32,$ 3374.99,100
241,09:47:32,$ 3375.01,100
242,09:47:32,$ 3375.00,100
243,09:47:32,$ 3375.00,100
244,09:47:32,$ 3375.00,100
245,09:47:32,$ 3375.00,100
246,09:47:31,$ 3374.495,100
247,09:47:27,$ 3374.79,100
248,09:47:27,$ 3374.01,100
249,09:47:27,$ 3373.94,100
250,09:47:24,$ 3373.5124,176
251,09:47:13,$ 3373.00,100
253,09:47:09,$ 3371.95,100
254,09:47:09,$ 3371.79,115
255,09:47:09,$ 3371.815,100
256,09:47:08,$ 3370.73,100
257,09:47:08,$ 3371.5416,300
258,09:47:05,$ 3370.46,140
259,09:47:03,$ 3369.915,100
260,09:46:53,$ 3369.49,100
261,09:46:45,$ 3369.77,100
262,09:46:45,$ 3369.795,100
263,09:46:45,$ 3369.77,100
264,09:46:45,$ 3369.64,100
265,09:46:45,$ 3369.73,100
266,09:46:45,$ 3369.78,100
267,09:46:45,$ 3369.78,100
268,09:46:37,$ 3369.78,500
269,09:46:37,$ 3370.55,100
270,09:46:36,$ 3370.985,100
271,09:46:29,$ 3372.085,100
272,09:46:21,$ 3372.09,100
274,09:46:14,$ 3370.665,100
275,09:46:12,$ 3371.415,100
276,09:46:11,$ 3370.50,100
277,09:46:10,$ 3372.26,100
278,09:46:08,$ 3372.89,100
279,09:46:00,$ 3372.91,100
280,09:45:59,$ 3373.3294,319
281,09:45:59,$ 3373.3294,181
282,09:45:59,$ 3372.85,100
283,09:45:57,$ 3373.585,100
284,09:45:55,$ 3373.00,278
285,09:45:55,$ 3373.00,200
286,09:45:53,$ 3373.03,100
287,09:45:51,$ 3373.21,100
288,09:45:51,$ 3373.14,117
289,09:45:51,$ 3373.14,100
290,09:45:51,$ 3373.3315,100
291,09:45:50,$ 3373.9799,382
292,09:45:49,$ 3373.555,100
293,09:45:49,$ 3373.71,100
295,09:45:38,$ 3372.56,100
296,09:45:34,$ 3371.775,118
297,09:45:34,$ 3371.775,125
298,09:45:33,$ 3372.03,200
299,09:45:33,$ 3372.03,118
300,09:45:33,$ 3371.995,125
301,09:45:33,$ 3371.66,200
302,09:45:33,$ 3371.68,100
303,09:45:33,$ 3371.90,100
304,09:45:32,$ 3371.03,100
305,09:45:31,$ 3370.815,100
306,09:45:30,$ 3371.58,100
307,09:45:29,$ 3370.49,100
308,09:45:27,$ 3369.84,100
309,09:45:27,$ 3369.775,100
310,09:45:27,$ 3369.9737,100
311,09:45:26,$ 3369.496,199
312,09:45:25,$ 3369.51,100
313,09:45:25,$ 3369.25,100
314,09:45:25,$ 3368.90,100
316,09:45:25,$ 3368.74,100
317,09:45:24,$ 3367.46,100
318,09:45:20,$ 3367.04,100
319,09:45:20,$ 3367.10,100
320,09:45:20,$ 3366.77,100
321,09:45:20,$ 3367.09,100
322,09:45:19,$ 3365.23,100
323,09:45:18,$ 3365.0557,125
324,09:45:18,$ 3365.31,100
325,09:45:18,$ 3366.495,100
326,09:45:18,$ 3365.776,200
327,09:45:16,$ 3365.83,100
328,09:45:16,$ 3365.24,100
329,09:45:15,$ 3364.3712,250
330,09:45:15,$ 3364.515,100
331,09:45:14,$ 3364.88,100
332,09:45:10,$ 3364.00,100
333,09:45:04,$ 3363.81,100
334,09:45:04,$ 3363.795,100
335,09:45:03,$ 3363.55,100
337,09:45:01,$ 3362.04,100
338,09:45:01,$ 3362.22,100
339,09:45:00,$ 3361.56,100
340,09:45:00,$ 3360.76,100
341,09:45:00,$ 3360.76,100
342,09:44:43,$ 3358.50,100
343,09:44:43,$ 3358.50,100
344,09:44:34,$ 3355.75,100
345,09:44:34,$ 3355.76,100
346,09:44:34,$ 3355.3343,100
347,09:44:32,$ 3355.55,100
348,09:44:30,$ 3355.75,138
349,09:44:29,$ 3355.82,100
350,09:44:28,$ 3355.9837,100
351,09:44:23,$ 3357.04,100
352,09:44:08,$ 3356.54,100
353,09:44:08,$ 3356.475,100
354,09:44:06,$ 3355.83,100
355,09:44:05,$ 3356.47,100
356,09:44:05,$ 3356.46,100
358,09:44:03,$ 3356.49,125
359,09:44:03,$ 3355.88,100
360,09:44:03,$ 3355.465,100
361,09:43:48,$ 3355.57,100
362,09:43:48,$ 3355.067,150
363,09:43:47,$ 3355.00,100
364,09:43:47,$ 3355.00,235
365,09:43:47,$ 3355.00,168
366,09:43:47,$ 3355.00,100
367,09:43:47,$ 3355.00,100
368,09:43:47,$ 3355.00,100
369,09:43:47,$ 3355.00,500
370,09:43:46,$ 3355.80,100
371,09:43:31,$ 3357.00,100
372,09:43:31,$ 3357.00,189
373,09:43:29,$ 3355.62,100
374,09:43:27,$ 3355.75,100
375,09:43:25,$ 3356.0001,100
376,09:43:22,$ 3356.8152,200
377,09:43:09,$ 3357.22,100
379,09:43:03,$ 3359.66,100
380,09:43:02,$ 3358.95,200
381,09:43:02,$ 3357.97,100
382,09:43:02,$ 3357.97,100
383,09:42:58,$ 3357.18,190
384,09:42:57,$ 3357.9999,100
385,09:42:41,$ 3357.125,100
386,09:42:39,$ 3357.78,100
387,09:42:35,$ 3357.2078,200
388,09:42:33,$ 3357.145,100
389,09:42:32,$ 3357.32,100
390,09:42:32,$ 3357.135,100
391,09:42:27,$ 3358.0026,135
392,09:42:22,$ 3358.34,100
393,09:42:16,$ 3357.54,100
394,09:42:13,$ 3357.00,100
395,09:42:11,$ 3356.97,100
396,09:42:11,$ 3358.20,100
397,09:42:10,$ 3356.39,100
398,09:42:10,$ 3357.12,100
400,09:42:06,$ 3359.1399,"1,000"
401,09:42:02,$ 3357.11,100
402,09:42:02,$ 3357.11,100
403,09:42:02,$ 3357.14,100
404,09:42:00,$ 3358.245,100
405,09:42:00,$ 3358.29,100
406,09:41:59,$ 3358.19,200
407,09:41:58,$ 3359.18,100
408,09:41:50,$ 3359.61,100
409,09:41:50,$ 3359.83,100
410,09:41:49,$ 3359.87,100
411,09:41:49,$ 3360.01,100
412,09:41:49,$ 3360.00,125
413,09:41:49,$ 3360.00,100
414,09:41:49,$ 3360.00,100
415,09:41:46,$ 3360.10,100
416,09:41:40,$ 3361.78,184
417,09:41:40,$ 3361.78,100
418,09:41:39,$ 3359.975,100
419,09:41:30,$ 3360.8619,100
421,09:41:25,$ 3360.42,100
422,09:41:24,$ 3360.62,100
423,09:41:18,$ 3359.85,100
424,09:41:16,$ 3361.085,100
425,09:41:14,$ 3360.72,100
426,09:41:10,$ 3360.39,100
427,09:41:08,$ 3360.11,100
428,09:41:08,$ 3360.12,100
429,09:41:01,$ 3360.04,100
430,09:41:01,$ 3361.05,100
431,09:41:00,$ 3362.02,100
432,09:40:56,$ 3362.32,100
433,09:40:56,$ 3364.18,544
434,09:40:56,$ 3362.66,100
435,09:40:55,$ 3362.95,100
436,09:40:36,$ 3365.45,100
437,09:40:36,$ 3365.45,100
438,09:40:36,$ 3364.91,100
439,09:40:36,$ 3365.05,100
440,09:40:36,$ 3365.09,100
442,09:40:28,$ 3366.02,100
443,09:40:25,$ 3363.97,100
444,09:40:25,$ 3363.97,100
445,09:40:25,$ 3363.97,260
446,09:40:25,$ 3363.08,100
447,09:40:25,$ 3362.93,100
448,09:40:25,$ 3362.53,100
449,09:40:25,$ 3362.93,100
450,09:40:25,$ 3362.58,100
451,09:40:25,$ 3362.99,100
452,09:40:25,$ 3362.82,100
453,09:40:25,$ 3362.12,100
454,09:40:25,$ 3362.09,200
455,09:40:25,$ 3362.09,100
456,09:40:25,$ 3362.09,200
457,09:40:24,$ 3363.6945,100
458,09:40:11,$ 3363.38,100
459,09:40:05,$ 3363.26,100
460,09:40:04,$ 3363.33,100
461,09:40:03,$ 3362.988,100
463,09:40:03,$ 3362.929,149
464,09:39:49,$ 3360.00,100
465,09:39:49,$ 3360.05,100
466,09:39:43,$ 3360.23,100
467,09:39:43,$ 3360.28,100
468,09:39:41,$ 3362.95,100
469,09:39:41,$ 3362.95,100
470,09:39:39,$ 3360.82,100
471,09:39:38,$ 3362.28,100
472,09:39:38,$ 3362.20,100
473,09:39:38,$ 3362.29,100
474,09:39:38,$ 3362.4556,200
475,09:39:38,$ 3363.565,118
476,09:39:38,$ 3363.565,100
477,09:39:35,$ 3363.22,100
478,09:39:34,$ 3363.225,400
479,09:39:34,$ 3363.225,200
480,09:39:34,$ 3363.36,100
481,09:39:34,$ 3363.36,100
482,09:39:34,$ 3363.36,100
484,09:39:34,$ 3363.36,100
485,09:39:34,$ 3363.36,125
486,09:39:34,$ 3363.36,118
487,09:39:28,$ 3363.58,100
488,09:39:28,$ 3363.58,125
489,09:39:16,$ 3363.21,100
490,09:39:16,$ 3363.28,125
491,09:39:11,$ 3364.35,120
492,09:39:08,$ 3363.55,100
493,09:39:08,$ 3363.49,100
494,09:39:08,$ 3362.855,100
495,09:39:07,$ 3364.00,381
496,09:39:07,$ 3364.19,100
497,09:39:05,$ 3365.15,100
498,09:39:05,$ 3365.14,100
499,09:39:05,$ 3365.14,100
500,09:39:05,$ 3365.02,100
501,09:39:05,$ 3365.02,125
502,09:39:01,$ 3365.74,200
503,09:39:01,$ 3366.35,100
505,09:39:01,$ 3365.74,100
506,09:38:56,$ 3365.31,100
507,09:38:56,$ 3365.30,100
508,09:38:56,$ 3365.30,100
509,09:38:55,$ 3367.53,100
510,09:38:51,$ 3366.52,100
511,09:38:51,$ 3364.71,100
512,09:38:51,$ 3364.97,100
513,09:38:51,$ 3363.94,100
514,09:38:51,$ 3363.94,100
515,09:38:51,$ 3364.00,100
516,09:38:50,$ 3364.88,100
517,09:38:50,$ 3364.67,112
518,09:38:50,$ 3362.55,100
519,09:38:50,$ 3364.67,100
520,09:38:50,$ 3362.69,100
521,09:38:50,$ 3362.71,100
522,09:38:50,$ 3362.98,100
523,09:38:50,$ 3363.42,100
524,09:38:44,$ 3362.00,100
526,09:38:43,$ 3360.59,100
527,09:38:40,$ 3359.2993,164
528,09:38:40,$ 3359.2993,336
529,09:38:40,$ 3359.305,100
530,09:38:39,$ 3360.55,100
531,09:38:36,$ 3359.6951,100
532,09:38:32,$ 3358.00,100
533,09:38:32,$ 3358.00,113
534,09:38:31,$ 3358.625,200
535,09:38:27,$ 3358.4525,100
536,09:38:27,$ 3358.30,100
537,09:38:27,$ 3358.34,100
538,09:38:25,$ 3357.45,200
539,09:38:23,$ 3357.10,100
540,09:38:16,$ 3357.96,100
541,09:38:10,$ 3357.89,100
542,09:38:07,$ 3356.985,200
543,09:38:01,$ 3357.4304,100
544,09:37:59,$ 3356.76,117
545,09:37:59,$ 3356.56,100
547,09:37:51,$ 3356.2665,100
548,09:37:48,$ 3355.795,130
549,09:37:47,$ 3355.795,150
550,09:37:40,$ 3357.69,150
551,09:37:40,$ 3357.30,100
552,09:37:40,$ 3357.48,100
553,09:37:37,$ 3357.35,100
554,09:37:35,$ 3358.6402,100
555,09:37:26,$ 3356.63,100
556,09:37:26,$ 3358.94,100
557,09:37:26,$ 3359.13,100
558,09:37:24,$ 3358.08,"1,262"
559,09:37:24,$ 3358.08,263
560,09:37:24,$ 3358.08,118
561,09:37:24,$ 3358.08,100
562,09:37:24,$ 3358.07,100
563,09:37:22,$ 3356.6825,100
564,09:37:22,$ 3358.08,100
565,09:37:17,$ 3356.46,100
566,09:37:17,$ 3356.72,100
568,09:37:15,$ 3355.50,100
569,09:37:15,$ 3355.50,100
570,09:37:15,$ 3355.98,100
571,09:37:15,$ 3355.96,200
572,09:37:14,$ 3355.51,188
573,09:37:10,$ 3355.71,100
574,09:37:09,$ 3356.19,100
575,09:37:03,$ 3355.36,100
576,09:37:03,$ 3355.30,194
577,09:37:03,$ 3355.38,100
578,09:37:03,$ 3355.65,100
579,09:37:01,$ 3355.30,118
580,09:37:01,$ 3355.30,100
581,09:37:00,$ 3355.30,100
582,09:37:00,$ 3355.30,100
583,09:37:00,$ 3355.30,125
584,09:37:00,$ 3355.30,118
585,09:36:55,$ 3355.79,100
586,09:36:51,$ 3354.695,100
587,09:36:49,$ 3355.555,100
589,09:36:48,$ 3356.2232,100
590,09:36:48,$ 3355.0865,100
591,09:36:47,$ 3354.38,100
592,09:36:47,$ 3355.47,100
593,09:36:47,$ 3356.23,100
594,09:36:45,$ 3357.4803,297
595,09:36:45,$ 3357.78,100
596,09:36:45,$ 3356.78,100
597,09:36:45,$ 3357.357,129
598,09:36:45,$ 3359.21,371
599,09:36:44,$ 3357.58,100
600,09:36:44,$ 3357.2231,100
601,09:36:43,$ 3357.26,100
602,09:36:42,$ 3357.60,100
603,09:36:39,$ 3358.9351,500
604,09:36:39,$ 3358.00,100
605,09:36:36,$ 3358.46,100
606,09:36:32,$ 3359.98,100
607,09:36:31,$ 3360.57,143
608,09:36:30,$ 3360.24,100
610,09:36:18,$ 3357.84,100
611,09:36:17,$ 3358.845,"1,000"
612,09:36:17,$ 3359.04,118
613,09:36:17,$ 3359.04,125
614,09:36:17,$ 3359.04,122
615,09:36:17,$ 3357.95,100
616,09:36:17,$ 3359.04,100
617,09:36:16,$ 3358.21,100
618,09:36:16,$ 3358.047,100
619,09:36:15,$ 3358.16,100
620,09:36:14,$ 3359.145,100
621,09:36:12,$ 3357.80,100
622,09:36:12,$ 3359.01,100
623,09:36:11,$ 3357.87,100
624,09:36:08,$ 3359.27,100
625,09:36:05,$ 3358.593,382
626,09:36:05,$ 3358.593,118
627,09:36:03,$ 3358.07,100
628,09:36:00,$ 3358.58,200
629,09:35:59,$ 3358.585,500
631,09:35:59,$ 3358.78,100
632,09:35:58,$ 3360.2099,452
633,09:35:58,$ 3358.81,100
634,09:35:45,$ 3360.04,100
635,09:35:44,$ 3360.80,100
636,09:35:40,$ 3360.755,"1,000"
637,09:35:39,$ 3359.76,100
638,09:35:39,$ 3359.76,100
639,09:35:24,$ 3363.23,100
640,09:35:19,$ 3361.11,100
641,09:35:15,$ 3361.11,100
642,09:35:13,$ 3361.61,100
643,09:35:13,$ 3361.61,100
644,09:35:13,$ 3362.00,100
645,09:35:13,$ 3361.98,100
646,09:35:05,$ 3360.00,100
647,09:35:01,$ 3360.33,100
648,09:34:46,$ 3361.49,100
649,09:34:46,$ 3360.995,100
650,09:34:44,$ 3361.68,100
652,09:34:37,$ 3362.12,100
653,09:34:31,$ 3359.05,100
654,09:34:28,$ 3356.5213,300
655,09:34:28,$ 3357.20,100
656,09:34:28,$ 3357.745,100
657,09:34:27,$ 3357.59,100
658,09:34:27,$ 3357.60,118
659,09:34:27,$ 3357.60,100
660,09:34:27,$ 3358.00,102
661,09:34:20,$ 3355.465,100
662,09:34:19,$ 3355.71,100
663,09:34:16,$ 3354.505,100
664,09:34:14,$ 3354.76,100
665,09:34:11,$ 3353.0001,500
666,09:34:11,$ 3353.19,100
667,09:34:10,$ 3354.01,100
668,09:34:10,$ 3355.00,100
669,09:34:10,$ 3355.00,200
670,09:34:10,$ 3355.01,100
671,09:34:04,$ 3356.025,100
673,09:34:03,$ 3356.00,100
674,09:34:03,$ 3356.04,100
675,09:34:03,$ 3356.83,150
676,09:33:57,$ 3357.00,100
677,09:33:51,$ 3359.945,100
678,09:33:47,$ 3358.72,100
679,09:33:46,$ 3359.18,100
680,09:33:46,$ 3359.77,100
681,09:33:39,$ 3360.14,100
682,09:33:39,$ 3360.02,100
683,09:33:39,$ 3360.00,196
684,09:33:37,$ 3361.69,118
685,09:33:36,$ 3360.02,100
686,09:33:35,$ 3359.51,100
687,09:33:33,$ 3361.42,100
688,09:33:29,$ 3361.71,143
689,09:33:29,$ 3360.00,100
690,09:33:29,$ 3359.25,174
691,09:33:25,$ 3357.585,100
692,09:33:24,$ 3357.64,100
694,09:33:24,$ 3357.855,100
695,09:33:14,$ 3357.36,100
696,09:33:12,$ 3357.125,120
697,09:33:11,$ 3356.40,118
698,09:33:11,$ 3356.40,125
699,09:33:11,$ 3356.40,125
700,09:33:11,$ 3356.40,118
701,09:33:11,$ 3356.40,118
702,09:33:11,$ 3356.40,125
703,09:33:11,$ 3356.40,118
704,09:33:11,$ 3356.40,103
705,09:33:11,$ 3357.815,100
706,09:33:10,$ 3357.46,100
707,09:33:05,$ 3356.86,100
708,09:33:04,$ 3356.00,100
709,09:33:04,$ 3356.00,100
710,09:33:03,$ 3355.73,100
711,09:33:03,$ 3356.51,100
712,09:33:03,$ 3357.185,100
713,09:33:03,$ 3357.185,100
715,09:32:59,$ 3357.175,100
716,09:32:56,$ 3359.685,100
717,09:32:56,$ 3358.00,100
718,09:32:56,$ 3358.04,100
719,09:32:56,$ 3360.00,433
720,09:32:56,$ 3360.00,100
721,09:32:55,$ 3360.9556,382
722,09:32:53,$ 3360.15,100
723,09:32:53,$ 3360.15,100
724,09:32:53,$ 3360.15,100
725,09:32:53,$ 3362.00,100
726,09:32:51,$ 3361.63,100
727,09:32:49,$ 3361.63,100
728,09:32:49,$ 3361.63,100
729,09:32:45,$ 3360.50,100
730,09:32:45,$ 3360.50,100
731,09:32:45,$ 3360.54,100
732,09:32:45,$ 3360.645,100
733,09:32:35,$ 3360.4783,118
734,09:32:35,$ 3360.16,100
736,09:32:35,$ 3360.15,100
737,09:32:35,$ 3360.15,100
738,09:32:34,$ 3360.15,100
739,09:32:34,$ 3360.24,100
740,09:32:34,$ 3361.31,100
741,09:32:30,$ 3362.47,100
742,09:32:29,$ 3362.42,100
743,09:32:25,$ 3363.321,100
744,09:32:24,$ 3362.40,100
745,09:32:22,$ 3362.32,100
746,09:32:20,$ 3364.31,200
747,09:32:19,$ 3362.5617,100
748,09:32:18,$ 3362.345,100
749,09:32:18,$ 3363.00,100
750,09:32:15,$ 3363.505,210
751,09:32:15,$ 3363.49,500
752,09:32:13,$ 3363.49,100
753,09:32:10,$ 3361.3101,100
754,09:32:08,$ 3362.85,100
755,09:32:02,$ 3362.40,100
757,09:31:58,$ 3360.21,100
758,09:31:53,$ 3363.17,100
759,09:31:48,$ 3363.28,100
760,09:31:48,$ 3363.81,100
761,09:31:48,$ 3365.56,100
762,09:31:46,$ 3363.21,100
763,09:31:46,$ 3366.00,100
764,09:31:37,$ 3368.7764,100
765,09:31:36,$ 3367.27,100
766,09:31:36,$ 3365.54,100
767,09:31:36,$ 3363.8025,100
768,09:31:36,$ 3365.60,100
769,09:31:36,$ 3366.06,100
770,09:31:34,$ 3364.88,100
771,09:31:31,$ 3363.53,100
772,09:31:25,$ 3365.4814,100
773,09:31:24,$ 3362.00,100
774,09:31:24,$ 3364.00,100
775,09:31:24,$ 3366.45,100
776,09:31:24,$ 3365.52,100
778,09:31:24,$ 3365.00,100
779,09:31:24,$ 3366.45,100
780,09:31:24,$ 3366.45,100
781,09:31:23,$ 3366.4501,200
782,09:31:18,$ 3367.4632,100
783,09:31:13,$ 3366.61,100
784,09:31:13,$ 3366.51,100
785,09:31:13,$ 3366.46,100
786,09:31:13,$ 3369.41,100
787,09:31:07,$ 3366.4501,130
788,09:31:02,$ 3366.95,120
789,09:31:02,$ 3374.0359,466
790,09:31:02,$ 3371.7165,100
791,09:31:02,$ 3371.91,100
792,09:31:02,$ 3371.7065,100
793,09:31:02,$ 3371.90,100
794,09:31:02,$ 3372.00,160
795,09:31:02,$ 3371.40,100
796,09:31:02,$ 3371.40,200
797,09:31:02,$ 3371.40,100
799,09:31:02,$ 3371.40,100
800,09:31:02,$ 3370.00,300
801,09:31:02,$ 3369.80,100
802,09:31:02,$ 3369.80,100
803,09:31:02,$ 3369.13,100
804,09:31:02,$ 3368.93,100
805,09:31:02,$ 3368.79,100
806,09:31:02,$ 3368.87,100
807,09:31:02,$ 3369.01,100
808,09:31:02,$ 3369.10,100
809,09:31:02,$ 3369.43,100
810,09:31:02,$ 3367.38,100
811,09:30:58,$ 3367.79,150
812,09:30:57,$ 3369.22,100
813,09:30:56,$ 3368.0875,100
814,09:30:56,$ 3369.2398,108
815,09:30:55,$ 3366.45,100
816,09:30:53,$ 3369.40,100
817,09:30:53,$ 3368.22,100
818,09:30:51,$ 3367.335,100
820,09:30:51,$ 3366.625,100
821,09:30:51,$ 3366.50,100
822,09:30:50,$ 3366.72,100
823,09:30:49,$ 3368.225,100
824,09:30:47,$ 3369.00,100
825,09:30:47,$ 3366.46,100
826,09:30:45,$ 3368.235,100
827,09:30:42,$ 3368.40,100
828,09:30:41,$ 3370.73,595
829,09:30:37,$ 3370.00,100
830,09:30:31,$ 3372.02,100
831,09:30:31,$ 3371.80,100
832,09:30:31,$ 3371.53,100
833,09:30:31,$ 3372.10,100
834,09:30:28,$ 3370.225,100
835,09:30:28,$ 3370.815,100
836,09:30:28,$ 3370.415,100
837,09:30:27,$ 3372.05,100
838,09:30:27,$ 3372.1744,100
839,09:30:26,$ 3372.235,100
841,09:30:25,$ 3372.56,100
842,09:30:25,$ 3373.24,100
843,09:30:25,$ 3373.32,100
844,09:30:24,$ 3372.15,100
845,09:30:23,$ 3373.19,200
846,09:30:23,$ 3372.00,388
847,09:30:23,$ 3372.33,100
848,09:30:14,$ 3373.6125,100
849,09:30:14,$ 3373.575,100
850,09:30:09,$ 3374.62,100
851,09:30:09,$ 3374.05,100
852,09:30:09,$ 3375.50,100
853,09:30:08,$ 3375.15,100
854,09:30:08,$ 3375.195,100
855,09:30:08,$ 3375.045,100
856,09:30:07,$ 3376.51,100
857,09:30:04,$ 3375.77,100
858,09:30:03,$ 3376.885,100
859,09:30:03,$ 3376.35,100
860,09:30:03,$ 3374.96,100
862,09:30:02,$ 3376.32,100
863,09:30:02,$ 3375.94,100
864,09:30:02,$ 3375.00,1
865,09:30:02,$ 3375.00,1
866,09:30:02,$ 3375.00,1
867,09:30:02,$ 3375.00,1
868,09:30:02,$ 3375.00,1
869,09:30:02,$ 3375.00,1
870,09:30:02,$ 3375.00,1
871,09:30:02,$ 3375.00,1
872,09:30:02,$ 3375.00,1
873,09:30:02,$ 3375.00,1
874,09:30:02,$ 3375.00,1
875,09:30:02,$ 3375.00,1
876,09:30:02,$ 3375.00,1
877,09:30:02,$ 3375.00,1
878,09:30:02,$ 3375.00,1
879,09:30:02,$ 3375.00,1
880,09:30:02,$ 3375.00,1
881,09:30:02,$ 3375.00,1
883,09:30:02,$ 3375.00,1
884,09:30:02,$ 3375.00,1
885,09:30:02,$ 3375.00,1
886,09:30:02,$ 3375.00,1
887,09:30:02,$ 3375.00,1
888,09:30:02,$ 3375.00,1
889,09:30:02,$ 3375.00,1
890,09:30:02,$ 3375.00,1
891,09:30:02,$ 3375.00,1
892,09:30:02,$ 3375.00,1
893,09:30:02,$ 3375.00,1
894,09:30:02,$ 3375.00,1
895,09:30:02,$ 3375.00,1
896,09:30:02,$ 3375.00,1
897,09:30:02,$ 3375.00,1
898,09:30:02,$ 3375.00,1
899,09:30:02,$ 3375.00,1
900,09:30:02,$ 3375.00,1
901,09:30:02,$ 3375.00,110
902,09:30:02,$ 3375.00,1
904,09:30:02,$ 3375.00,1
905,09:30:02,$ 3375.00,1
906,09:30:02,$ 3375.00,1
907,09:30:02,$ 3375.00,1
908,09:30:02,$ 3375.00,1
909,09:30:02,$ 3375.00,1
910,09:30:02,$ 3375.00,1
911,09:30:02,$ 3375.00,1
912,09:30:02,$ 3375.00,1
913,09:30:02,$ 3375.00,1
914,09:30:02,$ 3375.00,1
915,09:30:02,$ 3375.00,1
916,09:30:02,$ 3375.00,1
917,09:30:02,$ 3375.00,4
918,09:30:02,$ 3375.00,1
919,09:30:02,$ 3375.00,1
920,09:30:02,$ 3375.00,37
921,09:30:02,$ 3375.00,11
922,09:30:02,$ 3375.00,2
923,09:30:02,$ 3375.00,13
925,09:30:02,$ 3375.00,1
926,09:30:02,$ 3375.00,5
927,09:30:02,$ 3375.00,1
928,09:30:02,$ 3375.00,1
929,09:30:02,$ 3375.00,1
930,09:30:02,$ 3375.00,2
931,09:30:02,$ 3375.00,1
932,09:30:02,$ 3375.00,3
933,09:30:02,$ 3375.00,2
934,09:30:02,$ 3375.00,2
935,09:30:02,$ 3375.00,3
936,09:30:02,$ 3375.00,3
937,09:30:02,$ 3375.00,16
938,09:30:02,$ 3375.00,1
939,09:30:02,$ 3375.00,25
940,09:30:02,$ 3375.00,80
941,09:30:02,$ 3375.00,10
942,09:30:02,$ 3375.00,3
943,09:30:02,$ 3375.00,10
944,09:30:02,$ 3375.00,5
946,09:30:02,$ 3375.00,1
947,09:30:02,$ 3375.00,7
948,09:30:02,$ 3375.00,1
949,09:30:02,$ 3375.00,1
950,09:30:02,$ 3375.00,1
951,09:30:02,$ 3375.00,1
952,09:30:02,$ 3375.00,1
953,09:30:02,$ 3375.00,1
954,09:30:02,$ 3375.00,2
955,09:30:02,$ 3375.00,5
956,09:30:02,$ 3375.00,1
957,09:30:02,$ 3375.00,3
958,09:30:02,$ 3375.00,1
959,09:30:02,$ 3375.00,1
960,09:30:02,$ 3375.00,74
961,09:30:02,$ 3375.00,10
962,09:30:02,$ 3375.00,1
963,09:30:02,$ 3375.00,2
964,09:30:02,$ 3375.00,3
965,09:30:02,$ 3375.00,1
967,09:30:02,$ 3375.00,59
968,09:30:02,$ 3375.00,1
969,09:30:02,$ 3375.00,2
970,09:30:02,$ 3375.00,1
971,09:30:02,$ 3375.00,2
972,09:30:02,$ 3375.00,1
973,09:30:02,$ 3375.00,89
974,09:30:02,$ 3375.00,4
975,09:30:02,$ 3375.00,1
976,09:30:02,$ 3375.00,3
977,09:30:02,$ 3375.00,2
978,09:30:02,$ 3375.00,1
979,09:30:02,$ 3375.00,9
980,09:30:02,$ 3375.00,5
981,09:30:02,$ 3375.00,2
982,09:30:02,$ 3375.00,1
983,09:30:02,$ 3375.00,1
984,09:30:02,$ 3375.00,4
985,09:30:02,$ 3375.00,14
986,09:30:02,$ 3375.00,1
988,09:30:02,$ 3375.00,200
989,09:30:02,$ 3375.00,1
990,09:30:02,$ 3375.00,3
991,09:30:02,$ 3375.00,10
992,09:30:02,$ 3375.00,5
993,09:30:02,$ 3375.00,1
994,09:30:02,$ 3375.00,1
995,09:30:02,$ 3375.00,4
996,09:30:02,$ 3375.00,15
997,09:30:02,$ 3375.00,186
998,09:30:02,$ 3375.00,2
999,09:30:02,$ 3375.00,1
1000,09:30:02,$ 3375.00,15
1001,09:30:02,$ 3375.00,1
1002,09:30:02,$ 3375.00,1
1003,09:30:02,$ 3375.00,2
1004,09:30:02,$ 3375.00,1
1005,09:30:02,$ 3375.00,60
1006,09:30:02,$ 3375.00,4
1007,09:30:02,$ 3375.00,2
1009,09:30:02,$ 3375.00,5
1010,09:30:02,$ 3375.00,1
1011,09:30:02,$ 3375.00,10
1012,09:30:02,$ 3375.00,1
1013,09:30:02,$ 3375.00,3
1014,09:30:02,$ 3375.00,1
1015,09:30:02,$ 3375.00,1
1016,09:30:02,$ 3375.00,4
1017,09:30:02,$ 3375.00,1
1018,09:30:02,$ 3375.00,2
1019,09:30:02,$ 3375.00,1
1020,09:30:02,$ 3375.00,50
1021,09:30:02,$ 3375.00,2
1022,09:30:02,$ 3375.00,199
1023,09:30:02,$ 3375.00,15
1024,09:30:02,$ 3375.00,1
1025,09:30:02,$ 3375.00,1
1026,09:30:02,$ 3375.00,8
1027,09:30:02,$ 3375.00,1
1028,09:30:02,$ 3375.00,5
1030,09:30:02,$ 3375.00,20
1031,09:30:02,$ 3375.00,69
1032,09:30:02,$ 3375.00,3
1033,09:30:02,$ 3375.00,3
1034,09:30:02,$ 3375.00,2
1035,09:30:02,$ 3375.00,11
1036,09:30:02,$ 3375.00,1
1037,09:30:02,$ 3375.00,9
1038,09:30:02,$ 3375.00,10
1039,09:30:02,$ 3375.00,7
1040,09:30:02,$ 3375.00,3
1041,09:30:02,$ 3375.00,2
1042,09:30:02,$ 3375.00,3
1043,09:30:02,$ 3375.00,12
1044,09:30:02,$ 3375.00,8
1045,09:30:02,$ 3375.00,2
1046,09:30:02,$ 3375.00,14
1047,09:30:02,$ 3375.00,25
1048,09:30:02,$ 3375.00,5
1049,09:30:02,$ 3375.00,22
1051,09:30:02,$ 3375.00,2
1052,09:30:02,$ 3375.00,1
1053,09:30:02,$ 3375.00,6
1054,09:30:02,$ 3375.00,1
1055,09:30:02,$ 3375.00,13
1056,09:30:02,$ 3375.00,100
1057,09:30:02,$ 3375.00,1
1058,09:30:02,$ 3375.00,2
1059,09:30:02,$ 3375.00,1
1060,09:30:02,$ 3375.00,2
1061,09:30:02,$ 3375.00,8
1062,09:30:02,$ 3375.00,1
1063,09:30:02,$ 3375.00,100
1064,09:30:02,$ 3375.00,15
1065,09:30:02,$ 3375.00,1
1066,09:30:02,$ 3375.00,1
1067,09:30:02,$ 3375.00,1
1068,09:30:02,$ 3375.00,1
1069,09:30:02,$ 3375.00,3
1070,09:30:02,$ 3375.00,3
1072,09:30:02,$ 3375.00,5
1073,09:30:02,$ 3375.00,5
1074,09:30:02,$ 3375.00,3
1075,09:30:02,$ 3375.00,6
1076,09:30:02,$ 3375.00,1
1077,09:30:02,$ 3375.00,3
1078,09:30:02,$ 3375.00,6
1079,09:30:02,$ 3375.00,1
1080,09:30:02,$ 3375.00,1
1081,09:30:02,$ 3375.00,1
1082,09:30:02,$ 3375.00,10
1083,09:30:02,$ 3375.00,2
1084,09:30:02,$ 3375.00,3
1085,09:30:02,$ 3375.00,1
1086,09:30:02,$ 3375.00,2
1087,09:30:02,$ 3375.00,6
1088,09:30:02,$ 3375.00,1
1089,09:30:02,$ 3375.00,2
1090,09:30:02,$ 3375.00,1
1091,09:30:02,$ 3375.00,1
1093,09:30:02,$ 3375.00,2
1094,09:30:02,$ 3375.00,1
1095,09:30:02,$ 3375.00,1
1096,09:30:02,$ 3375.00,5
1097,09:30:02,$ 3375.00,2
1098,09:30:02,$ 3375.00,1
1099,09:30:02,$ 3375.00,6
1100,09:30:02,$ 3375.00,1
1101,09:30:02,$ 3375.00,1
1102,09:30:02,$ 3375.00,2
1103,09:30:02,$ 3375.00,4
1104,09:30:02,$ 3375.00,1
1105,09:30:02,$ 3375.00,1
1106,09:30:02,$ 3375.00,5
1107,09:30:02,$ 3375.00,1
1108,09:30:02,$ 3375.00,2
1109,09:30:02,$ 3375.00,1
1110,09:30:02,$ 3375.00,1
1111,09:30:02,$ 3375.00,1
1112,09:30:02,$ 3375.00,1
1114,09:30:02,$ 3375.00,4
1115,09:30:02,$ 3375.00,1
1116,09:30:02,$ 3375.00,14
1117,09:30:02,$ 3375.00,2
1118,09:30:02,$ 3375.00,1
1119,09:30:02,$ 3375.00,2
1120,09:30:02,$ 3375.00,1
1121,09:30:02,$ 3375.00,1
1122,09:30:02,$ 3375.00,1
1123,09:30:02,$ 3375.00,1
1124,09:30:02,$ 3375.00,1
1125,09:30:02,$ 3375.00,1
1126,09:30:02,$ 3375.00,3
1127,09:30:02,$ 3375.00,1
1128,09:30:02,$ 3375.00,1
1129,09:30:02,$ 3375.00,1
1130,09:30:02,$ 3375.00,1
1131,09:30:02,$ 3375.00,1
1132,09:30:02,$ 3375.00,200
1133,09:30:02,$ 3375.00,1
1135,09:30:02,$ 3375.00,1
1136,09:30:02,$ 3375.00,1
1137,09:30:02,$ 3375.00,10
1138,09:30:02,$ 3375.00,1
1139,09:30:02,$ 3375.00,1
1140,09:30:02,$ 3375.00,2
1141,09:30:02,$ 3375.00,1
1142,09:30:02,$ 3375.00,1
1143,09:30:02,$ 3375.00,2
1144,09:30:02,$ 3375.00,1
1145,09:30:02,$ 3375.00,3
1146,09:30:02,$ 3375.00,1
1147,09:30:02,$ 3375.00,30
1148,09:30:02,$ 3375.00,3
1149,09:30:02,$ 3375.00,1
1150,09:30:02,$ 3375.00,1
1151,09:30:02,$ 3375.00,2
1152,09:30:02,$ 3375.00,3
1153,09:30:02,$ 3375.00,2
1154,09:30:02,$ 3375.00,3
1156,09:30:02,$ 3375.00,2
1157,09:30:02,$ 3375.00,1
1158,09:30:02,$ 3375.00,1
1159,09:30:02,$ 3375.00,1
1160,09:30:02,$ 3375.00,4
1161,09:30:02,$ 3375.00,1
1162,09:30:02,$ 3375.00,1
1163,09:30:02,$ 3375.00,1
1164,09:30:02,$ 3375.00,1
1165,09:30:02,$ 3375.00,3
1166,09:30:02,$ 3375.00,5
1167,09:30:02,$ 3375.00,3
1168,09:30:02,$ 3375.00,4
1169,09:30:02,$ 3375.00,8
1170,09:30:02,$ 3375.00,93
1171,09:30:02,$ 3375.00,1
1172,09:30:02,$ 3375.00,6
1173,09:30:02,$ 3375.00,2
1174,09:30:02,$ 3375.00,1
1175,09:30:02,$ 3375.00,20
1177,09:30:02,$ 3375.00,6
1178,09:30:02,$ 3375.00,10
1179,09:30:02,$ 3375.00,3
1180,09:30:02,$ 3375.00,1
1181,09:30:02,$ 3375.00,8
1182,09:30:02,$ 3375.00,19
1183,09:30:02,$ 3375.00,3
1184,09:30:02,$ 3375.00,3
1185,09:30:02,$ 3375.00,3
1186,09:30:02,$ 3375.00,1
1187,09:30:02,$ 3375.00,1
1188,09:30:02,$ 3375.00,1
1189,09:30:02,$ 3375.00,1
1190,09:30:02,$ 3375.00,1
1191,09:30:02,$ 3375.00,1
1192,09:30:02,$ 3375.00,2
1193,09:30:02,$ 3375.00,3
1194,09:30:02,$ 3375.00,9
1195,09:30:02,$ 3375.00,6
1196,09:30:02,$ 3375.00,2
1198,09:30:02,$ 3375.00,1
1199,09:30:02,$ 3375.00,2
1200,09:30:02,$ 3375.00,5
1201,09:30:02,$ 3375.00,1
1202,09:30:02,$ 3375.00,1
1203,09:30:02,$ 3375.00,3
1204,09:30:02,$ 3375.00,8
1205,09:30:02,$ 3375.00,1
1206,09:30:02,$ 3375.00,2
1207,09:30:02,$ 3375.00,2
1208,09:30:02,$ 3375.00,222
1209,09:30:02,$ 3375.00,1
1210,09:30:02,$ 3375.00,3
1211,09:30:02,$ 3375.00,5
1212,09:30:02,$ 3375.00,1
1213,09:30:02,$ 3375.00,16
1214,09:30:02,$ 3375.00,5
1215,09:30:02,$ 3375.00,4
1216,09:30:02,$ 3375.00,5
1217,09:30:02,$ 3375.00,15
1219,09:30:02,$ 3375.00,20
1220,09:30:02,$ 3375.00,1
1221,09:30:02,$ 3375.00,3
1222,09:30:02,$ 3375.00,30
1223,09:30:02,$ 3375.00,60
1224,09:30:02,$ 3375.00,99
1225,09:30:02,$ 3375.00,7
1226,09:30:02,$ 3375.00,15
1227,09:30:02,$ 3375.00,3
1228,09:30:02,$ 3375.00,7
1229,09:30:02,$ 3375.00,2
1230,09:30:02,$ 3375.00,12
1231,09:30:02,$ 3375.00,10
1232,09:30:02,$ 3375.00,8
1233,09:30:02,$ 3375.00,2
1234,09:30:02,$ 3375.00,4
1235,09:30:02,$ 3375.00,3
1236,09:30:02,$ 3375.00,3
1237,09:30:02,$ 3375.00,2
1238,09:30:02,$ 3375.00,5
1240,09:30:02,$ 3375.00,2
1241,09:30:02,$ 3375.00,2
1242,09:30:02,$ 3375.00,5
1243,09:30:02,$ 3375.00,5
1244,09:30:02,$ 3375.00,1
1245,09:30:02,$ 3375.00,6
1246,09:30:02,$ 3375.00,2
1247,09:30:02,$ 3375.00,4
1248,09:30:02,$ 3375.00,1
1249,09:30:02,$ 3375.00,10
1250,09:30:02,$ 3375.00,5
1251,09:30:02,$ 3375.00,40
1252,09:30:02,$ 3375.00,50
1253,09:30:02,$ 3375.00,1
1254,09:30:02,$ 3375.00,1
1255,09:30:02,$ 3375.00,4
1256,09:30:02,$ 3375.00,1
1257,09:30:02,$ 3375.00,4
1258,09:30:02,$ 3375.00,5
1259,09:30:02,$ 3375.00,3
1261,09:30:02,$ 3375.00,1
1262,09:30:02,$ 3375.00,1
1263,09:30:02,$ 3375.00,1
1264,09:30:02,$ 3375.00,3
1265,09:30:02,$ 3375.00,1
1266,09:30:02,$ 3375.00,2
1267,09:30:02,$ 3375.00,2
1268,09:30:02,$ 3375.00,5
1269,09:30:02,$ 3375.00,4
1270,09:30:02,$ 3375.00,2
1271,09:30:02,$ 3375.00,1
1272,09:30:02,$ 3375.00,2
1273,09:30:02,$ 3375.00,2
1274,09:30:02,$ 3375.00,1
1275,09:30:02,$ 3375.00,2
1276,09:30:02,$ 3375.00,5
1277,09:30:02,$ 3375.00,1
1278,09:30:02,$ 3375.00,1
1279,09:30:02,$ 3375.00,1
1280,09:30:02,$ 3375.00,3
1282,09:30:02,$ 3375.00,2
1283,09:30:02,$ 3375.00,2
1284,09:30:02,$ 3375.00,1
1285,09:30:02,$ 3375.00,1
1286,09:30:02,$ 3375.00,1
1287,09:30:02,$ 3375.00,1
1288,09:30:02,$ 3375.00,1
1289,09:30:02,$ 3375.00,1
1290,09:30:02,$ 3375.00,1
1291,09:30:02,$ 3375.00,48
1292,09:30:02,$ 3375.00,1
1293,09:30:02,$ 3375.00,4
1294,09:30:02,$ 3375.00,1
1295,09:30:02,$ 3375.00,4
1296,09:30:02,$ 3375.00,1
1297,09:30:02,$ 3375.00,1
1298,09:30:02,$ 3375.00,4
1299,09:30:02,$ 3375.00,4
1300,09:30:02,$ 3375.00,1
1301,09:30:02,$ 3375.00,2
1303,09:30:02,$ 3375.00,1
1304,09:30:02,$ 3375.00,"1,800"
1305,09:30:02,$ 3375.00,50
1306,09:30:02,$ 3375.00,4
1307,09:30:02,$ 3375.00,2
1308,09:30:02,$ 3375.00,4
1309,09:30:02,$ 3375.00,30
1310,09:30:02,$ 3375.00,25
1311,09:30:02,$ 3375.00,5
1312,09:30:02,$ 3375.00,1
1313,09:30:02,$ 3375.00,3
1314,09:30:02,$ 3375.00,16
1315,09:30:02,$ 3375.00,2
1316,09:30:02,$ 3375.00,10
1317,09:30:02,$ 3375.00,7
1318,09:30:02,$ 3375.00,30
1319,09:30:02,$ 3375.00,1
1320,09:30:02,$ 3375.00,3
1321,09:30:02,$ 3375.00,1
1322,09:30:02,$ 3375.00,15
1324,09:30:02,$ 3375.00,4
1325,09:30:02,$ 3375.00,1
1326,09:30:02,$ 3375.00,7
1327,09:30:02,$ 3375.00,2
1328,09:30:02,$ 3375.00,1
1329,09:30:02,$ 3375.00,1
1330,09:30:02,$ 3375.00,10
1331,09:30:02,$ 3375.00,6
1332,09:30:02,$ 3375.00,2
1333,09:30:02,$ 3375.00,1
1334,09:30:02,$ 3375.00,10
1335,09:30:02,$ 3375.00,2
1336,09:30:02,$ 3375.00,1
1337,09:30:02,$ 3375.00,5
1338,09:30:02,$ 3375.00,1
1339,09:30:02,$ 3375.00,3
1340,09:30:02,$ 3375.00,1
1341,09:30:02,$ 3375.00,1
1342,09:30:02,$ 3375.00,2
1343,09:30:02,$ 3375.00,1
1345,09:30:02,$ 3375.00,10
1346,09:30:02,$ 3375.00,2
1347,09:30:02,$ 3375.00,1
1348,09:30:02,$ 3375.00,55
1349,09:30:02,$ 3375.00,5
1350,09:30:02,$ 3375.00,2
1351,09:30:02,$ 3375.00,2
1352,09:30:02,$ 3375.00,1
1353,09:30:02,$ 3375.00,1
1354,09:30:02,$ 3375.00,3
1355,09:30:02,$ 3375.00,10
1356,09:30:02,$ 3375.00,1
1357,09:30:02,$ 3375.00,3
1358,09:30:02,$ 3375.00,2
1359,09:30:02,$ 3375.00,1
1360,09:30:02,$ 3375.00,1
1361,09:30:02,$ 3375.00,3
1362,09:30:02,$ 3375.00,14
1363,09:30:02,$ 3375.00,20
1364,09:30:02,$ 3375.00,2
1366,09:30:02,$ 3375.00,3
1367,09:30:02,$ 3375.00,2
1368,09:30:02,$ 3375.00,1
1369,09:30:02,$ 3375.00,1
1370,09:30:02,$ 3375.00,1
1371,09:30:02,$ 3375.00,120
1372,09:30:02,$ 3375.00,20
1373,09:30:02,$ 3375.00,5
1374,09:30:02,$ 3375.00,1
1375,09:30:02,$ 3375.00,1
1376,09:30:02,$ 3375.00,20
1377,09:30:02,$ 3375.00,12
1378,09:30:02,$ 3375.00,19
1379,09:30:02,$ 3375.00,1
1380,09:30:02,$ 3375.00,1
1381,09:30:02,$ 3375.00,2
1382,09:30:02,$ 3375.00,2
1383,09:30:02,$ 3375.00,23
1384,09:30:02,$ 3375.00,2
1385,09:30:02,$ 3375.00,75
1387,09:30:02,$ 3375.00,3
1388,09:30:02,$ 3375.00,5
1389,09:30:02,$ 3375.00,1
1390,09:30:02,$ 3375.00,29
1391,09:30:02,$ 3375.00,2
1392,09:30:02,$ 3375.00,2
1393,09:30:02,$ 3375.00,2
1394,09:30:02,$ 3375.00,2
1395,09:30:02,$ 3375.00,1
1396,09:30:02,$ 3375.00,10
1397,09:30:02,$ 3375.00,2
1398,09:30:02,$ 3375.00,1
1399,09:30:02,$ 3375.00,28
1400,09:30:02,$ 3375.00,1
1401,09:30:02,$ 3375.00,500
1402,09:30:02,$ 3375.00,33
1403,09:30:02,$ 3375.00,2
1404,09:30:02,$ 3375.00,2
1405,09:30:02,$ 3375.00,1
1406,09:30:02,$ 3375.00,1
1408,09:30:02,$ 3375.00,2
1409,09:30:02,$ 3375.00,3
1410,09:30:02,$ 3375.00,25
1411,09:30:02,$ 3375.00,2
1412,09:30:02,$ 3375.00,2
1413,09:30:02,$ 3375.00,3
1414,09:30:02,$ 3375.00,2
1415,09:30:02,$ 3375.00,1
1416,09:30:02,$ 3375.00,4
1417,09:30:02,$ 3375.00,11
1418,09:30:02,$ 3375.00,1
1419,09:30:02,$ 3375.00,1
1420,09:30:02,$ 3375.00,1
1421,09:30:02,$ 3375.00,4
1422,09:30:02,$ 3375.00,1
1423,09:30:02,$ 3375.00,1
1424,09:30:02,$ 3375.00,1
1425,09:30:02,$ 3375.00,10
1426,09:30:02,$ 3375.00,1
1427,09:30:02,$ 3375.00,1
1429,09:30:02,$ 3375.00,2
1430,09:30:02,$ 3375.00,2
1431,09:30:02,$ 3375.00,1
1432,09:30:02,$ 3375.00,1
1433,09:30:02,$ 3375.00,20
1434,09:30:02,$ 3375.00,2
1435,09:30:02,$ 3375.00,4
1436,09:30:02,$ 3375.00,1
1437,09:30:02,$ 3375.00,3
1438,09:30:02,$ 3375.00,2
1439,09:30:02,$ 3375.00,1
1440,09:30:02,$ 3375.00,2
1441,09:30:02,$ 3375.00,2
1442,09:30:02,$ 3375.00,2
1443,09:30:02,$ 3375.00,1
1444,09:30:02,$ 3375.00,3
1445,09:30:02,$ 3375.00,2
1446,09:30:02,$ 3375.00,6
1447,09:30:02,$ 3375.00,3
1448,09:30:02,$ 3375.00,1
1450,09:30:02,$ 3375.00,5
1451,09:30:02,$ 3375.00,6
1452,09:30:02,$ 3375.00,13
1453,09:30:02,$ 3375.00,1
1454,09:30:02,$ 3375.00,6
1455,09:30:02,$ 3375.00,3
1456,09:30:02,$ 3375.00,5
1457,09:30:02,$ 3375.00,3
1458,09:30:02,$ 3375.00,3
1459,09:30:02,$ 3375.00,1
1460,09:30:02,$ 3375.00,2
1461,09:30:02,$ 3375.00,1
1462,09:30:02,$ 3375.00,1
1463,09:30:02,$ 3375.00,6
1464,09:30:02,$ 3375.00,1
1465,09:30:02,$ 3375.00,1
1466,09:30:02,$ 3375.00,2
1467,09:30:02,$ 3375.00,3
1468,09:30:02,$ 3375.00,1
1469,09:30:02,$ 3375.00,1
1471,09:30:02,$ 3375.00,3
1472,09:30:02,$ 3375.00,25
1473,09:30:02,$ 3375.00,2
1474,09:30:02,$ 3375.00,100
1475,09:30:02,$ 3375.00,2
1476,09:30:02,$ 3375.00,1
1477,09:30:02,$ 3375.00,4
1478,09:30:02,$ 3375.00,1
1479,09:30:02,$ 3375.00,2
1480,09:30:02,$ 3375.00,25
1481,09:30:02,$ 3375.00,9
1482,09:30:02,$ 3375.00,2
1483,09:30:02,$ 3375.00,11
1484,09:30:02,$ 3375.00,2
1485,09:30:02,$ 3375.00,1
1486,09:30:02,$ 3375.00,8
1487,09:30:02,$ 3375.00,3
1488,09:30:02,$ 3375.00,1
1489,09:30:02,$ 3375.00,1
1490,09:30:02,$ 3375.00,1
1492,09:30:02,$ 3375.00,2
1493,09:30:02,$ 3375.00,2
1494,09:30:02,$ 3375.00,1
1495,09:30:02,$ 3375.00,7
1496,09:30:02,$ 3375.00,3
1497,09:30:02,$ 3375.00,2
1498,09:30:02,$ 3375.00,9
1499,09:30:02,$ 3375.00,3
1500,09:30:02,$ 3375.00,100
1501,09:30:02,$ 3375.00,1
1502,09:30:02,$ 3375.00,5
1503,09:30:02,$ 3375.00,1
1504,09:30:02,$ 3375.00,7
1505,09:30:02,$ 3375.00,2
1506,09:30:02,$ 3375.00,1
1507,09:30:02,$ 3375.00,43
1508,09:30:02,$ 3375.00,1
1509,09:30:02,$ 3375.00,5
1510,09:30:02,$ 3375.00,2
1511,09:30:02,$ 3375.00,1
1513,09:30:02,$ 3375.00,1
1514,09:30:02,$ 3375.00,1
1515,09:30:02,$ 3375.00,1
1516,09:30:02,$ 3375.00,100
1517,09:30:02,$ 3375.00,1
1518,09:30:02,$ 3375.00,1
1519,09:30:02,$ 3375.00,10
1520,09:30:02,$ 3375.00,2
1521,09:30:02,$ 3375.00,3
1522,09:30:02,$ 3375.00,10
1523,09:30:02,$ 3375.00,3
1524,09:30:02,$ 3375.00,1
1525,09:30:02,$ 3375.00,1
1526,09:30:02,$ 3375.00,4
1527,09:30:02,$ 3375.00,1
1528,09:30:02,$ 3375.00,27
1529,09:30:02,$ 3375.00,3
1530,09:30:02,$ 3375.00,1
1531,09:30:02,$ 3375.00,1
1532,09:30:02,$ 3375.00,3
1534,09:30:02,$ 3375.00,5
1535,09:30:02,$ 3375.00,1
1536,09:30:02,$ 3375.00,6
1537,09:30:02,$ 3375.00,5
1538,09:30:02,$ 3375.00,1
1539,09:30:02,$ 3375.00,1
1540,09:30:02,$ 3375.00,4
1541,09:30:02,$ 3375.00,23
1542,09:30:02,$ 3375.00,5
1543,09:30:02,$ 3375.00,1
1544,09:30:02,$ 3375.00,6
1545,09:30:02,$ 3375.00,6
1546,09:30:02,$ 3375.00,1
1547,09:30:02,$ 3375.00,1
1548,09:30:02,$ 3375.00,5
1549,09:30:02,$ 3375.00,15
1550,09:30:02,$ 3375.00,1
1551,09:30:02,$ 3375.00,1
1552,09:30:02,$ 3375.00,1
1553,09:30:02,$ 3375.00,10
1555,09:30:02,$ 3375.00,1
1556,09:30:02,$ 3375.00,1
1557,09:30:02,$ 3375.00,10
1558,09:30:02,$ 3375.00,2
1559,09:30:02,$ 3375.00,1
1560,09:30:02,$ 3375.00,3
1561,09:30:02,$ 3375.00,4
1562,09:30:02,$ 3375.00,1
1563,09:30:02,$ 3375.00,1
1564,09:30:02,$ 3375.00,2
1565,09:30:02,$ 3375.00,1
1566,09:30:02,$ 3375.00,3
1567,09:30:02,$ 3375.00,5
1568,09:30:02,$ 3375.00,3
1569,09:30:02,$ 3375.00,20
1570,09:30:02,$ 3375.00,3
1571,09:30:02,$ 3375.00,1
1572,09:30:02,$ 3375.00,1
1573,09:30:02,$ 3375.00,5
1574,09:30:02,$ 3375.00,1
1576,09:30:02,$ 3375.00,1
1577,09:30:02,$ 3375.00,1
1578,09:30:02,$ 3375.00,1
1579,09:30:02,$ 3375.00,2
1580,09:30:02,$ 3375.00,"2,000"
1581,09:30:02,$ 3375.00,5
1582,09:30:02,$ 3375.00,2
1583,09:30:02,$ 3375.00,3
1584,09:30:02,$ 3375.00,7
1585,09:30:02,$ 3375.00,1
1586,09:30:02,$ 3375.00,5
1587,09:30:02,$ 3375.00,5
1588,09:30:02,$ 3375.00,1
1589,09:30:02,$ 3375.00,1
1590,09:30:02,$ 3375.00,1
1591,09:30:02,$ 3375.00,15
1592,09:30:02,$ 3375.00,2
1593,09:30:02,$ 3375.00,25
1594,09:30:02,$ 3375.00,90
1595,09:30:02,$ 3375.00,1
1597,09:30:02,$ 3375.00,2
1598,09:30:02,$ 3375.00,1
1599,09:30:02,$ 3375.00,1
1600,09:30:02,$ 3375.00,15
1601,09:30:02,$ 3375.00,4
1602,09:30:02,$ 3375.00,2
1603,09:30:02,$ 3375.00,1
1604,09:30:02,$ 3375.00,1
1605,09:30:02,$ 3375.00,1
1606,09:30:02,$ 3375.00,6
1607,09:30:02,$ 3375.00,5
1608,09:30:02,$ 3375.00,7
1609,09:30:02,$ 3375.00,1
1610,09:30:02,$ 3375.00,2
1611,09:30:02,$ 3375.00,1
1612,09:30:02,$ 3375.00,2
1613,09:30:02,$ 3375.00,10
1614,09:30:02,$ 3375.00,1
1615,09:30:02,$ 3375.00,30
1616,09:30:02,$ 3375.00,15
1618,09:30:02,$ 3375.00,3
1619,09:30:02,$ 3375.00,1
1620,09:30:02,$ 3375.00,1
1621,09:30:02,$ 3375.00,1
1622,09:30:02,$ 3375.00,3
1623,09:30:02,$ 3375.00,9
1624,09:30:02,$ 3375.00,1
1625,09:30:02,$ 3375.00,25
1626,09:30:02,$ 3375.00,8
1627,09:30:02,$ 3375.00,1
1628,09:30:02,$ 3375.00,5
1629,09:30:02,$ 3375.00,4
1630,09:30:02,$ 3375.00,5
1631,09:30:02,$ 3375.00,59
1632,09:30:02,$ 3375.00,2
1633,09:30:02,$ 3375.00,2
1634,09:30:02,$ 3375.00,5
1635,09:30:02,$ 3375.00,10
1636,09:30:02,$ 3375.00,100
1637,09:30:02,$ 3375.00,5
1639,09:30:02,$ 3375.00,1
1640,09:30:02,$ 3375.00,1
1641,09:30:02,$ 3375.00,100
1642,09:30:02,$ 3375.00,1
1643,09:30:02,$ 3375.00,1
1644,09:30:02,$ 3375.00,1
1645,09:30:02,$ 3375.00,1
1646,09:30:02,$ 3375.00,10
1647,09:30:02,$ 3375.00,5
1648,09:30:02,$ 3375.00,3
1649,09:30:02,$ 3375.00,3
1650,09:30:02,$ 3375.00,3
1651,09:30:02,$ 3375.00,4
1652,09:30:02,$ 3375.00,2
1653,09:30:02,$ 3375.00,1
1654,09:30:02,$ 3375.00,3
1655,09:30:02,$ 3375.00,1
1656,09:30:02,$ 3375.00,1
1657,09:30:02,$ 3375.00,3
1658,09:30:02,$ 3375.00,1
1660,09:30:02,$ 3375.00,1
1661,09:30:02,$ 3375.00,1
1662,09:30:02,$ 3375.00,1
1663,09:30:02,$ 3375.00,6
1664,09:30:02,$ 3375.00,6
1665,09:30:02,$ 3375.00,1
1666,09:30:02,$ 3375.00,1
1667,09:30:02,$ 3375.00,1
1668,09:30:02,$ 3375.00,35
1669,09:30:02,$ 3375.00,2
1670,09:30:02,$ 3375.00,1
1671,09:30:02,$ 3375.00,1
1672,09:30:02,$ 3375.00,1
1673,09:30:02,$ 3375.00,2
1674,09:30:02,$ 3375.00,3
1675,09:30:02,$ 3375.00,2
1676,09:30:02,$ 3375.00,1
1677,09:30:02,$ 3375.00,1
1678,09:30:02,$ 3375.00,3
1679,09:30:02,$ 3375.00,1
1681,09:30:02,$ 3375.00,2
1682,09:30:02,$ 3375.00,2
1683,09:30:02,$ 3375.00,1
1684,09:30:02,$ 3375.00,100
1685,09:30:02,$ 3375.00,1
1686,09:30:02,$ 3375.00,1
1687,09:30:02,$ 3375.00,5
1688,09:30:02,$ 3375.00,3
1689,09:30:02,$ 3375.00,1
1690,09:30:02,$ 3375.00,1
1691,09:30:02,$ 3375.00,1
1692,09:30:02,$ 3375.00,50
1693,09:30:02,$ 3375.00,30
1694,09:30:02,$ 3375.00,1
1695,09:30:02,$ 3375.00,1
1696,09:30:02,$ 3375.00,1
1697,09:30:02,$ 3375.00,2
1698,09:30:02,$ 3375.00,1
1699,09:30:02,$ 3375.00,7
1700,09:30:02,$ 3375.00,4
1702,09:30:02,$ 3375.00,1
1703,09:30:02,$ 3375.00,1
1704,09:30:02,$ 3375.00,3
1705,09:30:02,$ 3375.00,5
1706,09:30:02,$ 3375.00,1
1707,09:30:02,$ 3375.00,1
1708,09:30:02,$ 3375.00,1
1709,09:30:02,$ 3375.00,2
1710,09:30:02,$ 3375.00,10
1711,09:30:02,$ 3375.00,3
1712,09:30:02,$ 3375.00,2
1713,09:30:02,$ 3375.00,1
1714,09:30:02,$ 3375.00,1
1715,09:30:02,$ 3375.00,1
1716,09:30:02,$ 3375.00,2
1717,09:30:02,$ 3375.00,2
1718,09:30:02,$ 3375.00,60
1719,09:30:02,$ 3375.00,1
1720,09:30:02,$ 3375.00,1
1721,09:30:02,$ 3375.00,1
1723,09:30:02,$ 3375.00,8
1724,09:30:02,$ 3375.00,6
1725,09:30:02,$ 3375.00,1
1726,09:30:02,$ 3375.00,1
1727,09:30:02,$ 3375.00,5
1728,09:30:02,$ 3375.00,1
1729,09:30:02,$ 3375.00,9
1730,09:30:02,$ 3375.00,10
1731,09:30:02,$ 3375.00,2
1732,09:30:02,$ 3375.00,2
1733,09:30:02,$ 3375.00,1
1734,09:30:02,$ 3375.00,1
1735,09:30:02,$ 3375.00,55
1736,09:30:02,$ 3375.00,2
1737,09:30:02,$ 3375.00,1
1738,09:30:02,$ 3375.00,3
1739,09:30:02,$ 3375.00,3
1740,09:30:02,$ 3375.00,1
1741,09:30:02,$ 3375.00,2
1742,09:30:02,$ 3375.00,9
1744,09:30:02,$ 3375.00,100
1745,09:30:02,$ 3375.00,2
1746,09:30:02,$ 3375.00,55
1747,09:30:02,$ 3375.00,7
1748,09:30:02,$ 3375.00,1
1749,09:30:02,$ 3375.00,14
1750,09:30:02,$ 3375.00,2
1751,09:30:02,$ 3375.00,5
1752,09:30:02,$ 3375.00,2
1753,09:30:02,$ 3375.00,4
1754,09:30:02,$ 3375.00,8
1755,09:30:02,$ 3375.00,2
1756,09:30:02,$ 3375.00,2
1757,09:30:02,$ 3375.00,2
1758,09:30:02,$ 3375.00,1
1759,09:30:02,$ 3375.00,1
1760,09:30:02,$ 3375.00,1
1761,09:30:02,$ 3375.00,3
1762,09:30:02,$ 3375.00,2
1763,09:30:02,$ 3375.00,2
1765,09:30:02,$ 3375.00,100
1766,09:30:02,$ 3375.00,3
1767,09:30:02,$ 3375.00,1
1768,09:30:02,$ 3375.00,10
1769,09:30:02,$ 3375.00,1
1770,09:30:02,$ 3375.00,1
1771,09:30:02,$ 3375.00,1
1772,09:30:02,$ 3375.00,25
1773,09:30:02,$ 3375.00,1
1774,09:30:02,$ 3375.00,3
1775,09:30:02,$ 3375.00,3
1776,09:30:02,$ 3375.00,1
1777,09:30:02,$ 3375.00,3
1778,09:30:02,$ 3375.00,2
1779,09:30:02,$ 3375.00,17
1780,09:30:02,$ 3375.00,42
1781,09:30:02,$ 3375.00,2
1782,09:30:02,$ 3375.00,1
1783,09:30:02,$ 3375.00,1
1784,09:30:02,$ 3375.00,5
1786,09:30:02,$ 3375.00,20
1787,09:30:02,$ 3375.00,3
1788,09:30:02,$ 3375.00,1
1789,09:30:02,$ 3375.00,3
1790,09:30:02,$ 3375.00,1
1791,09:30:02,$ 3375.00,1
1792,09:30:02,$ 3375.00,1
1793,09:30:02,$ 3375.00,1
1794,09:30:02,$ 3375.00,1
1795,09:30:02,$ 3375.00,5
1796,09:30:02,$ 3375.00,2
1797,09:30:02,$ 3375.00,5
1798,09:30:02,$ 3375.00,3
1799,09:30:02,$ 3375.00,1
1800,09:30:02,$ 3375.00,10
1801,09:30:02,$ 3375.00,1
1802,09:30:02,$ 3375.00,2
1803,09:30:02,$ 3375.00,5
1804,09:30:02,$ 3375.00,2
1805,09:30:02,$ 3375.00,2
1807,09:30:02,$ 3375.00,1
1808,09:30:02,$ 3375.00,1
1809,09:30:02,$ 3375.00,3
1810,09:30:02,$ 3375.00,2
1811,09:30:02,$ 3375.00,1
1812,09:30:02,$ 3375.00,500
1813,09:30:02,$ 3375.00,3
1814,09:30:02,$ 3375.00,1
1815,09:30:02,$ 3375.00,15
1816,09:30:02,$ 3375.00,2
1817,09:30:02,$ 3375.00,2
1818,09:30:02,$ 3375.00,20
1819,09:30:02,$ 3375.00,7
1820,09:30:02,$ 3375.00,1
1821,09:30:02,$ 3375.00,10
1822,09:30:02,$ 3375.00,3
1823,09:30:02,$ 3375.00,3
1824,09:30:02,$ 3375.00,1
1825,09:30:02,$ 3375.00,2
1826,09:30:02,$ 3375.00,1
1828,09:30:02,$ 3375.00,1
1829,09:30:02,$ 3375.00,2
1830,09:30:02,$ 3375.00,1
1831,09:30:02,$ 3375.00,1
1832,09:30:02,$ 3375.00,2
1833,09:30:02,$ 3375.00,1
1834,09:30:02,$ 3375.00,20
1835,09:30:02,$ 3375.00,1
1836,09:30:02,$ 3375.00,1
1837,09:30:02,$ 3375.00,1
1838,09:30:02,$ 3375.00,10
1839,09:30:02,$ 3375.00,1
1840,09:30:02,$ 3375.00,1
1841,09:30:02,$ 3375.00,1
1842,09:30:02,$ 3375.00,1
1843,09:30:02,$ 3375.00,1
1844,09:30:02,$ 3375.00,1
1845,09:30:02,$ 3375.00,1
1846,09:30:02,$ 3375.00,1
1847,09:30:02,$ 3375.00,1
1849,09:30:02,$ 3375.00,1
1850,09:30:02,$ 3375.00,1
1851,09:30:02,$ 3375.00,1
1852,09:30:02,$ 3375.00,1
1853,09:30:02,$ 3375.00,1
1854,09:30:02,$ 3375.00,1
1855,09:30:02,$ 3375.00,1
1856,09:30:02,$ 3375.00,1
1857,09:30:02,$ 3375.00,1
1858,09:30:02,$ 3375.00,1
1859,09:30:02,$ 3375.00,1
1860,09:30:02,$ 3375.00,1
1861,09:30:02,$ 3375.00,1
1862,09:30:02,$ 3375.00,1
1863,09:30:02,$ 3375.00,1
1864,09:30:02,$ 3375.00,1
1865,09:30:02,$ 3375.00,1
1866,09:30:02,$ 3375.00,1
1867,09:30:02,$ 3375.00,1
1868,09:30:02,$ 3375.00,1
1870,09:30:02,$ 3375.00,1
1871,09:30:02,$ 3375.00,1
1872,09:30:02,$ 3375.00,1
1873,09:30:02,$ 3375.00,1
1874,09:30:02,$ 3375.00,1
1875,09:30:02,$ 3375.00,1
1876,09:30:02,$ 3375.00,1
1877,09:30:02,$ 3375.00,1
1878,09:30:02,$ 3375.00,1
1879,09:30:02,$ 3375.00,1
1880,09:30:02,$ 3375.00,1
1881,09:30:02,$ 3375.00,1
1882,09:30:02,$ 3375.00,1
1883,09:30:02,$ 3375.00,1
1884,09:30:02,$ 3375.00,2
1885,09:30:02,$ 3375.00,1
1886,09:30:02,$ 3375.00,1
1887,09:30:02,$ 3375.00,1
1888,09:30:02,$ 3375.00,1
1889,09:30:02,$ 3375.00,1
1891,09:30:02,$ 3375.00,1
1892,09:30:02,$ 3375.00,1
1893,09:30:02,$ 3375.00,2
1894,09:30:02,$ 3375.00,1
1895,09:30:02,$ 3375.00,1
1896,09:30:02,$ 3375.00,1
1897,09:30:02,$ 3375.00,1
1898,09:30:02,$ 3375.00,1
1899,09:30:02,$ 3375.00,1
1900,09:30:02,$ 3375.00,1
1901,09:30:02,$ 3375.00,1
1902,09:30:02,$ 3375.00,"2,000"
1903,09:30:02,$ 3375.00,3
1904,09:30:02,$ 3375.00,1
1905,09:30:02,$ 3375.00,1
1906,09:30:02,$ 3375.00,1
1907,09:30:02,$ 3375.00,1
1908,09:30:02,$ 3375.00,1
1909,09:30:02,$ 3375.00,2
1910,09:30:02,$ 3375.00,1
1912,09:30:02,$ 3375.00,7
1913,09:30:02,$ 3375.00,5
1914,09:30:02,$ 3375.00,1
1915,09:30:02,$ 3375.00,1
1916,09:30:02,$ 3375.00,11
1917,09:30:02,$ 3375.00,3
1918,09:30:02,$ 3375.00,1
1919,09:30:02,$ 3375.00,20
1920,09:30:02,$ 3375.00,1
1921,09:30:02,$ 3375.00,6
1922,09:30:02,$ 3375.00,10
1923,09:30:02,$ 3375.00,1
1924,09:30:02,$ 3375.00,1
1925,09:30:02,$ 3375.00,3
1926,09:30:02,$ 3375.00,212
1927,09:30:02,$ 3375.00,1
1928,09:30:02,$ 3375.00,10
1929,09:30:02,$ 3375.00,12
1930,09:30:02,$ 3375.00,2
1931,09:30:02,$ 3375.00,5
1933,09:30:02,$ 3375.00,1
1934,09:30:02,$ 3375.00,1
1935,09:30:02,$ 3375.00,1
1936,09:30:02,$ 3375.00,1
1937,09:30:02,$ 3375.00,2
1938,09:30:02,$ 3375.00,12
1939,09:30:02,$ 3375.00,1
1940,09:30:02,$ 3375.00,3
1941,09:30:02,$ 3375.00,50
1942,09:30:02,$ 3375.00,2
1943,09:30:02,$ 3375.00,5
1944,09:30:02,$ 3375.00,3
1945,09:30:02,$ 3375.00,2
1946,09:30:02,$ 3375.00,1
1947,09:30:02,$ 3375.00,1
1948,09:30:02,$ 3375.00,4
1949,09:30:02,$ 3375.00,50
1950,09:30:02,$ 3375.00,5
1951,09:30:02,$ 3375.00,6
1952,09:30:02,$ 3375.00,6
1954,09:30:02,$ 3375.00,15
1955,09:30:02,$ 3375.00,1
1956,09:30:02,$ 3375.00,2
1957,09:30:02,$ 3375.00,1
1958,09:30:02,$ 3375.00,60
1959,09:30:02,$ 3375.00,1
1960,09:30:02,$ 3375.00,1
1961,09:30:02,$ 3375.00,1
1962,09:30:02,$ 3375.00,2
1963,09:30:02,$ 3375.00,1
1964,09:30:02,$ 3375.00,1
1965,09:30:02,$ 3375.00,1
1966,09:30:02,$ 3375.00,9
1967,09:30:02,$ 3375.00,200
1968,09:30:02,$ 3375.00,1
1969,09:30:02,$ 3375.00,1
1970,09:30:02,$ 3375.00,1
1971,09:30:02,$ 3375.00,1
1972,09:30:02,$ 3375.00,12
1973,09:30:02,$ 3375.00,10
1975,09:30:02,$ 3375.00,10
1976,09:30:02,$ 3375.00,1
1977,09:30:02,$ 3375.00,1
1978,09:30:02,$ 3375.00,1
1979,09:30:02,$ 3375.00,5
1980,09:30:02,$ 3375.00,1
1981,09:30:02,$ 3375.00,1
1982,09:30:02,$ 3375.00,10
1983,09:30:02,$ 3375.00,1
1984,09:30:02,$ 3375.00,3
1985,09:30:02,$ 3375.00,3
1986,09:30:02,$ 3375.00,15
1987,09:30:02,$ 3375.00,1
1988,09:30:02,$ 3375.00,1
1989,09:30:02,$ 3375.00,2
1990,09:30:02,$ 3375.00,1
1991,09:30:02,$ 3375.00,1
1992,09:30:02,$ 3375.00,1
1993,09:30:02,$ 3375.00,1
1994,09:30:02,$ 3375.00,1
1996,09:30:02,$ 3375.00,1
1997,09:30:02,$ 3375.00,1
1998,09:30:02,$ 3375.00,1
1999,09:30:02,$ 3375.00,1
2000,09:30:02,$ 3375.00,1
2001,09:30:02,$ 3375.00,1
2002,09:30:02,$ 3375.00,1
2003,09:30:02,$ 3375.00,1
2004,09:30:02,$ 3375.00,1
2005,09:30:02,$ 3375.00,1
2006,09:30:02,$ 3375.00,1
2007,09:30:02,$ 3375.00,11
2008,09:30:02,$ 3375.00,1
2009,09:30:02,$ 3375.00,1
2010,09:30:02,$ 3375.00,1
2011,09:30:02,$ 3375.00,1
2012,09:30:02,$ 3375.00,2
2013,09:30:02,$ 3375.00,1
2014,09:30:02,$ 3375.00,1
2015,09:30:02,$ 3375.00,10
2017,09:30:02,$ 3375.00,1
2018,09:30:02,$ 3375.00,2
2019,09:30:02,$ 3375.00,1
2020,09:30:02,$ 3375.00,10
2021,09:30:02,$ 3375.00,1
2022,09:30:02,$ 3375.00,1
2023,09:30:02,$ 3375.00,2
2024,09:30:02,$ 3375.00,1
2025,09:30:02,$ 3375.00,5
2026,09:30:02,$ 3375.00,2
2027,09:30:02,$ 3375.00,5
2028,09:30:02,$ 3375.00,1
2029,09:30:02,$ 3375.00,5
2030,09:30:02,$ 3375.00,4
2031,09:30:02,$ 3375.00,2
2032,09:30:02,$ 3375.00,1
2033,09:30:02,$ 3375.00,3
2034,09:30:02,$ 3375.00,5
2035,09:30:02,$ 3375.00,1
2036,09:30:02,$ 3375.00,1
2038,09:30:02,$ 3375.00,2
2039,09:30:02,$ 3375.00,1
2040,09:30:02,$ 3375.00,2
2041,09:30:02,$ 3375.00,5
2042,09:30:02,$ 3375.00,1
2043,09:30:02,$ 3375.00,1
2044,09:30:02,$ 3375.00,1
2045,09:30:02,$ 3375.00,8
2046,09:30:02,$ 3375.00,1
2047,09:30:02,$ 3375.00,3
2048,09:30:02,$ 3375.00,1
2049,09:30:02,$ 3375.00,3
2050,09:30:02,$ 3375.00,1
2051,09:30:02,$ 3375.00,2
2052,09:30:02,$ 3375.00,1
2053,09:30:02,$ 3375.00,1
2054,09:30:02,$ 3375.00,1
2055,09:30:02,$ 3375.00,10
2056,09:30:02,$ 3375.00,1
2057,09:30:02,$ 3375.00,1
2059,09:30:02,$ 3375.00,5
2060,09:30:02,$ 3375.00,1
2061,09:30:02,$ 3375.00,1
2062,09:30:02,$ 3375.00,4
2063,09:30:02,$ 3375.00,1
2064,09:30:02,$ 3375.00,25
2065,09:30:02,$ 3375.00,3
2066,09:30:02,$ 3375.00,1
2067,09:30:02,$ 3375.00,2
2068,09:30:02,$ 3375.00,1
2069,09:30:02,$ 3375.00,25
2070,09:30:02,$ 3375.00,1
2071,09:30:02,$ 3375.00,8
2072,09:30:02,$ 3375.00,1
2073,09:30:02,$ 3375.00,1
2074,09:30:02,$ 3375.00,2
2075,09:30:02,$ 3375.00,1
2076,09:30:02,$ 3375.00,1
2077,09:30:02,$ 3375.00,1
2078,09:30:02,$ 3375.00,1
2080,09:30:02,$ 3375.00,4
2081,09:30:02,$ 3375.00,1
2082,09:30:02,$ 3375.00,1
2083,09:30:02,$ 3375.00,4
2084,09:30:02,$ 3375.00,4
2085,09:30:02,$ 3375.00,6
2086,09:30:02,$ 3375.00,26
2087,09:30:02,$ 3375.00,246
2088,09:30:02,$ 3375.00,2
2089,09:30:02,$ 3375.00,2
2090,09:30:02,$ 3375.00,3
2091,09:30:02,$ 3375.00,6
2092,09:30:02,$ 3375.00,100
2093,09:30:02,$ 3375.00,1
2094,09:30:02,$ 3375.00,1
2095,09:30:02,$ 3375.00,3
2096,09:30:02,$ 3375.00,3
2097,09:30:02,$ 3375.00,9
2098,09:30:02,$ 3375.00,1
2099,09:30:02,$ 3375.00,1
2101,09:30:02,$ 3375.00,10
2102,09:30:02,$ 3375.00,10
2103,09:30:02,$ 3375.00,498
2104,09:30:02,$ 3375.00,141
2105,09:30:02,$ 3375.00,20
2106,09:30:02,$ 3375.00,90
2107,09:30:02,$ 3375.00,3
2108,09:30:02,$ 3375.00,1
2109,09:30:02,$ 3375.00,219
2110,09:30:02,$ 3375.00,5
2111,09:30:02,$ 3375.00,18
2112,09:30:02,$ 3375.00,10
2113,09:30:02,$ 3375.00,3
2114,09:30:02,$ 3375.00,5
2115,09:30:02,$ 3375.00,6
2116,09:30:02,$ 3375.00,6
2117,09:30:02,$ 3375.00,3
2118,09:30:02,$ 3375.00,60
2119,09:30:02,$ 3375.00,3
2120,09:30:02,$ 3375.00,"1,611"
2122,09:30:02,$ 3375.00,68
2123,09:30:02,$ 3375.00,1
2124,09:30:02,$ 3375.00,15
2125,09:30:02,$ 3375.00,8
2126,09:30:02,$ 3375.00,6
2127,09:30:02,$ 3375.00,55
2128,09:30:02,$ 3375.00,13
2129,09:30:02,$ 3375.00,1
2130,09:30:02,$ 3375.00,5
2131,09:30:02,$ 3375.00,3
2132,09:30:02,$ 3375.00,1
2133,09:30:02,$ 3375.00,50
2134,09:30:02,$ 3375.00,5
2135,09:30:02,$ 3375.00,3
2136,09:30:02,$ 3375.00,256
2137,09:30:02,$ 3375.00,3
2138,09:30:02,$ 3375.00,1
2139,09:30:02,$ 3375.00,50
2140,09:30:02,$ 3375.00,4
2141,09:30:02,$ 3375.00,240
2143,09:30:02,$ 3375.00,2
2144,09:30:02,$ 3375.00,2
2145,09:30:02,$ 3375.00,2
2146,09:30:02,$ 3375.00,1
2147,09:30:02,$ 3375.00,20
2148,09:30:02,$ 3375.00,7
2149,09:30:02,$ 3375.00,2
2150,09:30:02,$ 3375.00,4
2151,09:30:02,$ 3375.00,1
2152,09:30:02,$ 3375.00,256
2153,09:30:02,$ 3375.00,1
2154,09:30:02,$ 3375.00,1
2155,09:30:02,$ 3375.00,5
2156,09:30:02,$ 3375.00,4
2157,09:30:02,$ 3375.00,3
2158,09:30:02,$ 3375.00,1
2159,09:30:02,$ 3375.00,16
2160,09:30:02,$ 3375.00,3
2161,09:30:02,$ 3375.00,4
2162,09:30:02,$ 3375.00,5
2164,09:30:02,$ 3375.00,8
2165,09:30:02,$ 3375.00,1
2166,09:30:02,$ 3375.00,8
2167,09:30:02,$ 3375.00,1
2168,09:30:02,$ 3375.00,2
2169,09:30:02,$ 3375.00,4
2170,09:30:02,$ 3375.00,1
2171,09:30:02,$ 3375.00,1
2172,09:30:02,$ 3375.00,1
2173,09:30:02,$ 3375.00,3
2174,09:30:02,$ 3375.00,4
2175,09:30:02,$ 3375.00,2
2176,09:30:02,$ 3375.00,4
2177,09:30:02,$ 3375.00,2
2178,09:30:02,$ 3375.00,25
2179,09:30:02,$ 3375.00,3
2180,09:30:02,$ 3375.00,4
2181,09:30:02,$ 3375.00,4
2182,09:30:02,$ 3375.00,8
2183,09:30:02,$ 3375.00,1
2185,09:30:02,$ 3375.00,50
2186,09:30:02,$ 3375.00,10
2187,09:30:02,$ 3375.00,5
2188,09:30:02,$ 3375.00,3
2189,09:30:02,$ 3375.00,4
2190,09:30:02,$ 3375.00,4
2191,09:30:02,$ 3375.00,7
2192,09:30:02,$ 3375.00,6
2193,09:30:02,$ 3375.00,1
2194,09:30:02,$ 3375.00,1
2195,09:30:02,$ 3375.00,1
2196,09:30:02,$ 3375.00,70
2197,09:30:02,$ 3375.00,20
2198,09:30:02,$ 3375.00,9
2199,09:30:02,$ 3375.00,1
2200,09:30:02,$ 3375.00,5
2201,09:30:02,$ 3375.00,1
2202,09:30:02,$ 3375.00,1
2203,09:30:02,$ 3375.00,5
2204,09:30:02,$ 3375.00,1
2206,09:30:02,$ 3375.00,1
2207,09:30:02,$ 3375.00,1
2208,09:30:02,$ 3375.00,5
2209,09:30:02,$ 3375.00,100
2210,09:30:02,$ 3375.00,5
2211,09:30:02,$ 3375.00,18
2212,09:30:02,$ 3375.00,1
2213,09:30:02,$ 3375.00,2
2214,09:30:02,$ 3375.00,1
2215,09:30:02,$ 3375.00,1
2216,09:30:02,$ 3375.00,1
2217,09:30:02,$ 3375.00,1
2218,09:30:02,$ 3375.00,3
2219,09:30:02,$ 3375.00,50
2220,09:30:02,$ 3375.00,6
2221,09:30:02,$ 3375.00,595
2222,09:30:02,$ 3375.00,1
2223,09:30:02,$ 3375.00,1
2224,09:30:02,$ 3375.00,40
2225,09:30:02,$ 3375.00,22
2227,09:30:02,$ 3375.00,3
2228,09:30:02,$ 3375.00,1
2229,09:30:02,$ 3375.00,3
2230,09:30:02,$ 3375.00,1
2231,09:30:02,$ 3375.00,9
2232,09:30:02,$ 3375.00,19
2233,09:30:02,$ 3375.00,4
2234,09:30:02,$ 3375.00,7
2235,09:30:02,$ 3375.00,8
2236,09:30:02,$ 3375.00,8
2237,09:30:02,$ 3375.00,15
2238,09:30:02,$ 3375.00,4
2239,09:30:02,$ 3375.00,5
2240,09:30:02,$ 3375.00,9
2241,09:30:02,$ 3375.00,7
2242,09:30:02,$ 3375.00,4
2243,09:30:02,$ 3375.00,9
2244,09:30:02,$ 3375.00,11
2245,09:30:02,$ 3375.00,66
2246,09:30:02,$ 3375.00,239
2248,09:30:02,$ 3375.00,2
2249,09:30:02,$ 3375.00,17
2250,09:30:02,$ 3375.00,4
2251,09:30:02,$ 3375.00,11
2252,09:30:02,$ 3375.00,6
2253,09:30:02,$ 3375.00,11
2254,09:30:02,$ 3375.00,4
2255,09:30:02,$ 3375.00,2
2256,09:30:02,$ 3375.00,10
2257,09:30:02,$ 3375.00,10
2258,09:30:02,$ 3375.00,2
2259,09:30:02,$ 3375.00,3
2260,09:30:02,$ 3375.00,1
2261,09:30:02,$ 3375.00,17
2262,09:30:02,$ 3375.00,3
2263,09:30:02,$ 3375.00,2
2264,09:30:02,$ 3375.00,1
2265,09:30:02,$ 3375.00,1
2266,09:30:02,$ 3375.00,2
2267,09:30:02,$ 3375.00,1
2269,09:30:02,$ 3375.00,1
2270,09:30:02,$ 3375.00,1
2271,09:30:02,$ 3375.00,1
2272,09:30:02,$ 3375.00,1
2273,09:30:02,$ 3375.00,3
2274,09:30:02,$ 3375.00,1
2275,09:30:02,$ 3375.00,2
2276,09:30:02,$ 3375.00,230
2277,09:30:02,$ 3375.00,100
2278,09:30:02,$ 3375.00,1
2279,09:30:02,$ 3375.00,22
2280,09:30:02,$ 3375.00,1
2281,09:30:02,$ 3375.00,15
2282,09:30:02,$ 3375.00,2
2283,09:30:02,$ 3375.00,3
2284,09:30:02,$ 3375.00,26
2285,09:30:02,$ 3375.00,1
2286,09:30:02,$ 3375.00,1
2287,09:30:02,$ 3375.00,10
2288,09:30:02,$ 3375.00,1
2290,09:30:02,$ 3375.00,4
2291,09:30:02,$ 3375.00,5
2292,09:30:02,$ 3375.00,4
2293,09:30:02,$ 3375.00,1
2294,09:30:02,$ 3375.00,10
2295,09:30:02,$ 3375.00,1
2296,09:30:02,$ 3375.00,5
2297,09:30:02,$ 3375.00,3
2298,09:30:02,$ 3375.00,2
2299,09:30:02,$ 3375.00,99
2300,09:30:02,$ 3375.00,1
2301,09:30:02,$ 3375.00,1
2302,09:30:02,$ 3375.00,1
2303,09:30:02,$ 3375.00,25
2304,09:30:02,$ 3375.00,10
2305,09:30:02,$ 3375.00,843
2306,09:30:02,$ 3375.00,162
2307,09:30:02,$ 3375.00,15
2308,09:30:02,$ 3375.00,10
2309,09:30:02,$ 3375.00,3
2311,09:30:02,$ 3375.00,9
2312,09:30:02,$ 3375.00,1
2313,09:30:02,$ 3375.00,10
2314,09:30:02,$ 3375.00,4
2315,09:30:02,$ 3375.00,2
2316,09:30:02,$ 3375.00,1
2317,09:30:02,$ 3375.00,1
2318,09:30:02,$ 3375.00,15
2319,09:30:02,$ 3375.00,750
2320,09:30:02,$ 3375.00,2
2321,09:30:02,$ 3375.00,8
2322,09:30:02,$ 3375.00,2
2323,09:30:02,$ 3375.00,1
2324,09:30:02,$ 3375.00,7
2325,09:30:02,$ 3375.00,9
2326,09:30:02,$ 3375.00,2
2327,09:30:02,$ 3375.00,1
2328,09:30:02,$ 3375.00,5
2329,09:30:02,$ 3375.00,2
2330,09:30:02,$ 3375.00,3
2332,09:30:02,$ 3375.00,4
2333,09:30:02,$ 3375.00,110
2334,09:30:02,$ 3375.00,3
2335,09:30:02,$ 3375.00,1
2336,09:30:02,$ 3375.00,3
2337,09:30:02,$ 3375.00,1
2338,09:30:02,$ 3375.00,100
2339,09:30:02,$ 3375.00,158
2340,09:30:02,$ 3375.00,3
2341,09:30:02,$ 3375.00,1
2342,09:30:02,$ 3375.00,15
2343,09:30:02,$ 3375.00,11
2344,09:30:02,$ 3375.00,5
2345,09:30:02,$ 3375.00,5
2346,09:30:02,$ 3375.00,5
2347,09:30:02,$ 3375.00,4
2348,09:30:02,$ 3375.00,11
2349,09:30:02,$ 3375.00,5
2350,09:30:02,$ 3375.00,7
2351,09:30:02,$ 3375.00,1
2353,09:30:02,$ 3375.00,2
2354,09:30:02,$ 3375.00,1
2355,09:30:02,$ 3375.00,1
2356,09:30:02,$ 3375.00,30
2357,09:30:02,$ 3375.00,2
2358,09:30:02,$ 3375.00,6
2359,09:30:02,$ 3375.00,6
2360,09:30:02,$ 3375.00,2
2361,09:30:02,$ 3375.00,20
2362,09:30:02,$ 3375.00,1
2363,09:30:02,$ 3375.00,10
2364,09:30:02,$ 3375.00,1
2365,09:30:02,$ 3375.00,1
2366,09:30:02,$ 3375.00,1
2367,09:30:02,$ 3375.00,4
2368,09:30:02,$ 3375.00,5
2369,09:30:02,$ 3375.00,25
2370,09:30:02,$ 3375.00,5
2371,09:30:02,$ 3375.00,"1,500"
2372,09:30:02,$ 3375.00,4
2374,09:30:02,$ 3375.00,2
2375,09:30:02,$ 3375.00,2
2376,09:30:02,$ 3375.00,1
2377,09:30:02,$ 3375.00,10
2378,09:30:02,$ 3375.00,3
2379,09:30:02,$ 3375.00,1
2380,09:30:02,$ 3375.00,2
2381,09:30:02,$ 3375.00,1
2382,09:30:02,$ 3375.00,1
2383,09:30:02,$ 3375.00,10
2384,09:30:02,$ 3375.00,1
2385,09:30:02,$ 3375.00,5
2386,09:30:02,$ 3375.00,10
2387,09:30:02,$ 3375.00,7
2388,09:30:02,$ 3375.00,1
2389,09:30:02,$ 3375.00,10
2390,09:30:02,$ 3375.00,2
2391,09:30:02,$ 3375.00,2
2392,09:30:02,$ 3375.00,4
2393,09:30:02,$ 3375.00,1
2395,09:30:02,$ 3375.00,3
2396,09:30:02,$ 3375.00,1
2397,09:30:02,$ 3375.00,8
2398,09:30:02,$ 3375.00,1
2399,09:30:02,$ 3375.00,1
2400,09:30:02,$ 3375.00,1
2401,09:30:02,$ 3375.00,300
2402,09:30:02,$ 3375.00,5
2403,09:30:02,$ 3375.00,1
2404,09:30:02,$ 3375.00,1
2405,09:30:02,$ 3375.00,8
2406,09:30:02,$ 3375.00,1
2407,09:30:02,$ 3375.00,3
2408,09:30:02,$ 3375.00,5
2409,09:30:02,$ 3375.00,3
2410,09:30:02,$ 3375.00,3
2411,09:30:02,$ 3375.00,1
2412,09:30:02,$ 3375.00,10
2413,09:30:02,$ 3375.00,2
2414,09:30:02,$ 3375.00,3
2416,09:30:02,$ 3375.00,1
2417,09:30:02,$ 3375.00,102
2418,09:30:02,$ 3375.00,4
2419,09:30:02,$ 3375.00,15
2420,09:30:02,$ 3375.00,10
2421,09:30:02,$ 3375.00,1
2422,09:30:02,$ 3375.00,1
2423,09:30:02,$ 3375.00,7
2424,09:30:02,$ 3375.00,1
2425,09:30:02,$ 3375.00,1
2426,09:30:02,$ 3375.00,1
2427,09:30:02,$ 3375.00,3
2428,09:30:02,$ 3375.00,2
2429,09:30:02,$ 3375.00,1
2430,09:30:02,$ 3375.00,1
2431,09:30:02,$ 3375.00,1
2432,09:30:02,$ 3375.00,3
2433,09:30:02,$ 3375.00,38
2434,09:30:02,$ 3375.00,16
2435,09:30:02,$ 3375.00,10
2437,09:30:02,$ 3375.00,13
2438,09:30:02,$ 3375.00,7
2439,09:30:02,$ 3375.00,1
2440,09:30:02,$ 3375.00,6
2441,09:30:02,$ 3375.00,50
2442,09:30:02,$ 3375.00,1
2443,09:30:02,$ 3375.00,1
2444,09:30:02,$ 3375.00,1
2445,09:30:02,$ 3375.00,1
2446,09:30:02,$ 3375.00,2
2447,09:30:02,$ 3375.00,2
2448,09:30:02,$ 3375.00,1
2449,09:30:02,$ 3375.00,3
2450,09:30:02,$ 3375.00,20
2451,09:30:02,$ 3375.00,1
2452,09:30:02,$ 3375.00,1
2453,09:30:02,$ 3375.00,30
2454,09:30:02,$ 3375.00,1
2455,09:30:02,$ 3375.00,21
2456,09:30:02,$ 3375.00,11
2458,09:30:02,$ 3375.00,2
2459,09:30:02,$ 3375.00,118
2460,09:30:02,$ 3375.00,186
2461,09:30:02,$ 3375.00,22
2462,09:30:02,$ 3375.00,2
2463,09:30:02,$ 3375.00,3
2464,09:30:02,$ 3375.00,1
2465,09:30:02,$ 3375.00,7
2466,09:30:02,$ 3375.00,1
2467,09:30:02,$ 3375.00,3
2468,09:30:02,$ 3375.00,1
2469,09:30:02,$ 3375.00,1
2470,09:30:02,$ 3375.00,5
2471,09:30:02,$ 3375.00,500
2472,09:30:02,$ 3375.00,1
2473,09:30:02,$ 3375.00,2
2474,09:30:02,$ 3375.00,1
2475,09:30:02,$ 3375.00,100
2476,09:30:02,$ 3375.00,1
2477,09:30:02,$ 3375.00,4
2479,09:30:02,$ 3375.00,3
2480,09:30:02,$ 3375.00,2
2481,09:30:02,$ 3375.00,10
2482,09:30:02,$ 3375.00,2
2483,09:30:02,$ 3375.00,1
2484,09:30:02,$ 3375.00,239
2485,09:30:02,$ 3375.00,10
2486,09:30:02,$ 3375.00,5
2487,09:30:02,$ 3375.00,53
2488,09:30:02,$ 3375.00,50
2489,09:30:02,$ 3375.00,2
2490,09:30:02,$ 3375.00,205
2491,09:30:02,$ 3375.00,2
2492,09:30:02,$ 3375.00,2
2493,09:30:02,$ 3375.00,1
2494,09:30:02,$ 3375.00,2
2495,09:30:02,$ 3375.00,2
2496,09:30:02,$ 3375.00,39
2497,09:30:02,$ 3375.00,300
2498,09:30:02,$ 3375.00,3
2500,09:30:02,$ 3375.00,2
2501,09:30:02,$ 3375.00,1
2502,09:30:02,$ 3375.00,17
2503,09:30:02,$ 3375.00,5
2504,09:30:02,$ 3375.00,5
2505,09:30:02,$ 3375.00,18
2506,09:30:02,$ 3375.00,10
2507,09:30:02,$ 3375.00,1
2508,09:30:02,$ 3375.00,1
2509,09:30:02,$ 3375.00,1
2510,09:30:02,$ 3375.00,7
2511,09:30:02,$ 3375.00,3
2512,09:30:02,$ 3375.00,1
2513,09:30:02,$ 3375.00,2
2514,09:30:02,$ 3375.00,1
2515,09:30:02,$ 3375.00,3
2516,09:30:02,$ 3375.00,5
2517,09:30:02,$ 3375.00,2
2518,09:30:02,$ 3375.00,300
2519,09:30:02,$ 3375.00,1
2521,09:30:02,$ 3375.00,1
2522,09:30:02,$ 3375.00,1
2523,09:30:02,$ 3375.00,1
2524,09:30:02,$ 3375.00,6
2525,09:30:02,$ 3375.00,1
2526,09:30:02,$ 3375.00,10
2527,09:30:02,$ 3375.00,5
2528,09:30:02,$ 3375.00,8
2529,09:30:02,$ 3375.00,4
2530,09:30:02,$ 3375.00,5
2531,09:30:02,$ 3375.00,200
2532,09:30:02,$ 3375.00,5
2533,09:30:02,$ 3375.00,2
2534,09:30:02,$ 3375.00,2
2535,09:30:02,$ 3375.00,20
2536,09:30:02,$ 3375.00,20
2537,09:30:02,$ 3375.00,1
2538,09:30:02,$ 3375.00,1
2539,09:30:02,$ 3375.00,1
2540,09:30:02,$ 3375.00,1
2542,09:30:02,$ 3375.00,25
2543,09:30:02,$ 3375.00,20
2544,09:30:02,$ 3375.00,1
2545,09:30:02,$ 3375.00,10
2546,09:30:02,$ 3375.00,3
2547,09:30:02,$ 3375.00,1
2548,09:30:02,$ 3375.00,9
2549,09:30:02,$ 3375.00,9
2550,09:30:02,$ 3375.00,1
2551,09:30:02,$ 3375.00,14
2552,09:30:02,$ 3375.00,1
2553,09:30:02,$ 3375.00,9
2554,09:30:02,$ 3375.00,1
2555,09:30:02,$ 3375.00,29
2556,09:30:02,$ 3375.00,10
2557,09:30:02,$ 3375.00,1
2558,09:30:02,$ 3375.00,29
2559,09:30:02,$ 3375.00,3
2560,09:30:02,$ 3375.00,6
2561,09:30:02,$ 3375.00,7
2563,09:30:02,$ 3375.00,26
2564,09:30:02,$ 3375.00,2
2565,09:30:02,$ 3375.00,10
2566,09:30:02,$ 3375.00,10
2567,09:30:02,$ 3375.00,3
2568,09:30:02,$ 3375.00,7
2569,09:30:02,$ 3375.00,2
2570,09:30:02,$ 3375.00,2
2571,09:30:02,$ 3375.00,10
2572,09:30:02,$ 3375.00,202
2573,09:30:02,$ 3375.00,1
2574,09:30:02,$ 3375.00,1
2575,09:30:02,$ 3375.00,1
2576,09:30:02,$ 3375.00,2
2577,09:30:02,$ 3375.00,3
2578,09:30:02,$ 3375.00,3
2579,09:30:02,$ 3375.00,2
2580,09:30:02,$ 3375.00,11
2581,09:30:02,$ 3375.00,49
2582,09:30:02,$ 3375.00,117
2584,09:30:02,$ 3375.00,25
2585,09:30:02,$ 3375.00,3
2586,09:30:02,$ 3375.00,1
2587,09:30:02,$ 3375.00,3
2588,09:30:02,$ 3375.00,10
2589,09:30:02,$ 3375.00,1
2590,09:30:02,$ 3375.00,1
2591,09:30:02,$ 3375.00,3
2592,09:30:02,$ 3375.00,2
2593,09:30:02,$ 3375.00,1
2594,09:30:02,$ 3375.00,3
2595,09:30:02,$ 3375.00,10
2596,09:30:02,$ 3375.00,3
2597,09:30:02,$ 3375.00,4
2598,09:30:02,$ 3375.00,3
2599,09:30:02,$ 3375.00,1
2600,09:30:02,$ 3375.00,1
2601,09:30:02,$ 3375.00,7
2602,09:30:02,$ 3375.00,1
2603,09:30:02,$ 3375.00,1
2605,09:30:02,$ 3375.00,4
2606,09:30:02,$ 3375.00,5
2607,09:30:02,$ 3375.00,42
2608,09:30:02,$ 3375.00,3
2609,09:30:02,$ 3375.00,3
2610,09:30:02,$ 3375.00,1
2611,09:30:02,$ 3375.00,1
2612,09:30:02,$ 3375.00,5
2613,09:30:02,$ 3375.00,1
2614,09:30:02,$ 3375.00,1
2615,09:30:02,$ 3375.00,1
2616,09:30:02,$ 3375.00,2
2617,09:30:02,$ 3375.00,1
2618,09:30:02,$ 3375.00,400
2619,09:30:02,$ 3375.00,2
2620,09:30:02,$ 3375.00,1
2621,09:30:02,$ 3375.00,1
2622,09:30:02,$ 3375.00,3
2623,09:30:02,$ 3375.00,1
2624,09:30:02,$ 3375.00,1
2626,09:30:02,$ 3375.00,2
2627,09:30:02,$ 3375.00,5
2628,09:30:02,$ 3375.00,2
2629,09:30:02,$ 3375.00,2
2630,09:30:02,$ 3375.00,1
2631,09:30:02,$ 3375.00,3
2632,09:30:02,$ 3375.00,1
2633,09:30:02,$ 3375.00,1
2634,09:30:02,$ 3375.00,1
2635,09:30:02,$ 3375.00,14
2636,09:30:02,$ 3375.00,4
2637,09:30:02,$ 3375.00,1
2638,09:30:02,$ 3375.00,2
2639,09:30:02,$ 3375.00,5
2640,09:30:02,$ 3375.00,2
2641,09:30:02,$ 3375.00,1
2642,09:30:02,$ 3375.00,1
2643,09:30:02,$ 3375.00,3
2644,09:30:02,$ 3375.00,1
2645,09:30:02,$ 3375.00,5
2647,09:30:02,$ 3375.00,2
2648,09:30:02,$ 3375.00,1
2649,09:30:02,$ 3375.00,1
2650,09:30:02,$ 3375.00,1
2651,09:30:02,$ 3375.00,1
2652,09:30:02,$ 3375.00,2
2653,09:30:02,$ 3375.00,10
2654,09:30:02,$ 3375.00,1
2655,09:30:02,$ 3375.00,5
2656,09:30:02,$ 3375.00,10
2657,09:30:02,$ 3375.00,50
2658,09:30:02,$ 3375.00,1
2659,09:30:02,$ 3375.00,1
2660,09:30:02,$ 3375.00,1
2661,09:30:02,$ 3375.00,7
2662,09:30:02,$ 3375.00,1
2663,09:30:02,$ 3375.00,1
2664,09:30:02,$ 3375.00,1
2665,09:30:02,$ 3375.00,8
2666,09:30:02,$ 3375.00,4
2668,09:30:02,$ 3375.00,19
2669,09:30:02,$ 3375.00,5
2670,09:30:02,$ 3375.00,2
2671,09:30:02,$ 3375.00,1
2672,09:30:02,$ 3375.00,1
2673,09:30:02,$ 3375.00,1
2674,09:30:02,$ 3375.00,2
2675,09:30:02,$ 3375.00,2
2676,09:30:02,$ 3375.00,24
2677,09:30:02,$ 3375.00,1
2678,09:30:02,$ 3375.00,2
2679,09:30:02,$ 3375.00,1
2680,09:30:02,$ 3375.00,18
2681,09:30:02,$ 3375.00,1
2682,09:30:02,$ 3375.00,132
2683,09:30:02,$ 3375.00,1
2684,09:30:02,$ 3375.00,2
2685,09:30:02,$ 3375.00,2
2686,09:30:02,$ 3375.00,39
2687,09:30:02,$ 3375.00,1
2689,09:30:02,$ 3375.00,1
2690,09:30:02,$ 3375.00,10
2691,09:30:02,$ 3375.00,4
2692,09:30:02,$ 3375.00,28
2693,09:30:02,$ 3375.00,1
2694,09:30:02,$ 3375.00,1
2695,09:30:02,$ 3375.00,6
2696,09:30:02,$ 3375.00,5
2697,09:30:02,$ 3375.00,2
2698,09:30:02,$ 3375.00,5
2699,09:30:02,$ 3375.00,1
2700,09:30:02,$ 3375.00,2
2701,09:30:02,$ 3375.00,1
2702,09:30:02,$ 3375.00,5
2703,09:30:02,$ 3375.00,6
2704,09:30:02,$ 3375.00,15
2705,09:30:02,$ 3375.00,6
2706,09:30:02,$ 3375.00,1
2707,09:30:02,$ 3375.00,50
2708,09:30:02,$ 3375.00,30
2710,09:30:02,$ 3375.00,5
2711,09:30:02,$ 3375.00,1
2712,09:30:02,$ 3375.00,20
2713,09:30:02,$ 3375.00,5
2714,09:30:02,$ 3375.00,5
2715,09:30:02,$ 3375.00,84
2716,09:30:02,$ 3375.00,100
2717,09:30:02,$ 3375.00,500
2718,09:30:02,$ 3375.00,200
2719,09:30:02,$ 3375.00,5
2720,09:30:02,$ 3375.00,2
2721,09:30:02,$ 3375.00,50
2722,09:30:02,$ 3375.00,3
2723,09:30:02,$ 3375.00,2
2724,09:30:02,$ 3375.00,2
2725,09:30:02,$ 3375.00,13
2726,09:30:02,$ 3375.00,10
2727,09:30:02,$ 3375.00,2
2728,09:30:02,$ 3375.00,10
2729,09:30:02,$ 3375.00,20
2731,09:30:02,$ 3375.00,30
2732,09:30:02,$ 3375.00,2
2733,09:30:02,$ 3375.00,1
2734,09:30:02,$ 3375.00,1
2735,09:30:02,$ 3375.00,5
2736,09:30:02,$ 3375.00,3
2737,09:30:02,$ 3375.00,1
2738,09:30:02,$ 3375.00,100
2739,09:30:02,$ 3375.00,1
2740,09:30:02,$ 3375.00,6
2741,09:30:02,$ 3375.00,2
2742,09:30:02,$ 3375.00,10
2743,09:30:02,$ 3375.00,1
2744,09:30:02,$ 3375.00,103
2745,09:30:02,$ 3375.00,4
2746,09:30:02,$ 3375.00,3
2747,09:30:02,$ 3375.00,10
2748,09:30:02,$ 3375.00,4
2749,09:30:02,$ 3375.00,4
2750,09:30:02,$ 3375.00,176
2752,09:30:02,$ 3375.00,192
2753,09:30:02,$ 3375.00,1
2754,09:30:02,$ 3375.00,1
2755,09:30:02,$ 3375.00,7
2756,09:30:02,$ 3375.00,10
2757,09:30:02,$ 3375.00,1
2758,09:30:02,$ 3375.00,8
2759,09:30:02,$ 3375.00,2
2760,09:30:02,$ 3375.00,1
2761,09:30:02,$ 3375.00,30
2762,09:30:02,$ 3375.00,10
2763,09:30:02,$ 3375.00,5
2764,09:30:02,$ 3375.00,1
2765,09:30:02,$ 3375.00,2
2766,09:30:02,$ 3375.00,1
2767,09:30:02,$ 3375.00,2
2768,09:30:02,$ 3375.00,3
2769,09:30:02,$ 3375.00,3
2770,09:30:02,$ 3375.00,2
2771,09:30:02,$ 3375.00,1
2773,09:30:02,$ 3375.00,6
2774,09:30:02,$ 3375.00,300
2775,09:30:02,$ 3375.00,4
2776,09:30:02,$ 3375.00,5
2777,09:30:02,$ 3375.00,1
2778,09:30:02,$ 3375.00,10
2779,09:30:02,$ 3375.00,3
2780,09:30:02,$ 3375.00,1
2781,09:30:02,$ 3375.00,2
2782,09:30:02,$ 3375.00,2
2783,09:30:02,$ 3375.00,1
2784,09:30:02,$ 3375.00,5
2785,09:30:02,$ 3375.00,5
2786,09:30:02,$ 3375.00,1
2787,09:30:02,$ 3375.00,1
2788,09:30:02,$ 3375.00,1
2789,09:30:02,$ 3375.00,1
2790,09:30:02,$ 3375.00,1
2791,09:30:02,$ 3375.00,1
2792,09:30:02,$ 3375.00,1
2794,09:30:02,$ 3375.00,2
2795,09:30:02,$ 3375.00,1
2796,09:30:02,$ 3375.00,6
2797,09:30:02,$ 3375.00,1
2798,09:30:02,$ 3375.00,1
2799,09:30:02,$ 3375.00,1
2800,09:30:02,$ 3375.00,1
2801,09:30:02,$ 3375.00,7
2802,09:30:02,$ 3375.00,1
2803,09:30:02,$ 3375.00,11
2804,09:30:02,$ 3375.00,1
2805,09:30:02,$ 3375.00,10
2806,09:30:02,$ 3375.00,5
2807,09:30:02,$ 3375.00,9
2808,09:30:02,$ 3375.00,7
2809,09:30:02,$ 3375.00,"5,526"
2810,09:30:02,$ 3375.00,1
2811,09:30:02,$ 3375.00,1
2812,09:30:02,$ 3375.00,5
2813,09:30:02,$ 3375.00,175
2815,09:30:02,$ 3375.00,1
2816,09:30:02,$ 3375.00,7
2817,09:30:02,$ 3375.00,7
2818,09:30:02,$ 3375.00,3
2819,09:30:02,$ 3375.00,1
2820,09:30:02,$ 3375.00,2
2821,09:30:02,$ 3375.00,1
2822,09:30:02,$ 3375.00,3
2823,09:30:02,$ 3375.00,4
2824,09:30:02,$ 3375.00,16
2825,09:30:02,$ 3375.00,5
2826,09:30:02,$ 3375.00,2
2827,09:30:02,$ 3375.00,1
2828,09:30:02,$ 3375.00,6
2829,09:30:02,$ 3375.00,1
2830,09:30:02,$ 3375.00,2
2831,09:30:02,$ 3375.00,20
2832,09:30:02,$ 3375.00,4
2833,09:30:02,$ 3375.00,7
2834,09:30:02,$ 3375.00,10
2836,09:30:02,$ 3375.00,1
2837,09:30:02,$ 3375.00,3
2838,09:30:02,$ 3375.00,3
2839,09:30:02,$ 3375.00,10
2840,09:30:02,$ 3375.00,2
2841,09:30:02,$ 3375.00,5
2842,09:30:02,$ 3375.00,2
2843,09:30:02,$ 3375.00,1
2844,09:30:02,$ 3375.00,2
2845,09:30:02,$ 3375.00,3
2846,09:30:02,$ 3375.00,3
2847,09:30:02,$ 3375.00,6
2848,09:30:02,$ 3375.00,5
2849,09:30:02,$ 3375.00,5
2850,09:30:02,$ 3375.00,4
2851,09:30:02,$ 3375.00,1
2852,09:30:02,$ 3375.00,1
2853,09:30:02,$ 3375.00,2
2854,09:30:02,$ 3375.00,2
2855,09:30:02,$ 3375.00,3
2857,09:30:02,$ 3375.00,1
2858,09:30:02,$ 3375.00,1
2859,09:30:02,$ 3375.00,1
2860,09:30:02,$ 3375.00,1
2861,09:30:02,$ 3375.00,1
2862,09:30:02,$ 3375.00,2
2863,09:30:02,$ 3375.00,2
2864,09:30:02,$ 3375.00,5
2865,09:30:02,$ 3375.00,1
2866,09:30:02,$ 3375.00,1
2867,09:30:02,$ 3375.00,2
2868,09:30:02,$ 3375.00,1
2869,09:30:02,$ 3375.00,1
2870,09:30:02,$ 3375.00,1
2871,09:30:02,$ 3375.00,1
2872,09:30:02,$ 3375.00,1
2873,09:30:02,$ 3375.00,2
2874,09:30:02,$ 3375.00,1
2875,09:30:02,$ 3375.00,1
2876,09:30:02,$ 3375.00,1
2878,09:30:02,$ 3375.00,1
2879,09:30:02,$ 3375.00,1
2880,09:30:02,$ 3375.00,1
2881,09:30:02,$ 3375.00,1
2882,09:30:02,$ 3375.00,5
2883,09:30:02,$ 3375.00,1
2884,09:30:02,$ 3375.00,1
2885,09:30:02,$ 3375.00,1
2886,09:30:02,$ 3375.00,1
2887,09:30:02,$ 3375.00,3
2888,09:30:02,$ 3375.00,1
2889,09:30:02,$ 3375.00,2
2890,09:30:02,$ 3375.00,1
2891,09:30:02,$ 3375.00,1
2892,09:30:02,$ 3375.00,3
2893,09:30:02,$ 3375.00,3
2894,09:30:02,$ 3375.00,1
2895,09:30:02,$ 3375.00,1
2896,09:30:02,$ 3375.00,4
2897,09:30:02,$ 3375.00,12
2899,09:30:02,$ 3375.00,1
2900,09:30:02,$ 3375.00,2
2901,09:30:02,$ 3375.00,1
2902,09:30:02,$ 3375.00,"1,809"
2903,09:30:02,$ 3375.00,1
2904,09:30:02,$ 3375.00,2
2905,09:30:02,$ 3375.00,5
2906,09:30:02,$ 3375.00,1
2907,09:30:02,$ 3375.00,1
2908,09:30:02,$ 3375.00,1
2909,09:30:02,$ 3375.00,2
2910,09:30:02,$ 3375.00,1
2911,09:30:02,$ 3375.00,3
2912,09:30:02,$ 3375.00,3
2913,09:30:02,$ 3375.00,8
2914,09:30:02,$ 3375.00,50
2915,09:30:02,$ 3375.00,1
2916,09:30:02,$ 3375.00,1
2917,09:30:02,$ 3375.00,10
2918,09:30:02,$ 3375.00,1
2920,09:30:02,$ 3375.00,1
2921,09:30:02,$ 3375.00,5
2922,09:30:02,$ 3375.00,1
2923,09:30:02,$ 3375.00,5
2924,09:30:02,$ 3375.00,5
2925,09:30:02,$ 3375.00,1
2926,09:30:02,$ 3375.00,3
2927,09:30:02,$ 3375.00,1
2928,09:30:02,$ 3375.00,1
2929,09:30:02,$ 3375.00,1
2930,09:30:02,$ 3375.00,1
2931,09:30:02,$ 3375.00,7
2932,09:30:02,$ 3375.00,1
2933,09:30:02,$ 3375.00,1
2934,09:30:02,$ 3375.00,3
2935,09:30:01,$ 3375.42,100
2936,09:30:00,$ 3376.8845,104
2937,09:30:00,$ 3375.06,190
2938,09:30:00,$ 3375.00,25
2939,09:30:00,$ 3375.00,10
2941,09:30:00,$ 3375.00,25
2942,09:30:00,$ 3375.00,10
2943,09:30:00,$ 3375.00,10
2945,10:29:57,$ 3352.3949,200
2946,10:29:44,$ 3350.7771,500
2947,10:29:44,$ 3351.655,100
2948,10:29:43,$ 3351.655,100
2949,10:29:17,$ 3348.55,100
2950,10:29:17,$ 3348.33,100
2951,10:29:17,$ 3348.33,100
2952,10:29:11,$ 3347.08,100
2953,10:29:09,$ 3345.82,100
2954,10:29:08,$ 3346.675,100
2955,10:29:00,$ 3347.52,100
2956,10:28:57,$ 3346.46,100
2957,10:28:52,$ 3345.55,500
2958,10:28:50,$ 3345.6633,900
2959,10:28:37,$ 3344.705,100
2960,10:28:35,$ 3344.74,100
2961,10:28:17,$ 3345.48,118
2962,10:28:17,$ 3343.95,100
2963,10:28:11,$ 3344.34,205
2964,10:28:00,$ 3345.59,217
2966,10:28:00,$ 3345.54,100
2967,10:27:57,$ 3345.095,300
2968,10:27:54,$ 3343.84,100
2969,10:27:51,$ 3343.78,"1,000"
2970,10:27:40,$ 3345.28,100
2971,10:27:40,$ 3345.07,100
2972,10:27:38,$ 3345.03,100
2973,10:27:36,$ 3344.45,100
2974,10:27:35,$ 3343.43,500
2975,10:27:35,$ 3345.00,100
2976,10:27:35,$ 3345.00,103
2977,10:27:35,$ 3345.00,300
2978,10:27:31,$ 3345.2901,100
2979,10:27:25,$ 3347.6445,127
2980,10:27:18,$ 3347.7404,100
2981,10:27:18,$ 3348.37,100
2982,10:27:18,$ 3348.445,100
2983,10:27:18,$ 3348.34,100
2984,10:27:18,$ 3348.61,100
2985,10:27:18,$ 3348.59,100
2987,10:27:18,$ 3347.74,100
2988,10:27:18,$ 3347.74,100
2989,10:27:14,$ 3348.33,100
2990,10:27:12,$ 3346.705,100
2991,10:27:08,$ 3348.115,100
2992,10:27:08,$ 3347.28,100
2993,10:26:54,$ 3348.44,100
2994,10:26:49,$ 3347.79,100
2995,10:26:14,$ 3347.79,100
2996,10:26:14,$ 3347.13,100
2997,10:26:13,$ 3346.05,100
2998,10:26:12,$ 3345.71,100
2999,10:26:06,$ 3347.00,100
3000,10:26:05,$ 3347.00,100
3001,10:26:05,$ 3347.00,100
3002,10:26:05,$ 3347.00,100
3003,10:26:05,$ 3347.00,100
3004,10:26:05,$ 3347.00,100
3005,10:25:39,$ 3346.2001,100
3006,10:25:36,$ 3347.56,100
3008,10:25:36,$ 3347.62,100
3009,10:25:36,$ 3347.85,100
3010,10:25:36,$ 3347.23,100
3011,10:25:24,$ 3348.395,100
3012,10:25:13,$ 3347.44,100
3013,10:25:09,$ 3346.20,100
3014,10:25:09,$ 3346.20,100
3015,10:25:09,$ 3346.50,100
3016,10:24:37,$ 3347.43,100
3017,10:24:26,$ 3347.87,100
3018,10:24:24,$ 3346.62,100
3019,10:24:13,$ 3347.42,100
3020,10:24:12,$ 3347.96,100
3021,10:24:08,$ 3345.76,100
3022,10:24:03,$ 3346.02,100
3023,10:23:44,$ 3346.9665,189
3024,10:23:40,$ 3346.8295,200
3025,10:23:40,$ 3346.315,100
3026,10:23:40,$ 3346.315,100
3027,10:23:39,$ 3346.315,100
3029,10:23:36,$ 3346.13,100
3030,10:23:28,$ 3346.75,100
3031,10:23:27,$ 3348.095,100
3032,10:23:21,$ 3347.645,100
3033,10:23:21,$ 3347.48,100
3034,10:23:16,$ 3348.785,100
3035,10:23:15,$ 3348.785,100
3036,10:23:14,$ 3349.22,100
3037,10:23:12,$ 3349.00,100
3038,10:23:12,$ 3349.835,100
3039,10:23:10,$ 3350.51,200
3040,10:23:10,$ 3350.51,100
3041,10:22:56,$ 3351.21,100
3042,10:22:54,$ 3351.115,100
3043,10:22:53,$ 3350.66,100
3044,10:22:46,$ 3350.0999,200
3045,10:22:38,$ 3350.4399,100
3046,10:22:35,$ 3350.745,100
3047,10:22:24,$ 3350.65,100
3048,10:22:21,$ 3351.965,100
3050,10:22:01,$ 3352.075,100
3051,10:21:43,$ 3352.88,100
3052,10:21:38,$ 3351.785,100
3053,10:21:38,$ 3352.215,100
3054,10:21:38,$ 3351.86,100
3055,10:21:22,$ 3354.54,100
3056,10:21:22,$ 3354.55,100
3057,10:21:21,$ 3352.97,100
3058,10:21:21,$ 3353.39,100
3059,10:21:17,$ 3352.685,100
3060,10:21:11,$ 3351.98,100
3061,10:20:58,$ 3353.39,100
3062,10:20:51,$ 3355.185,100
3063,10:20:43,$ 3354.99,100
3064,10:20:41,$ 3354.94,100
3065,10:20:40,$ 3354.84,100
3066,10:20:30,$ 3353.64,100
3067,10:20:29,$ 3351.6301,200
3068,10:20:26,$ 3352.92,125
3069,10:20:02,$ 3356.345,100
3071,10:20:00,$ 3356.755,100
3072,10:20:00,$ 3357.265,100
3073,10:20:00,$ 3354.76,100
3074,10:19:55,$ 3354.4799,200
3075,10:19:48,$ 3353.12,100
3076,10:19:45,$ 3351.74,134
3077,10:19:43,$ 3351.0811,200
3078,10:19:42,$ 3352.40,100
3079,10:19:42,$ 3352.38,100
3080,10:19:42,$ 3352.32,100
3081,10:19:42,$ 3353.57,100
3082,10:19:40,$ 3352.6747,100
3083,10:19:39,$ 3352.79,100
3084,10:19:39,$ 3353.395,100
3085,10:19:39,$ 3353.775,100
3086,10:19:39,$ 3353.975,125
3087,10:19:39,$ 3353.975,118
3088,10:19:39,$ 3353.975,125
3089,10:19:39,$ 3353.975,125
3090,10:19:39,$ 3353.975,118
3092,10:19:35,$ 3353.965,102
3093,10:19:28,$ 3352.26,100
3094,10:19:19,$ 3352.735,100
3095,10:19:18,$ 3350.94,100
3096,10:19:18,$ 3351.375,125
3097,10:19:18,$ 3351.375,118
3098,10:19:18,$ 3351.375,118
3099,10:19:18,$ 3349.94,100
3100,10:19:18,$ 3349.965,100
3101,10:19:16,$ 3349.83,100
3102,10:19:16,$ 3349.83,100
3103,10:19:15,$ 3349.42,100
3104,10:19:15,$ 3349.46,100
3105,10:19:15,$ 3349.47,100
3106,10:19:15,$ 3349.47,103
3107,10:19:11,$ 3347.8824,343
3108,10:19:11,$ 3348.45,100
3109,10:19:06,$ 3347.455,100
3110,10:19:06,$ 3347.21,100
3111,10:19:06,$ 3347.21,100
3113,10:19:06,$ 3347.18,100
3114,10:19:06,$ 3348.385,100
3115,10:18:56,$ 3347.29,100
3116,10:18:56,$ 3347.26,100
3117,10:18:56,$ 3347.29,100
3118,10:18:56,$ 3347.32,100
3119,10:18:55,$ 3347.255,100
3120,10:18:51,$ 3346.56,108
3121,10:18:48,$ 3346.17,100
3122,10:18:48,$ 3346.41,100
3123,10:18:48,$ 3346.00,100
3124,10:18:48,$ 3346.00,100
3125,10:18:48,$ 3346.00,100
3126,10:18:48,$ 3346.825,100
3127,10:18:45,$ 3347.435,100
3128,10:18:37,$ 3346.83,500
3129,10:18:31,$ 3346.00,100
3130,10:18:31,$ 3346.24,100
3131,10:18:30,$ 3346.01,100
3132,10:18:30,$ 3346.90,100
3134,10:18:24,$ 3346.365,100
3135,10:18:22,$ 3348.29,100
3136,10:18:22,$ 3348.325,100
3137,10:18:22,$ 3347.38,195
3138,10:18:22,$ 3347.31,100
3139,10:18:22,$ 3348.38,195
3140,10:18:22,$ 3347.307,100
3141,10:18:22,$ 3347.34,100
3142,10:18:22,$ 3348.31,100
3143,10:18:22,$ 3348.29,100
3144,10:18:22,$ 3348.34,100
3145,10:17:52,$ 3345.745,100
3146,10:17:52,$ 3346.91,100
3147,10:17:30,$ 3347.205,100
3148,10:17:19,$ 3346.72,100
3149,10:17:17,$ 3347.38,200
3150,10:17:09,$ 3348.215,100
3151,10:17:06,$ 3348.00,100
3152,10:16:56,$ 3350.04,100
3153,10:16:51,$ 3350.45,168
3155,10:16:37,$ 3351.0168,100
3156,10:16:33,$ 3350.25,125
3157,10:16:33,$ 3351.1774,186
3158,10:16:08,$ 3352.055,100
3159,10:16:01,$ 3353.088,500
3160,10:15:47,$ 3353.00,100
3161,10:15:45,$ 3354.112,500
3162,10:15:43,$ 3354.00,100
3163,10:15:42,$ 3353.94,100
3164,10:15:42,$ 3353.99,100
3165,10:15:39,$ 3353.84,100
3166,10:15:35,$ 3353.11,200
3167,10:15:25,$ 3353.30,100
3168,10:15:25,$ 3352.92,100
3169,10:15:15,$ 3352.11,100
3170,10:15:02,$ 3351.5245,100
3171,10:14:56,$ 3352.95,200
3172,10:14:55,$ 3352.945,100
3173,10:14:50,$ 3352.935,100
3174,10:14:44,$ 3352.6752,100
3176,10:14:41,$ 3352.98,200
3177,10:14:40,$ 3352.1004,100
3178,10:14:36,$ 3352.12,250
3179,10:14:31,$ 3351.80,100
3180,10:14:26,$ 3350.81,100
3181,10:14:26,$ 3350.80,100
3182,10:14:23,$ 3349.98,100
3183,10:14:23,$ 3350.02,100
3184,10:14:22,$ 3348.8365,200
3185,10:14:19,$ 3350.278,100
3186,10:14:19,$ 3350.18,100
3187,10:14:17,$ 3349.955,100
3188,10:14:15,$ 3349.15,100
3189,10:13:57,$ 3347.855,100
3190,10:13:52,$ 3347.29,100
3191,10:13:51,$ 3346.4033,165
3192,10:13:51,$ 3347.27,100
3193,10:13:42,$ 3345.255,100
3194,10:13:33,$ 3345.25,200
3195,10:13:32,$ 3345.65,100
3197,10:13:32,$ 3345.65,100
3198,10:13:27,$ 3347.185,100
3199,10:13:16,$ 3345.375,100
3200,10:13:15,$ 3344.50,360
3201,10:13:14,$ 3343.15,100
3202,10:13:14,$ 3343.27,100
3203,10:13:11,$ 3343.35,100
3204,10:13:04,$ 3342.96,100
3205,10:13:03,$ 3343.01,100
3206,10:13:01,$ 3344.50,191
3207,10:12:58,$ 3343.495,100
3208,10:12:58,$ 3344.00,100
3209,10:12:57,$ 3343.495,100
3210,10:12:54,$ 3343.095,100
3211,10:12:54,$ 3343.095,100
3212,10:12:52,$ 3343.095,100
3213,10:12:48,$ 3342.20,100
3214,10:12:47,$ 3343.705,100
3215,10:12:47,$ 3343.82,100
3216,10:12:47,$ 3343.695,100
3218,10:12:45,$ 3343.17,500
3219,10:12:43,$ 3343.00,100
3220,10:12:36,$ 3341.80,100
3221,10:12:36,$ 3342.50,100
3222,10:12:31,$ 3344.5766,500
3223,10:12:30,$ 3345.13,114
3224,10:12:30,$ 3344.595,100
3225,10:12:30,$ 3344.10,100
3226,10:12:22,$ 3343.54,100
3227,10:12:19,$ 3344.325,500
3228,10:12:19,$ 3344.02,100
3229,10:12:18,$ 3345.68,281
3230,10:12:18,$ 3345.68,184
3231,10:12:10,$ 3344.5975,"1,000"
3232,10:12:07,$ 3346.55,100
3233,10:12:07,$ 3346.53,100
3234,10:12:07,$ 3346.4191,100
3235,10:12:06,$ 3346.4302,100
3236,10:12:03,$ 3344.8292,434
3237,10:11:51,$ 3343.17,100
3239,10:11:51,$ 3343.54,100
3240,10:11:49,$ 3344.265,100
3241,10:11:46,$ 3344.39,100
3242,10:11:34,$ 3344.40,100
3243,10:11:23,$ 3346.11,100
3244,10:11:18,$ 3347.52,100
3245,10:11:18,$ 3347.69,100
3246,10:11:13,$ 3346.7101,200
3247,10:11:12,$ 3347.01,100
3248,10:11:02,$ 3346.85,100
3249,10:11:02,$ 3346.73,100
3250,10:10:57,$ 3346.70,100
3251,10:10:55,$ 3347.60,500
3252,10:10:54,$ 3348.00,100
3253,10:10:54,$ 3347.48,100
3254,10:10:48,$ 3347.80,100
3255,10:10:47,$ 3349.00,204
3256,10:10:44,$ 3349.7867,160
3257,10:10:43,$ 3347.69,100
3258,10:10:41,$ 3347.59,100
3260,10:10:33,$ 3347.60,100
3261,10:10:32,$ 3349.1725,100
3262,10:10:31,$ 3348.82,100
3263,10:10:30,$ 3347.26,100
3264,10:10:30,$ 3348.55,100
3265,10:10:30,$ 3348.60,100
3266,10:10:30,$ 3348.09,100
3267,10:10:30,$ 3348.14,100
3268,10:10:30,$ 3348.14,100
3269,10:10:22,$ 3347.10,100
3270,10:10:17,$ 3348.0428,250
3271,10:10:15,$ 3348.505,100
3272,10:10:13,$ 3347.9625,100
3273,10:10:13,$ 3348.5575,100
3274,10:10:13,$ 3347.56,100
3275,10:10:13,$ 3347.73,100
3276,10:10:13,$ 3348.16,100
3277,10:10:11,$ 3347.19,100
3278,10:10:11,$ 3346.31,100
3279,10:10:10,$ 3346.36,338
3281,10:10:09,$ 3347.21,100
3282,10:10:07,$ 3347.38,100
3283,10:10:06,$ 3346.36,100
3284,10:10:06,$ 3347.00,100
3285,10:10:00,$ 3344.13,100
3286,10:10:00,$ 3344.13,100
3287,10:09:59,$ 3343.54,100
3288,10:09:58,$ 3343.54,100
3289,10:09:58,$ 3343.975,100
3290,10:09:55,$ 3344.86,100
3291,10:09:49,$ 3344.45,100
3292,10:09:47,$ 3344.72,100
3293,10:09:47,$ 3344.125,100
3294,10:09:45,$ 3344.135,100
3295,10:09:44,$ 3344.915,100
3296,10:09:44,$ 3344.925,100
3297,10:09:44,$ 3344.94,100
3298,10:09:44,$ 3344.675,100
3299,10:09:40,$ 3344.03,100
3300,10:09:31,$ 3345.29,"1,300"
3302,10:09:30,$ 3345.00,100
3303,10:09:29,$ 3341.95,100
3304,10:09:18,$ 3345.04,100
3305,10:09:16,$ 3346.98,100
3306,10:09:12,$ 3346.525,500
3307,10:09:12,$ 3346.6983,160
3308,10:09:02,$ 3348.44,100
3309,10:08:57,$ 3349.7599,140
3310,10:08:55,$ 3347.92,100
3311,10:08:55,$ 3347.92,100
3312,10:08:55,$ 3348.23,100
3313,10:08:52,$ 3349.005,100
3314,10:08:52,$ 3348.5579,100
3315,10:08:41,$ 3348.25,100
3316,10:08:38,$ 3346.70,100
3317,10:08:38,$ 3346.90,267
3318,10:08:33,$ 3346.7055,178
3319,10:08:29,$ 3347.40,100
3320,10:08:27,$ 3346.90,100
3321,10:08:24,$ 3347.11,100
3323,10:08:22,$ 3347.11,100
3324,10:08:22,$ 3347.37,118
3325,10:08:22,$ 3347.37,173
3326,10:08:20,$ 3347.59,100
3327,10:08:20,$ 3348.00,100
3328,10:08:01,$ 3351.325,500
3329,10:08:00,$ 3351.17,100
3330,10:08:00,$ 3351.22,100
3331,10:08:00,$ 3351.22,100
3332,10:07:46,$ 3350.22,100
3333,10:07:45,$ 3351.16,100
3334,10:07:45,$ 3351.15,100
3335,10:07:43,$ 3350.54,100
3336,10:07:38,$ 3349.895,100
3337,10:07:35,$ 3348.37,100
3338,10:07:35,$ 3348.37,100
3339,10:07:25,$ 3350.00,100
3340,10:07:23,$ 3350.24,100
3341,10:07:15,$ 3349.48,250
3342,10:07:14,$ 3350.74,100
3344,10:07:14,$ 3351.00,125
3345,10:07:14,$ 3351.00,118
3346,10:07:14,$ 3351.00,107
3347,10:07:12,$ 3348.25,100
3348,10:07:12,$ 3348.40,100
3349,10:07:12,$ 3349.85,200
3350,10:07:09,$ 3350.008,100
3351,10:07:04,$ 3349.955,100
3352,10:07:04,$ 3350.3508,100
3353,10:07:04,$ 3350.81,120
3354,10:07:04,$ 3350.72,100
3355,10:07:02,$ 3349.53,100
3356,10:07:02,$ 3349.73,100
3357,10:07:01,$ 3348.64,100
3358,10:06:59,$ 3348.00,100
3359,10:06:59,$ 3348.135,100
3360,10:06:55,$ 3350.00,400
3361,10:06:55,$ 3350.00,176
3362,10:06:55,$ 3350.00,100
3363,10:06:55,$ 3350.00,100
3365,10:06:51,$ 3351.7599,100
3366,10:06:47,$ 3351.60,125
3367,10:06:47,$ 3351.60,118
3368,10:06:47,$ 3351.60,125
3369,10:06:45,$ 3351.2398,100
3370,10:06:38,$ 3351.345,100
3371,10:06:38,$ 3351.69,100
3372,10:06:35,$ 3351.6534,382
3373,10:06:35,$ 3352.00,100
3374,10:06:31,$ 3352.07,225
3375,10:06:31,$ 3352.385,100
3376,10:06:31,$ 3352.14,100
3377,10:06:31,$ 3352.59,100
3378,10:06:31,$ 3353.00,399
3379,10:06:31,$ 3353.00,100
3380,10:06:31,$ 3353.42,125
3381,10:06:31,$ 3353.42,300
3382,10:06:31,$ 3353.25,100
3383,10:06:30,$ 3353.42,100
3384,10:06:29,$ 3353.5051,382
3386,10:06:29,$ 3353.5051,767
3387,10:06:29,$ 3353.5051,106
3388,10:06:12,$ 3356.42,100
3389,10:06:12,$ 3356.52,610
3390,10:06:12,$ 3356.52,125
3391,10:06:10,$ 3356.685,200
3392,10:06:10,$ 3356.685,118
3393,10:06:10,$ 3356.685,125
3394,10:06:10,$ 3356.685,100
3395,10:06:10,$ 3356.685,125
3396,10:06:02,$ 3356.79,100
3397,10:05:54,$ 3356.61,500
3398,10:05:51,$ 3356.785,118
3399,10:05:51,$ 3356.785,118
3400,10:05:51,$ 3356.795,125
3401,10:05:46,$ 3357.8002,100
3402,10:05:45,$ 3356.285,100
3403,10:05:40,$ 3356.198,500
3404,10:05:35,$ 3358.57,100
3405,10:05:31,$ 3357.01,100
3407,10:05:29,$ 3358.00,100
3408,10:05:20,$ 3358.73,125
3409,10:05:20,$ 3358.73,118
3410,10:05:20,$ 3358.955,100
3411,10:05:19,$ 3359.4533,141
3412,10:05:02,$ 3356.42,100
3413,10:05:02,$ 3356.65,100
3414,10:04:55,$ 3358.84,100
3415,10:04:51,$ 3358.35,100
3416,10:04:46,$ 3356.51,500
3417,10:04:37,$ 3356.57,100
3418,10:04:33,$ 3354.97,500
3419,10:04:28,$ 3356.25,100
3420,10:04:27,$ 3355.825,100
3421,10:04:21,$ 3356.01,100
3422,10:04:07,$ 3355.81,100
3423,10:04:06,$ 3355.47,100
3424,10:04:01,$ 3354.865,100
3425,10:03:48,$ 3354.585,500
3426,10:03:47,$ 3354.17,100
3428,10:03:47,$ 3354.61,100
3429,10:03:45,$ 3353.86,100
3430,10:03:45,$ 3353.81,226
3431,10:03:44,$ 3354.37,100
3432,10:03:41,$ 3354.8699,100
3433,10:03:34,$ 3354.895,500
3434,10:03:33,$ 3355.13,100
3435,10:03:29,$ 3356.04,100
3436,10:03:26,$ 3355.07,100
3437,10:03:22,$ 3354.76,104
3438,10:03:22,$ 3354.77,100
3439,10:03:19,$ 3354.77,100
3440,10:03:19,$ 3354.77,198
3441,10:03:07,$ 3353.24,100
3442,10:03:07,$ 3353.26,100
3443,10:03:07,$ 3353.48,100
3444,10:03:07,$ 3353.50,124
3445,10:03:07,$ 3353.60,100
3446,10:03:07,$ 3354.01,100
3447,10:03:07,$ 3354.18,100
3449,10:03:07,$ 3354.51,100
3450,10:03:07,$ 3354.96,100
3451,10:03:07,$ 3354.79,100
3452,10:03:07,$ 3355.01,100
3453,10:03:07,$ 3355.38,100
3454,10:03:07,$ 3355.90,100
3455,10:03:07,$ 3355.38,100
3456,10:03:07,$ 3355.89,100
3457,10:03:07,$ 3355.10,100
3458,10:03:07,$ 3356.22,100
3459,10:03:07,$ 3356.90,100
3460,10:03:07,$ 3357.09,100
3461,10:03:04,$ 3357.67,100
3462,10:03:04,$ 3358.49,100
3463,10:03:04,$ 3358.54,100
3464,10:02:54,$ 3356.75,100
3465,10:02:54,$ 3356.65,100
3466,10:02:54,$ 3356.68,100
3467,10:02:46,$ 3356.95,100
3468,10:02:46,$ 3356.0104,100
3470,10:02:46,$ 3356.54,100
3471,10:02:40,$ 3356.975,100
3472,10:02:24,$ 3357.83,100
3473,10:02:23,$ 3357.536,100
3474,10:02:16,$ 3357.00,100
3475,10:02:06,$ 3356.4135,200
3476,10:02:02,$ 3356.7401,300
3477,10:02:02,$ 3356.47,100
3478,10:02:02,$ 3356.64,100
3479,10:01:54,$ 3355.70,100
3480,10:01:54,$ 3355.48,100
3481,10:01:54,$ 3355.49,100
3482,10:01:51,$ 3354.80,139
3483,10:01:51,$ 3355.00,100
3484,10:01:51,$ 3355.00,264
3485,10:01:46,$ 3356.76,100
3486,10:01:46,$ 3356.51,100
3487,10:01:44,$ 3356.758,382
3488,10:01:25,$ 3357.605,100
3489,10:01:24,$ 3357.70,100
3491,10:01:24,$ 3357.50,100
3492,10:01:17,$ 3357.615,100
3493,10:01:15,$ 3358.26,100
3494,10:01:15,$ 3356.73,100
3495,10:01:15,$ 3356.685,100
3496,10:01:14,$ 3357.445,150
3497,10:01:10,$ 3358.59,117
3498,10:01:09,$ 3359.30,500
3499,10:01:07,$ 3359.66,100
3500,10:01:02,$ 3359.29,100
3501,10:00:52,$ 3360.568,382
3502,10:00:52,$ 3360.568,100
3503,10:00:52,$ 3360.32,100
3504,10:00:45,$ 3361.43,100
3505,10:00:42,$ 3362.41,100
3506,10:00:42,$ 3362.41,100
3507,10:00:40,$ 3361.025,100
3508,10:00:33,$ 3361.88,100
3509,10:00:28,$ 3360.86,100
3510,10:00:28,$ 3360.93,105
3512,10:00:28,$ 3360.93,100
3513,10:00:27,$ 3361.00,100
3514,10:00:27,$ 3361.24,100
3515,10:00:27,$ 3361.99,100
3516,10:00:26,$ 3362.26,100
3517,10:00:08,$ 3363.575,100
3518,10:00:01,$ 3363.03,100
3520,10:59:58,$ 3347.63,100
3521,10:59:54,$ 3347.265,500
3522,10:59:32,$ 3347.63,114
3523,10:59:32,$ 3347.63,367
3524,10:59:32,$ 3347.62,100
3525,10:59:21,$ 3348.35,190
3526,10:59:11,$ 3346.5884,100
3527,10:59:09,$ 3349.96,100
3528,10:59:09,$ 3349.89,100
3529,10:59:07,$ 3348.61,100
3530,10:58:56,$ 3349.68,100
3531,10:58:54,$ 3349.66,100
3532,10:58:54,$ 3349.66,100
3533,10:58:53,$ 3348.3801,100
3534,10:58:53,$ 3348.67,100
3535,10:58:51,$ 3348.235,100
3536,10:58:34,$ 3347.53,100
3537,10:58:18,$ 3346.37,100
3538,10:58:18,$ 3346.37,100
3539,10:58:18,$ 3345.90,187
3541,10:58:15,$ 3344.76,100
3542,10:58:15,$ 3345.13,100
3543,10:58:13,$ 3345.465,100
3544,10:58:04,$ 3344.21,100
3545,10:57:54,$ 3345.00,100
3546,10:57:46,$ 3346.20,100
3547,10:57:34,$ 3346.54,100
3548,10:57:34,$ 3346.28,200
3549,10:57:34,$ 3346.5196,100
3550,10:57:34,$ 3346.46,100
3551,10:57:24,$ 3345.52,100
3552,10:57:24,$ 3346.52,100
3553,10:57:02,$ 3347.9999,100
3554,10:56:46,$ 3346.435,100
3555,10:56:45,$ 3346.8157,100
3556,10:56:45,$ 3346.36,100
3557,10:56:45,$ 3346.36,100
3558,10:56:45,$ 3346.36,100
3559,10:56:45,$ 3346.49,100
3560,10:56:40,$ 3345.868,500
3562,10:56:40,$ 3345.87,100
3563,10:56:10,$ 3345.30,100
3564,10:56:01,$ 3344.695,100
3565,10:55:47,$ 3347.26,100
3566,10:55:40,$ 3346.82,100
3567,10:55:32,$ 3346.00,100
3568,10:55:30,$ 3347.10,100
3569,10:55:19,$ 3347.555,100
3570,10:55:09,$ 3347.185,100
3571,10:55:03,$ 3348.21,100
3572,10:55:03,$ 3348.135,100
3573,10:55:03,$ 3348.405,100
3574,10:55:02,$ 3346.88,100
3575,10:54:53,$ 3345.6099,382
3576,10:54:51,$ 3345.47,100
3577,10:54:47,$ 3344.94,100
3578,10:54:33,$ 3346.0927,500
3579,10:54:23,$ 3343.88,106
3580,10:54:20,$ 3344.94,100
3581,10:54:20,$ 3344.99,100
3583,10:54:14,$ 3344.10,100
3584,10:54:14,$ 3344.15,100
3585,10:54:12,$ 3345.00,100
3586,10:54:09,$ 3347.20,100
3587,10:54:09,$ 3347.20,125
3588,10:54:09,$ 3347.20,118
3589,10:54:09,$ 3347.20,100
3590,10:54:09,$ 3346.39,100
3591,10:54:09,$ 3346.33,100
3592,10:54:09,$ 3347.205,100
3593,10:54:05,$ 3346.42,100
3594,10:54:05,$ 3347.205,500
3595,10:54:05,$ 3347.205,200
3596,10:54:04,$ 3347.205,100
3597,10:53:56,$ 3347.395,100
3598,10:53:53,$ 3347.485,100
3599,10:53:48,$ 3347.135,125
3600,10:53:48,$ 3347.135,118
3601,10:53:47,$ 3347.40,125
3602,10:53:42,$ 3348.3584,500
3604,10:53:40,$ 3346.60,205
3605,10:53:39,$ 3346.635,100
3606,10:53:39,$ 3346.635,118
3607,10:53:38,$ 3345.47,100
3608,10:53:36,$ 3346.615,100
3609,10:53:35,$ 3345.895,118
3610,10:53:35,$ 3345.895,125
3611,10:53:35,$ 3345.66,100
3612,10:53:35,$ 3345.525,138
3613,10:53:35,$ 3345.22,100
3614,10:53:35,$ 3345.30,100
3615,10:53:35,$ 3345.33,100
3616,10:53:35,$ 3345.34,100
3617,10:53:13,$ 3344.41,100
3618,10:53:04,$ 3344.96,164
3619,10:52:58,$ 3345.30,100
3620,10:52:58,$ 3345.83,200
3621,10:52:58,$ 3345.29,100
3622,10:52:52,$ 3345.71,100
3623,10:52:52,$ 3345.72,100
3625,10:52:52,$ 3346.00,100
3626,10:52:51,$ 3344.08,200
3627,10:52:40,$ 3344.76,100
3628,10:52:35,$ 3343.3927,175
3629,10:52:32,$ 3344.00,100
3630,10:52:32,$ 3344.00,186
3631,10:52:28,$ 3344.11,100
3632,10:52:27,$ 3344.161,131
3633,10:52:27,$ 3345.00,100
3634,10:52:27,$ 3345.00,100
3635,10:52:27,$ 3345.00,100
3636,10:52:27,$ 3345.00,140
3637,10:52:27,$ 3345.00,100
3638,10:52:26,$ 3345.49,100
3639,10:52:21,$ 3345.495,100
3640,10:52:13,$ 3344.88,100
3641,10:52:12,$ 3345.00,150
3642,10:52:12,$ 3345.00,125
3643,10:52:12,$ 3345.00,166
3644,10:52:06,$ 3346.04,100
3646,10:51:47,$ 3346.18,100
3647,10:51:45,$ 3347.14,100
3648,10:51:34,$ 3347.50,496
3649,10:51:17,$ 3346.29,100
3650,10:51:15,$ 3346.305,500
3651,10:51:03,$ 3346.20,100
3652,10:51:03,$ 3346.20,100
3653,10:51:03,$ 3345.60,100
3654,10:50:59,$ 3345.75,100
3655,10:50:58,$ 3345.85,100
3656,10:50:58,$ 3346.06,100
3657,10:50:58,$ 3345.887,100
3658,10:50:58,$ 3345.86,100
3659,10:50:58,$ 3345.85,100
3660,10:50:58,$ 3345.85,100
3661,10:50:58,$ 3346.00,111
3662,10:50:39,$ 3348.02,100
3663,10:50:38,$ 3348.5296,100
3664,10:50:21,$ 3348.8662,100
3665,10:50:21,$ 3348.835,100
3667,10:50:21,$ 3348.86,100
3668,10:50:21,$ 3347.86,100
3669,10:50:20,$ 3348.88,100
3670,10:50:20,$ 3349.56,100
3671,10:50:10,$ 3349.79,100
3672,10:50:08,$ 3349.81,500
3673,10:49:58,$ 3348.49,100
3674,10:49:50,$ 3349.82,100
3675,10:49:50,$ 3349.95,100
3676,10:49:49,$ 3348.92,100
3677,10:49:49,$ 3348.885,100
3678,10:49:48,$ 3348.47,100
3679,10:49:48,$ 3348.50,118
3680,10:49:42,$ 3347.6929,120
3681,10:49:41,$ 3347.61,100
3682,10:49:40,$ 3346.935,100
3683,10:49:33,$ 3348.165,100
3684,10:49:33,$ 3347.46,100
3685,10:49:33,$ 3347.61,100
3686,10:49:03,$ 3348.34,100
3688,10:49:00,$ 3347.415,100
3689,10:48:58,$ 3347.51,100
3690,10:48:47,$ 3348.47,100
3691,10:48:47,$ 3348.45,106
3692,10:48:46,$ 3348.975,100
3693,10:48:45,$ 3349.06,100
3694,10:48:44,$ 3348.02,100
3695,10:48:40,$ 3350.55,100
3696,10:48:40,$ 3350.1216,479
3697,10:48:39,$ 3350.72,100
3698,10:48:39,$ 3350.69,100
3699,10:48:39,$ 3351.195,100
3700,10:48:39,$ 3350.63,100
3701,10:48:39,$ 3350.63,100
3702,10:48:38,$ 3351.195,300
3703,10:48:36,$ 3350.71,100
3704,10:48:21,$ 3351.99,480
3705,10:48:19,$ 3352.21,100
3706,10:48:19,$ 3351.86,200
3707,10:48:17,$ 3351.77,100
3709,10:48:15,$ 3351.40,100
3710,10:48:13,$ 3350.50,100
3711,10:47:50,$ 3353.155,100
3712,10:47:49,$ 3354.335,100
3713,10:47:49,$ 3354.00,100
3714,10:47:38,$ 3354.05,100
3715,10:47:31,$ 3356.115,500
3716,10:47:21,$ 3356.29,100
3717,10:47:21,$ 3356.37,100
3718,10:47:21,$ 3356.32,100
3719,10:47:19,$ 3358.905,100
3720,10:47:06,$ 3357.80,200
3721,10:47:01,$ 3357.84,100
3722,10:46:59,$ 3357.865,100
3723,10:46:59,$ 3357.00,100
3724,10:46:50,$ 3354.56,100
3725,10:46:45,$ 3355.50,100
3726,10:46:45,$ 3354.79,100
3727,10:46:45,$ 3355.35,100
3728,10:46:34,$ 3354.305,100
3730,10:46:27,$ 3354.00,100
3731,10:46:24,$ 3353.80,100
3732,10:46:24,$ 3354.19,100
3733,10:46:22,$ 3355.16,100
3734,10:46:22,$ 3353.92,100
3735,10:46:20,$ 3353.93,100
3736,10:46:19,$ 3354.58,240
3737,10:46:19,$ 3354.61,100
3738,10:46:08,$ 3353.24,100
3739,10:46:05,$ 3353.40,100
3740,10:46:05,$ 3352.18,100
3741,10:46:05,$ 3352.13,100
3742,10:46:03,$ 3352.18,100
3743,10:46:01,$ 3354.82,100
3744,10:46:01,$ 3354.305,100
3745,10:46:01,$ 3354.305,100
3746,10:46:00,$ 3355.05,100
3747,10:45:59,$ 3355.05,100
3748,10:45:59,$ 3355.19,100
3749,10:45:59,$ 3355.08,100
3751,10:45:58,$ 3355.20,100
3752,10:45:58,$ 3355.05,100
3753,10:45:45,$ 3356.79,100
3754,10:45:44,$ 3357.85,100
3755,10:45:42,$ 3358.5539,300
3756,10:45:35,$ 3357.52,100
3757,10:45:35,$ 3357.67,100
3758,10:45:35,$ 3357.53,100
3759,10:45:24,$ 3360.00,100
3760,10:45:24,$ 3360.24,100
3761,10:45:04,$ 3360.935,100
3762,10:44:59,$ 3360.435,100
3763,10:44:52,$ 3360.4862,100
3764,10:44:45,$ 3361.83,100
3765,10:44:45,$ 3361.885,100
3766,10:44:37,$ 3360.26,100
3767,10:44:37,$ 3360.375,100
3768,10:44:13,$ 3363.00,100
3769,10:44:11,$ 3362.46,100
3770,10:44:09,$ 3362.52,500
3772,10:44:08,$ 3361.55,100
3773,10:44:08,$ 3361.85,100
3774,10:44:08,$ 3361.79,100
3775,10:44:05,$ 3362.40,100
3776,10:44:04,$ 3362.065,100
3777,10:43:57,$ 3363.585,100
3778,10:43:57,$ 3363.635,100
3779,10:43:57,$ 3363.6335,110
3780,10:43:42,$ 3361.91,100
3781,10:43:42,$ 3361.86,100
3782,10:43:42,$ 3361.66,100
3783,10:43:39,$ 3362.525,100
3784,10:43:39,$ 3362.525,100
3785,10:43:39,$ 3361.00,140
3786,10:43:38,$ 3360.535,100
3787,10:43:37,$ 3360.5422,450
3788,10:43:20,$ 3360.79,100
3789,10:43:16,$ 3359.87,100
3790,10:43:15,$ 3359.00,125
3791,10:43:15,$ 3359.00,118
3793,10:43:15,$ 3358.67,100
3794,10:43:14,$ 3358.475,100
3795,10:43:14,$ 3358.65,100
3796,10:43:04,$ 3358.76,100
3797,10:42:41,$ 3358.80,100
3798,10:42:36,$ 3357.9285,192
3799,10:42:32,$ 3358.75,100
3800,10:42:32,$ 3358.95,100
3801,10:42:32,$ 3357.96,100
3802,10:42:32,$ 3357.87,100
3803,10:42:30,$ 3356.235,100
3804,10:42:30,$ 3357.90,100
3805,10:42:30,$ 3357.90,100
3806,10:42:30,$ 3357.90,100
3807,10:42:30,$ 3357.90,100
3808,10:42:30,$ 3357.90,100
3809,10:42:30,$ 3356.50,364
3810,10:42:30,$ 3357.64,100
3811,10:42:30,$ 3357.13,100
3812,10:42:30,$ 3356.99,100
3814,10:42:30,$ 3356.49,100
3815,10:42:30,$ 3356.48,100
3816,10:42:30,$ 3356.12,100
3817,10:42:30,$ 3356.33,100
3818,10:42:30,$ 3356.11,100
3819,10:42:30,$ 3356.50,100
3820,10:42:30,$ 3356.49,100
3821,10:42:30,$ 3356.49,100
3822,10:42:30,$ 3356.33,340
3823,10:42:08,$ 3354.15,160
3824,10:41:53,$ 3355.00,100
3825,10:41:50,$ 3354.79,100
3826,10:41:45,$ 3353.375,100
3827,10:41:41,$ 3354.17,500
3828,10:41:40,$ 3354.03,100
3829,10:41:36,$ 3355.60,100
3830,10:41:36,$ 3355.60,100
3831,10:41:36,$ 3354.85,100
3832,10:41:35,$ 3354.85,500
3833,10:41:20,$ 3353.91,100
3835,10:41:19,$ 3354.6528,500
3836,10:41:18,$ 3353.47,100
3837,10:41:14,$ 3356.445,100
3838,10:41:09,$ 3355.985,100
3839,10:40:59,$ 3354.88,100
3840,10:40:39,$ 3355.975,100
3841,10:39:53,$ 3354.505,100
3842,10:39:45,$ 3353.45,100
3843,10:39:45,$ 3353.45,100
3844,10:39:26,$ 3353.2479,200
3845,10:39:26,$ 3352.33,100
3846,10:39:11,$ 3353.00,100
3847,10:39:04,$ 3352.48,100
3848,10:38:54,$ 3352.89,100
3849,10:38:54,$ 3352.50,100
3850,10:38:54,$ 3352.15,100
3851,10:38:53,$ 3351.415,100
3852,10:38:45,$ 3351.51,100
3853,10:38:44,$ 3350.66,100
3854,10:38:44,$ 3350.685,100
3856,10:38:44,$ 3350.66,100
3857,10:38:44,$ 3350.67,100
3858,10:38:40,$ 3352.915,100
3859,10:38:37,$ 3352.925,100
3860,10:38:37,$ 3352.96,100
3861,10:38:37,$ 3353.95,100
3862,10:38:36,$ 3354.05,100
3863,10:38:29,$ 3354.34,100
3864,10:38:29,$ 3354.06,100
3865,10:38:29,$ 3354.275,100
3866,10:38:29,$ 3354.445,100
3867,10:38:06,$ 3355.72,100
3868,10:38:06,$ 3354.66,100
3869,10:38:06,$ 3354.64,100
3870,10:38:06,$ 3354.65,100
3871,10:38:06,$ 3354.27,300
3872,10:38:06,$ 3354.29,100
3873,10:38:06,$ 3353.93,100
3874,10:38:06,$ 3353.78,100
3875,10:37:59,$ 3354.53,500
3877,10:37:52,$ 3355.10,100
3878,10:37:50,$ 3355.09,100
3879,10:37:49,$ 3355.70,107
3880,10:37:47,$ 3354.47,100
3881,10:37:45,$ 3355.17,100
3882,10:37:37,$ 3357.485,100
3883,10:37:34,$ 3357.08,100
3884,10:37:27,$ 3358.53,100
3885,10:37:25,$ 3358.58,108
3886,10:37:25,$ 3358.49,100
3887,10:37:25,$ 3358.55,100
3888,10:37:25,$ 3358.60,100
3889,10:37:25,$ 3358.405,100
3890,10:37:16,$ 3358.0748,100
3891,10:37:15,$ 3358.175,100
3892,10:37:15,$ 3358.71,100
3893,10:37:12,$ 3358.71,100
3894,10:37:12,$ 3358.715,100
3895,10:37:12,$ 3358.705,100
3896,10:37:12,$ 3358.69,100
